Time,Stock,Brd,Price,Qty,BT,BC,SC,ST
15:11:15,ICBP,RG,9075,3,D,CC,CC,D
15:10:20,ICBP,RG,9075,200,D,CC,PD,D
15:09:55,ICBP,RG,9075,1,D,CC,EP,D
15:09:26,ICBP,RG,9075,1,D,CC,PD,D
15:09:16,ICBP,RG,9075,1,D,CC,PD,D
15:09:01,ICBP,RG,9075,1,D,CC,XC,D
15:08:17,ICBP,RG,9075,10,D,CC,SQ,D
15:08:02,ICBP,RG,9075,9,D,CC,NI,D
15:07:47,ICBP,RG,9075,58,D,CC,YP,D
15:06:20,ICBP,RG,9075,4,D,CC,PD,D
15:05:01,ICBP,RG,9075,11,D,CC,YP,F
15:05:01,ICBP,RG,9075,2,D,CC,CC,D
15:05:01,ICBP,RG,9075,3,D,CC,XC,D
15:05:01,ICBP,RG,9075,2,D,CC,DH,D
15:05:00,ICBP,RG,9075,20,D,CC,DH,D
15:05:00,ICBP,RG,9075,10,D,CC,FS,D
15:05:00,ICBP,RG,9075,27,D,CC,FS,D
15:05:00,ICBP,RG,9075,50,D,CC,YP,D
15:05:00,ICBP,RG,9075,6,D,CC,YP,D
15:05:00,ICBP,RG,9075,5,D,CC,YP,D
15:05:00,ICBP,RG,9075,10,D,CC,XA,D
15:05:00,ICBP,RG,9075,332,D,CC,YP,D
15:05:00,ICBP,RG,9075,3,D,CC,GR,D
15:05:00,ICBP,RG,9075,5,D,CC,XC,D
15:05:00,ICBP,RG,9075,100,D,CC,CC,D
15:05:00,ICBP,RG,9075,1,D,CC,PD,D
15:05:00,ICBP,RG,9075,1,D,CC,NI,D
15:05:00,ICBP,RG,9075,10,D,CC,GR,D
15:05:00,ICBP,RG,9075,10,D,CC,YP,F
15:05:00,ICBP,RG,9075,10,D,CC,YP,D
15:05:00,ICBP,RG,9075,3,D,CC,YU,D
15:00:00,ICBP,RG,9075,14,D,KK,YU,D
15:00:00,ICBP,RG,9075,1,D,KK,OD,F
15:00:00,ICBP,RG,9075,1,D,KK,PD,D
15:00:00,ICBP,RG,9075,9,D,KK,KK,D
15:00:00,ICBP,RG,9075,4,D,CC,KK,D
15:00:00,ICBP,RG,9075,1,D,XC,KK,D
15:00:00,ICBP,RG,9075,9,F,CS,KK,D
15:00:00,ICBP,RG,9075,2,F,CS,GR,D
15:00:00,ICBP,RG,9075,5,F,CS,CC,D
15:00:00,ICBP,RG,9075,5,F,CS,CC,D
15:00:00,ICBP,RG,9075,4,F,CS,AT,D
15:00:00,ICBP,RG,9075,5,F,CS,PD,D
15:00:00,ICBP,RG,9075,3,F,CS,YP,D
15:00:00,ICBP,RG,9075,6,F,CS,YU,D
15:00:00,ICBP,RG,9075,4,F,CS,CC,D
15:00:00,ICBP,RG,9075,11,F,CS,ZP,F
15:00:00,ICBP,RG,9075,83,F,CS,BK,F
15:00:00,ICBP,RG,9075,427,F,CS,BK,F
15:00:00,ICBP,RG,9075,3,F,CS,BK,F
15:00:00,ICBP,RG,9075,25,D,DX,BK,F
15:00:00,ICBP,RG,9075,3,D,YP,BK,F
15:00:00,ICBP,RG,9075,3,D,CC,BK,F
15:00:00,ICBP,RG,9075,5,D,XC,BK,F
15:00:00,ICBP,RG,9075,2,D,OD,BK,F
15:00:00,ICBP,RG,9075,1,D,YP,BK,F
15:00:00,ICBP,RG,9075,10,D,XC,BK,F
15:00:00,ICBP,RG,9075,1,D,PD,BK,F
15:00:00,ICBP,RG,9075,1,D,XC,BK,F
15:00:00,ICBP,RG,9075,10,D,KK,BK,F
15:00:00,ICBP,RG,9075,5,D,YP,BK,F
15:00:00,ICBP,RG,9075,1,D,CC,BK,F
15:00:00,ICBP,RG,9075,2,D,YP,BK,F
15:00:00,ICBP,RG,9075,1,D,XC,BK,F
15:00:00,ICBP,RG,9075,10,D,GR,BK,F
15:00:00,ICBP,RG,9075,4,D,EP,BK,F
15:00:00,ICBP,RG,9075,2,D,XC,BK,F
15:00:00,ICBP,RG,9075,1,D,YP,BK,F
15:00:00,ICBP,RG,9075,6,D,YP,BK,F
15:00:00,ICBP,RG,9075,5,D,KK,BK,F
15:00:00,ICBP,RG,9075,2,D,NI,BK,F
15:00:00,ICBP,RG,9075,20,D,KK,BK,F
15:00:00,ICBP,RG,9075,274,F,CS,BK,F
15:00:00,ICBP,RG,9075,429,F,CS,BK,F
15:00:00,ICBP,RG,9075,194,F,CS,BK,F
15:00:00,ICBP,RG,9075,235,F,CS,BK,F
15:00:00,ICBP,RG,9075,6,D,DH,BK,F
15:00:00,ICBP,RG,9075,17,D,XC,BK,F
15:00:00,ICBP,RG,9075,7,D,PD,BK,F
15:00:00,ICBP,RG,9075,30,D,KI,BK,F
15:00:00,ICBP,RG,9075,8,D,YP,BK,F
15:00:00,ICBP,RG,9075,5,D,KK,BK,F
15:00:00,ICBP,RG,9075,1,D,PD,BK,F
15:00:00,ICBP,RG,9075,1,D,XC,BK,F
15:00:00,ICBP,RG,9075,2,D,MG,BK,F
15:00:00,ICBP,RG,9075,2,D,YP,BK,F
15:00:00,ICBP,RG,9075,3,D,YP,BK,F
15:00:00,ICBP,RG,9075,27,D,YP,BK,F
15:00:00,ICBP,RG,9075,3,D,YP,BK,F
15:00:00,ICBP,RG,9075,2,D,XC,BK,F
15:00:00,ICBP,RG,9075,1,D,XC,BK,F
15:00:00,ICBP,RG,9075,5,D,YP,BK,F
15:00:00,ICBP,RG,9075,2,D,TP,BK,F
15:00:00,ICBP,RG,9075,56,D,YP,BK,F
15:00:00,ICBP,RG,9075,1,D,XC,BK,F
15:00:00,ICBP,RG,9075,2,D,PD,BK,F
15:00:00,ICBP,RG,9075,20,D,PD,BK,F
15:00:00,ICBP,RG,9075,11,D,CC,BK,F
15:00:00,ICBP,RG,9075,2,D,XA,BK,F
15:00:00,ICBP,RG,9075,6,D,PD,BK,F
15:00:00,ICBP,RG,9075,40,D,ZP,BK,F
15:00:00,ICBP,RG,9075,2,D,YP,BK,F
15:00:00,ICBP,RG,9075,57,F,YU,CS,F
15:00:00,ICBP,RG,9075,456,F,YU,AK,F
15:00:00,ICBP,RG,9075,18,F,YU,YU,F
15:00:00,ICBP,RG,9075,30,F,YU,RX,F
15:00:00,ICBP,RG,9075,209,F,YU,RX,F
15:00:00,ICBP,RG,9075,282,F,YU,RX,F
15:00:00,ICBP,RG,9075,164,F,YU,RX,F
15:00:00,ICBP,RG,9075,225,F,YU,RX,F
15:00:00,ICBP,RG,9075,950,F,ZP,RX,F
15:00:00,ICBP,RG,9075,3,F,ZP,RX,F
15:00:00,ICBP,RG,9075,2,F,ZP,RX,F
15:00:00,ICBP,RG,9075,1,F,ZP,RX,F
15:00:00,ICBP,RG,9075,85,D,KZ,RX,F
15:00:00,ICBP,RG,9075,78,D,CC,RX,F
15:00:00,ICBP,RG,9075,65,F,YU,RX,F
15:00:00,ICBP,RG,9075,49,D,OD,RX,F
15:00:00,ICBP,RG,9075,9,D,OD,RX,F
15:00:00,ICBP,RG,9075,13,D,LG,RX,F
15:00:00,ICBP,RG,9075,3,F,ZP,RX,F
15:00:00,ICBP,RG,9075,20,F,ZP,PD,D
14:49:52,ICBP,RG,9075,4,D,KK,RX,F
14:49:51,ICBP,RG,9075,1,D,KK,ZP,F
14:49:46,ICBP,RG,9100,1,F,DX,FS,D
14:49:46,ICBP,RG,9100,1,F,DX,FS,D
14:49:46,ICBP,RG,9100,10,F,DX,FS,D
14:49:38,ICBP,RG,9075,1,F,DX,PD,D
14:49:33,ICBP,RG,9075,1,F,DX,ZP,F
14:49:32,ICBP,RG,9100,9,F,YU,FS,D
14:49:31,ICBP,RG,9100,1,D,AT,FS,D
14:49:29,ICBP,RG,9100,1,F,ZP,FS,D
14:49:16,ICBP,RG,9075,4,F,DX,BB,D
14:49:16,ICBP,RG,9075,1,D,PD,BB,D
14:49:16,ICBP,RG,9075,5,F,YU,BB,D
14:49:14,ICBP,RG,9075,2,F,YU,YU,F
14:49:13,ICBP,RG,9100,2,D,YP,BB,D
14:49:12,ICBP,RG,9125,13,D,BB,ZP,D
14:49:10,ICBP,RG,9075,1,F,YU,YU,F
14:49:10,ICBP,RG,9100,3,D,BB,BB,D
14:49:10,ICBP,RG,9100,10,D,BB,ES,D
14:49:06,ICBP,RG,9100,24,D,BK,ES,D
14:49:06,ICBP,RG,9100,3,D,BB,ES,D
14:49:06,ICBP,RG,9100,13,F,DX,ES,D
14:49:04,ICBP,RG,9100,1,F,DX,YP,D
14:49:03,ICBP,RG,9125,146,D,BK,ZP,D
14:49:03,ICBP,RG,9125,1,D,BK,PD,D
14:49:03,ICBP,RG,9125,2,D,BK,PD,D
14:49:03,ICBP,RG,9125,2,D,BK,YP,D
14:49:03,ICBP,RG,9125,20,D,BK,YP,D
14:49:03,ICBP,RG,9125,1,D,BK,XC,D
14:49:03,ICBP,RG,9125,1,D,BK,TP,D
14:49:03,ICBP,RG,9125,1,D,BK,PD,D
14:49:03,ICBP,RG,9125,8,D,BK,YP,D
14:49:02,ICBP,RG,9125,2,D,BB,YP,D
14:49:02,ICBP,RG,9125,1,D,BB,NI,D
14:49:00,ICBP,RG,9100,1,D,BK,YP,D
14:49:00,ICBP,RG,9100,1,D,BK,ZP,F
14:49:00,ICBP,RG,9100,1,D,BK,PD,D
14:49:00,ICBP,RG,9100,3,D,BK,BB,D
14:49:00,ICBP,RG,9100,1,D,BK,YU,F
14:49:00,ICBP,RG,9100,1,D,BK,CC,D
14:49:00,ICBP,RG,9100,47,D,BK,KI,D
14:48:57,ICBP,RG,9100,3,D,XC,KI,D
14:48:55,ICBP,RG,9100,9,D,BK,KI,D
14:48:53,ICBP,RG,9100,1,D,BB,KI,D
14:48:52,ICBP,RG,9100,10,D,BK,KI,D
14:48:47,ICBP,RG,9075,2,D,BK,BB,D
14:48:42,ICBP,RG,9100,2,D,YP,KI,D
14:48:40,ICBP,RG,9075,36,D,BK,CC,D
14:48:40,ICBP,RG,9075,3,D,BB,CC,D
14:48:40,ICBP,RG,9075,11,D,DR,CC,D
14:48:39,ICBP,RG,9100,3,D,BB,KI,D
14:48:39,ICBP,RG,9100,14,D,BK,KI,D
14:48:38,ICBP,RG,9100,1,D,AZ,KI,D
14:48:37,ICBP,RG,9075,1,D,DR,SQ,D
14:48:35,ICBP,RG,9100,8,D,BK,KI,D
14:48:33,ICBP,RG,9100,1,D,BB,KI,D
14:48:33,ICBP,RG,9100,11,D,BK,KI,D
14:48:32,ICBP,RG,9100,1,D,DH,KI,D
14:48:30,ICBP,RG,9100,34,F,YU,KI,D
14:48:30,ICBP,RG,9100,21,D,BK,KI,D
14:48:25,ICBP,RG,9100,3,D,BB,KI,D
14:48:24,ICBP,RG,9100,20,D,BK,KI,D
14:48:19,ICBP,RG,9100,11,D,BK,KI,D
14:48:19,ICBP,RG,9100,1,D,BK,XC,D
14:48:19,ICBP,RG,9100,1,D,BK,AI,D
14:48:07,ICBP,RG,9075,2,D,DR,ZP,F
14:48:07,ICBP,RG,9075,2,D,DR,YU,F
14:48:07,ICBP,RG,9075,1,D,DR,BB,D
14:48:07,ICBP,RG,9075,11,D,DR,RX,F
14:48:05,ICBP,RG,9050,105,F,AK,DR,D
14:48:05,ICBP,RG,9050,10,D,BB,DR,D
14:48:05,ICBP,RG,9050,16,D,BK,DR,D
14:48:05,ICBP,RG,9050,100,D,YP,DR,D
14:48:05,ICBP,RG,9050,3,D,MG,DR,D
14:48:05,ICBP,RG,9050,11,D,DH,DR,D
14:48:05,ICBP,RG,9050,200,D,GR,DR,D
14:48:05,ICBP,RG,9050,5,D,CC,DR,D
14:48:05,ICBP,RG,9050,50,D,CC,DR,D
14:48:05,ICBP,RG,9075,12,D,YP,RX,F
14:48:04,ICBP,RG,9075,200,D,BK,RX,F
14:48:01,ICBP,RG,9075,1,F,ZP,RX,F
14:47:51,ICBP,RG,9075,6,D,XC,RX,F
14:47:46,ICBP,RG,9075,4,D,BB,RX,F
14:47:45,ICBP,RG,9075,6,D,BK,RX,F
14:47:45,ICBP,RG,9075,1,D,BK,ZP,F
14:47:45,ICBP,RG,9075,1,D,BK,YU,F
14:47:13,ICBP,RG,9050,10,D,SQ,YP,D
14:47:13,ICBP,RG,9050,2,D,BB,YP,D
14:47:13,ICBP,RG,9050,10,D,YP,YP,D
14:47:13,ICBP,RG,9050,8,D,BK,YP,D
14:46:55,ICBP,RG,9050,2,D,BB,DP,D
14:46:51,ICBP,RG,9050,1,D,BB,DP,D
14:46:47,ICBP,RG,9050,5,D,BB,DP,D
14:46:47,ICBP,RG,9050,10,D,DH,DP,D
14:46:45,ICBP,RG,9050,20,F,AK,DR,D
14:46:45,ICBP,RG,9050,1,D,GR,DR,D
14:46:45,ICBP,RG,9050,19,F,DX,DR,D
14:46:45,ICBP,RG,9050,1,D,CC,DR,D
14:46:45,ICBP,RG,9050,22,F,YU,DR,D
14:46:45,ICBP,RG,9050,71,F,YU,DR,D
14:46:44,ICBP,RG,9050,24,F,YU,DR,D
14:46:42,ICBP,RG,9075,18,F,DX,DR,D
14:46:42,ICBP,RG,9075,36,F,YU,DR,D
14:46:42,ICBP,RG,9075,10,F,YU,DP,D
14:46:41,ICBP,RG,9075,3,D,BK,DP,D
14:46:41,ICBP,RG,9075,2,D,EP,DP,D
14:46:31,ICBP,RG,9050,2,F,YU,DR,D
14:46:31,ICBP,RG,9050,123,D,FS,DR,D
14:46:31,ICBP,RG,9075,12,D,BK,DR,D
14:46:30,ICBP,RG,9075,12,D,DR,DR,D
14:46:30,ICBP,RG,9075,6,D,BB,DR,D
14:46:30,ICBP,RG,9075,10,D,BB,DR,D
14:46:30,ICBP,RG,9075,5,D,HP,DR,D
14:46:30,ICBP,RG,9075,5,D,YP,DR,D
14:46:30,ICBP,RG,9075,1,D,EP,DR,D
14:46:30,ICBP,RG,9075,1,D,IF,DR,D
14:46:30,ICBP,RG,9075,24,D,BK,DR,D
14:46:30,ICBP,RG,9075,7,F,YU,DR,D
14:46:20,ICBP,RG,9100,2,F,ZP,DR,D
14:46:19,ICBP,RG,9100,2,D,BB,DR,D
14:46:18,ICBP,RG,9075,5,F,YU,MK,D
14:46:12,ICBP,RG,9100,1,D,CC,DR,D
14:46:09,ICBP,RG,9100,386,D,BK,DR,D
14:46:09,ICBP,RG,9100,2,D,BK,YU,F
14:46:09,ICBP,RG,9100,9,D,BK,XC,D
14:46:09,ICBP,RG,9100,4,D,BK,BB,D
14:46:09,ICBP,RG,9100,1,D,BK,DX,D
14:46:09,ICBP,RG,9100,5,D,BK,XL,D
14:46:09,ICBP,RG,9100,5,D,BK,PD,D
14:46:09,ICBP,RG,9100,1,D,BK,PD,D
14:46:09,ICBP,RG,9100,25,D,BK,CC,D
14:46:09,ICBP,RG,9100,5,D,BK,DR,D
14:46:09,ICBP,RG,9100,5,D,BK,AZ,D
14:46:09,ICBP,RG,9100,1,D,BK,CC,D
14:46:09,ICBP,RG,9100,1,D,BK,AI,D
14:46:09,ICBP,RG,9100,1,D,BK,CC,D
14:46:09,ICBP,RG,9100,2,D,BK,PD,D
14:46:09,ICBP,RG,9100,31,D,BK,OD,D
14:46:09,ICBP,RG,9100,16,D,BK,CC,D
14:46:09,ICBP,RG,9100,3,D,BB,CC,D
14:46:00,ICBP,RG,9075,1,F,YU,DP,D
14:45:58,ICBP,RG,9100,4,D,BB,CC,D
14:45:56,ICBP,RG,9075,8,F,YU,YP,D
14:45:55,ICBP,RG,9075,16,F,YU,DR,D
14:45:53,ICBP,RG,9075,6,F,YU,DP,D
14:45:50,ICBP,RG,9075,7,F,YU,DR,D
14:45:50,ICBP,RG,9075,14,F,YU,DR,D
14:45:50,ICBP,RG,9100,22,F,BK,CC,D
14:45:50,ICBP,RG,9100,20,F,BK,OD,D
14:45:50,ICBP,RG,9100,1,F,BK,TP,D
14:45:50,ICBP,RG,9100,50,F,BK,DH,D
14:45:50,ICBP,RG,9100,2,F,BK,YP,D
14:45:47,ICBP,RG,9075,1,F,BK,YU,F
14:45:47,ICBP,RG,9075,5,F,BK,MK,D
14:45:47,ICBP,RG,9075,12,F,BK,PD,D
14:45:47,ICBP,RG,9075,1,F,BK,PD,D
14:45:47,ICBP,RG,9075,1,F,BK,CC,D
14:45:47,ICBP,RG,9075,5,F,BK,MK,D
14:45:47,ICBP,RG,9050,6,D,FS,DP,D
14:45:45,ICBP,RG,9050,21,D,FS,DH,D
14:45:43,ICBP,RG,9050,63,F,BK,DR,D
14:45:43,ICBP,RG,9050,2,F,BK,ZP,F
14:45:43,ICBP,RG,9050,123,F,BK,RX,F
14:45:42,ICBP,RG,9050,24,F,YU,RX,F
14:45:42,ICBP,RG,9050,73,F,YU,RX,F
14:45:42,ICBP,RG,9050,127,F,BK,RX,F
14:45:42,ICBP,RG,9050,10,F,BK,XC,D
14:45:42,ICBP,RG,9050,20,F,BK,PD,D
14:45:42,ICBP,RG,9050,83,F,BK,RX,F
14:45:42,ICBP,RG,9050,97,F,YU,RX,F
14:45:42,ICBP,RG,9050,97,F,YU,RX,F
14:45:42,ICBP,RG,9050,97,F,YU,RX,F
14:45:41,ICBP,RG,9050,97,F,YU,RX,F
14:45:41,ICBP,RG,9050,97,F,YU,RX,F
14:45:41,ICBP,RG,9050,97,F,YU,RX,F
14:45:41,ICBP,RG,9050,11,F,YU,RX,F
14:45:41,ICBP,RG,9050,86,F,YU,RX,F
14:45:41,ICBP,RG,9025,38,D,GR,RX,F
14:45:41,ICBP,RG,9050,33,F,YU,RX,F
14:45:41,ICBP,RG,9050,1,F,YU,YP,D
14:45:41,ICBP,RG,9050,63,F,YU,CS,F
14:45:41,ICBP,RG,9050,83,F,YU,CS,F
14:45:41,ICBP,RG,9050,3,F,YU,CS,F
14:45:41,ICBP,RG,9050,1,F,YU,CS,F
14:45:41,ICBP,RG,9050,1,F,YU,CS,F
14:45:41,ICBP,RG,9050,5,F,YU,AZ,D
14:45:41,ICBP,RG,9050,4,F,YU,CS,F
14:45:41,ICBP,RG,9050,2,F,YU,CS,F
14:45:41,ICBP,RG,9050,2,F,YU,CS,F
14:45:41,ICBP,RG,9050,1,F,YU,BB,D
14:45:41,ICBP,RG,9050,1,F,YU,YU,F
14:45:41,ICBP,RG,9050,91,F,YU,DR,D
14:45:41,ICBP,RG,9050,97,F,YU,DR,D
14:45:37,ICBP,RG,9025,10,D,PD,RX,F
14:45:37,ICBP,RG,9025,2,D,PD,RX,F
14:45:36,ICBP,RG,9025,3,D,PD,DH,D
14:45:36,ICBP,RG,9025,2,D,PD,DH,D
14:45:36,ICBP,RG,9025,1,D,YP,DH,D
14:45:36,ICBP,RG,9025,1,D,PD,DH,D
14:45:36,ICBP,RG,9025,12,D,KK,DH,D
14:45:36,ICBP,RG,9025,1,D,PD,DH,D
14:45:36,ICBP,RG,9025,1,D,CC,DH,D
14:45:36,ICBP,RG,9025,11,D,CC,RX,F
14:45:31,ICBP,RG,9025,7,D,CC,RX,F
14:45:31,ICBP,RG,9025,1,D,XL,RX,F
14:45:31,ICBP,RG,9025,2,D,AT,RX,F
14:45:31,ICBP,RG,9025,1,D,PD,RX,F
14:45:31,ICBP,RG,9025,1,D,TP,RX,F
14:45:31,ICBP,RG,9025,2,D,PD,RX,F
14:45:31,ICBP,RG,9025,1,D,PD,RX,F
14:45:31,ICBP,RG,9025,4,D,DR,RX,F
14:45:31,ICBP,RG,9025,20,D,CC,RX,F
14:45:31,ICBP,RG,9025,2,D,YP,RX,F
14:45:29,ICBP,RG,9025,10,D,PD,RX,F
14:45:22,ICBP,RG,9025,1,D,PD,YP,D
14:45:22,ICBP,RG,9025,1,D,XC,YP,D
14:45:22,ICBP,RG,9025,4,D,PD,YP,D
14:45:22,ICBP,RG,9025,4,D,PD,YP,D
14:45:21,ICBP,RG,9025,5,D,PD,RX,F
14:45:21,ICBP,RG,9025,8,D,TP,RX,F
14:45:20,ICBP,RG,9025,2,D,TP,RX,F
14:45:20,ICBP,RG,9025,2,D,ZP,RX,F
14:45:20,ICBP,RG,9025,1,D,YP,RX,F
14:45:20,ICBP,RG,9025,10,D,HP,RX,F
14:45:20,ICBP,RG,9025,27,D,YU,RX,F
14:45:19,ICBP,RG,9025,69,D,YU,DR,D
14:45:16,ICBP,RG,9050,10,D,YP,DR,D
14:45:16,ICBP,RG,9025,11,D,YU,RX,F
14:45:15,ICBP,RG,9050,10,D,NI,DR,D
14:45:11,ICBP,RG,9050,3,D,GR,DR,D
14:45:09,ICBP,RG,9025,30,D,YU,RX,F
14:45:08,ICBP,RG,9050,1,D,PD,DR,D
14:45:05,ICBP,RG,9050,5,D,CC,DR,D
14:45:02,ICBP,RG,9050,200,D,GR,DR,D
14:45:02,ICBP,RG,9025,10,D,YU,RX,F
14:45:01,ICBP,RG,9025,3,D,YU,RX,F
14:45:01,ICBP,RG,9025,6,D,YP,RX,F
14:45:01,ICBP,RG,9025,1,D,YP,RX,F
14:45:01,ICBP,RG,9025,23,D,PD,RX,F
14:45:00,ICBP,RG,9050,7,F,BK,CS,F
14:45:00,ICBP,RG,9025,77,D,PD,DR,D
14:45:00,ICBP,RG,9025,5,D,CC,DR,D
14:45:00,ICBP,RG,9025,1,D,PD,DR,D
14:45:00,ICBP,RG,9025,2,D,YP,DR,D
14:45:00,ICBP,RG,9025,1,D,YP,DR,D
14:45:00,ICBP,RG,9025,15,D,KK,DR,D
14:45:00,ICBP,RG,9025,4,D,PD,DR,D
14:45:00,ICBP,RG,9025,4,D,PD,DR,D
14:45:00,ICBP,RG,9025,5,D,AT,DR,D
14:45:00,ICBP,RG,9025,1,D,CC,DR,D
14:45:00,ICBP,RG,9025,2,D,XC,DR,D
14:45:00,ICBP,RG,9025,5,D,DR,DR,D
14:45:00,ICBP,RG,9025,5,D,CC,DR,D
14:45:00,ICBP,RG,9025,5,D,YP,DR,D
14:45:00,ICBP,RG,9025,25,D,SQ,DR,D
14:45:00,ICBP,RG,9025,1,D,XC,DR,D
14:45:00,ICBP,RG,9025,27,D,YP,DR,D
14:45:00,ICBP,RG,9025,1,D,SQ,DR,D
14:45:00,ICBP,RG,9025,2,D,XC,DR,D
14:45:00,ICBP,RG,9050,10,D,BB,DR,D
14:45:00,ICBP,RG,9050,1,D,SQ,DR,D
14:45:00,ICBP,RG,9050,3,D,BB,DR,D
14:45:00,ICBP,RG,9050,1,D,EP,DR,D
14:45:00,ICBP,RG,9050,50,D,CC,DR,D
14:45:00,ICBP,RG,9050,20,D,KK,DR,D
14:45:00,ICBP,RG,9050,17,F,DX,DR,D
14:45:00,ICBP,RG,9050,22,D,NI,DR,D
14:45:00,ICBP,RG,9050,27,F,BK,DR,D
14:45:00,ICBP,RG,9050,2,D,CC,DR,D
14:44:55,ICBP,RG,9050,2,D,CC,DP,D
14:44:54,ICBP,RG,9075,10,D,KK,RX,F
14:44:54,ICBP,RG,9075,7,D,KK,BB,D
14:44:54,ICBP,RG,9075,1,D,KK,YP,D
14:44:54,ICBP,RG,9075,9,D,KK,CS,F
14:44:54,ICBP,RG,9075,1,D,KK,CS,F
14:44:54,ICBP,RG,9075,3,D,KK,CS,F
14:44:54,ICBP,RG,9075,1,D,KK,CS,F
14:44:54,ICBP,RG,9075,1,D,KK,ZP,F
14:44:54,ICBP,RG,9075,10,D,KK,DR,D
14:44:51,ICBP,RG,9050,8,D,CC,RX,F
14:44:46,ICBP,RG,9050,31,D,CC,RX,F
14:44:45,ICBP,RG,9050,7,D,CC,DP,D
14:44:45,ICBP,RG,9050,140,D,YP,DP,D
14:44:45,ICBP,RG,9050,1,D,YP,ZP,F
14:44:37,ICBP,RG,9050,3,D,YP,RX,F
14:44:37,ICBP,RG,9050,1,D,YP,PD,D
14:44:37,ICBP,RG,9050,5,D,YP,PD,D
14:44:37,ICBP,RG,9050,5,D,BK,PD,D
14:44:36,ICBP,RG,9050,21,D,BK,BQ,D
14:44:36,ICBP,RG,9050,96,F,BK,BQ,D
14:44:36,ICBP,RG,9050,3,D,CC,BQ,D
14:44:36,ICBP,RG,9050,1,D,XC,BQ,D
14:44:36,ICBP,RG,9050,5,D,XL,BQ,D
14:44:36,ICBP,RG,9050,18,F,YU,BQ,D
14:44:36,ICBP,RG,9050,6,F,YU,BQ,D
14:44:35,ICBP,RG,9050,8,F,YU,RX,F
14:44:34,ICBP,RG,9075,24,F,BK,DR,D
14:44:33,ICBP,RG,9050,46,F,YU,GR,D
14:44:33,ICBP,RG,9050,14,D,CC,GR,D
14:44:33,ICBP,RG,9075,1,D,CC,DR,D
14:44:33,ICBP,RG,9075,33,D,CC,DR,D
14:44:32,ICBP,RG,9050,31,D,CC,DP,D
14:44:32,ICBP,RG,9075,1,D,CC,DR,D
14:44:32,ICBP,RG,9075,39,D,CC,DR,D
14:44:31,ICBP,RG,9075,1,D,CC,DR,D
14:44:31,ICBP,RG,9050,10,D,CC,RX,F
14:44:31,ICBP,RG,9050,1,D,PD,RX,F
14:44:31,ICBP,RG,9050,13,D,BB,RX,F
14:44:31,ICBP,RG,9050,5,F,DX,RX,F
14:44:30,ICBP,RG,9050,4,F,DX,DP,D
14:44:30,ICBP,RG,9050,4,D,CC,DP,D
14:44:30,ICBP,RG,9050,2,D,NI,DP,D
14:44:30,ICBP,RG,9050,5,D,YP,DP,D
14:44:30,ICBP,RG,9050,102,D,CC,DP,D
14:44:30,ICBP,RG,9075,22,D,BB,DR,D
14:44:23,ICBP,RG,9050,2,D,CC,RX,F
14:44:21,ICBP,RG,9050,6,D,CC,RX,F
14:44:18,ICBP,RG,9050,1,D,CC,PD,D
14:44:18,ICBP,RG,9050,1,D,CC,ZP,F
14:44:16,ICBP,RG,9050,27,D,CC,RX,F
14:44:11,ICBP,RG,9050,1,D,CC,BQ,D
14:44:08,ICBP,RG,9050,10,D,CC,RX,F
14:44:04,ICBP,RG,9050,33,D,CC,RX,F
14:44:02,ICBP,RG,9075,1,F,ZP,DR,D
14:44:01,ICBP,RG,9050,21,D,CC,PD,D
14:43:57,ICBP,RG,9050,8,D,CC,RX,F
14:43:52,ICBP,RG,9050,1,D,CC,ZP,F
14:43:51,ICBP,RG,9050,187,D,CC,DR,D
14:43:51,ICBP,RG,9050,8,D,OD,DR,D
14:43:51,ICBP,RG,9050,25,D,YP,DR,D
14:43:51,ICBP,RG,9050,1,D,XC,DR,D
14:43:51,ICBP,RG,9050,5,D,CC,DR,D
14:43:51,ICBP,RG,9050,20,D,CC,DR,D
14:43:48,ICBP,RG,9050,1,D,KK,RX,F
14:43:48,ICBP,RG,9050,20,D,NI,RX,F
14:43:48,ICBP,RG,9050,4,D,YP,RX,F
14:43:47,ICBP,RG,9075,2,F,BK,DR,D
14:43:46,ICBP,RG,9050,6,D,YP,RX,F
14:43:46,ICBP,RG,9050,1,D,YP,RX,F
14:43:46,ICBP,RG,9050,1,D,YP,RX,F
14:43:46,ICBP,RG,9050,2,D,YP,RX,F
14:43:43,ICBP,RG,9050,3,D,YP,DP,D
14:43:43,ICBP,RG,9050,1,D,XC,DP,D
14:43:43,ICBP,RG,9050,7,D,PD,DP,D
14:43:42,ICBP,RG,9075,9,F,BK,DR,D
14:43:41,ICBP,RG,9075,15,D,HP,DR,D
14:43:39,ICBP,RG,9075,37,F,BK,DR,D
14:43:38,ICBP,RG,9050,12,D,PD,RX,F
14:43:38,ICBP,RG,9050,1,D,EP,RX,F
14:43:38,ICBP,RG,9050,5,D,PD,RX,F
14:43:38,ICBP,RG,9050,5,D,AZ,RX,F
14:43:35,ICBP,RG,9075,27,D,PD,DR,D
14:43:35,ICBP,RG,9075,120,D,PD,DP,D
14:43:35,ICBP,RG,9075,5,D,PD,CS,F
14:43:35,ICBP,RG,9075,9,D,PD,YU,F
14:43:35,ICBP,RG,9075,59,D,PD,BB,D
14:43:32,ICBP,RG,9075,9,F,BK,BB,D
14:43:29,ICBP,RG,9050,45,D,AZ,DP,D
14:43:29,ICBP,RG,9050,70,D,AZ,DP,D
14:43:29,ICBP,RG,9050,1,D,NI,DP,D
14:43:29,ICBP,RG,9050,5,D,PD,DP,D
14:43:29,ICBP,RG,9050,5,D,PD,RX,F
14:43:29,ICBP,RG,9050,1,D,XC,RX,F
14:43:29,ICBP,RG,9050,3,D,PD,RX,F
14:43:27,ICBP,RG,9050,30,D,PD,RX,F
14:43:25,ICBP,RG,9050,77,D,PD,DR,D
14:43:25,ICBP,RG,9050,5,D,KK,DR,D
14:43:25,ICBP,RG,9050,1,D,CC,DR,D
14:43:25,ICBP,RG,9050,10,D,LS,DR,D
14:43:25,ICBP,RG,9050,56,D,XC,DR,D
14:43:25,ICBP,RG,9050,10,D,CC,DR,D
14:43:25,ICBP,RG,9050,15,D,YP,DR,D
14:43:25,ICBP,RG,9050,4,D,PD,DR,D
14:43:25,ICBP,RG,9050,1,D,KK,DR,D
14:43:25,ICBP,RG,9050,5,D,KK,DR,D
14:43:25,ICBP,RG,9050,2,D,YP,DR,D
14:43:25,ICBP,RG,9050,1,D,YU,DR,D
14:43:25,ICBP,RG,9050,19,D,CC,DR,D
14:43:24,ICBP,RG,9075,6,D,BB,DR,D
14:43:24,ICBP,RG,9075,36,D,NI,DR,D
14:43:24,ICBP,RG,9075,6,D,YP,DR,D
14:43:24,ICBP,RG,9075,36,D,YB,DR,D
14:43:24,ICBP,RG,9075,1,D,XC,DR,D
14:43:24,ICBP,RG,9075,1,D,PD,DR,D
14:43:24,ICBP,RG,9075,10,F,BK,DR,D
14:43:20,ICBP,RG,9075,2,F,BK,CS,F
14:43:20,ICBP,RG,9075,13,F,BK,RX,F
14:43:19,ICBP,RG,9075,6,F,BK,NI,D
14:43:13,ICBP,RG,9075,29,F,BK,RX,F
14:43:11,ICBP,RG,9075,4,F,BK,CC,D
14:43:08,ICBP,RG,9075,12,F,BK,PD,D
14:43:08,ICBP,RG,9075,5,D,SQ,PD,D
14:43:08,ICBP,RG,9075,23,F,YU,PD,D
14:43:00,ICBP,RG,9075,8,F,YU,RX,F
14:42:59,ICBP,RG,9075,16,F,YU,RX,F
14:42:59,ICBP,RG,9075,1,D,PD,RX,F
14:42:59,ICBP,RG,9075,12,D,AO,RX,F
14:42:59,ICBP,RG,9075,4,F,DX,RX,F
14:42:56,ICBP,RG,9100,2,D,BB,DR,D
14:42:50,ICBP,RG,9075,3,F,DX,CS,F
14:42:50,ICBP,RG,9075,1,F,DX,CS,F
14:42:49,ICBP,RG,9075,15,F,DX,DP,D
14:42:49,ICBP,RG,9075,1,D,DR,DP,D
14:42:49,ICBP,RG,9075,37,F,BK,DP,D
14:42:49,ICBP,RG,9075,1,F,ZP,DP,D
14:42:49,ICBP,RG,9075,9,D,BB,DP,D
14:42:49,ICBP,RG,9075,17,F,YU,DP,D
14:42:49,ICBP,RG,9075,5,D,CC,DP,D
14:42:49,ICBP,RG,9075,11,D,CC,RX,F
14:42:49,ICBP,RG,9075,9,D,CC,YU,F
14:42:44,ICBP,RG,9100,2,D,HP,DR,D
14:42:43,ICBP,RG,9075,25,D,CC,RX,F
14:42:40,ICBP,RG,9100,8,F,BK,DR,D
14:42:38,ICBP,RG,9075,49,D,CC,DR,D
14:42:38,ICBP,RG,9075,20,D,CC,DR,D
14:42:38,ICBP,RG,9075,128,D,BK,DR,D
14:42:38,ICBP,RG,9075,36,D,BK,GR,D
14:42:38,ICBP,RG,9075,13,D,BK,GR,D
14:42:38,ICBP,RG,9075,26,D,CC,GR,D
14:42:37,ICBP,RG,9075,1,D,CC,SQ,D
14:42:37,ICBP,RG,9075,1,D,CC,ZP,F
14:42:33,ICBP,RG,9075,10,D,CC,RX,F
14:42:32,ICBP,RG,9100,8,F,BK,DR,D
14:42:31,ICBP,RG,9075,1,D,CC,RX,F
14:42:30,ICBP,RG,9075,78,D,CC,RX,F
14:42:28,ICBP,RG,9075,4,D,CC,RX,F
14:42:27,ICBP,RG,9100,8,F,BK,DR,D
14:42:24,ICBP,RG,9075,125,D,CC,DP,D
14:42:22,ICBP,RG,9075,10,D,CC,RX,F
14:42:22,ICBP,RG,9100,8,F,BK,DR,D
14:42:21,ICBP,RG,9100,12,D,BB,DR,D
14:42:20,ICBP,RG,9075,1,D,CC,RX,F
14:42:18,ICBP,RG,9100,10,F,BK,DR,D
14:42:18,ICBP,RG,9075,50,D,CC,BQ,D
14:42:17,ICBP,RG,9075,18,D,CC,DR,D
14:42:16,ICBP,RG,9075,1,D,CC,ZP,F
14:42:16,ICBP,RG,9075,135,D,CC,DR,D
14:42:16,ICBP,RG,9075,1,D,PD,DR,D
14:42:16,ICBP,RG,9075,3,D,EP,DR,D
14:42:16,ICBP,RG,9075,2,D,YP,DR,D
14:42:16,ICBP,RG,9075,5,D,AT,DR,D
14:42:16,ICBP,RG,9075,10,D,DR,DR,D
14:42:16,ICBP,RG,9075,2,D,PD,DR,D
14:42:16,ICBP,RG,9075,19,D,YP,DR,D
14:42:16,ICBP,RG,9075,1,D,NI,DR,D
14:42:16,ICBP,RG,9075,2,D,PD,DR,D
14:42:16,ICBP,RG,9075,1,D,XC,DR,D
14:42:16,ICBP,RG,9075,11,D,YP,DR,D
14:42:16,ICBP,RG,9075,1,D,XC,DR,D
14:42:16,ICBP,RG,9075,2,D,XL,DR,D
14:42:16,ICBP,RG,9075,37,D,SQ,DR,D
14:42:06,ICBP,RG,9100,5,F,BK,CS,F
14:42:06,ICBP,RG,9100,2,F,BK,CS,F
14:42:06,ICBP,RG,9100,1,F,BK,BB,D
14:42:01,ICBP,RG,9100,8,F,BK,BB,D
14:42:00,ICBP,RG,9100,24,D,CC,BB,D
14:42:00,ICBP,RG,9100,152,D,CC,DP,D
14:42:00,ICBP,RG,9100,88,D,CC,BQ,D
14:41:59,ICBP,RG,9075,2,D,SQ,DH,D
14:41:55,ICBP,RG,9075,13,D,SQ,RX,F
14:41:53,ICBP,RG,9075,13,D,SQ,RX,F
14:41:49,ICBP,RG,9075,25,D,SQ,RX,F
14:41:45,ICBP,RG,9100,11,D,BB,BQ,D
14:41:37,ICBP,RG,9075,10,D,SQ,RX,F
14:41:37,ICBP,RG,9075,1,D,YP,RX,F
14:41:37,ICBP,RG,9075,4,D,PD,RX,F
14:41:37,ICBP,RG,9075,2,D,OD,RX,F
14:41:37,ICBP,RG,9075,10,D,CC,RX,F
14:41:37,ICBP,RG,9075,1,F,DX,RX,F
14:41:24,ICBP,RG,9075,8,F,DX,RX,F
14:41:24,ICBP,RG,9075,23,D,YP,RX,F
14:41:23,ICBP,RG,9075,2,D,YP,RX,F
14:41:23,ICBP,RG,9075,9,D,CC,RX,F
14:41:11,ICBP,RG,9075,10,D,CC,RX,F
14:41:09,ICBP,RG,9075,32,D,CC,RX,F
14:41:05,ICBP,RG,9075,25,D,CC,DP,D
14:41:04,ICBP,RG,9075,172,D,CC,DR,D
14:41:03,ICBP,RG,9075,57,D,CC,DP,D
14:41:00,ICBP,RG,9100,1,D,YP,BQ,D
14:40:55,ICBP,RG,9075,11,D,CC,RX,F
14:40:53,ICBP,RG,9075,34,D,CC,RX,F
14:40:49,ICBP,RG,9075,5,D,CC,YP,D
14:40:49,ICBP,RG,9075,8,D,CC,CC,D
14:40:48,ICBP,RG,9075,137,D,CC,RX,F
14:40:48,ICBP,RG,9075,10,D,YP,RX,F
14:40:48,ICBP,RG,9100,2,F,ZP,RX,F
14:40:48,ICBP,RG,9100,10,D,BB,RX,F
14:40:48,ICBP,RG,9100,48,D,CC,RX,F
14:40:48,ICBP,RG,9100,11,F,YU,RX,F
14:40:47,ICBP,RG,9100,10,F,YU,PD,D
14:40:45,ICBP,RG,9100,17,F,YU,SQ,D
14:40:45,ICBP,RG,9100,3,D,PD,SQ,D
14:40:44,ICBP,RG,9100,1,D,PD,DH,D
14:40:41,ICBP,RG,9100,3,D,PD,CS,F
14:40:40,ICBP,RG,9100,8,D,PD,DR,D
14:40:40,ICBP,RG,9100,5,D,YP,DR,D
14:40:40,ICBP,RG,9100,11,D,XC,DR,D
14:40:40,ICBP,RG,9100,2,D,PD,DR,D
14:40:40,ICBP,RG,9100,1,F,ZP,DR,D
14:40:40,ICBP,RG,9100,60,D,LG,DR,D
14:40:40,ICBP,RG,9100,1,F,ZP,DR,D
14:40:40,ICBP,RG,9100,1,F,ZP,DR,D
14:40:40,ICBP,RG,9100,6,F,ZP,DR,D
14:40:40,ICBP,RG,9100,39,D,BK,DR,D
14:40:40,ICBP,RG,9100,1,F,ZP,DR,D
14:40:40,ICBP,RG,9100,1,F,ZP,DR,D
14:40:40,ICBP,RG,9100,22,F,DX,DR,D
14:40:40,ICBP,RG,9100,1,D,YP,DR,D
14:40:40,ICBP,RG,9100,2,D,EP,DR,D
14:40:40,ICBP,RG,9100,37,D,BK,DR,D
14:40:40,ICBP,RG,9100,8,D,BK,RX,F
14:40:39,ICBP,RG,9125,8,D,BB,DP,D
14:40:37,ICBP,RG,9100,31,D,BK,RX,F
14:40:32,ICBP,RG,9100,30,D,BK,CC,D
14:40:32,ICBP,RG,9100,2,D,BK,HP,D
14:40:31,ICBP,RG,9100,1,D,BK,ZP,F
14:40:29,ICBP,RG,9100,56,D,BK,DP,D
14:40:29,ICBP,RG,9100,19,F,YU,DP,D
14:40:29,ICBP,RG,9100,41,F,YU,DP,D
14:40:29,ICBP,RG,9100,10,D,BK,DP,D
14:40:29,ICBP,RG,9100,2,D,BB,DP,D
14:40:29,ICBP,RG,9100,41,D,CC,DP,D
14:40:27,ICBP,RG,9100,10,D,CC,RX,F
14:40:27,ICBP,RG,9125,3,D,CC,DP,D
14:40:22,ICBP,RG,9100,28,D,CC,RX,F
14:40:19,ICBP,RG,9100,1,D,CC,TP,D
14:40:18,ICBP,RG,9100,1,D,CC,YP,D
14:40:18,ICBP,RG,9100,2,D,PD,YP,D
14:40:18,ICBP,RG,9100,2,D,CC,XC,D
14:40:16,ICBP,RG,9100,10,D,CC,YP,D
14:40:13,ICBP,RG,9100,11,D,CC,RX,F
14:40:12,ICBP,RG,9125,1,D,CC,DP,D
14:40:11,ICBP,RG,9100,2,D,CC,PD,D
14:40:10,ICBP,RG,9100,10,D,CC,YP,D
14:40:09,ICBP,RG,9100,15,D,CC,RX,F
14:40:09,ICBP,RG,9100,1,D,NI,RX,F
14:40:09,ICBP,RG,9100,1,D,YP,RX,F
14:40:09,ICBP,RG,9100,28,D,NI,RX,F
14:40:09,ICBP,RG,9125,12,D,BB,DP,D
14:40:05,ICBP,RG,9100,3,D,XC,RX,F
14:40:05,ICBP,RG,9100,1,D,XC,RX,F
14:40:05,ICBP,RG,9100,9,D,CC,RX,F
14:40:00,ICBP,RG,9100,1,D,CC,OD,D
14:39:55,ICBP,RG,9100,35,D,CC,KK,D
14:39:53,ICBP,RG,9100,1,D,CC,ZP,F
14:39:53,ICBP,RG,9100,205,D,CC,DR,D
14:39:52,ICBP,RG,9100,10,D,CC,YP,D
14:39:46,ICBP,RG,9100,38,D,CC,RX,F
14:39:37,ICBP,RG,9100,5,D,CC,DR,D
14:39:37,ICBP,RG,9100,1,D,CC,TP,D
14:39:34,ICBP,RG,9100,132,D,CC,DP,D
14:39:33,ICBP,RG,9100,10,D,CC,RX,F
14:39:33,ICBP,RG,9100,17,D,CC,DR,D
14:39:32,ICBP,RG,9125,4,D,BB,DP,D
14:39:32,ICBP,RG,9125,8,D,BB,YP,D
14:39:32,ICBP,RG,9100,36,D,CC,DR,D
14:39:32,ICBP,RG,9100,30,D,HP,DR,D
14:39:32,ICBP,RG,9100,2,D,NI,DR,D
14:39:32,ICBP,RG,9100,5,D,NI,DR,D
14:39:32,ICBP,RG,9100,3,D,XC,DR,D
14:39:32,ICBP,RG,9100,1,D,AT,DR,D
14:39:32,ICBP,RG,9100,3,D,PD,DR,D
14:39:32,ICBP,RG,9100,1,D,CC,DR,D
14:39:32,ICBP,RG,9100,11,D,YP,DR,D
14:39:32,ICBP,RG,9100,10,D,KK,DR,D
14:39:32,ICBP,RG,9100,10,D,CC,DR,D
14:39:32,ICBP,RG,9100,86,D,SQ,DR,D
14:39:31,ICBP,RG,9100,2,D,SQ,PD,D
14:39:29,ICBP,RG,9125,11,D,HP,YP,D
14:39:24,ICBP,RG,9100,11,D,SQ,RX,F
14:39:22,ICBP,RG,9100,1,D,SQ,RX,F
14:39:22,ICBP,RG,9100,1,D,NI,RX,F
14:39:22,ICBP,RG,9100,13,F,DX,RX,F
14:39:22,ICBP,RG,9100,14,D,CC,RX,F
14:39:18,ICBP,RG,9100,2,D,CC,YP,D
14:39:12,ICBP,RG,9100,1,D,CC,BK,F
14:39:10,ICBP,RG,9100,10,D,CC,BK,F
14:39:08,ICBP,RG,9100,1,D,CC,DP,D
14:39:07,ICBP,RG,9100,147,D,CC,DP,D
14:39:05,ICBP,RG,9100,2,D,CC,BK,F
14:39:03,ICBP,RG,9100,5,D,CC,PD,D
14:38:59,ICBP,RG,9100,23,D,CC,RX,F
14:38:53,ICBP,RG,9125,4,D,BB,YP,D
14:38:49,ICBP,RG,9100,8,D,CC,DR,D
14:38:42,ICBP,RG,9100,8,D,CC,RX,F
14:38:41,ICBP,RG,9100,23,D,CC,RX,F
14:38:41,ICBP,RG,9100,10,D,CC,RX,F
14:38:31,ICBP,RG,9100,1,D,CC,BK,F
14:38:31,ICBP,RG,9100,8,D,CC,BK,F
14:38:27,ICBP,RG,9100,13,D,CC,BK,F
14:38:22,ICBP,RG,9100,8,D,CC,BK,F
14:38:22,ICBP,RG,9100,130,D,CC,DR,D
14:38:20,ICBP,RG,9100,68,D,CC,DR,D
14:38:13,ICBP,RG,9100,10,D,CC,DP,D
14:38:04,ICBP,RG,9125,2,D,SQ,YP,D
14:38:04,ICBP,RG,9125,1,D,SQ,PD,D
14:38:04,ICBP,RG,9100,8,D,CC,BK,F
14:38:01,ICBP,RG,9125,4,D,BB,RX,F
14:38:01,ICBP,RG,9125,1,F,ZP,RX,F
14:37:58,ICBP,RG,9125,1,D,YP,BK,F
14:37:58,ICBP,RG,9125,16,D,BB,BK,F
14:37:56,ICBP,RG,9125,1,D,BB,XC,D
14:37:56,ICBP,RG,9125,28,D,BB,DR,D
14:37:56,ICBP,RG,9125,10,D,NI,DR,D
14:37:56,ICBP,RG,9125,2,D,PD,DR,D
14:37:56,ICBP,RG,9125,152,D,CC,DR,D
14:37:55,ICBP,RG,9125,9,D,CC,RX,F
14:37:53,ICBP,RG,9125,9,D,CC,BK,F
14:37:47,ICBP,RG,9125,9,D,CC,BK,F
14:37:45,ICBP,RG,9125,10,D,CC,KK,D
14:37:43,ICBP,RG,9125,1,D,CC,DP,D
14:37:43,ICBP,RG,9125,2,F,ZP,DP,D
14:37:43,ICBP,RG,9125,8,D,CC,DP,D
14:37:43,ICBP,RG,9125,11,D,CC,RX,F
14:37:42,ICBP,RG,9125,27,D,CC,DP,D
14:37:42,ICBP,RG,9125,2,F,ZP,DP,D
14:37:42,ICBP,RG,9125,5,D,EP,DP,D
14:37:42,ICBP,RG,9125,1,F,ZP,DP,D
14:37:42,ICBP,RG,9125,19,F,DX,DP,D
14:37:42,ICBP,RG,9125,1,D,XC,DP,D
14:37:42,ICBP,RG,9125,4,D,BB,DP,D
14:37:42,ICBP,RG,9125,6,F,ZP,DP,D
14:37:42,ICBP,RG,9125,16,F,YU,DP,D
14:37:42,ICBP,RG,9125,2,D,XC,DP,D
14:37:42,ICBP,RG,9125,5,D,CC,DP,D
14:37:36,ICBP,RG,9125,1,D,CC,ZP,F
14:37:20,ICBP,RG,9125,7,D,CC,BK,F
14:37:16,ICBP,RG,9125,3,D,CC,CC,D
14:37:16,ICBP,RG,9125,9,D,CC,BK,F
14:37:12,ICBP,RG,9125,94,D,CC,DP,D
14:37:09,ICBP,RG,9125,10,D,CC,RX,F
14:37:04,ICBP,RG,9125,8,D,CC,BK,F
14:37:01,ICBP,RG,9125,40,D,CC,DR,D
14:37:01,ICBP,RG,9125,12,D,CC,RX,F
14:37:00,ICBP,RG,9125,17,D,CC,DR,D
14:36:55,ICBP,RG,9125,8,D,CC,BK,F
14:36:52,ICBP,RG,9125,21,D,CC,DH,D
14:36:50,ICBP,RG,9125,8,D,CC,BK,F
14:36:47,ICBP,RG,9125,50,D,CC,BQ,D
14:36:46,ICBP,RG,9125,50,D,CC,RG,D
14:36:44,ICBP,RG,9125,8,D,CC,BK,F
14:36:42,ICBP,RG,9150,1,D,XC,RX,F
14:36:42,ICBP,RG,9125,1,D,CC,SQ,D
14:36:39,ICBP,RG,9125,14,D,CC,BK,F
14:36:39,ICBP,RG,9125,34,D,CC,CC,D
14:36:39,ICBP,RG,9125,45,D,PD,CC,D
14:36:39,ICBP,RG,9125,21,D,AZ,CC,D
14:36:36,ICBP,RG,9125,4,D,AZ,DP,D
14:36:36,ICBP,RG,9125,23,D,AZ,BK,F
14:36:35,ICBP,RG,9125,1,D,AZ,ZP,F
14:36:35,ICBP,RG,9125,1,D,AZ,DP,D
14:36:34,ICBP,RG,9125,160,D,BK,DR,D
14:36:34,ICBP,RG,9125,20,D,AZ,DR,D
14:36:34,ICBP,RG,9125,31,D,CC,DR,D
14:36:28,ICBP,RG,9125,1,D,CC,YP,D
14:36:26,ICBP,RG,9125,1,D,CC,EP,D
14:36:25,ICBP,RG,9125,1,D,CC,NI,D
14:36:17,ICBP,RG,9125,13,D,CC,RG,D
14:36:15,ICBP,RG,9125,8,D,CC,RX,F
14:36:12,ICBP,RG,9125,10,D,CC,RX,F
14:36:07,ICBP,RG,9125,56,D,CC,CC,D
14:36:05,ICBP,RG,9125,57,D,CC,DP,D
14:36:04,ICBP,RG,9125,18,D,CC,YP,D
14:36:04,ICBP,RG,9125,100,D,CC,BQ,D
14:36:03,ICBP,RG,9125,49,D,CC,DP,D
14:36:00,ICBP,RG,9125,4,D,CC,YP,D
14:35:59,ICBP,RG,9125,2,D,CC,ZP,F
14:35:59,ICBP,RG,9125,112,D,CC,BQ,D
14:35:59,ICBP,RG,9125,17,F,DX,BQ,D
14:35:59,ICBP,RG,9125,10,D,CC,BQ,D
14:35:59,ICBP,RG,9125,3,D,YP,BQ,D
14:35:59,ICBP,RG,9125,1,F,ZP,BQ,D
14:35:59,ICBP,RG,9125,7,D,CC,BQ,D
14:35:44,ICBP,RG,9125,1,D,CC,BK,F
14:35:41,ICBP,RG,9125,28,D,CC,DR,D
14:35:41,ICBP,RG,9125,9,D,BK,DR,D
14:35:41,ICBP,RG,9125,1,F,ZP,DR,D
14:35:41,ICBP,RG,9125,1,D,YP,DR,D
14:35:41,ICBP,RG,9125,1,F,ZP,DR,D
14:35:41,ICBP,RG,9125,18,F,DX,DR,D
14:35:39,ICBP,RG,9125,7,F,DX,DR,D
14:35:39,ICBP,RG,9125,3,D,YP,DR,D
14:35:33,ICBP,RG,9125,1,F,ZP,DP,D
14:35:33,ICBP,RG,9125,15,D,BB,DP,D
14:35:33,ICBP,RG,9125,1,F,ZP,DP,D
14:35:33,ICBP,RG,9125,1,D,PD,DP,D
14:35:33,ICBP,RG,9125,17,F,YU,DP,D
14:35:33,ICBP,RG,9125,37,F,YU,DP,D
14:35:33,ICBP,RG,9125,12,D,CC,DP,D
14:35:33,ICBP,RG,9125,11,D,YP,DP,D
14:35:33,ICBP,RG,9125,9,D,YP,RX,F
14:35:32,ICBP,RG,9125,13,D,YP,RX,F
14:35:19,ICBP,RG,9150,16,D,BB,RX,F
14:35:19,ICBP,RG,9125,1,D,YP,YP,D
14:35:13,ICBP,RG,9125,2,D,YP,BK,F
14:35:12,ICBP,RG,9125,64,D,YP,DR,D
14:35:12,ICBP,RG,9125,1,D,YP,DR,D
14:35:12,ICBP,RG,9125,25,D,PD,DR,D
14:35:12,ICBP,RG,9125,140,D,CC,DR,D
14:35:07,ICBP,RG,9125,9,D,CC,YP,D
14:35:06,ICBP,RG,9125,1,D,CC,YP,D
14:35:05,ICBP,RG,9125,3,D,CC,BK,F
14:35:02,ICBP,RG,9125,5,D,CC,DR,D
14:35:00,ICBP,RG,9150,286,D,CC,RX,F
14:35:00,ICBP,RG,9150,112,D,CC,RX,F
14:35:00,ICBP,RG,9150,80,D,CC,RX,F
14:35:00,ICBP,RG,9150,10,D,CC,DP,D
14:34:58,ICBP,RG,9125,9,D,CC,RX,F
14:34:40,ICBP,RG,9125,28,D,CC,RX,F
14:34:37,ICBP,RG,9125,1,D,CC,PD,D
14:34:36,ICBP,RG,9125,8,D,CC,RX,F
14:34:34,ICBP,RG,9125,10,D,CC,RX,F
14:34:34,ICBP,RG,9125,6,D,CC,DP,D
14:34:32,ICBP,RG,9125,12,D,CC,DP,D
14:34:32,ICBP,RG,9150,15,D,BB,DP,D
14:34:31,ICBP,RG,9125,88,D,CC,DP,D
14:34:26,ICBP,RG,9125,29,D,CC,RX,F
14:34:17,ICBP,RG,9125,47,D,CC,DR,D
14:34:15,ICBP,RG,9125,1,D,CC,NI,D
14:34:12,ICBP,RG,9125,103,D,CC,RX,F
14:34:12,ICBP,RG,9125,13,F,YU,RX,F
14:34:12,ICBP,RG,9125,2,D,SQ,RX,F
14:34:12,ICBP,RG,9125,2,D,YP,RX,F
14:34:12,ICBP,RG,9125,2,D,HP,RX,F
14:34:12,ICBP,RG,9125,11,D,CC,RX,F
14:34:11,ICBP,RG,9125,26,D,CC,RX,F
14:34:09,ICBP,RG,9125,19,D,CC,RX,F
14:34:09,ICBP,RG,9125,1,D,CC,KK,D
14:34:07,ICBP,RG,9125,9,D,CC,DH,D
14:34:04,ICBP,RG,9125,2,D,CC,CC,D
14:34:00,ICBP,RG,9150,1,F,YU,PD,D
14:34:00,ICBP,RG,9150,9,F,YU,YU,F
14:34:00,ICBP,RG,9150,1,F,YU,CS,F
14:34:00,ICBP,RG,9150,2,F,YU,CS,F
14:34:00,ICBP,RG,9150,18,F,YU,KK,D
14:33:58,ICBP,RG,9125,2,D,CC,CC,D
14:33:55,ICBP,RG,9125,132,D,CC,DP,D
14:33:53,ICBP,RG,9125,10,D,CC,YP,D
14:33:51,ICBP,RG,9125,2,D,CC,ZP,F
14:33:50,ICBP,RG,9125,186,D,CC,DR,D
14:33:45,ICBP,RG,9150,15,D,BB,KK,D
14:33:23,ICBP,RG,9150,1,F,ZP,KK,D
14:33:22,ICBP,RG,9125,6,D,CC,YP,D
14:33:03,ICBP,RG,9150,15,D,BB,KK,D
14:32:51,ICBP,RG,9125,10,D,CC,PD,D
14:32:41,ICBP,RG,9125,3,D,CC,PD,D
14:32:18,ICBP,RG,9150,9,D,BB,KK,D
14:32:13,ICBP,RG,9125,50,D,CC,BQ,D
14:32:11,ICBP,RG,9125,20,D,CC,TP,D
14:32:00,ICBP,RG,9150,47,F,YU,KK,D
14:31:48,ICBP,RG,9125,11,D,CC,BQ,D
14:31:48,ICBP,RG,9125,2,D,CC,BQ,D
14:31:48,ICBP,RG,9125,2,D,YP,BQ,D
14:31:48,ICBP,RG,9125,3,D,PD,BQ,D
14:31:48,ICBP,RG,9125,14,F,DX,BQ,D
14:31:48,ICBP,RG,9125,2,D,KK,BQ,D
14:31:48,ICBP,RG,9125,5,D,HP,BQ,D
14:31:48,ICBP,RG,9125,11,D,HP,BQ,D
14:31:48,ICBP,RG,9150,2,D,YP,KK,D
14:31:43,ICBP,RG,9150,1,D,XC,KK,D
14:31:43,ICBP,RG,9125,7,D,HP,DP,D
14:31:43,ICBP,RG,9125,1,D,XL,DP,D
14:31:35,ICBP,RG,9150,50,D,AZ,KK,D
14:31:35,ICBP,RG,9150,2,D,YP,KK,D
14:31:35,ICBP,RG,9150,3,D,YP,DP,D
14:31:31,ICBP,RG,9150,30,D,AZ,DP,D
14:31:23,ICBP,RG,9150,1,D,CC,DP,D
14:31:21,ICBP,RG,9150,1,F,ZP,DP,D
14:31:20,ICBP,RG,9150,3,F,ZP,BK,F
14:31:20,ICBP,RG,9150,30,F,YU,BK,F
14:31:20,ICBP,RG,9150,25,D,HP,BK,F
14:31:20,ICBP,RG,9150,19,F,YU,BK,F
14:31:20,ICBP,RG,9150,5,F,ZP,BK,F
14:31:20,ICBP,RG,9150,10,D,YP,BK,F
14:31:20,ICBP,RG,9150,6,D,XC,BK,F
14:31:20,ICBP,RG,9150,22,F,DX,BK,F
14:31:20,ICBP,RG,9150,184,D,CC,BK,F
14:31:20,ICBP,RG,9150,10,D,CC,BK,F
14:31:20,ICBP,RG,9150,4,D,PD,BK,F
14:31:20,ICBP,RG,9150,2,D,XC,BK,F
14:31:20,ICBP,RG,9150,1,D,PD,BK,F
14:31:20,ICBP,RG,9150,4,D,NI,BK,F
14:31:20,ICBP,RG,9150,1,F,ZP,BK,F
14:31:20,ICBP,RG,9150,1,D,XC,BK,F
14:31:20,ICBP,RG,9150,80,D,CC,BK,F
14:31:20,ICBP,RG,9150,1,D,YP,BK,F
14:31:20,ICBP,RG,9150,1,D,CC,BK,F
14:31:20,ICBP,RG,9150,12,D,BB,BK,F
14:31:20,ICBP,RG,9150,64,D,BK,BK,F
14:31:20,ICBP,RG,9150,2,D,BK,ZP,F
14:31:19,ICBP,RG,9150,166,D,BK,DP,D
14:31:19,ICBP,RG,9150,7,D,BK,BK,F
14:31:17,ICBP,RG,9175,6,D,BK,XC,D
14:31:17,ICBP,RG,9175,15,D,BK,YP,D
14:31:17,ICBP,RG,9175,1,D,BK,LG,D
14:31:17,ICBP,RG,9175,12,D,BK,YP,D
14:31:17,ICBP,RG,9150,29,D,BK,RX,F
14:31:17,ICBP,RG,9150,200,D,CC,RX,F
14:31:17,ICBP,RG,9150,33,F,ZP,RX,F
14:31:17,ICBP,RG,9150,363,D,BK,RX,F
14:31:17,ICBP,RG,9150,38,D,CC,RX,F
14:31:17,ICBP,RG,9150,199,D,CC,RX,F
14:31:17,ICBP,RG,9150,405,D,CC,RX,F
14:31:17,ICBP,RG,9150,66,D,CC,RX,F
14:31:04,ICBP,RG,9150,3,D,CC,YP,D
14:31:03,ICBP,RG,9150,4,D,CC,YP,D
14:30:55,ICBP,RG,9175,26,D,BK,YP,D
14:30:54,ICBP,RG,9175,12,D,BB,YP,D
14:30:54,ICBP,RG,9175,1,D,BB,KK,D
14:30:47,ICBP,RG,9150,1,D,CC,DH,D
14:30:47,ICBP,RG,9150,20,D,CC,DH,D
14:30:41,ICBP,RG,9150,3,D,CC,LG,D
14:30:31,ICBP,RG,9150,22,D,CC,DP,D
14:30:31,ICBP,RG,9150,12,D,CC,DP,D
14:30:30,ICBP,RG,9150,33,D,CC,DP,D
14:30:20,ICBP,RG,9175,29,D,BK,KK,D
14:30:20,ICBP,RG,9175,6,D,BK,MG,D
14:30:15,ICBP,RG,9175,10,D,BB,MG,D
14:30:14,ICBP,RG,9150,3,D,CC,DR,D
14:30:10,ICBP,RG,9150,20,D,CC,DP,D
14:30:10,ICBP,RG,9150,107,D,CC,DP,D
14:30:10,ICBP,RG,9150,16,D,CC,DP,D
14:29:53,ICBP,RG,9175,28,D,BK,MG,D
14:29:43,ICBP,RG,9175,10,D,BB,MG,D
14:29:39,ICBP,RG,9175,5,D,PD,MG,D
14:29:37,ICBP,RG,9150,3,D,CC,SQ,D
14:29:37,ICBP,RG,9150,34,F,ZP,SQ,D
14:29:37,ICBP,RG,9150,3,F,DX,SQ,D
14:29:29,ICBP,RG,9150,10,F,DX,SQ,D
14:29:24,ICBP,RG,9175,2,D,NI,MG,D
14:29:17,ICBP,RG,9175,39,D,BK,MG,D
14:29:11,ICBP,RG,9175,43,D,BB,MG,D
14:29:10,ICBP,RG,9175,86,D,CC,MG,D
14:29:06,ICBP,RG,9150,1,F,DX,CC,D
14:29:00,ICBP,RG,9175,645,D,CC,MG,D
14:28:56,ICBP,RG,9175,20,D,BK,MG,D
14:28:50,ICBP,RG,9150,2,F,DX,YP,D
14:28:50,ICBP,RG,9150,6,F,DX,DP,D
14:28:50,ICBP,RG,9150,25,F,DX,DP,D
14:28:50,ICBP,RG,9150,18,F,DX,DP,D
14:28:50,ICBP,RG,9150,10,F,DX,DP,D
14:28:44,ICBP,RG,9150,3,F,DX,DP,D
14:28:44,ICBP,RG,9150,19,F,DX,DP,D
14:28:44,ICBP,RG,9150,17,F,DX,DP,D
14:28:44,ICBP,RG,9150,11,F,DX,DP,D
14:28:44,ICBP,RG,9150,1,F,ZP,DP,D
14:28:44,ICBP,RG,9150,28,F,YU,DP,D
14:28:44,ICBP,RG,9150,1,F,YU,DP,D
14:28:42,ICBP,RG,9150,1,F,YU,EP,D
14:28:42,ICBP,RG,9175,17,D,BK,MG,D
14:28:38,ICBP,RG,9175,43,D,BB,MG,D
14:28:33,ICBP,RG,9150,5,F,YU,AZ,D
14:28:21,ICBP,RG,9150,9,F,YU,YP,D
14:28:21,ICBP,RG,9150,1,F,YU,YP,D
14:28:15,ICBP,RG,9175,31,D,BK,MG,D
14:28:15,ICBP,RG,9150,13,F,YU,SQ,D
14:28:15,ICBP,RG,9150,16,F,YU,SQ,D
14:28:15,ICBP,RG,9150,1,D,BB,SQ,D
14:28:08,ICBP,RG,9150,2,F,ZP,PD,D
14:28:07,ICBP,RG,9150,5,F,ZP,BB,D
14:28:06,ICBP,RG,9150,104,D,CC,BB,D
14:28:06,ICBP,RG,9150,1,D,CC,GR,D
14:28:06,ICBP,RG,9150,14,D,CC,YU,F
14:28:06,ICBP,RG,9150,1,D,CC,SQ,D
14:28:06,ICBP,RG,9150,16,D,CC,DR,D
14:28:06,ICBP,RG,9150,3,D,CC,CS,F
14:28:06,ICBP,RG,9150,1,D,CC,PD,D
14:28:06,ICBP,RG,9150,1,D,CC,KK,D
14:28:06,ICBP,RG,9150,7,D,CC,SQ,D
14:28:06,ICBP,RG,9150,2,D,CC,NI,D
14:28:06,ICBP,RG,9150,1,D,CC,DR,D
14:28:06,ICBP,RG,9150,1,D,CC,PD,D
14:28:06,ICBP,RG,9150,2,D,CC,OD,D
14:28:06,ICBP,RG,9150,1,D,CC,CS,F
14:28:06,ICBP,RG,9150,1,D,CC,CS,F
14:28:06,ICBP,RG,9150,1,D,CC,KK,D
14:28:06,ICBP,RG,9150,2,D,CC,CS,F
14:28:06,ICBP,RG,9150,2,D,CC,PD,D
14:28:06,ICBP,RG,9150,80,D,CC,CC,D
14:28:06,ICBP,RG,9150,5,D,CC,DR,D
14:28:06,ICBP,RG,9150,6,D,CC,HP,D
14:28:06,ICBP,RG,9150,3,D,CC,ZP,F
14:28:06,ICBP,RG,9150,1,D,CC,DH,D
14:28:06,ICBP,RG,9150,5,D,CC,AZ,D
14:28:06,ICBP,RG,9150,5,D,CC,RO,D
14:28:06,ICBP,RG,9150,350,D,CC,DX,D
14:28:06,ICBP,RG,9150,3,D,CC,PD,D
14:28:06,ICBP,RG,9150,80,D,CC,YP,D
14:28:06,ICBP,RG,9150,1,D,CC,OD,D
14:28:06,ICBP,RG,9150,2,F,ZP,OD,D
14:28:00,ICBP,RG,9150,7,F,YU,OD,D
14:28:00,ICBP,RG,9150,4,F,YU,CS,F
14:28:00,ICBP,RG,9150,1,F,YU,PD,D
14:28:00,ICBP,RG,9150,24,F,YU,KK,D
14:27:47,ICBP,RG,9125,3,D,CC,DR,D
14:27:46,ICBP,RG,9150,1,D,BK,KK,D
14:27:46,ICBP,RG,9150,11,D,BK,PD,D
14:27:46,ICBP,RG,9150,17,D,BK,CP,D
14:27:41,ICBP,RG,9125,1,D,CC,PD,D
14:27:40,ICBP,RG,9150,23,D,CC,CP,D
14:27:40,ICBP,RG,9150,2,D,CC,YP,D
14:27:40,ICBP,RG,9150,7,D,CC,NI,D
14:27:40,ICBP,RG,9150,1,D,CC,EP,D
14:27:40,ICBP,RG,9150,10,D,CC,YP,D
14:27:40,ICBP,RG,9150,8,D,CC,KK,D
14:27:40,ICBP,RG,9150,1,D,CC,GR,D
14:27:40,ICBP,RG,9150,1,D,CC,YP,D
14:27:40,ICBP,RG,9150,10,D,CC,DR,D
14:27:40,ICBP,RG,9150,1,D,CC,XC,D
14:27:40,ICBP,RG,9150,29,D,CC,YP,D
14:27:40,ICBP,RG,9150,9,D,CC,CS,F
14:27:40,ICBP,RG,9150,2,D,CC,PD,D
14:27:40,ICBP,RG,9150,1,D,CC,TF,D
14:27:40,ICBP,RG,9150,11,D,CC,YP,D
14:27:40,ICBP,RG,9150,1,D,CC,SQ,D
14:27:40,ICBP,RG,9150,10,D,CC,EP,D
14:27:40,ICBP,RG,9150,97,D,CC,BB,D
14:27:40,ICBP,RG,9150,1,D,CC,YP,D
14:27:40,ICBP,RG,9150,60,D,CC,ZP,D
14:27:40,ICBP,RG,9150,5,D,CC,YP,D
14:27:40,ICBP,RG,9150,1,D,CC,DH,D
14:27:40,ICBP,RG,9150,6,D,CC,DH,D
14:27:40,ICBP,RG,9150,2,D,CC,DH,D
14:27:40,ICBP,RG,9150,1,D,CC,NI,D
14:27:40,ICBP,RG,9150,6,D,CC,KK,D
14:27:40,ICBP,RG,9150,25,D,CC,CC,D
14:27:40,ICBP,RG,9150,25,D,CC,NI,D
14:27:40,ICBP,RG,9150,138,D,CC,SQ,D
14:27:40,ICBP,RG,9150,15,D,CC,PD,D
14:27:40,ICBP,RG,9150,2,D,CC,DH,D
14:27:40,ICBP,RG,9150,724,D,CC,CC,D
14:27:40,ICBP,RG,9150,17,D,CC,YU,F
14:27:40,ICBP,RG,9150,5,D,CC,YP,D
14:27:40,ICBP,RG,9150,10,D,CC,PD,D
14:27:40,ICBP,RG,9150,5,D,CC,ZP,F
14:27:40,ICBP,RG,9150,75,D,CC,KK,D
14:27:40,ICBP,RG,9150,21,D,CC,DH,D
14:27:40,ICBP,RG,9150,12,D,CC,XL,D
14:27:40,ICBP,RG,9150,1,D,CC,XC,D
14:27:40,ICBP,RG,9150,50,D,CC,BQ,D
14:27:40,ICBP,RG,9150,2,D,CC,EP,D
14:27:40,ICBP,RG,9150,2,D,CC,PD,D
14:27:40,ICBP,RG,9150,1,D,CC,YP,D
14:27:40,ICBP,RG,9150,1,D,CC,NI,D
14:27:40,ICBP,RG,9150,1,D,CC,EP,D
14:27:40,ICBP,RG,9150,1,D,CC,SQ,D
14:27:40,ICBP,RG,9150,20,D,CC,YP,D
14:27:40,ICBP,RG,9150,4,D,CC,NI,D
14:27:40,ICBP,RG,9150,68,D,CC,RX,F
14:27:40,ICBP,RG,9150,69,D,CC,RX,F
14:27:33,ICBP,RG,9150,13,F,ZP,RX,F
14:27:20,ICBP,RG,9125,50,D,CC,YP,D
14:27:20,ICBP,RG,9150,12,D,BK,RX,F
14:27:20,ICBP,RG,9150,13,D,BK,RX,F
14:27:17,ICBP,RG,9150,2,F,ZP,RX,F
14:27:14,ICBP,RG,9125,1,D,CC,ZP,D
14:27:13,ICBP,RG,9125,50,D,CC,YP,D
14:27:09,ICBP,RG,9150,1,D,YP,RX,F
14:27:06,ICBP,RG,9150,14,D,BK,RX,F
14:26:52,ICBP,RG,9150,16,D,BK,RX,F
14:26:44,ICBP,RG,9125,5,D,CC,PD,D
14:26:28,ICBP,RG,9150,2,F,ZP,RX,F
14:26:26,ICBP,RG,9150,46,D,BB,RX,F
14:26:08,ICBP,RG,9150,3,D,PD,RX,F
14:26:03,ICBP,RG,9125,10,D,CC,CC,D
14:26:00,ICBP,RG,9150,70,D,CC,RX,F
14:25:57,ICBP,RG,9125,2,D,CC,PD,D
14:25:46,ICBP,RG,9125,23,D,CC,RX,F
14:25:40,ICBP,RG,9150,2,F,ZP,RX,F
14:25:37,ICBP,RG,9125,16,D,CC,RX,F
14:25:36,ICBP,RG,9125,10,D,CC,DR,D
14:25:36,ICBP,RG,9125,11,D,YP,DR,D
14:25:36,ICBP,RG,9125,2,D,XC,DR,D
14:25:36,ICBP,RG,9125,20,D,YP,DR,D
14:25:36,ICBP,RG,9125,16,F,DX,DR,D
14:25:36,ICBP,RG,9125,51,D,BK,DR,D
14:25:36,ICBP,RG,9125,114,D,CC,DR,D
14:25:30,ICBP,RG,9150,32,D,BK,RX,F
14:25:21,ICBP,RG,9150,3,D,EP,RX,F
14:25:00,ICBP,RG,9150,35,F,YU,RX,F
14:24:57,ICBP,RG,9150,26,D,BK,RX,F
14:24:52,ICBP,RG,9150,2,F,ZP,RX,F
14:24:47,ICBP,RG,9150,20,D,AZ,RX,F
14:24:43,ICBP,RG,9150,50,D,AZ,RX,F
14:24:39,ICBP,RG,9150,50,D,AZ,RX,F
14:24:36,ICBP,RG,9150,16,D,BK,RX,F
14:24:11,ICBP,RG,9150,14,D,BK,RX,F
14:24:04,ICBP,RG,9150,1,F,ZP,RX,F
14:24:03,ICBP,RG,9150,44,D,BB,RX,F
14:24:00,ICBP,RG,9150,27,F,YU,RX,F
14:24:00,ICBP,RG,9150,335,D,CC,RX,F
14:24:00,ICBP,RG,9150,4,D,CC,CS,F
14:24:00,ICBP,RG,9150,91,D,CC,RX,F
14:23:51,ICBP,RG,9150,15,D,BK,RX,F
14:23:34,ICBP,RG,9150,18,D,BK,RX,F
14:23:00,ICBP,RG,9150,31,F,YU,RX,F
14:22:51,ICBP,RG,9150,6,D,BK,RX,F
14:22:51,ICBP,RG,9150,22,D,BK,RX,F
14:22:50,ICBP,RG,9125,1,D,CC,CC,D
14:22:39,ICBP,RG,9125,50,D,CC,NI,D
14:22:35,ICBP,RG,9150,1,D,YP,RX,F
14:22:31,ICBP,RG,9150,20,D,BK,RX,F
14:22:03,ICBP,RG,9150,21,D,BK,RX,F
14:22:03,ICBP,RG,9125,1,D,CC,PD,D
14:21:53,ICBP,RG,9150,42,D,CC,RX,F
14:21:53,ICBP,RG,9150,12,D,CC,AZ,D
14:21:53,ICBP,RG,9150,1,D,CC,AI,D
14:21:53,ICBP,RG,9150,28,D,CC,LG,D
14:21:49,ICBP,RG,9150,11,D,BK,LG,D
14:21:49,ICBP,RG,9150,1,D,BK,YP,D
14:21:47,ICBP,RG,9150,1,D,BB,NI,D
14:21:47,ICBP,RG,9150,10,D,BB,OD,D
14:21:47,ICBP,RG,9150,13,D,BB,BB,D
14:21:47,ICBP,RG,9150,20,D,BB,CS,F
14:21:44,ICBP,RG,9125,334,D,CC,YP,D
14:21:44,ICBP,RG,9125,2,D,PD,YP,D
14:21:44,ICBP,RG,9125,10,D,PD,YP,D
14:21:44,ICBP,RG,9125,104,D,CC,YP,D
14:21:27,ICBP,RG,9150,16,D,BK,CS,F
14:21:05,ICBP,RG,9150,19,D,BK,CS,F
14:21:00,ICBP,RG,9150,45,D,CC,CS,F
14:21:00,ICBP,RG,9150,1,D,CC,XC,D
14:21:00,ICBP,RG,9150,1,D,CC,XC,D
14:21:00,ICBP,RG,9150,1,D,CC,YP,D
14:21:00,ICBP,RG,9150,5,D,CC,CC,D
14:21:00,ICBP,RG,9150,4,D,CC,CS,F
14:21:00,ICBP,RG,9150,47,D,CC,LG,D
14:20:44,ICBP,RG,9125,10,D,CC,CC,D
14:20:44,ICBP,RG,9125,21,D,CC,DH,D
14:20:39,ICBP,RG,9150,8,D,BK,LG,D
14:20:39,ICBP,RG,9150,12,D,BK,YP,D
14:20:06,ICBP,RG,9150,1,D,BK,YP,D
14:20:06,ICBP,RG,9150,1,D,BK,PD,D
14:20:06,ICBP,RG,9150,24,D,BK,GR,D
14:20:00,ICBP,RG,9150,11,D,CC,GR,D
14:20:00,ICBP,RG,9150,149,D,CC,YP,D
14:20:00,ICBP,RG,9150,12,D,CC,SQ,D
14:20:00,ICBP,RG,9150,1,D,CC,XC,D
14:20:00,ICBP,RG,9150,1,D,CC,NI,D
14:20:00,ICBP,RG,9150,5,D,CC,SQ,D
14:20:00,ICBP,RG,9150,12,D,CC,AZ,D
14:20:00,ICBP,RG,9150,1,D,CC,YP,D
14:20:00,ICBP,RG,9150,3,D,CC,ZP,F
14:20:00,ICBP,RG,9150,1,D,CC,NI,D
14:20:00,ICBP,RG,9150,20,D,CC,TP,D
14:20:00,ICBP,RG,9150,1,D,CC,DX,D
14:20:00,ICBP,RG,9150,27,D,CC,CC,D
14:20:00,ICBP,RG,9150,1,D,CC,CS,F
14:20:00,ICBP,RG,9150,3,D,CC,CS,F
14:20:00,ICBP,RG,9150,8,D,CC,YU,F
14:20:00,ICBP,RG,9150,2,D,CC,EP,D
14:20:00,ICBP,RG,9150,1,D,CC,YP,D
14:20:00,ICBP,RG,9150,5,D,CC,XC,D
14:20:00,ICBP,RG,9150,1,D,CC,PD,D
14:20:00,ICBP,RG,9150,1,D,CC,NI,D
14:20:00,ICBP,RG,9150,9,D,CC,PD,D
14:20:00,ICBP,RG,9150,5,D,CC,CS,F
14:20:00,ICBP,RG,9150,1,D,CC,PD,D
14:20:00,ICBP,RG,9150,9,D,CC,XC,D
14:20:00,ICBP,RG,9150,20,D,CC,TP,D
14:20:00,ICBP,RG,9150,5,D,CC,YP,D
14:20:00,ICBP,RG,9150,67,D,CC,SQ,D
14:20:00,ICBP,RG,9150,1,D,CC,OD,D
14:20:00,ICBP,RG,9150,1,D,CC,PD,D
14:20:00,ICBP,RG,9150,20,D,CC,KK,D
14:20:00,ICBP,RG,9150,10,D,CC,YP,D
14:20:00,ICBP,RG,9150,10,D,CC,PD,D
14:20:00,ICBP,RG,9150,1,D,CC,PD,D
14:20:00,ICBP,RG,9150,17,D,CC,PD,D
14:20:00,ICBP,RG,9150,50,D,CC,NI,D
14:20:00,ICBP,RG,9150,10,D,CC,OD,D
14:20:00,ICBP,RG,9150,1,D,CC,PD,D
14:20:00,ICBP,RG,9150,2,D,CC,PD,D
14:19:56,ICBP,RG,9125,25,D,CC,NI,D
14:19:53,ICBP,RG,9125,6,D,CC,XC,D
14:19:42,ICBP,RG,9150,18,D,BK,CC,D
14:19:38,ICBP,RG,9150,1,D,YP,CC,D
14:19:35,ICBP,RG,9125,2,D,CC,GR,D
14:19:28,ICBP,RG,9150,48,D,BB,CC,D
14:19:27,ICBP,RG,9125,2,D,CC,YP,D
14:19:26,ICBP,RG,9125,28,D,CC,CC,D
14:19:22,ICBP,RG,9125,1,D,CC,XC,D
14:19:15,ICBP,RG,9125,6,D,CC,AZ,D
14:19:14,ICBP,RG,9125,1,D,CC,XC,D
14:19:13,ICBP,RG,9150,16,D,BK,CC,D
14:19:12,ICBP,RG,9125,1,D,CC,XC,D
14:19:08,ICBP,RG,9125,1,D,CC,XC,D
14:19:00,ICBP,RG,9150,29,F,YU,CC,D
14:19:00,ICBP,RG,9150,16,D,BK,CC,D
14:18:48,ICBP,RG,9150,1,D,AT,CC,D
14:18:42,ICBP,RG,9125,25,D,CC,NI,D
14:18:31,ICBP,RG,9150,18,D,BK,CC,D
14:18:21,ICBP,RG,9150,3,D,CC,CC,D
14:18:13,ICBP,RG,9125,1000,D,CC,SH,D
14:18:11,ICBP,RG,9125,18,D,CC,BB,D
14:18:10,ICBP,RG,9125,1,D,CC,PD,D
14:18:08,ICBP,RG,9150,20,D,BK,CC,D
14:18:02,ICBP,RG,9125,3,D,CC,XC,D
14:17:47,ICBP,RG,9125,50,D,CC,YU,D
14:17:43,ICBP,RG,9150,18,D,BK,CC,D
14:17:40,ICBP,RG,9150,1,D,LG,CC,D
14:17:37,ICBP,RG,9150,4,D,KK,CC,D
14:17:28,ICBP,RG,9150,12,D,BK,CC,D
14:17:06,ICBP,RG,9150,17,D,BK,CC,D
14:17:01,ICBP,RG,9150,44,D,BB,CC,D
14:17:00,ICBP,RG,9150,47,D,CC,CC,D
14:17:00,ICBP,RG,9150,1,D,CC,KK,D
14:17:00,ICBP,RG,9150,120,D,CC,PD,D
14:17:00,ICBP,RG,9150,1,D,CC,KK,D
14:17:00,ICBP,RG,9150,1,D,CC,PD,D
14:17:00,ICBP,RG,9150,5,D,CC,CC,D
14:17:00,ICBP,RG,9150,1,D,CC,BB,D
14:17:00,ICBP,RG,9150,81,D,CC,CS,F
14:17:00,ICBP,RG,9150,1,D,CC,DH,D
14:17:00,ICBP,RG,9150,8,D,CC,CS,F
14:17:00,ICBP,RG,9150,2,D,CC,CS,F
14:17:00,ICBP,RG,9150,3,D,CC,SQ,D
14:17:00,ICBP,RG,9150,3,D,CC,SQ,D
14:17:00,ICBP,RG,9150,5,D,CC,XC,D
14:17:00,ICBP,RG,9150,100,D,CC,IF,D
14:17:00,ICBP,RG,9150,1,D,CC,SQ,D
14:17:00,ICBP,RG,9150,2,D,CC,YU,D
14:17:00,ICBP,RG,9150,1,D,CC,KK,D
14:17:00,ICBP,RG,9150,1,D,CC,GR,D
14:17:00,ICBP,RG,9150,4,D,CC,NI,D
14:17:00,ICBP,RG,9150,10,D,CC,PD,D
14:17:00,ICBP,RG,9150,10,D,CC,PD,D
14:17:00,ICBP,RG,9150,10,D,CC,YP,D
14:17:00,ICBP,RG,9150,4,D,CC,PD,D
14:17:00,ICBP,RG,9150,2,D,CC,XC,D
14:17:00,ICBP,RG,9150,5,D,CC,YP,D
14:17:00,ICBP,RG,9150,1,D,CC,SQ,D
14:17:00,ICBP,RG,9150,21,D,CC,DH,D
14:17:00,ICBP,RG,9150,14,D,CC,NI,D
14:16:45,ICBP,RG,9150,15,D,BK,NI,D
14:16:31,ICBP,RG,9125,1,D,CC,XC,D
14:16:27,ICBP,RG,9150,11,D,BK,NI,D
14:16:27,ICBP,RG,9150,5,D,BK,BQ,D
14:16:20,ICBP,RG,9125,19,D,CC,BB,D
14:16:10,ICBP,RG,9150,1,D,YP,BQ,D
14:16:00,ICBP,RG,9150,17,D,BK,BQ,D
14:15:43,ICBP,RG,9150,15,D,BK,BQ,D
14:15:25,ICBP,RG,9150,12,D,BK,BQ,D
14:15:10,ICBP,RG,9150,13,D,AZ,SQ,D
14:15:10,ICBP,RG,9150,17,D,AZ,YB,D
14:15:10,ICBP,RG,9150,3,D,BK,YB,D
14:15:10,ICBP,RG,9150,3,D,BK,PD,D
14:15:10,ICBP,RG,9150,3,D,BK,RX,F
14:15:08,ICBP,RG,9125,1,D,CC,YP,D
14:15:07,ICBP,RG,9150,30,D,AZ,RX,F
14:14:59,ICBP,RG,9150,13,D,BK,RX,F
14:14:57,ICBP,RG,9150,1,D,HP,RX,F
14:14:50,ICBP,RG,9150,5,D,YP,RX,F
14:14:50,ICBP,RG,9125,13,D,CC,RX,F
14:14:50,ICBP,RG,9150,44,D,AZ,RX,F
14:14:50,ICBP,RG,9150,16,D,AZ,RX,F
14:14:47,ICBP,RG,9150,50,D,AZ,RX,F
14:14:44,ICBP,RG,9150,44,D,BB,RX,F
14:14:37,ICBP,RG,9125,6,D,CC,AZ,D
14:14:36,ICBP,RG,9150,15,D,BK,RX,F
14:14:31,ICBP,RG,9125,8,D,CC,BB,D
14:14:24,ICBP,RG,9150,6,D,BK,RX,F
14:14:24,ICBP,RG,9150,1,D,BK,ZP,F
14:14:24,ICBP,RG,9150,5,D,BK,CS,F
14:14:08,ICBP,RG,9150,2,D,BK,YU,F
14:14:08,ICBP,RG,9150,7,D,BK,RX,F
14:13:52,ICBP,RG,9150,12,D,BK,RX,F
14:13:48,ICBP,RG,9125,1,D,CC,PD,D
14:13:44,ICBP,RG,9150,9,D,BK,RX,F
14:13:44,ICBP,RG,9125,5,D,CC,SQ,D
14:13:35,ICBP,RG,9125,1,D,CC,PD,D
14:13:33,ICBP,RG,9150,11,D,BK,RX,F
14:13:22,ICBP,RG,9150,11,D,BK,RX,F
14:13:18,ICBP,RG,9125,2,D,CC,NI,D
14:13:15,ICBP,RG,9125,1,D,CC,YP,D
14:13:13,ICBP,RG,9125,1,D,CC,NI,D
14:13:07,ICBP,RG,9150,13,D,BK,RX,F
14:13:01,ICBP,RG,9150,8,D,BK,RX,F
14:13:00,ICBP,RG,9150,432,D,CC,RX,F
14:12:59,ICBP,RG,9125,1,D,CC,NI,D
14:12:50,ICBP,RG,9150,12,D,BK,RX,F
14:12:39,ICBP,RG,9150,13,D,BK,RX,F
14:12:28,ICBP,RG,9150,9,D,BK,RX,F
14:12:27,ICBP,RG,9150,42,D,BB,RX,F
14:12:20,ICBP,RG,9125,6,D,CC,KK,D
14:12:17,ICBP,RG,9150,10,D,BK,RX,F
14:12:13,ICBP,RG,9125,1,D,CC,AZ,D
14:12:08,ICBP,RG,9150,8,D,BK,RX,F
14:12:07,ICBP,RG,9125,20,D,CC,YP,D
14:11:56,ICBP,RG,9150,11,D,BK,RX,F
14:11:49,ICBP,RG,9150,7,D,BK,RX,F
14:11:44,ICBP,RG,9150,8,D,BK,RX,F
14:11:34,ICBP,RG,9150,8,D,BK,RX,F
14:11:33,ICBP,RG,9150,2,D,KK,RX,F
14:11:24,ICBP,RG,9150,8,D,BK,RX,F
14:11:24,ICBP,RG,9125,1,D,CC,XC,D
14:11:24,ICBP,RG,9150,36,D,NI,RX,F
14:11:24,ICBP,RG,9150,14,D,NI,RX,F
14:11:20,ICBP,RG,9150,8,D,BK,RX,F
14:11:12,ICBP,RG,9150,1,D,HP,RX,F
14:11:11,ICBP,RG,9150,8,D,BK,RX,F
14:10:58,ICBP,RG,9150,11,D,BK,RX,F
14:10:47,ICBP,RG,9150,14,D,BK,RX,F
14:10:34,ICBP,RG,9150,10,D,BK,RX,F
14:10:22,ICBP,RG,9150,11,D,BK,RX,F
14:10:22,ICBP,RG,9150,1,D,BK,RX,F
14:10:15,ICBP,RG,9150,3,D,PD,RX,F
14:10:12,ICBP,RG,9150,12,D,BK,RX,F
14:10:06,ICBP,RG,9150,2,D,KK,RX,F
14:10:01,ICBP,RG,9150,9,D,BK,RX,F
14:09:50,ICBP,RG,9150,13,D,BK,RX,F
14:09:37,ICBP,RG,9150,11,D,BK,RX,F
14:09:27,ICBP,RG,9150,4,D,BK,RX,F
14:09:27,ICBP,RG,9150,3,D,BK,XC,D
14:09:27,ICBP,RG,9150,4,D,BK,KK,D
14:09:14,ICBP,RG,9125,11,D,CC,CC,D
14:08:59,ICBP,RG,9150,1,D,XC,KK,D
14:08:46,ICBP,RG,9125,1,D,CC,XC,D
14:08:38,ICBP,RG,9125,1,D,CC,YP,D
14:08:15,ICBP,RG,9125,1,D,CC,GR,D
14:08:13,ICBP,RG,9150,4,D,XC,YP,D
14:07:53,ICBP,RG,9150,9,D,BK,YP,D
14:07:53,ICBP,RG,9150,8,D,BK,PS,D
14:07:53,ICBP,RG,9150,2,D,BK,CS,F
14:07:53,ICBP,RG,9150,5,D,BK,YU,F
14:07:53,ICBP,RG,9150,2,D,BK,BB,D
14:07:53,ICBP,RG,9150,2,D,BK,PD,D
14:07:53,ICBP,RG,9150,22,D,BK,KK,D
14:07:40,ICBP,RG,9150,1,D,BB,BK,F
14:07:40,ICBP,RG,9150,16,D,BB,BK,F
14:07:40,ICBP,RG,9150,16,F,DX,BK,F
14:07:40,ICBP,RG,9150,20,F,YU,BK,F
14:07:40,ICBP,RG,9150,16,F,YU,BK,F
14:07:40,ICBP,RG,9150,5,D,PD,BK,F
14:07:40,ICBP,RG,9150,10,F,DX,BK,F
14:07:39,ICBP,RG,9150,9,F,DX,CC,D
14:07:39,ICBP,RG,9150,1,D,NI,CC,D
14:07:39,ICBP,RG,9150,4,F,ZP,CC,D
14:07:39,ICBP,RG,9150,1,D,NI,CC,D
14:07:39,ICBP,RG,9150,2,D,CC,CC,D
14:07:39,ICBP,RG,9150,17,F,DX,CC,D
14:07:39,ICBP,RG,9150,11,D,HP,CC,D
14:07:39,ICBP,RG,9150,1,F,ZP,CC,D
14:07:39,ICBP,RG,9150,1,D,CC,CC,D
14:07:39,ICBP,RG,9150,20,D,YP,CC,D
14:07:39,ICBP,RG,9150,2,D,NI,CC,D
14:07:39,ICBP,RG,9150,2,D,HP,CC,D
14:07:39,ICBP,RG,9150,10,D,BB,CC,D
14:07:39,ICBP,RG,9150,11,D,YP,CC,D
14:07:39,ICBP,RG,9150,65,D,CC,CC,D
14:07:39,ICBP,RG,9150,10,D,GR,CC,D
14:07:39,ICBP,RG,9150,109,D,BK,CC,D
14:07:39,ICBP,RG,9150,2,D,BK,YP,D
14:07:38,ICBP,RG,9150,3,D,BK,NI,D
14:07:35,ICBP,RG,9150,148,D,BK,BK,F
14:07:35,ICBP,RG,9150,15,F,DX,BK,F
14:07:35,ICBP,RG,9150,34,F,ZP,BK,F
14:07:35,ICBP,RG,9150,2,F,DX,BK,F
14:07:35,ICBP,RG,9150,7,F,DX,BK,F
14:07:35,ICBP,RG,9150,1,F,ZP,BK,F
14:07:35,ICBP,RG,9150,23,F,DX,BK,F
14:07:35,ICBP,RG,9150,179,D,CC,BK,F
14:07:35,ICBP,RG,9150,40,D,CC,BK,F
14:07:35,ICBP,RG,9150,51,D,CC,BK,F
14:07:35,ICBP,RG,9175,2,F,ZP,MG,D
14:07:34,ICBP,RG,9175,13,D,BK,MG,D
14:07:34,ICBP,RG,9175,1,D,BK,YP,D
14:07:34,ICBP,RG,9175,3,D,BK,CC,D
14:07:33,ICBP,RG,9150,43,D,CC,YP,D
14:07:33,ICBP,RG,9150,7,D,CC,YP,D
14:07:19,ICBP,RG,9175,16,D,BK,CC,D
14:07:19,ICBP,RG,9150,1,D,CC,LG,D
14:07:19,ICBP,RG,9150,5,D,CC,GR,D
14:07:16,ICBP,RG,9150,5,D,CC,CC,D
14:07:12,ICBP,RG,9150,1,D,CC,XC,D
14:07:06,ICBP,RG,9175,10,D,BB,CC,D
14:07:02,ICBP,RG,9175,15,D,CC,CC,D
14:07:02,ICBP,RG,9175,1,D,CC,DX,D
14:07:02,ICBP,RG,9175,5,D,CC,KK,D
14:07:02,ICBP,RG,9175,2,D,CC,CC,D
14:07:02,ICBP,RG,9175,10,D,CC,YP,D
14:07:02,ICBP,RG,9175,12,D,CC,PD,D
14:07:02,ICBP,RG,9175,4,D,CC,YP,D
14:07:02,ICBP,RG,9175,10,D,CC,YP,D
14:07:02,ICBP,RG,9175,26,D,CC,CC,D
14:07:01,ICBP,RG,9175,15,D,BK,CC,D
14:06:59,ICBP,RG,9150,6,D,CC,YP,D
14:06:59,ICBP,RG,9150,14,D,CC,YP,D
14:06:56,ICBP,RG,9150,200,D,CC,YP,D
14:06:54,ICBP,RG,9150,1,D,CC,KK,D
14:06:46,ICBP,RG,9150,5,D,CC,DH,D
14:06:45,ICBP,RG,9175,2,F,ZP,CC,D
14:06:45,ICBP,RG,9150,150,D,CC,YP,D
14:06:42,ICBP,RG,9175,7,D,BK,CC,D
14:06:42,ICBP,RG,9175,6,D,BK,YP,D
14:06:34,ICBP,RG,9175,9,D,BB,YP,D
14:06:34,ICBP,RG,9175,1,D,BB,YP,D
14:06:34,ICBP,RG,9175,3,D,BB,XA,D
14:06:25,ICBP,RG,9150,2,D,CC,NI,D
14:06:20,ICBP,RG,9150,10,D,CC,CC,D
14:06:18,ICBP,RG,9175,18,D,BK,XA,D
14:06:06,ICBP,RG,9175,4,D,BK,XA,D
14:06:06,ICBP,RG,9175,6,D,BK,SQ,D
14:06:05,ICBP,RG,9175,4,D,CC,SQ,D
14:06:05,ICBP,RG,9175,1,D,CC,YP,D
14:05:56,ICBP,RG,9175,1,D,BB,YP,D
14:05:56,ICBP,RG,9175,9,D,BB,XA,D
14:05:55,ICBP,RG,9175,2,F,ZP,XA,D
14:05:55,ICBP,RG,9175,9,D,BK,XA,D
14:05:47,ICBP,RG,9175,8,D,BK,XA,D
14:05:31,ICBP,RG,9175,1,D,PD,XA,D
14:05:24,ICBP,RG,9175,1,D,BB,XA,D
14:05:24,ICBP,RG,9175,9,D,BB,GR,D
14:05:23,ICBP,RG,9175,1,D,BK,GR,D
14:05:23,ICBP,RG,9175,1,D,BK,PD,D
14:05:23,ICBP,RG,9175,2,D,BK,YJ,D
14:05:23,ICBP,RG,9175,3,D,BK,PD,D
14:05:23,ICBP,RG,9175,1,D,BK,DH,D
14:05:23,ICBP,RG,9175,1,D,BK,GR,D
14:05:23,ICBP,RG,9175,5,D,BK,KK,D
14:05:23,ICBP,RG,9175,1,D,BK,DH,D
14:05:23,ICBP,RG,9175,2,D,BK,ZP,D
14:05:20,ICBP,RG,9175,10,D,CC,ZP,D
14:05:18,ICBP,RG,9150,3,D,CC,PD,D
14:05:11,ICBP,RG,9175,8,D,BK,ZP,D
14:05:09,ICBP,RG,9150,49,D,CC,CC,D
14:05:09,ICBP,RG,9150,1,D,CC,CC,D
14:05:07,ICBP,RG,9175,2,F,ZP,ZP,D
14:05:05,ICBP,RG,9150,24,D,CC,PD,D
14:04:54,ICBP,RG,9175,14,D,BK,ZP,D
14:04:51,ICBP,RG,9175,13,D,BB,ZP,D
14:04:49,ICBP,RG,9175,1,D,XC,ZP,D
14:04:43,ICBP,RG,9175,7,D,BK,ZP,D
14:04:42,ICBP,RG,9150,3,D,CC,NI,D
14:04:41,ICBP,RG,9175,1,D,XC,ZP,D
14:04:32,ICBP,RG,9175,8,D,BK,ZP,D
14:04:29,ICBP,RG,9150,2,D,CC,PD,D
14:04:23,ICBP,RG,9175,8,D,BK,ZP,D
14:04:20,ICBP,RG,9175,1,D,NI,ZP,D
14:04:14,ICBP,RG,9150,1,D,CC,KK,D
14:04:13,ICBP,RG,9175,7,D,BK,ZP,D
14:04:13,ICBP,RG,9175,11,D,BB,ZP,D
14:04:08,ICBP,RG,9175,5,D,DR,ZP,D
14:04:03,ICBP,RG,9150,1,D,CC,PD,D
14:04:01,ICBP,RG,9175,8,D,BK,ZP,D
14:03:58,ICBP,RG,9150,5,D,CC,XL,D
14:03:54,ICBP,RG,9175,8,D,BK,ZP,D
14:03:45,ICBP,RG,9175,6,D,BK,ZP,D
14:03:45,ICBP,RG,9175,1,D,BK,PD,D
14:03:45,ICBP,RG,9175,1,D,BK,PD,D
14:03:42,ICBP,RG,9175,50,D,CC,YP,D
14:03:41,ICBP,RG,9175,8,D,BK,YP,D
14:03:37,ICBP,RG,9175,11,D,BB,YP,D
14:03:29,ICBP,RG,9150,1,D,CC,KK,D
14:03:28,ICBP,RG,9175,9,D,BK,YP,D
14:03:20,ICBP,RG,9175,22,D,XC,YP,D
14:03:20,ICBP,RG,9175,1,D,XC,PD,D
14:03:20,ICBP,RG,9175,30,D,XC,PD,D
14:03:20,ICBP,RG,9175,2,D,XC,YP,D
14:03:20,ICBP,RG,9175,4,D,XC,XC,D
14:03:20,ICBP,RG,9175,1,D,XC,NI,D
14:03:20,ICBP,RG,9175,40,D,XC,GR,D
14:03:19,ICBP,RG,9175,13,D,BK,GR,D
14:03:14,ICBP,RG,9175,11,D,YP,GR,D
14:03:10,ICBP,RG,9175,8,D,BK,GR,D
14:03:04,ICBP,RG,9175,74,D,BB,GR,D
14:02:55,ICBP,RG,9175,4,D,BK,GR,D
14:02:55,ICBP,RG,9175,5,D,BK,YP,D
14:02:55,ICBP,RG,9175,1,D,BK,DX,D
14:02:55,ICBP,RG,9175,3,D,BK,NI,D
14:02:52,ICBP,RG,9150,10,D,CC,CC,D
14:02:48,ICBP,RG,9175,5,D,YP,NI,D
14:02:47,ICBP,RG,9150,1,D,CC,YP,D
14:02:46,ICBP,RG,9175,3,D,BK,NI,D
14:02:46,ICBP,RG,9175,1,D,BK,PD,D
14:02:46,ICBP,RG,9175,1,D,BK,AT,D
14:02:46,ICBP,RG,9175,9,D,BK,YP,D
14:02:41,ICBP,RG,9150,50,D,CC,BQ,D
14:02:41,ICBP,RG,9150,1,D,CC,KK,D
14:02:35,ICBP,RG,9150,1,F,ZP,YB,D
14:02:35,ICBP,RG,9150,4,D,BB,YB,D
14:02:35,ICBP,RG,9150,17,F,YU,YB,D
14:02:35,ICBP,RG,9150,15,F,ZP,YB,D
14:02:34,ICBP,RG,9175,1,D,BK,YP,D
14:02:34,ICBP,RG,9175,1,D,BK,EP,D
14:02:34,ICBP,RG,9175,7,D,BK,DR,D
14:02:31,ICBP,RG,9150,1,F,ZP,CS,F
14:02:30,ICBP,RG,9150,2,F,ZP,CS,F
14:02:30,ICBP,RG,9150,1,F,BK,PD,D
14:02:30,ICBP,RG,9150,5,F,BK,SQ,D
14:02:30,ICBP,RG,9150,1,F,BK,YP,D
14:02:30,ICBP,RG,9150,11,F,BK,DR,D
14:02:30,ICBP,RG,9150,4,F,BK,CS,F
14:02:30,ICBP,RG,9150,5,F,BK,XC,D
14:02:30,ICBP,RG,9150,10,F,BK,CC,D
14:02:30,ICBP,RG,9150,10,F,BK,PD,D
14:02:30,ICBP,RG,9150,1,F,BK,PD,D
14:02:30,ICBP,RG,9150,10,F,BK,YP,D
14:02:30,ICBP,RG,9150,30,F,BK,DH,D
14:02:30,ICBP,RG,9150,10,F,BK,YP,D
14:02:30,ICBP,RG,9150,2,F,BK,KK,D
14:02:30,ICBP,RG,9150,2,F,BK,PD,D
14:02:30,ICBP,RG,9150,7,F,BK,SQ,D
14:02:30,ICBP,RG,9150,10,F,BK,CC,D
14:02:30,ICBP,RG,9150,1,F,BK,PD,D
14:02:30,ICBP,RG,9150,130,F,BK,YP,D
14:02:30,ICBP,RG,9150,5,F,BK,YP,D
14:02:30,ICBP,RG,9150,5,F,BK,YP,D
14:02:30,ICBP,RG,9150,3,F,BK,CC,D
14:02:30,ICBP,RG,9150,9,F,BK,XC,D
14:02:30,ICBP,RG,9150,5,F,BK,RO,D
14:02:30,ICBP,RG,9150,40,F,BK,XC,D
14:02:30,ICBP,RG,9150,2,F,BK,YP,D
14:02:30,ICBP,RG,9150,1,F,BK,DR,D
14:02:30,ICBP,RG,9150,50,F,BK,XC,D
14:02:30,ICBP,RG,9150,25,F,BK,CC,D
14:02:30,ICBP,RG,9150,1,F,BK,NI,D
14:02:30,ICBP,RG,9150,10,F,BK,PD,D
14:02:30,ICBP,RG,9150,6,F,BK,NI,D
14:02:30,ICBP,RG,9150,4,F,BK,XC,D
14:02:30,ICBP,RG,9150,1,F,BK,XC,D
14:02:30,ICBP,RG,9150,9,F,BK,CS,F
14:02:30,ICBP,RG,9150,2,F,BK,CC,D
14:02:30,ICBP,RG,9150,15,F,BK,CC,D
14:02:30,ICBP,RG,9150,10,F,BK,YP,D
14:02:30,ICBP,RG,9150,1,F,BK,DX,D
14:02:30,ICBP,RG,9150,1,F,BK,CC,D
14:02:30,ICBP,RG,9150,21,F,BK,DH,D
14:02:30,ICBP,RG,9150,1,F,BK,GR,D
14:02:30,ICBP,RG,9150,1,F,BK,YP,D
14:02:30,ICBP,RG,9150,17,F,BK,YU,F
14:02:30,ICBP,RG,9150,7,F,BK,ZP,F
14:02:30,ICBP,RG,9150,20,F,BK,YP,D
14:02:30,ICBP,RG,9150,10,F,BK,NI,D
14:02:30,ICBP,RG,9150,5,F,BK,PD,D
14:02:30,ICBP,RG,9150,1,F,BK,XC,D
14:02:30,ICBP,RG,9150,6,F,BK,LG,D
14:02:30,ICBP,RG,9150,500,F,BK,AZ,D
14:02:30,ICBP,RG,9150,1,F,BK,PD,D
14:02:30,ICBP,RG,9150,1,F,BK,DX,D
14:02:30,ICBP,RG,9150,120,F,BK,PD,D
14:02:30,ICBP,RG,9150,10,F,BK,EP,D
14:02:30,ICBP,RG,9150,1,F,BK,PD,D
14:02:30,ICBP,RG,9150,5,F,BK,CC,D
14:02:30,ICBP,RG,9150,3,F,BK,DH,D
14:02:30,ICBP,RG,9150,7,F,BK,PD,D
14:02:30,ICBP,RG,9150,5,F,BK,PD,D
14:02:30,ICBP,RG,9150,2,F,BK,PD,D
14:02:30,ICBP,RG,9150,1,F,BK,CC,D
14:02:30,ICBP,RG,9150,117,F,BK,PD,D
14:02:29,ICBP,RG,9150,83,D,CC,PD,D
14:02:29,ICBP,RG,9150,1,D,CC,XC,D
14:02:29,ICBP,RG,9150,5,D,CC,EP,D
14:02:29,ICBP,RG,9150,1,D,CC,PD,D
14:02:29,ICBP,RG,9150,10,D,CC,LG,D
14:02:29,ICBP,RG,9150,1,D,CC,XC,D
14:02:29,ICBP,RG,9150,2,D,CC,XC,D
14:02:29,ICBP,RG,9150,2,D,CC,YP,D
14:02:29,ICBP,RG,9150,1,D,CC,GR,D
14:02:29,ICBP,RG,9150,40,D,CC,CC,D
14:02:29,ICBP,RG,9150,12,D,CC,XC,D
14:02:29,ICBP,RG,9150,2,D,CC,YP,D
14:02:29,ICBP,RG,9150,80,D,CC,OD,D
14:02:29,ICBP,RG,9150,4,D,CC,YP,D
14:02:29,ICBP,RG,9150,10,D,CC,XC,D
14:02:29,ICBP,RG,9150,1,D,CC,XC,D
14:02:29,ICBP,RG,9150,50,D,CC,CC,D
14:02:29,ICBP,RG,9150,1,D,CC,PD,D
14:02:29,ICBP,RG,9150,5,D,CC,GR,D
14:02:29,ICBP,RG,9150,2,D,CC,PD,D
14:02:29,ICBP,RG,9150,1,D,CC,YP,D
14:02:29,ICBP,RG,9150,1,D,CC,EP,D
14:02:29,ICBP,RG,9150,5,D,CC,DR,D
14:02:29,ICBP,RG,9150,1,D,CC,YP,D
14:02:29,ICBP,RG,9150,1,D,CC,YP,D
14:02:29,ICBP,RG,9150,17,D,CC,NI,D
14:02:29,ICBP,RG,9150,500,D,CC,AR,D
14:02:29,ICBP,RG,9150,200,D,CC,YP,D
14:02:29,ICBP,RG,9150,3,D,CC,YP,D
14:02:29,ICBP,RG,9150,1,D,CC,YP,D
14:02:29,ICBP,RG,9150,2,D,CC,YP,D
14:02:29,ICBP,RG,9150,10,D,CC,YP,D
14:02:29,ICBP,RG,9150,1,D,CC,YP,D
14:02:29,ICBP,RG,9150,3,D,CC,YP,D
14:02:29,ICBP,RG,9150,5,D,CC,YP,D
14:02:29,ICBP,RG,9150,5,D,CC,YP,D
14:02:29,ICBP,RG,9150,7,D,CC,YP,D
14:02:29,ICBP,RG,9150,5,D,CC,YP,D
14:02:29,ICBP,RG,9150,1,D,CC,YP,D
14:02:29,ICBP,RG,9150,5,D,CC,YP,D
14:02:29,ICBP,RG,9150,5,D,CC,YP,D
14:02:29,ICBP,RG,9150,3,D,CC,YP,D
14:02:29,ICBP,RG,9150,3,D,CC,YP,D
14:02:29,ICBP,RG,9150,3,D,CC,XC,D
14:02:29,ICBP,RG,9150,3,D,CC,XC,D
14:02:29,ICBP,RG,9150,20,D,CC,XC,D
14:02:29,ICBP,RG,9150,2,D,CC,XC,D
14:02:29,ICBP,RG,9150,1,D,CC,XC,D
14:02:29,ICBP,RG,9150,2,D,CC,XC,D
14:02:29,ICBP,RG,9150,11,D,CC,XC,D
14:02:29,ICBP,RG,9150,1,D,CC,XC,D
14:02:29,ICBP,RG,9150,4,D,CC,PD,D
14:02:29,ICBP,RG,9150,25,D,CC,SQ,D
14:02:29,ICBP,RG,9150,20,D,CC,CC,D
14:02:29,ICBP,RG,9150,7,D,CC,XC,D
14:02:29,ICBP,RG,9150,3,D,CC,PD,D
14:02:29,ICBP,RG,9150,1,D,CC,XC,D
14:02:29,ICBP,RG,9150,5,D,CC,AT,D
14:02:29,ICBP,RG,9150,4,D,CC,PD,D
14:02:29,ICBP,RG,9150,2,D,CC,PD,D
14:02:29,ICBP,RG,9150,5,D,CC,PD,D
14:02:29,ICBP,RG,9150,2,D,CC,CC,D
14:02:29,ICBP,RG,9150,10,D,CC,CC,D
14:02:29,ICBP,RG,9150,1,D,CC,CC,D
14:02:29,ICBP,RG,9150,2,D,CC,CC,D
14:02:29,ICBP,RG,9150,2,D,CC,KK,D
14:02:29,ICBP,RG,9150,5,D,CC,TP,D
14:02:29,ICBP,RG,9150,1,D,CC,PD,D
14:02:29,ICBP,RG,9150,1,D,CC,PD,D
14:02:29,ICBP,RG,9150,1,D,CC,XC,D
14:02:29,ICBP,RG,9150,25,D,CC,PD,D
14:02:29,ICBP,RG,9150,1,D,CC,PD,D
14:02:29,ICBP,RG,9150,1,D,CC,PD,D
14:02:29,ICBP,RG,9150,1,D,CC,SQ,D
14:02:29,ICBP,RG,9150,3,D,CC,DH,D
14:02:29,ICBP,RG,9150,3,D,CC,DH,D
14:02:29,ICBP,RG,9150,2,D,CC,PD,D
14:02:29,ICBP,RG,9150,5,D,CC,SQ,D
14:02:29,ICBP,RG,9150,9,D,CC,GR,D
14:02:29,ICBP,RG,9150,5,D,CC,YU,D
14:02:29,ICBP,RG,9150,1,D,CC,PD,D
14:02:29,ICBP,RG,9150,6,D,CC,PD,D
14:02:29,ICBP,RG,9150,1,D,CC,PD,D
14:02:29,ICBP,RG,9150,7,D,CC,PD,D
14:02:29,ICBP,RG,9150,25,D,CC,SQ,D
14:02:29,ICBP,RG,9150,10,D,CC,SQ,D
14:02:29,ICBP,RG,9150,2,D,CC,SQ,D
14:02:29,ICBP,RG,9150,4,D,CC,CC,D
14:02:29,ICBP,RG,9150,79,D,CC,OD,D
14:02:29,ICBP,RG,9150,2,D,CC,XL,D
14:02:29,ICBP,RG,9150,50,D,CC,CC,D
14:02:29,ICBP,RG,9150,2,D,CC,PD,D
14:02:29,ICBP,RG,9150,5,D,CC,LG,D
14:02:29,ICBP,RG,9150,5,D,CC,PD,D
14:02:29,ICBP,RG,9150,1,D,CC,PD,D
14:02:29,ICBP,RG,9150,1,D,CC,PD,D
14:02:29,ICBP,RG,9150,2,D,CC,HP,D
14:02:29,ICBP,RG,9150,15,D,CC,SQ,D
14:02:29,ICBP,RG,9150,2,D,CC,GR,D
14:02:29,ICBP,RG,9150,2,D,CC,PD,D
14:02:29,ICBP,RG,9150,1,D,CC,PD,D
14:02:29,ICBP,RG,9150,15,D,CC,DH,D
14:02:29,ICBP,RG,9150,30,D,CC,KK,D
14:02:29,ICBP,RG,9150,6,D,CC,PD,D
14:02:29,ICBP,RG,9150,2,D,CC,PD,D
14:02:29,ICBP,RG,9150,2,D,CC,EP,D
14:02:29,ICBP,RG,9150,2,D,CC,KK,D
14:02:29,ICBP,RG,9150,3,D,CC,EP,D
14:02:29,ICBP,RG,9150,1,D,CC,AZ,D
14:02:29,ICBP,RG,9150,2,D,CC,PD,D
14:02:29,ICBP,RG,9150,1,D,CC,PD,D
14:02:29,ICBP,RG,9150,12,D,CC,OD,D
14:02:29,ICBP,RG,9150,10,D,CC,ZP,D
14:02:29,ICBP,RG,9150,1,D,CC,EP,D
14:02:29,ICBP,RG,9150,20,D,CC,TP,D
14:02:29,ICBP,RG,9150,2,D,CC,GR,D
14:02:29,ICBP,RG,9150,99,D,CC,TF,D
14:02:29,ICBP,RG,9150,2,D,CC,CC,D
14:02:29,ICBP,RG,9150,5,D,CC,PD,D
14:02:29,ICBP,RG,9150,100,D,CC,YP,D
14:02:29,ICBP,RG,9150,6,D,CC,GR,D
14:02:29,ICBP,RG,9150,5,D,CC,GR,D
14:02:29,ICBP,RG,9150,1,D,CC,YP,D
14:02:29,ICBP,RG,9150,5,D,CC,CC,D
14:02:29,ICBP,RG,9150,59,D,CC,KI,D
14:02:29,ICBP,RG,9125,6,D,CC,NI,D
14:02:25,ICBP,RG,9150,3,D,BK,KI,D
14:02:25,ICBP,RG,9150,1,D,BK,AZ,D
14:02:25,ICBP,RG,9150,1,D,BK,AI,D
14:02:25,ICBP,RG,9150,3,D,BK,YP,D
14:02:17,ICBP,RG,9150,1,D,BK,YP,D
14:02:17,ICBP,RG,9150,3,D,BK,PD,D
14:02:17,ICBP,RG,9150,5,D,BK,SQ,D
14:02:12,ICBP,RG,9150,5,D,HP,SQ,D
14:02:10,ICBP,RG,9150,4,D,BK,XC,D
14:02:10,ICBP,RG,9150,3,D,BK,ZP,D
14:02:10,ICBP,RG,9150,2,D,BK,KK,D
14:02:10,ICBP,RG,9150,1,D,BK,PD,D
14:02:05,ICBP,RG,9150,4,D,BK,PD,D
14:02:05,ICBP,RG,9150,25,D,BK,YB,D
14:02:04,ICBP,RG,9150,25,D,BB,YB,D
14:02:04,ICBP,RG,9150,2,D,BB,XC,D
14:02:04,ICBP,RG,9150,1,D,BB,PD,D
14:02:04,ICBP,RG,9150,10,D,BB,PD,D
14:02:04,ICBP,RG,9150,3,D,BB,SQ,D
14:02:04,ICBP,RG,9150,2,D,BB,YJ,D
14:02:04,ICBP,RG,9150,5,D,BB,YB,D
14:02:04,ICBP,RG,9150,1,D,BB,GR,D
14:02:04,ICBP,RG,9150,1,D,BB,PD,D
14:02:04,ICBP,RG,9150,1,D,BB,NI,D
14:02:04,ICBP,RG,9150,18,D,BB,YP,D
14:02:00,ICBP,RG,9150,12,D,CC,YP,D
14:02:00,ICBP,RG,9150,5,D,CC,XC,D
14:02:00,ICBP,RG,9150,7,D,CC,DR,D
14:02:00,ICBP,RG,9150,10,D,CC,PD,D
14:02:00,ICBP,RG,9150,1,D,CC,YP,D
14:02:00,ICBP,RG,9150,38,D,CC,PD,D
14:02:00,ICBP,RG,9150,3,D,CC,YP,D
14:02:00,ICBP,RG,9150,2,D,CC,GR,D
14:02:00,ICBP,RG,9150,5,D,CC,TP,D
14:02:00,ICBP,RG,9150,5,D,CC,NI,D
14:02:00,ICBP,RG,9150,1,D,CC,OD,D
14:02:00,ICBP,RG,9150,100,D,CC,GR,D
14:02:00,ICBP,RG,9150,1,D,CC,YP,D
14:02:00,ICBP,RG,9150,1,D,CC,XC,D
14:02:00,ICBP,RG,9150,2,D,CC,PD,D
14:02:00,ICBP,RG,9150,50,D,CC,OD,D
14:02:00,ICBP,RG,9150,38,D,CC,PD,D
14:02:00,ICBP,RG,9150,2,D,CC,PD,D
14:02:00,ICBP,RG,9150,5,D,CC,PD,D
14:02:00,ICBP,RG,9150,2,D,CC,DH,D
14:02:00,ICBP,RG,9150,6,D,CC,YP,D
14:02:00,ICBP,RG,9150,100,D,CC,YP,D
14:02:00,ICBP,RG,9150,25,D,CC,AF,D
14:02:00,ICBP,RG,9150,5,D,CC,CC,D
14:02:00,ICBP,RG,9150,25,D,CC,LG,D
14:02:00,ICBP,RG,9150,1,D,CC,XC,D
14:02:00,ICBP,RG,9150,2,D,CC,KK,D
14:02:00,ICBP,RG,9150,10,D,CC,CC,D
14:02:00,ICBP,RG,9150,3,D,CC,NI,D
14:02:00,ICBP,RG,9150,10,D,CC,EP,D
14:02:00,ICBP,RG,9150,1,D,CC,DH,D
14:02:00,ICBP,RG,9150,6,D,CC,CC,D
14:01:59,ICBP,RG,9125,1,D,CC,AZ,D
14:01:51,ICBP,RG,9125,6,D,CC,PD,D
14:01:41,ICBP,RG,9150,8,D,BK,CC,D
14:01:40,ICBP,RG,9150,1,D,XC,CC,D
14:01:40,ICBP,RG,9150,2,D,XC,EP,D
14:01:23,ICBP,RG,9150,3,D,BK,EP,D
14:01:23,ICBP,RG,9150,7,D,BK,LG,D
14:01:22,ICBP,RG,9150,3,D,AZ,LG,D
14:01:22,ICBP,RG,9150,3,D,AZ,ZP,D
14:01:22,ICBP,RG,9150,1,D,AZ,DR,D
14:01:22,ICBP,RG,9150,13,D,AZ,YP,D
14:01:19,ICBP,RG,9150,7,D,BK,YP,D
14:01:19,ICBP,RG,9150,2,D,BK,CC,D
14:01:17,ICBP,RG,9150,8,D,AZ,CC,D
14:01:17,ICBP,RG,9150,10,D,AZ,SQ,D
14:01:17,ICBP,RG,9150,1,D,AZ,XC,D
14:01:17,ICBP,RG,9150,1,D,AZ,TP,D
14:01:14,ICBP,RG,9150,10,D,BK,CP,D
14:01:14,ICBP,RG,9150,4,D,BK,KK,D
14:01:14,ICBP,RG,9125,1,D,CC,DX,D
14:01:11,ICBP,RG,9150,6,D,AZ,KK,D
14:01:11,ICBP,RG,9150,8,D,AZ,PD,D
14:01:11,ICBP,RG,9150,5,D,AZ,SQ,D
14:01:11,ICBP,RG,9150,11,D,AZ,KK,D
14:01:08,ICBP,RG,9125,1,D,CC,XC,D
14:01:07,ICBP,RG,9125,4,D,CC,YP,D
14:01:06,ICBP,RG,9150,10,D,BK,KK,D
14:01:05,ICBP,RG,9150,20,D,AZ,KK,D
14:01:03,ICBP,RG,9125,2,D,CC,YB,D
14:00:41,ICBP,RG,9125,10,D,CC,XC,D
14:00:36,ICBP,RG,9150,12,D,BK,KK,D
14:00:27,ICBP,RG,9125,10,D,CC,AI,D
14:00:25,ICBP,RG,9150,9,D,BK,KK,D
14:00:15,ICBP,RG,9150,12,D,BK,KK,D
14:00:07,ICBP,RG,9150,9,D,BK,KK,D
13:59:58,ICBP,RG,9150,11,D,BK,KK,D
13:59:54,ICBP,RG,9125,5,D,CC,ZP,D
13:59:44,ICBP,RG,9125,1,D,CC,YB,D
13:59:44,ICBP,RG,9150,6,D,BK,KK,D
13:59:44,ICBP,RG,9150,5,D,BK,YP,D
13:59:42,ICBP,RG,9150,5,D,CC,YP,D
13:59:42,ICBP,RG,9150,5,D,CC,PD,D
13:59:42,ICBP,RG,9150,30,D,CC,RB,D
13:59:42,ICBP,RG,9150,5,D,CC,YP,D
13:59:42,ICBP,RG,9150,4,D,CC,NI,D
13:59:42,ICBP,RG,9150,35,D,CC,KK,D
13:59:35,ICBP,RG,9150,8,D,BK,KK,D
13:59:24,ICBP,RG,9125,100,D,CC,GR,D
13:59:19,ICBP,RG,9125,2,D,CC,NI,D
13:59:13,ICBP,RG,9150,1,D,XC,KK,D
13:59:00,ICBP,RG,9150,29,F,YU,KK,D
13:58:28,ICBP,RG,9150,27,D,BB,KK,D
13:58:28,ICBP,RG,9150,1,D,BB,CC,D
13:58:28,ICBP,RG,9150,28,D,BB,XC,D
13:58:28,ICBP,RG,9150,5,D,BB,SQ,D
13:58:28,ICBP,RG,9150,2,D,BB,XC,D
13:58:28,ICBP,RG,9150,2,D,BB,SQ,D
13:58:28,ICBP,RG,9150,7,D,BB,KK,D
13:58:06,ICBP,RG,9150,1,D,AO,XC,D
13:58:00,ICBP,RG,9150,4,D,CC,XC,D
13:58:00,ICBP,RG,9150,5,D,CC,YP,D
13:58:00,ICBP,RG,9150,5,D,CC,PD,D
13:58:00,ICBP,RG,9150,5,D,CC,LG,D
13:58:00,ICBP,RG,9150,50,D,CC,ES,D
13:58:00,ICBP,RG,9150,1,D,CC,XC,D
13:58:00,ICBP,RG,9150,100,D,CC,ZP,D
13:58:00,ICBP,RG,9150,40,D,CC,ZP,D
13:58:00,ICBP,RG,9150,10,D,CC,DH,D
13:58:00,ICBP,RG,9150,5,D,CC,CP,D
13:58:00,ICBP,RG,9150,6,D,CC,AG,D
13:58:00,ICBP,RG,9150,2,D,CC,XC,D
13:58:00,ICBP,RG,9150,10,D,CC,GR,D
13:58:00,ICBP,RG,9150,10,D,CC,LG,D
13:58:00,ICBP,RG,9150,35,D,CC,GR,D
13:58:00,ICBP,RG,9150,2,D,CC,PD,D
13:58:00,ICBP,RG,9150,10,D,CC,CC,D
13:58:00,ICBP,RG,9150,1,D,CC,CC,D
13:58:00,ICBP,RG,9150,4,D,CC,DH,D
13:58:00,ICBP,RG,9150,2,D,CC,XC,D
13:58:00,ICBP,RG,9150,1,D,CC,YP,D
13:58:00,ICBP,RG,9150,1,D,CC,KK,D
13:58:00,ICBP,RG,9150,5,D,CC,PD,D
13:58:00,ICBP,RG,9150,1,D,CC,EP,D
13:58:00,ICBP,RG,9150,100,D,CC,SQ,D
13:58:00,ICBP,RG,9150,25,D,CC,PD,D
13:58:00,ICBP,RG,9150,2,D,CC,YP,D
13:58:00,ICBP,RG,9150,1,D,CC,XC,D
13:58:00,ICBP,RG,9150,6,D,CC,SQ,D
13:57:57,ICBP,RG,9125,5,D,CC,NI,D
13:57:51,ICBP,RG,9125,1,D,CC,DX,D
13:57:50,ICBP,RG,9125,1,D,CC,XC,D
13:57:49,ICBP,RG,9125,1,D,CC,XC,D
13:57:49,ICBP,RG,9125,1,D,CC,XC,D
13:57:31,ICBP,RG,9125,12,D,CC,CC,D
13:57:24,ICBP,RG,9125,1,D,CC,YP,D
13:57:15,ICBP,RG,9125,10,D,CC,NI,D
13:57:07,ICBP,RG,9125,11,D,CC,NI,D
13:57:00,ICBP,RG,9125,83,D,CC,PD,D
13:56:57,ICBP,RG,9125,5,D,CC,YP,D
13:56:57,ICBP,RG,9125,1,D,CC,CC,D
13:56:47,ICBP,RG,9125,5,D,CC,YB,D
13:56:37,ICBP,RG,9125,1,D,CC,XC,D
13:56:34,ICBP,RG,9125,4,D,CC,KK,D
13:56:31,ICBP,RG,9125,8,D,CC,CC,D
13:56:27,ICBP,RG,9125,4,D,CC,CC,D
13:56:24,ICBP,RG,9125,1,D,CC,GR,D
13:56:04,ICBP,RG,9125,5,D,CC,NI,D
13:56:01,ICBP,RG,9125,150,D,CC,GR,D
13:55:50,ICBP,RG,9125,10,D,CC,PD,D
13:55:34,ICBP,RG,9125,5,D,CC,YP,D
13:55:31,ICBP,RG,9125,11,D,CC,YB,D
13:55:24,ICBP,RG,9125,5,D,CC,PD,D
13:55:20,ICBP,RG,9150,8,F,BK,SQ,D
13:55:17,ICBP,RG,9150,9,F,BK,SQ,D
13:55:16,ICBP,RG,9125,120,D,CC,NI,D
13:55:16,ICBP,RG,9125,3,D,CC,PD,D
13:55:13,ICBP,RG,9125,2,D,CC,SQ,D
13:55:13,ICBP,RG,9150,27,F,BK,SQ,D
13:55:13,ICBP,RG,9150,2,F,BK,XC,D
13:55:13,ICBP,RG,9150,1,F,BK,YP,D
13:55:13,ICBP,RG,9150,2,F,BK,HP,D
13:55:13,ICBP,RG,9150,1,F,BK,YP,D
13:55:13,ICBP,RG,9150,10,F,BK,YP,D
13:55:13,ICBP,RG,9150,1,F,BK,NI,D
13:55:13,ICBP,RG,9150,1,F,BK,CC,D
13:55:13,ICBP,RG,9150,5,F,BK,KK,D
13:55:13,ICBP,RG,9150,10,F,BK,LG,D
13:55:13,ICBP,RG,9150,5,F,BK,HP,D
13:55:13,ICBP,RG,9150,1,F,BK,DX,D
13:55:13,ICBP,RG,9150,1,F,BK,CP,D
13:55:13,ICBP,RG,9150,10,F,BK,YP,D
13:55:13,ICBP,RG,9150,5,F,BK,CC,D
13:55:13,ICBP,RG,9150,1,F,BK,NI,D
13:55:13,ICBP,RG,9150,10,F,BK,DH,D
13:55:11,ICBP,RG,9125,10,D,CC,LS,D
13:55:11,ICBP,RG,9125,1,D,CC,KK,D
13:55:11,ICBP,RG,9125,2,D,CC,GR,D
13:55:11,ICBP,RG,9125,50,D,CC,PD,D
13:55:11,ICBP,RG,9125,5,D,CC,YP,D
13:55:11,ICBP,RG,9125,10,D,CC,HP,D
13:55:11,ICBP,RG,9125,21,D,CC,DH,D
13:55:11,ICBP,RG,9125,70,D,CC,YB,D
13:55:11,ICBP,RG,9125,8,D,CC,EP,D
13:55:11,ICBP,RG,9125,8,D,CC,XC,D
13:55:11,ICBP,RG,9125,46,D,CC,RX,F
13:55:11,ICBP,RG,9125,65,D,CC,RX,F
13:55:11,ICBP,RG,9125,567,D,CC,RX,F
13:55:11,ICBP,RG,9125,156,D,CC,BB,D
13:55:11,ICBP,RG,9125,2,D,CC,ZP,F
13:55:11,ICBP,RG,9125,3,D,CC,CS,F
13:55:11,ICBP,RG,9125,9,D,CC,YU,F
13:55:11,ICBP,RG,9125,40,D,CC,DH,D
13:55:11,ICBP,RG,9125,4,D,CC,PD,D
13:55:11,ICBP,RG,9125,60,D,CC,PD,D
13:55:11,ICBP,RG,9125,9,D,CC,EP,D
13:55:11,ICBP,RG,9125,10,D,CC,YP,D
13:55:11,ICBP,RG,9125,1,D,CC,DX,D
13:55:11,ICBP,RG,9125,1,D,CC,PD,D
13:55:11,ICBP,RG,9125,10,D,CC,SQ,D
13:55:11,ICBP,RG,9125,1,D,CC,PD,D
13:55:11,ICBP,RG,9125,15,D,CC,YP,D
13:55:11,ICBP,RG,9125,1,D,CC,XC,D
13:55:11,ICBP,RG,9125,272,D,CC,AR,D
13:55:11,ICBP,RG,9125,10,D,CC,SQ,D
13:55:11,ICBP,RG,9125,25,D,CC,EP,D
13:55:11,ICBP,RG,9125,1,D,CC,XC,D
13:55:11,ICBP,RG,9125,27,D,CC,XC,D
13:55:11,ICBP,RG,9125,24,D,CC,CC,D
13:55:11,ICBP,RG,9125,2,D,CC,PD,D
13:55:11,ICBP,RG,9125,1,D,CC,PD,D
13:55:11,ICBP,RG,9125,10,D,CC,PD,D
13:55:11,ICBP,RG,9125,5,D,CC,DR,D
13:55:11,ICBP,RG,9125,10,D,CC,PD,D
13:55:11,ICBP,RG,9125,2,D,CC,XC,D
13:55:11,ICBP,RG,9125,1,D,CC,XC,D
13:55:11,ICBP,RG,9125,20,D,CC,EP,D
13:55:11,ICBP,RG,9125,9,D,CC,YP,D
13:55:11,ICBP,RG,9125,70,D,CC,SQ,D
13:55:11,ICBP,RG,9125,1,D,CC,YP,D
13:55:11,ICBP,RG,9125,1,D,CC,XC,D
13:55:11,ICBP,RG,9125,5,D,CC,NI,D
13:55:11,ICBP,RG,9125,16,D,CC,AZ,D
13:55:11,ICBP,RG,9125,2,D,CC,XC,D
13:55:11,ICBP,RG,9125,2,D,CC,NI,D
13:55:11,ICBP,RG,9125,1,D,CC,SQ,D
13:55:11,ICBP,RG,9125,50,D,CC,BQ,D
13:55:11,ICBP,RG,9125,1,D,CC,PD,D
13:55:11,ICBP,RG,9125,2,D,CC,NI,D
13:55:11,ICBP,RG,9125,1,D,CC,AO,D
13:55:11,ICBP,RG,9125,5,D,CC,KK,D
13:55:11,ICBP,RG,9125,5,D,CC,YP,D
13:55:11,ICBP,RG,9125,1,D,CC,NI,D
13:55:11,ICBP,RG,9125,1,D,CC,NI,D
13:55:11,ICBP,RG,9125,20,D,CC,YP,D
13:55:11,ICBP,RG,9125,1,D,CC,DR,D
13:55:11,ICBP,RG,9125,1,D,CC,PD,D
13:55:11,ICBP,RG,9125,1,D,CC,EP,D
13:55:11,ICBP,RG,9125,1,D,CC,YP,D
13:55:11,ICBP,RG,9125,9,D,CC,CC,D
13:55:11,ICBP,RG,9125,5,D,CC,NI,D
13:55:11,ICBP,RG,9125,2,D,CC,PD,D
13:55:11,ICBP,RG,9125,400,D,CC,CC,D
13:55:11,ICBP,RG,9125,13,D,CC,AZ,D
13:55:11,ICBP,RG,9125,5,D,CC,NI,D
13:55:11,ICBP,RG,9125,30,D,CC,AI,D
13:55:11,ICBP,RG,9125,100,D,CC,YP,D
13:55:11,ICBP,RG,9125,1,D,CC,XC,D
13:55:11,ICBP,RG,9125,1,D,CC,YP,D
13:55:10,ICBP,RG,9100,10,D,CC,PD,D
13:54:47,ICBP,RG,9125,8,F,BK,YP,D
13:54:44,ICBP,RG,9125,26,D,BB,YP,D
13:54:44,ICBP,RG,9125,10,D,BB,YP,D
13:54:44,ICBP,RG,9125,7,D,BB,YP,D
13:54:44,ICBP,RG,9125,2,D,BB,YP,D
13:54:44,ICBP,RG,9125,10,D,BB,YP,F
13:54:44,ICBP,RG,9125,8,D,BB,YP,D
13:54:44,ICBP,RG,9125,1,D,BB,YP,D
13:54:44,ICBP,RG,9125,23,D,BB,YP,D
13:54:38,ICBP,RG,9100,1,D,CC,YP,D
13:54:23,ICBP,RG,9100,1,D,CC,NI,D
13:54:09,ICBP,RG,9100,1,D,CC,KK,D
13:54:09,ICBP,RG,9100,1,F,ZP,KK,D
13:53:57,ICBP,RG,9100,15,D,CC,BQ,D
13:53:57,ICBP,RG,9100,14,F,DX,BQ,D
13:53:57,ICBP,RG,9100,20,F,DX,BQ,D
13:53:57,ICBP,RG,9100,1,F,ZP,BQ,D
13:53:48,ICBP,RG,9125,5,F,BK,YP,D
13:53:48,ICBP,RG,9125,1,F,BK,YP,D
13:53:48,ICBP,RG,9125,1,F,BK,YP,D
13:53:48,ICBP,RG,9125,1,F,BK,XC,D
13:53:48,ICBP,RG,9125,1,F,BK,CC,D
13:53:45,ICBP,RG,9100,2,D,BB,CS,F
13:53:45,ICBP,RG,9100,8,F,BK,CS,F
13:53:45,ICBP,RG,9100,6,F,BK,CS,F
13:53:44,ICBP,RG,9100,1,F,AK,DH,D
13:53:44,ICBP,RG,9100,17,F,AK,YU,F
13:53:44,ICBP,RG,9100,1,F,AK,CS,F
13:53:44,ICBP,RG,9100,25,F,AK,CC,D
13:53:44,ICBP,RG,9100,4,F,AK,PD,D
13:53:44,ICBP,RG,9100,10,F,AK,DH,D
13:53:44,ICBP,RG,9100,7,F,AK,DH,D
13:53:44,ICBP,RG,9100,3,F,AK,YP,D
13:53:43,ICBP,RG,9100,2,D,CC,YP,D
13:53:43,ICBP,RG,9100,25,D,CC,EP,D
13:53:43,ICBP,RG,9100,41,D,CC,CC,D
13:53:43,ICBP,RG,9100,1,D,CC,NI,D
13:53:43,ICBP,RG,9100,21,D,CC,DH,D
13:53:43,ICBP,RG,9100,1,D,CC,DX,D
13:53:43,ICBP,RG,9100,23,D,CC,PD,D
13:53:43,ICBP,RG,9100,1,D,CC,CC,D
13:53:43,ICBP,RG,9100,50,D,CC,YP,D
13:53:43,ICBP,RG,9100,1,D,CC,PD,D
13:53:43,ICBP,RG,9100,50,D,CC,GR,D
13:53:43,ICBP,RG,9100,1,D,CC,PD,D
13:53:43,ICBP,RG,9100,46,D,CC,EP,D
13:53:43,ICBP,RG,9100,1,D,CC,KK,D
13:53:43,ICBP,RG,9100,138,D,CC,BB,D
13:53:43,ICBP,RG,9100,85,D,CC,CS,F
13:53:43,ICBP,RG,9100,13,D,CC,BQ,D
13:53:30,ICBP,RG,9075,3,D,CC,PD,D
13:53:23,ICBP,RG,9100,8,F,BK,BQ,D
13:53:20,ICBP,RG,9100,8,F,BK,BQ,D
13:53:15,ICBP,RG,9100,21,D,CC,BQ,D
13:53:15,ICBP,RG,9100,12,D,CC,CC,D
13:53:15,ICBP,RG,9100,100,D,CC,YP,D
13:53:15,ICBP,RG,9100,3,D,CC,SQ,D
13:53:15,ICBP,RG,9100,2,D,CC,XC,D
13:53:15,ICBP,RG,9100,3,D,CC,PD,D
13:53:15,ICBP,RG,9100,10,D,CC,TP,D
13:53:15,ICBP,RG,9100,1,D,CC,ZP,F
13:53:15,ICBP,RG,9100,20,D,CC,PD,D
13:53:15,ICBP,RG,9100,12,D,CC,YU,D
13:53:15,ICBP,RG,9100,5,D,CC,CS,F
13:53:15,ICBP,RG,9100,6,D,CC,YP,D
13:53:15,ICBP,RG,9100,20,D,CC,YP,D
13:53:15,ICBP,RG,9100,3,D,CC,YU,D
13:53:15,ICBP,RG,9100,45,D,CC,NI,D
13:53:15,ICBP,RG,9100,2,D,CC,NI,D
13:53:15,ICBP,RG,9100,1,D,CC,XC,D
13:53:15,ICBP,RG,9100,1,D,CC,YU,F
13:53:15,ICBP,RG,9100,91,D,CC,BB,D
13:53:15,ICBP,RG,9100,5,D,CC,CS,F
13:53:15,ICBP,RG,9100,9,D,CC,RX,F
13:53:15,ICBP,RG,9100,9,D,CC,RX,F
13:53:15,ICBP,RG,9100,23,D,CC,RX,F
13:53:15,ICBP,RG,9100,28,D,CC,RX,F
13:53:15,ICBP,RG,9100,37,D,CC,RX,F
13:53:15,ICBP,RG,9100,2,D,CC,NI,D
13:53:15,ICBP,RG,9100,2,D,CC,PD,D
13:53:15,ICBP,RG,9100,3,D,CC,PD,D
13:53:15,ICBP,RG,9100,1,D,CC,PD,D
13:53:15,ICBP,RG,9100,5,D,CC,PD,D
13:53:15,ICBP,RG,9100,12,D,CC,NI,D
13:53:15,ICBP,RG,9100,6,D,CC,PD,D
13:53:15,ICBP,RG,9100,10,D,CC,PD,D
13:53:15,ICBP,RG,9100,3,D,CC,XL,D
13:53:15,ICBP,RG,9100,1,D,CC,CS,F
13:53:15,ICBP,RG,9100,3,D,CC,CS,F
13:53:15,ICBP,RG,9100,2,D,CC,CS,F
13:53:15,ICBP,RG,9100,100,D,CC,SQ,D
13:53:15,ICBP,RG,9100,7,D,CC,NI,D
13:53:15,ICBP,RG,9100,3,D,CC,CS,F
13:53:15,ICBP,RG,9100,3,D,CC,CS,F
13:53:15,ICBP,RG,9100,2,D,CC,CS,F
13:53:15,ICBP,RG,9100,4,D,CC,PD,D
13:53:15,ICBP,RG,9100,2,D,CC,CS,F
13:53:15,ICBP,RG,9100,1,D,CC,CS,F
13:53:15,ICBP,RG,9100,1,D,CC,LG,D
13:53:15,ICBP,RG,9100,2,D,CC,NI,D
13:53:15,ICBP,RG,9100,1,D,CC,YP,D
13:53:15,ICBP,RG,9100,6,D,CC,CS,F
13:53:15,ICBP,RG,9100,2,D,CC,CS,F
13:53:15,ICBP,RG,9100,2,D,CC,ZP,F
13:53:15,ICBP,RG,9100,116,D,CC,RX,F
13:52:37,ICBP,RG,9100,2,D,PD,RX,F
13:52:37,ICBP,RG,9100,13,D,PD,RX,F
13:52:16,ICBP,RG,9100,147,D,CC,RX,F
13:52:16,ICBP,RG,9075,1,D,CC,DH,D
13:51:42,ICBP,RG,9075,60,D,CC,YP,D
13:51:04,ICBP,RG,9075,3,D,CC,YU,F
13:50:58,ICBP,RG,9075,13,D,CC,XC,D
13:50:52,ICBP,RG,9075,15,D,CC,LG,D
13:50:52,ICBP,RG,9075,85,D,CP,LG,D
13:50:46,ICBP,RG,9100,21,D,CC,RX,F
13:50:46,ICBP,RG,9100,130,D,CC,RX,F
13:50:38,ICBP,RG,9075,15,D,CP,NI,D
13:50:38,ICBP,RG,9075,1,D,XC,NI,D
13:50:38,ICBP,RG,9075,2,F,ZP,NI,D
13:50:38,ICBP,RG,9075,11,D,BB,NI,D
13:50:38,ICBP,RG,9075,16,D,AZ,NI,D
13:50:19,ICBP,RG,9075,2,D,AZ,YP,D
13:50:19,ICBP,RG,9075,15,D,AZ,DH,D
13:50:19,ICBP,RG,9075,1,D,PD,DH,D
13:50:19,ICBP,RG,9075,5,F,ZP,DH,D
13:50:05,ICBP,RG,9075,1,F,ZP,YP,D
13:49:44,ICBP,RG,9075,1,F,ZP,XC,D
13:49:17,ICBP,RG,9075,1,F,ZP,PD,D
13:49:14,ICBP,RG,9100,161,D,CC,RX,F
13:49:13,ICBP,RG,9075,1,F,ZP,CC,D
13:48:51,ICBP,RG,9075,1,F,ZP,YP,D
13:48:51,ICBP,RG,9075,1,D,PD,YP,D
13:48:14,ICBP,RG,9075,8,D,PD,RX,F
13:48:13,ICBP,RG,9075,11,D,PD,RX,F
13:47:42,ICBP,RG,9100,99,D,CC,RX,F
13:47:30,ICBP,RG,9075,1,D,CC,ZP,F
13:47:20,ICBP,RG,9075,28,D,CC,RX,F
13:47:20,ICBP,RG,9075,15,D,DH,RX,F
13:47:20,ICBP,RG,9075,2,F,BK,RX,F
13:47:20,ICBP,RG,9075,34,F,BK,RX,F
13:47:17,ICBP,RG,9075,30,F,BK,PD,D
13:47:17,ICBP,RG,9075,1,D,XC,PD,D
13:47:17,ICBP,RG,9075,5,D,CC,PD,D
13:47:17,ICBP,RG,9075,30,D,CC,PD,D
13:47:17,ICBP,RG,9075,17,D,YP,PD,D
13:47:07,ICBP,RG,9100,8,F,BK,RX,F
13:47:03,ICBP,RG,9075,1,D,YP,PD,D
13:47:02,ICBP,RG,9100,41,F,BK,RX,F
13:47:00,ICBP,RG,9075,2,D,YP,ZP,F
13:47:00,ICBP,RG,9075,17,F,DX,SQ,D
13:47:00,ICBP,RG,9075,48,D,CC,SQ,D
13:47:00,ICBP,RG,9075,15,F,YU,SQ,D
13:47:00,ICBP,RG,9075,1,F,ZP,SQ,D
13:47:00,ICBP,RG,9075,2,F,ZP,SQ,D
13:47:00,ICBP,RG,9075,2,D,BB,SQ,D
13:47:00,ICBP,RG,9075,500,D,CC,SQ,D
13:47:00,ICBP,RG,9075,60,D,AZ,SQ,D
13:47:00,ICBP,RG,9075,70,D,AZ,SQ,D
13:47:00,ICBP,RG,9075,14,F,DX,SQ,D
13:47:00,ICBP,RG,9075,2,F,ZP,SQ,D
13:47:00,ICBP,RG,9075,45,D,CC,SQ,D
13:47:00,ICBP,RG,9075,2,F,ZP,SQ,D
13:47:00,ICBP,RG,9075,5,D,TP,SQ,D
13:47:00,ICBP,RG,9075,267,D,GR,SQ,D
13:46:52,ICBP,RG,9100,1,D,PD,RX,F
13:46:38,ICBP,RG,9100,19,D,BB,RX,F
13:46:36,ICBP,RG,9100,5,D,PD,RX,F
13:46:32,ICBP,RG,9075,12,D,GR,RX,F
13:46:23,ICBP,RG,9075,10,D,GR,RX,F
13:46:22,ICBP,RG,9075,1,D,GR,PD,D
13:46:21,ICBP,RG,9100,7,F,BK,RX,F
13:46:19,ICBP,RG,9075,1000,D,GR,YU,F
13:46:08,ICBP,RG,9100,153,D,CC,RX,F
13:45:49,ICBP,RG,9100,5,D,CC,RX,F
13:45:46,ICBP,RG,9075,4,D,GR,AT,D
13:45:40,ICBP,RG,9100,15,D,BB,RX,F
13:45:37,ICBP,RG,9075,45,D,GR,RX,F
13:45:23,ICBP,RG,9075,32,D,GR,RX,F
13:45:22,ICBP,RG,9075,1,D,GR,NI,D
13:45:20,ICBP,RG,9075,1,D,GR,PD,D
13:44:59,ICBP,RG,9075,1,D,GR,PD,D
13:44:54,ICBP,RG,9100,17,D,BB,RX,F
13:44:52,ICBP,RG,9100,3,D,CC,RX,F
13:44:51,ICBP,RG,9100,276,D,CC,RX,F
13:44:36,ICBP,RG,9100,107,D,CC,RX,F
13:44:36,ICBP,RG,9100,45,D,CC,RX,F
13:44:20,ICBP,RG,9100,2,D,KK,RX,F
13:44:16,ICBP,RG,9075,6,D,GR,JB,D
13:44:05,ICBP,RG,9100,9,F,ZP,RX,F
13:44:00,ICBP,RG,9100,13,D,BB,RX,F
13:43:50,ICBP,RG,9075,101,D,GR,NI,D
13:43:21,ICBP,RG,9075,1,D,GR,YU,F
13:43:10,ICBP,RG,9100,2,D,KK,RX,F
13:43:06,ICBP,RG,9100,3,D,EP,RX,F
13:43:04,ICBP,RG,9100,45,D,CC,RX,F
13:43:04,ICBP,RG,9100,86,D,CC,RX,F
13:43:04,ICBP,RG,9100,5,D,CC,NI,D
13:43:04,ICBP,RG,9100,4,D,CC,CS,F
13:43:04,ICBP,RG,9100,1,D,CC,YU,F
13:43:04,ICBP,RG,9100,1,D,CC,BB,D
13:43:04,ICBP,RG,9100,4,D,CC,BQ,D
13:42:39,ICBP,RG,9075,7,D,GR,YP,D
13:42:38,ICBP,RG,9075,9,D,GR,NI,D
13:42:31,ICBP,RG,9075,1,D,GR,YU,F
13:42:23,ICBP,RG,9075,1,D,GR,PD,D
13:42:12,ICBP,RG,9075,1,D,OD,SQ,D
13:42:12,ICBP,RG,9075,2,F,ZP,SQ,D
13:42:12,ICBP,RG,9075,2,F,ZP,SQ,D
13:41:46,ICBP,RG,9075,2,F,ZP,YU,F
13:41:43,ICBP,RG,9075,1,F,ZP,XC,D
13:41:43,ICBP,RG,9075,1,D,CC,XC,D
13:41:43,ICBP,RG,9075,2,F,DX,XC,D
13:41:20,ICBP,RG,9075,2,F,DX,XC,D
13:41:06,ICBP,RG,9075,13,F,DX,YP,D
13:41:06,ICBP,RG,9075,5,D,PD,YP,D
13:41:06,ICBP,RG,9075,5,D,DR,YP,D
13:41:06,ICBP,RG,9075,40,D,AZ,YP,D
13:41:06,ICBP,RG,9075,6,D,EP,YP,D
13:41:06,ICBP,RG,9075,1,F,ZP,YP,D
13:41:06,ICBP,RG,9075,30,D,AZ,YP,D
13:41:03,ICBP,RG,9075,10,D,AZ,PD,D
13:41:00,ICBP,RG,9075,1,D,AZ,PD,D
13:40:56,ICBP,RG,9075,1,D,AZ,YU,F
13:40:45,ICBP,RG,9075,1,D,AZ,YP,D
13:40:31,ICBP,RG,9075,7,D,AZ,RX,F
13:40:31,ICBP,RG,9075,2,D,CC,RX,F
13:40:30,ICBP,RG,9075,23,D,CC,RX,F
13:40:23,ICBP,RG,9075,9,D,CC,RX,F
13:40:11,ICBP,RG,9075,2,D,CC,YU,F
13:40:04,ICBP,RG,9075,1,D,CC,ZP,F
13:39:58,ICBP,RG,9075,3,D,CC,RX,F
13:39:58,ICBP,RG,9075,1,D,DR,RX,F
13:39:58,ICBP,RG,9075,1,F,ZP,RX,F
13:39:58,ICBP,RG,9075,5,D,AT,RX,F
13:39:58,ICBP,RG,9075,1,F,ZP,RX,F
13:39:58,ICBP,RG,9075,1,F,ZP,RX,F
13:39:58,ICBP,RG,9075,19,D,YP,RX,F
13:39:31,ICBP,RG,9075,1,D,YP,XC,D
13:39:27,ICBP,RG,9075,2,D,YP,DH,D
13:39:27,ICBP,RG,9075,12,D,YP,RX,F
13:39:25,ICBP,RG,9075,1,D,YP,YU,F
13:39:17,ICBP,RG,9075,6,D,YP,NI,D
13:39:16,ICBP,RG,9075,22,D,YP,RX,F
13:39:16,ICBP,RG,9075,2,D,CC,RX,F
13:39:14,ICBP,RG,9075,8,D,CC,RX,F
13:39:06,ICBP,RG,9075,5,D,PD,YP,D
13:39:01,ICBP,RG,9075,5,D,PD,RX,F
13:39:01,ICBP,RG,9075,4,D,YP,RX,F
13:38:56,ICBP,RG,9075,10,D,YP,SQ,D
13:38:45,ICBP,RG,9075,30,D,YP,RX,F
13:38:37,ICBP,RG,9075,9,D,YP,RX,F
13:38:33,ICBP,RG,9075,2,D,YP,YU,F
13:38:29,ICBP,RG,9075,2,D,YP,PD,D
13:38:18,ICBP,RG,9075,1,D,YP,ZP,F
13:38:17,ICBP,RG,9075,20,D,YP,DX,D
13:38:17,ICBP,RG,9075,3,D,YP,PD,D
13:38:06,ICBP,RG,9075,19,D,YP,RX,F
13:38:06,ICBP,RG,9075,1,D,YP,RX,F
13:38:06,ICBP,RG,9075,5,D,YP,RX,F
13:38:06,ICBP,RG,9075,2,D,PD,RX,F
13:38:05,ICBP,RG,9075,7,D,PD,RX,F
13:38:05,ICBP,RG,9075,1,D,CC,RX,F
13:38:05,ICBP,RG,9075,1,D,PD,RX,F
13:38:05,ICBP,RG,9075,2,D,KK,RX,F
13:38:05,ICBP,RG,9075,1,D,AZ,RX,F
13:38:03,ICBP,RG,9075,3,D,AZ,PD,D
13:37:57,ICBP,RG,9075,3,D,AZ,GR,D
13:37:53,ICBP,RG,9075,43,D,AZ,CC,D
13:37:53,ICBP,RG,9075,57,D,AZ,CC,D
13:37:43,ICBP,RG,9075,3,D,AZ,YP,D
13:37:39,ICBP,RG,9075,10,D,AZ,KK,D
13:37:38,ICBP,RG,9075,1,D,PD,YU,F
13:37:38,ICBP,RG,9075,1,D,PD,YU,F
13:37:36,ICBP,RG,9075,9,D,PD,RX,F
13:37:36,ICBP,RG,9075,1,D,YP,NI,D
13:37:36,ICBP,RG,9075,4,D,CC,NI,D
13:37:35,ICBP,RG,9075,1,D,CC,RX,F
13:37:35,ICBP,RG,9075,5,D,YP,RX,F
13:37:35,ICBP,RG,9075,2,D,KK,RX,F
13:37:35,ICBP,RG,9075,1,D,KK,SQ,D
13:37:35,ICBP,RG,9075,5,D,CC,SQ,D
13:37:35,ICBP,RG,9075,2,D,PD,SQ,D
13:37:35,ICBP,RG,9075,2,F,DX,SQ,D
13:37:31,ICBP,RG,9075,3,F,DX,RX,F
13:37:31,ICBP,RG,9075,2,D,PD,RX,F
13:37:31,ICBP,RG,9075,1,D,XC,RX,F
13:37:31,ICBP,RG,9075,10,D,PD,RX,F
13:37:31,ICBP,RG,9075,1,D,YP,RX,F
13:37:31,ICBP,RG,9075,1,D,YP,RX,F
13:37:31,ICBP,RG,9075,1,D,SQ,RX,F
13:37:31,ICBP,RG,9075,2,D,YP,RX,F
13:37:31,ICBP,RG,9075,1,D,CC,RX,F
13:37:31,ICBP,RG,9075,6,D,SQ,RX,F
13:36:57,ICBP,RG,9075,1,D,SQ,YP,D
13:36:53,ICBP,RG,9075,3,D,SQ,RX,F
13:36:53,ICBP,RG,9075,1,D,YB,RX,F
13:36:53,ICBP,RG,9075,2,D,DH,RX,F
13:36:53,ICBP,RG,9075,1,D,PD,RX,F
13:36:53,ICBP,RG,9075,1,D,CC,RX,F
13:36:53,ICBP,RG,9075,3,F,DX,RX,F
13:36:53,ICBP,RG,9075,2,F,DX,RX,F
13:36:53,ICBP,RG,9075,16,D,CC,RX,F
13:36:51,ICBP,RG,9075,53,D,CC,XA,D
13:36:49,ICBP,RG,9075,9,D,CC,RX,F
13:36:48,ICBP,RG,9075,1,D,CC,XC,D
13:36:46,ICBP,RG,9075,1,D,CC,YU,F
13:36:28,ICBP,RG,9075,1,D,CC,PD,D
13:36:24,ICBP,RG,9075,6,D,CC,XC,D
13:36:21,ICBP,RG,9075,386,D,CC,RX,F
13:36:19,ICBP,RG,9100,10,F,ZP,BQ,D
13:36:19,ICBP,RG,9100,27,D,YP,BQ,D
13:36:19,ICBP,RG,9100,1,D,YP,BQ,D
13:36:19,ICBP,RG,9100,8,F,DX,BQ,D
13:36:18,ICBP,RG,9100,8,F,DX,RX,F
13:36:18,ICBP,RG,9100,26,D,CC,RX,F
13:36:16,ICBP,RG,9100,10,D,CC,YP,D
13:36:16,ICBP,RG,9100,20,D,CC,YP,D
13:36:14,ICBP,RG,9100,43,D,CC,RX,F
13:36:14,ICBP,RG,9100,37,D,CC,RX,F
13:36:13,ICBP,RG,9100,5,D,CC,YP,D
13:36:10,ICBP,RG,9100,5,D,CC,YP,D
13:36:09,ICBP,RG,9100,240,D,CC,AK,F
13:36:07,ICBP,RG,9100,15,D,YB,AK,F
13:36:07,ICBP,RG,9100,1,F,ZP,AK,F
13:36:07,ICBP,RG,9100,16,F,DX,AK,F
13:36:07,ICBP,RG,9100,1,F,ZP,AK,F
13:36:07,ICBP,RG,9100,10,D,CC,AK,F
13:36:07,ICBP,RG,9100,1,F,ZP,AK,F
13:36:07,ICBP,RG,9100,1,F,ZP,AK,F
13:36:07,ICBP,RG,9100,1,F,ZP,AK,F
13:36:07,ICBP,RG,9100,12,F,DX,AK,F
13:36:07,ICBP,RG,9100,6,D,YP,AK,F
13:36:07,ICBP,RG,9100,56,D,YP,AK,F
13:36:07,ICBP,RG,9100,1,D,XC,AK,F
13:36:07,ICBP,RG,9100,5,D,CC,AK,F
13:36:07,ICBP,RG,9100,15,F,YU,AK,F
13:36:07,ICBP,RG,9100,1,D,CC,AK,F
13:36:07,ICBP,RG,9100,1,D,XC,AK,F
13:36:07,ICBP,RG,9100,2,D,KK,AK,F
13:36:07,ICBP,RG,9100,10,D,PD,AK,F
13:36:07,ICBP,RG,9100,1,D,LG,AK,F
13:36:07,ICBP,RG,9100,84,D,CC,AK,F
13:36:06,ICBP,RG,9100,111,D,CC,AK,F
13:36:06,ICBP,RG,9100,65,D,CC,AK,F
13:36:06,ICBP,RG,9100,20,D,HP,AK,F
13:36:06,ICBP,RG,9100,1,D,MU,AK,F
13:36:06,ICBP,RG,9100,10,D,LS,AK,F
13:36:06,ICBP,RG,9100,11,D,HP,AK,F
13:36:06,ICBP,RG,9100,10,D,NI,AK,F
13:36:06,ICBP,RG,9100,1,D,CC,AK,F
13:36:06,ICBP,RG,9100,11,D,CC,AK,F
13:36:06,ICBP,RG,9100,6,D,CC,ZP,F
13:36:06,ICBP,RG,9100,83,D,CC,AK,F
13:36:06,ICBP,RG,9100,5,D,PD,AK,F
13:36:06,ICBP,RG,9100,12,F,YU,AK,F
13:36:06,ICBP,RG,9100,3,D,KK,AK,F
13:36:06,ICBP,RG,9100,137,D,CC,AK,F
13:36:05,ICBP,RG,9100,62,D,CC,RX,F
13:36:00,ICBP,RG,9100,2,D,CC,DH,D
13:35:56,ICBP,RG,9100,2,D,CC,YU,F
13:35:50,ICBP,RG,9100,5,D,CC,GR,D
13:35:47,ICBP,RG,9100,1,D,CC,LG,D
13:35:42,ICBP,RG,9100,29,D,CC,RX,F
13:35:42,ICBP,RG,9100,5,D,CC,KK,D
13:35:40,ICBP,RG,9100,7,D,CC,RX,F
13:35:40,ICBP,RG,9100,2,F,DX,RX,F
13:35:18,ICBP,RG,9100,13,F,DX,NI,D
13:35:05,ICBP,RG,9100,1,D,PD,YU,F
13:35:04,ICBP,RG,9100,17,D,AZ,RX,F
13:35:00,ICBP,RG,9125,23,F,YU,CC,D
13:35:00,ICBP,RG,9125,1,F,YU,XC,D
13:35:00,ICBP,RG,9125,1,F,YU,CC,D
13:35:00,ICBP,RG,9125,5,F,YU,YP,D
13:35:00,ICBP,RG,9125,3,F,YU,YP,D
13:34:54,ICBP,RG,9100,29,D,AZ,RX,F
13:34:49,ICBP,RG,9100,1,D,AZ,GR,D
13:34:46,ICBP,RG,9100,1,D,AZ,CC,D
13:34:39,ICBP,RG,9100,1,D,AZ,EP,D
13:34:22,ICBP,RG,9100,2,D,AZ,KK,D
13:34:18,ICBP,RG,9100,1,D,AZ,YP,D
13:34:17,ICBP,RG,9100,28,D,AZ,DH,D
13:34:17,ICBP,RG,9100,1,D,AZ,DH,D
13:34:14,ICBP,RG,9100,5,D,AZ,NI,D
13:33:51,ICBP,RG,9100,40,D,AZ,BQ,D
13:33:49,ICBP,RG,9100,1,D,AZ,KK,D
13:33:37,ICBP,RG,9100,3,D,AZ,PD,D
13:33:37,ICBP,RG,9100,2,D,CC,PD,D
13:33:32,ICBP,RG,9100,1,D,CC,CC,D
13:33:24,ICBP,RG,9100,87,D,CC,YP,D
13:33:24,ICBP,RG,9100,1,D,XC,YP,D
13:33:24,ICBP,RG,9100,162,D,CC,YP,D
13:33:17,ICBP,RG,9100,3,D,CC,CC,D
13:32:56,ICBP,RG,9100,2,D,CC,YP,D
13:32:39,ICBP,RG,9100,1,D,CC,YP,D
13:32:38,ICBP,RG,9100,5,D,CC,DR,D
13:32:25,ICBP,RG,9100,1,D,CC,XC,D
13:32:19,ICBP,RG,9100,6,D,CC,PD,D
13:32:13,ICBP,RG,9125,1,D,XC,YP,D
13:31:42,ICBP,RG,9125,60,D,AZ,YP,D
13:31:36,ICBP,RG,9125,36,D,AZ,YP,D
13:31:36,ICBP,RG,9125,1,D,AZ,XC,D
13:31:36,ICBP,RG,9125,20,D,AZ,XC,D
13:31:36,ICBP,RG,9125,1,D,AZ,XC,D
13:31:36,ICBP,RG,9125,1,D,AZ,XC,D
13:31:36,ICBP,RG,9125,11,D,AZ,CC,D
13:31:06,ICBP,RG,9125,2,D,GR,CC,D
13:30:57,ICBP,RG,9100,3,D,CC,PD,D
13:30:57,ICBP,RG,9100,38,D,CC,CC,D
13:30:31,ICBP,RG,9125,37,D,PD,CC,D
13:30:31,ICBP,RG,9125,13,D,PD,CC,D
13:30:21,ICBP,RG,9125,12,F,ZP,CC,D
13:30:17,ICBP,RG,9125,87,D,YP,CC,D
13:30:17,ICBP,RG,9125,3,D,YP,CS,F
13:30:17,ICBP,RG,9125,1,D,YP,XC,D
13:30:17,ICBP,RG,9125,1,D,YP,CC,D
13:30:17,ICBP,RG,9125,1,D,YP,XC,D
13:30:17,ICBP,RG,9125,1,D,YP,XC,D
13:30:17,ICBP,RG,9125,1,D,YP,PD,D
13:30:17,ICBP,RG,9125,5,D,YP,CC,D
13:30:15,ICBP,RG,9125,3,D,YP,CC,D
13:30:15,ICBP,RG,9125,7,D,YP,CC,D
13:30:15,ICBP,RG,9125,1,D,YP,PD,D
13:30:15,ICBP,RG,9125,3,D,YP,CC,D
13:30:15,ICBP,RG,9125,17,D,YP,PD,D
13:30:12,ICBP,RG,9125,5,D,YP,PD,D
13:30:12,ICBP,RG,9125,1,D,XC,PD,D
13:30:10,ICBP,RG,9125,90,D,CC,PD,D
13:30:10,ICBP,RG,9125,1,D,CC,PD,D
13:30:09,ICBP,RG,9125,2,D,XC,PD,D
13:30:09,ICBP,RG,9125,1,D,XC,PD,D
13:30:09,ICBP,RG,9125,2,D,XC,PD,D
13:30:09,ICBP,RG,9125,1,D,XC,PD,D
13:30:09,ICBP,RG,9125,1,D,XC,PD,D
13:30:08,ICBP,RG,9125,2,D,CC,PD,D
13:30:08,ICBP,RG,9125,3,D,CC,PD,D
13:30:08,ICBP,RG,9125,1,D,XC,PD,D
13:30:08,ICBP,RG,9125,6,D,KK,PD,D
13:30:08,ICBP,RG,9125,43,D,PD,PD,D
13:30:08,ICBP,RG,9125,12,F,ZP,PD,D
13:30:08,ICBP,RG,9125,1,F,ZP,PD,D
13:30:08,ICBP,RG,9125,3,D,KK,PD,D
13:30:08,ICBP,RG,9125,3,D,GR,PD,D
13:30:08,ICBP,RG,9125,3,D,PD,PD,D
13:30:08,ICBP,RG,9125,1,D,KK,PD,D
13:30:08,ICBP,RG,9125,10,D,PD,PD,D
13:30:08,ICBP,RG,9125,30,D,KK,PD,D
13:30:08,ICBP,RG,9125,1,D,ZP,PD,D
13:30:08,ICBP,RG,9125,5,D,XA,PD,D
13:30:08,ICBP,RG,9125,20,D,GR,PD,D
13:30:08,ICBP,RG,9125,7,D,EP,PD,D
13:30:08,ICBP,RG,9125,1,D,MU,PD,D
13:30:08,ICBP,RG,9125,6,D,YB,PD,D
13:30:08,ICBP,RG,9125,134,D,BB,PD,D
13:30:08,ICBP,RG,9125,1,D,BB,XC,D
13:30:08,ICBP,RG,9125,4,D,BB,XC,D
13:30:07,ICBP,RG,9125,1,D,BB,PD,D
13:30:07,ICBP,RG,9125,1,D,BB,XC,D
13:30:06,ICBP,RG,9125,10,D,BB,PD,D
13:30:06,ICBP,RG,9125,50,D,BB,CC,D
13:30:06,ICBP,RG,9125,6,D,BB,CC,D
13:30:06,ICBP,RG,9150,2,D,CC,YP,D
13:30:06,ICBP,RG,9150,8,D,CC,CP,D
13:30:06,ICBP,RG,9125,4,D,BB,CC,D
13:30:06,ICBP,RG,9125,1,D,BB,CC,D
13:30:06,ICBP,RG,9125,10,D,BB,KK,D
13:30:06,ICBP,RG,9125,15,D,BB,EP,D
13:30:06,ICBP,RG,9125,2,D,AZ,EP,D
13:30:06,ICBP,RG,9125,1,D,AZ,PD,D
13:30:06,ICBP,RG,9125,1,D,AZ,PD,D
13:30:06,ICBP,RG,9125,6,D,AZ,DR,D
13:30:06,ICBP,RG,9125,20,F,DX,DR,D
13:30:06,ICBP,RG,9125,4,F,ZP,DR,D
13:30:06,ICBP,RG,9125,15,D,DR,DR,D
13:30:06,ICBP,RG,9125,5,D,DR,PD,D
13:30:06,ICBP,RG,9125,20,D,DR,SQ,D
13:30:06,ICBP,RG,9150,1,D,XC,CP,D
13:30:06,ICBP,RG,9125,2,D,DR,XC,D
13:30:06,ICBP,RG,9125,27,D,DR,SQ,D
13:30:06,ICBP,RG,9125,1,D,DR,PD,D
13:30:06,ICBP,RG,9125,30,D,DR,DH,D
13:30:06,ICBP,RG,9125,1,F,ZP,DH,D
13:30:06,ICBP,RG,9125,21,D,YB,DH,D
13:30:06,ICBP,RG,9125,18,D,CC,DH,D
13:30:06,ICBP,RG,9125,38,D,CC,PD,D
13:30:06,ICBP,RG,9125,7,F,YU,PD,D
13:30:05,ICBP,RG,9125,1,F,YU,PD,D
13:30:05,ICBP,RG,9125,1,F,YU,PD,D
13:30:05,ICBP,RG,9125,1,F,YU,SQ,D
13:30:05,ICBP,RG,9125,1,D,YB,SQ,D
13:30:05,ICBP,RG,9125,2,D,YB,SQ,D
13:30:05,ICBP,RG,9125,24,D,YB,DH,D
13:30:05,ICBP,RG,9125,16,F,ZP,DH,D
13:30:05,ICBP,RG,9125,7,F,ZP,XL,D
13:30:05,ICBP,RG,9125,46,D,CC,XL,D
13:30:05,ICBP,RG,9125,32,D,CC,XL,D
13:30:05,ICBP,RG,9125,3,D,CC,AT,D
13:30:05,ICBP,RG,9125,10,D,CC,PD,D
13:30:05,ICBP,RG,9125,20,D,CC,PD,D
13:30:05,ICBP,RG,9125,1,D,CC,XL,D
13:30:05,ICBP,RG,9125,50,D,CC,DX,D
13:30:05,ICBP,RG,9125,1,D,CC,DX,D
13:30:05,ICBP,RG,9125,2,D,CC,CC,D
13:30:05,ICBP,RG,9150,1,D,AZ,CP,D
13:30:05,ICBP,RG,9150,1,D,AZ,SQ,D
13:30:05,ICBP,RG,9150,1,D,AZ,KK,D
13:30:05,ICBP,RG,9150,5,D,AZ,PD,D
13:30:05,ICBP,RG,9150,20,D,AZ,AO,D
13:30:05,ICBP,RG,9150,12,D,AZ,IP,D
13:30:05,ICBP,RG,9150,5,D,AZ,KK,D
13:30:05,ICBP,RG,9150,3,D,AZ,CC,D
13:30:05,ICBP,RG,9150,2,D,AZ,LS,D
13:30:05,ICBP,RG,9150,7,D,AZ,DR,D
13:30:05,ICBP,RG,9150,10,D,AZ,DH,D
13:30:05,ICBP,RG,9150,4,D,AZ,YP,D
13:30:05,ICBP,RG,9150,25,D,AZ,XA,D
13:30:05,ICBP,RG,9150,7,D,AZ,YU,D
13:30:05,ICBP,RG,9150,5,D,AZ,YP,D
13:30:05,ICBP,RG,9150,16,D,AZ,KK,D
13:30:05,ICBP,RG,9150,5,D,AZ,YP,D
13:30:05,ICBP,RG,9150,10,D,AZ,GR,D
13:30:05,ICBP,RG,9150,1,D,AZ,SQ,D
13:30:05,ICBP,RG,9150,1,D,AZ,YP,D
13:30:05,ICBP,RG,9150,9,D,AZ,PD,D
13:30:05,ICBP,RG,9150,2,D,AZ,YJ,D
13:30:05,ICBP,RG,9150,10,D,AZ,NI,D
13:30:05,ICBP,RG,9150,10,D,AZ,KK,D
13:30:05,ICBP,RG,9150,100,D,AZ,KK,D
13:30:05,ICBP,RG,9150,1,D,AZ,PD,D
13:30:05,ICBP,RG,9150,1,D,AZ,PD,D
13:30:05,ICBP,RG,9150,2,D,AZ,NI,D
13:30:05,ICBP,RG,9150,1,D,AZ,GR,D
13:30:05,ICBP,RG,9150,100,D,AZ,YP,D
13:30:05,ICBP,RG,9150,1,D,AZ,DX,D
13:30:05,ICBP,RG,9150,20,D,AZ,CC,D
13:30:05,ICBP,RG,9150,10,D,AZ,SQ,D
13:30:05,ICBP,RG,9150,10,D,AZ,SQ,D
13:30:05,ICBP,RG,9150,1,D,AZ,PD,D
13:30:05,ICBP,RG,9150,42,D,AZ,AT,D
13:30:05,ICBP,RG,9150,1,D,AZ,CC,D
13:30:05,ICBP,RG,9150,2,D,AZ,RG,D
13:30:05,ICBP,RG,9150,30,D,AZ,PD,D
13:30:05,ICBP,RG,9150,1,D,AZ,PD,D
13:30:05,ICBP,RG,9150,1,D,AZ,HP,D
13:30:05,ICBP,RG,9150,10,D,AZ,PD,D
13:30:05,ICBP,RG,9150,8,D,AZ,PD,D
13:30:05,ICBP,RG,9150,1,D,AZ,DX,D
13:30:05,ICBP,RG,9150,1,D,AZ,KK,D
13:30:05,ICBP,RG,9150,5,D,AZ,PD,D
13:30:05,ICBP,RG,9150,1,D,AZ,YP,D
13:30:05,ICBP,RG,9150,2,D,AZ,YP,D
13:30:05,ICBP,RG,9150,6,D,AZ,AT,D
13:30:05,ICBP,RG,9150,5,D,AZ,YP,D
13:30:05,ICBP,RG,9125,10,D,CC,KK,D
13:30:05,ICBP,RG,9125,1,D,CC,KK,D
13:30:05,ICBP,RG,9125,15,D,CC,PD,D
13:30:05,ICBP,RG,9125,1,D,CC,TP,D
13:30:05,ICBP,RG,9150,4,D,AT,YP,D
13:30:04,ICBP,RG,9125,5,D,CC,PD,D
13:30:04,ICBP,RG,9125,1,D,CC,PD,D
13:30:04,ICBP,RG,9125,1,D,CC,PD,D
13:30:04,ICBP,RG,9125,1,D,CC,PD,D
13:30:04,ICBP,RG,9150,1,D,LG,YP,D
13:30:04,ICBP,RG,9150,9,D,LG,SQ,D
13:30:04,ICBP,RG,9125,15,D,CC,LG,D
13:30:04,ICBP,RG,9125,1,D,CC,PD,D
13:30:04,ICBP,RG,9125,2,D,CC,PD,D
13:30:04,ICBP,RG,9150,11,D,CC,SQ,D
13:30:04,ICBP,RG,9150,93,D,CC,LS,D
13:30:04,ICBP,RG,9125,3,D,CC,PD,D
13:30:04,ICBP,RG,9125,2,D,CC,AZ,D
13:30:04,ICBP,RG,9125,1,D,CC,AZ,D
13:30:04,ICBP,RG,9125,1,D,CC,EP,D
13:30:04,ICBP,RG,9125,10,D,CC,GR,D
13:30:04,ICBP,RG,9125,12,D,CC,KK,D
13:30:03,ICBP,RG,9125,2,D,CC,DH,D
13:30:03,ICBP,RG,9125,15,D,CC,SQ,D
13:30:03,ICBP,RG,9125,3,D,CC,DH,D
13:30:03,ICBP,RG,9125,6,D,CC,SQ,D
13:30:03,ICBP,RG,9125,4,D,CC,PD,D
13:30:03,ICBP,RG,9125,1,D,CC,KK,D
13:30:03,ICBP,RG,9125,8,D,CC,EP,D
13:30:03,ICBP,RG,9125,1,D,CC,PD,D
13:30:03,ICBP,RG,9125,15,D,CC,DR,D
13:30:03,ICBP,RG,9125,1,D,CC,IF,D
13:30:03,ICBP,RG,9125,1,F,DX,IF,D
13:30:03,ICBP,RG,9125,16,F,DX,EP,D
13:30:03,ICBP,RG,9125,9,F,DX,EP,D
13:30:03,ICBP,RG,9125,1,F,DX,PD,D
13:30:03,ICBP,RG,9125,13,F,DX,EP,D
13:30:03,ICBP,RG,9125,27,D,CC,EP,D
13:30:03,ICBP,RG,9125,17,D,CC,EP,D
13:30:03,ICBP,RG,9150,1,D,EP,LS,D
13:30:03,ICBP,RG,9125,1,D,CC,DR,D
13:30:03,ICBP,RG,9125,10,D,CC,EP,D
13:30:02,ICBP,RG,9125,1,D,CC,OD,D
11:29:58,ICBP,RG,9125,4,D,CC,PD,D
11:29:48,ICBP,RG,9125,2,D,CC,FS,D
11:29:44,ICBP,RG,9125,20,D,CC,PD,D
11:29:42,ICBP,RG,9125,100,D,CC,PD,D
11:29:42,ICBP,RG,9125,1,D,CC,ZP,F
11:29:31,ICBP,RG,9125,10,D,CC,DH,D
11:29:23,ICBP,RG,9125,1,D,CC,PD,D
11:28:51,ICBP,RG,9125,2,D,CC,OD,D
11:28:49,ICBP,RG,9125,30,D,CC,CC,D
11:28:33,ICBP,RG,9125,1,D,CC,PD,D
11:28:33,ICBP,RG,9125,1,D,CC,SQ,D
11:28:33,ICBP,RG,9125,15,D,CC,PD,D
11:28:33,ICBP,RG,9125,1,D,CC,NI,D
11:28:33,ICBP,RG,9125,1,D,CC,KK,D
11:28:33,ICBP,RG,9125,15,D,CC,RX,F
11:28:33,ICBP,RG,9125,3,D,CC,PD,D
11:28:33,ICBP,RG,9125,1,D,CC,DH,D
11:28:33,ICBP,RG,9125,10,D,CC,YP,D
11:28:33,ICBP,RG,9125,7,D,CC,CS,F
11:28:33,ICBP,RG,9125,201,D,CC,RX,F
11:28:33,ICBP,RG,9125,19,D,CC,RX,F
11:28:33,ICBP,RG,9125,3,D,CC,CC,D
11:28:33,ICBP,RG,9125,3,D,CC,CC,D
11:28:33,ICBP,RG,9125,3,D,CC,XC,D
11:28:33,ICBP,RG,9125,2,D,CC,OD,D
11:28:33,ICBP,RG,9125,50,D,CC,PD,D
11:28:33,ICBP,RG,9125,2,D,CC,XC,D
11:28:33,ICBP,RG,9125,2,D,CC,XC,D
11:28:33,ICBP,RG,9125,1,D,CC,XC,D
11:28:33,ICBP,RG,9125,1,D,CC,XC,D
11:28:33,ICBP,RG,9125,10,D,CC,LG,D
11:28:33,ICBP,RG,9125,2,D,CC,PD,D
11:28:33,ICBP,RG,9125,12,D,CC,XC,D
11:28:33,ICBP,RG,9125,3,D,CC,CS,F
11:28:33,ICBP,RG,9125,41,D,CC,RX,F
11:28:33,ICBP,RG,9125,58,D,CC,RX,F
11:28:33,ICBP,RG,9125,3,D,CC,YP,D
11:28:33,ICBP,RG,9125,3,D,CC,ZP,D
11:28:33,ICBP,RG,9125,13,D,CC,PD,D
11:28:33,ICBP,RG,9125,1,D,CC,XC,D
11:28:33,ICBP,RG,9125,12,D,CC,XC,D
11:28:33,ICBP,RG,9125,2,D,CC,PC,D
11:28:33,ICBP,RG,9125,5,D,CC,CC,D
11:28:33,ICBP,RG,9125,1,D,CC,AZ,D
11:28:33,ICBP,RG,9125,4,D,CC,CS,F
11:28:33,ICBP,RG,9125,10,D,CC,YP,D
11:28:33,ICBP,RG,9125,41,D,CC,EP,D
11:28:33,ICBP,RG,9125,3,D,CC,YP,D
11:28:33,ICBP,RG,9125,5,D,CC,YP,D
11:28:33,ICBP,RG,9125,5,D,CC,EP,D
11:28:33,ICBP,RG,9125,41,D,CC,EP,D
11:28:33,ICBP,RG,9125,15,D,CC,YP,D
11:28:33,ICBP,RG,9125,1,D,CC,XC,D
11:28:33,ICBP,RG,9125,3,D,CC,CS,F
11:28:33,ICBP,RG,9125,10,D,CC,YP,D
11:28:33,ICBP,RG,9125,1,D,CC,NI,D
11:28:33,ICBP,RG,9125,14,D,CC,PD,D
11:28:33,ICBP,RG,9125,1,D,CC,AI,D
11:28:33,ICBP,RG,9125,5,D,CC,DH,D
11:28:33,ICBP,RG,9125,1,D,CC,ZP,F
11:28:33,ICBP,RG,9125,38,D,CC,RX,F
11:28:33,ICBP,RG,9125,1,D,CC,YP,D
11:28:33,ICBP,RG,9125,4,D,CC,AT,D
11:28:33,ICBP,RG,9125,3,D,CC,PD,D
11:28:33,ICBP,RG,9125,403,D,CC,RX,F
11:28:33,ICBP,RG,9125,45,D,CC,RX,F
11:28:33,ICBP,RG,9125,3,D,CC,CS,F
11:28:33,ICBP,RG,9125,1,D,CC,TF,D
11:28:33,ICBP,RG,9125,2,D,CC,YJ,D
11:28:33,ICBP,RG,9125,2,D,CC,CC,D
11:28:33,ICBP,RG,9125,1,D,CC,XC,D
11:28:33,ICBP,RG,9125,1,D,CC,XC,D
11:28:33,ICBP,RG,9125,1,D,CC,PD,D
11:28:33,ICBP,RG,9125,1,D,CC,GR,D
11:28:33,ICBP,RG,9125,5,D,CC,CS,F
11:28:33,ICBP,RG,9125,79,D,CC,RX,F
11:28:33,ICBP,RG,9125,16,D,CC,RX,F
11:28:28,ICBP,RG,9100,1,D,CC,PD,D
11:28:09,ICBP,RG,9125,14,D,XC,RX,F
11:27:23,ICBP,RG,9125,50,D,YP,RX,F
11:27:10,ICBP,RG,9125,5,D,CC,RX,F
11:26:55,ICBP,RG,9125,2,D,YP,RX,F
11:26:43,ICBP,RG,9100,1,D,CC,XC,D
11:26:31,ICBP,RG,9100,1,D,CC,DH,D
11:26:06,ICBP,RG,9100,4,D,CC,SQ,D
11:25:52,ICBP,RG,9100,10,D,CC,PD,D
11:25:49,ICBP,RG,9100,1,D,CC,XC,D
11:25:43,ICBP,RG,9100,10,D,CC,RX,F
11:25:36,ICBP,RG,9100,1,D,CC,KK,D
11:25:36,ICBP,RG,9100,1,F,ZP,KK,D
11:25:36,ICBP,RG,9100,1,F,ZP,KK,D
11:25:36,ICBP,RG,9100,1,D,YP,KK,D
11:25:36,ICBP,RG,9100,6,F,DX,KK,D
11:25:30,ICBP,RG,9100,2,F,DX,XC,D
11:25:29,ICBP,RG,9100,8,F,DX,RX,F
11:25:29,ICBP,RG,9100,1,F,ZP,RX,F
11:25:29,ICBP,RG,9100,3,D,CC,RX,F
11:25:20,ICBP,RG,9100,1,D,CC,YU,F
11:25:15,ICBP,RG,9100,5,D,CC,KK,D
11:25:06,ICBP,RG,9100,10,D,CC,OD,D
11:24:43,ICBP,RG,9100,5,D,CC,PD,D
11:24:40,ICBP,RG,9100,9,D,CC,YP,D
11:24:22,ICBP,RG,9100,1,D,CC,YU,F
11:24:19,ICBP,RG,9100,1,D,CC,DH,D
11:24:14,ICBP,RG,9100,11,D,CC,RX,F
11:24:09,ICBP,RG,9100,3,D,CC,YP,D
11:24:07,ICBP,RG,9100,11,D,CC,RX,F
11:24:01,ICBP,RG,9100,5,D,CC,KK,D
11:23:49,ICBP,RG,9100,10,D,CC,SQ,D
11:23:24,ICBP,RG,9100,1,D,CC,YU,F
11:23:03,ICBP,RG,9100,5,D,CC,XL,D
11:22:16,ICBP,RG,9100,1,D,CC,XC,D
11:22:14,ICBP,RG,9100,11,D,CC,RX,F
11:22:09,ICBP,RG,9100,10,D,CC,OD,D
11:21:54,ICBP,RG,9100,10,D,CC,YP,D
11:21:47,ICBP,RG,9100,1,D,CC,YU,F
11:21:46,ICBP,RG,9125,13,D,PD,RX,F
11:21:38,ICBP,RG,9100,2,D,CC,YP,D
11:21:22,ICBP,RG,9100,1,D,CC,XC,D
11:21:02,ICBP,RG,9100,1,D,CC,XC,D
11:21:01,ICBP,RG,9100,1,D,CC,YU,F
11:20:50,ICBP,RG,9100,31,D,CC,RX,F
11:20:42,ICBP,RG,9100,10,D,CC,SQ,D
11:20:17,ICBP,RG,9100,25,D,CC,RX,F
11:20:14,ICBP,RG,9100,1,D,CC,YU,F
11:19:47,ICBP,RG,9125,1,D,YP,RX,F
11:19:27,ICBP,RG,9125,2,D,HP,RX,F
11:19:25,ICBP,RG,9100,1,D,CC,PD,D
11:19:24,ICBP,RG,9100,6,D,CC,YP,D
11:19:17,ICBP,RG,9100,1,D,CC,XC,D
11:19:11,ICBP,RG,9100,23,D,CC,NI,D
11:18:37,ICBP,RG,9100,1,D,CC,YU,F
11:18:31,ICBP,RG,9100,1,D,CC,PD,D
11:18:28,ICBP,RG,9100,1,D,CC,PD,D
11:18:20,ICBP,RG,9100,80,D,CC,LG,D
11:18:20,ICBP,RG,9100,5,D,DH,LG,D
11:18:20,ICBP,RG,9100,2,F,ZP,LG,D
11:18:20,ICBP,RG,9100,1,F,ZP,LG,D
11:18:20,ICBP,RG,9100,250,D,CC,LG,D
11:18:20,ICBP,RG,9100,36,D,CC,LG,D
11:18:20,ICBP,RG,9100,2,F,ZP,LG,D
11:18:20,ICBP,RG,9100,12,F,YU,LG,D
11:18:20,ICBP,RG,9100,10,D,YJ,LG,D
11:18:20,ICBP,RG,9100,5,D,PD,LG,D
11:18:20,ICBP,RG,9100,2,F,ZP,LG,D
11:18:20,ICBP,RG,9100,13,F,DX,LG,D
11:18:20,ICBP,RG,9100,2,F,ZP,LG,D
11:18:20,ICBP,RG,9100,25,D,YP,LG,D
11:18:20,ICBP,RG,9100,2,F,ZP,LG,D
11:18:20,ICBP,RG,9100,173,D,CC,LG,D
11:18:13,ICBP,RG,9100,115,D,CC,YP,D
11:17:55,ICBP,RG,9100,1,D,CC,YP,D
11:17:51,ICBP,RG,9100,1,D,CC,DH,D
11:17:46,ICBP,RG,9100,1,D,CC,YU,F
11:17:43,ICBP,RG,9100,9,D,CC,PD,D
11:17:43,ICBP,RG,9100,4,F,ZP,PD,D
11:17:43,ICBP,RG,9100,6,D,CC,PD,D
11:17:32,ICBP,RG,9100,10,D,CC,GR,D
11:17:20,ICBP,RG,9100,5,D,CC,LG,D
11:17:20,ICBP,RG,9100,1,D,CC,YP,D
11:17:07,ICBP,RG,9100,2,D,CC,CC,D
11:17:02,ICBP,RG,9100,1,D,CC,AZ,D
11:16:57,ICBP,RG,9100,1,D,CC,CC,D
11:16:55,ICBP,RG,9100,1,D,CC,YU,F
11:16:42,ICBP,RG,9125,3,D,NI,RX,F
11:16:40,ICBP,RG,9100,10,D,CC,XC,D
11:16:40,ICBP,RG,9100,8,D,CC,PD,D
11:16:40,ICBP,RG,9100,20,D,CC,PD,D
11:16:40,ICBP,RG,9100,2,F,DX,PD,D
11:16:35,ICBP,RG,9100,1,F,DX,XC,D
11:16:08,ICBP,RG,9100,1,F,DX,YU,F
11:15:56,ICBP,RG,9100,8,F,DX,PD,D
11:15:56,ICBP,RG,9100,1,D,XC,PD,D
11:15:56,ICBP,RG,9100,1,D,PD,PD,D
11:15:56,ICBP,RG,9100,4,F,ZP,PD,D
11:15:56,ICBP,RG,9100,2,D,CC,PD,D
11:15:56,ICBP,RG,9100,1,D,PD,PD,D
11:15:56,ICBP,RG,9100,1,D,NI,PD,D
11:15:56,ICBP,RG,9100,2,D,CC,PD,D
11:15:46,ICBP,RG,9100,5,D,CC,CC,D
11:15:33,ICBP,RG,9125,1,D,YP,RX,F
11:15:21,ICBP,RG,9125,100,D,GR,YU,D
11:15:09,ICBP,RG,9125,1,D,YU,PD,D
11:15:09,ICBP,RG,9125,9,D,YU,YP,D
11:15:09,ICBP,RG,9125,10,D,YU,YP,D
11:15:09,ICBP,RG,9125,3,D,YU,PD,D
11:15:09,ICBP,RG,9125,5,D,YU,KK,D
11:15:09,ICBP,RG,9125,35,D,YU,PD,D
11:15:09,ICBP,RG,9125,2,D,YU,CS,F
11:15:09,ICBP,RG,9125,1,D,YU,CP,D
11:15:09,ICBP,RG,9125,2,D,YU,PD,D
11:15:09,ICBP,RG,9125,1,D,YU,XC,D
11:15:09,ICBP,RG,9125,1,D,YU,ZP,F
11:15:09,ICBP,RG,9125,50,D,YU,DH,D
11:15:09,ICBP,RG,9125,10,D,YU,OD,D
11:15:09,ICBP,RG,9125,4,D,YU,CS,F
11:15:09,ICBP,RG,9125,2,D,YU,SQ,D
11:15:09,ICBP,RG,9125,41,D,YU,RX,F
11:15:09,ICBP,RG,9125,470,D,YU,RX,F
11:15:09,ICBP,RG,9125,54,D,YU,RX,F
11:15:09,ICBP,RG,9125,1,D,YU,CC,D
11:15:09,ICBP,RG,9125,5,D,YU,CS,F
11:15:09,ICBP,RG,9125,3,D,YU,PD,D
11:15:09,ICBP,RG,9125,2,D,YU,KK,D
11:15:09,ICBP,RG,9125,3,D,YU,NI,D
11:15:09,ICBP,RG,9125,8,D,YU,YP,D
11:15:09,ICBP,RG,9125,6,D,YU,XC,D
11:15:09,ICBP,RG,9125,2,D,YU,PD,D
11:15:09,ICBP,RG,9125,2,D,YU,CS,F
11:15:09,ICBP,RG,9125,50,D,YU,OD,D
11:15:09,ICBP,RG,9125,5,D,YU,CC,D
11:15:09,ICBP,RG,9125,50,D,YU,RX,F
11:15:09,ICBP,RG,9125,67,D,YU,RX,F
11:15:09,ICBP,RG,9125,2,D,YU,CS,F
11:15:09,ICBP,RG,9125,1,D,YU,PD,D
11:15:09,ICBP,RG,9125,3,D,YU,CS,F
11:15:09,ICBP,RG,9125,3,D,YU,GR,D
11:15:09,ICBP,RG,9125,5,D,YU,RF,D
11:15:09,ICBP,RG,9125,1,D,YU,DR,D
11:15:09,ICBP,RG,9125,12,D,YU,YU,D
11:15:09,ICBP,RG,9125,5,D,YU,KK,D
11:15:09,ICBP,RG,9125,5,D,YU,YP,D
11:15:09,ICBP,RG,9125,2,D,YU,EP,D
11:15:09,ICBP,RG,9125,5,D,YU,CC,D
11:15:09,ICBP,RG,9125,6,D,YU,CS,F
11:15:09,ICBP,RG,9125,2,D,YU,DR,D
11:15:09,ICBP,RG,9125,15,D,YU,PD,D
11:15:09,ICBP,RG,9125,20,D,YU,CP,D
11:15:09,ICBP,RG,9125,15,D,YU,RX,F
11:15:09,ICBP,RG,9125,2,D,YU,PD,D
11:15:09,ICBP,RG,9125,2,D,YU,ZP,F
11:15:09,ICBP,RG,9125,334,D,YU,RX,F
11:15:09,ICBP,RG,9125,38,D,YU,RX,F
11:15:09,ICBP,RG,9125,10,D,YU,PD,D
11:15:09,ICBP,RG,9125,2,D,YU,CC,D
11:15:09,ICBP,RG,9125,140,D,YU,PD,D
11:15:09,ICBP,RG,9125,100,D,YU,YP,D
11:15:09,ICBP,RG,9125,25,D,YU,PD,D
11:15:09,ICBP,RG,9125,2,D,YU,CS,F
11:15:09,ICBP,RG,9125,6,D,YU,SQ,D
11:15:09,ICBP,RG,9125,10,D,YU,PD,D
11:15:09,ICBP,RG,9125,10,D,YU,YP,D
11:15:09,ICBP,RG,9125,1,D,YU,PD,D
11:15:09,ICBP,RG,9125,1,D,YU,YP,D
11:15:09,ICBP,RG,9125,10,D,YU,CC,D
11:15:09,ICBP,RG,9125,10,D,YU,NI,D
11:15:09,ICBP,RG,9125,4,D,YU,CC,D
11:15:09,ICBP,RG,9125,10,D,YU,GR,D
11:15:09,ICBP,RG,9125,25,D,YU,YP,D
11:15:09,ICBP,RG,9125,1,D,YU,XC,D
11:15:09,ICBP,RG,9125,10,D,YU,PD,D
11:15:09,ICBP,RG,9125,1,D,YU,CC,D
11:15:09,ICBP,RG,9125,7,D,YU,YP,D
11:15:09,ICBP,RG,9125,2,D,YU,PD,D
11:15:09,ICBP,RG,9125,2,D,YU,DR,D
11:15:09,ICBP,RG,9125,10,D,YU,DX,D
11:15:09,ICBP,RG,9125,1,D,YU,DH,D
11:15:09,ICBP,RG,9125,2,D,YU,XC,D
11:15:09,ICBP,RG,9125,5,D,YU,HP,D
11:15:09,ICBP,RG,9125,3,D,YU,YP,D
11:15:09,ICBP,RG,9125,28,D,YU,HP,D
11:15:09,ICBP,RG,9125,1,D,YU,XC,D
11:15:09,ICBP,RG,9125,1,D,YU,SQ,D
11:15:09,ICBP,RG,9125,185,D,YU,CC,D
11:15:09,ICBP,RG,9125,10,D,YU,DR,D
11:15:09,ICBP,RG,9125,110,D,YU,CS,F
11:15:09,ICBP,RG,9125,10,D,YU,SQ,D
11:15:09,ICBP,RG,9125,2,D,YU,KK,D
11:15:09,ICBP,RG,9125,20,D,YU,XA,D
11:15:09,ICBP,RG,9125,21,D,YU,CC,D
11:15:09,ICBP,RG,9125,2,D,YU,NI,D
11:15:09,ICBP,RG,9125,31,D,YU,DH,D
11:15:09,ICBP,RG,9125,70,D,YU,CC,D
11:15:09,ICBP,RG,9125,1,D,YU,PD,D
11:15:09,ICBP,RG,9125,10,D,YU,PD,D
11:15:09,ICBP,RG,9125,10,D,YU,KK,D
11:15:09,ICBP,RG,9125,15,D,YU,XA,D
11:15:09,ICBP,RG,9125,5,D,YU,YP,D
11:15:09,ICBP,RG,9125,1,D,YU,XC,D
11:15:09,ICBP,RG,9125,50,D,YU,BQ,D
11:15:09,ICBP,RG,9125,1,D,YU,PD,D
11:15:09,ICBP,RG,9125,5,D,YU,AT,D
11:15:09,ICBP,RG,9125,5,D,YU,YP,D
11:15:09,ICBP,RG,9125,5,D,YU,EP,D
11:15:09,ICBP,RG,9125,2,D,YU,AR,D
11:15:09,ICBP,RG,9125,1,D,YU,DR,D
11:15:09,ICBP,RG,9125,15,D,YU,YP,D
11:15:09,ICBP,RG,9125,50,D,YU,ZP,D
11:15:09,ICBP,RG,9125,40,D,YU,ZP,D
11:14:49,ICBP,RG,9100,11,D,CC,YU,D
11:14:49,ICBP,RG,9100,13,F,YU,YU,D
11:14:49,ICBP,RG,9100,3,F,ZP,YU,D
11:14:49,ICBP,RG,9100,3,F,DX,YU,D
11:14:45,ICBP,RG,9100,10,F,DX,YP,D
11:14:45,ICBP,RG,9100,15,D,CC,YP,D
11:14:44,ICBP,RG,9100,11,D,CC,YP,D
11:14:41,ICBP,RG,9100,50,D,CC,HP,D
11:14:41,ICBP,RG,9100,40,D,CC,YP,D
11:14:39,ICBP,RG,9100,2,D,CC,AZ,D
11:14:39,ICBP,RG,9100,3,D,CC,XC,D
11:14:38,ICBP,RG,9100,8,D,CC,RX,F
11:14:38,ICBP,RG,9125,50,D,GR,ZP,D
11:14:38,ICBP,RG,9125,15,D,GR,YB,D
11:14:38,ICBP,RG,9125,1,D,GR,PD,D
11:14:38,ICBP,RG,9125,5,D,GR,EP,D
11:14:38,ICBP,RG,9125,10,D,GR,YP,D
11:14:38,ICBP,RG,9125,1,D,GR,ZP,F
11:14:38,ICBP,RG,9125,18,D,GR,KK,D
11:14:38,ICBP,RG,9100,11,D,CC,XC,D
11:14:37,ICBP,RG,9100,10,D,CC,DR,D
11:14:37,ICBP,RG,9100,1,D,CC,ZP,F
11:14:36,ICBP,RG,9100,149,D,CC,KK,D
11:14:36,ICBP,RG,9100,1,F,ZP,KK,D
11:14:36,ICBP,RG,9100,10,D,CC,KK,D
11:14:33,ICBP,RG,9100,7,D,CC,CC,D
11:14:25,ICBP,RG,9100,1,D,CC,YU,F
11:14:18,ICBP,RG,9125,1,D,PD,KK,D
11:14:10,ICBP,RG,9100,24,D,CC,RX,F
11:14:10,ICBP,RG,9100,7,F,ZP,RX,F
11:14:10,ICBP,RG,9100,7,F,ZP,RX,F
11:14:09,ICBP,RG,9100,5,F,ZP,XL,D
11:14:08,ICBP,RG,9100,5,F,ZP,YP,D
11:14:04,ICBP,RG,9125,2,F,ZP,KK,D
11:14:02,ICBP,RG,9100,2,F,ZP,PD,D
11:13:56,ICBP,RG,9100,5,D,YP,CC,D
11:13:56,ICBP,RG,9100,1,D,KK,CC,D
11:13:56,ICBP,RG,9100,2,D,ZP,CC,D
11:13:56,ICBP,RG,9100,5,D,HP,CC,D
11:13:56,ICBP,RG,9100,7,F,DX,CC,D
11:13:43,ICBP,RG,9100,8,F,DX,RX,F
11:13:40,ICBP,RG,9100,1,F,DX,CC,D
11:13:36,ICBP,RG,9100,1,F,DX,RX,F
11:13:36,ICBP,RG,9100,30,D,CC,RX,F
11:13:34,ICBP,RG,9100,1,D,CC,XC,D
11:13:29,ICBP,RG,9100,5,D,CC,CC,D
11:13:27,ICBP,RG,9100,1,D,CC,YU,F
11:13:10,ICBP,RG,9100,30,D,CC,RX,F
11:13:09,ICBP,RG,9100,25,D,CC,YP,D
11:12:52,ICBP,RG,9100,1,D,CC,YP,D
11:12:44,ICBP,RG,9100,36,D,CC,XA,D
11:12:44,ICBP,RG,9100,1,D,YP,XA,D
11:12:44,ICBP,RG,9100,5,D,YP,XA,D
11:12:44,ICBP,RG,9100,8,D,CC,XA,D
11:12:41,ICBP,RG,9100,1,D,CC,ZP,F
