Time,Stock,Brd,Price,Qty,BT,BC,SC,ST
15:14:32,ICBP,RG,8775,1,D,KK,LG,D
15:13:53,ICBP,RG,8775,2,D,KK,LG,D
15:11:48,ICBP,RG,8775,3,D,XC,LG,D
15:02:26,ICBP,RG,8775,5,D,YP,LG,D
15:02:08,ICBP,RG,8775,3,D,PD,LG,D
15:00:00,ICBP,RG,8775,1,D,YP,LG,D
15:00:00,ICBP,RG,8775,1,D,XC,LG,D
15:00:00,ICBP,RG,8775,1,D,YP,LG,D
15:00:00,ICBP,RG,8775,1,D,CC,LG,D
15:00:00,ICBP,RG,8775,1,D,PD,LG,D
15:00:00,ICBP,RG,8775,8,D,BQ,LG,D
15:00:00,ICBP,RG,8775,1,D,YP,LG,D
15:00:00,ICBP,RG,8775,400,F,ZP,LG,D
15:00:00,ICBP,RG,8775,1,F,ZP,LG,D
15:00:00,ICBP,RG,8775,80,F,ZP,LG,D
15:00:00,ICBP,RG,8775,5,F,ZP,LG,D
15:00:00,ICBP,RG,8775,9,F,ZP,LG,D
15:00:00,ICBP,RG,8775,89,D,KZ,LG,D
15:00:00,ICBP,RG,8775,1,D,KZ,DR,D
15:00:00,ICBP,RG,8775,3,D,KZ,PD,D
15:00:00,ICBP,RG,8775,7,D,KZ,YP,D
15:00:00,ICBP,RG,8775,3,D,KZ,CC,D
15:00:00,ICBP,RG,8775,47,D,KZ,DX,D
15:00:00,ICBP,RG,8775,76,F,BK,DX,D
15:00:00,ICBP,RG,8775,27,F,CC,DX,D
15:00:00,ICBP,RG,8775,1,F,CC,PD,D
15:00:00,ICBP,RG,8775,1,F,CC,PD,D
15:00:00,ICBP,RG,8775,1,F,CC,YP,D
15:00:00,ICBP,RG,8775,15,F,CC,AZ,D
15:00:00,ICBP,RG,8775,9,F,AK,AZ,D
15:00:00,ICBP,RG,8775,16,F,AK,AZ,D
15:00:00,ICBP,RG,8775,2,F,AK,YP,D
15:00:00,ICBP,RG,8775,1,F,AK,PD,D
15:00:00,ICBP,RG,8775,100,F,AK,PD,D
15:00:00,ICBP,RG,8775,1,F,AK,YP,D
15:00:00,ICBP,RG,8775,2,F,AK,KK,D
15:00:00,ICBP,RG,8775,2,F,AK,YP,D
15:00:00,ICBP,RG,8775,1,F,AK,PD,D
15:00:00,ICBP,RG,8775,85,F,AK,XC,D
15:00:00,ICBP,RG,8775,10,F,AK,NI,D
15:00:00,ICBP,RG,8775,1,F,AK,CP,D
15:00:00,ICBP,RG,8775,5,F,AK,PD,D
15:00:00,ICBP,RG,8775,5,F,AK,PD,D
15:00:00,ICBP,RG,8775,7,F,AK,DH,D
15:00:00,ICBP,RG,8775,2,F,AK,PD,D
15:00:00,ICBP,RG,8775,50,F,AK,SQ,D
15:00:00,ICBP,RG,8775,2,F,AK,YP,D
15:00:00,ICBP,RG,8775,1,F,AK,NI,D
15:00:00,ICBP,RG,8775,1,F,AK,LG,D
15:00:00,ICBP,RG,8775,3,F,AK,YP,D
15:00:00,ICBP,RG,8775,10,F,AK,KK,D
15:00:00,ICBP,RG,8775,5,F,AK,PD,D
15:00:00,ICBP,RG,8775,2,F,AK,GR,D
15:00:00,ICBP,RG,8775,20,F,AK,SQ,D
15:00:00,ICBP,RG,8775,1,F,AK,YP,D
15:00:00,ICBP,RG,8775,1,F,AK,YP,D
15:00:00,ICBP,RG,8775,25,F,AK,SQ,D
15:00:00,ICBP,RG,8775,1,F,AK,YP,D
15:00:00,ICBP,RG,8775,1,F,AK,NI,D
15:00:00,ICBP,RG,8775,13,F,AK,PD,D
15:00:00,ICBP,RG,8775,5,F,AK,PD,D
15:00:00,ICBP,RG,8775,9,F,AK,PD,D
15:00:00,ICBP,RG,8775,1,F,AK,XC,D
15:00:00,ICBP,RG,8775,5,F,AK,YP,D
15:00:00,ICBP,RG,8775,10,F,AK,PD,D
15:00:00,ICBP,RG,8775,20,F,AK,SQ,D
15:00:00,ICBP,RG,8775,51,F,AK,SQ,D
15:00:00,ICBP,RG,8775,1,F,AK,PD,D
15:00:00,ICBP,RG,8775,1,F,AK,PD,D
15:00:00,ICBP,RG,8775,30,F,AK,KK,D
15:00:00,ICBP,RG,8775,25,F,AK,XA,D
15:00:00,ICBP,RG,8775,7,F,AK,GR,D
15:00:00,ICBP,RG,8775,20,F,AK,KK,D
15:00:00,ICBP,RG,8775,5,F,AK,DH,D
15:00:00,ICBP,RG,8775,18,F,AK,YP,D
15:00:00,ICBP,RG,8775,5,F,AK,PO,D
15:00:00,ICBP,RG,8775,1,F,AK,YP,D
15:00:00,ICBP,RG,8775,7,F,AK,DH,D
15:00:00,ICBP,RG,8775,10,F,AK,DR,D
15:00:00,ICBP,RG,8775,200,F,AK,EP,D
15:00:00,ICBP,RG,8775,25,F,AK,SQ,D
15:00:00,ICBP,RG,8775,77,F,AK,CS,F
15:00:00,ICBP,RG,8775,1,F,AK,ZP,F
15:00:00,ICBP,RG,8775,36,F,AK,ZP,F
15:00:00,ICBP,RG,8775,13,F,AK,BK,F
15:00:00,ICBP,RG,8775,15,F,AK,BB,D
15:00:00,ICBP,RG,8775,16,F,AK,AK,F
15:00:00,ICBP,RG,8775,18,F,AK,AK,D
15:00:00,ICBP,RG,8775,413,F,AK,AK,F
15:00:00,ICBP,RG,8775,5,F,AK,AK,F
15:00:00,ICBP,RG,8775,77,F,AK,KI,D
15:00:00,ICBP,RG,8775,1,F,AK,KI,D
15:00:00,ICBP,RG,8775,19,F,AK,RX,F
15:00:00,ICBP,RG,8775,19,F,AK,RX,F
15:00:00,ICBP,RG,8775,1,F,AK,RX,F
15:00:00,ICBP,RG,8775,19,F,AK,RX,F
15:00:00,ICBP,RG,8775,17,F,AK,RX,F
15:00:00,ICBP,RG,8775,1,F,AK,RX,F
15:00:00,ICBP,RG,8775,1,F,AK,KK,D
15:00:00,ICBP,RG,8775,1,F,AK,KK,D
14:49:59,ICBP,RG,8775,1,F,ZP,SQ,D
14:49:56,ICBP,RG,8775,1,F,AK,SQ,D
14:49:55,ICBP,RG,8775,1,F,ZP,SQ,D
14:49:54,ICBP,RG,8750,1,F,ZP,ZP,F
14:49:51,ICBP,RG,8775,1,F,ZP,SQ,D
14:49:50,ICBP,RG,8775,4,F,ZP,SQ,D
14:49:50,ICBP,RG,8775,141,F,AK,SQ,D
14:49:50,ICBP,RG,8775,1,F,AK,GR,D
14:49:50,ICBP,RG,8775,2,F,AK,CC,D
14:49:50,ICBP,RG,8775,7,F,AK,XC,D
14:49:50,ICBP,RG,8775,2,F,AK,DH,D
14:49:50,ICBP,RG,8775,15,F,AK,DH,D
14:49:50,ICBP,RG,8775,2,F,AK,KK,D
14:49:50,ICBP,RG,8775,10,F,AK,XA,D
14:49:50,ICBP,RG,8775,12,F,AK,XA,D
14:49:45,ICBP,RG,8775,2,F,AK,XA,D
14:49:42,ICBP,RG,8775,1,F,ZP,XA,D
14:49:39,ICBP,RG,8775,2,F,ZP,XA,D
14:49:35,ICBP,RG,8775,1,F,ZP,XA,D
14:49:32,ICBP,RG,8775,4,F,ZP,XA,D
14:49:32,ICBP,RG,8775,2,F,ZP,XA,D
14:49:31,ICBP,RG,8775,4,F,AK,XA,D
14:49:31,ICBP,RG,8775,2,F,ZP,XA,D
14:49:31,ICBP,RG,8775,3,F,ZP,KK,D
14:49:31,ICBP,RG,8775,2,F,ZP,KK,D
14:49:31,ICBP,RG,8775,1,F,ZP,KK,D
14:49:31,ICBP,RG,8750,1,F,AK,KK,D
14:49:30,ICBP,RG,8750,1,F,AK,AK,F
14:49:30,ICBP,RG,8750,4,F,AK,SQ,D
14:49:26,ICBP,RG,8750,1,F,ZP,SQ,D
14:49:25,ICBP,RG,8750,12,F,ZP,SQ,D
14:49:25,ICBP,RG,8750,1,F,ZP,SQ,D
14:49:22,ICBP,RG,8750,12,F,ZP,SQ,D
14:49:22,ICBP,RG,8750,8,F,ZP,SQ,D
14:49:22,ICBP,RG,8750,4,F,ZP,ZP,F
14:49:20,ICBP,RG,8750,1,F,AK,ZP,F
14:49:20,ICBP,RG,8750,19,F,AK,DH,D
14:49:20,ICBP,RG,8750,1,F,AK,PD,D
14:49:20,ICBP,RG,8750,1,F,AK,PD,D
14:49:20,ICBP,RG,8750,3,F,AK,NI,D
14:49:20,ICBP,RG,8750,1,F,AK,CP,D
14:49:20,ICBP,RG,8750,2,F,AK,YP,D
14:49:20,ICBP,RG,8750,114,F,AK,CC,D
14:49:15,ICBP,RG,8750,1,F,AK,CC,D
14:49:15,ICBP,RG,8750,1,F,AK,CC,D
14:49:15,ICBP,RG,8750,1,F,AK,MU,D
14:49:00,ICBP,RG,8725,42,F,AK,AK,D
14:49:00,ICBP,RG,8725,3,F,AK,AK,D
14:49:00,ICBP,RG,8750,3,F,AK,MU,D
14:49:00,ICBP,RG,8750,1,F,AK,MU,D
14:49:00,ICBP,RG,8750,1,F,AK,MU,D
14:49:00,ICBP,RG,8750,1,F,AK,MU,D
14:49:00,ICBP,RG,8750,1,F,AK,MU,D
14:49:00,ICBP,RG,8725,10,F,AK,AK,D
14:48:49,ICBP,RG,8750,1,F,AK,MU,D
14:48:45,ICBP,RG,8750,1,F,AK,MU,D
14:48:45,ICBP,RG,8750,1,F,AK,AK,F
14:48:41,ICBP,RG,8725,10,F,AK,ZP,D
14:48:39,ICBP,RG,8725,10,F,AK,ZP,D
14:48:35,ICBP,RG,8750,1,F,ZP,PD,D
14:48:35,ICBP,RG,8750,11,F,ZP,ZP,D
14:48:35,ICBP,RG,8750,9,F,AK,ZP,D
14:48:35,ICBP,RG,8750,2,F,AK,YP,D
14:48:35,ICBP,RG,8750,21,F,AK,AK,D
14:48:35,ICBP,RG,8750,1,F,AK,DX,D
14:48:35,ICBP,RG,8750,1,F,AK,PD,D
14:48:35,ICBP,RG,8750,4,F,AK,YP,D
14:48:35,ICBP,RG,8750,1,F,AK,ZP,F
14:48:35,ICBP,RG,8750,10,F,AK,DR,D
14:48:35,ICBP,RG,8750,20,F,AK,AK,D
14:48:35,ICBP,RG,8750,1,F,AK,AK,F
14:48:35,ICBP,RG,8750,4,F,AK,NI,D
14:48:35,ICBP,RG,8750,24,F,AK,EP,D
14:48:35,ICBP,RG,8750,25,F,AK,YP,D
14:48:35,ICBP,RG,8750,5,F,AK,XA,D
14:48:35,ICBP,RG,8750,10,F,AK,KK,D
14:48:35,ICBP,RG,8750,10,F,AK,XA,D
14:48:35,ICBP,RG,8750,1,F,AK,NI,D
14:48:35,ICBP,RG,8750,1,F,AK,XC,D
14:48:35,ICBP,RG,8750,3,F,AK,PD,D
14:48:35,ICBP,RG,8750,2,F,AK,PD,D
14:48:24,ICBP,RG,8750,13,F,ZP,PD,D
14:48:24,ICBP,RG,8750,4,F,ZP,YP,D
14:48:23,ICBP,RG,8725,9,F,AK,AZ,D
14:48:23,ICBP,RG,8725,3,D,XC,AZ,D
14:48:23,ICBP,RG,8725,3,F,ZP,AZ,D
14:48:23,ICBP,RG,8725,13,F,ZP,AZ,D
14:48:23,ICBP,RG,8725,2,F,ZP,AZ,D
14:48:21,ICBP,RG,8725,15,F,ZP,ZP,D
14:48:21,ICBP,RG,8725,1,F,ZP,ZP,D
14:48:21,ICBP,RG,8725,3,F,AK,ZP,D
14:48:21,ICBP,RG,8725,7,F,AK,ZP,D
14:48:19,ICBP,RG,8750,5,F,AK,EP,D
14:48:15,ICBP,RG,8750,1,F,AK,EP,D
14:48:10,ICBP,RG,8725,1,F,AK,XC,D
14:48:05,ICBP,RG,8725,54,F,AK,XC,D
14:48:00,ICBP,RG,8750,4,F,AK,EP,D
14:47:51,ICBP,RG,8725,2,F,AK,ZP,D
14:47:48,ICBP,RG,8750,1,F,ZP,ZP,D
14:47:42,ICBP,RG,8725,16,F,AK,ZP,D
14:47:42,ICBP,RG,8725,3,D,NI,ZP,D
14:47:31,ICBP,RG,8750,49,F,AK,ZP,D
14:47:31,ICBP,RG,8750,5,F,AK,NI,D
14:47:31,ICBP,RG,8750,1,F,AK,XC,D
14:47:31,ICBP,RG,8750,1,F,AK,NI,D
14:47:31,ICBP,RG,8750,12,F,AK,GR,D
14:47:31,ICBP,RG,8750,2,F,AK,YP,D
14:47:31,ICBP,RG,8750,12,F,AK,XC,D
14:47:31,ICBP,RG,8750,1,F,AK,KK,D
14:47:31,ICBP,RG,8750,1,F,AK,YP,D
14:47:31,ICBP,RG,8750,1,F,AK,YP,D
14:47:31,ICBP,RG,8750,1,F,AK,YP,D
14:47:31,ICBP,RG,8750,38,F,AK,YP,D
14:47:30,ICBP,RG,8750,12,F,AK,YP,D
14:47:30,ICBP,RG,8750,1,F,AK,CC,D
14:47:30,ICBP,RG,8750,1,F,AK,XC,D
14:46:59,ICBP,RG,8750,1,D,NI,XC,D
14:46:59,ICBP,RG,8750,1,D,NI,XC,D
14:46:52,ICBP,RG,8725,1,F,AK,YP,D
14:46:52,ICBP,RG,8725,1,F,AK,YP,D
14:46:50,ICBP,RG,8750,53,F,AK,PD,D
14:46:50,ICBP,RG,8750,1,F,AK,PD,D
14:46:50,ICBP,RG,8750,10,F,AK,KK,D
14:46:50,ICBP,RG,8750,19,F,AK,SQ,D
14:46:39,ICBP,RG,8725,3,F,AK,ZP,D
14:46:39,ICBP,RG,8725,1,F,AK,ZP,D
14:46:39,ICBP,RG,8725,1,F,ZP,ZP,D
14:46:39,ICBP,RG,8725,8,F,ZP,ZP,D
14:46:39,ICBP,RG,8725,12,F,ZP,ZP,D
14:46:33,ICBP,RG,8725,2,F,ZP,YP,D
14:46:30,ICBP,RG,8750,1,F,AK,SQ,D
14:46:27,ICBP,RG,8725,1,F,ZP,XC,D
14:46:20,ICBP,RG,8725,2,F,ZP,YP,D
14:46:20,ICBP,RG,8750,80,F,AK,SQ,D
14:46:20,ICBP,RG,8750,1,F,AK,KK,D
14:46:20,ICBP,RG,8750,1,F,AK,GR,D
14:46:05,ICBP,RG,8725,9,F,AK,ZP,F
14:46:05,ICBP,RG,8725,22,F,AK,AK,D
14:46:05,ICBP,RG,8725,4,F,ZP,AK,D
14:46:05,ICBP,RG,8725,2,F,ZP,CC,D
14:46:05,ICBP,RG,8725,7,F,ZP,BK,F
14:46:04,ICBP,RG,8725,14,D,YU,ZP,F
14:46:04,ICBP,RG,8725,1,D,YU,EP,D
14:46:04,ICBP,RG,8725,4,D,YU,CC,D
14:46:04,ICBP,RG,8725,1,D,YU,CC,D
14:46:04,ICBP,RG,8725,10,D,YU,XA,D
14:46:04,ICBP,RG,8725,100,D,YU,ZP,D
14:46:04,ICBP,RG,8725,75,D,YU,ZP,D
14:46:04,ICBP,RG,8725,7,D,YU,XC,D
14:46:04,ICBP,RG,8725,1,D,YU,NI,D
14:46:04,ICBP,RG,8725,55,D,YU,PD,D
14:46:04,ICBP,RG,8725,100,D,YU,YU,D
14:46:04,ICBP,RG,8725,100,D,YU,YP,D
14:46:04,ICBP,RG,8725,2,D,YU,PD,D
14:46:04,ICBP,RG,8725,1,D,YU,PD,D
14:46:04,ICBP,RG,8725,15,D,YU,YU,D
14:46:04,ICBP,RG,8725,5,D,YU,SQ,D
14:46:04,ICBP,RG,8725,2,D,YU,XC,D
14:46:04,ICBP,RG,8725,11,D,YU,PD,D
14:46:04,ICBP,RG,8725,10,D,YU,XC,D
14:46:04,ICBP,RG,8725,1,D,YU,PD,D
14:46:04,ICBP,RG,8725,2,D,YU,YP,D
14:46:04,ICBP,RG,8725,3,D,YU,YP,D
14:46:04,ICBP,RG,8725,10,D,YU,IP,D
14:46:04,ICBP,RG,8725,6,D,YU,NI,D
14:46:04,ICBP,RG,8725,2,D,YU,YP,D
14:46:04,ICBP,RG,8725,1,D,YU,NI,D
14:46:04,ICBP,RG,8725,5,D,YU,NI,D
14:46:04,ICBP,RG,8725,1,D,YU,PD,D
14:46:04,ICBP,RG,8725,3,D,YU,SQ,D
14:45:46,ICBP,RG,8725,3,D,PS,SQ,D
14:45:46,ICBP,RG,8725,5,D,PS,YP,D
14:45:46,ICBP,RG,8725,50,D,PS,YB,D
14:45:46,ICBP,RG,8725,1,D,PS,SQ,D
14:45:46,ICBP,RG,8725,5,D,PS,XC,D
14:45:46,ICBP,RG,8725,12,D,PS,GR,D
14:45:46,ICBP,RG,8725,1,D,PS,CC,D
14:45:46,ICBP,RG,8725,6,D,PS,XC,D
14:45:46,ICBP,RG,8725,5,D,PS,XC,D
14:45:46,ICBP,RG,8725,1,D,PS,NI,D
14:45:46,ICBP,RG,8725,5,D,PS,PD,D
14:45:46,ICBP,RG,8725,100,D,PS,YU,D
14:45:46,ICBP,RG,8725,1,D,PS,YP,D
14:45:46,ICBP,RG,8725,2,D,PS,CC,D
14:45:46,ICBP,RG,8725,1,D,PS,YP,D
14:45:46,ICBP,RG,8725,2,D,PS,PD,D
14:45:46,ICBP,RG,8725,3,D,PS,PD,D
14:45:46,ICBP,RG,8725,4,D,PS,PD,D
14:45:46,ICBP,RG,8725,23,D,PS,YP,D
14:45:43,ICBP,RG,8700,3,D,YU,PD,D
14:45:22,ICBP,RG,8675,161,F,DX,GR,D
14:45:22,ICBP,RG,8700,32,F,ZP,GR,D
14:45:22,ICBP,RG,8700,47,F,ZP,GR,D
14:45:22,ICBP,RG,8700,2,F,ZP,GR,D
14:45:20,ICBP,RG,8725,77,F,AK,YP,D
14:45:16,ICBP,RG,8700,1,F,AK,ZP,D
14:45:16,ICBP,RG,8700,57,F,AK,ZP,D
14:45:16,ICBP,RG,8700,70,F,AK,AK,D
14:45:16,ICBP,RG,8700,1,F,ZP,AK,D
14:45:16,ICBP,RG,8700,55,F,ZP,AK,D
14:45:15,ICBP,RG,8700,1,F,ZP,AK,F
14:45:15,ICBP,RG,8700,2,F,AK,NI,D
14:45:15,ICBP,RG,8700,2,F,AK,AK,F
14:45:15,ICBP,RG,8700,1,F,AK,BK,F
14:45:15,ICBP,RG,8700,6,F,AK,XC,D
14:45:15,ICBP,RG,8700,3,F,AK,AK,F
14:45:15,ICBP,RG,8700,10,F,AK,ZP,F
14:45:15,ICBP,RG,8700,13,F,AK,NI,D
14:45:15,ICBP,RG,8700,1,F,AK,AK,F
14:45:15,ICBP,RG,8700,2,F,AK,NI,D
14:45:15,ICBP,RG,8700,1,F,AK,AK,F
14:45:15,ICBP,RG,8700,30,F,AK,AK,D
14:45:15,ICBP,RG,8700,3,F,AK,SQ,D
14:45:15,ICBP,RG,8700,62,F,AK,ZP,D
14:45:15,ICBP,RG,8700,63,F,AK,ZP,D
14:45:15,ICBP,RG,8700,2,F,ZP,ZP,D
14:45:14,ICBP,RG,8700,12,F,ZP,ZP,D
14:45:14,ICBP,RG,8700,5,F,ZP,ZP,D
14:45:14,ICBP,RG,8700,1,F,DX,ZP,D
14:45:14,ICBP,RG,8700,54,F,DX,AK,D
14:45:14,ICBP,RG,8700,16,F,DX,ZP,F
14:45:14,ICBP,RG,8700,1,F,DX,PD,D
14:45:14,ICBP,RG,8700,10,F,DX,XA,D
14:45:14,ICBP,RG,8700,10,F,DX,KK,D
14:45:14,ICBP,RG,8700,65,F,DX,PD,D
14:45:14,ICBP,RG,8700,2,F,DX,SQ,D
14:45:14,ICBP,RG,8700,1,F,DX,KK,D
14:45:14,ICBP,RG,8700,9,F,DX,XC,D
14:45:14,ICBP,RG,8700,3,F,DX,PD,D
14:45:14,ICBP,RG,8700,3,F,DX,AI,D
14:45:14,ICBP,RG,8700,13,F,DX,XC,D
14:45:14,ICBP,RG,8700,1,F,DX,XC,D
14:45:14,ICBP,RG,8700,1,F,DX,NI,D
14:45:14,ICBP,RG,8700,25,F,DX,EP,D
14:45:14,ICBP,RG,8700,3,F,DX,XC,D
14:45:14,ICBP,RG,8700,1,F,DX,XC,D
14:45:14,ICBP,RG,8700,86,F,DX,PC,D
14:45:14,ICBP,RG,8700,2,F,DX,NI,D
14:45:14,ICBP,RG,8700,1,F,DX,PD,D
14:45:14,ICBP,RG,8700,58,F,DX,YP,D
14:45:14,ICBP,RG,8700,50,F,DX,SQ,D
14:45:14,ICBP,RG,8700,3,F,DX,ZP,F
14:45:14,ICBP,RG,8700,50,F,DX,YP,D
14:45:14,ICBP,RG,8700,115,F,DX,YP,D
14:45:14,ICBP,RG,8700,3,F,DX,YP,D
14:45:14,ICBP,RG,8700,1,F,DX,DX,D
14:45:14,ICBP,RG,8700,1,F,DX,PD,D
14:45:14,ICBP,RG,8700,9,F,DX,PD,D
14:45:14,ICBP,RG,8700,15,F,DX,PD,D
14:45:14,ICBP,RG,8700,51,F,DX,PD,D
14:45:14,ICBP,RG,8700,3,F,DX,PD,D
14:45:14,ICBP,RG,8700,1,F,DX,YP,D
14:45:14,ICBP,RG,8700,1,F,DX,SQ,D
14:45:14,ICBP,RG,8700,3,F,DX,CC,D
14:45:14,ICBP,RG,8700,4,F,DX,XL,D
14:45:14,ICBP,RG,8700,25,F,DX,YP,D
14:45:14,ICBP,RG,8700,550,F,DX,YP,D
14:45:14,ICBP,RG,8700,50,F,DX,CC,D
14:45:14,ICBP,RG,8700,4,F,DX,PD,D
14:45:14,ICBP,RG,8700,7,F,DX,CC,D
14:45:14,ICBP,RG,8700,15,F,DX,NI,D
14:45:14,ICBP,RG,8700,500,F,DX,RX,F
14:45:14,ICBP,RG,8700,9,F,DX,PD,D
14:45:14,ICBP,RG,8700,1,F,DX,GR,D
14:45:14,ICBP,RG,8700,2,F,DX,XC,D
14:45:14,ICBP,RG,8700,1,F,DX,XL,D
14:45:14,ICBP,RG,8700,1,F,DX,NI,D
14:45:14,ICBP,RG,8700,66,F,DX,NI,D
14:45:14,ICBP,RG,8700,33,F,DX,NI,D
14:45:14,ICBP,RG,8700,1,F,DX,NI,D
14:45:14,ICBP,RG,8700,1,F,DX,PD,D
14:45:14,ICBP,RG,8700,1,F,DX,YP,D
14:45:14,ICBP,RG,8700,1,F,DX,XC,D
14:45:14,ICBP,RG,8700,1,F,DX,XC,D
14:45:14,ICBP,RG,8700,1,F,DX,YP,D
14:45:14,ICBP,RG,8700,1,F,DX,KK,D
14:45:14,ICBP,RG,8700,6,F,DX,XL,D
14:45:14,ICBP,RG,8700,10,F,DX,NI,D
14:45:14,ICBP,RG,8700,10,F,DX,YP,D
14:45:14,ICBP,RG,8700,11,F,DX,XL,D
14:45:14,ICBP,RG,8700,1,F,DX,XC,D
14:45:14,ICBP,RG,8700,1,F,DX,XC,D
14:45:14,ICBP,RG,8700,5,F,DX,NI,D
14:45:14,ICBP,RG,8700,3,F,DX,XC,D
14:45:14,ICBP,RG,8700,1,F,DX,NI,D
14:45:14,ICBP,RG,8700,30,F,DX,YB,D
14:45:14,ICBP,RG,8700,90,F,DX,PD,D
14:45:14,ICBP,RG,8700,3,F,DX,PD,D
14:45:14,ICBP,RG,8700,2,F,DX,YP,D
14:45:14,ICBP,RG,8700,80,F,DX,NI,D
14:45:11,ICBP,RG,8675,2,F,DX,ZP,D
14:45:10,ICBP,RG,8675,4,F,DX,ZP,F
14:45:06,ICBP,RG,8675,1,F,DX,ZP,D
14:45:05,ICBP,RG,8700,2,D,YP,NI,D
14:44:58,ICBP,RG,8675,2,F,DX,AK,D
14:44:57,ICBP,RG,8675,3,F,DX,ZP,D
14:44:56,ICBP,RG,8675,5,F,DX,AK,D
14:44:44,ICBP,RG,8675,1,F,DX,ZP,D
14:44:42,ICBP,RG,8675,3,F,DX,ZP,F
14:44:42,ICBP,RG,8675,6,F,DX,ZP,D
14:44:41,ICBP,RG,8675,15,F,DX,AK,D
14:44:17,ICBP,RG,8675,5,F,DX,ZP,D
14:44:15,ICBP,RG,8675,10,F,DX,DX,D
14:44:11,ICBP,RG,8675,15,F,DX,ZP,D
14:44:09,ICBP,RG,8675,37,F,DX,AK,D
14:44:08,ICBP,RG,8675,31,F,DX,ZP,D
14:44:08,ICBP,RG,8675,2,D,PD,ZP,D
14:44:08,ICBP,RG,8675,1,F,AK,ZP,D
14:44:08,ICBP,RG,8675,9,F,AK,ZP,D
14:44:08,ICBP,RG,8675,4,F,AK,ZP,D
14:44:08,ICBP,RG,8675,6,F,AK,ZP,D
14:44:08,ICBP,RG,8675,1,F,AK,ZP,D
14:44:08,ICBP,RG,8675,1,F,AK,ZP,D
14:44:08,ICBP,RG,8675,4,F,AK,ZP,D
14:44:08,ICBP,RG,8675,7,F,ZP,ZP,D
14:43:53,ICBP,RG,8675,16,F,ZP,AK,D
14:43:53,ICBP,RG,8675,2,F,ZP,AK,D
14:43:53,ICBP,RG,8675,3,F,ZP,AK,D
14:43:53,ICBP,RG,8675,9,F,ZP,AK,D
14:43:53,ICBP,RG,8700,11,F,AK,NI,D
14:43:52,ICBP,RG,8700,25,D,PD,NI,D
14:43:52,ICBP,RG,8700,1,D,PD,NI,D
14:43:32,ICBP,RG,8675,14,F,ZP,AK,D
14:43:32,ICBP,RG,8675,36,F,DX,AK,D
14:43:32,ICBP,RG,8675,35,F,DX,ZP,D
14:43:31,ICBP,RG,8675,6,F,DX,AK,D
14:43:30,ICBP,RG,8675,100,F,DX,LG,D
14:43:30,ICBP,RG,8700,12,F,AK,NI,D
14:43:20,ICBP,RG,8675,1,F,DX,ZP,D
14:43:18,ICBP,RG,8675,1,F,DX,AK,D
14:43:17,ICBP,RG,8675,1,F,DX,ZP,D
14:43:16,ICBP,RG,8675,1,F,DX,AK,D
14:43:15,ICBP,RG,8700,2,F,AK,NI,D
14:43:08,ICBP,RG,8675,1,F,DX,AK,D
14:43:08,ICBP,RG,8675,1,F,DX,ZP,D
14:43:07,ICBP,RG,8675,1,F,DX,NI,D
14:43:02,ICBP,RG,8675,1,F,DX,AK,D
14:43:02,ICBP,RG,8675,1,F,DX,ZP,D
14:43:00,ICBP,RG,8700,1,F,AK,NI,D
14:42:56,ICBP,RG,8675,2,F,DX,AK,D
14:42:38,ICBP,RG,8675,2,F,DX,ZP,D
14:42:37,ICBP,RG,8700,3,D,PD,NI,D
14:42:36,ICBP,RG,8675,1,F,DX,AK,D
14:42:35,ICBP,RG,8675,1,F,DX,ZP,D
14:42:33,ICBP,RG,8675,1,F,DX,AK,D
14:42:32,ICBP,RG,8675,2,F,DX,ZP,D
14:42:32,ICBP,RG,8675,1,F,DX,AK,D
14:42:31,ICBP,RG,8675,3,F,DX,AK,D
14:42:30,ICBP,RG,8675,4,F,DX,ZP,D
14:42:30,ICBP,RG,8675,1,F,DX,AK,D
14:42:29,ICBP,RG,8675,5,F,DX,PD,D
14:42:29,ICBP,RG,8675,2,F,DX,ZP,D
14:42:29,ICBP,RG,8675,4,F,DX,AK,D
14:42:28,ICBP,RG,8675,6,F,DX,XC,D
14:42:27,ICBP,RG,8675,2,F,DX,ZP,D
14:42:26,ICBP,RG,8675,4,F,DX,AK,D
14:42:06,ICBP,RG,8675,8,F,DX,ZP,D
14:42:05,ICBP,RG,8675,18,F,DX,AK,D
14:42:04,ICBP,RG,8700,1,D,PD,NI,D
14:41:47,ICBP,RG,8675,2,F,DX,ZP,D
14:41:45,ICBP,RG,8700,5,F,AK,NI,D
14:41:32,ICBP,RG,8675,28,F,DX,ZP,D
14:41:31,ICBP,RG,8675,36,F,DX,AK,D
14:41:30,ICBP,RG,8700,29,F,AK,NI,D
14:41:20,ICBP,RG,8675,1,F,DX,ZP,D
14:41:19,ICBP,RG,8700,2,D,PD,NI,D
14:41:17,ICBP,RG,8675,1,F,DX,PD,D
14:41:08,ICBP,RG,8675,1,F,DX,ZP,D
14:41:07,ICBP,RG,8700,1,D,PD,NI,D
14:41:05,ICBP,RG,8675,1,F,DX,ZP,D
14:41:04,ICBP,RG,8700,2,F,AK,NI,D
14:40:59,ICBP,RG,8675,5,F,DX,ZP,D
14:40:58,ICBP,RG,8700,12,F,AK,NI,D
14:40:57,ICBP,RG,8675,19,F,DX,ZP,D
14:40:56,ICBP,RG,8675,44,F,DX,AK,D
14:40:21,ICBP,RG,8675,59,F,DX,ZP,D
14:40:10,ICBP,RG,8675,30,F,DX,KK,D
14:39:33,ICBP,RG,8700,1,F,DX,NI,D
14:39:22,ICBP,RG,8675,86,F,DX,AK,D
14:39:21,ICBP,RG,8675,5,F,DX,DH,D
14:38:49,ICBP,RG,8700,1,D,PD,NI,D
14:38:45,ICBP,RG,8700,8,F,AK,NI,D
14:38:30,ICBP,RG,8700,1,F,AK,NI,D
14:38:06,ICBP,RG,8675,23,F,DX,YP,D
14:37:23,ICBP,RG,8700,12,D,PD,DX,D
14:36:41,ICBP,RG,8675,4,F,DX,ZP,D
14:36:37,ICBP,RG,8675,115,F,DX,ZP,D
14:36:36,ICBP,RG,8675,1,F,DX,SQ,D
14:36:36,ICBP,RG,8675,6,F,DX,AK,F
14:36:36,ICBP,RG,8675,1,F,DX,AK,F
14:36:36,ICBP,RG,8675,149,F,DX,AK,D
14:36:36,ICBP,RG,8675,6,F,DX,ZP,F
14:36:36,ICBP,RG,8675,300,F,DX,RX,F
14:36:36,ICBP,RG,8675,109,F,DX,AK,D
14:36:36,ICBP,RG,8675,4,F,DX,ZP,F
14:36:36,ICBP,RG,8675,211,F,DX,ZP,D
14:36:16,ICBP,RG,8650,3,F,DX,AK,D
14:36:15,ICBP,RG,8675,5,F,AK,ZP,D
14:35:16,ICBP,RG,8650,5,F,DX,AK,D
14:35:15,ICBP,RG,8650,288,F,DX,AK,D
14:35:15,ICBP,RG,8675,11,F,AK,ZP,D
14:35:14,ICBP,RG,8675,6,F,ZP,ZP,D
14:35:14,ICBP,RG,8675,90,F,ZP,ZP,D
14:35:14,ICBP,RG,8675,10,F,ZP,ZP,D
14:35:14,ICBP,RG,8675,110,F,ZP,ZP,D
14:35:14,ICBP,RG,8675,97,F,DX,ZP,D
14:35:14,ICBP,RG,8675,7,F,DX,AK,D
14:35:13,ICBP,RG,8675,272,F,DX,CC,F
14:35:13,ICBP,RG,8675,4,F,DX,AK,F
14:35:13,ICBP,RG,8675,6,F,DX,BK,F
14:35:13,ICBP,RG,8675,2,F,DX,AK,D
14:35:13,ICBP,RG,8675,1,F,DX,AK,F
14:35:13,ICBP,RG,8675,364,F,DX,AK,D
14:35:13,ICBP,RG,8675,10,F,DX,YP,D
14:35:13,ICBP,RG,8675,48,F,DX,NI,D
14:35:13,ICBP,RG,8675,24,F,DX,NI,D
14:35:13,ICBP,RG,8675,23,F,DX,ZP,F
14:35:13,ICBP,RG,8675,5,F,DX,YP,D
14:35:13,ICBP,RG,8675,300,F,DX,RX,F
14:35:13,ICBP,RG,8675,50,F,DX,CC,D
14:35:13,ICBP,RG,8675,159,F,DX,ZP,D
14:35:13,ICBP,RG,8675,23,F,DX,AK,F
14:35:13,ICBP,RG,8675,9,F,DX,ZP,F
14:35:13,ICBP,RG,8675,35,F,DX,PD,D
14:35:13,ICBP,RG,8675,2,F,DX,YP,D
14:35:13,ICBP,RG,8675,20,F,DX,XA,D
14:35:13,ICBP,RG,8675,5,F,DX,YP,D
14:35:13,ICBP,RG,8675,30,F,DX,NI,D
14:35:13,ICBP,RG,8675,4,F,DX,NI,D
14:35:06,ICBP,RG,8650,1,F,DX,AK,D
14:35:05,ICBP,RG,8650,1,F,DX,PD,D
14:34:02,ICBP,RG,8650,8,F,DX,AK,D
14:34:01,ICBP,RG,8675,11,F,AK,NI,D
14:34:01,ICBP,RG,8675,2,F,AK,AK,F
14:34:01,ICBP,RG,8675,1,F,AK,AK,F
14:34:01,ICBP,RG,8675,3,F,AK,AK,F
14:34:00,ICBP,RG,8675,2,F,AK,AK,F
14:34:00,ICBP,RG,8675,3,F,AK,BK,F
14:33:43,ICBP,RG,8650,5,F,DX,ZP,F
14:33:15,ICBP,RG,8675,5,F,AK,BK,F
14:32:48,ICBP,RG,8650,5,F,DX,AK,F
14:32:20,ICBP,RG,8650,4,F,DX,AK,F
14:32:18,ICBP,RG,8675,1,D,PD,AK,D
14:32:18,ICBP,RG,8675,11,D,PD,AK,D
14:31:59,ICBP,RG,8650,10,F,DX,AK,D
14:31:58,ICBP,RG,8650,25,F,DX,YP,F
14:31:30,ICBP,RG,8650,4,F,DX,AK,D
14:31:30,ICBP,RG,8675,3,F,AK,AK,D
14:31:30,ICBP,RG,8675,2,F,AK,ZP,D
14:31:28,ICBP,RG,8650,8,F,DX,BK,F
14:30:30,ICBP,RG,8650,20,F,DX,AK,D
14:30:28,ICBP,RG,8650,40,F,DX,YJ,D
14:29:49,ICBP,RG,8650,3,F,DX,AK,D
14:29:48,ICBP,RG,8650,6,F,DX,AK,F
14:29:15,ICBP,RG,8650,2,F,DX,AK,D
14:29:15,ICBP,RG,8675,3,F,AK,ZP,F
14:28:47,ICBP,RG,8650,4,F,DX,AK,D
14:28:46,ICBP,RG,8650,10,F,DX,EP,D
14:27:23,ICBP,RG,8650,2,F,DX,AK,D
14:27:22,ICBP,RG,8675,2,F,AK,ZP,F
14:27:22,ICBP,RG,8675,1,F,AK,ZP,D
14:27:22,ICBP,RG,8675,1,F,AK,RX,F
14:27:21,ICBP,RG,8650,6,F,DX,AK,D
14:27:20,ICBP,RG,8675,12,D,PD,RX,F
14:26:05,ICBP,RG,8650,4,F,DX,AK,D
14:26:04,ICBP,RG,8650,8,F,DX,BK,F
14:25:33,ICBP,RG,8650,7,F,DX,AK,D
14:25:33,ICBP,RG,8650,1,D,PD,AK,D
14:25:33,ICBP,RG,8650,1,D,PD,AK,D
14:25:33,ICBP,RG,8650,1,F,AK,AK,D
14:25:33,ICBP,RG,8650,5,D,KK,AK,D
14:25:32,ICBP,RG,8650,5,D,KK,YP,D
14:25:32,ICBP,RG,8650,1,D,DR,YP,D
14:25:32,ICBP,RG,8650,1,D,YP,YP,D
14:25:32,ICBP,RG,8650,5,D,XC,YP,D
14:25:32,ICBP,RG,8650,5,D,GR,YP,D
14:25:32,ICBP,RG,8650,6,D,YP,YP,D
14:25:32,ICBP,RG,8650,7,D,KK,YP,D
14:25:16,ICBP,RG,8650,3,D,KK,AK,D
14:25:16,ICBP,RG,8650,1,F,AK,AK,D
14:25:16,ICBP,RG,8650,2,F,AK,AK,D
14:25:15,ICBP,RG,8650,1,F,AK,AK,F
14:25:15,ICBP,RG,8650,2,F,ZP,AK,F
14:25:15,ICBP,RG,8650,5,D,PD,AK,F
14:25:15,ICBP,RG,8650,1,D,PD,AK,F
14:25:15,ICBP,RG,8650,1,D,DH,AK,F
14:25:15,ICBP,RG,8650,1,D,PD,AK,F
14:25:14,ICBP,RG,8650,1,D,CC,XC,D
14:24:49,ICBP,RG,8650,5,D,CP,AK,D
14:24:49,ICBP,RG,8650,1,D,PD,AK,D
14:24:49,ICBP,RG,8650,1,D,YP,AK,D
14:24:49,ICBP,RG,8650,10,D,YP,AK,D
14:24:49,ICBP,RG,8650,13,D,LG,AK,D
14:24:48,ICBP,RG,8650,37,D,LG,YP,D
14:24:48,ICBP,RG,8650,1,D,MU,YP,D
14:24:48,ICBP,RG,8650,1,D,PD,YP,D
14:24:48,ICBP,RG,8650,1,D,YP,YP,D
14:24:48,ICBP,RG,8650,3,D,PD,YP,D
14:24:48,ICBP,RG,8650,5,D,CC,YP,D
14:24:48,ICBP,RG,8650,1,D,LG,YP,D
14:24:48,ICBP,RG,8650,1,D,XC,YP,D
14:24:48,ICBP,RG,8650,3,D,NI,YP,D
14:24:48,ICBP,RG,8650,7,D,XC,YP,D
14:24:25,ICBP,RG,8650,1,D,XC,AK,D
14:24:25,ICBP,RG,8650,1,D,YP,AK,D
14:24:24,ICBP,RG,8650,1,D,YP,DH,D
14:24:24,ICBP,RG,8650,4,D,YP,DH,D
14:22:58,ICBP,RG,8650,1,D,YP,AK,D
14:22:56,ICBP,RG,8650,2,D,PD,XC,D
14:22:49,ICBP,RG,8650,3,D,PD,AK,D
14:22:48,ICBP,RG,8650,5,D,PD,AK,F
14:22:47,ICBP,RG,8650,2,D,XC,PD,D
14:22:09,ICBP,RG,8650,6,D,XC,AK,D
14:22:08,ICBP,RG,8675,12,D,PD,RX,F
14:21:53,ICBP,RG,8650,1,D,XC,AK,D
14:21:51,ICBP,RG,8675,1,D,XC,RX,F
14:21:37,ICBP,RG,8650,1,D,XC,AK,D
14:21:37,ICBP,RG,8650,1,D,DH,AK,D
14:21:36,ICBP,RG,8650,1,D,DH,AK,D
14:21:36,ICBP,RG,8650,1,D,PD,AK,D
14:21:36,ICBP,RG,8650,2,D,PD,AK,D
14:21:36,ICBP,RG,8650,6,D,AT,AK,D
14:21:36,ICBP,RG,8650,2,D,PD,AK,D
14:21:36,ICBP,RG,8650,2,D,KK,AK,D
14:21:36,ICBP,RG,8650,1,D,PD,AK,D
14:21:36,ICBP,RG,8650,1,D,DH,AK,D
14:21:36,ICBP,RG,8650,1,D,PD,AK,D
14:21:36,ICBP,RG,8650,2,D,CP,AK,D
14:21:36,ICBP,RG,8650,1,D,NI,AK,D
14:21:36,ICBP,RG,8650,2,D,DH,AK,D
14:21:36,ICBP,RG,8650,2,D,PD,AK,D
14:21:36,ICBP,RG,8650,1,D,XC,AK,D
14:21:36,ICBP,RG,8650,1,D,PD,AK,D
14:21:36,ICBP,RG,8650,10,D,XC,AK,D
14:21:36,ICBP,RG,8650,1,D,XC,AK,D
14:21:36,ICBP,RG,8650,2,D,PD,AK,D
14:21:36,ICBP,RG,8650,1,D,GR,AK,D
14:21:36,ICBP,RG,8650,2,D,XC,AK,D
14:21:36,ICBP,RG,8650,1,D,YP,AK,D
14:21:36,ICBP,RG,8650,2,D,GR,AK,D
14:21:36,ICBP,RG,8650,6,D,KK,AK,D
14:21:36,ICBP,RG,8650,3,F,ZP,AK,D
14:21:36,ICBP,RG,8650,1,D,YP,AK,D
14:21:36,ICBP,RG,8650,1,D,PD,AK,D
14:21:36,ICBP,RG,8650,1,D,KK,AK,D
14:21:36,ICBP,RG,8650,10,D,NI,AK,D
14:21:36,ICBP,RG,8650,90,F,DX,AK,D
14:21:35,ICBP,RG,8675,4,F,AK,RX,F
14:21:35,ICBP,RG,8675,4,F,AK,RX,F
14:21:35,ICBP,RG,8675,1,D,GR,RX,F
14:21:35,ICBP,RG,8675,1,F,ZP,RX,F
14:21:35,ICBP,RG,8675,11,F,ZP,RX,F
14:21:35,ICBP,RG,8675,26,F,ZP,RX,F
14:21:35,ICBP,RG,8675,2,F,ZP,RX,F
14:21:35,ICBP,RG,8675,10,D,YP,RX,F
14:21:35,ICBP,RG,8675,50,D,KK,RX,F
14:21:35,ICBP,RG,8675,1,D,DR,RX,F
14:21:35,ICBP,RG,8675,5,D,PD,RX,F
14:21:35,ICBP,RG,8675,1,F,ZP,RX,F
14:21:35,ICBP,RG,8675,1,F,AK,RX,F
14:21:35,ICBP,RG,8675,5,F,AK,RX,F
14:21:35,ICBP,RG,8675,8,F,AK,RX,F
14:21:35,ICBP,RG,8675,2,F,AK,RX,F
14:21:35,ICBP,RG,8675,19,F,ZP,RX,F
14:21:35,ICBP,RG,8675,1,D,DH,RX,F
14:21:35,ICBP,RG,8675,1,F,AK,RX,F
14:21:35,ICBP,RG,8675,5,F,AK,RX,F
14:21:35,ICBP,RG,8675,7,D,XL,RX,F
14:21:35,ICBP,RG,8675,37,F,ZP,RX,F
14:21:35,ICBP,RG,8675,122,D,EP,RX,F
14:21:34,ICBP,RG,8675,1,D,EP,AK,D
14:21:32,ICBP,RG,8675,1,D,EP,ZP,D
14:21:31,ICBP,RG,8675,2,D,EP,AK,D
14:21:31,ICBP,RG,8675,1,D,EP,ZP,D
14:21:30,ICBP,RG,8700,3,F,AK,DX,D
14:20:23,ICBP,RG,8675,1,D,EP,AK,D
14:20:22,ICBP,RG,8675,3,D,EP,ZP,D
14:20:20,ICBP,RG,8675,6,D,EP,AK,D
14:20:19,ICBP,RG,8675,4,D,EP,ZP,D
14:20:19,ICBP,RG,8675,1,D,EP,AK,D
14:20:18,ICBP,RG,8675,8,D,EP,BK,F
14:20:17,ICBP,RG,8675,1,D,EP,ZP,D
14:20:17,ICBP,RG,8675,1,D,EP,AK,D
14:20:16,ICBP,RG,8675,2,D,EP,ZP,D
14:20:16,ICBP,RG,8675,2,D,EP,AK,D
14:20:14,ICBP,RG,8675,4,D,EP,ZP,F
14:18:56,ICBP,RG,8675,1,D,EP,ZP,D
14:18:54,ICBP,RG,8675,3,D,EP,AK,D
14:18:53,ICBP,RG,8675,6,D,EP,ZP,D
14:18:51,ICBP,RG,8675,13,D,EP,AK,D
14:18:50,ICBP,RG,8675,17,D,EP,ZP,D
14:18:50,ICBP,RG,8675,1,F,AK,ZP,D
14:18:50,ICBP,RG,8675,8,F,ZP,ZP,D
14:18:49,ICBP,RG,8675,2,F,ZP,AK,D
14:18:49,ICBP,RG,8675,1,F,ZP,ZP,D
14:18:48,ICBP,RG,8675,1,F,AK,AK,D
14:18:48,ICBP,RG,8675,3,F,ZP,AK,D
14:18:48,ICBP,RG,8675,8,F,AK,AK,D
14:18:48,ICBP,RG,8675,2,F,AK,AK,D
14:18:48,ICBP,RG,8675,2,D,NI,AK,D
14:18:48,ICBP,RG,8675,2,F,ZP,AK,D
14:18:48,ICBP,RG,8675,41,D,ZP,AK,D
14:18:48,ICBP,RG,8675,3,D,ZP,ZP,F
14:18:47,ICBP,RG,8675,119,D,ZP,ZP,D
14:17:52,ICBP,RG,8675,2,D,ZP,AK,D
14:17:51,ICBP,RG,8675,4,D,ZP,ZP,F
14:17:45,ICBP,RG,8675,1,D,ZP,AK,D
14:17:45,ICBP,RG,8700,4,F,AK,DX,D
14:17:13,ICBP,RG,8675,6,D,ZP,AK,D
14:17:13,ICBP,RG,8700,12,D,PD,DX,D
14:16:41,ICBP,RG,8675,3,D,ZP,AK,D
14:15:18,ICBP,RG,8675,21,D,ZP,AK,D
14:15:18,ICBP,RG,8675,6,F,AK,AK,D
14:15:18,ICBP,RG,8675,16,F,ZP,AK,D
14:15:18,ICBP,RG,8675,2,D,YP,AK,D
14:15:18,ICBP,RG,8675,1,F,AK,AK,D
14:15:18,ICBP,RG,8675,1,D,YP,AK,D
14:15:18,ICBP,RG,8675,7,F,AK,AK,D
14:15:18,ICBP,RG,8675,6,F,ZP,AK,D
14:15:18,ICBP,RG,8675,1,F,ZP,AK,D
14:15:18,ICBP,RG,8675,15,F,ZP,AK,D
14:15:18,ICBP,RG,8675,1,F,ZP,ZP,F
14:15:18,ICBP,RG,8675,5,F,ZP,ZP,F
14:15:17,ICBP,RG,8675,28,F,ZP,ZP,D
14:15:17,ICBP,RG,8675,1,F,AK,ZP,D
14:15:17,ICBP,RG,8675,1,F,DX,ZP,D
14:15:17,ICBP,RG,8675,1,F,ZP,ZP,D
14:15:17,ICBP,RG,8675,3,F,ZP,ZP,D
14:15:17,ICBP,RG,8675,3,F,AK,ZP,D
14:15:17,ICBP,RG,8675,1,F,AK,ZP,D
14:15:17,ICBP,RG,8675,1,F,AI,ZP,D
14:15:17,ICBP,RG,8675,1,F,AK,ZP,D
14:15:17,ICBP,RG,8675,3,F,AK,ZP,D
14:15:17,ICBP,RG,8675,1,F,AK,ZP,D
14:15:17,ICBP,RG,8675,109,D,GR,ZP,D
14:15:11,ICBP,RG,8675,10,D,GR,AK,D
14:14:30,ICBP,RG,8700,5,F,AK,DX,D
14:12:58,ICBP,RG,8675,15,D,GR,ZP,D
14:12:56,ICBP,RG,8675,36,D,GR,AK,D
14:12:30,ICBP,RG,8675,5,D,GR,ZP,D
14:12:29,ICBP,RG,8675,10,D,GR,EP,D
14:12:27,ICBP,RG,8675,2,D,GR,ZP,D
14:12:25,ICBP,RG,8675,6,D,GR,ZP,F
14:12:16,ICBP,RG,8675,10,D,GR,ZP,D
14:12:15,ICBP,RG,8675,23,D,GR,AK,F
14:12:13,ICBP,RG,8675,5,D,GR,ZP,D
14:12:13,ICBP,RG,8675,1,D,NI,ZP,D
14:12:12,ICBP,RG,8700,13,D,PD,DX,D
14:11:40,ICBP,RG,8675,10,F,ZP,ZP,D
14:11:39,ICBP,RG,8675,16,F,ZP,SQ,D
14:11:39,ICBP,RG,8675,9,F,AK,SQ,D
14:11:31,ICBP,RG,8675,2,F,AK,ZP,D
14:11:30,ICBP,RG,8700,1,F,AK,DX,D
14:11:30,ICBP,RG,8700,3,F,AK,NI,D
14:11:16,ICBP,RG,8675,3,F,AK,ZP,D
14:11:15,ICBP,RG,8675,6,F,AK,AK,F
14:10:48,ICBP,RG,8675,4,F,AK,ZP,D
14:10:47,ICBP,RG,8675,10,F,AK,DR,D
14:10:18,ICBP,RG,8675,1,F,AK,ZP,D
14:10:17,ICBP,RG,8675,1,D,CC,ZP,F
14:10:17,ICBP,RG,8675,2,F,AK,ZP,F
14:09:31,ICBP,RG,8675,1,F,AK,ZP,D
14:09:30,ICBP,RG,8675,1,F,AK,AK,F
14:09:04,ICBP,RG,8675,1,F,AK,ZP,D
14:09:03,ICBP,RG,8675,2,F,AK,ZP,F
14:09:03,ICBP,RG,8675,1,F,ZP,ZP,F
14:09:03,ICBP,RG,8675,17,F,ZP,ZP,D
14:09:03,ICBP,RG,8675,2,F,ZP,ZP,D
14:09:03,ICBP,RG,8675,1,D,YP,ZP,D
14:09:03,ICBP,RG,8675,1,F,ZP,ZP,D
14:09:03,ICBP,RG,8675,13,F,ZP,ZP,D
14:09:01,ICBP,RG,8675,17,F,ZP,DH,D
14:09:01,ICBP,RG,8675,1,F,ZP,DH,D
14:09:01,ICBP,RG,8675,1,F,AK,DH,D
14:09:01,ICBP,RG,8675,2,F,AK,DH,D
14:09:01,ICBP,RG,8675,1,F,AK,DH,D
14:09:01,ICBP,RG,8675,1,D,YP,DH,D
14:09:01,ICBP,RG,8675,1,D,XC,DH,D
14:09:01,ICBP,RG,8675,12,D,PD,DH,D
14:09:01,ICBP,RG,8675,44,D,KK,DH,D
14:08:52,ICBP,RG,8675,1,D,KK,ZP,D
14:08:51,ICBP,RG,8700,1,D,SQ,NI,D
14:07:46,ICBP,RG,8675,1,D,KK,ZP,D
14:07:45,ICBP,RG,8700,4,F,AK,KK,D
14:07:07,ICBP,RG,8675,4,D,KK,ZP,D
14:07:07,ICBP,RG,8675,1,F,AK,ZP,D
14:07:06,ICBP,RG,8700,12,D,PD,KK,D
14:07:06,ICBP,RG,8675,3,F,AK,ZP,D
14:07:05,ICBP,RG,8675,3,F,AK,ZP,F
14:07:05,ICBP,RG,8675,2,F,AK,ZP,F
14:06:46,ICBP,RG,8675,5,F,AK,ZP,D
14:06:46,ICBP,RG,8675,1,F,AK,ZP,D
14:06:45,ICBP,RG,8700,16,F,AK,KK,D
14:06:00,ICBP,RG,8675,1,F,AK,ZP,D
14:06:00,ICBP,RG,8675,1,F,AK,ZP,D
14:06:00,ICBP,RG,8675,4,F,ZP,ZP,D
14:05:45,ICBP,RG,8700,2,F,AK,KK,D
14:05:30,ICBP,RG,8700,2,F,AK,KK,D
14:05:13,ICBP,RG,8675,2,F,ZP,ZP,F
14:05:04,ICBP,RG,8675,5,F,ZP,PD,D
14:04:15,ICBP,RG,8700,2,F,AK,KK,D
14:03:55,ICBP,RG,8675,2,F,ZP,ZP,F
14:02:21,ICBP,RG,8675,1,F,ZP,ZP,D
14:02:19,ICBP,RG,8700,2,F,AK,KK,D
14:02:18,ICBP,RG,8675,5,F,ZP,ZP,D
14:02:17,ICBP,RG,8700,12,D,PD,KK,D
14:02:00,ICBP,RG,8675,1,F,ZP,XC,D
14:01:59,ICBP,RG,8675,3,F,ZP,ZP,D
14:01:57,ICBP,RG,8675,7,F,ZP,ZP,F
14:01:56,ICBP,RG,8675,1,F,ZP,ZP,D
14:01:55,ICBP,RG,8700,1,D,NI,KK,D
14:01:15,ICBP,RG,8700,1,F,AK,KK,D
14:00:44,ICBP,RG,8675,3,F,ZP,ZP,D
14:00:44,ICBP,RG,8675,27,F,ZP,ZP,D
14:00:42,ICBP,RG,8675,9,F,ZP,YP,D
14:00:42,ICBP,RG,8675,1,F,ZP,YP,D
14:00:42,ICBP,RG,8675,60,F,DX,YP,D
14:00:12,ICBP,RG,8675,1,F,DX,ZP,D
14:00:11,ICBP,RG,8675,2,F,DX,ZP,D
14:00:11,ICBP,RG,8700,1,F,AK,KK,D
14:00:10,ICBP,RG,8675,6,F,DX,ZP,F
13:59:50,ICBP,RG,8675,3,F,DX,ZP,D
13:59:48,ICBP,RG,8675,6,F,DX,EP,D
13:58:32,ICBP,RG,8675,1,F,DX,ZP,D
13:58:30,ICBP,RG,8700,2,F,AK,KK,D
13:57:30,ICBP,RG,8700,1,F,AK,KK,D
13:57:23,ICBP,RG,8675,5,F,DX,ZP,D
13:57:22,ICBP,RG,8700,12,D,PD,KK,D
13:56:21,ICBP,RG,8675,236,F,DX,ZP,D
13:56:20,ICBP,RG,8675,300,F,DX,RX,F
13:56:20,ICBP,RG,8675,12,F,DX,GR,D
13:56:20,ICBP,RG,8675,194,F,DX,KK,D
13:56:20,ICBP,RG,8675,9,F,DX,YP,D
13:56:20,ICBP,RG,8675,5,F,DX,ZP,F
13:56:20,ICBP,RG,8675,3,F,DX,XC,D
13:56:20,ICBP,RG,8675,15,F,DX,ZP,D
13:56:20,ICBP,RG,8675,4,F,DX,AK,F
13:56:20,ICBP,RG,8675,1,F,DX,AK,F
13:56:20,ICBP,RG,8675,3,F,DX,ZP,F
13:56:20,ICBP,RG,8675,8,F,DX,BK,F
13:56:20,ICBP,RG,8675,4,F,DX,AK,F
13:56:20,ICBP,RG,8675,8,F,DX,AK,F
13:56:20,ICBP,RG,8675,1,F,DX,NI,D
13:56:20,ICBP,RG,8675,113,F,DX,ZP,D
13:56:18,ICBP,RG,8675,3,D,XC,ZP,D
13:56:00,ICBP,RG,8675,2,F,AK,ZP,D
13:55:16,ICBP,RG,8650,20,F,DX,ZP,D
13:52:46,ICBP,RG,8650,1,F,DX,PD,D
13:52:12,ICBP,RG,8675,12,D,PD,ZP,D
13:51:38,ICBP,RG,8650,2,F,DX,DR,D
13:50:47,ICBP,RG,8675,6,D,YP,ZP,D
13:50:19,ICBP,RG,8650,75,F,DX,YP,D
13:50:15,ICBP,RG,8675,3,F,AK,ZP,D
13:49:02,ICBP,RG,8675,34,F,AK,ZP,D
13:49:01,ICBP,RG,8675,1,F,ZP,ZP,D
13:49:01,ICBP,RG,8675,4,F,AK,ZP,D
13:49:01,ICBP,RG,8675,7,F,ZP,ZP,D
13:49:01,ICBP,RG,8675,1,F,AK,ZP,D
13:49:01,ICBP,RG,8675,4,F,AK,ZP,D
13:49:01,ICBP,RG,8675,7,F,AK,ZP,D
13:49:01,ICBP,RG,8675,7,F,AK,ZP,D
13:49:01,ICBP,RG,8675,2,F,AK,ZP,D
13:49:01,ICBP,RG,8675,54,F,ZP,ZP,D
13:49:01,ICBP,RG,8675,66,F,ZP,ZP,D
13:49:01,ICBP,RG,8675,3,F,ZP,ZP,D
13:49:01,ICBP,RG,8675,29,F,DX,ZP,D
13:49:00,ICBP,RG,8675,259,F,DX,CC,F
13:48:59,ICBP,RG,8675,1,F,DX,NI,D
13:48:59,ICBP,RG,8675,10,F,DX,SQ,D
13:48:59,ICBP,RG,8675,3,F,DX,CC,D
13:48:59,ICBP,RG,8675,5,F,DX,AK,F
13:48:59,ICBP,RG,8675,10,F,DX,CC,D
13:48:59,ICBP,RG,8675,2,F,DX,CC,D
13:48:59,ICBP,RG,8675,1,F,DX,AK,F
13:48:59,ICBP,RG,8675,33,F,DX,NI,D
13:48:59,ICBP,RG,8675,2,F,DX,ZP,D
13:48:59,ICBP,RG,8675,5,F,DX,AK,F
13:48:59,ICBP,RG,8675,15,F,DX,NI,D
13:48:59,ICBP,RG,8675,1,F,DX,KK,D
13:48:59,ICBP,RG,8675,1,F,DX,AK,F
13:48:59,ICBP,RG,8675,8,F,DX,BK,F
13:48:59,ICBP,RG,8675,415,F,DX,RX,F
13:48:46,ICBP,RG,8650,1,F,DX,PD,D
13:48:45,ICBP,RG,8675,16,F,AK,RX,F
13:48:45,ICBP,RG,8675,7,F,AK,RX,F
13:48:18,ICBP,RG,8675,35,F,AK,RX,F
13:48:17,ICBP,RG,8675,1,D,PD,RX,F
13:47:56,ICBP,RG,8675,12,D,PD,RX,F
13:47:50,ICBP,RG,8675,1,D,DR,RX,F
13:47:33,ICBP,RG,8675,10,D,KK,RX,F
13:47:00,ICBP,RG,8675,3,F,AK,RX,F
13:47:00,ICBP,RG,8675,1,F,AK,YP,D
13:44:25,ICBP,RG,8650,1,F,DX,DX,D
13:42:57,ICBP,RG,8650,1,F,DX,DX,D
13:42:06,ICBP,RG,8675,5,D,PD,AK,F
13:42:06,ICBP,RG,8675,8,D,PD,ZP,D
13:40:50,ICBP,RG,8675,2,D,CC,ZP,D
13:40:50,ICBP,RG,8675,1,D,CC,AK,F
13:40:50,ICBP,RG,8675,2,D,CC,EP,D
13:40:26,ICBP,RG,8675,1,D,XC,EP,D
13:39:21,ICBP,RG,8650,3,F,DX,ZP,D
13:39:20,ICBP,RG,8650,6,F,DX,CC,D
13:38:52,ICBP,RG,8650,1,F,DX,ZP,D
13:38:51,ICBP,RG,8650,3,F,DX,EP,D
13:38:19,ICBP,RG,8650,1,F,DX,ZP,D
13:38:18,ICBP,RG,8675,1,D,XC,EP,D
13:37:22,ICBP,RG,8650,5,F,DX,ZP,D
13:37:21,ICBP,RG,8675,6,D,PD,EP,D
13:37:21,ICBP,RG,8675,4,D,PD,AK,F
13:37:21,ICBP,RG,8675,2,D,PD,AK,F
13:37:03,ICBP,RG,8650,8,F,DX,ZP,D
13:37:02,ICBP,RG,8650,20,F,DX,CC,D
13:36:12,ICBP,RG,8650,53,F,DX,ZP,D
13:35:32,ICBP,RG,8675,3,D,EP,ZP,D
13:35:12,ICBP,RG,8675,31,F,AK,ZP,D
13:35:09,ICBP,RG,8675,46,F,ZP,ZP,D
13:35:09,ICBP,RG,8675,5,F,ZP,ZP,D
13:35:09,ICBP,RG,8675,52,F,ZP,ZP,D
13:35:09,ICBP,RG,8675,2,F,ZP,ZP,D
13:35:09,ICBP,RG,8675,183,F,DX,ZP,D
13:35:08,ICBP,RG,8675,5,F,DX,AK,F
13:35:08,ICBP,RG,8675,3,F,DX,YP,D
13:35:08,ICBP,RG,8675,300,F,DX,RX,F
13:35:08,ICBP,RG,8675,66,F,DX,NI,D
13:35:08,ICBP,RG,8675,1,F,DX,AK,F
13:35:08,ICBP,RG,8675,1,F,DX,YP,D
13:35:08,ICBP,RG,8675,20,F,DX,YP,D
13:35:08,ICBP,RG,8675,1,F,DX,AK,F
13:35:08,ICBP,RG,8675,6,F,DX,AK,F
13:35:08,ICBP,RG,8675,12,F,DX,XC,D
13:35:08,ICBP,RG,8675,3,F,DX,XC,D
13:35:08,ICBP,RG,8675,3,F,DX,SQ,D
13:35:08,ICBP,RG,8675,1,F,DX,ZP,D
13:35:08,ICBP,RG,8675,6,F,DX,AT,D
13:35:08,ICBP,RG,8675,1,F,DX,DH,D
13:35:08,ICBP,RG,8675,3,F,DX,PD,D
13:35:08,ICBP,RG,8675,7,F,DX,PD,D
13:35:08,ICBP,RG,8675,7,F,DX,BK,F
13:35:08,ICBP,RG,8675,171,F,DX,RX,F
13:32:39,ICBP,RG,8675,12,D,PD,RX,F
13:32:27,ICBP,RG,8675,1,D,NI,RX,F
13:31:43,ICBP,RG,8675,10,D,PD,RX,F
13:31:39,ICBP,RG,8675,23,D,PD,RX,F
13:30:14,ICBP,RG,8675,1,D,YP,RX,F
13:30:13,ICBP,RG,8675,5,D,YP,RX,F
13:30:13,ICBP,RG,8675,1,D,YP,RX,F
13:30:10,ICBP,RG,8650,60,F,DX,NI,D
13:30:10,ICBP,RG,8650,30,F,DX,NI,D
13:30:06,ICBP,RG,8675,4,F,AK,RX,F
13:30:06,ICBP,RG,8675,1,D,XC,RX,F
13:30:05,ICBP,RG,8675,1,D,XC,RX,F
13:30:05,ICBP,RG,8675,2,D,XC,RX,F
13:30:05,ICBP,RG,8675,1,D,XC,RX,F
13:30:05,ICBP,RG,8675,1,F,AK,RX,F
13:30:05,ICBP,RG,8675,10,F,AK,RX,F
13:30:05,ICBP,RG,8675,3,F,AK,RX,F
13:30:04,ICBP,RG,8675,8,D,XC,RX,F
13:30:03,ICBP,RG,8650,19,F,DX,DH,D
13:30:03,ICBP,RG,8675,1,D,CC,RX,F
13:30:03,ICBP,RG,8675,1,D,KK,RX,F
13:30:03,ICBP,RG,8675,16,F,AK,RX,F
13:30:03,ICBP,RG,8650,3,F,DX,AK,F
13:30:03,ICBP,RG,8650,12,F,DX,AK,F
13:30:03,ICBP,RG,8675,10,D,EP,RX,F
13:30:03,ICBP,RG,8675,5,D,PD,RX,F
13:30:02,ICBP,RG,8650,5,F,DX,PD,D
13:30:02,ICBP,RG,8675,1,D,PD,RX,F
13:30:02,ICBP,RG,8675,10,D,PD,RX,F
13:30:01,ICBP,RG,8675,1,D,PD,RX,F
13:30:01,ICBP,RG,8675,2,D,CP,PD,D
11:29:47,ICBP,RG,8675,1,F,AK,CS,F
11:29:32,ICBP,RG,8650,1,F,DX,ZP,D
11:29:32,ICBP,RG,8675,1,F,AK,CS,F
11:29:22,ICBP,RG,8675,1,F,AK,CS,F
11:29:17,ICBP,RG,8650,6,F,DX,ZP,D
11:29:16,ICBP,RG,8675,1,F,AK,CS,F
11:29:16,ICBP,RG,8675,1,F,AK,CS,F
11:29:16,ICBP,RG,8650,2,F,DX,AK,F
11:29:15,ICBP,RG,8650,2,F,DX,ZP,F
11:29:15,ICBP,RG,8650,5,F,DX,ZP,F
11:29:15,ICBP,RG,8650,3,F,DX,ZP,F
11:29:01,ICBP,RG,8650,1,F,DX,AK,F
11:28:53,ICBP,RG,8650,1,F,DX,ZP,D
11:28:52,ICBP,RG,8675,1,F,AK,CS,F
11:28:46,ICBP,RG,8650,1,F,DX,AK,F
11:28:34,ICBP,RG,8650,1,F,DX,ZP,D
11:28:32,ICBP,RG,8650,1,F,DX,AK,F
11:28:16,ICBP,RG,8650,2,F,DX,ZP,D
11:28:15,ICBP,RG,8675,1,F,AK,CS,F
11:28:14,ICBP,RG,8650,5,F,DX,YP,D
11:27:28,ICBP,RG,8650,2,F,DX,ZP,D
11:27:26,ICBP,RG,8650,5,F,DX,ZP,F
11:27:16,ICBP,RG,8650,1,F,DX,ZP,D
11:27:15,ICBP,RG,8675,1,F,AK,CS,F
11:26:28,ICBP,RG,8650,2,F,DX,ZP,D
11:26:26,ICBP,RG,8650,5,F,DX,YP,D
11:25:28,ICBP,RG,8650,5,F,DX,ZP,D
11:25:27,ICBP,RG,8675,12,D,PD,CS,F
11:25:22,ICBP,RG,8650,1,F,DX,ZP,D
11:25:20,ICBP,RG,8650,1,F,DX,NI,D
11:25:17,ICBP,RG,8650,27,F,DX,ZP,D
11:25:17,ICBP,RG,8650,3,D,PD,ZP,D
11:25:17,ICBP,RG,8650,1,D,GR,ZP,D
11:25:17,ICBP,RG,8650,1,D,KK,ZP,D
11:25:17,ICBP,RG,8650,1,D,YP,ZP,D
11:25:17,ICBP,RG,8650,1,D,PD,ZP,D
11:25:17,ICBP,RG,8650,1,D,PD,ZP,D
11:25:17,ICBP,RG,8650,2,D,GR,ZP,D
11:25:17,ICBP,RG,8650,4,D,YP,ZP,D
11:25:17,ICBP,RG,8650,20,D,XC,ZP,D
11:25:07,ICBP,RG,8675,7,F,AK,CS,F
11:25:00,ICBP,RG,8675,2,F,AK,CS,F
11:24:47,ICBP,RG,8675,19,F,AK,CS,F
11:24:47,ICBP,RG,8675,1,F,AK,ZP,F
11:24:37,ICBP,RG,8675,1,F,AK,XC,D
11:24:37,ICBP,RG,8675,1,F,AK,PD,D
11:24:07,ICBP,RG,8675,1,F,AK,PD,D
11:24:02,ICBP,RG,8675,1,F,AK,XC,D
11:24:02,ICBP,RG,8675,1,F,AK,AK,F
11:24:02,ICBP,RG,8675,1,F,AK,AK,F
11:23:37,ICBP,RG,8675,2,F,AK,AK,F
11:23:15,ICBP,RG,8675,2,D,PD,ZP,D
11:22:22,ICBP,RG,8675,33,F,AK,ZP,D
11:22:21,ICBP,RG,8675,6,F,ZP,ZP,D
11:22:21,ICBP,RG,8675,1,F,ZP,ZP,D
11:22:20,ICBP,RG,8675,33,F,ZP,ZP,D
11:22:20,ICBP,RG,8675,3,F,ZP,ZP,D
11:22:20,ICBP,RG,8675,46,F,ZP,ZP,D
11:22:20,ICBP,RG,8675,3,F,ZP,ZP,D
11:22:20,ICBP,RG,8675,120,F,DX,ZP,D
11:22:19,ICBP,RG,8675,316,F,DX,CC,F
11:22:19,ICBP,RG,8675,5,F,DX,NI,D
11:22:19,ICBP,RG,8675,4,F,DX,NI,D
11:22:19,ICBP,RG,8675,1,F,DX,AK,F
11:22:19,ICBP,RG,8675,10,F,DX,AZ,D
11:22:19,ICBP,RG,8675,5,F,DX,AK,F
11:22:19,ICBP,RG,8675,3,F,DX,AK,F
11:22:19,ICBP,RG,8675,17,F,DX,ZP,F
11:22:19,ICBP,RG,8675,5,F,DX,AK,F
11:22:19,ICBP,RG,8675,300,F,DX,RX,F
11:22:19,ICBP,RG,8675,14,F,DX,ZP,F
11:21:45,ICBP,RG,8650,1,D,XC,AZ,D
11:21:07,ICBP,RG,8675,2,F,AK,ZP,F
11:21:07,ICBP,RG,8675,3,F,AK,ZP,D
11:20:27,ICBP,RG,8650,1,D,SQ,ZP,D
11:20:27,ICBP,RG,8650,2,D,PD,ZP,D
11:20:27,ICBP,RG,8650,1,D,PD,ZP,D
11:20:26,ICBP,RG,8650,8,F,ZP,ZP,F
11:20:21,ICBP,RG,8650,4,F,ZP,ZP,D
11:20:20,ICBP,RG,8675,2,D,PD,ZP,D
11:20:20,ICBP,RG,8675,1,D,PD,NI,D
11:20:20,ICBP,RG,8675,9,D,PD,BK,F
11:19:51,ICBP,RG,8650,2,F,ZP,ZP,D
11:19:51,ICBP,RG,8650,1,D,XC,ZP,D
11:19:51,ICBP,RG,8650,5,F,AK,ZP,D
11:19:51,ICBP,RG,8650,4,F,ZP,ZP,D
11:19:50,ICBP,RG,8650,1,F,ZP,ZP,F
11:19:50,ICBP,RG,8650,5,F,AK,ZP,F
11:19:50,ICBP,RG,8650,1,D,NI,ZP,F
11:19:50,ICBP,RG,8650,1,F,AK,ZP,F
11:19:50,ICBP,RG,8650,14,F,ZP,ZP,F
11:19:50,ICBP,RG,8650,6,D,SQ,ZP,F
11:18:37,ICBP,RG,8650,3,D,SQ,ZP,D
11:18:35,ICBP,RG,8650,1,D,SQ,BK,F
11:18:35,ICBP,RG,8650,2,F,AK,BK,F
11:18:35,ICBP,RG,8650,2,F,ZP,BK,F
11:18:35,ICBP,RG,8650,1,F,ZP,BK,F
11:18:35,ICBP,RG,8650,1,D,DX,BK,F
11:18:35,ICBP,RG,8650,1,D,XC,BK,F
11:17:22,ICBP,RG,8650,1,D,YU,ZP,D
11:17:21,ICBP,RG,8675,1,F,AK,AK,F
11:16:55,ICBP,RG,8650,18,D,YU,ZP,D
11:16:54,ICBP,RG,8650,43,D,YU,XC,D
11:16:46,ICBP,RG,8650,1,D,YU,ZP,D
11:16:45,ICBP,RG,8650,1,D,YU,CC,D
11:16:15,ICBP,RG,8650,36,D,YU,ZP,D
11:16:15,ICBP,RG,8650,3,D,CC,ZP,D
11:16:15,ICBP,RG,8650,1,D,PD,ZP,D
11:15:28,ICBP,RG,8675,1,D,PD,AK,F
11:15:28,ICBP,RG,8675,5,D,PD,XC,D
11:15:28,ICBP,RG,8675,6,D,PD,AK,F
11:12:53,ICBP,RG,8650,1,D,TP,KK,D
11:12:18,ICBP,RG,8675,3,F,ZP,AK,F
11:12:18,ICBP,RG,8675,1,F,ZP,NI,D
11:12:18,ICBP,RG,8675,4,F,ZP,NI,D
11:12:18,ICBP,RG,8675,55,D,DR,NI,D
11:12:18,ICBP,RG,8675,20,D,DR,NI,D
11:12:00,ICBP,RG,8675,9,F,AK,NI,D
11:10:51,ICBP,RG,8650,2,D,CC,GR,D
11:10:42,ICBP,RG,8650,6,D,NI,ZP,D
11:10:42,ICBP,RG,8675,1,F,AK,NI,D
11:10:42,ICBP,RG,8675,5,F,AK,PD,D
11:10:42,ICBP,RG,8675,1,F,AK,ZP,D
11:10:42,ICBP,RG,8675,6,F,AK,ZP,F
11:10:42,ICBP,RG,8675,2,D,YP,ZP,F
11:10:36,ICBP,RG,8650,4,D,NI,ZP,D
11:10:36,ICBP,RG,8650,5,D,DR,ZP,D
11:10:36,ICBP,RG,8650,2,D,LS,ZP,D
11:10:36,ICBP,RG,8650,1,D,YP,ZP,D
11:10:36,ICBP,RG,8650,1,D,CC,ZP,D
11:10:36,ICBP,RG,8650,1,D,YP,ZP,D
11:10:36,ICBP,RG,8650,3,D,CP,ZP,D
11:10:36,ICBP,RG,8650,1,D,YP,ZP,D
11:10:36,ICBP,RG,8650,1,D,NI,ZP,D
11:10:36,ICBP,RG,8650,10,D,NI,ZP,D
11:10:36,ICBP,RG,8650,1,D,XC,ZP,D
11:10:36,ICBP,RG,8650,1,D,YP,ZP,D
11:10:36,ICBP,RG,8650,2,D,XC,ZP,D
11:10:36,ICBP,RG,8650,15,D,LG,ZP,D
11:10:36,ICBP,RG,8675,24,F,ZP,ZP,F
11:10:36,ICBP,RG,8675,23,F,ZP,AK,F
11:10:36,ICBP,RG,8675,1,F,ZP,XC,D
11:10:36,ICBP,RG,8675,1,F,ZP,KK,D
11:10:36,ICBP,RG,8675,7,F,ZP,ZP,F
11:10:36,ICBP,RG,8675,3,F,ZP,ZP,F
11:10:36,ICBP,RG,8675,3,F,ZP,YP,D
11:10:36,ICBP,RG,8675,37,F,ZP,YP,D
11:10:36,ICBP,RG,8675,8,F,ZP,BK,F
11:10:36,ICBP,RG,8675,2,F,ZP,NI,D
11:10:36,ICBP,RG,8675,2,F,ZP,NI,D
11:10:32,ICBP,RG,8675,1,D,PD,NI,D
11:10:21,ICBP,RG,8650,6,D,LG,ZP,D
11:10:20,ICBP,RG,8650,10,D,LG,AK,F
11:10:19,ICBP,RG,8650,3,D,LG,ZP,F
11:10:06,ICBP,RG,8650,6,D,LG,ZP,D
11:10:06,ICBP,RG,8675,13,D,PD,NI,D
11:10:00,ICBP,RG,8675,1,F,AK,NI,D
11:09:33,ICBP,RG,8650,3,D,LG,ZP,D
11:09:31,ICBP,RG,8650,7,D,LG,ZP,F
11:09:31,ICBP,RG,8650,1,D,CC,ZP,F
11:08:57,ICBP,RG,8650,1,D,CC,ZP,D
11:08:56,ICBP,RG,8675,1,D,PD,NI,D
11:08:37,ICBP,RG,8650,1,D,CC,PD,D
11:08:18,ICBP,RG,8650,20,D,CC,ZP,D
11:08:17,ICBP,RG,8675,40,F,AK,NI,D
11:08:17,ICBP,RG,8675,5,F,AK,NI,D
11:07:57,ICBP,RG,8675,1,D,PD,NI,D
11:06:30,ICBP,RG,8650,2,D,CC,ZP,D
11:06:30,ICBP,RG,8650,5,D,LG,ZP,D
11:06:30,ICBP,RG,8650,1,D,PD,ZP,D
11:06:30,ICBP,RG,8650,1,D,XC,ZP,D
11:06:30,ICBP,RG,8650,1,D,YP,ZP,D
11:06:30,ICBP,RG,8650,1,D,SQ,ZP,D
11:06:30,ICBP,RG,8650,1,F,ZP,ZP,D
11:06:30,ICBP,RG,8650,3,D,PD,ZP,D
11:06:30,ICBP,RG,8650,2,D,YP,ZP,D
11:06:22,ICBP,RG,8675,13,F,AK,NI,D
11:06:02,ICBP,RG,8675,8,D,XC,NI,D
11:05:24,ICBP,RG,8675,3,D,PD,NI,D
11:05:24,ICBP,RG,8675,7,D,PD,AK,F
11:05:24,ICBP,RG,8675,1,D,PD,AK,F
11:05:24,ICBP,RG,8675,1,D,PD,AK,F
11:05:02,ICBP,RG,8650,2,D,YP,AK,F
11:04:35,ICBP,RG,8650,1,D,YP,CC,D
11:03:09,ICBP,RG,8650,2,D,YP,PD,D
11:01:11,ICBP,RG,8650,2,D,YP,AK,F
11:01:10,ICBP,RG,8650,1,D,YP,OD,D
11:01:10,ICBP,RG,8650,1,D,KK,OD,D
11:00:16,ICBP,RG,8675,4,D,PD,AK,F
11:00:16,ICBP,RG,8675,5,D,PD,AK,F
11:00:16,ICBP,RG,8675,1,D,PD,DX,D
11:00:16,ICBP,RG,8675,2,D,PD,ZP,F
10:59:18,ICBP,RG,8650,1,D,NI,XC,D
10:58:55,ICBP,RG,8650,1,D,NI,CC,D
10:58:55,ICBP,RG,8650,1,D,YP,CC,D
10:58:55,ICBP,RG,8650,1,D,YP,XC,D
10:57:47,ICBP,RG,8650,2,D,YP,AK,F
10:57:31,ICBP,RG,8650,1,D,YP,KK,D
10:56:53,ICBP,RG,8650,2,D,YP,PD,D
10:56:53,ICBP,RG,8650,1,D,KK,PD,D
10:56:53,ICBP,RG,8650,1,D,NI,PD,D
10:56:53,ICBP,RG,8650,2,D,NI,PD,D
10:56:53,ICBP,RG,8650,1,D,CC,PD,D
10:56:53,ICBP,RG,8650,1,D,CC,PD,D
10:56:53,ICBP,RG,8650,1,D,CC,PD,D
10:56:53,ICBP,RG,8650,1,D,KK,PD,D
10:56:53,ICBP,RG,8650,1,D,XC,PD,D
10:56:53,ICBP,RG,8650,2,D,PD,PD,D
10:56:53,ICBP,RG,8650,1,D,NI,PD,D
10:56:53,ICBP,RG,8650,1,D,YP,PD,D
10:56:53,ICBP,RG,8650,1,D,PD,PD,D
10:56:53,ICBP,RG,8650,109,F,DX,PD,D
10:55:32,ICBP,RG,8675,13,D,PD,ZP,D
10:55:14,ICBP,RG,8650,3,F,DX,LG,D
10:54:47,ICBP,RG,8650,1,F,DX,AK,F
10:54:22,ICBP,RG,8650,1,F,DX,XC,D
10:54:22,ICBP,RG,8650,34,F,DX,ZP,D
10:52:08,ICBP,RG,8675,1,D,PD,ZP,D
10:51:17,ICBP,RG,8650,2,F,DX,AK,F
10:50:33,ICBP,RG,8675,1,D,PD,ZP,D
10:50:07,ICBP,RG,8675,12,D,PD,ZP,D
10:50:00,ICBP,RG,8675,1,D,NI,ZP,D
10:47:34,ICBP,RG,8675,1,F,AK,ZP,D
10:47:34,ICBP,RG,8675,1,F,ZP,ZP,D
10:47:34,ICBP,RG,8675,4,F,AK,ZP,D
10:47:33,ICBP,RG,8675,36,F,AK,RX,F
10:47:33,ICBP,RG,8675,2,F,AK,RX,F
10:47:33,ICBP,RG,8675,5,F,AK,RX,F
10:47:33,ICBP,RG,8675,6,F,ZP,RX,F
10:47:33,ICBP,RG,8675,6,F,ZP,RX,F
10:47:33,ICBP,RG,8675,1,F,AK,RX,F
10:47:33,ICBP,RG,8675,1,F,AK,RX,F
10:47:33,ICBP,RG,8675,2,F,AK,RX,F
10:47:33,ICBP,RG,8675,25,F,AK,RX,F
10:47:33,ICBP,RG,8675,3,F,AK,RX,F
10:47:33,ICBP,RG,8675,63,F,ZP,RX,F
10:47:33,ICBP,RG,8675,4,F,ZP,RX,F
10:47:33,ICBP,RG,8675,3,F,ZP,RX,F
10:47:33,ICBP,RG,8675,57,F,ZP,RX,F
10:47:33,ICBP,RG,8675,86,F,DX,RX,F
10:47:29,ICBP,RG,8675,10,F,DX,CC,D
10:47:21,ICBP,RG,8675,5,F,DX,XL,D
10:46:40,ICBP,RG,8700,2,D,PD,KK,D
10:45:53,ICBP,RG,8700,8,D,PD,KK,D
10:45:53,ICBP,RG,8700,4,D,PD,RX,F
10:44:26,ICBP,RG,8675,89,F,DX,ZP,D
10:44:26,ICBP,RG,8675,1,F,DX,AK,F
10:44:26,ICBP,RG,8675,1,F,DX,AK,F
10:44:26,ICBP,RG,8675,10,F,DX,BK,F
10:44:26,ICBP,RG,8675,76,F,DX,ZP,D
10:44:26,ICBP,RG,8675,31,F,DX,AK,F
10:44:26,ICBP,RG,8675,5,F,DX,AK,F
10:44:26,ICBP,RG,8675,86,F,DX,ZP,F
10:44:26,ICBP,RG,8675,600,F,DX,KK,D
10:44:10,ICBP,RG,8650,90,F,DX,NI,D
10:44:10,ICBP,RG,8650,45,F,DX,NI,D
10:43:59,ICBP,RG,8650,8,F,DX,ZP,F
10:43:59,ICBP,RG,8675,3,D,HP,KK,D
10:43:59,ICBP,RG,8675,1,D,KK,KK,D
10:43:59,ICBP,RG,8675,1,D,AZ,KK,D
10:43:59,ICBP,RG,8675,2,D,DR,KK,D
10:43:59,ICBP,RG,8675,6,F,AK,KK,D
10:43:59,ICBP,RG,8675,1,D,NI,KK,D
10:43:59,ICBP,RG,8675,1,D,YP,KK,D
10:43:59,ICBP,RG,8675,3,F,ZP,KK,D
10:43:59,ICBP,RG,8675,300,D,YP,KK,D
10:43:59,ICBP,RG,8675,1,D,XC,KK,D
10:43:59,ICBP,RG,8675,13,F,ZP,KK,D
10:43:59,ICBP,RG,8675,1,F,ZP,KK,D
10:43:59,ICBP,RG,8675,1,F,ZP,KK,D
10:43:59,ICBP,RG,8675,1,D,NI,KK,D
10:43:59,ICBP,RG,8675,1,F,AK,KK,D
10:43:59,ICBP,RG,8675,2,D,CP,KK,D
10:43:59,ICBP,RG,8675,1,D,PD,KK,D
10:43:59,ICBP,RG,8675,12,D,CC,KK,D
10:43:59,ICBP,RG,8675,3,F,ZP,KK,D
10:43:59,ICBP,RG,8675,3,F,ZP,KK,D
10:43:59,ICBP,RG,8675,1,F,ZP,KK,D
10:43:59,ICBP,RG,8675,9,F,AK,KK,D
10:43:59,ICBP,RG,8675,5,F,AK,KK,D
10:43:59,ICBP,RG,8675,1,F,AK,KK,D
10:43:59,ICBP,RG,8675,1,F,AK,KK,D
10:43:59,ICBP,RG,8675,1,F,AK,KK,D
10:43:59,ICBP,RG,8675,22,F,ZP,KK,D
10:43:59,ICBP,RG,8675,3,F,ZP,KK,D
10:43:59,ICBP,RG,8675,1,F,ZP,HP,D
10:42:47,ICBP,RG,8675,23,F,ZP,ZP,D
10:42:47,ICBP,RG,8675,42,F,DX,ZP,D
10:42:46,ICBP,RG,8675,8,F,DX,ZP,F
10:42:46,ICBP,RG,8675,39,F,DX,ZP,D
10:42:28,ICBP,RG,8700,5,D,HP,RX,F
10:42:15,ICBP,RG,8700,1,D,NI,RX,F
10:41:53,ICBP,RG,8700,8,F,AK,RX,F
10:41:51,ICBP,RG,8675,60,F,DX,NI,D
10:41:51,ICBP,RG,8675,30,F,DX,NI,D
10:41:26,ICBP,RG,8675,6,F,DX,AK,F
10:41:24,ICBP,RG,8700,5,D,XL,RX,F
10:41:11,ICBP,RG,8700,22,D,KK,RX,F
10:40:54,ICBP,RG,8700,12,D,PD,RX,F
10:40:36,ICBP,RG,8675,7,F,DX,BK,F
10:40:29,ICBP,RG,8675,10,F,DX,CC,D
10:40:17,ICBP,RG,8675,1,F,DX,ZP,F
10:39:58,ICBP,RG,8675,4,F,DX,ZP,F
10:39:36,ICBP,RG,8675,1,F,DX,XC,D
10:37:50,ICBP,RG,8675,110,F,DX,ZP,D
10:37:46,ICBP,RG,8675,5,F,DX,AK,F
10:37:33,ICBP,RG,8675,1,F,DX,YP,D
10:37:26,ICBP,RG,8675,5,F,DX,ZP,F
10:36:38,ICBP,RG,8675,44,F,DX,ID,D
10:36:05,ICBP,RG,8700,4,F,AK,RX,F
10:35:56,ICBP,RG,8675,1,F,DX,PD,D
10:35:54,ICBP,RG,8700,12,D,PD,RX,F
10:35:24,ICBP,RG,8675,4,F,DX,ZP,F
10:35:16,ICBP,RG,8675,5,F,DX,AK,F
10:34:39,ICBP,RG,8700,5,D,CC,RX,F
10:34:33,ICBP,RG,8700,2,D,PD,RX,F
10:34:05,ICBP,RG,8700,1,D,XC,RX,F
10:33:57,ICBP,RG,8675,4,F,DX,ZP,F
10:32:45,ICBP,RG,8700,8,F,AK,RX,F
10:32:31,ICBP,RG,8675,5,F,DX,AK,F
10:32:02,ICBP,RG,8675,8,F,DX,AK,F
10:31:30,ICBP,RG,8700,12,D,PD,RX,F
10:30:07,ICBP,RG,8675,1,F,DX,PD,D
10:29:50,ICBP,RG,8700,26,F,AK,RX,F
10:29:31,ICBP,RG,8675,6,F,DX,AK,F
10:29:16,ICBP,RG,8675,1,F,DX,PD,D
10:29:00,ICBP,RG,8700,3,F,AK,RX,F
10:27:42,ICBP,RG,8675,3,F,DX,ZP,D
10:27:28,ICBP,RG,8700,1,D,PD,RX,F
10:27:05,ICBP,RG,8675,10,F,DX,KK,F
10:26:35,ICBP,RG,8675,1,F,DX,YP,D
10:26:01,ICBP,RG,8675,7,F,DX,AK,F
10:25:18,ICBP,RG,8700,13,D,PD,RX,F
10:24:55,ICBP,RG,8675,17,F,DX,ZP,D
10:22:59,ICBP,RG,8675,2,F,DX,CC,D
10:22:27,ICBP,RG,8675,1,F,DX,CC,D
10:22:16,ICBP,RG,8675,16,F,DX,ZP,D
10:22:16,ICBP,RG,8675,5,F,DX,AK,F
10:21:09,ICBP,RG,8700,12,D,PD,RX,F
10:21:04,ICBP,RG,8675,60,F,DX,NI,D
10:21:04,ICBP,RG,8675,30,F,DX,NI,D
10:19:46,ICBP,RG,8675,5,F,DX,AK,F
10:19:45,ICBP,RG,8700,8,F,AK,RX,F
10:17:11,ICBP,RG,8700,1,F,DX,RX,F
10:17:07,ICBP,RG,8675,20,F,DX,YP,D
10:16:44,ICBP,RG,8675,2,F,DX,XC,D
10:16:22,ICBP,RG,8700,35,D,CC,RX,F
10:16:22,ICBP,RG,8700,1,D,CC,NI,D
10:16:22,ICBP,RG,8700,5,D,CC,PD,D
10:16:22,ICBP,RG,8700,109,D,CC,YP,D
10:16:00,ICBP,RG,8700,6,F,AK,YP,D
10:15:31,ICBP,RG,8675,1,F,DX,XC,D
10:15:30,ICBP,RG,8700,12,D,PD,YP,D
10:15:11,ICBP,RG,8700,2,D,XC,YP,D
10:15:00,ICBP,RG,8700,11,F,AK,YP,D
10:15:00,ICBP,RG,8700,15,F,AK,OD,D
10:14:29,ICBP,RG,8675,20,F,DX,GR,D
10:14:09,ICBP,RG,8675,25,F,DX,CC,D
10:14:09,ICBP,RG,8675,2,F,DX,ZP,F
10:14:09,ICBP,RG,8675,2,F,DX,PD,D
10:14:09,ICBP,RG,8675,13,F,DX,ZP,F
10:14:09,ICBP,RG,8675,2,F,DX,NI,D
10:14:09,ICBP,RG,8675,30,F,DX,KK,D
10:14:09,ICBP,RG,8675,1,F,DX,AK,F
10:14:09,ICBP,RG,8675,1,F,DX,AK,F
10:14:09,ICBP,RG,8675,5,F,DX,AK,F
10:14:09,ICBP,RG,8675,5,F,DX,AK,F
10:14:09,ICBP,RG,8675,9,F,DX,BK,F
10:14:09,ICBP,RG,8675,97,F,DX,ZP,D
10:11:47,ICBP,RG,8650,7,F,DX,AK,F
10:11:47,ICBP,RG,8650,1,D,CC,AK,F
10:11:28,ICBP,RG,8650,9,D,CC,ZP,D
10:11:28,ICBP,RG,8650,1,D,YP,ZP,D
10:11:28,ICBP,RG,8650,1,D,YP,ZP,D
10:11:28,ICBP,RG,8650,10,D,SQ,ZP,D
10:11:28,ICBP,RG,8650,6,D,CC,ZP,D
10:11:28,ICBP,RG,8650,1,D,YP,ZP,D
10:11:28,ICBP,RG,8650,1,D,XL,ZP,D
10:11:28,ICBP,RG,8650,2,D,YP,ZP,D
10:11:28,ICBP,RG,8650,1,D,NI,ZP,D
10:11:28,ICBP,RG,8650,1,D,NI,ZP,D
10:11:28,ICBP,RG,8650,1,F,AK,ZP,D
10:11:28,ICBP,RG,8650,5,D,NI,ZP,D
10:11:28,ICBP,RG,8650,10,D,NI,ZP,D
10:11:28,ICBP,RG,8650,20,D,PD,ZP,D
10:11:28,ICBP,RG,8650,2,D,DH,ZP,D
10:11:28,ICBP,RG,8650,1,D,CC,ZP,D
10:10:33,ICBP,RG,8675,12,D,PD,ZP,D
10:10:18,ICBP,RG,8675,2,F,ZP,ZP,D
10:10:17,ICBP,RG,8675,2,F,ZP,ZP,D
10:09:49,ICBP,RG,8675,5,D,NI,ZP,D
10:09:33,ICBP,RG,8650,3,D,PD,YP,D
10:09:27,ICBP,RG,8650,1,D,PD,XC,D
10:08:26,ICBP,RG,8675,10,F,ZP,ZP,D
10:08:22,ICBP,RG,8675,5,F,ZP,ZP,D
10:08:22,ICBP,RG,8675,7,F,ZP,ZP,F
10:08:11,ICBP,RG,8675,1,F,ZP,ZP,F
10:07:24,ICBP,RG,8675,1,D,CC,ZP,F
10:06:31,ICBP,RG,8675,8,D,CC,ZP,F
10:06:31,ICBP,RG,8675,17,D,CC,RX,F
10:06:21,ICBP,RG,8675,1,F,AK,RX,F
10:06:20,ICBP,RG,8675,2,F,AK,RX,F
10:06:20,ICBP,RG,8675,1,D,PD,RX,F
10:06:20,ICBP,RG,8675,3,D,YP,RX,F
10:06:20,ICBP,RG,8675,1,D,XC,RX,F
10:06:20,ICBP,RG,8675,1,D,CP,RX,F
10:06:20,ICBP,RG,8675,1,D,XC,RX,F
10:06:20,ICBP,RG,8675,1,D,XC,RX,F
10:06:20,ICBP,RG,8675,7,F,ZP,RX,F
10:06:20,ICBP,RG,8675,8,F,ZP,RX,F
10:06:20,ICBP,RG,8675,1,F,ZP,RX,F
10:06:20,ICBP,RG,8675,1,F,ZP,RX,F
10:06:20,ICBP,RG,8675,5,D,PD,RX,F
10:06:20,ICBP,RG,8675,29,D,XA,RX,F
10:06:20,ICBP,RG,8675,1,F,AK,RX,F
10:06:20,ICBP,RG,8675,5,F,AK,RX,F
10:06:20,ICBP,RG,8675,5,F,AK,RX,F
10:06:20,ICBP,RG,8675,1,F,AK,RX,F
10:06:20,ICBP,RG,8675,1,F,AK,RX,F
10:06:20,ICBP,RG,8675,1,F,AK,RX,F
10:06:20,ICBP,RG,8675,2,F,AK,RX,F
10:06:20,ICBP,RG,8675,40,F,ZP,RX,F
10:06:20,ICBP,RG,8675,3,F,ZP,RX,F
10:06:20,ICBP,RG,8675,1,F,ZP,RX,F
10:06:20,ICBP,RG,8675,40,F,ZP,RX,F
10:06:20,ICBP,RG,8675,71,F,DX,RX,F
10:06:16,ICBP,RG,8675,81,F,DX,ZP,D
10:05:33,ICBP,RG,8700,6,D,PD,OD,D
10:05:33,ICBP,RG,8700,1,D,PD,CC,D
10:05:33,ICBP,RG,8700,3,D,PD,CC,D
10:05:33,ICBP,RG,8700,2,D,PD,CC,D
10:04:26,ICBP,RG,8700,5,D,PD,CC,D
10:03:54,ICBP,RG,8700,2,D,TP,CC,D
10:02:54,ICBP,RG,8700,1,D,NI,CC,D
10:02:36,ICBP,RG,8700,1,D,CC,CC,D
10:00:00,ICBP,RG,8700,3,F,AK,CC,D
10:00:00,ICBP,RG,8700,3,F,AK,YP,D
9:59:43,ICBP,RG,8675,4,F,DX,ZP,F
9:59:31,ICBP,RG,8675,7,F,DX,EP,D
9:59:20,ICBP,RG,8675,5,F,DX,PD,D
9:57:52,ICBP,RG,8675,14,F,DX,ZP,F
9:57:52,ICBP,RG,8675,400,F,DX,GR,D
9:56:13,ICBP,RG,8675,1,F,DX,XC,D
9:55:43,ICBP,RG,8675,10,F,DX,CC,D
9:55:26,ICBP,RG,8675,2,F,DX,CC,D
9:55:04,ICBP,RG,8675,3,F,DX,PD,D
9:53:12,ICBP,RG,8675,6,F,DX,AZ,D
9:53:10,ICBP,RG,8675,1,F,DX,XC,D
9:53:10,ICBP,RG,8675,3,F,DX,PD,D
9:53:10,ICBP,RG,8675,1,F,DX,YP,D
9:53:10,ICBP,RG,8675,2,F,DX,AK,F
9:53:10,ICBP,RG,8675,8,F,DX,AK,F
9:53:10,ICBP,RG,8675,136,F,DX,ZP,D
9:53:10,ICBP,RG,8675,15,F,DX,ZP,F
9:53:10,ICBP,RG,8675,5,F,DX,XL,D
9:53:10,ICBP,RG,8675,1,F,DX,PD,D
9:53:10,ICBP,RG,8675,9,F,DX,BK,F
9:53:10,ICBP,RG,8675,15,F,DX,BK,F
9:52:54,ICBP,RG,8675,9,F,AK,BK,F
9:52:53,ICBP,RG,8675,1,D,PD,BK,F
9:52:42,ICBP,RG,8675,1,D,GR,BK,F
9:52:32,ICBP,RG,8675,1,D,XC,BK,F
9:52:13,ICBP,RG,8675,1,D,CC,BK,F
9:51:39,ICBP,RG,8675,32,D,XC,BK,F
9:51:39,ICBP,RG,8675,2,D,XC,AK,F
9:51:39,ICBP,RG,8675,5,D,XC,AK,F
9:51:39,ICBP,RG,8675,4,D,XC,PD,D
9:51:39,ICBP,RG,8675,8,D,XC,ZP,F
9:51:39,ICBP,RG,8675,5,D,XC,AK,F
9:51:39,ICBP,RG,8675,3,D,XC,NI,D
9:51:39,ICBP,RG,8675,1,D,XC,AK,F
9:51:39,ICBP,RG,8675,5,D,XC,CC,D
9:51:30,ICBP,RG,8650,1,D,PD,XC,D
9:51:30,ICBP,RG,8650,1,D,PD,XC,D
9:51:30,ICBP,RG,8650,1,D,XC,XC,D
9:51:30,ICBP,RG,8650,1,D,SQ,XC,D
9:51:30,ICBP,RG,8650,2,D,LG,XC,D
9:51:05,ICBP,RG,8675,33,F,AK,CC,D
9:50:15,ICBP,RG,8675,6,F,AK,CC,D
9:50:03,ICBP,RG,8650,2,D,CC,YP,D
9:50:03,ICBP,RG,8650,1,D,YP,YP,D
9:48:57,ICBP,RG,8650,2,D,YP,DH,D
9:48:46,ICBP,RG,8650,1,D,YP,PD,D
9:48:38,ICBP,RG,8675,2,D,SQ,CC,D
9:47:47,ICBP,RG,8650,2,D,YP,DH,D
9:47:46,ICBP,RG,8650,4,D,YP,KK,D
9:47:46,ICBP,RG,8650,1,D,KK,KK,D
9:47:46,ICBP,RG,8650,5,D,NI,KK,D
9:47:46,ICBP,RG,8650,1,D,YP,KK,D
9:47:46,ICBP,RG,8650,1,D,LG,KK,D
9:47:46,ICBP,RG,8650,1,D,KK,KK,D
9:47:46,ICBP,RG,8650,17,D,LG,KK,D
9:47:46,ICBP,RG,8650,1,D,KK,KK,D
9:47:46,ICBP,RG,8650,3,D,YP,KK,D
9:47:46,ICBP,RG,8650,2,D,KK,KK,D
9:47:46,ICBP,RG,8650,1,D,YP,KK,D
9:47:46,ICBP,RG,8650,2,D,NI,KK,D
9:47:46,ICBP,RG,8650,3,D,CP,KK,D
9:47:46,ICBP,RG,8650,2,D,CC,KK,D
9:47:46,ICBP,RG,8650,1,D,CC,KK,D
9:47:46,ICBP,RG,8650,1,D,NI,KK,D
9:47:46,ICBP,RG,8650,1,D,CC,KK,D
9:47:46,ICBP,RG,8650,1,D,PD,KK,D
9:47:46,ICBP,RG,8650,1,D,NI,KK,D
9:47:46,ICBP,RG,8650,5,D,YP,KK,D
9:47:46,ICBP,RG,8650,1,D,XC,KK,D
9:47:27,ICBP,RG,8650,1,D,NI,NI,D
9:47:27,ICBP,RG,8650,2,D,XL,NI,D
9:47:27,ICBP,RG,8650,1,F,ZP,NI,D
9:47:27,ICBP,RG,8650,1,F,ZP,NI,D
9:47:03,ICBP,RG,8675,4,D,ZP,CC,D
9:47:03,ICBP,RG,8675,1,D,ZP,AK,F
9:46:51,ICBP,RG,8675,1,D,EP,AK,F
9:45:54,ICBP,RG,8675,1,D,YP,AK,F
9:45:31,ICBP,RG,8675,2,D,XC,AK,F
9:45:16,ICBP,RG,8675,2,D,CC,AK,F
9:45:16,ICBP,RG,8675,25,D,CC,ZP,F
9:45:16,ICBP,RG,8675,23,D,CC,SQ,D
9:44:25,ICBP,RG,8650,1,F,DX,CC,D
9:42:32,ICBP,RG,8675,2,D,CC,SQ,D
9:42:27,ICBP,RG,8650,1,F,DX,YP,D
9:42:24,ICBP,RG,8650,10,F,DX,GR,D
9:42:19,ICBP,RG,8650,5,F,DX,YP,D
9:41:50,ICBP,RG,8650,13,F,DX,CC,D
9:41:43,ICBP,RG,8700,1,D,NI,YP,D
9:40:25,ICBP,RG,8650,300,F,DX,RX,F
9:40:21,ICBP,RG,8700,1,D,OD,YP,D
9:39:44,ICBP,RG,8675,28,F,DP,BK,F
9:39:44,ICBP,RG,8675,1,F,DP,CC,D
9:39:41,ICBP,RG,8675,38,F,ZP,BK,F
9:39:41,ICBP,RG,8675,2,F,ZP,BK,F
9:39:41,ICBP,RG,8675,3,F,ZP,BK,F
9:39:41,ICBP,RG,8675,21,F,ZP,BK,F
9:39:41,ICBP,RG,8675,41,F,DX,BK,F
9:39:41,ICBP,RG,8675,3,F,DX,PD,D
9:39:41,ICBP,RG,8675,1,F,DX,AK,F
9:39:41,ICBP,RG,8675,35,F,DX,YP,D
9:39:41,ICBP,RG,8675,8,F,DX,PD,D
9:39:41,ICBP,RG,8675,4,F,DX,AK,F
9:39:41,ICBP,RG,8675,15,F,DX,YP,D
9:39:41,ICBP,RG,8675,2,F,DX,NI,D
9:39:41,ICBP,RG,8675,205,F,DX,ZP,D
9:39:41,ICBP,RG,8675,150,F,DX,RX,F
9:39:41,ICBP,RG,8675,3,F,DX,ZP,F
9:39:41,ICBP,RG,8675,8,F,DX,BK,F
9:39:41,ICBP,RG,8675,19,F,DX,AK,F
9:39:41,ICBP,RG,8675,5,F,DX,AK,F
9:39:41,ICBP,RG,8675,8,F,DX,ZP,F
9:39:41,ICBP,RG,8675,175,F,DX,BK,F
9:39:41,ICBP,RG,8675,17,F,DX,AK,F
9:39:41,ICBP,RG,8675,9,F,DX,ZP,F
9:39:41,ICBP,RG,8675,44,F,DX,ZP,D
9:39:41,ICBP,RG,8675,48,F,DX,SQ,D
9:39:24,ICBP,RG,8650,2,F,DX,YP,D
9:39:21,ICBP,RG,8650,3,F,DX,CC,D
9:39:17,ICBP,RG,8650,1,F,DX,AK,F
9:38:38,ICBP,RG,8650,2,F,DX,PD,D
9:38:27,ICBP,RG,8650,8,F,DX,BK,F
9:38:01,ICBP,RG,8650,17,F,DX,AK,F
9:37:29,ICBP,RG,8675,1,D,CC,SQ,D
9:35:01,ICBP,RG,8675,1,D,PD,SQ,D
9:34:46,ICBP,RG,8650,1,F,DX,YP,D
9:34:21,ICBP,RG,8650,4,F,DX,XC,D
9:33:40,ICBP,RG,8650,2,F,DX,PD,D
9:33:12,ICBP,RG,8675,1,D,XC,SQ,D
9:31:57,ICBP,RG,8675,6,D,XC,SQ,D
9:31:52,ICBP,RG,8650,14,F,DX,CC,D
9:31:20,ICBP,RG,8650,14,F,DX,ZP,D
9:31:17,ICBP,RG,8675,1,D,CC,SQ,D
9:30:59,ICBP,RG,8675,1,D,GR,SQ,D
9:30:15,ICBP,RG,8675,6,F,AK,SQ,D
9:29:41,ICBP,RG,8675,1,F,ZP,SQ,D
9:29:41,ICBP,RG,8675,7,F,DP,SQ,D
9:29:41,ICBP,RG,8675,2,F,AK,SQ,D
9:29:39,ICBP,RG,8675,4,F,ZP,AK,F
9:29:39,ICBP,RG,8675,28,F,ZP,AK,F
9:29:39,ICBP,RG,8675,1,D,PD,AK,F
9:29:39,ICBP,RG,8675,33,F,DP,AK,F
9:29:39,ICBP,RG,8675,1,D,XC,AK,F
9:29:39,ICBP,RG,8675,1,F,ZP,AK,F
9:29:39,ICBP,RG,8675,1,F,AK,AK,F
9:29:39,ICBP,RG,8675,4,D,XL,AK,F
9:29:39,ICBP,RG,8675,10,D,SQ,AK,F
9:29:39,ICBP,RG,8675,1,D,YP,AK,F
9:29:39,ICBP,RG,8675,1,D,OD,AK,F
9:29:39,ICBP,RG,8675,1,F,ZP,AK,F
9:29:39,ICBP,RG,8675,1,D,XC,AK,F
9:29:39,ICBP,RG,8675,1,D,YP,AK,F
9:29:39,ICBP,RG,8675,1,D,YP,AK,F
9:29:39,ICBP,RG,8675,12,D,XL,AK,F
9:29:39,ICBP,RG,8675,1,D,PD,AK,F
9:29:39,ICBP,RG,8675,12,D,YP,AK,F
9:29:39,ICBP,RG,8675,1,D,NI,AK,F
9:29:39,ICBP,RG,8675,40,D,YP,AK,F
9:29:39,ICBP,RG,8675,3,D,PC,AK,F
9:29:39,ICBP,RG,8675,15,D,YP,AK,F
9:29:39,ICBP,RG,8675,30,D,PD,AK,F
9:29:39,ICBP,RG,8675,3,D,CC,AK,F
9:29:39,ICBP,RG,8675,10,D,SQ,AK,F
9:29:39,ICBP,RG,8675,1,D,DH,AK,F
9:29:39,ICBP,RG,8675,1,D,XC,AK,F
9:29:39,ICBP,RG,8675,1,D,PD,AK,F
9:29:39,ICBP,RG,8675,5,F,ZP,AK,F
9:29:39,ICBP,RG,8675,6,F,ZP,AK,F
9:29:39,ICBP,RG,8675,3,D,YP,AK,F
9:29:39,ICBP,RG,8675,1,D,XC,AK,F
9:29:39,ICBP,RG,8675,1,D,XC,AK,F
9:29:39,ICBP,RG,8675,2,D,NI,AK,F
9:29:39,ICBP,RG,8675,5,F,AK,AK,F
9:29:39,ICBP,RG,8675,1,F,AK,AK,F
9:29:39,ICBP,RG,8675,1,F,AK,AK,F
9:29:39,ICBP,RG,8675,30,F,DP,AK,F
9:29:39,ICBP,RG,8675,32,F,DP,ZP,F
9:29:38,ICBP,RG,8675,67,F,DP,BK,F
9:29:38,ICBP,RG,8675,45,F,ZP,BK,F
9:29:38,ICBP,RG,8675,3,F,ZP,BK,F
9:29:38,ICBP,RG,8675,45,F,ZP,BK,F
9:29:38,ICBP,RG,8675,5,F,AK,BK,F
9:29:38,ICBP,RG,8675,75,D,CC,BK,F
9:29:38,ICBP,RG,8675,135,D,CC,CC,D
9:29:00,ICBP,RG,8700,1,F,AK,AK,F
9:29:00,ICBP,RG,8700,1,F,AK,AK,F
9:29:00,ICBP,RG,8700,1,F,AK,AK,F
9:28:56,ICBP,RG,8675,16,D,CC,ZP,D
9:28:42,ICBP,RG,8700,2,F,AK,AK,F
9:28:42,ICBP,RG,8700,5,F,AK,ZP,F
9:28:42,ICBP,RG,8700,1,F,AK,ZP,F
9:28:42,ICBP,RG,8700,1,F,AK,ZP,F
9:28:42,ICBP,RG,8700,1,F,AK,ZP,F
9:28:41,ICBP,RG,8675,2,D,CC,PD,D
9:28:30,ICBP,RG,8700,2,F,AK,ZP,F
9:28:26,ICBP,RG,8675,18,D,CC,AK,F
9:28:26,ICBP,RG,8700,3,F,AK,ZP,F
9:28:25,ICBP,RG,8700,1,D,XC,ZP,F
9:27:55,ICBP,RG,8700,3,F,AK,ZP,F
9:27:54,ICBP,RG,8700,9,F,DP,ZP,F
9:27:54,ICBP,RG,8700,16,F,DP,YP,D
9:27:53,ICBP,RG,8675,30,D,CC,CC,D
9:27:30,ICBP,RG,8700,7,F,AK,RX,F
9:27:05,ICBP,RG,8700,31,F,AK,RX,F
9:27:00,ICBP,RG,8700,7,F,AK,RX,F
9:26:15,ICBP,RG,8700,9,F,AK,RX,F
9:25:51,ICBP,RG,8675,2,D,CC,XC,D
9:25:30,ICBP,RG,8700,8,F,AK,RX,F
9:25:16,ICBP,RG,8675,12,D,CC,DH,D
9:24:51,ICBP,RG,8700,7,F,AK,RX,F
9:24:50,ICBP,RG,8700,9,F,AK,RX,F
9:24:15,ICBP,RG,8700,8,F,AK,RX,F
9:23:37,ICBP,RG,8700,14,F,DP,RX,F
9:23:37,ICBP,RG,8700,3,F,DP,NI,D
9:23:37,ICBP,RG,8700,2,F,DP,PD,D
9:23:37,ICBP,RG,8700,1,F,DP,CC,D
9:23:37,ICBP,RG,8700,1,F,DP,AZ,D
9:23:37,ICBP,RG,8700,1,F,DP,PD,D
9:23:37,ICBP,RG,8700,2,F,DP,NI,D
9:23:37,ICBP,RG,8700,3,F,DP,SQ,D
9:23:37,ICBP,RG,8700,7,F,AK,SQ,D
9:23:36,ICBP,RG,8675,200,D,CC,RX,F
9:23:32,ICBP,RG,8675,48,D,CC,XC,D
9:23:21,ICBP,RG,8675,10,D,CC,CC,D
9:23:05,ICBP,RG,8700,1,D,CC,SQ,D
9:23:00,ICBP,RG,8700,8,F,AK,SQ,D
9:22:15,ICBP,RG,8700,9,F,AK,SQ,D
9:21:30,ICBP,RG,8700,10,F,AK,SQ,D
9:20:39,ICBP,RG,8700,8,F,AK,SQ,D
9:20:37,ICBP,RG,8700,1,D,KK,SQ,D
9:20:28,ICBP,RG,8700,2,D,XC,SQ,D
9:20:04,ICBP,RG,8700,1,D,HP,SQ,D
9:19:59,ICBP,RG,8700,8,F,AK,SQ,D
9:19:58,ICBP,RG,8675,1,D,CC,XL,D
9:19:27,ICBP,RG,8675,8,D,CC,ZP,D
9:19:25,ICBP,RG,8675,2,D,CC,NI,D
9:19:22,ICBP,RG,8700,2,D,YP,SQ,D
9:19:15,ICBP,RG,8700,9,F,AK,SQ,D
9:18:40,ICBP,RG,8675,8,D,CC,SQ,D
9:18:30,ICBP,RG,8700,9,F,AK,SQ,D
9:18:26,ICBP,RG,8700,22,D,XC,SQ,D
9:18:26,ICBP,RG,8700,4,D,XC,PD,D
9:18:26,ICBP,RG,8700,2,D,XC,XC,D
9:18:26,ICBP,RG,8700,20,D,XC,EP,D
9:18:07,ICBP,RG,8700,1,D,KK,EP,D
9:18:03,ICBP,RG,8700,1,D,YP,EP,D
9:18:00,ICBP,RG,8700,1,D,XC,EP,D
9:17:59,ICBP,RG,8700,4,D,NI,EP,D
9:17:45,ICBP,RG,8700,9,F,AK,EP,D
9:17:02,ICBP,RG,8675,1,D,CC,SQ,D
9:17:00,ICBP,RG,8700,9,F,AK,EP,D
9:16:46,ICBP,RG,8700,2,D,PD,EP,D
9:16:19,ICBP,RG,8675,42,D,CC,NI,D
9:16:15,ICBP,RG,8700,9,F,AK,EP,D
9:15:15,ICBP,RG,8700,3,F,AK,EP,D
9:15:09,ICBP,RG,8700,2,D,YP,EP,D
9:15:07,ICBP,RG,8700,2,D,PC,EP,D
9:15:07,ICBP,RG,8700,1,D,SQ,EP,D
9:15:01,ICBP,RG,8700,10,D,CC,EP,D
9:14:33,ICBP,RG,8700,1,D,PD,EP,D
9:14:33,ICBP,RG,8675,7,D,CC,PD,D
9:14:31,ICBP,RG,8675,6,D,CC,AK,F
9:13:15,ICBP,RG,8675,79,D,CC,ZP,D
9:11:40,ICBP,RG,8700,2,D,XL,EP,D
9:11:19,ICBP,RG,8675,3,D,CC,GR,D
9:10:21,ICBP,RG,8675,15,D,CC,DH,D
9:10:18,ICBP,RG,8675,1,D,CC,PD,D
9:10:12,ICBP,RG,8675,3,D,CC,XC,D
9:10:06,ICBP,RG,8675,1,D,CC,XA,D
9:08:44,ICBP,RG,8675,184,D,CC,AK,F
9:08:44,ICBP,RG,8675,12,D,CC,PD,D
9:08:44,ICBP,RG,8675,3,D,CC,XC,D
9:08:44,ICBP,RG,8675,5,D,CC,XC,D
9:08:44,ICBP,RG,8675,2,D,CC,PD,D
9:08:44,ICBP,RG,8675,9,D,CC,ZP,F
9:08:44,ICBP,RG,8675,30,D,CC,AK,F
9:08:44,ICBP,RG,8675,6,D,CC,ZP,F
9:08:44,ICBP,RG,8675,169,D,CC,ZP,D
9:08:44,ICBP,RG,8675,7,D,CC,ZP,F
9:08:22,ICBP,RG,8675,1,D,CC,BK,F
9:08:04,ICBP,RG,8675,2,D,PD,BK,F
9:07:47,ICBP,RG,8650,10,F,DX,GR,D
9:07:39,ICBP,RG,8650,1,F,DX,XC,D
9:07:36,ICBP,RG,8650,1,F,DX,PD,D
9:07:16,ICBP,RG,8675,5,D,CC,BK,F
9:06:46,ICBP,RG,8650,2,F,DX,PD,D
9:06:42,ICBP,RG,8650,84,F,DX,ZP,D
9:06:36,ICBP,RG,8675,1,F,AK,BK,F
9:06:30,ICBP,RG,8650,4,F,DX,PD,D
9:06:30,ICBP,RG,8650,1,D,BQ,PD,D
9:06:22,ICBP,RG,8675,63,D,SQ,BK,F
9:06:22,ICBP,RG,8675,17,D,SQ,XC,D
9:06:15,ICBP,RG,8650,1,D,BQ,PD,D
9:05:31,ICBP,RG,8650,1,D,BQ,KK,D
9:05:07,ICBP,RG,8675,2,D,NI,XC,D
9:04:53,ICBP,RG,8675,1,D,EP,XC,D
9:04:52,ICBP,RG,8650,6,D,BQ,CC,D
9:04:52,ICBP,RG,8650,1,D,BQ,CC,D
9:04:52,ICBP,RG,8650,1,D,YP,CC,D
9:04:52,ICBP,RG,8650,1,D,PD,CC,D
9:04:51,ICBP,RG,8650,1,D,CC,PD,D
9:04:51,ICBP,RG,8650,1,D,YP,PD,D
9:04:51,ICBP,RG,8650,2,D,XC,PD,D
9:04:51,ICBP,RG,8650,1,D,XC,PD,D
9:04:51,ICBP,RG,8650,1,D,PD,PD,D
9:04:51,ICBP,RG,8650,1,D,AT,PD,D
9:04:43,ICBP,RG,8675,1,D,DH,XC,D
9:04:29,ICBP,RG,8675,1,D,YP,XC,D
9:03:21,ICBP,RG,8675,1,F,ZP,XC,D
9:03:21,ICBP,RG,8675,1,F,ZP,XC,D
9:03:21,ICBP,RG,8675,1,F,DP,XC,D
9:03:21,ICBP,RG,8675,5,F,AK,XC,D
9:03:21,ICBP,RG,8675,2,D,XC,XC,D
9:03:21,ICBP,RG,8675,1,D,PD,XC,D
9:03:21,ICBP,RG,8675,6,D,PD,XC,D
9:03:10,ICBP,RG,8675,4,D,PD,ZP,F
9:03:10,ICBP,RG,8675,1,F,DP,ZP,F
9:03:10,ICBP,RG,8675,1,F,ZP,ZP,F
9:02:46,ICBP,RG,8675,10,F,DP,BQ,D
9:02:39,ICBP,RG,8675,1,F,DP,XC,D
9:02:32,ICBP,RG,8675,15,F,DP,CC,D
9:02:29,ICBP,RG,8675,1,F,ZP,CC,D
9:02:21,ICBP,RG,8675,43,F,DP,AK,F
9:02:21,ICBP,RG,8700,1,D,KK,EP,D
9:02:20,ICBP,RG,8675,10,F,DP,AK,F
9:02:20,ICBP,RG,8675,12,F,ZP,AK,F
9:02:20,ICBP,RG,8675,1,F,ZP,AK,F
9:02:20,ICBP,RG,8675,12,F,ZP,AK,F
9:02:20,ICBP,RG,8675,2,F,ZP,AK,F
9:02:20,ICBP,RG,8675,119,F,DX,AK,F
9:02:20,ICBP,RG,8675,17,F,DX,ZP,F
9:02:19,ICBP,RG,8675,240,F,DX,AK,F
9:02:19,ICBP,RG,8675,58,F,DX,AK,F
9:02:18,ICBP,RG,8675,66,F,DX,AK,F
9:02:18,ICBP,RG,8675,98,F,AK,AK,F
9:02:18,ICBP,RG,8675,2,D,EP,AK,F
9:02:18,ICBP,RG,8675,1,D,PD,AK,F
9:02:18,ICBP,RG,8675,1,D,PD,AK,F
9:02:18,ICBP,RG,8675,1,D,YP,AK,F
9:02:18,ICBP,RG,8675,50,D,GR,AK,F
9:02:18,ICBP,RG,8675,10,D,HP,AK,F
9:02:18,ICBP,RG,8675,1,D,DH,AK,F
9:02:18,ICBP,RG,8675,2,D,KK,AK,F
9:02:18,ICBP,RG,8675,1,D,XC,AK,F
9:02:18,ICBP,RG,8675,1,D,XC,AK,F
9:02:18,ICBP,RG,8675,1,D,PD,AK,F
9:02:18,ICBP,RG,8675,2,D,PD,AK,F
9:02:18,ICBP,RG,8675,1,D,KK,AK,F
9:02:18,ICBP,RG,8675,2,D,XC,AK,F
9:01:14,ICBP,RG,8700,1,F,ZP,EP,D
9:01:14,ICBP,RG,8700,2,F,ZP,EP,D
9:01:14,ICBP,RG,8700,13,F,DP,EP,D
9:01:14,ICBP,RG,8700,6,D,XC,EP,D
9:01:11,ICBP,RG,8700,3,F,ZP,AK,F
9:01:11,ICBP,RG,8700,3,F,ZP,AK,F
9:01:11,ICBP,RG,8700,3,F,ZP,AK,F
9:01:11,ICBP,RG,8700,1,F,ZP,AK,F
9:01:11,ICBP,RG,8700,2,F,ZP,AK,F
9:01:11,ICBP,RG,8700,97,F,AK,AK,F
9:01:11,ICBP,RG,8700,9,F,DP,AK,F
9:01:11,ICBP,RG,8700,10,D,GR,AK,F
9:01:11,ICBP,RG,8700,22,F,DX,AK,F
9:01:01,ICBP,RG,8725,1,F,DP,ID,D
9:00:59,ICBP,RG,8700,50,F,DX,YP,D
9:00:35,ICBP,RG,8725,1,F,DP,ID,D
9:00:27,ICBP,RG,8700,1,F,DX,XC,D
9:00:26,ICBP,RG,8725,4,D,CC,ID,D
9:00:26,ICBP,RG,8725,1,D,CC,YP,D
9:00:26,ICBP,RG,8725,5,D,CC,CC,D
9:00:19,ICBP,RG,8700,1,F,DX,XC,D
9:00:10,ICBP,RG,8725,1,F,DP,SQ,D
9:00:05,ICBP,RG,8725,3,F,AK,SQ,D
9:00:05,ICBP,RG,8725,1,F,AK,CC,D
9:00:05,ICBP,RG,8725,1,F,AK,XC,D
9:00:05,ICBP,RG,8725,1,F,AK,PD,D
9:00:05,ICBP,RG,8725,10,F,AK,KK,D
9:00:05,ICBP,RG,8725,5,F,AK,AO,D
9:00:05,ICBP,RG,8725,1,F,AK,PD,D
9:00:05,ICBP,RG,8725,1,F,AK,GR,D
8:59:00,ICBP,RG,8700,100,F,DX,RX,F
8:59:00,ICBP,RG,8700,1,F,DX,YP,D
8:59:00,ICBP,RG,8700,2,F,DX,CC,D
8:59:00,ICBP,RG,8700,1,F,DX,CC,D
8:59:00,ICBP,RG,8700,1,F,DX,GR,D
8:59:00,ICBP,RG,8700,50,F,DX,TP,D
8:59:00,ICBP,RG,8700,2,F,DX,PD,D
8:59:00,ICBP,RG,8700,15,F,DX,PD,D
8:59:00,ICBP,RG,8700,10,F,DX,KK,D
8:59:00,ICBP,RG,8700,1,F,DX,PD,D
8:59:00,ICBP,RG,8700,100,F,DX,RX,F
8:59:00,ICBP,RG,8700,11,F,DX,YP,D
8:59:00,ICBP,RG,8700,100,F,DX,CC,D
8:59:00,ICBP,RG,8700,1,F,DX,YB,D
8:59:00,ICBP,RG,8700,1,F,DX,XC,D
8:59:00,ICBP,RG,8700,1,F,DX,XC,D
8:59:00,ICBP,RG,8700,6,F,DX,DH,D
8:59:00,ICBP,RG,8700,13,F,DX,ZP,D
8:59:00,ICBP,RG,8700,1,F,DX,PD,D
8:59:00,ICBP,RG,8700,1,F,DX,XC,D
8:59:00,ICBP,RG,8700,8,F,DX,ZP,F
8:59:00,ICBP,RG,8700,2,D,CC,ZP,F
8:59:00,ICBP,RG,8700,1,D,XC,ZP,F
8:59:00,ICBP,RG,8700,3,D,PD,ZP,F
8:59:00,ICBP,RG,8700,1,D,CC,ZP,F
8:59:00,ICBP,RG,8700,1,D,CC,ZP,F