Time,Stock,Brd,Price,Qty,BT,BC,SC,ST
15:12:03,ICBP,RG,8225,20,D,ZP,YP,D
15:12:01,ICBP,RG,8225,1,D,ZP,XC,D
15:10:51,ICBP,RG,8225,1,D,ZP,YP,D
15:10:38,ICBP,RG,8225,26,D,ZP,GR,D
15:10:38,ICBP,RG,8225,12,D,ZP,EP,D
15:10:38,ICBP,RG,8225,20,D,ZP,YP,D
15:10:38,ICBP,RG,8225,5,D,ZP,YP,D
15:10:38,ICBP,RG,8225,25,D,ZP,YP,D
15:10:07,ICBP,RG,8225,25,D,DR,YP,D
15:09:59,ICBP,RG,8225,10,D,YP,CS,F
15:09:45,ICBP,RG,8225,5,D,PD,CS,F
15:07:11,ICBP,RG,8225,112,D,NI,CS,F
15:07:11,ICBP,RG,8225,5,D,NI,PD,D
15:07:11,ICBP,RG,8225,5,D,NI,XC,D
15:07:11,ICBP,RG,8225,8,D,NI,YP,D
15:05:52,ICBP,RG,8225,1,D,PD,YP,D
15:05:14,ICBP,RG,8225,1,D,XC,YP,D
15:05:14,ICBP,RG,8225,2,D,XC,CC,D
15:05:04,ICBP,RG,8225,1,D,YP,CC,D
15:05:02,ICBP,RG,8225,2,D,DX,CC,D
15:05:02,ICBP,RG,8225,1,D,YP,CC,D
15:05:02,ICBP,RG,8225,50,D,YP,CC,D
15:05:02,ICBP,RG,8225,1,D,YP,CC,D
15:05:01,ICBP,RG,8225,36,D,YP,CC,D
15:05:00,ICBP,RG,8225,3,D,PD,CC,D
15:00:00,ICBP,RG,8225,4,D,XC,CC,D
15:00:00,ICBP,RG,8225,1,D,XC,AT,D
15:00:00,ICBP,RG,8225,3,D,XC,YP,D
15:00:00,ICBP,RG,8225,47,D,PD,YP,D
15:00:00,ICBP,RG,8225,30,D,PD,GR,D
15:00:00,ICBP,RG,8225,1,D,PD,PD,D
15:00:00,ICBP,RG,8225,1,D,PD,YP,D
15:00:00,ICBP,RG,8225,1,D,PD,XC,D
15:00:00,ICBP,RG,8225,1,D,PD,XC,D
15:00:00,ICBP,RG,8225,5,D,PD,PD,D
15:00:00,ICBP,RG,8225,50,D,PD,RO,D
15:00:00,ICBP,RG,8225,2,D,PD,XC,D
15:00:00,ICBP,RG,8225,1,D,PD,YP,D
15:00:00,ICBP,RG,8225,6,D,PD,SQ,D
15:00:00,ICBP,RG,8225,2,D,PD,XC,D
15:00:00,ICBP,RG,8225,6,D,PD,GR,D
15:00:00,ICBP,RG,8225,1,D,PD,XC,D
15:00:00,ICBP,RG,8225,7,D,PD,YP,D
15:00:00,ICBP,RG,8225,2,D,PD,XC,D
15:00:00,ICBP,RG,8225,5,F,ZP,SQ,D
15:00:00,ICBP,RG,8225,15,F,ZP,PD,D
15:00:00,ICBP,RG,8225,3,F,ZP,DH,D
15:00:00,ICBP,RG,8225,2,F,ZP,AT,D
15:00:00,ICBP,RG,8225,2,F,ZP,XC,D
15:00:00,ICBP,RG,8225,3,F,ZP,DH,D
15:00:00,ICBP,RG,8225,13,F,ZP,YP,D
15:00:00,ICBP,RG,8225,2,F,ZP,YP,D
15:00:00,ICBP,RG,8225,3,F,ZP,YP,D
15:00:00,ICBP,RG,8225,30,F,ZP,YP,D
15:00:00,ICBP,RG,8225,15,F,ZP,ZP,D
15:00:00,ICBP,RG,8225,521,F,ZP,DX,F
15:00:00,ICBP,RG,8225,4,F,ZP,YP,F
15:00:00,ICBP,RG,8225,150,F,ZP,YP,D
15:00:00,ICBP,RG,8225,1,F,ZP,DH,D
15:00:00,ICBP,RG,8225,2,F,ZP,XC,D
15:00:00,ICBP,RG,8225,4,F,ZP,CC,D
15:00:00,ICBP,RG,8225,56,F,ZP,CC,D
15:00:00,ICBP,RG,8225,2,F,ZP,YP,F
15:00:00,ICBP,RG,8225,10,F,ZP,CC,D
15:00:00,ICBP,RG,8225,45,F,ZP,IP,D
15:00:00,ICBP,RG,8225,98,F,ZP,IP,D
15:00:00,ICBP,RG,8225,3,F,ZP,OD,D
15:00:00,ICBP,RG,8225,54,F,CS,OD,D
15:00:00,ICBP,RG,8225,168,F,CS,BK,F
15:00:00,ICBP,RG,8225,29,F,AK,BK,F
15:00:00,ICBP,RG,8225,28,F,AK,BK,F
15:00:00,ICBP,RG,8225,1,F,AK,BK,F
15:00:00,ICBP,RG,8225,180,F,KZ,BK,F
15:00:00,ICBP,RG,8225,201,F,KZ,YU,F
15:00:00,ICBP,RG,8225,94,F,KZ,DX,D
15:00:00,ICBP,RG,8225,1,F,KZ,AK,F
15:00:00,ICBP,RG,8225,14,F,KZ,AK,F
15:00:00,ICBP,RG,8225,163,F,KZ,AK,F
15:00:00,ICBP,RG,8225,13,F,KZ,AK,F
15:00:00,ICBP,RG,8225,2,F,KZ,AK,F
15:00:00,ICBP,RG,8225,204,F,KZ,CG,F
15:00:00,ICBP,RG,8225,1,F,KZ,CG,F
15:00:00,ICBP,RG,8225,5,F,KZ,LG,D
15:00:00,ICBP,RG,8225,2,F,KZ,PD,D
15:00:00,ICBP,RG,8225,33,F,KZ,YU,D
14:49:55,ICBP,RG,8175,19,F,CC,YU,F
14:49:51,ICBP,RG,8200,1,D,YP,YP,F
14:49:51,ICBP,RG,8200,5,D,TP,YP,F
14:49:51,ICBP,RG,8200,4,D,CC,YP,F
14:49:51,ICBP,RG,8200,1,D,YP,YP,F
14:49:51,ICBP,RG,8200,3,D,SQ,YP,F
14:49:32,ICBP,RG,8225,3,F,AK,YP,D
14:49:32,ICBP,RG,8225,2,F,AK,YP,D
14:49:31,ICBP,RG,8175,2,F,CC,AK,F
14:49:25,ICBP,RG,8200,26,D,YP,DX,F
14:49:25,ICBP,RG,8200,100,D,YP,PD,D
14:49:25,ICBP,RG,8200,2,D,YP,CC,D
14:49:25,ICBP,RG,8200,40,D,YP,NI,D
14:49:25,ICBP,RG,8200,32,D,YP,DX,F
14:49:17,ICBP,RG,8200,1,F,AK,DX,F
14:49:17,ICBP,RG,8200,1,F,AK,DX,F
14:49:13,ICBP,RG,8175,1,F,CC,AK,F
14:48:50,ICBP,RG,8200,46,F,ZP,DX,F
14:48:50,ICBP,RG,8200,11,F,ZP,SQ,D
14:48:46,ICBP,RG,8175,2,F,CC,AK,F
14:48:45,ICBP,RG,8200,24,F,ZP,SQ,D
14:48:45,ICBP,RG,8200,21,F,ZP,DX,F
14:48:45,ICBP,RG,8200,12,F,ZP,DX,F
14:48:36,ICBP,RG,8200,1,D,PD,DX,F
14:48:36,ICBP,RG,8200,9,F,ZP,DX,F
14:48:36,ICBP,RG,8200,4,F,ZP,CG,F
14:48:36,ICBP,RG,8200,1,F,ZP,XC,D
14:48:36,ICBP,RG,8200,3,F,ZP,PD,D
14:48:36,ICBP,RG,8200,10,F,ZP,PD,D
14:48:36,ICBP,RG,8200,2,F,ZP,PD,D
14:48:36,ICBP,RG,8200,6,F,ZP,DR,D
14:48:36,ICBP,RG,8200,3,F,ZP,GR,D
14:48:36,ICBP,RG,8200,16,F,ZP,YU,F
14:48:36,ICBP,RG,8200,1,F,ZP,XC,D
14:48:36,ICBP,RG,8200,2,F,ZP,PD,D
14:48:32,ICBP,RG,8200,3,D,CC,PD,D
14:48:32,ICBP,RG,8200,1,D,CC,NI,D
14:48:32,ICBP,RG,8200,1,D,CC,AK,F
14:48:28,ICBP,RG,8175,1,F,CC,AK,F
14:47:55,ICBP,RG,8175,1,F,CC,DR,D
14:47:53,ICBP,RG,8175,2,F,CC,DR,D
14:47:51,ICBP,RG,8175,11,F,CC,DR,D
14:47:50,ICBP,RG,8200,1,D,PD,ZP,D
14:47:41,ICBP,RG,8175,16,F,CC,DR,D
14:47:38,ICBP,RG,8200,24,D,YP,ZP,D
14:47:38,ICBP,RG,8200,2,D,YP,CG,F
14:47:38,ICBP,RG,8200,14,D,YP,DR,D
14:47:38,ICBP,RG,8200,3,D,YP,CG,F
14:47:38,ICBP,RG,8200,1,D,YP,AK,F
14:47:38,ICBP,RG,8200,1,D,YP,AK,F
14:47:38,ICBP,RG,8200,28,D,YP,DX,F
14:47:38,ICBP,RG,8200,27,D,YP,YU,F
14:47:38,ICBP,RG,8200,1,D,YP,YU,F
14:47:37,ICBP,RG,8200,18,F,ZP,YU,F
14:47:37,ICBP,RG,8175,3,F,CC,CG,F
14:47:29,ICBP,RG,8200,20,F,ZP,YU,F
14:47:27,ICBP,RG,8175,20,F,CC,YU,F
14:47:03,ICBP,RG,8200,1,D,NI,YU,F
14:47:03,ICBP,RG,8200,1,D,LG,YU,F
14:47:01,ICBP,RG,8175,3,F,CC,CG,F
14:47:00,ICBP,RG,8175,18,F,CC,YU,F
14:46:44,ICBP,RG,8175,3,F,CC,YU,D
14:46:44,ICBP,RG,8175,1,D,PD,YU,D
14:46:44,ICBP,RG,8175,39,F,CS,YU,D
14:46:40,ICBP,RG,8200,2,D,KK,YU,F
14:46:40,ICBP,RG,8200,1,D,KK,AK,F
14:46:39,ICBP,RG,8175,3,F,CS,AK,F
14:46:37,ICBP,RG,8175,72,F,CS,YU,D
14:46:37,ICBP,RG,8175,1,D,YP,YU,D
14:46:37,ICBP,RG,8175,52,F,ZP,YU,D
14:46:37,ICBP,RG,8175,2,D,PD,YU,D
14:46:37,ICBP,RG,8175,30,D,PD,YU,D
14:46:37,ICBP,RG,8175,10,D,YP,YU,D
14:46:37,ICBP,RG,8175,1,D,YP,YU,D
14:46:37,ICBP,RG,8175,1,D,XC,YU,D
14:46:37,ICBP,RG,8175,1,D,CC,YU,D
14:46:37,ICBP,RG,8175,3,D,PD,YU,D
14:46:37,ICBP,RG,8175,1,D,XC,YU,D
14:46:37,ICBP,RG,8175,1,D,DR,YU,D
14:46:37,ICBP,RG,8175,20,D,YP,YU,D
14:46:37,ICBP,RG,8175,1,D,CP,YU,D
14:46:37,ICBP,RG,8175,2,D,YJ,YU,D
14:46:37,ICBP,RG,8175,1,D,EP,YU,D
14:46:37,ICBP,RG,8175,1,D,CC,YU,D
14:46:37,ICBP,RG,8175,10,D,LG,YU,D
14:46:37,ICBP,RG,8175,1,D,XC,YU,D
14:46:37,ICBP,RG,8175,2,D,PD,YU,D
14:46:37,ICBP,RG,8175,100,D,LS,YU,D
14:46:37,ICBP,RG,8175,5,D,XC,YU,D
14:46:37,ICBP,RG,8175,6,F,AK,YU,D
14:46:37,ICBP,RG,8175,5,D,PD,YU,D
14:46:37,ICBP,RG,8175,1,D,XC,YU,D
14:46:37,ICBP,RG,8175,10,D,XA,YU,D
14:46:37,ICBP,RG,8175,3,D,CC,YU,D
14:46:37,ICBP,RG,8175,10,D,YP,YU,D
14:46:37,ICBP,RG,8175,50,D,SQ,YU,D
14:46:37,ICBP,RG,8175,2,D,PD,YU,D
14:46:37,ICBP,RG,8175,1,F,CS,YU,D
14:46:37,ICBP,RG,8175,500,F,CC,YU,D
14:46:37,ICBP,RG,8175,10,D,EP,YU,D
14:46:37,ICBP,RG,8175,5,F,AK,YU,D
14:46:37,ICBP,RG,8175,10,D,KK,YU,D
14:46:37,ICBP,RG,8175,6,D,SQ,YU,D
14:46:37,ICBP,RG,8175,20,D,SQ,YU,D
14:46:37,ICBP,RG,8175,43,D,DR,YU,D
14:46:33,ICBP,RG,8175,20,D,DR,YU,F
14:46:30,ICBP,RG,8175,137,D,DR,YU,D
14:46:30,ICBP,RG,8175,98,F,CS,YU,D
14:46:30,ICBP,RG,8175,2,D,PD,YU,D
14:46:30,ICBP,RG,8175,10,D,ID,YU,D
14:46:30,ICBP,RG,8175,2,D,YP,YU,D
14:46:30,ICBP,RG,8175,1,D,YP,YU,D
14:46:30,ICBP,RG,8175,1,D,PD,YU,D
14:46:30,ICBP,RG,8175,10,D,PD,YU,D
14:46:30,ICBP,RG,8175,10,D,SQ,YU,D
14:46:30,ICBP,RG,8175,5,D,NI,YU,D
14:46:30,ICBP,RG,8175,2,D,OD,YU,D
14:46:30,ICBP,RG,8175,5,D,PD,YU,D
14:46:30,ICBP,RG,8175,1,D,CC,YU,D
14:46:30,ICBP,RG,8175,1,D,PD,YU,D
14:46:30,ICBP,RG,8175,1,D,YP,YU,D
14:46:30,ICBP,RG,8175,2,D,CC,YU,D
14:46:30,ICBP,RG,8175,1,D,KK,YU,D
14:46:30,ICBP,RG,8175,4,D,AG,YU,D
14:46:30,ICBP,RG,8175,1,D,NI,YU,D
14:46:30,ICBP,RG,8175,4,D,SQ,YU,D
14:46:30,ICBP,RG,8175,8,D,YP,YU,D
14:46:30,ICBP,RG,8175,10,D,CC,YU,D
14:46:30,ICBP,RG,8175,1,D,YP,YU,D
14:46:30,ICBP,RG,8175,1,D,PD,YU,D
14:46:30,ICBP,RG,8175,12,D,YP,YU,D
14:46:30,ICBP,RG,8175,100,D,YP,YU,D
14:46:30,ICBP,RG,8175,1,D,XC,YU,D
14:46:30,ICBP,RG,8175,1,D,LG,YU,D
14:46:30,ICBP,RG,8175,92,F,CS,YU,D
14:46:30,ICBP,RG,8175,1,D,XC,YU,D
14:46:30,ICBP,RG,8175,2,D,NI,YU,D
14:46:30,ICBP,RG,8175,4,D,LS,YU,D
14:46:30,ICBP,RG,8175,2,D,AT,YU,D
14:46:30,ICBP,RG,8175,1,D,IH,YU,D
14:46:30,ICBP,RG,8175,5,D,PD,YU,D
14:46:30,ICBP,RG,8175,5,D,PD,YU,D
14:46:30,ICBP,RG,8175,10,D,ZP,YU,D
14:46:30,ICBP,RG,8175,1,D,PD,YU,D
14:46:30,ICBP,RG,8175,50,D,AI,YU,D
14:46:30,ICBP,RG,8175,2,D,DH,YU,D
14:46:30,ICBP,RG,8175,1,D,YP,YU,D
14:46:30,ICBP,RG,8175,1,D,YP,YU,D
14:46:30,ICBP,RG,8175,100,D,CC,YU,D
14:46:30,ICBP,RG,8175,5,D,YP,YU,D
14:46:30,ICBP,RG,8175,1,D,YP,YU,D
14:46:30,ICBP,RG,8175,1,D,CC,YU,D
14:46:30,ICBP,RG,8175,1,D,GR,YU,D
14:46:30,ICBP,RG,8175,1,D,YP,YU,D
14:46:30,ICBP,RG,8175,3,D,DH,YU,D
14:46:30,ICBP,RG,8175,1,D,CC,YU,D
14:46:30,ICBP,RG,8175,1,D,YP,YU,D
14:46:30,ICBP,RG,8175,5,D,DX,YU,D
14:46:30,ICBP,RG,8175,1,D,YP,YU,D
14:46:30,ICBP,RG,8175,3,D,ZP,YU,D
14:46:30,ICBP,RG,8175,1,D,XC,YU,D
14:46:30,ICBP,RG,8175,1,D,YP,YU,D
14:46:30,ICBP,RG,8175,2,D,XC,YU,D
14:46:30,ICBP,RG,8175,10,D,PD,YU,D
14:46:30,ICBP,RG,8175,182,F,CS,YU,D
14:46:30,ICBP,RG,8175,5,D,AI,YU,D
14:46:30,ICBP,RG,8175,12,D,GR,YU,D
14:46:30,ICBP,RG,8175,1,D,CC,YU,D
14:46:30,ICBP,RG,8175,2,D,CC,YU,D
14:46:30,ICBP,RG,8175,10,D,PD,YU,D
14:46:30,ICBP,RG,8175,5,D,DR,YU,D
14:46:30,ICBP,RG,8175,1,D,KK,YU,D
14:46:30,ICBP,RG,8175,1,D,AZ,YU,D
14:46:30,ICBP,RG,8175,1,D,XC,YU,D
14:46:30,ICBP,RG,8175,1,D,XC,YU,D
14:46:30,ICBP,RG,8175,1,D,YB,YU,D
14:46:30,ICBP,RG,8175,2,D,SQ,YU,D
14:46:30,ICBP,RG,8175,10,D,YP,YU,D
14:46:30,ICBP,RG,8175,1,D,YP,YU,D
14:46:30,ICBP,RG,8175,1,D,PD,YU,D
14:46:30,ICBP,RG,8175,3,D,DH,YU,D
14:46:30,ICBP,RG,8175,65,D,AI,YU,D
14:46:23,ICBP,RG,8175,135,D,AI,YU,D
14:46:23,ICBP,RG,8175,4,D,CC,YU,D
14:46:23,ICBP,RG,8175,1,D,NI,YU,D
14:46:23,ICBP,RG,8175,20,D,YP,YU,D
14:46:23,ICBP,RG,8175,1,D,YP,YU,D
14:46:23,ICBP,RG,8175,10,D,YP,YU,D
14:46:23,ICBP,RG,8175,1,D,XC,YU,D
14:46:23,ICBP,RG,8175,2,D,SQ,YU,D
14:46:23,ICBP,RG,8175,1,D,PD,YU,D
14:46:23,ICBP,RG,8175,2,D,XL,YU,D
14:46:23,ICBP,RG,8175,3,D,CC,YU,D
14:46:23,ICBP,RG,8175,1,D,PD,YU,D
14:46:23,ICBP,RG,8175,5,D,XA,YU,D
14:46:23,ICBP,RG,8175,1,D,XC,YU,D
14:46:23,ICBP,RG,8175,1,D,DR,YU,D
14:46:23,ICBP,RG,8175,5,D,PD,YU,D
14:46:23,ICBP,RG,8175,1,D,XC,YU,D
14:46:23,ICBP,RG,8175,806,F,CC,YU,D
14:46:20,ICBP,RG,8175,500,F,CC,YU,D
14:46:03,ICBP,RG,8175,18,F,CC,YU,F
14:46:00,ICBP,RG,8175,1,F,CC,AK,F
14:45:53,ICBP,RG,8175,24,F,CC,DR,D
14:45:43,ICBP,RG,8175,21,F,CC,DR,D
14:45:42,ICBP,RG,8200,38,F,ZP,YU,D
14:45:41,ICBP,RG,8175,36,F,CC,DR,D
14:45:37,ICBP,RG,8200,6,D,NI,YU,D
14:45:35,ICBP,RG,8200,1,D,PD,YU,D
14:45:34,ICBP,RG,8175,30,F,CC,YU,F
14:45:12,ICBP,RG,8175,3,F,CC,CG,F
14:45:05,ICBP,RG,8175,22,F,CC,YU,F
14:44:56,ICBP,RG,8175,5,F,CC,CC,D
14:44:49,ICBP,RG,8175,1,F,CC,CC,D
14:44:33,ICBP,RG,8175,21,F,CC,YU,D
14:44:32,ICBP,RG,8175,12,F,CC,YU,D
14:44:32,ICBP,RG,8175,20,D,DR,YU,D
14:44:32,ICBP,RG,8175,1,D,NI,YU,D
14:44:32,ICBP,RG,8175,5,D,YP,YU,D
14:44:32,ICBP,RG,8175,1,D,XC,YU,D
14:44:32,ICBP,RG,8175,2,F,CS,YU,D
14:44:32,ICBP,RG,8175,9,D,CC,YU,D
14:44:32,ICBP,RG,8175,5,D,CC,YU,D
14:44:32,ICBP,RG,8175,2,D,ZP,YU,D
14:44:32,ICBP,RG,8175,1,D,SQ,YU,D
14:44:32,ICBP,RG,8175,12,D,PD,YU,D
14:44:32,ICBP,RG,8175,10,D,SQ,YU,D
14:44:32,ICBP,RG,8175,11,D,KK,YU,D
14:44:32,ICBP,RG,8175,5,D,SQ,YU,D
14:44:32,ICBP,RG,8175,4,F,CS,YU,D
14:44:32,ICBP,RG,8175,2,D,PD,YU,D
14:44:32,ICBP,RG,8175,5,D,YP,YU,D
14:44:32,ICBP,RG,8175,1,D,PD,YU,D
14:44:32,ICBP,RG,8175,70,D,CC,YU,D
14:44:32,ICBP,RG,8175,4,D,PD,YU,D
14:44:31,ICBP,RG,8175,5,D,PD,YU,F
14:44:31,ICBP,RG,8175,8,D,SQ,YU,F
14:44:27,ICBP,RG,8200,36,F,ZP,YU,D
14:44:27,ICBP,RG,8175,92,D,SQ,YU,D
14:44:27,ICBP,RG,8175,1,D,XC,YU,D
14:44:27,ICBP,RG,8175,5,D,YP,YU,D
14:44:27,ICBP,RG,8175,20,D,LG,YU,D
14:44:27,ICBP,RG,8175,5,D,KK,YU,D
14:44:27,ICBP,RG,8175,1,D,CC,YU,D
14:44:27,ICBP,RG,8175,1,D,PD,YU,D
14:44:27,ICBP,RG,8175,10,D,RO,YU,D
14:44:27,ICBP,RG,8175,5,D,SQ,YU,D
14:44:27,ICBP,RG,8175,10,D,LG,YU,D
14:44:27,ICBP,RG,8175,300,D,CP,YU,D
14:44:27,ICBP,RG,8175,1,D,XC,YU,D
14:44:27,ICBP,RG,8175,2,D,YP,YU,D
14:44:27,ICBP,RG,8175,1,D,XC,YU,D
14:44:27,ICBP,RG,8175,20,D,CC,YU,D
14:44:27,ICBP,RG,8175,5,D,YB,YU,D
14:44:27,ICBP,RG,8175,1,D,XC,YU,D
14:44:27,ICBP,RG,8175,10,D,YP,YU,D
14:44:27,ICBP,RG,8175,1,D,XC,YU,D
14:44:27,ICBP,RG,8175,1,D,PD,YU,D
14:44:27,ICBP,RG,8175,8,D,YP,YU,D
14:44:04,ICBP,RG,8175,2,D,YP,YU,F
14:44:04,ICBP,RG,8175,15,D,XA,YU,F
14:43:53,ICBP,RG,8175,1,D,XA,CC,D
14:43:52,ICBP,RG,8175,4,D,XA,CC,D
14:43:41,ICBP,RG,8200,20,D,LG,YU,D
14:43:38,ICBP,RG,8200,10,D,CC,YU,D
14:43:36,ICBP,RG,8175,2,D,CC,YU,F
14:43:36,ICBP,RG,8175,5,D,PD,YU,F
14:43:36,ICBP,RG,8175,5,F,CS,YU,F
14:43:36,ICBP,RG,8175,2,F,AK,YU,F
14:43:26,ICBP,RG,8200,1,D,XC,YU,D
14:43:17,ICBP,RG,8200,18,F,ZP,YU,D
14:43:07,ICBP,RG,8175,6,F,AK,YU,F
14:43:07,ICBP,RG,8175,1,D,LG,YU,F
14:43:07,ICBP,RG,8175,1,D,PD,YU,F
14:43:07,ICBP,RG,8175,1,D,YP,YU,F
14:43:07,ICBP,RG,8175,1,D,PD,YU,F
14:43:07,ICBP,RG,8175,5,D,CC,YU,F
14:43:07,ICBP,RG,8175,2,D,CC,YU,F
14:43:07,ICBP,RG,8175,2,D,NI,YU,F
14:43:06,ICBP,RG,8200,25,D,CC,YU,D
14:42:48,ICBP,RG,8200,2,F,CS,YU,D
14:42:48,ICBP,RG,8200,4,F,CS,YU,D
14:42:45,ICBP,RG,8175,1,D,NI,AK,F
14:42:45,ICBP,RG,8175,2,D,SQ,AK,F
14:42:45,ICBP,RG,8175,1,D,PD,AK,F
14:42:45,ICBP,RG,8175,3,D,NI,AK,F
14:42:45,ICBP,RG,8175,1,D,DH,AK,F
14:42:45,ICBP,RG,8175,1,D,XC,AK,F
14:42:45,ICBP,RG,8175,1,D,YP,AK,F
14:42:40,ICBP,RG,8175,1,D,PD,YU,D
14:42:40,ICBP,RG,8175,10,D,PD,YU,D
14:42:40,ICBP,RG,8175,1,D,YP,YU,D
14:42:40,ICBP,RG,8175,3,D,KK,YU,D
14:42:40,ICBP,RG,8175,17,D,KK,YU,D
14:42:40,ICBP,RG,8175,1,D,CC,YU,D
14:42:40,ICBP,RG,8175,1,D,PD,YU,D
14:42:40,ICBP,RG,8175,1,D,NI,YU,D
14:42:40,ICBP,RG,8175,5,D,PD,YU,D
14:42:40,ICBP,RG,8175,1,D,CC,YU,D
14:42:40,ICBP,RG,8175,1,D,NI,YU,D
14:42:40,ICBP,RG,8175,1,D,XC,YU,D
14:42:40,ICBP,RG,8175,4,F,AK,YU,D
14:42:40,ICBP,RG,8175,3,D,YP,YU,D
14:42:40,ICBP,RG,8175,3,D,NI,YU,D
14:42:40,ICBP,RG,8175,4,F,AK,YU,D
14:42:40,ICBP,RG,8175,1,D,XC,YU,D
14:42:40,ICBP,RG,8175,4,F,AK,YU,D
14:42:40,ICBP,RG,8175,1,D,CP,YU,D
14:42:40,ICBP,RG,8175,10,D,YP,YU,D
14:42:40,ICBP,RG,8175,3,D,DX,YU,D
14:42:40,ICBP,RG,8175,3,D,SQ,YU,D
14:42:40,ICBP,RG,8175,5,D,CC,YU,D
14:42:40,ICBP,RG,8175,5,D,DH,YU,D
14:42:40,ICBP,RG,8175,1,D,XC,YU,D
14:42:40,ICBP,RG,8175,5,D,XL,YU,D
14:42:40,ICBP,RG,8175,1,D,PD,YU,D
14:42:40,ICBP,RG,8175,5,D,PD,YU,D
14:42:40,ICBP,RG,8175,1,D,EP,YU,D
14:42:40,ICBP,RG,8175,6,D,YP,YU,D
14:42:40,ICBP,RG,8175,5,D,TP,YU,D
14:42:40,ICBP,RG,8175,2,D,DH,YU,D
14:42:40,ICBP,RG,8175,4,D,DR,YU,D
14:42:40,ICBP,RG,8175,1,D,CC,YU,D
14:42:40,ICBP,RG,8175,2,D,YP,YU,D
14:42:36,ICBP,RG,8175,28,D,YP,YU,F
14:42:32,ICBP,RG,8175,3,D,YP,CG,F
14:42:27,ICBP,RG,8175,5,D,YP,CC,D
14:42:21,ICBP,RG,8200,20,F,ZP,YU,D
14:42:16,ICBP,RG,8175,5,D,YP,CC,D
14:42:07,ICBP,RG,8175,5,D,YP,YU,F
14:42:07,ICBP,RG,8175,5,D,NI,YU,F
14:42:07,ICBP,RG,8175,1,D,PD,YU,F
14:42:07,ICBP,RG,8175,2,D,NI,YU,F
14:42:07,ICBP,RG,8175,1,D,XC,YU,F
14:42:07,ICBP,RG,8175,1,D,XC,YU,F
14:42:07,ICBP,RG,8175,1,D,XC,YU,F
14:42:06,ICBP,RG,8200,2,D,XC,YU,D
14:41:57,ICBP,RG,8200,19,F,ZP,YU,D
14:41:52,ICBP,RG,8175,1,D,CC,NI,D
14:41:45,ICBP,RG,8175,1,D,CC,AK,F
14:41:42,ICBP,RG,8175,3,D,CC,LG,D
14:41:42,ICBP,RG,8175,1,D,CC,LG,D
14:41:42,ICBP,RG,8175,2,D,PD,LG,D
14:41:42,ICBP,RG,8175,1,D,CC,LG,D
14:41:42,ICBP,RG,8175,2,D,CC,LG,D
14:41:42,ICBP,RG,8175,1,D,PD,LG,D
14:41:41,ICBP,RG,8175,6,D,PD,YU,F
14:41:41,ICBP,RG,8175,1,D,PD,YU,F
14:41:41,ICBP,RG,8175,1,D,YP,YU,F
14:41:41,ICBP,RG,8175,5,D,YP,YU,F
14:41:36,ICBP,RG,8175,5,D,YP,YU,D
14:41:36,ICBP,RG,8175,1,D,XC,YU,D
14:41:36,ICBP,RG,8175,1,D,YP,YU,D
14:41:36,ICBP,RG,8175,1,D,PD,YU,D
14:41:36,ICBP,RG,8175,3,D,SQ,YU,D
14:41:36,ICBP,RG,8175,10,D,SQ,YU,D
14:41:36,ICBP,RG,8175,2,D,PD,YU,D
14:41:36,ICBP,RG,8175,4,D,AT,YU,D
14:41:36,ICBP,RG,8175,1,D,PD,YU,D
14:41:36,ICBP,RG,8175,1,D,ZP,YU,D
14:41:36,ICBP,RG,8175,1,D,PD,YU,D
14:41:36,ICBP,RG,8175,1,D,PD,YU,D
14:41:36,ICBP,RG,8175,2,D,GR,YU,D
14:41:36,ICBP,RG,8175,9,D,DH,YU,D
14:41:34,ICBP,RG,8200,3,D,YU,YU,D
14:41:34,ICBP,RG,8200,1,D,YU,YU,D
14:41:17,ICBP,RG,8200,19,F,ZP,YU,D
14:41:13,ICBP,RG,8175,1,D,DH,PD,D
14:41:13,ICBP,RG,8175,1,D,PD,PD,D
14:41:13,ICBP,RG,8175,2,D,PD,PD,D
14:41:13,ICBP,RG,8175,1,D,PD,PD,D
14:41:13,ICBP,RG,8175,1,D,PD,PD,D
14:41:13,ICBP,RG,8175,10,D,YP,PD,D
14:41:13,ICBP,RG,8175,1,D,PD,PD,D
14:41:13,ICBP,RG,8175,1,D,YU,PD,D
14:41:13,ICBP,RG,8175,3,D,YP,PD,D
14:41:13,ICBP,RG,8175,5,D,EP,PD,D
14:41:13,ICBP,RG,8175,2,D,XC,PD,D
14:41:13,ICBP,RG,8175,1,D,YP,YU,F
14:41:13,ICBP,RG,8175,3,D,NI,YU,F
14:41:13,ICBP,RG,8175,14,D,ZP,YU,F
14:41:13,ICBP,RG,8175,2,D,ZP,YU,D
14:41:13,ICBP,RG,8175,1,D,PD,YU,D
14:41:13,ICBP,RG,8175,50,D,YP,YU,D
14:41:13,ICBP,RG,8175,1,D,PD,YU,D
14:41:13,ICBP,RG,8175,1,D,GR,YU,D
14:41:13,ICBP,RG,8175,1,D,KK,YU,D
14:41:13,ICBP,RG,8175,20,D,DH,YU,D
14:41:13,ICBP,RG,8175,5,D,PD,YU,D
14:41:13,ICBP,RG,8175,1,D,PD,YU,D
14:41:13,ICBP,RG,8175,6,D,CC,YU,D
14:41:13,ICBP,RG,8175,10,D,DH,YU,D
14:41:13,ICBP,RG,8175,3,D,RB,YU,D
14:41:13,ICBP,RG,8175,1,D,YP,YU,D
14:41:13,ICBP,RG,8175,100,D,YP,YU,D
14:41:13,ICBP,RG,8175,1,D,XC,YU,D
14:41:13,ICBP,RG,8175,1,D,PD,YU,D
14:41:13,ICBP,RG,8175,1,D,XC,YU,D
14:41:13,ICBP,RG,8175,6,D,PD,YU,D
14:41:13,ICBP,RG,8175,1,D,XC,YU,D
14:41:13,ICBP,RG,8175,1,D,CC,YU,D
14:41:13,ICBP,RG,8175,2,D,DH,YU,D
14:41:13,ICBP,RG,8175,1,D,XC,YU,D
14:41:13,ICBP,RG,8175,10,D,YP,YU,D
14:41:13,ICBP,RG,8175,1,D,YP,YU,D
14:41:13,ICBP,RG,8175,5,D,PD,YU,D
14:41:13,ICBP,RG,8175,1,D,AT,YU,D
14:41:13,ICBP,RG,8175,1,D,YP,YU,D
14:41:13,ICBP,RG,8175,1,D,PD,YU,D
14:41:13,ICBP,RG,8175,2,D,GR,YU,D
14:41:13,ICBP,RG,8175,30,D,YP,YU,D
14:41:13,ICBP,RG,8175,3,D,DR,YU,D
14:41:13,ICBP,RG,8175,61,D,PD,YU,D
14:41:13,ICBP,RG,8175,1,D,YP,YU,D
14:41:13,ICBP,RG,8175,10,D,YP,YU,D
14:41:13,ICBP,RG,8175,50,D,YP,YU,D
14:41:13,ICBP,RG,8175,1,D,SQ,YU,D
14:41:13,ICBP,RG,8175,1,D,XC,YU,D
14:41:13,ICBP,RG,8175,1,D,YP,YU,D
14:41:13,ICBP,RG,8175,3,D,PD,YU,D
14:41:13,ICBP,RG,8175,1,D,XC,YU,D
14:41:13,ICBP,RG,8175,5,D,AT,YU,D
14:41:13,ICBP,RG,8175,1,D,XC,YU,D
14:41:13,ICBP,RG,8175,3,D,PD,YU,D
14:41:13,ICBP,RG,8175,1,D,SQ,YU,D
14:41:13,ICBP,RG,8175,300,F,CC,YU,D
14:41:13,ICBP,RG,8175,1,D,DR,YU,D
14:41:13,ICBP,RG,8175,1,D,XC,YU,D
14:41:13,ICBP,RG,8175,10,D,YP,YU,D
14:41:13,ICBP,RG,8175,1,D,GR,YU,D
14:41:13,ICBP,RG,8175,1,D,NI,YU,D
14:41:13,ICBP,RG,8175,1,D,YP,YU,D
14:41:13,ICBP,RG,8175,1,D,PD,YU,D
14:41:13,ICBP,RG,8175,1,D,DR,YU,D
14:41:13,ICBP,RG,8175,1,D,CC,YU,D
14:41:13,ICBP,RG,8175,3,D,GR,YU,D
14:41:13,ICBP,RG,8175,1,D,XC,YU,D
14:41:13,ICBP,RG,8175,3,D,PD,YU,D
14:41:13,ICBP,RG,8175,1,D,XC,YU,D
14:41:13,ICBP,RG,8175,1,D,PD,YU,D
14:41:13,ICBP,RG,8175,10,D,PD,YU,D
14:41:13,ICBP,RG,8175,1,D,PD,YU,D
14:41:13,ICBP,RG,8175,1,D,PD,YU,D
14:41:13,ICBP,RG,8175,2,D,PD,YU,D
14:41:13,ICBP,RG,8175,5,D,PD,YU,D
14:41:13,ICBP,RG,8175,1,D,XC,YU,D
14:41:13,ICBP,RG,8175,1,D,GR,YU,D
14:41:13,ICBP,RG,8175,10,D,PG,YU,D
14:41:13,ICBP,RG,8175,5,D,PD,YU,D
14:41:13,ICBP,RG,8175,2,D,SQ,YU,D
14:41:13,ICBP,RG,8175,200,F,CC,YU,D
14:41:13,ICBP,RG,8175,1,D,NI,YU,D
14:41:13,ICBP,RG,8175,1,D,XC,YU,D
14:41:13,ICBP,RG,8175,1,D,XC,YU,D
14:41:13,ICBP,RG,8175,1,D,NI,YU,D
14:41:13,ICBP,RG,8175,1,D,XC,YU,D
14:41:13,ICBP,RG,8175,2,D,PD,YU,D
14:41:13,ICBP,RG,8175,1,D,GR,YU,D
14:41:13,ICBP,RG,8175,2,D,PD,YU,D
14:41:13,ICBP,RG,8175,2,D,XC,YU,D
14:41:13,ICBP,RG,8175,1,D,PD,YU,D
14:41:13,ICBP,RG,8175,13,F,CC,YU,D
14:41:01,ICBP,RG,8175,17,F,CC,YU,D
14:40:54,ICBP,RG,8200,15,D,PD,YU,D
14:40:44,ICBP,RG,8175,13,F,CC,YU,F
14:40:39,ICBP,RG,8200,10,D,DR,YU,D
14:40:34,ICBP,RG,8200,1,D,PD,YU,D
14:40:32,ICBP,RG,8175,6,F,CC,CC,D
14:40:22,ICBP,RG,8175,1,F,CC,PD,D
14:40:16,ICBP,RG,8175,17,F,CC,YU,F
14:40:02,ICBP,RG,8200,24,F,AK,YU,D
14:40:01,ICBP,RG,8175,14,F,CC,YU,D
14:40:01,ICBP,RG,8175,128,F,CC,YU,D
14:40:00,ICBP,RG,8175,23,F,CC,YU,D
14:39:52,ICBP,RG,8175,22,F,CC,PD,D
14:39:52,ICBP,RG,8175,3,F,CC,CG,F
14:39:48,ICBP,RG,8175,17,F,CC,YU,F
14:39:46,ICBP,RG,8200,1,D,AZ,YU,D
14:39:22,ICBP,RG,8200,1,F,CS,YU,D
14:39:22,ICBP,RG,8200,3,F,CS,YU,D
14:39:22,ICBP,RG,8200,3,F,CS,YU,D
14:39:21,ICBP,RG,8175,17,F,CC,YU,F
14:38:54,ICBP,RG,8175,20,F,CC,YU,F
14:38:52,ICBP,RG,8175,5,F,CC,CC,D
14:38:46,ICBP,RG,8200,1,D,SQ,YU,D
14:38:32,ICBP,RG,8200,1,D,SQ,YU,D
14:38:12,ICBP,RG,8175,20,F,CC,XC,D
14:38:00,ICBP,RG,8175,22,F,CC,YU,D
14:37:58,ICBP,RG,8175,4,F,CC,AK,F
14:37:58,ICBP,RG,8175,19,F,CC,YU,F
14:37:56,ICBP,RG,8175,6,F,CC,CC,D
14:37:30,ICBP,RG,8175,19,F,CC,YU,F
14:37:16,ICBP,RG,8200,1,D,LG,YU,D
14:37:12,ICBP,RG,8175,6,F,CC,CC,D
14:37:12,ICBP,RG,8175,3,F,CC,CG,F
14:37:04,ICBP,RG,8175,13,F,CC,YU,F
14:36:40,ICBP,RG,8175,14,F,CC,YU,D
14:36:40,ICBP,RG,8175,58,F,CC,YU,D
14:36:40,ICBP,RG,8175,3,D,XC,YU,D
14:36:40,ICBP,RG,8175,5,D,SQ,YU,D
14:36:40,ICBP,RG,8175,24,D,PD,YU,D
14:36:40,ICBP,RG,8175,1,D,XL,YU,D
14:36:40,ICBP,RG,8175,1,D,XC,YU,D
14:36:40,ICBP,RG,8175,1,D,XC,YU,D
14:36:40,ICBP,RG,8175,5,D,ZP,YU,D
14:36:40,ICBP,RG,8175,14,D,XA,YU,D
14:36:38,ICBP,RG,8175,1,D,XA,XC,D
14:36:35,ICBP,RG,8175,5,D,XA,YU,F
14:36:35,ICBP,RG,8175,5,D,DR,YU,F
14:36:35,ICBP,RG,8175,3,D,SQ,YU,F
14:36:00,ICBP,RG,8175,7,D,SQ,YU,D
14:36:00,ICBP,RG,8175,1,D,YU,YU,D
14:36:00,ICBP,RG,8175,1,D,PD,YU,D
14:36:00,ICBP,RG,8175,1,D,LS,YU,D
14:36:00,ICBP,RG,8175,1,D,PD,YU,D
14:36:00,ICBP,RG,8175,2,D,YP,YU,D
14:36:00,ICBP,RG,8175,7,D,PD,YU,D
14:35:47,ICBP,RG,8200,4,F,AK,YU,D
14:35:42,ICBP,RG,8175,8,D,PD,YU,F
14:35:42,ICBP,RG,8175,10,D,YP,YU,F
14:35:42,ICBP,RG,8175,1,D,YP,YU,F
14:35:42,ICBP,RG,8175,1,D,LG,YU,F
14:35:39,ICBP,RG,8200,7,F,CS,YU,D
14:35:34,ICBP,RG,8175,1,D,XC,CC,D
14:35:34,ICBP,RG,8175,1,D,PD,CC,D
14:35:34,ICBP,RG,8175,1,D,CC,CC,D
14:35:34,ICBP,RG,8175,1,D,YP,CC,D
14:35:34,ICBP,RG,8175,1,D,GR,CC,D
14:35:29,ICBP,RG,8200,1,D,PD,YU,D
14:35:16,ICBP,RG,8175,1,D,XC,YU,F
14:35:16,ICBP,RG,8175,1,D,KK,YU,F
14:35:16,ICBP,RG,8175,1,D,PD,YU,F
14:35:16,ICBP,RG,8175,10,D,YP,YU,F
14:35:16,ICBP,RG,8175,1,D,PD,YU,F
14:35:16,ICBP,RG,8175,5,D,DR,YU,F
14:35:16,ICBP,RG,8175,1,D,YP,YU,F
14:35:16,ICBP,RG,8175,1,D,YP,YU,F
14:35:16,ICBP,RG,8175,2,D,XC,YU,F
14:35:16,ICBP,RG,8175,1,D,YP,YU,F
14:35:16,ICBP,RG,8175,2,D,YP,YU,F
14:35:15,ICBP,RG,8200,3,D,PD,YU,D
14:35:13,ICBP,RG,8200,1,D,YP,YU,D
14:35:00,ICBP,RG,8200,6,D,PD,YU,D
14:34:47,ICBP,RG,8200,4,F,AK,YU,D
14:34:32,ICBP,RG,8175,1,D,YP,CG,F
14:34:27,ICBP,RG,8200,5,D,PD,YU,D
14:34:18,ICBP,RG,8175,1,D,YP,XL,D
14:34:16,ICBP,RG,8175,1,D,YP,YU,F
14:34:16,ICBP,RG,8175,6,D,AZ,YU,F
14:34:16,ICBP,RG,8175,1,D,XC,YU,F
14:34:16,ICBP,RG,8175,3,D,CC,YU,F
14:34:16,ICBP,RG,8175,2,D,PD,YU,F
14:34:16,ICBP,RG,8175,1,D,PD,YU,F
14:34:16,ICBP,RG,8175,2,D,YP,YU,F
14:34:16,ICBP,RG,8175,1,D,SQ,YU,F
14:34:16,ICBP,RG,8175,1,D,YU,YU,F
14:34:15,ICBP,RG,8175,1,D,PD,AK,F
14:34:05,ICBP,RG,8175,1,D,PD,LG,D
14:34:05,ICBP,RG,8175,1,D,NI,LG,D
14:34:05,ICBP,RG,8175,1,D,SQ,LG,D
14:34:05,ICBP,RG,8175,5,D,DR,LG,D
14:34:05,ICBP,RG,8175,5,D,DH,LG,D
14:34:00,ICBP,RG,8175,17,D,DH,YU,D
14:33:54,ICBP,RG,8200,1,D,YP,YU,D
14:33:54,ICBP,RG,8175,5,D,DH,CC,D
14:33:51,ICBP,RG,8175,21,D,DH,YU,F
14:33:46,ICBP,RG,8200,2,D,YP,YU,D
14:33:32,ICBP,RG,8200,4,F,AK,YU,D
14:33:20,ICBP,RG,8175,52,D,DH,YU,D
14:33:20,ICBP,RG,8175,1,D,DH,YU,D
14:33:20,ICBP,RG,8175,1,D,YP,YU,D
14:33:20,ICBP,RG,8175,3,D,XC,YU,D
14:33:20,ICBP,RG,8175,1,D,PD,YU,D
14:33:20,ICBP,RG,8175,2,D,XC,YU,D
14:33:20,ICBP,RG,8175,3,D,XC,YU,D
14:33:20,ICBP,RG,8175,13,D,YP,YU,D
14:33:20,ICBP,RG,8175,3,D,XC,YU,D
14:33:20,ICBP,RG,8175,2,D,NI,YU,D
14:33:20,ICBP,RG,8175,25,D,PD,YU,D
14:33:20,ICBP,RG,8175,3,D,XC,YU,D
14:33:20,ICBP,RG,8175,1,D,CC,YU,D
14:33:20,ICBP,RG,8175,1,D,PD,YU,D
14:33:20,ICBP,RG,8175,2,D,YP,YU,D
14:33:20,ICBP,RG,8175,14,D,YP,YU,D
14:33:11,ICBP,RG,8200,2,D,XC,YU,D
14:33:10,ICBP,RG,8200,1,D,PD,YU,D
14:33:09,ICBP,RG,8200,20,D,ZP,YU,D
14:33:08,ICBP,RG,8175,4,D,YP,CC,D
14:33:08,ICBP,RG,8175,2,D,CC,CC,D
14:32:54,ICBP,RG,8200,1,D,PD,YU,D
14:32:50,ICBP,RG,8200,5,D,GR,YU,D
14:32:45,ICBP,RG,8200,10,D,NI,YU,D
14:32:43,ICBP,RG,8175,1,D,CC,AK,F
14:32:43,ICBP,RG,8175,4,D,XC,AK,F
14:32:43,ICBP,RG,8175,1,D,XC,AK,F
14:32:43,ICBP,RG,8175,3,D,XC,AK,F
14:32:30,ICBP,RG,8200,1,D,PD,YU,D
14:32:26,ICBP,RG,8200,1,D,XL,YU,D
14:32:21,ICBP,RG,8175,7,D,XC,YU,F
14:32:21,ICBP,RG,8175,2,D,NI,YU,F
14:32:21,ICBP,RG,8175,2,D,DX,YU,F
14:32:21,ICBP,RG,8175,4,D,CP,YU,F
14:32:16,ICBP,RG,8175,6,D,CP,CC,D
14:32:02,ICBP,RG,8200,5,F,AK,YU,D
14:32:00,ICBP,RG,8175,22,D,CP,YU,D
14:31:24,ICBP,RG,8175,12,D,CP,EP,D
14:31:11,ICBP,RG,8175,6,D,CP,YU,F
14:31:11,ICBP,RG,8175,1,D,YU,YU,F
14:31:11,ICBP,RG,8175,1,D,PD,YU,F
14:31:11,ICBP,RG,8175,10,D,CC,YU,F
14:31:09,ICBP,RG,8200,5,F,CS,YU,D
14:30:40,ICBP,RG,8175,4,D,CC,OD,D
14:30:36,ICBP,RG,8175,1,D,CC,CC,D
14:30:36,ICBP,RG,8175,4,D,NI,CC,D
14:30:28,ICBP,RG,8200,3,D,PD,YU,D
14:30:04,ICBP,RG,8200,1,D,PD,YU,D
14:30:02,ICBP,RG,8200,6,F,AK,YU,D
14:30:02,ICBP,RG,8175,6,D,NI,YU,D
14:30:02,ICBP,RG,8175,112,D,OK,YU,D
14:30:02,ICBP,RG,8175,15,D,OK,YU,D
14:30:00,ICBP,RG,8175,20,D,OK,YU,D
14:29:24,ICBP,RG,8175,19,D,OK,YU,F
14:29:16,ICBP,RG,8200,5,D,CC,YU,D
14:28:54,ICBP,RG,8175,4,D,OK,CC,D
14:28:20,ICBP,RG,8175,4,D,OK,CC,D
14:28:18,ICBP,RG,8200,2,D,YU,YU,D
14:28:17,ICBP,RG,8175,18,D,OK,YU,F
14:28:00,ICBP,RG,8175,20,D,OK,YU,D
14:27:46,ICBP,RG,8200,8,D,PD,YU,D
14:27:19,ICBP,RG,8200,5,D,XA,YU,D
14:27:16,ICBP,RG,8175,6,D,OK,CC,D
14:27:08,ICBP,RG,8175,22,D,OK,PD,D
14:27:07,ICBP,RG,8200,1,D,YP,YU,D
14:27:02,ICBP,RG,8200,11,F,AK,YU,D
14:26:45,ICBP,RG,8175,14,D,OK,YU,F
14:26:45,ICBP,RG,8175,1,D,OK,AK,F
14:26:40,ICBP,RG,8175,45,D,OK,YU,D
14:26:40,ICBP,RG,8175,5,D,GR,YU,D
14:26:40,ICBP,RG,8175,1,D,PD,YU,D
14:26:40,ICBP,RG,8175,5,D,XC,YU,D
14:26:40,ICBP,RG,8175,1,D,PD,YU,D
14:26:40,ICBP,RG,8175,1,D,YP,YU,D
14:26:40,ICBP,RG,8175,1,D,YP,YU,D
14:26:40,ICBP,RG,8175,2,D,YP,YU,D
14:26:40,ICBP,RG,8175,1,D,YP,YU,D
14:26:40,ICBP,RG,8175,1,D,YP,YU,D
14:26:40,ICBP,RG,8175,1,D,XC,YU,D
14:26:40,ICBP,RG,8175,1,D,PD,YU,D
14:26:40,ICBP,RG,8175,19,D,NI,YU,D
14:26:40,ICBP,RG,8175,1,D,PD,YU,D
14:26:40,ICBP,RG,8175,1,D,KK,YU,D
14:26:40,ICBP,RG,8175,1,D,PD,YU,D
14:26:40,ICBP,RG,8175,1,D,YP,YU,D
14:26:40,ICBP,RG,8175,6,D,YP,YU,D
14:26:40,ICBP,RG,8175,2,D,PD,YU,D
14:26:40,ICBP,RG,8175,1,D,XC,YU,D
14:26:40,ICBP,RG,8175,2,D,NI,YU,D
14:26:40,ICBP,RG,8175,1,D,SQ,YU,D
14:26:40,ICBP,RG,8175,2,D,PD,YU,D
14:26:40,ICBP,RG,8175,1,D,PD,YU,D
14:26:40,ICBP,RG,8175,2,D,PD,YU,D
14:26:40,ICBP,RG,8175,5,D,CC,YU,D
14:26:40,ICBP,RG,8175,2,D,YB,YU,D
14:26:40,ICBP,RG,8175,1,D,PD,YU,D
14:26:40,ICBP,RG,8175,7,D,DH,YU,D
14:26:40,ICBP,RG,8175,8,D,DH,YU,D
14:26:40,ICBP,RG,8175,4,D,NI,YU,D
14:26:40,ICBP,RG,8175,1,D,PD,YU,D
14:26:40,ICBP,RG,8175,1,D,PD,YU,D
14:26:33,ICBP,RG,8175,2,D,YP,LG,D
14:26:20,ICBP,RG,8175,6,D,YP,LG,D
14:26:00,ICBP,RG,8175,2,D,YP,YU,D
14:26:00,ICBP,RG,8175,2,D,PD,YU,D
14:26:00,ICBP,RG,8175,13,F,CC,YU,D
14:25:58,ICBP,RG,8175,6,F,CC,AK,F
14:25:40,ICBP,RG,8200,10,D,CC,YU,D
14:25:38,ICBP,RG,8175,6,F,CC,CC,D
14:25:19,ICBP,RG,8200,5,D,YB,YU,D
14:25:16,ICBP,RG,8200,45,D,KK,YU,D
14:25:00,ICBP,RG,8200,3,D,CC,YU,D
14:24:54,ICBP,RG,8200,25,D,MG,YU,D
14:24:51,ICBP,RG,8175,23,F,CC,YU,F
14:24:37,ICBP,RG,8200,3,D,SQ,YU,D
14:24:05,ICBP,RG,8200,5,D,DR,YU,D
14:23:58,ICBP,RG,8175,4,F,CC,CC,D
14:23:44,ICBP,RG,8175,5,F,CC,CC,D
14:23:41,ICBP,RG,8200,1,D,YU,YU,D
14:22:50,ICBP,RG,8175,22,F,CC,YU,F
14:22:47,ICBP,RG,8200,4,F,AK,YU,D
14:22:30,ICBP,RG,8175,120,F,CC,YU,D
14:22:30,ICBP,RG,8175,14,F,CC,YU,D
14:22:28,ICBP,RG,8175,1,F,CC,PD,D
14:22:12,ICBP,RG,8175,7,F,CC,CC,D
14:22:00,ICBP,RG,8175,19,F,CC,YU,D
14:21:17,ICBP,RG,8175,12,F,CC,KK,D
14:21:14,ICBP,RG,8175,21,F,CC,YU,F
14:21:13,ICBP,RG,8175,22,F,CC,PD,D
14:21:12,ICBP,RG,8200,3,D,PD,YU,D
14:20:36,ICBP,RG,8200,84,D,MG,YU,D
14:20:36,ICBP,RG,8200,14,D,MG,CG,F
14:20:36,ICBP,RG,8200,2,D,MG,DR,D
14:20:28,ICBP,RG,8175,6,F,CC,CC,D
14:20:18,ICBP,RG,8175,6,F,CC,LG,D
14:20:18,ICBP,RG,8175,14,F,CC,YU,F
14:20:01,ICBP,RG,8175,22,F,CC,YU,D
14:19:15,ICBP,RG,8175,3,F,CC,XC,D
14:19:13,ICBP,RG,8175,9,F,CC,AK,F
14:19:10,ICBP,RG,8175,5,F,CC,CC,D
14:18:53,ICBP,RG,8175,12,F,CC,YU,F
14:18:45,ICBP,RG,8175,110,F,CC,YU,D
14:18:45,ICBP,RG,8175,14,F,CC,YU,D
14:18:42,ICBP,RG,8175,4,F,CC,CC,D
14:18:42,ICBP,RG,8175,2,D,PD,CC,D
14:18:30,ICBP,RG,8175,1,D,PD,AK,F
14:18:00,ICBP,RG,8175,17,D,PD,YU,D
14:18:00,ICBP,RG,8175,2,D,YP,YU,D
14:18:00,ICBP,RG,8175,1,D,YP,YU,D
14:18:00,ICBP,RG,8175,1,D,EP,YU,D
14:17:50,ICBP,RG,8175,3,D,EP,YU,F
14:17:50,ICBP,RG,8175,1,D,YU,YU,F
14:17:50,ICBP,RG,8175,3,D,PD,YU,F
14:17:50,ICBP,RG,8175,7,D,KK,YU,F
14:17:16,ICBP,RG,8200,6,D,YB,DR,D
14:17:00,ICBP,RG,8175,5,D,KK,CC,D
14:16:53,ICBP,RG,8175,3,D,KK,YU,F
14:16:53,ICBP,RG,8175,1,D,PD,YU,F
14:16:53,ICBP,RG,8175,9,D,YP,YU,F
14:16:15,ICBP,RG,8175,6,D,YP,YU,D
14:16:15,ICBP,RG,8175,5,D,PD,YU,D
14:16:15,ICBP,RG,8175,1,D,NI,YU,D
14:16:15,ICBP,RG,8175,2,D,DH,YU,D
14:16:15,ICBP,RG,8175,20,D,PD,YU,D
14:16:15,ICBP,RG,8175,3,D,KK,YU,D
14:16:15,ICBP,RG,8175,8,D,NI,YU,D
14:16:15,ICBP,RG,8175,1,D,YP,YU,D
14:16:15,ICBP,RG,8175,10,D,AO,YU,D
14:16:15,ICBP,RG,8175,1,D,YP,YU,D
14:16:15,ICBP,RG,8175,10,D,PD,YU,D
14:16:15,ICBP,RG,8175,5,D,XC,YU,D
14:16:15,ICBP,RG,8175,1,D,PD,YU,D
14:16:15,ICBP,RG,8175,3,D,PD,YU,D
14:16:15,ICBP,RG,8175,1,D,YP,YU,D
14:16:15,ICBP,RG,8175,10,D,YP,YU,D
14:16:15,ICBP,RG,8175,4,D,PD,YU,D
14:16:15,ICBP,RG,8175,34,F,CC,YU,D
14:16:15,ICBP,RG,8175,15,F,CC,YU,D
14:15:58,ICBP,RG,8175,16,F,CC,YU,F
14:15:52,ICBP,RG,8200,1,D,LG,DR,D
14:15:22,ICBP,RG,8175,5,F,CC,CC,D
14:15:03,ICBP,RG,8200,1,D,XC,CC,D
14:14:49,ICBP,RG,8200,141,F,BK,YU,D
14:14:49,ICBP,RG,8200,211,F,CS,YU,D
14:14:44,ICBP,RG,8200,6,F,AK,LG,D
14:14:43,ICBP,RG,8200,9,D,CC,CG,F
14:14:43,ICBP,RG,8200,1,D,CC,YU,D
14:14:43,ICBP,RG,8200,1,D,SQ,YU,D
14:14:43,ICBP,RG,8200,1,D,PD,YU,D
14:14:43,ICBP,RG,8200,1,D,BQ,YU,D
14:14:43,ICBP,RG,8200,2,D,PD,YU,D
14:14:43,ICBP,RG,8200,5,D,KK,YU,D
14:14:43,ICBP,RG,8200,50,D,PD,YU,D
14:14:43,ICBP,RG,8200,1,D,YP,YU,D
14:14:43,ICBP,RG,8200,4,D,YU,YU,D
14:14:43,ICBP,RG,8200,2,D,XC,YU,D
14:14:43,ICBP,RG,8200,2,D,CC,YU,D
14:14:43,ICBP,RG,8200,5,F,CS,YU,D
14:14:43,ICBP,RG,8200,5,D,CC,YU,D
14:14:43,ICBP,RG,8200,3,D,NI,YU,D
14:14:43,ICBP,RG,8200,4,D,YP,YU,D
14:14:43,ICBP,RG,8200,2,D,PD,YU,D
14:14:43,ICBP,RG,8200,1,D,YP,YU,D
14:14:43,ICBP,RG,8200,5,D,DR,YU,D
14:14:43,ICBP,RG,8200,4,F,AK,YU,D
14:14:43,ICBP,RG,8200,1,D,YU,YU,D
14:14:43,ICBP,RG,8200,7,D,XC,YU,D
14:14:43,ICBP,RG,8200,40,D,GR,YU,D
14:14:43,ICBP,RG,8200,1,D,YP,YU,D
14:14:43,ICBP,RG,8200,5,D,AG,YU,D
14:14:43,ICBP,RG,8200,1,D,YP,YU,D
14:14:43,ICBP,RG,8200,2,D,YP,YU,D
14:14:43,ICBP,RG,8200,2,D,CC,YU,D
14:14:43,ICBP,RG,8200,2,D,XC,YU,D
14:14:43,ICBP,RG,8200,10,F,AK,YU,D
14:14:43,ICBP,RG,8200,5,D,DX,YU,D
14:14:43,ICBP,RG,8200,5,D,YP,YU,D
14:14:43,ICBP,RG,8200,5,F,XA,YU,D
14:14:43,ICBP,RG,8200,2,F,CS,YU,D
14:14:43,ICBP,RG,8200,200,F,CC,YU,D
14:14:43,ICBP,RG,8200,1,D,YP,YU,D
14:14:43,ICBP,RG,8200,1,D,EP,YU,D
14:14:43,ICBP,RG,8200,12,D,NI,YU,D
14:14:43,ICBP,RG,8200,3,F,CS,YU,D
14:14:43,ICBP,RG,8200,6,D,XC,YU,D
14:14:43,ICBP,RG,8200,200,F,CC,YU,D
14:14:43,ICBP,RG,8200,1,D,XC,YU,D
14:14:43,ICBP,RG,8200,3,D,YP,YU,D
14:14:43,ICBP,RG,8200,15,D,CC,YU,D
14:14:43,ICBP,RG,8200,5,D,KK,YU,D
14:14:43,ICBP,RG,8200,1,D,XC,YU,D
14:14:43,ICBP,RG,8200,3,F,CS,YU,D
14:14:43,ICBP,RG,8200,1,D,XC,YU,D
14:14:43,ICBP,RG,8200,10,D,XC,YU,D
14:14:43,ICBP,RG,8200,1,D,HP,YU,D
14:14:43,ICBP,RG,8200,96,F,CC,YU,D
14:14:40,ICBP,RG,8200,7,F,CC,CC,D
14:14:35,ICBP,RG,8200,13,F,CC,YU,F
14:13:53,ICBP,RG,8200,5,F,CC,XC,D
14:13:36,ICBP,RG,8200,6,F,CC,CC,D
14:13:33,ICBP,RG,8200,15,F,CC,YU,F
14:13:27,ICBP,RG,8200,15,F,CC,DX,F
14:13:12,ICBP,RG,8200,3,F,CC,CG,F
14:12:32,ICBP,RG,8200,17,F,CC,YU,F
14:12:31,ICBP,RG,8200,116,F,CC,YU,D
14:12:30,ICBP,RG,8200,7,F,CC,YU,D
14:12:30,ICBP,RG,8200,3,F,CS,YU,D
14:12:30,ICBP,RG,8200,3,D,PD,YU,D
14:12:30,ICBP,RG,8200,1,D,CC,YU,D
14:12:08,ICBP,RG,8225,5,D,PD,YP,D
14:11:52,ICBP,RG,8200,1,D,NI,YU,D
14:11:52,ICBP,RG,8200,1,D,YP,YU,D
14:11:52,ICBP,RG,8200,1,D,YP,YU,D
14:11:52,ICBP,RG,8200,15,D,YP,YU,D
14:11:51,ICBP,RG,8200,5,D,YP,CC,D
14:11:24,ICBP,RG,8200,22,F,CS,DX,F
14:11:19,ICBP,RG,8200,22,F,CS,PD,D
14:10:56,ICBP,RG,8200,2,F,CS,YP,D
14:10:53,ICBP,RG,8200,20,F,CS,YU,F
14:10:49,ICBP,RG,8200,8,F,CS,AK,F
14:10:47,ICBP,RG,8200,1,F,CS,XC,D
14:10:32,ICBP,RG,8200,2,F,CS,CG,F
14:10:20,ICBP,RG,8225,2,D,YP,YP,D
14:10:11,ICBP,RG,8200,6,F,CS,CC,D
14:10:10,ICBP,RG,8200,4,F,CS,CC,D
14:09:21,ICBP,RG,8200,9,F,CS,YU,F
14:09:21,ICBP,RG,8200,4,F,AK,YU,F
14:09:21,ICBP,RG,8200,4,F,CS,YU,F
14:09:21,ICBP,RG,8200,1,D,NI,YU,F
14:09:15,ICBP,RG,8200,1,D,NI,AK,F
14:09:10,ICBP,RG,8200,1,D,PD,CG,F
14:09:10,ICBP,RG,8200,1,D,XC,CG,F
14:09:10,ICBP,RG,8225,1,D,SQ,YP,D
14:08:54,ICBP,RG,8225,7,F,AK,YP,D
14:08:53,ICBP,RG,8200,22,D,XC,DX,F
14:08:41,ICBP,RG,8200,8,D,XC,DR,D
14:08:29,ICBP,RG,8200,15,D,XC,XC,D
14:08:27,ICBP,RG,8200,5,D,XC,CC,D
14:07:56,ICBP,RG,8200,16,D,XC,YU,F
14:07:30,ICBP,RG,8200,114,D,XC,YU,D
14:07:30,ICBP,RG,8200,14,D,XC,YU,D
14:07:23,ICBP,RG,8200,2,D,XC,DR,D
14:07:23,ICBP,RG,8200,14,F,CC,DR,D
14:06:46,ICBP,RG,8225,13,D,PD,YP,D
14:06:46,ICBP,RG,8225,7,D,PD,PD,D
14:06:45,ICBP,RG,8200,5,F,CC,CC,D
14:06:32,ICBP,RG,8200,21,F,CC,DX,F
14:06:32,ICBP,RG,8200,13,F,CC,YU,F
14:06:31,ICBP,RG,8200,3,F,CC,CG,F
14:06:19,ICBP,RG,8225,1,D,CC,PD,D
14:05:49,ICBP,RG,8225,1,D,YU,PD,D
14:05:30,ICBP,RG,8200,4,F,CC,CC,D
14:05:15,ICBP,RG,8225,3,D,CC,PD,D
14:05:03,ICBP,RG,8200,7,F,CC,CC,D
14:05:00,ICBP,RG,8200,18,F,CC,DX,F
14:04:57,ICBP,RG,8200,21,F,CC,YU,F
14:04:29,ICBP,RG,8200,27,F,CC,CC,D
14:03:52,ICBP,RG,8200,3,F,CC,CG,F
14:03:41,ICBP,RG,8225,1,D,AI,PD,D
14:03:31,ICBP,RG,8200,6,F,CC,AK,F
14:03:30,ICBP,RG,8225,7,F,AK,PD,D
14:03:30,ICBP,RG,8225,4,F,AK,YU,F
14:03:29,ICBP,RG,8200,12,F,CC,DX,F
14:03:21,ICBP,RG,8200,5,F,CC,CC,D
14:03:20,ICBP,RG,8200,120,F,CC,YU,D
14:03:20,ICBP,RG,8200,15,F,CC,YU,D
14:02:52,ICBP,RG,8200,6,F,CC,LG,D
14:02:24,ICBP,RG,8225,2,D,YU,YU,F
14:02:07,ICBP,RG,8200,12,F,CC,DX,F
14:02:03,ICBP,RG,8225,5,D,DH,YU,F
14:01:41,ICBP,RG,8200,4,F,CC,CC,D
14:01:24,ICBP,RG,8225,12,D,XL,YU,F
14:01:17,ICBP,RG,8200,19,F,CC,YU,F
14:01:12,ICBP,RG,8200,3,F,CC,CG,F
14:01:07,ICBP,RG,8200,6,F,CC,DR,D
14:01:05,ICBP,RG,8200,2,F,CC,DR,D
14:00:54,ICBP,RG,8200,7,F,CC,CC,D
14:00:03,ICBP,RG,8200,18,F,CC,DX,F
14:00:02,ICBP,RG,8200,112,F,CC,YU,D
14:00:02,ICBP,RG,8200,14,F,CC,YU,D
13:59:57,ICBP,RG,8200,3,F,CC,CC,D
13:59:57,ICBP,RG,8200,2,D,CC,CC,D
13:59:57,ICBP,RG,8200,1,D,NI,CC,D
13:59:48,ICBP,RG,8200,5,D,YP,YU,F
13:59:48,ICBP,RG,8200,1,D,PD,YU,F
13:59:48,ICBP,RG,8200,1,D,PD,YU,F
13:59:48,ICBP,RG,8200,10,D,ZP,YU,F
13:59:48,ICBP,RG,8200,3,F,CS,YU,F
13:59:46,ICBP,RG,8200,2,F,CS,DR,D
13:59:46,ICBP,RG,8200,1,D,YP,DR,D
13:59:46,ICBP,RG,8200,1,D,PD,DR,D
13:59:46,ICBP,RG,8200,2,D,HP,DR,D
13:59:46,ICBP,RG,8200,1,D,OD,DR,D
13:59:46,ICBP,RG,8200,1,D,PD,DR,D
13:59:46,ICBP,RG,8200,8,D,KK,DR,D
13:58:55,ICBP,RG,8200,12,D,KK,YU,F
13:58:55,ICBP,RG,8200,2,D,YP,YU,F
13:58:55,ICBP,RG,8200,2,F,CS,YU,F
13:58:43,ICBP,RG,8200,2,D,NI,YP,D
13:58:43,ICBP,RG,8200,19,D,PD,YP,D
13:58:30,ICBP,RG,8200,3,D,PD,CG,F
13:58:30,ICBP,RG,8200,14,D,PD,DX,F
13:58:13,ICBP,RG,8200,6,D,PD,CC,D
13:57:34,ICBP,RG,8200,8,D,PD,PD,D
13:57:34,ICBP,RG,8200,1,D,PD,PD,D
13:57:34,ICBP,RG,8200,1,D,CC,PD,D
13:57:34,ICBP,RG,8200,1,D,YP,PD,D
13:57:34,ICBP,RG,8200,1,D,YP,PD,D
13:57:34,ICBP,RG,8200,3,F,CS,PD,D
13:57:34,ICBP,RG,8200,2,D,CC,PD,D
13:57:34,ICBP,RG,8200,1,D,SQ,PD,D
13:57:34,ICBP,RG,8200,10,D,CC,PD,D
13:57:34,ICBP,RG,8200,1,D,YP,PD,D
13:57:34,ICBP,RG,8200,1,D,PD,PD,D
13:57:34,ICBP,RG,8200,3,F,AK,PD,D
13:57:34,ICBP,RG,8200,5,F,AK,PD,D
13:57:34,ICBP,RG,8200,5,D,KK,PD,D
13:57:34,ICBP,RG,8200,20,D,CC,PD,D
13:57:34,ICBP,RG,8200,1,D,PD,PD,D
13:57:34,ICBP,RG,8200,1,D,YP,PD,D
13:57:34,ICBP,RG,8200,3,F,CS,PD,D
13:57:34,ICBP,RG,8200,1,D,PD,PD,D
13:57:34,ICBP,RG,8200,3,D,CC,PD,D
13:57:34,ICBP,RG,8200,2,D,LS,PD,D
13:57:34,ICBP,RG,8200,5,D,PD,PD,D
13:57:34,ICBP,RG,8200,21,F,CC,PD,D
13:57:28,ICBP,RG,8200,18,F,CC,YU,F
13:57:05,ICBP,RG,8225,2,D,PD,YU,F
13:57:05,ICBP,RG,8225,1,D,PD,XC,D
13:57:05,ICBP,RG,8225,1,D,PD,YU,D
13:56:57,ICBP,RG,8200,14,F,CC,DX,F
13:56:39,ICBP,RG,8200,6,F,CC,AK,F
13:56:38,ICBP,RG,8200,14,F,CC,XC,D
13:56:29,ICBP,RG,8225,3,D,YP,YU,D
13:56:27,ICBP,RG,8200,6,F,CC,CC,D
13:56:24,ICBP,RG,8200,4,F,CC,CC,D
13:56:06,ICBP,RG,8200,16,F,CC,YU,F
13:55:52,ICBP,RG,8200,1,F,CC,CG,F
13:55:38,ICBP,RG,8200,13,F,CC,CC,D
13:55:36,ICBP,RG,8200,1,F,CC,EP,D
13:55:06,ICBP,RG,8200,19,F,CC,YU,F
13:55:02,ICBP,RG,8200,117,F,CC,YU,D
13:55:01,ICBP,RG,8200,14,F,CC,YU,D
13:54:43,ICBP,RG,8200,6,F,CC,CC,D
13:54:24,ICBP,RG,8200,20,F,CC,DX,F
13:53:30,ICBP,RG,8200,1,F,CC,YP,D
13:53:30,ICBP,RG,8200,18,F,CC,YU,F
13:53:30,ICBP,RG,8200,1,F,CC,AK,F
13:53:23,ICBP,RG,8200,9,F,CC,DR,D
13:53:03,ICBP,RG,8200,5,F,CC,CC,D
13:52:49,ICBP,RG,8200,16,F,CC,DX,F
13:52:10,ICBP,RG,8200,2,F,CC,DR,D
13:52:08,ICBP,RG,8200,13,F,CC,DR,D
13:51:56,ICBP,RG,8200,4,F,CC,CC,D
13:51:28,ICBP,RG,8200,4,F,CC,SQ,D
13:51:25,ICBP,RG,8200,6,F,CC,LG,D
13:51:25,ICBP,RG,8200,4,F,CC,CC,D
13:51:20,ICBP,RG,8200,17,F,CC,DX,F
13:50:12,ICBP,RG,8200,22,F,CC,PD,D
13:50:01,ICBP,RG,8200,14,F,CC,YU,D
13:50:01,ICBP,RG,8200,74,F,CC,YU,D
13:50:01,ICBP,RG,8200,1,D,GR,YU,D
13:50:01,ICBP,RG,8200,37,D,YJ,YU,D
13:49:48,ICBP,RG,8225,8,D,PD,YU,D
13:49:48,ICBP,RG,8200,18,D,YJ,DX,F
13:49:47,ICBP,RG,8200,1,D,YJ,KK,D
13:49:41,ICBP,RG,8200,6,D,YJ,CC,D
13:49:23,ICBP,RG,8225,2,D,YU,YU,D
13:48:13,ICBP,RG,8200,23,D,YJ,CC,D
13:48:08,ICBP,RG,8200,15,D,YJ,DX,F
13:47:55,ICBP,RG,8200,6,D,YJ,CC,D
13:47:51,ICBP,RG,8225,1,D,YU,YU,D
13:47:28,ICBP,RG,8200,6,D,YJ,CC,D
13:46:42,ICBP,RG,8225,2,D,YP,YU,D
13:46:34,ICBP,RG,8200,18,D,YJ,DX,F
13:46:09,ICBP,RG,8200,6,D,YJ,CC,D
13:46:00,ICBP,RG,8200,7,D,YJ,AK,F
13:45:47,ICBP,RG,8200,3,D,YJ,DR,D
13:45:11,ICBP,RG,8200,4,D,YJ,DX,F
13:45:11,ICBP,RG,8200,5,D,KK,DX,F
13:45:11,ICBP,RG,8200,1,D,YP,DX,F
13:45:11,ICBP,RG,8200,2,D,YP,DX,F
13:45:11,ICBP,RG,8200,2,D,DH,DX,F
13:45:11,ICBP,RG,8200,2,D,YP,DX,F
13:45:11,ICBP,RG,8200,1,D,XC,DX,F
13:45:01,ICBP,RG,8200,1,F,AK,PD,D
13:44:47,ICBP,RG,8200,2,F,AK,EP,D
13:44:47,ICBP,RG,8200,4,F,CS,EP,D
13:44:47,ICBP,RG,8200,1,F,CS,EP,D
13:44:47,ICBP,RG,8200,18,F,CS,EP,D
13:44:43,ICBP,RG,8200,2,F,CS,AK,F
13:44:31,ICBP,RG,8200,11,F,CS,DR,D
13:44:23,ICBP,RG,8200,6,F,CS,CC,D
13:44:08,ICBP,RG,8200,1,F,CS,XC,D
13:43:37,ICBP,RG,8200,13,F,CS,DX,F
13:43:27,ICBP,RG,8200,19,F,CS,GR,D
13:42:45,ICBP,RG,8200,1,F,CS,AK,F
13:42:42,ICBP,RG,8200,5,F,CS,CC,D
13:42:41,ICBP,RG,8200,5,F,CS,CC,D
13:42:32,ICBP,RG,8200,26,F,CS,NI,D
13:42:32,ICBP,RG,8200,1,D,YP,NI,D
13:42:32,ICBP,RG,8200,1,D,NI,NI,D
13:42:32,ICBP,RG,8200,1,D,YP,NI,D
13:42:32,ICBP,RG,8200,1,D,XC,NI,D
13:42:32,ICBP,RG,8200,1,D,YP,NI,D
13:42:32,ICBP,RG,8200,1,D,LG,NI,D
13:42:32,ICBP,RG,8200,3,D,PD,NI,D
13:42:32,ICBP,RG,8200,5,D,YB,NI,D
13:42:30,ICBP,RG,8200,9,D,YB,YU,D
13:42:30,ICBP,RG,8200,2,D,PD,YU,D
13:42:30,ICBP,RG,8200,1,D,PD,YU,D
13:42:30,ICBP,RG,8200,1,D,GR,YU,D
13:42:30,ICBP,RG,8200,1,D,PD,YU,D
13:42:30,ICBP,RG,8200,1,D,PD,YU,D
13:42:30,ICBP,RG,8200,3,D,SQ,YU,D
13:42:30,ICBP,RG,8200,1,D,PD,YU,D
13:42:30,ICBP,RG,8200,7,D,XA,YU,D
13:42:30,ICBP,RG,8200,4,F,CS,YU,D
13:42:30,ICBP,RG,8200,108,F,CC,YU,D
13:42:02,ICBP,RG,8200,1,F,CC,PD,D
13:41:38,ICBP,RG,8200,17,F,CC,IH,D
13:41:36,ICBP,RG,8200,20,F,CC,XC,D
13:41:35,ICBP,RG,8200,6,F,CC,CC,D
13:40:55,ICBP,RG,8200,6,F,CC,CC,D
13:40:49,ICBP,RG,8200,42,F,CC,YU,F
13:40:49,ICBP,RG,8200,2,D,XC,YU,F
13:40:49,ICBP,RG,8200,1,D,YU,YU,F
13:40:49,ICBP,RG,8200,4,F,AK,YU,F
13:40:31,ICBP,RG,8200,100,F,BK,YU,D
13:40:27,ICBP,RG,8200,50,F,BK,YU,D
13:39:28,ICBP,RG,8225,14,D,YB,YU,D
13:39:09,ICBP,RG,8200,5,F,BK,CC,D
13:39:00,ICBP,RG,8200,1,F,BK,PD,D
13:38:02,ICBP,RG,8200,63,F,BK,SH,D
13:38:02,ICBP,RG,8200,24,D,PD,SH,D
13:37:59,ICBP,RG,8200,5,D,PD,HP,D
13:36:13,ICBP,RG,8200,1,D,PD,CC,F
13:36:13,ICBP,RG,8200,10,D,PD,CG,F
13:36:13,ICBP,RG,8200,19,D,PD,DR,D
13:36:13,ICBP,RG,8200,6,D,PD,CC,D
13:36:13,ICBP,RG,8200,35,D,PD,YP,D
13:35:59,ICBP,RG,8200,2,F,CS,YP,D
13:35:59,ICBP,RG,8200,3,F,AK,YP,D
13:35:58,ICBP,RG,8200,4,F,CS,YP,D
13:35:58,ICBP,RG,8200,63,F,BK,YP,D
13:35:58,ICBP,RG,8200,2,D,AZ,YP,D
13:35:58,ICBP,RG,8200,1,D,PD,YP,D
13:35:58,ICBP,RG,8200,1,D,PD,YP,D
13:35:58,ICBP,RG,8200,5,D,PD,YP,D
13:35:58,ICBP,RG,8200,2,D,GR,YP,D
13:35:58,ICBP,RG,8200,4,F,AK,YP,D
13:35:58,ICBP,RG,8200,2,D,DH,YP,D
13:35:58,ICBP,RG,8200,1,D,YP,YP,D
13:35:58,ICBP,RG,8200,5,F,CS,YP,D
13:35:58,ICBP,RG,8200,3,F,CS,YP,D
13:35:58,ICBP,RG,8200,1,F,CS,YP,D
13:35:58,ICBP,RG,8200,1,D,CC,YP,D
13:35:58,ICBP,RG,8200,1,D,CC,YP,D
13:35:58,ICBP,RG,8200,6,F,AK,YP,D
13:35:58,ICBP,RG,8200,4,D,XC,YP,D
13:35:58,ICBP,RG,8200,2,D,XC,YP,D
13:35:58,ICBP,RG,8200,2,D,XC,YP,D
13:35:58,ICBP,RG,8200,1,D,XC,YP,D
13:35:58,ICBP,RG,8200,10,D,XC,YP,D
13:35:58,ICBP,RG,8200,1,D,XC,YP,D
13:35:58,ICBP,RG,8200,1,D,XC,YP,D
13:35:58,ICBP,RG,8200,1,D,CC,YP,D
13:35:58,ICBP,RG,8200,1,D,CC,YP,D
13:35:58,ICBP,RG,8200,5,D,CC,YP,D
13:35:58,ICBP,RG,8200,10,D,CC,YP,D
13:35:58,ICBP,RG,8200,6,D,YP,YP,D
13:35:58,ICBP,RG,8200,2,D,CC,YP,D
13:35:58,ICBP,RG,8200,1,D,PD,YP,D
13:35:58,ICBP,RG,8200,2,D,CC,YP,D
13:35:58,ICBP,RG,8200,1,D,YP,YP,D
13:35:58,ICBP,RG,8200,1,D,PD,YP,D
13:35:58,ICBP,RG,8200,3,D,YP,YP,D
13:35:58,ICBP,RG,8200,1,D,YP,YP,D
13:35:58,ICBP,RG,8200,1,D,PD,YP,D
13:35:58,ICBP,RG,8200,2,D,PD,YP,D
13:35:58,ICBP,RG,8200,10,D,YP,YP,D
13:35:58,ICBP,RG,8200,2,D,YP,YP,D
13:35:58,ICBP,RG,8200,3,D,KK,YP,D
13:35:58,ICBP,RG,8200,7,D,SQ,YP,D
13:35:58,ICBP,RG,8200,1,D,PD,YP,D
13:35:58,ICBP,RG,8200,1,D,PD,YP,D
13:35:58,ICBP,RG,8200,1,D,SQ,YP,D
13:35:58,ICBP,RG,8200,1,D,PD,YP,D
13:35:58,ICBP,RG,8200,1,D,AG,YP,D
13:35:58,ICBP,RG,8200,1,D,PD,YP,D
13:35:58,ICBP,RG,8200,1,D,PD,YP,D
13:35:58,ICBP,RG,8200,18,D,YP,YP,D
13:35:58,ICBP,RG,8200,1,D,PD,YP,D
13:35:58,ICBP,RG,8200,1,D,PD,YP,D
13:35:58,ICBP,RG,8200,1,D,PD,YP,D
13:35:58,ICBP,RG,8200,21,D,SQ,YP,D
13:35:58,ICBP,RG,8200,1,D,PD,YP,D
13:35:58,ICBP,RG,8200,1,D,SQ,YP,D
13:35:58,ICBP,RG,8200,1,D,PD,YP,D
13:35:58,ICBP,RG,8200,1,D,PD,YP,D
13:35:58,ICBP,RG,8200,2,D,PD,YP,D
13:35:58,ICBP,RG,8200,5,D,YP,YP,D
13:35:58,ICBP,RG,8200,8,D,DH,YP,D
13:35:58,ICBP,RG,8200,1,D,SQ,YP,D
13:35:58,ICBP,RG,8200,1,D,DR,YP,D
13:35:58,ICBP,RG,8200,3,D,PD,YP,D
13:35:58,ICBP,RG,8200,50,D,KK,YP,D
13:35:58,ICBP,RG,8200,2,D,PD,YP,D
13:35:58,ICBP,RG,8200,2,D,KK,YP,D
13:35:58,ICBP,RG,8200,1,D,DH,YP,D
13:35:58,ICBP,RG,8200,1,D,XA,YP,D
13:35:58,ICBP,RG,8200,1,D,KK,YP,D
13:35:58,ICBP,RG,8200,2,D,PD,YP,D
13:35:58,ICBP,RG,8200,1,D,PD,YP,D
13:35:58,ICBP,RG,8200,29,D,YP,YP,D
13:35:58,ICBP,RG,8200,1,D,YP,YP,D
13:35:58,ICBP,RG,8200,50,D,YP,YP,D
13:35:58,ICBP,RG,8200,1,D,PD,YP,D
13:35:58,ICBP,RG,8200,20,D,EP,YP,D
13:35:58,ICBP,RG,8200,44,D,KK,YP,D
13:35:56,ICBP,RG,8200,1,D,KK,XC,D
13:35:54,ICBP,RG,8225,13,F,YP,YU,D
13:35:40,ICBP,RG,8225,5,D,XC,YU,D
13:35:00,ICBP,RG,8200,15,D,KK,YU,D
13:35:00,ICBP,RG,8200,30,D,KK,YU,D
13:35:00,ICBP,RG,8200,10,D,EP,YU,D
13:35:00,ICBP,RG,8200,2,D,DH,YU,D
13:35:00,ICBP,RG,8200,10,D,LG,YU,D
13:35:00,ICBP,RG,8200,58,D,KK,YU,D
13:34:42,ICBP,RG,8225,1,D,YP,YU,D
13:34:12,ICBP,RG,8200,22,D,KK,PD,D
13:34:04,ICBP,RG,8200,7,D,KK,NI,D
13:33:38,ICBP,RG,8200,3,D,KK,CC,D
13:33:38,ICBP,RG,8200,1,D,PD,CC,D
13:33:35,ICBP,RG,8225,4,D,PD,CG,F
13:33:26,ICBP,RG,8225,7,D,PD,CG,F
13:33:02,ICBP,RG,8200,2,D,PD,PD,D
13:32:50,ICBP,RG,8225,4,D,XC,CG,F
13:32:39,ICBP,RG,8200,3,D,PD,LG,D
13:32:39,ICBP,RG,8200,1,D,PD,LG,D
13:32:39,ICBP,RG,8200,2,D,YP,LG,D
13:30:39,ICBP,RG,8225,1,D,NI,CG,F
13:30:17,ICBP,RG,8200,1,D,YP,AK,F
13:30:16,ICBP,RG,8200,2,D,NI,YU,F
13:30:16,ICBP,RG,8200,5,D,XC,YU,F
13:30:16,ICBP,RG,8200,1,D,PD,YU,F
13:30:16,ICBP,RG,8200,6,D,DR,YU,F
13:30:16,ICBP,RG,8200,1,D,YP,YU,F
13:30:16,ICBP,RG,8200,2,D,PD,YU,F
13:30:16,ICBP,RG,8200,3,F,CS,YU,F
13:30:16,ICBP,RG,8200,2,D,PD,YU,F
13:30:16,ICBP,RG,8200,3,F,CS,YU,F
13:30:16,ICBP,RG,8200,2,D,PD,YU,F
13:30:16,ICBP,RG,8200,1,D,PD,YU,F
13:30:16,ICBP,RG,8200,1,D,XC,YU,F
13:30:16,ICBP,RG,8200,1,D,PD,YU,F
13:30:16,ICBP,RG,8200,1,D,YP,YU,F
13:30:16,ICBP,RG,8200,25,D,YP,YU,F
13:30:16,ICBP,RG,8200,3,D,ZP,YU,F
13:30:16,ICBP,RG,8200,3,F,CS,YU,F
13:30:16,ICBP,RG,8200,2,D,XC,YU,F
13:30:16,ICBP,RG,8200,10,D,PD,YU,F
13:30:16,ICBP,RG,8200,1,F,CS,YU,F
13:30:16,ICBP,RG,8200,30,D,AZ,YU,F
13:30:15,ICBP,RG,8225,3,F,AK,CG,F
13:30:15,ICBP,RG,8225,12,F,AK,YU,F
13:30:13,ICBP,RG,8200,6,D,AZ,AK,F
13:30:12,ICBP,RG,8225,1,D,XC,YU,F
13:30:12,ICBP,RG,8200,2,D,AZ,XC,D
13:30:12,ICBP,RG,8200,2,D,AZ,CC,D
13:30:10,ICBP,RG,8225,2,D,YU,YU,F
13:30:10,ICBP,RG,8200,1,D,AZ,CC,D
13:30:09,ICBP,RG,8200,13,D,AZ,PD,D
13:30:07,ICBP,RG,8200,1,D,AZ,YP,D
13:30:07,ICBP,RG,8200,3,D,AZ,XC,D
13:30:06,ICBP,RG,8200,3,D,AZ,PD,D
13:30:06,ICBP,RG,8225,1,D,PD,YU,F
13:30:06,ICBP,RG,8200,1,D,AZ,PD,D
13:30:06,ICBP,RG,8200,1,D,AZ,PD,D
13:30:06,ICBP,RG,8200,7,D,AZ,YU,D
13:30:06,ICBP,RG,8200,3,D,AZ,PD,D
13:30:05,ICBP,RG,8200,6,D,AZ,LG,D
13:30:05,ICBP,RG,8200,30,D,AZ,DR,D
13:30:04,ICBP,RG,8200,5,D,AZ,PD,D
13:30:04,ICBP,RG,8200,7,D,AZ,YU,D
13:30:04,ICBP,RG,8200,2,D,PD,YU,D
13:30:04,ICBP,RG,8200,2,D,PD,YU,D
13:30:04,ICBP,RG,8200,1,D,PD,YU,D
13:30:04,ICBP,RG,8200,1,F,CS,YU,D
13:30:04,ICBP,RG,8200,1,D,CC,YU,D
13:30:04,ICBP,RG,8200,40,D,ZP,YU,D
13:30:04,ICBP,RG,8200,2,F,CS,YU,D
13:30:04,ICBP,RG,8200,5,F,CC,YU,D
13:30:04,ICBP,RG,8225,1,D,YU,YU,F
13:30:03,ICBP,RG,8225,8,D,PD,YU,F
11:29:47,ICBP,RG,8200,2,F,CC,CC,D
11:29:45,ICBP,RG,8225,2,D,LG,YU,F
11:29:40,ICBP,RG,8225,4,D,LG,YU,F
11:29:24,ICBP,RG,8225,2,F,AK,YU,F
11:29:12,ICBP,RG,8200,3,F,CC,CG,F
11:29:11,ICBP,RG,8200,1,F,CC,AK,F
11:29:09,ICBP,RG,8225,1,F,AK,YU,F
11:29:08,ICBP,RG,8200,1,F,CC,YU,F
11:28:50,ICBP,RG,8200,1,F,CC,YU,F
11:28:24,ICBP,RG,8225,3,F,AK,YU,F
11:27:59,ICBP,RG,8200,4,F,CC,CC,D
11:27:45,ICBP,RG,8200,2,F,CC,YU,F
11:27:42,ICBP,RG,8225,1,D,EP,YU,F
11:27:39,ICBP,RG,8225,2,F,AK,YU,F
11:27:30,ICBP,RG,8225,3,D,PD,YU,F
11:27:24,ICBP,RG,8225,1,F,AK,YU,F
11:26:54,ICBP,RG,8225,1,F,AK,YU,F
11:26:41,ICBP,RG,8225,3,D,EP,YU,F
11:26:32,ICBP,RG,8200,3,F,CC,CG,F
11:26:26,ICBP,RG,8200,4,F,CC,AK,F
11:26:09,ICBP,RG,8225,2,F,AK,YU,F
11:26:01,ICBP,RG,8200,1,F,CC,AK,F
11:25:46,ICBP,RG,8225,1,D,PD,YU,F
11:25:39,ICBP,RG,8225,1,F,AK,YU,F
11:25:26,ICBP,RG,8200,1,F,CC,AK,F
11:25:09,ICBP,RG,8200,15,F,CC,YU,F
11:25:08,ICBP,RG,8200,4,F,CC,YU,F
11:24:34,ICBP,RG,8200,168,F,CC,YU,D
11:24:34,ICBP,RG,8200,2,F,CC,YP,D
11:24:32,ICBP,RG,8200,20,F,CC,YU,D
11:24:26,ICBP,RG,8200,1,F,CC,AK,F
11:24:09,ICBP,RG,8225,2,F,AK,AT,D
11:24:09,ICBP,RG,8225,2,F,AK,YU,F
11:23:55,ICBP,RG,8225,1,D,CC,YU,F
11:23:52,ICBP,RG,8200,3,F,CC,CG,F
11:23:41,ICBP,RG,8225,1,D,YU,YU,F
11:23:33,ICBP,RG,8200,22,F,CC,PD,D
11:23:25,ICBP,RG,8200,6,F,CC,CC,D
11:23:24,ICBP,RG,8225,2,F,AK,YU,F
11:22:56,ICBP,RG,8200,2,F,CC,AK,F
11:22:03,ICBP,RG,8225,2,D,YU,YU,F
11:21:12,ICBP,RG,8200,2,F,CC,CG,F
11:21:09,ICBP,RG,8225,4,F,AK,YU,F
11:20:40,ICBP,RG,8225,4,D,PD,YU,F
11:20:31,ICBP,RG,8200,15,F,CC,YU,F
11:20:01,ICBP,RG,8200,12,F,CC,YU,D
11:20:01,ICBP,RG,8200,1,D,PD,YU,D
11:20:01,ICBP,RG,8200,3,D,XC,YU,D
11:20:01,ICBP,RG,8200,3,D,NI,YU,D
11:20:01,ICBP,RG,8200,1,D,NI,YU,D
11:20:01,ICBP,RG,8200,2,F,CS,YU,D
11:20:01,ICBP,RG,8200,5,D,SQ,YU,D
11:20:01,ICBP,RG,8200,5,D,PD,YU,D
11:20:01,ICBP,RG,8200,8,D,YP,YU,D
11:20:01,ICBP,RG,8200,2,F,CS,YU,D
11:20:01,ICBP,RG,8200,1,D,YP,YU,D
11:20:01,ICBP,RG,8200,1,D,GR,YU,D
11:20:01,ICBP,RG,8200,2,F,CS,YU,D
11:20:01,ICBP,RG,8200,5,D,LG,YU,D
11:20:01,ICBP,RG,8200,1,D,YP,YU,D
11:20:01,ICBP,RG,8200,2,F,CS,YU,D
11:20:01,ICBP,RG,8200,53,F,CC,YU,D
11:20:00,ICBP,RG,8200,12,F,CC,YU,D
11:19:52,ICBP,RG,8200,2,F,CC,CG,F
11:19:47,ICBP,RG,8200,9,F,CC,YU,F
11:18:47,ICBP,RG,8200,5,F,CC,CC,D
11:18:32,ICBP,RG,8200,1,F,CC,EP,D
11:18:16,ICBP,RG,8200,50,F,CC,YU,D
11:18:12,ICBP,RG,8200,100,F,CC,YU,D
11:18:11,ICBP,RG,8200,4,F,CC,AK,F
11:18:09,ICBP,RG,8225,1,D,XC,YU,F
11:17:12,ICBP,RG,8200,3,F,CC,CG,F
11:16:57,ICBP,RG,8225,1,D,LG,YU,F
11:15:01,ICBP,RG,8200,61,F,CC,YU,D
11:15:01,ICBP,RG,8200,3,F,AK,YU,D
11:15:01,ICBP,RG,8200,2,F,CS,YU,D
11:15:01,ICBP,RG,8200,2,D,CC,YU,D
11:15:01,ICBP,RG,8200,2,D,LG,YU,D
11:15:01,ICBP,RG,8200,4,F,AK,YU,D
11:15:01,ICBP,RG,8200,31,F,CC,YU,D
11:15:00,ICBP,RG,8200,13,F,CC,YU,D
11:14:32,ICBP,RG,8200,3,F,CC,CG,F
11:13:59,ICBP,RG,8200,4,F,CC,CC,D
11:13:37,ICBP,RG,8200,7,F,CC,YP,D
11:12:59,ICBP,RG,8225,4,D,PD,YU,F
11:12:57,ICBP,RG,8200,1,F,CC,PD,D
11:12:41,ICBP,RG,8200,3,F,CC,AK,F
11:12:18,ICBP,RG,8200,138,F,CC,GR,D
11:12:18,ICBP,RG,8200,2,F,CS,GR,D
11:12:18,ICBP,RG,8200,1,D,PD,GR,D
11:12:18,ICBP,RG,8200,5,D,CC,GR,D
11:12:09,ICBP,RG,8225,5,F,AK,YU,F
11:12:09,ICBP,RG,8225,1,F,AK,GR,D
11:11:57,ICBP,RG,8200,10,D,CC,YP,D
11:11:52,ICBP,RG,8200,3,D,CC,CG,F
11:11:17,ICBP,RG,8200,12,D,CC,CC,D
11:11:17,ICBP,RG,8200,2,D,LG,CC,D
11:11:17,ICBP,RG,8200,1,D,PD,CC,D
11:11:17,ICBP,RG,8200,1,D,XC,CC,D
11:11:17,ICBP,RG,8200,1,D,CC,CC,D
11:11:17,ICBP,RG,8200,1,D,CC,CC,D
11:11:17,ICBP,RG,8200,1,D,XC,CC,D
11:11:17,ICBP,RG,8200,2,F,CS,CC,D
11:11:17,ICBP,RG,8200,31,F,CC,CC,D
11:10:59,ICBP,RG,8200,1,F,CC,CC,D
11:10:34,ICBP,RG,8200,70,F,CC,XC,D
11:10:15,ICBP,RG,8200,1,F,CC,AK,F
11:10:01,ICBP,RG,8200,13,F,CC,YU,D
11:10:00,ICBP,RG,8200,103,F,CC,YU,D
11:09:24,ICBP,RG,8225,1,D,YU,GR,D
11:09:24,ICBP,RG,8225,1,D,YU,CC,D
11:09:19,ICBP,RG,8200,5,F,CC,CC,D
11:09:12,ICBP,RG,8200,3,F,CC,CG,F
11:08:46,ICBP,RG,8225,1,D,YU,CC,D
11:07:09,ICBP,RG,8225,8,F,AK,CC,D
11:06:38,ICBP,RG,8225,2,D,CC,YU,F
11:06:32,ICBP,RG,8200,3,F,CC,CG,F
11:05:11,ICBP,RG,8200,4,F,CC,AK,F
11:05:01,ICBP,RG,8200,110,F,CC,YU,D
11:05:01,ICBP,RG,8200,13,F,CC,YU,D
11:04:31,ICBP,RG,8200,6,F,CC,CC,D
11:03:52,ICBP,RG,8200,3,F,CC,CG,F
11:03:44,ICBP,RG,8200,22,F,CC,PD,D
11:03:41,ICBP,RG,8200,1,F,CC,AK,F
11:01:56,ICBP,RG,8200,1,F,CC,AK,F
11:01:44,ICBP,RG,8200,20,F,CC,PD,D
11:01:12,ICBP,RG,8200,3,F,CC,CG,F
11:01:12,ICBP,RG,8225,4,D,PD,YU,F
11:00:47,ICBP,RG,8200,87,F,CC,GR,D
11:00:47,ICBP,RG,8200,1,D,XC,GR,D
11:00:47,ICBP,RG,8200,10,D,CC,GR,D
11:00:47,ICBP,RG,8200,2,D,CC,GR,D
11:00:01,ICBP,RG,8200,8,D,CC,YU,D
11:00:01,ICBP,RG,8200,2,D,YP,YU,D
11:00:01,ICBP,RG,8200,2,D,YP,YU,D
11:00:01,ICBP,RG,8200,4,D,PD,YU,D
11:00:01,ICBP,RG,8200,1,D,XC,YU,D
11:00:01,ICBP,RG,8200,1,F,CS,YU,D
11:00:01,ICBP,RG,8200,5,D,XC,YU,D
11:00:01,ICBP,RG,8200,5,D,YP,YU,D
11:00:01,ICBP,RG,8200,1,D,YP,YU,D
11:00:01,ICBP,RG,8200,20,D,YP,YU,D
11:00:01,ICBP,RG,8200,1,D,PD,YU,D
11:00:01,ICBP,RG,8200,51,F,DX,YU,D
11:00:01,ICBP,RG,8200,13,F,DX,YU,D
10:59:51,ICBP,RG,8200,5,F,DX,CC,D
10:59:49,ICBP,RG,8225,1,D,SQ,YU,F
10:59:45,ICBP,RG,8200,12,F,DX,ZP,F
10:59:31,ICBP,RG,8200,1,F,DX,ZP,F
10:59:28,ICBP,RG,8200,6,F,DX,XC,D
10:59:26,ICBP,RG,8200,2,F,DX,AK,F
10:58:32,ICBP,RG,8200,3,F,DX,CG,F
10:58:19,ICBP,RG,8200,3,F,DX,ZP,F
10:58:17,ICBP,RG,8225,18,F,DX,YU,F
10:58:17,ICBP,RG,8225,2,F,DX,XC,D
10:58:17,ICBP,RG,8225,5,F,DX,YP,D
10:58:08,ICBP,RG,8200,1,F,DX,ZP,F
10:58:07,ICBP,RG,8200,2,F,DX,NI,D
10:58:02,ICBP,RG,8200,1,F,DX,ZP,F
10:58:02,ICBP,RG,8200,1,D,XC,ZP,F
10:58:02,ICBP,RG,8200,4,D,YP,ZP,F
10:58:01,ICBP,RG,8200,6,D,YP,PD,D
10:57:59,ICBP,RG,8200,3,D,AZ,YU,D
10:57:59,ICBP,RG,8200,3,D,AZ,YU,D
10:57:59,ICBP,RG,8200,2,D,EP,YU,D
10:57:59,ICBP,RG,8200,1,F,AK,YU,D
10:57:59,ICBP,RG,8200,1,D,PD,YU,D
10:57:59,ICBP,RG,8200,1,D,KK,YU,D
10:57:59,ICBP,RG,8200,2,D,LG,YU,D
10:57:59,ICBP,RG,8200,2,F,CS,YU,D
10:57:59,ICBP,RG,8200,2,F,CS,YU,D
10:57:59,ICBP,RG,8200,3,D,PD,YU,D
10:57:59,ICBP,RG,8200,4,D,PD,YU,D
10:57:59,ICBP,RG,8200,3,D,DH,YU,D
10:57:59,ICBP,RG,8200,1,F,CS,YU,D
10:57:59,ICBP,RG,8200,1,F,CS,YU,D
10:57:59,ICBP,RG,8200,1,D,PD,YU,D
10:57:59,ICBP,RG,8200,2,D,XC,YU,D
10:57:59,ICBP,RG,8200,1,D,PD,YU,D
10:57:59,ICBP,RG,8200,1,F,CS,YU,D
10:57:59,ICBP,RG,8200,3,D,SQ,YU,D
10:57:59,ICBP,RG,8200,1,D,CC,YU,D
10:57:59,ICBP,RG,8200,1,F,CS,YU,D
10:57:59,ICBP,RG,8200,2,D,PD,YU,D
10:57:59,ICBP,RG,8200,9,D,YP,YU,D
10:57:22,ICBP,RG,8225,2,D,YU,YP,D
10:57:11,ICBP,RG,8200,1,D,YP,AK,F
10:57:09,ICBP,RG,8225,7,F,AK,YU,D
10:57:09,ICBP,RG,8225,6,F,AK,YU,D
10:57:00,ICBP,RG,8225,47,F,DX,YU,D
10:57:00,ICBP,RG,8225,5,F,DX,CC,D
10:57:00,ICBP,RG,8225,18,F,DX,ZP,F
10:56:32,ICBP,RG,8225,1,D,PD,ZP,F
10:56:24,ICBP,RG,8225,1,D,PD,ZP,F
10:56:11,ICBP,RG,8200,1,F,CS,AK,F
10:55:52,ICBP,RG,8200,1,F,CS,CG,F
10:55:52,ICBP,RG,8200,2,F,AK,CG,F
10:55:14,ICBP,RG,8225,2,D,PD,ZP,F
10:55:05,ICBP,RG,8200,4,D,YP,CC,D
10:55:00,ICBP,RG,8200,12,D,YP,YU,D
10:55:00,ICBP,RG,8200,84,D,YP,YU,D
10:55:00,ICBP,RG,8200,1,D,YP,YU,D
10:55:00,ICBP,RG,8200,2,F,CS,YU,D
10:55:00,ICBP,RG,8200,19,F,CC,YU,D
10:54:56,ICBP,RG,8200,1,F,CC,AK,F
10:54:33,ICBP,RG,8225,2,D,CC,ZP,F
10:54:20,ICBP,RG,8225,1,D,XC,ZP,F
10:54:11,ICBP,RG,8225,1,D,YP,ZP,F
10:53:28,ICBP,RG,8225,38,F,DX,ZP,F
10:53:28,ICBP,RG,8225,12,F,DX,YU,F
10:53:12,ICBP,RG,8200,2,F,CC,CG,F
10:52:32,ICBP,RG,8225,1,D,YU,YU,F
10:51:41,ICBP,RG,8200,11,F,CC,ZP,F
10:51:40,ICBP,RG,8200,97,F,CC,YU,D
10:50:31,ICBP,RG,8200,1,F,CC,ZP,F
10:50:30,ICBP,RG,8200,1,F,CC,ZP,F
10:50:27,ICBP,RG,8225,9,F,DX,YU,F
10:50:27,ICBP,RG,8225,1,F,DX,CG,F
10:50:27,ICBP,RG,8225,5,F,DX,YU,D
10:50:19,ICBP,RG,8200,7,F,CC,CC,D
10:50:04,ICBP,RG,8200,2,F,CC,ZP,F
10:50:01,ICBP,RG,8200,14,F,CC,YU,D
10:49:24,ICBP,RG,8200,2,F,CC,ZP,F
10:49:21,ICBP,RG,8225,1,F,DX,YU,D
10:49:21,ICBP,RG,8225,19,F,DX,YU,D
10:49:13,ICBP,RG,8200,3,F,CC,ZP,F
10:49:11,ICBP,RG,8200,22,F,CC,PD,D
10:49:05,ICBP,RG,8200,9,F,CC,ZP,F
10:49:03,ICBP,RG,8225,4,D,PD,YU,D
10:49:02,ICBP,RG,8225,34,F,DX,YU,D
10:49:02,ICBP,RG,8225,1,F,DX,CG,F
10:49:02,ICBP,RG,8225,3,F,DX,AK,F
10:49:02,ICBP,RG,8225,1,F,DX,CG,F
10:49:02,ICBP,RG,8225,1,F,DX,AK,F
10:49:02,ICBP,RG,8225,32,F,DX,YU,F
10:49:02,ICBP,RG,8225,7,F,DX,YU,F
10:49:02,ICBP,RG,8225,1,F,DX,CG,F
10:48:52,ICBP,RG,8200,6,F,CC,ZP,F
10:48:49,ICBP,RG,8200,50,F,CC,YU,D
10:48:47,ICBP,RG,8200,8,F,CC,ZP,F
10:48:45,ICBP,RG,8200,78,F,CC,YU,D
10:47:52,ICBP,RG,8200,1,F,CC,CG,F
10:47:46,ICBP,RG,8200,1,F,CC,ZP,F
10:47:43,ICBP,RG,8200,4,F,CC,PD,D
10:47:12,ICBP,RG,8200,13,F,CC,ZP,F
10:47:09,ICBP,RG,8225,1,D,NI,YP,D
10:47:08,ICBP,RG,8200,12,F,CC,YU,D
10:47:08,ICBP,RG,8200,107,F,CC,YU,D
10:46:39,ICBP,RG,8225,1,D,PD,YP,D
10:46:37,ICBP,RG,8200,1,F,CC,ZP,F
10:46:34,ICBP,RG,8225,4,D,PD,YP,D
10:46:02,ICBP,RG,8200,3,F,CC,ZP,F
10:46:00,ICBP,RG,8200,25,F,CC,YU,D
10:46:00,ICBP,RG,8200,2,F,CS,YU,D
10:46:00,ICBP,RG,8200,3,D,CC,YU,D
10:45:56,ICBP,RG,8225,5,D,CC,YP,D
10:45:45,ICBP,RG,8200,1,D,AI,ZP,F
10:45:41,ICBP,RG,8200,4,D,AI,CC,D
10:45:09,ICBP,RG,8225,2,D,YU,YP,D
10:44:45,ICBP,RG,8200,1,D,YP,NI,D
10:44:20,ICBP,RG,8200,5,D,NI,ZP,F
10:44:20,ICBP,RG,8200,2,F,CS,ZP,F
10:44:20,ICBP,RG,8200,6,F,DX,ZP,F
10:44:17,ICBP,RG,8200,13,F,DX,YU,D
10:44:17,ICBP,RG,8200,81,F,DX,YU,D
10:44:17,ICBP,RG,8200,1,D,LG,YU,D
10:44:17,ICBP,RG,8200,1,F,CS,YU,D
10:44:17,ICBP,RG,8200,2,F,AK,YU,D
10:44:17,ICBP,RG,8200,2,F,AK,YU,D
10:44:17,ICBP,RG,8200,16,F,CC,YU,D
10:43:17,ICBP,RG,8200,2,F,CC,AT,D
10:43:07,ICBP,RG,8200,1,F,CC,ZP,F
10:43:06,ICBP,RG,8225,3,F,XA,YP,D
10:42:34,ICBP,RG,8200,3,F,CC,ZP,F
10:42:32,ICBP,RG,8225,7,F,DX,YP,D
10:42:32,ICBP,RG,8225,1,F,DX,AK,F
10:42:32,ICBP,RG,8225,22,F,DX,CC,D
10:42:04,ICBP,RG,8200,5,F,CC,ZP,F
10:42:02,ICBP,RG,8225,10,F,AK,CC,D
10:42:00,ICBP,RG,8200,34,F,CC,YU,D
10:41:50,ICBP,RG,8200,1,F,CC,ZP,F
10:41:48,ICBP,RG,8225,6,D,YP,CC,D
10:41:36,ICBP,RG,8200,6,F,CC,ZP,F
10:41:34,ICBP,RG,8225,12,F,DX,CC,D
10:41:34,ICBP,RG,8225,1,F,DX,YP,D
10:41:34,ICBP,RG,8225,47,F,DX,PD,D
10:41:27,ICBP,RG,8200,6,F,CC,ZP,F
10:41:25,ICBP,RG,8200,12,F,CC,YU,D
10:41:25,ICBP,RG,8200,104,F,CC,YU,D
10:41:10,ICBP,RG,8225,1,D,EP,PD,D
10:41:09,ICBP,RG,8200,6,F,CC,CC,D
10:40:47,ICBP,RG,8225,2,F,DX,PD,D
10:40:47,ICBP,RG,8225,7,F,DX,DH,D
10:40:47,ICBP,RG,8225,2,F,DX,SQ,D
10:40:47,ICBP,RG,8225,1,F,DX,XC,D
10:40:47,ICBP,RG,8225,8,F,DX,NI,D
10:40:24,ICBP,RG,8225,2,D,PD,NI,D
10:39:01,ICBP,RG,8225,1,D,CC,NI,D
10:38:52,ICBP,RG,8225,5,D,PD,NI,D
10:38:46,ICBP,RG,8225,2,D,DH,NI,D
10:38:46,ICBP,RG,8225,1,D,DH,PD,D
10:38:26,ICBP,RG,8200,5,F,CC,AK,F
10:38:09,ICBP,RG,8225,1,D,EP,PD,D
10:37:57,ICBP,RG,8225,1,D,YP,PD,D
10:37:37,ICBP,RG,8225,1,D,YU,PD,D
10:36:55,ICBP,RG,8225,1,D,PP,YU,D
10:36:40,ICBP,RG,8225,1,D,PP,YU,D
10:36:39,ICBP,RG,8200,3,F,CC,NI,D
10:36:25,ICBP,RG,8200,5,F,CC,CC,D
10:35:52,ICBP,RG,8225,5,D,CC,YU,D
10:35:42,ICBP,RG,8225,1,D,EP,YU,D
10:35:29,ICBP,RG,8225,1,D,XC,YU,D
10:35:13,ICBP,RG,8225,30,F,DX,YU,D
10:34:39,ICBP,RG,8225,10,F,AK,YU,D
10:34:15,ICBP,RG,8225,7,D,DH,YU,D
10:34:15,ICBP,RG,8225,7,D,DH,YU,D
10:34:15,ICBP,RG,8225,1,D,DH,XC,D
10:34:15,ICBP,RG,8225,5,D,DH,YP,D
10:34:14,ICBP,RG,8225,1,D,YP,YP,D
10:33:11,ICBP,RG,8225,2,D,YU,YP,D
10:32:36,ICBP,RG,8225,36,F,DX,YP,D
10:32:32,ICBP,RG,8225,56,F,DX,YP,D
10:32:32,ICBP,RG,8225,9,F,DX,DH,D
10:32:32,ICBP,RG,8225,57,F,DX,YU,D
10:32:32,ICBP,RG,8225,6,F,DX,YU,D
10:32:32,ICBP,RG,8225,53,F,DX,ZP,F
10:32:32,ICBP,RG,8225,2,F,DX,PD,D
10:32:32,ICBP,RG,8225,1,F,DX,CC,D
10:32:32,ICBP,RG,8225,100,F,DX,YB,D
10:32:32,ICBP,RG,8225,16,F,DX,YJ,D
10:32:29,ICBP,RG,8200,1,F,CC,ZP,F
10:32:27,ICBP,RG,8225,12,D,YP,YJ,D
10:32:03,ICBP,RG,8225,4,D,PD,YJ,D
10:30:13,ICBP,RG,8200,24,F,CC,ZP,F
10:30:10,ICBP,RG,8200,66,F,CC,BK,F
10:30:10,ICBP,RG,8200,1,F,CS,BK,F
10:30:10,ICBP,RG,8200,164,F,CC,BK,F
10:30:06,ICBP,RG,8200,36,F,CC,PD,D
10:30:06,ICBP,RG,8200,2,F,CS,PD,D
10:30:06,ICBP,RG,8200,50,F,DX,PD,D
10:30:06,ICBP,RG,8200,2,F,AK,PD,D
10:30:06,ICBP,RG,8200,2,F,CS,PD,D
10:30:06,ICBP,RG,8200,2,D,PD,PD,D
10:30:06,ICBP,RG,8200,106,F,CC,PD,D
10:28:32,ICBP,RG,8200,6,F,CC,CC,D
10:28:32,ICBP,RG,8200,2,F,CC,CG,F
10:28:32,ICBP,RG,8200,7,F,CC,YU,D
10:28:32,ICBP,RG,8200,52,F,CC,YU,D
10:28:32,ICBP,RG,8200,20,F,CC,NI,D
10:28:32,ICBP,RG,8200,34,F,CC,ZP,F
10:28:32,ICBP,RG,8200,3,F,CC,CG,F
10:28:32,ICBP,RG,8200,15,F,CC,YU,D
10:28:32,ICBP,RG,8200,1,F,CC,CG,F
10:28:32,ICBP,RG,8200,26,F,CC,YU,F
10:28:32,ICBP,RG,8200,135,F,CC,BK,F
10:28:32,ICBP,RG,8200,2,F,CC,CC,F
10:28:32,ICBP,RG,8200,3,F,CC,YU,F
10:28:32,ICBP,RG,8200,3,F,CC,YU,F
10:28:32,ICBP,RG,8200,1,F,CC,AK,F
10:28:32,ICBP,RG,8200,5,F,CC,CG,F
10:28:32,ICBP,RG,8200,10,F,CC,YP,D
10:28:32,ICBP,RG,8200,1,F,CC,PD,D
10:28:32,ICBP,RG,8200,23,F,CC,YU,F
10:28:32,ICBP,RG,8200,45,F,CC,PD,D
10:27:33,ICBP,RG,8175,1,F,CC,YP,D
10:27:24,ICBP,RG,8200,4,D,PD,PD,D
10:27:24,ICBP,RG,8200,1,F,AK,PD,D
10:27:24,ICBP,RG,8200,2,F,AK,CG,F
10:27:24,ICBP,RG,8200,3,F,AK,CG,F
10:27:09,ICBP,RG,8175,5,F,CC,CC,D
10:26:25,ICBP,RG,8200,1,D,CC,CG,F
10:25:51,ICBP,RG,8200,6,F,DX,CG,F
10:25:51,ICBP,RG,8200,2,F,DX,CG,F
10:25:51,ICBP,RG,8200,7,F,DX,CG,F
10:25:51,ICBP,RG,8200,29,F,DX,YU,F
10:25:51,ICBP,RG,8200,2,F,DX,CG,F
10:25:51,ICBP,RG,8200,15,F,DX,CG,F
10:25:51,ICBP,RG,8200,39,F,DX,ZP,F
10:25:04,ICBP,RG,8175,1,F,CC,ZP,F
10:25:02,ICBP,RG,8175,7,F,CC,ZP,F
10:25:01,ICBP,RG,8175,13,F,CC,YU,D
10:25:00,ICBP,RG,8175,109,F,CC,YU,D
10:24:14,ICBP,RG,8175,5,F,CC,EP,D
10:24:07,ICBP,RG,8200,2,D,XC,ZP,F
10:24:01,ICBP,RG,8200,3,D,DH,ZP,F
10:23:36,ICBP,RG,8200,1,D,XC,ZP,F
10:23:22,ICBP,RG,8175,13,F,CC,ZP,F
10:23:20,ICBP,RG,8200,3,F,DX,ZP,F
10:23:20,ICBP,RG,8200,1,F,DX,YU,F
10:23:20,ICBP,RG,8200,9,F,DX,CG,F
10:23:20,ICBP,RG,8200,24,F,DX,CG,F
10:23:20,ICBP,RG,8200,16,F,DX,CG,F
10:23:20,ICBP,RG,8200,6,F,DX,CG,F
10:23:20,ICBP,RG,8200,3,F,DX,CC,F
10:23:20,ICBP,RG,8200,2,F,DX,CG,F
10:23:20,ICBP,RG,8200,8,F,DX,CG,F
10:23:20,ICBP,RG,8200,10,F,DX,GR,D
10:23:20,ICBP,RG,8200,7,F,DX,CG,F
10:23:20,ICBP,RG,8200,24,F,DX,YU,F
10:23:20,ICBP,RG,8200,1,F,DX,AK,F
10:23:20,ICBP,RG,8200,1,F,DX,AK,F
10:23:20,ICBP,RG,8200,5,F,DX,NI,D
10:23:20,ICBP,RG,8200,8,F,DX,CG,F
10:23:20,ICBP,RG,8200,3,F,DX,CC,D
10:23:20,ICBP,RG,8200,15,F,DX,YU,D
10:23:20,ICBP,RG,8200,3,F,DX,CG,F
10:23:20,ICBP,RG,8200,1,F,DX,YU,D
10:23:20,ICBP,RG,8175,2,F,CC,ZP,F
10:23:19,ICBP,RG,8200,10,D,YP,YU,D
10:23:14,ICBP,RG,8200,2,D,PP,YU,D
10:22:42,ICBP,RG,8175,5,F,CC,CC,D
10:22:38,ICBP,RG,8175,1,F,CC,ZP,F
10:22:36,ICBP,RG,8200,1,D,PD,YU,D
10:22:35,ICBP,RG,8200,4,F,XA,YU,D
10:22:35,ICBP,RG,8200,3,F,XA,CG,F
10:22:07,ICBP,RG,8200,1,D,YU,CG,F
10:22:03,ICBP,RG,8175,1,F,CC,CG,F
10:22:03,ICBP,RG,8175,1,F,CC,ZP,F
10:22:01,ICBP,RG,8200,8,D,LG,YU,F
10:21:48,ICBP,RG,8175,1,F,CC,CG,F
10:21:48,ICBP,RG,8175,1,F,CC,ZP,F
10:21:45,ICBP,RG,8175,1,F,CC,AK,F
10:21:13,ICBP,RG,8200,1,D,XC,YU,F
10:20:51,ICBP,RG,8200,1,D,YP,YU,F
10:20:48,ICBP,RG,8200,2,D,YU,YU,F
10:20:37,ICBP,RG,8175,1,F,CC,CG,F
10:20:36,ICBP,RG,8175,2,F,CC,ZP,F
10:20:35,ICBP,RG,8175,2,F,CC,CG,F
10:20:34,ICBP,RG,8200,11,D,XC,YU,F
10:20:06,ICBP,RG,8175,2,F,CC,CG,F
10:20:05,ICBP,RG,8175,1,F,CC,ZP,F
10:20:03,ICBP,RG,8175,15,F,CC,ZP,F
10:20:02,ICBP,RG,8175,13,F,CC,YU,D
10:20:01,ICBP,RG,8175,27,F,CC,YU,D
10:20:01,ICBP,RG,8175,1,D,XC,YU,D
10:20:01,ICBP,RG,8175,1,D,XC,YU,D
10:20:01,ICBP,RG,8175,4,D,AO,YU,D
10:20:01,ICBP,RG,8175,1,D,AO,YU,D
10:20:01,ICBP,RG,8175,2,D,DH,YU,D
10:20:01,ICBP,RG,8175,1,D,YP,YU,D
10:20:01,ICBP,RG,8175,14,D,XC,YU,D
10:20:01,ICBP,RG,8175,1,D,NI,YU,D
10:20:01,ICBP,RG,8175,1,D,NI,YU,D
10:20:01,ICBP,RG,8175,82,D,YP,YU,D
10:19:45,ICBP,RG,8175,1,D,YP,ZP,F
10:19:43,ICBP,RG,8200,4,F,AK,YU,F
10:19:43,ICBP,RG,8200,1,F,AK,XC,D
10:19:43,ICBP,RG,8200,1,F,AK,CG,F
10:19:42,ICBP,RG,8200,1,D,CC,YU,F
10:18:59,ICBP,RG,8175,2,D,YP,ZP,F
10:18:56,ICBP,RG,8200,7,D,OD,YU,F
10:18:56,ICBP,RG,8175,7,D,YP,AK,F
10:18:51,ICBP,RG,8200,1,D,LG,YU,F
10:18:47,ICBP,RG,8175,1,D,YP,XC,D
10:18:14,ICBP,RG,8175,4,D,YP,CC,D
10:17:05,ICBP,RG,8200,1,D,LS,YU,F
10:15:10,ICBP,RG,8175,1,D,YP,ZP,F
10:15:09,ICBP,RG,8200,5,F,AK,YU,F
10:14:19,ICBP,RG,8175,13,D,YP,ZP,F
10:14:17,ICBP,RG,8200,8,F,DX,YU,F
10:14:17,ICBP,RG,8200,5,F,DX,CG,F
10:14:17,ICBP,RG,8200,2,F,DX,CG,F
10:14:17,ICBP,RG,8200,2,F,DX,KK,D
10:14:17,ICBP,RG,8200,6,F,DX,CG,F
10:14:17,ICBP,RG,8200,5,F,DX,PD,D
10:14:17,ICBP,RG,8200,21,F,DX,YU,F
10:14:17,ICBP,RG,8200,9,F,DX,CG,F
10:14:17,ICBP,RG,8200,2,F,DX,CG,F
10:14:17,ICBP,RG,8200,54,F,DX,YP,D
10:14:17,ICBP,RG,8200,2,F,DX,CG,F
10:14:17,ICBP,RG,8200,2,F,DX,CG,F
10:14:17,ICBP,RG,8200,4,F,DX,CG,F
10:14:17,ICBP,RG,8200,11,F,DX,CG,F
10:14:17,ICBP,RG,8200,2,F,DX,CG,F
10:14:17,ICBP,RG,8200,2,F,DX,CG,F
10:14:17,ICBP,RG,8200,3,F,DX,CG,F
10:14:17,ICBP,RG,8200,16,F,DX,YU,F
10:14:17,ICBP,RG,8200,2,F,DX,CG,F
10:14:17,ICBP,RG,8200,8,F,DX,ZP,F
10:14:17,ICBP,RG,8200,2,F,DX,CG,F
10:14:17,ICBP,RG,8200,9,F,DX,CG,F
10:14:17,ICBP,RG,8200,12,F,DX,CG,F
10:14:17,ICBP,RG,8200,1,F,DX,YU,F
10:14:17,ICBP,RG,8200,10,F,DX,BK,F
10:13:58,ICBP,RG,8175,1,D,YP,ZP,F
10:13:55,ICBP,RG,8175,1,D,YP,CG,F
10:13:54,ICBP,RG,8200,4,D,PD,BK,F
10:13:51,ICBP,RG,8175,1,D,YP,ZP,F
10:13:50,ICBP,RG,8175,1,D,YP,CG,F
10:13:48,ICBP,RG,8175,6,D,YP,CC,D
10:13:48,ICBP,RG,8175,1,D,YP,CG,F
10:13:44,ICBP,RG,8200,2,D,CC,BK,F
10:13:26,ICBP,RG,8175,3,D,YP,ZP,F
10:13:23,ICBP,RG,8175,4,D,YP,CG,F
10:13:22,ICBP,RG,8175,26,D,YP,CG,F
10:13:21,ICBP,RG,8175,17,D,YP,ZP,F
10:13:20,ICBP,RG,8175,33,D,YP,YU,D
10:13:20,ICBP,RG,8175,13,D,YP,YU,D
10:13:20,ICBP,RG,8175,104,D,YP,YU,D
10:13:04,ICBP,RG,8175,1,D,YP,ZP,F
10:13:03,ICBP,RG,8175,2,D,YP,CG,F
10:13:03,ICBP,RG,8175,10,D,YP,YP,D
10:11:59,ICBP,RG,8175,1,D,YP,ZP,F
10:11:58,ICBP,RG,8175,1,D,YP,CG,F
10:11:57,ICBP,RG,8175,2,D,YP,YU,F
10:11:54,ICBP,RG,8200,3,F,AK,BK,F
10:11:41,ICBP,RG,8200,1,D,LG,BK,F
10:11:23,ICBP,RG,8175,1,D,YP,CG,F
10:11:22,ICBP,RG,8175,3,D,YP,CG,F
10:10:46,ICBP,RG,8175,1,D,YP,ZP,F
10:10:43,ICBP,RG,8175,1,D,YP,CG,F
10:10:42,ICBP,RG,8200,7,D,YP,BK,F
10:09:30,ICBP,RG,8175,1,D,YP,ZP,F
10:09:27,ICBP,RG,8175,2,D,YP,CG,F
10:09:26,ICBP,RG,8175,1,D,YP,ZP,F
10:09:25,ICBP,RG,8175,6,D,YP,YP,D
10:09:23,ICBP,RG,8175,1,D,YP,CG,F
10:09:22,ICBP,RG,8175,5,D,YP,CC,D
10:08:53,ICBP,RG,8200,2,D,YU,BK,F
10:08:29,ICBP,RG,8175,2,D,YP,ZP,F
10:08:28,ICBP,RG,8175,1,D,YP,CG,F
10:08:27,ICBP,RG,8175,2,D,YP,CG,F
10:08:27,ICBP,RG,8175,3,D,YP,CG,F
10:08:26,ICBP,RG,8175,12,D,YP,YP,D
10:08:04,ICBP,RG,8175,1,D,YP,YU,F
10:07:37,ICBP,RG,8175,1,D,YP,ZP,F
10:07:36,ICBP,RG,8175,3,D,YP,CG,F
10:07:35,ICBP,RG,8175,2,D,YP,ZP,F
10:07:33,ICBP,RG,8175,14,D,YP,ZP,F
10:07:33,ICBP,RG,8175,1,D,YP,CG,F
10:07:32,ICBP,RG,8175,21,D,YP,CG,F
10:07:30,ICBP,RG,8175,109,D,YP,YU,D
10:07:30,ICBP,RG,8175,13,D,YP,YU,D
10:07:28,ICBP,RG,8175,1,D,YP,CG,F
10:07:25,ICBP,RG,8175,5,D,YP,PD,D
10:05:29,ICBP,RG,8175,1,D,YP,ZP,F
10:05:27,ICBP,RG,8175,1,D,YP,CG,F
10:05:27,ICBP,RG,8175,2,D,YP,CG,F
10:05:08,ICBP,RG,8200,2,D,OD,BK,F
10:04:58,ICBP,RG,8175,1,D,YP,CG,F
10:04:54,ICBP,RG,8175,4,D,YP,CC,D
10:04:24,ICBP,RG,8175,1,D,YP,ZP,F
10:04:21,ICBP,RG,8175,2,D,YP,YU,F
10:04:04,ICBP,RG,8200,1,D,NI,BK,F
10:04:03,ICBP,RG,8175,1,D,YP,CG,F
10:03:58,ICBP,RG,8175,2,D,YP,CG,F
10:03:57,ICBP,RG,8175,2,D,YP,ZP,F
10:03:55,ICBP,RG,8175,14,D,YP,YU,D
10:03:23,ICBP,RG,8175,1,D,YP,CG,F
10:03:22,ICBP,RG,8200,2,D,PD,BK,F
10:02:44,ICBP,RG,8200,1,D,NI,BK,F
10:02:36,ICBP,RG,8175,2,D,YP,ZP,F
10:02:34,ICBP,RG,8175,1,D,YP,ZP,F
10:02:33,ICBP,RG,8175,2,D,YP,CG,F
10:02:32,ICBP,RG,8175,12,D,YP,ZP,F
10:02:32,ICBP,RG,8175,1,D,YP,CG,F
10:02:31,ICBP,RG,8175,20,D,YP,CG,F
10:02:30,ICBP,RG,8175,13,D,YP,YU,D
10:02:30,ICBP,RG,8175,101,D,YP,YU,D
10:02:28,ICBP,RG,8175,1,D,YP,ZP,F
10:02:27,ICBP,RG,8175,1,D,YP,CG,F
10:02:26,ICBP,RG,8175,3,D,YP,AK,F
10:02:13,ICBP,RG,8175,1,D,YP,CG,F
10:02:10,ICBP,RG,8200,5,D,PD,BK,F
10:01:17,ICBP,RG,8175,1,D,YP,NI,D
10:00:45,ICBP,RG,8175,1,D,YP,ZP,F
10:00:43,ICBP,RG,8175,1,D,YP,CG,F
10:00:40,ICBP,RG,8175,7,D,YP,ZP,F
10:00:39,ICBP,RG,8175,63,D,YP,CC,D
10:00:34,ICBP,RG,8175,1,D,YP,YU,F
10:00:23,ICBP,RG,8175,1,D,YP,ZP,F
10:00:22,ICBP,RG,8200,1,D,PD,BK,F
10:00:20,ICBP,RG,8175,7,D,YP,CC,D
9:58:49,ICBP,RG,8175,1,D,YP,GR,D
9:57:53,ICBP,RG,8175,1,D,YP,ZP,F
9:57:51,ICBP,RG,8200,8,D,DR,BK,F
9:56:42,ICBP,RG,8200,1,D,YP,BK,F
9:56:42,ICBP,RG,8175,13,D,YP,ZP,F
9:56:40,ICBP,RG,8175,13,D,YP,YU,D
9:56:40,ICBP,RG,8175,102,D,YP,YU,D
9:56:40,ICBP,RG,8200,1,D,PD,BK,F
9:56:34,ICBP,RG,8200,2,D,YU,KK,D
9:56:08,ICBP,RG,8200,1,D,YP,KK,D
9:55:56,ICBP,RG,8200,1,D,XC,KK,D
9:55:54,ICBP,RG,8175,1,D,YP,ZP,F
9:55:51,ICBP,RG,8200,3,F,CS,KK,D
9:55:51,ICBP,RG,8200,1,F,CS,KK,D
9:55:51,ICBP,RG,8200,2,D,XA,KK,D
9:55:34,ICBP,RG,8200,6,D,XA,CC,D
9:55:32,ICBP,RG,8200,1,D,XA,ZP,F
9:55:31,ICBP,RG,8200,2,D,XA,ZP,F
9:55:30,ICBP,RG,8200,2,D,XA,ZP,F
9:55:28,ICBP,RG,8200,17,D,XA,CG,F
9:55:28,ICBP,RG,8200,1,D,CC,CG,F
9:55:28,ICBP,RG,8200,2,D,GR,CG,F
9:55:28,ICBP,RG,8200,1,D,PD,CG,F
9:55:28,ICBP,RG,8200,1,D,PD,CG,F
9:55:28,ICBP,RG,8200,3,D,NI,CG,F
9:55:28,ICBP,RG,8200,2,D,NI,ZP,F
9:55:28,ICBP,RG,8200,5,D,AT,ZP,F
9:55:28,ICBP,RG,8200,5,D,DR,ZP,F
9:55:27,ICBP,RG,8200,4,D,DR,CG,F
9:55:27,ICBP,RG,8200,1,D,DR,CG,F
9:55:27,ICBP,RG,8200,1,D,SQ,CG,F
9:55:27,ICBP,RG,8200,1,D,PD,CG,F
9:55:27,ICBP,RG,8200,1,D,YP,CG,F
9:55:27,ICBP,RG,8200,2,D,RG,CG,F
9:55:27,ICBP,RG,8200,1,D,YP,CG,F
9:55:27,ICBP,RG,8200,1,D,SQ,CG,F
9:55:27,ICBP,RG,8200,8,D,YJ,CG,F
9:55:27,ICBP,RG,8200,92,D,YJ,CC,D
9:55:27,ICBP,RG,8200,2,D,CC,CC,D
9:55:27,ICBP,RG,8200,1,D,LG,CC,D
9:55:27,ICBP,RG,8200,3,F,CS,CC,D
9:55:27,ICBP,RG,8200,8,D,YJ,CC,D
9:54:43,ICBP,RG,8200,2,D,YJ,ZP,F
9:54:38,ICBP,RG,8200,20,D,YJ,NI,D
9:53:13,ICBP,RG,8200,1,D,YJ,XC,D
9:53:11,ICBP,RG,8200,1,D,YJ,ZP,F
9:53:09,ICBP,RG,8200,3,D,YJ,DX,D
9:52:55,ICBP,RG,8200,3,D,YJ,ZP,F
9:52:51,ICBP,RG,8200,30,D,YJ,CC,D
9:52:37,ICBP,RG,8200,1,D,YJ,ZP,F
9:52:35,ICBP,RG,8225,12,D,DH,YJ,D
9:52:10,ICBP,RG,8200,1,D,YJ,ZP,F
9:52:08,ICBP,RG,8200,2,D,YJ,ZP,F
9:52:07,ICBP,RG,8200,1,D,YJ,CG,F
9:52:06,ICBP,RG,8200,25,D,YJ,CG,F
9:52:06,ICBP,RG,8200,1,D,YJ,ZP,F
9:52:04,ICBP,RG,8225,10,D,CC,YJ,D
9:51:14,ICBP,RG,8200,1,D,YJ,ZP,F
9:51:11,ICBP,RG,8225,2,D,PD,YJ,D
9:51:02,ICBP,RG,8200,1,D,NI,YU,F
9:51:02,ICBP,RG,8200,4,D,NI,CG,F
9:51:02,ICBP,RG,8200,16,D,NI,YU,F
9:51:02,ICBP,RG,8200,1,D,NI,CC,F
9:51:02,ICBP,RG,8200,4,D,NI,CG,F
9:51:02,ICBP,RG,8200,1,D,NI,ZP,F
9:51:01,ICBP,RG,8200,1,D,XC,ZP,F
9:50:46,ICBP,RG,8200,1,D,PD,ZP,F
9:50:46,ICBP,RG,8200,1,D,PD,YU,F
9:50:13,ICBP,RG,8175,2,D,YP,ZP,F
9:50:12,ICBP,RG,8175,2,D,YP,CG,F
9:50:11,ICBP,RG,8200,1,D,TP,YP,D
9:50:11,ICBP,RG,8200,17,D,TP,YU,F
9:50:11,ICBP,RG,8200,2,D,TP,CC,F
9:50:03,ICBP,RG,8175,14,D,YP,ZP,F
9:50:01,ICBP,RG,8175,10,D,YP,CG,F
9:50:00,ICBP,RG,8175,12,D,YP,YU,D
9:50:00,ICBP,RG,8175,113,D,YP,YU,D
9:49:49,ICBP,RG,8200,1,D,LG,YP,D
9:49:48,ICBP,RG,8200,1,D,XC,YP,D
9:49:47,ICBP,RG,8175,1,D,YP,CG,F
9:49:45,ICBP,RG,8200,10,D,TP,YP,D
9:49:16,ICBP,RG,8200,1,D,YP,YP,D
9:49:12,ICBP,RG,8200,1,D,XC,CC,D
9:48:58,ICBP,RG,8200,1,D,NI,CC,D
9:48:52,ICBP,RG,8200,2,D,KK,CC,D
9:48:52,ICBP,RG,8200,1,D,KK,PD,D
9:48:22,ICBP,RG,8200,1,D,XC,ZP,F
9:48:08,ICBP,RG,8200,3,D,TP,ZP,F
9:48:08,ICBP,RG,8200,7,D,TP,YP,D
9:46:49,ICBP,RG,8175,3,D,YP,ZP,F
9:46:46,ICBP,RG,8200,25,D,YP,YP,D
9:46:36,ICBP,RG,8175,18,D,YP,ZP,F
9:46:35,ICBP,RG,8200,2,F,AK,YP,D
9:46:35,ICBP,RG,8200,2,F,CS,YP,D
9:46:35,ICBP,RG,8200,2,F,CS,YP,D
9:46:35,ICBP,RG,8200,2,F,AK,YP,D
9:46:35,ICBP,RG,8200,2,F,AK,YP,D
9:46:35,ICBP,RG,8200,3,F,CS,YP,D
9:46:35,ICBP,RG,8200,155,D,AT,YP,D
9:46:33,ICBP,RG,8200,3,D,AT,ZP,F
9:46:32,ICBP,RG,8200,25,D,AT,SQ,D
9:46:06,ICBP,RG,8200,3,D,AT,ZP,F
9:46:05,ICBP,RG,8200,5,D,AT,ZP,F
9:46:04,ICBP,RG,8200,26,D,AT,YU,F
9:46:04,ICBP,RG,8200,1,D,AT,YU,F
9:46:04,ICBP,RG,8200,1,D,AT,YU,F
9:46:04,ICBP,RG,8200,43,D,AT,PD,D
9:46:04,ICBP,RG,8200,9,D,AT,ZP,F
9:46:04,ICBP,RG,8200,79,D,AT,YU,F
9:45:54,ICBP,RG,8200,1,D,NI,YU,F
9:45:05,ICBP,RG,8200,2,D,XC,YU,F
9:45:01,ICBP,RG,8175,13,D,YP,ZP,F
9:45:00,ICBP,RG,8175,13,D,YP,YU,D
9:45:00,ICBP,RG,8175,103,D,YP,YU,D
9:44:53,ICBP,RG,8175,2,D,YP,PD,D
9:44:49,ICBP,RG,8175,1,D,YP,ZP,F
9:44:46,ICBP,RG,8200,2,D,XC,YU,F
9:44:36,ICBP,RG,8200,1,D,PD,YU,F
9:44:29,ICBP,RG,8175,3,D,YP,PD,D
9:44:24,ICBP,RG,8200,1,D,DR,YU,F
9:44:24,ICBP,RG,8200,1,D,DR,YU,F
9:44:20,ICBP,RG,8200,1,D,PD,YU,F
9:44:07,ICBP,RG,8175,1,D,YP,ZP,F
9:44:06,ICBP,RG,8175,2,D,YP,PD,D
9:43:43,ICBP,RG,8175,2,D,YP,PD,D
9:43:34,ICBP,RG,8175,1,D,YP,ZP,F
9:43:33,ICBP,RG,8175,10,D,YP,CC,D
9:43:02,ICBP,RG,8175,1,D,YP,ZP,F
9:43:00,ICBP,RG,8200,1,D,PD,YU,F
9:43:00,ICBP,RG,8200,1,D,PD,PD,D
9:43:00,ICBP,RG,8200,2,D,PD,YU,F
9:43:00,ICBP,RG,8200,5,D,PD,CC,D
9:43:00,ICBP,RG,8200,1,D,PD,PD,D
9:42:57,ICBP,RG,8175,1,D,YP,PD,D
9:42:43,ICBP,RG,8175,9,D,YP,ZP,F
9:42:42,ICBP,RG,8200,1,F,CS,PD,D
9:42:41,ICBP,RG,8200,1,F,CS,ZP,F
9:42:38,ICBP,RG,8200,2,D,XC,ZP,F
9:42:38,ICBP,RG,8200,1,D,KK,ZP,F
9:42:38,ICBP,RG,8200,1,D,DR,ZP,F
9:42:38,ICBP,RG,8200,1,D,DR,ZP,F
9:42:38,ICBP,RG,8200,3,F,CS,ZP,F
9:42:38,ICBP,RG,8200,2,F,CS,ZP,F
9:42:38,ICBP,RG,8200,1,D,PD,ZP,F
9:42:38,ICBP,RG,8200,1,F,AK,ZP,F
9:42:36,ICBP,RG,8200,1,F,AK,BK,F
9:42:36,ICBP,RG,8200,2,F,CS,BK,F
9:42:36,ICBP,RG,8200,97,F,CC,BK,F
9:42:36,ICBP,RG,8200,1,F,CC,ZP,F
9:42:35,ICBP,RG,8200,100,F,CC,BK,F
9:42:34,ICBP,RG,8200,2,F,CC,PD,D
9:42:11,ICBP,RG,8200,2,F,CC,PD,D
9:42:11,ICBP,RG,8225,5,D,PD,YJ,D
9:42:04,ICBP,RG,8200,1,F,CC,ZP,F
9:42:03,ICBP,RG,8200,8,F,CC,IF,D
9:41:58,ICBP,RG,8225,1,D,PD,YJ,D
9:41:52,ICBP,RG,8200,6,F,CC,ZP,F
9:41:51,ICBP,RG,8200,43,F,CC,DH,D
9:41:50,ICBP,RG,8200,6,F,CC,CC,D
9:41:48,ICBP,RG,8200,2,F,CC,PD,D
9:41:25,ICBP,RG,8200,2,F,CC,PD,D
9:41:04,ICBP,RG,8200,1,F,CC,ZP,F
9:41:02,ICBP,RG,8200,2,F,CC,PD,D
9:40:39,ICBP,RG,8200,2,F,CC,PD,D
9:40:33,ICBP,RG,8225,2,D,XC,YJ,D
9:40:26,ICBP,RG,8225,2,D,CC,YJ,D
9:40:24,ICBP,RG,8200,2,F,CC,PD,D
9:40:17,ICBP,RG,8200,1,F,CC,ZP,F
9:40:16,ICBP,RG,8200,2,F,CC,PD,D
9:40:14,ICBP,RG,8200,2,F,CC,YU,F
9:40:03,ICBP,RG,8200,1,F,CC,ZP,F
9:40:01,ICBP,RG,8200,12,F,CC,ZP,F
9:40:01,ICBP,RG,8200,5,F,CC,YU,D
9:40:01,ICBP,RG,8200,1,D,XC,YU,D
9:40:01,ICBP,RG,8200,6,D,HP,YU,D
9:40:01,ICBP,RG,8200,1,D,PD,YU,D
9:40:00,ICBP,RG,8200,1,D,YU,YU,D
9:40:00,ICBP,RG,8200,2,D,XC,YU,D
9:40:00,ICBP,RG,8200,2,D,XC,YU,D
9:40:00,ICBP,RG,8200,1,D,YP,YU,D
9:40:00,ICBP,RG,8200,5,D,IF,YU,D
9:40:00,ICBP,RG,8200,1,D,YU,YU,D
9:40:00,ICBP,RG,8200,2,D,LG,YU,D
9:40:00,ICBP,RG,8200,1,D,YP,YU,D
9:40:00,ICBP,RG,8200,5,D,SQ,YU,D
9:40:00,ICBP,RG,8200,10,D,NI,YU,D
9:40:00,ICBP,RG,8200,3,D,PD,YU,D
9:40:00,ICBP,RG,8200,1,F,CS,YU,D
9:40:00,ICBP,RG,8200,1,F,CS,YU,D
9:40:00,ICBP,RG,8200,1,D,XC,YU,D
9:40:00,ICBP,RG,8200,1,D,YP,YU,D
9:40:00,ICBP,RG,8200,2,F,CS,YU,D
9:40:00,ICBP,RG,8200,30,D,YB,YU,D
9:40:00,ICBP,RG,8200,1,D,CC,YU,D
9:40:00,ICBP,RG,8200,1,D,NI,YU,D
9:40:00,ICBP,RG,8200,10,D,YP,YU,D
9:40:00,ICBP,RG,8200,10,D,NI,YU,D
9:40:00,ICBP,RG,8200,2,F,AK,YU,D
9:40:00,ICBP,RG,8200,1,F,CS,YU,D
9:40:00,ICBP,RG,8200,11,F,CC,YU,D
9:39:53,ICBP,RG,8225,1,D,LG,YJ,D
9:39:53,ICBP,RG,8200,2,F,CC,PD,D
9:39:43,ICBP,RG,8200,1,F,CC,XC,D
9:39:30,ICBP,RG,8200,1,F,CC,ZP,F
9:39:29,ICBP,RG,8200,2,F,CC,PD,D
9:39:06,ICBP,RG,8200,2,F,CC,PD,D
9:38:43,ICBP,RG,8200,2,F,CC,PD,D
9:38:20,ICBP,RG,8200,2,F,CC,PD,D
9:38:13,ICBP,RG,8200,1,F,CC,ZP,F
9:38:12,ICBP,RG,8200,3,F,CC,PD,D
9:38:09,ICBP,RG,8225,2,D,YP,YJ,D
9:37:57,ICBP,RG,8200,2,F,CC,PD,D
9:37:34,ICBP,RG,8200,2,F,CC,PD,D
9:37:16,ICBP,RG,8200,1,F,CC,ZP,F
9:37:14,ICBP,RG,8200,5,F,CC,CC,D
9:37:11,ICBP,RG,8200,2,F,CC,PD,D
9:36:53,ICBP,RG,8200,1,F,CC,ZP,F
9:36:51,ICBP,RG,8200,4,F,CC,AT,D
9:36:50,ICBP,RG,8200,2,F,CC,XC,D
9:36:48,ICBP,RG,8200,2,F,CC,PD,D
9:36:46,ICBP,RG,8225,2,D,PD,YJ,D
9:36:25,ICBP,RG,8200,2,F,CC,PD,D
9:36:03,ICBP,RG,8200,1,F,CC,ZP,F
9:36:02,ICBP,RG,8200,2,F,CC,PD,D
9:35:50,ICBP,RG,8200,9,F,CC,ZP,F
9:35:49,ICBP,RG,8200,88,F,CC,HP,D
9:35:41,ICBP,RG,8200,1,F,CC,ZP,F
9:35:39,ICBP,RG,8200,2,F,CC,PD,D
9:35:29,ICBP,RG,8200,2,F,CC,ZP,F
9:35:27,ICBP,RG,8200,19,F,CC,LG,D
9:35:16,ICBP,RG,8200,2,F,CC,PD,D
9:35:04,ICBP,RG,8200,2,F,CC,ZP,F
9:35:01,ICBP,RG,8200,19,F,CC,NI,D
9:34:53,ICBP,RG,8200,2,F,CC,PD,D
9:34:40,ICBP,RG,8200,1,F,CC,ZP,F
9:34:39,ICBP,RG,8200,4,D,GR,YP,D
9:34:38,ICBP,RG,8200,2,D,GR,XC,D
9:34:29,ICBP,RG,8200,2,D,GR,PD,D
9:34:06,ICBP,RG,8200,2,D,GR,PD,D
9:33:54,ICBP,RG,8200,1,D,GR,ZP,F
9:33:52,ICBP,RG,8200,8,D,GR,PD,D
9:33:45,ICBP,RG,8200,1,D,GR,ZP,F
9:33:43,ICBP,RG,8200,2,D,NI,PD,D
9:33:23,ICBP,RG,8200,8,D,NI,ZP,F
9:33:23,ICBP,RG,8200,1,D,CC,ZP,F
9:33:23,ICBP,RG,8200,2,D,YB,ZP,F
9:33:23,ICBP,RG,8200,1,D,YU,ZP,F
9:33:20,ICBP,RG,8200,2,F,CS,YU,D
9:33:20,ICBP,RG,8200,1,F,CS,YU,D
9:33:20,ICBP,RG,8200,1,F,CS,YU,D
9:33:20,ICBP,RG,8200,2,D,CC,YU,D
9:33:20,ICBP,RG,8200,1,D,YP,YU,D
9:33:20,ICBP,RG,8200,5,D,NI,YU,D
9:33:20,ICBP,RG,8200,2,D,NI,YU,D
9:33:20,ICBP,RG,8200,10,D,YP,YU,D
9:33:20,ICBP,RG,8200,5,D,YP,YU,D
9:33:20,ICBP,RG,8200,1,D,SQ,YU,D
9:33:20,ICBP,RG,8200,84,F,CC,YU,D
9:33:20,ICBP,RG,8200,2,F,CC,PD,D
9:32:58,ICBP,RG,8200,1,F,CC,ZP,F
9:32:57,ICBP,RG,8200,2,F,CC,PD,D
9:32:37,ICBP,RG,8225,1,D,PD,YJ,D
9:32:34,ICBP,RG,8200,2,F,CC,PD,D
9:32:31,ICBP,RG,8225,1,D,YB,YJ,D
9:32:11,ICBP,RG,8200,2,F,CC,PD,D
9:32:06,ICBP,RG,8225,1,D,PD,YJ,D
9:32:01,ICBP,RG,8200,1,F,CC,ZP,F
9:31:57,ICBP,RG,8200,3,F,CC,XC,D
9:31:57,ICBP,RG,8200,1,F,CC,PD,D
9:31:56,ICBP,RG,8200,2,F,CC,NI,D
9:31:56,ICBP,RG,8200,3,F,CS,NI,D
9:31:51,ICBP,RG,8200,1,F,CC,ZP,F
9:31:48,ICBP,RG,8200,2,F,CC,PD,D
9:31:25,ICBP,RG,8200,2,F,CC,PD,D
9:31:17,ICBP,RG,8200,2,F,CC,PD,D
9:31:02,ICBP,RG,8200,2,F,CC,PD,D
9:30:41,ICBP,RG,8200,1,F,CC,ZP,F
9:30:39,ICBP,RG,8200,2,F,CC,PD,D
9:30:24,ICBP,RG,8200,1,F,CC,XC,D
9:30:17,ICBP,RG,8200,1,F,CC,ZP,F
9:30:16,ICBP,RG,8200,2,F,CC,PD,D
9:30:15,ICBP,RG,8225,9,F,AK,YJ,D
9:29:48,ICBP,RG,8200,3,F,CC,ZP,F
9:29:46,ICBP,RG,8200,4,F,CC,CC,D
9:29:46,ICBP,RG,8200,20,F,CC,YU,F
9:29:46,ICBP,RG,8200,20,F,CC,YU,F
9:29:46,ICBP,RG,8200,1,F,CC,AK,F
9:29:46,ICBP,RG,8200,19,F,CC,NI,D
9:29:46,ICBP,RG,8200,5,F,CC,YP,D
9:29:46,ICBP,RG,8200,1,F,CC,NI,D
9:29:46,ICBP,RG,8200,2,F,CC,PD,D
9:29:46,ICBP,RG,8200,2,F,CC,PD,D
9:29:46,ICBP,RG,8200,1,F,CC,YU,F
9:29:46,ICBP,RG,8200,5,F,CC,ZP,F
9:29:46,ICBP,RG,8200,1,F,CC,YU,F
9:29:46,ICBP,RG,8175,2,D,YP,ZP,F
9:29:44,ICBP,RG,8175,11,D,YP,CC,D
9:29:43,ICBP,RG,8200,1,D,NI,YU,F
9:29:29,ICBP,RG,8175,2,D,YP,PD,D
9:29:27,ICBP,RG,8200,1,D,YB,YU,F
9:29:06,ICBP,RG,8175,2,D,YP,PD,D
9:28:43,ICBP,RG,8175,2,D,YP,PD,D
9:28:26,ICBP,RG,8175,1,D,YP,ZP,F
9:28:24,ICBP,RG,8175,2,D,YP,PD,D
9:28:20,ICBP,RG,8175,2,D,YP,PD,D
9:28:07,ICBP,RG,8175,1,D,YP,ZP,F
9:28:06,ICBP,RG,8175,6,D,YP,CC,D
9:28:05,ICBP,RG,8175,1,D,YP,ZP,F
9:28:02,ICBP,RG,8175,13,D,YP,EP,D
9:27:57,ICBP,RG,8175,2,D,YP,PD,D
9:27:53,ICBP,RG,8175,1,D,YP,XC,D
9:27:35,ICBP,RG,8175,1,D,YP,ZP,F
9:27:34,ICBP,RG,8175,2,D,YP,PD,D
9:27:11,ICBP,RG,8175,2,D,YP,PD,D
9:26:56,ICBP,RG,8200,1,D,XC,YU,F
9:26:48,ICBP,RG,8175,2,D,YP,PD,D
9:26:42,ICBP,RG,8200,2,D,CP,YU,F
9:26:42,ICBP,RG,8175,14,D,YP,ZP,F
9:26:40,ICBP,RG,8175,13,D,YP,YU,D
9:26:40,ICBP,RG,8175,26,D,YP,YU,D
9:26:40,ICBP,RG,8175,1,D,XC,YU,D
9:26:40,ICBP,RG,8175,1,D,XC,YU,D
9:26:40,ICBP,RG,8175,4,D,PD,YU,D
9:26:40,ICBP,RG,8175,5,D,GR,YU,D
9:26:40,ICBP,RG,8175,2,D,YP,YU,D
9:26:40,ICBP,RG,8175,3,D,PD,YU,D
9:26:40,ICBP,RG,8175,1,D,XC,YU,D
9:26:40,ICBP,RG,8175,10,D,TP,YU,D
9:26:40,ICBP,RG,8175,1,D,XC,YU,D
9:26:40,ICBP,RG,8175,1,D,PD,YU,D
9:26:40,ICBP,RG,8175,10,D,PD,YU,D
9:26:40,ICBP,RG,8175,10,D,YP,YU,D
9:26:40,ICBP,RG,8175,2,D,XC,YU,D
9:26:40,ICBP,RG,8175,13,D,PD,YU,D
9:26:40,ICBP,RG,8175,1,D,PD,YU,D
9:26:40,ICBP,RG,8175,3,D,PD,YU,D
9:26:40,ICBP,RG,8175,1,D,YP,YU,D
9:26:40,ICBP,RG,8175,1,D,NI,YU,D
9:26:40,ICBP,RG,8175,10,D,EP,YU,D
9:26:40,ICBP,RG,8175,4,D,XA,YU,D
9:26:31,ICBP,RG,8175,2,D,XA,ZP,F
9:26:28,ICBP,RG,8175,4,D,XA,XC,D
9:26:28,ICBP,RG,8175,1,D,LG,XC,D
9:26:28,ICBP,RG,8175,1,D,SQ,XC,D
9:26:28,ICBP,RG,8175,2,D,SQ,XC,D
9:26:28,ICBP,RG,8175,6,F,CC,XC,D
9:26:25,ICBP,RG,8175,2,F,CC,PD,D
9:26:02,ICBP,RG,8175,2,F,CC,PD,D
9:25:45,ICBP,RG,8175,1,F,CC,ZP,F
9:25:43,ICBP,RG,8175,5,F,CC,NI,D
9:25:39,ICBP,RG,8175,2,F,CC,PD,D
9:25:31,ICBP,RG,8200,1,D,PD,YU,F
9:25:22,ICBP,RG,8175,1,F,CC,ZP,F
9:25:20,ICBP,RG,8175,7,F,CC,CC,D
9:25:16,ICBP,RG,8175,2,F,CC,PD,D
9:25:14,ICBP,RG,8175,1,F,CC,ZP,F
9:25:11,ICBP,RG,8175,9,F,CC,NI,D
9:25:07,ICBP,RG,8175,1,F,CC,ZP,F
9:25:05,ICBP,RG,8200,10,D,YP,YU,F
9:24:53,ICBP,RG,8175,2,F,CC,PD,D
9:24:52,ICBP,RG,8200,1,D,XC,YU,F
9:24:38,ICBP,RG,8200,1,D,LG,YU,F
9:24:36,ICBP,RG,8175,1,F,CC,ZP,F
9:24:34,ICBP,RG,8200,1,D,CC,YU,F
9:24:29,ICBP,RG,8175,2,F,CC,PD,D
9:24:06,ICBP,RG,8175,2,F,CC,PD,D
9:23:43,ICBP,RG,8175,2,F,CC,PD,D
9:23:42,ICBP,RG,8175,23,F,CC,ZP,F
9:23:41,ICBP,RG,8175,129,F,CC,CD,D
9:23:41,ICBP,RG,8175,74,F,CC,CD,D
9:23:32,ICBP,RG,8200,2,D,YJ,YU,F
9:23:30,ICBP,RG,8175,1,F,CC,ZP,F
9:23:27,ICBP,RG,8200,1,D,PD,YU,F
9:23:27,ICBP,RG,8200,10,D,PD,YU,F
9:23:20,ICBP,RG,8175,2,F,CC,PD,D
9:23:12,ICBP,RG,8175,1,F,CC,ZP,F
9:23:09,ICBP,RG,8200,3,D,CC,YU,F
9:23:05,ICBP,RG,8175,5,F,CC,XC,D
9:22:58,ICBP,RG,8175,1,F,CC,ZP,F
9:22:57,ICBP,RG,8175,2,F,CC,PD,D
9:22:34,ICBP,RG,8175,2,F,CC,PD,D
9:22:31,ICBP,RG,8200,1,D,NI,YU,F
9:22:08,ICBP,RG,8200,5,D,CC,YU,F
9:22:04,ICBP,RG,8175,1,F,CC,ZP,F
9:22:02,ICBP,RG,8200,4,D,XC,YU,F
9:22:02,ICBP,RG,8200,1,D,XC,ZP,F
9:22:02,ICBP,RG,8200,1,D,XC,YU,F
9:22:02,ICBP,RG,8200,2,D,XC,PD,D
9:22:01,ICBP,RG,8200,3,D,CC,CC,D
9:21:55,ICBP,RG,8200,2,D,PD,CC,D
9:21:51,ICBP,RG,8200,1,D,XC,YU,F
9:21:48,ICBP,RG,8175,2,F,CC,PD,D
9:21:25,ICBP,RG,8175,2,F,CC,PD,D
9:21:24,ICBP,RG,8175,1,F,CC,XC,D
9:21:06,ICBP,RG,8175,1,F,CC,ZP,F
9:21:03,ICBP,RG,8175,3,F,CC,YP,D
9:21:02,ICBP,RG,8175,2,F,CC,PD,D
9:21:00,ICBP,RG,8175,2,D,YP,ZP,F
9:20:57,ICBP,RG,8175,3,D,YP,CC,D
9:20:57,ICBP,RG,8175,17,D,YP,CC,D
9:20:39,ICBP,RG,8175,2,D,YP,PD,D
9:20:34,ICBP,RG,8175,10,D,YP,ZP,F
9:20:31,ICBP,RG,8200,5,D,PD,BK,F
9:20:31,ICBP,RG,8200,2,D,XC,BK,F
9:20:31,ICBP,RG,8200,1,D,YP,BK,F
9:20:31,ICBP,RG,8200,5,D,KK,BK,F
9:20:31,ICBP,RG,8200,7,D,GR,BK,F
9:20:31,ICBP,RG,8200,1,D,PD,BK,F
9:20:31,ICBP,RG,8200,1,D,YP,BK,F
9:20:31,ICBP,RG,8200,1,D,CC,BK,F
9:20:31,ICBP,RG,8200,9,D,CD,BK,F
9:20:31,ICBP,RG,8200,10,D,PD,BK,F
9:20:31,ICBP,RG,8200,1,D,PD,BK,F
9:20:31,ICBP,RG,8200,4,F,CS,BK,F
9:20:31,ICBP,RG,8200,1,D,SQ,BK,F
9:20:31,ICBP,RG,8200,3,D,YP,BK,F
9:20:31,ICBP,RG,8200,2,F,CS,BK,F
9:20:31,ICBP,RG,8200,1,F,CS,BK,F
9:20:31,ICBP,RG,8200,20,D,CC,BK,F
9:20:31,ICBP,RG,8200,8,F,CC,BK,F
9:20:30,ICBP,RG,8200,3,F,CC,ZP,F
9:20:27,ICBP,RG,8200,30,F,CC,PD,D
9:20:24,ICBP,RG,8200,1,F,CC,XC,D
9:20:16,ICBP,RG,8200,2,F,CC,PD,D
9:20:13,ICBP,RG,8225,2,D,KK,YJ,D
9:20:13,ICBP,RG,8200,3,F,CC,ZP,F
9:20:11,ICBP,RG,8200,25,F,CC,SQ,D
9:20:00,ICBP,RG,8225,1,D,YU,YJ,D
9:20:00,ICBP,RG,8225,1,D,YU,YJ,D
9:19:55,ICBP,RG,8200,1,F,CC,ZP,F
9:19:53,ICBP,RG,8200,2,F,CC,PD,D
9:19:29,ICBP,RG,8200,2,F,CC,PD,D
9:19:09,ICBP,RG,8225,1,D,PD,YJ,D
9:19:06,ICBP,RG,8200,2,F,CC,PD,D
9:18:45,ICBP,RG,8225,2,D,NI,YJ,D
9:18:45,ICBP,RG,8200,1,F,CC,ZP,F
9:18:43,ICBP,RG,8200,2,F,CC,PD,D
9:18:35,ICBP,RG,8200,5,F,CC,PD,D
9:18:20,ICBP,RG,8200,2,F,CC,PD,D
9:18:11,ICBP,RG,8200,3,F,CC,ZP,F
9:18:08,ICBP,RG,8200,2,F,CC,ZP,F
9:18:08,ICBP,RG,8200,6,F,CC,SQ,D
9:18:08,ICBP,RG,8200,1,D,PD,SQ,D
9:18:08,ICBP,RG,8200,3,F,CS,SQ,D
9:18:08,ICBP,RG,8200,10,F,CC,SQ,D
9:18:08,ICBP,RG,8200,17,F,CC,YP,D
9:17:57,ICBP,RG,8200,2,F,CC,PD,D
9:17:37,ICBP,RG,8200,1,F,CC,PD,D
9:17:34,ICBP,RG,8200,2,F,CC,DH,D
9:17:34,ICBP,RG,8200,2,F,CC,PD,D
9:17:09,ICBP,RG,8200,3,F,CC,ZP,F
9:17:06,ICBP,RG,8200,20,F,CC,CC,D
9:16:58,ICBP,RG,8200,1,F,CC,PD,D
9:16:53,ICBP,RG,8200,3,F,CC,ZP,F
9:16:52,ICBP,RG,8200,19,F,CC,DH,D
9:16:52,ICBP,RG,8200,7,F,CC,YU,D
9:16:52,ICBP,RG,8200,47,F,CC,YU,D
9:16:52,ICBP,RG,8200,2,F,CC,PD,D
9:16:52,ICBP,RG,8200,33,F,CC,PD,D
9:16:52,ICBP,RG,8200,6,F,CC,CC,D
9:16:52,ICBP,RG,8200,2,F,CC,PD,D
9:16:52,ICBP,RG,8200,7,F,CC,SQ,D
9:16:52,ICBP,RG,8200,2,F,CC,ZP,F
9:16:52,ICBP,RG,8200,14,F,CC,YU,F
9:16:48,ICBP,RG,8175,2,D,YP,PD,D
9:16:25,ICBP,RG,8175,2,D,YP,PD,D
9:16:24,ICBP,RG,8200,1,D,PD,YU,F
9:16:24,ICBP,RG,8200,1,D,PD,YP,D
9:16:05,ICBP,RG,8200,1,F,CS,YP,D
9:16:02,ICBP,RG,8175,2,D,YP,PD,D
9:15:51,ICBP,RG,8175,2,D,YP,YJ,D
9:15:39,ICBP,RG,8175,1,D,YP,XC,D
9:15:39,ICBP,RG,8175,2,D,YP,PD,D
9:15:16,ICBP,RG,8175,2,D,YP,PD,D
9:14:59,ICBP,RG,8175,5,D,YP,AI,D
9:14:38,ICBP,RG,8200,1,D,CC,YP,D
9:14:29,ICBP,RG,8200,1,D,KK,YP,D
9:14:28,ICBP,RG,8200,1,D,PD,XC,D
9:14:10,ICBP,RG,8200,1,D,YP,XC,D
9:14:08,ICBP,RG,8200,1,D,YP,XC,D
9:14:08,ICBP,RG,8200,1,D,XC,XC,D
9:14:08,ICBP,RG,8200,1,D,XC,XC,D
9:14:01,ICBP,RG,8225,5,D,KK,YJ,D
9:13:33,ICBP,RG,8225,2,D,PD,YJ,D
9:13:29,ICBP,RG,8200,4,D,XC,XC,D
9:13:29,ICBP,RG,8200,1,D,NI,XC,D
9:13:11,ICBP,RG,8200,3,D,XC,SQ,D
9:12:51,ICBP,RG,8200,3,D,XC,PD,D
9:12:51,ICBP,RG,8200,2,D,TP,PD,D
9:12:44,ICBP,RG,8200,5,D,TP,EP,D
9:12:44,ICBP,RG,8200,1,D,TP,ZP,F
9:12:44,ICBP,RG,8200,2,D,TP,YP,D
9:12:37,ICBP,RG,8200,1,D,NI,YP,D
9:12:20,ICBP,RG,8200,3,D,CC,YP,D
9:12:20,ICBP,RG,8200,2,D,CC,YU,F
9:11:57,ICBP,RG,8200,1,D,PD,YU,F
9:11:41,ICBP,RG,8200,2,D,CC,YU,F
9:11:36,ICBP,RG,8200,2,D,TP,YU,F
9:11:29,ICBP,RG,8200,1,D,CC,YU,F
9:11:20,ICBP,RG,8200,5,D,NI,YU,F
9:11:20,ICBP,RG,8200,2,D,NI,PD,D
9:11:20,ICBP,RG,8200,3,D,NI,CC,D
9:11:09,ICBP,RG,8200,1,D,AT,CC,D
9:11:09,ICBP,RG,8200,19,D,AT,YU,D
9:11:06,ICBP,RG,8175,10,D,YP,PD,D
9:11:04,ICBP,RG,8200,36,F,CC,YU,D
9:11:04,ICBP,RG,8200,7,F,CC,YU,D
9:11:04,ICBP,RG,8200,15,F,CC,YU,F
9:11:04,ICBP,RG,8200,10,F,CC,SQ,D
9:11:04,ICBP,RG,8200,1,F,CC,NI,D
9:11:04,ICBP,RG,8200,10,F,CC,PD,D
9:11:04,ICBP,RG,8200,12,F,CC,XC,D
9:11:04,ICBP,RG,8200,12,F,CC,YP,D
9:11:04,ICBP,RG,8200,39,F,CC,ZP,F
9:11:04,ICBP,RG,8200,7,F,CC,YU,D
9:11:04,ICBP,RG,8200,50,F,CC,YU,D
9:11:04,ICBP,RG,8200,1,F,CC,YP,D
9:11:03,ICBP,RG,8175,1,D,YP,ZP,F
9:11:01,ICBP,RG,8175,15,D,YP,SQ,D
9:09:30,ICBP,RG,8175,3,D,YP,ZP,F
9:09:29,ICBP,RG,8175,24,D,YP,YU,D
9:09:29,ICBP,RG,8150,2,D,IP,ZP,F
9:09:27,ICBP,RG,8175,5,D,GR,YU,D
9:09:27,ICBP,RG,8175,1,D,YP,YU,D
9:09:26,ICBP,RG,8175,10,D,YP,YU,D
9:09:24,ICBP,RG,8150,19,D,IP,ZP,F
9:09:24,ICBP,RG,8150,5,D,IP,YP,D
9:09:21,ICBP,RG,8175,9,F,BK,YU,D
9:09:21,ICBP,RG,8175,6,F,BK,YU,D
9:09:21,ICBP,RG,8175,2,F,BK,YP,D
9:09:21,ICBP,RG,8175,20,F,BK,PD,D
9:09:21,ICBP,RG,8175,1,F,BK,AK,F
9:09:21,ICBP,RG,8175,138,F,BK,YU,F
9:09:21,ICBP,RG,8175,7,F,BK,ZP,F
9:09:21,ICBP,RG,8175,5,F,BK,CC,D
9:09:21,ICBP,RG,8175,52,F,BK,YU,D
9:09:19,ICBP,RG,8175,1,D,PD,YU,D
9:09:08,ICBP,RG,8175,1,D,YP,YU,D
9:08:40,ICBP,RG,8150,1,D,IP,ZP,F
9:08:37,ICBP,RG,8175,1,D,PD,YU,D
9:08:34,ICBP,RG,8150,1,D,IP,ZP,F
9:08:34,ICBP,RG,8150,6,D,IP,YB,D
9:08:33,ICBP,RG,8150,1,D,IP,PD,D
9:08:33,ICBP,RG,8150,10,D,IP,YP,D
9:08:32,ICBP,RG,8150,1,D,DH,ZP,F
9:08:31,ICBP,RG,8175,1,D,OD,YU,D
9:08:16,ICBP,RG,8175,2,D,SQ,YU,D
9:08:13,ICBP,RG,8175,1,D,YP,YU,D
9:08:12,ICBP,RG,8175,5,D,SQ,YU,D
9:08:07,ICBP,RG,8175,1,D,CC,ZP,F
9:08:07,ICBP,RG,8175,2,D,CC,ZP,F
9:08:05,ICBP,RG,8200,23,D,GR,YU,F
9:08:02,ICBP,RG,8175,3,D,XC,ZP,F
9:08:02,ICBP,RG,8175,5,D,SQ,ZP,F
9:08:02,ICBP,RG,8175,1,D,YP,ZP,F
9:08:02,ICBP,RG,8175,1,D,YP,ZP,F
9:08:02,ICBP,RG,8175,1,D,XL,ZP,F
9:08:02,ICBP,RG,8175,2,D,PD,ZP,F
9:08:00,ICBP,RG,8175,8,D,PD,YU,D
9:08:00,ICBP,RG,8175,10,D,YP,YU,D
9:08:00,ICBP,RG,8175,16,D,XC,YU,D
9:08:00,ICBP,RG,8175,1,D,DR,YU,D
9:08:00,ICBP,RG,8175,2,D,CC,YU,D
9:08:00,ICBP,RG,8175,2,D,CC,YU,D
9:08:00,ICBP,RG,8175,2,D,TP,YU,D
9:08:00,ICBP,RG,8175,5,D,GR,YU,D
9:08:00,ICBP,RG,8175,6,D,PD,YU,D
9:08:00,ICBP,RG,8175,1,D,XC,YU,D
9:08:00,ICBP,RG,8175,1,D,YP,YU,D
9:08:00,ICBP,RG,8175,50,F,CC,YU,D
9:08:00,ICBP,RG,8175,12,F,CC,YU,D
9:07:36,ICBP,RG,8175,2,F,CC,ZP,F
9:07:35,ICBP,RG,8175,20,F,CC,GR,D
9:06:57,ICBP,RG,8175,2,F,CC,PD,D
9:06:14,ICBP,RG,8175,1,F,CC,ZP,F
9:06:11,ICBP,RG,8175,3,F,CC,PD,D
9:06:02,ICBP,RG,8175,10,F,CC,ZP,F
9:06:02,ICBP,RG,8175,1,D,YP,ZP,F
9:06:02,ICBP,RG,8175,1,D,YP,ZP,F
9:06:02,ICBP,RG,8175,2,D,NI,ZP,F
9:06:00,ICBP,RG,8175,3,D,NI,YU,D
9:06:00,ICBP,RG,8175,2,D,XC,YU,D
9:06:00,ICBP,RG,8175,2,D,PD,YU,D
9:06:00,ICBP,RG,8175,2,F,YP,YU,D
9:06:00,ICBP,RG,8175,2,D,CC,YU,D
9:06:00,ICBP,RG,8175,1,D,PD,YU,D
9:06:00,ICBP,RG,8175,1,D,PD,YU,D
9:06:00,ICBP,RG,8175,1,D,PD,YU,D
9:06:00,ICBP,RG,8175,3,D,XC,YU,D
9:06:00,ICBP,RG,8175,1,D,XC,YU,D
9:06:00,ICBP,RG,8175,1,D,PD,YU,D
9:06:00,ICBP,RG,8175,1,D,PD,YU,D
9:06:00,ICBP,RG,8175,3,D,SQ,YU,D
9:06:00,ICBP,RG,8175,100,F,CC,YU,D
9:06:00,ICBP,RG,8175,1,D,PD,YU,D
9:06:00,ICBP,RG,8175,1,D,YP,YU,D
9:06:00,ICBP,RG,8175,1,D,YP,YU,D
9:05:38,ICBP,RG,8175,1,D,YP,ZP,F
9:05:38,ICBP,RG,8175,1,D,YP,ZP,F
9:05:38,ICBP,RG,8175,1,D,YP,YP,D
9:05:38,ICBP,RG,8175,5,D,GR,YP,D
9:05:38,ICBP,RG,8175,19,D,KK,YP,D
9:05:25,ICBP,RG,8175,1,D,KK,ZP,F
9:05:23,ICBP,RG,8175,8,D,KK,YP,D
9:04:53,ICBP,RG,8175,3,D,KK,ZP,F
9:04:51,ICBP,RG,8200,25,D,YP,YU,F
9:04:20,ICBP,RG,8200,1,D,YP,YU,F
9:04:02,ICBP,RG,8175,6,D,KK,ZP,F
9:04:00,ICBP,RG,8175,13,D,KK,YU,D
9:04:00,ICBP,RG,8175,12,D,CC,YU,D
9:04:00,ICBP,RG,8175,1,D,KK,YU,D
9:04:00,ICBP,RG,8175,1,D,KK,YU,D
9:04:00,ICBP,RG,8175,5,D,AG,YU,D
9:04:00,ICBP,RG,8175,10,D,YP,YU,D
9:04:00,ICBP,RG,8175,2,D,PD,YU,D
9:04:00,ICBP,RG,8175,10,D,SQ,YU,D
9:04:00,ICBP,RG,8175,1,D,PD,YU,D
9:04:00,ICBP,RG,8175,2,D,PD,YU,D
9:04:00,ICBP,RG,8175,1,D,PD,YU,D
9:04:00,ICBP,RG,8175,5,D,PD,YU,D
9:04:00,ICBP,RG,8175,1,D,PD,YU,D
9:04:00,ICBP,RG,8175,2,D,CC,YU,D
9:04:00,ICBP,RG,8175,1,D,GR,YU,D
9:04:00,ICBP,RG,8175,1,D,TP,YU,D
9:04:00,ICBP,RG,8175,43,D,IP,YU,D
9:03:55,ICBP,RG,8200,3,D,PD,YU,F
9:03:54,ICBP,RG,8200,2,D,YP,YU,F
9:03:36,ICBP,RG,8200,2,D,LG,YU,F
9:03:18,ICBP,RG,8175,4,D,IP,XC,D
9:03:14,ICBP,RG,8200,1,D,NI,YU,F
9:02:59,ICBP,RG,8200,1,D,TP,YU,F
9:02:50,ICBP,RG,8200,6,D,SQ,YU,F
9:02:50,ICBP,RG,8200,5,D,SQ,CC,D
9:02:50,ICBP,RG,8200,9,D,SQ,ZP,F
9:02:23,ICBP,RG,8175,6,D,IP,NI,D
9:01:33,ICBP,RG,8200,1,D,XC,ZP,F
9:01:31,ICBP,RG,8175,8,D,IP,ZP,F
9:01:31,ICBP,RG,8175,3,D,LG,ZP,F
9:01:30,ICBP,RG,8200,100,F,CC,YP,D
9:00:47,ICBP,RG,8200,2,D,NI,CC,D
9:00:34,ICBP,RG,8200,1,D,NI,ZP,F
9:00:34,ICBP,RG,8200,5,D,PD,ZP,F
9:00:21,ICBP,RG,8200,19,D,PD,YU,F
9:00:21,ICBP,RG,8200,1,D,XC,YU,F
9:00:21,ICBP,RG,8200,2,D,CC,YU,F
9:00:11,ICBP,RG,8200,1,D,YP,AT,D
9:00:11,ICBP,RG,8200,1,D,CC,AT,D
9:00:11,ICBP,RG,8200,10,D,PD,AT,D
9:00:11,ICBP,RG,8200,1,D,PD,AT,D
9:00:11,ICBP,RG,8200,5,D,CC,AT,D
9:00:11,ICBP,RG,8200,2,D,PD,AT,D
9:00:10,ICBP,RG,8225,1,D,XC,YJ,D
9:00:09,ICBP,RG,8200,3,D,PD,ZP,F
9:00:09,ICBP,RG,8200,2,D,GR,ZP,F
9:00:09,ICBP,RG,8200,2,D,SQ,ZP,F
9:00:09,ICBP,RG,8225,13,D,SQ,YJ,D
9:00:06,ICBP,RG,8200,7,D,SQ,YU,D
9:00:06,ICBP,RG,8200,1,D,SQ,YU,D
9:00:06,ICBP,RG,8200,5,D,AG,YU,D
9:00:06,ICBP,RG,8200,1,D,PD,YU,D
9:00:06,ICBP,RG,8200,1,D,PD,YU,D
9:00:06,ICBP,RG,8200,1,D,XC,YU,D
9:00:06,ICBP,RG,8200,1,D,ZP,YU,D
9:00:06,ICBP,RG,8200,2,D,XC,YU,D
9:00:06,ICBP,RG,8200,37,D,IP,YU,D
9:00:06,ICBP,RG,8200,3,D,LG,YU,D
8:55:00,ICBP,RG,8225,139,F,CC,YJ,D
8:55:00,ICBP,RG,8225,10,F,CC,CC,D
8:55:00,ICBP,RG,8225,10,F,CC,DR,D
8:55:00,ICBP,RG,8225,35,F,CC,ZP,F
8:55:00,ICBP,RG,8225,6,F,CC,YU,D
8:55:00,ICBP,RG,8225,1,D,XC,YU,D
8:55:00,ICBP,RG,8225,1,D,SQ,YU,D
8:55:00,ICBP,RG,8225,4,D,YP,YU,D
8:55:00,ICBP,RG,8225,1,D,YP,YU,D
8:55:00,ICBP,RG,8225,2,D,YP,YU,D
8:55:00,ICBP,RG,8225,1,D,XC,YU,D
8:55:00,ICBP,RG,8225,1,D,PD,YU,D
8:55:00,ICBP,RG,8225,1,D,DH,YU,D
8:55:00,ICBP,RG,8225,1,D,PD,YU,D
8:55:00,ICBP,RG,8225,5,D,DR,YU,D
8:55:00,ICBP,RG,8225,7,D,EP,YU,D
8:55:00,ICBP,RG,8225,2,D,LG,YU,D
8:55:00,ICBP,RG,8225,1,D,YP,YU,D
8:55:00,ICBP,RG,8225,1,D,YP,YU,D
8:55:00,ICBP,RG,8225,1,D,YP,YU,D
8:55:00,ICBP,RG,8225,1,D,YP,YU,D
8:55:00,ICBP,RG,8225,29,F,AK,YU,D
8:55:00,ICBP,RG,8225,12,F,AK,YU,F
8:55:00,ICBP,RG,8225,1,F,AK,AK,F
8:55:00,ICBP,RG,8225,5,F,AK,PD,D