Time,Stock,Brd,Price,Qty,BT,BC,SC,ST
15:14:40,ICBP,RG,8350,5,D,CC,CC,D
15:14:16,ICBP,RG,8350,1,D,CC,XC,D
15:13:09,ICBP,RG,8350,1,D,CC,XC,D
15:11:15,ICBP,RG,8350,2,D,CC,XC,D
15:10:23,ICBP,RG,8350,6,D,CC,GR,D
15:08:54,ICBP,RG,8350,16,D,CC,GR,D
15:08:54,ICBP,RG,8350,46,D,CC,CC,D
15:08:10,ICBP,RG,8350,1,D,CC,CC,D
15:08:10,ICBP,RG,8350,1,D,XC,CC,D
15:08:10,ICBP,RG,8350,1,D,YP,CC,D
15:08:10,ICBP,RG,8350,1,D,EP,CC,D
15:07:11,ICBP,RG,8350,1,D,CC,XC,D
15:06:56,ICBP,RG,8350,49,D,CC,YP,D
15:06:56,ICBP,RG,8350,1,D,PD,YP,D
15:06:19,ICBP,RG,8350,9,D,PD,YB,D
15:05:49,ICBP,RG,8350,1,D,PD,YB,D
15:05:49,ICBP,RG,8350,10,D,PD,YB,D
15:05:49,ICBP,RG,8350,1,D,YP,YB,D
15:05:49,ICBP,RG,8350,5,D,CC,YB,D
15:05:49,ICBP,RG,8350,9,D,CC,YB,D
15:05:42,ICBP,RG,8350,10,D,CC,PD,D
15:05:42,ICBP,RG,8350,5,D,CC,MG,D
15:05:31,ICBP,RG,8350,3,D,CC,TF,D
15:05:26,ICBP,RG,8350,73,D,CC,PD,D
15:05:26,ICBP,RG,8350,27,D,GR,PD,D
15:05:08,ICBP,RG,8350,20,D,GR,DR,D
15:05:02,ICBP,RG,8350,1,D,GR,CC,D
15:05:02,ICBP,RG,8350,2,D,GR,PD,D
15:05:02,ICBP,RG,8350,1,D,YP,PD,D
15:05:02,ICBP,RG,8350,2,D,YP,PD,D
15:05:02,ICBP,RG,8350,1,D,XC,PD,D
15:05:02,ICBP,RG,8350,1,D,XC,PD,D
15:05:02,ICBP,RG,8350,1,D,XC,PD,D
15:05:02,ICBP,RG,8350,1,D,IF,PD,D
15:05:02,ICBP,RG,8350,1,D,YP,PD,D
15:05:01,ICBP,RG,8350,1,D,PD,PD,D
15:00:00,ICBP,RG,8350,1,D,CC,GR,D
15:00:00,ICBP,RG,8350,2,D,YP,PD,D
15:00:00,ICBP,RG,8350,1,D,YP,PD,D
15:00:00,ICBP,RG,8350,3,D,YP,NI,D
15:00:00,ICBP,RG,8350,4,D,YP,XC,D
15:00:00,ICBP,RG,8350,20,D,YP,GR,D
15:00:00,ICBP,RG,8350,10,D,YP,YP,D
15:00:00,ICBP,RG,8350,1,D,YP,YP,D
15:00:00,ICBP,RG,8350,10,D,YP,YP,D
15:00:00,ICBP,RG,8350,1,D,YP,AI,D
15:00:00,ICBP,RG,8350,1,D,YP,YP,D
15:00:00,ICBP,RG,8350,5,D,YP,SQ,D
15:00:00,ICBP,RG,8350,1,D,YP,XC,D
15:00:00,ICBP,RG,8350,10,D,EP,XC,D
15:00:00,ICBP,RG,8350,1,D,SQ,XC,D
15:00:00,ICBP,RG,8350,1,D,AZ,XC,D
15:00:00,ICBP,RG,8350,1,D,CC,XC,D
15:00:00,ICBP,RG,8350,6,D,XC,XC,D
15:00:00,ICBP,RG,8350,1,D,NI,EP,D
15:00:00,ICBP,RG,8350,9,D,YP,EP,D
15:00:00,ICBP,RG,8350,1,D,YP,KK,D
15:00:00,ICBP,RG,8350,1,D,CC,SQ,D
15:00:00,ICBP,RG,8350,1,D,LG,YP,D
15:00:00,ICBP,RG,8350,5,D,NI,YP,D
15:00:00,ICBP,RG,8350,14,D,DX,YP,D
15:00:00,ICBP,RG,8350,10,D,DX,KK,D
15:00:00,ICBP,RG,8350,16,D,DX,SQ,D
15:00:00,ICBP,RG,8350,10,D,DX,IU,D
15:00:00,ICBP,RG,8350,1,D,PD,IU,D
15:00:00,ICBP,RG,8350,10,D,NI,IU,D
15:00:00,ICBP,RG,8350,1,D,CC,IU,D
15:00:00,ICBP,RG,8350,1,D,AT,IU,D
15:00:00,ICBP,RG,8350,1,D,PD,IU,D
15:00:00,ICBP,RG,8350,11,D,XC,IU,D
15:00:00,ICBP,RG,8350,2,D,XC,IU,D
15:00:00,ICBP,RG,8350,4,D,NI,IU,D
15:00:00,ICBP,RG,8350,18,D,DH,IU,D
15:00:00,ICBP,RG,8350,12,D,DH,IU,D
15:00:00,ICBP,RG,8350,10,D,YP,IU,D
15:00:00,ICBP,RG,8350,10,D,XC,IU,D
15:00:00,ICBP,RG,8350,3,D,YP,IU,D
15:00:00,ICBP,RG,8350,6,D,YP,IU,D
15:00:00,ICBP,RG,8350,2,D,YP,OD,D
15:00:00,ICBP,RG,8350,2,D,YP,CC,D
15:00:00,ICBP,RG,8350,2,D,YP,XC,D
15:00:00,ICBP,RG,8350,8,D,CC,XC,D
15:00:00,ICBP,RG,8350,12,D,CC,ZP,D
15:00:00,ICBP,RG,8350,2,D,YP,ZP,D
15:00:00,ICBP,RG,8350,19,F,ZP,ZP,D
15:00:00,ICBP,RG,8350,96,F,ZP,ZP,D
15:00:00,ICBP,RG,8350,91,F,ZP,ZP,D
15:00:00,ICBP,RG,8350,5,F,ZP,ZP,D
15:00:00,ICBP,RG,8350,145,F,BK,ZP,D
15:00:00,ICBP,RG,8350,9,F,BK,YP,D
15:00:00,ICBP,RG,8350,3,F,BK,XC,D
15:00:00,ICBP,RG,8350,10,F,BK,OD,D
15:00:00,ICBP,RG,8350,10,F,BK,XA,D
15:00:00,ICBP,RG,8350,9,F,BK,ZP,F
15:00:00,ICBP,RG,8350,13,F,BK,ZP,F
15:00:00,ICBP,RG,8350,78,F,BK,ZP,F
15:00:00,ICBP,RG,8350,80,F,CS,ZP,F
15:00:00,ICBP,RG,8350,54,F,DX,ZP,F
15:00:00,ICBP,RG,8350,36,F,AK,ZP,F
15:00:00,ICBP,RG,8350,25,F,AK,ZP,F
15:00:00,ICBP,RG,8350,123,F,AK,AK,F
15:00:00,ICBP,RG,8350,114,F,AK,AK,F
15:00:00,ICBP,RG,8350,5,F,AK,AK,F
15:00:00,ICBP,RG,8350,3,F,AK,AK,F
15:00:00,ICBP,RG,8350,1,F,AK,AK,F
15:00:00,ICBP,RG,8350,127,F,AK,AK,F
15:00:00,ICBP,RG,8350,97,F,AK,AK,F
15:00:00,ICBP,RG,8350,20,F,AK,AK,F
15:00:00,ICBP,RG,8350,1,F,AK,AK,F
15:00:00,ICBP,RG,8350,5,F,AK,AK,F
15:00:00,ICBP,RG,8350,4,F,AK,AK,F
15:00:00,ICBP,RG,8350,2,F,AK,AK,F
15:00:00,ICBP,RG,8350,82,F,AK,AK,F
15:00:00,ICBP,RG,8350,188,F,AK,AK,F
15:00:00,ICBP,RG,8350,76,F,AK,AK,F
15:00:00,ICBP,RG,8350,20,F,AK,AK,F
15:00:00,ICBP,RG,8350,18,F,AK,AK,F
15:00:00,ICBP,RG,8350,144,F,CG,AK,F
15:00:00,ICBP,RG,8350,3,F,CG,AK,F
15:00:00,ICBP,RG,8350,5,F,CG,AK,F
15:00:00,ICBP,RG,8350,6,F,CG,AK,F
15:00:00,ICBP,RG,8350,3,F,CG,AK,F
15:00:00,ICBP,RG,8350,26,F,CG,AK,F
15:00:00,ICBP,RG,8350,75,F,CG,AK,F
15:00:00,ICBP,RG,8350,23,F,CG,CG,F
15:00:00,ICBP,RG,8350,153,F,CG,YU,F
15:00:00,ICBP,RG,8350,279,F,KZ,YU,F
15:00:00,ICBP,RG,8350,201,F,KZ,YU,F
15:00:00,ICBP,RG,8350,23,F,KZ,DR,D
15:00:00,ICBP,RG,8350,42,F,KZ,YU,F
14:49:59,ICBP,RG,8350,1,F,AK,ZP,D
14:49:58,ICBP,RG,8350,3,F,AK,ZP,D
14:49:58,ICBP,RG,8350,2,F,AK,ZP,D
14:49:58,ICBP,RG,8350,3,D,YP,ZP,D
14:49:57,ICBP,RG,8350,1,F,ZP,ZP,D
14:49:56,ICBP,RG,8325,9,D,KK,NI,D
14:49:56,ICBP,RG,8325,1,D,PD,NI,D
14:49:56,ICBP,RG,8325,20,D,YP,NI,D
14:49:56,ICBP,RG,8350,1,F,ZP,ZP,D
14:49:56,ICBP,RG,8325,1,D,YP,AT,D
14:49:55,ICBP,RG,8325,3,D,YP,YU,F
14:49:55,ICBP,RG,8325,1,D,PD,YU,F
14:49:55,ICBP,RG,8325,3,D,YP,YU,F
14:49:54,ICBP,RG,8350,2,D,NI,ZP,D
14:49:51,ICBP,RG,8350,5,D,CC,ZP,D
14:49:51,ICBP,RG,8350,1,F,AK,ZP,D
14:49:51,ICBP,RG,8350,1,F,AK,ZP,D
14:49:49,ICBP,RG,8350,1,F,ZP,ZP,D
14:49:48,ICBP,RG,8350,6,F,AK,ZP,D
14:49:46,ICBP,RG,8350,1,F,ZP,ZP,D
14:49:45,ICBP,RG,8350,1,D,XC,ZP,D
14:49:44,ICBP,RG,8350,5,F,AK,ZP,D
14:49:43,ICBP,RG,8350,1,D,YP,ZP,D
14:49:39,ICBP,RG,8350,1,F,ZP,ZP,D
14:49:35,ICBP,RG,8350,12,D,YP,ZP,D
14:49:34,ICBP,RG,8350,9,F,AK,ZP,D
14:49:34,ICBP,RG,8350,1,F,ZP,ZP,D
14:49:34,ICBP,RG,8350,5,F,ZP,ZP,D
14:49:34,ICBP,RG,8350,1,F,ZP,ZP,D
14:49:34,ICBP,RG,8350,6,D,EP,ZP,D
14:49:34,ICBP,RG,8350,6,F,AK,ZP,D
14:49:34,ICBP,RG,8350,13,F,DX,ZP,D
14:49:34,ICBP,RG,8350,6,D,NI,ZP,D
14:49:34,ICBP,RG,8350,2,F,ZP,ZP,D
14:49:34,ICBP,RG,8350,2,D,YP,ZP,D
14:49:34,ICBP,RG,8350,1,F,AK,ZP,D
14:49:34,ICBP,RG,8350,9,F,ZP,ZP,D
14:49:34,ICBP,RG,8350,14,F,AK,ZP,D
14:49:34,ICBP,RG,8350,7,F,AK,ZP,D
14:49:16,ICBP,RG,8375,15,F,DX,CP,D
14:49:15,ICBP,RG,8350,4,F,AK,AK,F
14:49:15,ICBP,RG,8350,5,D,NI,AK,F
14:49:15,ICBP,RG,8350,1,D,CC,AK,F
14:49:15,ICBP,RG,8350,30,D,CC,AK,F
14:49:14,ICBP,RG,8350,3,D,CC,AK,D
14:49:14,ICBP,RG,8350,1,D,CC,AK,D
14:49:14,ICBP,RG,8350,1,D,CC,AK,D
14:49:14,ICBP,RG,8350,2,D,CC,AK,D
14:49:14,ICBP,RG,8350,63,D,CC,AK,F
14:49:14,ICBP,RG,8350,1,F,AK,AK,F
14:49:14,ICBP,RG,8350,12,D,YP,AK,F
14:49:14,ICBP,RG,8350,10,F,ZP,AK,F
14:49:14,ICBP,RG,8350,11,F,ZP,AK,F
14:49:00,ICBP,RG,8350,1,F,ZP,ZP,F
14:49:00,ICBP,RG,8350,1,F,ZP,ZP,F
14:49:00,ICBP,RG,8350,1,F,ZP,AK,F
14:49:00,ICBP,RG,8350,1,F,ZP,AK,F
14:49:00,ICBP,RG,8350,1,F,AK,AK,F
14:49:00,ICBP,RG,8350,6,F,AK,AK,F
14:49:00,ICBP,RG,8375,1,F,AK,CP,D
14:48:59,ICBP,RG,8375,1,F,ZP,CP,D
14:48:53,ICBP,RG,8350,3,F,AK,CG,F
14:48:46,ICBP,RG,8350,6,F,AK,YP,D
14:48:45,ICBP,RG,8350,13,F,AK,AK,F
14:48:45,ICBP,RG,8350,1,F,AK,AK,F
14:48:45,ICBP,RG,8350,10,F,AK,AK,F
14:48:44,ICBP,RG,8375,2,F,ZP,CP,D
14:48:44,ICBP,RG,8350,7,F,AK,AK,F
14:48:44,ICBP,RG,8350,44,F,CG,AK,F
14:48:44,ICBP,RG,8350,9,F,CG,AK,F
14:48:44,ICBP,RG,8350,1,F,ZP,AK,F
14:48:44,ICBP,RG,8350,1,F,ZP,AK,F
14:48:44,ICBP,RG,8350,1,F,AK,AK,F
14:48:44,ICBP,RG,8350,1,D,XC,AK,F
14:48:44,ICBP,RG,8350,1,D,NI,AK,F
14:48:44,ICBP,RG,8350,4,F,ZP,AK,F
14:48:43,ICBP,RG,8350,1,F,AK,CG,F
14:48:42,ICBP,RG,8375,2,F,CG,CP,D
14:48:42,ICBP,RG,8375,17,F,CG,AK,D
14:48:39,ICBP,RG,8375,10,D,IF,AK,D
14:48:39,ICBP,RG,8375,1,D,IF,YP,D
14:48:39,ICBP,RG,8375,1,D,IF,PD,D
14:48:36,ICBP,RG,8375,1,D,PD,PD,D
14:48:36,ICBP,RG,8375,5,D,PD,CC,D
14:48:34,ICBP,RG,8350,1,F,AK,AK,F
14:48:34,ICBP,RG,8350,19,F,ZP,AK,F
14:48:34,ICBP,RG,8350,9,D,CC,AK,F
14:48:34,ICBP,RG,8350,1,F,AK,AK,F
14:48:30,ICBP,RG,8350,15,F,AK,AK,F
14:48:26,ICBP,RG,8350,1,F,AK,CG,F
14:48:26,ICBP,RG,8375,1,F,ZP,CC,D
14:48:25,ICBP,RG,8375,3,F,CG,CC,D
14:48:22,ICBP,RG,8350,5,F,AK,CC,D
14:48:21,ICBP,RG,8350,8,F,AK,ZP,F
14:48:18,ICBP,RG,8350,39,F,AK,CC,D
14:48:18,ICBP,RG,8350,2,D,YP,CC,D
14:48:18,ICBP,RG,8350,1,D,CC,CC,D
14:48:18,ICBP,RG,8350,6,F,CG,CC,D
14:48:18,ICBP,RG,8350,1,F,AK,CC,D
14:48:18,ICBP,RG,8350,34,F,ZP,CC,D
14:48:18,ICBP,RG,8350,8,F,CG,CC,D
14:48:18,ICBP,RG,8350,2,D,AZ,CC,D
14:48:18,ICBP,RG,8350,7,F,AK,CC,D
14:48:14,ICBP,RG,8350,38,F,AK,AK,D
14:48:14,ICBP,RG,8350,2,F,AK,AK,D
14:48:14,ICBP,RG,8350,1,F,AK,AK,D
14:48:14,ICBP,RG,8350,1,F,CG,AK,D
14:48:14,ICBP,RG,8350,1,D,PD,AK,D
14:48:14,ICBP,RG,8350,2,F,CG,AK,D
14:48:14,ICBP,RG,8350,1,F,CG,XC,D
14:48:08,ICBP,RG,8350,1,F,CG,CG,F
14:48:05,ICBP,RG,8350,1,F,CG,GR,F
14:48:05,ICBP,RG,8350,29,F,AK,GR,F
14:48:05,ICBP,RG,8350,20,D,YB,GR,F
14:47:54,ICBP,RG,8375,33,F,KZ,CC,D
14:47:54,ICBP,RG,8375,1,F,KZ,DH,D
14:47:54,ICBP,RG,8375,2,F,KZ,CC,D
14:47:54,ICBP,RG,8375,1,F,KZ,PD,D
14:47:54,ICBP,RG,8375,2,F,KZ,XC,D
14:47:54,ICBP,RG,8375,1,F,KZ,YP,D
14:47:54,ICBP,RG,8375,1,F,KZ,XC,D
14:47:54,ICBP,RG,8375,1,F,KZ,CG,F
14:47:54,ICBP,RG,8375,8,F,KZ,XC,D
14:47:54,ICBP,RG,8375,1,F,KZ,PD,D
14:47:54,ICBP,RG,8375,1,F,KZ,PD,D
14:47:54,ICBP,RG,8375,1,F,KZ,AK,F
14:47:54,ICBP,RG,8375,10,F,KZ,AK,D
14:47:54,ICBP,RG,8375,1,F,KZ,CG,F
14:47:54,ICBP,RG,8375,15,F,KZ,YU,F
14:47:54,ICBP,RG,8375,143,F,KZ,YU,F
14:47:54,ICBP,RG,8375,8,F,KZ,KK,D
14:47:52,ICBP,RG,8350,15,D,YB,YU,F
14:47:47,ICBP,RG,8350,5,D,YB,PD,D
14:47:46,ICBP,RG,8350,1,D,YB,CG,F
14:47:44,ICBP,RG,8350,10,D,YB,AK,D
14:47:44,ICBP,RG,8350,41,D,YB,AK,F
14:47:42,ICBP,RG,8350,8,D,YB,YU,F
14:47:42,ICBP,RG,8350,4,F,ZP,YU,F
14:47:42,ICBP,RG,8350,1,F,AK,YU,F
14:47:42,ICBP,RG,8350,8,F,KZ,YU,F
14:47:42,ICBP,RG,8350,7,F,KZ,YU,F
14:47:42,ICBP,RG,8350,24,F,AK,YU,F
14:47:36,ICBP,RG,8350,8,F,AK,AK,D
14:47:33,ICBP,RG,8350,1,F,AK,YP,D
14:47:28,ICBP,RG,8350,5,F,AK,YP,D
14:47:27,ICBP,RG,8350,1,F,AK,CG,F
14:47:23,ICBP,RG,8350,6,F,AK,KK,D
14:47:14,ICBP,RG,8350,6,F,AK,AK,D
14:47:14,ICBP,RG,8350,4,D,PD,AK,D
14:47:11,ICBP,RG,8350,1,D,PD,CG,F
14:47:07,ICBP,RG,8350,5,D,PD,YP,D
14:47:07,ICBP,RG,8350,5,D,PD,YP,D
14:47:07,ICBP,RG,8350,2,D,PD,YP,D
14:47:02,ICBP,RG,8350,1,D,PD,NI,D
14:47:02,ICBP,RG,8350,2,D,PD,AK,F
14:47:02,ICBP,RG,8350,1,D,YP,AK,F
14:47:02,ICBP,RG,8350,5,D,XC,AK,F
14:47:02,ICBP,RG,8350,5,D,NI,AK,F
14:47:02,ICBP,RG,8350,10,D,KK,AK,F
14:47:02,ICBP,RG,8350,1,D,XC,AK,F
14:47:02,ICBP,RG,8350,6,F,ZP,AK,F
14:47:02,ICBP,RG,8350,12,F,ZP,AK,F
14:47:01,ICBP,RG,8350,13,F,ZP,ZP,F
14:46:59,ICBP,RG,8350,15,F,ZP,AK,D
14:46:52,ICBP,RG,8350,2,F,ZP,CG,F
14:46:51,ICBP,RG,8375,1,D,DP,KK,D
14:46:42,ICBP,RG,8375,1,D,DP,KK,D
14:46:41,ICBP,RG,8375,1,D,DP,ZP,F
14:46:40,ICBP,RG,8350,1,F,ZP,CS,F
14:46:36,ICBP,RG,8350,4,F,ZP,KK,D
14:46:33,ICBP,RG,8350,1,F,ZP,CG,F
14:46:31,ICBP,RG,8350,5,F,ZP,YP,D
14:46:31,ICBP,RG,8350,2,D,PD,DH,D
14:46:28,ICBP,RG,8350,1,D,PD,YU,F
14:46:28,ICBP,RG,8350,12,D,YB,YU,F
14:46:28,ICBP,RG,8350,1,D,XC,YU,F
14:46:28,ICBP,RG,8350,1,F,ZP,YU,F
14:46:28,ICBP,RG,8350,3,F,ZP,YU,F
14:46:28,ICBP,RG,8350,31,F,AK,YU,F
14:46:28,ICBP,RG,8350,3,F,CS,YU,F
14:46:21,ICBP,RG,8350,2,F,ZP,CS,F
14:46:05,ICBP,RG,8350,22,F,ZP,FS,D
14:46:05,ICBP,RG,8350,1,F,CG,FS,D
14:46:05,ICBP,RG,8350,1,F,CS,FS,D
14:46:05,ICBP,RG,8350,5,F,ZP,FS,D
14:46:05,ICBP,RG,8350,26,F,AK,FS,D
14:46:05,ICBP,RG,8350,19,F,AK,FS,D
14:46:05,ICBP,RG,8350,16,F,AK,FS,D
14:46:05,ICBP,RG,8350,84,F,AK,FS,D
14:46:05,ICBP,RG,8350,58,F,AK,FS,D
14:46:05,ICBP,RG,8350,1,D,XC,FS,D
14:46:05,ICBP,RG,8350,180,F,CG,FS,D
14:46:05,ICBP,RG,8350,3,F,CS,FS,D
14:46:05,ICBP,RG,8350,7,F,ZP,FS,D
14:46:05,ICBP,RG,8350,15,F,ZP,FS,D
14:46:05,ICBP,RG,8350,5,D,AT,FS,D
14:46:05,ICBP,RG,8350,29,D,YP,FS,D
14:46:05,ICBP,RG,8350,4,F,ZP,FS,D
14:46:05,ICBP,RG,8350,2,F,ZP,FS,D
14:46:05,ICBP,RG,8350,5,F,ZP,FS,D
14:46:05,ICBP,RG,8350,15,D,CC,FS,D
14:46:05,ICBP,RG,8350,1,D,XC,FS,D
14:46:05,ICBP,RG,8350,1,F,ZP,FS,D
14:46:00,ICBP,RG,8350,20,F,ZP,YP,D
14:46:00,ICBP,RG,8375,8,F,AK,ZP,F
14:46:00,ICBP,RG,8375,3,F,AK,CC,D
14:46:00,ICBP,RG,8375,12,F,AK,AK,D
14:45:59,ICBP,RG,8350,2,F,ZP,CS,F
14:45:55,ICBP,RG,8375,3,F,CG,AK,D
14:45:55,ICBP,RG,8375,1,F,CG,CG,F
14:45:55,ICBP,RG,8375,1,F,CG,YP,D
14:45:53,ICBP,RG,8350,1,D,DH,CG,F
14:45:52,ICBP,RG,8375,12,F,CG,YP,D
14:45:51,ICBP,RG,8375,1,F,CS,YP,D
14:45:46,ICBP,RG,8350,1,F,ZP,CC,D
14:45:44,ICBP,RG,8375,8,F,ZP,YP,D
14:45:44,ICBP,RG,8375,1,F,ZP,YP,D
14:45:35,ICBP,RG,8350,10,F,ZP,KK,D
14:45:35,ICBP,RG,8350,9,F,CS,KK,D
14:45:35,ICBP,RG,8350,10,D,PD,KK,D
14:45:35,ICBP,RG,8350,12,D,PD,KK,D
14:45:35,ICBP,RG,8350,1,D,YU,KK,D
14:45:35,ICBP,RG,8350,3,D,PD,KK,D
14:45:35,ICBP,RG,8350,1,D,PD,KK,D
14:45:35,ICBP,RG,8375,8,F,CS,YP,D
14:45:35,ICBP,RG,8350,1,D,PD,CS,F
14:45:35,ICBP,RG,8350,1,D,PD,CS,F
14:45:35,ICBP,RG,8375,16,F,CG,YP,D
14:45:33,ICBP,RG,8350,1,D,PD,CG,F
14:45:30,ICBP,RG,8375,12,F,ZP,YP,D
14:45:30,ICBP,RG,8375,9,F,ZP,YP,D
14:45:30,ICBP,RG,8375,3,F,AK,YP,D
14:45:23,ICBP,RG,8375,151,F,AK,YP,D
14:45:19,ICBP,RG,8375,12,D,YB,YP,D
14:45:17,ICBP,RG,8375,14,F,CG,YP,D
14:45:17,ICBP,RG,8375,11,D,YP,YP,D
14:45:17,ICBP,RG,8375,1,D,YP,YP,D
14:45:17,ICBP,RG,8375,1,D,YP,AK,F
14:45:17,ICBP,RG,8375,7,D,YP,AK,F
14:45:15,ICBP,RG,8375,11,F,AK,AK,F
14:45:14,ICBP,RG,8350,6,D,PD,YU,F
14:45:14,ICBP,RG,8350,29,D,GR,YU,F
14:45:14,ICBP,RG,8350,5,D,SH,YU,F
14:45:14,ICBP,RG,8350,3,D,XC,YU,F
14:45:14,ICBP,RG,8350,1,D,KK,YU,F
14:45:14,ICBP,RG,8350,1,D,PD,YU,F
14:45:14,ICBP,RG,8350,7,D,OD,YU,F
14:45:13,ICBP,RG,8350,4,D,OD,ZP,F
14:45:13,ICBP,RG,8350,9,D,OD,ZP,F
14:45:13,ICBP,RG,8350,1,D,OD,CG,F
14:45:13,ICBP,RG,8350,14,D,OD,XC,D
14:45:01,ICBP,RG,8375,9,F,CG,AK,F
14:45:01,ICBP,RG,8375,9,F,CG,AK,D
14:45:00,ICBP,RG,8350,4,D,OD,AK,F
14:44:47,ICBP,RG,8375,5,F,CS,AK,D
14:44:47,ICBP,RG,8375,1,F,CS,CG,F
14:44:47,ICBP,RG,8375,1,F,CS,CC,D
14:44:47,ICBP,RG,8375,2,F,CS,CC,D
14:44:47,ICBP,RG,8375,1,F,CS,PD,D
14:44:46,ICBP,RG,8375,2,F,CS,PD,D
14:44:46,ICBP,RG,8350,15,D,OD,YU,F
14:44:45,ICBP,RG,8375,2,F,AK,YP,D
14:44:40,ICBP,RG,8375,8,F,CG,YP,D
14:44:40,ICBP,RG,8375,3,F,CG,CS,F
14:44:40,ICBP,RG,8375,2,F,CG,AK,F
14:44:37,ICBP,RG,8375,2,F,CS,AK,F
14:44:30,ICBP,RG,8375,1,F,AK,AK,F
14:44:30,ICBP,RG,8375,5,F,AK,AK,F
14:44:28,ICBP,RG,8350,1,D,OD,CG,F
14:44:25,ICBP,RG,8375,15,F,CG,AK,F
14:44:19,ICBP,RG,8350,3,D,OD,XC,D
14:44:13,ICBP,RG,8350,15,D,OD,AK,D
14:44:10,ICBP,RG,8350,107,D,OD,AK,F
14:44:10,ICBP,RG,8375,14,F,CG,AK,F
14:44:08,ICBP,RG,8375,2,D,DH,AK,F
14:44:07,ICBP,RG,8375,2,D,DP,AK,F
14:44:05,ICBP,RG,8350,1,D,OD,CG,F
14:44:03,ICBP,RG,8350,8,D,OD,ZP,F
14:44:00,ICBP,RG,8375,1,F,AK,AK,F
14:44:00,ICBP,RG,8350,1,D,OD,AK,F
14:43:53,ICBP,RG,8350,6,D,OD,CS,F
14:43:52,ICBP,RG,8375,12,F,CG,AK,F
14:43:38,ICBP,RG,8350,1,D,OD,CG,F
14:43:37,ICBP,RG,8375,12,F,CG,AK,F
14:43:35,ICBP,RG,8350,1,D,OD,CC,D
14:43:29,ICBP,RG,8350,18,D,OD,AK,D
14:43:26,ICBP,RG,8350,1,D,OD,SQ,D
14:43:17,ICBP,RG,8375,13,F,CG,AK,F
14:43:12,ICBP,RG,8350,1,D,OD,CG,F
14:43:10,ICBP,RG,8350,1,D,OD,PD,D
14:43:10,ICBP,RG,8350,13,D,OD,ZP,F
14:43:10,ICBP,RG,8375,3,F,AK,AK,F
14:43:10,ICBP,RG,8375,2,D,NI,AK,F
14:43:00,ICBP,RG,8375,75,F,AK,AK,F
14:43:00,ICBP,RG,8375,134,F,AK,AK,F
14:42:59,ICBP,RG,8375,1,D,SQ,AK,F
14:42:59,ICBP,RG,8375,12,F,CG,AK,F
14:42:59,ICBP,RG,8375,190,F,KZ,AK,F
14:42:59,ICBP,RG,8375,1,F,KZ,ZP,F
14:42:59,ICBP,RG,8375,5,F,KZ,PD,D
14:42:59,ICBP,RG,8375,172,F,KZ,AK,F
14:42:59,ICBP,RG,8375,1,F,KZ,AK,F
14:42:59,ICBP,RG,8375,4,F,KZ,CS,F
14:42:59,ICBP,RG,8375,49,F,KZ,CC,D
14:42:59,ICBP,RG,8375,1,F,KZ,YP,D
14:42:59,ICBP,RG,8375,5,F,KZ,CC,D
14:42:59,ICBP,RG,8375,50,F,KZ,CC,D
14:42:59,ICBP,RG,8375,26,F,KZ,YP,D
14:42:54,ICBP,RG,8375,14,F,KZ,YP,D
14:42:48,ICBP,RG,8375,95,F,AK,YP,D
14:42:45,ICBP,RG,8375,2,F,CS,YP,D
14:42:45,ICBP,RG,8350,1,D,OD,CG,F
14:42:42,ICBP,RG,8375,13,F,CG,YP,D
14:42:42,ICBP,RG,8375,1,F,CG,AK,F
14:42:38,ICBP,RG,8350,20,D,OD,DH,D
14:42:29,ICBP,RG,8350,18,D,OD,AK,D
14:42:26,ICBP,RG,8350,1,D,OD,NI,D
14:42:25,ICBP,RG,8375,11,F,CG,AK,F
14:42:23,ICBP,RG,8375,3,D,YP,AK,F
14:42:15,ICBP,RG,8350,15,D,OD,YU,F
14:42:11,ICBP,RG,8350,6,D,OD,PD,D
14:42:10,ICBP,RG,8350,49,D,OD,LG,D
14:42:10,ICBP,RG,8350,5,D,PD,LG,D
14:42:10,ICBP,RG,8350,16,F,DX,LG,D
14:42:10,ICBP,RG,8350,6,D,OD,LG,D
14:42:10,ICBP,RG,8350,11,F,CS,LG,D
14:42:10,ICBP,RG,8350,13,F,DX,LG,D
14:42:07,ICBP,RG,8375,13,F,CG,AK,F
14:42:07,ICBP,RG,8350,1,D,NI,EP,D
14:42:07,ICBP,RG,8350,6,F,ZP,EP,D
14:42:07,ICBP,RG,8350,1,D,CC,EP,D
14:42:07,ICBP,RG,8350,2,D,KK,EP,D
14:42:06,ICBP,RG,8350,1,D,KK,DH,D
14:42:06,ICBP,RG,8350,5,D,PD,DH,D
14:42:06,ICBP,RG,8350,10,D,PD,DH,D
14:42:06,ICBP,RG,8350,1,D,CC,DH,D
14:42:06,ICBP,RG,8350,33,D,YP,DH,D
14:42:05,ICBP,RG,8375,3,D,DP,AK,F
14:41:51,ICBP,RG,8350,67,D,YP,YP,D
14:41:51,ICBP,RG,8350,25,D,GR,YP,D
14:41:51,ICBP,RG,8350,5,D,EP,YP,D
14:41:51,ICBP,RG,8350,3,D,YP,YP,D
14:41:51,ICBP,RG,8350,2,D,YP,YP,D
14:41:51,ICBP,RG,8350,3,D,PD,YP,D
14:41:51,ICBP,RG,8350,20,D,PD,YP,D
14:41:51,ICBP,RG,8350,3,D,PD,YP,D
14:41:51,ICBP,RG,8350,2,D,XC,YP,D
14:41:51,ICBP,RG,8350,17,D,XC,YP,D
14:41:51,ICBP,RG,8350,3,D,PD,YP,D
14:41:51,ICBP,RG,8350,36,D,YP,YP,D
14:41:51,ICBP,RG,8350,10,D,NI,YP,D
14:41:51,ICBP,RG,8350,11,F,DX,YP,D
14:41:47,ICBP,RG,8375,13,F,CG,AK,F
14:41:47,ICBP,RG,8375,12,F,KZ,AK,F
14:41:47,ICBP,RG,8375,13,F,KZ,XC,D
14:41:47,ICBP,RG,8375,20,F,KZ,NI,D
14:41:47,ICBP,RG,8375,1,F,KZ,XC,D
14:41:47,ICBP,RG,8375,5,F,KZ,NI,D
14:41:47,ICBP,RG,8375,28,F,KZ,AK,F
14:41:47,ICBP,RG,8375,3,F,KZ,XC,D
14:41:47,ICBP,RG,8375,2,F,KZ,AT,D
14:41:47,ICBP,RG,8375,5,F,KZ,PD,D
14:41:47,ICBP,RG,8375,36,F,KZ,PD,D
14:41:47,ICBP,RG,8375,50,F,KZ,YP,D
14:41:47,ICBP,RG,8375,1,F,KZ,CS,F
14:41:44,ICBP,RG,8350,4,F,DX,AK,D
14:41:44,ICBP,RG,8350,1,D,XC,AK,D
14:41:44,ICBP,RG,8350,9,F,CS,AK,D
14:41:38,ICBP,RG,8350,2,F,CS,YP,D
14:41:30,ICBP,RG,8375,17,F,CG,CS,F
14:41:23,ICBP,RG,8350,13,D,YP,OD,D
14:41:21,ICBP,RG,8375,52,D,YP,CS,F
14:41:15,ICBP,RG,8375,14,F,CG,CS,F
14:41:12,ICBP,RG,8350,9,D,YP,ZP,F
14:41:01,ICBP,RG,8350,173,D,YP,FS,D
14:41:01,ICBP,RG,8350,1,F,ZP,FS,D
14:41:01,ICBP,RG,8350,1,D,YP,FS,D
14:41:01,ICBP,RG,8350,1,D,XC,FS,D
14:41:01,ICBP,RG,8350,4,D,LG,FS,D
14:40:58,ICBP,RG,8350,6,D,LG,FS,D
14:40:58,ICBP,RG,8350,3,F,AK,FS,D
14:40:58,ICBP,RG,8350,14,F,DX,FS,D
14:40:58,ICBP,RG,8350,4,F,ZP,FS,D
14:40:58,ICBP,RG,8350,4,F,ZP,FS,D
14:40:58,ICBP,RG,8350,19,F,AK,FS,D
14:40:58,ICBP,RG,8350,2,F,AK,XC,D
14:40:58,ICBP,RG,8350,1,F,AK,XA,D
14:40:55,ICBP,RG,8375,6,F,CG,CS,F
14:40:55,ICBP,RG,8375,7,F,CG,AK,F
14:40:55,ICBP,RG,8350,2,F,AK,CC,D
14:40:44,ICBP,RG,8350,19,F,AK,AK,D
14:40:37,ICBP,RG,8375,13,F,CG,AK,F
14:40:35,ICBP,RG,8375,3,D,KK,AK,F
14:40:20,ICBP,RG,8375,1,D,AT,AK,F
14:40:19,ICBP,RG,8375,13,F,CG,AK,F
14:40:12,ICBP,RG,8375,2,D,XC,AK,F
14:40:12,ICBP,RG,8350,1,F,AK,ZP,F
14:40:12,ICBP,RG,8350,4,D,CC,ZP,F
14:40:10,ICBP,RG,8375,9,D,EP,AK,F
14:40:02,ICBP,RG,8375,7,F,CG,AK,F
14:40:01,ICBP,RG,8350,1,D,CC,YP,D
14:39:42,ICBP,RG,8375,3,D,NI,AK,F
14:39:29,ICBP,RG,8350,1,D,PD,ZP,F
14:39:29,ICBP,RG,8350,1,D,CC,ZP,F
14:39:29,ICBP,RG,8350,4,F,CS,ZP,F
14:39:29,ICBP,RG,8350,3,F,AK,ZP,F
14:39:19,ICBP,RG,8350,1,F,AK,NI,D
14:39:19,ICBP,RG,8350,3,F,CS,NI,D
14:39:19,ICBP,RG,8350,20,F,AK,NI,D
14:39:19,ICBP,RG,8350,2,F,ZP,NI,D
14:39:19,ICBP,RG,8350,30,D,PD,NI,D
14:39:19,ICBP,RG,8350,10,D,PD,NI,D
14:39:19,ICBP,RG,8350,1,D,PD,NI,D
14:39:19,ICBP,RG,8350,13,F,CG,NI,D
14:38:57,ICBP,RG,8350,1,F,AK,OD,D
14:38:52,ICBP,RG,8350,3,F,AK,FS,D
14:38:52,ICBP,RG,8350,4,F,CS,FS,D
14:38:52,ICBP,RG,8350,10,F,CS,FS,D
14:38:52,ICBP,RG,8350,10,D,DP,FS,D
14:38:52,ICBP,RG,8350,43,F,AK,FS,D
14:38:52,ICBP,RG,8350,8,F,CG,FS,D
14:38:52,ICBP,RG,8350,1,D,YP,FS,D
14:38:52,ICBP,RG,8350,1,F,ZP,FS,D
14:38:52,ICBP,RG,8350,16,F,DX,FS,D
14:38:52,ICBP,RG,8350,4,F,AK,FS,D
14:38:52,ICBP,RG,8350,6,F,CG,FS,D
14:38:52,ICBP,RG,8350,20,F,AK,FS,D
14:38:52,ICBP,RG,8350,19,F,AK,FS,D
14:38:52,ICBP,RG,8350,14,F,AK,FS,D
14:38:52,ICBP,RG,8350,5,F,AK,FS,D
14:38:52,ICBP,RG,8350,16,F,AK,FS,D
14:38:45,ICBP,RG,8350,33,F,AK,FS,D
14:38:45,ICBP,RG,8350,4,F,AK,FS,D
14:38:45,ICBP,RG,8350,7,F,AK,FS,D
14:38:45,ICBP,RG,8350,6,F,CG,FS,D
14:38:38,ICBP,RG,8350,1,F,CG,PD,D
14:38:18,ICBP,RG,8350,8,F,CG,ZP,F
14:38:16,ICBP,RG,8375,3,F,AK,AK,F
14:38:16,ICBP,RG,8375,1,F,AK,AK,F
14:38:16,ICBP,RG,8375,12,F,AK,AK,D
14:38:16,ICBP,RG,8375,1,F,AK,CS,F
14:38:16,ICBP,RG,8375,15,F,AK,YU,F
14:38:16,ICBP,RG,8375,2,F,AK,CG,F
14:38:16,ICBP,RG,8375,8,F,AK,PD,D
14:38:16,ICBP,RG,8375,2,F,AK,PD,D
14:38:16,ICBP,RG,8375,22,F,AK,YU,F
14:38:14,ICBP,RG,8350,13,F,CG,AK,D
14:38:12,ICBP,RG,8375,7,F,CG,YU,F
14:38:08,ICBP,RG,8375,1,D,YP,YU,F
14:38:03,ICBP,RG,8375,2,D,PD,YU,F
14:37:56,ICBP,RG,8375,2,F,CS,YU,F
14:37:52,ICBP,RG,8375,10,F,CG,YU,F
14:37:51,ICBP,RG,8375,50,D,PD,YU,F
14:37:51,ICBP,RG,8375,50,D,PD,YU,F
14:37:34,ICBP,RG,8375,7,F,CG,YU,F
14:37:17,ICBP,RG,8375,4,F,CG,YU,F
14:37:17,ICBP,RG,8375,2,F,CG,CC,D
14:37:15,ICBP,RG,8375,12,F,CS,AK,D
14:37:06,ICBP,RG,8375,1,D,PD,ZP,F
14:37:01,ICBP,RG,8375,6,F,CG,ZP,F
14:37:01,ICBP,RG,8375,3,F,CG,PD,D
14:36:52,ICBP,RG,8375,2,D,EP,PD,D
14:36:42,ICBP,RG,8375,2,F,CG,PD,D
14:36:42,ICBP,RG,8375,6,F,CG,PD,D
14:36:28,ICBP,RG,8375,1,F,AK,AK,F
14:36:28,ICBP,RG,8375,31,F,AK,AK,F
14:36:28,ICBP,RG,8375,4,F,AK,CS,F
14:36:28,ICBP,RG,8375,8,F,AK,AK,D
14:36:16,ICBP,RG,8350,8,F,CG,YP,D
14:36:07,ICBP,RG,8375,6,F,CG,AK,D
14:36:07,ICBP,RG,8375,1,F,CG,XC,D
14:36:05,ICBP,RG,8375,2,F,CS,CG,F
14:36:00,ICBP,RG,8375,2,F,AK,YP,D
14:36:00,ICBP,RG,8375,1,F,AK,XC,D
14:35:51,ICBP,RG,8375,4,D,KK,XC,D
14:35:47,ICBP,RG,8375,2,F,CG,EP,D
14:35:47,ICBP,RG,8375,1,F,CG,SQ,D
14:35:47,ICBP,RG,8375,4,F,CG,ZP,F
14:35:44,ICBP,RG,8375,4,F,KZ,ZP,F
14:35:44,ICBP,RG,8375,100,F,KZ,LG,D
14:35:44,ICBP,RG,8375,40,F,KZ,YP,D
14:35:44,ICBP,RG,8375,2,F,KZ,XC,D
14:35:44,ICBP,RG,8375,1,F,KZ,DR,D
14:35:44,ICBP,RG,8375,2,F,KZ,CC,D
14:35:44,ICBP,RG,8375,2,F,KZ,YP,D
14:35:44,ICBP,RG,8375,2,F,KZ,NI,D
14:35:44,ICBP,RG,8375,1,F,KZ,YP,D
14:35:44,ICBP,RG,8375,1,F,KZ,YP,D
14:35:44,ICBP,RG,8375,2,F,KZ,CC,D
14:35:44,ICBP,RG,8375,9,F,KZ,CG,F
14:35:44,ICBP,RG,8375,5,F,KZ,CC,D
14:35:44,ICBP,RG,8375,14,F,KZ,OD,D
14:35:44,ICBP,RG,8375,1,F,KZ,XC,D
14:35:44,ICBP,RG,8375,1,F,KZ,CS,F
14:35:44,ICBP,RG,8375,10,F,KZ,LS,D
14:35:44,ICBP,RG,8375,2,F,KZ,CS,F
14:35:44,ICBP,RG,8375,10,F,KZ,PD,D
14:35:44,ICBP,RG,8375,2,F,KZ,CC,D
14:35:44,ICBP,RG,8375,35,F,KZ,AK,F
14:35:44,ICBP,RG,8375,46,F,KZ,AK,F
14:35:44,ICBP,RG,8375,1,F,KZ,CS,F
14:35:44,ICBP,RG,8375,1,F,KZ,NI,D
14:35:44,ICBP,RG,8375,3,F,KZ,PD,D
14:35:40,ICBP,RG,8350,1,F,CG,XC,D
14:35:27,ICBP,RG,8375,3,F,CG,PD,D
14:35:27,ICBP,RG,8375,2,F,CG,CC,D
14:35:16,ICBP,RG,8350,1,F,ZP,CG,F
14:35:16,ICBP,RG,8350,1,F,ZP,ZP,F
14:35:11,ICBP,RG,8375,8,F,CG,CC,D
14:35:05,ICBP,RG,8350,7,F,ZP,ZP,F
14:35:05,ICBP,RG,8350,7,F,ZP,ZP,F
14:35:00,ICBP,RG,8375,1,F,CS,XC,D
14:35:00,ICBP,RG,8375,10,F,CS,LG,D
14:34:59,ICBP,RG,8350,22,F,ZP,AK,D
14:34:52,ICBP,RG,8375,15,F,AK,CC,D
14:34:52,ICBP,RG,8375,26,F,AK,AK,F
14:34:50,ICBP,RG,8375,9,F,CG,AK,F
14:34:47,ICBP,RG,8350,1,F,ZP,CC,D
14:34:38,ICBP,RG,8350,1,F,ZP,CG,F
14:34:37,ICBP,RG,8375,4,D,PD,AK,F
14:34:32,ICBP,RG,8375,11,F,CG,AK,F
14:34:30,ICBP,RG,8375,1,F,AK,CS,F
14:34:30,ICBP,RG,8375,3,F,AK,NI,D
14:34:22,ICBP,RG,8375,12,D,HP,NI,D
14:34:22,ICBP,RG,8375,1,D,HP,AK,F
14:34:22,ICBP,RG,8375,5,D,HP,XC,D
14:34:22,ICBP,RG,8375,1,D,HP,CC,D
14:34:22,ICBP,RG,8375,3,D,HP,CS,F
14:34:22,ICBP,RG,8375,2,D,HP,KK,D
14:34:16,ICBP,RG,8375,10,F,CG,FS,D
14:34:10,ICBP,RG,8375,87,F,AK,FS,D
14:34:07,ICBP,RG,8375,13,D,DP,FS,D
14:34:07,ICBP,RG,8350,1,F,ZP,CG,F
14:34:00,ICBP,RG,8375,2,F,CS,FS,D
14:34:00,ICBP,RG,8350,1,F,ZP,AK,F
14:33:59,ICBP,RG,8375,6,F,CG,FS,D
14:33:42,ICBP,RG,8375,9,F,CG,FS,D
14:33:32,ICBP,RG,8375,10,D,YP,FS,D
14:33:25,ICBP,RG,8350,1,F,ZP,CG,F
14:33:23,ICBP,RG,8375,7,F,CG,FS,D
14:33:18,ICBP,RG,8375,36,F,AK,FS,D
14:33:18,ICBP,RG,8375,8,F,AK,FS,D
14:33:15,ICBP,RG,8350,8,F,ZP,ZP,F
14:33:14,ICBP,RG,8350,9,F,ZP,AK,D
14:33:14,ICBP,RG,8350,1,F,ZP,AK,D
14:33:11,ICBP,RG,8375,2,D,XC,FS,D
14:33:11,ICBP,RG,8350,1,F,ZP,XC,D
14:33:07,ICBP,RG,8375,7,F,CG,FS,D
14:32:58,ICBP,RG,8350,1,F,ZP,SQ,D
14:32:54,ICBP,RG,8375,4,F,AK,FS,D
14:32:50,ICBP,RG,8375,7,F,CG,FS,D
14:32:46,ICBP,RG,8350,10,F,ZP,NI,D
14:32:43,ICBP,RG,8350,1,F,ZP,CG,F
14:32:42,ICBP,RG,8375,10,D,CC,FS,D
14:32:40,ICBP,RG,8350,5,F,ZP,YP,D
14:32:32,ICBP,RG,8375,8,F,CG,FS,D
14:32:29,ICBP,RG,8350,12,F,ZP,AK,D
14:32:24,ICBP,RG,8350,17,F,ZP,YP,D
14:32:24,ICBP,RG,8350,2,F,ZP,YP,D
14:32:24,ICBP,RG,8350,1,F,ZP,YP,D
14:32:24,ICBP,RG,8350,10,F,ZP,YP,D
14:32:24,ICBP,RG,8350,59,F,GW,YP,D
14:32:15,ICBP,RG,8375,4,F,CS,FS,D
14:32:15,ICBP,RG,8375,2,F,CS,XC,D
14:32:15,ICBP,RG,8375,3,F,CS,YP,D
14:32:14,ICBP,RG,8375,2,F,CG,YP,D
14:32:14,ICBP,RG,8375,6,F,CG,AK,F
14:32:11,ICBP,RG,8350,8,F,GW,ZP,F
14:32:06,ICBP,RG,8350,180,F,GW,FS,D
14:32:02,ICBP,RG,8375,4,D,IF,AK,F
14:32:00,ICBP,RG,8350,1,F,GW,CG,F
14:31:59,ICBP,RG,8350,50,F,GW,FS,D
14:31:56,ICBP,RG,8375,7,F,CG,AK,F
14:31:53,ICBP,RG,8375,32,F,AK,AK,F
14:31:48,ICBP,RG,8375,2,F,CS,AK,F
14:31:39,ICBP,RG,8375,13,F,CG,AK,F
14:31:34,ICBP,RG,8375,1,F,ZP,AK,F
14:31:34,ICBP,RG,8375,14,F,ZP,AK,F
14:31:34,ICBP,RG,8375,1,F,ZP,AK,F
14:31:21,ICBP,RG,8375,4,F,ZP,AK,F
14:31:20,ICBP,RG,8375,8,F,CG,AK,F
14:31:18,ICBP,RG,8375,39,D,PD,AK,F
14:31:17,ICBP,RG,8375,6,F,ZP,AK,F
14:31:16,ICBP,RG,8350,1,F,GW,CG,F
14:31:09,ICBP,RG,8350,8,F,GW,ZP,F
14:31:01,ICBP,RG,8375,7,F,CG,AK,F
14:30:58,ICBP,RG,8375,10,D,PD,AK,F
14:30:45,ICBP,RG,8375,7,F,CG,AK,F
14:30:45,ICBP,RG,8375,10,D,NI,AK,F
14:30:44,ICBP,RG,8375,6,F,ZP,AK,F
14:30:42,ICBP,RG,8350,3,F,GW,NI,D
14:30:41,ICBP,RG,8350,180,F,GW,FS,D
14:30:37,ICBP,RG,8375,11,D,DP,AK,F
14:30:37,ICBP,RG,8375,1,D,DP,AK,D
14:30:37,ICBP,RG,8350,50,F,GW,FS,D
14:30:35,ICBP,RG,8375,1,F,ZP,AK,D
14:30:35,ICBP,RG,8375,1,F,ZP,AK,D
14:30:34,ICBP,RG,8350,50,F,GW,LG,D
14:30:33,ICBP,RG,8375,8,F,AK,AK,D
14:30:33,ICBP,RG,8375,1,F,AK,AK,F
14:30:33,ICBP,RG,8375,1,F,AK,OD,D
14:30:33,ICBP,RG,8375,1,F,AK,CG,F
14:30:33,ICBP,RG,8375,24,F,AK,AG,F
14:30:27,ICBP,RG,8375,1,F,CG,AG,F
14:30:27,ICBP,RG,8375,1,F,CG,YU,F
14:30:27,ICBP,RG,8375,4,F,CG,GR,D
14:30:24,ICBP,RG,8375,9,F,ZP,GR,D
14:30:18,ICBP,RG,8375,1,F,ZP,GR,D
14:30:15,ICBP,RG,8375,7,F,AK,GR,D
14:30:15,ICBP,RG,8375,22,F,AK,GR,D
14:30:12,ICBP,RG,8375,5,F,CG,GR,D
14:30:09,ICBP,RG,8350,8,F,GW,ZP,F
14:30:05,ICBP,RG,8375,2,F,CS,GR,D
14:30:05,ICBP,RG,8375,5,D,PD,GR,D
14:30:02,ICBP,RG,8375,2,D,XC,GR,D
14:29:53,ICBP,RG,8375,6,F,CG,GR,D
14:29:53,ICBP,RG,8375,11,F,CS,GR,D
14:29:52,ICBP,RG,8375,5,D,YP,GR,D
14:29:44,ICBP,RG,8375,93,F,AK,GR,D
14:29:38,ICBP,RG,8375,35,F,ZP,GR,D
14:29:37,ICBP,RG,8375,5,F,CG,GR,D
14:29:36,ICBP,RG,8375,1,F,ZP,GR,D
14:29:36,ICBP,RG,8375,1,F,ZP,GR,D
14:29:36,ICBP,RG,8375,1,F,ZP,GR,D
14:29:35,ICBP,RG,8375,5,D,XC,GR,D
14:29:18,ICBP,RG,8375,6,F,CG,GR,D
14:29:18,ICBP,RG,8375,11,F,AK,GR,D
14:29:18,ICBP,RG,8375,11,F,AK,AK,D
14:29:18,ICBP,RG,8375,5,F,AK,PD,D
14:29:18,ICBP,RG,8375,2,F,AK,AK,F
14:29:10,ICBP,RG,8375,1,D,PD,AK,F
14:29:06,ICBP,RG,8375,5,D,NI,AK,F
14:29:02,ICBP,RG,8375,4,F,CG,AK,F
14:28:49,ICBP,RG,8375,6,F,ZP,AK,F
14:28:49,ICBP,RG,8375,18,F,ZP,AK,F
14:28:49,ICBP,RG,8375,14,F,ZP,AK,F
14:28:49,ICBP,RG,8375,1,F,ZP,CG,F
14:28:49,ICBP,RG,8375,5,F,ZP,AK,F
14:28:42,ICBP,RG,8375,6,F,CG,AK,F
14:28:22,ICBP,RG,8375,6,F,CG,AK,F
14:28:19,ICBP,RG,8350,21,F,GW,CC,D
14:28:12,ICBP,RG,8375,2,F,CS,AK,F
14:28:08,ICBP,RG,8375,3,D,SQ,AK,F
14:28:04,ICBP,RG,8375,4,F,AK,AK,F
14:28:04,ICBP,RG,8375,10,F,AK,PD,D
14:28:04,ICBP,RG,8375,3,F,AK,CS,F
14:28:04,ICBP,RG,8375,5,F,AK,PD,D
14:28:04,ICBP,RG,8375,8,F,AK,YP,D
14:28:00,ICBP,RG,8375,4,F,CG,YP,D
14:27:54,ICBP,RG,8375,7,F,ZP,YP,D
14:27:45,ICBP,RG,8375,1,D,KK,YP,D
14:27:45,ICBP,RG,8375,5,D,KK,AK,D
14:27:42,ICBP,RG,8375,4,F,CG,AK,D
14:27:42,ICBP,RG,8375,1,F,CG,CG,F
14:27:42,ICBP,RG,8375,1,F,CG,AK,F
14:27:40,ICBP,RG,8375,5,D,DR,PD,D
14:27:40,ICBP,RG,8375,16,D,DR,YP,D
14:27:40,ICBP,RG,8375,1,D,DR,CG,F
14:27:40,ICBP,RG,8375,8,D,DR,YP,D
14:27:39,ICBP,RG,8375,67,F,KZ,YP,D
14:27:39,ICBP,RG,8375,10,F,KZ,AK,D
14:27:39,ICBP,RG,8375,15,F,KZ,YU,F
14:27:39,ICBP,RG,8375,4,F,KZ,ZP,F
14:27:39,ICBP,RG,8375,28,F,KZ,YP,D
14:27:39,ICBP,RG,8375,10,F,KZ,ZP,F
14:27:39,ICBP,RG,8375,1,F,KZ,YP,D
14:27:39,ICBP,RG,8375,8,F,KZ,KK,D
14:27:39,ICBP,RG,8375,2,F,KZ,PD,D
14:27:39,ICBP,RG,8375,1,F,KZ,XC,D
14:27:39,ICBP,RG,8375,7,F,KZ,XC,D
14:27:39,ICBP,RG,8375,1,F,KZ,PD,D
14:27:39,ICBP,RG,8375,3,F,KZ,PD,D
14:27:39,ICBP,RG,8375,4,F,KZ,PD,D
14:27:39,ICBP,RG,8375,2,F,KZ,CC,D
14:27:39,ICBP,RG,8375,10,F,KZ,CC,D
14:27:39,ICBP,RG,8375,2,F,KZ,YP,D
14:27:39,ICBP,RG,8375,3,F,KZ,XC,D
14:27:39,ICBP,RG,8375,36,F,KZ,PG,D
14:27:29,ICBP,RG,8350,11,F,GW,AK,D
14:27:25,ICBP,RG,8375,6,F,AK,PG,D
14:27:24,ICBP,RG,8375,5,F,CG,PG,D
14:27:21,ICBP,RG,8375,1,D,XC,PG,D
14:27:20,ICBP,RG,8375,5,D,PD,PG,D
14:27:12,ICBP,RG,8350,7,F,GW,ZP,F
14:27:12,ICBP,RG,8350,1,F,GW,YP,D
14:27:07,ICBP,RG,8375,6,F,CG,PG,D
14:26:55,ICBP,RG,8375,5,D,XC,PG,D
14:26:50,ICBP,RG,8375,7,F,CG,PG,D
14:26:48,ICBP,RG,8375,31,F,AK,PG,D
14:26:44,ICBP,RG,8350,1,F,GW,CG,F
14:26:37,ICBP,RG,8350,15,F,GW,YU,F
14:26:31,ICBP,RG,8375,6,F,CG,PG,D
14:26:29,ICBP,RG,8350,14,F,GW,AK,D
14:26:27,ICBP,RG,8375,2,F,CS,PG,D
14:26:15,ICBP,RG,8350,8,F,GW,ZP,F
14:26:15,ICBP,RG,8375,7,F,CG,PG,D
14:25:58,ICBP,RG,8375,3,D,AT,PG,D
14:25:57,ICBP,RG,8375,6,F,CG,PG,D
14:25:56,ICBP,RG,8350,180,F,GW,FS,D
14:25:51,ICBP,RG,8350,50,F,GW,FS,D
14:25:42,ICBP,RG,8375,21,F,AK,PG,D
14:25:40,ICBP,RG,8375,5,F,CG,PG,D
14:25:28,ICBP,RG,8350,11,F,GW,AK,D
14:25:26,ICBP,RG,8375,1,F,ZP,PG,D
14:25:24,ICBP,RG,8375,20,D,YP,PG,D
14:25:22,ICBP,RG,8375,7,F,CG,PG,D
14:25:15,ICBP,RG,8350,2,F,GW,ZP,F
14:25:04,ICBP,RG,8375,7,F,CG,PG,D
14:24:59,ICBP,RG,8350,10,F,GW,ZP,F
14:24:59,ICBP,RG,8375,1,F,ZP,PG,D
14:24:59,ICBP,RG,8375,32,F,ZP,PG,D
14:24:59,ICBP,RG,8375,14,F,ZP,PG,D
14:24:59,ICBP,RG,8375,1,F,ZP,PG,D
14:24:48,ICBP,RG,8375,22,F,AK,PG,D
14:24:47,ICBP,RG,8375,8,F,CG,PG,D
14:24:37,ICBP,RG,8375,1,D,PD,PG,D
14:24:33,ICBP,RG,8375,2,F,CS,PG,D
14:24:27,ICBP,RG,8375,6,F,CG,PG,D
14:24:24,ICBP,RG,8375,4,F,ZP,PG,D
14:24:24,ICBP,RG,8375,14,F,ZP,PG,D
14:24:24,ICBP,RG,8375,4,F,ZP,PG,D
14:24:23,ICBP,RG,8375,8,F,ZP,PG,D
14:24:23,ICBP,RG,8350,1,F,GW,PD,D
14:24:14,ICBP,RG,8350,12,F,GW,AK,D
14:24:13,ICBP,RG,8375,10,D,PD,PG,D
14:24:08,ICBP,RG,8375,6,F,CG,PG,D
14:23:51,ICBP,RG,8375,23,F,AK,PG,D
14:23:50,ICBP,RG,8375,6,F,CG,PG,D
14:23:43,ICBP,RG,8350,10,F,GW,ZP,F
14:23:32,ICBP,RG,8375,2,F,CG,PG,D
14:23:15,ICBP,RG,8375,3,F,AK,PG,D
14:23:04,ICBP,RG,8350,80,F,GW,YP,D
14:22:55,ICBP,RG,8375,10,D,CC,PG,D
14:22:50,ICBP,RG,8375,2,F,CS,PG,D
14:22:49,ICBP,RG,8375,34,F,KZ,PG,D
14:22:49,ICBP,RG,8375,3,F,KZ,XC,D
14:22:49,ICBP,RG,8375,2,F,KZ,AZ,D
14:22:49,ICBP,RG,8375,2,F,KZ,DX,D
14:22:49,ICBP,RG,8375,1,F,KZ,NI,D
14:22:49,ICBP,RG,8375,10,F,KZ,PD,D
14:22:49,ICBP,RG,8375,5,F,KZ,CC,D
14:22:49,ICBP,RG,8375,100,F,KZ,YP,D
14:22:49,ICBP,RG,8375,1,F,KZ,GR,D
14:22:49,ICBP,RG,8375,7,F,KZ,NI,D
14:22:49,ICBP,RG,8375,10,F,KZ,YP,D
14:22:48,ICBP,RG,8375,1,F,AK,AG,D
14:22:48,ICBP,RG,8375,1,F,AK,XC,D
14:22:48,ICBP,RG,8375,1,F,AK,KK,D
14:22:48,ICBP,RG,8375,5,F,AK,DH,D
14:22:48,ICBP,RG,8375,3,F,AK,DR,D
14:22:48,ICBP,RG,8375,1,F,AK,EP,D
14:22:48,ICBP,RG,8375,2,F,AK,YP,D
14:22:48,ICBP,RG,8375,9,F,AK,SQ,D
14:22:46,ICBP,RG,8375,50,D,PD,SQ,D
14:22:37,ICBP,RG,8375,1,D,IF,SQ,D
14:22:29,ICBP,RG,8350,11,F,GW,AK,D
14:22:28,ICBP,RG,8350,7,F,GW,ZP,F
14:22:26,ICBP,RG,8350,2,F,GW,CC,D
14:22:19,ICBP,RG,8350,180,F,GW,FS,D
14:22:16,ICBP,RG,8350,2,F,GW,PD,D
14:22:10,ICBP,RG,8375,4,D,PD,SQ,D
14:22:08,ICBP,RG,8375,1,D,CC,YP,D
14:22:08,ICBP,RG,8375,1,D,CC,YP,D
14:22:08,ICBP,RG,8375,2,D,CC,PD,D
14:22:01,ICBP,RG,8350,50,F,GW,FS,D
14:21:48,ICBP,RG,8375,16,F,AK,PD,D
14:21:33,ICBP,RG,8350,10,F,GW,ZP,F
14:21:32,ICBP,RG,8350,2,F,GW,PD,D
14:21:01,ICBP,RG,8350,50,F,GW,FS,D
14:20:57,ICBP,RG,8350,180,F,GW,FS,D
14:20:55,ICBP,RG,8375,5,F,ZP,PD,D
14:20:55,ICBP,RG,8375,13,F,ZP,PD,D
14:20:55,ICBP,RG,8375,1,F,ZP,NI,D
14:20:55,ICBP,RG,8375,18,F,ZP,PD,D
14:20:55,ICBP,RG,8375,3,F,ZP,PD,D
14:20:55,ICBP,RG,8375,7,F,ZP,PD,D
14:20:40,ICBP,RG,8375,3,F,CS,PD,D
14:20:33,ICBP,RG,8375,19,F,AK,PD,D
14:20:33,ICBP,RG,8375,1,F,AK,EP,D
14:20:33,ICBP,RG,8375,1,F,AK,PD,D
14:20:33,ICBP,RG,8375,4,F,AK,YP,D
14:20:09,ICBP,RG,8350,5,F,GW,ZP,F
14:19:31,ICBP,RG,8350,8,F,GW,ZP,F
14:19:18,ICBP,RG,8375,10,D,PD,YP,D
14:19:18,ICBP,RG,8375,29,F,AK,YP,D
14:18:57,ICBP,RG,8350,1,F,GW,YU,D
14:18:30,ICBP,RG,8350,8,F,GW,ZP,F
14:18:03,ICBP,RG,8375,7,F,AK,YP,D
14:18:03,ICBP,RG,8375,3,F,AK,DH,D
14:18:03,ICBP,RG,8375,1,F,AK,KK,D
14:18:03,ICBP,RG,8375,10,F,AK,LG,D
14:18:02,ICBP,RG,8375,1,D,PD,PD,D
14:18:02,ICBP,RG,8375,49,D,PD,NI,D
14:17:53,ICBP,RG,8350,20,F,GW,YP,D
14:17:42,ICBP,RG,8350,1,F,GW,PC,D
14:17:25,ICBP,RG,8350,7,F,GW,ZP,F
14:17:22,ICBP,RG,8375,1,D,PD,NI,D
14:17:22,ICBP,RG,8375,3,D,PD,PD,D
14:17:22,ICBP,RG,8375,1,D,PD,NI,D
14:17:22,ICBP,RG,8375,5,D,PD,LG,D
14:17:16,ICBP,RG,8375,3,D,XC,LG,D
14:17:03,ICBP,RG,8375,23,F,AK,LG,D
14:17:02,ICBP,RG,8375,69,D,AI,LG,D
14:17:02,ICBP,RG,8375,1,D,AI,YP,D
14:17:02,ICBP,RG,8375,5,D,AI,KK,D
14:17:02,ICBP,RG,8375,12,D,AI,CC,D
14:17:02,ICBP,RG,8375,1,D,AI,PD,D
14:17:02,ICBP,RG,8375,1,D,AI,PD,D
14:17:02,ICBP,RG,8375,1,D,AI,YP,D
14:17:02,ICBP,RG,8375,5,D,AI,KK,D
14:17:02,ICBP,RG,8375,10,D,AI,YP,D
14:17:02,ICBP,RG,8375,5,D,AI,YP,D
14:17:02,ICBP,RG,8375,2,D,AI,CC,D
14:17:02,ICBP,RG,8375,1,D,AI,SQ,D
14:17:02,ICBP,RG,8375,1,D,AI,YB,D
14:17:02,ICBP,RG,8375,5,D,AI,NI,D
14:17:02,ICBP,RG,8375,2,D,AI,DH,D
14:17:02,ICBP,RG,8375,1,D,AI,PD,D
14:17:02,ICBP,RG,8375,1,D,AI,PD,D
14:17:02,ICBP,RG,8375,1,D,AI,YP,D
14:17:02,ICBP,RG,8375,1,D,AI,YP,D
14:17:02,ICBP,RG,8375,16,D,AI,YP,D
14:17:02,ICBP,RG,8375,2,D,AI,DR,D
14:17:02,ICBP,RG,8375,1,D,AI,PD,D
14:17:02,ICBP,RG,8375,56,D,AI,PD,D
14:16:53,ICBP,RG,8375,25,D,GR,PD,D
14:16:30,ICBP,RG,8350,9,F,GW,ZP,F
14:16:01,ICBP,RG,8350,1,F,GW,YP,D
14:16:00,ICBP,RG,8350,10,F,GW,KK,D
14:15:49,ICBP,RG,8350,2,F,GW,CC,D
14:15:48,ICBP,RG,8375,19,F,AK,PD,D
14:15:48,ICBP,RG,8375,1,F,AK,PD,D
14:15:48,ICBP,RG,8375,2,F,AK,EP,D
14:15:48,ICBP,RG,8375,15,F,AK,PD,D
14:15:22,ICBP,RG,8350,59,F,GW,YP,D
14:14:55,ICBP,RG,8350,25,F,GW,CC,D
14:14:41,ICBP,RG,8350,10,F,GW,KK,D
14:14:40,ICBP,RG,8350,29,F,GW,AK,F
14:14:40,ICBP,RG,8350,59,F,GW,AK,F
14:14:40,ICBP,RG,8350,30,F,GW,AK,F
14:14:40,ICBP,RG,8350,57,F,GW,AK,F
14:14:40,ICBP,RG,8350,10,F,GW,AK,D
14:14:40,ICBP,RG,8350,10,F,GW,AK,D
14:14:40,ICBP,RG,8350,27,F,GW,AK,F
14:14:40,ICBP,RG,8350,55,F,GW,AK,F
14:14:40,ICBP,RG,8350,9,F,GW,AK,D
14:14:40,ICBP,RG,8350,111,F,GW,YU,F
14:14:40,ICBP,RG,8350,1,F,GW,AK,F
14:14:40,ICBP,RG,8350,110,F,GW,XA,D
14:14:40,ICBP,RG,8350,35,F,GW,BQ,D
14:14:40,ICBP,RG,8350,4,F,GW,CG,F
14:14:40,ICBP,RG,8350,1,F,GW,CS,F
14:14:40,ICBP,RG,8350,3,F,GW,XC,D
14:14:40,ICBP,RG,8350,300,F,GW,ES,D
14:14:40,ICBP,RG,8350,1,F,GW,PD,D
14:14:40,ICBP,RG,8350,5,F,GW,OD,D
14:14:40,ICBP,RG,8350,1,F,GW,PD,D
14:14:40,ICBP,RG,8350,3,F,GW,AZ,D
14:14:40,ICBP,RG,8350,15,F,GW,PD,D
14:14:40,ICBP,RG,8350,6,F,GW,CC,D
14:14:40,ICBP,RG,8350,8,F,GW,XC,D
14:14:40,ICBP,RG,8350,25,F,GW,DH,D
14:14:40,ICBP,RG,8350,1,F,GW,YU,F
14:14:40,ICBP,RG,8350,2,F,GW,DR,D
14:14:40,ICBP,RG,8350,6,F,GW,KK,D
14:14:40,ICBP,RG,8350,28,F,GW,PD,D
14:14:40,ICBP,RG,8350,10,F,GW,LG,D
14:14:40,ICBP,RG,8350,12,F,GW,PD,D
14:14:40,ICBP,RG,8350,1,F,GW,PD,D
14:14:40,ICBP,RG,8350,1,F,GW,NI,D
14:14:40,ICBP,RG,8350,1,F,GW,NI,D
14:14:40,ICBP,RG,8350,5,F,GW,PD,D
14:14:40,ICBP,RG,8350,5,F,GW,PD,D
14:14:40,ICBP,RG,8350,5,F,GW,XC,D
14:14:40,ICBP,RG,8350,100,F,GW,YP,D
14:14:40,ICBP,RG,8350,1,F,GW,NI,D
14:14:40,ICBP,RG,8350,13,F,GW,PD,D
14:14:40,ICBP,RG,8350,5,F,GW,AZ,D
14:14:40,ICBP,RG,8350,30,F,GW,YP,D
14:14:40,ICBP,RG,8350,20,F,GW,KK,D
14:14:40,ICBP,RG,8350,5,F,GW,CC,D
14:14:40,ICBP,RG,8350,2,F,GW,CC,D
14:14:40,ICBP,RG,8350,2,F,GW,CS,F
14:14:40,ICBP,RG,8350,1,F,GW,YP,D
14:14:40,ICBP,RG,8350,20,F,GW,YP,D
14:14:40,ICBP,RG,8350,104,F,GW,CS,F
14:14:40,ICBP,RG,8350,4,F,GW,NI,D
14:14:40,ICBP,RG,8350,1,F,GW,GR,D
14:14:40,ICBP,RG,8350,2,F,GW,NI,D
14:14:40,ICBP,RG,8350,1,F,GW,KK,D
14:14:40,ICBP,RG,8350,15,F,GW,YU,F
14:14:40,ICBP,RG,8350,30,F,GW,SQ,D
14:14:40,ICBP,RG,8350,10,F,GW,OD,D
14:14:40,ICBP,RG,8350,1,F,GW,PD,D
14:14:40,ICBP,RG,8350,4,F,GW,CS,F
14:14:40,ICBP,RG,8350,5,F,GW,YP,D
14:14:40,ICBP,RG,8350,3,F,GW,NI,D
14:14:40,ICBP,RG,8350,10,F,GW,YP,D
14:14:40,ICBP,RG,8350,1,F,GW,AK,F
14:14:40,ICBP,RG,8350,1,F,GW,CC,D
14:14:40,ICBP,RG,8350,18,F,GW,KK,D
14:14:40,ICBP,RG,8350,2,F,GW,PD,D
14:14:40,ICBP,RG,8350,1,F,GW,PD,D
14:14:40,ICBP,RG,8350,1,F,GW,CC,D
14:14:40,ICBP,RG,8350,10,F,GW,CC,D
14:14:40,ICBP,RG,8350,30,F,GW,AK,F
14:14:40,ICBP,RG,8350,59,F,GW,AK,F
14:14:40,ICBP,RG,8350,2,F,GW,CC,D
14:14:40,ICBP,RG,8350,24,F,GW,AK,F
14:14:40,ICBP,RG,8350,47,F,GW,AK,F
14:14:40,ICBP,RG,8350,1,F,GW,YP,D
14:14:40,ICBP,RG,8350,4,F,GW,CS,F
14:14:40,ICBP,RG,8350,1,F,GW,AK,F
14:14:40,ICBP,RG,8350,5,F,GW,AZ,D
14:14:40,ICBP,RG,8350,2,F,GW,YP,D
14:14:40,ICBP,RG,8350,5,F,GW,PD,D
14:14:40,ICBP,RG,8350,1,F,GW,EP,D
14:14:40,ICBP,RG,8350,10,F,GW,CC,D
14:14:40,ICBP,RG,8350,2,F,GW,CC,D
14:14:40,ICBP,RG,8350,3,F,GW,PD,D
14:14:40,ICBP,RG,8350,27,F,GW,AK,F
14:14:40,ICBP,RG,8350,54,F,GW,AK,F
14:14:40,ICBP,RG,8350,1,F,GW,CG,F
14:14:40,ICBP,RG,8350,2,F,GW,ZP,F
14:14:40,ICBP,RG,8350,5,F,GW,YP,D
14:14:40,ICBP,RG,8350,100,F,GW,OD,D
14:14:40,ICBP,RG,8350,3,F,GW,AK,D
14:14:40,ICBP,RG,8350,70,F,GW,CC,D
14:14:40,ICBP,RG,8350,1,F,GW,YP,D
14:14:40,ICBP,RG,8350,1,F,GW,CG,F
14:14:40,ICBP,RG,8350,5,F,GW,YP,D
14:14:40,ICBP,RG,8350,2,F,GW,PD,D
14:14:40,ICBP,RG,8350,3,F,GW,CC,D
14:14:40,ICBP,RG,8350,10,F,GW,AK,D
14:14:40,ICBP,RG,8350,1,F,GW,CS,F
14:14:40,ICBP,RG,8350,1,F,GW,AK,F
14:14:40,ICBP,RG,8350,10,F,GW,PD,D
14:14:40,ICBP,RG,8350,1,F,GW,CG,F
14:14:40,ICBP,RG,8350,11,F,GW,AK,D
14:14:40,ICBP,RG,8350,2,F,GW,CS,F
14:14:40,ICBP,RG,8350,10,F,GW,YP,D
14:14:40,ICBP,RG,8350,1,F,GW,SQ,D
14:14:40,ICBP,RG,8350,31,F,GW,AK,F
14:14:40,ICBP,RG,8350,62,F,GW,AK,F
14:14:40,ICBP,RG,8350,10,F,GW,AK,D
14:14:40,ICBP,RG,8350,1,F,GW,CG,F
14:14:40,ICBP,RG,8350,1,F,GW,AK,F
14:14:40,ICBP,RG,8350,5,F,GW,CC,D
14:14:40,ICBP,RG,8350,2,F,GW,ZP,F
14:14:40,ICBP,RG,8350,1,F,GW,PD,D
14:14:40,ICBP,RG,8350,7,F,GW,ZP,F
14:14:40,ICBP,RG,8350,1,F,GW,YP,D
14:14:40,ICBP,RG,8350,47,F,GW,AK,F
14:14:40,ICBP,RG,8350,2,F,GW,CC,D
14:14:40,ICBP,RG,8350,100,F,GW,YP,D
14:14:40,ICBP,RG,8350,3,F,GW,XC,D
14:14:40,ICBP,RG,8350,2,F,GW,CC,D
14:14:40,ICBP,RG,8350,2,F,GW,XC,D
14:14:40,ICBP,RG,8350,4,F,GW,PD,D
14:14:40,ICBP,RG,8350,1,F,GW,XC,D
14:14:40,ICBP,RG,8350,1,F,GW,PD,D
14:14:40,ICBP,RG,8350,1,F,GW,PD,D
14:14:40,ICBP,RG,8350,2,F,GW,KK,D
14:14:40,ICBP,RG,8350,1,F,GW,CC,D
14:14:40,ICBP,RG,8350,1,F,GW,PD,D
14:14:40,ICBP,RG,8350,1,F,GW,PD,D
14:14:40,ICBP,RG,8350,40,F,GW,ES,D
14:14:40,ICBP,RG,8350,2,F,GW,YB,D
14:14:40,ICBP,RG,8350,100,F,GW,CP,D
14:14:40,ICBP,RG,8350,2,F,GW,CC,D
14:14:40,ICBP,RG,8350,1,F,GW,SQ,D
14:14:40,ICBP,RG,8350,2,F,GW,PD,D
14:14:40,ICBP,RG,8350,1,F,GW,PD,D
14:14:40,ICBP,RG,8350,1,F,GW,GR,D
14:14:40,ICBP,RG,8350,1,F,GW,YP,D
14:14:40,ICBP,RG,8350,1,F,GW,XC,D
14:14:40,ICBP,RG,8350,50,F,GW,FS,D
14:14:40,ICBP,RG,8350,2,F,GW,CC,D
14:14:40,ICBP,RG,8350,7,F,GW,XC,D
14:14:40,ICBP,RG,8350,10,F,GW,YP,D
14:14:40,ICBP,RG,8350,1,F,GW,XC,D
14:14:40,ICBP,RG,8350,1,F,GW,XC,D
14:14:40,ICBP,RG,8350,3,F,GW,KK,D
14:14:40,ICBP,RG,8350,1,F,GW,PD,D
14:14:40,ICBP,RG,8350,4,F,GW,AT,D
14:14:40,ICBP,RG,8350,4,F,GW,YP,D
14:14:40,ICBP,RG,8350,7,F,GW,KK,D
14:14:40,ICBP,RG,8350,1,F,GW,XC,D
14:14:40,ICBP,RG,8350,12,F,GW,XC,D
14:14:40,ICBP,RG,8350,1,F,GW,DH,D
14:14:40,ICBP,RG,8350,1,F,GW,XC,D
14:14:40,ICBP,RG,8350,7,F,GW,GR,D
14:14:34,ICBP,RG,8325,42,F,AK,AK,F
14:14:34,ICBP,RG,8325,91,D,CC,AK,F
14:14:34,ICBP,RG,8325,1,D,CC,CG,F
14:14:33,ICBP,RG,8325,8,D,CC,YP,D
14:14:33,ICBP,RG,8325,3,D,PD,YP,D
14:14:33,ICBP,RG,8325,7,F,ZP,YP,D
14:14:33,ICBP,RG,8325,3,F,ZP,YP,D
14:14:33,ICBP,RG,8325,11,F,CG,YP,D
14:14:33,ICBP,RG,8325,5,F,CS,YP,D
14:14:33,ICBP,RG,8325,3,D,CC,YP,D
14:14:33,ICBP,RG,8325,2,D,NI,YP,D
14:14:33,ICBP,RG,8325,10,F,CG,YP,D
14:14:33,ICBP,RG,8325,5,F,AK,YP,D
14:14:33,ICBP,RG,8325,8,F,ZP,YP,D
14:14:33,ICBP,RG,8325,6,F,CS,YP,D
14:14:33,ICBP,RG,8325,23,F,CG,YP,D
14:14:33,ICBP,RG,8325,7,F,ZP,YP,D
14:14:33,ICBP,RG,8325,18,F,DX,YP,D
14:14:33,ICBP,RG,8325,1,F,ZP,YP,D
14:14:31,ICBP,RG,8325,3,F,ZP,CS,F
14:14:30,ICBP,RG,8325,3,D,PD,PD,D
14:14:27,ICBP,RG,8325,1,D,PD,CC,D
14:14:00,ICBP,RG,8325,3,D,PD,AK,F
14:14:00,ICBP,RG,8325,1,F,ZP,AK,F
14:14:00,ICBP,RG,8325,10,D,YP,AK,F
14:14:00,ICBP,RG,8325,30,F,CG,AK,F
14:14:00,ICBP,RG,8325,1,D,YP,AK,F
14:14:00,ICBP,RG,8325,15,F,AK,AK,F
14:14:00,ICBP,RG,8325,15,F,AK,AK,F
14:14:00,ICBP,RG,8325,11,F,ZP,AK,F
14:14:00,ICBP,RG,8325,3,F,AK,AK,F
14:13:52,ICBP,RG,8325,1,F,AK,ZP,F
14:13:52,ICBP,RG,8325,6,F,AK,ZP,F
14:13:50,ICBP,RG,8325,10,F,AK,PD,D
14:13:42,ICBP,RG,8325,5,F,AK,PD,D
14:13:39,ICBP,RG,8325,5,F,AK,SS,D
14:13:25,ICBP,RG,8325,5,F,AK,CG,F
14:13:24,ICBP,RG,8325,15,F,AK,YU,F
14:13:18,ICBP,RG,8350,25,F,AK,GR,D
14:13:08,ICBP,RG,8325,2,F,AK,XC,D
14:13:08,ICBP,RG,8325,2,F,AK,CG,F
14:13:00,ICBP,RG,8325,5,F,AK,ZP,F
14:13:00,ICBP,RG,8325,8,F,ZP,ZP,F
14:13:00,ICBP,RG,8325,1,F,ZP,AK,F
14:12:59,ICBP,RG,8325,5,F,ZP,DR,D
14:12:59,ICBP,RG,8325,105,F,KZ,DR,D
14:12:37,ICBP,RG,8325,10,F,KZ,YP,D
14:12:15,ICBP,RG,8325,2,F,KZ,XC,D
14:12:08,ICBP,RG,8325,1,F,KZ,CG,F
14:12:03,ICBP,RG,8350,30,F,AK,GR,D
14:11:57,ICBP,RG,8325,35,F,KZ,NI,D
14:11:57,ICBP,RG,8325,5,D,KK,NI,D
14:11:57,ICBP,RG,8325,3,F,AK,NI,D
14:11:57,ICBP,RG,8325,7,F,AK,NI,D
14:11:56,ICBP,RG,8325,3,F,AK,SQ,D
14:11:51,ICBP,RG,8325,1,F,AK,CS,F
14:11:51,ICBP,RG,8325,2,F,CS,CS,F
14:11:18,ICBP,RG,8325,1,F,CS,EP,D
14:11:18,ICBP,RG,8325,1,F,ZP,EP,D
14:11:16,ICBP,RG,8325,1,F,ZP,ZP,F
14:11:16,ICBP,RG,8325,8,F,CS,ZP,F
14:11:15,ICBP,RG,8325,2,F,CS,AK,F
14:11:15,ICBP,RG,8325,21,F,CG,AK,F
14:11:15,ICBP,RG,8325,1,D,NI,AK,F
14:11:15,ICBP,RG,8325,1,D,NI,AK,F
14:11:15,ICBP,RG,8325,7,D,ZP,AK,F
14:11:15,ICBP,RG,8325,12,F,CG,AK,F
14:11:15,ICBP,RG,8325,18,F,ZP,AK,F
14:11:15,ICBP,RG,8325,1,F,ZP,AK,F
14:11:15,ICBP,RG,8325,3,F,AK,AK,F
14:11:15,ICBP,RG,8325,18,F,AK,AK,F
14:11:15,ICBP,RG,8325,5,D,YP,AK,F
14:11:15,ICBP,RG,8325,10,F,CG,AK,F
14:11:00,ICBP,RG,8325,11,F,CG,AK,D
14:10:53,ICBP,RG,8325,1,F,CG,CG,F
14:10:45,ICBP,RG,8325,1,F,CG,AK,F
14:10:38,ICBP,RG,8325,10,F,CG,XC,D
14:10:33,ICBP,RG,8350,19,F,AK,GR,D
14:10:10,ICBP,RG,8325,11,F,CG,ZP,F
14:10:00,ICBP,RG,8325,5,F,CG,AK,D
14:10:00,ICBP,RG,8325,6,F,DX,AK,D
14:09:49,ICBP,RG,8350,1,D,DP,GR,D
14:09:44,ICBP,RG,8350,2,D,DH,GR,D
14:09:43,ICBP,RG,8325,1,F,DX,CG,F
14:09:33,ICBP,RG,8350,16,F,AK,GR,D
14:09:33,ICBP,RG,8350,2,F,AK,XC,D
14:09:33,ICBP,RG,8350,1,F,AK,DH,D
14:09:33,ICBP,RG,8350,1,F,AK,DR,D
14:09:03,ICBP,RG,8325,7,F,DX,FS,D
14:09:03,ICBP,RG,8325,43,D,CC,FS,D
14:09:00,ICBP,RG,8325,7,D,CC,AK,D
14:09:00,ICBP,RG,8325,3,F,ZP,AK,D
14:08:57,ICBP,RG,8325,18,F,ZP,FS,D
14:08:57,ICBP,RG,8325,5,F,ZP,FS,D
14:08:57,ICBP,RG,8325,5,F,AK,FS,D
14:08:57,ICBP,RG,8325,45,F,AK,FS,D
14:08:57,ICBP,RG,8325,5,F,CS,FS,D
14:08:57,ICBP,RG,8325,5,F,CS,FS,D
14:08:57,ICBP,RG,8325,5,D,PD,FS,D
14:08:57,ICBP,RG,8325,3,D,DR,FS,D
14:08:57,ICBP,RG,8325,4,F,AK,FS,D
14:08:57,ICBP,RG,8325,13,F,DX,FS,D
14:08:57,ICBP,RG,8325,5,D,YP,FS,D
14:08:57,ICBP,RG,8325,20,D,OD,FS,D
14:08:57,ICBP,RG,8325,1,D,PD,FS,D
14:08:57,ICBP,RG,8325,15,D,XC,FS,D
14:08:57,ICBP,RG,8325,5,D,CC,FS,D
14:08:57,ICBP,RG,8325,5,F,CS,FS,D
14:08:57,ICBP,RG,8325,21,F,AK,FS,D
14:08:55,ICBP,RG,8325,13,F,AK,AI,D
14:08:43,ICBP,RG,8325,1,F,AK,CG,F
14:08:39,ICBP,RG,8325,1,F,AK,PD,D
14:08:33,ICBP,RG,8325,12,F,AK,ZP,F
14:08:33,ICBP,RG,8325,1,F,AK,ZP,F
14:08:33,ICBP,RG,8325,3,F,AK,CS,F
14:08:33,ICBP,RG,8325,1,F,AK,CS,F
14:08:32,ICBP,RG,8325,20,F,AK,FS,D
14:08:32,ICBP,RG,8325,3,F,ZP,FS,D
14:08:32,ICBP,RG,8325,19,F,CG,FS,D
14:08:32,ICBP,RG,8325,50,D,PD,FS,D
14:08:32,ICBP,RG,8325,3,D,AZ,FS,D
14:08:32,ICBP,RG,8325,1,D,YP,FS,D
14:08:32,ICBP,RG,8325,30,D,DX,FS,D
14:08:32,ICBP,RG,8325,8,F,CG,FS,D
14:08:32,ICBP,RG,8325,4,F,AK,FS,D
14:08:32,ICBP,RG,8325,1,D,XC,FS,D
14:08:32,ICBP,RG,8325,15,F,DX,FS,D
14:08:32,ICBP,RG,8325,19,F,ZP,FS,D
14:08:32,ICBP,RG,8325,7,D,KK,FS,D
14:08:32,ICBP,RG,8325,3,D,KK,YB,D
14:08:32,ICBP,RG,8325,2,F,KZ,YB,D
14:08:28,ICBP,RG,8325,50,F,KZ,FS,D
14:07:59,ICBP,RG,8325,11,F,KZ,AK,D
14:07:43,ICBP,RG,8325,1,F,KZ,CG,F
14:07:39,ICBP,RG,8325,2,F,KZ,XC,D
14:07:30,ICBP,RG,8325,1,F,KZ,AK,F
14:07:18,ICBP,RG,8350,1,F,AK,YP,D
14:07:18,ICBP,RG,8350,3,F,AK,XC,D
14:07:18,ICBP,RG,8350,10,F,AK,YP,D
14:07:18,ICBP,RG,8350,1,F,AK,PD,D
14:07:18,ICBP,RG,8350,10,F,AK,DX,D
14:07:18,ICBP,RG,8350,5,F,AK,PD,D
14:07:18,ICBP,RG,8350,2,F,AK,EP,D
14:07:18,ICBP,RG,8350,1,F,AK,PD,D
14:07:18,ICBP,RG,8350,1,F,AK,PD,D
14:07:12,ICBP,RG,8325,1,F,KZ,CC,D
14:07:00,ICBP,RG,8325,13,F,KZ,ZP,F
14:07:00,ICBP,RG,8325,11,F,KZ,AK,D
14:07:00,ICBP,RG,8325,85,F,KZ,AK,F
14:07:00,ICBP,RG,8325,24,F,KZ,AK,F
14:07:00,ICBP,RG,8325,6,F,CG,AK,F
14:07:00,ICBP,RG,8325,14,F,ZP,AK,F
14:06:46,ICBP,RG,8325,3,D,CC,CC,D
14:06:46,ICBP,RG,8325,11,F,CG,CC,D
14:06:46,ICBP,RG,8325,2,F,AK,CC,D
14:06:33,ICBP,RG,8325,1,F,AK,CG,F
14:05:36,ICBP,RG,8325,4,F,AK,NI,D
14:05:30,ICBP,RG,8325,10,F,AK,AK,D
14:05:18,ICBP,RG,8325,1,F,AK,CG,F
14:05:14,ICBP,RG,8325,3,F,AK,ZP,F
14:05:00,ICBP,RG,8325,4,F,AK,YP,D
14:05:00,ICBP,RG,8325,6,F,AK,YP,D
14:04:54,ICBP,RG,8325,1,F,AK,KK,D
14:04:54,ICBP,RG,8350,1,D,DR,KK,D
14:04:51,ICBP,RG,8325,13,F,AK,ZP,F
14:04:09,ICBP,RG,8325,9,F,AK,CC,D
14:04:07,ICBP,RG,8325,1,F,AK,CG,F
14:04:07,ICBP,RG,8350,1,D,DP,YP,D
14:04:00,ICBP,RG,8325,11,F,AK,AK,D
14:03:59,ICBP,RG,8325,1,F,AK,NI,D
14:03:25,ICBP,RG,8325,1,F,AK,YP,D
14:03:24,ICBP,RG,8325,4,F,AK,YU,F
14:03:24,ICBP,RG,8325,9,F,CS,YU,F
14:03:24,ICBP,RG,8325,2,F,ZP,YU,F
14:03:22,ICBP,RG,8325,7,F,ZP,YU,F
14:03:22,ICBP,RG,8325,26,F,CG,YU,F
14:03:22,ICBP,RG,8325,1,D,YP,YU,F
14:03:22,ICBP,RG,8325,3,F,AK,YU,F
14:03:22,ICBP,RG,8325,49,F,AK,YU,F
14:03:22,ICBP,RG,8325,37,F,AK,YU,F
14:03:22,ICBP,RG,8325,5,F,CS,YU,F
14:03:22,ICBP,RG,8325,21,F,AK,YU,F
14:03:22,ICBP,RG,8325,4,F,AK,YU,F
14:03:22,ICBP,RG,8325,1,D,YP,YU,F
14:03:22,ICBP,RG,8325,10,D,NI,YU,F
14:03:22,ICBP,RG,8325,41,D,CD,YU,F
14:03:22,ICBP,RG,8325,247,D,CD,YU,F
14:03:21,ICBP,RG,8325,5,D,CD,CS,F
14:03:08,ICBP,RG,8325,7,D,CD,ZP,F
14:03:08,ICBP,RG,8325,2,F,ZP,ZP,F
14:03:00,ICBP,RG,8325,5,F,ZP,AT,D
14:02:57,ICBP,RG,8325,2,F,ZP,PD,D
14:02:45,ICBP,RG,8325,8,F,ZP,YP,D
14:02:45,ICBP,RG,8325,2,D,CD,YP,D
14:02:43,ICBP,RG,8325,1,D,CD,CG,F
14:02:43,ICBP,RG,8325,1,D,CD,AK,F
14:02:32,ICBP,RG,8350,9,D,PD,YP,D
14:02:32,ICBP,RG,8350,5,D,PD,XC,D
14:02:32,ICBP,RG,8350,3,D,PD,PD,D
14:02:32,ICBP,RG,8350,1,D,PD,PD,D
14:02:32,ICBP,RG,8350,2,D,PD,YP,D
14:02:32,ICBP,RG,8350,1,D,PD,PD,D
14:02:32,ICBP,RG,8350,29,D,PD,PD,D
14:02:29,ICBP,RG,8325,10,D,CD,AK,D
14:02:27,ICBP,RG,8350,21,D,PD,PD,D
14:02:27,ICBP,RG,8350,5,D,PD,PD,D
14:02:27,ICBP,RG,8350,24,D,PD,LG,D
14:02:05,ICBP,RG,8325,4,D,CD,YP,D
14:02:00,ICBP,RG,8325,7,D,CD,ZP,F
14:02:00,ICBP,RG,8325,56,D,CD,AK,F
14:02:00,ICBP,RG,8325,27,D,CD,AK,F
14:01:35,ICBP,RG,8325,1,D,CD,CG,F
14:01:34,ICBP,RG,8325,1,D,CD,PD,D
14:01:04,ICBP,RG,8325,1,D,CD,DH,D
14:01:00,ICBP,RG,8325,7,D,CD,ZP,F
14:00:51,ICBP,RG,8325,51,D,CD,YU,F
14:00:48,ICBP,RG,8325,131,D,CD,AK,F
14:00:48,ICBP,RG,8325,7,D,XC,AK,F
14:00:48,ICBP,RG,8325,1,D,NI,AK,F
14:00:48,ICBP,RG,8325,5,F,AK,AK,F
14:00:48,ICBP,RG,8325,19,F,AK,AK,F
14:00:48,ICBP,RG,8325,86,D,IF,AK,F
14:00:46,ICBP,RG,8325,39,D,IF,SQ,D
14:00:46,ICBP,RG,8325,30,D,CP,SQ,D
14:00:46,ICBP,RG,8325,14,F,DX,SQ,D
14:00:46,ICBP,RG,8325,5,D,ZP,SQ,D
14:00:46,ICBP,RG,8325,85,F,CG,SQ,D
14:00:46,ICBP,RG,8325,19,F,AK,SQ,D
14:00:46,ICBP,RG,8325,2,D,PD,SQ,D
14:00:46,ICBP,RG,8325,1,D,OD,SQ,D
14:00:46,ICBP,RG,8325,5,F,CS,SQ,D
14:00:46,ICBP,RG,8325,3,F,CS,SQ,D
14:00:46,ICBP,RG,8325,3,F,CS,SQ,D
14:00:46,ICBP,RG,8325,1,F,CS,SQ,D
14:00:46,ICBP,RG,8325,1,D,YP,SQ,D
14:00:46,ICBP,RG,8325,16,D,KK,SQ,D
14:00:46,ICBP,RG,8325,15,F,AK,SQ,D
14:00:46,ICBP,RG,8325,4,F,ZP,SQ,D
14:00:46,ICBP,RG,8325,4,F,AK,SQ,D
14:00:46,ICBP,RG,8325,46,F,AK,SQ,D
14:00:46,ICBP,RG,8325,4,F,AK,SQ,D
14:00:46,ICBP,RG,8325,1,D,DH,SQ,D
14:00:46,ICBP,RG,8325,1,D,XC,SQ,D
14:00:46,ICBP,RG,8325,15,F,DX,SQ,D
14:00:46,ICBP,RG,8325,2,D,NI,SQ,D
14:00:46,ICBP,RG,8325,45,F,AK,SQ,D
14:00:46,ICBP,RG,8325,6,F,CS,SQ,D
14:00:46,ICBP,RG,8325,1,D,YP,SQ,D
14:00:46,ICBP,RG,8325,20,D,CC,SQ,D
14:00:46,ICBP,RG,8325,18,D,DP,SQ,D
14:00:46,ICBP,RG,8325,2,D,PD,SQ,D
14:00:46,ICBP,RG,8325,1,D,PD,SQ,D
14:00:46,ICBP,RG,8325,32,F,ZP,SQ,D
14:00:46,ICBP,RG,8325,74,F,CG,SQ,D
14:00:46,ICBP,RG,8325,2,D,PD,SQ,D
14:00:46,ICBP,RG,8325,1,D,KK,SQ,D
14:00:46,ICBP,RG,8325,25,D,ID,SQ,D
14:00:46,ICBP,RG,8325,1,D,PD,SQ,D
14:00:46,ICBP,RG,8325,1,D,NI,SQ,D
14:00:46,ICBP,RG,8325,4,F,CS,SQ,D
14:00:46,ICBP,RG,8325,3,D,YP,SQ,D
14:00:46,ICBP,RG,8325,3,D,SQ,SQ,D
14:00:46,ICBP,RG,8325,2,D,PD,SQ,D
14:00:46,ICBP,RG,8325,15,D,YP,SQ,D
14:00:46,ICBP,RG,8325,4,F,CS,SQ,D
14:00:46,ICBP,RG,8325,14,D,CC,SQ,D
14:00:46,ICBP,RG,8325,1,F,CS,SQ,D
14:00:46,ICBP,RG,8325,1,D,XC,SQ,D
14:00:46,ICBP,RG,8325,1,D,KK,SQ,D
14:00:46,ICBP,RG,8325,6,F,YU,SQ,D
14:00:46,ICBP,RG,8325,81,F,YU,SQ,D
14:00:46,ICBP,RG,8325,20,F,DX,SQ,D
14:00:46,ICBP,RG,8325,15,D,KK,SQ,D
14:00:46,ICBP,RG,8325,6,D,SQ,SQ,D
14:00:46,ICBP,RG,8325,10,D,CC,SQ,D
14:00:46,ICBP,RG,8325,9,F,CS,SQ,D
14:00:46,ICBP,RG,8325,35,D,YB,SQ,D
14:00:46,ICBP,RG,8325,10,D,KK,SQ,D
14:00:46,ICBP,RG,8325,1,F,ZP,SQ,D
14:00:46,ICBP,RG,8325,5,D,XA,SQ,D
14:00:46,ICBP,RG,8325,223,F,KZ,SQ,D
14:00:46,ICBP,RG,8325,4,F,ZP,SQ,D
14:00:46,ICBP,RG,8325,7,F,CG,SQ,D
14:00:46,ICBP,RG,8325,4,F,ZP,SQ,D
14:00:46,ICBP,RG,8325,24,D,PD,SQ,D
14:00:46,ICBP,RG,8325,2,D,BQ,SQ,D
14:00:46,ICBP,RG,8325,1,D,PD,SQ,D
14:00:46,ICBP,RG,8325,6,D,EP,SQ,D
14:00:46,ICBP,RG,8325,9,F,ZP,SQ,D
14:00:46,ICBP,RG,8325,2,D,XC,SQ,D
14:00:46,ICBP,RG,8325,1,D,YP,SQ,D
14:00:46,ICBP,RG,8325,4,F,CS,SQ,D
14:00:46,ICBP,RG,8325,1,F,CS,SQ,D
14:00:46,ICBP,RG,8325,4,F,CS,SQ,D
14:00:46,ICBP,RG,8325,2,F,CS,SQ,D
14:00:46,ICBP,RG,8325,50,D,YP,SQ,D
14:00:46,ICBP,RG,8325,15,D,AG,SQ,D
14:00:46,ICBP,RG,8325,17,F,DX,SQ,D
14:00:46,ICBP,RG,8325,10,D,CC,SQ,D
14:00:46,ICBP,RG,8325,7,F,BK,SQ,D
14:00:46,ICBP,RG,8325,2,F,CS,SQ,D
14:00:46,ICBP,RG,8325,2,F,CS,SQ,D
14:00:46,ICBP,RG,8325,1,D,YP,SQ,D
14:00:46,ICBP,RG,8325,10,D,NI,SQ,D
14:00:46,ICBP,RG,8325,7,F,ZP,SQ,D
14:00:46,ICBP,RG,8325,2,F,CS,SQ,D
14:00:46,ICBP,RG,8325,1,F,ZP,SQ,D
14:00:46,ICBP,RG,8325,2,D,AZ,SQ,D
14:00:37,ICBP,RG,8350,9,D,YP,LG,D
14:00:32,ICBP,RG,8325,1,D,AZ,CG,F
14:00:29,ICBP,RG,8325,1,D,AZ,NI,D
14:00:14,ICBP,RG,8325,10,D,AZ,AK,D
14:00:13,ICBP,RG,8325,1,D,AZ,SQ,D
14:00:12,ICBP,RG,8350,1,D,KK,LG,D
14:00:11,ICBP,RG,8325,1,D,AZ,ZP,F
14:00:00,ICBP,RG,8325,1,D,AZ,AK,F
14:00:00,ICBP,RG,8325,23,D,AZ,AK,F
14:00:00,ICBP,RG,8325,5,F,ZP,AK,F
14:00:00,ICBP,RG,8325,33,F,CG,AK,F
14:00:00,ICBP,RG,8325,4,F,CG,AK,F
14:00:00,ICBP,RG,8325,4,F,AK,AK,F
14:00:00,ICBP,RG,8325,22,F,AK,AK,F
13:59:57,ICBP,RG,8325,12,F,AK,ZP,F
13:59:57,ICBP,RG,8350,5,F,CG,LG,D
13:59:56,ICBP,RG,8350,47,F,AK,LG,D
13:59:56,ICBP,RG,8325,1,F,AK,NI,D
13:59:37,ICBP,RG,8350,4,F,CG,LG,D
13:59:27,ICBP,RG,8350,2,D,NI,LG,D
13:59:09,ICBP,RG,8350,8,D,YP,LG,D
13:59:09,ICBP,RG,8350,2,D,YP,EP,D
13:58:59,ICBP,RG,8325,8,F,AK,AK,D
13:58:59,ICBP,RG,8325,2,F,ZP,AK,D
13:58:40,ICBP,RG,8325,2,F,ZP,PD,D
13:58:40,ICBP,RG,8325,3,F,ZP,PD,D
13:58:30,ICBP,RG,8325,7,F,ZP,ZP,F
13:58:30,ICBP,RG,8350,3,F,CS,EP,D
13:58:30,ICBP,RG,8350,1,F,CS,XC,D
13:58:23,ICBP,RG,8325,1,F,ZP,CG,F
13:58:15,ICBP,RG,8325,8,F,CG,AK,D
13:57:49,ICBP,RG,8325,5,F,CG,XA,D
13:57:45,ICBP,RG,8325,1,F,CG,AK,F
13:57:34,ICBP,RG,8325,8,F,CG,ZP,F
13:57:31,ICBP,RG,8350,1,D,YP,XC,D
13:57:16,ICBP,RG,8325,1,F,CG,XC,D
13:57:15,ICBP,RG,8325,7,F,CG,AK,D
13:57:14,ICBP,RG,8325,1,F,CG,PD,D
13:56:58,ICBP,RG,8325,1,F,CG,CG,F
13:56:48,ICBP,RG,8350,8,F,AK,XC,D
13:56:48,ICBP,RG,8350,4,F,AK,GR,D
13:56:48,ICBP,RG,8350,15,F,AK,PD,D
13:56:48,ICBP,RG,8350,22,F,AK,YU,D
13:56:45,ICBP,RG,8350,2,D,PD,YU,D
13:56:42,ICBP,RG,8350,2,D,PD,YU,D
13:56:34,ICBP,RG,8325,10,F,CG,ZP,F
13:56:30,ICBP,RG,8350,10,D,YP,YU,D
13:56:28,ICBP,RG,8350,1,F,ZP,YU,D
13:56:26,ICBP,RG,8350,1,D,EP,YU,D
13:56:22,ICBP,RG,8350,4,F,CG,YU,D
13:56:16,ICBP,RG,8350,13,D,YP,YU,D
13:56:15,ICBP,RG,8350,2,D,NI,YU,D
13:56:11,ICBP,RG,8350,10,D,YP,YU,D
13:56:02,ICBP,RG,8350,5,F,CG,YU,D
13:55:51,ICBP,RG,8350,10,D,YP,YU,D
13:55:45,ICBP,RG,8350,2,D,NI,YU,D
13:55:42,ICBP,RG,8350,7,F,CG,YU,D
13:55:34,ICBP,RG,8350,9,F,KZ,YU,D
13:55:34,ICBP,RG,8350,1,F,KZ,XC,D
13:55:34,ICBP,RG,8350,1,F,KZ,NI,D
13:55:34,ICBP,RG,8350,1,F,KZ,YP,D
13:55:34,ICBP,RG,8350,5,F,KZ,DH,D
13:55:34,ICBP,RG,8350,5,F,KZ,DH,D
13:55:34,ICBP,RG,8350,10,F,KZ,CC,D
13:55:34,ICBP,RG,8350,2,F,KZ,NI,D
13:55:34,ICBP,RG,8350,1,F,KZ,YP,D
13:55:34,ICBP,RG,8350,1,F,KZ,NI,D
13:55:34,ICBP,RG,8350,2,F,KZ,PD,D
13:55:34,ICBP,RG,8350,10,F,KZ,CC,D
13:55:34,ICBP,RG,8350,1,F,KZ,DH,D
13:55:34,ICBP,RG,8350,3,F,KZ,YP,D
13:55:34,ICBP,RG,8350,1,F,KZ,GR,D
13:55:34,ICBP,RG,8350,2,F,KZ,XC,D
13:55:34,ICBP,RG,8350,2,F,KZ,YP,D
13:55:34,ICBP,RG,8350,5,F,KZ,PD,D
13:55:34,ICBP,RG,8350,2,F,KZ,YP,D
13:55:34,ICBP,RG,8350,25,F,KZ,YP,D
13:55:34,ICBP,RG,8350,1,F,KZ,CC,D
13:55:34,ICBP,RG,8350,3,F,KZ,YP,D
13:55:34,ICBP,RG,8350,1,F,KZ,YP,D
13:55:34,ICBP,RG,8350,49,F,KZ,CC,D
13:55:30,ICBP,RG,8325,1,D,YP,AK,F
13:55:30,ICBP,RG,8325,1,D,YP,AK,D
13:55:30,ICBP,RG,8325,1,D,CC,AK,D
13:55:30,ICBP,RG,8325,6,F,AK,AK,D
13:55:30,ICBP,RG,8325,4,F,AK,AK,D
13:55:22,ICBP,RG,8350,1,F,CG,CC,D
13:55:22,ICBP,RG,8350,3,F,CG,YP,D
13:55:13,ICBP,RG,8350,1,D,XC,YP,D
13:55:12,ICBP,RG,8325,1,F,AK,ZP,F
13:55:12,ICBP,RG,8325,3,F,AK,ZP,F
13:55:12,ICBP,RG,8325,4,F,AK,ZP,F
13:55:12,ICBP,RG,8325,4,F,AK,ZP,F
13:55:02,ICBP,RG,8350,3,F,CS,YP,D
13:55:02,ICBP,RG,8350,1,F,CS,YP,D
13:55:02,ICBP,RG,8350,25,F,CS,GR,F
13:55:02,ICBP,RG,8350,2,D,PD,GR,F
13:55:02,ICBP,RG,8325,5,F,AK,NI,D
13:54:59,ICBP,RG,8325,6,F,AK,AK,D
13:54:58,ICBP,RG,8350,4,F,CS,GR,F
13:54:45,ICBP,RG,8350,3,F,AK,GR,F
13:54:36,ICBP,RG,8350,6,D,YP,GR,F
13:54:24,ICBP,RG,8325,1,F,AK,XC,D
13:54:15,ICBP,RG,8325,7,F,AK,AK,D
13:54:14,ICBP,RG,8325,3,F,AK,PD,D
13:53:43,ICBP,RG,8325,3,F,AK,PD,D
13:53:38,ICBP,RG,8325,7,F,AK,ZP,F
13:53:37,ICBP,RG,8350,200,D,DR,GR,F
13:53:30,ICBP,RG,8325,5,F,AK,AK,D
13:53:30,ICBP,RG,8325,2,F,AK,AK,D
13:53:29,ICBP,RG,8325,1,F,AK,PD,D
13:53:20,ICBP,RG,8325,1,F,AK,DR,D
13:53:15,ICBP,RG,8350,3,F,AK,GR,F
13:53:05,ICBP,RG,8325,15,F,AK,XC,D
13:52:49,ICBP,RG,8325,20,F,AK,ZP,F
13:52:30,ICBP,RG,8325,10,F,AK,AK,D
13:51:48,ICBP,RG,8350,10,D,CC,GR,F
13:51:45,ICBP,RG,8325,8,F,DX,AK,D
13:51:45,ICBP,RG,8350,3,F,AK,GR,F
13:51:33,ICBP,RG,8325,65,F,DX,CS,D
13:51:24,ICBP,RG,8350,4,F,CS,GR,F
13:51:19,ICBP,RG,8325,4,F,DX,ZR,D
13:51:19,ICBP,RG,8325,5,F,ZP,ZR,D
13:51:19,ICBP,RG,8325,1,F,CS,ZR,D
13:51:00,ICBP,RG,8325,9,F,CG,AK,D
13:50:56,ICBP,RG,8350,3,D,YJ,GR,F
13:50:45,ICBP,RG,8350,36,F,AK,GR,F
13:50:38,ICBP,RG,8325,4,F,CG,KK,D
13:50:12,ICBP,RG,8325,1,F,CG,PD,D
13:50:10,ICBP,RG,8325,11,F,CG,ZP,F
13:49:30,ICBP,RG,8325,10,F,CG,AK,D
13:49:17,ICBP,RG,8350,1,D,TF,GR,F
13:49:15,ICBP,RG,8350,3,F,AK,GR,F
13:49:12,ICBP,RG,8325,1,F,CG,PD,D
13:48:57,ICBP,RG,8325,1,F,CG,NI,D
13:48:47,ICBP,RG,8325,1,F,CG,YP,D
13:48:38,ICBP,RG,8325,8,F,CG,ZP,F
13:48:37,ICBP,RG,8350,7,D,PD,GR,F
13:48:30,ICBP,RG,8325,10,F,CG,AK,D
13:48:22,ICBP,RG,8350,2,D,KK,GR,F
13:48:18,ICBP,RG,8350,27,F,AK,GR,F
13:48:16,ICBP,RG,8325,3,F,CG,PD,D
13:48:14,ICBP,RG,8350,2,D,PD,GR,F
13:47:38,ICBP,RG,8350,3,D,XC,GR,F
13:47:36,ICBP,RG,8325,9,F,CG,ZP,F
13:47:36,ICBP,RG,8350,4,F,CS,GR,F
13:47:30,ICBP,RG,8350,43,F,AK,GR,F
13:47:11,ICBP,RG,8350,1,D,DP,GR,F
13:47:02,ICBP,RG,8325,50,F,CG,OD,D
13:47:00,ICBP,RG,8350,4,F,AK,GR,F
13:46:52,ICBP,RG,8325,1,F,CG,XC,D
13:46:46,ICBP,RG,8325,2,F,CG,CC,D
13:46:42,ICBP,RG,8325,1,F,CG,XC,D
13:46:29,ICBP,RG,8325,10,F,CG,ZP,F
13:46:28,ICBP,RG,8350,104,D,YP,GR,F
13:46:28,ICBP,RG,8350,5,D,YP,SQ,D
13:46:28,ICBP,RG,8350,5,D,YP,SQ,D
13:46:28,ICBP,RG,8350,5,D,YP,KK,D
13:46:28,ICBP,RG,8350,5,D,YP,GR,D
13:46:28,ICBP,RG,8350,2,D,YP,GR,D
13:46:28,ICBP,RG,8350,10,D,YP,YP,D
13:46:28,ICBP,RG,8350,20,D,YP,PD,D
13:46:28,ICBP,RG,8350,10,D,YP,SQ,D
13:46:28,ICBP,RG,8350,4,D,YP,PD,D
13:46:28,ICBP,RG,8350,1,D,YP,LG,D
13:46:28,ICBP,RG,8350,1,D,YP,XC,D
13:46:28,ICBP,RG,8350,1,D,YP,LG,D
13:46:28,ICBP,RG,8350,25,D,YP,KK,D
13:46:28,ICBP,RG,8350,52,D,YP,AI,D
13:46:26,ICBP,RG,8325,5,F,CG,AZ,D
13:46:18,ICBP,RG,8350,7,D,XC,AI,D
13:46:12,ICBP,RG,8350,4,F,CG,AI,D
13:45:54,ICBP,RG,8350,1,D,YP,AI,D
13:45:52,ICBP,RG,8350,3,F,CG,AI,D
13:45:32,ICBP,RG,8350,4,F,CG,AI,D
13:45:15,ICBP,RG,8350,4,F,CG,AI,D
13:45:11,ICBP,RG,8325,1,F,CG,ZP,F
13:45:11,ICBP,RG,8325,5,F,CS,ZP,F
13:45:01,ICBP,RG,8325,1,F,CS,DR,D
13:44:57,ICBP,RG,8350,5,F,CG,AI,D
13:44:53,ICBP,RG,8325,1,F,CS,IP,D
13:44:44,ICBP,RG,8350,8,D,CC,AI,D
13:44:42,ICBP,RG,8350,5,F,CG,AI,D
13:44:36,ICBP,RG,8325,1,F,CS,CC,D
13:44:29,ICBP,RG,8325,1,F,ZP,XC,D
13:44:22,ICBP,RG,8325,7,F,ZP,ZP,F
13:44:22,ICBP,RG,8325,2,F,ZP,ZP,F
13:44:22,ICBP,RG,8350,5,F,CG,AI,D
13:44:22,ICBP,RG,8325,1,F,ZP,NI,D
13:44:19,ICBP,RG,8350,1,D,PD,AI,D
13:44:15,ICBP,RG,8325,1,F,ZP,CC,D
13:44:02,ICBP,RG,8350,3,F,CG,AI,D
13:43:48,ICBP,RG,8350,2,D,XC,AI,D
13:43:47,ICBP,RG,8350,3,F,CG,AI,D
13:43:37,ICBP,RG,8350,2,D,DX,AI,D
13:43:25,ICBP,RG,8350,3,F,CG,AI,D
13:43:15,ICBP,RG,8325,1,F,ZP,YP,D
13:43:09,ICBP,RG,8325,15,F,ZP,ZP,F
13:43:09,ICBP,RG,8325,1,F,ZP,ZP,F
13:43:09,ICBP,RG,8350,4,F,CG,AI,D
13:42:51,ICBP,RG,8350,4,F,CG,AI,D
13:42:32,ICBP,RG,8350,4,F,CG,AI,D
13:42:12,ICBP,RG,8350,3,F,CG,AI,D
13:41:52,ICBP,RG,8350,3,F,CG,AI,D
13:41:40,ICBP,RG,8350,6,D,CC,AI,D
13:41:32,ICBP,RG,8350,3,F,CG,AI,D
13:41:24,ICBP,RG,8350,1,D,DP,AI,D
13:41:17,ICBP,RG,8350,5,D,CC,AI,D
13:41:12,ICBP,RG,8350,5,F,CG,AI,D
13:41:11,ICBP,RG,8325,1,F,ZP,XC,D
13:41:02,ICBP,RG,8325,4,F,ZP,NI,D
13:41:02,ICBP,RG,8325,1,F,ZP,NI,D
13:40:57,ICBP,RG,8350,6,F,CG,AI,D
13:40:57,ICBP,RG,8325,1,F,ZP,XC,D
13:40:57,ICBP,RG,8350,6,D,CC,AI,D
13:40:48,ICBP,RG,8325,7,F,ZP,AT,D
13:40:47,ICBP,RG,8325,1,F,CS,PD,D
13:40:37,ICBP,RG,8350,5,D,CC,AI,D
13:39:59,ICBP,RG,8350,9,F,BK,AI,D
13:39:57,ICBP,RG,8325,3,F,CS,NI,D
13:39:54,ICBP,RG,8350,7,F,BK,AI,D
13:39:49,ICBP,RG,8350,17,F,BK,AI,D
13:39:49,ICBP,RG,8350,1,F,BK,EP,D
13:39:49,ICBP,RG,8350,5,F,BK,AT,D
13:39:49,ICBP,RG,8350,2,F,BK,EP,D
13:39:49,ICBP,RG,8350,5,F,BK,SH,D
13:39:49,ICBP,RG,8350,1,F,BK,GR,D
13:39:49,ICBP,RG,8350,1,F,BK,PD,D
13:39:49,ICBP,RG,8350,37,F,BK,KK,D
13:39:46,ICBP,RG,8325,10,F,AK,AK,D
13:39:45,ICBP,RG,8325,6,F,AK,AK,D
13:39:45,ICBP,RG,8325,6,F,AK,AK,D
13:39:45,ICBP,RG,8325,3,F,AK,CS,D
13:39:45,ICBP,RG,8325,10,F,AK,PD,D
13:39:45,ICBP,RG,8325,1,F,AK,CS,F
13:39:45,ICBP,RG,8325,3,F,AK,CG,F
13:39:45,ICBP,RG,8325,6,F,AK,DH,D
13:39:45,ICBP,RG,8325,1,F,AK,XC,D
13:39:45,ICBP,RG,8325,1,F,AK,CS,F
13:39:45,ICBP,RG,8325,5,F,AK,YP,D
13:39:45,ICBP,RG,8325,1,F,AK,TP,D
13:39:45,ICBP,RG,8325,1,F,AK,AK,F
13:39:45,ICBP,RG,8325,31,F,AK,AK,F
13:39:45,ICBP,RG,8325,61,F,AK,AK,F
13:39:45,ICBP,RG,8325,1,F,AK,KK,D
13:39:45,ICBP,RG,8325,2,F,AK,CS,F
13:39:45,ICBP,RG,8325,3,F,AK,CS,D
13:39:45,ICBP,RG,8325,7,F,AK,ZP,F
13:39:45,ICBP,RG,8325,1,F,AK,XC,D
13:39:45,ICBP,RG,8325,38,F,AK,AK,F
13:39:45,ICBP,RG,8325,4,F,AK,CC,D
13:39:45,ICBP,RG,8325,63,F,AK,YU,F
13:39:45,ICBP,RG,8325,75,D,YP,YU,F
13:39:44,ICBP,RG,8325,22,F,BK,YU,F
13:39:44,ICBP,RG,8325,1,F,BK,AK,F
13:39:44,ICBP,RG,8325,8,F,BK,AK,D
13:39:44,ICBP,RG,8325,33,F,BK,AK,F
13:39:44,ICBP,RG,8325,38,F,BK,AK,F
13:39:44,ICBP,RG,8325,28,F,AK,AK,F
13:39:44,ICBP,RG,8325,8,F,AK,PD,D
13:39:44,ICBP,RG,8325,1,F,AK,CC,D
13:39:44,ICBP,RG,8325,9,F,AK,AK,D
13:39:44,ICBP,RG,8325,2,F,AK,CS,F
13:39:44,ICBP,RG,8325,27,F,AK,AK,F
13:39:44,ICBP,RG,8325,53,F,AK,AK,F
13:39:44,ICBP,RG,8325,1,F,AK,AG,D
13:39:44,ICBP,RG,8325,10,F,AK,AK,D
13:39:44,ICBP,RG,8325,1,F,AK,AK,F
13:39:44,ICBP,RG,8325,17,F,AK,XC,D
13:39:44,ICBP,RG,8325,1,F,AK,CS,D
13:39:44,ICBP,RG,8325,2,F,AK,CG,F
13:39:44,ICBP,RG,8325,2,F,AK,CG,F
13:39:44,ICBP,RG,8325,1,F,AK,CG,F
13:39:44,ICBP,RG,8325,30,F,AK,AK,F
13:39:44,ICBP,RG,8325,47,F,AK,AK,F
13:39:44,ICBP,RG,8325,8,F,CS,AK,F
13:39:44,ICBP,RG,8325,4,F,KZ,AK,F
13:39:44,ICBP,RG,8325,2,F,KZ,CC,D
13:39:44,ICBP,RG,8325,14,F,KZ,AK,D
13:39:44,ICBP,RG,8325,1,F,KZ,AK,F
13:39:44,ICBP,RG,8325,1,F,KZ,XC,D
13:39:44,ICBP,RG,8325,4,F,KZ,CC,D
13:39:44,ICBP,RG,8325,1,F,KZ,ZP,F
13:39:44,ICBP,RG,8325,5,F,KZ,CC,D
13:39:44,ICBP,RG,8325,1,F,KZ,XC,D
13:39:44,ICBP,RG,8325,1,F,KZ,XC,D
13:39:44,ICBP,RG,8325,15,F,KZ,PD,D
13:39:44,ICBP,RG,8325,5,F,KZ,PD,D
13:39:44,ICBP,RG,8325,3,F,KZ,PD,D
13:39:44,ICBP,RG,8325,3,F,KZ,PD,D
13:39:44,ICBP,RG,8325,7,F,KZ,ZP,F
13:39:44,ICBP,RG,8325,2,F,KZ,PD,D
13:39:44,ICBP,RG,8325,1,F,KZ,DH,D
13:39:44,ICBP,RG,8325,15,F,KZ,GR,D
13:39:44,ICBP,RG,8325,1,F,KZ,PD,D
13:39:44,ICBP,RG,8325,71,F,KZ,YU,F
13:39:44,ICBP,RG,8325,2,F,KZ,PD,D
13:39:44,ICBP,RG,8325,2,F,KZ,SQ,D
13:39:44,ICBP,RG,8325,1,F,KZ,PD,D
13:39:44,ICBP,RG,8325,1,F,KZ,PD,D
13:39:44,ICBP,RG,8325,6,F,KZ,CG,F
13:39:44,ICBP,RG,8325,30,F,KZ,PD,D
13:39:44,ICBP,RG,8325,5,F,KZ,PD,D
13:39:44,ICBP,RG,8325,1,F,KZ,EP,D
13:39:44,ICBP,RG,8325,2,F,KZ,CS,F
13:39:44,ICBP,RG,8325,8,F,KZ,RF,D
13:39:43,ICBP,RG,8325,240,F,AK,RF,D
13:39:42,ICBP,RG,8325,240,F,AK,RF,D
13:39:41,ICBP,RG,8325,147,F,AK,RF,D
13:39:41,ICBP,RG,8325,1,F,AK,CS,D
13:39:41,ICBP,RG,8325,10,F,AK,YB,D
13:39:41,ICBP,RG,8325,1,F,AK,XC,D
13:39:41,ICBP,RG,8325,6,F,AK,NI,D
13:39:41,ICBP,RG,8325,2,F,AK,CS,D
13:39:41,ICBP,RG,8325,1,F,AK,XC,D
13:39:41,ICBP,RG,8325,1,F,AK,PD,D
13:39:41,ICBP,RG,8325,2,F,AK,CC,D
13:39:41,ICBP,RG,8325,13,F,AK,PD,D
13:39:41,ICBP,RG,8325,1,F,AK,CC,D
13:39:41,ICBP,RG,8325,5,F,AK,PD,D
13:39:41,ICBP,RG,8325,1,F,AK,CS,F
13:39:41,ICBP,RG,8325,3,F,AK,PD,D
13:39:41,ICBP,RG,8325,1,F,AK,XC,D
13:39:41,ICBP,RG,8325,34,F,AK,YU,F
13:39:41,ICBP,RG,8325,11,F,AK,YP,D
13:39:41,ICBP,RG,8325,14,F,ZP,YP,D
13:39:41,ICBP,RG,8325,2,F,ZP,PD,D
13:39:41,ICBP,RG,8325,5,F,ZP,PD,D
13:39:41,ICBP,RG,8325,2,F,CS,PD,D
13:39:40,ICBP,RG,8325,10,F,AK,YP,D
13:39:40,ICBP,RG,8325,5,F,AK,XC,D
13:39:40,ICBP,RG,8325,1,F,AK,ZP,D
13:39:40,ICBP,RG,8325,1,F,AK,YP,D
13:39:40,ICBP,RG,8325,1,F,AK,GR,D
13:39:40,ICBP,RG,8325,1,F,AK,YP,D
13:39:40,ICBP,RG,8325,2,F,AK,DX,D
13:39:40,ICBP,RG,8325,1,F,AK,CC,D
13:39:40,ICBP,RG,8325,1,F,AK,GR,D
13:39:40,ICBP,RG,8325,1,F,AK,XC,D
13:39:40,ICBP,RG,8325,1,F,AK,PD,D
13:39:40,ICBP,RG,8325,2,F,AK,PD,D
13:39:40,ICBP,RG,8325,32,F,AK,CC,D
13:39:40,ICBP,RG,8325,1,F,AK,XC,D
13:39:40,ICBP,RG,8325,3,F,AK,YP,D
13:39:40,ICBP,RG,8325,1,F,AK,OD,D
13:39:40,ICBP,RG,8325,3,F,AK,XC,D
13:39:40,ICBP,RG,8325,20,F,AK,CC,D
13:39:40,ICBP,RG,8325,10,F,AK,LS,D
13:39:40,ICBP,RG,8325,16,F,AK,CC,D
13:39:40,ICBP,RG,8325,1,F,AK,PD,D
13:39:40,ICBP,RG,8325,4,F,AK,CC,D
13:39:40,ICBP,RG,8325,1,F,AK,DH,D
13:39:40,ICBP,RG,8325,1,F,AK,PD,D
13:39:40,ICBP,RG,8325,100,F,AK,YP,D
13:39:40,ICBP,RG,8325,1,F,AK,YP,D
13:39:40,ICBP,RG,8325,1,F,AK,PD,D
13:39:40,ICBP,RG,8325,5,F,AK,SQ,D
13:39:40,ICBP,RG,8325,13,F,AK,YU,D
13:39:39,ICBP,RG,8325,2,D,CC,YU,D
13:39:39,ICBP,RG,8325,3,D,CC,PD,D
13:39:39,ICBP,RG,8325,5,D,CC,YP,D
13:39:36,ICBP,RG,8325,1,F,ZP,YP,D
13:39:28,ICBP,RG,8325,2,F,ZP,YP,D
13:39:28,ICBP,RG,8325,1,F,ZP,YP,D
13:39:26,ICBP,RG,8325,26,F,DX,YP,D
13:39:12,ICBP,RG,8300,20,F,KZ,ZP,F
13:39:00,ICBP,RG,8300,8,F,KZ,AK,D
13:38:48,ICBP,RG,8300,1,D,PD,CG,F
13:38:30,ICBP,RG,8300,4,D,PD,AK,D
13:38:30,ICBP,RG,8300,4,D,DP,AK,D
13:38:10,ICBP,RG,8325,2,D,CC,YP,D
13:37:47,ICBP,RG,8325,2,F,CS,YP,D
13:37:44,ICBP,RG,8300,9,D,DP,AK,D
13:37:20,ICBP,RG,8325,1,F,ZP,YP,D
13:37:20,ICBP,RG,8325,1,F,ZP,YP,D
13:37:19,ICBP,RG,8325,9,F,KZ,YP,D
13:37:19,ICBP,RG,8325,1,F,KZ,PD,D
13:37:19,ICBP,RG,8325,1,F,KZ,CP,D
13:37:19,ICBP,RG,8325,75,F,KZ,YU,D
13:37:19,ICBP,RG,8325,5,F,KZ,DH,D
13:37:19,ICBP,RG,8325,1,F,KZ,YP,D
13:37:19,ICBP,RG,8325,2,F,KZ,PD,D
13:37:19,ICBP,RG,8325,2,F,KZ,PD,D
13:37:19,ICBP,RG,8325,2,F,KZ,AZ,D
13:37:19,ICBP,RG,8325,26,F,KZ,LG,D
13:37:19,ICBP,RG,8325,20,F,KZ,KK,D
13:37:19,ICBP,RG,8325,5,F,KZ,YP,D
13:37:19,ICBP,RG,8325,2,F,KZ,PD,D
13:37:19,ICBP,RG,8325,1,F,KZ,PD,D
13:37:19,ICBP,RG,8325,1,F,KZ,GR,D
13:37:19,ICBP,RG,8325,1,F,KZ,KK,D
13:37:19,ICBP,RG,8325,3,F,KZ,PD,D
13:37:19,ICBP,RG,8325,1,F,KZ,XC,D
13:37:19,ICBP,RG,8325,21,F,KZ,PD,D
13:37:16,ICBP,RG,8300,1,D,DP,CG,F
13:37:16,ICBP,RG,8325,1,D,YP,PD,D
13:37:08,ICBP,RG,8325,28,D,PD,PD,D
13:37:08,ICBP,RG,8325,10,D,PD,CC,D
13:37:08,ICBP,RG,8325,10,D,PD,CC,D
13:37:08,ICBP,RG,8325,2,D,PD,LG,D
13:36:56,ICBP,RG,8300,3,D,DP,KK,D
13:36:47,ICBP,RG,8300,2,D,DP,XC,D
13:36:47,ICBP,RG,8300,3,D,KK,XC,D
13:36:33,ICBP,RG,8300,2,D,KK,ZP,F
13:36:33,ICBP,RG,8300,1,D,SQ,ZP,F
13:36:33,ICBP,RG,8300,7,D,AI,ZP,F
13:36:08,ICBP,RG,8300,1,D,AI,CG,F
13:35:57,ICBP,RG,8325,2,F,CS,LG,D
13:35:33,ICBP,RG,8300,2,D,AI,YU,F
13:35:33,ICBP,RG,8300,3,F,CG,YU,F
13:35:09,ICBP,RG,8300,5,F,CG,ZP,F
13:35:09,ICBP,RG,8300,1,D,EP,ZP,F
13:35:09,ICBP,RG,8300,1,D,LG,ZP,F
13:35:05,ICBP,RG,8300,1,D,LG,CG,F
13:34:57,ICBP,RG,8300,1,D,LG,XC,D
13:34:54,ICBP,RG,8300,1,D,LG,EP,D
13:34:11,ICBP,RG,8300,6,D,LG,ZP,F
13:34:11,ICBP,RG,8300,2,D,KK,ZP,F
13:34:11,ICBP,RG,8300,1,D,GR,ZP,F
13:33:16,ICBP,RG,8325,12,F,DX,LG,D
13:32:51,ICBP,RG,8325,5,D,PD,LG,D
13:32:17,ICBP,RG,8300,7,D,GR,ZP,F
13:32:06,ICBP,RG,8300,8,D,GR,ZP,F
13:31:51,ICBP,RG,8325,5,D,GR,LG,D
13:31:50,ICBP,RG,8325,12,D,YP,LG,D
13:31:19,ICBP,RG,8325,1,D,YP,LG,D
13:31:07,ICBP,RG,8325,5,D,GR,LG,D
13:30:42,ICBP,RG,8300,3,D,GR,AK,F
13:30:42,ICBP,RG,8300,1,D,EP,AK,F
13:30:42,ICBP,RG,8300,1,D,PD,AK,F
13:30:42,ICBP,RG,8300,2,D,KK,AK,F
13:30:42,ICBP,RG,8300,15,D,KK,AK,F
13:30:42,ICBP,RG,8300,3,F,CS,AK,F
13:30:42,ICBP,RG,8300,6,F,CS,AK,F
13:30:42,ICBP,RG,8300,1,D,YB,AK,F
13:30:42,ICBP,RG,8300,2,D,CP,AK,F
13:30:42,ICBP,RG,8300,15,F,CG,AK,F
13:30:42,ICBP,RG,8300,9,D,EP,AK,F
13:30:42,ICBP,RG,8300,1,F,CS,AK,F
13:30:42,ICBP,RG,8300,1,F,ZP,AK,F
13:30:42,ICBP,RG,8300,43,D,YP,AK,F
13:30:16,ICBP,RG,8300,1,D,YP,YP,D
13:30:16,ICBP,RG,8300,73,D,YP,AK,F
13:30:16,ICBP,RG,8325,13,F,AK,LG,D
13:30:16,ICBP,RG,8325,11,F,AK,LG,D
13:30:16,ICBP,RG,8300,146,D,YP,AK,F
13:30:15,ICBP,RG,8300,1,D,YP,YP,D
13:30:15,ICBP,RG,8300,36,D,YP,YP,F
13:30:15,ICBP,RG,8300,5,D,YB,YP,F
13:30:14,ICBP,RG,8300,2,D,YB,CC,D
13:30:14,ICBP,RG,8325,5,D,YP,LG,D
13:30:14,ICBP,RG,8300,5,D,YB,YP,D
13:30:14,ICBP,RG,8325,27,F,AK,LG,D
13:30:14,ICBP,RG,8325,6,F,AK,CC,D
13:30:14,ICBP,RG,8325,5,F,AK,EP,D
13:30:14,ICBP,RG,8325,2,F,AK,CC,D
13:30:14,ICBP,RG,8325,20,F,AK,CC,D
13:30:14,ICBP,RG,8325,2,F,AK,PD,D
13:30:14,ICBP,RG,8325,1,F,AK,DH,D
13:30:14,ICBP,RG,8325,10,F,AK,YP,D
13:30:14,ICBP,RG,8325,1,F,AK,XC,D
13:30:14,ICBP,RG,8325,5,F,AK,OD,D
13:30:14,ICBP,RG,8325,2,F,AK,KK,D
13:30:14,ICBP,RG,8325,1,F,AK,XC,D
13:30:14,ICBP,RG,8325,11,F,AK,YP,D
13:30:14,ICBP,RG,8325,1,F,AK,PD,D
13:30:14,ICBP,RG,8325,3,F,AK,XC,D
13:30:14,ICBP,RG,8325,5,F,AK,NI,D
13:30:14,ICBP,RG,8325,3,F,AK,PD,D
13:30:14,ICBP,RG,8325,11,F,AK,YP,D
13:30:14,ICBP,RG,8300,34,D,YB,AK,D
13:30:14,ICBP,RG,8300,2,D,YB,AK,F
13:30:13,ICBP,RG,8300,2,D,YB,XC,D
13:30:13,ICBP,RG,8300,1,F,CS,XC,D
13:30:13,ICBP,RG,8300,3,F,CS,XC,D
13:30:13,ICBP,RG,8300,2,D,XC,XC,D
13:30:13,ICBP,RG,8300,5,D,XC,CC,D
13:30:13,ICBP,RG,8300,1,F,CS,CC,D
13:30:13,ICBP,RG,8300,19,F,CG,CC,D
13:30:13,ICBP,RG,8300,7,D,AT,CC,D
13:30:11,ICBP,RG,8325,2,D,OD,YP,D
13:30:11,ICBP,RG,8300,27,D,AT,YP,D
13:30:11,ICBP,RG,8325,3,D,CC,YP,D
13:30:11,ICBP,RG,8300,2,D,AT,XC,D
13:30:11,ICBP,RG,8300,1,D,AT,CC,D
13:30:11,ICBP,RG,8300,8,D,AT,CC,D
13:30:10,ICBP,RG,8300,2,D,AT,XC,D
13:30:10,ICBP,RG,8300,1,D,AT,XC,D
13:30:10,ICBP,RG,8300,1,D,AT,XC,D
13:30:09,ICBP,RG,8300,1,D,AT,XC,D
13:30:09,ICBP,RG,8300,1,D,AT,XC,D
13:30:09,ICBP,RG,8300,1,D,AT,PD,D
13:30:09,ICBP,RG,8300,1,D,AT,PD,D
13:30:09,ICBP,RG,8300,2,D,AT,PD,D
13:30:09,ICBP,RG,8325,9,D,CC,YP,D
13:30:08,ICBP,RG,8325,1,D,PD,YP,D
13:30:08,ICBP,RG,8300,1,D,AT,PD,D
13:30:08,ICBP,RG,8300,2,D,AT,PD,D
13:30:08,ICBP,RG,8300,42,D,AT,PD,D
13:30:08,ICBP,RG,8300,4,F,ZP,PD,D
13:30:08,ICBP,RG,8300,39,F,YU,PD,D
13:30:07,ICBP,RG,8300,1,F,YU,KK,D
13:30:07,ICBP,RG,8325,15,D,YP,YP,D
13:30:07,ICBP,RG,8300,10,F,YU,PD,D
13:30:07,ICBP,RG,8300,4,F,YU,PD,D
13:30:07,ICBP,RG,8300,3,F,YU,PD,D
13:30:07,ICBP,RG,8300,1,F,YU,ZP,F
13:30:06,ICBP,RG,8300,3,F,YU,PD,D
13:30:06,ICBP,RG,8300,5,F,YU,PD,D
13:30:06,ICBP,RG,8300,97,F,YU,PD,D
13:30:06,ICBP,RG,8300,1,D,YP,PD,D
13:30:06,ICBP,RG,8300,5,D,PD,PD,D
13:30:06,ICBP,RG,8300,5,D,PD,PD,D
13:30:06,ICBP,RG,8300,1,D,YP,PD,D
13:30:06,ICBP,RG,8300,11,D,CC,PD,D
13:30:06,ICBP,RG,8300,1,D,CC,CC,D
13:30:06,ICBP,RG,8300,3,D,CC,PD,D
13:30:06,ICBP,RG,8300,1,F,CS,PD,D
13:30:06,ICBP,RG,8300,3,F,CS,MK,D
13:30:06,ICBP,RG,8300,1,F,CS,MK,D
13:30:06,ICBP,RG,8300,1,F,CS,MK,D
13:30:06,ICBP,RG,8300,2,F,CS,DH,D
13:30:06,ICBP,RG,8300,1,F,CS,DH,D
13:30:06,ICBP,RG,8300,10,D,PD,DH,D
13:30:06,ICBP,RG,8300,10,D,PD,DH,D
13:30:06,ICBP,RG,8300,18,F,CG,DH,D
13:30:06,ICBP,RG,8300,1,D,XC,DH,D
13:30:06,ICBP,RG,8300,13,D,NI,DH,D
13:30:05,ICBP,RG,8300,38,D,NI,KZ,F
13:30:05,ICBP,RG,8325,1,D,PD,YP,D
13:30:05,ICBP,RG,8300,2,D,NI,EP,D
13:30:05,ICBP,RG,8300,124,D,NI,DH,D
13:30:05,ICBP,RG,8300,1,D,NI,SQ,D
13:30:03,ICBP,RG,8300,1,D,NI,PD,D
13:30:03,ICBP,RG,8300,5,D,NI,PD,D
13:30:03,ICBP,RG,8325,4,D,IF,YP,D
13:30:03,ICBP,RG,8300,10,D,NI,HP,D
13:30:03,ICBP,RG,8325,154,D,IF,YP,D
13:30:03,ICBP,RG,8325,1,D,IF,YP,D
13:30:03,ICBP,RG,8325,4,D,IF,CC,D
13:30:03,ICBP,RG,8325,25,D,IF,YJ,D
13:30:03,ICBP,RG,8325,1,D,IF,NI,D
13:30:03,ICBP,RG,8325,10,D,IF,CC,D
13:30:03,ICBP,RG,8325,3,D,IF,YP,D
13:30:03,ICBP,RG,8325,5,D,IF,GR,D
13:30:03,ICBP,RG,8325,4,D,IF,KK,D
13:30:03,ICBP,RG,8325,2,D,IF,KK,D
13:30:03,ICBP,RG,8325,10,D,IF,CC,D
13:30:03,ICBP,RG,8325,1,D,IF,YB,D
13:30:03,ICBP,RG,8325,3,D,IF,XC,D
13:30:03,ICBP,RG,8325,1,D,IF,PD,D
13:30:03,ICBP,RG,8325,3,D,IF,XC,D
13:30:03,ICBP,RG,8325,6,D,IF,KK,D
13:30:03,ICBP,RG,8325,8,D,IF,CC,D
13:30:03,ICBP,RG,8325,9,D,IF,AZ,D
13:30:02,ICBP,RG,8300,5,D,NI,HP,D
13:30:02,ICBP,RG,8300,30,D,CP,HP,D
13:30:02,ICBP,RG,8300,14,F,DX,HP,D
13:30:02,ICBP,RG,8300,1,D,XC,HP,D
13:30:02,ICBP,RG,8300,1,F,ZP,HP,D
13:30:02,ICBP,RG,8300,4,F,CS,HP,D
13:30:02,ICBP,RG,8300,45,F,CG,HP,D
11:29:59,ICBP,RG,8300,1,F,CG,AK,F
11:29:59,ICBP,RG,8300,1,F,CG,AK,F
11:29:59,ICBP,RG,8300,1,F,CG,AK,F
11:29:55,ICBP,RG,8300,1,F,CG,AK,D
11:29:50,ICBP,RG,8325,1,F,AK,AZ,D
11:29:45,ICBP,RG,8300,3,F,CG,AK,F
11:29:39,ICBP,RG,8325,1,D,NI,PD,D
11:29:39,ICBP,RG,8325,1,D,NI,YP,D
11:29:35,ICBP,RG,8325,1,D,NI,YP,D
11:29:30,ICBP,RG,8325,1,F,AK,YP,D
11:29:30,ICBP,RG,8300,2,F,CG,AK,F
11:29:29,ICBP,RG,8300,9,F,CG,AK,F
11:29:29,ICBP,RG,8300,1,F,CG,AK,F
11:29:21,ICBP,RG,8300,1,F,CG,AK,F
11:29:20,ICBP,RG,8325,8,F,AK,YP,D
11:29:16,ICBP,RG,8325,1,F,AK,YP,D
11:29:15,ICBP,RG,8325,1,F,AK,YP,D
11:29:15,ICBP,RG,8300,1,F,CG,AK,F
11:29:15,ICBP,RG,8300,1,F,CG,AK,F
11:29:15,ICBP,RG,8325,1,F,AK,YP,D
11:29:07,ICBP,RG,8300,6,F,CG,AK,F
11:29:06,ICBP,RG,8300,2,F,CG,AK,F
11:29:05,ICBP,RG,8325,3,F,AK,YP,D
11:29:05,ICBP,RG,8325,2,F,AK,YP,D
11:29:00,ICBP,RG,8300,3,F,CG,AK,F
11:28:59,ICBP,RG,8325,1,D,XC,YP,D
11:28:56,ICBP,RG,8325,1,F,AK,AT,D
11:28:55,ICBP,RG,8300,8,F,CG,AK,D
11:28:55,ICBP,RG,8300,1,F,CG,AK,D
11:28:39,ICBP,RG,8300,5,F,CG,NI,D
11:28:30,ICBP,RG,8325,1,F,AK,EP,D
11:28:25,ICBP,RG,8300,1,F,CG,AK,D
11:28:14,ICBP,RG,8325,1,D,YP,EP,D
11:28:00,ICBP,RG,8325,1,F,AK,EP,D
11:27:51,ICBP,RG,8325,1,D,XC,EP,D
11:27:50,ICBP,RG,8325,20,F,AK,EP,D
11:27:45,ICBP,RG,8325,50,D,PD,EP,D
11:27:38,ICBP,RG,8325,1,D,XC,EP,D
11:27:35,ICBP,RG,8325,5,F,AK,EP,D
11:27:32,ICBP,RG,8325,1,D,XC,EP,D
11:27:32,ICBP,RG,8325,2,D,XC,YP,D
11:27:11,ICBP,RG,8300,1,F,CG,CC,D
11:26:50,ICBP,RG,8300,4,F,CG,SQ,D
11:26:47,ICBP,RG,8300,17,F,CG,SQ,D
11:26:47,ICBP,RG,8300,5,D,DP,SQ,D
11:26:47,ICBP,RG,8300,1,F,CS,SQ,D
11:26:47,ICBP,RG,8300,1,F,CS,SQ,D
11:26:47,ICBP,RG,8300,1,F,CS,SQ,D
11:26:36,ICBP,RG,8325,1,D,PD,YP,D
11:26:36,ICBP,RG,8300,5,F,AK,SH,D
11:26:05,ICBP,RG,8325,2,F,AK,YP,D
11:26:05,ICBP,RG,8325,1,F,AK,YP,D
11:26:05,ICBP,RG,8325,1,F,AK,YP,D
11:26:05,ICBP,RG,8325,1,F,AK,PD,D
11:26:05,ICBP,RG,8325,17,F,AK,YP,D
11:26:00,ICBP,RG,8325,3,F,AK,YP,D
11:25:30,ICBP,RG,8325,1,F,AK,PD,D
11:25:30,ICBP,RG,8325,1,F,AK,XC,D
11:25:30,ICBP,RG,8325,6,F,AK,YP,D
11:25:15,ICBP,RG,8300,1,F,AK,XC,D
11:25:14,ICBP,RG,8300,1,F,CS,XC,D
11:25:11,ICBP,RG,8300,2,D,PD,CS,F
11:25:11,ICBP,RG,8300,4,D,PD,AK,F
11:24:59,ICBP,RG,8300,1,F,CS,AK,F
11:24:58,ICBP,RG,8300,1,F,DX,AK,F
11:24:58,ICBP,RG,8300,1,F,DX,XC,D
11:24:58,ICBP,RG,8300,2,F,DX,CS,D
11:24:58,ICBP,RG,8300,8,F,DX,LG,D
11:24:57,ICBP,RG,8300,5,D,YP,LG,D
11:24:56,ICBP,RG,8300,3,F,CS,LG,D
11:24:56,ICBP,RG,8300,84,F,CG,LG,D
11:24:56,ICBP,RG,8300,31,F,CG,LG,D
11:24:56,ICBP,RG,8300,69,F,KZ,LG,D
11:24:56,ICBP,RG,8300,16,F,KZ,AK,F
11:24:56,ICBP,RG,8300,3,F,KZ,NI,D
11:24:56,ICBP,RG,8300,52,F,KZ,NI,D
11:24:52,ICBP,RG,8300,15,D,IU,NI,D
11:24:52,ICBP,RG,8300,9,D,IU,AK,F
11:24:52,ICBP,RG,8300,1,D,IU,CS,F
11:24:52,ICBP,RG,8300,1,D,IU,CS,D
11:24:52,ICBP,RG,8300,2,D,IU,NI,D
11:24:52,ICBP,RG,8300,28,D,IU,AK,F
11:24:52,ICBP,RG,8300,1,D,IU,PD,D
11:24:52,ICBP,RG,8300,2,D,IU,CS,F
11:24:52,ICBP,RG,8300,210,D,IU,AK,F
11:24:52,ICBP,RG,8300,10,D,IU,LS,D
11:24:52,ICBP,RG,8300,17,D,IU,AK,F
11:24:52,ICBP,RG,8300,1,D,IU,CS,D
11:24:52,ICBP,RG,8300,1,D,IU,PD,D
11:24:52,ICBP,RG,8300,9,D,IU,PD,D
11:24:52,ICBP,RG,8300,1,D,IU,SQ,D
11:24:52,ICBP,RG,8300,12,D,IU,YP,D
11:24:52,ICBP,RG,8300,1,D,IU,PD,D
11:24:52,ICBP,RG,8300,1,D,IU,KK,D
11:24:52,ICBP,RG,8300,9,D,IU,NI,D
11:24:52,ICBP,RG,8300,1,D,IU,NI,D
11:24:52,ICBP,RG,8300,4,D,IU,YP,D
11:24:52,ICBP,RG,8300,1,D,IU,PD,D
11:24:52,ICBP,RG,8300,3,D,IU,KK,D
11:24:52,ICBP,RG,8300,1,D,IU,YP,D
11:24:52,ICBP,RG,8300,35,D,IU,YB,D
11:24:52,ICBP,RG,8300,20,D,IU,SQ,D
11:24:52,ICBP,RG,8300,2,D,IU,KK,D
11:24:52,ICBP,RG,8300,23,D,IU,KK,D
11:24:52,ICBP,RG,8300,2,D,IU,CC,D
11:24:52,ICBP,RG,8300,1,D,IU,XC,D
11:24:52,ICBP,RG,8300,20,D,IU,XC,D
11:24:52,ICBP,RG,8300,16,D,IU,XC,D
11:24:52,ICBP,RG,8300,20,D,IU,NI,D
11:24:52,ICBP,RG,8300,1,D,IU,CS,D
11:24:52,ICBP,RG,8300,1,D,IU,XC,D
11:24:52,ICBP,RG,8300,10,D,IU,PD,D
11:24:52,ICBP,RG,8300,1,D,IU,XC,D
11:24:52,ICBP,RG,8300,3,D,IU,XC,D
11:24:52,ICBP,RG,8300,1,D,IU,XC,D
11:24:52,ICBP,RG,8300,3,D,IU,CC,D
11:24:45,ICBP,RG,8300,1,F,AK,CC,D
11:24:42,ICBP,RG,8300,2,F,CG,CC,D
11:24:42,ICBP,RG,8300,1,F,CG,XC,D
11:24:35,ICBP,RG,8275,6,F,KZ,YU,F
11:24:22,ICBP,RG,8300,1,F,CG,XC,D
11:24:22,ICBP,RG,8300,1,F,CG,PD,D
11:24:22,ICBP,RG,8300,3,F,CG,CC,D
11:24:20,ICBP,RG,8300,7,F,AK,CC,D
11:24:20,ICBP,RG,8300,15,F,AK,XC,D
11:24:20,ICBP,RG,8300,1,F,AK,PD,D
11:24:20,ICBP,RG,8300,2,F,AK,PD,D
11:24:20,ICBP,RG,8300,1,F,AK,XC,D
11:24:20,ICBP,RG,8300,1,F,AK,LG,D
11:24:18,ICBP,RG,8300,16,D,YP,LG,D
11:24:16,ICBP,RG,8300,2,F,CS,LG,D
11:24:15,ICBP,RG,8300,1,F,AK,LG,D
11:24:00,ICBP,RG,8300,16,F,DX,LG,D
11:23:59,ICBP,RG,8300,20,D,DR,LG,D
11:23:53,ICBP,RG,8300,38,D,YJ,LG,D
11:23:51,ICBP,RG,8300,3,F,CG,LG,D
11:23:51,ICBP,RG,8300,3,F,AK,LG,D
11:23:51,ICBP,RG,8300,2,F,AK,YU,F
11:23:49,ICBP,RG,8300,4,D,ES,YU,F
11:23:49,ICBP,RG,8300,5,D,ES,EP,D
11:23:49,ICBP,RG,8300,119,D,ES,CS,F
11:23:49,ICBP,RG,8300,1,D,ES,PD,D
11:23:49,ICBP,RG,8300,6,D,ES,YU,F
11:23:49,ICBP,RG,8300,3,D,ES,AI,D
11:23:49,ICBP,RG,8300,50,D,ES,KI,D
11:23:49,ICBP,RG,8300,1,D,ES,CS,F
11:23:49,ICBP,RG,8300,1,D,ES,DH,D
11:23:49,ICBP,RG,8300,3,D,ES,CC,D
11:23:49,ICBP,RG,8300,70,D,ES,SQ,D
11:23:49,ICBP,RG,8300,1,D,ES,XC,D
11:23:49,ICBP,RG,8300,1,D,ES,PD,D
11:23:49,ICBP,RG,8300,1,D,ES,XC,D
11:23:49,ICBP,RG,8300,2,D,ES,KK,D
11:23:49,ICBP,RG,8300,32,D,ES,YP,D
11:23:44,ICBP,RG,8300,1,F,ZP,YP,D
11:23:35,ICBP,RG,8300,5,F,CG,YP,D
11:23:30,ICBP,RG,8300,1,F,ZP,YP,D
11:23:30,ICBP,RG,8300,50,D,PD,YP,D
11:23:30,ICBP,RG,8300,5,F,ZP,YP,D
11:23:21,ICBP,RG,8300,12,F,CS,YP,D
11:23:16,ICBP,RG,8275,54,F,KZ,YP,D
11:23:11,ICBP,RG,8300,62,F,KZ,YP,D
11:23:11,ICBP,RG,8300,1,F,KZ,SQ,D
11:23:11,ICBP,RG,8300,5,F,KZ,PD,D
11:23:11,ICBP,RG,8300,1,F,KZ,XC,D
11:23:11,ICBP,RG,8300,18,F,KZ,CC,D
11:23:10,ICBP,RG,8300,3,F,ZP,CC,D
11:23:10,ICBP,RG,8300,7,F,ZP,CC,D
11:23:10,ICBP,RG,8300,12,F,AK,CC,D
11:23:10,ICBP,RG,8300,49,F,AK,YP,D
11:23:10,ICBP,RG,8300,1,F,AK,XC,D
11:23:10,ICBP,RG,8300,25,F,AK,YP,D
11:23:10,ICBP,RG,8300,5,F,AK,YP,D
11:23:10,ICBP,RG,8300,41,F,AK,PD,D
11:23:10,ICBP,RG,8300,5,F,AK,PD,D
11:23:10,ICBP,RG,8300,3,F,AK,PD,D
11:23:10,ICBP,RG,8300,20,F,AK,PD,D
11:23:10,ICBP,RG,8300,10,F,AK,PD,D
11:23:10,ICBP,RG,8300,1,F,AK,YP,D
11:23:10,ICBP,RG,8300,1,F,AK,PD,D
11:23:10,ICBP,RG,8300,85,F,AK,KK,D
11:23:10,ICBP,RG,8300,34,F,AK,YU,F
11:23:10,ICBP,RG,8300,20,F,AK,EP,D
11:23:10,ICBP,RG,8300,1,F,AK,KK,D
11:23:10,ICBP,RG,8300,2,F,AK,XC,D
11:23:10,ICBP,RG,8300,2,F,AK,PD,D
11:23:10,ICBP,RG,8300,1,F,AK,DR,D
11:23:10,ICBP,RG,8300,1,F,AK,CS,F
11:23:10,ICBP,RG,8300,2,F,AK,XC,D
11:23:10,ICBP,RG,8300,591,F,AK,RF,D
11:23:10,ICBP,RG,8300,30,F,AK,CC,D
11:23:10,ICBP,RG,8300,1,F,AK,CS,F
11:23:10,ICBP,RG,8300,14,F,AK,NI,D
11:23:10,ICBP,RG,8300,1,F,AK,XC,D
11:23:10,ICBP,RG,8300,6,F,AK,PD,D
11:23:10,ICBP,RG,8300,10,F,AK,XC,D
11:23:10,ICBP,RG,8300,8,F,AK,XC,D
11:23:10,ICBP,RG,8300,2,F,AK,CS,F
11:23:10,ICBP,RG,8300,1,F,AK,DH,D
11:23:10,ICBP,RG,8300,5,F,AK,CC,D
11:23:10,ICBP,RG,8300,5,F,AK,DH,D
11:23:10,ICBP,RG,8300,2,F,AK,CC,D
11:23:10,ICBP,RG,8300,3,F,AK,CC,D
11:23:00,ICBP,RG,8300,1,F,AK,CS,D
11:23:00,ICBP,RG,8300,1,F,AK,XC,D
11:22:57,ICBP,RG,8300,3,F,CG,XC,D
11:22:50,ICBP,RG,8300,6,F,AK,XC,D
11:22:50,ICBP,RG,8300,9,F,AK,YP,D
11:22:50,ICBP,RG,8300,2,F,AK,CS,F
11:22:50,ICBP,RG,8300,10,F,AK,CC,D
11:22:43,ICBP,RG,8300,5,D,XA,CC,D
11:22:37,ICBP,RG,8300,4,F,CG,CC,D
11:22:32,ICBP,RG,8300,8,D,PD,CC,D
11:22:32,ICBP,RG,8300,2,D,PD,CS,D
11:22:32,ICBP,RG,8300,1,D,PD,PD,D
11:22:32,ICBP,RG,8300,2,D,PD,YP,D
11:22:32,ICBP,RG,8300,1,D,PD,AK,F
11:22:32,ICBP,RG,8300,1,D,PD,GR,D
11:22:32,ICBP,RG,8300,5,D,PD,PD,D
11:22:32,ICBP,RG,8300,6,D,PD,CC,D
11:22:32,ICBP,RG,8300,2,D,PD,CS,D
11:22:32,ICBP,RG,8300,1,D,PD,CS,F
11:22:32,ICBP,RG,8300,30,D,PD,AK,F
11:22:32,ICBP,RG,8300,1,D,PD,XC,D
11:22:32,ICBP,RG,8300,10,D,PD,PD,D
11:22:32,ICBP,RG,8300,1,D,PD,PC,D
11:22:32,ICBP,RG,8300,2,D,PD,CS,F
11:22:32,ICBP,RG,8300,2,D,PD,CS,D
11:22:32,ICBP,RG,8300,16,D,PD,AK,F
11:22:32,ICBP,RG,8300,9,D,PD,MG,D
11:22:26,ICBP,RG,8300,2,D,DP,MG,D
11:22:25,ICBP,RG,8300,3,F,CS,MG,D
11:22:21,ICBP,RG,8300,11,F,KZ,MG,D
11:22:21,ICBP,RG,8300,3,F,KZ,PD,D
11:22:21,ICBP,RG,8300,1,F,KZ,KK,D
11:22:21,ICBP,RG,8300,40,F,KZ,DR,D
11:22:21,ICBP,RG,8300,100,F,KZ,AT,D
11:22:21,ICBP,RG,8300,13,F,KZ,AK,F
11:22:18,ICBP,RG,8300,5,F,CG,AK,F
11:22:18,ICBP,RG,8300,13,D,IF,AK,F
11:22:18,ICBP,RG,8300,1,D,IF,CC,D
11:22:18,ICBP,RG,8300,2,D,IF,XC,D
11:22:18,ICBP,RG,8300,2,D,IF,CS,F
11:22:18,ICBP,RG,8300,2,D,IF,CS,D
11:22:18,ICBP,RG,8300,30,D,IF,PD,D
11:22:18,ICBP,RG,8300,2,D,IF,PD,D
11:22:18,ICBP,RG,8300,1,D,IF,CC,D
11:22:18,ICBP,RG,8300,1,D,IF,PD,D
11:22:18,ICBP,RG,8300,2,D,IF,CC,D
11:22:18,ICBP,RG,8300,15,D,IF,AK,F
11:22:18,ICBP,RG,8300,3,D,IF,NI,D
11:22:18,ICBP,RG,8300,6,D,IF,XC,D
11:22:18,ICBP,RG,8300,50,D,IF,XC,D
11:22:18,ICBP,RG,8300,3,D,IF,XC,D
11:22:18,ICBP,RG,8300,7,D,IF,EP,D
11:22:18,ICBP,RG,8300,10,D,IF,LG,D
11:22:18,ICBP,RG,8300,2,D,IF,XC,D
11:22:18,ICBP,RG,8300,30,D,IF,AK,F
11:22:18,ICBP,RG,8300,2,D,IF,CS,F
11:22:18,ICBP,RG,8300,75,D,IF,YU,D
11:22:18,ICBP,RG,8300,41,D,IF,YU,D
11:22:15,ICBP,RG,8275,1,F,KZ,AK,F
11:22:05,ICBP,RG,8300,9,F,AK,YU,D
11:22:05,ICBP,RG,8300,2,F,AK,CS,D
11:22:05,ICBP,RG,8300,3,F,AK,AK,F
11:22:00,ICBP,RG,8300,2,F,AK,AK,F
11:22:00,ICBP,RG,8275,6,F,KZ,YU,F
11:21:53,ICBP,RG,8275,1,F,KZ,YP,D
11:21:30,ICBP,RG,8300,1,F,AK,AK,F
11:21:15,ICBP,RG,8275,31,F,KZ,AK,F
11:21:05,ICBP,RG,8300,8,F,AK,AK,F
11:21:05,ICBP,RG,8300,13,F,AK,NI,D
11:21:00,ICBP,RG,8275,6,F,KZ,YU,F
11:20:58,ICBP,RG,8300,5,D,GR,NI,D
11:20:58,ICBP,RG,8300,2,D,GR,AK,F
11:20:45,ICBP,RG,8275,16,F,KZ,AK,F
11:20:30,ICBP,RG,8300,2,F,AK,AK,F
11:20:02,ICBP,RG,8275,6,F,KZ,YU,F
11:20:00,ICBP,RG,8275,13,F,KZ,AK,F
11:20:00,ICBP,RG,8275,1,F,KZ,AK,F
11:19:41,ICBP,RG,8300,3,F,CS,AK,F
11:19:35,ICBP,RG,8300,20,F,AK,AK,F
11:19:35,ICBP,RG,8300,2,F,AK,PD,D
11:19:35,ICBP,RG,8300,7,F,AK,AK,F
11:19:00,ICBP,RG,8275,35,F,KZ,AK,F
11:18:22,ICBP,RG,8300,2,D,GR,AK,F
11:18:21,ICBP,RG,8300,4,F,AK,AK,F
11:18:20,ICBP,RG,8300,9,F,AK,AK,F
11:18:20,ICBP,RG,8300,1,F,AK,CS,D
11:18:20,ICBP,RG,8300,1,F,AK,CS,F
11:18:20,ICBP,RG,8300,14,F,AK,AK,F
11:18:20,ICBP,RG,8300,1,F,AK,CS,D
11:18:20,ICBP,RG,8300,1,F,AK,YP,D
11:17:44,ICBP,RG,8275,33,F,KZ,AK,F
11:17:28,ICBP,RG,8300,1,D,PD,XC,D
11:17:28,ICBP,RG,8300,5,D,PD,CC,D
11:17:11,ICBP,RG,8300,3,D,DP,CC,D
11:16:58,ICBP,RG,8275,1,F,KZ,SQ,D
11:16:50,ICBP,RG,8300,3,F,CS,PD,D
11:16:50,ICBP,RG,8300,17,F,AK,PD,D
11:16:50,ICBP,RG,8300,6,F,AK,NI,D
11:16:18,ICBP,RG,8275,9,F,KZ,CS,D
11:16:14,ICBP,RG,8275,22,F,KZ,AK,F
11:16:00,ICBP,RG,8275,6,F,KZ,YU,F
11:15:58,ICBP,RG,8300,4,F,AK,NI,D
11:15:58,ICBP,RG,8300,2,F,AK,GR,D
11:15:58,ICBP,RG,8300,21,F,AK,XC,D
11:15:57,ICBP,RG,8275,9,F,KZ,CS,F
11:15:54,ICBP,RG,8300,2,D,CC,XC,D
11:15:36,ICBP,RG,8300,7,D,AT,XC,D
11:15:31,ICBP,RG,8300,3,F,KZ,CC,D
11:15:31,ICBP,RG,8300,4,F,KZ,XC,D
11:15:31,ICBP,RG,8300,15,F,KZ,PD,D
11:15:31,ICBP,RG,8300,1,F,KZ,KK,D
11:15:31,ICBP,RG,8300,13,F,KZ,PD,D
11:15:31,ICBP,RG,8300,5,F,KZ,YP,D
11:15:31,ICBP,RG,8300,63,F,KZ,XC,D
11:15:30,ICBP,RG,8275,1,F,KZ,AK,F
11:15:29,ICBP,RG,8275,16,F,KZ,YU,F
11:14:16,ICBP,RG,8300,2,D,PD,XC,D
11:14:07,ICBP,RG,8300,3,F,CS,XC,D
11:14:00,ICBP,RG,8275,6,F,KZ,YU,F
11:13:57,ICBP,RG,8275,12,F,KZ,YP,D
11:13:44,ICBP,RG,8275,34,F,KZ,AK,F
11:13:20,ICBP,RG,8300,1,D,YP,XC,D
11:12:45,ICBP,RG,8300,4,F,AK,XC,D
11:12:43,ICBP,RG,8300,4,D,PD,XC,D
11:12:31,ICBP,RG,8300,2,D,PD,XC,D
11:12:03,ICBP,RG,8275,1,F,KZ,SQ,D
11:12:00,ICBP,RG,8275,6,F,KZ,YU,F
11:11:45,ICBP,RG,8275,17,F,KZ,AK,F
11:11:45,ICBP,RG,8275,1,F,AK,AK,F
11:11:37,ICBP,RG,8300,3,D,DR,XC,D
11:11:33,ICBP,RG,8300,1,D,EP,XC,D
11:11:15,ICBP,RG,8300,3,F,CS,XC,D
11:11:00,ICBP,RG,8275,6,F,AK,YU,F
11:10:53,ICBP,RG,8300,50,D,PD,XC,D
11:10:32,ICBP,RG,8275,5,F,AK,PD,D
11:10:00,ICBP,RG,8275,6,F,AK,YU,F
11:09:35,ICBP,RG,8300,1,D,EP,XC,D
11:09:15,ICBP,RG,8275,2,F,AK,AK,F
11:09:15,ICBP,RG,8275,5,D,DP,AK,F
11:09:15,ICBP,RG,8275,15,D,YP,AK,F
11:09:15,ICBP,RG,8275,1,D,PD,AK,F
11:09:15,ICBP,RG,8275,10,D,PD,AK,F
11:09:15,ICBP,RG,8275,6,F,YU,AK,F
11:08:35,ICBP,RG,8300,35,F,AK,XC,D
11:08:30,ICBP,RG,8300,1,D,NI,XC,D
11:08:15,ICBP,RG,8275,17,F,YU,AK,F
11:08:06,ICBP,RG,8300,4,F,CS,XC,D
11:08:00,ICBP,RG,8300,3,F,AK,XC,D
11:08:00,ICBP,RG,8275,6,F,YU,YU,F
11:06:30,ICBP,RG,8275,1,F,CS,AK,F
11:06:15,ICBP,RG,8275,6,F,CS,AK,F
11:06:15,ICBP,RG,8275,15,F,DX,AK,F
11:06:15,ICBP,RG,8275,1,F,CS,AK,F
11:06:15,ICBP,RG,8275,2,D,PD,AK,F
11:06:15,ICBP,RG,8275,2,D,XC,AK,F
11:06:15,ICBP,RG,8275,10,D,SQ,AK,F
11:06:15,ICBP,RG,8275,3,F,YU,AK,F
11:06:00,ICBP,RG,8275,6,F,YU,YU,F
11:05:49,ICBP,RG,8275,12,F,YU,PD,D
11:05:15,ICBP,RG,8275,20,F,YU,AK,F
11:05:10,ICBP,RG,8300,2,D,CD,XC,D
11:04:35,ICBP,RG,8300,5,F,AK,XC,D
11:04:35,ICBP,RG,8300,8,F,AK,XC,D
11:04:35,ICBP,RG,8300,1,F,AK,XC,D
11:04:35,ICBP,RG,8300,11,F,AK,PD,D
11:04:31,ICBP,RG,8300,4,D,GR,PD,D
11:04:31,ICBP,RG,8300,2,D,GR,PD,D
11:04:00,ICBP,RG,8275,6,F,YU,YU,F
11:03:32,ICBP,RG,8300,3,F,CS,PD,D
11:03:32,ICBP,RG,8300,1,F,CS,GR,D
11:02:43,ICBP,RG,8300,1,D,XC,CC,D
11:02:24,ICBP,RG,8300,1,D,PD,CC,D
11:02:04,ICBP,RG,8300,1,D,DP,CC,D
11:01:52,ICBP,RG,8300,9,D,PD,CC,D
11:01:30,ICBP,RG,8275,10,F,YU,AK,F
11:01:30,ICBP,RG,8275,22,F,YU,AK,F
11:01:20,ICBP,RG,8275,1,F,YU,OD,D
11:01:15,ICBP,RG,8275,1,F,YU,AK,F
11:00:36,ICBP,RG,8300,2,D,NI,CC,D
11:00:00,ICBP,RG,8275,4,F,YU,AK,F
11:00:00,ICBP,RG,8275,3,D,YP,AK,F
11:00:00,ICBP,RG,8275,2,D,CC,AK,F
11:00:00,ICBP,RG,8275,7,F,AK,AK,F
10:59:41,ICBP,RG,8300,42,F,KZ,EP,D
10:59:41,ICBP,RG,8300,52,F,KZ,LG,D
10:59:22,ICBP,RG,8275,6,F,AK,XC,D
10:58:15,ICBP,RG,8275,6,F,AK,CS,F
10:58:14,ICBP,RG,8275,6,F,AK,OD,D
10:58:14,ICBP,RG,8275,2,F,AK,OD,D
10:58:14,ICBP,RG,8275,1,D,CC,OD,D
10:58:14,ICBP,RG,8275,2,D,PD,OD,D
10:58:14,ICBP,RG,8275,35,D,SQ,OD,D
10:58:14,ICBP,RG,8275,2,F,CS,OD,D
10:58:14,ICBP,RG,8275,1,D,XC,OD,D
10:58:14,ICBP,RG,8275,1,F,AK,OD,D
10:58:14,ICBP,RG,8275,4,D,PD,OD,D
10:58:14,ICBP,RG,8275,1,D,PD,OD,D
10:58:14,ICBP,RG,8275,15,F,AK,OD,D
10:58:14,ICBP,RG,8275,2,F,ZP,OD,D
10:58:14,ICBP,RG,8275,14,F,ZP,OD,D
10:58:14,ICBP,RG,8275,7,F,CS,OD,D
10:58:14,ICBP,RG,8275,3,D,YP,OD,D
10:58:14,ICBP,RG,8275,13,F,DX,OD,D
10:58:14,ICBP,RG,8275,84,F,KZ,OD,D
10:58:14,ICBP,RG,8275,4,F,CS,OD,D
10:58:14,ICBP,RG,8275,29,F,YU,OD,D
10:58:14,ICBP,RG,8275,3,D,YU,OD,D
10:58:14,ICBP,RG,8275,3,D,NI,OD,D
10:58:14,ICBP,RG,8275,1,F,AK,OD,D
10:58:14,ICBP,RG,8275,15,F,AK,OD,D
10:58:14,ICBP,RG,8275,2,D,PD,OD,D
10:58:14,ICBP,RG,8275,100,D,AI,OD,D
10:58:14,ICBP,RG,8275,1,F,CS,OD,D
10:58:14,ICBP,RG,8275,13,F,DX,OD,D
10:58:14,ICBP,RG,8275,50,D,YP,OD,D
10:58:14,ICBP,RG,8275,25,D,PD,OD,D
10:58:14,ICBP,RG,8275,5,F,CS,OD,D
10:58:14,ICBP,RG,8275,10,D,YP,OD,D
10:58:14,ICBP,RG,8275,28,F,YU,OD,D
10:58:14,ICBP,RG,8275,14,F,AK,OD,D
10:58:14,ICBP,RG,8275,2,D,XC,OD,D
10:58:14,ICBP,RG,8275,2,D,NI,OD,D
10:58:00,ICBP,RG,8275,4,D,NI,YU,F
10:58:00,ICBP,RG,8275,1,D,YP,YU,F
10:58:00,ICBP,RG,8275,1,F,AK,YU,F
10:57:50,ICBP,RG,8300,1,D,PD,LG,D
10:57:45,ICBP,RG,8275,29,D,YP,AK,F
10:57:22,ICBP,RG,8300,47,D,PD,LG,D
10:57:22,ICBP,RG,8300,3,D,PD,PD,D
10:57:19,ICBP,RG,8300,17,D,PD,PD,D
10:57:19,ICBP,RG,8300,2,D,PD,CC,D
10:57:19,ICBP,RG,8300,6,D,PD,PD,D
10:57:02,ICBP,RG,8275,6,D,YP,CS,D
10:56:48,ICBP,RG,8275,5,D,YP,YU,F
10:56:48,ICBP,RG,8275,3,D,EP,YU,F
10:56:48,ICBP,RG,8275,1,D,XC,YU,F
10:56:48,ICBP,RG,8275,5,D,NI,YU,F
10:56:48,ICBP,RG,8275,1,D,XC,YU,F
10:56:12,ICBP,RG,8300,4,F,CS,PD,D
10:56:00,ICBP,RG,8275,8,D,CC,AK,F
10:56:00,ICBP,RG,8275,5,F,CS,AK,F
10:56:00,ICBP,RG,8275,1,D,CP,AK,F
10:56:00,ICBP,RG,8275,6,D,CP,YU,F
10:55:54,ICBP,RG,8300,1,D,NI,YP,D
10:55:50,ICBP,RG,8300,2,D,DP,YP,D
10:55:42,ICBP,RG,8300,10,D,PD,YP,D
10:55:08,ICBP,RG,8275,1,D,CP,PD,D
10:54:50,ICBP,RG,8300,20,F,AK,YP,D
10:54:30,ICBP,RG,8300,4,F,AK,YP,D
10:54:00,ICBP,RG,8275,26,D,CP,AK,F
10:54:00,ICBP,RG,8275,6,D,CP,YU,F
10:53:12,ICBP,RG,8300,33,D,HP,YP,D
10:52:59,ICBP,RG,8300,15,F,AK,YP,D
10:52:24,ICBP,RG,8300,4,F,CS,YP,D
10:52:15,ICBP,RG,8275,14,D,CP,AK,F
10:52:15,ICBP,RG,8275,1,D,CP,AK,F
10:52:00,ICBP,RG,8275,6,D,CP,YU,F
10:51:50,ICBP,RG,8275,1,D,CP,PD,D
10:50:40,ICBP,RG,8275,6,D,CP,CC,D
10:50:30,ICBP,RG,8275,27,D,CP,AK,F
10:50:18,ICBP,RG,8275,1,D,CP,PD,D
10:50:05,ICBP,RG,8300,20,F,AK,YP,D
10:49:45,ICBP,RG,8300,2,F,AK,YP,D
10:49:14,ICBP,RG,8275,10,D,CP,PD,D
10:48:59,ICBP,RG,8275,5,D,CP,YP,D
10:48:59,ICBP,RG,8275,5,F,CS,YP,D
10:48:59,ICBP,RG,8275,5,F,DX,YP,D
10:48:45,ICBP,RG,8275,11,F,DX,AK,F
10:48:45,ICBP,RG,8275,1,D,NI,AK,F
10:48:45,ICBP,RG,8275,1,D,PD,AK,F
10:48:45,ICBP,RG,8275,1,D,DH,AK,F
10:48:35,ICBP,RG,8300,4,F,CS,YP,D
10:48:08,ICBP,RG,8300,2,D,DH,YP,D
10:48:05,ICBP,RG,8300,1,D,XC,YP,D
10:47:50,ICBP,RG,8300,1,D,PD,YP,D
10:47:11,ICBP,RG,8300,30,D,YP,YP,D
10:46:46,ICBP,RG,8300,20,D,YP,YP,D
10:46:22,ICBP,RG,8275,2,D,NI,YP,D
10:46:22,ICBP,RG,8275,1,D,PD,YP,D
10:46:14,ICBP,RG,8275,9,D,PD,AK,F
10:46:14,ICBP,RG,8275,4,F,CS,AK,F
10:46:14,ICBP,RG,8275,12,D,KI,AK,F
10:46:02,ICBP,RG,8275,6,D,KI,YU,F
10:45:50,ICBP,RG,8275,7,D,KI,KK,D
10:45:50,ICBP,RG,8275,6,D,AZ,KK,D
10:45:50,ICBP,RG,8275,6,D,DP,KK,D
10:45:50,ICBP,RG,8275,1,F,ZP,KK,D
10:45:14,ICBP,RG,8300,13,F,AK,YP,D
10:45:00,ICBP,RG,8300,3,F,AK,YP,D
10:44:45,ICBP,RG,8275,1,F,ZP,AK,F
10:44:45,ICBP,RG,8275,10,D,PD,AK,F
10:44:45,ICBP,RG,8275,1,D,NI,AK,F
10:44:32,ICBP,RG,8275,2,D,NI,PD,D
10:44:32,ICBP,RG,8275,3,F,AK,PD,D
10:44:28,ICBP,RG,8300,5,F,CS,YP,D
10:44:20,ICBP,RG,8275,4,F,AK,NI,D
10:44:00,ICBP,RG,8275,13,F,AK,YP,D
10:43:46,ICBP,RG,8275,4,F,AK,CS,F
10:43:46,ICBP,RG,8300,109,F,KZ,YP,D
10:43:30,ICBP,RG,8275,10,D,YP,AK,F
10:43:30,ICBP,RG,8275,1,D,PD,AK,F
10:43:30,ICBP,RG,8275,14,F,KZ,AK,F
10:43:30,ICBP,RG,8275,1,F,KZ,AK,F
10:43:17,ICBP,RG,8275,1,F,KZ,NI,D
10:43:14,ICBP,RG,8275,4,F,KZ,CS,D
10:42:46,ICBP,RG,8300,13,D,XC,YP,D
10:42:44,ICBP,RG,8300,1,D,EP,YP,D
10:42:17,ICBP,RG,8275,5,F,KZ,PD,D
10:42:15,ICBP,RG,8275,12,F,KZ,AK,F
10:41:51,ICBP,RG,8275,3,F,KZ,AK,F
10:41:49,ICBP,RG,8275,67,F,KZ,AK,F
10:41:49,ICBP,RG,8275,7,F,CS,AK,F
10:41:49,ICBP,RG,8275,13,F,DX,AK,F
10:41:49,ICBP,RG,8275,40,D,YP,AK,F
10:41:49,ICBP,RG,8275,2,D,OD,AK,F
10:41:49,ICBP,RG,8275,31,F,AK,AK,F
10:41:49,ICBP,RG,8275,48,D,YP,AK,F
10:41:49,ICBP,RG,8275,252,D,YP,YP,D
10:41:49,ICBP,RG,8275,20,D,XC,YP,D
10:41:49,ICBP,RG,8275,61,D,CC,YP,D
10:41:49,ICBP,RG,8275,2,D,PD,YP,D
10:41:49,ICBP,RG,8275,2,F,CS,YP,D
10:41:49,ICBP,RG,8275,163,F,AK,YP,D
10:41:39,ICBP,RG,8275,1,F,AK,PD,D
10:41:11,ICBP,RG,8275,3,F,AK,XC,D
10:40:51,ICBP,RG,8275,4,F,AK,AK,F
10:40:45,ICBP,RG,8275,19,F,AK,AK,F
10:40:45,ICBP,RG,8275,1,D,XC,AK,F
10:40:45,ICBP,RG,8275,5,D,PD,AK,F
10:40:30,ICBP,RG,8275,1,D,PD,NI,D
10:40:00,ICBP,RG,8275,11,D,PD,AK,F
10:39:36,ICBP,RG,8275,2,D,PD,AK,F
10:39:35,ICBP,RG,8300,18,F,AK,YP,D
10:39:34,ICBP,RG,8300,1,D,PD,YP,D
10:39:34,ICBP,RG,8275,2,D,PD,PD,D
10:39:13,ICBP,RG,8300,1,D,DP,YP,D
10:38:36,ICBP,RG,8275,3,D,PD,AK,F
10:38:35,ICBP,RG,8275,1,D,PD,PD,D
10:38:35,ICBP,RG,8275,1,D,KK,PD,D
10:38:30,ICBP,RG,8275,1,D,KK,AK,F
10:38:30,ICBP,RG,8275,2,F,CS,AK,F
10:38:30,ICBP,RG,8275,7,F,CS,AK,F
10:38:30,ICBP,RG,8275,10,D,AO,AK,F
10:38:30,ICBP,RG,8275,1,F,AK,AK,F
10:38:09,ICBP,RG,8300,4,F,CS,YP,D
10:37:51,ICBP,RG,8275,2,F,AK,AK,F
10:37:45,ICBP,RG,8275,3,F,AK,AK,F
10:37:45,ICBP,RG,8275,7,D,AZ,AK,F
10:37:20,ICBP,RG,8275,5,F,DX,YU,F
10:37:11,ICBP,RG,8275,1,F,DX,DH,D
10:36:45,ICBP,RG,8275,1,F,DX,AK,F
10:36:21,ICBP,RG,8275,4,F,DX,AK,F
10:36:20,ICBP,RG,8300,15,F,AK,YP,D
10:36:15,ICBP,RG,8275,5,F,DX,AK,F
10:36:15,ICBP,RG,8275,9,F,ZP,AK,F
10:36:15,ICBP,RG,8275,1,F,ZP,AK,F
10:36:15,ICBP,RG,8275,4,D,DR,AK,F
10:36:06,ICBP,RG,8275,1,D,DR,AK,F
10:36:00,ICBP,RG,8275,5,D,DR,CS,D
10:35:51,ICBP,RG,8275,1,D,YP,AK,F
10:35:49,ICBP,RG,8275,1,D,YP,SQ,D
10:35:47,ICBP,RG,8275,3,D,YP,XC,D
10:35:42,ICBP,RG,8275,5,D,YP,LG,D
10:35:32,ICBP,RG,8275,2,D,YP,CC,D
10:35:21,ICBP,RG,8275,1,D,YP,AK,F
10:35:15,ICBP,RG,8275,11,D,YP,AK,F
10:34:51,ICBP,RG,8275,2,D,YP,AK,F
10:34:47,ICBP,RG,8275,10,D,YP,YP,D
10:34:37,ICBP,RG,8275,6,D,YP,CS,F
10:34:06,ICBP,RG,8275,2,D,YP,AK,F
10:34:04,ICBP,RG,8275,1,D,YP,SQ,D
10:34:00,ICBP,RG,8275,5,D,YP,AK,F
10:34:00,ICBP,RG,8275,5,F,AK,AK,F
10:34:00,ICBP,RG,8275,11,F,AK,AK,F
10:34:00,ICBP,RG,8300,1,F,AK,YP,D
10:33:51,ICBP,RG,8275,1,F,AK,AK,F
10:33:47,ICBP,RG,8300,1,D,PD,YP,D
10:33:41,ICBP,RG,8275,2,F,AK,ZP,D
10:33:08,ICBP,RG,8300,2,D,DP,YP,D
10:32:48,ICBP,RG,8275,2,F,AK,CC,D
10:32:30,ICBP,RG,8300,1,F,AK,YP,D
10:31:51,ICBP,RG,8275,1,F,AK,AK,F
10:31:45,ICBP,RG,8275,3,F,AK,AK,F
10:31:45,ICBP,RG,8275,3,F,CS,AK,F
10:31:45,ICBP,RG,8275,4,F,CS,AK,F
10:31:36,ICBP,RG,8300,3,D,XC,YP,D
10:31:16,ICBP,RG,8300,78,F,KZ,YP,D
10:31:05,ICBP,RG,8300,15,F,AK,YP,D
10:31:02,ICBP,RG,8300,25,D,PD,YP,D
10:30:56,ICBP,RG,8300,25,D,PD,YP,D
10:30:37,ICBP,RG,8275,1,F,CS,EP,D
10:30:37,ICBP,RG,8275,2,D,CC,EP,D
10:30:37,ICBP,RG,8300,5,F,CS,YP,D
10:30:30,ICBP,RG,8275,21,D,CC,AK,F
10:30:17,ICBP,RG,8300,6,D,YP,YP,D
10:30:13,ICBP,RG,8300,25,D,PD,YP,D
10:30:09,ICBP,RG,8300,25,D,PD,YP,D
10:29:58,ICBP,RG,8275,2,D,CC,XC,D
10:29:58,ICBP,RG,8275,10,F,AK,XC,D
10:29:51,ICBP,RG,8275,1,F,AK,PD,D
10:29:15,ICBP,RG,8275,10,F,AK,AK,F
10:29:15,ICBP,RG,8275,1,F,AK,AK,F
10:29:00,ICBP,RG,8275,1,F,AK,AK,F
10:28:50,ICBP,RG,8300,17,F,AK,YP,D
10:28:15,ICBP,RG,8300,1,F,AK,YP,D
10:27:30,ICBP,RG,8275,20,D,DX,AK,F
10:27:30,ICBP,RG,8275,4,D,PD,AK,F
10:26:49,ICBP,RG,8300,25,D,YP,YP,D
10:26:47,ICBP,RG,8275,4,D,PD,XC,D
10:26:45,ICBP,RG,8300,1,F,AK,YP,D
10:26:15,ICBP,RG,8275,12,D,PD,AK,F
10:26:09,ICBP,RG,8300,1,D,DR,YP,D
10:26:01,ICBP,RG,8300,5,F,CS,YP,D
10:25:58,ICBP,RG,8275,3,D,PD,DX,D
10:25:35,ICBP,RG,8300,1,D,PD,YP,D
10:25:35,ICBP,RG,8300,19,F,AK,YP,D
10:25:00,ICBP,RG,8300,1,F,AK,YP,D
10:24:15,ICBP,RG,8275,2,D,PD,AK,F
10:24:15,ICBP,RG,8275,19,F,DX,AK,F
10:24:15,ICBP,RG,8275,8,D,XA,AK,F
10:23:53,ICBP,RG,8275,5,D,XA,CS,D
10:23:53,ICBP,RG,8275,10,D,XA,NI,D
10:23:35,ICBP,RG,8300,18,F,AK,YP,D
10:23:30,ICBP,RG,8275,7,D,XA,AK,F
10:23:30,ICBP,RG,8275,8,D,PD,AK,F
10:23:13,ICBP,RG,8275,5,D,PD,CS,F
10:22:30,ICBP,RG,8275,12,D,PD,AK,F
10:22:30,ICBP,RG,8275,6,F,CS,AK,F
10:22:30,ICBP,RG,8275,3,D,YP,AK,F
10:22:30,ICBP,RG,8275,5,D,PD,AK,F
10:22:15,ICBP,RG,8300,1,F,AK,YP,D
10:22:10,ICBP,RG,8300,25,D,PD,YP,D
10:21:45,ICBP,RG,8275,5,D,PD,AK,F
10:21:45,ICBP,RG,8275,1,D,PD,AK,F
10:21:45,ICBP,RG,8275,7,D,YP,AK,F
10:21:30,ICBP,RG,8300,1,F,AK,YP,D
10:21:29,ICBP,RG,8300,19,F,AK,YP,D
10:21:15,ICBP,RG,8300,5,F,CS,YP,D
10:20:45,ICBP,RG,8275,1,D,YP,AK,F
10:20:45,ICBP,RG,8275,1,F,ZP,AK,F
10:20:45,ICBP,RG,8275,12,F,DX,AK,F
10:20:45,ICBP,RG,8275,11,F,AK,AK,F
10:20:45,ICBP,RG,8275,1,F,AK,AK,F
10:20:29,ICBP,RG,8275,1,F,AK,KK,D
10:20:00,ICBP,RG,8275,1,F,AK,YP,D
10:19:51,ICBP,RG,8275,3,F,AK,CC,D
10:19:49,ICBP,RG,8300,30,D,PD,YP,D
10:19:30,ICBP,RG,8275,6,F,AK,AK,F
10:19:30,ICBP,RG,8275,5,F,CS,AK,F
10:19:30,ICBP,RG,8275,1,D,XC,AK,F
10:19:30,ICBP,RG,8275,2,D,NI,AK,F
10:19:15,ICBP,RG,8300,4,D,XC,YP,D
10:19:00,ICBP,RG,8300,10,D,DR,YP,D
10:18:45,ICBP,RG,8300,3,F,AK,YP,D
10:18:30,ICBP,RG,8275,3,D,NI,AK,F
10:18:30,ICBP,RG,8275,3,D,PD,AK,F
10:18:30,ICBP,RG,8275,20,F,KZ,AK,F
10:18:20,ICBP,RG,8300,20,F,AK,YP,D
10:17:45,ICBP,RG,8300,1,F,AK,YP,D
10:16:56,ICBP,RG,8300,5,F,CS,YP,D
10:16:30,ICBP,RG,8300,1,F,AK,YP,D
10:16:15,ICBP,RG,8275,12,F,KZ,AK,F
10:16:15,ICBP,RG,8275,1,F,KZ,AK,F
10:16:01,ICBP,RG,8275,1,F,KZ,PD,D
10:15:39,ICBP,RG,8300,68,D,YP,YP,D
10:15:30,ICBP,RG,8300,1,F,AK,YP,D
10:15:05,ICBP,RG,8300,28,F,AK,YP,D
10:15:00,ICBP,RG,8275,25,F,KZ,AK,F
10:14:42,ICBP,RG,8300,25,D,PD,YP,D
10:14:42,ICBP,RG,8275,1,F,KZ,YP,D
10:14:34,ICBP,RG,8300,1,D,KK,YP,D
10:14:24,ICBP,RG,8275,1,F,KZ,NI,D
10:14:15,ICBP,RG,8275,12,F,KZ,AK,F
10:14:15,ICBP,RG,8300,1,F,AK,YP,D
10:13:42,ICBP,RG,8300,1,D,NI,YP,D
10:13:37,ICBP,RG,8275,3,F,KZ,CS,D
10:13:35,ICBP,RG,8275,29,F,KZ,PD,D
10:13:35,ICBP,RG,8275,1,F,DX,PD,D
10:13:25,ICBP,RG,8300,1,D,KK,YP,D
10:13:15,ICBP,RG,8300,2,D,LG,YP,D
10:12:24,ICBP,RG,8275,1,F,DX,NI,D
10:12:18,ICBP,RG,8275,10,F,DX,KK,D
10:12:18,ICBP,RG,8275,1,F,CS,KK,D
10:12:18,ICBP,RG,8275,1,F,CS,KK,D
10:12:18,ICBP,RG,8275,1,F,CS,KK,D
10:12:18,ICBP,RG,8275,7,D,YP,KK,D
10:12:11,ICBP,RG,8275,3,D,YP,SQ,D
10:12:01,ICBP,RG,8300,95,F,KZ,YP,D
10:12:01,ICBP,RG,8300,1,F,KZ,NI,D
10:12:01,ICBP,RG,8300,1,F,KZ,XC,D
10:12:01,ICBP,RG,8300,1,F,KZ,PD,D
10:12:01,ICBP,RG,8300,10,F,KZ,KK,D
10:12:00,ICBP,RG,8275,10,D,YP,AK,F
10:12:00,ICBP,RG,8275,1,D,NI,AK,F
10:12:00,ICBP,RG,8275,1,D,XC,AK,F
10:12:00,ICBP,RG,8275,3,F,CS,AK,F
10:12:00,ICBP,RG,8275,6,F,CS,AK,F
10:12:00,ICBP,RG,8275,4,D,YP,AK,F
10:11:12,ICBP,RG,8275,6,D,YP,AK,F
10:11:12,ICBP,RG,8275,2,D,YP,AK,F
10:11:12,ICBP,RG,8275,19,F,DX,AK,F
10:11:12,ICBP,RG,8275,1,D,XC,AK,F
10:11:12,ICBP,RG,8275,9,D,DP,AK,F
10:11:12,ICBP,RG,8275,2,F,CS,AK,F
10:11:12,ICBP,RG,8275,1,D,XC,AK,F
10:11:12,ICBP,RG,8275,1,D,DR,AK,F
10:11:12,ICBP,RG,8275,2,F,CS,AK,F
10:11:12,ICBP,RG,8275,8,F,AK,AK,F
10:11:12,ICBP,RG,8275,1,D,XC,AK,F
10:11:12,ICBP,RG,8275,37,F,AK,AK,F
10:11:12,ICBP,RG,8275,88,F,KZ,AK,F
10:11:12,ICBP,RG,8275,2,F,ZP,AK,F
10:11:12,ICBP,RG,8275,6,D,PD,AK,F
10:10:37,ICBP,RG,8275,1,F,ZP,XC,D
10:10:37,ICBP,RG,8275,4,F,CS,XC,D
10:10:30,ICBP,RG,8275,1,F,CS,AK,F
10:10:30,ICBP,RG,8275,1,F,AK,AK,F
10:10:30,ICBP,RG,8275,11,F,AK,AK,F
10:10:26,ICBP,RG,8300,1,D,DP,CC,D
10:10:26,ICBP,RG,8300,3,D,DP,SQ,D
10:10:26,ICBP,RG,8275,1,F,AK,KK,D
10:09:49,ICBP,RG,8275,7,F,AK,PD,D
10:09:37,ICBP,RG,8300,1,D,PD,SQ,D
10:08:52,ICBP,RG,8300,10,D,AZ,SQ,D
10:08:51,ICBP,RG,8275,3,F,AK,YP,D
10:08:51,ICBP,RG,8275,1,F,CS,YP,D
10:08:51,ICBP,RG,8275,1,D,PD,YP,D
10:08:51,ICBP,RG,8275,1,F,AK,YP,D
10:08:51,ICBP,RG,8275,4,D,OD,YP,D
10:08:51,ICBP,RG,8275,5,F,AK,YP,D
10:08:51,ICBP,RG,8275,1,F,CS,YP,D
10:08:51,ICBP,RG,8275,44,F,YU,YP,D
10:08:13,ICBP,RG,8300,1,D,SQ,SQ,D
10:08:02,ICBP,RG,8300,3,D,CC,YP,D
10:08:02,ICBP,RG,8300,1,D,CC,XC,D
10:08:02,ICBP,RG,8300,1,D,CC,NI,D
10:07:54,ICBP,RG,8300,9,D,PD,NI,D
10:07:54,ICBP,RG,8300,1,D,PD,LG,D
10:07:54,ICBP,RG,8300,15,D,PD,AZ,D
10:07:29,ICBP,RG,8300,12,D,PD,AZ,D
10:06:42,ICBP,RG,8300,3,F,CS,AZ,D
10:06:42,ICBP,RG,8300,2,F,CS,CC,D
10:05:28,ICBP,RG,8275,7,F,YU,PD,D
10:05:11,ICBP,RG,8275,2,F,YU,KK,D
10:05:05,ICBP,RG,8275,4,F,YU,YP,D
10:05:05,ICBP,RG,8275,2,F,CS,YP,D
10:05:05,ICBP,RG,8275,7,F,AK,YP,D
10:04:15,ICBP,RG,8275,12,F,AK,CC,D
10:04:15,ICBP,RG,8275,1,F,CS,CC,D
10:04:15,ICBP,RG,8275,1,D,PD,CC,D
10:04:01,ICBP,RG,8275,25,D,PD,YP,D
10:03:35,ICBP,RG,8300,8,F,CG,CC,D
10:03:35,ICBP,RG,8300,2,F,CG,CC,D
10:03:35,ICBP,RG,8300,8,F,CG,LG,D
10:02:57,ICBP,RG,8300,6,D,YP,LG,D
10:02:30,ICBP,RG,8300,5,F,AK,LG,D
10:02:00,ICBP,RG,8300,1,D,XC,LG,D
10:01:52,ICBP,RG,8275,10,D,PD,GR,D
10:00:15,ICBP,RG,8275,1,D,PD,AK,F
9:59:50,ICBP,RG,8300,1,D,CC,LG,D
9:59:44,ICBP,RG,8275,13,D,PD,YP,D
9:59:44,ICBP,RG,8275,20,D,PD,YP,D
9:59:44,ICBP,RG,8275,1,D,CC,YP,D
9:59:44,ICBP,RG,8275,5,D,PD,YP,D
9:59:44,ICBP,RG,8275,1,F,CS,YP,D
9:59:22,ICBP,RG,8275,1,F,CS,CC,D
9:58:32,ICBP,RG,8275,1,F,CS,XC,D
9:58:32,ICBP,RG,8275,2,D,CC,XC,D
9:58:25,ICBP,RG,8275,1,D,CC,YP,D
9:58:13,ICBP,RG,8300,6,F,CS,LG,D
9:57:31,ICBP,RG,8275,1,D,CC,YP,D
9:57:31,ICBP,RG,8275,1,F,AK,YP,D
9:56:55,ICBP,RG,8275,4,F,AK,XC,D
9:56:43,ICBP,RG,8300,2,D,PD,LG,D
9:55:25,ICBP,RG,8275,8,F,AK,PD,D
9:53:23,ICBP,RG,8300,2,D,PD,LG,D
9:53:07,ICBP,RG,8275,2,F,AK,EP,D
9:53:07,ICBP,RG,8275,1,F,CS,EP,D
9:53:07,ICBP,RG,8275,1,F,ZP,EP,D
9:53:07,ICBP,RG,8275,1,F,AK,EP,D
9:52:08,ICBP,RG,8275,3,F,CS,GR,D
9:52:08,ICBP,RG,8275,3,F,AK,GR,D
9:51:42,ICBP,RG,8275,2,F,AK,YP,D
9:51:10,ICBP,RG,8275,1,F,AK,XC,D
9:49:58,ICBP,RG,8275,1,F,AK,PD,D
9:49:55,ICBP,RG,8275,7,F,AK,KK,D
9:49:54,ICBP,RG,8275,5,F,AK,YP,D
9:49:41,ICBP,RG,8275,1,F,AK,NI,D
9:49:33,ICBP,RG,8275,1,F,AK,CS,F
9:49:32,ICBP,RG,8275,2,F,CS,YU,F
9:49:32,ICBP,RG,8275,1,F,CS,YU,F
9:49:32,ICBP,RG,8275,2,F,AK,YU,F
9:49:32,ICBP,RG,8275,1,F,CS,YU,F
9:49:32,ICBP,RG,8275,2,F,CS,YU,F
9:49:32,ICBP,RG,8275,13,F,AK,YU,F
9:49:32,ICBP,RG,8275,5,F,AK,KK,D
9:49:32,ICBP,RG,8275,1,F,AK,KK,D
9:49:32,ICBP,RG,8275,10,D,NI,KK,D
9:49:32,ICBP,RG,8275,10,D,GR,KK,D
9:49:32,ICBP,RG,8275,1,D,XC,KK,D
9:49:32,ICBP,RG,8275,10,D,PD,KK,D
9:49:32,ICBP,RG,8275,5,F,AK,KK,D
9:49:32,ICBP,RG,8275,5,F,AK,KK,D
9:49:32,ICBP,RG,8275,18,F,AK,KK,D
9:49:32,ICBP,RG,8275,2,F,CS,KK,D
9:49:32,ICBP,RG,8275,4,F,CS,KK,D
9:49:32,ICBP,RG,8275,28,F,YU,KK,D
9:49:32,ICBP,RG,8275,1,F,ZP,KK,D
9:48:33,ICBP,RG,8275,2,F,YU,CS,F
9:48:33,ICBP,RG,8275,2,F,YU,CS,D
9:48:32,ICBP,RG,8275,2,F,YU,CS,D
9:48:32,ICBP,RG,8275,1,F,YU,CS,F
9:48:32,ICBP,RG,8275,2,F,YU,CS,F
9:48:32,ICBP,RG,8275,2,F,YU,CS,D
9:48:32,ICBP,RG,8275,1,F,YU,CS,D
9:48:32,ICBP,RG,8275,2,F,YU,CS,F
9:48:32,ICBP,RG,8275,2,F,YU,CS,D
9:48:32,ICBP,RG,8275,1,F,YU,CS,F
9:48:32,ICBP,RG,8275,5,F,YU,DH,D
9:48:32,ICBP,RG,8275,17,F,YU,AK,F
9:48:31,ICBP,RG,8250,1,F,GW,PD,D
9:48:27,ICBP,RG,8275,10,D,CC,AK,F
9:48:22,ICBP,RG,8275,1,D,PD,AK,F
9:48:22,ICBP,RG,8275,14,D,PD,AK,F
9:48:11,ICBP,RG,8275,1,D,EP,CS,F
9:48:11,ICBP,RG,8275,1,D,EP,CS,D
9:48:11,ICBP,RG,8275,8,D,EP,PD,D
9:48:09,ICBP,RG,8275,1,D,PD,PD,D
9:48:01,ICBP,RG,8275,16,F,KZ,PD,D
9:48:01,ICBP,RG,8275,1,F,KZ,SQ,D
9:48:01,ICBP,RG,8275,1,F,KZ,YB,D
9:48:01,ICBP,RG,8275,9,F,KZ,SQ,D
9:48:01,ICBP,RG,8275,10,F,KZ,DX,D
9:48:01,ICBP,RG,8275,2,F,KZ,XC,D
9:48:01,ICBP,RG,8275,26,F,KZ,AK,F
9:48:01,ICBP,RG,8275,1,F,KZ,AZ,D
9:48:01,ICBP,RG,8275,5,F,KZ,SQ,D
9:48:01,ICBP,RG,8275,1,F,KZ,PD,D
9:48:01,ICBP,RG,8275,13,F,KZ,AK,F
9:48:01,ICBP,RG,8275,1,F,KZ,CS,F
9:48:01,ICBP,RG,8275,1,F,KZ,CS,D
9:48:01,ICBP,RG,8275,12,F,KZ,NI,D
9:48:01,ICBP,RG,8275,3,F,KZ,AZ,D
9:47:56,ICBP,RG,8275,1,F,CS,YU,F
9:47:48,ICBP,RG,8275,1,D,XC,YU,F
9:47:37,ICBP,RG,8275,1,D,EP,YU,F
9:47:29,ICBP,RG,8275,1,D,PD,YU,F
9:46:54,ICBP,RG,8275,1,F,CS,YU,F
9:46:00,ICBP,RG,8275,1,F,CS,YU,F
9:45:59,ICBP,RG,8275,10,D,CC,YU,F
9:45:47,ICBP,RG,8275,2,D,YP,YU,F
9:45:47,ICBP,RG,8275,2,D,YP,XC,D
9:45:47,ICBP,RG,8275,1,D,YP,XC,D
9:45:47,ICBP,RG,8275,2,D,YP,PD,D
9:45:47,ICBP,RG,8275,3,D,YP,AK,F
9:45:12,ICBP,RG,8275,10,D,EP,AK,F
9:44:59,ICBP,RG,8275,1,F,CS,AK,F
9:44:51,ICBP,RG,8275,10,D,YP,AK,F
9:44:29,ICBP,RG,8275,1,D,KK,AK,F
9:44:18,ICBP,RG,8275,2,D,EP,AK,F
9:44:18,ICBP,RG,8275,1,D,EP,CS,D
9:44:18,ICBP,RG,8275,1,D,EP,CS,F
9:44:18,ICBP,RG,8275,5,D,EP,CC,D
9:44:18,ICBP,RG,8275,1,D,EP,AK,F
9:44:07,ICBP,RG,8275,1,F,CS,AK,F
9:43:51,ICBP,RG,8275,10,D,YP,AK,F
9:43:36,ICBP,RG,8275,1,D,YP,AK,F
9:43:29,ICBP,RG,8275,10,D,KK,YP,D
9:43:07,ICBP,RG,8275,1,F,CS,YP,D
9:42:49,ICBP,RG,8275,1,D,XC,YP,D
9:42:37,ICBP,RG,8275,1,D,PD,YP,D
9:42:12,ICBP,RG,8275,100,F,AK,BK,F
9:42:02,ICBP,RG,8275,2,D,XC,BK,F
9:41:49,ICBP,RG,8275,1,D,XC,BK,F
9:41:47,ICBP,RG,8275,1,D,YP,BK,F
9:41:31,ICBP,RG,8275,9,F,YP,BK,F
9:41:31,ICBP,RG,8275,9,F,YP,YP,D
9:41:31,ICBP,RG,8275,1,F,YP,CS,F
9:41:31,ICBP,RG,8275,1,F,YP,CS,D
9:41:30,ICBP,RG,8275,1,D,XC,CC,D
9:41:12,ICBP,RG,8275,2,D,CC,CC,D
9:40:58,ICBP,RG,8275,2,F,YU,CC,D
9:40:58,ICBP,RG,8275,5,F,YU,EP,D
9:40:58,ICBP,RG,8275,1,F,YU,XC,D
9:40:58,ICBP,RG,8275,6,F,YU,DH,D
9:40:58,ICBP,RG,8275,16,F,YU,DH,D
9:40:58,ICBP,RG,8275,2,F,YU,PD,D
9:40:58,ICBP,RG,8275,1,F,YU,CS,F
9:40:58,ICBP,RG,8275,1,F,YU,CS,D
9:40:58,ICBP,RG,8275,1,F,YU,BK,F
9:40:52,ICBP,RG,8250,30,F,GW,XC,D
9:40:09,ICBP,RG,8275,5,D,DP,BK,F
9:40:01,ICBP,RG,8275,90,F,KZ,BK,F
9:40:01,ICBP,RG,8275,3,F,KZ,XC,D
9:40:01,ICBP,RG,8275,1,F,KZ,EP,D
9:40:01,ICBP,RG,8275,1,F,KZ,YB,D
9:40:01,ICBP,RG,8275,1,F,KZ,CC,D
9:40:01,ICBP,RG,8275,14,F,KZ,AK,F
9:40:01,ICBP,RG,8275,6,F,KZ,AK,F
9:39:29,ICBP,RG,8275,20,F,YU,AK,F
9:39:29,ICBP,RG,8275,1,F,YU,CS,D
9:39:29,ICBP,RG,8275,1,F,YU,CS,F
9:39:29,ICBP,RG,8275,15,F,YU,AK,F
9:39:29,ICBP,RG,8275,18,F,YU,AK,F
9:39:26,ICBP,RG,8250,1,F,GW,YP,D
9:39:23,ICBP,RG,8250,6,F,GW,YB,D
9:39:06,ICBP,RG,8275,8,F,BK,AK,F
9:39:03,ICBP,RG,8275,1,D,XC,AK,F
9:39:03,ICBP,RG,8275,1,D,XC,BK,F
9:38:35,ICBP,RG,8275,1,D,LG,BK,F
9:38:34,ICBP,RG,8275,20,D,NI,BK,F
9:38:26,ICBP,RG,8275,5,F,BK,BK,F
9:38:23,ICBP,RG,8250,5,F,GW,YU,F
9:38:22,ICBP,RG,8275,1,F,BK,BK,F
9:38:22,ICBP,RG,8275,11,F,BK,AK,F
9:38:16,ICBP,RG,8275,2,F,BK,AK,F
9:38:16,ICBP,RG,8275,35,F,BK,YP,D
9:38:16,ICBP,RG,8275,1,F,BK,CS,D
9:38:16,ICBP,RG,8275,1,F,BK,NI,D
9:38:16,ICBP,RG,8275,1,F,BK,CS,F
9:38:16,ICBP,RG,8275,29,F,BK,AK,F
9:38:16,ICBP,RG,8275,14,F,BK,AK,F
9:38:16,ICBP,RG,8275,6,F,BK,AK,F
9:38:16,ICBP,RG,8250,10,F,GW,CC,D
