Time,Stock,Brd,Price,Qty,BT,BC,SC,ST
15:14:25,ICBP,RG,8850,7,F,DX,SQ,D
15:14:24,ICBP,RG,8850,3,F,DX,YP,D
15:13:05,ICBP,RG,8850,2,F,DX,YP,D
15:12:17,ICBP,RG,8850,3,F,DX,XC,D
15:11:09,ICBP,RG,8850,1,F,DX,AT,D
15:10:51,ICBP,RG,8850,3,F,DX,XC,D
15:10:16,ICBP,RG,8850,15,F,DX,LG,D
15:10:01,ICBP,RG,8850,1,F,DX,NI,D
15:09:02,ICBP,RG,8850,2,F,DX,YP,D
15:08:11,ICBP,RG,8850,1,F,DX,YP,D
15:07:58,ICBP,RG,8850,1,F,DX,PD,D
15:06:13,ICBP,RG,8850,3,F,DX,PD,D
15:06:08,ICBP,RG,8850,1,F,DX,CC,D
15:05:49,ICBP,RG,8850,10,F,DX,YP,D
15:05:23,ICBP,RG,8850,5,F,DX,ZP,D
15:05:05,ICBP,RG,8850,2,F,DX,YP,D
15:05:04,ICBP,RG,8850,10,F,DX,YP,D
15:05:04,ICBP,RG,8850,1,F,DX,YP,D
15:05:02,ICBP,RG,8850,91,F,DX,CC,D
15:05:02,ICBP,RG,8850,10,F,DX,XC,D
15:05:02,ICBP,RG,8850,1,F,DX,PD,D
15:05:01,ICBP,RG,8850,5,F,DX,XC,D
15:05:01,ICBP,RG,8850,408,F,DX,DH,D
15:05:01,ICBP,RG,8850,1,F,DX,XC,D
15:05:00,ICBP,RG,8850,2,F,DX,PD,D
15:00:00,ICBP,RG,8850,100,F,DX,YP,D
15:00:00,ICBP,RG,8850,5,F,DX,NI,D
15:00:00,ICBP,RG,8850,2,F,DX,KK,D
15:00:00,ICBP,RG,8850,443,F,DX,BK,F
15:00:00,ICBP,RG,8850,523,F,DX,BK,F
15:00:00,ICBP,RG,8850,10,D,YP,BK,F
15:00:00,ICBP,RG,8850,2,D,CC,BK,F
15:00:00,ICBP,RG,8850,20,D,CC,BK,F
15:00:00,ICBP,RG,8850,5,D,YP,BK,F
15:00:00,ICBP,RG,8850,15,D,PD,BK,F
15:00:00,ICBP,RG,8850,1,D,PD,BK,F
15:00:00,ICBP,RG,8850,1,D,YP,BK,F
15:00:00,ICBP,RG,8850,1,D,PD,BK,F
15:00:00,ICBP,RG,8850,1,D,PD,BK,F
15:00:00,ICBP,RG,8850,1,D,YP,BK,F
15:00:00,ICBP,RG,8850,6,D,KK,BK,F
15:00:00,ICBP,RG,8850,5,D,YP,BK,F
15:00:00,ICBP,RG,8850,10,D,YP,BK,F
15:00:00,ICBP,RG,8850,5,D,NI,BK,F
15:00:00,ICBP,RG,8850,5,D,DX,BK,F
15:00:00,ICBP,RG,8850,2,D,CC,BK,F
15:00:00,ICBP,RG,8850,1,D,KK,BK,F
15:00:00,ICBP,RG,8850,4,D,CC,BK,F
15:00:00,ICBP,RG,8850,20,D,OD,BK,F
15:00:00,ICBP,RG,8850,2,D,XC,BK,F
15:00:00,ICBP,RG,8850,1,D,YB,BK,F
15:00:00,ICBP,RG,8850,1,D,CC,BK,F
15:00:00,ICBP,RG,8850,2,D,EP,BK,F
15:00:00,ICBP,RG,8850,1,D,KK,BK,F
15:00:00,ICBP,RG,8850,2,D,YP,BK,F
15:00:00,ICBP,RG,8850,1,D,NI,BK,F
15:00:00,ICBP,RG,8850,20,D,YP,BK,F
15:00:00,ICBP,RG,8850,1,D,XC,BK,F
15:00:00,ICBP,RG,8850,3,D,CC,BK,F
15:00:00,ICBP,RG,8850,2,D,CC,BK,F
15:00:00,ICBP,RG,8850,3,D,KK,BK,F
15:00:00,ICBP,RG,8850,25,D,OD,BK,F
15:00:00,ICBP,RG,8850,2,D,YP,BK,F
15:00:00,ICBP,RG,8850,4,D,EP,BK,F
15:00:00,ICBP,RG,8850,2,D,XC,BK,F
15:00:00,ICBP,RG,8850,1,D,YP,BK,F
15:00:00,ICBP,RG,8850,7,D,NI,BK,F
15:00:00,ICBP,RG,8850,40,D,KK,BK,F
15:00:00,ICBP,RG,8850,70,D,PD,BK,F
15:00:00,ICBP,RG,8850,413,F,ZP,BK,F
15:00:00,ICBP,RG,8850,203,F,DX,BK,F
15:00:00,ICBP,RG,8850,13,F,DX,YP,D
15:00:00,ICBP,RG,8850,700,F,DX,CC,F
15:00:00,ICBP,RG,8850,411,F,DX,DX,D
15:00:00,ICBP,RG,8850,211,F,DX,BK,F
15:00:00,ICBP,RG,8850,37,F,DX,BK,F
15:00:00,ICBP,RG,8850,86,F,DX,ZP,F
15:00:00,ICBP,RG,8850,219,F,DX,DX,F
15:00:00,ICBP,RG,8850,7,F,AK,DX,F
15:00:00,ICBP,RG,8850,179,F,ZP,DX,F
15:00:00,ICBP,RG,8850,14,F,ZP,AK,F
15:00:00,ICBP,RG,8850,75,F,ZP,AK,F
15:00:00,ICBP,RG,8850,190,F,ZP,AK,F
15:00:00,ICBP,RG,8850,14,F,ZP,AK,F
15:00:00,ICBP,RG,8850,137,F,ZP,BQ,D
15:00:00,ICBP,RG,8850,164,F,ZP,KZ,D
15:00:00,ICBP,RG,8850,36,D,CC,KZ,D
14:49:58,ICBP,RG,8900,20,F,DX,DH,D
14:49:55,ICBP,RG,8875,1,D,YP,PD,D
14:49:54,ICBP,RG,8900,18,F,DX,DH,D
14:49:51,ICBP,RG,8900,501,D,CC,DH,D
14:49:51,ICBP,RG,8900,25,D,CC,DR,D
14:49:51,ICBP,RG,8900,11,D,CC,KK,D
14:49:51,ICBP,RG,8900,10,D,CC,PD,D
14:49:51,ICBP,RG,8900,300,D,CC,SQ,D
14:49:51,ICBP,RG,8900,25,D,CC,DR,D
14:49:51,ICBP,RG,8900,1,D,CC,EP,D
14:49:51,ICBP,RG,8900,5,D,CC,SQ,D
14:49:51,ICBP,RG,8900,6,D,CC,KK,D
14:49:51,ICBP,RG,8900,5,D,CC,CC,D
14:49:51,ICBP,RG,8900,2,D,CC,PD,D
14:49:51,ICBP,RG,8900,25,D,CC,YP,D
14:49:51,ICBP,RG,8900,1,D,CC,PD,D
14:49:51,ICBP,RG,8900,3,D,CC,XC,D
14:49:51,ICBP,RG,8900,1,D,CC,XC,D
14:49:51,ICBP,RG,8900,1,D,CC,PD,D
14:49:51,ICBP,RG,8900,6,D,CC,DH,D
14:49:51,ICBP,RG,8900,9,D,CC,PD,D
14:49:51,ICBP,RG,8900,10,D,CC,SQ,D
14:49:51,ICBP,RG,8900,1,D,CC,XC,D
14:49:51,ICBP,RG,8900,25,D,CC,XA,D
14:49:51,ICBP,RG,8900,137,D,CC,SQ,D
14:49:48,ICBP,RG,8900,10,D,YP,SQ,D
14:49:34,ICBP,RG,8875,3,D,CC,RX,D
14:49:34,ICBP,RG,8875,33,D,CC,RX,D
14:49:34,ICBP,RG,8875,1,D,CC,RX,D
14:49:34,ICBP,RG,8875,2,D,CC,RX,D
14:49:33,ICBP,RG,8875,3,D,CC,RX,D
14:49:30,ICBP,RG,8875,16,D,CC,BK,F
14:49:30,ICBP,RG,8875,2,D,CC,AK,F
14:49:30,ICBP,RG,8875,1,D,CC,AK,F
14:49:30,ICBP,RG,8875,22,D,CC,BK,F
14:49:30,ICBP,RG,8875,54,D,CC,BK,F
14:49:28,ICBP,RG,8875,50,D,CC,YP,F
14:49:27,ICBP,RG,8875,8,D,CC,BK,F
14:49:27,ICBP,RG,8875,9,D,CC,RX,D
14:49:26,ICBP,RG,8875,1,D,CC,RX,D
14:49:23,ICBP,RG,8875,33,D,CC,BK,F
14:49:19,ICBP,RG,8875,14,D,CC,RX,D
14:49:15,ICBP,RG,8875,1,D,CC,AK,F
14:49:14,ICBP,RG,8875,1,D,CC,RX,D
14:49:10,ICBP,RG,8875,9,D,CC,BK,F
14:49:06,ICBP,RG,8875,2,D,CC,YP,D
14:49:04,ICBP,RG,8875,59,D,CC,BK,F
14:49:03,ICBP,RG,8875,24,D,CC,BK,F
14:49:01,ICBP,RG,8875,3,D,CC,BK,F
14:49:01,ICBP,RG,8900,4,D,PD,SQ,D
14:49:00,ICBP,RG,8875,8,D,CC,BK,F
14:48:58,ICBP,RG,8875,8,D,CC,BK,F
14:48:52,ICBP,RG,8900,2,D,CG,SQ,D
14:48:52,ICBP,RG,8900,3,D,CG,SQ,D
14:48:51,ICBP,RG,8900,44,F,ZP,SQ,D
14:48:51,ICBP,RG,8900,2,F,ZP,NI,D
14:48:51,ICBP,RG,8900,20,F,ZP,PD,D
14:48:51,ICBP,RG,8900,11,F,ZP,CC,D
14:48:51,ICBP,RG,8900,5,F,ZP,GR,D
14:48:51,ICBP,RG,8900,10,F,ZP,CC,D
14:48:51,ICBP,RG,8900,1,F,ZP,PD,D
14:48:51,ICBP,RG,8900,4,F,ZP,XC,D
14:48:51,ICBP,RG,8900,2,F,ZP,YP,D
14:48:51,ICBP,RG,8900,2,F,ZP,BK,F
14:48:51,ICBP,RG,8900,86,F,ZP,AI,D
14:48:51,ICBP,RG,8900,1,D,CG,AI,D
14:48:51,ICBP,RG,8900,1,D,CG,AI,D
14:48:50,ICBP,RG,8875,8,D,CC,BK,F
14:48:50,ICBP,RG,8875,3,D,CC,YP,D
14:48:50,ICBP,RG,8900,3,D,CG,AI,D
14:48:46,ICBP,RG,8875,7,D,CC,BK,F
14:48:44,ICBP,RG,8900,36,F,ZP,AI,D
14:48:42,ICBP,RG,8875,12,D,CC,BK,F
14:48:34,ICBP,RG,8900,160,D,CC,AI,D
14:48:34,ICBP,RG,8900,5,D,CC,KK,D
14:48:34,ICBP,RG,8900,10,D,CC,PD,D
14:48:34,ICBP,RG,8900,20,D,CC,XC,D
14:48:34,ICBP,RG,8900,3,D,CC,AK,F
14:48:34,ICBP,RG,8900,1,D,CC,GR,D
14:48:34,ICBP,RG,8900,2,D,CC,XC,D
14:48:34,ICBP,RG,8900,1,D,CC,PD,D
14:48:34,ICBP,RG,8900,60,D,CC,CC,D
14:48:34,ICBP,RG,8900,1,D,CC,DH,D
14:48:34,ICBP,RG,8900,1,D,CC,CC,F
14:48:34,ICBP,RG,8900,10,D,CC,XC,D
14:48:34,ICBP,RG,8900,9,D,CC,NI,D
14:48:34,ICBP,RG,8900,6,D,CC,CC,D
14:48:34,ICBP,RG,8900,5,D,CC,NI,D
14:48:34,ICBP,RG,8900,1,D,CC,PD,D
14:48:34,ICBP,RG,8900,2,D,CC,PD,D
14:48:34,ICBP,RG,8900,4,D,CC,KK,D
14:48:34,ICBP,RG,8900,5,D,CC,YP,D
14:48:34,ICBP,RG,8900,2,D,CC,RX,D
14:48:34,ICBP,RG,8900,1,D,CC,RX,D
14:48:34,ICBP,RG,8900,2,D,CC,RX,D
14:48:34,ICBP,RG,8900,4,D,CC,RX,D
14:48:34,ICBP,RG,8900,29,D,CC,NI,D
14:48:34,ICBP,RG,8900,46,D,CC,RX,D
14:48:34,ICBP,RG,8900,31,D,CC,BK,F
14:48:34,ICBP,RG,8900,1,D,CC,CC,D
14:48:34,ICBP,RG,8900,5,D,CC,KK,D
14:48:34,ICBP,RG,8900,22,D,CC,PD,D
14:48:34,ICBP,RG,8900,278,D,CC,BK,F
14:48:34,ICBP,RG,8900,25,D,CC,EP,D
14:48:34,ICBP,RG,8900,25,D,CC,EP,D
14:48:34,ICBP,RG,8900,15,D,CC,ZP,D
14:48:34,ICBP,RG,8900,25,D,CC,EP,D
14:48:34,ICBP,RG,8900,10,D,CC,YP,D
14:48:34,ICBP,RG,8900,1,D,CC,HP,D
14:48:34,ICBP,RG,8900,2,D,CC,PD,D
14:48:34,ICBP,RG,8900,6,D,CC,PD,D
14:48:34,ICBP,RG,8900,12,D,CC,BK,F
14:48:34,ICBP,RG,8900,1,D,CC,XC,D
14:48:34,ICBP,RG,8900,2,D,CC,PD,D
14:48:34,ICBP,RG,8900,1,D,CC,PD,D
14:48:34,ICBP,RG,8900,1,D,CC,AT,D
14:48:34,ICBP,RG,8900,3,D,CC,PD,D
14:48:34,ICBP,RG,8900,2,D,CC,DR,D
14:48:34,ICBP,RG,8900,10,D,CC,KK,D
14:48:34,ICBP,RG,8900,5,D,CC,PD,D
14:48:34,ICBP,RG,8900,2,D,CC,YP,D
14:48:34,ICBP,RG,8900,3,D,CC,SQ,D
14:48:34,ICBP,RG,8900,3,D,CC,DH,D
14:48:34,ICBP,RG,8900,2,D,CC,YP,D
14:48:34,ICBP,RG,8900,1,D,CC,XC,D
14:48:34,ICBP,RG,8900,25,D,CC,GR,D
14:48:34,ICBP,RG,8900,10,D,CC,KK,D
14:48:34,ICBP,RG,8900,2,D,CC,DH,D
14:48:34,ICBP,RG,8900,1,D,CC,PD,D
14:48:34,ICBP,RG,8900,5,D,CC,GR,D
14:48:34,ICBP,RG,8900,11,D,CC,KK,D
14:48:34,ICBP,RG,8900,1,D,CC,DR,D
14:48:34,ICBP,RG,8900,10,D,CC,NI,D
14:48:34,ICBP,RG,8900,2,D,CC,PD,D
14:48:34,ICBP,RG,8900,6,D,CC,CC,D
14:48:34,ICBP,RG,8900,38,D,CC,TP,D
14:48:34,ICBP,RG,8900,6,D,CC,SQ,D
14:48:34,ICBP,RG,8900,100,D,CC,AI,D
14:48:34,ICBP,RG,8900,5,D,CC,YP,D
14:48:34,ICBP,RG,8900,40,D,CC,ZP,D
14:48:34,ICBP,RG,8900,10,D,CC,CC,D
14:48:34,ICBP,RG,8900,1,D,CC,XC,D
14:48:34,ICBP,RG,8900,3,D,CC,CC,D
14:48:34,ICBP,RG,8900,225,D,CC,KK,D
14:48:34,ICBP,RG,8900,10,D,CC,KK,D
14:48:34,ICBP,RG,8900,1,D,CC,YP,D
14:48:34,ICBP,RG,8900,50,D,CC,YP,D
14:48:34,ICBP,RG,8900,2,D,CC,PD,D
14:48:34,ICBP,RG,8900,1,D,CC,PD,D
14:48:34,ICBP,RG,8900,1,D,CC,XC,D
14:48:34,ICBP,RG,8900,1,D,CC,DH,D
14:48:34,ICBP,RG,8900,50,D,CC,YP,D
14:48:34,ICBP,RG,8900,15,D,CC,SQ,D
14:48:34,ICBP,RG,8900,1,D,CC,IF,D
14:48:34,ICBP,RG,8900,3,D,CC,ZP,D
14:48:34,ICBP,RG,8900,15,D,CC,PD,D
14:48:34,ICBP,RG,8900,2,D,CC,XC,D
14:48:34,ICBP,RG,8900,14,D,CC,XC,D
14:48:34,ICBP,RG,8900,1,D,CC,PD,D
14:48:34,ICBP,RG,8900,1,D,CC,PD,D
14:48:34,ICBP,RG,8900,6,D,CC,GR,D
14:48:34,ICBP,RG,8900,1,D,CC,HP,D
14:48:34,ICBP,RG,8900,20,D,CC,MG,D
14:48:34,ICBP,RG,8900,1,D,CC,PD,D
14:48:34,ICBP,RG,8900,50,D,CC,SQ,D
14:48:34,ICBP,RG,8900,5,D,CC,PD,D
14:48:34,ICBP,RG,8900,1,D,CC,XC,D
14:48:34,ICBP,RG,8900,4,D,CC,PD,D
14:48:34,ICBP,RG,8900,150,D,CC,AT,D
14:48:34,ICBP,RG,8900,1,D,CC,NI,D
14:48:34,ICBP,RG,8900,2,D,CC,PD,D
14:48:34,ICBP,RG,8900,20,D,CC,PD,D
14:48:34,ICBP,RG,8900,3,D,CC,YP,D
14:48:34,ICBP,RG,8900,5,D,CC,PD,D
14:48:34,ICBP,RG,8900,3,D,CC,XC,D
14:48:34,ICBP,RG,8900,10,D,CC,PD,D
14:48:34,ICBP,RG,8900,5,D,CC,CC,D
14:48:34,ICBP,RG,8900,200,D,CC,NI,D
14:48:34,ICBP,RG,8900,3,D,CC,DR,D
14:48:34,ICBP,RG,8900,5,D,CC,SQ,D
14:48:34,ICBP,RG,8900,3,D,CC,PD,D
14:48:34,ICBP,RG,8900,2,D,CC,NI,D
14:48:34,ICBP,RG,8900,5,D,CC,AZ,D
14:48:34,ICBP,RG,8900,6,D,CC,CC,D
14:48:34,ICBP,RG,8900,5,D,CC,NI,D
14:48:34,ICBP,RG,8900,2,D,CC,XC,D
14:48:34,ICBP,RG,8900,5,D,CC,AI,D
14:48:34,ICBP,RG,8900,5,D,CC,NI,D
14:48:34,ICBP,RG,8900,1,D,CC,YP,D
14:48:34,ICBP,RG,8900,50,D,CC,GR,D
14:48:34,ICBP,RG,8900,3,D,CC,PD,D
14:48:34,ICBP,RG,8900,1,D,CC,DR,D
14:48:34,ICBP,RG,8900,5,D,CC,BQ,D
14:48:34,ICBP,RG,8900,1,D,CC,PD,D
14:48:34,ICBP,RG,8900,1,D,CC,PD,D
14:48:34,ICBP,RG,8900,1,D,CC,GR,D
14:48:34,ICBP,RG,8900,3,D,CC,YP,D
14:48:34,ICBP,RG,8900,1,D,CC,AT,D
14:48:34,ICBP,RG,8900,41,D,CC,YP,D
14:48:34,ICBP,RG,8900,9,D,CC,CC,D
14:48:34,ICBP,RG,8900,1,D,CC,AZ,D
14:48:34,ICBP,RG,8900,20,D,CC,GR,D
14:48:34,ICBP,RG,8900,30,D,CC,YP,D
14:48:34,ICBP,RG,8900,2,D,CC,AT,D
14:48:34,ICBP,RG,8900,1,D,CC,YP,D
14:48:34,ICBP,RG,8900,1,D,CC,OD,D
14:48:34,ICBP,RG,8900,7,D,CC,XC,D
14:48:34,ICBP,RG,8900,15,D,CC,KK,D
14:48:34,ICBP,RG,8900,1,D,CC,NI,D
14:48:34,ICBP,RG,8900,1,D,CC,YP,D
14:48:34,ICBP,RG,8900,5,D,CC,PD,D
14:48:34,ICBP,RG,8900,5,D,CC,CP,D
14:48:34,ICBP,RG,8900,8,D,CC,XC,D
14:48:34,ICBP,RG,8900,1,D,CC,KK,D
14:48:34,ICBP,RG,8900,4,D,CC,DR,D
14:48:34,ICBP,RG,8900,1,D,CC,YP,D
14:48:34,ICBP,RG,8900,1,D,CC,YP,D
14:48:34,ICBP,RG,8900,1,D,CC,XC,D
14:48:34,ICBP,RG,8900,1,D,CC,DH,D
14:48:34,ICBP,RG,8900,6,D,CC,PD,D
14:48:34,ICBP,RG,8900,8,D,CC,XC,D
14:48:34,ICBP,RG,8900,1,D,CC,DH,D
14:48:34,ICBP,RG,8900,132,D,CC,PD,D
14:48:34,ICBP,RG,8900,10,D,CC,XC,D
14:48:34,ICBP,RG,8900,4,D,CC,DH,D
14:48:34,ICBP,RG,8900,3,D,CC,YP,D
14:48:34,ICBP,RG,8900,1,D,CC,PD,D
14:48:34,ICBP,RG,8900,1,D,CC,NI,D
14:48:34,ICBP,RG,8900,61,D,CC,YP,D
14:48:34,ICBP,RG,8900,469,D,CC,KI,D
14:48:34,ICBP,RG,8875,7,D,CC,BK,F
14:48:34,ICBP,RG,8875,35,D,CC,BK,F
14:48:33,ICBP,RG,8875,2,D,CC,RX,D
14:48:31,ICBP,RG,8875,10,D,CC,RX,D
14:48:30,ICBP,RG,8900,1,D,CG,KI,D
14:48:29,ICBP,RG,8875,8,D,CC,BK,F
14:48:29,ICBP,RG,8900,58,F,ZP,KI,D
14:48:29,ICBP,RG,8900,2,D,CG,KI,D
14:48:28,ICBP,RG,8900,14,F,ZP,KI,D
14:48:26,ICBP,RG,8875,24,D,CC,BK,F
14:48:23,ICBP,RG,8875,11,D,CC,RX,D
14:48:20,ICBP,RG,8875,1,D,CC,RX,D
14:48:20,ICBP,RG,8875,8,D,CC,BK,F
14:48:19,ICBP,RG,8875,3,D,CC,RX,D
14:48:17,ICBP,RG,8875,2,D,CC,YP,D
14:48:17,ICBP,RG,8875,27,D,CC,BK,F
14:48:16,ICBP,RG,8875,1,D,CC,RX,D
14:48:14,ICBP,RG,8875,11,D,CC,RX,D
14:48:13,ICBP,RG,8875,8,D,CC,BK,F
14:48:12,ICBP,RG,8875,24,D,CC,BK,F
14:48:12,ICBP,RG,8900,70,F,ZP,KI,D
14:48:10,ICBP,RG,8900,30,F,ZP,KI,D
14:48:09,ICBP,RG,8875,21,D,CC,BK,F
14:48:05,ICBP,RG,8875,13,D,CC,RX,D
14:48:05,ICBP,RG,8875,28,D,CC,BK,F
14:48:05,ICBP,RG,8900,2,D,CG,KI,D
14:48:03,ICBP,RG,8875,1,D,CC,NI,D
14:48:03,ICBP,RG,8900,174,D,KZ,KI,D
14:48:03,ICBP,RG,8900,390,D,KZ,KI,D
14:48:03,ICBP,RG,8900,5,D,KZ,GR,D
14:48:03,ICBP,RG,8900,2,D,KZ,YP,D
14:48:03,ICBP,RG,8900,15,D,KZ,PC,D
14:48:03,ICBP,RG,8900,1,D,KZ,CP,D
14:48:03,ICBP,RG,8900,1,D,KZ,XC,D
14:48:03,ICBP,RG,8900,49,D,KZ,SQ,D
14:48:03,ICBP,RG,8900,1,D,KZ,YB,D
14:48:03,ICBP,RG,8900,16,D,KZ,PD,D
14:48:03,ICBP,RG,8900,30,D,KZ,AZ,D
14:48:03,ICBP,RG,8900,48,D,KZ,KK,D
14:48:03,ICBP,RG,8900,1,D,KZ,YP,D
14:48:03,ICBP,RG,8900,100,D,KZ,SQ,D
14:48:03,ICBP,RG,8900,2,D,KZ,PD,D
14:48:03,ICBP,RG,8900,12,D,KZ,PD,D
14:48:03,ICBP,RG,8900,100,D,KZ,XA,D
14:48:03,ICBP,RG,8900,52,D,KZ,YP,D
14:48:03,ICBP,RG,8900,148,D,KZ,YP,D
14:48:03,ICBP,RG,8900,1,D,KZ,XC,D
14:48:03,ICBP,RG,8900,12,D,KZ,YP,D
14:48:03,ICBP,RG,8900,10,D,KZ,YP,D
14:48:03,ICBP,RG,8900,5,D,KZ,NI,D
14:48:03,ICBP,RG,8900,6,D,KZ,NI,D
14:48:03,ICBP,RG,8900,104,D,KZ,YP,D
14:48:03,ICBP,RG,8900,1,D,KZ,NI,D
14:48:03,ICBP,RG,8900,5,D,KZ,YP,D
14:48:03,ICBP,RG,8900,3,D,KZ,PD,D
14:48:03,ICBP,RG,8900,1,D,KZ,XC,D
14:48:03,ICBP,RG,8900,150,D,KZ,CC,F
14:48:03,ICBP,RG,8900,1,D,KZ,XC,D
14:48:03,ICBP,RG,8900,7,D,KZ,CC,D
14:48:03,ICBP,RG,8900,10,D,KZ,PD,D
14:48:03,ICBP,RG,8900,3,D,KZ,AI,D
14:48:03,ICBP,RG,8900,6,D,KZ,CC,D
14:48:03,ICBP,RG,8900,50,D,KZ,PD,D
14:48:03,ICBP,RG,8900,25,D,KZ,SQ,D
14:48:03,ICBP,RG,8900,2,D,KZ,PD,D
14:48:03,ICBP,RG,8900,5,D,KZ,YP,D
14:48:03,ICBP,RG,8900,1,D,KZ,LG,D
14:48:03,ICBP,RG,8900,1,D,KZ,XC,D
14:48:03,ICBP,RG,8900,1,D,KZ,PD,D
14:48:03,ICBP,RG,8900,3,D,KZ,XC,D
14:48:03,ICBP,RG,8900,63,D,KZ,NI,D
14:47:56,ICBP,RG,8875,32,D,CC,BK,F
14:47:56,ICBP,RG,8900,2,F,ZP,NI,D
14:47:56,ICBP,RG,8900,9,F,ZP,PD,D
14:47:56,ICBP,RG,8900,1,F,ZP,NI,D
14:47:56,ICBP,RG,8900,1,F,ZP,SQ,D
14:47:56,ICBP,RG,8900,4,F,ZP,YP,D
14:47:56,ICBP,RG,8900,9,F,ZP,YP,D
14:47:55,ICBP,RG,8875,2,D,CC,RX,D
14:47:55,ICBP,RG,8875,13,D,CC,RX,D
14:47:55,ICBP,RG,8900,6,F,ZP,YP,D
14:47:55,ICBP,RG,8900,3,F,ZP,GR,D
14:47:55,ICBP,RG,8900,1,F,ZP,YP,D
14:47:55,ICBP,RG,8900,1,F,ZP,CC,D
14:47:55,ICBP,RG,8900,1,F,ZP,PD,D
14:47:55,ICBP,RG,8900,1,F,ZP,KK,D
14:47:55,ICBP,RG,8900,1,F,ZP,GR,D
14:47:55,ICBP,RG,8900,7,F,ZP,KK,D
14:47:55,ICBP,RG,8900,19,F,ZP,CC,D
14:47:54,ICBP,RG,8900,1,F,ZP,CC,D
14:47:54,ICBP,RG,8900,12,F,ZP,PD,D
14:47:54,ICBP,RG,8900,10,F,ZP,YP,D
14:47:54,ICBP,RG,8900,10,F,ZP,CC,D
14:47:54,ICBP,RG,8900,1,F,ZP,XC,D
14:47:54,ICBP,RG,8900,3,F,ZP,XC,D
14:47:54,ICBP,RG,8900,3,F,ZP,PD,D
14:47:54,ICBP,RG,8875,3,D,CC,YP,D
14:47:53,ICBP,RG,8875,9,D,CC,BK,F
14:47:50,ICBP,RG,8875,33,D,CC,BK,F
14:47:47,ICBP,RG,8875,1,D,CC,RX,D
14:47:45,ICBP,RG,8875,16,D,CC,ZP,F
14:47:45,ICBP,RG,8875,19,D,CC,BK,F
14:47:41,ICBP,RG,8900,2,D,CG,PD,D
14:47:40,ICBP,RG,8875,33,D,CC,BK,F
14:47:39,ICBP,RG,8875,5,D,CC,LG,D
14:47:38,ICBP,RG,8900,1,F,ZP,YP,D
14:47:38,ICBP,RG,8900,2,F,ZP,XC,D
14:47:38,ICBP,RG,8900,1,F,ZP,XC,D
14:47:38,ICBP,RG,8900,18,F,ZP,DH,D
14:47:38,ICBP,RG,8900,6,F,ZP,OD,D
14:47:38,ICBP,RG,8900,5,F,ZP,YP,D
14:47:38,ICBP,RG,8900,2,F,ZP,PD,D
14:47:38,ICBP,RG,8900,1,F,ZP,KK,D
14:47:38,ICBP,RG,8900,42,F,ZP,CC,F
14:47:37,ICBP,RG,8875,2,D,CC,RX,D
14:47:37,ICBP,RG,8875,8,D,CC,BK,F
14:47:35,ICBP,RG,8875,10,D,CC,RX,D
14:47:35,ICBP,RG,8875,2,D,CC,RX,D
14:47:32,ICBP,RG,8875,7,D,CC,ZP,F
14:47:31,ICBP,RG,8875,27,D,CC,BK,F
14:47:30,ICBP,RG,8875,10,D,CC,ZP,F
14:47:27,ICBP,RG,8875,2,D,CC,XC,D
14:47:27,ICBP,RG,8875,23,D,CC,BK,F
14:47:26,ICBP,RG,8875,12,D,CC,RX,D
14:47:21,ICBP,RG,8900,3,D,CG,CC,F
14:47:20,ICBP,RG,8875,26,D,CC,BK,F
14:47:18,ICBP,RG,8875,1,D,CC,RX,D
14:47:17,ICBP,RG,8900,3,D,CG,CC,F
14:47:16,ICBP,RG,8875,9,D,CC,BK,F
14:47:16,ICBP,RG,8875,11,D,CC,RX,D
14:47:13,ICBP,RG,8875,33,D,CC,BK,F
14:47:10,ICBP,RG,8875,21,D,CC,BK,F
14:47:08,ICBP,RG,8875,2,D,CC,RX,D
14:47:06,ICBP,RG,8875,26,D,CC,BK,F
14:47:06,ICBP,RG,8875,16,D,CC,RX,D
14:47:06,ICBP,RG,8875,2,D,CC,RX,D
14:47:05,ICBP,RG,8875,1,D,CC,RX,D
14:47:04,ICBP,RG,8875,13,D,CC,RX,D
14:47:01,ICBP,RG,8875,8,D,CC,BK,F
14:46:59,ICBP,RG,8875,7,D,CC,BK,F
14:46:56,ICBP,RG,8875,1,D,CC,RX,D
14:46:56,ICBP,RG,8875,1,D,CC,RX,D
14:46:56,ICBP,RG,8875,42,D,CC,BK,F
14:46:54,ICBP,RG,8875,1,D,CC,RX,D
14:46:52,ICBP,RG,8875,7,D,CC,RX,D
14:46:49,ICBP,RG,8900,2,D,CG,CC,F
14:46:49,ICBP,RG,8875,3,D,CC,CC,D
14:46:49,ICBP,RG,8900,2,D,CC,CC,F
14:46:48,ICBP,RG,8900,1,D,CG,CC,F
14:46:48,ICBP,RG,8875,17,D,CC,BK,F
14:46:43,ICBP,RG,8875,49,D,CC,BK,F
14:46:42,ICBP,RG,8875,8,D,CC,BK,F
14:46:38,ICBP,RG,8900,97,D,KZ,CC,F
14:46:38,ICBP,RG,8900,5,D,KZ,PD,D
14:46:38,ICBP,RG,8900,2,D,KZ,YP,D
14:46:38,ICBP,RG,8900,4,D,KZ,YP,D
14:46:38,ICBP,RG,8900,32,D,KZ,YP,D
14:46:31,ICBP,RG,8875,1,D,CC,RX,D
14:46:31,ICBP,RG,8875,10,D,CC,RX,D
14:46:27,ICBP,RG,8875,1,D,CC,RX,D
14:46:27,ICBP,RG,8875,2,D,CC,RX,D
14:46:26,ICBP,RG,8875,51,D,CC,BK,F
14:46:23,ICBP,RG,8875,9,D,CC,RX,D
14:46:23,ICBP,RG,8875,41,D,CC,BK,F
14:46:21,ICBP,RG,8875,8,D,CC,BK,F
14:46:19,ICBP,RG,8875,1,D,CC,RX,D
14:46:15,ICBP,RG,8875,13,D,CC,RX,D
14:46:06,ICBP,RG,8875,38,D,CC,BK,F
14:46:06,ICBP,RG,8875,1,D,CC,KK,D
14:46:05,ICBP,RG,8875,8,D,CC,BK,F
14:46:05,ICBP,RG,8875,2,D,CC,RX,D
14:46:04,ICBP,RG,8875,10,D,CC,RX,D
14:45:58,ICBP,RG,8900,1,D,CG,YP,D
14:45:57,ICBP,RG,8875,60,D,CC,BK,F
14:45:54,ICBP,RG,8875,1,D,CC,RX,D
14:45:44,ICBP,RG,8875,8,D,CC,BK,F
14:45:40,ICBP,RG,8900,2,D,CP,YP,D
14:45:38,ICBP,RG,8875,392,D,CC,IF,D
14:45:38,ICBP,RG,8875,108,F,ZP,IF,D
14:45:21,ICBP,RG,8875,8,F,ZP,BK,F
14:45:11,ICBP,RG,8900,1,D,XC,YP,D
14:45:09,ICBP,RG,8900,1,D,YP,YP,D
14:45:06,ICBP,RG,8875,7,F,ZP,BK,F
14:44:54,ICBP,RG,8875,2,F,ZP,PD,D
14:44:48,ICBP,RG,8900,11,D,CC,YP,D
14:44:46,ICBP,RG,8875,5,F,ZP,NI,D
14:44:39,ICBP,RG,8875,8,F,ZP,BK,F
14:44:31,ICBP,RG,8875,27,F,ZP,YU,F
14:44:18,ICBP,RG,8875,8,F,ZP,BK,F
14:44:17,ICBP,RG,8875,1,F,ZP,YP,D
14:44:14,ICBP,RG,8900,11,D,KK,YP,D
14:44:00,ICBP,RG,8875,26,F,ZP,YU,F
14:43:56,ICBP,RG,8875,8,F,ZP,BK,F
14:43:52,ICBP,RG,8900,5,D,CC,YP,D
14:43:49,ICBP,RG,8875,10,F,ZP,CC,D
14:43:38,ICBP,RG,8875,1,F,ZP,YP,D
14:43:38,ICBP,RG,8875,30,F,ZP,YP,D
14:43:31,ICBP,RG,8875,1,F,ZP,DR,D
14:43:31,ICBP,RG,8875,8,F,ZP,BK,F
14:43:06,ICBP,RG,8900,10,D,CC,YP,D
14:43:03,ICBP,RG,8875,6,F,ZP,BK,F
14:43:03,ICBP,RG,8875,2,D,KZ,BK,F
14:42:59,ICBP,RG,8900,41,F,CS,YP,D
14:42:59,ICBP,RG,8900,25,F,CS,CC,D
14:42:59,ICBP,RG,8900,4,F,CS,CC,D
14:42:59,ICBP,RG,8900,20,F,CS,PD,D
14:42:59,ICBP,RG,8900,50,F,CS,CC,D
14:42:59,ICBP,RG,8900,1,F,CS,YP,D
14:42:59,ICBP,RG,8900,10,F,CS,CC,D
14:42:59,ICBP,RG,8900,2,F,CS,XC,D
14:42:59,ICBP,RG,8900,5,F,CS,XC,D
14:42:59,ICBP,RG,8900,6,F,CS,CC,D
14:42:59,ICBP,RG,8900,9,F,CS,SQ,D
14:42:59,ICBP,RG,8900,2,F,CS,PD,D
14:42:59,ICBP,RG,8900,8,F,CS,SQ,D
14:42:59,ICBP,RG,8900,6,F,CS,XC,D
14:42:59,ICBP,RG,8900,4,F,CS,XC,D
14:42:59,ICBP,RG,8900,2,F,CS,PD,D
14:42:59,ICBP,RG,8900,5,F,CS,PD,D
14:42:47,ICBP,RG,8900,3,D,NI,PD,D
14:42:47,ICBP,RG,8900,2,D,NI,PD,D
14:42:47,ICBP,RG,8900,1,D,NI,XC,D
14:42:47,ICBP,RG,8900,10,D,NI,CC,D
14:42:47,ICBP,RG,8900,1,D,NI,XC,D
14:42:47,ICBP,RG,8900,3,D,NI,XC,D
14:42:47,ICBP,RG,8900,6,D,NI,XC,D
14:42:47,ICBP,RG,8900,1,D,NI,OD,D
14:42:47,ICBP,RG,8900,1,D,NI,YP,D
14:42:47,ICBP,RG,8900,2,D,NI,DR,D
14:42:47,ICBP,RG,8900,3,D,NI,PD,D
14:42:47,ICBP,RG,8900,1,D,NI,PD,D
14:42:47,ICBP,RG,8900,6,D,NI,PD,D
14:42:47,ICBP,RG,8900,1,D,NI,PD,D
14:42:47,ICBP,RG,8900,100,D,NI,OD,D
14:42:47,ICBP,RG,8900,1,D,NI,OD,D
14:42:47,ICBP,RG,8900,1,D,NI,DR,D
14:42:47,ICBP,RG,8900,3,D,NI,PD,D
14:42:47,ICBP,RG,8900,2,D,NI,PD,D
14:42:47,ICBP,RG,8900,10,D,NI,SQ,D
14:42:47,ICBP,RG,8900,1,D,NI,PD,D
14:42:47,ICBP,RG,8900,2,D,NI,YP,D
14:42:47,ICBP,RG,8900,10,D,NI,GR,D
14:42:47,ICBP,RG,8900,10,D,NI,PD,D
14:42:47,ICBP,RG,8900,1,D,NI,AT,D
14:42:47,ICBP,RG,8900,2,D,NI,PD,D
14:42:47,ICBP,RG,8900,3,D,NI,PD,D
14:42:47,ICBP,RG,8900,1,D,NI,DH,D
14:42:47,ICBP,RG,8900,10,D,NI,DH,D
14:42:47,ICBP,RG,8900,2,D,NI,KK,D
14:42:44,ICBP,RG,8875,1,D,KZ,PD,D
14:42:35,ICBP,RG,8875,9,D,KZ,BK,F
14:42:33,ICBP,RG,8875,93,D,KZ,KK,D
14:42:25,ICBP,RG,8875,29,D,KZ,ZP,F
14:42:08,ICBP,RG,8900,2,D,CC,KK,D
14:42:08,ICBP,RG,8900,6,D,CC,SQ,D
14:42:08,ICBP,RG,8875,8,D,KZ,BK,F
14:41:30,ICBP,RG,8875,20,D,KZ,CC,D
14:41:23,ICBP,RG,8875,1,D,KZ,YP,D
14:41:23,ICBP,RG,8875,1,D,KZ,XC,D
14:41:13,ICBP,RG,8875,2,D,KZ,PD,D
14:41:01,ICBP,RG,8875,6,D,KZ,XC,D
14:40:59,ICBP,RG,8875,10,D,KZ,YP,D
14:40:57,ICBP,RG,8875,3,D,KZ,PD,D
14:40:50,ICBP,RG,8875,7,D,KZ,CC,D
14:40:45,ICBP,RG,8875,12,D,KZ,XC,D
14:40:44,ICBP,RG,8875,2,D,KZ,PD,D
14:40:42,ICBP,RG,8875,600,D,KZ,IF,D
14:40:42,ICBP,RG,8875,266,F,ZP,IF,D
14:40:42,ICBP,RG,8875,7,D,CG,IF,D
14:40:42,ICBP,RG,8875,13,D,CG,IF,D
14:40:42,ICBP,RG,8875,540,F,AK,IF,D
14:40:42,ICBP,RG,8875,8,D,CC,IF,D
14:40:42,ICBP,RG,8875,10,D,AZ,IF,D
14:40:42,ICBP,RG,8875,1,D,CG,IF,D
14:40:42,ICBP,RG,8875,1,D,CG,IF,D
14:40:42,ICBP,RG,8875,1,D,CC,IF,D
14:40:42,ICBP,RG,8875,53,D,CC,IF,D
14:40:29,ICBP,RG,8875,32,D,CC,XC,D
14:40:29,ICBP,RG,8875,1,D,CC,PD,D
14:40:29,ICBP,RG,8875,1,D,CC,CC,F
14:40:29,ICBP,RG,8875,8,D,CC,CC,D
14:40:29,ICBP,RG,8875,1,D,CC,CC,D
14:40:29,ICBP,RG,8875,10,D,CC,YP,D
14:40:29,ICBP,RG,8875,10,D,CC,YP,D
14:40:29,ICBP,RG,8875,1,D,CC,CC,D
14:40:29,ICBP,RG,8875,5,D,CC,YP,D
14:40:29,ICBP,RG,8875,10,D,CC,YP,D
14:40:29,ICBP,RG,8875,10,D,CC,YP,D
14:40:29,ICBP,RG,8875,18,D,CC,BK,F
14:40:29,ICBP,RG,8875,40,D,CC,GR,D
14:40:29,ICBP,RG,8875,46,D,CC,ZP,F
14:40:29,ICBP,RG,8875,1,D,CC,PD,D
14:40:29,ICBP,RG,8875,1,D,CC,PD,D
14:40:29,ICBP,RG,8875,1,D,CC,YP,D
14:40:29,ICBP,RG,8875,1,D,CC,LG,D
14:40:29,ICBP,RG,8875,20,D,CC,YP,D
14:40:29,ICBP,RG,8875,1,D,CC,YP,D
14:40:29,ICBP,RG,8875,1,D,CC,PD,D
14:40:29,ICBP,RG,8875,10,D,CC,NI,D
14:40:29,ICBP,RG,8875,10,D,CC,GR,D
14:40:29,ICBP,RG,8875,13,D,CC,NI,D
14:40:29,ICBP,RG,8875,1,D,CC,YP,D
14:40:29,ICBP,RG,8875,1,D,CC,PD,D
14:40:29,ICBP,RG,8875,10,D,CC,LG,D
14:40:29,ICBP,RG,8875,3,D,CC,PD,D
14:40:29,ICBP,RG,8875,50,D,CC,OD,D
14:40:29,ICBP,RG,8875,10,D,CC,TP,D
14:40:29,ICBP,RG,8875,5,D,CC,BQ,D
14:40:29,ICBP,RG,8875,5,D,CC,YP,D
14:40:29,ICBP,RG,8875,6,D,CC,YP,D
14:40:29,ICBP,RG,8875,3,D,CC,LG,D
14:40:29,ICBP,RG,8875,2,D,CC,DR,D
14:40:29,ICBP,RG,8875,18,D,CC,YP,D
14:40:29,ICBP,RG,8875,225,D,CC,YP,D
14:40:29,ICBP,RG,8875,7,D,CC,SQ,D
14:40:29,ICBP,RG,8875,1187,D,CC,PD,D
14:40:29,ICBP,RG,8875,10,D,CC,YP,D
14:40:29,ICBP,RG,8875,1,D,CC,YP,D
14:40:29,ICBP,RG,8875,30,D,CC,SQ,D
14:40:29,ICBP,RG,8875,28,D,CC,GR,D
14:40:29,ICBP,RG,8875,1,D,CC,PD,D
14:40:29,ICBP,RG,8875,2,D,CC,AT,D
14:40:29,ICBP,RG,8875,10,D,CC,GR,D
14:40:29,ICBP,RG,8875,5,D,CC,PD,D
14:40:29,ICBP,RG,8875,6,D,CC,DR,D
14:40:29,ICBP,RG,8875,69,D,CC,ZP,D
14:40:24,ICBP,RG,8875,1,D,LG,ZP,D
14:40:24,ICBP,RG,8875,2,D,LG,YP,D
14:40:21,ICBP,RG,8850,123,F,DX,PD,D
14:40:12,ICBP,RG,8875,2,D,CC,YP,D
14:40:12,ICBP,RG,8875,1,D,CC,PD,D
14:40:12,ICBP,RG,8875,1,D,CC,PD,D
14:40:12,ICBP,RG,8875,1,D,CC,DR,D
14:40:12,ICBP,RG,8875,5,D,CC,NI,D
14:40:10,ICBP,RG,8850,50,F,DX,PD,D
14:40:08,ICBP,RG,8850,31,F,DX,ZP,F
14:40:05,ICBP,RG,8850,15,F,DX,YU,F
14:40:04,ICBP,RG,8850,17,F,DX,LG,D
14:40:00,ICBP,RG,8850,47,F,DX,ZP,F
14:40:00,ICBP,RG,8850,3,F,DX,AK,F
14:40:00,ICBP,RG,8850,20,F,DX,EP,D
14:40:00,ICBP,RG,8850,2,F,DX,CC,F
14:40:00,ICBP,RG,8850,2,F,DX,AK,F
14:40:00,ICBP,RG,8850,10,F,DX,AK,F
14:40:00,ICBP,RG,8850,5,F,DX,LG,D
14:40:00,ICBP,RG,8850,35,F,DX,YU,D
14:40:00,ICBP,RG,8850,5,F,DX,LG,D
14:40:00,ICBP,RG,8850,9,F,DX,CC,D
14:40:00,ICBP,RG,8850,13,F,DX,YU,F
14:40:00,ICBP,RG,8850,5,F,DX,NI,D
14:40:00,ICBP,RG,8850,229,F,DX,BK,F
14:40:00,ICBP,RG,8850,50,F,DX,NI,D
14:40:00,ICBP,RG,8850,25,F,DX,EP,D
14:40:00,ICBP,RG,8850,1,F,DX,YP,D
14:40:00,ICBP,RG,8850,5,F,DX,LG,D
14:40:00,ICBP,RG,8850,1,F,DX,CC,D
14:40:00,ICBP,RG,8850,10,F,DX,KK,D
14:40:00,ICBP,RG,8850,317,F,DX,BK,F
14:40:00,ICBP,RG,8850,5,F,DX,YP,D
14:40:00,ICBP,RG,8850,10,F,DX,KK,D
14:40:00,ICBP,RG,8850,25,F,DX,ZP,F
14:40:00,ICBP,RG,8850,20,F,DX,NI,D
14:40:00,ICBP,RG,8850,50,F,DX,OD,D
14:40:00,ICBP,RG,8850,30,F,DX,NI,D
14:40:00,ICBP,RG,8850,30,F,DX,PD,D
14:40:00,ICBP,RG,8850,2,F,DX,XA,D
14:40:00,ICBP,RG,8850,5,F,DX,BQ,D
14:40:00,ICBP,RG,8850,60,F,DX,PC,D
14:40:00,ICBP,RG,8850,40,F,DX,LG,D
14:40:00,ICBP,RG,8850,5,F,DX,YP,D
14:40:00,ICBP,RG,8850,1,F,DX,DR,D
14:40:00,ICBP,RG,8850,1,F,DX,PD,D
14:40:00,ICBP,RG,8850,10,F,DX,YP,D
14:40:00,ICBP,RG,8850,60,F,DX,OD,D
14:40:00,ICBP,RG,8850,1,F,DX,LG,D
14:40:00,ICBP,RG,8850,12,F,DX,YU,F
14:40:00,ICBP,RG,8850,320,F,DX,BK,F
14:40:00,ICBP,RG,8850,4,F,DX,CC,D
14:40:00,ICBP,RG,8850,500,F,DX,CC,F
14:40:00,ICBP,RG,8850,22,F,DX,ZP,F
14:40:00,ICBP,RG,8850,5,F,DX,YP,D
14:40:00,ICBP,RG,8850,12,F,DX,YU,F
14:40:00,ICBP,RG,8850,1,F,DX,DR,D
14:40:00,ICBP,RG,8850,20,F,DX,DR,D
14:40:00,ICBP,RG,8850,1,F,DX,XC,D
14:40:00,ICBP,RG,8850,1,F,DX,YP,D
14:40:00,ICBP,RG,8850,7,F,DX,PD,D
14:40:00,ICBP,RG,8850,1,F,DX,YP,D
14:40:00,ICBP,RG,8850,5,F,DX,PD,D
14:40:00,ICBP,RG,8850,5,F,DX,PD,D
14:40:00,ICBP,RG,8850,20,F,DX,YP,D
14:40:00,ICBP,RG,8850,5,F,DX,PD,D
14:40:00,ICBP,RG,8850,30,F,DX,OD,D
14:40:00,ICBP,RG,8850,30,F,DX,OD,D
14:40:00,ICBP,RG,8850,1,F,DX,XC,D
14:40:00,ICBP,RG,8850,10,F,DX,DR,D
14:40:00,ICBP,RG,8850,14,F,DX,RX,D
14:40:00,ICBP,RG,8850,8,F,DX,RX,D
14:40:00,ICBP,RG,8850,12,F,DX,RX,D
14:40:00,ICBP,RG,8850,19,F,DX,RX,D
14:40:00,ICBP,RG,8850,1,F,DX,AK,F
14:40:00,ICBP,RG,8850,1,F,DX,AK,F
14:40:00,ICBP,RG,8850,280,F,DX,RX,D
14:40:00,ICBP,RG,8850,48,F,DX,YP,D
14:40:00,ICBP,RG,8850,280,F,DX,BK,F
14:40:00,ICBP,RG,8850,348,F,DX,BK,F
14:40:00,ICBP,RG,8850,818,F,DX,RX,F
14:39:50,ICBP,RG,8825,5,F,DX,XC,D
14:39:42,ICBP,RG,8825,4,F,DX,PD,D
14:39:38,ICBP,RG,8825,1,F,DX,LG,D
14:39:34,ICBP,RG,8825,2,F,DX,DX,D
14:39:34,ICBP,RG,8825,58,F,DX,BK,F
14:39:34,ICBP,RG,8825,2,F,DX,PD,D
14:39:33,ICBP,RG,8850,114,D,YU,RX,F
14:39:33,ICBP,RG,8850,2,D,YU,AK,F
14:39:33,ICBP,RG,8850,3,D,YU,AK,F
14:39:33,ICBP,RG,8850,2,D,YU,CC,F
14:39:33,ICBP,RG,8850,14,D,YU,BK,F
14:39:19,ICBP,RG,8825,4,F,DX,XC,D
14:39:14,ICBP,RG,8850,8,D,CC,BK,F
14:39:11,ICBP,RG,8825,14,F,DX,RX,F
14:39:04,ICBP,RG,8825,7,F,DX,RX,D
14:38:47,ICBP,RG,8825,50,F,DX,YP,D
14:38:45,ICBP,RG,8825,9,F,DX,RX,D
14:38:44,ICBP,RG,8825,1,F,DX,RX,D
14:38:37,ICBP,RG,8825,5,F,DX,RX,F
14:38:37,ICBP,RG,8825,1,D,PD,RX,F
14:38:37,ICBP,RG,8825,3,D,XC,RX,F
14:38:37,ICBP,RG,8825,5,D,CG,RX,F
14:38:37,ICBP,RG,8825,1,D,CG,RX,F
14:38:37,ICBP,RG,8825,10,D,PD,RX,F
14:38:37,ICBP,RG,8825,2,D,PD,RX,F
14:38:37,ICBP,RG,8825,1,D,CG,RX,F
14:38:37,ICBP,RG,8825,1,D,XC,RX,F
14:38:37,ICBP,RG,8825,8,F,DX,RX,F
14:38:34,ICBP,RG,8850,6,D,LG,BK,F
14:38:27,ICBP,RG,8825,1,F,DX,RX,D
14:38:23,ICBP,RG,8825,7,F,DX,RX,D
14:38:23,ICBP,RG,8825,5,F,DX,NI,D
14:38:17,ICBP,RG,8825,2,F,DX,RX,D
14:38:12,ICBP,RG,8825,31,F,DX,BK,F
14:38:12,ICBP,RG,8825,22,D,PD,BK,F
14:38:12,ICBP,RG,8850,3,D,CC,BK,F
14:38:12,ICBP,RG,8850,6,D,CC,SQ,D
14:38:10,ICBP,RG,8825,8,D,PD,YP,D
14:38:10,ICBP,RG,8825,42,D,YU,YP,D
14:38:09,ICBP,RG,8825,2,D,YU,XC,D
14:38:08,ICBP,RG,8825,9,D,YU,BK,F
14:38:06,ICBP,RG,8825,14,D,YU,RX,D
14:38:04,ICBP,RG,8825,5,D,YU,SQ,D
14:38:02,ICBP,RG,8825,2,D,YU,RX,D
14:38:00,ICBP,RG,8825,1,D,YU,PD,D
14:37:58,ICBP,RG,8825,2,D,YU,AK,F
14:37:57,ICBP,RG,8825,5,D,YU,RX,F
14:37:57,ICBP,RG,8825,1,D,CG,RX,F
14:37:57,ICBP,RG,8825,1,D,PD,RX,F
14:37:57,ICBP,RG,8825,1,D,CC,DH,D
14:37:33,ICBP,RG,8825,1,D,CC,RX,D
14:37:33,ICBP,RG,8825,1,D,CC,RX,D
14:37:28,ICBP,RG,8825,5,D,YP,RX,D
14:37:28,ICBP,RG,8825,1,D,CG,RX,D
14:37:28,ICBP,RG,8825,1,D,CG,RX,D
14:37:28,ICBP,RG,8825,1,D,SQ,RX,D
14:37:28,ICBP,RG,8825,12,D,KK,RX,D
14:37:28,ICBP,RG,8825,1,D,PD,RX,D
14:37:28,ICBP,RG,8825,3,F,DX,RX,D
14:37:24,ICBP,RG,8825,4,F,DX,YP,D
14:37:20,ICBP,RG,8825,5,F,DX,RX,F
14:37:17,ICBP,RG,8825,25,F,DX,RB,D
14:37:16,ICBP,RG,8825,2,F,DX,RX,F
14:37:14,ICBP,RG,8850,9,D,CC,SQ,D
14:37:13,ICBP,RG,8825,9,F,DX,RX,F
14:37:09,ICBP,RG,8825,27,F,DX,RX,F
14:37:08,ICBP,RG,8825,39,F,DX,CC,D
14:37:05,ICBP,RG,8850,1,D,NI,SQ,D
14:36:52,ICBP,RG,8850,1,D,CC,SQ,D
14:36:47,ICBP,RG,8850,3,D,YU,SQ,D
14:36:47,ICBP,RG,8850,79,D,YU,BK,F
14:36:41,ICBP,RG,8825,2,F,DX,RX,D
14:36:40,ICBP,RG,8825,27,F,DX,YU,F
14:36:37,ICBP,RG,8850,10,D,PD,BK,F
14:36:36,ICBP,RG,8825,28,F,DX,RX,F
14:36:28,ICBP,RG,8825,7,F,DX,RX,D
14:36:25,ICBP,RG,8825,1,F,DX,CC,D
14:36:24,ICBP,RG,8825,2,F,DX,RX,D
14:36:16,ICBP,RG,8850,9,D,CC,BK,F
14:36:11,ICBP,RG,8825,7,F,DX,RX,D
14:36:10,ICBP,RG,8825,26,F,DX,AG,D
14:36:10,ICBP,RG,8825,64,D,KZ,AG,D
14:36:09,ICBP,RG,8825,8,D,KZ,BK,F
14:36:07,ICBP,RG,8825,2,D,KZ,CC,D
14:36:07,ICBP,RG,8825,1,D,KZ,RX,D
14:35:57,ICBP,RG,8825,1,D,KZ,RX,D
14:35:56,ICBP,RG,8825,64,D,KZ,RX,F
14:35:54,ICBP,RG,8825,12,D,KZ,RX,D
14:35:38,ICBP,RG,8825,250,D,KZ,CC,D
14:35:30,ICBP,RG,8825,5,D,KZ,AK,F
14:35:22,ICBP,RG,8825,14,D,KZ,RX,D
14:35:18,ICBP,RG,8850,10,D,CC,BK,F
14:35:15,ICBP,RG,8825,4,D,KZ,RX,F
14:35:12,ICBP,RG,8825,56,D,KZ,RX,F
14:35:12,ICBP,RG,8850,20,D,EP,BK,F
14:35:10,ICBP,RG,8825,2,D,KZ,RX,D
14:35:04,ICBP,RG,8825,10,D,KZ,DR,D
14:35:04,ICBP,RG,8825,1,D,KZ,ZP,F
14:34:57,ICBP,RG,8825,2,D,KZ,RX,D
14:34:56,ICBP,RG,8825,15,D,KZ,XC,D
14:34:54,ICBP,RG,8825,100,D,KZ,CC,D
14:34:53,ICBP,RG,8825,1,D,KZ,RX,D
14:34:52,ICBP,RG,8825,5,D,KZ,PD,D
14:34:48,ICBP,RG,8825,8,D,KZ,RX,D
14:34:40,ICBP,RG,8825,8,D,KZ,CC,D
14:34:37,ICBP,RG,8825,100,D,KZ,DH,D
14:34:35,ICBP,RG,8825,1,D,KZ,RX,D
14:34:35,ICBP,RG,8825,2,D,KZ,RX,F
14:34:34,ICBP,RG,8825,2,D,KZ,RX,F
14:34:32,ICBP,RG,8825,9,D,KZ,YP,D
14:34:32,ICBP,RG,8825,9,D,KZ,RX,D
14:34:32,ICBP,RG,8825,23,D,KZ,RX,F
14:34:32,ICBP,RG,8825,41,F,DX,RX,F
14:34:32,ICBP,RG,8825,1,F,ZP,RX,F
14:34:30,ICBP,RG,8825,2,F,ZP,AK,F
14:34:25,ICBP,RG,8825,7,F,ZP,BK,F
14:34:21,ICBP,RG,8825,7,F,ZP,PD,D
14:34:21,ICBP,RG,8825,1,D,CG,PD,D
14:34:21,ICBP,RG,8825,1,D,SQ,PD,D
14:34:21,ICBP,RG,8825,1,D,CG,PD,D
14:34:21,ICBP,RG,8825,18,F,ZP,PD,D
14:34:21,ICBP,RG,8825,15,F,ZP,PD,D
14:34:21,ICBP,RG,8825,71,D,YU,PD,D
14:34:21,ICBP,RG,8825,1,D,XC,PD,D
14:34:21,ICBP,RG,8825,10,F,DX,PD,D
14:34:20,ICBP,RG,8850,8,D,CC,BK,F
14:34:15,ICBP,RG,8825,13,F,DX,RX,D
14:34:09,ICBP,RG,8825,43,F,DX,CC,D
14:34:09,ICBP,RG,8825,57,F,DX,CC,D
14:34:03,ICBP,RG,8825,1,F,DX,RX,D
14:33:54,ICBP,RG,8825,43,F,DX,DR,D
14:33:53,ICBP,RG,8825,1,F,DX,RX,F
14:33:51,ICBP,RG,8825,2,F,DX,RX,D
14:33:49,ICBP,RG,8825,4,F,DX,RX,F
14:33:46,ICBP,RG,8825,9,F,DX,RX,D
14:33:46,ICBP,RG,8825,10,F,DX,YP,D
14:33:44,ICBP,RG,8825,38,F,DX,RX,F
14:33:30,ICBP,RG,8825,2,F,DX,AK,F
14:33:29,ICBP,RG,8825,83,F,DX,EP,D
14:33:29,ICBP,RG,8825,17,F,DX,EP,D
14:33:29,ICBP,RG,8825,7,F,DX,RX,D
14:33:25,ICBP,RG,8825,12,F,DX,YP,F
14:33:23,ICBP,RG,8825,1,F,DX,RX,D
14:33:20,ICBP,RG,8850,10,D,CC,BK,F
14:33:18,ICBP,RG,8825,2,F,DX,RX,D
14:33:15,ICBP,RG,8825,2,F,DX,RX,D
14:33:15,ICBP,RG,8825,38,F,DX,RX,D
14:33:07,ICBP,RG,8825,104,F,DX,RX,F
14:33:07,ICBP,RG,8825,37,D,CC,RX,F
14:33:05,ICBP,RG,8825,3,D,CC,RX,D
14:33:04,ICBP,RG,8825,1,D,CC,RX,D
14:33:04,ICBP,RG,8825,2,D,CC,CC,D
14:32:49,ICBP,RG,8850,1,D,XC,BK,F
14:32:44,ICBP,RG,8825,4,D,CC,RX,F
14:32:44,ICBP,RG,8825,1,D,NI,RX,F
14:32:44,ICBP,RG,8825,1,D,CG,RX,F
14:32:44,ICBP,RG,8825,1,F,ZP,RX,F
14:32:40,ICBP,RG,8850,1,D,CC,BK,F
14:32:37,ICBP,RG,8850,154,F,IF,BK,F
14:32:37,ICBP,RG,8850,524,F,IF,BK,F
14:32:37,ICBP,RG,8850,22,F,IF,ZP,F
14:32:37,ICBP,RG,8825,18,F,ZP,BK,F
14:32:37,ICBP,RG,8825,10,D,NI,BK,F
14:32:33,ICBP,RG,8825,2,D,NI,RX,F
14:32:24,ICBP,RG,8825,8,D,NI,BK,F
14:32:18,ICBP,RG,8850,8,D,CC,ZP,F
14:32:18,ICBP,RG,8850,2,D,CC,YU,F
14:32:14,ICBP,RG,8850,4,D,XC,YU,F
14:32:14,ICBP,RG,8825,13,D,NI,RX,F
14:32:11,ICBP,RG,8825,2,D,NI,AK,F
14:32:10,ICBP,RG,8825,50,D,NI,BK,F
14:32:09,ICBP,RG,8825,15,D,NI,RX,F
14:32:09,ICBP,RG,8825,1,D,YP,RX,F
14:32:06,ICBP,RG,8825,9,D,YP,ZP,F
14:32:06,ICBP,RG,8825,10,D,NI,ZP,F
14:32:06,ICBP,RG,8825,20,D,KZ,ZP,F
14:32:05,ICBP,RG,8825,24,D,KZ,ZP,F
14:32:02,ICBP,RG,8850,8,D,YU,YU,F
14:32:02,ICBP,RG,8850,12,D,YU,YU,F
14:32:02,ICBP,RG,8850,51,D,YU,CC,F
14:32:02,ICBP,RG,8825,6,D,KZ,RX,F
14:31:58,ICBP,RG,8825,21,D,KZ,BK,F
14:31:58,ICBP,RG,8825,3,D,KZ,RX,F
14:31:58,ICBP,RG,8825,2,D,KZ,RX,D
14:31:56,ICBP,RG,8825,15,D,KZ,RX,D
14:31:54,ICBP,RG,8825,10,D,KZ,RX,F
14:31:49,ICBP,RG,8825,38,D,KZ,BK,F
14:31:46,ICBP,RG,8825,2,D,KZ,RX,F
14:31:46,ICBP,RG,8825,3,D,YU,RX,F
14:31:46,ICBP,RG,8825,2,D,XC,RX,F
14:31:46,ICBP,RG,8825,2,D,KK,RX,F
14:31:46,ICBP,RG,8825,1,D,EP,RX,F
14:31:46,ICBP,RG,8825,15,F,DX,RX,F
14:31:45,ICBP,RG,8825,61,F,DX,CC,D
14:31:45,ICBP,RG,8825,39,D,PD,CC,D
14:31:41,ICBP,RG,8825,2,D,PD,PD,D
14:31:37,ICBP,RG,8825,1,D,PD,RX,F
14:31:33,ICBP,RG,8825,2,D,PD,RX,F
14:31:33,ICBP,RG,8825,1,D,PD,RX,D
14:31:24,ICBP,RG,8825,8,D,PD,RX,D
14:31:21,ICBP,RG,8825,19,D,PD,RX,F
14:31:20,ICBP,RG,8850,8,D,CC,CC,F
14:31:18,ICBP,RG,8825,56,D,PD,BK,F
14:31:16,ICBP,RG,8825,20,D,PD,YP,D
14:31:14,ICBP,RG,8825,1,D,PD,RX,D
14:31:13,ICBP,RG,8825,2,D,PD,RX,F
14:31:10,ICBP,RG,8825,2,D,PD,RX,D
14:31:09,ICBP,RG,8825,8,D,PD,RX,D
14:30:58,ICBP,RG,8825,2,D,PD,RX,F
14:30:56,ICBP,RG,8825,11,D,PD,RX,F
14:30:56,ICBP,RG,8825,5,D,PD,XC,D
14:30:55,ICBP,RG,8825,9,D,PD,RX,F
14:30:54,ICBP,RG,8825,42,D,PD,BK,F
14:30:54,ICBP,RG,8825,2,D,PD,RX,F
14:30:54,ICBP,RG,8825,2,D,PD,LG,D
14:30:53,ICBP,RG,8825,37,D,PD,BK,F
14:30:53,ICBP,RG,8825,27,D,PD,RX,F
14:30:52,ICBP,RG,8825,7,D,PD,RX,D
14:30:50,ICBP,RG,8825,10,D,PD,DH,D
14:30:50,ICBP,RG,8825,100,D,PD,DH,D
14:30:46,ICBP,RG,8825,2,D,PD,RX,F
14:30:43,ICBP,RG,8825,13,D,PD,RX,F
14:30:43,ICBP,RG,8825,7,D,PD,BK,F
14:30:38,ICBP,RG,8825,9,D,PD,RX,D
14:30:35,ICBP,RG,8825,2,D,PD,RX,D
14:30:33,ICBP,RG,8825,2,D,PD,BK,F
14:30:33,ICBP,RG,8825,13,D,NI,BK,F
14:30:33,ICBP,RG,8825,27,F,DX,BK,F
14:30:30,ICBP,RG,8825,1,D,EP,RX,D
14:30:22,ICBP,RG,8850,11,D,CC,CC,F
14:30:22,ICBP,RG,8825,2,D,EP,RX,F
14:30:19,ICBP,RG,8825,8,D,EP,RX,D
14:30:15,ICBP,RG,8825,3,D,EP,RX,F
14:30:14,ICBP,RG,8825,7,D,EP,RX,F
14:30:12,ICBP,RG,8825,4,D,EP,RX,F
14:30:12,ICBP,RG,8825,3,D,YP,RX,F
14:30:12,ICBP,RG,8825,2,D,LG,RX,F
14:30:11,ICBP,RG,8825,22,D,LG,BK,F
14:30:11,ICBP,RG,8825,15,D,LG,GR,D
14:30:11,ICBP,RG,8825,1,D,LG,RX,F
14:30:09,ICBP,RG,8825,10,D,LG,BK,F
14:30:09,ICBP,RG,8825,15,D,XA,BK,F
14:30:09,ICBP,RG,8825,1,D,PD,BK,F
14:30:09,ICBP,RG,8825,2,D,XA,BK,F
14:30:09,ICBP,RG,8825,6,D,YP,BK,F
14:30:09,ICBP,RG,8825,4,D,DH,BK,F
14:30:09,ICBP,RG,8825,1,D,KZ,BK,F
14:30:08,ICBP,RG,8825,1,D,KZ,YB,D
14:30:08,ICBP,RG,8825,2,D,KZ,RX,F
14:30:06,ICBP,RG,8825,2,D,KZ,RX,D
14:30:05,ICBP,RG,8825,7,D,KZ,RX,F
14:30:03,ICBP,RG,8825,4,D,KZ,RX,D
14:30:03,ICBP,RG,8825,4,D,LG,RX,D
14:30:02,ICBP,RG,8825,1,D,XC,YU,F
14:30:02,ICBP,RG,8825,27,D,KZ,YU,F
14:30:00,ICBP,RG,8825,1,D,KZ,RX,F
14:29:52,ICBP,RG,8825,1,D,KZ,RX,D
14:29:51,ICBP,RG,8825,1,D,KZ,PD,D
14:29:45,ICBP,RG,8825,2,D,KZ,RX,F
14:29:43,ICBP,RG,8825,8,D,KZ,RX,D
14:29:42,ICBP,RG,8825,15,D,KZ,RX,F
14:29:36,ICBP,RG,8825,61,D,KZ,BK,F
14:29:32,ICBP,RG,8825,1,D,KZ,RX,D
14:29:24,ICBP,RG,8825,2,D,KZ,RX,F
14:29:22,ICBP,RG,8850,7,D,CC,CC,F
14:29:22,ICBP,RG,8825,9,D,KZ,RX,D
14:29:20,ICBP,RG,8825,1,D,PD,RX,F
14:29:20,ICBP,RG,8825,15,D,YP,RX,F
14:29:20,ICBP,RG,8825,3,D,CC,RX,F
14:29:20,ICBP,RG,8825,1,D,YP,RX,F
14:29:20,ICBP,RG,8825,1,D,XC,RX,F
14:29:20,ICBP,RG,8825,2,D,PD,RX,F
14:29:18,ICBP,RG,8825,1,D,PD,BK,F
14:29:18,ICBP,RG,8825,2,D,XC,BK,F
14:29:18,ICBP,RG,8825,1,D,PD,BK,F
14:29:18,ICBP,RG,8825,10,D,KK,BK,F
14:29:18,ICBP,RG,8825,4,D,PD,BK,F
14:29:18,ICBP,RG,8825,5,D,PD,BK,F
14:29:18,ICBP,RG,8825,3,D,PD,BK,F
14:29:14,ICBP,RG,8825,7,D,PD,ZP,F
14:29:14,ICBP,RG,8825,1,D,PD,ZP,F
14:29:14,ICBP,RG,8825,1,D,PD,ZP,F
14:29:14,ICBP,RG,8825,10,D,PD,ZP,F
14:29:14,ICBP,RG,8825,2,D,PD,ZP,F
14:29:14,ICBP,RG,8825,1,D,PD,ZP,F
14:29:14,ICBP,RG,8825,5,D,GR,ZP,F
14:29:14,ICBP,RG,8825,1,D,CP,ZP,F
14:29:14,ICBP,RG,8825,1,D,YP,ZP,F
14:29:14,ICBP,RG,8825,1,D,PD,ZP,F
14:29:14,ICBP,RG,8825,30,D,PD,ZP,F
14:29:11,ICBP,RG,8850,11,D,PD,CC,F
14:29:11,ICBP,RG,8825,1,D,PD,XC,D
14:29:10,ICBP,RG,8825,2,D,PD,RX,D
14:29:09,ICBP,RG,8825,1,D,PD,RX,F
14:29:07,ICBP,RG,8825,2,D,PD,CC,D
14:29:07,ICBP,RG,8825,3,D,NI,CC,D
14:29:07,ICBP,RG,8825,1,D,YP,CC,D
14:29:07,ICBP,RG,8825,1,D,XL,CC,D
14:29:04,ICBP,RG,8825,3,D,CC,RX,F
14:29:04,ICBP,RG,8825,1,D,YP,RX,F
14:29:04,ICBP,RG,8825,1,D,YP,RX,F
14:29:04,ICBP,RG,8825,5,D,YP,RX,F
14:29:02,ICBP,RG,8825,37,D,YP,BK,F
14:29:02,ICBP,RG,8825,2,D,YP,RX,F
14:29:00,ICBP,RG,8825,9,D,YP,RX,D
14:28:59,ICBP,RG,8825,2,D,YP,RX,F
14:28:55,ICBP,RG,8825,7,D,YP,BK,F
14:28:52,ICBP,RG,8825,15,D,YP,RX,F
14:28:48,ICBP,RG,8825,17,D,YP,BK,F
14:28:48,ICBP,RG,8825,24,F,DX,BK,F
14:28:48,ICBP,RG,8825,20,D,GR,BK,F
14:28:48,ICBP,RG,8825,1,D,XL,RX,F
14:28:48,ICBP,RG,8825,20,D,NI,RX,F
14:28:48,ICBP,RG,8825,1,D,PD,RX,F
14:28:48,ICBP,RG,8825,2,D,PD,RX,F
14:28:48,ICBP,RG,8825,1,D,PD,RX,F
14:28:48,ICBP,RG,8825,10,D,PD,RX,F
14:28:48,ICBP,RG,8825,5,D,YP,RX,F
14:28:48,ICBP,RG,8825,1,D,KK,RX,F
14:28:48,ICBP,RG,8825,6,D,PD,RX,F
14:28:48,ICBP,RG,8825,5,D,PD,RX,F
14:28:46,ICBP,RG,8825,1,D,YP,RX,D
14:28:45,ICBP,RG,8825,19,D,YP,SQ,D
14:28:45,ICBP,RG,8825,2,D,XC,SQ,D
14:28:45,ICBP,RG,8825,25,D,YP,SQ,D
14:28:45,ICBP,RG,8825,1,D,PD,SQ,D
14:28:45,ICBP,RG,8825,46,D,YP,SQ,D
14:28:45,ICBP,RG,8825,2,D,PD,SQ,D
14:28:45,ICBP,RG,8825,1,D,PD,SQ,D
14:28:45,ICBP,RG,8825,10,D,PD,SQ,D
14:28:45,ICBP,RG,8825,10,D,EP,SQ,D
14:28:45,ICBP,RG,8825,27,F,DX,SQ,D
14:28:45,ICBP,RG,8825,45,F,DX,SQ,D
14:28:45,ICBP,RG,8825,12,F,DX,SQ,D
14:28:42,ICBP,RG,8825,7,F,DX,XC,D
14:28:42,ICBP,RG,8825,3,F,DX,RX,F
14:28:38,ICBP,RG,8825,2,F,DX,RX,D
14:28:38,ICBP,RG,8825,9,F,DX,RX,D
14:28:33,ICBP,RG,8825,1,F,DX,RX,D
14:28:28,ICBP,RG,8825,5,F,DX,RX,F
14:28:26,ICBP,RG,8850,8,D,YP,CC,F
14:28:24,ICBP,RG,8850,9,D,CC,CC,F
14:28:23,ICBP,RG,8825,1,F,DX,BK,F
14:28:23,ICBP,RG,8825,20,F,DX,BK,F
14:28:17,ICBP,RG,8850,11,D,YP,CC,F
14:28:17,ICBP,RG,8825,3,F,DX,RX,F
14:28:16,ICBP,RG,8825,1,F,DX,RX,F
14:28:15,ICBP,RG,8825,13,F,DX,RX,D
14:28:14,ICBP,RG,8825,1,F,DX,NI,D
14:28:12,ICBP,RG,8825,16,F,DX,RX,F
14:28:09,ICBP,RG,8825,3,F,DX,BK,F
14:28:09,ICBP,RG,8825,5,D,TF,BK,F
14:28:09,ICBP,RG,8825,2,D,PD,BK,F
14:28:09,ICBP,RG,8825,1,D,LG,BK,F
14:28:09,ICBP,RG,8825,1,D,XC,BK,F
14:28:09,ICBP,RG,8825,55,F,DX,BK,F
14:27:48,ICBP,RG,8825,3,F,DX,RX,F
14:27:44,ICBP,RG,8825,10,F,DX,RX,F
14:27:43,ICBP,RG,8825,9,F,DX,RX,F
14:27:42,ICBP,RG,8825,7,F,DX,RX,F
14:27:41,ICBP,RG,8825,48,F,DX,BK,F
14:27:41,ICBP,RG,8825,1,F,DX,RX,F
14:27:40,ICBP,RG,8825,40,F,DX,RX,D
14:27:40,ICBP,RG,8825,25,F,DX,BK,F
14:27:39,ICBP,RG,8850,3,D,DX,CC,F
14:27:37,ICBP,RG,8825,2,F,DX,RX,D
14:27:36,ICBP,RG,8825,3,F,DX,RX,D
14:27:31,ICBP,RG,8825,1,F,DX,RX,D
14:27:26,ICBP,RG,8825,8,F,DX,RX,F
14:27:24,ICBP,RG,8825,2,F,DX,RX,D
14:27:23,ICBP,RG,8825,31,F,DX,BK,F
14:27:17,ICBP,RG,8825,1,F,DX,RX,F
14:27:15,ICBP,RG,8850,3,D,PD,CC,F
14:27:15,ICBP,RG,8825,4,F,DX,AK,F
14:27:13,ICBP,RG,8850,61,F,ZP,CC,F
14:27:12,ICBP,RG,8850,13,F,ZP,CC,F
14:27:12,ICBP,RG,8850,1,D,CG,CC,F
14:27:12,ICBP,RG,8850,9,D,CC,CC,F
14:27:12,ICBP,RG,8850,1,D,CG,CC,F
14:27:12,ICBP,RG,8850,22,F,DX,CC,F
14:27:12,ICBP,RG,8850,15,D,YP,CC,F
14:27:12,ICBP,RG,8850,3,D,CG,CC,F
14:27:12,ICBP,RG,8850,37,F,ZP,CC,F
14:27:12,ICBP,RG,8850,1,D,KK,CC,F
14:27:12,ICBP,RG,8850,1,D,CG,CC,F
14:27:12,ICBP,RG,8850,64,D,YU,CC,F
14:27:11,ICBP,RG,8875,2,D,SQ,BK,F
14:27:10,ICBP,RG,8850,1,D,YU,RX,F
14:27:07,ICBP,RG,8850,3,D,YU,AZ,D
14:27:06,ICBP,RG,8850,2,D,YU,RX,F
14:27:06,ICBP,RG,8850,1,D,CC,RX,F
14:27:06,ICBP,RG,8850,12,F,DX,RX,F
14:27:04,ICBP,RG,8850,16,F,DX,PC,D
14:27:04,ICBP,RG,8850,29,F,ZP,PC,D
14:27:04,ICBP,RG,8850,1,D,CG,PC,D
14:27:04,ICBP,RG,8850,14,F,ZP,PC,D
14:27:02,ICBP,RG,8850,1,F,ZP,RX,F
14:27:01,ICBP,RG,8850,8,F,ZP,RX,F
14:26:59,ICBP,RG,8850,4,F,ZP,PD,D
14:26:57,ICBP,RG,8850,7,F,ZP,BK,F
14:26:57,ICBP,RG,8850,1,D,CG,BK,F
14:26:57,ICBP,RG,8850,1,D,CG,RX,F
14:26:57,ICBP,RG,8850,11,F,ZP,RX,F
14:26:57,ICBP,RG,8850,23,F,ZP,BK,F
14:26:55,ICBP,RG,8850,1,D,CG,BK,F
14:26:55,ICBP,RG,8850,12,D,CC,BK,F
14:26:55,ICBP,RG,8850,36,F,DX,BK,F
14:26:53,ICBP,RG,8850,1,F,DX,CC,D
14:26:53,ICBP,RG,8850,1,F,ZP,CC,D
14:26:51,ICBP,RG,8850,10,F,ZP,RX,F
14:26:48,ICBP,RG,8850,40,F,ZP,KI,D
14:26:42,ICBP,RG,8850,7,F,ZP,RX,F
14:26:41,ICBP,RG,8850,31,F,ZP,RX,F
14:26:40,ICBP,RG,8850,12,F,ZP,YU,F
14:26:40,ICBP,RG,8850,14,D,YU,YU,F
14:26:36,ICBP,RG,8850,5,D,YU,XC,D
14:26:35,ICBP,RG,8850,3,D,YU,PD,D
14:26:35,ICBP,RG,8850,43,D,YU,GR,D
14:26:35,ICBP,RG,8850,8,D,XC,GR,D
14:26:35,ICBP,RG,8850,1,D,CG,GR,D
14:26:35,ICBP,RG,8850,2,D,CG,GR,D
14:26:35,ICBP,RG,8850,3,D,XC,GR,D
14:26:35,ICBP,RG,8850,1,D,CG,GR,D
14:26:35,ICBP,RG,8850,47,F,DX,GR,D
14:26:32,ICBP,RG,8850,1,F,DX,NI,D
14:26:31,ICBP,RG,8850,5,F,DX,PD,D
14:26:30,ICBP,RG,8850,4,F,DX,KK,D
14:26:28,ICBP,RG,8875,9,D,CC,BK,F
14:26:25,ICBP,RG,8850,12,F,DX,RX,F
14:26:21,ICBP,RG,8850,48,F,DX,BK,F
14:26:21,ICBP,RG,8850,6,F,DX,RX,F
14:26:15,ICBP,RG,8850,6,F,DX,YP,F
14:26:12,ICBP,RG,8850,18,F,DX,CC,D
14:26:09,ICBP,RG,8850,27,F,DX,RX,F
14:26:05,ICBP,RG,8850,5,F,DX,YP,D
14:26:05,ICBP,RG,8850,45,D,KZ,YP,D
14:26:05,ICBP,RG,8850,29,D,KZ,BK,F
14:26:04,ICBP,RG,8850,30,D,KZ,OD,D
14:26:00,ICBP,RG,8850,2,D,KZ,RX,F
14:25:59,ICBP,RG,8850,3,D,KZ,RX,F
14:25:58,ICBP,RG,8850,10,D,KZ,RX,D
14:25:58,ICBP,RG,8850,12,D,KZ,RX,F
14:25:58,ICBP,RG,8850,10,D,KZ,YP,D
14:25:57,ICBP,RG,8850,2,D,KZ,AK,F
14:25:56,ICBP,RG,8850,44,D,KZ,BK,F
14:25:55,ICBP,RG,8850,2,D,KZ,ZP,F
14:25:44,ICBP,RG,8850,1,D,KZ,RX,D
14:25:44,ICBP,RG,8850,8,D,KZ,RX,F
14:25:43,ICBP,RG,8850,7,D,KZ,RX,F
14:25:42,ICBP,RG,8850,30,D,KZ,PD,D
14:25:41,ICBP,RG,8850,30,D,KZ,OD,D
14:25:37,ICBP,RG,8850,1,D,KZ,RX,F
14:25:36,ICBP,RG,8850,2,D,KZ,RX,F
14:25:35,ICBP,RG,8850,5,D,KZ,RX,F
14:25:34,ICBP,RG,8850,10,D,KZ,RX,D
14:25:34,ICBP,RG,8850,19,D,KZ,RX,F
14:25:32,ICBP,RG,8850,22,D,KZ,NI,D
14:25:30,ICBP,RG,8850,1,D,KZ,RX,F
14:25:30,ICBP,RG,8875,9,D,CC,BK,F
14:25:30,ICBP,RG,8850,1,D,KZ,KK,D
14:25:30,ICBP,RG,8850,40,D,KZ,CC,D
14:25:29,ICBP,RG,8850,35,D,KZ,BK,F
14:25:27,ICBP,RG,8850,2,D,KZ,RX,D
14:25:21,ICBP,RG,8850,1,D,KZ,RX,D
14:25:20,ICBP,RG,8850,16,D,KZ,RX,F
14:25:17,ICBP,RG,8850,1,D,KZ,RX,D
14:25:16,ICBP,RG,8850,1,D,KZ,PD,D
14:25:16,ICBP,RG,8850,40,D,KZ,PD,D
14:25:15,ICBP,RG,8850,24,D,KZ,BK,F
14:25:13,ICBP,RG,8850,8,D,KZ,RX,F
14:25:11,ICBP,RG,8850,5,D,KZ,RX,F
14:25:11,ICBP,RG,8850,32,D,KZ,EP,D
14:25:10,ICBP,RG,8850,22,D,KZ,RX,F
14:25:09,ICBP,RG,8850,17,D,KZ,RX,D
14:25:03,ICBP,RG,8850,2,D,KZ,RX,D
14:25:01,ICBP,RG,8850,20,D,KZ,YP,D
14:24:53,ICBP,RG,8850,25,D,KZ,BK,F
14:24:53,ICBP,RG,8850,10,D,YP,BK,F
14:24:53,ICBP,RG,8850,1,D,CG,BK,F
14:24:53,ICBP,RG,8850,21,F,ZP,BK,F
14:24:46,ICBP,RG,8850,8,F,ZP,BK,F
14:24:45,ICBP,RG,8850,2,F,ZP,AK,F
14:24:40,ICBP,RG,8850,1,F,ZP,YP,D
14:24:39,ICBP,RG,8875,10,D,YP,BK,F
14:24:30,ICBP,RG,8875,9,D,CC,BK,F
14:24:26,ICBP,RG,8850,6,F,ZP,RX,F
14:24:24,ICBP,RG,8850,2,F,ZP,BK,F
14:24:24,ICBP,RG,8850,22,F,DX,BK,F
14:24:23,ICBP,RG,8850,2,F,DX,RX,F
14:24:19,ICBP,RG,8850,9,F,DX,RX,D
14:24:19,ICBP,RG,8850,3,F,DX,RX,F
14:24:19,ICBP,RG,8850,11,D,ZP,RX,F
14:24:18,ICBP,RG,8850,19,D,ZP,BK,F
14:24:18,ICBP,RG,8850,17,D,CC,BK,F
14:24:17,ICBP,RG,8850,18,D,CC,CC,D
14:24:12,ICBP,RG,8875,1,D,CC,BK,F
14:24:01,ICBP,RG,8850,1,D,CC,RX,D
14:23:59,ICBP,RG,8850,3,D,CC,RX,F
14:23:59,ICBP,RG,8850,1,D,YU,RX,F
14:23:55,ICBP,RG,8850,14,D,YU,RX,D
14:23:49,ICBP,RG,8850,58,D,YU,RX,F
14:23:49,ICBP,RG,8850,1,D,CG,RX,F
14:23:49,ICBP,RG,8850,5,D,PD,RX,F
14:23:49,ICBP,RG,8850,18,F,DX,RX,F
14:23:46,ICBP,RG,8850,81,F,DX,IF,D
14:23:46,ICBP,RG,8850,65,F,ZP,IF,D
14:23:46,ICBP,RG,8850,181,F,DX,IF,D
14:23:42,ICBP,RG,8850,2,F,DX,RX,D
14:23:33,ICBP,RG,8850,2,F,DX,RX,F
14:23:30,ICBP,RG,8875,10,D,CC,BK,F
14:23:30,ICBP,RG,8850,5,F,DX,CC,D
14:23:30,ICBP,RG,8850,2,F,DX,AK,F
14:23:29,ICBP,RG,8850,15,F,DX,RX,F
14:23:27,ICBP,RG,8850,63,F,DX,BK,F
14:23:24,ICBP,RG,8850,7,F,DX,RX,F
14:23:21,ICBP,RG,8850,2,F,DX,RX,D
14:23:20,ICBP,RG,8850,21,F,DX,YU,F
14:23:20,ICBP,RG,8850,4,F,DX,YU,F
14:23:17,ICBP,RG,8850,11,F,DX,RX,F
14:23:14,ICBP,RG,8850,12,F,DX,RX,D
14:23:14,ICBP,RG,8850,1,F,ZP,RX,D
14:23:12,ICBP,RG,8850,29,F,ZP,BK,F
14:23:12,ICBP,RG,8850,2,F,ZP,BK,F
14:23:07,ICBP,RG,8850,1,F,ZP,CC,D
14:23:06,ICBP,RG,8850,2,F,ZP,RX,F
14:23:01,ICBP,RG,8850,1,F,ZP,GR,D
14:23:00,ICBP,RG,8850,4,F,ZP,PD,D
14:22:58,ICBP,RG,8850,1,F,ZP,RX,D
14:22:58,ICBP,RG,8850,22,F,ZP,RX,F
14:22:56,ICBP,RG,8850,50,F,ZP,YP,D
14:22:55,ICBP,RG,8850,4,F,ZP,ZP,F
14:22:53,ICBP,RG,8850,34,F,ZP,ZP,F
14:22:41,ICBP,RG,8850,7,F,ZP,RX,F
14:22:39,ICBP,RG,8850,1,D,CG,RX,F
14:22:39,ICBP,RG,8850,5,D,CG,RX,F
14:22:39,ICBP,RG,8850,1,D,KK,RX,F
14:22:39,ICBP,RG,8850,2,F,DX,RX,F
14:22:38,ICBP,RG,8850,30,F,DX,YP,D
14:22:36,ICBP,RG,8850,8,F,DX,RX,D
14:22:32,ICBP,RG,8875,9,D,CC,BK,F
14:22:31,ICBP,RG,8850,9,F,DX,CC,D
14:22:31,ICBP,RG,8850,16,D,NI,CC,D
14:22:30,ICBP,RG,8850,1,D,NI,PD,D
14:22:27,ICBP,RG,8850,24,D,NI,RX,F
14:22:25,ICBP,RG,8850,8,D,NI,BK,F
14:22:23,ICBP,RG,8850,1,D,NI,RX,D
14:22:23,ICBP,RG,8850,67,D,NI,BK,F
14:22:19,ICBP,RG,8850,20,D,NI,BK,F
14:22:15,ICBP,RG,8850,2,D,NI,RX,F
14:22:13,ICBP,RG,8850,7,D,NI,RX,D
14:21:58,ICBP,RG,8850,12,D,NI,RX,F
14:21:52,ICBP,RG,8850,7,D,NI,RX,D
14:21:51,ICBP,RG,8850,35,D,NI,BK,F
14:21:51,ICBP,RG,8850,1,D,CG,BK,F
14:21:51,ICBP,RG,8850,4,F,DX,BK,F
14:21:46,ICBP,RG,8850,1,F,DX,RX,F
14:21:45,ICBP,RG,8850,2,F,DX,AK,F
14:21:44,ICBP,RG,8850,1,F,DX,RX,D
14:21:43,ICBP,RG,8850,2,F,DX,RX,D
14:21:37,ICBP,RG,8850,2,F,DX,RX,D
14:21:37,ICBP,RG,8850,2,F,DX,RX,F
14:21:34,ICBP,RG,8850,7,F,DX,RX,D
14:21:33,ICBP,RG,8850,12,F,DX,RX,F
14:21:32,ICBP,RG,8875,9,D,CC,BK,F
14:21:31,ICBP,RG,8850,6,F,DX,YP,D
14:21:31,ICBP,RG,8850,2,D,YP,YP,D
14:21:31,ICBP,RG,8850,39,D,YU,YP,D
14:21:28,ICBP,RG,8850,2,D,YU,RX,F
14:21:25,ICBP,RG,8875,3,D,PD,BK,F
14:21:25,ICBP,RG,8850,11,D,YU,CC,D
14:21:18,ICBP,RG,8850,3,D,YU,RX,F
14:21:12,ICBP,RG,8850,9,D,YU,RX,D
14:21:08,ICBP,RG,8850,10,D,YU,RX,F
14:21:06,ICBP,RG,8850,5,D,YU,BK,F
14:21:06,ICBP,RG,8850,5,D,YP,BK,F
14:21:06,ICBP,RG,8850,8,D,YP,BK,F
14:21:06,ICBP,RG,8850,1,D,CG,BK,F
14:21:06,ICBP,RG,8850,1,D,CG,BK,F
14:21:06,ICBP,RG,8850,1,D,CG,BK,F
14:21:06,ICBP,RG,8850,22,F,DX,BK,F
14:20:58,ICBP,RG,8850,6,F,DX,RX,F
14:20:58,ICBP,RG,8850,2,F,ZP,RX,F
14:20:55,ICBP,RG,8850,27,F,ZP,BK,F
14:20:55,ICBP,RG,8850,4,D,OD,BK,F
14:20:54,ICBP,RG,8850,1,D,OD,RX,D
14:20:51,ICBP,RG,8875,6,D,LG,BK,F
14:20:50,ICBP,RG,8850,2,D,OD,RX,F
14:20:50,ICBP,RG,8850,1,D,YU,RX,F
14:20:47,ICBP,RG,8850,12,D,YU,RX,D
14:20:46,ICBP,RG,8850,1,D,YU,RX,F
14:20:41,ICBP,RG,8850,2,D,YU,XC,D
14:20:34,ICBP,RG,8850,1,D,YU,NI,D
14:20:32,ICBP,RG,8875,9,D,CC,BK,F
14:20:30,ICBP,RG,8850,1,D,YU,RX,F
14:20:28,ICBP,RG,8850,8,D,YU,RX,F
14:20:27,ICBP,RG,8850,4,D,YU,RX,D
14:20:27,ICBP,RG,8850,7,D,YU,RX,F
14:20:25,ICBP,RG,8850,31,D,YU,BK,F
14:20:20,ICBP,RG,8850,3,D,YU,RX,D
14:20:19,ICBP,RG,8850,11,D,YU,LG,D
14:20:19,ICBP,RG,8850,14,F,DX,LG,D
14:20:16,ICBP,RG,8850,26,F,DX,RX,F
14:20:15,ICBP,RG,8850,2,F,DX,RX,D
14:20:12,ICBP,RG,8850,7,F,DX,RX,D
14:20:12,ICBP,RG,8850,1,D,CG,RX,D
14:20:12,ICBP,RG,8850,20,F,ZP,RX,D
14:20:12,ICBP,RG,8850,5,D,GR,RX,D
14:20:12,ICBP,RG,8850,1,D,CG,RX,D
14:20:12,ICBP,RG,8850,5,D,MK,RX,D
14:20:12,ICBP,RG,8850,15,F,ZP,RX,D
14:20:12,ICBP,RG,8850,1,D,YP,RX,D
14:20:12,ICBP,RG,8850,20,F,ZP,RX,D
14:20:12,ICBP,RG,8850,2,F,ZP,RX,D
14:20:11,ICBP,RG,8850,26,F,ZP,MG,D
14:20:07,ICBP,RG,8850,8,F,ZP,RX,F
14:20:03,ICBP,RG,8875,3,F,ZP,BK,F
14:20:02,ICBP,RG,8850,29,F,ZP,YU,F
14:20:01,ICBP,RG,8875,1,F,ZP,BK,F
14:20:00,ICBP,RG,8850,2,F,ZP,AK,F
14:19:59,ICBP,RG,8875,2,F,ZP,BK,F
14:19:58,ICBP,RG,8875,1,D,CC,BK,F
14:19:57,ICBP,RG,8875,1,F,ZP,BK,F
14:19:57,ICBP,RG,8850,9,F,ZP,RX,F
14:19:57,ICBP,RG,8850,1,D,CG,RX,F
14:19:56,ICBP,RG,8875,6,F,ZP,BK,F
14:19:55,ICBP,RG,8875,1,F,ZP,BK,F
14:19:55,ICBP,RG,8875,7,D,YP,BK,F
14:19:54,ICBP,RG,8850,5,D,PD,ZP,F
14:19:54,ICBP,RG,8850,1,D,CG,ZP,F
14:19:54,ICBP,RG,8850,33,F,DX,ZP,F
14:19:47,ICBP,RG,8850,6,F,DX,RX,F
14:19:44,ICBP,RG,8875,3,F,ZP,BK,F
14:19:36,ICBP,RG,8875,1,F,ZP,BK,F
14:19:35,ICBP,RG,8850,17,F,DX,PD,D
14:19:34,ICBP,RG,8850,8,F,DX,BK,F
14:19:33,ICBP,RG,8875,3,F,ZP,BK,F
14:19:33,ICBP,RG,8875,1,F,ZP,BK,F
14:19:32,ICBP,RG,8875,10,D,CC,BK,F
14:19:32,ICBP,RG,8850,8,F,DX,RX,F
14:19:31,ICBP,RG,8875,4,F,ZP,BK,F
14:19:29,ICBP,RG,8875,1,F,ZP,BK,F
14:19:28,ICBP,RG,8850,31,F,DX,BK,F
14:19:27,ICBP,RG,8875,4,F,ZP,BK,F
14:19:22,ICBP,RG,8875,1,D,CC,BK,F
14:19:02,ICBP,RG,8875,10,F,ZP,BK,F
14:19:01,ICBP,RG,8850,17,F,DX,RX,F
14:18:56,ICBP,RG,8850,18,F,DX,DH,D
14:18:56,ICBP,RG,8850,1,D,YP,DH,D
14:18:56,ICBP,RG,8850,51,D,KZ,DH,D
14:18:56,ICBP,RG,8875,1,F,ZP,BK,F
14:18:55,ICBP,RG,8875,1,D,CC,BK,F
14:18:48,ICBP,RG,8875,1,F,ZP,BK,F
14:18:46,ICBP,RG,8850,5,D,KZ,RX,F
14:18:46,ICBP,RG,8875,3,F,ZP,BK,F
14:18:44,ICBP,RG,8875,3,F,ZP,BK,F
14:18:44,ICBP,RG,8850,21,D,KZ,CC,D
14:18:43,ICBP,RG,8875,2,F,ZP,BK,F
14:18:42,ICBP,RG,8850,23,D,KZ,RX,F
14:18:40,ICBP,RG,8875,13,F,ZP,BK,F
14:18:39,ICBP,RG,8875,3,F,ZP,BK,F
14:18:38,ICBP,RG,8850,91,D,KZ,XA,D
14:18:36,ICBP,RG,8875,2,F,ZP,BK,F
14:18:34,ICBP,RG,8850,15,D,KZ,RX,F
14:18:34,ICBP,RG,8875,6,F,ZP,ZP,F
14:18:32,ICBP,RG,8875,9,D,CC,ZP,F
14:18:30,ICBP,RG,8850,41,D,KZ,BK,F
14:18:18,ICBP,RG,8875,3,F,ZP,ZP,F
14:18:16,ICBP,RG,8875,1,F,ZP,ZP,F
14:18:16,ICBP,RG,8850,20,D,KZ,LG,D
14:18:15,ICBP,RG,8850,1,D,KZ,RX,F
14:18:13,ICBP,RG,8875,1,F,ZP,ZP,F
14:18:12,ICBP,RG,8850,5,D,KZ,RX,F
14:18:11,ICBP,RG,8875,1,F,ZP,ZP,F
14:18:10,ICBP,RG,8850,4,D,KZ,RX,D
14:18:09,ICBP,RG,8875,3,F,ZP,RX,F
14:18:08,ICBP,RG,8875,1,F,ZP,RX,F
14:18:07,ICBP,RG,8850,27,D,KZ,BK,F
14:17:57,ICBP,RG,8875,5,F,ZP,RX,F
14:17:55,ICBP,RG,8875,1,F,ZP,RX,F
14:17:55,ICBP,RG,8850,32,D,KZ,BK,F
14:17:54,ICBP,RG,8850,1,D,KZ,YB,D
14:17:46,ICBP,RG,8875,4,F,ZP,RX,F
14:17:42,ICBP,RG,8875,1,F,ZP,RX,F
14:17:40,ICBP,RG,8850,31,D,KZ,BK,F
14:17:39,ICBP,RG,8875,1,F,ZP,RX,F
14:17:38,ICBP,RG,8850,5,D,KZ,CC,D
14:17:37,ICBP,RG,8875,1,F,ZP,RX,F
14:17:34,ICBP,RG,8875,9,D,CC,RX,F
14:17:25,ICBP,RG,8875,4,F,ZP,RX,F
14:17:24,ICBP,RG,8875,2,F,ZP,RX,F
14:17:21,ICBP,RG,8850,26,D,KZ,BK,F
14:17:18,ICBP,RG,8850,15,D,KZ,YP,D
14:17:11,ICBP,RG,8875,1,F,ZP,RX,F
14:17:07,ICBP,RG,8875,3,F,ZP,RX,F
14:17:06,ICBP,RG,8875,1,F,ZP,RX,F
14:16:52,ICBP,RG,8850,25,D,KZ,BK,F
14:16:45,ICBP,RG,8875,1,F,ZP,RX,F
14:16:44,ICBP,RG,8850,1,D,KZ,ZP,F
14:16:35,ICBP,RG,8875,1,F,ZP,RX,F
14:16:34,ICBP,RG,8875,10,F,ZP,RX,F
14:16:34,ICBP,RG,8875,8,D,CC,RX,F
14:16:30,ICBP,RG,8875,1,F,ZP,RX,F
14:16:29,ICBP,RG,8850,69,D,KZ,BK,F
14:16:18,ICBP,RG,8875,3,F,ZP,RX,F
14:16:16,ICBP,RG,8875,1,F,ZP,RX,F
14:16:15,ICBP,RG,8850,22,D,KZ,RX,F
14:16:12,ICBP,RG,8875,4,F,ZP,BB,D
14:16:10,ICBP,RG,8875,1,F,ZP,BB,D
14:16:08,ICBP,RG,8850,30,D,KZ,BK,F
14:16:03,ICBP,RG,8850,5,D,KZ,XC,D
14:16:01,ICBP,RG,8875,1,F,ZP,BB,D
14:16:00,ICBP,RG,8875,1,F,ZP,BB,D
14:16:00,ICBP,RG,8850,2,D,KZ,AK,F
14:15:59,ICBP,RG,8850,1,D,KZ,RX,D
14:15:50,ICBP,RG,8850,10,D,KZ,DH,D
14:15:47,ICBP,RG,8875,1,F,ZP,BB,D
14:15:44,ICBP,RG,8850,7,D,KZ,RX,D
14:15:42,ICBP,RG,8850,37,D,KZ,BK,F
14:15:35,ICBP,RG,8850,3,D,KZ,RX,F
14:15:34,ICBP,RG,8850,7,D,KZ,RX,F
14:15:33,ICBP,RG,8850,25,D,KZ,RX,F
14:15:32,ICBP,RG,8875,11,D,CC,BB,D
14:15:31,ICBP,RG,8850,35,D,KZ,BK,F
14:15:30,ICBP,RG,8850,8,D,KZ,BK,F
14:15:20,ICBP,RG,8850,11,D,KZ,BK,F
14:15:20,ICBP,RG,8850,1,D,CG,BK,F
14:15:20,ICBP,RG,8850,1,D,AZ,BK,F
14:15:20,ICBP,RG,8850,24,D,YU,BK,F
14:15:19,ICBP,RG,8850,7,D,YU,RX,D
14:15:18,ICBP,RG,8850,30,D,YU,OD,D
14:15:07,ICBP,RG,8850,1,D,YU,RX,D
14:15:01,ICBP,RG,8850,5,D,YU,YU,F
14:15:01,ICBP,RG,8850,19,D,NI,YU,F
14:15:00,ICBP,RG,8850,1,D,NI,NI,D
14:15:00,ICBP,RG,8850,1,D,CG,NI,D
14:15:00,ICBP,RG,8850,3,D,PD,NI,D
14:14:57,ICBP,RG,8850,2,D,PD,RX,F
14:14:56,ICBP,RG,8850,1,D,CG,XC,D
14:14:56,ICBP,RG,8850,10,F,ZP,RX,F
14:14:55,ICBP,RG,8850,3,F,ZP,RX,F
14:14:55,ICBP,RG,8850,17,F,DX,RX,F
14:14:54,ICBP,RG,8850,8,F,DX,RX,D
14:14:54,ICBP,RG,8850,13,F,DX,BK,F
14:14:54,ICBP,RG,8850,4,D,PD,BK,F
14:14:54,ICBP,RG,8850,13,F,ZP,BK,F
14:14:54,ICBP,RG,8850,1,D,CC,BK,F
14:14:54,ICBP,RG,8850,14,F,ZP,BK,F
14:14:52,ICBP,RG,8850,1,D,CG,MG,D
14:14:52,ICBP,RG,8850,10,D,PD,MG,D
14:14:52,ICBP,RG,8850,1,D,CG,MG,D
14:14:52,ICBP,RG,8850,11,F,ZP,MG,D
14:14:48,ICBP,RG,8850,5,F,ZP,GR,D
14:14:47,ICBP,RG,8875,6,D,DR,BB,D
14:14:44,ICBP,RG,8850,2,D,NI,PD,D
14:14:44,ICBP,RG,8850,2,D,NI,GR,D
14:14:36,ICBP,RG,8850,2,D,NI,RX,D
14:14:32,ICBP,RG,8875,10,D,CC,BB,D
14:14:29,ICBP,RG,8850,4,D,NI,RX,D
14:14:29,ICBP,RG,8850,5,D,XC,RX,D
14:14:26,ICBP,RG,8850,15,D,XC,BK,F
14:14:26,ICBP,RG,8850,1,D,PD,BK,F
14:14:26,ICBP,RG,8850,16,D,CC,BK,F
14:14:19,ICBP,RG,8850,1,D,CC,GR,D
14:14:16,ICBP,RG,8850,3,D,CC,RX,F
14:14:16,ICBP,RG,8850,3,D,PD,RX,F
14:14:16,ICBP,RG,8850,5,D,PD,RX,F
14:14:16,ICBP,RG,8850,2,D,PD,RX,F
14:14:14,ICBP,RG,8850,3,D,PD,BK,F
14:14:14,ICBP,RG,8850,30,D,DX,BK,F
14:14:14,ICBP,RG,8850,10,D,PD,BK,F
14:14:14,ICBP,RG,8850,16,D,TF,BK,F
14:14:14,ICBP,RG,8850,14,D,TF,RX,F
14:14:14,ICBP,RG,8850,45,D,CC,RX,F
14:14:14,ICBP,RG,8850,1,D,CC,RX,D
14:14:11,ICBP,RG,8850,4,D,CC,RX,F
14:14:11,ICBP,RG,8850,1,D,CC,RX,F
14:14:11,ICBP,RG,8850,1,D,CC,RX,F
14:14:11,ICBP,RG,8850,1,D,GR,RX,F
14:14:10,ICBP,RG,8850,1,D,GR,OD,D
14:14:10,ICBP,RG,8850,3,D,PD,OD,D
14:14:10,ICBP,RG,8850,2,D,YP,OD,D
14:14:10,ICBP,RG,8850,6,D,PD,OD,D
14:14:10,ICBP,RG,8850,1,D,YP,OD,D
14:14:10,ICBP,RG,8850,2,D,XC,OD,D
14:14:10,ICBP,RG,8850,7,D,SQ,OD,D
14:14:10,ICBP,RG,8850,1,D,YP,OD,D
14:14:10,ICBP,RG,8850,1,D,PD,OD,D
14:14:10,ICBP,RG,8850,2,D,CC,OD,D
14:14:10,ICBP,RG,8850,2,D,XA,OD,D
14:14:10,ICBP,RG,8850,2,D,OD,OD,D
14:14:09,ICBP,RG,8850,3,D,OD,RX,F
14:14:07,ICBP,RG,8850,10,D,OD,XC,D
14:14:06,ICBP,RG,8850,2,D,OD,RX,D
14:14:02,ICBP,RG,8850,3,D,OD,RX,F
14:14:02,ICBP,RG,8850,1,D,KK,RX,F
14:14:02,ICBP,RG,8850,1,D,YP,RX,F
14:14:02,ICBP,RG,8850,2,D,CC,RX,F
14:14:00,ICBP,RG,8850,15,D,CC,BK,F
14:14:00,ICBP,RG,8850,2,D,CC,AK,F
14:13:59,ICBP,RG,8850,6,D,CC,RX,D
14:13:59,ICBP,RG,8850,1,D,YU,RX,D
14:13:59,ICBP,RG,8850,2,D,KZ,RX,D
14:13:58,ICBP,RG,8850,1,D,KZ,RX,F
14:13:55,ICBP,RG,8850,5,D,KZ,PD,D
14:13:54,ICBP,RG,8850,5,D,KZ,RX,F
14:13:44,ICBP,RG,8850,5,D,KZ,XA,D
14:13:44,ICBP,RG,8850,20,D,CC,XA,D
14:13:44,ICBP,RG,8850,3,D,XL,XA,D
14:13:44,ICBP,RG,8850,10,D,CC,XA,D
14:13:44,ICBP,RG,8850,2,D,PD,XA,D
14:13:44,ICBP,RG,8850,3,D,KK,XA,D
14:13:44,ICBP,RG,8850,56,D,AK,XA,D
14:13:44,ICBP,RG,8850,128,D,KZ,XA,D
14:13:44,ICBP,RG,8850,5,D,YP,XA,D
14:13:44,ICBP,RG,8850,20,D,PD,XA,D
14:13:44,ICBP,RG,8850,10,D,SQ,XA,D
14:13:44,ICBP,RG,8850,1,D,YP,XA,D
14:13:44,ICBP,RG,8850,1,D,PD,XA,D
14:13:44,ICBP,RG,8850,20,D,GR,XA,D
14:13:44,ICBP,RG,8850,16,D,YU,XA,D
14:13:39,ICBP,RG,8850,9,D,YU,RX,F
14:13:38,ICBP,RG,8850,5,D,YU,RX,F
14:13:38,ICBP,RG,8850,2,D,YP,RX,F
14:13:38,ICBP,RG,8850,1,D,PD,RX,F
14:13:38,ICBP,RG,8850,5,D,PD,RX,F
14:13:38,ICBP,RG,8850,1,D,XC,RX,F
14:13:38,ICBP,RG,8850,1,D,CC,RX,F
14:13:38,ICBP,RG,8850,5,D,XC,RX,F
14:13:36,ICBP,RG,8850,5,D,XC,ZP,F
14:13:36,ICBP,RG,8850,1,D,CC,ZP,F
14:13:36,ICBP,RG,8850,1,D,PD,ZP,F
14:13:36,ICBP,RG,8850,1,D,PD,ZP,F
14:13:36,ICBP,RG,8850,3,D,XC,ZP,F
14:13:36,ICBP,RG,8850,3,D,XC,ZP,F
14:13:36,ICBP,RG,8850,2,D,PD,ZP,F
14:13:36,ICBP,RG,8850,4,D,YP,ZP,F
14:13:36,ICBP,RG,8850,1,D,PD,ZP,F
14:13:36,ICBP,RG,8850,1,D,KK,ZP,F
14:13:36,ICBP,RG,8850,1,D,YP,ZP,F
14:13:36,ICBP,RG,8850,3,D,PD,ZP,F
14:13:36,ICBP,RG,8850,1,D,KK,ZP,F
14:13:36,ICBP,RG,8850,1,D,PD,ZP,F
14:13:36,ICBP,RG,8850,1,D,AT,ZP,F
14:13:36,ICBP,RG,8850,10,D,KK,ZP,F
14:13:36,ICBP,RG,8850,1,D,YB,ZP,F
14:13:36,ICBP,RG,8850,3,D,PD,ZP,F
14:13:35,ICBP,RG,8850,2,D,PD,ZP,F
14:13:35,ICBP,RG,8850,15,D,SQ,ZP,F
14:13:35,ICBP,RG,8850,5,D,NI,ZP,F
14:13:34,ICBP,RG,8850,3,D,NI,RX,F
14:13:33,ICBP,RG,8850,68,D,NI,BK,F
14:13:33,ICBP,RG,8850,72,D,NI,RX,F
14:13:32,ICBP,RG,8850,3,D,NI,RX,F
14:13:32,ICBP,RG,8850,5,D,NI,YP,D
14:13:30,ICBP,RG,8875,9,D,CC,BB,D
14:13:30,ICBP,RG,8850,7,D,NI,RX,D
14:13:28,ICBP,RG,8850,3,D,NI,CC,D
14:13:26,ICBP,RG,8850,1,D,NI,RX,D
14:13:23,ICBP,RG,8850,5,D,NI,RX,F
14:13:21,ICBP,RG,8850,128,D,NI,CC,F
14:13:21,ICBP,RG,8850,1,D,YP,CC,F
14:13:21,ICBP,RG,8850,1,D,YP,CC,F
14:13:21,ICBP,RG,8850,170,F,DX,CC,F
14:13:15,ICBP,RG,8850,33,F,DX,BK,F
14:13:11,ICBP,RG,8850,2,F,DX,YP,D
14:13:08,ICBP,RG,8850,9,F,DX,RX,D
14:13:08,ICBP,RG,8850,10,F,DX,PD,D
14:12:57,ICBP,RG,8850,1,F,DX,RX,F
14:12:56,ICBP,RG,8850,1,F,DX,RX,D
14:12:54,ICBP,RG,8850,2,F,DX,RX,F
14:12:53,ICBP,RG,8850,50,F,DX,RX,F
14:12:53,ICBP,RG,8850,10,F,DX,YP,D
14:12:48,ICBP,RG,8850,5,F,DX,PD,D
14:12:48,ICBP,RG,8850,7,F,DX,BK,F
14:12:48,ICBP,RG,8850,2,D,CC,BK,F
14:12:48,ICBP,RG,8850,2,D,DX,BK,F
14:12:48,ICBP,RG,8850,1,D,XC,BK,F
14:12:48,ICBP,RG,8850,3,D,NI,BK,F
14:12:48,ICBP,RG,8850,5,D,PD,BK,F
14:12:48,ICBP,RG,8850,11,D,EP,BK,F
14:12:48,ICBP,RG,8850,1,D,YP,BK,F
14:12:48,ICBP,RG,8850,1,D,DH,BK,F
14:12:48,ICBP,RG,8850,2,D,PD,BK,F
14:12:46,ICBP,RG,8875,6,D,XC,BB,D
14:12:43,ICBP,RG,8850,3,D,PD,BK,F
14:12:43,ICBP,RG,8850,1,D,CC,BK,F
14:12:43,ICBP,RG,8850,2,D,XC,BK,F
14:12:43,ICBP,RG,8850,43,F,DX,BK,F
14:12:42,ICBP,RG,8850,50,F,DX,YP,D
14:12:37,ICBP,RG,8850,16,F,DX,RX,D
14:12:29,ICBP,RG,8850,2,F,DX,RX,D
14:12:28,ICBP,RG,8875,10,D,CC,BB,D
14:12:28,ICBP,RG,8850,25,F,DX,YP,D
14:12:23,ICBP,RG,8850,31,F,DX,BK,F
14:12:20,ICBP,RG,8850,2,F,DX,RX,F
14:12:18,ICBP,RG,8850,8,F,DX,BK,F
14:12:17,ICBP,RG,8850,2,F,DX,RX,F
14:12:17,ICBP,RG,8850,1,D,ZP,RX,F
14:12:17,ICBP,RG,8850,29,F,DX,RX,F
14:12:08,ICBP,RG,8850,43,F,DX,LG,D
14:12:08,ICBP,RG,8850,1,D,IF,LG,D
14:12:08,ICBP,RG,8850,25,F,DX,LG,D
14:12:03,ICBP,RG,8850,1,F,DX,RX,D
14:12:01,ICBP,RG,8850,31,F,DX,BK,F
14:12:01,ICBP,RG,8850,1,F,DX,BK,F
14:12:01,ICBP,RG,8875,1,D,XC,BB,D
14:11:56,ICBP,RG,8850,24,F,DX,BK,F
14:11:52,ICBP,RG,8875,1,D,XC,BB,D
14:11:49,ICBP,RG,8850,1,F,DX,RX,D
14:11:46,ICBP,RG,8850,16,F,DX,RX,D
14:11:44,ICBP,RG,8850,2,F,DX,RX,D
14:11:42,ICBP,RG,8850,25,F,DX,RX,F
14:11:42,ICBP,RG,8850,11,D,XC,RX,F
14:11:42,ICBP,RG,8850,39,F,DX,RX,F
14:11:42,ICBP,RG,8850,10,D,YJ,RX,F
14:11:42,ICBP,RG,8850,1,D,PD,RX,F
14:11:42,ICBP,RG,8850,1,D,PD,RX,F
14:11:42,ICBP,RG,8850,1,D,PD,RX,F
14:11:42,ICBP,RG,8850,3,D,HP,RX,F
14:11:40,ICBP,RG,8850,2,D,HP,RX,F
14:11:39,ICBP,RG,8850,5,D,HP,CC,D
14:11:39,ICBP,RG,8850,2,D,PD,PD,D
14:11:38,ICBP,RG,8850,2,D,PD,PD,D
14:11:38,ICBP,RG,8850,1,D,XC,PD,D
14:11:37,ICBP,RG,8875,18,F,ZP,BB,D
14:11:37,ICBP,RG,8875,1,D,CG,BB,D
14:11:37,ICBP,RG,8875,14,F,ZP,BB,D
14:11:37,ICBP,RG,8875,50,D,CP,BB,D
14:11:37,ICBP,RG,8875,21,F,DX,BB,D
14:11:37,ICBP,RG,8875,5,D,OD,BB,D
14:11:37,ICBP,RG,8875,53,D,YU,BB,D
14:11:28,ICBP,RG,8875,10,D,YU,XC,D
14:11:23,ICBP,RG,8875,6,D,YU,KK,D
14:11:23,ICBP,RG,8875,19,F,ZP,KK,D
14:11:23,ICBP,RG,8875,4,F,ZP,YP,D
14:11:23,ICBP,RG,8875,1,D,CG,YP,D
14:11:23,ICBP,RG,8875,1,D,CG,PD,D
14:11:23,ICBP,RG,8875,4,D,CC,PD,D
14:11:22,ICBP,RG,8875,4,D,CC,AK,F
14:11:21,ICBP,RG,8875,2,D,CC,XC,D
14:11:21,ICBP,RG,8875,1,F,ZP,XC,D
14:11:21,ICBP,RG,8875,1,F,ZP,KK,D
14:11:20,ICBP,RG,8875,26,F,ZP,CC,D
14:11:20,ICBP,RG,8875,1,D,CG,CC,D
14:11:20,ICBP,RG,8875,32,D,GR,CC,D
14:11:20,ICBP,RG,8875,3,D,PD,CC,D
14:11:20,ICBP,RG,8875,2,D,EP,CC,D
14:11:20,ICBP,RG,8875,31,F,DX,CC,D
14:11:20,ICBP,RG,8875,5,D,CC,CC,D
14:11:20,ICBP,RG,8875,20,F,ZP,CC,D
14:11:17,ICBP,RG,8875,5,F,ZP,PD,D
14:11:15,ICBP,RG,8875,10,F,ZP,YP,D
14:11:12,ICBP,RG,8875,6,F,ZP,BK,F
14:11:12,ICBP,RG,8875,3,D,XC,BK,F
14:11:12,ICBP,RG,8875,1,D,CG,BK,F
14:11:12,ICBP,RG,8875,1,D,XC,BK,F
14:11:12,ICBP,RG,8875,54,D,YU,BK,F
14:11:11,ICBP,RG,8875,9,D,YU,RX,F
14:11:11,ICBP,RG,8875,1,D,CG,RX,F
14:11:11,ICBP,RG,8875,1,D,CG,RX,F
14:11:11,ICBP,RG,8875,45,F,ZP,RX,F
14:11:11,ICBP,RG,8875,20,D,YP,RX,F
14:11:11,ICBP,RG,8875,5,D,NI,RX,F
14:11:11,ICBP,RG,8875,1,D,CC,RX,F
14:11:11,ICBP,RG,8875,1,D,NI,RX,F
14:11:11,ICBP,RG,8875,51,F,DX,RX,F
14:11:11,ICBP,RG,8875,100,D,NI,RX,F
14:11:03,ICBP,RG,8875,5,D,NI,LG,D
14:11:02,ICBP,RG,8875,30,D,NI,OD,D
14:10:59,ICBP,RG,8875,4,D,NI,PD,D
14:10:55,ICBP,RG,8875,61,D,NI,YU,D
14:10:55,ICBP,RG,8875,59,F,ZP,YU,D
14:10:55,ICBP,RG,8875,27,F,DX,YU,D
14:10:55,ICBP,RG,8875,20,D,XA,YU,D
14:10:55,ICBP,RG,8875,1,D,CG,YU,D
14:10:55,ICBP,RG,8875,1,D,CG,YU,D
14:10:55,ICBP,RG,8875,1,D,EP,YU,D
14:10:55,ICBP,RG,8875,28,F,DX,YU,D
14:10:55,ICBP,RG,8875,1,D,CG,YU,D
14:10:55,ICBP,RG,8875,148,F,DX,YU,D
14:10:55,ICBP,RG,8875,53,D,KZ,YU,D
14:10:51,ICBP,RG,8875,9,D,KZ,RX,D
14:10:46,ICBP,RG,8875,2,D,KZ,RX,D
14:10:41,ICBP,RG,8875,61,D,KZ,BK,F
14:10:39,ICBP,RG,8875,520,D,KZ,CP,D
14:10:38,ICBP,RG,8875,32,D,KZ,BK,F
14:10:34,ICBP,RG,8875,26,D,KZ,RX,F
14:10:33,ICBP,RG,8875,29,D,KZ,ZP,F
14:10:33,ICBP,RG,8875,35,F,ZP,ZP,F
14:10:33,ICBP,RG,8875,44,F,ZP,BK,F
14:10:31,ICBP,RG,8875,3,F,ZP,RX,F
14:10:31,ICBP,RG,8875,10,F,ZP,CC,D
14:10:26,ICBP,RG,8875,5,F,ZP,YP,D
14:10:24,ICBP,RG,8900,9,D,CC,RX,F
14:10:23,ICBP,RG,8875,9,F,ZP,YP,D
14:10:22,ICBP,RG,8875,4,F,ZP,RX,D
14:10:22,ICBP,RG,8875,15,D,YU,RX,D
14:10:19,ICBP,RG,8875,5,D,YU,PD,D
14:10:14,ICBP,RG,8875,1,D,YU,RX,D
14:10:01,ICBP,RG,8875,28,D,YU,YU,F
14:09:30,ICBP,RG,8875,23,D,YU,BK,F
14:09:30,ICBP,RG,8875,3,D,PD,BK,F
14:09:30,ICBP,RG,8875,5,D,XC,BK,F
14:09:27,ICBP,RG,8875,4,D,XC,LG,D
14:09:27,ICBP,RG,8875,1,D,CG,LG,D
14:09:26,ICBP,RG,8900,10,D,CC,RX,F
14:09:21,ICBP,RG,8875,10,D,YP,RX,F
14:09:21,ICBP,RG,8875,2,D,CG,RX,F
14:09:21,ICBP,RG,8875,2,D,LG,RX,F
14:09:21,ICBP,RG,8875,1,D,DR,RX,F
14:09:21,ICBP,RG,8875,1,D,YP,RX,F
14:09:21,ICBP,RG,8875,1,D,PD,RX,F
14:09:21,ICBP,RG,8875,17,F,ZP,RX,F
14:09:09,ICBP,RG,8875,35,F,ZP,YP,D
14:09:08,ICBP,RG,8875,23,F,ZP,MG,D
14:09:02,ICBP,RG,8875,6,F,ZP,YP,D
14:08:59,ICBP,RG,8875,7,F,ZP,BK,F
14:08:59,ICBP,RG,8875,3,D,CG,BK,F
14:08:59,ICBP,RG,8875,5,D,CG,BK,F
14:08:59,ICBP,RG,8875,1,D,XC,BK,F
14:08:59,ICBP,RG,8875,22,D,OD,BK,F
14:08:55,ICBP,RG,8875,8,D,OD,BK,F
14:08:55,ICBP,RG,8875,1,D,XC,BK,F
14:08:55,ICBP,RG,8875,1,D,PD,BK,F
14:08:55,ICBP,RG,8875,1,D,PD,BK,F
14:08:55,ICBP,RG,8875,7,D,NI,BK,F
14:08:55,ICBP,RG,8875,1,D,CC,BK,F
14:08:55,ICBP,RG,8875,27,F,ZP,BK,F
14:08:52,ICBP,RG,8875,7,F,ZP,BK,F
14:08:37,ICBP,RG,8875,3,F,ZP,RX,F
14:08:24,ICBP,RG,8900,10,D,CC,RX,F
14:08:16,ICBP,RG,8875,53,F,ZP,BK,F
14:08:06,ICBP,RG,8875,3,F,ZP,CC,D
14:08:00,ICBP,RG,8875,33,F,ZP,RX,F
14:07:55,ICBP,RG,8875,10,F,ZP,GR,D
14:07:54,ICBP,RG,8875,3,F,ZP,BK,F
14:07:54,ICBP,RG,8875,21,D,AZ,BK,F
14:07:50,ICBP,RG,8875,36,D,AZ,CC,D
14:07:50,ICBP,RG,8875,2,F,DX,CC,D
14:07:49,ICBP,RG,8875,5,F,DX,CC,D
14:07:39,ICBP,RG,8875,20,F,DX,YP,D
14:07:33,ICBP,RG,8875,34,F,DX,BK,F
14:07:30,ICBP,RG,8875,40,F,DX,BK,F
14:07:28,ICBP,RG,8875,1,F,DX,YP,D
14:07:27,ICBP,RG,8875,2,F,DX,NI,D
14:07:26,ICBP,RG,8875,20,F,DX,DH,D
14:07:24,ICBP,RG,8900,9,D,CC,RX,F
14:07:20,ICBP,RG,8875,128,F,DX,RX,F
14:07:17,ICBP,RG,8875,7,F,DX,YP,D
14:07:09,ICBP,RG,8875,10,F,DX,CC,D
14:07:05,ICBP,RG,8875,7,F,DX,ZP,F
14:07:02,ICBP,RG,8875,10,F,DX,XC,D
14:06:56,ICBP,RG,8875,51,F,DX,YP,D
14:06:55,ICBP,RG,8875,134,F,DX,CC,F
14:06:55,ICBP,RG,8875,15,D,YP,CC,F
14:06:55,ICBP,RG,8875,5,D,CC,CC,F
14:06:55,ICBP,RG,8875,1,D,YP,CC,F
14:06:55,ICBP,RG,8875,2,D,CC,CC,F
14:06:55,ICBP,RG,8875,6,D,CG,CC,F
14:06:55,ICBP,RG,8875,1,D,XC,CC,F
14:06:55,ICBP,RG,8875,1,D,YP,CC,F
14:06:55,ICBP,RG,8875,17,D,PD,CC,F
14:06:55,ICBP,RG,8875,168,F,ZP,CC,F
14:06:48,ICBP,RG,8875,2,F,ZP,RX,D
14:06:47,ICBP,RG,8875,68,F,ZP,BK,F
14:06:46,ICBP,RG,8875,6,F,ZP,AK,F
14:06:45,ICBP,RG,8875,2,F,ZP,RX,D
14:06:42,ICBP,RG,8875,67,F,ZP,BK,F
14:06:41,ICBP,RG,8875,1,F,ZP,RX,D
14:06:38,ICBP,RG,8875,40,F,ZP,RX,F
14:06:38,ICBP,RG,8875,4,D,EP,RX,F
14:06:38,ICBP,RG,8875,7,D,KZ,RX,F
14:06:37,ICBP,RG,8875,200,D,KZ,XA,D
14:06:36,ICBP,RG,8875,34,D,KZ,RX,D
14:06:35,ICBP,RG,8875,261,D,KZ,RX,F
14:06:34,ICBP,RG,8875,3,D,KZ,RX,D
14:06:27,ICBP,RG,8875,68,D,KZ,BK,F
14:06:25,ICBP,RG,8875,1,D,KZ,KK,D
14:06:24,ICBP,RG,8900,8,D,CC,RX,F
14:06:22,ICBP,RG,8875,214,D,KZ,BK,F
14:06:20,ICBP,RG,8875,2,D,KZ,PD,D
14:06:20,ICBP,RG,8875,92,D,KZ,YP,D
14:06:20,ICBP,RG,8875,150,D,PD,YP,D
14:06:20,ICBP,RG,8875,10,D,XA,YP,D
14:06:20,ICBP,RG,8875,1,D,XC,YP,D
14:06:20,ICBP,RG,8875,10,D,SQ,YP,D
14:06:20,ICBP,RG,8875,35,D,CC,YP,D
14:06:20,ICBP,RG,8875,83,F,DX,YP,D
14:06:20,ICBP,RG,8875,200,D,NI,YP,D
14:06:20,ICBP,RG,8875,9,D,DH,YP,D
14:06:19,ICBP,RG,8875,1,D,DH,IF,D
14:06:19,ICBP,RG,8875,30,F,DX,IF,D
14:06:19,ICBP,RG,8875,20,D,GR,IF,D
14:06:19,ICBP,RG,8875,1,D,CG,IF,D
14:06:19,ICBP,RG,8875,1,D,KK,IF,D
14:06:19,ICBP,RG,8875,1,D,PD,IF,D
14:06:19,ICBP,RG,8875,1,D,XC,IF,D
14:06:19,ICBP,RG,8875,2,D,CG,IF,D
14:06:19,ICBP,RG,8875,4,D,CG,IF,D
14:06:19,ICBP,RG,8875,1,D,YP,IF,D
14:06:19,ICBP,RG,8875,4,D,CC,IF,D
14:06:19,ICBP,RG,8875,5,D,DH,IF,D
14:06:19,ICBP,RG,8875,108,F,DX,IF,D
14:06:19,ICBP,RG,8875,1,D,XC,IF,D
14:06:19,ICBP,RG,8875,25,D,XA,IF,D
14:06:19,ICBP,RG,8875,95,F,DX,IF,D
14:06:12,ICBP,RG,8875,29,F,DX,KK,D
14:06:11,ICBP,RG,8875,5,F,DX,LG,D
14:06:02,ICBP,RG,8875,16,F,DX,RX,D
14:06:00,ICBP,RG,8875,28,F,DX,YU,F
14:05:58,ICBP,RG,8875,3,F,DX,PD,D
14:05:53,ICBP,RG,8875,3,F,DX,XC,D
14:05:44,ICBP,RG,8875,15,F,DX,OD,D
14:05:24,ICBP,RG,8900,11,D,CC,RX,F
14:05:23,ICBP,RG,8875,7,F,DX,RX,F
14:05:20,ICBP,RG,8875,20,F,DX,GR,D
14:04:55,ICBP,RG,8875,46,F,DX,BK,F
14:04:54,ICBP,RG,8875,33,F,DX,ZP,F
14:04:54,ICBP,RG,8875,3,D,YP,ZP,F
14:04:54,ICBP,RG,8875,5,D,LG,ZP,F
14:04:54,ICBP,RG,8875,4,F,DX,ZP,F
14:04:53,ICBP,RG,8875,2,F,DX,RX,D
14:04:53,ICBP,RG,8875,3,F,DX,ZP,F
14:04:50,ICBP,RG,8900,1,D,NI,RX,F
14:04:49,ICBP,RG,8875,15,F,DX,RX,D
14:04:49,ICBP,RG,8900,6,D,LG,RX,F
14:04:45,ICBP,RG,8875,6,F,DX,RX,D
14:04:45,ICBP,RG,8875,4,F,DX,RX,D
14:04:45,ICBP,RG,8875,12,F,DX,IF,D
14:04:45,ICBP,RG,8875,50,D,CP,IF,D
14:04:45,ICBP,RG,8875,2,D,CG,IF,D
14:04:45,ICBP,RG,8875,1,D,CG,IF,D
14:04:45,ICBP,RG,8875,79,D,YU,IF,D
14:04:45,ICBP,RG,8875,152,F,DX,IF,D
14:04:45,ICBP,RG,8875,30,D,CC,IF,D
14:04:45,ICBP,RG,8875,2,D,AZ,IF,D
14:04:45,ICBP,RG,8875,87,F,ZP,IF,D
14:04:45,ICBP,RG,8875,4,D,XC,IF,D
14:04:45,ICBP,RG,8875,1,D,XC,IF,D
14:04:45,ICBP,RG,8875,39,F,DX,IF,D
14:04:45,ICBP,RG,8875,5,D,CG,IF,D
14:04:45,ICBP,RG,8875,3,D,CG,IF,D
14:04:45,ICBP,RG,8875,4,D,CC,IF,D
14:04:45,ICBP,RG,8875,10,D,NI,IF,D
14:04:45,ICBP,RG,8875,2,D,XA,IF,D
14:04:45,ICBP,RG,8875,17,D,YU,IF,D
14:04:44,ICBP,RG,8875,3,D,YU,RX,D
14:04:42,ICBP,RG,8875,16,D,YU,TF,D
14:04:42,ICBP,RG,8875,34,D,YU,TF,D
14:04:30,ICBP,RG,8875,1,D,YU,LG,D
14:04:30,ICBP,RG,8875,94,F,DX,LG,D
14:04:30,ICBP,RG,8875,25,F,ZP,LG,D
14:04:22,ICBP,RG,8900,8,D,CC,RX,F
14:04:21,ICBP,RG,8900,82,D,YU,RX,F
14:04:18,ICBP,RG,8900,1,D,XC,RX,F
14:04:16,ICBP,RG,8875,22,F,ZP,DH,D
14:04:14,ICBP,RG,8875,44,F,ZP,RX,D
14:04:14,ICBP,RG,8875,2,D,YP,RX,D
14:04:14,ICBP,RG,8875,6,D,XC,RX,D
14:04:14,ICBP,RG,8875,5,F,DX,RX,D
14:04:10,ICBP,RG,8875,1,F,DX,PD,D
14:03:58,ICBP,RG,8875,9,F,DX,RX,D
14:03:40,ICBP,RG,8875,1,F,DX,HP,D
14:03:26,ICBP,RG,8900,8,D,CC,RX,F
14:03:02,ICBP,RG,8900,1,D,CC,RX,F
14:02:45,ICBP,RG,8875,22,F,DX,ZP,F
14:02:45,ICBP,RG,8875,4,D,XC,ZP,F
14:02:45,ICBP,RG,8875,1,D,XC,ZP,F
14:02:45,ICBP,RG,8875,3,D,DR,ZP,F
14:02:45,ICBP,RG,8875,15,F,ZP,ZP,F
14:02:28,ICBP,RG,8900,9,D,CC,RX,F
14:02:27,ICBP,RG,8875,10,F,ZP,YP,D
14:02:26,ICBP,RG,8875,5,F,ZP,DH,D
14:02:17,ICBP,RG,8875,1,F,ZP,KK,D
14:02:16,ICBP,RG,8875,1,F,ZP,PD,D
14:02:15,ICBP,RG,8875,3,F,ZP,AK,F
14:02:14,ICBP,RG,8875,18,F,ZP,MG,D
14:02:14,ICBP,RG,8875,1,D,PD,MG,D
14:02:14,ICBP,RG,8875,4,D,XA,MG,D
14:02:11,ICBP,RG,8875,3,D,XA,XC,D
14:02:07,ICBP,RG,8900,79,D,YU,RX,F
14:02:04,ICBP,RG,8875,1,D,XA,RX,D
14:02:00,ICBP,RG,8900,2,D,XC,RX,F
14:02:00,ICBP,RG,8875,12,D,XA,YU,F
14:02:00,ICBP,RG,8875,2,D,CG,YU,F
14:02:00,ICBP,RG,8875,1,D,YP,YU,F
14:02:00,ICBP,RG,8875,2,D,PD,YU,F
14:02:00,ICBP,RG,8875,8,F,DX,YU,F
14:01:54,ICBP,RG,8900,2,D,CG,RX,F
14:01:38,ICBP,RG,8875,8,F,DX,RX,D
14:01:36,ICBP,RG,8900,10,D,YP,RX,F
14:01:30,ICBP,RG,8900,1,D,XC,RX,F
14:01:28,ICBP,RG,8900,9,D,CC,RX,F
14:01:26,ICBP,RG,8875,14,F,DX,RX,F
14:01:20,ICBP,RG,8875,53,F,DX,RX,D
14:01:15,ICBP,RG,8875,2,F,DX,RX,D
14:01:13,ICBP,RG,8875,2,F,DX,RX,D
14:01:11,ICBP,RG,8875,4,F,DX,RX,D
14:01:08,ICBP,RG,8875,5,F,DX,PD,D
14:01:07,ICBP,RG,8875,4,F,DX,RX,D
14:01:01,ICBP,RG,8875,8,F,DX,RX,D
14:00:58,ICBP,RG,8875,1,F,DX,RX,D
14:00:56,ICBP,RG,8875,1,F,DX,RX,D
14:00:42,ICBP,RG,8875,8,F,DX,RX,D
14:00:41,ICBP,RG,8875,1,F,DX,XC,D
14:00:39,ICBP,RG,8900,1,D,CG,RX,F
14:00:33,ICBP,RG,8875,2,F,DX,RX,D
14:00:26,ICBP,RG,8900,6,D,CC,RX,F
14:00:26,ICBP,RG,8900,1,D,CC,EP,D
14:00:26,ICBP,RG,8900,2,D,CC,GR,D
14:00:24,ICBP,RG,8875,1,F,DX,RX,F
14:00:22,ICBP,RG,8875,7,F,DX,RX,D
14:00:21,ICBP,RG,8875,32,F,DX,RX,F
14:00:15,ICBP,RG,8875,2,F,DX,RX,D
14:00:08,ICBP,RG,8875,1,F,DX,RX,D
14:00:04,ICBP,RG,8875,7,F,DX,RX,D
13:59:55,ICBP,RG,8875,29,F,DX,YP,D
13:59:55,ICBP,RG,8875,24,F,ZP,YP,D
13:59:54,ICBP,RG,8875,10,F,ZP,YP,D
13:59:51,ICBP,RG,8900,3,D,YU,GR,D
13:59:51,ICBP,RG,8900,10,D,YU,PD,D
13:59:51,ICBP,RG,8900,15,D,YU,PD,D
13:59:51,ICBP,RG,8900,37,D,YU,BK,F
13:59:51,ICBP,RG,8875,4,F,ZP,YP,D
13:59:51,ICBP,RG,8875,1,F,ZP,RX,D
13:59:49,ICBP,RG,8875,3,F,ZP,DH,D
13:59:46,ICBP,RG,8875,13,F,ZP,RX,F
13:59:44,ICBP,RG,8875,12,F,ZP,RX,D
13:59:30,ICBP,RG,8875,2,F,ZP,YP,D
13:59:28,ICBP,RG,8900,10,D,CC,BK,F
13:59:23,ICBP,RG,8875,3,F,ZP,YP,D
13:59:22,ICBP,RG,8875,7,F,ZP,YP,D
13:59:21,ICBP,RG,8875,13,F,ZP,YJ,D
13:59:19,ICBP,RG,8875,5,F,ZP,LG,D
13:59:13,ICBP,RG,8875,6,F,ZP,XC,D
13:58:55,ICBP,RG,8875,3,F,ZP,RX,F
13:58:48,ICBP,RG,8900,1,D,CC,BK,F
13:58:30,ICBP,RG,8900,10,D,CC,BK,F
13:58:21,ICBP,RG,8875,6,F,ZP,RX,F
13:58:20,ICBP,RG,8875,12,F,ZP,YU,F
13:58:20,ICBP,RG,8875,1,D,XC,YU,F
13:58:20,ICBP,RG,8875,13,F,DX,YU,F
13:58:15,ICBP,RG,8875,4,F,DX,AK,F
13:58:08,ICBP,RG,8875,1,F,DX,RX,F
13:58:04,ICBP,RG,8875,5,F,DX,GR,D
13:57:54,ICBP,RG,8875,1,F,DX,RX,F
13:57:47,ICBP,RG,8875,5,F,DX,ZP,F
13:57:44,ICBP,RG,8875,24,F,DX,RX,F
13:57:42,ICBP,RG,8900,20,D,NI,BK,F
13:57:28,ICBP,RG,8900,10,D,CC,BK,F
13:57:26,ICBP,RG,8900,72,D,YU,BK,F
13:57:15,ICBP,RG,8875,1,F,DX,CC,D
13:57:15,ICBP,RG,8875,3,F,DX,YP,D
13:57:13,ICBP,RG,8875,3,F,DX,RX,F
13:57:13,ICBP,RG,8875,1,D,CG,RX,F
13:57:12,ICBP,RG,8875,1,D,PD,KK,D
13:57:12,ICBP,RG,8875,19,D,CC,KK,D
13:57:10,ICBP,RG,8875,4,D,CC,RX,F
13:57:07,ICBP,RG,8875,20,D,CC,PD,D
13:56:55,ICBP,RG,8875,1,D,CC,RX,F
13:56:54,ICBP,RG,8875,1,D,CC,YP,D
13:56:54,ICBP,RG,8875,7,D,CC,RX,F
13:56:49,ICBP,RG,8875,20,D,CC,YU,D
13:56:45,ICBP,RG,8900,3,D,PD,BK,F
13:56:35,ICBP,RG,8875,1,D,CC,RX,D
13:56:30,ICBP,RG,8900,8,D,CC,BK,F
13:56:16,ICBP,RG,8875,3,D,CC,PD,D
13:56:14,ICBP,RG,8875,4,D,CC,RX,F
13:56:11,ICBP,RG,8900,10,D,CC,BK,F
13:56:11,ICBP,RG,8875,4,D,CC,YP,D
13:56:11,ICBP,RG,8875,1,D,YP,YP,D
13:56:11,ICBP,RG,8875,27,D,YP,RX,F
13:56:11,ICBP,RG,8875,10,D,YP,RX,F
13:56:11,ICBP,RG,8875,5,D,PD,RX,F
13:56:11,ICBP,RG,8875,2,D,CG,RX,F
13:56:11,ICBP,RG,8875,2,D,YP,RX,F
13:56:11,ICBP,RG,8875,5,D,YP,RX,F
13:56:11,ICBP,RG,8875,1,D,CG,RX,F
13:56:11,ICBP,RG,8875,38,F,DX,RX,F
13:56:11,ICBP,RG,8875,76,D,NI,RX,F
13:56:08,ICBP,RG,8900,516,D,KZ,BK,F
13:56:08,ICBP,RG,8900,133,D,KZ,BK,F
13:56:04,ICBP,RG,8875,1,D,NI,RX,D
13:56:04,ICBP,RG,8875,2,D,NI,RX,D
13:56:03,ICBP,RG,8875,8,D,NI,PD,D
13:56:00,ICBP,RG,8875,4,D,NI,RX,D
13:56:00,ICBP,RG,8900,10,D,EP,BK,F
13:55:59,ICBP,RG,8875,27,D,NI,BK,F
13:55:55,ICBP,RG,8875,11,D,NI,YP,D
13:55:40,ICBP,RG,8875,45,D,NI,ZP,F
13:55:34,ICBP,RG,8875,9,D,NI,RX,F
13:55:33,ICBP,RG,8875,17,D,NI,BK,F
13:55:33,ICBP,RG,8875,3,D,XC,BK,F
13:55:33,ICBP,RG,8875,24,F,DX,BK,F
13:55:33,ICBP,RG,8875,2,F,DX,RX,F
13:55:30,ICBP,RG,8900,9,D,CC,BK,F
13:55:27,ICBP,RG,8875,35,F,DX,RX,F
13:55:17,ICBP,RG,8875,1,F,DX,XC,D
13:55:11,ICBP,RG,8875,42,F,DX,BK,F
13:55:05,ICBP,RG,8875,13,F,DX,XA,D
13:55:04,ICBP,RG,8875,3,F,DX,AK,F
13:55:03,ICBP,RG,8900,71,D,YU,BK,F
13:55:01,ICBP,RG,8875,28,D,KZ,YU,F
13:54:53,ICBP,RG,8875,8,D,KZ,RX,F
13:54:52,ICBP,RG,8875,36,D,KZ,BK,F
13:54:43,ICBP,RG,8875,7,D,KZ,RX,F
13:54:34,ICBP,RG,8900,1,D,CC,BK,F
13:54:34,ICBP,RG,8875,33,D,KZ,BK,F
13:54:32,ICBP,RG,8875,2,D,KZ,RX,F
13:54:30,ICBP,RG,8900,9,D,CC,BK,F
13:54:09,ICBP,RG,8875,12,D,KZ,RX,F
13:54:06,ICBP,RG,8875,35,D,KZ,RX,F
13:54:05,ICBP,RG,8875,51,D,KZ,BK,F
13:54:02,ICBP,RG,8900,100,D,NI,BK,F
13:53:55,ICBP,RG,8875,7,D,KZ,XC,D
13:53:49,ICBP,RG,8875,1,D,KZ,RX,D
13:53:43,ICBP,RG,8900,3,D,CC,BK,F
13:53:35,ICBP,RG,8875,50,D,KZ,BK,F
13:53:31,ICBP,RG,8875,13,D,KZ,RX,F
13:53:30,ICBP,RG,8900,10,D,CC,BK,F
13:53:29,ICBP,RG,8875,2,D,KZ,CC,D
13:53:26,ICBP,RG,8875,10,D,KZ,ZP,F
13:53:25,ICBP,RG,8875,35,D,KZ,ZP,F
13:53:24,ICBP,RG,8875,2,D,KZ,RX,D
13:53:21,ICBP,RG,8875,39,D,KZ,RX,F
13:53:15,ICBP,RG,8875,33,D,KZ,BK,F
13:53:10,ICBP,RG,8875,20,D,KZ,GR,D
13:53:09,ICBP,RG,8875,1,D,KZ,RX,D
13:53:08,ICBP,RG,8875,2,D,KZ,NI,D
13:53:07,ICBP,RG,8875,2,D,KZ,YP,D
13:52:57,ICBP,RG,8875,32,D,KZ,BK,F
13:52:48,ICBP,RG,8900,10,D,YP,BK,F
13:52:46,ICBP,RG,8900,38,D,YP,BK,F
13:52:46,ICBP,RG,8900,1,D,YP,SQ,D
13:52:46,ICBP,RG,8900,14,D,YP,YP,D
13:52:46,ICBP,RG,8900,1,D,YP,OD,D
13:52:46,ICBP,RG,8900,1,D,YP,KK,D
13:52:46,ICBP,RG,8900,5,D,YP,XC,D
13:52:46,ICBP,RG,8900,5,D,YP,PD,D
13:52:46,ICBP,RG,8900,15,D,YP,BQ,D
13:52:38,ICBP,RG,8875,31,D,KZ,RX,F
13:52:35,ICBP,RG,8875,20,D,KZ,GR,D
13:52:34,ICBP,RG,8875,33,D,KZ,BK,F
13:52:31,ICBP,RG,8875,1,D,KZ,RX,D
13:52:30,ICBP,RG,8900,1,D,YP,BQ,D
13:52:30,ICBP,RG,8900,8,D,CC,BQ,D
13:52:30,ICBP,RG,8875,1,D,KZ,AK,F
13:52:27,ICBP,RG,8875,1,D,KZ,YP,D
13:52:22,ICBP,RG,8875,1,D,KZ,YP,D
13:52:21,ICBP,RG,8875,8,D,KZ,PD,D
13:52:20,ICBP,RG,8875,1,D,KZ,RX,D
13:52:15,ICBP,RG,8875,2,D,KZ,XC,D
13:52:10,ICBP,RG,8875,5,D,KZ,BK,F
13:52:10,ICBP,RG,8875,4,D,YP,BK,F
13:52:10,ICBP,RG,8875,2,D,CG,BK,F
13:52:10,ICBP,RG,8875,34,F,ZP,BK,F
13:52:09,ICBP,RG,8875,5,F,ZP,YP,D
13:52:09,ICBP,RG,8875,4,F,ZP,RX,D
13:52:09,ICBP,RG,8875,2,F,ZP,RX,D
13:52:07,ICBP,RG,8875,8,F,ZP,PD,D
13:52:06,ICBP,RG,8875,20,F,ZP,RX,F
13:52:04,ICBP,RG,8875,2,F,ZP,RX,D
13:51:55,ICBP,RG,8875,3,F,ZP,XC,D
13:51:55,ICBP,RG,8875,10,F,DX,XC,D
13:51:50,ICBP,RG,8875,4,F,DX,PD,D
13:51:49,ICBP,RG,8875,4,F,DX,YJ,D
13:51:44,ICBP,RG,8875,6,F,DX,ZP,D
13:51:43,ICBP,RG,8875,9,F,DX,BK,F
13:51:43,ICBP,RG,8875,23,D,XC,BK,F
13:51:43,ICBP,RG,8875,1,D,CG,BK,F
13:51:43,ICBP,RG,8875,1,D,SQ,BK,F
13:51:40,ICBP,RG,8875,9,D,SQ,YU,F
13:51:40,ICBP,RG,8875,8,D,CG,YU,F
13:51:40,ICBP,RG,8875,4,D,CG,YU,F
13:51:40,ICBP,RG,8875,4,D,NI,YU,F
13:51:31,ICBP,RG,8875,23,D,NI,RX,F
13:51:30,ICBP,RG,8900,9,D,CC,BQ,D
13:51:30,ICBP,RG,8875,1,D,NI,AK,F
13:51:29,ICBP,RG,8875,22,D,NI,BK,F
13:51:29,ICBP,RG,8875,3,D,KK,BK,F
13:51:29,ICBP,RG,8875,2,F,DX,BK,F
13:51:03,ICBP,RG,8875,32,F,DX,BK,F
13:51:03,ICBP,RG,8875,34,D,CC,BK,F
13:50:58,ICBP,RG,8875,1,D,CC,EP,D
13:50:47,ICBP,RG,8875,5,D,CC,RX,F
13:50:45,ICBP,RG,8875,2,D,DH,BK,F
13:50:45,ICBP,RG,8875,8,D,CC,BK,F
13:50:45,ICBP,RG,8875,5,D,KK,BK,F
13:50:45,ICBP,RG,8875,10,F,ZP,BK,F
13:50:41,ICBP,RG,8875,3,F,ZP,RX,F
13:50:40,ICBP,RG,8875,14,F,ZP,XC,D
13:50:34,ICBP,RG,8875,90,F,ZP,RX,F
13:50:34,ICBP,RG,8875,25,F,DX,RX,F
13:50:33,ICBP,RG,8875,1,F,DX,CC,D
13:50:32,ICBP,RG,8875,21,F,DX,BK,F
13:50:30,ICBP,RG,8900,10,D,CC,BQ,D
13:50:24,ICBP,RG,8900,57,D,YU,BQ,D
13:50:24,ICBP,RG,8900,26,D,YU,YP,D
13:50:24,ICBP,RG,8900,1,D,YU,PD,D
13:50:24,ICBP,RG,8900,50,D,YU,PD,D
13:50:24,ICBP,RG,8900,2,D,YU,PD,D
13:50:24,ICBP,RG,8900,2,D,YU,NI,D
13:50:24,ICBP,RG,8900,3,D,YU,PD,D
13:50:24,ICBP,RG,8900,5,D,YU,NI,D
13:50:24,ICBP,RG,8900,1,D,YU,YP,D
13:50:24,ICBP,RG,8900,1,D,YU,HP,D
13:50:24,ICBP,RG,8900,5,D,YU,DR,D
13:50:24,ICBP,RG,8900,27,D,YU,DH,D
13:50:24,ICBP,RG,8900,1,D,YU,PD,D
13:50:24,ICBP,RG,8900,20,D,YU,XC,D
13:50:24,ICBP,RG,8900,50,D,YU,BS,D
13:50:24,ICBP,RG,8900,65,D,YU,IP,D
13:50:24,ICBP,RG,8900,5,D,YU,LG,D
13:50:24,ICBP,RG,8900,1,D,YU,XC,D
13:50:24,ICBP,RG,8900,3,D,YU,PD,D
13:50:24,ICBP,RG,8900,75,D,YU,IT,D
13:50:20,ICBP,RG,8900,1,D,CC,IT,D
13:50:05,ICBP,RG,8875,59,F,DX,BK,F
13:50:05,ICBP,RG,8875,23,F,DX,MG,D
13:50:00,ICBP,RG,8875,9,F,DX,BK,F
13:49:40,ICBP,RG,8875,27,F,DX,RX,F
13:49:39,ICBP,RG,8875,29,F,DX,BK,F
13:49:39,ICBP,RG,8875,1,D,PD,BK,F
13:49:39,ICBP,RG,8875,2,D,KK,BK,F
13:49:39,ICBP,RG,8875,5,D,CC,BK,F
13:49:32,ICBP,RG,8900,9,D,CC,IT,D
13:49:30,ICBP,RG,8900,5,D,GR,IT,D
13:49:30,ICBP,RG,8875,5,D,CC,BK,F
13:49:30,ICBP,RG,8875,8,F,DX,BK,F
13:49:28,ICBP,RG,8900,5,D,XC,IT,D
13:49:05,ICBP,RG,8875,3,F,DX,XC,D
13:49:05,ICBP,RG,8875,39,F,DX,BK,F
13:49:05,ICBP,RG,8875,1,D,PD,BK,F
13:49:05,ICBP,RG,8875,10,F,ZP,BK,F
13:49:00,ICBP,RG,8875,7,F,ZP,RX,F
13:48:54,ICBP,RG,8875,5,F,ZP,PD,D
13:48:40,ICBP,RG,8875,16,F,ZP,BK,F
13:48:33,ICBP,RG,8875,3,F,ZP,ZP,F
13:48:32,ICBP,RG,8900,5,D,CC,IT,D
13:48:32,ICBP,RG,8900,1,D,CC,NI,D
13:48:32,ICBP,RG,8900,3,D,CC,YP,D
13:48:27,ICBP,RG,8875,14,F,ZP,RX,F
13:48:26,ICBP,RG,8875,3,F,ZP,AK,F
13:48:25,ICBP,RG,8875,58,F,ZP,BK,F
13:48:11,ICBP,RG,8875,222,F,ZP,RX,F
13:48:09,ICBP,RG,8875,10,F,ZP,BK,F
13:47:52,ICBP,RG,8900,17,D,MG,YP,D
13:47:52,ICBP,RG,8900,5,D,MG,YP,D
13:47:52,ICBP,RG,8900,7,D,MG,PD,D
13:47:52,ICBP,RG,8900,10,D,MG,LG,D
13:47:52,ICBP,RG,8900,5,D,MG,AZ,D
13:47:52,ICBP,RG,8900,10,D,MG,YP,D
13:47:52,ICBP,RG,8900,10,D,MG,YP,D
13:47:52,ICBP,RG,8900,3,D,MG,NI,D
13:47:52,ICBP,RG,8900,15,D,MG,SQ,D
13:47:52,ICBP,RG,8900,2,D,MG,YP,D
13:47:52,ICBP,RG,8900,6,D,MG,BK,F
13:47:52,ICBP,RG,8900,3,D,MG,CC,D
13:47:52,ICBP,RG,8900,10,D,MG,OD,D
13:47:52,ICBP,RG,8900,5,D,MG,YP,D
13:47:52,ICBP,RG,8900,1,D,MG,KK,D
13:47:52,ICBP,RG,8900,2,D,MG,CC,D
13:47:52,ICBP,RG,8900,1,D,MG,PD,D
13:47:52,ICBP,RG,8900,2,D,MG,PD,D
13:47:52,ICBP,RG,8900,1,D,MG,BB,D
13:47:52,ICBP,RG,8900,1,D,MG,PD,D
13:47:52,ICBP,RG,8900,6,D,MG,PD,D
13:47:52,ICBP,RG,8900,1,D,MG,YP,D
13:47:52,ICBP,RG,8900,3,D,MG,YP,D
13:47:52,ICBP,RG,8900,1,D,MG,XC,D
13:47:52,ICBP,RG,8900,32,D,MG,XA,D
13:47:52,ICBP,RG,8900,12,D,MG,YU,F
13:47:52,ICBP,RG,8900,148,D,MG,RX,D
13:47:52,ICBP,RG,8900,7,D,MG,SQ,D
13:47:52,ICBP,RG,8900,1,D,MG,PD,D
13:47:52,ICBP,RG,8900,3,D,MG,YP,D
13:47:52,ICBP,RG,8900,1,D,MG,XC,D
13:47:52,ICBP,RG,8900,4,D,MG,SQ,D
13:47:52,ICBP,RG,8900,2,D,MG,CC,D
13:47:52,ICBP,RG,8900,4,D,MG,PD,D
13:47:52,ICBP,RG,8900,3,D,MG,ZP,F
13:47:52,ICBP,RG,8900,6,D,MG,CC,D
13:47:52,ICBP,RG,8900,20,D,MG,CC,D
13:47:52,ICBP,RG,8900,1,D,MG,XC,D
13:47:52,ICBP,RG,8900,1,D,MG,NI,D
13:47:52,ICBP,RG,8900,1,D,MG,YB,D
13:47:52,ICBP,RG,8900,25,D,MG,YP,D
13:47:52,ICBP,RG,8900,2,D,MG,KK,D
13:47:52,ICBP,RG,8900,10,D,MG,OD,D
13:47:52,ICBP,RG,8900,1,D,MG,PD,D
13:47:52,ICBP,RG,8900,8,D,MG,BK,F
13:47:52,ICBP,RG,8900,14,D,MG,YU,F
13:47:52,ICBP,RG,8900,1,D,MG,XC,D
13:47:52,ICBP,RG,8900,1,D,MG,XC,D
13:47:52,ICBP,RG,8900,1,D,MG,PD,D
13:47:52,ICBP,RG,8900,3,D,MG,PD,D
13:47:52,ICBP,RG,8900,10,D,MG,XC,D
13:47:52,ICBP,RG,8900,62,D,MG,AI,D
13:47:52,ICBP,RG,8900,1,D,MG,ZP,D
13:47:52,ICBP,RG,8900,3,D,MG,PD,D
13:47:52,ICBP,RG,8900,1,D,MG,PD,D
13:47:52,ICBP,RG,8900,20,D,MG,CC,D
13:47:52,ICBP,RG,8900,2,D,MG,AI,D
13:47:52,ICBP,RG,8900,2,D,MG,YP,D
13:47:52,ICBP,RG,8900,1,D,MG,NI,D
13:47:52,ICBP,RG,8900,1,D,MG,XC,D
13:47:52,ICBP,RG,8900,1,D,MG,KK,D
13:47:52,ICBP,RG,8900,1,D,MG,XC,D
13:47:52,ICBP,RG,8900,60,D,MG,YP,D
13:47:52,ICBP,RG,8900,2,D,MG,NI,D
13:47:52,ICBP,RG,8900,50,D,MG,NI,D
13:47:52,ICBP,RG,8900,10,D,MG,CC,D
13:47:52,ICBP,RG,8900,5,D,MG,YP,D
13:47:52,ICBP,RG,8900,200,D,MG,IF,F
13:47:52,ICBP,RG,8900,1,D,MG,KK,D
13:47:52,ICBP,RG,8900,1,D,MG,KK,D
13:47:52,ICBP,RG,8900,1,D,MG,CC,D
13:47:52,ICBP,RG,8900,5,D,MG,CC,D
13:47:52,ICBP,RG,8900,2,D,MG,PD,D
13:47:52,ICBP,RG,8900,14,D,MG,BK,F
13:47:52,ICBP,RG,8900,5,D,MG,GR,D
13:47:52,ICBP,RG,8900,18,D,MG,PD,D
13:47:52,ICBP,RG,8900,21,D,MG,BK,F
13:47:52,ICBP,RG,8900,1,D,MG,GR,D
13:47:52,ICBP,RG,8900,1,D,MG,AZ,D
13:47:52,ICBP,RG,8900,10,D,MG,XC,D
13:47:52,ICBP,RG,8900,2,D,MG,CC,D
13:47:52,ICBP,RG,8900,1,D,MG,PD,D
13:47:52,ICBP,RG,8900,1,D,MG,NI,D
13:47:52,ICBP,RG,8900,45,D,MG,CC,F
13:47:49,ICBP,RG,8875,2,F,ZP,EP,D
13:47:45,ICBP,RG,8875,45,F,ZP,RX,F
13:47:45,ICBP,RG,8875,36,F,DX,RX,F
13:47:45,ICBP,RG,8875,16,D,PD,RX,F
13:47:44,ICBP,RG,8875,57,D,PD,BK,F
13:47:39,ICBP,RG,8900,105,D,IN,CC,F
13:47:39,ICBP,RG,8900,9,D,IN,YP,D
13:47:39,ICBP,RG,8900,5,D,IN,PD,D
13:47:39,ICBP,RG,8900,1,D,IN,YP,D
13:47:39,ICBP,RG,8900,3,D,IN,PD,D
13:47:39,ICBP,RG,8900,2,D,IN,PD,D
13:47:39,ICBP,RG,8900,2,D,IN,PD,D
13:47:39,ICBP,RG,8900,30,D,IN,LG,D
13:47:39,ICBP,RG,8900,5,D,IN,CC,D
13:47:39,ICBP,RG,8900,1,D,IN,XC,D
13:47:39,ICBP,RG,8900,7,D,IN,XC,D
13:47:39,ICBP,RG,8900,1,D,IN,AI,D
13:47:39,ICBP,RG,8900,10,D,IN,YP,D
13:47:39,ICBP,RG,8900,5,D,IN,YP,D
13:47:39,ICBP,RG,8900,25,D,IN,LG,D
13:47:39,ICBP,RG,8900,1,D,IN,AI,D
13:47:39,ICBP,RG,8900,1,D,IN,BQ,D
13:47:39,ICBP,RG,8900,12,D,IN,NI,D
13:47:32,ICBP,RG,8900,5,D,CC,NI,D
13:47:32,ICBP,RG,8900,1,D,CC,YP,D
13:47:32,ICBP,RG,8900,3,D,CC,SQ,D
13:47:32,ICBP,RG,8900,1,D,CC,DR,D
13:47:27,ICBP,RG,8875,15,D,PD,PD,D
13:47:21,ICBP,RG,8875,56,D,PD,YP,D
13:47:19,ICBP,RG,8875,6,D,PD,RX,D
13:47:19,ICBP,RG,8875,25,F,DX,RX,D
13:47:15,ICBP,RG,8875,1,F,DX,RX,D
13:47:14,ICBP,RG,8875,2,F,DX,RX,D
13:47:14,ICBP,RG,8875,3,F,DX,RX,D
13:47:13,ICBP,RG,8875,4,F,DX,PD,D
13:47:13,ICBP,RG,8875,2,D,DR,PD,D
13:47:13,ICBP,RG,8875,36,D,NI,PD,D
13:47:09,ICBP,RG,8875,5,D,NI,RX,F
13:47:08,ICBP,RG,8875,2,D,NI,RX,D
13:47:07,ICBP,RG,8875,22,D,NI,BK,F
13:47:06,ICBP,RG,8875,16,D,NI,RX,F
13:47:04,ICBP,RG,8900,4,D,GR,LG,D
13:47:03,ICBP,RG,8875,19,D,NI,RX,F
13:47:03,ICBP,RG,8875,1,D,XC,RX,F
13:47:02,ICBP,RG,8875,2,D,XC,BK,F
13:47:02,ICBP,RG,8875,5,D,CC,BK,F
13:47:02,ICBP,RG,8875,2,D,GR,BK,F
13:47:02,ICBP,RG,8875,1,D,DH,BK,F
13:47:02,ICBP,RG,8875,6,D,DR,BK,F
13:47:02,ICBP,RG,8875,50,D,AK,BK,F
13:47:02,ICBP,RG,8875,1,D,GR,BK,F
13:47:02,ICBP,RG,8875,1,D,GR,XC,D
13:46:59,ICBP,RG,8875,3,D,GR,YP,D
13:46:59,ICBP,RG,8875,53,D,KZ,YP,D
13:46:38,ICBP,RG,8875,12,D,KZ,RX,D
13:46:33,ICBP,RG,8875,11,D,KZ,BK,F
13:46:32,ICBP,RG,8900,10,D,CC,LG,D
13:46:30,ICBP,RG,8875,1,D,KZ,XC,D
13:46:28,ICBP,RG,8875,15,D,KZ,RX,F
13:46:26,ICBP,RG,8875,8,D,KZ,BK,F
13:46:26,ICBP,RG,8875,61,D,KZ,BK,F
13:46:25,ICBP,RG,8875,1,D,KZ,RX,D
13:46:20,ICBP,RG,8875,8,D,KZ,RX,F
13:46:19,ICBP,RG,8875,36,D,KZ,ZP,F
13:46:18,ICBP,RG,8875,13,D,KZ,RX,F
13:46:09,ICBP,RG,8900,10,D,DR,LG,D
13:46:06,ICBP,RG,8900,1,D,CC,LG,D
13:46:01,ICBP,RG,8875,3,D,KZ,DH,D
13:45:56,ICBP,RG,8900,5,D,YP,LG,D
13:45:56,ICBP,RG,8900,2,D,YP,PD,D
13:45:56,ICBP,RG,8900,15,D,YP,YU,D
13:45:47,ICBP,RG,8875,17,D,KZ,BK,F
13:45:46,ICBP,RG,8875,5,D,KZ,CC,D
13:45:43,ICBP,RG,8875,62,D,KZ,RX,F
13:45:42,ICBP,RG,8875,1,D,KZ,PD,D
13:45:41,ICBP,RG,8875,64,D,KZ,BK,F
13:45:30,ICBP,RG,8900,8,D,CC,YU,D
13:45:23,ICBP,RG,8875,8,D,KZ,RX,D
13:45:18,ICBP,RG,8875,1,D,KZ,PD,D
13:45:18,ICBP,RG,8875,100,D,KZ,CC,F
13:45:17,ICBP,RG,8875,3,D,KZ,YP,D
13:45:13,ICBP,RG,8875,29,D,KZ,CC,F
13:45:13,ICBP,RG,8875,3,D,DH,CC,F
13:45:13,ICBP,RG,8875,5,D,XA,CC,F
13:45:13,ICBP,RG,8875,10,D,PD,CC,F
13:45:13,ICBP,RG,8875,1,D,DR,CC,F
13:45:13,ICBP,RG,8875,4,D,XC,CC,F
13:45:13,ICBP,RG,8875,1,D,CC,CC,F
13:45:13,ICBP,RG,8875,30,D,YP,CC,F
13:45:13,ICBP,RG,8875,1,D,DH,CC,F
13:45:13,ICBP,RG,8875,1,D,NI,CC,F
13:45:13,ICBP,RG,8875,5,D,YP,CC,F
13:45:13,ICBP,RG,8875,10,D,YP,CC,F
13:45:12,ICBP,RG,8875,7,D,YP,RX,F
13:45:11,ICBP,RG,8875,1,D,YP,XC,D
13:45:10,ICBP,RG,8875,14,D,YP,BK,F
13:45:09,ICBP,RG,8875,7,D,YP,RX,F
13:45:08,ICBP,RG,8875,11,D,YP,RX,F
13:45:08,ICBP,RG,8875,7,D,YU,RX,F
13:45:07,ICBP,RG,8875,18,D,YU,CC,D
13:45:07,ICBP,RG,8875,2,D,XC,CC,D
13:45:07,ICBP,RG,8875,8,D,NI,CC,D
13:45:07,ICBP,RG,8875,1,D,PD,CC,D
13:45:07,ICBP,RG,8875,1,D,YP,CC,D
13:45:07,ICBP,RG,8875,2,D,NI,CC,D
13:45:07,ICBP,RG,8875,10,D,YP,CC,D
13:45:07,ICBP,RG,8875,6,D,EP,CC,D
13:45:05,ICBP,RG,8875,47,D,EP,BK,F
13:44:51,ICBP,RG,8875,1,D,EP,XC,D
13:44:47,ICBP,RG,8875,3,D,EP,BK,F
13:44:47,ICBP,RG,8875,2,D,PD,BK,F
13:44:47,ICBP,RG,8875,5,D,YP,BK,F
13:44:47,ICBP,RG,8875,15,F,DX,BK,F
13:44:40,ICBP,RG,8875,8,F,DX,RX,D
13:44:30,ICBP,RG,8875,2,F,DX,RX,F
13:44:28,ICBP,RG,8900,9,D,CC,YU,D
13:44:27,ICBP,RG,8875,37,F,DX,RX,F
13:44:25,ICBP,RG,8875,2,F,DX,EP,D
13:44:23,ICBP,RG,8875,19,F,DX,BK,F
13:44:20,ICBP,RG,8875,4,F,DX,XC,D
13:44:20,ICBP,RG,8875,1,F,DX,XC,D
13:44:20,ICBP,RG,8875,5,F,DX,AK,F
13:44:19,ICBP,RG,8875,1,F,DX,SQ,D
13:44:06,ICBP,RG,8875,6,F,DX,ZP,F
13:44:04,ICBP,RG,8875,30,F,DX,ZP,F
13:44:00,ICBP,RG,8875,63,F,DX,BK,F
13:44:00,ICBP,RG,8875,29,F,DX,YU,F
13:43:58,ICBP,RG,8875,11,F,DX,BK,F
13:43:53,ICBP,RG,8875,12,F,DX,RX,F
13:43:40,ICBP,RG,8875,24,F,DX,BK,F
13:43:31,ICBP,RG,8875,13,F,DX,BK,F
13:43:28,ICBP,RG,8875,8,F,DX,BK,F
13:43:26,ICBP,RG,8875,10,F,DX,KK,D
13:43:17,ICBP,RG,8875,87,F,DX,RX,F
13:43:17,ICBP,RG,8875,67,F,ZP,RX,F
13:43:17,ICBP,RG,8875,1,D,NI,RX,F
13:43:17,ICBP,RG,8875,1,D,YP,RX,F
13:43:17,ICBP,RG,8875,68,F,ZP,RX,F
13:43:17,ICBP,RG,8875,15,F,DX,RX,F
13:43:14,ICBP,RG,8875,33,F,DX,BK,F
13:43:14,ICBP,RG,8875,8,F,ZP,BK,F
13:43:05,ICBP,RG,8875,10,F,ZP,PD,D
13:42:59,ICBP,RG,8875,20,F,ZP,BK,F
13:42:58,ICBP,RG,8875,1,F,ZP,KK,D
13:42:57,ICBP,RG,8875,14,F,ZP,BK,F
13:42:51,ICBP,RG,8900,18,D,IF,YU,D
13:42:51,ICBP,RG,8900,2,D,IF,KK,D
13:42:51,ICBP,RG,8900,20,D,IF,YP,D
13:42:51,ICBP,RG,8900,8,D,IF,XC,D
13:42:51,ICBP,RG,8900,5,D,IF,PD,D
13:42:51,ICBP,RG,8900,4,D,IF,CC,D
13:42:51,ICBP,RG,8900,1,D,IF,EP,D
13:42:51,ICBP,RG,8900,1,D,IF,PD,D
13:42:51,ICBP,RG,8900,5,D,IF,PD,D
13:42:51,ICBP,RG,8900,15,D,IF,YU,D
13:42:51,ICBP,RG,8900,30,D,IF,RO,D
13:42:51,ICBP,RG,8900,3,D,IF,YP,D
13:42:51,ICBP,RG,8900,1,D,IF,XC,D
13:42:51,ICBP,RG,8900,35,D,IF,PD,D
13:42:51,ICBP,RG,8900,10,D,IF,AZ,D
13:42:51,ICBP,RG,8900,4,D,IF,BQ,D
13:42:51,ICBP,RG,8900,10,D,IF,EP,D
13:42:51,ICBP,RG,8900,1,D,IF,NI,D
13:42:51,ICBP,RG,8900,10,D,IF,DH,D
13:42:51,ICBP,RG,8900,5,D,IF,CC,D
13:42:51,ICBP,RG,8900,1,D,IF,XC,D
13:42:51,ICBP,RG,8900,2,D,IF,YP,D
13:42:51,ICBP,RG,8900,50,D,IF,YP,D
13:42:51,ICBP,RG,8900,8,D,IF,NI,D
13:42:51,ICBP,RG,8900,1,D,IF,XC,D
13:42:51,ICBP,RG,8900,1,D,IF,PD,D
13:42:51,ICBP,RG,8900,6,D,IF,AT,D
13:42:51,ICBP,RG,8900,1,D,IF,YP,D
13:42:51,ICBP,RG,8900,35,D,IF,PD,D
13:42:51,ICBP,RG,8900,10,D,IF,SQ,D
13:42:51,ICBP,RG,8900,1,D,IF,XC,D
13:42:51,ICBP,RG,8900,3,D,IF,CC,D
13:42:51,ICBP,RG,8900,15,D,IF,KK,D
13:42:51,ICBP,RG,8900,3,D,IF,DH,D
13:42:51,ICBP,RG,8900,5,D,IF,TP,D
13:42:51,ICBP,RG,8900,2,D,IF,XC,D
13:42:51,ICBP,RG,8900,2,D,IF,XC,D
13:42:51,ICBP,RG,8900,2,D,IF,CC,D
13:42:51,ICBP,RG,8900,1,D,IF,YU,D
13:42:51,ICBP,RG,8900,7,D,IF,PD,D
13:42:51,ICBP,RG,8900,1,D,IF,YP,D
13:42:51,ICBP,RG,8900,3,D,IF,XC,D
13:42:51,ICBP,RG,8900,2,D,IF,YP,D
13:42:51,ICBP,RG,8900,5,D,IF,PD,D
13:42:51,ICBP,RG,8900,1,D,IF,YP,D
13:42:51,ICBP,RG,8900,10,D,IF,PD,D
13:42:51,ICBP,RG,8900,1,D,IF,NI,D
13:42:51,ICBP,RG,8900,30,D,IF,OD,D
13:42:51,ICBP,RG,8900,2,D,IF,KK,D
13:42:51,ICBP,RG,8900,1,D,IF,SQ,D
13:42:51,ICBP,RG,8900,1,D,IF,CC,D
13:42:51,ICBP,RG,8900,5,D,IF,PD,D
13:42:51,ICBP,RG,8900,4,D,IF,XC,D
13:42:51,ICBP,RG,8900,60,D,IF,CC,D
13:42:51,ICBP,RG,8900,30,D,IF,GR,D
13:42:51,ICBP,RG,8900,3,D,IF,PD,D
13:42:51,ICBP,RG,8900,20,D,IF,EP,D
13:42:51,ICBP,RG,8900,5,D,IF,SQ,D
13:42:51,ICBP,RG,8900,1,D,IF,NI,D
13:42:51,ICBP,RG,8900,70,D,IF,NI,D
13:42:51,ICBP,RG,8900,9,D,IF,YP,D
13:42:51,ICBP,RG,8900,10,D,IF,NI,D
13:42:51,ICBP,RG,8900,10,D,IF,NI,D
13:42:51,ICBP,RG,8900,3,D,IF,PD,D
13:42:51,ICBP,RG,8900,1,D,IF,CC,D
13:42:51,ICBP,RG,8900,1,D,IF,KK,D
13:42:51,ICBP,RG,8900,10,D,IF,YP,D
13:42:51,ICBP,RG,8900,1,D,IF,PD,D
13:42:51,ICBP,RG,8900,25,D,IF,XC,D
13:42:51,ICBP,RG,8900,50,D,IF,YP,D
13:42:51,ICBP,RG,8900,3,D,IF,YP,D
13:42:51,ICBP,RG,8900,1,D,IF,PD,D
13:42:51,ICBP,RG,8900,3,D,IF,YP,D
13:42:51,ICBP,RG,8900,1,D,IF,PD,D
13:42:51,ICBP,RG,8900,1,D,IF,XC,D
13:42:51,ICBP,RG,8900,3,D,IF,KK,D
13:42:51,ICBP,RG,8900,1,D,IF,YP,D
13:42:51,ICBP,RG,8900,1,D,IF,NI,D
13:42:51,ICBP,RG,8900,5,D,IF,PD,D
13:42:51,ICBP,RG,8900,5,D,IF,NI,D
13:42:51,ICBP,RG,8900,1,D,IF,PD,D
13:42:51,ICBP,RG,8900,51,D,IF,XC,D
13:42:51,ICBP,RG,8900,1,D,IF,DR,D
13:42:51,ICBP,RG,8900,5,D,IF,XC,D
13:42:51,ICBP,RG,8900,3,D,IF,NI,D
13:42:51,ICBP,RG,8900,1,D,IF,NI,D
13:42:51,ICBP,RG,8900,10,D,IF,YP,D
13:42:51,ICBP,RG,8900,8,D,IF,CP,D
13:42:51,ICBP,RG,8900,1,D,IF,CC,D
13:42:51,ICBP,RG,8900,9,D,IF,XC,D
13:42:51,ICBP,RG,8900,10,D,IF,DH,D
13:42:51,ICBP,RG,8900,10,D,IF,YP,D
13:42:51,ICBP,RG,8900,3,D,IF,PD,D
13:42:51,ICBP,RG,8900,20,D,IF,AN,D
13:42:51,ICBP,RG,8900,1,D,IF,XC,D
13:42:51,ICBP,RG,8900,1,D,IF,CC,D
13:42:51,ICBP,RG,8900,3,D,IF,PD,D
13:42:51,ICBP,RG,8900,1,D,IF,AO,D
13:42:51,ICBP,RG,8900,1,D,IF,YJ,D
13:42:51,ICBP,RG,8900,1,D,IF,GR,D
13:42:51,ICBP,RG,8900,20,D,IF,DH,D
13:42:51,ICBP,RG,8900,1,D,IF,XC,D
13:42:51,ICBP,RG,8900,1,D,IF,YP,D
13:42:51,ICBP,RG,8900,42,D,IF,IH,D
13:42:51,ICBP,RG,8900,1,D,IF,GR,D
13:42:51,ICBP,RG,8900,3,D,IF,XC,D
13:42:51,ICBP,RG,8900,1,D,IF,PD,D
13:42:51,ICBP,RG,8900,10,D,IF,YP,D
13:42:51,ICBP,RG,8900,2,D,IF,YB,D
13:42:51,ICBP,RG,8900,20,D,IF,CC,D
13:42:51,ICBP,RG,8900,1,D,IF,PD,D
13:42:51,ICBP,RG,8900,2,D,IF,KK,D
13:42:51,ICBP,RG,8900,5,D,IF,YP,D
13:42:51,ICBP,RG,8900,7,D,IF,CC,D
13:42:39,ICBP,RG,8875,1,F,ZP,CC,D
13:42:32,ICBP,RG,8875,3,F,ZP,RX,F
13:42:30,ICBP,RG,8875,1,F,ZP,YP,D
13:42:30,ICBP,RG,8875,13,F,ZP,BK,F
13:42:29,ICBP,RG,8875,27,F,ZP,RX,F
13:42:25,ICBP,RG,8875,7,F,ZP,BK,F
13:42:25,ICBP,RG,8875,5,D,KK,BK,F
13:42:25,ICBP,RG,8875,1,D,YP,BK,F
13:42:25,ICBP,RG,8875,2,D,YP,BK,F
13:42:25,ICBP,RG,8875,1,D,CC,BK,F
13:42:25,ICBP,RG,8875,1,D,XC,BK,F
13:42:25,ICBP,RG,8875,1,D,XC,BK,F
13:42:25,ICBP,RG,8875,3,D,XC,BK,F
13:42:25,ICBP,RG,8875,5,D,XC,BK,F
13:42:25,ICBP,RG,8875,1,D,YP,BK,F
13:42:25,ICBP,RG,8875,20,D,SQ,BK,F
13:42:25,ICBP,RG,8875,5,F,ZP,BK,F
13:42:09,ICBP,RG,8875,24,F,ZP,DH,D
13:42:05,ICBP,RG,8875,1,F,ZP,DR,D
13:42:04,ICBP,RG,8875,33,F,ZP,BK,F
13:42:00,ICBP,RG,8875,11,F,ZP,BK,F
13:41:56,ICBP,RG,8875,1,F,ZP,RX,F
13:41:54,ICBP,RG,8875,5,F,ZP,CC,D
13:41:53,ICBP,RG,8875,24,F,ZP,RX,F
13:41:53,ICBP,RG,8875,3,D,CC,RX,F
13:41:53,ICBP,RG,8875,3,F,DX,RX,F
13:41:52,ICBP,RG,8900,1,D,CC,CC,D
13:41:51,ICBP,RG,8875,23,F,DX,MG,D
13:41:48,ICBP,RG,8875,1,F,DX,CC,D
13:41:46,ICBP,RG,8875,35,F,DX,BK,F
13:41:44,ICBP,RG,8875,7,F,DX,RX,D
13:41:43,ICBP,RG,8875,5,F,DX,CC,D
13:41:43,ICBP,RG,8875,11,F,DX,BK,F
13:41:41,ICBP,RG,8875,5,F,DX,DR,D
13:41:30,ICBP,RG,8875,2,F,DX,PD,D
13:41:28,ICBP,RG,8875,3,F,DX,RX,D
13:41:23,ICBP,RG,8875,28,F,DX,BK,F
13:41:21,ICBP,RG,8900,1,D,XC,CC,D
13:41:21,ICBP,RG,8875,8,F,DX,BK,F
13:41:21,ICBP,RG,8875,7,F,DX,RX,D
13:41:14,ICBP,RG,8875,1,F,DX,GR,D
13:41:11,ICBP,RG,8875,1,F,DX,XC,D
13:41:11,ICBP,RG,8875,23,F,DX,RX,F
13:41:10,ICBP,RG,8875,2,F,DX,RX,D
13:41:08,ICBP,RG,8875,100,F,DX,YP,D
13:41:08,ICBP,RG,8875,2,F,DX,RX,F
13:41:06,ICBP,RG,8875,22,F,DX,RX,F
13:41:05,ICBP,RG,8875,11,F,DX,BK,F
13:40:57,ICBP,RG,8875,1,F,DX,YP,D
13:40:57,ICBP,RG,8875,7,F,DX,RX,D
13:40:56,ICBP,RG,8875,2,F,DX,XC,D
13:40:55,ICBP,RG,8875,47,F,DX,BK,F
13:40:49,ICBP,RG,8875,1,F,DX,DR,D
13:40:48,ICBP,RG,8875,9,F,DX,BK,F
13:40:38,ICBP,RG,8875,25,F,DX,BK,F
13:40:34,ICBP,RG,8875,8,F,DX,RX,D
13:40:29,ICBP,RG,8875,29,F,DX,RX,F
13:40:27,ICBP,RG,8900,7,D,LG,CC,D
13:40:25,ICBP,RG,8875,10,F,DX,NI,D
13:40:22,ICBP,RG,8875,10,F,DX,KK,D
13:40:18,ICBP,RG,8875,13,F,DX,BK,F
13:40:14,ICBP,RG,8875,1,F,DX,YP,D
13:40:13,ICBP,RG,8875,7,F,DX,KK,D
13:40:12,ICBP,RG,8875,37,F,DX,BK,F
13:40:05,ICBP,RG,8875,7,F,DX,RX,D
13:40:02,ICBP,RG,8875,26,F,DX,YU,F
13:40:00,ICBP,RG,8875,8,F,DX,BK,F
13:39:59,ICBP,RG,8875,3,F,DX,DH,D
13:39:56,ICBP,RG,8875,2,F,DX,NI,D
13:39:55,ICBP,RG,8875,25,F,DX,RX,F
13:39:55,ICBP,RG,8875,1,F,DX,XC,D
13:39:54,ICBP,RG,8875,1,F,DX,YP,D
13:39:45,ICBP,RG,8875,8,F,DX,RX,D
13:39:44,ICBP,RG,8875,1,F,DX,YP,D
13:39:44,ICBP,RG,8875,44,F,DX,BK,F
13:39:38,ICBP,RG,8875,9,F,DX,BK,F
13:39:31,ICBP,RG,8875,15,F,DX,BK,F
13:39:23,ICBP,RG,8875,28,F,DX,RX,D
13:39:19,ICBP,RG,8875,8,F,DX,BK,F
13:39:17,ICBP,RG,8875,2,F,DX,ZP,F
13:39:15,ICBP,RG,8875,1,F,DX,RX,F
13:39:14,ICBP,RG,8875,5,F,DX,RX,D
13:39:14,ICBP,RG,8875,8,F,DX,RX,F
13:39:12,ICBP,RG,8875,35,F,DX,BK,F
13:39:11,ICBP,RG,8875,1,F,DX,RX,F
13:39:06,ICBP,RG,8875,3,F,DX,RX,D
13:39:04,ICBP,RG,8875,3,F,DX,RX,D
13:38:59,ICBP,RG,8875,6,F,DX,RX,F
13:38:59,ICBP,RG,8875,10,F,DX,BK,F
13:38:58,ICBP,RG,8875,14,F,DX,BK,F
13:38:48,ICBP,RG,8875,1,F,DX,GR,D
13:38:48,ICBP,RG,8900,2,D,YP,CC,D
13:38:46,ICBP,RG,8875,4,F,DX,RX,F
13:38:45,ICBP,RG,8900,6,F,DX,CC,D
13:38:45,ICBP,RG,8900,12,F,DX,YU,D
13:38:44,ICBP,RG,8875,3,F,DX,RX,F
13:38:44,ICBP,RG,8875,2,D,YP,RX,F
13:38:44,ICBP,RG,8875,1,D,PD,RX,F
13:38:44,ICBP,RG,8875,5,D,DH,RX,F
13:38:44,ICBP,RG,8875,4,D,PD,RX,F
13:38:44,ICBP,RG,8875,4,D,KK,RX,F
13:38:43,ICBP,RG,8875,6,D,KK,BK,F
13:38:43,ICBP,RG,8875,1,D,KK,BK,F
13:38:43,ICBP,RG,8875,1,D,KK,BK,F
13:38:43,ICBP,RG,8875,1,D,PD,BK,F
13:38:43,ICBP,RG,8875,1,D,PD,BK,F
13:38:43,ICBP,RG,8875,2,D,PD,BK,F
13:38:43,ICBP,RG,8875,1,D,YP,BK,F
13:38:43,ICBP,RG,8875,7,D,LG,BK,F
13:38:38,ICBP,RG,8875,3,D,LG,BK,F
13:38:38,ICBP,RG,8875,1,D,PD,BK,F
13:38:38,ICBP,RG,8875,1,D,DH,BK,F
13:38:38,ICBP,RG,8875,1,D,YP,BK,F
13:38:38,ICBP,RG,8875,6,D,GR,BK,F
13:38:35,ICBP,RG,8875,2,D,GR,RX,D
13:38:34,ICBP,RG,8900,6,D,PD,YU,D
13:38:31,ICBP,RG,8875,2,D,GR,BK,F
13:38:31,ICBP,RG,8875,1,D,KK,BK,F
13:38:31,ICBP,RG,8875,2,D,KK,BK,F
13:38:31,ICBP,RG,8875,1,D,KK,BK,F
13:38:31,ICBP,RG,8875,5,D,PD,BK,F
13:38:31,ICBP,RG,8875,1,D,PD,BK,F
13:38:31,ICBP,RG,8875,2,D,NI,BK,F
13:38:27,ICBP,RG,8875,10,D,NI,PD,D
13:38:22,ICBP,RG,8875,7,D,NI,BK,F
13:38:14,ICBP,RG,8900,15,F,DX,YU,D
13:38:13,ICBP,RG,8875,6,D,NI,RX,F
13:38:12,ICBP,RG,8875,25,D,NI,BK,F
13:38:10,ICBP,RG,8875,1,D,NI,RX,F
13:38:08,ICBP,RG,8875,8,D,NI,BK,F
13:38:07,ICBP,RG,8875,5,D,NI,RX,F
13:38:06,ICBP,RG,8875,7,D,NI,RX,D
13:38:06,ICBP,RG,8900,16,F,DX,YU,D
13:38:04,ICBP,RG,8875,75,D,NI,RX,F
13:38:02,ICBP,RG,8875,40,D,NI,RX,D
13:38:02,ICBP,RG,8900,1,D,NI,YU,D
13:38:02,ICBP,RG,8900,5,D,NI,KK,D
13:38:02,ICBP,RG,8900,4,D,NI,PD,D
13:38:02,ICBP,RG,8900,10,D,NI,NI,D
13:38:02,ICBP,RG,8900,2,D,NI,YP,D
13:38:02,ICBP,RG,8900,8,D,NI,SQ,D
13:38:01,ICBP,RG,8900,1,D,YB,SQ,D
13:37:59,ICBP,RG,8875,14,D,NI,BK,F
13:37:56,ICBP,RG,8900,18,F,DX,SQ,D
13:37:53,ICBP,RG,8900,73,D,NI,SQ,D
13:37:53,ICBP,RG,8900,27,D,NI,FS,D
13:37:47,ICBP,RG,8900,3,D,NI,FS,D
13:37:46,ICBP,RG,8875,11,D,KZ,BK,F
13:37:45,ICBP,RG,8900,10,D,CC,FS,D
13:37:39,ICBP,RG,8900,20,F,DX,FS,D
13:37:38,ICBP,RG,8900,1,D,CC,FS,D
13:37:36,ICBP,RG,8875,10,D,KZ,RX,D
13:37:34,ICBP,RG,8900,15,F,DX,FS,D
13:37:33,ICBP,RG,8875,26,D,KZ,BK,F
13:37:33,ICBP,RG,8875,40,D,KZ,YP,D
13:37:33,ICBP,RG,8875,16,D,KZ,RX,F
13:37:30,ICBP,RG,8875,10,D,KZ,BK,F
13:37:17,ICBP,RG,8875,28,D,KZ,BK,F
13:37:08,ICBP,RG,8875,12,D,KZ,RX,D
13:37:04,ICBP,RG,8875,11,D,KZ,BK,F
13:36:59,ICBP,RG,8900,14,F,DX,FS,D
13:36:57,ICBP,RG,8875,49,D,KZ,RX,F
13:36:54,ICBP,RG,8875,21,D,KZ,BK,F
13:36:46,ICBP,RG,8875,10,D,KZ,BK,F
13:36:41,ICBP,RG,8875,25,D,KZ,YU,F
13:36:41,ICBP,RG,8875,13,D,KZ,BK,F
13:36:29,ICBP,RG,8900,10,F,DX,FS,D
13:36:29,ICBP,RG,8900,10,F,DX,NI,D
13:36:27,ICBP,RG,8875,54,D,KZ,ZP,F
13:36:27,ICBP,RG,8900,1,F,DX,XC,D
13:36:27,ICBP,RG,8900,11,F,DX,YP,D
13:36:27,ICBP,RG,8900,1,F,DX,XC,D
13:36:27,ICBP,RG,8900,4,F,DX,DH,D
13:36:27,ICBP,RG,8900,1,F,DX,PD,D
13:36:27,ICBP,RG,8900,1,F,DX,PD,D
13:36:27,ICBP,RG,8900,1,F,DX,EP,D
13:36:27,ICBP,RG,8875,42,D,KZ,PD,D
13:36:26,ICBP,RG,8875,10,D,KZ,BK,F
13:36:26,ICBP,RG,8875,7,D,KZ,ZP,F
13:36:24,ICBP,RG,8875,29,D,KZ,RX,F
13:36:23,ICBP,RG,8875,40,D,KZ,YP,D
13:36:23,ICBP,RG,8875,29,D,KZ,BK,F
13:36:06,ICBP,RG,8875,1,D,KZ,KK,D
13:36:05,ICBP,RG,8900,1,F,DX,EP,D
13:36:05,ICBP,RG,8900,2,F,DX,NI,D
13:36:05,ICBP,RG,8900,5,F,DX,SQ,D
13:36:05,ICBP,RG,8900,12,F,DX,PD,D
13:36:05,ICBP,RG,8900,1,F,DX,KK,D
13:36:02,ICBP,RG,8875,25,D,KZ,BK,F
13:36:02,ICBP,RG,8875,2,D,KZ,CC,D
13:35:59,ICBP,RG,8875,12,D,KZ,BK,F
13:35:56,ICBP,RG,8875,2,D,KZ,RX,D
13:35:51,ICBP,RG,8875,34,D,KZ,RX,F
13:35:49,ICBP,RG,8875,17,D,KZ,BK,F
13:35:43,ICBP,RG,8875,9,D,KZ,BK,F
13:35:39,ICBP,RG,8900,15,F,DX,KK,D
13:35:37,ICBP,RG,8875,16,D,KZ,BK,F
13:35:23,ICBP,RG,8875,2,D,KZ,TP,D
13:35:22,ICBP,RG,8875,20,D,KZ,AK,D
13:35:22,ICBP,RG,8875,21,D,KZ,AK,D
13:35:21,ICBP,RG,8875,12,D,KZ,BK,F
13:35:19,ICBP,RG,8875,22,D,KZ,BK,F
13:35:16,ICBP,RG,8900,20,F,DX,AZ,D
13:35:14,ICBP,RG,8875,2,D,KZ,RX,F
13:35:13,ICBP,RG,8875,32,D,KZ,RX,F
13:35:12,ICBP,RG,8875,10,D,KZ,BK,F
13:35:08,ICBP,RG,8875,35,D,KZ,RX,D
13:35:07,ICBP,RG,8875,2,D,KZ,RX,D
13:35:05,ICBP,RG,8875,6,D,KZ,RX,D
13:35:04,ICBP,RG,8875,3,D,KZ,RX,D
13:34:56,ICBP,RG,8900,16,F,DX,AZ,D
13:34:56,ICBP,RG,8875,10,D,KZ,RX,D
13:34:55,ICBP,RG,8875,13,D,KZ,BK,F
13:34:54,ICBP,RG,8875,24,D,KZ,BK,F
13:34:49,ICBP,RG,8900,2,D,PD,AZ,D
13:34:47,ICBP,RG,8875,14,D,KZ,BK,F
13:34:43,ICBP,RG,8875,12,D,KZ,CC,D
13:34:42,ICBP,RG,8875,8,D,KZ,BK,F
13:34:35,ICBP,RG,8875,4,D,KZ,RX,F
13:34:33,ICBP,RG,8900,17,F,DX,AZ,D
13:34:32,ICBP,RG,8875,66,D,KZ,RX,F
13:34:30,ICBP,RG,8875,6,D,KZ,NI,D
13:34:28,ICBP,RG,8900,18,F,DX,AZ,D
13:34:28,ICBP,RG,8875,10,D,KZ,RX,D
13:34:28,ICBP,RG,8875,23,D,KZ,BK,F
13:34:26,ICBP,RG,8875,56,D,KZ,YP,D
13:34:18,ICBP,RG,8875,12,D,KZ,BK,F
13:34:11,ICBP,RG,8875,2,D,KZ,RX,D
13:34:10,ICBP,RG,8900,9,F,DX,AZ,D
13:34:10,ICBP,RG,8900,10,F,DX,GR,D
13:34:10,ICBP,RG,8900,1,F,DX,PD,D
13:34:10,ICBP,RG,8875,19,D,KZ,BK,F
13:34:09,ICBP,RG,8875,50,D,KZ,YP,D
13:34:06,ICBP,RG,8875,9,D,KZ,BK,F
13:34:04,ICBP,RG,8875,56,D,KZ,YP,D
13:34:03,ICBP,RG,8875,12,D,KZ,BK,F
13:34:02,ICBP,RG,8875,8,D,KZ,RX,D
13:33:56,ICBP,RG,8875,1,D,KZ,PD,D
13:33:52,ICBP,RG,8875,5,D,KZ,RX,F
13:33:51,ICBP,RG,8875,21,D,KZ,BK,F
13:33:51,ICBP,RG,8875,23,D,KZ,RX,F
13:33:49,ICBP,RG,8875,10,D,KZ,BK,F
13:33:44,ICBP,RG,8875,12,D,KZ,BK,F
13:33:40,ICBP,RG,8875,11,D,KZ,RX,D
13:33:38,ICBP,RG,8900,1,D,PD,CC,D
13:33:37,ICBP,RG,8875,8,D,KZ,BK,F
13:33:35,ICBP,RG,8875,15,D,KZ,BK,F
13:33:33,ICBP,RG,8875,1,D,KZ,PD,D
13:33:33,ICBP,RG,8875,2,D,KZ,RX,D
13:33:31,ICBP,RG,8875,8,D,KZ,BK,F
13:33:30,ICBP,RG,8875,3,D,KZ,RX,D
13:33:22,ICBP,RG,8875,28,D,KZ,YU,F
13:33:20,ICBP,RG,8875,8,D,KZ,BK,F
13:33:18,ICBP,RG,8875,4,D,KZ,RX,F
13:33:17,ICBP,RG,8875,18,D,KZ,BK,F
13:33:15,ICBP,RG,8875,20,D,KZ,RX,F
13:33:12,ICBP,RG,8875,11,D,KZ,RX,D
13:33:12,ICBP,RG,8875,9,D,KZ,BK,F
13:33:11,ICBP,RG,8875,20,D,KZ,RX,F
13:33:11,ICBP,RG,8875,70,D,KZ,ZP,F
13:33:04,ICBP,RG,8875,10,D,KZ,BK,F
13:33:04,ICBP,RG,8875,9,D,KZ,BK,F
13:32:57,ICBP,RG,8875,14,D,KZ,BK,F
13:32:53,ICBP,RG,8875,5,D,KZ,YP,D
13:32:53,ICBP,RG,8875,9,D,KZ,BK,F
13:32:53,ICBP,RG,8875,5,D,KZ,AZ,D
13:32:49,ICBP,RG,8875,12,D,KZ,BK,F
13:32:42,ICBP,RG,8875,9,D,KZ,RX,D
13:32:41,ICBP,RG,8875,7,D,KZ,BK,F
13:32:40,ICBP,RG,8875,12,D,KZ,BK,F
13:32:34,ICBP,RG,8875,3,D,KZ,RX,F
13:32:33,ICBP,RG,8875,3,D,KZ,YP,D
13:32:31,ICBP,RG,8875,12,D,KZ,BK,F
13:32:31,ICBP,RG,8875,32,D,KZ,RX,F
13:32:27,ICBP,RG,8875,1,D,KZ,PD,D
13:32:27,ICBP,RG,8875,9,D,KZ,BK,F
13:32:26,ICBP,RG,8875,9,D,KZ,BK,F
13:32:26,ICBP,RG,8875,5,D,KZ,LG,D
13:32:25,ICBP,RG,8875,3,D,KZ,RX,D
13:32:19,ICBP,RG,8875,7,D,KZ,RX,D
13:32:19,ICBP,RG,8875,12,D,KZ,BK,F
13:32:13,ICBP,RG,8875,9,D,KZ,BK,F
13:32:11,ICBP,RG,8875,13,D,KZ,BK,F
13:32:08,ICBP,RG,8875,12,D,KZ,BK,F
13:32:07,ICBP,RG,8875,38,D,KZ,PD,D
13:32:07,ICBP,RG,8875,5,D,PD,PD,D
13:32:02,ICBP,RG,8875,5,D,PD,BK,F
13:32:02,ICBP,RG,8875,8,F,ZP,BK,F
13:32:01,ICBP,RG,8875,8,F,ZP,BK,F
13:32:00,ICBP,RG,8875,2,F,ZP,RX,F
13:31:59,ICBP,RG,8875,2,F,ZP,RX,F
13:31:59,ICBP,RG,8875,4,F,ZP,RX,D
13:31:59,ICBP,RG,8875,5,D,GR,RX,D
13:31:59,ICBP,RG,8875,1,D,CD,RX,D
13:31:57,ICBP,RG,8875,8,D,SQ,BK,F
13:31:56,ICBP,RG,8875,2,D,SQ,RX,F
13:31:53,ICBP,RG,8875,5,D,SQ,BK,F
13:31:53,ICBP,RG,8875,7,F,DX,BK,F
13:31:53,ICBP,RG,8875,2,F,DX,RX,F
13:31:52,ICBP,RG,8875,7,F,DX,BK,F
13:31:51,ICBP,RG,8875,30,F,DX,RX,F
13:31:48,ICBP,RG,8875,8,D,XC,BK,F
13:31:43,ICBP,RG,8875,9,D,XC,BK,F
13:31:39,ICBP,RG,8875,9,D,XC,BK,F
13:31:38,ICBP,RG,8875,9,D,XC,BK,F
13:31:37,ICBP,RG,8875,11,D,XC,BK,F
13:31:34,ICBP,RG,8875,8,D,XC,RX,D
13:31:31,ICBP,RG,8875,9,D,XC,BK,F
13:31:29,ICBP,RG,8875,13,D,XC,BK,F
13:31:24,ICBP,RG,8875,11,D,XC,BK,F
13:31:21,ICBP,RG,8875,13,D,XC,PD,D
13:31:21,ICBP,RG,8875,1,D,PD,PD,D
13:31:21,ICBP,RG,8875,28,F,DX,PD,D
13:31:19,ICBP,RG,8875,7,F,DX,BK,F
13:31:19,ICBP,RG,8875,1,D,PD,BK,F
13:31:19,ICBP,RG,8875,1,D,YP,BK,F
13:31:16,ICBP,RG,8875,9,F,ZP,RX,F
13:31:16,ICBP,RG,8875,13,F,ZP,BK,F
13:31:13,ICBP,RG,8875,3,F,ZP,RX,F
13:31:13,ICBP,RG,8875,27,F,ZP,RX,D
13:31:10,ICBP,RG,8875,53,F,ZP,RX,F
13:31:10,ICBP,RG,8875,2,F,ZP,RX,D
13:31:10,ICBP,RG,8875,10,F,ZP,BK,F
13:31:07,ICBP,RG,8875,60,F,ZP,CP,D
13:31:06,ICBP,RG,8875,9,F,ZP,BK,F
13:31:02,ICBP,RG,8875,11,F,ZP,BK,F
13:30:58,ICBP,RG,8875,11,F,ZP,BK,F
13:30:55,ICBP,RG,8875,1,F,ZP,PD,D
13:30:55,ICBP,RG,8875,14,F,ZP,BK,F
13:30:51,ICBP,RG,8900,1,D,XC,PD,D
13:30:51,ICBP,RG,8900,1,D,XC,CC,F
13:30:50,ICBP,RG,8875,12,F,ZP,BK,F
13:30:45,ICBP,RG,8875,8,F,ZP,BK,F
13:30:43,ICBP,RG,8875,8,F,ZP,BK,F
13:30:40,ICBP,RG,8900,6,D,LG,CC,F
13:30:39,ICBP,RG,8875,13,F,ZP,BK,F
13:30:38,ICBP,RG,8875,49,F,ZP,RX,F
13:30:37,ICBP,RG,8875,17,F,ZP,BK,F
13:30:33,ICBP,RG,8875,7,F,ZP,RX,F
13:30:31,ICBP,RG,8875,5,F,ZP,RX,F
13:30:31,ICBP,RG,8900,27,F,DX,CC,F
13:30:30,ICBP,RG,8875,62,F,ZP,RX,F
13:30:30,ICBP,RG,8875,2,D,PD,RX,F
13:30:30,ICBP,RG,8875,1,D,PD,RX,F
13:30:30,ICBP,RG,8875,33,F,DX,RX,F
13:30:30,ICBP,RG,8875,37,F,DX,RX,F
13:30:30,ICBP,RG,8875,3,D,YP,RX,F
13:30:30,ICBP,RG,8875,144,F,DX,RX,F
13:30:30,ICBP,RG,8875,111,F,ZP,RX,F
13:30:30,ICBP,RG,8875,166,D,KZ,RX,F
13:30:29,ICBP,RG,8875,10,D,KZ,BK,F
13:30:24,ICBP,RG,8875,2,D,KZ,YP,D
13:30:24,ICBP,RG,8875,10,D,KZ,YP,D
13:30:22,ICBP,RG,8875,3,D,KZ,YP,D
13:30:22,ICBP,RG,8875,1,D,KZ,PD,D
13:30:21,ICBP,RG,8875,20,D,KZ,YP,D
13:30:19,ICBP,RG,8875,68,D,KZ,RX,F
13:30:19,ICBP,RG,8875,15,D,KZ,CC,D
13:30:17,ICBP,RG,8875,1,D,KZ,YP,D
13:30:17,ICBP,RG,8875,6,D,KZ,AK,F
13:30:16,ICBP,RG,8875,18,D,KZ,XC,D
13:30:16,ICBP,RG,8875,7,D,KZ,XC,D
13:30:16,ICBP,RG,8875,1,D,KZ,XC,D
13:30:15,ICBP,RG,8875,1,D,KZ,XC,D
13:30:15,ICBP,RG,8875,1,D,KZ,XC,D
13:30:15,ICBP,RG,8875,10,D,KZ,CC,D
13:30:15,ICBP,RG,8900,1,D,XC,CC,F
13:30:15,ICBP,RG,8875,2,D,KZ,YP,D
13:30:14,ICBP,RG,8875,4,D,KZ,XC,D
13:30:14,ICBP,RG,8875,10,D,KZ,XC,D
13:30:14,ICBP,RG,8875,1,D,KZ,XC,D
13:30:14,ICBP,RG,8900,1,D,XC,CC,F
13:30:14,ICBP,RG,8875,3,D,KZ,CC,D
13:30:14,ICBP,RG,8875,106,D,KZ,CC,D
13:30:14,ICBP,RG,8875,3,D,KZ,XC,D
13:30:14,ICBP,RG,8900,1,D,XC,CC,F
13:30:13,ICBP,RG,8875,1,D,KZ,XC,D
13:30:13,ICBP,RG,8875,27,D,KZ,YU,F
13:30:13,ICBP,RG,8875,10,D,KZ,PD,D
13:30:13,ICBP,RG,8875,9,D,KZ,PD,D
13:30:13,ICBP,RG,8875,1,D,KZ,PD,D
13:30:13,ICBP,RG,8900,1,D,YP,CC,F
13:30:13,ICBP,RG,8875,1,D,KZ,YP,D
13:30:12,ICBP,RG,8875,10,D,KZ,CC,D
13:30:11,ICBP,RG,8875,1,D,KZ,PD,D
13:30:11,ICBP,RG,8875,10,D,KZ,XC,D
13:30:11,ICBP,RG,8875,8,D,KZ,XC,D
13:30:11,ICBP,RG,8875,1,D,KZ,XC,D
13:30:11,ICBP,RG,8875,1,D,KZ,XC,D
13:30:11,ICBP,RG,8875,1,D,KZ,XC,D
13:30:11,ICBP,RG,8875,2,D,KZ,SQ,D
13:30:11,ICBP,RG,8875,1,D,KZ,XC,D
13:30:10,ICBP,RG,8875,10,D,KZ,YP,D
