Time,Stock,Brd,Price,Qty,BT,BC,SC,ST
15:10:41,ICBP,RG,8150,25,D,CP,CC,D
15:10:16,ICBP,RG,8150,1,D,OD,XC,D
15:09:50,ICBP,RG,8150,32,F,CS,CC,D
15:09:50,ICBP,RG,8150,3,F,CS,CC,D
15:08:18,ICBP,RG,8150,2,F,CS,SQ,D
15:07:17,ICBP,RG,8150,1,F,CS,DH,D
15:05:58,ICBP,RG,8150,36,F,CS,YP,D
15:05:46,ICBP,RG,8150,42,F,CS,DH,D
15:05:31,ICBP,RG,8150,10,F,CS,YJ,D
15:05:23,ICBP,RG,8150,1,F,CS,SQ,D
15:05:06,ICBP,RG,8150,6,F,CS,YP,D
15:05:04,ICBP,RG,8150,3,F,CS,CC,D
15:05:02,ICBP,RG,8150,5,F,CS,PD,D
15:05:02,ICBP,RG,8150,1,F,CS,EP,D
15:00:00,ICBP,RG,8150,17,F,CS,XA,D
15:00:00,ICBP,RG,8150,20,F,CS,YP,D
15:00:00,ICBP,RG,8150,23,F,CS,DH,D
15:00:00,ICBP,RG,8150,6,F,CS,XA,D
15:00:00,ICBP,RG,8150,26,F,CS,AZ,D
15:00:00,ICBP,RG,8150,8,F,CS,ZP,F
15:00:00,ICBP,RG,8150,1,F,CS,RX,F
15:00:00,ICBP,RG,8150,228,F,CS,RX,F
15:00:00,ICBP,RG,8150,10,F,CS,RX,F
15:00:00,ICBP,RG,8150,25,D,CC,RX,F
15:00:00,ICBP,RG,8150,1,D,YP,RX,F
15:00:00,ICBP,RG,8150,1,D,AT,RX,F
15:00:00,ICBP,RG,8150,6,D,YP,RX,F
15:00:00,ICBP,RG,8150,1,D,YP,RX,F
15:00:00,ICBP,RG,8150,40,D,CC,RX,F
15:00:00,ICBP,RG,8150,10,D,XC,RX,F
15:00:00,ICBP,RG,8150,1,D,DH,RX,F
15:00:00,ICBP,RG,8150,5,D,PD,RX,F
15:00:00,ICBP,RG,8150,50,D,DR,RX,F
15:00:00,ICBP,RG,8150,30,D,LG,RX,F
15:00:00,ICBP,RG,8150,70,D,LG,CG,F
15:00:00,ICBP,RG,8150,2,D,AZ,CG,F
15:00:00,ICBP,RG,8150,1,D,DH,CG,F
15:00:00,ICBP,RG,8150,13,D,CC,CG,F
15:00:00,ICBP,RG,8150,30,D,CP,CG,F
15:00:00,ICBP,RG,8150,5,D,AG,CG,F
15:00:00,ICBP,RG,8150,180,D,TP,CG,F
15:00:00,ICBP,RG,8150,10,D,SQ,CG,F
15:00:00,ICBP,RG,8150,1,D,PD,CG,F
15:00:00,ICBP,RG,8150,500,D,PD,CG,F
15:00:00,ICBP,RG,8150,1,D,KK,CG,F
15:00:00,ICBP,RG,8150,98,D,SQ,CG,F
15:00:00,ICBP,RG,8150,2,D,SQ,CG,F
15:00:00,ICBP,RG,8150,16,D,YP,CG,F
15:00:00,ICBP,RG,8150,20,D,YP,CG,F
15:00:00,ICBP,RG,8150,62,D,PD,CG,F
15:00:00,ICBP,RG,8150,5,D,PD,CG,F
15:00:00,ICBP,RG,8150,1,D,PD,CG,F
15:00:00,ICBP,RG,8150,12,D,YP,CG,F
15:00:00,ICBP,RG,8150,25,D,RO,CG,F
15:00:00,ICBP,RG,8150,3,D,CC,CG,F
15:00:00,ICBP,RG,8150,5,D,YP,CG,F
15:00:00,ICBP,RG,8150,35,D,CC,CG,F
15:00:00,ICBP,RG,8150,2,D,LS,CG,F
15:00:00,ICBP,RG,8150,12,D,PD,CG,F
15:00:00,ICBP,RG,8150,3,D,PD,CG,F
15:00:00,ICBP,RG,8150,2,D,PD,CG,F
15:00:00,ICBP,RG,8150,2,D,XC,CG,F
15:00:00,ICBP,RG,8150,2,D,NI,CG,F
15:00:00,ICBP,RG,8150,1,D,SQ,CG,F
15:00:00,ICBP,RG,8150,3,D,KK,CG,F
15:00:00,ICBP,RG,8150,13,D,PD,CG,F
15:00:00,ICBP,RG,8150,2,D,PD,CG,F
15:00:00,ICBP,RG,8150,1,D,AZ,CG,F
15:00:00,ICBP,RG,8150,1,D,PD,CG,F
15:00:00,ICBP,RG,8150,1,D,DH,CG,F
15:00:00,ICBP,RG,8150,1,D,PD,CG,F
15:00:00,ICBP,RG,8150,50,D,KI,CG,F
15:00:00,ICBP,RG,8150,10,D,YP,CG,F
15:00:00,ICBP,RG,8150,172,D,EP,CG,F
15:00:00,ICBP,RG,8150,1,D,SQ,CG,F
15:00:00,ICBP,RG,8150,5,D,NI,CG,F
15:00:00,ICBP,RG,8150,123,D,MG,CG,F
15:00:00,ICBP,RG,8150,4,D,XC,CG,F
15:00:00,ICBP,RG,8150,2,D,YP,CG,F
15:00:00,ICBP,RG,8150,1,D,SQ,CG,F
15:00:00,ICBP,RG,8150,1,D,YP,CG,F
15:00:00,ICBP,RG,8150,2,D,KK,CG,F
15:00:00,ICBP,RG,8150,1,D,YP,CG,F
15:00:00,ICBP,RG,8150,75,D,GR,CG,F
15:00:00,ICBP,RG,8150,1,D,LG,CG,F
15:00:00,ICBP,RG,8150,30,D,KK,CG,F
15:00:00,ICBP,RG,8150,182,D,PD,CG,F
15:00:00,ICBP,RG,8150,2,D,YP,CG,F
15:00:00,ICBP,RG,8150,2,D,NI,CG,F
15:00:00,ICBP,RG,8150,10,D,LG,CG,F
15:00:00,ICBP,RG,8150,5,D,KI,CG,F
15:00:00,ICBP,RG,8150,20,D,KI,BK,F
15:00:00,ICBP,RG,8150,30,D,CC,BK,F
15:00:00,ICBP,RG,8150,20,D,DR,BK,F
15:00:00,ICBP,RG,8150,1,D,XC,BK,F
15:00:00,ICBP,RG,8150,1,D,YP,BK,F
15:00:00,ICBP,RG,8150,10,D,CC,BK,F
15:00:00,ICBP,RG,8150,1,D,NI,BK,F
15:00:00,ICBP,RG,8150,25,D,DH,BK,F
15:00:00,ICBP,RG,8150,1,D,NI,BK,F
15:00:00,ICBP,RG,8150,2,D,XC,BK,F
15:00:00,ICBP,RG,8150,2,D,CC,BK,F
15:00:00,ICBP,RG,8150,1,D,NI,BK,F
15:00:00,ICBP,RG,8150,5,D,YP,BK,F
15:00:00,ICBP,RG,8150,10,D,AO,BK,F
15:00:00,ICBP,RG,8150,2,D,XC,BK,F
15:00:00,ICBP,RG,8150,6,D,XC,BK,F
15:00:00,ICBP,RG,8150,14,D,XC,CS,F
15:00:00,ICBP,RG,8150,2,D,NI,CS,F
15:00:00,ICBP,RG,8150,2,D,YU,CS,F
15:00:00,ICBP,RG,8150,1,D,YP,CS,F
15:00:00,ICBP,RG,8150,1,D,PD,CS,F
15:00:00,ICBP,RG,8150,700,D,PD,CS,F
15:00:00,ICBP,RG,8150,2,D,CC,CS,F
15:00:00,ICBP,RG,8150,5,D,YP,CS,F
15:00:00,ICBP,RG,8150,2,D,YP,CS,F
15:00:00,ICBP,RG,8150,15,D,EP,CS,F
15:00:00,ICBP,RG,8150,1,D,CC,CS,F
15:00:00,ICBP,RG,8150,10,D,NI,CS,F
15:00:00,ICBP,RG,8150,2,D,AO,CS,F
15:00:00,ICBP,RG,8150,1,D,XC,CS,F
15:00:00,ICBP,RG,8150,2,D,NI,CS,F
15:00:00,ICBP,RG,8150,3,F,ZP,CS,F
15:00:00,ICBP,RG,8150,239,F,ZP,CS,F
15:00:00,ICBP,RG,8150,305,F,ZP,CS,D
15:00:00,ICBP,RG,8150,2,D,YP,CS,D
15:00:00,ICBP,RG,8150,2,D,YP,CS,D
15:00:00,ICBP,RG,8150,308,F,BK,CS,D
15:00:00,ICBP,RG,8150,2,D,YP,CS,D
15:00:00,ICBP,RG,8150,689,F,CS,CS,D
15:00:00,ICBP,RG,8150,45,F,AK,CS,D
15:00:00,ICBP,RG,8150,10,F,AK,BK,F
15:00:00,ICBP,RG,8150,44,F,AK,BK,F
15:00:00,ICBP,RG,8150,46,F,AK,BK,F
15:00:00,ICBP,RG,8150,11,F,AK,BK,F
15:00:00,ICBP,RG,8150,13,F,ZP,BK,F
15:00:00,ICBP,RG,8150,5,F,ZP,KZ,D
15:00:00,ICBP,RG,8150,3,F,ZP,KZ,F
15:00:00,ICBP,RG,8150,11,F,ZP,DP,D
14:49:57,ICBP,RG,8175,2,F,ZP,YP,D
14:49:57,ICBP,RG,8175,5,F,BK,YP,D
14:49:55,ICBP,RG,8175,6,F,BK,YP,D
14:49:53,ICBP,RG,8175,24,F,ZP,YP,D
14:49:53,ICBP,RG,8175,38,F,ZP,YP,D
14:49:50,ICBP,RG,8150,1,D,PD,ZP,F
14:49:49,ICBP,RG,8175,5,D,XC,YP,D
14:49:49,ICBP,RG,8175,1,D,XC,YP,D
14:49:43,ICBP,RG,8175,2,F,BK,YP,D
14:49:43,ICBP,RG,8175,2,F,BK,YP,D
14:49:39,ICBP,RG,8150,17,D,PD,CS,F
14:49:39,ICBP,RG,8150,8,D,PD,CS,F
14:49:39,ICBP,RG,8175,14,F,ZP,RX,F
14:49:39,ICBP,RG,8175,5,F,ZP,RX,F
14:49:38,ICBP,RG,8150,6,D,PD,RX,F
14:49:36,ICBP,RG,8175,3,F,BK,RX,F
14:49:36,ICBP,RG,8150,2,D,PD,RX,F
14:49:34,ICBP,RG,8150,10,D,PD,CS,F
14:49:34,ICBP,RG,8150,24,D,PD,CS,F
14:49:34,ICBP,RG,8150,5,D,PD,CS,F
14:49:31,ICBP,RG,8175,4,F,ZP,RX,F
14:49:30,ICBP,RG,8175,10,F,ZP,RX,F
14:49:25,ICBP,RG,8175,3,F,BK,RX,F
14:49:22,ICBP,RG,8150,5,D,PD,RX,F
14:49:20,ICBP,RG,8150,1,D,PD,RX,F
14:49:20,ICBP,RG,8175,6,F,ZP,RX,F
14:49:20,ICBP,RG,8175,2,F,ZP,CS,F
14:49:19,ICBP,RG,8175,4,F,BK,CS,F
14:49:15,ICBP,RG,8150,1,D,PD,ZP,F
14:49:14,ICBP,RG,8150,3,D,PD,RX,F
14:49:14,ICBP,RG,8150,2,D,PD,ZP,F
14:49:13,ICBP,RG,8150,13,D,PD,RX,F
14:49:13,ICBP,RG,8175,4,F,ZP,CS,F
14:49:13,ICBP,RG,8175,8,F,ZP,CS,F
14:49:13,ICBP,RG,8175,14,F,ZP,EP,D
14:49:12,ICBP,RG,8150,1,D,PD,RX,F
14:49:12,ICBP,RG,8150,14,D,PD,CS,F
14:49:12,ICBP,RG,8150,14,D,PD,CS,F
14:49:12,ICBP,RG,8150,1,D,PD,CS,F
14:49:12,ICBP,RG,8150,3,D,PD,CS,F
14:49:11,ICBP,RG,8175,3,F,BK,EP,D
14:49:09,ICBP,RG,8175,1,D,CC,EP,D
14:49:06,ICBP,RG,8150,18,D,PD,KZ,D
14:49:04,ICBP,RG,8150,7,D,PD,RX,F
14:49:03,ICBP,RG,8175,2,D,KK,EP,D
14:49:02,ICBP,RG,8150,10,D,PD,CS,F
14:49:02,ICBP,RG,8150,2,D,PD,CS,F
14:49:02,ICBP,RG,8150,1,D,LG,CS,F
14:49:02,ICBP,RG,8150,1,D,YP,CS,F
14:49:02,ICBP,RG,8150,4,D,YP,CS,F
14:49:02,ICBP,RG,8150,2,F,ZP,CS,F
14:49:02,ICBP,RG,8150,4,F,ZP,CS,F
14:49:02,ICBP,RG,8150,6,F,ZP,CS,F
14:48:56,ICBP,RG,8150,7,F,ZP,RX,F
14:48:51,ICBP,RG,8150,23,F,ZP,CS,F
14:48:45,ICBP,RG,8150,6,F,ZP,RX,F
14:48:44,ICBP,RG,8150,14,F,ZP,RX,F
14:48:40,ICBP,RG,8175,1,D,CC,EP,D
14:48:39,ICBP,RG,8175,22,F,BK,EP,D
14:48:37,ICBP,RG,8150,2,F,ZP,ZP,F
14:48:36,ICBP,RG,8150,2,F,ZP,CS,F
14:48:36,ICBP,RG,8150,23,F,ZP,CS,F
14:48:36,ICBP,RG,8150,1,D,SQ,CS,F
14:48:36,ICBP,RG,8150,1,D,PD,CS,F
14:48:36,ICBP,RG,8150,1,D,AZ,CS,F
14:48:36,ICBP,RG,8175,61,F,ZP,EP,D
14:48:36,ICBP,RG,8150,15,D,AZ,CS,F
14:48:36,ICBP,RG,8150,7,D,AZ,RX,F
14:48:35,ICBP,RG,8175,80,D,GR,EP,D
14:48:35,ICBP,RG,8150,1,D,AZ,PD,D
14:48:34,ICBP,RG,8150,4,D,AZ,RX,F
14:48:32,ICBP,RG,8150,2,D,AZ,RX,F
14:48:26,ICBP,RG,8150,2,D,AZ,RX,F
14:48:26,ICBP,RG,8175,20,D,KK,EP,D
14:48:25,ICBP,RG,8150,5,D,AZ,DR,D
14:48:25,ICBP,RG,8175,6,F,BK,EP,D
14:48:24,ICBP,RG,8150,4,D,AZ,RX,F
14:48:24,ICBP,RG,8150,2,D,AZ,RX,F
14:48:23,ICBP,RG,8150,18,D,AZ,DR,D
14:48:21,ICBP,RG,8150,4,D,AZ,KZ,D
14:48:21,ICBP,RG,8150,5,D,AZ,RX,F
14:48:20,ICBP,RG,8150,16,D,AZ,KZ,D
14:48:19,ICBP,RG,8175,6,F,BK,EP,D
14:48:17,ICBP,RG,8175,7,F,BK,EP,D
14:48:15,ICBP,RG,8150,1,D,AZ,RX,F
14:48:13,ICBP,RG,8175,6,F,BK,EP,D
14:48:13,ICBP,RG,8150,9,D,AZ,RX,F
14:48:12,ICBP,RG,8150,9,D,AZ,DR,D
14:48:12,ICBP,RG,8175,51,F,ZP,EP,D
14:48:11,ICBP,RG,8150,32,D,AZ,CS,F
14:48:11,ICBP,RG,8150,12,D,AZ,CS,F
14:48:11,ICBP,RG,8150,14,D,AZ,CS,F
14:48:11,ICBP,RG,8150,2,D,AZ,CS,F
14:48:11,ICBP,RG,8150,3,D,AZ,RX,F
14:48:11,ICBP,RG,8150,14,D,AZ,DR,D
14:48:10,ICBP,RG,8175,6,F,BK,EP,D
14:48:06,ICBP,RG,8150,1,D,AZ,ZP,F
14:48:06,ICBP,RG,8150,14,D,AZ,RX,F
14:48:05,ICBP,RG,8175,1,D,KK,EP,D
14:48:01,ICBP,RG,8150,2,D,AZ,KZ,D
14:48:01,ICBP,RG,8150,15,D,AZ,KZ,D
14:48:00,ICBP,RG,8150,2,D,AZ,KZ,D
14:48:00,ICBP,RG,8150,10,D,AZ,KZ,D
14:47:55,ICBP,RG,8150,6,D,AZ,RX,F
14:47:54,ICBP,RG,8150,3,D,AZ,KZ,F
14:47:51,ICBP,RG,8150,9,D,AZ,RX,F
14:47:49,ICBP,RG,8150,1,D,AZ,RX,F
14:47:48,ICBP,RG,8150,13,D,AZ,KK,D
14:47:46,ICBP,RG,8150,5,D,AZ,RX,F
14:47:40,ICBP,RG,8150,37,D,AZ,CS,F
14:47:40,ICBP,RG,8150,1,D,YP,CS,F
14:47:40,ICBP,RG,8150,7,D,YP,CS,F
14:47:40,ICBP,RG,8150,5,D,SQ,CS,F
14:47:40,ICBP,RG,8150,5,D,EP,CS,F
14:47:40,ICBP,RG,8150,5,D,YP,CS,F
14:47:40,ICBP,RG,8150,9,D,EP,CS,F
14:47:40,ICBP,RG,8150,5,D,YP,CS,F
14:47:40,ICBP,RG,8150,1,D,PD,CS,F
14:47:39,ICBP,RG,8150,3,D,PD,CS,D
14:47:39,ICBP,RG,8150,3,D,XC,CS,D
14:47:38,ICBP,RG,8175,10,D,LG,EP,D
14:47:37,ICBP,RG,8150,1,D,XC,RX,F
14:47:37,ICBP,RG,8150,4,D,IF,RX,F
14:47:37,ICBP,RG,8150,4,F,ZP,RX,F
14:47:37,ICBP,RG,8150,2,D,KK,RX,F
14:47:30,ICBP,RG,8150,4,D,KK,RX,F
14:47:30,ICBP,RG,8150,2,D,KK,BK,F
14:47:30,ICBP,RG,8150,4,D,PD,BK,F
14:47:28,ICBP,RG,8150,1,D,DH,RX,F
14:47:20,ICBP,RG,8150,1,D,DH,ZP,F
14:47:18,ICBP,RG,8150,2,D,DH,CS,D
14:47:18,ICBP,RG,8150,1,D,YP,CS,D
14:47:18,ICBP,RG,8150,2,D,SQ,CS,D
14:47:18,ICBP,RG,8150,1,D,OD,CS,D
14:47:13,ICBP,RG,8150,3,D,OD,RX,F
14:47:13,ICBP,RG,8175,3,F,BK,EP,D
14:47:11,ICBP,RG,8150,3,D,OD,RX,F
14:47:11,ICBP,RG,8150,3,D,OD,KZ,D
14:47:11,ICBP,RG,8150,16,D,KK,KZ,D
14:47:07,ICBP,RG,8175,1,F,BK,CS,F
14:47:07,ICBP,RG,8175,4,F,BK,KZ,D
14:47:04,ICBP,RG,8150,4,D,KK,RX,F
14:47:04,ICBP,RG,8150,5,D,NI,RX,F
14:47:04,ICBP,RG,8150,1,D,XC,RX,F
14:47:04,ICBP,RG,8150,1,D,YP,RX,F
14:47:04,ICBP,RG,8150,1,D,YP,RX,F
14:47:04,ICBP,RG,8150,3,D,SQ,RX,F
14:47:04,ICBP,RG,8150,1,D,SQ,ZP,F
14:47:04,ICBP,RG,8150,12,D,SQ,BK,F
14:47:03,ICBP,RG,8175,6,F,BK,KZ,D
14:47:03,ICBP,RG,8175,1,F,BK,CS,F
14:47:03,ICBP,RG,8150,10,D,SQ,RX,F
14:47:00,ICBP,RG,8150,74,D,SQ,CS,F
14:47:00,ICBP,RG,8150,12,D,DH,CS,F
14:47:00,ICBP,RG,8150,1,D,DH,RX,F
14:46:59,ICBP,RG,8150,3,D,SQ,CS,D
14:46:59,ICBP,RG,8150,4,D,AZ,CS,D
14:46:59,ICBP,RG,8150,2,D,AZ,CS,D
14:46:55,ICBP,RG,8150,7,D,AZ,RX,F
14:46:44,ICBP,RG,8150,6,D,AZ,RX,F
14:46:44,ICBP,RG,8150,1,D,AZ,KZ,F
14:46:42,ICBP,RG,8150,1,D,CC,PD,D
14:46:41,ICBP,RG,8150,1,D,NI,RX,F
14:46:41,ICBP,RG,8150,1,D,YP,RX,F
14:46:41,ICBP,RG,8150,1,D,PD,RX,F
14:46:41,ICBP,RG,8150,1,D,NI,RX,F
14:46:39,ICBP,RG,8150,2,D,NI,RX,F
14:46:36,ICBP,RG,8150,1,D,NI,PD,D
14:46:36,ICBP,RG,8150,1,D,NI,RX,F
14:46:36,ICBP,RG,8150,6,F,BK,RX,F
14:46:33,ICBP,RG,8175,1,D,YP,CS,F
14:46:31,ICBP,RG,8150,1,F,BK,PD,D
14:46:26,ICBP,RG,8150,6,F,BK,RX,F
14:46:26,ICBP,RG,8150,18,F,BK,KZ,D
14:46:21,ICBP,RG,8150,6,F,BK,RX,F
14:46:19,ICBP,RG,8150,1,F,BK,ZP,F
14:46:19,ICBP,RG,8150,11,F,BK,CS,D
14:46:18,ICBP,RG,8175,1,D,PD,CS,F
14:46:16,ICBP,RG,8175,1,D,YP,CS,F
14:46:15,ICBP,RG,8175,6,F,BK,CS,F
14:46:11,ICBP,RG,8175,13,F,BK,CS,F
14:46:11,ICBP,RG,8175,2,F,BK,CS,F
14:46:08,ICBP,RG,8175,5,F,BK,CS,F
14:46:08,ICBP,RG,8175,2,F,BK,YP,D
14:46:08,ICBP,RG,8175,2,F,BK,CS,F
14:46:08,ICBP,RG,8175,10,F,BK,BK,F
14:46:08,ICBP,RG,8175,11,F,BK,RX,F
14:46:08,ICBP,RG,8150,20,F,BK,PD,D
14:46:08,ICBP,RG,8150,5,D,PD,PD,D
14:46:08,ICBP,RG,8150,75,D,PD,PD,D
14:46:07,ICBP,RG,8150,7,D,PD,PD,D
14:46:07,ICBP,RG,8150,68,D,PD,PD,D
14:46:07,ICBP,RG,8150,20,D,PD,PD,D
14:46:07,ICBP,RG,8150,330,D,PD,PD,D
14:46:07,ICBP,RG,8150,2,D,YP,PD,D
14:46:07,ICBP,RG,8150,2,D,DH,PD,D
14:46:07,ICBP,RG,8150,10,D,CC,PD,D
14:46:07,ICBP,RG,8150,5,D,CC,PD,D
14:46:07,ICBP,RG,8150,2,D,XC,PD,D
14:46:07,ICBP,RG,8150,4,F,ZP,PD,D
14:46:07,ICBP,RG,8150,1,D,PD,PD,D
14:46:07,ICBP,RG,8150,1,D,YP,PD,D
14:46:07,ICBP,RG,8150,1,D,NI,PD,D
14:46:07,ICBP,RG,8150,16,D,KK,PD,D
14:46:04,ICBP,RG,8175,7,F,BK,RX,F
14:46:02,ICBP,RG,8175,15,F,BK,RX,F
14:46:00,ICBP,RG,8150,34,D,KK,CS,F
14:46:00,ICBP,RG,8150,105,F,ZP,CS,F
14:45:56,ICBP,RG,8175,4,F,ZP,RX,F
14:45:56,ICBP,RG,8150,22,F,ZP,RX,F
14:45:53,ICBP,RG,8150,1,F,ZP,ZP,F
14:45:46,ICBP,RG,8150,7,F,ZP,BK,F
14:45:34,ICBP,RG,8175,7,F,BK,RX,F
14:45:34,ICBP,RG,8150,4,F,ZP,RX,F
14:45:32,ICBP,RG,8150,2,F,ZP,RX,F
14:45:31,ICBP,RG,8150,10,F,ZP,KZ,D
14:45:29,ICBP,RG,8150,5,F,ZP,YP,D
14:45:28,ICBP,RG,8175,1,D,NI,CS,F
14:45:19,ICBP,RG,8150,6,F,ZP,RX,F
14:45:16,ICBP,RG,8150,2,F,ZP,RX,F
14:45:16,ICBP,RG,8175,6,F,BK,CS,F
14:45:16,ICBP,RG,8150,6,F,ZP,BK,F
14:45:14,ICBP,RG,8150,4,F,ZP,RX,F
14:45:10,ICBP,RG,8175,9,F,BK,CS,F
14:45:09,ICBP,RG,8150,9,F,ZP,RX,F
14:45:06,ICBP,RG,8150,15,F,ZP,KZ,D
14:45:06,ICBP,RG,8175,7,F,BK,CS,F
14:45:06,ICBP,RG,8175,2,F,BK,ZP,F
14:45:06,ICBP,RG,8175,1,F,BK,KZ,D
14:45:06,ICBP,RG,8175,9,F,BK,KZ,D
14:45:06,ICBP,RG,8175,3,F,BK,CS,F
14:45:06,ICBP,RG,8175,17,F,BK,DR,D
14:45:06,ICBP,RG,8175,9,F,BK,CS,F
14:45:05,ICBP,RG,8150,5,F,ZP,RX,F
14:45:03,ICBP,RG,8150,28,F,ZP,RX,F
14:45:03,ICBP,RG,8150,8,F,ZP,PD,D
14:45:03,ICBP,RG,8150,72,F,ZP,PD,D
14:45:02,ICBP,RG,8150,21,F,ZP,PD,D
14:45:02,ICBP,RG,8150,75,F,ZP,PD,D
14:45:02,ICBP,RG,8150,1,D,OD,PD,D
14:45:02,ICBP,RG,8150,1,D,CC,PD,D
14:45:02,ICBP,RG,8150,5,D,NI,PD,D
14:45:02,ICBP,RG,8150,1,D,DH,PD,D
14:45:02,ICBP,RG,8150,15,D,YP,PD,D
14:45:02,ICBP,RG,8150,1,D,YP,PD,D
14:45:02,ICBP,RG,8150,1,D,CC,PD,D
14:45:02,ICBP,RG,8150,35,D,NI,PD,D
14:45:02,ICBP,RG,8150,1,D,XC,PD,D
14:45:02,ICBP,RG,8150,1,D,NI,PD,D
14:45:02,ICBP,RG,8150,1,D,CC,PD,D
14:45:02,ICBP,RG,8150,1,D,LG,PD,D
14:45:02,ICBP,RG,8150,1,D,GR,PD,D
14:45:02,ICBP,RG,8150,4,D,PD,PD,D
14:45:02,ICBP,RG,8150,1,D,PD,PD,D
14:45:02,ICBP,RG,8150,2,D,CC,PD,D
14:45:02,ICBP,RG,8150,9,D,YP,PD,D
14:45:02,ICBP,RG,8150,1,D,NI,PD,D
14:45:02,ICBP,RG,8150,112,F,AK,PD,D
14:45:02,ICBP,RG,8150,1,D,PD,PD,D
14:45:02,ICBP,RG,8150,1,D,PD,PD,D
14:45:02,ICBP,RG,8150,1,D,YP,PD,D
14:45:02,ICBP,RG,8150,20,D,PD,PD,D
14:45:02,ICBP,RG,8150,2,D,YP,PD,D
14:45:02,ICBP,RG,8150,2,D,EP,PD,D
14:45:02,ICBP,RG,8150,5,D,YP,PD,D
14:45:02,ICBP,RG,8150,36,F,AK,PD,D
14:45:02,ICBP,RG,8150,2,D,PD,PD,D
14:45:02,ICBP,RG,8150,6,D,PD,PD,D
14:45:02,ICBP,RG,8150,10,D,PD,PD,D
14:45:02,ICBP,RG,8150,1,D,YP,PD,D
14:45:02,ICBP,RG,8150,23,D,YP,PD,D
14:45:02,ICBP,RG,8150,1,D,CC,PD,D
14:45:02,ICBP,RG,8150,3,D,DH,PD,D
14:45:02,ICBP,RG,8150,2,D,NI,PD,D
14:45:02,ICBP,RG,8150,7,D,XC,PD,D
14:45:02,ICBP,RG,8150,6,D,DH,PD,D
14:45:00,ICBP,RG,8150,4,D,DH,CC,D
14:44:52,ICBP,RG,8150,7,D,XC,RX,F
14:44:48,ICBP,RG,8150,6,D,XC,BK,F
14:44:41,ICBP,RG,8150,13,D,PD,KZ,D
14:44:31,ICBP,RG,8150,37,D,PD,DH,D
14:44:31,ICBP,RG,8150,10,D,PD,DH,D
14:44:31,ICBP,RG,8150,7,D,CC,DH,D
14:44:31,ICBP,RG,8150,2,D,CC,DH,D
14:44:31,ICBP,RG,8150,10,D,CC,DH,D
14:44:31,ICBP,RG,8150,12,D,PD,DH,D
14:44:30,ICBP,RG,8150,57,D,PD,YU,D
14:44:18,ICBP,RG,8150,6,D,PD,BK,F
14:44:18,ICBP,RG,8150,166,D,PD,CS,F
14:44:01,ICBP,RG,8175,6,F,BK,CS,F
14:44:00,ICBP,RG,8150,62,D,PD,YU,D
14:43:58,ICBP,RG,8175,1,D,KK,CS,F
14:43:53,ICBP,RG,8175,3,D,PD,CS,F
14:43:50,ICBP,RG,8175,6,F,BK,CS,F
14:43:48,ICBP,RG,8150,30,D,PD,CC,D
14:43:47,ICBP,RG,8150,6,D,PD,BK,F
14:43:46,ICBP,RG,8150,10,D,PD,KZ,D
14:43:38,ICBP,RG,8175,7,F,BK,CS,F
14:43:35,ICBP,RG,8150,5,D,PD,YB,D
14:43:35,ICBP,RG,8150,446,D,PD,SQ,D
14:43:35,ICBP,RG,8150,1,D,KK,SQ,D
14:43:35,ICBP,RG,8150,3,D,PD,SQ,D
14:43:35,ICBP,RG,8150,5,D,GR,SQ,D
14:43:35,ICBP,RG,8150,1,D,CC,SQ,D
14:43:35,ICBP,RG,8150,5,F,ZP,SQ,D
14:43:35,ICBP,RG,8150,1,D,CC,SQ,D
14:43:35,ICBP,RG,8150,5,D,PD,SQ,D
14:43:35,ICBP,RG,8150,7,D,SQ,SQ,D
14:43:35,ICBP,RG,8150,1,D,CC,SQ,D
14:43:35,ICBP,RG,8150,10,D,EP,SQ,D
14:43:35,ICBP,RG,8150,50,D,CC,SQ,D
14:43:35,ICBP,RG,8150,51,F,ZP,SQ,D
14:43:19,ICBP,RG,8150,6,F,ZP,BK,F
14:42:49,ICBP,RG,8150,6,F,ZP,BK,F
14:42:19,ICBP,RG,8150,6,F,ZP,BK,F
14:42:00,ICBP,RG,8175,4,F,ZP,SQ,D
14:41:52,ICBP,RG,8150,6,F,ZP,BK,F
14:41:02,ICBP,RG,8175,10,F,ZP,SQ,D
14:41:02,ICBP,RG,8175,10,F,ZP,PD,D
14:41:02,ICBP,RG,8175,5,F,ZP,RX,F
14:41:02,ICBP,RG,8175,7,F,ZP,BK,F
14:41:02,ICBP,RG,8175,24,F,ZP,CS,F
14:41:02,ICBP,RG,8175,1,F,ZP,CS,F
14:41:02,ICBP,RG,8175,12,F,ZP,CS,F
14:41:02,ICBP,RG,8175,27,F,ZP,YU,D
14:41:01,ICBP,RG,8175,2,D,CP,YU,D
14:40:50,ICBP,RG,8150,93,F,ZP,SQ,D
14:40:50,ICBP,RG,8150,1,D,GR,SQ,D
14:40:50,ICBP,RG,8150,34,F,AK,SQ,D
14:40:25,ICBP,RG,8175,4,F,ZP,YU,D
14:40:25,ICBP,RG,8175,2,F,ZP,PD,D
14:40:25,ICBP,RG,8175,1,F,ZP,ZP,F
14:40:25,ICBP,RG,8175,7,F,ZP,CS,F
14:40:25,ICBP,RG,8175,27,F,ZP,RX,F
14:40:25,ICBP,RG,8175,7,F,ZP,CS,D
14:40:25,ICBP,RG,8175,6,F,ZP,CS,F
14:40:25,ICBP,RG,8175,1,F,ZP,PD,D
14:40:25,ICBP,RG,8175,5,F,ZP,BK,F
14:40:24,ICBP,RG,8175,1,D,DR,BK,F
14:40:24,ICBP,RG,8175,1,D,DR,DR,D
14:40:17,ICBP,RG,8150,2,F,AK,BK,F
14:40:17,ICBP,RG,8150,4,D,YP,BK,F
14:40:16,ICBP,RG,8175,1,D,CC,DR,D
14:40:00,ICBP,RG,8175,4,F,ZP,DR,D
14:39:46,ICBP,RG,8150,1,D,NI,PD,D
14:39:45,ICBP,RG,8150,6,D,NI,BK,F
14:39:28,ICBP,RG,8150,13,D,NI,DR,D
14:39:06,ICBP,RG,8175,20,D,PD,DR,D
14:39:06,ICBP,RG,8175,10,D,PD,CS,D
14:39:06,ICBP,RG,8175,9,D,PD,CS,F
14:39:06,ICBP,RG,8175,89,D,PD,CS,F
14:39:06,ICBP,RG,8175,12,D,PD,CS,F
14:39:06,ICBP,RG,8175,3,D,PD,CS,F
14:39:06,ICBP,RG,8175,24,D,PD,CS,F
14:39:06,ICBP,RG,8175,10,D,PD,YP,D
14:39:06,ICBP,RG,8175,24,D,PD,RX,F
14:39:06,ICBP,RG,8175,1,D,PD,PD,D
14:39:06,ICBP,RG,8175,13,D,PD,CS,F
14:39:06,ICBP,RG,8175,5,D,PD,CS,F
14:39:06,ICBP,RG,8175,25,D,PD,CS,F
14:39:06,ICBP,RG,8175,5,D,PD,CS,D
14:38:59,ICBP,RG,8175,5,D,IH,CS,D
14:38:46,ICBP,RG,8175,4,D,DR,CS,D
14:38:37,ICBP,RG,8175,7,F,ZP,CS,D
14:38:37,ICBP,RG,8175,20,F,ZP,CS,F
14:38:37,ICBP,RG,8175,2,F,ZP,ZP,F
14:38:37,ICBP,RG,8175,7,F,ZP,RX,F
14:38:37,ICBP,RG,8175,1,F,ZP,YP,D
14:38:37,ICBP,RG,8175,14,F,ZP,RX,F
14:38:37,ICBP,RG,8175,198,F,ZP,SQ,D
14:38:36,ICBP,RG,8175,2,D,PD,SQ,D
14:38:36,ICBP,RG,8175,2,D,PD,KZ,F
14:38:36,ICBP,RG,8175,5,D,PD,YP,D
14:38:36,ICBP,RG,8175,8,D,PD,DR,D
14:38:36,ICBP,RG,8175,1,D,PD,PD,D
14:38:36,ICBP,RG,8175,26,D,PD,RX,F
14:38:36,ICBP,RG,8175,18,D,PD,DR,D
14:38:36,ICBP,RG,8175,18,D,PD,CS,D
14:38:36,ICBP,RG,8175,10,D,PD,CC,D
14:38:36,ICBP,RG,8175,19,D,PD,CS,F
14:38:36,ICBP,RG,8175,12,D,PD,BK,F
14:38:36,ICBP,RG,8175,23,D,PD,CS,F
14:38:36,ICBP,RG,8175,2,D,PD,ZP,F
14:38:36,ICBP,RG,8175,19,D,PD,CS,F
14:38:36,ICBP,RG,8175,35,D,PD,RX,F
14:38:36,ICBP,RG,8175,34,D,PD,YU,D
14:38:36,ICBP,RG,8175,32,D,PD,CS,F
14:38:36,ICBP,RG,8175,300,D,PD,PD,D
14:38:36,ICBP,RG,8175,15,D,PD,RX,F
14:38:36,ICBP,RG,8175,29,D,PD,CS,F
14:38:36,ICBP,RG,8175,31,D,PD,YU,D
14:38:36,ICBP,RG,8175,100,D,PD,LS,D
14:38:36,ICBP,RG,8175,4,D,PD,ZP,F
14:38:36,ICBP,RG,8175,132,D,PD,RX,F
14:38:36,ICBP,RG,8175,64,D,PD,RX,F
14:38:36,ICBP,RG,8175,25,D,PD,CS,F
14:38:36,ICBP,RG,8175,1,D,PD,XC,D
14:38:36,ICBP,RG,8175,9,D,PD,CS,F
14:38:36,ICBP,RG,8175,13,D,PD,CS,D
14:38:36,ICBP,RG,8175,7,D,PD,PD,D
14:38:36,ICBP,RG,8175,4,D,PD,PD,D
14:38:28,ICBP,RG,8150,5,D,NI,RX,F
14:38:28,ICBP,RG,8150,1,D,PD,RX,F
14:38:26,ICBP,RG,8150,1,D,NI,DR,D
14:38:20,ICBP,RG,8150,1,D,NI,BK,F
14:38:20,ICBP,RG,8150,5,D,PD,BK,F
14:38:20,ICBP,RG,8150,5,D,PD,YU,D
14:38:20,ICBP,RG,8150,5,D,EP,YU,D
14:38:20,ICBP,RG,8150,5,D,NI,YU,D
14:38:20,ICBP,RG,8150,1,D,CC,YU,D
14:38:20,ICBP,RG,8150,1,D,KK,YU,D
14:38:20,ICBP,RG,8150,3,D,SQ,YU,D
14:38:20,ICBP,RG,8150,2,D,YP,YU,D
14:38:20,ICBP,RG,8150,2,D,YP,YU,D
14:38:20,ICBP,RG,8150,25,D,CC,YU,D
14:38:20,ICBP,RG,8150,2,D,PD,YU,D
14:38:20,ICBP,RG,8150,1,D,CC,YU,D
14:38:20,ICBP,RG,8150,4,F,ZP,YU,D
14:38:20,ICBP,RG,8150,3,D,SQ,YU,D
14:38:20,ICBP,RG,8150,2,D,YU,YU,D
14:38:10,ICBP,RG,8150,3,D,YU,DR,D
14:38:10,ICBP,RG,8150,1,D,NI,DR,D
14:38:10,ICBP,RG,8150,1,D,EP,DR,D
14:38:10,ICBP,RG,8150,11,D,CC,DR,D
14:38:09,ICBP,RG,8150,1,D,CC,KZ,D
14:38:09,ICBP,RG,8150,9,D,CC,KZ,D
14:38:00,ICBP,RG,8175,4,F,ZP,PD,D
14:37:45,ICBP,RG,8150,2,D,CC,PD,D
14:37:40,ICBP,RG,8150,7,D,CC,RX,F
14:37:33,ICBP,RG,8150,7,D,CC,RX,F
14:37:32,ICBP,RG,8150,63,D,CC,CS,F
14:37:32,ICBP,RG,8150,1,D,PD,CS,F
14:37:32,ICBP,RG,8150,5,D,PD,CS,F
14:37:32,ICBP,RG,8150,2,D,YP,CS,F
14:37:32,ICBP,RG,8150,5,D,YP,CS,F
14:37:32,ICBP,RG,8150,52,F,ZP,CS,F
14:37:31,ICBP,RG,8150,6,F,ZP,BK,F
14:37:25,ICBP,RG,8150,3,F,ZP,NI,D
14:37:24,ICBP,RG,8175,1,D,YP,PD,D
14:37:21,ICBP,RG,8150,1,F,ZP,CC,D
14:37:08,ICBP,RG,8150,6,F,ZP,RX,F
14:37:07,ICBP,RG,8150,6,F,ZP,BK,F
14:37:06,ICBP,RG,8150,6,F,ZP,YP,D
14:36:52,ICBP,RG,8150,13,F,ZP,RX,F
14:36:51,ICBP,RG,8150,146,F,ZP,PD,D
14:36:51,ICBP,RG,8150,54,D,YJ,PD,D
14:36:42,ICBP,RG,8150,6,D,YJ,BK,F
14:36:40,ICBP,RG,8150,5,D,YJ,RX,F
14:36:34,ICBP,RG,8175,1,D,KK,PD,D
14:36:30,ICBP,RG,8150,1,D,YJ,EP,D
14:36:22,ICBP,RG,8150,5,D,YJ,RX,F
14:36:20,ICBP,RG,8150,6,D,YJ,BK,F
14:36:19,ICBP,RG,8175,1,D,IF,PD,D
14:36:01,ICBP,RG,8150,43,D,YJ,RX,F
14:35:59,ICBP,RG,8150,6,D,YJ,BK,F
14:35:42,ICBP,RG,8150,5,D,YJ,RX,F
14:35:39,ICBP,RG,8150,6,D,YJ,BK,F
14:35:34,ICBP,RG,8150,5,D,YJ,RX,F
14:35:22,ICBP,RG,8150,147,D,YJ,CS,F
14:35:20,ICBP,RG,8150,6,D,YJ,RX,F
14:35:13,ICBP,RG,8150,6,D,YJ,BK,F
14:35:00,ICBP,RG,8150,57,D,YJ,YU,D
14:35:00,ICBP,RG,8175,4,F,ZP,PD,D
14:34:49,ICBP,RG,8150,6,D,YJ,BK,F
14:34:31,ICBP,RG,8150,6,D,YJ,BK,F
14:34:12,ICBP,RG,8150,200,D,YJ,PD,D
14:34:05,ICBP,RG,8150,6,D,YJ,BK,F
14:34:02,ICBP,RG,8150,1,D,YJ,PD,D
14:34:01,ICBP,RG,8150,2,D,YJ,PD,D
14:33:44,ICBP,RG,8150,6,D,YJ,BK,F
14:33:21,ICBP,RG,8150,6,D,YJ,BK,F
14:33:03,ICBP,RG,8150,5,D,YJ,BK,F
14:32:56,ICBP,RG,8175,1,D,CC,PD,D
14:32:35,ICBP,RG,8150,7,D,YJ,BK,F
14:32:32,ICBP,RG,8175,6,D,SQ,PD,D
14:32:19,ICBP,RG,8150,5,D,YJ,BK,F
14:32:12,ICBP,RG,8175,66,D,GR,PD,D
14:32:12,ICBP,RG,8175,25,D,GR,PD,D
14:32:12,ICBP,RG,8175,9,D,GR,PD,D
14:32:00,ICBP,RG,8150,5,D,YJ,BK,F
14:31:52,ICBP,RG,8175,2,D,CC,PD,D
14:31:45,ICBP,RG,8150,1,D,YJ,DR,D
14:31:42,ICBP,RG,8175,525,D,PD,PD,D
14:31:42,ICBP,RG,8175,22,D,PD,CS,F
14:31:42,ICBP,RG,8175,32,D,PD,CS,F
14:31:42,ICBP,RG,8175,24,D,PD,CC,D
14:31:42,ICBP,RG,8175,4,D,PD,CS,F
14:31:42,ICBP,RG,8175,2,D,PD,KZ,F
14:31:42,ICBP,RG,8175,24,D,PD,CS,F
14:31:42,ICBP,RG,8175,31,D,PD,CS,F
14:31:42,ICBP,RG,8175,19,D,PD,DR,D
14:31:42,ICBP,RG,8175,45,D,PD,RX,F
14:31:42,ICBP,RG,8175,1,D,PD,ZP,F
14:31:42,ICBP,RG,8175,18,D,PD,RX,F
14:31:42,ICBP,RG,8175,1,D,PD,CS,F
14:31:42,ICBP,RG,8175,1,D,PD,CS,D
14:31:42,ICBP,RG,8175,4,D,PD,CS,F
14:31:42,ICBP,RG,8175,200,D,PD,SQ,D
14:31:42,ICBP,RG,8175,1,D,PD,CS,F
14:31:42,ICBP,RG,8175,6,D,PD,PD,D
14:31:42,ICBP,RG,8175,3,D,PD,XC,D
14:31:42,ICBP,RG,8175,3,D,PD,CC,D
14:31:42,ICBP,RG,8175,10,D,PD,YP,D
14:31:42,ICBP,RG,8175,24,D,PD,YU,D
14:31:38,ICBP,RG,8150,6,D,YJ,BK,F
14:31:37,ICBP,RG,8150,6,D,YJ,RX,F
14:31:34,ICBP,RG,8150,35,D,YJ,SQ,D
14:31:14,ICBP,RG,8150,6,D,YJ,BK,F
14:31:07,ICBP,RG,8150,5,D,YJ,RX,F
14:30:59,ICBP,RG,8150,1,D,YJ,KZ,D
14:30:59,ICBP,RG,8150,9,D,YJ,KZ,D
14:30:57,ICBP,RG,8175,2,D,NI,YU,D
14:30:54,ICBP,RG,8150,7,D,YJ,XC,D
14:30:48,ICBP,RG,8150,6,D,YJ,RX,F
14:30:37,ICBP,RG,8150,8,D,YJ,NI,D
14:30:31,ICBP,RG,8150,7,D,YJ,XC,D
14:30:21,ICBP,RG,8150,14,D,YJ,DR,D
14:30:08,ICBP,RG,8150,1,D,YJ,GR,D
14:29:54,ICBP,RG,8150,6,D,YJ,PD,D
14:29:54,ICBP,RG,8150,73,D,YJ,PD,D
14:29:54,ICBP,RG,8150,21,D,YJ,PD,D
14:29:54,ICBP,RG,8150,175,D,YJ,PD,D
14:29:54,ICBP,RG,8150,5,D,PD,PD,D
14:29:54,ICBP,RG,8150,3,D,NI,PD,D
14:29:54,ICBP,RG,8150,1,D,PD,PD,D
14:29:54,ICBP,RG,8150,1,D,NI,PD,D
14:29:54,ICBP,RG,8150,1,D,XC,PD,D
14:29:54,ICBP,RG,8150,5,D,CC,PD,D
14:29:54,ICBP,RG,8150,200,D,GR,PD,D
14:29:54,ICBP,RG,8150,43,F,ZP,PD,D
14:29:54,ICBP,RG,8150,4,F,ZP,PD,D
14:29:54,ICBP,RG,8150,9,D,CC,PD,D
14:29:27,ICBP,RG,8175,5,D,CC,YU,D
14:29:18,ICBP,RG,8175,3,D,CC,YU,D
14:29:18,ICBP,RG,8175,30,D,CC,YU,D
14:29:18,ICBP,RG,8175,1,D,CC,KK,D
14:29:18,ICBP,RG,8175,1,D,CC,YP,D
14:29:18,ICBP,RG,8175,65,D,CC,CS,F
14:28:31,ICBP,RG,8175,7,D,SQ,CS,F
14:28:12,ICBP,RG,8175,1,D,NI,CS,F
14:27:21,ICBP,RG,8175,2,D,CC,CS,F
14:27:12,ICBP,RG,8175,10,D,OD,CS,F
14:27:03,ICBP,RG,8175,5,D,YP,CS,F
14:26:45,ICBP,RG,8175,1,D,CC,CS,F
14:26:40,ICBP,RG,8150,11,D,CC,YU,D
14:26:40,ICBP,RG,8150,2,D,KK,YU,D
14:26:40,ICBP,RG,8150,5,D,SQ,YU,D
14:26:40,ICBP,RG,8150,1,D,YP,YU,D
14:26:40,ICBP,RG,8150,2,D,YP,YU,D
14:26:40,ICBP,RG,8150,33,F,AK,YU,D
14:26:26,ICBP,RG,8175,2,D,YP,CS,F
14:26:26,ICBP,RG,8150,3,F,AK,PD,D
14:26:26,ICBP,RG,8150,5,D,KK,PD,D
14:25:48,ICBP,RG,8150,5,D,KK,PD,D
14:25:48,ICBP,RG,8150,8,F,ZP,PD,D
14:25:48,ICBP,RG,8150,21,D,OD,PD,D
14:24:42,ICBP,RG,8150,10,D,OD,CS,F
14:24:41,ICBP,RG,8150,1,D,OD,ZP,F
14:24:41,ICBP,RG,8150,7,D,OD,CS,F
14:24:41,ICBP,RG,8150,12,D,OD,CS,F
14:24:41,ICBP,RG,8150,26,D,OD,RX,F
14:24:41,ICBP,RG,8150,8,D,OD,CS,F
14:24:41,ICBP,RG,8150,4,D,OD,CS,F
14:24:41,ICBP,RG,8150,6,D,OD,PD,D
14:24:41,ICBP,RG,8150,5,D,OD,PD,D
14:24:40,ICBP,RG,8150,1,D,YP,PD,D
14:24:35,ICBP,RG,8150,3,D,PD,PD,D
14:24:28,ICBP,RG,8150,2,D,XC,PD,D
14:24:25,ICBP,RG,8150,2,D,NI,PD,D
14:24:24,ICBP,RG,8150,2,D,XC,PD,D
14:24:19,ICBP,RG,8150,3,D,DH,PD,D
14:24:17,ICBP,RG,8150,1,D,PD,PD,D
14:24:11,ICBP,RG,8150,5,D,PD,PD,D
14:24:05,ICBP,RG,8150,4,D,YP,PD,D
14:24:05,ICBP,RG,8150,2,D,XC,PD,D
14:24:05,ICBP,RG,8150,39,F,BK,PD,D
14:24:05,ICBP,RG,8150,20,F,BK,PD,D
14:24:05,ICBP,RG,8150,25,F,BK,PD,D
14:24:05,ICBP,RG,8150,59,F,ZP,PD,D
14:24:05,ICBP,RG,8150,320,F,ZP,PD,D
14:23:54,ICBP,RG,8150,2,F,ZP,PD,D
14:23:32,ICBP,RG,8150,4,F,ZP,CS,F
14:23:32,ICBP,RG,8150,4,F,ZP,CS,F
14:23:31,ICBP,RG,8150,4,F,ZP,CS,F
14:23:31,ICBP,RG,8150,8,F,ZP,CS,D
14:23:31,ICBP,RG,8150,1,D,YP,CS,D
14:23:31,ICBP,RG,8150,6,D,YP,CS,F
14:23:31,ICBP,RG,8150,4,D,YP,CS,F
14:23:31,ICBP,RG,8150,3,D,YP,CS,D
14:23:31,ICBP,RG,8150,2,D,YP,CS,D
14:23:31,ICBP,RG,8150,2,D,YP,CS,D
14:23:31,ICBP,RG,8150,1,D,YP,XC,D
14:23:31,ICBP,RG,8150,5,D,YP,RX,F
14:23:31,ICBP,RG,8150,20,D,YP,CS,F
14:23:31,ICBP,RG,8150,5,D,YP,RX,F
14:23:31,ICBP,RG,8150,1,D,YP,RX,F
14:23:27,ICBP,RG,8125,20,D,YP,XA,D
14:23:27,ICBP,RG,8150,15,D,CC,RX,F
14:23:26,ICBP,RG,8150,5,D,KK,RX,F
14:23:26,ICBP,RG,8150,10,D,EP,RX,F
14:23:18,ICBP,RG,8125,6,D,YP,PD,D
14:23:18,ICBP,RG,8125,2,D,YP,PD,D
14:23:18,ICBP,RG,8125,10,D,YP,PD,D
14:23:18,ICBP,RG,8125,1,D,YP,PD,D
14:23:18,ICBP,RG,8125,1,D,CC,PD,D
14:23:02,ICBP,RG,8150,1,D,YU,RX,F
14:22:58,ICBP,RG,8150,1,D,CC,RX,F
14:22:33,ICBP,RG,8150,9,D,YP,RX,F
14:22:33,ICBP,RG,8150,1,D,YP,ZP,F
14:22:33,ICBP,RG,8150,32,D,YP,YU,D
14:22:33,ICBP,RG,8150,8,D,YP,RX,F
14:22:28,ICBP,RG,8150,29,D,SQ,RX,F
14:22:28,ICBP,RG,8150,1,D,SQ,SQ,D
14:22:14,ICBP,RG,8150,24,F,AK,SQ,D
14:22:14,ICBP,RG,8150,42,F,AK,SQ,D
14:22:14,ICBP,RG,8150,29,F,AK,SQ,D
14:22:14,ICBP,RG,8150,30,F,AK,SQ,D
14:22:14,ICBP,RG,8150,49,F,AK,SQ,D
14:22:13,ICBP,RG,8150,10,D,PD,SQ,D
14:22:13,ICBP,RG,8150,2,D,YP,SQ,D
14:22:13,ICBP,RG,8150,2,D,XC,SQ,D
14:22:13,ICBP,RG,8150,2,D,YU,SQ,D
14:22:13,ICBP,RG,8150,26,F,AK,SQ,D
14:22:13,ICBP,RG,8150,75,F,AK,SQ,D
14:22:13,ICBP,RG,8150,12,D,YP,SQ,D
14:22:13,ICBP,RG,8150,377,F,BK,SQ,D
14:22:13,ICBP,RG,8150,4,F,ZP,SQ,D
14:22:13,ICBP,RG,8150,11,F,ZP,SQ,D
14:22:13,ICBP,RG,8150,4,D,SQ,SQ,D
14:21:30,ICBP,RG,8150,1,D,SQ,CC,D
14:21:00,ICBP,RG,8150,24,D,PD,CS,F
14:21:00,ICBP,RG,8150,11,D,PD,CS,F
14:21:00,ICBP,RG,8150,10,D,PD,CS,F
14:21:00,ICBP,RG,8150,33,D,PD,YU,D
14:21:00,ICBP,RG,8150,16,D,PD,CS,F
14:21:00,ICBP,RG,8150,4,D,PD,PD,D
14:21:00,ICBP,RG,8150,32,D,PD,RX,F
14:21:00,ICBP,RG,8150,31,D,PD,RX,F
14:21:00,ICBP,RG,8150,1,D,PD,KZ,D
14:21:00,ICBP,RG,8150,9,D,PD,KZ,D
14:21:00,ICBP,RG,8150,17,D,PD,CS,F
14:21:00,ICBP,RG,8150,1,D,PD,ZP,F
14:21:00,ICBP,RG,8150,5,D,PD,CS,F
14:21:00,ICBP,RG,8150,8,D,PD,PD,D
14:21:00,ICBP,RG,8150,103,D,PD,PD,D
14:21:00,ICBP,RG,8150,30,D,PD,PD,D
14:21:00,ICBP,RG,8150,365,D,PD,PD,D
14:20:57,ICBP,RG,8150,3,D,XC,PD,D
14:20:55,ICBP,RG,8150,10,D,CC,PD,D
14:20:45,ICBP,RG,8150,1,D,PD,PD,D
14:20:42,ICBP,RG,8150,1,D,PD,PD,D
14:20:41,ICBP,RG,8150,55,D,YP,PD,D
14:20:32,ICBP,RG,8150,2,D,NI,PD,D
14:20:24,ICBP,RG,8150,1,D,DH,PD,D
14:20:02,ICBP,RG,8150,6,D,SQ,PD,D
14:19:54,ICBP,RG,8150,5,D,XC,PD,D
14:19:45,ICBP,RG,8150,9,D,KK,PD,D
14:19:33,ICBP,RG,8150,100,D,XC,PD,D
14:19:28,ICBP,RG,8150,1,D,CC,PD,D
14:19:27,ICBP,RG,8150,4,F,ZP,PD,D
14:19:26,ICBP,RG,8150,1,D,IF,PD,D
14:19:26,ICBP,RG,8150,1,D,DR,PD,D
14:19:26,ICBP,RG,8150,5,F,BK,PD,D
14:19:26,ICBP,RG,8150,5,D,YP,PD,D
14:19:26,ICBP,RG,8150,5,D,CC,PD,D
14:19:26,ICBP,RG,8150,2,D,DR,PD,D
14:19:26,ICBP,RG,8150,16,D,KK,PD,D
14:19:26,ICBP,RG,8150,2,D,XC,PD,D
14:19:26,ICBP,RG,8150,4,F,ZP,PD,D
14:19:26,ICBP,RG,8150,21,F,ZP,PD,D
14:19:17,ICBP,RG,8175,1,D,YP,CS,F
14:18:39,ICBP,RG,8175,1,D,PD,CS,F
14:18:39,ICBP,RG,8175,3,D,PD,PD,D
14:18:39,ICBP,RG,8175,1,D,PD,PD,D
14:17:57,ICBP,RG,8150,1,F,ZP,CS,D
14:17:56,ICBP,RG,8150,1,F,ZP,KZ,F
14:17:56,ICBP,RG,8150,2,F,ZP,DR,D
14:17:55,ICBP,RG,8150,12,D,YU,DR,D
14:17:55,ICBP,RG,8150,8,D,YU,CS,F
14:17:55,ICBP,RG,8150,6,D,YU,CS,F
14:17:55,ICBP,RG,8150,6,D,YU,RX,F
14:17:55,ICBP,RG,8150,27,D,YU,YU,D
14:17:55,ICBP,RG,8150,27,D,YU,CS,F
14:17:55,ICBP,RG,8150,1,D,YU,CS,F
14:17:55,ICBP,RG,8150,98,D,YU,CS,F
14:17:55,ICBP,RG,8150,13,D,YU,DR,D
14:17:55,ICBP,RG,8150,30,D,YU,YP,D
14:17:55,ICBP,RG,8150,10,D,YU,CS,D
14:17:55,ICBP,RG,8150,200,D,YU,PD,D
14:17:55,ICBP,RG,8150,22,D,YU,CS,F
14:17:55,ICBP,RG,8150,28,D,YU,CS,F
14:17:55,ICBP,RG,8150,1,D,YU,XC,D
14:17:55,ICBP,RG,8150,7,D,YU,RX,F
14:17:55,ICBP,RG,8150,4,D,YU,CS,D
14:17:55,ICBP,RG,8150,1,D,YU,ZP,F
14:17:55,ICBP,RG,8150,25,D,YU,SQ,D
14:17:55,ICBP,RG,8150,7,D,YU,CS,F
14:17:55,ICBP,RG,8150,10,D,YU,CS,F
14:17:55,ICBP,RG,8150,25,D,YU,CS,F
14:17:55,ICBP,RG,8150,10,D,YU,YP,D
14:17:55,ICBP,RG,8150,29,D,YU,CS,F
14:17:55,ICBP,RG,8150,20,D,YU,GR,D
14:17:55,ICBP,RG,8150,2,D,YU,CS,F
14:17:55,ICBP,RG,8150,16,D,YU,RX,F
14:17:55,ICBP,RG,8150,12,D,YU,CS,F
14:17:55,ICBP,RG,8150,66,D,YU,RX,F
14:17:55,ICBP,RG,8150,14,D,YU,CS,D
14:17:55,ICBP,RG,8150,138,D,YU,PD,D
14:17:55,ICBP,RG,8150,1,D,YU,ZP,F
14:17:55,ICBP,RG,8150,32,D,YU,CS,F
14:17:55,ICBP,RG,8150,10,D,YU,CS,F
14:17:55,ICBP,RG,8150,37,D,YU,RX,F
14:17:55,ICBP,RG,8150,22,D,YU,CS,F
14:17:55,ICBP,RG,8150,6,D,YU,PD,D
14:17:55,ICBP,RG,8150,17,D,YU,PD,D
14:17:39,ICBP,RG,8150,1,D,DH,PD,D
14:17:30,ICBP,RG,8150,25,F,AK,PD,D
14:17:18,ICBP,RG,8150,6,D,DH,PD,D
14:17:15,ICBP,RG,8150,1,D,YP,PD,D
14:17:15,ICBP,RG,8150,18,D,YP,PD,D
14:17:15,ICBP,RG,8150,4,D,YP,PD,D
14:16:59,ICBP,RG,8150,6,D,YP,PD,D
14:16:55,ICBP,RG,8150,1,D,XC,PD,D
14:16:55,ICBP,RG,8150,3,D,XC,PD,D
14:16:52,ICBP,RG,8150,5,F,ZP,PD,D
14:16:52,ICBP,RG,8150,41,F,ZP,PD,D
14:16:50,ICBP,RG,8150,50,D,DR,PD,D
14:16:50,ICBP,RG,8150,5,D,YP,PD,D
14:16:40,ICBP,RG,8150,2,D,CC,PD,D
14:16:39,ICBP,RG,8125,2,D,CC,KZ,D
14:16:39,ICBP,RG,8125,7,D,CC,KZ,D
14:16:39,ICBP,RG,8125,1,D,YP,KZ,D
14:16:39,ICBP,RG,8125,1,D,CC,KZ,D
14:16:37,ICBP,RG,8150,2,D,CC,PD,D
14:16:21,ICBP,RG,8150,50,D,ZP,PD,D
14:15:35,ICBP,RG,8150,100,D,YU,PD,D
14:15:19,ICBP,RG,8150,10,F,ZP,PD,D
14:15:03,ICBP,RG,8150,47,F,ZP,PD,D
14:15:03,ICBP,RG,8150,5,D,CC,PD,D
14:15:00,ICBP,RG,8125,1,D,CC,YU,D
14:15:00,ICBP,RG,8125,1,D,CC,YU,D
14:15:00,ICBP,RG,8125,30,D,LG,YU,D
14:15:00,ICBP,RG,8125,1,D,LG,YU,D
14:15:00,ICBP,RG,8125,6,D,XC,YU,D
14:15:00,ICBP,RG,8125,10,D,XC,YU,D
14:15:00,ICBP,RG,8125,1,D,XC,YU,D
14:15:00,ICBP,RG,8125,1,D,CC,YU,D
14:15:00,ICBP,RG,8125,2,D,XC,YU,D
14:15:00,ICBP,RG,8125,1,D,XC,YU,D
14:15:00,ICBP,RG,8125,1,D,CC,YU,D
14:15:00,ICBP,RG,8125,11,D,PD,YU,D
14:14:53,ICBP,RG,8150,5,D,YP,PD,D
14:14:50,ICBP,RG,8150,2,D,YP,PD,D
14:14:39,ICBP,RG,8150,1,D,XC,PD,D
14:14:38,ICBP,RG,8150,25,D,AI,PD,D
14:14:36,ICBP,RG,8150,1,D,AZ,PD,D
14:14:35,ICBP,RG,8125,1,D,PD,HP,D
14:14:34,ICBP,RG,8150,10,D,KK,PD,D
14:14:31,ICBP,RG,8150,1,D,YP,PD,D
14:14:21,ICBP,RG,8150,12,D,KK,PD,D
14:14:16,ICBP,RG,8150,3,D,XC,PD,D
14:14:16,ICBP,RG,8150,10,D,KK,PD,D
14:14:01,ICBP,RG,8150,1,D,PD,PD,D
14:13:56,ICBP,RG,8150,5,D,KK,PD,D
14:13:50,ICBP,RG,8150,1,D,SQ,PD,D
14:13:39,ICBP,RG,8150,10,D,KK,PD,D
14:13:37,ICBP,RG,8150,5,D,YP,PD,D
14:13:35,ICBP,RG,8150,1,D,SQ,PD,D
14:13:16,ICBP,RG,8150,2,D,YP,SQ,D
14:13:04,ICBP,RG,8150,3,D,CC,SQ,D
14:13:01,ICBP,RG,8150,5,D,AR,SQ,D
14:12:53,ICBP,RG,8125,10,D,PD,YJ,D
14:12:45,ICBP,RG,8150,30,F,ZP,SQ,D
14:12:45,ICBP,RG,8150,1,F,ZP,SQ,D
14:12:45,ICBP,RG,8150,9,F,ZP,RX,F
14:12:45,ICBP,RG,8150,2,F,ZP,ZP,F
14:12:45,ICBP,RG,8150,8,F,ZP,CS,F
14:12:45,ICBP,RG,8150,5,D,YP,CS,F
14:12:08,ICBP,RG,8125,78,D,PD,DR,D
14:12:08,ICBP,RG,8125,5,D,CC,DR,D
14:12:08,ICBP,RG,8125,5,D,XC,DR,D
14:12:08,ICBP,RG,8125,1,D,PD,DR,D
14:12:08,ICBP,RG,8125,1,D,PD,DR,D
14:12:08,ICBP,RG,8125,10,D,XC,DR,D
14:12:01,ICBP,RG,8150,3,D,NI,CS,F
14:11:53,ICBP,RG,8150,1,D,CC,CS,F
14:11:35,ICBP,RG,8150,4,D,XC,PD,D
14:11:35,ICBP,RG,8150,4,F,ZP,PD,D
14:11:35,ICBP,RG,8150,4,F,ZP,PD,D
14:11:35,ICBP,RG,8150,132,F,ZP,PD,D
14:11:35,ICBP,RG,8150,1,D,PD,PD,D
14:11:35,ICBP,RG,8150,1,D,CC,XC,D
14:11:20,ICBP,RG,8150,10,D,KK,YP,D
14:11:09,ICBP,RG,8150,1,D,KK,YP,D
14:11:09,ICBP,RG,8150,1,D,KK,CS,D
14:11:09,ICBP,RG,8150,3,D,KK,RX,F
14:11:08,ICBP,RG,8150,2,D,CC,RX,F
14:11:03,ICBP,RG,8150,1,D,YP,DR,D
14:11:00,ICBP,RG,8150,1,F,ZP,CS,F
14:11:00,ICBP,RG,8150,1,F,ZP,XC,D
14:11:00,ICBP,RG,8150,3,F,ZP,YU,D
14:10:57,ICBP,RG,8125,1,D,XC,DR,D
14:10:53,ICBP,RG,8150,10,D,CC,YU,D
14:10:41,ICBP,RG,8150,1,D,KK,YU,D
14:10:33,ICBP,RG,8150,17,D,PD,YU,D
14:10:33,ICBP,RG,8150,1,D,PD,KZ,F
14:10:33,ICBP,RG,8150,15,D,PD,DR,D
14:10:33,ICBP,RG,8150,50,D,PD,GR,D
14:10:33,ICBP,RG,8150,7,D,PD,RX,F
14:10:33,ICBP,RG,8150,8,D,PD,CS,F
14:10:33,ICBP,RG,8150,6,D,PD,RX,F
14:10:33,ICBP,RG,8150,3,D,PD,CS,F
14:10:33,ICBP,RG,8150,5,D,PD,PD,D
14:10:33,ICBP,RG,8150,5,D,PD,ZP,F
14:10:33,ICBP,RG,8150,10,D,PD,CS,D
14:10:33,ICBP,RG,8150,60,D,PD,PD,D
14:10:33,ICBP,RG,8150,13,D,PD,RX,F
14:10:33,ICBP,RG,8150,7,D,PD,RX,F
14:10:33,ICBP,RG,8150,14,D,PD,CS,F
14:10:33,ICBP,RG,8150,1,D,PD,XC,D
14:10:33,ICBP,RG,8150,13,D,PD,RX,F
14:10:33,ICBP,RG,8150,71,D,PD,DH,D
14:10:33,ICBP,RG,8150,17,D,PD,RX,F
14:10:33,ICBP,RG,8150,60,D,PD,PD,D
14:10:33,ICBP,RG,8150,26,D,PD,CC,D
14:10:33,ICBP,RG,8150,8,D,PD,CS,D
14:10:33,ICBP,RG,8150,2,D,PD,CS,F
14:10:33,ICBP,RG,8150,5,D,PD,CS,F
14:10:33,ICBP,RG,8150,2,D,PD,CS,D
14:10:33,ICBP,RG,8150,174,D,PD,PD,D
14:10:29,ICBP,RG,8150,3,D,XC,PD,D
14:10:22,ICBP,RG,8150,18,F,ZP,PD,D
14:10:14,ICBP,RG,8150,1,D,YP,PD,D
14:10:07,ICBP,RG,8150,1,D,NI,PD,D
14:09:55,ICBP,RG,8150,1,D,KK,PD,D
14:09:50,ICBP,RG,8150,2,F,ZP,PD,D
14:09:50,ICBP,RG,8150,1,F,ZP,ZP,F
14:09:50,ICBP,RG,8150,22,F,ZP,CS,F
14:09:50,ICBP,RG,8150,1,F,ZP,CS,D
14:09:50,ICBP,RG,8150,64,F,ZP,CS,F
14:09:49,ICBP,RG,8150,1,D,PD,CS,F
14:09:47,ICBP,RG,8150,40,D,SQ,CS,F
14:09:47,ICBP,RG,8150,2,D,SQ,CS,F
14:09:47,ICBP,RG,8150,3,D,SQ,CC,D
14:09:47,ICBP,RG,8150,1,D,SQ,PD,D
14:09:47,ICBP,RG,8150,5,D,SQ,CS,F
14:09:47,ICBP,RG,8150,15,D,SQ,DR,D
14:09:47,ICBP,RG,8150,19,D,SQ,CS,F
14:09:47,ICBP,RG,8150,5,D,SQ,CS,F
14:09:47,ICBP,RG,8150,9,D,SQ,XA,D
14:09:47,ICBP,RG,8150,25,D,SQ,CS,F
14:09:47,ICBP,RG,8150,1,D,SQ,ZP,F
14:09:47,ICBP,RG,8150,4,D,SQ,CS,D
14:09:47,ICBP,RG,8150,19,D,SQ,CS,F
14:09:47,ICBP,RG,8150,3,D,SQ,CS,F
14:09:47,ICBP,RG,8150,9,D,SQ,CS,F
14:09:47,ICBP,RG,8150,9,D,SQ,CS,D
14:09:47,ICBP,RG,8150,26,D,SQ,CS,F
14:09:47,ICBP,RG,8150,14,D,SQ,CS,F
14:09:47,ICBP,RG,8150,12,D,SQ,CS,F
14:09:47,ICBP,RG,8150,29,D,SQ,RX,F
14:09:42,ICBP,RG,8150,1,D,PD,RX,F
14:09:39,ICBP,RG,8125,1,D,XC,KZ,D
14:09:39,ICBP,RG,8125,3,D,XC,KZ,D
14:09:39,ICBP,RG,8125,7,D,XC,KZ,D
14:09:38,ICBP,RG,8150,21,F,ZP,RX,F
14:09:38,ICBP,RG,8150,93,F,ZP,RX,F
14:09:38,ICBP,RG,8150,1,F,ZP,HP,D
14:09:38,ICBP,RG,8150,9,F,ZP,CS,F
14:09:37,ICBP,RG,8150,1,D,CP,CS,F
14:09:37,ICBP,RG,8150,2,D,CP,CS,F
14:09:37,ICBP,RG,8150,1,D,CP,CS,F
14:09:37,ICBP,RG,8150,2,D,CP,KK,D
14:09:37,ICBP,RG,8150,1,D,CP,CS,D
14:09:37,ICBP,RG,8150,3,D,CP,CS,F
14:09:30,ICBP,RG,8150,3,D,TP,CS,F
14:09:24,ICBP,RG,8150,1,D,YP,CS,F
14:09:14,ICBP,RG,8150,17,D,KK,CS,F
14:09:14,ICBP,RG,8150,2,D,KK,YP,D
14:09:14,ICBP,RG,8150,1,D,KK,YP,D
14:09:14,ICBP,RG,8150,2,D,KK,YP,D
14:09:14,ICBP,RG,8150,12,D,KK,CS,D
14:09:14,ICBP,RG,8150,29,D,KK,YU,D
14:09:14,ICBP,RG,8150,1,D,KK,KZ,F
14:09:14,ICBP,RG,8150,2,D,KK,DR,D
14:09:14,ICBP,RG,8150,3,D,KK,ZP,F
14:09:14,ICBP,RG,8150,1,D,KK,CC,D
14:09:14,ICBP,RG,8150,3,D,KK,CS,D
14:09:14,ICBP,RG,8150,2,D,KK,KK,D
14:09:14,ICBP,RG,8150,1,D,KK,CS,D
14:09:14,ICBP,RG,8150,19,D,KK,RX,F
14:08:48,ICBP,RG,8150,1,D,PD,RX,F
14:08:42,ICBP,RG,8125,2,D,XC,PD,D
14:08:38,ICBP,RG,8150,1,D,XC,RX,F
14:08:38,ICBP,RG,8125,2,D,XC,DR,D
14:08:15,ICBP,RG,8125,1,D,XC,DR,D
14:08:15,ICBP,RG,8125,15,D,CC,DR,D
14:07:41,ICBP,RG,8125,35,D,CC,CS,F
14:07:41,ICBP,RG,8125,1,D,XC,CS,F
14:07:41,ICBP,RG,8125,2,D,XC,CS,F
14:07:41,ICBP,RG,8125,1,D,DH,CS,F
14:07:41,ICBP,RG,8125,1,D,PD,CS,F
14:07:41,ICBP,RG,8125,2,D,CC,CS,F
14:07:41,ICBP,RG,8125,1,D,KK,CS,F
14:07:41,ICBP,RG,8125,1,D,PD,CS,F
14:07:41,ICBP,RG,8125,1,D,PD,CS,F
14:07:41,ICBP,RG,8125,5,D,EP,CS,F
14:07:41,ICBP,RG,8125,6,D,PD,CS,F
14:07:41,ICBP,RG,8125,5,D,DH,CS,F
14:07:41,ICBP,RG,8125,2,D,PD,CS,F
14:07:41,ICBP,RG,8125,2,D,PD,CS,F
14:07:41,ICBP,RG,8125,1,D,DR,CS,F
14:07:41,ICBP,RG,8125,1,D,PD,CS,F
14:07:41,ICBP,RG,8125,1,D,SQ,CS,F
14:07:41,ICBP,RG,8125,1,D,CC,CS,F
14:07:41,ICBP,RG,8125,1,D,KK,CS,F
14:07:41,ICBP,RG,8125,5,D,DH,CS,F
14:07:41,ICBP,RG,8125,6,D,PD,CS,F
14:07:41,ICBP,RG,8125,1,D,TF,CS,F
14:07:41,ICBP,RG,8125,10,D,IF,CS,F
14:07:41,ICBP,RG,8125,15,D,PD,CS,F
14:07:41,ICBP,RG,8125,100,D,GR,CS,F
14:07:41,ICBP,RG,8125,14,D,GR,CS,F
14:07:41,ICBP,RG,8125,1,D,PD,CS,F
14:07:32,ICBP,RG,8150,10,D,TP,RX,F
14:07:30,ICBP,RG,8125,1,D,PD,YU,D
14:07:30,ICBP,RG,8125,1,D,KK,YU,D
14:07:30,ICBP,RG,8125,2,D,KK,YU,D
14:07:30,ICBP,RG,8125,20,D,PD,YU,D
14:07:30,ICBP,RG,8125,1,D,SQ,YU,D
14:07:30,ICBP,RG,8125,28,D,SQ,YU,D
14:07:30,ICBP,RG,8150,10,D,YP,RX,F
14:07:20,ICBP,RG,8150,10,D,GR,RX,F
14:07:17,ICBP,RG,8150,5,D,YP,RX,F
14:07:10,ICBP,RG,8150,5,D,YP,RX,F
14:07:00,ICBP,RG,8150,5,D,NI,RX,F
14:07:00,ICBP,RG,8150,4,F,ZP,RX,F
14:06:56,ICBP,RG,8125,17,D,SQ,DR,D
14:06:45,ICBP,RG,8150,1,D,IP,RX,F
14:06:34,ICBP,RG,8150,20,D,YP,RX,F
14:06:24,ICBP,RG,8150,1,D,CC,RX,F
14:06:22,ICBP,RG,8125,7,D,SQ,RX,F
14:06:03,ICBP,RG,8125,6,D,SQ,YP,D
14:05:53,ICBP,RG,8125,3,D,SQ,RX,F
14:05:53,ICBP,RG,8125,2,D,PD,RX,F
14:05:53,ICBP,RG,8125,1,D,PD,RX,F
14:05:53,ICBP,RG,8125,1,D,KK,RX,F
14:05:49,ICBP,RG,8125,2,D,PD,RX,F
14:05:49,ICBP,RG,8125,2,D,PD,RX,F
14:05:49,ICBP,RG,8125,5,D,KK,RX,F
14:05:49,ICBP,RG,8125,2,D,SQ,RX,F
14:05:49,ICBP,RG,8125,5,D,GR,RX,F
14:05:49,ICBP,RG,8125,2,D,KK,RX,F
14:05:49,ICBP,RG,8125,26,D,KK,RX,F
14:05:42,ICBP,RG,8125,42,D,KK,RX,F
14:05:40,ICBP,RG,8125,4,D,KK,RX,F
14:05:33,ICBP,RG,8150,1,D,XC,RX,F
14:05:24,ICBP,RG,8125,19,D,KK,RX,F
14:05:23,ICBP,RG,8125,9,D,KK,GR,D
14:05:23,ICBP,RG,8125,1,D,EP,GR,D
14:05:23,ICBP,RG,8125,25,D,HP,GR,D
14:05:23,ICBP,RG,8125,1,D,PD,GR,D
14:05:23,ICBP,RG,8125,1,D,KK,GR,D
14:05:23,ICBP,RG,8125,1,D,PD,GR,D
14:05:23,ICBP,RG,8125,1,D,AT,GR,D
14:05:23,ICBP,RG,8125,1,D,YJ,GR,D
14:05:22,ICBP,RG,8150,13,F,ZP,RX,F
14:05:22,ICBP,RG,8150,1,D,YP,RX,F
14:05:22,ICBP,RG,8150,2,D,CC,PD,D
14:05:19,ICBP,RG,8150,1,D,PD,PD,D
14:04:44,ICBP,RG,8150,1,D,CC,PD,D
14:04:25,ICBP,RG,8150,2,D,CC,PD,D
14:04:25,ICBP,RG,8150,2,D,CC,PD,D
14:04:24,ICBP,RG,8150,3,D,CC,PD,D
14:04:18,ICBP,RG,8150,10,D,YP,PD,D
14:04:10,ICBP,RG,8150,1,D,CC,PD,D
14:04:04,ICBP,RG,8150,1,D,PD,PD,D
14:03:44,ICBP,RG,8150,1,D,PD,PD,D
14:03:25,ICBP,RG,8150,1,D,PD,PD,D
14:03:25,ICBP,RG,8125,1,D,YJ,PD,D
14:03:18,ICBP,RG,8150,43,F,ZP,PD,D
14:03:17,ICBP,RG,8150,2,D,XC,PD,D
14:03:13,ICBP,RG,8125,1,D,YJ,YU,D
14:03:11,ICBP,RG,8150,15,D,NI,PD,D
14:03:05,ICBP,RG,8125,2,D,YJ,AZ,D
14:03:00,ICBP,RG,8150,1,D,XC,PD,D
14:02:33,ICBP,RG,8150,1,D,EP,PD,D
14:02:30,ICBP,RG,8125,65,D,YJ,YU,D
14:02:29,ICBP,RG,8125,1,D,YJ,KZ,D
14:02:29,ICBP,RG,8125,4,D,YJ,KZ,D
14:02:29,ICBP,RG,8125,1,D,PD,KZ,D
14:02:29,ICBP,RG,8125,2,D,PD,KZ,D
14:02:29,ICBP,RG,8125,2,D,PD,KZ,D
14:02:28,ICBP,RG,8150,12,D,SQ,PD,D
14:02:18,ICBP,RG,8150,4,D,NI,PD,D
14:02:17,ICBP,RG,8150,1,D,YP,PD,D
14:02:14,ICBP,RG,8125,2,D,PD,KZ,F
14:02:00,ICBP,RG,8150,4,F,ZP,PD,D
14:01:40,ICBP,RG,8150,5,D,CC,PD,D
14:01:34,ICBP,RG,8150,5,D,CC,PD,D
14:01:20,ICBP,RG,8150,40,D,CC,PD,D
14:01:15,ICBP,RG,8150,1,D,SQ,PD,D
14:00:56,ICBP,RG,8150,11,D,OD,PD,D
14:00:35,ICBP,RG,8125,1,D,YP,YU,D
14:00:30,ICBP,RG,8125,1,D,YP,NI,D
14:00:27,ICBP,RG,8125,5,D,YP,DR,D
14:00:25,ICBP,RG,8150,21,F,ZP,PD,D
14:00:25,ICBP,RG,8150,5,D,KK,PD,D
14:00:17,ICBP,RG,8150,2,D,XC,PD,D
14:00:12,ICBP,RG,8150,10,D,OD,PD,D
14:00:09,ICBP,RG,8150,42,F,ZP,PD,D
14:00:08,ICBP,RG,8150,50,D,CC,PD,D
14:00:08,ICBP,RG,8150,1,D,CC,ZP,F
14:00:07,ICBP,RG,8150,1,D,EP,ZP,F
14:00:07,ICBP,RG,8150,4,D,EP,CS,D
14:00:03,ICBP,RG,8150,5,D,YP,CS,D
14:00:00,ICBP,RG,8150,2,F,ZP,CS,D
14:00:00,ICBP,RG,8150,1,F,ZP,CS,F
14:00:00,ICBP,RG,8150,1,F,ZP,CS,F
13:59:59,ICBP,RG,8150,1,D,YP,CS,F
13:59:59,ICBP,RG,8150,1,D,DR,CS,F
13:59:59,ICBP,RG,8150,4,D,DR,CS,F
13:59:59,ICBP,RG,8150,1,D,DR,YP,D
13:59:59,ICBP,RG,8150,1,D,DR,CS,F
13:59:59,ICBP,RG,8150,11,D,DR,CS,F
13:59:59,ICBP,RG,8150,2,D,DR,CS,F
13:59:42,ICBP,RG,8150,1,D,PD,CS,F
13:59:07,ICBP,RG,8125,3,D,YP,DR,D
13:59:07,ICBP,RG,8125,2,D,YB,DR,D
13:59:07,ICBP,RG,8125,1,D,TP,DR,D
13:58:59,ICBP,RG,8150,1,D,AZ,CS,F
13:58:59,ICBP,RG,8150,1,D,NI,CS,F
13:58:58,ICBP,RG,8150,6,F,ZP,CS,F
13:58:58,ICBP,RG,8150,8,F,ZP,CS,F
13:58:58,ICBP,RG,8150,5,F,ZP,CS,F
13:58:58,ICBP,RG,8150,30,F,ZP,RX,F
13:58:58,ICBP,RG,8150,32,F,ZP,RX,F
13:58:58,ICBP,RG,8150,6,F,ZP,CS,F
13:58:58,ICBP,RG,8150,5,F,ZP,CS,F
13:58:58,ICBP,RG,8150,9,F,ZP,CS,F
13:58:58,ICBP,RG,8150,13,F,ZP,CS,F
13:58:58,ICBP,RG,8150,1,F,ZP,ZP,F
13:58:58,ICBP,RG,8150,41,F,ZP,PD,D
13:58:57,ICBP,RG,8150,10,D,EP,PD,D
13:58:47,ICBP,RG,8150,5,D,YP,PD,D
13:58:41,ICBP,RG,8150,2,D,EP,PD,D
13:58:16,ICBP,RG,8150,50,D,CC,PD,D
13:58:04,ICBP,RG,8125,4,D,TP,YP,D
13:57:59,ICBP,RG,8150,10,D,PD,PD,D
13:57:42,ICBP,RG,8125,5,D,TP,RX,F
13:57:42,ICBP,RG,8125,3,D,KK,RX,F
13:57:41,ICBP,RG,8125,1,D,YP,RX,F
13:57:41,ICBP,RG,8125,13,D,NI,RX,F
13:57:40,ICBP,RG,8125,3,D,NI,RX,F
13:57:34,ICBP,RG,8150,2,D,CC,PD,D
13:57:34,ICBP,RG,8150,1,D,XC,PD,D
13:57:31,ICBP,RG,8150,3,D,EP,PD,D
13:57:30,ICBP,RG,8125,4,D,NI,YU,D
13:57:30,ICBP,RG,8125,2,D,NI,YU,D
13:57:30,ICBP,RG,8125,5,D,RO,YU,D
13:57:30,ICBP,RG,8125,5,D,KK,YU,D
13:57:30,ICBP,RG,8125,10,D,PD,YU,D
13:57:30,ICBP,RG,8125,1,D,YP,YU,D
13:57:30,ICBP,RG,8125,1,D,YP,YU,D
13:57:30,ICBP,RG,8125,1,D,CC,YU,D
13:57:30,ICBP,RG,8125,1,D,DH,YU,D
13:57:30,ICBP,RG,8125,1,D,PD,YU,D
13:57:30,ICBP,RG,8125,31,D,AI,YU,D
13:57:13,ICBP,RG,8150,6,D,DR,PD,D
13:56:58,ICBP,RG,8150,1,D,CC,PD,D
13:56:57,ICBP,RG,8125,3,D,AI,PD,D
13:56:54,ICBP,RG,8150,2,D,DH,PD,D
13:56:54,ICBP,RG,8150,3,D,YP,PD,D
13:56:45,ICBP,RG,8150,1,D,CC,PD,D
13:56:40,ICBP,RG,8150,1,D,XC,PD,D
13:56:34,ICBP,RG,8150,1,D,XC,PD,D
13:56:33,ICBP,RG,8150,1,D,NI,PD,D
13:56:21,ICBP,RG,8150,2,D,BQ,PD,D
13:56:17,ICBP,RG,8125,1,D,AI,OD,D
13:56:09,ICBP,RG,8150,58,D,CC,PD,D
13:56:09,ICBP,RG,8150,8,D,CC,CS,F
13:56:09,ICBP,RG,8150,20,D,CC,CS,F
13:56:09,ICBP,RG,8150,14,D,CC,DR,D
13:56:01,ICBP,RG,8150,1,F,CG,DR,D
13:56:01,ICBP,RG,8150,1,F,CG,KZ,F
13:56:01,ICBP,RG,8125,6,D,AI,RX,F
13:55:49,ICBP,RG,8150,1,D,YB,GR,D
13:55:24,ICBP,RG,8125,6,D,AI,RX,F
13:55:19,ICBP,RG,8125,1,D,AI,KZ,D
13:55:19,ICBP,RG,8125,9,D,AI,KZ,D
13:55:07,ICBP,RG,8125,5,D,AI,RX,F
13:55:04,ICBP,RG,8125,38,D,AI,CS,F
13:55:04,ICBP,RG,8125,100,D,YU,CS,F
13:55:04,ICBP,RG,8125,1,D,XC,CS,F
13:55:04,ICBP,RG,8125,1,D,PD,CS,F
13:55:04,ICBP,RG,8125,1,D,XC,CS,F
13:55:04,ICBP,RG,8125,1,D,NI,CS,F
13:55:04,ICBP,RG,8125,2,D,NI,CS,F
13:55:04,ICBP,RG,8125,13,D,YP,CS,F
13:55:04,ICBP,RG,8125,2,D,YP,CS,F
13:55:04,ICBP,RG,8125,25,D,NI,CS,F
13:55:04,ICBP,RG,8125,5,D,PD,CS,F
13:55:04,ICBP,RG,8125,1,D,XC,CS,F
13:55:04,ICBP,RG,8125,5,D,YP,CS,F
13:55:04,ICBP,RG,8125,5,D,AI,CS,F
13:55:04,ICBP,RG,8125,2,D,YP,CS,F
13:55:04,ICBP,RG,8125,1,D,CC,CS,F
13:55:04,ICBP,RG,8125,18,D,YP,CS,F
13:54:46,ICBP,RG,8125,5,D,YP,PD,D
13:54:45,ICBP,RG,8125,4,D,YP,XC,D
13:54:41,ICBP,RG,8125,5,D,YP,RX,F
13:54:37,ICBP,RG,8125,6,D,YP,RX,F
13:54:25,ICBP,RG,8125,1,D,YP,XC,D
13:54:09,ICBP,RG,8125,5,D,YP,RX,F
13:54:06,ICBP,RG,8125,6,D,YP,RX,F
13:53:49,ICBP,RG,8125,1,D,YP,DR,D
13:53:37,ICBP,RG,8125,5,D,YP,RX,F
13:53:32,ICBP,RG,8125,7,D,YP,RX,F
13:53:30,ICBP,RG,8125,5,D,YP,XC,D
13:53:25,ICBP,RG,8150,1,D,YP,GR,D
13:53:20,ICBP,RG,8125,54,D,YP,YU,D
13:53:13,ICBP,RG,8125,6,D,YP,RX,F
13:53:00,ICBP,RG,8150,4,F,ZP,GR,D
13:52:59,ICBP,RG,8125,22,D,YP,NI,D
13:52:58,ICBP,RG,8125,5,D,KI,RX,F
13:52:47,ICBP,RG,8125,2,D,KI,CC,D
13:52:34,ICBP,RG,8125,5,D,KI,RX,F
13:52:32,ICBP,RG,8125,10,D,KI,DR,D
13:52:31,ICBP,RG,8125,1,D,KI,DR,D
13:52:26,ICBP,RG,8150,1,D,NI,GR,D
13:52:26,ICBP,RG,8150,1,D,PD,GR,D
13:52:23,ICBP,RG,8150,2,D,TF,GR,D
13:52:18,ICBP,RG,8150,3,D,NI,GR,D
13:52:07,ICBP,RG,8150,2,D,NI,GR,D
13:51:47,ICBP,RG,8150,1,D,XC,GR,D
13:51:39,ICBP,RG,8150,5,D,YP,GR,D
13:51:32,ICBP,RG,8150,2,D,PD,GR,D
13:51:20,ICBP,RG,8150,2,D,CC,GR,D
13:51:19,ICBP,RG,8125,11,D,KI,DR,D
13:51:12,ICBP,RG,8150,5,D,TP,GR,D
13:51:11,ICBP,RG,8150,1,D,YP,GR,D
13:51:06,ICBP,RG,8150,2,D,YP,GR,D
13:51:01,ICBP,RG,8150,27,F,ZP,GR,D
13:51:01,ICBP,RG,8150,1,F,ZP,XC,D
13:51:01,ICBP,RG,8150,4,F,ZP,PD,D
13:51:01,ICBP,RG,8150,11,F,ZP,SQ,D
13:50:33,ICBP,RG,8150,30,D,LG,SQ,D
13:50:26,ICBP,RG,8125,15,D,KI,PD,D
13:50:00,ICBP,RG,8125,1,D,KI,YU,D
13:50:00,ICBP,RG,8125,1,D,KK,YU,D
13:50:00,ICBP,RG,8125,6,D,SQ,YU,D
13:50:00,ICBP,RG,8125,1,D,XC,YU,D
13:50:00,ICBP,RG,8125,6,D,PD,YU,D
13:50:00,ICBP,RG,8125,1,D,PC,YU,D
13:50:00,ICBP,RG,8125,1,D,YP,YU,D
13:50:00,ICBP,RG,8125,2,D,XC,YU,D
13:50:00,ICBP,RG,8125,1,D,XC,YU,D
13:50:00,ICBP,RG,8125,5,D,YP,YU,D
13:50:00,ICBP,RG,8125,7,D,PD,YU,D
13:50:00,ICBP,RG,8125,32,D,NI,YU,D
13:49:42,ICBP,RG,8150,8,D,CC,SQ,D
13:49:30,ICBP,RG,8150,15,D,CC,SQ,D
13:49:29,ICBP,RG,8150,2,D,NI,SQ,D
13:49:21,ICBP,RG,8150,1,D,AT,SQ,D
13:49:03,ICBP,RG,8150,1,D,PD,SQ,D
13:48:58,ICBP,RG,8150,1,D,PD,SQ,D
13:48:57,ICBP,RG,8150,5,D,YP,SQ,D
13:48:43,ICBP,RG,8150,1,D,XC,SQ,D
13:48:18,ICBP,RG,8150,2,D,XC,SQ,D
13:48:06,ICBP,RG,8150,1,D,PD,SQ,D
13:47:50,ICBP,RG,8150,2,D,XC,SQ,D
13:47:42,ICBP,RG,8150,44,F,ZP,SQ,D
13:47:29,ICBP,RG,8150,1,D,YP,SQ,D
13:47:25,ICBP,RG,8150,4,D,XC,SQ,D
13:47:20,ICBP,RG,8150,2,D,PD,SQ,D
13:47:16,ICBP,RG,8150,1,D,GR,SQ,D
13:47:13,ICBP,RG,8150,1,D,PD,SQ,D
13:46:54,ICBP,RG,8150,10,D,NI,SQ,D
13:46:35,ICBP,RG,8150,41,F,ZP,SQ,D
13:46:35,ICBP,RG,8150,1,D,KK,SQ,D
13:46:16,ICBP,RG,8150,15,D,YP,SQ,D
13:46:16,ICBP,RG,8150,12,D,YP,CS,F
13:46:16,ICBP,RG,8150,10,D,YP,CS,F
13:46:16,ICBP,RG,8150,2,D,YP,XC,D
13:46:16,ICBP,RG,8150,3,D,YP,CS,F
13:46:16,ICBP,RG,8150,5,D,YP,CS,F
13:46:16,ICBP,RG,8150,10,D,YP,CS,F
13:46:16,ICBP,RG,8150,11,D,YP,CS,F
13:46:16,ICBP,RG,8150,2,D,YP,CS,D
13:46:16,ICBP,RG,8150,52,D,YP,RX,F
13:46:15,ICBP,RG,8150,4,D,XC,RX,F
13:45:59,ICBP,RG,8150,3,D,YP,RX,F
13:45:49,ICBP,RG,8150,23,D,ES,RX,F
13:45:49,ICBP,RG,8150,74,D,ES,RX,F
13:45:49,ICBP,RG,8150,2,D,ES,CS,F
13:45:49,ICBP,RG,8150,1,D,ES,CS,F
13:45:48,ICBP,RG,8125,5,D,NI,RX,F
13:45:42,ICBP,RG,8150,4,D,YP,CS,F
13:45:42,ICBP,RG,8150,1,D,YP,KZ,D
13:45:42,ICBP,RG,8150,9,D,YP,KZ,D
13:45:42,ICBP,RG,8150,1,D,YP,ZP,F
13:45:33,ICBP,RG,8125,5,D,NI,RX,F
13:45:29,ICBP,RG,8150,50,D,YP,PD,D
13:45:26,ICBP,RG,8125,5,D,NI,RX,F
13:45:22,ICBP,RG,8150,40,F,ZP,PD,D
13:45:22,ICBP,RG,8150,1,D,PD,PD,D
13:45:10,ICBP,RG,8125,5,D,NI,RX,F
13:45:06,ICBP,RG,8150,1,D,PD,PD,D
13:45:03,ICBP,RG,8125,5,D,NI,RX,F
13:45:01,ICBP,RG,8150,50,D,YP,PD,D
13:45:00,ICBP,RG,8125,43,D,NI,YU,D
13:45:00,ICBP,RG,8125,3,D,PD,YU,D
13:45:00,ICBP,RG,8125,14,D,YB,YU,D
13:44:55,ICBP,RG,8150,1,D,YP,PD,D
13:44:49,ICBP,RG,8150,100,D,YP,PD,D
13:44:40,ICBP,RG,8125,5,D,YB,RX,F
13:44:31,ICBP,RG,8125,5,D,YB,RX,F
13:44:31,ICBP,RG,8125,1,D,PD,RX,F
13:44:30,ICBP,RG,8150,3,D,PD,PD,D
13:44:25,ICBP,RG,8150,3,D,LG,PD,D
13:44:23,ICBP,RG,8150,1,D,XC,PD,D
13:44:17,ICBP,RG,8150,178,F,ZP,PD,D
13:44:16,ICBP,RG,8150,1,D,NI,PD,D
13:44:16,ICBP,RG,8150,18,F,ZP,PD,D
13:44:07,ICBP,RG,8150,19,F,ZP,CS,F
13:44:06,ICBP,RG,8150,6,F,ZP,CS,F
13:44:06,ICBP,RG,8150,7,F,ZP,CS,D
13:44:06,ICBP,RG,8150,50,F,ZP,PD,D
13:44:05,ICBP,RG,8150,1,D,CC,PD,D
13:44:05,ICBP,RG,8150,1,D,CC,PD,D
13:44:05,ICBP,RG,8150,20,D,NI,PD,D
13:44:05,ICBP,RG,8150,1,D,YP,PD,D
13:44:05,ICBP,RG,8150,2,D,SQ,PD,D
13:44:05,ICBP,RG,8150,1,D,XC,PD,D
13:44:05,ICBP,RG,8150,24,D,OD,PD,D
13:44:03,ICBP,RG,8150,6,D,OD,RX,F
13:44:02,ICBP,RG,8150,20,D,OD,KK,D
13:44:02,ICBP,RG,8150,2,D,CC,KK,D
13:44:02,ICBP,RG,8150,13,D,KK,KK,D
13:43:59,ICBP,RG,8150,3,D,KK,RX,F
13:43:59,ICBP,RG,8150,2,D,CC,RX,F
13:43:59,ICBP,RG,8150,1,D,NI,RX,F
13:43:37,ICBP,RG,8150,1,F,ZP,ZP,F
13:43:37,ICBP,RG,8150,2,F,ZP,CC,D
13:43:25,ICBP,RG,8150,4,F,ZP,RX,F
13:43:23,ICBP,RG,8150,1,F,ZP,RX,F
13:43:22,ICBP,RG,8150,6,F,ZP,RX,F
13:42:51,ICBP,RG,8150,5,F,ZP,RX,F
13:42:48,ICBP,RG,8150,5,F,ZP,RX,F
13:42:22,ICBP,RG,8150,6,F,ZP,RX,F
13:42:11,ICBP,RG,8150,5,F,ZP,RX,F
13:41:46,ICBP,RG,8150,5,F,ZP,RX,F
13:41:40,ICBP,RG,8150,5,F,ZP,RX,F
13:41:35,ICBP,RG,8150,5,F,ZP,CS,D
13:41:34,ICBP,RG,8150,20,F,ZP,CS,F
13:41:34,ICBP,RG,8150,6,F,ZP,CS,D
13:41:34,ICBP,RG,8150,7,F,ZP,CS,F
13:41:34,ICBP,RG,8150,2,F,ZP,CS,D
13:41:34,ICBP,RG,8150,16,F,ZP,CS,F
13:41:34,ICBP,RG,8150,4,F,ZP,CS,D
13:41:34,ICBP,RG,8150,5,F,ZP,CS,F
13:41:34,ICBP,RG,8150,2,F,ZP,CS,D
13:41:34,ICBP,RG,8150,13,F,ZP,CS,F
13:41:34,ICBP,RG,8150,1,F,ZP,CS,D
13:41:34,ICBP,RG,8150,2,F,ZP,CS,D
13:41:34,ICBP,RG,8150,4,F,ZP,CS,D
13:41:34,ICBP,RG,8150,300,F,ZP,PD,D
13:41:16,ICBP,RG,8150,2,F,ZP,CS,D
13:41:16,ICBP,RG,8150,5,F,ZP,CS,D
13:41:16,ICBP,RG,8150,19,F,ZP,DR,D
13:41:14,ICBP,RG,8150,8,F,ZP,CS,D
13:41:14,ICBP,RG,8150,3,F,ZP,CS,D
13:41:14,ICBP,RG,8150,1,F,ZP,CS,D
13:41:14,ICBP,RG,8150,9,F,ZP,CS,F
13:41:14,ICBP,RG,8150,6,F,ZP,CS,D
13:41:14,ICBP,RG,8150,1,F,ZP,CS,D
13:41:14,ICBP,RG,8150,10,F,ZP,DR,D
13:41:14,ICBP,RG,8150,38,F,ZP,RX,F
13:41:13,ICBP,RG,8150,2,D,YP,RX,F
13:41:13,ICBP,RG,8150,7,F,ZP,RX,F
13:41:09,ICBP,RG,8150,31,F,ZP,RX,F
13:41:09,ICBP,RG,8150,2,D,YP,RX,F
13:41:09,ICBP,RG,8150,5,D,CD,RX,F
13:41:09,ICBP,RG,8150,1,D,PD,RX,F
13:41:09,ICBP,RG,8150,3,F,AK,RX,F
13:41:09,ICBP,RG,8150,1,F,AK,KZ,D
13:41:09,ICBP,RG,8150,9,F,AK,KZ,D
13:41:05,ICBP,RG,8150,15,F,AK,CS,F
13:41:04,ICBP,RG,8150,2,F,AK,YU,D
13:41:04,ICBP,RG,8150,29,F,AK,YU,D
13:41:04,ICBP,RG,8150,5,D,YP,YU,D
13:41:04,ICBP,RG,8150,1,D,PD,YU,D
13:41:04,ICBP,RG,8150,1,D,PD,YU,D
13:41:04,ICBP,RG,8150,2,D,YP,YU,D
13:41:04,ICBP,RG,8150,1,D,LG,YU,D
13:41:04,ICBP,RG,8150,2,D,YP,YU,D
13:41:04,ICBP,RG,8150,5,D,XC,YU,D
13:41:04,ICBP,RG,8150,3,D,TF,YU,D
13:41:04,ICBP,RG,8150,1,D,AZ,YU,D
13:41:04,ICBP,RG,8150,1,D,XC,YU,D
13:41:04,ICBP,RG,8150,2,D,NI,YU,D
13:41:04,ICBP,RG,8150,20,D,PD,YU,D
13:41:04,ICBP,RG,8150,1,D,NI,YU,D
13:41:04,ICBP,RG,8150,5,D,PD,YU,D
13:41:04,ICBP,RG,8150,1,D,PD,YU,D
13:41:04,ICBP,RG,8150,10,D,PD,YU,D
13:41:04,ICBP,RG,8150,1,D,YP,YU,D
13:41:04,ICBP,RG,8150,1,D,XC,YU,D
13:41:04,ICBP,RG,8150,6,D,PD,YU,D
13:40:45,ICBP,RG,8150,6,D,PD,RX,F
13:40:43,ICBP,RG,8150,6,D,PD,RX,F
13:40:39,ICBP,RG,8150,2,D,PD,KZ,F
13:40:37,ICBP,RG,8150,5,D,PD,ZP,F
13:40:37,ICBP,RG,8150,50,D,PD,CS,F
13:40:37,ICBP,RG,8150,2,D,YB,CS,F
13:40:37,ICBP,RG,8150,79,D,KK,CS,F
13:40:37,ICBP,RG,8150,1,D,CC,CS,F
13:40:37,ICBP,RG,8150,10,D,GR,CS,F
13:40:37,ICBP,RG,8150,10,D,YP,CS,F
13:40:37,ICBP,RG,8150,1,D,PD,CS,F
13:40:37,ICBP,RG,8150,2,D,PD,CS,F
13:40:37,ICBP,RG,8150,5,D,SQ,CS,F
13:40:37,ICBP,RG,8150,1,D,XC,CS,F
13:40:37,ICBP,RG,8150,5,D,CC,CS,F
13:40:37,ICBP,RG,8150,20,D,DH,CS,F
13:40:37,ICBP,RG,8150,1,D,PD,CS,F
13:40:37,ICBP,RG,8150,5,D,CC,CS,F
13:40:37,ICBP,RG,8150,1,D,NI,CS,F
13:40:37,ICBP,RG,8150,2,D,CC,CS,F
13:40:37,ICBP,RG,8150,1,D,KK,CS,F
13:40:37,ICBP,RG,8150,227,D,HP,CS,F
13:40:37,ICBP,RG,8150,1,D,NI,CS,F
13:40:37,ICBP,RG,8150,38,F,KZ,CS,F
13:40:32,ICBP,RG,8175,1,D,NI,CS,F
13:40:15,ICBP,RG,8150,1,D,PD,PD,D
13:40:15,ICBP,RG,8150,1,F,CC,PD,D
13:40:15,ICBP,RG,8150,4,D,SQ,PD,D
13:40:15,ICBP,RG,8150,1,D,SQ,PD,D
13:40:15,ICBP,RG,8150,1,D,PD,PD,D
13:40:15,ICBP,RG,8150,71,D,CC,PD,D
13:40:15,ICBP,RG,8150,9,D,CC,PD,D
13:40:15,ICBP,RG,8150,1,D,XC,PD,D
13:40:15,ICBP,RG,8150,11,D,YP,PD,D
13:40:15,ICBP,RG,8150,8,D,YP,PD,D
13:40:15,ICBP,RG,8150,1,D,YP,PD,D
13:40:15,ICBP,RG,8150,1,F,AK,PD,D
13:40:15,ICBP,RG,8150,217,F,ZP,PD,D
13:40:15,ICBP,RG,8150,1,D,YP,PD,D
13:40:15,ICBP,RG,8150,1,D,PD,PD,D
13:40:15,ICBP,RG,8150,1,F,AK,PD,D
13:40:15,ICBP,RG,8150,12,D,YP,PD,D
13:40:15,ICBP,RG,8150,4,D,YP,PD,D
13:40:15,ICBP,RG,8150,1,D,YP,PD,D
13:40:15,ICBP,RG,8150,1,D,YP,PD,D
13:40:15,ICBP,RG,8150,4,D,YP,PD,D
13:40:15,ICBP,RG,8150,1,D,YP,PD,D
13:40:15,ICBP,RG,8150,1,D,YP,PD,D
13:40:15,ICBP,RG,8150,20,D,YP,PD,D
13:40:15,ICBP,RG,8150,6,D,NI,PD,D
13:40:15,ICBP,RG,8150,2,D,CC,PD,D
13:40:15,ICBP,RG,8150,165,F,AK,PD,D
13:40:11,ICBP,RG,8150,5,F,AK,RX,F
13:40:11,ICBP,RG,8150,1,D,XC,RX,F
13:40:11,ICBP,RG,8150,1,D,XC,RX,F
13:40:11,ICBP,RG,8150,18,D,OD,RX,F
13:40:10,ICBP,RG,8150,23,D,OD,RX,F
13:40:09,ICBP,RG,8150,1,D,OD,KZ,F
13:40:00,ICBP,RG,8150,8,D,OD,YU,D
13:40:00,ICBP,RG,8150,4,D,XC,YU,D
13:40:00,ICBP,RG,8150,3,D,XC,YU,D
13:40:00,ICBP,RG,8150,10,D,XC,YU,D
13:40:00,ICBP,RG,8150,1,D,CC,YU,D
13:40:00,ICBP,RG,8150,10,D,XC,YU,D
13:40:00,ICBP,RG,8150,2,D,XC,YU,D
13:40:00,ICBP,RG,8150,20,D,CC,YU,D
13:39:56,ICBP,RG,8175,1,D,YP,CS,F
13:39:49,ICBP,RG,8175,1,D,CC,CS,F
13:39:45,ICBP,RG,8175,7,F,ZP,CS,F
13:39:45,ICBP,RG,8175,1,F,ZP,CS,F
13:39:45,ICBP,RG,8175,1,F,ZP,ZP,F
13:39:45,ICBP,RG,8175,5,F,ZP,CS,F
13:39:45,ICBP,RG,8175,1,F,ZP,KK,D
13:39:45,ICBP,RG,8175,2,F,ZP,KK,D
13:39:45,ICBP,RG,8175,36,F,ZP,SQ,D
13:39:12,ICBP,RG,8175,12,D,DR,SQ,D
13:38:30,ICBP,RG,8175,30,D,CC,SQ,D
13:37:53,ICBP,RG,8175,22,D,EP,SQ,D
13:37:53,ICBP,RG,8175,31,D,EP,SQ,D
13:37:51,ICBP,RG,8175,64,F,ZP,SQ,D
13:37:51,ICBP,RG,8150,30,D,CC,PD,D
13:37:51,ICBP,RG,8150,22,D,CC,PD,D
13:37:51,ICBP,RG,8150,1,D,PD,PD,D
13:37:51,ICBP,RG,8150,3,D,XC,PD,D
13:37:51,ICBP,RG,8150,1,D,XC,PD,D
13:37:51,ICBP,RG,8150,1,D,XC,PD,D
13:37:51,ICBP,RG,8150,1,D,XC,PD,D
13:37:51,ICBP,RG,8150,2,D,XC,PD,D
13:37:51,ICBP,RG,8150,3,F,KK,PD,D
13:37:51,ICBP,RG,8150,5,D,PD,PD,D
13:37:51,ICBP,RG,8150,1,D,PD,PD,D
13:37:51,ICBP,RG,8150,5,D,CC,PD,D
13:37:51,ICBP,RG,8150,8,D,PD,PD,D
13:37:51,ICBP,RG,8150,17,D,CC,PD,D
13:37:44,ICBP,RG,8175,2,D,NI,SQ,D
13:37:36,ICBP,RG,8175,2,D,CC,SQ,D
13:37:33,ICBP,RG,8175,10,D,AN,SQ,D
13:37:08,ICBP,RG,8175,5,D,CC,SQ,D
13:36:45,ICBP,RG,8150,6,D,CC,RX,F
13:36:42,ICBP,RG,8150,15,D,CC,SQ,D
13:36:37,ICBP,RG,8175,1,D,CC,SQ,D
13:36:02,ICBP,RG,8150,2,D,CC,RX,F
13:36:02,ICBP,RG,8150,3,D,YU,RX,F
13:35:56,ICBP,RG,8150,4,D,YU,XC,D
13:35:46,ICBP,RG,8150,5,D,YU,RX,F
13:35:28,ICBP,RG,8175,20,F,ZP,SQ,D
13:35:19,ICBP,RG,8150,22,D,YU,RX,F
13:35:05,ICBP,RG,8150,16,D,YU,RX,F
13:35:00,ICBP,RG,8150,13,D,CC,YU,D
13:35:00,ICBP,RG,8150,1,D,PD,YU,D
13:35:00,ICBP,RG,8150,1,D,PD,YU,D
13:35:00,ICBP,RG,8150,1,D,PD,YU,D
13:35:00,ICBP,RG,8150,1,D,PD,YU,D
13:35:00,ICBP,RG,8150,2,D,DH,YU,D
13:35:00,ICBP,RG,8150,2,D,KK,YU,D
13:35:00,ICBP,RG,8150,1,D,PD,YU,D
13:35:00,ICBP,RG,8150,5,D,PD,YU,D
13:35:00,ICBP,RG,8150,3,D,DH,YU,D
13:35:00,ICBP,RG,8150,5,D,SQ,YU,D
13:35:00,ICBP,RG,8150,1,D,PD,YU,D
13:35:00,ICBP,RG,8150,26,F,ZP,YU,D
13:35:00,ICBP,RG,8150,2,D,PD,YU,D
13:34:51,ICBP,RG,8150,1,D,PD,EP,D
13:34:25,ICBP,RG,8150,1,D,PD,PD,D
13:34:25,ICBP,RG,8150,3,D,YU,PD,D
13:34:10,ICBP,RG,8175,1,D,PD,SQ,D
13:34:05,ICBP,RG,8150,2,D,YU,YP,D
13:34:05,ICBP,RG,8150,1,D,DX,YP,D
13:34:05,ICBP,RG,8150,2,D,CP,YP,D
13:33:59,ICBP,RG,8175,3,D,PD,SQ,D
13:33:55,ICBP,RG,8175,2,D,PD,SQ,D
13:33:31,ICBP,RG,8175,1,D,DH,SQ,D
13:32:36,ICBP,RG,8150,2,D,CP,DR,D
13:32:36,ICBP,RG,8150,1,D,SQ,DR,D
13:32:20,ICBP,RG,8150,1,D,SQ,KK,D
13:31:33,ICBP,RG,8150,1,D,SQ,DR,D
13:31:33,ICBP,RG,8150,1,D,GR,DR,D
13:31:33,ICBP,RG,8150,1,D,DH,DR,D
13:31:33,ICBP,RG,8150,1,D,DH,DR,D
13:31:33,ICBP,RG,8150,4,D,PD,DR,D
13:30:39,ICBP,RG,8175,1,D,NI,SQ,D
13:30:22,ICBP,RG,8175,1,D,YP,SQ,D
13:30:22,ICBP,RG,8175,2,D,YP,SQ,D
13:30:21,ICBP,RG,8150,2,D,PD,YP,D
13:30:19,ICBP,RG,8150,2,D,PD,KZ,D
13:30:19,ICBP,RG,8150,9,D,PD,KZ,D
13:30:17,ICBP,RG,8175,4,D,LG,SQ,D
13:30:17,ICBP,RG,8175,1,D,LG,PD,D
13:30:17,ICBP,RG,8175,1,D,LG,PD,D
13:30:17,ICBP,RG,8175,12,D,LG,CS,F
13:30:17,ICBP,RG,8175,1,D,LG,XC,D
13:30:17,ICBP,RG,8175,9,D,LG,CS,F
13:30:11,ICBP,RG,8175,1,D,CC,CS,F
13:30:11,ICBP,RG,8150,2,D,PD,PD,D
13:30:09,ICBP,RG,8150,1,D,PD,PD,D
13:30:09,ICBP,RG,8150,3,D,EP,DH,D
13:30:09,ICBP,RG,8150,1,D,EP,DH,D
13:30:09,ICBP,RG,8150,3,D,EP,DH,D
13:30:08,ICBP,RG,8150,13,D,EP,PD,D
13:30:08,ICBP,RG,8150,3,D,EP,DH,D
13:30:07,ICBP,RG,8150,1,D,EP,PD,D
13:30:06,ICBP,RG,8150,2,D,EP,DH,D
13:30:06,ICBP,RG,8150,7,D,EP,PD,D
13:30:06,ICBP,RG,8150,8,D,EP,PD,F
13:30:05,ICBP,RG,8150,1,D,EP,EP,D
13:30:05,ICBP,RG,8150,1,D,EP,KK,D
13:30:05,ICBP,RG,8150,26,D,EP,YU,D
13:30:05,ICBP,RG,8150,2,D,EP,PD,D
13:30:04,ICBP,RG,8150,5,D,EP,SQ,D
13:30:04,ICBP,RG,8175,4,D,SQ,CS,F
13:30:04,ICBP,RG,8175,3,D,SQ,CS,F
13:30:04,ICBP,RG,8150,1,D,EP,SQ,D
13:30:03,ICBP,RG,8150,27,D,EP,DX,F
13:30:03,ICBP,RG,8150,16,F,DX,DX,F
13:30:03,ICBP,RG,8150,24,F,DX,GR,D
13:30:03,ICBP,RG,8150,2,D,KK,GR,D
13:30:03,ICBP,RG,8175,1,D,AT,CS,F
11:29:08,ICBP,RG,8150,1,F,ZP,PD,D
11:29:07,ICBP,RG,8150,12,F,ZP,XC,D
11:29:07,ICBP,RG,8150,2,D,DR,XC,D
11:29:00,ICBP,RG,8175,12,F,AK,CS,F
11:28:45,ICBP,RG,8175,3,F,AK,CS,F
11:27:26,ICBP,RG,8150,7,F,ZP,CS,F
11:27:26,ICBP,RG,8150,2,F,ZP,CS,D
11:27:26,ICBP,RG,8150,1,F,ZP,CS,D
11:27:26,ICBP,RG,8150,3,F,ZP,CS,D
11:27:26,ICBP,RG,8150,1,F,ZP,CS,F
11:27:25,ICBP,RG,8150,7,F,ZP,CS,F
11:27:25,ICBP,RG,8150,1,F,ZP,CS,D
11:27:25,ICBP,RG,8150,1,F,ZP,CS,D
11:27:25,ICBP,RG,8150,2,F,ZP,CS,D
11:27:25,ICBP,RG,8150,3,F,ZP,CS,D
11:27:25,ICBP,RG,8150,14,F,ZP,KK,D
11:27:24,ICBP,RG,8150,10,D,CC,KK,D
11:27:24,ICBP,RG,8150,1,D,PD,KK,D
11:27:24,ICBP,RG,8150,5,D,PD,KK,D
11:27:24,ICBP,RG,8150,10,F,ZP,KK,D
11:26:48,ICBP,RG,8150,2,F,ZP,CS,F
11:26:47,ICBP,RG,8150,1,F,ZP,CS,D
11:26:46,ICBP,RG,8150,8,F,ZP,ZP,F
11:26:46,ICBP,RG,8150,100,F,ZP,YP,D
11:26:46,ICBP,RG,8150,4,F,ZP,CS,F
11:26:46,ICBP,RG,8150,14,F,ZP,CS,F
11:26:46,ICBP,RG,8150,15,F,ZP,CS,F
11:26:46,ICBP,RG,8150,1,F,ZP,KZ,D
11:26:46,ICBP,RG,8150,9,F,ZP,KZ,D
11:26:46,ICBP,RG,8150,39,F,ZP,YP,D
11:26:46,ICBP,RG,8150,1,F,ZP,XC,D
11:26:46,ICBP,RG,8150,15,F,ZP,CS,F
11:26:46,ICBP,RG,8150,1,F,ZP,CS,F
11:26:46,ICBP,RG,8150,23,F,ZP,CS,F
11:26:46,ICBP,RG,8150,2,F,ZP,CS,F
11:26:46,ICBP,RG,8150,1,F,ZP,PD,D
11:26:46,ICBP,RG,8150,16,F,ZP,CS,F
11:26:46,ICBP,RG,8150,7,F,ZP,CS,D
11:26:46,ICBP,RG,8150,26,F,ZP,CS,F
11:26:46,ICBP,RG,8150,10,F,ZP,CC,D
11:26:46,ICBP,RG,8150,12,F,ZP,CS,F
11:26:46,ICBP,RG,8150,2,F,ZP,CS,D
11:26:46,ICBP,RG,8150,24,F,ZP,CS,F
11:26:46,ICBP,RG,8150,2,F,ZP,CS,D
11:26:46,ICBP,RG,8150,106,F,ZP,CS,F
11:26:46,ICBP,RG,8150,22,F,ZP,CS,F
11:26:46,ICBP,RG,8150,1,F,ZP,CS,D
11:26:46,ICBP,RG,8150,81,F,ZP,RX,F
11:26:46,ICBP,RG,8150,74,F,ZP,RX,F
11:26:46,ICBP,RG,8150,23,F,ZP,CS,F
11:26:46,ICBP,RG,8150,3,F,ZP,CS,D
11:26:46,ICBP,RG,8150,1,F,ZP,CS,D
11:26:46,ICBP,RG,8150,1,F,ZP,CS,F
11:26:46,ICBP,RG,8150,13,F,ZP,CS,F
11:26:46,ICBP,RG,8150,1,F,ZP,CS,F
11:26:46,ICBP,RG,8150,7,F,ZP,CS,F
11:26:46,ICBP,RG,8150,12,F,ZP,CS,F
11:26:46,ICBP,RG,8150,10,F,ZP,CS,F
11:26:46,ICBP,RG,8150,3,F,ZP,CS,D
11:26:46,ICBP,RG,8150,4,F,ZP,CS,D
11:26:46,ICBP,RG,8150,5,F,ZP,CS,F
11:26:46,ICBP,RG,8150,1,F,ZP,CS,F
11:26:46,ICBP,RG,8150,2,F,ZP,YP,D
11:26:46,ICBP,RG,8150,9,F,ZP,CS,F
11:26:46,ICBP,RG,8150,2,F,ZP,CS,F
11:26:46,ICBP,RG,8150,5,F,ZP,CS,F
11:26:46,ICBP,RG,8150,1,F,ZP,KK,D
11:26:46,ICBP,RG,8150,2,F,ZP,CS,F
11:26:46,ICBP,RG,8150,13,F,ZP,CS,F
11:26:46,ICBP,RG,8150,28,F,ZP,CS,F
11:26:46,ICBP,RG,8150,2,F,ZP,XC,D
11:26:46,ICBP,RG,8150,24,F,ZP,CS,F
11:26:46,ICBP,RG,8150,6,F,ZP,CS,D
11:26:46,ICBP,RG,8150,4,F,ZP,CS,F
11:26:46,ICBP,RG,8150,19,F,ZP,CS,F
11:26:46,ICBP,RG,8150,24,F,ZP,CS,F
11:26:46,ICBP,RG,8150,12,F,ZP,CS,F
11:26:46,ICBP,RG,8150,5,F,ZP,CS,D
11:26:46,ICBP,RG,8150,8,F,ZP,CS,F
11:26:46,ICBP,RG,8150,13,F,ZP,CS,F
11:26:46,ICBP,RG,8150,8,F,ZP,CS,F
11:26:46,ICBP,RG,8150,8,F,ZP,CS,F
11:26:46,ICBP,RG,8150,1,F,ZP,CS,D
11:26:46,ICBP,RG,8150,4,F,ZP,XC,D
11:26:46,ICBP,RG,8150,11,F,ZP,CS,F
11:26:46,ICBP,RG,8150,38,F,ZP,RX,F
11:26:46,ICBP,RG,8150,33,F,ZP,RX,F
11:26:46,ICBP,RG,8150,7,F,ZP,CS,F
11:26:46,ICBP,RG,8150,19,F,ZP,CS,F
11:26:46,ICBP,RG,8150,1,F,ZP,ZP,F
11:26:46,ICBP,RG,8150,1,F,ZP,ZP,F
11:26:46,ICBP,RG,8150,4,F,ZP,CS,D
11:26:46,ICBP,RG,8150,4,F,ZP,CS,D
11:26:46,ICBP,RG,8150,12,F,ZP,CS,F
11:26:46,ICBP,RG,8150,2,F,ZP,CS,F
11:26:46,ICBP,RG,8150,86,F,ZP,SQ,D
11:26:25,ICBP,RG,8150,5,D,YP,SQ,D
11:26:22,ICBP,RG,8150,9,D,GR,SQ,D
11:26:22,ICBP,RG,8150,3,D,GR,XC,D
11:26:22,ICBP,RG,8150,1,D,GR,CS,F
11:26:22,ICBP,RG,8150,2,D,GR,PD,D
11:26:22,ICBP,RG,8150,2,D,GR,ZP,F
11:26:22,ICBP,RG,8150,8,D,GR,PD,D
11:26:22,ICBP,RG,8150,75,D,GR,PD,D
11:26:08,ICBP,RG,8150,1,D,NI,PD,D
11:26:03,ICBP,RG,8125,19,F,ZP,YP,D
11:25:57,ICBP,RG,8150,5,D,YP,PD,D
11:25:02,ICBP,RG,8125,100,F,ZP,PD,D
11:24:54,ICBP,RG,8150,1,D,NI,PD,D
11:24:34,ICBP,RG,8125,1,F,ZP,DH,D
11:24:30,ICBP,RG,8125,18,F,ZP,YU,D
11:24:30,ICBP,RG,8125,5,D,EP,YU,D
11:24:30,ICBP,RG,8125,2,D,PD,YU,D
11:24:30,ICBP,RG,8125,1,D,NI,YU,D
11:24:30,ICBP,RG,8125,1,D,XC,YU,D
11:24:30,ICBP,RG,8125,1,D,PD,YU,D
11:24:30,ICBP,RG,8125,1,D,YP,YU,D
11:24:30,ICBP,RG,8125,2,D,XC,YU,D
11:24:30,ICBP,RG,8125,1,D,NI,YU,D
11:24:30,ICBP,RG,8125,1,D,NI,YU,D
11:24:30,ICBP,RG,8125,5,D,PD,YU,D
11:24:30,ICBP,RG,8125,5,D,NI,YU,D
11:24:30,ICBP,RG,8125,1,D,YP,YU,D
11:24:30,ICBP,RG,8125,17,D,DH,YU,D
11:24:08,ICBP,RG,8150,7,D,KK,PD,D
11:24:04,ICBP,RG,8150,1,D,NI,PD,D
11:24:00,ICBP,RG,8125,3,D,DH,YU,D
11:24:00,ICBP,RG,8125,5,D,NI,YU,D
11:24:00,ICBP,RG,8125,1,D,XC,YU,D
11:24:00,ICBP,RG,8125,30,D,PD,YU,D
11:24:00,ICBP,RG,8125,1,D,PD,YU,D
11:24:00,ICBP,RG,8125,1,D,PD,YU,D
11:24:00,ICBP,RG,8125,1,D,PD,YU,D
11:24:00,ICBP,RG,8125,2,D,LG,YU,D
11:24:00,ICBP,RG,8125,10,D,CC,YU,D
11:24:00,ICBP,RG,8125,1,D,DH,YU,D
11:24:00,ICBP,RG,8125,1,D,PD,YU,D
11:24:00,ICBP,RG,8125,8,D,DH,YU,D
11:22:48,ICBP,RG,8125,92,D,DH,PD,D
11:22:48,ICBP,RG,8125,1,D,SQ,PD,D
11:22:48,ICBP,RG,8125,1,D,YP,PD,D
11:22:48,ICBP,RG,8125,1,D,PD,PD,D
11:22:48,ICBP,RG,8125,10,D,SQ,PD,D
11:22:48,ICBP,RG,8125,3,D,CC,PD,D
11:22:48,ICBP,RG,8125,10,D,YP,PD,D
11:22:48,ICBP,RG,8125,1,D,PD,PD,D
11:22:48,ICBP,RG,8125,1,D,YP,PD,D
11:22:48,ICBP,RG,8125,3,D,EP,PD,D
11:22:48,ICBP,RG,8125,5,D,SQ,PD,D
11:22:48,ICBP,RG,8125,1,D,YP,PD,D
11:22:48,ICBP,RG,8125,2,D,SQ,PD,D
11:22:48,ICBP,RG,8125,2,D,PD,PD,D
11:22:48,ICBP,RG,8125,3,D,XC,PD,D
11:22:48,ICBP,RG,8125,2,D,YP,PD,D
11:22:48,ICBP,RG,8125,1,D,CC,PD,D
11:22:48,ICBP,RG,8125,2,D,YP,PD,D
11:22:48,ICBP,RG,8125,1,F,AK,PD,D
11:22:48,ICBP,RG,8125,5,D,OD,PD,D
11:22:48,ICBP,RG,8125,2,D,CC,PD,D
11:22:48,ICBP,RG,8125,1,D,CC,PD,D
11:22:48,ICBP,RG,8125,10,D,NI,PD,D
11:22:48,ICBP,RG,8125,5,D,GR,PD,D
11:22:48,ICBP,RG,8125,1,D,XC,PD,D
11:22:48,ICBP,RG,8125,2,D,XC,PD,D
11:22:48,ICBP,RG,8125,1,D,XC,PD,D
11:22:48,ICBP,RG,8125,2,D,YP,PD,D
11:22:48,ICBP,RG,8125,3,D,CC,PD,D
11:22:48,ICBP,RG,8125,11,F,ZP,PD,D
11:22:48,ICBP,RG,8125,1,D,OD,PD,D
11:22:48,ICBP,RG,8125,1,D,XC,PD,D
11:22:48,ICBP,RG,8125,1,D,CC,PD,D
11:22:48,ICBP,RG,8125,3,D,NI,PD,D
11:22:48,ICBP,RG,8125,2,D,XC,PD,D
11:22:48,ICBP,RG,8125,1,D,XC,PD,D
11:22:48,ICBP,RG,8125,6,D,AZ,PD,D
11:21:32,ICBP,RG,8150,10,D,YB,PD,D
11:21:27,ICBP,RG,8150,3,D,SQ,PD,D
11:21:27,ICBP,RG,8150,17,D,SQ,PD,D
11:21:20,ICBP,RG,8125,55,D,AZ,YU,D
11:21:20,ICBP,RG,8125,4,D,YP,YU,D
11:20:29,ICBP,RG,8150,1,D,YP,PD,D
11:20:07,ICBP,RG,8150,5,D,PD,PD,D
11:19:57,ICBP,RG,8125,50,D,YP,CC,D
11:19:51,ICBP,RG,8125,6,D,YP,PD,D
11:19:51,ICBP,RG,8125,73,D,YP,PD,D
11:19:51,ICBP,RG,8125,21,D,YP,PD,D
11:19:51,ICBP,RG,8125,46,D,YP,PD,D
11:19:51,ICBP,RG,8125,3,D,PD,PD,D
11:19:51,ICBP,RG,8125,10,D,XA,PD,D
11:19:51,ICBP,RG,8125,1,D,DR,PD,D
11:19:51,ICBP,RG,8125,3,D,XC,PD,D
11:19:51,ICBP,RG,8125,5,D,YP,PD,D
11:19:51,ICBP,RG,8125,1,D,CC,PD,D
11:19:51,ICBP,RG,8125,6,D,YP,PD,D
11:19:51,ICBP,RG,8125,2,D,PD,PD,D
11:19:51,ICBP,RG,8125,1,D,CC,PD,D
11:19:51,ICBP,RG,8125,10,D,OD,PD,D
11:19:51,ICBP,RG,8125,30,D,SQ,PD,D
11:19:51,ICBP,RG,8125,1,D,XC,PD,D
11:19:51,ICBP,RG,8125,2,D,PD,PD,D
11:19:51,ICBP,RG,8125,2,D,SQ,PD,D
11:19:51,ICBP,RG,8125,50,D,EP,PD,D
11:19:51,ICBP,RG,8125,10,D,CC,PD,D
11:19:51,ICBP,RG,8125,3,D,YP,PD,D
11:19:51,ICBP,RG,8125,2,D,PD,PD,D
11:19:51,ICBP,RG,8125,18,F,AK,PD,D
11:19:51,ICBP,RG,8125,3,D,YP,PD,D
11:19:51,ICBP,RG,8125,1,D,KK,PD,D
11:19:51,ICBP,RG,8125,1,D,PD,PD,D
11:19:51,ICBP,RG,8125,50,D,IT,PD,D
11:19:51,ICBP,RG,8125,1,D,PD,PD,D
11:19:51,ICBP,RG,8125,16,F,AK,PD,D
11:19:51,ICBP,RG,8125,10,D,DH,PD,D
11:19:51,ICBP,RG,8125,5,D,YP,PD,D
11:19:51,ICBP,RG,8125,1,D,XC,PD,D
11:19:51,ICBP,RG,8125,1,D,SQ,PD,D
11:19:51,ICBP,RG,8125,2,D,YB,PD,D
11:19:51,ICBP,RG,8125,5,D,OD,PD,D
11:19:51,ICBP,RG,8125,15,F,AK,PD,D
11:19:51,ICBP,RG,8125,2,D,KK,PD,D
11:19:51,ICBP,RG,8125,4,D,YP,PD,D
11:19:51,ICBP,RG,8125,1,D,XC,PD,D
11:19:51,ICBP,RG,8125,3,D,EP,PD,D
11:19:51,ICBP,RG,8125,3,D,YB,PD,D
11:19:51,ICBP,RG,8125,2,D,CC,PD,D
11:19:51,ICBP,RG,8125,1,D,NI,PD,D
11:19:51,ICBP,RG,8125,1,D,PD,PD,D
11:19:51,ICBP,RG,8125,113,F,ZP,PD,D
11:19:46,ICBP,RG,8125,1,F,ZP,KZ,D
11:19:46,ICBP,RG,8125,10,F,ZP,KZ,D
11:19:37,ICBP,RG,8150,1,D,CC,PD,D
11:19:36,ICBP,RG,8150,6,D,CC,PD,D
11:19:36,ICBP,RG,8150,1,D,CC,PD,D
11:19:20,ICBP,RG,8150,5,D,KK,PD,D
11:19:02,ICBP,RG,8150,20,D,NI,PD,D
11:18:43,ICBP,RG,8125,5,F,ZP,PD,D
11:18:20,ICBP,RG,8125,64,F,ZP,YU,D
11:18:05,ICBP,RG,8150,2,D,GR,PD,D
11:17:44,ICBP,RG,8150,1,D,EP,PD,D
11:17:15,ICBP,RG,8150,10,D,CC,PD,D
11:16:48,ICBP,RG,8125,5,F,ZP,RX,F
11:16:42,ICBP,RG,8125,100,F,ZP,SQ,D
11:16:32,ICBP,RG,8125,86,F,ZP,SQ,D
11:16:32,ICBP,RG,8125,5,D,NI,SQ,D
11:16:32,ICBP,RG,8125,9,F,ZP,SQ,D
11:16:08,ICBP,RG,8125,28,F,ZP,CS,D
11:16:07,ICBP,RG,8125,38,F,ZP,PD,D
11:16:07,ICBP,RG,8125,3,D,YP,PD,D
11:16:07,ICBP,RG,8125,1,D,PD,PD,D
11:16:07,ICBP,RG,8125,2,D,PD,PD,D
11:16:07,ICBP,RG,8125,2,D,XC,PD,D
11:16:07,ICBP,RG,8125,20,D,PD,PD,D
11:16:07,ICBP,RG,8125,1,D,DR,PD,D
11:16:07,ICBP,RG,8125,1,D,PD,PD,D
11:16:07,ICBP,RG,8125,2,D,SQ,PD,D
11:16:07,ICBP,RG,8125,3,D,DR,PD,D
11:16:07,ICBP,RG,8125,5,D,RF,PD,D
11:16:07,ICBP,RG,8125,2,D,XC,PD,D
11:16:07,ICBP,RG,8125,2,D,YP,PD,D
11:16:07,ICBP,RG,8125,1,D,XC,PD,D
11:16:07,ICBP,RG,8125,5,D,YP,PD,D
11:16:07,ICBP,RG,8125,25,D,OD,PD,D
11:16:07,ICBP,RG,8125,1,D,YP,PD,D
11:16:07,ICBP,RG,8125,1,D,OD,PD,D
11:16:07,ICBP,RG,8125,1,D,XC,PD,D
11:16:07,ICBP,RG,8125,1,D,YP,PD,D
11:16:07,ICBP,RG,8125,2,D,YP,PD,D
11:16:07,ICBP,RG,8125,2,D,XC,PD,D
11:16:07,ICBP,RG,8125,1,D,XC,PD,D
11:16:07,ICBP,RG,8125,1,D,YP,PD,D
11:16:07,ICBP,RG,8125,1,D,DH,PD,D
11:16:07,ICBP,RG,8125,1,D,NI,PD,D
11:16:07,ICBP,RG,8125,10,D,SQ,PD,D
11:16:07,ICBP,RG,8125,10,D,SQ,PD,D
11:16:07,ICBP,RG,8125,1,D,CC,PD,D
11:16:07,ICBP,RG,8125,1,D,XC,PD,D
11:16:07,ICBP,RG,8125,5,D,CC,PD,D
11:16:07,ICBP,RG,8125,10,D,HP,PD,D
11:16:07,ICBP,RG,8125,10,D,XC,PD,D
11:16:07,ICBP,RG,8125,2,D,GR,PD,D
11:16:07,ICBP,RG,8125,2,D,CC,PD,D
11:16:07,ICBP,RG,8125,10,D,DX,PD,D
11:16:07,ICBP,RG,8125,10,D,GR,PD,D
11:16:07,ICBP,RG,8125,2,D,PD,PD,D
11:16:07,ICBP,RG,8125,25,D,YP,PD,D
11:16:07,ICBP,RG,8125,3,D,NI,PD,D
11:16:07,ICBP,RG,8125,5,D,PD,PD,D
11:16:07,ICBP,RG,8125,1,D,YP,PD,D
11:16:07,ICBP,RG,8125,1,D,AZ,PD,D
11:16:07,ICBP,RG,8125,10,D,DR,PD,D
11:16:07,ICBP,RG,8125,2,D,PD,PD,D
11:16:07,ICBP,RG,8125,1,D,PD,PD,D
11:16:07,ICBP,RG,8125,1,D,PD,PD,D
11:16:07,ICBP,RG,8125,2,D,PD,PD,D
11:16:07,ICBP,RG,8125,1,D,KK,PD,D
11:16:07,ICBP,RG,8125,1,D,XC,PD,D
11:16:07,ICBP,RG,8125,1,D,NI,PD,D
11:16:07,ICBP,RG,8125,1,D,PD,PD,D
11:16:07,ICBP,RG,8125,1,D,YP,PD,D
11:16:07,ICBP,RG,8125,1,D,NI,PD,D
11:16:07,ICBP,RG,8125,1,D,XC,PD,D
11:16:07,ICBP,RG,8125,7,D,EP,PD,D
11:16:07,ICBP,RG,8125,1,D,CC,PD,D
11:16:07,ICBP,RG,8125,1,D,XC,PD,D
11:16:07,ICBP,RG,8125,1,D,NI,PD,D
11:16:07,ICBP,RG,8125,8,D,PD,PD,D
11:16:07,ICBP,RG,8125,26,D,YP,PD,D
11:16:07,ICBP,RG,8125,9,D,YP,PD,D
11:16:02,ICBP,RG,8150,1,D,XC,PD,D
11:16:02,ICBP,RG,8125,1,D,YP,XC,D
11:15:38,ICBP,RG,8150,3,D,EP,PD,D
11:15:38,ICBP,RG,8125,2,D,YP,RX,F
11:15:38,ICBP,RG,8125,1,D,EP,RX,F
11:15:38,ICBP,RG,8125,1,D,SQ,RX,F
11:15:38,ICBP,RG,8125,2,D,CC,RX,F
11:15:38,ICBP,RG,8125,1,D,CC,RX,F
11:15:38,ICBP,RG,8125,2,D,PD,RX,F
11:15:38,ICBP,RG,8125,1,D,XC,RX,F
11:15:38,ICBP,RG,8125,1,D,PD,RX,F
11:15:38,ICBP,RG,8125,3,D,KK,RX,F
11:15:38,ICBP,RG,8125,8,D,DR,RX,F
11:15:35,ICBP,RG,8150,5,D,YP,PD,D
11:15:34,ICBP,RG,8125,2,D,DR,RX,F
11:15:34,ICBP,RG,8125,19,D,DR,RX,F
11:15:34,ICBP,RG,8125,4,D,DR,NI,D
11:15:26,ICBP,RG,8125,7,D,DR,CS,F
11:15:26,ICBP,RG,8125,1,D,PD,CS,F
11:15:26,ICBP,RG,8125,5,D,XC,CS,F
11:15:26,ICBP,RG,8125,1,D,XC,CS,F
11:15:26,ICBP,RG,8125,1,D,YP,CS,F
11:15:26,ICBP,RG,8125,4,D,NI,CS,F
11:15:26,ICBP,RG,8125,313,D,PG,CS,F
11:15:18,ICBP,RG,8125,39,D,PG,RX,F
11:15:13,ICBP,RG,8125,1,D,PG,XC,D
11:15:13,ICBP,RG,8125,33,D,PG,RX,F
11:15:00,ICBP,RG,8125,59,D,PG,YU,D
11:15:00,ICBP,RG,8150,3,D,KK,PD,D
11:14:55,ICBP,RG,8150,5,D,YP,PD,D
11:14:42,ICBP,RG,8150,1,D,NI,PD,D
11:14:14,ICBP,RG,8150,1,D,XC,PD,D
11:13:45,ICBP,RG,8150,5,D,YP,PD,D
11:13:24,ICBP,RG,8150,1,D,CC,PD,D
11:12:55,ICBP,RG,8150,1,D,CC,PD,D
11:12:48,ICBP,RG,8150,5,D,YP,PD,D
11:12:36,ICBP,RG,8125,1,D,PG,XC,D
11:12:36,ICBP,RG,8125,1,D,PG,KZ,D
11:12:36,ICBP,RG,8125,9,D,PG,KZ,D
11:12:32,ICBP,RG,8150,1,D,XC,PD,D
11:12:14,ICBP,RG,8150,1,D,PD,PD,D
11:12:11,ICBP,RG,8150,5,D,YP,PD,D
11:11:48,ICBP,RG,8125,1,D,PG,PD,D
11:11:40,ICBP,RG,8125,62,D,PG,YU,D
11:11:22,ICBP,RG,8150,10,D,YP,PD,D
11:11:14,ICBP,RG,8150,10,D,CC,PD,D
11:11:10,ICBP,RG,8150,1,D,YJ,PD,D
11:11:04,ICBP,RG,8150,5,D,PD,PD,D
11:10:49,ICBP,RG,8150,3,D,XC,PD,D
11:10:47,ICBP,RG,8125,1,D,PG,YP,D
11:10:30,ICBP,RG,8125,6,D,PG,PD,D
11:10:30,ICBP,RG,8125,73,D,PG,PD,D
11:10:30,ICBP,RG,8125,21,D,PG,PD,D
11:09:29,ICBP,RG,8125,1,D,PG,XC,D
11:08:40,ICBP,RG,8125,2,D,PG,KK,D
11:08:35,ICBP,RG,8150,10,D,LG,PD,D
11:08:13,ICBP,RG,8150,1,D,NI,PD,D
11:08:07,ICBP,RG,8125,377,D,PG,PD,D
11:08:07,ICBP,RG,8125,2,D,PD,PD,D
11:08:07,ICBP,RG,8125,2,D,NI,PD,D
11:08:07,ICBP,RG,8125,10,D,CC,PD,D
11:08:07,ICBP,RG,8125,2,D,XC,PD,D
11:08:07,ICBP,RG,8125,7,D,KK,PD,D
11:08:00,ICBP,RG,8125,1,D,KK,YU,D
11:08:00,ICBP,RG,8125,2,D,PD,YU,D
11:08:00,ICBP,RG,8125,1,D,NI,YU,D
11:08:00,ICBP,RG,8125,10,D,ZP,YU,D
11:08:00,ICBP,RG,8125,1,D,CC,YU,D
11:08:00,ICBP,RG,8125,2,D,YP,YU,D
11:08:00,ICBP,RG,8125,1,D,CC,YU,D
11:08:00,ICBP,RG,8125,1,D,PD,YU,D
11:08:00,ICBP,RG,8125,1,D,KK,YU,D
11:08:00,ICBP,RG,8125,1,D,YP,YU,D
11:08:00,ICBP,RG,8125,10,D,LG,YU,D
11:08:00,ICBP,RG,8125,1,D,YP,YU,D
11:08:00,ICBP,RG,8125,1,D,PD,YU,D
11:08:00,ICBP,RG,8125,10,D,GR,YU,D
11:08:00,ICBP,RG,8125,2,D,NI,YU,D
11:08:00,ICBP,RG,8125,14,D,SQ,YU,D
11:07:32,ICBP,RG,8150,1,D,CC,PD,D
11:07:08,ICBP,RG,8150,8,D,YP,PD,D
11:06:50,ICBP,RG,8150,3,D,PD,PD,D
11:06:20,ICBP,RG,8150,1,D,GR,PD,D
11:06:19,ICBP,RG,8150,340,D,YP,PD,D
11:06:17,ICBP,RG,8150,85,D,PD,PD,D
11:06:13,ICBP,RG,8150,3,D,YP,PD,D
11:05:54,ICBP,RG,8150,1,D,CC,PD,D
11:05:27,ICBP,RG,8150,4,D,EP,PD,D
11:05:26,ICBP,RG,8125,1,D,SQ,KZ,D
11:05:26,ICBP,RG,8125,5,D,SQ,KZ,D
11:05:26,ICBP,RG,8125,4,D,NI,KZ,D
11:05:24,ICBP,RG,8150,1,D,CC,PD,D
11:04:44,ICBP,RG,8150,3,D,NI,PD,D
11:04:40,ICBP,RG,8150,5,D,EP,PD,D
11:04:34,ICBP,RG,8150,2,D,DR,PD,D
11:04:33,ICBP,RG,8125,1,D,NI,PD,D
11:04:33,ICBP,RG,8125,1,D,GR,PD,D
11:04:33,ICBP,RG,8125,2,D,KK,PD,D
11:04:33,ICBP,RG,8125,1,D,NI,PD,D
11:04:33,ICBP,RG,8125,1,D,NI,PD,D
11:04:33,ICBP,RG,8125,4,D,NI,PD,D
11:04:33,ICBP,RG,8125,1,D,YP,PD,D
11:04:33,ICBP,RG,8125,1,D,NI,PD,D
11:04:33,ICBP,RG,8125,20,D,OD,PD,D
11:04:33,ICBP,RG,8125,1,D,XC,PD,D
11:04:33,ICBP,RG,8125,1,D,PD,PD,D
11:04:33,ICBP,RG,8125,2,D,ZP,PD,D
11:04:33,ICBP,RG,8125,2,D,YP,PD,D
11:04:33,ICBP,RG,8125,6,D,LG,PD,D
11:04:33,ICBP,RG,8125,1,D,CC,PD,D
11:04:33,ICBP,RG,8125,5,D,GR,PD,D
11:04:33,ICBP,RG,8125,12,D,CC,PD,D
11:04:33,ICBP,RG,8125,1,D,XC,PD,D
11:04:33,ICBP,RG,8125,3,F,ZP,PD,D
11:04:33,ICBP,RG,8125,2,D,CC,PD,D
11:04:33,ICBP,RG,8125,10,D,TP,PD,D
11:04:33,ICBP,RG,8125,1,D,YP,PD,D
11:04:33,ICBP,RG,8125,21,D,YP,PD,D
11:04:33,ICBP,RG,8125,10,D,YP,PD,D
11:04:33,ICBP,RG,8125,1,D,XC,PD,D
11:04:33,ICBP,RG,8125,50,D,YP,PD,D
11:04:33,ICBP,RG,8125,1,D,PD,PD,D
11:04:33,ICBP,RG,8125,1,D,XC,PD,D
11:04:33,ICBP,RG,8125,2,D,DH,PD,D
11:04:33,ICBP,RG,8125,5,D,DR,PD,D
11:04:33,ICBP,RG,8125,5,D,YP,PD,D
11:04:33,ICBP,RG,8125,1,D,PD,PD,D
11:04:33,ICBP,RG,8125,10,D,GR,PD,D
11:04:33,ICBP,RG,8125,1,D,YP,PD,D
11:04:33,ICBP,RG,8125,1,D,NI,PD,D
11:04:33,ICBP,RG,8125,5,D,TP,PD,D
11:04:33,ICBP,RG,8125,1,D,YP,PD,D
11:04:33,ICBP,RG,8125,15,D,GR,PD,D
11:04:33,ICBP,RG,8125,25,D,NI,PD,D
11:04:33,ICBP,RG,8125,1,D,PD,PD,D
11:04:33,ICBP,RG,8125,1,D,YP,PD,D
11:04:33,ICBP,RG,8125,1,D,PD,PD,D
11:04:33,ICBP,RG,8125,60,D,YP,PD,D
11:04:33,ICBP,RG,8125,10,D,DR,PD,D
11:04:33,ICBP,RG,8125,1,D,CC,PD,D
11:04:33,ICBP,RG,8125,60,D,PD,PD,D
11:04:33,ICBP,RG,8125,2,D,PD,PD,D
11:04:33,ICBP,RG,8125,1,D,PD,PD,D
11:04:33,ICBP,RG,8125,1,D,YP,PD,D
11:04:33,ICBP,RG,8125,1,D,CC,PD,D
11:04:33,ICBP,RG,8125,1,D,KK,PD,D
11:04:33,ICBP,RG,8125,20,D,CC,PD,D
11:04:33,ICBP,RG,8125,10,D,YP,PD,D
11:04:33,ICBP,RG,8125,3,D,XC,PD,D
11:04:33,ICBP,RG,8125,1,D,PD,PD,D
11:04:33,ICBP,RG,8125,1,D,DX,PD,D
11:04:33,ICBP,RG,8125,5,D,XC,PD,D
11:04:33,ICBP,RG,8125,10,D,YP,PD,D
11:04:33,ICBP,RG,8125,50,D,YP,PD,D
11:04:33,ICBP,RG,8125,5,D,YP,PD,D
11:04:33,ICBP,RG,8125,3,D,NI,PD,D
11:04:33,ICBP,RG,8125,5,D,YP,PD,D
11:04:33,ICBP,RG,8125,3,D,YP,PD,D
11:04:33,ICBP,RG,8125,57,D,CC,PD,D
11:04:08,ICBP,RG,8150,2,D,NI,PD,D
11:04:00,ICBP,RG,8125,43,D,CC,YU,D
11:04:00,ICBP,RG,8125,2,D,YP,YU,D
11:04:00,ICBP,RG,8125,2,D,CC,YU,D
11:04:00,ICBP,RG,8125,1,D,CC,YU,D
11:04:00,ICBP,RG,8125,17,D,DH,YU,D
11:03:32,ICBP,RG,8150,29,D,XC,PD,D
11:02:37,ICBP,RG,8125,1,D,DH,NI,D
11:02:33,ICBP,RG,8150,5,D,PD,PD,D
11:02:23,ICBP,RG,8150,1,D,LG,PD,D
11:02:17,ICBP,RG,8150,2,D,XA,PD,D
11:02:13,ICBP,RG,8150,2,D,SQ,PD,D
11:01:55,ICBP,RG,8150,3,D,XA,PD,D
11:01:39,ICBP,RG,8150,5,D,SQ,PD,D
11:01:14,ICBP,RG,8150,1,D,KK,PD,D
11:01:05,ICBP,RG,8150,1,D,CP,PD,D
11:01:05,ICBP,RG,8150,9,D,CP,RX,F
11:00:57,ICBP,RG,8150,2,D,YP,RX,F
11:00:46,ICBP,RG,8150,2,D,PD,RX,F
11:00:35,ICBP,RG,8150,5,D,LG,RX,F
11:00:18,ICBP,RG,8150,1,D,YP,RX,F
11:00:08,ICBP,RG,8150,20,D,SQ,RX,F
11:00:06,ICBP,RG,8150,10,D,CC,RX,F
10:59:40,ICBP,RG,8150,1,D,NI,RX,F
10:59:21,ICBP,RG,8150,1,D,YB,RX,F
10:59:09,ICBP,RG,8150,10,D,NI,RX,F
10:58:53,ICBP,RG,8150,3,D,YB,RX,F
10:58:02,ICBP,RG,8150,1,D,PD,RX,F
10:57:54,ICBP,RG,8150,4,D,PD,RX,F
10:57:43,ICBP,RG,8150,1,D,PD,RX,F
10:57:43,ICBP,RG,8150,1,D,PD,RX,F
10:57:37,ICBP,RG,8150,20,D,YJ,RX,F
10:57:19,ICBP,RG,8150,43,D,KK,RX,F
10:57:19,ICBP,RG,8150,1,D,KK,KZ,D
10:57:19,ICBP,RG,8150,9,D,KK,KZ,D
10:57:19,ICBP,RG,8150,2,D,KK,CS,D
10:57:19,ICBP,RG,8150,11,D,KK,CS,F
10:57:01,ICBP,RG,8150,15,D,KK,CS,F
10:57:01,ICBP,RG,8150,3,D,KK,CS,D
10:57:01,ICBP,RG,8150,1,D,KK,CS,D
10:57:01,ICBP,RG,8150,27,D,KK,YU,D
10:57:01,ICBP,RG,8150,23,D,KK,YU,D
10:56:36,ICBP,RG,8150,1,D,PD,YU,D
10:56:30,ICBP,RG,8150,2,D,TP,YU,D
10:56:21,ICBP,RG,8150,2,D,CC,YU,D
10:56:14,ICBP,RG,8150,1,D,NI,YU,D
10:56:09,ICBP,RG,8150,2,D,YB,YU,D
10:56:05,ICBP,RG,8125,2,D,DH,CS,F
10:56:05,ICBP,RG,8125,1,D,DH,CS,F
10:56:05,ICBP,RG,8125,2,D,DH,CS,F
10:56:05,ICBP,RG,8125,1,D,PD,CS,F
10:56:05,ICBP,RG,8125,2,D,PD,CS,F
10:56:05,ICBP,RG,8125,1,D,DH,CS,F
10:56:05,ICBP,RG,8125,6,D,DH,CS,F
10:56:05,ICBP,RG,8125,1,D,PD,CS,F
10:56:05,ICBP,RG,8125,1,D,PD,CS,F
10:56:05,ICBP,RG,8125,2,D,PD,CS,F
10:56:05,ICBP,RG,8125,1,D,PD,CS,F
10:56:05,ICBP,RG,8125,1,D,KK,CS,F
10:56:05,ICBP,RG,8125,1,D,PD,CS,F
10:56:05,ICBP,RG,8125,1,D,PD,CS,F
10:56:05,ICBP,RG,8125,1,D,PD,CS,F
10:56:05,ICBP,RG,8125,1,D,KK,CS,F
10:56:05,ICBP,RG,8125,12,D,XC,CS,F
10:56:05,ICBP,RG,8125,1,D,AT,CS,F
10:56:05,ICBP,RG,8125,1,D,PD,CS,F
10:56:05,ICBP,RG,8150,3,F,ZP,CS,D
10:56:04,ICBP,RG,8150,11,F,ZP,BK,F
10:56:04,ICBP,RG,8150,15,F,AK,BK,F
10:56:04,ICBP,RG,8150,11,F,ZP,BK,F
10:56:04,ICBP,RG,8150,12,F,AK,BK,F
10:56:04,ICBP,RG,8150,10,D,CC,BK,F
10:56:04,ICBP,RG,8150,1,D,PD,BK,F
10:56:04,ICBP,RG,8150,6,D,CC,BK,F
10:56:04,ICBP,RG,8150,10,D,CC,BK,F
10:56:04,ICBP,RG,8150,2,D,PD,BK,F
10:56:04,ICBP,RG,8150,7,D,YP,BK,F
10:56:04,ICBP,RG,8150,10,D,FZ,BK,F
10:56:04,ICBP,RG,8150,1,D,YP,BK,F
10:56:04,ICBP,RG,8150,2,D,TP,BK,F
10:56:04,ICBP,RG,8150,50,D,YP,BK,F
10:56:04,ICBP,RG,8150,5,D,KK,BK,F
10:56:04,ICBP,RG,8150,15,D,PD,BK,F
10:56:04,ICBP,RG,8150,14,F,AK,BK,F
10:56:04,ICBP,RG,8150,1,D,PD,BK,F
10:56:04,ICBP,RG,8150,1,D,PD,BK,F
10:56:04,ICBP,RG,8150,2,D,KK,BK,F
10:56:04,ICBP,RG,8150,2,D,YP,BK,F
10:56:04,ICBP,RG,8150,1,D,YP,BK,F
10:56:04,ICBP,RG,8150,2,D,KK,BK,F
10:56:04,ICBP,RG,8150,1,D,NI,BK,F
10:56:04,ICBP,RG,8150,3,D,XC,BK,F
10:56:04,ICBP,RG,8150,1,D,KK,BK,F
10:56:04,ICBP,RG,8150,2,D,YP,BK,F
10:56:04,ICBP,RG,8150,1,D,XC,BK,F
10:56:04,ICBP,RG,8150,4,D,XC,SQ,D
10:56:04,ICBP,RG,8150,2,D,XC,SQ,D
10:56:04,ICBP,RG,8150,1,D,CC,SQ,D
10:56:04,ICBP,RG,8150,5,D,YP,SQ,D
10:56:04,ICBP,RG,8150,20,D,BS,SQ,D
10:56:04,ICBP,RG,8150,1,D,DH,SQ,D
10:56:04,ICBP,RG,8150,1,D,YP,SQ,D
10:56:04,ICBP,RG,8150,162,F,ZP,SQ,D
10:56:04,ICBP,RG,8150,1,D,YP,SQ,D
10:56:04,ICBP,RG,8150,1,D,XC,SQ,D
10:56:04,ICBP,RG,8150,1,D,NI,SQ,D
10:56:04,ICBP,RG,8150,1,D,YP,SQ,D
10:56:01,ICBP,RG,8150,6,D,GR,ZP,F
10:56:01,ICBP,RG,8150,24,D,GR,BK,F
10:56:01,ICBP,RG,8150,2,D,YP,BK,F
10:56:01,ICBP,RG,8150,6,D,YU,BK,F
10:56:01,ICBP,RG,8150,1,D,YP,BK,F
10:56:01,ICBP,RG,8150,2,D,CC,BK,F
10:56:01,ICBP,RG,8150,1,D,XC,BK,F
10:56:01,ICBP,RG,8150,10,D,CC,BK,F
10:56:01,ICBP,RG,8150,5,D,YP,BK,F
10:56:01,ICBP,RG,8150,1,D,CC,BK,F
10:56:01,ICBP,RG,8150,1,D,CC,BK,F
10:56:01,ICBP,RG,8150,1,D,XC,BK,F
10:56:01,ICBP,RG,8150,2,D,PD,BK,F
10:56:01,ICBP,RG,8150,1,D,KK,BK,F
10:56:01,ICBP,RG,8150,50,D,SQ,BK,F
10:56:01,ICBP,RG,8150,10,D,CC,BK,F
10:56:01,ICBP,RG,8150,2,D,YP,BK,F
10:56:01,ICBP,RG,8150,1,D,YP,BK,F
10:56:01,ICBP,RG,8150,1,D,OD,BK,F
10:56:01,ICBP,RG,8150,35,D,ID,BK,F
10:56:01,ICBP,RG,8150,1,D,PD,BK,F
10:56:01,ICBP,RG,8150,1,D,NI,BK,F
10:56:01,ICBP,RG,8150,1,D,EP,BK,F
10:56:01,ICBP,RG,8150,10,D,CC,BK,F
10:56:01,ICBP,RG,8150,1,D,XC,BK,F
10:56:01,ICBP,RG,8150,1,D,CC,BK,F
10:56:01,ICBP,RG,8150,5,D,PD,BK,F
10:56:01,ICBP,RG,8150,10,F,ZP,BK,F
10:56:01,ICBP,RG,8150,25,D,OD,BK,F
10:56:01,ICBP,RG,8150,2,D,PD,BK,F
10:56:01,ICBP,RG,8150,1,D,XC,BK,F
10:56:01,ICBP,RG,8150,100,D,EP,BK,F
10:56:01,ICBP,RG,8150,1,D,SQ,BK,F
10:56:01,ICBP,RG,8150,14,F,AK,BK,F
10:56:01,ICBP,RG,8150,2,D,XC,BK,F
10:56:01,ICBP,RG,8150,1,D,XC,BK,F
10:56:01,ICBP,RG,8150,3,F,YP,BK,F
10:56:01,ICBP,RG,8150,2,D,PD,BK,F
10:56:01,ICBP,RG,8150,15,D,YP,BK,F
10:56:01,ICBP,RG,8150,1,D,DH,BK,F
10:56:01,ICBP,RG,8150,18,D,NI,BK,F
10:56:01,ICBP,RG,8150,5,D,PD,BK,F
10:56:01,ICBP,RG,8150,6,D,KK,BK,F
10:56:01,ICBP,RG,8150,2,D,XC,BK,F
10:56:01,ICBP,RG,8150,61,D,PD,BK,F
10:56:01,ICBP,RG,8150,55,F,ZP,BK,F
10:56:00,ICBP,RG,8150,200,F,ZP,SQ,D
10:55:55,ICBP,RG,8150,25,F,ZP,AK,F
10:55:54,ICBP,RG,8150,139,F,ZP,BK,F
10:55:54,ICBP,RG,8150,16,F,AK,BK,F
10:55:54,ICBP,RG,8150,4,D,XC,BK,F
10:55:54,ICBP,RG,8150,2,D,PD,BK,F
10:55:54,ICBP,RG,8150,1,D,CC,BK,F
10:55:54,ICBP,RG,8150,10,D,SQ,BK,F
10:55:54,ICBP,RG,8150,1,D,NI,BK,F
10:55:54,ICBP,RG,8150,2,D,YP,BK,F
10:55:54,ICBP,RG,8150,100,D,YJ,BK,F
10:55:54,ICBP,RG,8150,1,D,YP,BK,F
10:55:54,ICBP,RG,8150,50,D,OD,BK,F
10:55:54,ICBP,RG,8150,2,D,XC,BK,F
10:55:54,ICBP,RG,8150,1,D,XC,BK,F
10:55:54,ICBP,RG,8150,10,D,PD,BK,F
10:55:54,ICBP,RG,8150,4,D,AZ,BK,F
10:55:54,ICBP,RG,8150,2,D,AZ,BK,F
10:55:54,ICBP,RG,8150,12,D,PD,BK,F
10:55:54,ICBP,RG,8150,1,D,CC,BK,F
10:55:54,ICBP,RG,8150,1,D,XC,BK,F
10:55:54,ICBP,RG,8150,1,D,YP,BK,F
10:55:54,ICBP,RG,8150,3,D,DH,BK,F
10:55:54,ICBP,RG,8150,2,D,PD,BK,F
10:55:54,ICBP,RG,8150,2,D,DH,BK,F
10:55:54,ICBP,RG,8150,1,D,PD,BK,F
10:55:54,ICBP,RG,8150,10,D,PD,BK,F
10:55:54,ICBP,RG,8150,5,D,YP,BK,F
10:55:54,ICBP,RG,8150,3,D,DH,BK,F
10:55:54,ICBP,RG,8150,1,D,XC,BK,F
10:55:54,ICBP,RG,8150,2,D,PD,BK,F
10:55:54,ICBP,RG,8150,1,D,PD,BK,F
10:55:54,ICBP,RG,8150,2,D,SQ,BK,F
10:55:54,ICBP,RG,8150,1,D,YP,BK,F
10:55:54,ICBP,RG,8150,2,D,YB,BK,F
10:55:54,ICBP,RG,8150,20,D,CC,BK,F
10:55:54,ICBP,RG,8150,1,D,NI,BK,F
10:55:54,ICBP,RG,8150,3,D,XC,BK,F
10:55:54,ICBP,RG,8150,81,D,PD,BK,F
10:55:52,ICBP,RG,8150,100,D,PD,SQ,D
10:55:46,ICBP,RG,8150,1,D,PD,CC,D
10:55:43,ICBP,RG,8150,5,D,PD,RX,F
10:55:00,ICBP,RG,8150,59,D,PD,YU,D
10:54:51,ICBP,RG,8150,4,D,PD,RX,F
10:54:51,ICBP,RG,8150,1,D,GR,RX,F
10:54:46,ICBP,RG,8150,1,D,GR,CC,D
10:54:46,ICBP,RG,8150,9,D,KK,CC,D
10:54:19,ICBP,RG,8150,7,D,KK,RX,F
10:54:17,ICBP,RG,8150,4,D,KK,CS,D
10:54:17,ICBP,RG,8150,17,D,XC,CS,D
10:54:17,ICBP,RG,8150,6,D,GR,CS,D
10:54:05,ICBP,RG,8150,4,D,GR,CC,D
10:54:05,ICBP,RG,8150,1,D,YP,CC,D
10:54:00,ICBP,RG,8150,14,F,AK,PD,D
10:54:00,ICBP,RG,8150,5,D,XC,PD,D
10:54:00,ICBP,RG,8150,10,D,PD,PD,D
10:54:00,ICBP,RG,8150,171,D,FS,PD,D
10:53:59,ICBP,RG,8175,1,D,CC,ZP,F
10:53:59,ICBP,RG,8175,6,D,CC,PD,D
10:53:59,ICBP,RG,8175,73,D,CC,PD,D
10:53:59,ICBP,RG,8175,21,D,CC,PD,D
10:53:59,ICBP,RG,8175,149,D,CC,PD,D
10:53:59,ICBP,RG,8150,6,D,FS,RX,F
10:53:14,ICBP,RG,8150,23,D,FS,CS,F
10:53:14,ICBP,RG,8150,1,D,AZ,CS,F
10:53:14,ICBP,RG,8150,2,D,GR,CS,F
10:53:14,ICBP,RG,8150,27,D,YP,CS,F
10:53:14,ICBP,RG,8150,1,D,XC,CS,F
10:53:14,ICBP,RG,8150,2,D,CC,CS,F
10:53:14,ICBP,RG,8150,1,D,PD,CS,F
10:53:14,ICBP,RG,8150,1,D,XC,CS,F
10:53:14,ICBP,RG,8150,1,D,DR,CS,F
10:53:14,ICBP,RG,8150,20,D,KK,CS,F
10:53:14,ICBP,RG,8150,2,D,CP,CS,F
10:53:14,ICBP,RG,8150,10,D,XC,CS,F
10:53:14,ICBP,RG,8150,1,D,YP,CS,F
10:53:14,ICBP,RG,8150,1,D,YP,CS,F
10:53:14,ICBP,RG,8150,2,D,NI,CS,F
10:53:14,ICBP,RG,8150,1,D,XC,CS,F
10:53:14,ICBP,RG,8150,1,D,DH,CS,F
10:53:14,ICBP,RG,8150,2,D,XC,CS,F
10:53:14,ICBP,RG,8150,1,D,CC,CS,F
10:53:14,ICBP,RG,8150,1,D,CC,CS,F
10:53:14,ICBP,RG,8150,1,D,PD,CS,F
10:53:14,ICBP,RG,8150,2,D,SQ,CS,F
10:53:14,ICBP,RG,8150,13,F,AK,CS,F
10:53:14,ICBP,RG,8150,1,D,PD,CS,F
10:53:14,ICBP,RG,8150,23,D,KK,CS,F
10:53:14,ICBP,RG,8150,1,D,GR,CS,F
10:53:14,ICBP,RG,8150,100,D,YP,CS,F
10:53:14,ICBP,RG,8150,40,D,YP,CS,F
10:53:14,ICBP,RG,8150,2,D,NI,CS,F
10:53:14,ICBP,RG,8150,5,D,CC,CS,F
10:53:14,ICBP,RG,8150,1,D,XC,CS,F
10:53:14,ICBP,RG,8150,23,D,AZ,CS,F
10:53:14,ICBP,RG,8150,24,D,YP,CS,F
10:52:55,ICBP,RG,8150,1,D,YP,RX,F
10:52:55,ICBP,RG,8150,1,D,YP,RX,F
10:52:55,ICBP,RG,8150,1,D,PD,RX,F
10:52:55,ICBP,RG,8150,1,D,CC,RX,F
10:52:55,ICBP,RG,8150,2,D,NI,RX,F
10:52:43,ICBP,RG,8150,6,D,NI,RX,F
10:52:37,ICBP,RG,8175,10,D,PD,PD,D
10:52:34,ICBP,RG,8175,10,D,OD,PD,D
10:52:31,ICBP,RG,8175,15,D,CC,PD,D
10:51:16,ICBP,RG,8150,2,D,NI,KZ,D
10:51:16,ICBP,RG,8150,5,D,NI,KZ,D
10:51:16,ICBP,RG,8150,1,D,KK,KZ,D
10:51:16,ICBP,RG,8150,1,D,KK,KZ,D
10:51:16,ICBP,RG,8150,1,D,PD,KZ,D
10:51:16,ICBP,RG,8150,1,D,YP,KZ,D
10:50:00,ICBP,RG,8150,2,D,YP,YU,D
10:50:00,ICBP,RG,8150,1,D,CC,YU,D
10:50:00,ICBP,RG,8150,50,D,GR,YU,D
10:50:00,ICBP,RG,8150,2,D,YP,YU,D
10:50:00,ICBP,RG,8150,5,D,CC,YU,D
10:50:00,ICBP,RG,8150,7,F,YP,YU,D
10:49:41,ICBP,RG,8175,2,D,NI,PD,D
10:49:28,ICBP,RG,8175,1,D,YP,PD,D
10:49:12,ICBP,RG,8175,1,D,YP,PD,D
10:48:45,ICBP,RG,8175,1,D,PD,PD,D
10:48:15,ICBP,RG,8150,3,F,YP,OD,D
10:48:15,ICBP,RG,8150,1,D,YP,OD,D
10:48:15,ICBP,RG,8150,118,F,ZP,OD,D
10:48:08,ICBP,RG,8175,1,D,PD,PD,D
10:47:33,ICBP,RG,8175,25,D,YP,PD,D
10:47:06,ICBP,RG,8150,5,F,ZP,YP,D
10:46:31,ICBP,RG,8150,26,F,ZP,AZ,D
10:46:15,ICBP,RG,8175,2,D,CC,PD,D
10:46:08,ICBP,RG,8175,1,D,KK,PD,D
10:45:30,ICBP,RG,8175,1,D,PD,PD,D
10:44:27,ICBP,RG,8150,1,F,ZP,PD,D
10:44:06,ICBP,RG,8150,1,F,ZP,KZ,D
10:44:06,ICBP,RG,8150,9,F,ZP,KZ,D
10:43:20,ICBP,RG,8150,11,F,ZP,YU,D
10:43:20,ICBP,RG,8150,20,D,CC,YU,D
10:43:20,ICBP,RG,8150,2,D,XC,YU,D
10:43:20,ICBP,RG,8150,5,D,NI,YU,D
10:43:20,ICBP,RG,8150,1,D,PD,YU,D
10:43:20,ICBP,RG,8150,5,D,YP,YU,D
10:43:20,ICBP,RG,8150,1,D,AZ,YU,D
10:43:20,ICBP,RG,8150,1,D,DH,YU,D
10:43:20,ICBP,RG,8150,1,D,KK,YU,D
10:43:20,ICBP,RG,8150,12,F,AK,YU,D
10:43:13,ICBP,RG,8175,5,D,GR,PD,D
10:43:07,ICBP,RG,8175,2,D,PD,PD,D
10:43:05,ICBP,RG,8175,1,D,YP,PD,D
10:42:45,ICBP,RG,8175,5,D,CC,PD,D
10:42:32,ICBP,RG,8175,1,D,PD,PD,D
10:42:24,ICBP,RG,8175,1,D,CC,PD,D
10:42:21,ICBP,RG,8175,148,D,OD,PD,D
10:41:47,ICBP,RG,8175,5,D,NI,PD,D
10:41:26,ICBP,RG,8175,50,D,OD,PD,D
10:41:03,ICBP,RG,8150,2,F,AK,PD,D
10:41:03,ICBP,RG,8150,3,D,XC,PD,D
10:41:03,ICBP,RG,8150,1,D,YP,PD,D
10:41:03,ICBP,RG,8150,2,D,PD,PD,D
10:41:03,ICBP,RG,8150,1,D,OD,PD,D
10:41:03,ICBP,RG,8150,1,D,XC,PD,D
10:41:03,ICBP,RG,8150,15,D,PD,PD,D
10:41:03,ICBP,RG,8150,2,D,NI,PD,D
10:41:03,ICBP,RG,8150,1,D,PD,PD,D
10:41:03,ICBP,RG,8150,1,D,CC,PD,D
10:41:03,ICBP,RG,8150,2,D,NI,PD,D
10:41:03,ICBP,RG,8150,1,D,PD,PD,D
10:41:03,ICBP,RG,8150,3,D,YP,PD,D
10:41:03,ICBP,RG,8150,1,D,NI,PD,D
10:41:03,ICBP,RG,8150,60,D,PD,PD,D
10:41:03,ICBP,RG,8150,1,D,XC,PD,D
10:41:03,ICBP,RG,8150,2,D,KK,PD,D
10:41:03,ICBP,RG,8150,6,D,SQ,PD,D
10:41:03,ICBP,RG,8150,1,D,DX,PD,D
10:41:03,ICBP,RG,8150,1,D,PD,PD,D
10:41:03,ICBP,RG,8150,1,D,CC,PD,D
10:41:03,ICBP,RG,8150,6,D,YP,PD,D
10:41:03,ICBP,RG,8150,1,D,PD,PD,D
10:41:03,ICBP,RG,8150,5,D,DH,PD,D
10:41:03,ICBP,RG,8150,80,D,YJ,PD,D
10:40:57,ICBP,RG,8150,13,F,AK,SQ,D
10:40:57,ICBP,RG,8150,1,D,YP,SQ,D
10:40:57,ICBP,RG,8150,86,F,ZP,SQ,D
10:40:51,ICBP,RG,8175,10,D,TF,PD,D
10:40:51,ICBP,RG,8175,2,D,TF,PD,D
10:40:51,ICBP,RG,8175,8,D,TF,CS,F
10:40:45,ICBP,RG,8150,10,F,ZP,PD,D
10:39:48,ICBP,RG,8150,5,F,ZP,XC,D
10:39:16,ICBP,RG,8175,2,D,AN,CS,F
10:39:08,ICBP,RG,8150,36,F,ZP,PD,D
10:39:08,ICBP,RG,8150,136,D,YJ,PD,D
10:39:08,ICBP,RG,8150,100,D,YP,PD,D
10:39:08,ICBP,RG,8150,5,D,YP,PD,D
10:39:08,ICBP,RG,8150,1,D,YP,PD,D
10:39:08,ICBP,RG,8150,1,D,CC,PD,D
10:39:08,ICBP,RG,8150,2,D,AZ,PD,D
10:39:08,ICBP,RG,8150,5,D,GR,PD,D
10:39:08,ICBP,RG,8150,10,D,PD,PD,D
10:39:08,ICBP,RG,8150,1,D,XC,PD,D
10:39:08,ICBP,RG,8150,1,D,PD,PD,D
10:39:08,ICBP,RG,8150,1,D,NI,PD,D
10:39:08,ICBP,RG,8150,1,D,YP,PD,D
10:37:46,ICBP,RG,8150,2,D,NI,XC,D
10:37:43,ICBP,RG,8150,1,D,NI,LG,D
10:37:43,ICBP,RG,8150,1,D,PD,LG,D
10:37:43,ICBP,RG,8150,18,D,YJ,LG,D
10:37:30,ICBP,RG,8150,57,D,YJ,YU,D
10:37:18,ICBP,RG,8150,1,D,KK,PD,F
10:37:18,ICBP,RG,8150,3,D,DR,PD,F
10:37:18,ICBP,RG,8150,2,D,PD,PD,F
10:37:18,ICBP,RG,8150,1,D,XC,PD,F
10:37:17,ICBP,RG,8150,5,D,XC,CC,D
10:37:16,ICBP,RG,8150,8,D,XC,PD,D
10:36:58,ICBP,RG,8150,7,D,XC,YP,D
10:36:58,ICBP,RG,8150,4,D,AT,YP,D
10:36:58,ICBP,RG,8150,39,D,YP,YP,D
10:36:56,ICBP,RG,8150,1,D,YP,KZ,D
10:36:56,ICBP,RG,8150,9,D,YP,KZ,D
10:36:39,ICBP,RG,8150,1,D,YP,XC,D
10:36:34,ICBP,RG,8150,1,D,PD,NI,D
10:36:29,ICBP,RG,8150,1,D,PD,PD,D
10:36:29,ICBP,RG,8150,1,D,PD,PD,D
10:36:27,ICBP,RG,8175,1,D,XC,CS,F
10:36:26,ICBP,RG,8150,3,D,PD,SQ,D
10:36:26,ICBP,RG,8150,10,D,CC,SQ,D
10:36:26,ICBP,RG,8150,1,D,PD,SQ,D
10:36:26,ICBP,RG,8150,10,D,CC,SQ,D
10:36:26,ICBP,RG,8150,6,D,XC,SQ,D
10:36:26,ICBP,RG,8150,3,D,PD,SQ,D
10:36:26,ICBP,RG,8150,2,D,EP,SQ,D
10:36:26,ICBP,RG,8150,1,D,XC,SQ,D
10:36:26,ICBP,RG,8150,1,D,XC,SQ,D
10:36:26,ICBP,RG,8150,1,D,PD,SQ,D
10:36:26,ICBP,RG,8150,1,D,PD,SQ,D
10:36:26,ICBP,RG,8150,1,D,CC,SQ,D
10:36:26,ICBP,RG,8150,1,D,PD,SQ,D
10:36:26,ICBP,RG,8150,50,D,YU,SQ,D
10:36:26,ICBP,RG,8150,2,D,NI,SQ,D
10:36:26,ICBP,RG,8150,1,D,PD,SQ,D
10:36:26,ICBP,RG,8150,6,D,PD,SQ,D
10:35:45,ICBP,RG,8150,3,D,PD,NI,D
10:35:38,ICBP,RG,8175,13,D,DH,CS,F
10:35:38,ICBP,RG,8175,3,D,DH,YP,D
10:35:38,ICBP,RG,8175,19,D,DH,PD,D
10:35:38,ICBP,RG,8175,14,D,DH,CS,F
10:35:38,ICBP,RG,8175,1,D,DH,CS,D
10:35:27,ICBP,RG,8175,3,D,SQ,CS,D
10:35:21,ICBP,RG,8175,1,D,PD,CS,F
10:34:48,ICBP,RG,8175,7,D,NI,CS,F
10:34:48,ICBP,RG,8175,3,D,NI,AZ,D
10:34:01,ICBP,RG,8175,2,D,YP,AZ,D
10:34:00,ICBP,RG,8175,2,D,AZ,AZ,D
10:33:48,ICBP,RG,8175,1,D,CC,AZ,D
10:33:33,ICBP,RG,8175,1,D,PD,AZ,D
10:32:51,ICBP,RG,8175,2,D,NI,AZ,D
10:32:30,ICBP,RG,8150,1,D,PD,YU,D
10:32:30,ICBP,RG,8150,5,D,XC,YU,D
10:32:30,ICBP,RG,8150,1,D,DH,YU,D
10:32:30,ICBP,RG,8150,1,D,XC,YU,D
10:32:30,ICBP,RG,8150,2,D,SQ,YU,D
10:32:30,ICBP,RG,8150,1,D,EP,YU,D
10:32:30,ICBP,RG,8150,1,D,KK,YU,D
10:32:30,ICBP,RG,8150,1,D,PD,YU,D
10:32:30,ICBP,RG,8150,5,D,YB,YU,D
10:32:30,ICBP,RG,8150,1,D,PD,YU,D
10:32:30,ICBP,RG,8150,3,D,PD,YU,D
10:32:30,ICBP,RG,8150,20,D,SQ,YU,D
10:32:30,ICBP,RG,8150,24,D,IT,YU,D
10:32:04,ICBP,RG,8150,22,D,IT,YP,D
10:31:01,ICBP,RG,8150,5,D,IT,LG,D
10:30:54,ICBP,RG,8150,19,D,IT,YP,D
10:30:05,ICBP,RG,8150,5,D,IT,CC,D
10:29:46,ICBP,RG,8150,1,D,IT,KZ,D
10:29:46,ICBP,RG,8150,10,D,IT,KZ,D
10:29:14,ICBP,RG,8150,50,D,IT,EP,D
10:29:01,ICBP,RG,8175,1,D,CC,AZ,D
10:28:45,ICBP,RG,8175,2,D,NI,AZ,D
10:28:33,ICBP,RG,8175,2,D,PD,AZ,D
10:28:33,ICBP,RG,8175,5,D,DR,AZ,D
10:28:32,ICBP,RG,8175,2,D,PD,AZ,D
10:28:24,ICBP,RG,8175,1,D,NI,AZ,D
10:28:13,ICBP,RG,8175,1,D,PD,AZ,D
10:27:37,ICBP,RG,8150,13,D,IT,XC,D
10:26:40,ICBP,RG,8150,62,D,IT,YU,D
10:26:39,ICBP,RG,8150,39,D,IT,YJ,D
10:26:39,ICBP,RG,8150,5,D,PD,YJ,D
10:26:39,ICBP,RG,8150,7,D,PD,YJ,D
10:26:39,ICBP,RG,8150,1,D,XC,YJ,D
10:26:39,ICBP,RG,8150,33,F,ZP,YJ,D
10:24:54,ICBP,RG,8150,2,F,ZP,NI,D
10:23:02,ICBP,RG,8150,11,F,ZP,YP,D
10:22:55,ICBP,RG,8175,1,D,XC,AZ,D
10:22:25,ICBP,RG,8175,2,D,NI,AZ,D
10:22:05,ICBP,RG,8175,1,D,XC,AZ,D
10:21:45,ICBP,RG,8175,3,D,CC,AZ,D
10:21:28,ICBP,RG,8175,1,D,DX,AZ,D
10:21:18,ICBP,RG,8175,2,D,ZP,AZ,D
10:20:47,ICBP,RG,8175,2,D,CC,AZ,D
10:20:33,ICBP,RG,8175,11,F,AK,AZ,D
10:20:33,ICBP,RG,8175,14,F,AK,AZ,D
10:20:33,ICBP,RG,8175,40,D,YP,AZ,D
10:20:33,ICBP,RG,8175,1,D,KK,AZ,D
10:20:33,ICBP,RG,8175,12,F,AK,AZ,D
10:20:33,ICBP,RG,8175,2,D,YP,AZ,D
10:20:33,ICBP,RG,8175,1,D,YP,AZ,D
10:20:33,ICBP,RG,8175,32,F,AK,AZ,D
10:20:33,ICBP,RG,8175,11,F,ZP,AZ,D
10:20:33,ICBP,RG,8175,339,F,ZP,AZ,D
10:20:11,ICBP,RG,8175,1,F,ZP,SQ,D
10:20:01,ICBP,RG,8175,3,F,ZP,CS,F
10:20:01,ICBP,RG,8175,13,D,PC,CS,F
10:20:00,ICBP,RG,8175,1,D,PC,CS,D
10:20:00,ICBP,RG,8175,1,D,PC,CS,D
10:20:00,ICBP,RG,8175,3,D,PC,CS,D
10:20:00,ICBP,RG,8175,27,D,PC,YU,D
10:20:00,ICBP,RG,8175,3,D,PC,CS,D
10:20:00,ICBP,RG,8175,2,D,PC,PD,D
10:19:55,ICBP,RG,8150,12,F,ZP,PD,D
10:19:55,ICBP,RG,8150,106,F,ZP,PD,D
10:19:55,ICBP,RG,8150,1,D,YP,PD,D
10:19:55,ICBP,RG,8150,40,D,LG,PD,D
10:19:55,ICBP,RG,8150,43,D,LG,PD,D
10:19:55,ICBP,RG,8150,317,D,LG,PD,D
10:19:55,ICBP,RG,8150,1,D,KK,PD,D
10:19:55,ICBP,RG,8150,1,D,OD,PD,D
10:19:55,ICBP,RG,8150,10,F,ZP,PD,D
10:19:55,ICBP,RG,8150,1,D,CC,PD,D
10:19:55,ICBP,RG,8150,3,D,YP,PD,D
10:19:55,ICBP,RG,8150,2,D,PD,PD,D
10:19:55,ICBP,RG,8150,2,D,SQ,PD,D
10:19:55,ICBP,RG,8150,3,D,CC,PD,D
10:19:55,ICBP,RG,8150,13,F,AK,PD,D
10:19:55,ICBP,RG,8150,3,D,PD,PD,D
10:19:55,ICBP,RG,8150,1,D,YP,PD,D
10:19:55,ICBP,RG,8150,1,D,CC,PD,D
10:19:55,ICBP,RG,8150,14,D,NI,PD,D
10:19:55,ICBP,RG,8150,1,D,PD,PD,D
10:19:55,ICBP,RG,8150,1,D,YP,PD,D
10:19:55,ICBP,RG,8150,1,D,XC,PD,D
10:19:55,ICBP,RG,8150,1,D,YP,PD,D
10:19:55,ICBP,RG,8150,50,D,CC,PD,D
10:19:55,ICBP,RG,8150,1,D,YP,PD,D
10:19:55,ICBP,RG,8150,1,D,NI,PD,D
10:19:55,ICBP,RG,8150,2,D,PD,PD,D
10:19:55,ICBP,RG,8150,3,D,DH,PD,D
10:19:55,ICBP,RG,8150,1,D,EP,PD,D
10:19:55,ICBP,RG,8150,2,D,PD,PD,D
10:19:55,ICBP,RG,8150,2,D,CC,PD,D
10:19:55,ICBP,RG,8150,5,D,OD,PD,D
10:19:55,ICBP,RG,8150,1,D,PD,PD,D
10:19:55,ICBP,RG,8150,10,D,DR,PD,D
10:19:55,ICBP,RG,8150,10,D,PD,PD,D
10:19:55,ICBP,RG,8150,100,D,AT,PD,D
10:19:55,ICBP,RG,8150,13,F,AK,PD,D
10:19:55,ICBP,RG,8150,3,D,XC,PD,D
10:19:55,ICBP,RG,8150,3,D,DR,PD,D
10:19:55,ICBP,RG,8150,2,D,YP,PD,D
10:19:55,ICBP,RG,8150,3,D,KK,PD,D
10:19:55,ICBP,RG,8150,1,D,XC,PD,D
10:19:55,ICBP,RG,8150,1,D,YP,PD,D
10:19:55,ICBP,RG,8150,3,D,PD,PD,D
10:19:55,ICBP,RG,8150,5,D,XC,PD,D
10:19:55,ICBP,RG,8150,1,D,PD,PD,D
10:19:55,ICBP,RG,8150,3,D,NI,PD,D
10:19:55,ICBP,RG,8150,1,D,YP,PD,D
10:19:55,ICBP,RG,8150,5,D,PD,PD,D
10:19:55,ICBP,RG,8150,1,D,XC,PD,D
10:19:55,ICBP,RG,8150,1,D,DH,PD,D
10:19:55,ICBP,RG,8150,1,D,GR,PD,D
10:19:55,ICBP,RG,8150,2,D,YP,PD,D
10:19:55,ICBP,RG,8150,10,D,YP,PD,D
10:19:55,ICBP,RG,8150,1,D,SQ,PD,D
10:19:55,ICBP,RG,8150,11,F,ZP,PD,D
10:19:55,ICBP,RG,8150,15,F,AK,PD,D
10:19:55,ICBP,RG,8150,3,D,PD,PD,D
10:19:55,ICBP,RG,8150,1,D,HP,PD,D
10:19:55,ICBP,RG,8150,10,D,GR,PD,D
10:19:55,ICBP,RG,8150,51,F,ZP,PD,D
10:19:55,ICBP,RG,8150,8,D,NI,PD,D
10:19:55,ICBP,RG,8150,171,D,XC,PD,D
10:19:53,ICBP,RG,8175,13,D,IT,CS,F
10:19:53,ICBP,RG,8175,28,D,IT,CS,F
10:19:53,ICBP,RG,8175,1,D,IT,KZ,D
10:19:53,ICBP,RG,8175,9,D,IT,KZ,D
10:19:53,ICBP,RG,8175,10,D,IT,CS,F
10:19:53,ICBP,RG,8175,1,D,IT,CS,D
10:19:53,ICBP,RG,8175,8,D,IT,CS,F
10:19:53,ICBP,RG,8175,2,D,IT,CS,D
10:19:53,ICBP,RG,8175,1,D,IT,DH,D
10:19:53,ICBP,RG,8175,5,D,IT,XC,D
10:19:53,ICBP,RG,8175,33,D,IT,YU,D
10:19:53,ICBP,RG,8175,2,D,IT,CS,D
10:19:53,ICBP,RG,8175,1,D,IT,CS,D
10:19:53,ICBP,RG,8175,60,D,IT,YP,D
10:19:53,ICBP,RG,8175,4,D,IT,CS,D
10:19:53,ICBP,RG,8175,1,D,IT,XC,D
10:19:53,ICBP,RG,8175,2,D,IT,PD,D
10:19:53,ICBP,RG,8175,17,D,IT,CS,F
10:19:53,ICBP,RG,8175,15,D,IT,CC,D
10:19:53,ICBP,RG,8175,5,D,IT,ZP,F
10:19:53,ICBP,RG,8175,128,D,IT,KK,D
10:19:53,ICBP,RG,8175,7,D,IT,CS,D
10:19:53,ICBP,RG,8175,1,D,IT,CS,D
10:19:53,ICBP,RG,8175,2,D,IT,PD,D
10:19:53,ICBP,RG,8175,1,D,IT,KK,D
10:19:53,ICBP,RG,8175,1,D,IT,NI,D
10:19:53,ICBP,RG,8175,23,D,IT,CS,F
10:19:53,ICBP,RG,8175,1,D,IT,PD,D
10:19:53,ICBP,RG,8175,8,D,IT,CS,D
10:19:53,ICBP,RG,8175,19,D,IT,CS,F
10:19:53,ICBP,RG,8175,8,D,IT,CS,D
10:19:53,ICBP,RG,8175,7,D,IT,CS,F
10:19:53,ICBP,RG,8175,350,D,IT,ZP,D
10:19:53,ICBP,RG,8175,2,D,IT,ZP,F
10:19:53,ICBP,RG,8175,13,D,IT,CS,F
10:19:53,ICBP,RG,8175,6,D,IT,CS,F
10:19:53,ICBP,RG,8175,8,D,IT,CS,F
10:19:53,ICBP,RG,8175,1,D,IT,CS,D
10:19:53,ICBP,RG,8175,2,D,IT,CS,D
10:19:53,ICBP,RG,8175,1,D,IT,CS,D
10:19:53,ICBP,RG,8175,20,D,IT,HP,D
10:19:53,ICBP,RG,8175,4,D,IT,CS,D
10:19:53,ICBP,RG,8175,8,D,IT,CS,F
10:19:53,ICBP,RG,8175,10,D,IT,CS,F
10:19:53,ICBP,RG,8175,14,D,IT,CS,F
10:19:53,ICBP,RG,8175,100,D,IT,SQ,D
10:19:53,ICBP,RG,8175,3,D,IT,CS,D
10:19:53,ICBP,RG,8175,34,D,IT,CS,F
10:19:50,ICBP,RG,8175,1,D,XC,YP,D
10:19:34,ICBP,RG,8175,10,F,ZP,YP,D
10:19:34,ICBP,RG,8175,1,D,YP,YP,D
10:19:19,ICBP,RG,8175,3,D,CC,YP,D
10:19:12,ICBP,RG,8175,2,D,YP,YP,D
10:18:49,ICBP,RG,8175,2,D,KK,YP,D
10:18:29,ICBP,RG,8175,11,D,PD,YP,D
10:18:29,ICBP,RG,8175,5,D,PD,PD,D
10:18:29,ICBP,RG,8175,1,D,PD,ZP,F
10:18:29,ICBP,RG,8175,8,D,PD,SQ,D
10:18:24,ICBP,RG,8150,5,D,XC,XC,D
10:18:15,ICBP,RG,8150,1,D,XC,XC,D
10:18:02,ICBP,RG,8150,73,D,XC,CS,F
10:18:02,ICBP,RG,8150,1,D,PD,CS,F
10:18:02,ICBP,RG,8150,2,D,DH,CS,F
10:18:02,ICBP,RG,8150,2,D,PD,CS,F
10:18:02,ICBP,RG,8150,50,D,EP,CS,F
10:18:02,ICBP,RG,8150,2,D,PD,CS,F
10:18:02,ICBP,RG,8150,1,D,PD,CS,F
10:18:02,ICBP,RG,8150,2,D,YP,CS,F
10:18:02,ICBP,RG,8150,5,D,PD,CS,F
10:18:02,ICBP,RG,8150,1,D,PD,CS,F
10:18:02,ICBP,RG,8150,199,D,XC,CS,F
10:17:59,ICBP,RG,8175,5,D,YP,SQ,D
10:17:34,ICBP,RG,8150,1,D,XC,YP,D
10:17:34,ICBP,RG,8150,1,D,NI,YP,D
10:17:34,ICBP,RG,8150,1,D,NI,YP,D
10:17:34,ICBP,RG,8150,10,D,KK,YP,D
10:17:34,ICBP,RG,8150,4,D,CC,YP,D
10:17:34,ICBP,RG,8150,1,D,PD,YP,D
10:17:34,ICBP,RG,8150,4,D,NI,YP,D
10:17:34,ICBP,RG,8150,1,D,PD,YP,D
10:17:29,ICBP,RG,8150,5,D,PD,PD,D
10:17:29,ICBP,RG,8150,1,D,YP,PD,D
10:17:29,ICBP,RG,8150,2,D,AZ,PD,D
10:17:17,ICBP,RG,8150,4,D,YP,CS,F
10:17:17,ICBP,RG,8150,5,D,YP,CS,F
10:17:17,ICBP,RG,8150,1,D,PD,CS,F
10:17:17,ICBP,RG,8150,1,D,CC,CS,F
10:17:17,ICBP,RG,8150,9,D,CC,CS,F
10:17:17,ICBP,RG,8150,1,D,NI,CS,F
10:17:17,ICBP,RG,8150,12,D,XC,CS,F
10:17:17,ICBP,RG,8150,1,D,XC,CS,F
10:17:17,ICBP,RG,8150,17,D,CP,CS,F
10:17:17,ICBP,RG,8150,2,D,CP,CS,F
10:17:03,ICBP,RG,8175,2,D,NI,SQ,D
10:16:18,ICBP,RG,8175,5,D,ZP,SQ,D
10:16:10,ICBP,RG,8150,38,D,CP,XA,F
10:15:36,ICBP,RG,8150,2,D,CP,KZ,D
10:15:36,ICBP,RG,8150,9,D,CP,KZ,D
10:15:36,ICBP,RG,8150,5,D,CP,YP,D
10:14:54,ICBP,RG,8150,19,D,CP,CS,F
10:14:54,ICBP,RG,8150,7,D,CP,CS,F
10:14:54,ICBP,RG,8150,27,D,CP,CS,F
10:14:46,ICBP,RG,8175,20,D,ZP,SQ,D
10:14:28,ICBP,RG,8150,3,D,CP,PD,D
10:14:26,ICBP,RG,8175,1,D,EP,SQ,D
10:13:52,ICBP,RG,8175,4,D,PD,SQ,D
10:13:33,ICBP,RG,8150,1,D,CP,PD,D
10:13:20,ICBP,RG,8150,62,D,CP,YU,D
10:12:35,ICBP,RG,8175,10,D,YP,SQ,D
10:11:55,ICBP,RG,8175,1,D,PD,SQ,D
10:11:54,ICBP,RG,8175,1,D,KK,SQ,D
10:11:46,ICBP,RG,8175,1,D,OD,SQ,D
10:11:40,ICBP,RG,8175,20,D,LG,SQ,D
10:11:36,ICBP,RG,8175,3,D,CC,SQ,D
10:11:02,ICBP,RG,8175,10,D,LG,SQ,D
10:10:34,ICBP,RG,8175,3,D,KK,SQ,D
10:10:33,ICBP,RG,8175,1,D,CC,SQ,D
10:10:22,ICBP,RG,8175,2,D,EP,SQ,D
10:10:14,ICBP,RG,8175,3,D,KK,SQ,D
10:10:14,ICBP,RG,8175,7,D,KK,CS,F
10:10:07,ICBP,RG,8175,9,D,DH,CS,F
10:10:00,ICBP,RG,8175,1,D,CP,CS,F
10:09:41,ICBP,RG,8175,10,D,KK,CS,F
10:09:36,ICBP,RG,8175,2,D,CP,CS,F
10:09:17,ICBP,RG,8150,1,D,CP,PD,D
10:08:26,ICBP,RG,8150,1,D,CP,KZ,D
10:08:26,ICBP,RG,8150,6,D,CP,KZ,D
10:08:26,ICBP,RG,8150,3,D,LG,KZ,D
10:07:46,ICBP,RG,8175,5,D,DH,CS,F
10:07:46,ICBP,RG,8175,5,D,DH,CS,D
10:07:46,ICBP,RG,8175,3,D,DH,PD,D
10:07:46,ICBP,RG,8175,2,D,DH,PD,D
10:07:37,ICBP,RG,8150,1,D,LG,YP,D
10:07:30,ICBP,RG,8150,6,D,LG,YU,D
10:07:30,ICBP,RG,8150,2,D,SQ,YU,D
10:07:30,ICBP,RG,8150,10,D,YP,YU,D
10:07:30,ICBP,RG,8150,1,D,XC,YU,D
10:07:30,ICBP,RG,8150,1,D,XC,YU,D
10:07:30,ICBP,RG,8150,2,D,PD,YU,D
10:07:30,ICBP,RG,8150,1,D,PD,YU,D
10:07:30,ICBP,RG,8150,6,D,CC,YU,D
10:07:30,ICBP,RG,8150,28,D,YP,YU,D
10:06:29,ICBP,RG,8150,222,D,YP,MG,D
10:06:29,ICBP,RG,8150,1,D,NI,MG,D
10:06:29,ICBP,RG,8150,5,D,XC,MG,D
10:06:29,ICBP,RG,8150,3,D,XC,MG,D
10:06:29,ICBP,RG,8150,5,D,PD,MG,D
10:06:29,ICBP,RG,8150,17,D,XC,MG,D
10:06:29,ICBP,RG,8150,1,D,YP,MG,D
10:06:29,ICBP,RG,8150,4,D,CC,MG,D
10:06:29,ICBP,RG,8150,18,D,CC,MG,D
10:06:29,ICBP,RG,8150,1,D,YP,MG,D
10:06:29,ICBP,RG,8150,1,D,YP,MG,D
10:06:29,ICBP,RG,8150,10,D,PD,MG,D
10:06:29,ICBP,RG,8150,10,D,CC,MG,D
10:06:29,ICBP,RG,8150,10,D,SQ,MG,D
10:06:29,ICBP,RG,8150,1,D,GR,MG,D
10:06:29,ICBP,RG,8150,2,D,SQ,MG,D
10:06:29,ICBP,RG,8150,1,D,DH,MG,D
10:06:29,ICBP,RG,8150,21,D,XC,MG,D
10:06:29,ICBP,RG,8150,10,D,XC,MG,D
10:06:29,ICBP,RG,8150,1,D,NI,MG,D
10:06:29,ICBP,RG,8150,4,D,NI,MG,D
10:06:29,ICBP,RG,8150,1,D,PD,MG,D
10:06:29,ICBP,RG,8150,2,D,PD,MG,D
10:06:29,ICBP,RG,8150,40,D,CC,MG,D
10:06:29,ICBP,RG,8150,15,D,DH,MG,D
10:06:29,ICBP,RG,8150,5,D,TP,MG,D
10:06:29,ICBP,RG,8150,1,D,DH,MG,D
10:06:29,ICBP,RG,8150,1,D,YP,MG,D
10:06:29,ICBP,RG,8150,2,D,CC,MG,D
10:06:29,ICBP,RG,8150,6,D,LG,MG,D
10:06:29,ICBP,RG,8150,2,D,DR,MG,D
10:06:29,ICBP,RG,8150,10,D,YP,MG,D
10:06:29,ICBP,RG,8150,50,D,CC,MG,D
10:06:29,ICBP,RG,8150,45,D,CC,MG,D
10:06:29,ICBP,RG,8150,1,D,DH,MG,D
10:06:29,ICBP,RG,8150,1,D,NI,MG,D
10:06:29,ICBP,RG,8150,50,D,SQ,MG,D
10:06:29,ICBP,RG,8150,3,D,GR,MG,D
10:06:29,ICBP,RG,8150,1,D,PD,MG,D
10:06:29,ICBP,RG,8150,1,D,CC,MG,D
10:06:29,ICBP,RG,8150,10,D,PD,MG,D
10:06:29,ICBP,RG,8150,46,F,ZP,MG,D
10:06:29,ICBP,RG,8150,5,D,PD,MG,D
10:06:29,ICBP,RG,8150,2,D,YP,MG,D
10:06:29,ICBP,RG,8150,1,D,DR,MG,D
10:06:29,ICBP,RG,8150,3,D,NI,MG,D
10:06:29,ICBP,RG,8150,1,D,XC,MG,D
10:06:29,ICBP,RG,8150,10,D,NI,MG,D
10:06:29,ICBP,RG,8150,6,D,PD,MG,D
10:06:29,ICBP,RG,8150,1,D,PD,MG,D
10:06:29,ICBP,RG,8150,5,D,YP,MG,D
10:06:29,ICBP,RG,8150,1,D,XC,MG,D
10:06:29,ICBP,RG,8150,2,D,NI,MG,D
10:06:29,ICBP,RG,8150,3,D,EP,MG,D
10:06:29,ICBP,RG,8150,1,D,PD,MG,D
10:06:29,ICBP,RG,8150,1,D,PD,MG,D
10:06:29,ICBP,RG,8150,1,D,XC,MG,D
10:06:29,ICBP,RG,8150,1,D,PD,MG,D
10:06:29,ICBP,RG,8150,2,D,EP,MG,D
10:06:29,ICBP,RG,8150,2,D,DH,MG,D
10:06:29,ICBP,RG,8150,10,D,KK,MG,D
10:06:29,ICBP,RG,8150,1,D,PD,MG,D
10:06:29,ICBP,RG,8150,5,D,TP,MG,D
10:06:29,ICBP,RG,8150,1,D,CC,MG,D
10:06:29,ICBP,RG,8150,1,D,YP,MG,D
10:06:29,ICBP,RG,8150,2,D,CC,MG,D
10:06:29,ICBP,RG,8150,1,D,PD,MG,D
10:06:29,ICBP,RG,8150,1,D,NI,MG,D
10:06:29,ICBP,RG,8150,8,D,YP,MG,D
10:06:29,ICBP,RG,8150,50,D,KK,MG,D
10:06:29,ICBP,RG,8150,1,D,PD,MG,D
10:06:29,ICBP,RG,8150,1,D,KK,MG,D
10:06:29,ICBP,RG,8150,1,D,KK,MG,D
10:06:29,ICBP,RG,8150,1,D,PD,MG,D
10:06:29,ICBP,RG,8150,3,D,YP,MG,D
10:06:29,ICBP,RG,8150,5,D,XC,MG,D
10:06:29,ICBP,RG,8150,5,D,YP,MG,D
10:06:29,ICBP,RG,8150,2,D,PD,MG,D
10:06:29,ICBP,RG,8150,40,D,XC,MG,D
10:06:29,ICBP,RG,8150,1,D,XC,MG,D
10:06:29,ICBP,RG,8150,4,D,EP,MG,D
10:06:29,ICBP,RG,8150,1,D,XC,MG,D
10:06:29,ICBP,RG,8150,7,D,PD,MG,D
10:06:29,ICBP,RG,8150,275,D,CP,MG,D
10:06:29,ICBP,RG,8150,1,D,PD,MG,D
10:06:29,ICBP,RG,8150,1,D,YP,MG,D
10:06:29,ICBP,RG,8150,3,D,XC,MG,D
10:06:29,ICBP,RG,8150,1,D,YP,MG,D
10:06:29,ICBP,RG,8150,5,D,KK,MG,D
10:06:29,ICBP,RG,8150,1,D,CC,MG,D
10:06:29,ICBP,RG,8150,22,D,PD,MG,D
10:06:16,ICBP,RG,8150,1,D,PD,XC,D
10:06:03,ICBP,RG,8150,22,D,PD,GR,D
10:06:03,ICBP,RG,8150,28,D,OD,GR,D
10:05:18,ICBP,RG,8150,14,D,OD,YB,D
10:04:14,ICBP,RG,8150,5,D,OD,PD,D
10:03:24,ICBP,RG,8150,10,D,OD,YB,D
10:03:05,ICBP,RG,8175,1,D,YP,PD,D
10:02:30,ICBP,RG,8150,62,D,OD,YU,D
10:02:23,ICBP,RG,8175,5,D,KK,PD,D
10:02:07,ICBP,RG,8175,5,D,KK,PD,D
10:02:03,ICBP,RG,8175,4,D,NI,PD,D
10:01:55,ICBP,RG,8175,2,D,CC,PD,D
10:01:47,ICBP,RG,8175,1,D,PD,PD,D
10:01:31,ICBP,RG,8175,4,D,CC,PD,D
10:01:19,ICBP,RG,8175,1,D,PD,PD,D
10:01:16,ICBP,RG,8150,1,D,OD,KZ,D
10:01:16,ICBP,RG,8150,9,D,OD,KZ,D
10:01:13,ICBP,RG,8175,1,D,XC,PD,D
10:01:10,ICBP,RG,8175,2,D,PD,PD,D
10:01:02,ICBP,RG,8175,1,D,PD,PD,D
10:00:34,ICBP,RG,8175,1,D,BQ,PD,D
10:00:26,ICBP,RG,8175,14,D,NI,PD,D
10:00:26,ICBP,RG,8175,11,D,NI,PD,D
10:00:24,ICBP,RG,8175,1,F,ZP,PD,D
10:00:24,ICBP,RG,8175,19,F,ZP,PD,D
10:00:17,ICBP,RG,8175,2,D,KK,PD,D
10:00:07,ICBP,RG,8175,1,D,EP,PD,D
10:00:07,ICBP,RG,8175,1,D,PD,PD,D
9:59:58,ICBP,RG,8175,5,D,KK,PD,D
9:59:49,ICBP,RG,8175,5,D,KK,PD,D
9:59:38,ICBP,RG,8175,39,D,GR,PD,D
9:59:29,ICBP,RG,8175,2,D,YP,PD,D
9:59:29,ICBP,RG,8175,2,D,KK,PD,D
9:59:15,ICBP,RG,8175,20,D,KK,PD,D
9:59:09,ICBP,RG,8175,1,D,NI,PD,D
9:58:55,ICBP,RG,8175,22,F,ZP,PD,D
9:58:47,ICBP,RG,8175,10,D,KK,PD,D
9:58:10,ICBP,RG,8175,2,D,NI,PD,D
9:58:02,ICBP,RG,8175,1,D,KK,PD,D
9:58:00,ICBP,RG,8150,21,D,OD,YU,D
9:58:00,ICBP,RG,8150,10,D,KK,YU,D
9:58:00,ICBP,RG,8150,3,D,GR,YU,D
9:58:00,ICBP,RG,8150,10,D,YP,YU,D
9:58:00,ICBP,RG,8150,15,D,CC,YU,D
9:58:00,ICBP,RG,8150,5,D,CC,YU,D
9:57:00,ICBP,RG,8175,1,D,PD,PD,D
9:56:42,ICBP,RG,8175,30,F,ZP,PD,D
9:56:40,ICBP,RG,8175,50,D,KI,PD,D
9:56:32,ICBP,RG,8150,2,D,CC,NI,D
9:56:25,ICBP,RG,8175,1,D,XC,PD,D
9:55:50,ICBP,RG,8175,1,D,YP,PD,D
9:55:06,ICBP,RG,8175,1,D,DR,PD,D
9:54:48,ICBP,RG,8175,20,D,KK,PD,D
9:54:47,ICBP,RG,8175,2,D,CC,PD,D
9:54:36,ICBP,RG,8175,30,F,ZP,PD,D
9:54:36,ICBP,RG,8175,42,F,ZP,CC,D
9:54:36,ICBP,RG,8175,1,F,ZP,ZP,F
9:54:01,ICBP,RG,8175,1,F,ZP,CS,D
