Time,Stock,Brd,Price,Qty,BT,BC,SC,ST
15:14:37,ICBP,RG,8850,10,D,YP,GR,D
15:14:37,ICBP,RG,8850,1,D,YP,YP,D
15:13:59,ICBP,RG,8850,1,D,XL,YP,D
15:13:30,ICBP,RG,8850,1,D,LG,YP,D
15:13:23,ICBP,RG,8850,5,D,YP,YP,D
15:13:17,ICBP,RG,8850,12,D,PD,YP,D
15:13:02,ICBP,RG,8850,50,D,YP,YP,D
15:11:13,ICBP,RG,8850,5,D,DR,YP,D
15:11:01,ICBP,RG,8850,2,D,YP,YP,D
15:10:57,ICBP,RG,8850,23,D,EP,YP,D
15:10:57,ICBP,RG,8850,1,D,EP,YB,D
15:10:57,ICBP,RG,8850,22,D,EP,SQ,D
15:10:57,ICBP,RG,8850,1,D,EP,CP,D
15:10:57,ICBP,RG,8850,25,D,EP,DR,D
15:10:57,ICBP,RG,8850,8,D,EP,PD,D
15:10:57,ICBP,RG,8850,2,D,EP,DH,D
15:10:57,ICBP,RG,8850,40,D,EP,YB,D
15:10:57,ICBP,RG,8850,75,D,EP,YP,D
15:10:57,ICBP,RG,8850,1,D,EP,XA,D
15:10:57,ICBP,RG,8850,350,D,EP,NI,D
15:10:57,ICBP,RG,8850,350,D,EP,NI,D
15:10:57,ICBP,RG,8850,2,D,EP,YP,D
15:10:45,ICBP,RG,8850,100,D,CC,YP,D
15:10:01,ICBP,RG,8850,1,D,PD,CS,F
15:09:42,ICBP,RG,8850,5,D,PD,CS,F
15:09:04,ICBP,RG,8850,2,D,YP,CS,F
15:08:47,ICBP,RG,8850,1,D,XC,CS,F
15:06:58,ICBP,RG,8850,6,D,XC,CS,F
15:06:42,ICBP,RG,8850,10,D,YP,CS,F
15:06:20,ICBP,RG,8850,1,D,XC,CS,F
15:06:07,ICBP,RG,8850,1,D,BQ,CS,F
15:05:57,ICBP,RG,8850,1,D,YP,CS,F
15:05:38,ICBP,RG,8850,3,D,PD,CS,F
15:04:48,ICBP,RG,8850,25,D,PD,CS,F
15:04:09,ICBP,RG,8850,1,D,YP,CS,F
15:03:39,ICBP,RG,8850,3,D,YB,CS,F
15:03:14,ICBP,RG,8850,2,D,YP,CS,F
15:02:58,ICBP,RG,8850,10,D,SQ,CS,F
15:02:22,ICBP,RG,8850,200,D,CC,CS,F
15:02:16,ICBP,RG,8850,5,D,PD,CS,F
15:00:00,ICBP,RG,8850,1,D,YB,AK,F
15:00:00,ICBP,RG,8850,43,F,YU,AK,F
15:00:00,ICBP,RG,8850,1,D,YU,AK,F
15:00:00,ICBP,RG,8850,105,F,ZP,AK,F
15:00:00,ICBP,RG,8850,557,F,CS,AK,F
15:00:00,ICBP,RG,8850,160,F,CS,CC,F
15:00:00,ICBP,RG,8850,1,F,AK,CC,F
15:00:00,ICBP,RG,8850,30,D,YU,CC,F
15:00:00,ICBP,RG,8850,1,D,YU,KK,D
15:00:00,ICBP,RG,8850,5,D,YU,LS,D
15:00:00,ICBP,RG,8850,10,D,YU,RO,D
15:00:00,ICBP,RG,8850,53,D,YU,DH,D
15:00:00,ICBP,RG,8850,2,D,YU,NI,D
15:00:00,ICBP,RG,8850,32,D,YU,YU,D
15:00:00,ICBP,RG,8850,18,D,CC,YU,D
15:00:00,ICBP,RG,8850,5,D,CC,CP,D
15:00:00,ICBP,RG,8850,30,D,CC,YP,D
15:00:00,ICBP,RG,8850,920,D,YU,YP,D
15:00:00,ICBP,RG,8850,10,D,YU,DR,D
15:00:00,ICBP,RG,8850,65,D,YU,XL,D
15:00:00,ICBP,RG,8850,10,D,YU,YP,D
15:00:00,ICBP,RG,8850,1,D,YU,YP,D
15:00:00,ICBP,RG,8850,1,D,YU,YP,D
15:00:00,ICBP,RG,8850,5,D,YU,XC,D
15:00:00,ICBP,RG,8850,5,D,YU,AO,D
15:00:00,ICBP,RG,8850,5,D,YU,YP,D
15:00:00,ICBP,RG,8850,1,D,YU,XC,D
15:00:00,ICBP,RG,8850,22,D,YU,YP,D
15:00:00,ICBP,RG,8850,19,D,YU,CC,F
15:00:00,ICBP,RG,8850,100,D,YU,LG,D
15:00:00,ICBP,RG,8850,200,D,YU,YP,D
15:00:00,ICBP,RG,8850,315,D,YU,YP,D
15:00:00,ICBP,RG,8850,100,D,YU,YP,D
15:00:00,ICBP,RG,8850,100,D,YU,KK,D
15:00:00,ICBP,RG,8850,200,D,YU,LG,D
15:00:00,ICBP,RG,8850,2,D,YU,NI,D
15:00:00,ICBP,RG,8850,2,D,YU,NI,D
15:00:00,ICBP,RG,8850,1,D,YU,PD,D
15:00:00,ICBP,RG,8850,35,D,YU,YP,D
15:00:00,ICBP,RG,8850,6,D,YU,YB,D
15:00:00,ICBP,RG,8850,10,D,YU,PD,D
15:00:00,ICBP,RG,8850,2,D,YU,NI,D
15:00:00,ICBP,RG,8850,1,D,YU,KK,D
15:00:00,ICBP,RG,8850,5,D,YU,NI,D
15:00:00,ICBP,RG,8850,55,D,YU,XL,D
15:00:00,ICBP,RG,8850,1,D,YU,YP,D
15:00:00,ICBP,RG,8850,8,D,YU,YP,D
15:00:00,ICBP,RG,8850,100,D,YU,PD,D
15:00:00,ICBP,RG,8850,10,D,YU,AI,D
15:00:00,ICBP,RG,8850,40,D,YU,AZ,D
15:00:00,ICBP,RG,8850,50,D,YU,SQ,D
15:00:00,ICBP,RG,8850,100,D,YU,ZP,D
15:00:00,ICBP,RG,8850,30,D,YU,CC,D
15:00:00,ICBP,RG,8850,1,D,YU,XC,D
15:00:00,ICBP,RG,8850,3,D,YU,PD,D
15:00:00,ICBP,RG,8850,4,D,YU,YP,D
15:00:00,ICBP,RG,8850,1,D,YU,SQ,D
15:00:00,ICBP,RG,8850,1,D,YU,NI,D
15:00:00,ICBP,RG,8850,100,D,YU,CC,D
15:00:00,ICBP,RG,8850,50,D,YU,YP,D
15:00:00,ICBP,RG,8850,10,D,YU,KK,D
15:00:00,ICBP,RG,8850,50,D,YU,DH,D
15:00:00,ICBP,RG,8850,57,D,YU,AK,F
15:00:00,ICBP,RG,8850,9,D,YU,LG,D
15:00:00,ICBP,RG,8850,2,D,YU,AK,F
15:00:00,ICBP,RG,8850,7,D,YU,AK,F
15:00:00,ICBP,RG,8850,498,D,YU,AK,F
15:00:00,ICBP,RG,8850,55,D,YU,AK,F
15:00:00,ICBP,RG,8850,1,D,YU,AK,F
15:00:00,ICBP,RG,8850,519,D,YU,BB,F
15:00:00,ICBP,RG,8850,3,D,YU,AK,F
15:00:00,ICBP,RG,8850,2,D,YU,AK,F
15:00:00,ICBP,RG,8850,31,D,YU,PD,D
15:00:00,ICBP,RG,8850,644,D,YU,PD,D
15:00:00,ICBP,RG,8850,601,D,YU,PD,D
15:00:00,ICBP,RG,8850,10,D,LG,PD,D
15:00:00,ICBP,RG,8850,90,D,PD,PD,D
14:49:57,ICBP,RG,8750,3,F,CC,CC,D
14:49:51,ICBP,RG,8750,1,D,YP,AK,F
14:49:28,ICBP,RG,8775,2,D,YP,CS,F
14:49:15,ICBP,RG,8725,14,D,XC,BB,F
14:49:15,ICBP,RG,8725,10,D,YP,BB,F
14:49:15,ICBP,RG,8725,25,D,DR,BB,F
14:49:15,ICBP,RG,8725,1,D,PD,BB,F
14:49:15,ICBP,RG,8725,2,D,YP,BB,F
14:49:14,ICBP,RG,8725,2,D,YP,BB,F
14:49:14,ICBP,RG,8725,1,D,XC,BB,F
14:49:14,ICBP,RG,8725,3,D,LG,BB,F
14:49:14,ICBP,RG,8725,3,D,YP,BB,F
14:49:14,ICBP,RG,8725,25,D,CC,BB,F
14:49:14,ICBP,RG,8725,1,D,NI,BB,F
14:49:14,ICBP,RG,8725,1,D,XC,BB,F
14:49:14,ICBP,RG,8725,5,D,CC,BB,F
14:49:14,ICBP,RG,8725,1,D,AZ,BB,F
14:49:14,ICBP,RG,8725,2,D,YP,BB,F
14:49:06,ICBP,RG,8750,1,D,TP,BB,F
14:49:06,ICBP,RG,8750,7,D,TP,PD,D
14:49:05,ICBP,RG,8725,7,D,YP,BB,F
14:49:02,ICBP,RG,8725,1,D,YP,CC,D
14:49:01,ICBP,RG,8750,2,F,ZP,PD,D
14:49:01,ICBP,RG,8750,2,F,ZP,PD,D
14:49:00,ICBP,RG,8725,14,D,YP,BB,F
14:49:00,ICBP,RG,8750,1,F,AK,PD,D
14:48:53,ICBP,RG,8725,2,D,YP,ZP,D
14:48:45,ICBP,RG,8725,14,D,YP,BB,F
14:48:45,ICBP,RG,8750,4,D,AZ,PD,D
14:48:42,ICBP,RG,8750,2,D,ZP,PD,D
14:48:42,ICBP,RG,8725,1,D,YP,ZP,D
14:48:41,ICBP,RG,8750,10,D,DR,PD,D
14:48:41,ICBP,RG,8725,1,D,YP,ZP,D
14:48:33,ICBP,RG,8750,5,D,YP,PD,D
14:48:32,ICBP,RG,8750,3,F,ZP,PD,D
14:48:32,ICBP,RG,8750,1,F,ZP,AK,F
14:48:31,ICBP,RG,8750,2,D,YP,KK,D
14:48:31,ICBP,RG,8725,58,D,YP,CS,D
14:48:31,ICBP,RG,8725,4,D,PD,CS,D
14:48:31,ICBP,RG,8725,1,D,YP,CS,D
14:48:31,ICBP,RG,8725,20,D,NI,CS,D
14:48:31,ICBP,RG,8725,2,D,CC,CS,D
14:48:31,ICBP,RG,8725,10,D,SQ,CS,D
14:48:31,ICBP,RG,8725,1,D,PD,CS,D
14:48:31,ICBP,RG,8725,1,D,YP,CS,D
14:48:31,ICBP,RG,8725,86,D,AZ,CS,D
14:48:30,ICBP,RG,8725,11,D,AZ,BB,F
14:48:30,ICBP,RG,8725,1,D,AZ,AK,F
14:48:30,ICBP,RG,8725,1,D,AZ,AK,F
14:48:27,ICBP,RG,8725,1,D,AZ,YP,D
14:48:27,ICBP,RG,8725,2,D,PD,YP,D
14:48:27,ICBP,RG,8725,3,D,GR,YP,D
14:48:23,ICBP,RG,8750,1,D,ZP,CS,D
14:48:21,ICBP,RG,8725,7,D,GR,BB,F
14:48:21,ICBP,RG,8750,2,D,ZP,CS,D
14:48:21,ICBP,RG,8750,2,D,YP,CS,D
14:48:20,ICBP,RG,8750,1,D,PD,CS,D
14:48:15,ICBP,RG,8750,20,D,KK,CS,D
14:48:14,ICBP,RG,8725,16,D,GR,BB,F
14:48:14,ICBP,RG,8725,3,D,GR,CC,D
14:48:08,ICBP,RG,8750,20,D,KK,CS,D
14:48:00,ICBP,RG,8750,1,F,AK,CS,D
14:47:59,ICBP,RG,8750,5,F,ZP,CS,D
14:47:58,ICBP,RG,8750,19,F,ZP,CS,D
14:47:58,ICBP,RG,8725,21,D,GR,BB,F
14:47:58,ICBP,RG,8725,1,D,YP,BB,F
14:47:58,ICBP,RG,8725,10,D,EP,BB,F
14:47:58,ICBP,RG,8725,20,D,SQ,BB,F
14:47:58,ICBP,RG,8725,5,D,YP,BB,F
14:47:58,ICBP,RG,8725,1,D,YP,BB,F
14:47:58,ICBP,RG,8725,1,D,YP,BB,F
14:47:58,ICBP,RG,8725,12,D,CC,BB,F
14:47:58,ICBP,RG,8725,1,D,PD,BB,F
14:47:58,ICBP,RG,8725,9,D,DH,BB,F
14:47:49,ICBP,RG,8725,41,D,DH,AK,F
14:47:49,ICBP,RG,8725,1,D,CC,AK,F
14:47:49,ICBP,RG,8725,2,D,DX,AK,F
14:47:49,ICBP,RG,8725,2,D,YP,AK,F
14:47:49,ICBP,RG,8725,5,D,GR,AK,F
14:47:49,ICBP,RG,8725,1,D,CC,AK,F
14:47:49,ICBP,RG,8725,1,D,XC,AK,F
14:47:49,ICBP,RG,8725,6,D,PD,AK,F
14:47:46,ICBP,RG,8725,1,D,PD,CS,D
14:47:46,ICBP,RG,8725,1,D,PD,CS,D
14:47:46,ICBP,RG,8725,7,D,LG,CS,D
14:47:46,ICBP,RG,8725,2,D,LG,CS,D
14:47:39,ICBP,RG,8750,2,D,CC,CS,D
14:47:35,ICBP,RG,8725,15,D,LG,CS,D
14:47:35,ICBP,RG,8725,10,D,LG,CS,D
14:47:26,ICBP,RG,8750,1,D,KK,CS,D
14:47:25,ICBP,RG,8750,1,D,XC,CS,D
14:47:24,ICBP,RG,8725,22,D,LG,CS,D
14:47:24,ICBP,RG,8725,4,D,LG,CS,D
14:47:23,ICBP,RG,8750,1,D,PD,CS,D
14:47:14,ICBP,RG,8750,4,D,YP,CS,D
14:47:14,ICBP,RG,8725,24,D,LG,CS,D
14:47:09,ICBP,RG,8725,1,D,LG,ZP,D
14:47:04,ICBP,RG,8725,15,D,LG,CS,D
14:47:02,ICBP,RG,8750,1,D,YP,CS,D
14:47:00,ICBP,RG,8750,1,F,AK,CS,D
14:46:59,ICBP,RG,8725,20,D,PC,BB,F
14:46:59,ICBP,RG,8725,5,D,YP,BB,F
14:46:59,ICBP,RG,8725,5,D,SQ,BB,F
14:46:59,ICBP,RG,8725,1,D,XC,BB,F
14:46:59,ICBP,RG,8725,1,D,XC,BB,F
14:46:59,ICBP,RG,8725,12,D,SQ,BB,F
14:46:59,ICBP,RG,8725,6,D,SQ,BB,F
14:46:59,ICBP,RG,8725,20,D,NI,BB,F
14:46:59,ICBP,RG,8725,1,D,XC,BB,F
14:46:59,ICBP,RG,8725,1,D,XC,BB,F
14:46:59,ICBP,RG,8725,3,D,YP,BB,F
14:46:59,ICBP,RG,8725,5,D,PD,BB,F
14:46:59,ICBP,RG,8725,1,D,YP,BB,F
14:46:59,ICBP,RG,8725,19,D,LG,BB,F
14:46:59,ICBP,RG,8725,1,D,XC,BB,F
14:46:59,ICBP,RG,8725,20,D,SQ,BB,F
14:46:54,ICBP,RG,8725,10,D,SQ,CS,D
14:46:54,ICBP,RG,8725,7,D,CC,CS,D
14:46:43,ICBP,RG,8725,3,D,CC,CS,D
14:46:43,ICBP,RG,8725,1,D,XC,CS,D
14:46:43,ICBP,RG,8725,3,D,DH,CS,D
14:46:43,ICBP,RG,8725,1,D,NI,CS,D
14:46:43,ICBP,RG,8725,3,D,XC,CS,D
14:46:43,ICBP,RG,8725,4,D,YP,CS,D
14:46:42,ICBP,RG,8750,10,D,XC,CS,D
14:46:41,ICBP,RG,8750,4,D,LS,CS,D
14:46:33,ICBP,RG,8725,15,D,YP,CS,D
14:46:29,ICBP,RG,8750,9,D,SQ,CS,D
14:46:27,ICBP,RG,8750,2,D,PD,CS,D
14:46:24,ICBP,RG,8725,17,D,YP,CS,D
14:46:14,ICBP,RG,8750,2,D,YP,CS,D
14:46:13,ICBP,RG,8725,14,D,YP,CS,D
14:46:12,ICBP,RG,8725,1,D,YP,ZP,D
14:46:08,ICBP,RG,8725,7,D,YP,YP,D
14:46:03,ICBP,RG,8725,17,D,YP,CS,D
14:45:53,ICBP,RG,8725,17,D,YP,CS,D
14:45:42,ICBP,RG,8725,8,D,YP,CS,D
14:45:42,ICBP,RG,8725,1,D,YP,CS,D
14:45:42,ICBP,RG,8725,3,D,YP,CS,D
14:45:42,ICBP,RG,8725,2,D,XC,CS,D
14:45:33,ICBP,RG,8725,1,D,XC,CS,D
14:45:33,ICBP,RG,8725,1,D,CC,CS,D
14:45:33,ICBP,RG,8725,2,D,NI,CS,D
14:45:33,ICBP,RG,8725,2,D,NI,CS,D
14:45:33,ICBP,RG,8725,1,D,PD,CS,D
14:45:33,ICBP,RG,8725,1,D,KK,CS,D
14:45:33,ICBP,RG,8725,1,D,YP,CS,D
14:45:33,ICBP,RG,8725,1,D,YP,CS,D
14:45:33,ICBP,RG,8725,1,D,YP,CS,D
14:45:33,ICBP,RG,8725,1,D,YP,CS,D
14:45:33,ICBP,RG,8725,7,D,PD,CS,D
14:45:31,ICBP,RG,8725,9,D,PD,BB,F
14:45:24,ICBP,RG,8750,5,F,ZP,CS,D
14:45:21,ICBP,RG,8750,1,D,LS,CS,D
14:45:16,ICBP,RG,8750,2,D,KK,CS,D
14:45:16,ICBP,RG,8750,3,D,KK,ZP,D
14:45:16,ICBP,RG,8750,1,D,KK,AK,F
14:45:16,ICBP,RG,8750,1,D,KK,CS,D
14:45:16,ICBP,RG,8750,1,D,KK,CS,D
14:45:16,ICBP,RG,8750,2,D,KK,DR,D
14:45:16,ICBP,RG,8750,10,D,KK,CS,D
14:45:16,ICBP,RG,8750,1,D,KK,DR,D
14:45:16,ICBP,RG,8750,29,D,KK,BB,F
14:45:13,ICBP,RG,8725,4,D,PD,CS,D
14:45:13,ICBP,RG,8725,1,D,YP,CS,D
14:45:13,ICBP,RG,8725,10,D,NI,CS,D
14:45:13,ICBP,RG,8725,1,D,XC,CS,D
14:45:13,ICBP,RG,8725,1,D,YP,CS,D
14:45:11,ICBP,RG,8750,1,D,PD,BB,F
14:45:11,ICBP,RG,8750,10,D,GR,BB,F
14:45:02,ICBP,RG,8725,19,D,YP,CS,D
14:45:02,ICBP,RG,8725,2,D,YP,CS,D
14:45:02,ICBP,RG,8725,4,D,YP,CS,D
14:45:02,ICBP,RG,8725,1,D,YP,CS,D
14:44:51,ICBP,RG,8725,1,D,YP,XC,D
14:44:40,ICBP,RG,8725,1,D,YP,CS,D
14:44:40,ICBP,RG,8725,2,D,YP,CS,D
14:44:40,ICBP,RG,8725,1,D,YP,CS,D
14:44:40,ICBP,RG,8725,2,D,YP,CS,D
14:44:40,ICBP,RG,8725,2,D,YP,CS,D
14:44:40,ICBP,RG,8725,1,D,YP,CS,D
14:44:40,ICBP,RG,8725,1,D,YP,CS,D
14:44:40,ICBP,RG,8725,3,D,YP,CS,D
14:44:40,ICBP,RG,8725,1,D,YP,CS,D
14:44:40,ICBP,RG,8725,1,D,YP,CS,D
14:44:40,ICBP,RG,8725,3,D,YP,CS,D
14:44:40,ICBP,RG,8725,1,D,YP,CS,D
14:44:40,ICBP,RG,8725,7,D,YP,CS,D
14:44:35,ICBP,RG,8750,1,D,ZP,BB,F
14:44:19,ICBP,RG,8725,3,D,YP,CS,D
14:44:19,ICBP,RG,8725,1,D,CC,CS,D
14:44:19,ICBP,RG,8725,2,D,XC,CS,D
14:44:19,ICBP,RG,8725,2,D,PD,CS,D
14:44:19,ICBP,RG,8725,2,D,XC,CS,D
14:44:19,ICBP,RG,8725,1,D,XC,CS,D
14:44:19,ICBP,RG,8725,2,D,CC,CS,D
14:44:19,ICBP,RG,8725,4,D,PD,CS,D
14:44:19,ICBP,RG,8725,8,D,CC,CS,D
14:44:18,ICBP,RG,8750,2,D,YP,BB,F
14:44:15,ICBP,RG,8750,1,D,XC,BB,F
14:44:05,ICBP,RG,8725,3,D,CC,CC,D
14:43:59,ICBP,RG,8725,26,D,CC,CS,D
14:43:52,ICBP,RG,8750,2,D,LS,BB,F
14:43:38,ICBP,RG,8725,13,D,CC,CS,D
14:43:38,ICBP,RG,8725,1,D,PD,CS,D
14:43:38,ICBP,RG,8725,1,D,XC,CS,D
14:43:38,ICBP,RG,8725,1,D,XC,CS,D
14:43:38,ICBP,RG,8725,1,D,XC,CS,D
14:43:38,ICBP,RG,8725,10,D,XC,CS,D
14:43:38,ICBP,RG,8725,2,D,XL,CS,D
14:43:38,ICBP,RG,8725,1,D,PD,CS,D
14:43:38,ICBP,RG,8725,1,D,CC,CS,D
14:43:38,ICBP,RG,8725,1,D,CC,CS,D
14:43:38,ICBP,RG,8725,2,D,XL,CS,D
14:43:38,ICBP,RG,8725,1,D,OD,CS,D
14:43:38,ICBP,RG,8725,2,D,DR,CS,D
14:43:34,ICBP,RG,8725,2,D,PD,BB,F
14:43:34,ICBP,RG,8725,12,D,KK,BB,F
14:43:34,ICBP,RG,8725,5,D,KK,BB,F
14:43:34,ICBP,RG,8725,5,D,SQ,BB,F
14:43:34,ICBP,RG,8725,11,D,SQ,BB,F
14:43:34,ICBP,RG,8725,3,D,PD,BB,F
14:43:12,ICBP,RG,8750,1,D,XC,BB,F
14:43:11,ICBP,RG,8725,1,D,PD,KK,D
14:43:09,ICBP,RG,8750,20,D,YP,BB,F
14:43:08,ICBP,RG,8725,1,D,PD,CS,D
14:43:08,ICBP,RG,8725,25,D,PD,CS,D
14:43:08,ICBP,RG,8725,3,D,SQ,CS,D
14:43:07,ICBP,RG,8725,7,D,SQ,YU,D
14:43:07,ICBP,RG,8725,4,D,DH,YU,D
14:43:07,ICBP,RG,8725,1,D,SQ,YU,D
14:43:07,ICBP,RG,8725,1,D,PD,YU,D
14:43:07,ICBP,RG,8725,1,D,PD,YU,D
14:43:07,ICBP,RG,8725,2,D,DR,YU,D
14:43:07,ICBP,RG,8725,5,D,GR,YU,D
14:43:07,ICBP,RG,8725,1,D,EP,YU,D
14:43:07,ICBP,RG,8725,6,D,PD,YU,D
14:43:07,ICBP,RG,8725,1,D,KK,YU,D
14:43:07,ICBP,RG,8725,36,D,DR,YU,D
14:43:03,ICBP,RG,8725,1,D,DR,XC,D
14:42:52,ICBP,RG,8725,65,D,DR,YU,D
14:42:40,ICBP,RG,8725,6,D,DR,BB,F
14:42:40,ICBP,RG,8725,15,D,PD,BB,F
14:42:40,ICBP,RG,8725,1,D,KK,BB,F
14:42:40,ICBP,RG,8725,2,D,PD,BB,F
14:42:40,ICBP,RG,8725,1,D,XA,BB,F
14:42:40,ICBP,RG,8725,1,D,XC,BB,F
14:42:40,ICBP,RG,8725,1,D,NI,BB,F
14:42:40,ICBP,RG,8725,9,D,SQ,BB,F
14:42:40,ICBP,RG,8725,1,D,YP,BB,F
14:42:40,ICBP,RG,8725,1,D,XC,BB,F
14:42:40,ICBP,RG,8725,5,D,YP,BB,F
14:42:40,ICBP,RG,8725,5,D,KK,BB,F
14:42:40,ICBP,RG,8725,2,D,PD,BB,F
14:42:40,ICBP,RG,8725,2,D,PD,BB,F
14:42:40,ICBP,RG,8725,1,D,XC,BB,F
14:42:40,ICBP,RG,8725,1,D,KK,BB,F
14:42:40,ICBP,RG,8725,2,D,BQ,BB,F
14:42:40,ICBP,RG,8725,1,D,XC,BB,F
14:42:40,ICBP,RG,8725,1,D,CC,BB,F
14:42:40,ICBP,RG,8725,1,D,PD,BB,F
14:42:40,ICBP,RG,8725,1,D,YP,BB,F
14:42:40,ICBP,RG,8725,5,D,YP,BB,F
14:42:40,ICBP,RG,8725,3,D,PD,BB,F
14:42:40,ICBP,RG,8725,2,D,YP,BB,F
14:42:40,ICBP,RG,8725,1,D,CC,BB,F
14:42:40,ICBP,RG,8725,2,D,XA,BB,F
14:42:40,ICBP,RG,8725,3,D,YP,BB,F
14:42:40,ICBP,RG,8725,1,D,XC,BB,F
14:42:40,ICBP,RG,8725,10,D,SQ,BB,F
14:42:40,ICBP,RG,8725,10,D,YU,BB,F
14:42:40,ICBP,RG,8725,2,D,YP,BB,F
14:42:40,ICBP,RG,8725,121,D,YP,BB,F
14:42:35,ICBP,RG,8725,65,D,YP,YU,D
14:42:29,ICBP,RG,8725,3,D,YP,LG,D
14:42:26,ICBP,RG,8725,1,D,YP,XC,D
14:42:20,ICBP,RG,8725,3,D,YP,YU,D
14:42:20,ICBP,RG,8725,21,D,YP,YU,D
14:42:19,ICBP,RG,8725,40,D,YP,YU,D
14:42:07,ICBP,RG,8725,23,D,YP,YU,D
14:41:57,ICBP,RG,8750,5,D,PD,YU,D
14:41:53,ICBP,RG,8725,19,D,YP,YU,D
14:41:44,ICBP,RG,8725,19,D,YP,YU,D
14:41:37,ICBP,RG,8750,9,D,CC,YU,D
14:41:37,ICBP,RG,8750,1,D,CC,AK,F
14:41:34,ICBP,RG,8750,1,D,PD,YU,D
14:41:30,ICBP,RG,8750,48,D,KK,YU,D
14:41:30,ICBP,RG,8750,2,D,KK,CS,D
14:41:23,ICBP,RG,8750,1,D,SQ,CS,D
14:41:18,ICBP,RG,8750,3,D,PD,CS,D
14:41:14,ICBP,RG,8750,2,D,PD,CS,D
14:41:14,ICBP,RG,8775,2,D,ZP,BB,F
14:41:11,ICBP,RG,8750,7,D,SQ,CS,D
14:41:10,ICBP,RG,8750,3,D,SQ,YU,D
14:41:10,ICBP,RG,8750,3,D,YB,YU,D
14:41:10,ICBP,RG,8750,1,D,YU,YU,D
14:41:10,ICBP,RG,8750,17,D,SQ,YU,D
14:41:06,ICBP,RG,8750,1,D,SQ,CS,D
14:41:06,ICBP,RG,8750,1,D,PD,CS,D
14:41:06,ICBP,RG,8750,1,F,AK,CS,D
14:41:06,ICBP,RG,8750,6,D,SQ,CS,D
14:41:00,ICBP,RG,8750,13,D,SQ,CS,D
14:40:59,ICBP,RG,8750,1,D,SQ,YU,D
14:40:59,ICBP,RG,8750,1,D,YP,YU,D
14:40:59,ICBP,RG,8750,2,F,ZP,YU,D
14:40:59,ICBP,RG,8750,2,D,KK,YU,D
14:40:59,ICBP,RG,8750,1,D,PD,YU,D
14:40:59,ICBP,RG,8750,1,D,XC,YU,D
14:40:59,ICBP,RG,8750,3,D,CC,YU,D
14:40:59,ICBP,RG,8750,2,D,XL,YU,D
14:40:59,ICBP,RG,8750,1,D,DR,YU,D
14:40:59,ICBP,RG,8750,2,D,NI,YU,D
14:40:59,ICBP,RG,8750,9,D,LG,YU,D
14:40:58,ICBP,RG,8750,5,D,LG,YP,D
14:40:51,ICBP,RG,8750,6,D,LG,CS,D
14:40:51,ICBP,RG,8750,2,D,PD,CS,D
14:40:51,ICBP,RG,8750,1,D,OD,CS,D
14:40:51,ICBP,RG,8750,27,D,CP,CS,D
14:40:50,ICBP,RG,8750,23,D,CP,CC,F
14:40:50,ICBP,RG,8750,10,D,OD,CC,F
14:40:50,ICBP,RG,8750,7,F,ZP,CC,F
14:40:50,ICBP,RG,8750,1,D,YP,CC,F
14:40:50,ICBP,RG,8750,1,D,EP,CC,F
14:40:50,ICBP,RG,8750,50,D,CC,CC,F
14:40:50,ICBP,RG,8750,4,D,TP,CC,F
14:40:50,ICBP,RG,8750,10,D,YU,CC,F
14:40:50,ICBP,RG,8750,1,F,AK,CC,F
14:40:50,ICBP,RG,8750,3,D,PC,CC,F
14:40:50,ICBP,RG,8750,152,D,YU,CC,F
14:40:49,ICBP,RG,8750,29,D,YU,YU,D
14:40:33,ICBP,RG,8750,22,D,YU,YU,D
14:40:26,ICBP,RG,8750,53,D,YU,CS,D
14:40:22,ICBP,RG,8750,20,D,YU,YU,D
14:40:13,ICBP,RG,8750,21,D,YU,YU,D
14:40:05,ICBP,RG,8750,27,D,YU,YU,D
14:39:50,ICBP,RG,8750,21,D,YU,YU,D
14:39:44,ICBP,RG,8750,71,D,YU,CS,D
14:39:41,ICBP,RG,8750,22,D,YU,YU,D
14:39:33,ICBP,RG,8750,29,D,YU,YU,D
14:39:19,ICBP,RG,8750,27,D,YU,YU,D
14:39:05,ICBP,RG,8750,23,D,YU,YU,D
14:38:53,ICBP,RG,8750,20,D,YU,YU,D
14:38:47,ICBP,RG,8775,18,D,YP,BB,F
14:38:47,ICBP,RG,8775,4,D,YP,AK,F
14:38:47,ICBP,RG,8775,21,D,YP,AK,F
14:38:47,ICBP,RG,8775,7,D,YP,YU,D
14:38:43,ICBP,RG,8750,63,D,YU,CS,D
14:38:43,ICBP,RG,8750,6,D,ZP,CS,D
14:38:43,ICBP,RG,8750,1,D,CC,CS,D
14:38:43,ICBP,RG,8750,6,D,YP,CS,D
14:38:43,ICBP,RG,8750,28,D,LG,CS,D
14:38:42,ICBP,RG,8750,22,D,LG,YU,D
14:38:42,ICBP,RG,8750,1,D,XC,YU,D
14:38:41,ICBP,RG,8750,9,D,XC,BB,F
14:38:41,ICBP,RG,8750,1,D,XC,BB,F
14:38:41,ICBP,RG,8750,53,D,YP,BB,F
14:38:33,ICBP,RG,8775,2,D,PD,YU,D
14:38:33,ICBP,RG,8775,3,D,PD,YU,D
14:38:32,ICBP,RG,8750,31,D,YP,YU,D
14:38:31,ICBP,RG,8750,1,D,YP,HP,D
14:38:13,ICBP,RG,8750,15,D,YP,YU,D
14:38:13,ICBP,RG,8750,2,D,CC,YU,D
14:38:13,ICBP,RG,8750,3,D,YU,YU,D
14:38:05,ICBP,RG,8750,21,D,YU,YU,D
14:38:05,ICBP,RG,8750,2,F,ZP,YU,D
14:37:53,ICBP,RG,8750,1,F,ZP,YU,D
14:37:53,ICBP,RG,8750,1,D,XC,YU,D
14:37:53,ICBP,RG,8750,1,D,SQ,YU,D
14:37:53,ICBP,RG,8750,10,D,NI,YU,D
14:37:53,ICBP,RG,8750,2,D,PD,YU,D
14:37:53,ICBP,RG,8750,5,D,KK,YU,D
14:37:45,ICBP,RG,8750,24,D,KK,YU,D
14:37:36,ICBP,RG,8750,21,D,KK,BB,F
14:37:36,ICBP,RG,8750,43,D,YU,BB,F
14:37:33,ICBP,RG,8750,21,D,YU,YU,D
14:37:25,ICBP,RG,8750,26,D,YU,YU,D
14:37:12,ICBP,RG,8750,108,D,YU,CS,D
14:37:11,ICBP,RG,8750,21,D,YU,YU,D
14:37:01,ICBP,RG,8750,20,D,YU,YU,D
14:36:53,ICBP,RG,8750,24,D,YU,YU,D
14:36:42,ICBP,RG,8750,25,D,YU,YU,D
14:36:30,ICBP,RG,8750,45,D,YU,BB,F
14:36:29,ICBP,RG,8750,23,D,YU,YU,D
14:36:18,ICBP,RG,8750,5,D,YU,YU,D
14:36:18,ICBP,RG,8750,2,F,ZP,YU,D
14:36:18,ICBP,RG,8750,3,D,DR,YU,D
14:36:18,ICBP,RG,8750,1,D,YP,YU,D
14:36:18,ICBP,RG,8750,1,F,AK,YU,D
14:36:18,ICBP,RG,8750,2,D,NI,YU,D
14:36:18,ICBP,RG,8750,9,D,AI,YU,D
14:36:11,ICBP,RG,8750,25,D,AI,YU,D
14:36:11,ICBP,RG,8750,5,D,YP,YU,D
14:35:59,ICBP,RG,8750,5,D,PD,YU,D
14:35:59,ICBP,RG,8750,20,D,YP,YU,D
14:35:59,ICBP,RG,8750,11,D,LG,YU,D
14:35:52,ICBP,RG,8775,1,D,AT,CS,D
14:35:36,ICBP,RG,8775,13,D,SQ,YU,D
14:35:36,ICBP,RG,8775,4,F,ZP,YU,D
14:35:36,ICBP,RG,8775,1,F,AK,YU,D
14:35:36,ICBP,RG,8775,1,F,AK,YU,D
14:35:36,ICBP,RG,8775,2,D,YU,YU,D
14:35:19,ICBP,RG,8800,8,D,CC,CS,D
14:35:19,ICBP,RG,8800,19,D,CC,BB,F
14:35:19,ICBP,RG,8800,8,D,CC,CS,D
14:35:19,ICBP,RG,8800,3,D,CC,CS,D
14:35:19,ICBP,RG,8800,1,D,CC,AK,F
14:35:19,ICBP,RG,8800,4,D,CC,CS,D
14:35:19,ICBP,RG,8800,7,D,CC,YU,D
14:35:19,ICBP,RG,8800,10,D,CC,YU,D
14:35:19,ICBP,RG,8800,3,D,CC,AK,F
14:35:18,ICBP,RG,8775,2,D,YU,SQ,D
14:35:16,ICBP,RG,8775,1,D,YU,CC,D
14:35:14,ICBP,RG,8775,12,D,YU,GR,D
14:34:31,ICBP,RG,8775,1,D,PD,YU,D
14:34:22,ICBP,RG,8750,9,D,LG,YU,D
14:34:22,ICBP,RG,8775,1,D,YU,YU,D
14:34:22,ICBP,RG,8775,9,D,YU,YU,D
14:34:22,ICBP,RG,8775,8,D,YU,YU,D
14:34:21,ICBP,RG,8825,46,D,YU,YP,D
14:34:21,ICBP,RG,8800,1,D,YU,AK,F
14:34:21,ICBP,RG,8800,3,D,YU,NI,D
14:34:21,ICBP,RG,8800,1,D,YU,PD,D
14:34:21,ICBP,RG,8800,10,D,YU,YP,D
14:34:21,ICBP,RG,8800,1,D,YU,PD,D
14:34:21,ICBP,RG,8800,50,D,YU,LG,D
14:34:21,ICBP,RG,8800,100,D,YU,CS,D
14:34:21,ICBP,RG,8800,5,D,YU,CC,D
14:34:21,ICBP,RG,8800,28,D,YU,YP,D
14:34:21,ICBP,RG,8800,2,D,YU,PD,D
14:34:21,ICBP,RG,8775,7,D,YU,YU,D
14:34:21,ICBP,RG,8775,9,D,YU,CS,D
14:34:21,ICBP,RG,8775,3,D,YU,YU,D
14:34:21,ICBP,RG,8775,5,D,YU,NI,D
14:34:21,ICBP,RG,8775,1,D,YU,AK,F
14:34:21,ICBP,RG,8775,32,D,YU,BB,F
14:34:21,ICBP,RG,8775,93,D,YU,CS,F
14:34:21,ICBP,RG,8775,85,D,YU,BB,F
14:34:21,ICBP,RG,8750,18,D,YU,YU,D
14:34:20,ICBP,RG,8750,10,D,YP,YU,D
14:34:20,ICBP,RG,8750,10,D,YP,YU,D
14:34:17,ICBP,RG,8750,1,D,PD,YU,D
14:34:17,ICBP,RG,8750,9,D,SQ,YU,D
14:34:16,ICBP,RG,8750,8,D,KK,YU,D
14:34:16,ICBP,RG,8750,2,D,KK,YU,D
14:34:09,ICBP,RG,8750,6,D,CC,YU,D
14:34:00,ICBP,RG,8750,3,F,ZP,YU,D
14:34:00,ICBP,RG,8775,45,D,YU,BB,F
14:34:00,ICBP,RG,8775,1,D,YU,AK,F
14:34:00,ICBP,RG,8750,12,D,YU,CS,D
14:34:00,ICBP,RG,8750,29,D,YU,CS,D
14:34:00,ICBP,RG,8750,14,D,YU,CS,D
14:34:00,ICBP,RG,8750,13,D,YU,YU,D
14:34:00,ICBP,RG,8750,4,D,YU,ZP,D
14:34:00,ICBP,RG,8750,35,D,YU,YP,D
14:34:00,ICBP,RG,8750,23,D,YU,YU,D
14:33:58,ICBP,RG,8750,34,D,AI,YU,D
14:33:58,ICBP,RG,8750,1,D,AI,ZP,D
14:33:57,ICBP,RG,8725,22,D,YP,YU,D
14:33:56,ICBP,RG,8750,3,D,RO,ZP,D
14:33:56,ICBP,RG,8750,2,D,RO,YU,D
14:33:49,ICBP,RG,8750,2,D,PD,YU,D
14:33:46,ICBP,RG,8725,13,D,YP,YU,D
14:33:46,ICBP,RG,8725,2,D,NI,YU,D
14:33:46,ICBP,RG,8725,10,D,YP,YU,D
14:33:45,ICBP,RG,8750,1,D,PD,BB,F
14:33:38,ICBP,RG,8750,1,D,YP,BB,F
14:33:37,ICBP,RG,8750,5,D,CC,BB,F
14:33:33,ICBP,RG,8750,3,D,XC,BB,F
14:33:19,ICBP,RG,8750,10,D,KK,BB,F
14:33:11,ICBP,RG,8750,10,D,DR,BB,F
14:33:11,ICBP,RG,8750,50,D,YP,BB,F
14:33:10,ICBP,RG,8725,40,D,YP,BB,F
14:33:10,ICBP,RG,8725,1,D,NI,BB,F
14:33:10,ICBP,RG,8725,1,D,PD,BB,F
14:33:10,ICBP,RG,8725,7,D,YP,BB,F
14:33:10,ICBP,RG,8725,5,D,CC,BB,F
14:33:10,ICBP,RG,8725,1,D,CC,BB,F
14:33:10,ICBP,RG,8725,20,D,CC,BB,F
14:33:10,ICBP,RG,8725,2,D,XC,BB,F
14:33:10,ICBP,RG,8725,8,D,XC,BB,F
14:33:10,ICBP,RG,8725,4,D,LG,BB,F
14:33:10,ICBP,RG,8725,10,D,SQ,BB,F
14:33:10,ICBP,RG,8725,11,D,CC,BB,F
14:33:10,ICBP,RG,8725,5,D,KK,BB,F
14:33:10,ICBP,RG,8725,20,D,LG,BB,F
14:33:10,ICBP,RG,8725,1,D,CC,BB,F
14:33:10,ICBP,RG,8725,2,D,PD,BB,F
14:33:10,ICBP,RG,8725,1,D,AT,BB,F
14:33:10,ICBP,RG,8725,2,D,DR,BB,F
14:33:10,ICBP,RG,8725,7,D,EP,BB,F
14:33:10,ICBP,RG,8725,8,D,XC,BB,F
14:33:10,ICBP,RG,8725,3,D,PD,BB,F
14:33:10,ICBP,RG,8725,20,D,XC,BB,F
14:33:10,ICBP,RG,8725,1,D,PD,BB,F
14:33:10,ICBP,RG,8725,1,D,YP,BB,F
14:33:10,ICBP,RG,8725,1,D,SQ,BB,F
14:33:10,ICBP,RG,8725,1,D,PD,BB,F
14:33:10,ICBP,RG,8725,5,D,XC,BB,F
14:33:10,ICBP,RG,8725,1,D,XC,BB,F
14:33:10,ICBP,RG,8725,2,D,YP,BB,F
14:33:10,ICBP,RG,8725,5,D,NI,BB,F
14:33:10,ICBP,RG,8725,3,D,CC,BB,F
14:33:10,ICBP,RG,8725,3,D,PD,BB,F
14:33:10,ICBP,RG,8725,2,D,YP,BB,F
14:33:10,ICBP,RG,8725,3,D,YP,BB,F
14:33:10,ICBP,RG,8725,1,D,PD,BB,F
14:33:10,ICBP,RG,8725,20,D,YP,BB,F
14:33:10,ICBP,RG,8725,1,D,XC,BB,F
14:33:10,ICBP,RG,8725,2,D,XC,BB,F
14:33:10,ICBP,RG,8725,1,D,NI,BB,F
14:33:10,ICBP,RG,8725,2,D,NI,BB,F
14:33:10,ICBP,RG,8725,2,D,GR,BB,F
14:33:10,ICBP,RG,8725,1,D,YP,BB,F
14:33:10,ICBP,RG,8725,2,D,YP,BB,F
14:33:10,ICBP,RG,8725,5,D,XC,BB,F
14:33:10,ICBP,RG,8725,1,D,CC,BB,F
14:33:10,ICBP,RG,8725,2,D,XC,BB,F
14:33:10,ICBP,RG,8725,1,D,XC,BB,F
14:33:10,ICBP,RG,8725,100,D,DH,BB,F
14:33:10,ICBP,RG,8725,1,D,XC,BB,F
14:33:10,ICBP,RG,8725,50,D,SQ,BB,F
14:33:10,ICBP,RG,8725,1,D,YP,BB,F
14:33:10,ICBP,RG,8725,1,D,PD,BB,F
14:33:10,ICBP,RG,8725,20,D,PD,BB,F
14:33:10,ICBP,RG,8725,1,D,KK,BB,F
14:33:10,ICBP,RG,8725,1,D,PD,BB,F
14:33:10,ICBP,RG,8725,1,D,NI,BB,F
14:33:10,ICBP,RG,8725,2,D,PD,BB,F
14:33:10,ICBP,RG,8725,10,D,DH,BB,F
14:33:10,ICBP,RG,8725,1,D,NI,BB,F
14:33:10,ICBP,RG,8725,3,D,XC,BB,F
14:33:01,ICBP,RG,8750,4,F,ZP,BB,F
14:33:01,ICBP,RG,8750,2,F,ZP,AK,F
14:33:00,ICBP,RG,8750,15,D,YU,CS,D
14:33:00,ICBP,RG,8750,93,D,YU,YU,D
14:33:00,ICBP,RG,8750,17,D,YU,AK,F
14:32:52,ICBP,RG,8725,2,D,XC,YU,D
14:32:52,ICBP,RG,8725,2,D,CC,YU,D
14:32:52,ICBP,RG,8725,24,D,NI,YU,D
14:32:37,ICBP,RG,8725,22,D,NI,YU,D
14:32:34,ICBP,RG,8750,1,D,XC,AK,F
14:32:29,ICBP,RG,8725,29,D,NI,YU,D
14:32:19,ICBP,RG,8750,1,D,YP,AK,F
14:32:11,ICBP,RG,8750,1,D,XC,AK,F
14:32:10,ICBP,RG,8750,10,D,CC,AK,F
14:32:01,ICBP,RG,8750,4,D,SQ,AK,F
14:32:01,ICBP,RG,8750,1,D,SQ,AK,F
14:32:00,ICBP,RG,8750,33,D,YU,CS,D
14:32:00,ICBP,RG,8750,27,D,YU,CS,D
14:32:00,ICBP,RG,8750,78,D,YU,BB,F
14:32:00,ICBP,RG,8750,4,D,YU,AK,F
14:32:00,ICBP,RG,8750,2,D,YU,AK,F
14:32:00,ICBP,RG,8750,3,D,YU,CS,D
14:32:00,ICBP,RG,8750,32,D,YU,YU,D
14:32:00,ICBP,RG,8750,1,D,YU,CS,D
14:31:58,ICBP,RG,8725,22,D,NI,YU,D
14:31:58,ICBP,RG,8725,2,D,NI,ZP,D
14:31:50,ICBP,RG,8750,1,D,KK,CS,D
14:31:50,ICBP,RG,8750,1,D,KK,CS,D
14:31:48,ICBP,RG,8725,1,D,NI,YU,D
14:31:48,ICBP,RG,8725,22,D,PD,YU,D
14:31:47,ICBP,RG,8750,1,D,YP,ZP,D
14:31:40,ICBP,RG,8725,6,D,PD,OD,D
14:31:38,ICBP,RG,8725,26,D,PD,YU,D
14:31:27,ICBP,RG,8725,29,D,PD,YU,D
14:31:11,ICBP,RG,8725,21,D,PD,YU,D
14:31:01,ICBP,RG,8725,20,D,PD,YU,D
14:30:58,ICBP,RG,8750,3,D,XC,ZP,D
14:30:55,ICBP,RG,8750,1,D,AZ,ZP,D
14:30:53,ICBP,RG,8750,2,D,DR,AK,F
14:30:53,ICBP,RG,8750,1,D,PD,AK,F
14:30:53,ICBP,RG,8750,1,D,YP,AK,F
14:30:53,ICBP,RG,8750,5,D,LG,AK,F
14:30:53,ICBP,RG,8750,9,D,LG,CS,D
14:30:52,ICBP,RG,8750,22,D,LG,YU,D
14:30:43,ICBP,RG,8750,14,D,LG,YU,D
14:30:43,ICBP,RG,8750,3,F,ZP,YU,D
14:30:43,ICBP,RG,8750,8,D,YU,YU,D
14:30:31,ICBP,RG,8750,9,D,YU,CC,F
14:30:31,ICBP,RG,8750,20,D,NI,CC,F
14:30:31,ICBP,RG,8750,50,D,YP,CC,F
14:30:31,ICBP,RG,8750,1,F,AK,CC,F
14:30:31,ICBP,RG,8750,1,D,SQ,CC,F
14:30:31,ICBP,RG,8750,106,D,CC,CC,F
14:30:30,ICBP,RG,8750,23,D,CC,YU,D
14:30:29,ICBP,RG,8750,2,D,CC,ZP,D
14:30:19,ICBP,RG,8750,19,D,CC,YU,D
14:30:19,ICBP,RG,8750,3,D,KK,YU,D
14:30:18,ICBP,RG,8775,6,D,XL,CS,D
14:30:09,ICBP,RG,8750,2,D,KK,YU,D
14:30:09,ICBP,RG,8750,5,D,PD,YU,D
14:30:09,ICBP,RG,8750,1,D,NI,YU,D
14:30:09,ICBP,RG,8750,1,D,NI,YU,D
14:30:09,ICBP,RG,8750,13,D,YU,YU,D
14:30:06,ICBP,RG,8750,66,D,YU,BB,F
14:30:00,ICBP,RG,8775,9,D,YU,CS,D
14:30:00,ICBP,RG,8775,5,D,YU,ZP,D
14:30:00,ICBP,RG,8775,23,D,YU,CS,D
14:30:00,ICBP,RG,8775,1,D,YU,AK,F
14:30:00,ICBP,RG,8775,13,D,YU,CS,D
14:30:00,ICBP,RG,8775,177,D,YU,BB,F
14:29:59,ICBP,RG,8750,24,D,YU,YU,D
14:29:46,ICBP,RG,8775,1,D,KK,BB,F
14:29:46,ICBP,RG,8775,4,D,KK,AK,F
14:29:41,ICBP,RG,8750,10,D,YU,YU,D
14:29:41,ICBP,RG,8750,3,D,CC,YU,D
14:29:41,ICBP,RG,8750,1,D,NI,YU,D
14:29:41,ICBP,RG,8750,1,F,AK,YU,D
14:29:41,ICBP,RG,8750,8,D,YP,YU,D
14:29:41,ICBP,RG,8750,1,D,PD,YU,D
14:29:41,ICBP,RG,8750,5,D,CC,YU,D
14:29:40,ICBP,RG,8750,7,D,CC,CS,D
14:29:40,ICBP,RG,8750,17,D,YU,CS,D
14:29:40,ICBP,RG,8750,71,D,YP,CS,D
14:29:02,ICBP,RG,8775,1,D,AZ,AK,F
14:28:41,ICBP,RG,8750,329,D,YP,YU,D
14:28:41,ICBP,RG,8750,5,D,XL,YU,D
14:28:41,ICBP,RG,8750,2,D,NI,YU,D
14:28:41,ICBP,RG,8750,1,D,YP,YU,D
14:28:41,ICBP,RG,8750,6,D,CC,YU,D
14:28:41,ICBP,RG,8750,2,F,ZP,YU,D
14:28:41,ICBP,RG,8750,10,D,LG,YU,D
14:28:41,ICBP,RG,8750,14,D,KI,YU,D
14:28:41,ICBP,RG,8750,7,D,NI,YU,D
14:28:41,ICBP,RG,8750,20,D,NI,YU,D
14:28:41,ICBP,RG,8750,113,D,YU,YU,D
14:28:33,ICBP,RG,8775,4,F,ZP,AK,F
14:28:22,ICBP,RG,8775,1,D,XL,AK,F
14:28:21,ICBP,RG,8750,6,D,YU,CC,D
14:27:34,ICBP,RG,8750,5,D,YU,YB,D
14:27:16,ICBP,RG,8775,1,D,YP,AK,F
14:27:04,ICBP,RG,8775,14,D,CC,AK,F
14:27:04,ICBP,RG,8775,24,D,CC,CS,D
14:27:04,ICBP,RG,8775,12,D,CC,CS,D
14:27:00,ICBP,RG,8775,12,D,YU,CS,D
14:27:00,ICBP,RG,8775,200,D,YU,CS,D
14:27:00,ICBP,RG,8775,2,D,YU,AK,F
14:26:42,ICBP,RG,8775,2,D,NI,CS,D
14:26:41,ICBP,RG,8775,9,D,BB,CS,D
14:26:41,ICBP,RG,8775,37,D,BB,YU,D
14:26:41,ICBP,RG,8775,2,D,BB,AK,F
14:26:41,ICBP,RG,8775,9,D,BB,CS,D
14:26:41,ICBP,RG,8775,1,D,BB,OD,D
14:26:41,ICBP,RG,8775,21,D,BB,BB,F
14:26:10,ICBP,RG,8750,2,D,YU,LG,D
14:25:56,ICBP,RG,8750,42,D,YU,CS,D
14:25:56,ICBP,RG,8750,2,D,DH,CS,D
14:25:01,ICBP,RG,8750,1,D,DH,YU,D
14:25:01,ICBP,RG,8750,6,F,ZP,YU,D
14:25:01,ICBP,RG,8750,1,F,AK,YU,D
14:25:01,ICBP,RG,8750,2,D,OD,YU,D
14:25:01,ICBP,RG,8750,7,D,ZP,YU,D
14:25:01,ICBP,RG,8750,4,D,BB,YU,D
14:25:01,ICBP,RG,8750,36,F,BK,YU,D
14:24:54,ICBP,RG,8750,15,F,BK,CS,D
14:24:44,ICBP,RG,8775,1,D,PD,BB,F
14:24:31,ICBP,RG,8750,3,F,BK,CS,D
14:24:31,ICBP,RG,8750,17,F,CC,CS,D
14:24:17,ICBP,RG,8750,90,F,CC,CS,D
14:24:17,ICBP,RG,8750,1,D,NI,CS,D
14:24:17,ICBP,RG,8750,9,D,YU,CS,D
14:24:00,ICBP,RG,8750,13,D,YU,CS,D
14:24:00,ICBP,RG,8750,6,D,YU,PD,D
14:24:00,ICBP,RG,8750,93,D,YU,PD,D
14:23:59,ICBP,RG,8750,30,D,NI,PD,D
14:23:59,ICBP,RG,8750,5,D,PD,PD,D
14:23:59,ICBP,RG,8750,3,D,BB,PD,D
14:23:59,ICBP,RG,8750,14,D,BB,PD,D
14:23:59,ICBP,RG,8750,3,D,CC,PD,D
14:23:59,ICBP,RG,8750,51,F,BK,PD,D
14:23:59,ICBP,RG,8750,74,D,YU,PD,D
14:23:52,ICBP,RG,8775,1,D,CC,BB,F
14:23:52,ICBP,RG,8775,1,D,CC,CS,D
14:23:46,ICBP,RG,8775,1,D,YP,CS,D
14:23:35,ICBP,RG,8775,1,D,PD,CS,D
14:23:04,ICBP,RG,8775,10,D,XC,CS,D
14:23:04,ICBP,RG,8775,9,D,XC,YU,D
14:23:00,ICBP,RG,8750,78,D,YU,CC,F
14:23:00,ICBP,RG,8750,16,D,YU,CC,F
14:23:00,ICBP,RG,8750,1,D,NI,CC,F
14:23:00,ICBP,RG,8750,11,D,YP,CC,F
14:23:00,ICBP,RG,8750,2,F,ZP,CC,F
14:23:00,ICBP,RG,8750,118,D,YU,CC,F
14:22:50,ICBP,RG,8750,5,D,KK,CS,D
14:22:50,ICBP,RG,8750,1,D,YP,CS,D
14:22:50,ICBP,RG,8750,1,D,PD,CS,D
14:22:50,ICBP,RG,8750,2,D,PD,CS,D
14:22:50,ICBP,RG,8750,10,D,YB,CS,D
14:22:50,ICBP,RG,8750,2,D,BB,CS,D
14:22:50,ICBP,RG,8750,5,F,AK,CS,D
14:22:50,ICBP,RG,8750,10,D,PD,CS,D
14:22:50,ICBP,RG,8750,64,D,YU,CS,D
14:22:28,ICBP,RG,8775,1,D,EP,YU,D
14:22:08,ICBP,RG,8775,8,D,PD,YU,D
14:22:08,ICBP,RG,8775,3,D,PD,CS,D
14:21:30,ICBP,RG,8750,6,D,YU,PD,D
14:21:30,ICBP,RG,8750,1,D,YU,PD,D
14:21:30,ICBP,RG,8750,2,D,YP,PD,D
14:21:30,ICBP,RG,8750,1,D,YP,PD,D
14:21:30,ICBP,RG,8750,19,D,YU,PD,D
14:21:30,ICBP,RG,8750,1,D,PD,PD,D
14:21:30,ICBP,RG,8750,57,D,SQ,PD,D
14:21:30,ICBP,RG,8750,10,D,XL,PD,D
14:21:30,ICBP,RG,8750,1,D,XC,PD,D
14:21:30,ICBP,RG,8750,20,D,LG,PD,D
14:21:30,ICBP,RG,8750,19,D,ZP,PD,D
14:21:30,ICBP,RG,8750,81,D,ZP,PD,D
14:21:30,ICBP,RG,8750,1,D,AI,PD,D
14:21:30,ICBP,RG,8750,1,D,XC,PD,D
14:21:30,ICBP,RG,8750,19,D,SQ,PD,D
14:21:30,ICBP,RG,8750,1,D,XC,PD,D
14:21:30,ICBP,RG,8750,4,F,ZP,PD,D
14:21:30,ICBP,RG,8750,35,D,YP,PD,D
14:21:15,ICBP,RG,8750,65,D,YP,BB,F
14:21:15,ICBP,RG,8750,10,D,GR,BB,F
14:21:15,ICBP,RG,8750,10,D,SQ,BB,F
14:21:15,ICBP,RG,8750,1,D,CP,BB,F
14:21:15,ICBP,RG,8750,6,D,BB,BB,F
14:21:15,ICBP,RG,8750,54,D,YU,BB,F
14:21:15,ICBP,RG,8750,1,F,AK,BB,F
14:21:15,ICBP,RG,8750,1,F,AK,BB,F
14:21:15,ICBP,RG,8750,84,F,BK,BB,F
14:20:19,ICBP,RG,8775,2,D,BB,CS,D
14:20:19,ICBP,RG,8775,3,D,BB,CS,D
14:20:19,ICBP,RG,8775,1,F,ZP,CS,D
14:20:19,ICBP,RG,8775,2,D,YP,CS,D
14:20:18,ICBP,RG,8775,1,D,SQ,CS,D
14:20:18,ICBP,RG,8775,10,D,SQ,YU,D
14:20:16,ICBP,RG,8775,2,D,YP,YU,D
14:20:04,ICBP,RG,8775,1,D,XC,YU,D
14:20:01,ICBP,RG,8775,2,F,ZP,YU,D
14:20:00,ICBP,RG,8775,24,D,YU,YU,D
14:20:00,ICBP,RG,8775,16,D,YU,CS,D
14:20:00,ICBP,RG,8775,95,D,YU,BB,F
14:20:00,ICBP,RG,8775,19,D,YU,CS,D
14:20:00,ICBP,RG,8775,2,D,YU,AK,F
14:20:00,ICBP,RG,8775,17,D,YU,CS,D
14:20:00,ICBP,RG,8775,6,D,YU,CS,D
14:20:00,ICBP,RG,8775,91,D,YU,YU,D
14:20:00,ICBP,RG,8775,13,D,YU,CS,D
14:20:00,ICBP,RG,8775,6,D,YU,CS,D
14:20:00,ICBP,RG,8775,3,D,YU,CS,D
14:20:00,ICBP,RG,8775,1,D,YU,CS,D
14:19:58,ICBP,RG,8775,5,D,ZP,CS,D
14:19:00,ICBP,RG,8775,1,D,BB,CS,D
14:19:00,ICBP,RG,8775,1,D,BB,CS,D
14:19:00,ICBP,RG,8775,3,D,BB,CS,D
14:18:53,ICBP,RG,8775,9,D,SQ,CS,D
14:18:51,ICBP,RG,8775,3,F,ZP,CS,D
14:18:51,ICBP,RG,8775,3,F,ZP,CS,D
14:18:51,ICBP,RG,8775,6,D,KK,CS,D
14:18:51,ICBP,RG,8775,5,D,KK,CS,D
14:18:51,ICBP,RG,8775,9,D,KK,CS,D
14:18:51,ICBP,RG,8775,3,D,KK,CS,D
14:18:51,ICBP,RG,8775,77,D,KK,BB,F
14:18:48,ICBP,RG,8775,1,D,NI,BB,F
14:18:43,ICBP,RG,8775,5,D,SQ,BB,F
14:18:39,ICBP,RG,8775,16,D,SQ,BB,F
14:18:36,ICBP,RG,8775,2,D,YP,BB,F
14:18:00,ICBP,RG,8775,12,D,YU,BB,F
14:18:00,ICBP,RG,8775,89,D,YU,BB,F
14:18:00,ICBP,RG,8775,10,D,YU,YP,D
14:18:00,ICBP,RG,8775,4,D,YU,CC,D
14:18:00,ICBP,RG,8775,200,D,YU,CS,D
14:18:00,ICBP,RG,8775,81,D,YU,CS,F
14:18:00,ICBP,RG,8775,35,D,YU,YU,D
14:18:00,ICBP,RG,8775,13,D,YU,XC,D
14:18:00,ICBP,RG,8775,16,D,YU,YU,D
14:17:33,ICBP,RG,8775,6,D,BB,YU,D
14:17:01,ICBP,RG,8750,8,F,BK,PD,D
14:17:01,ICBP,RG,8750,119,F,BK,PD,D
14:17:01,ICBP,RG,8750,57,D,HP,PD,D
14:17:01,ICBP,RG,8750,12,D,ZP,PD,D
14:17:01,ICBP,RG,8750,1,D,KK,PD,D
14:15:57,ICBP,RG,8775,6,D,BB,YU,D
14:15:46,ICBP,RG,8775,5,D,YU,CS,D
14:15:46,ICBP,RG,8750,1,D,YU,ZP,D
14:15:46,ICBP,RG,8750,5,D,YU,CS,D
14:15:46,ICBP,RG,8750,10,D,YU,AK,F
14:15:43,ICBP,RG,8750,1,D,YP,AK,F
14:15:43,ICBP,RG,8750,6,D,YP,ZP,D
14:15:43,ICBP,RG,8750,1,D,YP,AK,F
14:15:43,ICBP,RG,8750,2,D,YP,XC,D
14:15:41,ICBP,RG,8750,1,F,AK,CS,D
14:15:41,ICBP,RG,8750,8,F,AK,CS,D
14:15:40,ICBP,RG,8750,70,D,YU,CS,D
14:15:40,ICBP,RG,8750,8,D,YU,CS,D
14:15:40,ICBP,RG,8750,49,D,YU,AK,F
14:15:40,ICBP,RG,8750,23,D,YU,YU,D
14:15:40,ICBP,RG,8750,97,D,YU,CS,F
14:15:40,ICBP,RG,8750,61,D,YU,CS,D
14:15:40,ICBP,RG,8750,2,D,YU,CS,D
14:15:40,ICBP,RG,8750,8,D,YU,CS,D
14:15:40,ICBP,RG,8750,4,D,YU,XC,D
14:15:40,ICBP,RG,8750,1,D,YU,XC,D
14:15:40,ICBP,RG,8750,194,D,YU,BB,F
14:15:40,ICBP,RG,8750,2,D,YU,AK,F
14:15:40,ICBP,RG,8750,6,D,YU,ZP,D
14:15:40,ICBP,RG,8750,27,D,YU,CS,D
14:15:40,ICBP,RG,8750,52,D,YU,CS,D
14:15:40,ICBP,RG,8750,22,D,YU,CS,D
14:15:40,ICBP,RG,8750,1,D,YU,AK,F
14:15:40,ICBP,RG,8750,185,D,YU,BB,F
14:15:40,ICBP,RG,8750,4,D,YU,AK,F
14:15:40,ICBP,RG,8750,34,D,YU,CS,D
14:15:26,ICBP,RG,8750,1,F,ZP,CS,D
14:15:26,ICBP,RG,8750,3,D,XL,CS,D
14:15:18,ICBP,RG,8750,1,D,XL,CS,D
14:15:14,ICBP,RG,8725,1,D,PD,ZP,D
14:15:13,ICBP,RG,8750,27,F,ZP,CS,D
14:15:13,ICBP,RG,8750,9,D,ZP,CS,D
14:15:02,ICBP,RG,8750,1,D,SQ,AK,F
14:15:02,ICBP,RG,8750,10,D,SQ,AK,F
14:14:51,ICBP,RG,8725,1,D,PD,AK,F
14:14:25,ICBP,RG,8750,5,D,BB,AK,F
14:14:24,ICBP,RG,8750,1,D,PD,AK,F
14:14:16,ICBP,RG,8750,1,D,PD,AK,F
14:14:08,ICBP,RG,8750,5,D,CC,AK,F
14:13:57,ICBP,RG,8750,5,D,SQ,AK,F
14:13:45,ICBP,RG,8725,4,D,PD,ZP,D
14:13:44,ICBP,RG,8725,1,D,PD,ZP,D
14:13:11,ICBP,RG,8750,5,D,SQ,AK,F
14:13:06,ICBP,RG,8750,2,D,SQ,AK,F
14:13:06,ICBP,RG,8750,13,D,SQ,CS,D
14:13:02,ICBP,RG,8750,1,D,XC,CS,D
14:13:00,ICBP,RG,8725,73,D,PD,YU,D
14:12:58,ICBP,RG,8750,5,D,KK,CS,D
14:12:54,ICBP,RG,8750,5,D,BB,CS,D
14:12:50,ICBP,RG,8750,1,D,XC,CS,D
14:12:42,ICBP,RG,8750,8,D,YU,CS,D
14:12:42,ICBP,RG,8750,158,D,YU,PD,D
14:12:21,ICBP,RG,8725,5,D,PD,ZP,D
14:12:19,ICBP,RG,8725,87,D,PD,PD,D
14:12:19,ICBP,RG,8725,4,D,PD,PD,D
14:12:19,ICBP,RG,8725,1,D,YP,PD,D
14:12:19,ICBP,RG,8725,12,D,YU,PD,D
14:12:19,ICBP,RG,8725,1,D,XC,PD,D
14:12:19,ICBP,RG,8725,3,D,NI,PD,D
14:12:19,ICBP,RG,8725,25,D,YP,PD,D
14:12:19,ICBP,RG,8725,2,D,NI,PD,D
14:12:19,ICBP,RG,8725,1,D,AZ,PD,D
14:12:19,ICBP,RG,8725,12,D,LG,PD,D
14:12:19,ICBP,RG,8725,1,D,LG,PD,D
14:12:19,ICBP,RG,8725,1,D,DH,PD,D
14:12:19,ICBP,RG,8725,1,D,XC,PD,D
14:12:19,ICBP,RG,8725,1,D,PD,PD,D
14:12:19,ICBP,RG,8725,10,D,CC,PD,D
14:12:19,ICBP,RG,8725,14,D,YP,PD,D
14:12:19,ICBP,RG,8725,1,D,YU,PD,D
14:12:19,ICBP,RG,8725,3,D,DH,PD,D
14:12:19,ICBP,RG,8725,1,D,CC,PD,D
14:11:56,ICBP,RG,8725,3,D,XC,PD,D
14:11:56,ICBP,RG,8725,5,D,PD,PD,D
14:11:56,ICBP,RG,8725,5,D,OD,PD,D
14:11:56,ICBP,RG,8725,5,D,EP,PD,D
14:11:56,ICBP,RG,8725,1,D,PD,PD,D
14:11:56,ICBP,RG,8725,12,D,AI,PD,D
14:11:56,ICBP,RG,8725,1,D,KK,PD,D
14:11:56,ICBP,RG,8725,1,D,YP,PD,D
14:11:56,ICBP,RG,8725,1,D,XC,PD,D
14:11:56,ICBP,RG,8725,2,D,YP,PD,D
14:11:56,ICBP,RG,8725,183,D,YP,PD,D
14:11:32,ICBP,RG,8725,1,D,YP,XC,D
14:11:20,ICBP,RG,8750,6,D,BB,PD,D
14:11:11,ICBP,RG,8725,16,D,YP,BB,F
14:11:11,ICBP,RG,8725,2,D,XC,BB,F
14:11:11,ICBP,RG,8725,1,D,PD,BB,F
14:11:11,ICBP,RG,8725,10,D,YP,BB,F
14:11:11,ICBP,RG,8725,12,D,YP,BB,F
14:11:11,ICBP,RG,8725,1,D,PD,BB,F
14:11:11,ICBP,RG,8725,8,D,PD,BB,F
14:11:11,ICBP,RG,8725,5,D,GR,BB,F
14:11:11,ICBP,RG,8725,10,D,GR,BB,F
14:11:11,ICBP,RG,8725,1,D,YP,BB,F
14:11:11,ICBP,RG,8725,5,D,CC,BB,F
14:11:11,ICBP,RG,8725,36,D,YU,BB,F
14:11:10,ICBP,RG,8750,2,D,XC,PD,D
14:10:46,ICBP,RG,8750,5,D,PD,PD,D
14:10:46,ICBP,RG,8750,20,D,NI,PD,D
14:10:08,ICBP,RG,8725,1,D,YU,OD,D
14:10:06,ICBP,RG,8725,1,D,YU,AK,F
14:09:57,ICBP,RG,8750,1,D,YU,PD,D
14:09:57,ICBP,RG,8750,85,D,YU,PD,D
14:09:40,ICBP,RG,8750,6,D,BB,PD,D
14:09:00,ICBP,RG,8725,84,D,YU,YU,D
14:08:51,ICBP,RG,8750,1,D,XC,PD,D
14:08:05,ICBP,RG,8750,13,D,LG,PD,D
14:08:00,ICBP,RG,8750,6,D,BB,PD,D
14:07:39,ICBP,RG,8750,1,D,CC,PD,D
14:07:26,ICBP,RG,8750,1,D,XC,PD,D
14:07:23,ICBP,RG,8725,351,D,YU,PD,D
14:07:23,ICBP,RG,8725,135,D,YU,PD,D
14:07:23,ICBP,RG,8725,1,D,DR,PD,D
14:07:23,ICBP,RG,8725,1,D,LG,PD,D
14:07:23,ICBP,RG,8725,3,D,PD,PD,D
14:07:23,ICBP,RG,8725,1,D,KK,PD,D
14:07:23,ICBP,RG,8725,7,D,XC,PD,D
14:07:23,ICBP,RG,8725,3,D,YP,PD,D
14:07:23,ICBP,RG,8725,2,D,PD,PD,D
14:07:23,ICBP,RG,8725,3,D,CC,PD,D
14:07:23,ICBP,RG,8725,5,D,KK,PD,D
14:07:23,ICBP,RG,8725,1,D,PD,PD,D
14:07:23,ICBP,RG,8725,2,D,KK,PD,D
14:07:23,ICBP,RG,8725,7,D,PD,PD,D
14:07:23,ICBP,RG,8725,3,D,SQ,PD,D
14:07:23,ICBP,RG,8725,3,D,DH,PD,D
14:07:23,ICBP,RG,8725,1,D,NI,PD,D
14:07:23,ICBP,RG,8725,5,D,EP,PD,D
14:07:23,ICBP,RG,8725,12,D,XL,PD,D
14:07:23,ICBP,RG,8725,1,D,PD,PD,D
14:07:23,ICBP,RG,8725,1,D,YP,PD,D
14:07:23,ICBP,RG,8725,1,D,KK,PD,D
14:07:23,ICBP,RG,8725,180,D,YU,PD,D
14:07:14,ICBP,RG,8750,25,D,GR,PD,D
14:07:04,ICBP,RG,8750,1,D,XC,PD,D
14:07:00,ICBP,RG,8725,65,D,YU,YU,D
14:06:53,ICBP,RG,8750,1,D,YP,PD,D
14:06:33,ICBP,RG,8750,20,D,NI,PD,D
14:06:18,ICBP,RG,8750,5,D,BB,PD,D
14:06:15,ICBP,RG,8725,1,D,YU,AK,F
14:06:11,ICBP,RG,8750,15,D,NI,PD,D
14:06:08,ICBP,RG,8750,4,D,ZP,PD,D
14:05:54,ICBP,RG,8725,1,D,YU,YB,D
14:05:43,ICBP,RG,8750,2,D,AI,PD,D
14:05:43,ICBP,RG,8725,2,D,YU,YB,D
14:05:17,ICBP,RG,8725,25,D,YU,CC,D
14:05:06,ICBP,RG,8725,3,D,YU,CC,D
14:04:49,ICBP,RG,8725,2,D,YU,ZP,D
14:04:44,ICBP,RG,8750,6,D,BB,PD,D
14:04:16,ICBP,RG,8750,15,D,DH,PD,D
14:03:17,ICBP,RG,8725,3,D,YU,ZP,D
14:03:05,ICBP,RG,8750,2,D,PD,OD,D
14:03:03,ICBP,RG,8750,6,D,BB,OD,D
14:03:00,ICBP,RG,8725,57,D,YU,YU,D
14:02:23,ICBP,RG,8750,1,D,XC,OD,D
14:02:23,ICBP,RG,8750,1,D,XC,CS,D
14:02:22,ICBP,RG,8750,1,D,PD,CS,D
14:01:53,ICBP,RG,8750,2,D,CC,ZP,D
14:01:40,ICBP,RG,8750,7,D,ZP,BB,F
14:01:27,ICBP,RG,8750,5,D,CD,BB,F
14:01:26,ICBP,RG,8750,6,D,BB,BB,F
14:01:26,ICBP,RG,8750,1,D,XL,BB,F
14:01:21,ICBP,RG,8750,5,D,PD,BB,F
14:01:17,ICBP,RG,8725,2,D,YU,PD,D
14:01:11,ICBP,RG,8725,135,D,YU,BB,F
14:01:05,ICBP,RG,8750,1,D,KK,CS,D
14:00:48,ICBP,RG,8750,2,D,LS,CS,D
14:00:17,ICBP,RG,8750,1,D,GR,CS,D
14:00:00,ICBP,RG,8725,49,D,YU,YU,D
13:59:51,ICBP,RG,8750,2,D,NI,CS,D
13:59:51,ICBP,RG,8750,8,D,NI,CS,D
13:59:51,ICBP,RG,8725,1,D,YU,AK,F
13:59:44,ICBP,RG,8750,1,D,BB,CS,D
13:59:44,ICBP,RG,8750,3,D,BB,AK,F
13:59:44,ICBP,RG,8750,1,D,BB,AK,F
13:59:18,ICBP,RG,8725,5,D,YU,NI,D
13:58:53,ICBP,RG,8725,138,D,YU,BB,F
13:58:40,ICBP,RG,8725,1,D,YU,PD,D
13:58:07,ICBP,RG,8750,1,D,YP,AK,F
13:58:07,ICBP,RG,8750,21,D,YP,AK,F
13:58:07,ICBP,RG,8750,3,D,YP,ZP,D
13:58:00,ICBP,RG,8750,1,D,XC,ZP,D
13:58:00,ICBP,RG,8725,57,D,YU,YU,D
13:57:50,ICBP,RG,8725,1,D,YU,XC,D
13:56:34,ICBP,RG,8725,66,D,YU,BB,F
13:56:33,ICBP,RG,8725,32,D,YU,BB,F
13:56:32,ICBP,RG,8750,5,D,BB,BB,F
13:56:32,ICBP,RG,8750,1,D,XC,BB,F
13:56:32,ICBP,RG,8750,1,F,AK,BB,F
13:56:32,ICBP,RG,8750,2,D,YP,BB,F
13:56:32,ICBP,RG,8750,10,D,PD,BB,F
13:56:32,ICBP,RG,8750,7,D,YP,BB,F
13:56:32,ICBP,RG,8750,6,D,PD,BB,F
13:56:32,ICBP,RG,8750,1,D,YP,BB,F
13:56:32,ICBP,RG,8750,1,D,YP,BB,F
13:56:32,ICBP,RG,8750,1,D,NI,BB,F
13:56:32,ICBP,RG,8750,2,F,ZP,BB,F
13:56:29,ICBP,RG,8750,2,D,PD,CS,D
13:56:29,ICBP,RG,8750,3,D,PD,CS,D
13:56:29,ICBP,RG,8750,1,D,YP,CS,D
13:56:29,ICBP,RG,8750,2,D,BB,CS,D
13:56:29,ICBP,RG,8750,1,D,XC,CS,D
13:56:23,ICBP,RG,8775,2,D,SQ,CS,D
13:56:11,ICBP,RG,8750,7,D,XC,CS,D
13:56:11,ICBP,RG,8750,1,F,AK,CS,D
13:55:54,ICBP,RG,8750,5,F,ZP,CS,D
13:55:54,ICBP,RG,8750,1,D,XA,CS,D
13:55:41,ICBP,RG,8750,10,D,XA,CS,D
13:55:21,ICBP,RG,8750,6,D,XA,CS,D
13:55:08,ICBP,RG,8750,9,D,XA,CS,D
13:55:00,ICBP,RG,8750,4,D,XA,YU,D
13:55:00,ICBP,RG,8750,3,D,BB,YU,D
13:55:00,ICBP,RG,8750,10,D,PD,YU,D
13:55:00,ICBP,RG,8750,1,D,CC,YU,D
13:55:00,ICBP,RG,8750,33,D,YP,YU,D
13:54:49,ICBP,RG,8750,17,D,YP,CS,D
13:54:41,ICBP,RG,8775,1,D,BB,CS,D
13:54:15,ICBP,RG,8750,13,D,YP,CS,D
13:54:14,ICBP,RG,8750,87,D,YP,BB,F
13:54:14,ICBP,RG,8750,3,D,YP,BB,F
13:54:14,ICBP,RG,8750,11,D,KK,BB,F
13:54:14,ICBP,RG,8750,2,D,YP,BB,F
13:54:14,ICBP,RG,8750,2,D,BB,BB,F
13:54:14,ICBP,RG,8750,5,D,CP,BB,F
13:54:14,ICBP,RG,8750,2,D,PD,BB,F
13:54:14,ICBP,RG,8750,1,D,XC,BB,F
13:54:14,ICBP,RG,8750,13,D,CC,BB,F
13:54:13,ICBP,RG,8750,1,D,CC,ZP,D
13:53:48,ICBP,RG,8750,11,D,CC,CS,D
13:53:26,ICBP,RG,8750,13,D,CC,CS,D
13:53:22,ICBP,RG,8750,3,D,CC,CC,D
13:53:01,ICBP,RG,8750,15,D,CC,CS,D
13:53:00,ICBP,RG,8750,54,D,CC,YU,D
13:52:25,ICBP,RG,8750,4,D,CC,CS,D
13:52:25,ICBP,RG,8750,2,D,CC,AK,F
13:52:25,ICBP,RG,8750,2,D,CC,AK,F
13:52:25,ICBP,RG,8750,2,D,CC,ZP,D
13:52:24,ICBP,RG,8750,1,D,XC,ZP,D
13:52:20,ICBP,RG,8750,2,D,ZP,CS,D
13:52:15,ICBP,RG,8750,2,D,XC,CS,D
13:52:06,ICBP,RG,8725,34,D,YU,BB,F
13:52:05,ICBP,RG,8750,10,D,BB,BB,F
13:52:04,ICBP,RG,8750,8,D,BB,BB,F
13:52:04,ICBP,RG,8750,2,D,PD,BB,F
13:52:04,ICBP,RG,8750,81,F,BK,BB,F
13:52:03,ICBP,RG,8750,16,F,BK,CS,D
13:52:03,ICBP,RG,8750,2,D,XC,CS,D
13:52:03,ICBP,RG,8750,1,F,AK,CS,D
13:51:51,ICBP,RG,8750,1,F,AK,SQ,D
13:51:25,ICBP,RG,8750,2,F,AK,CS,D
13:51:21,ICBP,RG,8750,7,D,LG,AK,F
13:51:21,ICBP,RG,8750,3,D,LG,CS,D
13:51:20,ICBP,RG,8750,90,D,LG,CS,D
13:51:20,ICBP,RG,8750,3,D,YP,CS,D
13:51:20,ICBP,RG,8750,1,D,XC,CS,D
13:51:20,ICBP,RG,8750,1,D,LG,CS,D
13:51:20,ICBP,RG,8750,1,D,YP,CS,D
13:51:20,ICBP,RG,8750,4,F,ZP,CS,D
13:51:20,ICBP,RG,8750,10,D,PD,CS,D
13:51:20,ICBP,RG,8750,2,D,XC,CS,D
13:51:20,ICBP,RG,8750,1,D,XC,CS,D
13:51:20,ICBP,RG,8750,2,D,DR,CS,D
13:51:20,ICBP,RG,8750,10,D,YP,CS,D
13:51:20,ICBP,RG,8750,1,D,XC,CS,D
13:51:20,ICBP,RG,8750,15,D,SQ,CS,D
13:51:20,ICBP,RG,8750,3,D,PD,CS,D
13:51:20,ICBP,RG,8750,20,D,CC,CS,D
13:51:20,ICBP,RG,8750,2,D,BB,CS,D
13:51:20,ICBP,RG,8750,1,F,AK,CS,D
13:51:20,ICBP,RG,8750,2,D,PD,CS,D
13:51:20,ICBP,RG,8750,5,D,TP,CS,D
13:51:20,ICBP,RG,8750,1,D,PD,CS,D
13:51:20,ICBP,RG,8750,12,D,LG,CS,D
13:51:20,ICBP,RG,8750,1,F,AK,CS,D
13:51:20,ICBP,RG,8750,9,F,ZP,CS,D
13:51:20,ICBP,RG,8750,103,D,YP,CS,D
13:51:01,ICBP,RG,8750,56,D,YP,CS,D
13:51:00,ICBP,RG,8750,50,D,YP,YU,D
13:51:00,ICBP,RG,8775,2,D,YP,CS,D
13:50:39,ICBP,RG,8775,1,D,TP,CS,D
13:50:33,ICBP,RG,8775,2,D,LG,CS,D
13:49:49,ICBP,RG,8775,2,D,BB,CS,D
13:49:46,ICBP,RG,8750,175,D,YP,PD,D
13:49:46,ICBP,RG,8750,189,D,YP,PD,D
13:49:46,ICBP,RG,8750,136,D,YP,BB,F
13:49:28,ICBP,RG,8775,2,D,PD,CS,D
13:49:27,ICBP,RG,8750,127,D,YP,CS,D
13:49:27,ICBP,RG,8750,2,D,YP,CS,D
13:48:44,ICBP,RG,8775,3,D,GR,CS,D
13:48:33,ICBP,RG,8775,2,D,PD,CS,D
13:48:07,ICBP,RG,8775,1,D,ZP,CS,D
13:48:00,ICBP,RG,8775,2,D,XL,CS,D
13:47:27,ICBP,RG,8750,60,D,YP,BB,F
13:47:03,ICBP,RG,8775,75,D,PD,CS,D
13:47:03,ICBP,RG,8775,18,D,PD,YU,D
13:47:03,ICBP,RG,8775,18,D,PD,CS,D
13:47:03,ICBP,RG,8775,8,D,PD,BB,F
13:47:00,ICBP,RG,8750,102,D,YP,YU,D
13:47:00,ICBP,RG,8750,3,D,BB,YU,D
13:46:53,ICBP,RG,8775,1,D,XC,BB,F
13:46:37,ICBP,RG,8775,5,D,YP,BB,F
13:46:26,ICBP,RG,8775,3,D,BB,BB,F
13:45:49,ICBP,RG,8750,13,D,CC,CS,D
13:45:48,ICBP,RG,8750,2,D,CC,AZ,D
13:45:41,ICBP,RG,8750,3,D,BB,AZ,D
13:45:21,ICBP,RG,8750,1,D,XC,CS,D
13:45:14,ICBP,RG,8725,63,D,YU,BB,F
13:44:57,ICBP,RG,8750,1,D,DH,AK,F
13:44:55,ICBP,RG,8750,1,D,BB,AK,F
13:44:50,ICBP,RG,8750,5,D,CC,KK,D
13:44:50,ICBP,RG,8750,3,D,CC,CS,D
13:44:50,ICBP,RG,8750,18,D,CC,BB,F
13:44:50,ICBP,RG,8750,16,D,CC,CS,D
13:44:50,ICBP,RG,8750,1,D,CC,CS,D
13:44:50,ICBP,RG,8750,17,D,CC,YU,D
13:43:52,ICBP,RG,8725,77,D,YU,BB,F
13:43:52,ICBP,RG,8725,10,D,XL,BB,F
13:43:52,ICBP,RG,8725,3,D,PD,BB,F
13:43:52,ICBP,RG,8725,29,D,GR,BB,F
13:43:51,ICBP,RG,8750,4,D,BB,BB,F
13:43:51,ICBP,RG,8750,1,D,YP,BB,F
13:43:51,ICBP,RG,8750,1,F,AK,BB,F
13:43:51,ICBP,RG,8750,35,F,BK,BB,F
13:43:40,ICBP,RG,8750,2,D,BB,CS,D
13:43:36,ICBP,RG,8750,11,D,ZP,CS,D
13:43:30,ICBP,RG,8750,1,D,SQ,CS,D
13:43:30,ICBP,RG,8750,1,D,SQ,LG,D
13:43:22,ICBP,RG,8750,3,D,YP,CS,D
13:43:22,ICBP,RG,8750,2,F,ZP,CS,D
13:43:21,ICBP,RG,8750,1,D,PD,CS,D
13:43:14,ICBP,RG,8750,3,D,LG,PD,D
13:43:14,ICBP,RG,8750,2,D,LG,AK,F
13:43:14,ICBP,RG,8750,4,D,LG,CS,D
13:43:14,ICBP,RG,8750,1,D,LG,BB,F
13:42:59,ICBP,RG,8750,1,D,PD,BB,F
13:42:55,ICBP,RG,8750,16,D,DH,BB,F
13:42:55,ICBP,RG,8750,4,D,DH,CS,D
13:42:53,ICBP,RG,8750,15,D,GR,CS,D
13:42:43,ICBP,RG,8750,3,D,YP,CS,D
13:42:43,ICBP,RG,8750,1,D,PD,CS,D
13:42:33,ICBP,RG,8750,25,D,GR,CS,D
13:42:22,ICBP,RG,8750,1,F,ZP,CS,D
13:42:22,ICBP,RG,8750,5,D,KK,CS,D
13:42:22,ICBP,RG,8750,3,D,PD,CS,D
13:42:22,ICBP,RG,8750,25,D,YP,CS,D
13:42:22,ICBP,RG,8750,5,D,BB,CS,D
13:42:22,ICBP,RG,8750,13,D,CC,CS,D
13:42:13,ICBP,RG,8750,10,D,CC,HP,D
13:42:13,ICBP,RG,8775,1,D,XL,BB,F
13:41:53,ICBP,RG,8775,4,D,BB,BB,F
13:41:48,ICBP,RG,8750,37,D,CC,BB,F
13:41:47,ICBP,RG,8750,2,D,NI,BB,F
13:41:46,ICBP,RG,8750,20,D,YP,CS,D
13:41:45,ICBP,RG,8750,11,D,YP,CS,D
13:41:44,ICBP,RG,8750,43,D,YP,CS,D
13:41:37,ICBP,RG,8750,1,F,AK,CS,D
13:41:37,ICBP,RG,8750,3,D,OD,CS,D
13:41:37,ICBP,RG,8750,1,D,XC,CS,D
13:41:37,ICBP,RG,8750,9,D,OD,CS,D
13:41:37,ICBP,RG,8750,1,F,AK,CS,D
13:41:37,ICBP,RG,8750,2,F,ZP,CS,D
13:41:37,ICBP,RG,8750,2,D,BB,CS,D
13:41:37,ICBP,RG,8750,7,D,YP,CS,D
13:41:14,ICBP,RG,8750,1,D,YP,ZP,D
13:41:13,ICBP,RG,8750,1,D,YP,AK,F
13:41:13,ICBP,RG,8750,33,D,YP,YU,D
13:41:13,ICBP,RG,8750,1,D,YP,AK,F
13:41:13,ICBP,RG,8750,1,D,YP,CC,D
13:41:13,ICBP,RG,8750,2,D,YP,AK,F
13:41:13,ICBP,RG,8750,1,D,YP,ZP,D
13:41:13,ICBP,RG,8750,3,D,YP,PD,D
13:41:13,ICBP,RG,8750,25,D,YP,AK,F
13:41:13,ICBP,RG,8750,2,D,YP,AK,F
13:41:13,ICBP,RG,8750,78,D,YP,BB,F
13:41:13,ICBP,RG,8750,219,D,YP,PD,D
13:41:13,ICBP,RG,8750,101,D,YP,PD,D
13:40:51,ICBP,RG,8750,1,D,KK,PD,D
13:40:51,ICBP,RG,8750,10,D,YU,PD,D
13:40:26,ICBP,RG,8750,1,F,ZP,PD,D
13:39:41,ICBP,RG,8750,2,D,NI,PD,D
13:39:28,ICBP,RG,8750,8,D,CC,PD,D
13:39:18,ICBP,RG,8750,2,D,PD,PD,D
13:38:44,ICBP,RG,8750,1,D,ZP,PD,D
13:38:35,ICBP,RG,8750,10,D,PD,PD,D
13:38:26,ICBP,RG,8750,3,D,PD,PD,D
13:38:18,ICBP,RG,8750,1,D,XC,PD,D
13:38:17,ICBP,RG,8750,5,D,SQ,PD,D
13:38:10,ICBP,RG,8750,4,D,CC,PD,D
13:38:10,ICBP,RG,8750,1,D,SQ,PD,D
13:38:10,ICBP,RG,8750,1,D,PD,PD,D
13:38:10,ICBP,RG,8750,1,D,PD,PD,D
13:38:10,ICBP,RG,8750,1,F,AK,PD,D
13:38:10,ICBP,RG,8750,10,D,LG,PD,D
13:38:10,ICBP,RG,8750,1,D,BB,PD,D
13:38:10,ICBP,RG,8750,1,D,YP,PD,D
13:38:10,ICBP,RG,8750,4,D,PD,PD,D
13:38:10,ICBP,RG,8750,3,D,PD,PD,D
13:38:10,ICBP,RG,8750,9,D,SQ,PD,D
13:38:10,ICBP,RG,8750,1,F,ZP,PD,D
13:38:10,ICBP,RG,8750,8,D,GR,PD,D
13:38:10,ICBP,RG,8750,1,D,NI,PD,D
13:38:10,ICBP,RG,8750,1,D,DR,PD,D
13:38:10,ICBP,RG,8750,1,F,AK,PD,D
13:38:10,ICBP,RG,8750,43,F,BK,PD,D
13:38:03,ICBP,RG,8775,3,D,SQ,BB,F
13:37:51,ICBP,RG,8775,3,D,SQ,BB,F
13:37:42,ICBP,RG,8775,10,D,AZ,BB,F
13:37:42,ICBP,RG,8775,101,D,YP,BB,F
13:37:42,ICBP,RG,8775,100,D,YP,CS,D
13:37:42,ICBP,RG,8775,26,D,YP,YU,D
13:37:42,ICBP,RG,8775,2,D,YP,AK,F
13:37:42,ICBP,RG,8775,1,D,YP,AK,F
13:37:42,ICBP,RG,8775,3,D,YP,CC,D
13:37:42,ICBP,RG,8775,81,D,YP,CS,F
13:37:42,ICBP,RG,8775,8,D,YP,BB,F
13:37:42,ICBP,RG,8775,16,D,YP,YU,D
13:37:42,ICBP,RG,8775,26,D,YP,YU,D
13:37:42,ICBP,RG,8775,47,D,YP,PD,D
13:37:42,ICBP,RG,8775,50,D,YP,PD,D
13:37:42,ICBP,RG,8775,10,D,YP,CS,D
13:37:42,ICBP,RG,8775,2,D,YP,DH,D
13:37:42,ICBP,RG,8775,8,D,YP,PD,D
13:37:35,ICBP,RG,8775,3,D,PD,PD,D
13:36:29,ICBP,RG,8775,1,D,PD,PD,D
13:36:09,ICBP,RG,8750,3,F,BK,PD,D
13:36:05,ICBP,RG,8750,31,F,BK,BB,F
13:36:05,ICBP,RG,8750,1,D,NI,BB,F
13:36:05,ICBP,RG,8750,15,D,XC,BB,F
13:35:55,ICBP,RG,8750,1,D,XC,CS,D
13:35:55,ICBP,RG,8750,1,D,XC,CS,D
13:35:55,ICBP,RG,8750,1,F,ZP,CS,D
13:35:55,ICBP,RG,8750,1,D,XC,CS,D
13:35:55,ICBP,RG,8750,7,D,BB,CS,D
13:35:55,ICBP,RG,8750,5,D,XC,CS,D
13:35:55,ICBP,RG,8750,78,F,BK,CS,D
13:35:32,ICBP,RG,8775,4,D,YP,PD,D
13:35:17,ICBP,RG,8750,31,F,BK,BB,F
13:35:17,ICBP,RG,8750,2,F,ZP,BB,F
13:35:17,ICBP,RG,8750,3,D,XC,BB,F
13:35:13,ICBP,RG,8750,3,D,XC,AK,F
13:35:13,ICBP,RG,8750,2,D,XC,AK,F
13:35:13,ICBP,RG,8750,6,D,XC,ZP,D
13:35:13,ICBP,RG,8750,8,D,XC,BB,F
13:35:13,ICBP,RG,8750,6,D,XC,PD,D
13:35:05,ICBP,RG,8750,3,D,CC,PD,D
13:34:35,ICBP,RG,8750,2,D,KK,PD,D
13:34:34,ICBP,RG,8750,2,D,ZP,PD,D
13:34:33,ICBP,RG,8750,1,D,CC,PD,D
13:34:32,ICBP,RG,8725,55,D,GR,BB,F
13:34:30,ICBP,RG,8750,1,D,DH,PD,D
13:34:20,ICBP,RG,8750,2,D,YU,PD,D
13:34:20,ICBP,RG,8750,15,D,YP,PD,D
13:34:20,ICBP,RG,8750,2,D,YP,PD,D
13:34:20,ICBP,RG,8750,3,D,YU,PD,D
13:34:20,ICBP,RG,8750,2,F,AK,PD,D
13:34:20,ICBP,RG,8750,7,D,BB,PD,D
13:34:20,ICBP,RG,8750,8,F,ZP,PD,D
13:34:20,ICBP,RG,8750,1,D,XC,PD,D
13:34:20,ICBP,RG,8750,1,D,XC,PD,D
13:34:20,ICBP,RG,8750,10,D,NI,PD,D
13:34:20,ICBP,RG,8750,30,D,HP,PD,D
13:34:19,ICBP,RG,8750,70,D,HP,PD,D
13:34:19,ICBP,RG,8750,1,D,CC,PD,D
13:34:19,ICBP,RG,8750,2,D,YP,PD,D
13:34:19,ICBP,RG,8750,1,F,AK,PD,D
13:34:19,ICBP,RG,8750,29,D,YP,PD,D
13:34:00,ICBP,RG,8750,65,D,YP,YU,D
13:33:52,ICBP,RG,8775,1,D,CC,PD,D
13:33:35,ICBP,RG,8750,31,D,YP,BB,F
13:33:35,ICBP,RG,8750,1,D,BB,BB,F
13:33:35,ICBP,RG,8750,3,D,PD,BB,F
13:33:35,ICBP,RG,8750,2,F,ZP,BB,F
13:33:35,ICBP,RG,8750,2,D,YP,BB,F
13:33:35,ICBP,RG,8750,10,D,YP,BB,F
13:33:35,ICBP,RG,8750,2,D,YP,BB,F
13:33:33,ICBP,RG,8750,1,D,YP,OD,D
13:33:10,ICBP,RG,8775,1,D,PD,PD,D
13:32:43,ICBP,RG,8750,1,D,YP,BB,F
13:32:43,ICBP,RG,8750,3,D,YP,BB,F
13:32:43,ICBP,RG,8750,2,D,YP,BB,F
13:32:43,ICBP,RG,8750,2,F,AK,BB,F
13:32:43,ICBP,RG,8750,11,D,ZP,BB,F
13:32:43,ICBP,RG,8750,1,D,YP,BB,F
13:32:43,ICBP,RG,8750,10,D,YP,BB,F
13:32:43,ICBP,RG,8750,3,D,YP,BB,F
13:32:37,ICBP,RG,8750,2,D,YP,XC,D
13:32:37,ICBP,RG,8750,2,D,YP,XC,D
13:32:01,ICBP,RG,8775,5,D,NI,PD,D
13:32:00,ICBP,RG,8750,8,D,YP,YU,D
13:32:00,ICBP,RG,8750,1,D,YP,YU,D
13:32:00,ICBP,RG,8750,25,D,YP,YU,D
13:32:00,ICBP,RG,8750,5,D,YP,YU,D
13:32:00,ICBP,RG,8750,11,D,YP,YU,D
13:31:18,ICBP,RG,8775,2,D,IF,PD,D
13:30:16,ICBP,RG,8750,1,D,YP,YP,D
13:30:15,ICBP,RG,8750,14,D,YP,ZP,F
13:30:15,ICBP,RG,8750,4,D,YP,ZP,F
13:30:15,ICBP,RG,8750,6,D,CC,ZP,F
13:30:15,ICBP,RG,8750,1,D,XC,ZP,F
13:30:15,ICBP,RG,8750,6,D,XC,ZP,F
13:30:15,ICBP,RG,8750,2,D,CC,ZP,F
13:30:15,ICBP,RG,8750,9,D,CC,ZP,F
13:30:15,ICBP,RG,8750,2,D,CC,ZP,F
13:30:15,ICBP,RG,8750,1,D,PD,ZP,F
13:30:15,ICBP,RG,8750,2,D,CC,ZP,F
13:30:15,ICBP,RG,8750,10,D,PD,ZP,F
13:30:15,ICBP,RG,8750,1,D,PD,ZP,F
13:30:15,ICBP,RG,8750,1,D,PD,ZP,F
13:30:15,ICBP,RG,8750,4,D,PD,ZP,F
13:30:15,ICBP,RG,8750,2,D,XC,ZP,F
13:30:15,ICBP,RG,8750,3,D,PD,ZP,F
13:30:15,ICBP,RG,8750,1,D,XC,ZP,F
13:30:15,ICBP,RG,8750,24,D,XC,ZP,F
13:30:15,ICBP,RG,8750,1,D,XC,ZP,F
13:30:15,ICBP,RG,8750,10,D,PD,ZP,F
13:30:15,ICBP,RG,8750,10,D,CC,ZP,F
13:30:15,ICBP,RG,8750,15,D,PD,ZP,F
13:30:14,ICBP,RG,8750,7,D,PD,YP,D
13:30:09,ICBP,RG,8750,1,D,PD,XC,D
13:30:08,ICBP,RG,8750,13,D,PD,ZP,D
13:30:07,ICBP,RG,8750,4,D,PD,OD,D
13:30:07,ICBP,RG,8750,1,D,XL,OD,D
13:30:07,ICBP,RG,8750,1,D,PD,OD,D
13:30:07,ICBP,RG,8750,1,D,CC,OD,D
13:30:07,ICBP,RG,8750,2,D,PD,OD,D
13:30:07,ICBP,RG,8750,1,D,PD,OD,D
13:30:07,ICBP,RG,8750,2,D,PD,YU,D
13:30:07,ICBP,RG,8750,6,F,ZP,YU,D
13:30:07,ICBP,RG,8750,6,D,PD,YU,D
13:30:07,ICBP,RG,8750,3,D,PD,YU,D
13:30:07,ICBP,RG,8750,1,D,GR,YU,D
13:30:07,ICBP,RG,8750,10,D,PD,YU,D
13:30:07,ICBP,RG,8750,1,D,DH,YU,D
13:30:07,ICBP,RG,8750,3,D,PD,YU,D
13:30:07,ICBP,RG,8750,5,D,PD,YU,D
13:30:07,ICBP,RG,8750,2,D,SQ,YU,D
13:30:07,ICBP,RG,8750,2,D,PD,YU,D
13:30:07,ICBP,RG,8750,10,D,PD,YU,D
13:30:07,ICBP,RG,8750,5,D,PD,YU,D
13:30:07,ICBP,RG,8750,1,D,PD,YU,D
13:30:07,ICBP,RG,8750,1,D,PD,YU,D
13:30:07,ICBP,RG,8750,21,D,GR,YU,D
13:30:06,ICBP,RG,8750,6,D,GR,AK,F
13:30:06,ICBP,RG,8750,1,D,GR,AK,F
13:30:06,ICBP,RG,8750,29,D,GR,AK,F
13:30:06,ICBP,RG,8750,1,D,PD,AK,F
13:30:06,ICBP,RG,8750,1,D,PD,AK,F
13:30:06,ICBP,RG,8750,1,D,PD,AK,F
13:30:06,ICBP,RG,8750,1,D,PD,AK,F
13:30:06,ICBP,RG,8750,18,D,DH,AK,F
13:30:06,ICBP,RG,8775,4,F,AK,PD,D
13:30:05,ICBP,RG,8750,2,D,DH,PD,D
13:30:05,ICBP,RG,8750,4,D,DH,KK,D
13:30:04,ICBP,RG,8750,4,D,DH,ZP,D
13:30:04,ICBP,RG,8750,2,D,DH,OD,D
13:30:03,ICBP,RG,8775,1,D,PD,PD,D
13:30:03,ICBP,RG,8750,2,D,DH,LG,D
13:30:03,ICBP,RG,8750,2,D,DH,PD,D
13:30:02,ICBP,RG,8750,79,D,DH,BB,F
13:30:02,ICBP,RG,8750,45,D,DH,YU,D
13:30:02,ICBP,RG,8750,9,D,DH,YP,D
13:30:02,ICBP,RG,8750,2,D,DH,ZP,D
13:30:02,ICBP,RG,8750,31,D,DH,AT,D
13:30:01,ICBP,RG,8750,1,D,KK,AT,D
13:30:01,ICBP,RG,8750,1,D,KK,AT,D
13:30:01,ICBP,RG,8725,144,D,GR,PD,D
13:30:01,ICBP,RG,8725,100,D,YP,PD,D
13:30:01,ICBP,RG,8725,4,D,XC,PD,D
13:30:01,ICBP,RG,8725,2,D,NI,PD,D
13:30:01,ICBP,RG,8725,50,D,CC,PD,D
13:30:01,ICBP,RG,8725,10,D,NI,PD,D
13:30:01,ICBP,RG,8725,1,D,KK,PD,D
13:30:01,ICBP,RG,8725,50,D,DH,PD,D
13:30:01,ICBP,RG,8725,2,D,SQ,PD,D
13:30:01,ICBP,RG,8725,1,D,PD,PD,D
13:30:01,ICBP,RG,8725,1,D,YP,PD,D
13:30:01,ICBP,RG,8725,1,D,XC,PD,D
13:30:01,ICBP,RG,8725,25,D,SQ,PD,D
13:30:01,ICBP,RG,8725,9,D,XA,PD,D
13:30:01,ICBP,RG,8750,6,D,PD,AT,D
13:30:01,ICBP,RG,8750,1,D,XA,AT,D
13:30:01,ICBP,RG,8750,1,D,SQ,AT,D
13:30:01,ICBP,RG,8750,50,D,YU,AT,D
13:30:01,ICBP,RG,8750,1,D,XA,AT,D
13:30:01,ICBP,RG,8725,6,D,XA,YU,D
13:30:01,ICBP,RG,8725,50,D,AG,YU,D
13:30:01,ICBP,RG,8725,20,D,CC,YU,D
13:30:01,ICBP,RG,8725,1,D,SQ,YU,D
13:30:01,ICBP,RG,8725,1,D,YP,YU,D
13:30:01,ICBP,RG,8725,10,D,GR,YU,D
13:30:01,ICBP,RG,8725,5,D,PD,YU,D
13:30:01,ICBP,RG,8725,3,D,NI,YU,D
13:30:01,ICBP,RG,8725,1,D,YB,YU,D
13:30:01,ICBP,RG,8725,1,D,CC,YU,D
13:30:01,ICBP,RG,8725,2,D,PD,YU,D
13:30:01,ICBP,RG,8725,4,D,PD,YU,D
13:30:01,ICBP,RG,8725,28,D,PD,YU,D
11:29:57,ICBP,RG,8750,5,D,SQ,AT,D
11:29:53,ICBP,RG,8750,1,D,XC,AT,D
11:29:39,ICBP,RG,8750,1,D,SQ,AT,D
11:29:28,ICBP,RG,8750,1,D,YP,AT,D
11:29:19,ICBP,RG,8750,1,D,YP,AT,D
11:29:17,ICBP,RG,8750,9,D,CC,AT,D
11:29:17,ICBP,RG,8750,1,D,CC,PD,D
11:29:16,ICBP,RG,8750,2,D,SQ,PD,D
11:29:09,ICBP,RG,8725,2,D,PD,ZP,D
11:28:56,ICBP,RG,8725,1,D,PD,AK,F
11:28:46,ICBP,RG,8750,3,D,BB,PD,D
11:28:30,ICBP,RG,8750,1,F,AK,PD,D
11:28:26,ICBP,RG,8725,1,D,PD,AK,F
11:28:03,ICBP,RG,8750,23,D,YP,PD,D
11:28:00,ICBP,RG,8725,18,D,PD,YU,D
11:28:00,ICBP,RG,8725,1,D,XC,YU,D
11:28:00,ICBP,RG,8725,10,D,PD,YU,D
11:28:00,ICBP,RG,8725,1,D,YP,YU,D
11:28:00,ICBP,RG,8725,1,D,YP,YU,D
11:28:00,ICBP,RG,8725,1,D,XC,YU,D
11:28:00,ICBP,RG,8725,2,D,SQ,YU,D
11:28:00,ICBP,RG,8725,12,D,SQ,YU,D
11:27:54,ICBP,RG,8750,2,D,KK,PD,D
11:27:40,ICBP,RG,8750,1,D,DH,PD,D
11:27:23,ICBP,RG,8750,2,F,ZP,PD,D
11:27:09,ICBP,RG,8750,2,D,BB,PD,D
11:26:36,ICBP,RG,8750,11,D,NI,PD,D
11:26:36,ICBP,RG,8750,1,D,NI,PD,D
11:26:30,ICBP,RG,8750,1,D,PD,PD,D
11:26:00,ICBP,RG,8725,18,D,SQ,YU,D
11:26:00,ICBP,RG,8725,24,D,NI,YU,D
11:25:52,ICBP,RG,8750,2,D,XC,PD,D
11:25:49,ICBP,RG,8750,1,D,YP,PD,D
11:25:47,ICBP,RG,8750,3,D,XL,PD,D
11:25:29,ICBP,RG,8750,1,D,ZP,PD,D
11:25:23,ICBP,RG,8750,3,D,CC,PD,D
11:25:06,ICBP,RG,8750,3,D,XC,PD,D
11:24:49,ICBP,RG,8750,3,F,ZP,PD,D
11:24:49,ICBP,RG,8750,10,D,CC,PD,D
11:24:49,ICBP,RG,8750,1,D,YP,PD,D
11:24:49,ICBP,RG,8750,1,D,PD,PD,D
11:24:49,ICBP,RG,8750,1,D,CC,PD,D
11:24:49,ICBP,RG,8750,1,F,ZP,PD,D
11:24:49,ICBP,RG,8750,2,D,YP,PD,D
11:24:49,ICBP,RG,8750,3,F,ZP,PD,D
11:24:49,ICBP,RG,8750,2,F,ZP,PD,D
11:24:49,ICBP,RG,8750,2,D,BB,PD,D
11:24:49,ICBP,RG,8750,10,D,SQ,PD,D
11:24:00,ICBP,RG,8750,1,D,SQ,AK,F
11:23:55,ICBP,RG,8775,1,D,PD,PD,D
11:23:51,ICBP,RG,8775,1,D,BB,PD,D
11:23:08,ICBP,RG,8750,3,D,SQ,PD,D
11:23:08,ICBP,RG,8750,1,D,SQ,AK,F
11:23:08,ICBP,RG,8750,5,D,SQ,PD,D
11:23:03,ICBP,RG,8750,1,D,YP,PD,D
11:22:49,ICBP,RG,8750,1,D,CC,PD,D
11:22:45,ICBP,RG,8750,2,D,YP,PD,D
11:22:33,ICBP,RG,8750,1,D,YP,PD,D
11:22:20,ICBP,RG,8750,1,D,ZP,PD,D
11:22:12,ICBP,RG,8750,2,D,YP,PD,D
11:22:02,ICBP,RG,8750,1,F,ZP,PD,D
11:22:02,ICBP,RG,8750,4,D,CC,PD,D
11:22:02,ICBP,RG,8750,1,D,KK,PD,D
11:22:02,ICBP,RG,8750,1,F,ZP,PD,D
11:22:02,ICBP,RG,8750,3,D,PD,PD,D
11:22:02,ICBP,RG,8750,1,D,CC,PD,D
11:22:02,ICBP,RG,8750,1,D,BB,PD,D
11:22:02,ICBP,RG,8750,1,F,ZP,PD,D
11:22:02,ICBP,RG,8750,1,F,ZP,PD,D
11:22:02,ICBP,RG,8750,3,D,YP,PD,D
11:21:46,ICBP,RG,8775,4,D,LG,PD,D
11:21:09,ICBP,RG,8775,2,D,ZP,PD,D
11:21:02,ICBP,RG,8750,3,D,YP,PD,D
11:21:02,ICBP,RG,8750,4,D,YP,ZP,D
11:20:51,ICBP,RG,8750,1,D,ZP,ZP,D
11:20:27,ICBP,RG,8750,1,F,ZP,PD,D
11:20:27,ICBP,RG,8750,3,D,PD,PD,D
11:20:27,ICBP,RG,8750,1,F,AK,PD,D
11:20:27,ICBP,RG,8750,3,F,ZP,PD,D
11:20:27,ICBP,RG,8750,1,D,DH,PD,D
11:20:27,ICBP,RG,8750,1,D,CC,PD,D
11:20:27,ICBP,RG,8750,1,F,ZP,PD,D
11:20:27,ICBP,RG,8750,2,D,PD,PD,D
11:20:27,ICBP,RG,8750,1,F,ZP,PD,D
11:20:27,ICBP,RG,8750,1,D,BB,PD,D
11:20:27,ICBP,RG,8750,1,D,CC,PD,D
11:20:27,ICBP,RG,8750,9,D,SQ,PD,D
11:20:27,ICBP,RG,8750,1,F,ZP,PD,D
11:20:27,ICBP,RG,8750,3,F,ZP,PD,D
11:20:27,ICBP,RG,8750,1,F,ZP,PD,D
11:20:27,ICBP,RG,8750,43,D,XL,PD,D
11:19:11,ICBP,RG,8750,1,D,XL,AK,F
11:19:10,ICBP,RG,8750,19,D,XL,YU,D
11:19:10,ICBP,RG,8750,5,D,XL,ZP,D
11:19:10,ICBP,RG,8750,2,D,XL,PD,D
11:19:10,ICBP,RG,8750,47,D,XL,PD,D
11:19:10,ICBP,RG,8750,3,D,XL,PD,D
11:18:54,ICBP,RG,8750,3,D,PD,PD,D
11:18:50,ICBP,RG,8750,1,D,PD,PD,D
11:18:16,ICBP,RG,8750,2,D,TP,PD,D
11:18:03,ICBP,RG,8750,1,D,BB,PD,D
11:18:03,ICBP,RG,8750,4,F,AK,PD,D
11:18:03,ICBP,RG,8750,36,D,YP,PD,D
11:17:52,ICBP,RG,8750,2,D,YP,PD,D
11:17:52,ICBP,RG,8750,47,D,YP,PD,D
11:17:52,ICBP,RG,8750,15,D,YP,PD,D
11:17:52,ICBP,RG,8750,1,F,ZP,PD,D
11:17:52,ICBP,RG,8750,1,F,ZP,PD,D
11:17:52,ICBP,RG,8750,1,F,AK,PD,D
11:17:52,ICBP,RG,8750,1,F,AK,PD,D
11:17:52,ICBP,RG,8750,3,D,YP,PD,D
11:17:52,ICBP,RG,8750,2,D,BB,PD,D
11:17:52,ICBP,RG,8750,20,D,CC,PD,D
11:17:52,ICBP,RG,8750,5,D,YP,PD,D
11:17:52,ICBP,RG,8750,1,F,ZP,PD,D
11:17:39,ICBP,RG,8750,2,F,ZP,PD,D
11:17:39,ICBP,RG,8750,27,F,ZP,PD,D
11:17:39,ICBP,RG,8750,10,D,BB,PD,D
11:17:39,ICBP,RG,8750,9,D,ZP,PD,D
11:17:39,ICBP,RG,8750,1,F,ZP,PD,D
11:17:39,ICBP,RG,8750,50,D,YP,PD,D
11:17:34,ICBP,RG,8775,9,D,CC,PD,D
11:17:34,ICBP,RG,8775,50,D,CC,PD,D
11:17:34,ICBP,RG,8775,1,D,CC,AK,F
11:17:31,ICBP,RG,8750,28,D,YP,YU,D
11:17:31,ICBP,RG,8750,5,D,YP,AK,F
11:17:31,ICBP,RG,8750,17,D,YP,AK,F
11:17:18,ICBP,RG,8750,2,D,YP,AK,F
11:17:11,ICBP,RG,8750,12,D,SQ,AK,F
11:17:11,ICBP,RG,8750,2,D,SQ,AK,F
11:17:11,ICBP,RG,8750,19,D,SQ,YU,D
11:17:11,ICBP,RG,8750,3,D,SQ,PD,D
11:17:11,ICBP,RG,8750,2,D,SQ,EP,D
11:17:11,ICBP,RG,8750,12,D,SQ,YU,D
11:17:11,ICBP,RG,8750,2,F,ZP,YU,D
11:17:05,ICBP,RG,8750,2,F,ZP,YU,D
11:16:46,ICBP,RG,8750,1,D,XC,YU,D
11:16:29,ICBP,RG,8750,4,D,DH,YU,D
11:16:16,ICBP,RG,8750,5,D,YP,YU,D
11:16:16,ICBP,RG,8750,5,D,DH,YU,D
11:16:09,ICBP,RG,8750,2,D,OD,YU,D
11:16:07,ICBP,RG,8750,2,D,KK,YU,D
11:16:05,ICBP,RG,8750,4,D,XL,YU,D
11:16:05,ICBP,RG,8750,4,D,XL,CS,D
11:15:42,ICBP,RG,8750,2,D,YP,CS,D
11:15:25,ICBP,RG,8750,1,D,XC,CS,D
11:15:22,ICBP,RG,8750,8,D,XL,CS,D
11:15:06,ICBP,RG,8750,5,D,KK,CS,D
11:15:04,ICBP,RG,8750,4,D,BB,CS,D
11:15:02,ICBP,RG,8750,4,D,CC,CS,D
11:15:00,ICBP,RG,8750,1,F,ZP,CS,D
11:15:00,ICBP,RG,8725,55,D,NI,YU,D
11:14:57,ICBP,RG,8750,1,D,YP,CS,D
11:14:54,ICBP,RG,8750,5,D,KK,CS,D
11:14:53,ICBP,RG,8750,26,D,YP,CS,D
11:14:53,ICBP,RG,8750,2,D,YP,AK,F
11:14:53,ICBP,RG,8750,1,D,YP,CS,D
11:14:53,ICBP,RG,8750,2,D,YP,CS,D
11:14:53,ICBP,RG,8750,9,D,YP,PD,D
11:14:53,ICBP,RG,8750,40,D,YP,PD,D
11:14:51,ICBP,RG,8750,7,D,XL,PD,D
11:14:27,ICBP,RG,8750,1,D,XC,PD,D
11:14:27,ICBP,RG,8750,2,F,ZP,PD,D
11:14:20,ICBP,RG,8750,10,D,KK,PD,D
11:14:09,ICBP,RG,8750,1,D,PD,PD,D
11:13:41,ICBP,RG,8750,1,D,DH,PD,D
11:13:33,ICBP,RG,8750,5,D,PD,PD,D
11:13:05,ICBP,RG,8750,2,D,YP,PD,D
11:12:51,ICBP,RG,8750,5,D,PD,PD,D
11:12:44,ICBP,RG,8750,1,D,CC,PD,D
11:12:33,ICBP,RG,8750,4,F,ZP,PD,D
11:12:20,ICBP,RG,8750,5,D,BB,PD,D
11:12:19,ICBP,RG,8750,5,D,YP,PD,D
11:12:02,ICBP,RG,8750,2,D,CC,PD,D
11:12:00,ICBP,RG,8725,21,D,NI,YU,D
11:12:00,ICBP,RG,8725,1,D,GR,YU,D
11:12:00,ICBP,RG,8725,10,D,GR,YU,D
11:12:00,ICBP,RG,8725,3,D,YP,YU,D
11:12:00,ICBP,RG,8725,1,D,YP,YU,D
11:12:00,ICBP,RG,8725,1,D,YP,YU,D
11:12:00,ICBP,RG,8725,20,D,DR,YU,D
11:12:00,ICBP,RG,8725,19,D,SQ,YU,D
11:11:51,ICBP,RG,8750,10,D,YP,PD,D
11:10:48,ICBP,RG,8750,10,D,YP,PD,D
11:10:29,ICBP,RG,8750,35,D,YP,PD,D
11:10:25,ICBP,RG,8750,1,F,ZP,PD,D
11:10:01,ICBP,RG,8750,1,D,XC,PD,D
11:09:37,ICBP,RG,8750,2,D,CC,PD,D
11:09:30,ICBP,RG,8750,1,D,BB,PD,D
11:09:29,ICBP,RG,8750,1,D,NI,PD,D
11:09:27,ICBP,RG,8750,2,D,PD,PD,D
11:09:26,ICBP,RG,8750,1,D,KK,PD,D
11:09:20,ICBP,RG,8750,2,D,XC,PD,D
11:08:52,ICBP,RG,8750,14,D,PD,PD,D
11:08:38,ICBP,RG,8725,1,D,SQ,PD,D
11:08:31,ICBP,RG,8750,1,D,AT,PD,D
11:08:26,ICBP,RG,8750,2,D,PD,PD,D
11:07:58,ICBP,RG,8750,3,D,PD,PD,D
11:07:55,ICBP,RG,8750,2,D,YP,PD,D
11:07:49,ICBP,RG,8750,5,D,CC,PD,D
11:06:53,ICBP,RG,8750,5,D,KK,PD,D
11:06:52,ICBP,RG,8750,1,D,YP,PD,D
11:06:47,ICBP,RG,8750,1,D,YB,PD,D
11:06:46,ICBP,RG,8750,2,F,ZP,PD,D
11:06:46,ICBP,RG,8750,1,F,AK,PD,D
11:06:46,ICBP,RG,8750,5,D,RO,PD,D
11:06:46,ICBP,RG,8750,1,D,AT,PD,D
11:06:46,ICBP,RG,8750,5,D,PD,PD,D
11:06:46,ICBP,RG,8750,12,D,XL,PD,D
11:06:46,ICBP,RG,8750,1,D,DR,PD,D
11:06:46,ICBP,RG,8750,10,F,ZP,PD,D
11:06:46,ICBP,RG,8750,3,D,BB,PD,D
11:06:46,ICBP,RG,8750,18,D,SQ,PD,D
11:06:46,ICBP,RG,8750,5,D,CC,PD,D
11:06:46,ICBP,RG,8750,12,D,LS,PD,D
11:06:46,ICBP,RG,8750,5,D,CC,PD,D
11:06:46,ICBP,RG,8750,12,D,LG,PD,D
11:06:46,ICBP,RG,8750,1,F,OD,PD,D
11:06:46,ICBP,RG,8750,2,D,YP,PD,D
11:06:46,ICBP,RG,8750,3,F,ZP,PD,D
11:06:46,ICBP,RG,8750,2,D,YP,PD,D
11:06:46,ICBP,RG,8750,28,D,YP,PD,D
11:06:46,ICBP,RG,8750,71,D,SQ,PD,D
11:06:44,ICBP,RG,8800,5,D,DH,PD,D
11:06:40,ICBP,RG,8750,129,D,SQ,CS,D
11:06:40,ICBP,RG,8750,3,D,YP,CS,D
11:05:52,ICBP,RG,8800,3,D,PD,PD,D
11:05:43,ICBP,RG,8800,25,D,YP,PD,D
11:05:32,ICBP,RG,8775,3,D,XC,CS,D
11:05:32,ICBP,RG,8800,1,D,BB,PD,D
11:05:31,ICBP,RG,8775,6,D,XC,CS,D
11:05:31,ICBP,RG,8775,14,D,XC,CS,D
11:05:31,ICBP,RG,8775,2,D,XC,AK,F
11:05:31,ICBP,RG,8775,3,D,XC,CS,D
11:05:31,ICBP,RG,8775,4,D,XC,CS,D
11:05:31,ICBP,RG,8775,3,D,XC,CS,D
11:05:31,ICBP,RG,8775,15,D,XC,YU,D
11:05:02,ICBP,RG,8775,2,D,DH,YU,D
11:04:50,ICBP,RG,8775,2,D,BB,YU,D
11:04:37,ICBP,RG,8750,72,F,BK,CS,D
11:04:37,ICBP,RG,8750,25,D,CP,CS,D
11:04:16,ICBP,RG,8775,1,D,XC,YU,D
11:04:06,ICBP,RG,8775,1,D,KK,YU,D
11:03:35,ICBP,RG,8775,2,F,AK,CS,D
11:03:35,ICBP,RG,8775,2,F,ZP,CS,D
11:03:35,ICBP,RG,8775,2,D,BB,CS,D
11:03:35,ICBP,RG,8775,8,D,ZP,CS,D
11:03:23,ICBP,RG,8750,1,F,ZP,CS,D
11:03:23,ICBP,RG,8750,37,F,AK,CS,D
11:03:23,ICBP,RG,8750,2,F,AK,AK,F
11:03:23,ICBP,RG,8750,3,F,AK,PD,D
11:03:23,ICBP,RG,8750,20,F,AK,YU,D
11:03:23,ICBP,RG,8750,14,F,AK,CS,D
11:03:22,ICBP,RG,8750,17,F,AK,CS,D
11:03:22,ICBP,RG,8750,63,F,AK,SQ,D
11:03:21,ICBP,RG,8750,77,D,YP,SQ,D
11:03:21,ICBP,RG,8750,80,F,AK,SQ,D
11:03:19,ICBP,RG,8750,2,D,AZ,SQ,D
11:03:00,ICBP,RG,8750,1,D,XC,SQ,D
11:02:52,ICBP,RG,8750,5,D,YP,SQ,D
11:02:48,ICBP,RG,8750,1,F,OD,SQ,D
11:02:40,ICBP,RG,8750,80,F,AK,SQ,D
11:02:38,ICBP,RG,8750,168,D,DR,SQ,D
11:02:21,ICBP,RG,8750,3,D,XC,SQ,D
11:02:20,ICBP,RG,8750,2,D,PD,SQ,D
11:02:14,ICBP,RG,8750,25,D,CP,SQ,D
11:02:07,ICBP,RG,8750,1,D,XC,SQ,D
11:02:02,ICBP,RG,8750,1,D,PD,SQ,D
11:01:59,ICBP,RG,8750,27,F,AK,SQ,D
11:01:59,ICBP,RG,8750,10,D,CC,SQ,D
11:01:51,ICBP,RG,8750,50,D,LG,SQ,D
11:01:51,ICBP,RG,8750,1,F,AK,SQ,D
11:01:50,ICBP,RG,8750,100,D,YP,SQ,D
11:01:50,ICBP,RG,8750,50,D,PD,SQ,D
11:01:50,ICBP,RG,8750,1,D,YP,SQ,D
11:01:50,ICBP,RG,8750,3,D,PD,SQ,D
11:01:50,ICBP,RG,8750,8,D,DH,SQ,D
11:01:50,ICBP,RG,8750,10,D,LG,SQ,D
11:01:50,ICBP,RG,8750,1,D,PD,SQ,D
11:01:50,ICBP,RG,8750,1,D,XC,SQ,D
11:01:50,ICBP,RG,8750,1,F,ZP,SQ,D
11:01:50,ICBP,RG,8750,1,D,PD,SQ,D
11:01:50,ICBP,RG,8750,1,F,ZP,SQ,D
11:01:50,ICBP,RG,8750,1,D,PD,SQ,D
11:01:50,ICBP,RG,8750,50,D,YU,SQ,D
11:01:50,ICBP,RG,8750,1,D,BB,SQ,D
11:01:50,ICBP,RG,8750,5,F,ZP,SQ,D
11:01:50,ICBP,RG,8750,2,D,PD,SQ,D
11:01:50,ICBP,RG,8750,2,D,XC,SQ,D
11:01:50,ICBP,RG,8750,27,D,OD,SQ,D
11:01:50,ICBP,RG,8750,1,F,AK,SQ,D
11:01:50,ICBP,RG,8750,2,D,YP,SQ,D
11:01:50,ICBP,RG,8750,2,D,LS,SQ,D
11:01:50,ICBP,RG,8750,1,D,PD,SQ,D
11:01:50,ICBP,RG,8750,20,D,GR,SQ,D
11:01:50,ICBP,RG,8750,1,D,PD,SQ,D
11:01:50,ICBP,RG,8750,3,D,PD,SQ,D
11:01:50,ICBP,RG,8750,3,D,CC,SQ,D
11:01:50,ICBP,RG,8750,1,D,YP,SQ,D
11:01:50,ICBP,RG,8750,1,F,AK,SQ,D
11:01:50,ICBP,RG,8750,1,D,PD,SQ,D
11:01:50,ICBP,RG,8750,1,D,YP,SQ,D
11:01:50,ICBP,RG,8750,1,D,YP,SQ,D
11:01:50,ICBP,RG,8750,99,D,YP,SQ,D
11:01:50,ICBP,RG,8775,1,F,ZP,SQ,D
11:01:50,ICBP,RG,8775,1,D,PD,SQ,D
11:01:37,ICBP,RG,8800,1,D,YP,AK,F
11:01:25,ICBP,RG,8800,2,D,PD,PD,D
11:01:08,ICBP,RG,8750,1,D,YP,OD,D
11:01:00,ICBP,RG,8825,20,D,XA,YP,D
11:00:58,ICBP,RG,8825,1,F,ZP,YP,D
11:00:51,ICBP,RG,8825,3,F,ZP,AK,F
11:00:51,ICBP,RG,8825,1,F,ZP,AK,F
11:00:51,ICBP,RG,8825,2,D,BB,AK,F
11:00:50,ICBP,RG,8850,28,D,CC,YP,D
11:00:50,ICBP,RG,8850,1,D,CC,PD,D
11:00:50,ICBP,RG,8850,1,D,CC,XL,D
11:00:50,ICBP,RG,8850,1,D,CC,DH,D
11:00:46,ICBP,RG,8825,81,D,CC,CS,D
11:00:46,ICBP,RG,8825,100,D,CC,CS,D
11:00:46,ICBP,RG,8825,1,D,CC,YP,D
11:00:46,ICBP,RG,8825,3,D,CC,XC,D
11:00:46,ICBP,RG,8825,5,D,CC,KK,D
11:00:46,ICBP,RG,8825,2,D,CC,YP,D
11:00:46,ICBP,RG,8825,10,D,CC,YP,D
11:00:46,ICBP,RG,8825,1,D,CC,YP,D
11:00:46,ICBP,RG,8825,3,D,CC,XC,D
11:00:46,ICBP,RG,8825,1,D,CC,PD,D
11:00:46,ICBP,RG,8800,1,D,CC,YP,D
11:00:46,ICBP,RG,8800,5,D,CC,DH,D
11:00:46,ICBP,RG,8800,5,D,CC,YP,D
11:00:46,ICBP,RG,8800,2,D,CC,YP,D
11:00:46,ICBP,RG,8800,1,D,CC,AK,F
11:00:46,ICBP,RG,8800,2,D,CC,PD,D
11:00:46,ICBP,RG,8800,2,D,CC,XC,D
11:00:46,ICBP,RG,8800,20,D,CC,DH,D
11:00:46,ICBP,RG,8800,20,D,CC,OD,D
11:00:46,ICBP,RG,8775,2,D,CC,AK,F
11:00:46,ICBP,RG,8775,29,D,CC,YU,D
11:00:46,ICBP,RG,8775,23,D,CC,CS,D
11:00:46,ICBP,RG,8775,12,D,CC,CS,D
11:00:46,ICBP,RG,8775,19,D,CC,CS,D
11:00:46,ICBP,RG,8775,5,D,CC,CS,D
11:00:46,ICBP,RG,8775,1,D,CC,CS,D
11:00:46,ICBP,RG,8775,23,D,CC,YU,D
11:00:46,ICBP,RG,8775,2,D,CC,GR,D
11:00:46,ICBP,RG,8775,3,D,CC,YP,D
11:00:46,ICBP,RG,8775,3,D,CC,PD,D
11:00:46,ICBP,RG,8775,2,D,CC,PD,D
11:00:46,ICBP,RG,8775,15,D,CC,PD,D
11:00:36,ICBP,RG,8775,2,D,BB,PD,D
11:00:32,ICBP,RG,8775,11,D,XL,PD,D
11:00:07,ICBP,RG,8775,1,D,PD,PD,D
11:00:03,ICBP,RG,8775,18,D,CC,PD,D
11:00:03,ICBP,RG,8775,2,D,CC,PD,D
10:59:43,ICBP,RG,8775,1,D,BB,PD,D
10:58:44,ICBP,RG,8775,1,D,PD,PD,D
10:58:16,ICBP,RG,8750,1,F,ZP,CS,D
10:58:16,ICBP,RG,8750,1,D,BB,CS,D
10:58:16,ICBP,RG,8750,1,F,ZP,CS,D
10:58:15,ICBP,RG,8750,4,D,AZ,CS,D
10:58:15,ICBP,RG,8750,3,D,AZ,CS,D
10:58:15,ICBP,RG,8750,5,D,AZ,CS,D
10:58:15,ICBP,RG,8750,8,D,AZ,YU,D
10:58:10,ICBP,RG,8750,1,D,XC,YU,D
10:58:10,ICBP,RG,8750,1,D,YP,YU,D
10:58:08,ICBP,RG,8750,9,D,BB,YU,D
10:58:01,ICBP,RG,8750,2,D,NI,YU,D
10:57:43,ICBP,RG,8750,1,D,PD,CS,D
10:57:41,ICBP,RG,8750,1,F,ZP,CS,D
10:57:41,ICBP,RG,8750,1,D,BB,CS,D
10:57:39,ICBP,RG,8750,3,F,ZP,CS,D
10:57:38,ICBP,RG,8750,11,D,PC,CS,D
10:57:38,ICBP,RG,8750,2,D,BB,CS,D
10:57:36,ICBP,RG,8750,6,D,ZP,CS,D
10:57:35,ICBP,RG,8725,5,D,LG,CS,D
10:57:34,ICBP,RG,8750,5,D,YP,CS,D
10:57:33,ICBP,RG,8750,3,F,AK,CS,D
10:57:33,ICBP,RG,8750,6,F,AK,AK,F
10:57:33,ICBP,RG,8750,50,F,AK,PD,D
10:57:32,ICBP,RG,8750,2,D,YP,PD,D
10:57:30,ICBP,RG,8750,3,D,XC,PD,D
10:57:30,ICBP,RG,8750,2,D,XC,CS,D
10:57:30,ICBP,RG,8750,1,D,XC,CS,D
10:57:30,ICBP,RG,8750,4,D,XC,CS,D
10:57:30,ICBP,RG,8750,1,D,XC,CS,D
10:57:30,ICBP,RG,8750,2,D,XC,CS,D
10:57:30,ICBP,RG,8750,1,D,XC,CS,D
10:57:30,ICBP,RG,8750,11,D,XC,CS,D
10:57:30,ICBP,RG,8750,7,D,XC,AK,F
10:57:22,ICBP,RG,8750,7,D,ZP,AK,F
10:57:20,ICBP,RG,8750,16,D,YP,AK,F
10:57:20,ICBP,RG,8750,2,D,YP,AK,F
10:57:20,ICBP,RG,8750,2,D,YP,AK,F
10:57:20,ICBP,RG,8750,5,D,YP,CS,D
10:57:06,ICBP,RG,8750,2,D,PD,CS,D
10:57:03,ICBP,RG,8750,14,D,SQ,CS,D
10:57:03,ICBP,RG,8750,1,D,SQ,YU,D
10:57:00,ICBP,RG,8725,1,D,LG,AK,F
10:56:58,ICBP,RG,8750,10,D,NI,YU,D
10:56:57,ICBP,RG,8750,5,D,YP,YU,D
10:56:52,ICBP,RG,8750,1,D,PD,YU,D
10:56:40,ICBP,RG,8750,1,D,YP,YU,D
10:56:38,ICBP,RG,8750,1,D,XC,YU,D
10:56:34,ICBP,RG,8750,2,D,PD,YU,D
10:56:31,ICBP,RG,8750,1,D,XC,YU,D
10:56:31,ICBP,RG,8750,1,D,XC,YU,D
10:56:31,ICBP,RG,8750,2,D,XC,YU,D
10:56:20,ICBP,RG,8750,2,D,XC,YU,D
10:56:17,ICBP,RG,8750,1,D,XC,YU,D
10:56:12,ICBP,RG,8750,1,D,XC,YU,D
10:56:11,ICBP,RG,8750,1,D,YP,YU,D
10:56:07,ICBP,RG,8750,2,D,PD,YU,D
10:56:04,ICBP,RG,8725,1,D,LG,XC,D
10:56:00,ICBP,RG,8750,20,D,XC,YU,D
10:55:54,ICBP,RG,8750,2,D,XC,YU,D
10:55:43,ICBP,RG,8750,1,D,YP,YU,D
10:55:39,ICBP,RG,8750,1,F,ZP,CS,D
10:55:39,ICBP,RG,8750,2,F,AK,CS,D
10:55:39,ICBP,RG,8750,3,D,DH,CS,D
10:55:37,ICBP,RG,8750,1,D,DH,CS,D
10:55:37,ICBP,RG,8750,4,D,TP,CS,D
10:55:37,ICBP,RG,8750,5,D,TP,CS,D
10:55:37,ICBP,RG,8750,5,D,TP,CS,D
10:55:37,ICBP,RG,8750,2,D,TP,CS,D
10:55:37,ICBP,RG,8750,6,D,TP,CS,D
10:55:37,ICBP,RG,8750,6,F,ZP,CS,D
10:55:37,ICBP,RG,8750,3,F,ZP,CS,D
10:55:37,ICBP,RG,8750,3,F,ZP,CS,D
10:55:37,ICBP,RG,8750,5,D,XC,CS,D
10:55:37,ICBP,RG,8750,2,F,ZP,CS,D
10:55:37,ICBP,RG,8750,4,F,ZP,CS,D
10:55:37,ICBP,RG,8750,2,D,YP,CS,D
10:55:37,ICBP,RG,8750,1,D,XC,CS,D
10:55:37,ICBP,RG,8750,1,D,OD,CS,D
10:55:37,ICBP,RG,8750,2,D,CC,CS,D
10:55:37,ICBP,RG,8750,3,D,CC,CS,D
10:55:37,ICBP,RG,8750,3,D,SQ,CS,D
10:55:37,ICBP,RG,8750,7,D,AZ,CS,D
10:55:37,ICBP,RG,8750,1,D,AZ,CS,D
10:55:37,ICBP,RG,8750,12,D,AZ,CS,D
10:55:37,ICBP,RG,8750,1,D,XC,CS,D
10:55:37,ICBP,RG,8750,2,D,XC,CS,D
10:55:37,ICBP,RG,8750,2,D,XC,CS,D
10:55:37,ICBP,RG,8750,13,D,XC,CS,D
10:55:37,ICBP,RG,8750,1,D,CP,CS,D
10:55:36,ICBP,RG,8750,5,D,CP,PD,D
10:55:36,ICBP,RG,8750,2,D,LG,PD,D
10:55:36,ICBP,RG,8750,10,D,LG,PD,D
10:55:36,ICBP,RG,8750,9,D,SQ,PD,D
10:55:36,ICBP,RG,8750,1,D,XC,PD,D
10:55:36,ICBP,RG,8750,5,D,YP,PD,D
10:55:36,ICBP,RG,8750,1,D,NI,PD,D
10:55:36,ICBP,RG,8750,9,D,YP,PD,D
10:55:36,ICBP,RG,8750,1,D,PD,PD,D
10:55:36,ICBP,RG,8750,30,D,YP,PD,D
10:55:36,ICBP,RG,8750,1,F,AK,PD,D
10:55:36,ICBP,RG,8750,23,D,PD,PD,D
10:55:36,ICBP,RG,8750,40,D,XC,PD,D
10:55:36,ICBP,RG,8750,1,F,ZP,PD,D
10:55:36,ICBP,RG,8750,2,D,EP,PD,D
10:55:36,ICBP,RG,8750,1,F,ZP,PD,D
10:55:36,ICBP,RG,8750,1,F,AK,PD,D
10:55:36,ICBP,RG,8750,1,F,ZP,PD,D
10:55:36,ICBP,RG,8750,2,F,ZP,PD,D
10:55:36,ICBP,RG,8750,1,D,GR,PD,D
10:55:36,ICBP,RG,8750,2,D,BB,PD,D
10:55:36,ICBP,RG,8750,1,F,ZP,PD,D
10:55:36,ICBP,RG,8750,1,D,DH,PD,D
10:55:36,ICBP,RG,8750,1,D,XC,PD,D
10:55:36,ICBP,RG,8750,1,D,PD,PD,D
10:55:36,ICBP,RG,8750,2,D,EP,PD,D
10:55:36,ICBP,RG,8750,2,D,YP,PD,D
10:55:36,ICBP,RG,8750,1,D,NI,PD,D
10:55:36,ICBP,RG,8750,50,D,PD,PD,D
10:55:36,ICBP,RG,8750,15,D,YP,PD,D
10:55:36,ICBP,RG,8750,37,D,PD,PD,D
10:55:36,ICBP,RG,8750,1,D,DR,PD,D
10:55:36,ICBP,RG,8750,9,D,SQ,PD,D
10:55:36,ICBP,RG,8750,3,D,XC,PD,D
10:55:36,ICBP,RG,8750,26,D,PD,PD,D
10:53:33,ICBP,RG,8750,8,D,PD,PD,D
10:53:26,ICBP,RG,8775,1,D,OD,PD,D
10:52:59,ICBP,RG,8775,1,D,KK,PD,D
10:52:44,ICBP,RG,8775,2,D,ZP,PD,D
10:52:00,ICBP,RG,8750,16,D,PD,YU,D
10:52:00,ICBP,RG,8750,3,D,PD,YU,D
10:52:00,ICBP,RG,8750,1,D,YP,YU,D
10:52:00,ICBP,RG,8750,2,D,KK,YU,D
10:52:00,ICBP,RG,8750,1,D,NI,YU,D
10:52:00,ICBP,RG,8750,34,D,PD,YU,D
10:51:35,ICBP,RG,8775,1,D,XC,PD,D
10:51:33,ICBP,RG,8775,2,D,DR,PD,D
10:50:24,ICBP,RG,8775,9,D,NI,PD,D
10:50:14,ICBP,RG,8775,1,F,ZP,PD,D
10:50:14,ICBP,RG,8775,5,D,YP,PD,D
10:50:14,ICBP,RG,8775,2,F,ZP,PD,D
10:50:14,ICBP,RG,8775,3,F,ZP,PD,D
10:50:14,ICBP,RG,8775,1,D,NI,PD,D
10:50:14,ICBP,RG,8775,2,F,ZP,PD,D
10:50:14,ICBP,RG,8775,1,D,XC,PD,D
10:50:14,ICBP,RG,8775,3,D,PD,PD,D
10:50:14,ICBP,RG,8775,2,F,AK,PD,D
10:50:14,ICBP,RG,8775,1,F,ZP,PD,D
10:50:14,ICBP,RG,8775,1,D,BB,PD,D
10:50:14,ICBP,RG,8775,8,D,HP,PD,D
10:49:59,ICBP,RG,8800,1,D,ZP,OD,D
10:49:55,ICBP,RG,8775,1,D,HP,CS,D
10:49:55,ICBP,RG,8775,6,D,HP,CS,D
10:49:55,ICBP,RG,8775,9,D,HP,CS,D
10:49:37,ICBP,RG,8800,2,D,BB,OD,D
10:49:15,ICBP,RG,8775,36,D,HP,CS,D
10:49:15,ICBP,RG,8775,1,D,YP,CS,D
10:49:15,ICBP,RG,8775,1,F,ZP,CS,D
10:49:15,ICBP,RG,8775,1,F,ZP,CS,D
10:49:15,ICBP,RG,8775,1,F,ZP,CS,D
10:49:00,ICBP,RG,8775,1,F,BK,AK,F
10:48:43,ICBP,RG,8800,1,D,XC,OD,D
10:47:49,ICBP,RG,8775,1,F,BK,XC,D
10:47:44,ICBP,RG,8775,37,F,BK,PD,D
10:47:44,ICBP,RG,8775,1,D,YP,PD,D
10:47:44,ICBP,RG,8775,2,F,ZP,PD,D
10:47:44,ICBP,RG,8775,2,D,BB,PD,D
10:47:44,ICBP,RG,8775,8,D,ZP,PD,D
10:47:16,ICBP,RG,8775,24,D,SQ,CS,D
10:47:15,ICBP,RG,8775,15,D,SQ,CS,D
10:47:15,ICBP,RG,8775,3,D,SQ,CS,D
10:47:15,ICBP,RG,8775,24,D,SQ,CS,D
10:47:15,ICBP,RG,8775,5,D,SQ,CS,D
10:47:15,ICBP,RG,8775,15,D,SQ,YU,D
10:47:15,ICBP,RG,8775,19,D,SQ,CS,D
10:47:15,ICBP,RG,8775,2,D,SQ,PD,D
10:47:15,ICBP,RG,8775,47,D,SQ,PD,D
10:47:15,ICBP,RG,8775,46,D,SQ,PD,D
10:47:14,ICBP,RG,8750,50,D,PD,PD,D
10:47:09,ICBP,RG,8775,4,D,HP,PD,D
10:47:09,ICBP,RG,8775,2,D,HP,AK,F
10:47:09,ICBP,RG,8775,1,D,HP,CS,D
10:47:09,ICBP,RG,8775,3,D,HP,PD,D
10:46:24,ICBP,RG,8750,1,D,PD,XA,D
10:46:01,ICBP,RG,8750,11,D,PD,PD,D
10:46:01,ICBP,RG,8750,104,D,PD,PD,D
10:46:01,ICBP,RG,8750,5,D,PD,PD,D
10:46:01,ICBP,RG,8750,1,D,YP,PD,D
10:46:01,ICBP,RG,8750,5,D,NI,PD,D
10:46:01,ICBP,RG,8750,16,D,YP,PD,D
10:46:01,ICBP,RG,8750,12,F,YP,PD,D
10:46:01,ICBP,RG,8750,2,D,NI,PD,D
10:46:01,ICBP,RG,8750,1,D,YP,PD,D
10:46:01,ICBP,RG,8750,1,D,NI,PD,D
10:46:01,ICBP,RG,8750,6,D,CC,PD,D
10:46:01,ICBP,RG,8750,1,D,XC,PD,D
10:46:01,ICBP,RG,8750,2,D,NI,PD,D
10:46:01,ICBP,RG,8750,3,D,YP,PD,D
10:46:01,ICBP,RG,8750,1,D,PD,PD,D
10:46:01,ICBP,RG,8750,20,D,YP,PD,D
10:46:01,ICBP,RG,8750,25,D,YP,PD,D
10:46:01,ICBP,RG,8750,5,D,NI,PD,D
10:46:01,ICBP,RG,8750,1,D,PD,PD,D
10:46:01,ICBP,RG,8750,25,D,TF,PD,D
10:46:01,ICBP,RG,8750,75,D,TF,PD,D
10:46:01,ICBP,RG,8750,10,D,DH,PD,D
10:46:01,ICBP,RG,8750,1,D,PD,PD,D
10:46:01,ICBP,RG,8750,1,D,YP,PD,D
10:46:01,ICBP,RG,8750,50,D,YP,PD,D
10:46:01,ICBP,RG,8750,2,D,PD,PD,D
10:46:01,ICBP,RG,8750,1,D,CC,PD,D
10:46:01,ICBP,RG,8750,1,D,LG,PD,D
10:46:01,ICBP,RG,8750,5,D,XC,PD,D
10:46:01,ICBP,RG,8750,1,D,XC,PD,D
10:46:01,ICBP,RG,8750,62,D,YP,PD,D
10:46:01,ICBP,RG,8775,1,F,ZP,PD,D
10:46:01,ICBP,RG,8775,4,F,AK,PD,D
10:46:01,ICBP,RG,8775,3,F,ZP,PD,D
10:46:01,ICBP,RG,8775,1,F,ZP,PD,D
10:46:01,ICBP,RG,8775,4,D,SQ,PD,D
10:46:01,ICBP,RG,8775,3,F,ZP,PD,D
10:46:01,ICBP,RG,8775,24,D,HP,PD,D
10:46:01,ICBP,RG,8775,2,D,PD,PD,D
10:45:43,ICBP,RG,8800,1,D,GR,OD,D
10:45:42,ICBP,RG,8775,1,D,PD,CS,D
10:45:42,ICBP,RG,8775,1,F,AK,CS,D
10:45:42,ICBP,RG,8775,1,F,AK,CS,D
10:45:42,ICBP,RG,8775,8,F,ZP,CS,D
10:45:42,ICBP,RG,8775,6,F,ZP,CS,D
10:45:42,ICBP,RG,8775,2,F,ZP,CS,D
10:45:42,ICBP,RG,8775,3,D,PD,CS,D
10:44:59,ICBP,RG,8800,1,D,EP,CC,D
10:44:59,ICBP,RG,8800,1,D,EP,XL,D
10:44:40,ICBP,RG,8800,1,D,PD,XL,D
10:43:32,ICBP,RG,8775,2,D,HP,AK,F
10:43:19,ICBP,RG,8775,1,F,ZP,AK,F
10:43:19,ICBP,RG,8775,6,F,ZP,CS,D
10:43:19,ICBP,RG,8775,1,F,ZP,CS,D
10:43:18,ICBP,RG,8775,1,D,HP,CS,D
10:43:18,ICBP,RG,8775,29,D,HP,CS,D
10:43:18,ICBP,RG,8775,3,D,HP,PD,D
10:43:18,ICBP,RG,8775,18,D,HP,YU,D
10:43:18,ICBP,RG,8775,30,D,HP,YP,D
10:43:18,ICBP,RG,8775,6,D,HP,CS,D
10:43:18,ICBP,RG,8775,2,D,HP,GR,D
10:43:18,ICBP,RG,8775,6,D,HP,CS,D
10:43:18,ICBP,RG,8775,19,D,HP,YU,D
10:43:18,ICBP,RG,8775,3,D,HP,AK,F
10:43:18,ICBP,RG,8775,7,D,HP,PD,D
10:43:18,ICBP,RG,8775,2,D,HP,AK,F
10:43:18,ICBP,RG,8775,4,D,HP,CS,D
10:43:12,ICBP,RG,8775,1,D,YP,CS,D
10:42:47,ICBP,RG,8775,5,D,DH,CS,D
10:42:45,ICBP,RG,8775,3,D,ZP,CS,D
10:42:45,ICBP,RG,8775,1,D,ZP,CS,D
10:42:10,ICBP,RG,8775,3,D,PD,CS,D
10:42:06,ICBP,RG,8750,107,D,YP,CS,D
10:42:06,ICBP,RG,8750,5,D,SQ,CS,D
10:42:06,ICBP,RG,8750,11,D,YP,CS,D
10:42:06,ICBP,RG,8750,1,F,ZP,CS,D
10:42:06,ICBP,RG,8750,5,D,PD,CS,D
10:42:06,ICBP,RG,8750,5,D,YP,CS,D
10:42:06,ICBP,RG,8750,4,F,ZP,CS,D
10:42:06,ICBP,RG,8750,1,F,ZP,CS,D
10:42:06,ICBP,RG,8750,1,F,ZP,CS,D
10:42:06,ICBP,RG,8750,6,D,SQ,CS,D
10:42:06,ICBP,RG,8750,20,D,PD,CS,D
10:42:06,ICBP,RG,8750,25,D,YP,CS,D
10:42:06,ICBP,RG,8750,10,D,YP,CS,D
10:42:06,ICBP,RG,8750,14,F,BK,CS,D
10:41:44,ICBP,RG,8775,1,D,PD,CS,D
10:41:06,ICBP,RG,8775,2,D,XC,YU,D
10:40:37,ICBP,RG,8775,1,D,PD,YU,D
10:40:35,ICBP,RG,8775,1,D,XC,YU,D
10:40:28,ICBP,RG,8775,1,D,SQ,YU,D
10:40:23,ICBP,RG,8775,2,F,ZP,YU,D
10:40:14,ICBP,RG,8775,4,D,XC,YU,D
10:39:46,ICBP,RG,8775,2,D,XC,YU,D
10:39:43,ICBP,RG,8775,15,D,CC,YU,D
10:39:43,ICBP,RG,8775,11,D,CC,CS,D
10:39:43,ICBP,RG,8775,11,D,CC,CS,D
10:39:43,ICBP,RG,8775,2,D,CC,AK,F
10:39:43,ICBP,RG,8775,8,D,CC,CS,D
10:39:43,ICBP,RG,8775,4,D,CC,CS,D
10:39:43,ICBP,RG,8775,9,D,CC,YU,D
10:39:00,ICBP,RG,8750,41,F,BK,YU,D
10:39:00,ICBP,RG,8750,8,D,DR,YU,D
10:38:14,ICBP,RG,8775,1,F,ZP,YU,D
10:38:03,ICBP,RG,8775,4,D,ZP,YU,D
10:37:48,ICBP,RG,8750,2,D,DR,XC,D
10:37:48,ICBP,RG,8750,1,D,AI,XC,D
10:37:20,ICBP,RG,8775,4,F,ZP,YU,D
10:37:14,ICBP,RG,8775,5,D,YP,YU,D
10:37:14,ICBP,RG,8775,26,D,YP,FS,D
10:37:14,ICBP,RG,8775,8,D,YP,CS,D
10:37:14,ICBP,RG,8775,1,D,YP,AK,F
10:37:14,ICBP,RG,8775,79,D,YP,CS,F
10:36:19,ICBP,RG,8775,1,D,YU,CS,F
10:35:21,ICBP,RG,8750,6,D,AI,OD,D
10:34:48,ICBP,RG,8750,3,D,AI,PD,D
10:34:40,ICBP,RG,8750,1,D,PD,CS,D
10:34:40,ICBP,RG,8750,1,D,BB,CS,D
10:34:40,ICBP,RG,8750,1,F,ZP,CS,D
10:34:38,ICBP,RG,8750,7,D,BB,CS,D
10:34:38,ICBP,RG,8750,6,D,YP,CS,D
10:34:37,ICBP,RG,8750,12,D,YP,CS,D
10:34:37,ICBP,RG,8750,4,D,YP,CS,D
10:34:36,ICBP,RG,8750,23,D,YP,CS,D
10:34:36,ICBP,RG,8750,2,D,YP,AK,F
10:34:36,ICBP,RG,8750,2,D,YP,AK,F
10:34:36,ICBP,RG,8750,7,D,YP,CS,D
10:34:36,ICBP,RG,8750,4,D,YP,CS,D
10:34:36,ICBP,RG,8750,30,D,YP,CS,D
10:34:36,ICBP,RG,8750,2,D,YP,CS,D
10:34:36,ICBP,RG,8750,18,D,YP,YU,D
10:34:36,ICBP,RG,8750,25,D,YP,YU,D
10:34:33,ICBP,RG,8750,15,D,YP,YU,D
10:34:33,ICBP,RG,8750,10,D,YP,YU,D
10:34:29,ICBP,RG,8750,1,D,PD,YU,D
10:34:22,ICBP,RG,8750,1,D,YP,YU,D
10:34:21,ICBP,RG,8725,3,D,LG,CS,D
10:34:21,ICBP,RG,8725,1,D,PD,CS,D
10:34:21,ICBP,RG,8725,4,D,XA,CS,D
10:34:21,ICBP,RG,8750,3,D,BB,YU,D
10:34:21,ICBP,RG,8750,3,F,AK,YU,D
10:34:21,ICBP,RG,8750,2,F,ZP,YU,D
10:34:21,ICBP,RG,8750,2,D,BB,YU,D
10:34:21,ICBP,RG,8750,1,D,BB,NI,D
10:34:20,ICBP,RG,8725,6,D,XA,CS,D
10:34:20,ICBP,RG,8725,5,D,DX,CS,D
10:34:20,ICBP,RG,8750,8,D,SQ,CS,D
10:34:19,ICBP,RG,8750,1,D,SQ,PD,D
10:34:19,ICBP,RG,8750,1,D,YP,PD,D
10:34:19,ICBP,RG,8750,1,D,PD,PD,D
10:34:19,ICBP,RG,8750,8,F,ZP,PD,D
10:34:19,ICBP,RG,8750,4,F,ZP,PD,D
10:34:19,ICBP,RG,8750,1,D,YU,PD,D
10:34:19,ICBP,RG,8750,1,D,ZP,PD,D
10:34:19,ICBP,RG,8750,5,D,YP,PD,D
10:34:19,ICBP,RG,8750,5,D,PD,PD,D
10:34:19,ICBP,RG,8750,12,D,CC,PD,D
10:34:19,ICBP,RG,8750,10,D,PD,PD,D
10:34:19,ICBP,RG,8750,4,D,XC,PD,D
10:34:19,ICBP,RG,8750,1,F,AK,PD,D
10:34:19,ICBP,RG,8750,5,D,DH,PD,D
10:34:19,ICBP,RG,8750,1,D,YP,PD,D
10:34:19,ICBP,RG,8750,10,D,XL,PD,D
10:34:19,ICBP,RG,8750,1,D,NI,PD,D
10:34:19,ICBP,RG,8750,3,D,YP,PD,D
10:34:19,ICBP,RG,8750,150,D,CC,PD,D
10:34:19,ICBP,RG,8750,2,F,ZP,PD,D
10:34:19,ICBP,RG,8750,5,D,KK,PD,D
10:34:19,ICBP,RG,8750,1,F,ZP,PD,D
10:34:19,ICBP,RG,8750,15,D,YP,PD,D
10:34:19,ICBP,RG,8750,35,D,YP,PD,D
10:34:19,ICBP,RG,8750,5,D,YP,PD,D
10:34:19,ICBP,RG,8750,57,D,XC,PD,D
10:34:19,ICBP,RG,8750,6,D,SQ,PD,D
10:34:19,ICBP,RG,8750,3,D,PD,PD,D
10:34:19,ICBP,RG,8750,29,D,XC,PD,D
10:34:19,ICBP,RG,8750,1,D,KK,PD,D
10:34:19,ICBP,RG,8750,1,F,ZP,PD,D
10:34:19,ICBP,RG,8750,21,D,BB,PD,D
10:34:19,ICBP,RG,8750,25,D,PD,PD,D
10:34:19,ICBP,RG,8750,1,F,ZP,PD,D
10:34:19,ICBP,RG,8750,2,F,AK,PD,D
10:34:19,ICBP,RG,8750,1,D,YP,PD,D
10:34:19,ICBP,RG,8750,5,F,ZP,PD,D
10:34:19,ICBP,RG,8750,1,D,OD,PD,D
10:34:19,ICBP,RG,8750,4,F,ZP,PD,D
10:34:19,ICBP,RG,8750,13,D,CC,PD,D
10:34:19,ICBP,RG,8750,9,D,XC,PD,D
10:34:19,ICBP,RG,8750,5,D,NI,PD,D
10:34:19,ICBP,RG,8750,10,D,NI,PD,D
10:34:19,ICBP,RG,8750,17,D,LG,PD,D
10:33:06,ICBP,RG,8750,3,D,LG,EP,D
10:33:00,ICBP,RG,8750,68,D,LG,YU,D
10:32:56,ICBP,RG,8750,15,D,LG,AK,F
10:32:30,ICBP,RG,8750,1,D,LG,AK,F
10:31:43,ICBP,RG,8775,1,D,XL,CS,F
10:31:24,ICBP,RG,8775,1,D,XC,AK,F
10:31:11,ICBP,RG,8775,25,F,PD,AK,F
10:30:59,ICBP,RG,8750,1,D,LG,YP,D
10:30:54,ICBP,RG,8775,1,D,PD,AK,F
10:30:51,ICBP,RG,8775,2,D,YP,AK,F
10:30:36,ICBP,RG,8750,2,D,AZ,YB,D
10:30:00,ICBP,RG,8750,1,F,ZP,YU,D
10:30:00,ICBP,RG,8750,1,D,PD,YU,D
10:30:00,ICBP,RG,8750,10,D,IP,YU,D
10:30:00,ICBP,RG,8750,40,D,PD,YU,D
10:29:39,ICBP,RG,8750,1,D,PD,IH,D
10:29:14,ICBP,RG,8750,3,D,PD,PD,D
10:29:02,ICBP,RG,8750,14,D,PD,CS,D
10:29:02,ICBP,RG,8750,10,D,EP,CS,D
10:29:02,ICBP,RG,8750,5,D,OD,CS,D
10:29:02,ICBP,RG,8750,13,D,XC,CS,D
10:29:02,ICBP,RG,8750,4,D,XC,CS,D
10:29:02,ICBP,RG,8750,1,F,AK,CS,D
10:29:02,ICBP,RG,8750,5,D,KK,CS,D
10:29:02,ICBP,RG,8750,10,D,PD,CS,D
10:29:02,ICBP,RG,8750,6,D,XL,CS,D
10:29:02,ICBP,RG,8750,1,D,XC,CS,D
10:29:02,ICBP,RG,8750,25,D,KK,CS,D
10:29:02,ICBP,RG,8750,1,D,XC,CS,D
10:29:02,ICBP,RG,8750,5,D,XC,CS,D
10:29:02,ICBP,RG,8750,1,D,PD,CS,D
10:29:02,ICBP,RG,8750,4,F,ZP,CS,D
10:29:02,ICBP,RG,8750,3,D,SQ,CS,D
10:29:02,ICBP,RG,8750,1,D,YP,CS,D
10:29:02,ICBP,RG,8750,2,D,CD,CS,D
10:29:02,ICBP,RG,8750,6,D,BB,CS,D
10:29:02,ICBP,RG,8750,5,D,YP,CS,D
10:29:02,ICBP,RG,8750,5,F,AK,CS,D
10:29:02,ICBP,RG,8750,3,F,ZP,CS,D
10:29:02,ICBP,RG,8750,1,D,XC,CS,D
10:29:02,ICBP,RG,8750,2,D,AI,CS,D
10:29:02,ICBP,RG,8750,15,F,ZP,CS,D
10:28:00,ICBP,RG,8750,7,F,ZP,YU,D
10:28:00,ICBP,RG,8750,27,D,YP,YU,D
10:27:40,ICBP,RG,8775,2,F,ZP,PD,D
10:26:56,ICBP,RG,8775,2,F,ZP,PD,D
10:26:11,ICBP,RG,8775,2,F,ZP,PD,D
10:25:46,ICBP,RG,8775,1,D,XC,PD,D
10:25:27,ICBP,RG,8775,2,F,ZP,PD,D
10:25:23,ICBP,RG,8775,1,D,XC,PD,D
10:25:15,ICBP,RG,8775,1,D,XC,PD,D
10:24:50,ICBP,RG,8775,4,D,BB,PD,D
10:24:43,ICBP,RG,8775,1,D,YP,PD,D
10:24:33,ICBP,RG,8750,3,D,YP,EP,D
10:24:00,ICBP,RG,8750,36,D,YP,YU,D
10:23:55,ICBP,RG,8750,34,D,YP,CS,D
10:23:55,ICBP,RG,8750,2,D,YP,CS,D
10:23:55,ICBP,RG,8750,5,D,PD,CS,D
10:23:55,ICBP,RG,8750,5,D,SQ,CS,D
10:23:55,ICBP,RG,8750,2,D,PD,CS,D
10:23:55,ICBP,RG,8750,3,D,PD,CS,D
10:23:55,ICBP,RG,8750,20,D,SQ,CS,D
10:23:55,ICBP,RG,8750,2,D,DR,CS,D
10:23:55,ICBP,RG,8750,1,D,CC,CS,D
10:23:55,ICBP,RG,8750,10,D,XL,CS,D
10:23:55,ICBP,RG,8750,1,D,XC,CS,D
10:23:55,ICBP,RG,8750,5,D,PD,CS,D
10:23:55,ICBP,RG,8750,2,D,KK,CS,D
10:23:55,ICBP,RG,8750,10,D,YP,AK,F
10:23:55,ICBP,RG,8750,4,D,CC,AK,F
10:23:55,ICBP,RG,8750,50,D,SQ,AK,F
10:23:55,ICBP,RG,8750,2,D,NI,AK,F
10:23:55,ICBP,RG,8750,1,D,PD,CS,D
10:23:55,ICBP,RG,8750,1,D,DR,CS,D
10:23:55,ICBP,RG,8750,1,D,LG,CS,D
10:23:55,ICBP,RG,8750,15,D,YP,CS,D
10:23:55,ICBP,RG,8750,1,D,XC,CS,D
10:23:55,ICBP,RG,8750,1,D,PD,CS,D
10:23:55,ICBP,RG,8750,1,D,SQ,CS,D
10:23:55,ICBP,RG,8750,5,D,KK,CS,D
10:23:55,ICBP,RG,8750,1,F,AK,CS,D
10:23:55,ICBP,RG,8750,3,D,XC,CS,D
10:23:55,ICBP,RG,8750,10,D,YP,CS,D
10:23:55,ICBP,RG,8750,4,D,EP,CS,D
10:23:55,ICBP,RG,8750,10,D,YP,CS,D
10:23:55,ICBP,RG,8750,1,F,ZP,CS,D
10:23:55,ICBP,RG,8750,1,D,CC,CS,D
10:23:54,ICBP,RG,8775,1,D,CD,PD,D
10:23:54,ICBP,RG,8750,1,F,ZP,PD,D
10:23:54,ICBP,RG,8750,1,F,ZP,PD,D
10:23:54,ICBP,RG,8750,4,D,PD,PD,D
10:23:54,ICBP,RG,8750,1,D,PD,PD,D
10:23:54,ICBP,RG,8750,2,D,PD,PD,D
10:23:54,ICBP,RG,8750,1,F,ZP,PD,D
10:23:54,ICBP,RG,8750,1,D,YP,PD,D
10:23:54,ICBP,RG,8750,3,D,YP,PD,D
10:23:54,ICBP,RG,8750,1,D,BB,PD,D
10:23:54,ICBP,RG,8750,1,F,ZP,PD,D
10:23:54,ICBP,RG,8750,2,D,GR,PD,D
10:23:54,ICBP,RG,8750,2,D,YP,PD,D
10:23:54,ICBP,RG,8750,1,F,AK,PD,D
10:23:54,ICBP,RG,8750,7,F,ZP,PD,D
10:23:54,ICBP,RG,8750,1,D,XC,PD,D
10:23:54,ICBP,RG,8750,2,D,CC,PD,D
10:23:54,ICBP,RG,8750,1,D,YP,PD,D
10:23:54,ICBP,RG,8750,1,D,YP,PD,D
10:23:54,ICBP,RG,8750,2,D,DH,PD,D
10:23:54,ICBP,RG,8750,100,D,YP,PD,D
10:23:54,ICBP,RG,8750,5,D,YP,PD,D
10:23:54,ICBP,RG,8750,3,D,CC,PD,D
10:23:54,ICBP,RG,8750,3,D,PD,PD,D
10:23:54,ICBP,RG,8750,1,D,PD,PD,D
10:23:54,ICBP,RG,8750,24,D,PD,PD,D
10:23:54,ICBP,RG,8750,25,D,PD,PD,D
10:23:54,ICBP,RG,8750,1,D,DH,PD,D
10:23:54,ICBP,RG,8750,1,D,XC,PD,D
10:23:54,ICBP,RG,8750,1,D,XC,PD,D
10:23:54,ICBP,RG,8750,10,D,PD,PD,D
10:23:54,ICBP,RG,8750,7,D,YP,PD,D
10:23:54,ICBP,RG,8750,3,D,PD,PD,D
10:23:54,ICBP,RG,8750,2,D,CC,PD,D
10:23:54,ICBP,RG,8750,4,D,DH,PD,D
10:23:54,ICBP,RG,8750,2,D,PD,PD,D
10:23:54,ICBP,RG,8750,1,D,XC,PD,D
10:23:54,ICBP,RG,8750,5,D,XC,PD,D
10:23:54,ICBP,RG,8750,1,D,YP,PD,D
10:23:54,ICBP,RG,8750,10,D,NI,PD,D
10:23:54,ICBP,RG,8750,10,D,DH,PD,D
10:23:54,ICBP,RG,8750,3,D,SQ,PD,D
10:23:54,ICBP,RG,8750,2,D,PD,PD,D
10:23:54,ICBP,RG,8750,10,D,EP,PD,D
10:23:54,ICBP,RG,8750,5,D,PD,PD,D
10:23:54,ICBP,RG,8750,1,D,XC,PD,D
10:23:54,ICBP,RG,8750,6,D,YP,PD,D
10:23:54,ICBP,RG,8750,18,D,SQ,PD,D
10:23:48,ICBP,RG,8775,3,D,YP,PD,D
10:23:45,ICBP,RG,8750,2,D,SQ,PD,D
10:23:45,ICBP,RG,8750,4,D,AO,PD,D
10:23:45,ICBP,RG,8750,16,D,AO,PD,D
10:23:45,ICBP,RG,8750,5,D,PD,PD,D
10:23:45,ICBP,RG,8750,28,D,CP,PD,D
10:23:45,ICBP,RG,8750,1,D,NI,PD,D
10:23:45,ICBP,RG,8750,20,D,SQ,PD,D
10:23:45,ICBP,RG,8750,2,D,YB,PD,D
10:23:45,ICBP,RG,8750,1,D,PD,PD,D
10:23:45,ICBP,RG,8750,2,D,EP,PD,D
10:23:45,ICBP,RG,8750,3,D,XC,PD,D
10:23:45,ICBP,RG,8750,63,D,GR,PD,D
10:23:45,ICBP,RG,8750,137,D,GR,PD,D
10:23:45,ICBP,RG,8750,4,D,YP,PD,D
10:23:45,ICBP,RG,8750,4,D,CC,PD,D
10:23:45,ICBP,RG,8750,3,D,CC,PD,D
10:23:45,ICBP,RG,8750,3,D,SQ,PD,D
10:23:45,ICBP,RG,8750,1,D,YP,PD,D
10:23:45,ICBP,RG,8750,1,D,YP,AK,F
10:23:26,ICBP,RG,8775,5,D,KK,PD,D
10:23:26,ICBP,RG,8775,2,D,YP,PD,D
10:23:16,ICBP,RG,8775,1,F,ZP,PD,D
10:22:52,ICBP,RG,8775,1,D,KK,PD,D
10:22:32,ICBP,RG,8775,1,D,AZ,PD,D
10:22:17,ICBP,RG,8775,4,D,BB,PD,D
10:22:16,ICBP,RG,8775,10,D,ZP,PD,D
10:21:53,ICBP,RG,8775,5,D,XC,PD,D
10:21:50,ICBP,RG,8775,1,D,DR,PD,D
10:21:17,ICBP,RG,8775,5,D,DH,PD,D
10:21:12,ICBP,RG,8775,1,D,XC,PD,D
10:20:28,ICBP,RG,8775,1,D,PD,PD,D
10:20:00,ICBP,RG,8750,3,D,SQ,YU,D
10:20:00,ICBP,RG,8750,20,D,YP,YU,D
10:20:00,ICBP,RG,8750,5,D,XL,YU,D
10:20:00,ICBP,RG,8750,8,D,PD,YU,D
10:19:59,ICBP,RG,8775,37,D,YP,PD,D
10:19:59,ICBP,RG,8775,19,D,YP,PD,D
10:19:40,ICBP,RG,8775,4,D,BB,PD,D
10:19:35,ICBP,RG,8775,1,D,CC,PD,D
10:19:13,ICBP,RG,8775,1,D,PD,PD,D
10:18:49,ICBP,RG,8775,10,D,PD,PD,D
10:18:44,ICBP,RG,8750,7,D,PD,CS,D
10:18:44,ICBP,RG,8750,5,D,PD,CS,D
10:18:44,ICBP,RG,8750,1,D,LG,CS,D
10:18:44,ICBP,RG,8750,1,D,XC,CS,D
10:18:44,ICBP,RG,8750,3,D,CC,CS,D
10:18:44,ICBP,RG,8750,10,D,CC,CS,D
10:18:44,ICBP,RG,8750,1,D,YU,CS,D
10:18:44,ICBP,RG,8750,9,D,YU,CS,D
10:18:44,ICBP,RG,8750,1,D,PD,CS,D
10:18:44,ICBP,RG,8750,1,D,PD,CS,D
10:18:44,ICBP,RG,8750,2,D,XA,CS,D
10:18:44,ICBP,RG,8750,3,D,XA,CS,D
10:18:44,ICBP,RG,8750,5,D,XA,CS,D
10:18:44,ICBP,RG,8750,1,D,GR,CS,D
10:18:44,ICBP,RG,8750,3,D,SQ,CS,D
10:18:44,ICBP,RG,8750,2,D,SQ,CS,D
10:18:44,ICBP,RG,8750,1,D,KK,CS,D
10:18:44,ICBP,RG,8750,1,D,XC,CS,D
10:18:44,ICBP,RG,8750,1,D,NI,CS,D
10:18:44,ICBP,RG,8750,10,D,CC,CS,D
10:18:44,ICBP,RG,8750,1,D,XC,CS,D
10:18:44,ICBP,RG,8750,3,D,PD,CS,D
10:18:44,ICBP,RG,8750,1,D,NI,CS,D
10:18:44,ICBP,RG,8750,1,D,PD,CS,D
10:18:44,ICBP,RG,8750,3,D,CC,CS,D
10:18:44,ICBP,RG,8750,2,D,CC,CS,D
10:18:44,ICBP,RG,8750,3,D,YP,CS,D
10:18:44,ICBP,RG,8750,2,D,XC,CS,D
10:18:44,ICBP,RG,8750,2,D,PD,CS,D
10:18:44,ICBP,RG,8750,1,D,YP,CS,D
10:18:44,ICBP,RG,8750,2,D,NI,CS,D
10:18:44,ICBP,RG,8750,2,D,NI,CS,D
10:18:44,ICBP,RG,8750,1,D,SQ,CS,D
10:18:44,ICBP,RG,8750,25,D,SQ,CS,D
10:18:44,ICBP,RG,8750,9,D,SQ,CS,D
10:18:44,ICBP,RG,8750,15,D,SQ,CS,D
10:18:44,ICBP,RG,8750,1,D,YP,CS,D
10:18:44,ICBP,RG,8750,4,D,XC,CS,D
10:18:44,ICBP,RG,8750,1,D,PD,CS,D
10:18:15,ICBP,RG,8750,10,D,GR,NI,D
10:18:00,ICBP,RG,8750,2,D,GR,YU,D
10:18:00,ICBP,RG,8750,1,D,YP,YU,D
10:18:00,ICBP,RG,8750,5,D,NI,YU,D
10:18:00,ICBP,RG,8750,3,D,PD,YU,D
10:18:00,ICBP,RG,8750,10,D,NI,YU,D
10:18:00,ICBP,RG,8750,5,D,YP,YU,D
10:18:00,ICBP,RG,8750,1,D,XC,YU,D
10:18:00,ICBP,RG,8750,21,F,PD,YU,D
10:17:00,ICBP,RG,8775,1,D,NI,PD,D
10:16:35,ICBP,RG,8775,2,D,SQ,PD,D
10:16:06,ICBP,RG,8750,4,F,PD,EP,D
10:16:06,ICBP,RG,8750,1,D,NI,EP,D
10:16:06,ICBP,RG,8750,15,D,LG,EP,D
10:15:34,ICBP,RG,8750,1,D,LG,PD,D
10:15:29,ICBP,RG,8775,1,D,DH,PD,D
10:14:56,ICBP,RG,8775,5,D,NI,PD,D
10:14:05,ICBP,RG,8775,10,D,HP,PD,D
10:14:01,ICBP,RG,8775,4,D,BB,PD,D
10:14:01,ICBP,RG,8775,2,F,ZP,PD,D
10:14:00,ICBP,RG,8775,1,D,GR,PD,D
10:14:00,ICBP,RG,8775,2,F,ZP,PD,D
10:14:00,ICBP,RG,8775,3,F,ZP,PD,D
10:14:00,ICBP,RG,8775,10,D,SQ,PD,D
10:14:00,ICBP,RG,8775,1,F,AK,PD,D
10:14:00,ICBP,RG,8775,2,F,ZP,PD,D
10:14:00,ICBP,RG,8775,2,D,PD,PD,D
10:14:00,ICBP,RG,8775,25,D,KK,PD,D
10:14:00,ICBP,RG,8775,1,D,BB,PD,D
10:14:00,ICBP,RG,8775,25,F,PD,PD,D
10:14:00,ICBP,RG,8775,2,F,ZP,PD,D
10:14:00,ICBP,RG,8775,2,F,ZP,PD,D
10:14:00,ICBP,RG,8775,3,D,SQ,PD,D
10:14:00,ICBP,RG,8775,1,D,AZ,PD,D
10:14:00,ICBP,RG,8775,1,F,AK,PD,D
10:14:00,ICBP,RG,8775,11,D,XC,PD,D
10:14:00,ICBP,RG,8775,46,D,XC,YU,D
10:14:00,ICBP,RG,8775,3,D,YP,YU,D
10:14:00,ICBP,RG,8775,5,F,ZP,YU,D
10:13:04,ICBP,RG,8775,1,F,ZP,CS,D
10:13:04,ICBP,RG,8775,1,F,ZP,CS,D
10:13:04,ICBP,RG,8775,100,D,GR,CS,D
10:12:27,ICBP,RG,8800,1,D,XC,YU,D
10:11:31,ICBP,RG,8800,3,D,PD,YU,D
10:10:46,ICBP,RG,8775,1,F,ZP,EP,D
10:10:35,ICBP,RG,8775,42,D,YP,CS,D
10:10:35,ICBP,RG,8775,3,D,YP,AK,F
10:10:35,ICBP,RG,8775,5,D,YP,AK,F
10:10:31,ICBP,RG,8775,1,D,LG,AK,F
10:10:31,ICBP,RG,8775,2,D,LG,AK,F
10:10:31,ICBP,RG,8775,3,D,LG,CS,D
10:10:31,ICBP,RG,8775,4,D,LG,GR,D
10:10:25,ICBP,RG,8750,5,D,LG,KK,D
10:10:23,ICBP,RG,8775,1,D,XC,GR,D
10:10:02,ICBP,RG,8750,3,D,LG,XC,D
10:09:31,ICBP,RG,8750,5,D,LG,DH,D
10:09:14,ICBP,RG,8775,1,D,KK,GR,D
10:09:14,ICBP,RG,8750,1,D,LG,PD,D
10:09:00,ICBP,RG,8750,58,D,LG,YU,D
10:08:39,ICBP,RG,8775,4,D,YP,GR,D
10:08:36,ICBP,RG,8775,1,F,ZP,CS,D
10:08:36,ICBP,RG,8775,1,D,EP,CS,D
10:08:28,ICBP,RG,8775,9,D,EP,CS,D
10:08:15,ICBP,RG,8775,1,F,ZP,CS,D
10:08:15,ICBP,RG,8775,1,D,BB,CS,D
10:08:15,ICBP,RG,8775,10,D,DR,CS,D
10:08:15,ICBP,RG,8775,1,F,ZP,CS,D
10:07:54,ICBP,RG,8775,3,F,ZP,CS,D
10:07:54,ICBP,RG,8775,1,F,ZP,CS,D
10:07:54,ICBP,RG,8775,6,D,BB,CS,D
10:07:54,ICBP,RG,8775,5,F,AK,CS,D
10:07:54,ICBP,RG,8775,5,D,IF,CS,D
10:07:54,ICBP,RG,8775,1,D,XC,CS,D
10:07:54,ICBP,RG,8775,3,F,ZP,CS,D
10:07:18,ICBP,RG,8775,1,D,EP,AK,F
10:07:17,ICBP,RG,8775,1,D,EP,CS,D
10:07:17,ICBP,RG,8775,2,D,YP,CS,D
10:07:17,ICBP,RG,8775,3,F,ZP,CS,D
10:07:17,ICBP,RG,8775,2,F,ZP,CS,D
10:07:17,ICBP,RG,8775,2,F,ZP,CS,D
10:07:17,ICBP,RG,8775,2,D,YB,CS,D
10:07:17,ICBP,RG,8775,2,D,YP,CS,D
10:07:17,ICBP,RG,8775,22,D,DR,CS,D
10:07:17,ICBP,RG,8775,1,F,AK,CS,D
10:07:17,ICBP,RG,8775,1,F,AK,CS,D
10:07:17,ICBP,RG,8775,3,D,SQ,CS,D
10:07:17,ICBP,RG,8775,12,F,ZP,CS,D
10:07:17,ICBP,RG,8775,17,D,BB,CS,D
10:07:17,ICBP,RG,8775,5,F,ZP,CS,D
10:05:38,ICBP,RG,8800,1,D,YP,AK,F
10:05:30,ICBP,RG,8800,1,D,DR,AK,F
10:05:30,ICBP,RG,8800,5,D,DR,CS,D
10:05:30,ICBP,RG,8800,4,D,DR,PD,D
10:05:20,ICBP,RG,8800,2,D,SQ,PD,D
10:05:11,ICBP,RG,8800,2,D,SQ,PD,D
10:05:00,ICBP,RG,8800,2,D,PD,PD,D
10:04:37,ICBP,RG,8800,3,D,SQ,PD,D
10:04:21,ICBP,RG,8800,6,F,ZP,PD,D
10:04:20,ICBP,RG,8800,128,F,XA,PD,D
10:04:20,ICBP,RG,8800,152,F,XA,PD,D
10:04:20,ICBP,RG,8800,6,F,XA,CS,D
10:04:20,ICBP,RG,8800,2,F,XA,CS,D
10:04:20,ICBP,RG,8800,9,F,XA,CS,D
10:04:20,ICBP,RG,8800,7,F,XA,YU,D
10:04:20,ICBP,RG,8775,24,F,XA,CS,D
10:04:20,ICBP,RG,8775,20,F,XA,CS,D
10:04:20,ICBP,RG,8775,2,F,XA,CS,D
10:04:20,ICBP,RG,8775,18,F,XA,CS,D
10:04:20,ICBP,RG,8775,28,F,XA,YU,D
10:04:20,ICBP,RG,8775,3,F,XA,CS,D
10:04:20,ICBP,RG,8775,5,F,XA,CS,D
10:04:20,ICBP,RG,8775,11,F,XA,CS,D
10:04:20,ICBP,RG,8775,25,F,XA,CS,D
10:04:20,ICBP,RG,8775,1,F,XA,SQ,D
10:04:20,ICBP,RG,8775,8,F,XA,CS,D
10:04:20,ICBP,RG,8775,1,F,XA,AK,F
10:04:20,ICBP,RG,8775,1,F,XA,AK,F
10:04:20,ICBP,RG,8775,3,F,XA,AK,F
10:04:20,ICBP,RG,8775,6,F,XA,AK,F
10:04:20,ICBP,RG,8775,22,F,XA,YU,D
10:04:20,ICBP,RG,8775,202,F,XA,SQ,D
10:04:00,ICBP,RG,8775,1,D,XC,SQ,D
10:03:51,ICBP,RG,8775,86,F,AK,SQ,D
10:03:50,ICBP,RG,8775,4,D,CC,SQ,D
10:03:30,ICBP,RG,8775,1,D,PD,SQ,D
10:03:16,ICBP,RG,8775,3,F,PD,SQ,D
10:02:47,ICBP,RG,8775,1,D,NI,SQ,D
10:02:31,ICBP,RG,8750,37,D,LG,PD,D
10:02:31,ICBP,RG,8750,1,D,KK,PD,D
10:02:31,ICBP,RG,8750,1,D,PD,PD,D
10:02:31,ICBP,RG,8750,3,D,CC,PD,D
10:02:31,ICBP,RG,8750,2,D,YB,PD,D
10:02:31,ICBP,RG,8750,27,D,PD,PD,D
10:02:31,ICBP,RG,8750,3,D,KK,PD,D
10:02:31,ICBP,RG,8750,12,D,YP,PD,D
10:02:31,ICBP,RG,8750,2,D,SQ,PD,D
10:02:31,ICBP,RG,8750,10,D,EP,PD,D
10:02:31,ICBP,RG,8750,1,D,XC,PD,D
10:02:31,ICBP,RG,8750,1,D,YP,PD,D
10:02:22,ICBP,RG,8750,10,D,YP,CC,D
10:02:16,ICBP,RG,8775,86,F,BK,SQ,D
10:02:15,ICBP,RG,8775,86,F,BK,SQ,D
10:02:14,ICBP,RG,8775,86,F,BK,SQ,D
10:02:13,ICBP,RG,8775,86,F,BK,SQ,D
10:02:12,ICBP,RG,8775,86,F,BK,SQ,D
10:02:00,ICBP,RG,8775,6,D,YP,SQ,D
10:01:33,ICBP,RG,8750,9,D,YP,CC,D
10:01:33,ICBP,RG,8750,1,D,YB,CC,D
10:01:33,ICBP,RG,8750,4,D,YU,CC,D
10:01:32,ICBP,RG,8750,9,D,YU,CS,D
10:01:32,ICBP,RG,8750,1,D,PD,CS,D
10:01:32,ICBP,RG,8750,1,D,YP,CS,D
10:01:32,ICBP,RG,8750,8,D,YB,CS,D
10:01:32,ICBP,RG,8750,2,D,PD,CS,D
10:01:32,ICBP,RG,8750,25,D,BQ,CS,D
10:01:32,ICBP,RG,8750,2,D,XL,CS,D
10:01:32,ICBP,RG,8750,2,D,YP,CS,D
10:01:32,ICBP,RG,8750,15,D,YP,CS,D
10:01:32,ICBP,RG,8750,1,D,LG,CS,D
10:01:32,ICBP,RG,8750,8,D,YP,CS,D
10:01:32,ICBP,RG,8750,10,D,YP,CS,D
10:01:32,ICBP,RG,8750,1,D,YP,CS,D
10:01:32,ICBP,RG,8750,10,D,DR,CS,D
10:01:32,ICBP,RG,8750,1,D,YP,CS,D
10:01:32,ICBP,RG,8750,5,D,PD,CS,D
10:01:32,ICBP,RG,8750,1,D,SQ,CS,D
10:01:32,ICBP,RG,8750,14,D,SQ,CS,D
10:01:16,ICBP,RG,8750,12,D,SQ,XC,D
10:01:11,ICBP,RG,8750,11,D,SQ,CS,D
10:00:33,ICBP,RG,8775,6,D,XC,SQ,D
10:00:01,ICBP,RG,8750,5,D,SQ,YB,D
10:00:01,ICBP,RG,8750,1,D,SQ,YB,D
10:00:00,ICBP,RG,8750,7,D,SQ,YU,D
10:00:00,ICBP,RG,8750,1,D,XL,YU,D
10:00:00,ICBP,RG,8750,2,D,YP,YU,D
10:00:00,ICBP,RG,8750,2,D,XC,YU,D
10:00:00,ICBP,RG,8750,2,D,DH,YU,D
10:00:00,ICBP,RG,8750,1,D,PD,YU,D
10:00:00,ICBP,RG,8750,1,D,PD,YU,D
10:00:00,ICBP,RG,8750,28,D,GR,YU,D
10:00:00,ICBP,RG,8750,10,D,KK,YU,D
9:59:58,ICBP,RG,8775,5,D,XC,SQ,D
9:58:49,ICBP,RG,8775,1,D,XC,SQ,D
9:58:40,ICBP,RG,8775,1,D,PD,SQ,D
9:58:39,ICBP,RG,8775,10,D,XA,SQ,D
9:58:39,ICBP,RG,8775,1,F,ZP,SQ,D
9:58:39,ICBP,RG,8775,5,D,XC,SQ,D
9:58:39,ICBP,RG,8775,1,F,ZP,SQ,D
9:58:39,ICBP,RG,8775,10,D,XA,SQ,D
9:58:39,ICBP,RG,8775,1,D,CP,SQ,D
9:58:39,ICBP,RG,8775,1,F,ZP,SQ,D
9:58:39,ICBP,RG,8775,1,D,NI,SQ,D
9:58:39,ICBP,RG,8775,4,F,ZP,SQ,D
9:58:39,ICBP,RG,8775,6,D,XL,SQ,D
9:58:39,ICBP,RG,8775,2,D,CC,SQ,D
9:58:39,ICBP,RG,8775,1,D,YP,SQ,D
9:58:39,ICBP,RG,8775,5,D,BB,SQ,D
9:58:39,ICBP,RG,8775,2,D,PD,SQ,D
9:58:39,ICBP,RG,8775,1,D,PD,SQ,D
9:58:39,ICBP,RG,8775,2,D,PD,SQ,D
9:58:39,ICBP,RG,8775,1,D,YP,SQ,D
9:58:39,ICBP,RG,8775,25,D,DH,SQ,D
9:58:39,ICBP,RG,8775,1,D,AZ,SQ,D
9:58:39,ICBP,RG,8775,1,D,KK,SQ,D
9:58:39,ICBP,RG,8775,1,D,NI,SQ,D
9:58:39,ICBP,RG,8775,2,D,PD,SQ,D
9:58:39,ICBP,RG,8775,1,D,PD,SQ,D
9:58:39,ICBP,RG,8775,25,D,PD,SQ,D
9:58:39,ICBP,RG,8775,1,D,NI,SQ,D
9:58:39,ICBP,RG,8775,10,D,PD,SQ,D
9:58:39,ICBP,RG,8775,25,D,PD,SQ,D
9:58:39,ICBP,RG,8775,2,D,KK,SQ,D
9:58:39,ICBP,RG,8775,1,D,DR,SQ,D
9:58:39,ICBP,RG,8775,1,D,XC,SQ,D
9:58:39,ICBP,RG,8775,25,F,PD,SQ,D
9:58:39,ICBP,RG,8775,1,D,YP,SQ,D
9:58:39,ICBP,RG,8775,2,D,YP,SQ,D
9:58:39,ICBP,RG,8775,10,D,ZP,SQ,D
9:58:39,ICBP,RG,8775,1,D,YP,SQ,D
9:58:39,ICBP,RG,8775,12,D,GR,SQ,D
9:58:39,ICBP,RG,8775,2,D,YP,SQ,D
9:58:39,ICBP,RG,8775,1,D,YP,SQ,D
9:58:39,ICBP,RG,8775,1,D,PD,SQ,D
9:58:39,ICBP,RG,8775,3,D,PD,SQ,D
9:58:39,ICBP,RG,8775,1,D,XL,SQ,D
9:58:39,ICBP,RG,8775,20,D,SQ,SQ,D
9:58:39,ICBP,RG,8775,10,D,YP,SQ,D
9:58:39,ICBP,RG,8775,2,D,SQ,SQ,D
9:58:39,ICBP,RG,8775,1,D,XC,SQ,D
9:58:39,ICBP,RG,8775,5,D,XC,SQ,D
9:58:39,ICBP,RG,8775,1,D,YP,SQ,D
9:58:39,ICBP,RG,8775,1,D,YP,SQ,D
9:58:39,ICBP,RG,8775,1,D,PD,SQ,D
9:58:39,ICBP,RG,8775,3,D,YP,SQ,D
9:58:24,ICBP,RG,8800,1,D,CP,YU,D
9:58:19,ICBP,RG,8800,2,D,KK,YU,D
9:58:00,ICBP,RG,8775,7,D,YP,YU,D
9:58:00,ICBP,RG,8775,1,D,GR,YU,D
9:58:00,ICBP,RG,8775,3,D,GR,YU,D
9:58:00,ICBP,RG,8775,1,D,GR,YU,D
9:58:00,ICBP,RG,8775,1,D,GR,YU,D
9:58:00,ICBP,RG,8775,1,D,XL,YU,D
9:58:00,ICBP,RG,8775,10,D,DR,YU,D
9:58:00,ICBP,RG,8775,2,D,EP,YU,D
9:58:00,ICBP,RG,8775,2,D,ZP,YU,D
9:58:00,ICBP,RG,8775,9,D,XA,YU,D
9:57:50,ICBP,RG,8775,1,D,XA,AK,F
9:57:38,ICBP,RG,8800,13,D,CC,YU,D
9:57:38,ICBP,RG,8800,2,D,DR,YU,D
9:57:36,ICBP,RG,8800,2,D,PD,YU,D
9:57:35,ICBP,RG,8800,1,F,ZP,CS,D
9:57:35,ICBP,RG,8800,1,D,KK,CS,D
9:57:34,ICBP,RG,8800,1,D,CC,CS,D
9:57:34,ICBP,RG,8800,4,F,AK,CS,D
9:57:34,ICBP,RG,8800,1,D,AZ,CS,D
9:57:34,ICBP,RG,8800,6,F,ZP,CS,D
9:57:08,ICBP,RG,8800,10,F,ZP,CS,D
9:57:08,ICBP,RG,8800,5,D,OD,CS,D
9:57:08,ICBP,RG,8800,2,D,EP,CS,D
9:57:08,ICBP,RG,8800,1,D,PD,CS,D
9:57:08,ICBP,RG,8800,10,D,YP,CS,D
9:57:08,ICBP,RG,8800,5,D,YP,CS,D
9:57:08,ICBP,RG,8800,1,D,PD,CS,D
9:57:08,ICBP,RG,8800,1,D,YP,CS,D
9:57:08,ICBP,RG,8800,1,D,DX,CS,D
9:57:08,ICBP,RG,8800,2,D,DR,CS,D
9:57:08,ICBP,RG,8800,2,D,XC,CS,D
9:57:08,ICBP,RG,8800,25,D,DR,CS,D
9:57:08,ICBP,RG,8800,1,D,YP,CS,D
9:57:08,ICBP,RG,8800,1,D,XC,CS,D
9:57:08,ICBP,RG,8800,5,D,NI,CS,D
9:57:08,ICBP,RG,8800,1,D,YP,CS,D
9:57:08,ICBP,RG,8800,1,D,PD,CS,D
9:57:08,ICBP,RG,8800,1,D,XC,CS,D
9:57:08,ICBP,RG,8800,1,F,AK,CS,D
9:57:08,ICBP,RG,8800,1,D,NI,CS,D
9:57:08,ICBP,RG,8800,1,F,ZP,CS,D
9:57:08,ICBP,RG,8800,2,F,ZP,CS,D
9:57:08,ICBP,RG,8800,1,F,ZP,CS,D
9:57:08,ICBP,RG,8800,11,D,BB,CS,D
9:57:08,ICBP,RG,8800,1,F,ZP,CS,D
9:57:08,ICBP,RG,8800,1,F,AK,CS,D
9:57:08,ICBP,RG,8800,4,F,ZP,CS,D
9:57:08,ICBP,RG,8800,1,D,KK,CS,D
9:57:08,ICBP,RG,8800,1,D,PD,CS,D
9:57:04,ICBP,RG,8800,1,D,XC,CS,D
9:57:04,ICBP,RG,8800,10,D,KK,CS,D
9:57:04,ICBP,RG,8800,1,D,PD,CS,D
9:57:04,ICBP,RG,8800,50,D,KK,CS,D
9:57:04,ICBP,RG,8800,1,D,DR,CS,D
9:57:04,ICBP,RG,8800,25,F,PD,CS,D
9:57:04,ICBP,RG,8800,5,D,PD,CS,D
9:56:51,ICBP,RG,8825,2,F,ZP,YU,D
9:56:27,ICBP,RG,8825,1,D,PD,YU,D
9:56:09,ICBP,RG,8825,1,D,PD,YU,D
9:56:08,ICBP,RG,8825,2,F,ZP,YU,D
9:56:04,ICBP,RG,8825,2,D,PD,YU,D
9:55:26,ICBP,RG,8825,2,F,ZP,YU,D
9:55:25,ICBP,RG,8825,13,F,PD,YU,D
9:55:25,ICBP,RG,8825,3,F,PD,CS,D
9:55:25,ICBP,RG,8825,8,F,PD,CS,D
9:55:25,ICBP,RG,8825,1,F,PD,CS,D
9:55:10,ICBP,RG,8825,1,D,CC,AK,F
9:55:02,ICBP,RG,8800,1,D,PD,YP,F
9:54:36,ICBP,RG,8800,9,D,PD,PD,D
9:54:36,ICBP,RG,8800,10,D,PD,PD,D
9:54:36,ICBP,RG,8800,25,D,PD,PD,D
9:54:36,ICBP,RG,8800,1,D,XC,PD,D
9:54:36,ICBP,RG,8800,3,D,NI,PD,D
9:54:36,ICBP,RG,8800,1,D,NI,PD,D
9:54:36,ICBP,RG,8800,1,D,PD,PD,D
9:54:36,ICBP,RG,8800,1,D,NI,PD,D
9:54:36,ICBP,RG,8800,20,D,DH,PD,D
9:54:36,ICBP,RG,8800,1,D,XC,PD,D
9:54:36,ICBP,RG,8800,4,D,PD,PD,D
9:54:36,ICBP,RG,8800,1,D,DR,PD,D
9:54:36,ICBP,RG,8800,2,D,SQ,PD,D
9:54:36,ICBP,RG,8800,30,D,LS,PD,D
9:54:36,ICBP,RG,8800,1,D,PD,PD,D
9:54:36,ICBP,RG,8800,1,D,KK,PD,D
9:54:36,ICBP,RG,8800,27,D,PD,PD,D
9:54:36,ICBP,RG,8800,1,D,XC,PD,D
9:54:36,ICBP,RG,8800,1,D,IH,PD,D
9:54:36,ICBP,RG,8800,10,D,PD,PD,D
9:54:36,ICBP,RG,8800,5,D,TP,PD,D
9:54:36,ICBP,RG,8800,1,D,PD,PD,D
9:54:36,ICBP,RG,8800,1,D,XC,PD,D
9:54:36,ICBP,RG,8800,2,D,LS,PD,D
9:54:36,ICBP,RG,8800,1,D,PD,PD,D
9:54:36,ICBP,RG,8800,2,D,XC,PD,D
9:54:36,ICBP,RG,8800,1,D,PD,PD,D
9:54:36,ICBP,RG,8800,1,D,PD,PD,D
9:54:36,ICBP,RG,8800,6,D,AI,PD,D
9:54:36,ICBP,RG,8800,2,D,PD,PD,D
9:54:36,ICBP,RG,8800,2,D,XC,PD,D
9:54:36,ICBP,RG,8800,23,D,SQ,PD,D
9:54:36,ICBP,RG,8800,2,D,SQ,PD,D
9:54:36,ICBP,RG,8800,2,D,SQ,PD,D
9:54:36,ICBP,RG,8800,2,D,YP,PD,D
9:54:36,ICBP,RG,8800,100,D,YP,PD,D
9:54:36,ICBP,RG,8800,1,D,YP,PD,D
9:54:36,ICBP,RG,8800,1,D,YP,PD,D
9:54:36,ICBP,RG,8800,1,D,PD,PD,D
9:54:36,ICBP,RG,8800,1,D,PD,PD,D
9:54:36,ICBP,RG,8800,5,D,YP,PD,D
9:54:36,ICBP,RG,8800,2,D,YP,PD,D
9:54:36,ICBP,RG,8800,85,D,YP,PD,D
9:54:30,ICBP,RG,8800,1,D,YP,XL,D
9:53:26,ICBP,RG,8800,14,D,YP,CS,D
9:53:26,ICBP,RG,8800,25,D,PD,CS,D
9:53:26,ICBP,RG,8800,100,D,KK,CS,D
9:53:26,ICBP,RG,8800,54,D,YB,CS,D
9:53:00,ICBP,RG,8800,6,D,YB,YU,D
9:53:00,ICBP,RG,8800,1,D,KK,YU,D
9:53:00,ICBP,RG,8800,1,D,XC,YU,D
9:53:00,ICBP,RG,8800,1,D,PD,YU,D
9:53:00,ICBP,RG,8800,1,D,PD,YU,D
9:53:00,ICBP,RG,8800,1,D,PD,YU,D
9:53:00,ICBP,RG,8800,12,D,AI,YU,D
9:53:00,ICBP,RG,8800,10,D,AI,YU,D
9:53:00,ICBP,RG,8800,5,D,DX,YU,D
9:53:00,ICBP,RG,8800,10,D,EP,YU,D
9:53:00,ICBP,RG,8800,13,D,KK,YU,D
9:52:54,ICBP,RG,8825,1,D,XC,AK,F
9:52:19,ICBP,RG,8825,1,D,XL,AK,F
9:51:28,ICBP,RG,8800,1,D,KK,PD,D
9:51:06,ICBP,RG,8825,1,D,OD,AK,F
9:51:03,ICBP,RG,8825,3,D,PD,AK,F
9:51:02,ICBP,RG,8800,11,D,KK,XC,D
9:50:47,ICBP,RG,8825,5,D,XC,AK,F
9:50:47,ICBP,RG,8825,16,D,XC,AK,F
9:50:47,ICBP,RG,8825,3,D,XC,CS,D
9:50:47,ICBP,RG,8825,16,D,XC,YU,D
9:50:47,ICBP,RG,8825,6,D,XC,PD,D
9:50:47,ICBP,RG,8825,10,D,XC,PD,D
9:49:16,ICBP,RG,8825,1,D,SQ,PD,D
9:49:06,ICBP,RG,8825,1,D,PD,PD,D
9:48:27,ICBP,RG,8825,3,D,CC,PD,D
9:48:18,ICBP,RG,8825,3,F,ZP,PD,D
9:48:18,ICBP,RG,8825,11,D,OD,PD,D
9:48:18,ICBP,RG,8825,1,F,ZP,PD,D
9:48:18,ICBP,RG,8825,1,D,PD,PD,D
9:48:18,ICBP,RG,8825,1,F,ZP,PD,D
9:48:18,ICBP,RG,8825,2,F,ZP,PD,D
9:48:18,ICBP,RG,8825,1,F,ZP,PD,D
9:48:18,ICBP,RG,8825,1,F,ZP,PD,D
9:48:18,ICBP,RG,8825,3,D,BB,PD,D
9:48:18,ICBP,RG,8825,2,D,XC,PD,D
9:48:18,ICBP,RG,8825,3,D,XC,PD,D
9:48:18,ICBP,RG,8825,2,D,XC,PD,D
9:48:18,ICBP,RG,8825,1,D,PD,PD,D
9:48:18,ICBP,RG,8825,1,D,XC,PD,D
9:48:18,ICBP,RG,8825,4,D,XC,PD,D
9:48:18,ICBP,RG,8825,2,D,XC,PD,D
9:48:18,ICBP,RG,8825,3,D,PD,PD,D
9:48:18,ICBP,RG,8825,25,F,PD,PD,D
9:48:18,ICBP,RG,8825,25,D,PD,PD,D
9:48:18,ICBP,RG,8825,5,D,DR,PD,D
9:48:18,ICBP,RG,8825,10,D,PD,PD,D
9:48:18,ICBP,RG,8825,3,D,NI,PD,D
9:48:18,ICBP,RG,8825,1,D,XC,PD,D
9:48:18,ICBP,RG,8825,15,D,PD,PD,D
9:48:18,ICBP,RG,8825,35,D,PD,PD,D
9:48:18,ICBP,RG,8825,2,D,CC,PD,D
9:48:18,ICBP,RG,8825,20,D,SQ,PD,D
9:48:18,ICBP,RG,8825,1,D,DR,PD,D
9:48:18,ICBP,RG,8825,1,D,XC,PD,D
9:48:18,ICBP,RG,8825,5,D,BQ,PD,D
9:48:18,ICBP,RG,8825,1,D,CC,PD,D
9:48:18,ICBP,RG,8825,1,D,XC,PD,D
9:48:18,ICBP,RG,8825,2,D,XC,PD,D
9:48:18,ICBP,RG,8825,1,D,XC,PD,D
9:48:18,ICBP,RG,8825,6,D,CP,PD,D
9:48:18,ICBP,RG,8825,3,D,NI,PD,D
9:48:18,ICBP,RG,8825,1,D,YP,PD,D
9:48:18,ICBP,RG,8825,2,D,EP,PD,D
9:48:18,ICBP,RG,8825,1,D,AZ,PD,D
9:48:18,ICBP,RG,8825,1,D,XL,PD,D
9:48:18,ICBP,RG,8825,1,D,XC,PD,D
9:48:18,ICBP,RG,8825,2,D,SQ,PD,D
9:48:18,ICBP,RG,8825,1,D,YP,PD,D
9:48:18,ICBP,RG,8825,10,D,DR,PD,D
9:48:18,ICBP,RG,8825,2,D,PD,PD,D
9:48:18,ICBP,RG,8825,1,D,XC,PD,D
9:48:18,ICBP,RG,8825,1,D,XC,PD,D
9:48:18,ICBP,RG,8825,1,D,LG,PD,D
9:48:18,ICBP,RG,8825,1,D,XC,PD,D
9:48:18,ICBP,RG,8825,3,D,NI,PD,D
9:48:18,ICBP,RG,8825,20,D,EP,PD,D
9:48:18,ICBP,RG,8825,25,D,YP,PD,D
9:48:18,ICBP,RG,8825,1,D,XC,PD,D
9:48:01,ICBP,RG,8850,3,D,DH,AK,F
9:47:30,ICBP,RG,8850,5,D,YP,AK,F
9:46:32,ICBP,RG,8850,5,D,IP,AK,F
9:46:32,ICBP,RG,8850,5,D,IP,YU,D
9:46:07,ICBP,RG,8850,1,D,PD,XC,D
9:45:55,ICBP,RG,8850,1,F,ZP,XC,D
9:45:51,ICBP,RG,8850,6,F,AK,AK,F
9:45:51,ICBP,RG,8850,2,D,PD,AK,F
9:45:51,ICBP,RG,8850,4,F,ZP,AK,F
9:45:51,ICBP,RG,8850,2,F,ZP,AK,F
9:45:51,ICBP,RG,8850,54,D,DR,AK,F
9:45:50,ICBP,RG,8850,46,D,DR,CS,D
9:45:50,ICBP,RG,8850,1,F,ZP,CS,D
9:45:50,ICBP,RG,8850,1,F,ZP,CS,D
9:45:50,ICBP,RG,8850,2,F,ZP,CS,D
9:45:50,ICBP,RG,8850,1,F,ZP,CS,D
9:45:50,ICBP,RG,8850,3,F,ZP,CS,D
9:45:50,ICBP,RG,8850,1,D,CC,CS,D
9:45:50,ICBP,RG,8850,3,D,DR,CS,D
9:45:50,ICBP,RG,8850,1,D,PD,CS,D
9:45:50,ICBP,RG,8850,6,D,YP,CS,D
9:45:49,ICBP,RG,8850,72,D,YP,AK,F
9:45:48,ICBP,RG,8850,22,D,YP,AK,F
9:45:48,ICBP,RG,8850,4,D,CC,AK,F
9:45:48,ICBP,RG,8850,2,D,PD,AK,F
9:45:48,ICBP,RG,8850,1,D,NI,AK,F
9:45:48,ICBP,RG,8850,1,D,XC,AK,F
9:45:48,ICBP,RG,8850,1,D,YP,AK,F
9:45:48,ICBP,RG,8850,1,F,AK,AK,F
9:45:48,ICBP,RG,8850,1,D,XC,AK,F
9:45:48,ICBP,RG,8850,3,D,SQ,AK,F
9:45:48,ICBP,RG,8850,2,D,XC,AK,F
9:45:48,ICBP,RG,8850,1,F,AK,AK,F
9:45:48,ICBP,RG,8850,1,D,XC,AK,F
9:45:48,ICBP,RG,8850,23,D,YP,AK,F
9:45:48,ICBP,RG,8850,9,D,NI,AK,F
9:45:47,ICBP,RG,8850,1,D,NI,AK,F
9:45:47,ICBP,RG,8850,12,D,KK,AK,F
9:45:47,ICBP,RG,8850,1,D,NI,AK,F
9:45:47,ICBP,RG,8850,3,D,YP,AK,F
9:45:47,ICBP,RG,8850,14,D,PD,AK,F
9:45:46,ICBP,RG,8850,4,D,PD,PD,D
9:45:46,ICBP,RG,8850,12,D,PD,PD,D
9:45:46,ICBP,RG,8850,8,D,BB,PD,D
9:45:46,ICBP,RG,8850,1,D,CC,PD,D
9:45:46,ICBP,RG,8850,5,D,YB,PD,D
9:45:46,ICBP,RG,8850,10,D,YB,PD,D
9:45:46,ICBP,RG,8850,25,F,PD,PD,D
9:45:46,ICBP,RG,8850,25,D,PD,PD,D
9:45:46,ICBP,RG,8850,1,D,EP,PD,D
9:45:46,ICBP,RG,8850,7,D,YP,PD,D
