Time,Stock,Brd,Price,Qty,BT,BC,SC,ST
15:14:47,ICBP,RG,8850,7,D,YP,NI,D
15:14:34,ICBP,RG,8850,1,D,CP,NI,D
15:13:47,ICBP,RG,8850,1,D,CP,NI,D
15:13:30,ICBP,RG,8850,3,D,PD,NI,D
15:13:04,ICBP,RG,8850,2,D,SQ,NI,D
15:12:19,ICBP,RG,8850,1,D,CD,NI,D
15:11:30,ICBP,RG,8850,3,D,YP,NI,D
15:11:01,ICBP,RG,8850,11,D,YP,NI,D
15:10:53,ICBP,RG,8850,6,D,YP,NI,D
15:10:30,ICBP,RG,8850,7,D,OD,NI,D
15:09:54,ICBP,RG,8850,1,D,CP,NI,D
15:09:39,ICBP,RG,8850,1,D,DH,NI,D
15:09:39,ICBP,RG,8850,5,D,OD,NI,D
15:09:03,ICBP,RG,8850,1,D,KK,NI,D
15:08:59,ICBP,RG,8850,1,D,PD,NI,D
15:08:54,ICBP,RG,8850,12,D,OD,NI,D
15:06:36,ICBP,RG,8850,1,D,YP,NI,D
15:06:00,ICBP,RG,8850,2,D,CC,NI,D
15:05:02,ICBP,RG,8850,1,D,XL,NI,D
15:05:02,ICBP,RG,8850,30,D,AG,NI,D
15:05:02,ICBP,RG,8850,8,D,EP,NI,D
15:05:02,ICBP,RG,8850,1,D,AI,NI,D
15:05:01,ICBP,RG,8850,1,D,XC,NI,D
15:05:00,ICBP,RG,8850,5,D,HP,NI,D
15:00:00,ICBP,RG,8850,23,D,HP,NI,D
15:00:00,ICBP,RG,8850,1,D,PD,NI,D
15:00:00,ICBP,RG,8850,3,D,AZ,NI,D
15:00:00,ICBP,RG,8850,1,D,YP,NI,D
15:00:00,ICBP,RG,8850,1,D,YP,NI,D
15:00:00,ICBP,RG,8850,2,D,DH,NI,D
15:00:00,ICBP,RG,8850,15,D,YP,NI,D
15:00:00,ICBP,RG,8850,10,D,CC,NI,D
15:00:00,ICBP,RG,8850,29,D,YP,NI,D
15:00:00,ICBP,RG,8850,1,D,XC,NI,D
15:00:00,ICBP,RG,8850,24,D,PD,NI,D
15:00:00,ICBP,RG,8850,7,D,YP,NI,D
15:00:00,ICBP,RG,8850,2,D,AZ,NI,D
15:00:00,ICBP,RG,8850,2,D,AZ,NI,D
15:00:00,ICBP,RG,8850,3,D,YP,NI,D
15:00:00,ICBP,RG,8850,10,D,YP,NI,D
15:00:00,ICBP,RG,8850,7,D,YP,NI,D
15:00:00,ICBP,RG,8850,2,D,YP,CC,D
15:00:00,ICBP,RG,8850,1,D,YP,AT,D
15:00:00,ICBP,RG,8850,2,D,YP,AT,D
15:00:00,ICBP,RG,8850,5,D,YP,AT,D
15:00:00,ICBP,RG,8850,2,F,ZP,AT,D
15:00:00,ICBP,RG,8850,7,F,ZP,AT,D
15:00:00,ICBP,RG,8850,10,F,ZP,DH,D
15:00:00,ICBP,RG,8850,1,F,ZP,PD,D
15:00:00,ICBP,RG,8850,26,F,ZP,MU,D
15:00:00,ICBP,RG,8850,4,F,ZP,MU,D
15:00:00,ICBP,RG,8850,4,F,ZP,CC,D
15:00:00,ICBP,RG,8850,13,F,ZP,SQ,D
15:00:00,ICBP,RG,8850,1,F,ZP,GR,D
15:00:00,ICBP,RG,8850,55,F,ZP,CC,D
15:00:00,ICBP,RG,8850,3,F,ZP,SQ,D
15:00:00,ICBP,RG,8850,3,F,ZP,DR,D
15:00:00,ICBP,RG,8850,19,F,ZP,BK,F
15:00:00,ICBP,RG,8850,22,F,ZP,BK,F
15:00:00,ICBP,RG,8850,80,F,ZP,BK,F
15:00:00,ICBP,RG,8850,46,F,AK,BK,F
15:00:00,ICBP,RG,8850,56,F,BK,BK,F
15:00:00,ICBP,RG,8850,211,F,BK,BK,F
15:00:00,ICBP,RG,8850,377,F,BK,BK,F
15:00:00,ICBP,RG,8850,292,F,BK,DX,F
15:00:00,ICBP,RG,8850,131,F,BK,RX,F
15:00:00,ICBP,RG,8850,69,D,CS,RX,F
15:00:00,ICBP,RG,8850,1,F,ZP,RX,F
15:00:00,ICBP,RG,8850,305,D,YU,RX,F
15:00:00,ICBP,RG,8850,103,D,CC,RX,F
15:00:00,ICBP,RG,8850,50,D,CC,FS,F
14:49:48,ICBP,RG,8825,8,F,DX,BK,F
14:49:45,ICBP,RG,8825,23,F,DX,BK,F
14:49:43,ICBP,RG,8850,111,D,CC,NI,D
14:49:32,ICBP,RG,8850,12,D,NI,NI,D
14:49:30,ICBP,RG,8825,5,F,DX,BK,F
14:49:29,ICBP,RG,8850,2,F,BK,NI,D
14:49:05,ICBP,RG,8825,9,F,DX,BK,F
14:49:01,ICBP,RG,8850,32,F,BK,NI,D
14:49:00,ICBP,RG,8825,31,F,DX,BK,F
14:49:00,ICBP,RG,8850,1,F,AK,NI,D
14:48:54,ICBP,RG,8825,9,F,DX,BK,F
14:48:53,ICBP,RG,8850,1,F,ZP,NI,D
14:48:53,ICBP,RG,8850,1,F,ZP,NI,D
14:48:47,ICBP,RG,8850,9,F,BK,NI,D
14:48:42,ICBP,RG,8825,9,F,DX,BK,F
14:48:40,ICBP,RG,8825,8,F,DX,BK,F
14:48:36,ICBP,RG,8850,25,D,TP,NI,D
14:48:32,ICBP,RG,8825,9,F,DX,BK,F
14:48:30,ICBP,RG,8850,9,F,BK,NI,D
14:48:28,ICBP,RG,8825,9,F,DX,BK,F
14:48:15,ICBP,RG,8825,8,F,DX,BK,F
14:48:13,ICBP,RG,8850,9,F,BK,NI,D
14:48:12,ICBP,RG,8850,1,D,NI,NI,D
14:48:00,ICBP,RG,8825,9,F,DX,BK,F
14:47:57,ICBP,RG,8850,9,F,BK,NI,D
14:47:46,ICBP,RG,8825,9,F,DX,BK,F
14:47:44,ICBP,RG,8850,8,F,BK,NI,D
14:47:37,ICBP,RG,8825,9,F,DX,BK,F
14:47:28,ICBP,RG,8850,9,F,BK,NI,D
14:47:24,ICBP,RG,8825,9,F,DX,BK,F
14:47:14,ICBP,RG,8850,8,F,BK,NI,D
14:47:14,ICBP,RG,8825,9,F,DX,BK,F
14:47:00,ICBP,RG,8825,8,F,DX,BK,F
14:46:58,ICBP,RG,8850,9,F,BK,NI,D
14:46:52,ICBP,RG,8825,8,F,DX,BK,F
14:46:43,ICBP,RG,8850,28,D,KK,NI,D
14:46:40,ICBP,RG,8850,9,F,BK,NI,D
14:46:26,ICBP,RG,8850,9,F,BK,NI,D
14:46:24,ICBP,RG,8825,10,F,DX,SQ,D
14:46:17,ICBP,RG,8825,10,F,DX,EP,D
14:46:10,ICBP,RG,8850,8,F,BK,NI,D
14:45:55,ICBP,RG,8850,9,F,BK,NI,D
14:45:37,ICBP,RG,8850,9,F,BK,NI,D
14:45:36,ICBP,RG,8850,1,F,ZP,NI,D
14:45:36,ICBP,RG,8850,3,D,YP,NI,D
14:45:34,ICBP,RG,8850,5,D,YP,CC,D
14:45:25,ICBP,RG,8850,1,D,YP,YP,D
14:45:21,ICBP,RG,8875,2,F,BK,PD,D
14:45:21,ICBP,RG,8875,7,F,BK,XA,D
14:45:08,ICBP,RG,8850,59,D,YP,CC,F
14:45:08,ICBP,RG,8850,132,D,YP,DX,F
14:45:05,ICBP,RG,8850,10,D,KK,DX,F
14:45:01,ICBP,RG,8850,7,F,BK,DX,F
14:45:01,ICBP,RG,8850,3,F,BK,KK,D
14:44:55,ICBP,RG,8850,1,D,PD,KK,D
14:44:45,ICBP,RG,8850,10,F,BK,KK,D
14:44:30,ICBP,RG,8850,1,F,ZP,KK,D
14:44:28,ICBP,RG,8850,1,F,ZP,XC,D
14:44:28,ICBP,RG,8875,8,F,BK,XA,D
14:44:21,ICBP,RG,8825,224,F,DX,DX,F
14:44:20,ICBP,RG,8850,44,F,AK,DX,F
14:44:19,ICBP,RG,8850,117,F,AK,DX,F
14:44:19,ICBP,RG,8850,44,F,AK,DX,F
14:44:19,ICBP,RG,8850,1,F,ZP,DX,F
14:44:19,ICBP,RG,8825,225,F,DX,DX,F
14:44:18,ICBP,RG,8850,22,F,AK,DX,F
14:44:18,ICBP,RG,8850,2,F,ZP,DX,F
14:44:17,ICBP,RG,8850,1,F,AK,CS,F
14:44:17,ICBP,RG,8825,281,F,DX,DX,F
14:44:16,ICBP,RG,8850,109,F,AK,CS,F
14:44:16,ICBP,RG,8850,1,F,AK,XC,D
14:44:16,ICBP,RG,8850,900,F,AK,NI,D
14:44:16,ICBP,RG,8850,5,F,AK,PD,D
14:44:16,ICBP,RG,8850,5,F,AK,SQ,D
14:44:16,ICBP,RG,8850,50,F,AK,GR,D
14:44:16,ICBP,RG,8850,9,F,AK,LG,D
14:44:16,ICBP,RG,8850,1,F,AK,DX,F
14:44:16,ICBP,RG,8850,1,F,AK,DX,F
14:44:16,ICBP,RG,8850,3,F,AK,NI,D
14:44:16,ICBP,RG,8850,1,F,AK,PD,D
14:44:16,ICBP,RG,8850,80,F,AK,CS,F
14:44:16,ICBP,RG,8850,2,F,AK,NI,D
14:44:16,ICBP,RG,8850,5,F,AK,LS,D
14:44:16,ICBP,RG,8850,2,F,AK,NI,D
14:44:16,ICBP,RG,8850,35,F,AK,CC,D
14:44:16,ICBP,RG,8850,36,F,AK,CS,F
14:44:16,ICBP,RG,8825,426,F,DX,BK,F
14:44:14,ICBP,RG,8850,54,D,OD,CS,F
14:44:14,ICBP,RG,8850,1,D,OD,CC,D
14:44:14,ICBP,RG,8850,1,D,OD,PD,D
14:44:14,ICBP,RG,8850,2,D,OD,YU,D
14:44:14,ICBP,RG,8850,2,D,OD,DH,D
14:44:14,ICBP,RG,8850,1,D,OD,NI,D
14:44:14,ICBP,RG,8850,5,D,OD,DR,D
14:44:14,ICBP,RG,8850,3,D,OD,PD,D
14:44:14,ICBP,RG,8850,23,D,OD,PD,D
14:44:14,ICBP,RG,8850,8,D,OD,PD,D
14:44:14,ICBP,RG,8850,1,D,OD,SQ,D
14:44:14,ICBP,RG,8850,5,D,OD,PD,D
14:44:14,ICBP,RG,8850,1,D,OD,EP,D
14:44:14,ICBP,RG,8850,5,D,OD,PD,D
14:44:14,ICBP,RG,8850,10,D,OD,DH,D
14:44:14,ICBP,RG,8850,1,D,OD,CC,D
14:44:14,ICBP,RG,8850,3,D,OD,PD,D
14:44:14,ICBP,RG,8850,3,D,OD,YP,D
14:44:14,ICBP,RG,8850,3,D,OD,NI,D
14:44:14,ICBP,RG,8850,1,D,OD,YP,D
14:44:14,ICBP,RG,8850,5,D,OD,CC,D
14:44:14,ICBP,RG,8850,1,D,OD,NI,D
14:44:14,ICBP,RG,8850,85,D,OD,CS,F
14:44:14,ICBP,RG,8850,5,D,OD,NI,D
14:44:14,ICBP,RG,8850,13,D,OD,NI,D
14:44:14,ICBP,RG,8850,6,D,OD,OD,D
14:44:14,ICBP,RG,8850,5,D,OD,PD,D
14:44:14,ICBP,RG,8850,2,D,OD,PD,D
14:44:14,ICBP,RG,8850,1,D,OD,TP,D
14:44:14,ICBP,RG,8850,2,D,OD,NI,D
14:44:14,ICBP,RG,8850,10,D,OD,SQ,D
14:44:14,ICBP,RG,8850,10,D,OD,PD,D
14:44:14,ICBP,RG,8850,10,D,OD,KK,D
14:44:14,ICBP,RG,8850,2,D,OD,GR,D
14:44:14,ICBP,RG,8850,100,D,OD,NI,D
14:44:14,ICBP,RG,8850,6,D,OD,XC,D
14:44:14,ICBP,RG,8850,5,D,OD,XC,D
14:44:14,ICBP,RG,8850,10,D,OD,LG,D
14:44:14,ICBP,RG,8850,1,D,OD,PD,D
14:44:14,ICBP,RG,8850,50,D,OD,YP,D
14:44:14,ICBP,RG,8850,1,D,OD,XC,D
14:44:14,ICBP,RG,8850,5,D,OD,PD,D
14:44:14,ICBP,RG,8850,1,D,OD,DH,D
14:44:14,ICBP,RG,8850,7,D,OD,NI,D
14:44:14,ICBP,RG,8850,2,D,OD,PD,D
14:44:14,ICBP,RG,8850,1,D,OD,XC,D
14:44:14,ICBP,RG,8850,1,D,OD,XC,D
14:44:14,ICBP,RG,8850,915,D,OD,CP,D
14:44:14,ICBP,RG,8850,25,D,OD,YP,D
14:44:14,ICBP,RG,8850,1,D,OD,PD,D
14:44:14,ICBP,RG,8850,1,D,OD,XC,D
14:44:14,ICBP,RG,8850,21,D,OD,BQ,D
14:44:14,ICBP,RG,8850,5,D,OD,PD,D
14:44:14,ICBP,RG,8850,2,D,OD,SQ,D
14:44:14,ICBP,RG,8850,1,D,OD,NI,D
14:44:14,ICBP,RG,8850,5,D,OD,XC,D
14:44:14,ICBP,RG,8850,1,D,OD,YU,D
14:44:14,ICBP,RG,8850,17,D,OD,YP,D
14:44:14,ICBP,RG,8850,5,D,OD,DR,D
14:44:14,ICBP,RG,8850,4,D,OD,DR,D
14:44:14,ICBP,RG,8850,1,D,OD,XC,D
14:44:14,ICBP,RG,8850,1,D,OD,SQ,D
14:44:14,ICBP,RG,8850,1,D,OD,CC,D
14:44:14,ICBP,RG,8850,2,D,OD,NI,D
14:44:14,ICBP,RG,8850,365,D,OD,CP,D
14:44:14,ICBP,RG,8850,100,D,OD,SQ,D
14:44:14,ICBP,RG,8850,1,D,OD,AT,D
14:44:14,ICBP,RG,8850,12,D,OD,PD,D
14:44:14,ICBP,RG,8850,1,D,OD,XC,D
14:44:14,ICBP,RG,8850,5,D,OD,PD,D
14:44:14,ICBP,RG,8850,3,D,OD,XC,D
14:44:14,ICBP,RG,8850,2,D,OD,XC,D
14:44:14,ICBP,RG,8850,5,D,OD,XC,D
14:44:14,ICBP,RG,8850,1,D,OD,PD,D
14:44:14,ICBP,RG,8850,4,D,OD,YP,D
14:44:14,ICBP,RG,8850,1,D,OD,XC,D
14:44:14,ICBP,RG,8850,10,D,OD,DR,D
14:44:14,ICBP,RG,8850,3,D,OD,PD,D
14:44:14,ICBP,RG,8850,3,D,OD,GR,D
14:44:14,ICBP,RG,8850,5,D,OD,NI,D
14:44:14,ICBP,RG,8850,5,D,OD,SQ,D
14:44:14,ICBP,RG,8850,3,D,OD,IF,D
14:44:14,ICBP,RG,8850,50,D,OD,PD,D
14:44:14,ICBP,RG,8850,13,D,OD,AZ,D
14:44:14,ICBP,RG,8850,14,D,OD,XC,D
14:44:14,ICBP,RG,8850,5,D,OD,CC,D
14:44:14,ICBP,RG,8850,10,D,OD,YP,D
14:44:14,ICBP,RG,8850,1,D,OD,YP,D
14:44:14,ICBP,RG,8850,10,D,OD,PD,D
14:44:14,ICBP,RG,8850,40,D,OD,PD,D
14:44:14,ICBP,RG,8850,2,D,OD,PD,D
14:44:14,ICBP,RG,8850,98,D,OD,DH,D
14:44:13,ICBP,RG,8850,9,F,BK,DH,D
14:44:00,ICBP,RG,8825,113,F,DX,CC,D
14:43:56,ICBP,RG,8850,9,F,BK,DH,D
14:43:55,ICBP,RG,8825,22,F,DX,DX,F
14:43:54,ICBP,RG,8825,123,F,DX,CC,D
14:43:54,ICBP,RG,8825,1,F,DX,YP,D
14:43:41,ICBP,RG,8850,10,F,BK,DH,D
14:43:23,ICBP,RG,8850,8,F,BK,DH,D
14:43:05,ICBP,RG,8850,9,F,BK,DH,D
14:42:50,ICBP,RG,8825,5,F,DX,NI,D
14:42:48,ICBP,RG,8850,10,F,BK,DH,D
14:42:42,ICBP,RG,8825,39,F,DX,CC,D
14:42:41,ICBP,RG,8825,2,F,DX,YP,D
14:42:34,ICBP,RG,8850,8,F,BK,DH,D
14:42:29,ICBP,RG,8825,17,F,DX,DX,F
14:42:28,ICBP,RG,8825,14,F,DX,BK,F
14:42:24,ICBP,RG,8825,35,F,DX,CC,D
14:42:24,ICBP,RG,8825,10,F,DX,BK,F
14:42:20,ICBP,RG,8850,8,F,BK,DH,D
14:42:07,ICBP,RG,8825,17,F,DX,BK,F
14:42:06,ICBP,RG,8825,38,F,DX,CC,D
14:42:04,ICBP,RG,8825,24,F,DX,BK,F
14:42:03,ICBP,RG,8825,19,F,DX,DX,F
14:42:01,ICBP,RG,8825,86,F,DX,BK,F
14:42:00,ICBP,RG,8850,9,F,BK,DH,D
14:41:57,ICBP,RG,8825,33,F,DX,DX,F
14:41:56,ICBP,RG,8825,10,F,DX,BK,F
14:41:56,ICBP,RG,8825,428,F,DX,NI,D
14:41:51,ICBP,RG,8825,9,F,DX,BK,F
14:41:48,ICBP,RG,8825,37,F,DX,CC,D
14:41:48,ICBP,RG,8825,1,F,DX,YP,D
14:41:43,ICBP,RG,8850,10,F,BK,DH,D
14:41:33,ICBP,RG,8850,1,D,XC,DH,D
14:41:12,ICBP,RG,8825,35,F,DX,CC,D
14:41:11,ICBP,RG,8825,18,F,DX,BK,F
14:41:08,ICBP,RG,8850,14,D,EP,DH,D
14:41:08,ICBP,RG,8850,1,D,EP,SQ,D
14:41:08,ICBP,RG,8850,3,D,EP,CC,D
14:41:08,ICBP,RG,8850,3,D,EP,XC,D
14:40:53,ICBP,RG,8825,12,F,DX,KK,D
14:40:39,ICBP,RG,8825,15,F,DX,BK,F
14:40:36,ICBP,RG,8825,35,F,DX,CC,D
14:40:34,ICBP,RG,8825,10,F,DX,BK,F
14:40:31,ICBP,RG,8825,50,F,DX,GR,D
14:40:30,ICBP,RG,8850,11,D,PD,XC,D
14:40:30,ICBP,RG,8850,6,D,PD,XL,D
14:40:30,ICBP,RG,8850,3,D,PD,XC,D
14:40:30,ICBP,RG,8850,4,D,PD,DH,D
14:40:30,ICBP,RG,8850,1,D,PD,PD,D
14:40:23,ICBP,RG,8825,8,F,DX,BK,F
14:40:16,ICBP,RG,8825,34,F,DX,CC,D
14:40:12,ICBP,RG,8825,10,F,DX,BK,F
14:40:09,ICBP,RG,8825,21,F,DX,BK,F
14:40:06,ICBP,RG,8825,200,F,DX,YP,D
14:39:58,ICBP,RG,8825,39,F,DX,CC,D
14:39:34,ICBP,RG,8825,5,F,DX,DX,F
14:39:34,ICBP,RG,8825,32,F,DX,CC,D
14:39:34,ICBP,RG,8825,211,F,DX,DX,F
14:39:34,ICBP,RG,8825,253,F,DX,BK,F
14:39:34,ICBP,RG,8825,20,F,DX,DX,F
14:39:34,ICBP,RG,8825,273,F,DX,DX,F
14:39:34,ICBP,RG,8825,103,F,DX,DX,F
14:39:34,ICBP,RG,8825,173,F,DX,CC,D
14:39:26,ICBP,RG,8800,10,F,DX,BK,F
14:39:22,ICBP,RG,8800,39,F,DX,CC,D
14:39:22,ICBP,RG,8800,15,F,DX,BK,F
14:39:19,ICBP,RG,8800,38,F,DX,DX,F
14:39:18,ICBP,RG,8800,12,F,DX,BK,F
14:39:15,ICBP,RG,8800,21,F,DX,BK,F
14:39:11,ICBP,RG,8800,99,F,DX,BK,F
14:39:09,ICBP,RG,8800,91,F,DX,DX,F
14:39:05,ICBP,RG,8825,1,D,YB,BK,F
14:39:05,ICBP,RG,8825,1,F,ZP,BK,F
14:39:05,ICBP,RG,8825,1,F,ZP,BK,F
14:39:05,ICBP,RG,8825,1,D,ZP,BK,F
14:39:05,ICBP,RG,8825,9,D,YP,BK,F
14:39:04,ICBP,RG,8825,31,D,YP,CC,D
14:39:03,ICBP,RG,8825,10,D,YP,NI,D
14:39:03,ICBP,RG,8825,83,F,AK,NI,D
14:39:03,ICBP,RG,8825,307,D,PD,NI,D
14:38:49,ICBP,RG,8825,9,D,PD,BK,F
14:38:46,ICBP,RG,8825,34,D,PD,CC,D
14:38:32,ICBP,RG,8825,8,D,PD,BK,F
14:38:28,ICBP,RG,8825,35,D,PD,CC,D
14:38:17,ICBP,RG,8825,14,D,PD,BK,F
14:38:10,ICBP,RG,8825,32,D,PD,CC,D
14:38:08,ICBP,RG,8825,9,D,PD,BK,F
14:38:04,ICBP,RG,8825,26,D,PD,BK,F
14:38:03,ICBP,RG,8825,26,D,PD,GR,D
14:38:03,ICBP,RG,8825,3,D,PD,GR,D
14:38:03,ICBP,RG,8825,3,D,YP,GR,D
14:38:03,ICBP,RG,8825,1,D,CC,GR,D
14:38:03,ICBP,RG,8825,1,D,DH,GR,D
14:38:03,ICBP,RG,8825,5,D,KK,GR,D
14:38:03,ICBP,RG,8825,1,D,PD,GR,D
14:38:03,ICBP,RG,8825,117,F,BK,GR,D
14:38:03,ICBP,RG,8825,5,D,NI,GR,D
14:38:03,ICBP,RG,8825,2,D,IF,GR,D
14:38:03,ICBP,RG,8825,2,D,EP,GR,D
14:38:03,ICBP,RG,8825,1,F,ZP,GR,D
14:38:03,ICBP,RG,8825,1,F,ZP,GR,D
14:38:03,ICBP,RG,8825,3,F,ZP,GR,D
14:38:03,ICBP,RG,8825,1,D,KK,GR,D
14:38:03,ICBP,RG,8825,3,D,PD,GR,D
14:38:03,ICBP,RG,8825,1,D,XA,GR,D
14:38:03,ICBP,RG,8825,1,D,YP,GR,D
14:38:03,ICBP,RG,8825,5,D,CC,GR,D
14:38:03,ICBP,RG,8825,1,D,PD,GR,D
14:38:03,ICBP,RG,8825,1,D,YP,GR,D
14:38:03,ICBP,RG,8825,5,D,CC,GR,D
14:38:03,ICBP,RG,8825,1,D,YP,GR,D
14:38:03,ICBP,RG,8825,10,D,PD,GR,D
14:37:54,ICBP,RG,8825,5,D,YP,DR,D
14:37:54,ICBP,RG,8825,5,D,PD,DR,D
14:37:52,ICBP,RG,8825,5,D,PD,CC,D
14:37:52,ICBP,RG,8825,5,D,PD,CC,D
14:37:52,ICBP,RG,8825,10,D,XC,CC,D
14:37:52,ICBP,RG,8825,2,D,XC,CC,D
14:37:52,ICBP,RG,8825,11,D,PD,CC,D
14:37:52,ICBP,RG,8825,1,D,XC,CC,D
14:37:52,ICBP,RG,8825,1,D,YP,CC,D
14:37:52,ICBP,RG,8825,2,D,NI,CC,D
14:37:47,ICBP,RG,8850,9,F,BK,BK,F
14:37:42,ICBP,RG,8850,4,F,ZP,BK,F
14:37:34,ICBP,RG,8825,10,D,NI,CC,D
14:37:34,ICBP,RG,8825,1,D,CC,CC,D
14:37:34,ICBP,RG,8825,1,D,PD,CC,D
14:37:34,ICBP,RG,8825,5,D,KK,CC,D
14:37:34,ICBP,RG,8825,2,D,KK,CC,D
14:37:34,ICBP,RG,8825,1,D,XC,CC,D
14:37:34,ICBP,RG,8825,1,D,XC,CC,D
14:37:34,ICBP,RG,8825,1,D,XC,CC,D
14:37:34,ICBP,RG,8825,1,D,CC,CC,D
14:37:34,ICBP,RG,8825,1,D,CC,CC,D
14:37:34,ICBP,RG,8825,1,D,PD,CC,D
14:37:34,ICBP,RG,8825,4,D,YP,CC,D
14:37:34,ICBP,RG,8825,1,D,NI,CC,D
14:37:34,ICBP,RG,8825,5,D,CC,CC,D
14:37:33,ICBP,RG,8850,9,F,BK,BK,F
14:37:16,ICBP,RG,8850,9,F,BK,BK,F
14:37:15,ICBP,RG,8825,5,D,DH,BK,F
14:37:15,ICBP,RG,8825,1,D,YP,BK,F
14:37:15,ICBP,RG,8825,1,D,CC,BK,F
14:37:15,ICBP,RG,8825,3,D,YP,BK,F
14:37:15,ICBP,RG,8825,1,D,CC,BK,F
14:37:15,ICBP,RG,8825,4,D,XC,BK,F
14:37:09,ICBP,RG,8825,10,D,XC,BK,F
14:37:04,ICBP,RG,8825,1,D,XC,BK,F
14:37:04,ICBP,RG,8825,2,D,PD,BK,F
14:37:04,ICBP,RG,8825,35,D,PD,BK,F
14:37:02,ICBP,RG,8825,218,D,PD,NI,D
14:36:56,ICBP,RG,8850,10,F,BK,BK,F
14:36:56,ICBP,RG,8825,35,D,PD,CC,D
14:36:45,ICBP,RG,8825,2,D,PD,NI,D
14:36:41,ICBP,RG,8850,9,F,BK,BK,F
14:36:38,ICBP,RG,8825,37,D,PD,CC,D
14:36:33,ICBP,RG,8825,16,D,PD,BK,F
14:36:30,ICBP,RG,8825,18,D,PD,BK,F
14:36:29,ICBP,RG,8825,26,D,PD,DX,F
14:36:28,ICBP,RG,8825,1,D,PD,XC,D
14:36:28,ICBP,RG,8825,47,D,PD,BK,F
14:36:26,ICBP,RG,8825,65,D,PD,NI,D
14:36:26,ICBP,RG,8825,18,F,AK,NI,D
14:36:26,ICBP,RG,8825,5,D,YP,NI,D
14:36:26,ICBP,RG,8825,2,D,YP,NI,D
14:36:26,ICBP,RG,8825,5,D,YP,NI,D
14:36:26,ICBP,RG,8825,1,D,SQ,NI,D
14:36:26,ICBP,RG,8825,2,D,YP,NI,D
14:36:26,ICBP,RG,8825,2,D,DH,NI,D
14:36:26,ICBP,RG,8825,5,D,SQ,NI,D
14:36:26,ICBP,RG,8825,2,D,PD,NI,D
14:36:26,ICBP,RG,8825,5,D,PD,NI,D
14:36:26,ICBP,RG,8825,1,D,PD,NI,D
14:36:26,ICBP,RG,8825,1,D,AT,NI,D
14:36:26,ICBP,RG,8825,28,D,PD,NI,D
14:36:26,ICBP,RG,8825,1,D,KK,NI,D
14:36:26,ICBP,RG,8825,1,D,PD,NI,D
14:36:26,ICBP,RG,8825,1,D,AZ,NI,D
14:36:26,ICBP,RG,8825,1,D,YP,NI,D
14:36:26,ICBP,RG,8825,79,D,ZP,NI,D
14:36:26,ICBP,RG,8825,1,D,ZP,PD,D
14:36:25,ICBP,RG,8850,2,F,BK,BK,F
14:36:25,ICBP,RG,8850,7,F,BK,BQ,D
14:36:20,ICBP,RG,8825,1,D,ZP,PD,D
14:36:15,ICBP,RG,8850,1,F,AK,BQ,D
14:36:12,ICBP,RG,8825,1,D,ZP,NI,D
14:36:08,ICBP,RG,8850,8,F,BK,BQ,D
14:36:03,ICBP,RG,8825,8,D,ZP,BK,F
14:36:00,ICBP,RG,8825,32,D,ZP,CC,D
14:35:50,ICBP,RG,8825,2,D,ZP,PD,D
14:35:50,ICBP,RG,8850,4,F,BK,BQ,D
14:35:50,ICBP,RG,8850,1,F,BK,DH,D
14:35:50,ICBP,RG,8850,4,F,BK,KK,D
14:35:35,ICBP,RG,8850,8,F,BK,KK,D
14:35:28,ICBP,RG,8825,14,D,ZP,BK,F
14:35:24,ICBP,RG,8825,39,D,ZP,CC,D
14:35:17,ICBP,RG,8850,8,F,BK,KK,D
14:35:17,ICBP,RG,8850,2,F,BK,PD,D
14:35:10,ICBP,RG,8825,13,D,ZP,BK,F
14:35:06,ICBP,RG,8825,10,D,ZP,CC,D
14:35:06,ICBP,RG,8825,2,D,KK,CC,D
14:35:06,ICBP,RG,8825,2,D,LG,CC,D
14:35:06,ICBP,RG,8825,1,D,PD,CC,D
14:35:06,ICBP,RG,8825,1,D,AI,CC,D
14:35:06,ICBP,RG,8825,1,D,XC,CC,D
14:35:06,ICBP,RG,8825,7,D,CC,CC,D
14:35:06,ICBP,RG,8825,1,D,YP,CC,D
14:35:06,ICBP,RG,8825,8,D,DX,CC,D
14:35:00,ICBP,RG,8850,1,F,BK,AT,D
14:35:00,ICBP,RG,8850,8,F,BK,TP,D
14:34:58,ICBP,RG,8825,2,D,DX,LG,D
14:34:52,ICBP,RG,8825,1,D,EP,YU,D
14:34:51,ICBP,RG,8825,2,D,EP,BK,F
14:34:51,ICBP,RG,8825,3,D,PD,BK,F
14:34:51,ICBP,RG,8825,2,D,XL,BK,F
14:34:51,ICBP,RG,8825,1,D,PD,BK,F
14:34:51,ICBP,RG,8825,1,D,XC,BK,F
14:34:51,ICBP,RG,8825,5,D,YP,BK,F
14:34:48,ICBP,RG,8825,5,D,YP,CC,D
14:34:48,ICBP,RG,8825,1,D,XC,CC,D
14:34:48,ICBP,RG,8825,1,D,KK,CC,D
14:34:48,ICBP,RG,8825,2,D,LG,CC,D
14:34:48,ICBP,RG,8825,5,D,KK,CC,D
14:34:48,ICBP,RG,8825,25,D,PD,CC,D
14:34:44,ICBP,RG,8850,2,D,PD,TP,D
14:34:42,ICBP,RG,8850,9,F,BK,TP,D
14:34:26,ICBP,RG,8850,2,F,ZP,TP,D
14:34:25,ICBP,RG,8850,9,F,BK,TP,D
14:34:22,ICBP,RG,8825,7,D,PD,CC,D
14:34:21,ICBP,RG,8825,16,D,PD,BK,F
14:34:19,ICBP,RG,8825,25,D,PD,YP,D
14:34:11,ICBP,RG,8825,15,D,PD,BK,F
14:34:10,ICBP,RG,8825,35,D,PD,CC,D
14:34:06,ICBP,RG,8850,9,F,BK,TP,D
14:33:54,ICBP,RG,8825,15,D,PD,BK,F
14:33:52,ICBP,RG,8825,39,D,PD,CC,D
14:33:51,ICBP,RG,8825,20,D,PD,PD,D
14:33:50,ICBP,RG,8850,1,F,BK,AT,D
14:33:50,ICBP,RG,8850,9,F,BK,RF,D
14:33:39,ICBP,RG,8825,11,D,PD,CC,D
14:33:35,ICBP,RG,8825,12,D,PD,BK,F
14:33:34,ICBP,RG,8825,33,D,PD,CC,D
14:33:30,ICBP,RG,8850,10,F,BK,RF,D
14:33:22,ICBP,RG,8850,1,D,NI,RF,D
14:33:22,ICBP,RG,8825,17,D,PD,BK,F
14:33:19,ICBP,RG,8825,20,D,PD,BK,F
14:33:17,ICBP,RG,8825,10,D,PD,DX,F
14:33:17,ICBP,RG,8825,1,D,PD,DX,F
14:33:17,ICBP,RG,8825,69,F,DX,DX,F
14:33:16,ICBP,RG,8825,39,F,DX,CC,D
14:33:11,ICBP,RG,8850,9,F,BK,RF,D
14:32:59,ICBP,RG,8825,17,F,DX,BK,F
14:32:58,ICBP,RG,8850,8,F,BK,RF,D
14:32:58,ICBP,RG,8825,32,F,DX,CC,D
14:32:56,ICBP,RG,8825,24,F,DX,YP,D
14:32:47,ICBP,RG,8850,4,F,ZP,RF,D
14:32:46,ICBP,RG,8825,15,F,DX,BK,F
14:32:42,ICBP,RG,8825,14,F,DX,BK,F
14:32:40,ICBP,RG,8825,33,F,DX,CC,D
14:32:38,ICBP,RG,8825,30,F,DX,YP,D
14:32:37,ICBP,RG,8850,10,F,BK,RF,D
14:32:36,ICBP,RG,8825,8,F,DX,BK,F
14:32:33,ICBP,RG,8825,50,F,DX,PD,D
14:32:33,ICBP,RG,8825,9,F,DX,BK,F
14:32:27,ICBP,RG,8825,5,F,DX,CC,D
14:32:23,ICBP,RG,8825,10,F,DX,BK,F
14:32:22,ICBP,RG,8825,34,F,DX,CC,D
14:32:20,ICBP,RG,8850,9,F,BK,RF,D
14:32:07,ICBP,RG,8825,8,F,DX,BK,F
14:32:04,ICBP,RG,8825,39,F,DX,CC,D
14:32:00,ICBP,RG,8850,10,F,BK,RF,D
14:31:58,ICBP,RG,8825,3,F,DX,XC,D
14:31:50,ICBP,RG,8825,16,F,DX,BK,F
14:31:46,ICBP,RG,8825,33,F,DX,CC,D
14:31:43,ICBP,RG,8850,9,F,BK,RF,D
14:31:29,ICBP,RG,8825,13,F,DX,BK,F
14:31:28,ICBP,RG,8825,33,F,DX,CC,D
14:31:28,ICBP,RG,8850,6,F,BK,RF,D
14:31:28,ICBP,RG,8850,3,F,BK,CS,F
14:31:14,ICBP,RG,8825,17,F,DX,BK,F
14:31:13,ICBP,RG,8850,8,F,BK,CS,F
14:31:11,ICBP,RG,8850,29,D,PD,CS,F
14:31:10,ICBP,RG,8825,31,F,DX,CC,D
14:30:53,ICBP,RG,8850,10,F,BK,CS,F
14:30:39,ICBP,RG,8850,8,F,BK,CS,F
14:30:34,ICBP,RG,8825,15,F,DX,BK,F
14:30:32,ICBP,RG,8825,33,F,DX,CC,D
14:30:29,ICBP,RG,8825,12,F,DX,BK,F
14:30:25,ICBP,RG,8825,26,F,DX,BK,F
14:30:23,ICBP,RG,8825,50,F,DX,YU,D
14:30:23,ICBP,RG,8825,62,F,DX,DX,F
14:30:22,ICBP,RG,8825,9,F,DX,BK,F
14:30:21,ICBP,RG,8850,8,F,BK,CS,F
14:30:19,ICBP,RG,8825,15,F,DX,CC,D
14:30:19,ICBP,RG,8825,17,F,DX,BK,F
14:30:15,ICBP,RG,8825,50,F,DX,YU,D
14:30:14,ICBP,RG,8825,35,F,DX,CC,D
14:30:06,ICBP,RG,8850,8,F,BK,CS,F
14:30:05,ICBP,RG,8825,17,F,DX,BK,F
14:30:00,ICBP,RG,8825,55,F,DX,YP,D
14:29:56,ICBP,RG,8825,40,F,DX,CC,D
14:29:43,ICBP,RG,8825,13,F,DX,BK,F
14:29:38,ICBP,RG,8825,32,F,DX,CC,D
14:29:27,ICBP,RG,8850,2,F,ZP,CS,F
14:29:20,ICBP,RG,8825,13,F,DX,BK,F
14:29:18,ICBP,RG,8825,29,F,DX,CC,D
14:29:01,ICBP,RG,8825,8,F,DX,BK,F
14:29:00,ICBP,RG,8825,36,F,DX,CC,D
14:28:48,ICBP,RG,8825,10,F,DX,BK,F
14:28:44,ICBP,RG,8825,11,F,DX,BK,F
14:28:42,ICBP,RG,8825,34,F,DX,CC,D
14:28:39,ICBP,RG,8825,18,F,DX,BK,F
14:28:36,ICBP,RG,8825,85,F,DX,BK,F
14:28:33,ICBP,RG,8825,63,F,DX,DX,F
14:28:31,ICBP,RG,8850,43,D,CC,CS,F
14:28:31,ICBP,RG,8850,4,D,CC,KK,D
14:28:31,ICBP,RG,8850,10,D,CC,GR,D
14:28:31,ICBP,RG,8850,1,D,CC,NI,D
14:28:31,ICBP,RG,8850,10,D,CC,YP,D
14:28:31,ICBP,RG,8850,25,D,CC,YP,D
14:28:31,ICBP,RG,8850,2,D,CC,PD,D
14:28:31,ICBP,RG,8850,10,D,CC,NI,D
14:28:31,ICBP,RG,8850,2,D,CC,XC,D
14:28:31,ICBP,RG,8850,4,D,CC,GR,D
14:28:31,ICBP,RG,8850,3,D,CC,KK,D
14:28:31,ICBP,RG,8850,3,D,CC,XC,D
14:28:31,ICBP,RG,8850,5,D,CC,DR,D
14:28:31,ICBP,RG,8850,1,D,CC,PD,D
14:28:31,ICBP,RG,8850,20,D,CC,NI,D
14:28:31,ICBP,RG,8850,55,D,CC,DX,F
14:28:31,ICBP,RG,8850,3,D,CC,PD,D
14:28:31,ICBP,RG,8850,3,D,CC,PD,D
14:28:31,ICBP,RG,8850,2,D,CC,XC,D
14:28:31,ICBP,RG,8850,10,D,CC,YP,D
14:28:31,ICBP,RG,8850,115,D,CC,NI,D
14:28:24,ICBP,RG,8825,1,F,DX,CC,D
14:28:14,ICBP,RG,8850,1,F,KK,NI,D
14:27:15,ICBP,RG,8850,1,F,AK,NI,D
14:26:51,ICBP,RG,8825,10,F,DX,DR,D
14:26:43,ICBP,RG,8850,1,D,AT,NI,D
14:26:38,ICBP,RG,8850,5,D,CC,NI,D
14:26:21,ICBP,RG,8825,16,F,DX,BK,F
14:26:18,ICBP,RG,8825,1,F,DX,PD,D
14:26:15,ICBP,RG,8825,36,F,DX,BK,F
14:26:11,ICBP,RG,8825,150,F,DX,OD,D
14:26:10,ICBP,RG,8825,16,F,DX,BK,F
14:26:07,ICBP,RG,8825,73,F,DX,BK,F
14:26:03,ICBP,RG,8825,41,F,DX,DX,F
14:26:02,ICBP,RG,8825,300,F,DX,PD,D
14:25:49,ICBP,RG,8825,5,F,DX,PD,D
14:24:22,ICBP,RG,8850,5,D,XC,NI,D
14:24:01,ICBP,RG,8850,2,F,ZP,NI,D
14:23:21,ICBP,RG,8850,2,F,ZP,NI,D
14:23:20,ICBP,RG,8850,2,D,IF,NI,D
14:23:12,ICBP,RG,8850,5,D,KK,NI,D
14:22:51,ICBP,RG,8850,2,D,XC,NI,D
14:22:41,ICBP,RG,8850,3,F,ZP,NI,D
14:22:24,ICBP,RG,8850,2,D,OD,NI,D
14:22:12,ICBP,RG,8850,1,D,YP,NI,D
14:22:01,ICBP,RG,8850,2,F,ZP,NI,D
14:21:43,ICBP,RG,8850,1,D,CP,NI,D
14:21:21,ICBP,RG,8850,2,F,ZP,NI,D
14:20:41,ICBP,RG,8850,2,F,ZP,NI,D
14:20:34,ICBP,RG,8825,1,F,DX,PD,D
14:20:01,ICBP,RG,8850,2,F,ZP,NI,D
14:19:46,ICBP,RG,8825,13,F,DX,BK,F
14:19:45,ICBP,RG,8850,1,D,EP,NI,D
14:19:45,ICBP,RG,8850,5,D,YP,NI,D
14:19:22,ICBP,RG,8850,2,F,ZP,NI,D
14:19:21,ICBP,RG,8825,23,F,DX,YP,D
14:19:08,ICBP,RG,8850,1,D,YP,NI,D
14:18:44,ICBP,RG,8850,2,F,ZP,NI,D
14:18:44,ICBP,RG,8825,12,F,DX,BK,F
14:18:39,ICBP,RG,8825,12,F,DX,BK,F
14:18:39,ICBP,RG,8825,30,F,DX,DX,F
14:18:37,ICBP,RG,8825,26,F,DX,BK,F
14:18:34,ICBP,RG,8825,119,F,DX,BK,F
14:18:31,ICBP,RG,8825,49,F,DX,DX,F
14:18:31,ICBP,RG,8850,34,F,ZP,NI,D
14:18:30,ICBP,RG,8850,2,F,ZP,NI,D
14:18:29,ICBP,RG,8825,500,F,DX,GR,D
14:18:27,ICBP,RG,8850,10,D,YP,NI,D
14:18:10,ICBP,RG,8850,1,F,ZP,NI,D
14:18:06,ICBP,RG,8850,2,F,ZP,NI,D
14:17:54,ICBP,RG,8850,1,F,ZP,NI,D
14:17:52,ICBP,RG,8825,6,F,DX,PD,D
14:17:46,ICBP,RG,8850,1,F,ZP,NI,D
14:17:45,ICBP,RG,8850,1,F,AK,NI,D
14:17:33,ICBP,RG,8850,4,F,ZP,NI,D
14:17:32,ICBP,RG,8825,17,F,DX,BK,F
14:17:28,ICBP,RG,8850,1,F,ZP,NI,D
14:17:26,ICBP,RG,8850,2,F,ZP,NI,D
14:16:47,ICBP,RG,8850,1,F,ZP,NI,D
14:16:46,ICBP,RG,8850,2,F,ZP,NI,D
14:16:45,ICBP,RG,8850,2,D,PD,NI,D
14:16:40,ICBP,RG,8850,3,F,ZP,NI,D
14:16:39,ICBP,RG,8850,1,F,ZP,NI,D
14:16:38,ICBP,RG,8850,3,F,ZP,NI,D
14:16:37,ICBP,RG,8825,16,F,DX,DX,F
14:16:36,ICBP,RG,8825,10,F,DX,BK,F
14:16:35,ICBP,RG,8850,4,F,ZP,NI,D
14:16:34,ICBP,RG,8850,6,F,ZP,NI,D
14:16:32,ICBP,RG,8825,15,F,DX,YP,D
14:16:32,ICBP,RG,8825,23,F,DX,CP,D
14:16:10,ICBP,RG,8850,1,F,ZP,NI,D
14:16:09,ICBP,RG,8850,2,F,ZP,NI,D
14:16:08,ICBP,RG,8850,1,F,ZP,NI,D
14:16:07,ICBP,RG,8825,13,F,DX,BK,F
14:16:06,ICBP,RG,8850,2,F,ZP,NI,D
14:15:26,ICBP,RG,8850,2,F,ZP,NI,D
14:15:12,ICBP,RG,8850,1,F,ZP,NI,D
14:15:11,ICBP,RG,8825,1,F,DX,IF,D
14:14:57,ICBP,RG,8825,2,F,DX,PD,D
14:14:50,ICBP,RG,8850,1,F,ZP,NI,D
14:14:46,ICBP,RG,8850,2,F,ZP,NI,D
14:14:33,ICBP,RG,8850,3,D,PD,NI,D
14:14:28,ICBP,RG,8850,1,F,ZP,NI,D
14:14:25,ICBP,RG,8850,1,D,NI,NI,D
14:14:06,ICBP,RG,8850,2,F,ZP,NI,D
14:13:50,ICBP,RG,8850,1,F,ZP,NI,D
14:13:48,ICBP,RG,8825,2,F,DX,NI,D
14:13:26,ICBP,RG,8850,2,F,ZP,NI,D
14:13:19,ICBP,RG,8825,1,F,DX,YP,D
14:12:55,ICBP,RG,8850,1,F,ZP,NI,D
14:12:49,ICBP,RG,8850,1,F,ZP,NI,D
14:12:46,ICBP,RG,8850,4,F,ZP,NI,D
14:12:31,ICBP,RG,8850,2,F,ZP,NI,D
14:12:30,ICBP,RG,8850,1,F,ZP,NI,D
14:12:29,ICBP,RG,8825,10,F,DX,BK,F
14:12:26,ICBP,RG,8850,4,D,PD,NI,D
14:12:08,ICBP,RG,8850,1,F,ZP,NI,D
14:12:07,ICBP,RG,8850,2,F,ZP,NI,D
14:12:05,ICBP,RG,8850,2,F,ZP,NI,D
14:12:04,ICBP,RG,8825,9,F,DX,BK,F
14:12:04,ICBP,RG,8850,2,F,ZP,NI,D
14:12:03,ICBP,RG,8850,1,F,ZP,NI,D
14:12:01,ICBP,RG,8850,8,F,ZP,NI,D
14:12:01,ICBP,RG,8825,16,F,DX,DX,F
14:11:59,ICBP,RG,8825,5,F,DX,YP,D
14:11:59,ICBP,RG,8825,28,F,DX,YP,D
14:11:54,ICBP,RG,8825,1,F,DX,PD,D
14:11:45,ICBP,RG,8850,1,F,ZP,NI,D
14:11:45,ICBP,RG,8850,1,F,ZP,PD,D
14:11:45,ICBP,RG,8850,1,F,ZP,PD,D
14:11:41,ICBP,RG,8825,11,F,DX,BK,F
14:11:39,ICBP,RG,8850,1,F,ZP,PD,D
14:11:38,ICBP,RG,8850,1,D,PD,PD,D
14:11:38,ICBP,RG,8850,1,D,PD,XC,D
14:11:38,ICBP,RG,8850,3,D,PD,PD,D
14:10:33,ICBP,RG,8825,1,F,DX,PD,D
14:10:15,ICBP,RG,8850,1,F,ZP,PD,D
14:10:12,ICBP,RG,8850,1,F,ZP,AZ,D
14:10:12,ICBP,RG,8850,1,F,ZP,SH,D
14:10:09,ICBP,RG,8825,8,F,DX,ZP,D
14:09:58,ICBP,RG,8825,1,F,DX,YP,D
14:09:37,ICBP,RG,8850,1,D,KK,SH,D
14:09:25,ICBP,RG,8850,1,F,ZP,SH,D
14:09:21,ICBP,RG,8825,4,F,DX,XC,D
14:09:15,ICBP,RG,8850,3,F,ZP,SH,D
14:09:12,ICBP,RG,8825,10,F,DX,PD,D
14:09:05,ICBP,RG,8850,1,D,PD,SH,D
14:09:03,ICBP,RG,8850,1,D,XC,SH,D
14:09:00,ICBP,RG,8850,1,F,ZP,SH,D
14:08:53,ICBP,RG,8850,4,D,PD,SH,D
14:08:40,ICBP,RG,8850,4,F,ZP,SH,D
14:08:38,ICBP,RG,8825,15,F,DX,BK,F
14:08:37,ICBP,RG,8850,3,F,ZP,SH,D
14:08:36,ICBP,RG,8850,10,D,PD,SH,D
14:08:15,ICBP,RG,8850,1,F,AK,SH,D
14:08:13,ICBP,RG,8850,9,F,ZP,SH,D
14:08:12,ICBP,RG,8825,15,F,DX,BK,F
14:08:11,ICBP,RG,8825,16,F,DX,DX,F
14:08:09,ICBP,RG,8850,2,F,ZP,SH,D
14:08:07,ICBP,RG,8850,9,F,ZP,SH,D
14:08:07,ICBP,RG,8825,10,F,DX,BK,F
14:08:06,ICBP,RG,8825,50,F,DX,CC,D
14:08:02,ICBP,RG,8850,2,F,ZP,SH,D
14:08:00,ICBP,RG,8825,10,F,DX,XC,D
14:07:52,ICBP,RG,8825,4,F,DX,XC,D
14:07:30,ICBP,RG,8825,4,F,DX,CC,D
14:06:00,ICBP,RG,8825,5,F,DX,YP,D
14:05:58,ICBP,RG,8825,1,F,DX,XC,D
14:04:06,ICBP,RG,8825,14,F,DX,BK,F
14:04:02,ICBP,RG,8825,14,F,DX,BK,F
14:04:01,ICBP,RG,8825,17,F,DX,DX,F
14:03:58,ICBP,RG,8825,57,F,DX,YP,D
14:03:23,ICBP,RG,8825,1,F,DX,SQ,D
14:02:54,ICBP,RG,8825,13,F,DX,BK,F
14:02:52,ICBP,RG,8850,94,F,AK,SH,D
14:02:00,ICBP,RG,8850,1,F,AK,SH,D
14:01:48,ICBP,RG,8825,17,F,DX,BK,F
14:01:45,ICBP,RG,8825,30,F,DX,CC,D
14:01:28,ICBP,RG,8825,10,F,DX,OD,D
14:01:25,ICBP,RG,8850,1,D,NI,SH,D
14:01:23,ICBP,RG,8825,12,F,DX,BK,F
14:01:20,ICBP,RG,8825,13,F,DX,BK,F
14:01:19,ICBP,RG,8825,76,F,DX,YP,D
14:00:50,ICBP,RG,8825,10,F,DX,DR,D
14:00:15,ICBP,RG,8825,4,F,DX,XC,D
13:58:19,ICBP,RG,8850,2,D,YP,SH,D
13:58:18,ICBP,RG,8825,9,F,DX,BK,F
13:58:15,ICBP,RG,8825,4,F,DX,PD,D
13:57:59,ICBP,RG,8825,10,F,DX,PD,D
13:57:49,ICBP,RG,8825,5,F,DX,NI,D
13:56:56,ICBP,RG,8825,14,F,DX,KK,D
13:56:52,ICBP,RG,8825,9,F,DX,BK,F
13:56:46,ICBP,RG,8850,3,D,PD,SH,D
13:56:35,ICBP,RG,8825,156,F,DX,NI,D
13:56:05,ICBP,RG,8825,10,F,DX,DR,D
13:55:58,ICBP,RG,8825,1,F,DX,PD,D
13:55:55,ICBP,RG,8825,2,F,DX,PD,D
13:55:38,ICBP,RG,8825,1,F,DX,PD,D
13:55:16,ICBP,RG,8825,85,F,DX,CC,D
13:55:03,ICBP,RG,8825,10,F,DX,YP,D
13:54:18,ICBP,RG,8825,8,F,DX,CC,D
13:52:42,ICBP,RG,8850,1,D,YP,SH,D
13:52:07,ICBP,RG,8850,2,D,YP,SH,D
13:52:00,ICBP,RG,8850,1,F,AK,SH,D
13:51:08,ICBP,RG,8825,1,F,DX,KK,D
13:50:50,ICBP,RG,8825,13,F,DX,GR,D
13:49:55,ICBP,RG,8825,100,F,DX,PD,D
13:49:34,ICBP,RG,8825,1,F,DX,LG,D
13:49:04,ICBP,RG,8825,1,F,DX,AT,D
13:48:04,ICBP,RG,8825,10,F,DX,AO,D
13:47:40,ICBP,RG,8825,1,F,DX,LG,D
13:46:09,ICBP,RG,8850,1,D,XC,SH,D
13:44:53,ICBP,RG,8850,4,D,KK,SH,D
13:44:18,ICBP,RG,8850,1,D,PD,SH,D
13:43:45,ICBP,RG,8850,1,F,AK,SH,D
13:43:42,ICBP,RG,8850,1,D,PD,SH,D
13:43:31,ICBP,RG,8825,4,F,DX,PD,D
13:43:20,ICBP,RG,8850,1,D,PD,SH,D
13:41:35,ICBP,RG,8850,5,D,TP,SH,D
13:40:50,ICBP,RG,8850,1,D,CC,SH,D
13:39:22,ICBP,RG,8825,6,F,DX,DH,D
13:38:13,ICBP,RG,8825,1,F,DX,NI,D
13:36:43,ICBP,RG,8825,1,F,DX,LG,D
13:36:10,ICBP,RG,8825,1,F,DX,XC,D
13:35:59,ICBP,RG,8825,1,F,DX,NI,D
13:34:36,ICBP,RG,8825,4,F,DX,PD,D
13:33:14,ICBP,RG,8825,1,F,DX,XC,D
13:33:11,ICBP,RG,8850,47,D,CC,SH,D
13:32:58,ICBP,RG,8850,1,D,NI,SH,D
13:32:50,ICBP,RG,8850,19,F,KK,SH,D
13:32:17,ICBP,RG,8825,7,F,DX,YP,D
13:31:37,ICBP,RG,8825,100,F,DX,PD,D
13:30:15,ICBP,RG,8850,4,D,XC,SH,D
13:30:14,ICBP,RG,8850,1,F,AK,SH,D
13:30:13,ICBP,RG,8850,1,D,CC,SH,D
13:30:12,ICBP,RG,8850,1,D,YP,SH,D
13:30:12,ICBP,RG,8850,1,D,YP,SH,D
13:30:10,ICBP,RG,8850,30,D,CC,SH,D
13:30:09,ICBP,RG,8850,10,D,YP,SH,D
13:30:09,ICBP,RG,8850,1,D,CC,SH,D
13:30:09,ICBP,RG,8850,11,D,CC,SH,D
13:30:09,ICBP,RG,8850,3,D,CC,PD,D
13:30:09,ICBP,RG,8850,2,D,CC,IF,D
13:30:09,ICBP,RG,8850,1,D,CC,GR,D
13:30:09,ICBP,RG,8850,2,D,CC,XC,D
13:30:09,ICBP,RG,8850,1,D,CC,NI,D
13:30:09,ICBP,RG,8850,2,D,CC,CC,D
13:30:09,ICBP,RG,8850,15,D,CC,PD,D
13:30:09,ICBP,RG,8850,10,D,CC,PD,D
13:30:09,ICBP,RG,8850,25,D,CC,YP,D
13:30:09,ICBP,RG,8850,1,D,CC,PD,D
13:30:09,ICBP,RG,8850,1,D,CC,XC,D
13:30:09,ICBP,RG,8850,1,D,CC,XC,D
13:30:09,ICBP,RG,8850,2,D,CC,PD,D
13:30:09,ICBP,RG,8850,3,D,CC,LG,D
13:30:09,ICBP,RG,8850,1,D,CC,CC,D
13:30:09,ICBP,RG,8850,19,D,CC,LS,D
13:30:09,ICBP,RG,8850,11,D,CC,LS,D
13:30:09,ICBP,RG,8850,2,D,CC,AZ,D
13:30:09,ICBP,RG,8850,37,D,CC,DX,F
13:30:08,ICBP,RG,8850,30,D,LG,DX,F
13:30:08,ICBP,RG,8825,1,F,DX,XC,D
13:30:07,ICBP,RG,8850,1,D,CC,DX,F
13:30:07,ICBP,RG,8850,2,D,SQ,DX,F
13:30:07,ICBP,RG,8850,1,D,DH,DX,F
13:30:07,ICBP,RG,8850,2,D,YP,DX,F
13:30:07,ICBP,RG,8850,4,D,PD,DX,F
13:30:06,ICBP,RG,8850,4,D,PD,DX,F
13:30:06,ICBP,RG,8850,1,D,XC,DX,F
13:30:06,ICBP,RG,8825,1,F,DX,PD,D
13:30:06,ICBP,RG,8850,5,D,PD,DX,F
13:30:05,ICBP,RG,8850,1,D,PD,DX,F
13:30:05,ICBP,RG,8850,3,D,YU,DX,F
13:30:04,ICBP,RG,8850,2,D,PD,DX,F
13:30:04,ICBP,RG,8850,3,D,YP,DX,F
13:30:04,ICBP,RG,8850,2,D,SQ,DX,F
13:30:04,ICBP,RG,8850,5,D,PD,DX,F
13:30:04,ICBP,RG,8850,1,D,SQ,DX,F
13:30:03,ICBP,RG,8850,3,D,PD,DX,F
13:30:03,ICBP,RG,8850,1,D,PD,DX,F
11:29:59,ICBP,RG,8850,6,D,CC,DX,F
11:29:59,ICBP,RG,8850,19,D,CC,GR,D
11:28:13,ICBP,RG,8825,16,F,DX,BK,F
11:28:11,ICBP,RG,8850,52,F,AK,GR,D
11:27:53,ICBP,RG,8825,5,F,DX,YP,D
11:24:24,ICBP,RG,8825,15,F,DX,BK,F
11:24:19,ICBP,RG,8825,10,F,DX,DR,D
11:23:30,ICBP,RG,8850,1,D,NI,GR,D
11:21:26,ICBP,RG,8850,1,D,CC,GR,D
11:21:19,ICBP,RG,8850,1,D,CC,GR,D
11:20:44,ICBP,RG,8850,1,F,AK,GR,D
11:20:24,ICBP,RG,8825,1,F,DX,LG,D
11:17:50,ICBP,RG,8825,1,F,DX,PD,D
11:15:57,ICBP,RG,8825,15,F,DX,BK,F
11:15:54,ICBP,RG,8825,63,F,DX,NI,D
11:15:33,ICBP,RG,8825,9,F,DX,BK,F
11:15:27,ICBP,RG,8825,27,F,DX,BK,F
11:15:25,ICBP,RG,8825,35,F,DX,DX,F
11:15:23,ICBP,RG,8825,99,F,DX,YB,D
11:15:00,ICBP,RG,8825,30,F,DX,YU,D
11:14:59,ICBP,RG,8850,1,F,AK,GR,D
11:10:02,ICBP,RG,8825,10,F,DX,BK,F
11:10:01,ICBP,RG,8825,10,F,DX,KK,D
11:09:48,ICBP,RG,8825,9,F,DX,PD,D
11:09:20,ICBP,RG,8825,5,F,DX,YP,D
11:08:07,ICBP,RG,8825,2,F,DX,XC,D
11:07:58,ICBP,RG,8825,10,F,DX,BK,F
11:07:53,ICBP,RG,8825,30,F,DX,BQ,D
11:06:14,ICBP,RG,8850,1,F,AK,GR,D
11:05:16,ICBP,RG,8825,14,F,DX,BK,F
11:05:12,ICBP,RG,8825,100,F,DX,PD,D
11:04:23,ICBP,RG,8825,14,F,DX,BK,F
11:04:21,ICBP,RG,8825,3,F,DX,PD,D
11:04:21,ICBP,RG,8825,28,F,DX,DX,F
11:04:19,ICBP,RG,8825,23,F,DX,YP,D
11:03:10,ICBP,RG,8825,1,F,DX,YP,D
11:03:08,ICBP,RG,8850,1,D,NI,GR,D
11:02:39,ICBP,RG,8825,14,F,DX,BK,F
11:02:38,ICBP,RG,8850,6,D,YB,GR,D
11:02:35,ICBP,RG,8825,1,F,DX,DR,D
11:02:16,ICBP,RG,8850,1,D,PD,GR,D
11:01:12,ICBP,RG,8825,1,F,DX,OD,D
11:01:11,ICBP,RG,8825,1,F,DX,OD,D
10:59:46,ICBP,RG,8850,1,D,XC,LG,D
10:59:46,ICBP,RG,8850,1,D,XC,YP,D
10:59:29,ICBP,RG,8825,11,F,DX,BK,F
10:59:24,ICBP,RG,8825,35,F,DX,BK,F
10:59:22,ICBP,RG,8825,28,F,DX,DX,F
10:59:22,ICBP,RG,8825,146,F,DX,BK,F
10:59:21,ICBP,RG,8825,83,F,DX,DX,F
10:59:19,ICBP,RG,8850,9,F,BK,YP,D
10:59:19,ICBP,RG,8850,1,F,BK,OD,D
10:59:19,ICBP,RG,8850,1,F,BK,PD,D
10:59:19,ICBP,RG,8850,10,F,BK,SQ,D
10:59:19,ICBP,RG,8850,5,F,BK,AZ,D
10:59:19,ICBP,RG,8850,3,F,BK,XC,D
10:59:19,ICBP,RG,8850,2,F,BK,XC,D
10:59:19,ICBP,RG,8850,4,F,BK,OD,D
10:59:19,ICBP,RG,8850,20,F,BK,EP,D
10:59:19,ICBP,RG,8850,6,F,BK,YP,D
10:59:19,ICBP,RG,8850,100,F,BK,DX,D
10:59:19,ICBP,RG,8850,1,F,BK,PD,D
10:59:19,ICBP,RG,8850,3,F,BK,AZ,D
10:59:19,ICBP,RG,8850,1,F,BK,YB,D
10:59:19,ICBP,RG,8850,1,F,BK,PD,D
10:59:19,ICBP,RG,8850,5,F,BK,PD,D
10:59:19,ICBP,RG,8850,10,F,BK,NI,D
10:59:19,ICBP,RG,8850,2,F,BK,XC,D
10:59:19,ICBP,RG,8850,4,F,BK,PD,D
10:59:19,ICBP,RG,8850,3,F,BK,XC,D
10:59:19,ICBP,RG,8850,404,F,BK,NI,D
10:59:19,ICBP,RG,8850,5,F,BK,XC,D
10:59:19,ICBP,RG,8850,1,F,BK,YP,D
10:59:19,ICBP,RG,8850,399,F,BK,YP,D
10:58:08,ICBP,RG,8850,12,D,PD,YP,D
10:57:42,ICBP,RG,8850,63,D,NI,YP,D
10:57:32,ICBP,RG,8850,1,D,PD,YP,D
10:57:00,ICBP,RG,8850,5,D,KK,YP,D
10:56:55,ICBP,RG,8850,4,D,CC,YP,D
10:55:59,ICBP,RG,8850,1,F,AK,YP,D
10:55:00,ICBP,RG,8850,10,D,PD,YP,D
10:54:36,ICBP,RG,8825,1,F,DX,LG,D
10:53:33,ICBP,RG,8850,1,D,CC,YP,D
10:52:39,ICBP,RG,8850,4,D,KK,YP,D
10:52:39,ICBP,RG,8850,1,D,KK,XC,D
10:51:17,ICBP,RG,8825,1,F,DX,XC,D
10:49:48,ICBP,RG,8825,1,F,DX,XC,D
10:49:40,ICBP,RG,8825,5,F,DX,NI,D
10:49:12,ICBP,RG,8825,3,F,DX,YP,D
10:48:37,ICBP,RG,8825,1,F,DX,CC,D
10:48:32,ICBP,RG,8825,1,F,DX,LG,D
10:48:13,ICBP,RG,8825,11,F,DX,BK,F
10:48:07,ICBP,RG,8825,18,F,DX,BK,F
10:48:01,ICBP,RG,8825,39,F,DX,BK,F
10:48:01,ICBP,RG,8825,82,F,DX,DX,F
10:47:58,ICBP,RG,8825,275,F,DX,BK,F
10:47:54,ICBP,RG,8825,1658,F,DX,NI,D
10:47:54,ICBP,RG,8825,485,F,DX,NI,D
10:47:54,ICBP,RG,8825,436,F,DX,NI,D
10:47:14,ICBP,RG,8850,1,F,AK,XC,D
10:46:17,ICBP,RG,8850,1,D,NI,XC,D
10:45:45,ICBP,RG,8825,1,F,DX,NI,D
10:45:36,ICBP,RG,8825,200,F,DX,SQ,D
10:45:36,ICBP,RG,8825,4,F,DX,DX,F
10:45:36,ICBP,RG,8825,6,F,DX,XC,D
10:45:36,ICBP,RG,8825,8,F,DX,AT,D
10:45:36,ICBP,RG,8825,7,F,DX,XC,D
10:45:36,ICBP,RG,8825,17,F,DX,SQ,D
10:45:36,ICBP,RG,8825,1,F,DX,CC,D
10:45:36,ICBP,RG,8825,10,F,DX,CC,D
10:45:36,ICBP,RG,8825,1,F,DX,PD,D
10:45:36,ICBP,RG,8825,2,F,DX,PD,D
10:45:36,ICBP,RG,8825,2,F,DX,XC,D
10:45:36,ICBP,RG,8825,60,F,DX,SQ,D
10:45:36,ICBP,RG,8825,30,F,DX,YP,D
10:45:36,ICBP,RG,8825,2,F,DX,PD,D
10:45:36,ICBP,RG,8825,1,F,DX,CC,D
10:45:36,ICBP,RG,8825,5,F,DX,PD,D
10:45:36,ICBP,RG,8825,5,F,DX,AZ,D
10:45:36,ICBP,RG,8825,2,F,DX,CC,D
10:45:36,ICBP,RG,8825,1,F,DX,XC,D
10:45:36,ICBP,RG,8825,1,F,DX,PD,D
10:45:36,ICBP,RG,8825,1,F,DX,CC,D
10:45:36,ICBP,RG,8825,1,F,DX,DR,D
10:45:36,ICBP,RG,8825,10,F,DX,XC,D
10:45:36,ICBP,RG,8825,3,F,DX,PD,D
10:45:36,ICBP,RG,8825,1,F,DX,PD,D
10:45:36,ICBP,RG,8825,8,F,DX,SQ,D
10:45:36,ICBP,RG,8825,10,F,DX,PD,D
10:45:36,ICBP,RG,8825,3,F,DX,NI,D
10:45:36,ICBP,RG,8825,1,F,DX,XC,D
10:45:36,ICBP,RG,8825,1,F,DX,KK,D
10:45:36,ICBP,RG,8825,1,F,DX,XC,D
10:45:36,ICBP,RG,8825,5,F,DX,DR,D
10:45:36,ICBP,RG,8825,10,F,DX,GR,D
10:45:36,ICBP,RG,8825,7,F,DX,XC,D
10:45:36,ICBP,RG,8825,3,F,DX,PD,D
10:45:36,ICBP,RG,8825,4,F,DX,PD,D
10:45:36,ICBP,RG,8825,13,F,DX,CC,D
10:45:36,ICBP,RG,8825,26,F,DX,EP,D
10:45:36,ICBP,RG,8825,2,F,DX,PD,D
10:45:36,ICBP,RG,8825,2,F,DX,YJ,D
10:45:36,ICBP,RG,8825,2,F,DX,DH,D
10:45:36,ICBP,RG,8825,1,F,DX,YP,D
10:45:36,ICBP,RG,8825,12,F,DX,KK,D
10:45:36,ICBP,RG,8825,3,F,DX,PD,D
10:45:36,ICBP,RG,8825,6,F,DX,PD,D
10:45:36,ICBP,RG,8825,1,F,DX,PD,D
10:45:36,ICBP,RG,8825,2,F,DX,NI,D
10:45:36,ICBP,RG,8825,10,F,DX,PD,D
10:45:36,ICBP,RG,8825,9,F,DX,XC,D
10:45:36,ICBP,RG,8825,1,F,DX,KK,D
10:45:36,ICBP,RG,8825,94,F,DX,YU,F
10:45:36,ICBP,RG,8825,97,F,DX,YU,F
10:45:36,ICBP,RG,8825,97,F,DX,YU,F
10:45:36,ICBP,RG,8825,2,F,DX,XC,D
10:45:36,ICBP,RG,8825,3,F,DX,PD,D
10:45:36,ICBP,RG,8825,1,F,DX,PD,D
10:45:36,ICBP,RG,8825,1,F,DX,YB,D
10:45:36,ICBP,RG,8825,11,F,DX,YP,D
10:45:36,ICBP,RG,8825,3,F,DX,CC,D
10:45:36,ICBP,RG,8825,5,F,DX,XC,D
10:45:36,ICBP,RG,8825,219,F,DX,DX,F
10:45:36,ICBP,RG,8825,1,F,DX,CC,D
10:45:36,ICBP,RG,8825,1,F,DX,XC,D
10:45:36,ICBP,RG,8825,5,F,DX,AZ,D
10:45:36,ICBP,RG,8825,2,F,DX,NI,D
10:45:07,ICBP,RG,8825,10,D,KK,NI,D
10:44:41,ICBP,RG,8800,17,F,DX,DX,F
10:44:39,ICBP,RG,8825,33,F,AK,NI,D
10:44:18,ICBP,RG,8825,231,D,YU,NI,D
10:44:18,ICBP,RG,8825,19,D,YU,NI,D
10:44:13,ICBP,RG,8825,3,D,XC,NI,D
10:43:48,ICBP,RG,8800,5,F,DX,YP,D
10:42:39,ICBP,RG,8825,1,D,PD,NI,D
10:42:02,ICBP,RG,8825,4,D,AT,NI,D
10:41:12,ICBP,RG,8825,1,D,XC,NI,D
10:41:01,ICBP,RG,8825,5,D,KK,NI,D
10:40:55,ICBP,RG,8800,29,F,DX,XA,F
10:40:45,ICBP,RG,8825,5,D,PD,NI,D
10:38:42,ICBP,RG,8800,1,F,DX,XC,D
10:38:31,ICBP,RG,8800,6,F,DX,CC,D
10:37:36,ICBP,RG,8800,1,F,DX,CC,D
10:37:34,ICBP,RG,8800,2,F,DX,KK,D
10:37:33,ICBP,RG,8825,1,D,CC,NI,D
10:37:26,ICBP,RG,8825,5,D,RO,NI,D
10:36:59,ICBP,RG,8825,1,F,AK,NI,D
10:36:40,ICBP,RG,8800,1,F,DX,PD,D
10:35:21,ICBP,RG,8800,25,F,DX,DX,F
10:35:18,ICBP,RG,8825,35,D,PD,NI,D
10:35:18,ICBP,RG,8825,72,D,PD,NI,D
10:35:18,ICBP,RG,8825,3,D,PD,PD,D
10:35:18,ICBP,RG,8825,50,D,PD,YP,D
10:35:18,ICBP,RG,8825,10,D,PD,CC,D
10:35:18,ICBP,RG,8825,1,D,PD,PD,D
10:35:18,ICBP,RG,8825,29,D,PD,NI,D
10:34:59,ICBP,RG,8825,1,D,PD,NI,D
10:34:45,ICBP,RG,8825,43,D,YP,NI,D
10:33:55,ICBP,RG,8825,3,D,PD,NI,D
10:33:13,ICBP,RG,8825,1,D,NI,NI,D
10:31:40,ICBP,RG,8825,8,D,YP,NI,D
10:31:05,ICBP,RG,8825,1,D,XC,NI,D
10:30:41,ICBP,RG,8800,10,F,DX,XC,D
10:29:39,ICBP,RG,8825,1,D,KK,NI,D
10:28:49,ICBP,RG,8825,12,D,PD,NI,D
10:28:36,ICBP,RG,8825,1,D,YP,NI,D
10:26:35,ICBP,RG,8825,1,D,NI,NI,D
10:25:39,ICBP,RG,8825,1,D,PD,NI,D
10:25:29,ICBP,RG,8825,6,D,CC,NI,D
10:25:23,ICBP,RG,8800,5,F,DX,GR,D
10:25:13,ICBP,RG,8800,5,F,DX,PD,D
10:24:52,ICBP,RG,8825,1,D,PD,NI,D
10:23:36,ICBP,RG,8825,20,D,KK,NI,D
10:20:18,ICBP,RG,8825,10,D,YP,NI,D
10:20:10,ICBP,RG,8825,1,D,LG,NI,D
10:19:42,ICBP,RG,8800,1,F,DX,PD,D
10:19:37,ICBP,RG,8800,18,F,DX,CC,D
10:19:18,ICBP,RG,8825,1,D,LG,NI,D
10:18:06,ICBP,RG,8800,6,F,DX,XL,D
10:17:50,ICBP,RG,8825,46,F,AK,NI,D
10:17:30,ICBP,RG,8825,1,D,XC,NI,D
10:17:21,ICBP,RG,8825,2,D,KK,NI,D
10:17:21,ICBP,RG,8825,8,D,KK,NI,D
10:17:08,ICBP,RG,8825,10,D,KK,NI,D
10:16:09,ICBP,RG,8825,2,D,XC,NI,D
10:15:59,ICBP,RG,8825,1,D,YP,NI,D
10:15:58,ICBP,RG,8825,1,D,PD,NI,D
10:15:52,ICBP,RG,8825,2,D,NI,NI,D
10:14:47,ICBP,RG,8825,3,D,GR,NI,D
10:14:39,ICBP,RG,8800,16,F,DX,DX,F
10:14:37,ICBP,RG,8825,1,D,XC,NI,D
10:14:14,ICBP,RG,8825,1,F,AK,NI,D
10:14:02,ICBP,RG,8800,220,F,DX,ZP,F
10:12:35,ICBP,RG,8800,3,F,DX,SQ,D
10:12:29,ICBP,RG,8800,1,F,DX,XC,D
10:12:25,ICBP,RG,8800,16,F,DX,DX,F
10:12:23,ICBP,RG,8800,1,F,DX,YP,D
10:11:36,ICBP,RG,8800,2,F,DX,XC,D
10:11:13,ICBP,RG,8800,220,F,DX,ZP,F
10:11:03,ICBP,RG,8800,16,F,DX,DX,F
10:11:00,ICBP,RG,8825,2,D,PD,NI,D
10:08:59,ICBP,RG,8825,1,D,PD,NI,D
10:08:52,ICBP,RG,8825,1,D,XC,NI,D
10:08:10,ICBP,RG,8825,5,D,CC,NI,D
10:08:00,ICBP,RG,8825,1,F,AK,NI,D
10:07:16,ICBP,RG,8825,10,D,PD,NI,D
10:07:05,ICBP,RG,8825,1,D,XC,NI,D
10:06:58,ICBP,RG,8825,167,D,LG,NI,D
10:05:02,ICBP,RG,8825,1,D,YP,NI,D
9:59:53,ICBP,RG,8825,24,D,AT,NI,D
9:59:04,ICBP,RG,8825,1,D,KK,NI,D
9:58:33,ICBP,RG,8825,2,D,CC,NI,D
9:58:30,ICBP,RG,8825,1,F,AK,NI,D
9:56:36,ICBP,RG,8825,2,D,PD,NI,D
9:55:39,ICBP,RG,8825,10,D,PD,NI,D
9:55:22,ICBP,RG,8800,1,F,DX,XC,D
9:54:14,ICBP,RG,8800,30,F,DX,PC,D
9:54:09,ICBP,RG,8800,1,F,DX,YU,D
9:53:34,ICBP,RG,8800,1,F,DX,XC,D
9:53:21,ICBP,RG,8800,4,F,DX,PD,D
9:52:51,ICBP,RG,8800,1,F,DX,PD,D
9:51:52,ICBP,RG,8825,1,D,XC,NI,D
9:51:51,ICBP,RG,8800,15,F,DX,XC,D
9:51:32,ICBP,RG,8800,60,F,DX,CC,D
9:51:28,ICBP,RG,8825,1,D,PD,NI,D
9:51:19,ICBP,RG,8800,1,F,DX,KK,D
9:50:48,ICBP,RG,8825,1,D,XC,NI,D
9:50:30,ICBP,RG,8825,8,D,YP,NI,D
9:49:37,ICBP,RG,8825,1,D,CC,NI,D
9:49:25,ICBP,RG,8825,1,D,YP,NI,D
9:49:19,ICBP,RG,8825,1,D,XC,NI,D
9:49:07,ICBP,RG,8825,1,D,XC,NI,D
9:49:04,ICBP,RG,8825,10,D,YU,NI,D
9:47:30,ICBP,RG,8825,1,F,AK,NI,D
9:45:58,ICBP,RG,8800,11,F,DX,BK,F
9:45:54,ICBP,RG,8825,1,D,SQ,NI,D
9:45:53,ICBP,RG,8800,9,F,DX,BK,F
9:45:48,ICBP,RG,8825,61,F,AK,NI,D
9:45:11,ICBP,RG,8825,4,D,XC,NI,D
9:44:49,ICBP,RG,8825,5,D,GR,NI,D
9:44:44,ICBP,RG,8825,1,D,PD,NI,D
9:43:49,ICBP,RG,8825,8,D,YP,NI,D
9:41:23,ICBP,RG,8825,1,D,BQ,NI,D
9:41:21,ICBP,RG,8800,1,F,DX,PD,D
9:40:35,ICBP,RG,8800,6,F,DX,DH,D
9:39:46,ICBP,RG,8800,11,F,DX,BK,F
9:39:45,ICBP,RG,8800,5,F,DX,PD,D
9:39:38,ICBP,RG,8800,1,F,DX,XC,D
9:39:37,ICBP,RG,8800,1,F,DX,PD,D
9:38:57,ICBP,RG,8800,8,F,DX,YU,D
9:38:12,ICBP,RG,8800,1,F,DX,PD,D
9:37:54,ICBP,RG,8800,1,F,DX,KK,D
9:37:45,ICBP,RG,8825,1,F,AK,NI,D
9:37:33,ICBP,RG,8800,16,F,DX,DH,D
9:36:09,ICBP,RG,8800,1,F,DX,YB,D
9:35:00,ICBP,RG,8800,9,F,DX,BK,F
9:34:59,ICBP,RG,8825,3,D,YP,NI,D
9:34:29,ICBP,RG,8825,1,D,YB,NI,D
9:34:00,ICBP,RG,8800,1,F,DX,CC,D
9:33:58,ICBP,RG,8825,1,D,SQ,NI,D
9:31:23,ICBP,RG,8800,4,F,DX,EP,D
9:30:53,ICBP,RG,8825,10,D,DH,NI,D
9:30:26,ICBP,RG,8825,1,D,CC,NI,D
9:30:16,ICBP,RG,8825,1,D,XC,NI,D
9:30:04,ICBP,RG,8825,1,D,PD,NI,D
9:29:31,ICBP,RG,8800,12,F,DX,BK,F
9:29:25,ICBP,RG,8800,30,F,DX,BK,F
9:29:20,ICBP,RG,8800,75,F,DX,BK,F
9:29:20,ICBP,RG,8800,84,F,DX,YU,F
9:29:19,ICBP,RG,8800,97,F,DX,YU,F
9:29:18,ICBP,RG,8800,97,F,DX,YU,F
9:29:18,ICBP,RG,8800,97,F,DX,YU,F
9:29:17,ICBP,RG,8800,16,F,DX,BK,F
9:29:17,ICBP,RG,8800,97,F,DX,YU,F
9:29:16,ICBP,RG,8800,97,F,DX,YU,F
9:29:14,ICBP,RG,8800,11,F,DX,BK,F
9:29:12,ICBP,RG,8800,17,F,DX,BK,F
9:29:07,ICBP,RG,8800,97,F,DX,YU,F
9:28:39,ICBP,RG,8800,14,F,DX,BK,F
9:28:35,ICBP,RG,8800,50,F,DX,BK,F
9:28:31,ICBP,RG,8800,700,F,DX,IF,D
9:28:06,ICBP,RG,8800,11,F,DX,XC,D
9:27:20,ICBP,RG,8800,10,F,DX,CC,D
9:26:57,ICBP,RG,8825,10,D,OD,NI,D
9:26:23,ICBP,RG,8800,4,F,DX,CC,D
9:25:11,ICBP,RG,8800,4,F,DX,YP,D
9:25:01,ICBP,RG,8825,2,F,KK,NI,D
9:24:31,ICBP,RG,8800,3,F,DX,XC,D
9:23:31,ICBP,RG,8800,2,F,DX,XL,D
9:23:18,ICBP,RG,8825,1,D,PD,NI,D
9:22:52,ICBP,RG,8825,1,D,XC,NI,D
9:22:40,ICBP,RG,8800,6,F,DX,NI,D
9:22:27,ICBP,RG,8825,1,D,XC,NI,D
9:22:10,ICBP,RG,8825,2,D,XC,NI,D
9:21:16,ICBP,RG,8800,5,F,DX,EP,D
9:21:16,ICBP,RG,8800,4,F,DX,PD,D
9:20:14,ICBP,RG,8800,1,F,DX,YP,D
9:20:01,ICBP,RG,8825,1,D,PD,NI,D
9:19:48,ICBP,RG,8825,4,D,YB,NI,D
9:19:05,ICBP,RG,8800,2,F,DX,EP,D
9:18:53,ICBP,RG,8825,8,D,PD,NI,D
9:18:43,ICBP,RG,8800,9,F,DX,XC,D
9:18:36,ICBP,RG,8800,5,F,DX,YP,D
9:18:16,ICBP,RG,8800,13,F,DX,DH,D
9:18:16,ICBP,RG,8800,5,F,DX,XC,D
9:18:16,ICBP,RG,8800,134,F,DX,DX,F
9:18:16,ICBP,RG,8800,111,F,DX,DX,F
9:18:16,ICBP,RG,8800,518,F,DX,CC,F
9:18:16,ICBP,RG,8800,49,F,DX,NI,D
9:17:59,ICBP,RG,8800,3,D,LG,NI,D
9:17:29,ICBP,RG,8800,2,D,XC,NI,D
9:17:01,ICBP,RG,8800,1,D,YP,NI,D
9:16:47,ICBP,RG,8775,9,F,DX,BK,F
9:16:43,ICBP,RG,8775,18,F,DX,BK,F
9:16:43,ICBP,RG,8800,1,D,YP,NI,D
9:16:40,ICBP,RG,8775,75,F,DX,DX,F
9:16:39,ICBP,RG,8775,36,F,DX,BK,F
9:16:39,ICBP,RG,8775,1,D,YP,BK,F
9:16:39,ICBP,RG,8775,1,D,YP,BK,F
9:16:39,ICBP,RG,8775,3,D,CC,BK,F
9:16:39,ICBP,RG,8775,5,D,PD,BK,F
9:16:39,ICBP,RG,8775,1,D,PD,BK,F
9:16:39,ICBP,RG,8775,1,D,PD,BK,F
9:16:39,ICBP,RG,8775,2,D,PD,BK,F
9:16:39,ICBP,RG,8775,1,D,EP,BK,F
9:16:39,ICBP,RG,8775,2,D,YJ,BK,F
9:16:39,ICBP,RG,8775,20,D,YB,BK,F
9:16:39,ICBP,RG,8775,2,D,YB,BK,F
9:16:39,ICBP,RG,8800,10,D,SQ,NI,D
9:16:37,ICBP,RG,8800,10,D,LG,NI,D
9:16:37,ICBP,RG,8800,5,D,YP,NI,D
9:16:37,ICBP,RG,8800,1,D,XL,NI,D
9:16:37,ICBP,RG,8800,2,D,NI,NI,D
9:16:37,ICBP,RG,8800,5,D,SQ,NI,D
9:16:37,ICBP,RG,8800,1,D,CC,NI,D
9:16:37,ICBP,RG,8800,5,D,TP,NI,D
9:16:37,ICBP,RG,8800,5,D,GR,NI,D
9:16:37,ICBP,RG,8800,1,D,YP,NI,D
9:16:37,ICBP,RG,8800,50,D,YP,NI,D
9:16:37,ICBP,RG,8800,4,D,PD,NI,D
9:16:37,ICBP,RG,8800,30,D,CC,NI,D
9:16:37,ICBP,RG,8800,1,D,DR,NI,D
9:16:37,ICBP,RG,8800,4,D,XL,NI,D
9:16:37,ICBP,RG,8800,1,D,CC,NI,D
9:16:37,ICBP,RG,8800,24,F,AK,NI,D
9:16:37,ICBP,RG,8800,20,D,NI,NI,D
9:16:37,ICBP,RG,8800,1,D,XC,NI,D
9:16:37,ICBP,RG,8800,1,D,XC,NI,D
9:16:37,ICBP,RG,8800,1,D,XC,NI,D
9:16:37,ICBP,RG,8800,25,D,YP,NI,D
9:16:37,ICBP,RG,8800,2,D,KK,NI,D
9:16:37,ICBP,RG,8800,2,D,PD,NI,D
9:16:37,ICBP,RG,8800,3,D,YB,NI,D
9:16:37,ICBP,RG,8800,2,D,DH,NI,D
9:16:37,ICBP,RG,8800,30,D,CC,NI,D
9:16:37,ICBP,RG,8800,11,D,YP,NI,D
9:16:37,ICBP,RG,8800,10,D,YP,NI,D
9:16:37,ICBP,RG,8800,15,D,GR,NI,D
9:16:37,ICBP,RG,8800,5,D,PD,NI,D
9:16:37,ICBP,RG,8800,15,D,NI,NI,D
9:16:37,ICBP,RG,8800,8,D,CP,NI,D
9:16:37,ICBP,RG,8800,5,D,YP,NI,D
9:16:37,ICBP,RG,8800,28,D,YP,NI,D
9:16:37,ICBP,RG,8800,1,D,AT,NI,D
9:16:37,ICBP,RG,8800,4,D,NI,NI,D
9:16:37,ICBP,RG,8800,1,D,PD,NI,D
9:16:37,ICBP,RG,8800,1,D,YP,NI,D
9:16:37,ICBP,RG,8800,2,D,XC,NI,D
9:16:37,ICBP,RG,8800,1,D,YP,NI,D
9:16:37,ICBP,RG,8800,9,D,YP,NI,D
9:16:37,ICBP,RG,8800,10,D,PD,NI,D
9:16:37,ICBP,RG,8800,1,D,PD,NI,D
9:16:37,ICBP,RG,8800,3,D,YP,NI,D
9:16:37,ICBP,RG,8800,44,D,YP,NI,D
9:16:37,ICBP,RG,8800,1,D,CC,NI,D
9:16:37,ICBP,RG,8800,5,D,NI,NI,D
9:16:37,ICBP,RG,8800,1,D,KK,NI,D
9:16:37,ICBP,RG,8800,1,D,NI,NI,D
9:16:37,ICBP,RG,8800,5,D,YP,NI,D
9:16:37,ICBP,RG,8800,1,D,KK,NI,D
9:16:37,ICBP,RG,8800,1,D,YP,NI,D
9:16:37,ICBP,RG,8800,500,F,DX,NI,D
9:16:37,ICBP,RG,8800,391,D,OD,NI,D
9:15:50,ICBP,RG,8800,55,D,OD,YP,D
9:15:00,ICBP,RG,8800,8,D,OD,PD,D
9:14:59,ICBP,RG,8825,1,D,XL,NI,D
9:14:55,ICBP,RG,8825,1,D,CC,NI,D
9:14:42,ICBP,RG,8825,1,D,DH,NI,D
9:14:41,ICBP,RG,8825,1,D,PD,NI,D
9:14:25,ICBP,RG,8800,16,D,OD,BK,F
9:14:22,ICBP,RG,8825,57,D,NI,NI,D
9:13:41,ICBP,RG,8825,1,D,PD,NI,D
9:13:28,ICBP,RG,8825,5,D,NI,NI,D
9:13:11,ICBP,RG,8825,1,D,PD,NI,D
9:12:48,ICBP,RG,8800,10,D,OD,YU,D
9:12:44,ICBP,RG,8800,11,D,OD,BK,F
9:12:44,ICBP,RG,8800,5,D,OD,PD,D
9:12:40,ICBP,RG,8800,16,D,OD,BK,F
9:12:39,ICBP,RG,8800,27,D,OD,DX,F
9:12:37,ICBP,RG,8800,97,D,OD,YU,F
9:12:37,ICBP,RG,8800,97,D,OD,YU,F
9:12:37,ICBP,RG,8800,97,D,OD,YU,F
9:12:37,ICBP,RG,8800,97,D,OD,YU,F
9:12:37,ICBP,RG,8800,97,D,OD,YU,F
9:12:36,ICBP,RG,8800,97,D,OD,YU,F
9:12:13,ICBP,RG,8825,1,D,DH,NI,D
9:12:04,ICBP,RG,8825,4,D,YP,NI,D
9:11:36,ICBP,RG,8825,3,D,EP,NI,D
9:11:20,ICBP,RG,8825,10,D,GR,NI,D
9:11:16,ICBP,RG,8825,37,F,DX,AK,F
9:11:16,ICBP,RG,8825,50,F,DX,YP,D
9:11:15,ICBP,RG,8825,1,F,DX,DX,F
9:11:14,ICBP,RG,8825,3,F,DX,CC,F
9:11:14,ICBP,RG,8825,1,F,DX,DX,F
9:11:14,ICBP,RG,8825,38,F,DX,DX,F
9:11:14,ICBP,RG,8825,2,F,DX,KK,D
9:11:14,ICBP,RG,8825,151,F,DX,BK,F
9:11:14,ICBP,RG,8825,17,F,DX,DX,F
9:11:01,ICBP,RG,8800,13,D,OD,BK,F
9:10:57,ICBP,RG,8800,3,D,OD,BK,F
9:10:57,ICBP,RG,8800,1,D,CC,BK,F
9:10:57,ICBP,RG,8800,3,D,YP,BK,F
9:10:57,ICBP,RG,8800,3,D,CC,BK,F
9:10:55,ICBP,RG,8825,1,D,DH,YU,F
9:10:55,ICBP,RG,8800,8,D,CC,DX,F
9:10:55,ICBP,RG,8800,4,F,KK,DX,F
9:10:55,ICBP,RG,8800,1,D,PD,DX,F
9:10:55,ICBP,RG,8800,2,D,SQ,DX,F
9:10:55,ICBP,RG,8800,2,D,YP,DX,F
9:10:55,ICBP,RG,8800,1,D,XL,DX,F
9:10:55,ICBP,RG,8800,2,D,YB,DX,F
9:10:55,ICBP,RG,8800,6,D,PD,DX,F
9:10:55,ICBP,RG,8800,1,D,PD,DX,F
9:10:55,ICBP,RG,8800,3,D,PD,DX,F
9:10:55,ICBP,RG,8800,1,D,PD,DX,F
9:10:55,ICBP,RG,8800,11,D,DR,DX,F
9:10:55,ICBP,RG,8800,1,D,PD,DX,F
9:10:55,ICBP,RG,8800,3,D,DH,DX,F
9:10:54,ICBP,RG,8825,2,D,EP,YU,F
9:10:54,ICBP,RG,8825,8,D,EP,YU,F
9:10:54,ICBP,RG,8825,1,D,CC,YU,F
9:10:54,ICBP,RG,8825,1,D,NI,YU,F
9:10:54,ICBP,RG,8825,5,D,YP,YU,F
9:10:54,ICBP,RG,8825,9,D,YP,YU,F
9:10:54,ICBP,RG,8825,73,F,DX,YU,F
9:10:53,ICBP,RG,8825,97,F,DX,YU,F
9:10:53,ICBP,RG,8825,97,F,DX,YU,F
9:10:53,ICBP,RG,8825,33,F,DX,YU,F
9:10:53,ICBP,RG,8825,2,D,XC,YU,F
9:10:53,ICBP,RG,8825,2,D,XC,YU,F
9:10:53,ICBP,RG,8825,12,D,MK,YU,F
9:10:53,ICBP,RG,8825,1,F,AK,YU,F
9:10:53,ICBP,RG,8825,1,D,XC,YU,F
9:10:53,ICBP,RG,8825,22,F,AK,YU,F
9:10:53,ICBP,RG,8825,24,D,GR,YU,F
9:10:53,ICBP,RG,8825,97,D,GR,YU,F
9:10:35,ICBP,RG,8825,5,D,GR,PD,D
9:09:57,ICBP,RG,8850,1,D,PD,XC,D
9:09:57,ICBP,RG,8850,1,D,PD,XC,D
9:09:57,ICBP,RG,8850,3,D,PD,YP,D
9:09:40,ICBP,RG,8825,47,D,GR,CC,D
9:08:54,ICBP,RG,8850,1,D,KK,XC,D
9:08:44,ICBP,RG,8825,5,D,GR,CC,D
9:08:19,ICBP,RG,8825,9,D,GR,YP,D
9:08:18,ICBP,RG,8825,2,D,GR,XA,D
9:08:17,ICBP,RG,8825,15,D,GR,CC,D
9:07:57,ICBP,RG,8825,95,D,GR,DX,F
9:07:57,ICBP,RG,8825,1,D,GR,PD,D
9:06:59,ICBP,RG,8825,5,D,SQ,AK,F
9:06:59,ICBP,RG,8825,1,D,XC,AK,F
9:06:59,ICBP,RG,8825,1,D,XC,AK,F
9:06:59,ICBP,RG,8825,3,D,CC,AK,F
9:06:59,ICBP,RG,8825,2,D,CC,AK,F
9:06:59,ICBP,RG,8825,1,D,CC,AK,F
9:06:59,ICBP,RG,8825,5,D,PD,AK,F
9:06:59,ICBP,RG,8825,8,F,DX,AK,F
9:06:58,ICBP,RG,8825,118,F,DX,DX,F
9:06:46,ICBP,RG,8825,1,F,DX,KK,D
9:06:29,ICBP,RG,8825,37,F,DX,BK,F
9:06:28,ICBP,RG,8825,136,F,DX,NI,D
9:06:28,ICBP,RG,8825,12,D,EP,NI,D
9:06:28,ICBP,RG,8825,24,D,YP,NI,D
9:06:28,ICBP,RG,8825,3,D,DR,NI,D
9:06:28,ICBP,RG,8825,1,D,PD,NI,D
9:06:28,ICBP,RG,8825,3,D,YP,NI,D
9:06:28,ICBP,RG,8825,5,D,YP,NI,D
9:06:28,ICBP,RG,8825,34,D,KK,NI,D
9:06:26,ICBP,RG,8825,5,D,KK,KK,D
9:05:30,ICBP,RG,8825,1,D,KK,YP,D
9:05:25,ICBP,RG,8825,1,D,KK,PD,D
9:05:25,ICBP,RG,8825,3,D,KK,PD,D
9:05:25,ICBP,RG,8850,1,D,YP,CC,F
9:05:19,ICBP,RG,8825,11,D,KK,SQ,D
9:05:14,ICBP,RG,8825,1,D,KK,KK,D
9:04:42,ICBP,RG,8825,2,D,KK,XC,D
9:04:33,ICBP,RG,8850,1,D,PD,CC,F
9:03:06,ICBP,RG,8825,2,D,KK,YP,D
9:02:57,ICBP,RG,8850,1,D,XC,CC,F
9:02:36,ICBP,RG,8850,3,D,NI,XC,D
9:02:35,ICBP,RG,8850,1,D,XC,XC,D
9:02:22,ICBP,RG,8850,1,D,XC,XC,D
9:02:18,ICBP,RG,8850,1,D,XC,DR,D
9:02:11,ICBP,RG,8850,2,D,KK,BK,F
9:02:11,ICBP,RG,8850,2,D,CC,BK,F
9:02:11,ICBP,RG,8850,2,D,YP,BK,F
9:01:52,ICBP,RG,8850,145,D,YP,NI,D
9:01:51,ICBP,RG,8850,1,D,YP,AZ,D
9:01:16,ICBP,RG,8850,1,D,YP,PD,D
9:01:16,ICBP,RG,8850,1,D,YP,YP,D
9:01:16,ICBP,RG,8850,1,D,YP,GR,D
9:01:16,ICBP,RG,8850,1,D,YP,YP,D
9:01:16,ICBP,RG,8850,2,D,YP,CC,D
9:01:16,ICBP,RG,8850,20,D,YP,GR,D
9:01:16,ICBP,RG,8850,1,D,YP,PD,D
9:01:16,ICBP,RG,8850,1,D,YP,PD,D
9:01:16,ICBP,RG,8850,52,D,YP,PD,D
9:01:03,ICBP,RG,8825,1,F,AK,GR,D
9:00:15,ICBP,RG,8825,75,F,AK,NI,D
9:00:08,ICBP,RG,8825,20,D,YP,NI,D
9:00:05,ICBP,RG,8800,1,D,DH,NI,D
9:00:02,ICBP,RG,8825,5,D,YP,NI,D
9:00:02,ICBP,RG,8825,1,D,YP,PD,D
8:55:00,ICBP,RG,8800,1,D,DH,YP,D
8:55:00,ICBP,RG,8800,1,D,DH,YP,D
8:55:00,ICBP,RG,8800,1,D,EP,YP,D
8:55:00,ICBP,RG,8800,1,D,PD,YP,D
8:55:00,ICBP,RG,8800,1,D,PD,YP,D
8:55:00,ICBP,RG,8800,1,D,XL,YP,D
8:55:00,ICBP,RG,8800,1,D,PD,YP,D
8:55:00,ICBP,RG,8800,1,D,XC,YP,D
8:55:00,ICBP,RG,8800,1,D,CC,YP,D
8:55:00,ICBP,RG,8800,1,D,PD,YP,D
8:55:00,ICBP,RG,8800,18,D,DH,YP,D
8:55:00,ICBP,RG,8800,1,D,PD,YP,D
8:55:00,ICBP,RG,8800,6,D,KK,YP,D
8:55:00,ICBP,RG,8800,2,D,XC,YP,D
8:55:00,ICBP,RG,8800,1,D,AT,YP,D
8:55:00,ICBP,RG,8800,1,D,XC,YP,D
8:55:00,ICBP,RG,8800,2,D,YJ,YP,D
8:55:00,ICBP,RG,8800,1,D,SQ,CC,D
8:55:00,ICBP,RG,8800,1,D,SQ,PD,D
8:55:00,ICBP,RG,8800,2,D,SQ,PD,D
8:55:00,ICBP,RG,8800,2,D,SQ,PD,D
8:55:00,ICBP,RG,8800,1,D,SQ,YP,D
8:55:00,ICBP,RG,8800,36,D,SQ,DX,F
8:55:00,ICBP,RG,8800,23,D,SQ,ZP,F
8:55:00,ICBP,RG,8800,1,D,DH,ZP,F
8:55:00,ICBP,RG,8800,1,D,PD,ZP,F
8:55:00,ICBP,RG,8800,5,D,PD,ZP,F
8:55:00,ICBP,RG,8800,10,D,PD,ZP,F
8:55:00,ICBP,RG,8800,13,D,DR,ZP,F
8:55:00,ICBP,RG,8800,1,D,XC,ZP,F
8:55:00,ICBP,RG,8800,2,D,YB,ZP,F