Time,Stock,Brd,Price,Qty,BT,BC,SC,ST
15:14:52,ICBP,RG,8850,1,F,DX,YP,D
15:12:53,ICBP,RG,8850,1,F,DX,GR,D
15:12:39,ICBP,RG,8850,1,F,DX,PD,D
15:10:22,ICBP,RG,8850,1,F,DX,EP,D
15:09:32,ICBP,RG,8850,13,F,DX,XC,D
15:08:37,ICBP,RG,8850,2,F,DX,XC,D
15:08:18,ICBP,RG,8850,40,F,DX,CC,D
15:08:17,ICBP,RG,8850,17,F,DX,YP,D
15:05:29,ICBP,RG,8850,10,F,DX,YP,D
15:05:20,ICBP,RG,8850,200,F,DX,YP,D
15:05:03,ICBP,RG,8850,6,F,DX,CC,D
15:05:02,ICBP,RG,8850,2,F,DX,CC,D
15:05:02,ICBP,RG,8850,1900,F,DX,KZ,D
15:05:02,ICBP,RG,8850,5,F,DX,CC,D
15:05:02,ICBP,RG,8850,20,F,DX,YP,D
15:05:02,ICBP,RG,8850,70,F,DX,YP,D
15:05:01,ICBP,RG,8850,1,F,DX,XC,D
15:00:00,ICBP,RG,8850,100,F,DX,YP,D
15:00:00,ICBP,RG,8850,272,F,DX,CS,F
15:00:00,ICBP,RG,8850,1,F,DX,XC,D
15:00:00,ICBP,RG,8850,1,F,DX,PD,D
15:00:00,ICBP,RG,8850,1,F,DX,PD,D
15:00:00,ICBP,RG,8850,11,F,DX,BQ,D
15:00:00,ICBP,RG,8850,10,F,DX,DR,D
15:00:00,ICBP,RG,8850,15,F,DX,DR,D
15:00:00,ICBP,RG,8850,10,F,DX,DR,D
15:00:00,ICBP,RG,8850,30,F,DX,YP,D
15:00:00,ICBP,RG,8850,143,F,DX,YJ,D
15:00:00,ICBP,RG,8850,8,F,DX,YP,D
15:00:00,ICBP,RG,8850,15,F,DX,DX,D
15:00:00,ICBP,RG,8850,9,F,DX,PD,D
15:00:00,ICBP,RG,8850,1,F,DX,YP,D
15:00:00,ICBP,RG,8850,56,F,DX,YP,D
15:00:00,ICBP,RG,8850,87,F,DX,GR,D
15:00:00,ICBP,RG,8850,10,F,DX,AZ,D
15:00:00,ICBP,RG,8850,2,F,DX,YP,D
15:00:00,ICBP,RG,8850,1,F,DX,PD,D
15:00:00,ICBP,RG,8850,50,F,DX,TP,D
15:00:00,ICBP,RG,8850,15,F,DX,CC,D
15:00:00,ICBP,RG,8850,3,F,DX,YP,D
15:00:00,ICBP,RG,8850,5,F,DX,HP,D
15:00:00,ICBP,RG,8850,35,F,DX,AZ,D
15:00:00,ICBP,RG,8850,210,F,DX,AZ,D
15:00:00,ICBP,RG,8850,10,F,DX,KK,D
15:00:00,ICBP,RG,8850,1,F,DX,KK,D
15:00:00,ICBP,RG,8850,2,F,DX,XC,D
15:00:00,ICBP,RG,8850,1,F,DX,DH,D
15:00:00,ICBP,RG,8850,3,F,DX,HP,D
15:00:00,ICBP,RG,8850,13,F,DX,ZP,F
15:00:00,ICBP,RG,8850,1259,F,DX,ZP,F
15:00:00,ICBP,RG,8850,6,F,DX,ZP,F
15:00:00,ICBP,RG,8850,1264,F,DX,ZP,F
15:00:00,ICBP,RG,8850,78,F,DX,CS,F
15:00:00,ICBP,RG,8850,53,F,DX,CG,D
15:00:00,ICBP,RG,8850,272,F,DX,BK,F
15:00:00,ICBP,RG,8850,13,D,CC,BK,F
15:00:00,ICBP,RG,8850,17,D,CC,LG,D
15:00:00,ICBP,RG,8850,1,D,XC,LG,D
15:00:00,ICBP,RG,8850,1,D,YP,LG,D
15:00:00,ICBP,RG,8850,33,D,YP,LG,D
15:00:00,ICBP,RG,8850,48,F,BK,LG,D
15:00:00,ICBP,RG,8850,2,F,BK,LG,D
15:00:00,ICBP,RG,8850,3,D,LG,LG,D
15:00:00,ICBP,RG,8850,35,D,DR,LG,D
14:49:58,ICBP,RG,8825,12,F,CG,ZP,F
14:49:56,ICBP,RG,8825,27,F,CG,ZP,F
14:49:54,ICBP,RG,8825,4,F,CG,ZP,F
14:49:53,ICBP,RG,8825,28,F,CG,ZP,F
14:49:50,ICBP,RG,8825,8,F,CG,ZP,F
14:49:48,ICBP,RG,8825,39,F,CG,ZP,F
14:49:46,ICBP,RG,8850,1,F,BK,YP,D
14:49:44,ICBP,RG,8825,3,F,CG,ZP,F
14:49:43,ICBP,RG,8825,36,F,CG,ZP,F
14:49:38,ICBP,RG,8825,14,F,CG,ZP,F
14:49:37,ICBP,RG,8850,1,F,BK,YP,D
14:49:35,ICBP,RG,8825,33,F,CG,ZP,F
14:49:31,ICBP,RG,8825,8,F,CG,ZP,F
14:49:29,ICBP,RG,8850,1,F,BK,YP,D
14:49:29,ICBP,RG,8825,36,F,CG,ZP,F
14:49:28,ICBP,RG,8825,93,F,CG,ZP,F
14:49:28,ICBP,RG,8825,25,D,PD,ZP,F
14:49:28,ICBP,RG,8825,5,D,CC,ZP,F
14:49:28,ICBP,RG,8825,6,D,XL,ZP,F
14:49:28,ICBP,RG,8825,10,D,PD,ZP,F
14:49:27,ICBP,RG,8825,6,D,PD,ZP,F
14:49:27,ICBP,RG,8825,5,D,AT,ZP,F
14:49:27,ICBP,RG,8825,1,D,PD,ZP,F
14:49:27,ICBP,RG,8825,1,D,KK,ZP,F
14:49:27,ICBP,RG,8825,2,D,PD,ZP,F
14:49:27,ICBP,RG,8825,1,D,NI,ZP,F
14:49:27,ICBP,RG,8825,20,D,PD,ZP,F
14:49:27,ICBP,RG,8825,10,D,YP,ZP,F
14:49:27,ICBP,RG,8825,1,D,XC,ZP,F
14:49:27,ICBP,RG,8825,50,D,CC,ZP,F
14:49:26,ICBP,RG,8825,10,D,DH,ZP,F
14:49:26,ICBP,RG,8825,2,D,PD,ZP,F
14:49:26,ICBP,RG,8825,2,D,CC,ZP,F
14:49:26,ICBP,RG,8825,1,D,PD,ZP,F
14:49:26,ICBP,RG,8825,117,F,CG,ZP,F
14:49:02,ICBP,RG,8850,2,F,BK,ZP,F
14:48:59,ICBP,RG,8850,1,D,LG,ZP,F
14:48:59,ICBP,RG,8850,1,D,YP,ZP,F
14:48:44,ICBP,RG,8850,4,D,YP,ZP,F
14:48:43,ICBP,RG,8825,15,F,CG,ZP,F
14:48:43,ICBP,RG,8825,5,D,YP,ZP,F
14:48:43,ICBP,RG,8825,1,D,ZP,ZP,F
14:48:43,ICBP,RG,8825,1,D,CC,ZP,F
14:48:43,ICBP,RG,8825,67,F,CG,ZP,F
14:48:43,ICBP,RG,8825,52,F,CG,ZP,F
14:48:43,ICBP,RG,8825,6,F,CG,ZP,F
14:48:43,ICBP,RG,8850,1,F,BK,ZP,F
14:48:43,ICBP,RG,8850,17,D,SQ,ZP,F
14:48:42,ICBP,RG,8850,1,D,SQ,KK,D
14:48:42,ICBP,RG,8850,42,D,SQ,ZP,F
14:48:42,ICBP,RG,8850,7,D,SQ,ZP,F
14:48:42,ICBP,RG,8850,9,D,SQ,ZP,F
14:48:42,ICBP,RG,8850,4,D,SQ,XC,D
14:48:42,ICBP,RG,8850,20,D,SQ,XC,D
14:48:31,ICBP,RG,8825,1,F,CG,PD,D
14:48:23,ICBP,RG,8850,30,D,CC,XC,D
14:48:23,ICBP,RG,8850,1,D,CC,NI,D
14:48:23,ICBP,RG,8850,19,D,CC,CS,D
14:48:04,ICBP,RG,8825,40,F,CG,KZ,D
14:48:00,ICBP,RG,8825,2,F,CG,KK,D
14:47:54,ICBP,RG,8850,1,D,PD,CS,D
14:47:29,ICBP,RG,8850,3,D,CC,CS,D
14:47:29,ICBP,RG,8850,2,D,CC,SQ,D
14:46:53,ICBP,RG,8825,1,F,CG,CS,D
14:46:40,ICBP,RG,8825,6,F,CG,XC,D
14:46:37,ICBP,RG,8850,4,F,DX,CS,D
14:46:37,ICBP,RG,8850,2,F,DX,CC,D
14:46:37,ICBP,RG,8850,550,F,DX,KZ,D
14:46:37,ICBP,RG,8850,43,F,DX,KZ,D
14:46:37,ICBP,RG,8850,242,F,DX,BK,F
14:46:37,ICBP,RG,8850,7,F,DX,KZ,D
14:46:37,ICBP,RG,8850,1,F,DX,CS,D
14:46:37,ICBP,RG,8850,7,F,DX,CS,D
14:46:37,ICBP,RG,8850,48,F,DX,KZ,D
14:46:37,ICBP,RG,8850,3,F,DX,KZ,D
14:46:37,ICBP,RG,8850,1,F,DX,KZ,D
14:46:37,ICBP,RG,8850,11,F,DX,CS,D
14:46:37,ICBP,RG,8850,10,F,DX,CS,D
14:46:37,ICBP,RG,8850,13,F,DX,CS,D
14:46:37,ICBP,RG,8850,4,F,DX,CS,D
14:46:37,ICBP,RG,8850,1,F,DX,CS,D
14:46:37,ICBP,RG,8850,1,F,DX,CS,D
14:46:37,ICBP,RG,8850,13,F,DX,CS,D
14:46:31,ICBP,RG,8825,18,F,CG,PD,D
14:46:31,ICBP,RG,8825,1,F,CG,CS,D
14:46:31,ICBP,RG,8825,3,F,CG,CS,D
14:46:31,ICBP,RG,8825,1,F,CG,CS,D
14:46:31,ICBP,RG,8825,7,F,CG,CS,D
14:46:31,ICBP,RG,8825,14,F,CG,CS,D
14:46:30,ICBP,RG,8825,1,F,CG,CS,D
14:46:30,ICBP,RG,8825,1,F,CG,CS,D
14:46:30,ICBP,RG,8825,10,F,CG,CS,D
14:46:30,ICBP,RG,8825,8,F,CG,CS,D
14:46:28,ICBP,RG,8825,7,F,CG,CS,D
14:46:28,ICBP,RG,8825,4,F,CG,CS,D
14:46:22,ICBP,RG,8825,1,F,CG,CS,D
14:46:22,ICBP,RG,8825,1,F,CG,CS,D
14:46:22,ICBP,RG,8825,1,F,CG,CS,D
14:46:21,ICBP,RG,8825,11,F,CG,CS,D
14:46:21,ICBP,RG,8825,4,F,CG,CS,D
14:46:21,ICBP,RG,8825,14,F,CG,CS,D
14:46:20,ICBP,RG,8825,14,F,CG,CS,D
14:46:20,ICBP,RG,8825,1,F,CG,CS,D
14:46:20,ICBP,RG,8825,2,F,CG,CS,D
14:46:20,ICBP,RG,8825,2,F,CG,CS,D
14:46:19,ICBP,RG,8825,8,F,CG,CS,D
14:46:19,ICBP,RG,8825,5,F,CG,CS,D
14:46:17,ICBP,RG,8825,13,F,CG,CS,D
14:46:13,ICBP,RG,8825,18,F,CG,PD,D
14:46:11,ICBP,RG,8825,9,F,CG,CS,D
14:46:11,ICBP,RG,8825,5,F,CG,CS,D
14:46:11,ICBP,RG,8825,1,F,CG,CS,D
14:46:10,ICBP,RG,8825,15,F,CG,CS,D
14:46:09,ICBP,RG,8825,10,F,CG,CS,D
14:46:06,ICBP,RG,8825,1,F,CG,CS,D
14:46:05,ICBP,RG,8825,1,F,CG,CS,D
14:46:05,ICBP,RG,8825,1,F,CG,CS,D
14:46:05,ICBP,RG,8825,10,F,CG,CS,D
14:45:50,ICBP,RG,8825,31,F,CG,CS,D
14:45:50,ICBP,RG,8825,27,F,CG,CS,D
14:45:50,ICBP,RG,8825,1,F,CG,CS,D
14:45:50,ICBP,RG,8850,20,D,CC,CS,D
14:45:50,ICBP,RG,8850,1,D,CC,CS,D
14:45:50,ICBP,RG,8850,2,D,CC,CS,D
14:45:50,ICBP,RG,8850,1,D,CC,CS,D
14:45:50,ICBP,RG,8850,2,D,CC,CS,D
14:45:50,ICBP,RG,8850,2,D,CC,CS,D
14:45:50,ICBP,RG,8850,2,D,CC,CC,F
14:45:48,ICBP,RG,8825,24,F,CG,CS,D
14:45:45,ICBP,RG,8825,18,F,CG,CS,D
14:45:20,ICBP,RG,8825,47,F,CG,CS,D
14:45:19,ICBP,RG,8825,27,F,CG,CS,D
14:45:18,ICBP,RG,8825,5,F,CG,CS,D
14:45:18,ICBP,RG,8825,38,F,CG,CS,D
14:45:17,ICBP,RG,8825,38,F,CG,CS,D
14:44:55,ICBP,RG,8825,1,F,CG,DX,D
14:44:37,ICBP,RG,8850,435,F,DX,BK,F
14:44:37,ICBP,RG,8850,19,F,DX,CS,D
14:44:37,ICBP,RG,8850,1,F,DX,XC,D
14:44:37,ICBP,RG,8850,113,F,DX,KZ,D
14:44:37,ICBP,RG,8850,2,F,DX,YP,D
14:44:37,ICBP,RG,8850,5,F,DX,KZ,D
14:44:37,ICBP,RG,8850,4,F,DX,YP,D
14:44:37,ICBP,RG,8850,5,F,DX,YU,D
14:44:37,ICBP,RG,8850,93,F,DX,PD,D
14:44:37,ICBP,RG,8850,5,F,DX,CC,D
14:44:37,ICBP,RG,8850,2,F,DX,DR,D
14:44:37,ICBP,RG,8850,6,F,DX,PD,D
14:44:37,ICBP,RG,8850,23,F,DX,CS,D
14:44:37,ICBP,RG,8850,1,F,DX,NI,D
14:44:37,ICBP,RG,8850,2,F,DX,DR,D
14:44:37,ICBP,RG,8850,2,F,DX,CC,D
14:44:37,ICBP,RG,8850,2,F,DX,CC,D
14:44:37,ICBP,RG,8850,3,F,DX,PD,D
14:44:37,ICBP,RG,8850,2,F,DX,XC,D
14:44:37,ICBP,RG,8850,42,F,DX,KZ,D
14:44:37,ICBP,RG,8850,4,F,DX,PD,D
14:44:37,ICBP,RG,8850,8,F,DX,PD,D
14:44:37,ICBP,RG,8850,1,F,DX,YP,D
14:44:37,ICBP,RG,8850,8,F,DX,YP,D
14:44:37,ICBP,RG,8850,1,F,DX,NI,D
14:44:37,ICBP,RG,8850,1,F,DX,CC,D
14:44:37,ICBP,RG,8850,30,F,DX,PD,D
14:44:37,ICBP,RG,8850,20,F,DX,YP,D
14:44:37,ICBP,RG,8850,24,F,DX,XA,D
14:44:37,ICBP,RG,8850,5,F,DX,CC,D
14:44:37,ICBP,RG,8850,124,F,DX,KZ,D
14:44:37,ICBP,RG,8850,2,F,DX,PD,D
14:44:37,ICBP,RG,8850,7,F,DX,DH,D
14:44:37,ICBP,RG,8850,135,F,DX,KZ,D
14:44:37,ICBP,RG,8850,5,F,DX,PD,D
14:44:37,ICBP,RG,8850,1,F,DX,PD,D
14:44:37,ICBP,RG,8850,1,F,DX,PD,D
14:44:37,ICBP,RG,8850,1,F,DX,YP,D
14:44:37,ICBP,RG,8850,1,F,DX,XC,D
14:44:37,ICBP,RG,8850,251,F,DX,KZ,D
14:44:37,ICBP,RG,8850,3,F,DX,OD,D
14:44:37,ICBP,RG,8850,1,F,DX,YP,D
14:44:37,ICBP,RG,8850,2,F,DX,YP,D
14:44:37,ICBP,RG,8850,88,F,DX,CS,F
14:44:37,ICBP,RG,8850,10,F,DX,DR,D
14:44:37,ICBP,RG,8850,8,F,DX,YP,D
14:44:37,ICBP,RG,8850,1,F,DX,YP,D
14:44:37,ICBP,RG,8850,5,F,DX,CC,F
14:44:37,ICBP,RG,8850,7,F,DX,NI,D
14:44:37,ICBP,RG,8850,1,F,DX,PD,D
14:44:37,ICBP,RG,8850,200,F,DX,YP,D
14:44:37,ICBP,RG,8850,25,F,DX,PD,D
14:44:37,ICBP,RG,8850,286,F,DX,KZ,D
14:44:37,ICBP,RG,8850,10,F,DX,EP,D
14:44:37,ICBP,RG,8850,1,F,DX,NI,D
14:44:37,ICBP,RG,8850,3,F,DX,YP,D
14:44:37,ICBP,RG,8850,3,F,DX,PD,D
14:44:37,ICBP,RG,8850,250,F,DX,YP,D
14:44:37,ICBP,RG,8850,68,F,DX,CS,D
14:44:37,ICBP,RG,8850,3,F,DX,PD,D
14:44:37,ICBP,RG,8850,1,F,DX,XC,D
14:44:37,ICBP,RG,8850,5,F,DX,SQ,D
14:44:37,ICBP,RG,8850,10,F,DX,YP,D
14:44:37,ICBP,RG,8850,53,F,DX,CS,D
14:44:37,ICBP,RG,8850,1,F,DX,XC,D
14:44:37,ICBP,RG,8850,340,F,DX,BK,F
14:44:28,ICBP,RG,8825,18,F,DX,PD,D
14:44:27,ICBP,RG,8825,4,F,DX,CS,D
14:44:26,ICBP,RG,8825,1,F,DX,DX,D
14:44:22,ICBP,RG,8825,1,F,DX,CS,D
14:44:22,ICBP,RG,8825,29,F,DX,CS,D
14:44:21,ICBP,RG,8850,1,D,XC,BK,F
14:44:15,ICBP,RG,8825,1,F,DX,DH,D
14:44:11,ICBP,RG,8850,1,D,PD,BK,F
14:44:09,ICBP,RG,8825,1,F,DX,CS,D
14:43:59,ICBP,RG,8825,46,F,DX,CS,D
14:43:53,ICBP,RG,8825,4,F,DX,BQ,D
14:43:48,ICBP,RG,8825,1,F,DX,CS,D
14:43:46,ICBP,RG,8825,13,F,DX,CS,D
14:43:46,ICBP,RG,8825,15,F,DX,CS,D
14:43:46,ICBP,RG,8825,1,D,XC,CS,D
14:43:46,ICBP,RG,8825,1,D,XC,CS,D
14:43:46,ICBP,RG,8825,5,D,SQ,CS,D
14:43:46,ICBP,RG,8825,8,F,DX,CS,D
14:43:46,ICBP,RG,8825,4,F,DX,CS,D
14:43:44,ICBP,RG,8825,18,F,DX,PD,D
14:43:33,ICBP,RG,8825,1,F,DX,CS,D
14:43:32,ICBP,RG,8825,8,F,DX,CS,D
14:43:32,ICBP,RG,8825,2,D,CC,CS,D
14:43:32,ICBP,RG,8825,15,D,CC,CS,D
14:43:32,ICBP,RG,8825,3,D,CC,CS,D
14:43:32,ICBP,RG,8825,3,D,XC,CS,D
14:43:32,ICBP,RG,8825,1,D,DR,CS,D
14:43:32,ICBP,RG,8825,2,D,XL,CS,D
14:43:32,ICBP,RG,8825,1,D,KK,CS,D
14:43:32,ICBP,RG,8825,2,D,AT,CS,D
14:43:32,ICBP,RG,8825,1,F,DX,CS,D
14:43:32,ICBP,RG,8825,12,F,DX,CS,D
14:43:32,ICBP,RG,8825,18,F,DX,CS,D
14:43:32,ICBP,RG,8825,2,F,DX,CS,D
14:43:32,ICBP,RG,8825,5,F,DX,PD,D
14:43:32,ICBP,RG,8825,13,F,DX,PD,D
14:43:28,ICBP,RG,8825,27,F,DX,GR,D
14:43:25,ICBP,RG,8825,1,F,DX,XC,D
14:43:18,ICBP,RG,8825,1,F,DX,CS,D
14:43:17,ICBP,RG,8825,7,F,DX,YP,D
14:43:07,ICBP,RG,8825,1,F,DX,XC,D
14:43:04,ICBP,RG,8825,2,F,DX,XC,D
14:43:02,ICBP,RG,8825,17,F,DX,PD,D
14:42:57,ICBP,RG,8825,5,F,DX,PD,D
14:42:44,ICBP,RG,8825,13,F,DX,PD,D
14:42:44,ICBP,RG,8825,5,F,DX,PD,D
14:42:15,ICBP,RG,8825,1,F,DX,CS,D
14:42:14,ICBP,RG,8850,2,D,YP,BK,F
14:42:14,ICBP,RG,8850,13,D,CC,BK,F
14:42:06,ICBP,RG,8825,1,F,DX,DX,D
14:41:57,ICBP,RG,8850,57,D,XL,BK,F
14:41:42,ICBP,RG,8825,1,F,DX,CS,D
14:41:41,ICBP,RG,8825,3,F,DX,CS,D
14:41:41,ICBP,RG,8825,4,F,DX,CS,D
14:41:41,ICBP,RG,8825,2,F,DX,CS,D
14:41:29,ICBP,RG,8825,18,F,DX,CS,D
14:41:29,ICBP,RG,8825,10,F,DX,CS,D
14:41:29,ICBP,RG,8825,28,F,DX,CS,D
14:41:25,ICBP,RG,8825,1,F,DX,CS,D
14:41:25,ICBP,RG,8825,1,F,DX,CS,D
14:41:24,ICBP,RG,8825,46,F,DX,CS,D
14:41:24,ICBP,RG,8825,9,F,DX,CS,D
14:41:24,ICBP,RG,8825,5,F,DX,CS,D
14:41:24,ICBP,RG,8825,13,F,DX,CS,D
14:41:20,ICBP,RG,8825,1,F,DX,CS,D
14:41:16,ICBP,RG,8825,1,F,DX,CS,D
14:41:16,ICBP,RG,8825,8,F,DX,CS,D
14:41:16,ICBP,RG,8825,16,F,DX,CS,D
14:41:16,ICBP,RG,8825,9,F,DX,CS,D
14:41:16,ICBP,RG,8825,13,F,DX,CS,D
14:41:16,ICBP,RG,8825,12,F,DX,CS,D
14:41:15,ICBP,RG,8825,7,F,DX,CS,D
14:41:15,ICBP,RG,8825,12,F,DX,CS,D
14:41:15,ICBP,RG,8825,15,F,DX,CS,D
14:41:13,ICBP,RG,8825,1,F,DX,EP,D
14:41:05,ICBP,RG,8825,1,F,DX,CS,D
14:41:04,ICBP,RG,8825,10,F,DX,CS,D
14:41:04,ICBP,RG,8825,9,F,DX,CS,D
14:41:04,ICBP,RG,8825,8,F,DX,CS,D
14:41:04,ICBP,RG,8825,14,F,DX,CS,D
14:41:04,ICBP,RG,8825,17,F,DX,CS,D
14:41:04,ICBP,RG,8825,17,F,DX,CS,D
14:40:57,ICBP,RG,8825,2,F,DX,DH,D
14:40:54,ICBP,RG,8850,2,D,PD,BK,F
14:40:41,ICBP,RG,8850,2,D,OD,BK,F
14:40:17,ICBP,RG,8850,1,D,SQ,BK,F
14:40:16,ICBP,RG,8825,2,F,DX,CS,D
14:40:12,ICBP,RG,8825,48,F,DX,IF,D
14:40:12,ICBP,RG,8825,2,F,BK,IF,D
14:40:12,ICBP,RG,8825,1,D,YP,IF,D
14:40:12,ICBP,RG,8825,74,F,DX,IF,D
14:39:59,ICBP,RG,8825,1,F,DX,CS,D
14:39:58,ICBP,RG,8825,10,F,DX,SQ,D
14:39:52,ICBP,RG,8825,7,F,DX,CS,D
14:39:52,ICBP,RG,8825,14,F,DX,CS,D
14:39:52,ICBP,RG,8825,18,F,DX,CS,D
14:39:40,ICBP,RG,8825,1,F,DX,DX,D
14:39:35,ICBP,RG,8825,1,F,DX,CS,D
14:39:34,ICBP,RG,8825,4,F,DX,CS,D
14:39:34,ICBP,RG,8825,32,F,DX,CS,D
14:39:34,ICBP,RG,8825,2,F,DX,CS,D
14:39:26,ICBP,RG,8825,1,F,DX,CS,D
14:39:25,ICBP,RG,8850,28,F,DX,BK,F
14:39:25,ICBP,RG,8850,37,F,DX,KZ,D
14:39:24,ICBP,RG,8850,13,D,XC,KZ,D
14:39:23,ICBP,RG,8850,1,D,XC,KZ,D
14:39:09,ICBP,RG,8850,6,D,XC,KZ,D
14:39:04,ICBP,RG,8850,3,D,PD,KZ,D
14:38:31,ICBP,RG,8825,1,F,DX,CS,D
14:38:30,ICBP,RG,8825,14,F,DX,CS,D
14:38:30,ICBP,RG,8825,14,F,DX,CS,D
14:38:29,ICBP,RG,8825,1,F,DX,CS,D
14:38:28,ICBP,RG,8825,12,F,DX,CS,D
14:38:28,ICBP,RG,8825,1,D,NI,CS,D
14:38:28,ICBP,RG,8825,2,F,CG,CS,D
14:38:28,ICBP,RG,8825,11,F,CG,CS,D
14:38:28,ICBP,RG,8825,10,F,CG,CS,D
14:38:28,ICBP,RG,8825,1,F,CG,CS,D
14:38:28,ICBP,RG,8825,11,F,CG,CS,D
14:38:28,ICBP,RG,8825,4,F,CG,CS,D
14:38:28,ICBP,RG,8825,8,F,CG,CS,D
14:38:18,ICBP,RG,8825,1,F,CG,CS,D
14:38:17,ICBP,RG,8825,1,F,CG,CS,D
14:38:17,ICBP,RG,8850,67,F,DX,KZ,D
14:38:16,ICBP,RG,8825,9,F,CG,CS,D
14:38:16,ICBP,RG,8825,19,F,CG,CS,D
14:38:16,ICBP,RG,8825,17,F,CG,CS,D
14:38:16,ICBP,RG,8825,1,F,CG,CS,D
14:38:16,ICBP,RG,8825,18,F,CG,CS,D
14:38:16,ICBP,RG,8825,3,F,CG,CS,D
14:38:16,ICBP,RG,8825,9,F,CG,CS,D
14:38:16,ICBP,RG,8825,3,F,CG,CS,D
14:38:16,ICBP,RG,8825,19,F,CG,CS,D
14:38:04,ICBP,RG,8825,9,F,CG,CS,D
14:37:54,ICBP,RG,8825,1,F,CG,CS,D
14:37:53,ICBP,RG,8825,10,F,CG,CS,D
14:37:53,ICBP,RG,8825,2,F,CG,CS,D
14:37:53,ICBP,RG,8825,13,F,CG,CS,D
14:37:32,ICBP,RG,8850,2,D,XC,KZ,D
14:36:37,ICBP,RG,8850,1,D,XC,KZ,D
14:36:20,ICBP,RG,8825,1,F,CG,DX,D
14:36:11,ICBP,RG,8825,1,F,CG,CS,D
14:36:09,ICBP,RG,8850,62,F,DX,KZ,D
14:36:08,ICBP,RG,8825,16,F,CG,YP,D
14:36:08,ICBP,RG,8825,4,D,SQ,YP,D
14:35:57,ICBP,RG,8825,1,D,SQ,CS,D
14:35:57,ICBP,RG,8825,1,D,SQ,PD,D
14:35:54,ICBP,RG,8850,30,D,YP,KZ,D
14:35:48,ICBP,RG,8825,1,D,SQ,CS,D
14:35:48,ICBP,RG,8825,1,D,SQ,CS,D
14:35:48,ICBP,RG,8825,10,D,SQ,CS,D
14:35:48,ICBP,RG,8825,19,D,SQ,CS,D
14:35:48,ICBP,RG,8825,14,D,SQ,CS,D
14:35:48,ICBP,RG,8825,10,D,SQ,CS,D
14:35:43,ICBP,RG,8825,25,D,SQ,GR,D
14:35:30,ICBP,RG,8825,1,D,SQ,CS,D
14:35:30,ICBP,RG,8825,1,D,SQ,CS,D
14:35:29,ICBP,RG,8850,4,F,DX,KZ,D
14:35:29,ICBP,RG,8850,54,F,DX,KZ,D
14:35:29,ICBP,RG,8825,71,D,SQ,KZ,D
14:35:19,ICBP,RG,8825,1,D,SQ,CS,D
14:35:19,ICBP,RG,8825,2,D,SQ,CS,D
14:35:19,ICBP,RG,8825,1,D,SQ,CS,D
14:35:19,ICBP,RG,8825,3,D,SQ,CS,D
14:35:18,ICBP,RG,8825,5,D,SQ,CC,D
14:35:06,ICBP,RG,8825,1,D,SQ,CS,D
14:35:06,ICBP,RG,8825,1,D,SQ,CS,D
14:35:05,ICBP,RG,8850,4,F,DX,KZ,D
14:35:05,ICBP,RG,8850,3,F,DX,PD,D
14:35:05,ICBP,RG,8850,45,F,DX,CS,D
14:35:05,ICBP,RG,8850,4,F,DX,CS,D
14:35:05,ICBP,RG,8825,5,D,SQ,CS,D
14:35:05,ICBP,RG,8825,13,D,SQ,CS,D
14:35:05,ICBP,RG,8825,12,D,SQ,CS,D
14:35:05,ICBP,RG,8825,8,D,SQ,CS,D
14:35:05,ICBP,RG,8825,9,D,SQ,CS,D
14:35:05,ICBP,RG,8825,2,D,SQ,CS,D
14:35:05,ICBP,RG,8825,19,D,SQ,CS,D
14:35:05,ICBP,RG,8825,8,D,SQ,CS,D
14:35:05,ICBP,RG,8825,10,D,SQ,CS,D
14:34:56,ICBP,RG,8825,1,D,SQ,CS,D
14:34:55,ICBP,RG,8825,56,D,SQ,CS,D
14:34:55,ICBP,RG,8825,14,D,SQ,CS,D
14:34:35,ICBP,RG,8825,1,D,SQ,CS,D
14:34:34,ICBP,RG,8850,2,D,YU,CS,D
14:34:33,ICBP,RG,8850,5,D,YU,CS,D
14:34:17,ICBP,RG,8825,4,D,SQ,PD,D
14:34:15,ICBP,RG,8825,6,D,SQ,CS,D
14:34:15,ICBP,RG,8825,10,D,SQ,CS,D
14:34:15,ICBP,RG,8825,22,D,SQ,CS,D
14:34:00,ICBP,RG,8850,1,D,YU,CS,D
14:33:05,ICBP,RG,8825,6,D,SQ,PD,D
14:33:00,ICBP,RG,8825,1,D,SQ,DX,D
14:32:55,ICBP,RG,8850,3,F,BK,CS,D
14:32:40,ICBP,RG,8850,3,D,YU,CS,D
14:32:40,ICBP,RG,8850,1,D,YU,CS,D
14:32:12,ICBP,RG,8825,1,D,SQ,CS,D
14:32:09,ICBP,RG,8825,6,D,SQ,CS,D
14:32:07,ICBP,RG,8850,1,D,PD,CS,D
14:31:49,ICBP,RG,8825,2,D,SQ,CC,D
14:31:35,ICBP,RG,8825,1,D,SQ,CS,D
14:31:34,ICBP,RG,8825,31,D,SQ,CS,D
14:31:34,ICBP,RG,8825,37,D,SQ,CS,D
14:30:56,ICBP,RG,8825,1,D,SQ,CS,D
14:30:55,ICBP,RG,8825,23,D,SQ,CS,D
14:30:55,ICBP,RG,8825,12,D,SQ,CS,D
14:30:55,ICBP,RG,8825,16,D,SQ,CS,D
14:30:55,ICBP,RG,8825,1,D,SQ,CS,D
14:30:55,ICBP,RG,8825,16,D,SQ,CS,D
14:30:55,ICBP,RG,8825,2,D,SQ,CS,D
14:30:55,ICBP,RG,8825,5,D,SQ,CS,D
14:30:55,ICBP,RG,8825,2,D,SQ,CS,D
14:30:55,ICBP,RG,8825,12,D,SQ,CS,D
14:30:55,ICBP,RG,8825,1,D,SQ,CS,D
14:30:55,ICBP,RG,8825,1,D,SQ,CS,D
14:30:35,ICBP,RG,8850,1,D,YP,CS,D
14:30:22,ICBP,RG,8850,5,D,CC,CS,D
14:30:21,ICBP,RG,8825,1,D,SQ,CS,D
14:30:20,ICBP,RG,8825,34,D,SQ,CS,D
14:30:20,ICBP,RG,8825,30,D,SQ,CS,D
14:30:02,ICBP,RG,8850,1,D,YU,CS,D
14:30:02,ICBP,RG,8850,4,D,YU,CS,D
14:29:46,ICBP,RG,8825,1,D,SQ,CS,D
14:29:44,ICBP,RG,8825,34,D,SQ,CS,D
14:29:44,ICBP,RG,8825,16,D,SQ,CS,D
14:29:41,ICBP,RG,8825,5,D,SQ,NI,D
14:29:40,ICBP,RG,8825,1,D,SQ,DX,D
14:28:29,ICBP,RG,8825,1,D,SQ,CS,D
14:28:28,ICBP,RG,8825,18,D,SQ,PD,D
14:28:27,ICBP,RG,8825,22,D,SQ,YP,D
14:28:15,ICBP,RG,8825,1,D,SQ,PD,D
14:28:06,ICBP,RG,8825,18,D,SQ,PD,D
14:27:49,ICBP,RG,8850,1,D,DR,CS,D
14:27:46,ICBP,RG,8825,3,D,SQ,CC,D
14:27:41,ICBP,RG,8825,1,D,SQ,YB,D
14:27:30,ICBP,RG,8825,1,D,SQ,CS,D
14:27:29,ICBP,RG,8825,67,D,SQ,KZ,D
14:27:12,ICBP,RG,8825,7,D,SQ,CS,D
14:27:09,ICBP,RG,8825,1,D,SQ,CS,D
14:27:08,ICBP,RG,8825,53,D,SQ,CS,D
14:26:41,ICBP,RG,8850,3,D,YU,CS,D
14:26:31,ICBP,RG,8825,1,D,SQ,CS,D
14:26:31,ICBP,RG,8825,72,D,SQ,CS,D
14:26:22,ICBP,RG,8850,2,D,XC,CS,D
14:26:20,ICBP,RG,8825,1,D,SQ,DX,D
14:26:12,ICBP,RG,8825,1,D,SQ,YP,D
14:25:56,ICBP,RG,8825,4,D,SQ,CS,D
14:25:54,ICBP,RG,8825,184,D,SQ,YJ,D
14:25:54,ICBP,RG,8825,1,D,XC,YJ,D
14:25:54,ICBP,RG,8825,66,F,DX,YJ,D
14:25:49,ICBP,RG,8825,1,F,DX,CS,D
14:25:45,ICBP,RG,8825,6,F,DX,PD,D
14:25:33,ICBP,RG,8825,1,F,DX,EP,D
14:25:10,ICBP,RG,8825,46,F,DX,CS,D
14:24:58,ICBP,RG,8825,3,F,DX,XC,D
14:24:20,ICBP,RG,8825,1,F,DX,CS,D
14:24:19,ICBP,RG,8850,3,D,YP,CS,D
14:24:19,ICBP,RG,8850,1,D,YP,CC,D
14:24:19,ICBP,RG,8850,5,D,YP,CC,D
14:24:19,ICBP,RG,8850,2,D,YP,PD,D
14:24:19,ICBP,RG,8850,5,D,YP,SQ,D
14:24:19,ICBP,RG,8850,1,D,YP,YP,D
14:24:19,ICBP,RG,8850,6,D,YP,CS,D
14:24:19,ICBP,RG,8850,2,D,YP,CS,D
14:24:19,ICBP,RG,8850,5,D,YP,KK,D
14:24:01,ICBP,RG,8850,1,D,YP,KK,D
14:24:01,ICBP,RG,8850,20,D,YP,CS,D
14:24:01,ICBP,RG,8850,9,D,YP,CS,D
14:23:31,ICBP,RG,8825,2,F,DX,DH,D
14:23:21,ICBP,RG,8825,1,F,DX,CS,D
14:23:21,ICBP,RG,8850,4,D,YU,CS,D
14:23:20,ICBP,RG,8825,61,F,DX,CS,D
14:23:15,ICBP,RG,8825,1,F,DX,CS,D
14:23:14,ICBP,RG,8825,2,F,DX,CS,D
14:23:14,ICBP,RG,8825,42,F,DX,CS,D
14:23:14,ICBP,RG,8825,5,D,CC,CS,D
14:23:14,ICBP,RG,8825,3,D,NI,CS,D
14:23:14,ICBP,RG,8825,10,F,DX,CS,D
14:23:13,ICBP,RG,8850,2,D,XC,CS,D
14:23:04,ICBP,RG,8825,8,F,DX,CS,D
14:23:00,ICBP,RG,8825,1,F,DX,DX,D
14:22:58,ICBP,RG,8825,1,F,DX,CS,D
14:22:53,ICBP,RG,8825,2,F,DX,XC,D
14:22:23,ICBP,RG,8825,10,F,DX,LS,D
14:22:10,ICBP,RG,8825,1,F,DX,CS,D
14:22:09,ICBP,RG,8825,70,F,DX,CS,D
14:22:09,ICBP,RG,8825,14,F,DX,CS,D
14:20:53,ICBP,RG,8825,5,F,DX,KK,D
14:20:17,ICBP,RG,8825,8,F,DX,CS,D
14:20:13,ICBP,RG,8825,18,F,DX,SQ,D
14:20:13,ICBP,RG,8825,50,D,YP,SQ,D
14:20:13,ICBP,RG,8825,62,F,DX,SQ,D
14:20:13,ICBP,RG,8825,1,D,PD,SQ,D
14:20:13,ICBP,RG,8825,39,F,DX,SQ,D
14:20:13,ICBP,RG,8825,330,F,CG,SQ,D
14:20:06,ICBP,RG,8850,1,D,EP,CS,D
14:20:04,ICBP,RG,8850,4,D,YU,CS,D
14:20:04,ICBP,RG,8850,2,D,YU,PD,D
14:19:53,ICBP,RG,8825,1,F,CG,XC,D
14:19:46,ICBP,RG,8825,11,F,CG,PD,D
14:19:42,ICBP,RG,8825,1,F,CG,CS,D
14:19:39,ICBP,RG,8825,57,F,CG,KZ,D
14:19:39,ICBP,RG,8825,1,D,PD,KZ,D
14:19:39,ICBP,RG,8825,3,F,BK,KZ,D
14:19:39,ICBP,RG,8825,2,D,EP,KZ,D
14:19:39,ICBP,RG,8825,1,D,EP,KZ,D
14:19:39,ICBP,RG,8825,1,D,SQ,KZ,D
14:19:38,ICBP,RG,8825,3,D,GR,XC,D
14:19:30,ICBP,RG,8825,1,D,GR,DX,D
14:18:45,ICBP,RG,8825,1,D,GR,CS,D
14:18:44,ICBP,RG,8825,5,D,GR,CS,D
14:18:44,ICBP,RG,8825,1,D,DH,CS,D
14:18:44,ICBP,RG,8825,39,F,BK,CS,D
14:18:44,ICBP,RG,8825,1,D,DH,CS,D
14:18:44,ICBP,RG,8825,1,D,PD,CS,D
14:18:44,ICBP,RG,8825,1,D,DH,CS,D
14:18:44,ICBP,RG,8825,1,D,XL,CS,D
14:18:35,ICBP,RG,8825,3,D,XL,YP,D
14:18:35,ICBP,RG,8825,1,D,PD,YP,D
14:18:35,ICBP,RG,8825,2,D,CC,YP,D
14:18:27,ICBP,RG,8825,1,D,CC,CS,D
14:18:27,ICBP,RG,8825,17,D,CC,CS,D
14:18:27,ICBP,RG,8825,47,D,YP,CS,D
14:18:21,ICBP,RG,8825,1,D,YP,CS,D
14:18:19,ICBP,RG,8825,50,D,YP,CS,D
14:18:19,ICBP,RG,8825,2,D,YP,CS,D
14:18:19,ICBP,RG,8825,5,D,PD,CS,D
14:18:19,ICBP,RG,8825,8,D,PD,CS,D
14:17:35,ICBP,RG,8825,1,D,PD,DH,D
14:17:28,ICBP,RG,8825,1,D,PD,CS,D
14:17:28,ICBP,RG,8825,1,F,DX,CS,D
14:17:28,ICBP,RG,8850,33,D,XC,PD,D
14:17:28,ICBP,RG,8850,1,D,XC,CS,D
14:17:28,ICBP,RG,8850,18,D,XC,CS,D
14:17:28,ICBP,RG,8850,5,D,XC,ZP,D
14:17:28,ICBP,RG,8850,11,D,XC,CS,D
14:17:28,ICBP,RG,8850,3,D,XC,CS,D
14:17:28,ICBP,RG,8850,11,D,XC,KZ,D
14:16:51,ICBP,RG,8825,21,F,DX,YP,D
14:16:28,ICBP,RG,8825,1,F,DX,DH,D
14:16:08,ICBP,RG,8825,1,F,DX,CS,D
14:16:07,ICBP,RG,8825,92,F,DX,CS,D
14:16:00,ICBP,RG,8850,2,D,YU,KZ,D
14:15:58,ICBP,RG,8825,2,F,DX,PD,D
14:15:58,ICBP,RG,8825,16,D,YP,PD,D
14:15:20,ICBP,RG,8825,8,D,YP,CS,D
14:15:18,ICBP,RG,8825,1,D,YP,YP,D
14:15:14,ICBP,RG,8825,5,D,YP,PD,D
14:15:14,ICBP,RG,8825,3,D,PD,PD,D
14:14:44,ICBP,RG,8825,4,D,PD,PD,D
14:14:30,ICBP,RG,8825,1,D,PD,DX,D
14:13:27,ICBP,RG,8825,2,D,PD,XC,D
14:13:27,ICBP,RG,8825,3,D,PD,XC,D
14:13:17,ICBP,RG,8825,1,D,PD,CS,D
14:13:16,ICBP,RG,8825,1,D,PD,YP,D
14:13:16,ICBP,RG,8825,1,D,NI,YP,D
14:13:16,ICBP,RG,8825,14,D,SQ,YP,D
14:13:04,ICBP,RG,8825,17,D,SQ,PD,D
14:13:03,ICBP,RG,8825,1,D,SQ,CS,D
14:13:02,ICBP,RG,8825,18,D,SQ,CS,D
14:13:02,ICBP,RG,8825,42,D,XC,CS,D
14:12:44,ICBP,RG,8825,5,D,XC,YP,D
14:12:35,ICBP,RG,8825,1,D,XC,CS,D
14:12:34,ICBP,RG,8825,59,D,XC,CS,D
14:12:25,ICBP,RG,8825,1,D,XC,NI,D
14:12:24,ICBP,RG,8825,1,D,XC,CS,D
14:12:21,ICBP,RG,8825,1,D,XC,XC,D
14:12:05,ICBP,RG,8825,1,D,XC,CS,D
14:12:04,ICBP,RG,8825,2,D,XC,PD,D
14:12:03,ICBP,RG,8825,38,D,XC,CS,D
14:12:03,ICBP,RG,8825,5,D,PD,CS,D
14:12:03,ICBP,RG,8825,1,D,KK,CS,D
14:12:00,ICBP,RG,8850,5,D,YU,KZ,D
14:11:46,ICBP,RG,8825,1,D,DR,CS,D
14:11:45,ICBP,RG,8850,3,D,XC,KZ,D
14:11:44,ICBP,RG,8825,69,D,DR,KZ,D
14:11:27,ICBP,RG,8825,1,D,DR,PD,D
14:11:25,ICBP,RG,8825,10,D,DR,NI,D
14:11:15,ICBP,RG,8825,1,D,DR,NI,D
14:10:31,ICBP,RG,8825,1,D,DR,DH,D
14:10:29,ICBP,RG,8825,1,D,DR,CS,D
14:10:28,ICBP,RG,8825,3,D,DR,CS,D
14:10:28,ICBP,RG,8825,5,D,DH,CS,D
14:10:28,ICBP,RG,8825,1,D,PD,CS,D
14:10:28,ICBP,RG,8825,1,D,KK,CS,D
14:10:28,ICBP,RG,8825,1,D,PD,CS,D
14:10:28,ICBP,RG,8825,1,D,CC,CS,D
14:10:28,ICBP,RG,8825,1,D,YP,CS,D
14:10:28,ICBP,RG,8825,12,F,CG,CS,D
14:10:28,ICBP,RG,8825,2,D,OD,CS,D
14:10:28,ICBP,RG,8825,27,D,PD,CS,D
14:10:23,ICBP,RG,8825,1,D,PD,GR,D
14:10:02,ICBP,RG,8850,1,D,YU,KZ,D
14:09:54,ICBP,RG,8825,7,D,PD,YP,D
14:09:40,ICBP,RG,8825,1,D,PD,DX,D
14:09:07,ICBP,RG,8825,6,D,PD,CS,D
14:09:05,ICBP,RG,8825,1,D,PD,CS,D
14:09:04,ICBP,RG,8825,7,D,PD,LG,D
14:09:04,ICBP,RG,8825,2,D,CC,LG,D
14:09:04,ICBP,RG,8825,31,F,CG,LG,D
14:08:49,ICBP,RG,8825,5,F,CG,YP,D
14:08:34,ICBP,RG,8825,8,F,CG,CS,D
14:08:34,ICBP,RG,8825,1,F,CG,CS,D
14:08:33,ICBP,RG,8825,12,F,CG,KZ,D
14:08:33,ICBP,RG,8825,306,F,DX,KZ,D
14:08:33,ICBP,RG,8825,94,F,DX,KZ,D
14:08:33,ICBP,RG,8825,88,F,DX,KZ,D
14:08:16,ICBP,RG,8825,7,F,DX,CC,D
14:08:05,ICBP,RG,8825,2,F,DX,CS,D
14:08:04,ICBP,RG,8825,1,F,DX,CS,D
14:08:02,ICBP,RG,8825,70,F,DX,DR,D
14:08:00,ICBP,RG,8850,5,D,YU,KZ,D
14:07:53,ICBP,RG,8825,46,F,DX,CS,D
14:07:26,ICBP,RG,8825,1,F,DX,CS,D
14:07:25,ICBP,RG,8825,46,F,DX,CS,D
14:07:05,ICBP,RG,8825,1,F,DX,CS,D
14:07:04,ICBP,RG,8825,26,F,DX,CS,D
14:07:04,ICBP,RG,8825,1,D,KK,CS,D
14:07:04,ICBP,RG,8825,9,F,DX,CS,D
14:07:02,ICBP,RG,8825,1,F,DX,CS,D
14:07:01,ICBP,RG,8825,65,F,DX,CS,D
14:06:28,ICBP,RG,8825,1,F,DX,PD,D
14:06:20,ICBP,RG,8825,1,F,DX,DX,D
14:05:55,ICBP,RG,8825,1,F,DX,PD,D
14:05:55,ICBP,RG,8850,2,D,PD,KZ,D
14:05:04,ICBP,RG,8825,4,F,DX,CS,D
14:05:03,ICBP,RG,8825,1,F,DX,CS,D
14:05:02,ICBP,RG,8825,6,F,DX,CS,D
14:05:02,ICBP,RG,8825,250,F,DX,KZ,D
14:04:47,ICBP,RG,8825,20,F,DX,YP,D
14:04:45,ICBP,RG,8825,1,F,DX,CS,D
14:04:45,ICBP,RG,8825,1,F,DX,PD,D
14:04:43,ICBP,RG,8825,50,F,DX,DH,D
14:04:02,ICBP,RG,8850,30,D,IH,KZ,D
14:04:02,ICBP,RG,8825,10,F,DX,NI,D
14:04:00,ICBP,RG,8850,2,D,YU,KZ,D
14:03:49,ICBP,RG,8825,44,F,DX,CS,D
14:03:49,ICBP,RG,8825,70,F,DX,KZ,D
14:03:38,ICBP,RG,8850,5,D,PD,KZ,D
14:03:25,ICBP,RG,8825,51,F,DX,CS,D
14:03:25,ICBP,RG,8850,1,D,NI,KZ,D
14:03:23,ICBP,RG,8825,2,F,DX,PD,D
14:03:01,ICBP,RG,8825,28,F,DX,CS,D
14:03:01,ICBP,RG,8825,1,D,PD,CS,D
14:03:01,ICBP,RG,8825,2,D,YB,CS,D
14:03:01,ICBP,RG,8825,1,D,SQ,CS,D
14:03:01,ICBP,RG,8825,1,D,CC,CS,D
14:03:01,ICBP,RG,8825,3,D,XC,CS,D
14:03:01,ICBP,RG,8825,1,D,YP,CS,D
14:03:01,ICBP,RG,8825,1,D,YP,CS,D
14:03:01,ICBP,RG,8825,1,F,BK,CS,D
14:03:01,ICBP,RG,8825,10,D,YP,CS,D
14:03:01,ICBP,RG,8825,1,D,YP,CS,D
14:03:01,ICBP,RG,8825,4,D,YP,CS,D
14:03:01,ICBP,RG,8825,2,D,XC,CS,D
14:03:01,ICBP,RG,8825,4,D,XC,CS,D
14:03:01,ICBP,RG,8825,10,D,NI,CS,D
14:03:01,ICBP,RG,8825,1,D,CC,CS,D
14:03:00,ICBP,RG,8850,9,F,DX,KZ,D
14:03:00,ICBP,RG,8825,1,D,CC,DX,D
14:02:59,ICBP,RG,8850,14,F,DX,KZ,D
14:02:58,ICBP,RG,8825,41,D,CC,CS,D
14:02:35,ICBP,RG,8825,9,D,CC,NI,D
14:00:54,ICBP,RG,8850,8,F,DX,KZ,D
14:00:53,ICBP,RG,8825,7,D,CC,CS,D
14:00:51,ICBP,RG,8850,9,F,DX,KZ,D
14:00:50,ICBP,RG,8850,17,D,AZ,KZ,D
14:00:13,ICBP,RG,8850,10,F,DX,KZ,D
14:00:12,ICBP,RG,8850,15,F,DX,KZ,D
14:00:11,ICBP,RG,8825,56,D,CC,CS,D
14:00:04,ICBP,RG,8850,1,D,YU,KZ,D
14:00:04,ICBP,RG,8850,4,D,YU,KZ,D
13:59:54,ICBP,RG,8850,6,F,DX,KZ,D
13:59:53,ICBP,RG,8825,4,D,CC,NI,D
13:59:48,ICBP,RG,8825,1,D,CC,PD,D
13:59:34,ICBP,RG,8825,5,D,CC,YP,D
13:59:30,ICBP,RG,8825,1,D,CC,DX,D
13:59:14,ICBP,RG,8850,6,F,DX,KZ,D
13:59:13,ICBP,RG,8850,9,F,DX,KZ,D
13:59:12,ICBP,RG,8850,14,F,DX,KZ,D
13:59:11,ICBP,RG,8825,50,D,CC,CS,D
13:59:11,ICBP,RG,8825,4,D,XC,CS,D
13:59:11,ICBP,RG,8825,1,D,YP,CS,D
13:59:11,ICBP,RG,8825,1,D,XC,CS,D
13:59:11,ICBP,RG,8825,1,D,PD,CS,D
13:58:47,ICBP,RG,8850,4,F,DX,KZ,D
13:58:46,ICBP,RG,8850,7,F,DX,KZ,D
13:58:45,ICBP,RG,8850,11,F,DX,KZ,D
13:58:44,ICBP,RG,8850,17,F,DX,KZ,D
13:58:43,ICBP,RG,8825,2,D,PD,CS,D
13:58:43,ICBP,RG,8825,1,D,PD,CS,D
13:58:43,ICBP,RG,8825,1,D,AT,CS,D
13:58:43,ICBP,RG,8825,3,D,CC,CS,D
13:58:43,ICBP,RG,8825,5,D,KK,CS,D
13:58:43,ICBP,RG,8825,2,D,KK,CS,D
13:58:43,ICBP,RG,8825,1,D,KK,CS,D
13:58:43,ICBP,RG,8825,6,D,TP,CS,D
13:58:43,ICBP,RG,8825,10,D,SQ,CS,D
13:58:43,ICBP,RG,8825,1,D,YU,CS,D
13:58:43,ICBP,RG,8825,1,D,DR,CS,D
13:58:43,ICBP,RG,8825,1,D,YP,CS,D
13:58:43,ICBP,RG,8825,5,D,CC,CS,D
13:58:43,ICBP,RG,8825,1,D,YP,CS,D
13:58:43,ICBP,RG,8825,3,D,AT,CS,D
13:58:43,ICBP,RG,8825,1,D,XC,CS,D
13:58:43,ICBP,RG,8825,1,D,YP,CS,D
13:58:43,ICBP,RG,8825,10,D,XA,CS,D
13:58:43,ICBP,RG,8825,1,D,PD,CS,D
13:58:43,ICBP,RG,8825,5,D,PD,CS,D
13:58:43,ICBP,RG,8825,2,D,XC,CS,D
13:58:43,ICBP,RG,8825,1,D,PD,CS,D
13:58:43,ICBP,RG,8825,14,F,CG,CS,D
13:58:39,ICBP,RG,8850,4,F,DX,KZ,D
13:58:39,ICBP,RG,8825,4,F,CG,SQ,D
13:58:33,ICBP,RG,8850,4,F,DX,KZ,D
13:58:32,ICBP,RG,8850,6,F,DX,KZ,D
13:58:31,ICBP,RG,8850,9,F,DX,KZ,D
13:58:30,ICBP,RG,8850,2,D,KK,KZ,D
13:58:30,ICBP,RG,8825,43,F,CG,CS,D
13:58:15,ICBP,RG,8850,4,F,DX,KZ,D
13:58:14,ICBP,RG,8850,4,F,DX,KZ,D
13:58:13,ICBP,RG,8850,6,F,DX,KZ,D
13:58:12,ICBP,RG,8850,23,D,XC,KZ,D
13:56:57,ICBP,RG,8850,4,F,DX,KZ,D
13:56:57,ICBP,RG,8850,6,D,FS,KZ,D
13:56:57,ICBP,RG,8850,2,D,FS,CS,D
13:56:24,ICBP,RG,8825,1,F,CG,DH,D
13:56:14,ICBP,RG,8850,4,F,DX,CS,D
13:56:13,ICBP,RG,8850,8,D,DR,CS,D
13:56:02,ICBP,RG,8850,3,F,DX,CS,D
13:56:02,ICBP,RG,8850,1,F,DX,CS,D
13:56:01,ICBP,RG,8850,2,F,DX,CS,D
13:56:01,ICBP,RG,8850,2,F,DX,CS,D
13:56:00,ICBP,RG,8850,5,F,DX,CS,D
13:56:00,ICBP,RG,8850,5,D,YU,YP,D
13:55:56,ICBP,RG,8850,7,F,DX,YP,D
13:55:55,ICBP,RG,8850,6,F,DX,YP,D
13:55:54,ICBP,RG,8850,14,F,DX,YP,D
13:55:54,ICBP,RG,8825,15,F,CG,KZ,D
13:55:54,ICBP,RG,8825,4,F,BK,KZ,D
13:55:54,ICBP,RG,8825,53,F,CG,KZ,D
13:55:40,ICBP,RG,8850,4,F,DX,CS,D
13:55:39,ICBP,RG,8850,4,F,DX,CS,D
13:55:38,ICBP,RG,8825,20,F,CG,PD,D
13:55:24,ICBP,RG,8825,30,F,CG,YP,D
13:55:07,ICBP,RG,8825,2,F,CG,YP,D
13:54:50,ICBP,RG,8825,5,F,CG,YP,D
13:54:44,ICBP,RG,8825,2,F,CG,NI,D
13:54:30,ICBP,RG,8825,1,F,CG,DX,D
13:54:27,ICBP,RG,8825,2,F,CG,XC,D
13:54:01,ICBP,RG,8825,1,F,CG,DH,D
13:53:51,ICBP,RG,8850,1,F,DX,CS,D
13:53:51,ICBP,RG,8850,19,F,DX,CS,D
13:53:50,ICBP,RG,8825,43,F,CG,CS,D
13:53:43,ICBP,RG,8825,8,F,CG,CS,D
13:53:23,ICBP,RG,8850,1,D,PD,CS,D
13:53:18,ICBP,RG,8850,2,D,PD,CS,D
13:52:53,ICBP,RG,8850,14,F,DX,CS,D
13:52:53,ICBP,RG,8850,2,F,DX,CC,D
13:52:53,ICBP,RG,8825,9,F,CG,NI,D
13:52:35,ICBP,RG,8825,15,F,CG,GR,D
13:52:18,ICBP,RG,8825,2,F,CG,NI,D
13:52:07,ICBP,RG,8850,17,F,DX,CC,D
13:52:06,ICBP,RG,8850,11,D,CC,CC,D
13:52:06,ICBP,RG,8850,6,D,CC,PD,D
13:52:06,ICBP,RG,8850,7,D,CC,CS,D
13:52:06,ICBP,RG,8850,16,D,CC,YP,D
13:52:01,ICBP,RG,8850,4,F,DX,YP,D
13:52:01,ICBP,RG,8850,10,F,DX,YP,D
13:52:00,ICBP,RG,8850,3,D,YU,YP,D
13:51:52,ICBP,RG,8850,7,F,DX,YP,D
13:51:52,ICBP,RG,8850,5,F,DX,CS,D
13:51:52,ICBP,RG,8850,4,F,DX,CS,D
13:51:52,ICBP,RG,8850,4,F,DX,CS,D
13:51:51,ICBP,RG,8825,59,F,CG,CS,D
13:51:51,ICBP,RG,8825,5,F,CG,NI,D
13:50:48,ICBP,RG,8850,1,D,XC,CS,D
13:50:30,ICBP,RG,8850,6,F,DX,CS,D
13:50:30,ICBP,RG,8850,6,F,DX,CS,D
13:50:29,ICBP,RG,8850,9,D,NI,CS,D
13:50:29,ICBP,RG,8850,11,D,NI,CS,D
13:50:23,ICBP,RG,8850,14,F,DX,CS,D
13:50:22,ICBP,RG,8825,20,F,CG,GR,D
13:50:04,ICBP,RG,8850,1,D,YU,CS,D
13:50:04,ICBP,RG,8850,15,F,DX,CS,D
13:50:03,ICBP,RG,8850,14,F,DX,CS,D
13:50:03,ICBP,RG,8850,9,F,DX,CS,D
13:50:02,ICBP,RG,8825,79,F,CG,CS,D
13:50:01,ICBP,RG,8850,2,F,DX,CS,D
13:50:01,ICBP,RG,8850,2,F,DX,CC,F
13:50:01,ICBP,RG,8850,8,F,DX,CS,D
13:50:00,ICBP,RG,8850,17,F,DX,CS,D
13:50:00,ICBP,RG,8850,2,F,DX,CS,D
13:50:00,ICBP,RG,8825,1,F,CG,CS,D
13:49:59,ICBP,RG,8825,58,F,CG,CS,D
13:49:40,ICBP,RG,8825,1,F,CG,DX,D
13:49:21,ICBP,RG,8850,2,F,DX,CS,D
13:49:21,ICBP,RG,8850,10,F,DX,CS,D
13:49:20,ICBP,RG,8825,19,F,CG,NI,D
13:48:50,ICBP,RG,8850,4,D,DR,CS,D
13:48:37,ICBP,RG,8825,1,F,CG,PD,D
13:48:25,ICBP,RG,8825,1,F,CG,DH,D
13:48:22,ICBP,RG,8850,5,D,YU,CS,D
13:48:00,ICBP,RG,8850,1,D,PD,CS,D
13:47:59,ICBP,RG,8825,1,F,CG,PD,D
13:47:27,ICBP,RG,8825,1,F,CG,XC,D
13:47:02,ICBP,RG,8825,1,F,CG,CS,D
13:47:02,ICBP,RG,8850,9,F,DX,CS,D
13:47:01,ICBP,RG,8825,1,F,CG,CC,D
13:46:24,ICBP,RG,8850,12,F,DX,CS,D
13:46:23,ICBP,RG,8825,30,F,CG,YP,D
13:46:20,ICBP,RG,8825,1,F,CG,DX,D
13:46:08,ICBP,RG,8850,3,F,DX,CS,D
13:46:08,ICBP,RG,8850,7,F,DX,CS,D
13:46:07,ICBP,RG,8825,1,F,CG,CS,D
13:46:07,ICBP,RG,8825,1,F,CG,CS,D
13:46:06,ICBP,RG,8850,15,F,DX,CS,D
13:46:06,ICBP,RG,8850,10,D,SQ,CS,D
13:46:06,ICBP,RG,8850,46,D,SQ,BK,F
13:45:56,ICBP,RG,8850,7,F,DX,BK,F
13:45:56,ICBP,RG,8850,1,D,GR,BK,F
13:45:25,ICBP,RG,8850,10,F,DX,BK,F
13:45:25,ICBP,RG,8825,1,F,CG,CS,D
13:45:24,ICBP,RG,8850,16,F,DX,BK,F
13:45:24,ICBP,RG,8850,23,F,DX,BK,F
13:45:23,ICBP,RG,8825,1,F,CG,CS,D
13:45:23,ICBP,RG,8825,1,F,CG,CS,D
13:45:22,ICBP,RG,8850,35,F,DX,BK,F
13:45:21,ICBP,RG,8850,11,F,DX,BK,F
13:45:21,ICBP,RG,8850,5,F,DX,CS,D
13:45:21,ICBP,RG,8850,15,F,DX,CS,D
13:45:21,ICBP,RG,8850,22,F,DX,CS,D
13:45:21,ICBP,RG,8825,2,F,CG,CS,D
13:45:21,ICBP,RG,8825,1,F,CG,CS,D
13:45:20,ICBP,RG,8850,15,F,DX,CS,D
13:45:20,ICBP,RG,8850,11,F,DX,CS,D
13:45:20,ICBP,RG,8825,1,F,CG,CS,D
13:45:20,ICBP,RG,8825,2,F,CG,CS,D
13:45:20,ICBP,RG,8825,78,F,CG,CS,D
13:45:20,ICBP,RG,8825,1,F,CG,CS,D
13:45:20,ICBP,RG,8825,108,F,CG,CS,D
13:45:20,ICBP,RG,8850,5,D,NI,CS,D
13:45:20,ICBP,RG,8825,78,F,CG,CS,D
13:45:19,ICBP,RG,8825,59,F,CG,CS,D
13:45:19,ICBP,RG,8850,2,F,DX,CS,D
13:45:17,ICBP,RG,8850,4,F,DX,CS,D
13:45:16,ICBP,RG,8825,10,F,CG,CS,D
13:45:05,ICBP,RG,8850,2,F,DX,CS,D
13:45:04,ICBP,RG,8850,4,D,YU,CS,D
13:45:03,ICBP,RG,8850,1,D,PD,CS,D
13:44:40,ICBP,RG,8850,2,F,DX,CS,D
13:44:38,ICBP,RG,8825,5,D,DR,NI,D
13:43:32,ICBP,RG,8850,2,F,DX,CS,D
13:43:31,ICBP,RG,8825,2,D,DR,NI,D
13:43:01,ICBP,RG,8850,2,F,DX,CS,D
13:43:00,ICBP,RG,8825,2,D,DR,PD,D
13:43:00,ICBP,RG,8825,1,D,DR,DX,D
13:42:39,ICBP,RG,8850,1,D,CC,CS,D
13:42:13,ICBP,RG,8850,1,F,DX,CS,D
13:42:12,ICBP,RG,8825,1,D,DR,CC,D
13:42:11,ICBP,RG,8850,2,F,DX,CS,D
13:42:10,ICBP,RG,8850,3,D,PD,CS,D
13:41:48,ICBP,RG,8825,1,D,DR,CS,D
13:41:47,ICBP,RG,8850,2,F,DX,CS,D
13:41:47,ICBP,RG,8850,3,F,BK,CS,D
13:41:45,ICBP,RG,8850,1,D,CC,CS,D
13:41:42,ICBP,RG,8850,2,F,DX,CS,D
13:41:41,ICBP,RG,8850,3,D,YU,CS,D
13:41:23,ICBP,RG,8850,3,F,DX,CS,D
13:41:22,ICBP,RG,8850,4,F,DX,CS,D
13:41:21,ICBP,RG,8850,4,F,DX,CS,D
13:41:20,ICBP,RG,8850,9,D,PD,CS,D
13:41:20,ICBP,RG,8850,16,D,PD,KZ,D
13:40:03,ICBP,RG,8850,1,D,YU,KZ,D
13:39:49,ICBP,RG,8850,10,D,PD,KZ,D
13:39:46,ICBP,RG,8825,1,D,DR,CS,D
13:39:42,ICBP,RG,8825,30,D,DR,PD,D
13:39:41,ICBP,RG,8825,2,D,DR,XC,D
13:39:11,ICBP,RG,8825,3,D,DR,CS,D
13:39:11,ICBP,RG,8825,17,D,DR,CS,D
13:39:10,ICBP,RG,8850,218,F,DX,KZ,D
13:39:10,ICBP,RG,8850,59,F,DX,KZ,D
13:39:10,ICBP,RG,8850,4,F,DX,CC,D
13:39:10,ICBP,RG,8850,2,F,DX,CC,D
13:39:10,ICBP,RG,8850,1,F,DX,DX,D
13:39:10,ICBP,RG,8850,1,F,DX,PD,D
13:39:10,ICBP,RG,8850,10,F,DX,PD,D
13:39:10,ICBP,RG,8850,1,F,DX,CC,D
13:39:10,ICBP,RG,8850,20,F,DX,NI,D
13:39:10,ICBP,RG,8850,1,F,DX,DH,D
13:39:10,ICBP,RG,8850,5,F,DX,SQ,D
13:39:10,ICBP,RG,8850,2,F,DX,NI,D
13:39:10,ICBP,RG,8850,1,F,DX,XC,D
13:39:10,ICBP,RG,8850,1,F,DX,PD,D
13:39:10,ICBP,RG,8850,5,F,DX,PD,D
13:39:10,ICBP,RG,8850,1,F,DX,YP,D
13:39:10,ICBP,RG,8850,3,F,DX,CC,D
13:39:10,ICBP,RG,8850,26,F,DX,XC,D
13:39:10,ICBP,RG,8850,1,F,DX,XC,D
13:39:10,ICBP,RG,8850,3,F,DX,XC,D
13:39:10,ICBP,RG,8850,3,F,DX,XC,D
13:39:10,ICBP,RG,8850,200,F,DX,CC,D
13:39:10,ICBP,RG,8850,2,F,DX,YP,D
13:39:10,ICBP,RG,8850,19,F,DX,CC,D
13:39:10,ICBP,RG,8850,6,F,DX,YP,D
13:39:10,ICBP,RG,8850,1,F,DX,XC,D
13:39:10,ICBP,RG,8850,8,F,DX,XC,D
13:39:10,ICBP,RG,8850,10,F,DX,XC,D
13:39:10,ICBP,RG,8850,2,F,DX,XC,D
13:39:10,ICBP,RG,8850,3,F,DX,XC,D
13:39:10,ICBP,RG,8850,1,F,DX,XC,D
13:39:10,ICBP,RG,8850,1,F,DX,XC,D
13:39:10,ICBP,RG,8850,11,F,DX,CC,D
13:39:10,ICBP,RG,8850,10,F,DX,PD,D
13:39:10,ICBP,RG,8850,1,F,DX,PD,D
13:39:10,ICBP,RG,8850,4,F,DX,PD,D
13:39:10,ICBP,RG,8850,1,F,DX,PD,D
13:39:10,ICBP,RG,8850,1,F,DX,PD,D
13:39:10,ICBP,RG,8850,2,F,DX,PD,D
13:39:10,ICBP,RG,8850,5,F,DX,PD,D
13:39:10,ICBP,RG,8850,5,F,DX,PD,D
13:39:10,ICBP,RG,8850,2,F,DX,PD,D
13:39:10,ICBP,RG,8850,2,F,DX,PD,D
13:39:10,ICBP,RG,8850,23,F,DX,PD,D
13:39:10,ICBP,RG,8850,1,F,DX,CC,F
13:39:10,ICBP,RG,8850,2,F,DX,PD,D
13:39:10,ICBP,RG,8850,10,F,DX,PD,D
13:39:10,ICBP,RG,8850,8,F,DX,PD,D
13:39:10,ICBP,RG,8850,1,F,DX,PD,D
13:39:10,ICBP,RG,8850,7,F,DX,PD,D
13:39:10,ICBP,RG,8850,1,F,DX,LG,D
13:39:10,ICBP,RG,8850,34,F,DX,LG,D
13:39:10,ICBP,RG,8850,74,F,DX,CS,D
13:39:10,ICBP,RG,8850,1,F,DX,PD,D
13:39:10,ICBP,RG,8850,1,F,DX,EP,D
13:39:10,ICBP,RG,8850,100,F,DX,ZP,D
13:39:10,ICBP,RG,8850,4,F,DX,PD,D
13:39:10,ICBP,RG,8850,299,F,DX,KZ,D
13:39:10,ICBP,RG,8850,71,F,DX,KZ,D
13:39:10,ICBP,RG,8850,41,F,DX,KK,D
13:39:10,ICBP,RG,8850,1,F,DX,PD,D
13:39:10,ICBP,RG,8850,1,F,DX,PD,D
13:39:10,ICBP,RG,8850,200,F,DX,PD,D
13:39:10,ICBP,RG,8850,1,F,DX,PD,D
13:39:10,ICBP,RG,8850,40,F,DX,CS,D
13:39:10,ICBP,RG,8850,6,F,DX,CS,D
13:39:10,ICBP,RG,8850,52,F,DX,CS,D
13:39:10,ICBP,RG,8850,52,F,DX,CS,D
13:39:10,ICBP,RG,8850,10,F,DX,XA,D
13:39:10,ICBP,RG,8850,1,F,DX,PC,D
13:39:10,ICBP,RG,8850,12,F,DX,KZ,D
13:39:10,ICBP,RG,8850,50,F,DX,DR,D
13:39:10,ICBP,RG,8850,180,F,DX,KZ,D
13:39:10,ICBP,RG,8850,5,F,DX,DR,D
13:39:10,ICBP,RG,8850,3,F,DX,NI,D
13:39:10,ICBP,RG,8850,1,F,DX,CC,D
13:39:10,ICBP,RG,8850,44,F,DX,KZ,D
13:39:10,ICBP,RG,8850,1,F,DX,DX,D
13:39:10,ICBP,RG,8850,456,F,DX,BK,F
13:39:10,ICBP,RG,8850,2,F,DX,OD,D
13:39:10,ICBP,RG,8850,20,F,DX,DH,D
13:39:10,ICBP,RG,8850,1,F,DX,OD,D
13:39:10,ICBP,RG,8850,88,F,DX,PD,D
13:39:10,ICBP,RG,8850,164,F,DX,CS,D
13:39:10,ICBP,RG,8850,89,F,DX,CS,D
13:39:10,ICBP,RG,8850,117,F,DX,CS,D
13:39:10,ICBP,RG,8850,14,F,DX,CS,D
13:39:10,ICBP,RG,8850,116,F,DX,CS,D
13:39:10,ICBP,RG,8850,5,F,DX,DH,D
13:39:10,ICBP,RG,8850,4,F,DX,XC,D
13:39:10,ICBP,RG,8850,200,F,DX,YP,D
13:39:10,ICBP,RG,8850,1,F,DX,XC,D
13:39:10,ICBP,RG,8850,3,F,DX,YP,D
13:39:10,ICBP,RG,8850,3,F,DX,NI,D
13:39:10,ICBP,RG,8850,2,F,DX,YP,D
13:39:10,ICBP,RG,8850,10,F,DX,YP,D
13:39:10,ICBP,RG,8850,1,F,DX,XC,D
13:39:10,ICBP,RG,8850,201,F,DX,KZ,D
13:39:01,ICBP,RG,8825,3,D,DR,XC,D
13:39:00,ICBP,RG,8825,1,D,DR,CS,D
13:39:00,ICBP,RG,8825,1,D,DR,CS,D
13:38:58,ICBP,RG,8825,15,D,DR,CS,D
13:38:58,ICBP,RG,8825,5,D,DR,CS,D
13:38:58,ICBP,RG,8825,16,D,DR,CS,D
13:38:58,ICBP,RG,8825,3,D,DR,CS,D
13:38:58,ICBP,RG,8825,5,D,DR,CS,D
13:38:57,ICBP,RG,8825,2,D,DR,CS,D
13:38:57,ICBP,RG,8825,2,D,DR,CS,D
13:38:57,ICBP,RG,8825,1,D,DR,CS,D
13:38:57,ICBP,RG,8825,2,D,DR,CS,D
13:38:57,ICBP,RG,8825,1,D,DR,CS,D
13:38:57,ICBP,RG,8825,1,D,DR,CS,D
13:38:57,ICBP,RG,8825,1,D,DR,CS,D
13:38:57,ICBP,RG,8825,902,D,DR,BK,F
13:38:57,ICBP,RG,8825,38,D,DR,AK,F
13:38:57,ICBP,RG,8825,2,D,DR,CS,D
13:38:57,ICBP,RG,8825,1,D,DR,CS,D
13:38:57,ICBP,RG,8825,1,D,DR,CS,D
13:38:56,ICBP,RG,8825,2,D,DR,CS,D
13:38:56,ICBP,RG,8825,4,D,DR,CS,D
13:38:56,ICBP,RG,8825,5,D,DR,CS,D
13:38:56,ICBP,RG,8825,10,D,DR,CS,D
13:38:56,ICBP,RG,8825,19,D,DR,CS,D
13:38:56,ICBP,RG,8825,8,D,DR,CS,D
13:38:56,ICBP,RG,8825,10,D,DR,CS,D
13:38:56,ICBP,RG,8825,3,D,DR,CS,D
13:38:56,ICBP,RG,8825,13,D,DR,CS,D
13:38:56,ICBP,RG,8825,16,D,DR,CS,D
13:38:56,ICBP,RG,8825,2,D,DR,CS,D
13:38:56,ICBP,RG,8825,4,D,DR,CS,D
13:38:56,ICBP,RG,8825,19,D,DR,CS,D
13:38:56,ICBP,RG,8825,1,D,DR,CS,D
13:38:56,ICBP,RG,8825,3,D,DR,CS,D
13:38:56,ICBP,RG,8825,17,D,DR,CS,D
13:38:56,ICBP,RG,8825,1,D,DR,CS,D
13:38:56,ICBP,RG,8825,6,D,DR,CS,D
13:38:56,ICBP,RG,8825,5,D,DR,CS,D
13:38:56,ICBP,RG,8825,31,D,DR,CS,D
13:38:56,ICBP,RG,8825,16,D,DR,CS,D
13:38:56,ICBP,RG,8825,37,D,DR,CS,D
13:38:56,ICBP,RG,8825,28,D,DR,CS,D
13:38:56,ICBP,RG,8825,10,D,DR,CS,D
13:38:56,ICBP,RG,8825,11,D,DR,CS,D
13:38:56,ICBP,RG,8825,14,D,DR,CS,D
13:38:20,ICBP,RG,8850,4,D,YU,KZ,D
13:38:17,ICBP,RG,8850,2,D,XC,KZ,D
13:37:55,ICBP,RG,8850,1,D,XC,KZ,D
13:37:53,ICBP,RG,8825,6,D,DR,AT,D
13:37:26,ICBP,RG,8850,1,D,KK,KZ,D
13:37:22,ICBP,RG,8850,1,D,YB,KZ,D
13:36:54,ICBP,RG,8850,1,D,PD,KZ,D
13:36:30,ICBP,RG,8825,1,D,DR,YP,D
13:36:21,ICBP,RG,8825,1,D,DR,DX,D
13:35:02,ICBP,RG,8850,3,D,YU,KZ,D
13:34:46,ICBP,RG,8825,1,D,DR,CC,D
13:34:13,ICBP,RG,8825,1,D,DR,CS,D
13:34:12,ICBP,RG,8825,2,D,DR,PD,D
13:34:11,ICBP,RG,8850,2,D,PD,KZ,D
13:33:13,ICBP,RG,8825,1,D,DR,CS,D
13:33:12,ICBP,RG,8850,2,D,YP,KZ,D
13:33:07,ICBP,RG,8825,1,D,DR,DX,D
13:32:37,ICBP,RG,8850,1,D,PD,KZ,D
13:31:42,ICBP,RG,8850,5,D,YU,KZ,D
13:31:32,ICBP,RG,8825,6,D,DR,DH,D
13:30:25,ICBP,RG,8825,1,D,DR,CS,D
13:30:18,ICBP,RG,8850,22,D,YP,KZ,D
13:30:16,ICBP,RG,8850,2,D,XC,KZ,D
13:30:16,ICBP,RG,8850,2,D,XC,KZ,D
13:30:16,ICBP,RG,8850,1,D,XC,KZ,D
13:30:15,ICBP,RG,8850,2,D,YP,KZ,D
13:30:15,ICBP,RG,8825,1,D,DR,CC,D
13:30:15,ICBP,RG,8850,10,D,YP,KZ,D
13:30:14,ICBP,RG,8850,4,D,XC,KZ,D
13:30:14,ICBP,RG,8825,1,D,DR,CS,D
13:30:14,ICBP,RG,8850,1,D,XC,KZ,D
13:30:14,ICBP,RG,8850,2,D,XC,KZ,D
13:30:13,ICBP,RG,8850,10,D,CC,KZ,D
13:30:12,ICBP,RG,8850,1,D,XC,KZ,D
13:30:12,ICBP,RG,8850,2,D,PD,KZ,D
13:30:12,ICBP,RG,8850,1,D,XC,KZ,D
13:30:12,ICBP,RG,8850,2,D,XC,KZ,D
13:30:12,ICBP,RG,8850,1,D,PD,KZ,D
13:30:12,ICBP,RG,8825,3,D,DR,PD,D
13:30:12,ICBP,RG,8850,1,D,XC,KZ,D
13:30:12,ICBP,RG,8850,1,D,XC,KZ,D
13:30:11,ICBP,RG,8850,1,D,XC,KZ,D
13:30:11,ICBP,RG,8825,1,D,DR,CS,D
13:30:11,ICBP,RG,8825,1,D,DR,CS,D
13:30:09,ICBP,RG,8850,1,D,CC,KZ,D
13:30:09,ICBP,RG,8850,2,D,CC,KZ,D
13:30:09,ICBP,RG,8850,1,D,PD,KZ,D
13:30:07,ICBP,RG,8850,5,D,EP,KZ,D
13:30:07,ICBP,RG,8825,1,D,DR,CS,D
13:30:07,ICBP,RG,8825,1,D,DR,CS,D
13:30:07,ICBP,RG,8850,2,D,PD,KZ,D
13:30:06,ICBP,RG,8850,2,D,KK,KZ,D
13:30:06,ICBP,RG,8850,1,D,PD,KZ,D
13:30:06,ICBP,RG,8850,1,D,PD,KZ,D
13:30:05,ICBP,RG,8825,1,D,DR,CS,D
13:30:05,ICBP,RG,8825,1,D,DR,CS,D
13:30:05,ICBP,RG,8825,4,D,DR,CS,D
13:30:05,ICBP,RG,8825,4,D,DR,CS,D
13:30:05,ICBP,RG,8825,1,D,DR,CS,D
13:30:05,ICBP,RG,8825,3,D,DR,CS,D
13:30:05,ICBP,RG,8825,1,D,DR,CS,D
13:30:05,ICBP,RG,8825,1,D,DR,CS,D
13:30:05,ICBP,RG,8825,2,D,DR,CS,D
13:30:05,ICBP,RG,8825,1,D,DR,CS,D
13:30:05,ICBP,RG,8825,1,D,DR,CS,D
13:30:05,ICBP,RG,8825,1,D,DR,CS,D
13:30:05,ICBP,RG,8825,2,D,DR,CS,D
13:30:05,ICBP,RG,8825,2,D,DR,CS,D
13:30:05,ICBP,RG,8825,1,D,DR,CS,D
13:30:05,ICBP,RG,8825,1,D,DR,CS,D
13:30:05,ICBP,RG,8825,1,D,DR,CS,D
13:30:05,ICBP,RG,8825,3,D,DR,CS,D
13:30:05,ICBP,RG,8825,1,D,DR,CS,D
13:30:05,ICBP,RG,8825,3,D,DR,CS,D
13:30:05,ICBP,RG,8825,1,D,DR,CS,D
13:30:05,ICBP,RG,8825,1,D,DR,CS,D
13:30:05,ICBP,RG,8825,1,D,DR,CS,D
13:30:05,ICBP,RG,8825,1,D,DR,CS,D
13:30:05,ICBP,RG,8850,2,D,SQ,KZ,D
13:30:05,ICBP,RG,8850,2,D,GR,KZ,D
13:30:04,ICBP,RG,8850,1,D,PD,KZ,D
13:30:04,ICBP,RG,8850,1,D,YU,KZ,D
13:30:04,ICBP,RG,8850,6,D,KK,KZ,D
13:30:03,ICBP,RG,8850,1,D,PD,KZ,D
13:30:03,ICBP,RG,8825,248,D,DR,CS,D
13:30:03,ICBP,RG,8825,176,D,DR,CS,D
13:30:03,ICBP,RG,8825,19,D,DR,CS,D
13:30:03,ICBP,RG,8825,133,D,DR,CS,D
13:30:03,ICBP,RG,8825,174,D,DR,CS,D
13:30:02,ICBP,RG,8850,32,D,MK,KZ,D
13:30:02,ICBP,RG,8850,3,D,MK,CC,D
13:30:02,ICBP,RG,8850,1,D,MK,XC,D
13:30:02,ICBP,RG,8850,14,D,MK,YP,D
13:30:02,ICBP,RG,8850,6,D,XA,YP,D
11:29:53,ICBP,RG,8850,10,D,EP,YP,D
11:29:48,ICBP,RG,8825,20,D,DR,SQ,D
11:29:45,ICBP,RG,8825,7,D,DR,YP,D
11:28:42,ICBP,RG,8825,5,D,DR,GR,D
11:27:52,ICBP,RG,8825,3,D,DR,CS,D
11:27:38,ICBP,RG,8825,10,D,DR,CS,D
11:27:23,ICBP,RG,8850,5,D,GR,YP,D
11:26:40,ICBP,RG,8850,4,D,YU,YP,D
11:26:30,ICBP,RG,8825,25,D,DR,CS,D
11:26:29,ICBP,RG,8825,4,D,DR,CS,D
11:26:28,ICBP,RG,8825,46,D,DR,CS,D
11:26:18,ICBP,RG,8825,22,D,DR,CS,D
11:26:18,ICBP,RG,8825,14,D,DR,CS,D
11:25:55,ICBP,RG,8850,1,D,YP,YP,D
11:25:46,ICBP,RG,8825,42,D,DR,CS,D
11:24:43,ICBP,RG,8825,1,D,DR,PD,D
11:24:36,ICBP,RG,8850,2,D,XC,YP,D
11:24:08,ICBP,RG,8850,4,D,NI,YP,D
11:24:06,ICBP,RG,8850,4,F,BK,YP,D
11:24:06,ICBP,RG,8850,1,F,BK,XC,D
11:24:06,ICBP,RG,8850,3,F,BK,GR,D
11:24:06,ICBP,RG,8825,8,D,DR,CS,D
11:24:05,ICBP,RG,8825,52,D,DR,CS,D
11:24:03,ICBP,RG,8825,95,D,DR,CS,D
11:23:47,ICBP,RG,8825,1,D,DR,EP,D
11:23:43,ICBP,RG,8825,33,D,DR,CS,D
11:23:43,ICBP,RG,8825,45,D,DR,CS,D
11:23:10,ICBP,RG,8825,10,D,DR,YU,D
11:23:02,ICBP,RG,8825,3,D,DR,XC,D
11:22:44,ICBP,RG,8825,89,D,DR,CS,D
11:22:04,ICBP,RG,8850,10,D,KK,PD,D
11:21:58,ICBP,RG,8850,1,D,KK,XC,D
11:21:04,ICBP,RG,8850,2,D,XC,XC,D
11:20:02,ICBP,RG,8850,4,D,YU,XC,D
11:19:49,ICBP,RG,8825,75,D,DR,DH,D
11:19:11,ICBP,RG,8825,11,D,DR,CS,D
11:19:11,ICBP,RG,8825,3,D,DR,DH,D
11:19:11,ICBP,RG,8825,2,D,DR,XC,D
11:19:11,ICBP,RG,8825,1,D,DR,XC,D
11:19:11,ICBP,RG,8825,175,D,DR,KZ,D
11:19:11,ICBP,RG,8825,300,D,DR,KZ,D
11:19:11,ICBP,RG,8825,46,D,DR,CS,D
11:19:11,ICBP,RG,8825,3,D,DR,CS,D
11:19:11,ICBP,RG,8825,15,D,DR,CS,D
11:19:11,ICBP,RG,8825,30,D,DR,CS,D
11:19:11,ICBP,RG,8825,1,D,DR,CC,F
11:19:11,ICBP,RG,8825,20,D,DR,CS,D
11:19:11,ICBP,RG,8825,34,D,DR,KZ,D
11:19:11,ICBP,RG,8825,21,D,DR,CS,D
11:19:11,ICBP,RG,8825,291,D,DR,BK,F
11:19:11,ICBP,RG,8825,27,D,DR,CS,D
11:19:11,ICBP,RG,8825,2,D,DR,CS,D
11:19:11,ICBP,RG,8825,30,D,DR,PD,D
11:19:11,ICBP,RG,8825,16,D,DR,CS,D
11:19:11,ICBP,RG,8825,14,D,DR,CS,D
11:19:11,ICBP,RG,8825,243,D,DR,NI,D
11:19:11,ICBP,RG,8825,1,D,DR,YP,D
11:19:11,ICBP,RG,8825,8,D,DR,CS,D
11:19:11,ICBP,RG,8825,10,D,DR,CS,D
11:19:11,ICBP,RG,8825,12,D,DR,KZ,D
11:19:11,ICBP,RG,8825,49,D,DR,KZ,D
11:19:08,ICBP,RG,8825,4,F,DX,KZ,D
11:19:06,ICBP,RG,8825,5,F,DX,KZ,D
11:19:05,ICBP,RG,8825,21,F,DX,KZ,D
11:19:04,ICBP,RG,8825,4,F,DX,KZ,D
11:19:03,ICBP,RG,8800,6,F,CG,AT,D
11:19:01,ICBP,RG,8800,1,F,CG,DX,D
11:18:25,ICBP,RG,8825,4,F,DX,KZ,D
11:18:24,ICBP,RG,8825,4,F,DX,KZ,D
11:18:23,ICBP,RG,8825,7,F,DX,KZ,D
11:18:22,ICBP,RG,8825,10,F,DX,KZ,D
11:18:21,ICBP,RG,8800,10,F,CG,CS,D
11:18:21,ICBP,RG,8800,10,F,CG,CS,D
11:18:21,ICBP,RG,8800,4,F,CG,CS,D
11:18:21,ICBP,RG,8800,12,F,CG,CS,D
11:18:21,ICBP,RG,8800,12,F,CG,CS,D
11:18:04,ICBP,RG,8825,4,F,DX,KZ,D
11:18:03,ICBP,RG,8825,4,F,DX,KZ,D
11:18:02,ICBP,RG,8825,6,F,DX,KZ,D
11:18:01,ICBP,RG,8825,9,F,DX,KZ,D
11:18:00,ICBP,RG,8825,6,F,DX,KZ,D
11:18:00,ICBP,RG,8825,2,F,DX,CC,D
11:18:00,ICBP,RG,8825,6,F,DX,CC,D
11:17:59,ICBP,RG,8825,6,F,DX,CC,D
11:17:59,ICBP,RG,8825,10,F,DX,YP,D
11:17:59,ICBP,RG,8825,13,F,DX,YP,D
11:17:59,ICBP,RG,8825,3,F,DX,XC,D
11:17:59,ICBP,RG,8825,4,F,DX,CC,D
11:17:59,ICBP,RG,8825,1,F,DX,SQ,D
11:17:58,ICBP,RG,8800,61,F,CG,CS,D
11:17:58,ICBP,RG,8800,14,D,SQ,CS,D
11:17:58,ICBP,RG,8800,7,D,SQ,CS,D
11:17:09,ICBP,RG,8825,2,F,DX,SQ,D
11:17:08,ICBP,RG,8800,6,D,SQ,CC,D
11:16:38,ICBP,RG,8825,2,F,DX,SQ,D
11:16:25,ICBP,RG,8825,2,F,DX,SQ,D
11:16:24,ICBP,RG,8825,4,F,DX,SQ,D
11:16:23,ICBP,RG,8800,3,D,SQ,CS,D
11:16:23,ICBP,RG,8800,1,D,XC,CS,D
11:16:23,ICBP,RG,8800,1,D,XC,CS,D
11:16:23,ICBP,RG,8800,6,D,YP,CS,D
11:16:23,ICBP,RG,8800,3,D,YP,CS,D
11:15:54,ICBP,RG,8825,2,F,DX,SQ,D
11:15:53,ICBP,RG,8800,5,D,YP,CS,D
11:15:46,ICBP,RG,8800,2,D,YP,XC,D
11:15:42,ICBP,RG,8800,9,D,YP,NI,D
11:15:42,ICBP,RG,8800,1,D,CC,NI,D
11:15:05,ICBP,RG,8825,1,D,OD,SQ,D
11:14:20,ICBP,RG,8825,3,D,YP,SQ,D
11:14:01,ICBP,RG,8825,28,D,KK,SQ,D
11:14:01,ICBP,RG,8825,19,D,KK,CS,D
11:14:01,ICBP,RG,8825,9,D,KK,YP,D
11:14:01,ICBP,RG,8825,4,D,KK,CS,D
11:13:42,ICBP,RG,8825,1,D,XC,CS,D
11:12:35,ICBP,RG,8825,1,D,XC,CS,D
11:12:35,ICBP,RG,8825,1,D,XC,YP,D
11:12:13,ICBP,RG,8825,13,F,DX,YP,D
11:12:13,ICBP,RG,8825,7,F,DX,CS,D
11:12:13,ICBP,RG,8825,9,F,DX,CS,D
11:12:13,ICBP,RG,8825,2,F,DX,CC,D
11:12:13,ICBP,RG,8825,5,F,DX,CS,D
11:12:13,ICBP,RG,8825,43,F,DX,KZ,D
11:12:13,ICBP,RG,8825,4,F,DX,PD,D
11:12:13,ICBP,RG,8825,2,F,DX,YP,D
11:12:13,ICBP,RG,8825,1,F,DX,YP,D
11:12:13,ICBP,RG,8825,4,F,DX,YP,D
11:12:13,ICBP,RG,8825,1,F,DX,XC,D
11:12:13,ICBP,RG,8825,10,F,DX,CS,D
11:12:13,ICBP,RG,8825,1,F,DX,PD,D
11:12:13,ICBP,RG,8825,2,F,DX,CC,F
11:12:13,ICBP,RG,8825,5,F,DX,CS,D
11:12:13,ICBP,RG,8825,1,F,DX,CS,D
11:12:13,ICBP,RG,8825,36,F,DX,CS,D
11:12:13,ICBP,RG,8825,3,F,DX,BK,F
11:12:11,ICBP,RG,8825,10,D,SQ,BK,F
11:11:59,ICBP,RG,8825,1,D,XC,BK,F
11:10:48,ICBP,RG,8825,23,F,DX,BK,F
11:10:47,ICBP,RG,8800,9,D,CC,CS,D
11:10:47,ICBP,RG,8800,17,D,GR,CS,D
11:10:47,ICBP,RG,8800,1,D,YP,CS,D
11:10:47,ICBP,RG,8800,9,D,YP,CS,D
11:10:47,ICBP,RG,8800,1,D,YP,CS,D
11:10:47,ICBP,RG,8800,2,D,CC,CS,D
11:10:47,ICBP,RG,8800,8,D,XC,CS,D
11:10:47,ICBP,RG,8800,2,D,XC,CS,D
11:10:47,ICBP,RG,8800,5,D,PD,CS,D
11:10:47,ICBP,RG,8800,1,D,PD,CS,D
11:10:47,ICBP,RG,8800,6,D,YU,CS,D
11:10:47,ICBP,RG,8800,4,D,YU,CS,D
11:10:47,ICBP,RG,8800,10,D,SQ,CS,D
11:10:47,ICBP,RG,8800,20,D,LG,CS,D
11:10:47,ICBP,RG,8800,3,D,LG,CS,D
11:10:47,ICBP,RG,8800,7,D,LG,CS,D
11:10:47,ICBP,RG,8800,7,D,CC,CS,D
11:10:47,ICBP,RG,8800,13,D,CC,CS,D
11:10:47,ICBP,RG,8800,1,D,NI,CS,D
11:10:47,ICBP,RG,8800,1,D,PD,CS,D
11:10:47,ICBP,RG,8800,1,D,KK,CS,D
11:10:47,ICBP,RG,8800,1,D,PD,CS,D
11:10:47,ICBP,RG,8800,10,D,YP,CS,D
11:10:47,ICBP,RG,8800,5,D,YP,CS,D
11:10:47,ICBP,RG,8800,1,D,SQ,CS,D
11:10:47,ICBP,RG,8800,1,D,CC,CS,D
11:10:47,ICBP,RG,8800,5,D,NI,CS,D
11:10:47,ICBP,RG,8800,2,D,CC,CS,D
11:10:47,ICBP,RG,8800,1,D,CC,CS,D
11:10:47,ICBP,RG,8800,1,D,SQ,CS,D
11:10:47,ICBP,RG,8800,4,D,SQ,CS,D
11:10:47,ICBP,RG,8800,5,D,GR,CS,D
11:10:08,ICBP,RG,8800,1,D,GR,PD,D
11:10:04,ICBP,RG,8800,1,D,GR,PD,D
11:10:04,ICBP,RG,8825,135,F,DX,BK,F
11:10:04,ICBP,RG,8825,17,F,DX,BK,F
11:10:03,ICBP,RG,8825,4,D,YU,BK,F
11:10:02,ICBP,RG,8800,23,D,GR,CS,D
11:10:02,ICBP,RG,8800,1,D,KK,CS,D
11:10:02,ICBP,RG,8800,3,D,XC,CS,D
11:10:02,ICBP,RG,8800,1,D,XC,CS,D
11:10:02,ICBP,RG,8800,1,D,PD,CS,D
11:10:02,ICBP,RG,8800,1,D,CC,CS,D
11:10:02,ICBP,RG,8800,2,D,CC,CS,D
11:10:02,ICBP,RG,8800,1,D,NI,CS,D
11:10:02,ICBP,RG,8800,2,D,PD,CS,D
11:10:02,ICBP,RG,8800,5,D,DH,CS,D
11:10:02,ICBP,RG,8800,5,D,DH,CS,D
11:10:02,ICBP,RG,8800,3,D,XC,CS,D
11:10:02,ICBP,RG,8800,1,D,PD,CS,D
11:10:02,ICBP,RG,8800,1,D,NI,CS,D
11:10:02,ICBP,RG,8800,26,D,GR,CS,D
11:09:57,ICBP,RG,8800,1,D,GR,YP,D
11:09:51,ICBP,RG,8800,12,D,GR,CS,D
11:09:51,ICBP,RG,8800,2,D,CC,CS,D
11:09:51,ICBP,RG,8800,3,D,YP,CS,D
11:09:51,ICBP,RG,8800,10,D,YP,CS,D
11:09:51,ICBP,RG,8800,12,D,YP,CS,D
11:09:51,ICBP,RG,8800,5,D,DR,CS,D
11:09:51,ICBP,RG,8800,2,D,NI,CS,D
11:09:51,ICBP,RG,8800,11,D,NI,CS,D
11:09:51,ICBP,RG,8800,9,D,NI,CS,D
11:09:30,ICBP,RG,8800,1,D,NI,DX,D
11:09:07,ICBP,RG,8800,2,D,NI,GR,D
11:08:57,ICBP,RG,8800,1,D,XC,GR,D
11:08:57,ICBP,RG,8800,4,F,CG,GR,D
11:08:04,ICBP,RG,8800,4,F,CG,XC,D
11:07:11,ICBP,RG,8800,2,F,CG,CS,D
11:07:11,ICBP,RG,8800,2,F,CG,CS,D
11:05:55,ICBP,RG,8825,10,D,KK,BK,F
11:05:44,ICBP,RG,8825,5,F,DX,BK,F
11:05:44,ICBP,RG,8825,10,F,DX,CS,D
11:05:44,ICBP,RG,8825,1,F,DX,CS,D
11:05:43,ICBP,RG,8800,50,F,CG,CS,D
11:05:06,ICBP,RG,8825,2,D,XC,CS,D
11:05:06,ICBP,RG,8825,1,D,XC,KZ,D
11:05:03,ICBP,RG,8825,1,D,XC,KZ,D
11:05:00,ICBP,RG,8825,4,D,YU,KZ,D
11:04:57,ICBP,RG,8825,4,D,XC,KZ,D
11:04:52,ICBP,RG,8800,30,F,CG,KZ,D
11:04:41,ICBP,RG,8800,10,F,CG,XA,D
11:04:30,ICBP,RG,8800,1,F,CG,DX,D
11:04:25,ICBP,RG,8825,16,F,DX,KZ,D
11:04:24,ICBP,RG,8800,26,F,CG,CC,D
11:04:24,ICBP,RG,8800,60,F,CG,CC,D
11:04:24,ICBP,RG,8800,1,D,XC,CC,D
11:04:24,ICBP,RG,8800,1,D,PD,CC,D
11:04:24,ICBP,RG,8800,1,D,PD,CC,D
11:04:24,ICBP,RG,8800,1,D,NI,CC,D
11:04:24,ICBP,RG,8800,1,D,YP,CC,D
11:04:24,ICBP,RG,8800,1,D,YP,CC,D
11:04:24,ICBP,RG,8800,7,F,CG,CC,D
11:04:24,ICBP,RG,8800,1,D,YP,CC,D
11:04:10,ICBP,RG,8800,2,D,YP,PD,D
11:03:56,ICBP,RG,8825,3,F,DX,KZ,D
11:03:56,ICBP,RG,8825,8,F,DX,CS,D
11:03:56,ICBP,RG,8825,9,F,DX,CS,D
11:03:56,ICBP,RG,8825,1,F,DX,CS,D
11:03:55,ICBP,RG,8800,7,D,YP,EP,D
11:03:55,ICBP,RG,8800,1,D,YP,EP,D
11:03:55,ICBP,RG,8800,114,F,CG,EP,D
11:03:55,ICBP,RG,8800,10,D,DH,EP,D
11:03:55,ICBP,RG,8800,1,D,PD,EP,D
11:03:55,ICBP,RG,8800,1,D,YP,EP,D
11:03:55,ICBP,RG,8800,2,D,PD,EP,D
11:03:55,ICBP,RG,8800,5,D,YP,EP,D
11:03:55,ICBP,RG,8800,1,D,CC,EP,D
11:03:55,ICBP,RG,8800,1,D,NI,EP,D
11:03:55,ICBP,RG,8800,6,D,SQ,EP,D
11:03:55,ICBP,RG,8800,2,D,YP,EP,D
11:03:55,ICBP,RG,8800,5,D,YB,EP,D
11:03:55,ICBP,RG,8800,50,D,LG,EP,D
11:03:55,ICBP,RG,8800,1,D,XC,EP,D
11:03:55,ICBP,RG,8800,78,D,LG,EP,D
11:03:20,ICBP,RG,8800,3,D,LG,CS,D
11:02:24,ICBP,RG,8800,2,D,LG,AZ,D
11:00:12,ICBP,RG,8825,1,D,XC,CS,D
11:00:02,ICBP,RG,8825,3,D,YU,CS,D
11:00:02,ICBP,RG,8825,10,F,DX,CS,D
11:00:02,ICBP,RG,8825,3,F,DX,CS,D
11:00:00,ICBP,RG,8800,26,D,LG,CS,D
11:00:00,ICBP,RG,8800,5,D,LG,CS,D
11:00:00,ICBP,RG,8800,1,D,LG,CS,D
11:00:00,ICBP,RG,8800,2,D,KK,CS,D
11:00:00,ICBP,RG,8800,1,D,XC,CS,D
11:00:00,ICBP,RG,8800,1,D,AZ,CS,D
11:00:00,ICBP,RG,8800,3,D,KK,CS,D
11:00:00,ICBP,RG,8800,1,D,CC,CS,D
11:00:00,ICBP,RG,8800,2,D,XC,CS,D
11:00:00,ICBP,RG,8800,1,D,DR,CS,D
11:00:00,ICBP,RG,8800,1,D,SQ,CS,D
11:00:00,ICBP,RG,8800,2,D,PD,CS,D
11:00:00,ICBP,RG,8800,3,D,NI,CS,D
11:00:00,ICBP,RG,8800,1,D,YP,CS,D
11:00:00,ICBP,RG,8800,7,D,KK,CS,D
11:00:00,ICBP,RG,8800,5,D,KK,CS,D
11:00:00,ICBP,RG,8800,8,D,CP,CS,D
10:59:30,ICBP,RG,8800,1,D,CP,DX,D
10:59:27,ICBP,RG,8825,1,D,SQ,CS,D
10:59:23,ICBP,RG,8825,1,D,YP,CS,D
10:58:57,ICBP,RG,8825,1,D,EP,CS,D
10:58:52,ICBP,RG,8825,4,D,LG,CS,D
10:58:52,ICBP,RG,8825,7,D,LG,CS,D
10:58:06,ICBP,RG,8825,2,D,XC,CS,D
10:58:03,ICBP,RG,8825,7,F,DX,CS,D
10:58:03,ICBP,RG,8825,5,F,DX,CS,D
10:58:03,ICBP,RG,8800,3,D,CP,CS,D
10:58:03,ICBP,RG,8800,5,D,PD,CS,D
10:58:03,ICBP,RG,8800,1,D,YP,CS,D
10:58:03,ICBP,RG,8800,10,D,DH,CS,D
10:58:03,ICBP,RG,8800,10,D,CC,CS,D
10:58:03,ICBP,RG,8800,7,D,DR,CS,D
10:58:03,ICBP,RG,8800,25,D,YP,CS,D
10:58:03,ICBP,RG,8800,1,D,YU,CS,D
10:58:03,ICBP,RG,8800,1,D,YP,CS,D
10:58:03,ICBP,RG,8800,1,D,NI,CS,D
10:58:03,ICBP,RG,8800,1,D,PD,CS,D
10:58:03,ICBP,RG,8800,20,D,YU,CS,D
10:58:03,ICBP,RG,8800,10,D,PD,CS,D
10:58:03,ICBP,RG,8800,5,D,KK,CS,D
10:58:03,ICBP,RG,8800,3,D,DH,CS,D
10:57:59,ICBP,RG,8800,2,D,DH,XC,D
10:57:27,ICBP,RG,8800,3,D,DH,KK,D
10:56:59,ICBP,RG,8800,2,D,DH,PD,D
10:56:59,ICBP,RG,8800,2,D,XC,PD,D
10:56:59,ICBP,RG,8800,2,D,DH,PD,D
10:56:59,ICBP,RG,8800,12,D,SQ,PD,D
10:56:58,ICBP,RG,8800,3,D,SQ,CS,D
10:56:58,ICBP,RG,8800,10,D,KK,CS,D
10:56:58,ICBP,RG,8800,20,D,KK,CS,D
10:56:58,ICBP,RG,8800,4,D,PD,CS,D
10:56:58,ICBP,RG,8800,1,D,PD,CS,D
10:56:58,ICBP,RG,8800,3,D,GR,CS,D
10:56:58,ICBP,RG,8800,10,D,PD,CS,D
10:56:58,ICBP,RG,8800,10,D,CC,CS,D
10:56:58,ICBP,RG,8800,1,D,NI,CS,D
10:56:58,ICBP,RG,8800,2,D,XC,CS,D
10:56:58,ICBP,RG,8800,1,D,XC,CS,D
10:56:58,ICBP,RG,8800,3,D,XC,CS,D
10:56:58,ICBP,RG,8800,1,D,PD,CS,D
10:56:58,ICBP,RG,8800,9,D,NI,CS,D
10:56:58,ICBP,RG,8800,1,D,PD,CS,D
10:56:58,ICBP,RG,8800,2,D,NI,CS,D
10:56:58,ICBP,RG,8800,10,D,CC,CS,D
10:56:58,ICBP,RG,8800,1,D,XC,CS,D
10:56:58,ICBP,RG,8800,5,D,XC,CS,D
10:56:58,ICBP,RG,8800,1,D,ZP,CS,D
10:56:58,ICBP,RG,8800,1,D,PD,CS,D
10:56:58,ICBP,RG,8800,3,D,PD,CS,D
10:56:48,ICBP,RG,8800,2,D,PD,PD,D
10:56:48,ICBP,RG,8800,1,D,PD,PD,D
10:56:48,ICBP,RG,8800,2,D,SQ,PD,D
10:56:48,ICBP,RG,8800,3,D,CC,PD,D
10:56:48,ICBP,RG,8800,5,D,CC,PD,D
10:56:48,ICBP,RG,8800,5,D,SQ,PD,D
10:56:46,ICBP,RG,8825,1,D,NI,CS,D
10:56:44,ICBP,RG,8800,1,D,AG,CS,D
10:56:44,ICBP,RG,8800,3,D,AG,CS,D
10:56:44,ICBP,RG,8800,1,D,YP,CS,D
10:56:44,ICBP,RG,8800,5,D,CC,CS,D
10:56:44,ICBP,RG,8800,1,D,XC,CS,D
10:56:44,ICBP,RG,8800,2,D,EP,CS,D
10:56:44,ICBP,RG,8800,1,D,YP,CS,D
10:56:44,ICBP,RG,8800,1,D,PD,CS,D
10:56:44,ICBP,RG,8800,10,D,SQ,CS,D
10:56:44,ICBP,RG,8800,1,D,DR,CS,D
10:56:43,ICBP,RG,8800,1,D,DR,CS,D
10:56:43,ICBP,RG,8800,15,D,YP,CS,D
10:56:34,ICBP,RG,8825,1,D,LG,CS,D
10:55:02,ICBP,RG,8825,4,D,YU,CS,D
10:55:02,ICBP,RG,8825,1,D,YU,CS,D
10:54:49,ICBP,RG,8800,1,D,PD,XC,D
10:54:44,ICBP,RG,8800,3,D,PD,CS,D
10:54:44,ICBP,RG,8800,5,D,NI,CS,D
10:54:44,ICBP,RG,8800,2,D,PD,CS,D
10:54:44,ICBP,RG,8800,1,D,YP,CS,D
10:54:44,ICBP,RG,8800,3,D,XC,CS,D
10:54:44,ICBP,RG,8800,5,D,XC,CS,D
10:54:44,ICBP,RG,8800,4,D,XC,CS,D
10:54:42,ICBP,RG,8800,3,D,XC,GR,D
10:54:42,ICBP,RG,8800,1,D,YP,GR,D
10:54:42,ICBP,RG,8800,31,D,KK,GR,D
10:54:38,ICBP,RG,8800,4,D,KK,CS,D
10:54:38,ICBP,RG,8800,4,D,KK,CS,D
10:54:38,ICBP,RG,8800,23,D,XC,CS,D
10:54:31,ICBP,RG,8800,1,D,XC,YP,D
10:54:30,ICBP,RG,8800,1,D,XC,DX,D
10:53:48,ICBP,RG,8825,1,D,OD,CS,D
10:53:46,ICBP,RG,8825,36,D,GR,CS,D
10:53:46,ICBP,RG,8825,9,D,GR,CS,D
10:53:46,ICBP,RG,8825,5,D,GR,CS,D
10:52:07,ICBP,RG,8825,2,D,PD,AK,F
10:51:43,ICBP,RG,8825,1,D,YP,AK,F
10:51:26,ICBP,RG,8825,7,D,PD,AK,F
10:50:55,ICBP,RG,8800,5,D,XC,CC,D
10:49:37,ICBP,RG,8800,12,D,XC,DH,D
10:49:01,ICBP,RG,8825,1,D,DH,AK,F
10:49:00,ICBP,RG,8800,1,D,XC,DX,D
10:48:59,ICBP,RG,8825,5,F,DX,KZ,D
10:48:59,ICBP,RG,8825,16,F,CG,KZ,D
10:48:59,ICBP,RG,8825,25,D,YP,KZ,D
10:48:59,ICBP,RG,8825,3,D,XC,KZ,D
10:48:59,ICBP,RG,8825,5,D,YP,KZ,D
10:48:59,ICBP,RG,8825,1,D,YU,KZ,D
10:48:59,ICBP,RG,8825,1,D,XC,KZ,D
10:48:59,ICBP,RG,8825,1,D,PD,KZ,D
10:48:59,ICBP,RG,8825,2,D,XC,KZ,D
10:48:59,ICBP,RG,8825,2,D,XC,KZ,D
10:48:59,ICBP,RG,8825,15,F,DX,KZ,D
10:48:59,ICBP,RG,8825,5,F,BK,KZ,D
10:48:59,ICBP,RG,8825,3,F,BK,KZ,D
10:48:59,ICBP,RG,8825,30,F,CG,KZ,D
10:48:59,ICBP,RG,8825,21,F,DX,KZ,D
10:48:59,ICBP,RG,8825,200,D,XC,KZ,D
10:48:59,ICBP,RG,8825,3,D,NI,KZ,D
10:48:59,ICBP,RG,8825,1,D,PD,KZ,D
10:48:59,ICBP,RG,8825,5,D,DH,KZ,D
10:48:59,ICBP,RG,8825,7,F,CG,KZ,D
10:48:59,ICBP,RG,8825,15,D,CC,KZ,D
10:48:59,ICBP,RG,8825,5,D,YP,KZ,D
10:48:59,ICBP,RG,8825,6,D,OD,KZ,D
10:48:59,ICBP,RG,8825,1,D,XC,KZ,D
10:48:59,ICBP,RG,8825,1,D,DX,KZ,D
10:48:59,ICBP,RG,8825,1,D,PD,KZ,D
10:48:59,ICBP,RG,8825,5,D,AG,KZ,D
10:48:59,ICBP,RG,8825,31,F,CG,KZ,D
10:48:59,ICBP,RG,8825,1,D,PD,KZ,D
10:48:59,ICBP,RG,8825,208,F,CG,KZ,D
10:48:59,ICBP,RG,8825,25,D,LG,KZ,D
10:48:59,ICBP,RG,8825,5,D,NI,KZ,D
10:48:59,ICBP,RG,8825,1,D,XC,KZ,D
10:48:59,ICBP,RG,8825,15,D,YP,KZ,D
10:48:59,ICBP,RG,8825,1,D,PD,KZ,D
10:48:59,ICBP,RG,8825,1,D,XL,KZ,D
10:48:59,ICBP,RG,8825,2,D,PD,KZ,D
10:48:59,ICBP,RG,8825,3,D,YU,KZ,D
10:48:59,ICBP,RG,8825,305,F,DX,KZ,D
10:48:53,ICBP,RG,8825,5,F,DX,CS,D
10:48:52,ICBP,RG,8825,29,F,DX,CS,D
10:48:37,ICBP,RG,8825,1,F,DX,YP,D
10:48:37,ICBP,RG,8825,39,F,DX,KZ,D
10:48:36,ICBP,RG,8825,15,F,DX,CS,D
10:48:36,ICBP,RG,8825,1,F,DX,CS,D
10:48:16,ICBP,RG,8825,5,F,DX,CS,D
10:48:07,ICBP,RG,8825,58,F,DX,CS,D
10:47:57,ICBP,RG,8850,2,D,OD,BK,F
10:47:53,ICBP,RG,8850,4,D,AG,BK,F
10:47:17,ICBP,RG,8825,42,F,DX,CS,D
10:46:54,ICBP,RG,8850,2,D,CC,BK,F
10:46:10,ICBP,RG,8825,1,F,DX,YP,D
10:46:10,ICBP,RG,8825,37,F,DX,CS,D
10:45:47,ICBP,RG,8825,7,F,DX,CS,D
10:45:41,ICBP,RG,8850,2,D,EP,BK,F
10:45:40,ICBP,RG,8825,9,F,DX,PD,D
10:45:23,ICBP,RG,8825,1,F,DX,KK,D
10:45:13,ICBP,RG,8825,53,F,DX,CS,D
10:45:07,ICBP,RG,8825,76,F,DX,CS,D
10:44:32,ICBP,RG,8825,50,F,DX,KZ,D
10:44:18,ICBP,RG,8825,64,F,DX,CS,D
10:44:07,ICBP,RG,8825,17,F,DX,PD,D
10:43:20,ICBP,RG,8850,6,D,YU,BK,F
10:43:20,ICBP,RG,8825,2,F,DX,XC,D
10:43:15,ICBP,RG,8825,2,F,DX,XC,D
10:43:15,ICBP,RG,8825,3,F,DX,XC,D
10:42:58,ICBP,RG,8825,18,F,DX,PD,D
10:42:56,ICBP,RG,8850,18,D,CC,BK,F
10:42:32,ICBP,RG,8825,47,F,DX,CS,D
10:42:06,ICBP,RG,8825,18,F,DX,PD,D
10:41:55,ICBP,RG,8825,18,F,DX,PD,D
10:41:39,ICBP,RG,8825,8,F,DX,CS,D
10:41:34,ICBP,RG,8825,18,F,DX,PD,D
10:41:22,ICBP,RG,8825,17,F,DX,PD,D
10:41:18,ICBP,RG,8825,47,F,DX,CS,D
10:41:18,ICBP,RG,8825,19,D,YP,CS,D
10:41:07,ICBP,RG,8825,6,D,YP,CS,D
10:41:07,ICBP,RG,8825,10,D,CC,CS,D
10:41:07,ICBP,RG,8825,27,F,CG,CS,D
10:41:07,ICBP,RG,8825,15,F,BK,CS,D
10:41:07,ICBP,RG,8825,34,F,CG,CS,D
10:40:55,ICBP,RG,8850,6,D,CC,BK,F
10:40:35,ICBP,RG,8825,7,F,CG,XC,D
10:40:35,ICBP,RG,8825,4,F,DX,XC,D
10:40:32,ICBP,RG,8850,3,D,PD,BK,F
10:39:30,ICBP,RG,8825,68,F,DX,CS,D
10:38:39,ICBP,RG,8825,7,F,DX,PD,D
10:37:55,ICBP,RG,8825,55,F,DX,CS,D
10:37:19,ICBP,RG,8825,1,F,DX,PD,D
10:36:47,ICBP,RG,8825,4,F,DX,KK,D
10:36:40,ICBP,RG,8850,3,D,YU,BK,F
10:36:34,ICBP,RG,8850,1,D,XC,CS,D
10:36:18,ICBP,RG,8850,2,D,XC,CS,D
10:35:41,ICBP,RG,8825,173,F,DX,CC,D
10:35:41,ICBP,RG,8825,3,F,CG,CC,D
10:34:32,ICBP,RG,8850,5,D,CC,CS,D
10:34:32,ICBP,RG,8850,10,D,CC,DH,D
10:34:28,ICBP,RG,8850,2,D,PD,DH,D
10:34:16,ICBP,RG,8825,5,F,CG,YP,D
10:33:56,ICBP,RG,8825,6,F,CG,YP,D
10:33:56,ICBP,RG,8825,4,F,CG,ZP,D
10:32:17,ICBP,RG,8850,1,D,KK,DH,D
10:31:58,ICBP,RG,8850,9,F,BK,DH,D
10:31:53,ICBP,RG,8825,10,F,CG,YP,D
10:31:28,ICBP,RG,8825,1,F,CG,DX,D
10:30:28,ICBP,RG,8850,2,D,OD,DH,D
10:30:11,ICBP,RG,8850,13,F,BK,DH,D
10:30:07,ICBP,RG,8850,13,F,BK,DH,D
10:30:07,ICBP,RG,8850,10,F,BK,KK,D
10:30:07,ICBP,RG,8850,25,F,BK,AZ,D
10:30:04,ICBP,RG,8850,4,F,DX,XC,D
10:30:04,ICBP,RG,8850,1,F,DX,NI,D
10:30:04,ICBP,RG,8850,1,F,DX,CC,D
10:30:04,ICBP,RG,8850,1,F,DX,PD,D
10:30:04,ICBP,RG,8850,2,F,DX,PD,D
10:30:04,ICBP,RG,8850,1,F,DX,PD,D
10:30:04,ICBP,RG,8850,2,F,DX,CC,D
10:30:04,ICBP,RG,8850,83,F,DX,CS,D
10:30:04,ICBP,RG,8850,9,F,DX,CS,D
10:30:03,ICBP,RG,8850,2,D,PD,CS,D
10:30:03,ICBP,RG,8850,33,F,BK,CS,D
10:30:03,ICBP,RG,8850,58,F,BK,CS,D
10:30:03,ICBP,RG,8850,7,F,BK,CS,D
10:30:03,ICBP,RG,8850,55,F,BK,CS,D
10:30:02,ICBP,RG,8850,3,F,DX,CS,D
10:30:02,ICBP,RG,8850,1,F,DX,PD,D
10:30:02,ICBP,RG,8850,2,F,DX,SS,D
10:30:02,ICBP,RG,8850,1,F,DX,CC,D
10:30:02,ICBP,RG,8850,10,F,DX,NI,D
10:30:02,ICBP,RG,8850,20,F,DX,YP,D
10:30:02,ICBP,RG,8850,3,F,DX,PD,D
10:30:02,ICBP,RG,8850,20,F,DX,GR,D
10:30:02,ICBP,RG,8850,1,F,DX,CC,D
10:30:02,ICBP,RG,8850,3,F,DX,PD,D
10:30:02,ICBP,RG,8850,30,F,DX,PD,D
10:30:02,ICBP,RG,8850,1,F,DX,NI,D
10:30:02,ICBP,RG,8850,19,F,DX,YP,D
10:30:01,ICBP,RG,8850,1,F,DX,YP,D
10:30:01,ICBP,RG,8850,5,F,DX,PD,D
10:30:01,ICBP,RG,8850,10,F,DX,PD,D
10:30:01,ICBP,RG,8850,1,F,DX,SQ,D
10:30:01,ICBP,RG,8850,44,F,DX,KI,D
10:30:01,ICBP,RG,8850,5,F,DX,DH,D
10:30:01,ICBP,RG,8850,5,F,DX,DH,D
10:30:01,ICBP,RG,8850,5,F,DX,PD,D
10:30:01,ICBP,RG,8850,5,F,DX,PD,D
10:30:01,ICBP,RG,8850,4,F,DX,PD,D
10:30:01,ICBP,RG,8850,2,F,DX,YP,D
10:30:01,ICBP,RG,8850,2,F,DX,YP,D
10:30:01,ICBP,RG,8850,1,F,DX,GR,D
10:30:01,ICBP,RG,8850,85,F,DX,XA,F
10:30:00,ICBP,RG,8850,600,D,CC,XA,F
10:29:51,ICBP,RG,8850,2,D,XC,XA,F
10:29:44,ICBP,RG,8850,13,F,BK,XA,F
10:29:40,ICBP,RG,8850,6,D,PD,XA,F
10:29:38,ICBP,RG,8850,5,D,PD,XA,F
10:29:18,ICBP,RG,8850,2,D,XC,XA,F
10:28:42,ICBP,RG,8850,5,D,PD,XA,F
10:28:39,ICBP,RG,8850,9,F,BK,XA,F
10:28:35,ICBP,RG,8850,26,F,BK,XA,F
10:28:34,ICBP,RG,8850,76,F,DX,XA,F
10:28:32,ICBP,RG,8850,65,F,BK,XA,F
10:28:32,ICBP,RG,8850,99,F,DX,XA,F
10:28:31,ICBP,RG,8850,107,F,DX,XA,F
10:28:31,ICBP,RG,8850,1,F,DX,YP,D
10:28:31,ICBP,RG,8850,2,F,DX,NI,D
10:28:31,ICBP,RG,8850,1,F,DX,PD,D
10:28:31,ICBP,RG,8850,1,F,DX,OD,D
10:28:31,ICBP,RG,8850,15,F,DX,PD,D
10:28:31,ICBP,RG,8850,2,F,DX,CC,D
10:28:31,ICBP,RG,8850,1,F,DX,YP,D
10:28:31,ICBP,RG,8850,21,F,DX,NI,D
10:28:29,ICBP,RG,8850,29,F,BK,NI,D
10:28:29,ICBP,RG,8850,20,F,BK,YU,D
10:28:29,ICBP,RG,8850,35,F,BK,BS,D
10:28:29,ICBP,RG,8850,2,F,BK,XC,D
10:28:29,ICBP,RG,8850,20,F,BK,SQ,D
10:28:29,ICBP,RG,8850,1,F,BK,NI,D
10:28:25,ICBP,RG,8825,8,F,DX,CS,D
10:28:25,ICBP,RG,8825,20,F,DX,CS,D
10:28:25,ICBP,RG,8825,2,F,DX,CC,F
10:28:25,ICBP,RG,8825,2,F,DX,CS,D
10:28:25,ICBP,RG,8825,9,F,DX,CS,D
10:28:25,ICBP,RG,8825,9,F,DX,CS,D
10:28:25,ICBP,RG,8825,20,F,DX,CS,D
10:28:24,ICBP,RG,8825,1,F,CG,PD,D
10:28:24,ICBP,RG,8825,14,F,CG,CS,D
10:28:24,ICBP,RG,8825,13,F,CG,CS,D
10:28:24,ICBP,RG,8825,24,F,CG,CS,D
10:28:24,ICBP,RG,8825,36,F,CG,CS,D
10:28:24,ICBP,RG,8825,4,F,CG,CS,D
10:28:24,ICBP,RG,8825,12,F,CG,CS,D
10:28:24,ICBP,RG,8825,24,F,CG,CS,D
10:28:24,ICBP,RG,8825,23,F,CG,CS,D
10:28:24,ICBP,RG,8825,23,F,CG,CS,D
10:28:24,ICBP,RG,8825,3,F,CG,CS,D
10:28:24,ICBP,RG,8825,8,F,CG,CS,D
10:28:24,ICBP,RG,8825,16,F,CG,CS,D
10:28:24,ICBP,RG,8825,13,F,CG,CS,D
10:28:24,ICBP,RG,8825,19,F,CG,CS,D
10:28:24,ICBP,RG,8825,38,F,CG,KZ,D
10:28:24,ICBP,RG,8825,2,F,CG,PD,D
10:28:24,ICBP,RG,8825,34,F,CG,CS,D
10:28:24,ICBP,RG,8825,29,F,CG,CS,D
10:28:24,ICBP,RG,8825,4,F,CG,CS,D
10:28:24,ICBP,RG,8825,16,F,CG,CS,D
10:28:24,ICBP,RG,8825,18,F,CG,CS,D
10:28:24,ICBP,RG,8825,51,F,CG,BK,F
10:28:24,ICBP,RG,8825,90,F,BK,BK,F
10:28:21,ICBP,RG,8825,29,F,DX,BK,F
10:28:20,ICBP,RG,8825,83,F,DX,BK,F
10:28:19,ICBP,RG,8825,27,F,DX,BK,F
10:28:19,ICBP,RG,8825,67,F,DX,BK,F
10:28:19,ICBP,RG,8825,4,F,DX,CS,D
10:28:19,ICBP,RG,8825,10,F,DX,CS,D
10:28:19,ICBP,RG,8825,12,F,DX,CS,D
10:28:18,ICBP,RG,8825,23,F,BK,CS,D
10:28:18,ICBP,RG,8825,15,F,BK,CS,D
10:28:18,ICBP,RG,8825,24,F,BK,CS,D
10:28:18,ICBP,RG,8825,26,F,BK,CS,D
10:28:18,ICBP,RG,8825,2,F,BK,CS,D
10:28:18,ICBP,RG,8825,1,F,BK,AT,D
10:28:18,ICBP,RG,8825,1,F,DX,AT,D
10:28:18,ICBP,RG,8825,2,F,DX,CC,F
10:28:18,ICBP,RG,8825,30,F,DX,SQ,D
10:28:18,ICBP,RG,8825,5,F,DX,CS,D
10:28:18,ICBP,RG,8825,35,F,DX,CS,D
10:28:18,ICBP,RG,8825,2,F,DX,CS,D
10:28:18,ICBP,RG,8825,95,F,DX,KZ,D
10:28:17,ICBP,RG,8800,57,D,XC,TP,D
10:28:17,ICBP,RG,8800,1,D,CC,TP,D
10:28:17,ICBP,RG,8800,1,D,XC,TP,D
10:28:17,ICBP,RG,8800,10,D,NI,TP,D
10:28:17,ICBP,RG,8800,75,D,LG,TP,D
10:28:17,ICBP,RG,8800,5,D,XC,TP,D
10:28:17,ICBP,RG,8800,20,D,PD,TP,D
10:28:17,ICBP,RG,8800,2,D,YP,TP,D
10:28:17,ICBP,RG,8800,5,D,YP,TP,D
10:28:17,ICBP,RG,8800,10,D,YP,TP,D
10:28:17,ICBP,RG,8800,56,D,YP,TP,D
10:28:17,ICBP,RG,8800,10,D,YP,TP,D
10:28:17,ICBP,RG,8800,1,D,CP,TP,D
10:28:17,ICBP,RG,8800,5,D,PD,TP,D
10:28:17,ICBP,RG,8800,1,D,PD,TP,D
10:28:17,ICBP,RG,8800,1,D,PD,TP,D
10:28:17,ICBP,RG,8800,9,D,PD,TP,D
10:28:17,ICBP,RG,8800,1,D,XC,TP,D
10:28:17,ICBP,RG,8800,1,D,CC,TP,D
10:28:17,ICBP,RG,8800,1,D,PD,TP,D
10:28:17,ICBP,RG,8800,2,D,PD,TP,D
10:28:17,ICBP,RG,8800,1,D,KK,TP,D
10:28:17,ICBP,RG,8800,1,D,YP,TP,D
10:28:17,ICBP,RG,8800,1,D,XC,TP,D
10:28:17,ICBP,RG,8800,2,D,PD,TP,D
10:28:17,ICBP,RG,8800,2,D,DR,TP,D
10:28:17,ICBP,RG,8800,2,D,PD,TP,D
10:28:17,ICBP,RG,8800,1,D,NI,TP,D
10:28:17,ICBP,RG,8800,8,D,CC,TP,D
10:28:17,ICBP,RG,8800,1,D,AT,TP,D
10:28:17,ICBP,RG,8800,1,D,XC,TP,D
10:28:17,ICBP,RG,8800,10,D,XC,TP,D
10:28:17,ICBP,RG,8800,1,D,YP,TP,D
10:28:17,ICBP,RG,8800,10,D,CC,TP,D
10:28:17,ICBP,RG,8800,1,D,XC,TP,D
10:28:17,ICBP,RG,8800,5,D,CC,TP,D
10:28:17,ICBP,RG,8800,1,D,XC,TP,D
10:28:17,ICBP,RG,8800,3,D,DH,TP,D
10:28:17,ICBP,RG,8800,50,D,OD,TP,D
10:28:17,ICBP,RG,8800,2,D,CC,TP,D
10:28:17,ICBP,RG,8800,1,D,XC,TP,D
10:28:17,ICBP,RG,8800,1,D,XC,TP,D
10:28:17,ICBP,RG,8800,3,D,CC,TP,D
10:28:17,ICBP,RG,8800,1,D,YP,TP,D
10:28:17,ICBP,RG,8800,2,D,SQ,TP,D
10:28:17,ICBP,RG,8800,1,D,XC,TP,D
10:28:17,ICBP,RG,8800,1,D,YP,TP,D
10:28:17,ICBP,RG,8800,100,D,DH,TP,D
10:28:17,ICBP,RG,8800,10,D,PD,TP,D
10:28:17,ICBP,RG,8800,1,D,XC,TP,D
10:28:17,ICBP,RG,8800,2,D,KK,TP,D
10:28:06,ICBP,RG,8825,2,D,NI,KZ,D
10:28:03,ICBP,RG,8825,8,F,BK,KZ,D
10:28:00,ICBP,RG,8825,24,F,DX,KZ,D
10:27:58,ICBP,RG,8825,46,F,DX,KZ,D
10:27:58,ICBP,RG,8825,3,F,DX,CS,D
10:27:58,ICBP,RG,8825,2,F,BK,XC,D
10:27:58,ICBP,RG,8825,10,F,BK,KZ,D
10:27:55,ICBP,RG,8825,38,D,GR,KZ,D
10:27:52,ICBP,RG,8825,3,D,OD,KZ,D
10:27:36,ICBP,RG,8825,9,F,BK,KZ,D
10:27:35,ICBP,RG,8825,10,D,AZ,KZ,D
10:27:34,ICBP,RG,8825,16,F,BK,KZ,D
10:27:32,ICBP,RG,8825,49,F,DX,KZ,D
10:27:31,ICBP,RG,8825,21,F,BK,KZ,D
10:27:29,ICBP,RG,8825,23,F,DX,KZ,D
10:27:28,ICBP,RG,8825,1,F,BK,KZ,D
10:27:28,ICBP,RG,8825,30,F,BK,KZ,D
10:27:28,ICBP,RG,8825,12,F,BK,CC,D
10:27:28,ICBP,RG,8825,19,F,DX,CC,D
10:27:28,ICBP,RG,8825,1,F,DX,YP,D
10:27:28,ICBP,RG,8825,1,F,DX,AT,D
10:27:28,ICBP,RG,8825,30,F,DX,KZ,D
10:27:27,ICBP,RG,8825,25,F,DX,KZ,D
10:27:27,ICBP,RG,8825,45,F,DX,KZ,D
10:27:27,ICBP,RG,8825,2,F,DX,CC,D
10:27:27,ICBP,RG,8825,3,F,DX,PD,D
10:27:27,ICBP,RG,8825,19,F,DX,CS,D
10:27:27,ICBP,RG,8825,2,F,DX,KZ,D
10:27:26,ICBP,RG,8800,8,D,KK,KZ,D
10:27:26,ICBP,RG,8800,8,D,KK,KZ,D
10:27:26,ICBP,RG,8800,1,D,YP,KZ,D
10:27:26,ICBP,RG,8800,3,F,BK,KZ,D
10:27:26,ICBP,RG,8800,1,D,PD,KZ,D
10:27:26,ICBP,RG,8800,1,D,PD,KZ,D
10:27:26,ICBP,RG,8800,4,D,PD,KZ,D
10:27:26,ICBP,RG,8800,1,D,YP,KZ,D
10:27:26,ICBP,RG,8800,1,D,KK,KZ,D
10:27:26,ICBP,RG,8800,5,D,XC,KZ,D
10:27:26,ICBP,RG,8800,1,D,SQ,KZ,D
10:27:26,ICBP,RG,8800,5,D,KK,KZ,D
10:27:26,ICBP,RG,8800,1,D,XC,KZ,D
10:27:26,ICBP,RG,8800,2,D,CC,KZ,D
10:27:26,ICBP,RG,8800,1,D,PD,KZ,D
10:27:26,ICBP,RG,8800,50,D,GR,KZ,D
10:27:26,ICBP,RG,8800,1,D,XC,KZ,D
10:27:26,ICBP,RG,8800,10,D,DH,KZ,D
10:27:26,ICBP,RG,8800,2,D,SQ,KZ,D
10:27:26,ICBP,RG,8800,1,D,PD,KZ,D
10:27:26,ICBP,RG,8800,3,D,CC,KZ,D
10:27:26,ICBP,RG,8800,5,D,PD,KZ,D
10:27:26,ICBP,RG,8800,1,D,XC,KZ,D
10:27:26,ICBP,RG,8800,20,D,PD,KZ,D
10:27:26,ICBP,RG,8800,3,D,AZ,KZ,D
10:27:26,ICBP,RG,8800,8,D,PD,KZ,D
10:27:26,ICBP,RG,8800,17,D,OD,KZ,D
10:27:26,ICBP,RG,8800,2,D,YP,KZ,D
10:27:26,ICBP,RG,8800,1,D,YP,KZ,D
10:27:26,ICBP,RG,8800,1,D,YP,KZ,D
10:27:26,ICBP,RG,8800,5,D,YP,KZ,D
10:27:26,ICBP,RG,8800,3,D,CC,KZ,D
10:27:20,ICBP,RG,8825,3,D,YP,KZ,D
10:26:50,ICBP,RG,8825,2,D,PD,KZ,D
10:26:44,ICBP,RG,8825,2,D,NI,KZ,D
10:26:33,ICBP,RG,8825,10,D,AZ,KZ,D
10:26:23,ICBP,RG,8825,15,F,BK,KZ,D
10:26:18,ICBP,RG,8825,13,F,BK,KZ,D
10:26:16,ICBP,RG,8825,45,F,DX,KZ,D
10:26:15,ICBP,RG,8825,40,D,PD,KZ,D
10:25:59,ICBP,RG,8825,1,D,XC,KZ,D
10:25:32,ICBP,RG,8825,13,F,BK,KZ,D
10:25:27,ICBP,RG,8825,20,F,DX,KZ,D
10:25:27,ICBP,RG,8825,1,D,EP,KZ,D
10:25:27,ICBP,RG,8825,8,F,BK,KZ,D
10:25:27,ICBP,RG,8825,1,F,BK,CS,D
10:25:27,ICBP,RG,8825,16,F,DX,CS,D
10:25:27,ICBP,RG,8825,6,F,DX,CS,D
10:25:27,ICBP,RG,8825,4,F,DX,CS,D
10:25:27,ICBP,RG,8825,1,F,DX,EP,D
10:25:27,ICBP,RG,8825,18,F,DX,CC,D
10:25:26,ICBP,RG,8800,2,D,CC,YP,D
10:25:25,ICBP,RG,8825,35,D,GR,CC,D
10:25:25,ICBP,RG,8825,1,D,XC,CC,D
10:25:25,ICBP,RG,8825,6,F,BK,CC,D
10:25:25,ICBP,RG,8825,3,F,BK,CS,D
10:25:21,ICBP,RG,8825,9,F,BK,CS,D
10:25:21,ICBP,RG,8825,4,F,BK,CS,D
10:25:21,ICBP,RG,8825,4,F,BK,BK,F
10:25:20,ICBP,RG,8825,19,F,DX,BK,F
10:25:20,ICBP,RG,8825,45,F,DX,BK,F
10:25:18,ICBP,RG,8800,5,D,CC,CS,D
10:25:18,ICBP,RG,8800,1,D,CC,CS,D
10:25:18,ICBP,RG,8800,2,D,CC,CS,D
10:25:18,ICBP,RG,8800,2,D,CC,CS,D
10:25:18,ICBP,RG,8800,2,D,YP,CS,D
10:25:18,ICBP,RG,8800,5,D,CC,CS,D
10:25:18,ICBP,RG,8800,1,D,YP,CS,D
10:25:18,ICBP,RG,8800,2,D,YP,CS,D
10:25:18,ICBP,RG,8800,4,D,SQ,CS,D
10:25:18,ICBP,RG,8800,1,D,SQ,CS,D
10:25:18,ICBP,RG,8800,2,D,YP,CS,D
10:25:18,ICBP,RG,8800,7,D,CC,CS,D
10:25:18,ICBP,RG,8800,3,D,CC,CS,D
10:25:18,ICBP,RG,8800,4,D,CC,CS,D
10:25:18,ICBP,RG,8800,1,D,CC,CS,D
10:25:18,ICBP,RG,8800,2,D,CC,CS,D
10:25:18,ICBP,RG,8800,3,D,CC,CS,D
10:25:18,ICBP,RG,8800,2,D,CC,CS,D
10:25:18,ICBP,RG,8800,1,D,XC,CS,D
10:25:18,ICBP,RG,8800,2,D,PD,CS,D
10:25:18,ICBP,RG,8800,16,D,PD,CS,D
10:25:11,ICBP,RG,8825,1,D,CC,BK,F
10:25:09,ICBP,RG,8825,11,F,BK,BK,F
10:25:07,ICBP,RG,8825,12,F,BK,BK,F
10:25:04,ICBP,RG,8825,43,F,DX,BK,F
10:25:04,ICBP,RG,8800,1,D,PD,CS,D
10:25:04,ICBP,RG,8800,1,D,PD,CS,D
10:25:03,ICBP,RG,8800,2,D,PD,CS,D
10:25:03,ICBP,RG,8800,15,D,PD,CS,D
10:25:03,ICBP,RG,8800,15,D,PD,CS,D
10:25:03,ICBP,RG,8800,7,D,PD,CS,D
10:25:03,ICBP,RG,8800,1,D,PD,CS,D
10:25:03,ICBP,RG,8800,2,D,PD,CS,D
10:25:03,ICBP,RG,8800,18,D,PD,CS,D
10:24:33,ICBP,RG,8825,10,F,BK,BK,F
10:24:31,ICBP,RG,8825,4,D,PD,BK,F
10:24:31,ICBP,RG,8825,2,D,XC,BK,F
10:24:30,ICBP,RG,8825,18,F,DX,BK,F
10:24:29,ICBP,RG,8825,13,F,BK,BK,F
10:24:26,ICBP,RG,8825,32,F,DX,BK,F
10:24:26,ICBP,RG,8825,1,F,DX,CS,D
10:24:26,ICBP,RG,8825,1,F,DX,CS,D
10:24:26,ICBP,RG,8825,1,F,DX,KZ,D
10:24:25,ICBP,RG,8825,25,D,LG,KZ,D
10:24:19,ICBP,RG,8825,1,D,CC,KZ,D
10:24:15,ICBP,RG,8825,1,D,PD,KZ,D
10:24:13,ICBP,RG,8800,5,D,PD,CC,D
10:23:53,ICBP,RG,8825,2,D,CC,KZ,D
10:23:50,ICBP,RG,8825,8,F,BK,KZ,D
10:23:46,ICBP,RG,8825,41,F,DX,KZ,D
10:23:44,ICBP,RG,8800,2,D,PD,CS,D
10:23:44,ICBP,RG,8800,4,D,PD,CS,D
10:23:44,ICBP,RG,8800,2,D,PD,CS,D
10:23:44,ICBP,RG,8800,12,D,PD,CS,D
10:23:44,ICBP,RG,8800,2,D,PD,CS,D
10:23:44,ICBP,RG,8800,17,D,PD,CS,D
10:23:44,ICBP,RG,8800,9,D,PD,CS,D
10:23:44,ICBP,RG,8800,8,D,PD,CS,D
10:23:44,ICBP,RG,8800,16,D,PD,CS,D
10:23:44,ICBP,RG,8800,27,D,PD,CS,D
10:23:23,ICBP,RG,8800,25,D,PD,PD,D
10:23:17,ICBP,RG,8800,8,D,PD,YP,D
10:22:29,ICBP,RG,8800,10,D,PD,NI,D
10:22:29,ICBP,RG,8800,1,D,PD,EP,D
10:22:14,ICBP,RG,8800,8,D,PD,CS,D
10:22:14,ICBP,RG,8800,16,D,PD,CS,D
10:22:14,ICBP,RG,8800,3,D,PD,CS,D
10:22:14,ICBP,RG,8800,7,D,PD,CS,D
10:22:14,ICBP,RG,8800,5,D,PD,CS,D
10:22:14,ICBP,RG,8800,3,D,PD,CS,D
10:22:14,ICBP,RG,8800,12,D,PD,CS,D
10:22:14,ICBP,RG,8800,7,D,PD,CS,D
10:22:14,ICBP,RG,8800,15,D,PD,CS,D
10:22:14,ICBP,RG,8800,7,D,PD,CS,D
10:22:14,ICBP,RG,8800,9,D,PD,CS,D
10:22:14,ICBP,RG,8800,22,D,PD,CS,D
10:22:14,ICBP,RG,8800,7,D,PD,CS,D
10:21:44,ICBP,RG,8800,4,D,PD,SQ,D
10:21:33,ICBP,RG,8800,1,D,PD,CS,D
10:21:33,ICBP,RG,8800,1,D,PD,CS,D
10:21:33,ICBP,RG,8800,1,D,PD,CS,D
10:21:33,ICBP,RG,8800,4,D,PD,CS,D
10:21:33,ICBP,RG,8800,1,D,PD,CS,D
10:21:33,ICBP,RG,8800,4,D,PD,CS,D
10:21:32,ICBP,RG,8800,1,D,PD,CS,D
10:21:01,ICBP,RG,8800,35,D,PD,GR,D
10:20:52,ICBP,RG,8825,25,D,YP,KZ,D
10:20:47,ICBP,RG,8825,12,D,XC,KZ,D
10:20:41,ICBP,RG,8825,2,D,SQ,KZ,D
10:20:03,ICBP,RG,8825,1,D,YU,KZ,D
10:20:03,ICBP,RG,8825,1,D,YU,KZ,D
10:19:56,ICBP,RG,8825,1,D,CC,KZ,D
10:19:51,ICBP,RG,8800,3,D,PD,PD,D
10:19:39,ICBP,RG,8825,3,D,NI,KZ,D
10:19:21,ICBP,RG,8800,1,D,PD,XC,D
10:18:36,ICBP,RG,8800,9,D,PD,XC,D
10:17:59,ICBP,RG,8800,1,D,PD,XC,D
10:16:30,ICBP,RG,8800,1,D,PD,PD,D
10:15:45,ICBP,RG,8800,2,D,PD,TP,D
10:15:42,ICBP,RG,8825,25,D,NI,KZ,D
10:15:19,ICBP,RG,8800,2,D,PD,XC,D
10:14:35,ICBP,RG,8825,10,D,AZ,KZ,D
10:14:33,ICBP,RG,8825,1,D,YP,KZ,D
10:13:38,ICBP,RG,8800,1,D,PD,CC,D
10:13:24,ICBP,RG,8800,4,D,PD,PD,D
10:13:21,ICBP,RG,8800,2,D,PD,CC,D
10:12:55,ICBP,RG,8800,12,D,PD,NI,D
10:12:48,ICBP,RG,8825,4,D,XC,KZ,D
10:12:30,ICBP,RG,8825,20,D,CC,KZ,D
10:12:18,ICBP,RG,8825,3,D,YP,KZ,D
10:12:16,ICBP,RG,8825,1,D,EP,KZ,D
10:11:30,ICBP,RG,8825,8,F,DX,BK,F
10:11:30,ICBP,RG,8825,2,D,PD,BK,F
10:11:30,ICBP,RG,8825,1,D,YP,BK,F
10:11:30,ICBP,RG,8825,7,D,EP,BK,F
10:11:30,ICBP,RG,8825,3,D,PD,BK,F
10:11:30,ICBP,RG,8825,1,D,CC,BK,F
10:11:30,ICBP,RG,8825,5,D,PD,BK,F
10:11:30,ICBP,RG,8825,15,D,YP,BK,F
10:11:30,ICBP,RG,8825,1,D,YP,BK,F
10:11:30,ICBP,RG,8825,10,D,YP,BK,F
10:11:30,ICBP,RG,8825,6,D,XC,BK,F
10:11:30,ICBP,RG,8825,5,D,DH,BK,F
10:11:30,ICBP,RG,8825,7,F,CG,BK,F
10:11:30,ICBP,RG,8825,22,F,DX,BK,F
10:11:30,ICBP,RG,8825,130,F,CG,BK,F
10:11:30,ICBP,RG,8825,2,D,EP,BK,F
10:11:30,ICBP,RG,8825,3,D,OD,BK,F
10:11:30,ICBP,RG,8825,6,D,PD,BK,F
10:11:30,ICBP,RG,8825,5,D,ZP,BK,F
10:11:30,ICBP,RG,8825,2,D,PD,BK,F
10:11:30,ICBP,RG,8825,1,D,OD,BK,F
10:11:30,ICBP,RG,8825,5,D,CC,BK,F
10:11:30,ICBP,RG,8825,2,D,NI,BK,F
10:11:30,ICBP,RG,8825,2,D,CC,BK,F
10:11:30,ICBP,RG,8825,1,D,PD,BK,F
10:11:30,ICBP,RG,8825,4,D,PD,BK,F
10:11:30,ICBP,RG,8825,1,D,YP,BK,F
10:11:30,ICBP,RG,8825,1,D,YP,BK,F
10:11:30,ICBP,RG,8825,1,D,XC,BK,F
10:11:30,ICBP,RG,8825,1,D,XC,BK,F
10:11:30,ICBP,RG,8825,1,D,XC,BK,F
10:11:30,ICBP,RG,8825,2,D,EP,BK,F
10:11:30,ICBP,RG,8825,186,F,DX,BK,F
10:11:30,ICBP,RG,8825,1,D,KK,BK,F
10:11:30,ICBP,RG,8825,4,D,PD,BK,F
10:11:30,ICBP,RG,8825,44,F,DX,BK,F
10:11:30,ICBP,RG,8825,1,D,PD,BK,F
10:11:30,ICBP,RG,8825,6,D,GR,BK,F
10:11:27,ICBP,RG,8825,1,D,GR,ZP,F
10:11:27,ICBP,RG,8825,10,D,GR,ZP,F
10:11:27,ICBP,RG,8825,4,D,CC,ZP,F
10:11:27,ICBP,RG,8825,1,D,CC,KZ,D
10:11:27,ICBP,RG,8825,3,D,PD,KZ,D
10:11:27,ICBP,RG,8825,29,F,DX,KZ,D
10:11:26,ICBP,RG,8825,5,F,DX,ZP,F
10:11:26,ICBP,RG,8825,174,F,DX,KZ,D
10:11:26,ICBP,RG,8825,38,F,DX,KZ,D
10:11:25,ICBP,RG,8825,5,F,DX,ZP,F
10:11:24,ICBP,RG,8825,10,F,DX,YB,D
10:11:24,ICBP,RG,8850,8,F,DX,CS,D
10:11:24,ICBP,RG,8850,1,F,DX,CS,D
10:11:24,ICBP,RG,8850,8,F,DX,CS,D
10:11:24,ICBP,RG,8850,5,F,DX,CS,D
10:11:24,ICBP,RG,8825,17,F,DX,ZP,F
10:11:23,ICBP,RG,8825,21,F,DX,ZP,F
10:11:22,ICBP,RG,8850,13,F,DX,CS,D
10:11:22,ICBP,RG,8850,16,F,DX,CS,D
10:11:22,ICBP,RG,8850,1,F,DX,CS,D
10:11:22,ICBP,RG,8825,6,F,DX,KZ,D
10:11:22,ICBP,RG,8825,32,F,DX,KZ,D
10:11:22,ICBP,RG,8825,21,F,DX,CS,D
10:11:22,ICBP,RG,8825,1,D,XC,CS,D
10:11:22,ICBP,RG,8825,9,D,DP,CS,D
10:11:22,ICBP,RG,8825,1,D,DP,ZP,F
10:11:22,ICBP,RG,8825,17,D,DP,CS,D
10:11:21,ICBP,RG,8825,148,D,DP,KZ,D
10:11:15,ICBP,RG,8825,4,D,DP,ZP,F
10:11:14,ICBP,RG,8825,4,D,DP,ZP,F
10:11:13,ICBP,RG,8850,8,F,DX,CS,D
10:11:13,ICBP,RG,8850,1,F,DX,XC,D
10:11:13,ICBP,RG,8850,5,F,DX,YP,D
10:11:13,ICBP,RG,8850,4,F,DX,CS,D
10:11:12,ICBP,RG,8825,12,D,DP,CC,D
10:11:02,ICBP,RG,8825,26,D,DP,KZ,D
10:10:41,ICBP,RG,8850,1,D,CC,CS,D
10:09:55,ICBP,RG,8850,1,D,XL,CS,D
10:09:55,ICBP,RG,8850,1,D,XL,CS,D
10:09:53,ICBP,RG,8850,3,F,DX,CS,D
10:09:53,ICBP,RG,8850,1,F,DX,CS,D
10:09:53,ICBP,RG,8850,7,F,DX,CS,D
10:09:53,ICBP,RG,8850,5,F,DX,CS,D
10:09:52,ICBP,RG,8825,11,D,DP,CS,D
10:09:51,ICBP,RG,8825,2,D,DP,DR,D
10:09:27,ICBP,RG,8825,2,D,DP,NI,D
10:08:49,ICBP,RG,8825,10,D,DP,DR,D
10:08:18,ICBP,RG,8825,2,D,DP,XC,D
10:07:55,ICBP,RG,8825,1,D,DP,XC,D
10:07:54,ICBP,RG,8850,1,F,DX,CS,D
10:07:54,ICBP,RG,8850,3,F,DX,CS,D
10:07:54,ICBP,RG,8850,3,F,DX,PD,D
10:07:54,ICBP,RG,8850,10,F,DX,YP,D
10:07:53,ICBP,RG,8825,26,D,DP,CS,D
10:07:47,ICBP,RG,8825,6,D,DP,SQ,D
10:07:32,ICBP,RG,8825,2,D,DP,CS,D
10:07:32,ICBP,RG,8825,1,D,DP,CS,D
10:07:32,ICBP,RG,8825,1,D,DP,CS,D
10:07:31,ICBP,RG,8825,1,D,DP,CS,D
10:07:14,ICBP,RG,8850,1,D,XC,CS,D
10:07:01,ICBP,RG,8850,3,F,DX,CS,D
10:07:01,ICBP,RG,8850,1,F,DX,DH,D
10:07:01,ICBP,RG,8850,10,F,DX,BK,F
10:07:00,ICBP,RG,8850,22,F,DX,BK,F
10:07:00,ICBP,RG,8825,40,D,DP,CS,D
10:07:00,ICBP,RG,8825,16,D,DP,CS,D
10:06:12,ICBP,RG,8825,1,D,DP,SS,D
10:06:05,ICBP,RG,8850,17,F,DX,BK,F
10:06:05,ICBP,RG,8825,37,D,DP,CS,D
10:05:31,ICBP,RG,8850,16,F,DX,BK,F
10:05:31,ICBP,RG,8825,40,D,DP,CS,D
10:05:30,ICBP,RG,8850,13,F,DX,BK,F
10:05:30,ICBP,RG,8825,20,D,DP,SQ,D
10:05:13,ICBP,RG,8825,1,D,DP,CS,D
10:05:13,ICBP,RG,8825,1,D,DP,CS,D
10:05:13,ICBP,RG,8825,2,D,DP,CS,D
10:05:13,ICBP,RG,8825,5,D,DP,CS,D
10:04:58,ICBP,RG,8850,11,F,DX,BK,F
10:04:57,ICBP,RG,8825,1,D,DP,CS,D
10:04:57,ICBP,RG,8825,2,D,DP,CS,D
10:04:22,ICBP,RG,8825,7,D,DP,DR,D
10:04:12,ICBP,RG,8850,1,D,PD,BK,F
10:03:12,ICBP,RG,8850,15,F,DX,BK,F
10:03:11,ICBP,RG,8825,33,D,DP,CS,D
10:03:10,ICBP,RG,8850,13,F,DX,BK,F
10:03:09,ICBP,RG,8825,17,D,DP,CS,D
10:03:09,ICBP,RG,8825,6,D,DP,CS,D
10:02:44,ICBP,RG,8825,3,D,DP,CS,D
10:02:29,ICBP,RG,8850,12,F,DX,BK,F
10:02:28,ICBP,RG,8850,18,F,DX,BK,F
10:02:27,ICBP,RG,8825,61,D,DP,CS,D
10:01:49,ICBP,RG,8825,2,D,DP,PD,D
10:01:30,ICBP,RG,8850,10,F,DX,BK,F
10:01:25,ICBP,RG,8850,16,F,DX,BK,F
10:01:19,ICBP,RG,8825,45,D,DP,CS,D
10:01:05,ICBP,RG,8850,2,D,PD,BK,F
10:00:44,ICBP,RG,8850,3,D,PD,BK,F
10:00:31,ICBP,RG,8825,6,D,DP,KK,D
10:00:20,ICBP,RG,8850,8,F,DX,BK,F
10:00:19,ICBP,RG,8850,2,D,XC,BK,F
10:00:18,ICBP,RG,8850,5,D,YP,BK,F
10:00:07,ICBP,RG,8850,2,D,SQ,BK,F
9:59:43,ICBP,RG,8850,10,F,DX,BK,F
9:59:41,ICBP,RG,8825,50,D,DP,PD,D
9:59:32,ICBP,RG,8825,5,D,DP,PD,D
9:59:16,ICBP,RG,8825,13,D,DP,CS,D
9:59:16,ICBP,RG,8825,2,D,NI,CS,D
9:59:16,ICBP,RG,8825,6,D,YP,CS,D
9:59:16,ICBP,RG,8825,1,D,XC,CS,D
9:59:16,ICBP,RG,8825,5,D,CC,CS,D
9:59:16,ICBP,RG,8825,9,F,DX,CS,D
9:59:09,ICBP,RG,8825,27,F,DX,CS,D
9:59:08,ICBP,RG,8825,7,F,DX,CS,D
9:59:08,ICBP,RG,8825,5,D,EP,CS,D
9:59:08,ICBP,RG,8825,9,D,EP,CS,D
9:59:08,ICBP,RG,8825,1,D,EP,CS,D
9:59:08,ICBP,RG,8825,1,D,PD,CS,D
9:59:08,ICBP,RG,8825,1,F,DX,CS,D
9:59:08,ICBP,RG,8825,7,F,DX,CS,D
9:59:07,ICBP,RG,8825,16,F,DX,CS,D
9:59:05,ICBP,RG,8825,5,F,DX,CS,D
9:59:05,ICBP,RG,8825,13,F,DX,CS,D
9:59:05,ICBP,RG,8825,4,F,DX,CS,D
9:59:05,ICBP,RG,8825,17,F,DX,CS,D
9:59:05,ICBP,RG,8825,3,F,DX,CS,D
9:59:05,ICBP,RG,8825,10,D,CC,CS,D
9:59:05,ICBP,RG,8825,3,D,OD,CS,D
9:59:02,ICBP,RG,8825,1,D,CC,PD,D
9:58:51,ICBP,RG,8825,1,D,PD,CC,D
9:58:51,ICBP,RG,8825,1,F,DX,CC,D
9:58:43,ICBP,RG,8850,5,F,DX,BK,F
9:58:42,ICBP,RG,8825,1,F,DX,XC,D
9:58:28,ICBP,RG,8825,2,F,DX,YP,D
9:58:17,ICBP,RG,8825,5,F,DX,SQ,D
9:58:03,ICBP,RG,8825,13,F,DX,XC,D
9:56:56,ICBP,RG,8850,2,D,PD,BK,F
9:56:56,ICBP,RG,8850,1,D,YP,BK,F
9:56:54,ICBP,RG,8850,1,D,YP,BK,F
9:56:51,ICBP,RG,8850,19,D,PD,BK,F
9:55:56,ICBP,RG,8850,2,D,XC,BK,F
9:55:30,ICBP,RG,8850,1,D,PD,BK,F
9:55:13,ICBP,RG,8825,7,F,DX,CS,D
9:55:11,ICBP,RG,8825,13,F,DX,CS,D
9:55:11,ICBP,RG,8825,16,F,DX,CS,D
9:55:11,ICBP,RG,8825,3,F,DX,CS,D
9:55:11,ICBP,RG,8825,8,F,DX,CS,D
9:55:10,ICBP,RG,8825,32,F,DX,YP,D
9:54:59,ICBP,RG,8850,5,F,DX,BK,F
9:54:59,ICBP,RG,8850,10,D,PD,BK,F
9:54:30,ICBP,RG,8850,4,F,DX,BK,F
9:54:29,ICBP,RG,8850,6,F,DX,BK,F
9:54:28,ICBP,RG,8850,10,F,DX,BK,F
9:54:27,ICBP,RG,8850,15,F,DX,BK,F
9:54:26,ICBP,RG,8850,21,F,DX,BK,F
9:54:26,ICBP,RG,8825,7,F,DX,CS,D
9:54:25,ICBP,RG,8850,17,F,DX,BK,F
9:54:25,ICBP,RG,8850,10,F,DX,XC,D
9:54:25,ICBP,RG,8850,1,F,DX,AZ,D
9:54:25,ICBP,RG,8850,10,F,DX,KK,D
9:54:24,ICBP,RG,8825,10,D,XC,AK,F
9:54:24,ICBP,RG,8825,195,F,BK,AK,F
9:53:59,ICBP,RG,8825,2,F,BK,PD,D
9:53:54,ICBP,RG,8825,100,F,BK,GR,D
9:53:45,ICBP,RG,8825,2,F,BK,CS,D
9:53:44,ICBP,RG,8825,1,F,BK,CS,D
9:53:44,ICBP,RG,8825,1,F,BK,CS,D
9:53:44,ICBP,RG,8825,2,F,BK,CS,D
9:53:44,ICBP,RG,8825,3,F,BK,CS,D
9:53:44,ICBP,RG,8825,1,F,BK,CS,D
9:53:44,ICBP,RG,8825,3,F,BK,CS,D
9:53:44,ICBP,RG,8825,4,F,BK,CS,D
9:53:43,ICBP,RG,8800,20,D,PD,CS,D
9:53:43,ICBP,RG,8800,8,D,PD,CS,D
9:53:43,ICBP,RG,8800,14,D,PD,CS,D
9:53:43,ICBP,RG,8800,5,D,PD,CS,D
9:53:43,ICBP,RG,8825,13,F,DX,CS,D
9:53:43,ICBP,RG,8825,4,F,DX,CS,D
9:53:43,ICBP,RG,8825,1,F,DX,CS,D
9:53:42,ICBP,RG,8825,1,F,DX,CS,D
9:53:42,ICBP,RG,8825,4,F,DX,CS,D
9:53:42,ICBP,RG,8825,3,F,DX,CS,D
9:53:42,ICBP,RG,8825,4,F,DX,CS,D
9:53:42,ICBP,RG,8825,94,F,DX,AK,F
9:53:42,ICBP,RG,8825,12,F,DX,AK,F
9:53:42,ICBP,RG,8825,104,F,DX,AK,F
9:53:42,ICBP,RG,8825,8,F,DX,CS,D
9:53:42,ICBP,RG,8825,1,F,DX,CS,D
9:53:42,ICBP,RG,8825,2,F,DX,CS,D
9:53:42,ICBP,RG,8825,1,F,DX,CS,D
9:53:42,ICBP,RG,8825,8,F,DX,SQ,D
9:53:42,ICBP,RG,8825,12,D,XC,SQ,D
9:53:42,ICBP,RG,8825,2,D,PD,SQ,D
9:53:42,ICBP,RG,8825,4,D,PD,SQ,D
9:53:42,ICBP,RG,8825,6,F,DX,SQ,D
9:53:42,ICBP,RG,8825,55,F,DX,SQ,D
9:53:42,ICBP,RG,8825,3,D,XC,SQ,D
9:53:42,ICBP,RG,8825,1,D,XC,SQ,D
9:53:42,ICBP,RG,8825,18,D,PD,SQ,D
9:53:42,ICBP,RG,8825,3,D,XC,SQ,D
9:53:42,ICBP,RG,8825,30,D,SQ,SQ,D
9:53:42,ICBP,RG,8825,26,F,DX,SQ,D
9:53:42,ICBP,RG,8825,126,F,BK,SQ,D
9:53:42,ICBP,RG,8825,3,D,XC,SQ,D
9:53:42,ICBP,RG,8825,25,D,YP,SQ,D
9:53:42,ICBP,RG,8825,11,D,DR,SQ,D
9:53:42,ICBP,RG,8825,2,D,OD,SQ,D
9:53:42,ICBP,RG,8825,1,D,DH,SQ,D
9:53:42,ICBP,RG,8825,2,D,PD,SQ,D
9:53:42,ICBP,RG,8825,17,D,YP,SQ,D
9:53:42,ICBP,RG,8825,3,D,EP,SQ,D
9:53:42,ICBP,RG,8825,1,D,YP,SQ,D
9:53:42,ICBP,RG,8825,72,F,DX,SQ,D
9:53:42,ICBP,RG,8825,1,D,NI,SQ,D
9:53:42,ICBP,RG,8825,50,D,EP,SQ,D
9:53:42,ICBP,RG,8825,74,F,DX,SQ,D
9:53:42,ICBP,RG,8825,5,D,PD,SQ,D
9:53:42,ICBP,RG,8825,3,F,BK,SQ,D
9:53:42,ICBP,RG,8825,30,D,CC,SQ,D
9:53:42,ICBP,RG,8825,6,F,DX,SQ,D
9:52:39,ICBP,RG,8825,10,F,DX,GR,D
9:52:28,ICBP,RG,8825,4,F,DX,CS,D
9:52:22,ICBP,RG,8850,2,D,XC,KK,D
9:52:18,ICBP,RG,8825,18,F,DX,PD,D
9:52:05,ICBP,RG,8825,22,F,DX,CS,D
9:52:04,ICBP,RG,8825,40,F,DX,CS,D
9:52:00,ICBP,RG,8825,28,F,DX,CS,D
9:51:44,ICBP,RG,8825,1,F,DX,CC,D
9:51:38,ICBP,RG,8825,1,F,DX,NI,D
9:51:12,ICBP,RG,8825,19,F,DX,CS,D
9:51:12,ICBP,RG,8825,12,F,DX,CS,D
9:51:11,ICBP,RG,8825,139,F,DX,KZ,D
9:51:11,ICBP,RG,8825,29,F,DX,KZ,D
9:51:00,ICBP,RG,8850,1,D,AI,KK,D
9:50:59,ICBP,RG,8825,7,F,DX,PD,D
9:50:59,ICBP,RG,8825,11,F,DX,PD,D
9:50:57,ICBP,RG,8825,28,F,DX,KZ,D
9:50:24,ICBP,RG,8850,10,D,SQ,KK,D
9:49:51,ICBP,RG,8850,2,D,AZ,KK,D
9:49:45,ICBP,RG,8850,1,D,PD,KK,D
9:49:16,ICBP,RG,8825,24,F,DX,CS,D
9:49:16,ICBP,RG,8825,41,F,DX,CS,D
9:49:16,ICBP,RG,8825,5,F,DX,CS,D
9:49:16,ICBP,RG,8825,65,F,DX,CS,D
9:49:15,ICBP,RG,8825,19,F,DX,CS,D
9:49:15,ICBP,RG,8825,11,F,DX,CS,D
9:49:03,ICBP,RG,8825,9,F,DX,CS,D
9:49:03,ICBP,RG,8825,1,D,YP,CS,D
9:49:03,ICBP,RG,8825,4,D,YP,CS,D
9:48:52,ICBP,RG,8850,14,F,DX,KK,D
9:48:52,ICBP,RG,8850,6,F,DX,NI,D
9:48:52,ICBP,RG,8850,1,F,DX,NI,D
9:48:52,ICBP,RG,8850,2,F,DX,XC,D
9:48:52,ICBP,RG,8850,1,F,DX,PD,D
9:48:52,ICBP,RG,8850,6,F,DX,PD,D
9:48:52,ICBP,RG,8850,1,F,DX,XC,D
9:48:52,ICBP,RG,8850,2,F,DX,NI,D
9:48:52,ICBP,RG,8850,2,F,DX,PD,D
9:48:52,ICBP,RG,8850,11,F,DX,XC,D
9:48:50,ICBP,RG,8825,80,D,YP,CC,D
9:48:49,ICBP,RG,8825,1,D,YP,GR,D
9:48:08,ICBP,RG,8825,8,D,YP,KK,D
9:48:01,ICBP,RG,8825,18,D,YP,PD,D
9:47:30,ICBP,RG,8825,3,D,YP,PD,D
9:47:19,ICBP,RG,8850,6,D,PD,XC,D
9:46:55,ICBP,RG,8850,1,D,PD,XC,D
9:46:15,ICBP,RG,8850,7,D,LG,XC,D
9:46:00,ICBP,RG,8850,13,F,DX,XC,D
9:46:00,ICBP,RG,8850,2,F,DX,YP,D
9:46:00,ICBP,RG,8850,3,F,DX,XC,D
9:46:00,ICBP,RG,8850,17,F,DX,CS,D
9:45:58,ICBP,RG,8850,45,F,DX,CS,D
9:45:58,ICBP,RG,8825,1,D,YP,CS,D
9:45:58,ICBP,RG,8825,12,D,YP,CS,D
9:45:58,ICBP,RG,8825,14,D,YP,CS,D
9:45:58,ICBP,RG,8825,2,D,YP,CS,D
9:45:58,ICBP,RG,8825,1,D,YP,CS,D
9:45:58,ICBP,RG,8825,3,D,YP,CS,D
9:45:58,ICBP,RG,8825,352,D,YP,CC,D
9:45:58,ICBP,RG,8825,6,D,CC,CC,D
9:45:58,ICBP,RG,8825,3,D,XC,CC,D
9:45:58,ICBP,RG,8825,4,D,XC,CC,D
9:45:58,ICBP,RG,8825,10,D,IP,CC,D
9:45:58,ICBP,RG,8825,1,D,PD,CC,D
9:45:58,ICBP,RG,8825,1,D,YP,CC,D
9:45:58,ICBP,RG,8825,4,D,XC,CC,D
9:45:58,ICBP,RG,8825,1,D,PD,CC,D
9:45:58,ICBP,RG,8825,1,D,YP,CC,D
9:45:58,ICBP,RG,8825,73,F,DX,CC,D
9:45:58,ICBP,RG,8825,59,F,BK,CC,D
9:45:58,ICBP,RG,8825,29,F,DX,CC,D
9:45:58,ICBP,RG,8825,23,F,DX,CC,D
9:45:58,ICBP,RG,8825,53,F,DX,CC,D
9:45:47,ICBP,RG,8825,18,F,DX,CS,D
9:45:46,ICBP,RG,8825,24,F,DX,CS,D
9:45:46,ICBP,RG,8825,5,F,DX,CS,D
9:45:42,ICBP,RG,8825,4,F,DX,PD,D
9:45:40,ICBP,RG,8825,29,F,DX,CS,D
9:45:19,ICBP,RG,8825,1,F,DX,PD,D
9:44:26,ICBP,RG,8825,1,F,DX,NI,D
9:43:41,ICBP,RG,8825,1,F,DX,PD,D
9:43:33,ICBP,RG,8825,14,F,DX,XC,D
9:43:11,ICBP,RG,8825,2,D,DH,CS,D
9:43:11,ICBP,RG,8825,3,D,YU,CS,D
9:43:11,ICBP,RG,8825,1,D,KK,CS,D
9:43:11,ICBP,RG,8825,11,D,EP,CS,D
9:43:11,ICBP,RG,8825,4,D,EP,CS,D
9:43:11,ICBP,RG,8825,5,D,EP,CS,D
9:43:11,ICBP,RG,8825,1,D,AG,KZ,D
9:43:11,ICBP,RG,8825,5,D,CC,KZ,D
9:43:11,ICBP,RG,8825,1,D,YP,KZ,D
9:43:11,ICBP,RG,8825,1,D,OD,KZ,D
9:43:11,ICBP,RG,8825,83,F,DX,KZ,D
9:43:11,ICBP,RG,8825,96,F,DX,KZ,D
9:43:08,ICBP,RG,8825,20,F,DX,CS,D
9:43:07,ICBP,RG,8825,31,F,DX,KZ,D
9:42:59,ICBP,RG,8850,1,D,YP,CS,D
9:42:50,ICBP,RG,8825,2,F,DX,PD,D
9:42:44,ICBP,RG,8825,18,F,DX,CS,D
9:42:43,ICBP,RG,8825,27,F,DX,CS,D
9:42:37,ICBP,RG,8825,4,F,DX,CS,D
9:42:33,ICBP,RG,8825,2,F,DX,NI,D
9:42:33,ICBP,RG,8825,3,F,BK,NI,D
9:42:33,ICBP,RG,8825,2,D,NI,NI,D
9:42:33,ICBP,RG,8825,1,D,NI,NI,D
9:42:33,ICBP,RG,8825,3,D,CC,NI,D
9:42:33,ICBP,RG,8825,1,D,YP,NI,D
9:42:33,ICBP,RG,8825,5,D,XC,NI,D
9:42:33,ICBP,RG,8825,8,F,DX,NI,D
9:42:29,ICBP,RG,8825,4,F,DX,YU,D
9:42:06,ICBP,RG,8825,41,F,DX,CS,D
9:42:05,ICBP,RG,8850,2,D,AT,CS,D
9:41:58,ICBP,RG,8825,2,F,DX,CS,D
9:41:58,ICBP,RG,8825,10,F,DX,CS,D
9:41:57,ICBP,RG,8825,18,F,DX,PD,D
9:41:53,ICBP,RG,8825,4,F,DX,YP,D
9:41:52,ICBP,RG,8825,17,F,DX,CS,D
9:41:52,ICBP,RG,8825,7,F,DX,CS,D
9:41:37,ICBP,RG,8825,1,F,DX,DH,D
9:41:09,ICBP,RG,8825,1,F,DX,YP,D
9:41:07,ICBP,RG,8850,6,D,XC,CS,D
9:40:24,ICBP,RG,8850,1,D,YP,CS,D
9:40:21,ICBP,RG,8825,34,F,DX,CS,D
9:39:51,ICBP,RG,8850,5,F,ZP,CS,D
9:39:48,ICBP,RG,8825,14,F,DX,PD,D
9:39:44,ICBP,RG,8850,6,F,ZP,CS,D
9:39:44,ICBP,RG,8850,1,F,ZP,CS,D
9:39:41,ICBP,RG,8850,8,F,ZP,CS,D
9:39:40,ICBP,RG,8850,15,F,DX,CS,D
9:39:39,ICBP,RG,8850,8,F,ZP,CS,D
9:39:38,ICBP,RG,8850,12,F,ZP,CS,D
9:39:38,ICBP,RG,8850,6,F,ZP,CS,D
9:39:38,ICBP,RG,8850,15,F,DX,CS,D
9:39:36,ICBP,RG,8850,26,F,ZP,CS,D
9:39:36,ICBP,RG,8850,11,F,DX,CS,D
9:39:36,ICBP,RG,8850,5,F,DX,CS,D
9:39:35,ICBP,RG,8850,2,F,DX,CS,D
9:39:35,ICBP,RG,8850,17,F,DX,CS,D
9:39:35,ICBP,RG,8825,3,F,DX,PD,D
9:39:35,ICBP,RG,8825,15,F,DX,PD,D
9:39:34,ICBP,RG,8825,35,F,DX,CS,D
9:39:34,ICBP,RG,8825,1,D,CC,CS,D
9:39:34,ICBP,RG,8825,18,F,DX,CS,D
9:39:26,ICBP,RG,8850,7,F,ZP,CS,D
9:39:23,ICBP,RG,8850,7,F,ZP,CS,D
9:39:23,ICBP,RG,8850,13,F,DX,CS,D
9:39:21,ICBP,RG,8850,14,F,ZP,CS,D
9:39:20,ICBP,RG,8850,15,F,DX,CS,D
9:39:19,ICBP,RG,8825,28,F,DX,CS,D
9:38:50,ICBP,RG,8850,2,F,ZP,CS,D
9:38:50,ICBP,RG,8850,4,F,ZP,AZ,D
9:38:48,ICBP,RG,8850,8,F,ZP,AZ,D
9:38:46,ICBP,RG,8850,12,F,DX,AZ,D
9:38:46,ICBP,RG,8825,17,F,DX,PD,D
9:38:45,ICBP,RG,8850,6,F,ZP,AZ,D
9:38:42,ICBP,RG,8850,12,F,DX,AZ,D
9:38:26,ICBP,RG,8850,6,F,ZP,AZ,D
9:38:22,ICBP,RG,8850,2,D,LG,AZ,D
9:38:22,ICBP,RG,8850,9,D,LG,YP,D
9:38:17,ICBP,RG,8850,5,F,ZP,YP,D
9:38:14,ICBP,RG,8850,11,F,DX,YP,D
9:37:56,ICBP,RG,8850,14,F,ZP,YP,D
9:37:53,ICBP,RG,8850,13,F,DX,YP,D
9:37:53,ICBP,RG,8850,25,F,ZP,YP,D
9:37:52,ICBP,RG,8850,12,F,DX,YP,D
9:37:52,ICBP,RG,8850,4,D,XC,YP,D
9:37:51,ICBP,RG,8825,20,F,DX,PD,D
9:37:50,ICBP,RG,8850,7,F,DX,YP,D
9:37:50,ICBP,RG,8850,5,F,DX,PD,D
9:37:50,ICBP,RG,8850,5,F,ZP,PD,D
9:37:50,ICBP,RG,8825,18,F,DX,PD,D
9:37:48,ICBP,RG,8850,6,F,ZP,PD,D
9:37:47,ICBP,RG,8850,4,F,DX,PD,D
9:37:47,ICBP,RG,8850,1,F,DX,PD,D
9:37:47,ICBP,RG,8850,5,F,DX,NI,F
9:37:47,ICBP,RG,8850,16,F,ZP,NI,F
9:37:45,ICBP,RG,8850,12,F,DX,NI,F
9:37:45,ICBP,RG,8825,32,F,DX,CS,D
9:37:44,ICBP,RG,8850,7,F,ZP,NI,F
9:37:41,ICBP,RG,8825,16,F,DX,NI,D
9:37:39,ICBP,RG,8850,3,F,ZP,YP,D
9:37:37,ICBP,RG,8825,1,F,DX,PD,D
9:37:37,ICBP,RG,8825,4,F,DX,PD,D
9:37:32,ICBP,RG,8850,8,F,ZP,YP,D
9:37:30,ICBP,RG,8825,17,F,DX,PD,D
9:37:27,ICBP,RG,8850,5,F,ZP,YP,D
9:37:25,ICBP,RG,8850,9,F,DX,YP,D
9:37:23,ICBP,RG,8850,10,D,YP,YP,D
9:37:18,ICBP,RG,8850,1,D,CC,YP,D
9:36:30,ICBP,RG,8850,10,F,ZP,YP,D
9:36:28,ICBP,RG,8825,11,F,DX,YP,D
9:36:28,ICBP,RG,8825,8,D,OD,YP,D
9:35:57,ICBP,RG,8850,4,F,ZP,YP,D
9:35:54,ICBP,RG,8850,1,F,DX,CC,D
9:35:54,ICBP,RG,8850,1,F,DX,PD,D
9:35:54,ICBP,RG,8850,2,F,DX,PD,D
9:35:54,ICBP,RG,8850,1,F,DX,PD,D
9:35:54,ICBP,RG,8850,4,F,DX,CS,D
9:35:53,ICBP,RG,8850,2,F,ZP,CS,D
9:35:53,ICBP,RG,8850,6,F,ZP,KK,D
9:35:53,ICBP,RG,8850,1,F,ZP,PD,D
9:35:53,ICBP,RG,8850,1,F,ZP,YP,D
9:35:50,ICBP,RG,8825,10,D,OD,NI,D
9:35:49,ICBP,RG,8850,4,F,DX,YP,D
9:35:49,ICBP,RG,8850,5,F,DX,CS,D
9:35:48,ICBP,RG,8825,2,D,OD,XC,D
9:35:05,ICBP,RG,8850,2,F,ZP,CS,D
9:35:01,ICBP,RG,8850,3,D,PD,CS,D
9:34:54,ICBP,RG,8850,2,F,ZP,CS,D
9:34:54,ICBP,RG,8850,1,F,ZP,PD,D
9:34:54,ICBP,RG,8850,1,F,ZP,YP,D
9:34:53,ICBP,RG,8850,6,F,ZP,YP,D
9:34:51,ICBP,RG,8850,9,F,DX,YP,D
9:34:50,ICBP,RG,8850,3,F,DX,YP,D
9:34:50,ICBP,RG,8850,2,F,DX,FS,D
9:34:50,ICBP,RG,8850,1,F,DX,XC,D
9:34:50,ICBP,RG,8850,6,F,DX,PD,D
9:34:50,ICBP,RG,8850,2,F,DX,DX,D
9:34:49,ICBP,RG,8850,20,F,DX,DX,D
9:34:48,ICBP,RG,8850,17,F,ZP,DX,D
9:34:48,ICBP,RG,8850,17,F,DX,DX,D
9:34:48,ICBP,RG,8850,35,F,DX,DX,D
9:34:47,ICBP,RG,8850,54,F,DX,DX,D
9:34:45,ICBP,RG,8825,35,F,DX,PD,D
9:34:43,ICBP,RG,8850,51,F,ZP,DX,D
9:34:41,ICBP,RG,8825,1,F,ZP,CS,D
9:34:41,ICBP,RG,8825,2,F,ZP,CS,D
9:34:41,ICBP,RG,8825,77,F,ZP,BK,F
9:34:40,ICBP,RG,8825,5,F,DX,BK,F
9:34:40,ICBP,RG,8825,2,F,DX,CS,D
9:34:39,ICBP,RG,8825,7,F,DX,CS,D
9:34:39,ICBP,RG,8825,3,F,DX,CS,D
9:34:39,ICBP,RG,8825,1,F,DX,YP,D
9:34:39,ICBP,RG,8825,6,F,DX,CS,D
9:34:39,ICBP,RG,8825,5,F,DX,CS,D
9:34:39,ICBP,RG,8825,3,F,DX,CC,F
9:34:39,ICBP,RG,8825,5,F,DX,XC,D
9:34:39,ICBP,RG,8825,4,F,DX,CS,D
9:34:39,ICBP,RG,8825,6,F,DX,CS,D
9:34:39,ICBP,RG,8825,3,F,DX,CS,D
9:34:39,ICBP,RG,8825,6,F,DX,CS,D
9:34:39,ICBP,RG,8825,2,F,DX,KK,D
9:34:39,ICBP,RG,8825,15,F,DX,PD,D
9:34:39,ICBP,RG,8825,9,F,DX,YP,D
9:34:39,ICBP,RG,8825,12,F,DX,CS,D
9:34:39,ICBP,RG,8825,5,F,DX,CS,D
9:34:39,ICBP,RG,8825,14,F,DX,CS,D
9:34:39,ICBP,RG,8825,15,F,DX,CS,D
9:34:39,ICBP,RG,8825,1,F,DX,CS,D
9:34:39,ICBP,RG,8825,1,F,DX,CS,D
9:34:39,ICBP,RG,8825,42,F,DX,CS,D
9:34:39,ICBP,RG,8825,3,F,DX,XC,D
9:34:39,ICBP,RG,8825,11,F,DX,CS,D
9:34:39,ICBP,RG,8825,4,F,DX,CS,D
9:34:39,ICBP,RG,8825,3,F,DX,CS,D
9:34:39,ICBP,RG,8825,1,F,DX,CS,D
9:34:39,ICBP,RG,8825,50,F,DX,AZ,D
9:34:39,ICBP,RG,8825,2,F,DX,YP,D
9:34:39,ICBP,RG,8825,3,F,DX,CS,D
9:34:39,ICBP,RG,8825,6,F,DX,CS,D
9:34:39,ICBP,RG,8825,9,F,DX,BK,F
9:34:25,ICBP,RG,8825,2,D,PD,BK,F
9:34:11,ICBP,RG,8825,4,F,ZP,BK,F
9:34:08,ICBP,RG,8800,8,D,PD,NI,D
9:34:06,ICBP,RG,8825,7,F,ZP,BK,F
9:34:03,ICBP,RG,8825,14,D,XL,BK,F
9:33:57,ICBP,RG,8825,59,F,ZP,BK,F
9:33:55,ICBP,RG,8825,120,D,PD,BK,F
9:33:42,ICBP,RG,8825,17,F,ZP,BK,F
9:33:40,ICBP,RG,8825,21,D,DH,BK,F
9:33:40,ICBP,RG,8825,11,D,DH,CS,D
9:33:40,ICBP,RG,8825,1,D,DH,CS,D
9:33:18,ICBP,RG,8825,2,F,ZP,CS,D
9:33:16,ICBP,RG,8800,4,D,PD,DX,D
9:33:12,ICBP,RG,8825,1,F,ZP,CS,D
9:33:09,ICBP,RG,8800,1,D,PD,XC,D
9:32:58,ICBP,RG,8825,2,D,PD,CS,D
9:32:51,ICBP,RG,8825,2,F,ZP,CS,D
9:32:48,ICBP,RG,8825,2,D,YU,CS,D
9:32:48,ICBP,RG,8825,1,D,XC,CS,D
9:32:16,ICBP,RG,8825,1,D,XC,CS,D
9:32:16,ICBP,RG,8825,1,D,XC,CS,D
9:32:06,ICBP,RG,8825,5,F,ZP,PD,D
9:32:06,ICBP,RG,8825,5,F,ZP,CS,D
9:32:04,ICBP,RG,8825,1,D,PD,CS,D
9:32:04,ICBP,RG,8825,3,D,PD,CS,D
9:32:04,ICBP,RG,8825,1,D,PD,CS,D
9:32:04,ICBP,RG,8825,14,D,PD,KZ,D
9:31:57,ICBP,RG,8825,1,F,ZP,KZ,D
9:31:56,ICBP,RG,8825,2,D,XC,KZ,D
9:31:48,ICBP,RG,8825,1,D,CC,KZ,D
9:31:39,ICBP,RG,8825,4,F,ZP,KZ,D
9:31:39,ICBP,RG,8825,10,F,ZP,CS,D
9:31:39,ICBP,RG,8825,3,F,ZP,CS,D
9:31:37,ICBP,RG,8825,3,D,NI,CS,D
9:31:37,ICBP,RG,8825,30,D,NI,KZ,D
9:31:21,ICBP,RG,8825,1,D,KK,KZ,D
9:31:21,ICBP,RG,8825,14,F,ZP,KZ,D
9:31:21,ICBP,RG,8825,44,F,DX,KZ,D
9:31:21,ICBP,RG,8825,32,F,DX,KZ,D
9:31:21,ICBP,RG,8825,20,F,ZP,KZ,D
9:31:17,ICBP,RG,8825,3,F,ZP,PD,D
9:31:11,ICBP,RG,8850,14,F,ZP,DX,D
9:31:11,ICBP,RG,8850,48,F,ZP,YP,D
9:31:10,ICBP,RG,8825,8,F,ZP,CS,D
9:31:10,ICBP,RG,8825,9,D,KK,CS,D
9:31:10,ICBP,RG,8825,1,D,KK,CS,D
9:31:10,ICBP,RG,8825,10,D,XC,CS,D
9:31:10,ICBP,RG,8825,1,D,CC,CS,D
9:31:10,ICBP,RG,8825,5,D,SQ,CS,D
9:31:10,ICBP,RG,8825,6,D,PD,CS,D
9:31:09,ICBP,RG,8825,54,D,PD,BK,F
9:31:09,ICBP,RG,8825,11,D,CC,BK,F
9:31:09,ICBP,RG,8825,40,D,LG,BK,F
9:31:09,ICBP,RG,8825,52,F,DX,BK,F
9:31:09,ICBP,RG,8825,1,D,PD,BK,F
9:31:09,ICBP,RG,8825,3,D,IF,BK,F
9:31:09,ICBP,RG,8825,1,D,DH,BK,F
9:31:09,ICBP,RG,8825,17,F,DX,BK,F
9:31:09,ICBP,RG,8825,1,D,YP,BK,F
9:31:09,ICBP,RG,8825,5,D,DR,BK,F
9:31:09,ICBP,RG,8825,10,D,YP,BK,F
9:31:09,ICBP,RG,8825,1,D,YP,BK,F
9:31:09,ICBP,RG,8825,28,F,DX,BK,F
9:31:09,ICBP,RG,8825,5,D,PD,BK,F
9:31:09,ICBP,RG,8825,1,D,XC,BK,F
9:31:09,ICBP,RG,8825,10,F,DX,BK,F
9:31:07,ICBP,RG,8825,24,F,DX,KZ,D
9:31:07,ICBP,RG,8825,26,F,DX,CS,D
9:31:07,ICBP,RG,8825,4,D,GR,CS,D
9:31:07,ICBP,RG,8825,1,D,PD,CS,D
9:31:07,ICBP,RG,8825,2,F,DX,CS,D
9:31:07,ICBP,RG,8825,32,F,DX,CS,D
9:31:06,ICBP,RG,8825,27,F,DX,KZ,D
9:31:06,ICBP,RG,8825,1,D,XC,KZ,D
9:31:06,ICBP,RG,8825,20,D,PD,KZ,D
9:31:06,ICBP,RG,8825,10,D,YP,KZ,D
9:31:06,ICBP,RG,8825,83,F,ZP,KZ,D
9:31:02,ICBP,RG,8825,1,F,ZP,CS,D
9:31:01,ICBP,RG,8825,3,F,ZP,CS,D
9:30:44,ICBP,RG,8825,1,F,ZP,PD,D
9:30:43,ICBP,RG,8825,7,F,ZP,IF,D
9:30:39,ICBP,RG,8850,3,D,EP,YP,D
9:30:27,ICBP,RG,8825,1,F,ZP,PD,D
9:30:16,ICBP,RG,8825,28,F,ZP,CS,D
9:30:04,ICBP,RG,8825,13,F,ZP,CS,D
9:30:01,ICBP,RG,8850,2,D,PD,YP,D
9:29:56,ICBP,RG,8825,2,F,ZP,PD,D
9:29:06,ICBP,RG,8850,3,F,ZP,YP,D
9:29:05,ICBP,RG,8850,27,F,ZP,YP,D
9:29:05,ICBP,RG,8850,5,D,PD,YP,D
9:29:04,ICBP,RG,8825,8,F,ZP,PD,D
9:29:04,ICBP,RG,8825,62,F,BK,PD,D
9:29:04,ICBP,RG,8825,1,D,PD,PD,D
9:29:04,ICBP,RG,8825,4,D,ZP,PD,D
9:29:04,ICBP,RG,8825,5,F,DX,PD,D
9:28:57,ICBP,RG,8850,11,F,ZP,YP,D
9:28:56,ICBP,RG,8850,23,D,NI,YP,D
9:28:35,ICBP,RG,8850,3,F,ZP,YP,D
9:28:33,ICBP,RG,8825,5,F,DX,PD,D
9:28:28,ICBP,RG,8850,1,D,SQ,PD,D
9:28:14,ICBP,RG,8850,9,F,ZP,PD,D
9:28:12,ICBP,RG,8825,18,F,DX,PD,D
9:28:09,ICBP,RG,8850,3,F,ZP,PD,D
9:28:08,ICBP,RG,8850,1,D,YP,PD,D
9:28:08,ICBP,RG,8850,4,D,YP,CS,D
9:27:52,ICBP,RG,8850,1,D,NI,CS,D
9:27:51,ICBP,RG,8850,2,F,ZP,CS,D
9:27:51,ICBP,RG,8850,7,F,ZP,PD,D
9:27:51,ICBP,RG,8825,10,F,DX,PD,D
9:27:51,ICBP,RG,8825,8,D,LG,PD,D
9:27:27,ICBP,RG,8850,3,F,ZP,PD,D
9:27:27,ICBP,RG,8850,6,F,ZP,CS,D
9:27:26,ICBP,RG,8825,18,D,LG,PD,D
9:26:53,ICBP,RG,8850,2,F,ZP,CS,D
9:26:53,ICBP,RG,8850,1,F,ZP,PD,D
9:26:53,ICBP,RG,8825,1,D,LG,YP,D
9:26:52,ICBP,RG,8825,3,D,LG,CS,D
9:26:52,ICBP,RG,8825,1,D,XC,CS,D
9:26:49,ICBP,RG,8850,1,D,YB,PD,D
9:26:39,ICBP,RG,8850,10,F,ZP,PD,D
9:26:39,ICBP,RG,8850,2,F,ZP,CC,D
9:26:39,ICBP,RG,8850,12,F,ZP,KZ,D
9:26:38,ICBP,RG,8825,1,D,XC,CS,D
9:26:38,ICBP,RG,8825,1,D,NI,CS,D
9:26:38,ICBP,RG,8825,47,F,DX,CS,D
9:26:38,ICBP,RG,8825,1,F,DX,CS,D
9:26:21,ICBP,RG,8850,8,F,ZP,KZ,D
9:26:21,ICBP,RG,8850,7,F,ZP,YP,D
9:26:19,ICBP,RG,8825,16,F,DX,CS,D
9:26:19,ICBP,RG,8825,15,D,CC,CS,D
9:26:17,ICBP,RG,8850,2,F,ZP,YP,D
9:26:15,ICBP,RG,8850,2,D,XC,YP,D
9:26:14,ICBP,RG,8850,1,D,PD,YP,D
9:26:12,ICBP,RG,8850,21,F,ZP,YP,D
9:26:12,ICBP,RG,8825,15,D,CC,CS,D
9:26:12,ICBP,RG,8825,28,D,ZP,CS,D
9:26:11,ICBP,RG,8850,33,F,ZP,YP,D
9:26:09,ICBP,RG,8825,22,D,ZP,CS,D
9:26:09,ICBP,RG,8825,24,D,CC,CS,D
9:26:09,ICBP,RG,8825,3,D,CC,CS,D
9:26:09,ICBP,RG,8825,7,D,CC,CS,D
9:26:09,ICBP,RG,8825,1,D,PD,CS,D
9:26:09,ICBP,RG,8825,1,D,PD,CS,D
9:26:09,ICBP,RG,8825,5,D,KK,CS,D
9:26:09,ICBP,RG,8825,1,D,XC,CS,D
9:26:09,ICBP,RG,8825,2,D,DX,CS,D
9:26:06,ICBP,RG,8850,2,F,ZP,YP,D
9:26:06,ICBP,RG,8825,4,D,YP,PD,D
9:26:05,ICBP,RG,8850,1,F,ZP,YP,D
9:26:04,ICBP,RG,8850,2,D,NI,YP,D
9:25:50,ICBP,RG,8850,2,F,ZP,YP,D
9:25:50,ICBP,RG,8825,1,D,YP,NI,D
9:25:49,ICBP,RG,8825,2,D,XC,NI,D
9:25:49,ICBP,RG,8825,2,F,DX,NI,D
9:25:47,ICBP,RG,8850,2,F,ZP,YP,D
9:25:45,ICBP,RG,8825,2,F,DX,PD,D
9:25:29,ICBP,RG,8850,1,D,PD,YP,D
9:25:19,ICBP,RG,8850,2,D,PD,YP,D
9:25:18,ICBP,RG,8850,14,F,ZP,YP,D
9:25:17,ICBP,RG,8825,27,F,DX,CS,D
9:25:17,ICBP,RG,8850,8,F,ZP,YP,D
9:25:17,ICBP,RG,8850,1,F,ZP,XC,D
9:25:17,ICBP,RG,8850,3,F,ZP,PD,D
9:25:17,ICBP,RG,8850,1,F,ZP,CS,D
9:25:17,ICBP,RG,8850,7,F,ZP,BK,F
9:25:15,ICBP,RG,8825,19,F,DX,CC,D
9:25:15,ICBP,RG,8825,1,D,YP,CC,D
9:25:15,ICBP,RG,8825,20,D,PD,CC,D
9:24:56,ICBP,RG,8825,1,D,PD,LG,D
9:24:53,ICBP,RG,8825,4,D,PD,PD,D
9:24:53,ICBP,RG,8825,1,D,NI,PD,D
9:24:29,ICBP,RG,8850,15,F,ZP,BK,F
9:24:28,ICBP,RG,8825,12,D,NI,CS,D
9:24:27,ICBP,RG,8825,7,D,NI,CS,D
9:24:27,ICBP,RG,8825,9,F,BK,CS,D
9:24:21,ICBP,RG,8850,1,D,YU,BK,F
9:24:08,ICBP,RG,8850,1,F,ZP,BK,F
9:24:07,ICBP,RG,8825,2,F,BK,XC,D
9:23:53,ICBP,RG,8850,9,F,ZP,BK,F
9:23:51,ICBP,RG,8850,19,D,GR,BK,F
9:23:32,ICBP,RG,8850,17,F,ZP,BK,F
9:23:30,ICBP,RG,8825,3,F,BK,CS,D
9:23:30,ICBP,RG,8825,2,D,AZ,CS,D
9:23:30,ICBP,RG,8825,29,F,DX,CS,D
9:23:26,ICBP,RG,8850,1,F,ZP,BK,F
9:23:24,ICBP,RG,8825,1,F,DX,XC,D
9:23:22,ICBP,RG,8850,2,D,GR,BK,F
9:23:08,ICBP,RG,8850,81,F,ZP,BK,F
9:23:08,ICBP,RG,8850,3,F,ZP,NI,D
9:23:06,ICBP,RG,8825,26,F,DX,KZ,D
9:23:06,ICBP,RG,8825,3,F,BK,KZ,D
9:23:06,ICBP,RG,8825,1,D,DH,KZ,D
9:23:06,ICBP,RG,8825,50,D,YP,KZ,D
9:23:06,ICBP,RG,8825,90,F,DX,KZ,D
9:23:05,ICBP,RG,8850,7,F,ZP,NI,D
9:23:05,ICBP,RG,8850,3,F,ZP,CS,D
9:23:04,ICBP,RG,8825,10,F,DX,DR,D
9:23:04,ICBP,RG,8825,10,D,XC,DR,D
9:23:04,ICBP,RG,8825,39,F,DX,DR,D
9:23:04,ICBP,RG,8825,1,D,KK,DR,D
9:23:04,ICBP,RG,8825,80,F,DX,DR,D
9:23:04,ICBP,RG,8825,10,D,KK,DR,D
9:23:04,ICBP,RG,8825,5,F,BK,DR,D
9:22:48,ICBP,RG,8850,1,D,GR,CS,D
9:22:48,ICBP,RG,8825,1,F,BK,PD,D
9:22:36,ICBP,RG,8825,1,D,YP,CC,D
9:22:36,ICBP,RG,8825,3,F,ZP,CC,D
9:22:13,ICBP,RG,8850,1,F,DX,CS,D
9:22:13,ICBP,RG,8850,2,F,DX,YP,D
9:22:13,ICBP,RG,8850,5,F,DX,CC,D
9:22:13,ICBP,RG,8825,10,F,ZP,CC,D
9:22:12,ICBP,RG,8850,13,F,DX,CC,D
9:22:10,ICBP,RG,8825,4,F,ZP,CS,D
9:22:10,ICBP,RG,8825,3,F,ZP,CS,D
9:22:10,ICBP,RG,8825,25,F,ZP,CS,D
9:22:10,ICBP,RG,8825,31,F,ZP,CS,D
9:22:07,ICBP,RG,8850,7,F,DX,CC,D
9:22:06,ICBP,RG,8825,10,F,ZP,YP,D
9:22:06,ICBP,RG,8825,8,F,BK,YP,D
9:22:00,ICBP,RG,8850,1,F,ZP,CC,D
9:21:59,ICBP,RG,8850,2,D,XC,CC,D
9:21:50,ICBP,RG,8850,3,F,ZP,CC,D
9:21:48,ICBP,RG,8850,1,F,ZP,CC,D
9:21:48,ICBP,RG,8850,6,F,DX,CC,D
9:21:47,ICBP,RG,8850,2,D,EP,CC,D
9:20:54,ICBP,RG,8850,2,F,ZP,CC,D
9:20:53,ICBP,RG,8825,5,F,BK,EP,D
9:20:44,ICBP,RG,8850,2,F,ZP,CC,D
9:20:43,ICBP,RG,8850,5,D,XC,CC,D
9:20:21,ICBP,RG,8850,3,F,ZP,CC,D
9:20:19,ICBP,RG,8850,6,F,DX,CC,D
9:20:18,ICBP,RG,8850,2,F,ZP,CC,D
9:20:18,ICBP,RG,8850,1,F,ZP,CS,D
9:20:16,ICBP,RG,8825,5,F,BK,SQ,D
9:20:13,ICBP,RG,8850,1,D,XC,CS,D
9:20:12,ICBP,RG,8850,9,F,ZP,CS,D
9:20:12,ICBP,RG,8850,6,F,DX,CS,D
9:20:10,ICBP,RG,8850,4,D,PD,CS,D
9:20:10,ICBP,RG,8850,6,D,PD,CS,D
9:20:09,ICBP,RG,8825,1,F,BK,PD,D
9:19:12,ICBP,RG,8850,3,F,ZP,CS,D
9:19:11,ICBP,RG,8850,5,F,ZP,CS,D
9:19:11,ICBP,RG,8850,6,F,DX,CS,D
9:19:10,ICBP,RG,8825,10,F,BK,KK,D
9:19:02,ICBP,RG,8850,3,F,ZP,CS,D
9:19:00,ICBP,RG,8850,1,F,ZP,CS,D
9:19:00,ICBP,RG,8850,1,F,ZP,CS,D
9:19:00,ICBP,RG,8850,2,F,ZP,CS,D
9:19:00,ICBP,RG,8850,6,F,DX,CS,D
9:18:59,ICBP,RG,8850,5,F,ZP,CS,D
9:18:58,ICBP,RG,8850,1,F,DX,CS,D
9:18:58,ICBP,RG,8850,1,F,DX,CS,D
9:18:58,ICBP,RG,8850,1,F,DX,PD,D
9:18:58,ICBP,RG,8850,6,F,DX,KZ,D
9:18:57,ICBP,RG,8850,25,F,ZP,KZ,D
9:18:57,ICBP,RG,8850,10,F,DX,KZ,D
9:18:56,ICBP,RG,8850,50,D,GR,KZ,D
9:18:54,ICBP,RG,8850,3,F,ZP,KZ,D
9:18:53,ICBP,RG,8850,4,F,DX,KZ,D
9:18:52,ICBP,RG,8825,2,F,BK,NI,D
9:18:27,ICBP,RG,8850,2,F,ZP,KZ,D
9:18:27,ICBP,RG,8825,1,F,BK,CC,D
9:18:27,ICBP,RG,8850,3,D,PD,KZ,D
9:18:20,ICBP,RG,8850,1,D,YU,KZ,D
9:18:15,ICBP,RG,8850,2,F,ZP,KZ,D
9:18:13,ICBP,RG,8850,4,F,DX,KZ,D
9:18:12,ICBP,RG,8850,1,F,ZP,KZ,D
9:18:12,ICBP,RG,8850,2,F,ZP,CS,D
9:18:12,ICBP,RG,8825,7,F,BK,YP,D
9:18:00,ICBP,RG,8850,1,F,ZP,CS,D
9:18:00,ICBP,RG,8850,1,F,ZP,CC,F
9:17:58,ICBP,RG,8850,2,F,DX,CC,F
9:17:58,ICBP,RG,8850,2,F,DX,NI,D
9:17:57,ICBP,RG,8850,3,F,ZP,SQ,D
9:17:56,ICBP,RG,8850,5,F,ZP,SQ,D
9:17:55,ICBP,RG,8850,2,F,DX,SQ,D
9:17:55,ICBP,RG,8850,3,F,DX,CS,D
9:17:55,ICBP,RG,8825,10,F,BK,NI,D
9:17:48,ICBP,RG,8850,7,F,ZP,CS,D
9:17:47,ICBP,RG,8850,10,D,GR,CS,D
9:17:46,ICBP,RG,8850,4,F,DX,CS,D
9:17:45,ICBP,RG,8850,1,F,ZP,CS,D
9:17:43,ICBP,RG,8825,2,F,BK,PD,D
9:17:04,ICBP,RG,8825,1,F,BK,GR,D
9:16:50,ICBP,RG,8850,2,F,ZP,CS,D
9:16:48,ICBP,RG,8850,5,F,ZP,CS,D
9:16:48,ICBP,RG,8850,4,F,DX,CS,D
9:16:47,ICBP,RG,8850,9,D,YU,CS,D
9:16:17,ICBP,RG,8850,1,F,ZP,CS,D
9:16:16,ICBP,RG,8850,1,D,AT,CS,D
9:16:13,ICBP,RG,8850,2,D,NI,CS,D
9:16:11,ICBP,RG,8850,1,F,ZP,CS,D
9:16:11,ICBP,RG,8850,1,F,ZP,CS,D
9:16:09,ICBP,RG,8850,4,F,DX,CS,D
9:16:08,ICBP,RG,8850,4,F,ZP,CS,D
9:16:07,ICBP,RG,8850,4,F,DX,CS,D
9:16:06,ICBP,RG,8850,10,F,ZP,CS,D
9:16:06,ICBP,RG,8850,3,F,DX,CS,D
9:16:06,ICBP,RG,8850,2,F,DX,CS,D
9:16:05,ICBP,RG,8850,20,D,YP,CS,D
9:15:41,ICBP,RG,8850,2,F,ZP,CS,D
9:15:39,ICBP,RG,8850,3,D,XC,CS,D
9:15:30,ICBP,RG,8850,2,F,ZP,CS,D
9:15:29,ICBP,RG,8850,2,F,ZP,CS,D
9:15:29,ICBP,RG,8850,4,F,DX,CS,D
9:15:28,ICBP,RG,8850,4,D,YP,CS,D
9:14:53,ICBP,RG,8850,1,F,ZP,CS,D
9:14:51,ICBP,RG,8850,1,D,XC,CS,D
9:14:48,ICBP,RG,8850,1,D,AZ,CS,D
9:14:35,ICBP,RG,8850,2,F,ZP,CS,D
9:14:33,ICBP,RG,8850,2,F,ZP,CS,D
9:14:33,ICBP,RG,8850,4,F,DX,CS,D
9:14:32,ICBP,RG,8850,7,F,ZP,CS,D
9:14:32,ICBP,RG,8850,4,F,DX,CS,D
9:14:31,ICBP,RG,8850,6,F,DX,CS,D
9:14:30,ICBP,RG,8850,7,F,DX,CS,D
9:14:30,ICBP,RG,8850,1,F,DX,XL,D
9:14:30,ICBP,RG,8850,1,F,DX,DH,D
9:14:29,ICBP,RG,8850,2,F,ZP,XC,D
9:14:29,ICBP,RG,8850,1,F,ZP,XA,D
9:14:29,ICBP,RG,8850,1,F,ZP,NI,D
9:14:29,ICBP,RG,8850,2,F,ZP,PD,D
9:14:29,ICBP,RG,8850,10,F,ZP,YP,D
9:14:28,ICBP,RG,8850,12,F,DX,YP,D
9:14:27,ICBP,RG,8850,1,F,ZP,YP,D
9:14:27,ICBP,RG,8850,7,F,DX,YP,D
9:14:27,ICBP,RG,8850,2,F,DX,PD,D
9:14:27,ICBP,RG,8850,11,F,DX,YP,D
9:14:26,ICBP,RG,8850,39,F,ZP,YP,D
9:14:26,ICBP,RG,8850,11,F,ZP,BK,F
9:14:26,ICBP,RG,8850,2,F,DX,BK,F
9:14:25,ICBP,RG,8825,100,F,BK,KK,D
9:14:25,ICBP,RG,8850,1,D,XC,BK,F
9:14:22,ICBP,RG,8850,1,D,CC,BK,F
9:14:03,ICBP,RG,8850,1,F,ZP,BK,F
9:14:02,ICBP,RG,8825,2,F,BK,KK,D
9:13:57,ICBP,RG,8850,1,F,ZP,BK,F
9:13:56,ICBP,RG,8850,2,D,XC,BK,F
9:13:00,ICBP,RG,8850,2,F,ZP,BK,F
9:12:58,ICBP,RG,8850,3,D,XC,BK,F
9:12:52,ICBP,RG,8850,1,D,KK,BK,F
9:12:42,ICBP,RG,8850,1,D,DR,BK,F
9:12:30,ICBP,RG,8850,10,F,ZP,BK,F
9:12:29,ICBP,RG,8825,21,F,BK,PD,D
9:12:29,ICBP,RG,8825,2,F,ZP,PD,D
9:12:29,ICBP,RG,8825,1,D,PD,PD,D
9:12:29,ICBP,RG,8825,2,D,PD,PD,D
9:12:29,ICBP,RG,8825,1,D,XC,PD,D
9:12:28,ICBP,RG,8850,1,D,XC,BK,F
9:12:23,ICBP,RG,8850,1,F,ZP,BK,F
9:12:21,ICBP,RG,8825,1,D,XC,SQ,D
9:12:12,ICBP,RG,8825,1,D,XC,YP,D
9:12:12,ICBP,RG,8825,1,D,XC,YP,D
9:12:06,ICBP,RG,8825,4,F,ZP,CS,D
9:12:06,ICBP,RG,8825,1,F,ZP,CS,D
9:12:05,ICBP,RG,8825,2,F,ZP,CS,D
9:12:05,ICBP,RG,8825,2,F,ZP,CS,D
9:12:05,ICBP,RG,8825,2,F,ZP,CS,D
9:12:05,ICBP,RG,8825,1,F,ZP,CS,D
9:12:04,ICBP,RG,8825,1,F,AK,CS,D
9:12:04,ICBP,RG,8825,2,F,AK,CS,D
9:12:04,ICBP,RG,8825,2,F,AK,CS,D
9:12:04,ICBP,RG,8825,4,F,AK,NI,D
9:12:04,ICBP,RG,8825,10,F,AK,CS,D
9:12:04,ICBP,RG,8800,1,D,PD,CS,D
9:12:04,ICBP,RG,8800,3,D,PD,CS,D
9:12:04,ICBP,RG,8800,1,D,YP,CS,D
9:12:03,ICBP,RG,8850,72,F,ZP,BK,F
9:12:03,ICBP,RG,8825,8,F,ZP,CS,D
9:12:03,ICBP,RG,8825,8,F,ZP,CS,D
9:12:03,ICBP,RG,8825,8,F,ZP,CS,D
9:12:03,ICBP,RG,8825,6,F,ZP,CS,D
9:12:03,ICBP,RG,8825,8,F,AK,CS,D
9:12:02,ICBP,RG,8825,46,F,AK,CS,D
9:12:02,ICBP,RG,8825,3,F,AK,CS,D
