Time,Stock,Brd,Price,Qty,BT,BC,SC,ST
15:10:50,ICBP,RG,8800,1,F,DX,YP,D
15:09:58,ICBP,RG,8800,1,F,DX,XC,D
15:06:20,ICBP,RG,8800,25,F,DX,NI,D
15:05:15,ICBP,RG,8800,2,F,DX,PD,D
15:05:13,ICBP,RG,8800,2,F,DX,CC,D
15:05:00,ICBP,RG,8800,1,F,DX,LG,D
15:00:00,ICBP,RG,8800,20,F,DX,HP,D
15:00:00,ICBP,RG,8800,11,F,DX,PD,D
15:00:00,ICBP,RG,8800,1,F,DX,YP,D
15:00:00,ICBP,RG,8800,5,F,DX,XC,D
15:00:00,ICBP,RG,8800,1,F,DX,PD,D
15:00:00,ICBP,RG,8800,1,F,DX,PD,D
15:00:00,ICBP,RG,8800,30,F,DX,PD,D
15:00:00,ICBP,RG,8800,47,F,DX,CC,D
15:00:00,ICBP,RG,8800,2,F,DX,XC,D
15:00:00,ICBP,RG,8800,10,F,DX,YP,D
15:00:00,ICBP,RG,8800,5,F,DX,CC,D
15:00:00,ICBP,RG,8800,1,F,DX,YP,D
15:00:00,ICBP,RG,8800,48,F,DX,BS,D
15:00:00,ICBP,RG,8800,2058,F,DX,PD,D
15:00:00,ICBP,RG,8800,35,D,AI,PD,D
15:00:00,ICBP,RG,8800,1,D,CC,PD,D
15:00:00,ICBP,RG,8800,1,D,YP,PD,D
15:00:00,ICBP,RG,8800,1,D,YP,PD,D
15:00:00,ICBP,RG,8800,269,F,BK,PD,D
15:00:00,ICBP,RG,8800,77,F,ZP,PD,D
15:00:00,ICBP,RG,8800,140,F,ZP,PD,D
15:00:00,ICBP,RG,8800,779,F,BK,PD,D
15:00:00,ICBP,RG,8800,9,F,BK,PD,D
15:00:00,ICBP,RG,8800,231,F,CS,PD,D
15:00:00,ICBP,RG,8800,1050,F,DX,PD,D
15:00:00,ICBP,RG,8800,380,F,DX,BK,F
15:00:00,ICBP,RG,8800,28,F,AK,BK,F
15:00:00,ICBP,RG,8800,220,F,AK,BK,F
15:00:00,ICBP,RG,8800,1,F,AK,BK,F
15:00:00,ICBP,RG,8800,104,F,AK,AK,F
15:00:00,ICBP,RG,8800,7,F,AK,KZ,D
15:00:00,ICBP,RG,8800,10,F,AK,ZP,F
15:00:00,ICBP,RG,8800,150,F,AK,ZP,F
15:00:00,ICBP,RG,8800,26,F,AK,ZP,F
15:00:00,ICBP,RG,8800,37,D,BB,ZP,F
15:00:00,ICBP,RG,8800,46,D,DX,ZP,F
15:00:00,ICBP,RG,8800,187,D,DR,ZP,F
14:49:59,ICBP,RG,8800,2,F,AK,BS,D
14:49:59,ICBP,RG,8800,1,F,AK,BS,D
14:49:57,ICBP,RG,8800,3,F,BK,BS,D
14:49:57,ICBP,RG,8800,11,D,XC,BS,D
14:49:55,ICBP,RG,8800,3,F,BK,BS,D
14:49:53,ICBP,RG,8800,19,F,BK,BS,D
14:49:48,ICBP,RG,8775,300,F,DX,BB,D
14:49:48,ICBP,RG,8775,117,F,DX,BB,D
14:49:48,ICBP,RG,8800,3,F,BK,BS,D
14:49:45,ICBP,RG,8800,1,F,AK,BS,D
14:49:45,ICBP,RG,8800,1,F,AK,BS,D
14:49:39,ICBP,RG,8775,1,F,DX,YP,D
14:49:39,ICBP,RG,8800,3,F,BK,BS,D
14:49:35,ICBP,RG,8800,5,D,YP,BS,D
14:49:35,ICBP,RG,8800,45,D,YP,GR,D
14:49:30,ICBP,RG,8775,13,F,DX,BK,F
14:49:22,ICBP,RG,8800,1,D,PD,GR,D
14:49:13,ICBP,RG,8800,8,F,BK,GR,D
14:49:05,ICBP,RG,8800,3,F,BK,GR,D
14:49:04,ICBP,RG,8800,37,F,BK,GR,D
14:49:04,ICBP,RG,8775,9,F,DX,BK,F
14:49:01,ICBP,RG,8775,91,F,DX,BK,F
14:49:00,ICBP,RG,8800,1,F,AK,GR,D
14:48:53,ICBP,RG,8775,9,F,DX,BK,F
14:48:52,ICBP,RG,8775,20,F,DX,DR,D
14:48:52,ICBP,RG,8775,30,F,DX,ZP,F
14:48:51,ICBP,RG,8775,54,F,DX,ZP,F
14:48:50,ICBP,RG,8775,8,F,DX,BK,F
14:48:43,ICBP,RG,8775,10,F,DX,BK,F
14:48:39,ICBP,RG,8775,10,F,DX,BK,F
14:48:37,ICBP,RG,8775,25,F,DX,DR,D
14:48:36,ICBP,RG,8775,28,F,DX,ZP,F
14:48:34,ICBP,RG,8775,4,F,DX,BK,F
14:48:34,ICBP,RG,8775,5,D,PD,BK,F
14:48:30,ICBP,RG,8775,5,D,PD,BK,F
14:48:30,ICBP,RG,8775,1,D,XC,BK,F
14:48:30,ICBP,RG,8775,1,D,YP,BK,F
14:48:30,ICBP,RG,8775,1,D,YP,BK,F
14:48:30,ICBP,RG,8775,3,F,DX,BK,F
14:48:24,ICBP,RG,8775,9,F,DX,BK,F
14:48:19,ICBP,RG,8775,9,F,DX,BK,F
14:48:10,ICBP,RG,8775,8,F,DX,BK,F
14:48:09,ICBP,RG,8800,5,D,PD,GR,D
14:48:07,ICBP,RG,8775,9,F,DX,BK,F
14:48:04,ICBP,RG,8775,13,F,DX,BK,F
14:48:00,ICBP,RG,8800,3,F,AK,BK,F
14:47:59,ICBP,RG,8800,1,F,AK,BK,F
14:47:59,ICBP,RG,8800,2,F,AK,ZP,F
14:47:59,ICBP,RG,8800,2,F,AK,ZP,F
14:47:59,ICBP,RG,8800,4,F,AK,ZP,F
14:47:59,ICBP,RG,8800,60,D,SQ,ZP,F
14:47:59,ICBP,RG,8800,8,D,SQ,KZ,D
14:47:57,ICBP,RG,8800,32,D,SQ,RX,D
14:47:57,ICBP,RG,8800,1,D,XC,RX,D
14:47:57,ICBP,RG,8800,5,D,KK,RX,D
14:47:57,ICBP,RG,8800,3,D,CC,RX,D
14:47:57,ICBP,RG,8800,100,D,SQ,RX,D
14:47:57,ICBP,RG,8800,10,D,SQ,RX,D
14:47:57,ICBP,RG,8800,2,D,CC,RX,D
14:47:57,ICBP,RG,8800,18,D,YP,RX,D
14:47:57,ICBP,RG,8800,2,D,PD,RX,D
14:47:57,ICBP,RG,8800,5,D,ZP,RX,D
14:47:57,ICBP,RG,8800,5,D,YP,RX,D
14:47:57,ICBP,RG,8800,1,D,XC,RX,D
14:47:57,ICBP,RG,8800,1,D,XC,RX,D
14:47:57,ICBP,RG,8800,4,D,NI,RX,D
14:47:57,ICBP,RG,8800,2,D,PD,RX,D
14:47:57,ICBP,RG,8800,1,D,CC,RX,D
14:47:57,ICBP,RG,8800,2,D,GR,RX,D
14:47:57,ICBP,RG,8800,1,F,AK,RX,D
14:47:57,ICBP,RG,8800,2,D,OD,RX,D
14:47:57,ICBP,RG,8800,11,D,XC,RX,D
14:47:57,ICBP,RG,8800,7,D,CC,RX,D
14:47:57,ICBP,RG,8800,5,D,NI,RX,D
14:47:57,ICBP,RG,8800,50,D,XC,RX,D
14:47:57,ICBP,RG,8800,2,D,YP,RX,D
14:47:57,ICBP,RG,8800,1,D,XC,RX,D
14:47:57,ICBP,RG,8800,20,D,XC,RX,D
14:47:57,ICBP,RG,8800,15,D,DR,RX,D
14:47:57,ICBP,RG,8800,1,D,CC,RX,D
14:47:57,ICBP,RG,8800,2,D,YP,RX,D
14:47:57,ICBP,RG,8800,1,D,LG,RX,D
14:47:57,ICBP,RG,8800,2,D,PD,RX,D
14:47:57,ICBP,RG,8800,5,D,PD,RX,D
14:47:57,ICBP,RG,8800,1,D,SQ,RX,D
14:47:57,ICBP,RG,8800,2,D,YP,RX,D
14:47:57,ICBP,RG,8800,2,D,YP,RX,D
14:47:57,ICBP,RG,8800,2,D,PD,RX,D
14:47:57,ICBP,RG,8800,1,D,SQ,RX,D
14:47:57,ICBP,RG,8800,1,D,XC,RX,D
14:47:57,ICBP,RG,8800,5,D,SQ,RX,D
14:47:57,ICBP,RG,8800,1,D,XL,RX,D
14:47:57,ICBP,RG,8800,3,D,KK,RX,D
14:47:57,ICBP,RG,8800,1,D,YP,RX,D
14:47:57,ICBP,RG,8800,1,D,YP,RX,D
14:47:57,ICBP,RG,8800,20,D,YP,RX,D
14:47:57,ICBP,RG,8800,25,D,SQ,RX,D
14:47:57,ICBP,RG,8800,10,D,PD,RX,D
14:47:57,ICBP,RG,8800,5,D,NI,RX,D
14:47:57,ICBP,RG,8800,2,D,YP,RX,D
14:47:57,ICBP,RG,8800,5,D,NI,RX,D
14:47:57,ICBP,RG,8800,1,D,KK,RX,D
14:47:57,ICBP,RG,8800,10,D,YP,RX,D
14:47:57,ICBP,RG,8800,1,D,BQ,RX,D
14:47:57,ICBP,RG,8800,90,D,PP,RX,D
14:47:57,ICBP,RG,8800,3,F,AK,RX,D
14:47:57,ICBP,RG,8800,2,F,AK,RX,D
14:47:57,ICBP,RG,8800,1,D,NI,RX,D
14:47:57,ICBP,RG,8800,1,F,AK,RX,D
14:47:57,ICBP,RG,8800,10,D,YP,RX,D
14:47:57,ICBP,RG,8800,1,D,XC,RX,D
14:47:57,ICBP,RG,8800,4,F,AK,RX,D
14:47:57,ICBP,RG,8800,10,D,DR,RX,D
14:47:57,ICBP,RG,8800,1,D,AZ,RX,D
14:47:57,ICBP,RG,8800,1,D,XC,RX,D
14:47:57,ICBP,RG,8800,1,D,EP,RX,D
14:47:57,ICBP,RG,8800,6,D,PD,RX,D
14:47:57,ICBP,RG,8800,10,D,XC,RX,D
14:47:57,ICBP,RG,8800,1,D,PD,RX,D
14:47:57,ICBP,RG,8800,3,D,NI,RX,D
14:47:57,ICBP,RG,8800,5,D,XC,RX,D
14:47:57,ICBP,RG,8800,3,F,AK,RX,D
14:47:57,ICBP,RG,8800,29,F,BK,RX,D
14:47:55,ICBP,RG,8800,2,F,BK,DR,D
14:47:55,ICBP,RG,8825,1,D,PD,BB,D
14:47:55,ICBP,RG,8800,36,F,BK,ZP,F
14:47:54,ICBP,RG,8800,6,F,BK,ZP,F
14:47:54,ICBP,RG,8800,9,F,BK,BK,F
14:47:53,ICBP,RG,8800,4,F,BK,RX,D
14:47:53,ICBP,RG,8800,996,F,DX,RX,D
14:47:49,ICBP,RG,8800,9,F,DX,BK,F
14:47:48,ICBP,RG,8800,1,F,DX,KZ,D
14:47:47,ICBP,RG,8825,9,F,BK,BB,D
14:47:45,ICBP,RG,8825,1,F,AK,BB,D
14:47:44,ICBP,RG,8800,3,F,DX,DR,D
14:47:43,ICBP,RG,8825,200,D,YP,BB,D
14:47:42,ICBP,RG,8800,9,F,DX,BK,F
14:47:40,ICBP,RG,8825,9,F,BK,BB,D
14:47:39,ICBP,RG,8800,3,F,DX,KZ,D
14:47:37,ICBP,RG,8800,11,F,DX,ZP,F
14:47:37,ICBP,RG,8800,34,F,DX,ZP,F
14:47:37,ICBP,RG,8800,11,F,DX,ZP,F
14:47:36,ICBP,RG,8800,21,F,DX,ZP,F
14:47:35,ICBP,RG,8800,10,F,DX,BK,F
14:47:30,ICBP,RG,8800,1,F,DX,DR,D
14:47:29,ICBP,RG,8800,9,F,DX,BK,F
14:47:29,ICBP,RG,8800,3,F,DX,DR,D
14:47:28,ICBP,RG,8825,10,F,BK,BB,D
14:47:25,ICBP,RG,8800,9,F,DX,BK,F
14:47:25,ICBP,RG,8825,10,F,BK,BB,D
14:47:20,ICBP,RG,8800,10,F,DX,BK,F
14:47:17,ICBP,RG,8800,10,F,DX,BK,F
14:47:17,ICBP,RG,8800,34,F,DX,ZP,F
14:47:16,ICBP,RG,8800,8,F,DX,ZP,F
14:47:11,ICBP,RG,8800,10,F,DX,BK,F
14:47:09,ICBP,RG,8825,9,F,BK,BB,D
14:47:06,ICBP,RG,8825,8,F,BK,BB,D
14:47:03,ICBP,RG,8800,9,F,DX,BK,F
14:47:00,ICBP,RG,8800,10,F,DX,BK,F
14:46:57,ICBP,RG,8800,8,F,DX,ZP,F
14:46:56,ICBP,RG,8800,23,F,DX,ZP,F
14:46:54,ICBP,RG,8800,10,F,DX,BK,F
14:46:54,ICBP,RG,8825,9,F,BK,BB,D
14:46:49,ICBP,RG,8825,9,F,BK,BB,D
14:46:46,ICBP,RG,8800,12,F,DX,BK,F
14:46:45,ICBP,RG,8825,8,F,AK,BB,D
14:46:45,ICBP,RG,8825,10,F,AK,YP,D
14:46:40,ICBP,RG,8800,10,F,DX,BK,F
14:46:38,ICBP,RG,8800,26,F,DX,ZP,F
14:46:38,ICBP,RG,8825,1,F,BK,KK,D
14:46:38,ICBP,RG,8825,8,F,BK,CC,D
14:46:37,ICBP,RG,8800,3,F,DX,DR,D
14:46:36,ICBP,RG,8800,9,F,DX,BK,F
14:46:33,ICBP,RG,8825,1,D,PD,CC,D
14:46:30,ICBP,RG,8800,9,F,DX,BK,F
14:46:30,ICBP,RG,8825,8,F,BK,CC,D
14:46:30,ICBP,RG,8825,1,F,AK,CC,D
14:46:26,ICBP,RG,8800,35,F,DX,KK,D
14:46:22,ICBP,RG,8800,10,F,DX,BK,F
14:46:21,ICBP,RG,8800,10,F,DX,PD,D
14:46:21,ICBP,RG,8800,35,F,DX,ZP,F
14:46:20,ICBP,RG,8825,5,F,BK,CC,D
14:46:20,ICBP,RG,8825,4,F,BK,CC,D
14:46:18,ICBP,RG,8825,1,D,PD,CC,D
14:46:15,ICBP,RG,8800,12,F,DX,BK,F
14:46:15,ICBP,RG,8825,10,F,BK,CC,D
14:46:10,ICBP,RG,8800,11,F,DX,BK,F
14:46:05,ICBP,RG,8800,45,F,DX,ZP,F
14:46:04,ICBP,RG,8800,10,F,DX,BK,F
14:46:00,ICBP,RG,8825,7,F,BK,CC,D
14:46:00,ICBP,RG,8825,3,F,BK,CS,F
14:45:59,ICBP,RG,8800,8,F,DX,BK,F
14:45:59,ICBP,RG,8800,1,F,DX,DR,D
14:45:55,ICBP,RG,8825,8,F,BK,CS,F
14:45:54,ICBP,RG,8800,1,F,DX,YP,D
14:45:53,ICBP,RG,8800,8,F,DX,BK,F
14:45:51,ICBP,RG,8800,14,F,DX,BK,F
14:45:50,ICBP,RG,8800,45,F,DX,ZP,F
14:45:48,ICBP,RG,8825,9,F,BK,CS,F
14:45:45,ICBP,RG,8800,3,F,DX,DR,D
14:45:37,ICBP,RG,8800,12,F,DX,BK,F
14:45:37,ICBP,RG,8825,8,F,BK,CS,F
14:45:33,ICBP,RG,8825,10,F,BK,CS,F
14:45:33,ICBP,RG,8800,13,F,DX,BK,F
14:45:31,ICBP,RG,8800,35,F,DX,ZP,F
14:45:30,ICBP,RG,8825,1,F,AK,CS,F
14:45:24,ICBP,RG,8800,13,F,DX,BK,F
14:45:17,ICBP,RG,8825,9,F,BK,CS,F
14:45:13,ICBP,RG,8800,16,F,DX,BK,F
14:45:11,ICBP,RG,8825,9,F,BK,CS,F
14:45:09,ICBP,RG,8825,1,D,PD,CS,F
14:45:09,ICBP,RG,8800,24,F,DX,ZP,F
14:45:08,ICBP,RG,8800,12,F,DX,BK,F
14:45:04,ICBP,RG,8800,2,F,DX,DR,D
14:45:00,ICBP,RG,8825,9,F,BK,CS,F
14:44:55,ICBP,RG,8825,9,F,BK,CS,F
14:44:52,ICBP,RG,8825,16,D,OD,CS,F
14:44:51,ICBP,RG,8800,22,F,DX,ZP,F
14:44:49,ICBP,RG,8800,3,F,DX,DR,D
14:44:45,ICBP,RG,8825,9,F,BK,CS,F
14:44:45,ICBP,RG,8825,1,F,AK,CS,F
14:44:44,ICBP,RG,8800,700,F,DX,BB,D
14:44:38,ICBP,RG,8825,2,D,PD,CS,F
14:44:34,ICBP,RG,8825,9,F,BK,CS,F
14:44:33,ICBP,RG,8800,531,F,DX,RX,D
14:44:31,ICBP,RG,8800,19,F,DX,ZP,F
14:44:30,ICBP,RG,8825,1,D,YP,CS,F
14:44:24,ICBP,RG,8825,8,F,BK,CS,F
14:44:24,ICBP,RG,8825,1,F,BK,KZ,D
14:44:16,ICBP,RG,8825,9,F,BK,KZ,D
14:44:11,ICBP,RG,8800,20,F,DX,ZP,F
14:44:09,ICBP,RG,8825,3,D,YP,KZ,D
14:44:09,ICBP,RG,8825,3,F,BK,KZ,D
14:44:09,ICBP,RG,8825,1,F,BK,XC,D
14:44:09,ICBP,RG,8825,4,F,BK,CC,D
14:44:09,ICBP,RG,8825,1,F,BK,YP,D
14:44:08,ICBP,RG,8800,2,F,DX,DR,D
14:44:04,ICBP,RG,8825,11,D,OD,YP,D
14:44:04,ICBP,RG,8825,6,D,OD,GR,D
14:44:04,ICBP,RG,8825,2,D,OD,KK,D
14:44:04,ICBP,RG,8825,2,D,OD,NI,D
14:43:59,ICBP,RG,8800,100,F,DX,GR,D
14:43:57,ICBP,RG,8825,2,F,BK,NI,D
14:43:57,ICBP,RG,8825,5,F,BK,NI,D
14:43:57,ICBP,RG,8825,3,F,BK,CC,D
14:43:55,ICBP,RG,8825,1,D,CC,CC,D
14:43:55,ICBP,RG,8800,25,F,DX,ZP,F
14:43:53,ICBP,RG,8800,3,F,DX,DR,D
14:43:50,ICBP,RG,8825,3,F,BK,CC,D
14:43:50,ICBP,RG,8825,5,F,BK,ZP,D
14:43:49,ICBP,RG,8825,1,D,DH,XC,D
14:43:48,ICBP,RG,8800,1,F,DX,CC,D
14:43:44,ICBP,RG,8825,4,F,AK,XC,D
14:43:44,ICBP,RG,8825,10,F,AK,BK,F
14:43:38,ICBP,RG,8825,10,F,BK,BK,F
14:43:36,ICBP,RG,8800,27,F,DX,ZP,F
14:43:30,ICBP,RG,8825,8,F,BK,BK,F
14:43:24,ICBP,RG,8825,8,F,BK,BK,F
14:43:16,ICBP,RG,8800,24,F,DX,ZP,F
14:43:13,ICBP,RG,8825,10,F,BK,BK,F
14:43:12,ICBP,RG,8800,2,F,DX,DR,D
14:43:06,ICBP,RG,8825,5,D,PD,BK,F
14:43:05,ICBP,RG,8825,9,F,BK,BK,F
14:43:02,ICBP,RG,8825,19,D,OD,BK,F
14:43:00,ICBP,RG,8825,1,F,AK,BK,F
14:42:59,ICBP,RG,8800,4,F,DX,LG,D
14:42:58,ICBP,RG,8800,19,F,DX,ZP,F
14:42:58,ICBP,RG,8825,5,F,BK,BK,F
14:42:58,ICBP,RG,8825,3,F,BK,BK,F
14:42:57,ICBP,RG,8800,3,F,DX,DR,D
14:42:55,ICBP,RG,8825,1,D,CC,BK,F
14:42:46,ICBP,RG,8800,1,F,DX,CC,D
14:42:45,ICBP,RG,8825,9,F,BK,BK,F
14:42:40,ICBP,RG,8800,23,F,DX,ZP,F
14:42:39,ICBP,RG,8825,62,D,OD,BK,F
14:42:37,ICBP,RG,8825,9,F,BK,BK,F
14:42:37,ICBP,RG,8825,31,D,OD,BK,F
14:42:37,ICBP,RG,8825,45,D,OD,BK,F
14:42:27,ICBP,RG,8825,1,D,PD,BK,F
14:42:25,ICBP,RG,8825,10,F,BK,BK,F
14:42:21,ICBP,RG,8800,20,F,DX,ZP,F
14:42:16,ICBP,RG,8800,1,F,DX,DR,D
14:42:15,ICBP,RG,8825,13,F,BK,BK,F
14:42:04,ICBP,RG,8800,20,F,DX,ZP,F
14:42:03,ICBP,RG,8825,10,F,BK,BK,F
14:42:02,ICBP,RG,8825,21,D,OD,BK,F
14:42:01,ICBP,RG,8800,3,F,DX,DR,D
14:42:00,ICBP,RG,8825,1,F,AK,BK,F
14:41:53,ICBP,RG,8825,2,D,CC,BK,F
14:41:48,ICBP,RG,8825,12,F,BK,BK,F
14:41:47,ICBP,RG,8800,14,F,DX,BK,F
14:41:46,ICBP,RG,8800,19,F,DX,ZP,F
14:41:45,ICBP,RG,8800,2,F,DX,LG,D
14:41:43,ICBP,RG,8825,1,D,XC,PD,D
14:41:42,ICBP,RG,8825,9,F,BK,PD,D
14:41:39,ICBP,RG,8800,17,F,DX,BK,F
14:41:39,ICBP,RG,8800,21,F,DX,KZ,D
14:41:34,ICBP,RG,8800,39,F,DX,YU,F
14:41:32,ICBP,RG,8800,1,F,DX,CC,D
14:41:30,ICBP,RG,8825,4,F,BK,PD,D
14:41:30,ICBP,RG,8825,6,F,BK,EP,D
14:41:28,ICBP,RG,8800,20,F,DX,ZP,F
14:41:23,ICBP,RG,8825,4,F,BK,EP,D
14:41:23,ICBP,RG,8825,1,F,BK,XC,D
14:41:23,ICBP,RG,8825,5,F,BK,BK,F
14:41:20,ICBP,RG,8800,2,F,DX,DR,D
14:41:11,ICBP,RG,8800,21,F,DX,ZP,F
14:41:05,ICBP,RG,8825,13,F,BK,BK,F
14:41:05,ICBP,RG,8800,3,F,DX,DR,D
14:41:00,ICBP,RG,8800,1,F,DX,YU,F
14:41:00,ICBP,RG,8825,19,D,OD,BK,F
14:40:54,ICBP,RG,8825,1,D,CC,BK,F
14:40:53,ICBP,RG,8800,21,F,DX,ZP,F
14:40:52,ICBP,RG,8800,16,F,DX,BK,F
14:40:52,ICBP,RG,8825,14,F,BK,BK,F
14:40:52,ICBP,RG,8800,3,F,DX,LG,D
14:40:41,ICBP,RG,8825,8,F,BK,BK,F
14:40:37,ICBP,RG,8800,22,F,DX,ZP,F
14:40:34,ICBP,RG,8825,2,D,PD,BK,F
14:40:30,ICBP,RG,8825,16,F,AK,BK,F
14:40:28,ICBP,RG,8825,12,F,BK,BK,F
14:40:24,ICBP,RG,8800,2,F,DX,DR,D
14:40:20,ICBP,RG,8825,9,F,BK,BK,F
14:40:19,ICBP,RG,8800,25,F,DX,ZP,F
14:40:18,ICBP,RG,8800,1,F,DX,CC,D
14:40:16,ICBP,RG,8800,4,F,DX,YP,D
14:40:11,ICBP,RG,8800,1,F,DX,DR,D
14:40:09,ICBP,RG,8800,2,F,DX,DR,D
14:40:08,ICBP,RG,8825,8,F,BK,BK,F
14:40:08,ICBP,RG,8825,2,F,BK,PD,D
14:40:08,ICBP,RG,8825,2,F,BK,BK,F
14:40:03,ICBP,RG,8800,4,F,DX,GR,D
14:40:00,ICBP,RG,8800,20,F,DX,ZP,F
14:39:58,ICBP,RG,8825,21,D,OD,BK,F
14:39:57,ICBP,RG,8825,1,D,KK,BK,F
14:39:55,ICBP,RG,8825,11,F,BK,BK,F
14:39:45,ICBP,RG,8825,1,F,AK,BK,F
14:39:44,ICBP,RG,8825,10,F,BK,BK,F
14:39:41,ICBP,RG,8800,22,F,DX,ZP,F
14:39:35,ICBP,RG,8825,5,D,SQ,BK,F
14:39:34,ICBP,RG,8825,10,F,BK,BK,F
14:39:28,ICBP,RG,8800,5,F,DX,CC,D
14:39:18,ICBP,RG,8800,17,F,DX,ZP,F
14:39:17,ICBP,RG,8825,2,D,CC,BK,F
14:39:17,ICBP,RG,8825,15,F,BK,BK,F
14:39:13,ICBP,RG,8800,2,F,DX,DR,D
14:39:05,ICBP,RG,8825,9,F,BK,BK,F
14:39:04,ICBP,RG,8800,1,F,DX,CC,D
14:39:01,ICBP,RG,8800,24,F,DX,ZP,F
14:38:56,ICBP,RG,8825,19,D,OD,BK,F
14:38:56,ICBP,RG,8825,1,D,OD,SQ,D
14:38:46,ICBP,RG,8825,20,F,BK,SQ,D
14:38:45,ICBP,RG,8800,21,F,DX,ZP,F
14:38:45,ICBP,RG,8800,34,F,DX,BK,F
14:38:32,ICBP,RG,8825,3,D,SQ,SQ,D
14:38:30,ICBP,RG,8825,1,F,AK,SQ,D
14:38:30,ICBP,RG,8825,3,F,AK,BK,F
14:38:29,ICBP,RG,8800,17,F,DX,ZP,F
14:38:28,ICBP,RG,8825,15,F,BK,BK,F
14:38:22,ICBP,RG,8800,1,F,DX,PD,D
14:38:17,ICBP,RG,8825,11,F,BK,BK,F
14:38:10,ICBP,RG,8800,18,F,DX,ZP,F
14:38:10,ICBP,RG,8825,1,D,PD,BK,F
14:38:00,ICBP,RG,8800,19,F,DX,YU,F
14:38:00,ICBP,RG,8825,1,F,AK,BK,F
14:37:53,ICBP,RG,8825,18,D,OD,BK,F
14:37:52,ICBP,RG,8825,21,F,BK,BK,F
14:37:51,ICBP,RG,8800,16,F,DX,ZP,F
14:37:50,ICBP,RG,8800,1,F,DX,CC,D
14:37:44,ICBP,RG,8825,4,F,AK,BK,F
14:37:41,ICBP,RG,8825,10,F,BK,BK,F
14:37:36,ICBP,RG,8800,17,F,DX,ZP,F
14:37:29,ICBP,RG,8825,15,F,BK,BK,F
14:37:27,ICBP,RG,8800,20,F,DX,BK,F
14:37:16,ICBP,RG,8800,14,F,DX,ZP,F
14:37:09,ICBP,RG,8825,7,F,BK,BK,F
14:37:09,ICBP,RG,8825,6,F,BK,YP,D
14:37:02,ICBP,RG,8825,4,D,CC,YP,D
14:37:02,ICBP,RG,8825,1,D,CC,YP,D
14:37:02,ICBP,RG,8825,17,D,CC,YP,D
14:37:00,ICBP,RG,8825,8,F,BK,YP,D
14:37:00,ICBP,RG,8825,2,F,BK,PD,D
14:37:00,ICBP,RG,8825,1,F,BK,BK,F
14:36:56,ICBP,RG,8800,15,F,DX,ZP,F
14:36:56,ICBP,RG,8825,19,D,OD,BK,F
14:36:55,ICBP,RG,8800,20,F,DX,CC,D
14:36:49,ICBP,RG,8825,2,D,CC,BK,F
14:36:46,ICBP,RG,8825,5,F,AK,BK,F
14:36:45,ICBP,RG,8825,1,F,AK,BK,F
14:36:41,ICBP,RG,8825,14,F,BK,BK,F
14:36:36,ICBP,RG,8800,1,F,DX,CC,D
14:36:36,ICBP,RG,8800,29,F,DX,BK,F
14:36:36,ICBP,RG,8800,15,F,DX,ZP,F
14:36:25,ICBP,RG,8800,4,F,DX,GR,D
14:36:17,ICBP,RG,8825,22,F,BK,BK,F
14:36:16,ICBP,RG,8800,16,F,DX,ZP,F
14:36:12,ICBP,RG,8825,2,D,PD,BK,F
14:36:05,ICBP,RG,8800,1,F,DX,PD,D
14:36:01,ICBP,RG,8800,13,F,DX,ZP,F
14:36:00,ICBP,RG,8825,12,F,BK,BK,F
14:35:53,ICBP,RG,8825,19,D,OD,BK,F
14:35:45,ICBP,RG,8800,7,F,DX,ZP,F
14:35:40,ICBP,RG,8825,10,F,BK,BK,F
14:35:40,ICBP,RG,8825,10,F,BK,KZ,D
14:35:36,ICBP,RG,8800,20,F,DX,BK,F
14:35:27,ICBP,RG,8825,4,F,BK,NI,D
14:35:27,ICBP,RG,8825,1,F,BK,TF,D
14:35:27,ICBP,RG,8825,6,F,BK,ZP,F
14:35:21,ICBP,RG,8800,6,F,DX,GR,D
14:35:16,ICBP,RG,8800,32,F,DX,BK,F
14:35:15,ICBP,RG,8825,1,F,AK,ZP,F
14:35:14,ICBP,RG,8825,9,F,AK,ZP,F
14:34:59,ICBP,RG,8825,5,F,BK,XC,D
14:34:59,ICBP,RG,8825,10,F,BK,SQ,D
14:34:59,ICBP,RG,8825,10,F,BK,ZP,F
14:34:57,ICBP,RG,8825,1,D,OD,ZP,F
14:34:57,ICBP,RG,8825,11,D,OD,ZP,F
14:34:57,ICBP,RG,8825,5,D,OD,ZP,F
14:34:51,ICBP,RG,8800,12,F,DX,ZP,F
14:34:45,ICBP,RG,8800,5,F,DX,DH,D
14:34:45,ICBP,RG,8800,47,F,DX,BK,F
14:34:42,ICBP,RG,8825,4,F,BK,ZP,F
14:34:42,ICBP,RG,8825,2,F,BK,YP,D
14:34:42,ICBP,RG,8825,1,F,BK,NI,D
14:34:42,ICBP,RG,8825,1,F,BK,KZ,D
14:34:42,ICBP,RG,8825,4,F,BK,YP,D
14:34:42,ICBP,RG,8825,1,F,BK,CC,D
14:34:42,ICBP,RG,8825,1,F,BK,XC,D
14:34:42,ICBP,RG,8825,2,F,BK,XC,D
14:34:29,ICBP,RG,8800,16,F,DX,ZP,F
14:34:28,ICBP,RG,8825,3,D,PD,XC,D
14:34:27,ICBP,RG,8800,18,F,DX,BK,F
14:34:26,ICBP,RG,8825,7,D,XL,XC,D
14:34:26,ICBP,RG,8825,2,D,XL,CC,D
14:34:26,ICBP,RG,8825,3,D,XL,PD,D
14:34:15,ICBP,RG,8825,2,D,CC,PD,D
14:34:13,ICBP,RG,8800,13,F,DX,ZP,F
14:34:12,ICBP,RG,8800,23,F,DX,BK,F
14:34:08,ICBP,RG,8800,1,F,DX,CC,D
14:34:07,ICBP,RG,8825,3,F,BK,PD,D
14:34:07,ICBP,RG,8825,2,F,BK,CC,D
14:34:07,ICBP,RG,8825,2,F,BK,PD,D
14:34:07,ICBP,RG,8825,1,F,BK,PD,D
14:34:07,ICBP,RG,8825,11,F,BK,PD,D
14:34:07,ICBP,RG,8825,2,F,BK,SQ,D
14:34:07,ICBP,RG,8825,7,F,BK,RX,D
14:34:00,ICBP,RG,8800,21,F,DX,YU,F
14:33:59,ICBP,RG,8825,21,D,OD,RX,D
14:33:56,ICBP,RG,8800,14,F,DX,ZP,F
14:33:55,ICBP,RG,8800,32,F,DX,BK,F
14:33:49,ICBP,RG,8800,25,F,DX,KZ,D
14:33:38,ICBP,RG,8800,10,F,DX,CC,D
14:33:36,ICBP,RG,8800,12,F,DX,ZP,F
14:33:33,ICBP,RG,8825,27,F,BK,RX,D
14:33:32,ICBP,RG,8800,30,F,DX,BK,F
14:33:21,ICBP,RG,8800,11,F,DX,ZP,F
14:33:15,ICBP,RG,8825,1,F,AK,RX,D
14:33:13,ICBP,RG,8800,24,F,DX,BK,F
14:33:05,ICBP,RG,8825,26,F,BK,RX,D
14:33:02,ICBP,RG,8800,21,F,DX,BK,F
14:33:01,ICBP,RG,8800,11,F,DX,ZP,F
14:32:59,ICBP,RG,8825,19,D,OD,RX,D
14:32:53,ICBP,RG,8825,4,F,AK,RX,D
14:32:52,ICBP,RG,8800,1,F,DX,CC,D
14:32:45,ICBP,RG,8800,10,F,DX,ZP,F
14:32:44,ICBP,RG,8825,16,F,BK,RX,D
14:32:42,ICBP,RG,8800,25,F,DX,BK,F
14:32:37,ICBP,RG,8825,10,D,CC,RX,D
14:32:34,ICBP,RG,8825,11,F,BK,RX,D
14:32:30,ICBP,RG,8800,11,F,DX,ZP,F
14:32:29,ICBP,RG,8825,1,D,ZP,RX,D
14:32:25,ICBP,RG,8825,2,D,PD,RX,D
14:32:14,ICBP,RG,8800,10,F,DX,ZP,F
14:32:11,ICBP,RG,8825,15,F,BK,RX,D
14:32:02,ICBP,RG,8800,5,F,DX,DH,D
14:32:01,ICBP,RG,8825,23,D,OD,RX,D
14:32:00,ICBP,RG,8800,52,F,DX,BK,F
14:31:56,ICBP,RG,8800,13,F,DX,ZP,F
14:31:45,ICBP,RG,8825,2,D,CC,RX,D
14:31:45,ICBP,RG,8825,21,F,BK,RX,D
14:31:41,ICBP,RG,8800,14,F,DX,ZP,F
14:31:38,ICBP,RG,8800,1,F,DX,CC,D
14:31:38,ICBP,RG,8800,34,F,DX,BK,F
14:31:27,ICBP,RG,8825,4,F,AK,RX,D
14:31:26,ICBP,RG,8800,11,F,DX,ZP,F
14:31:24,ICBP,RG,8825,20,F,BK,RX,D
14:31:12,ICBP,RG,8800,34,F,DX,BK,F
14:31:11,ICBP,RG,8800,16,F,DX,ZP,F
14:31:03,ICBP,RG,8825,17,F,BK,RX,D
14:31:00,ICBP,RG,8825,1,F,AK,RX,D
14:30:57,ICBP,RG,8825,17,D,OD,RX,D
14:30:56,ICBP,RG,8800,16,F,DX,ZP,F
14:30:43,ICBP,RG,8825,13,F,BK,RX,D
14:30:36,ICBP,RG,8800,15,F,DX,ZP,F
14:30:29,ICBP,RG,8800,63,F,DX,BK,F
14:30:24,ICBP,RG,8800,1,F,DX,CC,D
14:30:24,ICBP,RG,8825,1,D,PD,RX,D
14:30:23,ICBP,RG,8825,18,F,BK,RX,D
14:30:21,ICBP,RG,8800,13,F,DX,ZP,F
14:30:12,ICBP,RG,8800,24,F,DX,BK,F
14:30:00,ICBP,RG,8800,11,F,DX,ZP,F
14:30:00,ICBP,RG,8825,5,F,AK,RX,D
14:30:00,ICBP,RG,8800,21,F,DX,YU,F
14:29:59,ICBP,RG,8825,19,D,OD,RX,D
14:29:57,ICBP,RG,8825,30,D,SQ,RX,D
14:29:47,ICBP,RG,8825,27,F,BK,RX,D
14:29:41,ICBP,RG,8800,14,F,DX,ZP,F
14:29:40,ICBP,RG,8825,62,D,OD,RX,D
14:29:29,ICBP,RG,8800,53,F,DX,BK,F
14:29:26,ICBP,RG,8800,12,F,DX,ZP,F
14:29:10,ICBP,RG,8800,1,F,DX,CC,D
14:29:07,ICBP,RG,8800,17,F,DX,ZP,F
14:29:07,ICBP,RG,8825,2,D,CC,RX,D
14:29:07,ICBP,RG,8825,36,F,BK,RX,D
14:28:58,ICBP,RG,8825,62,D,OD,RX,D
14:28:57,ICBP,RG,8825,1,D,HP,RX,D
14:28:57,ICBP,RG,8825,20,D,OD,RX,D
14:28:53,ICBP,RG,8825,62,D,OD,RX,D
14:28:52,ICBP,RG,8825,1,D,XC,RX,D
14:28:51,ICBP,RG,8800,55,F,DX,BK,F
14:28:51,ICBP,RG,8800,14,F,DX,ZP,F
14:28:45,ICBP,RG,8825,1,F,AK,RX,D
14:28:44,ICBP,RG,8800,1,F,DX,XC,D
14:28:39,ICBP,RG,8825,24,F,BK,RX,D
14:28:36,ICBP,RG,8825,2,D,PD,RX,D
14:28:31,ICBP,RG,8800,14,F,DX,ZP,F
14:28:15,ICBP,RG,8825,18,F,BK,RX,D
14:28:15,ICBP,RG,8800,17,F,DX,ZP,F
14:28:15,ICBP,RG,8825,3,F,AK,RX,D
14:28:05,ICBP,RG,8800,62,F,DX,BK,F
14:27:58,ICBP,RG,8800,13,F,DX,ZP,F
14:27:56,ICBP,RG,8800,1,F,DX,CC,D
14:27:55,ICBP,RG,8825,20,D,OD,RX,D
14:27:51,ICBP,RG,8825,15,F,BK,RX,D
14:27:45,ICBP,RG,8825,2,F,AK,RX,D
14:27:41,ICBP,RG,8800,13,F,DX,ZP,F
14:27:38,ICBP,RG,8825,1,D,PD,RX,D
14:27:24,ICBP,RG,8800,55,F,DX,BK,F
14:27:22,ICBP,RG,8800,14,F,DX,ZP,F
14:27:14,ICBP,RG,8825,2,F,AK,RX,D
14:27:10,ICBP,RG,8825,34,F,BK,RX,D
14:27:04,ICBP,RG,8800,13,F,DX,ZP,F
14:27:03,ICBP,RG,8825,5,D,PD,RX,D
14:27:00,ICBP,RG,8825,1,F,AK,RX,D
14:26:57,ICBP,RG,8825,17,D,OD,RX,D
14:26:52,ICBP,RG,8800,113,F,DX,YP,D
14:26:51,ICBP,RG,8800,44,F,DX,BK,F
14:26:46,ICBP,RG,8800,17,F,DX,ZP,F
14:26:42,ICBP,RG,8800,1,F,DX,CC,D
14:26:37,ICBP,RG,8825,3,D,CC,RX,D
14:26:26,ICBP,RG,8800,17,F,DX,ZP,F
14:26:25,ICBP,RG,8825,36,F,BK,RX,D
14:26:20,ICBP,RG,8825,3,F,AK,RX,D
14:26:19,ICBP,RG,8800,43,F,DX,BK,F
14:26:06,ICBP,RG,8800,14,F,DX,ZP,F
14:25:55,ICBP,RG,8825,19,D,OD,RX,D
14:25:54,ICBP,RG,8800,22,F,DX,KZ,D
14:25:50,ICBP,RG,8800,32,F,DX,BK,F
14:25:48,ICBP,RG,8825,27,F,BK,RX,D
14:25:45,ICBP,RG,8800,10,F,DX,ZP,F
14:25:44,ICBP,RG,8825,50,D,SQ,RX,D
14:25:28,ICBP,RG,8825,3,F,AK,RX,D
14:25:28,ICBP,RG,8800,1,F,DX,CC,D
14:25:28,ICBP,RG,8825,40,F,ZP,RX,D
14:25:27,ICBP,RG,8800,11,F,DX,ZP,F
14:25:25,ICBP,RG,8800,33,F,DX,BK,F
14:25:20,ICBP,RG,8825,24,F,BK,RX,D
14:25:11,ICBP,RG,8800,10,F,DX,ZP,F
14:25:00,ICBP,RG,8800,19,F,DX,YU,F
14:24:53,ICBP,RG,8800,35,F,DX,YP,D
14:24:52,ICBP,RG,8800,17,F,DX,ZP,F
14:24:51,ICBP,RG,8825,19,D,OD,RX,D
14:24:42,ICBP,RG,8800,57,F,DX,BK,F
14:24:42,ICBP,RG,8825,10,D,XC,RX,D
14:24:35,ICBP,RG,8800,14,F,DX,ZP,F
14:24:35,ICBP,RG,8825,25,F,ZP,RX,D
14:24:21,ICBP,RG,8825,4,F,AK,RX,D
14:24:20,ICBP,RG,8825,2,D,PD,RX,D
14:24:16,ICBP,RG,8800,12,F,DX,ZP,F
14:24:07,ICBP,RG,8825,2,D,CC,RX,D
14:24:01,ICBP,RG,8825,53,F,ZP,RX,D
14:23:55,ICBP,RG,8800,12,F,DX,ZP,F
14:23:54,ICBP,RG,8800,50,F,DX,YP,D
14:23:51,ICBP,RG,8825,21,D,OD,RX,D
14:23:44,ICBP,RG,8800,80,F,DX,BK,F
14:23:36,ICBP,RG,8800,13,F,DX,ZP,F
14:23:25,ICBP,RG,8800,10,F,DX,XC,D
14:23:16,ICBP,RG,8800,13,F,DX,ZP,F
14:22:58,ICBP,RG,8800,1,F,DX,CC,D
14:22:56,ICBP,RG,8800,60,F,DX,BK,F
14:22:56,ICBP,RG,8800,12,F,DX,ZP,F
14:22:49,ICBP,RG,8825,20,D,OD,RX,D
14:22:36,ICBP,RG,8800,12,F,DX,ZP,F
14:22:29,ICBP,RG,8825,1,D,XC,RX,D
14:22:21,ICBP,RG,8800,11,F,DX,ZP,F
14:22:01,ICBP,RG,8800,11,F,DX,ZP,F
14:22:00,ICBP,RG,8800,23,F,DX,YU,F
14:21:49,ICBP,RG,8825,21,D,OD,RX,D
14:21:44,ICBP,RG,8800,8,F,DX,ZP,F
14:21:44,ICBP,RG,8800,58,F,DX,BK,F
14:21:44,ICBP,RG,8800,4,F,AK,BK,F
14:21:44,ICBP,RG,8800,3,F,AK,BK,F
14:21:44,ICBP,RG,8800,2,D,PD,BK,F
14:21:44,ICBP,RG,8800,5,D,SQ,BK,F
14:21:44,ICBP,RG,8800,2,D,NI,BK,F
14:21:44,ICBP,RG,8800,1,D,XC,BK,F
14:21:44,ICBP,RG,8800,15,D,HP,BK,F
14:21:44,ICBP,RG,8800,1,D,HP,CC,D
14:21:27,ICBP,RG,8825,2,D,CC,RX,D
14:21:26,ICBP,RG,8800,4,D,HP,ZP,F
14:21:26,ICBP,RG,8800,1,D,XC,ZP,F
14:21:26,ICBP,RG,8800,5,D,NI,ZP,F
14:21:24,ICBP,RG,8800,3,D,NI,DH,D
14:21:17,ICBP,RG,8800,2,D,NI,EP,D
14:21:17,ICBP,RG,8800,1,D,XC,EP,D
14:21:17,ICBP,RG,8800,5,D,YP,EP,D
14:21:17,ICBP,RG,8800,1,D,AT,EP,D
14:21:17,ICBP,RG,8800,1,D,PD,EP,D
14:21:11,ICBP,RG,8800,9,D,PD,ZP,F
14:21:11,ICBP,RG,8800,6,D,SQ,ZP,F
14:20:57,ICBP,RG,8800,2,D,YP,BK,F
14:20:57,ICBP,RG,8800,1,D,PD,BK,F
14:20:57,ICBP,RG,8800,2,D,OD,BK,F
14:20:57,ICBP,RG,8800,1,F,AK,BK,F
14:20:57,ICBP,RG,8800,1,F,AK,BK,F
14:20:57,ICBP,RG,8800,10,D,EP,BK,F
14:20:57,ICBP,RG,8800,1,D,YP,BK,F
14:20:57,ICBP,RG,8800,5,D,PD,BK,F
14:20:57,ICBP,RG,8800,1,D,CC,BK,F
14:20:57,ICBP,RG,8800,1,D,XL,BK,F
14:20:57,ICBP,RG,8800,35,D,YP,BK,F
14:20:55,ICBP,RG,8825,1,D,PD,RX,D
14:20:54,ICBP,RG,8800,14,D,YP,ZP,F
14:20:47,ICBP,RG,8825,20,D,OD,RX,D
14:20:45,ICBP,RG,8825,100,D,NI,RX,D
14:20:45,ICBP,RG,8825,3,F,AK,RX,D
14:20:35,ICBP,RG,8800,1,D,YP,ZP,F
14:20:35,ICBP,RG,8800,2,D,XC,ZP,F
14:20:35,ICBP,RG,8800,2,D,PD,ZP,F
14:20:35,ICBP,RG,8800,5,D,PD,ZP,F
14:20:35,ICBP,RG,8800,3,D,KK,ZP,F
14:20:35,ICBP,RG,8800,6,D,KK,DH,D
14:20:32,ICBP,RG,8800,1,D,KK,CC,D
14:20:30,ICBP,RG,8800,1,D,KK,CC,D
14:20:30,ICBP,RG,8825,1,F,AK,RX,D
14:20:28,ICBP,RG,8800,1,D,KK,AT,D
14:20:28,ICBP,RG,8825,2,D,PD,RX,D
14:20:24,ICBP,RG,8800,1,D,PD,PD,D
14:20:24,ICBP,RG,8800,1,D,XC,PD,D
14:20:16,ICBP,RG,8800,3,D,XC,ZP,F
14:20:16,ICBP,RG,8800,5,D,XC,ZP,F
14:20:16,ICBP,RG,8800,1,D,PD,ZP,F
14:20:16,ICBP,RG,8800,1,D,CC,ZP,F
14:20:16,ICBP,RG,8800,3,D,PD,ZP,F
14:20:03,ICBP,RG,8800,3,D,YB,CC,D
14:20:01,ICBP,RG,8800,2,D,YB,ZP,F
14:20:01,ICBP,RG,8800,2,D,PD,ZP,F
14:20:01,ICBP,RG,8800,6,D,SQ,ZP,F
14:20:00,ICBP,RG,8825,3,F,AK,RX,D
14:19:50,ICBP,RG,8800,4,D,SQ,BK,F
14:19:50,ICBP,RG,8800,1,D,PD,BK,F
14:19:50,ICBP,RG,8800,10,D,NI,BK,F
14:19:50,ICBP,RG,8800,10,D,CC,BK,F
14:19:50,ICBP,RG,8800,1,D,CC,BK,F
14:19:50,ICBP,RG,8800,1,D,PD,BK,F
14:19:50,ICBP,RG,8800,6,D,LG,BK,F
14:19:50,ICBP,RG,8800,1,D,ZP,BK,F
14:19:50,ICBP,RG,8800,1,D,CC,BK,F
14:19:50,ICBP,RG,8800,3,D,CC,BK,F
14:19:50,ICBP,RG,8800,1,D,YP,BK,F
14:19:50,ICBP,RG,8800,40,D,PD,BK,F
14:19:47,ICBP,RG,8825,20,D,OD,RX,D
14:19:41,ICBP,RG,8800,10,D,PD,ZP,F
14:19:21,ICBP,RG,8800,10,D,PD,ZP,F
14:19:16,ICBP,RG,8800,1,D,PD,CC,D
14:19:01,ICBP,RG,8800,10,D,PD,ZP,F
14:18:49,ICBP,RG,8825,2,D,CC,RX,D
14:18:48,ICBP,RG,8800,9,D,PD,BK,F
14:18:48,ICBP,RG,8800,71,F,BK,BK,F
14:18:45,ICBP,RG,8825,18,D,OD,RX,D
14:18:44,ICBP,RG,8800,12,F,BK,ZP,F
14:18:26,ICBP,RG,8800,10,F,BK,ZP,F
14:18:15,ICBP,RG,8800,13,F,BK,BK,F
14:18:15,ICBP,RG,8800,3,F,AK,BK,F
14:18:15,ICBP,RG,8800,22,F,ZP,BK,F
14:18:15,ICBP,RG,8825,1,F,AK,RX,D
14:18:14,ICBP,RG,8825,1,D,PD,RX,D
14:18:05,ICBP,RG,8800,10,F,ZP,ZP,F
14:18:05,ICBP,RG,8825,10,D,PD,RX,D
14:18:02,ICBP,RG,8800,1,F,ZP,CC,D
14:18:00,ICBP,RG,8825,1,D,XC,RX,D
14:18:00,ICBP,RG,8800,20,F,ZP,YU,F
14:17:47,ICBP,RG,8825,16,D,OD,RX,D
14:17:46,ICBP,RG,8800,11,F,ZP,ZP,F
14:17:26,ICBP,RG,8800,9,F,ZP,ZP,F
14:17:23,ICBP,RG,8825,1,F,ZP,RX,D
14:17:06,ICBP,RG,8800,9,F,ZP,ZP,F
14:17:05,ICBP,RG,8825,100,D,YP,RX,D
14:17:00,ICBP,RG,8825,3,F,AK,RX,D
14:16:48,ICBP,RG,8800,9,F,ZP,ZP,F
14:16:48,ICBP,RG,8800,1,F,ZP,CC,D
14:16:47,ICBP,RG,8825,21,D,OD,RX,D
14:16:42,ICBP,RG,8800,106,F,ZP,BK,F
14:16:41,ICBP,RG,8825,57,D,NI,RX,D
14:16:30,ICBP,RG,8800,10,F,ZP,ZP,F
14:16:26,ICBP,RG,8825,2,D,PD,RX,D
14:16:17,ICBP,RG,8825,2,D,CC,RX,D
14:16:11,ICBP,RG,8800,10,F,ZP,ZP,F
14:15:49,ICBP,RG,8800,9,F,ZP,ZP,F
14:15:45,ICBP,RG,8825,15,D,OD,RX,D
14:15:36,ICBP,RG,8800,86,F,ZP,BK,F
14:15:34,ICBP,RG,8800,1,F,ZP,CC,D
14:15:31,ICBP,RG,8800,9,F,ZP,ZP,F
14:15:15,ICBP,RG,8800,7,F,ZP,ZP,F
14:15:00,ICBP,RG,8800,19,F,ZP,YU,F
14:15:00,ICBP,RG,8825,1,F,AK,RX,D
14:14:56,ICBP,RG,8800,11,F,ZP,ZP,F
14:14:56,ICBP,RG,8825,4,D,PD,RX,D
14:14:43,ICBP,RG,8825,1,D,OD,RX,D
14:14:41,ICBP,RG,8800,9,F,ZP,ZP,F
14:14:21,ICBP,RG,8800,11,F,ZP,ZP,F
14:14:20,ICBP,RG,8800,1,F,ZP,CC,D
14:14:18,ICBP,RG,8825,1,D,PD,RX,D
14:14:17,ICBP,RG,8825,3,D,PD,RX,D
14:14:06,ICBP,RG,8800,11,F,ZP,ZP,F
14:13:55,ICBP,RG,8800,6,F,ZP,XC,D
14:13:51,ICBP,RG,8800,10,F,ZP,ZP,F
14:13:44,ICBP,RG,8800,102,F,ZP,BK,F
14:13:43,ICBP,RG,8825,2,D,CC,RX,D
14:13:41,ICBP,RG,8825,1,D,OD,RX,D
14:13:36,ICBP,RG,8800,15,F,ZP,ZP,F
14:13:30,ICBP,RG,8825,433,F,ZP,RX,D
14:13:30,ICBP,RG,8825,10,F,ZP,NI,D
14:13:30,ICBP,RG,8825,1,F,ZP,XC,D
14:13:30,ICBP,RG,8825,2,F,ZP,DH,D
14:13:30,ICBP,RG,8825,1,F,ZP,XC,D
14:13:30,ICBP,RG,8825,210,F,ZP,BB,D
14:13:16,ICBP,RG,8800,15,F,ZP,ZP,F
14:13:10,ICBP,RG,8800,55,F,ZP,BB,D
14:13:10,ICBP,RG,8800,62,D,OD,BB,D
14:13:10,ICBP,RG,8800,1,D,NI,BB,D
14:13:10,ICBP,RG,8800,1,D,YP,BB,D
14:13:10,ICBP,RG,8800,3,F,AK,BB,D
14:13:10,ICBP,RG,8800,3,F,AK,BB,D
14:13:10,ICBP,RG,8800,3,F,AK,BB,D
14:13:10,ICBP,RG,8800,372,F,BK,BB,D
14:13:04,ICBP,RG,8800,1,F,BK,CC,D
14:12:59,ICBP,RG,8800,1,F,BK,XC,D
14:12:59,ICBP,RG,8800,12,F,DX,KZ,D
14:12:59,ICBP,RG,8800,11,F,DX,ZP,F
14:12:58,ICBP,RG,8825,1,D,PD,BB,D
14:12:58,ICBP,RG,8825,30,F,ZP,BB,D
14:12:57,ICBP,RG,8800,2334,F,DX,XA,F
14:12:55,ICBP,RG,8825,63,F,BK,BB,D
14:12:41,ICBP,RG,8800,12,F,DX,ZP,F
14:12:41,ICBP,RG,8825,1,D,OD,BB,D
14:12:30,ICBP,RG,8825,1,F,AK,BB,D
14:12:25,ICBP,RG,8800,15,F,DX,ZP,F
14:12:24,ICBP,RG,8825,2,D,PD,BB,D
14:12:07,ICBP,RG,8825,2,F,AK,BB,D
14:12:06,ICBP,RG,8800,13,F,DX,ZP,F
14:11:47,ICBP,RG,8800,16,F,DX,ZP,F
14:11:41,ICBP,RG,8825,1,D,OD,BB,D
14:11:33,ICBP,RG,8825,62,D,OD,BB,D
14:11:31,ICBP,RG,8800,13,F,DX,ZP,F
14:11:30,ICBP,RG,8825,2,F,AK,BB,D
14:11:24,ICBP,RG,8825,44,F,BK,BB,D
14:11:11,ICBP,RG,8800,17,F,DX,ZP,F
14:11:05,ICBP,RG,8825,2,D,CC,BB,D
14:10:51,ICBP,RG,8800,14,F,DX,ZP,F
14:10:41,ICBP,RG,8825,1,D,OD,BB,D
14:10:36,ICBP,RG,8800,15,F,DX,ZP,F
14:10:36,ICBP,RG,8800,1,F,DX,CC,D
14:10:30,ICBP,RG,8825,2,F,AK,BB,D
14:10:26,ICBP,RG,8825,37,F,ZP,BB,D
14:10:26,ICBP,RG,8800,10,F,DX,EP,D
14:10:24,ICBP,RG,8825,27,F,BK,BB,D
14:10:20,ICBP,RG,8825,1,D,PD,BB,D
14:10:14,ICBP,RG,8800,10,F,DX,ZP,F
14:10:00,ICBP,RG,8825,2,F,AK,BB,D
14:10:00,ICBP,RG,8825,1,F,AK,BB,D
14:09:58,ICBP,RG,8800,9,F,DX,ZP,F
14:09:43,ICBP,RG,8825,1,D,OD,BB,D
14:09:39,ICBP,RG,8800,10,F,DX,ZP,F
14:09:22,ICBP,RG,8800,10,F,DX,ZP,F
14:09:22,ICBP,RG,8800,1,F,DX,CC,D
14:09:15,ICBP,RG,8825,2,F,AK,BB,D
14:09:06,ICBP,RG,8800,9,F,DX,ZP,F
14:08:55,ICBP,RG,8825,5,F,ZP,BB,D
14:08:55,ICBP,RG,8825,2,F,ZP,YP,D
14:08:55,ICBP,RG,8825,3,F,ZP,YP,D
14:08:55,ICBP,RG,8825,10,F,ZP,NI,D
14:08:55,ICBP,RG,8825,22,F,ZP,NI,D
14:08:45,ICBP,RG,8800,12,F,DX,ZP,F
14:08:45,ICBP,RG,8825,1,D,OD,NI,D
14:08:35,ICBP,RG,8825,50,F,BK,NI,D
14:08:31,ICBP,RG,8825,2,D,CC,NI,D
14:08:27,ICBP,RG,8825,1,D,PD,NI,D
14:08:24,ICBP,RG,8800,12,F,DX,ZP,F
14:08:15,ICBP,RG,8825,3,F,AK,NI,D
14:08:15,ICBP,RG,8825,1,F,AK,NI,D
14:08:08,ICBP,RG,8800,1,F,DX,CC,D
14:08:06,ICBP,RG,8800,7,F,DX,ZP,F
14:07:56,ICBP,RG,8825,1,D,PD,NI,D
14:07:47,ICBP,RG,8800,9,F,DX,ZP,F
14:07:45,ICBP,RG,8825,1,D,OD,NI,D
14:07:31,ICBP,RG,8800,10,F,DX,ZP,F
14:07:15,ICBP,RG,8825,2,F,AK,NI,D
14:07:14,ICBP,RG,8825,3,D,YP,NI,D
14:07:10,ICBP,RG,8800,8,F,DX,ZP,F
14:06:54,ICBP,RG,8800,1,F,DX,CC,D
14:06:53,ICBP,RG,8800,9,F,DX,ZP,F
14:06:52,ICBP,RG,8825,13,F,BK,NI,D
14:06:52,ICBP,RG,8825,5,F,BK,SQ,D
14:06:52,ICBP,RG,8825,1,F,BK,NI,D
14:06:52,ICBP,RG,8825,6,F,BK,DH,D
14:06:52,ICBP,RG,8825,1,F,BK,PD,D
14:06:52,ICBP,RG,8825,32,F,BK,BK,F
14:06:50,ICBP,RG,8800,10,F,DX,CC,D
14:06:49,ICBP,RG,8825,1,D,OD,BK,F
14:06:35,ICBP,RG,8800,9,F,DX,ZP,F
14:06:35,ICBP,RG,8825,9,D,XC,BK,F
14:06:32,ICBP,RG,8825,18,F,ZP,BK,F
14:06:32,ICBP,RG,8825,22,F,ZP,RX,D
14:06:19,ICBP,RG,8800,12,F,DX,ZP,F
14:06:18,ICBP,RG,8825,1,D,PD,RX,D
14:06:15,ICBP,RG,8825,3,F,AK,RX,D
14:06:00,ICBP,RG,8800,14,F,DX,ZP,F
14:05:59,ICBP,RG,8800,8,F,DX,KZ,D
14:05:57,ICBP,RG,8825,2,D,CC,RX,D
14:05:47,ICBP,RG,8825,1,D,OD,RX,D
14:05:42,ICBP,RG,8800,13,F,DX,ZP,F
14:05:41,ICBP,RG,8825,2,F,AK,RX,D
14:05:40,ICBP,RG,8800,1,F,DX,CC,D
14:05:31,ICBP,RG,8825,2,D,XC,RX,D
14:05:26,ICBP,RG,8800,13,F,DX,ZP,F
14:05:06,ICBP,RG,8800,11,F,DX,ZP,F
14:05:00,ICBP,RG,8825,2,F,AK,RX,D
14:05:00,ICBP,RG,8800,20,F,DX,DH,D
14:04:56,ICBP,RG,8825,62,F,BK,RX,D
14:04:52,ICBP,RG,8825,62,D,OD,RX,D
14:04:46,ICBP,RG,8800,9,F,DX,ZP,F
14:04:45,ICBP,RG,8825,1,D,OD,RX,D
14:04:31,ICBP,RG,8800,9,F,DX,ZP,F
14:04:30,ICBP,RG,8825,2,F,AK,RX,D
14:04:30,ICBP,RG,8825,60,F,ZP,RX,D
14:04:29,ICBP,RG,8825,2,D,PD,RX,D
14:04:26,ICBP,RG,8800,1,F,DX,CC,D
14:04:17,ICBP,RG,8800,1,F,DX,SQ,D
14:04:16,ICBP,RG,8800,9,F,DX,ZP,F
14:03:57,ICBP,RG,8800,6,F,DX,XC,D
14:03:56,ICBP,RG,8800,10,F,DX,ZP,F
14:03:52,ICBP,RG,8825,35,F,BK,RX,D
14:03:47,ICBP,RG,8800,10,F,DX,PD,D
14:03:47,ICBP,RG,8825,1,D,OD,RX,D
14:03:45,ICBP,RG,8800,17,F,DX,XC,D
14:03:45,ICBP,RG,8825,2,F,AK,RX,D
14:03:42,ICBP,RG,8800,15,F,DX,PD,D
14:03:38,ICBP,RG,8800,12,F,DX,ZP,F
14:03:21,ICBP,RG,8825,3,D,CC,RX,D
14:03:20,ICBP,RG,8800,12,F,DX,ZP,F
14:03:12,ICBP,RG,8800,1,F,DX,CC,D
14:03:10,ICBP,RG,8825,1,D,KK,RX,D
14:03:02,ICBP,RG,8800,8,F,DX,ZP,F
14:02:50,ICBP,RG,8825,1,D,PD,RX,D
14:02:46,ICBP,RG,8825,1,D,OD,RX,D
14:02:45,ICBP,RG,8825,3,F,AK,RX,D
14:02:44,ICBP,RG,8800,11,F,DX,ZP,F
14:02:26,ICBP,RG,8800,13,F,DX,ZP,F
14:02:06,ICBP,RG,8800,12,F,DX,ZP,F
14:02:00,ICBP,RG,8800,25,F,DX,PD,D
14:01:58,ICBP,RG,8825,59,F,BK,RX,D
14:01:56,ICBP,RG,8800,1,F,DX,CC,D
14:01:49,ICBP,RG,8800,15,F,DX,ZP,F
14:01:48,ICBP,RG,8825,1,D,OD,RX,D
14:01:31,ICBP,RG,8800,14,F,DX,ZP,F
14:01:24,ICBP,RG,8800,10,F,DX,PD,D
14:01:22,ICBP,RG,8800,1,F,DX,PD,D
14:01:15,ICBP,RG,8800,1,F,DX,EP,D
14:01:15,ICBP,RG,8825,3,F,AK,RX,D
14:01:12,ICBP,RG,8825,1,D,PD,RX,D
14:01:11,ICBP,RG,8800,9,F,DX,EP,D
14:01:11,ICBP,RG,8800,11,F,DX,ZP,F
14:00:51,ICBP,RG,8800,12,F,DX,ZP,F
14:00:47,ICBP,RG,8825,2,D,CC,RX,D
14:00:46,ICBP,RG,8825,1,D,OD,RX,D
14:00:42,ICBP,RG,8800,1,F,DX,CC,D
14:00:36,ICBP,RG,8825,2,D,PD,RX,D
14:00:33,ICBP,RG,8800,9,F,DX,ZP,F
14:00:31,ICBP,RG,8825,41,F,BK,RX,D
14:00:18,ICBP,RG,8825,24,F,ZP,RX,D
14:00:16,ICBP,RG,8800,11,F,DX,ZP,F
14:00:15,ICBP,RG,8825,1,F,AK,RX,D
13:59:59,ICBP,RG,8825,3,F,AK,RX,D
13:59:56,ICBP,RG,8800,8,F,DX,ZP,F
13:59:44,ICBP,RG,8825,1,D,OD,RX,D
13:59:36,ICBP,RG,8800,8,F,DX,ZP,F
13:59:29,ICBP,RG,8800,3,F,DX,XC,D
13:59:26,ICBP,RG,8800,10,F,DX,EP,D
13:59:20,ICBP,RG,8800,9,F,DX,ZP,F
13:59:16,ICBP,RG,8800,18,F,DX,YU,F
13:59:01,ICBP,RG,8800,11,F,DX,ZP,F
13:59:01,ICBP,RG,8825,39,F,BK,RX,D
13:58:44,ICBP,RG,8825,1,D,OD,RX,D
13:58:41,ICBP,RG,8825,4,F,AK,RX,D
13:58:39,ICBP,RG,8800,12,F,DX,ZP,F
13:58:31,ICBP,RG,8825,1,D,PD,RX,D
13:58:24,ICBP,RG,8800,8,F,DX,ZP,F
13:58:14,ICBP,RG,8800,1,F,DX,CC,D
13:58:09,ICBP,RG,8825,2,D,CC,RX,D
13:58:09,ICBP,RG,8800,9,F,DX,KZ,D
13:58:06,ICBP,RG,8800,16,F,DX,ZP,F
13:57:46,ICBP,RG,8825,1,D,OD,RX,D
13:57:46,ICBP,RG,8800,14,F,DX,ZP,F
13:57:30,ICBP,RG,8800,13,F,DX,ZP,F
13:57:23,ICBP,RG,8825,4,F,AK,RX,D
13:57:22,ICBP,RG,8800,5,F,DX,AZ,D
13:57:12,ICBP,RG,8800,10,F,DX,ZP,F
13:57:11,ICBP,RG,8800,10,F,DX,XC,D
13:57:00,ICBP,RG,8800,1,F,DX,CC,D
13:56:54,ICBP,RG,8800,9,F,DX,ZP,F
13:56:53,ICBP,RG,8825,24,D,CC,RX,D
13:56:48,ICBP,RG,8825,1,D,OD,RX,D
13:56:36,ICBP,RG,8800,12,F,DX,ZP,F
13:56:21,ICBP,RG,8800,8,F,DX,ZP,F
13:56:16,ICBP,RG,8825,1,D,PD,RX,D
13:56:14,ICBP,RG,8825,2,F,AK,RX,D
13:56:01,ICBP,RG,8800,13,F,DX,ZP,F
13:55:48,ICBP,RG,8825,1,D,OD,RX,D
13:55:47,ICBP,RG,8825,50,D,NI,RX,D
13:55:46,ICBP,RG,8800,1,F,DX,CC,D
13:55:41,ICBP,RG,8800,11,F,DX,ZP,F
13:55:37,ICBP,RG,8825,2,D,CC,RX,D
13:55:33,ICBP,RG,8825,62,D,OD,RX,D
13:55:23,ICBP,RG,8800,11,F,DX,ZP,F
13:55:14,ICBP,RG,8825,3,F,AK,RX,D
13:55:06,ICBP,RG,8800,12,F,DX,ZP,F
13:54:48,ICBP,RG,8825,1,D,OD,RX,D
13:54:46,ICBP,RG,8800,11,F,DX,ZP,F
13:54:32,ICBP,RG,8800,1,F,DX,CC,D
13:54:25,ICBP,RG,8800,11,F,DX,ZP,F
13:54:15,ICBP,RG,8825,3,F,AK,RX,D
13:54:15,ICBP,RG,8825,1,D,PD,RX,D
13:54:06,ICBP,RG,8800,10,F,DX,ZP,F
13:53:50,ICBP,RG,8825,1,D,PD,RX,D
13:53:50,ICBP,RG,8825,1,D,OD,RX,D
13:53:47,ICBP,RG,8800,9,F,DX,ZP,F
13:53:31,ICBP,RG,8800,18,F,DX,ZP,F
13:53:18,ICBP,RG,8800,1,F,DX,CC,D
13:53:15,ICBP,RG,8825,3,F,AK,RX,D
13:53:11,ICBP,RG,8800,9,F,DX,ZP,F
13:53:03,ICBP,RG,8825,2,D,CC,RX,D
13:52:52,ICBP,RG,8825,1,D,OD,RX,D
13:52:51,ICBP,RG,8800,3,F,DX,ZP,F
13:52:44,ICBP,RG,8825,1,D,PD,RX,D
13:52:27,ICBP,RG,8825,2,D,PD,RX,D
13:52:24,ICBP,RG,8825,223,F,ZP,RX,D
13:52:15,ICBP,RG,8825,3,F,AK,RX,D
13:52:02,ICBP,RG,8800,1,F,DX,CC,D
13:51:54,ICBP,RG,8825,1,D,OD,RX,D
13:51:49,ICBP,RG,8825,1,D,CC,RX,D
13:51:02,ICBP,RG,8800,1,F,DX,CC,D
13:50:57,ICBP,RG,8825,2,F,AK,RX,D
13:50:56,ICBP,RG,8825,1,D,OD,RX,D
13:50:48,ICBP,RG,8800,1,F,DX,CC,D
13:50:42,ICBP,RG,8800,8,F,DX,PD,D
13:50:25,ICBP,RG,8825,2,D,CC,RX,D
13:50:20,ICBP,RG,8800,12,F,DX,LG,D
13:50:14,ICBP,RG,8825,1,D,PD,RX,D
13:50:12,ICBP,RG,8825,10,D,PD,RX,D
13:50:01,ICBP,RG,8800,5,F,DX,YP,D
13:49:59,ICBP,RG,8825,3,F,AK,RX,D
13:49:58,ICBP,RG,8825,1,D,OD,RX,D
13:49:58,ICBP,RG,8800,5,F,DX,PD,D
13:49:43,ICBP,RG,8800,30,F,DX,DH,D
13:49:34,ICBP,RG,8800,1,F,DX,CC,D
13:49:09,ICBP,RG,8800,10,F,DX,SQ,D
13:48:56,ICBP,RG,8825,1,D,OD,RX,D
13:48:44,ICBP,RG,8825,3,F,AK,RX,D
13:48:26,ICBP,RG,8825,2,D,PD,RX,D
13:48:21,ICBP,RG,8825,1,D,PD,RX,D
13:48:20,ICBP,RG,8800,1,F,DX,CC,D
13:47:56,ICBP,RG,8825,1,D,OD,RX,D
13:47:48,ICBP,RG,8825,2,D,CC,RX,D
13:47:29,ICBP,RG,8825,3,F,AK,RX,D
13:46:56,ICBP,RG,8825,1,D,OD,RX,D
13:46:17,ICBP,RG,8825,1,D,PD,RX,D
13:46:00,ICBP,RG,8825,3,F,AK,RX,D
13:45:56,ICBP,RG,8825,1,D,OD,RX,D
13:45:52,ICBP,RG,8800,1,F,DX,CC,D
13:45:15,ICBP,RG,8825,2,F,AK,RX,D
13:45:13,ICBP,RG,8825,1,D,PD,RX,D
13:45:11,ICBP,RG,8825,2,D,CC,RX,D
13:44:58,ICBP,RG,8825,1,D,OD,RX,D
13:44:38,ICBP,RG,8800,1,F,DX,CC,D
13:44:29,ICBP,RG,8825,2,F,AK,RX,D
13:44:08,ICBP,RG,8825,1,D,PD,RX,D
13:44:00,ICBP,RG,8825,2,D,OD,RX,D
13:43:39,ICBP,RG,8825,98,F,ZP,RX,D
13:43:39,ICBP,RG,8825,12,F,ZP,NI,D
13:43:39,ICBP,RG,8825,1,F,ZP,PD,D
13:43:39,ICBP,RG,8825,200,F,ZP,YU,F
13:43:39,ICBP,RG,8825,4,F,ZP,LG,D
13:43:39,ICBP,RG,8825,10,F,ZP,CC,D
13:43:39,ICBP,RG,8825,1,F,ZP,XL,D
13:43:39,ICBP,RG,8825,97,F,ZP,BK,F
13:43:39,ICBP,RG,8825,12,F,ZP,ZP,F
13:43:39,ICBP,RG,8825,2,F,ZP,NI,D
13:43:39,ICBP,RG,8825,141,F,ZP,BK,F
13:43:23,ICBP,RG,8800,1,F,DX,CC,D
13:43:13,ICBP,RG,8800,30,F,DX,SQ,D
13:42:58,ICBP,RG,8825,1,D,OD,BK,F
13:42:40,ICBP,RG,8825,2,D,CC,BK,F
13:42:12,ICBP,RG,8825,1,D,PD,BK,F
13:42:00,ICBP,RG,8825,2,D,OD,BK,F
13:41:47,ICBP,RG,8800,20,F,DX,NI,D
13:41:35,ICBP,RG,8800,31,F,DX,YU,F
13:41:35,ICBP,RG,8800,98,F,DX,YU,F
13:41:35,ICBP,RG,8800,96,F,DX,YU,F
13:41:34,ICBP,RG,8800,201,F,DX,ZP,F
13:41:34,ICBP,RG,8800,1,F,DX,CC,D
13:41:34,ICBP,RG,8800,24,F,DX,PD,D
13:41:34,ICBP,RG,8800,124,F,DX,BK,F
13:41:34,ICBP,RG,8800,48,F,DX,XC,D
13:41:34,ICBP,RG,8800,10,F,DX,KZ,D
13:41:34,ICBP,RG,8800,1,F,DX,NI,D
13:41:34,ICBP,RG,8800,5,F,DX,NI,D
13:41:34,ICBP,RG,8800,124,F,DX,BK,F
13:41:34,ICBP,RG,8800,13,F,DX,ZP,F
13:41:34,ICBP,RG,8800,11,F,DX,ZP,F
13:41:34,ICBP,RG,8800,9,F,DX,ZP,F
13:41:34,ICBP,RG,8800,200,F,DX,YU,F
13:41:34,ICBP,RG,8800,32,F,DX,ZP,F
13:41:34,ICBP,RG,8800,45,F,DX,BK,F
13:41:34,ICBP,RG,8800,1000,F,DX,BB,D
13:41:34,ICBP,RG,8800,1,F,DX,KZ,D
13:41:34,ICBP,RG,8800,1,F,DX,KZ,D
13:41:34,ICBP,RG,8800,52,F,DX,BK,F
13:41:34,ICBP,RG,8800,64,F,DX,BK,F
13:41:34,ICBP,RG,8800,98,F,DX,YU,F
13:41:34,ICBP,RG,8800,98,F,DX,YU,F
13:41:34,ICBP,RG,8800,98,F,DX,YU,F
13:41:34,ICBP,RG,8800,83,F,DX,YU,F
13:41:23,ICBP,RG,8800,1,D,XC,YU,F
13:41:14,ICBP,RG,8800,11,F,AK,YU,F
13:41:00,ICBP,RG,8800,1,D,OD,YU,F
13:40:54,ICBP,RG,8775,1,F,ZP,CC,D
13:40:33,ICBP,RG,8775,1,F,ZP,DR,D
13:40:10,ICBP,RG,8800,2,D,PD,YU,F
13:40:04,ICBP,RG,8800,2,D,CC,RX,D
13:40:02,ICBP,RG,8800,2,D,OD,RX,D
13:39:50,ICBP,RG,8775,51,F,ZP,XC,D
13:39:50,ICBP,RG,8775,6,F,DX,XC,D
13:39:39,ICBP,RG,8775,1,F,DX,CC,D
13:39:02,ICBP,RG,8800,1,D,OD,RX,D
13:38:25,ICBP,RG,8775,1,F,DX,CC,D
13:38:23,ICBP,RG,8800,1,D,PD,RX,D
13:38:00,ICBP,RG,8800,2,D,OD,RX,D
13:37:28,ICBP,RG,8800,2,D,CC,RX,D
13:37:11,ICBP,RG,8775,1,F,DX,CC,D
13:36:58,ICBP,RG,8800,1,D,OD,RX,D
13:36:14,ICBP,RG,8800,2,D,PD,RX,D
13:35:58,ICBP,RG,8800,2,D,OD,RX,D
13:35:57,ICBP,RG,8775,1,F,DX,CC,D
13:35:09,ICBP,RG,8800,1,D,XA,RX,D
13:35:04,ICBP,RG,8775,300,F,DX,YU,F
13:34:56,ICBP,RG,8800,2,D,OD,RX,D
13:34:51,ICBP,RG,8775,10,F,DX,XC,D
13:34:41,ICBP,RG,8775,80,F,DX,ZP,F
13:34:33,ICBP,RG,8775,9,D,SQ,ZP,F
13:34:32,ICBP,RG,8775,1,D,NI,ZP,F
13:34:19,ICBP,RG,8775,1,D,YP,ZP,F
13:34:09,ICBP,RG,8775,1,D,PD,ZP,F
13:33:56,ICBP,RG,8775,4,F,AK,ZP,F
13:33:56,ICBP,RG,8775,4,F,AK,ZP,F
13:33:55,ICBP,RG,8775,2,D,CC,ZP,F
13:33:55,ICBP,RG,8775,79,F,ZP,ZP,F
13:33:55,ICBP,RG,8775,112,F,DX,AK,F
13:33:54,ICBP,RG,8775,2,F,DX,LG,D
13:33:54,ICBP,RG,8775,1,F,DX,CC,D
13:33:54,ICBP,RG,8775,5,F,DX,ZP,F
13:33:54,ICBP,RG,8775,121,F,DX,BK,F
13:33:54,ICBP,RG,8775,115,F,DX,CS,F
13:33:54,ICBP,RG,8775,69,F,DX,BK,F
13:33:54,ICBP,RG,8775,38,F,DX,ZP,F
13:33:54,ICBP,RG,8775,137,F,DX,ZP,F
13:33:54,ICBP,RG,8775,1,D,OD,ZP,F
13:33:41,ICBP,RG,8750,3,D,PD,ZP,F
13:33:41,ICBP,RG,8750,10,D,AZ,ZP,F
13:33:41,ICBP,RG,8750,1,D,CC,ZP,F
13:33:29,ICBP,RG,8750,1,D,PD,CC,D
13:33:21,ICBP,RG,8750,4,D,PD,ZP,F
13:33:21,ICBP,RG,8750,5,D,PD,ZP,F
13:33:21,ICBP,RG,8750,4,D,NI,ZP,F
13:33:13,ICBP,RG,8750,5,D,NI,PD,D
13:33:11,ICBP,RG,8775,1,D,PD,ZP,F
13:33:01,ICBP,RG,8750,1,D,NI,ZP,F
13:33:01,ICBP,RG,8750,1,D,OD,ZP,F
13:33:01,ICBP,RG,8750,5,D,YP,ZP,F
13:32:56,ICBP,RG,8775,2,D,OD,ZP,F
13:32:46,ICBP,RG,8750,9,D,YP,ZP,F
13:32:30,ICBP,RG,8750,1,D,YP,ZP,F
13:32:30,ICBP,RG,8750,4,D,GR,ZP,F
13:32:30,ICBP,RG,8750,1,D,YP,ZP,F
13:32:30,ICBP,RG,8750,2,D,SQ,ZP,F
13:32:15,ICBP,RG,8750,1,D,SQ,CC,D
13:32:13,ICBP,RG,8775,1,D,PD,ZP,F
13:32:11,ICBP,RG,8750,2,D,SQ,ZP,F
13:32:11,ICBP,RG,8750,8,D,KK,ZP,F
13:31:57,ICBP,RG,8750,10,D,KK,BK,F
13:31:55,ICBP,RG,8750,8,D,KK,ZP,F
13:31:54,ICBP,RG,8775,1,D,OD,ZP,F
13:31:36,ICBP,RG,8750,1,D,KK,XL,D
13:31:36,ICBP,RG,8750,8,D,KK,ZP,F
13:31:36,ICBP,RG,8750,1,D,YP,ZP,F
13:31:16,ICBP,RG,8750,9,D,YP,ZP,F
13:31:16,ICBP,RG,8750,7,D,HP,ZP,F
13:30:50,ICBP,RG,8750,3,D,HP,BK,F
13:30:50,ICBP,RG,8750,3,D,SQ,BK,F
13:30:50,ICBP,RG,8750,4,D,PD,BK,F
13:30:47,ICBP,RG,8750,1,D,DH,BK,F
13:30:47,ICBP,RG,8750,1,D,PD,BK,F
13:30:47,ICBP,RG,8750,1,D,PD,BK,F
13:30:47,ICBP,RG,8750,5,D,ZP,BK,F
13:30:47,ICBP,RG,8750,4,D,YB,BK,F
13:30:46,ICBP,RG,8750,2,D,YB,XC,D
13:30:44,ICBP,RG,8750,3,D,YB,KK,D
13:30:43,ICBP,RG,8750,28,D,YB,BK,F
13:30:43,ICBP,RG,8750,1,D,XC,BK,F
13:30:43,ICBP,RG,8750,11,D,YJ,BK,F
13:30:43,ICBP,RG,8750,1,D,PD,BK,F
13:30:43,ICBP,RG,8750,1,D,EP,BK,F
13:30:43,ICBP,RG,8750,5,D,AO,BK,F
13:30:43,ICBP,RG,8750,2,D,YJ,BK,F
13:30:43,ICBP,RG,8750,1,D,DH,BK,F
13:30:39,ICBP,RG,8775,38,F,ZP,ZP,F
13:30:39,ICBP,RG,8775,2,F,DX,AK,F
13:30:39,ICBP,RG,8775,43,F,DX,AK,F
13:30:39,ICBP,RG,8775,7,F,DX,AK,F
13:30:39,ICBP,RG,8775,14,F,DX,KZ,D
13:30:38,ICBP,RG,8775,24,F,DX,BK,F
13:30:38,ICBP,RG,8775,4,F,DX,BK,F
13:30:38,ICBP,RG,8775,14,F,DX,BK,F
13:30:38,ICBP,RG,8775,18,F,DX,BK,F
13:30:38,ICBP,RG,8775,18,F,DX,BK,F
13:30:38,ICBP,RG,8775,39,F,ZP,AK,F
13:30:38,ICBP,RG,8775,18,F,DX,AK,F
13:30:37,ICBP,RG,8775,37,F,DX,AK,F
13:30:37,ICBP,RG,8775,17,F,DX,AK,F
13:30:37,ICBP,RG,8775,37,F,DX,AK,F
13:30:36,ICBP,RG,8775,52,F,DX,BK,F
13:30:36,ICBP,RG,8775,37,F,ZP,BK,F
13:30:36,ICBP,RG,8775,101,F,ZP,BK,F
13:30:36,ICBP,RG,8775,48,F,DX,BK,F
13:30:36,ICBP,RG,8775,49,F,DX,AK,F
13:30:35,ICBP,RG,8775,46,F,DX,ZP,F
13:30:35,ICBP,RG,8775,48,F,DX,AK,F
13:30:34,ICBP,RG,8775,46,F,DX,AK,F
13:30:34,ICBP,RG,8775,2,D,CC,AK,F
13:30:34,ICBP,RG,8775,392,F,ZP,AK,F
13:30:33,ICBP,RG,8775,1,D,NI,AK,F
13:30:33,ICBP,RG,8775,57,F,ZP,AK,F
13:30:33,ICBP,RG,8775,5,D,YP,AK,F
13:30:33,ICBP,RG,8775,10,D,YP,AK,F
13:30:33,ICBP,RG,8775,3,D,XC,AK,F
13:30:33,ICBP,RG,8775,1,D,XC,AK,F
13:30:33,ICBP,RG,8775,1,D,CC,AK,F
13:30:33,ICBP,RG,8775,1,D,XC,AK,F
13:30:33,ICBP,RG,8775,3,D,KK,AK,F
13:30:33,ICBP,RG,8775,1,D,PD,AK,F
13:30:33,ICBP,RG,8775,10,D,PD,AK,F
13:30:33,ICBP,RG,8775,1,D,PD,AK,F
13:30:33,ICBP,RG,8775,4,D,DH,AK,F
13:30:33,ICBP,RG,8775,1,D,PD,AK,F
13:30:33,ICBP,RG,8775,1,D,PD,AK,F
13:30:33,ICBP,RG,8775,2,F,DX,AK,F
13:30:33,ICBP,RG,8775,50,D,DH,AK,F
13:30:33,ICBP,RG,8775,5,D,PD,AK,F
13:30:33,ICBP,RG,8775,49,F,DX,AK,F
13:30:33,ICBP,RG,8775,5,D,EP,AK,F
13:30:33,ICBP,RG,8775,3,D,NI,AK,F
13:30:33,ICBP,RG,8775,1,D,KK,AK,F
13:30:33,ICBP,RG,8775,1,D,PD,AK,F
13:30:33,ICBP,RG,8775,12,D,CP,AK,F
13:30:33,ICBP,RG,8775,3,D,XC,AK,F
13:30:33,ICBP,RG,8775,1,D,YP,AK,F
13:30:33,ICBP,RG,8775,2,D,CC,AK,F
13:30:33,ICBP,RG,8775,6,D,YP,AK,F
13:30:33,ICBP,RG,8775,2,D,KK,AK,F
13:30:33,ICBP,RG,8775,5,D,DH,AK,F
13:30:33,ICBP,RG,8775,3,D,PD,AK,F
13:30:33,ICBP,RG,8775,5,D,PD,AK,F
13:30:33,ICBP,RG,8775,1,D,YP,AK,F
13:30:33,ICBP,RG,8775,25,D,DH,AK,F
13:30:33,ICBP,RG,8775,1,D,AZ,AK,F
13:30:33,ICBP,RG,8775,2,D,DH,AK,F
13:30:33,ICBP,RG,8775,56,D,YP,AK,F
13:30:33,ICBP,RG,8775,2,D,YP,AK,F
13:30:33,ICBP,RG,8775,1,D,XC,AK,F
13:30:33,ICBP,RG,8775,3,D,PD,AK,F
13:30:33,ICBP,RG,8775,3,D,CC,AK,F
13:30:33,ICBP,RG,8775,1,D,KK,AK,F
13:30:33,ICBP,RG,8775,2,D,PD,AK,F
13:30:33,ICBP,RG,8775,1,D,YP,AK,F
13:30:33,ICBP,RG,8775,1,D,PD,AK,F
13:30:33,ICBP,RG,8775,12,D,KK,AK,F
13:30:33,ICBP,RG,8775,1,D,DH,AK,F
13:30:33,ICBP,RG,8775,5,D,SQ,AK,F
13:30:33,ICBP,RG,8775,1,D,PD,AK,F
13:30:33,ICBP,RG,8775,10,D,PD,AK,F
13:30:33,ICBP,RG,8775,2,D,XC,AK,F
13:30:33,ICBP,RG,8775,1,D,PD,AK,F
13:30:33,ICBP,RG,8775,1,D,CC,AK,F
13:30:33,ICBP,RG,8775,5,D,SQ,AK,F
13:30:33,ICBP,RG,8775,20,D,YP,AK,F
13:30:33,ICBP,RG,8775,1,D,YP,AK,F
13:30:33,ICBP,RG,8775,5,D,SQ,AK,F
13:30:33,ICBP,RG,8775,1,D,PD,AK,F
13:30:33,ICBP,RG,8775,3,D,HP,AK,F
13:30:33,ICBP,RG,8775,2,D,XC,AK,F
13:30:33,ICBP,RG,8775,10,D,SQ,AK,F
13:30:33,ICBP,RG,8775,5,D,PD,AK,F
13:30:33,ICBP,RG,8775,12,D,SQ,AK,F
13:30:33,ICBP,RG,8775,1,D,PD,AK,F
13:30:33,ICBP,RG,8775,1,D,XC,AK,F
13:30:33,ICBP,RG,8775,2,D,KK,AK,F
13:30:33,ICBP,RG,8775,1,D,XC,AK,F
13:30:33,ICBP,RG,8775,1,D,NI,AK,F
13:30:33,ICBP,RG,8775,1,D,XC,AK,F
13:30:33,ICBP,RG,8775,10,D,AZ,AK,F
13:30:33,ICBP,RG,8775,1,D,XC,AK,F
13:30:33,ICBP,RG,8775,30,D,XC,AK,F
13:30:32,ICBP,RG,8775,5,D,XC,BK,F
13:30:32,ICBP,RG,8775,1,D,PD,BK,F
13:30:32,ICBP,RG,8775,1,D,XC,BK,F
13:30:32,ICBP,RG,8775,1,D,GR,BK,F
13:30:32,ICBP,RG,8775,2,D,SQ,BK,F
13:30:32,ICBP,RG,8775,11,D,YB,BK,F
13:30:32,ICBP,RG,8775,3,D,KK,BK,F
13:30:32,ICBP,RG,8775,5,D,PD,BK,F
13:30:32,ICBP,RG,8775,1,D,PD,BK,F
13:30:32,ICBP,RG,8775,1,D,PD,BK,F
13:30:32,ICBP,RG,8775,1,D,PD,BK,F
13:30:32,ICBP,RG,8775,5,D,XC,BK,F
13:30:32,ICBP,RG,8775,2,D,PD,BK,F
13:30:32,ICBP,RG,8775,15,F,ZP,BK,F
13:30:32,ICBP,RG,8775,1,D,YP,BK,F
13:30:32,ICBP,RG,8775,1,D,PD,BK,F
13:30:32,ICBP,RG,8775,1,D,DR,BK,F
13:30:32,ICBP,RG,8775,11,D,YP,BK,F
13:30:32,ICBP,RG,8775,5,D,GR,BK,F
13:30:32,ICBP,RG,8775,1,D,PD,BK,F
13:30:32,ICBP,RG,8775,10,D,XC,BK,F
13:30:32,ICBP,RG,8775,26,D,HP,BK,F
13:30:28,ICBP,RG,8775,14,D,HP,BK,F
13:30:28,ICBP,RG,8775,1,D,NI,BK,F
13:30:28,ICBP,RG,8775,1,D,YP,BK,F
13:30:28,ICBP,RG,8775,1,D,XC,BK,F
13:30:28,ICBP,RG,8775,1,D,CC,BK,F
13:30:28,ICBP,RG,8775,62,D,OD,BK,F
13:30:28,ICBP,RG,8775,230,D,EP,BK,F
13:30:28,ICBP,RG,8775,1,D,CC,BK,F
13:30:28,ICBP,RG,8775,11,D,XL,BK,F
13:30:28,ICBP,RG,8775,1,D,YP,BK,F
13:30:28,ICBP,RG,8775,2,D,CC,BK,F
13:30:28,ICBP,RG,8775,1,D,YU,BK,F
13:30:28,ICBP,RG,8775,15,D,GR,BK,F
13:30:28,ICBP,RG,8775,1,D,PD,BK,F
13:30:28,ICBP,RG,8775,4,D,XC,BK,F
13:30:28,ICBP,RG,8775,1,D,XC,BK,F
13:30:28,ICBP,RG,8775,2,D,CC,BK,F
13:30:28,ICBP,RG,8775,1,D,PD,BK,F
13:30:28,ICBP,RG,8775,1,D,SQ,BK,F
13:30:28,ICBP,RG,8775,5,D,PD,BK,F
13:30:28,ICBP,RG,8775,20,D,LS,BK,F
13:30:28,ICBP,RG,8775,2,D,PD,BK,F
13:30:28,ICBP,RG,8775,1,D,CC,BK,F
13:30:28,ICBP,RG,8775,1,D,YP,BK,F
13:30:28,ICBP,RG,8775,1,D,KK,BK,F
13:30:28,ICBP,RG,8775,1,D,PD,BK,F
13:30:28,ICBP,RG,8775,1,D,YB,BK,F
13:30:28,ICBP,RG,8775,2,D,XC,BK,F
13:30:28,ICBP,RG,8775,1,D,XC,BK,F
13:30:28,ICBP,RG,8775,5,D,CC,BK,F
13:30:28,ICBP,RG,8775,1,D,YP,BK,F
13:30:28,ICBP,RG,8775,1,D,CC,BK,F
13:30:28,ICBP,RG,8775,20,D,PD,BK,F
13:30:28,ICBP,RG,8775,1,D,PD,BK,F
13:30:28,ICBP,RG,8775,3,D,OD,BK,F
13:30:28,ICBP,RG,8775,1,D,CC,BK,F
13:30:28,ICBP,RG,8775,2,D,PD,BK,F
13:30:28,ICBP,RG,8775,1,D,PD,BK,F
13:30:28,ICBP,RG,8775,6,D,DR,BK,F
13:30:28,ICBP,RG,8775,5,D,PD,BK,F
13:30:28,ICBP,RG,8775,2,D,CC,BK,F
13:30:28,ICBP,RG,8775,1,D,XC,BK,F
13:30:28,ICBP,RG,8775,96,D,ZR,BK,F
13:30:27,ICBP,RG,8800,12,D,OD,RX,D
13:30:27,ICBP,RG,8800,1,D,YP,RX,D
13:30:27,ICBP,RG,8800,6,D,YP,RX,D
13:30:27,ICBP,RG,8800,1,D,XC,RX,D
13:30:27,ICBP,RG,8800,1,D,XC,RX,D
13:30:27,ICBP,RG,8800,1,D,CC,RX,D
13:30:27,ICBP,RG,8800,5,D,CC,RX,D
13:30:27,ICBP,RG,8800,10,D,CC,RX,D
13:30:27,ICBP,RG,8800,3,D,PD,RX,D
13:30:27,ICBP,RG,8800,2,D,XC,RX,D
13:30:27,ICBP,RG,8800,1,D,PD,RX,D
13:30:27,ICBP,RG,8800,2,D,CC,RX,D
13:30:27,ICBP,RG,8800,5,D,CC,RX,D
13:30:27,ICBP,RG,8800,2,D,PD,RX,D
13:30:27,ICBP,RG,8800,1,D,PD,RX,D
13:30:27,ICBP,RG,8800,1,D,CC,RX,D
13:30:27,ICBP,RG,8800,24,D,CC,RX,D
13:30:27,ICBP,RG,8800,5,D,DH,RX,D
13:30:27,ICBP,RG,8800,25,D,PD,RX,D
13:30:27,ICBP,RG,8800,1,D,KK,RX,D
13:30:27,ICBP,RG,8800,1,D,PD,RX,D
13:30:27,ICBP,RG,8800,2,D,KK,RX,D
13:30:27,ICBP,RG,8800,1,D,SQ,RX,D
13:30:27,ICBP,RG,8800,1,D,XC,RX,D
13:30:27,ICBP,RG,8800,1,D,XC,RX,D
13:30:27,ICBP,RG,8800,2,D,PD,RX,D
13:30:27,ICBP,RG,8800,7,D,DH,RX,D
13:30:27,ICBP,RG,8800,1,D,PD,RX,D
13:30:27,ICBP,RG,8800,5,D,LG,RX,D
13:30:27,ICBP,RG,8800,1,D,SQ,RX,D
13:30:27,ICBP,RG,8800,7,D,PD,RX,D
13:30:27,ICBP,RG,8800,25,D,DR,RX,D
13:30:27,ICBP,RG,8800,1,D,AZ,RX,D
13:30:27,ICBP,RG,8800,4,D,GR,RX,D
13:30:27,ICBP,RG,8800,1,D,KK,RX,D
13:30:27,ICBP,RG,8800,8,F,RX,RX,D
13:30:27,ICBP,RG,8800,20,D,EP,RX,D
13:30:27,ICBP,RG,8800,1,D,PD,RX,D
13:30:27,ICBP,RG,8800,4,D,NI,RX,D
13:30:27,ICBP,RG,8800,2,D,YP,RX,D
13:30:27,ICBP,RG,8800,3,D,PD,RX,D
13:30:27,ICBP,RG,8800,1,D,PD,RX,D
13:30:27,ICBP,RG,8800,10,D,YP,RX,D
13:30:27,ICBP,RG,8800,1,D,NI,RX,D
13:30:27,ICBP,RG,8800,5,D,YP,RX,D
13:30:27,ICBP,RG,8800,1,D,XC,RX,D
13:30:27,ICBP,RG,8800,10,D,EP,RX,D
13:30:27,ICBP,RG,8800,5,D,CC,RX,D
13:30:27,ICBP,RG,8800,10,D,KK,RX,D
13:30:27,ICBP,RG,8800,1,D,YP,RX,D
13:30:27,ICBP,RG,8800,2,D,CC,RX,D
13:30:27,ICBP,RG,8800,1,D,KK,RX,D
13:30:27,ICBP,RG,8800,5,D,GR,RX,D
13:30:27,ICBP,RG,8800,1,D,CC,RX,D
13:30:27,ICBP,RG,8800,1,D,PD,RX,D
13:30:27,ICBP,RG,8800,58,D,KK,RX,D
13:30:27,ICBP,RG,8800,5,D,CC,RX,D
13:30:27,ICBP,RG,8800,2,D,PD,RX,D
13:30:27,ICBP,RG,8800,20,D,YP,RX,D
13:30:27,ICBP,RG,8800,20,D,NI,RX,D
13:30:27,ICBP,RG,8800,2,D,AT,RX,D
13:30:27,ICBP,RG,8800,30,D,SQ,RX,D
13:30:27,ICBP,RG,8800,2,D,XC,RX,D
13:30:27,ICBP,RG,8800,5,D,KK,RX,D
13:30:27,ICBP,RG,8800,7,D,XC,RX,D
13:30:27,ICBP,RG,8800,1,D,PD,RX,D
13:30:27,ICBP,RG,8800,10,D,PD,RX,D
13:30:27,ICBP,RG,8800,9,F,RX,RX,D
13:30:27,ICBP,RG,8800,1,D,PD,RX,D
13:30:27,ICBP,RG,8800,5,D,YP,RX,D
13:30:27,ICBP,RG,8800,1,D,XC,RX,D
13:30:27,ICBP,RG,8800,5,D,CP,RX,D
13:30:27,ICBP,RG,8800,2,D,SQ,RX,D
13:30:27,ICBP,RG,8800,5,D,YP,RX,D
13:30:27,ICBP,RG,8800,6,D,PD,RX,D
13:30:27,ICBP,RG,8800,2,D,PD,RX,D
13:30:27,ICBP,RG,8800,3,D,LG,RX,D
13:30:27,ICBP,RG,8800,6,D,PD,RX,D
13:30:27,ICBP,RG,8800,3,D,LG,RX,D
13:30:27,ICBP,RG,8800,1,D,CC,RX,D
13:30:27,ICBP,RG,8800,10,D,YP,RX,D
13:30:27,ICBP,RG,8800,10,D,SQ,RX,D
13:30:27,ICBP,RG,8800,2,D,XC,RX,D
13:30:27,ICBP,RG,8800,2,D,OD,RX,D
13:30:27,ICBP,RG,8800,2,D,DH,RX,D
13:30:27,ICBP,RG,8800,62,D,OD,RX,D
13:30:27,ICBP,RG,8800,1,D,YP,RX,D
13:30:27,ICBP,RG,8800,10,D,YP,RX,D
13:30:27,ICBP,RG,8800,2,D,CC,RX,D
13:30:27,ICBP,RG,8800,5,D,XL,RX,D
13:30:27,ICBP,RG,8800,121,D,YP,RX,D
13:30:27,ICBP,RG,8800,1,D,XC,RX,D
13:30:27,ICBP,RG,8800,5,D,DR,RX,D
13:30:27,ICBP,RG,8800,1,D,XC,RX,D
13:30:27,ICBP,RG,8800,1,D,NI,RX,D
13:30:27,ICBP,RG,8800,1,D,NI,RX,D
13:30:27,ICBP,RG,8800,1,D,YP,RX,D
13:30:27,ICBP,RG,8800,1,D,XC,RX,D
13:30:27,ICBP,RG,8800,5,D,YP,RX,D
13:30:27,ICBP,RG,8800,15,D,YP,RX,D
13:30:27,ICBP,RG,8800,5,D,YP,RX,D
13:30:27,ICBP,RG,8800,1,D,PD,RX,D
13:30:27,ICBP,RG,8800,5,D,DR,RX,D
13:30:27,ICBP,RG,8800,25,D,OD,RX,D
13:30:27,ICBP,RG,8800,1,D,CC,RX,D
13:30:27,ICBP,RG,8800,1,D,SQ,RX,D
13:30:27,ICBP,RG,8800,1,D,YP,RX,D
13:30:27,ICBP,RG,8800,1,D,XC,RX,D
13:30:27,ICBP,RG,8800,10,D,EP,RX,D
13:30:27,ICBP,RG,8800,2,D,YP,RX,D
13:30:27,ICBP,RG,8800,1,D,NI,RX,D
13:30:27,ICBP,RG,8800,10,D,YP,RX,D
13:30:27,ICBP,RG,8800,1,D,YP,RX,D
13:30:27,ICBP,RG,8800,50,D,YP,RX,D
13:30:27,ICBP,RG,8800,2,D,EP,RX,D
13:30:27,ICBP,RG,8800,4,D,PD,RX,D
13:30:27,ICBP,RG,8800,1,D,CC,RX,D
13:30:27,ICBP,RG,8800,1,D,CC,RX,D
13:30:27,ICBP,RG,8800,10,D,DH,RX,D
13:30:27,ICBP,RG,8800,5,D,XC,RX,D
13:30:27,ICBP,RG,8800,1,D,PD,RX,D
13:30:27,ICBP,RG,8800,1,D,PD,RX,D
13:30:27,ICBP,RG,8800,1,D,YP,RX,D
13:30:27,ICBP,RG,8800,3,D,YP,RX,D
13:30:27,ICBP,RG,8800,4,D,PD,RX,D
13:30:27,ICBP,RG,8800,5,D,OD,RX,D
13:30:27,ICBP,RG,8800,1,D,PD,RX,D
13:30:27,ICBP,RG,8800,5,D,KK,RX,D
13:30:27,ICBP,RG,8800,1,D,CC,RX,D
13:30:27,ICBP,RG,8800,2,D,PD,RX,D
13:30:27,ICBP,RG,8800,1,D,PD,RX,D
13:30:27,ICBP,RG,8800,1,D,PD,RX,D
13:30:27,ICBP,RG,8800,2,D,XC,RX,D
13:30:27,ICBP,RG,8800,1,D,YP,RX,D
13:30:27,ICBP,RG,8800,1,D,PD,RX,D
13:30:27,ICBP,RG,8800,4,D,XC,RX,D
13:30:27,ICBP,RG,8800,1,D,LG,RX,D
13:30:27,ICBP,RG,8800,1,D,PD,RX,D
13:30:27,ICBP,RG,8800,5,D,PD,RX,D
13:30:27,ICBP,RG,8800,5,D,PD,RX,D
13:30:27,ICBP,RG,8800,196,F,BK,RX,D
13:30:27,ICBP,RG,8800,7,D,KK,RX,D
13:30:27,ICBP,RG,8800,24,D,YP,RX,D
13:30:27,ICBP,RG,8800,1,D,XC,RX,D
13:30:27,ICBP,RG,8800,5,D,PD,RX,D
13:30:27,ICBP,RG,8800,10,D,SQ,RX,D
13:30:27,ICBP,RG,8800,1,D,PD,RX,D
13:30:27,ICBP,RG,8800,1,D,XC,RX,D
13:30:27,ICBP,RG,8800,4,D,CC,RX,D
13:30:27,ICBP,RG,8800,18,D,CC,RX,D
13:30:27,ICBP,RG,8800,1,D,PD,RX,D
13:30:27,ICBP,RG,8800,50,D,GR,RX,D
13:30:27,ICBP,RG,8800,1,D,XC,RX,D
13:30:27,ICBP,RG,8800,1,D,PD,RX,D
13:30:27,ICBP,RG,8800,749,F,ZP,RX,D
13:30:27,ICBP,RG,8800,98,F,ZP,YU,F
13:30:26,ICBP,RG,8800,98,F,ZP,YU,F
13:30:26,ICBP,RG,8800,1,F,ZP,YU,F
13:30:26,ICBP,RG,8800,1,D,XC,YU,F
13:30:26,ICBP,RG,8800,1,D,AZ,YU,F
13:30:26,ICBP,RG,8800,3,D,YJ,YU,F
13:30:26,ICBP,RG,8800,3,D,SQ,YU,F
13:30:26,ICBP,RG,8800,2,D,YP,YU,F
13:30:26,ICBP,RG,8800,30,D,YP,YU,F
13:30:26,ICBP,RG,8800,1,D,DX,YU,F
13:30:26,ICBP,RG,8800,1,D,PD,YU,F
13:30:26,ICBP,RG,8800,55,D,OD,YU,F
13:30:24,ICBP,RG,8800,7,D,OD,YU,F
13:30:24,ICBP,RG,8800,2,D,YP,YU,F
13:30:24,ICBP,RG,8800,2,D,XC,YU,F
13:30:24,ICBP,RG,8800,2,D,BQ,YU,F
13:30:24,ICBP,RG,8800,5,D,NI,YU,F
13:30:24,ICBP,RG,8800,2,D,NI,YU,F
13:30:24,ICBP,RG,8800,1,D,KK,YU,F
13:30:24,ICBP,RG,8800,1,D,XC,YU,F
13:30:24,ICBP,RG,8800,1,D,XC,YU,F
13:30:24,ICBP,RG,8800,1,D,CC,YU,F
13:30:24,ICBP,RG,8800,4,D,NI,YU,F
13:30:24,ICBP,RG,8800,7,F,RX,YU,F
13:30:24,ICBP,RG,8800,1,D,PD,YU,F
13:30:24,ICBP,RG,8800,1,D,XC,YU,F
13:30:24,ICBP,RG,8800,1,D,PD,YU,F
13:30:24,ICBP,RG,8800,1,D,SQ,YU,F
13:30:24,ICBP,RG,8800,1,D,PD,YU,F
13:30:24,ICBP,RG,8800,58,D,LG,YU,F
13:30:24,ICBP,RG,8800,227,D,LG,YU,F
13:30:24,ICBP,RG,8800,1,D,PD,YU,F
13:30:24,ICBP,RG,8800,7,D,SQ,YU,F
13:30:24,ICBP,RG,8800,1,D,PD,YU,F
13:30:24,ICBP,RG,8800,5,D,SQ,YU,F
13:30:24,ICBP,RG,8800,25,D,NI,YU,F
13:30:24,ICBP,RG,8800,1,D,PD,YU,F
13:30:24,ICBP,RG,8800,5,D,YP,YU,F
13:30:24,ICBP,RG,8800,50,D,TP,YU,F
13:30:24,ICBP,RG,8800,1,D,CC,YU,F
13:30:24,ICBP,RG,8800,10,D,PD,YU,F
13:30:24,ICBP,RG,8800,5,D,PD,YU,F
13:30:24,ICBP,RG,8800,3,D,PD,YU,F
13:30:24,ICBP,RG,8800,11,D,YP,YU,F
13:30:24,ICBP,RG,8800,15,D,SQ,YU,F
13:30:24,ICBP,RG,8800,1,D,KK,YU,F
13:30:24,ICBP,RG,8800,16,D,XC,YU,F
13:30:24,ICBP,RG,8800,16,D,SQ,YU,F
13:30:24,ICBP,RG,8825,11,F,ZP,BK,F
13:30:24,ICBP,RG,8825,19,F,ZP,BB,D
13:30:23,ICBP,RG,8800,4,D,SQ,YU,F
13:30:23,ICBP,RG,8800,1,D,XC,YU,F
13:30:23,ICBP,RG,8800,2,D,NI,YU,F
13:30:23,ICBP,RG,8800,25,D,PD,YU,F
13:30:23,ICBP,RG,8800,5,D,XC,YU,F
13:30:23,ICBP,RG,8800,1,D,SQ,YU,F
13:30:23,ICBP,RG,8800,5,D,YP,YU,F
13:30:23,ICBP,RG,8800,18,F,RX,YU,F
13:30:23,ICBP,RG,8800,1,D,PD,YU,F
13:30:23,ICBP,RG,8800,5,D,OD,YU,F
13:30:23,ICBP,RG,8800,2,D,PD,YU,F
13:30:23,ICBP,RG,8800,2,D,CC,YU,F
13:30:23,ICBP,RG,8800,1,D,KK,YU,F
13:30:23,ICBP,RG,8800,10,D,XC,YU,F
13:30:23,ICBP,RG,8800,16,D,OD,YU,F
13:30:20,ICBP,RG,8800,44,D,OD,ZP,F
13:30:16,ICBP,RG,8825,43,F,ZP,BB,D
13:30:15,ICBP,RG,8825,15,F,AK,BB,D
13:30:15,ICBP,RG,8825,1,D,YP,BB,D
13:30:14,ICBP,RG,8825,2,D,YP,BB,D
13:30:13,ICBP,RG,8825,1,D,YP,BB,D
13:30:13,ICBP,RG,8825,1,D,YP,BB,D
13:30:12,ICBP,RG,8825,3,D,YP,BB,D
13:30:08,ICBP,RG,8825,5,D,PD,BB,D
13:30:08,ICBP,RG,8825,1,D,PD,BB,D
13:30:08,ICBP,RG,8825,2,D,PD,BB,D
13:30:08,ICBP,RG,8825,1,D,XC,BB,D
13:30:07,ICBP,RG,8800,2,D,OD,PD,D
13:30:07,ICBP,RG,8800,1,D,CP,PD,D
13:30:07,ICBP,RG,8800,5,D,YP,PD,D
13:30:07,ICBP,RG,8800,1,D,PD,PD,D
13:30:07,ICBP,RG,8800,1,D,KK,PD,D
13:30:07,ICBP,RG,8800,2,D,PD,PD,D
13:30:07,ICBP,RG,8800,4,D,PD,PD,D
13:30:07,ICBP,RG,8800,52,D,CC,PD,D
13:30:07,ICBP,RG,8825,1,D,XC,BB,D
13:30:07,ICBP,RG,8825,1,D,XC,BB,D
13:30:06,ICBP,RG,8800,29,D,CC,CC,D
13:30:06,ICBP,RG,8825,1,D,PD,BB,D
13:30:06,ICBP,RG,8825,4,D,XC,BB,D
13:30:06,ICBP,RG,8825,1,D,CC,BB,D
13:30:06,ICBP,RG,8825,1,D,XC,BB,D
13:30:05,ICBP,RG,8800,1,D,CC,PD,D
13:30:05,ICBP,RG,8800,6,D,CC,ZP,F
13:30:05,ICBP,RG,8825,1,D,PD,BB,D
13:30:05,ICBP,RG,8800,3,D,CC,PD,D
13:30:04,ICBP,RG,8825,2,D,EP,BB,D
13:30:02,ICBP,RG,8825,3,D,CP,BB,D
13:30:02,ICBP,RG,8800,19,D,CC,YJ,D
13:30:02,ICBP,RG,8800,5,D,XC,YJ,D
13:30:02,ICBP,RG,8800,2,D,XC,YJ,D
13:30:02,ICBP,RG,8800,1,D,XC,YJ,D
13:30:02,ICBP,RG,8800,1,D,LG,YJ,D
13:30:02,ICBP,RG,8800,1,D,XC,YJ,D
13:30:02,ICBP,RG,8800,1,D,YP,YJ,D
13:30:02,ICBP,RG,8800,70,F,DX,YJ,D
13:30:02,ICBP,RG,8825,10,D,EP,BB,D
11:29:58,ICBP,RG,8825,1,D,CC,BB,D
11:29:56,ICBP,RG,8825,3,F,ZP,BB,D
11:29:53,ICBP,RG,8800,7,F,DX,ZP,F
11:29:50,ICBP,RG,8825,7,F,ZP,BB,D
11:29:50,ICBP,RG,8800,8,F,DX,BK,F
11:29:47,ICBP,RG,8800,13,F,DX,BK,F
11:29:42,ICBP,RG,8825,9,F,BK,BB,D
11:29:41,ICBP,RG,8825,19,F,ZP,BB,D
11:29:38,ICBP,RG,8825,33,D,OD,BB,D
11:29:33,ICBP,RG,8800,7,F,DX,ZP,F
11:29:32,ICBP,RG,8825,9,F,BK,BB,D
11:29:32,ICBP,RG,8800,10,F,DX,BK,F
11:29:30,ICBP,RG,8800,18,F,DX,BK,F
11:29:27,ICBP,RG,8825,41,F,ZP,BB,D
11:29:26,ICBP,RG,8825,9,F,BK,BB,D
11:29:23,ICBP,RG,8800,1,F,DX,CC,D
11:29:16,ICBP,RG,8825,1,D,PD,BB,D
11:29:16,ICBP,RG,8800,7,F,DX,ZP,F
11:29:13,ICBP,RG,8825,1,D,PD,BB,D
11:29:12,ICBP,RG,8825,2,D,CC,BB,D
11:29:11,ICBP,RG,8800,10,F,DX,BK,F
11:29:08,ICBP,RG,8825,9,F,BK,BB,D
11:29:07,ICBP,RG,8800,9,F,DX,BK,F
11:29:03,ICBP,RG,8825,10,F,BK,BB,D
11:29:01,ICBP,RG,8800,9,F,DX,BK,F
11:28:58,ICBP,RG,8825,8,F,RX,BB,D
11:28:56,ICBP,RG,8800,9,F,DX,ZP,F
11:28:51,ICBP,RG,8800,10,F,DX,BK,F
11:28:48,ICBP,RG,8800,12,F,DX,BK,F
11:28:45,ICBP,RG,8825,8,F,BK,BB,D
11:28:42,ICBP,RG,8825,9,F,BK,BB,D
11:28:38,ICBP,RG,8825,33,D,OD,BB,D
11:28:37,ICBP,RG,8800,8,F,DX,ZP,F
11:28:35,ICBP,RG,8800,10,F,DX,BK,F
11:28:29,ICBP,RG,8800,8,F,DX,BK,F
11:28:25,ICBP,RG,8825,53,F,ZP,BB,D
11:28:24,ICBP,RG,8800,10,F,DX,BK,F
11:28:24,ICBP,RG,8825,9,F,BK,BB,D
11:28:21,ICBP,RG,8800,8,F,DX,ZP,F
11:28:15,ICBP,RG,8825,10,F,BK,BB,D
11:28:15,ICBP,RG,8800,10,F,DX,BK,F
11:28:09,ICBP,RG,8800,1,F,DX,CC,D
11:28:08,ICBP,RG,8800,8,F,DX,BK,F
11:28:07,ICBP,RG,8800,100,F,DX,YP,D
11:28:02,ICBP,RG,8825,9,F,BK,BB,D
11:28:02,ICBP,RG,8800,9,F,DX,BK,F
11:28:01,ICBP,RG,8800,6,F,DX,ZP,F
11:27:58,ICBP,RG,8800,13,F,DX,BK,F
11:27:53,ICBP,RG,8825,10,F,BK,BB,D
11:27:45,ICBP,RG,8800,6,F,DX,ZP,F
11:27:44,ICBP,RG,8800,15,F,DX,BK,F
11:27:39,ICBP,RG,8825,8,F,BK,BB,D
11:27:38,ICBP,RG,8825,31,D,OD,BB,D
11:27:36,ICBP,RG,8825,2,D,PD,BB,D
11:27:35,ICBP,RG,8825,9,F,BK,BB,D
11:27:33,ICBP,RG,8800,14,F,DX,BK,F
11:27:28,ICBP,RG,8800,6,F,DX,ZP,F
11:27:27,ICBP,RG,8800,14,F,DX,BK,F
11:27:27,ICBP,RG,8825,28,F,ZP,BB,D
11:27:27,ICBP,RG,8825,1,F,ZP,PD,D
11:27:27,ICBP,RG,8825,2,F,ZP,SQ,D
11:27:27,ICBP,RG,8825,5,F,ZP,PD,D
11:27:27,ICBP,RG,8825,7,F,ZP,YU,F
11:27:21,ICBP,RG,8800,2,F,DX,XC,D
11:27:18,ICBP,RG,8825,9,F,BK,YU,F
11:27:11,ICBP,RG,8800,14,F,DX,BK,F
11:27:10,ICBP,RG,8825,10,F,BK,YU,F
11:27:10,ICBP,RG,8800,11,F,DX,ZP,F
11:27:06,ICBP,RG,8800,17,F,DX,BK,F
11:26:55,ICBP,RG,8800,1,F,DX,CC,D
11:26:54,ICBP,RG,8825,174,F,ZP,YU,F
11:26:54,ICBP,RG,8825,2,F,ZP,CC,D
11:26:54,ICBP,RG,8825,15,F,ZP,SQ,D
11:26:54,ICBP,RG,8825,3,F,ZP,CC,D
11:26:54,ICBP,RG,8825,1,F,ZP,PD,D
11:26:54,ICBP,RG,8825,14,F,ZP,CS,F
11:26:53,ICBP,RG,8825,13,F,BK,CS,F
11:26:51,ICBP,RG,8800,12,F,DX,ZP,F
11:26:40,ICBP,RG,8825,32,D,OD,CS,F
11:26:37,ICBP,RG,8800,100,F,DX,EP,D
11:26:36,ICBP,RG,8825,9,F,BK,CS,F
11:26:35,ICBP,RG,8800,13,F,DX,ZP,F
11:26:34,ICBP,RG,8825,1,D,CC,CS,F
11:26:32,ICBP,RG,8825,10,F,BK,CS,F
11:26:20,ICBP,RG,8800,13,F,DX,ZP,F
11:26:19,ICBP,RG,8825,4,D,PD,CS,F
11:26:14,ICBP,RG,8825,10,F,BK,CS,F
11:26:08,ICBP,RG,8825,9,F,BK,CS,F
11:26:01,ICBP,RG,8800,6,F,DX,ZP,F
11:25:56,ICBP,RG,8825,9,F,ZP,CS,F
11:25:56,ICBP,RG,8825,5,F,ZP,SQ,D
11:25:56,ICBP,RG,8825,8,F,ZP,KZ,D
11:25:56,ICBP,RG,8825,50,F,ZP,BK,F
11:25:56,ICBP,RG,8800,1000,F,DX,BB,D
11:25:50,ICBP,RG,8825,11,F,BK,BK,F
11:25:49,ICBP,RG,8800,702,F,DX,YU,F
11:25:42,ICBP,RG,8825,23,D,OD,BK,F
11:25:42,ICBP,RG,8825,1,D,OD,XC,D
11:25:42,ICBP,RG,8825,1,D,OD,PD,D
11:25:42,ICBP,RG,8825,8,D,OD,BK,F
11:25:42,ICBP,RG,8800,5,F,DX,ZP,F
11:25:41,ICBP,RG,8800,1,F,DX,CC,D
11:25:38,ICBP,RG,8825,1,D,PD,BK,F
11:25:31,ICBP,RG,8825,16,F,BK,BK,F
11:25:27,ICBP,RG,8800,6,F,DX,ZP,F
11:25:11,ICBP,RG,8800,6,F,DX,ZP,F
11:25:07,ICBP,RG,8825,18,F,BK,BK,F
11:25:06,ICBP,RG,8800,200,F,DX,CC,D
11:25:02,ICBP,RG,8800,10,F,DX,NI,D
11:25:02,ICBP,RG,8800,24,F,DX,YP,D
11:24:51,ICBP,RG,8800,5,F,DX,ZP,F
11:24:45,ICBP,RG,8825,17,F,BK,BK,F
11:24:42,ICBP,RG,8825,31,D,OD,BK,F
11:24:42,ICBP,RG,8825,1,D,OD,YP,F
11:24:41,ICBP,RG,8800,7,F,DX,KZ,D
11:24:40,ICBP,RG,8825,1,F,BK,YP,F
11:24:40,ICBP,RG,8825,9,F,BK,BK,F
11:24:38,ICBP,RG,8800,53,F,DX,BK,F
11:24:36,ICBP,RG,8800,7,F,DX,ZP,F
11:24:36,ICBP,RG,8800,500,F,DX,BB,D
11:24:27,ICBP,RG,8800,1,F,DX,CC,D
11:24:16,ICBP,RG,8800,3,F,DX,LG,D
11:24:16,ICBP,RG,8800,8,F,DX,ZP,F
11:24:02,ICBP,RG,8825,2,D,CC,BK,F
11:24:01,ICBP,RG,8825,23,F,BK,BK,F
11:23:59,ICBP,RG,8825,2,F,ZP,BK,F
11:23:56,ICBP,RG,8800,8,F,DX,ZP,F
11:23:44,ICBP,RG,8825,37,D,OD,BK,F
11:23:36,ICBP,RG,8800,8,F,DX,ZP,F
11:23:32,ICBP,RG,8825,18,F,BK,BK,F
11:23:32,ICBP,RG,8825,7,F,BK,RX,D
11:23:29,ICBP,RG,8825,2,D,PD,RX,D
11:23:29,ICBP,RG,8800,30,F,DX,BK,F
11:23:18,ICBP,RG,8800,1,F,DX,XC,D
11:23:16,ICBP,RG,8800,8,F,DX,ZP,F
11:23:13,ICBP,RG,8800,1,F,DX,CC,D
11:23:11,ICBP,RG,8825,21,F,BK,RX,D
11:23:01,ICBP,RG,8800,6,F,DX,ZP,F
11:22:54,ICBP,RG,8800,42,F,DX,BK,F
11:22:51,ICBP,RG,8825,14,F,BK,RX,D
11:22:46,ICBP,RG,8825,30,D,OD,RX,D
11:22:42,ICBP,RG,8800,7,F,DX,ZP,F
11:22:25,ICBP,RG,8800,8,F,DX,ZP,F
11:22:25,ICBP,RG,8800,40,F,DX,BK,F
11:22:16,ICBP,RG,8825,29,F,BK,RX,D
11:22:11,ICBP,RG,8800,8,F,DX,KZ,D
11:22:06,ICBP,RG,8800,6,F,DX,ZP,F
11:21:57,ICBP,RG,8800,1,F,DX,CC,D
11:21:56,ICBP,RG,8800,39,F,DX,BK,F
11:21:53,ICBP,RG,8825,85,F,ZP,RX,D
11:21:51,ICBP,RG,8800,31,F,DX,BK,F
11:21:46,ICBP,RG,8825,32,D,OD,RX,D
11:21:46,ICBP,RG,8800,7,F,DX,ZP,F
11:21:36,ICBP,RG,8825,32,F,BK,RX,D
11:21:31,ICBP,RG,8825,2,D,CC,RX,D
11:21:28,ICBP,RG,8800,36,F,DX,BK,F
11:21:26,ICBP,RG,8800,7,F,DX,ZP,F
11:21:19,ICBP,RG,8825,1,D,PD,RX,D
11:21:11,ICBP,RG,8800,5,F,DX,ZP,F
11:21:07,ICBP,RG,8800,26,F,DX,BK,F
11:21:00,ICBP,RG,8825,27,F,BK,RX,D
11:20:55,ICBP,RG,8800,4,F,DX,ZP,F
11:20:48,ICBP,RG,8825,28,D,OD,RX,D
11:20:42,ICBP,RG,8800,1,F,DX,CC,D
11:20:36,ICBP,RG,8800,3,F,DX,CC,D
11:20:35,ICBP,RG,8800,4,F,DX,ZP,F
11:20:34,ICBP,RG,8825,17,F,BK,RX,D
11:20:16,ICBP,RG,8800,5,F,DX,ZP,F
11:20:01,ICBP,RG,8800,5,F,DX,ZP,F
11:19:49,ICBP,RG,8825,35,D,OD,RX,D
11:19:42,ICBP,RG,8800,4,F,DX,ZP,F
11:19:28,ICBP,RG,8800,1,F,DX,CC,D
11:19:26,ICBP,RG,8800,5,F,DX,ZP,F
11:19:17,ICBP,RG,8825,1,D,PD,RX,D
11:19:06,ICBP,RG,8800,5,F,DX,ZP,F
11:19:00,ICBP,RG,8825,2,D,CC,RX,D
11:18:58,ICBP,RG,8800,47,F,DX,BK,F
11:18:54,ICBP,RG,8825,26,F,BK,RX,D
11:18:52,ICBP,RG,8825,5,D,CC,RX,D
11:18:51,ICBP,RG,8825,33,D,OD,RX,D
11:18:46,ICBP,RG,8800,4,F,DX,ZP,F
11:18:26,ICBP,RG,8800,4,F,DX,ZP,F
11:18:06,ICBP,RG,8800,8,F,DX,ZP,F
11:17:53,ICBP,RG,8825,38,D,OD,RX,D
11:17:46,ICBP,RG,8800,9,F,DX,ZP,F
11:17:28,ICBP,RG,8800,8,F,DX,ZP,F
11:17:27,ICBP,RG,8825,1,D,PD,RX,D
11:17:25,ICBP,RG,8825,21,F,BK,RX,D
11:17:11,ICBP,RG,8800,9,F,DX,ZP,F
11:17:00,ICBP,RG,8800,1,F,DX,CC,D
11:16:52,ICBP,RG,8800,38,F,DX,BK,F
11:16:51,ICBP,RG,8800,7,F,DX,ZP,F
11:16:50,ICBP,RG,8825,32,D,OD,RX,D
11:16:31,ICBP,RG,8800,13,F,DX,ZP,F
11:16:23,ICBP,RG,8825,3,D,CC,RX,D
11:16:23,ICBP,RG,8800,1,F,DX,PD,D
11:16:15,ICBP,RG,8825,1,D,PD,RX,D
11:16:11,ICBP,RG,8800,4,F,DX,ZP,F
11:15:55,ICBP,RG,8825,1,D,CP,RX,D
11:15:51,ICBP,RG,8800,6,F,DX,ZP,F
11:15:51,ICBP,RG,8825,28,D,OD,RX,D
11:15:46,ICBP,RG,8800,1,F,DX,CC,D
11:15:36,ICBP,RG,8800,5,F,DX,ZP,F
11:15:16,ICBP,RG,8800,5,F,DX,ZP,F
11:15:14,ICBP,RG,8825,2,D,PD,RX,D
11:15:01,ICBP,RG,8800,6,F,DX,ZP,F
11:14:55,ICBP,RG,8825,17,D,OD,RX,D
11:14:50,ICBP,RG,8825,33,F,BK,RX,D
11:14:41,ICBP,RG,8800,4,F,DX,ZP,F
11:14:32,ICBP,RG,8800,1,F,DX,CC,D
11:14:21,ICBP,RG,8800,6,F,DX,ZP,F
11:14:11,ICBP,RG,8800,5,F,DX,KZ,D
11:14:01,ICBP,RG,8800,5,F,DX,ZP,F
11:13:56,ICBP,RG,8825,17,D,OD,RX,D
11:13:46,ICBP,RG,8800,5,F,DX,ZP,F
11:13:43,ICBP,RG,8825,2,D,CC,RX,D
11:13:31,ICBP,RG,8800,4,F,DX,ZP,F
11:13:18,ICBP,RG,8800,1,F,DX,CC,D
11:13:13,ICBP,RG,8825,22,F,BK,RX,D
11:13:12,ICBP,RG,8825,1,D,PD,RX,D
11:13:11,ICBP,RG,8800,6,F,DX,ZP,F
11:12:59,ICBP,RG,8800,40,F,DX,BK,F
11:12:58,ICBP,RG,8825,62,D,OD,RX,D
11:12:55,ICBP,RG,8825,18,D,OD,RX,D
11:12:51,ICBP,RG,8800,7,F,DX,ZP,F
11:12:31,ICBP,RG,8800,7,F,DX,ZP,F
11:12:15,ICBP,RG,8825,13,F,BK,RX,D
11:12:11,ICBP,RG,8800,5,F,DX,ZP,F
11:12:02,ICBP,RG,8800,1,F,DX,CC,D
11:11:55,ICBP,RG,8825,14,D,OD,RX,D
11:11:51,ICBP,RG,8800,4,F,DX,ZP,F
11:11:37,ICBP,RG,8825,2,D,PD,RX,D
11:11:35,ICBP,RG,8825,1,D,XL,RX,D
11:11:31,ICBP,RG,8800,6,F,DX,ZP,F
11:11:27,ICBP,RG,8825,1,D,PD,RX,D
11:11:12,ICBP,RG,8800,3,F,DX,ZP,F
11:11:11,ICBP,RG,8825,2,D,CC,RX,D
11:10:56,ICBP,RG,8800,4,F,DX,ZP,F
11:10:55,ICBP,RG,8825,17,D,OD,RX,D
11:10:48,ICBP,RG,8800,1,F,DX,CC,D
11:10:34,ICBP,RG,8800,4,F,DX,ZP,F
11:10:34,ICBP,RG,8825,21,F,BK,RX,D
11:10:16,ICBP,RG,8800,5,F,DX,ZP,F
11:10:11,ICBP,RG,8825,35,F,ZP,RX,D
11:10:03,ICBP,RG,8800,43,F,DX,BK,F
11:09:57,ICBP,RG,8825,16,D,OD,RX,D
11:09:56,ICBP,RG,8800,6,F,DX,ZP,F
11:09:40,ICBP,RG,8800,6,F,DX,ZP,F
11:09:39,ICBP,RG,8825,12,F,BK,RX,D
11:09:39,ICBP,RG,8825,1,D,CP,RX,D
11:09:34,ICBP,RG,8800,1,F,DX,CC,D
11:09:29,ICBP,RG,8825,1,D,PD,RX,D
11:09:22,ICBP,RG,8800,7,F,DX,ZP,F
11:09:06,ICBP,RG,8800,6,F,DX,ZP,F
11:08:55,ICBP,RG,8825,17,D,OD,RX,D
11:08:46,ICBP,RG,8800,8,F,DX,ZP,F
11:08:39,ICBP,RG,8825,2,D,CC,RX,D
11:08:31,ICBP,RG,8800,7,F,DX,ZP,F
11:08:24,ICBP,RG,8825,16,F,RX,RX,D
11:08:20,ICBP,RG,8800,1,F,DX,CC,D
11:08:20,ICBP,RG,8825,1,D,PD,RX,D
11:08:19,ICBP,RG,8825,34,F,ZP,RX,D
11:08:11,ICBP,RG,8800,6,F,DX,ZP,F
11:07:57,ICBP,RG,8825,18,D,OD,RX,D
11:07:51,ICBP,RG,8800,5,F,DX,ZP,F
11:07:48,ICBP,RG,8825,3,D,CP,RX,D
11:07:47,ICBP,RG,8825,22,F,BK,RX,D
11:07:31,ICBP,RG,8800,5,F,DX,ZP,F
11:07:26,ICBP,RG,8800,4,F,DX,KZ,D
11:07:22,ICBP,RG,8800,47,F,DX,BK,F
11:07:14,ICBP,RG,8800,5,F,DX,ZP,F
11:07:13,ICBP,RG,8800,4,F,DX,XC,D
11:07:11,ICBP,RG,8825,1,D,PD,RX,D
11:07:06,ICBP,RG,8800,1,F,DX,CC,D
11:06:58,ICBP,RG,8825,16,D,OD,RX,D
11:06:57,ICBP,RG,8800,5,F,DX,CP,D
11:06:57,ICBP,RG,8800,4,F,DX,ZP,F
11:06:41,ICBP,RG,8800,3,F,DX,ZP,F
11:06:21,ICBP,RG,8800,4,F,DX,ZP,F
11:06:19,ICBP,RG,8825,6,F,ZP,RX,D
11:06:19,ICBP,RG,8825,4,F,ZP,LG,D
11:06:19,ICBP,RG,8825,17,F,ZP,BB,D
11:06:03,ICBP,RG,8800,4,F,DX,ZP,F
11:06:01,ICBP,RG,8825,2,D,CC,BB,D
11:05:56,ICBP,RG,8825,18,D,OD,BB,D
11:05:48,ICBP,RG,8825,23,F,BK,BB,D
11:05:46,ICBP,RG,8800,4,F,DX,ZP,F
11:05:29,ICBP,RG,8800,4,F,DX,ZP,F
11:05:11,ICBP,RG,8825,1,D,PD,BB,D
11:05:11,ICBP,RG,8800,5,F,DX,ZP,F
11:04:56,ICBP,RG,8825,15,D,OD,BB,D
11:04:51,ICBP,RG,8800,4,F,DX,ZP,F
11:04:38,ICBP,RG,8800,1,F,DX,CC,D
11:04:36,ICBP,RG,8800,6,F,DX,ZP,F
11:04:24,ICBP,RG,8825,15,F,BK,BB,D
11:04:21,ICBP,RG,8825,1,D,YP,BB,D
11:04:16,ICBP,RG,8800,5,F,DX,ZP,F
11:03:59,ICBP,RG,8825,21,F,ZP,BB,D
11:03:58,ICBP,RG,8825,16,D,OD,BB,D
11:03:56,ICBP,RG,8800,5,F,DX,ZP,F
11:03:52,ICBP,RG,8825,2,D,XC,BB,D
11:03:39,ICBP,RG,8800,5,F,DX,ZP,F
11:03:33,ICBP,RG,8825,2,D,CC,BB,D
11:03:24,ICBP,RG,8800,1,F,DX,CC,D
11:03:21,ICBP,RG,8800,6,F,DX,ZP,F
11:03:12,ICBP,RG,8825,2,D,PD,BB,D
11:03:02,ICBP,RG,8800,6,F,DX,ZP,F
11:03:00,ICBP,RG,8825,18,D,OD,BB,D
11:02:48,ICBP,RG,8825,1,D,PD,BB,D
11:02:45,ICBP,RG,8800,8,F,DX,ZP,F
11:02:43,ICBP,RG,8825,17,F,BK,BB,D
11:02:25,ICBP,RG,8800,8,F,DX,ZP,F
11:02:10,ICBP,RG,8825,35,F,ZP,BB,D
11:02:08,ICBP,RG,8800,1,F,DX,CC,D
11:02:03,ICBP,RG,8800,4,F,DX,ZP,F
11:02:02,ICBP,RG,8825,13,D,OD,BB,D
11:01:12,ICBP,RG,8800,3,F,DX,OD,D
11:01:08,ICBP,RG,8800,9,F,DX,OD,D
11:01:07,ICBP,RG,8825,1,D,PD,BB,D
11:01:04,ICBP,RG,8825,17,F,BK,BB,D
11:01:02,ICBP,RG,8825,17,D,OD,BB,D
11:01:00,ICBP,RG,8800,5,F,DX,CP,D
11:00:57,ICBP,RG,8825,2,D,CC,BB,D
11:00:54,ICBP,RG,8800,1,F,DX,CC,D
11:00:52,ICBP,RG,8800,5,F,DX,SQ,D
11:00:12,ICBP,RG,8825,109,F,ZP,BB,D
11:00:04,ICBP,RG,8825,14,D,OD,BB,D
10:59:40,ICBP,RG,8800,1,F,DX,CC,D
10:59:15,ICBP,RG,8825,2,D,PD,BB,D
10:59:07,ICBP,RG,8800,5,F,DX,GR,D
10:59:06,ICBP,RG,8825,17,D,OD,BB,D
10:59:01,ICBP,RG,8825,20,F,BK,BB,D
10:58:33,ICBP,RG,8825,10,D,NI,BB,D
10:58:26,ICBP,RG,8800,1,F,DX,CC,D
10:58:19,ICBP,RG,8825,2,D,CC,BB,D
10:58:10,ICBP,RG,8825,5,D,YP,BB,D
10:58:03,ICBP,RG,8800,242,F,DX,BK,F
10:58:03,ICBP,RG,8825,65,F,ZP,BB,D
10:58:03,ICBP,RG,8825,76,F,ZP,BK,F
10:58:03,ICBP,RG,8825,93,F,ZP,BK,F
10:58:03,ICBP,RG,8825,2,F,ZP,YU,F
10:58:02,ICBP,RG,8825,19,D,OD,YU,F
10:58:01,ICBP,RG,8800,5,F,DX,KZ,D
10:58:00,ICBP,RG,8825,34,F,ZP,YU,F
10:58:00,ICBP,RG,8800,1000,F,DX,RX,D
10:57:53,ICBP,RG,8825,62,D,OD,YU,F
10:57:44,ICBP,RG,8825,13,F,BK,YU,F
10:57:29,ICBP,RG,8825,1,D,PD,YU,F
10:57:12,ICBP,RG,8800,1,F,DX,CC,D
10:57:02,ICBP,RG,8825,15,D,OD,YU,F
10:56:42,ICBP,RG,8825,1,D,YP,YU,F
10:56:22,ICBP,RG,8825,14,F,BK,YU,F
10:56:21,ICBP,RG,8825,1,D,XC,YU,F
10:56:04,ICBP,RG,8825,17,D,OD,YU,F
10:55:58,ICBP,RG,8800,1,F,DX,CC,D
10:55:47,ICBP,RG,8825,2,D,CC,YU,F
10:55:10,ICBP,RG,8825,1,D,PD,YU,F
10:55:08,ICBP,RG,8825,14,F,BK,YU,F
10:55:03,ICBP,RG,8825,3,D,YP,YU,F
10:55:02,ICBP,RG,8825,1,D,OD,YU,F
10:55:02,ICBP,RG,8825,2,D,OD,CC,D
10:55:02,ICBP,RG,8825,14,D,OD,BK,F
10:54:45,ICBP,RG,8825,5,D,PD,BK,F
10:54:44,ICBP,RG,8800,1,F,DX,CC,D
10:53:58,ICBP,RG,8825,18,D,OD,BK,F
10:53:50,ICBP,RG,8825,14,F,BK,BK,F
10:53:48,ICBP,RG,8825,22,F,ZP,BK,F
10:53:48,ICBP,RG,8825,7,F,ZP,YU,D
10:53:48,ICBP,RG,8825,5,F,ZP,ZP,F
10:53:41,ICBP,RG,8825,5,D,XC,ZP,F
10:53:40,ICBP,RG,8825,1,D,PD,ZP,F
10:53:34,ICBP,RG,8800,20,F,DX,CC,D
10:53:22,ICBP,RG,8800,10,F,DX,CC,D
10:53:07,ICBP,RG,8825,2,D,CC,ZP,F
10:52:58,ICBP,RG,8825,17,D,OD,ZP,F
10:52:27,ICBP,RG,8825,1,D,NI,ZP,F
10:52:25,ICBP,RG,8825,5,F,BK,ZP,F
10:52:25,ICBP,RG,8825,1,F,BK,PD,D
10:52:25,ICBP,RG,8825,10,F,BK,ZP,F
10:52:16,ICBP,RG,8800,1,F,DX,CC,D
10:52:09,ICBP,RG,8800,10,F,DX,YP,D
10:51:59,ICBP,RG,8800,26,F,DX,BK,F
10:51:58,ICBP,RG,8825,15,D,OD,ZP,F
10:51:58,ICBP,RG,8825,1,D,OD,XC,D
10:51:49,ICBP,RG,8825,1,F,ZP,XC,D
10:51:49,ICBP,RG,8825,26,F,ZP,ZP,F
10:51:49,ICBP,RG,8825,1,F,ZP,YB,D
10:51:49,ICBP,RG,8825,27,F,ZP,ZP,F
10:51:41,ICBP,RG,8800,7,F,DX,KZ,D
10:51:24,ICBP,RG,8825,2,D,PD,ZP,F
10:51:00,ICBP,RG,8800,1,F,DX,CC,D
10:50:52,ICBP,RG,8825,19,F,BK,ZP,F
10:50:47,ICBP,RG,8800,5,F,DX,PD,D
10:50:41,ICBP,RG,8825,2,D,CC,ZP,F
10:50:37,ICBP,RG,8825,88,D,OD,ZP,F
10:50:37,ICBP,RG,8825,80,D,OD,BK,F
10:50:37,ICBP,RG,8825,82,D,OD,BB,D
10:50:32,ICBP,RG,8825,13,F,RX,BB,D
10:50:27,ICBP,RG,8825,26,F,ZP,BB,D
10:50:21,ICBP,RG,8800,3,F,DX,ZP,F
10:50:02,ICBP,RG,8800,6,F,DX,ZP,F
10:49:57,ICBP,RG,8800,15,F,DX,BK,F
10:49:54,ICBP,RG,8825,12,F,BK,BB,D
10:49:46,ICBP,RG,8800,1,F,DX,CC,D
10:49:45,ICBP,RG,8800,5,F,DX,ZP,F
10:49:43,ICBP,RG,8825,1,D,XC,BB,D
10:49:39,ICBP,RG,8825,10,D,XC,BB,D
10:49:26,ICBP,RG,8800,6,F,DX,ZP,F
10:49:11,ICBP,RG,8800,3,F,DX,NI,D
10:49:08,ICBP,RG,8825,1,D,PD,BB,D
10:49:06,ICBP,RG,8800,4,F,DX,ZP,F
10:48:48,ICBP,RG,8800,6,F,DX,ZP,F
10:48:45,ICBP,RG,8825,25,F,ZP,BB,D
10:48:33,ICBP,RG,8800,5,F,DX,ZP,F
10:48:32,ICBP,RG,8800,1,F,DX,CC,D
10:48:24,ICBP,RG,8825,20,F,BK,BB,D
10:48:16,ICBP,RG,8800,5,F,DX,ZP,F
10:48:13,ICBP,RG,8825,1,D,CC,BB,D
10:48:13,ICBP,RG,8825,1,D,SQ,BB,D
10:48:01,ICBP,RG,8800,4,F,DX,ZP,F
10:47:53,ICBP,RG,8825,1,D,XL,BB,D
10:47:52,ICBP,RG,8825,1,D,SQ,BB,D
10:47:45,ICBP,RG,8800,3,F,DX,ZP,F
10:47:36,ICBP,RG,8825,10,F,BK,BB,D
10:47:26,ICBP,RG,8800,5,F,DX,ZP,F
10:47:18,ICBP,RG,8825,3,D,DH,BB,D
10:47:18,ICBP,RG,8800,1,F,DX,CC,D
10:47:08,ICBP,RG,8825,2,D,PD,BB,D
10:47:07,ICBP,RG,8800,4,F,DX,ZP,F
10:46:51,ICBP,RG,8800,4,F,DX,ZP,F
10:46:33,ICBP,RG,8825,15,F,BK,BB,D
10:46:32,ICBP,RG,8800,3,F,DX,ZP,F
10:46:15,ICBP,RG,8825,15,D,SQ,BB,D
10:46:13,ICBP,RG,8800,6,F,DX,ZP,F
10:46:13,ICBP,RG,8825,28,F,ZP,BB,D
10:46:04,ICBP,RG,8800,1,F,DX,CC,D
10:45:56,ICBP,RG,8800,6,F,DX,ZP,F
10:45:56,ICBP,RG,8825,33,D,OD,BB,D
10:45:56,ICBP,RG,8825,29,D,OD,BK,F
10:45:47,ICBP,RG,8825,11,F,BK,BK,F
10:45:44,ICBP,RG,8825,22,F,ZP,BK,F
10:45:36,ICBP,RG,8800,7,F,DX,ZP,F
10:45:17,ICBP,RG,8800,6,F,DX,ZP,F
10:45:11,ICBP,RG,8825,1,D,PD,BK,F
10:45:00,ICBP,RG,8800,4,F,DX,ZP,F
10:44:52,ICBP,RG,8825,4,F,BK,BK,F
10:44:52,ICBP,RG,8825,2,F,BK,SQ,D
10:44:52,ICBP,RG,8825,4,F,BK,NI,D
10:44:52,ICBP,RG,8825,4,F,BK,NI,D
10:44:50,ICBP,RG,8800,1,F,DX,CC,D
10:44:41,ICBP,RG,8800,4,F,DX,ZP,F
10:44:24,ICBP,RG,8800,4,F,DX,ZP,F
10:44:24,ICBP,RG,8825,1,D,PD,NI,D
10:44:16,ICBP,RG,8825,8,F,RX,NI,D
10:44:16,ICBP,RG,8800,2,F,DX,XC,D
10:44:06,ICBP,RG,8800,4,F,DX,ZP,F
10:43:59,ICBP,RG,8825,11,F,ZP,NI,D
10:43:49,ICBP,RG,8800,4,F,DX,ZP,F
10:43:49,ICBP,RG,8825,17,F,BK,NI,D
10:43:46,ICBP,RG,8800,6,F,DX,KZ,D
10:43:36,ICBP,RG,8800,1,F,DX,CC,D
10:43:31,ICBP,RG,8800,5,F,DX,ZP,F
10:43:26,ICBP,RG,8825,1,D,PD,NI,D
10:43:11,ICBP,RG,8800,5,F,DX,ZP,F
10:42:55,ICBP,RG,8800,5,F,DX,ZP,F
10:42:55,ICBP,RG,8800,12,F,DX,YP,D
10:42:38,ICBP,RG,8800,5,F,DX,ZP,F
10:42:28,ICBP,RG,8825,22,F,BK,NI,D
10:42:27,ICBP,RG,8800,1,F,DX,CC,D
10:42:19,ICBP,RG,8800,5,F,DX,ZP,F
10:42:01,ICBP,RG,8800,5,F,DX,ZP,F
10:41:48,ICBP,RG,8825,24,F,ZP,NI,D
10:41:46,ICBP,RG,8800,3,F,DX,ZP,F
10:41:36,ICBP,RG,8825,1,D,PD,NI,D
10:41:26,ICBP,RG,8800,5,F,DX,ZP,F
10:41:13,ICBP,RG,8825,15,F,BK,NI,D
10:41:13,ICBP,RG,8825,2,F,BK,XC,D
10:41:13,ICBP,RG,8825,6,F,BK,BK,F
10:41:07,ICBP,RG,8800,1,F,DX,YP,D
10:41:06,ICBP,RG,8800,1,F,DX,CC,D
10:41:06,ICBP,RG,8800,4,F,DX,ZP,F
10:40:58,ICBP,RG,8800,48,F,DX,YP,D
10:40:51,ICBP,RG,8800,4,F,DX,ZP,F
10:40:48,ICBP,RG,8825,42,F,ZP,BK,F
10:40:36,ICBP,RG,8800,4,F,DX,ZP,F
10:40:26,ICBP,RG,8825,34,F,ZP,BK,F
10:40:24,ICBP,RG,8800,1,F,DX,XC,D
10:40:17,ICBP,RG,8800,4,F,DX,ZP,F
10:40:16,ICBP,RG,8825,18,F,BK,BK,F
10:40:12,ICBP,RG,8800,1,F,DX,XC,D
10:40:01,ICBP,RG,8800,6,F,DX,ZP,F
10:39:52,ICBP,RG,8800,1,F,DX,CC,D
10:39:41,ICBP,RG,8800,6,F,DX,ZP,F
10:39:26,ICBP,RG,8800,6,F,DX,ZP,F
10:39:09,ICBP,RG,8800,6,F,DX,ZP,F
10:39:08,ICBP,RG,8825,9,F,BK,BK,F
10:39:08,ICBP,RG,8825,13,F,BK,RX,D
10:39:08,ICBP,RG,8825,2,D,PD,RX,D
10:38:51,ICBP,RG,8800,24,F,DX,BK,F
10:38:49,ICBP,RG,8800,6,F,DX,ZP,F
10:38:48,ICBP,RG,8800,60,F,DX,CC,D
10:38:47,ICBP,RG,8800,17,F,DX,BK,F
10:38:38,ICBP,RG,8800,1,F,DX,CC,D
10:38:36,ICBP,RG,8825,12,F,BK,RX,D
10:38:31,ICBP,RG,8800,4,F,DX,ZP,F
10:38:11,ICBP,RG,8800,5,F,DX,ZP,F
10:37:56,ICBP,RG,8800,4,F,DX,ZP,F
10:37:39,ICBP,RG,8825,20,F,BK,RX,D
10:37:36,ICBP,RG,8800,4,F,DX,ZP,F
10:37:24,ICBP,RG,8800,1,F,DX,CC,D
10:37:17,ICBP,RG,8825,10,D,NI,RX,D
10:37:16,ICBP,RG,8800,4,F,DX,ZP,F
10:37:10,ICBP,RG,8825,1,D,PD,RX,D
10:37:01,ICBP,RG,8800,5,F,DX,ZP,F
10:36:55,ICBP,RG,8800,1,F,DX,XC,D
10:36:51,ICBP,RG,8825,17,F,BK,RX,D
10:36:42,ICBP,RG,8800,42,F,DX,BK,F
10:36:41,ICBP,RG,8800,4,F,DX,ZP,F
10:36:19,ICBP,RG,8800,5,F,DX,ZP,F
10:36:16,ICBP,RG,8800,5,F,DX,PD,D
10:36:10,ICBP,RG,8800,1,F,DX,CC,D
10:35:58,ICBP,RG,8800,3,F,DX,ZP,F
10:35:58,ICBP,RG,8825,1,D,NI,RX,D
10:35:49,ICBP,RG,8825,21,F,ZP,RX,D
10:35:49,ICBP,RG,8825,49,F,ZP,RX,D
10:35:44,ICBP,RG,8800,35,F,DX,BK,F
10:35:41,ICBP,RG,8800,4,F,DX,ZP,F
10:35:37,ICBP,RG,8825,18,F,BK,RX,D
10:35:31,ICBP,RG,8800,1,F,DX,NI,D
10:35:21,ICBP,RG,8800,3,F,DX,ZP,F
10:35:08,ICBP,RG,8825,2,D,PD,RX,D
10:35:04,ICBP,RG,8800,5,F,DX,ZP,F
10:35:04,ICBP,RG,8825,5,D,AT,RX,D
10:34:56,ICBP,RG,8800,1,F,DX,CC,D
10:34:46,ICBP,RG,8800,5,F,DX,ZP,F
10:34:37,ICBP,RG,8825,8,F,RX,RX,D
10:34:29,ICBP,RG,8800,6,F,DX,ZP,F
10:34:18,ICBP,RG,8825,19,F,BK,RX,D
10:34:11,ICBP,RG,8800,6,F,DX,ZP,F
10:34:01,ICBP,RG,8800,38,F,DX,BK,F
10:34:00,ICBP,RG,8825,15,F,ZP,RX,D
10:33:48,ICBP,RG,8800,5,F,DX,ZP,F
10:33:47,ICBP,RG,8825,1,D,XC,RX,D
10:33:42,ICBP,RG,8800,1,F,DX,CC,D
10:33:31,ICBP,RG,8800,6,F,DX,ZP,F
10:33:12,ICBP,RG,8825,1,D,PD,RX,D
10:33:11,ICBP,RG,8800,7,F,DX,ZP,F
10:32:51,ICBP,RG,8800,8,F,DX,ZP,F
10:32:42,ICBP,RG,8825,22,F,BK,RX,D
10:32:31,ICBP,RG,8800,6,F,DX,ZP,F
10:32:28,ICBP,RG,8800,1,F,DX,CC,D
10:32:22,ICBP,RG,8825,2,D,CC,RX,D
10:32:16,ICBP,RG,8800,7,F,DX,ZP,F
10:31:58,ICBP,RG,8800,7,F,DX,ZP,F
10:31:41,ICBP,RG,8800,5,F,DX,ZP,F
10:31:31,ICBP,RG,8825,1,D,PD,RX,D
10:31:30,ICBP,RG,8825,17,F,BK,RX,D
10:31:25,ICBP,RG,8800,47,F,DX,BK,F
10:31:21,ICBP,RG,8800,4,F,DX,ZP,F
10:31:12,ICBP,RG,8800,1,F,DX,CC,D
10:31:01,ICBP,RG,8800,6,F,DX,ZP,F
10:31:00,ICBP,RG,8800,4,F,DX,PD,D
10:30:44,ICBP,RG,8825,11,F,BK,RX,D
10:30:44,ICBP,RG,8825,20,F,ZP,RX,D
10:30:41,ICBP,RG,8800,6,F,DX,ZP,F
10:30:26,ICBP,RG,8800,7,F,DX,ZP,F
10:30:06,ICBP,RG,8800,5,F,DX,ZP,F
10:29:47,ICBP,RG,8800,5,F,DX,ZP,F
10:29:46,ICBP,RG,8800,41,F,DX,BK,F
10:29:42,ICBP,RG,8825,45,F,ZP,RX,D
10:29:37,ICBP,RG,8825,16,F,BK,RX,D
10:29:28,ICBP,RG,8800,5,F,DX,ZP,F
10:29:27,ICBP,RG,8825,6,D,YP,RX,D
10:29:17,ICBP,RG,8825,1,D,PD,RX,D
10:29:13,ICBP,RG,8825,1,D,YP,RX,D
10:29:11,ICBP,RG,8800,7,F,DX,ZP,F
10:29:00,ICBP,RG,8800,32,F,DX,BK,F
10:28:57,ICBP,RG,8825,9,F,BK,RX,D
10:28:56,ICBP,RG,8800,98,F,DX,YU,F
10:28:51,ICBP,RG,8800,9,F,DX,ZP,F
10:28:44,ICBP,RG,8800,1,F,DX,CC,D
10:28:38,ICBP,RG,8825,54,F,ZP,RX,D
10:28:33,ICBP,RG,8800,7,F,DX,ZP,F
10:28:16,ICBP,RG,8800,9,F,DX,ZP,F
10:28:01,ICBP,RG,8800,7,F,DX,ZP,F
10:27:45,ICBP,RG,8800,7,F,DX,ZP,F
10:27:40,ICBP,RG,8800,52,F,DX,BK,F
10:27:37,ICBP,RG,8825,19,F,BK,RX,D
10:27:30,ICBP,RG,8800,1,F,DX,CC,D
10:27:26,ICBP,RG,8800,8,F,DX,ZP,F
10:27:06,ICBP,RG,8800,4,F,DX,ZP,F
10:26:51,ICBP,RG,8800,3,F,DX,ZP,F
10:26:50,ICBP,RG,8800,30,F,DX,BK,F
10:26:44,ICBP,RG,8825,61,F,ZP,RX,D
10:26:44,ICBP,RG,8825,29,F,ZP,YU,F
10:26:44,ICBP,RG,8825,41,F,ZP,YU,F
10:26:44,ICBP,RG,8800,40,F,DX,BK,F
10:26:44,ICBP,RG,8825,2,D,XC,YU,F
10:26:41,ICBP,RG,8825,2,D,YP,YU,F
10:26:41,ICBP,RG,8800,98,F,DX,YU,F
10:26:37,ICBP,RG,8825,8,F,RX,YU,F
10:26:36,ICBP,RG,8800,3,F,DX,ZP,F
10:26:27,ICBP,RG,8825,16,F,BK,YU,F
10:26:16,ICBP,RG,8800,1,F,DX,CC,D
10:26:15,ICBP,RG,8800,5,F,DX,ZP,F
10:25:56,ICBP,RG,8800,4,F,DX,ZP,F
10:25:46,ICBP,RG,8825,9,F,BK,YU,F
10:25:32,ICBP,RG,8800,4,F,DX,ZP,F
10:25:17,ICBP,RG,8800,2,F,DX,PD,D
10:25:17,ICBP,RG,8825,4,D,PD,YU,F
10:25:15,ICBP,RG,8800,6,F,DX,ZP,F
10:25:02,ICBP,RG,8800,1,F,DX,CC,D
10:25:00,ICBP,RG,8800,32,F,DX,BK,F
10:24:58,ICBP,RG,8825,12,F,BK,YU,F
10:24:56,ICBP,RG,8800,7,F,DX,ZP,F
10:24:42,ICBP,RG,8825,1,D,KK,YU,F
10:24:36,ICBP,RG,8800,7,F,DX,ZP,F
10:24:30,ICBP,RG,8800,24,F,DX,BK,F
10:24:29,ICBP,RG,8825,1,D,CC,YU,F
10:24:27,ICBP,RG,8800,98,F,DX,YU,F
10:24:20,ICBP,RG,8800,8,F,DX,ZP,F
10:24:18,ICBP,RG,8825,1,D,XC,YU,F
10:24:03,ICBP,RG,8825,74,F,ZP,YU,F
10:24:03,ICBP,RG,8825,1,F,ZP,SQ,D
10:24:03,ICBP,RG,8825,21,F,ZP,BK,F
10:24:03,ICBP,RG,8800,7,F,DX,ZP,F
10:24:02,ICBP,RG,8825,12,F,BK,BK,F
10:23:48,ICBP,RG,8800,1,F,DX,CC,D
10:23:46,ICBP,RG,8800,7,F,DX,ZP,F
10:23:26,ICBP,RG,8800,7,F,DX,ZP,F
10:23:16,ICBP,RG,8800,98,F,DX,YU,F
10:23:11,ICBP,RG,8825,3,D,PD,BK,F
10:23:06,ICBP,RG,8800,8,F,DX,ZP,F
10:22:55,ICBP,RG,8825,11,F,BK,BK,F
10:22:55,ICBP,RG,8825,5,F,BK,BB,D
10:22:46,ICBP,RG,8800,47,F,DX,BK,F
10:22:46,ICBP,RG,8800,6,F,DX,ZP,F
10:22:43,ICBP,RG,8825,30,F,ZP,BB,D
10:22:43,ICBP,RG,8825,36,F,ZP,BB,D
10:22:43,ICBP,RG,8825,30,F,ZP,BB,D
10:22:42,ICBP,RG,8800,5,F,DX,KK,D
10:22:34,ICBP,RG,8800,1,F,DX,CC,D
10:22:26,ICBP,RG,8800,7,F,DX,ZP,F
10:22:16,ICBP,RG,8825,8,F,BK,BB,D
10:22:06,ICBP,RG,8800,9,F,DX,ZP,F
10:21:54,ICBP,RG,8825,91,F,ZP,BB,D
10:21:54,ICBP,RG,8825,41,F,ZP,BK,F
10:21:53,ICBP,RG,8800,28,F,DX,BK,F
10:21:50,ICBP,RG,8800,241,F,DX,BK,F
10:21:49,ICBP,RG,8800,1000,F,DX,RX,D
10:21:46,ICBP,RG,8800,4,F,DX,ZP,F
10:21:42,ICBP,RG,8825,6,F,ZP,BK,F
10:21:42,ICBP,RG,8825,2,F,ZP,XC,D
10:21:42,ICBP,RG,8825,7,F,ZP,KZ,D
10:21:42,ICBP,RG,8825,5,F,ZP,DH,D
10:21:42,ICBP,RG,8825,3,F,ZP,BK,F
10:21:26,ICBP,RG,8800,5,F,DX,ZP,F
10:21:20,ICBP,RG,8800,1,F,DX,CC,D
10:21:18,ICBP,RG,8800,2,F,DX,SQ,D
10:21:14,ICBP,RG,8825,14,F,BK,BK,F
10:21:09,ICBP,RG,8800,4,F,DX,ZP,F
10:21:08,ICBP,RG,8825,4,D,PD,BK,F
10:20:51,ICBP,RG,8800,3,F,DX,ZP,F
10:20:31,ICBP,RG,8800,5,F,DX,ZP,F
10:20:26,ICBP,RG,8825,10,F,BK,BK,F
10:20:20,ICBP,RG,8800,5,F,DX,PD,D
10:20:18,ICBP,RG,8800,2,F,DX,CC,D
10:20:13,ICBP,RG,8800,5,F,DX,ZP,F
10:20:04,ICBP,RG,8800,1,F,DX,CC,D
10:19:56,ICBP,RG,8800,4,F,DX,ZP,F
10:19:56,ICBP,RG,8800,3,F,DX,KZ,D
10:19:41,ICBP,RG,8825,9,F,BK,BK,F
10:19:41,ICBP,RG,8825,1,F,BK,RX,D
10:19:37,ICBP,RG,8825,27,F,ZP,RX,D
10:19:36,ICBP,RG,8800,6,F,DX,ZP,F
10:19:35,ICBP,RG,8800,30,F,DX,YP,D
10:19:21,ICBP,RG,8800,6,F,DX,ZP,F
10:19:20,ICBP,RG,8825,4,D,PD,RX,D
10:18:59,ICBP,RG,8800,8,F,DX,ZP,F
10:18:58,ICBP,RG,8825,9,F,BK,RX,D
10:18:50,ICBP,RG,8800,1,F,DX,CC,D
10:18:44,ICBP,RG,8825,27,F,ZP,RX,D
10:18:44,ICBP,RG,8825,23,F,ZP,RX,D
10:18:41,ICBP,RG,8800,6,F,DX,ZP,F
10:18:20,ICBP,RG,8800,7,F,DX,ZP,F
10:18:20,ICBP,RG,8825,10,F,BK,RX,D
10:18:20,ICBP,RG,8800,1,F,DX,CC,D
10:18:01,ICBP,RG,8800,5,F,DX,ZP,F
10:17:49,ICBP,RG,8825,9,F,BK,RX,D
10:17:43,ICBP,RG,8800,7,F,DX,ZP,F
10:17:36,ICBP,RG,8800,1,F,DX,CC,D
10:17:26,ICBP,RG,8800,5,F,DX,ZP,F
10:17:22,ICBP,RG,8825,3,D,PD,RX,D
10:17:20,ICBP,RG,8825,8,F,BK,RX,D
10:17:06,ICBP,RG,8800,5,F,DX,ZP,F
10:16:48,ICBP,RG,8825,8,F,BK,RX,D
10:16:46,ICBP,RG,8800,5,F,DX,ZP,F
10:16:37,ICBP,RG,8800,10,F,DX,YP,D
10:16:36,ICBP,RG,8800,5,F,DX,SQ,D
10:16:26,ICBP,RG,8800,4,F,DX,ZP,F
10:16:22,ICBP,RG,8800,1,F,DX,CC,D
10:16:09,ICBP,RG,8800,6,F,DX,ZP,F
10:16:08,ICBP,RG,8825,11,F,BK,RX,D
10:15:50,ICBP,RG,8800,5,F,DX,ZP,F
10:15:34,ICBP,RG,8800,6,F,DX,ZP,F
10:15:34,ICBP,RG,8825,9,F,BK,RX,D
10:15:17,ICBP,RG,8825,4,D,PD,RX,D
10:15:16,ICBP,RG,8800,5,F,DX,ZP,F
10:15:08,ICBP,RG,8800,1,F,DX,CC,D
10:14:57,ICBP,RG,8825,10,F,BK,RX,D
10:14:56,ICBP,RG,8800,4,F,DX,ZP,F
10:14:51,ICBP,RG,8825,50,F,ZP,RX,D
10:14:37,ICBP,RG,8825,14,F,RX,RX,D
10:14:36,ICBP,RG,8800,4,F,DX,ZP,F
10:14:33,ICBP,RG,8825,226,D,PD,RX,D
10:14:19,ICBP,RG,8800,3,F,DX,ZP,F
10:14:18,ICBP,RG,8825,11,F,BK,RX,D
10:14:03,ICBP,RG,8825,16,F,ZP,RX,D
10:14:01,ICBP,RG,8800,5,F,DX,ZP,F
10:13:54,ICBP,RG,8800,1,F,DX,CC,D
10:13:41,ICBP,RG,8800,6,F,DX,ZP,F
10:13:32,ICBP,RG,8825,11,F,BK,RX,D
10:13:30,ICBP,RG,8825,3,D,PD,RX,D
10:13:21,ICBP,RG,8800,4,F,DX,ZP,F
10:13:06,ICBP,RG,8800,4,F,DX,ZP,F
10:12:54,ICBP,RG,8825,6,F,BK,RX,D
10:12:54,ICBP,RG,8825,4,F,BK,BK,F
10:12:48,ICBP,RG,8800,4,F,DX,ZP,F
10:12:48,ICBP,RG,8825,34,F,ZP,BK,F
10:12:48,ICBP,RG,8825,6,F,ZP,KZ,D
10:12:44,ICBP,RG,8825,1,D,PD,KZ,D
10:12:40,ICBP,RG,8800,1,F,DX,CC,D
10:12:31,ICBP,RG,8800,5,F,DX,ZP,F
10:12:25,ICBP,RG,8800,90,F,DX,NI,D
10:12:11,ICBP,RG,8800,4,F,DX,ZP,F
10:12:02,ICBP,RG,8825,1,F,BK,KZ,D
10:12:02,ICBP,RG,8825,12,F,BK,PD,D
10:11:56,ICBP,RG,8800,7,F,DX,KZ,D
10:11:53,ICBP,RG,8825,6,D,YP,BK,F
10:11:51,ICBP,RG,8800,6,F,DX,ZP,F
10:11:31,ICBP,RG,8800,5,F,DX,ZP,F
10:11:26,ICBP,RG,8800,1,F,DX,CC,D
10:11:14,ICBP,RG,8800,4,F,DX,ZP,F
10:11:14,ICBP,RG,8825,4,D,PD,BK,F
10:11:07,ICBP,RG,8825,14,F,BK,BK,F
10:10:58,ICBP,RG,8800,4,F,DX,ZP,F
10:10:39,ICBP,RG,8800,4,F,DX,ZP,F
10:10:38,ICBP,RG,8825,8,F,BK,BK,F
10:10:21,ICBP,RG,8800,4,F,DX,ZP,F
10:10:13,ICBP,RG,8825,1,D,PD,BK,F
10:10:10,ICBP,RG,8800,1,F,DX,CC,D
10:10:01,ICBP,RG,8825,2,F,BK,BK,F
10:10:01,ICBP,RG,8825,7,F,BK,BK,F
10:10:01,ICBP,RG,8800,4,F,DX,ZP,F
10:09:42,ICBP,RG,8800,5,F,DX,ZP,F
10:09:28,ICBP,RG,8825,8,F,BK,BK,F
10:09:26,ICBP,RG,8800,4,F,DX,ZP,F
10:09:13,ICBP,RG,8825,3,D,PD,BK,F
10:09:06,ICBP,RG,8800,7,F,DX,ZP,F
10:08:56,ICBP,RG,8800,1,F,DX,CC,D
10:08:50,ICBP,RG,8825,11,D,NI,BK,F
10:08:50,ICBP,RG,8825,5,F,ZP,BK,F
10:08:50,ICBP,RG,8825,21,F,ZP,BK,F
10:08:45,ICBP,RG,8825,11,F,BK,BK,F
10:08:16,ICBP,RG,8825,2,D,PD,BK,F
10:08:16,ICBP,RG,8825,2,D,PD,BK,F
10:08:12,ICBP,RG,8825,8,F,BK,BK,F
10:08:05,ICBP,RG,8800,4,F,DX,NI,D
10:07:54,ICBP,RG,8825,1,D,YP,BK,F
10:07:53,ICBP,RG,8800,5,F,DX,PD,D
10:07:42,ICBP,RG,8800,1,F,DX,CC,D
10:07:35,ICBP,RG,8825,1,D,XC,BK,F
10:07:31,ICBP,RG,8825,10,F,BK,BK,F
10:07:24,ICBP,RG,8825,4,D,PD,BK,F
10:06:52,ICBP,RG,8825,5,F,BK,BK,F
10:06:52,ICBP,RG,8825,5,F,BK,BB,D
10:06:28,ICBP,RG,8800,1,F,DX,CC,D
10:06:21,ICBP,RG,8825,2,D,OD,BB,D
10:06:19,ICBP,RG,8825,8,F,BK,BB,D
10:05:38,ICBP,RG,8825,1,D,YP,BB,D
10:05:28,ICBP,RG,8825,13,F,BK,BB,D
10:05:20,ICBP,RG,8800,1,F,DX,NI,D
10:05:16,ICBP,RG,8825,4,D,PD,BB,D
10:05:14,ICBP,RG,8825,1,D,PD,BB,D
10:05:14,ICBP,RG,8800,1,F,DX,CC,D
10:04:44,ICBP,RG,8825,11,F,BK,BB,D
10:04:25,ICBP,RG,8825,1,D,YP,BB,D
10:04:12,ICBP,RG,8825,8,F,BK,BB,D
10:04:07,ICBP,RG,8825,17,F,ZP,BB,D
10:04:01,ICBP,RG,8800,4,F,DX,KZ,D
10:04:00,ICBP,RG,8800,1,F,DX,CC,D
10:03:37,ICBP,RG,8825,9,F,BK,BB,D
10:03:22,ICBP,RG,8825,1,D,XC,BB,D
10:03:07,ICBP,RG,8825,3,D,PD,BB,D
10:03:06,ICBP,RG,8825,1,D,XC,BB,D
10:03:03,ICBP,RG,8825,9,F,BK,BB,D
10:02:58,ICBP,RG,8800,6,F,DX,PD,D
10:02:46,ICBP,RG,8800,1,F,DX,CC,D
10:02:27,ICBP,RG,8825,9,F,BK,BB,D
10:01:58,ICBP,RG,8825,27,F,ZP,BB,D
10:01:58,ICBP,RG,8825,27,F,ZP,BB,D
10:01:51,ICBP,RG,8825,4,F,BK,BB,D
10:01:51,ICBP,RG,8825,7,F,BK,BK,F
10:01:37,ICBP,RG,8825,5,D,PD,BK,F
10:01:32,ICBP,RG,8800,1,F,DX,CC,D
10:01:17,ICBP,RG,8825,9,F,BK,BK,F
10:00:48,ICBP,RG,8825,35,D,OD,BK,F
10:00:48,ICBP,RG,8825,27,D,OD,YU,F
10:00:44,ICBP,RG,8825,1,D,YP,YU,F
10:00:42,ICBP,RG,8800,40,F,DX,BK,F
10:00:39,ICBP,RG,8825,40,F,ZP,YU,F
10:00:20,ICBP,RG,8825,6,D,PD,YU,F
10:00:16,ICBP,RG,8800,1,F,DX,PD,D
10:00:16,ICBP,RG,8800,1,F,DX,CC,D
10:00:13,ICBP,RG,8800,6,F,DX,XC,D
10:00:00,ICBP,RG,8800,200,F,DX,GR,D
9:59:02,ICBP,RG,8800,1,F,DX,CC,D
9:58:55,ICBP,RG,8825,1,D,XC,YU,F
9:58:41,ICBP,RG,8800,2,F,DX,XC,D
9:57:48,ICBP,RG,8800,1,F,DX,CC,D
9:57:44,ICBP,RG,8825,8,F,RX,YU,F
9:57:34,ICBP,RG,8825,23,F,ZP,YU,F
9:57:27,ICBP,RG,8825,5,D,PD,YU,F
9:57:22,ICBP,RG,8825,113,D,PD,YU,F
9:56:34,ICBP,RG,8800,1,F,DX,CC,D
9:56:04,ICBP,RG,8800,2,F,DX,XC,D
9:56:01,ICBP,RG,8800,4,F,DX,KZ,D
9:55:34,ICBP,RG,8800,1,F,DX,XC,D
9:55:20,ICBP,RG,8800,1,F,DX,CC,D
9:55:05,ICBP,RG,8825,2,D,PD,YU,F
9:54:48,ICBP,RG,8800,9,F,DX,YU,D
9:54:38,ICBP,RG,8800,4,F,DX,XC,D
9:54:06,ICBP,RG,8800,1,F,DX,CC,D
9:53:59,ICBP,RG,8825,1,F,ZP,YU,F
9:53:59,ICBP,RG,8825,8,F,ZP,YU,F
9:53:05,ICBP,RG,8825,2,D,PD,YU,F
9:52:52,ICBP,RG,8800,1,F,DX,CC,D
9:52:16,ICBP,RG,8825,1,F,KK,YU,F
9:51:38,ICBP,RG,8800,1,F,DX,CC,D
9:51:06,ICBP,RG,8825,1,D,PD,YU,F
9:50:36,ICBP,RG,8825,1,D,KK,YU,F
9:50:24,ICBP,RG,8800,1,F,DX,CC,D
9:49:21,ICBP,RG,8825,2,D,PD,YU,F
9:49:19,ICBP,RG,8825,12,F,RX,YU,F
9:49:17,ICBP,RG,8825,25,F,ZP,YU,F
9:49:13,ICBP,RG,8825,1,D,OD,YU,F
9:49:13,ICBP,RG,8825,61,D,OD,BK,F
9:49:08,ICBP,RG,8800,1,F,DX,CC,D
9:48:11,ICBP,RG,8800,18,F,DX,GR,D
9:48:11,ICBP,RG,8800,34,F,DX,GR,D
9:48:06,ICBP,RG,8800,5,F,DX,KZ,D
9:47:54,ICBP,RG,8800,1,F,DX,CC,D
9:47:42,ICBP,RG,8800,1,F,DX,DH,D
9:47:26,ICBP,RG,8825,2,D,PD,BK,F
9:47:08,ICBP,RG,8825,5,D,PD,BK,F
9:46:40,ICBP,RG,8800,1,F,DX,CC,D
9:45:51,ICBP,RG,8825,3,D,NI,BK,F
9:45:26,ICBP,RG,8800,1,F,DX,CC,D
9:45:11,ICBP,RG,8825,2,D,PD,BK,F
9:44:30,ICBP,RG,8800,4,F,DX,CC,D
9:44:28,ICBP,RG,8825,5,D,OD,BK,F
9:44:27,ICBP,RG,8825,1,D,PD,BK,F
9:44:12,ICBP,RG,8825,10,D,YP,BK,F
9:44:12,ICBP,RG,8800,1,F,DX,CC,D
9:43:41,ICBP,RG,8800,1,F,DX,XC,D
9:43:07,ICBP,RG,8825,5,D,PD,BK,F
9:42:58,ICBP,RG,8800,1,F,DX,CC,D
9:42:29,ICBP,RG,8800,15,F,DX,YP,D
9:42:27,ICBP,RG,8825,1,D,PD,BK,F
9:42:16,ICBP,RG,8800,15,F,DX,YP,D
9:41:44,ICBP,RG,8800,1,F,DX,CC,D
9:41:41,ICBP,RG,8800,2,F,DX,XL,D
9:41:36,ICBP,RG,8825,13,F,RX,BK,F
9:41:34,ICBP,RG,8825,1,D,YP,BK,F
9:40:56,ICBP,RG,8800,8,F,DX,CC,D
9:40:30,ICBP,RG,8800,1,F,DX,CC,D
9:40:19,ICBP,RG,8825,10,D,RG,BK,F
9:40:00,ICBP,RG,8800,26,F,DX,BK,F
9:39:19,ICBP,RG,8800,4,F,DX,DH,D
9:39:16,ICBP,RG,8800,2,F,DX,YP,D
9:39:15,ICBP,RG,8800,13,F,DX,BK,F
9:39:14,ICBP,RG,8800,1,F,DX,CC,D
9:38:39,ICBP,RG,8800,4,F,DX,PD,D
9:38:00,ICBP,RG,8800,1,F,DX,CC,D
9:37:31,ICBP,RG,8800,35,F,DX,BK,F
9:36:45,ICBP,RG,8800,1,F,DX,CC,D
9:36:30,ICBP,RG,8800,18,F,DX,BK,F
9:35:00,ICBP,RG,8800,1,F,DX,XC,D
9:34:53,ICBP,RG,8800,4,F,DX,PD,D
9:34:28,ICBP,RG,8800,34,F,DX,BK,F
9:33:40,ICBP,RG,8800,7,F,DX,PD,D
9:33:29,ICBP,RG,8800,17,F,DX,BK,F
9:32:24,ICBP,RG,8800,1,F,DX,PD,D
9:31:57,ICBP,RG,8800,24,F,DX,BK,F
9:31:20,ICBP,RG,8825,2,D,OD,BK,F
9:30:59,ICBP,RG,8825,2,D,YP,BK,F
9:30:08,ICBP,RG,8800,5,F,DX,AT,D
9:29:34,ICBP,RG,8800,12,F,DX,NI,D
9:29:27,ICBP,RG,8825,1,D,KK,BK,F
9:29:18,ICBP,RG,8825,1,D,CC,BK,F
9:28:22,ICBP,RG,8800,1,F,DX,NI,D
9:28:19,ICBP,RG,8825,1,D,ZP,BK,F
9:28:03,ICBP,RG,8800,30,F,DX,DR,D
9:28:01,ICBP,RG,8825,5,D,XC,BK,F
9:27:19,ICBP,RG,8825,1,D,PD,BK,F
9:26:48,ICBP,RG,8825,62,D,OD,BK,F
9:26:48,ICBP,RG,8800,7,F,DX,CC,D
9:26:27,ICBP,RG,8800,17,F,DX,BK,F
9:25:47,ICBP,RG,8800,10,F,DX,BK,F
9:25:14,ICBP,RG,8800,11,F,DX,BK,F
9:25:00,ICBP,RG,8825,5,D,CC,YU,F
9:25:00,ICBP,RG,8825,1,D,PD,YU,F
9:25:00,ICBP,RG,8825,13,D,OD,YU,F
9:25:00,ICBP,RG,8825,1,D,XC,YU,F
9:25:00,ICBP,RG,8825,5,D,YP,YU,F
9:25:00,ICBP,RG,8825,15,D,DH,YU,F
9:25:00,ICBP,RG,8825,1,D,XC,YU,F
9:25:00,ICBP,RG,8825,1,D,PD,YU,F
9:25:00,ICBP,RG,8825,1,D,CC,YU,F
9:25:00,ICBP,RG,8825,1,D,XC,YU,F
9:25:00,ICBP,RG,8825,13,F,BK,YU,F
9:25:00,ICBP,RG,8825,10,D,YP,YU,F
9:24:54,ICBP,RG,8825,1,D,PD,YP,D
9:24:36,ICBP,RG,8825,5,D,NI,KZ,D
9:24:34,ICBP,RG,8825,1,D,EP,BK,F
9:24:34,ICBP,RG,8825,9,D,OD,BK,F
9:24:17,ICBP,RG,8825,1,D,OD,XC,D
9:24:04,ICBP,RG,8825,10,D,OD,BK,F
9:23:27,ICBP,RG,8825,11,D,OD,BK,F
9:23:16,ICBP,RG,8850,2,D,NI,RX,D
9:22:44,ICBP,RG,8850,2,D,DX,RX,D
9:22:44,ICBP,RG,8850,2,D,DX,YP,D
9:22:42,ICBP,RG,8825,14,D,OD,BK,F
9:22:05,ICBP,RG,8850,4,D,PD,YP,D
9:21:50,ICBP,RG,8850,30,D,CC,YP,D
9:21:42,ICBP,RG,8825,17,D,OD,BK,F
9:20:18,ICBP,RG,8850,5,D,DH,YP,D
9:20:02,ICBP,RG,8850,2,D,NI,YP,D
9:19:59,ICBP,RG,8850,11,D,PD,YP,D
9:19:59,ICBP,RG,8825,1,D,KK,XA,D
9:19:59,ICBP,RG,8825,8,F,BK,XA,D
9:19:59,ICBP,RG,8825,1,D,KK,XA,D
9:19:59,ICBP,RG,8825,5,F,RX,SQ,D
9:19:39,ICBP,RG,8825,2,F,RX,CC,D
9:19:24,ICBP,RG,8850,2,D,XL,YP,D
9:19:20,ICBP,RG,8850,10,D,YP,YP,D
9:18:50,ICBP,RG,8850,1,D,XC,YP,D
9:18:44,ICBP,RG,8850,30,D,AI,YP,D
9:18:11,ICBP,RG,8850,2,D,CC,YP,D
9:16:56,ICBP,RG,8850,1,D,XL,YP,D
9:16:55,ICBP,RG,8825,1,D,PD,PD,D
9:16:55,ICBP,RG,8825,1,D,YP,PD,D
9:16:34,ICBP,RG,8825,3,D,CC,YU,F
9:16:34,ICBP,RG,8825,6,D,XC,YU,F
9:16:34,ICBP,RG,8825,9,F,BK,YU,F
9:16:34,ICBP,RG,8825,2,D,NI,YU,F
9:16:19,ICBP,RG,8850,1,D,CC,KK,D
9:16:19,ICBP,RG,8850,1,D,CC,PD,D
9:16:11,ICBP,RG,8825,1,D,NI,KZ,D
9:16:11,ICBP,RG,8825,10,D,SQ,KZ,D
9:14:53,ICBP,RG,8825,1,D,EP,BK,F
9:14:53,ICBP,RG,8825,3,D,EP,EP,D
9:14:53,ICBP,RG,8825,1,D,EP,GR,D
9:14:30,ICBP,RG,8825,42,F,AK,BK,F
9:14:29,ICBP,RG,8825,47,F,AK,DR,D
9:14:28,ICBP,RG,8825,3,D,YP,DR,D
9:14:12,ICBP,RG,8825,7,D,YP,YU,F
9:14:12,ICBP,RG,8825,9,F,BK,YU,F
9:14:12,ICBP,RG,8825,15,D,SQ,YU,F
9:12:10,ICBP,RG,8825,34,F,AK,BK,F
9:12:10,ICBP,RG,8825,4,F,AK,NI,D
9:12:10,ICBP,RG,8825,100,F,AK,BB,D
9:12:10,ICBP,RG,8825,18,F,AK,BK,F
9:12:10,ICBP,RG,8825,145,F,AK,RX,D
9:12:09,ICBP,RG,8825,55,D,GR,RX,D
9:12:09,ICBP,RG,8825,38,D,GR,BK,F
9:12:09,ICBP,RG,8825,57,D,GR,BB,D
9:12:03,ICBP,RG,8825,5,D,NI,BB,D
9:11:46,ICBP,RG,8800,2,F,DX,NI,D
9:10:14,ICBP,RG,8800,2,F,DX,EP,D
9:10:14,ICBP,RG,8800,4,F,DX,YP,D
9:10:14,ICBP,RG,8800,1,F,DX,NI,D
9:10:14,ICBP,RG,8800,105,F,DX,BK,F
9:10:14,ICBP,RG,8800,8,F,DX,KZ,D
9:10:06,ICBP,RG,8775,4,D,ZR,KZ,D
9:10:06,ICBP,RG,8775,1,D,YP,KZ,D
9:10:06,ICBP,RG,8775,1,D,YP,KZ,D
9:10:06,ICBP,RG,8775,3,D,CC,KZ,D
9:10:06,ICBP,RG,8775,1,D,YP,KZ,D
9:09:57,ICBP,RG,8775,1,D,SQ,CC,D
9:09:49,ICBP,RG,8775,5,D,SQ,BK,F
9:09:49,ICBP,RG,8775,1,D,GR,BK,F
9:09:49,ICBP,RG,8775,1,D,PD,BK,F
9:09:49,ICBP,RG,8775,1,D,PD,BK,F
9:09:49,ICBP,RG,8775,1,D,PD,BK,F
9:09:49,ICBP,RG,8775,1,D,PD,BK,F
9:09:49,ICBP,RG,8775,1,D,CC,BK,F
9:09:49,ICBP,RG,8775,3,D,XC,BK,F
9:09:31,ICBP,RG,8775,10,D,XC,BK,F
9:09:25,ICBP,RG,8775,2,D,XC,NI,D
9:09:12,ICBP,RG,8775,11,D,XC,BK,F
9:08:52,ICBP,RG,8775,9,D,XC,BK,F
9:08:31,ICBP,RG,8800,12,F,RX,AK,F
9:08:31,ICBP,RG,8800,23,D,CC,AK,F
9:08:31,ICBP,RG,8800,1,D,YP,AK,F
9:08:31,ICBP,RG,8800,100,D,CC,AK,F
9:08:31,ICBP,RG,8800,3,D,DR,AK,F
9:08:31,ICBP,RG,8800,6,D,YP,AK,F
9:08:31,ICBP,RG,8800,6,D,SQ,AK,F
9:08:31,ICBP,RG,8800,2,D,PD,AK,F
9:08:31,ICBP,RG,8800,3,D,PD,AK,F
9:08:31,ICBP,RG,8800,1,D,XC,AK,F
9:08:31,ICBP,RG,8800,2,D,PD,AK,F
9:08:31,ICBP,RG,8800,1,D,YP,AK,F
9:08:31,ICBP,RG,8800,1,D,CC,AK,F
9:08:31,ICBP,RG,8800,5,D,KK,AK,F
9:08:31,ICBP,RG,8800,1,D,NI,AK,F
9:08:31,ICBP,RG,8800,50,D,NI,AK,F
9:08:31,ICBP,RG,8800,1,D,PD,AK,F
9:08:31,ICBP,RG,8800,1,D,YB,AK,F
9:08:31,ICBP,RG,8800,15,F,RX,AK,F
9:08:31,ICBP,RG,8800,10,D,AZ,AK,F
9:08:31,ICBP,RG,8800,3,F,BK,AK,F
9:08:31,ICBP,RG,8800,200,D,DR,AK,F
9:08:31,ICBP,RG,8800,5,D,PD,AK,F
9:08:31,ICBP,RG,8800,98,F,BK,AK,F
9:08:31,ICBP,RG,8800,1,D,NI,AK,F
9:08:31,ICBP,RG,8800,16,F,DX,AK,F
9:08:30,ICBP,RG,8800,484,F,DX,BB,D
9:08:30,ICBP,RG,8800,516,F,CC,BB,D
9:08:28,ICBP,RG,8800,12,F,CC,BK,F
9:08:04,ICBP,RG,8800,13,F,CC,BK,F
9:08:01,ICBP,RG,8800,2,F,CC,KK,D
9:07:43,ICBP,RG,8800,12,F,CC,BK,F
9:07:23,ICBP,RG,8800,10,F,CC,BK,F
9:07:08,ICBP,RG,8800,100,F,CC,PD,D
9:06:56,ICBP,RG,8800,14,F,CC,BK,F
9:06:41,ICBP,RG,8800,9,F,CC,BK,F
9:06:24,ICBP,RG,8800,9,F,CC,BK,F
9:06:16,ICBP,RG,8800,1,F,CC,SQ,D
9:06:05,ICBP,RG,8800,1,F,CC,ZP,F
9:06:03,ICBP,RG,8800,10,F,CC,BK,F
9:05:59,ICBP,RG,8800,1,F,CC,ZP,F
9:05:58,ICBP,RG,8800,30,F,CC,SQ,D
9:05:49,ICBP,RG,8800,1,F,CC,ZP,F
9:05:44,ICBP,RG,8800,12,F,CC,BK,F
9:05:28,ICBP,RG,8800,1,F,CC,ZP,F
9:05:27,ICBP,RG,8800,10,F,CC,BK,F
9:05:03,ICBP,RG,8800,12,F,CC,BK,F
9:04:54,ICBP,RG,8800,1,F,CC,ZP,F
9:04:49,ICBP,RG,8825,10,D,AZ,BB,D
9:04:46,ICBP,RG,8800,9,F,CC,BK,F
9:04:36,ICBP,RG,8800,1,F,CC,ZP,F
9:04:34,ICBP,RG,8800,9,F,CC,BK,F
9:04:17,ICBP,RG,8800,9,F,CC,BK,F
9:03:59,ICBP,RG,8800,1,F,CC,ZP,F
9:03:58,ICBP,RG,8800,10,F,CC,BK,F
9:03:39,ICBP,RG,8800,1,F,CC,ZP,F
9:03:38,ICBP,RG,8800,1,F,CC,ZP,F
9:03:38,ICBP,RG,8825,10,D,XC,BB,D
9:03:37,ICBP,RG,8800,12,F,CC,BK,F
9:03:33,ICBP,RG,8825,22,D,YP,BB,D
9:03:15,ICBP,RG,8800,1,F,CC,ZP,F
9:03:13,ICBP,RG,8800,12,F,CC,BK,F
9:02:57,ICBP,RG,8800,10,F,CC,BK,F
9:02:56,ICBP,RG,8800,2,F,CC,CC,D
9:02:42,ICBP,RG,8800,1,F,CC,ZP,F
9:02:41,ICBP,RG,8800,11,F,CC,BK,F
9:02:24,ICBP,RG,8800,1,F,CC,ZP,F
9:02:18,ICBP,RG,8800,23,F,CC,NI,D
9:02:18,ICBP,RG,8800,2,D,CC,NI,D
9:01:16,ICBP,RG,8800,1,D,CC,ZP,F
9:01:15,ICBP,RG,8825,11,D,CC,BB,D
9:01:04,ICBP,RG,8775,5,D,XC,ZP,F
9:01:04,ICBP,RG,8775,2,D,YJ,ZP,F
9:01:03,ICBP,RG,8800,3,D,NI,AK,F
9:01:03,ICBP,RG,8800,137,F,CC,AK,F
9:00:58,ICBP,RG,8800,2,F,CC,ZP,F
9:00:57,ICBP,RG,8800,40,F,CC,ZP,F
9:00:52,ICBP,RG,8800,23,F,CC,RX,D
9:00:52,ICBP,RG,8800,1,F,AK,RX,D
9:00:52,ICBP,RG,8800,2,D,XC,RX,D
9:00:52,ICBP,RG,8800,1,D,XC,RX,D
9:00:52,ICBP,RG,8800,2,D,KK,RX,D
9:00:52,ICBP,RG,8800,3,D,OD,RX,D
9:00:52,ICBP,RG,8800,10,D,GR,RX,D
9:00:52,ICBP,RG,8800,28,D,XC,RX,D
9:00:52,ICBP,RG,8800,120,D,CP,RX,D
9:00:52,ICBP,RG,8800,6,D,DR,RX,D
9:00:52,ICBP,RG,8800,62,D,YP,RX,D
9:00:52,ICBP,RG,8800,1,D,YP,RX,D
9:00:52,ICBP,RG,8800,10,F,NI,RX,D
9:00:52,ICBP,RG,8800,1,D,YP,RX,D
9:00:52,ICBP,RG,8800,20,D,YP,RX,D
9:00:52,ICBP,RG,8800,4,D,YP,RX,D
9:00:52,ICBP,RG,8800,1,D,YP,RX,D
9:00:52,ICBP,RG,8800,1,D,YP,RX,D
9:00:52,ICBP,RG,8800,1,D,YP,RX,D
9:00:52,ICBP,RG,8800,1,D,YP,RX,D
9:00:52,ICBP,RG,8800,10,D,SQ,RX,D
9:00:52,ICBP,RG,8800,1,D,PD,RX,D
9:00:52,ICBP,RG,8800,1,D,EP,RX,D
9:00:52,ICBP,RG,8800,1,D,PD,RX,D
9:00:52,ICBP,RG,8800,1,D,PD,RX,D
9:00:52,ICBP,RG,8800,6,D,PD,RX,D
9:00:52,ICBP,RG,8800,1,D,EP,RX,D
9:00:52,ICBP,RG,8800,1,D,XC,RX,D
9:00:52,ICBP,RG,8800,1,D,XC,RX,D
9:00:52,ICBP,RG,8800,2,D,CC,RX,D
9:00:52,ICBP,RG,8800,1,D,XC,RX,D
9:00:52,ICBP,RG,8800,1,D,XC,RX,D
9:00:52,ICBP,RG,8800,2,D,YJ,RX,D
9:00:52,ICBP,RG,8800,473,F,DX,RX,D
9:00:36,ICBP,RG,8825,5,D,NI,BB,D
8:55:00,ICBP,RG,8800,4,F,DX,PD,D
8:55:00,ICBP,RG,8800,2,F,DX,PD,D
8:55:00,ICBP,RG,8800,5,F,DX,DH,D
8:55:00,ICBP,RG,8800,2,F,DX,XC,D
8:55:00,ICBP,RG,8800,2,F,DX,KZ,D
8:55:00,ICBP,RG,8800,12,F,DX,ZP,F
8:55:00,ICBP,RG,8800,1,D,XC,ZP,F
8:55:00,ICBP,RG,8800,1,D,YP,ZP,F
8:55:00,ICBP,RG,8800,1,D,SQ,ZP,F
8:55:00,ICBP,RG,8800,1,D,PD,ZP,F
8:55:00,ICBP,RG,8800,10,D,PD,ZP,F
8:55:00,ICBP,RG,8800,1,D,XL,ZP,F
8:55:00,ICBP,RG,8800,3,D,EP,ZP,F
8:55:00,ICBP,RG,8800,8,D,XC,ZP,F
8:55:00,ICBP,RG,8800,2,F,RX,ZP,F
8:55:00,ICBP,RG,8800,5,F,AK,ZP,F
8:55:00,ICBP,RG,8800,17,F,AK,BB,D
8:55:00,ICBP,RG,8800,43,F,AK,BK,F
8:55:00,ICBP,RG,8800,1,F,AK,BK,F