Time,Stock,Brd,Price,Qty,BT,BC,SC,ST
15:14:05,ICBP,RG,8425,1,D,XC,NI,D
15:11:17,ICBP,RG,8425,5,D,CC,NI,D
15:05:34,ICBP,RG,8425,2,D,CC,NI,D
15:05:34,ICBP,RG,8425,3,D,CC,KK,D
15:05:04,ICBP,RG,8425,23,D,YP,KK,D
15:05:02,ICBP,RG,8425,4,D,PD,KK,D
15:05:02,ICBP,RG,8425,5,D,CC,KK,D
15:00:00,ICBP,RG,8425,2,D,KK,KK,D
15:00:00,ICBP,RG,8425,47,D,YP,KK,D
15:00:00,ICBP,RG,8425,1,D,KK,KK,D
15:00:00,ICBP,RG,8425,15,F,GW,KK,D
15:00:00,ICBP,RG,8425,100,F,GW,YP,D
15:00:00,ICBP,RG,8425,1,F,GW,PD,D
15:00:00,ICBP,RG,8425,5,F,GW,PD,D
15:00:00,ICBP,RG,8425,2,F,GW,CC,D
15:00:00,ICBP,RG,8425,5,F,GW,DR,D
15:00:00,ICBP,RG,8425,4,F,GW,XC,D
15:00:00,ICBP,RG,8425,1,F,GW,KK,D
15:00:00,ICBP,RG,8425,5,F,GW,PD,D
15:00:00,ICBP,RG,8425,1,F,GW,AT,D
15:00:00,ICBP,RG,8425,2,F,GW,PD,D
15:00:00,ICBP,RG,8425,7,F,GW,PD,D
15:00:00,ICBP,RG,8425,10,F,GW,PD,D
15:00:00,ICBP,RG,8425,1,F,GW,YP,D
15:00:00,ICBP,RG,8425,30,F,GW,YP,D
15:00:00,ICBP,RG,8425,2,F,GW,AZ,D
15:00:00,ICBP,RG,8425,1,F,GW,XC,D
15:00:00,ICBP,RG,8425,1,F,GW,XC,D
15:00:00,ICBP,RG,8425,1,F,GW,YP,D
15:00:00,ICBP,RG,8425,15,F,GW,ZP,D
15:00:00,ICBP,RG,8425,30,F,GW,TP,D
15:00:00,ICBP,RG,8425,4,F,GW,CC,D
15:00:00,ICBP,RG,8425,10,F,GW,SQ,D
15:00:00,ICBP,RG,8425,1,F,GW,PD,D
15:00:00,ICBP,RG,8425,5,F,GW,PD,D
15:00:00,ICBP,RG,8425,1,F,GW,XC,D
15:00:00,ICBP,RG,8425,15,F,GW,SQ,D
15:00:00,ICBP,RG,8425,1,F,GW,XC,D
15:00:00,ICBP,RG,8425,10,F,GW,PD,D
15:00:00,ICBP,RG,8425,1,F,GW,GR,D
15:00:00,ICBP,RG,8425,10,F,GW,SQ,D
15:00:00,ICBP,RG,8425,105,F,GW,OD,D
15:00:00,ICBP,RG,8425,5,D,SQ,OD,D
15:00:00,ICBP,RG,8425,173,F,CG,OD,D
15:00:00,ICBP,RG,8425,7,F,CG,SQ,D
15:00:00,ICBP,RG,8425,3,F,CG,SQ,F
15:00:00,ICBP,RG,8425,10,F,BK,SQ,F
15:00:00,ICBP,RG,8425,10,F,BK,TP,D
15:00:00,ICBP,RG,8425,2,F,BK,LG,D
15:00:00,ICBP,RG,8425,20,F,BK,AZ,D
15:00:00,ICBP,RG,8425,5,F,BK,YP,D
15:00:00,ICBP,RG,8425,2,F,BK,NI,D
15:00:00,ICBP,RG,8425,3,F,BK,XC,D
15:00:00,ICBP,RG,8425,1,F,BK,XC,D
15:00:00,ICBP,RG,8425,100,F,BK,YJ,D
15:00:00,ICBP,RG,8425,6,F,BK,XC,D
15:00:00,ICBP,RG,8425,2,F,BK,LG,D
15:00:00,ICBP,RG,8425,12,F,BK,NI,D
15:00:00,ICBP,RG,8425,1,F,BK,CC,D
15:00:00,ICBP,RG,8425,2,F,BK,IF,D
15:00:00,ICBP,RG,8425,100,F,BK,YP,D
15:00:00,ICBP,RG,8425,25,F,BK,AI,D
15:00:00,ICBP,RG,8425,1,F,BK,XC,D
15:00:00,ICBP,RG,8425,1,F,BK,LG,D
15:00:00,ICBP,RG,8425,10,F,BK,AZ,D
15:00:00,ICBP,RG,8425,26,F,BK,ZP,F
15:00:00,ICBP,RG,8425,3,F,BK,BK,F
15:00:00,ICBP,RG,8425,310,F,BK,CG,F
15:00:00,ICBP,RG,8425,4,F,BK,AK,F
15:00:00,ICBP,RG,8425,1,F,BK,AK,F
15:00:00,ICBP,RG,8425,4,F,BK,LG,D
15:00:00,ICBP,RG,8425,108,F,AK,LG,D
14:49:57,ICBP,RG,8400,1,F,GW,ZP,F
14:49:55,ICBP,RG,8400,30,F,GW,LG,D
14:49:55,ICBP,RG,8400,1,F,GW,ZP,F
14:49:51,ICBP,RG,8400,2,F,GW,ZP,F
14:49:50,ICBP,RG,8400,2,F,GW,ZP,F
14:49:30,ICBP,RG,8400,13,F,GW,ZP,F
14:49:30,ICBP,RG,8425,99,F,ZP,OD,D
14:49:28,ICBP,RG,8400,22,F,GW,YU,F
14:49:28,ICBP,RG,8400,1,D,AT,YU,F
14:49:28,ICBP,RG,8400,5,D,YP,YU,F
14:49:28,ICBP,RG,8400,72,F,BK,YU,F
14:49:23,ICBP,RG,8400,3,F,BK,ZP,F
14:49:17,ICBP,RG,8400,14,F,BK,XC,D
14:49:15,ICBP,RG,8400,6,F,BK,PD,D
14:49:14,ICBP,RG,8400,3,F,BK,NI,D
14:49:12,ICBP,RG,8400,1,F,BK,AK,D
14:48:58,ICBP,RG,8425,1,D,XC,OD,D
14:48:57,ICBP,RG,8400,8,F,BK,AK,D
14:48:42,ICBP,RG,8400,5,F,BK,AK,D
14:48:39,ICBP,RG,8400,6,F,BK,YP,D
14:48:27,ICBP,RG,8400,2,F,BK,AK,D
14:48:27,ICBP,RG,8400,1,F,BK,AK,D
14:48:27,ICBP,RG,8400,1,F,BK,AK,D
14:47:48,ICBP,RG,8425,17,D,DR,OD,D
14:47:48,ICBP,RG,8425,2,D,DR,LG,D
14:47:48,ICBP,RG,8425,5,D,DR,YP,D
14:47:45,ICBP,RG,8425,7,D,ZP,YP,D
14:47:45,ICBP,RG,8425,1,D,ZP,YP,D
14:47:44,ICBP,RG,8400,24,F,BK,BK,F
14:47:42,ICBP,RG,8400,1,F,BK,CS,D
14:47:33,ICBP,RG,8400,1,F,BK,CS,D
14:47:32,ICBP,RG,8425,3,D,ZP,YP,D
14:47:31,ICBP,RG,8425,2,D,DR,YP,D
14:47:30,ICBP,RG,8425,4,D,ZP,YP,D
14:47:30,ICBP,RG,8425,1,D,ZP,YP,D
14:47:30,ICBP,RG,8425,29,D,DR,YP,D
14:47:30,ICBP,RG,8400,1,F,BK,CS,D
14:47:28,ICBP,RG,8400,2,F,BK,CS,D
14:47:28,ICBP,RG,8400,1,F,BK,XC,D
14:47:26,ICBP,RG,8400,63,F,BK,DR,D
14:47:26,ICBP,RG,8400,37,D,DR,DR,D
14:47:19,ICBP,RG,8400,1,D,DR,CS,D
14:47:19,ICBP,RG,8400,1,D,DR,ZP,F
14:47:13,ICBP,RG,8400,2,D,DR,CS,D
14:47:04,ICBP,RG,8400,2,D,DR,CS,D
14:46:51,ICBP,RG,8400,3,D,DR,CS,D
14:46:49,ICBP,RG,8400,4,D,DR,CC,D
14:46:45,ICBP,RG,8400,10,D,DR,GR,D
14:46:43,ICBP,RG,8400,25,D,DR,PD,D
14:46:32,ICBP,RG,8400,3,D,DR,CS,D
14:46:24,ICBP,RG,8400,2,D,DR,ZP,F
14:46:12,ICBP,RG,8400,2,F,DX,CS,D
14:46:01,ICBP,RG,8400,3,F,DX,CS,D
14:45:41,ICBP,RG,8400,2,F,DX,CS,D
14:45:30,ICBP,RG,8400,3,F,DX,CS,D
14:45:18,ICBP,RG,8425,1,D,YP,YP,D
14:45:12,ICBP,RG,8400,6,F,DX,ZP,F
14:45:11,ICBP,RG,8400,50,F,DX,PD,D
14:45:09,ICBP,RG,8400,3,F,DX,CS,D
14:44:55,ICBP,RG,8400,1,F,DX,DX,D
14:44:49,ICBP,RG,8425,2,D,CC,YP,D
14:44:49,ICBP,RG,8425,4,D,CC,YJ,D
14:44:49,ICBP,RG,8400,2,F,DX,KK,D
14:44:48,ICBP,RG,8425,1,D,CC,YJ,D
14:44:48,ICBP,RG,8425,1,D,CC,YJ,D
14:44:48,ICBP,RG,8400,2,F,DX,CS,D
14:44:46,ICBP,RG,8400,55,F,DX,PD,D
14:44:35,ICBP,RG,8400,1,F,DX,CC,D
14:44:28,ICBP,RG,8400,2,F,DX,CS,D
14:44:10,ICBP,RG,8425,2,D,ZP,YJ,D
14:44:08,ICBP,RG,8425,16,D,ZP,YJ,D
14:43:59,ICBP,RG,8425,1,D,CC,YJ,D
14:43:51,ICBP,RG,8425,38,D,DR,YJ,D
14:43:51,ICBP,RG,8425,5,D,DR,PD,D
14:43:51,ICBP,RG,8425,20,D,DR,CP,D
14:43:51,ICBP,RG,8425,22,D,DR,CP,D
14:43:48,ICBP,RG,8425,2,D,CC,CP,D
14:43:43,ICBP,RG,8400,4,F,DX,XC,D
14:43:39,ICBP,RG,8425,5,D,CC,CP,D
14:43:32,ICBP,RG,8400,1,F,DX,AK,F
14:43:32,ICBP,RG,8400,7,F,DX,CC,D
14:43:32,ICBP,RG,8400,1,F,DX,CS,D
14:43:32,ICBP,RG,8400,1,F,DX,XC,D
14:43:32,ICBP,RG,8400,1,F,DX,DX,D
14:43:32,ICBP,RG,8400,2,F,DX,CS,D
14:43:32,ICBP,RG,8400,4,F,DX,ZP,F
14:43:32,ICBP,RG,8400,2,F,DX,AZ,D
14:43:32,ICBP,RG,8400,3,F,DX,AK,F
14:43:32,ICBP,RG,8400,11,F,DX,ZP,F
14:43:32,ICBP,RG,8400,1,F,DX,CS,D
14:43:32,ICBP,RG,8400,1,F,DX,CS,D
14:43:32,ICBP,RG,8400,1,F,DX,CS,D
14:43:32,ICBP,RG,8400,2,F,DX,CS,D
14:43:32,ICBP,RG,8400,1,F,DX,PD,D
14:43:32,ICBP,RG,8400,1,F,DX,CS,D
14:43:32,ICBP,RG,8400,5,F,DX,KK,D
14:43:32,ICBP,RG,8400,13,F,DX,AK,F
14:43:32,ICBP,RG,8400,38,F,DX,AK,D
14:43:32,ICBP,RG,8400,17,F,DX,BK,F
14:43:32,ICBP,RG,8400,448,F,DX,BK,F
14:43:12,ICBP,RG,8375,7,F,ZP,AK,D
14:42:51,ICBP,RG,8375,9,F,ZP,CC,D
14:42:48,ICBP,RG,8375,1,F,ZP,YP,D
14:42:48,ICBP,RG,8375,2,D,XC,YP,D
14:42:48,ICBP,RG,8375,3,F,BK,YP,D
14:42:41,ICBP,RG,8400,5,D,CC,BK,F
14:42:40,ICBP,RG,8400,2,D,CC,BK,F
14:42:35,ICBP,RG,8375,8,F,BK,CS,D
14:42:27,ICBP,RG,8375,5,F,BK,AK,D
14:41:50,ICBP,RG,8400,3,D,CC,BK,F
14:41:42,ICBP,RG,8375,5,F,BK,AK,D
14:41:39,ICBP,RG,8400,5,D,CC,BK,F
14:41:38,ICBP,RG,8375,1,F,BK,DX,D
14:41:24,ICBP,RG,8375,7,F,BK,ZP,D
14:41:11,ICBP,RG,8375,8,F,BK,CS,D
14:41:02,ICBP,RG,8400,2,D,DR,BK,F
14:40:57,ICBP,RG,8375,5,F,BK,AK,D
14:40:56,ICBP,RG,8400,18,D,ZP,BK,F
14:40:56,ICBP,RG,8400,2,D,ZP,BK,F
14:40:50,ICBP,RG,8400,5,D,NI,BK,F
14:40:50,ICBP,RG,8400,20,D,SQ,BK,F
14:40:39,ICBP,RG,8400,5,D,CC,BK,F
14:40:15,ICBP,RG,8375,5,F,BK,YP,D
14:40:13,ICBP,RG,8375,7,F,BK,CC,D
14:39:57,ICBP,RG,8375,6,F,BK,AK,D
14:39:53,ICBP,RG,8400,1,D,CC,BK,F
14:39:48,ICBP,RG,8375,55,F,BK,PD,D
14:39:39,ICBP,RG,8400,3,D,DR,BK,F
14:39:37,ICBP,RG,8400,4,D,CC,BK,F
14:39:37,ICBP,RG,8400,2,D,CC,CS,D
14:39:30,ICBP,RG,8375,7,F,BK,AK,F
14:39:29,ICBP,RG,8375,7,F,BK,CS,D
14:39:04,ICBP,RG,8375,4,F,BK,PD,D
14:38:54,ICBP,RG,8375,4,F,BK,PD,D
14:38:44,ICBP,RG,8375,1,F,BK,DX,D
14:38:43,ICBP,RG,8400,1,D,KK,CS,D
14:38:37,ICBP,RG,8400,2,D,CC,ZP,F
14:38:37,ICBP,RG,8400,4,D,CC,PD,D
14:38:34,ICBP,RG,8375,3,F,BK,PD,D
14:38:24,ICBP,RG,8375,4,F,BK,PD,D
14:38:23,ICBP,RG,8375,1,F,BK,DH,D
14:38:19,ICBP,RG,8375,55,F,BK,PD,D
14:38:14,ICBP,RG,8375,3,F,BK,PD,D
14:38:14,ICBP,RG,8375,1,F,DX,PD,D
14:38:04,ICBP,RG,8375,3,F,DX,PD,D
14:37:54,ICBP,RG,8375,4,F,DX,PD,D
14:37:46,ICBP,RG,8375,6,F,DX,CC,D
14:37:45,ICBP,RG,8375,2,F,DX,AK,F
14:37:44,ICBP,RG,8375,3,F,DX,PD,D
14:37:42,ICBP,RG,8400,2,D,XC,CC,D
14:37:34,ICBP,RG,8375,4,F,DX,PD,D
14:37:24,ICBP,RG,8375,4,F,DX,PD,D
14:37:19,ICBP,RG,8375,14,F,DX,BK,F
14:37:17,ICBP,RG,8400,6,F,BK,AK,F
14:37:17,ICBP,RG,8400,10,D,NI,AK,F
14:37:17,ICBP,RG,8400,112,D,DR,AK,F
14:37:17,ICBP,RG,8400,10,F,ZP,AK,F
14:37:14,ICBP,RG,8400,3,F,ZP,PD,D
14:37:11,ICBP,RG,8400,80,F,ZP,AK,F
14:37:11,ICBP,RG,8400,4,D,CC,AK,F
14:37:11,ICBP,RG,8400,1,D,SQ,AK,F
14:37:11,ICBP,RG,8400,52,D,YP,AK,F
14:37:11,ICBP,RG,8400,91,F,BK,AK,F
14:37:11,ICBP,RG,8400,12,F,BK,AK,F
14:37:06,ICBP,RG,8400,3,F,BK,CS,D
14:37:06,ICBP,RG,8400,1,F,BK,ZP,F
14:37:04,ICBP,RG,8400,4,F,BK,PD,D
14:37:03,ICBP,RG,8425,1,D,KK,CP,D
14:36:54,ICBP,RG,8400,4,F,BK,PD,D
14:36:44,ICBP,RG,8400,3,F,BK,PD,D
14:36:38,ICBP,RG,8400,1,F,BK,PD,D
14:36:38,ICBP,RG,8400,2,D,PD,PD,D
14:36:38,ICBP,RG,8400,41,D,ZP,PD,D
14:36:37,ICBP,RG,8425,5,D,CC,CP,D
14:36:34,ICBP,RG,8400,4,D,ZP,PD,D
14:36:24,ICBP,RG,8400,3,D,ZP,PD,D
14:36:14,ICBP,RG,8400,4,D,ZP,PD,D
14:36:04,ICBP,RG,8400,4,D,ZP,PD,D
14:35:54,ICBP,RG,8400,3,D,ZP,PD,D
14:35:46,ICBP,RG,8400,1,D,ZP,ZP,F
14:35:44,ICBP,RG,8400,4,D,ZP,PD,D
14:35:37,ICBP,RG,8425,2,D,CC,CP,D
14:35:34,ICBP,RG,8400,3,D,CC,PD,D
14:35:24,ICBP,RG,8400,1,D,CC,PD,D
14:35:24,ICBP,RG,8400,3,D,YP,PD,D
14:35:24,ICBP,RG,8400,7,D,YP,ZP,F
14:35:17,ICBP,RG,8400,100,F,BK,PD,D
14:35:14,ICBP,RG,8400,4,F,BK,PD,D
14:35:14,ICBP,RG,8425,13,D,DR,CP,D
14:35:14,ICBP,RG,8425,1,D,DR,GR,D
14:35:14,ICBP,RG,8425,13,D,DR,MG,D
14:35:04,ICBP,RG,8400,3,F,BK,PD,D
14:34:54,ICBP,RG,8400,4,F,BK,PD,D
14:34:44,ICBP,RG,8400,4,F,BK,PD,D
14:34:43,ICBP,RG,8400,5,F,BK,PD,D
14:34:43,ICBP,RG,8400,50,D,DR,PD,D
14:34:37,ICBP,RG,8425,5,D,CC,MG,D
14:34:34,ICBP,RG,8400,3,D,DR,PD,D
14:34:25,ICBP,RG,8425,9,F,BK,MG,D
14:34:24,ICBP,RG,8400,4,D,DR,PD,D
14:34:14,ICBP,RG,8400,3,D,DR,PD,D
14:34:04,ICBP,RG,8400,2,D,DR,PD,D
14:34:04,ICBP,RG,8400,1,D,CC,PD,D
14:34:04,ICBP,RG,8400,1,D,CC,PD,D
14:33:53,ICBP,RG,8425,8,F,BK,MG,D
14:33:49,ICBP,RG,8400,4,D,CC,CS,D
14:33:49,ICBP,RG,8400,4,F,BK,CS,D
14:33:49,ICBP,RG,8400,1,F,BK,CS,D
14:33:48,ICBP,RG,8400,1,F,BK,CS,D
14:33:48,ICBP,RG,8400,2,F,BK,DX,D
14:33:48,ICBP,RG,8400,4,F,BK,XA,F
14:33:46,ICBP,RG,8400,1,D,PD,XA,F
14:33:46,ICBP,RG,8400,7,D,PD,CC,D
14:33:46,ICBP,RG,8400,11,D,PD,BK,F
14:33:46,ICBP,RG,8400,4,D,PD,PD,D
14:33:46,ICBP,RG,8400,3,D,PD,CS,D
14:33:46,ICBP,RG,8400,1,D,PD,AT,D
14:33:46,ICBP,RG,8400,3,D,PD,ZP,F
14:33:46,ICBP,RG,8400,40,D,PD,BK,F
14:33:45,ICBP,RG,8400,8,F,BK,BK,F
14:33:44,ICBP,RG,8375,3,F,DX,PD,D
14:33:41,ICBP,RG,8400,9,F,BK,BK,F
14:33:39,ICBP,RG,8400,5,D,CC,BK,F
14:33:37,ICBP,RG,8375,9,F,DX,BK,F
14:33:36,ICBP,RG,8400,42,D,DR,BK,F
14:33:34,ICBP,RG,8375,4,F,DX,PD,D
14:33:24,ICBP,RG,8375,3,F,DX,PD,D
14:33:21,ICBP,RG,8400,7,F,BK,BK,F
14:33:19,ICBP,RG,8400,5,D,DH,BK,F
14:33:18,ICBP,RG,8375,1,F,DX,DX,D
14:33:14,ICBP,RG,8375,4,F,DX,PD,D
14:33:04,ICBP,RG,8375,4,F,DX,PD,D
14:32:54,ICBP,RG,8375,3,F,DX,PD,D
14:32:47,ICBP,RG,8400,8,F,BK,BK,F
14:32:44,ICBP,RG,8375,4,F,DX,PD,D
14:32:44,ICBP,RG,8400,8,F,BK,BK,F
14:32:43,ICBP,RG,8400,22,D,PD,BK,F
14:32:41,ICBP,RG,8400,4,D,CC,BK,F
14:32:41,ICBP,RG,8400,2,D,CC,BK,F
14:32:40,ICBP,RG,8400,10,F,BK,BK,F
14:32:38,ICBP,RG,8375,9,F,DX,CC,D
14:32:37,ICBP,RG,8375,12,F,DX,PD,D
14:32:37,ICBP,RG,8375,43,F,DX,PD,D
14:32:34,ICBP,RG,8400,3,F,BK,PD,D
14:32:34,ICBP,RG,8400,1,F,BK,GR,D
14:32:34,ICBP,RG,8400,2,F,BK,CS,D
14:32:32,ICBP,RG,8400,3,D,PD,PD,D
14:32:24,ICBP,RG,8375,3,F,DX,PD,D
14:32:20,ICBP,RG,8400,3,D,YP,PD,D
14:32:14,ICBP,RG,8375,4,F,DX,PD,D
14:32:04,ICBP,RG,8375,3,F,DX,PD,D
14:31:54,ICBP,RG,8375,4,F,DX,PD,D
14:31:48,ICBP,RG,8400,6,F,BK,PD,D
14:31:44,ICBP,RG,8375,4,F,DX,PD,D
14:31:39,ICBP,RG,8400,6,D,CC,PD,D
14:31:38,ICBP,RG,8400,6,F,BK,PD,D
14:31:35,ICBP,RG,8400,5,D,NI,PD,D
14:31:34,ICBP,RG,8375,3,F,DX,PD,D
14:31:34,ICBP,RG,8375,5,F,DX,PD,D
14:31:24,ICBP,RG,8375,4,F,DX,PD,D
14:31:14,ICBP,RG,8375,3,F,DX,PD,D
14:31:08,ICBP,RG,8400,1,D,ZP,PD,D
14:31:04,ICBP,RG,8375,4,F,DX,PD,D
14:30:55,ICBP,RG,8375,1,F,DX,KK,D
14:30:54,ICBP,RG,8375,2,F,DX,PD,D
14:30:54,ICBP,RG,8375,2,F,DX,PD,D
14:30:44,ICBP,RG,8375,3,F,DX,PD,D
14:30:43,ICBP,RG,8400,6,F,BK,PD,D
14:30:39,ICBP,RG,8400,3,D,CC,PD,D
14:30:34,ICBP,RG,8375,4,F,DX,PD,D
14:30:25,ICBP,RG,8375,5,F,DX,YU,F
14:30:24,ICBP,RG,8375,1,F,DX,YU,F
14:30:24,ICBP,RG,8375,4,F,DX,PD,D
14:30:16,ICBP,RG,8400,7,F,BK,PD,D
14:30:15,ICBP,RG,8375,1,F,DX,YU,F
14:30:15,ICBP,RG,8375,2,F,DX,YU,F
14:30:15,ICBP,RG,8375,5,F,DX,YU,F
14:30:14,ICBP,RG,8375,1,F,DX,YU,F
14:30:14,ICBP,RG,8375,3,F,DX,PD,D
14:30:09,ICBP,RG,8375,5,F,DX,YU,F
14:30:09,ICBP,RG,8375,1,F,DX,YU,F
14:30:04,ICBP,RG,8375,5,F,DX,YU,F
14:30:04,ICBP,RG,8375,4,F,DX,PD,D
14:30:03,ICBP,RG,8400,6,F,BK,PD,D
14:30:02,ICBP,RG,8375,9,F,DX,YU,F
14:30:02,ICBP,RG,8375,1,F,DX,YU,F
14:29:54,ICBP,RG,8400,3,F,BK,PD,D
14:29:54,ICBP,RG,8400,8,F,BK,CC,D
14:29:54,ICBP,RG,8400,1,F,BK,DX,D
14:29:54,ICBP,RG,8400,8,F,BK,ZP,F
14:29:54,ICBP,RG,8400,200,F,BK,SQ,D
14:29:54,ICBP,RG,8400,2,F,BK,AK,F
14:29:54,ICBP,RG,8400,15,F,BK,YB,D
14:29:54,ICBP,RG,8400,11,F,BK,AK,D
14:29:54,ICBP,RG,8400,2,F,BK,BK,F
14:29:47,ICBP,RG,8400,13,F,BK,BK,F
14:29:47,ICBP,RG,8400,201,F,BK,BK,F
14:29:47,ICBP,RG,8400,25,F,BK,YP,D
14:29:47,ICBP,RG,8400,6,F,BK,CC,F
14:29:47,ICBP,RG,8400,3,F,BK,PD,D
14:29:47,ICBP,RG,8400,2,F,BK,CS,D
14:29:44,ICBP,RG,8375,4,F,DX,PD,D
14:29:37,ICBP,RG,8400,1,F,BK,CS,D
14:29:37,ICBP,RG,8400,3,F,BK,ZP,F
14:29:37,ICBP,RG,8400,2,F,BK,YU,F
14:29:37,ICBP,RG,8400,6,D,CC,YU,F
14:29:34,ICBP,RG,8375,4,F,DX,PD,D
14:29:24,ICBP,RG,8375,3,F,DX,PD,D
14:29:14,ICBP,RG,8375,4,F,DX,PD,D
14:29:12,ICBP,RG,8400,6,F,BK,YU,F
14:29:07,ICBP,RG,8400,9,F,BK,YU,F
14:29:06,ICBP,RG,8400,60,D,SQ,YU,F
14:29:04,ICBP,RG,8375,3,F,DX,PD,D
14:28:59,ICBP,RG,8400,7,F,BK,YU,F
14:28:56,ICBP,RG,8400,5,F,BK,YU,F
14:28:54,ICBP,RG,8375,4,F,DX,PD,D
14:28:53,ICBP,RG,8400,5,D,DR,YU,F
14:28:53,ICBP,RG,8400,33,D,DR,YU,F
14:28:46,ICBP,RG,8400,6,F,BK,YU,F
14:28:44,ICBP,RG,8375,4,F,DX,PD,D
14:28:40,ICBP,RG,8400,6,F,BK,YU,F
14:28:37,ICBP,RG,8400,4,D,CC,YU,F
14:28:34,ICBP,RG,8400,13,F,BK,YU,F
14:28:34,ICBP,RG,8375,3,F,DX,PD,D
14:28:32,ICBP,RG,8375,8,F,DX,PD,D
14:28:32,ICBP,RG,8375,2,D,PD,PD,D
14:28:32,ICBP,RG,8375,1,D,PD,PD,D
14:28:32,ICBP,RG,8375,1,D,PD,PD,D
14:28:32,ICBP,RG,8375,12,F,DX,PD,D
14:28:32,ICBP,RG,8375,16,F,DX,PD,D
14:28:32,ICBP,RG,8375,6,F,DX,PD,D
14:28:32,ICBP,RG,8375,6,D,DH,PD,D
14:28:32,ICBP,RG,8375,3,D,AZ,PD,D
14:28:24,ICBP,RG,8375,4,D,AZ,PD,D
14:28:14,ICBP,RG,8375,4,D,AZ,PD,D
14:28:04,ICBP,RG,8375,3,D,AZ,PD,D
14:27:54,ICBP,RG,8375,4,D,AZ,PD,D
14:27:44,ICBP,RG,8375,3,D,AZ,PD,D
14:27:40,ICBP,RG,8375,2,D,AZ,CC,D
14:27:40,ICBP,RG,8375,1,D,LG,CC,D
14:27:40,ICBP,RG,8375,4,D,XC,CC,D
14:27:39,ICBP,RG,8375,1,D,XC,DX,D
14:27:39,ICBP,RG,8375,1,D,SQ,DX,D
14:27:38,ICBP,RG,8400,6,D,CC,YU,F
14:27:34,ICBP,RG,8375,1,D,PD,PD,D
14:27:34,ICBP,RG,8375,3,D,PD,PD,D
14:27:24,ICBP,RG,8375,3,D,PD,PD,D
14:27:24,ICBP,RG,8375,1,D,PD,PD,D
14:27:14,ICBP,RG,8375,2,D,PD,PD,D
14:27:14,ICBP,RG,8375,1,F,GW,PD,D
14:27:04,ICBP,RG,8375,4,F,GW,PD,D
14:26:54,ICBP,RG,8375,4,F,GW,PD,D
14:26:48,ICBP,RG,8400,1,D,YP,YU,F
14:26:47,ICBP,RG,8375,31,F,GW,BK,F
14:26:46,ICBP,RG,8400,10,F,GW,YU,F
14:26:46,ICBP,RG,8400,21,D,DR,YU,F
14:26:46,ICBP,RG,8400,83,D,DR,YU,F
14:26:46,ICBP,RG,8400,2,D,CC,YU,F
14:26:46,ICBP,RG,8400,3,D,CC,YU,F
14:26:46,ICBP,RG,8400,12,F,BK,YU,F
14:26:46,ICBP,RG,8400,31,F,BK,YU,F
14:26:46,ICBP,RG,8400,2,D,PD,YU,F
14:26:46,ICBP,RG,8400,1,D,YP,YU,F
14:26:46,ICBP,RG,8400,61,F,ZP,YU,F
14:26:46,ICBP,RG,8400,5,F,GW,YU,F
14:26:44,ICBP,RG,8400,3,F,GW,PD,D
14:26:39,ICBP,RG,8425,5,D,CC,MG,D
14:26:34,ICBP,RG,8400,2,F,GW,PD,D
14:26:34,ICBP,RG,8400,2,D,YP,PD,D
14:26:27,ICBP,RG,8400,1,D,YP,CS,D
14:26:24,ICBP,RG,8400,3,D,YP,PD,D
14:26:14,ICBP,RG,8400,4,D,YP,PD,D
14:26:04,ICBP,RG,8400,4,D,YP,PD,D
14:25:54,ICBP,RG,8400,3,D,YP,PD,D
14:25:44,ICBP,RG,8400,4,D,YP,PD,D
14:25:38,ICBP,RG,8425,6,D,CC,MG,D
14:25:34,ICBP,RG,8400,3,D,YP,PD,D
14:25:24,ICBP,RG,8400,1,D,YP,PD,D
14:25:24,ICBP,RG,8400,3,F,BK,PD,D
14:25:24,ICBP,RG,8425,8,D,DR,MG,D
14:25:23,ICBP,RG,8400,2,F,BK,ZP,F
14:25:14,ICBP,RG,8400,4,F,BK,PD,D
14:25:10,ICBP,RG,8400,6,F,BK,KK,D
14:25:10,ICBP,RG,8400,5,F,BK,CC,D
14:25:10,ICBP,RG,8400,2,D,YP,CC,D
14:25:08,ICBP,RG,8400,1,D,YP,YP,D
14:25:07,ICBP,RG,8400,1,D,YP,CC,D
14:25:07,ICBP,RG,8400,1,D,YU,CC,D
14:25:04,ICBP,RG,8400,3,D,YU,PD,D
14:24:56,ICBP,RG,8400,1,D,YU,DX,D
14:24:54,ICBP,RG,8400,4,D,YU,PD,D
14:24:44,ICBP,RG,8400,1,D,YU,PD,D
14:24:44,ICBP,RG,8400,3,D,GR,PD,D
14:24:39,ICBP,RG,8425,5,D,CC,MG,D
14:24:34,ICBP,RG,8400,3,D,GR,PD,D
14:24:24,ICBP,RG,8400,4,D,GR,PD,D
14:24:14,ICBP,RG,8400,3,D,GR,PD,D
14:24:04,ICBP,RG,8425,9,D,DR,MG,D
14:24:04,ICBP,RG,8400,4,D,GR,PD,D
14:23:54,ICBP,RG,8400,4,D,GR,PD,D
14:23:44,ICBP,RG,8400,10,D,GR,YP,D
14:23:44,ICBP,RG,8400,3,D,GR,PD,D
14:23:43,ICBP,RG,8400,3,D,GR,YP,D
14:23:40,ICBP,RG,8425,4,D,CC,MG,D
14:23:34,ICBP,RG,8400,4,D,GR,PD,D
14:23:29,ICBP,RG,8400,3,D,GR,TP,D
14:23:26,ICBP,RG,8400,6,D,GR,CC,D
14:23:26,ICBP,RG,8400,2,D,XC,CC,D
14:23:26,ICBP,RG,8400,3,F,BK,CC,D
14:23:24,ICBP,RG,8400,3,F,BK,PD,D
14:23:14,ICBP,RG,8400,1,D,CC,PD,D
14:23:14,ICBP,RG,8400,3,D,DR,PD,D
14:23:12,ICBP,RG,8400,1,D,DR,ZP,F
14:23:04,ICBP,RG,8400,4,D,DR,PD,D
14:22:54,ICBP,RG,8400,3,D,DR,PD,D
14:22:52,ICBP,RG,8400,13,D,DR,PD,D
14:22:52,ICBP,RG,8400,3,D,CC,PD,D
14:22:52,ICBP,RG,8400,2,D,CC,PD,D
14:22:52,ICBP,RG,8400,26,D,DR,PD,D
14:22:44,ICBP,RG,8400,4,D,DR,PD,D
14:22:42,ICBP,RG,8425,6,D,CC,MG,D
14:22:42,ICBP,RG,8400,9,D,DR,CC,D
14:22:34,ICBP,RG,8400,4,D,DR,PD,D
14:22:32,ICBP,RG,8400,1,D,DR,ZP,F
14:22:24,ICBP,RG,8400,3,D,DR,PD,D
14:22:14,ICBP,RG,8400,4,D,DR,PD,D
14:22:11,ICBP,RG,8400,1,D,DR,ZP,F
14:22:09,ICBP,RG,8400,1,D,DR,DX,D
14:22:04,ICBP,RG,8400,3,D,DR,PD,D
14:21:54,ICBP,RG,8400,2,D,DR,PD,D
14:21:54,ICBP,RG,8400,1,D,DX,PD,D
14:21:54,ICBP,RG,8400,1,D,CC,PD,D
14:21:47,ICBP,RG,8400,2,D,CC,PD,D
14:21:44,ICBP,RG,8400,4,F,BK,PD,D
14:21:40,ICBP,RG,8425,5,D,CC,MG,D
14:21:36,ICBP,RG,8400,16,F,BK,OD,D
14:21:34,ICBP,RG,8400,3,F,BK,PD,D
14:21:24,ICBP,RG,8400,4,F,BK,PD,D
14:21:14,ICBP,RG,8400,3,F,BK,PD,D
14:21:04,ICBP,RG,8400,4,F,BK,PD,D
14:21:01,ICBP,RG,8400,1,F,BK,ZP,F
14:21:01,ICBP,RG,8400,64,F,BK,CP,D
14:21:01,ICBP,RG,8400,36,D,ZP,CP,D
14:20:58,ICBP,RG,8425,22,F,BK,MG,D
14:20:54,ICBP,RG,8400,33,D,ZP,YU,F
14:20:54,ICBP,RG,8400,61,F,ZP,YU,F
14:20:54,ICBP,RG,8400,4,F,ZP,PD,D
14:20:54,ICBP,RG,8400,1,F,ZP,YU,F
14:20:53,ICBP,RG,8400,5,F,ZP,YP,D
14:20:51,ICBP,RG,8425,6,F,BK,MG,D
14:20:44,ICBP,RG,8400,3,F,ZP,YU,F
14:20:44,ICBP,RG,8400,2,D,ZP,YU,F
14:20:44,ICBP,RG,8400,3,D,ZP,PD,D
14:20:41,ICBP,RG,8425,6,F,BK,MG,D
14:20:39,ICBP,RG,8400,2,D,ZP,YU,F
14:20:39,ICBP,RG,8400,8,D,DR,YU,F
14:20:38,ICBP,RG,8425,5,D,CC,MG,D
14:20:38,ICBP,RG,8400,1,D,DR,YU,F
14:20:35,ICBP,RG,8400,5,D,DR,YU,F
14:20:34,ICBP,RG,8400,1,D,DR,YU,F
14:20:34,ICBP,RG,8400,4,D,DR,PD,D
14:20:29,ICBP,RG,8425,6,F,BK,MG,D
14:20:26,ICBP,RG,8400,1,D,DR,ZP,F
14:20:25,ICBP,RG,8400,5,D,DR,YU,F
14:20:24,ICBP,RG,8400,1,D,DR,YU,F
14:20:24,ICBP,RG,8400,4,D,DR,PD,D
14:20:17,ICBP,RG,8425,6,F,BK,MG,D
14:20:17,ICBP,RG,8400,7,D,DR,AZ,D
14:20:15,ICBP,RG,8400,5,D,DR,YU,F
14:20:14,ICBP,RG,8400,1,D,DR,YU,F
14:20:14,ICBP,RG,8400,3,D,DR,PD,D
14:20:13,ICBP,RG,8400,8,D,DR,YU,F
14:20:13,ICBP,RG,8400,1,D,DR,YU,F
14:20:10,ICBP,RG,8425,6,F,BK,MG,D
14:20:08,ICBP,RG,8425,6,F,BK,MG,D
14:20:05,ICBP,RG,8400,1,D,DR,YU,F
14:20:05,ICBP,RG,8400,4,F,ZP,YU,F
14:20:04,ICBP,RG,8400,1,F,ZP,YU,F
14:20:04,ICBP,RG,8400,4,F,ZP,PD,D
14:20:02,ICBP,RG,8425,11,F,BK,MG,D
14:20:01,ICBP,RG,8400,58,F,ZP,YU,F
14:19:57,ICBP,RG,8425,6,F,BK,MG,D
14:19:55,ICBP,RG,8425,25,D,AT,MG,D
14:19:54,ICBP,RG,8400,5,F,ZP,YU,F
14:19:54,ICBP,RG,8400,3,F,ZP,PD,D
14:19:48,ICBP,RG,8425,3,D,CC,MG,D
14:19:44,ICBP,RG,8400,1,F,DX,YU,F
14:19:44,ICBP,RG,8400,5,F,DX,YU,F
14:19:44,ICBP,RG,8400,4,F,DX,PD,D
14:19:42,ICBP,RG,8425,2,D,CC,MG,D
14:19:38,ICBP,RG,8425,7,D,CC,MG,D
14:19:34,ICBP,RG,8400,5,F,DX,YU,F
14:19:34,ICBP,RG,8400,4,F,DX,PD,D
14:19:25,ICBP,RG,8400,37,F,DX,BK,F
14:19:24,ICBP,RG,8400,5,F,DX,YU,F
14:19:24,ICBP,RG,8400,10,F,DX,IP,D
14:19:24,ICBP,RG,8400,7,F,DX,CC,D
14:19:24,ICBP,RG,8400,15,F,DX,CC,D
14:19:24,ICBP,RG,8400,2,F,DX,CC,D
14:19:24,ICBP,RG,8400,2,F,DX,DX,D
14:19:24,ICBP,RG,8400,55,F,DX,PD,D
14:19:24,ICBP,RG,8400,5,F,DX,PD,D
14:19:24,ICBP,RG,8400,1,F,DX,KK,D
14:19:24,ICBP,RG,8400,11,F,DX,BK,F
14:19:24,ICBP,RG,8400,2,F,DX,KK,D
14:19:24,ICBP,RG,8400,5,F,DX,PD,D
14:19:24,ICBP,RG,8400,2,F,DX,EL,D
14:19:24,ICBP,RG,8400,92,F,DX,CS,F
14:19:24,ICBP,RG,8400,66,F,DX,PD,D
14:19:24,ICBP,RG,8400,1,F,DX,CC,D
14:19:24,ICBP,RG,8400,3,F,DX,AZ,D
14:19:24,ICBP,RG,8400,9,F,DX,YP,D
14:19:24,ICBP,RG,8400,10,F,DX,PD,D
14:19:24,ICBP,RG,8400,5,F,DX,YP,D
14:19:24,ICBP,RG,8400,8,F,DX,CC,F
14:19:24,ICBP,RG,8400,5,F,DX,KK,D
14:19:24,ICBP,RG,8400,25,F,DX,YP,D
14:19:24,ICBP,RG,8400,30,F,DX,YP,D
14:19:24,ICBP,RG,8400,10,F,DX,IP,D
14:19:24,ICBP,RG,8400,5,F,DX,CC,D
14:19:24,ICBP,RG,8400,111,F,DX,PD,D
14:19:24,ICBP,RG,8400,3,F,DX,PD,D
14:19:24,ICBP,RG,8400,5,F,DX,YP,D
14:19:24,ICBP,RG,8400,30,F,DX,PD,D
14:19:24,ICBP,RG,8400,11,F,DX,PD,D
14:19:24,ICBP,RG,8400,70,F,DX,CC,D
14:19:24,ICBP,RG,8400,45,F,DX,XC,D
14:19:24,ICBP,RG,8400,2,F,DX,DH,D
14:19:24,ICBP,RG,8400,35,F,DX,YP,D
14:19:24,ICBP,RG,8400,3,F,DX,PD,D
14:19:24,ICBP,RG,8400,26,F,DX,YP,D
14:19:24,ICBP,RG,8400,20,F,DX,DH,D
14:19:24,ICBP,RG,8400,8,F,DX,BK,F
14:19:24,ICBP,RG,8400,15,F,DX,XC,D
14:19:24,ICBP,RG,8400,1,F,DX,AK,F
14:19:24,ICBP,RG,8400,1,F,DX,CC,D
14:19:24,ICBP,RG,8400,7,F,DX,AK,D
14:19:24,ICBP,RG,8400,2,F,DX,AK,F
14:19:24,ICBP,RG,8400,5,F,DX,AK,D
14:19:24,ICBP,RG,8400,2,F,DX,EP,D
14:19:24,ICBP,RG,8400,6,F,DX,AK,D
14:19:24,ICBP,RG,8400,2,F,DX,AK,F
14:19:24,ICBP,RG,8400,1,F,DX,XC,D
14:19:24,ICBP,RG,8400,1,F,DX,XC,D
14:19:24,ICBP,RG,8400,4,F,DX,PD,D
14:19:24,ICBP,RG,8400,2,F,DX,XC,D
14:19:24,ICBP,RG,8400,5,F,DX,CC,D
14:19:24,ICBP,RG,8400,9,F,DX,CC,D
14:19:24,ICBP,RG,8400,1,F,DX,XC,D
14:19:24,ICBP,RG,8400,5,F,DX,YP,D
14:19:24,ICBP,RG,8400,1,F,DX,PD,D
14:19:24,ICBP,RG,8400,8,F,DX,PD,D
14:19:24,ICBP,RG,8400,5,F,DX,BQ,D
14:19:24,ICBP,RG,8400,25,F,DX,YP,D
14:19:24,ICBP,RG,8400,5,F,DX,KK,D
14:19:24,ICBP,RG,8400,4,F,DX,PD,D
14:19:24,ICBP,RG,8400,5,F,DX,PD,D
14:19:24,ICBP,RG,8400,2,F,DX,PD,D
14:19:24,ICBP,RG,8400,3,F,DX,PD,D
14:19:24,ICBP,RG,8400,1,F,DX,DH,D
14:19:24,ICBP,RG,8400,1,F,DX,DH,D
14:19:24,ICBP,RG,8400,2,F,DX,PD,D
14:19:24,ICBP,RG,8400,2,F,DX,PD,D
14:19:24,ICBP,RG,8400,5,F,DX,YP,D
14:19:24,ICBP,RG,8400,25,F,DX,YP,D
14:19:24,ICBP,RG,8400,17,F,DX,PD,D
14:19:24,ICBP,RG,8400,1,F,DX,PD,D
14:19:24,ICBP,RG,8400,20,F,DX,DR,D
14:19:24,ICBP,RG,8400,3,F,DX,PD,D
14:19:24,ICBP,RG,8400,30,F,DX,NI,D
14:19:24,ICBP,RG,8400,21,F,DX,ZP,F
14:19:24,ICBP,RG,8400,3,F,DX,PD,D
14:19:24,ICBP,RG,8400,2,F,DX,YU,D
14:19:24,ICBP,RG,8400,25,F,DX,KK,D
14:19:24,ICBP,RG,8400,118,F,DX,YP,D
14:19:24,ICBP,RG,8400,1,F,DX,CS,D
14:19:24,ICBP,RG,8400,2,F,DX,CS,D
14:19:24,ICBP,RG,8400,1,F,DX,DH,D
14:19:24,ICBP,RG,8400,13,F,DX,XC,D
14:19:24,ICBP,RG,8400,10,F,DX,LG,D
14:19:24,ICBP,RG,8400,2,F,DX,XC,D
14:19:24,ICBP,RG,8400,2,F,DX,CS,D
14:19:24,ICBP,RG,8400,1,F,DX,PD,D
14:19:24,ICBP,RG,8400,2,F,DX,CS,D
14:19:24,ICBP,RG,8400,10,F,DX,IP,D
14:19:24,ICBP,RG,8400,20,F,DX,CC,D
14:19:24,ICBP,RG,8400,5,F,DX,PC,D
14:19:24,ICBP,RG,8400,2,F,DX,AZ,D
14:19:24,ICBP,RG,8400,1,F,DX,CS,D
14:19:24,ICBP,RG,8400,1,F,DX,CS,D
14:19:24,ICBP,RG,8400,35,F,DX,PD,D
14:19:24,ICBP,RG,8400,1,F,DX,CS,D
14:19:24,ICBP,RG,8400,1,F,DX,YP,D
14:19:24,ICBP,RG,8400,10,F,DX,NI,D
14:19:24,ICBP,RG,8400,5,F,DX,SQ,D
14:19:24,ICBP,RG,8400,1,F,DX,ZP,F
14:19:24,ICBP,RG,8400,4,F,DX,NI,D
14:19:24,ICBP,RG,8400,1,F,DX,PD,D
14:19:24,ICBP,RG,8400,12,F,DX,ZP,F
14:19:24,ICBP,RG,8400,9,F,DX,PD,D
14:19:24,ICBP,RG,8400,2,F,DX,YP,D
14:19:24,ICBP,RG,8400,7,F,DX,YP,D
14:19:24,ICBP,RG,8400,2,F,DX,PD,D
14:19:24,ICBP,RG,8400,1,F,DX,AT,D
14:19:24,ICBP,RG,8400,2,F,DX,AT,D
14:19:24,ICBP,RG,8400,6,F,DX,YP,D
14:19:24,ICBP,RG,8400,3,F,DX,IF,D
14:19:24,ICBP,RG,8400,30,F,DX,YJ,D
14:19:21,ICBP,RG,8400,8,D,XC,YJ,D
14:19:19,ICBP,RG,8375,60,F,GW,YU,F
14:19:19,ICBP,RG,8375,14,F,ZP,YU,F
14:19:14,ICBP,RG,8375,5,F,ZP,YU,F
14:19:14,ICBP,RG,8375,4,F,ZP,PD,D
14:19:04,ICBP,RG,8375,5,F,ZP,YU,F
14:19:04,ICBP,RG,8375,3,F,ZP,PD,D
14:18:55,ICBP,RG,8375,5,F,ZP,AK,D
14:18:54,ICBP,RG,8375,1,F,ZP,YU,F
14:18:54,ICBP,RG,8375,4,D,XC,YU,F
14:18:54,ICBP,RG,8375,2,D,XC,PD,D
14:18:54,ICBP,RG,8375,1,D,KK,PD,D
14:18:54,ICBP,RG,8375,1,D,NI,PD,D
14:18:44,ICBP,RG,8375,4,D,NI,YU,F
14:18:44,ICBP,RG,8375,1,D,YU,YU,F
14:18:44,ICBP,RG,8375,4,D,YU,PD,D
14:18:39,ICBP,RG,8400,6,D,CC,YJ,D
14:18:38,ICBP,RG,8375,1,D,PD,SQ,D
14:18:38,ICBP,RG,8375,19,F,BK,SQ,D
14:18:34,ICBP,RG,8375,1,F,BK,YU,F
14:18:34,ICBP,RG,8375,5,F,BK,YU,F
14:18:34,ICBP,RG,8375,3,F,BK,PD,D
14:18:29,ICBP,RG,8375,41,F,BK,YU,F
14:18:28,ICBP,RG,8375,23,F,BK,CS,D
14:18:25,ICBP,RG,8375,1,F,BK,YU,F
14:18:24,ICBP,RG,8375,5,F,BK,YU,F
14:18:24,ICBP,RG,8375,4,F,BK,PD,D
14:18:15,ICBP,RG,8375,1,F,BK,BK,F
14:18:14,ICBP,RG,8375,5,F,BK,YU,F
14:18:14,ICBP,RG,8375,4,F,BK,PD,D
14:18:13,ICBP,RG,8375,6,F,BK,YU,F
14:18:04,ICBP,RG,8375,2,F,BK,YU,F
14:18:04,ICBP,RG,8375,3,F,BK,PD,D
14:18:03,ICBP,RG,8375,4,F,BK,CC,D
14:17:59,ICBP,RG,8375,1,F,BK,XC,D
14:17:58,ICBP,RG,8400,15,D,DR,YJ,D
14:17:54,ICBP,RG,8375,4,F,BK,PD,D
14:17:45,ICBP,RG,8375,4,F,BK,ZP,F
14:17:44,ICBP,RG,8375,3,F,BK,PD,D
14:17:36,ICBP,RG,8400,4,D,CC,YJ,D
14:17:34,ICBP,RG,8375,4,F,BK,PD,D
14:17:30,ICBP,RG,8375,8,F,BK,CC,D
14:17:24,ICBP,RG,8375,4,F,BK,PD,D
14:17:14,ICBP,RG,8375,3,F,BK,PD,D
14:17:04,ICBP,RG,8375,4,F,BK,PD,D
14:16:54,ICBP,RG,8375,4,F,BK,PD,D
14:16:47,ICBP,RG,8400,31,D,DR,YJ,D
14:16:44,ICBP,RG,8375,3,F,BK,PD,D
14:16:42,ICBP,RG,8375,1,F,BK,DX,D
14:16:34,ICBP,RG,8400,6,D,CC,YJ,D
14:16:34,ICBP,RG,8400,1,D,CC,SQ,D
14:16:34,ICBP,RG,8375,4,F,BK,PD,D
14:16:24,ICBP,RG,8375,3,F,BK,PD,D
14:16:22,ICBP,RG,8375,5,F,BK,CC,D
14:16:14,ICBP,RG,8375,4,F,BK,PD,D
14:16:04,ICBP,RG,8375,4,F,BK,PD,D
14:15:54,ICBP,RG,8375,3,F,BK,PD,D
14:15:44,ICBP,RG,8375,1,F,BK,YU,F
14:15:44,ICBP,RG,8375,4,F,BK,PD,D
14:15:40,ICBP,RG,8375,2,F,DX,AT,D
14:15:35,ICBP,RG,8375,77,F,DX,YU,F
14:15:34,ICBP,RG,8400,1,D,CC,SQ,D
14:15:34,ICBP,RG,8400,1,D,CC,XC,D
14:15:34,ICBP,RG,8400,3,D,CC,IP,D
14:15:34,ICBP,RG,8375,3,F,DX,PD,D
14:15:33,ICBP,RG,8375,17,F,DX,PD,D
14:15:33,ICBP,RG,8375,2,D,AZ,PD,D
14:15:33,ICBP,RG,8375,1,D,XC,PD,D
14:15:33,ICBP,RG,8375,1,D,XC,PD,D
14:15:33,ICBP,RG,8375,1,D,PD,PD,D
14:15:33,ICBP,RG,8375,1,D,KK,PD,D
14:15:33,ICBP,RG,8375,1,D,XC,PD,D
14:15:33,ICBP,RG,8375,4,D,YU,PD,D
14:15:33,ICBP,RG,8375,27,D,ZP,PD,D
14:15:25,ICBP,RG,8375,6,D,ZP,YU,F
14:15:24,ICBP,RG,8375,1,D,ZP,PD,D
14:15:24,ICBP,RG,8375,3,D,ZP,PD,D
14:15:23,ICBP,RG,8375,1,D,ZP,YU,F
14:15:23,ICBP,RG,8375,1,F,GW,YU,F
14:15:19,ICBP,RG,8375,2,F,GW,ZP,F
14:15:15,ICBP,RG,8375,5,F,GW,YU,F
14:15:15,ICBP,RG,8375,10,F,GW,AK,D
14:15:14,ICBP,RG,8375,4,F,GW,PD,D
14:15:12,ICBP,RG,8375,14,F,GW,YU,F
14:15:07,ICBP,RG,8375,7,F,GW,YU,F
14:15:06,ICBP,RG,8375,1,F,GW,YU,F
14:15:05,ICBP,RG,8375,5,F,GW,YU,F
14:15:04,ICBP,RG,8375,3,F,GW,PD,D
14:15:02,ICBP,RG,8375,70,F,GW,YU,F
14:14:55,ICBP,RG,8375,5,F,GW,YU,F
14:14:55,ICBP,RG,8400,7,D,ZP,IP,D
14:14:55,ICBP,RG,8400,1,D,ZP,PD,D
14:14:55,ICBP,RG,8400,4,D,ZP,GR,D
14:14:54,ICBP,RG,8375,4,F,GW,PD,D
14:14:52,ICBP,RG,8375,9,F,GW,CC,D
14:14:52,ICBP,RG,8375,1,F,GW,YU,F
14:14:50,ICBP,RG,8375,8,F,GW,YU,F
14:14:50,ICBP,RG,8375,1,F,GW,YU,F
14:14:45,ICBP,RG,8375,5,F,GW,YU,F
14:14:44,ICBP,RG,8375,4,F,GW,PD,D
14:14:43,ICBP,RG,8375,1,F,GW,PD,D
14:14:41,ICBP,RG,8375,17,F,GW,YU,F
14:14:40,ICBP,RG,8400,2,D,ZP,GR,D
14:14:35,ICBP,RG,8375,4,F,GW,YU,F
14:14:35,ICBP,RG,8375,5,F,GW,YU,F
14:14:34,ICBP,RG,8375,1,F,GW,YU,F
14:14:34,ICBP,RG,8400,4,D,CC,GR,D
14:14:34,ICBP,RG,8400,1,D,CC,NI,D
14:14:34,ICBP,RG,8375,3,F,GW,PD,D
14:14:30,ICBP,RG,8375,20,F,GW,YU,F
14:14:30,ICBP,RG,8375,3,D,YP,YU,F
14:14:30,ICBP,RG,8375,3,D,CC,YU,F
14:14:30,ICBP,RG,8375,5,D,DH,YU,F
14:14:30,ICBP,RG,8375,1,D,XC,YU,F
14:14:30,ICBP,RG,8375,3,D,LG,YU,F
14:14:30,ICBP,RG,8375,5,D,PD,YU,F
14:14:30,ICBP,RG,8375,1,D,PD,YU,F
14:14:30,ICBP,RG,8375,35,D,DR,YU,F
14:14:25,ICBP,RG,8375,31,D,DR,YU,F
14:14:25,ICBP,RG,8375,6,D,XC,YU,F
14:14:25,ICBP,RG,8375,1,D,CC,YU,F
14:14:25,ICBP,RG,8375,1,D,CC,YU,F
14:14:25,ICBP,RG,8375,10,D,NI,YU,F
14:14:25,ICBP,RG,8375,15,F,BK,YU,F
14:14:24,ICBP,RG,8375,4,F,BK,PD,D
14:14:23,ICBP,RG,8375,1,F,BK,YU,F
14:14:22,ICBP,RG,8400,5,D,CC,NI,D
14:14:20,ICBP,RG,8400,1,D,CC,NI,D
14:14:15,ICBP,RG,8375,4,F,BK,YU,F
14:14:14,ICBP,RG,8375,2,F,BK,ZP,F
14:14:14,ICBP,RG,8375,3,F,BK,PD,D
14:14:04,ICBP,RG,8375,4,F,BK,PD,D
14:13:54,ICBP,RG,8375,1,F,BK,DX,D
14:13:54,ICBP,RG,8375,4,F,BK,PD,D
14:13:54,ICBP,RG,8375,151,F,BK,YU,F
14:13:54,ICBP,RG,8375,2,D,CC,YU,F
14:13:54,ICBP,RG,8375,1,D,YP,YU,F
14:13:54,ICBP,RG,8375,10,D,IP,YU,F
14:13:54,ICBP,RG,8375,93,F,DX,YU,F
14:13:54,ICBP,RG,8375,90,F,DX,YU,F
14:13:54,ICBP,RG,8375,32,F,DX,YU,F
14:13:44,ICBP,RG,8375,3,F,DX,PD,D
14:13:43,ICBP,RG,8375,15,F,DX,YP,D
14:13:36,ICBP,RG,8400,3,D,CC,NI,D
14:13:36,ICBP,RG,8400,2,D,CC,IP,D
14:13:34,ICBP,RG,8375,4,F,DX,ZP,F
14:13:34,ICBP,RG,8375,4,F,DX,PD,D
14:13:24,ICBP,RG,8375,3,F,DX,PD,D
14:13:15,ICBP,RG,8375,5,F,DX,AK,D
14:13:14,ICBP,RG,8375,4,F,DX,PD,D
14:13:04,ICBP,RG,8375,4,F,DX,PD,D
14:13:00,ICBP,RG,8400,8,D,DR,IP,D
14:13:00,ICBP,RG,8400,23,D,DR,BK,F
14:12:54,ICBP,RG,8375,3,F,DX,PD,D
14:12:44,ICBP,RG,8375,4,F,DX,PD,D
14:12:40,ICBP,RG,8400,5,D,CC,BK,F
14:12:34,ICBP,RG,8375,4,F,DX,PD,D
14:12:24,ICBP,RG,8375,3,F,DX,PD,D
14:12:20,ICBP,RG,8375,7,F,DX,CC,D
14:12:14,ICBP,RG,8375,1,F,DX,PD,D
14:12:14,ICBP,RG,8375,2,D,PD,PD,D
14:12:14,ICBP,RG,8375,1,D,KK,PD,D
14:12:08,ICBP,RG,8375,1,D,CC,YP,D
14:12:04,ICBP,RG,8375,2,D,CC,PD,D
14:12:04,ICBP,RG,8375,1,D,DH,PD,D
14:11:54,ICBP,RG,8375,3,D,DH,PD,D
14:11:54,ICBP,RG,8375,1,D,PD,PD,D
14:11:44,ICBP,RG,8375,4,D,CC,PD,D
14:11:42,ICBP,RG,8400,6,D,CC,BK,F
14:11:36,ICBP,RG,8400,14,D,DR,BK,F
14:11:35,ICBP,RG,8375,2,D,CC,ZP,F
14:11:34,ICBP,RG,8400,6,D,DR,BK,F
14:11:34,ICBP,RG,8400,5,D,DR,OD,D
14:11:34,ICBP,RG,8400,30,D,DR,YP,D
14:11:34,ICBP,RG,8400,1,D,DR,XC,D
14:11:34,ICBP,RG,8400,2,D,DR,PD,D
14:11:34,ICBP,RG,8400,5,D,DR,GR,D
14:11:34,ICBP,RG,8400,3,D,DR,PD,D
14:11:34,ICBP,RG,8400,1,D,DR,KK,D
14:11:34,ICBP,RG,8375,3,D,CC,PD,D
14:11:24,ICBP,RG,8375,1,D,CC,PD,D
14:11:24,ICBP,RG,8375,2,D,PD,PD,D
14:11:24,ICBP,RG,8375,1,D,XC,PD,D
14:11:14,ICBP,RG,8375,1,D,XC,PD,D
14:11:14,ICBP,RG,8375,2,F,BK,PD,D
14:11:10,ICBP,RG,8375,12,F,BK,CS,D
14:11:06,ICBP,RG,8375,1,F,BK,DX,D
14:11:04,ICBP,RG,8375,4,F,BK,PD,D
14:10:54,ICBP,RG,8375,4,F,BK,PD,D
14:10:44,ICBP,RG,8375,3,F,BK,PD,D
14:10:42,ICBP,RG,8400,1,D,CC,KK,D
14:10:42,ICBP,RG,8400,1,D,CC,PC,D
14:10:42,ICBP,RG,8400,1,D,CC,XC,D
14:10:42,ICBP,RG,8400,1,D,CC,PD,D
14:10:37,ICBP,RG,8375,1,F,BK,PD,D
14:10:34,ICBP,RG,8375,4,F,BK,PD,D
14:10:34,ICBP,RG,8400,1,D,ZP,PD,D
14:10:34,ICBP,RG,8400,2,D,ZP,PD,D
14:10:34,ICBP,RG,8400,1,D,ZP,PD,D
14:10:34,ICBP,RG,8400,23,D,ZP,TP,D
14:10:34,ICBP,RG,8400,3,D,ZP,TP,D
14:10:25,ICBP,RG,8375,2,F,BK,ZP,F
14:10:24,ICBP,RG,8375,4,F,BK,PD,D
14:10:14,ICBP,RG,8375,3,F,BK,PD,D
14:10:09,ICBP,RG,8400,2,D,NI,TP,D
14:10:04,ICBP,RG,8375,4,F,BK,PD,D
14:09:54,ICBP,RG,8375,3,F,BK,PD,D
14:09:44,ICBP,RG,8400,2,D,CC,TP,D
14:09:44,ICBP,RG,8400,3,D,CC,YP,D
14:09:44,ICBP,RG,8375,4,F,BK,PD,D
14:09:42,ICBP,RG,8375,8,F,BK,CC,D
14:09:34,ICBP,RG,8375,4,F,BK,PD,D
14:09:27,ICBP,RG,8375,38,F,BK,PD,D
14:09:27,ICBP,RG,8375,2,D,CC,PD,D
14:09:27,ICBP,RG,8375,2,D,CC,ZP,F
14:09:24,ICBP,RG,8375,3,D,CC,PD,D
14:09:14,ICBP,RG,8375,4,D,CC,PD,D
14:09:04,ICBP,RG,8375,3,D,CC,PD,D
14:08:56,ICBP,RG,8400,4,D,CC,YP,D
14:08:54,ICBP,RG,8375,4,D,CC,PD,D
14:08:52,ICBP,RG,8400,2,D,CC,YP,D
14:08:44,ICBP,RG,8375,4,D,CC,PD,D
14:08:40,ICBP,RG,8400,6,D,CC,YP,D
14:08:35,ICBP,RG,8375,1,D,CC,DX,D
14:08:34,ICBP,RG,8375,3,D,CC,PD,D
14:08:24,ICBP,RG,8375,4,D,CC,PD,D
14:08:21,ICBP,RG,8375,2,D,CC,ZP,F
14:08:21,ICBP,RG,8375,18,D,CC,PD,D
14:08:21,ICBP,RG,8375,40,D,ZP,PD,D
14:08:21,ICBP,RG,8375,5,D,ZP,PD,D
14:08:21,ICBP,RG,8375,10,D,CC,PD,D
14:08:21,ICBP,RG,8375,1,D,CC,PD,D
14:08:21,ICBP,RG,8375,22,F,ZP,PD,D
14:08:21,ICBP,RG,8375,10,D,SQ,PD,D
14:08:21,ICBP,RG,8375,5,D,SQ,PD,D
14:08:14,ICBP,RG,8375,4,D,SQ,PD,D
14:08:04,ICBP,RG,8375,3,D,SQ,PD,D
14:07:54,ICBP,RG,8375,4,D,SQ,PD,D
14:07:49,ICBP,RG,8375,1,D,SQ,CC,D
14:07:44,ICBP,RG,8375,3,D,SQ,PD,D
14:07:40,ICBP,RG,8400,22,D,DR,YP,D
14:07:40,ICBP,RG,8400,5,D,CC,YP,D
14:07:34,ICBP,RG,8375,4,D,SQ,PD,D
14:07:25,ICBP,RG,8375,12,D,SQ,AK,D
14:07:24,ICBP,RG,8375,4,D,SQ,PD,D
14:07:14,ICBP,RG,8375,3,D,SQ,PD,D
14:07:09,ICBP,RG,8375,5,D,SQ,CC,D
14:07:06,ICBP,RG,8375,2,D,SQ,CC,D
14:07:06,ICBP,RG,8375,2,D,XC,CC,D
14:07:06,ICBP,RG,8375,1,D,XC,CC,D
14:07:06,ICBP,RG,8375,1,D,XC,CC,D
14:07:06,ICBP,RG,8375,1,D,XC,CC,D
14:07:06,ICBP,RG,8375,2,D,YP,CC,D
14:07:04,ICBP,RG,8375,4,D,YP,PD,D
14:07:00,ICBP,RG,8375,2,D,YP,CC,D
14:06:54,ICBP,RG,8375,2,D,YP,PD,D
14:06:54,ICBP,RG,8375,2,D,XC,PD,D
14:06:44,ICBP,RG,8375,3,D,XC,PD,D
14:06:38,ICBP,RG,8400,5,D,CC,YP,D
14:06:34,ICBP,RG,8375,1,D,PD,PD,D
14:06:34,ICBP,RG,8375,2,D,PD,PD,D
14:06:34,ICBP,RG,8375,1,D,YP,PD,D
14:06:34,ICBP,RG,8375,3,D,YP,ZP,F
14:06:29,ICBP,RG,8375,1,D,YP,XC,D
14:06:24,ICBP,RG,8400,10,D,DR,YP,D
14:06:24,ICBP,RG,8375,3,D,YP,PD,D
14:06:22,ICBP,RG,8400,43,D,DR,YP,D
14:06:22,ICBP,RG,8400,10,D,DR,TF,D
14:06:14,ICBP,RG,8375,4,D,YP,PD,D
14:06:04,ICBP,RG,8375,4,D,YP,PD,D
14:05:54,ICBP,RG,8375,3,D,YP,PD,D
14:05:48,ICBP,RG,8375,4,D,YP,XC,D
14:05:44,ICBP,RG,8375,4,D,YP,PD,D
14:05:36,ICBP,RG,8400,1,D,CC,PD,D
14:05:36,ICBP,RG,8400,1,D,CC,CC,D
14:05:36,ICBP,RG,8400,1,D,CC,XC,D
14:05:36,ICBP,RG,8400,1,D,CC,NI,D
14:05:36,ICBP,RG,8400,1,D,CC,XC,D
14:05:34,ICBP,RG,8375,3,D,YP,PD,D
14:05:24,ICBP,RG,8375,4,D,YP,PD,D
14:05:20,ICBP,RG,8375,2,D,YP,ZP,F
14:05:14,ICBP,RG,8375,4,D,YP,PD,D
14:05:04,ICBP,RG,8375,3,D,YP,PD,D
14:04:54,ICBP,RG,8375,4,D,YP,PD,D
14:04:44,ICBP,RG,8375,4,D,YP,PD,D
14:04:38,ICBP,RG,8375,7,D,YP,CC,D
14:04:36,ICBP,RG,8400,4,D,CC,XC,D
14:04:36,ICBP,RG,8400,3,D,CC,OD,D
14:04:34,ICBP,RG,8375,1,D,XC,CS,D
14:04:34,ICBP,RG,8375,1,D,XC,CS,D
14:04:34,ICBP,RG,8375,1,D,DH,CS,D
14:04:34,ICBP,RG,8375,9,F,ZP,CS,D
14:04:34,ICBP,RG,8375,3,F,ZP,PD,D
14:04:24,ICBP,RG,8375,3,F,ZP,PD,D
14:04:24,ICBP,RG,8375,1,D,PD,PD,D
14:04:19,ICBP,RG,8375,2,D,YP,BK,F
14:04:19,ICBP,RG,8375,1,D,CC,BK,F
14:04:19,ICBP,RG,8375,12,F,DX,BK,F
14:04:19,ICBP,RG,8375,5,F,DX,BK,F
14:04:14,ICBP,RG,8375,3,F,DX,PD,D
14:04:04,ICBP,RG,8375,4,F,DX,PD,D
14:03:54,ICBP,RG,8375,4,F,DX,PD,D
14:03:48,ICBP,RG,8375,2,F,DX,ZP,F
14:03:48,ICBP,RG,8375,3,F,DX,ZP,F
14:03:44,ICBP,RG,8375,3,F,DX,PD,D
14:03:36,ICBP,RG,8400,5,D,CC,OD,D
14:03:34,ICBP,RG,8375,4,F,DX,PD,D
14:03:24,ICBP,RG,8375,2,F,DX,PD,D
14:03:24,ICBP,RG,8375,1,D,CC,PD,D
14:03:14,ICBP,RG,8375,1,D,NI,PD,D
14:03:14,ICBP,RG,8375,3,F,GW,PD,D
14:03:12,ICBP,RG,8400,3,D,CC,OD,D
14:03:10,ICBP,RG,8400,2,D,CC,OD,D
14:03:04,ICBP,RG,8375,4,F,GW,PD,D
14:02:54,ICBP,RG,8375,3,F,GW,PD,D
14:02:45,ICBP,RG,8375,7,F,GW,AK,F
14:02:44,ICBP,RG,8375,4,F,GW,PD,D
14:02:42,ICBP,RG,8375,2,F,GW,PD,D
14:02:36,ICBP,RG,8400,2,D,CC,OD,D
14:02:36,ICBP,RG,8400,3,D,CC,AT,D
14:02:34,ICBP,RG,8375,4,F,GW,PD,D
14:02:31,ICBP,RG,8400,27,D,DR,AT,D
14:02:31,ICBP,RG,8400,1,D,DR,CC,D
14:02:31,ICBP,RG,8400,1,D,DR,CC,D
14:02:30,ICBP,RG,8375,5,F,GW,AK,D
14:02:24,ICBP,RG,8375,3,F,GW,PD,D
14:02:14,ICBP,RG,8375,4,F,GW,PD,D
14:02:10,ICBP,RG,8375,7,F,GW,CC,D
14:02:04,ICBP,RG,8375,3,F,GW,PD,D
14:01:54,ICBP,RG,8375,4,F,GW,PD,D
14:01:44,ICBP,RG,8375,4,F,GW,PD,D
14:01:38,ICBP,RG,8375,3,F,GW,DH,D
14:01:38,ICBP,RG,8375,2,D,NI,DH,D
14:01:38,ICBP,RG,8375,4,D,KK,DH,D
14:01:38,ICBP,RG,8375,1,D,DH,DH,D
14:01:38,ICBP,RG,8375,10,F,BK,DH,D
14:01:34,ICBP,RG,8400,5,D,CC,CC,D
14:01:34,ICBP,RG,8375,3,F,BK,PD,D
14:01:24,ICBP,RG,8375,4,F,BK,PD,D
14:01:15,ICBP,RG,8375,1,F,BK,AK,F
14:01:14,ICBP,RG,8375,3,F,BK,PD,D
14:01:13,ICBP,RG,8400,12,D,DR,CC,D
14:01:11,ICBP,RG,8400,59,D,DR,CC,D
14:01:04,ICBP,RG,8375,4,F,BK,PD,D
14:00:54,ICBP,RG,8375,4,F,BK,PD,D
14:00:44,ICBP,RG,8375,3,F,BK,PD,D
14:00:34,ICBP,RG,8400,6,D,CC,CC,D
14:00:34,ICBP,RG,8375,4,F,BK,PD,D
14:00:33,ICBP,RG,8375,55,F,BK,PD,D
14:00:24,ICBP,RG,8375,4,F,BK,PD,D
14:00:14,ICBP,RG,8375,3,F,BK,PD,D
14:00:08,ICBP,RG,8375,3,F,BK,ZP,F
14:00:04,ICBP,RG,8375,4,F,BK,PD,D
13:59:59,ICBP,RG,8400,5,D,LG,CC,D
13:59:54,ICBP,RG,8375,3,F,BK,PD,D
13:59:45,ICBP,RG,8375,8,F,BK,AK,D
13:59:44,ICBP,RG,8375,7,F,BK,CC,D
13:59:44,ICBP,RG,8375,4,F,BK,PD,D
13:59:34,ICBP,RG,8400,4,D,CC,CC,D
13:59:34,ICBP,RG,8375,4,F,BK,PD,D
13:59:24,ICBP,RG,8375,3,F,BK,PD,D
13:59:14,ICBP,RG,8375,4,F,BK,PD,D
13:59:04,ICBP,RG,8375,3,F,BK,PD,D
13:59:00,ICBP,RG,8400,6,D,LG,CC,D
13:58:59,ICBP,RG,8375,12,F,BK,CS,D
13:58:54,ICBP,RG,8375,4,F,BK,PD,D
13:58:49,ICBP,RG,8375,1,F,BK,XC,D
13:58:44,ICBP,RG,8375,4,F,BK,PD,D
13:58:36,ICBP,RG,8400,6,D,CC,CC,D
13:58:35,ICBP,RG,8400,2,D,XC,CC,D
13:58:34,ICBP,RG,8375,3,F,BK,PD,D
13:58:24,ICBP,RG,8375,4,F,BK,PD,D
13:58:14,ICBP,RG,8375,4,F,BK,PD,D
13:58:04,ICBP,RG,8375,3,F,BK,PD,D
13:58:02,ICBP,RG,8375,3,F,BK,ZP,F
13:57:54,ICBP,RG,8375,4,F,BK,PD,D
13:57:44,ICBP,RG,8375,3,F,BK,PD,D
13:57:40,ICBP,RG,8400,2,D,CC,CC,D
13:57:38,ICBP,RG,8400,5,D,CC,CC,D
13:57:35,ICBP,RG,8375,6,F,BK,AK,D
13:57:34,ICBP,RG,8375,4,F,BK,PD,D
13:57:24,ICBP,RG,8400,5,D,CC,CC,D
13:57:24,ICBP,RG,8375,4,F,BK,PD,D
13:57:14,ICBP,RG,8375,8,F,BK,CC,D
13:57:14,ICBP,RG,8375,3,F,BK,PD,D
13:57:04,ICBP,RG,8375,4,F,BK,PD,D
13:56:54,ICBP,RG,8375,4,F,BK,PD,D
13:56:44,ICBP,RG,8375,3,F,BK,PD,D
13:56:38,ICBP,RG,8400,4,D,CC,CC,D
13:56:34,ICBP,RG,8375,4,F,BK,PD,D
13:56:24,ICBP,RG,8375,3,F,BK,PD,D
13:56:14,ICBP,RG,8375,4,F,BK,PD,D
13:56:05,ICBP,RG,8400,4,F,ZP,CC,D
13:56:05,ICBP,RG,8400,5,F,ZP,YU,D
13:56:05,ICBP,RG,8400,3,F,ZP,AZ,D
13:56:05,ICBP,RG,8400,11,F,ZP,XC,D
13:56:04,ICBP,RG,8375,4,F,BK,PD,D
13:56:00,ICBP,RG,8400,15,F,ZP,XC,D
13:56:00,ICBP,RG,8400,2,F,ZP,PD,D
13:56:00,ICBP,RG,8400,1,F,ZP,NI,D
13:56:00,ICBP,RG,8400,1,F,ZP,PD,D
13:56:00,ICBP,RG,8400,4,F,ZP,AT,D
13:55:54,ICBP,RG,8375,3,F,BK,PD,D
13:55:44,ICBP,RG,8375,4,F,BK,PD,D
13:55:40,ICBP,RG,8400,1,D,CC,AT,D
13:55:40,ICBP,RG,8400,1,D,CC,NI,D
13:55:40,ICBP,RG,8400,2,D,CC,PD,D
13:55:40,ICBP,RG,8400,3,D,CC,PD,D
13:55:34,ICBP,RG,8375,1,F,BK,PD,D
13:55:34,ICBP,RG,8375,1,D,NI,PD,D
13:55:34,ICBP,RG,8375,1,D,CC,PD,D
13:55:24,ICBP,RG,8375,2,D,CC,PD,D
13:55:24,ICBP,RG,8375,1,D,CC,PD,D
13:55:24,ICBP,RG,8375,1,D,CC,PD,D
13:55:14,ICBP,RG,8375,1,D,CC,PD,D
13:55:14,ICBP,RG,8375,1,D,CC,PD,D
13:55:14,ICBP,RG,8375,2,D,PD,PD,D
13:55:10,ICBP,RG,8375,2,D,PD,ZP,F
13:55:10,ICBP,RG,8375,16,D,PD,PD,D
13:55:10,ICBP,RG,8375,6,D,PD,PD,D
13:55:10,ICBP,RG,8375,1,D,PD,PD,D
13:55:10,ICBP,RG,8375,1,D,CC,PD,D
13:55:10,ICBP,RG,8375,3,D,XC,PD,D
13:55:10,ICBP,RG,8375,7,D,XC,PD,D
13:55:10,ICBP,RG,8375,2,D,PD,PD,D
13:55:10,ICBP,RG,8375,1,D,PD,PD,D
13:55:10,ICBP,RG,8375,2,D,PD,PD,D
13:55:10,ICBP,RG,8375,14,D,ZP,PD,D
13:55:10,ICBP,RG,8375,2,D,DX,PD,D
13:55:06,ICBP,RG,8375,1,D,DX,SQ,D
13:55:06,ICBP,RG,8375,1,D,ZP,SQ,D
13:55:06,ICBP,RG,8375,1,D,PD,SQ,D
13:55:06,ICBP,RG,8375,1,D,PD,SQ,D
13:55:06,ICBP,RG,8375,2,D,YP,SQ,D
13:55:06,ICBP,RG,8375,1,D,PD,SQ,D
13:55:06,ICBP,RG,8375,1,D,PD,SQ,D
13:55:06,ICBP,RG,8375,1,D,SQ,SQ,D
13:55:06,ICBP,RG,8375,1,D,DR,SQ,D
13:55:06,ICBP,RG,8375,1,D,HP,SQ,D
13:55:06,ICBP,RG,8375,5,D,YP,SQ,D
13:55:06,ICBP,RG,8375,3,D,EP,SQ,D
13:55:04,ICBP,RG,8375,2,D,EP,PD,D
13:55:04,ICBP,RG,8375,1,F,DX,PD,D
13:54:54,ICBP,RG,8375,25,F,DX,BK,F
13:54:54,ICBP,RG,8375,4,F,DX,PD,D
13:54:44,ICBP,RG,8375,1,F,DX,PD,D
13:54:44,ICBP,RG,8375,4,F,DX,PD,D
13:54:40,ICBP,RG,8400,5,D,CC,PD,D
13:54:36,ICBP,RG,8375,7,F,DX,CC,D
13:54:34,ICBP,RG,8375,3,F,DX,PD,D
13:54:24,ICBP,RG,8375,3,F,DX,ZP,F
13:54:24,ICBP,RG,8375,4,F,DX,PD,D
13:54:23,ICBP,RG,8400,2,D,ZP,PD,D
13:54:22,ICBP,RG,8400,10,D,ZP,PD,D
13:54:22,ICBP,RG,8400,10,D,ZP,SQ,D
13:54:22,ICBP,RG,8400,5,D,ZP,TP,D
13:54:22,ICBP,RG,8400,1,D,ZP,TF,D
13:54:22,ICBP,RG,8400,1,D,ZP,XC,D
13:54:22,ICBP,RG,8400,3,D,ZP,YP,D
13:54:22,ICBP,RG,8400,1,D,ZP,YP,D
13:54:20,ICBP,RG,8400,1,D,CC,CC,D
13:54:14,ICBP,RG,8375,3,F,DX,PD,D
13:54:05,ICBP,RG,8375,11,F,DX,CS,D
13:54:04,ICBP,RG,8375,4,F,DX,PD,D
13:53:54,ICBP,RG,8375,4,F,DX,PD,D
13:53:48,ICBP,RG,8400,3,D,XC,CC,D
13:53:44,ICBP,RG,8375,3,F,DX,PD,D
13:53:38,ICBP,RG,8400,5,D,CC,CC,D
13:53:35,ICBP,RG,8375,2,F,DX,XC,D
13:53:34,ICBP,RG,8375,4,F,DX,PD,D
13:53:30,ICBP,RG,8375,8,F,DX,AK,D
13:53:24,ICBP,RG,8375,1,F,DX,PD,D
13:53:24,ICBP,RG,8375,2,F,DX,PD,D
13:53:20,ICBP,RG,8375,10,F,DX,YP,D
13:53:14,ICBP,RG,8375,4,F,DX,PD,D
13:53:04,ICBP,RG,8375,4,F,DX,PD,D
13:52:54,ICBP,RG,8375,3,F,DX,PD,D
13:52:44,ICBP,RG,8375,4,F,DX,PD,D
13:52:40,ICBP,RG,8400,4,D,CC,CC,D
13:52:34,ICBP,RG,8375,4,F,DX,PD,D
13:52:24,ICBP,RG,8375,3,F,DX,PD,D
13:52:14,ICBP,RG,8375,4,F,DX,PD,D
13:52:04,ICBP,RG,8375,3,F,DX,PD,D
13:52:03,ICBP,RG,8375,56,F,DX,BK,F
13:52:03,ICBP,RG,8375,2,D,YB,BK,F
13:52:03,ICBP,RG,8375,53,F,DX,BK,F
13:52:02,ICBP,RG,8400,1,D,CC,CC,D
13:52:00,ICBP,RG,8375,7,F,DX,CC,D
13:51:56,ICBP,RG,8375,2,F,DX,YP,D
13:51:55,ICBP,RG,8375,24,F,DX,BK,F
13:51:55,ICBP,RG,8375,1,F,DX,CC,D
13:51:54,ICBP,RG,8375,4,F,DX,PD,D
13:51:45,ICBP,RG,8375,2,F,DX,ZP,F
13:51:44,ICBP,RG,8375,2,F,DX,BK,F
13:51:44,ICBP,RG,8375,4,D,SQ,BK,F
13:51:44,ICBP,RG,8375,25,D,KK,BK,F
13:51:44,ICBP,RG,8375,4,D,XC,BK,F
13:51:44,ICBP,RG,8375,1,D,XC,PD,D
13:51:44,ICBP,RG,8375,3,F,BK,PD,D
13:51:38,ICBP,RG,8400,6,D,CC,CC,D
13:51:34,ICBP,RG,8400,3,D,CC,CC,D
13:51:34,ICBP,RG,8375,3,F,BK,PD,D
13:51:28,ICBP,RG,8375,1,F,BK,BK,F
13:51:24,ICBP,RG,8375,4,F,BK,PD,D
13:51:14,ICBP,RG,8375,3,F,BK,PD,D
13:51:04,ICBP,RG,8375,4,F,BK,PD,D
13:51:02,ICBP,RG,8375,55,F,BK,PD,D
13:50:54,ICBP,RG,8375,3,F,BK,PD,D
13:50:54,ICBP,RG,8375,1,D,CC,PD,D
13:50:46,ICBP,RG,8375,6,D,CC,PD,D
13:50:44,ICBP,RG,8375,3,D,CC,PD,D
13:50:40,ICBP,RG,8400,5,D,CC,CC,D
13:50:34,ICBP,RG,8375,4,D,CC,PD,D
13:50:28,ICBP,RG,8375,6,D,CC,PD,D
13:50:28,ICBP,RG,8375,2,D,XC,PD,D
13:50:24,ICBP,RG,8375,1,D,XC,ZP,F
13:50:24,ICBP,RG,8375,1,D,PD,PD,D
13:50:24,ICBP,RG,8375,2,D,YP,PD,D
13:50:24,ICBP,RG,8375,1,D,CC,PD,D
13:50:14,ICBP,RG,8375,1,D,PD,PD,D
13:50:14,ICBP,RG,8375,2,F,GW,PD,D
13:50:04,ICBP,RG,8375,4,F,GW,PD,D
13:49:54,ICBP,RG,8375,3,F,GW,PD,D
13:49:49,ICBP,RG,8375,1,F,GW,ZP,F
13:49:49,ICBP,RG,8375,3,D,YP,ZP,F
13:49:49,ICBP,RG,8400,7,D,SQ,CC,D
13:49:49,ICBP,RG,8400,10,D,SQ,PD,D
13:49:49,ICBP,RG,8400,10,D,SQ,PD,D
13:49:49,ICBP,RG,8400,10,D,SQ,PD,D
13:49:49,ICBP,RG,8400,63,D,SQ,CC,D
13:49:44,ICBP,RG,8375,4,D,YP,PD,D
13:49:42,ICBP,RG,8400,4,D,CC,CC,D
13:49:34,ICBP,RG,8375,4,D,YP,PD,D
13:49:32,ICBP,RG,8375,7,D,YP,CC,D
13:49:24,ICBP,RG,8375,2,D,YP,PD,D
13:49:24,ICBP,RG,8375,1,D,SQ,PD,D
13:49:14,ICBP,RG,8375,1,D,SQ,PD,D
13:49:14,ICBP,RG,8375,3,D,YP,PD,D
13:49:04,ICBP,RG,8375,3,D,YP,PD,D
13:49:00,ICBP,RG,8375,13,D,YP,CS,D
13:48:54,ICBP,RG,8375,4,D,YP,PD,D
13:48:45,ICBP,RG,8375,4,D,YP,AK,D
13:48:44,ICBP,RG,8400,7,D,CC,CC,D
13:48:44,ICBP,RG,8375,4,D,YP,PD,D
13:48:37,ICBP,RG,8375,2,D,YP,ZP,F
13:48:34,ICBP,RG,8375,3,D,YP,PD,D
13:48:24,ICBP,RG,8375,4,D,YP,PD,D
13:48:18,ICBP,RG,8375,2,D,YP,XC,D
13:48:14,ICBP,RG,8375,4,D,YP,PD,D
13:48:04,ICBP,RG,8375,3,D,YP,PD,D
13:47:54,ICBP,RG,8375,4,D,YP,PD,D
13:47:44,ICBP,RG,8400,4,D,CC,CC,D
13:47:44,ICBP,RG,8375,3,D,YP,PD,D
13:47:34,ICBP,RG,8375,4,D,YP,PD,D
13:47:24,ICBP,RG,8375,4,D,YP,PD,D
13:47:22,ICBP,RG,8400,3,D,CC,CC,D
13:47:14,ICBP,RG,8375,3,D,YP,PD,D
13:47:04,ICBP,RG,8375,4,D,YP,PD,D
13:46:54,ICBP,RG,8375,8,D,YP,CC,D
13:46:54,ICBP,RG,8375,4,D,YP,PD,D
13:46:45,ICBP,RG,8375,5,D,YP,AK,D
13:46:44,ICBP,RG,8400,6,D,CC,CC,D
13:46:44,ICBP,RG,8375,3,D,YP,PD,D
13:46:34,ICBP,RG,8375,4,D,YP,PD,D
13:46:24,ICBP,RG,8375,3,D,YP,PD,D
13:46:23,ICBP,RG,8375,1,D,YP,ZP,F
13:46:23,ICBP,RG,8375,1,D,SQ,ZP,F
13:46:14,ICBP,RG,8375,1,D,NI,PD,D
13:46:14,ICBP,RG,8375,3,D,AZ,PD,D
13:46:10,ICBP,RG,8400,2,D,CC,CC,D
13:46:04,ICBP,RG,8375,3,D,AZ,PD,D
13:46:04,ICBP,RG,8375,1,D,XC,PD,D
13:45:54,ICBP,RG,8375,3,D,DH,PD,D
13:45:44,ICBP,RG,8400,4,D,CC,CC,D
13:45:44,ICBP,RG,8375,1,D,DH,PD,D
13:45:44,ICBP,RG,8375,1,D,DR,PD,D
13:45:44,ICBP,RG,8375,2,D,XC,PD,D
13:45:40,ICBP,RG,8400,5,D,CC,CC,D
13:45:34,ICBP,RG,8375,1,D,XC,PD,D
13:45:34,ICBP,RG,8375,2,D,NI,PD,D
13:45:24,ICBP,RG,8375,4,D,NI,PD,D
13:45:23,ICBP,RG,8375,2,D,NI,ZP,F
13:45:14,ICBP,RG,8375,2,D,NI,PD,D
13:45:14,ICBP,RG,8375,1,D,XC,PD,D
13:45:14,ICBP,RG,8375,1,D,CC,PD,D
13:45:04,ICBP,RG,8375,3,D,CC,PD,D
13:45:00,ICBP,RG,8375,1,D,CC,XC,D
13:45:00,ICBP,RG,8375,2,D,YP,XC,D
13:44:59,ICBP,RG,8375,1,D,YP,ZP,F
13:44:59,ICBP,RG,8375,2,D,DH,ZP,F
13:44:54,ICBP,RG,8375,1,D,YP,PD,D
13:44:54,ICBP,RG,8375,3,D,ZP,PD,D
13:44:44,ICBP,RG,8375,4,D,ZP,PD,D
13:44:34,ICBP,RG,8375,3,D,ZP,PD,D
13:44:24,ICBP,RG,8375,1,D,ZP,PD,D
13:44:24,ICBP,RG,8375,2,D,ZP,PD,D
13:44:24,ICBP,RG,8375,1,F,GW,PD,D
13:44:18,ICBP,RG,8375,7,F,GW,CC,D
13:44:14,ICBP,RG,8375,2,F,GW,PD,D
13:44:14,ICBP,RG,8375,1,D,YP,PD,D
13:44:04,ICBP,RG,8375,1,D,AI,PD,D
13:44:04,ICBP,RG,8375,3,F,BK,PD,D
13:43:54,ICBP,RG,8375,4,F,BK,PD,D
13:43:44,ICBP,RG,8375,3,F,BK,PD,D
13:43:38,ICBP,RG,8375,2,F,BK,XC,D
13:43:36,ICBP,RG,8375,1,F,BK,XC,D
13:43:34,ICBP,RG,8375,4,F,BK,PD,D
13:43:24,ICBP,RG,8375,3,F,BK,PD,D
13:43:14,ICBP,RG,8375,22,F,BK,BK,F
13:43:14,ICBP,RG,8375,4,F,BK,PD,D
13:43:10,ICBP,RG,8375,1,F,BK,BK,F
13:43:08,ICBP,RG,8375,12,F,BK,CS,D
13:43:04,ICBP,RG,8375,4,F,BK,PD,D
13:42:57,ICBP,RG,8375,4,F,BK,BK,F
13:42:55,ICBP,RG,8400,2,D,XC,CC,D
13:42:54,ICBP,RG,8375,3,F,BK,PD,D
13:42:48,ICBP,RG,8375,79,F,BK,BK,F
13:42:48,ICBP,RG,8375,6,F,GW,BK,F
13:42:44,ICBP,RG,8375,4,F,GW,PD,D
13:42:39,ICBP,RG,8375,14,D,CC,BK,F
13:42:34,ICBP,RG,8375,4,D,CC,PD,D
13:42:32,ICBP,RG,8375,42,D,CC,BK,F
13:42:32,ICBP,RG,8375,1,D,YP,BK,F
13:42:24,ICBP,RG,8375,2,D,IP,ZP,F
13:42:24,ICBP,RG,8375,3,D,IP,PD,D
13:42:22,ICBP,RG,8400,6,D,ZP,CC,D
13:42:20,ICBP,RG,8400,44,D,ZP,CC,D
13:42:14,ICBP,RG,8375,4,D,IP,PD,D
13:42:10,ICBP,RG,8375,1,D,IP,XC,D
13:42:04,ICBP,RG,8375,1,D,YP,PD,D
13:42:04,ICBP,RG,8375,2,D,CC,PD,D
13:41:54,ICBP,RG,8375,1,D,CC,PD,D
13:41:54,ICBP,RG,8375,3,F,ZP,PD,D
13:41:52,ICBP,RG,8375,7,F,ZP,CC,D
13:41:44,ICBP,RG,8375,2,F,ZP,PD,D
13:41:44,ICBP,RG,8375,2,D,YP,PD,D
13:41:34,ICBP,RG,8375,3,D,YP,PD,D
13:41:24,ICBP,RG,8375,4,D,YP,PD,D
13:41:14,ICBP,RG,8375,3,D,YP,PD,D
13:41:04,ICBP,RG,8375,4,D,YP,PD,D
13:40:54,ICBP,RG,8375,4,D,YP,PD,D
13:40:46,ICBP,RG,8375,5,D,YP,PD,D
13:40:44,ICBP,RG,8375,3,D,YP,PD,D
13:40:34,ICBP,RG,8375,2,D,YP,PD,D
13:40:34,ICBP,RG,8375,2,D,CC,PD,D
13:40:23,ICBP,RG,8375,4,D,CC,PD,D
13:40:23,ICBP,RG,8375,2,D,CC,ZP,F
13:40:20,ICBP,RG,8400,2,D,CC,YJ,D
13:40:14,ICBP,RG,8375,2,D,CC,PD,D
13:40:14,ICBP,RG,8375,1,D,PD,PD,D
13:40:04,ICBP,RG,8375,4,D,PD,PD,D
13:40:00,ICBP,RG,8400,5,D,CC,YJ,D
13:39:54,ICBP,RG,8375,1,D,PD,PD,D
13:39:54,ICBP,RG,8375,2,D,YP,PD,D
13:39:43,ICBP,RG,8375,4,D,YP,PD,D
13:39:36,ICBP,RG,8375,70,D,YP,CC,D
13:39:34,ICBP,RG,8375,5,D,YP,PD,D
13:39:33,ICBP,RG,8375,4,D,YP,PD,D
13:39:33,ICBP,RG,8375,2,D,YP,ZP,F
13:39:24,ICBP,RG,8375,3,D,YP,PD,D
13:39:22,ICBP,RG,8375,7,D,YP,CC,D
13:39:14,ICBP,RG,8375,4,D,YP,PD,D
13:38:15,ICBP,RG,8400,1,D,PD,YJ,D
13:38:11,ICBP,RG,8400,15,D,ZP,YJ,D
13:38:11,ICBP,RG,8400,2,D,ZP,YJ,D
13:38:10,ICBP,RG,8400,32,D,ZP,YJ,D
13:38:10,ICBP,RG,8400,5,D,ZP,YJ,D
13:37:23,ICBP,RG,8375,2,D,YP,ZP,F
13:36:48,ICBP,RG,8375,9,D,YP,CC,D
13:36:34,ICBP,RG,8375,6,D,YP,NI,D
13:36:27,ICBP,RG,8375,13,D,YP,CS,D
13:35:12,ICBP,RG,8375,2,D,YP,ZP,F
13:34:46,ICBP,RG,8400,1,D,XC,YJ,D
13:34:36,ICBP,RG,8400,2,D,CC,YJ,D
13:34:16,ICBP,RG,8400,3,D,CC,YJ,D
13:34:10,ICBP,RG,8375,7,D,YP,CC,D
13:33:07,ICBP,RG,8375,3,D,YP,ZP,F
13:32:28,ICBP,RG,8375,55,D,YP,PD,D
13:31:26,ICBP,RG,8400,1,D,PD,YJ,D
13:31:18,ICBP,RG,8375,1,D,YP,KK,D
13:30:57,ICBP,RG,8375,1,D,YP,ZP,F
13:30:57,ICBP,RG,8375,3,D,NI,ZP,F
13:30:43,ICBP,RG,8375,2,D,NI,NI,D
13:30:43,ICBP,RG,8375,3,F,ZP,NI,D
13:30:42,ICBP,RG,8375,6,F,ZP,PD,D
13:30:25,ICBP,RG,8375,1,F,ZP,CG,F
13:30:24,ICBP,RG,8375,1,F,ZP,ZP,F
13:30:24,ICBP,RG,8375,2,F,ZP,CG,F
13:30:23,ICBP,RG,8375,2,D,PD,CG,F
13:30:22,ICBP,RG,8375,2,D,PD,ZP,F
13:30:22,ICBP,RG,8375,26,D,PD,BK,F
13:30:21,ICBP,RG,8375,4,D,PD,CG,F
13:30:21,ICBP,RG,8375,9,D,PD,CG,F
13:30:19,ICBP,RG,8375,2,D,PD,CG,F
13:30:17,ICBP,RG,8375,5,D,PD,AK,D
13:30:17,ICBP,RG,8375,1,D,CC,AK,D
13:30:17,ICBP,RG,8375,1,D,PD,AK,D
13:30:17,ICBP,RG,8375,4,D,PD,AK,D
13:30:17,ICBP,RG,8375,3,F,GW,AK,D
13:30:16,ICBP,RG,8375,12,F,GW,CG,F
13:30:14,ICBP,RG,8400,42,F,BK,YJ,D
13:30:13,ICBP,RG,8400,1,D,CC,YJ,D
13:30:13,ICBP,RG,8375,5,F,GW,AK,F
13:30:13,ICBP,RG,8375,1,D,XC,AK,F
13:30:13,ICBP,RG,8375,1,D,PD,AK,F
13:30:10,ICBP,RG,8400,1,D,XC,YJ,D
13:30:09,ICBP,RG,8400,2,D,XC,YJ,D
13:30:09,ICBP,RG,8375,1,D,DR,XC,D
13:30:09,ICBP,RG,8400,2,D,XC,YJ,D
13:30:08,ICBP,RG,8375,1,D,DR,CG,F
13:30:08,ICBP,RG,8400,3,D,XC,YJ,D
13:30:08,ICBP,RG,8400,6,D,KK,YJ,D
13:30:08,ICBP,RG,8400,2,D,XC,YJ,D
13:30:08,ICBP,RG,8400,3,D,PD,YJ,D
13:30:08,ICBP,RG,8400,1,D,PD,YJ,D
13:30:07,ICBP,RG,8400,4,D,PD,YJ,D
13:30:07,ICBP,RG,8400,1,D,CC,YJ,D
13:30:07,ICBP,RG,8400,1,D,PD,YJ,D
13:30:07,ICBP,RG,8400,1,D,PD,YJ,D
13:30:07,ICBP,RG,8400,3,D,XC,YJ,D
13:30:06,ICBP,RG,8400,1,D,XC,YJ,D
13:30:06,ICBP,RG,8400,1,D,KK,YJ,D
13:30:06,ICBP,RG,8400,2,D,YP,YJ,D
13:30:05,ICBP,RG,8400,1,D,PD,YJ,D
13:30:05,ICBP,RG,8400,1,D,PD,YJ,D
13:30:05,ICBP,RG,8400,2,D,DX,YJ,D
13:30:05,ICBP,RG,8400,5,D,PD,YJ,D
13:30:04,ICBP,RG,8375,16,F,BK,OD,D
13:30:04,ICBP,RG,8400,1,D,PD,YJ,D
13:30:04,ICBP,RG,8375,7,F,BK,PD,D
13:30:04,ICBP,RG,8400,2,D,PD,YJ,D
13:30:04,ICBP,RG,8400,1,D,PD,YJ,D
13:30:04,ICBP,RG,8400,1,D,KK,YJ,D
13:30:04,ICBP,RG,8375,18,F,BK,YU,D
13:30:03,ICBP,RG,8400,1,D,PD,YJ,D
13:30:03,ICBP,RG,8375,2,F,BK,PD,D
13:30:03,ICBP,RG,8400,4,D,AZ,YJ,D
13:30:03,ICBP,RG,8400,1,D,DR,YJ,D
13:30:02,ICBP,RG,8400,1,D,EP,YJ,D
11:29:19,ICBP,RG,8400,1,D,CC,YJ,D
11:29:14,ICBP,RG,8375,1,F,BK,CG,F
11:29:09,ICBP,RG,8400,4,D,CC,YJ,D
11:29:00,ICBP,RG,8375,2,F,BK,AK,D
11:28:45,ICBP,RG,8375,1,F,BK,AK,D
11:28:32,ICBP,RG,8375,1,F,BK,CG,F
11:28:32,ICBP,RG,8400,1,D,ZP,YJ,D
11:28:31,ICBP,RG,8400,5,D,ZP,YJ,D
11:28:15,ICBP,RG,8375,1,F,BK,AK,F
11:27:59,ICBP,RG,8375,2,F,BK,CG,F
11:27:58,ICBP,RG,8400,12,D,PD,YJ,D
11:27:45,ICBP,RG,8375,1,F,BK,CG,F
11:27:45,ICBP,RG,8375,2,F,BK,AK,D
11:27:17,ICBP,RG,8375,2,F,BK,CG,F
11:27:16,ICBP,RG,8375,1,F,BK,CG,F
11:27:15,ICBP,RG,8400,10,F,ZP,YJ,D
11:27:15,ICBP,RG,8400,1,F,ZP,GR,D
11:27:15,ICBP,RG,8400,1,F,ZP,PD,D
11:27:15,ICBP,RG,8400,3,F,ZP,YP,D
11:27:15,ICBP,RG,8375,2,F,BK,AK,D
11:27:00,ICBP,RG,8375,1,F,BK,AK,F
11:26:53,ICBP,RG,8375,1,F,BK,CG,F
11:26:52,ICBP,RG,8375,9,F,BK,CS,D
11:26:52,ICBP,RG,8375,4,F,BK,CG,F
11:26:51,ICBP,RG,8375,20,F,BK,SQ,D
11:26:45,ICBP,RG,8375,2,F,BK,AK,D
11:26:30,ICBP,RG,8375,2,F,BK,AK,D
11:26:16,ICBP,RG,8375,1,F,BK,CG,F
11:26:15,ICBP,RG,8375,1,F,BK,AK,F
11:26:15,ICBP,RG,8375,1,F,BK,AK,D
11:25:45,ICBP,RG,8375,2,F,BK,AK,D
11:25:42,ICBP,RG,8400,2,D,NI,YP,D
11:25:30,ICBP,RG,8375,1,F,BK,AK,F
11:25:26,ICBP,RG,8375,1,F,BK,CG,F
11:25:25,ICBP,RG,8400,2,D,CC,IT,D
11:25:15,ICBP,RG,8375,2,F,BK,AK,D
11:24:44,ICBP,RG,8375,1,F,BK,CG,F
11:24:39,ICBP,RG,8400,3,D,CC,IT,D
11:24:25,ICBP,RG,8400,2,D,NI,IT,D
11:24:15,ICBP,RG,8375,1,F,BK,AK,F
11:24:14,ICBP,RG,8375,1,F,BK,CG,F
11:24:13,ICBP,RG,8375,6,F,BK,CC,D
11:23:59,ICBP,RG,8375,1,F,BK,CG,F
11:23:58,ICBP,RG,8375,4,F,BK,AK,D
11:23:37,ICBP,RG,8375,2,F,BK,XC,D
11:20:17,ICBP,RG,8375,1,F,BK,CG,F
11:20:17,ICBP,RG,8400,5,D,NI,IT,D
11:19:45,ICBP,RG,8400,1,D,CC,IT,D
11:19:34,ICBP,RG,8375,1,F,BK,CG,F
11:19:30,ICBP,RG,8375,3,F,BK,AK,F
11:19:09,ICBP,RG,8400,5,D,CC,IT,D
11:18:59,ICBP,RG,8375,1,F,BK,CG,F
11:18:58,ICBP,RG,8375,1,D,PD,CG,F
11:18:58,ICBP,RG,8375,1,D,CC,CG,F
11:18:57,ICBP,RG,8375,2,D,XC,CG,F
11:18:57,ICBP,RG,8375,2,D,ZP,CG,F
11:18:57,ICBP,RG,8375,13,D,ZP,AK,D
11:18:57,ICBP,RG,8400,23,D,ZP,IT,D
11:18:56,ICBP,RG,8400,2,D,ZP,IT,D
11:18:21,ICBP,RG,8375,2,D,ZP,PD,D
11:17:44,ICBP,RG,8375,2,D,ZP,CG,F
11:17:44,ICBP,RG,8400,10,D,YP,IT,D
11:16:57,ICBP,RG,8375,1,D,ZP,CG,F
11:16:56,ICBP,RG,8375,9,D,ZP,PD,D
11:16:48,ICBP,RG,8375,1,D,ZP,CG,F
11:16:48,ICBP,RG,8375,1,D,ZP,CG,F
11:16:46,ICBP,RG,8375,3,D,ZP,YP,D
11:16:46,ICBP,RG,8375,9,F,DX,YP,D
11:15:58,ICBP,RG,8375,5,F,DX,CG,F
11:15:56,ICBP,RG,8400,26,D,CC,IT,D
11:15:30,ICBP,RG,8375,1,F,DX,CG,F
11:15:29,ICBP,RG,8375,8,F,DX,CS,D
11:14:49,ICBP,RG,8375,2,F,DX,CG,F
11:14:44,ICBP,RG,8400,10,D,LG,IT,D
11:14:03,ICBP,RG,8400,2,D,CC,IT,D
11:13:34,ICBP,RG,8375,1,F,DX,CG,F
11:13:29,ICBP,RG,8400,3,D,CC,IT,D
11:12:15,ICBP,RG,8400,1,D,XC,IT,D
11:12:09,ICBP,RG,8375,2,F,DX,AK,F
11:12:09,ICBP,RG,8375,3,F,DX,CG,F
11:12:08,ICBP,RG,8375,18,F,DX,PD,D
11:09:59,ICBP,RG,8375,1,F,DX,CG,F
11:09:57,ICBP,RG,8400,5,D,OD,IT,D
11:08:17,ICBP,RG,8400,2,D,CC,IT,D
11:07:54,ICBP,RG,8375,1,F,DX,CG,F
11:07:53,ICBP,RG,8400,4,D,CC,IT,D
11:07:29,ICBP,RG,8375,2,F,DX,CG,F
11:07:28,ICBP,RG,8375,13,F,DX,AK,D
11:07:16,ICBP,RG,8375,1,F,DX,ZP,F
11:07:12,ICBP,RG,8375,2,F,DX,CG,F
11:07:12,ICBP,RG,8375,10,F,DX,PD,D
11:07:00,ICBP,RG,8375,1,F,DX,AK,F
11:06:04,ICBP,RG,8375,2,F,DX,CG,F
11:06:00,ICBP,RG,8400,10,D,XC,IT,D
11:05:23,ICBP,RG,8400,1,D,PD,IT,D
11:05:17,ICBP,RG,8375,1,F,DX,CG,F
11:05:15,ICBP,RG,8375,25,F,DX,CG,F
11:05:15,ICBP,RG,8375,8,D,PD,CG,F
11:05:15,ICBP,RG,8375,2,D,PD,ZP,F
11:05:15,ICBP,RG,8375,89,D,PD,KK,D
11:05:15,ICBP,RG,8375,1,D,XC,KK,D
11:05:15,ICBP,RG,8375,1,D,XC,KK,D
11:05:15,ICBP,RG,8375,2,D,NI,KK,D
11:05:15,ICBP,RG,8375,1,D,YP,KK,D
11:05:15,ICBP,RG,8375,12,D,XC,KK,D
11:05:15,ICBP,RG,8375,1,D,KK,KK,D
11:05:15,ICBP,RG,8375,5,D,XC,KK,D
11:05:15,ICBP,RG,8375,1,D,XC,KK,D
11:05:15,ICBP,RG,8375,2,D,XC,KK,D
11:05:15,ICBP,RG,8375,10,F,GW,KK,D
11:05:15,ICBP,RG,8375,1,D,PD,KK,D
11:05:15,ICBP,RG,8375,5,D,OD,KK,D
11:05:15,ICBP,RG,8375,1,D,XC,KK,D
11:05:15,ICBP,RG,8375,3,D,YP,KK,D
11:05:15,ICBP,RG,8375,65,D,YP,KK,D
11:04:38,ICBP,RG,8375,1,D,YP,XC,D
11:04:19,ICBP,RG,8375,2,D,YP,CG,F
11:04:16,ICBP,RG,8375,12,D,YP,CS,D
11:02:46,ICBP,RG,8375,3,D,YP,CG,F
11:02:45,ICBP,RG,8375,1,D,YP,CG,F
11:02:45,ICBP,RG,8400,18,D,ZP,IT,D
11:02:44,ICBP,RG,8400,2,D,ZP,IT,D
11:02:39,ICBP,RG,8400,2,D,CC,IT,D
11:02:23,ICBP,RG,8400,3,D,CC,IT,D
11:01:55,ICBP,RG,8375,1,D,YP,CG,F
11:01:54,ICBP,RG,8375,2,D,YP,CG,F
11:01:52,ICBP,RG,8375,13,D,YP,CS,D
11:01:48,ICBP,RG,8375,2,D,YP,CG,F
11:01:46,ICBP,RG,8375,12,D,YP,CC,D
11:01:11,ICBP,RG,8375,1,D,YP,OD,D
11:00:58,ICBP,RG,8375,1,D,YP,ZP,F
11:00:55,ICBP,RG,8375,1,D,YP,CG,F
11:00:54,ICBP,RG,8400,4,D,XC,IT,D
11:00:27,ICBP,RG,8400,5,D,CC,IT,D
11:00:01,ICBP,RG,8400,1,D,DR,IT,D
11:00:00,ICBP,RG,8400,1,D,PD,IT,D
10:58:59,ICBP,RG,8375,1,D,YP,CG,F
10:58:58,ICBP,RG,8375,1,D,YP,AK,D
10:58:58,ICBP,RG,8375,6,F,BK,AK,D
10:58:33,ICBP,RG,8375,3,D,PD,ZP,F
10:58:29,ICBP,RG,8375,1,D,PD,CG,F
10:58:28,ICBP,RG,8400,20,D,PD,IT,D
10:57:37,ICBP,RG,8400,1,D,XC,IT,D
10:57:09,ICBP,RG,8400,1,D,CC,IT,D
10:56:46,ICBP,RG,8375,1,D,PD,CG,F
10:56:45,ICBP,RG,8400,4,D,CC,IT,D
10:56:15,ICBP,RG,8400,5,D,PD,IT,D
10:56:09,ICBP,RG,8375,1,D,YP,CG,F
10:56:09,ICBP,RG,8375,4,D,YP,NI,D
10:56:09,ICBP,RG,8375,5,D,PD,NI,D
10:56:09,ICBP,RG,8375,1,D,XC,NI,D
10:56:09,ICBP,RG,8375,5,D,PD,NI,D
10:56:09,ICBP,RG,8375,1,D,XC,NI,D
10:56:09,ICBP,RG,8375,1,D,XC,NI,D
10:56:09,ICBP,RG,8375,1,D,CC,NI,D
10:56:09,ICBP,RG,8375,2,D,XC,NI,D
10:55:37,ICBP,RG,8375,1,D,XC,XC,D
10:54:42,ICBP,RG,8375,1,D,XC,CG,F
10:54:39,ICBP,RG,8375,1,D,XC,ZP,F
10:53:50,ICBP,RG,8375,1,D,XC,ZP,F
10:52:34,ICBP,RG,8375,5,D,XC,XC,D
10:52:34,ICBP,RG,8375,2,D,SQ,XC,D
10:52:34,ICBP,RG,8375,1,D,XC,XC,D
10:52:34,ICBP,RG,8375,3,D,PD,XC,D
10:52:34,ICBP,RG,8375,1,D,PD,XC,D
10:52:18,ICBP,RG,8375,1,D,PD,CG,F
10:52:17,ICBP,RG,8375,2,D,PD,ZP,F
10:51:58,ICBP,RG,8375,1,D,PD,AK,D
10:51:58,ICBP,RG,8375,5,F,ZP,AK,D
10:51:27,ICBP,RG,8400,2,D,CC,IT,D
10:51:05,ICBP,RG,8400,1,D,PD,IT,D
10:51:04,ICBP,RG,8375,1,F,ZP,CG,F
10:51:03,ICBP,RG,8400,4,D,CC,IT,D
10:50:52,ICBP,RG,8400,1,D,ZP,IT,D
10:50:28,ICBP,RG,8375,5,F,ZP,ID,D
10:49:52,ICBP,RG,8400,1,D,OD,IT,D
10:49:26,ICBP,RG,8400,4,D,PD,IT,D
10:49:01,ICBP,RG,8375,1,F,ZP,LG,D
10:48:43,ICBP,RG,8375,1,D,YP,CC,D
10:47:43,ICBP,RG,8400,1,D,PD,IT,D
10:47:33,ICBP,RG,8375,1,D,YP,CC,D
10:46:42,ICBP,RG,8375,3,D,YP,BK,F
10:46:42,ICBP,RG,8375,1,D,YP,CG,F
10:46:42,ICBP,RG,8375,2,D,YP,BK,F
10:46:42,ICBP,RG,8375,1,D,YP,ZP,F
10:46:42,ICBP,RG,8375,1,D,YP,CC,D
10:46:33,ICBP,RG,8375,1,D,ZP,CC,D
10:46:33,ICBP,RG,8375,1,D,ZP,CG,F
10:46:21,ICBP,RG,8375,1,D,YP,ZP,F
10:46:19,ICBP,RG,8350,10,F,BK,KK,D
10:45:58,ICBP,RG,8350,3,F,BK,AK,D
10:45:57,ICBP,RG,8350,10,F,BK,PD,D
10:45:53,ICBP,RG,8375,1,D,PD,PD,D
10:45:53,ICBP,RG,8375,1,D,PD,CG,F
10:45:45,ICBP,RG,8375,10,D,GR,CG,F
10:45:26,ICBP,RG,8375,3,D,AZ,CG,F
10:45:03,ICBP,RG,8375,2,D,XC,ZP,F
10:45:03,ICBP,RG,8375,1,D,XC,CC,D
10:44:27,ICBP,RG,8375,10,D,YP,CC,D
10:44:22,ICBP,RG,8350,13,F,BK,BK,F
10:44:21,ICBP,RG,8375,4,D,CC,CC,D
10:44:21,ICBP,RG,8375,1,D,PD,CC,D
10:44:21,ICBP,RG,8375,14,F,BK,CC,D
10:44:16,ICBP,RG,8375,6,F,BK,DH,D
10:44:01,ICBP,RG,8375,8,F,BK,YP,D
10:44:01,ICBP,RG,8375,1,D,DH,YP,D
10:44:01,ICBP,RG,8375,2,D,PD,YP,D
10:44:01,ICBP,RG,8375,1,D,PD,YP,D
10:44:01,ICBP,RG,8375,12,F,ZP,YP,D
10:44:01,ICBP,RG,8375,26,D,EP,YP,D
10:43:50,ICBP,RG,8375,4,D,EP,NI,D
10:43:50,ICBP,RG,8375,16,F,ZP,NI,D
10:43:35,ICBP,RG,8375,1,F,ZP,XC,D
10:43:35,ICBP,RG,8375,3,F,BK,XC,D
10:43:35,ICBP,RG,8375,1,F,BK,PD,D
10:42:47,ICBP,RG,8375,3,F,BK,TP,D
10:42:44,ICBP,RG,8375,1,F,BK,PD,D
10:42:33,ICBP,RG,8375,88,F,BK,KK,D
10:42:33,ICBP,RG,8375,11,D,YP,KK,D
10:42:33,ICBP,RG,8375,1,F,ZP,KK,D
10:42:26,ICBP,RG,8400,2,D,EP,IT,D
10:42:26,ICBP,RG,8400,28,D,EP,YP,D
10:41:59,ICBP,RG,8375,5,F,ZP,CG,F
10:41:59,ICBP,RG,8375,11,F,ZP,BK,F
10:41:59,ICBP,RG,8375,2,D,CC,BK,F
10:41:59,ICBP,RG,8375,4,D,CC,BK,F
10:41:59,ICBP,RG,8375,2,D,AZ,BK,F
10:41:59,ICBP,RG,8375,1,D,YP,BK,F
10:41:58,ICBP,RG,8375,14,D,YP,KK,D
10:41:58,ICBP,RG,8375,2,D,XC,KK,D
10:41:58,ICBP,RG,8375,1,D,DR,KK,D
10:41:58,ICBP,RG,8375,10,D,IP,KK,D
10:41:58,ICBP,RG,8375,1,D,YP,KK,D
10:41:58,ICBP,RG,8375,2,D,YP,KK,D
10:41:58,ICBP,RG,8375,1,D,PD,KK,D
10:41:58,ICBP,RG,8375,31,D,ZP,KK,D
10:41:58,ICBP,RG,8375,3,D,ZP,KK,D
10:41:58,ICBP,RG,8375,1,D,CC,KK,D
10:41:58,ICBP,RG,8375,4,D,XC,KK,D
10:41:58,ICBP,RG,8375,1,D,DR,KK,D
10:41:58,ICBP,RG,8375,15,D,YP,KK,D
10:41:58,ICBP,RG,8375,5,D,YP,KK,D
10:41:58,ICBP,RG,8375,2,D,PD,KK,D
10:41:58,ICBP,RG,8375,5,D,IF,KK,D
10:41:58,ICBP,RG,8375,25,D,PD,KK,D
10:41:58,ICBP,RG,8375,14,D,PD,KK,D
10:41:58,ICBP,RG,8375,15,D,YP,KK,D
10:41:58,ICBP,RG,8375,1,D,PD,KK,D
10:41:58,ICBP,RG,8375,3,D,PD,KK,D
10:41:58,ICBP,RG,8375,10,D,PD,KK,D
10:41:58,ICBP,RG,8375,1,D,PD,KK,D
10:41:58,ICBP,RG,8375,3,D,YP,KK,D
10:41:58,ICBP,RG,8375,11,F,ZP,KK,D
10:41:58,ICBP,RG,8375,1,D,XC,KK,D
10:41:58,ICBP,RG,8375,1,D,PD,KK,D
10:41:58,ICBP,RG,8375,224,F,BK,KK,D
10:41:58,ICBP,RG,8375,43,F,GW,KK,D
10:41:15,ICBP,RG,8375,250,F,GW,KK,D
10:40:30,ICBP,RG,8400,1,D,YP,YP,D
10:40:17,ICBP,RG,8400,1,D,NI,YP,D
10:40:04,ICBP,RG,8400,2,D,CC,YP,D
10:39:50,ICBP,RG,8400,3,D,CC,YP,D
10:39:35,ICBP,RG,8400,5,D,PD,YP,D
10:38:56,ICBP,RG,8375,6,F,GW,PD,D
10:38:25,ICBP,RG,8400,1,D,YP,YP,D
10:38:17,ICBP,RG,8400,1,D,YP,YP,D
10:37:20,ICBP,RG,8375,1,F,GW,PD,D
10:37:20,ICBP,RG,8375,1,D,ZP,PD,D
10:34:59,ICBP,RG,8375,2,D,ZP,CC,D
10:34:59,ICBP,RG,8375,2,F,ZP,CC,D
10:34:45,ICBP,RG,8400,5,D,YP,YP,D
10:34:24,ICBP,RG,8400,1,D,CC,YP,D
10:34:19,ICBP,RG,8400,5,D,ZP,YP,D
10:34:18,ICBP,RG,8400,1,D,XC,YP,D
10:34:16,ICBP,RG,8400,4,D,CC,YP,D
10:33:51,ICBP,RG,8400,1,D,XC,YP,D
10:33:09,ICBP,RG,8400,1,D,XC,YP,D
10:32:54,ICBP,RG,8400,5,D,NI,YP,D
10:32:46,ICBP,RG,8400,3,D,YP,YP,D
10:32:43,ICBP,RG,8375,3,F,ZP,NI,D
10:32:40,ICBP,RG,8400,11,F,ZP,YP,D
10:32:39,ICBP,RG,8400,3,D,PD,YP,D
10:32:33,ICBP,RG,8400,12,F,ZP,YP,D
10:32:21,ICBP,RG,8400,1,D,XC,YP,D
10:31:59,ICBP,RG,8400,11,F,ZP,YP,D
10:31:30,ICBP,RG,8400,11,F,ZP,YP,D
10:31:11,ICBP,RG,8375,1,F,ZP,CC,D
10:30:21,ICBP,RG,8400,5,D,ZP,YP,D
10:30:20,ICBP,RG,8400,2,D,ZP,YP,D
10:30:03,ICBP,RG,8375,5,F,ZP,XC,D
10:30:03,ICBP,RG,8375,6,D,ZP,XC,D
10:29:31,ICBP,RG,8375,3,D,ZP,BK,F
10:29:31,ICBP,RG,8375,5,D,ZP,BK,F
10:29:31,ICBP,RG,8375,5,D,ZP,BK,F
10:29:31,ICBP,RG,8375,5,D,ZP,BK,F
10:29:31,ICBP,RG,8375,5,D,ZP,BK,F
10:29:31,ICBP,RG,8375,4,D,YP,BK,F
10:29:31,ICBP,RG,8375,1,F,ZP,BK,F
10:29:31,ICBP,RG,8375,5,F,ZP,BK,F
10:29:31,ICBP,RG,8375,5,F,ZP,BK,F
10:29:31,ICBP,RG,8375,5,F,ZP,BK,F
10:29:30,ICBP,RG,8375,2,F,ZP,CG,F
10:29:30,ICBP,RG,8375,2,F,ZP,CC,F
10:29:30,ICBP,RG,8375,1,F,ZP,AK,F
10:29:30,ICBP,RG,8375,1,F,ZP,CG,F
10:29:30,ICBP,RG,8375,1,F,ZP,KK,D
10:29:18,ICBP,RG,8375,11,F,ZP,KK,D
10:29:17,ICBP,RG,8350,2,F,BK,YP,D
10:29:04,ICBP,RG,8375,11,F,ZP,KK,D
10:29:03,ICBP,RG,8375,2,D,IP,KK,D
10:29:03,ICBP,RG,8375,1,D,IP,CG,F
10:29:03,ICBP,RG,8375,3,D,IP,YP,D
10:29:03,ICBP,RG,8375,1,D,IP,PD,D
10:29:03,ICBP,RG,8375,2,D,IP,AK,D
10:29:03,ICBP,RG,8375,1,D,IP,CG,F
10:29:00,ICBP,RG,8375,1,F,ZP,CG,F
10:29:00,ICBP,RG,8375,11,F,ZP,SQ,D
10:28:53,ICBP,RG,8375,2,D,XC,SQ,D
10:28:38,ICBP,RG,8375,2,D,SQ,SQ,D
10:28:13,ICBP,RG,8375,30,F,GW,SQ,D
10:27:59,ICBP,RG,8375,12,F,ZP,SQ,D
10:27:58,ICBP,RG,8375,10,D,SQ,SQ,D
10:27:46,ICBP,RG,8375,1,D,YP,SQ,D
10:27:26,ICBP,RG,8375,20,D,NI,SQ,D
10:27:24,ICBP,RG,8350,3,F,BK,IH,D
10:27:24,ICBP,RG,8350,22,F,DX,IH,D
10:27:11,ICBP,RG,8375,10,D,CC,SQ,D
10:27:05,ICBP,RG,8375,12,F,ZP,SQ,D
10:27:00,ICBP,RG,8375,11,F,ZP,SQ,D
10:26:22,ICBP,RG,8375,5,D,KK,SQ,D
10:25:46,ICBP,RG,8375,1,D,SQ,SQ,D
10:25:32,ICBP,RG,8375,10,D,IP,SQ,D
10:25:32,ICBP,RG,8375,200,D,NI,SQ,D
10:25:32,ICBP,RG,8375,1,D,YP,SQ,D
10:25:32,ICBP,RG,8375,9,D,ZP,SQ,D
10:25:32,ICBP,RG,8375,2,D,CC,SQ,D
10:25:32,ICBP,RG,8375,4,D,CC,SQ,D
10:25:32,ICBP,RG,8375,2,D,ZP,SQ,D
10:25:32,ICBP,RG,8375,11,F,ZP,SQ,D
10:25:32,ICBP,RG,8375,464,F,BK,SQ,D
10:25:32,ICBP,RG,8375,12,F,ZP,SQ,D
10:25:32,ICBP,RG,8375,158,D,NI,SQ,D
10:25:13,ICBP,RG,8400,1,D,PD,YP,D
10:25:04,ICBP,RG,8400,65,F,BK,YP,D
10:25:01,ICBP,RG,8400,10,F,BK,YP,D
10:25:01,ICBP,RG,8400,50,F,BK,PD,D
10:25:01,ICBP,RG,8400,20,F,BK,PD,D
10:25:01,ICBP,RG,8400,5,F,BK,PD,D
10:25:01,ICBP,RG,8400,150,F,BK,YP,D
10:25:01,ICBP,RG,8400,10,F,BK,ZP,D
10:25:01,ICBP,RG,8400,20,F,BK,CP,D
10:25:01,ICBP,RG,8400,1,F,BK,GR,D
10:25:01,ICBP,RG,8400,2,F,BK,MG,D
10:25:00,ICBP,RG,8375,1,D,NI,AK,F
10:25:00,ICBP,RG,8375,3,D,NI,AK,D
10:25:00,ICBP,RG,8375,7,D,NI,CG,F
10:25:00,ICBP,RG,8375,20,D,NI,NI,D
10:25:00,ICBP,RG,8375,2,D,NI,DH,D
10:25:00,ICBP,RG,8375,47,D,NI,BK,F
10:25:00,ICBP,RG,8375,3,D,NI,AK,D
10:25:00,ICBP,RG,8375,1,D,NI,AK,F
10:25:00,ICBP,RG,8375,119,D,NI,CS,F
10:25:00,ICBP,RG,8375,3,D,NI,CC,D
10:25:00,ICBP,RG,8375,1,D,NI,PD,D
10:25:00,ICBP,RG,8375,10,D,NI,PD,D
10:25:00,ICBP,RG,8375,1,D,NI,XC,D
10:25:00,ICBP,RG,8375,21,D,NI,CC,D
10:25:00,ICBP,RG,8375,1,D,NI,AK,F
10:25:00,ICBP,RG,8375,2,D,NI,AK,D
10:25:00,ICBP,RG,8375,1,D,NI,AK,F
10:25:00,ICBP,RG,8375,3,D,NI,AK,D
10:25:00,ICBP,RG,8375,50,D,NI,YP,D
10:25:00,ICBP,RG,8375,6,D,NI,XC,D
10:25:00,ICBP,RG,8375,30,D,NI,CC,D
10:25:00,ICBP,RG,8375,100,D,NI,YU,D
10:25:00,ICBP,RG,8375,4,D,NI,PD,D
10:25:00,ICBP,RG,8375,1,D,NI,PD,D
10:25:00,ICBP,RG,8375,2,D,NI,XC,D
10:25:00,ICBP,RG,8375,2,D,NI,CG,F
10:25:00,ICBP,RG,8375,2,D,NI,CG,F
10:25:00,ICBP,RG,8375,2,D,NI,CG,F
10:25:00,ICBP,RG,8375,1,D,NI,XC,D
10:25:00,ICBP,RG,8375,1,D,NI,AK,F
10:25:00,ICBP,RG,8375,3,D,NI,AK,D
10:25:00,ICBP,RG,8375,1000,D,NI,SQ,D
10:25:00,ICBP,RG,8375,10,D,NI,CC,D
10:25:00,ICBP,RG,8375,1,D,NI,CC,F
10:25:00,ICBP,RG,8375,4,D,NI,PD,D
10:25:00,ICBP,RG,8375,3,D,NI,AZ,D
10:25:00,ICBP,RG,8375,3,D,NI,XC,D
10:25:00,ICBP,RG,8375,5,D,NI,NI,D
10:25:00,ICBP,RG,8375,30,D,NI,CC,D
10:25:00,ICBP,RG,8375,1,D,NI,PD,D
10:25:00,ICBP,RG,8375,10,D,NI,CC,D
10:25:00,ICBP,RG,8375,2,D,NI,YP,D
10:25:00,ICBP,RG,8375,23,D,NI,TP,D
10:24:59,ICBP,RG,8375,2,D,CC,TP,D
10:24:51,ICBP,RG,8375,5,D,NI,TP,D
10:24:51,ICBP,RG,8375,2,D,NI,CC,D
10:24:51,ICBP,RG,8375,5,D,NI,CG,F
10:24:50,ICBP,RG,8375,3,F,ZP,CG,F
10:24:50,ICBP,RG,8375,5,F,ZP,NI,D
10:24:50,ICBP,RG,8375,4,F,ZP,SQ,D
10:24:36,ICBP,RG,8375,4,D,PD,SQ,D
10:23:55,ICBP,RG,8350,18,F,DX,BK,F
10:23:54,ICBP,RG,8375,42,D,NI,SQ,D
10:23:54,ICBP,RG,8375,2,D,NI,XC,D
10:23:54,ICBP,RG,8375,120,D,NI,YP,D
10:23:54,ICBP,RG,8375,1,D,NI,PD,D
10:23:54,ICBP,RG,8375,2,D,NI,AK,D
10:23:54,ICBP,RG,8375,30,D,NI,BK,F
10:23:54,ICBP,RG,8375,1,D,NI,AK,F
10:23:54,ICBP,RG,8375,102,D,NI,IU,D
10:23:30,ICBP,RG,8350,2,F,DX,AK,D
10:23:23,ICBP,RG,8375,1,D,YP,IU,D
10:23:21,ICBP,RG,8375,1,D,PD,IU,D
10:23:08,ICBP,RG,8375,2,D,CC,IU,D
10:22:42,ICBP,RG,8375,3,D,CC,IU,D
10:22:29,ICBP,RG,8350,3,F,DX,CG,F
10:22:13,ICBP,RG,8350,5,F,DX,NI,D
10:22:00,ICBP,RG,8375,6,D,NI,IU,D
10:21:59,ICBP,RG,8375,1,D,NI,IU,D
10:21:56,ICBP,RG,8375,1,D,PD,IU,D
10:21:53,ICBP,RG,8375,8,D,PD,IU,D
10:21:53,ICBP,RG,8375,2,D,PD,NI,D
10:21:07,ICBP,RG,8375,10,D,MG,NI,D
10:21:07,ICBP,RG,8375,40,D,MG,IU,D
10:20:53,ICBP,RG,8375,2,D,AI,IU,D
10:20:51,ICBP,RG,8375,6,D,EP,IU,D
10:20:51,ICBP,RG,8375,1,D,YP,IU,D
10:20:34,ICBP,RG,8375,5,D,GR,IU,D
10:20:15,ICBP,RG,8375,10,D,YP,IU,D
10:20:02,ICBP,RG,8375,5,D,PD,IU,D
10:19:51,ICBP,RG,8350,3,F,DX,PD,D
10:19:49,ICBP,RG,8350,3,F,DX,CG,F
10:19:40,ICBP,RG,8375,20,D,EP,IU,D
10:18:54,ICBP,RG,8350,6,F,DX,PD,D
10:18:35,ICBP,RG,8375,9,D,SQ,IU,D
10:18:25,ICBP,RG,8375,11,F,ZP,IU,D
10:18:24,ICBP,RG,8375,16,D,NI,IU,D
10:18:24,ICBP,RG,8375,2,D,NI,PD,D
10:18:24,ICBP,RG,8375,5,D,NI,EP,D
10:18:24,ICBP,RG,8375,2,D,NI,AZ,D
10:18:24,ICBP,RG,8375,1,D,NI,XC,D
10:18:24,ICBP,RG,8375,2,D,NI,AK,D
10:18:24,ICBP,RG,8375,1,D,NI,AK,F
10:18:24,ICBP,RG,8375,1,D,NI,AK,F
10:18:24,ICBP,RG,8375,4,D,NI,AK,D
10:18:24,ICBP,RG,8375,66,D,NI,YP,D
10:17:32,ICBP,RG,8375,2,D,CC,YP,D
10:17:09,ICBP,RG,8350,3,F,DX,CG,F
10:17:01,ICBP,RG,8350,1,F,DX,PD,D
10:17:01,ICBP,RG,8375,1,D,YP,YP,D
10:16:56,ICBP,RG,8350,4,F,DX,PD,D
10:16:54,ICBP,RG,8375,4,D,CC,YP,D
10:16:45,ICBP,RG,8350,2,F,DX,PD,D
10:16:42,ICBP,RG,8350,2,F,DX,PD,D
10:16:33,ICBP,RG,8350,1,F,DX,KK,D
10:15:00,ICBP,RG,8350,3,F,DX,AK,D
10:14:46,ICBP,RG,8375,1,D,CC,YP,D
10:14:29,ICBP,RG,8350,3,F,DX,CG,F
10:14:25,ICBP,RG,8350,1,F,DX,OD,D
10:14:08,ICBP,RG,8375,14,D,ZP,YP,D
10:14:08,ICBP,RG,8375,2,D,ZP,YP,D
10:14:00,ICBP,RG,8350,1,F,DX,AK,F
10:13:59,ICBP,RG,8350,3,F,DX,AT,D
10:13:57,ICBP,RG,8350,2,F,DX,NI,D
10:13:15,ICBP,RG,8350,2,F,DX,AK,D
10:12:22,ICBP,RG,8350,1,F,DX,PD,D
10:11:47,ICBP,RG,8350,2,F,DX,CG,F
10:11:47,ICBP,RG,8350,1,D,YP,CG,F
10:11:46,ICBP,RG,8375,1,D,CC,YP,D
10:11:46,ICBP,RG,8350,2,D,YP,XC,D
10:11:45,ICBP,RG,8350,2,D,YP,AK,D
10:11:40,ICBP,RG,8350,2,D,YP,PD,D
10:11:30,ICBP,RG,8350,2,D,YP,NI,D
10:11:26,ICBP,RG,8375,3,D,CC,YP,D
10:11:00,ICBP,RG,8350,1,D,YP,AK,F
10:10:09,ICBP,RG,8350,7,D,YP,SQ,D
10:10:07,ICBP,RG,8375,1,D,XC,YP,D
10:10:00,ICBP,RG,8350,2,D,YP,AK,D
10:09:09,ICBP,RG,8350,3,D,YP,CG,F
10:08:53,ICBP,RG,8350,2,D,YP,AZ,D
10:08:15,ICBP,RG,8350,1,D,YP,AK,D
10:08:15,ICBP,RG,8350,1,D,IP,AK,D
10:08:13,ICBP,RG,8375,1,D,PD,YP,D
10:08:00,ICBP,RG,8375,11,F,ZP,YP,D
10:07:46,ICBP,RG,8350,10,D,IP,NI,D
10:06:41,ICBP,RG,8350,4,D,IP,NI,D
10:06:35,ICBP,RG,8375,2,D,XC,YP,D
10:06:30,ICBP,RG,8350,2,D,IP,AK,D
10:06:29,ICBP,RG,8350,1,D,IP,CG,F
10:06:25,ICBP,RG,8375,10,D,XC,YP,D
10:06:04,ICBP,RG,8350,23,D,IP,YP,D
10:05:28,ICBP,RG,8350,2,D,IP,PD,D
10:05:23,ICBP,RG,8350,7,D,IP,NI,D
10:05:23,ICBP,RG,8350,2,D,CC,NI,D
10:05:23,ICBP,RG,8350,10,D,KK,NI,D
10:05:23,ICBP,RG,8350,5,D,YP,NI,D
10:05:23,ICBP,RG,8350,1,D,XC,NI,D
10:05:23,ICBP,RG,8350,3,D,GR,NI,D
10:05:23,ICBP,RG,8350,2,D,AI,NI,D
10:03:41,ICBP,RG,8350,1,D,AI,YP,D
10:03:36,ICBP,RG,8375,1,D,GR,YP,D
10:03:28,ICBP,RG,8350,3,D,AI,AK,D
10:02:51,ICBP,RG,8350,1,D,AI,PD,D
10:02:34,ICBP,RG,8350,18,D,AI,CC,D
10:02:34,ICBP,RG,8350,2,D,PD,CC,D
10:02:34,ICBP,RG,8350,1,D,XC,CC,D
10:02:34,ICBP,RG,8350,1,D,XC,CC,D
10:02:34,ICBP,RG,8350,5,D,YP,CC,D
10:02:24,ICBP,RG,8350,4,D,YP,DH,D
10:01:40,ICBP,RG,8375,1,D,NI,YP,D
10:01:17,ICBP,RG,8375,1,D,YP,YP,D
10:00:19,ICBP,RG,8350,1,D,YP,DH,D
10:00:19,ICBP,RG,8350,1,D,XC,DH,D
9:59:49,ICBP,RG,8350,1,D,NI,XC,D
9:59:49,ICBP,RG,8350,2,D,CC,XC,D
9:59:49,ICBP,RG,8350,1,D,AZ,XC,D
9:59:49,ICBP,RG,8350,1,D,CC,XC,D
9:59:49,ICBP,RG,8350,5,F,DX,XC,D
9:59:10,ICBP,RG,8350,2,F,DX,CG,F
9:59:10,ICBP,RG,8350,1,F,DX,CG,F
9:59:10,ICBP,RG,8350,2,D,SQ,CG,F
9:59:10,ICBP,RG,8350,2,D,YP,CG,F
9:59:10,ICBP,RG,8350,1,D,XC,CG,F
9:59:09,ICBP,RG,8350,3,D,PD,AK,F
9:59:09,ICBP,RG,8350,1,D,XC,AK,F
9:59:09,ICBP,RG,8350,4,D,YP,AK,F
9:59:09,ICBP,RG,8350,21,F,ZP,AK,F
9:59:09,ICBP,RG,8350,3,D,NI,AK,F
9:59:09,ICBP,RG,8350,90,F,DX,AK,F
9:59:09,ICBP,RG,8350,21,F,ZP,AK,F
9:59:09,ICBP,RG,8350,13,D,PD,AK,F
9:59:09,ICBP,RG,8350,2,D,PD,AK,F
9:59:09,ICBP,RG,8350,1,D,PD,AK,F
9:59:09,ICBP,RG,8350,81,F,BK,AK,F
9:59:08,ICBP,RG,8350,10,F,BK,NI,D
9:59:00,ICBP,RG,8350,2,F,BK,PD,D
9:58:34,ICBP,RG,8350,240,F,BK,AK,F
9:58:33,ICBP,RG,8350,2,F,BK,SQ,D
9:58:33,ICBP,RG,8350,23,F,DX,SQ,D
9:58:29,ICBP,RG,8350,3,F,DX,CG,F
9:58:25,ICBP,RG,8350,10,F,DX,PD,D
9:57:56,ICBP,RG,8350,4,F,DX,XC,D
9:57:43,ICBP,RG,8350,4,F,DX,AK,D
9:57:16,ICBP,RG,8375,9,D,YP,YP,D
9:57:09,ICBP,RG,8350,14,F,DX,BK,F
9:57:02,ICBP,RG,8375,1,D,CC,YP,D
9:56:34,ICBP,RG,8375,1,D,XC,YP,D
9:56:27,ICBP,RG,8375,1,D,PD,YP,D
9:56:11,ICBP,RG,8375,14,D,XC,YP,D
9:55:49,ICBP,RG,8375,11,F,ZP,YP,D
9:55:48,ICBP,RG,8350,3,F,DX,CG,F
9:55:48,ICBP,RG,8375,1,D,YP,YP,D
9:55:48,ICBP,RG,8350,17,F,DX,YP,D
9:55:39,ICBP,RG,8350,10,F,DX,NI,D
9:55:38,ICBP,RG,8375,5,D,NI,YP,D
9:55:26,ICBP,RG,8350,1,F,DX,PD,D
9:55:22,ICBP,RG,8350,1,F,DX,CC,D
9:54:58,ICBP,RG,8350,3,F,DX,NI,D
9:54:42,ICBP,RG,8375,1,D,NI,YP,D
9:54:27,ICBP,RG,8375,4,D,XC,YP,D
9:54:23,ICBP,RG,8350,3,F,DX,AK,D
9:54:22,ICBP,RG,8350,2,F,DX,PD,D
9:54:18,ICBP,RG,8375,38,F,BK,YP,D
9:54:17,ICBP,RG,8350,1,F,DX,HP,D
9:54:14,ICBP,RG,8375,12,F,ZP,YP,D
9:54:07,ICBP,RG,8350,1,F,DX,XC,D
9:54:06,ICBP,RG,8375,11,F,ZP,YP,D
9:54:00,ICBP,RG,8375,11,F,ZP,YP,D
9:53:57,ICBP,RG,8375,26,F,ZP,YP,D
9:53:40,ICBP,RG,8350,2,F,DX,AZ,D
9:53:09,ICBP,RG,8350,2,F,DX,CG,F
9:53:00,ICBP,RG,8375,1,D,EP,YP,D
9:52:55,ICBP,RG,8375,21,F,ZP,YP,D
9:52:51,ICBP,RG,8375,1,D,PC,YP,D
9:52:30,ICBP,RG,8375,21,F,ZP,YP,D
9:52:18,ICBP,RG,8375,2,D,YP,YP,D
9:51:58,ICBP,RG,8350,3,F,DX,AK,D
9:51:11,ICBP,RG,8350,10,F,DX,PD,D
9:51:10,ICBP,RG,8375,11,F,ZP,YP,D
9:51:05,ICBP,RG,8375,11,F,ZP,YP,D
9:51:01,ICBP,RG,8375,11,F,ZP,YP,D
9:50:32,ICBP,RG,8375,5,D,NI,YP,D
9:50:17,ICBP,RG,8375,41,F,BK,YP,D
9:50:16,ICBP,RG,8350,12,F,DX,CC,D
9:49:39,ICBP,RG,8350,3,F,DX,KK,D
9:49:27,ICBP,RG,8350,1,F,DX,PD,D
9:49:21,ICBP,RG,8375,1,D,XC,YP,D
9:49:17,ICBP,RG,8375,36,F,BK,YP,D
9:49:13,ICBP,RG,8375,70,F,BK,YP,D
9:49:13,ICBP,RG,8375,2,F,BK,AT,D
9:49:13,ICBP,RG,8375,37,F,BK,YP,D
9:49:11,ICBP,RG,8350,73,F,DX,BK,F
9:49:10,ICBP,RG,8350,14,F,DX,AK,F
9:49:10,ICBP,RG,8350,60,F,DX,AK,F
9:49:10,ICBP,RG,8350,74,F,DX,AK,F
9:49:10,ICBP,RG,8350,1,F,DX,CG,F
9:49:10,ICBP,RG,8350,21,F,DX,BK,F
9:49:10,ICBP,RG,8350,45,F,DX,MG,D
9:49:10,ICBP,RG,8350,92,F,DX,MG,D
9:49:09,ICBP,RG,8350,186,F,DX,MG,D
9:49:09,ICBP,RG,8350,11,F,ZP,MG,D
9:49:09,ICBP,RG,8350,96,F,DX,MG,D
9:49:09,ICBP,RG,8350,205,F,DX,MG,D
9:49:09,ICBP,RG,8350,96,F,DX,MG,D
9:49:09,ICBP,RG,8350,214,F,DX,MG,D
9:49:09,ICBP,RG,8350,1,D,NI,MG,D
9:49:09,ICBP,RG,8350,1,D,PD,MG,D
9:49:09,ICBP,RG,8350,1,D,XC,MG,D
9:49:09,ICBP,RG,8350,1,D,XC,MG,D
9:49:09,ICBP,RG,8350,1,D,DR,MG,D
9:49:09,ICBP,RG,8350,1,D,NI,MG,D
9:49:09,ICBP,RG,8350,1,D,LG,MG,D
9:49:09,ICBP,RG,8350,2,D,PD,MG,D
9:49:09,ICBP,RG,8350,1,D,DR,MG,D
9:49:09,ICBP,RG,8350,1,D,LG,MG,D
9:49:09,ICBP,RG,8350,1,D,DH,MG,D
9:49:09,ICBP,RG,8350,10,D,CC,MG,D
9:49:09,ICBP,RG,8350,1,D,NI,MG,D
9:49:09,ICBP,RG,8350,45,D,XC,MG,D
9:49:09,ICBP,RG,8350,1,D,PD,MG,D
9:49:09,ICBP,RG,8350,1,D,PD,MG,D
9:49:09,ICBP,RG,8350,4,D,XC,MG,D
9:49:09,ICBP,RG,8350,18,D,NI,MG,D
9:49:09,ICBP,RG,8350,3,D,CC,MG,D
9:49:09,ICBP,RG,8350,10,D,XC,MG,D
9:49:09,ICBP,RG,8350,1,D,DX,MG,D
9:49:09,ICBP,RG,8350,10,D,PD,MG,D
9:49:09,ICBP,RG,8350,1,D,XC,MG,D
9:49:09,ICBP,RG,8350,1,D,SQ,MG,D
9:49:09,ICBP,RG,8350,2,D,YP,MG,D
9:49:09,ICBP,RG,8350,20,D,AZ,MG,D
9:49:09,ICBP,RG,8350,2,D,PD,MG,D
9:49:09,ICBP,RG,8350,1,D,PD,MG,D
9:49:09,ICBP,RG,8350,1,D,YP,MG,D
9:49:09,ICBP,RG,8350,20,D,PD,MG,D
9:49:09,ICBP,RG,8350,10,D,EP,MG,D
9:49:09,ICBP,RG,8350,10,D,CC,MG,D
9:49:09,ICBP,RG,8350,20,D,SQ,MG,D
9:49:09,ICBP,RG,8350,1,D,XC,MG,D
9:49:09,ICBP,RG,8350,1,D,XC,MG,D
9:49:09,ICBP,RG,8350,1,D,XC,MG,D
9:49:09,ICBP,RG,8350,50,D,GR,MG,D
9:49:09,ICBP,RG,8350,1,D,YP,MG,D
9:49:09,ICBP,RG,8350,1,D,XC,MG,D
9:49:09,ICBP,RG,8350,1,D,XC,MG,D
9:49:09,ICBP,RG,8350,5,D,NI,MG,D
9:49:09,ICBP,RG,8350,1,D,YP,MG,D
9:49:09,ICBP,RG,8350,2,D,PD,MG,D
9:49:09,ICBP,RG,8350,2,D,CC,MG,D
9:49:09,ICBP,RG,8350,25,D,GR,MG,D
9:49:09,ICBP,RG,8350,1,D,YP,MG,D
9:49:09,ICBP,RG,8350,2,D,PD,MG,D
9:49:09,ICBP,RG,8350,1,D,YP,MG,D
9:49:09,ICBP,RG,8350,155,F,BK,MG,D
9:49:09,ICBP,RG,8350,1,D,PD,MG,D
9:49:09,ICBP,RG,8350,24,D,NI,MG,D
9:49:09,ICBP,RG,8350,3,D,XC,MG,D
9:49:09,ICBP,RG,8350,1,D,XC,MG,D
9:49:09,ICBP,RG,8350,94,F,DX,MG,D
9:49:09,ICBP,RG,8350,110,F,GW,MG,D
9:49:09,ICBP,RG,8350,1,D,XC,MG,D
9:49:09,ICBP,RG,8350,6,D,CC,MG,D
9:49:09,ICBP,RG,8350,1,D,XC,MG,D
9:49:09,ICBP,RG,8350,1,D,PD,MG,D
9:49:09,ICBP,RG,8350,6,D,NI,MG,D
9:49:09,ICBP,RG,8350,11,F,ZP,MG,D
9:49:09,ICBP,RG,8350,20,D,DH,MG,D
9:49:09,ICBP,RG,8350,5,D,YP,MG,D
9:49:09,ICBP,RG,8350,1,D,PD,MG,D
9:49:09,ICBP,RG,8350,1,D,PD,MG,D
9:49:09,ICBP,RG,8350,131,F,BK,MG,D
9:49:09,ICBP,RG,8350,1,D,CC,MG,D
9:49:09,ICBP,RG,8350,1,D,XC,MG,D
9:49:09,ICBP,RG,8350,5,D,GR,MG,D
9:49:09,ICBP,RG,8350,5,D,IF,MG,D
9:49:09,ICBP,RG,8350,2,D,PD,MG,D
9:49:09,ICBP,RG,8350,5,D,CC,MG,D
9:49:09,ICBP,RG,8350,1,D,YP,MG,D
9:49:09,ICBP,RG,8350,1,D,XC,MG,D
9:49:09,ICBP,RG,8350,3,D,XC,MG,D
9:49:09,ICBP,RG,8350,11,F,ZP,MG,D
9:49:09,ICBP,RG,8350,10,D,PD,MG,D
9:49:09,ICBP,RG,8350,65,D,YP,MG,D
9:49:09,ICBP,RG,8350,5,D,CP,MG,D
9:49:09,ICBP,RG,8350,1,D,YP,MG,D
9:49:09,ICBP,RG,8350,5,D,CC,MG,D
9:49:09,ICBP,RG,8350,2,D,PD,MG,D
9:49:09,ICBP,RG,8350,1,D,PD,MG,D
9:49:09,ICBP,RG,8350,10,D,XC,MG,D
9:49:09,ICBP,RG,8350,4,D,YP,MG,D
9:49:09,ICBP,RG,8350,1,D,NI,MG,D
9:49:09,ICBP,RG,8350,1,D,XC,MG,D
9:49:09,ICBP,RG,8350,1,D,XC,MG,D
9:49:09,ICBP,RG,8350,1,D,NI,MG,D
9:49:09,ICBP,RG,8350,116,F,BK,MG,D
9:49:09,ICBP,RG,8350,2,D,XC,MG,D
9:49:09,ICBP,RG,8350,2,D,OD,MG,D
9:49:09,ICBP,RG,8350,1,D,XC,MG,D
9:49:09,ICBP,RG,8350,50,D,AI,MG,D
9:49:09,ICBP,RG,8350,1,D,XC,MG,D
9:49:09,ICBP,RG,8350,1,D,YP,MG,D
9:49:09,ICBP,RG,8350,5,D,PD,MG,D
9:49:09,ICBP,RG,8350,2,D,DR,MG,D
9:49:09,ICBP,RG,8350,1,D,YP,MG,D
9:49:09,ICBP,RG,8350,4,D,ZP,MG,D
9:49:09,ICBP,RG,8350,150,F,BK,MG,D
9:49:09,ICBP,RG,8350,32,F,DX,MG,D
9:49:09,ICBP,RG,8350,181,F,DX,MG,D
9:49:09,ICBP,RG,8350,2,D,YP,MG,D
9:49:09,ICBP,RG,8350,5,D,CC,MG,D
9:49:09,ICBP,RG,8350,2,D,DH,MG,D
9:49:09,ICBP,RG,8350,10,D,CC,MG,D
9:49:09,ICBP,RG,8350,2,D,TP,MG,D
9:49:09,ICBP,RG,8350,1,D,DH,MG,D
9:49:09,ICBP,RG,8350,1,D,PD,MG,D
9:49:09,ICBP,RG,8350,1,D,PD,MG,D
9:49:09,ICBP,RG,8350,10,D,PD,MG,D
9:49:09,ICBP,RG,8350,2,D,PD,MG,D
9:49:09,ICBP,RG,8350,1,D,DR,MG,D
9:49:09,ICBP,RG,8350,1,D,XC,MG,D
9:49:09,ICBP,RG,8350,12,D,YP,MG,D
9:49:09,ICBP,RG,8350,1,D,XC,MG,D
9:49:09,ICBP,RG,8350,3,D,GR,MG,D
9:49:09,ICBP,RG,8350,20,D,DH,MG,D
9:49:09,ICBP,RG,8350,5,D,KK,MG,D
9:49:09,ICBP,RG,8350,12,D,CC,MG,D
9:49:09,ICBP,RG,8350,1,D,YP,MG,D
9:49:09,ICBP,RG,8350,4,D,PD,MG,D
9:49:09,ICBP,RG,8350,2,D,YP,MG,D
9:49:09,ICBP,RG,8350,10,D,YP,MG,D
9:49:09,ICBP,RG,8350,5,D,PD,MG,D
9:49:09,ICBP,RG,8350,100,D,YP,MG,D
9:49:09,ICBP,RG,8350,20,D,YB,MG,D
9:49:09,ICBP,RG,8350,2,D,XC,MG,D
9:49:09,ICBP,RG,8350,50,D,GR,MG,D
9:49:09,ICBP,RG,8350,1,D,XC,MG,D
9:49:09,ICBP,RG,8350,20,D,CC,MG,D
9:49:09,ICBP,RG,8350,25,D,YP,MG,D
9:49:09,ICBP,RG,8350,1,D,PD,MG,D
9:49:09,ICBP,RG,8350,1,D,PD,MG,D
9:49:09,ICBP,RG,8350,1,D,PD,MG,D
9:49:09,ICBP,RG,8350,2,D,NI,MG,D
9:49:09,ICBP,RG,8350,1,D,XC,MG,D
9:49:09,ICBP,RG,8350,1,D,CC,MG,D
9:49:09,ICBP,RG,8350,150,D,YU,MG,D
9:49:09,ICBP,RG,8350,6,D,CC,MG,D
9:48:43,ICBP,RG,8375,1,D,PD,YP,D
9:48:43,ICBP,RG,8350,4,D,CC,AK,D
9:48:23,ICBP,RG,8375,1,D,NI,YP,D
9:47:31,ICBP,RG,8375,18,F,BK,YP,D
9:47:25,ICBP,RG,8350,10,D,CC,YP,D
9:47:25,ICBP,RG,8350,2,D,XC,YP,D
9:47:25,ICBP,RG,8350,1,D,XC,YP,D
9:47:25,ICBP,RG,8350,2,D,PD,YP,D
9:47:25,ICBP,RG,8350,10,D,CC,YP,D
9:47:25,ICBP,RG,8350,2,D,XC,YP,D
9:47:25,ICBP,RG,8350,10,D,CC,YP,D
9:47:25,ICBP,RG,8350,1,D,XC,YP,D
9:47:25,ICBP,RG,8350,2,D,CC,YP,D
9:47:25,ICBP,RG,8350,1,D,NI,YP,D
9:47:25,ICBP,RG,8350,1,D,YP,YP,D
9:47:25,ICBP,RG,8350,2,D,YP,YP,D
9:47:25,ICBP,RG,8350,2,D,KK,YP,D
9:47:05,ICBP,RG,8375,2,D,YP,YP,D
9:46:30,ICBP,RG,8375,1,D,PD,YP,D
9:46:30,ICBP,RG,8375,1,D,PD,CG,F
9:46:30,ICBP,RG,8375,3,D,PD,CG,F
9:45:54,ICBP,RG,8375,1,D,SQ,CG,F
9:45:40,ICBP,RG,8375,1,D,XC,CG,F
9:45:29,ICBP,RG,8375,1,D,XC,CG,F
9:45:28,ICBP,RG,8375,1,D,YP,PD,D
9:45:10,ICBP,RG,8375,1,D,XC,PD,D
9:45:05,ICBP,RG,8375,2,D,CC,PD,D
9:45:05,ICBP,RG,8375,3,D,CC,YP,D
9:44:08,ICBP,RG,8375,1,D,PD,YP,D
9:43:59,ICBP,RG,8375,3,D,CC,YP,D
9:43:54,ICBP,RG,8375,3,D,SQ,YP,D
9:43:54,ICBP,RG,8375,1,D,SQ,NI,D
9:43:54,ICBP,RG,8375,1,D,SQ,AK,D
9:43:38,ICBP,RG,8375,2,D,PD,AK,D
9:43:38,ICBP,RG,8375,8,D,PD,BK,F
9:43:38,ICBP,RG,8375,5,D,PD,KK,D
9:43:38,ICBP,RG,8375,2,D,PD,YP,D
9:43:38,ICBP,RG,8375,3,D,PD,XC,D
9:43:38,ICBP,RG,8375,10,D,PD,CC,D
9:43:38,ICBP,RG,8375,4,D,PD,NI,D
9:43:38,ICBP,RG,8375,10,D,PD,CC,D
9:43:38,ICBP,RG,8375,1,D,PD,XC,D
9:43:38,ICBP,RG,8375,5,D,PD,YP,D
9:42:58,ICBP,RG,8375,4,F,BK,YP,D
9:42:58,ICBP,RG,8375,3,F,BK,XC,D
9:42:58,ICBP,RG,8375,10,F,BK,EP,D
9:42:58,ICBP,RG,8375,7,F,BK,PD,D
9:42:57,ICBP,RG,8375,1,F,YP,PD,D
9:42:57,ICBP,RG,8375,2,F,YP,PD,D
9:42:57,ICBP,RG,8375,1,F,YP,PD,D
9:42:57,ICBP,RG,8375,2,F,YP,CC,D
9:42:57,ICBP,RG,8375,5,F,YP,YP,D
9:42:57,ICBP,RG,8375,2,F,YP,CC,D
9:42:57,ICBP,RG,8375,1,F,YP,AK,F
9:42:57,ICBP,RG,8375,1,F,YP,PD,D
9:42:56,ICBP,RG,8375,5,D,RO,PD,D
9:42:56,ICBP,RG,8375,5,D,RO,YU,D
9:42:56,ICBP,RG,8375,10,D,RO,OD,D
9:42:43,ICBP,RG,8375,1,D,CC,OD,D
9:42:38,ICBP,RG,8375,4,D,AZ,OD,D
9:42:38,ICBP,RG,8375,8,D,AZ,CC,D
9:42:36,ICBP,RG,8375,11,F,BK,CC,D
9:42:33,ICBP,RG,8350,7,F,GW,PD,D
9:42:32,ICBP,RG,8375,3,D,HP,CC,D
9:41:56,ICBP,RG,8375,2,F,YP,CC,D
9:41:43,ICBP,RG,8375,3,D,XC,CC,D
9:41:23,ICBP,RG,8375,2,D,NI,CC,D
9:40:42,ICBP,RG,8375,1,D,XC,CC,D
9:40:17,ICBP,RG,8375,3,D,XC,CC,D
9:40:14,ICBP,RG,8375,1,D,AI,CC,D
9:39:37,ICBP,RG,8375,1,D,PD,CC,D
9:39:14,ICBP,RG,8375,1,D,YP,CC,D
9:39:09,ICBP,RG,8375,2,D,XC,CC,D
9:39:02,ICBP,RG,8375,2,F,ZP,CC,D
9:39:02,ICBP,RG,8375,6,F,ZP,XA,D
9:39:02,ICBP,RG,8375,3,F,ZP,LG,D
9:39:01,ICBP,RG,8375,1,D,PD,LG,D
9:38:43,ICBP,RG,8375,1,D,NI,LG,D
9:38:26,ICBP,RG,8375,1,D,XC,LG,D
9:38:21,ICBP,RG,8375,5,D,AT,LG,D
9:38:18,ICBP,RG,8375,1,D,XC,LG,D
9:38:13,ICBP,RG,8375,1,D,DH,LG,D
9:38:10,ICBP,RG,8375,1,D,NI,LG,D
9:38:06,ICBP,RG,8350,2,F,GW,YP,D
9:37:47,ICBP,RG,8375,1,D,OD,LG,D
9:37:16,ICBP,RG,8375,2,D,XC,LG,D
9:36:41,ICBP,RG,8375,3,D,XC,LG,D
9:36:39,ICBP,RG,8375,6,D,PD,LG,D
9:36:23,ICBP,RG,8375,4,F,BK,LG,D
9:36:23,ICBP,RG,8375,15,F,BK,YP,D
9:36:18,ICBP,RG,8375,15,D,SQ,YP,D
9:36:18,ICBP,RG,8375,1,D,SQ,AK,F
9:36:18,ICBP,RG,8375,3,D,SQ,AK,D
9:35:45,ICBP,RG,8375,3,D,PD,AK,D
9:35:45,ICBP,RG,8375,3,D,PD,AK,D
9:35:45,ICBP,RG,8375,1,D,PD,AK,F
9:35:45,ICBP,RG,8375,3,D,PD,BK,F
9:35:39,ICBP,RG,8375,1,D,PD,BK,F
9:35:16,ICBP,RG,8375,6,D,PD,BK,F
9:34:34,ICBP,RG,8375,1,D,SQ,BK,F
9:34:10,ICBP,RG,8375,1,D,XC,BK,F
9:34:07,ICBP,RG,8375,1,D,XC,BK,F
9:33:45,ICBP,RG,8375,1,D,KK,BK,F
9:33:18,ICBP,RG,8375,2,D,XC,BK,F
9:32:45,ICBP,RG,8375,1,D,XC,BK,F
9:32:30,ICBP,RG,8375,5,D,YP,BK,F
9:32:24,ICBP,RG,8375,1,D,KK,YP,D
9:32:11,ICBP,RG,8375,1,D,SQ,YP,D
9:31:49,ICBP,RG,8350,1,F,GW,YP,D
9:31:19,ICBP,RG,8375,1,D,DH,YP,D
9:31:11,ICBP,RG,8375,3,D,SQ,YP,D
9:31:10,ICBP,RG,8375,2,D,PD,YP,D
9:31:04,ICBP,RG,8375,2,D,CC,YP,D
9:30:34,ICBP,RG,8375,1,D,DH,YP,D
9:30:24,ICBP,RG,8375,1,D,KK,YP,D
9:29:39,ICBP,RG,8375,1,D,PD,YP,D
9:28:48,ICBP,RG,8375,6,D,XC,YP,D
9:28:14,ICBP,RG,8375,5,D,PD,YP,D
9:28:02,ICBP,RG,8375,1,D,CC,YP,D
9:27:55,ICBP,RG,8375,1,D,PD,YP,D
9:27:17,ICBP,RG,8375,1,D,PD,YP,D
9:27:01,ICBP,RG,8375,2,D,SQ,YP,D
9:27:00,ICBP,RG,8375,1,D,SQ,YP,D
9:26:57,ICBP,RG,8375,1,D,CC,YP,D
9:26:57,ICBP,RG,8375,2,D,PD,YP,D
9:26:56,ICBP,RG,8350,10,F,GW,NI,D
9:26:49,ICBP,RG,8375,21,F,BK,YP,D
9:26:47,ICBP,RG,8375,11,F,ZP,YP,D
9:26:46,ICBP,RG,8375,200,D,YP,YP,D
9:26:18,ICBP,RG,8375,10,F,ZP,YP,D
9:26:11,ICBP,RG,8375,2,D,EP,YP,D
9:25:54,ICBP,RG,8375,10,D,XC,YP,D
9:25:34,ICBP,RG,8375,20,D,EP,YP,D
9:25:24,ICBP,RG,8375,2,D,PD,YP,D
9:24:56,ICBP,RG,8375,1,D,XC,YP,D
9:24:54,ICBP,RG,8350,5,F,GW,CC,D
9:24:50,ICBP,RG,8375,100,D,NI,YP,D
9:24:27,ICBP,RG,8375,1,D,CC,YP,D
9:24:25,ICBP,RG,8375,1,D,CP,YP,D
9:24:18,ICBP,RG,8375,1,D,YP,YP,D
9:23:55,ICBP,RG,8375,1,D,EP,YP,D
9:23:47,ICBP,RG,8375,50,D,XA,YP,D
9:23:45,ICBP,RG,8350,4,F,GW,GR,D
9:23:30,ICBP,RG,8350,2,F,GW,YB,D
9:23:11,ICBP,RG,8375,1,D,YP,YP,D
9:22:56,ICBP,RG,8375,35,D,YU,YP,D
9:22:56,ICBP,RG,8375,65,D,YU,BK,F
9:22:35,ICBP,RG,8350,1,F,GW,XC,D
9:21:56,ICBP,RG,8350,5,F,GW,XC,D
9:21:56,ICBP,RG,8375,2,D,AG,BK,F
9:21:38,ICBP,RG,8375,2,D,IH,BK,F
9:21:38,ICBP,RG,8375,3,D,IH,PD,D
9:21:33,ICBP,RG,8350,20,F,GW,PD,D
9:21:21,ICBP,RG,8350,23,F,GW,PD,D
9:21:21,ICBP,RG,8350,10,D,YP,PD,D
9:21:21,ICBP,RG,8350,7,D,PD,PD,D
9:21:21,ICBP,RG,8375,4,D,SQ,KK,D
9:21:21,ICBP,RG,8375,1,D,SQ,PD,D
9:21:21,ICBP,RG,8375,5,D,SQ,XC,D
9:21:21,ICBP,RG,8375,30,D,SQ,CC,D
9:21:10,ICBP,RG,8375,25,D,XC,CC,D
9:21:08,ICBP,RG,8375,10,D,NI,CC,D
9:21:05,ICBP,RG,8350,3,D,PD,BK,F
9:21:05,ICBP,RG,8350,6,F,BK,BK,F
9:21:04,ICBP,RG,8375,6,F,BK,CC,D
9:21:04,ICBP,RG,8375,1,D,GR,CC,D
9:21:04,ICBP,RG,8375,1,D,XC,CC,D
9:21:04,ICBP,RG,8375,16,F,BK,CC,D
9:21:04,ICBP,RG,8375,11,D,NI,CC,D
9:20:43,ICBP,RG,8375,9,D,NI,TP,D
9:20:43,ICBP,RG,8375,1,D,NI,TP,D
9:20:43,ICBP,RG,8375,1,D,PD,TP,D
9:20:43,ICBP,RG,8375,3,D,CC,TP,D
9:20:43,ICBP,RG,8375,10,F,ZP,TP,D
9:20:43,ICBP,RG,8375,6,F,BK,TP,D
9:20:37,ICBP,RG,8375,5,F,BK,XC,D
9:20:28,ICBP,RG,8375,3,F,BK,XC,D
9:20:27,ICBP,RG,8375,2,F,BK,YP,D
9:20:04,ICBP,RG,8375,12,F,BK,XC,D
9:20:00,ICBP,RG,8375,4,F,BK,YP,D
9:20:00,ICBP,RG,8375,1,D,NI,YP,D
9:19:59,ICBP,RG,8375,2,D,NI,PD,D
9:19:56,ICBP,RG,8375,10,D,NI,NI,D
9:19:54,ICBP,RG,8375,3,D,NI,YP,D
9:19:54,ICBP,RG,8375,4,D,NI,AK,F
9:19:54,ICBP,RG,8375,5,D,XC,AK,F
9:19:54,ICBP,RG,8375,10,D,EP,AK,F
9:19:54,ICBP,RG,8375,10,F,GW,AK,F
9:19:54,ICBP,RG,8375,5,D,PD,AK,F
9:19:54,ICBP,RG,8375,20,D,XC,AK,F
9:19:54,ICBP,RG,8375,5,D,KK,AK,F
9:19:54,ICBP,RG,8375,5,D,SQ,AK,F
9:19:54,ICBP,RG,8375,1,D,YP,AK,F
9:19:54,ICBP,RG,8375,1,D,PD,AK,F
9:19:54,ICBP,RG,8375,2,D,YP,AK,F
9:19:54,ICBP,RG,8375,5,D,DH,AK,F
9:19:54,ICBP,RG,8375,1,D,TF,AK,F
9:19:54,ICBP,RG,8375,1,D,DH,AK,F
9:19:54,ICBP,RG,8375,7,F,BK,AK,F
9:19:54,ICBP,RG,8375,16,D,DX,AK,F
9:19:54,ICBP,RG,8375,4,D,DX,PD,D
9:19:52,ICBP,RG,8375,30,D,DX,YP,D
9:19:52,ICBP,RG,8375,8,D,PD,YP,D
9:19:52,ICBP,RG,8375,11,F,ZP,YP,D
9:19:52,ICBP,RG,8375,3,F,ZP,YP,D
9:19:52,ICBP,RG,8375,1,F,ZP,PD,D
9:19:06,ICBP,RG,8375,2,F,ZP,CC,D
9:18:54,ICBP,RG,8375,1,F,ZP,XC,D
9:18:49,ICBP,RG,8400,10,D,IP,MG,D
9:18:34,ICBP,RG,8375,2,F,ZP,XC,D
9:18:14,ICBP,RG,8400,5,D,XC,MG,D
9:18:11,ICBP,RG,8375,1,F,ZP,XC,D
9:17:00,ICBP,RG,8400,27,D,CC,MG,D
9:16:02,ICBP,RG,8400,11,F,ZP,MG,D
9:16:00,ICBP,RG,8375,1,F,ZP,BK,F
9:16:00,ICBP,RG,8375,3,F,ZP,PD,D
9:16:00,ICBP,RG,8375,1,F,ZP,BK,F
9:15:59,ICBP,RG,8375,1,D,YP,BK,F
9:15:55,ICBP,RG,8375,1,D,NI,BK,F
9:15:55,ICBP,RG,8375,1,D,NI,XC,D
9:15:55,ICBP,RG,8375,8,D,NI,YP,D
9:15:50,ICBP,RG,8375,2,D,XC,YP,D
9:15:29,ICBP,RG,8375,13,D,CC,YP,D
9:15:29,ICBP,RG,8375,2,D,CC,SQ,D
9:15:29,ICBP,RG,8375,2,D,CC,PD,D
9:15:29,ICBP,RG,8375,30,D,CC,RO,D
9:15:29,ICBP,RG,8375,1,D,CC,AK,F
9:15:29,ICBP,RG,8375,2,D,CC,AK,D
9:15:16,ICBP,RG,8375,1,D,PD,AK,D
9:15:11,ICBP,RG,8375,2,D,XC,PD,D
9:15:03,ICBP,RG,8375,2,D,XC,PD,D
9:15:03,ICBP,RG,8375,1,D,XC,PD,D
9:14:50,ICBP,RG,8375,3,D,PD,PD,D
9:14:34,ICBP,RG,8375,37,D,YP,PD,D
9:14:34,ICBP,RG,8375,130,D,YP,XA,D
9:14:34,ICBP,RG,8375,1,D,YP,XC,D
9:14:34,ICBP,RG,8375,10,D,YP,DH,D
9:14:34,ICBP,RG,8375,9,D,YP,CC,D
9:14:34,ICBP,RG,8375,2,D,YP,IF,D
9:14:34,ICBP,RG,8375,2,D,YP,YP,D
9:14:34,ICBP,RG,8375,2,D,YP,PD,D
9:14:34,ICBP,RG,8375,3,D,YP,NI,D
9:14:34,ICBP,RG,8375,18,D,YP,XC,D
9:14:34,ICBP,RG,8375,5,D,YP,YP,D
9:14:34,ICBP,RG,8375,1,D,YP,XC,D
9:14:34,ICBP,RG,8375,1,D,YP,PD,D
9:14:34,ICBP,RG,8375,16,D,YP,BK,F
9:14:34,ICBP,RG,8375,3,D,YP,AK,D
9:14:34,ICBP,RG,8375,10,D,YP,IU,D
9:14:31,ICBP,RG,8375,1,D,YB,IU,D
9:14:28,ICBP,RG,8375,2,D,XC,IU,D
9:14:25,ICBP,RG,8375,3,D,PD,IU,D
9:14:14,ICBP,RG,8375,4,D,XC,IU,D
9:14:11,ICBP,RG,8375,1,D,YP,IU,D
9:14:10,ICBP,RG,8375,2,D,YP,IU,D
9:14:00,ICBP,RG,8375,5,D,YU,IU,D
9:13:55,ICBP,RG,8375,5,D,CC,IU,D
9:13:27,ICBP,RG,8375,10,D,PD,IU,D
9:13:16,ICBP,RG,8350,2,F,BK,XC,D
9:13:08,ICBP,RG,8350,18,F,BK,PD,D
9:12:47,ICBP,RG,8350,1,F,BK,XC,D
9:12:41,ICBP,RG,8375,2,D,EP,IU,D
9:12:41,ICBP,RG,8375,1,D,NI,IU,D
9:12:40,ICBP,RG,8375,2,D,CC,IU,D
9:12:37,ICBP,RG,8375,1,D,LG,IU,D
9:12:32,ICBP,RG,8375,1,D,DH,IU,D
9:12:10,ICBP,RG,8350,2,F,BK,KK,D
9:11:44,ICBP,RG,8350,38,F,BK,CC,D
9:11:41,ICBP,RG,8375,11,F,ZP,IU,D
9:11:40,ICBP,RG,8350,59,F,BK,NI,D
9:11:35,ICBP,RG,8350,3,F,BK,XC,D
9:11:24,ICBP,RG,8350,5,F,BK,CC,D
9:11:09,ICBP,RG,8350,9,F,BK,BK,F
9:11:08,ICBP,RG,8350,44,F,BK,PD,D
9:11:08,ICBP,RG,8350,5,D,YP,PD,D
9:11:08,ICBP,RG,8350,3,D,XC,PD,D
9:11:08,ICBP,RG,8350,3,F,BK,PD,D
9:11:07,ICBP,RG,8375,2,D,DH,IU,D
9:11:05,ICBP,RG,8375,5,D,YP,IU,D
9:11:03,ICBP,RG,8375,30,D,YP,IU,D
9:11:02,ICBP,RG,8375,5,D,CC,IU,D
9:10:50,ICBP,RG,8375,3,D,AG,IU,D
9:10:44,ICBP,RG,8375,5,D,KK,IU,D
9:10:41,ICBP,RG,8375,1,D,XC,IU,D
9:10:31,ICBP,RG,8375,2,D,LG,IU,D
9:10:20,ICBP,RG,8375,2,D,GR,IU,D
9:10:15,ICBP,RG,8375,1,D,XC,IU,D
9:10:11,ICBP,RG,8375,3,D,XC,IU,D
9:10:07,ICBP,RG,8375,4,D,YP,IU,D
9:10:04,ICBP,RG,8350,110,F,BK,CC,D
9:10:00,ICBP,RG,8375,6,D,DR,IU,D
9:10:00,ICBP,RG,8375,1,D,YP,IU,D
9:10:00,ICBP,RG,8375,2,D,LS,IU,D
9:10:00,ICBP,RG,8375,2,D,PD,IU,D
9:10:00,ICBP,RG,8375,5,D,DR,IU,D
9:10:00,ICBP,RG,8375,2,D,YB,IU,D
9:10:00,ICBP,RG,8375,5,D,CC,IU,D
9:10:00,ICBP,RG,8375,3,D,XC,IU,D
9:09:58,ICBP,RG,8375,1,D,XC,PD,D
9:09:55,ICBP,RG,8375,2,D,AI,YP,D
9:09:38,ICBP,RG,8375,3,D,YB,XC,D
9:09:38,ICBP,RG,8375,5,D,YB,YP,D
9:09:38,ICBP,RG,8375,12,D,YB,XC,D
9:09:36,ICBP,RG,8375,1,D,YP,XC,D
9:09:36,ICBP,RG,8375,1,D,YB,XC,D
9:09:36,ICBP,RG,8375,1,D,PD,XC,D
9:09:31,ICBP,RG,8375,1,D,XC,XC,D
9:09:31,ICBP,RG,8375,21,D,YP,XC,D
9:09:27,ICBP,RG,8375,6,D,YP,YP,D
9:09:25,ICBP,RG,8375,1,D,YP,PD,D
9:09:24,ICBP,RG,8375,2,D,YP,XA,D
9:09:24,ICBP,RG,8375,12,D,NI,XA,D
9:09:24,ICBP,RG,8375,2,D,AT,XA,D
9:09:24,ICBP,RG,8375,2,D,XC,XA,D
9:09:24,ICBP,RG,8375,2,D,PD,XA,D
9:09:24,ICBP,RG,8375,2,D,NI,XA,D
9:09:24,ICBP,RG,8375,1,D,PD,XA,D
9:09:24,ICBP,RG,8375,1,D,PD,XA,D
9:09:24,ICBP,RG,8375,1,D,PD,XA,D
9:09:24,ICBP,RG,8375,167,F,BK,XA,D
9:09:24,ICBP,RG,8375,28,F,ZP,XA,D
9:09:23,ICBP,RG,8375,2,F,ZP,YP,D
9:09:19,ICBP,RG,8400,9,F,BK,MG,D
9:09:19,ICBP,RG,8400,1,D,PD,MG,D
9:09:15,ICBP,RG,8375,6,F,ZP,XC,D
9:09:15,ICBP,RG,8375,7,F,ZP,XC,D
9:09:11,ICBP,RG,8400,10,D,XC,MG,D
9:09:11,ICBP,RG,8375,1,F,ZP,PD,D
9:09:00,ICBP,RG,8400,11,F,ZP,MG,D
9:08:58,ICBP,RG,8375,1,F,ZP,YP,D
9:08:51,ICBP,RG,8400,1,D,YB,MG,D
9:08:50,ICBP,RG,8375,5,F,ZP,PD,D
9:08:48,ICBP,RG,8375,2,F,ZP,YP,D
9:08:43,ICBP,RG,8375,4,D,CD,XC,D
9:08:36,ICBP,RG,8400,16,F,BK,MG,D
9:08:33,ICBP,RG,8400,15,F,BK,MG,D
9:08:29,ICBP,RG,8400,58,F,BK,MG,D
9:08:29,ICBP,RG,8400,8,D,NI,MG,D
9:08:28,ICBP,RG,8400,16,F,ZP,MG,D
9:08:27,ICBP,RG,8375,50,D,CD,YP,D
9:08:27,ICBP,RG,8375,10,D,CD,PD,D
9:08:27,ICBP,RG,8375,1,D,CD,YP,D
9:08:27,ICBP,RG,8375,10,D,CD,PD,D
9:08:27,ICBP,RG,8375,3,D,CD,AK,D
9:08:27,ICBP,RG,8375,10,D,CD,PD,D
9:08:27,ICBP,RG,8375,25,D,CD,PD,D
9:08:27,ICBP,RG,8375,11,D,CD,EP,D
9:08:27,ICBP,RG,8375,2,D,CD,YP,D
9:08:27,ICBP,RG,8375,1,D,CD,XC,D
9:08:27,ICBP,RG,8375,1,D,CD,PD,D
9:08:27,ICBP,RG,8375,110,D,CD,IU,D
9:08:27,ICBP,RG,8375,10,D,CD,PD,D
9:08:27,ICBP,RG,8375,5,D,CD,YP,D
9:08:27,ICBP,RG,8375,1,D,CD,PD,D
9:08:27,ICBP,RG,8375,5,D,CD,BK,F
9:08:27,ICBP,RG,8375,14,D,CD,BK,F
9:08:27,ICBP,RG,8375,5,D,CD,NI,D
9:08:27,ICBP,RG,8375,22,D,CD,SQ,D
9:08:23,ICBP,RG,8375,1,D,XC,SQ,D
9:08:20,ICBP,RG,8350,10,F,BK,NI,D
9:08:10,ICBP,RG,8375,3,D,XC,SQ,D
9:08:08,ICBP,RG,8375,13,F,BK,SQ,D
9:08:05,ICBP,RG,8375,11,F,BK,SQ,D
9:08:02,ICBP,RG,8375,5,F,ZP,SQ,D
9:08:02,ICBP,RG,8375,10,F,ZP,DH,D
9:08:01,ICBP,RG,8375,9,F,BK,DH,D
9:08:00,ICBP,RG,8375,31,D,YP,DH,D
9:08:00,ICBP,RG,8375,10,D,YP,YP,D
9:08:00,ICBP,RG,8375,9,D,YP,YP,D
9:08:00,ICBP,RG,8375,1,F,ZP,YP,D
9:08:00,ICBP,RG,8375,5,F,ZP,PD,D
9:08:00,ICBP,RG,8375,10,F,ZP,CP,D
9:07:57,ICBP,RG,8350,10,F,BK,XC,D
9:07:56,ICBP,RG,8375,1,D,EP,KK,D
9:07:45,ICBP,RG,8375,6,F,BK,KK,D
9:07:42,ICBP,RG,8375,20,F,ZP,KK,D
9:07:42,ICBP,RG,8375,6,D,YU,KK,D
9:07:35,ICBP,RG,8350,6,F,BK,OD,D
9:07:32,ICBP,RG,8375,1,D,PD,KK,D
9:07:28,ICBP,RG,8350,1,F,BK,YP,D
9:07:23,ICBP,RG,8375,5,F,BK,KK,D
9:07:22,ICBP,RG,8350,30,F,BK,YP,D
9:07:04,ICBP,RG,8375,6,F,BK,KK,D
9:07:00,ICBP,RG,8375,21,F,ZP,KK,D
9:06:53,ICBP,RG,8350,10,F,BK,CC,D
9:06:50,ICBP,RG,8375,11,F,BK,KK,D
9:06:47,ICBP,RG,8350,15,F,BK,NI,D
9:06:43,ICBP,RG,8350,1,F,BK,PD,D
9:06:39,ICBP,RG,8350,20,F,BK,ZP,D
9:06:26,ICBP,RG,8375,13,F,BK,KK,D
9:06:24,ICBP,RG,8350,19,F,BK,BK,F
9:06:24,ICBP,RG,8350,1,F,BK,XC,D
9:06:24,ICBP,RG,8350,14,F,BK,SQ,D
9:06:20,ICBP,RG,8350,35,F,BK,SQ,D
9:06:20,ICBP,RG,8350,5,F,BK,PD,D
9:06:20,ICBP,RG,8350,9,F,BK,CC,D
9:06:18,ICBP,RG,8350,28,F,GW,CC,D
9:06:18,ICBP,RG,8350,3,F,GW,AK,D
9:06:18,ICBP,RG,8350,10,F,GW,PD,D
9:06:18,ICBP,RG,8350,4,F,GW,PD,D
9:06:18,ICBP,RG,8350,13,F,GW,XC,D
9:06:18,ICBP,RG,8350,26,F,GW,PD,D
9:06:18,ICBP,RG,8350,50,F,GW,CC,D
9:06:18,ICBP,RG,8350,4,F,GW,XC,D
9:06:18,ICBP,RG,8350,10,F,GW,PD,D
9:06:18,ICBP,RG,8350,1,F,GW,PD,D
9:06:18,ICBP,RG,8350,5,F,GW,AK,D
9:06:18,ICBP,RG,8350,37,F,GW,PD,D
9:06:18,ICBP,RG,8350,5,F,GW,PD,D
9:06:18,ICBP,RG,8350,1,F,GW,YP,D
9:06:18,ICBP,RG,8350,3,F,GW,DR,D
9:06:17,ICBP,RG,8350,1,D,PD,PD,D
9:06:16,ICBP,RG,8350,12,F,BK,PD,D
9:06:11,ICBP,RG,8350,6,F,BK,PD,D
9:06:11,ICBP,RG,8350,1,F,BK,YP,D
9:06:11,ICBP,RG,8350,1,F,BK,XC,D
9:06:11,ICBP,RG,8350,1,F,BK,PD,D
9:06:11,ICBP,RG,8350,2,F,BK,PD,D
9:06:11,ICBP,RG,8350,2,F,BK,PD,D
9:06:11,ICBP,RG,8350,26,F,BK,CC,D
9:06:11,ICBP,RG,8325,15,F,DX,BK,F
9:06:10,ICBP,RG,8325,200,F,DX,CP,D
9:06:08,ICBP,RG,8350,1,D,YP,CC,D
9:06:03,ICBP,RG,8350,1,D,PD,CC,D
9:06:02,ICBP,RG,8325,20,F,DX,NI,D
9:06:02,ICBP,RG,8350,8,F,BK,CC,D
9:05:59,ICBP,RG,8350,10,D,PD,CC,D
9:05:57,ICBP,RG,8350,4,F,BK,CC,D
9:05:57,ICBP,RG,8350,1,F,BK,PD,D
9:05:57,ICBP,RG,8350,2,F,BK,XC,D
9:05:55,ICBP,RG,8350,3,D,AI,XC,D
9:05:55,ICBP,RG,8350,6,D,AI,PD,D
9:05:55,ICBP,RG,8350,2,D,AI,CC,F
9:05:55,ICBP,RG,8350,4,D,AI,BK,F
9:05:54,ICBP,RG,8350,6,D,YP,BK,F
9:05:52,ICBP,RG,8350,1,D,YP,BK,F
9:05:51,ICBP,RG,8325,4,F,DX,CC,D
9:05:44,ICBP,RG,8350,1,D,PD,BK,F
9:05:41,ICBP,RG,8350,6,F,BK,BK,F
9:05:39,ICBP,RG,8350,16,F,BK,BK,F
9:05:39,ICBP,RG,8350,1,F,BK,YP,D
9:05:39,ICBP,RG,8350,1,F,BK,PD,D
9:05:37,ICBP,RG,8350,39,D,CC,PD,D
9:05:37,ICBP,RG,8350,20,D,CC,PD,D
9:05:37,ICBP,RG,8350,41,D,CC,YP,D
9:05:34,ICBP,RG,8350,6,F,BK,YP,D
9:05:33,ICBP,RG,8350,5,D,XC,YP,D
9:05:33,ICBP,RG,8350,10,D,YP,YP,D
9:05:31,ICBP,RG,8350,10,D,BQ,YP,D
9:05:30,ICBP,RG,8325,2,F,DX,PD,D
9:05:11,ICBP,RG,8350,6,F,BK,YP,D
9:05:11,ICBP,RG,8350,4,D,CC,YP,D
9:05:07,ICBP,RG,8350,10,D,XC,YP,D
9:05:01,ICBP,RG,8350,10,D,OD,YP,D
9:04:53,ICBP,RG,8350,7,F,BK,YP,D
9:04:52,ICBP,RG,8325,1,F,DX,PD,D
9:04:51,ICBP,RG,8350,1,D,NI,YP,D
9:04:49,ICBP,RG,8350,27,F,ZP,YP,D
9:04:48,ICBP,RG,8350,5,D,YP,YP,D
9:04:48,ICBP,RG,8325,2,F,DX,NI,D
9:04:39,ICBP,RG,8350,8,F,BK,YP,D
9:04:39,ICBP,RG,8350,25,D,SQ,YP,D
9:04:18,ICBP,RG,8350,6,F,BK,YP,D
9:04:15,ICBP,RG,8350,10,D,YB,YP,D
9:04:13,ICBP,RG,8350,8,F,BK,YP,D
9:04:13,ICBP,RG,8350,1,D,IF,YP,D
9:04:11,ICBP,RG,8350,17,F,BK,YP,D
9:04:08,ICBP,RG,8350,100,D,PD,YP,D
9:04:07,ICBP,RG,8350,5,F,BK,YP,D
9:04:07,ICBP,RG,8325,1,F,DX,PD,D
9:04:05,ICBP,RG,8350,5,D,CC,YP,D
9:04:02,ICBP,RG,8350,2,D,PD,YP,D
9:03:54,ICBP,RG,8350,6,D,PD,YP,D
9:03:47,ICBP,RG,8325,3,F,DX,NI,D
9:03:42,ICBP,RG,8350,5,D,GR,YP,D
9:03:20,ICBP,RG,8325,2,F,DX,PD,D
9:03:16,ICBP,RG,8350,1,D,DH,YP,D
9:03:16,ICBP,RG,8350,7,F,BK,YP,D
9:03:12,ICBP,RG,8325,13,F,DX,CC,D
9:03:12,ICBP,RG,8325,2,D,CC,CC,D
9:03:12,ICBP,RG,8325,5,F,ZP,CC,D
9:02:47,ICBP,RG,8325,1,F,ZP,PD,D
9:02:28,ICBP,RG,8350,6,F,BK,YP,D
9:02:25,ICBP,RG,8350,2,D,KK,YP,D
9:02:24,ICBP,RG,8325,43,F,ZP,SQ,D
9:02:24,ICBP,RG,8325,7,D,CC,SQ,D
9:02:23,ICBP,RG,8350,6,D,NI,YP,D
9:02:22,ICBP,RG,8325,2,D,CC,PD,D
9:02:17,ICBP,RG,8325,1,D,CC,PD,D
9:02:17,ICBP,RG,8325,2,D,CC,PD,D
9:02:13,ICBP,RG,8350,30,D,YB,YP,D
9:02:09,ICBP,RG,8350,1,D,IF,YP,D
9:02:04,ICBP,RG,8350,6,D,NI,YP,D
9:02:01,ICBP,RG,8350,6,F,BK,YP,D
9:01:57,ICBP,RG,8325,3,D,CC,BK,F
9:01:57,ICBP,RG,8325,1,D,CC,BK,F
9:01:57,ICBP,RG,8325,5,D,PD,BK,F
9:01:57,ICBP,RG,8325,4,D,PD,BK,F
9:01:57,ICBP,RG,8350,1,D,XC,YP,D
9:01:57,ICBP,RG,8325,1,D,PD,SQ,D
9:01:57,ICBP,RG,8325,30,D,CC,SQ,D
9:01:57,ICBP,RG,8325,13,D,PD,SQ,D
9:01:57,ICBP,RG,8325,1,D,PD,SQ,D
9:01:57,ICBP,RG,8325,1,D,XC,SQ,D
9:01:57,ICBP,RG,8325,20,D,ZP,SQ,D
9:01:57,ICBP,RG,8325,4,D,DH,SQ,D
9:01:57,ICBP,RG,8325,1,D,OD,SQ,D
9:01:57,ICBP,RG,8325,1,D,YP,SQ,D
9:01:57,ICBP,RG,8325,1,D,PD,SQ,D
9:01:57,ICBP,RG,8325,10,D,SQ,SQ,D
9:01:57,ICBP,RG,8325,10,D,YP,SQ,D
9:01:57,ICBP,RG,8325,7,D,YP,SQ,D
9:01:57,ICBP,RG,8325,1,D,YP,SQ,D
9:01:57,ICBP,RG,8325,5,D,YP,SQ,D
9:01:57,ICBP,RG,8325,1,D,YP,SQ,D
9:01:57,ICBP,RG,8325,1,D,YP,SQ,D
9:01:57,ICBP,RG,8325,20,D,YP,SQ,D
9:01:57,ICBP,RG,8325,5,D,YP,SQ,D
9:01:57,ICBP,RG,8325,1,D,YP,SQ,D
9:01:57,ICBP,RG,8325,85,F,GW,SQ,D
9:01:57,ICBP,RG,8325,2,D,DR,SQ,D
9:01:57,ICBP,RG,8325,5,D,NI,SQ,D
9:01:57,ICBP,RG,8325,10,D,GR,SQ,D
9:01:57,ICBP,RG,8325,137,F,BK,SQ,D
9:01:57,ICBP,RG,8325,6,D,YB,SQ,D
9:01:57,ICBP,RG,8325,1,D,YB,SQ,D
9:01:57,ICBP,RG,8325,5,D,XA,SQ,D
9:01:57,ICBP,RG,8325,2,D,MG,SQ,D
9:01:57,ICBP,RG,8325,2,D,YP,SQ,D
9:01:57,ICBP,RG,8325,2,D,CC,SQ,D
9:01:57,ICBP,RG,8325,5,D,SQ,SQ,D
9:01:57,ICBP,RG,8325,60,D,PD,SQ,D
9:01:57,ICBP,RG,8325,13,D,KK,SQ,D
9:01:57,ICBP,RG,8325,1,D,XC,SQ,D
9:01:57,ICBP,RG,8325,130,D,AI,SQ,D
9:01:55,ICBP,RG,8350,7,F,BK,YP,D
9:01:52,ICBP,RG,8350,8,F,BK,YP,D
9:01:47,ICBP,RG,8350,50,D,GR,YP,D
9:01:44,ICBP,RG,8325,1,D,AI,PD,D
9:01:42,ICBP,RG,8350,5,F,BK,YP,D
9:01:41,ICBP,RG,8325,1,D,AI,XC,D
9:01:37,ICBP,RG,8350,8,F,BK,YP,D
9:01:34,ICBP,RG,8350,45,F,BK,YP,D
9:01:34,ICBP,RG,8350,100,D,GR,YP,D
9:01:33,ICBP,RG,8350,37,D,PD,YP,D
9:01:33,ICBP,RG,8350,5,D,YP,YP,D
9:01:32,ICBP,RG,8350,50,D,YP,YP,D
9:01:29,ICBP,RG,8350,6,F,BK,YP,D
9:01:25,ICBP,RG,8350,24,F,BK,YP,D
9:01:23,ICBP,RG,8350,50,D,SQ,YP,D
9:01:22,ICBP,RG,8350,5,D,YP,YP,D
9:01:19,ICBP,RG,8350,49,F,BK,YP,D
9:01:17,ICBP,RG,8350,100,D,YP,YP,D
9:01:17,ICBP,RG,8350,2,F,YP,YP,D
9:01:17,ICBP,RG,8350,43,D,YP,YP,D
9:01:17,ICBP,RG,8350,10,D,YP,YP,D
9:01:17,ICBP,RG,8350,1,D,YP,PD,D
9:01:17,ICBP,RG,8350,1,D,YP,YP,D
9:01:17,ICBP,RG,8350,2,D,YP,YP,D
9:01:17,ICBP,RG,8350,3,D,YP,YP,D
9:01:17,ICBP,RG,8350,10,D,YP,YP,D
9:01:17,ICBP,RG,8350,4,D,YP,PD,D
9:01:17,ICBP,RG,8350,6,D,YP,BK,F
9:01:17,ICBP,RG,8350,10,D,YP,PD,D
9:01:17,ICBP,RG,8350,10,D,YP,PD,D
9:01:16,ICBP,RG,8350,1,D,YP,CC,D
9:01:14,ICBP,RG,8325,5,D,AI,YP,D
9:01:14,ICBP,RG,8350,6,F,BK,CC,D
9:01:13,ICBP,RG,8350,1,F,YP,CC,D
9:01:13,ICBP,RG,8325,4,D,AI,PD,D
9:01:11,ICBP,RG,8350,12,D,YP,CC,D
9:01:11,ICBP,RG,8350,20,D,YP,CC,D
9:01:11,ICBP,RG,8350,1,D,YP,CC,D
9:01:05,ICBP,RG,8350,35,D,OD,CC,D
9:01:03,ICBP,RG,8350,10,D,YU,CC,D
9:01:00,ICBP,RG,8350,6,F,BK,CC,D
9:00:53,ICBP,RG,8350,8,D,CC,CC,D
9:00:53,ICBP,RG,8350,2,D,CC,LG,D
9:00:53,ICBP,RG,8350,10,D,CC,AK,F
9:00:53,ICBP,RG,8350,3,D,CC,XC,D
9:00:53,ICBP,RG,8350,7,D,CC,CC,D
9:00:52,ICBP,RG,8350,10,D,KK,CC,D
9:00:52,ICBP,RG,8350,1,F,BK,CC,D
9:00:52,ICBP,RG,8350,19,F,BK,CC,D
9:00:48,ICBP,RG,8325,1,D,AI,PD,D
9:00:47,ICBP,RG,8325,15,D,AI,BK,F
9:00:42,ICBP,RG,8325,15,D,AI,NI,D
9:00:39,ICBP,RG,8350,1,D,PD,CC,D
9:00:36,ICBP,RG,8350,1,D,PD,CC,D
9:00:35,ICBP,RG,8350,1,D,PD,CC,D
9:00:34,ICBP,RG,8325,1,D,AI,ZP,D
9:00:32,ICBP,RG,8350,52,F,BK,CC,D
9:00:32,ICBP,RG,8350,3,F,BK,CC,D
9:00:32,ICBP,RG,8350,11,F,BK,CC,D
9:00:32,ICBP,RG,8350,15,D,CC,CC,D
9:00:32,ICBP,RG,8350,40,D,CC,CC,D
9:00:32,ICBP,RG,8350,20,D,CC,CC,D
9:00:32,ICBP,RG,8350,12,D,CC,PD,D
9:00:32,ICBP,RG,8350,5,D,CC,PD,D
9:00:32,ICBP,RG,8350,1,D,CC,XC,D
9:00:32,ICBP,RG,8350,2,D,CC,DR,D
9:00:32,ICBP,RG,8350,1,D,CC,YP,D
9:00:32,ICBP,RG,8350,4,D,CC,YP,D
9:00:30,ICBP,RG,8325,27,D,AI,AK,F
9:00:30,ICBP,RG,8325,213,F,DX,AK,F
9:00:30,ICBP,RG,8325,16,F,DX,CC,D
9:00:29,ICBP,RG,8325,20,F,DX,ZP,D
9:00:29,ICBP,RG,8350,1,D,CC,YP,D
9:00:29,ICBP,RG,8350,5,D,NI,YP,D
9:00:29,ICBP,RG,8350,1,D,NI,ZP,D
9:00:29,ICBP,RG,8350,3,D,NI,ZP,D
9:00:29,ICBP,RG,8325,20,F,DX,CC,D
9:00:25,ICBP,RG,8325,2,F,DX,NI,D
9:00:24,ICBP,RG,8325,10,F,DX,BK,F
9:00:24,ICBP,RG,8350,5,D,NI,ZP,D
9:00:23,ICBP,RG,8350,13,D,XA,ZP,D
9:00:18,ICBP,RG,8350,5,D,XC,ZP,D
9:00:17,ICBP,RG,8350,1,D,XC,ZP,D
9:00:17,ICBP,RG,8350,1,D,KK,ZP,D
9:00:17,ICBP,RG,8350,5,D,PD,ZP,D
9:00:16,ICBP,RG,8325,40,F,DX,PD,D
9:00:15,ICBP,RG,8325,5,F,DX,PD,D
9:00:15,ICBP,RG,8350,5,D,CC,ZP,D
9:00:14,ICBP,RG,8325,10,F,DX,PD,D
9:00:13,ICBP,RG,8325,1,F,DX,PD,D
9:00:13,ICBP,RG,8350,1,D,CC,ZP,D
9:00:13,ICBP,RG,8325,22,F,DX,AK,D
9:00:12,ICBP,RG,8325,5,F,DX,PD,D
9:00:12,ICBP,RG,8350,4,D,PD,ZP,D
9:00:11,ICBP,RG,8325,20,F,DX,IF,D
9:00:11,ICBP,RG,8325,1,F,DX,PD,D
9:00:11,ICBP,RG,8350,5,D,PD,ZP,D
9:00:10,ICBP,RG,8325,12,F,DX,PD,D
9:00:10,ICBP,RG,8325,1,F,DX,AT,D
9:00:10,ICBP,RG,8325,40,F,DX,SQ,D
9:00:10,ICBP,RG,8325,40,F,DX,DH,D
9:00:10,ICBP,RG,8350,20,D,DH,ZP,D
9:00:09,ICBP,RG,8350,3,D,SQ,ZP,D
9:00:09,ICBP,RG,8350,16,F,BK,ZP,D
9:00:09,ICBP,RG,8325,5,F,DX,XC,D
9:00:09,ICBP,RG,8325,1,F,DX,XC,D
9:00:09,ICBP,RG,8325,4,F,DX,XC,D
9:00:09,ICBP,RG,8325,2,F,DX,XC,D
9:00:09,ICBP,RG,8325,1,F,DX,XC,D
9:00:08,ICBP,RG,8325,21,F,DX,PD,D
9:00:08,ICBP,RG,8325,1,F,DX,PD,D
9:00:07,ICBP,RG,8325,20,F,DX,YP,D
9:00:06,ICBP,RG,8325,8,F,DX,BK,F
9:00:06,ICBP,RG,8350,3,D,XA,ZP,D
9:00:06,ICBP,RG,8350,5,D,YP,ZP,D
9:00:05,ICBP,RG,8350,2,D,AZ,ZP,D
9:00:04,ICBP,RG,8350,1,D,KK,ZP,D
9:00:04,ICBP,RG,8325,250,F,DX,YP,D
9:00:03,ICBP,RG,8350,10,D,DR,ZP,D
9:00:03,ICBP,RG,8350,1,D,YP,ZP,D
9:00:02,ICBP,RG,8325,5,F,DX,CP,D
9:00:02,ICBP,RG,8350,1,D,GR,CP,D
9:00:00,ICBP,RG,8350,4,D,GR,PD,D
9:00:00,ICBP,RG,8325,2,F,DX,YB,D
9:00:00,ICBP,RG,8350,1,D,GR,PD,D
8:55:00,ICBP,RG,8325,5,F,DX,PD,D
8:55:00,ICBP,RG,8325,197,F,DX,AI,D
8:55:00,ICBP,RG,8325,2,D,GR,AI,D
8:55:00,ICBP,RG,8325,1,D,PD,AI,D
8:55:00,ICBP,RG,8325,25,D,PD,AI,D
8:55:00,ICBP,RG,8325,10,D,PD,AI,D
8:55:00,ICBP,RG,8325,15,D,PD,AI,D
8:55:00,ICBP,RG,8325,5,D,SQ,AI,D
8:55:00,ICBP,RG,8325,100,D,YJ,AI,D
8:55:00,ICBP,RG,8325,10,D,PD,AI,D
8:55:00,ICBP,RG,8325,2,D,SQ,AI,D
8:55:00,ICBP,RG,8325,1,D,PD,AI,D
8:55:00,ICBP,RG,8325,12,D,KK,AI,D
8:55:00,ICBP,RG,8325,1,D,KK,AI,D
8:55:00,ICBP,RG,8325,5,D,PD,AI,D
8:55:00,ICBP,RG,8325,5,D,PD,AI,D
8:55:00,ICBP,RG,8325,2,D,DR,AI,D
8:55:00,ICBP,RG,8325,1,D,CC,AI,D
8:55:00,ICBP,RG,8325,5,D,SQ,AI,D
8:55:00,ICBP,RG,8325,5,D,GR,AI,D
8:55:00,ICBP,RG,8325,5,D,YP,AI,D
8:55:00,ICBP,RG,8325,20,D,CC,AI,D
8:55:00,ICBP,RG,8325,8,D,CC,AI,D
8:55:00,ICBP,RG,8325,1,D,KK,AI,D
8:55:00,ICBP,RG,8325,1,D,XC,AI,D
8:55:00,ICBP,RG,8325,1,D,XC,AI,D
8:55:00,ICBP,RG,8325,5,D,YP,AI,D
8:55:00,ICBP,RG,8325,1,D,CC,AI,D
8:55:00,ICBP,RG,8325,1,D,PD,AI,D
8:55:00,ICBP,RG,8325,1,D,KK,AI,D
8:55:00,ICBP,RG,8325,1,D,KK,AI,D
8:55:00,ICBP,RG,8325,5,D,AZ,AI,D
8:55:00,ICBP,RG,8325,1,D,YP,AI,D
8:55:00,ICBP,RG,8325,5,F,KK,AI,D
8:55:00,ICBP,RG,8325,1,D,CC,AI,D
8:55:00,ICBP,RG,8325,1,D,CC,AI,D
8:55:00,ICBP,RG,8325,4,D,PD,AI,D
8:55:00,ICBP,RG,8325,150,D,GR,AI,D
8:55:00,ICBP,RG,8325,3,D,XC,AI,D
8:55:00,ICBP,RG,8325,1,D,XC,AI,D
8:55:00,ICBP,RG,8325,25,D,TP,AI,D
8:55:00,ICBP,RG,8325,1,D,XC,AI,D
8:55:00,ICBP,RG,8325,2,D,PD,AI,D
8:55:00,ICBP,RG,8325,24,D,OD,AI,D
8:55:00,ICBP,RG,8325,6,D,YP,AI,D
8:55:00,ICBP,RG,8325,3,D,CC,AI,D
8:55:00,ICBP,RG,8325,1,D,CC,AI,D
8:55:00,ICBP,RG,8325,12,D,CC,AI,D
8:55:00,ICBP,RG,8325,5,D,DH,AI,D
8:55:00,ICBP,RG,8325,2,D,PD,AI,D
8:55:00,ICBP,RG,8325,1,D,PD,AI,D
8:55:00,ICBP,RG,8325,1,D,PD,AI,D
8:55:00,ICBP,RG,8325,2,D,PD,AI,D
8:55:00,ICBP,RG,8325,1,D,EP,AI,D
8:55:00,ICBP,RG,8325,1,D,PD,AI,D
8:55:00,ICBP,RG,8325,1,D,AT,AI,D
8:55:00,ICBP,RG,8325,3,D,XC,AI,D
8:55:00,ICBP,RG,8325,1,D,XC,AI,D
8:55:00,ICBP,RG,8325,2,D,DH,AI,D
8:55:00,ICBP,RG,8325,1,D,PD,AI,D
8:55:00,ICBP,RG,8325,10,F,GW,AI,D
8:55:00,ICBP,RG,8325,5,F,GW,YP,D
8:55:00,ICBP,RG,8325,2,F,BK,PD,D
8:55:00,ICBP,RG,8325,18,F,BK,KK,D
8:55:00,ICBP,RG,8325,6,F,ZP,KK,D
8:55:00,ICBP,RG,8325,1,F,ZP,AK,F
8:55:00,ICBP,RG,8325,6,F,ZP,BK,F