Time,Stock,Brd,Price,Qty,BT,BC,SC,ST
15:13:34,ICBP,RG,8725,1,D,XL,YP,D
15:08:00,ICBP,RG,8725,10,D,XL,YP,D
15:04:06,ICBP,RG,8725,1,D,AT,YP,D
15:02:24,ICBP,RG,8725,5,D,PD,YP,D
15:02:07,ICBP,RG,8725,1,D,EP,YP,D
15:01:47,ICBP,RG,8725,5,D,YU,YP,D
15:00:00,ICBP,RG,8725,2,D,PD,YP,D
15:00:00,ICBP,RG,8725,1,D,AZ,YP,D
15:00:00,ICBP,RG,8725,14,D,YU,YP,D
15:00:00,ICBP,RG,8725,30,D,KZ,YP,D
15:00:00,ICBP,RG,8725,63,F,AK,YP,D
15:00:00,ICBP,RG,8725,610,D,CC,YP,D
15:00:00,ICBP,RG,8725,5,D,CC,YU,D
15:00:00,ICBP,RG,8725,5,D,CC,EP,D
15:00:00,ICBP,RG,8725,1,D,CC,EP,D
15:00:00,ICBP,RG,8725,35,D,CC,EP,D
15:00:00,ICBP,RG,8725,25,D,CC,PD,D
15:00:00,ICBP,RG,8725,1,D,CC,XC,D
15:00:00,ICBP,RG,8725,5,D,CC,CC,D
15:00:00,ICBP,RG,8725,200,D,CC,NI,D
15:00:00,ICBP,RG,8725,1,D,CC,PD,D
15:00:00,ICBP,RG,8725,1,D,CC,CC,D
15:00:00,ICBP,RG,8725,1,D,CC,PD,D
15:00:00,ICBP,RG,8725,1,D,CC,DX,D
15:00:00,ICBP,RG,8725,4,D,CC,IF,D
15:00:00,ICBP,RG,8725,1,D,CC,AT,D
15:00:00,ICBP,RG,8725,2,D,CC,PD,D
15:00:00,ICBP,RG,8725,9,D,CC,PD,D
15:00:00,ICBP,RG,8725,3,D,CC,YU,D
15:00:00,ICBP,RG,8725,6,D,CC,CC,D
15:00:00,ICBP,RG,8725,5,D,CC,YU,D
15:00:00,ICBP,RG,8725,19,D,CC,YU,F
15:00:00,ICBP,RG,8725,31,D,CC,HD,D
15:00:00,ICBP,RG,8725,12,D,CC,BK,F
15:00:00,ICBP,RG,8725,1,D,CC,AK,F
15:00:00,ICBP,RG,8725,1,D,CC,AK,F
15:00:00,ICBP,RG,8725,13,D,CC,KK,D
15:00:00,ICBP,RG,8725,2,D,CC,AK,F
14:49:40,ICBP,RG,8700,3,D,CC,YU,F
14:49:34,ICBP,RG,8700,18,D,RX,YU,F
14:49:08,ICBP,RG,8700,9,D,RX,YU,F
14:49:07,ICBP,RG,8675,73,D,YP,PD,D
14:49:07,ICBP,RG,8675,84,D,YP,PD,D
14:49:07,ICBP,RG,8675,26,D,YP,PD,D
14:49:07,ICBP,RG,8675,1,D,YP,PD,D
14:49:07,ICBP,RG,8675,31,D,YP,PD,D
14:49:00,ICBP,RG,8675,1,D,YP,AK,D
14:49:00,ICBP,RG,8675,1,D,YP,AK,D
14:48:59,ICBP,RG,8700,1,D,PD,YU,F
14:48:43,ICBP,RG,8700,100,D,YP,YU,F
14:48:42,ICBP,RG,8700,10,D,RX,YU,F
14:48:22,ICBP,RG,8700,1,D,PD,YU,F
14:48:21,ICBP,RG,8675,1,D,YP,PD,D
14:48:20,ICBP,RG,8700,14,D,RX,YU,F
14:48:18,ICBP,RG,8700,1,D,RX,YU,F
14:48:15,ICBP,RG,8675,1,D,YP,AK,F
14:47:43,ICBP,RG,8700,9,D,RX,YU,F
14:47:41,ICBP,RG,8675,3,D,YP,CS,D
14:47:40,ICBP,RG,8675,607,D,YP,YU,D
14:47:40,ICBP,RG,8675,1,D,YP,YU,D
14:47:40,ICBP,RG,8675,92,D,NI,YU,D
14:47:32,ICBP,RG,8675,3,D,NI,CS,D
14:47:32,ICBP,RG,8675,2,D,NI,CS,D
14:47:26,ICBP,RG,8675,4,D,NI,CS,D
14:47:26,ICBP,RG,8675,3,D,NI,CS,D
14:47:18,ICBP,RG,8700,7,D,RX,YU,F
14:47:15,ICBP,RG,8675,3,D,NI,CS,D
14:47:14,ICBP,RG,8675,17,D,NI,LG,D
14:47:00,ICBP,RG,8700,11,D,RX,YU,F
14:46:59,ICBP,RG,8675,8,D,NI,BK,F
14:46:54,ICBP,RG,8700,4,D,PD,YU,F
14:46:54,ICBP,RG,8700,1,D,PD,AK,F
14:46:54,ICBP,RG,8700,10,D,PD,CS,D
14:46:52,ICBP,RG,8675,60,D,NI,GR,D
14:46:31,ICBP,RG,8675,6,D,NI,CS,D
14:46:31,ICBP,RG,8675,2,D,NI,CS,D
14:46:31,ICBP,RG,8675,2,D,EP,CS,D
14:46:31,ICBP,RG,8675,1,D,EP,CS,D
14:46:31,ICBP,RG,8700,2,D,RX,CS,D
14:46:31,ICBP,RG,8700,9,D,RX,YU,D
14:46:22,ICBP,RG,8675,2,D,EP,CS,D
14:46:22,ICBP,RG,8675,1,D,PD,CS,D
14:45:50,ICBP,RG,8700,7,D,RX,YU,D
14:45:43,ICBP,RG,8700,4,D,CC,YU,D
14:45:43,ICBP,RG,8675,5,D,PD,CS,D
14:45:43,ICBP,RG,8675,1,D,XC,CS,D
14:45:43,ICBP,RG,8675,9,D,PD,CS,D
14:45:43,ICBP,RG,8675,1,D,PD,CS,D
14:45:33,ICBP,RG,8700,1,D,KK,YU,D
14:45:29,ICBP,RG,8700,7,D,RX,YU,D
14:45:17,ICBP,RG,8700,5,D,OD,YU,D
14:45:15,ICBP,RG,8700,1,D,AZ,YU,D
14:45:10,ICBP,RG,8700,11,D,RX,YU,D
14:45:04,ICBP,RG,8700,10,D,PD,YU,D
14:45:00,ICBP,RG,8700,8,D,RX,YU,D
14:44:50,ICBP,RG,8675,4,D,SQ,CS,D
14:44:50,ICBP,RG,8675,20,D,YU,CS,D
14:44:48,ICBP,RG,8700,6,D,CC,YU,D
14:44:36,ICBP,RG,8675,5,D,YU,BK,F
14:44:15,ICBP,RG,8675,1,D,YU,XC,D
14:44:10,ICBP,RG,8675,39,D,YU,PD,D
14:44:10,ICBP,RG,8700,7,D,YU,YU,D
14:44:10,ICBP,RG,8700,10,D,RX,YU,D
14:44:00,ICBP,RG,8675,2,D,YU,AK,F
14:43:59,ICBP,RG,8700,31,F,AK,YU,D
14:43:58,ICBP,RG,8700,7,D,YU,YU,D
14:43:46,ICBP,RG,8700,7,D,YU,YU,D
14:43:36,ICBP,RG,8700,9,D,RX,YU,D
14:43:30,ICBP,RG,8700,6,D,YU,YU,D
14:43:28,ICBP,RG,8700,50,D,CC,YU,D
14:43:26,ICBP,RG,8700,5,D,YU,YU,D
14:43:18,ICBP,RG,8675,32,D,YU,CS,D
14:43:05,ICBP,RG,8700,10,D,RX,YU,D
14:43:04,ICBP,RG,8700,5,D,YU,YU,D
14:42:46,ICBP,RG,8700,5,D,YU,YU,D
14:42:33,ICBP,RG,8700,7,D,RX,YU,D
14:42:25,ICBP,RG,8700,5,D,YU,YU,D
14:42:15,ICBP,RG,8675,1,D,YU,AK,D
14:42:15,ICBP,RG,8675,1,D,YU,AK,D
14:42:12,ICBP,RG,8700,10,D,RX,YU,D
14:42:10,ICBP,RG,8700,6,D,RX,YU,D
14:42:05,ICBP,RG,8700,5,D,YU,YU,D
14:41:58,ICBP,RG,8700,5,D,YU,YU,D
14:41:58,ICBP,RG,8700,7,D,RX,YU,D
14:41:38,ICBP,RG,8700,5,D,YU,YU,D
14:41:37,ICBP,RG,8700,10,D,RX,YU,D
14:41:15,ICBP,RG,8700,5,D,YU,YU,D
14:41:14,ICBP,RG,8675,34,D,YU,CS,D
14:41:05,ICBP,RG,8700,8,D,RX,YU,D
14:40:53,ICBP,RG,8700,5,D,YU,YU,D
14:40:52,ICBP,RG,8700,1,D,PD,YU,D
14:40:52,ICBP,RG,8700,1,D,PD,FS,D
14:40:45,ICBP,RG,8700,5,D,YU,FS,D
14:40:19,ICBP,RG,8700,1,D,PD,FS,D
14:40:19,ICBP,RG,8700,5,D,YU,FS,D
14:40:09,ICBP,RG,8675,15,D,YU,GR,D
14:40:09,ICBP,RG,8675,5,D,EP,GR,D
14:39:55,ICBP,RG,8700,7,D,RX,FS,D
14:39:54,ICBP,RG,8700,5,D,YU,FS,D
14:39:38,ICBP,RG,8675,1,D,EP,PD,D
14:39:36,ICBP,RG,8700,5,D,YU,FS,D
14:39:33,ICBP,RG,8700,5,D,DH,FS,D
14:39:20,ICBP,RG,8700,5,D,YU,FS,D
14:39:05,ICBP,RG,8700,5,D,YU,FS,D
14:38:46,ICBP,RG,8675,35,D,EP,CS,D
14:38:45,ICBP,RG,8700,5,D,YU,FS,D
14:38:22,ICBP,RG,8700,5,D,YU,FS,D
14:38:04,ICBP,RG,8700,5,D,YU,FS,D
14:38:03,ICBP,RG,8700,29,D,XA,FS,D
14:37:45,ICBP,RG,8700,5,D,YU,FS,D
14:37:25,ICBP,RG,8700,5,D,YU,FS,D
14:37:20,ICBP,RG,8700,6,D,YU,FS,D
14:37:19,ICBP,RG,8700,1,D,PD,FS,D
14:36:55,ICBP,RG,8700,5,D,YU,FS,D
14:36:54,ICBP,RG,8700,1,D,PD,FS,D
14:36:38,ICBP,RG,8700,5,D,YU,FS,D
14:36:22,ICBP,RG,8700,5,D,YU,FS,D
14:36:21,ICBP,RG,8700,4,D,XC,FS,D
14:36:14,ICBP,RG,8700,1,D,XL,FS,D
14:36:04,ICBP,RG,8700,7,D,YU,FS,D
14:35:47,ICBP,RG,8700,1,D,PD,FS,D
14:35:45,ICBP,RG,8700,8,D,YU,FS,D
14:34:09,ICBP,RG,8700,2,D,YP,FS,D
14:34:04,ICBP,RG,8675,50,D,EP,LG,D
14:33:16,ICBP,RG,8700,100,D,DR,FS,D
14:33:00,ICBP,RG,8700,7,D,YU,FS,D
14:33:00,ICBP,RG,8725,23,D,RX,FS,D
14:33:00,ICBP,RG,8725,8,D,YU,FS,D
14:33:00,ICBP,RG,8725,8,D,YU,FS,D
14:33:00,ICBP,RG,8725,4,D,YU,FS,D
14:33:00,ICBP,RG,8725,6,D,YU,FS,D
14:33:00,ICBP,RG,8725,8,D,YU,FS,D
14:33:00,ICBP,RG,8725,4,D,YU,FS,D
14:33:00,ICBP,RG,8725,3,D,YU,FS,D
14:33:00,ICBP,RG,8725,4,D,YU,FS,D
14:33:00,ICBP,RG,8725,181,D,IF,FS,D
14:32:51,ICBP,RG,8750,14,D,RX,EP,D
14:32:46,ICBP,RG,8725,3,D,IF,CS,D
14:32:45,ICBP,RG,8725,1,D,IF,CS,D
14:32:45,ICBP,RG,8725,18,D,IF,CS,D
14:32:45,ICBP,RG,8725,10,D,IF,BK,F
14:32:45,ICBP,RG,8725,1,D,IF,PD,D
14:32:45,ICBP,RG,8725,119,D,IF,CC,D
14:32:45,ICBP,RG,8725,137,D,IF,BK,F
14:32:45,ICBP,RG,8725,5,D,IF,YP,D
14:32:45,ICBP,RG,8725,16,D,IF,PD,D
14:32:45,ICBP,RG,8725,43,D,IF,PD,D
14:32:45,ICBP,RG,8725,300,D,IF,YU,D
14:32:45,ICBP,RG,8725,500,D,IF,CC,D
14:32:45,ICBP,RG,8725,100,D,IF,SQ,D
14:32:45,ICBP,RG,8725,18,D,IF,PD,D
14:32:45,ICBP,RG,8725,51,D,IF,PD,D
14:32:45,ICBP,RG,8725,1,D,IF,AT,D
14:32:45,ICBP,RG,8725,1,D,IF,YP,D
14:32:45,ICBP,RG,8725,1,D,IF,YP,D
14:32:45,ICBP,RG,8700,2,D,IF,PD,D
14:32:45,ICBP,RG,8700,13,D,IF,XL,D
14:32:45,ICBP,RG,8700,27,D,IF,PD,D
14:32:45,ICBP,RG,8700,72,D,IF,PD,D
14:32:45,ICBP,RG,8700,10,D,IF,CS,D
14:32:45,ICBP,RG,8700,300,D,IF,YU,D
14:32:45,ICBP,RG,8700,2,D,IF,LG,D
14:32:45,ICBP,RG,8700,1,D,IF,AK,F
14:32:45,ICBP,RG,8700,3,D,IF,AT,D
14:32:45,ICBP,RG,8700,18,D,IF,CS,D
14:32:45,ICBP,RG,8700,3,D,IF,PD,D
14:32:45,ICBP,RG,8700,26,D,IF,PD,D
14:32:45,ICBP,RG,8700,17,D,IF,PD,D
14:32:11,ICBP,RG,8700,14,D,YU,PD,D
14:32:02,ICBP,RG,8700,7,D,RX,PD,D
14:31:24,ICBP,RG,8700,15,D,YU,PD,D
14:31:12,ICBP,RG,8700,7,D,RX,PD,D
14:31:03,ICBP,RG,8700,13,D,CC,PD,D
14:31:03,ICBP,RG,8700,137,D,CC,YU,D
14:30:25,ICBP,RG,8700,9,D,RX,YU,D
14:30:17,ICBP,RG,8700,1,D,YP,YU,D
14:29:34,ICBP,RG,8675,1,D,EP,DR,D
14:29:10,ICBP,RG,8700,8,D,RX,YU,D
14:28:39,ICBP,RG,8700,17,D,NI,YU,D
14:27:59,ICBP,RG,8700,8,D,RX,YU,D
14:27:40,ICBP,RG,8700,120,D,CC,YU,D
14:27:34,ICBP,RG,8700,130,D,CC,YU,D
14:27:26,ICBP,RG,8700,170,D,CC,YU,D
14:27:23,ICBP,RG,8700,30,D,CC,CC,D
14:27:16,ICBP,RG,8700,63,F,AK,CC,D
14:27:16,ICBP,RG,8700,107,D,IF,CC,D
14:27:16,ICBP,RG,8700,10,D,IF,SQ,D
14:27:16,ICBP,RG,8700,4,D,IF,XC,D
14:27:16,ICBP,RG,8700,1,D,IF,AK,D
14:27:16,ICBP,RG,8700,100,D,IF,CC,D
14:27:16,ICBP,RG,8700,19,D,IF,CS,D
14:27:16,ICBP,RG,8700,1,D,IF,AK,F
14:27:16,ICBP,RG,8700,1,D,IF,AK,F
14:27:16,ICBP,RG,8700,283,D,IF,YU,F
14:27:16,ICBP,RG,8700,10,D,IF,BK,F
14:27:16,ICBP,RG,8700,16,D,IF,CS,D
14:27:16,ICBP,RG,8700,8,D,IF,CS,D
14:27:16,ICBP,RG,8700,100,D,IF,CC,D
14:27:16,ICBP,RG,8700,65,D,IF,CC,D
14:26:46,ICBP,RG,8700,1,D,CC,CC,D
14:26:32,ICBP,RG,8675,8,D,EP,PD,D
14:26:32,ICBP,RG,8675,1,D,XC,PD,D
14:26:23,ICBP,RG,8700,1,D,SQ,CC,D
14:23:57,ICBP,RG,8700,1,D,XC,CC,D
14:22:54,ICBP,RG,8700,1,D,XC,CC,D
14:22:53,ICBP,RG,8675,1,D,XC,XC,D
14:22:41,ICBP,RG,8700,2,D,CC,CC,D
14:22:30,ICBP,RG,8700,3,D,YU,CC,D
14:22:30,ICBP,RG,8700,8,D,YU,CC,D
14:22:30,ICBP,RG,8700,18,D,CC,CC,D
14:22:18,ICBP,RG,8700,2,D,CC,HP,D
14:21:44,ICBP,RG,8700,230,D,CC,XC,D
14:21:15,ICBP,RG,8700,7,F,AK,CS,D
14:21:15,ICBP,RG,8700,14,F,AK,CS,D
14:21:14,ICBP,RG,8700,22,F,AK,YU,D
14:21:13,ICBP,RG,8700,5,D,YU,YU,D
14:21:10,ICBP,RG,8700,3,D,YU,AK,F
14:21:10,ICBP,RG,8700,2,D,YU,AK,F
14:21:10,ICBP,RG,8700,86,D,CC,AK,F
14:20:36,ICBP,RG,8700,1,D,CC,AK,D
14:20:08,ICBP,RG,8700,113,D,CC,YU,D
14:20:08,ICBP,RG,8700,11,D,YU,YU,D
14:20:08,ICBP,RG,8700,42,D,RX,YU,D
14:20:08,ICBP,RG,8700,2,D,YU,YU,D
14:20:08,ICBP,RG,8700,6,D,YU,YU,D
14:20:08,ICBP,RG,8700,26,D,IF,YU,D
14:19:56,ICBP,RG,8700,580,D,IF,YU,D
14:19:45,ICBP,RG,8700,500,D,IF,YU,D
14:19:33,ICBP,RG,8700,1000,D,IF,YU,D
14:19:25,ICBP,RG,8700,4,D,IF,XL,D
14:19:02,ICBP,RG,8700,3,D,IF,PD,D
14:18:57,ICBP,RG,8700,350,D,IF,CC,D
14:18:57,ICBP,RG,8700,1,D,IF,AK,D
14:18:57,ICBP,RG,8700,150,D,IF,CC,D
14:18:57,ICBP,RG,8700,25,D,IF,DH,D
14:18:57,ICBP,RG,8700,26,D,IF,PD,D
14:18:57,ICBP,RG,8700,73,D,IF,PD,D
14:18:57,ICBP,RG,8700,6,D,IF,NI,D
14:18:57,ICBP,RG,8700,1,D,IF,AK,F
14:18:57,ICBP,RG,8700,1,D,IF,AK,F
14:18:57,ICBP,RG,8700,2,D,IF,KK,D
14:18:57,ICBP,RG,8700,2,D,IF,KK,D
14:18:57,ICBP,RG,8700,1,D,IF,CC,D
14:18:57,ICBP,RG,8700,209,D,IF,YU,F
14:18:57,ICBP,RG,8675,2,D,IF,PD,D
14:18:57,ICBP,RG,8675,38,D,IF,YU,D
14:18:37,ICBP,RG,8675,1,D,PD,YU,D
14:18:25,ICBP,RG,8675,1,D,PD,YU,D
14:18:07,ICBP,RG,8675,2,D,PD,YU,D
14:18:02,ICBP,RG,8675,50,D,YU,YU,D
14:17:59,ICBP,RG,8675,200,D,CC,YU,D
14:17:59,ICBP,RG,8675,3,D,YU,YU,D
14:17:59,ICBP,RG,8675,2,D,YU,YU,D
14:17:59,ICBP,RG,8675,14,D,YU,YU,D
14:17:59,ICBP,RG,8675,9,D,CC,YU,D
14:17:56,ICBP,RG,8675,70,D,CC,YU,D
14:17:55,ICBP,RG,8675,121,D,CC,YU,D
14:17:55,ICBP,RG,8675,79,D,CC,YU,D
14:17:49,ICBP,RG,8675,14,D,CC,CS,D
14:17:49,ICBP,RG,8675,9,D,CC,BK,F
14:17:49,ICBP,RG,8675,1,D,CC,CS,D
14:17:49,ICBP,RG,8675,7,D,CC,CS,D
14:17:49,ICBP,RG,8675,2,D,CC,CS,D
14:17:49,ICBP,RG,8675,1,D,CC,CS,D
14:17:49,ICBP,RG,8675,13,D,CC,CS,D
14:17:49,ICBP,RG,8675,2,D,CC,CS,D
14:17:49,ICBP,RG,8675,172,D,CC,YU,D
14:17:40,ICBP,RG,8675,128,D,CC,YU,D
14:17:35,ICBP,RG,8675,4,D,CC,YU,D
14:17:35,ICBP,RG,8675,136,D,CC,YU,D
14:17:28,ICBP,RG,8675,50,D,CC,YU,D
14:17:22,ICBP,RG,8675,2,D,CC,CS,D
14:17:22,ICBP,RG,8675,1,D,CC,CS,D
14:17:22,ICBP,RG,8675,2,D,CC,CS,D
14:17:22,ICBP,RG,8675,2,D,CC,CS,D
14:17:22,ICBP,RG,8675,1,D,CC,CS,D
14:17:21,ICBP,RG,8675,3,D,CC,CS,D
14:17:21,ICBP,RG,8675,3,D,CC,YB,D
14:16:47,ICBP,RG,8675,6,D,XC,YB,D
14:16:40,ICBP,RG,8675,1,D,CC,YB,D
14:15:57,ICBP,RG,8675,3,D,YU,YU,D
14:15:57,ICBP,RG,8675,4,D,EP,YU,D
14:15:57,ICBP,RG,8675,2,D,YU,YU,D
14:15:57,ICBP,RG,8675,1,D,YP,YU,D
14:15:57,ICBP,RG,8675,1,D,YP,CS,D
14:15:46,ICBP,RG,8675,1,D,YP,CS,D
14:15:35,ICBP,RG,8675,1,D,YP,CS,D
14:15:28,ICBP,RG,8675,1,D,YP,CS,D
14:15:28,ICBP,RG,8675,3,D,YU,YU,D
14:15:24,ICBP,RG,8675,5,D,YU,YU,D
14:15:21,ICBP,RG,8675,1,D,YU,CS,D
14:15:20,ICBP,RG,8675,2,D,PD,YU,D
14:15:13,ICBP,RG,8675,3,D,PD,CS,D
14:15:01,ICBP,RG,8675,1,D,XC,AK,D
14:14:40,ICBP,RG,8675,1,D,YP,CS,D
14:14:31,ICBP,RG,8675,1,D,AT,CS,D
14:14:25,ICBP,RG,8675,1,D,AT,CS,D
14:14:25,ICBP,RG,8675,1,D,AT,KK,D
14:14:25,ICBP,RG,8675,7,D,YU,KK,D
14:14:25,ICBP,RG,8675,5,D,XC,KK,D
14:14:25,ICBP,RG,8675,2,D,GR,KK,D
14:14:25,ICBP,RG,8675,3,D,YU,KK,D
14:14:25,ICBP,RG,8675,12,D,RX,KK,D
14:14:10,ICBP,RG,8675,2,D,RX,CS,D
14:13:59,ICBP,RG,8675,1,D,RX,CS,D
14:13:48,ICBP,RG,8675,2,D,RX,CS,D
14:13:29,ICBP,RG,8675,2,D,RX,CS,D
14:13:06,ICBP,RG,8675,14,D,RX,YJ,F
14:13:06,ICBP,RG,8675,1,D,XC,YJ,F
14:13:05,ICBP,RG,8675,2,D,YU,CS,D
14:13:04,ICBP,RG,8675,16,D,YU,CC,F
14:13:04,ICBP,RG,8675,2,D,YP,CC,F
14:13:04,ICBP,RG,8675,2,D,YU,CC,F
14:13:04,ICBP,RG,8675,6,D,YU,CC,F
14:13:04,ICBP,RG,8675,3,D,CC,CC,F
14:13:04,ICBP,RG,8675,1,D,PD,CC,F
14:13:04,ICBP,RG,8675,10,D,CC,CC,F
14:13:04,ICBP,RG,8675,1,D,DR,CC,F
14:13:04,ICBP,RG,8675,139,D,YU,CC,F
14:11:45,ICBP,RG,8675,1,D,YU,AK,F
14:11:26,ICBP,RG,8675,1,D,YU,CS,D
14:11:26,ICBP,RG,8675,9,D,YU,CS,D
14:11:26,ICBP,RG,8675,1,D,YU,PD,D
14:11:26,ICBP,RG,8675,16,D,YU,PD,D
14:11:26,ICBP,RG,8675,43,D,YU,PD,D
14:11:26,ICBP,RG,8675,4,D,YU,KK,D
14:11:26,ICBP,RG,8675,10,D,YU,BK,F
14:11:26,ICBP,RG,8675,6,D,YU,CS,D
14:11:26,ICBP,RG,8675,8,D,YU,CS,D
14:11:26,ICBP,RG,8675,2,D,YU,CS,D
14:11:26,ICBP,RG,8675,80,D,YU,ZP,D
14:11:23,ICBP,RG,8675,1,D,KK,ZP,D
14:10:41,ICBP,RG,8650,5,D,YU,KK,D
14:10:10,ICBP,RG,8675,1,D,YP,ZP,D
14:09:16,ICBP,RG,8675,48,F,AK,ZP,D
14:09:15,ICBP,RG,8675,1,D,YP,ZP,D
14:09:15,ICBP,RG,8675,6,D,XC,ZP,D
14:09:15,ICBP,RG,8675,3,D,YU,ZP,D
14:09:15,ICBP,RG,8675,1,D,CC,ZP,D
14:09:15,ICBP,RG,8675,1,D,PD,ZP,D
14:09:15,ICBP,RG,8675,9,D,YU,ZP,D
14:09:15,ICBP,RG,8675,100,D,SQ,ZP,D
14:09:15,ICBP,RG,8675,2,D,PD,ZP,D
14:09:15,ICBP,RG,8675,1,D,AZ,ZP,D
14:09:15,ICBP,RG,8675,10,D,YU,ZP,D
14:09:15,ICBP,RG,8675,10,D,KK,ZP,D
14:09:15,ICBP,RG,8675,1,D,PD,ZP,D
14:09:15,ICBP,RG,8675,40,D,RX,ZP,D
14:09:15,ICBP,RG,8675,9,D,YU,ZP,D
14:09:15,ICBP,RG,8675,1,D,XC,ZP,D
14:09:15,ICBP,RG,8675,1,D,CC,ZP,D
14:09:15,ICBP,RG,8675,1,D,KK,ZP,D
14:09:15,ICBP,RG,8675,10,D,NI,ZP,D
14:09:15,ICBP,RG,8675,2,D,KK,ZP,D
14:09:15,ICBP,RG,8675,161,D,CC,ZP,D
14:09:00,ICBP,RG,8675,139,D,CC,CC,D
14:09:00,ICBP,RG,8675,9,D,YU,CC,D
14:09:00,ICBP,RG,8675,10,D,PD,CC,D
14:09:00,ICBP,RG,8675,5,D,PD,CC,D
14:09:00,ICBP,RG,8675,1,D,NI,CC,D
14:09:00,ICBP,RG,8675,3,D,CC,CC,D
14:09:00,ICBP,RG,8675,1,D,PD,CC,D
14:09:00,ICBP,RG,8675,2,D,CC,CC,D
14:09:00,ICBP,RG,8675,2,D,YP,CC,D
14:09:00,ICBP,RG,8675,1,D,NI,CC,D
14:09:00,ICBP,RG,8675,1,D,PD,CC,D
14:09:00,ICBP,RG,8675,2,D,NI,CC,D
14:09:00,ICBP,RG,8675,10,D,PD,CC,D
14:09:00,ICBP,RG,8675,1,D,NI,CC,D
14:09:00,ICBP,RG,8675,1,D,DH,CC,D
14:09:00,ICBP,RG,8675,25,D,CC,CC,D
14:08:48,ICBP,RG,8675,2,D,CC,CC,D
14:08:41,ICBP,RG,8675,24,D,CC,CS,D
14:07:01,ICBP,RG,8675,2,D,CC,NI,D
14:07:00,ICBP,RG,8675,4,D,CC,XC,D
14:05:50,ICBP,RG,8675,43,D,CC,CC,D
14:05:50,ICBP,RG,8675,13,D,YU,CC,D
14:05:21,ICBP,RG,8700,1,D,PD,YU,F
14:05:06,ICBP,RG,8675,1,D,YU,PD,D
14:04:46,ICBP,RG,8675,5,D,YU,CS,D
14:04:46,ICBP,RG,8675,2,D,NI,CS,D
14:04:34,ICBP,RG,8675,3,D,YU,CC,D
14:04:03,ICBP,RG,8675,2,D,YU,YP,D
14:03:39,ICBP,RG,8675,3,D,YU,PD,D
14:03:36,ICBP,RG,8675,4,D,YU,CS,D
14:03:36,ICBP,RG,8675,5,D,PD,CS,D
14:03:35,ICBP,RG,8675,5,D,PD,PD,D
14:03:35,ICBP,RG,8675,1,D,XL,PD,D
14:03:35,ICBP,RG,8675,15,D,YU,PD,D
14:03:35,ICBP,RG,8675,1,D,PD,PD,D
14:03:35,ICBP,RG,8675,2,D,DX,PD,D
14:03:35,ICBP,RG,8675,2,D,CC,PD,D
14:03:35,ICBP,RG,8675,1,D,CC,PD,D
14:03:35,ICBP,RG,8675,18,D,YU,PD,D
14:03:35,ICBP,RG,8675,1,D,PD,PD,D
14:03:35,ICBP,RG,8675,16,D,YU,PD,D
14:03:35,ICBP,RG,8675,1,D,KK,PD,D
14:03:35,ICBP,RG,8675,2,D,YU,PD,D
14:03:35,ICBP,RG,8675,25,D,SQ,PD,D
14:03:35,ICBP,RG,8675,2,D,XC,PD,D
14:03:35,ICBP,RG,8675,1,D,PD,PD,D
14:03:35,ICBP,RG,8675,1,D,PD,PD,D
14:03:35,ICBP,RG,8675,5,D,PD,PD,D
14:02:52,ICBP,RG,8675,1,D,PD,XC,D
14:02:41,ICBP,RG,8700,14,D,YU,YU,F
14:02:31,ICBP,RG,8675,44,D,PD,DR,D
14:02:31,ICBP,RG,8675,50,D,PD,DR,D
14:02:31,ICBP,RG,8675,2,D,PD,DR,D
14:02:31,ICBP,RG,8675,100,D,EP,DR,D
14:02:31,ICBP,RG,8675,1,D,XL,DR,D
14:02:31,ICBP,RG,8675,2,D,KK,DR,D
14:02:31,ICBP,RG,8675,20,D,DR,DR,D
14:02:31,ICBP,RG,8675,4,D,DH,DR,D
14:02:13,ICBP,RG,8675,2,D,DH,CS,D
14:02:13,ICBP,RG,8675,1,D,XC,CS,D
14:02:13,ICBP,RG,8675,5,D,YP,CS,D
14:02:13,ICBP,RG,8675,5,D,GR,CS,D
14:02:13,ICBP,RG,8675,7,D,XL,CS,D
14:01:54,ICBP,RG,8675,11,D,XL,IF,D
14:01:54,ICBP,RG,8675,1,D,DR,IF,D
14:01:54,ICBP,RG,8675,1,D,KK,IF,D
14:01:54,ICBP,RG,8675,1,D,SQ,IF,D
14:01:54,ICBP,RG,8675,5,D,XA,IF,D
14:01:54,ICBP,RG,8675,25,D,NI,IF,D
14:01:54,ICBP,RG,8675,1,D,CC,IF,D
14:01:54,ICBP,RG,8675,1,D,PD,IF,D
14:01:54,ICBP,RG,8675,1,D,YP,IF,D
14:01:54,ICBP,RG,8675,2,D,PD,IF,D
14:01:54,ICBP,RG,8675,2,D,SQ,IF,D
14:01:54,ICBP,RG,8675,2,D,DH,IF,D
14:01:54,ICBP,RG,8675,6,D,OD,IF,D
14:01:46,ICBP,RG,8700,10,D,PD,YU,F
14:00:59,ICBP,RG,8700,1,D,YP,YU,F
14:00:58,ICBP,RG,8700,14,D,YU,YU,F
14:00:57,ICBP,RG,8700,1,D,XC,YU,F
14:00:34,ICBP,RG,8700,6,D,CC,YU,F
14:00:34,ICBP,RG,8700,10,D,CC,PD,D
14:00:34,ICBP,RG,8700,29,D,CC,PD,D
14:00:34,ICBP,RG,8700,5,D,CC,YU,D
14:00:28,ICBP,RG,8700,56,D,CC,YU,D
14:00:28,ICBP,RG,8700,15,D,CC,PD,D
14:00:28,ICBP,RG,8700,1,D,CC,AK,D
14:00:28,ICBP,RG,8700,1,D,CC,AK,F
14:00:28,ICBP,RG,8700,27,D,CC,YU,D
14:00:24,ICBP,RG,8700,150,D,CC,YU,D
14:00:16,ICBP,RG,8700,23,D,CC,YU,D
14:00:16,ICBP,RG,8700,19,D,CC,YU,D
14:00:16,ICBP,RG,8700,9,D,CC,BK,F
14:00:16,ICBP,RG,8700,79,D,CC,ZP,D
14:00:13,ICBP,RG,8700,100,D,CC,ZP,D
13:59:09,ICBP,RG,8675,14,D,OD,CS,D
13:57:43,ICBP,RG,8700,20,D,XC,ZP,D
13:57:26,ICBP,RG,8700,13,D,PD,ZP,D
13:57:09,ICBP,RG,8700,1,D,NI,ZP,D
13:56:53,ICBP,RG,8700,1,D,DH,ZP,D
13:56:44,ICBP,RG,8700,1,D,DX,ZP,D
13:56:35,ICBP,RG,8700,1,D,YP,ZP,D
13:56:30,ICBP,RG,8700,1,D,YP,ZP,D
13:55:06,ICBP,RG,8700,1,D,XC,ZP,D
13:55:04,ICBP,RG,8700,1,D,AZ,ZP,D
13:54:56,ICBP,RG,8700,30,D,XC,ZP,D
13:54:35,ICBP,RG,8700,1,D,YP,ZP,D
13:53:27,ICBP,RG,8700,11,F,AK,YU,D
13:53:26,ICBP,RG,8700,1,D,XC,YU,D
13:53:26,ICBP,RG,8700,1,D,XC,YU,D
13:53:26,ICBP,RG,8700,10,D,YP,YU,D
13:53:26,ICBP,RG,8700,8,D,YU,YU,D
13:53:26,ICBP,RG,8700,50,D,OD,YU,D
13:53:26,ICBP,RG,8700,2,D,PD,YU,D
13:53:26,ICBP,RG,8700,10,D,AG,YU,D
13:53:26,ICBP,RG,8700,1,D,XC,YU,D
13:53:26,ICBP,RG,8700,1,D,YP,YU,D
13:53:26,ICBP,RG,8700,5,D,CC,YU,D
13:53:26,ICBP,RG,8700,9,D,YU,YU,D
13:53:26,ICBP,RG,8700,6,D,YU,YU,D
13:53:26,ICBP,RG,8700,3,D,YU,YU,D
13:53:26,ICBP,RG,8700,2,D,YU,YU,D
13:53:26,ICBP,RG,8700,54,D,YU,YU,D
13:53:26,ICBP,RG,8700,77,D,RX,YU,D
13:53:26,ICBP,RG,8700,749,D,IF,YU,D
13:53:18,ICBP,RG,8725,1,D,XC,ZP,D
13:53:16,ICBP,RG,8725,14,D,YU,ZP,D
13:53:00,ICBP,RG,8700,137,D,IF,YU,D
13:52:20,ICBP,RG,8700,30,D,IF,DX,D
13:52:20,ICBP,RG,8725,16,D,YU,ZP,D
13:51:00,ICBP,RG,8725,14,D,YU,ZP,D
13:51:00,ICBP,RG,8700,106,D,IF,YU,D
13:49:59,ICBP,RG,8725,14,D,YU,ZP,D
13:49:43,ICBP,RG,8725,17,D,CC,ZP,D
13:49:43,ICBP,RG,8725,3,D,CC,YU,D
13:49:39,ICBP,RG,8725,50,D,CC,YU,D
13:49:30,ICBP,RG,8700,6,D,IF,LG,D
13:49:00,ICBP,RG,8700,81,D,IF,YU,D
13:48:59,ICBP,RG,8725,14,D,YU,YU,D
13:47:59,ICBP,RG,8725,14,D,YU,YU,D
13:46:59,ICBP,RG,8725,16,D,YU,YU,D
13:46:58,ICBP,RG,8725,3,D,RX,YU,D
13:46:58,ICBP,RG,8725,107,D,RX,YU,D
13:45:45,ICBP,RG,8725,14,D,YU,YU,D
13:45:31,ICBP,RG,8725,1,D,PD,YU,D
13:45:19,ICBP,RG,8700,29,D,IF,YU,D
13:45:19,ICBP,RG,8700,60,D,IF,YU,D
13:45:19,ICBP,RG,8700,29,D,IF,YU,D
13:45:19,ICBP,RG,8700,4,D,IF,NI,D
13:45:19,ICBP,RG,8700,30,D,IF,YU,D
13:45:19,ICBP,RG,8700,76,D,IF,YU,D
13:45:19,ICBP,RG,8700,16,D,IF,PD,D
13:45:19,ICBP,RG,8700,43,D,IF,PD,D
13:45:19,ICBP,RG,8700,79,D,IF,YU,D
13:45:19,ICBP,RG,8700,1,D,IF,AK,F
13:45:19,ICBP,RG,8700,93,D,IF,YU,D
13:45:19,ICBP,RG,8700,15,D,IF,PD,D
13:45:19,ICBP,RG,8700,44,D,IF,PD,D
13:45:19,ICBP,RG,8700,62,D,IF,YU,D
13:45:19,ICBP,RG,8700,27,D,IF,YU,D
13:45:19,ICBP,RG,8700,19,D,IF,YU,D
13:45:19,ICBP,RG,8700,10,D,IF,NI,D
13:45:19,ICBP,RG,8700,10,D,IF,YU,D
13:45:19,ICBP,RG,8700,14,D,IF,YU,D
13:45:19,ICBP,RG,8700,1,D,IF,XC,D
13:45:19,ICBP,RG,8700,35,D,IF,YU,D
13:45:19,ICBP,RG,8700,1,D,IF,AK,D
13:45:19,ICBP,RG,8700,1,D,IF,AK,F
13:45:19,ICBP,RG,8700,10,D,IF,BK,F
13:45:19,ICBP,RG,8700,61,D,IF,YU,D
13:45:19,ICBP,RG,8700,25,D,IF,YU,D
13:45:19,ICBP,RG,8700,69,D,IF,YU,D
13:45:19,ICBP,RG,8700,27,D,IF,YU,D
13:45:00,ICBP,RG,8675,13,D,OD,PD,D
13:45:00,ICBP,RG,8675,36,D,OD,PD,D
13:44:59,ICBP,RG,8700,1,D,XC,YU,D
13:44:33,ICBP,RG,8700,13,D,YU,YU,D
13:43:23,ICBP,RG,8700,13,D,YU,YU,D
13:43:23,ICBP,RG,8675,1,D,OD,GR,D
13:43:10,ICBP,RG,8675,1,D,OD,CC,D
13:42:53,ICBP,RG,8675,8,D,OD,PD,D
13:42:53,ICBP,RG,8675,21,D,OD,PD,D
13:42:11,ICBP,RG,8675,3,D,XC,PD,D
13:42:11,ICBP,RG,8675,2,D,XL,PD,D
13:42:11,ICBP,RG,8675,1,D,PD,PD,D
13:42:11,ICBP,RG,8675,5,D,CC,PD,D
13:42:11,ICBP,RG,8675,3,D,XC,PD,D
13:42:11,ICBP,RG,8675,1,D,CC,PD,D
13:42:11,ICBP,RG,8675,10,D,YP,PD,D
13:42:11,ICBP,RG,8675,1,D,PD,PD,D
13:42:11,ICBP,RG,8675,4,D,PD,PD,D
13:42:11,ICBP,RG,8675,1,D,PD,PD,D
13:42:11,ICBP,RG,8675,1,D,CC,PD,D
13:42:11,ICBP,RG,8675,1,D,XC,PD,D
13:42:11,ICBP,RG,8675,1,D,PD,PD,D
13:42:11,ICBP,RG,8675,65,D,LG,PD,D
13:42:09,ICBP,RG,8675,1,D,LG,CC,D
13:42:09,ICBP,RG,8700,14,D,YU,YU,D
13:42:08,ICBP,RG,8675,134,D,LG,ZP,D
13:42:08,ICBP,RG,8675,3,D,CC,ZP,D
13:42:08,ICBP,RG,8675,3,D,YP,ZP,D
13:42:08,ICBP,RG,8675,25,D,YP,ZP,D
13:42:08,ICBP,RG,8675,1,D,YP,ZP,D
13:42:08,ICBP,RG,8675,1,D,YP,ZP,D
13:42:08,ICBP,RG,8675,4,D,PD,ZP,D
13:42:08,ICBP,RG,8675,10,D,DH,ZP,D
13:42:08,ICBP,RG,8675,1,D,GR,ZP,D
13:42:08,ICBP,RG,8675,10,D,CP,ZP,D
13:42:08,ICBP,RG,8675,2,D,YP,ZP,D
13:42:08,ICBP,RG,8675,2,D,PD,ZP,D
13:42:08,ICBP,RG,8675,1,D,PD,ZP,D
13:42:08,ICBP,RG,8675,2,D,KK,ZP,D
13:42:08,ICBP,RG,8675,1,D,KK,ZP,D
13:42:08,ICBP,RG,8675,2,D,SQ,ZP,D
13:42:08,ICBP,RG,8675,3,D,CC,ZP,D
13:42:08,ICBP,RG,8675,3,D,NI,ZP,D
13:42:08,ICBP,RG,8675,1,D,YP,ZP,D
13:42:08,ICBP,RG,8675,3,D,XC,ZP,D
13:42:08,ICBP,RG,8675,1,D,XC,ZP,D
13:42:08,ICBP,RG,8675,1,D,PD,ZP,D
13:42:08,ICBP,RG,8675,5,D,SQ,ZP,D
13:42:08,ICBP,RG,8675,5,D,YP,ZP,D
13:42:08,ICBP,RG,8675,2,D,TP,ZP,D
13:42:08,ICBP,RG,8675,1,D,DH,ZP,D
13:42:08,ICBP,RG,8675,1,D,OD,ZP,D
13:42:08,ICBP,RG,8675,3,D,XC,ZP,D
13:42:08,ICBP,RG,8675,3,D,YP,ZP,D
13:42:08,ICBP,RG,8675,1,D,KK,ZP,D
13:42:08,ICBP,RG,8675,1,D,NI,ZP,D
13:42:08,ICBP,RG,8675,1,D,YP,ZP,D
13:42:08,ICBP,RG,8675,5,D,PD,ZP,D
13:42:08,ICBP,RG,8675,1,D,PD,ZP,D
13:42:08,ICBP,RG,8675,2,D,PD,ZP,D
13:42:08,ICBP,RG,8675,1,D,OD,ZP,D
13:42:08,ICBP,RG,8675,1,D,XC,ZP,D
13:42:08,ICBP,RG,8675,1,D,PD,ZP,D
13:42:08,ICBP,RG,8675,1,D,CC,ZP,D
13:42:08,ICBP,RG,8675,1,D,SQ,ZP,D
13:41:59,ICBP,RG,8700,1,D,YP,YU,D
13:41:37,ICBP,RG,8700,1,D,XC,YU,D
13:41:20,ICBP,RG,8675,5,D,SQ,BK,F
13:41:20,ICBP,RG,8675,1,D,YP,BK,F
13:41:20,ICBP,RG,8675,1,D,YP,BK,F
13:41:20,ICBP,RG,8675,1,D,PD,BK,F
13:41:20,ICBP,RG,8675,1,D,PD,BK,F
13:41:13,ICBP,RG,8700,1,D,PD,YU,D
13:39:57,ICBP,RG,8700,1,D,XC,YU,D
13:39:51,ICBP,RG,8700,1,D,NI,YU,D
13:38:38,ICBP,RG,8700,4,D,CC,YU,D
13:38:06,ICBP,RG,8700,1,D,XC,YU,D
13:36:39,ICBP,RG,8700,25,F,XA,YU,D
13:35:56,ICBP,RG,8700,1,D,SQ,YU,D
13:35:27,ICBP,RG,8700,5,D,NI,YU,D
13:35:05,ICBP,RG,8700,1,D,PD,YU,D
13:35:03,ICBP,RG,8675,1,D,PD,PD,D
13:35:03,ICBP,RG,8675,4,D,KK,PD,D
13:34:08,ICBP,RG,8700,6,D,YU,YU,D
13:34:08,ICBP,RG,8700,3,D,YU,YU,D
13:34:08,ICBP,RG,8700,1,D,XC,YU,D
13:34:08,ICBP,RG,8700,10,D,SQ,YU,D
13:34:08,ICBP,RG,8700,1,D,YP,YU,D
13:34:08,ICBP,RG,8700,10,D,CC,YU,D
13:34:08,ICBP,RG,8700,10,D,CC,YU,D
13:34:08,ICBP,RG,8700,1,D,XC,YU,D
13:34:08,ICBP,RG,8700,1,D,XC,YU,D
13:34:08,ICBP,RG,8700,2,D,YP,YU,D
13:34:08,ICBP,RG,8700,1,D,YP,YU,D
13:34:08,ICBP,RG,8700,1,D,XL,YU,D
13:34:08,ICBP,RG,8700,1,D,PD,YU,D
13:34:08,ICBP,RG,8700,4,D,PD,YU,D
13:34:08,ICBP,RG,8700,2,D,ZP,YU,D
13:34:08,ICBP,RG,8700,1,D,KK,YU,D
13:34:08,ICBP,RG,8700,1,D,YP,YU,D
13:34:08,ICBP,RG,8700,1,D,AZ,YU,D
13:34:08,ICBP,RG,8700,1,D,GR,YU,D
13:34:08,ICBP,RG,8700,1,D,PD,YU,D
13:34:08,ICBP,RG,8700,1,D,AZ,YU,D
13:34:08,ICBP,RG,8700,5,D,ZP,YU,D
13:34:08,ICBP,RG,8700,2,D,PD,YU,D
13:34:08,ICBP,RG,8700,70,D,KK,YU,D
13:34:08,ICBP,RG,8700,1,D,GR,YU,D
13:34:08,ICBP,RG,8700,1,D,XC,YU,D
13:34:08,ICBP,RG,8700,1,D,XC,YU,D
13:34:08,ICBP,RG,8700,7,D,NI,YU,D
13:34:08,ICBP,RG,8700,5,D,PD,YU,D
13:34:08,ICBP,RG,8700,2,D,CC,YU,D
13:34:08,ICBP,RG,8700,1,D,LG,YU,D
13:34:08,ICBP,RG,8700,47,D,YP,YU,D
13:34:08,ICBP,RG,8700,5,D,CP,YU,D
13:34:08,ICBP,RG,8700,50,D,SQ,YU,D
13:34:08,ICBP,RG,8700,10,D,XL,YU,D
13:34:08,ICBP,RG,8700,2,D,YP,YU,D
13:34:08,ICBP,RG,8700,1,D,PD,YU,D
13:34:08,ICBP,RG,8700,1,D,CC,YU,D
13:34:08,ICBP,RG,8700,1,D,CC,YU,D
13:34:08,ICBP,RG,8700,1,D,SQ,YU,D
13:34:08,ICBP,RG,8700,1,D,LG,YU,D
13:34:08,ICBP,RG,8700,2,D,PD,YU,D
13:34:08,ICBP,RG,8700,2,D,KK,YU,D
13:34:08,ICBP,RG,8700,1,D,XC,YU,D
13:34:08,ICBP,RG,8700,5,D,CC,YU,D
13:34:08,ICBP,RG,8700,2,D,YB,YU,D
13:34:08,ICBP,RG,8700,2,D,XC,YU,D
13:34:08,ICBP,RG,8700,5,D,YP,YU,D
13:34:08,ICBP,RG,8700,2,D,DH,YU,D
13:34:08,ICBP,RG,8700,3,D,XC,YU,D
13:34:08,ICBP,RG,8700,1,D,XC,YU,D
13:34:08,ICBP,RG,8700,20,D,NI,YU,D
13:34:08,ICBP,RG,8700,59,D,YP,YU,D
13:34:08,ICBP,RG,8700,2,D,PD,YU,D
13:34:08,ICBP,RG,8700,10,D,AT,YU,D
13:34:08,ICBP,RG,8700,1,D,CC,YU,D
13:34:08,ICBP,RG,8700,1,D,XC,YU,D
13:34:08,ICBP,RG,8700,25,D,AZ,YU,D
13:34:08,ICBP,RG,8700,1,D,XC,YU,D
13:34:08,ICBP,RG,8700,1,D,EP,YU,D
13:34:08,ICBP,RG,8700,3,D,CC,YU,D
13:34:08,ICBP,RG,8700,50,D,CC,YU,D
13:34:08,ICBP,RG,8700,18,D,SQ,YU,D
13:33:51,ICBP,RG,8725,60,D,OD,YU,D
13:33:41,ICBP,RG,8725,3,D,PD,YU,D
13:33:17,ICBP,RG,8725,2,D,YU,YU,D
13:33:17,ICBP,RG,8725,3,D,YU,YU,D
13:33:17,ICBP,RG,8725,10,D,CC,YU,D
13:33:17,ICBP,RG,8725,240,D,CC,BK,F
13:33:16,ICBP,RG,8725,10,D,CC,PD,D
13:33:16,ICBP,RG,8725,29,D,CC,PD,D
13:33:07,ICBP,RG,8725,2,D,CC,YU,D
13:33:06,ICBP,RG,8725,11,D,YU,YU,D
13:33:06,ICBP,RG,8725,13,D,YU,YU,D
13:33:06,ICBP,RG,8725,2,D,YU,YU,D
13:33:06,ICBP,RG,8725,20,D,XC,YU,D
13:33:06,ICBP,RG,8725,1,D,XC,YU,D
13:33:06,ICBP,RG,8725,2,D,YP,YU,D
13:33:06,ICBP,RG,8725,149,D,CC,YU,D
13:32:51,ICBP,RG,8725,1,D,CC,AK,D
13:32:09,ICBP,RG,8725,13,D,CC,PD,D
13:32:09,ICBP,RG,8725,36,D,CC,PD,D
13:32:07,ICBP,RG,8725,126,D,CC,AK,F
13:31:48,ICBP,RG,8725,1,D,CC,XC,D
13:31:45,ICBP,RG,8725,1,D,CC,NI,D
13:30:49,ICBP,RG,8725,85,D,CC,YU,D
13:30:49,ICBP,RG,8725,2,D,PD,YU,D
13:30:49,ICBP,RG,8725,1,D,PD,YU,D
13:30:49,ICBP,RG,8725,1,D,PD,YU,D
13:30:49,ICBP,RG,8725,2,D,PD,YU,D
13:30:49,ICBP,RG,8725,2,D,PD,YU,D
13:30:49,ICBP,RG,8725,1,D,CC,YU,D
13:30:49,ICBP,RG,8725,1,D,PD,YU,D
13:30:49,ICBP,RG,8725,5,D,SQ,YU,D
13:30:08,ICBP,RG,8750,2,D,XC,ZP,D
13:30:08,ICBP,RG,8750,1,D,XC,ZP,D
13:30:07,ICBP,RG,8750,3,D,XC,ZP,D
13:30:06,ICBP,RG,8750,1,D,PD,ZP,D
13:30:06,ICBP,RG,8725,1,D,SQ,AK,D
13:30:04,ICBP,RG,8750,1,D,YP,ZP,D
13:30:04,ICBP,RG,8750,1,D,PD,ZP,D
13:30:04,ICBP,RG,8750,100,D,LG,ZP,D
13:30:04,ICBP,RG,8750,1,D,XL,ZP,D
13:30:04,ICBP,RG,8725,6,D,SQ,CC,D
13:30:03,ICBP,RG,8750,1,D,PD,ZP,D
13:30:03,ICBP,RG,8725,5,D,SQ,PD,D
13:30:03,ICBP,RG,8750,1,D,PD,ZP,D
13:30:03,ICBP,RG,8750,2,D,KK,ZP,D
13:30:03,ICBP,RG,8750,1,D,YP,ZP,D
13:30:03,ICBP,RG,8725,1,D,SQ,AK,F
13:30:02,ICBP,RG,8750,56,D,CC,ZP,D
13:30:02,ICBP,RG,8725,2,D,SQ,DH,D
13:30:02,ICBP,RG,8725,1,D,DX,DH,D
13:30:02,ICBP,RG,8750,5,D,PD,ZP,D
13:30:01,ICBP,RG,8750,1,D,AZ,ZP,D
13:30:01,ICBP,RG,8750,5,D,RG,ZP,D
13:30:01,ICBP,RG,8700,2,D,SQ,YU,D
13:30:01,ICBP,RG,8700,2,D,XC,YU,D
13:30:01,ICBP,RG,8700,2,D,CC,YU,D
13:30:01,ICBP,RG,8700,1,D,XC,YU,D
13:30:01,ICBP,RG,8700,2,D,PS,YU,D
13:30:01,ICBP,RG,8700,10,D,NI,YU,D
13:30:01,ICBP,RG,8700,10,D,PD,YU,D
13:30:01,ICBP,RG,8700,1,D,YP,YU,D
13:30:01,ICBP,RG,8700,1,D,XC,YU,D
13:30:01,ICBP,RG,8700,1,D,PD,YU,D
13:30:01,ICBP,RG,8700,25,D,DR,YU,D
13:30:01,ICBP,RG,8700,5,D,SQ,YU,D
13:30:01,ICBP,RG,8700,2,D,CC,YU,D
13:30:01,ICBP,RG,8700,1,D,GR,YU,D
13:30:01,ICBP,RG,8700,50,D,OD,YU,D
13:30:01,ICBP,RG,8700,10,D,YP,YU,D
13:30:01,ICBP,RG,8700,1,D,PD,YU,D
13:30:01,ICBP,RG,8700,2,D,PD,YU,D
13:30:01,ICBP,RG,8700,1,D,CC,YU,D
13:30:01,ICBP,RG,8700,1,D,DR,YU,D
13:30:01,ICBP,RG,8700,1,D,XC,YU,D
13:30:01,ICBP,RG,8700,200,D,YP,YU,D
13:30:01,ICBP,RG,8700,1,D,XC,YU,D
13:30:01,ICBP,RG,8700,1,D,KK,YU,D
13:30:01,ICBP,RG,8700,1,D,XC,YU,D
13:30:01,ICBP,RG,8700,1,D,XC,YU,D
13:30:01,ICBP,RG,8700,2,D,PD,YU,D
13:30:01,ICBP,RG,8700,12,D,YP,YU,D
13:30:01,ICBP,RG,8700,1,D,AT,YU,D
13:30:01,ICBP,RG,8700,25,D,YP,YU,D
13:30:01,ICBP,RG,8700,1,D,AZ,YU,D
13:30:01,ICBP,RG,8700,1,D,XC,YU,D
13:30:01,ICBP,RG,8700,2,D,NI,YU,D
13:30:01,ICBP,RG,8700,1,D,KK,YU,D
13:30:01,ICBP,RG,8700,13,D,YP,YU,D
13:30:01,ICBP,RG,8700,1,D,LG,YU,D
13:30:01,ICBP,RG,8700,65,D,YP,YU,D
13:30:01,ICBP,RG,8700,35,D,YP,YU,D
13:30:01,ICBP,RG,8700,2,D,YP,YU,D
13:30:01,ICBP,RG,8700,10,D,PD,YU,D
13:30:01,ICBP,RG,8700,4,D,GR,YU,D
13:30:01,ICBP,RG,8700,1,D,GR,YU,D
13:30:01,ICBP,RG,8700,27,D,PD,YU,D
13:30:01,ICBP,RG,8700,3,D,PD,YU,D
13:30:01,ICBP,RG,8725,1,D,YU,YU,D
13:30:01,ICBP,RG,8725,1,D,EP,YU,D
13:30:01,ICBP,RG,8725,14,D,CC,YU,D
13:30:01,ICBP,RG,8725,14,D,CC,YU,D
13:30:01,ICBP,RG,8725,36,D,CC,YU,D
13:30:01,ICBP,RG,8725,1,D,PD,YU,D
13:30:01,ICBP,RG,8725,1,D,NI,YU,D
13:30:01,ICBP,RG,8725,12,D,YU,YU,D
13:30:01,ICBP,RG,8725,7,D,YU,YU,D
13:30:01,ICBP,RG,8725,12,D,PD,YU,D
13:30:01,ICBP,RG,8725,8,D,YU,YU,D
13:30:01,ICBP,RG,8725,6,D,YU,YU,D
13:30:01,ICBP,RG,8725,3,D,YU,YU,D
13:30:01,ICBP,RG,8725,7,D,YU,YU,D
13:30:01,ICBP,RG,8725,2,D,YU,YU,D
13:30:01,ICBP,RG,8725,15,D,YU,YU,D
13:30:01,ICBP,RG,8725,42,D,YU,YU,D
13:30:01,ICBP,RG,8725,85,D,RX,YU,D
13:30:01,ICBP,RG,8725,148,D,CC,YU,D
13:30:01,ICBP,RG,8725,132,D,CC,YU,D
13:30:01,ICBP,RG,8725,16,D,CC,YU,D
13:30:01,ICBP,RG,8725,39,D,CC,YU,D
13:30:01,ICBP,RG,8725,9,D,CC,YU,D
13:30:01,ICBP,RG,8725,9,D,CC,YU,D
13:30:01,ICBP,RG,8725,6,D,CC,YU,D
13:30:01,ICBP,RG,8750,15,D,SQ,ZP,D
13:30:01,ICBP,RG,8750,1,D,PD,ZP,D
13:30:01,ICBP,RG,8750,1,D,DH,ZP,D
11:29:42,ICBP,RG,8750,14,D,YU,ZP,D
11:29:17,ICBP,RG,8750,1,D,YP,ZP,D
11:29:16,ICBP,RG,8750,1,D,DH,ZP,D
11:28:48,ICBP,RG,8750,7,D,RX,ZP,D
11:27:42,ICBP,RG,8750,14,D,YU,ZP,D
11:26:44,ICBP,RG,8750,3,D,RX,ZP,D
11:26:44,ICBP,RG,8750,5,D,RX,PD,D
11:25:42,ICBP,RG,8750,5,D,YU,PD,D
11:25:42,ICBP,RG,8750,9,D,YU,YP,D
11:25:24,ICBP,RG,8725,8,D,CC,BK,F
11:25:00,ICBP,RG,8725,2,D,CC,PD,D
11:24:43,ICBP,RG,8750,1,D,YP,YP,D
11:24:26,ICBP,RG,8750,14,D,RX,YP,D
11:23:51,ICBP,RG,8750,6,D,YU,YP,D
11:23:51,ICBP,RG,8750,8,D,YU,PD,D
11:23:50,ICBP,RG,8725,5,D,CC,PD,D
11:23:50,ICBP,RG,8725,14,D,CC,PD,D
11:22:15,ICBP,RG,8725,1,D,CC,AK,F
11:22:14,ICBP,RG,8725,2,D,CC,XC,D
11:22:06,ICBP,RG,8725,35,D,CC,OD,D
11:21:57,ICBP,RG,8725,1,D,CC,XC,D
11:21:54,ICBP,RG,8750,5,D,YU,PD,D
11:21:54,ICBP,RG,8750,9,D,YU,PD,D
11:21:53,ICBP,RG,8725,1,D,CC,LG,D
11:21:07,ICBP,RG,8725,15,D,CC,SQ,D
11:20:33,ICBP,RG,8725,1,D,CC,PD,D
11:20:01,ICBP,RG,8750,15,D,YU,PD,D
11:19:37,ICBP,RG,8750,3,D,PD,PD,D
11:19:30,ICBP,RG,8750,8,D,RX,PD,D
11:19:27,ICBP,RG,8750,1,D,GR,PD,D
11:18:35,ICBP,RG,8750,8,D,RX,PD,D
11:17:51,ICBP,RG,8750,5,D,YU,PD,D
11:17:51,ICBP,RG,8750,9,D,YU,PD,D
11:17:40,ICBP,RG,8750,15,D,RX,PD,D
11:17:28,ICBP,RG,8750,1,D,DH,PD,D
11:17:20,ICBP,RG,8750,8,D,RX,PD,D
11:16:29,ICBP,RG,8750,3,D,RX,PD,D
11:16:29,ICBP,RG,8750,1,D,RX,XC,D
11:16:29,ICBP,RG,8750,3,D,RX,PD,D
11:16:00,ICBP,RG,8750,13,D,YU,PD,D
11:15:57,ICBP,RG,8725,1,D,CC,AK,D
11:15:34,ICBP,RG,8750,8,D,RX,PD,D
11:15:21,ICBP,RG,8725,5,D,CC,PD,D
11:15:21,ICBP,RG,8725,14,D,CC,PD,D
11:14:30,ICBP,RG,8725,1,D,CC,AK,F
11:14:19,ICBP,RG,8750,5,D,YU,PD,D
11:14:19,ICBP,RG,8750,9,D,YU,PD,D
11:14:00,ICBP,RG,8725,1,D,CC,XC,D
11:14:00,ICBP,RG,8725,5,D,CC,PD,D
11:14:00,ICBP,RG,8725,4,D,CC,XC,D
11:14:00,ICBP,RG,8725,7,D,CC,NI,D
11:14:00,ICBP,RG,8725,13,D,CC,AT,D
11:14:00,ICBP,RG,8725,13,D,CC,PD,D
11:14:00,ICBP,RG,8725,36,D,CC,PD,D
11:14:00,ICBP,RG,8725,26,D,CC,PD,D
11:14:00,ICBP,RG,8725,30,D,CC,PD,D
11:13:31,ICBP,RG,8700,8,D,YU,YB,D
11:12:48,ICBP,RG,8725,15,D,YU,PD,D
11:11:49,ICBP,RG,8725,7,D,RX,PD,D
11:11:43,ICBP,RG,8725,1,D,GR,PD,D
11:11:00,ICBP,RG,8725,15,D,YU,PD,D
11:10:03,ICBP,RG,8725,2,D,ZP,PD,D
11:09:20,ICBP,RG,8725,3,D,YU,PD,D
11:09:20,ICBP,RG,8725,11,D,YU,PD,D
11:07:33,ICBP,RG,8725,4,D,SQ,PD,D
11:07:33,ICBP,RG,8725,1,D,SQ,PD,D
11:07:12,ICBP,RG,8725,30,D,SQ,PD,D
11:06:48,ICBP,RG,8700,6,D,YU,YP,D
11:06:41,ICBP,RG,8725,13,D,SQ,PD,D
11:06:41,ICBP,RG,8725,1,D,SQ,XC,D
11:06:41,ICBP,RG,8725,16,D,SQ,XC,D
11:03:59,ICBP,RG,8700,4,D,YU,PD,D
11:03:29,ICBP,RG,8700,5,D,YU,XL,D
11:01:45,ICBP,RG,8700,30,D,YU,XC,D
11:01:13,ICBP,RG,8700,3,D,YU,OD,D
11:01:09,ICBP,RG,8700,1,D,YU,OD,D
11:00:55,ICBP,RG,8700,13,D,YU,PD,D
10:56:48,ICBP,RG,8725,2,D,YU,XC,D
10:56:48,ICBP,RG,8725,7,D,TP,XC,D
10:56:31,ICBP,RG,8725,104,D,TP,ZP,D
10:56:31,ICBP,RG,8725,4,D,YU,ZP,D
10:56:31,ICBP,RG,8725,4,D,YP,ZP,D
10:56:31,ICBP,RG,8725,2,D,YU,ZP,D
10:56:31,ICBP,RG,8725,3,D,YU,ZP,D
10:56:31,ICBP,RG,8725,3,D,YU,ZP,D
10:56:31,ICBP,RG,8725,3,D,YU,ZP,D
10:56:31,ICBP,RG,8725,3,D,YU,ZP,D
10:56:31,ICBP,RG,8725,4,D,YU,ZP,D
10:56:31,ICBP,RG,8725,20,D,YU,ZP,D
10:56:12,ICBP,RG,8725,7,D,YU,XC,D
10:56:05,ICBP,RG,8725,120,D,CC,SQ,D
10:56:05,ICBP,RG,8725,206,D,CC,SQ,D
10:56:05,ICBP,RG,8725,210,D,EP,SQ,D
10:55:50,ICBP,RG,8725,50,D,EP,KK,F
10:54:40,ICBP,RG,8725,3,D,EP,EP,D
10:54:12,ICBP,RG,8725,12,D,EP,AK,F
10:54:12,ICBP,RG,8725,9,D,EP,BK,F
10:54:12,ICBP,RG,8725,26,D,EP,PD,D
10:54:12,ICBP,RG,8725,73,D,EP,PD,D
10:54:12,ICBP,RG,8725,2,D,EP,PC,D
10:54:12,ICBP,RG,8725,13,D,EP,PD,D
10:54:12,ICBP,RG,8725,2,D,EP,PD,D
10:54:06,ICBP,RG,8725,1,D,PD,PD,D
10:54:00,ICBP,RG,8725,11,F,AK,PD,D
10:54:00,ICBP,RG,8725,10,F,AK,PD,D
10:54:00,ICBP,RG,8725,12,D,CC,PD,D
10:54:00,ICBP,RG,8725,1,D,CC,AK,F
10:54:00,ICBP,RG,8725,3,D,CC,PD,D
10:54:00,ICBP,RG,8725,13,D,CC,PD,D
10:54:00,ICBP,RG,8725,33,D,CC,PD,D
10:54:00,ICBP,RG,8725,3,D,CC,PD,D
10:54:00,ICBP,RG,8725,15,D,CC,PD,D
10:54:00,ICBP,RG,8725,1,D,CC,AK,D
10:54:00,ICBP,RG,8725,2,D,CC,AK,F
10:54:00,ICBP,RG,8725,6,D,CC,AK,F
10:54:00,ICBP,RG,8725,259,D,CC,CP,D
10:51:32,ICBP,RG,8700,11,D,YU,CC,D
10:51:32,ICBP,RG,8700,1,D,DH,CC,D
10:50:47,ICBP,RG,8700,2,D,DH,PD,D
10:47:01,ICBP,RG,8700,2,D,DH,KK,D
10:47:01,ICBP,RG,8700,1,D,KK,KK,D
10:47:01,ICBP,RG,8700,1,D,CC,KK,D
10:47:01,ICBP,RG,8700,1,D,XC,KK,D
10:47:01,ICBP,RG,8700,3,D,CC,KK,D
10:47:01,ICBP,RG,8700,1,D,XC,KK,D
10:47:01,ICBP,RG,8700,1,D,XC,KK,D
10:44:11,ICBP,RG,8725,1,D,XC,CP,D
10:43:23,ICBP,RG,8725,2,D,EP,CP,D
10:42:20,ICBP,RG,8725,50,D,CC,CP,D
10:42:18,ICBP,RG,8700,1,D,XC,YP,D
10:42:18,ICBP,RG,8700,1,D,EP,YP,D
10:42:17,ICBP,RG,8725,50,D,CC,CP,D
10:41:20,ICBP,RG,8725,1,D,PD,CP,D
10:41:17,ICBP,RG,8725,100,D,YU,CP,D
10:41:17,ICBP,RG,8725,50,D,XC,CP,D
10:41:16,ICBP,RG,8725,1,D,EP,CP,D
10:41:16,ICBP,RG,8725,2,D,LS,CP,D
10:41:16,ICBP,RG,8725,17,D,YU,CP,D
10:41:16,ICBP,RG,8725,5,D,YU,CP,D
10:41:16,ICBP,RG,8725,41,D,YU,CP,D
10:41:16,ICBP,RG,8725,196,D,CC,CP,D
10:41:16,ICBP,RG,8725,147,D,CC,CP,D
10:41:16,ICBP,RG,8725,78,D,LG,CP,D
10:41:08,ICBP,RG,8725,1,D,LG,CC,D
10:38:39,ICBP,RG,8725,1,D,LG,AK,F
10:38:39,ICBP,RG,8725,8,D,LG,BK,F
10:38:39,ICBP,RG,8725,1,D,LG,XC,D
10:38:39,ICBP,RG,8725,1,D,LG,AK,F
10:38:39,ICBP,RG,8725,1,D,LG,AK,F
10:38:39,ICBP,RG,8725,17,D,LG,AK,F
10:38:39,ICBP,RG,8725,13,D,LG,PD,D
10:38:39,ICBP,RG,8725,36,D,LG,PD,D
10:38:39,ICBP,RG,8725,2,D,LG,DR,D
10:38:39,ICBP,RG,8725,41,D,LG,YU,F
10:38:36,ICBP,RG,8725,100,D,YU,YU,F
10:38:12,ICBP,RG,8725,50,D,CC,YU,F
10:38:03,ICBP,RG,8725,17,D,YU,YU,F
10:35:40,ICBP,RG,8725,50,D,LG,YU,F
10:34:43,ICBP,RG,8725,50,D,OD,YU,F
10:32:49,ICBP,RG,8725,1,D,PD,YU,F
10:32:23,ICBP,RG,8725,3,F,AK,YU,F
10:32:23,ICBP,RG,8725,18,F,AK,YU,F
10:32:23,ICBP,RG,8725,100,D,YU,YU,F
10:30:35,ICBP,RG,8725,18,D,YU,YU,F
10:29:48,ICBP,RG,8725,2,D,DH,YU,F
10:27:00,ICBP,RG,8725,1,D,CC,XC,D
10:27:00,ICBP,RG,8725,1,D,CC,NI,D
10:27:00,ICBP,RG,8725,40,D,CC,YP,D
10:27:00,ICBP,RG,8725,10,D,CC,YP,D
10:27:00,ICBP,RG,8725,1,D,CC,YP,D
10:27:00,ICBP,RG,8725,1,D,CC,AK,F
10:27:00,ICBP,RG,8725,8,D,CC,BK,F
10:27:00,ICBP,RG,8725,1,D,CC,AK,D
10:27:00,ICBP,RG,8725,1,D,CC,AK,F
10:27:00,ICBP,RG,8725,21,D,CC,AK,F
10:27:00,ICBP,RG,8725,282,D,CC,CP,D
10:26:19,ICBP,RG,8700,1,D,CC,XC,D
10:26:13,ICBP,RG,8700,9,D,CC,PD,D
10:26:13,ICBP,RG,8700,2,D,NI,PD,D
10:26:13,ICBP,RG,8700,10,D,YB,PD,D
10:26:13,ICBP,RG,8700,1,D,YB,PD,D
10:26:13,ICBP,RG,8700,1,D,XC,PD,D
10:26:13,ICBP,RG,8700,1,D,PD,PD,D
10:26:13,ICBP,RG,8700,10,D,EP,PD,D
10:26:13,ICBP,RG,8700,5,D,EP,PD,D
10:26:13,ICBP,RG,8700,2,D,PD,PD,D
10:26:13,ICBP,RG,8700,2,D,CC,PD,D
10:26:13,ICBP,RG,8700,1,D,NI,PD,D
10:26:13,ICBP,RG,8700,2,D,XC,PD,D
10:26:13,ICBP,RG,8700,1,D,NI,PD,D
10:26:13,ICBP,RG,8700,3,D,KK,PD,D
10:26:13,ICBP,RG,8700,5,D,CC,PD,D
10:26:13,ICBP,RG,8700,4,D,SQ,PD,D
10:26:13,ICBP,RG,8700,10,D,AG,PD,D
10:26:13,ICBP,RG,8700,10,D,CC,PD,D
10:26:13,ICBP,RG,8725,200,D,YU,CP,D
10:26:12,ICBP,RG,8700,1,D,CC,AK,D
10:25:56,ICBP,RG,8725,17,D,YU,CP,D
10:24:30,ICBP,RG,8700,1,D,CC,AK,F
10:22:57,ICBP,RG,8700,1,D,CC,AK,D
10:22:47,ICBP,RG,8700,1,D,CC,PD,D
10:20:42,ICBP,RG,8700,1,D,CC,ZP,D
10:20:42,ICBP,RG,8700,1,D,YP,ZP,D
10:20:42,ICBP,RG,8700,5,D,PD,ZP,D
10:20:42,ICBP,RG,8700,11,D,PD,ZP,D
10:20:42,ICBP,RG,8700,1,D,DH,ZP,D
10:20:42,ICBP,RG,8700,1,D,CC,ZP,D
10:20:42,ICBP,RG,8700,1,D,KK,ZP,D
10:20:42,ICBP,RG,8700,10,D,CC,ZP,D
10:20:42,ICBP,RG,8700,2,D,CC,ZP,D
10:20:42,ICBP,RG,8700,1,D,NI,ZP,D
10:20:42,ICBP,RG,8700,1,D,NI,ZP,D
10:20:42,ICBP,RG,8700,1,D,OD,ZP,D
10:20:42,ICBP,RG,8700,3,D,PD,ZP,D
10:20:42,ICBP,RG,8700,1,D,PD,ZP,D
10:20:42,ICBP,RG,8700,1,D,PD,ZP,D
10:20:42,ICBP,RG,8700,5,D,PD,ZP,D
10:20:42,ICBP,RG,8700,1,D,PD,ZP,D
10:20:42,ICBP,RG,8700,5,D,YP,ZP,D
10:20:42,ICBP,RG,8700,1,D,OD,ZP,D
10:20:42,ICBP,RG,8700,1,D,PD,ZP,D
10:20:42,ICBP,RG,8700,15,D,GR,ZP,D
10:20:42,ICBP,RG,8700,1,D,YP,ZP,D
10:20:42,ICBP,RG,8700,5,D,PD,ZP,D
10:20:42,ICBP,RG,8700,10,D,PD,ZP,D
10:20:42,ICBP,RG,8700,50,D,CC,ZP,D
10:20:42,ICBP,RG,8700,2,D,NI,ZP,D
10:20:42,ICBP,RG,8700,1,D,XC,ZP,D
10:20:42,ICBP,RG,8700,3,D,YP,ZP,D
10:20:27,ICBP,RG,8700,7,D,YP,BK,F
10:20:27,ICBP,RG,8700,1,D,KK,BK,F
10:20:17,ICBP,RG,8725,30,D,XC,CP,D
10:19:28,ICBP,RG,8725,30,D,XC,CP,D
10:18:53,ICBP,RG,8725,1,D,CC,CP,D
10:17:58,ICBP,RG,8725,3,D,NI,CP,D
10:17:23,ICBP,RG,8725,1,D,YP,CP,D
10:16:09,ICBP,RG,8725,2,D,NI,CP,D
10:15:29,ICBP,RG,8725,4,D,PD,CP,D
10:15:02,ICBP,RG,8725,1,D,XC,CP,D
10:14:22,ICBP,RG,8725,2,D,PD,CP,D
10:13:15,ICBP,RG,8725,3,D,PD,CP,D
10:12:38,ICBP,RG,8700,1,D,KK,NI,D
10:12:16,ICBP,RG,8700,2,D,KK,PD,D
10:11:53,ICBP,RG,8725,5,D,CC,CP,D
10:11:40,ICBP,RG,8700,6,D,KK,CC,D
10:11:02,ICBP,RG,8700,2,D,YP,PD,D
10:11:02,ICBP,RG,8700,1,D,CC,PD,D
10:11:02,ICBP,RG,8700,1,D,AZ,PD,D
10:11:02,ICBP,RG,8700,2,D,YP,PD,D
10:11:02,ICBP,RG,8700,15,D,YP,PD,D
10:11:02,ICBP,RG,8700,1,D,XC,PD,D
10:11:02,ICBP,RG,8700,2,D,KK,PD,D
10:11:02,ICBP,RG,8700,2,D,PD,PD,D
10:11:02,ICBP,RG,8700,3,D,YP,PD,D
10:11:02,ICBP,RG,8700,2,D,ID,PD,D
10:11:02,ICBP,RG,8700,2,D,PD,PD,D
10:11:02,ICBP,RG,8700,5,D,YP,PD,D
10:11:02,ICBP,RG,8700,1,D,YP,PD,D
10:11:02,ICBP,RG,8700,19,D,YP,PD,D
10:11:02,ICBP,RG,8700,58,D,YP,PD,D
10:11:02,ICBP,RG,8700,10,D,CC,PD,D
10:11:02,ICBP,RG,8700,1,D,PD,PD,D
10:11:02,ICBP,RG,8700,1,D,KK,PD,D
10:11:02,ICBP,RG,8700,6,D,CC,PD,D
10:11:02,ICBP,RG,8700,2,D,GR,PD,D
10:11:02,ICBP,RG,8700,1,D,CC,PD,D
10:11:02,ICBP,RG,8700,2,D,GR,PD,D
10:11:02,ICBP,RG,8700,10,D,PD,PD,D
10:10:20,ICBP,RG,8700,1,D,XC,NI,D
10:10:20,ICBP,RG,8700,2,D,PD,NI,D
10:10:05,ICBP,RG,8700,5,D,XC,NI,D
10:09:40,ICBP,RG,8725,1,D,XC,CP,D
10:09:40,ICBP,RG,8725,1,D,XC,CP,D
10:09:40,ICBP,RG,8725,2,D,XC,CP,D
10:09:40,ICBP,RG,8725,167,D,CC,CP,D
10:09:40,ICBP,RG,8725,1,D,XC,CP,D
10:09:40,ICBP,RG,8725,1,D,PD,CP,D
10:09:40,ICBP,RG,8725,1,D,PD,CP,D
10:09:40,ICBP,RG,8725,50,D,XC,CP,D
10:09:40,ICBP,RG,8725,2,D,DR,CP,D
10:09:40,ICBP,RG,8725,2,D,PD,CP,D
10:09:40,ICBP,RG,8725,1,D,XC,CP,D
10:09:40,ICBP,RG,8725,1,D,CC,CP,D
10:09:40,ICBP,RG,8725,2,D,XC,CP,D
10:09:40,ICBP,RG,8725,5,D,PD,CP,D
10:09:40,ICBP,RG,8725,1,D,KK,CP,D
10:09:40,ICBP,RG,8725,1,D,NI,CP,D
10:09:40,ICBP,RG,8725,2,D,CC,CP,D
10:09:40,ICBP,RG,8725,3,D,XL,CP,D
10:09:40,ICBP,RG,8725,1,D,XL,CP,D
10:09:40,ICBP,RG,8725,1,D,PD,CP,D
10:09:40,ICBP,RG,8725,5,D,DH,CP,D
10:09:40,ICBP,RG,8725,10,D,YP,CP,D
10:09:40,ICBP,RG,8725,1,D,AZ,CP,D
10:09:40,ICBP,RG,8725,2,D,SQ,CP,D
10:09:40,ICBP,RG,8725,1,D,GR,CP,D
10:09:40,ICBP,RG,8725,2,D,XC,CP,D
10:09:40,ICBP,RG,8725,2,D,PD,CP,D
10:09:40,ICBP,RG,8725,2,D,KK,CP,D
10:09:40,ICBP,RG,8725,1,D,YP,CP,D
10:09:40,ICBP,RG,8725,1,D,PD,CP,D
10:09:40,ICBP,RG,8725,1,D,PD,CP,D
10:09:40,ICBP,RG,8725,100,D,CC,CP,D
10:09:40,ICBP,RG,8725,11,D,XC,CP,D
10:09:40,ICBP,RG,8725,5,D,PD,CP,D
10:09:40,ICBP,RG,8725,1,D,XC,CP,D
10:09:40,ICBP,RG,8725,2,D,YP,CP,D
10:09:40,ICBP,RG,8725,26,D,CC,CP,D
10:09:30,ICBP,RG,8725,1,D,CC,AK,F
10:06:09,ICBP,RG,8725,6,D,CC,XC,D
10:05:05,ICBP,RG,8725,1,D,CC,PD,D
10:04:50,ICBP,RG,8750,1,D,XC,PD,D
10:04:32,ICBP,RG,8750,2,D,KK,PD,D
10:03:59,ICBP,RG,8750,3,D,CC,PD,D
10:03:48,ICBP,RG,8750,2,D,KK,PD,D
10:03:32,ICBP,RG,8750,63,D,YU,PD,D
10:03:32,ICBP,RG,8750,1,D,YU,YP,D
10:03:32,ICBP,RG,8750,6,D,YU,XC,D
10:03:32,ICBP,RG,8750,1,D,YU,AK,F
10:03:32,ICBP,RG,8750,3,D,YU,YP,D
10:00:47,ICBP,RG,8725,2,D,CC,PD,D
10:00:41,ICBP,RG,8725,14,D,CC,GR,D
10:00:41,ICBP,RG,8725,4,D,YP,GR,D
9:58:57,ICBP,RG,8725,1,D,YP,AK,D
9:58:37,ICBP,RG,8725,2,D,YP,PD,D
9:58:37,ICBP,RG,8725,1,D,NI,PD,D
9:57:37,ICBP,RG,8725,2,D,GR,PD,D
9:57:21,ICBP,RG,8725,1,D,PD,PC,D
9:57:08,ICBP,RG,8725,1,D,PD,XC,D
9:57:04,ICBP,RG,8750,1,D,KK,YP,D
9:57:04,ICBP,RG,8750,1,D,KK,AK,F
9:56:24,ICBP,RG,8750,1,D,YP,AK,F
9:56:18,ICBP,RG,8750,2,D,YP,DH,D
9:55:48,ICBP,RG,8750,2,D,CC,DH,D
9:55:11,ICBP,RG,8750,4,D,CC,PD,D
9:55:11,ICBP,RG,8750,9,D,DR,PD,D
9:55:11,ICBP,RG,8750,21,D,DR,PD,D
9:55:11,ICBP,RG,8750,14,D,YJ,PD,D
9:55:08,ICBP,RG,8750,1,D,YJ,PD,D
9:53:39,ICBP,RG,8750,2,D,YJ,CC,D
9:53:16,ICBP,RG,8750,17,D,YJ,AK,F
9:53:15,ICBP,RG,8750,1,D,YJ,AK,F
9:53:15,ICBP,RG,8750,1,D,YJ,AK,F
9:53:15,ICBP,RG,8750,7,D,YJ,XC,D
9:53:15,ICBP,RG,8750,2,D,YJ,AK,F
9:53:15,ICBP,RG,8750,5,D,YJ,XC,D
9:52:22,ICBP,RG,8750,1,D,PD,XC,D
9:52:16,ICBP,RG,8750,1,D,XC,XC,D
9:52:16,ICBP,RG,8750,2,D,XC,AK,F
9:52:16,ICBP,RG,8750,1,D,XC,AK,F
9:51:12,ICBP,RG,8750,5,D,DR,AK,F
9:51:12,ICBP,RG,8750,1,D,YP,AK,F
9:51:12,ICBP,RG,8750,2,D,KK,AK,F
9:51:12,ICBP,RG,8750,5,D,XC,AK,F
9:51:12,ICBP,RG,8750,1,D,AT,AK,F
9:51:12,ICBP,RG,8750,1,D,PD,AK,F
9:51:12,ICBP,RG,8750,1,D,YP,AK,F
9:51:12,ICBP,RG,8750,1,D,YP,AK,F
9:51:12,ICBP,RG,8750,3,D,YP,AK,F
9:51:12,ICBP,RG,8750,42,D,CC,AK,F
9:51:11,ICBP,RG,8750,58,D,CC,SQ,D
9:51:11,ICBP,RG,8750,1,D,CP,SQ,D
9:51:11,ICBP,RG,8750,30,D,YP,SQ,D
9:51:11,ICBP,RG,8750,1,D,XC,SQ,D
9:51:11,ICBP,RG,8750,1,D,XC,SQ,D
9:51:11,ICBP,RG,8750,2,D,XC,SQ,D
9:51:11,ICBP,RG,8750,170,D,CC,SQ,D
9:51:11,ICBP,RG,8750,1,D,XC,SQ,D
9:51:11,ICBP,RG,8750,1,D,NI,SQ,D
9:51:11,ICBP,RG,8750,1,D,XC,SQ,D
9:51:11,ICBP,RG,8750,33,D,XC,SQ,D
9:51:11,ICBP,RG,8750,1,D,XC,SQ,D
9:50:47,ICBP,RG,8750,2,D,CC,YP,D
9:50:23,ICBP,RG,8750,13,D,CC,PD,D
9:50:23,ICBP,RG,8750,36,D,CC,PD,D
9:50:14,ICBP,RG,8750,5,D,CC,OD,D
9:50:00,ICBP,RG,8750,39,D,CC,PD,D
9:50:00,ICBP,RG,8750,5,D,CC,PD,D
9:50:00,ICBP,RG,8750,1,D,PD,PD,D
9:50:00,ICBP,RG,8750,1,D,XC,PD,D
9:50:00,ICBP,RG,8750,5,D,PD,PD,D
9:50:00,ICBP,RG,8750,5,D,CC,PD,D
9:50:00,ICBP,RG,8750,56,D,CC,PD,D
9:50:00,ICBP,RG,8750,1,D,XC,PD,D
9:50:00,ICBP,RG,8750,1,D,XC,PD,D
9:50:00,ICBP,RG,8750,5,D,DH,PD,D
9:50:00,ICBP,RG,8750,2,D,CC,PD,D
9:50:00,ICBP,RG,8750,1,D,KK,PD,D
9:50:00,ICBP,RG,8750,1,D,YP,PD,D
9:50:00,ICBP,RG,8750,26,D,CC,PD,D
9:49:54,ICBP,RG,8750,100,D,CC,SQ,D
9:49:31,ICBP,RG,8775,40,D,PD,CC,D
9:48:00,ICBP,RG,8775,40,D,CC,CC,D
9:48:00,ICBP,RG,8775,9,D,CC,BK,F
9:48:00,ICBP,RG,8775,1,D,CC,ZP,D
9:48:00,ICBP,RG,8775,1,D,CC,AK,F
9:48:00,ICBP,RG,8775,18,D,CC,AK,F
9:48:00,ICBP,RG,8775,37,D,CC,DR,D
9:48:00,ICBP,RG,8775,234,D,CC,DR,D
9:47:30,ICBP,RG,8775,200,F,BB,DR,D
9:46:47,ICBP,RG,8750,2,D,CC,XC,D
9:46:46,ICBP,RG,8750,2,D,CC,XC,D
9:46:05,ICBP,RG,8750,1,D,CC,KK,D
9:46:01,ICBP,RG,8775,1,D,AT,DR,D
9:45:05,ICBP,RG,8775,57,D,PD,DR,D
9:44:47,ICBP,RG,8750,1,D,CC,XC,D
9:44:43,ICBP,RG,8750,1,D,CC,YP,D
9:43:25,ICBP,RG,8750,2,D,CC,PD,D
9:42:41,ICBP,RG,8750,1,D,CC,PD,D
9:41:57,ICBP,RG,8750,1,D,CC,XC,D
9:41:31,ICBP,RG,8750,1,D,CC,PD,D
9:41:04,ICBP,RG,8750,1,D,CC,PD,D
9:40:43,ICBP,RG,8750,3,D,CC,PD,D
9:39:38,ICBP,RG,8750,1,D,CC,XC,D
9:39:37,ICBP,RG,8750,8,D,CC,BK,F
9:39:29,ICBP,RG,8750,1,D,CC,PD,D
9:38:58,ICBP,RG,8750,5,D,CC,EP,D
9:38:57,ICBP,RG,8750,9,D,CC,PD,D
9:38:57,ICBP,RG,8750,3,D,YP,PD,D
9:38:19,ICBP,RG,8750,1,D,YP,PD,D
9:37:55,ICBP,RG,8775,1,D,PD,DR,D
9:37:53,ICBP,RG,8750,2,D,YP,GR,D
9:37:53,ICBP,RG,8750,2,D,YP,GR,D
9:37:53,ICBP,RG,8750,1,D,YP,GR,D
9:37:53,ICBP,RG,8750,5,D,YP,GR,D
9:37:53,ICBP,RG,8750,15,D,YP,GR,D
9:36:31,ICBP,RG,8750,2,D,YP,CC,D
9:36:27,ICBP,RG,8750,1,D,YP,XC,D
9:36:05,ICBP,RG,8775,10,D,CC,DR,D
9:35:51,ICBP,RG,8750,1,D,YP,XC,D
9:35:41,ICBP,RG,8750,5,D,YP,PD,D
9:34:54,ICBP,RG,8750,5,D,YP,XC,D
9:32:42,ICBP,RG,8750,13,D,YP,PD,D
9:32:42,ICBP,RG,8750,36,D,YP,PD,D
9:32:33,ICBP,RG,8750,6,D,YP,KK,D
9:31:33,ICBP,RG,8750,5,D,YP,KK,D
9:31:03,ICBP,RG,8750,11,D,YP,PD,D
9:31:03,ICBP,RG,8750,10,D,KK,PD,D
9:31:03,ICBP,RG,8750,2,D,PD,PD,D
9:31:03,ICBP,RG,8750,8,D,PD,PD,D
9:31:03,ICBP,RG,8750,2,D,PD,PD,D
9:31:03,ICBP,RG,8750,5,D,CC,PD,D
9:31:03,ICBP,RG,8750,1,D,PD,PD,D
9:31:03,ICBP,RG,8750,1,D,YP,PD,D
9:31:03,ICBP,RG,8750,1,D,KK,PD,D
9:31:03,ICBP,RG,8750,2,D,CC,PD,D
9:31:03,ICBP,RG,8750,1,D,PD,PD,D
9:31:03,ICBP,RG,8750,5,D,YP,PD,D
9:31:03,ICBP,RG,8750,1,D,DH,PD,D
9:31:03,ICBP,RG,8750,69,D,CC,PD,D
9:30:46,ICBP,RG,8775,2,D,GR,DR,D
9:30:42,ICBP,RG,8775,1,D,XC,DR,D
9:30:12,ICBP,RG,8775,1,D,KK,DR,D
9:29:40,ICBP,RG,8775,9,D,PD,DR,D
9:29:17,ICBP,RG,8775,2,D,PD,DR,D
9:28:33,ICBP,RG,8775,6,D,ZP,DR,D
9:28:10,ICBP,RG,8750,1,D,CC,PD,D
9:27:35,ICBP,RG,8750,15,D,CC,SQ,D
9:27:15,ICBP,RG,8775,1,D,XC,DR,D
9:27:12,ICBP,RG,8750,1,D,CC,PD,D
9:26:46,ICBP,RG,8750,14,D,CC,ZP,D
9:26:46,ICBP,RG,8750,10,D,NI,ZP,D
9:26:46,ICBP,RG,8750,4,D,PD,ZP,D
9:26:46,ICBP,RG,8750,1,D,XC,ZP,D
9:26:46,ICBP,RG,8750,50,D,CC,ZP,D
9:26:46,ICBP,RG,8750,14,D,YP,ZP,D
9:26:40,ICBP,RG,8775,50,D,CC,DR,D
9:26:40,ICBP,RG,8775,100,D,CC,DR,D
9:26:40,ICBP,RG,8775,100,F,BB,DR,D
9:26:40,ICBP,RG,8775,30,D,XA,DR,D
9:26:40,ICBP,RG,8775,5,D,YP,DR,D
9:26:40,ICBP,RG,8775,73,F,BB,DR,D
9:26:40,ICBP,RG,8775,80,D,CC,DR,D
9:26:27,ICBP,RG,8775,10,D,CC,HP,D
9:26:13,ICBP,RG,8775,1,D,CC,YP,D
9:25:24,ICBP,RG,8775,9,D,CC,PD,D
9:25:24,ICBP,RG,8775,17,F,BB,PD,D
9:25:24,ICBP,RG,8775,73,F,BB,PD,D
9:25:13,ICBP,RG,8775,1,F,BB,NI,D
9:24:48,ICBP,RG,8775,25,F,BB,SQ,D
9:24:36,ICBP,RG,8775,62,F,BB,ZP,D
9:24:35,ICBP,RG,8775,89,F,BB,CC,D
9:24:34,ICBP,RG,8775,33,F,BB,CC,D
9:24:34,ICBP,RG,8775,10,D,YP,CC,D
9:24:34,ICBP,RG,8775,1,D,PD,CC,D
9:24:34,ICBP,RG,8775,16,D,CC,CC,D
9:23:43,ICBP,RG,8800,1,D,AZ,CC,D
9:23:28,ICBP,RG,8775,3,D,CC,ZP,D
9:23:27,ICBP,RG,8775,5,D,CC,YP,D
9:23:22,ICBP,RG,8775,26,D,CC,ZP,D
9:23:22,ICBP,RG,8775,1,D,KK,ZP,D
9:23:22,ICBP,RG,8775,1,D,XC,ZP,D
9:23:22,ICBP,RG,8775,1,D,AZ,ZP,D
9:23:22,ICBP,RG,8775,5,F,BB,ZP,D
9:22:27,ICBP,RG,8800,1,D,CC,CC,D
9:22:25,ICBP,RG,8800,1,D,AT,CC,D
9:22:22,ICBP,RG,8800,3,F,BB,CC,D
9:22:11,ICBP,RG,8775,15,F,BB,PD,D
9:22:11,ICBP,RG,8775,4,F,BB,PD,D
9:22:11,ICBP,RG,8775,40,D,CC,PD,D
9:22:03,ICBP,RG,8800,4,F,BB,CC,D
9:22:02,ICBP,RG,8800,2,D,PD,CC,D
9:21:55,ICBP,RG,8800,7,D,KK,CC,D
9:21:28,ICBP,RG,8800,1,F,BB,CC,D
9:21:03,ICBP,RG,8800,1,F,BB,CC,D
9:21:02,ICBP,RG,8800,2,D,CC,CC,D
9:20:34,ICBP,RG,8800,1,F,BB,CC,D
9:20:18,ICBP,RG,8800,1,F,BB,CC,D
9:20:01,ICBP,RG,8775,1,D,CC,ZP,D
9:20:00,ICBP,RG,8800,2,F,BB,CC,D
9:19:57,ICBP,RG,8775,1,D,CC,PD,D
9:19:54,ICBP,RG,8775,2,D,CC,ZP,D
9:19:52,ICBP,RG,8775,2,D,CC,ZP,D
9:19:52,ICBP,RG,8800,3,F,BB,CC,D
9:19:44,ICBP,RG,8775,1,D,CC,AK,F
9:19:44,ICBP,RG,8775,1,D,CC,AK,F
9:19:44,ICBP,RG,8775,2,D,CC,NI,D
9:19:38,ICBP,RG,8775,1,F,BB,AK,F
9:19:37,ICBP,RG,8775,1,D,PD,AK,F
9:19:13,ICBP,RG,8750,1,D,YP,ZP,D
9:19:10,ICBP,RG,8800,1,F,BB,CC,D
9:18:54,ICBP,RG,8800,1,F,BB,PD,D
9:18:46,ICBP,RG,8775,1,D,PD,ZP,D
9:18:44,ICBP,RG,8775,1,D,PD,AK,F
9:18:26,ICBP,RG,8775,1,F,BB,AK,F
9:18:20,ICBP,RG,8750,1,D,YP,ZP,D
9:18:15,ICBP,RG,8775,2,F,BB,AK,F
9:18:10,ICBP,RG,8750,1,D,YP,XC,D
9:18:04,ICBP,RG,8750,2,D,YP,ZP,D
9:18:01,ICBP,RG,8800,4,F,BB,PD,D
9:18:00,ICBP,RG,8775,1,F,BB,AK,F
9:17:58,ICBP,RG,8750,1,D,YP,ZP,D
9:17:58,ICBP,RG,8750,8,D,KK,ZP,D
9:17:58,ICBP,RG,8750,1,D,KK,ZP,D
9:17:55,ICBP,RG,8800,1,F,BB,PD,D
9:17:55,ICBP,RG,8800,20,F,BB,LG,D
9:17:54,ICBP,RG,8775,2,F,BB,AK,F
9:17:43,ICBP,RG,8750,31,D,KK,ZP,D
9:17:43,ICBP,RG,8750,12,D,CC,ZP,D
9:17:41,ICBP,RG,8800,80,F,BB,LG,D
9:17:41,ICBP,RG,8800,1,F,BB,XC,D
9:17:41,ICBP,RG,8800,4,F,BB,AT,D
9:17:41,ICBP,RG,8800,1,F,BB,DX,D
9:17:41,ICBP,RG,8800,1,F,BB,XC,D
9:17:41,ICBP,RG,8800,11,F,BB,YP,D
9:17:41,ICBP,RG,8775,6,F,BB,ZP,D
9:17:40,ICBP,RG,8800,2,F,BB,YP,D
9:17:39,ICBP,RG,8775,12,F,BB,PD,D
9:17:39,ICBP,RG,8775,1,F,BB,AK,F
9:17:39,ICBP,RG,8775,1,F,BB,AK,F
9:17:13,ICBP,RG,8750,1,D,CC,ZP,D
9:17:12,ICBP,RG,8750,1,D,CC,AK,D
9:17:10,ICBP,RG,8750,4,D,CC,ZP,D
9:17:09,ICBP,RG,8775,2,F,BB,ZP,D
9:17:09,ICBP,RG,8775,4,F,BB,ZP,D
9:17:07,ICBP,RG,8775,9,F,BB,ZP,D
9:17:07,ICBP,RG,8800,2,F,BB,YP,D
9:17:07,ICBP,RG,8800,2,F,BB,XC,D
9:17:07,ICBP,RG,8800,1,F,BB,YP,D
9:17:07,ICBP,RG,8800,1,F,BB,PD,D
9:17:07,ICBP,RG,8800,4,F,BB,XC,D
9:17:07,ICBP,RG,8800,1,F,BB,YP,D
9:17:07,ICBP,RG,8800,2,F,BB,XC,D
9:17:07,ICBP,RG,8800,12,F,BB,BK,F
9:17:06,ICBP,RG,8775,4,F,BB,AK,F
9:17:06,ICBP,RG,8775,6,F,BB,AK,F
9:17:06,ICBP,RG,8750,14,D,CC,ZP,D
9:17:06,ICBP,RG,8775,69,F,BB,ZP,D
9:17:06,ICBP,RG,8775,5,F,BB,AK,F
9:17:06,ICBP,RG,8775,4,F,BB,AK,F
9:17:06,ICBP,RG,8775,2,F,BB,XC,D
9:17:04,ICBP,RG,8750,21,D,CC,ZP,D
9:17:04,ICBP,RG,8750,27,D,CC,ZP,D
9:17:04,ICBP,RG,8750,6,D,KK,ZP,D
9:17:03,ICBP,RG,8775,1,D,YP,ZP,D
9:17:02,ICBP,RG,8800,80,D,CC,BK,F
9:17:02,ICBP,RG,8775,5,D,YP,AI,D
9:17:02,ICBP,RG,8775,17,F,BB,AI,D
9:17:02,ICBP,RG,8800,45,D,CC,BK,F
9:17:01,ICBP,RG,8800,13,D,CC,BK,F
9:17:01,ICBP,RG,8775,22,F,BB,ZP,D
9:17:01,ICBP,RG,8775,58,D,CC,ZP,D
9:17:00,ICBP,RG,8800,3,D,CC,BK,F
9:17:00,ICBP,RG,8800,24,D,CC,BK,F
9:17:00,ICBP,RG,8800,2,D,CC,AK,F
9:17:00,ICBP,RG,8800,1,D,CC,NI,D
9:17:00,ICBP,RG,8800,2,D,CC,CC,D
9:17:00,ICBP,RG,8800,5,D,CC,KK,D
9:17:00,ICBP,RG,8800,1,D,CC,PD,D
9:17:00,ICBP,RG,8800,5,D,CC,XC,D
9:17:00,ICBP,RG,8800,2,D,CC,XC,D
9:17:00,ICBP,RG,8800,2,D,CC,NI,D
9:17:00,ICBP,RG,8800,50,D,CC,YP,D
9:17:00,ICBP,RG,8800,4,D,CC,CC,D
9:17:00,ICBP,RG,8800,1,D,CC,XC,D
9:17:00,ICBP,RG,8800,5,D,CC,XC,D
9:17:00,ICBP,RG,8800,4,D,CC,YP,D
9:17:00,ICBP,RG,8800,1,D,CC,LG,D
9:17:00,ICBP,RG,8800,2,D,CC,YP,D
9:17:00,ICBP,RG,8800,1,D,CC,AG,D
9:17:00,ICBP,RG,8800,4,D,CC,CC,D
9:17:00,ICBP,RG,8800,2,D,CC,KK,D
9:17:00,ICBP,RG,8800,9,D,CC,SQ,D
9:17:00,ICBP,RG,8800,6,D,CC,SQ,D
9:17:00,ICBP,RG,8800,1,D,CC,PD,D
9:17:00,ICBP,RG,8800,1,D,CC,PD,D
9:17:00,ICBP,RG,8800,1,D,CC,GR,D
9:17:00,ICBP,RG,8800,25,D,CC,DR,D
9:17:00,ICBP,RG,8800,1,D,CC,YJ,D
9:17:00,ICBP,RG,8800,22,D,CC,LG,D
9:16:09,ICBP,RG,8775,1,D,CC,XC,D
9:15:34,ICBP,RG,8775,1,D,CC,ZP,D
9:15:33,ICBP,RG,8800,1,D,CC,LG,D
9:14:27,ICBP,RG,8775,2,D,CC,ZP,D
9:14:25,ICBP,RG,8775,5,D,CC,YP,D
9:13:55,ICBP,RG,8775,1,D,CC,ZP,D
9:13:53,ICBP,RG,8775,2,D,CC,EP,D
9:13:27,ICBP,RG,8775,4,D,CC,ZP,D
9:13:25,ICBP,RG,8800,9,F,BB,LG,D
9:13:22,ICBP,RG,8775,76,D,CC,ZP,D
9:13:22,ICBP,RG,8775,1,D,PD,ZP,D
9:13:22,ICBP,RG,8775,8,F,BB,ZP,D
9:13:22,ICBP,RG,8775,1,D,CC,ZP,D
9:12:08,ICBP,RG,8775,2,D,CC,YP,D
9:11:53,ICBP,RG,8775,12,D,CC,DX,D
9:11:43,ICBP,RG,8775,17,D,CC,KK,D
9:11:40,ICBP,RG,8775,27,D,CC,YP,D
9:11:40,ICBP,RG,8775,28,F,BB,YP,D
9:11:39,ICBP,RG,8775,1,F,BB,DX,D
9:11:29,ICBP,RG,8775,1,F,BB,CC,D
9:10:57,ICBP,RG,8775,1,F,BB,PD,D
9:10:34,ICBP,RG,8775,1,F,BB,PD,D
9:10:30,ICBP,RG,8800,5,F,BB,LG,D
9:10:24,ICBP,RG,8775,16,F,BB,YP,D
9:10:24,ICBP,RG,8775,84,F,BB,YP,D
9:10:03,ICBP,RG,8775,1,F,BB,PD,D
9:10:00,ICBP,RG,8800,11,D,DH,LG,D
9:09:26,ICBP,RG,8800,1,D,PD,LG,D
9:09:25,ICBP,RG,8800,60,F,BB,LG,D
9:09:22,ICBP,RG,8775,29,F,BB,ZP,D
9:09:21,ICBP,RG,8775,1,F,BB,AK,F
9:09:21,ICBP,RG,8775,1,F,BB,XC,D
9:09:21,ICBP,RG,8775,9,F,BB,AK,F
9:09:21,ICBP,RG,8775,25,F,BB,YP,D
9:09:21,ICBP,RG,8775,2,F,BB,GR,D
9:09:21,ICBP,RG,8775,45,F,BB,EP,D
9:09:21,ICBP,RG,8775,3,F,BB,EP,D
9:09:21,ICBP,RG,8775,32,F,BB,EP,D
9:09:21,ICBP,RG,8775,10,F,BB,SQ,D
9:09:21,ICBP,RG,8775,1,F,BB,PD,D
9:09:21,ICBP,RG,8775,1,F,BB,CC,D
9:09:21,ICBP,RG,8775,10,F,BB,DH,D
9:09:21,ICBP,RG,8775,2,F,BB,YP,D
9:09:21,ICBP,RG,8775,20,F,BB,YP,D
9:09:19,ICBP,RG,8750,4,D,KK,ZP,D
9:09:19,ICBP,RG,8750,1,F,BB,ZP,D
9:09:18,ICBP,RG,8750,10,F,BB,PD,D
9:09:17,ICBP,RG,8775,1,D,PD,YP,D
9:08:52,ICBP,RG,8750,13,F,BB,ZP,D
9:08:51,ICBP,RG,8775,5,F,BB,YP,D
9:08:50,ICBP,RG,8775,5,F,BB,YP,D
9:08:49,ICBP,RG,8775,19,D,YP,YP,D
9:08:49,ICBP,RG,8775,1,D,YP,XC,D
9:08:32,ICBP,RG,8750,1,D,CC,ZP,D
9:08:31,ICBP,RG,8775,3,F,BB,XC,D
9:08:11,ICBP,RG,8750,2,D,CC,ZP,D
9:08:10,ICBP,RG,8775,4,F,BB,XC,D
9:08:04,ICBP,RG,8750,4,D,CC,ZP,D
9:08:03,ICBP,RG,8775,5,F,BB,XC,D
9:08:02,ICBP,RG,8750,5,D,CC,ZP,D
9:07:58,ICBP,RG,8750,3,D,CC,ZP,D
9:07:56,ICBP,RG,8750,3,D,CC,ZP,D
9:07:56,ICBP,RG,8775,7,F,BB,XC,D
9:07:55,ICBP,RG,8750,8,D,CC,XC,D
9:07:46,ICBP,RG,8750,1,D,CC,ZP,D
9:07:45,ICBP,RG,8775,1,F,BB,XC,D
9:07:44,ICBP,RG,8750,17,D,CC,ZP,D
9:07:36,ICBP,RG,8775,18,F,BB,XC,D
9:07:36,ICBP,RG,8775,5,F,BB,YP,D
9:07:36,ICBP,RG,8775,16,F,BB,KK,F
9:07:20,ICBP,RG,8750,1,D,CC,ZP,D
9:07:18,ICBP,RG,8775,3,F,BB,KK,F
9:07:07,ICBP,RG,8750,1,D,CC,ZP,D
9:07:04,ICBP,RG,8750,1,D,CC,AK,F
9:07:04,ICBP,RG,8750,2,D,CC,AK,F
9:07:04,ICBP,RG,8750,1,D,CC,AK,F
9:07:01,ICBP,RG,8725,11,F,BB,ZP,D
9:06:58,ICBP,RG,8750,1,D,XC,ZP,D
9:06:58,ICBP,RG,8750,1,F,BB,ZP,D
9:06:58,ICBP,RG,8750,2,D,CC,ZP,D
9:06:55,ICBP,RG,8750,16,D,CC,PD,D
9:06:55,ICBP,RG,8750,1,D,CC,AK,F
9:06:55,ICBP,RG,8750,1,D,CC,NI,D
9:06:55,ICBP,RG,8750,8,D,CC,BK,F
9:06:55,ICBP,RG,8750,5,D,CC,CC,D
9:06:55,ICBP,RG,8750,1,D,CC,AK,F
9:06:55,ICBP,RG,8750,2,D,CC,AK,F
9:06:55,ICBP,RG,8750,14,D,CC,ZP,D
9:06:31,ICBP,RG,8750,1,D,CC,ZP,D
9:06:10,ICBP,RG,8725,1,F,BB,ZP,D
9:06:08,ICBP,RG,8725,2,F,BB,XC,D
9:05:53,ICBP,RG,8725,1,F,BB,NI,D
9:05:01,ICBP,RG,8725,76,F,BB,ZP,D
9:04:31,ICBP,RG,8750,2,D,YP,ZP,D
9:04:12,ICBP,RG,8750,20,D,YP,AK,F
9:04:12,ICBP,RG,8750,1,D,XC,AK,F
9:04:12,ICBP,RG,8750,24,F,BB,AK,F
9:04:12,ICBP,RG,8750,1,D,EP,AK,F
9:04:12,ICBP,RG,8750,5,D,XC,AK,F
9:04:12,ICBP,RG,8750,8,D,PD,AK,F
9:04:12,ICBP,RG,8750,1,D,XC,AK,F
9:04:12,ICBP,RG,8750,83,F,BB,AK,F
9:03:51,ICBP,RG,8775,2,F,BB,KK,F
9:03:51,ICBP,RG,8750,2,F,BB,AZ,D
9:03:24,ICBP,RG,8750,2,F,BB,GR,D
9:02:49,ICBP,RG,8750,1,F,BB,PD,D
9:02:38,ICBP,RG,8750,1,F,BB,NI,D
9:02:16,ICBP,RG,8775,1,D,PD,KK,F
9:02:05,ICBP,RG,8750,10,F,BB,XC,D
9:01:24,ICBP,RG,8775,10,D,YP,KK,F
9:01:01,ICBP,RG,8775,1,D,YP,KK,F
9:00:30,ICBP,RG,8775,1,D,XC,KK,F
9:00:30,ICBP,RG,8775,2,D,XC,KK,F
9:00:20,ICBP,RG,8750,1,F,BB,XC,D
9:00:02,ICBP,RG,8775,1,D,KK,KK,F
8:59:00,ICBP,RG,8775,9,D,OD,KK,F
8:59:00,ICBP,RG,8775,4,D,YP,KK,F
8:59:00,ICBP,RG,8775,2,D,YP,YP,D
8:59:00,ICBP,RG,8775,5,D,YP,XC,D
8:59:00,ICBP,RG,8775,1,D,CC,GR,D
8:59:00,ICBP,RG,8775,1,D,LG,PD,D
8:59:00,ICBP,RG,8775,2,D,LG,KK,D
8:59:00,ICBP,RG,8775,1,D,CC,KK,D
8:59:00,ICBP,RG,8775,2,D,CC,XC,D
8:59:00,ICBP,RG,8775,1,D,CC,XC,D
8:59:00,ICBP,RG,8775,1,D,CC,XC,D
8:59:00,ICBP,RG,8775,5,D,CC,YB,D
8:59:00,ICBP,RG,8775,1,D,CC,KK,D
8:59:00,ICBP,RG,8775,3,D,CC,CC,D
8:59:00,ICBP,RG,8775,12,D,CC,CC,D
8:59:00,ICBP,RG,8775,2,D,CC,CC,D
8:59:00,ICBP,RG,8775,1,D,CC,CC,D
8:59:00,ICBP,RG,8775,3,D,PD,CC,D
8:59:00,ICBP,RG,8775,6,D,AZ,CC,D
8:59:00,ICBP,RG,8775,2,D,PD,CC,D
8:59:00,ICBP,RG,8775,1,D,DH,CC,D
8:59:00,ICBP,RG,8775,1,D,PD,CC,D
8:59:00,ICBP,RG,8775,2,D,XC,CC,D
8:59:00,ICBP,RG,8775,1,D,XC,CC,D
8:59:00,ICBP,RG,8775,2,D,YP,CC,D
8:59:00,ICBP,RG,8775,10,D,CC,CC,D
8:59:00,ICBP,RG,8775,4,F,BB,CC,D
8:59:00,ICBP,RG,8775,5,F,BB,YP,D
8:59:00,ICBP,RG,8775,5,F,BB,PD,D
8:59:00,ICBP,RG,8775,26,F,BB,ZP,D
8:59:00,ICBP,RG,8775,1,F,BB,GR,D
8:59:00,ICBP,RG,8775,1,F,BB,AK,F
8:59:00,ICBP,RG,8775,1,F,BB,AK,F
8:59:00,ICBP,RG,8775,1,F,BB,AK,F