Time,Stock,Brd,Price,Qty,BT,BC,SC,ST
15:14:10,ICBP,RG,8250,2,D,EP,YP,D
15:13:51,ICBP,RG,8250,1,D,XC,YP,D
15:13:45,ICBP,RG,8250,7,D,CC,YP,D
15:13:45,ICBP,RG,8250,7,D,CC,DH,D
15:13:45,ICBP,RG,8250,43,D,CC,DH,D
15:13:45,ICBP,RG,8250,1,D,CC,SQ,D
15:13:45,ICBP,RG,8250,2,D,CC,YP,D
15:13:45,ICBP,RG,8250,1,D,CC,PD,D
15:13:45,ICBP,RG,8250,7,D,CC,NI,D
15:13:45,ICBP,RG,8250,6,D,CC,HP,D
15:13:45,ICBP,RG,8250,2,D,CC,XC,D
15:13:45,ICBP,RG,8250,5,D,CC,CP,D
15:13:45,ICBP,RG,8250,19,D,CC,CC,D
15:13:21,ICBP,RG,8250,3,D,PD,XC,D
15:12:50,ICBP,RG,8250,3,D,YP,XC,D
15:12:50,ICBP,RG,8250,2,D,YP,CC,D
15:12:50,ICBP,RG,8250,1,D,YP,XC,D
15:12:50,ICBP,RG,8250,94,D,YP,YJ,D
15:12:46,ICBP,RG,8250,1,D,XC,YJ,D
15:12:24,ICBP,RG,8250,1,D,PD,YJ,D
15:11:24,ICBP,RG,8250,1,D,XC,YJ,D
15:10:07,ICBP,RG,8250,3,D,YP,YJ,D
15:10:07,ICBP,RG,8250,1,D,YP,XC,D
15:10:07,ICBP,RG,8250,10,D,YP,YP,D
15:10:07,ICBP,RG,8250,1,D,YP,YP,D
15:10:07,ICBP,RG,8250,3,D,YP,XC,D
15:10:07,ICBP,RG,8250,75,D,YP,EP,D
15:10:07,ICBP,RG,8250,10,D,YP,DH,D
15:10:07,ICBP,RG,8250,1,D,YP,PD,D
15:10:07,ICBP,RG,8250,50,D,YP,DR,D
15:10:07,ICBP,RG,8250,10,D,YP,YP,D
15:10:07,ICBP,RG,8250,4,D,YP,DH,D
15:10:07,ICBP,RG,8250,1,D,YP,DH,D
15:10:07,ICBP,RG,8250,31,D,YP,YU,D
15:09:44,ICBP,RG,8250,17,D,XC,YU,D
15:09:11,ICBP,RG,8250,4,D,YP,YU,D
15:08:52,ICBP,RG,8250,2,D,YP,YU,D
15:05:02,ICBP,RG,8250,1,D,PD,YU,D
15:05:02,ICBP,RG,8250,1,D,KK,YU,D
15:05:02,ICBP,RG,8250,7,D,BQ,YU,D
15:05:01,ICBP,RG,8250,1,D,CC,YU,D
15:05:00,ICBP,RG,8250,19,D,AZ,YU,D
15:05:00,ICBP,RG,8250,1,D,PD,YU,D
15:05:00,ICBP,RG,8250,2,D,YB,YU,D
15:00:00,ICBP,RG,8250,1,D,GR,YU,D
15:00:00,ICBP,RG,8250,1,D,GR,YU,D
15:00:00,ICBP,RG,8250,2,D,XC,YU,D
15:00:00,ICBP,RG,8250,1,D,CC,YU,D
15:00:00,ICBP,RG,8250,10,D,NI,YU,D
15:00:00,ICBP,RG,8250,3,D,NI,YU,D
15:00:00,ICBP,RG,8250,3,D,CC,YU,D
15:00:00,ICBP,RG,8250,10,D,PD,YU,D
15:00:00,ICBP,RG,8250,5,D,SQ,YU,D
15:00:00,ICBP,RG,8250,1,D,NI,YU,D
15:00:00,ICBP,RG,8250,2,D,AZ,YU,D
15:00:00,ICBP,RG,8250,1,D,XC,YU,D
15:00:00,ICBP,RG,8250,10,D,SQ,YU,D
15:00:00,ICBP,RG,8250,3,D,YP,YU,D
15:00:00,ICBP,RG,8250,50,D,KK,YU,D
15:00:00,ICBP,RG,8250,2,D,YP,YU,D
15:00:00,ICBP,RG,8250,1,D,GR,YU,D
15:00:00,ICBP,RG,8250,2,D,YP,YU,D
15:00:00,ICBP,RG,8250,1,D,GR,YU,D
15:00:00,ICBP,RG,8250,10,D,AT,YU,D
15:00:00,ICBP,RG,8250,1,D,XA,YU,D
15:00:00,ICBP,RG,8250,2,D,CC,YU,D
15:00:00,ICBP,RG,8250,4,F,ZP,YU,D
15:00:00,ICBP,RG,8250,505,F,ZP,YU,D
15:00:00,ICBP,RG,8250,29,F,ZP,YU,D
15:00:00,ICBP,RG,8250,254,F,BK,YU,D
15:00:00,ICBP,RG,8250,2,F,BK,YP,D
15:00:00,ICBP,RG,8250,1,F,BK,CC,D
15:00:00,ICBP,RG,8250,2,F,BK,YP,D
15:00:00,ICBP,RG,8250,8,F,BK,SQ,D
15:00:00,ICBP,RG,8250,15,F,BK,YP,D
15:00:00,ICBP,RG,8250,55,F,BK,YP,D
15:00:00,ICBP,RG,8250,52,F,AK,YP,D
15:00:00,ICBP,RG,8250,93,F,YU,YP,D
15:00:00,ICBP,RG,8250,1,F,YU,PD,D
15:00:00,ICBP,RG,8250,5,F,YU,CC,D
15:00:00,ICBP,RG,8250,13,F,YU,CC,D
15:00:00,ICBP,RG,8250,6,F,YU,CC,D
15:00:00,ICBP,RG,8250,3,F,YU,KK,D
15:00:00,ICBP,RG,8250,1,F,YU,OD,D
15:00:00,ICBP,RG,8250,1,F,YU,CC,D
15:00:00,ICBP,RG,8250,1,F,YU,NI,D
15:00:00,ICBP,RG,8250,4,F,YU,LG,D
15:00:00,ICBP,RG,8250,2,F,YU,SQ,D
15:00:00,ICBP,RG,8250,1,F,YU,IF,D
15:00:00,ICBP,RG,8250,12,F,YU,YP,D
15:00:00,ICBP,RG,8250,20,F,YU,CC,D
15:00:00,ICBP,RG,8250,1,F,YU,XC,D
15:00:00,ICBP,RG,8250,10,F,YU,PD,D
15:00:00,ICBP,RG,8250,10,F,YU,DH,D
15:00:00,ICBP,RG,8250,3,F,YU,YP,D
15:00:00,ICBP,RG,8250,2,F,YU,YP,D
15:00:00,ICBP,RG,8250,1,F,YU,XC,D
15:00:00,ICBP,RG,8250,1,F,YU,PD,D
15:00:00,ICBP,RG,8250,1,F,YU,XC,D
15:00:00,ICBP,RG,8250,5,F,YU,CC,D
15:00:00,ICBP,RG,8250,2,F,YU,GR,D
15:00:00,ICBP,RG,8250,1,F,YU,XC,D
15:00:00,ICBP,RG,8250,25,F,YU,NI,D
15:00:00,ICBP,RG,8250,3,F,YU,YP,D
15:00:00,ICBP,RG,8250,10,F,YU,CC,D
15:00:00,ICBP,RG,8250,5,F,YU,CC,D
15:00:00,ICBP,RG,8250,1,F,YU,PD,D
15:00:00,ICBP,RG,8250,4,F,YU,CC,D
15:00:00,ICBP,RG,8250,1,F,YU,GR,D
15:00:00,ICBP,RG,8250,1,F,YU,XC,D
15:00:00,ICBP,RG,8250,2,F,YU,SQ,D
15:00:00,ICBP,RG,8250,12,F,YU,OD,D
15:00:00,ICBP,RG,8250,17,F,YU,SQ,D
15:00:00,ICBP,RG,8250,5,F,YU,CC,D
15:00:00,ICBP,RG,8250,1,F,YU,NI,D
15:00:00,ICBP,RG,8250,105,F,YU,YP,D
15:00:00,ICBP,RG,8250,3,F,YU,YP,D
15:00:00,ICBP,RG,8250,4,F,YU,NI,D
15:00:00,ICBP,RG,8250,3,F,YU,PD,D
15:00:00,ICBP,RG,8250,1,F,YU,SQ,D
15:00:00,ICBP,RG,8250,8,F,YU,XC,D
15:00:00,ICBP,RG,8250,1,F,YU,KK,D
15:00:00,ICBP,RG,8250,1,F,YU,AZ,D
15:00:00,ICBP,RG,8250,3,F,YU,XC,D
15:00:00,ICBP,RG,8250,2,F,YU,CC,D
15:00:00,ICBP,RG,8250,5,F,YU,XC,D
15:00:00,ICBP,RG,8250,1,F,YU,YP,D
15:00:00,ICBP,RG,8250,1,F,YU,KK,D
15:00:00,ICBP,RG,8250,1,F,YU,PD,D
15:00:00,ICBP,RG,8250,200,F,YU,CP,D
15:00:00,ICBP,RG,8250,5,F,YU,SH,D
15:00:00,ICBP,RG,8250,10,F,YU,YP,D
15:00:00,ICBP,RG,8250,2,F,YU,PD,D
15:00:00,ICBP,RG,8250,10,F,YU,AZ,D
15:00:00,ICBP,RG,8250,1,F,YU,YP,D
15:00:00,ICBP,RG,8250,15,F,YU,PD,D
15:00:00,ICBP,RG,8250,7,F,YU,PD,D
15:00:00,ICBP,RG,8250,15,F,YU,PD,D
15:00:00,ICBP,RG,8250,400,F,YU,YP,D
15:00:00,ICBP,RG,8250,2,F,YU,NI,D
15:00:00,ICBP,RG,8250,61,F,YU,YP,D
15:00:00,ICBP,RG,8250,10,F,YU,OD,D
15:00:00,ICBP,RG,8250,90,F,YU,CS,F
15:00:00,ICBP,RG,8250,151,F,YU,CS,F
15:00:00,ICBP,RG,8250,29,F,YU,OD,D
15:00:00,ICBP,RG,8250,4,F,YU,AK,F
15:00:00,ICBP,RG,8250,8,F,YU,AK,F
15:00:00,ICBP,RG,8250,8,F,YU,LG,D
15:00:00,ICBP,RG,8250,8,D,BQ,LG,D
15:00:00,ICBP,RG,8250,4,D,PD,LG,D
15:00:00,ICBP,RG,8250,14,D,PD,ZP,F
14:49:58,ICBP,RG,8250,1,F,ZP,PD,D
14:49:57,ICBP,RG,8250,8,F,ZP,PD,D
14:49:52,ICBP,RG,8225,1,F,ZP,BK,F
14:49:52,ICBP,RG,8225,7,F,ZP,BK,F
14:49:47,ICBP,RG,8225,13,F,ZP,BK,F
14:49:47,ICBP,RG,8200,1,D,YJ,ZP,F
14:49:39,ICBP,RG,8250,1,F,ZP,PD,D
14:49:39,ICBP,RG,8225,1,F,ZP,ZP,F
14:49:38,ICBP,RG,8250,14,F,ZP,PD,D
14:49:30,ICBP,RG,8200,1,D,YJ,AK,F
14:49:29,ICBP,RG,8250,14,F,ZP,PD,D
14:49:29,ICBP,RG,8225,1,F,ZP,ZP,F
14:49:27,ICBP,RG,8250,1,F,ZP,PD,D
14:49:22,ICBP,RG,8250,2,D,XC,PD,D
14:49:19,ICBP,RG,8250,6,F,ZP,PD,D
14:49:19,ICBP,RG,8250,4,F,ZP,YP,D
14:49:16,ICBP,RG,8250,1,F,ZP,YP,D
14:49:16,ICBP,RG,8250,2,F,ZP,KK,D
14:49:15,ICBP,RG,8250,3,F,ZP,KK,D
14:49:15,ICBP,RG,8250,1,F,ZP,YP,D
14:49:15,ICBP,RG,8250,10,F,ZP,YB,D
14:49:15,ICBP,RG,8250,1,F,ZP,DH,D
14:49:15,ICBP,RG,8250,8,F,ZP,PD,D
14:49:15,ICBP,RG,8225,1,F,ZP,ZP,F
14:49:15,ICBP,RG,8200,1,D,YJ,AK,F
14:49:03,ICBP,RG,8250,6,F,BK,PD,D
14:49:01,ICBP,RG,8250,23,F,ZP,PD,D
14:49:00,ICBP,RG,8225,1,F,AK,ZP,F
14:48:51,ICBP,RG,8250,11,F,ZP,PD,D
14:48:51,ICBP,RG,8200,1,D,YJ,YP,D
14:48:51,ICBP,RG,8250,2,F,ZP,PD,D
14:48:51,ICBP,RG,8250,1,F,ZP,XC,D
14:48:51,ICBP,RG,8250,1,F,ZP,PD,D
14:48:51,ICBP,RG,8250,102,F,ZP,AI,F
14:48:50,ICBP,RG,8225,2,F,ZP,DR,D
14:48:50,ICBP,RG,8225,10,F,ZP,CC,D
14:48:50,ICBP,RG,8225,9,F,ZP,PD,D
14:48:50,ICBP,RG,8225,27,F,ZP,NI,D
14:48:48,ICBP,RG,8200,2,D,YJ,CC,D
14:48:35,ICBP,RG,8225,2,D,PD,NI,D
14:48:08,ICBP,RG,8225,5,F,BK,NI,D
14:48:04,ICBP,RG,8200,3,D,YJ,KZ,D
14:48:04,ICBP,RG,8200,2,D,PD,KZ,D
14:48:04,ICBP,RG,8200,13,D,YJ,KZ,D
14:47:51,ICBP,RG,8225,4,F,ZP,NI,D
14:47:38,ICBP,RG,8225,4,D,CS,NI,D
14:47:29,ICBP,RG,8225,2,D,CS,NI,D
14:47:25,ICBP,RG,8225,1,D,CS,NI,D
14:47:25,ICBP,RG,8225,1,D,CS,XC,D
14:47:24,ICBP,RG,8225,2,D,YU,XC,D
14:47:24,ICBP,RG,8225,1,D,YU,PC,D
14:47:24,ICBP,RG,8225,4,D,YU,CC,D
14:47:24,ICBP,RG,8225,3,D,YU,DH,D
14:47:20,ICBP,RG,8225,5,D,CS,DH,D
14:47:09,ICBP,RG,8225,2,D,CS,DH,D
14:47:09,ICBP,RG,8225,3,D,CS,GR,D
14:46:59,ICBP,RG,8225,2,D,CS,GR,D
14:46:59,ICBP,RG,8225,1,D,CS,AK,F
14:46:54,ICBP,RG,8225,1,D,YP,AK,F
14:46:49,ICBP,RG,8225,6,D,YP,CS,F
14:46:48,ICBP,RG,8225,2,D,CS,CS,F
14:46:48,ICBP,RG,8225,3,D,CS,CS,F
14:46:37,ICBP,RG,8225,1,D,CS,CS,F
14:46:37,ICBP,RG,8225,10,D,SQ,CS,F
14:46:31,ICBP,RG,8225,3,D,CS,CS,F
14:46:30,ICBP,RG,8225,51,F,YU,CS,F
14:46:28,ICBP,RG,8225,1,D,XC,CS,F
14:46:17,ICBP,RG,8225,7,D,CS,CS,F
14:46:12,ICBP,RG,8200,5,D,YJ,DH,D
14:46:02,ICBP,RG,8225,8,F,ZP,CS,F
14:46:00,ICBP,RG,8225,4,F,YU,CS,F
14:46:00,ICBP,RG,8225,4,F,YU,KZ,D
14:46:00,ICBP,RG,8225,4,F,YU,KZ,D
14:46:00,ICBP,RG,8225,22,F,YU,YP,D
14:45:56,ICBP,RG,8225,6,D,CS,YP,D
14:45:39,ICBP,RG,8225,18,D,NI,YP,D
14:45:34,ICBP,RG,8225,7,D,CS,YP,D
14:45:30,ICBP,RG,8225,1,D,YB,YP,D
14:45:26,ICBP,RG,8225,1,F,ZP,YP,D
14:45:25,ICBP,RG,8225,10,F,YP,YP,D
14:45:10,ICBP,RG,8225,18,D,CS,YP,D
14:45:09,ICBP,RG,8225,5,F,BK,YP,D
14:45:09,ICBP,RG,8225,1,D,CS,YP,D
14:45:09,ICBP,RG,8225,6,D,CC,YP,D
14:45:09,ICBP,RG,8225,5,D,CS,YP,D
14:45:08,ICBP,RG,8225,1,D,CS,XC,D
14:45:08,ICBP,RG,8225,3,F,BK,XC,D
14:44:59,ICBP,RG,8225,2,F,BK,DH,D
14:44:59,ICBP,RG,8225,1,F,ZP,DH,D
14:44:53,ICBP,RG,8225,4,F,ZP,XC,D
14:44:53,ICBP,RG,8225,1,F,ZP,NI,D
14:44:33,ICBP,RG,8225,4,D,PD,EP,D
14:44:18,ICBP,RG,8225,5,D,PD,GR,D
14:44:10,ICBP,RG,8250,1,D,PD,AI,F
14:44:00,ICBP,RG,8250,32,F,YU,AI,F
14:43:55,ICBP,RG,8225,1,D,PD,NI,D
14:43:22,ICBP,RG,8225,1,D,CS,YP,D
14:43:14,ICBP,RG,8225,1,D,CS,YP,D
14:43:14,ICBP,RG,8225,1,D,NI,CC,D
14:43:11,ICBP,RG,8225,2,D,CS,SQ,D
14:43:01,ICBP,RG,8225,1,D,CS,SQ,D
14:43:00,ICBP,RG,8225,2,D,NI,SQ,D
14:43:00,ICBP,RG,8225,9,D,NI,CC,D
14:43:00,ICBP,RG,8225,6,D,NI,CC,D
14:43:00,ICBP,RG,8225,30,D,NI,CC,D
14:43:00,ICBP,RG,8225,28,F,YU,CC,D
14:42:16,ICBP,RG,8225,1,D,NI,CC,D
14:42:13,ICBP,RG,8200,3,D,YJ,PD,D
14:42:12,ICBP,RG,8225,1,D,XC,CC,D
14:42:12,ICBP,RG,8225,1,D,XC,AK,F
14:41:58,ICBP,RG,8225,1,F,BK,AK,F
14:41:58,ICBP,RG,8225,110,F,BK,MG,D
14:41:56,ICBP,RG,8225,115,F,BK,MG,D
14:41:47,ICBP,RG,8225,2,F,ZP,MG,D
14:41:31,ICBP,RG,8225,16,D,CS,MG,D
14:41:31,ICBP,RG,8225,2,D,CS,MG,D
14:41:31,ICBP,RG,8225,3,D,CS,MG,D
14:41:31,ICBP,RG,8225,2,D,CS,MG,D
14:41:31,ICBP,RG,8225,4,D,CS,MG,D
14:41:30,ICBP,RG,8225,30,F,YU,MG,D
14:41:30,ICBP,RG,8225,5,F,BK,MG,D
14:41:30,ICBP,RG,8225,1,D,CS,MG,D
14:41:30,ICBP,RG,8225,10,F,ZP,MG,D
14:41:30,ICBP,RG,8250,105,F,YU,AI,F
14:41:12,ICBP,RG,8250,40,D,YP,AI,F
14:41:12,ICBP,RG,8250,1,D,YP,PD,D
14:41:12,ICBP,RG,8250,2,D,YP,DR,D
14:41:06,ICBP,RG,8225,1,F,ZP,XC,D
14:41:01,ICBP,RG,8225,2,F,ZP,ZP,F
14:41:01,ICBP,RG,8225,1,F,ZP,AK,F
14:41:00,ICBP,RG,8225,2,F,YU,AK,F
14:41:00,ICBP,RG,8225,1,F,YU,RG,D
14:41:00,ICBP,RG,8225,1,F,YU,PD,D
14:41:00,ICBP,RG,8225,2,F,YU,KZ,D
14:41:00,ICBP,RG,8225,1,F,YU,AK,F
14:41:00,ICBP,RG,8225,50,F,YU,BQ,D
14:41:00,ICBP,RG,8225,3,F,YU,ZP,F
14:41:00,ICBP,RG,8225,44,F,YU,KZ,D
14:40:49,ICBP,RG,8225,4,D,CS,KZ,D
14:40:49,ICBP,RG,8225,2,D,CS,XC,D
14:40:49,ICBP,RG,8225,1,D,CS,EP,D
14:40:49,ICBP,RG,8225,1,D,CS,XC,D
14:40:49,ICBP,RG,8225,1,D,CS,CC,D
14:40:09,ICBP,RG,8200,12,D,YJ,YP,D
14:39:53,ICBP,RG,8225,5,D,YB,CC,D
14:39:36,ICBP,RG,8225,3,D,CS,GR,D
14:39:36,ICBP,RG,8225,3,D,CS,GR,D
14:39:35,ICBP,RG,8225,3,D,CS,GR,D
14:39:35,ICBP,RG,8225,2,D,CS,GR,D
14:39:35,ICBP,RG,8225,4,F,BK,GR,D
14:39:25,ICBP,RG,8225,1,F,BK,EP,D
14:39:23,ICBP,RG,8225,8,F,BK,PD,D
14:39:23,ICBP,RG,8225,3,D,YP,PD,D
14:39:23,ICBP,RG,8225,27,D,ZP,PD,D
14:39:23,ICBP,RG,8225,1,D,PD,PD,D
14:39:23,ICBP,RG,8225,1,D,CS,PD,D
14:39:23,ICBP,RG,8225,1,D,CS,PD,D
14:39:23,ICBP,RG,8225,2,D,CS,PD,D
14:39:23,ICBP,RG,8225,6,D,CS,PD,D
14:39:23,ICBP,RG,8225,51,F,YU,PD,D
14:39:18,ICBP,RG,8225,5,F,YU,AK,F
14:39:18,ICBP,RG,8225,4,D,OD,AK,F
14:39:17,ICBP,RG,8225,1,D,OD,YP,D
14:39:17,ICBP,RG,8225,1,D,YP,YP,D
14:39:17,ICBP,RG,8225,1,D,CS,YP,D
14:39:17,ICBP,RG,8225,4,F,BK,YP,D
14:38:13,ICBP,RG,8225,2,F,BK,PD,D
14:38:11,ICBP,RG,8250,6,D,YP,DR,D
14:38:10,ICBP,RG,8225,2,D,CS,EP,D
14:38:10,ICBP,RG,8225,1,D,CS,EP,D
14:38:10,ICBP,RG,8225,5,D,CS,EP,D
14:38:10,ICBP,RG,8225,5,D,HP,EP,D
14:38:10,ICBP,RG,8225,3,D,OD,EP,D
14:38:10,ICBP,RG,8225,8,D,XC,EP,D
14:38:10,ICBP,RG,8225,26,F,YU,EP,D
14:38:09,ICBP,RG,8225,1,F,YU,KK,D
14:38:03,ICBP,RG,8250,2,D,NI,DR,D
14:38:03,ICBP,RG,8250,4,D,NI,XC,D
14:38:03,ICBP,RG,8250,3,D,NI,CC,D
14:38:03,ICBP,RG,8250,1,D,NI,PD,D
14:38:00,ICBP,RG,8250,33,F,YU,CC,D
14:37:43,ICBP,RG,8225,7,F,YU,BQ,D
14:37:43,ICBP,RG,8225,1,F,AK,BQ,D
14:37:43,ICBP,RG,8225,5,F,BK,BQ,D
14:37:43,ICBP,RG,8225,1,D,YP,BQ,D
14:37:43,ICBP,RG,8225,6,D,CS,BQ,D
14:37:43,ICBP,RG,8225,1,D,CS,BQ,D
14:37:43,ICBP,RG,8225,7,F,ZP,BQ,D
14:37:43,ICBP,RG,8225,1,D,CS,BQ,D
14:37:43,ICBP,RG,8225,4,D,CS,BQ,D
14:37:43,ICBP,RG,8225,3,D,CS,BQ,D
14:37:43,ICBP,RG,8225,64,D,SQ,BQ,D
14:37:38,ICBP,RG,8250,6,D,SQ,CC,D
14:37:15,ICBP,RG,8225,3,D,SQ,YP,D
14:37:08,ICBP,RG,8250,112,F,YU,CC,D
14:37:06,ICBP,RG,8225,3,D,SQ,NI,D
14:36:57,ICBP,RG,8225,2,D,SQ,YP,D
14:36:29,ICBP,RG,8250,6,D,CC,CC,D
14:36:14,ICBP,RG,8250,1,D,XC,CC,D
14:36:00,ICBP,RG,8250,27,F,YU,CC,D
14:35:29,ICBP,RG,8225,3,D,SQ,SQ,D
14:35:25,ICBP,RG,8225,3,D,SQ,YP,D
14:35:16,ICBP,RG,8225,58,D,SQ,YP,D
14:35:04,ICBP,RG,8225,2,D,SQ,DH,D
14:34:45,ICBP,RG,8225,5,D,SQ,DH,D
14:34:45,ICBP,RG,8225,1,D,SQ,PD,D
14:34:45,ICBP,RG,8225,3,D,SQ,YP,D
14:34:45,ICBP,RG,8225,153,D,SQ,BQ,D
14:34:36,ICBP,RG,8200,1,D,YJ,XC,D
14:34:26,ICBP,RG,8225,4,D,NI,BQ,D
14:34:17,ICBP,RG,8225,43,F,YU,BQ,D
14:34:17,ICBP,RG,8225,15,F,YU,YP,D
14:34:17,ICBP,RG,8225,1,F,YU,KK,D
14:34:17,ICBP,RG,8225,5,F,YU,CC,D
14:34:17,ICBP,RG,8225,6,F,YU,YP,D
14:34:17,ICBP,RG,8225,2,F,YU,YP,D
14:34:17,ICBP,RG,8225,29,F,YU,BK,F
14:34:01,ICBP,RG,8225,2,D,NI,BK,F
14:33:58,ICBP,RG,8200,59,D,YJ,BQ,D
14:33:58,ICBP,RG,8200,6,D,CS,BQ,D
14:33:58,ICBP,RG,8200,1,D,CC,BQ,D
14:33:58,ICBP,RG,8200,5,D,CS,BQ,D
14:33:58,ICBP,RG,8200,1,D,CS,BQ,D
14:33:58,ICBP,RG,8200,1,D,CS,BQ,D
14:33:58,ICBP,RG,8200,27,D,PD,BQ,D
14:33:16,ICBP,RG,8225,4,D,CS,BK,F
14:33:13,ICBP,RG,8225,1,D,EP,BK,F
14:33:02,ICBP,RG,8225,10,D,XC,BK,F
14:32:58,ICBP,RG,8225,2,D,PD,BK,F
14:32:58,ICBP,RG,8225,1,D,PD,YP,D
14:32:30,ICBP,RG,8225,3,F,ZP,YP,D
14:32:29,ICBP,RG,8225,3,D,CS,KZ,D
14:32:29,ICBP,RG,8225,3,D,CS,KZ,D
14:32:29,ICBP,RG,8225,3,D,CS,KZ,D
14:32:29,ICBP,RG,8225,7,D,CC,KZ,D
14:32:29,ICBP,RG,8225,11,D,YP,KZ,D
14:32:24,ICBP,RG,8225,49,D,YP,BQ,D
14:32:24,ICBP,RG,8225,5,F,BK,BQ,D
14:32:24,ICBP,RG,8225,47,F,YU,BQ,D
14:32:24,ICBP,RG,8225,36,F,YU,BQ,D
14:32:24,ICBP,RG,8225,2,D,CS,BQ,D
14:32:24,ICBP,RG,8225,11,D,SQ,BQ,D
14:32:01,ICBP,RG,8225,2,D,SQ,YP,D
14:32:00,ICBP,RG,8250,5,F,YU,CC,D
14:32:00,ICBP,RG,8250,1,F,YU,PD,D
14:32:00,ICBP,RG,8250,2,F,YU,OD,D
14:32:00,ICBP,RG,8250,1,F,YU,YP,D
14:32:00,ICBP,RG,8250,20,F,YU,DH,D
14:32:00,ICBP,RG,8250,2,F,YU,DH,D
14:32:00,ICBP,RG,8250,1,F,YU,PD,D
14:31:51,ICBP,RG,8250,1,D,PD,PD,D
14:31:26,ICBP,RG,8225,1,D,SQ,XC,D
14:31:25,ICBP,RG,8250,1,D,PD,YP,D
14:31:25,ICBP,RG,8250,2,D,PD,YP,D
14:31:22,ICBP,RG,8225,1,D,SQ,SQ,D
14:31:18,ICBP,RG,8250,1,D,NI,YP,D
14:31:17,ICBP,RG,8225,9,D,SQ,PD,D
14:31:17,ICBP,RG,8225,2,F,ZP,PD,D
14:31:17,ICBP,RG,8225,57,F,YU,PD,D
14:31:17,ICBP,RG,8225,14,F,BK,PD,D
14:31:17,ICBP,RG,8225,4,D,CS,PD,D
14:31:17,ICBP,RG,8225,1,D,CS,PD,D
14:31:17,ICBP,RG,8225,3,D,CS,PD,D
14:31:17,ICBP,RG,8225,2,D,CS,PD,D
14:31:17,ICBP,RG,8225,3,F,ZP,PD,D
14:31:17,ICBP,RG,8225,5,F,YU,PD,D
14:31:13,ICBP,RG,8225,1,F,YU,CC,D
14:30:34,ICBP,RG,8250,5,F,BK,YP,D
14:30:24,ICBP,RG,8225,5,F,YU,EP,D
14:29:55,ICBP,RG,8225,1,F,YU,NI,D
14:29:34,ICBP,RG,8225,10,F,YU,XC,D
14:29:34,ICBP,RG,8225,10,F,YU,YP,D
14:29:34,ICBP,RG,8225,17,F,YU,YP,D
14:29:34,ICBP,RG,8225,1,F,AK,YP,D
14:29:22,ICBP,RG,8225,7,F,AK,CC,D
14:29:22,ICBP,RG,8225,25,F,AK,CC,D
14:29:22,ICBP,RG,8225,1,F,AK,AK,F
14:29:22,ICBP,RG,8225,20,F,AK,PD,D
14:29:22,ICBP,RG,8225,1,F,AK,XC,D
14:29:22,ICBP,RG,8225,20,F,AK,PD,D
14:29:22,ICBP,RG,8225,14,F,AK,XC,D
14:29:22,ICBP,RG,8225,1,F,AK,PD,D
14:29:22,ICBP,RG,8225,1,F,AK,XC,D
14:29:22,ICBP,RG,8225,1,F,AK,GR,D
14:29:21,ICBP,RG,8225,10,D,CS,GR,D
14:28:33,ICBP,RG,8200,1,D,PD,SQ,D
14:28:31,ICBP,RG,8225,4,F,BK,GR,D
14:28:31,ICBP,RG,8225,1,F,BK,PD,D
14:28:21,ICBP,RG,8225,3,F,ZP,PD,D
14:28:20,ICBP,RG,8225,1,F,YU,PD,D
14:28:20,ICBP,RG,8225,100,F,YU,BQ,D
14:28:20,ICBP,RG,8225,1,F,YU,PD,D
14:28:20,ICBP,RG,8225,7,F,YU,KZ,D
14:28:16,ICBP,RG,8200,8,D,PD,CC,D
14:28:16,ICBP,RG,8200,2,D,PD,NI,D
14:28:15,ICBP,RG,8225,12,D,CC,KZ,D
14:28:15,ICBP,RG,8225,2,D,CC,PD,D
14:27:32,ICBP,RG,8225,1,D,CS,PD,D
14:27:32,ICBP,RG,8225,13,D,CS,CP,D
14:27:23,ICBP,RG,8225,2,F,ZP,CP,D
14:27:16,ICBP,RG,8225,1,D,PD,CP,D
14:26:40,ICBP,RG,8225,2,F,ZP,CP,D
14:26:25,ICBP,RG,8225,5,F,BK,CP,D
14:26:07,ICBP,RG,8200,2,D,PD,XA,D
14:26:07,ICBP,RG,8200,13,F,AK,XA,D
14:26:00,ICBP,RG,8225,17,F,YU,CP,D
14:26:00,ICBP,RG,8225,1,F,YU,NI,D
14:26:00,ICBP,RG,8225,4,F,YU,CC,D
14:26:00,ICBP,RG,8225,3,F,YU,CC,D
14:26:00,ICBP,RG,8225,1,F,YU,AK,F
14:26:00,ICBP,RG,8225,2,F,YU,AK,F
14:26:00,ICBP,RG,8225,2,F,YU,ZP,F
14:25:29,ICBP,RG,8200,17,F,AK,BQ,D
14:25:29,ICBP,RG,8200,33,D,EP,BQ,D
14:25:02,ICBP,RG,8225,10,D,CS,ZP,F
14:25:02,ICBP,RG,8225,1,D,CS,YP,D
14:25:02,ICBP,RG,8225,1,D,CS,PD,D
14:25:02,ICBP,RG,8225,2,D,CS,XC,D
14:25:02,ICBP,RG,8225,1,D,CS,PD,D
14:25:01,ICBP,RG,8225,1,F,ZP,PD,D
14:25:01,ICBP,RG,8225,1,F,ZP,XC,D
14:25:01,ICBP,RG,8225,1,F,ZP,XC,D
14:25:01,ICBP,RG,8225,14,F,ZP,OD,D
14:25:00,ICBP,RG,8225,36,F,YU,OD,D
14:25:00,ICBP,RG,8225,18,F,YU,KZ,D
14:25:00,ICBP,RG,8225,1,F,YU,CC,D
14:25:00,ICBP,RG,8225,1,F,YU,YP,D
14:25:00,ICBP,RG,8225,58,F,YU,NI,D
14:24:16,ICBP,RG,8225,5,F,BK,NI,D
14:24:00,ICBP,RG,8225,27,F,YU,NI,D
14:23:50,ICBP,RG,8200,6,D,EP,CC,D
14:23:13,ICBP,RG,8200,5,D,EP,DH,D
14:22:58,ICBP,RG,8200,10,D,EP,YP,D
14:22:13,ICBP,RG,8225,10,D,PD,NI,D
14:22:05,ICBP,RG,8225,5,F,BK,NI,D
14:22:00,ICBP,RG,8225,33,F,YU,NI,D
14:21:58,ICBP,RG,8225,12,D,CS,NI,D
14:21:58,ICBP,RG,8225,16,D,CS,CS,F
14:21:40,ICBP,RG,8225,71,F,YU,CS,F
14:21:40,ICBP,RG,8225,1,F,YU,AK,F
14:21:40,ICBP,RG,8225,4,F,YU,AK,F
14:21:40,ICBP,RG,8225,5,F,YU,YP,D
14:21:40,ICBP,RG,8225,2,F,YU,CC,D
14:21:40,ICBP,RG,8225,5,F,YU,KK,D
14:21:40,ICBP,RG,8225,1,F,YU,YP,D
14:21:40,ICBP,RG,8225,13,F,YU,SQ,D
14:20:52,ICBP,RG,8200,21,D,EP,BQ,D
14:20:52,ICBP,RG,8200,7,D,CS,BQ,D
14:20:52,ICBP,RG,8200,22,D,YJ,BQ,D
14:20:48,ICBP,RG,8225,1,D,YP,SQ,D
14:20:33,ICBP,RG,8200,2,D,YJ,PD,D
14:20:19,ICBP,RG,8225,1,D,YP,SQ,D
14:20:00,ICBP,RG,8225,35,F,YU,SQ,D
14:19:34,ICBP,RG,8200,3,D,YJ,CC,D
14:19:34,ICBP,RG,8200,3,D,SQ,CC,D
14:19:24,ICBP,RG,8200,2,D,SQ,YP,D
14:19:15,ICBP,RG,8200,3,D,SQ,YP,D
14:18:48,ICBP,RG,8200,2,D,SQ,YP,D
14:18:25,ICBP,RG,8200,2,F,BK,YP,D
14:18:25,ICBP,RG,8225,1,D,YP,PD,D
14:18:25,ICBP,RG,8225,1,D,YP,YP,D
14:18:25,ICBP,RG,8225,1,D,YP,PD,D
14:18:25,ICBP,RG,8225,1,D,YP,PD,D
14:18:25,ICBP,RG,8225,5,D,YP,YP,D
14:18:20,ICBP,RG,8225,3,F,YU,YP,D
14:18:20,ICBP,RG,8225,2,F,YU,OD,D
14:18:20,ICBP,RG,8225,3,F,YU,PD,D
14:18:20,ICBP,RG,8225,1,F,YU,GR,D
14:18:20,ICBP,RG,8225,6,F,YU,GR,D
14:18:20,ICBP,RG,8225,2,F,YU,NI,D
14:18:20,ICBP,RG,8225,25,F,YU,DH,D
14:18:20,ICBP,RG,8225,3,F,YU,PD,D
14:18:20,ICBP,RG,8225,20,F,YU,YP,D
14:18:20,ICBP,RG,8225,2,F,YU,NI,D
14:18:20,ICBP,RG,8225,40,F,YU,CP,D
14:17:58,ICBP,RG,8200,2,F,BK,YP,D
14:17:53,ICBP,RG,8200,1,F,BK,PD,D
14:17:36,ICBP,RG,8200,1,F,BK,XC,D
14:17:34,ICBP,RG,8225,1,D,PD,CP,D
14:16:51,ICBP,RG,8200,2,F,BK,YP,D
14:16:51,ICBP,RG,8200,1,F,AK,YP,D
14:16:51,ICBP,RG,8200,1,D,CS,YP,D
14:16:51,ICBP,RG,8200,1,D,CC,YP,D
14:16:48,ICBP,RG,8200,2,D,CC,ZP,F
14:16:15,ICBP,RG,8225,1,D,PD,CP,D
14:16:00,ICBP,RG,8225,27,F,YU,CP,D
14:15:59,ICBP,RG,8225,3,D,YP,CP,D
14:15:00,ICBP,RG,8225,106,F,YU,CP,D
14:14:49,ICBP,RG,8225,22,F,AK,CP,D
14:14:49,ICBP,RG,8225,1,F,AK,DH,D
14:14:49,ICBP,RG,8225,75,F,AK,KI,D
14:14:49,ICBP,RG,8225,1,F,AK,YB,D
14:14:49,ICBP,RG,8225,1,F,AK,NI,D
14:14:48,ICBP,RG,8200,2,F,AK,PD,D
14:14:48,ICBP,RG,8200,1,D,CS,PD,D
14:14:48,ICBP,RG,8225,7,F,AK,NI,D
14:14:48,ICBP,RG,8225,1,F,AK,AK,F
14:14:48,ICBP,RG,8225,89,F,AK,CS,F
14:14:48,ICBP,RG,8225,1,F,AK,AK,F
14:14:48,ICBP,RG,8225,1,F,AK,XC,D
14:14:48,ICBP,RG,8200,1,F,AK,YP,D
14:14:48,ICBP,RG,8200,1,F,ZP,YP,D
14:14:48,ICBP,RG,8200,2,D,YJ,YP,D
14:14:47,ICBP,RG,8200,1,D,YJ,CC,D
14:14:47,ICBP,RG,8200,2,D,YJ,PD,D
14:14:47,ICBP,RG,8200,1,D,YJ,PD,D
14:14:47,ICBP,RG,8200,15,D,YJ,BK,F
14:14:42,ICBP,RG,8200,2,F,ZP,BK,F
14:14:28,ICBP,RG,8200,10,F,ZP,BK,F
14:13:39,ICBP,RG,8200,1,D,NI,BK,F
14:13:18,ICBP,RG,8200,2,D,OD,BK,F
14:13:11,ICBP,RG,8200,39,F,AK,BK,F
14:13:11,ICBP,RG,8200,5,F,AK,YP,D
14:13:11,ICBP,RG,8200,2,F,AK,XC,D
14:13:11,ICBP,RG,8200,2,F,AK,YP,D
14:13:11,ICBP,RG,8200,1,F,AK,CC,D
14:13:11,ICBP,RG,8200,7,F,AK,CC,D
14:13:11,ICBP,RG,8200,8,F,AK,CD,D
14:13:11,ICBP,RG,8200,8,F,AK,ZP,F
14:13:11,ICBP,RG,8200,1,F,AK,AK,F
14:13:11,ICBP,RG,8200,27,F,AK,BQ,D
14:12:53,ICBP,RG,8200,2,D,YP,BQ,D
14:12:25,ICBP,RG,8200,6,D,SQ,BQ,D
14:12:21,ICBP,RG,8175,3,D,YP,ZP,F
14:12:04,ICBP,RG,8175,1,D,YJ,YP,D
14:11:48,ICBP,RG,8200,15,F,AK,BQ,D
14:11:48,ICBP,RG,8200,2,F,AK,AK,F
14:11:48,ICBP,RG,8200,83,F,AK,BK,F
14:11:40,ICBP,RG,8200,103,F,YU,BK,F
14:10:55,ICBP,RG,8175,1,D,YJ,AI,D
14:10:23,ICBP,RG,8200,2,D,NI,BK,F
14:10:08,ICBP,RG,8200,6,D,CC,BK,F
14:10:08,ICBP,RG,8200,6,D,CC,CC,D
14:10:08,ICBP,RG,8200,3,D,CC,ZP,F
14:10:00,ICBP,RG,8175,1,D,YJ,YP,D
14:09:16,ICBP,RG,8175,1,D,YJ,YP,D
14:09:12,ICBP,RG,8200,1,D,XC,ZP,F
14:09:07,ICBP,RG,8175,39,D,YJ,ZP,D
14:09:07,ICBP,RG,8175,8,D,PD,ZP,D
14:09:07,ICBP,RG,8175,57,D,YJ,ZP,D
14:09:07,ICBP,RG,8175,1,D,KK,ZP,D
14:09:07,ICBP,RG,8175,10,D,SQ,ZP,D
14:09:07,ICBP,RG,8175,5,D,YP,ZP,D
14:09:07,ICBP,RG,8175,5,D,SQ,ZP,D
14:09:07,ICBP,RG,8175,23,D,YJ,ZP,D
14:09:07,ICBP,RG,8175,2,D,KK,ZP,D
14:09:07,ICBP,RG,8175,5,D,CC,ZP,D
14:09:07,ICBP,RG,8175,100,D,YP,ZP,D
14:09:07,ICBP,RG,8175,45,D,YJ,ZP,D
14:09:07,ICBP,RG,8175,33,D,YJ,ZP,D
14:09:07,ICBP,RG,8175,1,D,PD,ZP,D
14:09:07,ICBP,RG,8175,100,D,YP,ZP,D
14:09:07,ICBP,RG,8175,2,D,LG,ZP,D
14:09:07,ICBP,RG,8175,91,D,MG,ZP,D
14:09:07,ICBP,RG,8200,5,F,BK,ZP,D
14:09:07,ICBP,RG,8200,5,D,CC,ZP,D
14:09:07,ICBP,RG,8200,1,D,DR,ZP,D
14:09:07,ICBP,RG,8200,1,D,XC,ZP,D
14:09:07,ICBP,RG,8200,5,D,SQ,ZP,D
14:09:07,ICBP,RG,8200,1,D,OD,ZP,D
14:09:07,ICBP,RG,8200,13,D,CS,ZP,D
14:09:07,ICBP,RG,8200,42,F,YU,ZP,D
14:08:13,ICBP,RG,8200,15,F,YU,KK,D
14:08:09,ICBP,RG,8200,13,D,XC,KZ,D
14:08:09,ICBP,RG,8200,5,F,BK,KZ,D
14:08:09,ICBP,RG,8200,3,D,CS,KZ,D
14:07:54,ICBP,RG,8200,4,D,CS,KZ,D
14:07:54,ICBP,RG,8200,7,F,YU,KZ,D
14:07:48,ICBP,RG,8200,50,F,YU,ZP,D
14:07:48,ICBP,RG,8200,1,D,NI,ZP,D
14:07:48,ICBP,RG,8200,14,D,DR,ZP,D
14:07:48,ICBP,RG,8200,8,D,CS,ZP,D
14:07:48,ICBP,RG,8200,15,F,ZP,ZP,D
14:07:48,ICBP,RG,8200,5,D,CS,ZP,D
14:07:48,ICBP,RG,8200,1,D,XC,ZP,D
14:07:48,ICBP,RG,8200,2,D,NI,ZP,D
14:07:48,ICBP,RG,8200,1,D,SQ,ZP,D
14:07:48,ICBP,RG,8200,1,F,AK,ZP,D
14:07:48,ICBP,RG,8200,20,D,CC,ZP,D
14:07:48,ICBP,RG,8200,14,D,CS,ZP,D
14:07:48,ICBP,RG,8200,11,F,BK,ZP,D
14:07:48,ICBP,RG,8200,233,D,YJ,ZP,D
14:07:48,ICBP,RG,8200,5,D,XC,ZP,D
14:07:48,ICBP,RG,8200,1,D,PD,ZP,D
14:07:48,ICBP,RG,8200,1,D,XC,ZP,D
14:07:48,ICBP,RG,8200,15,D,CC,ZP,D
14:07:48,ICBP,RG,8200,2,D,NI,ZP,D
14:06:56,ICBP,RG,8200,5,D,CS,CC,D
14:06:56,ICBP,RG,8200,2,D,SQ,CC,D
14:06:22,ICBP,RG,8200,1,D,SQ,DH,D
14:06:04,ICBP,RG,8200,2,D,SQ,XC,D
14:05:15,ICBP,RG,8200,1,D,SQ,YP,D
14:05:12,ICBP,RG,8200,4,D,SQ,CC,D
14:04:53,ICBP,RG,8200,24,D,SQ,CP,D
14:04:53,ICBP,RG,8200,6,D,PD,CP,D
14:04:53,ICBP,RG,8200,10,D,KK,CP,D
14:04:53,ICBP,RG,8200,6,F,ZP,CP,D
14:04:53,ICBP,RG,8200,15,D,CS,CP,D
14:04:53,ICBP,RG,8200,5,F,BK,CP,D
14:04:53,ICBP,RG,8200,34,D,YP,CP,D
14:04:00,ICBP,RG,8225,7,F,YU,BK,F
14:04:00,ICBP,RG,8225,1,F,YU,AK,F
14:04:00,ICBP,RG,8225,6,F,YU,XC,D
14:04:00,ICBP,RG,8225,1,F,YU,XC,D
14:04:00,ICBP,RG,8225,6,F,YU,KZ,D
14:04:00,ICBP,RG,8225,1,F,YU,PD,D
14:04:00,ICBP,RG,8225,5,F,YU,SH,D
14:04:00,ICBP,RG,8225,5,F,YU,OD,D
14:04:00,ICBP,RG,8225,70,F,YU,CC,D
14:03:56,ICBP,RG,8225,5,F,BK,CC,D
14:03:25,ICBP,RG,8200,1,D,YP,KK,D
14:03:12,ICBP,RG,8200,1,D,YP,PD,D
14:02:46,ICBP,RG,8200,6,D,YP,CC,D
14:02:45,ICBP,RG,8225,2,D,OD,CC,D
14:02:45,ICBP,RG,8200,4,D,YP,AK,F
14:02:23,ICBP,RG,8200,2,D,YP,PD,D
14:02:17,ICBP,RG,8200,12,D,YP,PD,D
14:02:17,ICBP,RG,8200,3,D,CS,PD,D
14:01:15,ICBP,RG,8200,1,D,CS,AK,F
14:01:00,ICBP,RG,8225,23,D,YP,CC,D
14:00:01,ICBP,RG,8225,3,F,YU,KK,D
14:00:01,ICBP,RG,8225,1,F,YU,XC,D
14:00:01,ICBP,RG,8225,5,F,YU,YP,D
14:00:01,ICBP,RG,8225,3,F,YU,PD,D
14:00:01,ICBP,RG,8225,89,F,YU,BQ,D
13:59:11,ICBP,RG,8200,2,D,CS,YP,D
13:59:11,ICBP,RG,8200,3,D,NI,YP,D
13:59:07,ICBP,RG,8200,37,D,NI,BQ,D
13:59:07,ICBP,RG,8200,3,D,OD,BQ,D
13:59:07,ICBP,RG,8200,3,D,CS,BQ,D
13:59:07,ICBP,RG,8200,2,D,PD,BQ,D
13:59:07,ICBP,RG,8200,5,D,XC,BQ,D
13:59:05,ICBP,RG,8200,2,D,XC,EP,D
13:58:26,ICBP,RG,8200,5,D,XC,CC,D
13:58:26,ICBP,RG,8200,1,F,ZP,CC,D
13:58:12,ICBP,RG,8200,6,F,ZP,YP,D
13:58:12,ICBP,RG,8200,2,D,YP,YP,D
13:58:12,ICBP,RG,8200,5,F,BK,YP,D
13:58:12,ICBP,RG,8200,1,D,YP,YP,D
13:58:12,ICBP,RG,8200,1,D,PD,YP,D
13:58:12,ICBP,RG,8200,5,D,SQ,YP,D
13:58:07,ICBP,RG,8200,1,D,SQ,PD,D
13:58:07,ICBP,RG,8200,2,D,SQ,ZP,F
13:57:26,ICBP,RG,8200,4,D,SQ,OD,D
13:57:26,ICBP,RG,8200,4,D,CS,OD,D
13:56:17,ICBP,RG,8225,2,D,SQ,BQ,D
13:56:16,ICBP,RG,8200,6,D,CS,XC,D
13:56:16,ICBP,RG,8200,2,D,CS,XC,D
13:56:08,ICBP,RG,8225,3,D,OD,BQ,D
13:55:00,ICBP,RG,8225,6,F,YU,BQ,D
13:55:00,ICBP,RG,8225,1,F,YU,PD,D
13:55:00,ICBP,RG,8225,3,F,YU,YP,D
13:55:00,ICBP,RG,8225,1,F,YU,PD,D
13:55:00,ICBP,RG,8225,1,F,YU,XC,D
13:55:00,ICBP,RG,8225,1,F,YU,PD,D
13:55:00,ICBP,RG,8225,93,F,YU,YP,D
13:54:47,ICBP,RG,8200,12,F,YU,YP,D
13:54:47,ICBP,RG,8200,4,D,PD,YP,D
13:54:47,ICBP,RG,8225,3,D,NI,YP,D
13:54:19,ICBP,RG,8200,5,D,PD,KZ,D
13:54:19,ICBP,RG,8200,4,D,YP,KZ,D
13:54:19,ICBP,RG,8200,1,F,AK,KZ,D
13:54:19,ICBP,RG,8200,5,F,BK,KZ,D
13:54:16,ICBP,RG,8200,6,D,CS,CC,D
13:54:12,ICBP,RG,8200,10,D,NI,KK,D
13:53:58,ICBP,RG,8200,3,D,NI,ZP,F
13:53:40,ICBP,RG,8200,2,D,NI,XC,D
13:52:57,ICBP,RG,8200,5,D,NI,AZ,D
13:52:51,ICBP,RG,8200,5,F,BK,AZ,D
13:52:41,ICBP,RG,8200,2,F,ZP,PD,D
13:52:32,ICBP,RG,8200,1,F,ZP,DR,D
13:51:48,ICBP,RG,8200,2,F,ZP,YU,D
13:51:48,ICBP,RG,8200,51,F,YU,YU,D
13:51:32,ICBP,RG,8200,5,F,BK,GR,D
13:51:32,ICBP,RG,8200,2,D,CS,GR,D
13:51:32,ICBP,RG,8200,18,D,YP,GR,D
13:51:04,ICBP,RG,8200,25,D,YP,GR,D
13:50:44,ICBP,RG,8200,5,D,YP,SQ,D
13:50:37,ICBP,RG,8200,1,D,YP,XC,D
13:50:27,ICBP,RG,8200,5,D,YP,XC,D
13:50:23,ICBP,RG,8200,1,D,YP,NI,D
13:50:06,ICBP,RG,8200,1,D,YP,YP,D
13:50:01,ICBP,RG,8200,2,D,YP,CC,D
13:50:00,ICBP,RG,8200,2,D,YP,CC,D
13:50:00,ICBP,RG,8200,4,F,BK,CC,D
13:49:52,ICBP,RG,8200,1,F,BK,YP,D
13:49:52,ICBP,RG,8200,1,D,CS,YP,D
13:49:52,ICBP,RG,8200,5,D,CS,YP,D
13:49:52,ICBP,RG,8200,1,D,CS,YP,D
13:49:52,ICBP,RG,8200,3,D,CS,YP,D
13:49:52,ICBP,RG,8200,5,D,CC,YP,D
13:49:52,ICBP,RG,8200,4,D,NI,YP,D
13:49:52,ICBP,RG,8200,42,F,YU,YP,D
13:49:11,ICBP,RG,8200,5,F,YU,BQ,D
13:49:11,ICBP,RG,8200,1,D,CS,BQ,D
13:49:11,ICBP,RG,8200,1,D,CS,BQ,D
13:49:11,ICBP,RG,8200,11,D,CS,BQ,D
13:49:11,ICBP,RG,8200,4,F,ZP,BQ,D
13:49:11,ICBP,RG,8200,6,F,BK,BQ,D
13:49:11,ICBP,RG,8200,5,D,CC,BQ,D
13:49:11,ICBP,RG,8200,17,D,YP,BQ,D
13:48:54,ICBP,RG,8200,2,D,YP,HP,D
13:48:46,ICBP,RG,8200,2,D,YP,YP,D
13:48:42,ICBP,RG,8200,27,D,YP,KK,D
13:48:26,ICBP,RG,8200,1,D,YP,YP,D
13:47:59,ICBP,RG,8200,11,D,YP,KZ,D
13:47:59,ICBP,RG,8200,4,D,CS,KZ,D
13:47:59,ICBP,RG,8200,5,D,CS,KZ,D
13:47:55,ICBP,RG,8200,61,F,YU,KK,D
13:47:55,ICBP,RG,8200,3,F,ZP,KK,D
13:47:55,ICBP,RG,8200,5,F,BK,KK,D
13:47:55,ICBP,RG,8200,2,D,YP,KK,D
13:47:55,ICBP,RG,8200,2,D,YP,KK,D
13:47:55,ICBP,RG,8200,6,F,ZP,KK,D
13:47:55,ICBP,RG,8200,29,D,YP,KK,D
13:47:09,ICBP,RG,8200,21,D,YP,BQ,D
13:47:09,ICBP,RG,8200,1,F,AK,BQ,D
13:47:09,ICBP,RG,8200,4,D,CS,BQ,D
13:47:09,ICBP,RG,8200,1,D,CS,BQ,D
13:47:09,ICBP,RG,8200,2,D,CS,BQ,D
13:47:09,ICBP,RG,8200,4,D,CS,BQ,D
13:47:09,ICBP,RG,8200,5,F,BK,BQ,D
13:47:09,ICBP,RG,8200,2,D,PD,BQ,D
13:47:09,ICBP,RG,8200,2,D,CC,BQ,D
13:47:09,ICBP,RG,8200,8,D,PD,BQ,D
13:46:51,ICBP,RG,8200,1,D,PD,OD,D
13:45:52,ICBP,RG,8200,6,D,PD,CC,D
13:45:36,ICBP,RG,8225,2,D,XC,YP,D
13:44:27,ICBP,RG,8225,1,D,CC,YP,D
13:44:00,ICBP,RG,8225,101,F,YU,YP,D
13:43:01,ICBP,RG,8200,1,F,AK,AZ,D
13:43:01,ICBP,RG,8200,2,D,YP,AZ,D
13:43:01,ICBP,RG,8200,1,D,CS,AZ,D
13:43:01,ICBP,RG,8200,1,D,CS,AZ,D
13:42:45,ICBP,RG,8200,8,D,CS,YP,D
13:42:45,ICBP,RG,8200,1,D,CS,YP,D
13:42:45,ICBP,RG,8200,16,F,ZP,YP,D
13:42:45,ICBP,RG,8200,15,F,BK,YP,D
13:40:49,ICBP,RG,8200,5,F,BK,XC,D
13:40:35,ICBP,RG,8200,1,F,ZP,AK,F
13:40:35,ICBP,RG,8200,1,F,ZP,AK,F
13:40:35,ICBP,RG,8200,10,F,AK,IF,D
13:40:35,ICBP,RG,8200,57,F,AK,SQ,D
13:40:35,ICBP,RG,8200,7,F,AK,CC,D
13:40:35,ICBP,RG,8200,2,F,AK,YP,D
13:40:35,ICBP,RG,8200,18,F,AK,KZ,D
13:40:35,ICBP,RG,8200,20,F,AK,CC,D
13:40:35,ICBP,RG,8200,30,F,AK,CC,D
13:40:35,ICBP,RG,8200,1,F,AK,CC,D
13:40:35,ICBP,RG,8200,1,F,AK,AK,F
13:40:35,ICBP,RG,8200,10,F,AK,PD,D
13:40:35,ICBP,RG,8200,1,F,AK,AK,F
13:40:35,ICBP,RG,8200,30,F,AK,EP,D
13:40:35,ICBP,RG,8200,2,F,AK,PD,D
13:40:35,ICBP,RG,8200,1,F,AK,AK,F
13:40:35,ICBP,RG,8200,17,F,AK,CC,D
13:40:35,ICBP,RG,8200,54,F,AK,YP,D
13:40:34,ICBP,RG,8200,21,F,AK,YP,D
13:40:34,ICBP,RG,8200,10,F,AK,KK,F
13:40:34,ICBP,RG,8200,1,F,AK,PD,D
13:40:34,ICBP,RG,8200,4,F,AK,PD,D
13:40:34,ICBP,RG,8200,64,F,AK,KI,D
13:40:33,ICBP,RG,8200,25,D,YP,KI,D
13:40:25,ICBP,RG,8200,86,F,AK,KI,D
13:40:25,ICBP,RG,8200,5,F,AK,PD,D
13:40:25,ICBP,RG,8200,9,F,AK,DR,D
13:40:24,ICBP,RG,8200,1,F,AK,DR,D
13:40:24,ICBP,RG,8200,2,F,AK,EP,D
13:40:24,ICBP,RG,8200,5,F,AK,CC,D
13:40:24,ICBP,RG,8200,1,F,AK,PD,D
13:40:24,ICBP,RG,8200,91,F,AK,YP,D
13:40:23,ICBP,RG,8200,32,F,AK,YP,D
13:40:23,ICBP,RG,8200,2,F,AK,CC,D
13:40:23,ICBP,RG,8200,18,F,AK,YP,D
13:40:23,ICBP,RG,8200,1,F,AK,SQ,D
13:40:23,ICBP,RG,8200,1,F,AK,PD,D
13:40:23,ICBP,RG,8200,1,F,AK,YP,D
13:40:23,ICBP,RG,8200,5,F,AK,SH,D
13:40:23,ICBP,RG,8200,2,F,AK,KK,D
13:40:23,ICBP,RG,8200,2,F,AK,PD,D
13:40:23,ICBP,RG,8200,5,F,AK,OD,D
13:40:23,ICBP,RG,8200,31,F,AK,CC,D
13:40:22,ICBP,RG,8200,50,D,NI,CC,D
13:40:00,ICBP,RG,8200,19,F,YU,CC,D
13:40:00,ICBP,RG,8200,1,F,YU,PD,D
13:40:00,ICBP,RG,8200,1,F,YU,AT,D
13:40:00,ICBP,RG,8200,1,F,YU,XC,D
13:40:00,ICBP,RG,8200,6,F,YU,YP,D
13:40:00,ICBP,RG,8200,5,F,YU,NI,F
13:40:00,ICBP,RG,8200,70,F,YU,BQ,D
13:39:15,ICBP,RG,8200,2,D,AI,BQ,D
13:39:09,ICBP,RG,8200,1,D,YP,BQ,D
13:37:34,ICBP,RG,8175,6,D,MG,CC,D
13:36:16,ICBP,RG,8175,1,D,MG,YP,D
13:36:01,ICBP,RG,8200,27,F,YU,BQ,D
13:36:01,ICBP,RG,8200,50,F,YU,BQ,D
13:36:01,ICBP,RG,8200,6,F,YU,CC,D
13:36:01,ICBP,RG,8200,8,F,YU,EP,D
13:36:01,ICBP,RG,8200,2,F,YU,NI,D
13:36:01,ICBP,RG,8200,1,F,YU,XC,D
13:36:01,ICBP,RG,8200,3,F,YU,DH,D
13:36:01,ICBP,RG,8200,19,F,YU,GR,D
13:35:43,ICBP,RG,8200,1,D,LG,GR,D
13:35:30,ICBP,RG,8175,1,D,MG,XC,D
13:33:33,ICBP,RG,8175,30,D,MG,EP,D
13:33:27,ICBP,RG,8200,10,D,PD,GR,D
13:32:35,ICBP,RG,8200,12,D,XC,GR,D
13:32:25,ICBP,RG,8200,1,D,PD,GR,D
13:32:13,ICBP,RG,8200,1,D,YB,GR,D
13:32:02,ICBP,RG,8200,103,F,YU,GR,D
13:31:51,ICBP,RG,8175,1,D,MG,AK,F
13:31:51,ICBP,RG,8175,20,D,MG,YP,D
13:31:51,ICBP,RG,8175,100,D,MG,BQ,D
13:31:51,ICBP,RG,8175,1,D,MG,AK,F
13:31:51,ICBP,RG,8175,9,D,MG,ZP,F
13:31:51,ICBP,RG,8175,14,D,MG,BK,F
13:31:51,ICBP,RG,8175,21,D,MG,KZ,D
13:31:51,ICBP,RG,8175,5,D,MG,YP,D
13:31:06,ICBP,RG,8150,8,D,PD,XC,D
13:31:06,ICBP,RG,8150,1,D,PD,XC,D
13:30:14,ICBP,RG,8175,2,D,CS,YP,D
13:30:14,ICBP,RG,8175,1,D,PD,YP,D
13:30:14,ICBP,RG,8175,2,D,SQ,YP,D
13:30:14,ICBP,RG,8175,1,D,DH,YP,D
13:30:14,ICBP,RG,8175,1,F,BK,YP,D
13:30:13,ICBP,RG,8200,1,F,AK,GR,D
13:30:13,ICBP,RG,8175,2,F,BK,YP,D
13:30:13,ICBP,RG,8175,2,F,BK,AK,F
13:30:13,ICBP,RG,8175,1,F,ZP,AK,F
13:30:12,ICBP,RG,8175,1,F,ZP,PD,D
13:30:12,ICBP,RG,8175,1,D,IF,PD,D
13:30:12,ICBP,RG,8175,1,D,CS,PD,D
13:30:12,ICBP,RG,8175,4,D,CS,PD,D
13:30:12,ICBP,RG,8175,3,D,CS,PD,D
13:30:11,ICBP,RG,8175,3,D,CS,CC,D
13:30:11,ICBP,RG,8175,12,D,PD,CC,D
13:30:09,ICBP,RG,8175,8,D,PD,PD,D
13:30:09,ICBP,RG,8175,6,D,CP,PD,D
13:30:07,ICBP,RG,8175,2,D,CP,XC,D
13:30:07,ICBP,RG,8175,1,D,CP,XC,D
13:30:07,ICBP,RG,8175,1,D,CP,XC,D
13:30:06,ICBP,RG,8175,1,D,CP,DH,D
13:30:06,ICBP,RG,8175,1,D,CP,PD,D
13:30:06,ICBP,RG,8175,2,D,CP,DH,D
13:30:05,ICBP,RG,8175,3,D,CP,PD,D
13:30:05,ICBP,RG,8175,1,D,CP,PD,D
13:30:05,ICBP,RG,8175,2,D,CP,PD,D
13:30:05,ICBP,RG,8175,2,D,CP,PD,D
13:30:05,ICBP,RG,8175,2,D,CP,CD,D
13:30:04,ICBP,RG,8175,10,D,CP,KK,D
13:30:04,ICBP,RG,8175,6,D,CP,CC,D
13:30:04,ICBP,RG,8175,2,D,CP,PD,D
13:30:03,ICBP,RG,8175,1,D,CP,PD,D
13:30:03,ICBP,RG,8175,5,D,CP,PD,D
13:30:03,ICBP,RG,8175,1,D,CP,DH,D
13:30:02,ICBP,RG,8175,2,D,CP,EP,D
13:30:02,ICBP,RG,8175,1,D,CP,PC,D
13:30:02,ICBP,RG,8175,3,D,CP,PD,D
13:30:02,ICBP,RG,8175,15,D,CP,BQ,D
13:30:02,ICBP,RG,8175,1,D,PD,BQ,D
11:29:58,ICBP,RG,8150,1,D,PD,AK,F
11:29:57,ICBP,RG,8150,2,D,CS,CC,D
11:29:34,ICBP,RG,8150,1,D,CS,XC,D
11:29:03,ICBP,RG,8150,1,D,CS,PD,D
11:28:43,ICBP,RG,8150,6,D,CS,CC,D
11:28:43,ICBP,RG,8150,1,D,NI,CC,D
11:27:45,ICBP,RG,8175,3,D,CS,BQ,D
11:27:45,ICBP,RG,8175,2,D,CS,BQ,D
11:27:44,ICBP,RG,8175,3,D,CS,BQ,D
11:27:44,ICBP,RG,8175,1,D,YP,BQ,D
11:27:44,ICBP,RG,8175,2,F,ZP,BQ,D
11:27:44,ICBP,RG,8175,10,D,CS,BQ,D
11:27:44,ICBP,RG,8175,59,F,YU,BQ,D
11:27:44,ICBP,RG,8175,4,F,BK,BQ,D
11:27:33,ICBP,RG,8175,1,F,BK,ZP,F
11:26:15,ICBP,RG,8175,1,D,PD,AK,F
11:25:52,ICBP,RG,8175,8,D,CS,XC,D
11:25:17,ICBP,RG,8175,3,D,CS,EP,D
11:25:17,ICBP,RG,8175,2,F,ZP,EP,D
11:25:17,ICBP,RG,8175,4,F,ZP,EP,D
11:25:17,ICBP,RG,8175,1,D,CS,EP,D
11:25:17,ICBP,RG,8175,8,D,CS,EP,D
11:25:17,ICBP,RG,8175,2,D,GR,EP,D
11:25:05,ICBP,RG,8175,6,D,GR,KK,D
11:25:03,ICBP,RG,8175,2,D,GR,NI,D
11:24:30,ICBP,RG,8175,1,D,CC,AK,F
11:24:19,ICBP,RG,8175,2,D,CC,CC,D
11:24:19,ICBP,RG,8175,5,F,BK,CC,D
11:22:55,ICBP,RG,8175,145,D,YJ,AZ,D
11:22:13,ICBP,RG,8175,1,D,CC,XC,D
11:21:31,ICBP,RG,8175,1,D,LG,PD,D
11:21:21,ICBP,RG,8175,6,D,SQ,AZ,D
11:21:21,ICBP,RG,8175,1,F,AK,AZ,D
11:21:21,ICBP,RG,8175,2,F,ZP,AZ,D
11:21:21,ICBP,RG,8175,9,F,BK,AZ,D
11:21:21,ICBP,RG,8175,3,D,CS,AZ,D
11:20:48,ICBP,RG,8175,2,D,CS,OD,D
11:20:41,ICBP,RG,8200,5,F,BK,GR,D
11:20:07,ICBP,RG,8175,5,D,CS,CC,D
11:20:00,ICBP,RG,8200,47,F,YU,GR,D
11:20:00,ICBP,RG,8200,1,F,YU,NI,D
11:20:00,ICBP,RG,8200,36,F,YU,PD,D
11:19:05,ICBP,RG,8175,50,F,YU,BQ,D
11:17:15,ICBP,RG,8200,1,F,AK,PD,D
11:16:40,ICBP,RG,8175,1,F,YU,ZP,F
11:16:40,ICBP,RG,8175,1,F,YU,AK,F
11:16:40,ICBP,RG,8175,1,F,YU,XC,D
11:16:40,ICBP,RG,8175,3,F,YU,PD,D
11:16:40,ICBP,RG,8175,2,F,YU,PD,D
11:16:40,ICBP,RG,8175,1,F,YU,XC,D
11:16:40,ICBP,RG,8175,10,F,YU,KK,D
11:16:40,ICBP,RG,8175,1,F,YU,NI,D
11:16:40,ICBP,RG,8175,11,F,YU,BQ,D
11:16:38,ICBP,RG,8175,100,F,AK,BQ,D
11:16:38,ICBP,RG,8175,21,F,ZP,BQ,D
11:16:38,ICBP,RG,8175,16,D,CS,BQ,D
11:16:37,ICBP,RG,8175,2,F,AK,BQ,D
11:16:37,ICBP,RG,8175,1,F,AK,YP,D
11:16:37,ICBP,RG,8175,2,F,AK,XC,D
11:16:37,ICBP,RG,8175,5,F,AK,SH,D
11:16:37,ICBP,RG,8175,2,F,AK,ZP,F
11:16:37,ICBP,RG,8175,14,F,AK,DH,D
11:16:37,ICBP,RG,8175,1,F,AK,AK,F
11:16:37,ICBP,RG,8175,1,F,AK,PD,D
11:16:37,ICBP,RG,8175,1,F,AK,CC,D
11:16:37,ICBP,RG,8175,13,F,AK,OD,D
11:16:37,ICBP,RG,8175,1,F,AK,AK,F
11:16:37,ICBP,RG,8175,1,F,AK,PD,D
11:16:37,ICBP,RG,8175,1,F,AK,AK,F
11:16:37,ICBP,RG,8175,5,F,AK,MU,D
11:16:37,ICBP,RG,8175,30,F,AK,LG,D
11:16:37,ICBP,RG,8175,1,F,AK,PD,D
11:16:37,ICBP,RG,8175,2,F,AK,PD,D
11:16:37,ICBP,RG,8175,17,F,AK,BQ,D
11:16:26,ICBP,RG,8175,1,D,NI,BQ,D
11:16:14,ICBP,RG,8175,5,D,SQ,BQ,D
11:16:05,ICBP,RG,8175,3,D,NI,BQ,D
11:15:55,ICBP,RG,8150,8,D,RF,CC,D
11:15:16,ICBP,RG,8150,1,D,RF,ZP,F
11:14:00,ICBP,RG,8150,1,D,RF,AK,F
11:13:50,ICBP,RG,8175,100,F,AK,BQ,D
11:13:34,ICBP,RG,8175,74,F,AK,BQ,D
11:13:34,ICBP,RG,8175,1,F,AK,PD,D
11:13:34,ICBP,RG,8175,1,F,AK,PD,D
11:13:34,ICBP,RG,8175,20,F,AK,DH,D
11:13:34,ICBP,RG,8175,4,F,AK,AZ,D
11:13:33,ICBP,RG,8175,1,D,YP,AZ,D
11:13:23,ICBP,RG,8175,6,D,SQ,PD,D
11:13:22,ICBP,RG,8150,7,D,RF,NI,D
11:11:35,ICBP,RG,8150,1,D,RF,ZP,F
11:11:34,ICBP,RG,8150,1,D,RF,ZP,F
11:11:30,ICBP,RG,8175,3,D,PD,PD,D
11:11:30,ICBP,RG,8175,4,D,PD,BQ,D
11:11:27,ICBP,RG,8150,6,D,RF,CC,D
11:10:14,ICBP,RG,8175,1,D,PD,BQ,D
11:09:15,ICBP,RG,8175,1,F,AK,BQ,D
11:09:05,ICBP,RG,8150,1,D,RF,YP,D
11:09:00,ICBP,RG,8150,1,D,RF,AK,F
11:07:52,ICBP,RG,8150,2,D,RF,ZP,F
11:07:19,ICBP,RG,8150,6,D,RF,CC,D
11:06:50,ICBP,RG,8175,24,D,YP,BQ,D
11:06:36,ICBP,RG,8150,1,D,RF,PD,D
11:05:52,ICBP,RG,8150,19,D,RF,NI,D
11:05:30,ICBP,RG,8150,1,D,RF,AK,F
11:04:47,ICBP,RG,8175,3,D,PD,BQ,D
11:03:09,ICBP,RG,8150,7,D,RF,CC,D
11:02:21,ICBP,RG,8150,16,D,RF,PD,D
11:01:14,ICBP,RG,8150,10,D,RF,OD,D
11:00:54,ICBP,RG,8175,51,F,YU,BQ,D
10:59:15,ICBP,RG,8150,1,D,RF,AK,F
10:59:01,ICBP,RG,8150,6,D,RF,CC,D
10:58:28,ICBP,RG,8175,1,D,XC,BQ,D
10:57:54,ICBP,RG,8150,5,D,RF,YP,D
10:57:52,ICBP,RG,8150,5,D,RF,CC,D
10:57:38,ICBP,RG,8175,2,D,PD,BQ,D
10:56:57,ICBP,RG,8150,175,D,RF,CC,D
10:55:17,ICBP,RG,8150,10,D,RF,GR,D
10:54:51,ICBP,RG,8150,7,D,RF,CC,D
10:53:17,ICBP,RG,8175,6,D,DH,BQ,D
10:53:00,ICBP,RG,8150,1,D,RF,AK,F
10:51:10,ICBP,RG,8150,292,D,RF,CS,D
10:51:10,ICBP,RG,8150,15,D,HP,CS,D
10:51:10,ICBP,RG,8150,8,D,CS,CS,D
10:51:10,ICBP,RG,8150,5,D,PD,CS,D
10:51:10,ICBP,RG,8150,2,D,PD,CS,D
10:51:10,ICBP,RG,8150,2,D,KK,CS,D
10:51:10,ICBP,RG,8150,12,D,CS,CS,D
10:51:10,ICBP,RG,8150,50,D,YP,CS,D
10:51:10,ICBP,RG,8150,1,D,NI,CS,D
10:51:10,ICBP,RG,8150,13,D,YP,CS,D
10:51:10,ICBP,RG,8150,1,D,TP,CS,D
10:51:10,ICBP,RG,8150,3,D,XC,CS,D
10:51:10,ICBP,RG,8150,1,D,PD,CS,D
10:51:10,ICBP,RG,8150,1,D,PD,CS,D
10:51:10,ICBP,RG,8150,2,F,ZP,CS,D
10:51:10,ICBP,RG,8150,1,D,YP,CS,D
10:51:10,ICBP,RG,8150,1,D,CS,CS,D
10:51:10,ICBP,RG,8150,1,D,PD,CS,D
10:51:10,ICBP,RG,8150,1,D,CC,CS,D
10:51:10,ICBP,RG,8150,5,D,DH,CS,D
10:51:10,ICBP,RG,8150,2,D,PD,CS,D
10:51:10,ICBP,RG,8150,10,D,PD,CS,D
10:51:10,ICBP,RG,8150,1,D,YP,CS,D
10:51:10,ICBP,RG,8150,2,D,AI,CS,D
10:51:10,ICBP,RG,8150,1,D,CC,CS,D
10:51:10,ICBP,RG,8150,2,D,KK,CS,D
10:51:10,ICBP,RG,8150,11,D,CS,CS,D
10:51:10,ICBP,RG,8150,1,D,XC,CS,D
10:51:10,ICBP,RG,8150,2,D,SQ,CS,D
10:51:10,ICBP,RG,8150,10,F,ZP,CS,D
10:51:10,ICBP,RG,8150,1,D,XC,CS,D
10:51:10,ICBP,RG,8150,1,D,CS,CS,D
10:51:10,ICBP,RG,8150,5,D,NI,CS,D
10:51:10,ICBP,RG,8150,9,D,PD,CS,D
10:51:10,ICBP,RG,8150,10,D,NI,CS,D
10:51:10,ICBP,RG,8150,40,D,NI,CS,D
10:51:10,ICBP,RG,8150,1,F,AK,CS,D
10:51:10,ICBP,RG,8150,11,D,CS,CS,D
10:51:10,ICBP,RG,8150,37,D,YP,CS,D
10:51:10,ICBP,RG,8150,1,D,CC,CS,D
10:51:10,ICBP,RG,8150,50,D,XC,CS,D
10:51:10,ICBP,RG,8150,1,D,XC,CS,D
10:51:10,ICBP,RG,8150,5,D,KK,CS,D
10:51:10,ICBP,RG,8150,2,D,EP,CS,D
10:51:10,ICBP,RG,8150,1,D,NI,CS,D
10:51:10,ICBP,RG,8150,1,D,KK,CS,D
10:51:10,ICBP,RG,8150,6,F,ZP,CS,D
10:51:10,ICBP,RG,8150,5,D,CC,CS,D
10:51:10,ICBP,RG,8150,1,D,PD,CS,D
10:51:10,ICBP,RG,8150,1,D,XC,CS,D
10:51:10,ICBP,RG,8150,53,F,AK,CS,D
10:51:10,ICBP,RG,8150,1,D,NI,CS,D
10:51:10,ICBP,RG,8150,8,D,CP,CS,D
10:50:31,ICBP,RG,8150,2,D,CP,CC,D
10:50:31,ICBP,RG,8150,1,D,LG,CC,D
10:50:31,ICBP,RG,8150,3,D,CS,CC,D
10:50:30,ICBP,RG,8175,1,F,AK,BQ,D
10:50:27,ICBP,RG,8150,1,D,CS,ZP,F
10:49:53,ICBP,RG,8150,2,D,CS,YP,D
10:49:27,ICBP,RG,8150,2,D,CS,DX,D
10:48:55,ICBP,RG,8150,2,D,CS,XC,D
10:48:06,ICBP,RG,8150,1,D,CS,PD,D
10:47:49,ICBP,RG,8175,30,D,CS,BQ,D
10:47:23,ICBP,RG,8150,12,D,OD,DH,D
10:47:23,ICBP,RG,8150,2,D,DH,DH,D
10:47:23,ICBP,RG,8150,2,D,XC,DH,D
10:47:23,ICBP,RG,8150,1,D,PD,DH,D
10:46:45,ICBP,RG,8150,1,D,PD,AK,F
10:46:35,ICBP,RG,8175,3,D,KK,BQ,D
10:44:50,ICBP,RG,8175,1,D,YP,BQ,D
10:44:25,ICBP,RG,8150,2,D,SQ,XC,D
10:43:14,ICBP,RG,8150,2,D,SQ,YP,D
10:40:54,ICBP,RG,8150,1,D,SQ,XC,D
10:40:47,ICBP,RG,8150,1,D,PD,XC,D
10:40:11,ICBP,RG,8150,1,F,AK,AK,F
10:40:11,ICBP,RG,8150,1,D,YP,AK,F
10:40:11,ICBP,RG,8150,1,F,ZP,AK,F
10:40:11,ICBP,RG,8150,7,D,XC,AK,F
10:40:07,ICBP,RG,8175,22,F,AK,BQ,D
10:40:07,ICBP,RG,8175,1,F,AK,CC,D
10:40:07,ICBP,RG,8175,1,F,AK,PD,D
10:40:07,ICBP,RG,8175,6,F,AK,HP,D
10:40:07,ICBP,RG,8175,5,F,AK,PD,D
10:40:07,ICBP,RG,8175,5,F,AK,NI,D
10:40:07,ICBP,RG,8175,5,F,AK,SQ,D
10:40:07,ICBP,RG,8175,55,F,AK,BQ,D
10:39:56,ICBP,RG,8175,1,D,SQ,BQ,D
10:39:46,ICBP,RG,8175,6,D,SQ,BQ,D
10:38:34,ICBP,RG,8175,1,D,AI,BQ,D
10:38:33,ICBP,RG,8150,1,D,XC,PD,D
10:37:48,ICBP,RG,8175,20,D,NI,BQ,D
10:37:21,ICBP,RG,8175,1,D,TP,BQ,D
10:37:07,ICBP,RG,8175,5,D,PD,BQ,D
10:37:04,ICBP,RG,8150,2,D,XC,DR,D
10:37:04,ICBP,RG,8150,1,D,CS,DR,D
10:37:00,ICBP,RG,8150,1,D,CS,NI,D
10:36:43,ICBP,RG,8150,6,D,CS,DH,D
10:36:43,ICBP,RG,8150,10,D,XA,DH,D
10:36:43,ICBP,RG,8150,2,F,ZP,DH,D
10:36:43,ICBP,RG,8150,12,D,XC,DH,D
10:36:43,ICBP,RG,8150,1,D,XC,DH,D
10:36:43,ICBP,RG,8150,1,D,CC,DH,D
10:36:43,ICBP,RG,8150,16,D,CC,DH,D
10:36:17,ICBP,RG,8150,3,D,CC,DH,D
10:36:10,ICBP,RG,8150,4,D,CC,DH,D
10:35:20,ICBP,RG,8150,6,D,CC,NI,D
10:35:10,ICBP,RG,8175,5,D,SQ,BQ,D
10:35:00,ICBP,RG,8150,2,D,CC,ZP,F
10:34:57,ICBP,RG,8175,1,D,XC,BQ,D
10:34:05,ICBP,RG,8175,1,D,PD,BQ,D
10:34:03,ICBP,RG,8150,1,D,CC,DH,D
10:33:16,ICBP,RG,8175,2,D,NI,BQ,D
10:32:55,ICBP,RG,8150,1,D,CC,DH,D
10:32:08,ICBP,RG,8150,1,D,CC,DH,D
10:31:39,ICBP,RG,8175,2,D,PD,BQ,D
10:31:39,ICBP,RG,8175,2,D,PD,ZP,F
10:31:29,ICBP,RG,8150,1,D,CC,DH,D
10:30:41,ICBP,RG,8150,12,D,CC,AK,F
10:30:41,ICBP,RG,8150,3,F,ZP,AK,F
10:30:41,ICBP,RG,8150,2,D,CS,AK,F
10:30:38,ICBP,RG,8150,11,D,CS,YP,D
10:30:38,ICBP,RG,8150,1,D,YP,YP,D
10:30:38,ICBP,RG,8150,1,D,XC,YP,D
10:30:38,ICBP,RG,8150,6,D,DR,YP,D
10:30:38,ICBP,RG,8150,9,D,CS,YP,D
10:30:38,ICBP,RG,8150,1,D,CS,YP,D
10:30:38,ICBP,RG,8150,25,D,PD,YP,D
10:30:38,ICBP,RG,8150,1,D,YP,YP,D
10:30:38,ICBP,RG,8150,4,D,XC,YP,D
10:30:38,ICBP,RG,8150,1,D,YP,YP,D
10:30:38,ICBP,RG,8150,2,D,PD,YP,D
10:30:38,ICBP,RG,8150,1,D,PD,YP,D
10:30:38,ICBP,RG,8150,1,D,PD,YP,D
10:30:38,ICBP,RG,8150,1,D,YP,YP,D
10:30:38,ICBP,RG,8150,35,D,XA,YP,D
10:30:20,ICBP,RG,8150,7,D,XA,OD,D
10:30:10,ICBP,RG,8175,1,D,YP,ZP,F
10:29:11,ICBP,RG,8150,6,D,XA,AK,F
10:29:11,ICBP,RG,8150,4,D,XA,AK,F
10:29:11,ICBP,RG,8150,2,D,XA,AK,F
10:29:11,ICBP,RG,8150,16,D,XA,AK,F
10:29:11,ICBP,RG,8150,1,F,AK,AK,F
10:29:11,ICBP,RG,8150,1,D,PD,AK,F
10:29:11,ICBP,RG,8150,8,D,CS,AK,F
10:29:11,ICBP,RG,8150,11,D,SQ,AK,F
10:29:11,ICBP,RG,8150,6,D,KK,AK,F
10:29:11,ICBP,RG,8150,10,D,XC,AK,F
10:29:11,ICBP,RG,8150,1,D,YP,AK,F
10:29:11,ICBP,RG,8150,1,D,NI,AK,F
10:29:11,ICBP,RG,8150,2,D,CC,AK,F
10:29:11,ICBP,RG,8150,5,D,CS,AK,F
10:29:11,ICBP,RG,8150,1,D,KK,AK,F
10:29:11,ICBP,RG,8150,3,D,PD,AK,F
10:29:11,ICBP,RG,8150,8,D,PD,AK,F
10:29:11,ICBP,RG,8150,2,D,SQ,AK,F
10:29:11,ICBP,RG,8150,2,D,SQ,AK,F
10:29:00,ICBP,RG,8150,2,D,SQ,ZP,F
10:28:59,ICBP,RG,8175,1,D,ZP,ZP,F
10:28:59,ICBP,RG,8175,80,D,ZP,YP,D
10:28:59,ICBP,RG,8175,33,D,ZP,BK,F
10:28:59,ICBP,RG,8175,1,D,ZP,XC,D
10:28:59,ICBP,RG,8175,8,D,ZP,PD,D
10:28:59,ICBP,RG,8175,100,D,ZP,BQ,D
10:28:59,ICBP,RG,8175,1,D,ZP,AK,F
10:28:59,ICBP,RG,8175,1,D,ZP,AK,F
10:28:59,ICBP,RG,8175,1,D,ZP,AK,F
10:28:59,ICBP,RG,8175,774,D,ZP,MG,D
10:28:54,ICBP,RG,8150,1,D,SQ,XC,D
10:28:21,ICBP,RG,8150,1,D,SQ,PD,D
10:26:51,ICBP,RG,8150,1,D,SQ,PD,D
10:26:45,ICBP,RG,8150,1,D,SQ,CC,D
10:26:45,ICBP,RG,8150,1,D,PD,CC,D
10:26:40,ICBP,RG,8150,1,D,PD,PD,D
10:26:40,ICBP,RG,8150,1,D,CC,PD,D
10:26:15,ICBP,RG,8150,1,D,CC,AK,F
10:25:57,ICBP,RG,8175,3,D,NI,MG,D
10:22:36,ICBP,RG,8175,1,D,XC,MG,D
10:22:30,ICBP,RG,8150,1,D,CC,AK,F
10:22:08,ICBP,RG,8175,1,D,XC,MG,D
10:21:45,ICBP,RG,8175,1,F,AK,MG,D
10:20:09,ICBP,RG,8150,9,D,CC,CC,D
10:19:30,ICBP,RG,8150,1,D,CC,AK,F
10:18:32,ICBP,RG,8175,1,D,YP,MG,D
10:18:26,ICBP,RG,8150,1,D,CC,AK,F
10:17:37,ICBP,RG,8150,6,D,CC,YP,D
10:17:37,ICBP,RG,8150,3,D,CC,YP,D
10:17:37,ICBP,RG,8150,2,D,CC,YP,D
10:17:37,ICBP,RG,8150,5,D,SQ,YP,D
10:17:37,ICBP,RG,8150,10,D,CC,YP,D
10:17:37,ICBP,RG,8150,1,D,NI,YP,D
10:17:37,ICBP,RG,8150,2,D,XC,YP,D
10:17:37,ICBP,RG,8150,3,D,CC,YP,D
10:17:37,ICBP,RG,8150,5,D,YB,YP,D
10:17:37,ICBP,RG,8150,2,D,SQ,YP,D
10:17:37,ICBP,RG,8150,5,D,OD,YP,D
10:17:37,ICBP,RG,8150,1,D,KK,YP,D
10:17:37,ICBP,RG,8150,3,D,CC,YP,D
10:17:37,ICBP,RG,8150,2,D,EP,YP,D
10:17:31,ICBP,RG,8150,1,D,EP,CC,D
10:17:25,ICBP,RG,8150,1,D,EP,XC,D
10:16:52,ICBP,RG,8150,1,D,EP,ZP,F
10:16:31,ICBP,RG,8175,1,D,YP,MG,D
10:15:56,ICBP,RG,8150,4,D,CS,AK,F
10:15:56,ICBP,RG,8150,2,D,CS,AK,F
10:14:30,ICBP,RG,8150,1,D,CS,AK,F
10:14:29,ICBP,RG,8150,3,D,CS,PD,D
10:14:29,ICBP,RG,8150,1,D,NI,PD,D
10:14:29,ICBP,RG,8150,4,D,OD,PD,D
10:12:17,ICBP,RG,8150,10,D,OD,CC,D
10:11:48,ICBP,RG,8150,4,D,OD,KK,D
10:11:48,ICBP,RG,8150,2,D,XC,KK,D
10:11:48,ICBP,RG,8150,5,D,YP,KK,D
10:11:48,ICBP,RG,8150,1,D,XC,KK,D
10:11:48,ICBP,RG,8150,8,D,CS,KK,D
10:11:48,ICBP,RG,8150,1,D,XC,KK,D
10:11:48,ICBP,RG,8150,1,D,YP,KK,D
10:11:48,ICBP,RG,8150,8,D,CP,KK,D
10:10:37,ICBP,RG,8150,3,D,CP,ZP,F
10:09:20,ICBP,RG,8150,3,D,CP,NI,D
10:09:13,ICBP,RG,8150,1,D,CP,XC,D
10:09:00,ICBP,RG,8150,1,D,CP,AK,F
10:07:28,ICBP,RG,8175,1,D,PD,MG,D
10:07:27,ICBP,RG,8150,1,D,CP,XC,D
10:07:21,ICBP,RG,8150,1,D,CP,DR,D
10:06:14,ICBP,RG,8150,1,D,CP,CC,D
10:05:31,ICBP,RG,8150,2,D,CP,YP,D
10:04:56,ICBP,RG,8150,13,D,CP,AK,F
10:04:56,ICBP,RG,8150,1,D,CP,AK,F
10:04:42,ICBP,RG,8150,1,D,XC,YP,D
10:04:42,ICBP,RG,8150,7,D,CS,YP,D
10:04:42,ICBP,RG,8150,1,D,CS,YP,D
10:04:42,ICBP,RG,8150,10,D,XC,YP,D
10:04:42,ICBP,RG,8150,2,D,CC,YP,D
10:04:42,ICBP,RG,8150,2,D,PD,YP,D
10:04:42,ICBP,RG,8150,1,D,CS,YP,D
10:04:42,ICBP,RG,8150,1,D,YP,YP,D
10:04:42,ICBP,RG,8150,1,D,KK,YP,D
10:04:42,ICBP,RG,8150,4,D,CS,YP,D
10:04:42,ICBP,RG,8150,10,D,CC,YP,D
10:04:42,ICBP,RG,8150,1,D,PD,YP,D
10:04:42,ICBP,RG,8150,4,D,CS,YP,D
10:04:42,ICBP,RG,8150,81,D,PD,YP,D
10:04:42,ICBP,RG,8150,1,D,YB,YP,D
10:04:42,ICBP,RG,8150,5,D,CS,YP,D
10:04:42,ICBP,RG,8150,2,D,PD,YP,D
10:04:42,ICBP,RG,8150,1,D,PD,YP,D
10:04:42,ICBP,RG,8150,1,F,AK,YP,D
10:04:42,ICBP,RG,8150,1,D,CC,YP,D
10:04:42,ICBP,RG,8150,4,D,PD,YP,D
10:04:30,ICBP,RG,8150,1,D,PD,AK,F
10:04:22,ICBP,RG,8150,5,D,PD,KK,D
10:04:22,ICBP,RG,8150,5,D,YP,KK,D
10:04:11,ICBP,RG,8150,8,D,CS,CC,D
10:04:11,ICBP,RG,8150,2,D,SQ,CC,D
10:03:56,ICBP,RG,8150,1,D,CC,AK,F
10:03:45,ICBP,RG,8150,1,D,CC,EP,D
10:03:39,ICBP,RG,8150,2,D,CC,XC,D
10:03:13,ICBP,RG,8150,1,D,CC,XC,D
10:03:11,ICBP,RG,8150,1,D,XA,AK,F
10:02:45,ICBP,RG,8175,1,F,AK,MG,D
10:02:02,ICBP,RG,8150,13,D,XA,SQ,D
10:01:50,ICBP,RG,8150,2,D,XA,XC,D
10:01:40,ICBP,RG,8150,4,D,XA,AK,F
10:01:40,ICBP,RG,8150,5,D,PD,AK,F
10:01:40,ICBP,RG,8150,2,D,PD,AK,F
10:01:40,ICBP,RG,8150,7,D,PD,AK,F
10:01:38,ICBP,RG,8150,3,D,PD,PD,D
10:01:38,ICBP,RG,8150,3,D,PD,PD,D
10:01:38,ICBP,RG,8150,5,D,YP,PD,D
10:01:38,ICBP,RG,8150,5,D,YP,PD,D
10:01:38,ICBP,RG,8150,5,D,YP,PD,D
10:01:38,ICBP,RG,8150,2,D,YP,PD,D
10:01:38,ICBP,RG,8150,9,D,CS,PD,D
10:01:38,ICBP,RG,8150,5,D,YP,PD,D
10:01:38,ICBP,RG,8150,20,D,DH,PD,D
10:01:38,ICBP,RG,8150,1,D,HP,PD,D
10:01:38,ICBP,RG,8150,20,D,CC,PD,D
10:01:38,ICBP,RG,8150,33,D,PD,PD,D
10:01:38,ICBP,RG,8150,1,D,LG,PD,D
10:01:38,ICBP,RG,8150,3,D,CC,PD,D
10:01:38,ICBP,RG,8150,3,D,PD,PD,D
10:01:38,ICBP,RG,8150,2,D,SQ,PD,D
10:01:38,ICBP,RG,8150,2,D,PD,PD,D
10:01:38,ICBP,RG,8150,1,D,PD,PD,D
10:01:38,ICBP,RG,8150,27,D,YP,PD,D
10:01:34,ICBP,RG,8175,10,D,GR,MG,D
10:00:43,ICBP,RG,8150,1,D,YP,CC,D
10:00:00,ICBP,RG,8150,1,D,GR,AK,F
9:57:54,ICBP,RG,8175,5,D,SQ,MG,D
9:57:36,ICBP,RG,8175,1,D,PD,MG,D
9:57:20,ICBP,RG,8150,9,D,GR,XC,D
9:57:20,ICBP,RG,8150,2,D,XC,XC,D
9:57:20,ICBP,RG,8150,5,D,TP,XC,D
9:57:20,ICBP,RG,8150,2,D,PD,XC,D
9:57:20,ICBP,RG,8150,1,D,AT,XC,D
9:57:20,ICBP,RG,8150,7,D,DH,XC,D
9:57:18,ICBP,RG,8150,1,D,DH,XC,D
9:57:05,ICBP,RG,8150,1,D,DH,XC,D
9:56:12,ICBP,RG,8150,8,D,DH,AK,F
9:56:11,ICBP,RG,8150,8,D,DH,CC,D
9:56:01,ICBP,RG,8175,1,D,PD,MG,D
9:55:30,ICBP,RG,8150,1,D,DH,AK,F
9:55:13,ICBP,RG,8175,2,D,CC,MG,D
9:54:31,ICBP,RG,8175,3,D,NI,MG,D
9:54:20,ICBP,RG,8150,20,D,DH,SH,D
9:54:00,ICBP,RG,8175,1,F,AK,MG,D
9:53:53,ICBP,RG,8150,12,D,DH,YP,D
9:51:40,ICBP,RG,8150,13,D,DH,PD,D
9:51:24,ICBP,RG,8175,4,D,YP,MG,D
9:51:24,ICBP,RG,8150,1,D,DH,ZP,F
9:50:53,ICBP,RG,8175,1,D,NI,MG,D
9:50:31,ICBP,RG,8150,9,D,DH,NI,D
9:50:15,ICBP,RG,8150,1,D,DH,AK,F
9:50:04,ICBP,RG,8150,4,D,DH,CC,D
9:50:03,ICBP,RG,8150,3,D,DH,NI,D
9:48:45,ICBP,RG,8150,2,D,DH,ZP,F
9:48:16,ICBP,RG,8150,8,D,DH,AK,F
9:48:15,ICBP,RG,8150,10,D,DH,NI,D
9:48:07,ICBP,RG,8150,12,D,DH,CC,D
9:47:24,ICBP,RG,8150,2,D,DH,NI,D
9:47:24,ICBP,RG,8150,2,D,PD,NI,D
9:47:24,ICBP,RG,8150,5,D,XC,NI,D
9:47:24,ICBP,RG,8150,1,D,PD,NI,D
9:47:21,ICBP,RG,8175,1,D,PD,MG,D
9:47:20,ICBP,RG,8150,3,D,XC,KK,D
9:47:20,ICBP,RG,8150,1,D,NI,KK,D
9:47:20,ICBP,RG,8150,1,D,XC,KK,D
9:47:20,ICBP,RG,8150,1,D,YP,KK,D
9:47:20,ICBP,RG,8150,3,D,YP,KK,D
9:46:42,ICBP,RG,8175,1,D,LG,MG,D
9:46:32,ICBP,RG,8150,7,D,YP,PD,D
9:46:32,ICBP,RG,8150,1,D,YP,PD,D
9:46:32,ICBP,RG,8150,3,D,CC,PD,D
9:46:32,ICBP,RG,8150,1,D,SQ,PD,D
9:46:32,ICBP,RG,8150,2,D,PD,PD,D
9:46:32,ICBP,RG,8150,1,D,PD,PD,D
9:46:32,ICBP,RG,8150,14,D,YP,PD,D
9:46:32,ICBP,RG,8150,1,D,XC,PD,D
9:46:32,ICBP,RG,8150,6,D,SQ,PD,D
9:46:32,ICBP,RG,8150,2,D,CC,PD,D
9:46:32,ICBP,RG,8150,1,D,YP,PD,D
9:46:32,ICBP,RG,8150,1,D,XC,PD,D
9:46:20,ICBP,RG,8150,1,D,XC,XC,D
9:46:08,ICBP,RG,8150,3,D,XC,XC,D
9:45:21,ICBP,RG,8150,1,D,YP,NI,D
9:45:00,ICBP,RG,8150,1,D,YP,AK,F
9:44:56,ICBP,RG,8150,7,D,YP,AK,F
9:44:55,ICBP,RG,8150,1,D,YP,KK,D
9:44:55,ICBP,RG,8150,3,D,PD,KK,D
9:44:55,ICBP,RG,8150,2,D,YP,KK,D
9:44:55,ICBP,RG,8150,49,D,SQ,KK,D
9:44:44,ICBP,RG,8175,4,D,PD,MG,D
9:44:14,ICBP,RG,8150,5,D,SQ,ZP,F
9:43:32,ICBP,RG,8175,1,D,KK,MG,D
9:42:45,ICBP,RG,8175,5,D,AT,MG,D
9:42:15,ICBP,RG,8150,1,D,SQ,NI,D
9:41:30,ICBP,RG,8150,1,D,SQ,AK,F
9:41:22,ICBP,RG,8150,4,D,SQ,AZ,D
9:41:22,ICBP,RG,8150,3,D,YP,AZ,D
9:40:53,ICBP,RG,8150,7,D,YP,AK,F
9:40:52,ICBP,RG,8150,18,D,YP,AZ,D
9:39:53,ICBP,RG,8150,10,D,YP,CC,D
9:39:48,ICBP,RG,8150,2,D,YP,XC,D
9:39:26,ICBP,RG,8175,1,D,SQ,MG,D
9:39:14,ICBP,RG,8175,1,D,LG,MG,D
9:38:41,ICBP,RG,8175,3,D,PD,MG,D
9:38:04,ICBP,RG,8175,3,D,NI,MG,D
9:37:45,ICBP,RG,8150,1,D,YP,AK,F
9:36:48,ICBP,RG,8150,2,D,YP,XC,D
9:36:33,ICBP,RG,8150,9,D,YP,PD,D
9:36:30,ICBP,RG,8150,1,D,YP,NI,D
9:35:51,ICBP,RG,8150,2,D,YP,PD,D
9:35:18,ICBP,RG,8150,4,D,YP,ZP,F
9:34:51,ICBP,RG,8150,3,D,YP,KK,D
9:34:42,ICBP,RG,8175,1,D,GR,MG,D
9:34:20,ICBP,RG,8175,1,D,NI,MG,D
9:34:12,ICBP,RG,8175,10,D,NI,MG,D
9:33:52,ICBP,RG,8175,2,D,SQ,MG,D
9:33:28,ICBP,RG,8150,2,D,YP,NI,D
9:33:18,ICBP,RG,8150,4,D,YP,ZP,F
9:33:16,ICBP,RG,8150,14,D,YP,AK,F
9:33:14,ICBP,RG,8150,100,D,YP,YP,D
9:32:24,ICBP,RG,8150,20,D,YP,YP,D
9:31:59,ICBP,RG,8150,9,D,YP,CC,D
9:31:29,ICBP,RG,8175,1,D,ZP,MG,D
9:31:22,ICBP,RG,8175,10,D,PD,MG,D
9:30:56,ICBP,RG,8150,1,D,YP,AK,F
9:30:56,ICBP,RG,8150,10,D,YP,AK,F
9:30:56,ICBP,RG,8150,3,D,YP,AK,F
9:30:56,ICBP,RG,8175,7,D,CS,MG,D
9:30:55,ICBP,RG,8175,3,D,CS,MG,D
9:30:55,ICBP,RG,8175,3,D,PD,MG,D
9:30:55,ICBP,RG,8175,4,D,PC,MG,D
9:30:55,ICBP,RG,8175,8,D,CS,MG,D
9:30:55,ICBP,RG,8175,12,D,AZ,MG,D
9:30:55,ICBP,RG,8175,1,D,KK,MG,D
9:30:55,ICBP,RG,8175,8,D,CS,MG,D
9:30:55,ICBP,RG,8175,10,D,GR,MG,D
9:30:55,ICBP,RG,8175,5,D,PD,MG,D
9:30:55,ICBP,RG,8175,1,F,AK,MG,D
9:30:55,ICBP,RG,8175,1,D,XC,MG,D
9:30:55,ICBP,RG,8175,2,D,PD,MG,D
9:30:55,ICBP,RG,8175,10,D,PD,MG,D
9:30:55,ICBP,RG,8175,1,D,PD,MG,D
9:30:55,ICBP,RG,8175,1,D,XC,MG,D
9:30:55,ICBP,RG,8175,1,D,XC,MG,D
9:30:55,ICBP,RG,8175,1,D,XC,MG,D
9:30:55,ICBP,RG,8175,1,D,XC,MG,D
9:30:55,ICBP,RG,8175,5,D,SQ,MG,D
9:30:55,ICBP,RG,8175,9,D,PD,MG,D
9:30:55,ICBP,RG,8175,1,D,CC,MG,D
9:30:55,ICBP,RG,8175,2,D,PD,MG,D
9:30:55,ICBP,RG,8175,10,D,CS,MG,D
9:30:55,ICBP,RG,8175,1,D,PD,MG,D
9:30:55,ICBP,RG,8175,1,D,DR,MG,D
9:30:55,ICBP,RG,8175,5,D,AI,MG,D
9:30:55,ICBP,RG,8175,2,D,XC,MG,D
9:30:55,ICBP,RG,8175,1,D,CC,MG,D
9:30:55,ICBP,RG,8175,2,D,SQ,MG,D
9:30:55,ICBP,RG,8175,10,D,CS,MG,D
9:30:55,ICBP,RG,8175,3,D,GR,MG,D
9:30:55,ICBP,RG,8175,1,F,AK,MG,D
9:30:55,ICBP,RG,8175,2,D,PD,MG,D
9:30:55,ICBP,RG,8175,1,D,YP,MG,D
9:30:55,ICBP,RG,8175,1,D,PD,MG,D
9:30:55,ICBP,RG,8175,4,D,PD,MG,D
9:30:55,ICBP,RG,8175,2,D,YP,MG,D
9:30:41,ICBP,RG,8175,2,D,YP,DH,D
9:30:41,ICBP,RG,8175,20,D,YP,YP,D
9:30:34,ICBP,RG,8175,16,D,YP,AK,F
9:30:33,ICBP,RG,8175,10,D,YP,BQ,D
9:30:33,ICBP,RG,8175,7,D,CS,BQ,D
9:30:33,ICBP,RG,8175,3,D,SQ,BQ,D
9:30:33,ICBP,RG,8175,1,D,CC,BQ,D
9:30:33,ICBP,RG,8175,2,D,SQ,BQ,D
9:30:33,ICBP,RG,8175,1,D,AT,BQ,D
9:30:33,ICBP,RG,8175,5,D,YP,BQ,D
9:30:33,ICBP,RG,8175,1,D,PD,BQ,D
9:30:33,ICBP,RG,8175,1,D,CC,BQ,D
9:30:33,ICBP,RG,8175,149,D,YP,BQ,D
9:30:15,ICBP,RG,8175,5,D,YP,AK,F
9:30:14,ICBP,RG,8200,3,D,CC,CC,D
9:29:35,ICBP,RG,8200,3,D,NI,CC,D
9:27:43,ICBP,RG,8175,3,D,YP,NI,D
9:26:59,ICBP,RG,8175,2,D,YP,NI,D
9:26:50,ICBP,RG,8175,6,D,YP,NI,D
9:26:32,ICBP,RG,8175,1,D,YP,XC,D
9:26:25,ICBP,RG,8175,3,D,YP,YP,D
9:25:30,ICBP,RG,8175,1,D,YP,XC,D
9:24:38,ICBP,RG,8175,10,D,YP,YP,D
9:23:57,ICBP,RG,8175,10,D,YP,CC,D
9:23:52,ICBP,RG,8175,3,D,YP,XC,D
9:23:49,ICBP,RG,8175,1,D,YP,KK,D
9:23:38,ICBP,RG,8175,5,D,YP,YP,D
9:22:04,ICBP,RG,8175,5,D,YP,XC,D
9:21:57,ICBP,RG,8200,1,D,SQ,CC,D
9:21:52,ICBP,RG,8175,8,D,YP,AK,F
9:21:51,ICBP,RG,8200,60,D,YP,CC,D
9:20:16,ICBP,RG,8200,20,D,XC,CC,D
9:20:10,ICBP,RG,8175,1,D,YP,PD,D
9:20:06,ICBP,RG,8175,4,D,YP,AK,F
9:20:05,ICBP,RG,8200,24,D,YP,CC,D
9:20:05,ICBP,RG,8200,1,D,YP,AK,F
9:20:05,ICBP,RG,8200,1,D,YP,PD,D
9:20:05,ICBP,RG,8200,34,D,YP,GR,D
9:19:38,ICBP,RG,8175,6,D,YP,AK,F
9:19:37,ICBP,RG,8200,60,D,YP,GR,D
9:19:33,ICBP,RG,8200,1,D,PD,GR,D
9:19:23,ICBP,RG,8175,5,D,YP,PD,D
9:19:19,ICBP,RG,8175,5,D,YP,AK,F
9:19:18,ICBP,RG,8175,13,D,YP,XC,D
9:19:18,ICBP,RG,8175,1,D,CC,XC,D
9:19:18,ICBP,RG,8175,4,D,CS,XC,D
9:19:18,ICBP,RG,8175,1,D,PD,XC,D
9:19:18,ICBP,RG,8175,1,D,XC,XC,D
9:19:18,ICBP,RG,8175,5,D,CS,XC,D
9:19:18,ICBP,RG,8175,5,D,YB,XC,D
9:19:18,ICBP,RG,8175,2,D,DH,XC,D
9:19:18,ICBP,RG,8175,3,D,XC,XC,D
9:19:18,ICBP,RG,8175,1,D,PD,XC,D
9:19:18,ICBP,RG,8175,3,D,CS,XC,D
9:19:18,ICBP,RG,8175,3,D,YU,XC,D
9:19:17,ICBP,RG,8175,7,D,YU,KK,D
9:18:42,ICBP,RG,8175,4,D,YU,AK,F
9:18:41,ICBP,RG,8200,5,D,EP,GR,D
9:18:41,ICBP,RG,8200,8,D,EP,ZP,F
9:18:41,ICBP,RG,8200,10,D,EP,SQ,D
9:18:41,ICBP,RG,8200,1,D,EP,AK,F
9:18:41,ICBP,RG,8200,2,D,EP,YP,D
9:18:18,ICBP,RG,8200,2,D,XC,YP,D
9:18:15,ICBP,RG,8175,6,D,YU,ZP,F
9:17:22,ICBP,RG,8200,2,D,TP,YP,D
9:16:34,ICBP,RG,8200,2,D,NI,YP,D
9:16:18,ICBP,RG,8175,13,F,AK,EP,D
9:16:10,ICBP,RG,8175,6,F,AK,AK,F
9:16:09,ICBP,RG,8175,57,F,AK,YP,D
9:16:09,ICBP,RG,8175,1,D,YP,YP,D
9:16:09,ICBP,RG,8175,1,D,CC,YP,D
9:16:09,ICBP,RG,8175,1,D,YP,YP,D
9:15:41,ICBP,RG,8175,1,D,CS,NI,D
9:15:09,ICBP,RG,8175,7,D,CS,AK,F
9:15:08,ICBP,RG,8200,42,F,AK,YP,D
9:15:08,ICBP,RG,8200,1,F,AK,YP,D
9:15:08,ICBP,RG,8200,2,F,AK,PD,D
9:15:08,ICBP,RG,8200,5,F,AK,YP,D
9:15:08,ICBP,RG,8200,12,F,AK,CC,D
9:15:08,ICBP,RG,8200,3,F,AK,AK,F
9:15:08,ICBP,RG,8200,1,F,AK,AK,F
9:15:08,ICBP,RG,8200,1,F,AK,AK,F
9:15:08,ICBP,RG,8200,7,F,AK,PD,D
9:15:08,ICBP,RG,8200,9,F,AK,CC,D
9:15:08,ICBP,RG,8200,2,F,AK,KK,D
9:15:08,ICBP,RG,8200,15,F,AK,KK,D
9:15:02,ICBP,RG,8200,5,D,YP,PD,D
9:15:02,ICBP,RG,8200,1,D,YP,CC,D
9:15:02,ICBP,RG,8200,1,D,YP,CC,D
9:14:23,ICBP,RG,8200,1,D,XC,CC,D
9:14:06,ICBP,RG,8200,1,D,XC,CC,D
9:14:04,ICBP,RG,8175,1,D,CS,PD,D
9:13:47,ICBP,RG,8200,2,D,CC,CC,D
9:13:39,ICBP,RG,8200,2,D,SQ,CC,D
9:13:16,ICBP,RG,8175,4,D,CS,AK,F
9:13:16,ICBP,RG,8175,3,D,YP,AK,F
9:13:15,ICBP,RG,8200,5,F,AK,CC,D
9:13:15,ICBP,RG,8200,3,F,AK,XC,D
9:13:15,ICBP,RG,8200,10,F,AK,DX,D
9:13:15,ICBP,RG,8200,5,F,AK,PD,D
9:13:15,ICBP,RG,8200,7,F,AK,SQ,D
9:13:15,ICBP,RG,8200,2,F,AK,CC,D
9:13:15,ICBP,RG,8200,2,F,AK,EP,D
9:13:15,ICBP,RG,8200,15,F,AK,PD,D
9:13:15,ICBP,RG,8200,40,F,AK,PD,D
9:13:15,ICBP,RG,8200,1,F,AK,XC,D
9:13:15,ICBP,RG,8200,1,F,AK,GR,D
9:13:15,ICBP,RG,8200,5,F,AK,PD,D
9:13:15,ICBP,RG,8200,1,F,AK,KK,D
9:13:15,ICBP,RG,8200,1,F,AK,AK,F
9:13:15,ICBP,RG,8200,2,F,AK,XC,D
9:13:14,ICBP,RG,8200,1,D,NI,AK,F
9:13:14,ICBP,RG,8200,1,D,NI,AK,F
9:13:00,ICBP,RG,8175,3,D,YP,AK,F
9:12:59,ICBP,RG,8175,4,D,YP,CS,D
9:12:59,ICBP,RG,8175,1,F,AK,CS,D
9:12:59,ICBP,RG,8175,3,D,NI,CS,D
9:12:59,ICBP,RG,8175,1,D,NI,CS,D
9:12:59,ICBP,RG,8175,3,D,NI,CS,D
9:12:59,ICBP,RG,8175,5,D,NI,CS,D
9:12:59,ICBP,RG,8175,7,D,KK,CS,D
9:12:59,ICBP,RG,8175,1,D,PD,CS,D
9:12:56,ICBP,RG,8200,1,D,PD,AK,F
9:12:56,ICBP,RG,8175,2,D,PD,PD,D
9:11:23,ICBP,RG,8175,2,D,PD,EP,D
9:11:04,ICBP,RG,8175,2,D,DH,AK,F
9:11:03,ICBP,RG,8175,1,D,DH,XC,D
9:11:03,ICBP,RG,8175,1,D,SQ,XC,D
9:11:03,ICBP,RG,8175,1,D,PC,XC,D
9:11:02,ICBP,RG,8200,2,D,YP,AK,F
9:10:44,ICBP,RG,8175,18,D,YP,CS,D
9:10:42,ICBP,RG,8175,2,D,YP,AK,F
9:10:41,ICBP,RG,8200,1,D,IH,AK,F
9:10:41,ICBP,RG,8200,35,D,IH,BK,F
9:09:59,ICBP,RG,8175,1,D,YP,XC,D
9:09:58,ICBP,RG,8175,1,D,YP,XC,D
9:09:55,ICBP,RG,8175,2,D,YP,PD,D
9:09:53,ICBP,RG,8175,3,D,YP,AK,F
9:09:52,ICBP,RG,8175,19,D,YP,CS,D
9:09:35,ICBP,RG,8175,9,D,YP,PD,D
9:09:20,ICBP,RG,8175,2,D,YP,AK,F
9:09:18,ICBP,RG,8175,20,D,YP,PD,D
9:09:13,ICBP,RG,8175,1,D,YP,XC,D
9:09:10,ICBP,RG,8175,3,D,YP,AK,F
9:09:09,ICBP,RG,8175,35,D,YP,XC,D
9:09:01,ICBP,RG,8175,2,D,YP,AK,F
9:08:59,ICBP,RG,8175,3,D,YP,CS,D
9:08:59,ICBP,RG,8175,1,D,YP,CS,D
9:08:59,ICBP,RG,8175,4,D,CS,CS,D
9:08:59,ICBP,RG,8175,9,D,CS,CS,D
9:08:59,ICBP,RG,8175,2,D,CS,CS,D
9:08:59,ICBP,RG,8175,1,F,AK,CS,D
9:08:59,ICBP,RG,8175,5,F,AK,CS,D
9:08:59,ICBP,RG,8175,2,F,AK,AK,F
9:08:58,ICBP,RG,8200,1,D,PD,BK,F
9:08:57,ICBP,RG,8175,10,F,AK,PD,D
9:08:55,ICBP,RG,8175,1,F,AK,DH,D
9:08:44,ICBP,RG,8175,1,F,AK,YP,D
9:08:34,ICBP,RG,8175,2,F,AK,YP,D
9:07:42,ICBP,RG,8200,1,D,CC,BK,F
9:07:27,ICBP,RG,8200,4,D,YP,BK,F
9:07:22,ICBP,RG,8200,1,D,NI,BK,F
9:06:56,ICBP,RG,8175,2,F,AK,KK,D
9:06:23,ICBP,RG,8175,1,F,AK,YP,D
9:05:41,ICBP,RG,8175,1,F,AK,AK,F
9:05:41,ICBP,RG,8175,1,F,AK,AK,F
9:05:40,ICBP,RG,8175,3,F,AK,CS,D
9:05:40,ICBP,RG,8175,10,F,AK,CS,D
9:05:35,ICBP,RG,8200,5,D,PD,BK,F
9:05:08,ICBP,RG,8200,1,D,PD,AK,F
9:05:07,ICBP,RG,8175,2,F,AK,AK,F
9:05:05,ICBP,RG,8175,23,F,AK,CS,D
9:05:05,ICBP,RG,8175,4,F,AK,AK,F
9:05:04,ICBP,RG,8175,46,F,AK,YP,D
9:04:42,ICBP,RG,8175,2,F,AK,AK,F
9:04:41,ICBP,RG,8175,25,F,AK,DR,D
9:04:30,ICBP,RG,8175,1,F,AK,XC,D
9:04:29,ICBP,RG,8175,1,F,AK,DH,D
9:03:55,ICBP,RG,8175,4,F,AK,AK,F
9:03:54,ICBP,RG,8175,1,F,AK,CS,D
9:03:54,ICBP,RG,8175,4,F,AK,CS,D
9:03:54,ICBP,RG,8175,4,F,AK,CS,D
9:03:53,ICBP,RG,8175,1,F,AK,CS,D
9:03:53,ICBP,RG,8175,6,F,AK,CS,D
9:03:53,ICBP,RG,8175,4,F,AK,CS,D
9:03:53,ICBP,RG,8175,7,F,AK,CS,D
9:03:53,ICBP,RG,8175,1,F,AK,CS,D
9:03:53,ICBP,RG,8175,4,F,AK,CS,D
9:03:42,ICBP,RG,8150,6,D,YP,YP,D
9:03:38,ICBP,RG,8200,5,D,PD,DR,D
9:03:01,ICBP,RG,8150,2,D,YP,AK,F
9:03:00,ICBP,RG,8150,9,D,YP,CS,D
9:02:57,ICBP,RG,8200,10,D,AI,DR,D
9:02:51,ICBP,RG,8150,2,D,YP,AK,F
9:02:50,ICBP,RG,8150,20,D,YP,CS,D
9:02:44,ICBP,RG,8150,4,D,YP,AK,F
9:02:43,ICBP,RG,8150,46,D,YP,CS,D
9:02:42,ICBP,RG,8150,2,D,YP,CS,D
9:02:39,ICBP,RG,8150,10,D,YP,AK,F
9:02:38,ICBP,RG,8150,9,D,YP,CS,D
9:02:37,ICBP,RG,8150,115,D,YP,CS,D
9:02:36,ICBP,RG,8150,4,D,YP,AK,F
9:02:35,ICBP,RG,8150,2,D,YP,AK,F
9:02:34,ICBP,RG,8150,22,D,YP,KK,D
9:02:34,ICBP,RG,8150,3,D,YP,CS,D
9:02:34,ICBP,RG,8150,11,D,YP,CS,D
9:02:34,ICBP,RG,8150,2,D,YP,CS,D
9:02:33,ICBP,RG,8150,6,D,YP,PD,D
9:02:33,ICBP,RG,8150,1,D,YP,PD,D
9:02:33,ICBP,RG,8150,1,D,YP,PD,D
9:02:33,ICBP,RG,8150,3,D,YP,PD,D
9:02:33,ICBP,RG,8150,5,D,GR,PD,D
9:02:33,ICBP,RG,8150,4,D,PD,PD,D
9:02:33,ICBP,RG,8150,1,D,PD,AK,F
9:02:33,ICBP,RG,8150,1,D,YP,AK,F
9:02:33,ICBP,RG,8150,1,D,PD,AK,F
9:02:33,ICBP,RG,8150,1,D,PD,AK,F
9:02:33,ICBP,RG,8150,2,D,PD,AK,F
9:02:33,ICBP,RG,8150,1,D,PD,AK,F
9:02:33,ICBP,RG,8150,2,D,KK,AK,F
9:02:33,ICBP,RG,8150,6,D,DX,AK,F
9:02:33,ICBP,RG,8150,1,D,XC,AK,F
9:02:32,ICBP,RG,8175,1,D,PD,AK,F
9:02:32,ICBP,RG,8175,1,D,SQ,AK,F
9:02:32,ICBP,RG,8175,1,D,XC,AK,F
9:02:32,ICBP,RG,8175,1,D,YP,AK,F
9:02:32,ICBP,RG,8175,1,D,YP,AK,F
9:02:32,ICBP,RG,8175,1,D,PD,AK,F
9:02:32,ICBP,RG,8175,1,D,PD,AK,F
9:02:32,ICBP,RG,8175,1,D,YP,AK,F
9:02:32,ICBP,RG,8175,1,D,PD,AK,F
9:02:32,ICBP,RG,8175,2,D,PD,AK,F
9:02:30,ICBP,RG,8175,1,D,PD,CS,D
9:02:30,ICBP,RG,8175,2,D,XC,CS,D
9:02:30,ICBP,RG,8200,1,D,CS,CS,D
9:02:30,ICBP,RG,8200,3,D,CS,CS,D
9:02:30,ICBP,RG,8200,3,D,CS,AK,F
9:02:29,ICBP,RG,8200,2,D,NI,AK,F
9:02:29,ICBP,RG,8200,1,D,PD,AK,F
9:02:29,ICBP,RG,8200,55,D,PD,AK,F
9:02:29,ICBP,RG,8200,2,D,SQ,AK,F
9:02:29,ICBP,RG,8200,1,D,XC,AK,F
9:02:29,ICBP,RG,8200,1,D,XC,AK,F
9:02:29,ICBP,RG,8200,2,D,AT,AK,F
9:02:29,ICBP,RG,8200,240,D,YP,AK,F
9:02:29,ICBP,RG,8200,3,D,YP,CS,D
9:02:29,ICBP,RG,8200,1,D,SQ,CS,D
9:02:29,ICBP,RG,8200,1,D,AT,CS,D
9:02:29,ICBP,RG,8200,19,D,YP,CS,D
9:02:27,ICBP,RG,8200,1,D,YP,AK,F
9:02:27,ICBP,RG,8200,1,D,YP,AK,F
9:02:27,ICBP,RG,8225,9,D,CS,AK,F
9:02:27,ICBP,RG,8225,2,D,CS,CS,D
9:02:27,ICBP,RG,8225,2,D,CS,CS,D
9:02:27,ICBP,RG,8225,2,D,CS,AK,F
9:02:27,ICBP,RG,8225,1,D,CS,AK,F
9:02:27,ICBP,RG,8225,2,D,CS,AK,F
9:02:26,ICBP,RG,8225,3,D,CS,AK,F
9:02:26,ICBP,RG,8225,7,D,CS,AK,F
9:02:26,ICBP,RG,8225,4,D,CS,AK,F
9:02:26,ICBP,RG,8225,105,D,YP,AK,F
9:02:26,ICBP,RG,8225,4,D,YP,CS,D
9:02:25,ICBP,RG,8225,48,D,YP,CC,D
9:02:24,ICBP,RG,8225,6,D,YP,PD,D
9:02:17,ICBP,RG,8225,2,D,YP,PD,D
9:01:30,ICBP,RG,8225,1,D,YP,NI,D
9:01:20,ICBP,RG,8225,6,D,YP,CC,D
9:01:10,ICBP,RG,8225,4,D,YP,PD,D
9:01:10,ICBP,RG,8225,1,D,YP,CC,D
9:01:10,ICBP,RG,8250,2,D,PD,YP,D
9:01:08,ICBP,RG,8225,1,D,YP,CC,D
9:01:07,ICBP,RG,8225,4,D,YP,OD,D
9:00:57,ICBP,RG,8225,1,D,PD,OD,D
9:00:47,ICBP,RG,8225,1,D,PD,XC,D
9:00:46,ICBP,RG,8225,1,D,CS,YP,D
9:00:33,ICBP,RG,8200,12,D,YP,CC,D
9:00:31,ICBP,RG,8225,1,D,CS,YP,D
9:00:18,ICBP,RG,8225,2,D,CS,YP,D
9:00:16,ICBP,RG,8225,1,F,AK,YP,D
9:00:08,ICBP,RG,8200,2,D,YP,XC,D
9:00:04,ICBP,RG,8200,3,D,YP,YP,D
9:00:03,ICBP,RG,8200,50,D,YP,TP,D
8:55:00,ICBP,RG,8200,2,D,YP,OD,D
8:55:00,ICBP,RG,8200,31,D,YP,YP,D
8:55:00,ICBP,RG,8200,1,D,YP,YP,D
8:55:00,ICBP,RG,8200,10,D,YP,YP,D
8:55:00,ICBP,RG,8200,1,D,CC,YP,D
8:55:00,ICBP,RG,8200,1,D,DH,YP,D
8:55:00,ICBP,RG,8200,1,D,CC,YP,D
8:55:00,ICBP,RG,8200,3,D,PD,YP,D
8:55:00,ICBP,RG,8200,1,D,CC,YP,D
8:55:00,ICBP,RG,8200,1,D,CC,YP,D
8:55:00,ICBP,RG,8200,10,D,PD,YP,D
8:55:00,ICBP,RG,8200,1,D,PD,YP,D
8:55:00,ICBP,RG,8200,1,D,PD,PD,D
8:55:00,ICBP,RG,8200,8,D,PD,CC,D
8:55:00,ICBP,RG,8200,2,D,DH,CC,D
8:55:00,ICBP,RG,8200,3,D,DH,PD,D
8:55:00,ICBP,RG,8200,1,D,PD,PD,D
8:55:00,ICBP,RG,8200,2,D,SQ,KK,D
8:55:00,ICBP,RG,8200,1,D,SQ,AK,F
8:55:00,ICBP,RG,8200,2,D,SQ,CS,D
8:55:00,ICBP,RG,8200,2,D,ZP,CS,D
8:55:00,ICBP,RG,8200,4,D,PD,CS,D
8:55:00,ICBP,RG,8200,1,D,PD,CS,D
8:55:00,ICBP,RG,8200,1,D,XC,CS,D
8:55:00,ICBP,RG,8200,2,D,HP,CS,D
8:55:00,ICBP,RG,8200,1,D,YP,CS,D
8:55:00,ICBP,RG,8200,10,D,DR,CS,D
8:55:00,ICBP,RG,8200,1,D,YP,CS,D
8:55:00,ICBP,RG,8200,40,D,GR,CS,D
8:55:00,ICBP,RG,8200,1,D,YP,CS,D
8:55:00,ICBP,RG,8200,1,D,YP,CS,D
8:55:00,ICBP,RG,8200,10,D,DX,CS,D
8:55:00,ICBP,RG,8200,1,D,YP,CS,D
8:55:00,ICBP,RG,8200,1,D,SQ,CS,D
8:55:00,ICBP,RG,8200,3,D,CS,CS,D