Time,Stock,Brd,Price,Qty,BT,BC,SC,ST
15:10:50,ICBP,RG,8700,1,D,YP,AK,D
15:08:01,ICBP,RG,8700,1,D,AT,AK,D
15:06:15,ICBP,RG,8700,43,D,CC,AK,D
15:06:15,ICBP,RG,8700,3,D,CC,YP,D
15:04:28,ICBP,RG,8700,1,D,PD,YP,D
15:01:12,ICBP,RG,8700,1,D,YP,YP,D
15:00:00,ICBP,RG,8700,25,F,GW,KK,D
15:00:00,ICBP,RG,8700,1,F,GW,YP,D
15:00:00,ICBP,RG,8700,20,F,GW,DH,D
15:00:00,ICBP,RG,8700,6,F,GW,KK,D
15:00:00,ICBP,RG,8700,30,F,GW,SQ,D
15:00:00,ICBP,RG,8700,10,F,GW,OD,D
15:00:00,ICBP,RG,8700,4,F,GW,XC,D
15:00:00,ICBP,RG,8700,100,F,GW,CC,D
15:00:00,ICBP,RG,8700,300,F,GW,CC,D
15:00:00,ICBP,RG,8700,10,F,GW,YP,D
15:00:00,ICBP,RG,8700,25,F,GW,MG,D
15:00:00,ICBP,RG,8700,13,F,GW,YP,D
15:00:00,ICBP,RG,8700,4,F,GW,DH,D
15:00:00,ICBP,RG,8700,300,F,GW,AI,D
15:00:00,ICBP,RG,8700,1,F,GW,XC,D
15:00:00,ICBP,RG,8700,1,F,GW,YP,D
15:00:00,ICBP,RG,8700,20,F,GW,DR,D
15:00:00,ICBP,RG,8700,1,F,GW,XC,D
15:00:00,ICBP,RG,8700,30,F,GW,GR,D
15:00:00,ICBP,RG,8700,5,F,GW,YB,D
15:00:00,ICBP,RG,8700,1245,F,GW,ZP,F
15:00:00,ICBP,RG,8700,23,F,GW,KZ,F
15:00:00,ICBP,RG,8700,3,D,PD,KZ,F
15:00:00,ICBP,RG,8700,5,D,SQ,KZ,F
15:00:00,ICBP,RG,8700,576,F,GW,KZ,F
15:00:00,ICBP,RG,8700,2,D,PD,KZ,F
15:00:00,ICBP,RG,8700,1,D,KK,KZ,F
15:00:00,ICBP,RG,8700,20,D,CP,KZ,F
15:00:00,ICBP,RG,8700,1,D,XC,KZ,F
15:00:00,ICBP,RG,8700,1,D,SQ,KZ,F
15:00:00,ICBP,RG,8700,2,D,YP,KZ,F
15:00:00,ICBP,RG,8700,3,D,XL,KZ,F
15:00:00,ICBP,RG,8700,10,D,EP,KZ,F
15:00:00,ICBP,RG,8700,5,D,ZP,KZ,F
15:00:00,ICBP,RG,8700,2,D,CD,KZ,F
15:00:00,ICBP,RG,8700,10,D,IF,KZ,F
15:00:00,ICBP,RG,8700,14,F,AK,KZ,F
15:00:00,ICBP,RG,8700,204,F,BK,KZ,F
15:00:00,ICBP,RG,8700,6,F,BK,KZ,F
15:00:00,ICBP,RG,8700,11,F,AK,KZ,F
15:00:00,ICBP,RG,8700,2,F,AK,KZ,F
15:00:00,ICBP,RG,8700,77,F,AK,KZ,F
15:00:00,ICBP,RG,8700,14,F,AK,KZ,F
15:00:00,ICBP,RG,8700,177,F,AK,KZ,F
15:00:00,ICBP,RG,8700,11,F,AK,KZ,F
15:00:00,ICBP,RG,8700,3,F,AK,KZ,F
15:00:00,ICBP,RG,8700,483,D,BB,KZ,F
15:00:00,ICBP,RG,8700,250,D,BB,KZ,F
15:00:00,ICBP,RG,8700,625,D,BB,KZ,F
15:00:00,ICBP,RG,8700,300,D,BB,ZP,F
15:00:00,ICBP,RG,8700,1,D,BB,AK,F
15:00:00,ICBP,RG,8700,58,D,BB,AK,F
15:00:00,ICBP,RG,8700,16,D,BB,AK,F
15:00:00,ICBP,RG,8700,30,D,YU,AK,F
15:00:00,ICBP,RG,8700,9,D,LG,AK,F
15:00:00,ICBP,RG,8700,9,D,LG,KK,D
14:49:58,ICBP,RG,8700,1,F,ZP,PD,D
14:49:57,ICBP,RG,8700,1,F,ZP,KZ,F
14:49:56,ICBP,RG,8700,1,F,ZP,AK,F
14:49:56,ICBP,RG,8700,1,F,ZP,AK,F
14:49:55,ICBP,RG,8700,1,F,ZP,KZ,F
14:49:53,ICBP,RG,8700,59,F,ZP,KZ,F
14:49:52,ICBP,RG,8700,1,F,ZP,AK,F
14:49:52,ICBP,RG,8700,1,F,ZP,AK,F
14:49:52,ICBP,RG,8700,5,F,ZP,KZ,F
14:49:51,ICBP,RG,8700,9,F,ZP,SQ,D
14:49:45,ICBP,RG,8725,1,F,AK,XC,D
14:49:42,ICBP,RG,8700,94,F,ZP,KZ,F
14:49:33,ICBP,RG,8700,1,F,ZP,KZ,F
14:49:30,ICBP,RG,8725,1,F,AK,KK,D
14:49:30,ICBP,RG,8725,1,F,AK,PD,D
14:49:15,ICBP,RG,8725,2,F,AK,YP,D
14:49:11,ICBP,RG,8700,7,F,ZP,KZ,F
14:49:11,ICBP,RG,8700,21,F,ZP,AK,F
14:49:11,ICBP,RG,8700,2,F,ZP,AK,F
14:49:07,ICBP,RG,8700,3,F,ZP,KZ,F
14:49:07,ICBP,RG,8700,10,F,ZP,SQ,D
14:49:00,ICBP,RG,8725,1,D,AK,XC,D
14:49:00,ICBP,RG,8725,1,D,AK,XC,D
14:48:49,ICBP,RG,8700,2,F,ZP,KZ,F
14:48:47,ICBP,RG,8700,18,F,ZP,KZ,F
14:48:47,ICBP,RG,8700,6,F,ZP,YP,D
14:48:46,ICBP,RG,8700,12,F,ZP,PD,D
14:48:45,ICBP,RG,8700,53,F,ZP,ZP,F
14:48:45,ICBP,RG,8725,3,F,AK,XC,D
14:48:43,ICBP,RG,8700,5,F,ZP,KZ,F
14:48:41,ICBP,RG,8700,37,F,ZP,KZ,F
14:48:41,ICBP,RG,8700,13,F,ZP,AK,F
14:48:41,ICBP,RG,8700,4,F,ZP,AK,F
14:48:39,ICBP,RG,8700,12,F,ZP,KZ,F
14:48:38,ICBP,RG,8700,90,F,ZP,RX,D
14:48:38,ICBP,RG,8700,11,F,ZP,RX,D
14:48:38,ICBP,RG,8700,11,F,ZP,RX,D
14:48:38,ICBP,RG,8700,38,D,BB,RX,D
14:48:35,ICBP,RG,8700,41,D,BB,KZ,F
14:48:35,ICBP,RG,8700,124,D,BB,RX,D
14:48:33,ICBP,RG,8700,2,D,BB,NI,D
14:48:30,ICBP,RG,8725,1,F,AK,RX,D
14:48:29,ICBP,RG,8700,1,D,BB,KZ,F
14:48:27,ICBP,RG,8725,1,F,AK,RX,D
14:48:26,ICBP,RG,8700,3,D,BB,KZ,F
14:48:26,ICBP,RG,8700,7,D,BB,AK,F
14:48:17,ICBP,RG,8700,1,D,BB,KZ,F
14:48:15,ICBP,RG,8725,2,F,AK,RX,D
14:48:11,ICBP,RG,8700,1,D,BB,KZ,F
14:48:09,ICBP,RG,8725,2,D,KZ,RX,D
14:48:02,ICBP,RG,8700,32,D,BB,KZ,F
14:48:02,ICBP,RG,8700,272,D,BB,KZ,F
14:48:01,ICBP,RG,8700,3,D,BB,KZ,F
14:48:01,ICBP,RG,8700,2,D,BB,KZ,F
14:48:00,ICBP,RG,8700,2,D,BB,KZ,F
14:48:00,ICBP,RG,8700,3,D,BB,KZ,F
14:48:00,ICBP,RG,8700,1,D,BB,KZ,F
14:48:00,ICBP,RG,8700,17,D,BB,KZ,F
14:48:00,ICBP,RG,8700,22,D,BB,KZ,F
14:48:00,ICBP,RG,8700,3,D,BB,KZ,F
14:48:00,ICBP,RG,8700,308,D,BB,KZ,F
14:48:00,ICBP,RG,8725,2,F,AK,RX,D
14:48:00,ICBP,RG,8725,1,F,AK,RX,D
14:47:59,ICBP,RG,8700,7,D,BB,EP,D
14:47:50,ICBP,RG,8700,2,D,BB,XC,D
14:47:45,ICBP,RG,8725,1,F,AK,RX,D
14:47:31,ICBP,RG,8725,12,D,CC,RX,D
14:47:00,ICBP,RG,8725,1,D,CC,RX,D
14:46:44,ICBP,RG,8700,1,D,BB,GR,D
14:46:36,ICBP,RG,8700,150,D,BB,RX,D
14:46:30,ICBP,RG,8725,6,F,BK,RX,D
14:46:29,ICBP,RG,8700,10,D,BB,SQ,D
14:45:48,ICBP,RG,8700,197,D,BB,RX,D
14:45:48,ICBP,RG,8700,53,D,BB,RX,D
14:45:15,ICBP,RG,8725,1,D,AK,RX,D
14:45:01,ICBP,RG,8725,4,D,CC,RX,D
14:44:30,ICBP,RG,8700,4,D,BB,CC,D
14:44:29,ICBP,RG,8700,1,D,BB,YP,D
14:42:47,ICBP,RG,8700,20,D,BB,YP,D
14:42:25,ICBP,RG,8700,200,D,BB,KZ,F
14:41:43,ICBP,RG,8700,234,D,BB,KZ,F
14:41:42,ICBP,RG,8700,11,F,ZP,KZ,F
14:41:40,ICBP,RG,8700,11,F,ZP,KZ,F
14:41:40,ICBP,RG,8700,11,F,ZP,KZ,F
14:41:39,ICBP,RG,8700,1,D,YP,KZ,F
14:41:39,ICBP,RG,8700,21,D,OD,KZ,F
14:41:39,ICBP,RG,8700,1,D,AK,KZ,F
14:41:39,ICBP,RG,8700,14,F,AK,KZ,F
14:41:39,ICBP,RG,8700,2,D,KZ,KZ,F
14:41:39,ICBP,RG,8700,194,F,BK,KZ,F
14:41:36,ICBP,RG,8700,6,F,BK,AT,D
14:41:36,ICBP,RG,8700,9,D,SQ,AT,D
14:41:36,ICBP,RG,8700,1,D,SQ,PD,D
14:40:52,ICBP,RG,8700,20,F,AK,AK,F
14:40:52,ICBP,RG,8700,21,F,AK,AK,D
14:40:52,ICBP,RG,8700,1,F,AK,CC,D
14:40:52,ICBP,RG,8700,3,F,AK,CC,D
14:40:52,ICBP,RG,8700,4,F,AK,RX,D
14:40:51,ICBP,RG,8700,496,F,GW,RX,D
14:40:51,ICBP,RG,8700,58,F,GW,KZ,F
14:40:51,ICBP,RG,8700,15,F,GW,AK,F
14:40:51,ICBP,RG,8700,11,F,GW,AK,F
14:40:51,ICBP,RG,8700,84,F,GW,AK,F
14:40:51,ICBP,RG,8700,6,F,GW,KZ,F
14:40:51,ICBP,RG,8700,5,F,GW,KZ,F
14:40:51,ICBP,RG,8700,20,F,GW,KZ,F
14:40:51,ICBP,RG,8700,595,F,GW,KZ,F
14:40:51,ICBP,RG,8700,59,F,GW,AK,D
14:40:51,ICBP,RG,8700,31,F,GW,KZ,F
14:40:51,ICBP,RG,8700,1,F,GW,KZ,F
14:40:51,ICBP,RG,8700,147,F,GW,KZ,F
14:40:51,ICBP,RG,8700,89,F,GW,KZ,F
14:40:51,ICBP,RG,8700,378,F,GW,KZ,F
14:40:51,ICBP,RG,8700,155,F,GW,AK,D
14:40:24,ICBP,RG,8700,11,F,ZP,AK,D
14:40:19,ICBP,RG,8700,11,F,ZP,AK,D
14:40:17,ICBP,RG,8700,11,F,ZP,AK,D
14:40:05,ICBP,RG,8700,11,F,ZP,AK,D
14:39:58,ICBP,RG,8700,11,F,ZP,AK,D
14:39:56,ICBP,RG,8700,11,F,ZP,AK,D
14:39:55,ICBP,RG,8675,3,D,BB,CC,D
14:39:50,ICBP,RG,8700,11,F,ZP,AK,D
14:39:43,ICBP,RG,8700,11,F,ZP,AK,D
14:39:36,ICBP,RG,8700,11,F,ZP,AK,D
14:39:29,ICBP,RG,8700,11,F,ZP,AK,D
14:39:22,ICBP,RG,8700,10,F,ZP,AK,D
14:39:15,ICBP,RG,8700,10,F,ZP,AK,D
14:39:13,ICBP,RG,8700,1,D,CC,AK,D
14:39:13,ICBP,RG,8700,11,F,ZP,AK,D
14:39:00,ICBP,RG,8700,11,F,ZP,AK,D
14:38:59,ICBP,RG,8700,146,F,ZP,AK,D
14:38:59,ICBP,RG,8700,1,F,AK,AK,D
14:38:59,ICBP,RG,8700,4,D,PD,AK,D
14:38:59,ICBP,RG,8700,1,D,AK,AK,D
14:38:59,ICBP,RG,8700,2,D,AK,AK,D
14:38:59,ICBP,RG,8700,5,F,BK,AK,D
14:38:59,ICBP,RG,8700,2,F,AK,AK,D
14:38:59,ICBP,RG,8700,2,F,AK,AK,D
14:38:59,ICBP,RG,8700,1,D,AK,AK,D
14:38:59,ICBP,RG,8700,5,D,XC,AK,D
14:38:59,ICBP,RG,8700,1,F,AK,AK,D
14:38:59,ICBP,RG,8700,2,F,AK,AK,D
14:38:59,ICBP,RG,8700,10,D,NI,AK,D
14:38:59,ICBP,RG,8700,5,D,XC,AK,D
14:38:59,ICBP,RG,8700,150,F,GW,AK,D
14:38:59,ICBP,RG,8700,1,D,AK,AK,D
14:38:59,ICBP,RG,8700,11,F,ZP,AK,D
14:38:59,ICBP,RG,8700,11,F,ZP,AK,D
14:38:59,ICBP,RG,8700,11,F,ZP,AK,D
14:38:59,ICBP,RG,8700,11,F,ZP,AK,D
14:38:59,ICBP,RG,8700,10,F,ZP,AK,D
14:38:59,ICBP,RG,8700,11,F,ZP,AK,D
14:38:59,ICBP,RG,8700,11,F,ZP,AK,D
14:38:59,ICBP,RG,8700,11,F,ZP,AK,D
14:38:59,ICBP,RG,8700,11,F,ZP,AK,D
14:38:59,ICBP,RG,8700,10,F,ZP,AK,D
14:38:59,ICBP,RG,8700,11,F,ZP,AK,D
14:38:59,ICBP,RG,8700,11,F,ZP,AK,D
14:38:59,ICBP,RG,8700,10,F,ZP,AK,D
14:38:59,ICBP,RG,8700,11,F,ZP,AK,D
14:38:59,ICBP,RG,8700,11,F,ZP,AK,D
14:38:59,ICBP,RG,8700,10,F,ZP,AK,D
14:38:59,ICBP,RG,8700,11,F,ZP,AK,D
14:38:59,ICBP,RG,8700,11,F,ZP,AK,D
14:38:59,ICBP,RG,8700,11,F,ZP,AK,D
14:38:59,ICBP,RG,8700,11,F,ZP,AK,D
14:38:59,ICBP,RG,8700,10,F,ZP,AK,D
14:38:59,ICBP,RG,8700,11,F,ZP,AK,D
14:38:59,ICBP,RG,8700,11,F,ZP,AK,D
14:38:59,ICBP,RG,8700,91,F,ZP,AK,D
14:38:59,ICBP,RG,8700,11,F,ZP,AK,D
14:38:59,ICBP,RG,8700,11,F,ZP,AK,D
14:38:59,ICBP,RG,8700,11,F,ZP,AK,D
14:38:59,ICBP,RG,8700,11,F,ZP,AK,D
14:38:59,ICBP,RG,8700,11,F,ZP,AK,D
14:38:59,ICBP,RG,8700,10,F,ZP,AK,D
14:38:59,ICBP,RG,8700,11,F,ZP,AK,D
14:38:59,ICBP,RG,8700,3,F,AK,AK,D
14:38:59,ICBP,RG,8700,11,F,ZP,AK,D
14:38:59,ICBP,RG,8700,11,F,ZP,AK,D
14:38:59,ICBP,RG,8700,11,F,ZP,AK,D
14:38:59,ICBP,RG,8700,11,F,ZP,AK,D
14:38:59,ICBP,RG,8700,11,F,ZP,AK,D
14:38:59,ICBP,RG,8700,11,F,ZP,AK,D
14:38:59,ICBP,RG,8700,10,F,ZP,AK,D
14:38:59,ICBP,RG,8700,11,F,ZP,AK,D
14:38:59,ICBP,RG,8700,70,F,YU,AK,D
14:38:59,ICBP,RG,8700,199,F,BK,AK,D
14:38:52,ICBP,RG,8700,41,F,BK,KZ,F
14:38:52,ICBP,RG,8700,11,F,ZP,KZ,F
14:38:52,ICBP,RG,8700,161,D,BB,KZ,F
14:38:52,ICBP,RG,8700,39,D,BB,KZ,F
14:38:52,ICBP,RG,8700,173,D,BB,KZ,F
14:38:52,ICBP,RG,8700,5,D,BB,KZ,F
14:38:52,ICBP,RG,8700,47,D,BB,KZ,F
14:38:29,ICBP,RG,8700,86,D,BB,PD,D
14:38:12,ICBP,RG,8700,4,D,BB,AG,D
14:38:04,ICBP,RG,8700,5,D,BB,YP,D
14:37:59,ICBP,RG,8725,2,D,KZ,RX,D
14:34:33,ICBP,RG,8700,1,D,BB,PD,D
14:34:23,ICBP,RG,8700,25,D,BB,GR,D
14:34:19,ICBP,RG,8700,114,D,BB,PD,D
14:33:20,ICBP,RG,8700,9,D,BB,YP,D
14:33:10,ICBP,RG,8700,1,D,BB,XL,D
14:32:37,ICBP,RG,8700,1,D,BB,IF,D
14:31:36,ICBP,RG,8700,3,D,BB,CC,D
14:31:21,ICBP,RG,8700,1,D,BB,XL,D
14:30:40,ICBP,RG,8700,2,D,BB,YP,D
14:30:30,ICBP,RG,8700,2,D,BB,YP,D
14:30:06,ICBP,RG,8700,55,D,BB,PD,D
14:29:55,ICBP,RG,8700,2,D,BB,EP,D
14:28:19,ICBP,RG,8700,1,D,BB,PD,D
14:28:11,ICBP,RG,8700,2,D,BB,ZP,F
14:28:11,ICBP,RG,8700,13,D,BB,AK,F
14:28:11,ICBP,RG,8700,25,D,BB,AK,F
14:28:11,ICBP,RG,8700,5,D,BB,ZP,F
14:28:11,ICBP,RG,8700,6,D,BB,KZ,F
14:28:11,ICBP,RG,8700,4,D,BB,KZ,F
14:28:11,ICBP,RG,8700,26,D,BB,KZ,F
14:28:11,ICBP,RG,8700,4,D,BB,XC,D
14:28:11,ICBP,RG,8700,13,D,BB,KZ,F
14:28:11,ICBP,RG,8700,52,D,BB,KZ,F
14:28:11,ICBP,RG,8700,13,D,BB,AK,F
14:28:11,ICBP,RG,8700,17,D,BB,AK,F
14:28:11,ICBP,RG,8700,83,D,BB,KZ,F
14:28:11,ICBP,RG,8700,26,D,BB,KZ,F
14:28:11,ICBP,RG,8700,383,D,BB,RX,D
14:27:57,ICBP,RG,8700,11,F,ZP,RX,D
14:27:56,ICBP,RG,8700,11,F,ZP,RX,D
14:27:56,ICBP,RG,8700,11,F,ZP,RX,D
14:27:55,ICBP,RG,8700,11,F,ZP,RX,D
14:27:51,ICBP,RG,8700,10,F,ZP,RX,D
14:27:49,ICBP,RG,8700,11,F,ZP,RX,D
14:27:47,ICBP,RG,8700,10,F,ZP,RX,D
14:27:45,ICBP,RG,8700,11,F,ZP,RX,D
14:27:43,ICBP,RG,8700,11,F,ZP,RX,D
14:27:41,ICBP,RG,8700,11,F,ZP,RX,D
14:27:41,ICBP,RG,8700,1,D,PD,RX,D
14:27:41,ICBP,RG,8700,8,F,ZP,RX,D
14:27:41,ICBP,RG,8700,3,F,ZP,ZP,F
14:27:40,ICBP,RG,8700,1,F,ZP,ZP,F
14:27:40,ICBP,RG,8700,10,F,ZP,KZ,F
14:27:40,ICBP,RG,8700,10,F,ZP,KZ,F
14:27:40,ICBP,RG,8700,11,F,ZP,KZ,F
14:27:40,ICBP,RG,8700,59,F,GW,KZ,F
14:27:40,ICBP,RG,8700,284,F,ZP,KZ,F
14:27:40,ICBP,RG,8700,13,F,ZP,KZ,F
14:27:40,ICBP,RG,8700,43,F,ZP,KZ,F
14:27:40,ICBP,RG,8700,38,F,ZP,KZ,F
14:27:38,ICBP,RG,8700,58,F,ZP,AK,D
14:27:38,ICBP,RG,8700,11,F,ZP,AK,D
14:27:38,ICBP,RG,8700,10,F,ZP,AK,D
14:27:38,ICBP,RG,8700,100,F,GW,AK,D
14:27:38,ICBP,RG,8700,1,F,AK,AK,D
14:27:38,ICBP,RG,8700,1,D,KK,AK,D
14:27:38,ICBP,RG,8700,11,F,ZP,AK,D
14:27:38,ICBP,RG,8700,2,D,KZ,AK,D
14:27:38,ICBP,RG,8700,1,D,AK,AK,D
14:27:38,ICBP,RG,8700,7,F,BK,AK,D
14:27:38,ICBP,RG,8700,6,F,AK,AK,D
14:27:38,ICBP,RG,8700,92,D,BB,AK,D
14:27:30,ICBP,RG,8700,158,D,BB,EP,D
14:27:30,ICBP,RG,8700,42,D,BB,EP,D
14:27:10,ICBP,RG,8700,958,D,BB,AK,D
14:27:10,ICBP,RG,8700,242,D,BB,AK,D
14:25:48,ICBP,RG,8725,1,D,PD,RX,D
14:25:17,ICBP,RG,8700,11,D,BB,XL,D
14:24:56,ICBP,RG,8700,7,D,BB,KZ,F
14:24:56,ICBP,RG,8700,61,D,BB,KZ,F
14:24:56,ICBP,RG,8700,174,D,BB,KZ,F
14:24:56,ICBP,RG,8700,7,D,BB,ZP,F
14:24:56,ICBP,RG,8700,6,D,BB,YP,D
14:24:56,ICBP,RG,8700,1,D,BB,KZ,F
14:24:56,ICBP,RG,8700,2,D,BB,KZ,F
14:24:56,ICBP,RG,8700,1,D,BB,KZ,F
14:24:44,ICBP,RG,8675,3,D,BB,ZP,F
14:24:43,ICBP,RG,8700,2,F,AK,KZ,F
14:24:43,ICBP,RG,8700,37,F,YU,KZ,F
14:24:43,ICBP,RG,8700,1,D,AK,KZ,F
14:24:43,ICBP,RG,8700,2,F,YU,KZ,F
14:24:43,ICBP,RG,8700,2,F,AK,KZ,F
14:24:43,ICBP,RG,8700,1,F,AK,KZ,F
14:24:43,ICBP,RG,8700,2,F,AK,KZ,F
14:24:43,ICBP,RG,8700,8,F,YU,KZ,F
14:24:43,ICBP,RG,8700,1,D,PD,KZ,F
14:24:43,ICBP,RG,8700,15,D,PD,KZ,F
14:24:43,ICBP,RG,8700,1,D,AK,KZ,F
14:24:43,ICBP,RG,8700,1,D,AK,KZ,F
14:24:43,ICBP,RG,8700,28,F,AK,KZ,F
14:24:43,ICBP,RG,8700,3,D,YP,KZ,F
14:24:43,ICBP,RG,8700,1,F,AK,KZ,F
14:24:43,ICBP,RG,8700,7,F,BK,KZ,F
14:24:43,ICBP,RG,8700,1,D,AK,KZ,F
14:24:43,ICBP,RG,8700,37,F,YU,KZ,F
14:24:42,ICBP,RG,8700,2,F,YU,KZ,F
14:24:42,ICBP,RG,8700,55,F,YU,KZ,F
14:24:42,ICBP,RG,8700,3,F,AK,KZ,F
14:24:42,ICBP,RG,8700,1,D,AK,KZ,F
14:24:42,ICBP,RG,8700,1,F,AK,KZ,F
14:24:42,ICBP,RG,8700,2,F,AK,KZ,F
14:24:42,ICBP,RG,8700,12,D,CC,KZ,F
14:24:42,ICBP,RG,8700,83,D,BB,KZ,F
14:24:42,ICBP,RG,8700,1,D,BB,KZ,F
14:24:42,ICBP,RG,8700,91,D,BB,KZ,F
14:24:42,ICBP,RG,8700,64,D,BB,KZ,F
14:24:42,ICBP,RG,8700,25,D,BB,HP,D
14:23:49,ICBP,RG,8725,2,D,KZ,RX,D
14:23:47,ICBP,RG,8700,7,D,BB,ZP,F
14:23:41,ICBP,RG,8700,1,D,BB,EP,D
14:23:35,ICBP,RG,8700,2,D,BB,CC,D
14:22:47,ICBP,RG,8700,10,D,BB,KK,D
14:22:04,ICBP,RG,8700,2,D,BB,CC,D
14:21:56,ICBP,RG,8725,1,D,DH,RX,D
14:21:53,ICBP,RG,8700,4,D,BB,ZP,F
14:21:51,ICBP,RG,8700,1,D,BB,YP,D
14:21:41,ICBP,RG,8700,2,D,BB,CC,D
14:21:24,ICBP,RG,8700,2,D,BB,CC,D
14:20:29,ICBP,RG,8700,5,D,BB,ZP,F
14:19:28,ICBP,RG,8725,1,D,PD,RX,D
14:19:00,ICBP,RG,8725,12,D,CC,RX,D
14:18:50,ICBP,RG,8700,4,D,BB,ZP,F
14:18:49,ICBP,RG,8700,1,D,BB,XC,D
14:17:48,ICBP,RG,8700,10,D,BB,SQ,D
14:17:34,ICBP,RG,8700,5,D,BB,ZP,F
14:16:39,ICBP,RG,8725,2,D,KZ,RX,D
14:15:56,ICBP,RG,8700,3,D,BB,SQ,D
14:15:11,ICBP,RG,8700,3,D,BB,CC,D
14:14:43,ICBP,RG,8700,10,D,BB,AK,F
14:14:43,ICBP,RG,8700,9,D,BB,AK,F
14:14:42,ICBP,RG,8700,1,D,BB,KK,D
14:14:42,ICBP,RG,8700,4,D,BB,KZ,F
14:14:42,ICBP,RG,8700,6,D,BB,ZP,F
14:14:42,ICBP,RG,8700,500,D,BB,RX,D
14:14:42,ICBP,RG,8700,8,D,BB,NI,D
14:14:42,ICBP,RG,8700,1,D,BB,OD,D
14:14:42,ICBP,RG,8700,3,D,BB,KZ,F
14:14:42,ICBP,RG,8700,3,D,BB,YP,D
14:14:42,ICBP,RG,8700,4,D,BB,KZ,F
14:14:42,ICBP,RG,8700,82,D,BB,KZ,F
14:14:42,ICBP,RG,8700,98,D,BB,KZ,F
14:14:42,ICBP,RG,8700,92,D,BB,KZ,F
14:14:42,ICBP,RG,8700,14,D,BB,AK,F
14:14:42,ICBP,RG,8700,25,D,BB,AK,F
14:14:42,ICBP,RG,8700,10,D,BB,KZ,F
14:14:42,ICBP,RG,8700,37,D,BB,KZ,F
14:14:13,ICBP,RG,8700,65,D,BB,KZ,F
14:14:13,ICBP,RG,8700,2,D,BB,KZ,F
14:14:13,ICBP,RG,8700,26,D,BB,KZ,F
14:14:13,ICBP,RG,8700,32,D,BB,KZ,F
14:14:13,ICBP,RG,8700,500,D,BB,KZ,F
14:14:12,ICBP,RG,8700,125,D,BB,KZ,F
14:14:12,ICBP,RG,8700,2,D,BB,ZP,F
14:14:12,ICBP,RG,8700,129,D,BB,CC,D
14:13:33,ICBP,RG,8675,8,D,BB,ZP,F
14:12:40,ICBP,RG,8700,3,D,YP,CC,D
14:12:00,ICBP,RG,8675,16,D,BB,YP,D
14:12:00,ICBP,RG,8675,2,D,XC,YP,D
14:11:51,ICBP,RG,8700,3,D,CC,CC,D
14:11:40,ICBP,RG,8700,1,F,AK,CC,D
14:11:40,ICBP,RG,8700,2,F,AK,CC,D
14:11:28,ICBP,RG,8700,1,F,AK,CC,D
14:11:21,ICBP,RG,8700,47,F,YU,AK,F
14:11:21,ICBP,RG,8700,2,D,AK,AK,F
14:11:21,ICBP,RG,8700,2,F,AK,AK,F
14:11:21,ICBP,RG,8700,1,D,AK,AK,F
14:11:21,ICBP,RG,8700,3,F,AK,AK,F
14:11:21,ICBP,RG,8700,1,F,AK,AK,F
14:11:21,ICBP,RG,8700,27,F,AK,AK,F
14:11:21,ICBP,RG,8700,1,D,CC,AK,F
14:11:21,ICBP,RG,8700,73,D,GR,AK,F
14:11:20,ICBP,RG,8700,15,D,GR,PD,D
14:11:19,ICBP,RG,8700,2,D,GR,KZ,F
14:11:17,ICBP,RG,8700,3,D,GR,ZP,F
14:11:16,ICBP,RG,8700,7,D,GR,LG,D
14:11:16,ICBP,RG,8700,1,D,AK,LG,D
14:11:16,ICBP,RG,8700,1,D,PD,LG,D
14:11:16,ICBP,RG,8700,1,D,PD,LG,D
14:11:16,ICBP,RG,8700,1,D,XA,LG,D
14:11:16,ICBP,RG,8700,1,F,AK,LG,D
14:11:16,ICBP,RG,8700,1,D,KK,LG,D
14:11:16,ICBP,RG,8700,1,D,AK,LG,D
14:11:16,ICBP,RG,8700,20,D,YP,LG,D
14:11:16,ICBP,RG,8700,7,F,BK,LG,D
14:11:16,ICBP,RG,8700,1,D,PD,LG,D
14:11:16,ICBP,RG,8700,1,F,AK,LG,D
14:11:16,ICBP,RG,8700,1,F,AK,LG,D
14:11:16,ICBP,RG,8700,1,D,AK,LG,D
14:11:16,ICBP,RG,8700,1,D,AK,LG,D
14:11:16,ICBP,RG,8700,2,F,AK,LG,D
14:11:16,ICBP,RG,8700,2,F,AK,LG,D
14:11:16,ICBP,RG,8700,1,D,XC,LG,D
14:11:16,ICBP,RG,8700,235,F,YU,LG,D
14:11:16,ICBP,RG,8700,126,D,BB,LG,D
14:11:16,ICBP,RG,8700,88,D,BB,LG,D
14:10:36,ICBP,RG,8700,6,D,BB,XC,D
14:10:32,ICBP,RG,8700,1,D,BB,AZ,D
14:10:21,ICBP,RG,8700,3,D,BB,ZP,F
14:09:45,ICBP,RG,8725,3,F,AK,RX,D
14:09:31,ICBP,RG,8700,9,D,BB,ZP,F
14:09:29,ICBP,RG,8725,2,D,KZ,RX,D
14:09:27,ICBP,RG,8725,4,D,XC,RX,D
14:08:07,ICBP,RG,8700,17,D,BB,CC,D
14:08:03,ICBP,RG,8725,1,D,XC,RX,D
14:07:28,ICBP,RG,8700,376,D,BB,AK,F
14:07:28,ICBP,RG,8700,197,D,BB,AK,F
14:07:00,ICBP,RG,8725,2,F,AK,RX,D
14:06:49,ICBP,RG,8700,4,D,BB,ZP,F
14:06:48,ICBP,RG,8700,2,D,BB,KK,D
14:05:26,ICBP,RG,8700,1,D,BB,CC,D
14:05:24,ICBP,RG,8700,1,D,BB,ZP,F
14:05:24,ICBP,RG,8700,4,D,BB,ZP,F
14:05:18,ICBP,RG,8725,9,D,XL,RX,D
14:05:18,ICBP,RG,8725,1,D,XL,PD,D
14:04:41,ICBP,RG,8700,12,D,BB,XC,D
14:04:38,ICBP,RG,8700,3,D,BB,PD,D
14:04:11,ICBP,RG,8700,2,D,BB,YP,D
14:03:56,ICBP,RG,8700,6,D,BB,ZP,F
14:03:25,ICBP,RG,8725,1,D,CC,XC,D
14:02:19,ICBP,RG,8725,4,D,NI,XC,D
14:02:19,ICBP,RG,8725,2,D,KZ,XC,D
14:02:15,ICBP,RG,8700,6,D,BB,ZP,F
14:01:53,ICBP,RG,8700,2,D,BB,DR,D
13:59:16,ICBP,RG,8700,2,D,BB,EP,D
13:59:16,ICBP,RG,8700,8,D,BB,KZ,F
13:59:16,ICBP,RG,8700,4,D,BB,ZP,F
13:59:16,ICBP,RG,8700,2,D,BB,CC,D
13:59:12,ICBP,RG,8675,2,D,PD,ZP,F
13:59:12,ICBP,RG,8675,1,D,AK,ZP,F
13:57:50,ICBP,RG,8700,11,F,AK,KZ,F
13:57:50,ICBP,RG,8700,10,F,AK,SQ,D
13:57:38,ICBP,RG,8700,18,F,AK,AK,F
13:57:38,ICBP,RG,8700,6,F,AK,AK,F
13:57:38,ICBP,RG,8700,10,F,AK,AK,F
13:57:38,ICBP,RG,8700,5,F,AK,KZ,F
13:57:37,ICBP,RG,8700,87,F,GW,KZ,F
13:57:37,ICBP,RG,8700,1,F,GW,KZ,F
13:57:37,ICBP,RG,8700,5,F,GW,PD,D
13:57:37,ICBP,RG,8700,5,F,GW,NI,D
13:57:37,ICBP,RG,8700,79,F,GW,KZ,F
13:57:37,ICBP,RG,8700,9,F,GW,KZ,F
13:57:37,ICBP,RG,8700,1,F,GW,CC,D
13:57:37,ICBP,RG,8700,9,F,GW,AK,F
13:57:37,ICBP,RG,8700,7,F,GW,KZ,F
13:57:37,ICBP,RG,8700,1,F,GW,CC,D
13:57:37,ICBP,RG,8700,71,F,GW,KZ,F
13:57:37,ICBP,RG,8700,6,F,GW,AK,F
13:57:37,ICBP,RG,8700,1,F,GW,PD,D
13:57:37,ICBP,RG,8700,1,F,GW,PD,D
13:57:37,ICBP,RG,8700,10,F,GW,KZ,F
13:57:37,ICBP,RG,8700,1,F,GW,ZP,F
13:57:37,ICBP,RG,8700,6,F,GW,AK,F
13:57:37,ICBP,RG,8700,1,F,GW,KZ,F
13:57:37,ICBP,RG,8700,10,F,GW,AK,F
13:57:37,ICBP,RG,8700,16,F,GW,KZ,F
13:57:37,ICBP,RG,8700,1,F,GW,KZ,F
13:57:37,ICBP,RG,8700,2,F,GW,ZP,F
13:57:37,ICBP,RG,8700,10,F,GW,NI,D
13:57:37,ICBP,RG,8700,7,F,GW,XC,D
13:57:37,ICBP,RG,8700,3,F,GW,XC,D
13:57:37,ICBP,RG,8700,3,F,GW,AZ,D
13:57:37,ICBP,RG,8700,5,F,GW,CC,D
13:57:37,ICBP,RG,8700,10,F,GW,PD,D
13:57:37,ICBP,RG,8700,2,F,GW,CC,D
13:57:37,ICBP,RG,8700,1,F,GW,YP,D
13:57:37,ICBP,RG,8700,12,F,GW,AK,F
13:57:37,ICBP,RG,8700,138,F,GW,CS,F
13:57:37,ICBP,RG,8700,15,F,GW,PD,D
13:57:37,ICBP,RG,8700,13,F,GW,AK,F
13:57:37,ICBP,RG,8700,5,F,GW,KK,D
13:57:37,ICBP,RG,8700,1,F,GW,KK,D
13:57:37,ICBP,RG,8700,2,F,GW,GR,D
13:57:37,ICBP,RG,8700,6,F,GW,PD,D
13:57:37,ICBP,RG,8700,2,F,GW,PD,D
13:57:37,ICBP,RG,8700,1,F,GW,DH,D
13:57:37,ICBP,RG,8700,2,F,GW,PD,D
13:57:37,ICBP,RG,8700,1,F,GW,LG,D
13:57:37,ICBP,RG,8700,2,F,GW,PD,D
13:57:37,ICBP,RG,8700,10,F,GW,YP,D
13:57:37,ICBP,RG,8700,300,F,GW,RX,D
13:57:37,ICBP,RG,8700,6,F,GW,XC,D
13:57:37,ICBP,RG,8700,100,F,GW,GR,D
13:57:37,ICBP,RG,8700,10,F,GW,NI,D
13:57:37,ICBP,RG,8700,500,F,GW,DH,D
13:57:37,ICBP,RG,8700,200,F,GW,RX,D
13:57:37,ICBP,RG,8700,5,F,GW,YP,D
13:57:37,ICBP,RG,8700,15,F,GW,KK,D
13:57:37,ICBP,RG,8700,1,F,GW,NI,D
13:57:37,ICBP,RG,8700,150,F,GW,CP,D
13:57:37,ICBP,RG,8700,12,F,GW,XC,D
13:57:30,ICBP,RG,8675,2,F,YU,ZP,F
13:57:30,ICBP,RG,8675,1,D,NI,ZP,F
13:57:30,ICBP,RG,8675,1,D,AK,ZP,F
13:57:17,ICBP,RG,8675,7,F,ZP,EP,D
13:57:17,ICBP,RG,8675,1,F,AK,EP,D
13:57:17,ICBP,RG,8675,1,F,AK,EP,D
13:57:17,ICBP,RG,8675,1,F,ZP,EP,D
13:56:08,ICBP,RG,8675,10,F,ZP,IH,D
13:56:08,ICBP,RG,8675,1,D,AK,IH,D
13:56:08,ICBP,RG,8675,1,F,AK,IH,D
13:56:08,ICBP,RG,8675,11,F,ZP,IH,D
13:56:08,ICBP,RG,8675,7,F,BK,IH,D
13:56:08,ICBP,RG,8675,5,F,ZP,IH,D
13:55:24,ICBP,RG,8675,3,F,ZP,ZP,F
13:55:24,ICBP,RG,8675,3,F,ZP,ZP,F
13:55:09,ICBP,RG,8700,2,D,KZ,XC,D
13:54:11,ICBP,RG,8675,3,F,ZP,ZP,F
13:54:00,ICBP,RG,8700,4,D,XC,XC,D
13:52:23,ICBP,RG,8675,4,F,ZP,ZP,F
13:52:23,ICBP,RG,8675,3,F,ZP,ZP,F
13:52:20,ICBP,RG,8700,4,D,CC,XC,D
13:52:20,ICBP,RG,8700,5,D,CC,YP,D
13:52:20,ICBP,RG,8700,1,D,CC,DX,D
13:52:20,ICBP,RG,8700,1,D,CC,CC,D
13:52:20,ICBP,RG,8700,7,D,CC,KZ,F
13:52:20,ICBP,RG,8700,2,D,CC,XC,D
13:52:20,ICBP,RG,8700,5,D,CC,KZ,F
13:52:20,ICBP,RG,8700,3,D,CC,PD,D
13:52:20,ICBP,RG,8700,7,D,CC,OD,D
13:52:16,ICBP,RG,8700,5,D,EP,OD,D
13:50:40,ICBP,RG,8675,3,F,ZP,CC,D
13:50:27,ICBP,RG,8675,1,F,ZP,ZP,F
13:50:18,ICBP,RG,8675,7,F,ZP,AI,D
13:50:18,ICBP,RG,8675,10,F,ZP,AI,D
13:50:18,ICBP,RG,8675,11,F,ZP,AI,D
13:50:18,ICBP,RG,8675,29,F,BK,AI,D
13:50:18,ICBP,RG,8675,11,F,ZP,AI,D
13:50:18,ICBP,RG,8675,11,F,ZP,AI,D
13:50:18,ICBP,RG,8675,11,F,ZP,AI,D
13:50:18,ICBP,RG,8675,10,F,ZP,AI,D
13:50:18,ICBP,RG,8675,11,F,ZP,AI,D
13:50:18,ICBP,RG,8675,10,F,ZP,AI,D
13:50:18,ICBP,RG,8675,11,F,ZP,AI,D
13:50:18,ICBP,RG,8675,11,F,ZP,AI,D
13:50:18,ICBP,RG,8675,11,F,ZP,AI,D
13:50:18,ICBP,RG,8675,11,F,ZP,AI,D
13:50:18,ICBP,RG,8675,11,F,ZP,AI,D
13:50:18,ICBP,RG,8675,10,F,ZP,AI,D
13:50:18,ICBP,RG,8675,11,F,ZP,AI,D
13:50:18,ICBP,RG,8675,11,F,ZP,AI,D
13:50:18,ICBP,RG,8675,11,F,ZP,AI,D
13:50:18,ICBP,RG,8675,75,D,BB,AI,D
13:50:18,ICBP,RG,8675,6,D,BB,AI,D
13:50:03,ICBP,RG,8675,200,D,BB,AI,D
13:49:50,ICBP,RG,8675,14,D,BB,XC,D
13:49:21,ICBP,RG,8675,16,D,BB,KZ,F
13:49:21,ICBP,RG,8675,12,D,BB,KZ,F
13:49:21,ICBP,RG,8675,10,D,BB,KZ,F
13:49:21,ICBP,RG,8675,11,D,BB,AK,F
13:49:21,ICBP,RG,8675,11,D,BB,AK,F
13:49:21,ICBP,RG,8675,13,D,BB,KZ,F
13:49:21,ICBP,RG,8675,7,D,BB,RX,D
13:49:21,ICBP,RG,8675,153,D,BB,RX,D
13:49:13,ICBP,RG,8675,11,F,ZP,RX,D
13:49:12,ICBP,RG,8675,10,F,ZP,RX,D
13:49:12,ICBP,RG,8675,11,F,ZP,RX,D
13:49:12,ICBP,RG,8675,11,F,ZP,RX,D
13:49:12,ICBP,RG,8675,11,F,ZP,RX,D
13:49:12,ICBP,RG,8675,11,F,ZP,RX,D
13:49:12,ICBP,RG,8675,10,F,ZP,RX,D
13:49:12,ICBP,RG,8675,11,F,ZP,RX,D
13:49:12,ICBP,RG,8675,10,F,ZP,RX,D
13:49:12,ICBP,RG,8675,11,F,ZP,RX,D
13:49:12,ICBP,RG,8675,11,F,ZP,RX,D
13:49:12,ICBP,RG,8675,11,F,ZP,RX,D
13:49:12,ICBP,RG,8675,11,F,ZP,RX,D
13:49:09,ICBP,RG,8675,10,F,ZP,CC,F
13:49:09,ICBP,RG,8675,29,F,BK,CC,F
13:49:09,ICBP,RG,8675,10,F,ZP,CC,F
13:49:09,ICBP,RG,8675,11,F,ZP,CC,F
13:49:09,ICBP,RG,8675,10,F,ZP,CC,F
13:49:09,ICBP,RG,8675,11,F,ZP,CC,F
13:49:09,ICBP,RG,8675,10,F,ZP,CC,F
13:49:09,ICBP,RG,8675,10,D,CC,CC,F
13:49:09,ICBP,RG,8675,11,F,ZP,CC,F
13:49:09,ICBP,RG,8675,11,F,ZP,CC,F
13:49:09,ICBP,RG,8675,10,F,ZP,CC,F
13:49:09,ICBP,RG,8675,100,D,BB,CC,F
13:49:09,ICBP,RG,8675,78,D,BB,CC,F
13:49:06,ICBP,RG,8675,6,D,BB,ZP,F
13:49:05,ICBP,RG,8675,9,D,BB,AK,F
13:49:05,ICBP,RG,8675,7,D,BB,AK,F
13:49:05,ICBP,RG,8675,9,D,BB,AK,F
13:49:05,ICBP,RG,8675,7,D,BB,AK,F
13:49:05,ICBP,RG,8675,1,D,BB,KZ,F
13:49:05,ICBP,RG,8675,3,D,BB,KZ,F
13:49:05,ICBP,RG,8675,8,D,BB,AK,F
13:49:05,ICBP,RG,8675,9,D,BB,AK,F
13:49:05,ICBP,RG,8675,9,D,BB,AK,F
13:49:05,ICBP,RG,8675,9,D,BB,AK,F
13:49:05,ICBP,RG,8675,1,D,BB,KZ,F
13:49:05,ICBP,RG,8675,10,D,BB,KZ,F
13:49:05,ICBP,RG,8675,1,D,BB,KZ,F
13:49:05,ICBP,RG,8675,77,D,BB,KZ,F
13:49:05,ICBP,RG,8675,3,D,BB,ZP,F
13:49:05,ICBP,RG,8675,153,D,BB,KZ,F
13:49:05,ICBP,RG,8675,198,D,BB,KZ,F
13:48:51,ICBP,RG,8650,7,F,GW,AK,F
13:48:15,ICBP,RG,8650,11,F,GW,AK,F
13:48:12,ICBP,RG,8650,3,F,GW,ZP,F
13:47:49,ICBP,RG,8675,11,F,ZP,KZ,F
13:47:49,ICBP,RG,8675,11,F,ZP,KZ,F
13:47:49,ICBP,RG,8675,10,F,ZP,KZ,F
13:47:49,ICBP,RG,8675,11,F,ZP,KZ,F
13:47:49,ICBP,RG,8675,11,F,ZP,KZ,F
13:47:49,ICBP,RG,8675,11,F,ZP,KZ,F
13:47:49,ICBP,RG,8675,11,F,ZP,KZ,F
13:47:49,ICBP,RG,8675,1,F,AK,KZ,F
13:47:49,ICBP,RG,8675,1,D,YP,KZ,F
13:47:49,ICBP,RG,8675,1,D,AK,KZ,F
13:47:49,ICBP,RG,8675,11,F,ZP,KZ,F
13:47:49,ICBP,RG,8675,11,F,ZP,KZ,F
13:47:49,ICBP,RG,8675,11,F,ZP,KZ,F
13:47:49,ICBP,RG,8675,11,F,ZP,KZ,F
13:47:49,ICBP,RG,8675,5,F,ZP,KZ,F
13:47:46,ICBP,RG,8675,3,F,ZP,KZ,F
13:47:46,ICBP,RG,8675,3,F,ZP,KZ,F
13:47:46,ICBP,RG,8675,11,F,ZP,KZ,F
13:47:46,ICBP,RG,8675,10,F,ZP,KZ,F
13:47:46,ICBP,RG,8675,11,F,ZP,KZ,F
13:47:46,ICBP,RG,8675,11,F,ZP,KZ,F
13:47:24,ICBP,RG,8675,10,F,ZP,AI,D
13:47:07,ICBP,RG,8700,2,D,PD,OD,D
13:47:05,ICBP,RG,8675,4,F,ZP,ZP,F
13:47:05,ICBP,RG,8675,7,F,ZP,DH,D
13:47:05,ICBP,RG,8675,11,F,ZP,DH,D
13:47:05,ICBP,RG,8675,11,F,ZP,DH,D
13:47:05,ICBP,RG,8675,11,F,ZP,DH,D
13:47:05,ICBP,RG,8675,11,F,ZP,DH,D
13:47:05,ICBP,RG,8675,11,F,ZP,DH,D
13:47:05,ICBP,RG,8675,11,F,ZP,DH,D
13:47:05,ICBP,RG,8675,40,D,BB,DH,D
13:47:05,ICBP,RG,8675,487,D,BB,DH,D
13:46:48,ICBP,RG,8675,8,D,BB,AK,F
13:46:30,ICBP,RG,8675,8,D,BB,AK,F
13:45:29,ICBP,RG,8675,1,D,BB,ZP,F
13:44:59,ICBP,RG,8675,5,D,BB,ZP,F
13:44:59,ICBP,RG,8675,1,D,BB,KZ,F
13:44:59,ICBP,RG,8675,2,D,BB,KZ,F
13:44:59,ICBP,RG,8675,1,D,BB,KZ,F
13:44:59,ICBP,RG,8675,12,D,BB,KZ,F
13:44:59,ICBP,RG,8675,1,D,BB,ZP,F
13:44:59,ICBP,RG,8675,54,D,BB,YP,D
13:44:55,ICBP,RG,8675,11,F,ZP,YP,D
13:44:55,ICBP,RG,8675,7,F,ZP,YP,D
13:44:47,ICBP,RG,8675,4,F,ZP,AZ,D
13:44:47,ICBP,RG,8675,11,F,ZP,AZ,D
13:44:47,ICBP,RG,8675,10,F,ZP,AZ,D
13:44:41,ICBP,RG,8700,2,D,OD,OD,D
13:44:30,ICBP,RG,8675,6,D,BB,ZP,F
13:44:30,ICBP,RG,8675,3,D,BB,AK,F
13:44:30,ICBP,RG,8675,11,F,ZP,AK,F
13:44:30,ICBP,RG,8675,2,F,AK,AK,F
13:44:30,ICBP,RG,8675,2,D,KZ,AK,F
13:44:30,ICBP,RG,8675,1,F,AK,AK,F
13:44:30,ICBP,RG,8675,10,F,ZP,AK,F
13:44:30,ICBP,RG,8675,4,F,ZP,AK,F
13:44:30,ICBP,RG,8675,6,F,ZP,AK,F
13:44:30,ICBP,RG,8675,3,F,ZP,AK,F
13:44:30,ICBP,RG,8675,7,F,ZP,AK,D
13:44:30,ICBP,RG,8675,116,D,BB,AK,D
13:44:30,ICBP,RG,8675,1,F,AK,AK,D
13:44:30,ICBP,RG,8675,11,F,ZP,AK,D
13:44:30,ICBP,RG,8675,11,F,ZP,AK,D
13:44:30,ICBP,RG,8675,11,F,ZP,AK,D
13:44:30,ICBP,RG,8675,11,F,ZP,AK,D
13:44:30,ICBP,RG,8675,107,D,BB,AK,D
13:44:30,ICBP,RG,8675,1,D,BB,AK,D
13:44:30,ICBP,RG,8675,1,D,AK,AK,D
13:44:30,ICBP,RG,8675,1,F,AK,AK,D
13:44:30,ICBP,RG,8675,11,F,ZP,AK,D
13:44:30,ICBP,RG,8675,27,D,BB,AK,D
13:44:30,ICBP,RG,8675,10,F,ZP,AK,D
13:44:30,ICBP,RG,8675,10,F,ZP,AK,D
13:44:30,ICBP,RG,8675,53,D,BB,AK,D
13:44:30,ICBP,RG,8675,11,F,ZP,AK,D
13:44:30,ICBP,RG,8675,100,F,BK,AK,D
13:43:34,ICBP,RG,8675,1,F,BK,YP,D
13:43:12,ICBP,RG,8675,2,F,BK,XC,D
13:42:40,ICBP,RG,8675,7,F,BK,ZP,F
13:42:19,ICBP,RG,8675,3,F,BK,CC,D
13:41:56,ICBP,RG,8675,10,F,BK,PD,D
13:41:54,ICBP,RG,8700,1,D,KK,OD,D
13:41:45,ICBP,RG,8675,20,F,BK,AK,F
13:40:43,ICBP,RG,8675,17,F,BK,YP,D
13:40:43,ICBP,RG,8675,11,F,ZP,YP,D
13:40:43,ICBP,RG,8675,11,F,ZP,YP,D
13:40:43,ICBP,RG,8675,11,F,ZP,YP,D
13:40:43,ICBP,RG,8675,3,F,ZP,YP,D
13:40:20,ICBP,RG,8675,6,F,ZP,ZP,F
13:39:42,ICBP,RG,8700,3,D,YP,OD,D
13:39:31,ICBP,RG,8675,2,F,ZP,PD,D
13:38:45,ICBP,RG,8675,11,F,ZP,AK,F
13:38:45,ICBP,RG,8675,6,D,BB,AK,F
13:38:44,ICBP,RG,8675,6,F,BK,AK,F
13:38:44,ICBP,RG,8675,10,F,ZP,AK,F
13:38:44,ICBP,RG,8675,11,F,ZP,AK,F
13:38:44,ICBP,RG,8675,1,F,AK,AK,F
13:38:44,ICBP,RG,8675,47,F,YU,AK,F
13:38:44,ICBP,RG,8675,11,F,ZP,AK,F
13:38:44,ICBP,RG,8675,41,D,BB,AK,F
13:38:44,ICBP,RG,8675,11,F,ZP,AK,F
13:38:44,ICBP,RG,8675,10,F,ZP,AK,F
13:38:44,ICBP,RG,8675,11,F,ZP,AK,F
13:38:44,ICBP,RG,8675,5,F,ZP,AK,F
13:38:43,ICBP,RG,8675,6,F,ZP,SA,D
13:38:43,ICBP,RG,8675,11,F,ZP,SA,D
13:38:43,ICBP,RG,8675,11,F,ZP,SA,D
13:38:43,ICBP,RG,8675,11,F,ZP,SA,D
13:38:43,ICBP,RG,8675,11,F,ZP,SA,D
13:38:43,ICBP,RG,8675,11,F,ZP,SA,D
13:38:43,ICBP,RG,8675,10,F,ZP,SA,D
13:38:43,ICBP,RG,8675,11,F,ZP,SA,D
13:38:43,ICBP,RG,8675,11,F,ZP,SA,D
13:38:43,ICBP,RG,8675,11,F,ZP,SA,D
13:38:43,ICBP,RG,8675,47,F,YU,SA,D
13:38:43,ICBP,RG,8675,10,F,ZP,SA,D
13:38:43,ICBP,RG,8675,11,F,ZP,SA,D
13:38:43,ICBP,RG,8675,10,F,ZP,SA,D
13:38:43,ICBP,RG,8675,10,F,ZP,SA,D
13:38:43,ICBP,RG,8675,46,D,BB,SA,D
13:38:43,ICBP,RG,8675,11,F,ZP,SA,D
13:38:43,ICBP,RG,8675,11,F,ZP,SA,D
13:38:43,ICBP,RG,8675,46,D,BB,SA,D
13:38:43,ICBP,RG,8675,194,F,BK,SA,D
13:38:27,ICBP,RG,8675,6,F,BK,PD,D
13:38:27,ICBP,RG,8675,4,F,ZP,PD,D
13:38:25,ICBP,RG,8675,1,F,ZP,XC,D
13:38:25,ICBP,RG,8675,3,F,ZP,ZP,F
13:38:16,ICBP,RG,8675,3,F,ZP,SQ,D
13:37:45,ICBP,RG,8675,11,F,ZP,AK,F
13:37:45,ICBP,RG,8675,11,F,ZP,AK,F
13:37:45,ICBP,RG,8675,11,F,ZP,AK,F
13:37:45,ICBP,RG,8675,11,F,ZP,AK,F
13:37:45,ICBP,RG,8675,11,F,ZP,AK,F
13:37:45,ICBP,RG,8675,22,D,BB,AK,F
13:37:45,ICBP,RG,8675,10,F,ZP,AK,F
13:37:43,ICBP,RG,8675,11,F,ZP,AK,F
13:37:43,ICBP,RG,8675,11,F,ZP,AK,F
13:37:42,ICBP,RG,8675,11,F,ZP,AK,F
13:37:42,ICBP,RG,8675,11,F,ZP,AK,F
13:37:42,ICBP,RG,8675,11,F,ZP,AK,F
13:37:42,ICBP,RG,8675,11,F,ZP,AK,F
13:37:42,ICBP,RG,8675,1,F,ZP,AK,F
13:37:41,ICBP,RG,8675,3,F,ZP,ZP,F
13:37:41,ICBP,RG,8675,7,F,ZP,AK,F
13:37:41,ICBP,RG,8675,200,F,BK,AK,F
13:37:41,ICBP,RG,8675,1,F,AK,AK,F
13:37:41,ICBP,RG,8675,6,F,ZP,AK,F
13:37:40,ICBP,RG,8675,5,F,ZP,AK,D
13:37:40,ICBP,RG,8675,11,F,ZP,AK,D
13:37:40,ICBP,RG,8675,80,D,BB,AK,D
13:37:40,ICBP,RG,8675,11,F,ZP,AK,D
13:37:40,ICBP,RG,8675,11,F,ZP,AK,D
13:37:40,ICBP,RG,8675,11,F,ZP,AK,D
13:37:40,ICBP,RG,8675,11,F,ZP,AK,D
13:37:40,ICBP,RG,8675,10,F,ZP,AK,D
13:37:40,ICBP,RG,8675,11,F,ZP,AK,D
13:37:40,ICBP,RG,8675,47,F,YU,AK,D
13:37:40,ICBP,RG,8675,10,F,ZP,AK,D
13:37:40,ICBP,RG,8675,11,F,ZP,AK,D
13:37:40,ICBP,RG,8675,11,F,ZP,AK,D
13:37:40,ICBP,RG,8675,11,F,ZP,AK,D
13:37:40,ICBP,RG,8675,11,F,ZP,AK,D
13:37:40,ICBP,RG,8675,11,F,ZP,AK,D
13:37:40,ICBP,RG,8675,178,D,BB,AK,D
13:37:40,ICBP,RG,8675,10,F,ZP,AK,D
13:37:40,ICBP,RG,8675,1,D,AK,AK,D
13:37:40,ICBP,RG,8675,11,F,ZP,AK,D
13:37:40,ICBP,RG,8675,7,F,BK,AK,D
13:37:40,ICBP,RG,8675,11,F,ZP,AK,D
13:37:40,ICBP,RG,8675,10,F,ZP,AK,D
13:37:40,ICBP,RG,8675,11,F,ZP,AK,D
13:37:40,ICBP,RG,8675,11,F,ZP,AK,D
13:37:40,ICBP,RG,8675,200,F,BK,AK,D
13:37:40,ICBP,RG,8675,10,F,ZP,AK,D
13:37:40,ICBP,RG,8675,1,F,AK,AK,D
13:37:40,ICBP,RG,8675,11,F,ZP,AK,D
13:37:40,ICBP,RG,8675,11,F,ZP,AK,D
13:37:40,ICBP,RG,8675,11,F,ZP,AK,D
13:37:40,ICBP,RG,8675,11,F,ZP,AK,D
13:37:40,ICBP,RG,8675,144,D,BB,AK,D
13:37:40,ICBP,RG,8675,1,D,AK,AK,D
13:37:40,ICBP,RG,8675,1,D,IF,AK,D
13:37:40,ICBP,RG,8675,1,D,KZ,AK,D
13:37:40,ICBP,RG,8675,10,F,ZP,AK,D
13:37:40,ICBP,RG,8675,47,F,YU,AK,D
13:37:40,ICBP,RG,8675,1,F,AK,AK,D
13:37:40,ICBP,RG,8675,11,F,ZP,AK,D
13:37:40,ICBP,RG,8675,6,F,ZP,AK,D
13:37:07,ICBP,RG,8675,4,F,ZP,PD,D
13:37:07,ICBP,RG,8675,11,F,ZP,PD,D
13:37:07,ICBP,RG,8675,100,D,BB,PD,D
13:37:07,ICBP,RG,8675,1,F,AK,PD,D
13:37:07,ICBP,RG,8675,11,F,ZP,PD,D
13:37:07,ICBP,RG,8675,13,F,BK,PD,D
13:37:07,ICBP,RG,8675,6,D,BB,PD,D
13:37:07,ICBP,RG,8675,11,F,ZP,PD,D
13:37:07,ICBP,RG,8675,11,F,ZP,PD,D
13:37:07,ICBP,RG,8675,11,F,ZP,PD,D
13:37:07,ICBP,RG,8675,10,F,ZP,PD,D
13:37:07,ICBP,RG,8675,11,F,ZP,PD,D
13:37:07,ICBP,RG,8675,11,F,ZP,PD,D
13:37:07,ICBP,RG,8675,10,F,ZP,PD,D
13:37:07,ICBP,RG,8675,11,F,ZP,PD,D
13:37:07,ICBP,RG,8675,11,F,ZP,PD,D
13:37:07,ICBP,RG,8675,11,F,ZP,PD,D
13:37:07,ICBP,RG,8675,11,F,ZP,PD,D
13:37:07,ICBP,RG,8675,10,F,ZP,PD,D
13:37:07,ICBP,RG,8675,10,F,ZP,PD,D
13:37:07,ICBP,RG,8675,11,F,ZP,PD,D
13:37:07,ICBP,RG,8675,11,F,ZP,PD,D
13:37:07,ICBP,RG,8675,11,F,ZP,PD,D
13:37:07,ICBP,RG,8675,11,F,ZP,PD,D
13:37:07,ICBP,RG,8675,11,F,ZP,PD,D
13:37:07,ICBP,RG,8675,11,F,ZP,PD,D
13:37:07,ICBP,RG,8675,19,D,BB,PD,D
13:37:07,ICBP,RG,8675,30,D,BB,PD,D
13:36:37,ICBP,RG,8675,1,D,BB,KK,D
13:36:33,ICBP,RG,8675,4,D,BB,ZP,F
13:35:59,ICBP,RG,8675,1,D,BB,XC,D
13:35:29,ICBP,RG,8675,3,D,BB,ZP,F
13:34:07,ICBP,RG,8675,1,D,BB,KZ,F
13:34:04,ICBP,RG,8675,2,D,BB,ZP,F
13:34:04,ICBP,RG,8675,1,F,ZP,ZP,F
13:33:57,ICBP,RG,8675,10,F,ZP,DR,D
13:32:59,ICBP,RG,8675,12,D,BB,KZ,F
13:32:58,ICBP,RG,8675,7,D,BB,KZ,F
13:32:58,ICBP,RG,8675,150,D,BB,KZ,F
13:32:58,ICBP,RG,8675,154,D,BB,KZ,F
13:32:58,ICBP,RG,8675,11,F,ZP,KZ,F
13:32:58,ICBP,RG,8675,11,F,ZP,KZ,F
13:32:58,ICBP,RG,8675,11,F,ZP,KZ,F
13:32:58,ICBP,RG,8675,10,F,ZP,KZ,F
13:32:58,ICBP,RG,8675,43,D,BB,KZ,F
13:32:58,ICBP,RG,8675,38,D,BB,KZ,F
13:32:58,ICBP,RG,8675,43,D,BB,KZ,F
13:32:58,ICBP,RG,8675,11,F,ZP,KZ,F
13:32:55,ICBP,RG,8675,12,D,BB,KZ,F
13:32:55,ICBP,RG,8675,37,D,BB,KZ,F
13:32:55,ICBP,RG,8675,39,D,BB,KZ,F
13:32:55,ICBP,RG,8675,2,D,BB,ZP,F
13:32:55,ICBP,RG,8675,38,D,BB,KZ,F
13:32:55,ICBP,RG,8675,10,F,ZP,KZ,F
13:32:55,ICBP,RG,8675,11,F,ZP,KZ,F
13:32:54,ICBP,RG,8675,11,F,ZP,KZ,F
13:32:54,ICBP,RG,8675,104,D,BB,KZ,F
13:32:54,ICBP,RG,8675,6,D,BB,KZ,F
13:32:54,ICBP,RG,8675,11,F,ZP,KZ,F
13:32:54,ICBP,RG,8650,3,F,GW,ZP,F
13:32:54,ICBP,RG,8675,10,F,ZP,KZ,F
13:32:54,ICBP,RG,8675,11,F,ZP,KZ,F
13:32:54,ICBP,RG,8675,9,D,BB,KZ,F
13:32:54,ICBP,RG,8675,9,D,BB,KZ,F
13:32:53,ICBP,RG,8675,9,D,BB,RX,D
13:32:53,ICBP,RG,8675,1,D,AK,RX,D
13:32:53,ICBP,RG,8675,2,F,AK,RX,D
13:32:53,ICBP,RG,8675,10,F,ZP,RX,D
13:32:53,ICBP,RG,8675,11,F,ZP,RX,D
13:32:53,ICBP,RG,8675,11,F,ZP,RX,D
13:32:53,ICBP,RG,8675,105,D,BB,RX,D
13:32:53,ICBP,RG,8675,1,D,NI,RX,D
13:32:53,ICBP,RG,8675,11,F,ZP,RX,D
13:32:53,ICBP,RG,8675,1,D,AK,RX,D
13:32:53,ICBP,RG,8675,47,F,YU,RX,D
13:32:53,ICBP,RG,8675,11,F,ZP,RX,D
13:32:53,ICBP,RG,8675,4,D,BB,RX,D
13:32:53,ICBP,RG,8675,1,D,XC,RX,D
13:32:53,ICBP,RG,8675,2,D,XC,RX,D
13:32:53,ICBP,RG,8675,11,F,ZP,RX,D
13:32:53,ICBP,RG,8675,1,D,XC,RX,D
13:32:53,ICBP,RG,8675,7,D,BB,RX,D
13:32:53,ICBP,RG,8675,11,F,ZP,RX,D
13:32:53,ICBP,RG,8675,1,D,XC,RX,D
13:32:53,ICBP,RG,8675,11,F,ZP,RX,D
13:32:53,ICBP,RG,8675,11,F,ZP,RX,D
13:32:53,ICBP,RG,8675,11,F,ZP,RX,D
13:32:53,ICBP,RG,8675,11,F,ZP,RX,D
13:32:53,ICBP,RG,8675,11,F,ZP,RX,D
13:32:53,ICBP,RG,8675,1,D,YP,RX,D
13:32:53,ICBP,RG,8675,11,F,ZP,RX,D
13:32:53,ICBP,RG,8675,11,F,ZP,RX,D
13:32:53,ICBP,RG,8675,10,F,ZP,RX,D
13:32:53,ICBP,RG,8675,1,D,YP,RX,D
13:32:53,ICBP,RG,8675,2,D,YP,RX,D
13:32:53,ICBP,RG,8675,11,F,ZP,RX,D
13:32:53,ICBP,RG,8675,11,F,ZP,RX,D
13:32:53,ICBP,RG,8675,11,F,ZP,RX,D
13:32:53,ICBP,RG,8675,29,D,BB,RX,D
13:32:53,ICBP,RG,8675,1,D,AK,RX,D
13:32:53,ICBP,RG,8675,11,F,ZP,RX,D
13:32:53,ICBP,RG,8675,1,D,XC,RX,D
13:32:53,ICBP,RG,8675,2,F,AK,RX,D
13:32:53,ICBP,RG,8675,1,F,AK,RX,D
13:32:53,ICBP,RG,8675,10,F,ZP,RX,D
13:32:53,ICBP,RG,8675,1,D,PD,RX,D
13:32:53,ICBP,RG,8675,1,D,PD,RX,D
13:32:53,ICBP,RG,8675,2,D,KK,RX,D
13:32:53,ICBP,RG,8675,11,F,ZP,RX,D
13:32:53,ICBP,RG,8675,1,D,KK,RX,D
13:32:53,ICBP,RG,8675,2,D,PD,RX,D
13:32:53,ICBP,RG,8675,5,D,PD,RX,D
13:32:53,ICBP,RG,8675,1,D,CC,RX,D
13:32:53,ICBP,RG,8675,47,F,YU,RX,D
13:32:53,ICBP,RG,8675,5,D,EP,RX,D
13:32:53,ICBP,RG,8675,71,D,BB,RX,D
13:32:53,ICBP,RG,8675,2,D,XA,RX,D
13:32:53,ICBP,RG,8675,237,D,BB,RX,D
13:31:44,ICBP,RG,8675,3,D,BB,ZP,F
13:31:05,ICBP,RG,8675,1,D,BB,XC,D
13:30:25,ICBP,RG,8675,1,D,BB,ZP,F
13:30:16,ICBP,RG,8675,42,D,BB,YU,F
13:30:16,ICBP,RG,8675,54,D,BB,YU,F
13:30:16,ICBP,RG,8700,1,D,XC,OD,D
13:30:09,ICBP,RG,8675,3,D,BB,CC,D
13:30:07,ICBP,RG,8675,30,D,BB,AK,F
13:30:07,ICBP,RG,8675,1,D,BB,KZ,F
13:30:07,ICBP,RG,8675,24,D,BB,KZ,F
13:30:07,ICBP,RG,8675,33,D,BB,KZ,F
13:30:07,ICBP,RG,8675,4,D,BB,KZ,F
13:30:06,ICBP,RG,8675,3,D,BB,CC,D
13:30:06,ICBP,RG,8675,6,D,BB,CC,D
13:30:05,ICBP,RG,8675,2,D,BB,XL,D
13:30:05,ICBP,RG,8700,1,F,AK,OD,D
13:30:05,ICBP,RG,8700,3,F,AK,OD,D
13:30:05,ICBP,RG,8700,3,F,AK,ZP,D
13:30:04,ICBP,RG,8700,1,D,PD,ZP,D
13:30:04,ICBP,RG,8675,1,F,ZP,DH,D
13:30:03,ICBP,RG,8675,2,F,ZP,PD,D
13:30:03,ICBP,RG,8700,1,D,AK,ZP,D
13:30:03,ICBP,RG,8700,1,D,AK,ZP,D
13:30:03,ICBP,RG,8675,7,F,ZP,AK,F
13:30:03,ICBP,RG,8675,11,F,ZP,AK,F
13:30:03,ICBP,RG,8675,10,F,ZP,AK,F
13:30:03,ICBP,RG,8675,1,F,ZP,AK,F
13:30:02,ICBP,RG,8675,4,F,ZP,PD,D
13:30:02,ICBP,RG,8700,1,D,PD,ZP,D
13:30:02,ICBP,RG,8675,3,F,ZP,PD,D
13:30:02,ICBP,RG,8675,1,F,ZP,PD,D
13:30:02,ICBP,RG,8675,1,F,ZP,PD,D
13:30:01,ICBP,RG,8700,3,D,PD,ZP,D
13:30:01,ICBP,RG,8700,2,D,PD,NI,D
13:30:01,ICBP,RG,8700,8,D,PD,XC,D
13:30:01,ICBP,RG,8700,1,D,PD,CC,D
13:30:01,ICBP,RG,8700,2,D,PD,YP,D
13:30:01,ICBP,RG,8700,2,D,PD,CC,D
13:30:01,ICBP,RG,8700,5,D,PD,CC,D
11:29:57,ICBP,RG,8675,1,F,ZP,ZP,F
11:29:43,ICBP,RG,8675,3,D,BB,ZP,F
11:29:43,ICBP,RG,8675,25,D,BB,KZ,F
11:29:43,ICBP,RG,8675,1,D,BB,KZ,F
11:29:43,ICBP,RG,8675,11,D,BB,KZ,F
11:29:43,ICBP,RG,8675,31,D,BB,KZ,F
11:29:43,ICBP,RG,8675,11,F,ZP,KZ,F
11:29:43,ICBP,RG,8675,11,F,ZP,KZ,F
11:29:43,ICBP,RG,8675,4,D,BB,KZ,F
11:29:43,ICBP,RG,8675,6,D,BB,KZ,F
11:29:43,ICBP,RG,8675,18,D,BB,KZ,F
11:29:43,ICBP,RG,8675,10,F,ZP,KZ,F
11:29:40,ICBP,RG,8675,11,F,ZP,AI,D
11:29:40,ICBP,RG,8675,2,D,KZ,AI,D
11:29:40,ICBP,RG,8675,10,F,ZP,AI,D
11:29:40,ICBP,RG,8675,11,F,ZP,AI,D
11:29:40,ICBP,RG,8675,6,D,BB,AI,D
11:29:40,ICBP,RG,8675,48,D,BB,AI,D
11:29:40,ICBP,RG,8675,11,F,ZP,AI,D
11:29:40,ICBP,RG,8675,1,F,ZP,AI,D
11:29:40,ICBP,RG,8675,3,F,ZP,KZ,F
11:29:40,ICBP,RG,8675,5,F,ZP,KZ,F
11:29:40,ICBP,RG,8675,2,F,ZP,KZ,F
11:29:40,ICBP,RG,8675,11,F,ZP,KZ,F
11:29:40,ICBP,RG,8675,11,F,ZP,KZ,F
11:29:40,ICBP,RG,8675,13,D,BB,KZ,F
11:29:40,ICBP,RG,8675,3,D,BB,KZ,F
11:29:37,ICBP,RG,8675,1,D,BB,ZP,F
11:29:36,ICBP,RG,8675,1,D,BB,AK,F
11:29:30,ICBP,RG,8700,1,F,AK,CC,D
11:29:22,ICBP,RG,8675,4,D,BB,ZP,F
11:29:08,ICBP,RG,8675,5,D,BB,AK,F
11:29:08,ICBP,RG,8675,1,D,BB,AK,F
11:28:58,ICBP,RG,8675,11,F,ZP,AK,F
11:28:58,ICBP,RG,8675,5,D,BB,AK,F
11:28:58,ICBP,RG,8675,10,F,ZP,AK,F
11:28:57,ICBP,RG,8675,11,F,YU,AK,F
11:28:57,ICBP,RG,8675,9,F,ZP,AK,F
11:28:56,ICBP,RG,8675,2,F,ZP,ZP,F
11:28:56,ICBP,RG,8675,11,F,ZP,AK,F
11:28:56,ICBP,RG,8675,10,F,ZP,AK,F
11:28:56,ICBP,RG,8675,11,F,ZP,AK,F
11:28:56,ICBP,RG,8675,11,F,ZP,AK,F
11:28:56,ICBP,RG,8675,11,F,ZP,AK,F
11:28:56,ICBP,RG,8675,11,F,ZP,AK,F
11:28:56,ICBP,RG,8675,37,D,BB,AK,F
11:28:56,ICBP,RG,8675,140,D,BB,AI,D
11:28:56,ICBP,RG,8675,5,D,PD,AI,D
11:28:56,ICBP,RG,8675,11,F,ZP,AI,D
11:28:56,ICBP,RG,8675,43,D,BB,AI,D
11:28:56,ICBP,RG,8675,11,F,ZP,AI,D
11:28:56,ICBP,RG,8675,27,F,YU,AI,D
11:28:56,ICBP,RG,8675,1,D,PD,AI,D
11:28:56,ICBP,RG,8675,11,F,ZP,AI,D
11:28:56,ICBP,RG,8675,5,D,PD,AI,D
11:28:56,ICBP,RG,8675,8,F,YU,AI,D
11:28:56,ICBP,RG,8675,2,F,YU,AI,D
11:28:56,ICBP,RG,8675,11,F,ZP,AI,D
11:28:56,ICBP,RG,8675,10,F,ZP,AI,D
11:28:56,ICBP,RG,8675,11,F,ZP,AI,D
11:28:56,ICBP,RG,8675,130,D,BB,AI,D
11:28:56,ICBP,RG,8675,11,F,ZP,AI,D
11:28:56,ICBP,RG,8675,1,F,YU,AI,D
11:28:56,ICBP,RG,8675,9,F,YU,AI,D
11:28:56,ICBP,RG,8675,11,F,ZP,AI,D
11:28:56,ICBP,RG,8675,11,F,ZP,AI,D
11:28:56,ICBP,RG,8675,11,F,ZP,AI,D
11:28:56,ICBP,RG,8675,11,F,ZP,AI,D
11:28:56,ICBP,RG,8675,9,F,ZP,AI,D
11:28:53,ICBP,RG,8675,1,F,ZP,AK,F
11:28:36,ICBP,RG,8675,1,D,SQ,AK,F
11:28:36,ICBP,RG,8675,1,D,CC,AK,F
11:28:36,ICBP,RG,8675,4,F,ZP,AK,F
11:28:21,ICBP,RG,8675,1,F,ZP,AK,F
11:28:08,ICBP,RG,8675,5,F,ZP,AK,F
11:27:58,ICBP,RG,8675,1,F,ZP,PD,D
11:27:58,ICBP,RG,8675,4,D,XL,PD,D
11:27:53,ICBP,RG,8675,1,D,XL,AK,F
11:27:46,ICBP,RG,8700,2,D,CC,CC,D
11:27:46,ICBP,RG,8700,1,D,CC,PD,D
11:27:30,ICBP,RG,8700,1,D,AK,PD,D
11:27:28,ICBP,RG,8675,11,F,ZP,KZ,F
11:27:28,ICBP,RG,8675,4,D,CC,KZ,F
11:27:28,ICBP,RG,8675,1,D,LG,KZ,F
11:27:28,ICBP,RG,8675,6,F,BK,KZ,F
11:27:28,ICBP,RG,8675,2,D,XC,KZ,F
11:27:28,ICBP,RG,8675,11,F,ZP,KZ,F
11:27:28,ICBP,RG,8675,1,F,AK,KZ,F
11:27:28,ICBP,RG,8675,1,D,XC,KZ,F
11:27:28,ICBP,RG,8675,4,F,ZP,KZ,F
11:27:28,ICBP,RG,8675,7,F,ZP,KZ,F
11:27:28,ICBP,RG,8675,27,F,YU,KZ,F
11:27:28,ICBP,RG,8675,5,D,YP,KZ,F
11:27:28,ICBP,RG,8675,4,D,CC,KZ,F
11:27:28,ICBP,RG,8675,1,D,XL,KZ,F
11:27:28,ICBP,RG,8675,5,D,PD,KZ,F
11:27:28,ICBP,RG,8675,37,D,BB,KZ,F
11:27:25,ICBP,RG,8675,1,D,BB,ZP,F
11:27:25,ICBP,RG,8675,2,D,BB,ZP,F
11:27:25,ICBP,RG,8675,45,D,BB,KZ,F
11:27:25,ICBP,RG,8675,25,D,BB,KZ,F
11:27:25,ICBP,RG,8675,2,D,BB,KZ,F
11:27:25,ICBP,RG,8675,22,D,BB,KZ,F
11:27:23,ICBP,RG,8675,4,D,BB,AK,F
11:27:06,ICBP,RG,8675,5,D,BB,AK,F
11:26:57,ICBP,RG,8700,1,D,YP,PD,D
11:26:45,ICBP,RG,8700,1,F,AK,PD,D
11:26:38,ICBP,RG,8675,3,D,BB,AK,F
11:26:36,ICBP,RG,8675,2,D,BB,AK,F
11:26:34,ICBP,RG,8675,1,D,BB,ZP,F
11:26:29,ICBP,RG,8675,4,D,BB,ZP,F
11:26:28,ICBP,RG,8675,15,D,BB,KZ,F
11:26:28,ICBP,RG,8675,3,D,XL,KZ,F
11:26:28,ICBP,RG,8675,16,D,BB,KZ,F
11:26:28,ICBP,RG,8675,34,D,BB,KZ,F
11:26:26,ICBP,RG,8675,4,D,BB,KZ,F
11:26:26,ICBP,RG,8675,25,D,BB,KZ,F
11:26:26,ICBP,RG,8675,5,D,BB,KZ,F
11:26:26,ICBP,RG,8675,4,D,CC,KZ,F
11:26:26,ICBP,RG,8675,3,D,AZ,KZ,F
11:26:26,ICBP,RG,8675,1,D,BB,KZ,F
11:26:26,ICBP,RG,8675,6,D,BB,KZ,F
11:26:26,ICBP,RG,8675,2,D,BB,RF,D
11:26:25,ICBP,RG,8700,2,D,KZ,PD,D
11:26:06,ICBP,RG,8675,2,D,BB,AK,F
11:25:50,ICBP,RG,8675,3,D,BB,CC,D
11:25:17,ICBP,RG,8675,5,D,BB,ZP,F
11:25:15,ICBP,RG,8700,1,D,AK,PD,D
11:24:45,ICBP,RG,8700,2,F,AK,PD,D
11:24:13,ICBP,RG,8675,2,D,BB,XC,D
11:24:08,ICBP,RG,8675,19,D,BB,AK,F
11:24:00,ICBP,RG,8700,1,F,AK,PD,D
11:23:38,ICBP,RG,8675,4,D,BB,AK,F
11:23:38,ICBP,RG,8675,1,D,BB,PD,D
11:23:37,ICBP,RG,8675,6,D,BB,ZP,F
11:23:24,ICBP,RG,8700,1,F,AK,PD,D
11:23:23,ICBP,RG,8675,4,D,BB,AK,F
11:23:06,ICBP,RG,8675,20,D,BB,AK,F
11:22:58,ICBP,RG,8700,1,D,AK,PD,D
11:22:45,ICBP,RG,8700,1,F,AK,PD,D
11:22:38,ICBP,RG,8675,8,D,BB,AK,F
11:22:06,ICBP,RG,8675,6,D,BB,AK,F
11:21:42,ICBP,RG,8675,1,D,BB,ZP,F
11:21:42,ICBP,RG,8675,2,D,BB,ZP,F
11:21:37,ICBP,RG,8700,10,D,YP,PD,D
11:21:29,ICBP,RG,8700,7,F,BK,PD,D
11:21:13,ICBP,RG,8675,1,D,BB,XC,D
11:21:13,ICBP,RG,8675,2,D,PD,XC,D
11:21:13,ICBP,RG,8675,1,D,AK,XC,D
11:21:13,ICBP,RG,8675,10,D,XL,XC,D
11:21:13,ICBP,RG,8675,1,D,YP,XC,D
11:21:13,ICBP,RG,8675,8,F,YU,XC,D
11:21:03,ICBP,RG,8675,2,F,YU,ZP,F
11:21:00,ICBP,RG,8700,1,D,AK,PD,D
11:20:36,ICBP,RG,8675,5,F,YU,AK,F
11:20:28,ICBP,RG,8675,6,F,YU,ZP,F
11:20:15,ICBP,RG,8700,3,F,AK,PD,D
11:20:04,ICBP,RG,8675,10,F,YU,KK,D
11:19:16,ICBP,RG,8675,5,F,YU,KZ,F
11:19:16,ICBP,RG,8675,1,F,YU,KZ,F
11:19:15,ICBP,RG,8700,2,D,KZ,PD,D
11:19:13,ICBP,RG,8675,16,F,YU,KZ,F
11:19:13,ICBP,RG,8675,4,F,YU,KZ,F
11:19:10,ICBP,RG,8675,9,F,YU,KZ,F
11:19:10,ICBP,RG,8675,1,F,YU,KZ,F
11:19:10,ICBP,RG,8675,9,F,YU,KZ,F
11:19:10,ICBP,RG,8675,1,F,YU,KZ,F
11:19:10,ICBP,RG,8675,13,F,YU,KZ,F
11:19:10,ICBP,RG,8675,4,F,YU,KZ,F
11:19:10,ICBP,RG,8675,9,D,BB,KZ,F
11:19:07,ICBP,RG,8675,16,D,BB,KZ,F
11:19:07,ICBP,RG,8675,1,D,BB,KZ,F
11:19:07,ICBP,RG,8675,15,D,BB,KZ,F
11:19:07,ICBP,RG,8675,25,D,BB,KZ,F
11:19:07,ICBP,RG,8675,1,D,BB,KZ,F
11:19:06,ICBP,RG,8675,5,D,BB,AK,F
11:19:00,ICBP,RG,8700,3,D,CC,PD,D
11:18:34,ICBP,RG,8675,6,D,BB,ZP,F
11:18:15,ICBP,RG,8675,3,D,BB,CC,D
11:18:03,ICBP,RG,8675,5,D,BB,YP,D
11:17:09,ICBP,RG,8675,11,D,BB,XC,D
11:16:50,ICBP,RG,8675,5,D,BB,ZP,F
11:16:06,ICBP,RG,8675,10,D,BB,AK,F
11:15:48,ICBP,RG,8700,1,D,PD,PD,D
11:15:38,ICBP,RG,8675,13,D,BB,AK,F
11:15:38,ICBP,RG,8675,6,F,ZP,AK,F
11:15:30,ICBP,RG,8700,1,F,AK,PD,D
11:15:13,ICBP,RG,8675,1,F,ZP,ZP,F
11:15:05,ICBP,RG,8675,1,F,ZP,PD,D
11:14:58,ICBP,RG,8700,1,D,AK,PD,D
11:14:50,ICBP,RG,8675,3,F,ZP,ZP,F
11:14:50,ICBP,RG,8675,5,F,ZP,ZP,F
11:14:41,ICBP,RG,8675,4,F,ZP,XC,D
11:14:07,ICBP,RG,8700,1,D,NI,PD,D
11:13:00,ICBP,RG,8700,3,D,AK,PD,D
11:12:41,ICBP,RG,8675,2,F,ZP,ZP,F
11:12:41,ICBP,RG,8675,1,F,ZP,ZP,F
11:12:05,ICBP,RG,8700,2,D,KZ,PD,D
11:11:49,ICBP,RG,8675,9,F,ZP,AK,F
11:11:47,ICBP,RG,8675,1,F,ZP,ZP,F
11:11:42,ICBP,RG,8675,8,F,ZP,AI,D
11:11:13,ICBP,RG,8675,3,F,ZP,ZP,F
11:11:13,ICBP,RG,8675,3,F,ZP,ZP,F
11:11:13,ICBP,RG,8675,8,F,ZP,YP,D
11:11:13,ICBP,RG,8675,11,F,ZP,YP,D
11:11:13,ICBP,RG,8675,11,F,ZP,YP,D
11:11:13,ICBP,RG,8675,11,F,ZP,YP,D
11:11:13,ICBP,RG,8675,11,F,ZP,YP,D
11:11:13,ICBP,RG,8675,11,F,ZP,YP,D
11:11:13,ICBP,RG,8675,11,F,ZP,YP,D
11:11:13,ICBP,RG,8675,11,F,ZP,YP,D
11:11:13,ICBP,RG,8675,11,F,ZP,YP,D
11:11:13,ICBP,RG,8675,11,F,ZP,YP,D
11:11:13,ICBP,RG,8675,1,F,AK,YP,D
11:11:13,ICBP,RG,8675,3,F,AK,YP,D
11:11:13,ICBP,RG,8675,11,F,ZP,YP,D
11:11:13,ICBP,RG,8675,11,F,ZP,YP,D
11:11:13,ICBP,RG,8675,11,F,ZP,YP,D
11:11:13,ICBP,RG,8675,11,F,ZP,YP,D
11:11:13,ICBP,RG,8675,11,F,ZP,YP,D
11:11:13,ICBP,RG,8675,11,F,ZP,YP,D
11:11:13,ICBP,RG,8675,11,F,ZP,YP,D
11:11:13,ICBP,RG,8675,11,F,ZP,YP,D
11:11:13,ICBP,RG,8675,8,F,BK,YP,D
11:11:13,ICBP,RG,8675,11,F,ZP,YP,D
11:11:13,ICBP,RG,8675,11,F,ZP,YP,D
11:11:13,ICBP,RG,8675,1,F,ZP,YP,D
11:10:24,ICBP,RG,8675,1,F,ZP,XC,D
11:10:18,ICBP,RG,8675,3,F,ZP,CC,D
11:09:59,ICBP,RG,8675,3,F,ZP,CC,D
11:09:53,ICBP,RG,8675,3,F,ZP,AK,F
11:09:53,ICBP,RG,8675,10,F,ZP,AK,F
11:09:35,ICBP,RG,8675,1,F,ZP,ZP,F
11:09:35,ICBP,RG,8675,1,F,AK,ZP,F
11:09:35,ICBP,RG,8675,1,F,ZP,ZP,F
11:08:45,ICBP,RG,8675,1,F,ZP,YB,D
11:08:42,ICBP,RG,8675,6,F,ZP,ZP,F
11:08:36,ICBP,RG,8675,1,F,ZP,XC,D
11:07:45,ICBP,RG,8675,2,F,ZP,YP,D
11:06:56,ICBP,RG,8675,1,F,ZP,KK,D
11:06:42,ICBP,RG,8675,1,F,ZP,ZP,F
11:06:42,ICBP,RG,8675,3,F,ZP,ZP,F
11:06:15,ICBP,RG,8700,2,F,AK,PD,D
11:05:49,ICBP,RG,8675,1,F,ZP,ZP,F
11:05:27,ICBP,RG,8675,5,F,ZP,ZP,F
11:05:27,ICBP,RG,8675,1,F,ZP,ZP,F
11:05:23,ICBP,RG,8675,10,F,ZP,AK,F
11:05:23,ICBP,RG,8675,3,D,BB,AK,F
11:04:55,ICBP,RG,8700,2,D,KZ,PD,D
11:03:47,ICBP,RG,8675,6,D,BB,ZP,F
11:03:15,ICBP,RG,8700,1,F,AK,PD,D
11:02:28,ICBP,RG,8675,3,D,BB,CC,D
11:02:24,ICBP,RG,8675,2,D,BB,NI,D
11:01:49,ICBP,RG,8700,11,F,ZP,PD,D
11:01:48,ICBP,RG,8675,1,D,BB,ZP,F
11:01:48,ICBP,RG,8675,6,D,BB,ZP,F
11:01:45,ICBP,RG,8700,1,F,AK,PD,D
10:59:48,ICBP,RG,8675,3,D,BB,ZP,F
10:58:59,ICBP,RG,8700,4,D,SQ,PD,D
10:58:40,ICBP,RG,8675,6,D,BB,ZP,F
10:58:40,ICBP,RG,8675,1,D,BB,ZP,F
10:57:45,ICBP,RG,8700,2,D,KZ,PD,D
10:56:43,ICBP,RG,8675,1,D,BB,ZP,F
10:56:20,ICBP,RG,8675,2,D,BB,ZP,F
10:55:44,ICBP,RG,8700,11,F,ZP,PD,D
10:55:43,ICBP,RG,8675,7,D,BB,ZP,F
10:53:36,ICBP,RG,8700,11,F,ZP,PD,D
10:53:36,ICBP,RG,8700,7,F,ZP,PD,D
10:53:36,ICBP,RG,8700,4,F,ZP,PD,D
10:53:35,ICBP,RG,8700,5,F,ZP,PD,D
10:53:35,ICBP,RG,8700,6,F,ZP,PD,D
10:53:35,ICBP,RG,8700,10,F,ZP,PD,D
10:53:35,ICBP,RG,8700,4,F,ZP,PD,D
10:53:35,ICBP,RG,8700,2,F,ZP,CC,D
10:53:35,ICBP,RG,8700,5,F,ZP,YU,F
10:53:34,ICBP,RG,8700,8,F,ZP,YU,F
10:53:34,ICBP,RG,8700,3,F,ZP,NI,D
10:53:34,ICBP,RG,8700,2,F,ZP,NI,D
10:53:34,ICBP,RG,8700,9,F,ZP,XC,D
10:53:34,ICBP,RG,8700,1,F,ZP,XC,D
10:53:34,ICBP,RG,8700,1,F,ZP,XC,D
10:53:34,ICBP,RG,8700,4,F,ZP,CC,D
10:53:34,ICBP,RG,8700,5,F,ZP,PD,D
10:53:33,ICBP,RG,8700,5,F,ZP,PD,D
10:53:33,ICBP,RG,8700,1,F,ZP,PD,D
10:53:33,ICBP,RG,8700,2,F,ZP,CC,D
10:53:33,ICBP,RG,8700,1,F,ZP,YP,D
10:53:33,ICBP,RG,8700,2,F,ZP,NI,D
10:53:31,ICBP,RG,8700,3,F,ZP,NI,D
10:53:31,ICBP,RG,8700,1,F,ZP,PD,D
10:53:31,ICBP,RG,8700,1,F,ZP,KK,D
10:53:31,ICBP,RG,8700,1,F,ZP,YP,D
10:53:31,ICBP,RG,8700,2,F,ZP,XC,D
10:53:31,ICBP,RG,8700,1,F,ZP,PD,D
10:53:31,ICBP,RG,8700,2,F,ZP,NI,D
10:53:28,ICBP,RG,8700,11,F,ZP,NI,D
10:53:26,ICBP,RG,8700,11,F,ZP,NI,D
10:53:23,ICBP,RG,8700,11,F,ZP,NI,D
10:53:15,ICBP,RG,8700,11,F,ZP,NI,D
10:52:59,ICBP,RG,8700,7,F,ZP,NI,D
10:52:59,ICBP,RG,8700,1,F,ZP,PD,D
10:52:59,ICBP,RG,8700,1,F,ZP,YP,D
10:52:59,ICBP,RG,8700,2,F,ZP,SQ,D
10:52:54,ICBP,RG,8700,1,F,ZP,GR,D
10:52:54,ICBP,RG,8700,4,F,ZP,XC,D
10:52:54,ICBP,RG,8700,6,F,ZP,RX,D
10:52:48,ICBP,RG,8700,11,F,ZP,RX,D
10:52:46,ICBP,RG,8700,11,F,ZP,RX,D
10:52:36,ICBP,RG,8700,11,F,ZP,RX,D
10:52:33,ICBP,RG,8700,11,F,ZP,RX,D
10:52:31,ICBP,RG,8700,11,F,ZP,RX,D
10:52:21,ICBP,RG,8700,11,F,ZP,RX,D
10:52:18,ICBP,RG,8700,11,F,ZP,RX,D
10:52:16,ICBP,RG,8700,11,F,ZP,RX,D
10:52:14,ICBP,RG,8700,11,F,ZP,RX,D
10:52:12,ICBP,RG,8700,11,F,ZP,RX,D
10:52:10,ICBP,RG,8700,11,F,ZP,RX,D
10:52:07,ICBP,RG,8700,11,F,ZP,RX,D
10:52:05,ICBP,RG,8700,10,F,ZP,RX,D
10:52:04,ICBP,RG,8675,4,D,BB,AK,F
10:52:04,ICBP,RG,8675,4,F,GW,AK,F
10:52:04,ICBP,RG,8675,7,F,GW,AK,F
10:52:04,ICBP,RG,8675,7,F,GW,AK,F
10:52:04,ICBP,RG,8675,5,F,GW,AK,F
10:52:04,ICBP,RG,8675,9,F,GW,AK,F
10:52:04,ICBP,RG,8675,2,F,GW,ZP,F
10:52:04,ICBP,RG,8675,8,F,GW,AK,F
10:52:04,ICBP,RG,8675,7,F,GW,AK,F
10:52:04,ICBP,RG,8675,3,F,GW,ZP,F
10:52:04,ICBP,RG,8675,73,F,GW,KZ,F
10:52:04,ICBP,RG,8675,10,F,GW,AK,F
10:52:04,ICBP,RG,8675,7,F,GW,AK,F
10:52:04,ICBP,RG,8675,7,F,GW,AK,F
10:52:04,ICBP,RG,8675,690,F,GW,KZ,F
10:52:04,ICBP,RG,8675,68,F,GW,KZ,F
10:52:04,ICBP,RG,8675,8,F,GW,KZ,F
10:52:03,ICBP,RG,8675,9,F,ZP,KZ,F
10:52:03,ICBP,RG,8675,2,F,ZP,AK,F
10:52:02,ICBP,RG,8675,4,D,BB,AK,F
10:52:02,ICBP,RG,8675,17,D,BB,KZ,F
10:51:27,ICBP,RG,8675,1,D,PD,KZ,F
10:51:06,ICBP,RG,8675,11,F,ZP,KZ,F
10:51:04,ICBP,RG,8675,11,F,ZP,KZ,F
10:51:04,ICBP,RG,8675,11,F,ZP,KZ,F
10:51:03,ICBP,RG,8675,11,F,ZP,KZ,F
10:51:03,ICBP,RG,8675,10,F,ZP,KZ,F
10:51:03,ICBP,RG,8675,10,F,ZP,KZ,F
10:51:03,ICBP,RG,8675,8,F,ZP,KZ,F
10:51:03,ICBP,RG,8675,1,F,ZP,KZ,F
10:51:03,ICBP,RG,8675,1,F,ZP,KZ,F
10:51:03,ICBP,RG,8675,11,F,ZP,KZ,F
10:51:03,ICBP,RG,8675,11,F,ZP,KZ,F
10:51:03,ICBP,RG,8675,6,D,BB,KZ,F
10:51:02,ICBP,RG,8675,1,D,BB,ZP,F
10:51:02,ICBP,RG,8675,2,D,BB,ZP,F
10:51:02,ICBP,RG,8675,2,F,ZP,ZP,F
10:51:02,ICBP,RG,8675,9,F,ZP,KZ,F
10:51:02,ICBP,RG,8675,11,F,ZP,KZ,F
10:51:02,ICBP,RG,8675,71,D,BB,KZ,F
10:51:02,ICBP,RG,8675,71,D,BB,KZ,F
10:51:02,ICBP,RG,8675,11,F,ZP,KZ,F
10:51:02,ICBP,RG,8675,107,D,BB,KZ,F
10:51:01,ICBP,RG,8675,93,D,BB,RX,D
10:51:01,ICBP,RG,8675,1,F,AK,RX,D
10:51:01,ICBP,RG,8675,5,F,AK,RX,D
10:51:01,ICBP,RG,8675,11,F,ZP,RX,D
10:51:01,ICBP,RG,8675,11,F,ZP,RX,D
10:51:01,ICBP,RG,8675,11,F,ZP,RX,D
10:51:01,ICBP,RG,8675,11,F,ZP,RX,D
10:51:01,ICBP,RG,8675,11,F,ZP,RX,D
10:51:01,ICBP,RG,8675,2,D,AK,RX,D
10:51:01,ICBP,RG,8675,46,D,BB,RX,D
10:51:01,ICBP,RG,8675,11,F,ZP,RX,D
10:51:01,ICBP,RG,8675,1,D,AK,RX,D
10:51:01,ICBP,RG,8675,2,D,XC,RX,D
10:51:01,ICBP,RG,8675,5,D,CC,RX,D
10:51:01,ICBP,RG,8675,11,F,ZP,RX,D
10:51:01,ICBP,RG,8675,1,D,AK,RX,D
10:51:01,ICBP,RG,8675,1,D,NI,RX,D
10:51:01,ICBP,RG,8675,1,F,AK,RX,D
10:51:01,ICBP,RG,8675,1,F,AK,RX,D
10:51:01,ICBP,RG,8675,80,D,BB,RX,D
10:51:01,ICBP,RG,8675,84,D,BB,RX,D
10:50:53,ICBP,RG,8675,4,D,BB,ZP,F
10:50:52,ICBP,RG,8675,9,D,BB,KZ,F
10:50:52,ICBP,RG,8675,15,F,YU,KZ,F
10:50:52,ICBP,RG,8675,24,F,YU,KZ,F
10:50:52,ICBP,RG,8675,8,F,YU,KZ,F
10:50:52,ICBP,RG,8675,2,D,PD,KZ,F
10:50:52,ICBP,RG,8675,1,D,AK,KZ,F
10:50:52,ICBP,RG,8675,20,D,BB,KZ,F
10:50:52,ICBP,RG,8675,14,D,BB,KZ,F
10:50:52,ICBP,RG,8675,15,D,BB,KZ,F
10:50:52,ICBP,RG,8675,1,D,BB,KZ,F
10:50:51,ICBP,RG,8675,3,D,BB,CC,D
10:50:45,ICBP,RG,8700,2,D,KZ,RX,D
10:49:53,ICBP,RG,8675,14,D,BB,AK,F
10:49:35,ICBP,RG,8675,3,D,BB,ZP,F
10:48:46,ICBP,RG,8675,6,D,BB,ZP,F
10:48:32,ICBP,RG,8675,2,D,BB,YP,D
10:48:32,ICBP,RG,8675,1,D,PD,YP,D
10:48:32,ICBP,RG,8675,3,D,YP,YP,D
10:48:32,ICBP,RG,8675,2,F,ZP,YP,D
10:47:51,ICBP,RG,8675,1,F,ZP,CC,D
10:46:45,ICBP,RG,8675,1,F,ZP,ZP,F
10:46:25,ICBP,RG,8700,1,D,PD,RX,D
10:46:24,ICBP,RG,8675,7,F,ZP,YP,D
10:46:24,ICBP,RG,8675,2,F,ZP,YP,D
10:46:13,ICBP,RG,8675,7,F,ZP,ZP,F
10:45:17,ICBP,RG,8700,1,D,CC,RX,D
10:44:11,ICBP,RG,8675,1,F,ZP,ZP,F
10:44:11,ICBP,RG,8675,9,F,ZP,ZP,F
10:43:45,ICBP,RG,8675,2,F,ZP,XC,D
10:43:45,ICBP,RG,8675,10,F,ZP,XC,D
10:43:35,ICBP,RG,8700,2,D,KZ,RX,D
10:42:34,ICBP,RG,8675,1,F,ZP,XC,D
10:42:34,ICBP,RG,8675,6,F,ZP,XC,D
10:42:34,ICBP,RG,8700,6,D,YP,RX,D
10:41:51,ICBP,RG,8675,1,F,ZP,ZP,F
10:41:23,ICBP,RG,8675,4,F,ZP,ZP,F
10:41:23,ICBP,RG,8675,2,F,ZP,ZP,F
10:41:22,ICBP,RG,8700,11,F,ZP,RX,D
10:40:23,ICBP,RG,8700,9,D,XL,RX,D
10:40:23,ICBP,RG,8700,2,D,XL,DH,D
10:39:34,ICBP,RG,8675,6,F,ZP,ZP,F
10:37:44,ICBP,RG,8675,1,F,ZP,ZP,F
10:36:16,ICBP,RG,8675,2,F,ZP,KZ,F
10:36:16,ICBP,RG,8675,11,F,ZP,KZ,F
10:36:16,ICBP,RG,8675,9,F,ZP,KZ,F
10:36:05,ICBP,RG,8675,2,F,ZP,NI,D
10:36:00,ICBP,RG,8675,5,F,ZP,KZ,F
10:36:00,ICBP,RG,8675,6,F,ZP,KZ,F
10:36:00,ICBP,RG,8675,6,F,ZP,KZ,F
10:36:00,ICBP,RG,8675,1,F,ZP,CC,D
10:36:00,ICBP,RG,8675,4,F,ZP,AK,F
10:35:59,ICBP,RG,8675,3,F,ZP,AK,F
10:35:59,ICBP,RG,8675,1,F,ZP,XC,D
10:35:59,ICBP,RG,8675,1,F,ZP,XC,D
10:35:59,ICBP,RG,8675,6,F,ZP,AK,F
10:35:59,ICBP,RG,8675,2,F,ZP,CC,D
10:35:59,ICBP,RG,8675,9,F,ZP,KZ,F
10:35:59,ICBP,RG,8650,1,D,BB,CC,D
10:35:59,ICBP,RG,8675,10,F,ZP,KZ,F
10:35:58,ICBP,RG,8675,11,F,ZP,KZ,F
10:35:52,ICBP,RG,8675,11,F,ZP,KZ,F
10:35:50,ICBP,RG,8675,11,F,ZP,KZ,F
10:35:47,ICBP,RG,8675,11,F,ZP,KZ,F
10:35:47,ICBP,RG,8650,23,D,BB,KZ,F
10:35:47,ICBP,RG,8650,1,D,AK,KZ,F
10:35:47,ICBP,RG,8650,7,F,BK,KZ,F
10:35:47,ICBP,RG,8650,1,D,DR,KZ,F
10:35:47,ICBP,RG,8650,2,D,KZ,KZ,F
10:35:47,ICBP,RG,8650,1,D,AK,KZ,F
10:35:47,ICBP,RG,8650,47,F,YU,KZ,F
10:35:47,ICBP,RG,8650,3,D,BB,KZ,F
10:35:46,ICBP,RG,8650,11,D,BB,CC,D
10:35:46,ICBP,RG,8650,1,F,AK,CC,D
10:35:46,ICBP,RG,8650,188,F,YU,CC,D
10:35:46,ICBP,RG,8650,1,D,XC,CC,D
10:35:46,ICBP,RG,8650,1,D,AK,CC,D
10:35:46,ICBP,RG,8650,15,D,PD,CC,D
10:35:46,ICBP,RG,8650,1,D,PD,CC,D
10:35:46,ICBP,RG,8650,113,F,GW,CC,D
10:35:46,ICBP,RG,8650,1,F,AK,CC,D
10:35:46,ICBP,RG,8650,6,D,BB,CC,D
10:35:46,ICBP,RG,8650,13,D,BB,CC,D
10:35:46,ICBP,RG,8650,10,D,PD,CC,D
10:35:46,ICBP,RG,8650,1,F,AK,CC,D
10:35:46,ICBP,RG,8650,30,F,BK,CC,D
10:35:42,ICBP,RG,8675,1,D,PD,KZ,F
10:34:54,ICBP,RG,8675,11,F,ZP,KZ,F
10:34:53,ICBP,RG,8650,19,F,BK,AK,F
10:34:45,ICBP,RG,8675,5,F,AK,KZ,F
10:33:57,ICBP,RG,8650,1,F,BK,PD,D
10:32:59,ICBP,RG,8675,1,D,CC,KZ,F
10:31:32,ICBP,RG,8675,10,F,ZP,KZ,F
10:31:32,ICBP,RG,8675,1,F,ZP,AK,F
10:31:32,ICBP,RG,8675,5,F,ZP,AK,F
10:31:32,ICBP,RG,8675,6,F,ZP,AK,F
10:31:12,ICBP,RG,8675,5,D,BB,PD,D
10:31:12,ICBP,RG,8675,9,D,BB,KZ,F
10:31:12,ICBP,RG,8675,3,D,BB,KZ,F
10:31:12,ICBP,RG,8675,8,D,BB,PD,D
10:31:12,ICBP,RG,8675,1,D,BB,KZ,F
10:31:12,ICBP,RG,8675,10,D,BB,KZ,F
10:31:12,ICBP,RG,8675,1,D,BB,KZ,F
10:31:12,ICBP,RG,8675,12,D,BB,KZ,F
10:31:12,ICBP,RG,8675,10,D,BB,KZ,F
10:31:12,ICBP,RG,8675,2,D,BB,KZ,F
10:31:12,ICBP,RG,8675,33,D,BB,KZ,F
10:31:12,ICBP,RG,8675,1,D,BB,CC,D
10:31:12,ICBP,RG,8675,18,D,BB,YU,F
10:31:12,ICBP,RG,8675,10,D,BB,YU,F
10:31:12,ICBP,RG,8675,45,D,BB,KZ,F
10:31:12,ICBP,RG,8675,1,D,BB,PD,D
10:31:12,ICBP,RG,8675,6,D,BB,AK,F
10:31:12,ICBP,RG,8675,2,D,BB,MK,D
10:31:12,ICBP,RG,8675,6,D,BB,AK,F
10:31:12,ICBP,RG,8675,6,D,BB,AK,F
10:31:12,ICBP,RG,8675,6,D,BB,AK,F
10:31:12,ICBP,RG,8675,2,D,BB,CC,D
10:31:12,ICBP,RG,8675,1,D,BB,XC,D
10:31:12,ICBP,RG,8675,1,D,BB,CC,D
10:31:12,ICBP,RG,8675,7,D,BB,NI,D
10:31:12,ICBP,RG,8675,5,D,BB,NI,D
10:31:12,ICBP,RG,8675,6,D,BB,PD,D
10:31:12,ICBP,RG,8675,2,D,BB,XC,D
10:31:12,ICBP,RG,8675,21,D,BB,DH,D
10:31:12,ICBP,RG,8675,1,D,BB,SQ,D
10:31:12,ICBP,RG,8675,5,D,BB,PD,D
10:31:12,ICBP,RG,8675,1,D,BB,LG,D
10:31:12,ICBP,RG,8675,316,D,BB,RX,D
10:31:12,ICBP,RG,8675,184,D,BB,RX,D
10:31:12,ICBP,RG,8675,15,D,BB,PD,D
10:31:12,ICBP,RG,8675,10,D,BB,KK,D
10:31:12,ICBP,RG,8675,21,D,BB,RX,D
10:30:42,ICBP,RG,8675,1,D,BB,RX,D
10:30:42,ICBP,RG,8675,1,D,BB,RX,D
10:30:16,ICBP,RG,8675,1,D,BB,RX,D
10:30:12,ICBP,RG,8675,1,D,BB,RX,D
10:30:08,ICBP,RG,8675,1,D,BB,RX,D
10:30:08,ICBP,RG,8675,1,D,BB,RX,D
10:30:08,ICBP,RG,8675,2,D,BB,RX,D
10:29:40,ICBP,RG,8675,1,D,BB,RX,D
10:29:36,ICBP,RG,8675,2,D,BB,RX,D
10:29:36,ICBP,RG,8675,1,D,BB,RX,D
10:29:15,ICBP,RG,8675,2,D,BB,RX,D
10:29:14,ICBP,RG,8675,4,D,BB,RX,D
10:29:13,ICBP,RG,8675,1,D,BB,RX,D
10:29:07,ICBP,RG,8650,11,F,BK,PD,D
10:29:06,ICBP,RG,8675,2,D,BB,RX,D
10:28:57,ICBP,RG,8675,5,D,BB,RX,D
10:28:53,ICBP,RG,8675,2,D,BB,RX,D
10:28:48,ICBP,RG,8675,15,D,BB,RX,D
10:28:43,ICBP,RG,8650,1,F,BK,XC,D
10:28:41,ICBP,RG,8675,1,D,BB,RX,D
10:28:40,ICBP,RG,8675,21,D,BB,RX,D
10:28:28,ICBP,RG,8650,5,F,BK,GR,D
10:28:27,ICBP,RG,8675,5,D,BB,RX,D
10:27:49,ICBP,RG,8675,25,D,BB,RX,D
10:27:43,ICBP,RG,8675,26,D,BB,RX,D
10:27:43,ICBP,RG,8650,4,F,BK,PD,D
10:27:38,ICBP,RG,8675,12,D,BB,RX,D
10:27:15,ICBP,RG,8675,1,D,XC,RX,D
10:27:10,ICBP,RG,8650,38,F,BK,KZ,F
10:27:10,ICBP,RG,8650,4,D,CC,KZ,F
10:27:09,ICBP,RG,8675,1,D,CC,RX,D
10:26:54,ICBP,RG,8675,24,D,BB,RX,D
10:26:04,ICBP,RG,8650,9,F,ZP,KZ,F
10:26:03,ICBP,RG,8650,28,D,BB,KZ,F
10:26:03,ICBP,RG,8650,1,D,BB,PD,D
10:26:03,ICBP,RG,8650,5,D,BB,KZ,F
10:25:30,ICBP,RG,8650,12,F,GW,KZ,F
10:25:30,ICBP,RG,8650,5,F,GW,KZ,F
10:25:30,ICBP,RG,8650,8,F,GW,KZ,F
10:25:30,ICBP,RG,8650,92,F,GW,KZ,F
10:25:30,ICBP,RG,8650,68,F,GW,KZ,F
10:25:30,ICBP,RG,8650,2,F,GW,KZ,F
10:25:30,ICBP,RG,8650,8,F,GW,KZ,F
10:25:30,ICBP,RG,8650,55,F,GW,RX,D
10:25:22,ICBP,RG,8650,5,D,PD,RX,D
10:25:21,ICBP,RG,8650,11,F,ZP,RX,D
10:25:21,ICBP,RG,8650,1,D,XC,RX,D
10:25:21,ICBP,RG,8650,11,F,ZP,RX,D
10:25:20,ICBP,RG,8650,11,F,ZP,RX,D
10:25:18,ICBP,RG,8650,11,F,ZP,RX,D
10:25:18,ICBP,RG,8650,17,D,BB,RX,D
10:25:17,ICBP,RG,8650,76,F,BK,RX,D
10:25:17,ICBP,RG,8650,1,D,BB,RX,D
10:25:17,ICBP,RG,8650,1,D,BB,RX,D
10:25:03,ICBP,RG,8675,11,F,ZP,RX,D
10:25:03,ICBP,RG,8675,1,D,CC,RX,D
10:25:01,ICBP,RG,8650,13,F,YU,BK,F
10:25:01,ICBP,RG,8650,15,D,DH,BK,F
10:25:01,ICBP,RG,8650,1,D,KZ,BK,F
10:25:01,ICBP,RG,8650,1,D,AK,BK,F
10:25:01,ICBP,RG,8650,3,F,AK,BK,F
10:25:01,ICBP,RG,8650,1,D,AK,BK,F
10:25:00,ICBP,RG,8675,8,F,ZP,RX,D
10:25:00,ICBP,RG,8675,2,F,ZP,PD,D
10:25:00,ICBP,RG,8675,1,F,ZP,PD,D
10:25:00,ICBP,RG,8650,13,F,YU,YP,D
10:25:00,ICBP,RG,8650,2,D,AK,YP,D
10:25:00,ICBP,RG,8650,2,D,PD,YP,D
10:25:00,ICBP,RG,8650,1,D,BB,YP,D
10:25:00,ICBP,RG,8650,3,D,BB,YP,D
10:25:00,ICBP,RG,8650,1,D,XC,YP,D
10:25:00,ICBP,RG,8650,1,D,DH,YP,D
10:25:00,ICBP,RG,8650,7,D,YP,YP,D
10:24:46,ICBP,RG,8650,5,D,YP,XC,D
10:24:18,ICBP,RG,8675,1,F,ZP,PD,D
10:24:18,ICBP,RG,8675,10,F,ZP,RX,D
10:24:17,ICBP,RG,8675,4,D,XC,RX,D
10:24:12,ICBP,RG,8650,3,F,BK,PD,D
10:24:06,ICBP,RG,8675,1,D,PD,RX,D
10:23:48,ICBP,RG,8650,3,F,BK,KK,D
10:23:48,ICBP,RG,8650,1,F,AK,KK,D
10:23:48,ICBP,RG,8650,1,D,AK,KK,D
10:23:48,ICBP,RG,8650,1,D,AK,KK,D
10:23:48,ICBP,RG,8650,1,F,AK,KK,D
10:23:48,ICBP,RG,8650,1,D,AK,KK,D
10:23:48,ICBP,RG,8650,7,F,BK,KK,D
10:23:48,ICBP,RG,8650,1,D,YP,KK,D
10:23:48,ICBP,RG,8650,4,D,CC,KK,D
10:22:49,ICBP,RG,8675,1,D,XC,RX,D
10:22:05,ICBP,RG,8675,2,D,KZ,RX,D
10:21:46,ICBP,RG,8675,6,F,BK,RX,D
10:21:04,ICBP,RG,8650,7,F,YU,AK,F
10:21:04,ICBP,RG,8650,2,F,YU,AK,F
10:21:04,ICBP,RG,8650,5,F,ZP,AK,F
10:21:04,ICBP,RG,8650,6,F,ZP,AK,F
10:21:03,ICBP,RG,8650,1,F,GW,AK,F
10:21:03,ICBP,RG,8650,50,F,GW,CC,D
10:21:03,ICBP,RG,8650,6,F,GW,AK,F
10:21:03,ICBP,RG,8650,8,F,GW,AK,F
10:21:03,ICBP,RG,8650,4,F,GW,KZ,F
10:21:03,ICBP,RG,8650,62,F,GW,YU,F
10:21:03,ICBP,RG,8650,10,F,GW,CC,D
10:21:03,ICBP,RG,8650,47,F,GW,KZ,F
10:21:03,ICBP,RG,8650,7,F,GW,AK,F
10:21:03,ICBP,RG,8650,2,F,GW,KZ,F
10:21:03,ICBP,RG,8650,19,F,GW,KZ,F
10:21:03,ICBP,RG,8650,2,F,GW,KZ,F
10:21:03,ICBP,RG,8650,50,F,GW,OD,D
10:21:03,ICBP,RG,8650,19,F,GW,KZ,F
10:21:03,ICBP,RG,8650,1,F,GW,XC,D
10:21:03,ICBP,RG,8650,2,F,GW,CC,D
10:21:03,ICBP,RG,8650,10,F,GW,PD,D
10:21:03,ICBP,RG,8650,100,F,GW,CC,D
10:21:03,ICBP,RG,8650,2,F,GW,CC,D
10:21:03,ICBP,RG,8650,82,F,GW,CS,F
10:21:03,ICBP,RG,8650,10,F,GW,CC,D
10:21:03,ICBP,RG,8650,10,F,GW,YP,D
10:21:03,ICBP,RG,8650,200,F,GW,RX,D
10:21:03,ICBP,RG,8650,2,F,GW,YP,D
10:21:03,ICBP,RG,8650,25,F,GW,XC,D
10:21:03,ICBP,RG,8650,43,F,GW,LG,D
10:21:03,ICBP,RG,8650,5,F,GW,AK,F
10:21:03,ICBP,RG,8650,10,F,GW,YP,D
10:21:03,ICBP,RG,8650,3,F,GW,XC,D
10:21:03,ICBP,RG,8650,1,F,GW,XC,D
10:21:03,ICBP,RG,8650,37,F,GW,AZ,D
10:21:03,ICBP,RG,8650,18,F,GW,KZ,F
10:21:00,ICBP,RG,8650,1,F,AK,KZ,F
10:20:24,ICBP,RG,8650,3,D,KK,KZ,F
10:19:45,ICBP,RG,8625,4,F,ZP,CC,D
10:19:11,ICBP,RG,8650,2,D,CC,KZ,F
10:18:30,ICBP,RG,8650,2,F,AK,KZ,F
10:17:17,ICBP,RG,8650,2,D,PD,KZ,F
10:16:24,ICBP,RG,8625,1,F,ZP,PD,D
10:15:31,ICBP,RG,8650,4,D,SQ,KZ,F
10:15:21,ICBP,RG,8650,7,D,CC,KZ,F
10:15:09,ICBP,RG,8650,8,D,XC,KZ,F
10:14:55,ICBP,RG,8650,2,D,KZ,KZ,F
10:14:55,ICBP,RG,8650,1,D,NI,KZ,F
10:14:49,ICBP,RG,8625,6,F,ZP,PD,D
10:14:49,ICBP,RG,8625,11,F,ZP,PD,D
10:14:49,ICBP,RG,8625,5,F,ZP,PD,D
10:14:28,ICBP,RG,8625,6,F,ZP,PD,D
10:14:28,ICBP,RG,8625,3,F,ZP,PD,D
10:14:27,ICBP,RG,8650,11,F,ZP,KZ,F
10:14:26,ICBP,RG,8625,8,F,ZP,KZ,F
10:14:25,ICBP,RG,8625,11,F,ZP,KZ,F
10:14:25,ICBP,RG,8625,11,F,ZP,KZ,F
10:14:25,ICBP,RG,8625,10,F,ZP,KZ,F
10:14:25,ICBP,RG,8625,11,F,ZP,KZ,F
10:14:24,ICBP,RG,8625,11,F,ZP,KZ,F
10:14:24,ICBP,RG,8625,11,F,ZP,KZ,F
10:14:24,ICBP,RG,8625,3,F,ZP,KZ,F
10:14:24,ICBP,RG,8625,8,F,ZP,KZ,F
10:14:23,ICBP,RG,8625,6,F,ZP,KZ,F
10:14:23,ICBP,RG,8625,4,F,ZP,AK,F
10:14:23,ICBP,RG,8625,1,F,ZP,AK,F
10:14:23,ICBP,RG,8625,4,F,ZP,AK,F
10:14:23,ICBP,RG,8625,4,F,ZP,AK,F
10:14:23,ICBP,RG,8625,2,F,ZP,AK,F
10:14:23,ICBP,RG,8625,1,F,ZP,KZ,F
10:14:21,ICBP,RG,8625,11,F,ZP,KZ,F
10:14:21,ICBP,RG,8625,11,F,ZP,KZ,F
10:14:18,ICBP,RG,8625,11,F,ZP,KZ,F
10:14:18,ICBP,RG,8625,11,F,ZP,KZ,F
10:14:18,ICBP,RG,8625,125,D,BB,KZ,F
10:14:18,ICBP,RG,8625,82,D,BB,KZ,F
10:14:18,ICBP,RG,8625,82,D,BB,CS,F
10:14:18,ICBP,RG,8625,1,D,BB,CC,D
10:14:18,ICBP,RG,8625,200,D,BB,RX,D
10:14:18,ICBP,RG,8625,1,D,BB,YP,D
10:14:18,ICBP,RG,8625,1,D,BB,PD,D
10:14:18,ICBP,RG,8625,1,D,BB,KK,D
10:14:18,ICBP,RG,8625,1,D,BB,PD,D
10:14:18,ICBP,RG,8625,38,D,BB,KZ,F
10:14:18,ICBP,RG,8625,2,D,BB,XC,D
10:14:18,ICBP,RG,8625,10,D,BB,SQ,D
10:14:18,ICBP,RG,8625,5,D,BB,SQ,D
10:14:18,ICBP,RG,8625,67,D,BB,KZ,F
10:14:18,ICBP,RG,8625,4,D,BB,CC,D
10:14:18,ICBP,RG,8625,1,D,BB,CC,D
10:14:18,ICBP,RG,8625,4,D,BB,AK,F
10:14:18,ICBP,RG,8625,1,D,BB,AK,F
10:14:18,ICBP,RG,8625,4,D,BB,AK,F
10:14:18,ICBP,RG,8625,5,D,BB,KZ,F
10:14:18,ICBP,RG,8625,3,D,BB,KZ,F
10:14:18,ICBP,RG,8625,83,D,BB,KZ,F
10:14:18,ICBP,RG,8625,18,D,BB,KZ,F
10:14:18,ICBP,RG,8625,6,D,BB,AK,F
10:14:18,ICBP,RG,8625,111,D,BB,YU,F
10:14:18,ICBP,RG,8625,2,D,BB,XC,D
10:14:18,ICBP,RG,8625,5,D,BB,AK,F
10:14:18,ICBP,RG,8625,16,D,BB,KZ,F
10:14:18,ICBP,RG,8625,2,D,BB,YP,D
10:14:15,ICBP,RG,8625,3,D,AK,KZ,F
10:13:48,ICBP,RG,8600,7,D,NI,ZP,D
10:13:41,ICBP,RG,8625,1,D,LG,KZ,F
10:13:38,ICBP,RG,8625,1,D,AT,KZ,F
10:13:35,ICBP,RG,8600,3,D,NI,AK,F
10:13:35,ICBP,RG,8600,3,D,YP,AK,F
10:13:35,ICBP,RG,8600,2,D,XC,AK,F
10:13:35,ICBP,RG,8600,2,D,PD,AK,F
10:13:35,ICBP,RG,8600,6,D,PD,AK,F
10:13:35,ICBP,RG,8600,1,D,CC,AK,F
10:13:35,ICBP,RG,8600,1,D,PD,AK,F
10:13:35,ICBP,RG,8600,1,D,RO,AK,F
10:13:35,ICBP,RG,8600,5,D,CP,AK,F
10:13:15,ICBP,RG,8625,2,F,AK,KZ,F
10:12:18,ICBP,RG,8625,1,D,XL,KZ,F
10:10:58,ICBP,RG,8625,1,D,YP,KZ,F
10:10:52,ICBP,RG,8625,10,F,ZP,KZ,F
10:10:51,ICBP,RG,8600,22,D,CP,AK,F
10:10:32,ICBP,RG,8625,3,D,NI,KZ,F
10:10:06,ICBP,RG,8625,1,D,YP,KZ,F
10:10:06,ICBP,RG,8625,3,D,NI,KZ,F
10:09:34,ICBP,RG,8625,1,D,XC,KZ,F
10:09:34,ICBP,RG,8600,2,D,CP,PD,D
10:09:31,ICBP,RG,8625,1,D,YP,KZ,F
10:08:56,ICBP,RG,8625,1,D,ZP,KZ,F
10:08:37,ICBP,RG,8625,2,D,PD,KZ,F
10:07:58,ICBP,RG,8600,3,D,CP,CC,D
10:07:56,ICBP,RG,8625,2,D,GR,KZ,F
10:07:45,ICBP,RG,8625,2,D,KZ,KZ,F
10:07:45,ICBP,RG,8625,2,F,AK,KZ,F
10:07:07,ICBP,RG,8625,1,D,YP,KZ,F
10:06:36,ICBP,RG,8625,11,F,ZP,KZ,F
10:06:35,ICBP,RG,8625,8,D,DH,KZ,F
10:06:35,ICBP,RG,8625,10,D,KK,KZ,F
10:05:55,ICBP,RG,8625,9,D,XL,KZ,F
10:05:55,ICBP,RG,8625,15,D,XL,KZ,F
10:05:41,ICBP,RG,8625,1,D,YP,KZ,F
10:05:23,ICBP,RG,8625,1,D,XC,KZ,F
10:05:09,ICBP,RG,8625,1,D,XC,KZ,F
10:04:50,ICBP,RG,8600,1,D,CP,XC,D
10:02:52,ICBP,RG,8625,2,F,ZP,KZ,F
10:02:52,ICBP,RG,8625,8,F,ZP,KK,D
10:02:52,ICBP,RG,8600,17,D,CP,KI,D
10:02:52,ICBP,RG,8600,1,D,KK,KI,D
10:02:52,ICBP,RG,8600,5,D,OD,KI,D
10:02:52,ICBP,RG,8600,3,D,CC,KI,D
10:02:52,ICBP,RG,8600,3,D,PD,KI,D
10:02:52,ICBP,RG,8600,1,D,SQ,KI,D
10:02:42,ICBP,RG,8625,2,D,KK,KK,D
10:01:45,ICBP,RG,8625,2,F,AK,KK,D
10:00:50,ICBP,RG,8625,1,D,PD,KK,D
10:00:35,ICBP,RG,8625,2,D,KZ,KK,D
10:00:27,ICBP,RG,8625,11,F,ZP,KK,D
10:00:26,ICBP,RG,8625,40,D,PD,KK,D
10:00:26,ICBP,RG,8625,7,D,PD,NI,D
10:00:26,ICBP,RG,8625,3,D,PD,KZ,F
9:59:59,ICBP,RG,8600,1,D,SQ,CC,D
9:59:59,ICBP,RG,8600,2,D,KK,CC,D
9:59:47,ICBP,RG,8600,3,D,KK,CC,D
9:59:47,ICBP,RG,8600,10,D,XA,CC,D
9:59:47,ICBP,RG,8600,3,D,YP,CC,D
9:59:47,ICBP,RG,8600,1,D,YP,CC,D
9:59:47,ICBP,RG,8600,1,D,CP,CC,D
9:59:47,ICBP,RG,8600,1,D,CC,CC,D
9:59:02,ICBP,RG,8600,1,D,CC,NI,D
9:59:00,ICBP,RG,8625,1,D,YP,KZ,F
9:59:00,ICBP,RG,8625,9,D,YP,KZ,F
9:58:26,ICBP,RG,8625,5,F,BK,KZ,F
9:58:20,ICBP,RG,8600,1,D,CC,OD,D
9:58:14,ICBP,RG,8625,1,F,ZP,KZ,F
9:58:14,ICBP,RG,8625,3,F,ZP,XC,D
9:58:14,ICBP,RG,8625,7,F,ZP,CC,D
9:58:13,ICBP,RG,8625,2,D,XC,CC,D
9:57:03,ICBP,RG,8625,1,D,XC,CC,D
9:56:30,ICBP,RG,8625,5,F,BK,CC,D
9:55:09,ICBP,RG,8600,1,D,CC,PD,D
9:55:05,ICBP,RG,8600,20,D,CC,AK,F
9:55:04,ICBP,RG,8625,1,D,XC,KZ,F
9:54:59,ICBP,RG,8625,1,D,PD,KZ,F
9:54:55,ICBP,RG,8625,1,D,YP,KZ,F
9:53:08,ICBP,RG,8625,1,D,XC,CC,D
9:52:26,ICBP,RG,8600,17,D,CC,AK,F
9:52:25,ICBP,RG,8625,9,F,ZP,CC,D
9:52:19,ICBP,RG,8625,2,F,ZP,CC,D
9:52:16,ICBP,RG,8625,11,F,ZP,AK,F
9:52:16,ICBP,RG,8625,1,F,SQ,AK,F
9:51:58,ICBP,RG,8625,1,F,BK,XC,D
9:51:49,ICBP,RG,8625,1,D,AK,KZ,F
9:51:49,ICBP,RG,8625,2,D,AK,KZ,F
9:51:46,ICBP,RG,8625,11,F,ZP,KZ,F
9:51:46,ICBP,RG,8625,1,F,AK,KZ,F
9:51:46,ICBP,RG,8625,3,D,PD,KZ,F
9:51:46,ICBP,RG,8625,1,D,AK,KZ,F
9:51:46,ICBP,RG,8625,1,F,AK,KZ,F
9:51:46,ICBP,RG,8625,7,F,BK,KZ,F
9:51:46,ICBP,RG,8625,10,D,PD,KZ,F
9:51:46,ICBP,RG,8625,2,D,KZ,KZ,F
9:51:46,ICBP,RG,8625,1,D,KK,KZ,F
9:51:46,ICBP,RG,8625,2,D,NI,KZ,F
9:51:46,ICBP,RG,8625,5,D,SQ,KZ,F
9:51:46,ICBP,RG,8625,5,D,PD,KZ,F
9:51:45,ICBP,RG,8625,1,D,SQ,KZ,F
9:51:45,ICBP,RG,8625,1,D,KK,KZ,F
9:51:45,ICBP,RG,8625,1,D,AI,KZ,F
9:51:45,ICBP,RG,8625,45,D,AI,XC,D
9:51:22,ICBP,RG,8625,4,D,AI,LG,D
9:51:22,ICBP,RG,8625,1,D,KK,LG,D
9:51:22,ICBP,RG,8625,2,D,XC,LG,D
9:51:22,ICBP,RG,8625,3,D,CC,LG,D
9:50:40,ICBP,RG,8625,1,D,CC,KZ,F
9:50:40,ICBP,RG,8625,5,D,NI,KZ,F
9:50:40,ICBP,RG,8625,1,D,YP,KZ,F
9:50:40,ICBP,RG,8625,3,D,KK,KZ,F
9:50:37,ICBP,RG,8625,2,D,KK,KZ,F
9:50:37,ICBP,RG,8625,2,D,DH,KZ,F
9:50:37,ICBP,RG,8625,5,D,YP,KZ,F
9:50:37,ICBP,RG,8625,2,D,KK,KZ,F
9:50:37,ICBP,RG,8625,1,D,AK,KZ,F
9:50:37,ICBP,RG,8625,1,D,AK,KZ,F
9:50:37,ICBP,RG,8625,1,F,AK,KZ,F
9:50:37,ICBP,RG,8625,5,F,BK,KZ,F
9:50:37,ICBP,RG,8625,1,F,ZP,KZ,F
9:50:34,ICBP,RG,8625,8,F,ZP,KZ,F
9:50:33,ICBP,RG,8625,1,F,ZP,KZ,F
9:50:33,ICBP,RG,8625,9,F,ZP,KZ,F
9:50:33,ICBP,RG,8625,2,F,ZP,KZ,F
9:50:33,ICBP,RG,8625,8,F,ZP,KZ,F
9:50:32,ICBP,RG,8625,1,F,ZP,HP,D
9:49:36,ICBP,RG,8650,1,D,RG,KZ,F
9:49:35,ICBP,RG,8650,1,D,XC,KZ,F
9:49:29,ICBP,RG,8650,2,D,PD,KZ,F
9:49:21,ICBP,RG,8650,5,F,BK,KZ,F
9:47:49,ICBP,RG,8650,1,D,XL,KZ,F
9:46:31,ICBP,RG,8650,1,D,CC,KZ,F
9:46:15,ICBP,RG,8650,2,D,KZ,KZ,F
9:46:00,ICBP,RG,8650,1,D,PD,KZ,F
9:45:06,ICBP,RG,8625,2,F,ZP,YP,D
9:45:06,ICBP,RG,8625,1,F,ZP,YP,D
9:43:57,ICBP,RG,8650,5,F,BK,KZ,F
9:43:42,ICBP,RG,8650,10,D,YP,KZ,F
9:43:37,ICBP,RG,8650,5,D,YP,KZ,F
9:43:22,ICBP,RG,8650,1,D,XC,KZ,F
9:42:23,ICBP,RG,8650,12,D,YB,KZ,F
9:42:22,ICBP,RG,8650,1,D,PD,KZ,F
9:41:18,ICBP,RG,8625,8,F,ZP,PD,D
9:39:21,ICBP,RG,8650,11,F,ZP,KZ,F
9:39:21,ICBP,RG,8650,11,F,ZP,KZ,F
9:39:20,ICBP,RG,8650,10,F,ZP,KZ,F
9:39:20,ICBP,RG,8650,11,F,ZP,KZ,F
9:39:19,ICBP,RG,8650,11,F,ZP,KZ,F
9:39:19,ICBP,RG,8650,1,D,XC,KZ,F
9:39:16,ICBP,RG,8650,11,F,ZP,KZ,F
9:39:11,ICBP,RG,8650,11,F,ZP,KZ,F
9:39:08,ICBP,RG,8650,10,F,ZP,KZ,F
9:38:55,ICBP,RG,8625,2,F,ZP,NI,D
9:38:55,ICBP,RG,8625,1,F,GW,NI,D
9:38:24,ICBP,RG,8625,1,F,GW,NI,D
9:38:24,ICBP,RG,8625,1,F,GW,XC,D
9:38:24,ICBP,RG,8625,109,F,GW,KZ,F
9:38:24,ICBP,RG,8625,210,F,GW,KZ,F
9:38:24,ICBP,RG,8625,5,F,GW,AK,F
9:38:24,ICBP,RG,8625,5,F,GW,AK,F
9:38:24,ICBP,RG,8625,5,F,GW,AK,F
9:38:24,ICBP,RG,8625,8,F,GW,AK,F
9:38:24,ICBP,RG,8625,9,F,GW,AK,F
9:38:24,ICBP,RG,8625,9,F,GW,AK,F
9:38:24,ICBP,RG,8625,2,F,GW,KZ,F
9:38:24,ICBP,RG,8625,1,F,GW,KZ,F
9:38:24,ICBP,RG,8625,28,F,GW,KZ,F
9:38:24,ICBP,RG,8625,1,F,GW,KZ,F
9:38:24,ICBP,RG,8625,355,F,GW,KZ,F
9:38:14,ICBP,RG,8625,1,D,YP,KZ,F
9:38:08,ICBP,RG,8625,1,D,KK,KZ,F
9:37:39,ICBP,RG,8625,1,D,XL,KZ,F
9:37:29,ICBP,RG,8625,5,D,CC,KZ,F
9:37:00,ICBP,RG,8625,1,D,CC,KZ,F
9:36:59,ICBP,RG,8625,1,D,YP,KZ,F
9:36:53,ICBP,RG,8625,11,F,ZP,KZ,F
9:36:53,ICBP,RG,8625,11,F,ZP,KZ,F
9:36:52,ICBP,RG,8625,80,F,GW,KZ,F
9:36:52,ICBP,RG,8625,6,F,GW,AK,F
9:36:52,ICBP,RG,8625,1,F,GW,KZ,F
9:36:52,ICBP,RG,8625,3,F,GW,KZ,F
9:36:52,ICBP,RG,8625,7,F,GW,KZ,F
9:36:52,ICBP,RG,8625,3,F,GW,RX,D
9:36:42,ICBP,RG,8600,1,D,CC,CC,D
9:36:37,ICBP,RG,8625,11,F,ZP,RX,D
9:36:36,ICBP,RG,8600,158,D,CC,LS,D
9:36:36,ICBP,RG,8600,42,D,OD,LS,D
9:36:19,ICBP,RG,8625,10,F,ZP,RX,D
9:36:19,ICBP,RG,8625,11,F,ZP,RX,D
9:36:19,ICBP,RG,8625,11,F,ZP,RX,D
9:36:16,ICBP,RG,8600,8,D,OD,CC,D
9:36:16,ICBP,RG,8600,47,D,PD,CC,D
9:36:16,ICBP,RG,8625,11,F,ZP,RX,D
9:36:16,ICBP,RG,8600,3,D,PD,KZ,F
9:36:15,ICBP,RG,8625,1,F,AK,RX,D
9:36:15,ICBP,RG,8625,2,D,KZ,RX,D
9:36:15,ICBP,RG,8625,2,D,TP,RX,D
9:36:15,ICBP,RG,8625,12,D,CC,RX,D
9:36:15,ICBP,RG,8625,1,F,AK,RX,D
9:36:15,ICBP,RG,8625,11,F,ZP,RX,D
9:36:15,ICBP,RG,8625,3,F,BK,RX,D
9:36:15,ICBP,RG,8625,4,D,PD,RX,D
9:36:15,ICBP,RG,8625,2,D,PD,RX,D
9:36:15,ICBP,RG,8625,15,D,YP,RX,D
9:36:15,ICBP,RG,8625,2,D,CC,RX,D
9:36:15,ICBP,RG,8625,1,D,PD,RX,D
9:36:15,ICBP,RG,8625,2,D,SQ,RX,D
9:36:15,ICBP,RG,8625,1,F,AK,RX,D
9:36:15,ICBP,RG,8625,1,D,KK,RX,D
9:36:15,ICBP,RG,8625,2,D,XA,RX,D
9:36:15,ICBP,RG,8625,25,D,KK,RX,D
9:36:15,ICBP,RG,8625,1,D,AK,RX,D
9:36:15,ICBP,RG,8625,1,F,AK,RX,D
9:36:15,ICBP,RG,8625,7,F,BK,RX,D
9:36:15,ICBP,RG,8625,1,D,AK,RX,D
9:36:15,ICBP,RG,8625,11,F,ZP,RX,D
9:36:15,ICBP,RG,8625,8,D,EP,RX,D
9:36:15,ICBP,RG,8625,1,D,XC,RX,D
9:36:15,ICBP,RG,8625,1,D,YU,RX,D
9:36:15,ICBP,RG,8625,30,F,GW,RX,D
9:36:15,ICBP,RG,8625,10,D,NI,RX,D
9:36:15,ICBP,RG,8625,1,D,CC,RX,D
9:36:15,ICBP,RG,8625,11,F,ZP,RX,D
9:36:15,ICBP,RG,8625,11,F,ZP,RX,D
9:36:15,ICBP,RG,8625,100,D,ES,RX,D
9:36:15,ICBP,RG,8625,5,F,BK,RX,D
9:36:15,ICBP,RG,8625,5,D,PD,RX,D
9:36:15,ICBP,RG,8625,20,D,CC,RX,D
9:36:15,ICBP,RG,8625,20,D,CC,RX,D
9:36:15,ICBP,RG,8625,10,D,YP,RX,D
9:36:15,ICBP,RG,8625,1,D,AK,RX,D
9:36:15,ICBP,RG,8625,1,D,PD,RX,D
9:36:15,ICBP,RG,8625,1,D,PD,RX,D
9:36:15,ICBP,RG,8625,5,D,SQ,RX,D
9:36:15,ICBP,RG,8625,11,F,ZP,RX,D
9:36:15,ICBP,RG,8625,1,D,PD,RX,D
9:36:15,ICBP,RG,8625,1,D,XC,RX,D
9:36:15,ICBP,RG,8625,33,D,PD,RX,D
9:36:15,ICBP,RG,8625,1,D,YP,RX,D
9:36:15,ICBP,RG,8625,10,D,OD,RX,D
9:36:15,ICBP,RG,8625,1,D,DH,RX,D
9:36:15,ICBP,RG,8625,10,D,IP,RX,D
9:36:15,ICBP,RG,8625,2,D,CC,RX,D
9:36:15,ICBP,RG,8625,24,F,GW,RX,D
9:36:05,ICBP,RG,8625,2,F,GW,XC,D
9:35:41,ICBP,RG,8650,1,D,PD,KZ,F
9:35:40,ICBP,RG,8625,3,F,GW,KZ,F
9:35:05,ICBP,RG,8650,5,F,BK,KZ,F
9:34:12,ICBP,RG,8650,2,D,PD,KZ,F
9:33:44,ICBP,RG,8650,2,D,YU,KZ,F
9:31:55,ICBP,RG,8650,2,D,KZ,KZ,F
9:31:08,ICBP,RG,8625,1,F,GW,YP,D
9:31:08,ICBP,RG,8625,1,D,AK,YP,D
9:31:08,ICBP,RG,8625,1,D,XC,YP,D
9:31:00,ICBP,RG,8650,1,D,XC,KZ,F
9:30:15,ICBP,RG,8650,3,F,AK,KZ,F
9:30:12,ICBP,RG,8625,15,D,YP,NI,D
9:30:12,ICBP,RG,8625,2,D,NI,NI,D
9:30:12,ICBP,RG,8625,10,F,ZP,NI,D
9:30:12,ICBP,RG,8625,1,D,XC,NI,D
9:30:12,ICBP,RG,8625,1,D,PD,NI,D
9:30:12,ICBP,RG,8625,3,D,PD,NI,D
9:30:12,ICBP,RG,8625,3,F,GW,NI,D
9:30:04,ICBP,RG,8650,2,D,PD,KZ,F
9:29:57,ICBP,RG,8625,1,F,GW,PD,D
9:29:48,ICBP,RG,8625,1,F,GW,PD,D
9:29:37,ICBP,RG,8625,6,F,GW,KK,D
9:27:43,ICBP,RG,8625,9,F,GW,XC,D
9:27:43,ICBP,RG,8625,1,D,LG,XC,D
9:27:43,ICBP,RG,8625,2,D,YB,XC,D
9:27:43,ICBP,RG,8625,1,D,PD,XC,D
9:27:43,ICBP,RG,8625,4,F,BK,XC,D
9:27:43,ICBP,RG,8625,1,D,PD,XC,D
9:27:43,ICBP,RG,8625,5,F,BK,XC,D
9:27:43,ICBP,RG,8625,2,F,ZP,XC,D
9:26:13,ICBP,RG,8650,10,D,YP,KZ,F
9:25:43,ICBP,RG,8650,5,F,BK,KZ,F
9:25:19,ICBP,RG,8650,1,D,OD,KZ,F
9:24:45,ICBP,RG,8650,2,D,KZ,KZ,F
9:24:07,ICBP,RG,8625,4,F,ZP,YP,D
9:24:07,ICBP,RG,8625,9,F,ZP,YP,D
9:24:03,ICBP,RG,8650,5,D,CC,KZ,F
9:23:51,ICBP,RG,8650,11,F,ZP,KZ,F
9:23:51,ICBP,RG,8625,2,F,ZP,KK,D
9:23:51,ICBP,RG,8625,10,F,ZP,KK,D
9:23:51,ICBP,RG,8625,10,F,ZP,KK,D
9:23:51,ICBP,RG,8625,10,F,ZP,KK,D
9:23:51,ICBP,RG,8625,11,F,ZP,KK,D
9:23:51,ICBP,RG,8625,11,F,ZP,KK,D
9:23:51,ICBP,RG,8625,11,F,ZP,KK,D
9:23:51,ICBP,RG,8625,1,D,AK,KK,D
9:23:51,ICBP,RG,8625,9,F,ZP,KK,D
9:23:28,ICBP,RG,8625,1,F,ZP,XC,D
9:21:29,ICBP,RG,8625,1,F,ZP,PD,D
9:21:29,ICBP,RG,8625,11,F,ZP,PD,D
9:21:29,ICBP,RG,8625,8,F,ZP,PD,D
9:21:12,ICBP,RG,8625,3,F,ZP,KK,D
9:21:12,ICBP,RG,8625,11,F,ZP,KK,D
9:21:12,ICBP,RG,8625,2,D,OD,KK,D
9:21:12,ICBP,RG,8625,9,F,ZP,KK,D
9:21:12,ICBP,RG,8625,2,F,ZP,PD,D
9:21:12,ICBP,RG,8625,3,F,ZP,PD,D
9:20:55,ICBP,RG,8625,4,F,ZP,NI,D
9:20:21,ICBP,RG,8625,3,F,ZP,YP,D
9:19:51,ICBP,RG,8650,1,D,LG,KZ,F
9:19:36,ICBP,RG,8650,1,D,YB,KZ,F
9:18:44,ICBP,RG,8650,10,F,ZP,KZ,F
9:18:43,ICBP,RG,8650,11,F,ZP,KZ,F
9:18:42,ICBP,RG,8625,15,D,YP,KZ,F
9:18:42,ICBP,RG,8625,19,D,YP,KZ,F
9:18:38,ICBP,RG,8625,4,F,ZP,KZ,F
9:18:38,ICBP,RG,8625,7,F,ZP,AK,F
9:18:37,ICBP,RG,8625,1,D,XC,AK,F
9:18:37,ICBP,RG,8625,5,F,ZP,AK,F
9:18:37,ICBP,RG,8625,5,F,ZP,YP,D
9:18:37,ICBP,RG,8625,11,F,ZP,YP,D
9:18:36,ICBP,RG,8625,11,F,ZP,YP,D
9:18:36,ICBP,RG,8625,11,F,ZP,YP,D
9:18:34,ICBP,RG,8625,10,F,ZP,YP,D
9:18:34,ICBP,RG,8625,2,F,ZP,YP,D
9:18:34,ICBP,RG,8625,9,F,ZP,KZ,F
9:18:33,ICBP,RG,8625,15,D,YU,KZ,F
9:18:33,ICBP,RG,8625,10,D,YU,KZ,F
9:18:33,ICBP,RG,8625,10,D,YU,AK,F
9:18:33,ICBP,RG,8625,7,D,YU,AK,F
9:18:33,ICBP,RG,8625,7,D,YU,AK,F
9:18:33,ICBP,RG,8625,9,D,YU,AK,F
9:18:33,ICBP,RG,8625,9,D,YU,AK,F
9:18:33,ICBP,RG,8625,226,D,YU,KZ,F
9:18:33,ICBP,RG,8625,6,D,YU,KZ,F
9:18:33,ICBP,RG,8625,1,D,YU,KZ,F
9:18:10,ICBP,RG,8625,3,D,XC,KZ,F
9:18:00,ICBP,RG,8625,11,F,ZP,KZ,F
9:17:59,ICBP,RG,8625,1,D,XC,KZ,F
9:17:58,ICBP,RG,8625,18,D,XC,KZ,F
9:17:32,ICBP,RG,8625,2,D,NI,KZ,F
9:17:28,ICBP,RG,8625,4,D,GR,KZ,F
9:17:28,ICBP,RG,8625,6,D,GR,AK,F
9:17:28,ICBP,RG,8625,5,D,GR,KZ,F
9:17:28,ICBP,RG,8625,8,D,GR,AK,F
9:17:28,ICBP,RG,8625,4,D,GR,KZ,F
9:17:28,ICBP,RG,8625,23,D,GR,KZ,F
9:17:17,ICBP,RG,8625,11,F,ZP,KZ,F
9:17:17,ICBP,RG,8625,20,D,CC,KZ,F
9:17:01,ICBP,RG,8625,11,F,ZP,KZ,F
9:17:01,ICBP,RG,8600,5,F,ZP,YU,D
9:17:01,ICBP,RG,8600,11,F,ZP,YU,D
9:17:01,ICBP,RG,8600,11,F,ZP,YU,D
9:17:01,ICBP,RG,8600,11,F,ZP,YU,D
9:17:01,ICBP,RG,8600,11,F,ZP,YU,D
9:17:01,ICBP,RG,8600,1,D,SQ,YU,D
9:17:01,ICBP,RG,8600,1,D,XC,YU,D
9:17:01,ICBP,RG,8600,1,D,KK,YU,D
9:17:01,ICBP,RG,8600,1,D,KK,YU,D
9:17:01,ICBP,RG,8600,4,D,YP,YU,D
9:17:01,ICBP,RG,8600,1,D,CC,YU,D
9:17:01,ICBP,RG,8600,1,D,XC,YU,D
9:17:01,ICBP,RG,8600,4,D,CC,YU,D
9:17:01,ICBP,RG,8600,50,D,SQ,YU,D
9:17:01,ICBP,RG,8600,1,D,YP,YU,D
9:17:01,ICBP,RG,8600,10,D,TF,YU,D
9:17:01,ICBP,RG,8600,3,D,NI,YU,D
9:17:01,ICBP,RG,8600,10,D,CC,YU,D
9:17:01,ICBP,RG,8600,1,D,EP,YU,D
9:17:01,ICBP,RG,8600,5,D,OD,YU,D
9:17:01,ICBP,RG,8600,4,D,XC,YU,D
9:17:01,ICBP,RG,8600,1,D,XC,YU,D
9:17:01,ICBP,RG,8600,1,D,KK,YU,D
9:17:01,ICBP,RG,8600,1,D,CC,YU,D
9:17:01,ICBP,RG,8600,1,D,PD,YU,D
9:17:01,ICBP,RG,8600,1,D,PD,YU,D
9:17:01,ICBP,RG,8600,1,D,YP,YU,D
9:17:01,ICBP,RG,8600,1,D,KK,YU,D
9:17:01,ICBP,RG,8600,1,D,NI,YU,D
9:17:01,ICBP,RG,8600,3,D,PD,YU,D
9:17:01,ICBP,RG,8600,1,D,YP,YU,D
9:17:01,ICBP,RG,8600,3,D,NI,YU,D
9:17:01,ICBP,RG,8600,1,D,PD,YU,D
9:17:01,ICBP,RG,8600,3,D,YP,YU,D
9:17:01,ICBP,RG,8600,3,D,YP,YU,D
9:17:01,ICBP,RG,8600,2,D,XL,YU,D
9:17:01,ICBP,RG,8600,1,D,XC,YU,D
9:17:01,ICBP,RG,8600,1,D,YP,YU,D
9:17:01,ICBP,RG,8600,12,D,YP,YU,D
9:17:01,ICBP,RG,8600,1,D,XC,YU,D
9:17:01,ICBP,RG,8600,1,D,NI,YU,D
9:17:01,ICBP,RG,8600,3,D,DH,YU,D
9:17:01,ICBP,RG,8600,1,D,YP,YU,D
9:17:01,ICBP,RG,8600,1,D,PD,YU,D
9:17:01,ICBP,RG,8600,1,D,YP,YU,D
9:17:01,ICBP,RG,8600,3,D,OD,YU,D
9:17:01,ICBP,RG,8600,5,D,EP,YU,D
9:17:01,ICBP,RG,8600,1,D,GR,YU,D
9:17:01,ICBP,RG,8600,12,D,NI,YU,D
9:17:01,ICBP,RG,8600,1,D,NI,YU,D
9:17:01,ICBP,RG,8600,4,D,CC,YU,D
9:17:01,ICBP,RG,8600,2,D,YP,YU,D
9:17:01,ICBP,RG,8600,10,D,PD,YU,D
9:17:01,ICBP,RG,8600,1,D,XC,YU,D
9:17:01,ICBP,RG,8600,1,D,PD,YU,D
9:17:01,ICBP,RG,8600,3,D,XC,YU,D
9:17:01,ICBP,RG,8600,1,D,YP,YU,D
9:17:01,ICBP,RG,8600,1,D,YP,YU,D
9:17:01,ICBP,RG,8600,20,D,YP,YU,D
9:17:01,ICBP,RG,8600,25,D,IF,YU,D
9:17:01,ICBP,RG,8600,1,D,YP,YU,D
9:17:01,ICBP,RG,8600,2,D,DH,YU,D
9:17:01,ICBP,RG,8600,2,D,YP,YU,D
9:17:01,ICBP,RG,8600,1,D,YP,YU,D
9:17:01,ICBP,RG,8600,1,D,KK,YU,D
9:17:01,ICBP,RG,8600,5,D,GR,YU,D
9:17:01,ICBP,RG,8600,2,D,CC,YU,D
9:17:01,ICBP,RG,8600,1,D,PD,YU,D
9:17:01,ICBP,RG,8600,5,D,GR,YU,D
9:17:01,ICBP,RG,8600,1,D,PD,YU,D
9:17:01,ICBP,RG,8600,1,D,PD,YU,D
9:17:01,ICBP,RG,8600,2,D,PD,YU,D
9:17:01,ICBP,RG,8600,5,D,PD,YU,D
9:17:01,ICBP,RG,8600,1,D,LG,YU,D
9:17:01,ICBP,RG,8600,1,D,PD,YU,D
9:17:01,ICBP,RG,8600,1,D,PD,YU,D
9:17:01,ICBP,RG,8600,3,D,PD,YU,D
9:17:01,ICBP,RG,8600,1,D,KK,YU,D
9:17:01,ICBP,RG,8600,1,D,PD,YU,D
9:17:00,ICBP,RG,8600,4,D,PD,CC,D
9:17:00,ICBP,RG,8600,1,D,PD,CC,D
9:17:00,ICBP,RG,8600,4,D,PD,YB,D
9:17:00,ICBP,RG,8600,5,D,ZP,YB,D
9:17:00,ICBP,RG,8600,1,D,KK,YB,D
9:17:00,ICBP,RG,8600,2,D,ZP,YB,D
9:17:00,ICBP,RG,8600,10,D,DR,YB,D
9:17:00,ICBP,RG,8600,1,D,AT,YB,D
9:17:00,ICBP,RG,8625,1,D,PD,KZ,F
9:17:00,ICBP,RG,8600,1,D,AT,SQ,D
9:17:00,ICBP,RG,8600,2,D,DR,SQ,D
9:17:00,ICBP,RG,8600,2,D,PD,SQ,D
9:17:00,ICBP,RG,8600,1,D,PD,SQ,D
9:16:45,ICBP,RG,8625,1,D,XC,KZ,F
9:16:32,ICBP,RG,8625,1,D,PD,KZ,F
9:16:28,ICBP,RG,8625,6,F,ZP,KZ,F
9:16:28,ICBP,RG,8625,5,F,ZP,KZ,F
9:16:28,ICBP,RG,8625,8,F,ZP,KZ,F
9:16:28,ICBP,RG,8625,3,F,ZP,KZ,F
9:16:28,ICBP,RG,8625,8,F,ZP,KZ,F
9:16:28,ICBP,RG,8625,1,F,ZP,KZ,F
9:16:27,ICBP,RG,8625,1,F,ZP,KZ,F
9:16:27,ICBP,RG,8625,1,F,ZP,KZ,F
9:16:26,ICBP,RG,8625,1,F,AK,KZ,F
9:16:26,ICBP,RG,8625,15,D,YP,KZ,F
9:16:26,ICBP,RG,8625,11,F,ZP,KZ,F
9:16:26,ICBP,RG,8625,10,D,YP,KZ,F
9:16:26,ICBP,RG,8625,1,D,KK,KZ,F
9:16:26,ICBP,RG,8625,10,F,ZP,KZ,F
9:16:26,ICBP,RG,8625,1,D,XL,KZ,F
9:16:26,ICBP,RG,8625,1,D,PD,KZ,F
9:16:26,ICBP,RG,8625,1,D,XC,KZ,F
9:16:26,ICBP,RG,8625,5,F,BK,KZ,F
9:16:26,ICBP,RG,8625,7,F,BK,KZ,F
9:16:26,ICBP,RG,8625,11,F,ZP,KZ,F
9:16:26,ICBP,RG,8625,2,D,CC,KZ,F
9:16:26,ICBP,RG,8625,50,D,CC,KZ,F
9:16:26,ICBP,RG,8625,3,D,YP,KZ,F
9:16:26,ICBP,RG,8625,1,D,XC,KZ,F
9:16:26,ICBP,RG,8625,10,D,PD,KZ,F
9:16:26,ICBP,RG,8625,1,D,PD,KZ,F
9:16:26,ICBP,RG,8625,1,D,AK,KZ,F
9:16:26,ICBP,RG,8625,2,D,CC,KZ,F
9:16:26,ICBP,RG,8625,1,D,KZ,KZ,F
9:16:26,ICBP,RG,8625,1,D,XC,KZ,F
9:16:26,ICBP,RG,8625,1,D,XC,KZ,F
9:16:26,ICBP,RG,8625,1,D,AK,KZ,F
9:16:26,ICBP,RG,8625,11,F,ZP,KZ,F
9:16:26,ICBP,RG,8625,11,F,ZP,KZ,F
9:16:26,ICBP,RG,8625,1,D,GR,KZ,F
9:16:26,ICBP,RG,8625,1,D,CC,KZ,F
9:16:26,ICBP,RG,8625,4,D,XC,KZ,F
9:16:26,ICBP,RG,8625,1,D,XC,KZ,F
9:16:26,ICBP,RG,8625,2,D,SQ,KZ,F
9:16:26,ICBP,RG,8625,2,D,NI,KZ,F
9:16:26,ICBP,RG,8625,2,D,CC,KZ,F
9:16:26,ICBP,RG,8625,10,D,CC,KZ,F
9:16:26,ICBP,RG,8625,6,D,YU,KZ,F
9:16:26,ICBP,RG,8625,4,D,YU,KZ,F
9:16:26,ICBP,RG,8625,6,D,XL,KZ,F
9:16:26,ICBP,RG,8625,3,D,CC,KZ,F
9:16:26,ICBP,RG,8625,1,D,XC,KZ,F
9:16:26,ICBP,RG,8625,2,D,CC,KZ,F
9:16:26,ICBP,RG,8625,10,D,CP,KZ,F
9:16:26,ICBP,RG,8625,2,D,KK,KZ,F
9:16:26,ICBP,RG,8625,3,D,XC,KZ,F
9:16:25,ICBP,RG,8650,2,D,PD,KZ,F
9:16:16,ICBP,RG,8650,3,D,PD,KZ,F
9:16:07,ICBP,RG,8650,20,D,GR,KZ,F
9:15:41,ICBP,RG,8650,6,D,EP,KZ,F
9:15:29,ICBP,RG,8625,7,D,XC,YU,D
9:15:29,ICBP,RG,8625,11,F,ZP,YU,D
9:15:29,ICBP,RG,8625,31,F,BK,YU,D
9:15:29,ICBP,RG,8625,11,F,ZP,YU,D
9:15:29,ICBP,RG,8625,5,F,ZP,YU,D
9:15:28,ICBP,RG,8650,2,D,EP,KZ,F
9:13:47,ICBP,RG,8650,1,D,XC,KZ,F
9:13:33,ICBP,RG,8650,1,D,XC,KZ,F
9:13:28,ICBP,RG,8650,1,D,PD,KZ,F
9:13:23,ICBP,RG,8650,10,D,SQ,KZ,F
9:13:08,ICBP,RG,8650,1,D,DR,KZ,F
9:13:01,ICBP,RG,8650,1,D,YP,KZ,F
9:12:37,ICBP,RG,8650,1,D,DH,KZ,F
9:12:28,ICBP,RG,8650,11,F,ZP,KZ,F
9:12:27,ICBP,RG,8650,60,D,YP,KZ,F
9:11:43,ICBP,RG,8650,5,D,PD,KZ,F
9:11:30,ICBP,RG,8650,2,D,AK,KZ,F
9:11:28,ICBP,RG,8650,11,D,PD,KZ,F
9:10:21,ICBP,RG,8650,1,D,YP,KZ,F
9:10:16,ICBP,RG,8650,1,D,YP,KZ,F
9:09:48,ICBP,RG,8625,1,F,ZP,SQ,D
9:09:42,ICBP,RG,8625,5,F,ZP,YP,D
9:09:33,ICBP,RG,8625,5,F,ZP,NI,D
9:09:21,ICBP,RG,8625,6,F,ZP,YP,D
9:09:09,ICBP,RG,8650,1,D,CC,KZ,F
9:09:01,ICBP,RG,8650,11,F,ZP,KZ,F
9:09:00,ICBP,RG,8650,11,F,ZP,KZ,F
9:09:00,ICBP,RG,8650,11,F,ZP,KZ,F
9:08:57,ICBP,RG,8625,11,F,ZP,KZ,F
9:08:56,ICBP,RG,8625,3,D,YP,KZ,F
9:08:56,ICBP,RG,8625,1,D,YP,KZ,F
9:08:56,ICBP,RG,8625,1,D,YP,RX,D
9:08:55,ICBP,RG,8625,11,F,ZP,RX,D
9:08:55,ICBP,RG,8625,11,F,ZP,RX,D
9:08:55,ICBP,RG,8625,1,D,KK,RX,D
9:08:55,ICBP,RG,8625,1,D,YP,RX,D
9:08:55,ICBP,RG,8625,8,D,XC,RX,D
9:08:55,ICBP,RG,8625,1,D,DR,RX,D
9:08:55,ICBP,RG,8625,3,D,CC,RX,D
9:08:55,ICBP,RG,8625,1,D,AZ,RX,D
9:08:55,ICBP,RG,8625,11,F,ZP,RX,D
9:08:55,ICBP,RG,8625,2,D,NI,RX,D
9:08:55,ICBP,RG,8625,5,D,CC,RX,D
9:08:55,ICBP,RG,8625,3,D,YP,RX,D
9:08:55,ICBP,RG,8625,5,D,YP,RX,D
9:08:55,ICBP,RG,8625,5,D,NI,RX,D
9:08:55,ICBP,RG,8625,1,D,PD,RX,D
9:08:55,ICBP,RG,8625,1,D,XC,RX,D
9:08:55,ICBP,RG,8625,1,D,XC,RX,D
9:08:55,ICBP,RG,8625,10,D,YP,RX,D
9:08:55,ICBP,RG,8625,100,D,CP,RX,D
9:08:55,ICBP,RG,8625,1,D,XC,RX,D
9:08:55,ICBP,RG,8625,1,D,NI,RX,D
9:08:55,ICBP,RG,8625,1,D,YP,RX,D
9:08:55,ICBP,RG,8625,2,D,YP,RX,D
9:08:55,ICBP,RG,8625,1,D,XC,RX,D
9:08:55,ICBP,RG,8625,3,D,SQ,RX,D
9:08:55,ICBP,RG,8625,1,F,AK,RX,D
9:08:55,ICBP,RG,8625,2,D,YP,RX,D
9:08:55,ICBP,RG,8625,1,D,PD,RX,D
9:08:55,ICBP,RG,8625,1,D,XC,RX,D
9:08:55,ICBP,RG,8625,10,D,KK,RX,D
9:08:55,ICBP,RG,8625,1,D,NI,RX,D
9:08:55,ICBP,RG,8625,1,D,PD,RX,D
9:08:55,ICBP,RG,8625,72,D,CC,RX,D
9:08:55,ICBP,RG,8625,1,D,PD,RX,D
9:08:55,ICBP,RG,8625,10,D,YP,RX,D
9:08:55,ICBP,RG,8625,10,D,SQ,RX,D
9:08:55,ICBP,RG,8625,1,D,YP,RX,D
9:08:55,ICBP,RG,8625,1,D,YP,RX,D
9:08:55,ICBP,RG,8625,5,D,GR,RX,D
9:08:55,ICBP,RG,8625,1,D,YP,RX,D
9:08:55,ICBP,RG,8625,1,D,YP,RX,D
9:08:55,ICBP,RG,8625,15,D,GR,RX,D
9:08:55,ICBP,RG,8625,10,D,GR,RX,D
9:08:55,ICBP,RG,8625,1,D,PD,RX,D
9:08:55,ICBP,RG,8625,1,D,PD,RX,D
9:08:55,ICBP,RG,8625,1,D,KK,RX,D
9:08:55,ICBP,RG,8625,1,D,PD,RX,D
9:08:55,ICBP,RG,8625,5,D,PD,RX,D
9:08:55,ICBP,RG,8625,5,D,PD,RX,D
9:08:55,ICBP,RG,8625,1,D,DR,RX,D
9:08:49,ICBP,RG,8625,1,D,DR,YP,D
9:08:42,ICBP,RG,8625,1,D,DR,AT,D
9:08:31,ICBP,RG,8625,1,D,DR,PD,D
9:08:08,ICBP,RG,8650,16,D,XC,KZ,F
9:07:58,ICBP,RG,8650,1,D,AK,KZ,F
9:07:36,ICBP,RG,8650,1,D,PD,KZ,F
9:07:36,ICBP,RG,8650,5,F,BK,KZ,F
9:07:36,ICBP,RG,8650,11,F,ZP,KZ,F
9:07:36,ICBP,RG,8650,11,F,ZP,KZ,F
9:07:36,ICBP,RG,8650,10,F,GW,KZ,F
9:07:00,ICBP,RG,8675,3,D,KK,RX,D
9:06:31,ICBP,RG,8675,1,D,XC,RX,D
9:06:31,ICBP,RG,8625,5,D,DR,AT,D
9:06:06,ICBP,RG,8625,1,D,DR,PD,D
9:06:06,ICBP,RG,8625,1,D,AZ,PD,D
9:05:47,ICBP,RG,8675,11,F,ZP,RX,D
9:05:47,ICBP,RG,8675,11,F,ZP,RX,D
9:05:46,ICBP,RG,8675,11,F,ZP,RX,D
9:05:46,ICBP,RG,8675,11,F,ZP,RX,D
9:05:46,ICBP,RG,8675,11,F,ZP,RX,D
9:05:44,ICBP,RG,8675,11,F,ZP,RX,D
9:05:44,ICBP,RG,8675,6,F,ZP,RX,D
9:05:44,ICBP,RG,8675,4,F,ZP,OD,D
9:05:43,ICBP,RG,8650,25,F,BK,AK,F
9:05:43,ICBP,RG,8650,9,F,BK,KZ,F
9:05:43,ICBP,RG,8650,40,F,BK,YP,D
9:05:43,ICBP,RG,8650,60,F,BK,KZ,F
9:05:43,ICBP,RG,8650,7,F,BK,KZ,F
9:05:43,ICBP,RG,8650,11,F,BK,AK,F
9:05:43,ICBP,RG,8650,2,F,BK,KZ,F
9:05:43,ICBP,RG,8650,37,F,BK,KZ,F
9:05:09,ICBP,RG,8650,1,D,XC,KZ,F
9:04:58,ICBP,RG,8650,33,D,KK,KZ,F
9:04:58,ICBP,RG,8650,1,D,KK,KZ,F
9:04:58,ICBP,RG,8650,3,D,KK,KZ,F
9:04:58,ICBP,RG,8650,3,D,KK,KZ,F
9:04:56,ICBP,RG,8650,1,D,YP,KZ,F
9:04:44,ICBP,RG,8650,1,D,OD,KZ,F
9:04:09,ICBP,RG,8625,1,D,AZ,CC,D
9:04:09,ICBP,RG,8625,1,D,XC,CC,D
9:04:09,ICBP,RG,8625,1,D,EP,CC,D
9:04:03,ICBP,RG,8650,1,D,XC,KZ,F
9:04:00,ICBP,RG,8650,1,D,YP,KZ,F
9:03:57,ICBP,RG,8650,1,D,XC,KZ,F
9:03:56,ICBP,RG,8650,2,D,YP,KZ,F
9:03:21,ICBP,RG,8650,1,D,NI,KZ,F
9:03:15,ICBP,RG,8650,10,F,ZP,KZ,F
9:03:15,ICBP,RG,8650,10,F,ZP,KZ,F
9:03:15,ICBP,RG,8650,1,F,ZP,KZ,F
9:03:15,ICBP,RG,8650,10,F,ZP,KZ,F
9:03:14,ICBP,RG,8650,1,F,ZP,KZ,F
9:03:14,ICBP,RG,8650,10,F,ZP,KZ,F
9:03:14,ICBP,RG,8650,11,F,ZP,KZ,F
9:03:12,ICBP,RG,8650,11,F,ZP,KZ,F
9:03:11,ICBP,RG,8650,11,F,ZP,KZ,F
9:03:09,ICBP,RG,8650,68,D,YP,KZ,F
9:03:09,ICBP,RG,8650,10,F,ZP,AK,F
9:03:09,ICBP,RG,8650,1,F,ZP,RX,D
9:03:09,ICBP,RG,8650,11,F,ZP,RX,D
9:03:08,ICBP,RG,8650,1,D,KK,RX,D
9:03:08,ICBP,RG,8650,100,D,CC,RX,D
9:03:08,ICBP,RG,8650,2,D,CC,RX,D
9:03:08,ICBP,RG,8650,1,D,PD,RX,D
9:03:08,ICBP,RG,8650,1,D,XC,RX,D
9:03:08,ICBP,RG,8650,1,D,XC,RX,D
9:03:08,ICBP,RG,8650,1,D,XC,RX,D
9:03:08,ICBP,RG,8650,1,D,PD,RX,D
9:03:08,ICBP,RG,8650,1,D,YP,RX,D
9:03:08,ICBP,RG,8650,16,D,GR,RX,D
9:03:08,ICBP,RG,8650,1,D,KK,RX,D
9:03:08,ICBP,RG,8650,6,D,YP,RX,D
9:03:08,ICBP,RG,8650,10,D,SQ,RX,D
9:03:08,ICBP,RG,8650,29,D,CC,RX,D
9:03:08,ICBP,RG,8650,1,D,XC,RX,D
9:03:08,ICBP,RG,8650,1,D,PD,RX,D
9:03:08,ICBP,RG,8650,5,D,KK,RX,D
9:03:08,ICBP,RG,8650,5,D,XC,RX,D
9:03:08,ICBP,RG,8650,1,D,PD,RX,D
9:03:08,ICBP,RG,8650,3,D,LG,RX,D
9:03:08,ICBP,RG,8650,1,D,PD,RX,D
9:03:02,ICBP,RG,8700,1,D,KK,DH,D
9:03:02,ICBP,RG,8700,4,D,KK,CP,D
9:02:29,ICBP,RG,8700,11,F,ZP,CP,D
9:02:29,ICBP,RG,8700,5,F,ZP,CP,D
9:02:29,ICBP,RG,8700,5,F,ZP,CC,D
9:02:21,ICBP,RG,8700,8,F,ZP,CC,D
9:02:21,ICBP,RG,8700,2,F,ZP,PD,D
9:02:19,ICBP,RG,8675,15,D,SQ,AK,F
9:02:19,ICBP,RG,8675,58,D,CC,AK,F
9:02:19,ICBP,RG,8700,2,F,ZP,PD,D
9:02:19,ICBP,RG,8700,9,F,ZP,CP,D
9:02:18,ICBP,RG,8675,5,D,CC,KK,D
9:02:18,ICBP,RG,8675,2,D,CC,KK,D
9:02:18,ICBP,RG,8675,2,D,CC,KK,D
9:02:18,ICBP,RG,8675,1,F,AK,KK,D
9:02:18,ICBP,RG,8675,15,D,GR,KK,D
9:02:18,ICBP,RG,8675,1,D,CC,KK,D
9:02:18,ICBP,RG,8675,1,D,DH,KK,D
9:02:18,ICBP,RG,8675,1,D,KK,KK,D
9:02:18,ICBP,RG,8675,3,D,CC,KK,D
9:02:18,ICBP,RG,8675,1,D,XC,KK,D
9:02:18,ICBP,RG,8675,1,D,XL,KK,D
9:02:18,ICBP,RG,8675,4,D,XL,KK,D
9:02:18,ICBP,RG,8675,1,D,KK,KK,D
9:02:18,ICBP,RG,8675,2,D,PD,KK,D
9:02:18,ICBP,RG,8675,5,D,PD,KK,D
9:02:18,ICBP,RG,8675,1,D,XC,KK,D
9:02:18,ICBP,RG,8675,4,D,YU,KK,D
9:02:14,ICBP,RG,8675,2,D,YU,YP,D
9:02:13,ICBP,RG,8675,6,D,YU,YP,D
9:00:30,ICBP,RG,8700,11,F,ZP,CP,D
9:00:30,ICBP,RG,8675,48,D,YU,AK,F
8:59:00,ICBP,RG,8675,6,D,YU,PD,D
8:59:00,ICBP,RG,8675,50,D,YU,KK,F
8:59:00,ICBP,RG,8675,3,D,YU,PD,D
8:59:00,ICBP,RG,8675,2,D,YU,PD,D
8:59:00,ICBP,RG,8675,1,D,YU,DH,D
8:59:00,ICBP,RG,8675,2,D,YU,PD,D
8:59:00,ICBP,RG,8675,1,D,YU,PD,D
8:59:00,ICBP,RG,8675,5,D,YU,PD,D
8:59:00,ICBP,RG,8675,4,D,YU,PD,D
8:59:00,ICBP,RG,8675,6,D,YU,PD,D
8:59:00,ICBP,RG,8675,1,D,YU,XL,D
8:59:00,ICBP,RG,8675,18,D,YU,KK,D
8:59:00,ICBP,RG,8675,1,D,YU,KZ,F
8:59:00,ICBP,RG,8675,1,D,YU,KZ,F
8:59:00,ICBP,RG,8675,2,D,YU,KZ,F
8:59:00,ICBP,RG,8675,1,D,YU,KZ,F
8:59:00,ICBP,RG,8675,1,D,YU,KZ,F
8:59:00,ICBP,RG,8675,4,D,YU,KZ,F
8:59:00,ICBP,RG,8675,8,D,YU,KZ,F
8:59:00,ICBP,RG,8675,6,D,YU,KZ,F
8:59:00,ICBP,RG,8675,15,D,YU,KZ,F
8:59:00,ICBP,RG,8675,2,D,YU,KZ,F
8:59:00,ICBP,RG,8675,35,F,ZP,KZ,F
8:59:00,ICBP,RG,8675,3,F,ZP,AK,F
8:59:00,ICBP,RG,8675,10,F,GW,AK,F
8:59:00,ICBP,RG,8675,1,D,XL,AK,F
8:59:00,ICBP,RG,8675,1,D,XL,AK,F
8:59:00,ICBP,RG,8675,1,F,AK,AK,F