Time,Stock,Brd,Price,Qty,BT,BC,SC,ST
15:11:41,ICBP,RG,8225,5,D,OD,YP,D
15:11:39,ICBP,RG,8225,5,D,OD,YP,D
15:11:39,ICBP,RG,8225,30,D,OD,YP,D
15:11:39,ICBP,RG,8225,2,D,OD,YP,D
15:11:39,ICBP,RG,8225,1,D,OD,YP,D
15:09:49,ICBP,RG,8225,1,D,KK,CS,F
15:09:26,ICBP,RG,8225,45,D,PD,CS,F
15:09:19,ICBP,RG,8225,1,D,XC,CS,F
15:05:38,ICBP,RG,8225,1,D,LG,CS,F
15:05:03,ICBP,RG,8225,2,D,CC,CS,F
15:05:02,ICBP,RG,8225,15,D,YP,CS,F
15:05:02,ICBP,RG,8225,35,D,YP,CS,F
15:05:02,ICBP,RG,8225,1,D,PD,CS,F
15:00:00,ICBP,RG,8225,3,D,YU,CS,F
15:00:00,ICBP,RG,8225,241,D,CD,CS,F
15:00:00,ICBP,RG,8225,1,D,CD,XC,D
15:00:00,ICBP,RG,8225,50,D,CD,OK,D
15:00:00,ICBP,RG,8225,50,D,CD,YP,D
15:00:00,ICBP,RG,8225,1,D,CD,PD,D
15:00:00,ICBP,RG,8225,4,D,CD,PD,D
15:00:00,ICBP,RG,8225,30,D,CD,KK,D
15:00:00,ICBP,RG,8225,5,D,CD,GR,D
15:00:00,ICBP,RG,8225,20,D,CD,YP,D
15:00:00,ICBP,RG,8225,98,D,CD,CS,F
15:00:00,ICBP,RG,8225,1,D,XC,CS,F
15:00:00,ICBP,RG,8225,1,D,YU,CS,F
15:00:00,ICBP,RG,8225,1,D,YP,CS,F
15:00:00,ICBP,RG,8225,50,D,AZ,CS,F
15:00:00,ICBP,RG,8225,72,D,AZ,CS,F
15:00:00,ICBP,RG,8225,1,D,NI,CS,F
15:00:00,ICBP,RG,8225,2,D,TF,CS,F
15:00:00,ICBP,RG,8225,100,D,DR,CS,F
15:00:00,ICBP,RG,8225,25,D,YP,CS,F
15:00:00,ICBP,RG,8225,50,D,DR,CS,F
15:00:00,ICBP,RG,8225,4,D,AZ,CS,F
15:00:00,ICBP,RG,8225,2,D,YP,CS,F
15:00:00,ICBP,RG,8225,24,D,PD,CS,F
15:00:00,ICBP,RG,8225,12,D,YP,CS,F
15:00:00,ICBP,RG,8225,2,D,PD,CS,F
15:00:00,ICBP,RG,8225,126,D,DH,CS,F
15:00:00,ICBP,RG,8225,47,F,ZP,CS,F
15:00:00,ICBP,RG,8225,1,F,ZP,NI,D
15:00:00,ICBP,RG,8225,4,F,ZP,CC,D
15:00:00,ICBP,RG,8225,25,F,ZP,SQ,D
15:00:00,ICBP,RG,8225,50,F,ZP,AT,D
15:00:00,ICBP,RG,8225,1,F,ZP,SQ,D
15:00:00,ICBP,RG,8225,1,F,ZP,CC,D
15:00:00,ICBP,RG,8225,2,F,ZP,NI,D
15:00:00,ICBP,RG,8225,40,F,ZP,YP,D
15:00:00,ICBP,RG,8225,50,F,ZP,EP,D
15:00:00,ICBP,RG,8225,4,F,ZP,IF,D
15:00:00,ICBP,RG,8225,5,F,ZP,IP,D
15:00:00,ICBP,RG,8225,2,F,ZP,ZP,F
15:00:00,ICBP,RG,8225,5,F,ZP,ZP,F
15:00:00,ICBP,RG,8225,519,F,ZP,CG,F
15:00:00,ICBP,RG,8225,345,F,AK,CG,F
15:00:00,ICBP,RG,8225,781,F,AK,CG,F
15:00:00,ICBP,RG,8225,83,F,CS,CG,F
15:00:00,ICBP,RG,8225,221,F,CS,BK,F
15:00:00,ICBP,RG,8225,333,F,DX,BK,F
15:00:00,ICBP,RG,8225,56,D,CC,BK,F
15:00:00,ICBP,RG,8225,95,D,CC,DX,F
15:00:00,ICBP,RG,8225,4,D,CC,AK,F
15:00:00,ICBP,RG,8225,7,D,CC,AK,F
15:00:00,ICBP,RG,8225,1,D,CC,ZP,F
15:00:00,ICBP,RG,8225,337,D,CC,ZP,F
15:00:00,ICBP,RG,8225,2,F,AK,ZP,F
15:00:00,ICBP,RG,8225,596,F,AK,ZP,F
15:00:00,ICBP,RG,8225,1,F,AK,ZP,F
15:00:00,ICBP,RG,8225,832,F,YU,ZP,F
15:00:00,ICBP,RG,8225,38,D,YU,ZP,F
15:00:00,ICBP,RG,8225,17,D,YU,YU,D
15:00:00,ICBP,RG,8225,12,D,DP,YU,D
14:49:58,ICBP,RG,8200,21,D,RF,KZ,D
14:49:58,ICBP,RG,8200,2,D,RF,KZ,D
14:49:58,ICBP,RG,8200,34,D,RF,KZ,D
14:49:58,ICBP,RG,8200,450,D,RF,KZ,D
14:49:58,ICBP,RG,8200,3,D,YP,KZ,D
14:49:58,ICBP,RG,8200,1,D,OD,KZ,D
14:49:58,ICBP,RG,8200,50,D,YP,KZ,D
14:49:58,ICBP,RG,8200,5,D,XC,KZ,D
14:49:58,ICBP,RG,8200,1,D,DH,KZ,D
14:49:58,ICBP,RG,8200,152,F,ZP,KZ,D
14:49:58,ICBP,RG,8200,35,D,YP,KZ,D
14:49:58,ICBP,RG,8200,139,F,ZP,KZ,D
14:49:58,ICBP,RG,8200,283,F,ZP,KZ,D
14:49:58,ICBP,RG,8200,67,D,CC,KZ,D
14:49:54,ICBP,RG,8200,1,D,CC,OD,D
14:49:41,ICBP,RG,8225,3,D,YP,KZ,D
14:49:33,ICBP,RG,8225,5,D,YP,KZ,D
14:49:33,ICBP,RG,8225,27,D,YP,CS,F
14:49:33,ICBP,RG,8225,34,D,RX,CS,F
14:49:32,ICBP,RG,8200,1,D,CC,DR,D
14:49:30,ICBP,RG,8200,81,D,CC,ZP,F
14:49:26,ICBP,RG,8225,10,D,RX,CS,F
14:49:18,ICBP,RG,8200,7,D,CC,KZ,D
14:49:16,ICBP,RG,8225,11,D,RX,CS,F
14:49:15,ICBP,RG,8200,1,D,CC,AK,F
14:49:12,ICBP,RG,8200,3,D,CC,ZP,F
14:49:08,ICBP,RG,8200,5,D,CC,KZ,D
14:49:05,ICBP,RG,8225,3,D,RX,CS,F
14:49:04,ICBP,RG,8200,1,D,CC,KZ,D
14:49:03,ICBP,RG,8225,9,D,RX,CS,F
14:48:58,ICBP,RG,8200,223,D,CC,KZ,D
14:48:57,ICBP,RG,8225,1,F,ZP,KZ,D
14:48:52,ICBP,RG,8250,3,D,RX,GR,D
14:48:52,ICBP,RG,8225,6,D,RX,PD,D
14:48:50,ICBP,RG,8250,2,F,ZP,GR,D
14:48:50,ICBP,RG,8250,1,F,ZP,DH,D
14:48:50,ICBP,RG,8250,2,F,ZP,XC,D
14:48:50,ICBP,RG,8250,2,D,PD,YB,D
14:48:50,ICBP,RG,8225,356,D,YP,ZP,F
14:48:49,ICBP,RG,8225,77,D,YP,ZP,F
14:48:49,ICBP,RG,8225,2,D,YP,KZ,D
14:48:49,ICBP,RG,8225,5,D,YP,GR,D
14:48:49,ICBP,RG,8225,4,D,YP,KZ,D
14:48:49,ICBP,RG,8225,12,D,YP,KZ,D
14:48:49,ICBP,RG,8225,4,D,YP,ZP,F
14:48:49,ICBP,RG,8225,2,D,YP,CC,D
14:48:49,ICBP,RG,8225,47,D,YP,ZP,F
14:48:48,ICBP,RG,8200,5,D,CC,KZ,D
14:48:43,ICBP,RG,8200,5,D,CC,ZP,F
14:48:43,ICBP,RG,8200,7,D,CC,KZ,D
14:48:42,ICBP,RG,8225,8,D,RX,ZP,F
14:48:42,ICBP,RG,8225,5,D,YP,ZP,F
14:48:39,ICBP,RG,8225,10,D,CC,ZP,F
14:48:38,ICBP,RG,8200,4,D,CC,KZ,D
14:48:34,ICBP,RG,8225,11,D,RX,ZP,F
14:48:33,ICBP,RG,8200,3,D,CC,KZ,D
14:48:31,ICBP,RG,8200,2,D,CC,ZP,F
14:48:30,ICBP,RG,8200,60,D,CC,ZP,F
14:48:30,ICBP,RG,8200,3,D,CC,BK,D
14:48:28,ICBP,RG,8200,5,D,CC,KZ,D
14:48:25,ICBP,RG,8225,1,D,PD,ZP,F
14:48:23,ICBP,RG,8225,11,D,RX,ZP,F
14:48:18,ICBP,RG,8200,5,D,CC,KZ,D
14:48:12,ICBP,RG,8225,7,D,RX,ZP,F
14:48:12,ICBP,RG,8225,5,D,RX,BK,D
14:48:08,ICBP,RG,8200,14,D,CC,KZ,D
14:48:04,ICBP,RG,8225,1,D,PD,BK,D
14:48:03,ICBP,RG,8200,31,D,CC,KZ,D
14:48:01,ICBP,RG,8225,10,D,RX,KZ,D
14:48:01,ICBP,RG,8200,6,D,CC,BK,D
14:47:51,ICBP,RG,8225,3,D,RX,KZ,D
14:47:51,ICBP,RG,8225,4,D,RX,DR,D
14:47:30,ICBP,RG,8225,3,D,DR,DR,D
14:47:27,ICBP,RG,8225,15,D,RX,KZ,D
14:47:27,ICBP,RG,8225,1,F,ZP,KZ,D
14:47:27,ICBP,RG,8225,580,D,CC,KZ,D
14:47:18,ICBP,RG,8225,4,D,CC,CC,D
14:47:03,ICBP,RG,8225,3,D,CC,ZP,F
14:47:02,ICBP,RG,8225,1,D,CC,AK,F
14:47:02,ICBP,RG,8225,52,D,CC,KZ,D
14:47:02,ICBP,RG,8225,10,D,CC,PD,D
14:47:02,ICBP,RG,8225,9,D,CC,BK,D
14:47:02,ICBP,RG,8225,1,D,CC,AK,F
14:47:02,ICBP,RG,8225,1,D,CC,ZP,F
14:47:02,ICBP,RG,8225,36,D,CC,KZ,D
14:47:02,ICBP,RG,8225,4,D,CC,KZ,D
14:47:02,ICBP,RG,8225,76,D,CC,KZ,D
14:47:02,ICBP,RG,8225,9,D,CC,BK,D
14:47:02,ICBP,RG,8225,21,D,CC,ZP,F
14:47:02,ICBP,RG,8225,81,D,CC,ZP,F
14:47:02,ICBP,RG,8225,22,D,CC,ZP,F
14:47:02,ICBP,RG,8225,74,D,CC,ZP,F
14:47:02,ICBP,RG,8225,16,D,CC,KZ,D
14:47:00,ICBP,RG,8200,76,D,CC,ZP,F
14:46:46,ICBP,RG,8200,6,D,CC,BK,D
14:46:44,ICBP,RG,8200,16,D,CC,ZP,F
14:46:40,ICBP,RG,8200,16,D,CC,ZP,F
14:46:05,ICBP,RG,8200,3,D,CC,ZP,F
14:46:05,ICBP,RG,8225,1,D,LG,KZ,D
14:46:05,ICBP,RG,8225,30,D,DR,KZ,D
14:46:05,ICBP,RG,8225,1,F,AK,KZ,D
14:46:05,ICBP,RG,8225,6,F,ZP,KZ,D
14:46:05,ICBP,RG,8225,450,D,CC,KZ,D
14:46:04,ICBP,RG,8225,16,D,CC,ZP,F
14:46:00,ICBP,RG,8225,15,D,CC,ZP,F
14:46:00,ICBP,RG,8225,19,D,CC,ZP,F
14:46:00,ICBP,RG,8225,6,F,ZP,ZP,F
14:46:00,ICBP,RG,8225,53,D,CC,ZP,F
14:45:18,ICBP,RG,8250,1,D,PD,YB,D
14:45:18,ICBP,RG,8250,2,D,PD,HP,D
14:45:18,ICBP,RG,8250,5,D,PD,CC,D
14:45:18,ICBP,RG,8250,6,D,PD,XC,D
14:45:18,ICBP,RG,8250,6,D,PD,LG,D
14:45:08,ICBP,RG,8225,106,D,CC,KZ,D
14:45:06,ICBP,RG,8225,50,D,CC,CC,D
14:45:03,ICBP,RG,8225,5,D,CC,KZ,D
14:45:01,ICBP,RG,8250,1,D,YP,LG,D
14:45:01,ICBP,RG,8250,1,D,YP,SQ,D
14:45:01,ICBP,RG,8250,1,D,YP,PD,D
14:45:01,ICBP,RG,8250,3,D,YP,PD,D
14:44:58,ICBP,RG,8225,10,D,CC,KZ,D
14:44:53,ICBP,RG,8225,8,D,CC,KZ,D
14:44:53,ICBP,RG,8225,10,D,CC,KZ,D
14:44:50,ICBP,RG,8225,20,D,CC,BK,D
14:44:50,ICBP,RG,8225,96,D,CC,CS,F
14:44:50,ICBP,RG,8225,10,D,CC,ZP,F
14:44:50,ICBP,RG,8225,10,D,CC,ZP,F
14:44:50,ICBP,RG,8225,4,D,CC,ZP,F
14:44:50,ICBP,RG,8225,118,D,CC,KZ,D
14:44:48,ICBP,RG,8225,3,F,ZP,KZ,D
14:44:48,ICBP,RG,8225,12,D,DX,KZ,D
14:44:48,ICBP,RG,8225,3,D,DX,KZ,D
14:44:48,ICBP,RG,8225,21,D,DX,KZ,D
14:44:46,ICBP,RG,8225,4,D,DX,BK,D
14:44:46,ICBP,RG,8225,2,D,DX,BK,D
14:44:45,ICBP,RG,8250,1,D,YP,PD,D
14:44:44,ICBP,RG,8225,6,D,DX,ZP,F
14:44:30,ICBP,RG,8200,16,D,CC,ZP,F
14:44:12,ICBP,RG,8200,7,D,CC,BK,D
14:44:06,ICBP,RG,8200,2,D,CC,XC,D
14:43:59,ICBP,RG,8200,10,D,CC,ZP,F
14:43:49,ICBP,RG,8200,6,D,CC,BK,D
14:43:37,ICBP,RG,8225,10,D,XC,AK,F
14:43:37,ICBP,RG,8225,1,D,XC,AK,F
14:43:37,ICBP,RG,8225,10,D,DX,AK,F
14:43:37,ICBP,RG,8225,12,D,DX,AK,F
14:43:37,ICBP,RG,8225,19,D,DX,AK,F
14:43:37,ICBP,RG,8225,1,F,AK,AK,F
14:43:37,ICBP,RG,8225,2,F,ZP,AK,F
14:43:37,ICBP,RG,8225,8,D,CC,AK,F
14:43:36,ICBP,RG,8225,5,D,CC,ZP,F
14:43:35,ICBP,RG,8225,300,D,CC,KK,D
14:43:30,ICBP,RG,8225,10,D,CC,ZP,F
14:43:05,ICBP,RG,8225,6,D,CC,CC,D
14:43:00,ICBP,RG,8225,10,D,CC,ZP,F
14:42:47,ICBP,RG,8250,15,D,SQ,YP,D
14:42:19,ICBP,RG,8250,1,D,YP,YP,D
14:42:04,ICBP,RG,8250,8,D,DX,YP,D
14:42:03,ICBP,RG,8250,7,D,DX,YP,D
14:42:03,ICBP,RG,8250,1,D,DX,XC,D
14:42:03,ICBP,RG,8250,3,D,DX,YP,D
14:42:03,ICBP,RG,8250,4,D,DX,KK,D
14:42:00,ICBP,RG,8250,6,D,DX,KK,D
14:42:00,ICBP,RG,8250,5,D,DX,PD,D
14:42:00,ICBP,RG,8250,5,D,DX,NI,D
14:42:00,ICBP,RG,8250,5,D,DX,NI,D
14:41:49,ICBP,RG,8225,10,D,CC,PD,D
14:41:44,ICBP,RG,8225,6,D,CC,BK,D
14:41:44,ICBP,RG,8225,145,D,CC,KZ,D
14:41:41,ICBP,RG,8200,2,D,CC,DH,D
14:41:39,ICBP,RG,8225,105,D,CC,KZ,D
14:41:39,ICBP,RG,8225,26,D,CC,KZ,D
14:41:39,ICBP,RG,8225,3,D,CC,PD,D
14:41:20,ICBP,RG,8225,3,D,CC,CC,D
14:41:20,ICBP,RG,8225,15,D,CC,KZ,D
14:41:20,ICBP,RG,8225,35,D,CC,YU,D
14:41:20,ICBP,RG,8225,6,D,CC,CC,D
14:41:20,ICBP,RG,8225,12,D,CC,BK,D
14:41:20,ICBP,RG,8225,24,D,CC,KZ,D
14:41:20,ICBP,RG,8225,1,D,CC,ZP,F
14:41:20,ICBP,RG,8225,6,D,CC,ZP,F
14:41:20,ICBP,RG,8225,32,D,CC,YU,D
14:41:20,ICBP,RG,8225,8,D,CC,KZ,D
14:41:20,ICBP,RG,8225,16,D,CC,ZP,F
14:41:20,ICBP,RG,8225,2,D,CC,BK,D
14:41:20,ICBP,RG,8225,188,D,CC,KZ,D
14:41:20,ICBP,RG,8225,16,D,CC,ZP,F
14:41:20,ICBP,RG,8225,34,D,CC,KZ,D
14:41:20,ICBP,RG,8225,17,D,CC,KZ,D
14:41:20,ICBP,RG,8225,385,D,CC,OD,D
14:41:12,ICBP,RG,8200,11,D,CC,ZP,F
14:41:12,ICBP,RG,8225,1,D,PD,OD,D
14:41:00,ICBP,RG,8200,10,D,CC,ZP,F
14:40:49,ICBP,RG,8225,18,D,PD,OD,D
14:40:31,ICBP,RG,8225,50,D,RX,OD,D
14:40:30,ICBP,RG,8200,16,D,CC,ZP,F
14:40:23,ICBP,RG,8200,1,D,CC,ZP,F
14:40:16,ICBP,RG,8225,1,D,PD,OD,D
14:39:36,ICBP,RG,8225,9,D,DX,OD,D
14:39:35,ICBP,RG,8225,16,D,DX,OD,D
14:39:35,ICBP,RG,8225,20,D,DX,OD,D
14:39:35,ICBP,RG,8225,2,D,DX,PD,D
14:39:29,ICBP,RG,8200,10,D,CC,BK,D
14:39:28,ICBP,RG,8200,16,D,CC,ZP,F
14:39:28,ICBP,RG,8200,22,D,CC,XC,D
14:39:28,ICBP,RG,8200,9,D,CC,AK,F
14:39:28,ICBP,RG,8200,7,D,CC,BK,D
14:39:28,ICBP,RG,8200,24,D,CC,KZ,D
14:39:28,ICBP,RG,8200,5,D,CC,KK,D
14:39:28,ICBP,RG,8200,10,D,CC,ZP,F
14:39:28,ICBP,RG,8200,6,D,CC,ZP,F
14:39:28,ICBP,RG,8200,37,D,CC,DR,D
14:39:28,ICBP,RG,8200,1,D,CC,AK,F
14:39:28,ICBP,RG,8200,5,D,CC,KZ,D
14:39:28,ICBP,RG,8200,20,D,CC,KZ,D
14:39:28,ICBP,RG,8200,17,D,CC,YP,D
14:39:28,ICBP,RG,8200,6,D,CC,KZ,D
14:39:28,ICBP,RG,8200,1,D,CC,PD,D
14:39:28,ICBP,RG,8200,1,D,CC,XC,D
14:39:28,ICBP,RG,8200,28,D,CC,YU,D
14:39:28,ICBP,RG,8200,7,D,CC,KZ,D
14:39:28,ICBP,RG,8200,2,D,CC,ZP,F
14:39:28,ICBP,RG,8200,30,D,CC,KZ,D
14:39:28,ICBP,RG,8200,34,D,CC,YU,D
14:39:28,ICBP,RG,8200,12,D,CC,YP,D
14:39:28,ICBP,RG,8200,10,D,CC,ZP,F
14:39:28,ICBP,RG,8200,8,D,CC,KZ,D
14:39:27,ICBP,RG,8200,2,D,SQ,KZ,D
14:39:03,ICBP,RG,8175,27,F,BK,KZ,D
14:39:00,ICBP,RG,8200,1,F,AK,KZ,D
14:38:33,ICBP,RG,8175,7,F,BK,ZP,F
14:38:33,ICBP,RG,8175,11,F,BK,KZ,D
14:38:30,ICBP,RG,8175,10,F,BK,ZP,F
14:38:20,ICBP,RG,8175,66,F,BK,YU,D
14:38:00,ICBP,RG,8175,10,F,BK,ZP,F
14:37:49,ICBP,RG,8200,2,D,PD,KZ,D
14:37:43,ICBP,RG,8175,4,F,BK,LS,D
14:37:34,ICBP,RG,8175,10,F,BK,ZP,F
14:37:30,ICBP,RG,8175,10,F,BK,ZP,F
14:37:28,ICBP,RG,8175,37,F,BK,KZ,D
14:37:25,ICBP,RG,8200,1,D,XC,KZ,D
14:37:14,ICBP,RG,8200,10,D,DX,KZ,D
14:37:12,ICBP,RG,8200,14,D,DX,KZ,D
14:37:08,ICBP,RG,8200,24,D,DX,KZ,D
14:36:58,ICBP,RG,8175,9,F,BK,KZ,D
14:36:47,ICBP,RG,8175,6,F,BK,ZP,F
14:36:35,ICBP,RG,8175,10,F,BK,ZP,F
14:36:09,ICBP,RG,8175,10,F,BK,ZP,F
14:35:19,ICBP,RG,8175,2,F,BK,ZP,F
14:35:19,ICBP,RG,8200,5,D,CC,KZ,D
14:35:03,ICBP,RG,8200,1,D,LG,KZ,D
14:35:01,ICBP,RG,8175,67,F,BK,YU,D
14:35:00,ICBP,RG,8200,2,D,CC,KZ,D
14:34:51,ICBP,RG,8175,5,F,BK,ZP,F
14:34:50,ICBP,RG,8200,50,D,RX,KZ,D
14:34:50,ICBP,RG,8200,38,D,RX,DR,D
14:34:50,ICBP,RG,8200,5,D,RX,ZP,F
14:34:50,ICBP,RG,8200,16,D,RX,ZP,F
14:34:50,ICBP,RG,8200,1,D,RX,AK,F
14:34:50,ICBP,RG,8200,1,D,RX,AK,F
14:34:50,ICBP,RG,8200,1,D,RX,AK,F
14:34:50,ICBP,RG,8200,88,D,RX,CS,F
14:34:49,ICBP,RG,8200,24,D,DX,CS,F
14:34:48,ICBP,RG,8200,12,D,DX,CS,F
14:34:47,ICBP,RG,8200,8,D,DX,CS,F
14:34:36,ICBP,RG,8175,10,F,BK,ZP,F
14:34:23,ICBP,RG,8175,4,F,BK,KZ,D
14:34:03,ICBP,RG,8175,10,F,BK,ZP,F
14:34:02,ICBP,RG,8200,10,D,KK,CS,F
14:33:09,ICBP,RG,8200,5,D,PD,CS,F
14:33:09,ICBP,RG,8200,3,D,PD,YP,D
14:33:09,ICBP,RG,8200,12,D,PD,YU,D
14:33:03,ICBP,RG,8175,10,F,BK,ZP,F
14:32:56,ICBP,RG,8200,2,D,CC,YU,D
14:32:25,ICBP,RG,8175,2,F,BK,ZP,F
14:32:13,ICBP,RG,8175,9,F,BK,KZ,D
14:32:13,ICBP,RG,8175,3,F,BK,KZ,D
14:32:13,ICBP,RG,8175,22,F,BK,KZ,D
14:32:13,ICBP,RG,8175,1,D,XC,KZ,D
14:32:09,ICBP,RG,8175,5,D,OD,KZ,D
14:32:09,ICBP,RG,8175,1,D,XC,KZ,D
14:32:09,ICBP,RG,8175,10,D,EP,KZ,D
14:32:09,ICBP,RG,8175,3,D,YP,KZ,D
14:32:09,ICBP,RG,8175,10,F,YP,KZ,D
14:32:09,ICBP,RG,8175,96,F,ZP,KZ,D
14:32:09,ICBP,RG,8175,1,D,GR,KZ,D
14:32:09,ICBP,RG,8175,1,D,PD,KZ,D
14:32:09,ICBP,RG,8175,40,D,YP,KZ,D
14:32:09,ICBP,RG,8175,2,D,SQ,KZ,D
14:32:09,ICBP,RG,8175,1,D,NI,KZ,D
14:32:09,ICBP,RG,8175,3,F,ZP,KZ,D
14:32:09,ICBP,RG,8175,15,D,DX,KZ,D
14:32:09,ICBP,RG,8175,19,D,DX,KZ,D
14:32:09,ICBP,RG,8175,2,D,XC,KZ,D
14:32:09,ICBP,RG,8175,10,D,DX,KZ,D
14:32:09,ICBP,RG,8175,3,D,NI,KZ,D
14:32:09,ICBP,RG,8175,1,D,XC,KZ,D
14:32:09,ICBP,RG,8175,1,D,NI,KZ,D
14:32:09,ICBP,RG,8175,1,D,XC,KZ,D
14:32:09,ICBP,RG,8175,1,D,NI,KZ,D
14:32:09,ICBP,RG,8175,1,F,ZP,KZ,D
14:32:09,ICBP,RG,8175,1,D,DH,KZ,D
14:32:09,ICBP,RG,8175,20,D,DR,KZ,D
14:32:09,ICBP,RG,8175,1,D,YP,KZ,D
14:32:09,ICBP,RG,8175,1,D,PD,KZ,D
14:32:09,ICBP,RG,8175,1,F,AK,KZ,D
14:32:09,ICBP,RG,8175,18,F,BK,KZ,D
14:32:09,ICBP,RG,8175,68,D,RX,KZ,D
14:32:04,ICBP,RG,8175,11,D,RX,ZP,F
14:31:56,ICBP,RG,8175,10,D,RX,GR,D
14:31:54,ICBP,RG,8175,3,D,RX,ZP,F
14:31:16,ICBP,RG,8175,4,D,RX,YB,D
14:31:13,ICBP,RG,8200,2,D,NI,YU,D
14:31:13,ICBP,RG,8200,1,D,TF,YU,D
14:31:12,ICBP,RG,8175,3,D,RX,ZP,F
14:31:07,ICBP,RG,8175,1,D,RX,PD,D
14:31:03,ICBP,RG,8175,10,D,RX,ZP,F
14:30:33,ICBP,RG,8175,10,D,RX,ZP,F
14:30:30,ICBP,RG,8175,10,D,RX,ZP,F
14:30:23,ICBP,RG,8175,4,D,RX,ZP,F
14:30:04,ICBP,RG,8200,16,D,DX,YU,D
14:30:03,ICBP,RG,8200,1,D,PD,YU,D
14:30:03,ICBP,RG,8200,3,D,PD,YU,D
14:30:01,ICBP,RG,8200,23,D,DX,YU,D
14:30:00,ICBP,RG,8175,10,D,RX,ZP,F
14:29:55,ICBP,RG,8200,9,D,DX,YU,D
14:29:41,ICBP,RG,8175,1,D,RX,SQ,D
14:29:33,ICBP,RG,8175,4,D,RX,PD,D
14:28:38,ICBP,RG,8175,2,D,RX,ZP,F
14:28:21,ICBP,RG,8175,1,D,RX,XC,D
14:28:21,ICBP,RG,8175,4,D,RX,ZP,F
14:28:21,ICBP,RG,8175,35,D,RX,YU,D
14:28:21,ICBP,RG,8175,9,D,RX,ZP,F
14:28:04,ICBP,RG,8175,6,D,EP,ZP,F
14:28:04,ICBP,RG,8175,6,D,EP,ZP,F
14:27:57,ICBP,RG,8175,2,D,CC,ZP,F
14:27:53,ICBP,RG,8175,1,D,YP,ZP,F
14:27:41,ICBP,RG,8150,17,D,PD,LG,D
14:27:41,ICBP,RG,8150,50,D,KK,LG,D
14:27:41,ICBP,RG,8150,1,D,XC,LG,D
14:27:41,ICBP,RG,8150,10,D,PD,LG,D
14:27:41,ICBP,RG,8150,9,D,YP,LG,D
14:27:41,ICBP,RG,8150,2,D,XC,LG,D
14:27:41,ICBP,RG,8150,25,D,YP,LG,D
14:27:41,ICBP,RG,8150,2,D,YP,LG,D
14:27:41,ICBP,RG,8150,10,D,CC,LG,D
14:27:41,ICBP,RG,8150,20,D,TP,LG,D
14:27:41,ICBP,RG,8150,7,D,PD,LG,D
14:27:41,ICBP,RG,8150,2,D,XC,LG,D
14:27:41,ICBP,RG,8150,1,D,DH,LG,D
14:27:41,ICBP,RG,8150,94,D,GR,LG,D
14:27:33,ICBP,RG,8150,6,D,GR,LG,D
14:27:33,ICBP,RG,8150,10,D,YP,LG,D
14:27:33,ICBP,RG,8150,1,D,CC,LG,D
14:27:33,ICBP,RG,8150,1,D,KK,LG,D
14:27:33,ICBP,RG,8150,11,F,BK,LG,D
14:27:33,ICBP,RG,8150,5,D,CC,LG,D
14:27:33,ICBP,RG,8150,8,D,DX,LG,D
14:27:33,ICBP,RG,8150,1,D,YP,LG,D
14:27:33,ICBP,RG,8150,1,F,ZP,LG,D
14:27:33,ICBP,RG,8150,1,D,YP,LG,D
14:27:33,ICBP,RG,8150,140,F,BK,LG,D
14:27:33,ICBP,RG,8150,1,D,XC,LG,D
14:27:33,ICBP,RG,8150,1,D,YP,LG,D
14:27:33,ICBP,RG,8150,5,D,YP,LG,D
14:27:33,ICBP,RG,8150,1,D,PD,LG,D
14:27:33,ICBP,RG,8150,2,D,XC,LG,D
14:27:33,ICBP,RG,8150,5,D,YP,LG,D
14:27:33,ICBP,RG,8150,1,D,PD,LG,D
14:27:33,ICBP,RG,8150,1,D,YP,LG,D
14:27:33,ICBP,RG,8150,8,D,ZP,LG,D
14:27:33,ICBP,RG,8150,3,D,PD,LG,D
14:27:33,ICBP,RG,8150,1,D,CC,LG,D
14:27:33,ICBP,RG,8150,10,D,ZP,LG,D
14:27:33,ICBP,RG,8150,1,D,YP,LG,D
14:27:33,ICBP,RG,8150,1,D,PD,LG,D
14:27:33,ICBP,RG,8150,3,D,PD,LG,D
14:27:33,ICBP,RG,8150,2,D,PD,LG,D
14:27:33,ICBP,RG,8150,1,D,PD,LG,D
14:27:33,ICBP,RG,8150,1,D,XC,LG,D
14:27:33,ICBP,RG,8150,1,D,KK,LG,D
14:27:33,ICBP,RG,8150,400,F,ZP,LG,D
14:27:33,ICBP,RG,8150,2,D,PD,LG,D
14:27:33,ICBP,RG,8150,1,D,PD,LG,D
14:27:33,ICBP,RG,8150,1,D,PD,LG,D
14:27:33,ICBP,RG,8150,1,D,XC,LG,D
14:27:33,ICBP,RG,8150,1,D,PD,LG,D
14:27:33,ICBP,RG,8150,5,D,PD,LG,D
14:27:33,ICBP,RG,8150,6,D,AT,LG,D
14:27:33,ICBP,RG,8150,2,D,SQ,LG,D
14:27:33,ICBP,RG,8150,20,D,YP,LG,D
14:27:33,ICBP,RG,8150,11,D,KK,LG,D
14:27:33,ICBP,RG,8150,1,D,PD,LG,D
14:27:33,ICBP,RG,8150,1,D,YP,LG,D
14:27:33,ICBP,RG,8150,4,D,XC,LG,D
14:27:33,ICBP,RG,8150,4,D,NI,LG,D
14:27:33,ICBP,RG,8150,2,D,YP,LG,D
14:27:33,ICBP,RG,8150,1,D,PD,LG,D
14:27:33,ICBP,RG,8150,2,D,DH,LG,D
14:27:33,ICBP,RG,8150,2,D,XC,LG,D
14:27:33,ICBP,RG,8150,3,D,PD,LG,D
14:27:33,ICBP,RG,8150,2,D,PD,LG,D
14:27:33,ICBP,RG,8150,1,D,NI,LG,D
14:27:33,ICBP,RG,8150,50,D,GR,LG,D
14:27:33,ICBP,RG,8150,2,D,NI,LG,D
14:27:33,ICBP,RG,8150,20,D,XA,LG,D
14:27:33,ICBP,RG,8150,1,D,PD,LG,D
14:27:33,ICBP,RG,8150,1,D,XC,LG,D
14:27:33,ICBP,RG,8150,14,D,NI,LG,D
14:27:33,ICBP,RG,8150,1,D,PD,LG,D
14:27:33,ICBP,RG,8150,40,D,CC,LG,D
14:27:33,ICBP,RG,8150,5,D,SQ,LG,D
14:27:33,ICBP,RG,8150,1,D,CC,LG,D
14:27:33,ICBP,RG,8150,1,D,NI,LG,D
14:27:33,ICBP,RG,8150,2,D,DH,LG,D
14:27:33,ICBP,RG,8150,1,D,KK,LG,D
14:27:33,ICBP,RG,8150,1,D,YP,LG,D
14:27:33,ICBP,RG,8150,5,D,KK,LG,D
14:27:33,ICBP,RG,8150,2,D,YP,LG,D
14:27:33,ICBP,RG,8150,10,D,YP,LG,D
14:27:33,ICBP,RG,8150,2,D,SQ,LG,D
14:27:33,ICBP,RG,8150,3,D,XC,LG,D
14:27:33,ICBP,RG,8150,5,D,GR,LG,D
14:27:33,ICBP,RG,8150,1,D,CC,LG,D
14:27:33,ICBP,RG,8150,5,D,CC,LG,D
14:27:33,ICBP,RG,8150,1,D,DH,LG,D
14:27:33,ICBP,RG,8150,5,D,PD,LG,D
14:27:33,ICBP,RG,8150,2,D,SQ,LG,D
14:27:33,ICBP,RG,8150,10,D,PD,LG,D
14:27:33,ICBP,RG,8150,2,D,NI,LG,D
14:27:33,ICBP,RG,8150,100,D,GR,LG,D
14:27:33,ICBP,RG,8150,2,D,CC,LG,D
14:27:33,ICBP,RG,8150,1,D,KK,LG,D
14:27:33,ICBP,RG,8150,4,D,PD,LG,D
14:27:33,ICBP,RG,8150,1,D,NI,LG,D
14:27:33,ICBP,RG,8150,50,D,YP,LG,D
14:27:33,ICBP,RG,8150,10,D,PD,LG,D
14:27:33,ICBP,RG,8150,100,D,OD,LG,D
14:27:33,ICBP,RG,8150,50,D,YP,LG,D
14:27:33,ICBP,RG,8150,30,D,YP,LG,D
14:27:33,ICBP,RG,8150,1,D,NI,LG,D
14:27:33,ICBP,RG,8150,1,D,YB,LG,D
14:27:33,ICBP,RG,8150,2,D,XC,LG,D
14:27:33,ICBP,RG,8150,1,D,CC,LG,D
14:27:33,ICBP,RG,8150,1,D,CC,LG,D
14:27:33,ICBP,RG,8150,3,D,NI,LG,D
14:27:33,ICBP,RG,8150,1,D,PD,LG,D
14:27:33,ICBP,RG,8150,1,D,PD,LG,D
14:27:33,ICBP,RG,8150,1,D,PD,LG,D
14:27:33,ICBP,RG,8150,1,D,XC,LG,D
14:27:33,ICBP,RG,8150,1,D,PD,LG,D
14:27:33,ICBP,RG,8150,1,D,PD,LG,D
14:27:33,ICBP,RG,8150,1,D,CC,LG,D
14:27:33,ICBP,RG,8150,1,D,XC,LG,D
14:27:33,ICBP,RG,8150,10,D,YP,LG,D
14:27:33,ICBP,RG,8150,209,F,ZP,LG,D
14:27:33,ICBP,RG,8150,10,D,TF,LG,D
14:27:33,ICBP,RG,8150,402,D,OD,LG,D
14:27:33,ICBP,RG,8175,7,D,DX,ZP,F
14:27:33,ICBP,RG,8175,6,D,DX,YU,D
14:27:31,ICBP,RG,8175,23,D,DX,YU,D
14:27:31,ICBP,RG,8175,3,D,CC,YU,D
14:27:29,ICBP,RG,8175,10,D,TP,YU,D
14:27:25,ICBP,RG,8175,1,D,YP,YU,D
14:27:23,ICBP,RG,8175,38,D,KK,YU,D
14:27:23,ICBP,RG,8175,4,D,KK,ZP,F
14:27:23,ICBP,RG,8175,8,D,KK,ZP,F
14:27:20,ICBP,RG,8150,98,D,OD,LG,D
14:27:20,ICBP,RG,8150,117,F,ZP,LG,D
14:27:20,ICBP,RG,8150,1,D,NI,LG,D
14:27:20,ICBP,RG,8150,5,D,YP,LG,D
14:27:20,ICBP,RG,8150,35,D,AI,LG,D
14:27:17,ICBP,RG,8175,2,D,LS,ZP,F
14:27:15,ICBP,RG,8150,4,D,AI,AK,F
14:27:12,ICBP,RG,8175,1,D,YP,YP,D
14:27:03,ICBP,RG,8175,100,D,KK,YP,D
14:26:56,ICBP,RG,8175,10,D,LG,YP,D
14:26:51,ICBP,RG,8150,12,D,AI,PD,D
14:26:50,ICBP,RG,8175,5,D,CC,YP,D
14:26:26,ICBP,RG,8150,100,D,AI,YP,D
14:26:11,ICBP,RG,8175,24,D,YP,YP,D
14:26:11,ICBP,RG,8175,6,D,YP,ZP,F
14:26:10,ICBP,RG,8150,2,D,AI,YP,D
14:26:08,ICBP,RG,8175,5,D,YP,ZP,F
14:26:08,ICBP,RG,8175,5,D,YP,ZP,F
14:26:08,ICBP,RG,8175,69,D,YP,YU,D
14:26:07,ICBP,RG,8175,10,D,CC,YU,D
14:26:07,ICBP,RG,8175,19,D,PD,YU,D
14:26:05,ICBP,RG,8175,1,D,YP,YU,D
14:26:02,ICBP,RG,8175,1,D,DR,YU,D
14:26:02,ICBP,RG,8175,9,D,DR,ZP,F
14:25:53,ICBP,RG,8150,3,D,AI,ZP,F
14:25:45,ICBP,RG,8150,1,D,AI,YP,D
14:25:41,ICBP,RG,8175,1,D,YP,ZP,F
14:25:28,ICBP,RG,8150,1,D,AI,AK,F
14:25:16,ICBP,RG,8175,10,D,YP,ZP,F
14:25:16,ICBP,RG,8175,1,D,YP,ZP,F
14:25:16,ICBP,RG,8175,9,D,YP,DR,D
14:25:15,ICBP,RG,8175,1,D,PD,DR,D
14:25:13,ICBP,RG,8175,20,D,ES,DR,D
14:25:13,ICBP,RG,8150,2,D,AI,ZP,F
14:25:07,ICBP,RG,8175,10,D,PD,DR,D
14:25:07,ICBP,RG,8175,1,D,YP,DR,D
14:25:01,ICBP,RG,8150,40,D,AI,PD,D
14:25:00,ICBP,RG,8150,57,F,ZP,YU,D
14:25:00,ICBP,RG,8150,10,F,ZP,ZP,F
14:24:59,ICBP,RG,8175,10,D,TP,YU,D
14:24:48,ICBP,RG,8175,10,D,TP,ZP,F
14:24:48,ICBP,RG,8175,1,F,ZP,ZP,F
14:24:48,ICBP,RG,8175,10,D,TP,ZP,F
14:24:48,ICBP,RG,8175,5,D,YP,ZP,F
14:24:48,ICBP,RG,8175,7,F,BK,ZP,F
14:24:48,ICBP,RG,8175,294,F,ZP,ZP,F
14:24:47,ICBP,RG,8175,19,F,ZP,YU,D
14:24:47,ICBP,RG,8175,30,D,XA,YU,D
14:24:47,ICBP,RG,8175,1,D,AZ,YU,D
14:24:47,ICBP,RG,8175,1,D,PD,YU,D
14:24:47,ICBP,RG,8175,1,D,YP,YU,D
14:24:47,ICBP,RG,8175,3,D,PD,YU,D
14:24:47,ICBP,RG,8175,1,D,PD,YU,D
14:24:47,ICBP,RG,8175,1,D,PD,YU,D
14:24:47,ICBP,RG,8175,1,D,PD,YU,D
14:24:47,ICBP,RG,8175,1,D,XC,YU,D
14:24:47,ICBP,RG,8175,1,D,YP,YU,D
14:24:47,ICBP,RG,8175,1,D,XC,YU,D
14:24:47,ICBP,RG,8175,8,D,CC,YU,D
14:24:47,ICBP,RG,8175,6,D,CC,YU,D
14:24:47,ICBP,RG,8175,1,D,PD,YU,D
14:24:47,ICBP,RG,8175,1,D,XC,YU,D
14:24:47,ICBP,RG,8175,23,D,YP,YU,D
14:24:47,ICBP,RG,8175,2,D,YP,XC,D
14:24:47,ICBP,RG,8175,2,D,YP,XC,D
14:24:47,ICBP,RG,8175,6,D,CC,XC,D
14:24:27,ICBP,RG,8175,3,D,CC,ZP,F
14:24:26,ICBP,RG,8175,1,D,CC,YU,D
14:24:26,ICBP,RG,8175,1,D,YP,YU,D
14:24:26,ICBP,RG,8175,1,D,OD,YU,D
14:24:26,ICBP,RG,8175,1,D,CP,YU,D
14:24:26,ICBP,RG,8175,1,D,PD,YU,D
14:24:26,ICBP,RG,8175,1,D,CC,YU,D
14:24:26,ICBP,RG,8175,1,D,CC,YU,D
14:24:26,ICBP,RG,8175,10,D,OD,YU,D
14:24:26,ICBP,RG,8175,2,D,YP,YU,D
14:24:26,ICBP,RG,8175,300,D,CC,YU,D
14:24:26,ICBP,RG,8175,5,D,XC,YU,D
14:24:26,ICBP,RG,8175,1,D,PD,YU,D
14:24:26,ICBP,RG,8175,20,F,YP,YU,D
14:24:26,ICBP,RG,8175,1,D,YP,YU,D
14:24:26,ICBP,RG,8175,2,D,PD,YU,D
14:24:26,ICBP,RG,8175,10,D,YP,YU,D
14:24:26,ICBP,RG,8175,3,D,PD,YU,D
14:24:26,ICBP,RG,8175,3,D,NI,YU,D
14:24:26,ICBP,RG,8175,1,D,PD,YU,D
14:24:26,ICBP,RG,8175,10,D,CC,YU,D
14:24:26,ICBP,RG,8175,1,D,YP,YU,D
14:24:26,ICBP,RG,8175,20,D,SQ,YU,D
14:24:26,ICBP,RG,8175,10,D,YP,YU,D
14:24:26,ICBP,RG,8175,1,D,YP,YU,D
14:24:26,ICBP,RG,8175,3,D,NI,YU,D
14:24:26,ICBP,RG,8175,75,D,OK,YU,D
14:24:26,ICBP,RG,8175,1,D,PD,YU,D
14:24:26,ICBP,RG,8175,1,D,PD,YU,D
14:24:26,ICBP,RG,8175,5,D,GR,YU,D
14:24:26,ICBP,RG,8175,1,D,NI,YU,D
14:24:26,ICBP,RG,8175,2,D,KK,YU,D
14:24:26,ICBP,RG,8175,2,D,EP,YU,D
14:24:26,ICBP,RG,8175,3,D,EP,YU,D
14:24:20,ICBP,RG,8175,2,D,EP,CC,D
14:24:20,ICBP,RG,8175,1,D,PD,CC,D
14:24:20,ICBP,RG,8175,1,D,PD,CC,D
14:24:20,ICBP,RG,8175,1,D,YP,CC,D
14:24:02,ICBP,RG,8175,7,F,ZP,ZP,F
14:24:01,ICBP,RG,8200,3,D,YP,LG,D
14:24:01,ICBP,RG,8200,25,D,DX,LG,D
14:24:01,ICBP,RG,8200,9,D,DX,LG,D
14:24:01,ICBP,RG,8200,16,D,DX,LG,D
14:24:01,ICBP,RG,8200,1,D,PD,LG,D
14:24:01,ICBP,RG,8200,5,D,LG,LG,D
14:24:01,ICBP,RG,8200,2,D,PD,LG,D
14:24:01,ICBP,RG,8200,2,D,PD,LG,D
14:24:01,ICBP,RG,8200,1,D,YP,LG,D
14:24:01,ICBP,RG,8200,6,F,ZP,LG,D
14:24:01,ICBP,RG,8200,2,D,XC,LG,D
14:24:01,ICBP,RG,8200,346,F,BK,LG,D
14:24:01,ICBP,RG,8200,1,D,YP,LG,D
14:24:01,ICBP,RG,8200,3,D,AG,LG,D
14:24:01,ICBP,RG,8200,10,D,PD,LG,D
14:24:01,ICBP,RG,8200,3,D,PD,LG,D
14:24:01,ICBP,RG,8200,1,D,PD,LG,D
14:24:01,ICBP,RG,8200,222,F,ZP,LG,D
14:24:01,ICBP,RG,8200,10,D,CC,LG,D
14:24:01,ICBP,RG,8200,32,F,ZP,LG,D
14:24:01,ICBP,RG,8200,2,D,YP,LG,D
14:24:01,ICBP,RG,8200,1,D,CC,LG,D
14:24:01,ICBP,RG,8200,10,D,PD,LG,D
14:24:01,ICBP,RG,8200,1,D,SQ,LG,D
14:24:01,ICBP,RG,8200,3,D,PD,LG,D
14:24:01,ICBP,RG,8200,155,D,OD,LG,D
14:24:01,ICBP,RG,8200,100,D,GR,LG,D
14:24:01,ICBP,RG,8200,1,D,XC,LG,D
14:24:01,ICBP,RG,8200,50,D,YP,LG,D
14:24:01,ICBP,RG,8200,1,D,CC,LG,D
14:24:01,ICBP,RG,8200,1,D,XC,LG,D
14:24:01,ICBP,RG,8200,120,D,YU,LG,D
14:24:01,ICBP,RG,8200,60,D,AZ,LG,D
14:24:01,ICBP,RG,8200,1,D,PD,LG,D
14:24:01,ICBP,RG,8200,20,D,XC,LG,D
14:24:01,ICBP,RG,8200,1,D,YP,LG,D
14:24:01,ICBP,RG,8200,2,D,YP,LG,D
14:24:01,ICBP,RG,8200,12,D,XC,LG,D
14:24:01,ICBP,RG,8200,1,D,DH,LG,D
14:24:01,ICBP,RG,8200,10,D,GR,LG,D
14:24:01,ICBP,RG,8200,5,D,EP,LG,D
14:24:01,ICBP,RG,8200,10,D,EP,LG,D
14:24:01,ICBP,RG,8200,2,D,YP,LG,D
14:24:01,ICBP,RG,8200,3,D,GR,LG,D
14:24:01,ICBP,RG,8200,13,D,PD,LG,D
14:24:01,ICBP,RG,8200,1,D,CC,LG,D
14:24:01,ICBP,RG,8200,1,D,XC,LG,D
14:24:01,ICBP,RG,8200,20,D,BS,LG,D
14:24:01,ICBP,RG,8200,3,D,YP,LG,D
14:24:01,ICBP,RG,8200,1,D,PD,LG,D
14:24:01,ICBP,RG,8200,1,D,SQ,LG,D
14:24:01,ICBP,RG,8200,6,D,XC,LG,D
14:24:01,ICBP,RG,8200,1,D,KK,LG,D
14:24:01,ICBP,RG,8200,25,D,YP,LG,D
14:24:01,ICBP,RG,8200,2,D,PD,LG,D
14:24:01,ICBP,RG,8200,3,D,YP,LG,D
14:24:01,ICBP,RG,8200,100,D,YP,LG,D
14:24:01,ICBP,RG,8200,1,D,YP,LG,D
14:24:01,ICBP,RG,8200,25,D,YP,LG,D
14:24:01,ICBP,RG,8200,3,F,ZP,LG,D
14:24:01,ICBP,RG,8200,1,D,CC,LG,D
14:24:01,ICBP,RG,8200,1,D,PD,LG,D
14:24:01,ICBP,RG,8200,2,D,CC,LG,D
14:24:01,ICBP,RG,8200,3,D,XC,LG,D
14:24:01,ICBP,RG,8200,6,D,PD,LG,D
14:24:01,ICBP,RG,8200,1,D,PD,LG,D
14:24:01,ICBP,RG,8200,5,D,PD,LG,D
14:24:01,ICBP,RG,8200,1,D,PD,LG,D
14:24:01,ICBP,RG,8200,1,D,PD,LG,D
14:24:01,ICBP,RG,8200,1,D,PD,LG,D
14:24:01,ICBP,RG,8200,2,D,PD,LG,D
14:24:01,ICBP,RG,8200,1,D,PD,LG,D
14:24:01,ICBP,RG,8200,1,D,DH,LG,D
14:24:01,ICBP,RG,8200,10,D,CD,LG,D
14:24:01,ICBP,RG,8200,1,D,PD,LG,D
14:24:01,ICBP,RG,8200,1,D,PD,LG,D
14:24:01,ICBP,RG,8200,3,D,PD,LG,D
14:24:01,ICBP,RG,8200,1,D,GR,LG,D
14:24:01,ICBP,RG,8200,2,D,PD,LG,D
14:24:01,ICBP,RG,8200,2,D,YP,LG,D
14:24:01,ICBP,RG,8200,23,D,XC,LG,D
14:24:01,ICBP,RG,8200,9,D,PD,LG,D
14:24:01,ICBP,RG,8200,1,D,YP,LG,D
14:24:01,ICBP,RG,8200,20,D,EP,LG,D
14:24:01,ICBP,RG,8200,1,D,PD,LG,D
14:24:01,ICBP,RG,8200,1,D,PD,LG,D
14:24:01,ICBP,RG,8200,5,D,PD,LG,D
14:24:01,ICBP,RG,8200,2,D,YP,LG,D
14:24:01,ICBP,RG,8200,5,D,CD,LG,D
14:24:01,ICBP,RG,8200,1,D,PD,LG,D
14:24:01,ICBP,RG,8200,3,D,YP,LG,D
14:24:01,ICBP,RG,8200,1,D,YP,LG,D
14:24:01,ICBP,RG,8200,1,D,XC,LG,D
14:24:01,ICBP,RG,8200,1,D,CC,LG,D
14:24:01,ICBP,RG,8200,3,D,CC,LG,D
14:24:01,ICBP,RG,8200,1,D,KK,LG,D
14:24:01,ICBP,RG,8200,1,D,CC,LG,D
14:24:01,ICBP,RG,8200,2,D,XC,LG,D
14:24:01,ICBP,RG,8200,1,D,OD,LG,D
14:24:01,ICBP,RG,8200,1,D,XC,LG,D
14:24:01,ICBP,RG,8200,10,D,OD,LG,D
14:24:01,ICBP,RG,8200,2,D,XC,LG,D
14:24:01,ICBP,RG,8200,1,D,PD,LG,D
14:24:01,ICBP,RG,8200,5,D,CC,LG,D
14:24:01,ICBP,RG,8200,1,D,PD,LG,D
14:24:01,ICBP,RG,8200,1,D,XC,LG,D
14:24:01,ICBP,RG,8200,2,D,KK,LG,D
14:24:01,ICBP,RG,8200,2,D,XC,LG,D
14:24:01,ICBP,RG,8200,20,D,PD,LG,D
14:24:01,ICBP,RG,8200,31,D,PD,LG,D
14:24:01,ICBP,RG,8200,5,D,PD,LG,D
14:24:01,ICBP,RG,8200,1,D,LG,LG,D
14:24:01,ICBP,RG,8200,1,D,EP,LG,D
14:24:01,ICBP,RG,8200,7,D,PD,LG,D
14:24:01,ICBP,RG,8200,2,D,DH,LG,D
14:24:01,ICBP,RG,8200,12,D,XC,LG,D
14:24:01,ICBP,RG,8200,2,D,YP,LG,D
14:24:01,ICBP,RG,8200,1,D,CC,LG,D
14:24:01,ICBP,RG,8200,1,D,CC,LG,D
14:24:01,ICBP,RG,8200,1,D,NI,LG,D
14:24:01,ICBP,RG,8200,2,D,CC,LG,D
14:24:01,ICBP,RG,8200,55,D,LG,LG,D
14:24:01,ICBP,RG,8200,2,D,PD,LG,D
14:24:01,ICBP,RG,8200,2,D,SQ,LG,D
14:24:01,ICBP,RG,8200,1,D,NI,LG,D
14:24:01,ICBP,RG,8200,2,D,PD,LG,D
14:24:01,ICBP,RG,8200,2,D,XC,LG,D
14:24:01,ICBP,RG,8200,1,D,XC,LG,D
14:24:01,ICBP,RG,8200,1,D,PD,LG,D
14:24:01,ICBP,RG,8200,1,D,CC,LG,D
14:24:01,ICBP,RG,8200,5,D,GR,LG,D
14:24:01,ICBP,RG,8200,1,D,PD,LG,D
14:24:01,ICBP,RG,8200,2,D,CC,LG,D
14:24:01,ICBP,RG,8200,20,D,CC,LG,D
14:24:01,ICBP,RG,8200,3,D,IF,LG,D
14:24:01,ICBP,RG,8200,2,D,PD,LG,D
14:24:01,ICBP,RG,8200,1,D,NI,LG,D
14:24:01,ICBP,RG,8200,2,D,PD,LG,D
14:24:01,ICBP,RG,8200,189,F,ZP,LG,D
14:24:01,ICBP,RG,8200,1,D,SQ,LG,D
14:24:01,ICBP,RG,8200,1,D,XC,LG,D
14:24:01,ICBP,RG,8200,187,F,ZP,LG,D
14:24:01,ICBP,RG,8200,3,D,XC,LG,D
14:24:01,ICBP,RG,8200,1,D,YP,LG,D
14:24:01,ICBP,RG,8200,1,D,ZP,LG,D
14:24:01,ICBP,RG,8200,118,F,ZP,LG,D
14:24:01,ICBP,RG,8200,1,D,GR,LG,D
14:24:01,ICBP,RG,8200,5,D,MU,LG,D
14:24:01,ICBP,RG,8200,1,D,XC,LG,D
14:24:01,ICBP,RG,8200,1,D,DR,LG,D
14:24:01,ICBP,RG,8200,10,D,YP,LG,D
14:24:01,ICBP,RG,8200,5,D,YP,LG,D
14:24:01,ICBP,RG,8200,50,D,YP,LG,D
14:24:01,ICBP,RG,8200,25,D,XC,LG,D
14:24:01,ICBP,RG,8200,10,D,CC,LG,D
14:24:01,ICBP,RG,8200,2,D,PD,LG,D
14:24:01,ICBP,RG,8200,120,D,CC,LG,D
14:24:01,ICBP,RG,8200,1,D,YP,LG,D
14:24:01,ICBP,RG,8200,2,D,GR,LG,D
14:24:01,ICBP,RG,8200,1,D,OD,LG,D
14:24:01,ICBP,RG,8200,10,D,YP,LG,D
14:24:01,ICBP,RG,8200,4,D,DH,LG,D
14:24:01,ICBP,RG,8200,1,D,YP,LG,D
14:24:01,ICBP,RG,8200,1,D,XC,LG,D
14:24:01,ICBP,RG,8200,1,D,PD,LG,D
14:24:01,ICBP,RG,8200,1,D,PD,LG,D
14:24:01,ICBP,RG,8200,1,D,XC,LG,D
14:24:01,ICBP,RG,8200,25,D,CC,LG,D
14:24:01,ICBP,RG,8200,3,D,NI,LG,D
14:24:01,ICBP,RG,8200,252,D,SQ,LG,D
14:24:00,ICBP,RG,8200,11,D,SQ,ZP,F
14:23:45,ICBP,RG,8200,1,D,SQ,AK,F
14:23:45,ICBP,RG,8225,1,F,AK,YU,D
14:23:00,ICBP,RG,8225,4,F,ZP,YU,D
14:22:47,ICBP,RG,8225,14,D,DX,YU,D
14:22:47,ICBP,RG,8225,1,D,DX,ZP,F
14:22:47,ICBP,RG,8225,1,D,DX,DH,D
14:22:47,ICBP,RG,8225,4,D,DX,DR,D
14:22:45,ICBP,RG,8225,8,D,DX,DR,D
14:22:41,ICBP,RG,8225,15,D,DX,DR,D
14:22:27,ICBP,RG,8225,2,D,LG,DR,D
14:22:21,ICBP,RG,8225,3,D,XC,DR,D
14:22:05,ICBP,RG,8200,7,D,SQ,ZP,F
14:21:47,ICBP,RG,8225,13,D,CC,DR,D
14:21:47,ICBP,RG,8225,10,D,CC,ZP,F
14:21:47,ICBP,RG,8225,10,D,CC,YP,D
14:21:47,ICBP,RG,8225,10,D,CC,ZP,F
14:21:47,ICBP,RG,8225,7,D,CC,YU,D
14:21:33,ICBP,RG,8225,27,D,GR,YU,D
14:21:01,ICBP,RG,8225,4,D,YP,YU,D
14:21:00,ICBP,RG,8200,10,D,SQ,ZP,F
14:20:24,ICBP,RG,8225,21,D,DX,YU,D
14:20:22,ICBP,RG,8225,13,D,DX,YU,D
14:20:20,ICBP,RG,8200,4,D,SQ,ZP,F
14:20:17,ICBP,RG,8225,8,D,DX,YU,D
14:20:01,ICBP,RG,8200,65,D,SQ,YU,D
14:19:37,ICBP,RG,8225,20,D,CC,YU,D
14:19:13,ICBP,RG,8200,5,D,SQ,ZP,F
14:19:10,ICBP,RG,8225,20,D,PD,YU,D
14:19:00,ICBP,RG,8200,10,D,SQ,ZP,F
14:18:34,ICBP,RG,8200,5,D,SQ,YP,D
14:18:30,ICBP,RG,8200,11,D,SQ,ZP,F
14:18:11,ICBP,RG,8200,2,D,SQ,ZP,F
14:18:00,ICBP,RG,8200,10,D,SQ,ZP,F
14:17:47,ICBP,RG,8200,2,D,SQ,ZP,F
14:17:46,ICBP,RG,8200,25,D,SQ,CC,D
14:17:37,ICBP,RG,8225,1,D,YP,YU,D
14:17:18,ICBP,RG,8200,6,D,SQ,ZP,F
14:17:17,ICBP,RG,8225,10,D,YP,YU,D
14:17:17,ICBP,RG,8225,1,D,YP,YU,D
14:17:17,ICBP,RG,8225,10,D,TP,YU,D
14:17:17,ICBP,RG,8225,9,D,DX,YU,D
14:17:17,ICBP,RG,8225,7,D,YJ,YU,D
14:17:17,ICBP,RG,8225,13,D,DX,YU,D
14:17:17,ICBP,RG,8225,26,D,DX,YU,D
14:17:17,ICBP,RG,8225,3,F,BK,YU,D
14:17:15,ICBP,RG,8250,6,D,YP,LG,D
14:17:11,ICBP,RG,8225,40,F,BK,GR,D
14:17:00,ICBP,RG,8225,10,F,BK,ZP,F
14:16:00,ICBP,RG,8225,56,F,BK,YU,D
14:16:00,ICBP,RG,8225,5,D,KK,YU,D
14:16:00,ICBP,RG,8225,1,D,NI,YU,D
14:16:00,ICBP,RG,8225,3,D,XC,YU,D
14:16:00,ICBP,RG,8225,3,D,GR,ZP,F
14:16:00,ICBP,RG,8225,4,D,NI,ZP,F
14:16:00,ICBP,RG,8225,1,D,XC,ZP,F
14:16:00,ICBP,RG,8225,2,D,NI,ZP,F
14:15:51,ICBP,RG,8250,3,D,PD,LG,D
14:15:49,ICBP,RG,8225,3,D,TP,AK,F
14:15:48,ICBP,RG,8225,2,D,TP,ZP,F
14:15:36,ICBP,RG,8225,5,D,TP,KZ,D
14:15:36,ICBP,RG,8225,1,D,XC,KZ,D
14:15:36,ICBP,RG,8225,350,D,RX,KZ,D
14:15:36,ICBP,RG,8225,2,D,PD,KZ,D
14:15:36,ICBP,RG,8225,2,D,XC,KZ,D
14:15:36,ICBP,RG,8225,30,D,KK,KZ,D
14:15:36,ICBP,RG,8225,1,D,XC,KZ,D
14:15:36,ICBP,RG,8225,17,D,DR,KZ,D
14:15:36,ICBP,RG,8225,2,D,YP,KZ,D
14:15:36,ICBP,RG,8225,1,D,PD,KZ,D
14:15:36,ICBP,RG,8225,1,D,XC,KZ,D
14:15:36,ICBP,RG,8225,1,D,PD,KZ,D
14:15:36,ICBP,RG,8225,10,D,PD,KZ,D
14:15:36,ICBP,RG,8225,1,D,PD,KZ,D
14:15:36,ICBP,RG,8225,6,F,ZP,KZ,D
14:15:36,ICBP,RG,8225,1,F,AK,KZ,D
14:15:36,ICBP,RG,8225,1,D,CC,KZ,D
14:15:36,ICBP,RG,8225,2,D,XC,KZ,D
14:15:36,ICBP,RG,8225,2,D,PD,KZ,D
14:15:36,ICBP,RG,8225,2,D,NI,KZ,D
14:15:36,ICBP,RG,8225,1,D,DH,KZ,D
14:15:36,ICBP,RG,8225,4,D,PD,KZ,D
14:15:36,ICBP,RG,8225,1,D,XC,KZ,D
14:15:36,ICBP,RG,8225,2,D,YP,KZ,D
14:15:36,ICBP,RG,8225,25,F,ZP,KZ,D
14:15:36,ICBP,RG,8225,29,F,BK,KZ,D
14:15:35,ICBP,RG,8250,10,D,DX,LG,D
14:15:32,ICBP,RG,8250,14,D,DX,LG,D
14:15:32,ICBP,RG,8250,24,D,DX,LG,D
14:15:22,ICBP,RG,8225,1,F,BK,ZP,F
14:15:16,ICBP,RG,8250,2,D,PD,LG,D
14:15:16,ICBP,RG,8250,3,F,ZP,LG,D
14:15:06,ICBP,RG,8225,7,F,BK,ZP,F
14:13:19,ICBP,RG,8225,7,F,BK,ZP,F
14:13:14,ICBP,RG,8250,4,F,ZP,LG,D
14:13:14,ICBP,RG,8250,9,D,DX,LG,D
14:13:05,ICBP,RG,8250,19,D,DX,LG,D
14:13:03,ICBP,RG,8250,16,D,DX,LG,D
14:12:05,ICBP,RG,8250,20,D,PD,LG,D
14:12:00,ICBP,RG,8225,61,F,BK,YU,D
14:11:39,ICBP,RG,8225,6,F,BK,ZP,F
14:10:59,ICBP,RG,8250,2,D,XC,LG,D
14:10:46,ICBP,RG,8250,9,D,DX,LG,D
14:10:46,ICBP,RG,8250,25,D,DX,LG,D
14:10:42,ICBP,RG,8225,2,F,BK,PD,D
14:10:39,ICBP,RG,8250,15,D,DX,LG,D
14:10:21,ICBP,RG,8225,4,F,BK,ZP,F
14:09:14,ICBP,RG,8225,9,F,BK,ZP,F
14:08:37,ICBP,RG,8225,4,F,BK,KK,D
14:08:24,ICBP,RG,8250,19,D,DX,LG,D
14:08:20,ICBP,RG,8250,14,D,DX,LG,D
14:08:16,ICBP,RG,8250,9,D,DX,LG,D
14:08:00,ICBP,RG,8225,71,F,BK,YU,D
14:07:43,ICBP,RG,8225,6,F,BK,NI,D
14:07:43,ICBP,RG,8225,4,F,BK,AK,F
14:07:31,ICBP,RG,8250,1,D,NI,LG,D
14:07:09,ICBP,RG,8225,8,F,BK,ZP,F
14:06:56,ICBP,RG,8225,2,F,BK,PD,D
14:06:14,ICBP,RG,8225,1,F,BK,PD,D
14:05:54,ICBP,RG,8250,24,D,DX,LG,D
14:05:53,ICBP,RG,8250,12,D,DX,LG,D
14:05:50,ICBP,RG,8250,9,D,DX,LG,D
14:05:43,ICBP,RG,8250,3,D,SQ,LG,D
14:05:31,ICBP,RG,8250,19,D,PD,LG,D
14:05:29,ICBP,RG,8225,2,F,BK,CC,D
14:05:15,ICBP,RG,8225,3,F,BK,ZP,F
14:04:56,ICBP,RG,8225,11,F,BK,NI,D
14:04:36,ICBP,RG,8225,10,F,BK,ZP,F
14:04:00,ICBP,RG,8225,65,F,BK,YU,D
14:03:43,ICBP,RG,8225,5,F,BK,GR,D
14:03:23,ICBP,RG,8250,1,D,XC,LG,D
14:03:11,ICBP,RG,8250,6,D,XC,LG,D
14:03:10,ICBP,RG,8225,1,F,BK,PD,D
14:02:52,ICBP,RG,8250,1,D,XC,LG,D
14:02:15,ICBP,RG,8225,8,F,BK,KZ,D
14:02:14,ICBP,RG,8225,23,D,DX,KZ,D
14:02:14,ICBP,RG,8225,9,D,DX,KZ,D
14:02:14,ICBP,RG,8225,16,D,DX,KZ,D
14:02:14,ICBP,RG,8225,1,D,XC,KZ,D
14:02:14,ICBP,RG,8225,10,D,PD,KZ,D
14:02:14,ICBP,RG,8225,2,D,PD,KZ,D
14:02:14,ICBP,RG,8225,2,D,YP,KZ,D
14:02:14,ICBP,RG,8225,2,D,XC,KZ,D
14:02:14,ICBP,RG,8225,13,D,XC,KZ,D
14:02:14,ICBP,RG,8225,240,F,BK,KZ,D
14:02:14,ICBP,RG,8225,21,D,PD,KZ,D
14:02:14,ICBP,RG,8225,2,D,NI,KZ,D
14:02:14,ICBP,RG,8225,25,D,YP,KZ,D
14:02:14,ICBP,RG,8225,1,D,YP,KZ,D
14:02:14,ICBP,RG,8225,2,D,XC,KZ,D
14:02:14,ICBP,RG,8225,1,D,YP,KZ,D
14:02:14,ICBP,RG,8225,1,D,PD,KZ,D
14:02:14,ICBP,RG,8225,3,D,PD,KZ,D
14:02:14,ICBP,RG,8225,10,D,TP,KZ,D
14:02:14,ICBP,RG,8225,50,D,YP,KZ,D
14:02:14,ICBP,RG,8225,50,D,YP,KZ,D
14:02:14,ICBP,RG,8225,300,D,RX,KZ,D
14:02:14,ICBP,RG,8225,1,D,PD,KZ,D
14:02:14,ICBP,RG,8225,4,D,XC,KZ,D
14:02:14,ICBP,RG,8225,20,D,NI,KZ,D
14:02:14,ICBP,RG,8225,1,D,NI,KZ,D
14:02:14,ICBP,RG,8225,10,D,LG,KZ,D
14:02:14,ICBP,RG,8225,1,D,PD,KZ,D
14:02:14,ICBP,RG,8225,10,D,YP,KZ,D
14:02:14,ICBP,RG,8225,1,D,YP,KZ,D
14:02:14,ICBP,RG,8225,1,F,AK,KZ,D
14:02:14,ICBP,RG,8225,1,D,PD,KZ,D
14:02:14,ICBP,RG,8225,12,D,DR,KZ,D
14:02:14,ICBP,RG,8225,1,D,OD,KZ,D
14:02:14,ICBP,RG,8225,2,D,YP,KZ,D
14:02:14,ICBP,RG,8225,5,D,AZ,KZ,D
14:02:14,ICBP,RG,8225,1,D,KK,KZ,D
14:02:14,ICBP,RG,8225,2,D,YP,KZ,D
14:02:14,ICBP,RG,8225,50,D,PD,KZ,D
14:02:14,ICBP,RG,8225,10,D,PD,KZ,D
14:02:14,ICBP,RG,8225,1,D,PD,KZ,D
14:02:14,ICBP,RG,8225,5,D,YP,KZ,D
14:02:14,ICBP,RG,8225,2,F,ZP,KZ,D
14:02:14,ICBP,RG,8225,1,D,XC,KZ,D
14:02:14,ICBP,RG,8225,6,D,KK,KZ,D
14:02:14,ICBP,RG,8225,11,F,ZP,KZ,D
14:02:14,ICBP,RG,8225,302,D,YP,KZ,D
14:02:14,ICBP,RG,8225,8,D,YP,ZP,F
14:01:36,ICBP,RG,8250,1,D,YP,LG,D
14:01:11,ICBP,RG,8250,22,D,DX,LG,D
14:01:10,ICBP,RG,8250,8,D,DX,LG,D
14:01:08,ICBP,RG,8250,15,D,DX,LG,D
14:01:00,ICBP,RG,8250,1,D,XC,LG,D
14:00:49,ICBP,RG,8250,30,D,YP,LG,D
14:00:15,ICBP,RG,8225,5,D,YP,ZP,F
14:00:01,ICBP,RG,8225,67,D,YP,YU,D
13:59:45,ICBP,RG,8250,1,F,AK,LG,D
13:59:30,ICBP,RG,8225,1,D,YP,YP,D
13:59:29,ICBP,RG,8225,1,D,YP,CC,D
13:59:06,ICBP,RG,8225,8,D,YP,ZP,F
13:58:47,ICBP,RG,8250,20,D,DX,LG,D
13:58:42,ICBP,RG,8250,15,D,DX,LG,D
13:58:40,ICBP,RG,8250,8,D,DX,LG,D
13:58:35,ICBP,RG,8225,4,D,YP,NI,D
13:58:33,ICBP,RG,8250,2,D,SQ,LG,D
13:58:09,ICBP,RG,8250,20,D,PD,LG,D
13:57:11,ICBP,RG,8225,7,D,YP,ZP,F
13:57:00,ICBP,RG,8225,4,D,YP,AK,F
13:56:22,ICBP,RG,8250,12,D,DX,LG,D
13:56:16,ICBP,RG,8250,19,D,DX,LG,D
13:56:12,ICBP,RG,8250,1,D,XC,LG,D
13:56:12,ICBP,RG,8250,10,D,DX,LG,D
13:56:01,ICBP,RG,8250,1,D,XC,LG,D
13:55:48,ICBP,RG,8250,17,D,NI,LG,D
13:55:24,ICBP,RG,8225,4,D,YP,ZP,F
13:55:08,ICBP,RG,8225,5,D,YP,GR,D
13:55:00,ICBP,RG,8225,62,D,YP,YU,D
13:54:58,ICBP,RG,8225,1,D,YP,AK,F
13:54:26,ICBP,RG,8225,8,D,YP,ZP,F
13:53:57,ICBP,RG,8250,14,D,DX,LG,D
13:53:49,ICBP,RG,8250,8,D,DX,LG,D
13:53:48,ICBP,RG,8250,25,D,DX,LG,D
13:53:47,ICBP,RG,8250,5,D,PD,LG,D
13:52:44,ICBP,RG,8225,6,D,YP,ZP,F
13:51:40,ICBP,RG,8250,10,D,XC,LG,D
13:51:30,ICBP,RG,8250,16,D,DX,LG,D
13:51:29,ICBP,RG,8250,9,D,DX,LG,D
13:51:29,ICBP,RG,8250,1,D,DX,AK,F
13:51:29,ICBP,RG,8250,25,D,DX,YU,D
13:51:13,ICBP,RG,8225,4,D,YP,ZP,F
13:51:08,ICBP,RG,8225,12,D,YP,NI,D
13:51:08,ICBP,RG,8250,4,D,PD,YU,D
13:51:08,ICBP,RG,8250,15,D,PD,KZ,D
13:50:44,ICBP,RG,8225,1,D,YP,PD,D
13:50:31,ICBP,RG,8225,6,D,YP,PD,D
13:50:28,ICBP,RG,8225,1,D,YP,PD,D
13:50:22,ICBP,RG,8225,1,D,YP,YP,D
13:50:22,ICBP,RG,8225,5,D,YP,ZP,F
13:50:22,ICBP,RG,8225,1,D,YP,ZP,F
13:50:06,ICBP,RG,8225,2,D,YP,XC,D
13:49:09,ICBP,RG,8225,7,D,YP,ZP,F
13:49:08,ICBP,RG,8250,23,D,DX,KZ,D
13:49:06,ICBP,RG,8250,1,D,NI,KZ,D
13:49:04,ICBP,RG,8250,1,D,LG,KZ,D
13:49:02,ICBP,RG,8250,15,D,DX,KZ,D
13:49:01,ICBP,RG,8250,10,D,DX,KZ,D
13:48:59,ICBP,RG,8225,1,D,YP,PD,D
13:48:00,ICBP,RG,8225,63,D,YP,YU,D
13:47:19,ICBP,RG,8225,8,D,YP,ZP,F
13:46:58,ICBP,RG,8225,2,D,YP,PD,D
13:46:40,ICBP,RG,8250,20,D,DX,KZ,D
13:46:38,ICBP,RG,8250,13,D,DX,KZ,D
13:46:37,ICBP,RG,8250,10,D,DX,KZ,D
13:45:28,ICBP,RG,8250,1,D,XC,KZ,D
13:45:26,ICBP,RG,8250,2,D,NI,KZ,D
13:45:13,ICBP,RG,8250,1,D,NI,KZ,D
13:45:11,ICBP,RG,8225,5,F,BK,ZP,F
13:45:10,ICBP,RG,8225,135,F,BK,DR,D
13:44:40,ICBP,RG,8250,5,D,YP,KZ,D
13:44:14,ICBP,RG,8250,8,D,DX,KZ,D
13:44:13,ICBP,RG,8250,20,D,DX,KZ,D
13:44:10,ICBP,RG,8250,14,D,DX,KZ,D
13:44:09,ICBP,RG,8250,20,D,PD,KZ,D
13:44:07,ICBP,RG,8225,7,F,BK,ZP,F
13:44:00,ICBP,RG,8225,66,F,BK,YU,D
13:43:09,ICBP,RG,8225,10,F,BK,LG,D
13:43:08,ICBP,RG,8250,2,D,NI,KZ,D
13:42:51,ICBP,RG,8250,3,D,DR,KZ,D
13:42:22,ICBP,RG,8225,22,F,BK,XC,D
13:42:20,ICBP,RG,8225,9,F,BK,ZP,F
13:42:17,ICBP,RG,8225,1,F,BK,PD,D
13:41:57,ICBP,RG,8225,5,F,BK,PD,D
13:41:55,ICBP,RG,8225,2,F,BK,PD,D
13:41:51,ICBP,RG,8250,12,D,DX,KZ,D
13:41:50,ICBP,RG,8225,2,F,BK,PD,D
13:41:49,ICBP,RG,8250,8,D,DX,KZ,D
13:41:47,ICBP,RG,8250,26,D,DX,KZ,D
13:40:15,ICBP,RG,8225,2,F,BK,ZP,F
13:40:01,ICBP,RG,8225,64,F,BK,YU,D
13:40:01,ICBP,RG,8225,2,D,TF,YU,D
13:39:50,ICBP,RG,8225,8,D,TF,ZP,F
13:39:28,ICBP,RG,8250,10,D,DX,GR,D
13:39:28,ICBP,RG,8250,22,D,DX,GR,D
13:39:25,ICBP,RG,8250,16,D,DX,GR,D
13:37:48,ICBP,RG,8225,1,D,TF,ZP,F
13:37:48,ICBP,RG,8225,1,F,AK,ZP,F
13:37:48,ICBP,RG,8225,3,D,YP,ZP,F
13:37:43,ICBP,RG,8250,1,D,NI,GR,D
13:37:25,ICBP,RG,8250,20,D,PD,GR,D
13:37:00,ICBP,RG,8250,15,D,DX,GR,D
13:36:59,ICBP,RG,8225,1,D,DX,DR,D
13:36:59,ICBP,RG,8225,10,D,CC,DR,D
13:36:59,ICBP,RG,8225,13,D,YP,DR,D
13:36:59,ICBP,RG,8225,37,F,BK,DR,D
13:36:59,ICBP,RG,8225,2,D,KK,DR,D
13:36:59,ICBP,RG,8225,19,D,DX,DR,D
13:36:59,ICBP,RG,8225,2,F,ZP,DR,D
13:36:59,ICBP,RG,8225,16,D,RX,DR,D
13:36:59,ICBP,RG,8250,9,D,DX,GR,D
13:36:45,ICBP,RG,8225,6,D,RX,ZP,F
13:36:41,ICBP,RG,8225,65,D,RX,YU,D
13:35:42,ICBP,RG,8250,2,D,CC,GR,D
13:35:15,ICBP,RG,8225,2,D,RX,ZP,F
13:35:00,ICBP,RG,8225,10,D,RX,KK,D
13:34:47,ICBP,RG,8225,1,D,RX,AK,F
13:34:47,ICBP,RG,8200,4,D,SQ,ZP,F
13:34:46,ICBP,RG,8225,1,F,BK,AK,F
13:34:46,ICBP,RG,8225,5,F,BK,GR,D
13:34:46,ICBP,RG,8225,36,F,BK,YU,D
13:34:46,ICBP,RG,8225,31,F,BK,DR,D
13:34:45,ICBP,RG,8225,6,D,PD,DR,D
13:34:40,ICBP,RG,8225,9,D,CC,DR,D
13:34:40,ICBP,RG,8225,1,D,CC,ZP,F
13:33:20,ICBP,RG,8225,1,D,NI,ZP,F
13:33:13,ICBP,RG,8225,11,F,ZP,AK,F
13:33:13,ICBP,RG,8225,54,F,BK,AK,F
13:33:12,ICBP,RG,8225,7,F,BK,ZP,F
13:33:12,ICBP,RG,8225,10,D,SQ,KZ,D
13:33:12,ICBP,RG,8225,40,D,PD,KZ,D
13:33:12,ICBP,RG,8225,15,D,DX,KZ,D
13:33:12,ICBP,RG,8225,8,D,DX,KZ,D
13:33:12,ICBP,RG,8225,20,D,DX,KZ,D
13:33:12,ICBP,RG,8225,2,D,PD,KZ,D
13:33:12,ICBP,RG,8225,12,D,PD,KZ,D
13:33:12,ICBP,RG,8225,1,D,TP,KZ,D
13:33:12,ICBP,RG,8225,4,F,ZP,KZ,D
13:33:12,ICBP,RG,8225,3,D,YP,KZ,D
13:33:12,ICBP,RG,8225,1,F,AK,KZ,D
13:33:12,ICBP,RG,8225,22,F,BK,KZ,D
13:33:12,ICBP,RG,8225,1,D,XC,KZ,D
13:33:12,ICBP,RG,8225,10,D,XC,KZ,D
13:33:12,ICBP,RG,8225,1,D,PD,KZ,D
13:33:12,ICBP,RG,8225,3,D,PD,KZ,D
13:33:12,ICBP,RG,8225,4,D,CC,KZ,D
13:33:12,ICBP,RG,8225,1,D,PD,KZ,D
13:33:12,ICBP,RG,8225,1,D,PD,KZ,D
13:33:12,ICBP,RG,8225,1,D,DH,KZ,D
13:33:12,ICBP,RG,8225,3,D,NI,KZ,D
13:33:12,ICBP,RG,8225,1,D,EP,KZ,D
13:33:12,ICBP,RG,8225,1,D,YP,KZ,D
13:33:12,ICBP,RG,8225,22,D,XC,KZ,D
13:33:12,ICBP,RG,8225,1,D,PD,KZ,D
13:33:12,ICBP,RG,8225,1,D,PD,KZ,D
13:33:12,ICBP,RG,8225,20,D,YP,KZ,D
13:33:12,ICBP,RG,8225,2,D,YP,KZ,D
13:33:12,ICBP,RG,8225,2,D,CC,KZ,D
13:33:12,ICBP,RG,8225,1,D,PD,KZ,D
13:33:12,ICBP,RG,8225,15,D,PD,KZ,D
13:33:12,ICBP,RG,8225,1,D,PD,KZ,D
13:33:12,ICBP,RG,8225,1,D,PD,KZ,D
13:33:12,ICBP,RG,8225,1,D,CC,KZ,D
13:33:12,ICBP,RG,8225,10,D,NI,KZ,D
13:33:12,ICBP,RG,8225,1,D,XC,KZ,D
13:33:12,ICBP,RG,8225,1,D,YB,KZ,D
13:33:12,ICBP,RG,8225,2,D,PD,KZ,D
13:33:12,ICBP,RG,8225,1,D,XC,KZ,D
13:33:12,ICBP,RG,8225,200,D,RX,KZ,D
13:33:12,ICBP,RG,8225,3,D,CC,KZ,D
13:33:12,ICBP,RG,8225,1,D,PD,KZ,D
13:33:12,ICBP,RG,8225,2,D,YP,KZ,D
13:33:12,ICBP,RG,8225,1,D,YP,KZ,D
13:33:12,ICBP,RG,8225,3,D,XC,KZ,D
13:33:12,ICBP,RG,8225,2,D,XC,KZ,D
13:33:12,ICBP,RG,8225,2,D,YP,KZ,D
13:32:42,ICBP,RG,8225,1,D,YP,PD,D
13:32:30,ICBP,RG,8225,7,D,YP,PD,D
13:31:43,ICBP,RG,8225,3,D,YP,ZP,F
13:31:04,ICBP,RG,8225,1,D,YP,PD,D
13:30:47,ICBP,RG,8250,10,D,YP,GR,D
13:30:45,ICBP,RG,8225,1,D,YP,XC,D
13:30:37,ICBP,RG,8250,5,D,PD,GR,D
13:30:30,ICBP,RG,8250,20,D,PD,GR,D
13:30:20,ICBP,RG,8250,1,D,YP,GR,D
13:30:19,ICBP,RG,8250,1,D,YP,GR,D
13:30:18,ICBP,RG,8250,10,D,YP,GR,D
13:30:18,ICBP,RG,8250,2,D,YP,GR,D
13:30:18,ICBP,RG,8225,1,D,YP,YP,D
13:30:18,ICBP,RG,8250,20,F,NI,GR,D
13:30:17,ICBP,RG,8250,2,D,YP,GR,D
13:30:17,ICBP,RG,8250,2,D,YP,GR,D
13:30:17,ICBP,RG,8250,1,D,YP,GR,D
13:30:17,ICBP,RG,8250,1,D,YP,GR,D
13:30:16,ICBP,RG,8250,1,F,AK,GR,D
13:30:16,ICBP,RG,8250,1,D,YP,GR,D
13:30:16,ICBP,RG,8250,1,D,YP,GR,D
13:30:16,ICBP,RG,8250,15,D,YP,GR,D
13:30:15,ICBP,RG,8250,10,F,LG,GR,D
13:30:15,ICBP,RG,8250,100,D,YP,GR,D
13:30:15,ICBP,RG,8250,1,D,LG,GR,D
13:30:14,ICBP,RG,8250,5,D,CC,GR,D
13:30:14,ICBP,RG,8225,4,D,YP,AK,F
13:30:13,ICBP,RG,8250,1,D,CC,GR,D
13:30:11,ICBP,RG,8250,1,D,XC,GR,D
13:30:11,ICBP,RG,8250,2,D,XC,GR,D
13:30:10,ICBP,RG,8250,2,D,XC,GR,D
13:30:10,ICBP,RG,8250,2,D,XC,GR,D
13:30:10,ICBP,RG,8250,2,D,XC,GR,D
13:30:10,ICBP,RG,8250,1,D,XC,GR,D
13:30:09,ICBP,RG,8250,1,D,XC,GR,D
13:30:09,ICBP,RG,8250,1,D,XC,GR,D
13:30:09,ICBP,RG,8250,3,D,XC,GR,D
13:30:09,ICBP,RG,8250,2,D,XC,GR,D
13:30:09,ICBP,RG,8250,2,D,XC,GR,D
13:30:08,ICBP,RG,8250,1,D,XC,GR,D
13:30:08,ICBP,RG,8250,6,D,PD,GR,D
13:30:08,ICBP,RG,8250,2,D,PD,GR,D
13:30:07,ICBP,RG,8250,2,D,PD,GR,D
13:30:07,ICBP,RG,8250,6,D,CC,GR,D
13:30:06,ICBP,RG,8250,1,D,XC,GR,D
13:30:06,ICBP,RG,8250,3,D,XC,GR,D
13:30:06,ICBP,RG,8250,10,D,PD,GR,D
13:30:06,ICBP,RG,8250,1,D,PD,GR,D
13:30:06,ICBP,RG,8250,1,D,PD,GR,D
13:30:05,ICBP,RG,8250,1,D,PD,GR,D
13:30:05,ICBP,RG,8250,25,D,XA,GR,D
13:30:05,ICBP,RG,8250,2,D,PD,GR,D
13:30:05,ICBP,RG,8250,1,D,PD,GR,D
13:30:05,ICBP,RG,8250,2,D,DH,GR,D
13:30:05,ICBP,RG,8250,1,D,DH,GR,D
13:30:05,ICBP,RG,8250,1,D,BQ,GR,D
13:30:04,ICBP,RG,8250,12,D,DX,GR,D
13:30:04,ICBP,RG,8250,9,D,DX,GR,D
13:30:04,ICBP,RG,8250,26,D,DX,GR,D
13:30:04,ICBP,RG,8250,5,D,DX,GR,D
13:30:04,ICBP,RG,8250,9,D,PD,GR,D
13:30:04,ICBP,RG,8250,7,D,DR,GR,D
13:30:04,ICBP,RG,8250,7,D,DR,GR,D
13:30:04,ICBP,RG,8250,1,D,PD,GR,D
13:30:04,ICBP,RG,8250,1,D,PD,GR,D
13:30:03,ICBP,RG,8250,1,D,PD,GR,D
13:30:03,ICBP,RG,8250,1,D,PD,GR,D
13:30:03,ICBP,RG,8250,4,D,HP,GR,D
13:30:03,ICBP,RG,8250,1,D,AZ,GR,D
13:30:03,ICBP,RG,8250,1,D,AT,GR,D
13:30:02,ICBP,RG,8250,4,D,YB,GR,D
13:30:02,ICBP,RG,8250,1,D,DR,GR,D
13:30:02,ICBP,RG,8250,1,F,ZP,GR,D
13:30:02,ICBP,RG,8250,1,D,CC,GR,D
13:30:02,ICBP,RG,8250,6,D,YP,GR,D
13:30:02,ICBP,RG,8250,10,D,PD,GR,D
13:30:02,ICBP,RG,8250,1,D,YP,GR,D
13:30:02,ICBP,RG,8250,1,D,DR,GR,D
13:30:02,ICBP,RG,8250,1,D,NI,GR,D
13:30:02,ICBP,RG,8250,1,D,XC,GR,D
13:30:02,ICBP,RG,8250,1,D,KK,GR,D
13:30:02,ICBP,RG,8250,1,D,XC,GR,D
13:30:02,ICBP,RG,8250,3,D,CC,GR,D
13:30:02,ICBP,RG,8250,3,D,YP,GR,D
13:30:02,ICBP,RG,8250,1,D,XC,GR,D
13:30:02,ICBP,RG,8250,1,D,PD,GR,D
13:30:02,ICBP,RG,8250,2,D,YP,GR,D
13:30:02,ICBP,RG,8250,1,D,CC,GR,D
13:30:02,ICBP,RG,8250,15,D,PD,GR,D
13:30:02,ICBP,RG,8250,1,D,XC,GR,D
13:30:02,ICBP,RG,8250,2,D,XC,GR,D
13:30:02,ICBP,RG,8250,44,D,RX,GR,D
13:30:02,ICBP,RG,8275,2,D,XC,GR,D
13:30:02,ICBP,RG,8275,7,F,ZP,GR,D
13:30:02,ICBP,RG,8275,9,D,DX,GR,D
13:30:02,ICBP,RG,8275,13,D,DX,PD,D
13:30:02,ICBP,RG,8275,10,D,DX,PD,D
13:30:02,ICBP,RG,8275,12,D,DX,PD,D
11:29:57,ICBP,RG,8275,1,D,DX,ZP,F
11:29:43,ICBP,RG,8275,1,F,BK,ZP,F
11:29:30,ICBP,RG,8275,1,F,BK,ZP,F
11:29:30,ICBP,RG,8275,10,F,BK,KZ,D
11:29:27,ICBP,RG,8275,1,F,BK,ZP,F
11:29:26,ICBP,RG,8300,13,D,PD,YP,D
11:29:26,ICBP,RG,8300,6,D,PD,SQ,D
11:29:00,ICBP,RG,8275,3,D,DR,KZ,D
11:29:00,ICBP,RG,8275,27,D,RX,KZ,D
11:28:54,ICBP,RG,8275,1,D,RX,XC,D
11:28:51,ICBP,RG,8275,20,D,RX,NI,D
11:28:48,ICBP,RG,8300,19,D,DX,SQ,D
11:28:42,ICBP,RG,8300,8,D,DX,SQ,D
11:28:41,ICBP,RG,8300,13,D,DX,SQ,D
11:28:31,ICBP,RG,8275,1,D,RX,KZ,D
11:28:31,ICBP,RG,8275,2,D,RX,TP,D
11:28:31,ICBP,RG,8275,14,D,RX,KZ,D
11:28:31,ICBP,RG,8275,28,D,RX,YU,D
11:28:31,ICBP,RG,8275,47,D,RX,KZ,D
11:28:31,ICBP,RG,8275,4,D,RX,KZ,D
11:28:31,ICBP,RG,8275,26,D,RX,KZ,D
11:28:31,ICBP,RG,8275,1,D,RX,YP,D
11:28:31,ICBP,RG,8275,9,D,RX,KZ,D
11:28:31,ICBP,RG,8275,5,D,RX,CC,D
11:28:31,ICBP,RG,8275,150,D,RX,KZ,D
11:28:31,ICBP,RG,8275,37,D,RX,YU,D
11:28:31,ICBP,RG,8275,5,D,RX,YP,D
11:28:31,ICBP,RG,8275,10,D,RX,CC,D
11:28:31,ICBP,RG,8275,1,D,RX,XC,D
11:28:31,ICBP,RG,8275,9,D,RX,DR,D
11:28:31,ICBP,RG,8275,20,D,RX,PD,D
11:28:31,ICBP,RG,8275,83,D,RX,KZ,D
11:28:26,ICBP,RG,8275,2,D,CC,KZ,D
11:26:58,ICBP,RG,8275,20,D,PD,KZ,D
11:26:56,ICBP,RG,8250,1,D,RX,XC,D
11:26:44,ICBP,RG,8275,1,D,YP,KZ,D
11:26:30,ICBP,RG,8250,1,D,RX,AK,F
11:26:27,ICBP,RG,8275,19,D,DX,KZ,D
11:26:27,ICBP,RG,8275,9,D,DX,KZ,D
11:26:23,ICBP,RG,8275,15,D,DX,KZ,D
11:25:54,ICBP,RG,8250,5,D,RX,XC,D
11:25:26,ICBP,RG,8250,2,D,RX,PD,D
11:24:46,ICBP,RG,8275,1,D,CC,KZ,D
11:24:46,ICBP,RG,8275,3,D,CC,XC,D
11:24:46,ICBP,RG,8275,1,D,CC,GR,D
11:24:15,ICBP,RG,8250,1,D,RX,AK,F
11:24:11,ICBP,RG,8275,3,F,ZP,GR,D
11:24:07,ICBP,RG,8275,1,D,DX,GR,D
11:24:07,ICBP,RG,8275,5,D,DX,CC,D
11:24:07,ICBP,RG,8275,1,D,DX,XC,D
11:24:07,ICBP,RG,8275,2,D,DX,GR,D
11:24:06,ICBP,RG,8275,3,D,DX,GR,D
11:24:06,ICBP,RG,8275,2,D,DX,PD,D
11:24:06,ICBP,RG,8275,7,D,DX,DH,D
11:24:01,ICBP,RG,8275,26,D,DX,DH,D
11:23:22,ICBP,RG,8275,2,D,YP,DH,D
11:23:10,ICBP,RG,8250,27,D,RX,KZ,D
11:21:47,ICBP,RG,8250,33,D,RX,YU,D
11:21:39,ICBP,RG,8275,15,D,DX,DH,D
11:21:39,ICBP,RG,8275,1,D,DX,KZ,D
11:21:39,ICBP,RG,8275,3,D,DX,KZ,D
11:21:39,ICBP,RG,8275,1,D,DX,KZ,D
11:21:39,ICBP,RG,8275,1,D,DX,AK,F
11:21:39,ICBP,RG,8275,5,D,DX,KZ,D
11:21:37,ICBP,RG,8275,23,D,DX,KZ,D
11:21:15,ICBP,RG,8250,11,D,RX,CC,D
11:20:30,ICBP,RG,8250,1,D,RX,AK,F
11:19:26,ICBP,RG,8275,1,F,ZP,KZ,D
11:19:20,ICBP,RG,8275,23,D,DX,KZ,D
11:19:19,ICBP,RG,8275,16,D,DX,KZ,D
11:19:14,ICBP,RG,8275,9,D,DX,KZ,D
11:18:50,ICBP,RG,8275,1,D,KK,KZ,D
11:17:36,ICBP,RG,8275,3,F,ZP,KZ,D
11:17:19,ICBP,RG,8275,3,D,XC,KZ,D
11:17:02,ICBP,RG,8275,14,D,DX,KZ,D
11:16:56,ICBP,RG,8275,21,D,DX,KZ,D
11:16:55,ICBP,RG,8275,8,D,DX,KZ,D
11:16:21,ICBP,RG,8250,2,D,RX,CC,D
11:16:05,ICBP,RG,8250,5,D,RX,PD,D
11:16:00,ICBP,RG,8275,30,D,YP,KZ,D
11:15:23,ICBP,RG,8275,8,F,ZP,KZ,D
11:15:07,ICBP,RG,8275,1,F,AK,KZ,D
11:15:04,ICBP,RG,8250,1,D,RX,NI,D
11:14:39,ICBP,RG,8275,12,D,DX,KZ,D
11:14:35,ICBP,RG,8250,1,D,RX,PD,D
11:14:35,ICBP,RG,8275,8,D,DX,KZ,D
11:14:29,ICBP,RG,8275,14,D,DX,KZ,D
11:14:29,ICBP,RG,8275,1,D,DX,PD,D
11:14:29,ICBP,RG,8275,9,D,DX,KZ,D
11:14:12,ICBP,RG,8250,1,D,RX,BQ,D
11:12:53,ICBP,RG,8250,5,D,RX,GR,D
11:12:13,ICBP,RG,8275,16,D,DX,KZ,D
11:12:10,ICBP,RG,8275,19,D,DX,KZ,D
11:12:08,ICBP,RG,8275,8,D,DX,KZ,D
11:10:23,ICBP,RG,8250,9,D,RX,PD,D
11:10:23,ICBP,RG,8250,1,D,KK,PD,D
11:09:56,ICBP,RG,8275,1,D,XC,LS,D
11:09:55,ICBP,RG,8275,1,D,YP,LS,D
11:09:55,ICBP,RG,8275,1,D,YP,AK,F
11:09:55,ICBP,RG,8275,17,D,YP,AI,D
11:09:55,ICBP,RG,8275,15,D,DX,AI,D
11:09:52,ICBP,RG,8275,24,D,DX,AI,D
11:09:48,ICBP,RG,8275,9,D,DX,AI,D
11:09:31,ICBP,RG,8275,10,D,CC,AI,D
11:06:43,ICBP,RG,8275,10,D,YP,AI,D
11:06:31,ICBP,RG,8275,5,D,OD,AI,D
11:06:31,ICBP,RG,8275,6,F,BK,AI,D
11:06:31,ICBP,RG,8275,4,D,CC,AI,D
11:06:29,ICBP,RG,8275,1,D,CC,PD,D
11:06:25,ICBP,RG,8275,8,D,CC,KZ,D
11:06:25,ICBP,RG,8275,10,D,DX,KZ,D
11:06:25,ICBP,RG,8275,5,D,DX,KZ,D
11:06:24,ICBP,RG,8275,7,D,DX,DH,D
11:06:24,ICBP,RG,8275,1,F,ZP,DH,D
11:06:24,ICBP,RG,8275,1,D,DR,DH,D
11:06:24,ICBP,RG,8275,11,D,DX,DH,D
11:06:16,ICBP,RG,8275,1,D,DX,CC,D
11:06:03,ICBP,RG,8275,2,D,DX,SQ,D
11:05:51,ICBP,RG,8275,10,D,DX,YP,D
11:05:51,ICBP,RG,8275,15,F,BK,YP,D
11:05:45,ICBP,RG,8275,55,F,BK,KZ,D
11:05:37,ICBP,RG,8275,7,F,BK,DH,D
11:05:19,ICBP,RG,8275,1,F,BK,YP,D
11:05:19,ICBP,RG,8275,9,D,DR,YP,D
11:05:19,ICBP,RG,8275,1,F,ZP,YP,D
11:05:19,ICBP,RG,8275,39,D,RX,YP,D
11:05:13,ICBP,RG,8300,4,D,DX,SQ,D
11:05:13,ICBP,RG,8300,4,D,DX,KK,D
11:05:10,ICBP,RG,8300,1,D,DX,KK,D
11:05:10,ICBP,RG,8300,1,D,DX,KK,D
11:05:10,ICBP,RG,8300,10,D,DX,PD,D
11:05:03,ICBP,RG,8300,1,D,YP,PD,D
11:05:03,ICBP,RG,8300,9,D,DX,PD,D
11:05:03,ICBP,RG,8300,10,D,DX,DR,D
11:05:03,ICBP,RG,8300,1,D,DX,PD,D
11:05:03,ICBP,RG,8300,1,D,DX,GR,D
11:05:01,ICBP,RG,8275,12,D,RX,YP,D
11:05:00,ICBP,RG,8275,10,D,RX,KZ,D
11:04:46,ICBP,RG,8275,1,D,RX,AK,F
11:04:46,ICBP,RG,8275,18,D,RX,GR,D
11:04:46,ICBP,RG,8275,1,D,RX,PD,D
11:04:46,ICBP,RG,8275,11,D,RX,KZ,D
11:04:46,ICBP,RG,8275,23,D,RX,DR,D
11:04:46,ICBP,RG,8275,1,D,RX,KZ,D
11:04:46,ICBP,RG,8275,1,D,RX,SQ,D
11:04:46,ICBP,RG,8275,1,D,RX,KZ,D
11:04:46,ICBP,RG,8275,5,D,RX,CC,D
11:04:46,ICBP,RG,8275,2,D,RX,YP,D
11:04:46,ICBP,RG,8275,1,D,RX,CC,D
11:04:46,ICBP,RG,8275,1,D,RX,CC,D
11:04:46,ICBP,RG,8275,8,D,RX,KZ,D
11:04:46,ICBP,RG,8275,10,D,RX,IF,D
11:04:46,ICBP,RG,8275,1,D,RX,KZ,D
11:04:46,ICBP,RG,8275,1,D,RX,PD,D
11:04:46,ICBP,RG,8275,1,D,RX,YP,D
11:04:46,ICBP,RG,8275,1,D,RX,AK,F
11:04:46,ICBP,RG,8275,2,D,RX,XC,D
11:04:46,ICBP,RG,8275,41,D,RX,KZ,D
11:04:46,ICBP,RG,8275,17,D,RX,PD,D
11:04:46,ICBP,RG,8275,1,D,RX,XC,D
11:04:46,ICBP,RG,8275,11,D,RX,PD,D
11:04:46,ICBP,RG,8275,43,D,RX,KZ,D
11:04:46,ICBP,RG,8275,2,D,RX,PD,D
11:04:46,ICBP,RG,8275,1,D,RX,IF,D
11:04:46,ICBP,RG,8275,3,D,RX,NI,D
11:04:46,ICBP,RG,8275,10,D,RX,YP,D
11:04:46,ICBP,RG,8275,8,D,RX,PD,D
11:04:46,ICBP,RG,8275,1,D,RX,YP,D
11:04:46,ICBP,RG,8275,2,D,RX,PD,D
11:04:46,ICBP,RG,8275,1,D,RX,SQ,D
11:04:46,ICBP,RG,8275,8,D,RX,YP,D
11:04:44,ICBP,RG,8275,1,F,ZP,YP,D
11:03:51,ICBP,RG,8275,4,D,CC,YP,D
11:02:48,ICBP,RG,8275,12,D,DX,YP,D
11:02:46,ICBP,RG,8275,7,D,DX,YP,D
11:02:44,ICBP,RG,8275,15,D,DX,YP,D
11:02:37,ICBP,RG,8275,1,F,AK,YP,D
11:02:34,ICBP,RG,8275,2,F,ZP,YP,D
11:02:01,ICBP,RG,8275,2,D,CC,YP,D
11:01:54,ICBP,RG,8275,1,D,YP,YP,D
11:00:38,ICBP,RG,8275,3,D,DX,YP,D
11:00:38,ICBP,RG,8275,6,D,DX,YP,D
11:00:38,ICBP,RG,8275,4,D,DX,YP,D
11:00:27,ICBP,RG,8275,4,D,YP,YP,D
11:00:13,ICBP,RG,8275,12,D,PD,YP,D
11:00:13,ICBP,RG,8275,1,D,PD,YP,D
10:59:47,ICBP,RG,8275,2,D,NI,PD,D
10:59:47,ICBP,RG,8275,1,D,NI,DH,D
10:59:40,ICBP,RG,8275,1,D,XC,GR,D
10:58:48,ICBP,RG,8275,3,F,ZP,GR,D
10:57:58,ICBP,RG,8275,1,D,XC,GR,D
10:57:47,ICBP,RG,8275,3,D,PD,GR,D
10:57:39,ICBP,RG,8275,1,D,YP,GR,D
10:57:21,ICBP,RG,8275,1,D,PD,GR,D
10:57:21,ICBP,RG,8275,1,D,PD,PD,D
10:56:50,ICBP,RG,8250,5,D,DR,YP,D
10:56:50,ICBP,RG,8250,5,D,YU,YP,D
10:56:21,ICBP,RG,8250,3,D,YU,DH,D
10:55:25,ICBP,RG,8250,5,D,YU,KZ,D
10:55:25,ICBP,RG,8250,1,D,YU,PD,D
10:55:25,ICBP,RG,8250,7,D,YU,YP,D
10:55:25,ICBP,RG,8250,1,D,YU,AK,F
10:55:25,ICBP,RG,8250,2,D,YU,PD,D
10:55:25,ICBP,RG,8250,1,D,YU,KZ,D
10:54:50,ICBP,RG,8250,1,F,AI,XC,D
10:54:50,ICBP,RG,8250,1,F,AI,KZ,D
10:54:50,ICBP,RG,8250,2,F,AI,NI,D
10:54:50,ICBP,RG,8250,7,F,AI,KZ,D
10:54:50,ICBP,RG,8250,15,F,AI,DR,D
10:54:50,ICBP,RG,8250,12,F,AI,KZ,D
10:54:50,ICBP,RG,8250,25,F,AI,CC,D
10:54:50,ICBP,RG,8250,27,F,AI,KZ,D
10:54:50,ICBP,RG,8250,5,F,AI,PD,D
10:54:50,ICBP,RG,8250,1,F,AI,AK,F
10:54:50,ICBP,RG,8250,10,F,AI,PD,D
10:54:50,ICBP,RG,8250,14,F,AI,KZ,D
10:54:10,ICBP,RG,8250,1,F,ZP,KZ,D
10:53:57,ICBP,RG,8250,1,D,YP,KZ,D
10:53:39,ICBP,RG,8250,2,D,XC,KZ,D
10:53:10,ICBP,RG,8250,20,D,RS,KZ,D
10:52:29,ICBP,RG,8250,3,D,YP,KZ,D
10:52:19,ICBP,RG,8250,1,F,ZP,KZ,D
10:52:18,ICBP,RG,8250,50,D,PD,KZ,D
10:51:57,ICBP,RG,8250,2,D,NI,KZ,D
10:51:41,ICBP,RG,8250,35,D,KK,KZ,D
10:51:38,ICBP,RG,8250,10,D,XC,KZ,D
10:51:38,ICBP,RG,8250,2,F,ZP,KZ,D
10:51:01,ICBP,RG,8250,2,D,CC,KZ,D
10:51:00,ICBP,RG,8250,1,F,ZP,KZ,D
10:50:48,ICBP,RG,8250,1,D,XC,KZ,D
10:50:40,ICBP,RG,8250,8,D,XC,KZ,D
10:50:17,ICBP,RG,8250,47,D,RX,KZ,D
10:50:17,ICBP,RG,8250,13,D,RX,DR,D
10:50:17,ICBP,RG,8250,4,D,RX,PD,D
10:50:17,ICBP,RG,8250,1,D,RX,PD,D
10:50:17,ICBP,RG,8250,50,D,RX,LG,D
10:50:17,ICBP,RG,8250,1,D,RX,PD,D
10:50:17,ICBP,RG,8250,1,D,RX,KZ,D
10:50:17,ICBP,RG,8250,1,D,RX,AK,F
10:50:17,ICBP,RG,8250,1,D,RX,PD,D
10:50:17,ICBP,RG,8250,2,D,RX,KZ,D
10:50:17,ICBP,RG,8250,3,D,RX,DR,D
10:50:17,ICBP,RG,8250,5,D,RX,KZ,D
10:50:17,ICBP,RG,8250,4,D,RX,KZ,D
10:50:17,ICBP,RG,8250,1,D,RX,XC,D
10:50:17,ICBP,RG,8250,6,D,RX,KZ,D
10:50:17,ICBP,RG,8250,10,D,RX,PD,D
10:49:58,ICBP,RG,8250,4,D,PD,PD,D
10:49:12,ICBP,RG,8250,2,F,ZP,PD,D
10:46:59,ICBP,RG,8250,3,D,GR,CC,D
10:46:59,ICBP,RG,8250,14,D,GR,KZ,D
10:46:59,ICBP,RG,8250,1,D,GR,PD,D
10:46:59,ICBP,RG,8250,60,D,GR,KZ,D
10:46:59,ICBP,RG,8250,6,D,GR,PD,D
10:46:59,ICBP,RG,8250,1,D,GR,CC,D
10:46:59,ICBP,RG,8250,1,D,GR,PD,D
10:46:59,ICBP,RG,8250,2,D,GR,DR,D
10:46:59,ICBP,RG,8250,1,D,GR,YP,D
10:46:59,ICBP,RG,8250,10,D,GR,XC,D
10:46:59,ICBP,RG,8250,1,D,GR,AK,F
10:46:59,ICBP,RG,8250,24,D,GR,CC,D
10:46:59,ICBP,RG,8250,25,D,GR,KZ,D
10:46:07,ICBP,RG,8250,4,F,ZP,KZ,D
10:45:59,ICBP,RG,8250,1,D,PD,KZ,D
10:45:04,ICBP,RG,8225,5,F,BK,YP,D
10:44:41,ICBP,RG,8225,5,F,BK,GR,D
10:44:20,ICBP,RG,8225,3,F,BK,NI,D
10:41:55,ICBP,RG,8225,1,F,BK,YP,D
10:41:38,ICBP,RG,8225,114,F,BK,YP,D
10:41:06,ICBP,RG,8250,1,D,DH,KZ,D
10:40:57,ICBP,RG,8250,1,F,ZP,KZ,D
10:40:55,ICBP,RG,8250,1,D,PD,KZ,D
10:40:48,ICBP,RG,8250,10,D,PD,KZ,D
10:40:11,ICBP,RG,8250,9,F,ZP,KZ,D
10:40:10,ICBP,RG,8250,117,F,BK,KZ,D
10:40:10,ICBP,RG,8250,2,F,BK,CC,D
10:40:10,ICBP,RG,8250,1,F,BK,PD,D
10:40:10,ICBP,RG,8250,1,F,BK,PD,D
10:40:10,ICBP,RG,8250,1,F,BK,XC,D
10:40:10,ICBP,RG,8250,50,F,BK,YP,D
10:40:10,ICBP,RG,8250,1,F,BK,PD,D
10:40:10,ICBP,RG,8250,1,F,BK,AK,F
10:40:10,ICBP,RG,8250,2,F,BK,PD,D
10:40:10,ICBP,RG,8250,1,F,BK,PD,D
10:40:10,ICBP,RG,8250,2,F,BK,PD,D
10:40:10,ICBP,RG,8250,13,F,BK,DR,D
10:40:10,ICBP,RG,8250,7,F,BK,PD,D
10:40:10,ICBP,RG,8250,1,F,BK,AZ,D
10:40:10,ICBP,RG,8250,1,F,BK,AK,F
10:40:10,ICBP,RG,8250,25,F,BK,CC,D
10:40:10,ICBP,RG,8250,1,F,BK,OD,D
10:40:10,ICBP,RG,8250,10,F,BK,IF,D
10:40:10,ICBP,RG,8250,1,F,BK,YP,D
10:40:10,ICBP,RG,8250,2,F,BK,CC,D
10:40:03,ICBP,RG,8250,13,D,RX,CC,D
10:40:03,ICBP,RG,8250,15,D,RX,YP,D
10:40:03,ICBP,RG,8250,2,D,RX,PD,D
10:40:03,ICBP,RG,8250,1,D,RX,XC,D
10:40:03,ICBP,RG,8250,1,D,RX,XC,D
10:40:03,ICBP,RG,8250,2,D,RX,CC,D
10:40:03,ICBP,RG,8250,2,D,RX,PD,D
10:40:03,ICBP,RG,8250,2,D,RX,OD,D
10:40:03,ICBP,RG,8250,5,D,RX,SQ,D
10:40:03,ICBP,RG,8250,1,D,RX,XC,D
10:40:03,ICBP,RG,8250,5,D,RX,SQ,D
10:40:03,ICBP,RG,8250,1,D,RX,PD,D
10:40:03,ICBP,RG,8250,1,D,RX,YP,D
10:40:03,ICBP,RG,8250,7,D,RX,GR,D
10:40:03,ICBP,RG,8250,5,D,RX,YP,D
10:40:03,ICBP,RG,8250,1,D,RX,DH,D
10:40:03,ICBP,RG,8250,86,D,RX,CP,D
10:39:50,ICBP,RG,8225,5,F,BK,YP,D
10:39:15,ICBP,RG,8225,2,F,BK,BQ,D
10:36:31,ICBP,RG,8250,5,D,DH,CP,D
10:36:23,ICBP,RG,8225,2,F,BK,PD,D
10:35:30,ICBP,RG,8250,50,D,EP,CP,D
10:35:27,ICBP,RG,8250,40,D,PD,CP,D
10:35:00,ICBP,RG,8225,1,F,BK,DX,D
10:35:00,ICBP,RG,8225,1,F,BK,AK,F
10:34:43,ICBP,RG,8225,1,F,BK,KK,D
10:34:40,ICBP,RG,8250,1,D,CC,CP,D
10:34:23,ICBP,RG,8250,1,D,CC,CP,D
10:31:43,ICBP,RG,8250,1,F,AK,CP,D
10:30:24,ICBP,RG,8250,2,D,CC,CP,D
10:30:15,ICBP,RG,8250,7,D,PD,CP,D
10:29:46,ICBP,RG,8250,6,D,DH,CP,D
10:29:10,ICBP,RG,8225,2,D,EP,XC,D
10:28:58,ICBP,RG,8225,8,D,EP,DR,D
10:28:50,ICBP,RG,8225,13,F,AK,DR,D
10:28:47,ICBP,RG,8225,1,D,DH,KZ,D
10:28:47,ICBP,RG,8225,10,D,CC,KZ,D
10:28:47,ICBP,RG,8225,1,D,XC,KZ,D
10:28:47,ICBP,RG,8225,10,D,OD,KZ,D
10:28:47,ICBP,RG,8225,16,F,BK,KZ,D
10:28:47,ICBP,RG,8225,1,D,CC,KZ,D
10:28:47,ICBP,RG,8225,3,F,ZP,KZ,D
10:28:47,ICBP,RG,8225,5,D,YP,KZ,D
10:28:47,ICBP,RG,8225,3,D,CC,KZ,D
10:28:47,ICBP,RG,8225,18,D,SQ,KZ,D
10:28:47,ICBP,RG,8225,27,F,ZP,KZ,D
10:28:47,ICBP,RG,8225,1,D,XC,KZ,D
10:28:47,ICBP,RG,8225,14,D,DR,KZ,D
10:28:47,ICBP,RG,8225,2,D,PD,KZ,D
10:28:47,ICBP,RG,8225,15,D,GR,KZ,D
10:28:47,ICBP,RG,8225,1,D,PD,KZ,D
10:28:47,ICBP,RG,8225,15,D,GR,KZ,D
10:28:47,ICBP,RG,8225,1,D,XC,KZ,D
10:28:47,ICBP,RG,8225,1,D,YP,KZ,D
10:28:47,ICBP,RG,8225,10,D,SQ,KZ,D
10:28:47,ICBP,RG,8225,2,D,PD,KZ,D
10:28:47,ICBP,RG,8225,5,D,YP,KZ,D
10:28:47,ICBP,RG,8225,3,D,PD,KZ,D
10:28:47,ICBP,RG,8225,4,D,HP,KZ,D
10:28:47,ICBP,RG,8225,1,D,YP,KZ,D
10:28:47,ICBP,RG,8225,3,D,CC,KZ,D
10:28:47,ICBP,RG,8225,1,D,PD,KZ,D
10:28:47,ICBP,RG,8225,245,D,YP,KZ,D
10:28:47,ICBP,RG,8225,1,D,PD,KZ,D
10:28:47,ICBP,RG,8225,1,D,DH,KZ,D
10:28:47,ICBP,RG,8225,3,D,XC,KZ,D
10:28:47,ICBP,RG,8225,1,D,XC,KZ,D
10:28:47,ICBP,RG,8225,1,D,PD,KZ,D
10:28:47,ICBP,RG,8225,1,D,EP,KZ,D
10:28:47,ICBP,RG,8225,50,D,CC,KZ,D
10:28:47,ICBP,RG,8225,15,D,CP,KZ,D
10:28:47,ICBP,RG,8225,50,D,YP,KZ,D
10:28:47,ICBP,RG,8225,1,D,YP,KZ,D
10:28:47,ICBP,RG,8225,8,D,CC,KZ,D
10:28:47,ICBP,RG,8225,1,D,PD,KZ,D
10:28:47,ICBP,RG,8225,1,D,CC,KZ,D
10:28:47,ICBP,RG,8225,10,D,XC,KZ,D
10:28:47,ICBP,RG,8225,1,D,OD,KZ,D
10:28:47,ICBP,RG,8225,10,D,PD,KZ,D
10:28:47,ICBP,RG,8225,1,D,DR,KZ,D
10:28:47,ICBP,RG,8225,21,D,YP,KZ,D
10:28:47,ICBP,RG,8225,1,D,PD,KZ,D
10:28:47,ICBP,RG,8225,10,D,EP,KZ,D
10:28:47,ICBP,RG,8225,5,D,SQ,KZ,D
10:28:47,ICBP,RG,8225,5,D,TP,KZ,D
10:28:47,ICBP,RG,8225,5,D,TP,KZ,D
10:28:47,ICBP,RG,8225,10,D,PD,KZ,D
10:28:47,ICBP,RG,8225,25,D,YP,KZ,D
10:28:30,ICBP,RG,8225,1,D,YP,AK,F
10:26:20,ICBP,RG,8250,1,D,XC,CP,D
10:26:20,ICBP,RG,8250,6,D,XC,DR,D
10:26:10,ICBP,RG,8250,1,D,LG,DR,D
10:25:57,ICBP,RG,8250,1,D,YU,DR,D
10:25:57,ICBP,RG,8250,10,D,YU,CC,D
10:25:57,ICBP,RG,8250,5,D,YU,CC,D
10:25:57,ICBP,RG,8250,1,D,YU,XC,D
10:25:57,ICBP,RG,8250,8,D,YU,YP,D
10:25:34,ICBP,RG,8250,1,D,YP,YP,D
10:25:23,ICBP,RG,8250,5,D,PD,YP,D
10:25:20,ICBP,RG,8250,1,D,YP,YP,D
10:24:53,ICBP,RG,8225,1,D,YP,YP,D
10:23:23,ICBP,RG,8225,6,D,PD,NI,D
10:23:13,ICBP,RG,8250,2,D,PD,YP,D
10:22:41,ICBP,RG,8250,2,D,CC,YP,D
10:21:58,ICBP,RG,8250,1,D,DH,YP,D
10:21:52,ICBP,RG,8250,1,F,AK,YP,D
10:21:52,ICBP,RG,8225,1,D,PD,KK,D
10:21:46,ICBP,RG,8225,1,D,PD,YP,D
10:21:46,ICBP,RG,8225,1,D,EP,YP,D
10:21:46,ICBP,RG,8225,1,F,BK,YP,D
10:19:14,ICBP,RG,8225,1,F,BK,YU,D
10:18:56,ICBP,RG,8225,1,F,BK,YP,D
10:18:56,ICBP,RG,8225,3,F,ZP,YP,D
10:18:56,ICBP,RG,8225,1,D,XC,YP,D
10:18:56,ICBP,RG,8225,2,D,NI,YP,D
10:18:56,ICBP,RG,8225,1,D,XC,YP,D
10:18:56,ICBP,RG,8225,1,D,XC,YP,D
10:18:56,ICBP,RG,8225,2,D,CC,YP,D
10:18:56,ICBP,RG,8225,1,F,AK,YP,D
10:18:56,ICBP,RG,8225,4,D,DR,YP,D
10:18:04,ICBP,RG,8225,1,D,DR,PD,D
10:17:10,ICBP,RG,8250,1,D,KK,YP,D
10:17:01,ICBP,RG,8250,1,D,NI,YP,D
10:16:29,ICBP,RG,8250,1,D,PD,YP,D
10:16:24,ICBP,RG,8250,1,D,YP,YP,D
10:16:24,ICBP,RG,8250,5,D,YP,GR,D
10:16:24,ICBP,RG,8250,2,D,YP,OD,D
10:16:24,ICBP,RG,8250,10,D,YP,PD,D
10:16:24,ICBP,RG,8250,11,D,YP,NI,D
10:16:24,ICBP,RG,8250,1,D,YP,PD,D
10:16:24,ICBP,RG,8250,1,D,YP,PD,D
10:16:24,ICBP,RG,8250,1,D,YP,AK,F
10:16:24,ICBP,RG,8250,32,D,YP,XC,D
10:16:24,ICBP,RG,8250,1,D,YP,PD,D
10:16:24,ICBP,RG,8250,8,D,YP,PD,D
10:16:24,ICBP,RG,8250,1,D,YP,OD,D
10:16:24,ICBP,RG,8250,1,D,YP,AT,D
10:16:24,ICBP,RG,8250,2,D,YP,AT,D
10:16:24,ICBP,RG,8250,4,D,YP,XC,D
10:16:24,ICBP,RG,8250,1,D,YP,XC,D
10:16:24,ICBP,RG,8250,10,D,YP,YP,D
10:16:24,ICBP,RG,8250,1,D,YP,CC,D
10:16:24,ICBP,RG,8250,30,D,YP,PD,D
10:16:24,ICBP,RG,8250,1,D,YP,OD,D
10:16:24,ICBP,RG,8250,1,D,YP,DH,D
10:16:24,ICBP,RG,8250,10,D,YP,PD,D
10:16:24,ICBP,RG,8250,15,D,YP,YP,D
10:16:20,ICBP,RG,8250,1,D,XC,YP,D
10:16:17,ICBP,RG,8250,4,D,KK,YP,D
10:16:17,ICBP,RG,8250,3,D,KK,CC,D
10:16:17,ICBP,RG,8250,35,D,KK,PD,D
10:16:17,ICBP,RG,8250,7,D,KK,DH,D
10:16:17,ICBP,RG,8250,33,D,KK,GR,D
10:16:01,ICBP,RG,8250,1,D,YP,GR,D
10:15:50,ICBP,RG,8250,1,D,CC,GR,D
10:15:17,ICBP,RG,8250,1,D,XC,GR,D
10:15:14,ICBP,RG,8225,1,D,DR,YP,D
10:14:59,ICBP,RG,8250,1,D,PD,GR,D
10:14:22,ICBP,RG,8250,1,D,YP,GR,D
10:14:21,ICBP,RG,8225,3,F,ZP,DH,D
10:13:16,ICBP,RG,8250,1,D,KK,GR,D
10:12:45,ICBP,RG,8250,1,F,AK,GR,D
10:12:15,ICBP,RG,8250,3,D,PD,GR,D
10:12:04,ICBP,RG,8225,5,D,YP,CC,D
10:11:57,ICBP,RG,8250,7,D,PD,GR,D
10:11:57,ICBP,RG,8250,1,D,PD,YP,D
10:11:57,ICBP,RG,8250,1,D,PD,AK,F
10:11:57,ICBP,RG,8250,2,D,PD,CC,D
10:11:57,ICBP,RG,8250,4,D,PD,DR,D
10:11:57,ICBP,RG,8250,1,D,PD,AK,F
10:11:57,ICBP,RG,8250,4,D,PD,GR,D
10:11:37,ICBP,RG,8250,3,D,PD,GR,D
10:10:40,ICBP,RG,8250,2,D,OD,GR,D
10:10:17,ICBP,RG,8250,1,D,IP,GR,D
10:10:17,ICBP,RG,8250,4,D,IP,NI,D
10:10:11,ICBP,RG,8250,1,D,YP,NI,D
10:09:32,ICBP,RG,8250,12,D,PD,NI,D
10:08:30,ICBP,RG,8225,1,D,YP,AK,F
10:08:25,ICBP,RG,8225,1,D,YP,YP,D
10:08:24,ICBP,RG,8225,8,D,YP,DH,D
10:07:50,ICBP,RG,8250,1,D,KK,NI,D
10:06:29,ICBP,RG,8250,5,D,PD,NI,D
10:05:39,ICBP,RG,8250,1,D,XC,NI,D
10:05:12,ICBP,RG,8250,4,D,PD,NI,D
10:05:01,ICBP,RG,8225,10,D,YP,IF,D
10:04:45,ICBP,RG,8225,1,D,YP,AK,F
10:04:33,ICBP,RG,8225,1,D,YP,PD,D
10:04:15,ICBP,RG,8225,3,D,YP,KK,D
10:02:15,ICBP,RG,8225,1,D,YP,AK,F
10:02:06,ICBP,RG,8250,2,D,CC,NI,D
10:01:46,ICBP,RG,8250,1,D,PD,NI,D
10:00:58,ICBP,RG,8250,18,D,YP,NI,D
10:00:58,ICBP,RG,8250,1,D,YP,YP,D
10:00:58,ICBP,RG,8250,1,D,YP,PD,D
9:58:15,ICBP,RG,8225,1,D,YP,AK,F
9:57:16,ICBP,RG,8250,1,D,DH,PD,D
9:55:14,ICBP,RG,8225,5,D,YP,YP,D
9:54:59,ICBP,RG,8225,11,D,YP,DR,D
9:54:32,ICBP,RG,8225,9,D,YP,XC,D
9:54:00,ICBP,RG,8250,1,D,CC,PD,D
9:53:53,ICBP,RG,8250,1,D,YP,PD,D
9:52:35,ICBP,RG,8250,5,D,PD,PD,D
9:51:24,ICBP,RG,8250,1,D,XC,PD,D
9:51:24,ICBP,RG,8250,1,D,XC,YP,D
9:51:22,ICBP,RG,8250,1,D,PD,PD,D
9:50:44,ICBP,RG,8250,1,D,OD,PD,D
9:50:44,ICBP,RG,8250,1,D,OD,SQ,D
9:50:44,ICBP,RG,8250,2,D,OD,GR,D
9:50:44,ICBP,RG,8250,1,D,OD,YP,D
9:50:36,ICBP,RG,8250,1,D,CP,YP,D
9:50:27,ICBP,RG,8225,1,D,YP,PD,D
9:50:20,ICBP,RG,8225,1,D,YP,PD,D
9:49:03,ICBP,RG,8225,50,D,YP,YP,D
9:49:01,ICBP,RG,8225,2,D,YP,AK,F
9:48:10,ICBP,RG,8225,1,D,YP,CC,D
9:48:07,ICBP,RG,8225,10,D,YP,CC,D
9:47:55,ICBP,RG,8225,5,D,YP,NI,D
9:46:44,ICBP,RG,8225,14,D,YP,YP,D
9:46:12,ICBP,RG,8225,1,D,YP,PD,D
9:45:54,ICBP,RG,8225,5,D,YP,YP,D
9:45:12,ICBP,RG,8225,1,D,YP,CP,D
9:44:25,ICBP,RG,8250,3,D,PD,YP,D
9:43:25,ICBP,RG,8225,2,D,YP,PD,D
9:43:12,ICBP,RG,8225,6,D,YP,PD,D
9:43:12,ICBP,RG,8225,10,D,YP,XC,D
9:43:12,ICBP,RG,8225,14,D,YP,PD,D
9:43:07,ICBP,RG,8225,1,D,YP,PD,D
9:42:16,ICBP,RG,8225,1,D,PD,PD,D
9:42:02,ICBP,RG,8225,2,F,ZP,PD,D
9:41:47,ICBP,RG,8225,12,D,PD,PD,D
9:41:47,ICBP,RG,8225,1,D,PD,PD,D
9:41:08,ICBP,RG,8225,1,D,XC,AK,F
9:41:08,ICBP,RG,8225,1,D,XC,DR,D
9:40:41,ICBP,RG,8225,1,D,DX,DR,D
9:40:28,ICBP,RG,8200,1,D,SQ,AK,F
9:40:28,ICBP,RG,8225,1,D,PD,DR,D
9:40:19,ICBP,RG,8225,1,D,HP,DR,D
9:40:12,ICBP,RG,8225,1,D,DH,DR,D
9:39:58,ICBP,RG,8225,1,F,ZP,DR,D
9:39:57,ICBP,RG,8225,3,D,CC,DR,D
9:39:57,ICBP,RG,8225,121,D,CC,AT,D
9:39:35,ICBP,RG,8225,1,D,XC,AT,D
9:39:28,ICBP,RG,8225,68,F,BK,AT,D
9:39:28,ICBP,RG,8225,1,F,BK,NI,D
9:39:28,ICBP,RG,8225,20,F,BK,KK,D
9:39:28,ICBP,RG,8225,2,F,BK,YP,D
9:39:28,ICBP,RG,8225,5,F,BK,PD,D
9:39:28,ICBP,RG,8225,4,F,BK,DR,D
9:38:51,ICBP,RG,8225,1,F,ZP,DR,D
9:37:18,ICBP,RG,8225,3,D,CC,DR,D
9:37:17,ICBP,RG,8225,5,D,YP,YP,D
9:36:57,ICBP,RG,8225,8,D,CP,YP,D
9:36:57,ICBP,RG,8225,2,D,CP,CC,D
9:36:48,ICBP,RG,8225,5,F,ZP,CC,D
9:36:31,ICBP,RG,8225,1,D,GR,CC,D
9:36:26,ICBP,RG,8225,1,D,YP,CC,D
9:35:38,ICBP,RG,8225,1,D,YP,CC,D
9:34:53,ICBP,RG,8225,2,D,PD,CC,D
9:34:16,ICBP,RG,8225,3,D,NI,CC,D
9:34:11,ICBP,RG,8225,2,D,XC,CC,D
9:34:06,ICBP,RG,8200,23,D,SQ,PD,D
9:33:56,ICBP,RG,8225,8,D,PD,CC,D
9:33:56,ICBP,RG,8225,1,D,PD,AK,F
9:33:56,ICBP,RG,8225,1,D,PD,PD,D
9:33:40,ICBP,RG,8225,2,D,PD,PD,D
9:33:32,ICBP,RG,8200,6,D,SQ,PD,D
9:33:04,ICBP,RG,8200,1,D,SQ,XC,D
9:32:43,ICBP,RG,8200,10,D,SQ,SQ,D
9:32:14,ICBP,RG,8200,5,D,SQ,KK,D
9:31:49,ICBP,RG,8200,161,D,SQ,EP,D
9:31:25,ICBP,RG,8225,1,D,YP,NI,D
9:31:25,ICBP,RG,8225,10,D,YP,YP,D
9:31:25,ICBP,RG,8225,1,D,YP,XC,D
9:31:25,ICBP,RG,8225,6,D,YP,PD,D
9:31:25,ICBP,RG,8225,2,D,YP,CC,D
9:31:25,ICBP,RG,8225,1,D,YP,CC,D
9:31:25,ICBP,RG,8225,1,D,YP,CC,D
9:31:25,ICBP,RG,8225,1,D,YP,AK,F
9:31:25,ICBP,RG,8225,7,D,YP,DR,D
9:31:25,ICBP,RG,8225,10,D,YP,IP,D
9:31:25,ICBP,RG,8225,1,D,YP,XC,D
9:31:25,ICBP,RG,8225,4,D,YP,PD,D
9:30:36,ICBP,RG,8225,3,D,YU,PD,D
9:30:36,ICBP,RG,8225,1,D,PD,PD,D
9:30:21,ICBP,RG,8225,2,D,YP,PD,D
9:30:16,ICBP,RG,8225,4,F,ZP,PD,D
9:30:15,ICBP,RG,8225,1,F,AK,PD,D
9:30:02,ICBP,RG,8225,2,D,YP,PD,D
9:29:43,ICBP,RG,8225,4,D,YP,PD,D
9:29:43,ICBP,RG,8225,5,D,YP,EP,D
9:29:43,ICBP,RG,8225,1,D,YP,PD,D
9:29:43,ICBP,RG,8225,1,D,YP,AK,F
9:29:43,ICBP,RG,8225,1,D,YP,KK,D
9:29:43,ICBP,RG,8225,3,D,YP,OD,D
9:29:20,ICBP,RG,8225,1,D,SQ,OD,D
9:29:07,ICBP,RG,8225,3,F,CG,OD,D
9:28:33,ICBP,RG,8200,134,D,SQ,EP,D
9:28:03,ICBP,RG,8225,1,D,DH,OD,D
9:27:56,ICBP,RG,8225,2,F,ZP,OD,D
9:27:22,ICBP,RG,8225,33,D,GR,OD,D
9:27:22,ICBP,RG,8225,17,D,GR,DR,D
9:27:19,ICBP,RG,8225,1,D,YP,DR,D
9:27:19,ICBP,RG,8225,10,D,YP,YP,D
9:27:19,ICBP,RG,8225,1,D,YP,AI,D
9:27:19,ICBP,RG,8225,1,D,YP,AK,F
9:27:19,ICBP,RG,8225,10,D,YP,GR,D
9:27:11,ICBP,RG,8225,2,D,DH,GR,D
9:26:39,ICBP,RG,8225,10,D,NI,GR,D
9:25:55,ICBP,RG,8225,1,D,PD,GR,D
9:25:42,ICBP,RG,8200,37,D,SQ,DR,D
9:25:42,ICBP,RG,8200,1,D,YP,DR,D
9:25:42,ICBP,RG,8200,1,D,XC,DR,D
9:25:42,ICBP,RG,8200,1,D,XC,DR,D
9:25:42,ICBP,RG,8200,1,D,CC,DR,D
9:25:42,ICBP,RG,8200,5,D,YP,DR,D
9:25:42,ICBP,RG,8200,90,F,ZP,DR,D
9:25:42,ICBP,RG,8200,74,D,AT,DR,D
9:25:00,ICBP,RG,8225,4,D,SQ,GR,D
9:24:57,ICBP,RG,8225,1,F,ZP,GR,D
9:24:54,ICBP,RG,8225,2,D,DH,GR,D
9:23:55,ICBP,RG,8225,1,D,DR,GR,D
9:23:20,ICBP,RG,8225,1,D,PD,GR,D
9:23:13,ICBP,RG,8200,1,D,AT,PD,D
9:23:10,ICBP,RG,8225,3,F,ZP,GR,D
9:22:41,ICBP,RG,8225,3,D,NI,GR,D
9:22:25,ICBP,RG,8225,2,D,XC,GR,D
9:22:20,ICBP,RG,8225,10,D,YP,GR,D
9:21:49,ICBP,RG,8225,2,D,XC,GR,D
9:21:33,ICBP,RG,8225,2,D,YP,GR,D
9:20:59,ICBP,RG,8200,7,D,AT,PD,D
9:20:39,ICBP,RG,8225,4,D,PD,GR,D
9:20:39,ICBP,RG,8225,1,D,PD,AK,F
9:20:39,ICBP,RG,8225,2,D,PD,DR,D
9:20:22,ICBP,RG,8225,2,D,KK,DR,D
9:19:46,ICBP,RG,8225,13,D,PD,DR,D
9:19:33,ICBP,RG,8200,18,D,AT,HP,D
9:19:33,ICBP,RG,8200,1,F,ZP,HP,D
9:19:33,ICBP,RG,8200,13,D,CC,HP,D
9:19:21,ICBP,RG,8225,30,D,TF,HP,D
9:19:11,ICBP,RG,8225,3,F,ZP,HP,D
9:19:07,ICBP,RG,8225,5,F,CG,HP,D
9:18:24,ICBP,RG,8225,1,D,PD,HP,D
9:18:23,ICBP,RG,8225,40,D,PD,HP,D
9:18:23,ICBP,RG,8225,1,D,CC,HP,D
9:18:23,ICBP,RG,8225,2,D,CC,HP,D
9:18:23,ICBP,RG,8225,1,D,KK,HP,D
9:18:23,ICBP,RG,8225,6,D,DH,HP,D
9:18:23,ICBP,RG,8225,1,D,XC,HP,D
9:18:23,ICBP,RG,8225,15,D,YP,HP,D
9:18:23,ICBP,RG,8225,50,D,CC,HP,D
9:18:23,ICBP,RG,8225,5,F,ZP,HP,D
9:18:23,ICBP,RG,8225,20,D,SQ,HP,D
9:18:23,ICBP,RG,8225,2,D,XC,HP,D
9:18:23,ICBP,RG,8225,6,D,PD,HP,D
9:18:23,ICBP,RG,8225,1,D,NI,HP,D
9:18:23,ICBP,RG,8225,10,D,DR,HP,D
9:18:23,ICBP,RG,8225,50,D,CC,HP,D
9:18:23,ICBP,RG,8225,2,D,SQ,HP,D
9:18:23,ICBP,RG,8225,4,F,ZP,HP,D
9:18:23,ICBP,RG,8225,31,D,XC,HP,D
9:18:13,ICBP,RG,8250,1,D,YP,YP,D
9:17:59,ICBP,RG,8225,5,D,XC,PD,D
9:17:59,ICBP,RG,8225,1,D,HP,PD,D
9:17:57,ICBP,RG,8225,2,D,XC,DX,D
9:17:57,ICBP,RG,8225,14,F,KZ,DX,D
9:17:57,ICBP,RG,8225,1,D,YP,DX,D
9:17:57,ICBP,RG,8225,3,D,XC,DX,D
9:17:16,ICBP,RG,8250,4,D,PD,YP,D
9:17:16,ICBP,RG,8250,2,D,PD,PD,D
9:17:16,ICBP,RG,8250,1,D,PD,KK,D
9:17:08,ICBP,RG,8250,1,D,PD,KK,D
9:16:46,ICBP,RG,8250,1,D,CC,KK,D
9:16:13,ICBP,RG,8225,2,D,XC,YP,D
9:16:13,ICBP,RG,8225,3,D,AZ,YP,D
9:16:13,ICBP,RG,8225,20,D,EP,YP,D
9:16:13,ICBP,RG,8225,10,D,XC,YP,D
9:16:05,ICBP,RG,8250,1,D,NI,PD,D
9:15:19,ICBP,RG,8250,6,D,XC,YB,D
9:15:06,ICBP,RG,8250,1,D,XC,YB,D
9:14:39,ICBP,RG,8250,1,D,CC,YB,D
9:14:28,ICBP,RG,8250,1,D,XC,YB,D
9:12:32,ICBP,RG,8225,5,D,YP,KK,D
9:12:27,ICBP,RG,8250,2,D,KK,YB,D
9:12:27,ICBP,RG,8250,1,D,KK,AT,D
9:11:15,ICBP,RG,8225,10,D,YP,YP,F
9:11:00,ICBP,RG,8225,3,D,YP,KK,D
9:10:58,ICBP,RG,8225,7,D,YP,YP,D
9:10:58,ICBP,RG,8225,1,D,XC,YP,D
9:10:58,ICBP,RG,8225,7,D,PD,YP,D
9:10:58,ICBP,RG,8225,6,F,ZP,YP,D
9:10:58,ICBP,RG,8225,4,D,YP,YP,D
9:10:57,ICBP,RG,8225,1,D,YP,PD,D
9:09:19,ICBP,RG,8225,1,D,YP,XC,D
9:09:06,ICBP,RG,8225,1,D,YP,XC,D
9:08:57,ICBP,RG,8225,4,D,YP,NI,D
9:08:57,ICBP,RG,8225,5,D,YP,CC,D
9:08:41,ICBP,RG,8225,3,D,YP,XC,D
9:08:41,ICBP,RG,8225,1,D,YP,PD,D
9:08:37,ICBP,RG,8225,1,D,PD,PD,D
9:08:19,ICBP,RG,8225,5,D,SQ,PD,D
9:08:11,ICBP,RG,8225,1,D,XC,PD,D
9:08:06,ICBP,RG,8225,1,D,NI,PD,D
9:08:06,ICBP,RG,8225,2,D,NI,PD,D
9:08:06,ICBP,RG,8225,1,D,NI,YP,D
9:08:06,ICBP,RG,8225,1,D,NI,AK,F
9:08:06,ICBP,RG,8225,15,D,NI,DH,D
9:08:04,ICBP,RG,8200,1,F,ZP,PD,D
9:08:04,ICBP,RG,8225,1,D,XC,DH,D
9:08:04,ICBP,RG,8225,4,D,YP,DH,D
9:08:04,ICBP,RG,8225,12,D,YP,YP,D
9:07:57,ICBP,RG,8225,7,D,XC,YP,D
9:07:33,ICBP,RG,8225,10,D,PD,YP,D
9:07:27,ICBP,RG,8225,1,D,SQ,YP,D
9:07:27,ICBP,RG,8225,1,D,SQ,XC,D
9:07:27,ICBP,RG,8225,3,D,SQ,CC,D
9:06:38,ICBP,RG,8200,9,F,ZP,DR,D
9:06:13,ICBP,RG,8200,3,F,ZP,DH,D
9:04:41,ICBP,RG,8200,6,F,ZP,EP,F
9:04:35,ICBP,RG,8200,8,F,ZP,BK,F
9:04:33,ICBP,RG,8200,50,F,ZP,GR,D
9:04:14,ICBP,RG,8200,3,F,ZP,XC,D
9:03:20,ICBP,RG,8200,6,F,ZP,BK,F
9:03:17,ICBP,RG,8200,5,F,ZP,YP,D
9:03:09,ICBP,RG,8225,1,D,DH,SQ,D
9:03:02,ICBP,RG,8200,1,F,ZP,YP,D
9:01:52,ICBP,RG,8200,5,F,ZP,BK,F
9:01:48,ICBP,RG,8200,6,F,ZP,BK,F
9:01:44,ICBP,RG,8225,1,F,ZP,BK,F
9:01:44,ICBP,RG,8225,1,F,ZP,BK,F
9:01:41,ICBP,RG,8225,16,F,BK,BK,F
9:01:41,ICBP,RG,8225,2,F,ZP,BK,F
9:01:39,ICBP,RG,8225,1,F,BK,SQ,D
9:01:39,ICBP,RG,8200,23,F,BK,BK,F
9:01:39,ICBP,RG,8200,1,F,ZP,BK,F
9:01:39,ICBP,RG,8200,26,F,BK,BK,F
9:01:37,ICBP,RG,8225,4,F,CS,BK,F
9:01:37,ICBP,RG,8225,2,F,CS,BK,F
9:01:37,ICBP,RG,8200,133,F,BK,BK,F
9:01:36,ICBP,RG,8225,5,F,BK,BK,F
9:01:36,ICBP,RG,8225,1,F,BK,YP,D
9:01:36,ICBP,RG,8225,5,F,BK,GR,D
9:01:36,ICBP,RG,8225,11,F,BK,OD,D
9:01:35,ICBP,RG,8225,2,F,CS,OD,D
9:01:34,ICBP,RG,8200,31,F,BK,YP,D
9:01:34,ICBP,RG,8200,1,F,ZP,YP,D
9:01:34,ICBP,RG,8225,240,F,BK,OD,D
9:01:33,ICBP,RG,8225,240,F,BK,OD,D
9:01:32,ICBP,RG,8225,5,F,CS,OD,D
9:01:23,ICBP,RG,8225,2,F,CS,OD,D
9:01:23,ICBP,RG,8225,1,F,CS,PD,D
9:01:21,ICBP,RG,8200,7,F,CS,BK,F
9:01:20,ICBP,RG,8200,34,F,ZP,BK,F
9:01:18,ICBP,RG,8200,11,F,ZP,BK,F
9:01:18,ICBP,RG,8200,2,F,ZP,NI,D
9:01:18,ICBP,RG,8200,2,F,ZP,PD,D
9:01:18,ICBP,RG,8200,1,F,ZP,YP,D
9:01:18,ICBP,RG,8200,9,F,ZP,OD,D
9:01:18,ICBP,RG,8200,5,F,ZP,PD,D
9:01:18,ICBP,RG,8200,2,F,ZP,CC,D
9:01:17,ICBP,RG,8175,9,F,BK,BK,F
9:01:17,ICBP,RG,8175,1,F,ZP,BK,F
9:01:17,ICBP,RG,8200,4,F,CS,AZ,D
9:01:17,ICBP,RG,8200,1,F,CS,DH,D
9:01:17,ICBP,RG,8200,6,F,CS,YJ,D
9:01:15,ICBP,RG,8200,1,F,ZP,YJ,D
9:01:15,ICBP,RG,8200,2,F,ZP,YJ,D
9:01:14,ICBP,RG,8200,240,F,BK,YJ,D
9:01:14,ICBP,RG,8200,1,F,ZP,YJ,D
9:01:13,ICBP,RG,8175,1,F,ZP,TF,D
9:01:13,ICBP,RG,8175,2,F,ZP,DH,D
9:01:13,ICBP,RG,8175,1,F,CS,PD,D
9:01:11,ICBP,RG,8175,1,F,CS,PD,D
9:01:11,ICBP,RG,8175,1,F,CS,PD,D
9:01:11,ICBP,RG,8150,1,F,BK,AK,F
9:01:11,ICBP,RG,8150,1,F,BK,XC,D
9:01:11,ICBP,RG,8150,4,F,BK,AK,F
9:01:11,ICBP,RG,8150,26,F,BK,PD,D
9:01:11,ICBP,RG,8150,32,F,BK,BK,F
9:01:08,ICBP,RG,8150,2,F,CS,BK,F
9:01:03,ICBP,RG,8150,1,F,CS,BK,F
9:01:03,ICBP,RG,8150,1,F,CS,BK,F
9:01:02,ICBP,RG,8150,12,F,ZP,BK,F
9:01:01,ICBP,RG,8150,1,F,ZP,BK,F
9:00:59,ICBP,RG,8150,1,F,ZP,BK,F
9:00:58,ICBP,RG,8150,5,D,SQ,BK,F
9:00:56,ICBP,RG,8150,4,F,CS,BK,F
9:00:55,ICBP,RG,8150,1,F,ZP,BK,F
9:00:54,ICBP,RG,8150,1,F,ZP,BK,F
9:00:54,ICBP,RG,8150,5,D,NI,BK,F
9:00:52,ICBP,RG,8150,8,F,ZP,BK,F
9:00:48,ICBP,RG,8150,1,F,CS,BK,F
9:00:47,ICBP,RG,8150,6,F,CS,BK,F
9:00:44,ICBP,RG,8150,16,F,ZP,BK,F
9:00:43,ICBP,RG,8125,9,D,PD,BK,F
9:00:43,ICBP,RG,8125,10,D,PD,BK,F
9:00:43,ICBP,RG,8125,2,D,PD,BK,F
9:00:43,ICBP,RG,8125,1,D,PD,BK,F
9:00:43,ICBP,RG,8125,1,D,PD,BK,F
9:00:43,ICBP,RG,8125,1,D,XC,BK,F
9:00:43,ICBP,RG,8125,1,D,XC,BK,F
9:00:33,ICBP,RG,8150,3,F,CS,BK,F
9:00:27,ICBP,RG,8150,25,D,NI,BK,F
9:00:25,ICBP,RG,8150,3,D,CC,BK,F
9:00:25,ICBP,RG,8150,17,D,CC,EP,D
9:00:24,ICBP,RG,8150,10,D,CC,EP,D
9:00:24,ICBP,RG,8150,2,D,NI,EP,D
9:00:23,ICBP,RG,8150,2,D,NI,EP,D
9:00:22,ICBP,RG,8150,1,D,PD,EP,D
9:00:18,ICBP,RG,8150,5,F,ZP,EP,D
9:00:16,ICBP,RG,8125,1,D,PD,BK,F
9:00:16,ICBP,RG,8125,4,D,XC,BK,F
9:00:16,ICBP,RG,8125,1,D,PD,BK,F
9:00:16,ICBP,RG,8150,1,D,PD,EP,D
9:00:12,ICBP,RG,8150,1,D,PD,EP,D
9:00:12,ICBP,RG,8150,1,D,PD,EP,D
9:00:11,ICBP,RG,8150,12,D,PD,EP,D
9:00:10,ICBP,RG,8150,1,D,PD,EP,D
9:00:08,ICBP,RG,8150,5,D,XC,EP,D
9:00:08,ICBP,RG,8150,2,D,XC,EP,D
9:00:04,ICBP,RG,8150,4,F,ZP,EP,D
9:00:02,ICBP,RG,8150,10,D,XA,EP,D
9:00:02,ICBP,RG,8150,6,F,ZP,EP,D
9:00:02,ICBP,RG,8150,1,F,ZP,EP,D
9:00:01,ICBP,RG,8150,2,D,HP,EP,D
9:00:00,ICBP,RG,8150,13,D,YP,EP,D
9:00:00,ICBP,RG,8150,4,D,SQ,EP,D
8:55:00,ICBP,RG,8150,2,D,SQ,CC,D
8:55:00,ICBP,RG,8150,1,D,SQ,YP,D
8:55:00,ICBP,RG,8150,1,D,SQ,CC,D
8:55:00,ICBP,RG,8150,5,D,SQ,PD,D
8:55:00,ICBP,RG,8150,1,D,SQ,PD,D
8:55:00,ICBP,RG,8150,1,D,SQ,PD,D
8:55:00,ICBP,RG,8150,5,D,SQ,HP,D
8:55:00,ICBP,RG,8150,3,D,SQ,BK,F
8:55:00,ICBP,RG,8150,1,D,XC,BK,F
8:55:00,ICBP,RG,8150,2,D,XC,BK,F
8:55:00,ICBP,RG,8150,1,D,XC,BK,F
8:55:00,ICBP,RG,8150,1,D,PD,BK,F
8:55:00,ICBP,RG,8150,1,D,PD,BK,F
8:55:00,ICBP,RG,8150,68,F,ZP,BK,F
8:55:00,ICBP,RG,8150,2,D,PD,BK,F
8:55:00,ICBP,RG,8150,24,F,KZ,BK,F
8:55:00,ICBP,RG,8150,33,F,KZ,ZP,F
8:55:00,ICBP,RG,8150,41,F,CS,ZP,F
8:55:00,ICBP,RG,8150,1,F,CS,AK,F
8:55:00,ICBP,RG,8150,1,F,CS,KK,D