Time,Stock,Brd,Price,Qty,BT,BC,SC,ST
15:13:55,ICBP,RG,8200,1,D,DR,DR,D
15:13:46,ICBP,RG,8200,1,D,XC,DR,D
15:10:44,ICBP,RG,8200,66,D,EP,DR,D
15:10:44,ICBP,RG,8200,6,D,EP,CC,D
15:10:44,ICBP,RG,8200,24,D,EP,XC,D
15:10:44,ICBP,RG,8200,4,D,EP,CC,D
15:10:31,ICBP,RG,8200,1,D,XC,CC,D
15:09:40,ICBP,RG,8200,2,D,CC,CS,F
15:09:17,ICBP,RG,8200,1,D,BQ,CS,F
15:09:15,ICBP,RG,8200,5,D,DH,CS,F
15:08:22,ICBP,RG,8200,45,D,NI,CS,F
15:07:51,ICBP,RG,8200,2,D,CC,CS,F
15:07:18,ICBP,RG,8200,1,D,EP,CS,F
15:07:15,ICBP,RG,8200,1,D,XC,CS,F
15:05:55,ICBP,RG,8200,15,D,KK,CS,F
15:05:03,ICBP,RG,8200,1,D,SQ,CS,F
15:05:02,ICBP,RG,8200,1,D,PD,CS,F
15:05:02,ICBP,RG,8200,1,D,PD,CS,F
15:05:02,ICBP,RG,8200,1,D,CC,CS,F
15:05:02,ICBP,RG,8200,5,D,ZP,CS,F
15:05:01,ICBP,RG,8200,1,D,CC,CS,F
15:05:00,ICBP,RG,8200,1,D,PD,CS,F
15:00:00,ICBP,RG,8200,7,D,PD,CS,F
15:00:00,ICBP,RG,8200,1,D,PD,CS,F
15:00:00,ICBP,RG,8200,57,F,BK,CS,F
15:00:00,ICBP,RG,8200,439,F,BK,CS,F
15:00:00,ICBP,RG,8200,100,F,BK,YB,D
15:00:00,ICBP,RG,8200,100,F,BK,YB,D
15:00:00,ICBP,RG,8200,19,F,BK,EP,D
15:00:00,ICBP,RG,8200,27,F,CS,EP,D
15:00:00,ICBP,RG,8200,174,F,AK,EP,D
15:00:00,ICBP,RG,8200,1,F,AK,DX,D
15:00:00,ICBP,RG,8200,38,F,AK,DR,D
15:00:00,ICBP,RG,8200,62,F,AK,DR,D
15:00:00,ICBP,RG,8200,25,F,AK,XC,D
15:00:00,ICBP,RG,8200,10,F,AK,KK,D
15:00:00,ICBP,RG,8200,1,F,AK,XC,D
15:00:00,ICBP,RG,8200,50,F,AK,GR,D
15:00:00,ICBP,RG,8200,1,F,AK,SQ,D
15:00:00,ICBP,RG,8200,12,F,AK,XC,D
15:00:00,ICBP,RG,8200,316,F,AK,AT,D
15:00:00,ICBP,RG,8200,109,F,AK,AT,D
15:00:00,ICBP,RG,8200,12,F,AK,AT,D
15:00:00,ICBP,RG,8200,54,F,AK,AT,D
15:00:00,ICBP,RG,8200,104,F,AK,AT,D
15:00:00,ICBP,RG,8200,100,F,RX,AT,D
15:00:00,ICBP,RG,8200,31,D,RX,AT,D
15:00:00,ICBP,RG,8200,54,F,YU,AT,D
15:00:00,ICBP,RG,8200,288,F,YU,AT,D
15:00:00,ICBP,RG,8200,4,F,YU,KK,D
15:00:00,ICBP,RG,8200,4,F,YU,YP,D
15:00:00,ICBP,RG,8200,30,F,YU,DR,D
15:00:00,ICBP,RG,8200,1,F,YU,YP,D
15:00:00,ICBP,RG,8200,2,F,YU,PD,D
15:00:00,ICBP,RG,8200,490,F,YU,IP,D
15:00:00,ICBP,RG,8200,112,F,YU,BK,F
15:00:00,ICBP,RG,8200,8,F,YU,LG,D
15:00:00,ICBP,RG,8200,8,F,YU,AK,F
15:00:00,ICBP,RG,8200,47,F,YU,AK,F
15:00:00,ICBP,RG,8200,66,F,YU,AK,F
15:00:00,ICBP,RG,8200,39,F,YU,AK,F
15:00:00,ICBP,RG,8200,44,F,YU,AK,F
15:00:00,ICBP,RG,8200,1,F,YU,AK,F
15:00:00,ICBP,RG,8200,88,F,YU,AK,F
15:00:00,ICBP,RG,8200,3,F,YU,AK,F
15:00:00,ICBP,RG,8200,13,D,DP,AK,F
14:49:59,ICBP,RG,8150,1,F,AK,AT,D
14:49:59,ICBP,RG,8150,1,F,AK,AT,D
14:49:59,ICBP,RG,8150,3,F,AK,AT,D
14:49:54,ICBP,RG,8125,1,D,HP,AK,F
14:49:54,ICBP,RG,8125,2,D,HP,AK,F
14:49:54,ICBP,RG,8125,1,D,HP,AK,F
14:49:54,ICBP,RG,8150,4,F,AK,AT,D
14:49:54,ICBP,RG,8150,12,F,AK,AT,D
14:49:53,ICBP,RG,8150,1,F,AK,AT,D
14:49:53,ICBP,RG,8125,1,D,HP,AK,F
14:49:53,ICBP,RG,8150,1,F,AK,AT,D
14:49:52,ICBP,RG,8125,1,D,HP,NI,D
14:49:51,ICBP,RG,8150,6,F,AK,AT,D
14:49:51,ICBP,RG,8150,2,F,AK,AT,D
14:49:50,ICBP,RG,8150,5,F,AK,AT,D
14:49:50,ICBP,RG,8150,1,F,AK,AT,D
14:49:49,ICBP,RG,8150,10,D,PD,AT,D
14:49:39,ICBP,RG,8125,8,D,HP,AK,F
14:49:38,ICBP,RG,8125,1,D,HP,AK,F
14:49:38,ICBP,RG,8125,1,D,HP,AK,F
14:49:38,ICBP,RG,8125,15,D,HP,BB,D
14:49:38,ICBP,RG,8125,1,D,XC,BB,D
14:49:38,ICBP,RG,8125,1,D,PD,BB,D
14:49:38,ICBP,RG,8125,25,D,YP,BB,D
14:49:38,ICBP,RG,8125,1,D,YP,BB,D
14:49:38,ICBP,RG,8125,7,D,DX,BB,D
14:49:38,ICBP,RG,8125,5,D,KK,BB,D
14:49:38,ICBP,RG,8125,1,D,PD,BB,D
14:49:38,ICBP,RG,8125,10,D,YP,BB,D
14:49:38,ICBP,RG,8125,3,D,SQ,BB,D
14:49:38,ICBP,RG,8125,1,D,NI,BB,D
14:49:38,ICBP,RG,8125,1,D,CC,BB,D
14:49:38,ICBP,RG,8125,10,D,DX,BB,D
14:49:38,ICBP,RG,8125,1,D,PD,BB,D
14:49:38,ICBP,RG,8125,50,D,YP,BB,D
14:49:38,ICBP,RG,8125,1,D,NI,BB,D
14:49:38,ICBP,RG,8125,2,D,PD,BB,D
14:49:38,ICBP,RG,8125,1,D,PD,BB,D
14:49:38,ICBP,RG,8125,50,D,PD,BB,D
14:49:38,ICBP,RG,8125,1,D,PD,BB,D
14:49:38,ICBP,RG,8125,1,D,PD,BB,D
14:49:38,ICBP,RG,8125,1,D,PD,BB,D
14:49:38,ICBP,RG,8125,100,D,DR,BB,D
14:49:38,ICBP,RG,8125,5,D,CC,BB,D
14:49:38,ICBP,RG,8125,1,D,CC,BB,D
14:49:38,ICBP,RG,8125,1,D,YP,BB,D
14:49:38,ICBP,RG,8125,1,D,YP,BB,D
14:49:38,ICBP,RG,8125,10,D,DH,BB,D
14:49:38,ICBP,RG,8125,3,D,NI,BB,D
14:49:38,ICBP,RG,8125,1,D,XC,BB,D
14:49:38,ICBP,RG,8125,1,D,PD,BB,D
14:49:38,ICBP,RG,8125,3,D,XC,BB,D
14:49:38,ICBP,RG,8125,2,D,YP,BB,D
14:49:38,ICBP,RG,8125,10,D,YP,BB,D
14:49:38,ICBP,RG,8125,1,D,YP,BB,D
14:49:38,ICBP,RG,8125,100,D,CC,BB,D
14:49:38,ICBP,RG,8125,1,D,YP,BB,D
14:49:38,ICBP,RG,8125,1,D,LG,BB,D
14:49:38,ICBP,RG,8125,4,D,DH,BB,D
14:49:38,ICBP,RG,8125,20,D,PD,BB,D
14:49:38,ICBP,RG,8125,5,D,PD,BB,D
14:49:38,ICBP,RG,8125,1,D,PD,BB,D
14:49:38,ICBP,RG,8125,1,D,XC,BB,D
14:49:38,ICBP,RG,8125,2,D,KK,BB,D
14:49:38,ICBP,RG,8125,1,D,SQ,BB,D
14:49:38,ICBP,RG,8125,1,D,SQ,BB,D
14:49:38,ICBP,RG,8125,49,D,IP,BB,D
14:49:37,ICBP,RG,8150,7,D,MU,AT,D
14:49:37,ICBP,RG,8125,1,D,IP,CC,D
14:49:32,ICBP,RG,8150,2,D,EP,AT,D
14:49:30,ICBP,RG,8125,3,D,IP,AK,F
14:49:27,ICBP,RG,8125,9,D,IP,AK,F
14:49:26,ICBP,RG,8125,1,D,IP,AK,F
14:49:25,ICBP,RG,8150,10,D,XC,AT,D
14:49:16,ICBP,RG,8125,25,D,IP,KK,D
14:49:16,ICBP,RG,8125,30,D,IP,CC,D
14:49:15,ICBP,RG,8125,1,D,IP,AK,F
14:49:15,ICBP,RG,8125,4,D,IP,BK,F
14:49:11,ICBP,RG,8150,2,D,PD,AT,D
14:49:10,ICBP,RG,8150,16,F,YU,AT,D
14:49:10,ICBP,RG,8150,1,D,XC,AT,D
14:49:10,ICBP,RG,8150,5,F,AK,AT,D
14:49:10,ICBP,RG,8150,19,F,AK,AT,D
14:49:10,ICBP,RG,8150,1,D,XC,AT,D
14:49:10,ICBP,RG,8150,5,D,KK,AT,D
14:49:10,ICBP,RG,8150,2,D,AI,AT,D
14:49:10,ICBP,RG,8150,8,F,AK,AT,D
14:49:10,ICBP,RG,8150,10,D,SQ,AT,D
14:49:10,ICBP,RG,8150,1,D,PD,AT,D
14:49:10,ICBP,RG,8150,31,F,AK,AT,D
14:49:10,ICBP,RG,8150,10,D,SQ,AT,D
14:49:10,ICBP,RG,8150,1,D,YP,AT,D
14:49:10,ICBP,RG,8150,50,D,SQ,AT,D
14:49:10,ICBP,RG,8150,2,F,CS,AT,D
14:49:10,ICBP,RG,8150,1,D,PD,AT,D
14:49:10,ICBP,RG,8150,11,D,KK,AT,D
14:49:10,ICBP,RG,8150,5,D,YP,AT,D
14:49:10,ICBP,RG,8150,1,D,YP,AT,D
14:49:10,ICBP,RG,8150,19,F,YU,AT,D
14:49:10,ICBP,RG,8150,2,D,NI,AT,D
14:49:10,ICBP,RG,8150,2,D,PD,AT,D
14:49:10,ICBP,RG,8150,1,D,PD,AT,D
14:49:10,ICBP,RG,8150,5,D,GR,AT,D
14:49:10,ICBP,RG,8150,4,D,YP,AT,D
14:49:10,ICBP,RG,8150,1,D,PD,AT,D
14:49:10,ICBP,RG,8150,2,D,CC,AT,D
14:49:10,ICBP,RG,8150,1,D,XC,AT,D
14:49:10,ICBP,RG,8150,1,D,NI,AT,D
14:49:10,ICBP,RG,8150,1,D,CC,AT,D
14:49:10,ICBP,RG,8150,1,D,PD,AT,D
14:49:10,ICBP,RG,8150,1,D,TF,AT,D
14:49:10,ICBP,RG,8150,2,D,YP,AT,D
14:49:10,ICBP,RG,8150,1,D,PD,AT,D
14:49:10,ICBP,RG,8150,1,D,YP,AT,D
14:49:10,ICBP,RG,8150,1,D,PD,AT,D
14:49:10,ICBP,RG,8150,1,D,PD,AT,D
14:49:10,ICBP,RG,8150,1,D,SQ,AT,D
14:49:10,ICBP,RG,8150,1,D,PD,AT,D
14:49:10,ICBP,RG,8150,11,D,YP,AT,D
14:49:10,ICBP,RG,8150,1,D,XC,AT,D
14:49:10,ICBP,RG,8150,20,D,YP,AT,D
14:49:10,ICBP,RG,8150,1,D,YP,AT,D
14:49:10,ICBP,RG,8150,5,D,YP,AT,D
14:49:10,ICBP,RG,8150,2,D,LG,AT,D
14:49:10,ICBP,RG,8150,1,D,XC,AT,D
14:49:10,ICBP,RG,8150,1,D,YP,AT,D
14:49:10,ICBP,RG,8150,1,D,XC,AT,D
14:49:10,ICBP,RG,8150,1,D,XC,AT,D
14:49:10,ICBP,RG,8150,2,D,CC,AT,D
14:49:10,ICBP,RG,8150,6,D,CC,AT,D
14:49:10,ICBP,RG,8150,1,D,CC,AT,D
14:49:10,ICBP,RG,8150,5,D,CC,AT,D
14:49:10,ICBP,RG,8150,4,D,PD,AT,D
14:49:10,ICBP,RG,8150,1,D,CC,AT,D
14:49:10,ICBP,RG,8150,1,D,PD,AT,D
14:49:10,ICBP,RG,8150,1,D,XC,AT,D
14:49:10,ICBP,RG,8150,2,D,XC,AT,D
14:49:10,ICBP,RG,8150,10,D,PD,AT,D
14:49:10,ICBP,RG,8150,1,D,KK,AT,D
14:49:10,ICBP,RG,8150,2,D,CC,AT,D
14:49:10,ICBP,RG,8150,1,D,SQ,AT,D
14:49:10,ICBP,RG,8150,2,D,CC,AT,D
14:49:10,ICBP,RG,8150,10,D,NI,AT,D
14:49:10,ICBP,RG,8150,1,D,XC,AT,D
14:49:10,ICBP,RG,8150,1,D,YP,AT,D
14:49:10,ICBP,RG,8150,1,D,PD,AT,D
14:49:10,ICBP,RG,8150,10,D,CC,AT,D
14:49:10,ICBP,RG,8150,3,D,KK,AT,D
14:49:10,ICBP,RG,8150,2,D,AZ,AT,D
14:49:10,ICBP,RG,8150,10,D,LG,AT,D
14:49:10,ICBP,RG,8150,2,D,EP,AT,D
14:49:10,ICBP,RG,8150,8,D,XC,AT,D
14:49:10,ICBP,RG,8150,10,D,KK,AT,D
14:49:10,ICBP,RG,8150,1,D,PD,AT,D
14:49:10,ICBP,RG,8150,1,D,SQ,AT,D
14:49:10,ICBP,RG,8150,1,D,SQ,AT,D
14:49:10,ICBP,RG,8150,1,D,XC,AT,D
14:49:10,ICBP,RG,8150,1,D,TP,AT,D
14:49:10,ICBP,RG,8150,18,D,OD,AT,D
14:49:10,ICBP,RG,8150,1,D,GR,AT,D
14:49:10,ICBP,RG,8150,2,D,PD,AT,D
14:49:10,ICBP,RG,8150,10,D,OD,AT,D
14:49:10,ICBP,RG,8150,5,D,SQ,AT,D
14:49:10,ICBP,RG,8150,1,D,PD,AT,D
14:49:10,ICBP,RG,8150,1,D,NI,AT,D
14:49:10,ICBP,RG,8150,3,D,PD,AT,D
14:49:10,ICBP,RG,8150,1,D,NI,AT,D
14:49:10,ICBP,RG,8150,2,D,KK,AT,D
14:49:10,ICBP,RG,8150,1,D,KK,AT,D
14:49:10,ICBP,RG,8150,1,D,XC,AT,D
14:49:10,ICBP,RG,8150,1,D,YP,AT,D
14:49:10,ICBP,RG,8150,5,D,XC,AT,D
14:49:10,ICBP,RG,8150,100,D,SQ,AT,D
14:49:10,ICBP,RG,8150,5,D,YP,AT,D
14:49:10,ICBP,RG,8150,15,D,OD,AT,D
14:49:10,ICBP,RG,8150,3,D,PD,AT,D
14:49:10,ICBP,RG,8150,2,D,XC,AT,D
14:49:10,ICBP,RG,8150,25,D,CC,AT,D
14:49:10,ICBP,RG,8150,50,D,GR,AT,D
14:49:10,ICBP,RG,8150,5,D,CC,AT,D
14:49:10,ICBP,RG,8150,736,D,XA,AT,D
14:49:10,ICBP,RG,8150,3,D,DH,AT,D
14:49:10,ICBP,RG,8150,1,D,XC,AT,D
14:49:10,ICBP,RG,8150,1,D,PD,AT,D
14:49:10,ICBP,RG,8150,1,D,CC,AT,D
14:49:10,ICBP,RG,8150,1,D,PD,AT,D
14:49:10,ICBP,RG,8150,5,D,CC,AT,D
14:49:10,ICBP,RG,8150,1,D,GR,AT,D
14:49:10,ICBP,RG,8150,2,D,KK,AT,D
14:49:10,ICBP,RG,8150,1,D,CC,AT,D
14:49:10,ICBP,RG,8150,3,D,XC,AT,D
14:49:10,ICBP,RG,8150,1,D,YP,AT,D
14:49:10,ICBP,RG,8150,1,D,CP,AT,D
14:49:10,ICBP,RG,8150,1,D,YP,AT,D
14:49:10,ICBP,RG,8150,1,D,PD,AT,D
14:49:10,ICBP,RG,8150,1,D,XC,AT,D
14:49:10,ICBP,RG,8150,2,D,PD,AT,D
14:49:10,ICBP,RG,8150,10,D,YP,AT,D
14:49:10,ICBP,RG,8150,1,D,CC,AT,D
14:49:10,ICBP,RG,8150,1,D,PD,AT,D
14:49:10,ICBP,RG,8150,1,D,NI,AT,D
14:49:10,ICBP,RG,8150,1,D,PD,AT,D
14:49:10,ICBP,RG,8150,1,D,CC,AT,D
14:49:10,ICBP,RG,8150,1,D,NI,AT,D
14:49:10,ICBP,RG,8150,1,D,PD,AT,D
14:49:10,ICBP,RG,8150,1,D,DH,AT,D
14:49:10,ICBP,RG,8150,9,D,XC,AT,D
14:49:10,ICBP,RG,8150,1,D,PD,AT,D
14:49:10,ICBP,RG,8150,10,D,LG,AT,D
14:49:10,ICBP,RG,8150,5,D,CC,AT,D
14:49:10,ICBP,RG,8150,10,D,PD,AT,D
14:49:10,ICBP,RG,8150,3,D,CC,AT,D
14:49:10,ICBP,RG,8150,12,D,YP,AT,D
14:49:10,ICBP,RG,8150,10,D,KK,AT,D
14:49:10,ICBP,RG,8150,5,D,YP,AT,D
14:49:10,ICBP,RG,8150,2,D,DH,AT,D
14:49:10,ICBP,RG,8150,1,D,PD,AT,D
14:49:10,ICBP,RG,8150,8,D,XC,AT,D
14:49:10,ICBP,RG,8150,1,D,PD,AT,D
14:49:10,ICBP,RG,8150,250,D,IT,AT,D
14:49:10,ICBP,RG,8150,1,D,KK,AT,D
14:49:10,ICBP,RG,8150,1,D,GR,AT,D
14:49:10,ICBP,RG,8150,1,D,GR,AT,D
14:49:10,ICBP,RG,8150,2,D,YP,AT,D
14:49:10,ICBP,RG,8150,1,D,YP,AT,D
14:49:10,ICBP,RG,8150,2,D,YP,AT,D
14:49:10,ICBP,RG,8150,1,D,YP,AT,D
14:49:10,ICBP,RG,8150,5,D,YP,AT,D
14:49:10,ICBP,RG,8150,100,D,CC,AT,D
14:49:10,ICBP,RG,8150,1,D,YP,AT,D
14:49:10,ICBP,RG,8150,1,D,DH,AT,D
14:49:10,ICBP,RG,8150,1,D,DH,AT,D
14:49:10,ICBP,RG,8150,1,D,GR,AT,D
14:49:10,ICBP,RG,8150,1,D,GR,AT,D
14:49:10,ICBP,RG,8150,1,D,GR,AT,D
14:49:10,ICBP,RG,8150,1,D,GR,AT,D
14:49:10,ICBP,RG,8150,4,D,SQ,AT,D
14:49:09,ICBP,RG,8150,6,D,SQ,AK,F
14:49:09,ICBP,RG,8150,8,D,CC,AK,F
14:49:08,ICBP,RG,8150,2,D,CC,AK,F
14:49:08,ICBP,RG,8150,1,D,EP,AK,F
14:49:07,ICBP,RG,8175,1,F,CS,BB,D
14:49:01,ICBP,RG,8150,1,D,PD,BK,F
14:49:01,ICBP,RG,8150,3,D,PD,BK,F
14:49:01,ICBP,RG,8150,2,D,PD,BK,F
14:49:01,ICBP,RG,8150,4,D,AZ,BK,F
14:49:00,ICBP,RG,8150,1,D,AZ,AK,F
14:49:00,ICBP,RG,8150,1,D,PD,AK,F
14:49:00,ICBP,RG,8150,2,D,DX,AK,F
14:49:00,ICBP,RG,8150,5,D,DX,AK,F
14:49:00,ICBP,RG,8150,3,D,DX,AK,F
14:49:00,ICBP,RG,8150,7,D,IP,AK,F
14:49:00,ICBP,RG,8150,3,D,IP,AK,F
14:48:59,ICBP,RG,8150,14,D,IP,AK,F
14:48:59,ICBP,RG,8150,1,D,IP,AK,F
14:48:54,ICBP,RG,8150,5,D,IP,BK,F
14:48:48,ICBP,RG,8175,1,F,CS,BB,D
14:48:39,ICBP,RG,8175,10,D,SQ,BB,D
14:48:36,ICBP,RG,8150,5,D,IP,AK,F
14:48:35,ICBP,RG,8150,1,D,IP,AK,F
14:48:35,ICBP,RG,8175,10,D,EP,BB,D
14:48:34,ICBP,RG,8150,5,D,IP,BK,F
14:48:30,ICBP,RG,8175,1,F,YU,BB,D
14:48:30,ICBP,RG,8150,2,D,IP,AK,F
14:48:30,ICBP,RG,8150,13,D,IP,AK,F
14:48:30,ICBP,RG,8150,10,D,IP,AK,F
14:48:27,ICBP,RG,8175,1,F,CS,BB,D
14:48:24,ICBP,RG,8150,1,D,IP,CC,D
14:48:18,ICBP,RG,8150,5,D,IP,BK,F
14:48:17,ICBP,RG,8150,1,D,IP,AK,F
14:48:16,ICBP,RG,8175,1,F,CS,BB,D
14:48:13,ICBP,RG,8175,1,D,TP,BB,D
14:48:12,ICBP,RG,8150,5,D,IP,PD,D
14:48:00,ICBP,RG,8150,3,D,IP,AK,F
14:48:00,ICBP,RG,8150,20,D,IP,AK,F
14:48:00,ICBP,RG,8150,11,D,IP,AK,F
14:47:57,ICBP,RG,8150,5,D,IP,BK,F
14:47:45,ICBP,RG,8150,5,D,IP,AK,F
14:47:40,ICBP,RG,8150,1,D,IP,KK,D
14:47:40,ICBP,RG,8150,3,D,YJ,KK,D
14:47:39,ICBP,RG,8150,2,D,YJ,YP,D
14:47:38,ICBP,RG,8150,5,D,YJ,BK,F
14:47:32,ICBP,RG,8175,13,F,YU,BB,D
14:47:32,ICBP,RG,8175,57,F,AK,BB,D
14:47:32,ICBP,RG,8175,14,F,AK,BB,D
14:47:32,ICBP,RG,8175,10,D,YP,BB,D
14:47:32,ICBP,RG,8175,1,F,YU,BB,D
14:47:32,ICBP,RG,8175,94,F,AK,BB,D
14:47:32,ICBP,RG,8175,100,D,SQ,BB,D
14:47:32,ICBP,RG,8175,1,D,YP,BB,D
14:47:32,ICBP,RG,8175,1,D,YP,BB,D
14:47:32,ICBP,RG,8175,29,D,CC,BB,D
14:47:32,ICBP,RG,8175,31,F,YU,BB,D
14:47:32,ICBP,RG,8175,10,D,YP,BB,D
14:47:32,ICBP,RG,8175,1,D,XC,BB,D
14:47:32,ICBP,RG,8175,1,F,CS,BB,D
14:47:32,ICBP,RG,8175,4,D,PD,BB,D
14:47:32,ICBP,RG,8175,6,D,YP,BB,D
14:47:32,ICBP,RG,8175,42,F,YU,BB,D
14:47:32,ICBP,RG,8175,1,F,CS,BB,D
14:47:32,ICBP,RG,8175,1,D,XC,BB,D
14:47:32,ICBP,RG,8175,1,D,YP,BB,D
14:47:32,ICBP,RG,8175,1,D,YP,BB,D
14:47:32,ICBP,RG,8175,1,D,XC,BB,D
14:47:32,ICBP,RG,8175,100,D,CC,BB,D
14:47:32,ICBP,RG,8175,2,D,YP,BB,D
14:47:32,ICBP,RG,8175,27,D,ZP,BB,D
14:47:32,ICBP,RG,8175,2,D,PD,BB,D
14:47:32,ICBP,RG,8175,1,D,PD,BB,D
14:47:32,ICBP,RG,8175,10,D,SQ,BB,D
14:47:32,ICBP,RG,8175,40,D,KI,BB,D
14:47:32,ICBP,RG,8175,1,D,CC,BB,D
14:47:32,ICBP,RG,8175,14,D,SQ,BB,D
14:47:32,ICBP,RG,8175,1,D,YP,BB,D
14:47:32,ICBP,RG,8175,10,D,CC,BB,D
14:47:32,ICBP,RG,8175,1,D,PD,BB,D
14:47:32,ICBP,RG,8175,3,D,PD,BB,D
14:47:32,ICBP,RG,8175,1,D,EP,BB,D
14:47:32,ICBP,RG,8175,2,D,NI,BB,D
14:47:32,ICBP,RG,8175,1,D,PD,BB,D
14:47:32,ICBP,RG,8175,1,D,BQ,BB,D
14:47:32,ICBP,RG,8175,1,D,OD,BB,D
14:47:32,ICBP,RG,8175,10,D,NI,BB,D
14:47:32,ICBP,RG,8175,1,D,GR,BB,D
14:47:32,ICBP,RG,8175,10,D,KK,BB,D
14:47:32,ICBP,RG,8175,2,D,PD,BB,D
14:47:32,ICBP,RG,8175,12,D,PD,BB,D
14:47:32,ICBP,RG,8175,1,D,LG,BB,D
14:47:32,ICBP,RG,8175,1,D,CC,BB,D
14:47:32,ICBP,RG,8175,1,D,XC,BB,D
14:47:32,ICBP,RG,8175,36,F,RX,BB,D
14:47:30,ICBP,RG,8175,2,F,RX,AK,F
14:47:30,ICBP,RG,8175,12,F,RX,AK,F
14:47:30,ICBP,RG,8175,2,D,PD,AK,F
14:47:27,ICBP,RG,8175,3,D,PD,OD,D
14:47:23,ICBP,RG,8175,1,D,CC,PD,D
14:47:20,ICBP,RG,8175,5,D,PD,BK,F
14:47:14,ICBP,RG,8175,5,D,KK,BB,D
14:47:14,ICBP,RG,8175,3,D,KK,BB,D
14:47:14,ICBP,RG,8175,13,F,AK,BB,D
14:47:05,ICBP,RG,8200,2,F,CS,BB,D
14:47:00,ICBP,RG,8200,72,F,YU,BB,D
14:47:00,ICBP,RG,8200,118,F,AK,BB,D
14:46:59,ICBP,RG,8175,5,F,AK,BK,F
14:46:48,ICBP,RG,8175,4,F,AK,CC,D
14:46:43,ICBP,RG,8175,5,F,AK,BK,F
14:46:34,ICBP,RG,8200,2,F,CS,BB,D
14:46:20,ICBP,RG,8175,5,F,AK,BK,F
14:46:15,ICBP,RG,8200,9,F,AK,BB,D
14:46:15,ICBP,RG,8200,1,F,AK,XC,D
14:46:15,ICBP,RG,8200,4,F,AK,KK,D
14:46:15,ICBP,RG,8200,1,F,AK,BK,F
14:46:15,ICBP,RG,8200,3,F,AK,DR,D
14:46:15,ICBP,RG,8200,5,F,AK,PD,D
14:46:15,ICBP,RG,8200,1,F,AK,AK,F
14:46:00,ICBP,RG,8200,8,F,YU,AK,F
14:46:00,ICBP,RG,8200,4,F,YU,AK,F
14:46:00,ICBP,RG,8200,22,F,YU,AK,F
14:46:00,ICBP,RG,8200,12,F,YU,AK,F
14:45:57,ICBP,RG,8175,5,F,AK,BK,F
14:45:53,ICBP,RG,8200,1,F,CS,AK,F
14:45:41,ICBP,RG,8200,1,F,CS,AK,F
14:45:30,ICBP,RG,8175,3,F,AK,AK,F
14:45:30,ICBP,RG,8175,20,F,AK,AK,F
14:45:25,ICBP,RG,8200,1,F,YU,AK,F
14:45:25,ICBP,RG,8200,1,F,YU,BB,D
14:45:25,ICBP,RG,8200,15,F,YU,BK,F
14:45:24,ICBP,RG,8200,17,F,YU,BK,F
14:45:23,ICBP,RG,8200,1,F,CS,BK,F
14:45:20,ICBP,RG,8175,14,F,AK,NI,D
14:45:04,ICBP,RG,8200,1,F,CS,BK,F
14:45:00,ICBP,RG,8175,1,F,AK,BB,D
14:45:00,ICBP,RG,8200,59,F,YU,BK,F
14:44:54,ICBP,RG,8175,4,F,AK,GR,D
14:44:53,ICBP,RG,8200,5,D,PD,BK,F
14:44:45,ICBP,RG,8175,1,F,AK,OD,D
14:44:45,ICBP,RG,8175,1,D,NI,OD,D
14:44:45,ICBP,RG,8175,1,D,NI,OD,D
14:44:45,ICBP,RG,8175,1,D,PD,OD,D
14:44:45,ICBP,RG,8175,1,D,NI,OD,D
14:44:45,ICBP,RG,8175,1,D,PD,OD,D
14:44:40,ICBP,RG,8200,1,F,CS,BK,F
14:44:31,ICBP,RG,8175,1,D,PD,BB,D
14:44:31,ICBP,RG,8200,22,F,RX,BK,F
14:44:31,ICBP,RG,8200,22,F,RX,BK,F
14:44:31,ICBP,RG,8200,29,F,RX,BB,D
14:44:31,ICBP,RG,8200,10,F,RX,CC,D
14:44:31,ICBP,RG,8200,57,F,RX,ZP,D
14:44:13,ICBP,RG,8175,3,D,CC,BK,F
14:44:13,ICBP,RG,8175,2,D,DH,BK,F
14:43:56,ICBP,RG,8175,1,D,CC,YP,D
14:43:55,ICBP,RG,8175,4,D,CC,BK,F
14:43:55,ICBP,RG,8175,1,D,SQ,BK,F
14:43:33,ICBP,RG,8175,2,D,SQ,BK,F
14:43:33,ICBP,RG,8175,1,D,NI,BK,F
14:43:33,ICBP,RG,8175,2,D,EP,BK,F
14:43:32,ICBP,RG,8175,1,D,EP,BB,D
14:43:11,ICBP,RG,8175,2,D,EP,BK,F
14:43:11,ICBP,RG,8175,3,D,XC,BK,F
14:42:59,ICBP,RG,8200,1,F,CS,ZP,D
14:42:59,ICBP,RG,8200,27,F,YU,ZP,D
14:42:59,ICBP,RG,8200,115,F,AK,ZP,D
14:42:58,ICBP,RG,8200,5,F,AK,YP,D
14:42:58,ICBP,RG,8200,1,D,NI,YP,D
14:42:58,ICBP,RG,8200,1,D,NI,YP,D
14:42:58,ICBP,RG,8200,2,D,PD,YP,D
14:42:58,ICBP,RG,8200,5,F,AK,YP,D
14:42:58,ICBP,RG,8200,19,F,AK,YP,D
14:42:58,ICBP,RG,8200,42,F,AK,YP,D
14:42:57,ICBP,RG,8200,5,F,AK,BK,F
14:42:54,ICBP,RG,8200,1,F,AK,BB,D
14:42:46,ICBP,RG,8200,62,F,AK,BB,D
14:42:46,ICBP,RG,8200,1,F,CS,BB,D
14:42:46,ICBP,RG,8200,1,D,NI,BB,D
14:42:46,ICBP,RG,8200,25,D,AT,BB,D
14:42:46,ICBP,RG,8200,150,F,RX,BB,D
14:42:46,ICBP,RG,8200,54,D,LG,BB,D
14:42:41,ICBP,RG,8200,4,D,LG,BB,D
14:42:39,ICBP,RG,8200,40,D,LG,ZP,D
14:42:39,ICBP,RG,8200,368,F,CS,ZP,D
14:42:39,ICBP,RG,8200,1,D,YP,ZP,D
14:42:39,ICBP,RG,8200,1,D,PD,ZP,D
14:42:39,ICBP,RG,8200,2,D,AT,ZP,D
14:42:39,ICBP,RG,8200,120,D,LG,ZP,D
14:42:39,ICBP,RG,8200,60,D,LG,ZP,D
14:42:39,ICBP,RG,8200,1,D,CC,ZP,D
14:42:39,ICBP,RG,8200,1,D,PD,ZP,D
14:42:39,ICBP,RG,8200,1,D,PD,ZP,D
14:42:39,ICBP,RG,8200,200,F,RX,ZP,D
14:42:39,ICBP,RG,8200,10,D,LG,ZP,D
14:42:39,ICBP,RG,8200,5,D,LG,ZP,D
14:42:39,ICBP,RG,8200,1,D,CC,ZP,D
14:42:39,ICBP,RG,8200,1,F,YU,ZP,D
14:42:39,ICBP,RG,8200,32,F,YU,ZP,D
14:42:39,ICBP,RG,8200,1,F,CS,ZP,D
14:42:39,ICBP,RG,8200,100,D,LG,ZP,D
14:42:39,ICBP,RG,8200,19,F,YU,ZP,D
14:42:39,ICBP,RG,8200,3,D,XA,ZP,D
14:42:39,ICBP,RG,8200,1,D,LG,ZP,D
14:42:39,ICBP,RG,8200,1,D,LG,ZP,D
14:42:39,ICBP,RG,8200,20,F,AK,ZP,D
14:42:39,ICBP,RG,8200,11,F,AK,ZP,D
14:42:37,ICBP,RG,8200,9,F,AK,BB,D
14:42:36,ICBP,RG,8200,5,F,AK,BK,F
14:42:31,ICBP,RG,8225,3,F,CS,AT,D
14:42:30,ICBP,RG,8200,4,F,AK,BB,D
14:42:29,ICBP,RG,8200,1,F,AK,CC,D
14:42:16,ICBP,RG,8200,7,F,AK,BB,D
14:42:15,ICBP,RG,8200,5,F,AK,BK,F
14:42:09,ICBP,RG,8200,1,F,AK,BB,D
14:42:09,ICBP,RG,8200,15,F,AK,BB,D
14:42:08,ICBP,RG,8200,5,F,AK,GR,D
14:42:00,ICBP,RG,8225,31,F,YU,AT,D
14:41:59,ICBP,RG,8200,8,F,AK,BB,D
14:41:55,ICBP,RG,8200,5,F,AK,BK,F
14:41:54,ICBP,RG,8200,5,F,AK,BB,D
14:41:54,ICBP,RG,8200,25,D,LG,BB,D
14:41:53,ICBP,RG,8200,7,D,LG,XC,D
14:41:45,ICBP,RG,8200,1,D,LG,BB,D
14:41:45,ICBP,RG,8200,60,D,LG,AK,F
14:41:41,ICBP,RG,8200,10,D,LG,BB,D
14:41:35,ICBP,RG,8200,1,D,LG,BB,D
14:41:34,ICBP,RG,8200,5,D,LG,BK,F
14:41:30,ICBP,RG,8200,10,D,LG,BB,D
14:41:30,ICBP,RG,8200,59,D,LG,BB,D
14:41:30,ICBP,RG,8200,2,F,CS,BB,D
14:41:30,ICBP,RG,8200,1,D,XC,BB,D
14:41:30,ICBP,RG,8200,1,D,PD,BB,D
14:41:30,ICBP,RG,8200,19,F,YU,BB,D
14:41:30,ICBP,RG,8200,2,D,XC,BB,D
14:41:30,ICBP,RG,8200,4,D,YP,BB,D
14:41:30,ICBP,RG,8200,12,F,RX,AK,F
14:41:26,ICBP,RG,8200,12,F,RX,BB,D
14:41:25,ICBP,RG,8200,76,F,RX,YP,D
14:41:25,ICBP,RG,8200,17,F,AK,YP,D
14:41:25,ICBP,RG,8200,59,F,AK,YP,D
14:41:25,ICBP,RG,8200,76,F,AK,YP,D
14:41:25,ICBP,RG,8200,22,F,AK,YP,D
14:41:25,ICBP,RG,8200,1,F,AK,YP,D
14:41:18,ICBP,RG,8200,10,F,AK,CC,D
14:41:12,ICBP,RG,8200,1,F,AK,BB,D
14:41:12,ICBP,RG,8200,40,F,AK,BB,D
14:41:11,ICBP,RG,8200,5,F,AK,BK,F
14:41:00,ICBP,RG,8200,11,F,AK,BB,D
14:41:00,ICBP,RG,8200,23,F,AK,AK,F
14:41:00,ICBP,RG,8200,45,F,RX,AK,F
14:41:00,ICBP,RG,8225,32,F,YU,AT,D
14:40:55,ICBP,RG,8200,5,F,RX,BK,F
14:40:51,ICBP,RG,8200,4,F,RX,BB,D
14:40:51,ICBP,RG,8200,14,F,RX,YP,D
14:40:43,ICBP,RG,8200,5,F,RX,BB,D
14:40:36,ICBP,RG,8200,10,F,RX,BB,D
14:40:35,ICBP,RG,8200,5,F,RX,BK,F
14:40:21,ICBP,RG,8200,17,F,RX,BB,D
14:40:13,ICBP,RG,8200,29,F,RX,YB,D
14:40:11,ICBP,RG,8200,1,F,RX,BB,D
14:40:11,ICBP,RG,8200,13,F,RX,BB,D
14:40:10,ICBP,RG,8200,5,F,RX,BK,F
14:39:53,ICBP,RG,8200,5,F,RX,BK,F
14:39:46,ICBP,RG,8200,7,F,RX,BB,D
14:39:45,ICBP,RG,8200,1,F,RX,PD,D
14:39:39,ICBP,RG,8200,6,F,RX,BB,D
14:39:28,ICBP,RG,8200,6,F,RX,BB,D
14:39:27,ICBP,RG,8200,6,F,RX,BK,F
14:39:15,ICBP,RG,8200,14,F,RX,BB,D
14:39:12,ICBP,RG,8200,2,F,RX,CC,D
14:39:12,ICBP,RG,8200,1,F,CS,CC,D
14:39:12,ICBP,RG,8200,4,F,CS,CC,D
14:39:12,ICBP,RG,8200,7,F,CS,CC,D
14:39:10,ICBP,RG,8200,10,F,CS,PD,D
14:39:09,ICBP,RG,8200,5,F,CS,BK,F
14:39:09,ICBP,RG,8200,13,F,CS,BB,D
14:39:08,ICBP,RG,8200,2,F,CS,BB,D
14:39:03,ICBP,RG,8200,24,F,CS,SQ,D
14:39:02,ICBP,RG,8200,179,F,CS,BB,D
14:39:01,ICBP,RG,8225,2,F,CS,AT,D
14:39:01,ICBP,RG,8225,3,F,CS,AT,D
14:39:00,ICBP,RG,8200,1,F,CS,BB,D
14:39:00,ICBP,RG,8225,12,F,CS,AT,D
14:39:00,ICBP,RG,8225,58,F,YU,AT,D
14:38:59,ICBP,RG,8225,390,F,AK,AT,D
14:38:50,ICBP,RG,8200,9,F,CS,BB,D
14:38:49,ICBP,RG,8200,36,F,CS,SQ,D
14:38:48,ICBP,RG,8200,5,F,CS,BK,F
14:38:45,ICBP,RG,8225,1,D,PD,AT,D
14:38:42,ICBP,RG,8200,10,F,CS,BB,D
14:38:41,ICBP,RG,8200,5,F,CS,BQ,D
14:38:27,ICBP,RG,8200,8,F,CS,BB,D
14:38:12,ICBP,RG,8200,22,F,CS,BB,D
14:38:01,ICBP,RG,8225,5,F,CS,AT,D
14:38:00,ICBP,RG,8225,1,F,CS,AT,D
14:38:00,ICBP,RG,8225,23,F,YU,AT,D
14:38:00,ICBP,RG,8225,27,F,AK,AT,D
14:37:58,ICBP,RG,8200,1,F,CS,BB,D
14:37:57,ICBP,RG,8200,4,F,CS,BB,D
14:37:18,ICBP,RG,8225,1,D,XC,AT,D
14:37:01,ICBP,RG,8225,5,F,CS,AT,D
14:37:00,ICBP,RG,8225,28,F,YU,AT,D
14:36:56,ICBP,RG,8200,1,F,CS,BB,D
14:36:31,ICBP,RG,8225,6,F,CS,AT,D
14:36:30,ICBP,RG,8225,25,F,AK,AT,D
14:35:51,ICBP,RG,8225,2,F,CS,AT,D
14:35:45,ICBP,RG,8225,15,F,AK,AT,D
14:35:10,ICBP,RG,8200,1,F,CS,BB,D
14:35:04,ICBP,RG,8225,2,F,CS,AT,D
14:35:03,ICBP,RG,8200,5,F,CS,YU,D
14:35:03,ICBP,RG,8200,26,F,CS,YU,D
14:35:00,ICBP,RG,8225,7,F,CS,AT,D
14:35:00,ICBP,RG,8225,4,F,CS,AT,D
14:35:00,ICBP,RG,8225,4,F,CS,AT,D
14:35:00,ICBP,RG,8225,36,F,YU,AT,D
14:34:59,ICBP,RG,8225,19,F,YU,AT,D
14:34:59,ICBP,RG,8225,19,F,YU,AT,D
14:34:59,ICBP,RG,8225,11,F,CS,AT,D
14:34:55,ICBP,RG,8200,50,F,CS,NI,D
14:34:17,ICBP,RG,8225,26,F,CS,AT,D
14:34:14,ICBP,RG,8225,153,F,AK,AT,D
14:33:45,ICBP,RG,8225,36,F,AK,AT,D
14:33:43,ICBP,RG,8200,1,F,CS,DH,D
14:33:30,ICBP,RG,8200,50,F,CS,YP,D
14:32:35,ICBP,RG,8200,4,F,CS,NI,D
14:32:31,ICBP,RG,8200,1,F,CS,XC,D
14:32:30,ICBP,RG,8225,18,F,AK,AT,D
14:32:04,ICBP,RG,8225,10,D,CC,AT,D
14:31:23,ICBP,RG,8200,18,F,CS,LG,D
14:31:23,ICBP,RG,8200,2,D,YP,LG,D
14:31:02,ICBP,RG,8200,1,D,YP,BB,D
14:31:02,ICBP,RG,8200,2,D,YP,BB,D
14:31:02,ICBP,RG,8200,6,F,YU,BB,D
14:31:01,ICBP,RG,8200,80,F,CS,BB,D
14:31:00,ICBP,RG,8200,4,D,LG,BB,D
14:31:00,ICBP,RG,8200,16,D,LG,AK,F
14:31:00,ICBP,RG,8200,3,D,LG,AK,F
14:31:00,ICBP,RG,8200,19,D,LG,AK,F
14:31:00,ICBP,RG,8200,9,D,LG,AK,F
14:31:00,ICBP,RG,8200,5,D,LG,DR,D
14:31:00,ICBP,RG,8200,7,D,LG,KK,D
14:31:00,ICBP,RG,8200,57,D,LG,ZP,D
14:31:00,ICBP,RG,8200,60,D,LG,ZP,D
14:30:52,ICBP,RG,8200,1,F,CS,ZP,D
14:30:52,ICBP,RG,8200,82,F,CS,ZP,D
14:30:52,ICBP,RG,8200,6,F,CS,BK,F
14:30:51,ICBP,RG,8200,5,D,SQ,BK,F
14:30:51,ICBP,RG,8200,7,F,GW,BK,F
14:30:51,ICBP,RG,8200,18,F,GW,ZP,D
14:30:51,ICBP,RG,8200,11,F,GW,CC,D
14:30:51,ICBP,RG,8200,7,F,GW,XC,D
14:30:51,ICBP,RG,8200,1,F,GW,XC,D
14:30:51,ICBP,RG,8200,10,F,GW,YP,D
14:30:51,ICBP,RG,8200,60,F,GW,YP,D
14:30:51,ICBP,RG,8200,17,F,GW,AK,F
14:30:51,ICBP,RG,8200,3,F,GW,AK,F
14:30:51,ICBP,RG,8200,23,F,GW,AK,F
14:30:51,ICBP,RG,8200,14,F,GW,AK,F
14:30:51,ICBP,RG,8200,2,F,GW,XC,D
14:30:51,ICBP,RG,8200,1,F,GW,XC,D
14:30:51,ICBP,RG,8200,10,F,GW,NI,D
14:30:51,ICBP,RG,8200,146,F,GW,BB,D
14:30:51,ICBP,RG,8200,3,F,GW,CC,D
14:30:51,ICBP,RG,8200,1,F,GW,CC,D
14:30:51,ICBP,RG,8200,36,F,GW,BK,F
14:30:51,ICBP,RG,8200,2,F,GW,XC,D
14:30:51,ICBP,RG,8200,5,F,GW,BB,D
14:30:51,ICBP,RG,8200,23,F,GW,BB,D
14:30:48,ICBP,RG,8200,1,F,CS,BB,D
14:30:47,ICBP,RG,8200,5,F,CS,BB,D
14:30:35,ICBP,RG,8200,66,F,CS,BB,D
14:30:34,ICBP,RG,8200,191,F,GW,BB,D
14:30:34,ICBP,RG,8200,4,F,GW,YP,D
14:30:34,ICBP,RG,8200,12,F,GW,AK,F
14:30:34,ICBP,RG,8200,27,F,GW,AK,F
14:30:34,ICBP,RG,8200,2,F,GW,AK,F
14:30:34,ICBP,RG,8200,2,F,GW,AK,F
14:30:34,ICBP,RG,8200,14,F,GW,AK,F
14:30:34,ICBP,RG,8200,22,F,GW,AK,F
14:30:34,ICBP,RG,8200,9,F,GW,AK,F
14:30:34,ICBP,RG,8200,17,F,GW,AK,F
14:30:33,ICBP,RG,8200,3,F,CS,AK,F
14:30:33,ICBP,RG,8200,8,F,CS,BB,D
14:30:33,ICBP,RG,8200,4,F,CS,BB,D
14:30:32,ICBP,RG,8175,1,F,AK,BB,D
14:30:32,ICBP,RG,8175,14,F,AK,BB,D
14:30:32,ICBP,RG,8175,1,F,CS,BB,D
14:30:32,ICBP,RG,8175,1,D,XC,BB,D
14:30:32,ICBP,RG,8175,1,D,SQ,BB,D
14:30:32,ICBP,RG,8175,50,F,AK,BB,D
14:30:31,ICBP,RG,8200,43,F,CS,BB,D
14:30:27,ICBP,RG,8200,200,F,CS,BB,D
14:30:25,ICBP,RG,8200,1,F,CS,BB,D
14:30:22,ICBP,RG,8200,1,F,CS,BB,D
14:30:21,ICBP,RG,8200,1,D,SQ,BB,D
14:30:21,ICBP,RG,8175,8,F,AK,BB,D
14:30:20,ICBP,RG,8200,1,F,CS,BB,D
14:30:11,ICBP,RG,8200,2,D,NI,BB,D
14:30:10,ICBP,RG,8200,2,F,CS,BB,D
14:30:09,ICBP,RG,8175,12,F,AK,BB,D
14:30:08,ICBP,RG,8200,1,F,CS,BB,D
14:30:01,ICBP,RG,8200,2,F,YU,BB,D
14:29:59,ICBP,RG,8200,12,F,CS,BB,D
14:29:58,ICBP,RG,8175,19,F,AK,BB,D
14:29:58,ICBP,RG,8175,10,D,YP,BB,D
14:29:58,ICBP,RG,8175,24,F,RX,BB,D
14:29:57,ICBP,RG,8200,2,F,CS,BB,D
14:29:54,ICBP,RG,8200,24,F,CS,BB,D
14:29:54,ICBP,RG,8200,13,F,CS,BB,D
14:29:53,ICBP,RG,8200,120,D,LG,BB,D
14:29:53,ICBP,RG,8200,60,D,LG,BB,D
14:29:51,ICBP,RG,8200,2,F,CS,BB,D
14:29:50,ICBP,RG,8175,10,F,RX,BB,D
14:29:49,ICBP,RG,8200,1,F,CS,BB,D
14:29:46,ICBP,RG,8200,2,F,CS,PD,D
14:29:46,ICBP,RG,8200,1,F,CS,PD,D
14:29:46,ICBP,RG,8200,2,F,CS,KK,D
14:29:45,ICBP,RG,8175,13,F,RX,AK,F
14:29:42,ICBP,RG,8175,3,F,RX,BB,D
14:29:42,ICBP,RG,8175,2,F,CS,BB,D
14:29:42,ICBP,RG,8175,10,F,GW,BB,D
14:29:41,ICBP,RG,8200,1,F,CS,KK,D
14:29:36,ICBP,RG,8200,1,F,CS,KK,D
14:29:36,ICBP,RG,8200,4,F,YU,KK,D
14:29:35,ICBP,RG,8200,15,F,CS,KK,D
14:29:35,ICBP,RG,8200,1,F,CS,KK,D
14:29:34,ICBP,RG,8200,34,F,RX,KK,D
14:29:34,ICBP,RG,8200,26,F,RX,BK,F
14:29:34,ICBP,RG,8200,10,F,RX,DR,D
14:29:34,ICBP,RG,8200,3,F,RX,CS,F
14:29:31,ICBP,RG,8175,1,F,GW,BB,D
14:29:21,ICBP,RG,8200,1,F,CS,CS,F
14:29:20,ICBP,RG,8175,5,F,GW,BB,D
14:29:11,ICBP,RG,8200,1,F,CS,CS,F
14:29:10,ICBP,RG,8175,6,F,GW,BB,D
14:28:58,ICBP,RG,8200,4,F,CS,CS,F
14:28:54,ICBP,RG,8175,18,F,GW,BB,D
14:28:33,ICBP,RG,8200,2,F,CS,CS,F
14:28:28,ICBP,RG,8175,9,F,GW,BB,D
14:28:27,ICBP,RG,8200,2,F,CS,CS,F
14:28:25,ICBP,RG,8175,8,F,GW,BB,D
14:28:06,ICBP,RG,8200,1,F,CS,CS,F
14:28:01,ICBP,RG,8200,5,D,IF,CS,F
14:27:45,ICBP,RG,8200,2,F,CS,CS,F
14:27:44,ICBP,RG,8175,10,F,GW,CC,D
14:27:22,ICBP,RG,8200,1,D,PD,CS,F
14:27:15,ICBP,RG,8200,1,F,CS,CS,F
14:27:12,ICBP,RG,8200,2,D,YP,CS,F
14:27:11,ICBP,RG,8200,4,F,CS,CS,F
14:27:11,ICBP,RG,8200,1,F,CS,CS,F
14:27:11,ICBP,RG,8200,22,F,AK,CS,F
14:27:10,ICBP,RG,8200,1,D,EP,CS,F
14:26:30,ICBP,RG,8200,40,F,CS,CS,F
14:26:30,ICBP,RG,8200,8,F,AK,CS,F
14:26:30,ICBP,RG,8200,38,F,AK,BK,F
14:26:30,ICBP,RG,8200,12,F,AK,AK,F
14:26:30,ICBP,RG,8200,10,F,AK,AK,F
14:26:30,ICBP,RG,8200,2,F,AK,AK,F
14:26:30,ICBP,RG,8200,14,F,AK,AK,F
14:26:30,ICBP,RG,8200,100,F,AK,ZP,D
14:26:24,ICBP,RG,8200,11,F,CS,ZP,D
14:26:22,ICBP,RG,8200,50,D,GR,ZP,D
14:25:59,ICBP,RG,8200,1,D,XC,ZP,D
14:25:52,ICBP,RG,8200,2,F,CS,ZP,D
14:25:51,ICBP,RG,8200,10,D,CC,ZP,D
14:24:52,ICBP,RG,8200,5,F,CS,ZP,D
14:24:46,ICBP,RG,8200,21,F,AK,ZP,D
14:24:46,ICBP,RG,8200,1,F,AK,BK,F
14:24:29,ICBP,RG,8200,5,F,CS,BK,F
14:24:26,ICBP,RG,8175,20,F,GW,NI,D
14:23:34,ICBP,RG,8200,26,F,CS,BK,F
14:23:34,ICBP,RG,8200,4,F,CS,BK,F
14:23:34,ICBP,RG,8200,9,F,CS,YB,D
14:23:33,ICBP,RG,8200,6,D,LG,YB,D
14:23:33,ICBP,RG,8200,15,D,LG,CP,D
14:23:33,ICBP,RG,8200,12,D,LG,AK,F
14:23:33,ICBP,RG,8200,17,D,LG,AK,F
14:23:33,ICBP,RG,8200,3,D,LG,AK,F
14:23:33,ICBP,RG,8200,3,D,LG,AK,F
14:23:33,ICBP,RG,8200,17,D,LG,AK,F
14:23:33,ICBP,RG,8200,11,D,LG,AK,F
14:23:33,ICBP,RG,8200,16,D,LG,AK,F
14:23:33,ICBP,RG,8200,20,D,LG,YP,D
14:23:33,ICBP,RG,8200,33,D,LG,BK,F
14:23:33,ICBP,RG,8200,20,D,LG,YP,D
14:23:33,ICBP,RG,8200,7,D,LG,AK,F
14:23:31,ICBP,RG,8200,2,F,CS,AK,F
14:23:30,ICBP,RG,8175,9,F,GW,BK,F
14:22:58,ICBP,RG,8200,1,D,CC,AK,F
14:22:47,ICBP,RG,8200,2,F,CS,AK,F
14:22:43,ICBP,RG,8175,8,F,GW,AK,F
14:22:12,ICBP,RG,8200,3,F,CS,AK,F
14:22:12,ICBP,RG,8200,4,F,CS,BB,D
14:22:12,ICBP,RG,8200,1,F,CS,BB,D
14:22:11,ICBP,RG,8200,32,F,AK,BB,D
14:22:11,ICBP,RG,8200,1,F,CS,BB,D
14:22:11,ICBP,RG,8200,4,F,CS,BB,D
14:22:10,ICBP,RG,8200,9,D,AZ,BB,D
14:22:10,ICBP,RG,8175,16,F,GW,BK,F
14:22:00,ICBP,RG,8175,3,F,GW,BB,D
14:21:59,ICBP,RG,8200,3,F,CS,BB,D
14:21:56,ICBP,RG,8175,12,F,GW,CC,D
14:21:55,ICBP,RG,8200,1,F,CS,BB,D
14:21:49,ICBP,RG,8175,3,F,GW,BB,D
14:21:39,ICBP,RG,8175,2,F,GW,BB,D
14:21:38,ICBP,RG,8175,1,F,GW,DH,D
14:21:33,ICBP,RG,8175,1,F,GW,BB,D
14:21:22,ICBP,RG,8200,2,F,CS,BB,D
14:21:19,ICBP,RG,8175,5,F,GW,BB,D
14:21:18,ICBP,RG,8200,1,D,XC,BB,D
14:21:03,ICBP,RG,8200,5,F,CS,BB,D
14:21:02,ICBP,RG,8200,1,D,CC,BB,D
14:20:59,ICBP,RG,8175,25,F,GW,AG,D
14:20:57,ICBP,RG,8200,2,F,CS,BB,D
14:20:56,ICBP,RG,8175,6,F,GW,BB,D
14:20:56,ICBP,RG,8175,1,F,GW,BB,D
14:20:36,ICBP,RG,8175,2,F,GW,BB,D
14:20:22,ICBP,RG,8200,2,F,CS,BB,D
14:20:18,ICBP,RG,8175,6,F,GW,BB,D
14:19:58,ICBP,RG,8175,1,F,GW,BB,D
14:19:50,ICBP,RG,8200,1,F,CS,BB,D
14:19:49,ICBP,RG,8175,5,F,GW,BB,D
14:19:42,ICBP,RG,8200,2,F,CS,BB,D
14:19:41,ICBP,RG,8200,1,F,CS,BB,D
14:19:41,ICBP,RG,8175,7,F,GW,YP,D
14:19:41,ICBP,RG,8175,1,D,YP,YP,D
14:19:39,ICBP,RG,8175,5,D,YP,NI,D
14:19:35,ICBP,RG,8200,1,F,CS,BB,D
14:19:35,ICBP,RG,8200,1,F,CS,BB,D
14:19:34,ICBP,RG,8175,4,D,YP,BB,D
14:19:34,ICBP,RG,8175,4,D,YP,YP,D
14:19:28,ICBP,RG,8175,3,D,YP,BB,D
14:19:14,ICBP,RG,8200,2,F,CS,BB,D
14:19:13,ICBP,RG,8200,2,F,CS,BB,D
14:19:12,ICBP,RG,8175,6,D,YP,BB,D
14:19:12,ICBP,RG,8175,10,D,YP,KK,D
14:18:40,ICBP,RG,8200,1,F,CS,BB,D
14:18:39,ICBP,RG,8200,1,F,CS,BB,D
14:18:38,ICBP,RG,8200,6,F,CS,BB,D
14:18:38,ICBP,RG,8200,9,F,CS,BB,D
14:18:38,ICBP,RG,8200,4,F,YU,BB,D
14:18:38,ICBP,RG,8200,35,F,YU,ZP,D
14:18:37,ICBP,RG,8200,39,F,YU,ZP,D
14:18:36,ICBP,RG,8200,1,F,CS,ZP,D
14:18:35,ICBP,RG,8175,1,D,YP,BB,D
14:18:35,ICBP,RG,8175,4,D,YP,BB,D
14:18:23,ICBP,RG,8200,4,F,CS,ZP,D
14:18:21,ICBP,RG,8175,12,D,YP,BB,D
14:18:21,ICBP,RG,8175,3,D,XC,BB,D
14:18:21,ICBP,RG,8175,1,D,XC,BB,D
14:18:21,ICBP,RG,8175,1,D,YJ,BB,D
14:18:16,ICBP,RG,8200,11,F,CS,ZP,D
14:18:15,ICBP,RG,8200,2,F,CS,ZP,D
14:18:15,ICBP,RG,8200,52,F,AK,ZP,D
14:18:13,ICBP,RG,8200,7,D,XC,ZP,D
14:17:58,ICBP,RG,8200,2,F,CS,ZP,D
14:17:56,ICBP,RG,8175,10,D,YJ,KK,D
14:17:25,ICBP,RG,8200,14,F,CS,ZP,D
14:17:25,ICBP,RG,8175,28,D,YJ,ZP,D
14:17:25,ICBP,RG,8175,96,F,AK,ZP,D
14:17:25,ICBP,RG,8175,1,D,YP,ZP,D
14:17:25,ICBP,RG,8175,1,D,XC,ZP,D
14:17:25,ICBP,RG,8175,3,F,CS,ZP,D
14:17:25,ICBP,RG,8175,1,D,OD,ZP,D
14:17:25,ICBP,RG,8175,1,D,XC,ZP,D
14:17:25,ICBP,RG,8175,32,D,LG,ZP,D
14:17:25,ICBP,RG,8175,2,D,CC,ZP,D
14:17:25,ICBP,RG,8175,1,D,PD,ZP,D
14:17:25,ICBP,RG,8175,10,D,SQ,ZP,D
14:17:25,ICBP,RG,8175,24,F,RX,ZP,D
14:16:57,ICBP,RG,8175,5,F,RX,XC,D
14:16:44,ICBP,RG,8175,2,F,RX,SQ,D
14:16:42,ICBP,RG,8175,2,F,RX,SQ,D
14:16:39,ICBP,RG,8175,8,F,RX,SQ,D
14:16:36,ICBP,RG,8175,8,F,RX,SQ,D
14:16:10,ICBP,RG,8175,1,F,RX,CC,D
14:16:10,ICBP,RG,8175,1,D,CC,CC,D
14:16:10,ICBP,RG,8175,8,F,CS,CC,D
14:15:13,ICBP,RG,8175,2,F,CS,PD,D
14:15:10,ICBP,RG,8200,2,D,PD,ZP,D
14:14:40,ICBP,RG,8200,1,D,NI,ZP,D
14:13:43,ICBP,RG,8200,1,D,PD,ZP,D
14:12:14,ICBP,RG,8175,12,F,CS,SQ,D
14:12:08,ICBP,RG,8175,1,F,CS,EP,D
14:11:39,ICBP,RG,8200,29,D,LG,ZP,D
14:11:39,ICBP,RG,8200,5,D,LG,BK,F
14:11:39,ICBP,RG,8200,1,D,LG,BB,D
14:11:39,ICBP,RG,8200,29,D,LG,BB,D
14:11:21,ICBP,RG,8175,5,F,CS,CC,D
14:11:20,ICBP,RG,8175,12,F,CS,YP,D
14:10:24,ICBP,RG,8175,11,F,CS,CC,D
14:10:14,ICBP,RG,8200,34,F,CS,BB,D
14:10:13,ICBP,RG,8175,1,F,CS,DR,D
14:10:13,ICBP,RG,8175,18,F,AK,DR,D
14:10:13,ICBP,RG,8175,20,F,AK,DR,D
14:10:13,ICBP,RG,8175,89,F,AK,DR,D
14:10:13,ICBP,RG,8175,20,F,AK,DR,D
14:10:13,ICBP,RG,8175,5,D,CC,DR,D
14:10:13,ICBP,RG,8175,1,D,XC,DR,D
14:10:13,ICBP,RG,8175,2,D,DH,DR,D
14:10:13,ICBP,RG,8175,1,D,MK,DR,D
14:10:13,ICBP,RG,8175,1,D,XC,DR,D
14:10:13,ICBP,RG,8175,1,D,KK,DR,D
14:10:13,ICBP,RG,8175,1,D,KK,DR,D
14:08:49,ICBP,RG,8175,2,D,KK,PD,D
14:08:49,ICBP,RG,8175,1,F,GW,PD,D
14:07:58,ICBP,RG,8200,3,F,CS,BB,D
14:07:58,ICBP,RG,8200,11,F,YU,BB,D
14:07:56,ICBP,RG,8200,66,F,CS,BB,D
14:07:55,ICBP,RG,8200,18,F,GW,BB,D
14:07:55,ICBP,RG,8200,5,F,GW,NI,D
14:07:55,ICBP,RG,8200,17,F,GW,AK,F
14:07:55,ICBP,RG,8200,11,F,GW,AK,F
14:07:55,ICBP,RG,8200,11,F,GW,AK,F
14:07:55,ICBP,RG,8200,13,F,GW,AK,F
14:07:55,ICBP,RG,8200,13,F,GW,AK,F
14:07:55,ICBP,RG,8200,2,F,GW,AK,F
14:07:55,ICBP,RG,8200,2,F,GW,AK,F
14:07:55,ICBP,RG,8200,2,F,GW,AK,F
14:07:55,ICBP,RG,8200,15,F,GW,AK,F
14:07:55,ICBP,RG,8200,10,F,GW,AK,F
14:07:55,ICBP,RG,8200,15,F,GW,AK,F
14:07:55,ICBP,RG,8200,30,F,GW,PD,D
14:07:55,ICBP,RG,8200,136,F,GW,DR,D
14:07:43,ICBP,RG,8200,1,D,YP,DR,D
14:06:00,ICBP,RG,8200,2,D,XC,DR,D
14:05:46,ICBP,RG,8200,1,D,EP,DR,D
14:05:25,ICBP,RG,8200,1,F,CS,DR,D
14:05:18,ICBP,RG,8200,2,D,PD,DR,D
14:04:42,ICBP,RG,8200,1,F,CS,DR,D
14:04:41,ICBP,RG,8175,5,F,GW,NI,D
14:04:22,ICBP,RG,8200,7,F,CS,DR,D
14:04:17,ICBP,RG,8175,31,F,GW,PD,D
14:03:23,ICBP,RG,8200,1,D,YB,DR,D
14:03:19,ICBP,RG,8200,1,D,PD,DR,D
14:02:36,ICBP,RG,8200,2,F,CS,DR,D
14:02:32,ICBP,RG,8200,10,D,SQ,DR,D
14:02:15,ICBP,RG,8200,7,F,CS,DR,D
14:02:15,ICBP,RG,8200,328,F,CS,DR,D
14:02:15,ICBP,RG,8200,12,F,CS,CC,D
14:02:14,ICBP,RG,8175,30,F,GW,BB,D
14:02:14,ICBP,RG,8175,333,F,GW,BB,D
14:02:14,ICBP,RG,8175,120,D,CP,BB,D
14:02:14,ICBP,RG,8175,1,F,YU,BB,D
14:02:14,ICBP,RG,8175,3,F,CS,BB,D
14:02:14,ICBP,RG,8175,120,D,LG,BB,D
14:02:14,ICBP,RG,8175,60,D,LG,BB,D
14:02:14,ICBP,RG,8175,2,D,YP,BB,D
14:02:14,ICBP,RG,8175,1,D,DH,BB,D
14:02:14,ICBP,RG,8175,1,D,PD,BB,D
14:02:14,ICBP,RG,8175,5,D,XC,BB,D
14:02:14,ICBP,RG,8175,89,F,AK,BB,D
14:02:14,ICBP,RG,8175,2,D,XC,BB,D
14:02:14,ICBP,RG,8175,2,D,EP,BB,D
14:02:14,ICBP,RG,8175,32,D,LG,BB,D
14:02:14,ICBP,RG,8175,2,F,CS,BB,D
14:02:14,ICBP,RG,8175,150,F,CS,BB,D
14:02:14,ICBP,RG,8175,7,D,XC,BB,D
14:02:14,ICBP,RG,8175,5,D,PD,BB,D
14:02:14,ICBP,RG,8175,25,D,GR,BB,D
14:02:14,ICBP,RG,8175,1,D,PD,BB,D
14:02:14,ICBP,RG,8175,79,F,AK,BB,D
14:02:14,ICBP,RG,8175,1,D,XC,BB,D
14:02:14,ICBP,RG,8175,100,F,GW,BB,D
14:02:14,ICBP,RG,8175,3,F,CS,BB,D
14:02:14,ICBP,RG,8175,1,D,PD,BB,D
14:02:14,ICBP,RG,8175,23,F,AK,BB,D
14:02:14,ICBP,RG,8175,1,D,XC,BB,D
14:02:14,ICBP,RG,8175,3,D,PD,BB,D
14:02:14,ICBP,RG,8175,25,D,KK,BB,D
14:02:14,ICBP,RG,8175,5,D,TP,BB,D
14:02:14,ICBP,RG,8175,14,F,AK,BB,D
14:02:14,ICBP,RG,8175,5,D,PD,BB,D
14:02:14,ICBP,RG,8175,78,F,AK,BB,D
14:02:14,ICBP,RG,8175,1,D,PD,BB,D
14:02:14,ICBP,RG,8175,1,D,PD,BB,D
14:02:14,ICBP,RG,8175,14,F,AK,BB,D
14:02:14,ICBP,RG,8175,10,D,YP,BB,D
14:02:14,ICBP,RG,8175,100,F,RX,BB,D
14:02:14,ICBP,RG,8175,1,D,YP,BB,D
14:02:14,ICBP,RG,8175,1,D,YP,BB,D
14:02:14,ICBP,RG,8175,7,D,YP,BB,D
14:02:14,ICBP,RG,8175,5,D,YP,BB,D
14:02:14,ICBP,RG,8175,5,D,CC,BB,D
14:02:14,ICBP,RG,8175,25,D,CC,BB,D
14:02:14,ICBP,RG,8175,1,D,KK,BB,D
14:02:14,ICBP,RG,8175,60,D,LG,BB,D
14:02:14,ICBP,RG,8175,120,D,LG,BB,D
14:02:14,ICBP,RG,8175,150,F,RX,BB,D
14:02:14,ICBP,RG,8175,2,D,PD,BB,D
14:02:14,ICBP,RG,8175,10,D,NI,BB,D
14:02:14,ICBP,RG,8175,10,D,CC,BB,D
14:02:14,ICBP,RG,8175,2,D,SQ,BB,D
14:02:14,ICBP,RG,8175,1,D,ZP,BB,D
14:02:14,ICBP,RG,8175,2,D,NI,BB,D
14:02:14,ICBP,RG,8175,13,D,DX,BB,D
14:02:14,ICBP,RG,8175,1,D,PD,BB,D
14:02:14,ICBP,RG,8175,2,D,XC,BB,D
14:02:14,ICBP,RG,8175,10,D,PD,BB,D
14:02:14,ICBP,RG,8175,8,D,NI,BB,D
14:02:14,ICBP,RG,8175,1,D,PD,BB,D
14:02:14,ICBP,RG,8175,2,D,DH,BB,D
14:02:14,ICBP,RG,8175,2,D,YP,BB,D
14:02:14,ICBP,RG,8175,1,D,YP,BB,D
14:02:14,ICBP,RG,8175,1,D,PD,BB,D
14:02:14,ICBP,RG,8175,1,D,DX,BB,D
14:02:14,ICBP,RG,8175,10,D,CC,BB,D
14:02:14,ICBP,RG,8175,3,D,YP,BB,D
14:02:14,ICBP,RG,8175,5,D,YP,BB,D
14:02:14,ICBP,RG,8175,2,D,SQ,BB,D
14:02:14,ICBP,RG,8175,3,D,CC,BB,D
14:02:14,ICBP,RG,8175,1,D,CC,BB,D
14:02:14,ICBP,RG,8175,1,D,CC,BB,D
14:02:14,ICBP,RG,8175,76,F,CS,BB,D
14:02:13,ICBP,RG,8200,1,D,KK,CC,D
14:01:38,ICBP,RG,8200,28,F,CS,BB,D
14:01:36,ICBP,RG,8200,160,D,EP,BB,D
14:01:36,ICBP,RG,8200,2,D,EP,CC,D
14:01:36,ICBP,RG,8200,8,D,EP,DX,D
14:01:36,ICBP,RG,8200,10,D,EP,CC,D
14:01:36,ICBP,RG,8200,6,D,EP,BB,D
14:01:36,ICBP,RG,8200,5,D,EP,BB,D
14:01:36,ICBP,RG,8200,29,D,EP,ZP,D
14:01:29,ICBP,RG,8175,20,F,CS,SQ,D
14:01:25,ICBP,RG,8200,21,F,CS,ZP,D
14:01:25,ICBP,RG,8200,2,F,CS,AZ,D
14:01:25,ICBP,RG,8200,3,F,CS,XC,D
14:01:25,ICBP,RG,8200,10,F,CS,AK,F
14:01:25,ICBP,RG,8200,13,F,CS,AK,F
14:01:25,ICBP,RG,8200,16,F,CS,AK,F
14:01:25,ICBP,RG,8200,10,F,CS,PD,D
14:01:25,ICBP,RG,8200,1,F,CS,KK,D
14:01:25,ICBP,RG,8200,2,F,CS,AK,F
14:01:25,ICBP,RG,8200,18,F,CS,BB,D
14:01:24,ICBP,RG,8200,144,F,DX,BB,D
14:01:24,ICBP,RG,8200,9,F,DX,AK,F
14:01:24,ICBP,RG,8200,11,F,DX,AK,F
14:01:24,ICBP,RG,8200,17,F,DX,AK,F
14:01:24,ICBP,RG,8200,18,F,DX,AK,F
14:01:24,ICBP,RG,8200,9,F,DX,AK,F
14:01:24,ICBP,RG,8200,15,F,DX,AK,F
14:01:24,ICBP,RG,8200,2,F,DX,AK,F
14:01:24,ICBP,RG,8200,3,F,DX,AK,F
14:01:24,ICBP,RG,8200,3,F,DX,AK,F
14:01:24,ICBP,RG,8200,15,F,DX,AK,F
14:01:24,ICBP,RG,8200,11,F,DX,AK,F
14:01:24,ICBP,RG,8200,14,F,DX,AK,F
14:01:24,ICBP,RG,8200,152,F,DX,CS,F
14:01:24,ICBP,RG,8200,164,F,DX,BK,F
14:01:24,ICBP,RG,8200,313,F,DX,BB,D
14:01:15,ICBP,RG,8175,2,F,CS,AK,F
14:00:15,ICBP,RG,8175,10,F,CS,AK,F
14:00:09,ICBP,RG,8175,15,F,CS,BK,F
14:00:00,ICBP,RG,8175,2,F,CS,PD,D
14:00:00,ICBP,RG,8175,15,F,CS,AK,F
13:59:30,ICBP,RG,8175,2,F,CS,AK,F
13:59:08,ICBP,RG,8175,64,F,CS,ZP,D
13:59:08,ICBP,RG,8175,1,D,PD,ZP,D
13:59:08,ICBP,RG,8175,2,D,YP,ZP,D
13:59:08,ICBP,RG,8175,8,D,CC,ZP,D
13:59:08,ICBP,RG,8175,2,D,DH,ZP,D
13:59:08,ICBP,RG,8175,1,D,YP,ZP,D
13:59:08,ICBP,RG,8175,1,D,PD,ZP,D
13:59:08,ICBP,RG,8175,1,D,KK,ZP,D
13:59:08,ICBP,RG,8175,20,F,GW,ZP,D
13:59:06,ICBP,RG,8200,22,F,CS,BB,D
13:59:03,ICBP,RG,8175,100,F,GW,ZP,D
13:58:41,ICBP,RG,8200,2,F,CS,BB,D
13:58:40,ICBP,RG,8175,10,F,GW,BK,F
13:58:39,ICBP,RG,8200,2,F,CS,BB,D
13:58:38,ICBP,RG,8200,1,F,CS,BB,D
13:58:38,ICBP,RG,8175,12,F,GW,CC,D
13:58:37,ICBP,RG,8200,3,D,CC,BB,D
13:58:34,ICBP,RG,8200,2,F,CS,BB,D
13:58:30,ICBP,RG,8175,10,F,GW,CC,D
13:58:10,ICBP,RG,8200,2,F,CS,BB,D
13:58:09,ICBP,RG,8200,3,D,XC,BB,D
13:58:09,ICBP,RG,8200,5,D,XC,BB,D
13:58:02,ICBP,RG,8200,3,F,CS,BB,D
13:58:00,ICBP,RG,8175,11,F,GW,AK,F
13:58:00,ICBP,RG,8175,2,F,GW,AK,F
13:57:46,ICBP,RG,8200,3,F,CS,BB,D
13:57:45,ICBP,RG,8175,14,F,GW,AK,F
13:57:28,ICBP,RG,8200,1,D,DH,BB,D
13:56:40,ICBP,RG,8200,3,F,CS,BB,D
13:56:32,ICBP,RG,8175,14,F,GW,BK,F
13:56:10,ICBP,RG,8200,1,F,CS,BB,D
13:56:04,ICBP,RG,8175,2,F,GW,PD,D
13:55:50,ICBP,RG,8200,2,F,CS,BB,D
13:55:49,ICBP,RG,8175,5,F,GW,XC,D
13:55:49,ICBP,RG,8175,1,D,NI,XC,D
13:55:49,ICBP,RG,8175,1,D,PD,XC,D
13:55:49,ICBP,RG,8175,5,D,IT,XC,D
13:55:47,ICBP,RG,8200,3,F,CS,BB,D
13:55:45,ICBP,RG,8175,10,D,IT,AK,F
13:55:29,ICBP,RG,8200,58,F,CS,BB,D
13:55:29,ICBP,RG,8200,3,F,CS,BB,D
13:55:29,ICBP,RG,8200,4,F,CS,AT,D
13:55:28,ICBP,RG,8200,300,F,GW,AT,D
13:55:02,ICBP,RG,8200,1,F,CS,AT,D
13:55:01,ICBP,RG,8175,3,D,IT,AK,F
13:55:00,ICBP,RG,8200,4,F,CS,AT,D
13:55:00,ICBP,RG,8175,16,D,IT,AK,F
13:54:59,ICBP,RG,8200,2,F,CS,AT,D
13:54:55,ICBP,RG,8175,11,D,IT,BK,F
13:54:37,ICBP,RG,8200,78,F,CS,AT,D
13:54:32,ICBP,RG,8175,205,D,IT,DH,D
13:54:32,ICBP,RG,8175,1,D,YP,DH,D
13:54:32,ICBP,RG,8175,1,D,YP,DH,D
13:54:32,ICBP,RG,8175,100,D,CC,DH,D
13:54:32,ICBP,RG,8175,1,D,YP,DH,D
13:54:32,ICBP,RG,8175,1,D,SQ,DH,D
13:54:32,ICBP,RG,8175,10,D,CC,DH,D
13:54:32,ICBP,RG,8175,20,D,PD,DH,D
13:54:32,ICBP,RG,8175,1,D,PD,DH,D
13:54:32,ICBP,RG,8175,13,D,YP,DH,D
13:54:30,ICBP,RG,8175,1,D,YP,PD,D
13:54:22,ICBP,RG,8200,3,D,DH,AT,D
13:53:41,ICBP,RG,8200,3,F,CS,AT,D
13:53:40,ICBP,RG,8200,10,D,YP,AT,D
13:53:33,ICBP,RG,8200,1,D,CC,AT,D
13:52:59,ICBP,RG,8200,13,F,CS,AT,D
13:52:58,ICBP,RG,8175,11,D,YP,NI,D
13:52:58,ICBP,RG,8175,5,D,AZ,NI,D
13:52:58,ICBP,RG,8175,46,D,IP,NI,D
13:52:51,ICBP,RG,8200,3,F,CS,AT,D
13:52:50,ICBP,RG,8175,13,D,IP,BK,F
13:52:44,ICBP,RG,8200,3,F,CS,AT,D
13:52:43,ICBP,RG,8175,11,D,IP,CC,D
13:52:30,ICBP,RG,8200,2,F,CS,AT,D
13:52:30,ICBP,RG,8200,2,F,CS,AT,D
13:52:30,ICBP,RG,8175,12,D,IP,AK,F
13:52:28,ICBP,RG,8175,6,D,IP,XC,D
13:52:21,ICBP,RG,8175,3,D,IP,YB,D
13:52:00,ICBP,RG,8200,3,F,CS,AT,D
13:52:00,ICBP,RG,8175,14,D,IP,AK,F
13:51:31,ICBP,RG,8200,1,F,CS,AT,D
13:51:28,ICBP,RG,8175,3,D,IP,AK,F
13:51:21,ICBP,RG,8200,1,F,CS,AT,D
13:51:20,ICBP,RG,8175,4,D,IP,XC,D
13:51:08,ICBP,RG,8200,2,F,CS,AT,D
13:51:07,ICBP,RG,8175,1,D,IP,CC,D
13:51:06,ICBP,RG,8175,9,D,IP,BK,F
13:51:06,ICBP,RG,8175,1,D,SA,BK,F
13:50:37,ICBP,RG,8200,1,F,CS,AT,D
13:50:34,ICBP,RG,8200,21,F,CS,AT,D
13:50:34,ICBP,RG,8200,2,F,CS,AT,D
13:50:33,ICBP,RG,8200,100,F,RX,AT,D
13:50:32,ICBP,RG,8200,10,D,YP,AT,D
13:50:11,ICBP,RG,8200,1,F,CS,AT,D
13:50:10,ICBP,RG,8200,5,F,CS,AT,D
13:50:10,ICBP,RG,8200,1,D,PD,AT,D
13:50:10,ICBP,RG,8200,89,F,CS,AT,D
13:50:09,ICBP,RG,8200,25,F,YU,AT,D
13:50:09,ICBP,RG,8200,200,F,GW,AT,D
13:50:09,ICBP,RG,8200,1,F,CS,AT,D
13:50:09,ICBP,RG,8200,1,D,XC,AT,D
13:50:09,ICBP,RG,8200,78,F,AK,AT,D
13:50:09,ICBP,RG,8200,10,D,CC,AT,D
13:50:09,ICBP,RG,8200,2,D,XC,AT,D
13:50:09,ICBP,RG,8200,61,F,AK,AT,D
13:50:09,ICBP,RG,8200,16,F,AK,AT,D
13:50:09,ICBP,RG,8200,1,F,CS,AT,D
13:50:09,ICBP,RG,8200,2,D,NI,AT,D
13:50:09,ICBP,RG,8200,1,D,PD,AT,D
13:50:09,ICBP,RG,8200,1,F,CS,AT,D
13:50:09,ICBP,RG,8200,10,D,YP,AT,D
13:50:09,ICBP,RG,8200,50,D,SQ,AT,D
13:50:09,ICBP,RG,8200,67,F,AK,AT,D
13:50:09,ICBP,RG,8200,19,F,AK,AT,D
13:50:09,ICBP,RG,8200,27,F,YU,AT,D
13:50:09,ICBP,RG,8200,2,D,KK,AT,D
13:50:09,ICBP,RG,8200,1,D,YP,AT,D
13:50:09,ICBP,RG,8200,1,D,CC,AT,D
13:50:09,ICBP,RG,8200,2,D,PD,AT,D
13:50:09,ICBP,RG,8200,10,D,CC,AT,D
13:50:09,ICBP,RG,8200,10,D,YP,AT,D
13:50:09,ICBP,RG,8200,25,D,YP,AT,D
13:50:09,ICBP,RG,8200,1,D,PD,AT,D
13:50:09,ICBP,RG,8200,100,F,RX,AT,D
13:50:09,ICBP,RG,8200,100,F,RX,AT,D
13:50:09,ICBP,RG,8200,5,D,YP,AT,D
13:50:09,ICBP,RG,8200,1,D,YP,AT,D
13:50:09,ICBP,RG,8200,2,D,NI,AT,D
13:50:09,ICBP,RG,8200,1,D,YP,AT,D
13:50:09,ICBP,RG,8200,25,D,YP,AT,D
13:50:09,ICBP,RG,8200,1,D,XC,AT,D
13:50:09,ICBP,RG,8200,10,D,YP,AT,D
13:50:09,ICBP,RG,8200,3,D,PD,AT,D
13:50:09,ICBP,RG,8200,1,D,PD,AT,D
13:50:09,ICBP,RG,8200,5,D,CC,AT,D
13:50:09,ICBP,RG,8200,1,D,PD,AT,D
13:50:09,ICBP,RG,8200,1,D,PD,AT,D
13:50:09,ICBP,RG,8200,60,D,LG,AT,D
13:50:09,ICBP,RG,8200,120,D,LG,AT,D
13:50:09,ICBP,RG,8200,1,D,PD,AT,D
13:50:09,ICBP,RG,8200,5,D,DH,AT,D
13:50:09,ICBP,RG,8200,40,D,LS,AT,D
13:50:09,ICBP,RG,8200,2,D,PD,AT,D
13:50:09,ICBP,RG,8200,2,D,PD,AT,D
13:50:09,ICBP,RG,8200,1,D,PD,AT,D
13:50:09,ICBP,RG,8200,13,D,AZ,AT,D
13:50:09,ICBP,RG,8200,100,F,RX,AT,D
13:50:09,ICBP,RG,8200,1,D,CC,AT,D
13:50:09,ICBP,RG,8200,3,D,NI,AT,D
13:50:09,ICBP,RG,8200,10,D,YP,AT,D
13:50:09,ICBP,RG,8200,1,D,XC,AT,D
13:50:09,ICBP,RG,8200,100,F,GW,AT,D
13:50:09,ICBP,RG,8200,1,D,SQ,AT,D
13:50:09,ICBP,RG,8200,200,F,CS,AT,D
13:50:09,ICBP,RG,8200,1,D,XC,AT,D
13:50:09,ICBP,RG,8200,150,F,GW,AT,D
13:50:09,ICBP,RG,8200,50,D,ZP,AT,D
13:50:09,ICBP,RG,8200,5,D,PD,AT,D
13:50:09,ICBP,RG,8200,1,D,YP,AT,D
13:50:09,ICBP,RG,8200,1,D,XC,AT,D
13:50:09,ICBP,RG,8200,2,D,SQ,AT,D
13:50:09,ICBP,RG,8200,1,D,YP,AT,D
13:50:09,ICBP,RG,8200,100,D,MG,AT,D
13:50:09,ICBP,RG,8200,1,D,YP,AT,D
13:50:09,ICBP,RG,8200,1,D,YP,AT,D
13:50:09,ICBP,RG,8200,1,D,PD,AT,D
13:50:09,ICBP,RG,8200,50,D,CC,AT,D
13:50:09,ICBP,RG,8200,2,D,AZ,AT,D
13:50:09,ICBP,RG,8200,15,D,KK,AT,D
13:50:09,ICBP,RG,8200,3,D,XC,AT,D
13:50:09,ICBP,RG,8200,2,D,YP,AT,D
13:50:09,ICBP,RG,8200,2,D,PD,AT,D
13:50:09,ICBP,RG,8200,1,D,ZP,AT,D
13:50:09,ICBP,RG,8200,3,D,PD,AT,D
13:50:09,ICBP,RG,8200,5,D,HP,AT,D
13:50:09,ICBP,RG,8200,2,D,KK,AT,D
13:50:09,ICBP,RG,8200,61,D,PD,AT,D
13:50:09,ICBP,RG,8200,1,D,XC,AT,D
13:50:09,ICBP,RG,8200,2,D,YP,AT,D
13:50:09,ICBP,RG,8200,2,D,CC,AT,D
13:50:09,ICBP,RG,8200,1,D,DH,AT,D
13:50:09,ICBP,RG,8200,1,D,CC,AT,D
13:50:09,ICBP,RG,8200,10,D,BQ,AT,D
13:50:09,ICBP,RG,8200,1,D,PD,AT,D
13:50:09,ICBP,RG,8200,1,D,XC,AT,D
13:50:09,ICBP,RG,8200,4,D,XC,AT,D
13:50:09,ICBP,RG,8200,2,D,SQ,AT,D
13:50:09,ICBP,RG,8200,10,D,AI,AT,D
13:50:09,ICBP,RG,8200,25,D,CC,AT,D
13:50:09,ICBP,RG,8200,1,D,XC,AT,D
13:50:09,ICBP,RG,8200,2,D,PD,AT,D
13:50:09,ICBP,RG,8200,5,D,PD,AT,D
13:50:09,ICBP,RG,8200,1,D,YP,AT,D
13:50:09,ICBP,RG,8200,1,D,PD,AT,D
13:50:09,ICBP,RG,8200,17,D,YP,AT,D
13:50:09,ICBP,RG,8200,50,D,CC,AT,D
13:50:09,ICBP,RG,8200,10,D,GR,AT,D
13:50:09,ICBP,RG,8200,1,D,SQ,AT,D
13:50:09,ICBP,RG,8200,70,D,XC,AT,D
13:50:09,ICBP,RG,8200,25,D,CC,AT,D
13:50:09,ICBP,RG,8200,50,D,GR,AT,D
13:50:09,ICBP,RG,8200,1,D,XC,AT,D
13:50:09,ICBP,RG,8200,1,D,PD,AT,D
13:50:09,ICBP,RG,8200,5,D,YP,AT,D
13:50:09,ICBP,RG,8200,1,D,PD,AT,D
13:50:09,ICBP,RG,8200,1,D,CC,AT,D
13:50:09,ICBP,RG,8200,1,D,PD,AT,D
13:50:09,ICBP,RG,8200,6,D,XC,AT,D
13:50:09,ICBP,RG,8200,1,D,LG,AT,D
13:50:09,ICBP,RG,8200,1,D,PD,AT,D
13:50:09,ICBP,RG,8200,1,D,NI,AT,D
13:50:09,ICBP,RG,8200,10,D,YP,AT,D
13:50:09,ICBP,RG,8200,207,F,CS,AT,D
13:50:09,ICBP,RG,8200,2,D,NI,AT,D
13:50:09,ICBP,RG,8200,1,D,NI,AT,D
13:50:09,ICBP,RG,8200,1,D,YP,AT,D
13:50:09,ICBP,RG,8200,72,D,XC,AT,D
13:50:09,ICBP,RG,8200,121,D,YP,AT,D
13:50:09,ICBP,RG,8200,1,D,PD,AT,D
13:50:09,ICBP,RG,8200,8,D,MK,AT,D
13:50:09,ICBP,RG,8200,4,D,DR,AT,D
13:50:09,ICBP,RG,8200,10,D,YP,AT,D
13:50:09,ICBP,RG,8200,1,D,DH,AT,D
13:50:09,ICBP,RG,8200,2,D,PD,AT,D
13:50:09,ICBP,RG,8200,10,D,XC,AT,D
13:50:09,ICBP,RG,8200,200,D,NI,AT,D
13:50:09,ICBP,RG,8200,50,F,GW,AT,D
13:50:09,ICBP,RG,8200,100,F,GW,AT,D
13:50:09,ICBP,RG,8200,100,F,GW,AT,D
13:50:09,ICBP,RG,8200,1,D,PD,AT,D
13:50:09,ICBP,RG,8200,100,F,GW,AT,D
13:50:09,ICBP,RG,8200,1,D,PD,AT,D
13:50:09,ICBP,RG,8200,20,D,CC,AT,D
13:49:57,ICBP,RG,8200,1,D,CC,AG,D
13:49:55,ICBP,RG,8200,2,D,CC,NI,D
13:49:55,ICBP,RG,8200,2,D,KK,NI,D
13:49:55,ICBP,RG,8200,6,D,PD,NI,D
13:49:16,ICBP,RG,8225,250,F,GW,AT,D
13:48:16,ICBP,RG,8225,1,D,LG,AT,D
13:47:36,ICBP,RG,8200,2,D,PD,PD,D
13:47:30,ICBP,RG,8200,2,D,PD,AK,F
13:47:30,ICBP,RG,8200,10,D,PD,AK,F
13:47:30,ICBP,RG,8200,1,D,PD,AK,F
13:47:30,ICBP,RG,8200,1,D,DX,AK,F
13:47:00,ICBP,RG,8200,4,D,DX,AK,F
13:47:00,ICBP,RG,8200,4,D,IP,AK,F
13:46:51,ICBP,RG,8200,10,D,IP,CC,D
13:46:21,ICBP,RG,8225,5,D,YP,AT,D
13:46:15,ICBP,RG,8200,65,D,IP,AK,F
13:46:13,ICBP,RG,8200,2,D,IP,XC,D
13:45:55,ICBP,RG,8200,13,D,IP,YP,D
13:45:16,ICBP,RG,8225,10,F,YU,AT,D
13:45:16,ICBP,RG,8225,1,F,CS,AT,D
13:45:15,ICBP,RG,8225,100,D,YP,AT,D
13:45:15,ICBP,RG,8225,1,F,CS,AT,D
13:45:15,ICBP,RG,8225,150,F,GW,AT,D
13:45:15,ICBP,RG,8225,10,D,PD,AT,D
13:45:15,ICBP,RG,8225,1,F,YU,AT,D
13:45:15,ICBP,RG,8225,1,F,CS,AT,D
13:45:15,ICBP,RG,8225,231,F,CS,AT,D
13:45:15,ICBP,RG,8225,19,F,AK,AT,D
13:45:15,ICBP,RG,8225,20,F,AK,AT,D
13:45:15,ICBP,RG,8225,38,F,AK,AT,D
13:45:00,ICBP,RG,8225,10,F,AK,NI,D
13:44:16,ICBP,RG,8225,35,F,AK,ZP,D
13:44:16,ICBP,RG,8225,3,F,CS,ZP,D
13:44:16,ICBP,RG,8225,37,F,YU,ZP,D
13:44:16,ICBP,RG,8225,25,D,YP,ZP,D
13:44:16,ICBP,RG,8225,100,F,RX,ZP,D
13:44:05,ICBP,RG,8225,1,D,XC,ZP,D
13:44:05,ICBP,RG,8225,8,D,YP,ZP,D
13:44:05,ICBP,RG,8225,19,F,AK,ZP,D
13:44:05,ICBP,RG,8225,84,F,AK,ZP,D
13:44:05,ICBP,RG,8225,1,F,CS,ZP,D
13:44:05,ICBP,RG,8225,4,D,YP,ZP,D
13:44:05,ICBP,RG,8225,83,F,RX,ZP,D
13:43:59,ICBP,RG,8225,17,F,RX,ZP,D
13:43:59,ICBP,RG,8225,183,F,GW,ZP,D
13:42:57,ICBP,RG,8225,117,F,GW,BB,D
13:42:57,ICBP,RG,8225,18,F,AK,BB,D
13:42:57,ICBP,RG,8225,2,F,CS,BB,D
13:42:57,ICBP,RG,8225,100,F,RX,BB,D
13:42:57,ICBP,RG,8225,149,F,CS,BB,D
13:42:57,ICBP,RG,8225,90,F,AK,BB,D
13:42:57,ICBP,RG,8225,120,D,LG,BB,D
13:42:57,ICBP,RG,8225,60,D,LG,BB,D
13:42:57,ICBP,RG,8225,18,F,AK,BB,D
13:42:57,ICBP,RG,8225,25,D,YP,BB,D
13:42:57,ICBP,RG,8225,54,F,RX,BB,D
13:41:11,ICBP,RG,8225,46,F,RX,YP,D
13:41:11,ICBP,RG,8225,2,D,YP,YP,D
13:41:11,ICBP,RG,8225,4,F,YU,YP,D
13:41:11,ICBP,RG,8225,18,F,AK,YP,D
13:41:09,ICBP,RG,8225,5,F,AK,CC,D
13:41:00,ICBP,RG,8225,1,F,AK,XC,D
13:40:51,ICBP,RG,8225,12,F,AK,CC,D
13:39:22,ICBP,RG,8225,30,F,AK,PD,D
13:39:01,ICBP,RG,8225,2,F,AK,XC,D
13:38:48,ICBP,RG,8225,7,F,AK,SQ,D
13:38:48,ICBP,RG,8225,13,F,GW,SQ,D
13:37:48,ICBP,RG,8225,20,F,GW,PD,D
13:37:42,ICBP,RG,8225,46,F,GW,XC,D
13:37:09,ICBP,RG,8225,10,F,GW,CC,D
13:35:21,ICBP,RG,8225,1,F,GW,PD,D
13:34:57,ICBP,RG,8225,10,F,GW,CC,D
13:34:57,ICBP,RG,8225,1,F,CS,CC,D
13:34:23,ICBP,RG,8225,31,F,CS,EP,D
13:34:23,ICBP,RG,8225,2,F,CS,EP,D
13:34:23,ICBP,RG,8225,6,F,AK,EP,D
13:34:01,ICBP,RG,8225,1,F,AK,XC,D
13:33:27,ICBP,RG,8225,3,F,AK,YP,F
13:33:11,ICBP,RG,8250,1,D,PD,AT,D
13:32:57,ICBP,RG,8225,11,F,AK,YB,D
13:32:57,ICBP,RG,8225,1,F,YU,YB,D
13:32:53,ICBP,RG,8225,4,F,YU,NI,D
13:32:32,ICBP,RG,8225,2,D,PD,CC,D
13:32:32,ICBP,RG,8225,17,F,CS,CC,D
13:32:28,ICBP,RG,8225,5,F,CS,BB,D
13:32:28,ICBP,RG,8225,138,F,CS,BB,D
13:32:28,ICBP,RG,8225,100,F,RX,BB,D
13:32:28,ICBP,RG,8225,157,F,GW,BB,D
13:31:44,ICBP,RG,8225,5,F,GW,PD,D
13:31:41,ICBP,RG,8225,38,F,GW,YP,D
13:31:41,ICBP,RG,8225,5,D,CC,YP,D
13:31:41,ICBP,RG,8225,1,D,YP,YP,D
13:31:41,ICBP,RG,8225,1,D,YP,YP,D
13:31:41,ICBP,RG,8225,1,F,YU,YP,D
13:31:41,ICBP,RG,8225,4,F,AK,YP,D
13:31:19,ICBP,RG,8250,1,D,PD,AT,D
13:31:05,ICBP,RG,8225,16,F,AK,LG,D
13:31:05,ICBP,RG,8225,24,D,YP,LG,D
13:30:59,ICBP,RG,8225,1,D,YP,BB,D
13:30:59,ICBP,RG,8225,1,D,XC,BB,D
13:30:59,ICBP,RG,8225,5,F,AK,BB,D
13:30:59,ICBP,RG,8225,79,F,AK,BB,D
13:30:59,ICBP,RG,8225,2,D,YP,BB,D
13:30:59,ICBP,RG,8225,1,D,YP,BB,D
13:30:59,ICBP,RG,8225,10,D,XC,BB,D
13:30:59,ICBP,RG,8225,222,F,CS,BB,D
13:30:59,ICBP,RG,8225,1,D,XC,BB,D
13:30:59,ICBP,RG,8225,1,D,PD,BB,D
13:30:59,ICBP,RG,8225,17,D,OD,BB,D
13:30:59,ICBP,RG,8225,1,D,LG,BB,D
13:30:59,ICBP,RG,8225,1,D,LG,BB,D
13:30:59,ICBP,RG,8225,17,D,OD,BB,D
13:30:59,ICBP,RG,8225,2,D,PD,BB,D
13:30:59,ICBP,RG,8225,5,D,SQ,BB,D
13:30:59,ICBP,RG,8225,60,D,TP,BB,D
13:30:59,ICBP,RG,8225,15,D,DR,BB,D
13:30:59,ICBP,RG,8225,2,D,PD,BB,D
13:30:59,ICBP,RG,8225,57,F,GW,BB,D
13:30:56,ICBP,RG,8225,5,F,GW,XC,D
13:30:16,ICBP,RG,8225,26,F,GW,AK,F
13:30:16,ICBP,RG,8250,34,F,AK,AT,D
13:30:16,ICBP,RG,8250,1,F,AK,OD,D
13:30:16,ICBP,RG,8250,14,F,AK,BK,F
13:30:16,ICBP,RG,8225,12,F,GW,AK,F
13:30:16,ICBP,RG,8225,5,D,KK,AK,F
13:30:16,ICBP,RG,8225,1,D,PD,AK,F
13:30:16,ICBP,RG,8225,2,F,CS,AK,F
13:30:16,ICBP,RG,8225,18,F,RX,AK,F
13:30:14,ICBP,RG,8225,10,F,RX,NI,D
13:30:14,ICBP,RG,8250,2,D,XC,BK,F
13:30:14,ICBP,RG,8250,10,F,AK,BK,F
13:30:14,ICBP,RG,8250,100,F,AK,ZP,D
13:30:14,ICBP,RG,8250,95,F,AK,ZP,D
13:30:14,ICBP,RG,8225,7,F,RX,AK,F
13:30:11,ICBP,RG,8250,2,D,CC,ZP,D
13:30:07,ICBP,RG,8250,2,D,KK,ZP,D
13:30:07,ICBP,RG,8250,1,D,PD,ZP,D
13:30:06,ICBP,RG,8250,1,D,PD,XC,D
13:30:06,ICBP,RG,8250,2,D,GR,XC,D
13:30:06,ICBP,RG,8250,1,D,PD,BK,F
13:30:06,ICBP,RG,8225,1,F,RX,XC,D
13:30:05,ICBP,RG,8250,6,D,PD,BK,F
13:30:04,ICBP,RG,8250,1,D,PD,BK,F
13:30:04,ICBP,RG,8250,1,D,PD,BK,F
13:30:04,ICBP,RG,8225,1,F,RX,PD,D
13:30:04,ICBP,RG,8250,2,D,EP,BK,F
13:30:04,ICBP,RG,8225,1,F,RX,PD,D
13:30:03,ICBP,RG,8250,3,D,OD,BK,F
13:30:03,ICBP,RG,8225,10,F,RX,BB,D
13:30:03,ICBP,RG,8225,52,F,RX,BB,D
13:30:03,ICBP,RG,8225,1,D,KK,BB,D
13:30:03,ICBP,RG,8225,151,F,RX,BB,D
13:30:03,ICBP,RG,8225,1,D,XC,BB,D
13:30:03,ICBP,RG,8225,300,F,GW,BB,D
13:30:03,ICBP,RG,8225,210,F,CS,BB,D
13:30:03,ICBP,RG,8225,2,F,CS,BB,D
13:30:03,ICBP,RG,8225,23,D,LG,BB,D
13:30:03,ICBP,RG,8250,1,D,OD,BK,F
13:30:03,ICBP,RG,8250,10,D,XA,BK,F
13:30:02,ICBP,RG,8225,16,D,LG,KK,D
11:29:59,ICBP,RG,8250,1,F,AK,BB,D
11:29:59,ICBP,RG,8250,1,F,AK,BB,D
11:29:59,ICBP,RG,8225,2,D,LG,KI,D
11:29:59,ICBP,RG,8225,1,D,LG,AK,F
11:29:47,ICBP,RG,8225,2,D,LG,CC,D
11:29:45,ICBP,RG,8250,1,F,AK,BB,D
11:29:45,ICBP,RG,8225,1,D,LG,AK,F
11:29:30,ICBP,RG,8225,5,D,LG,BK,F
11:29:29,ICBP,RG,8250,13,F,AK,BB,D
11:29:29,ICBP,RG,8250,2,F,AK,BB,D
11:29:15,ICBP,RG,8250,5,F,AK,BB,D
11:29:15,ICBP,RG,8250,7,F,AK,BB,D
11:29:02,ICBP,RG,8225,5,D,LG,BK,F
11:29:00,ICBP,RG,8225,3,D,LG,AK,F
11:29:00,ICBP,RG,8250,2,F,AK,BB,D
11:29:00,ICBP,RG,8225,1,D,LG,AK,D
11:28:59,ICBP,RG,8250,4,F,AK,BB,D
11:28:59,ICBP,RG,8250,3,F,AK,BB,D
11:28:45,ICBP,RG,8225,2,D,LG,AK,D
11:28:45,ICBP,RG,8225,1,D,LG,AK,F
11:28:45,ICBP,RG,8225,5,D,LG,AK,F
11:28:45,ICBP,RG,8225,1,D,LG,AK,F
11:28:39,ICBP,RG,8250,2,F,AK,BB,D
11:28:39,ICBP,RG,8250,1,F,AK,BB,D
11:28:38,ICBP,RG,8225,5,D,LG,BK,F
11:28:30,ICBP,RG,8225,1,D,LG,AK,D
11:28:30,ICBP,RG,8225,1,D,LG,AK,F
11:28:17,ICBP,RG,8250,2,D,EP,BB,D
11:28:14,ICBP,RG,8225,1,D,LG,AK,D
11:28:13,ICBP,RG,8225,5,D,LG,BK,F
11:28:09,ICBP,RG,8225,10,D,LG,KK,D
11:28:00,ICBP,RG,8225,1,D,LG,AK,D
11:28:00,ICBP,RG,8225,2,D,LG,AK,F
11:28:00,ICBP,RG,8225,3,D,LG,AK,F
11:27:45,ICBP,RG,8225,1,D,LG,AK,D
11:27:45,ICBP,RG,8225,1,D,LG,AK,F
11:27:45,ICBP,RG,8225,1,D,LG,AK,F
11:27:30,ICBP,RG,8225,1,D,LG,AK,D
11:27:30,ICBP,RG,8225,1,D,LG,AK,F
11:27:30,ICBP,RG,8225,1,D,LG,AK,F
11:27:30,ICBP,RG,8225,1,D,LG,AK,F
11:27:21,ICBP,RG,8225,1,D,LG,CC,D
11:27:15,ICBP,RG,8225,1,D,LG,AK,D
11:27:15,ICBP,RG,8225,1,D,LG,AK,D
11:27:03,ICBP,RG,8225,2,D,LG,CC,D
11:27:00,ICBP,RG,8225,1,D,LG,AK,D
11:26:45,ICBP,RG,8225,1,D,LG,AK,D
11:26:27,ICBP,RG,8225,20,D,LG,SQ,D
11:26:12,ICBP,RG,8225,5,D,LG,BK,F
11:26:12,ICBP,RG,8225,14,D,LG,CC,D
11:26:12,ICBP,RG,8225,28,D,LG,ZP,D
11:25:23,ICBP,RG,8225,2,D,PD,ZP,D
11:25:23,ICBP,RG,8225,2,D,KI,ZP,D
11:25:22,ICBP,RG,8225,6,D,CC,ZP,D
11:25:13,ICBP,RG,8200,5,D,IP,AZ,D
11:24:23,ICBP,RG,8225,5,D,YP,ZP,D
11:23:46,ICBP,RG,8225,1,F,CS,ZP,D
11:23:46,ICBP,RG,8225,9,F,AK,ZP,D
11:23:46,ICBP,RG,8225,24,F,AK,ZP,D
11:23:46,ICBP,RG,8225,1,F,CS,ZP,D
11:23:46,ICBP,RG,8225,1,F,CS,ZP,D
11:23:46,ICBP,RG,8225,21,F,CS,ZP,D
11:23:42,ICBP,RG,8225,100,F,CS,ZP,D
11:23:40,ICBP,RG,8225,139,F,CS,GR,D
11:23:40,ICBP,RG,8225,1,D,PD,GR,D
11:21:29,ICBP,RG,8225,1,F,CS,AG,D
11:20:46,ICBP,RG,8250,4,F,CS,BB,D
11:20:45,ICBP,RG,8250,67,F,CS,BB,D
11:20:45,ICBP,RG,8250,1,F,CS,KK,D
11:20:45,ICBP,RG,8250,7,F,CS,AK,F
11:20:45,ICBP,RG,8250,11,F,CS,AK,F
11:20:45,ICBP,RG,8225,4,F,CS,AK,D
11:20:45,ICBP,RG,8225,4,F,CS,AK,F
11:20:45,ICBP,RG,8225,1,F,CS,AK,F
11:20:44,ICBP,RG,8225,4,F,GW,AK,F
11:20:44,ICBP,RG,8225,2,F,GW,AK,D
11:20:44,ICBP,RG,8225,4,F,GW,AK,F
11:20:44,ICBP,RG,8225,1,F,GW,AK,F
11:20:44,ICBP,RG,8225,5,F,GW,BK,F
11:20:44,ICBP,RG,8225,7,F,GW,YP,D
11:20:44,ICBP,RG,8225,3,F,GW,AK,D
11:20:44,ICBP,RG,8225,3,F,GW,AK,D
11:20:44,ICBP,RG,8225,3,F,GW,AK,D
11:20:44,ICBP,RG,8225,3,F,GW,AK,D
11:20:44,ICBP,RG,8225,3,F,GW,AK,F
11:20:44,ICBP,RG,8225,2,F,GW,AK,F
11:20:44,ICBP,RG,8225,5,F,GW,AK,F
11:20:44,ICBP,RG,8225,5,F,GW,AK,F
11:20:44,ICBP,RG,8225,5,F,GW,AK,F
11:20:44,ICBP,RG,8225,6,F,GW,AK,F
11:20:44,ICBP,RG,8225,5,F,GW,AK,F
11:20:44,ICBP,RG,8225,2,F,GW,AK,F
11:20:44,ICBP,RG,8225,5,F,GW,AK,F
11:20:44,ICBP,RG,8225,16,F,GW,AK,F
11:20:44,ICBP,RG,8225,7,F,GW,AK,F
11:20:44,ICBP,RG,8225,7,F,GW,AK,F
11:20:44,ICBP,RG,8225,2,F,GW,AK,F
11:20:44,ICBP,RG,8225,2,F,GW,AK,F
11:20:44,ICBP,RG,8225,1,F,GW,AK,F
11:20:44,ICBP,RG,8225,1,F,GW,AK,F
11:20:44,ICBP,RG,8225,119,F,GW,CS,F
11:20:44,ICBP,RG,8225,13,F,GW,BK,F
11:20:44,ICBP,RG,8225,13,F,GW,CC,D
11:20:44,ICBP,RG,8225,196,F,GW,AT,D
11:20:41,ICBP,RG,8225,1,D,OD,AT,D
11:20:29,ICBP,RG,8225,3,F,CS,AT,D
11:20:23,ICBP,RG,8200,12,D,IP,CC,D
11:20:21,ICBP,RG,8200,1,D,IP,XC,D
11:20:20,ICBP,RG,8225,1,F,CS,AT,D
11:20:16,ICBP,RG,8200,4,D,IP,YP,D
11:20:16,ICBP,RG,8225,1,F,CS,AT,D
11:20:16,ICBP,RG,8200,4,D,IP,PD,D
11:20:15,ICBP,RG,8200,2,D,IP,AK,D
11:20:13,ICBP,RG,8225,1,F,CS,AT,D
11:20:07,ICBP,RG,8225,3,D,NI,AT,D
11:20:03,ICBP,RG,8225,219,F,CS,AT,D
11:20:03,ICBP,RG,8225,1000,D,ZP,AT,D
11:19:32,ICBP,RG,8225,3,F,CS,AT,D
11:19:32,ICBP,RG,8225,25,F,CS,AT,D
11:19:32,ICBP,RG,8225,4,F,CS,AT,D
11:19:31,ICBP,RG,8225,11,F,AK,AT,D
11:19:31,ICBP,RG,8225,10,F,YU,AT,D
11:19:31,ICBP,RG,8225,10,F,AK,AT,D
11:19:31,ICBP,RG,8225,1,F,YU,AT,D
11:19:31,ICBP,RG,8225,40,F,AK,AT,D
11:19:31,ICBP,RG,8225,400,F,GW,AT,D
11:19:31,ICBP,RG,8225,1,D,DH,AT,D
11:19:31,ICBP,RG,8225,1,D,XC,AT,D
11:19:31,ICBP,RG,8225,252,F,CS,AT,D
11:19:31,ICBP,RG,8225,1,F,CS,AT,D
11:19:31,ICBP,RG,8225,1,D,KK,AT,D
11:19:31,ICBP,RG,8225,2,D,SQ,AT,D
11:19:31,ICBP,RG,8225,49,F,AK,AT,D
11:19:31,ICBP,RG,8225,12,F,AK,AT,D
11:19:31,ICBP,RG,8225,10,D,XC,AT,D
11:19:31,ICBP,RG,8225,3,D,SQ,AT,D
11:19:31,ICBP,RG,8225,2,F,CS,AT,D
11:19:31,ICBP,RG,8225,13,F,AK,AT,D
11:19:31,ICBP,RG,8225,56,F,AK,AT,D
11:19:31,ICBP,RG,8225,1,D,OD,AT,D
11:19:31,ICBP,RG,8225,12,F,AK,AT,D
11:19:31,ICBP,RG,8225,1,D,PD,AT,D
11:19:31,ICBP,RG,8225,1,D,YP,AT,D
11:19:31,ICBP,RG,8225,1,D,XC,AT,D
11:19:31,ICBP,RG,8225,2,D,PD,AT,D
11:19:31,ICBP,RG,8225,1,D,PD,AT,D
11:19:31,ICBP,RG,8225,8,D,XC,AT,D
11:19:31,ICBP,RG,8225,1,D,YP,AT,D
11:19:31,ICBP,RG,8225,50,D,CC,AT,D
11:19:31,ICBP,RG,8225,1,D,XC,AT,D
11:19:31,ICBP,RG,8225,200,F,CS,AT,D
11:19:31,ICBP,RG,8225,10,D,YP,AT,D
11:19:31,ICBP,RG,8225,10,D,YP,AT,D
11:19:31,ICBP,RG,8225,1,D,XC,AT,D
11:19:31,ICBP,RG,8225,5,D,YP,AT,D
11:19:31,ICBP,RG,8225,4,D,KK,AT,D
11:19:31,ICBP,RG,8225,2,D,PD,AT,D
11:19:31,ICBP,RG,8225,8,D,KK,AT,D
11:19:31,ICBP,RG,8225,16,D,PD,AT,D
11:19:31,ICBP,RG,8225,1,D,YP,AT,D
11:19:31,ICBP,RG,8225,1,D,DH,AT,D
11:19:31,ICBP,RG,8225,4,D,PD,AT,D
11:19:31,ICBP,RG,8225,1,D,YP,AT,D
11:19:31,ICBP,RG,8225,2,D,NI,AT,D
11:19:31,ICBP,RG,8225,10,D,YP,AT,D
11:19:31,ICBP,RG,8225,2,D,KK,AT,D
11:19:31,ICBP,RG,8225,1,D,PD,AT,D
11:19:31,ICBP,RG,8225,1,D,XC,AT,D
11:19:31,ICBP,RG,8225,25,D,CC,AT,D
11:19:31,ICBP,RG,8225,1,D,PD,AT,D
11:19:31,ICBP,RG,8225,1,D,PD,AT,D
11:19:31,ICBP,RG,8225,1,D,XC,AT,D
11:19:31,ICBP,RG,8225,13,D,PD,AT,D
11:19:31,ICBP,RG,8225,1,D,YP,AT,D
11:19:31,ICBP,RG,8225,2,D,PD,AT,D
11:19:31,ICBP,RG,8225,1,D,PD,AT,D
11:19:31,ICBP,RG,8225,1,D,DH,AT,D
11:19:31,ICBP,RG,8225,1,D,PD,AT,D
11:19:31,ICBP,RG,8225,2,D,XC,AT,D
11:19:31,ICBP,RG,8225,2,D,PD,AT,D
11:19:31,ICBP,RG,8225,15,D,NI,AT,D
11:19:31,ICBP,RG,8225,8,D,YP,AT,D
11:19:31,ICBP,RG,8225,1,D,PD,AT,D
11:19:31,ICBP,RG,8225,1,D,YB,AT,D
11:19:31,ICBP,RG,8225,2,D,YP,AT,D
11:19:31,ICBP,RG,8225,2,D,DH,AT,D
11:19:31,ICBP,RG,8225,30,D,GR,AT,D
11:19:31,ICBP,RG,8225,12,D,YP,AT,D
11:19:31,ICBP,RG,8225,1,D,BQ,AT,D
11:19:31,ICBP,RG,8225,1,D,YP,AT,D
11:19:31,ICBP,RG,8225,10,D,CC,AT,D
11:19:31,ICBP,RG,8225,12,D,YP,AT,D
11:19:31,ICBP,RG,8225,1,D,PD,AT,D
11:19:31,ICBP,RG,8225,2,D,YP,AT,D
11:19:31,ICBP,RG,8225,2,D,CC,AT,D
11:19:31,ICBP,RG,8225,50,D,CC,AT,D
11:19:31,ICBP,RG,8225,1,D,PD,AT,D
11:19:31,ICBP,RG,8225,30,D,NI,AT,D
11:19:31,ICBP,RG,8225,2,D,DR,AT,D
11:19:31,ICBP,RG,8225,6,D,YP,AT,D
11:19:31,ICBP,RG,8225,1,D,PD,AT,D
11:19:31,ICBP,RG,8225,1,D,PD,AT,D
11:19:31,ICBP,RG,8225,2,D,NI,AT,D
11:19:31,ICBP,RG,8225,10,D,YP,AT,D
11:19:31,ICBP,RG,8225,1,D,DH,AT,D
11:19:31,ICBP,RG,8225,10,D,YP,AT,D
11:19:31,ICBP,RG,8225,5,D,YP,AT,D
11:19:31,ICBP,RG,8225,3,D,PD,AT,D
11:19:31,ICBP,RG,8225,1,D,YP,AT,D
11:19:31,ICBP,RG,8225,13,D,YP,AT,D
11:19:31,ICBP,RG,8225,5,D,TP,AT,D
11:19:31,ICBP,RG,8225,1,D,YP,AT,D
11:19:31,ICBP,RG,8225,5,D,PD,AT,D
11:19:31,ICBP,RG,8225,3,D,PD,AT,D
11:19:31,ICBP,RG,8225,2,D,SQ,AT,D
11:19:31,ICBP,RG,8225,1,D,YP,AT,D
11:19:31,ICBP,RG,8225,3,D,PD,AT,D
11:19:31,ICBP,RG,8225,1,D,XC,AT,D
11:19:31,ICBP,RG,8225,2,D,CP,AT,D
11:19:30,ICBP,RG,8225,3,D,CP,AK,D
11:19:20,ICBP,RG,8250,2,F,CS,AK,F
11:19:20,ICBP,RG,8250,8,F,CS,AK,F
11:19:20,ICBP,RG,8250,5,F,CS,AK,F
11:19:20,ICBP,RG,8250,5,F,CS,AK,F
11:19:20,ICBP,RG,8250,1,F,CS,AK,F
11:19:20,ICBP,RG,8250,1,F,CS,AK,F
11:19:20,ICBP,RG,8250,66,F,CS,BK,F
11:19:20,ICBP,RG,8250,2,F,CS,BK,F
11:19:19,ICBP,RG,8250,3,F,CS,BK,F
11:19:19,ICBP,RG,8250,22,F,CS,BB,D
11:19:19,ICBP,RG,8250,174,F,CS,BB,D
11:19:19,ICBP,RG,8250,5,F,CS,BB,D
11:19:19,ICBP,RG,8250,196,F,CS,AT,D
11:19:15,ICBP,RG,8225,8,D,CP,AK,F
11:18:55,ICBP,RG,8250,1,F,CS,AT,D
11:18:54,ICBP,RG,8225,6,D,CP,BK,F
11:18:45,ICBP,RG,8225,1,D,CP,AK,F
11:18:32,ICBP,RG,8250,1,F,CS,AT,D
11:18:30,ICBP,RG,8225,3,D,CC,AK,D
11:18:30,ICBP,RG,8225,1,D,YP,AK,D
11:18:05,ICBP,RG,8250,3,F,CS,AT,D
11:18:04,ICBP,RG,8225,1,D,KK,BK,F
11:18:04,ICBP,RG,8225,9,D,YP,BK,F
11:17:52,ICBP,RG,8250,14,F,CS,AT,D
11:17:50,ICBP,RG,8225,1,D,YP,ZP,D
11:17:50,ICBP,RG,8225,3,D,CC,ZP,D
11:17:50,ICBP,RG,8225,96,F,GW,ZP,D
11:17:50,ICBP,RG,8225,100,F,GW,ZP,D
11:17:01,ICBP,RG,8225,5,F,GW,BK,F
11:16:59,ICBP,RG,8225,14,F,GW,AK,F
11:16:47,ICBP,RG,8250,1,D,PD,AT,D
11:16:45,ICBP,RG,8225,10,F,GW,AK,F
11:16:30,ICBP,RG,8225,8,F,GW,AK,D
11:16:12,ICBP,RG,8250,70,F,YP,AT,D
11:15:47,ICBP,RG,8225,20,F,GW,SQ,D
11:15:45,ICBP,RG,8225,1,F,GW,XC,D
11:15:42,ICBP,RG,8225,166,F,GW,ZP,D
11:15:42,ICBP,RG,8225,10,D,SQ,ZP,D
11:15:42,ICBP,RG,8225,2,D,XC,ZP,D
11:15:42,ICBP,RG,8225,2,D,YP,ZP,D
11:15:42,ICBP,RG,8225,1,D,YP,ZP,D
11:15:42,ICBP,RG,8225,19,F,CS,ZP,D
11:15:37,ICBP,RG,8225,5,F,CS,CC,D
11:15:30,ICBP,RG,8225,2,F,CS,AK,F
11:15:28,ICBP,RG,8225,11,F,CS,CC,D
11:15:10,ICBP,RG,8225,7,F,CS,BK,F
11:15:01,ICBP,RG,8225,4,F,CS,AK,D
11:14:43,ICBP,RG,8225,2,F,CS,PD,D
11:13:37,ICBP,RG,8225,6,F,CS,BK,F
11:13:16,ICBP,RG,8225,5,F,CS,AK,D
11:12:21,ICBP,RG,8250,2,D,CC,AT,D
11:11:58,ICBP,RG,8225,15,F,CS,AK,F
11:11:38,ICBP,RG,8250,13,F,KZ,AT,D
11:11:00,ICBP,RG,8225,2,F,CS,AK,F
11:10:11,ICBP,RG,8225,1,F,CS,SQ,D
11:09:32,ICBP,RG,8225,12,F,CS,CC,D
11:09:20,ICBP,RG,8250,1,D,PD,AT,D
11:09:07,ICBP,RG,8250,10,F,YU,AT,D
11:09:07,ICBP,RG,8250,35,F,AK,AT,D
11:09:07,ICBP,RG,8250,9,F,AK,AT,D
11:09:07,ICBP,RG,8250,27,F,AK,AT,D
11:09:07,ICBP,RG,8250,6,F,AK,AT,D
11:09:07,ICBP,RG,8250,36,F,AK,AT,D
11:09:07,ICBP,RG,8250,8,F,AK,AT,D
11:09:07,ICBP,RG,8250,121,F,BK,AT,D
11:09:07,ICBP,RG,8250,2,F,CS,AT,D
11:09:06,ICBP,RG,8250,71,F,YU,AT,D
11:09:06,ICBP,RG,8250,12,D,DH,AT,D
11:09:06,ICBP,RG,8250,1,D,YP,AT,D
11:09:06,ICBP,RG,8250,50,F,GW,AT,D
11:09:06,ICBP,RG,8250,2,F,CS,AT,D
11:09:06,ICBP,RG,8250,1,D,PD,AT,D
11:09:06,ICBP,RG,8250,4,D,YP,AT,D
11:09:06,ICBP,RG,8250,2,D,KK,AT,D
11:09:06,ICBP,RG,8250,6,D,NI,AT,D
11:09:06,ICBP,RG,8250,1,D,YP,AT,D
11:09:06,ICBP,RG,8250,1,F,CS,AT,D
11:09:06,ICBP,RG,8250,18,D,YP,AT,D
11:09:06,ICBP,RG,8250,4,D,XC,AT,D
11:09:06,ICBP,RG,8250,1,D,XC,AT,D
11:09:06,ICBP,RG,8250,3,D,DX,AT,D
11:09:06,ICBP,RG,8250,1,D,YP,AT,D
11:09:06,ICBP,RG,8250,1,D,PD,AT,D
11:09:06,ICBP,RG,8250,2,F,CS,AT,D
11:09:06,ICBP,RG,8250,374,F,CS,AT,D
11:09:06,ICBP,RG,8250,1,D,YP,AT,D
11:09:06,ICBP,RG,8250,1,D,YP,AT,D
11:09:06,ICBP,RG,8250,1,D,PD,AT,D
11:09:06,ICBP,RG,8250,20,D,CC,AT,D
11:09:06,ICBP,RG,8250,1,D,SQ,AT,D
11:09:06,ICBP,RG,8250,2,F,CS,AT,D
11:09:06,ICBP,RG,8250,1,D,PD,AT,D
11:09:06,ICBP,RG,8250,10,D,PD,AT,D
11:09:06,ICBP,RG,8250,10,D,YP,AT,D
11:09:06,ICBP,RG,8250,1,D,KK,AT,D
11:09:06,ICBP,RG,8250,3,D,EP,AT,D
11:09:06,ICBP,RG,8250,1,D,XC,AT,D
11:09:06,ICBP,RG,8250,8,D,YP,AT,D
11:09:06,ICBP,RG,8250,37,F,AK,AT,D
11:09:06,ICBP,RG,8250,7,F,AK,AT,D
11:09:06,ICBP,RG,8250,5,F,BK,AT,D
11:09:06,ICBP,RG,8250,550,F,GW,AT,D
11:09:06,ICBP,RG,8250,58,F,BK,AT,D
11:09:06,ICBP,RG,8250,1,F,CS,AT,D
11:09:06,ICBP,RG,8250,200,F,CS,AT,D
11:09:06,ICBP,RG,8250,1,D,YP,AT,D
11:09:06,ICBP,RG,8250,33,D,YP,AT,D
11:09:06,ICBP,RG,8250,1,F,CS,AT,D
11:09:06,ICBP,RG,8250,51,F,AK,AT,D
11:09:06,ICBP,RG,8250,100,F,GW,AT,D
11:09:06,ICBP,RG,8250,1,F,CS,AT,D
11:09:06,ICBP,RG,8250,2,D,XC,AT,D
11:09:06,ICBP,RG,8250,1,D,PD,AT,D
11:09:06,ICBP,RG,8250,2,D,PD,AT,D
11:09:06,ICBP,RG,8250,2,F,CS,AT,D
11:09:06,ICBP,RG,8250,6,D,CC,AT,D
11:09:06,ICBP,RG,8250,1,F,CS,AT,D
11:09:06,ICBP,RG,8250,10,D,CC,AT,D
11:09:06,ICBP,RG,8250,70,D,AT,AT,D
11:09:06,ICBP,RG,8250,1,F,CS,AT,D
11:09:06,ICBP,RG,8250,6,D,CC,AT,D
11:09:06,ICBP,RG,8250,4,D,CC,AT,D
11:09:06,ICBP,RG,8250,4,D,PD,AT,D
11:09:06,ICBP,RG,8250,1,F,CS,AT,D
11:09:06,ICBP,RG,8250,23,F,YU,AT,D
11:09:06,ICBP,RG,8250,10,D,YP,AT,D
11:09:06,ICBP,RG,8250,1,D,NI,AT,D
11:09:06,ICBP,RG,8250,2,F,CS,AT,D
11:09:06,ICBP,RG,8250,1,D,XC,AT,D
11:09:06,ICBP,RG,8250,5,D,CC,AT,D
11:09:06,ICBP,RG,8250,4,D,XC,AT,D
11:09:06,ICBP,RG,8250,6,D,YP,AT,D
11:09:06,ICBP,RG,8250,2,D,PD,AT,D
11:09:06,ICBP,RG,8250,2,D,XC,AT,D
11:09:06,ICBP,RG,8250,1,D,XC,AT,D
11:09:06,ICBP,RG,8250,1,D,CC,AT,D
11:09:06,ICBP,RG,8250,2,D,NI,AT,D
11:09:06,ICBP,RG,8250,29,F,AK,AT,D
11:09:06,ICBP,RG,8250,46,F,BK,AT,D
11:09:06,ICBP,RG,8250,30,F,AK,AT,D
11:09:06,ICBP,RG,8250,9,F,AK,AT,D
11:09:06,ICBP,RG,8250,1,D,YP,AT,D
11:09:06,ICBP,RG,8250,2,D,PD,AT,D
11:09:06,ICBP,RG,8250,1,D,XC,AT,D
11:09:06,ICBP,RG,8250,7,D,DH,AT,D
11:09:06,ICBP,RG,8250,2,F,CS,AT,D
11:09:06,ICBP,RG,8250,8,F,AK,AT,D
11:09:06,ICBP,RG,8250,8,F,AK,AT,D
11:09:06,ICBP,RG,8250,75,F,BK,AT,D
11:09:06,ICBP,RG,8250,396,F,GW,AT,D
11:09:00,ICBP,RG,8250,1,F,GW,AK,F
11:08:53,ICBP,RG,8250,1,F,GW,NI,D
11:07:15,ICBP,RG,8275,5,F,AK,AK,F
11:07:15,ICBP,RG,8275,4,F,AK,AK,D
11:07:15,ICBP,RG,8275,4,F,AK,AK,F
11:07:15,ICBP,RG,8275,3,F,AK,AK,F
11:07:14,ICBP,RG,8275,3,F,AK,AK,F
11:07:14,ICBP,RG,8275,1,F,AK,XC,D
11:07:14,ICBP,RG,8275,17,F,AK,BK,F
11:07:14,ICBP,RG,8275,15,F,AK,YP,D
11:07:14,ICBP,RG,8275,4,F,AK,NI,D
11:07:14,ICBP,RG,8275,6,F,AK,XC,D
11:07:14,ICBP,RG,8275,3,F,AK,AK,D
11:07:14,ICBP,RG,8275,5,F,AK,AK,F
11:07:14,ICBP,RG,8275,5,F,AK,AK,F
11:07:14,ICBP,RG,8275,1,F,AK,AK,F
11:07:14,ICBP,RG,8275,40,F,AK,ZP,D
11:06:46,ICBP,RG,8250,15,F,GW,AK,F
11:05:45,ICBP,RG,8250,4,F,GW,AK,D
11:05:30,ICBP,RG,8250,1,F,GW,AK,F
11:05:29,ICBP,RG,8250,8,F,GW,AK,F
11:05:15,ICBP,RG,8250,1,F,GW,PD,D
11:04:46,ICBP,RG,8250,2,F,GW,XC,D
11:03:56,ICBP,RG,8250,4,F,GW,PD,D
11:03:45,ICBP,RG,8250,5,F,GW,AK,D
11:03:28,ICBP,RG,8275,18,F,AK,ZP,D
11:03:26,ICBP,RG,8250,11,F,GW,CC,D
11:03:03,ICBP,RG,8250,3,F,GW,PD,D
11:02:45,ICBP,RG,8250,3,F,GW,AK,D
11:02:30,ICBP,RG,8250,7,F,GW,BB,D
11:02:00,ICBP,RG,8250,9,F,GW,AK,F
11:01:45,ICBP,RG,8250,1,F,GW,AK,F
11:01:26,ICBP,RG,8250,2,F,GW,SQ,D
11:01:23,ICBP,RG,8250,5,F,GW,SQ,D
11:01:20,ICBP,RG,8250,4,F,GW,SQ,D
11:01:17,ICBP,RG,8250,2,F,GW,SQ,D
11:01:16,ICBP,RG,8275,17,F,AK,ZP,D
11:01:16,ICBP,RG,8275,4,F,AK,AK,F
11:01:16,ICBP,RG,8275,16,F,AK,BK,F
11:01:16,ICBP,RG,8275,4,F,AK,AK,F
11:01:16,ICBP,RG,8275,3,F,AK,PD,D
11:01:16,ICBP,RG,8275,16,F,AK,BK,F
11:01:16,ICBP,RG,8275,3,F,AK,BB,D
11:01:14,ICBP,RG,8250,8,F,GW,OD,D
11:01:00,ICBP,RG,8250,7,F,GW,BK,F
11:00:45,ICBP,RG,8250,1,D,PD,AK,F
11:00:45,ICBP,RG,8250,4,D,CC,AK,F
11:00:15,ICBP,RG,8250,2,D,CC,AK,D
11:00:00,ICBP,RG,8250,2,D,CC,BK,F
11:00:00,ICBP,RG,8250,1,D,DH,BK,F
11:00:00,ICBP,RG,8250,1,D,DH,BK,F
11:00:00,ICBP,RG,8250,1,D,DH,BK,F
10:59:48,ICBP,RG,8250,1,D,DH,OD,D
10:59:48,ICBP,RG,8250,4,D,CC,OD,D
10:59:48,ICBP,RG,8250,2,D,XC,OD,D
10:59:48,ICBP,RG,8250,1,D,XC,OD,D
10:59:48,ICBP,RG,8250,4,D,XC,OD,D
10:59:48,ICBP,RG,8250,6,D,CC,OD,D
10:59:48,ICBP,RG,8250,1,D,AZ,OD,D
10:59:45,ICBP,RG,8275,17,F,AK,BB,D
10:59:30,ICBP,RG,8250,1,D,AZ,AK,D
10:59:30,ICBP,RG,8250,1,F,BK,AK,D
10:59:24,ICBP,RG,8275,3,D,CD,BB,D
10:59:12,ICBP,RG,8275,1,D,NI,BB,D
10:59:01,ICBP,RG,8250,5,F,BK,BK,F
10:59:00,ICBP,RG,8250,6,F,BK,AK,F
10:59:00,ICBP,RG,8250,1,F,BK,AK,F
10:58:04,ICBP,RG,8250,59,F,BK,YP,D
10:58:04,ICBP,RG,8250,2,D,YP,YP,D
10:58:04,ICBP,RG,8250,4,F,CS,YP,D
10:58:00,ICBP,RG,8250,4,F,CS,AK,D
10:58:00,ICBP,RG,8250,4,F,CS,AK,F
10:57:40,ICBP,RG,8250,7,F,CS,BK,F
10:57:20,ICBP,RG,8275,10,F,BK,BB,D
10:57:18,ICBP,RG,8250,11,F,CS,CC,D
10:57:14,ICBP,RG,8275,47,F,AK,BB,D
10:56:45,ICBP,RG,8250,2,F,CS,AK,D
10:56:38,ICBP,RG,8275,7,F,BK,BB,D
10:56:36,ICBP,RG,8250,10,F,CS,NI,D
10:56:30,ICBP,RG,8250,1,F,CS,AK,F
10:56:05,ICBP,RG,8275,9,F,AK,BB,D
10:56:04,ICBP,RG,8250,1,F,CS,PD,D
10:56:01,ICBP,RG,8250,9,F,CS,BK,F
10:55:15,ICBP,RG,8250,4,F,CS,AK,F
10:55:00,ICBP,RG,8250,3,F,CS,AK,D
10:54:41,ICBP,RG,8250,7,F,CS,BK,F
10:54:39,ICBP,RG,8275,6,F,BK,BB,D
10:54:37,ICBP,RG,8250,10,F,CS,NI,D
10:53:45,ICBP,RG,8275,39,F,AK,BB,D
10:53:40,ICBP,RG,8250,6,F,CS,PD,D
10:53:32,ICBP,RG,8275,8,F,BK,BB,D
10:53:31,ICBP,RG,8250,1,F,CS,AK,F
10:53:31,ICBP,RG,8250,11,F,CS,AK,F
10:53:30,ICBP,RG,8275,9,F,AK,BB,D
10:53:29,ICBP,RG,8250,7,F,CS,BK,F
10:53:26,ICBP,RG,8250,7,F,CS,CC,D
10:52:44,ICBP,RG,8250,3,F,CS,XC,D
10:52:15,ICBP,RG,8250,5,F,CS,AK,D
10:52:14,ICBP,RG,8250,10,F,CS,NI,D
10:52:13,ICBP,RG,8275,6,F,BK,BB,D
10:52:11,ICBP,RG,8250,4,F,CS,CC,D
10:52:01,ICBP,RG,8250,8,F,CS,BK,F
10:52:01,ICBP,RG,8250,1,F,CS,PD,D
10:51:30,ICBP,RG,8250,5,F,CS,AK,F
10:51:14,ICBP,RG,8250,14,F,CS,CC,D
10:51:11,ICBP,RG,8250,5,F,CS,BK,F
10:51:10,ICBP,RG,8250,2,F,CS,XC,D
10:50:30,ICBP,RG,8250,1,F,CS,AK,F
10:49:37,ICBP,RG,8275,5,F,BK,BB,D
10:49:33,ICBP,RG,8250,9,F,CS,BK,F
10:49:15,ICBP,RG,8250,3,F,CS,AK,D
10:49:12,ICBP,RG,8275,10,D,YP,BB,D
10:48:31,ICBP,RG,8275,6,F,BK,BB,D
10:48:29,ICBP,RG,8250,9,F,CS,AK,F
10:48:29,ICBP,RG,8275,16,F,AK,BB,D
10:48:27,ICBP,RG,8250,1,F,CS,YP,D
10:48:12,ICBP,RG,8250,8,F,CS,BK,F
10:47:15,ICBP,RG,8250,3,F,CS,AK,D
10:47:00,ICBP,RG,8250,4,F,CS,AK,F
10:46:25,ICBP,RG,8275,1,D,YP,BB,D
10:46:15,ICBP,RG,8250,1,F,CS,AK,F
10:45:32,ICBP,RG,8250,1,F,CS,XC,D
10:45:20,ICBP,RG,8250,4,D,PD,CC,D
10:45:20,ICBP,RG,8250,4,D,YP,CC,D
10:45:20,ICBP,RG,8250,1,D,SQ,CC,D
10:45:20,ICBP,RG,8250,3,D,XC,CC,D
10:45:11,ICBP,RG,8275,5,F,BK,BB,D
10:45:08,ICBP,RG,8250,3,D,XC,DR,D
10:45:08,ICBP,RG,8250,4,D,PD,DR,D
10:45:08,ICBP,RG,8250,1,D,PD,DR,D
10:45:08,ICBP,RG,8250,1,D,XC,DR,D
10:45:08,ICBP,RG,8250,1,D,PD,DR,D
10:45:08,ICBP,RG,8250,1,D,CC,DR,D
10:45:08,ICBP,RG,8250,2,D,XC,DR,D
10:45:08,ICBP,RG,8250,1,D,PD,DR,D
10:45:08,ICBP,RG,8250,2,F,CS,DR,D
10:45:08,ICBP,RG,8250,13,F,AK,DR,D
10:44:42,ICBP,RG,8250,1,F,AK,YP,D
10:44:30,ICBP,RG,8275,9,F,AK,BB,D
10:43:30,ICBP,RG,8250,5,F,AK,AK,F
10:42:15,ICBP,RG,8275,8,F,AK,BB,D
10:40:52,ICBP,RG,8275,8,F,BK,BB,D
10:40:47,ICBP,RG,8275,5,F,BK,BB,D
10:40:47,ICBP,RG,8275,1,F,BK,XC,D
10:40:47,ICBP,RG,8275,1,F,BK,BB,D
10:40:47,ICBP,RG,8275,1,F,BK,AK,F
10:40:47,ICBP,RG,8275,4,F,BK,AK,F
10:40:45,ICBP,RG,8275,1,F,AK,AK,F
10:40:45,ICBP,RG,8275,5,F,AK,AK,D
10:40:45,ICBP,RG,8275,3,F,AK,AK,F
10:40:45,ICBP,RG,8275,1,F,AK,AK,F
10:40:45,ICBP,RG,8275,2,F,AK,AK,D
10:40:45,ICBP,RG,8275,4,F,AK,AK,F
10:40:45,ICBP,RG,8275,4,F,AK,DH,D
10:40:45,ICBP,RG,8275,6,F,AK,BK,F
10:40:45,ICBP,RG,8275,82,F,AK,ZP,D
10:40:23,ICBP,RG,8275,3,D,YP,ZP,D
10:40:15,ICBP,RG,8275,7,F,AK,ZP,D
10:40:00,ICBP,RG,8250,2,F,AK,AK,D
10:39:54,ICBP,RG,8250,6,F,AK,PD,D
10:39:10,ICBP,RG,8250,1,F,AK,BB,D
10:39:08,ICBP,RG,8250,7,F,AK,CC,D
10:39:08,ICBP,RG,8250,5,D,SQ,CC,D
10:38:45,ICBP,RG,8250,2,D,SQ,AK,D
10:38:02,ICBP,RG,8275,5,F,BK,ZP,D
10:38:00,ICBP,RG,8275,3,F,AK,ZP,D
10:38:00,ICBP,RG,8275,4,F,AK,AK,F
10:38:00,ICBP,RG,8275,2,F,AK,AK,F
10:37:45,ICBP,RG,8250,2,D,SQ,AK,D
10:37:09,ICBP,RG,8275,5,D,YP,AK,F
10:37:09,ICBP,RG,8275,1,D,YP,PD,D
10:37:09,ICBP,RG,8275,4,D,YP,CS,F
10:36:53,ICBP,RG,8275,3,D,PD,CS,F
10:36:22,ICBP,RG,8275,1,D,DH,CS,F
10:35:57,ICBP,RG,8250,3,D,SQ,GR,D
10:35:38,ICBP,RG,8275,7,D,CC,CS,F
10:35:28,ICBP,RG,8275,6,F,BK,CS,F
10:35:25,ICBP,RG,8275,16,F,BK,CS,F
10:35:23,ICBP,RG,8275,75,F,GW,CS,F
10:35:23,ICBP,RG,8275,1,F,GW,SQ,D
10:35:23,ICBP,RG,8275,2,F,GW,KK,D
10:35:23,ICBP,RG,8275,3,F,GW,AK,D
10:35:23,ICBP,RG,8275,4,F,GW,AK,F
10:35:23,ICBP,RG,8275,6,F,GW,AK,F
10:35:23,ICBP,RG,8275,1,F,GW,AK,F
10:35:23,ICBP,RG,8275,3,F,GW,EP,D
10:35:23,ICBP,RG,8275,16,F,GW,BK,F
10:35:23,ICBP,RG,8275,20,F,GW,GR,D
10:35:23,ICBP,RG,8275,39,F,GW,ZP,D
10:35:15,ICBP,RG,8250,1,D,SQ,AK,D
10:35:15,ICBP,RG,8250,1,D,NI,AK,D
10:34:59,ICBP,RG,8275,9,F,BK,ZP,D
10:34:58,ICBP,RG,8250,10,D,NI,NI,D
10:34:57,ICBP,RG,8275,52,D,ZP,ZP,D
10:34:57,ICBP,RG,8275,5,D,ZP,AK,F
10:34:57,ICBP,RG,8275,6,D,ZP,PD,D
10:34:57,ICBP,RG,8275,3,D,ZP,PD,D
10:34:57,ICBP,RG,8275,9,D,ZP,BK,F
10:34:10,ICBP,RG,8275,2,D,SQ,BK,F
10:33:49,ICBP,RG,8275,4,F,BK,BK,F
10:33:49,ICBP,RG,8275,4,F,BK,BB,D
10:33:45,ICBP,RG,8275,13,F,AK,BB,D
10:33:11,ICBP,RG,8250,4,D,NI,AK,D
10:33:10,ICBP,RG,8250,5,D,NI,CC,D
10:33:10,ICBP,RG,8250,6,F,YU,CC,D
10:31:57,ICBP,RG,8250,2,F,YU,GR,D
10:31:24,ICBP,RG,8250,5,F,YU,XC,D
10:31:24,ICBP,RG,8250,1,F,YU,PD,D
10:29:34,ICBP,RG,8250,1,D,PD,XC,D
10:29:02,ICBP,RG,8250,1,D,PD,AG,D
10:28:57,ICBP,RG,8250,10,D,NI,NI,D
10:28:55,ICBP,RG,8250,5,D,NI,BB,D
10:28:55,ICBP,RG,8250,15,D,NI,BB,D
10:28:55,ICBP,RG,8250,1,D,YB,BB,D
10:28:39,ICBP,RG,8250,1,D,YB,SQ,D
10:28:08,ICBP,RG,8275,12,F,ZP,BB,D
10:28:08,ICBP,RG,8275,5,F,ZP,PD,D
10:28:08,ICBP,RG,8275,1,F,ZP,BB,D
10:28:08,ICBP,RG,8275,1,F,ZP,XC,D
10:28:08,ICBP,RG,8275,12,F,ZP,BB,D
10:28:08,ICBP,RG,8275,1,F,ZP,AK,F
10:28:08,ICBP,RG,8275,5,F,ZP,AK,F
10:28:08,ICBP,RG,8275,6,F,ZP,AK,F
10:28:08,ICBP,RG,8275,2,F,ZP,CC,D
10:28:08,ICBP,RG,8275,10,F,ZP,NI,D
10:28:08,ICBP,RG,8275,5,F,ZP,DR,D
10:28:08,ICBP,RG,8275,9,F,ZP,YP,D
10:28:08,ICBP,RG,8250,3,D,YB,BB,D
10:28:08,ICBP,RG,8250,3,D,PD,BB,D
10:28:08,ICBP,RG,8250,8,F,AK,BB,D
10:28:08,ICBP,RG,8250,19,F,AK,BB,D
10:28:05,ICBP,RG,8275,4,F,GW,YP,D
10:28:05,ICBP,RG,8275,2,F,GW,CC,D
10:28:05,ICBP,RG,8275,8,F,GW,SQ,D
10:28:05,ICBP,RG,8275,10,F,GW,EP,D
10:28:05,ICBP,RG,8275,10,F,GW,AT,D
10:28:05,ICBP,RG,8275,4,F,GW,AK,D
10:28:05,ICBP,RG,8275,1,F,GW,EP,D
10:28:05,ICBP,RG,8275,1,F,GW,YP,D
10:28:05,ICBP,RG,8275,4,F,GW,AK,F
10:28:05,ICBP,RG,8275,3,F,GW,AK,D
10:28:05,ICBP,RG,8275,1,F,GW,AK,F
10:28:05,ICBP,RG,8275,3,F,GW,PD,D
10:28:05,ICBP,RG,8275,5,F,GW,PD,D
10:28:05,ICBP,RG,8275,10,F,GW,GR,D
10:28:05,ICBP,RG,8275,5,F,GW,AK,F
10:28:05,ICBP,RG,8275,5,F,GW,AK,F
10:28:05,ICBP,RG,8275,100,F,GW,YP,D
10:28:05,ICBP,RG,8275,25,F,GW,YP,D
10:28:05,ICBP,RG,8275,149,F,GW,YP,D
10:28:00,ICBP,RG,8250,2,F,AK,BB,D
10:27:37,ICBP,RG,8275,3,F,ZP,YP,D
10:27:34,ICBP,RG,8250,10,F,AK,BB,D
10:27:19,ICBP,RG,8275,5,F,ZP,YP,D
10:27:16,ICBP,RG,8250,2,F,AK,BB,D
10:27:16,ICBP,RG,8250,4,F,AK,CC,D
10:27:16,ICBP,RG,8250,7,F,AK,CC,D
10:27:15,ICBP,RG,8250,3,F,AK,AK,D
10:27:12,ICBP,RG,8250,1,F,AK,BB,D
10:27:11,ICBP,RG,8275,1,F,ZP,YP,D
10:27:08,ICBP,RG,8250,4,F,AK,BB,D
10:27:07,ICBP,RG,8275,1,D,YP,YP,D
10:26:55,ICBP,RG,8275,7,F,ZP,YP,D
10:26:52,ICBP,RG,8250,20,F,AK,BB,D
10:26:23,ICBP,RG,8275,14,F,ZP,YP,D
10:26:21,ICBP,RG,8250,2,F,AK,BB,D
10:26:21,ICBP,RG,8250,8,F,AK,BB,D
10:26:21,ICBP,RG,8250,9,F,AK,BB,D
10:26:21,ICBP,RG,8250,23,F,BK,BB,D
10:25:58,ICBP,RG,8275,1,D,XC,YP,D
10:25:41,ICBP,RG,8275,19,F,ZP,YP,D
10:25:41,ICBP,RG,8275,7,F,ZP,AK,F
10:25:41,ICBP,RG,8275,3,F,ZP,AK,D
10:25:41,ICBP,RG,8275,1,F,ZP,AK,F
10:25:41,ICBP,RG,8275,14,F,ZP,GR,D
10:25:40,ICBP,RG,8275,5,F,ZP,GR,D
10:25:38,ICBP,RG,8250,76,F,BK,BB,D
10:25:38,ICBP,RG,8250,54,F,GW,BB,D
10:25:37,ICBP,RG,8275,17,F,BK,GR,D
10:25:35,ICBP,RG,8275,37,F,ZP,GR,D
10:25:33,ICBP,RG,8250,100,F,GW,ZP,D
10:25:33,ICBP,RG,8275,10,F,BK,GR,D
10:25:32,ICBP,RG,8275,1,F,ZP,GR,D
10:25:31,ICBP,RG,8275,21,F,ZP,GR,D
10:25:31,ICBP,RG,8275,2,F,ZP,YP,D
10:25:31,ICBP,RG,8275,1,F,ZP,OD,D
10:25:31,ICBP,RG,8275,3,F,ZP,BK,F
10:25:31,ICBP,RG,8275,5,F,ZP,OD,D
10:25:30,ICBP,RG,8250,2,F,GW,KK,D
10:25:29,ICBP,RG,8275,2,F,ZP,GR,D
10:25:28,ICBP,RG,8250,90,F,GW,ZP,D
10:25:28,ICBP,RG,8275,6,F,BK,GR,D
10:25:26,ICBP,RG,8250,6,F,GW,BB,D
10:25:25,ICBP,RG,8275,3,F,ZP,GR,D
10:25:22,ICBP,RG,8250,10,F,GW,ZP,D
10:25:17,ICBP,RG,8275,1,F,ZP,GR,D
10:25:14,ICBP,RG,8250,1,F,GW,BB,D
10:24:55,ICBP,RG,8250,1,F,GW,BB,D
10:24:48,ICBP,RG,8250,1,F,GW,BB,D
10:24:44,ICBP,RG,8275,2,F,ZP,GR,D
10:24:41,ICBP,RG,8250,4,F,GW,BB,D
10:24:32,ICBP,RG,8275,1,D,YP,GR,D
10:24:32,ICBP,RG,8275,3,F,ZP,GR,D
10:24:30,ICBP,RG,8250,10,F,GW,BB,D
10:24:29,ICBP,RG,8275,2,F,ZP,GR,D
10:24:29,ICBP,RG,8275,1,F,ZP,NI,D
10:24:26,ICBP,RG,8275,4,F,ZP,NI,D
10:24:26,ICBP,RG,8275,3,F,ZP,AK,F
10:24:26,ICBP,RG,8275,2,F,BK,AK,F
10:24:26,ICBP,RG,8275,6,F,BK,CC,D
10:24:23,ICBP,RG,8250,22,F,GW,BB,D
10:24:22,ICBP,RG,8275,2,F,ZP,CC,D
10:24:19,ICBP,RG,8275,6,F,BK,CC,D
10:24:17,ICBP,RG,8275,1,F,ZP,CC,D
10:24:16,ICBP,RG,8275,1,F,ZP,CC,D
10:24:15,ICBP,RG,8250,3,F,GW,AK,D
10:24:14,ICBP,RG,8275,14,F,ZP,CC,D
10:24:14,ICBP,RG,8275,7,F,ZP,AK,F
10:24:14,ICBP,RG,8275,1,F,ZP,LG,D
10:24:13,ICBP,RG,8275,2,F,BK,LG,D
10:24:13,ICBP,RG,8275,4,F,BK,BK,F
10:24:13,ICBP,RG,8275,3,F,ZP,BK,F
10:24:11,ICBP,RG,8250,74,F,GW,BB,D
10:24:10,ICBP,RG,8250,1,F,GW,XC,D
10:23:58,ICBP,RG,8275,8,F,ZP,BK,F
10:23:58,ICBP,RG,8275,12,F,ZP,YP,D
10:23:56,ICBP,RG,8275,13,F,ZP,YP,D
10:23:56,ICBP,RG,8275,9,F,ZP,ZP,D
10:23:55,ICBP,RG,8250,71,F,GW,BB,D
10:23:54,ICBP,RG,8250,100,F,GW,ZP,D
10:23:53,ICBP,RG,8275,34,F,ZP,ZP,D
10:23:50,ICBP,RG,8250,90,F,GW,ZP,D
10:23:50,ICBP,RG,8250,1,D,CC,ZP,D
10:23:50,ICBP,RG,8250,2,F,CS,ZP,D
10:23:50,ICBP,RG,8250,1,D,YB,ZP,D
10:23:50,ICBP,RG,8250,6,F,CS,ZP,D
10:23:40,ICBP,RG,8250,1,F,CS,BB,D
10:23:23,ICBP,RG,8250,1,F,CS,BB,D
10:22:43,ICBP,RG,8275,1,F,ZP,ZP,D
10:22:40,ICBP,RG,8250,1,F,CS,BB,D
10:22:35,ICBP,RG,8250,1,F,CS,BB,D
10:22:34,ICBP,RG,8250,1,F,CS,BB,D
10:22:19,ICBP,RG,8275,1,F,ZP,ZP,D
10:22:18,ICBP,RG,8250,2,F,CS,BB,D
10:22:01,ICBP,RG,8275,1,F,ZP,ZP,D
10:22:00,ICBP,RG,8250,3,F,CS,AK,D
10:21:59,ICBP,RG,8250,1,F,CS,BB,D
10:21:40,ICBP,RG,8250,3,F,CS,BB,D
10:21:35,ICBP,RG,8275,1,F,ZP,ZP,D
10:21:32,ICBP,RG,8250,6,F,CS,BB,D
10:21:32,ICBP,RG,8275,4,F,ZP,ZP,D
10:21:30,ICBP,RG,8250,11,F,CS,CC,D
10:21:26,ICBP,RG,8250,2,F,CS,BB,D
10:21:25,ICBP,RG,8250,1,F,CS,BB,D
10:21:02,ICBP,RG,8275,1,F,ZP,ZP,D
10:20:59,ICBP,RG,8250,1,F,CS,BB,D
10:20:33,ICBP,RG,8250,2,F,CS,BB,D
10:20:32,ICBP,RG,8275,1,D,PD,ZP,D
10:20:14,ICBP,RG,8250,1,F,CS,BB,D
10:20:13,ICBP,RG,8275,2,F,ZP,ZP,D
10:20:11,ICBP,RG,8275,1,F,ZP,ZP,D
10:20:10,ICBP,RG,8250,12,F,CS,BB,D
10:20:04,ICBP,RG,8275,2,F,ZP,ZP,D
10:20:02,ICBP,RG,8275,3,F,ZP,ZP,D
10:20:01,ICBP,RG,8275,8,F,YU,ZP,D
10:19:59,ICBP,RG,8275,10,D,XC,ZP,D
10:19:58,ICBP,RG,8250,1,F,CS,BB,D
10:19:46,ICBP,RG,8275,1,F,ZP,ZP,D
10:19:43,ICBP,RG,8250,4,F,CS,BB,D
10:19:37,ICBP,RG,8275,2,F,ZP,ZP,D
10:19:34,ICBP,RG,8275,5,D,YB,ZP,D
10:19:32,ICBP,RG,8250,3,F,CS,BB,D
10:19:00,ICBP,RG,8250,3,F,CS,BB,D
10:19:00,ICBP,RG,8250,3,F,CS,AK,D
10:18:49,ICBP,RG,8275,6,F,ZP,ZP,D
10:18:47,ICBP,RG,8250,5,F,CS,BB,D
10:18:47,ICBP,RG,8250,7,F,BK,BB,D
10:18:46,ICBP,RG,8250,10,F,BK,NI,D
10:18:46,ICBP,RG,8275,4,F,ZP,ZP,D
10:18:44,ICBP,RG,8250,10,F,BK,YP,D
10:18:30,ICBP,RG,8250,1,F,BK,BB,D
10:18:18,ICBP,RG,8250,1,F,BK,BB,D
10:18:10,ICBP,RG,8275,1,F,ZP,ZP,D
10:18:08,ICBP,RG,8250,4,F,BK,BB,D
10:18:04,ICBP,RG,8275,2,F,ZP,ZP,D
10:18:02,ICBP,RG,8250,7,F,BK,PD,D
10:17:04,ICBP,RG,8275,4,F,ZP,BB,D
10:17:04,ICBP,RG,8275,1,F,ZP,AK,F
10:17:00,ICBP,RG,8250,15,F,BK,BB,D
10:16:38,ICBP,RG,8275,4,F,ZP,AK,D
10:16:38,ICBP,RG,8275,6,F,ZP,BK,F
10:16:36,ICBP,RG,8250,3,F,BK,BB,D
10:16:36,ICBP,RG,8250,25,D,XC,BB,D
10:16:30,ICBP,RG,8250,3,D,GR,AK,D
10:15:14,ICBP,RG,8275,6,F,ZP,BK,F
10:15:14,ICBP,RG,8275,7,F,ZP,AK,F
10:15:14,ICBP,RG,8275,3,F,ZP,KK,D
10:15:12,ICBP,RG,8250,21,D,GR,BB,D
10:15:12,ICBP,RG,8250,15,D,GR,BB,D
10:15:12,ICBP,RG,8250,1,D,GR,BB,D
10:15:12,ICBP,RG,8250,3,D,GR,XC,D
10:15:12,ICBP,RG,8250,7,D,GR,CC,D
10:15:01,ICBP,RG,8250,3,F,ZP,CC,D
10:15:01,ICBP,RG,8250,4,F,ZP,BB,D
10:15:01,ICBP,RG,8250,1,F,ZP,BK,F
10:14:59,ICBP,RG,8250,1,F,ZP,BK,F
10:14:58,ICBP,RG,8225,23,F,CS,OD,D
10:14:57,ICBP,RG,8250,3,D,KK,BK,F
10:14:34,ICBP,RG,8250,8,F,ZP,BB,D
10:14:34,ICBP,RG,8250,6,F,ZP,AK,F
10:14:34,ICBP,RG,8250,1,F,ZP,AK,F
10:14:34,ICBP,RG,8250,1,F,ZP,BB,D
10:14:34,ICBP,RG,8250,5,F,ZP,AK,F
10:14:34,ICBP,RG,8250,3,F,ZP,AK,D
10:14:34,ICBP,RG,8250,4,F,ZP,AK,F
10:14:31,ICBP,RG,8250,6,F,BK,AK,F
10:14:31,ICBP,RG,8250,1,F,BK,AK,F
10:14:31,ICBP,RG,8250,33,F,BK,BB,D
10:14:31,ICBP,RG,8250,44,F,BK,BB,D
10:14:29,ICBP,RG,8250,4,F,ZP,BB,D
10:14:29,ICBP,RG,8250,7,F,ZP,YP,D
10:14:29,ICBP,RG,8250,1,F,ZP,BB,D
10:14:29,ICBP,RG,8250,4,F,ZP,BK,F
10:14:26,ICBP,RG,8250,46,D,KK,BK,F
10:14:26,ICBP,RG,8250,4,D,KK,BB,D
10:14:13,ICBP,RG,8250,4,F,ZP,BB,D
10:14:10,ICBP,RG,8225,10,F,CS,PD,D
10:13:53,ICBP,RG,8250,1,F,ZP,BB,D
10:13:52,ICBP,RG,8250,33,F,ZP,BB,D
10:13:50,ICBP,RG,8225,5,F,CS,BK,F
10:13:49,ICBP,RG,8250,4,F,AK,BB,D
10:13:49,ICBP,RG,8250,2,F,AK,CC,D
10:13:49,ICBP,RG,8250,13,F,AK,CC,D
10:13:49,ICBP,RG,8250,78,F,AK,YP,D
10:13:47,ICBP,RG,8250,1,F,ZP,YP,D
10:13:47,ICBP,RG,8250,12,F,CS,YP,D
10:13:47,ICBP,RG,8250,5,F,BK,YP,D
10:13:47,ICBP,RG,8250,4,F,ZP,YP,D
10:13:23,ICBP,RG,8275,4,F,ZP,KK,D
10:13:22,ICBP,RG,8250,2,D,PD,NI,D
10:13:22,ICBP,RG,8250,1,D,PD,NI,D
10:13:22,ICBP,RG,8250,7,D,CC,NI,D
10:13:22,ICBP,RG,8275,1,F,ZP,KK,D
10:13:20,ICBP,RG,8250,3,D,CC,BB,D
10:13:20,ICBP,RG,8250,2,D,NI,BB,D
10:13:20,ICBP,RG,8250,8,F,ZP,BB,D
10:13:20,ICBP,RG,8250,10,D,CC,BB,D
10:13:20,ICBP,RG,8250,10,F,BK,BB,D
10:13:20,ICBP,RG,8250,1,D,YB,BB,D
10:13:20,ICBP,RG,8250,2,F,CS,BB,D
10:13:20,ICBP,RG,8250,5,F,CS,BB,D
10:13:08,ICBP,RG,8250,113,F,CS,CC,D
10:13:08,ICBP,RG,8250,8,F,AK,CC,D
10:13:08,ICBP,RG,8250,8,F,AK,CC,D
10:13:08,ICBP,RG,8250,14,F,AK,CC,D
10:13:08,ICBP,RG,8250,3,F,AK,BB,D
10:12:55,ICBP,RG,8250,1,F,AK,BB,D
10:12:54,ICBP,RG,8250,3,F,AK,BB,D
10:12:45,ICBP,RG,8250,2,F,AK,BB,D
10:12:34,ICBP,RG,8250,2,F,AK,SQ,D
10:12:31,ICBP,RG,8250,3,F,AK,BB,D
10:12:04,ICBP,RG,8250,14,F,AK,BB,D
10:12:04,ICBP,RG,8250,30,F,ZP,BB,D
10:11:52,ICBP,RG,8250,2,F,ZP,PD,D
10:11:16,ICBP,RG,8250,20,F,ZP,KK,D
10:11:11,ICBP,RG,8250,40,F,ZP,BB,D
10:11:11,ICBP,RG,8250,59,F,BK,BB,D
10:11:11,ICBP,RG,8250,34,F,AK,BB,D
10:11:10,ICBP,RG,8250,3,F,AK,PD,D
10:11:10,ICBP,RG,8250,3,F,YU,PD,D
10:11:05,ICBP,RG,8275,4,F,ZP,KK,D
10:11:05,ICBP,RG,8275,1,F,ZP,XC,D
10:11:05,ICBP,RG,8275,7,F,ZP,AK,F
10:11:05,ICBP,RG,8275,3,F,ZP,KK,D
10:11:05,ICBP,RG,8275,2,F,ZP,XC,D
10:11:05,ICBP,RG,8275,1,F,ZP,AK,F
10:11:05,ICBP,RG,8275,2,F,ZP,CC,D
10:11:05,ICBP,RG,8275,2,F,ZP,YP,D
10:11:05,ICBP,RG,8275,1,F,ZP,XC,D
10:11:05,ICBP,RG,8275,9,F,ZP,AK,F
10:11:05,ICBP,RG,8275,4,F,ZP,AK,D
10:11:05,ICBP,RG,8275,10,F,ZP,GR,D
10:11:05,ICBP,RG,8275,19,F,ZP,PD,D
10:11:04,ICBP,RG,8250,35,F,AK,BB,D
10:11:04,ICBP,RG,8250,56,F,AK,YP,D
10:11:04,ICBP,RG,8250,123,F,CS,YP,D
10:11:04,ICBP,RG,8250,5,D,XC,YP,D
10:11:04,ICBP,RG,8250,3,D,EP,YP,D
10:11:04,ICBP,RG,8250,2,D,CC,YP,D
10:11:04,ICBP,RG,8250,1,D,XC,YP,D
10:11:04,ICBP,RG,8250,3,D,AZ,YP,D
10:11:04,ICBP,RG,8250,2,F,CS,YP,D
10:11:04,ICBP,RG,8250,1,D,PD,YP,D
10:11:04,ICBP,RG,8250,5,D,YP,YP,D
10:11:04,ICBP,RG,8250,8,D,CC,YP,D
10:11:04,ICBP,RG,8250,9,F,AK,YP,D
10:11:04,ICBP,RG,8250,46,F,BK,YP,D
10:11:04,ICBP,RG,8250,1,F,CS,YP,D
10:11:04,ICBP,RG,8250,10,F,AK,YP,D
10:11:04,ICBP,RG,8250,6,F,ZP,YP,D
10:10:49,ICBP,RG,8250,41,F,ZP,YP,D
10:10:49,ICBP,RG,8250,31,F,AK,YP,D
10:10:43,ICBP,RG,8250,1,F,AK,BB,D
10:10:35,ICBP,RG,8275,2,F,ZP,PD,D
10:10:34,ICBP,RG,8250,6,F,AK,BB,D
10:10:32,ICBP,RG,8275,2,F,ZP,PD,D
10:10:31,ICBP,RG,8275,2,F,ZP,PD,D
10:10:30,ICBP,RG,8250,6,F,AK,BB,D
10:10:30,ICBP,RG,8250,1,D,DH,BB,D
10:10:30,ICBP,RG,8250,1,D,DH,AK,D
10:10:30,ICBP,RG,8250,5,F,CS,AK,D
10:10:23,ICBP,RG,8275,13,F,ZP,PD,D
10:10:21,ICBP,RG,8250,37,F,CS,BB,D
10:10:21,ICBP,RG,8275,2,D,GR,PD,D
10:10:11,ICBP,RG,8275,17,F,ZP,PD,D
10:10:11,ICBP,RG,8250,28,F,CS,YP,D
10:10:11,ICBP,RG,8250,2,F,CS,YP,D
10:10:11,ICBP,RG,8250,20,F,BK,YP,D
10:10:04,ICBP,RG,8275,1,D,EP,PD,D
10:10:02,ICBP,RG,8275,11,F,ZP,PD,D
10:10:00,ICBP,RG,8250,4,F,BK,BB,D
10:10:00,ICBP,RG,8250,10,D,CC,BB,D
10:10:00,ICBP,RG,8250,5,D,CC,BB,D
10:10:00,ICBP,RG,8250,13,F,AK,BB,D
10:09:53,ICBP,RG,8275,3,F,ZP,PD,D
10:09:52,ICBP,RG,8275,17,F,ZP,PD,D
10:09:51,ICBP,RG,8250,10,F,AK,BB,D
10:09:50,ICBP,RG,8250,18,F,AK,YP,D
10:09:50,ICBP,RG,8250,10,F,BK,YP,D
10:09:50,ICBP,RG,8250,15,D,GR,YP,D
10:09:50,ICBP,RG,8250,5,D,PD,YP,D
10:09:50,ICBP,RG,8250,2,F,BK,YP,D
10:09:44,ICBP,RG,8275,4,F,ZP,PD,D
10:09:44,ICBP,RG,8250,12,F,BK,CC,D
10:09:40,ICBP,RG,8275,1,F,ZP,PD,D
10:09:38,ICBP,RG,8250,2,F,BK,BB,D
10:09:38,ICBP,RG,8275,1,F,ZP,PD,D
10:09:38,ICBP,RG,8250,3,F,BK,YP,D
10:09:29,ICBP,RG,8275,2,F,ZP,PD,D
10:09:27,ICBP,RG,8250,7,F,BK,BB,D
10:09:19,ICBP,RG,8275,4,F,ZP,PD,D
10:09:17,ICBP,RG,8250,11,F,BK,CC,D
10:09:14,ICBP,RG,8250,1,F,BK,BB,D
10:09:01,ICBP,RG,8250,1,F,BK,BB,D
10:08:53,ICBP,RG,8275,2,F,ZP,PD,D
10:08:51,ICBP,RG,8250,4,D,AT,BB,D
10:08:31,ICBP,RG,8275,1,F,ZP,PD,D
10:08:31,ICBP,RG,8250,2,D,AT,AT,D
10:08:29,ICBP,RG,8250,3,D,AT,BB,D
10:08:29,ICBP,RG,8250,1,D,AT,BB,D
10:08:11,ICBP,RG,8275,3,F,ZP,PD,D
10:08:10,ICBP,RG,8275,1,D,DH,PD,D
10:08:10,ICBP,RG,8250,7,D,AT,BB,D
10:08:05,ICBP,RG,8275,3,F,ZP,PD,D
10:08:04,ICBP,RG,8250,10,D,AT,NI,D
10:08:02,ICBP,RG,8275,1,F,ZP,PD,D
10:08:00,ICBP,RG,8250,2,D,AT,BB,D
10:07:59,ICBP,RG,8275,1,F,ZP,PD,D
10:07:59,ICBP,RG,8250,1,D,AT,BB,D
10:07:59,ICBP,RG,8250,2,D,AT,CC,D
10:07:38,ICBP,RG,8275,1,F,ZP,PD,D
10:07:37,ICBP,RG,8250,4,D,AT,BB,D
10:07:32,ICBP,RG,8275,2,F,ZP,PD,D
10:07:31,ICBP,RG,8250,5,D,AT,YB,D
10:07:28,ICBP,RG,8250,1,D,AT,BB,D
10:07:17,ICBP,RG,8275,1,F,ZP,PD,D
10:07:16,ICBP,RG,8250,2,D,AT,BB,D
10:07:00,ICBP,RG,8250,2,D,AT,BB,D
10:06:50,ICBP,RG,8275,9,F,ZP,PD,D
10:06:49,ICBP,RG,8250,24,D,AT,YP,D
10:06:36,ICBP,RG,8275,2,D,XC,PD,D
10:06:01,ICBP,RG,8275,2,F,ZP,PD,D
10:06:01,ICBP,RG,8275,1,F,ZP,PD,D
10:06:01,ICBP,RG,8275,1,F,ZP,DH,D
10:06:00,ICBP,RG,8275,2,D,KK,CC,D
10:05:59,ICBP,RG,8250,10,D,AT,FZ,D
10:05:32,ICBP,RG,8275,1,F,ZP,CC,D
10:05:31,ICBP,RG,8275,1,D,EP,CC,D
10:04:34,ICBP,RG,8275,1,D,YP,CC,D
10:03:43,ICBP,RG,8275,4,F,ZP,CC,D
10:03:43,ICBP,RG,8275,5,F,ZP,BK,F
10:03:43,ICBP,RG,8275,10,F,ZP,KK,D
10:03:43,ICBP,RG,8275,1,F,ZP,BB,D
10:03:42,ICBP,RG,8275,60,D,YP,BB,D
10:03:23,ICBP,RG,8250,2,D,AT,BB,D
10:03:16,ICBP,RG,8275,2,F,ZP,BB,D
10:03:15,ICBP,RG,8250,4,D,AT,BB,D
10:03:14,ICBP,RG,8275,1,D,XC,BB,D
10:03:02,ICBP,RG,8275,1,F,ZP,BB,D
10:03:01,ICBP,RG,8250,1,D,AT,BB,D
10:02:57,ICBP,RG,8250,43,D,AT,BB,D
10:02:57,ICBP,RG,8250,1,D,CC,BB,D
10:02:57,ICBP,RG,8250,3,F,ZP,BB,D
10:01:51,ICBP,RG,8250,4,F,ZP,BB,D
10:01:33,ICBP,RG,8250,4,F,ZP,NI,D
10:01:33,ICBP,RG,8250,16,F,CS,NI,D
10:00:29,ICBP,RG,8275,7,F,ZP,BB,D
10:00:29,ICBP,RG,8275,1,F,ZP,XC,D
10:00:29,ICBP,RG,8275,1,F,ZP,CC,D
10:00:29,ICBP,RG,8275,3,F,ZP,AK,D
10:00:29,ICBP,RG,8275,1,F,ZP,AK,F
10:00:29,ICBP,RG,8275,26,F,ZP,ZP,D
10:00:27,ICBP,RG,8275,6,D,AI,ZP,D
10:00:27,ICBP,RG,8275,4,D,AI,CC,D
10:00:27,ICBP,RG,8275,1,D,AI,YP,D
10:00:27,ICBP,RG,8275,5,D,AI,BK,F
10:00:27,ICBP,RG,8275,10,D,AI,CC,D
10:00:27,ICBP,RG,8275,5,D,AI,EP,D
10:00:27,ICBP,RG,8275,5,D,AI,AK,F
10:00:27,ICBP,RG,8275,4,D,AI,XC,D
10:00:27,ICBP,RG,8275,1,D,AI,XC,D
10:00:27,ICBP,RG,8275,10,D,AI,YP,D
10:00:27,ICBP,RG,8275,20,D,AI,NI,D
10:00:27,ICBP,RG,8275,8,D,AI,SQ,D
10:00:27,ICBP,RG,8275,6,D,AI,AK,F
10:00:27,ICBP,RG,8275,1,D,AI,AK,F
10:00:27,ICBP,RG,8275,3,D,AI,AK,D
10:00:27,ICBP,RG,8275,7,D,AI,AK,F
10:00:27,ICBP,RG,8275,24,D,AI,ZP,D
10:00:22,ICBP,RG,8275,2,F,ZP,ZP,D
10:00:20,ICBP,RG,8275,4,D,XC,ZP,D
10:00:20,ICBP,RG,8250,15,F,CS,NI,D
10:00:16,ICBP,RG,8275,12,F,ZP,ZP,D
10:00:15,ICBP,RG,8275,37,F,AK,ZP,D
10:00:08,ICBP,RG,8250,1,F,CS,PD,D
9:59:41,ICBP,RG,8275,3,F,ZP,ZP,D
9:59:39,ICBP,RG,8275,10,D,NI,ZP,D
9:59:10,ICBP,RG,8275,1,F,ZP,ZP,D
9:59:08,ICBP,RG,8275,7,F,ZP,ZP,D
9:59:08,ICBP,RG,8275,9,F,ZP,PD,D
9:59:08,ICBP,RG,8250,8,F,CS,CC,D
9:59:08,ICBP,RG,8250,2,F,BK,CC,D
9:59:08,ICBP,RG,8250,12,F,BK,BB,D
9:59:08,ICBP,RG,8250,37,F,BK,BB,D
9:59:07,ICBP,RG,8275,6,F,ZP,PD,D
9:59:07,ICBP,RG,8275,3,F,ZP,YJ,D
9:59:07,ICBP,RG,8275,3,F,ZP,AK,D
9:59:07,ICBP,RG,8275,2,F,ZP,AK,F
9:59:06,ICBP,RG,8275,3,F,BK,AK,F
9:59:06,ICBP,RG,8275,3,F,BK,AK,F
9:59:05,ICBP,RG,8250,36,F,CS,BB,D
9:59:05,ICBP,RG,8250,11,F,ZP,BB,D
9:59:03,ICBP,RG,8250,30,D,GR,BB,D
9:58:52,ICBP,RG,8250,1,F,CS,YP,D
9:58:34,ICBP,RG,8250,1,D,XC,BB,D
9:58:31,ICBP,RG,8250,1,F,CS,SQ,D
9:58:30,ICBP,RG,8250,2,F,ZP,SQ,D
9:58:29,ICBP,RG,8250,1,F,ZP,BB,D
9:58:28,ICBP,RG,8250,2,F,CS,BB,D
9:58:27,ICBP,RG,8275,3,F,ZP,AK,F
9:58:27,ICBP,RG,8275,1,F,BK,AK,F
9:58:27,ICBP,RG,8275,1,F,BK,AK,F
9:58:27,ICBP,RG,8275,1,F,BK,CC,D
9:58:27,ICBP,RG,8275,2,F,BK,XC,D
9:58:25,ICBP,RG,8275,4,F,BK,XC,D
9:58:25,ICBP,RG,8250,1,F,BK,BB,D
9:58:25,ICBP,RG,8250,4,F,BK,SQ,D
9:58:24,ICBP,RG,8250,1,F,ZP,SQ,D
9:58:23,ICBP,RG,8250,1,F,ZP,BB,D
9:58:22,ICBP,RG,8250,1,F,CS,BB,D
9:58:22,ICBP,RG,8250,4,F,CS,DH,D
9:58:22,ICBP,RG,8250,1,F,ZP,DH,D
9:58:21,ICBP,RG,8250,1,F,CS,DH,D
9:58:21,ICBP,RG,8250,1,F,CS,DH,D
9:58:20,ICBP,RG,8250,2,F,ZP,DH,D
9:58:20,ICBP,RG,8250,1,F,CS,DH,D
9:58:20,ICBP,RG,8250,1,F,CS,DH,D
9:58:20,ICBP,RG,8250,1,F,BK,BB,D
9:58:20,ICBP,RG,8250,1,F,CS,SQ,D
9:58:20,ICBP,RG,8250,2,F,BK,SQ,D
9:58:19,ICBP,RG,8250,2,F,CS,BB,D
9:58:19,ICBP,RG,8250,9,F,ZP,BB,D
9:58:17,ICBP,RG,8250,1,F,ZP,BB,D
9:58:17,ICBP,RG,8250,3,F,CS,BB,D
9:58:16,ICBP,RG,8250,29,F,CS,BB,D
9:58:16,ICBP,RG,8275,3,F,ZP,XC,D
9:58:16,ICBP,RG,8250,33,F,ZP,BB,D
9:58:15,ICBP,RG,8275,8,F,BK,XC,D
9:58:14,ICBP,RG,8250,1,F,ZP,BB,D
9:58:13,ICBP,RG,8275,81,D,AI,XC,D
9:58:13,ICBP,RG,8250,8,D,AI,BB,D
9:58:13,ICBP,RG,8250,11,D,AI,BB,D
9:58:12,ICBP,RG,8250,1,F,CS,BB,D
9:58:12,ICBP,RG,8275,12,F,ZP,XC,D
9:58:12,ICBP,RG,8250,32,F,ZP,BB,D
9:58:11,ICBP,RG,8250,5,F,ZP,BK,F
9:58:11,ICBP,RG,8250,30,F,ZP,BB,D
9:58:11,ICBP,RG,8250,34,F,ZP,BB,D
9:58:11,ICBP,RG,8250,9,F,ZP,BB,D
9:58:11,ICBP,RG,8250,47,F,CS,BB,D
9:58:10,ICBP,RG,8250,63,F,CS,BB,D
9:58:10,ICBP,RG,8250,1,F,CS,BB,D
9:58:10,ICBP,RG,8250,2,F,CS,BB,D
9:58:10,ICBP,RG,8250,10,F,YU,BB,D
9:58:10,ICBP,RG,8250,203,F,CS,BB,D
9:58:10,ICBP,RG,8250,1,F,CS,BB,D
9:58:09,ICBP,RG,8250,52,F,BK,BB,D
9:58:09,ICBP,RG,8250,147,F,ZP,BB,D
9:58:09,ICBP,RG,8250,250,F,GW,BB,D
9:58:09,ICBP,RG,8250,23,F,YU,BB,D
9:58:09,ICBP,RG,8250,1,F,CS,BB,D
9:58:09,ICBP,RG,8250,41,F,AK,BB,D
9:58:09,ICBP,RG,8250,79,F,BK,BB,D
9:58:09,ICBP,RG,8250,136,F,CS,BB,D
9:58:09,ICBP,RG,8250,1,D,SQ,BB,D
9:58:09,ICBP,RG,8250,2,F,CS,BB,D
9:58:09,ICBP,RG,8250,251,F,ZP,BB,D
9:58:09,ICBP,RG,8250,40,F,AK,BB,D
9:58:09,ICBP,RG,8250,40,F,AK,BB,D
9:58:09,ICBP,RG,8250,90,F,BK,BB,D
9:58:09,ICBP,RG,8250,477,F,GW,BB,D
9:58:06,ICBP,RG,8250,1,F,GW,BB,D
9:58:05,ICBP,RG,8275,1,F,ZP,XC,D
9:58:04,ICBP,RG,8250,4,F,GW,BB,D
9:58:04,ICBP,RG,8275,4,F,ZP,XC,D
9:58:02,ICBP,RG,8250,10,F,GW,CC,D
9:57:33,ICBP,RG,8250,1,F,GW,BB,D
9:57:32,ICBP,RG,8275,1,F,ZP,XC,D
9:57:32,ICBP,RG,8275,2,D,NI,XC,D
9:57:13,ICBP,RG,8250,1,F,GW,BB,D
9:57:13,ICBP,RG,8275,1,F,ZP,XC,D
9:57:11,ICBP,RG,8250,4,F,GW,BB,D
9:57:11,ICBP,RG,8275,1,F,ZP,XC,D
9:57:11,ICBP,RG,8275,3,F,ZP,BK,F
9:57:10,ICBP,RG,8250,2,F,GW,MU,D
9:57:10,ICBP,RG,8250,1,D,CC,MU,D
9:57:10,ICBP,RG,8250,1,D,PD,MU,D
9:57:10,ICBP,RG,8250,5,D,CC,MU,D
9:57:10,ICBP,RG,8250,1,F,YU,MU,D
9:57:04,ICBP,RG,8250,1,F,AK,DH,D
9:56:46,ICBP,RG,8250,1,F,AK,BB,D
9:56:46,ICBP,RG,8275,1,F,ZP,BK,F
9:56:44,ICBP,RG,8250,1,F,AK,BB,D
9:56:43,ICBP,RG,8250,2,F,AK,BB,D
9:56:43,ICBP,RG,8275,3,F,ZP,BK,F
9:56:42,ICBP,RG,8250,1,F,AK,BB,D
9:56:41,ICBP,RG,8250,9,F,AK,YP,D
9:56:37,ICBP,RG,8275,2,F,ZP,BK,F
9:56:35,ICBP,RG,8250,4,F,AK,BB,D
9:56:34,ICBP,RG,8250,1,F,AK,BB,D
9:56:34,ICBP,RG,8275,1,D,XC,BK,F
9:56:34,ICBP,RG,8275,5,F,ZP,BK,F
9:56:34,ICBP,RG,8275,3,F,ZP,BB,D
9:56:34,ICBP,RG,8275,4,F,ZP,BB,D
9:56:32,ICBP,RG,8250,28,F,AK,BB,D
9:56:32,ICBP,RG,8250,7,F,BK,BB,D
9:56:31,ICBP,RG,8275,104,F,ZP,BB,D
9:56:30,ICBP,RG,8250,6,F,BK,BB,D
9:56:30,ICBP,RG,8250,16,F,ZP,BB,D
9:56:30,ICBP,RG,8250,1,F,CS,BB,D
9:56:30,ICBP,RG,8250,21,F,CS,BB,D
9:56:30,ICBP,RG,8250,31,D,YP,BB,D
9:56:30,ICBP,RG,8250,2,D,YP,BB,D
9:56:29,ICBP,RG,8275,89,F,GW,BB,D
9:56:29,ICBP,RG,8275,40,F,GW,YP,D
9:56:29,ICBP,RG,8275,6,F,GW,AK,F
9:56:29,ICBP,RG,8275,10,F,GW,XC,D
9:56:29,ICBP,RG,8275,1,F,GW,XC,D
9:56:29,ICBP,RG,8275,6,F,GW,YU,F
9:56:29,ICBP,RG,8275,5,F,GW,BK,F
9:56:29,ICBP,RG,8275,17,F,GW,BB,D
9:56:29,ICBP,RG,8275,4,F,GW,AK,F
9:56:29,ICBP,RG,8275,1,F,GW,AK,F
9:56:29,ICBP,RG,8275,6,F,GW,AK,F
9:56:29,ICBP,RG,8275,5,F,GW,AK,F
9:56:29,ICBP,RG,8275,2,F,GW,AK,D
9:56:29,ICBP,RG,8275,54,F,GW,KK,D
9:56:29,ICBP,RG,8275,4,F,GW,AK,F
9:56:29,ICBP,RG,8275,2,F,GW,AK,D
9:56:29,ICBP,RG,8275,1,F,GW,PD,D
9:56:29,ICBP,RG,8275,1,F,GW,AK,F
9:56:29,ICBP,RG,8275,6,F,GW,AK,F
9:56:29,ICBP,RG,8275,40,F,GW,ZP,D
9:56:19,ICBP,RG,8275,1,F,ZP,ZP,D
9:56:17,ICBP,RG,8250,1,D,YP,BB,D
9:56:15,ICBP,RG,8275,1,D,DH,ZP,D
9:55:50,ICBP,RG,8250,1,D,YP,DH,D
9:53:53,ICBP,RG,8250,1,D,YP,BB,D
9:53:52,ICBP,RG,8275,1,F,ZP,ZP,D
9:53:49,ICBP,RG,8250,3,D,YP,XC,D
9:52:26,ICBP,RG,8250,1,D,YP,BB,D
9:52:19,ICBP,RG,8275,1,F,ZP,ZP,D
9:52:18,ICBP,RG,8250,1,D,YP,EP,D
9:51:56,ICBP,RG,8250,2,D,YP,BB,D
9:51:55,ICBP,RG,8275,1,F,ZP,ZP,D
9:51:53,ICBP,RG,8275,1,F,ZP,ZP,D
9:51:53,ICBP,RG,8250,4,D,YP,CC,D
9:51:53,ICBP,RG,8250,3,D,YP,BB,D
9:51:53,ICBP,RG,8250,2,F,CS,BB,D
9:51:53,ICBP,RG,8250,8,F,BK,BB,D
9:51:53,ICBP,RG,8250,1,F,CS,BB,D
9:51:38,ICBP,RG,8250,21,F,CS,CC,D
9:51:38,ICBP,RG,8250,11,F,ZP,CC,D
9:51:38,ICBP,RG,8250,1,F,CS,CC,D
9:51:38,ICBP,RG,8250,9,F,AK,CC,D
9:51:34,ICBP,RG,8250,4,F,AK,BB,D
9:51:32,ICBP,RG,8250,1,F,AK,BB,D
9:51:32,ICBP,RG,8275,14,F,ZP,ZP,D
9:51:30,ICBP,RG,8250,41,F,AK,BB,D
9:51:30,ICBP,RG,8250,1,F,CS,BB,D
9:51:29,ICBP,RG,8250,1,F,CS,YP,D
9:51:29,ICBP,RG,8250,1,F,CS,YP,D
9:51:29,ICBP,RG,8250,2,F,ZP,YP,D
9:51:29,ICBP,RG,8250,5,D,SQ,YP,D
9:51:29,ICBP,RG,8250,1,D,PD,YP,D
9:51:29,ICBP,RG,8250,18,F,AK,YP,D
9:51:28,ICBP,RG,8250,2,F,AK,BB,D
9:51:28,ICBP,RG,8250,21,F,AK,BB,D
9:51:28,ICBP,RG,8250,1,F,CS,BB,D
9:51:28,ICBP,RG,8250,1,D,PD,BB,D
9:51:28,ICBP,RG,8250,33,F,BK,BB,D
9:51:28,ICBP,RG,8250,42,F,CS,BB,D
9:51:21,ICBP,RG,8250,4,F,CS,BB,D
9:51:18,ICBP,RG,8250,10,F,CS,YP,D
9:50:53,ICBP,RG,8250,5,F,CS,BB,D
9:50:53,ICBP,RG,8250,16,F,ZP,BB,D
9:50:51,ICBP,RG,8250,30,F,ZP,BB,D
9:50:51,ICBP,RG,8250,1,F,CS,BB,D
9:50:51,ICBP,RG,8250,35,F,AK,BB,D
9:50:51,ICBP,RG,8250,1,F,AK,BB,D
9:50:50,ICBP,RG,8275,40,F,ZP,ZP,D
9:50:50,ICBP,RG,8275,1,F,ZP,BQ,D
9:50:50,ICBP,RG,8275,1,F,ZP,YP,D
9:50:50,ICBP,RG,8275,10,F,ZP,XC,D
9:50:50,ICBP,RG,8275,14,F,ZP,PD,D
9:50:50,ICBP,RG,8250,3,F,AK,BB,D
9:50:50,ICBP,RG,8250,3,F,AK,BB,D
9:50:50,ICBP,RG,8250,10,D,YP,BB,D
9:50:50,ICBP,RG,8250,1,D,PD,BB,D
9:50:50,ICBP,RG,8250,10,D,CC,BB,D
9:50:50,ICBP,RG,8250,30,F,BK,BB,D
9:50:50,ICBP,RG,8250,100,D,AT,BB,D
9:50:50,ICBP,RG,8250,33,F,AK,BB,D
9:50:50,ICBP,RG,8250,10,D,YP,BB,D
9:49:51,ICBP,RG,8250,1,D,YP,BB,D
9:49:50,ICBP,RG,8275,1,F,ZP,PD,D
9:49:48,ICBP,RG,8250,3,D,YP,BB,D
9:49:47,ICBP,RG,8275,2,F,ZP,PD,D
9:49:45,ICBP,RG,8250,13,D,YP,BB,D
9:49:44,ICBP,RG,8275,3,F,ZP,PD,D
9:49:44,ICBP,RG,8275,1,F,ZP,YP,D
9:49:44,ICBP,RG,8275,1,F,ZP,NI,D
9:49:44,ICBP,RG,8275,6,F,ZP,ZP,D
9:49:42,ICBP,RG,8250,40,D,YP,DX,F
9:49:39,ICBP,RG,8250,1,D,YP,BB,D
9:49:36,ICBP,RG,8250,1,D,YP,BB,D
9:49:33,ICBP,RG,8250,3,D,YP,BB,D
9:49:32,ICBP,RG,8250,1,D,YP,BB,D
9:49:31,ICBP,RG,8250,2,D,YP,BB,D
9:49:31,ICBP,RG,8250,5,F,BK,BB,D
9:49:31,ICBP,RG,8250,3,F,ZP,BB,D
9:49:31,ICBP,RG,8250,2,F,CS,BB,D
9:49:31,ICBP,RG,8275,13,F,ZP,ZP,D
9:49:29,ICBP,RG,8275,38,F,AK,ZP,D
9:49:03,ICBP,RG,8250,1,F,CS,BB,D
9:49:02,ICBP,RG,8275,1,F,ZP,ZP,D
9:49:00,ICBP,RG,8250,1,F,CS,PD,D
9:48:54,ICBP,RG,8250,3,F,CS,BB,D
9:48:53,ICBP,RG,8275,1,F,ZP,ZP,D
9:48:52,ICBP,RG,8250,10,F,CS,KK,D
9:48:07,ICBP,RG,8250,1,F,CS,BB,D
9:48:05,ICBP,RG,8250,7,F,CS,BB,D
9:48:04,ICBP,RG,8250,1,F,CS,BB,D
9:48:03,ICBP,RG,8250,11,F,BK,BB,D
9:48:02,ICBP,RG,8250,10,F,YU,BB,D
9:48:01,ICBP,RG,8250,7,F,ZP,BB,D
9:48:01,ICBP,RG,8250,15,F,BK,BB,D
9:48:01,ICBP,RG,8250,1,F,CS,BB,D
9:48:01,ICBP,RG,8250,5,F,CS,BB,D
9:48:01,ICBP,RG,8275,36,F,ZP,ZP,D
9:48:00,ICBP,RG,8275,5,F,BK,ZP,D
9:48:00,ICBP,RG,8275,2,F,BK,PD,D
9:48:00,ICBP,RG,8275,1,F,BK,PD,D
9:48:00,ICBP,RG,8275,5,F,BK,BK,F
9:48:00,ICBP,RG,8275,1,F,BK,NI,D
9:48:00,ICBP,RG,8275,5,F,BK,YP,D
9:48:00,ICBP,RG,8275,1,F,BK,XC,D
9:48:00,ICBP,RG,8275,1,F,BK,AT,D
9:48:00,ICBP,RG,8275,1,F,BK,PD,D
9:48:00,ICBP,RG,8275,1,F,BK,PD,D
9:48:00,ICBP,RG,8275,99,F,BK,YP,D
9:47:59,ICBP,RG,8250,43,F,CS,BB,D
9:47:58,ICBP,RG,8250,1,F,CS,BB,D
9:47:58,ICBP,RG,8250,18,F,ZP,BB,D
9:47:58,ICBP,RG,8275,18,F,ZP,YP,D
9:47:57,ICBP,RG,8250,1,F,ZP,BB,D
9:47:56,ICBP,RG,8250,56,F,YU,BB,D
9:47:56,ICBP,RG,8250,1,F,CS,BB,D
9:47:55,ICBP,RG,8275,126,F,ZP,YP,D
9:47:55,ICBP,RG,8275,1,F,ZP,KK,D
9:47:55,ICBP,RG,8275,1,F,ZP,NI,D
9:47:55,ICBP,RG,8275,2,F,ZP,BB,D
9:47:55,ICBP,RG,8275,84,F,ZP,BB,D
9:47:55,ICBP,RG,8275,1,F,ZP,EP,D
9:47:55,ICBP,RG,8275,1,F,ZP,YP,D
9:47:55,ICBP,RG,8275,10,F,ZP,CC,D
9:47:55,ICBP,RG,8275,10,F,ZP,PD,D
9:47:55,ICBP,RG,8275,2,F,ZP,PD,D
9:47:55,ICBP,RG,8275,2,F,ZP,PD,D
9:47:55,ICBP,RG,8275,2,F,ZP,KK,D
9:47:54,ICBP,RG,8250,3,F,CS,BB,D
9:47:53,ICBP,RG,8250,1,F,CS,AK,F
9:47:53,ICBP,RG,8250,2,F,CS,AK,D
9:47:53,ICBP,RG,8250,1,F,BK,AK,D
9:47:53,ICBP,RG,8250,4,F,BK,AK,F
9:47:53,ICBP,RG,8250,1,F,BK,AK,F
9:47:53,ICBP,RG,8250,3,F,BK,AK,D
9:47:53,ICBP,RG,8250,1,F,BK,YP,D
9:47:53,ICBP,RG,8250,6,F,BK,PD,D
9:47:53,ICBP,RG,8250,1,F,CS,PD,D
9:47:53,ICBP,RG,8250,3,F,CS,PD,D
9:47:53,ICBP,RG,8250,5,F,CS,AK,F
9:47:53,ICBP,RG,8250,78,D,AT,BB,D
9:47:53,ICBP,RG,8250,5,D,AT,BK,F
9:47:53,ICBP,RG,8250,110,D,AT,GR,D
9:47:53,ICBP,RG,8250,200,D,AT,CC,D
9:47:53,ICBP,RG,8250,5,D,AT,AK,F
9:47:53,ICBP,RG,8250,5,D,AT,KK,D
9:47:53,ICBP,RG,8250,1,D,AT,BB,D
9:47:53,ICBP,RG,8250,1,D,AT,YU,F
9:47:53,ICBP,RG,8250,5,D,AT,AK,F
9:47:53,ICBP,RG,8250,8,D,AT,AK,F
9:47:53,ICBP,RG,8250,1,D,AT,AK,F
9:47:53,ICBP,RG,8250,4,D,AT,AK,F
9:47:53,ICBP,RG,8250,1,D,AT,BQ,D
9:47:53,ICBP,RG,8250,5,D,AT,YU,F
9:47:53,ICBP,RG,8250,3,D,AT,LG,D
9:47:53,ICBP,RG,8250,2,D,AT,SQ,D
9:47:53,ICBP,RG,8250,5,D,AT,BQ,D
9:47:53,ICBP,RG,8250,8,D,AT,AK,F
9:47:53,ICBP,RG,8250,3,D,AT,AK,D
9:47:53,ICBP,RG,8250,1,D,AT,AK,F
9:47:53,ICBP,RG,8250,1,D,AT,AK,F
9:47:53,ICBP,RG,8250,3,D,AT,AK,D
9:47:53,ICBP,RG,8250,6,D,AT,AK,F
9:47:53,ICBP,RG,8250,50,D,AT,YP,D
9:47:53,ICBP,RG,8250,6,D,AT,AK,F
9:47:53,ICBP,RG,8250,1,D,AT,KK,D
9:47:53,ICBP,RG,8250,3,D,AT,AK,D
9:47:53,ICBP,RG,8250,4,D,AT,AK,F
9:47:53,ICBP,RG,8250,1,D,AT,AK,F
9:47:53,ICBP,RG,8250,3,D,AT,AK,D
9:47:53,ICBP,RG,8250,6,D,AT,AK,F
9:47:53,ICBP,RG,8250,5,D,AT,AK,F
9:47:53,ICBP,RG,8250,9,D,AT,SQ,D
9:47:53,ICBP,RG,8250,1,D,AT,AT,D
9:47:53,ICBP,RG,8250,2,D,AT,PD,D
9:47:53,ICBP,RG,8250,1,D,AT,GR,D
9:47:53,ICBP,RG,8250,100,D,AT,ZP,D
9:47:53,ICBP,RG,8250,47,D,AT,NI,D
9:47:19,ICBP,RG,8250,3,F,BK,NI,D
9:47:19,ICBP,RG,8250,4,F,BK,AK,F
9:47:16,ICBP,RG,8250,2,F,ZP,AK,F
9:47:16,ICBP,RG,8250,10,F,ZP,ZP,D
9:47:15,ICBP,RG,8250,36,F,AK,ZP,D
9:46:25,ICBP,RG,8250,1,F,ZP,ZP,D
9:46:24,ICBP,RG,8225,5,F,CS,BB,D
9:46:22,ICBP,RG,8225,7,F,CS,BB,D
9:46:22,ICBP,RG,8250,9,F,ZP,ZP,D
9:46:21,ICBP,RG,8225,6,F,CS,BB,D
9:46:20,ICBP,RG,8250,3,F,CS,ZP,D
9:46:20,ICBP,RG,8225,20,F,CS,BB,D
9:46:20,ICBP,RG,8225,2,D,SQ,BB,D
9:46:20,ICBP,RG,8225,1,D,PD,BB,D
9:46:20,ICBP,RG,8250,2,F,CS,ZP,D
9:46:19,ICBP,RG,8250,15,F,CS,ZP,D
9:46:19,ICBP,RG,8250,1,F,CS,ZP,D
9:46:19,ICBP,RG,8250,23,F,ZP,ZP,D
9:46:19,ICBP,RG,8250,1,F,ZP,EP,D
9:46:18,ICBP,RG,8250,4,D,YP,CC,D
9:46:18,ICBP,RG,8250,6,D,YP,AK,F
9:46:18,ICBP,RG,8250,1,D,YP,PD,D
9:46:18,ICBP,RG,8250,6,D,YP,BK,F
9:46:18,ICBP,RG,8250,55,D,YP,ZP,D
9:46:18,ICBP,RG,8225,1,D,PD,BB,D
9:46:13,ICBP,RG,8250,1,F,ZP,ZP,D
9:46:12,ICBP,RG,8225,1,D,CC,BB,D
9:46:11,ICBP,RG,8250,1,F,CS,ZP,D
9:46:10,ICBP,RG,8225,1,F,BK,BB,D
9:46:10,ICBP,RG,8250,1,F,ZP,ZP,D
9:46:09,ICBP,RG,8225,1,F,BK,BB,D
9:46:09,ICBP,RG,8250,1,F,CS,ZP,D
9:46:08,ICBP,RG,8225,3,F,BK,BB,D
9:46:08,ICBP,RG,8250,1,F,CS,ZP,D
9:46:07,ICBP,RG,8250,1,F,CS,ZP,D
9:46:07,ICBP,RG,8250,1,F,CS,ZP,D
9:46:07,ICBP,RG,8225,1,F,BK,BB,D
9:46:07,ICBP,RG,8250,4,F,ZP,ZP,D
9:46:06,ICBP,RG,8225,9,F,BK,BB,D
9:46:05,ICBP,RG,8225,2,F,BK,BB,D
9:46:05,ICBP,RG,8250,3,F,CS,ZP,D
9:46:05,ICBP,RG,8250,3,F,CS,ZP,D
9:46:04,ICBP,RG,8250,1,F,CS,ZP,D
9:46:04,ICBP,RG,8225,11,F,BK,BB,D
9:46:04,ICBP,RG,8250,18,F,ZP,ZP,D
9:46:03,ICBP,RG,8250,1,F,CS,ZP,D
9:46:03,ICBP,RG,8250,1,F,CS,ZP,D
9:46:03,ICBP,RG,8225,9,F,BK,BB,D
9:46:03,ICBP,RG,8250,1,F,CS,ZP,D
9:46:03,ICBP,RG,8250,4,F,CS,NI,D
9:46:03,ICBP,RG,8250,1,F,CS,NI,D
9:46:03,ICBP,RG,8250,1,F,CS,YU,F
9:46:03,ICBP,RG,8250,5,F,CS,YU,F
9:46:03,ICBP,RG,8250,2,F,CS,BK,F
9:46:02,ICBP,RG,8250,4,F,ZP,BK,F
9:46:02,ICBP,RG,8250,2,F,BK,BK,F
9:46:02,ICBP,RG,8250,6,F,BK,AK,F
9:46:02,ICBP,RG,8250,2,F,BK,XC,D
9:46:02,ICBP,RG,8250,1,F,BK,YP,D
9:46:02,ICBP,RG,8250,10,F,BK,OD,D
9:46:02,ICBP,RG,8225,4,F,BK,BB,D
9:46:02,ICBP,RG,8225,1,D,PD,BB,D
9:46:02,ICBP,RG,8225,1,F,CS,BB,D
9:46:02,ICBP,RG,8225,1,D,YP,BB,D
9:46:02,ICBP,RG,8225,1,D,ZP,BB,D
9:46:02,ICBP,RG,8225,1,D,NI,BB,D
9:46:01,ICBP,RG,8250,2,F,CS,OD,D
9:46:01,ICBP,RG,8250,1,F,CS,PD,D
9:46:01,ICBP,RG,8225,2,D,NI,BB,D
9:46:01,ICBP,RG,8225,8,D,PD,BB,D
9:46:01,ICBP,RG,8250,13,F,ZP,BK,F
9:46:01,ICBP,RG,8250,2,F,ZP,PD,D
9:46:01,ICBP,RG,8250,10,F,ZP,BK,F
9:46:00,ICBP,RG,8225,1,D,PD,BB,D
9:46:00,ICBP,RG,8250,6,F,CS,BK,F
9:46:00,ICBP,RG,8250,2,F,CS,BK,F
9:46:00,ICBP,RG,8225,16,D,PD,BB,D
9:46:00,ICBP,RG,8225,8,F,GW,BB,D
9:46:00,ICBP,RG,8250,4,F,CS,BK,F
9:46:00,ICBP,RG,8250,13,F,CS,BK,F
9:45:59,ICBP,RG,8250,15,F,ZP,BK,F
9:45:59,ICBP,RG,8250,4,F,BK,BK,F
9:45:59,ICBP,RG,8250,3,F,BK,SQ,D
9:45:59,ICBP,RG,8250,2,F,BK,YP,D
9:45:59,ICBP,RG,8250,1,F,BK,DR,D
9:45:59,ICBP,RG,8225,18,F,GW,BB,D
9:45:58,ICBP,RG,8250,9,F,CS,DR,D
9:45:58,ICBP,RG,8250,7,F,CS,AT,D
9:45:58,ICBP,RG,8225,1,F,GW,BB,D
9:45:58,ICBP,RG,8225,17,F,GW,BB,D
9:45:58,ICBP,RG,8250,17,F,CS,AT,D
9:45:58,ICBP,RG,8250,26,F,ZP,AT,D
9:45:58,ICBP,RG,8250,5,F,ZP,ZP,D
9:45:58,ICBP,RG,8250,5,F,ZP,PD,D
9:45:58,ICBP,RG,8250,1,F,ZP,PD,D
9:45:58,ICBP,RG,8250,3,F,ZP,LG,D
9:45:57,ICBP,RG,8225,72,F,GW,BB,D
9:45:57,ICBP,RG,8225,1,F,GW,BB,D
9:45:56,ICBP,RG,8250,7,F,ZP,LG,D
9:45:56,ICBP,RG,8250,32,F,ZP,GR,D
9:45:56,ICBP,RG,8250,2,F,ZP,XC,D
9:45:56,ICBP,RG,8250,5,F,ZP,YP,D
9:45:56,ICBP,RG,8250,29,F,ZP,LG,D
9:45:56,ICBP,RG,8250,26,F,CS,LG,D
9:45:56,ICBP,RG,8250,5,F,CS,AK,F
9:45:56,ICBP,RG,8250,8,F,CS,AK,F
9:45:56,ICBP,RG,8250,9,F,CS,YP,D
9:45:55,ICBP,RG,8250,21,F,CS,YP,D
9:45:55,ICBP,RG,8250,3,F,CS,YP,D
9:45:55,ICBP,RG,8250,1,F,CS,PD,D
9:45:55,ICBP,RG,8250,1,F,CS,AK,F
9:45:55,ICBP,RG,8250,5,F,CS,AK,F
9:45:55,ICBP,RG,8250,190,F,CS,KK,D
9:45:55,ICBP,RG,8225,1,F,GW,BB,D
9:45:55,ICBP,RG,8250,1,F,CS,KK,D
9:45:51,ICBP,RG,8250,1,D,XC,KK,D
9:45:17,ICBP,RG,8250,1,F,ZP,KK,D
9:45:16,ICBP,RG,8225,1,F,GW,BB,D
9:45:16,ICBP,RG,8250,1,F,CS,KK,D
9:45:14,ICBP,RG,8225,2,F,GW,BB,D
9:45:13,ICBP,RG,8250,2,F,ZP,KK,D
9:45:11,ICBP,RG,8225,5,F,GW,BK,F
9:44:25,ICBP,RG,8250,1,F,ZP,KK,D
9:44:23,ICBP,RG,8250,1,F,CS,KK,D
9:44:14,ICBP,RG,8225,1,F,GW,BB,D
9:44:07,ICBP,RG,8250,1,F,ZP,KK,D
9:44:06,ICBP,RG,8225,2,F,GW,BB,D
9:44:05,ICBP,RG,8250,1,F,ZP,KK,D
9:44:05,ICBP,RG,8250,1,F,CS,KK,D
9:44:04,ICBP,RG,8250,4,F,ZP,AK,F
9:44:04,ICBP,RG,8225,1,F,GW,BB,D
9:44:04,ICBP,RG,8225,2,F,BK,BB,D
9:44:03,ICBP,RG,8250,1,F,CS,AK,F
9:44:02,ICBP,RG,8250,2,F,ZP,AK,F
9:44:02,ICBP,RG,8225,12,F,BK,BB,D
9:44:01,ICBP,RG,8250,1,F,ZP,AK,F
9:44:01,ICBP,RG,8250,4,F,CS,AK,D
9:44:01,ICBP,RG,8250,1,F,CS,XC,D
9:44:00,ICBP,RG,8250,1,F,AK,XC,D
9:44:00,ICBP,RG,8250,1,F,AK,AK,F
9:44:00,ICBP,RG,8250,4,F,AK,AK,D
9:44:00,ICBP,RG,8250,1,F,AK,AK,F
9:44:00,ICBP,RG,8250,6,F,AK,AK,F
9:44:00,ICBP,RG,8250,23,F,AK,AK,F
9:44:00,ICBP,RG,8225,1,F,BK,BB,D
9:43:59,ICBP,RG,8225,3,F,BK,YU,F
9:43:49,ICBP,RG,8250,2,F,ZP,AK,F
9:43:48,ICBP,RG,8225,2,F,BK,BB,D
9:43:47,ICBP,RG,8250,1,F,CS,AK,F
9:43:44,ICBP,RG,8225,7,F,BK,BK,F
9:43:31,ICBP,RG,8225,1,F,BK,BB,D
9:43:24,ICBP,RG,8250,1,F,CS,AK,F
9:43:23,ICBP,RG,8250,1,F,ZP,AK,F
