Time,Stock,Brd,Price,Qty,BT,BC,SC,ST
15:11:24,ICBP,RG,9025,5,F,BK,PD,D
15:10:49,ICBP,RG,9025,1,F,BK,SQ,D
15:09:45,ICBP,RG,9025,12,F,BK,YP,D
15:09:06,ICBP,RG,9025,1,F,BK,KK,D
15:05:54,ICBP,RG,9025,1,F,BK,YP,D
15:05:46,ICBP,RG,9025,1,F,BK,KK,D
15:05:02,ICBP,RG,9025,20,F,BK,YP,D
15:05:02,ICBP,RG,9025,4,F,BK,PD,D
15:05:00,ICBP,RG,9025,1,F,BK,PD,D
15:00:00,ICBP,RG,9025,200,F,BK,YU,F
15:00:00,ICBP,RG,9025,15,F,BK,ZP,F
15:00:00,ICBP,RG,9025,227,F,BK,DX,D
15:00:00,ICBP,RG,9025,10,D,YP,DX,D
15:00:00,ICBP,RG,9025,20,D,NI,DX,D
15:00:00,ICBP,RG,9025,1,D,YP,DX,D
15:00:00,ICBP,RG,9025,10,D,CC,DX,D
15:00:00,ICBP,RG,9025,1,D,PD,DX,D
15:00:00,ICBP,RG,9025,1,D,NI,DX,D
15:00:00,ICBP,RG,9025,3,D,TF,DX,D
15:00:00,ICBP,RG,9025,1,D,PD,DX,D
15:00:00,ICBP,RG,9025,56,D,AZ,DX,D
15:00:00,ICBP,RG,9025,1,D,PD,DX,D
15:00:00,ICBP,RG,9025,6,D,YB,DX,D
15:00:00,ICBP,RG,9025,21,D,XC,DX,D
15:00:00,ICBP,RG,9025,5,D,AZ,DX,D
15:00:00,ICBP,RG,9025,1,D,MK,DX,D
15:00:00,ICBP,RG,9025,1,D,PD,DX,D
15:00:00,ICBP,RG,9025,100,D,PD,DX,D
15:00:00,ICBP,RG,9025,1,D,YP,DX,D
15:00:00,ICBP,RG,9025,1,D,PD,DX,D
15:00:00,ICBP,RG,9025,1,D,XC,DX,D
15:00:00,ICBP,RG,9025,1,D,YP,DX,D
15:00:00,ICBP,RG,9025,1,D,XL,DX,D
15:00:00,ICBP,RG,9025,3,D,PD,DX,D
15:00:00,ICBP,RG,9025,2,D,KK,DX,D
15:00:00,ICBP,RG,9025,5,D,DH,DX,D
15:00:00,ICBP,RG,9025,4,D,PD,DX,D
15:00:00,ICBP,RG,9025,2,D,YP,DX,D
15:00:00,ICBP,RG,9025,1,D,PD,DX,D
15:00:00,ICBP,RG,9025,1,D,XC,DX,D
15:00:00,ICBP,RG,9025,1,D,AZ,DX,D
15:00:00,ICBP,RG,9025,2,D,YP,DX,D
15:00:00,ICBP,RG,9025,2,D,LS,DX,D
15:00:00,ICBP,RG,9025,5,D,XC,DX,D
15:00:00,ICBP,RG,9025,2,D,CC,DX,D
15:00:00,ICBP,RG,9025,6,D,CC,BK,F
15:00:00,ICBP,RG,9025,1,D,PD,BK,F
15:00:00,ICBP,RG,9025,1,D,XC,BK,F
15:00:00,ICBP,RG,9025,1,D,DR,BK,F
15:00:00,ICBP,RG,9025,1,D,PD,BK,F
15:00:00,ICBP,RG,9025,1,D,XC,BK,F
15:00:00,ICBP,RG,9025,1,D,XC,BK,F
15:00:00,ICBP,RG,9025,26,F,BK,BK,F
15:00:00,ICBP,RG,9025,3,D,YP,BK,F
15:00:00,ICBP,RG,9025,5,D,XL,BK,F
15:00:00,ICBP,RG,9025,1,D,XL,BK,F
15:00:00,ICBP,RG,9025,1,D,NI,BK,F
15:00:00,ICBP,RG,9025,1,D,NI,BK,F
15:00:00,ICBP,RG,9025,10,D,XA,BK,F
15:00:00,ICBP,RG,9025,15,D,YP,BK,F
15:00:00,ICBP,RG,9025,86,F,BK,BK,F
15:00:00,ICBP,RG,9025,2,D,CC,BK,F
15:00:00,ICBP,RG,9025,1,D,YP,BK,F
15:00:00,ICBP,RG,9025,37,D,CC,BK,F
15:00:00,ICBP,RG,9025,7,D,CC,BK,F
15:00:00,ICBP,RG,9025,26,D,CC,BK,F
15:00:00,ICBP,RG,9025,130,D,CC,BK,D
15:00:00,ICBP,RG,9025,25,D,HP,BK,D
15:00:00,ICBP,RG,9025,30,D,CC,BK,D
15:00:00,ICBP,RG,9025,1,D,PD,BK,D
15:00:00,ICBP,RG,9025,10,D,NI,BK,D
15:00:00,ICBP,RG,9025,1,D,PD,BK,D
15:00:00,ICBP,RG,9025,1,D,AZ,BK,D
15:00:00,ICBP,RG,9025,10,D,CC,BK,D
15:00:00,ICBP,RG,9025,10,D,PD,BK,D
15:00:00,ICBP,RG,9025,1,D,YP,BK,D
15:00:00,ICBP,RG,9025,16,D,PD,BK,D
15:00:00,ICBP,RG,9025,14,D,PD,BK,F
15:00:00,ICBP,RG,9025,7,D,DH,BK,F
15:00:00,ICBP,RG,9025,1,D,AT,BK,F
15:00:00,ICBP,RG,9025,33,D,KK,BK,F
15:00:00,ICBP,RG,9025,2,D,DH,BK,F
15:00:00,ICBP,RG,9025,10,D,YP,BK,F
15:00:00,ICBP,RG,9025,22,D,AT,BK,F
15:00:00,ICBP,RG,9025,1,D,PD,BK,F
15:00:00,ICBP,RG,9025,1,D,PD,BK,F
15:00:00,ICBP,RG,9025,2,D,YP,BK,F
15:00:00,ICBP,RG,9025,1,D,CC,BK,F
15:00:00,ICBP,RG,9025,3,D,OD,BK,F
15:00:00,ICBP,RG,9025,10,D,CC,BK,F
15:00:00,ICBP,RG,9025,8,D,CC,BK,F
15:00:00,ICBP,RG,9025,1,D,PD,BK,F
15:00:00,ICBP,RG,9025,1,D,SQ,BK,F
15:00:00,ICBP,RG,9025,1,D,PD,BK,F
15:00:00,ICBP,RG,9025,1,D,DH,BK,F
15:00:00,ICBP,RG,9025,7,D,YP,BK,F
15:00:00,ICBP,RG,9025,1,D,CC,BK,F
15:00:00,ICBP,RG,9025,1,D,YP,BK,F
15:00:00,ICBP,RG,9025,1,D,YP,BK,F
15:00:00,ICBP,RG,9025,70,D,DH,BK,F
15:00:00,ICBP,RG,9025,1,D,XC,BK,F
15:00:00,ICBP,RG,9025,1,D,YP,BK,F
15:00:00,ICBP,RG,9025,5,D,IU,BK,F
15:00:00,ICBP,RG,9025,11,D,YP,BK,F
15:00:00,ICBP,RG,9025,2,F,ZP,BK,F
15:00:00,ICBP,RG,9025,9,F,ZP,RX,F
15:00:00,ICBP,RG,9025,276,F,ZP,RX,F
15:00:00,ICBP,RG,9025,2,F,ZP,YU,F
15:00:00,ICBP,RG,9025,318,F,ZP,KZ,F
15:00:00,ICBP,RG,9025,2,F,ZP,KZ,F
15:00:00,ICBP,RG,9025,565,F,YU,KZ,F
15:00:00,ICBP,RG,9025,6,F,YU,YU,D
15:00:00,ICBP,RG,9025,3,F,YU,YU,D
14:49:58,ICBP,RG,9075,6,F,ZP,DX,D
14:49:58,ICBP,RG,9075,6,F,ZP,DX,D
14:49:57,ICBP,RG,9050,5,D,GR,RX,F
14:49:57,ICBP,RG,9075,500,D,LG,DX,D
14:49:57,ICBP,RG,9075,500,D,LG,DX,D
14:49:57,ICBP,RG,9075,453,D,LG,DX,D
14:49:57,ICBP,RG,9075,1,D,LG,CC,D
14:49:57,ICBP,RG,9075,26,D,LG,AG,D
14:49:57,ICBP,RG,9075,15,D,LG,NI,D
14:49:57,ICBP,RG,9075,1,D,LG,PD,D
14:49:57,ICBP,RG,9075,4,D,LG,PD,D
14:49:57,ICBP,RG,9075,57,D,LG,PD,D
14:49:57,ICBP,RG,9075,1,D,LG,PD,D
14:49:57,ICBP,RG,9075,5,D,LG,NI,D
14:49:57,ICBP,RG,9075,56,D,LG,YP,D
14:49:57,ICBP,RG,9075,2,D,LG,XC,D
14:49:57,ICBP,RG,9075,5,D,LG,YP,D
14:49:57,ICBP,RG,9075,1,D,LG,CC,D
14:49:57,ICBP,RG,9075,1,D,LG,XC,D
14:49:57,ICBP,RG,9075,1,D,LG,PD,D
14:49:57,ICBP,RG,9075,56,D,LG,XC,D
14:49:57,ICBP,RG,9075,44,D,LG,YP,D
14:49:54,ICBP,RG,9075,16,F,ZP,YP,D
14:49:52,ICBP,RG,9050,1,D,LG,ZP,F
14:49:50,ICBP,RG,9075,25,F,ZP,YP,D
14:49:48,ICBP,RG,9050,7,D,LG,RX,F
14:49:46,ICBP,RG,9075,1,D,YP,YP,D
14:49:39,ICBP,RG,9075,71,F,ZP,YP,D
14:49:38,ICBP,RG,9050,2,D,LG,ZP,F
14:49:37,ICBP,RG,9050,14,D,LG,RX,F
14:49:30,ICBP,RG,9075,3,D,PD,YP,D
14:49:28,ICBP,RG,9075,50,D,KK,YP,D
14:49:24,ICBP,RG,9075,7,F,ZP,YP,D
14:49:22,ICBP,RG,9050,7,D,LG,BK,F
14:49:19,ICBP,RG,9050,10,D,LG,RX,F
14:49:18,ICBP,RG,9050,1,D,LG,ZP,F
14:49:10,ICBP,RG,9050,1,D,LG,YP,D
14:49:09,ICBP,RG,9075,1,D,BB,YP,D
14:49:08,ICBP,RG,9050,6,D,LG,RX,F
14:49:06,ICBP,RG,9050,2,D,LG,RX,F
14:49:05,ICBP,RG,9050,8,D,LG,BK,F
14:49:02,ICBP,RG,9050,8,D,LG,BK,F
14:49:00,ICBP,RG,9050,6,D,LG,RX,F
14:49:00,ICBP,RG,9050,29,D,LG,BK,F
14:49:00,ICBP,RG,9075,4,D,AK,YP,D
14:49:00,ICBP,RG,9075,8,D,AK,YP,D
14:49:00,ICBP,RG,9075,1,D,AK,YP,D
14:48:59,ICBP,RG,9050,1,D,LG,ZP,F
14:48:59,ICBP,RG,9075,5,F,ZP,YP,D
14:48:59,ICBP,RG,9075,1,F,ZP,XC,D
14:48:59,ICBP,RG,9075,88,F,ZP,CS,F
14:48:59,ICBP,RG,9075,30,F,ZP,YP,D
14:48:59,ICBP,RG,9075,1,F,ZP,NI,D
14:48:59,ICBP,RG,9075,1,F,ZP,YP,D
14:48:59,ICBP,RG,9075,3,F,ZP,CC,D
14:48:59,ICBP,RG,9075,1,F,ZP,NI,D
14:48:59,ICBP,RG,9075,7,F,ZP,DX,D
14:48:53,ICBP,RG,9075,2,F,ZP,DX,D
14:48:52,ICBP,RG,9075,1,F,ZP,DX,D
14:48:52,ICBP,RG,9075,6,D,AK,DX,D
14:48:52,ICBP,RG,9075,1,D,AK,DX,D
14:48:52,ICBP,RG,9075,1,F,ZP,DX,D
14:48:51,ICBP,RG,9050,14,D,LG,RX,F
14:48:49,ICBP,RG,9075,4,D,HP,DX,D
14:48:47,ICBP,RG,9050,1,D,LG,CC,D
14:48:41,ICBP,RG,9050,8,D,LG,RX,F
14:48:40,ICBP,RG,9050,2,D,LG,ZP,F
14:48:39,ICBP,RG,9050,143,D,LG,YP,D
14:48:39,ICBP,RG,9050,5,D,DR,YP,D
14:48:39,ICBP,RG,9050,352,D,LG,YP,D
14:48:37,ICBP,RG,9075,3,D,AK,DX,D
14:48:37,ICBP,RG,9075,1,D,AK,DX,D
14:48:33,ICBP,RG,9075,1,D,AK,DX,D
14:48:32,ICBP,RG,9050,19,D,LG,RX,F
14:48:28,ICBP,RG,9050,2,D,LG,CC,D
14:48:23,ICBP,RG,9075,4,D,XC,DX,D
14:48:22,ICBP,RG,9075,1,F,ZP,DX,D
14:48:21,ICBP,RG,9075,1,F,ZP,DX,D
14:48:11,ICBP,RG,9050,11,D,LG,RX,F
14:48:05,ICBP,RG,9050,2,D,LG,ZP,F
14:48:04,ICBP,RG,9075,14,D,KZ,DX,D
14:48:04,ICBP,RG,9075,16,D,KZ,DX,D
14:48:04,ICBP,RG,9075,80,D,KZ,DX,D
14:48:00,ICBP,RG,9050,13,D,LG,RX,F
14:47:58,ICBP,RG,9050,1,D,LG,RX,F
14:47:40,ICBP,RG,9050,6,D,LG,ZP,F
14:47:40,ICBP,RG,9075,132,F,ZP,DX,D
14:47:40,ICBP,RG,9075,1,F,ZP,CC,D
14:47:40,ICBP,RG,9075,1,F,ZP,XC,D
14:47:40,ICBP,RG,9075,2,F,ZP,XC,D
14:47:40,ICBP,RG,9075,1,F,ZP,PD,D
14:47:40,ICBP,RG,9075,1,F,ZP,XC,D
14:47:40,ICBP,RG,9075,1,F,ZP,XC,D
14:47:40,ICBP,RG,9075,2,F,ZP,CC,D
14:47:40,ICBP,RG,9075,67,F,ZP,DX,D
14:47:40,ICBP,RG,9075,2,F,ZP,XC,D
14:47:40,ICBP,RG,9075,2,F,ZP,CC,D
14:47:40,ICBP,RG,9075,1,F,ZP,YP,D
14:47:40,ICBP,RG,9075,18,F,ZP,BK,F
14:47:40,ICBP,RG,9075,40,F,ZP,BK,F
14:47:39,ICBP,RG,9075,19,F,ZP,BK,F
14:47:39,ICBP,RG,9075,63,F,ZP,DX,D
14:47:36,ICBP,RG,9050,1,D,LG,YP,D
14:47:35,ICBP,RG,9050,8,D,LG,BK,F
14:47:30,ICBP,RG,9050,17,D,LG,RX,F
14:47:26,ICBP,RG,9050,8,D,LG,BK,F
14:47:23,ICBP,RG,9050,8,D,LG,BK,F
14:47:21,ICBP,RG,9050,1,D,LG,YP,D
14:47:11,ICBP,RG,9050,15,D,LG,RX,F
14:47:09,ICBP,RG,9050,8,D,LG,BK,F
14:47:08,ICBP,RG,9050,28,D,LG,PD,D
14:47:08,ICBP,RG,9050,2,D,LG,PD,D
14:47:03,ICBP,RG,9050,8,D,LG,BK,F
14:46:52,ICBP,RG,9050,8,D,LG,RX,F
14:46:47,ICBP,RG,9050,8,D,LG,BK,F
14:46:44,ICBP,RG,9050,9,D,LG,BK,F
14:46:43,ICBP,RG,9050,8,D,LG,RX,F
14:46:38,ICBP,RG,9050,8,D,LG,BK,F
14:46:38,ICBP,RG,9050,3,D,LG,CS,F
14:46:38,ICBP,RG,9050,1,D,LG,CS,F
14:46:36,ICBP,RG,9075,25,D,LG,DX,D
14:46:33,ICBP,RG,9075,1,D,PD,DX,D
14:46:33,ICBP,RG,9050,9,D,LG,RX,F
14:46:28,ICBP,RG,9050,5,D,LG,YP,D
14:46:27,ICBP,RG,9050,3,D,LG,CS,F
14:46:27,ICBP,RG,9050,3,D,LG,CS,F
14:46:23,ICBP,RG,9050,8,D,LG,BK,F
14:46:21,ICBP,RG,9050,9,D,LG,RX,F
14:46:21,ICBP,RG,9050,7,D,LG,BK,F
14:46:20,ICBP,RG,9050,4,D,LG,PD,D
14:46:17,ICBP,RG,9050,2,D,LG,CS,F
14:46:14,ICBP,RG,9050,100,D,LG,SQ,D
14:46:13,ICBP,RG,9050,7,D,LG,XC,D
14:46:13,ICBP,RG,9050,7,D,LG,YP,D
14:46:10,ICBP,RG,9050,200,D,LG,SQ,D
14:46:09,ICBP,RG,9050,2,D,LG,CS,F
14:46:09,ICBP,RG,9050,79,D,LG,KZ,F
14:46:08,ICBP,RG,9050,9,D,LG,RX,F
14:46:08,ICBP,RG,9050,8,D,LG,BK,F
14:46:07,ICBP,RG,9050,100,D,LG,SQ,D
14:46:04,ICBP,RG,9050,78,D,LG,KZ,F
14:46:04,ICBP,RG,9050,87,D,LG,KZ,F
14:46:00,ICBP,RG,9050,3,D,LG,YP,D
14:46:00,ICBP,RG,9050,8,D,LG,BK,F
14:45:58,ICBP,RG,9050,13,D,LG,RX,F
14:45:56,ICBP,RG,9050,1,D,LG,CS,F
14:45:56,ICBP,RG,9050,5,D,LG,CS,F
14:45:53,ICBP,RG,9050,20,D,LG,KK,D
14:45:50,ICBP,RG,9050,9,D,LG,LG,D
14:45:48,ICBP,RG,9050,7,D,LG,BK,F
14:45:47,ICBP,RG,9050,2,D,LG,CS,F
14:45:44,ICBP,RG,9050,1,D,LG,KK,D
14:45:42,ICBP,RG,9050,8,D,LG,RX,F
14:45:35,ICBP,RG,9050,7,D,LG,BK,F
14:45:33,ICBP,RG,9050,9,D,LG,RX,F
14:45:26,ICBP,RG,9050,8,D,LG,BK,F
14:45:25,ICBP,RG,9050,1,D,LG,NI,D
14:45:23,ICBP,RG,9050,8,D,LG,BK,F
14:45:22,ICBP,RG,9050,8,D,LG,RX,F
14:45:21,ICBP,RG,9050,29,D,LG,PD,D
14:45:16,ICBP,RG,9050,6,D,LG,CS,F
14:45:16,ICBP,RG,9050,2,D,LG,CS,F
14:45:12,ICBP,RG,9050,18,D,LG,RX,F
14:45:10,ICBP,RG,9050,1,D,LG,ZP,F
14:45:09,ICBP,RG,9050,8,D,LG,BK,F
14:45:00,ICBP,RG,9050,5,D,LG,YP,D
14:44:57,ICBP,RG,9050,8,D,LG,BK,F
14:44:53,ICBP,RG,9050,1,D,LG,ZP,F
14:44:53,ICBP,RG,9050,22,D,LG,KK,D
14:44:53,ICBP,RG,9050,10,D,NI,KK,D
14:44:53,ICBP,RG,9050,1,F,ZP,KK,D
14:44:53,ICBP,RG,9050,87,F,ZP,KK,D
14:44:46,ICBP,RG,9050,7,F,ZP,BK,F
14:44:45,ICBP,RG,9050,8,F,ZP,RX,F
14:44:37,ICBP,RG,9050,7,F,ZP,BK,F
14:44:37,ICBP,RG,9050,1,F,ZP,BK,F
14:44:35,ICBP,RG,9050,2,F,ZP,CS,F
14:44:35,ICBP,RG,9050,3,D,PD,CS,F
14:44:35,ICBP,RG,9050,3,D,AK,CS,F
14:44:33,ICBP,RG,9050,8,D,AK,RX,F
14:44:27,ICBP,RG,9050,7,D,AK,PD,D
14:44:27,ICBP,RG,9050,2,D,DR,PD,D
14:44:27,ICBP,RG,9050,15,D,NI,PD,D
14:44:27,ICBP,RG,9050,1,F,ZP,PD,D
14:44:27,ICBP,RG,9050,1,F,ZP,PD,D
14:44:27,ICBP,RG,9050,1,D,YB,PD,D
14:44:27,ICBP,RG,9050,1,D,SQ,PD,D
14:44:27,ICBP,RG,9050,2,D,KZ,PD,D
14:44:25,ICBP,RG,9050,8,D,KZ,BK,F
14:44:21,ICBP,RG,9050,8,D,KZ,RX,F
14:44:21,ICBP,RG,9050,1,D,KZ,YP,D
14:44:19,ICBP,RG,9050,10,D,KZ,AZ,D
14:44:18,ICBP,RG,9050,2,D,KZ,YB,D
14:44:14,ICBP,RG,9050,1,D,KZ,CC,D
14:44:13,ICBP,RG,9050,1,D,KZ,ZP,F
14:44:07,ICBP,RG,9050,9,D,KZ,BK,F
14:44:04,ICBP,RG,9050,9,D,KZ,BK,F
14:43:58,ICBP,RG,9050,110,D,KZ,PD,D
14:43:57,ICBP,RG,9050,1,D,KZ,XC,D
14:43:55,ICBP,RG,9050,9,D,KZ,BK,F
14:43:40,ICBP,RG,9050,8,D,KZ,BK,F
14:43:27,ICBP,RG,9050,1,D,KZ,ZP,D
14:43:23,ICBP,RG,9050,8,D,KZ,BK,F
14:43:17,ICBP,RG,9075,55,D,DH,DX,D
14:43:17,ICBP,RG,9075,1,D,XL,DX,D
14:43:09,ICBP,RG,9050,8,D,KZ,BK,F
14:43:09,ICBP,RG,9050,1,D,KZ,ZP,F
14:43:09,ICBP,RG,9050,97,D,KZ,KZ,F
14:43:09,ICBP,RG,9050,135,F,ZP,KZ,F
14:43:09,ICBP,RG,9050,1,F,ZP,KZ,F
14:43:09,ICBP,RG,9050,31,D,KZ,KZ,F
14:43:09,ICBP,RG,9050,8,D,PD,KZ,F
14:43:09,ICBP,RG,9050,1,F,ZP,KZ,F
14:43:09,ICBP,RG,9050,283,D,LG,KZ,F
14:43:05,ICBP,RG,9050,8,D,LG,BK,F
14:43:04,ICBP,RG,9050,2,D,LG,YB,D
14:42:56,ICBP,RG,9050,9,D,LG,BK,F
14:42:48,ICBP,RG,9050,1,D,LG,PD,D
14:42:46,ICBP,RG,9050,7,D,LG,BK,F
14:42:34,ICBP,RG,9050,8,D,LG,BK,F
14:42:31,ICBP,RG,9075,2,D,PD,DX,D
14:42:30,ICBP,RG,9050,3,D,LG,ZP,F
14:42:17,ICBP,RG,9050,8,D,LG,BK,F
14:42:15,ICBP,RG,9050,10,D,LG,YP,D
14:42:10,ICBP,RG,9050,1,D,LG,YP,D
14:42:04,ICBP,RG,9050,8,D,LG,BK,F
14:41:58,ICBP,RG,9050,8,D,LG,BK,F
14:41:48,ICBP,RG,9050,8,D,LG,BK,F
14:41:48,ICBP,RG,9050,22,D,LG,YU,D
14:41:46,ICBP,RG,9050,3,D,LG,YP,D
14:41:41,ICBP,RG,9050,1,D,LG,CC,D
14:41:36,ICBP,RG,9050,8,D,LG,BK,F
14:41:22,ICBP,RG,9050,7,D,LG,BK,F
14:41:10,ICBP,RG,9050,30,D,LG,NI,D
14:41:09,ICBP,RG,9050,8,D,LG,BK,F
14:41:02,ICBP,RG,9050,7,D,LG,BK,F
14:40:55,ICBP,RG,9050,8,D,LG,BK,F
14:40:43,ICBP,RG,9050,8,D,LG,BK,F
14:40:30,ICBP,RG,9050,1,D,LG,ZP,F
14:40:27,ICBP,RG,9050,8,D,LG,BK,F
14:40:14,ICBP,RG,9050,25,D,LG,KZ,F
14:40:14,ICBP,RG,9050,1,F,ZP,KZ,F
14:40:14,ICBP,RG,9050,10,D,PD,KZ,F
14:40:14,ICBP,RG,9050,49,F,ZP,KZ,F
14:40:08,ICBP,RG,9050,9,F,ZP,BK,F
14:40:04,ICBP,RG,9050,1,F,ZP,PD,D
14:39:58,ICBP,RG,9050,8,F,ZP,BK,F
14:39:54,ICBP,RG,9075,5,D,FS,DX,D
14:39:52,ICBP,RG,9050,9,F,ZP,BK,F
14:39:26,ICBP,RG,9075,5,D,YP,DX,D
14:39:02,ICBP,RG,9050,6,F,ZP,BK,F
14:39:02,ICBP,RG,9050,1,F,ZP,BK,F
14:38:53,ICBP,RG,9050,1,F,ZP,CS,F
14:38:53,ICBP,RG,9050,2,F,ZP,CS,F
14:38:52,ICBP,RG,9050,6,D,PD,CS,F
14:38:52,ICBP,RG,9050,9,D,PD,CS,F
14:38:52,ICBP,RG,9050,22,D,PD,CS,F
14:38:52,ICBP,RG,9050,1,D,PD,ZP,F
14:38:52,ICBP,RG,9050,22,D,PD,SQ,D
14:38:51,ICBP,RG,9050,1,F,ZP,SQ,D
14:38:51,ICBP,RG,9050,1,F,ZP,SQ,D
14:38:51,ICBP,RG,9050,1,F,ZP,SQ,D
14:38:51,ICBP,RG,9050,1,D,YP,SQ,D
14:38:51,ICBP,RG,9050,4,F,ZP,SQ,D
14:38:51,ICBP,RG,9050,50,D,CC,SQ,D
14:38:51,ICBP,RG,9050,2,D,PD,SQ,D
14:38:51,ICBP,RG,9050,18,F,ZP,SQ,D
14:38:27,ICBP,RG,9050,3,F,ZP,ZP,F
14:38:05,ICBP,RG,9050,1,F,ZP,DH,D
14:37:58,ICBP,RG,9050,13,F,ZP,CC,D
14:37:42,ICBP,RG,9050,65,F,ZP,SQ,D
14:37:42,ICBP,RG,9050,1,F,ZP,SQ,D
14:37:42,ICBP,RG,9050,1,F,ZP,SQ,D
14:37:42,ICBP,RG,9050,13,D,AK,SQ,D
14:37:42,ICBP,RG,9050,20,D,AK,SQ,D
14:37:28,ICBP,RG,9050,44,D,AK,YJ,D
14:37:28,ICBP,RG,9050,4,F,ZP,YJ,D
14:37:28,ICBP,RG,9050,1,F,ZP,YJ,D
14:37:28,ICBP,RG,9050,51,D,LG,YJ,D
14:37:25,ICBP,RG,9075,1,D,PD,DX,D
14:37:23,ICBP,RG,9050,1,D,LG,NI,D
14:37:00,ICBP,RG,9050,1,D,LG,YP,D
14:36:24,ICBP,RG,9050,2,D,LG,CC,D
14:36:15,ICBP,RG,9050,445,D,LG,CC,D
14:36:15,ICBP,RG,9050,1,F,ZP,CC,D
14:36:15,ICBP,RG,9050,4,D,LG,CC,D
14:35:07,ICBP,RG,9075,5,D,YP,DX,D
14:34:53,ICBP,RG,9075,2,D,OD,DX,D
14:34:50,ICBP,RG,9050,45,D,LG,BK,F
14:34:50,ICBP,RG,9050,6,D,LG,NI,D
14:34:50,ICBP,RG,9050,25,D,LG,HP,D
14:34:50,ICBP,RG,9050,1,D,LG,ZP,F
14:34:50,ICBP,RG,9050,13,D,LG,YU,D
14:34:50,ICBP,RG,9050,85,D,LG,CS,F
14:34:50,ICBP,RG,9050,9,D,LG,BK,F
14:34:50,ICBP,RG,9050,50,D,LG,YP,D
14:34:50,ICBP,RG,9050,3,D,LG,YB,D
14:34:50,ICBP,RG,9050,3,D,LG,ZP,F
14:34:50,ICBP,RG,9050,197,D,LG,RX,F
14:34:50,ICBP,RG,9050,50,D,LG,AT,D
14:34:50,ICBP,RG,9050,7,D,LG,BK,F
14:34:50,ICBP,RG,9050,2,D,LG,CS,F
14:34:48,ICBP,RG,9025,2,F,BK,OD,D
14:34:24,ICBP,RG,9025,10,F,BK,RX,F
14:34:18,ICBP,RG,9025,3,F,BK,PD,D
14:34:06,ICBP,RG,9050,1,D,XC,CS,F
14:34:00,ICBP,RG,9025,9,F,BK,RX,F
14:33:50,ICBP,RG,9050,10,D,DH,CS,F
14:33:50,ICBP,RG,9050,3,D,DH,CS,F
14:33:50,ICBP,RG,9050,4,D,DH,CS,F
14:33:50,ICBP,RG,9050,9,D,DH,CS,F
14:33:50,ICBP,RG,9050,1,D,DH,PD,D
14:33:50,ICBP,RG,9050,28,D,DH,BK,F
14:33:44,ICBP,RG,9050,1,D,OD,BK,F
14:33:38,ICBP,RG,9025,73,F,BK,RX,F
14:33:36,ICBP,RG,9025,2,F,BK,CC,D
14:33:34,ICBP,RG,9025,1,F,BK,CC,D
14:33:26,ICBP,RG,9025,10,F,BK,RX,F
14:33:25,ICBP,RG,9050,2,D,PD,BK,F
14:33:25,ICBP,RG,9050,4,D,PD,KZ,F
14:33:17,ICBP,RG,9025,12,F,BK,PD,D
14:33:12,ICBP,RG,9050,150,D,CC,KZ,F
14:32:58,ICBP,RG,9025,2,F,BK,KK,D
14:32:53,ICBP,RG,9050,20,D,PD,KZ,F
14:32:49,ICBP,RG,9050,1,D,PD,KZ,F
14:32:45,ICBP,RG,9050,6,D,HP,KZ,F
14:32:44,ICBP,RG,9050,7,D,DR,KZ,F
14:32:42,ICBP,RG,9050,4,D,DH,KZ,F
14:32:37,ICBP,RG,9025,8,F,BK,BK,F
14:32:34,ICBP,RG,9050,117,D,LG,KZ,F
14:32:34,ICBP,RG,9050,200,D,LG,SQ,D
14:32:34,ICBP,RG,9050,156,D,LG,BK,F
14:32:34,ICBP,RG,9050,14,D,LG,YU,D
14:32:34,ICBP,RG,9050,1,D,LG,OD,D
14:32:34,ICBP,RG,9050,5,D,LG,CS,F
14:32:34,ICBP,RG,9050,7,D,LG,ZP,F
14:32:31,ICBP,RG,9025,12,F,BK,BK,F
14:32:31,ICBP,RG,9025,1,D,YP,BK,F
14:32:26,ICBP,RG,9050,5,D,LG,ZP,F
14:32:26,ICBP,RG,9050,18,D,LG,CS,F
14:32:26,ICBP,RG,9050,4,D,LG,CS,F
14:32:26,ICBP,RG,9050,473,D,LG,KZ,F
14:32:24,ICBP,RG,9050,1,F,ZP,KZ,F
14:32:24,ICBP,RG,9050,16,D,AK,KZ,F
14:32:24,ICBP,RG,9050,3,F,ZP,KZ,F
14:32:24,ICBP,RG,9050,169,D,BB,KZ,F
14:32:24,ICBP,RG,9050,10,D,CC,KZ,F
14:32:24,ICBP,RG,9050,1,D,NI,KZ,F
14:32:24,ICBP,RG,9050,1,D,DH,KZ,F
14:32:24,ICBP,RG,9050,40,D,DR,KZ,F
14:32:24,ICBP,RG,9050,1,D,XC,KZ,F
14:32:24,ICBP,RG,9050,1,F,ZP,KZ,F
14:32:24,ICBP,RG,9050,18,D,DR,KZ,F
14:32:20,ICBP,RG,9050,2,D,DR,ZP,F
14:32:20,ICBP,RG,9050,1,D,XC,ZP,F
14:32:20,ICBP,RG,9050,7,F,ZP,CS,F
14:32:20,ICBP,RG,9050,161,F,ZP,YU,D
14:32:20,ICBP,RG,9050,449,D,KZ,YU,D
14:32:20,ICBP,RG,9050,2,D,PD,YU,D
14:32:20,ICBP,RG,9050,500,D,LG,YU,D
14:32:20,ICBP,RG,9050,17,D,AK,YU,D
14:32:20,ICBP,RG,9050,2,F,ZP,YU,D
14:32:20,ICBP,RG,9050,4,D,AZ,YU,D
14:32:20,ICBP,RG,9050,5,D,PD,YU,D
14:32:20,ICBP,RG,9050,12,D,AK,YU,D
14:32:20,ICBP,RG,9050,19,D,AK,YU,D
14:32:20,ICBP,RG,9050,7,D,SQ,YU,D
14:32:20,ICBP,RG,9050,11,F,ZP,YU,D
14:32:20,ICBP,RG,9050,500,D,LG,YU,D
14:32:20,ICBP,RG,9050,1,D,SQ,YU,D
14:32:20,ICBP,RG,9050,3,D,XL,YU,D
14:32:20,ICBP,RG,9050,1,D,CC,YU,D
14:32:20,ICBP,RG,9050,2,D,YP,YU,D
14:32:20,ICBP,RG,9050,1,D,XC,YU,D
14:32:20,ICBP,RG,9050,2,D,DH,YU,D
14:32:20,ICBP,RG,9050,244,F,ZP,YU,D
14:32:20,ICBP,RG,9050,20,D,DR,YU,D
14:32:20,ICBP,RG,9050,3,D,SQ,YU,D
14:32:20,ICBP,RG,9050,6,D,PD,YU,D
14:32:20,ICBP,RG,9050,2,D,CC,YU,D
14:32:20,ICBP,RG,9050,1,D,PD,YU,D
14:32:20,ICBP,RG,9050,8,D,NI,YU,D
14:32:20,ICBP,RG,9050,5,D,NI,YU,D
14:32:20,ICBP,RG,9050,500,D,LG,YU,D
14:32:20,ICBP,RG,9050,1,D,CC,YU,D
14:32:20,ICBP,RG,9050,11,D,KK,YU,D
14:32:20,ICBP,RG,9075,1,D,OD,DX,D
14:32:03,ICBP,RG,9050,14,D,KK,BK,F
14:31:42,ICBP,RG,9050,1,D,KK,OD,D
14:31:39,ICBP,RG,9075,50,D,KK,DX,D
14:31:34,ICBP,RG,9050,8,D,KK,BK,F
14:31:27,ICBP,RG,9050,15,D,KK,BK,F
14:31:23,ICBP,RG,9050,1,D,KK,CS,F
14:31:23,ICBP,RG,9050,1,D,XC,CS,F
14:31:23,ICBP,RG,9050,2,F,ZP,CS,F
14:31:23,ICBP,RG,9050,10,D,HP,CS,F
14:31:23,ICBP,RG,9050,19,D,BB,CS,F
14:31:00,ICBP,RG,9075,1,D,OD,DX,D
14:31:00,ICBP,RG,9050,17,D,BB,BK,F
14:30:51,ICBP,RG,9075,3,F,ZP,DX,D
14:30:42,ICBP,RG,9050,1,D,BB,PD,D
14:30:38,ICBP,RG,9050,7,D,BB,BK,F
14:30:36,ICBP,RG,9050,9,D,BB,BK,F
14:30:35,ICBP,RG,9050,2,D,BB,ZP,F
14:30:12,ICBP,RG,9075,1,D,PD,DX,D
14:30:08,ICBP,RG,9050,1,D,BB,OD,D
14:30:00,ICBP,RG,9075,2,D,KK,DX,D
14:30:00,ICBP,RG,9050,17,D,BB,YU,D
14:29:47,ICBP,RG,9050,23,D,BB,BK,F
14:29:46,ICBP,RG,9075,5,D,FS,DX,D
14:29:37,ICBP,RG,9075,2,D,OD,DX,D
14:29:31,ICBP,RG,9075,1,F,ZP,DX,D
14:29:24,ICBP,RG,9075,5,D,YU,DX,D
14:29:24,ICBP,RG,9050,9,D,BB,BK,F
14:29:10,ICBP,RG,9050,15,D,BB,BK,F
14:29:09,ICBP,RG,9050,1,D,BB,ZP,F
14:28:52,ICBP,RG,9050,9,D,BB,BK,F
14:28:36,ICBP,RG,9050,1,D,BB,OD,D
14:28:25,ICBP,RG,9050,1,D,BB,ZP,F
14:28:20,ICBP,RG,9050,1,F,ZP,BK,F
14:28:20,ICBP,RG,9050,7,D,XC,BK,F
14:28:18,ICBP,RG,9050,10,D,XC,SQ,D
14:28:18,ICBP,RG,9050,1,F,ZP,SQ,D
14:28:18,ICBP,RG,9050,1,D,HP,SQ,D
14:28:18,ICBP,RG,9050,50,D,XC,SQ,D
14:28:18,ICBP,RG,9050,38,D,KZ,SQ,D
14:28:17,ICBP,RG,9075,1,D,OD,DX,D
14:28:13,ICBP,RG,9050,1,D,KZ,YP,D
14:28:11,ICBP,RG,9075,2,F,ZP,DX,D
14:28:07,ICBP,RG,9050,22,D,KZ,BK,F
14:27:47,ICBP,RG,9050,29,D,KZ,PD,D
14:27:36,ICBP,RG,9050,44,D,KZ,RX,F
14:27:25,ICBP,RG,9050,3,D,KZ,PD,D
14:27:24,ICBP,RG,9050,1,D,KZ,ZP,F
14:27:24,ICBP,RG,9050,114,D,KZ,KZ,F
14:27:24,ICBP,RG,9050,22,D,AK,KZ,F
14:27:24,ICBP,RG,9050,5,D,YP,KZ,F
14:27:24,ICBP,RG,9050,14,D,AK,KZ,F
14:27:24,ICBP,RG,9050,500,D,LG,KZ,F
14:27:24,ICBP,RG,9050,1,F,ZP,KZ,F
14:27:24,ICBP,RG,9050,5,D,PD,KZ,F
14:27:24,ICBP,RG,9050,15,D,AK,KZ,F
14:27:24,ICBP,RG,9050,10,D,KK,KZ,F
14:27:24,ICBP,RG,9050,59,F,ZP,KZ,F
14:27:18,ICBP,RG,9050,8,F,ZP,BK,F
14:27:04,ICBP,RG,9050,27,F,ZP,BK,F
14:27:04,ICBP,RG,9050,1,F,ZP,OD,D
14:26:53,ICBP,RG,9075,1,D,OD,DX,D
14:26:50,ICBP,RG,9075,3,F,ZP,DX,D
14:26:47,ICBP,RG,9050,79,F,ZP,RX,F
14:26:33,ICBP,RG,9050,20,F,ZP,RO,D
14:26:33,ICBP,RG,9050,1,D,PD,RO,D
14:26:33,ICBP,RG,9050,2,D,PD,RO,D
14:26:33,ICBP,RG,9050,56,D,AZ,RO,D
14:26:33,ICBP,RG,9050,5,D,PD,RO,D
14:26:33,ICBP,RG,9050,1,D,NI,RO,D
14:26:33,ICBP,RG,9050,25,D,GR,RO,D
14:26:20,ICBP,RG,9050,7,D,GR,BK,F
14:26:15,ICBP,RG,9050,2,D,GR,ZP,F
14:26:09,ICBP,RG,9050,23,D,GR,BK,F
14:26:01,ICBP,RG,9075,5,D,AG,DX,D
14:26:00,ICBP,RG,9050,12,D,GR,RX,F
14:25:46,ICBP,RG,9050,13,D,GR,BK,F
14:25:34,ICBP,RG,9050,18,D,GR,CS,F
14:25:34,ICBP,RG,9050,1,D,XC,CS,F
14:25:34,ICBP,RG,9050,9,D,AK,CS,F
14:25:32,ICBP,RG,9050,1,D,AK,OD,D
14:25:30,ICBP,RG,9075,2,F,ZP,DX,D
14:25:29,ICBP,RG,9075,2,D,OD,DX,D
14:25:14,ICBP,RG,9050,5,D,AK,BK,F
14:25:14,ICBP,RG,9050,1,D,XC,BK,F
14:25:14,ICBP,RG,9050,2,D,CC,BK,F
14:25:07,ICBP,RG,9050,4,D,CC,RX,F
14:25:07,ICBP,RG,9050,3,D,XC,RX,F
14:25:07,ICBP,RG,9050,1,D,AZ,RX,F
14:25:07,ICBP,RG,9050,1,D,XC,RX,F
14:25:07,ICBP,RG,9050,3,F,ZP,RX,F
14:24:48,ICBP,RG,9050,100,F,ZP,SQ,D
14:24:48,ICBP,RG,9050,23,F,ZP,BK,F
14:24:43,ICBP,RG,9050,1,F,ZP,XC,D
14:24:25,ICBP,RG,9050,12,F,ZP,NI,D
14:24:19,ICBP,RG,9050,11,F,ZP,RX,F
14:24:12,ICBP,RG,9050,1,F,ZP,ZP,F
14:24:05,ICBP,RG,9050,9,F,ZP,BK,F
14:24:05,ICBP,RG,9075,1,D,OD,DX,D
14:24:04,ICBP,RG,9050,1,F,ZP,OD,D
14:24:00,ICBP,RG,9050,13,F,ZP,YU,D
14:23:52,ICBP,RG,9075,38,D,AK,DX,D
14:23:41,ICBP,RG,9050,1,F,ZP,PD,D
14:23:39,ICBP,RG,9050,31,F,ZP,BK,F
14:23:36,ICBP,RG,9050,12,F,ZP,RX,F
14:23:19,ICBP,RG,9050,11,F,ZP,CC,D
14:22:58,ICBP,RG,9050,8,F,ZP,BK,F
14:22:58,ICBP,RG,9050,1,F,ZP,ZP,F
14:22:45,ICBP,RG,9075,1,D,OD,DX,D
14:22:34,ICBP,RG,9050,1,F,ZP,OD,D
14:22:23,ICBP,RG,9050,31,F,ZP,BK,F
14:22:18,ICBP,RG,9050,25,F,ZP,CC,D
14:22:17,ICBP,RG,9050,2,F,ZP,KK,D
14:21:47,ICBP,RG,9050,9,F,ZP,BK,F
14:21:23,ICBP,RG,9075,2,D,OD,DX,D
14:21:20,ICBP,RG,9050,1,F,ZP,XC,D
14:21:13,ICBP,RG,9050,7,F,ZP,NI,D
14:21:04,ICBP,RG,9050,34,F,ZP,BK,F
14:21:04,ICBP,RG,9050,1,F,ZP,OD,D
14:20:50,ICBP,RG,9050,7,F,ZP,BK,F
14:20:40,ICBP,RG,9050,3,F,ZP,ZP,F
14:20:31,ICBP,RG,9075,6,F,ZP,DX,D
14:20:24,ICBP,RG,9075,72,F,ZP,DX,D
14:19:59,ICBP,RG,9075,1,D,OD,DX,D
14:19:58,ICBP,RG,9050,23,F,ZP,BK,F
14:19:58,ICBP,RG,9050,1,D,NI,BK,F
14:19:58,ICBP,RG,9050,1,D,XC,BK,F
14:19:58,ICBP,RG,9050,1,D,YP,BK,F
14:19:58,ICBP,RG,9050,3,F,ZP,BK,F
14:19:49,ICBP,RG,9050,8,D,LG,BK,F
14:19:41,ICBP,RG,9050,31,D,LG,CS,F
14:19:28,ICBP,RG,9050,12,D,LG,BK,F
14:19:28,ICBP,RG,9050,2,D,LG,OD,D
14:19:15,ICBP,RG,9075,1,D,NI,DX,D
14:19:13,ICBP,RG,9050,15,D,LG,HP,D
14:19:07,ICBP,RG,9075,11,D,HP,DX,D
14:18:45,ICBP,RG,9050,8,D,LG,BK,F
14:18:43,ICBP,RG,9050,21,D,LG,BK,F
14:18:39,ICBP,RG,9075,1,D,OD,DX,D
14:18:38,ICBP,RG,9075,5,D,HP,DX,D
14:18:36,ICBP,RG,9050,4,D,LG,PD,D
14:18:30,ICBP,RG,9050,2,D,LG,ZP,F
14:18:30,ICBP,RG,9075,107,F,ZP,DX,D
14:18:29,ICBP,RG,9050,47,D,LG,SQ,D
14:18:29,ICBP,RG,9050,1,D,YP,SQ,D
14:18:29,ICBP,RG,9050,12,F,ZP,SQ,D
14:18:29,ICBP,RG,9050,67,D,BB,SQ,D
14:18:29,ICBP,RG,9050,10,D,ZP,SQ,D
14:18:29,ICBP,RG,9050,63,D,PD,SQ,D
14:18:11,ICBP,RG,9075,3,F,ZP,DX,D
14:18:10,ICBP,RG,9050,12,D,PD,PD,D
14:18:10,ICBP,RG,9050,18,D,PD,PD,D
14:18:05,ICBP,RG,9050,37,D,PD,RX,F
14:18:05,ICBP,RG,9050,3,D,YP,RX,F
14:18:05,ICBP,RG,9050,10,D,KZ,RX,F
14:18:00,ICBP,RG,9050,15,D,KZ,YU,D
14:17:58,ICBP,RG,9075,1,D,PD,DX,D
14:17:56,ICBP,RG,9050,1,D,KZ,OD,D
14:17:53,ICBP,RG,9050,30,D,KZ,PD,D
14:17:50,ICBP,RG,9050,7,D,KZ,BK,F
14:17:19,ICBP,RG,9075,1,D,OD,DX,D
14:17:14,ICBP,RG,9075,3,D,YP,DX,D
14:17:12,ICBP,RG,9050,37,D,KZ,BK,F
14:16:57,ICBP,RG,9075,2,D,YP,DX,D
14:16:51,ICBP,RG,9075,3,F,ZP,DX,D
14:16:44,ICBP,RG,9050,2,D,KZ,ZP,F
14:16:44,ICBP,RG,9050,112,D,KZ,KZ,F
14:16:44,ICBP,RG,9050,5,D,YP,KZ,F
14:16:44,ICBP,RG,9050,11,D,AK,KZ,F
14:16:44,ICBP,RG,9050,5,D,XL,KZ,F
14:16:44,ICBP,RG,9050,4,D,CC,KZ,F
14:16:44,ICBP,RG,9050,1,D,PD,KZ,F
14:16:44,ICBP,RG,9050,350,D,YB,KZ,F
14:16:43,ICBP,RG,9050,8,D,YB,BK,F
14:16:23,ICBP,RG,9075,4,D,XC,DX,D
14:16:23,ICBP,RG,9050,18,D,YB,BK,F
14:16:22,ICBP,RG,9050,1,D,YB,OD,D
14:15:57,ICBP,RG,9050,2,D,YB,GR,D
14:15:57,ICBP,RG,9075,2,D,OD,DX,D
14:15:56,ICBP,RG,9075,1,D,NI,DX,D
14:15:47,ICBP,RG,9075,8,D,YJ,DX,D
14:15:31,ICBP,RG,9075,2,F,ZP,DX,D
14:15:30,ICBP,RG,9050,9,D,YB,BK,F
14:15:28,ICBP,RG,9075,33,F,ZP,DX,D
14:15:23,ICBP,RG,9050,12,D,YB,BK,F
14:15:23,ICBP,RG,9050,11,D,AK,BK,F
14:15:23,ICBP,RG,9050,1,D,YP,BK,F
14:15:23,ICBP,RG,9050,1,D,SQ,BK,F
14:15:20,ICBP,RG,9075,1,D,HP,DX,D
14:14:51,ICBP,RG,9050,1,D,SQ,PD,D
14:14:46,ICBP,RG,9075,1,D,XC,DX,D
14:14:31,ICBP,RG,9075,1,D,XC,DX,D
14:14:18,ICBP,RG,9050,3,D,SQ,BK,F
14:14:18,ICBP,RG,9050,6,D,YB,BK,F
14:14:13,ICBP,RG,9050,2,D,YB,KK,D
14:14:13,ICBP,RG,9050,10,D,CC,KK,D
14:14:13,ICBP,RG,9050,1,D,PD,KK,D
14:14:13,ICBP,RG,9050,5,D,NI,KK,D
14:14:13,ICBP,RG,9050,5,D,NI,KK,D
14:14:13,ICBP,RG,9050,12,D,AK,KK,D
14:14:13,ICBP,RG,9050,2,D,YP,KK,D
14:14:13,ICBP,RG,9050,1,F,ZP,KK,D
14:14:13,ICBP,RG,9050,22,D,LG,KK,D
14:14:10,ICBP,RG,9075,3,F,ZP,DX,D
14:14:09,ICBP,RG,9050,28,D,LG,RX,F
14:14:06,ICBP,RG,9050,1,D,LG,ZP,F
14:13:44,ICBP,RG,9050,31,D,LG,BK,F
14:13:24,ICBP,RG,9050,1,D,LG,OD,D
14:13:16,ICBP,RG,9050,8,D,LG,BK,F
14:13:11,ICBP,RG,9075,1,D,OD,DX,D
14:12:59,ICBP,RG,9050,1,D,LG,CC,D
14:12:59,ICBP,RG,9050,2,D,LG,XC,D
14:12:51,ICBP,RG,9075,3,F,ZP,DX,D
14:12:50,ICBP,RG,9050,1,D,LG,KK,D
14:12:47,ICBP,RG,9075,1,D,YP,DX,D
14:12:46,ICBP,RG,9050,1,D,LG,XC,D
14:12:33,ICBP,RG,9050,27,D,LG,CS,F
14:12:20,ICBP,RG,9050,2,D,LG,ZP,F
14:12:15,ICBP,RG,9050,17,D,LG,RX,F
14:12:15,ICBP,RG,9050,2,D,LG,YP,D
14:12:10,ICBP,RG,9050,8,D,LG,BK,F
14:12:06,ICBP,RG,9050,28,D,LG,BK,F
14:12:00,ICBP,RG,9050,17,D,LG,YU,D
14:11:42,ICBP,RG,9050,1,D,LG,CC,D
14:11:37,ICBP,RG,9075,1,D,XC,DX,D
14:11:31,ICBP,RG,9075,2,F,ZP,DX,D
14:11:19,ICBP,RG,9050,34,D,LG,LG,D
14:11:17,ICBP,RG,9075,1,D,PD,DX,D
14:11:07,ICBP,RG,9050,8,D,LG,RX,F
14:11:06,ICBP,RG,9050,8,D,LG,BK,F
14:11:01,ICBP,RG,9050,1,D,LG,ZP,F
14:10:54,ICBP,RG,9050,1,D,LG,BK,F
14:10:54,ICBP,RG,9050,1,D,YP,BK,F
14:10:54,ICBP,RG,9050,1,F,ZP,BK,F
14:10:54,ICBP,RG,9050,13,F,ZP,BK,F
14:10:54,ICBP,RG,9050,4,D,YP,BK,F
14:10:53,ICBP,RG,9050,1,D,YP,PD,D
14:10:31,ICBP,RG,9075,1,D,OD,DX,D
14:10:23,ICBP,RG,9050,1,D,YP,OD,D
14:10:11,ICBP,RG,9075,2,F,ZP,DX,D
14:10:05,ICBP,RG,9050,8,D,YP,BK,F
14:09:40,ICBP,RG,9075,1,D,NI,DX,D
14:09:31,ICBP,RG,9075,3,F,ZP,DX,D
14:09:08,ICBP,RG,9050,2,D,YP,ZP,F
14:09:04,ICBP,RG,9050,7,D,YP,BK,F
14:08:41,ICBP,RG,9050,38,D,YP,BK,F
14:08:25,ICBP,RG,9075,1,D,YP,DX,D
14:08:10,ICBP,RG,9050,29,D,YP,PD,D
14:08:10,ICBP,RG,9075,1,F,ZP,DX,D
14:08:09,ICBP,RG,9050,7,D,YP,BK,F
14:07:47,ICBP,RG,9075,1,D,OD,DX,D
14:07:43,ICBP,RG,9050,1,D,YP,PD,D
14:07:42,ICBP,RG,9050,2,D,YP,CC,D
14:07:42,ICBP,RG,9050,1,F,ZP,CC,D
14:07:14,ICBP,RG,9050,1,F,ZP,YP,D
14:07:14,ICBP,RG,9050,39,F,ZP,YP,D
14:07:06,ICBP,RG,9050,8,F,ZP,BK,F
14:07:04,ICBP,RG,9050,30,F,ZP,PD,D
14:07:01,ICBP,RG,9075,6,D,FS,DX,D
14:06:51,ICBP,RG,9075,3,F,ZP,DX,D
14:06:32,ICBP,RG,9050,3,F,ZP,PD,D
14:06:32,ICBP,RG,9050,38,F,ZP,RX,F
14:06:24,ICBP,RG,9050,1,F,ZP,ZP,F
14:06:24,ICBP,RG,9050,21,F,ZP,KZ,F
14:06:24,ICBP,RG,9050,1,D,OD,KZ,F
14:06:24,ICBP,RG,9050,34,D,BB,KZ,F
14:06:24,ICBP,RG,9050,10,D,LS,KZ,F
14:06:24,ICBP,RG,9050,27,D,GR,KZ,F
14:06:24,ICBP,RG,9050,1,D,KK,KZ,F
14:06:24,ICBP,RG,9050,1,D,YP,KZ,F
14:06:24,ICBP,RG,9050,2,D,YP,KZ,F
14:06:24,ICBP,RG,9050,100,D,YP,KZ,F
14:06:24,ICBP,RG,9050,219,D,LG,KZ,F
14:06:20,ICBP,RG,9050,30,D,LG,CS,F
14:06:18,ICBP,RG,9075,1,D,PD,DX,D
14:06:07,ICBP,RG,9075,1,D,PD,DX,D
14:06:03,ICBP,RG,9050,1,D,LG,RX,F
14:06:03,ICBP,RG,9050,1,D,NI,RX,F
14:06:03,ICBP,RG,9050,20,D,KZ,RX,F
14:05:59,ICBP,RG,9050,8,D,KZ,BK,F
14:05:56,ICBP,RG,9050,2,D,KZ,PD,D
14:05:56,ICBP,RG,9050,27,D,LG,PD,D
14:05:50,ICBP,RG,9050,1,D,LG,OD,D
14:05:31,ICBP,RG,9075,3,F,ZP,DX,D
14:05:31,ICBP,RG,9075,100,D,CC,DX,D
14:05:12,ICBP,RG,9075,2,D,PD,DX,D
14:05:07,ICBP,RG,9075,1,D,OD,DX,D
14:04:55,ICBP,RG,9050,8,D,LG,BK,F
14:04:41,ICBP,RG,9050,10,D,LG,NI,D
14:04:11,ICBP,RG,9075,3,F,ZP,DX,D
14:04:00,ICBP,RG,9050,1,D,LG,AT,D
14:03:51,ICBP,RG,9050,8,D,LG,BK,F
14:03:40,ICBP,RG,9050,1,D,LG,XC,D
14:03:39,ICBP,RG,9050,1,D,LG,ZP,F
14:03:28,ICBP,RG,9050,1,D,LG,HP,D
14:03:18,ICBP,RG,9050,1,D,LG,XC,D
14:03:05,ICBP,RG,9050,8,D,LG,RX,F
14:03:01,ICBP,RG,9050,5,D,LG,KK,D
14:03:00,ICBP,RG,9050,14,D,LG,YU,D
14:02:51,ICBP,RG,9050,8,D,LG,BK,F
14:02:51,ICBP,RG,9075,3,F,ZP,DX,D
14:02:46,ICBP,RG,9050,1,D,LG,OD,D
14:02:23,ICBP,RG,9075,1,D,OD,DX,D
14:02:03,ICBP,RG,9050,13,D,LG,RX,F
14:02:00,ICBP,RG,9050,1,D,LG,XC,D
14:01:43,ICBP,RG,9050,8,D,LG,BK,F
14:01:01,ICBP,RG,9075,1,D,OD,DX,D
14:00:56,ICBP,RG,9050,2,D,LG,XC,D
14:00:53,ICBP,RG,9050,20,D,LG,HP,D
14:00:53,ICBP,RG,9050,1,D,LG,XC,D
14:00:31,ICBP,RG,9050,9,D,LG,BK,F
14:00:22,ICBP,RG,9050,10,D,LG,RX,F
13:59:42,ICBP,RG,9050,1,D,LG,OD,D
13:59:28,ICBP,RG,9050,8,D,LG,BK,F
13:59:24,ICBP,RG,9050,10,D,LG,RX,F
13:59:21,ICBP,RG,9050,29,D,LG,CS,F
13:59:12,ICBP,RG,9050,30,D,LG,PD,D
13:58:51,ICBP,RG,9075,1,D,YP,DX,D
13:58:31,ICBP,RG,9050,13,D,LG,RX,F
13:58:21,ICBP,RG,9075,1,D,OD,DX,D
13:58:16,ICBP,RG,9050,9,D,LG,BK,F
13:58:09,ICBP,RG,9050,30,D,LG,PD,D
13:57:43,ICBP,RG,9050,29,D,LG,PD,D
13:57:29,ICBP,RG,9050,30,D,LG,PD,D
13:57:28,ICBP,RG,9050,13,D,LG,RX,F
13:57:19,ICBP,RG,9075,1,D,PD,DX,D
13:57:10,ICBP,RG,9050,8,D,LG,BK,F
13:57:01,ICBP,RG,9050,6,D,LG,XC,D
13:57:00,ICBP,RG,9075,1,D,GR,DX,D
13:56:58,ICBP,RG,9050,6,D,LG,DH,D
13:56:34,ICBP,RG,9050,1,D,LG,OD,D
13:56:24,ICBP,RG,9050,60,D,LG,RX,F
13:56:18,ICBP,RG,9050,2,D,LG,HP,D
13:56:05,ICBP,RG,9050,8,D,LG,BK,F
13:55:50,ICBP,RG,9050,5,D,LG,YP,D
13:55:38,ICBP,RG,9050,43,D,LG,PD,D
13:55:38,ICBP,RG,9050,1,D,CC,PD,D
13:55:38,ICBP,RG,9050,6,D,AZ,PD,D
13:55:08,ICBP,RG,9075,3,D,EP,DX,D
13:55:04,ICBP,RG,9050,7,D,AZ,BK,F
13:55:04,ICBP,RG,9050,1,D,XC,BK,F
13:55:03,ICBP,RG,9075,1,D,XC,DX,D
13:54:31,ICBP,RG,9075,10,D,AK,DX,D
13:54:31,ICBP,RG,9075,7,D,AK,DX,D
13:54:31,ICBP,RG,9075,13,D,AK,DX,D
13:54:31,ICBP,RG,9075,1,D,OD,DX,D
13:54:31,ICBP,RG,9075,5,F,ZP,DX,D
13:54:31,ICBP,RG,9075,131,D,KZ,DX,D
13:54:31,ICBP,RG,9075,1,D,YP,DX,D
13:54:31,ICBP,RG,9075,2,D,XC,DX,D
13:54:31,ICBP,RG,9075,2,D,PD,DX,D
13:54:31,ICBP,RG,9075,2,F,ZP,DX,D
13:54:31,ICBP,RG,9075,119,D,BB,DX,D
13:54:31,ICBP,RG,9075,4,F,ZP,DX,D
13:54:31,ICBP,RG,9075,26,D,AK,DX,D
13:54:31,ICBP,RG,9075,1,D,NI,DX,D
13:54:31,ICBP,RG,9075,2,D,YP,DX,D
13:54:31,ICBP,RG,9075,1,D,CC,DX,D
13:54:31,ICBP,RG,9075,3,D,YU,DX,D
13:54:31,ICBP,RG,9075,250,D,TP,DX,D
13:54:31,ICBP,RG,9075,30,D,YP,DX,D
13:54:31,ICBP,RG,9075,1,D,NI,DX,D
13:54:31,ICBP,RG,9075,2,F,ZP,DX,D
13:54:31,ICBP,RG,9075,59,F,ZP,DX,D
13:54:31,ICBP,RG,9075,2,D,YP,DX,D
13:54:31,ICBP,RG,9075,2,F,ZP,DX,D
13:54:31,ICBP,RG,9075,10,D,AK,DX,D
13:54:31,ICBP,RG,9075,13,D,AK,DX,D
13:54:31,ICBP,RG,9075,424,F,ZP,DX,D
13:54:31,ICBP,RG,9075,158,D,LG,DX,D
13:54:19,ICBP,RG,9075,1,D,LG,XC,D
13:54:18,ICBP,RG,9075,1,D,LG,PD,D
13:53:56,ICBP,RG,9075,7,D,LG,BK,F
13:53:29,ICBP,RG,9100,47,F,ZP,SQ,D
13:53:26,ICBP,RG,9075,1,D,LG,OD,D
13:52:55,ICBP,RG,9100,1,D,OD,SQ,D
13:52:40,ICBP,RG,9075,8,D,LG,BK,F
13:52:33,ICBP,RG,9075,8,D,LG,NI,D
13:52:09,ICBP,RG,9075,1,D,LG,XC,D
13:52:03,ICBP,RG,9075,29,D,LG,PD,D
13:51:50,ICBP,RG,9075,30,D,LG,PD,D
13:51:49,ICBP,RG,9075,1,D,LG,PD,D
13:51:33,ICBP,RG,9100,23,D,BB,SQ,D
13:51:28,ICBP,RG,9075,5,D,LG,PD,D
13:51:28,ICBP,RG,9075,2,F,ZP,PD,D
13:51:28,ICBP,RG,9075,10,F,GR,PD,D
13:51:28,ICBP,RG,9075,9,F,ZP,PD,D
13:51:28,ICBP,RG,9075,4,D,BB,PD,D
13:51:24,ICBP,RG,9075,8,D,BB,BK,F
13:51:11,ICBP,RG,9075,17,D,BB,PD,D
13:51:11,ICBP,RG,9075,12,F,ZP,PD,D
13:50:41,ICBP,RG,9100,80,D,LG,SQ,D
13:50:25,ICBP,RG,9100,12,F,ZP,SQ,D
13:50:25,ICBP,RG,9100,5,F,ZP,DR,D
13:50:25,ICBP,RG,9100,1,F,ZP,XC,D
13:50:25,ICBP,RG,9100,9,F,ZP,KK,D
13:50:24,ICBP,RG,9075,1,F,ZP,OD,D
13:50:17,ICBP,RG,9100,1,D,PD,KK,D
13:50:15,ICBP,RG,9100,1,D,OD,KK,D
13:50:11,ICBP,RG,9100,3,F,ZP,KK,D
13:50:03,ICBP,RG,9075,9,F,ZP,BK,F
13:49:54,ICBP,RG,9100,61,D,LG,KK,D
13:49:54,ICBP,RG,9100,50,D,LG,YJ,D
13:49:54,ICBP,RG,9100,3,D,LG,NI,D
13:49:54,ICBP,RG,9100,25,D,LG,GR,D
13:49:54,ICBP,RG,9100,1,D,LG,KK,D
13:49:54,ICBP,RG,9100,3,D,LG,DH,D
13:49:54,ICBP,RG,9100,10,D,LG,PD,D
13:49:54,ICBP,RG,9100,1,D,LG,NI,D
13:49:54,ICBP,RG,9100,6,D,LG,CC,D
13:49:54,ICBP,RG,9100,4,D,LG,XC,D
13:49:54,ICBP,RG,9100,1,D,LG,YP,D
13:49:54,ICBP,RG,9100,2,D,LG,DR,D
13:49:54,ICBP,RG,9100,2,D,LG,XC,D
13:49:54,ICBP,RG,9100,1,D,LG,KK,D
13:49:54,ICBP,RG,9100,100,D,LG,SQ,D
13:49:54,ICBP,RG,9100,2,D,LG,SQ,D
13:49:54,ICBP,RG,9100,1,D,LG,SQ,D
13:49:54,ICBP,RG,9100,50,D,LG,EP,D
13:49:54,ICBP,RG,9100,125,D,LG,KK,D
13:49:54,ICBP,RG,9100,10,D,LG,CC,D
13:49:54,ICBP,RG,9100,1,D,LG,LG,D
13:49:54,ICBP,RG,9100,10,D,LG,DR,D
13:49:54,ICBP,RG,9100,3,D,LG,CC,D
13:49:54,ICBP,RG,9100,28,D,LG,DR,D
13:49:11,ICBP,RG,9075,5,F,ZP,EP,D
13:48:54,ICBP,RG,9075,7,F,ZP,BK,F
13:48:49,ICBP,RG,9100,2,F,ZP,DR,D
13:48:48,ICBP,RG,9075,20,F,ZP,LG,D
13:48:48,ICBP,RG,9075,20,D,KZ,LG,D
13:48:24,ICBP,RG,9100,20,F,ZP,DR,D
13:48:24,ICBP,RG,9100,2,F,ZP,CC,D
13:48:24,ICBP,RG,9100,1,F,ZP,XC,D
13:48:24,ICBP,RG,9100,1,F,ZP,XC,D
13:48:24,ICBP,RG,9100,25,F,ZP,YP,D
13:48:24,ICBP,RG,9100,4,F,ZP,SQ,D
13:48:24,ICBP,RG,9100,4,F,ZP,CC,D
13:48:24,ICBP,RG,9100,2,F,ZP,XC,D
13:48:24,ICBP,RG,9100,2,F,ZP,PD,D
13:48:24,ICBP,RG,9100,5,F,ZP,PD,D
13:48:24,ICBP,RG,9100,2,F,ZP,XC,D
13:48:24,ICBP,RG,9100,16,F,ZP,PD,D
13:48:24,ICBP,RG,9100,16,F,ZP,KZ,F
13:48:24,ICBP,RG,9100,2,F,ZP,NI,D
13:48:24,ICBP,RG,9100,4,F,ZP,PD,D
13:48:24,ICBP,RG,9100,1,F,ZP,SQ,D
13:48:24,ICBP,RG,9100,2,F,ZP,PD,D
13:48:24,ICBP,RG,9100,10,F,ZP,YP,D
13:48:24,ICBP,RG,9100,23,F,ZP,PD,D
13:48:10,ICBP,RG,9100,2,F,ZP,PD,D
13:48:10,ICBP,RG,9100,1,F,ZP,PD,D
13:47:49,ICBP,RG,9075,1,D,KZ,PD,D
13:47:44,ICBP,RG,9075,8,D,KZ,BK,F
13:47:29,ICBP,RG,9100,1,D,OD,PD,D
13:47:23,ICBP,RG,9075,13,D,KZ,CC,D
13:46:37,ICBP,RG,9075,37,D,KZ,XL,D
13:46:19,ICBP,RG,9100,1,D,PD,PD,D
13:46:05,ICBP,RG,9100,1,D,OD,PD,D
13:45:50,ICBP,RG,9075,1,D,KZ,OD,D
13:45:23,ICBP,RG,9100,2,F,ZP,PD,D
13:45:23,ICBP,RG,9100,34,F,ZP,KZ,F
13:44:01,ICBP,RG,9100,1,D,CC,KZ,F
13:43:39,ICBP,RG,9100,12,F,ZP,KZ,F
13:43:39,ICBP,RG,9100,31,F,ZP,GR,D
13:43:39,ICBP,RG,9075,8,D,KZ,CS,F
13:43:39,ICBP,RG,9075,1,D,KZ,CS,F
13:43:39,ICBP,RG,9075,9,D,KZ,NI,D
13:43:39,ICBP,RG,9075,1,D,KZ,NI,D
13:43:39,ICBP,RG,9075,1,D,KZ,BK,F
13:43:39,ICBP,RG,9075,2,D,KZ,NI,D
13:43:39,ICBP,RG,9075,10,D,KZ,KZ,F
13:43:34,ICBP,RG,9075,3,F,ZP,KZ,F
13:43:34,ICBP,RG,9075,1,D,KZ,KZ,F
13:43:34,ICBP,RG,9075,15,D,KZ,CS,F
13:43:34,ICBP,RG,9075,2,D,KZ,EP,D
13:43:34,ICBP,RG,9075,12,D,KZ,XC,D
13:43:34,ICBP,RG,9075,2,D,KZ,SQ,D
13:43:34,ICBP,RG,9075,12,D,KZ,YP,D
13:43:34,ICBP,RG,9075,96,D,KZ,YP,D
13:43:34,ICBP,RG,9075,3,D,KZ,PD,D
13:43:34,ICBP,RG,9075,5,D,KZ,PD,D
13:43:34,ICBP,RG,9075,1,D,KZ,PD,D
13:43:34,ICBP,RG,9075,1,D,KZ,XC,D
13:43:34,ICBP,RG,9075,70,D,KZ,DX,D
13:43:33,ICBP,RG,9075,10,F,GR,DX,D
13:43:30,ICBP,RG,9075,57,D,LG,DX,D
13:43:30,ICBP,RG,9075,2,D,LG,PD,D
13:43:30,ICBP,RG,9075,3,D,LG,YP,D
13:43:30,ICBP,RG,9075,275,D,LG,DX,D
13:43:30,ICBP,RG,9075,1,D,LG,XC,D
13:43:30,ICBP,RG,9075,2,D,LG,CC,D
13:43:30,ICBP,RG,9075,1,D,LG,YP,D
13:43:30,ICBP,RG,9075,1,D,LG,YP,D
13:43:30,ICBP,RG,9075,2,D,LG,NI,D
13:43:30,ICBP,RG,9075,40,D,LG,YP,D
13:43:30,ICBP,RG,9075,2,D,LG,SQ,D
13:43:30,ICBP,RG,9075,124,D,LG,XC,D
13:43:30,ICBP,RG,9075,4,D,LG,XC,D
13:43:30,ICBP,RG,9075,2,D,LG,CC,D
13:43:30,ICBP,RG,9075,1,D,LG,YP,D
13:43:30,ICBP,RG,9075,1,D,LG,LG,D
13:43:30,ICBP,RG,9075,2,D,LG,SQ,D
13:43:30,ICBP,RG,9075,23,D,LG,CC,D
13:43:30,ICBP,RG,9075,1,D,LG,PD,D
13:43:30,ICBP,RG,9075,10,D,LG,CC,D
13:43:30,ICBP,RG,9075,42,D,LG,KZ,F
13:43:30,ICBP,RG,9075,200,D,LG,SQ,D
13:43:30,ICBP,RG,9075,1,D,LG,KK,D
13:43:30,ICBP,RG,9075,6,D,LG,HP,D
13:43:30,ICBP,RG,9075,50,D,LG,CC,D
13:43:30,ICBP,RG,9075,4,D,LG,BK,F
13:43:30,ICBP,RG,9075,15,D,LG,BK,F
13:43:30,ICBP,RG,9075,101,D,LG,YP,D
13:43:30,ICBP,RG,9075,4,D,LG,PD,D
13:43:30,ICBP,RG,9075,10,D,LG,XC,D
13:43:30,ICBP,RG,9075,8,D,LG,BK,F
13:43:30,ICBP,RG,9075,1,D,LG,NI,D
13:43:30,ICBP,RG,9075,1,D,LG,PD,D
13:43:30,ICBP,RG,9075,20,D,LG,YP,D
13:43:30,ICBP,RG,9075,3,D,LG,PD,D
13:43:25,ICBP,RG,9075,1,D,OD,PD,D
13:42:05,ICBP,RG,9075,1,D,OD,PD,D
13:41:54,ICBP,RG,9050,9,D,KZ,CS,F
13:41:54,ICBP,RG,9050,8,D,KZ,CS,F
13:41:54,ICBP,RG,9050,6,D,KZ,BK,F
13:41:54,ICBP,RG,9050,32,D,KZ,KZ,F
13:41:54,ICBP,RG,9050,13,D,KZ,BK,F
13:41:53,ICBP,RG,9050,9,F,ZP,BK,F
13:41:52,ICBP,RG,9050,22,D,YP,BK,F
13:41:52,ICBP,RG,9050,5,D,YP,ZP,F
13:41:52,ICBP,RG,9050,9,D,YP,CS,F
13:41:52,ICBP,RG,9050,368,D,YP,KZ,F
13:41:52,ICBP,RG,9050,2,D,YP,EP,D
13:41:52,ICBP,RG,9050,1,D,YP,NI,D
13:41:52,ICBP,RG,9050,11,D,YP,YP,D
13:41:52,ICBP,RG,9050,34,D,YP,BK,F
13:41:52,ICBP,RG,9050,17,D,YP,YU,D
13:41:52,ICBP,RG,9050,3,D,YP,LG,D
13:41:52,ICBP,RG,9050,14,D,YP,BK,F
13:41:52,ICBP,RG,9050,65,D,YP,RX,F
13:41:52,ICBP,RG,9050,3,D,YP,NI,D
13:41:52,ICBP,RG,9050,8,D,YP,LG,D
13:41:52,ICBP,RG,9050,2,D,YP,DH,D
13:41:52,ICBP,RG,9050,4,D,YP,CS,F
13:41:52,ICBP,RG,9050,35,D,YP,BK,F
13:41:52,ICBP,RG,9050,2,D,YP,CS,F
13:41:52,ICBP,RG,9050,2,D,YP,EP,D
13:41:52,ICBP,RG,9050,2,D,YP,ZP,F
13:41:52,ICBP,RG,9050,44,D,YP,RX,F
13:41:52,ICBP,RG,9050,100,D,YP,SQ,D
13:41:52,ICBP,RG,9050,12,D,YP,CS,F
13:41:52,ICBP,RG,9050,16,D,YP,YU,D
13:41:52,ICBP,RG,9050,4,D,YP,CS,F
13:41:52,ICBP,RG,9050,15,D,YP,BK,F
13:41:52,ICBP,RG,9050,5,D,YP,SQ,D
13:41:52,ICBP,RG,9050,144,D,YP,KZ,F
13:41:52,ICBP,RG,9050,3,D,YP,ZP,F
13:41:52,ICBP,RG,9050,3,D,YP,YP,D
13:41:52,ICBP,RG,9050,45,D,YP,YP,D
13:41:47,ICBP,RG,9050,5,D,BB,YP,D
13:41:47,ICBP,RG,9050,4,D,BB,YP,D
13:41:47,ICBP,RG,9050,2,D,BB,CC,D
13:41:47,ICBP,RG,9050,1,D,BB,CC,D
13:41:47,ICBP,RG,9050,2,D,BB,CC,D
13:41:40,ICBP,RG,9025,2,D,KZ,BK,F
13:41:40,ICBP,RG,9025,6,F,ZP,BK,F
13:41:31,ICBP,RG,9050,2,F,ZP,CC,D
13:41:31,ICBP,RG,9050,1,F,ZP,CC,D
13:41:10,ICBP,RG,9050,1,D,XC,XC,D
13:40:45,ICBP,RG,9050,1,D,OD,XC,D
13:40:40,ICBP,RG,9025,8,F,ZP,BK,F
13:40:17,ICBP,RG,9025,15,F,ZP,PD,D
13:40:10,ICBP,RG,9050,3,F,ZP,ZP,F
13:40:09,ICBP,RG,9025,3,F,ZP,PD,D
13:39:58,ICBP,RG,9050,1,D,FS,ZP,F
13:39:58,ICBP,RG,9050,3,D,FS,XC,D
13:39:43,ICBP,RG,9050,2,D,YP,XC,D
13:39:41,ICBP,RG,9025,8,F,ZP,BK,F
13:39:21,ICBP,RG,9050,2,D,PD,XC,D
13:39:02,ICBP,RG,9050,2,D,YP,XC,D
13:38:51,ICBP,RG,9050,3,F,ZP,XC,D
13:38:33,ICBP,RG,9050,1,D,YP,CS,F
13:38:33,ICBP,RG,9050,9,D,YP,BK,F
13:38:25,ICBP,RG,9050,27,D,KK,BK,F
13:38:25,ICBP,RG,9050,1,D,KK,SQ,D
13:38:25,ICBP,RG,9050,1,D,KK,XC,D
13:38:25,ICBP,RG,9050,21,D,KK,XC,D
13:38:23,ICBP,RG,9050,2,D,PD,XC,D
13:38:02,ICBP,RG,9050,1,D,OD,XC,D
13:37:31,ICBP,RG,9050,3,F,ZP,XC,D
13:37:30,ICBP,RG,9050,12,D,XC,XC,D
13:37:27,ICBP,RG,9025,7,F,ZP,XC,D
13:36:40,ICBP,RG,9050,1,D,OD,XC,D
13:36:17,ICBP,RG,9050,1,D,XC,XC,D
13:36:11,ICBP,RG,9050,2,F,ZP,XC,D
13:35:31,ICBP,RG,9050,2,F,ZP,XC,D
13:35:27,ICBP,RG,9050,4,D,CC,XC,D
13:35:27,ICBP,RG,9050,1,D,CC,SQ,D
13:35:27,ICBP,RG,9050,2,D,CC,XC,D
13:35:27,ICBP,RG,9050,11,D,CC,PD,D
13:35:27,ICBP,RG,9050,1,D,CC,XC,D
13:35:27,ICBP,RG,9050,2,D,CC,XC,D
13:35:27,ICBP,RG,9050,5,D,CC,LG,D
13:35:27,ICBP,RG,9050,34,D,CC,BK,F
13:35:27,ICBP,RG,9050,9,D,CC,AZ,D
13:35:27,ICBP,RG,9050,3,D,CC,KK,D
13:35:27,ICBP,RG,9050,278,D,CC,KZ,F
13:35:20,ICBP,RG,9050,1,D,OD,KZ,F
13:35:07,ICBP,RG,9050,3,D,PD,KZ,F
13:34:56,ICBP,RG,9025,8,F,ZP,BK,F
13:34:51,ICBP,RG,9050,2,F,ZP,KZ,F
13:34:35,ICBP,RG,9025,30,D,SQ,PD,D
13:34:18,ICBP,RG,9050,1,D,PD,KZ,F
13:34:13,ICBP,RG,9025,29,D,SQ,PD,D
13:34:01,ICBP,RG,9025,8,D,SQ,BK,F
13:33:37,ICBP,RG,9025,30,D,SQ,PD,D
13:33:23,ICBP,RG,9025,30,D,SQ,PD,D
13:33:19,ICBP,RG,9050,10,D,AT,KZ,F
13:33:10,ICBP,RG,9050,22,F,ZP,KZ,F
13:33:09,ICBP,RG,9050,51,F,ZP,KZ,F
13:33:09,ICBP,RG,9050,8,F,ZP,KZ,F
13:33:08,ICBP,RG,9050,16,F,ZP,KZ,F
13:33:08,ICBP,RG,9050,6,F,ZP,KZ,F
13:33:07,ICBP,RG,9050,17,F,YU,KZ,F
13:33:07,ICBP,RG,9050,10,F,YU,BK,F
13:33:07,ICBP,RG,9050,1,F,YU,PD,D
13:33:07,ICBP,RG,9050,1,F,YU,PD,D
13:33:07,ICBP,RG,9050,20,F,YU,KK,D
13:33:07,ICBP,RG,9050,45,F,YU,RX,F
13:33:07,ICBP,RG,9050,2,F,YU,RX,F
13:33:07,ICBP,RG,9050,50,F,YU,RX,F
13:33:07,ICBP,RG,9050,2,F,YU,PD,D
13:33:07,ICBP,RG,9050,7,F,YU,PD,D
13:33:07,ICBP,RG,9050,13,F,YU,CS,F
13:33:07,ICBP,RG,9050,8,F,YU,CS,F
13:33:07,ICBP,RG,9050,1,F,YU,XL,D
13:33:07,ICBP,RG,9050,5,F,YU,GR,D
13:33:07,ICBP,RG,9050,1,F,YU,PD,D
13:33:07,ICBP,RG,9050,7,F,YU,YP,D
13:33:07,ICBP,RG,9050,13,F,YU,YP,D
13:33:07,ICBP,RG,9050,10,F,YU,PD,D
13:33:07,ICBP,RG,9050,4,F,YU,PD,D
13:33:07,ICBP,RG,9050,1,F,YU,YP,D
13:33:07,ICBP,RG,9050,1,F,YU,PD,D
13:33:07,ICBP,RG,9050,5,F,YU,PD,D
13:33:07,ICBP,RG,9050,10,F,YU,CC,D
13:33:07,ICBP,RG,9050,50,F,YU,KZ,F
13:33:06,ICBP,RG,9050,94,F,YU,KZ,F
13:33:06,ICBP,RG,9050,94,F,YU,KZ,F
13:33:06,ICBP,RG,9050,94,F,YU,KZ,F
13:33:06,ICBP,RG,9050,94,F,YU,KZ,F
13:33:06,ICBP,RG,9050,74,F,YU,KZ,F
13:33:06,ICBP,RG,9050,20,F,YU,CC,D
13:33:06,ICBP,RG,9050,80,F,YU,CC,D
13:33:06,ICBP,RG,9050,2,F,YU,SQ,D
13:33:06,ICBP,RG,9050,3,F,YU,PD,D
13:33:06,ICBP,RG,9050,2,F,YU,SQ,D
13:33:06,ICBP,RG,9050,7,F,YU,XC,D
13:33:06,ICBP,RG,9050,7,F,YU,XC,D
13:33:06,ICBP,RG,9050,1,F,YU,CC,D
13:33:06,ICBP,RG,9050,1,F,YU,CC,D
13:33:06,ICBP,RG,9050,85,F,YU,SQ,D
13:33:06,ICBP,RG,9050,15,F,YU,SQ,D
13:33:06,ICBP,RG,9050,1,F,YU,XL,D
13:33:06,ICBP,RG,9050,2,F,YU,NI,D
13:33:06,ICBP,RG,9050,2,F,YU,SQ,D
13:33:06,ICBP,RG,9050,2,F,YU,KK,D
13:33:06,ICBP,RG,9050,35,F,YU,YP,D
13:33:06,ICBP,RG,9050,10,F,YU,NI,D
13:33:06,ICBP,RG,9050,2,F,YU,YP,D
13:33:06,ICBP,RG,9050,7,F,YU,XC,D
13:33:06,ICBP,RG,9050,1,F,YU,CC,D
13:33:06,ICBP,RG,9050,17,F,YU,SQ,D
13:32:40,ICBP,RG,9050,1,D,OD,SQ,D
13:32:01,ICBP,RG,9050,3,F,ZP,SQ,D
13:32:00,ICBP,RG,9025,29,D,SQ,PD,D
13:31:54,ICBP,RG,9050,1,F,ZP,SQ,D
13:31:52,ICBP,RG,9050,6,D,AZ,SQ,D
13:31:44,ICBP,RG,9050,2,F,ZP,SQ,D
13:31:42,ICBP,RG,9025,30,D,SQ,PD,D
13:31:18,ICBP,RG,9050,1,D,OD,SQ,D
13:30:26,ICBP,RG,9050,1,F,ZP,SQ,D
13:30:25,ICBP,RG,9050,5,F,ZP,SQ,D
13:30:22,ICBP,RG,9050,2,D,LG,SQ,D
13:30:19,ICBP,RG,9050,1,F,ZP,SQ,D
13:30:17,ICBP,RG,9050,6,F,ZP,SQ,D
13:30:17,ICBP,RG,9050,2,D,YP,SQ,D
13:30:17,ICBP,RG,9050,1,D,YP,SQ,D
13:30:15,ICBP,RG,9050,1,D,XC,SQ,D
13:30:15,ICBP,RG,9050,35,D,AK,SQ,D
13:30:13,ICBP,RG,9050,2,D,CC,SQ,D
13:30:13,ICBP,RG,9050,1,D,AT,SQ,D
13:30:13,ICBP,RG,9050,2,D,CC,SQ,D
13:30:13,ICBP,RG,9050,1,D,CC,SQ,D
13:30:10,ICBP,RG,9025,1,D,SQ,ZP,F
13:30:10,ICBP,RG,9025,13,D,SQ,CS,F
13:30:09,ICBP,RG,9050,2,D,CC,SQ,D
13:30:08,ICBP,RG,9050,1,D,XC,SQ,D
13:30:07,ICBP,RG,9050,6,D,XC,SQ,D
13:30:07,ICBP,RG,9050,1,D,XC,YP,D
13:30:07,ICBP,RG,9050,93,D,XC,SQ,D
13:30:07,ICBP,RG,9050,3,D,CC,SQ,D
13:30:07,ICBP,RG,9050,2,D,XC,SQ,D
13:30:07,ICBP,RG,9025,3,D,XC,KK,D
13:30:07,ICBP,RG,9025,3,D,XC,YU,D
13:30:07,ICBP,RG,9025,1,D,XC,YU,D
13:30:07,ICBP,RG,9025,2,D,PD,YU,D
13:30:07,ICBP,RG,9025,1,D,CC,YU,D
13:30:06,ICBP,RG,9025,2,D,PD,YU,D
13:30:05,ICBP,RG,9000,3,D,DH,XL,D
13:30:05,ICBP,RG,9000,7,D,DH,PD,D
13:30:05,ICBP,RG,9000,1,D,YB,PD,D
13:30:05,ICBP,RG,9025,3,D,EP,YU,D
13:30:05,ICBP,RG,9025,1,D,LS,YU,D
13:30:04,ICBP,RG,9050,1,D,PD,SQ,D
13:30:04,ICBP,RG,9000,1,D,YB,PD,D
13:30:04,ICBP,RG,9050,1,D,ZP,SQ,D
13:30:04,ICBP,RG,9050,1,D,ZP,XC,D
13:30:04,ICBP,RG,9050,1,D,KK,PD,D
13:30:03,ICBP,RG,9050,1,D,PD,PD,D
13:30:03,ICBP,RG,9050,3,D,KK,PD,D
13:30:03,ICBP,RG,9050,2,D,DR,PD,D
13:30:03,ICBP,RG,9050,4,D,YB,PD,D
13:30:03,ICBP,RG,9050,4,D,YB,YU,D
13:30:02,ICBP,RG,9050,3,D,EP,YU,D
11:29:57,ICBP,RG,9050,3,F,ZP,YU,D
11:29:52,ICBP,RG,9050,1,F,ZP,YU,D
11:29:51,ICBP,RG,9050,7,F,ZP,YU,D
11:29:51,ICBP,RG,9050,3,F,ZP,OD,D
11:29:45,ICBP,RG,9050,1,D,AK,OD,D
11:29:38,ICBP,RG,9050,12,F,ZP,OD,D
11:29:30,ICBP,RG,9050,1,D,AK,OD,D
11:29:23,ICBP,RG,9025,2,D,OD,CS,F
11:29:22,ICBP,RG,9050,32,F,ZP,OD,D
11:29:21,ICBP,RG,9025,2,F,ZP,NI,D
11:29:21,ICBP,RG,9025,1,F,ZP,CC,D
11:29:01,ICBP,RG,9025,10,D,YP,KZ,F
11:28:44,ICBP,RG,9025,1,D,PD,KZ,F
11:28:33,ICBP,RG,9025,1,D,AT,KZ,F
11:28:31,ICBP,RG,9025,5,D,PD,KZ,F
11:28:28,ICBP,RG,9025,6,D,GR,KZ,F
11:28:15,ICBP,RG,9025,9,D,AK,KZ,F
11:28:05,ICBP,RG,9025,2,D,OD,KZ,F
11:28:05,ICBP,RG,9000,1,D,YB,PD,D
11:28:02,ICBP,RG,9025,26,F,ZP,KZ,F
11:28:01,ICBP,RG,9025,26,D,KZ,KZ,F
11:28:00,ICBP,RG,9025,2,D,AK,KZ,F
11:27:45,ICBP,RG,9025,2,D,AK,KZ,F
11:27:24,ICBP,RG,9025,1,D,PD,KZ,F
11:27:19,ICBP,RG,9025,4,D,PD,KZ,F
11:27:11,ICBP,RG,9025,109,D,KZ,KZ,F
11:27:11,ICBP,RG,9025,1,D,KZ,YP,D
11:27:11,ICBP,RG,9025,5,D,KZ,PD,D
11:27:11,ICBP,RG,9025,14,D,KZ,CS,F
11:27:11,ICBP,RG,9025,3,D,KZ,KK,D
11:27:11,ICBP,RG,9025,23,D,KZ,SQ,D
11:27:11,ICBP,RG,9025,95,D,KZ,KZ,F
11:27:01,ICBP,RG,9025,59,D,KZ,KZ,F
11:27:01,ICBP,RG,9025,3,D,KZ,YP,D
11:27:01,ICBP,RG,9025,5,D,KZ,XC,D
11:27:01,ICBP,RG,9025,4,D,KZ,XC,D
11:27:01,ICBP,RG,9025,5,D,KZ,CS,F
11:27:01,ICBP,RG,9025,3,D,KZ,CS,F
11:27:01,ICBP,RG,9025,4,D,KZ,PD,D
11:27:01,ICBP,RG,9025,3,D,KZ,XC,D
11:27:01,ICBP,RG,9025,4,D,KZ,CC,D
11:27:01,ICBP,RG,9025,3,D,KZ,CS,F
11:27:01,ICBP,RG,9025,1,D,KZ,XC,D
11:27:01,ICBP,RG,9025,1,D,KZ,YP,D
11:27:01,ICBP,RG,9025,4,D,KZ,BK,F
11:27:01,ICBP,RG,9025,37,D,KZ,SQ,D
11:27:01,ICBP,RG,9025,1,D,PD,SQ,D
11:26:56,ICBP,RG,9025,125,D,KZ,SQ,D
11:26:53,ICBP,RG,9025,24,F,ZP,SQ,D
11:26:52,ICBP,RG,9025,13,D,CC,SQ,D
11:26:52,ICBP,RG,9025,10,D,CC,BK,F
11:26:52,ICBP,RG,9025,183,D,CC,RX,F
11:26:52,ICBP,RG,9025,29,D,CC,BK,F
11:26:52,ICBP,RG,9025,23,D,CC,KK,D
11:26:52,ICBP,RG,9025,108,D,CC,CS,F
11:26:52,ICBP,RG,9025,38,D,CC,BK,F
11:26:52,ICBP,RG,9025,127,D,CC,BK,F
11:26:52,ICBP,RG,9025,4,D,CC,CS,F
11:26:52,ICBP,RG,9025,4,D,CC,YU,D
11:26:52,ICBP,RG,9025,61,D,CC,KZ,F
11:26:46,ICBP,RG,9000,1,D,XC,BK,F
11:26:46,ICBP,RG,9000,7,D,YB,BK,F
11:26:43,ICBP,RG,9025,1,D,OD,KZ,F
11:26:24,ICBP,RG,9000,3,D,YB,BK,F
11:26:24,ICBP,RG,9000,1,D,XA,BK,F
11:26:24,ICBP,RG,9000,4,D,YP,BK,F
11:26:01,ICBP,RG,9000,8,D,YP,BK,F
11:25:52,ICBP,RG,9000,2,D,YP,OD,D
11:25:47,ICBP,RG,9000,8,D,YP,BK,F
11:25:45,ICBP,RG,9025,8,D,AK,KZ,F
11:25:40,ICBP,RG,9000,7,D,YP,BK,F
11:25:25,ICBP,RG,9025,2,D,OD,KZ,F
11:25:23,ICBP,RG,9025,1,D,PD,KZ,F
11:25:19,ICBP,RG,9000,1,D,YP,OD,D
11:25:19,ICBP,RG,9000,9,D,YP,BK,F
11:25:18,ICBP,RG,9025,3,F,ZP,KZ,F
11:25:15,ICBP,RG,9000,8,D,YP,BK,F
11:25:11,ICBP,RG,9000,5,D,YP,YP,D
11:25:10,ICBP,RG,9025,19,F,ZP,KZ,F
11:25:04,ICBP,RG,9000,8,D,YP,BK,F
11:24:42,ICBP,RG,9000,8,D,YP,BK,F
11:24:21,ICBP,RG,9000,10,D,YP,BK,F
11:24:05,ICBP,RG,9025,1,D,OD,KZ,F
11:24:02,ICBP,RG,9000,1,D,YP,YP,D
11:24:01,ICBP,RG,9000,21,D,YP,YU,D
11:24:00,ICBP,RG,9025,8,D,AK,KZ,F
11:23:58,ICBP,RG,9000,1,D,XC,BK,F
11:23:58,ICBP,RG,9000,10,D,CC,BK,F
11:23:47,ICBP,RG,9025,19,F,ZP,KZ,F
11:23:22,ICBP,RG,9000,5,D,CC,BK,F
11:23:22,ICBP,RG,9000,2,D,PD,BK,F
11:23:22,ICBP,RG,9000,1,D,PD,BK,F
11:23:22,ICBP,RG,9000,1,D,SQ,BK,F
11:23:22,ICBP,RG,9000,1,D,XC,BK,F
11:23:22,ICBP,RG,9000,5,D,PD,BK,F
11:22:56,ICBP,RG,9000,9,D,DH,BK,F
11:22:55,ICBP,RG,9000,4,D,DH,CC,D
11:22:55,ICBP,RG,9000,15,D,AI,CC,D
11:22:55,ICBP,RG,9000,1,D,CC,CC,D
11:22:55,ICBP,RG,9000,5,D,OD,CC,D
11:22:55,ICBP,RG,9000,5,D,CC,CC,D
11:22:55,ICBP,RG,9000,5,D,YP,CC,D
11:22:55,ICBP,RG,9000,2,D,XC,CC,D
11:22:55,ICBP,RG,9000,2,D,DR,CC,D
11:22:55,ICBP,RG,9000,10,D,PD,CC,D
11:22:55,ICBP,RG,9000,31,D,ZP,CC,D
11:22:45,ICBP,RG,9025,2,D,OD,KZ,F
11:22:45,ICBP,RG,9000,2,D,ZP,OD,D
11:22:45,ICBP,RG,9025,5,D,AK,KZ,F
11:22:36,ICBP,RG,9000,13,D,ZP,BK,F
11:22:34,ICBP,RG,9000,10,D,ZP,PD,D
11:22:30,ICBP,RG,9025,10,D,LG,KZ,F
11:22:09,ICBP,RG,9000,2,D,ZP,XC,D
11:22:03,ICBP,RG,9025,3,D,YP,KZ,F
11:22:01,ICBP,RG,9000,14,D,ZP,BK,F
11:21:45,ICBP,RG,9025,8,D,AK,KZ,F
11:21:22,ICBP,RG,9000,16,D,ZP,BK,F
11:21:19,ICBP,RG,9025,2,D,OD,KZ,F
11:20:58,ICBP,RG,9000,12,D,ZP,BK,F
11:20:58,ICBP,RG,9000,1,D,XL,BK,F
11:20:45,ICBP,RG,9025,7,D,AK,KZ,F
11:20:36,ICBP,RG,9000,1,D,XL,PD,D
11:20:36,ICBP,RG,9000,6,D,CD,PD,D
11:20:36,ICBP,RG,9000,6,D,CD,PD,D
11:20:36,ICBP,RG,9000,1,D,CD,PD,D
11:20:29,ICBP,RG,9025,1,D,XC,KZ,F
11:20:27,ICBP,RG,9000,5,D,CD,BK,F
11:20:27,ICBP,RG,9000,6,D,CD,BK,F
11:20:11,ICBP,RG,9000,1,D,PD,OD,D
11:20:11,ICBP,RG,9000,1,D,PD,OD,D
11:20:07,ICBP,RG,9025,1,D,XC,KZ,F
11:19:57,ICBP,RG,9025,1,D,OD,KZ,F
11:19:45,ICBP,RG,9000,9,D,PD,BK,F
11:19:43,ICBP,RG,9000,10,D,PD,BK,F
11:19:43,ICBP,RG,9000,5,D,XL,BK,F
11:19:43,ICBP,RG,9000,1,D,XC,BK,F
11:19:43,ICBP,RG,9000,1,D,XC,BK,F
11:19:43,ICBP,RG,9000,1,D,YP,BK,F
11:19:43,ICBP,RG,9000,2,D,NI,BK,F
11:19:14,ICBP,RG,9000,13,D,NI,BK,F
11:18:35,ICBP,RG,9025,2,D,OD,KZ,F
11:18:27,ICBP,RG,9000,18,D,NI,BK,F
11:17:46,ICBP,RG,9000,17,D,NI,CS,F
11:17:46,ICBP,RG,9000,1,D,YP,CS,F
11:17:46,ICBP,RG,9000,1,D,XC,CS,F
11:17:46,ICBP,RG,9000,22,D,YB,CS,F
11:17:46,ICBP,RG,9000,6,D,YP,CS,F
11:17:46,ICBP,RG,9000,2,D,AG,CS,F
11:17:38,ICBP,RG,9025,1,D,XC,KZ,F
11:17:37,ICBP,RG,9000,2,D,AG,OD,D
11:17:17,ICBP,RG,9025,1,D,OD,KZ,F
11:17:04,ICBP,RG,9000,1,D,AG,XC,D
11:16:04,ICBP,RG,9000,5,D,AG,KZ,F
11:16:04,ICBP,RG,9000,2,D,CC,KZ,F
11:16:04,ICBP,RG,9000,1,D,AT,KZ,F
11:16:04,ICBP,RG,9000,1,D,XC,KZ,F
11:16:04,ICBP,RG,9000,1,F,ZP,KZ,F
11:16:04,ICBP,RG,9000,1,D,XC,KZ,F
11:16:04,ICBP,RG,9000,10,D,YP,KZ,F
11:16:04,ICBP,RG,9000,2,D,XC,KZ,F
11:16:04,ICBP,RG,9000,5,D,KK,KZ,F
11:16:04,ICBP,RG,9000,1,D,XC,KZ,F
11:16:04,ICBP,RG,9000,1,D,YP,KZ,F
11:16:04,ICBP,RG,9000,5,D,DH,KZ,F
11:16:04,ICBP,RG,9000,1,D,GR,KZ,F
11:16:04,ICBP,RG,9000,50,D,PD,KZ,F
11:16:04,ICBP,RG,9000,1,D,PD,KZ,F
11:16:04,ICBP,RG,9000,7,D,PD,KZ,F
11:16:04,ICBP,RG,9000,3,D,XL,KZ,F
11:16:04,ICBP,RG,9000,1,D,XL,KZ,F
11:16:04,ICBP,RG,9000,1,D,KK,KZ,F
11:16:04,ICBP,RG,9000,2,D,PD,KZ,F
11:16:04,ICBP,RG,9000,1,D,SQ,KZ,F
11:16:04,ICBP,RG,9000,1,D,PD,KZ,F
11:16:04,ICBP,RG,9000,2,D,YP,KZ,F
11:16:04,ICBP,RG,9000,1,D,YP,KZ,F
11:15:57,ICBP,RG,9025,2,D,OD,KZ,F
11:15:49,ICBP,RG,9000,4,D,YP,RX,F
11:15:49,ICBP,RG,9000,10,D,LS,RX,F
11:15:49,ICBP,RG,9000,10,D,YP,RX,F
11:15:49,ICBP,RG,9000,1,D,NI,RX,F
11:15:49,ICBP,RG,9000,5,D,GR,RX,F
11:15:49,ICBP,RG,9000,2,D,YP,RX,F
11:15:49,ICBP,RG,9000,3,D,NI,RX,F
11:15:49,ICBP,RG,9000,1,D,PD,RX,F
11:15:49,ICBP,RG,9000,5,D,YP,RX,F
11:15:49,ICBP,RG,9000,5,D,CC,RX,F
11:15:49,ICBP,RG,9000,1,D,CC,RX,F
11:15:49,ICBP,RG,9000,24,D,XC,RX,F
11:15:34,ICBP,RG,9000,29,D,XC,PD,D
11:15:29,ICBP,RG,9000,3,D,XC,BK,F
11:15:29,ICBP,RG,9000,2,D,PD,BK,F
11:15:29,ICBP,RG,9000,3,D,YP,BK,F
11:15:28,ICBP,RG,9000,2,D,YP,BK,F
11:15:28,ICBP,RG,9000,1,D,XC,BK,F
11:15:28,ICBP,RG,9000,19,D,PC,BK,F
11:14:57,ICBP,RG,9000,1,D,PC,OD,D
11:14:41,ICBP,RG,9025,1,D,GR,KZ,F
11:14:28,ICBP,RG,9025,2,D,KK,KZ,F
11:13:56,ICBP,RG,9025,1,D,PD,KZ,F
11:13:13,ICBP,RG,9025,1,D,OD,KZ,F
11:12:57,ICBP,RG,9000,9,D,PC,RX,F
11:12:35,ICBP,RG,9025,1,D,NI,KZ,F
11:12:29,ICBP,RG,9000,2,D,PC,PD,D
11:12:22,ICBP,RG,9000,22,D,PC,RX,F
11:12:19,ICBP,RG,9000,14,D,PC,BK,F
11:11:53,ICBP,RG,9025,1,D,OD,KZ,F
11:11:31,ICBP,RG,9000,1,D,PC,XC,D
11:10:58,ICBP,RG,9000,16,D,PC,RX,F
11:10:55,ICBP,RG,9025,1,D,YB,KZ,F
11:10:29,ICBP,RG,9025,1,D,OD,KZ,F
11:10:16,ICBP,RG,9000,15,D,PC,YP,D
11:09:49,ICBP,RG,9000,1,D,PC,RX,F
11:09:49,ICBP,RG,9000,8,D,AI,RX,F
11:09:32,ICBP,RG,9000,1,D,AI,OD,D
11:09:23,ICBP,RG,9025,5,D,FS,KZ,F
11:09:22,ICBP,RG,9000,8,D,AI,BK,F
11:09:22,ICBP,RG,9000,8,D,OD,BK,F
11:08:32,ICBP,RG,9025,10,D,YP,KZ,F
11:07:52,ICBP,RG,9025,2,D,CC,KZ,F
11:07:51,ICBP,RG,9025,1,D,OD,KZ,F
11:07:18,ICBP,RG,9000,14,D,OD,RX,F
11:07:18,ICBP,RG,9000,4,D,YP,RX,F
11:06:54,ICBP,RG,9000,12,D,YP,BK,F
11:06:50,ICBP,RG,9000,1,D,YP,OD,D
11:06:30,ICBP,RG,9025,1,D,OD,KZ,F
11:06:22,ICBP,RG,9000,1,D,YP,PD,D
11:06:14,ICBP,RG,9025,1,D,CC,KZ,F
11:05:51,ICBP,RG,9025,11,D,XC,KZ,F
11:05:09,ICBP,RG,9025,1,D,OD,KZ,F
11:04:56,ICBP,RG,9000,2,D,YP,KK,D
11:04:56,ICBP,RG,9000,1,D,PD,KK,D
11:04:56,ICBP,RG,9000,1,D,CC,KK,D
11:04:56,ICBP,RG,9000,18,D,YP,KK,D
11:04:47,ICBP,RG,9000,10,D,YP,BK,F
11:04:33,ICBP,RG,9000,1,D,YP,YP,D
11:04:18,ICBP,RG,9000,1,D,YP,OD,D
11:04:04,ICBP,RG,9000,1,D,YP,CC,D
11:03:31,ICBP,RG,9000,29,D,YP,RX,F
11:02:54,ICBP,RG,9000,9,D,YP,BK,F
11:02:33,ICBP,RG,9025,25,D,SQ,KZ,F
11:02:00,ICBP,RG,9025,3,D,YB,KZ,F
11:01:37,ICBP,RG,9000,1,D,YP,OD,D
11:01:25,ICBP,RG,9000,8,D,YP,BK,F
11:01:21,ICBP,RG,9025,2,F,ZP,KZ,F
11:01:20,ICBP,RG,9025,24,F,ZP,BK,F
11:01:17,ICBP,RG,9025,19,F,ZP,KZ,F
11:01:17,ICBP,RG,9025,1,D,OD,KZ,F
11:01:17,ICBP,RG,9025,10,D,AK,KZ,F
11:01:17,ICBP,RG,9025,10,D,AK,KZ,F
11:01:17,ICBP,RG,9025,7,D,AK,KZ,F
11:01:17,ICBP,RG,9025,2,D,XC,KZ,F
11:01:17,ICBP,RG,9025,1,D,PD,KZ,F
11:01:17,ICBP,RG,9025,7,D,XC,KZ,F
11:01:17,ICBP,RG,9025,2,D,PD,KZ,F
11:01:17,ICBP,RG,9025,2,D,NI,KZ,F
11:01:17,ICBP,RG,9025,2,D,GR,KZ,F
11:01:17,ICBP,RG,9025,22,D,YP,KZ,F
11:01:17,ICBP,RG,9025,50,D,XC,KZ,F
11:01:17,ICBP,RG,9025,5,D,XL,KZ,F
11:01:17,ICBP,RG,9025,5,D,YP,KZ,F
11:01:17,ICBP,RG,9025,109,D,KZ,KZ,F
11:01:17,ICBP,RG,9025,7,D,XC,KZ,F
11:01:17,ICBP,RG,9025,5,D,PD,KZ,F
11:01:17,ICBP,RG,9025,9,D,NI,KZ,F
11:01:17,ICBP,RG,9025,5,D,SQ,KZ,F
11:01:17,ICBP,RG,9025,280,D,KK,KZ,F
11:01:16,ICBP,RG,9025,19,D,KK,CS,F
11:01:16,ICBP,RG,9025,184,D,KK,KZ,F
11:01:16,ICBP,RG,9025,15,D,SQ,KZ,F
11:01:16,ICBP,RG,9025,2,D,PD,KZ,F
11:01:16,ICBP,RG,9025,1,D,PD,KZ,F
11:01:16,ICBP,RG,9025,77,D,KZ,KZ,F
11:01:16,ICBP,RG,9025,43,F,ZP,KZ,F
11:01:15,ICBP,RG,9025,8,F,ZP,BK,F
11:01:14,ICBP,RG,9025,4,F,ZP,AK,F
11:01:14,ICBP,RG,9025,2,D,PD,AK,F
11:01:14,ICBP,RG,9025,10,D,KK,AK,F
11:01:14,ICBP,RG,9025,1,D,PD,AK,F
11:01:14,ICBP,RG,9025,125,F,ZP,AK,F
11:01:14,ICBP,RG,9025,2,F,ZP,BK,F
11:01:14,ICBP,RG,9025,6,D,AK,BK,F
11:01:12,ICBP,RG,9025,2,D,AK,AK,F
11:01:12,ICBP,RG,9025,8,D,AK,AK,F
11:01:12,ICBP,RG,9025,1,D,XC,AK,F
11:01:12,ICBP,RG,9025,3,D,XC,AK,F
11:01:12,ICBP,RG,9025,50,D,SQ,AK,F
11:01:12,ICBP,RG,9025,10,D,CC,AK,F
11:01:12,ICBP,RG,9025,1,D,PD,AK,F
11:01:12,ICBP,RG,9025,1,D,XL,AK,F
11:01:12,ICBP,RG,9025,2,D,XC,AK,F
11:01:12,ICBP,RG,9025,1,D,XC,AK,F
11:01:12,ICBP,RG,9025,1,D,NI,AK,F
11:01:12,ICBP,RG,9025,8,D,AK,AK,F
11:01:12,ICBP,RG,9025,2,D,YP,AK,F
11:01:12,ICBP,RG,9025,150,D,LG,AK,F
11:01:10,ICBP,RG,9025,240,D,LG,AK,F
11:01:08,ICBP,RG,9025,72,D,LG,OD,D
11:01:07,ICBP,RG,9025,49,D,LG,OD,D
11:01:07,ICBP,RG,9050,1,D,OD,OD,D
11:00:46,ICBP,RG,9050,1,D,ZP,OD,D
11:00:30,ICBP,RG,9050,16,D,AK,OD,D
11:00:00,ICBP,RG,9025,26,D,LG,YU,D
10:59:49,ICBP,RG,9050,1,D,OD,OD,D
10:58:59,ICBP,RG,9025,1,D,LG,OD,D
10:58:45,ICBP,RG,9050,10,D,AK,OD,D
10:58:25,ICBP,RG,9025,1,D,LG,XC,D
10:58:21,ICBP,RG,9025,15,D,LG,PD,D
10:58:19,ICBP,RG,9025,14,D,LG,BK,F
10:57:03,ICBP,RG,9050,1,D,OD,OD,D
10:56:46,ICBP,RG,9050,11,D,CC,OD,D
10:55:53,ICBP,RG,9050,8,D,DH,OD,D
10:55:41,ICBP,RG,9050,1,D,OD,OD,D
10:55:38,ICBP,RG,9025,14,D,LG,BK,F
10:54:17,ICBP,RG,9050,1,D,OD,OD,D
10:54:13,ICBP,RG,9025,8,D,LG,BK,F
10:53:46,ICBP,RG,9025,1,D,LG,OD,D
10:53:41,ICBP,RG,9025,52,D,LG,HP,D
10:52:34,ICBP,RG,9025,6,D,LG,NI,D
10:52:08,ICBP,RG,9025,38,D,LG,RX,F
10:51:50,ICBP,RG,9050,17,D,AK,OD,D
10:51:48,ICBP,RG,9025,14,D,LG,BK,F
10:51:46,ICBP,RG,9025,299,D,LG,KZ,F
10:51:46,ICBP,RG,9025,2,D,XC,KZ,F
10:51:45,ICBP,RG,9025,1,D,XC,EP,D
10:51:33,ICBP,RG,9050,1,D,OD,OD,D
10:51:09,ICBP,RG,9025,3,D,XC,RX,F
10:51:09,ICBP,RG,9025,16,D,PD,RX,F
10:51:06,ICBP,RG,9025,1,D,PD,OD,D
10:50:08,ICBP,RG,9050,1,D,OD,OD,D
10:49:47,ICBP,RG,9025,13,D,PD,BK,F
10:49:28,ICBP,RG,9050,1,D,XC,OD,D
10:48:48,ICBP,RG,9050,1,D,OD,OD,D
10:48:33,ICBP,RG,9025,8,D,PD,BK,F
10:48:26,ICBP,RG,9025,1,D,PD,OD,D
10:48:16,ICBP,RG,9050,2,D,KK,OD,D
10:48:07,ICBP,RG,9050,1,D,XC,OD,D
10:47:08,ICBP,RG,9050,1,D,PD,OD,D
10:46:13,ICBP,RG,9050,4,D,FS,OD,D
10:46:01,ICBP,RG,9050,15,D,SQ,OD,D
10:46:00,ICBP,RG,9050,1,D,OD,OD,D
10:45:52,ICBP,RG,9025,1,D,PD,OD,D
10:45:07,ICBP,RG,9050,50,D,GR,OD,D
10:44:55,ICBP,RG,9050,55,D,PD,OD,D
10:44:42,ICBP,RG,9050,1,D,OD,OD,D
10:44:03,ICBP,RG,9050,1,D,XC,OD,D
10:43:28,ICBP,RG,9050,1,D,PD,OD,D
10:43:24,ICBP,RG,9050,1,D,OD,OD,D
10:43:12,ICBP,RG,9025,1,D,PD,OD,D
10:42:04,ICBP,RG,9050,1,D,OD,OD,D
10:42:04,ICBP,RG,9025,3,D,PD,YP,D
10:40:58,ICBP,RG,9025,6,D,PD,PD,D
10:40:42,ICBP,RG,9050,1,D,OD,OD,D
10:40:35,ICBP,RG,9025,3,D,PD,YP,D
10:40:28,ICBP,RG,9025,1,D,PD,OD,D
10:40:22,ICBP,RG,9050,10,D,PD,OD,D
10:39:42,ICBP,RG,9050,3,D,PD,OD,D
10:39:18,ICBP,RG,9050,2,D,OD,OD,D
10:38:24,ICBP,RG,9050,5,D,PD,OD,D
10:38:01,ICBP,RG,9050,2,D,PD,OD,D
10:37:49,ICBP,RG,9050,2,D,XC,OD,D
10:37:46,ICBP,RG,9025,46,D,PD,BK,F
10:37:46,ICBP,RG,9025,94,F,YU,BK,F
10:37:46,ICBP,RG,9025,94,F,YU,BK,F
10:37:46,ICBP,RG,9025,94,F,YU,BK,F
10:37:46,ICBP,RG,9025,94,F,YU,BK,F
10:37:46,ICBP,RG,9025,4,D,YP,BK,F
10:37:46,ICBP,RG,9025,100,D,ZP,BK,F
10:37:46,ICBP,RG,9025,20,D,YP,BK,F
10:37:46,ICBP,RG,9025,10,D,CC,BK,F
10:37:46,ICBP,RG,9025,5,D,PD,BK,F
10:37:46,ICBP,RG,9025,1,D,DR,BK,F
10:37:46,ICBP,RG,9025,1,D,YP,BK,F
10:37:46,ICBP,RG,9025,8,D,AK,BK,F
10:37:46,ICBP,RG,9025,1,D,DR,BK,F
10:37:46,ICBP,RG,9025,18,F,ZP,BK,F
10:37:46,ICBP,RG,9025,1,D,DR,BK,F
10:37:46,ICBP,RG,9025,8,D,AK,BK,F
10:37:46,ICBP,RG,9025,2,D,PD,BK,F
10:37:46,ICBP,RG,9025,1,D,DH,BK,F
10:37:46,ICBP,RG,9025,7,F,ZP,BK,F
10:37:46,ICBP,RG,9025,1,D,YP,BK,F
10:37:46,ICBP,RG,9025,1,D,PD,BK,F
10:37:46,ICBP,RG,9025,1,D,XC,BK,F
10:37:46,ICBP,RG,9025,1,D,XL,BK,F
10:37:46,ICBP,RG,9025,1,D,YP,BK,F
10:37:46,ICBP,RG,9025,10,D,YP,BK,F
10:36:59,ICBP,RG,9050,5,D,KK,OD,D
10:36:54,ICBP,RG,9050,30,F,ZP,OD,D
10:36:53,ICBP,RG,9050,1,D,OD,OD,D
10:36:53,ICBP,RG,9050,2,D,PD,OD,D
10:36:53,ICBP,RG,9050,83,D,KZ,OD,D
10:36:53,ICBP,RG,9050,99,D,HP,OD,D
10:36:38,ICBP,RG,9075,1,D,OD,YU,D
10:36:15,ICBP,RG,9075,10,D,AK,YU,D
10:36:15,ICBP,RG,9075,14,D,AK,BK,F
10:36:15,ICBP,RG,9075,1,D,AK,KK,D
10:36:15,ICBP,RG,9075,1,D,AK,SQ,D
10:36:15,ICBP,RG,9075,1,D,AK,GR,D
10:36:01,ICBP,RG,9050,1,D,HP,DR,D
10:35:55,ICBP,RG,9050,6,D,HP,CS,F
10:35:55,ICBP,RG,9050,2,D,HP,OD,D
10:35:55,ICBP,RG,9050,18,D,HP,BK,F
10:35:55,ICBP,RG,9050,36,D,HP,RX,F
10:35:55,ICBP,RG,9050,8,D,HP,BK,F
10:35:55,ICBP,RG,9050,10,D,HP,CS,F
10:35:55,ICBP,RG,9050,2,D,HP,PD,D
10:35:55,ICBP,RG,9050,10,D,HP,XC,D
10:35:55,ICBP,RG,9050,2,D,HP,SQ,D
10:35:55,ICBP,RG,9050,4,D,HP,CS,F
10:35:55,ICBP,RG,9050,2,D,HP,CC,D
10:35:26,ICBP,RG,9050,3,F,ZP,CC,D
10:35:26,ICBP,RG,9050,19,F,ZP,BK,F
10:35:20,ICBP,RG,9050,1,D,OD,PD,D
10:35:16,ICBP,RG,9050,9,D,KZ,PD,D
10:35:16,ICBP,RG,9050,25,D,KZ,RX,F
10:35:16,ICBP,RG,9050,3,D,KZ,BK,F
10:35:14,ICBP,RG,9025,1,D,KK,OD,D
10:35:01,ICBP,RG,9025,2,D,KK,AZ,D
10:34:45,ICBP,RG,9050,10,D,YP,BK,F
10:34:35,ICBP,RG,9050,3,D,YP,BK,F
10:34:35,ICBP,RG,9050,2,F,ZP,BK,F
10:34:35,ICBP,RG,9050,22,F,ZP,BK,F
10:34:35,ICBP,RG,9050,10,F,ZP,CS,F
10:34:35,ICBP,RG,9050,24,F,ZP,SQ,D
10:34:23,ICBP,RG,9050,1,D,GR,SQ,D
10:34:21,ICBP,RG,9050,9,D,KZ,SQ,D
10:34:16,ICBP,RG,9050,3,D,XC,SQ,D
10:34:07,ICBP,RG,9050,2,D,PD,SQ,D
10:34:00,ICBP,RG,9050,2,D,PD,SQ,D
10:34:00,ICBP,RG,9050,8,D,AK,SQ,D
10:34:00,ICBP,RG,9050,1,D,OD,SQ,D
10:33:40,ICBP,RG,9050,1,D,KK,SQ,D
10:33:31,ICBP,RG,9050,1,D,KZ,SQ,D
10:33:00,ICBP,RG,9050,1,D,GR,SQ,D
10:32:38,ICBP,RG,9050,1,D,OD,SQ,D
10:32:36,ICBP,RG,9050,43,D,KZ,SQ,D
10:32:32,ICBP,RG,9025,1,D,KK,OD,D
10:32:31,ICBP,RG,9050,3,D,KZ,SQ,D
10:32:31,ICBP,RG,9050,18,D,KZ,BK,F
10:32:31,ICBP,RG,9050,13,D,KZ,YU,D
10:32:31,ICBP,RG,9050,17,D,KZ,BK,F
10:32:31,ICBP,RG,9050,21,D,KZ,XC,D
10:32:31,ICBP,RG,9050,9,D,KZ,CS,F
10:32:31,ICBP,RG,9050,35,D,KZ,RX,F
10:32:31,ICBP,RG,9050,29,D,KZ,SQ,D
10:32:31,ICBP,RG,9050,29,D,KZ,BK,F
10:32:31,ICBP,RG,9050,22,D,KZ,BK,F
10:32:31,ICBP,RG,9050,104,D,KZ,KZ,F
10:32:22,ICBP,RG,9050,10,D,OD,KZ,F
10:32:20,ICBP,RG,9050,29,F,ZP,KZ,F
10:31:44,ICBP,RG,9050,1,D,KK,KZ,F
10:31:20,ICBP,RG,9050,1,D,OD,KZ,F
10:30:23,ICBP,RG,9050,35,F,ZP,KZ,F
10:29:59,ICBP,RG,9050,1,D,OD,KZ,F
10:29:51,ICBP,RG,9025,1,D,KK,OD,D
10:29:24,ICBP,RG,9025,10,D,KK,PD,D
10:28:39,ICBP,RG,9050,1,D,OD,KZ,F
10:28:02,ICBP,RG,9050,1,D,PD,KZ,F
10:27:39,ICBP,RG,9050,47,F,ZP,KZ,F
10:27:21,ICBP,RG,9050,1,D,OD,KZ,F
10:27:17,ICBP,RG,9025,1,D,KK,OD,D
10:27:02,ICBP,RG,9050,5,F,GR,KZ,F
10:26:57,ICBP,RG,9050,1,D,PD,KZ,F
10:26:51,ICBP,RG,9050,1,D,AZ,KZ,F
10:26:07,ICBP,RG,9050,1,D,XC,KZ,F
10:26:03,ICBP,RG,9025,5,D,KK,PD,D
10:25:59,ICBP,RG,9050,1,D,OD,KZ,F
10:25:49,ICBP,RG,9050,2,D,LS,KZ,F
10:25:38,ICBP,RG,9050,3,D,XC,KZ,F
10:25:36,ICBP,RG,9050,35,D,PD,KZ,F
10:25:35,ICBP,RG,9050,1,D,XC,KZ,F
10:25:23,ICBP,RG,9050,5,D,EP,KZ,F
10:25:10,ICBP,RG,9025,1,D,KK,XC,D
10:24:59,ICBP,RG,9050,5,D,XC,KZ,F
10:24:55,ICBP,RG,9025,22,D,KK,PD,D
10:24:39,ICBP,RG,9050,69,F,ZP,KZ,F
10:24:39,ICBP,RG,9050,2,F,ZP,SQ,D
10:24:39,ICBP,RG,9050,2,F,ZP,BK,F
10:24:37,ICBP,RG,9050,1,D,OD,BK,F
10:24:37,ICBP,RG,9050,5,D,AI,BK,F
10:24:37,ICBP,RG,9050,8,D,AI,BK,F
10:24:37,ICBP,RG,9050,5,D,AI,LG,D
10:24:37,ICBP,RG,9050,4,D,AI,CS,F
10:24:37,ICBP,RG,9050,3,D,AI,CS,F
10:23:29,ICBP,RG,9025,1,D,KK,PD,D
10:23:26,ICBP,RG,9050,1,F,ZP,CS,F
10:23:26,ICBP,RG,9050,2,F,ZP,OD,D
10:23:26,ICBP,RG,9050,21,F,ZP,RX,F
10:23:17,ICBP,RG,9050,1,D,OD,RX,F
10:22:42,ICBP,RG,9050,1,D,XC,BK,F
10:22:39,ICBP,RG,9050,2,D,SQ,BK,F
10:22:26,ICBP,RG,9050,6,F,ZP,BK,F
10:22:26,ICBP,RG,9050,1,F,ZP,CS,F
10:22:26,ICBP,RG,9050,1,F,ZP,CS,F
10:22:26,ICBP,RG,9050,3,F,ZP,CS,F
10:22:26,ICBP,RG,9050,12,F,ZP,SQ,D
10:22:08,ICBP,RG,9050,1,D,YP,SQ,D
10:22:00,ICBP,RG,9050,1,D,OD,SQ,D
10:21:45,ICBP,RG,9050,50,D,AT,SQ,D
10:21:41,ICBP,RG,9050,36,F,ZP,SQ,D
10:21:41,ICBP,RG,9050,18,F,ZP,BK,F
10:21:41,ICBP,RG,9050,6,F,ZP,BK,F
10:21:27,ICBP,RG,9050,10,F,YU,BK,F
10:21:27,ICBP,RG,9050,1,F,YU,XC,D
10:21:27,ICBP,RG,9050,1,F,YU,OD,D
10:21:27,ICBP,RG,9050,20,F,YU,RX,F
10:21:27,ICBP,RG,9050,18,F,YU,BK,F
10:21:27,ICBP,RG,9050,2,F,YU,MI,D
10:21:27,ICBP,RG,9050,10,F,YU,CS,F
10:21:27,ICBP,RG,9050,1,F,YU,XC,D
10:21:27,ICBP,RG,9050,2,F,YU,PD,D
10:21:27,ICBP,RG,9050,18,F,YU,BK,F
10:21:27,ICBP,RG,9050,11,F,YU,YU,D
10:21:27,ICBP,RG,9050,2,F,YU,YU,D
10:21:27,ICBP,RG,9050,63,F,YU,RX,F
10:21:27,ICBP,RG,9050,29,F,YU,BK,F
10:21:27,ICBP,RG,9050,23,F,YU,BK,F
10:21:27,ICBP,RG,9050,71,F,YU,BK,F
10:21:27,ICBP,RG,9050,3,F,YU,BK,F
10:21:27,ICBP,RG,9050,4,F,YU,CS,F
10:21:27,ICBP,RG,9050,87,F,YU,AK,F
10:21:25,ICBP,RG,9025,9,D,KK,PD,D
10:20:51,ICBP,RG,9025,10,D,KK,PD,D
10:20:42,ICBP,RG,9050,1,D,XC,AK,F
10:20:38,ICBP,RG,9050,1,D,OD,AK,F
10:19:25,ICBP,RG,9025,1,D,KK,OD,D
10:19:22,ICBP,RG,9050,1,D,PD,AK,F
10:19:19,ICBP,RG,9050,1,D,OD,AK,F
10:18:18,ICBP,RG,9050,1,D,PD,AK,F
10:17:55,ICBP,RG,9050,1,D,OD,AK,F
10:17:13,ICBP,RG,9050,3,D,EP,AK,F
10:16:53,ICBP,RG,9025,1,D,KK,OD,D
10:15:53,ICBP,RG,9050,44,D,XC,AK,F
10:15:53,ICBP,RG,9050,7,D,XC,CC,D
10:15:52,ICBP,RG,9050,50,D,LG,CC,D
10:15:52,ICBP,RG,9050,3,F,ZP,CC,D
10:15:52,ICBP,RG,9050,2,D,OD,CC,D
10:15:52,ICBP,RG,9050,1,D,XC,CC,D
10:15:52,ICBP,RG,9050,20,D,KK,CC,D
10:15:52,ICBP,RG,9050,6,D,KK,CC,D
10:15:52,ICBP,RG,9050,1,F,CC,CC,D
10:15:46,ICBP,RG,9050,1,F,CC,DH,D
10:15:46,ICBP,RG,9050,3,D,KI,DH,D
10:14:27,ICBP,RG,9050,3,D,KI,XC,D
10:14:26,ICBP,RG,9075,1,D,XC,GR,D
10:14:21,ICBP,RG,9050,1,D,KI,OD,D
10:13:57,ICBP,RG,9050,5,D,KI,SQ,D
10:13:37,ICBP,RG,9050,1,D,KI,IF,D
10:12:56,ICBP,RG,9050,212,D,KI,KZ,F
10:12:35,ICBP,RG,9050,1,D,OD,AK,F
10:12:35,ICBP,RG,9050,8,D,AK,AK,F
10:12:35,ICBP,RG,9050,6,D,AK,AK,F
10:12:34,ICBP,RG,9050,2,D,AK,YP,D
10:12:20,ICBP,RG,9050,1,D,OD,KZ,F
10:12:20,ICBP,RG,9050,16,D,AK,KZ,F
10:12:20,ICBP,RG,9050,111,D,YP,KZ,F
10:12:20,ICBP,RG,9050,20,D,YP,KZ,F
10:12:20,ICBP,RG,9050,8,D,AK,KZ,F
10:12:20,ICBP,RG,9050,23,D,YP,KZ,F
10:12:20,ICBP,RG,9050,19,D,YP,KZ,F
10:12:20,ICBP,RG,9050,1,D,PD,KZ,F
10:12:20,ICBP,RG,9050,10,D,CC,KZ,F
10:12:20,ICBP,RG,9050,2,D,NI,KZ,F
10:12:20,ICBP,RG,9050,8,D,AK,KZ,F
10:12:20,ICBP,RG,9050,20,D,XA,KZ,F
10:12:20,ICBP,RG,9050,106,F,ZP,KZ,F
10:12:20,ICBP,RG,9050,3,F,YU,KZ,F
10:12:15,ICBP,RG,9050,5,F,YU,DR,D
10:12:09,ICBP,RG,9050,2,F,YU,NI,D
10:11:47,ICBP,RG,9050,1,F,YU,OD,D
10:11:34,ICBP,RG,9075,1,D,PC,GR,D
10:11:34,ICBP,RG,9075,1,D,PC,PD,D
10:11:34,ICBP,RG,9075,1,D,PC,XL,D
10:11:34,ICBP,RG,9075,7,D,PC,NI,D
10:11:30,ICBP,RG,9075,10,D,AK,GR,D
10:11:30,ICBP,RG,9075,1,D,AK,CC,D
10:11:30,ICBP,RG,9075,4,D,AK,PD,D
10:11:05,ICBP,RG,9075,2,D,XC,PD,D
10:10:59,ICBP,RG,9075,1,D,OD,PD,D
10:10:35,ICBP,RG,9075,1,D,IF,PD,D
10:10:25,ICBP,RG,9075,15,F,ZP,YP,D
10:10:25,ICBP,RG,9075,1,F,ZP,YP,D
10:10:25,ICBP,RG,9075,1,F,ZP,CC,D
10:10:25,ICBP,RG,9075,1,F,ZP,PD,D
10:10:25,ICBP,RG,9075,2,F,ZP,PD,D
10:10:25,ICBP,RG,9075,1,F,ZP,PD,D
10:10:25,ICBP,RG,9075,21,F,ZP,PD,D
10:10:25,ICBP,RG,9075,5,F,ZP,PD,D
10:10:25,ICBP,RG,9075,5,F,ZP,YP,D
10:10:25,ICBP,RG,9075,1,F,ZP,PD,D
10:10:25,ICBP,RG,9075,16,F,ZP,SQ,D
10:10:25,ICBP,RG,9075,15,F,ZP,AT,D
10:10:25,ICBP,RG,9075,79,F,ZP,SQ,D
10:10:18,ICBP,RG,9075,5,D,SQ,SQ,D
10:09:50,ICBP,RG,9075,1,D,EP,SQ,D
10:09:40,ICBP,RG,9075,1,D,OD,SQ,D
10:09:40,ICBP,RG,9050,1,F,YU,PD,D
10:09:29,ICBP,RG,9050,1,F,YU,NI,D
10:09:08,ICBP,RG,9050,1,F,YU,OD,D
10:08:57,ICBP,RG,9075,2,D,DH,SQ,D
10:08:42,ICBP,RG,9075,4,D,CC,SQ,D
10:08:30,ICBP,RG,9075,1,D,EP,SQ,D
10:08:10,ICBP,RG,9075,1,D,KK,SQ,D
10:07:57,ICBP,RG,9075,6,D,DH,SQ,D
10:07:57,ICBP,RG,9075,2,D,DH,NI,D
10:07:57,ICBP,RG,9075,47,D,DH,KZ,F
10:07:40,ICBP,RG,9075,1,D,CC,KZ,F
10:07:40,ICBP,RG,9075,10,D,CC,PD,D
10:07:39,ICBP,RG,9050,2,F,YU,PD,D
10:07:07,ICBP,RG,9075,4,D,XC,PD,D
10:07:05,ICBP,RG,9050,4,F,YU,DR,D
10:06:58,ICBP,RG,9075,1,D,OD,PD,D
10:06:35,ICBP,RG,9050,4,F,YU,CS,F
10:06:35,ICBP,RG,9050,5,F,YU,CS,F
10:06:35,ICBP,RG,9050,8,F,YU,BK,F
10:06:35,ICBP,RG,9050,2,F,YU,XC,D
10:06:35,ICBP,RG,9050,5,F,YU,CS,F
10:06:35,ICBP,RG,9050,4,F,YU,CS,F
10:06:35,ICBP,RG,9050,1,F,YU,AT,D
10:06:35,ICBP,RG,9050,2,F,YU,CC,D
10:06:35,ICBP,RG,9050,43,F,YU,KK,D
10:06:00,ICBP,RG,9050,10,D,OD,KK,D
10:05:48,ICBP,RG,9050,14,F,YU,KK,D
10:05:48,ICBP,RG,9050,1,F,YU,NI,D
10:05:48,ICBP,RG,9050,1,F,YU,PD,D
10:05:48,ICBP,RG,9050,1,F,YU,PD,D
10:05:48,ICBP,RG,9050,2,F,YU,PD,D
10:05:48,ICBP,RG,9050,30,F,YU,KZ,F
10:05:48,ICBP,RG,9050,29,F,YU,PD,D
10:05:48,ICBP,RG,9050,5,F,YU,CC,D
10:05:48,ICBP,RG,9050,11,F,YU,BK,F
10:05:46,ICBP,RG,9050,4,D,YP,BK,F
10:05:38,ICBP,RG,9050,1,D,OD,BK,F
10:05:35,ICBP,RG,9050,1,D,XC,BK,F
10:05:29,ICBP,RG,9050,1,D,YB,BK,F
10:05:05,ICBP,RG,9025,10,D,KK,AT,D
10:04:52,ICBP,RG,9025,6,D,KK,CS,F
10:04:52,ICBP,RG,9025,8,D,KK,CS,F
10:04:52,ICBP,RG,9025,7,D,KK,CS,F
10:04:52,ICBP,RG,9025,152,D,KK,BK,F
10:04:37,ICBP,RG,9025,1,D,XC,BK,F
10:04:37,ICBP,RG,9025,20,D,YP,BK,F
10:04:36,ICBP,RG,9025,1,D,PD,BK,F
10:04:35,ICBP,RG,9000,21,D,YP,BK,F
10:04:34,ICBP,RG,9025,13,F,ZP,BK,F
10:04:34,ICBP,RG,9025,1,F,ZP,OD,D
10:04:34,ICBP,RG,9025,2,F,ZP,PD,D
10:04:34,ICBP,RG,9025,5,F,ZP,CS,F
10:04:34,ICBP,RG,9025,2,F,ZP,SQ,D
10:04:34,ICBP,RG,9025,9,F,ZP,CS,F
10:04:34,ICBP,RG,9025,6,F,ZP,CS,F
10:04:34,ICBP,RG,9025,122,F,ZP,KZ,F
10:04:33,ICBP,RG,9025,88,F,BK,KZ,F
10:04:33,ICBP,RG,9025,6,F,BK,CS,F
10:04:33,ICBP,RG,9025,19,F,BK,RX,F
10:04:33,ICBP,RG,9025,10,F,BK,PD,D
10:04:33,ICBP,RG,9025,6,F,BK,CS,F
10:04:33,ICBP,RG,9025,5,F,BK,DR,D
10:04:33,ICBP,RG,9025,2,F,BK,CS,F
10:04:33,ICBP,RG,9025,4,F,BK,NI,D
10:04:33,ICBP,RG,9025,14,F,BK,YU,D
10:04:33,ICBP,RG,9025,1,F,BK,NI,D
10:04:33,ICBP,RG,9025,11,F,BK,CS,F
10:04:33,ICBP,RG,9025,2,F,BK,PD,D
10:04:33,ICBP,RG,9025,100,F,BK,SQ,D
10:04:33,ICBP,RG,9025,1,F,BK,DH,D
10:04:33,ICBP,RG,9025,6,F,BK,CS,F
10:04:33,ICBP,RG,9025,1,F,BK,XC,D
10:04:33,ICBP,RG,9025,2,F,BK,BK,F
10:04:33,ICBP,RG,9025,100,F,BK,SQ,D
10:04:33,ICBP,RG,9025,1,F,BK,CC,D
10:04:33,ICBP,RG,9025,10,F,BK,YP,D
10:04:33,ICBP,RG,9025,49,F,BK,RX,F
10:04:33,ICBP,RG,9025,14,F,BK,BK,F
10:04:33,ICBP,RG,9025,100,F,BK,SQ,D
10:04:33,ICBP,RG,9025,1,F,BK,GR,D
10:04:33,ICBP,RG,9025,20,F,BK,XC,D
10:04:33,ICBP,RG,9025,1,F,BK,PD,D
10:04:33,ICBP,RG,9025,9,F,BK,YP,D
10:04:33,ICBP,RG,9025,1,F,BK,GR,D
10:04:33,ICBP,RG,9025,1,F,BK,PD,D
10:04:33,ICBP,RG,9025,2,F,BK,YP,D
10:04:33,ICBP,RG,9025,127,F,BK,RX,F
10:04:33,ICBP,RG,9025,21,F,BK,BK,F
10:04:33,ICBP,RG,9025,15,F,BK,BK,F
10:04:32,ICBP,RG,9025,1,D,PD,BK,F
10:04:18,ICBP,RG,9025,1,D,OD,BK,F
10:04:17,ICBP,RG,9025,94,F,YU,BK,F
10:04:17,ICBP,RG,9025,13,F,YU,BK,F
10:04:17,ICBP,RG,9025,81,F,YU,BK,F
10:04:16,ICBP,RG,9025,94,F,YU,BK,F
10:04:16,ICBP,RG,9025,94,F,YU,BK,F
10:04:16,ICBP,RG,9000,1,D,YP,BK,F
10:04:16,ICBP,RG,9000,1,D,PD,BK,F
10:04:16,ICBP,RG,9000,1,D,YP,BK,F
10:04:16,ICBP,RG,9000,2,D,NI,BK,F
10:04:16,ICBP,RG,9000,8,D,AK,BK,F
10:04:16,ICBP,RG,9000,1,D,YU,BK,F
10:04:16,ICBP,RG,9000,5,D,CC,BK,F
10:04:16,ICBP,RG,9000,1,D,AI,BK,F
10:04:11,ICBP,RG,9000,1,D,AI,SQ,D
10:04:11,ICBP,RG,9000,2,D,XC,SQ,D
10:04:11,ICBP,RG,9000,1,D,EP,SQ,D
10:04:11,ICBP,RG,9000,3,D,XC,SQ,D
10:04:11,ICBP,RG,9000,19,D,NI,SQ,D
10:04:11,ICBP,RG,9000,1,D,XC,SQ,D
10:04:11,ICBP,RG,9000,5,D,XC,SQ,D
10:04:11,ICBP,RG,9000,68,F,ZP,SQ,D
10:04:11,ICBP,RG,9000,5,F,ZP,BK,F
10:04:11,ICBP,RG,9000,1,D,PD,BK,F
10:04:11,ICBP,RG,9000,8,D,CC,BK,F
10:04:06,ICBP,RG,9000,22,D,CC,BK,F
10:04:05,ICBP,RG,9000,1,D,PD,BK,F
10:04:05,ICBP,RG,9000,1,D,YP,BK,F
10:04:05,ICBP,RG,9000,8,D,AK,BK,F
10:04:05,ICBP,RG,9000,2,D,YP,BK,F
10:04:03,ICBP,RG,9025,18,D,DR,BK,F
10:04:03,ICBP,RG,9025,182,D,DR,KZ,F
10:03:45,ICBP,RG,9025,7,D,AK,KZ,F
10:03:17,ICBP,RG,9000,1,D,NI,BK,F
10:03:17,ICBP,RG,9000,1,D,PD,BK,F
10:03:17,ICBP,RG,9000,2,D,NI,BK,F
10:03:17,ICBP,RG,9000,1,D,YP,BK,F
10:03:17,ICBP,RG,9000,10,D,PD,BK,F
10:03:17,ICBP,RG,9000,1,D,DH,BK,F
10:03:14,ICBP,RG,9025,20,D,CP,KZ,F
10:03:09,ICBP,RG,9000,1,D,DH,XC,D
10:02:26,ICBP,RG,9000,2,D,DH,NI,D
10:02:16,ICBP,RG,9000,15,D,DH,BK,F
10:02:05,ICBP,RG,9000,1,D,DH,DH,D
10:01:38,ICBP,RG,9025,1,D,OD,KZ,F
10:01:18,ICBP,RG,9000,1,D,DH,OD,D
10:00:36,ICBP,RG,9000,12,D,DH,BK,F
10:00:35,ICBP,RG,9000,15,D,DH,BK,F
10:00:20,ICBP,RG,9025,20,D,NI,KZ,F
10:00:12,ICBP,RG,9025,1,D,OD,KZ,F
10:00:05,ICBP,RG,9025,1,D,CC,KZ,F
9:59:45,ICBP,RG,9025,7,D,AK,KZ,F
9:59:16,ICBP,RG,9000,12,D,DH,BK,F
9:59:13,ICBP,RG,9000,13,D,DH,BK,F
9:59:08,ICBP,RG,9025,2,D,PD,KZ,F
9:58:47,ICBP,RG,9025,1,D,OD,KZ,F
9:58:35,ICBP,RG,9000,1,D,DH,OD,D
9:58:23,ICBP,RG,9025,1,D,PD,KZ,F
9:58:07,ICBP,RG,9000,8,D,DH,BK,F
9:58:05,ICBP,RG,9000,11,D,DH,BK,F
9:57:24,ICBP,RG,9025,1,D,OD,KZ,F
9:57:01,ICBP,RG,9025,1,D,YB,KZ,F
9:56:49,ICBP,RG,9025,1,D,YP,KZ,F
9:56:44,ICBP,RG,9000,7,D,DH,BK,F
9:56:44,ICBP,RG,9000,7,D,ZP,BK,F
9:56:04,ICBP,RG,9025,2,D,EP,KZ,F
9:56:01,ICBP,RG,9000,1,D,ZP,OD,D
9:55:59,ICBP,RG,9025,1,D,OD,KZ,F
9:55:38,ICBP,RG,9000,13,D,ZP,BK,F
9:55:37,ICBP,RG,9000,22,D,ZP,CC,D
9:55:21,ICBP,RG,9000,1,D,ZP,PD,D
9:55:18,ICBP,RG,9025,1,D,PD,KZ,F
9:55:09,ICBP,RG,9000,16,D,ZP,BK,F
9:54:46,ICBP,RG,9000,7,D,ZP,XC,D
9:54:28,ICBP,RG,9000,16,D,ZP,BK,F
9:54:25,ICBP,RG,9000,17,D,ZP,KK,D
9:54:25,ICBP,RG,9000,1,D,DR,KK,D
9:54:25,ICBP,RG,9000,3,D,SQ,KK,D
9:54:25,ICBP,RG,9000,1,D,EP,KK,D
9:54:25,ICBP,RG,9000,5,D,YP,KK,D
9:54:25,ICBP,RG,9000,3,D,YP,KK,D
9:54:21,ICBP,RG,9000,4,D,YP,BK,F
9:54:21,ICBP,RG,9000,4,D,NI,BK,F
9:54:19,ICBP,RG,9025,5,D,KK,KZ,F
9:53:43,ICBP,RG,9025,1,D,CC,KZ,F
9:53:19,ICBP,RG,9000,1,D,NI,OD,D
9:53:17,ICBP,RG,9025,1,D,OD,KZ,F
9:52:35,ICBP,RG,9000,5,D,NI,BK,F
9:52:35,ICBP,RG,9000,3,F,ZP,BK,F
9:52:33,ICBP,RG,9000,15,F,ZP,BK,F
9:52:17,ICBP,RG,9025,10,D,OD,KZ,F
9:51:59,ICBP,RG,9025,1,D,OD,KZ,F
9:51:51,ICBP,RG,9000,5,F,ZP,AZ,D
9:51:36,ICBP,RG,9000,16,F,ZP,BK,F
9:51:32,ICBP,RG,9000,39,F,ZP,RX,F
9:51:26,ICBP,RG,9000,10,F,ZP,BK,F
9:51:23,ICBP,RG,9000,14,F,ZP,BK,F
9:51:23,ICBP,RG,9000,8,D,CC,BK,F
9:51:17,ICBP,RG,9000,12,D,CC,BK,F
9:51:17,ICBP,RG,9000,6,D,XC,BK,F
9:51:17,ICBP,RG,9000,2,D,YP,BK,F
9:51:17,ICBP,RG,9000,10,F,ZP,BK,F
9:51:17,ICBP,RG,9000,1,D,NI,BK,F
9:51:17,ICBP,RG,9000,1,D,YP,BK,F
9:51:17,ICBP,RG,9000,1,D,YP,BK,F
9:51:17,ICBP,RG,9000,2,D,YB,BK,F
9:51:17,ICBP,RG,9000,3,D,PD,BK,F
9:51:17,ICBP,RG,9000,1,D,YP,BK,F
9:51:17,ICBP,RG,9000,2,D,XC,BK,F
9:51:17,ICBP,RG,9000,1,D,CC,BK,F
9:51:17,ICBP,RG,9000,1,D,PD,BK,F
9:51:17,ICBP,RG,9000,10,D,CC,BK,F
9:51:17,ICBP,RG,9000,1,D,PD,BK,F
9:51:17,ICBP,RG,9000,1,D,XC,BK,F
9:51:17,ICBP,RG,9000,3,D,YP,BK,F
9:51:17,ICBP,RG,9000,36,D,YP,BK,F
9:51:16,ICBP,RG,9000,64,D,YP,KZ,F
9:51:16,ICBP,RG,9000,5,D,YP,KZ,F
9:51:16,ICBP,RG,9000,6,D,PD,KZ,F
9:51:16,ICBP,RG,9000,10,D,YP,KZ,F
9:51:16,ICBP,RG,9000,2,D,PD,KZ,F
9:51:16,ICBP,RG,9000,2,D,YP,KZ,F
9:51:16,ICBP,RG,9000,10,D,FZ,KZ,F
9:51:16,ICBP,RG,9000,1,D,YP,KZ,F
9:51:16,ICBP,RG,9000,1,D,YP,KZ,F
9:51:16,ICBP,RG,9000,5,D,AZ,KZ,F
9:51:16,ICBP,RG,9000,5,D,SQ,KZ,F
9:51:16,ICBP,RG,9000,16,D,PD,KZ,F
9:51:16,ICBP,RG,9000,5,D,AZ,KZ,F
9:51:16,ICBP,RG,9000,5,D,SQ,KZ,F
9:51:16,ICBP,RG,9000,1,D,PD,KZ,F
9:51:16,ICBP,RG,9000,10,D,YP,KZ,F
9:51:16,ICBP,RG,9000,2,D,BQ,KZ,F
9:51:16,ICBP,RG,9000,1,D,XC,KZ,F
9:51:16,ICBP,RG,9000,1,D,PD,KZ,F
9:51:16,ICBP,RG,9000,1,D,PD,KZ,F
9:51:16,ICBP,RG,9000,5,D,KK,KZ,F
9:51:16,ICBP,RG,9000,25,D,SQ,KZ,F
9:51:16,ICBP,RG,9000,1,D,PD,KZ,F
9:51:16,ICBP,RG,9000,3,D,DH,KZ,F
9:51:16,ICBP,RG,9000,1,D,YU,KZ,F
9:51:16,ICBP,RG,9000,3,D,GR,KZ,F
9:51:16,ICBP,RG,9000,6,D,YP,KZ,F
9:51:16,ICBP,RG,9000,2,D,PD,KZ,F
9:51:16,ICBP,RG,9000,5,D,PD,KZ,F
9:51:16,ICBP,RG,9000,1,D,PD,KZ,F
9:51:16,ICBP,RG,9000,1,D,KK,KZ,F
9:51:16,ICBP,RG,9000,10,D,TP,KZ,F
9:51:16,ICBP,RG,9000,10,D,SQ,KZ,F
9:51:16,ICBP,RG,9000,2,D,XC,KZ,F
9:51:16,ICBP,RG,9000,3,D,YP,KZ,F
9:51:16,ICBP,RG,9000,1,D,PC,KZ,F
9:51:16,ICBP,RG,9000,10,D,PD,KZ,F
9:51:16,ICBP,RG,9000,1,D,EP,KZ,F
9:51:16,ICBP,RG,9000,2,D,PD,KZ,F
9:51:16,ICBP,RG,9000,1,D,AZ,KZ,F
9:51:16,ICBP,RG,9000,1,D,YP,KZ,F
9:51:16,ICBP,RG,9000,3,D,AI,KZ,F
9:51:16,ICBP,RG,9000,10,D,KK,KZ,F
9:51:16,ICBP,RG,9000,10,D,YU,KZ,F
9:51:16,ICBP,RG,9000,1,D,PD,KZ,F
9:51:16,ICBP,RG,9000,2,D,XC,KZ,F
9:51:16,ICBP,RG,9000,1,D,PD,KZ,F
9:51:16,ICBP,RG,9000,5,D,DH,KZ,F
9:51:16,ICBP,RG,9000,6,D,YP,KZ,F
9:51:16,ICBP,RG,9000,130,D,YP,KZ,F
9:51:09,ICBP,RG,9000,9,D,YP,BK,F
9:50:43,ICBP,RG,9000,9,D,YP,RX,F
9:50:37,ICBP,RG,9025,1,D,OD,KZ,F
9:50:37,ICBP,RG,9000,1,D,YP,OD,D
9:50:05,ICBP,RG,9000,18,D,YP,BK,F
9:50:04,ICBP,RG,9000,31,D,YP,EP,D
9:50:02,ICBP,RG,9000,1,D,YP,HP,D
9:50:01,ICBP,RG,9025,1,D,YP,KZ,F
9:49:53,ICBP,RG,9025,2,D,GR,KZ,F
9:49:44,ICBP,RG,9000,9,D,YP,BK,F
9:49:15,ICBP,RG,9025,5,D,AZ,KZ,F
9:49:09,ICBP,RG,9025,1,D,YP,KZ,F
9:49:09,ICBP,RG,9000,8,D,YP,RX,F
9:48:59,ICBP,RG,9000,6,D,YP,HP,D
9:48:02,ICBP,RG,9000,1,D,SQ,OD,D
9:47:54,ICBP,RG,9025,1,D,OD,KZ,F
9:47:47,ICBP,RG,9000,4,D,SQ,BK,F
9:47:47,ICBP,RG,9000,2,D,CC,BK,F
9:47:47,ICBP,RG,9000,2,D,CC,BK,F
9:47:47,ICBP,RG,9000,1,D,CC,BK,F
9:47:47,ICBP,RG,9000,1,D,XC,BK,F
9:47:47,ICBP,RG,9000,2,D,YP,BK,F
9:47:45,ICBP,RG,9025,1,D,PD,KZ,F
9:47:44,ICBP,RG,9000,7,D,YP,RX,F
9:47:44,ICBP,RG,9000,1,D,PD,RX,F
9:47:44,ICBP,RG,9000,2,D,PD,RX,F
9:47:39,ICBP,RG,9000,1,D,PD,YP,D
9:47:38,ICBP,RG,9025,2,D,XL,KZ,F
9:47:21,ICBP,RG,9025,1,D,PD,KZ,F
9:47:21,ICBP,RG,9025,1,D,XL,KZ,F
9:47:19,ICBP,RG,9000,7,D,PD,BK,F
9:47:19,ICBP,RG,9000,1,D,YB,BK,F
9:47:14,ICBP,RG,9000,1,D,YB,BK,F
9:47:14,ICBP,RG,9000,10,D,SQ,BK,F
9:47:14,ICBP,RG,9000,1,D,YP,BK,F
9:47:14,ICBP,RG,9000,3,D,KK,BK,F
9:46:46,ICBP,RG,9025,1,D,NI,KZ,F
9:46:35,ICBP,RG,9025,1,D,EP,KZ,F
9:46:10,ICBP,RG,9025,1,D,XC,KZ,F
9:45:58,ICBP,RG,9000,2,D,KK,BK,F
9:45:58,ICBP,RG,9000,1,D,PD,BK,F
9:45:58,ICBP,RG,9000,7,D,YP,BK,F
9:45:55,ICBP,RG,9000,4,D,YP,RX,F
9:45:55,ICBP,RG,9000,10,D,YP,RX,F
9:45:55,ICBP,RG,9000,1,D,YP,RX,F
9:45:55,ICBP,RG,9000,1,D,YP,RX,F
9:45:55,ICBP,RG,9000,1,D,YP,RX,F
9:45:55,ICBP,RG,9000,6,D,YP,RX,F
9:45:55,ICBP,RG,9000,1,D,YP,RX,F
9:45:55,ICBP,RG,9000,1,D,CC,RX,F
9:45:55,ICBP,RG,9000,1,D,YP,RX,F
9:45:55,ICBP,RG,9000,1,D,YJ,RX,F
9:45:48,ICBP,RG,9000,13,D,YJ,CC,D
9:45:31,ICBP,RG,9000,10,D,YJ,BK,F
9:45:24,ICBP,RG,9000,1,D,YJ,OD,D
9:45:12,ICBP,RG,9000,9,D,YJ,BK,F
9:45:08,ICBP,RG,9025,5,D,RO,KZ,F
9:44:34,ICBP,RG,9025,3,D,PD,KZ,F
9:44:27,ICBP,RG,9025,4,D,LS,KZ,F
9:44:25,ICBP,RG,9000,10,D,YJ,PD,D
9:44:21,ICBP,RG,9025,3,D,CC,KZ,F
9:44:04,ICBP,RG,9000,8,D,YJ,BK,F
9:43:50,ICBP,RG,9025,1,D,PD,KZ,F
9:42:56,ICBP,RG,9025,2,D,PD,KZ,F
9:42:52,ICBP,RG,9000,1,D,YJ,CC,D
9:42:28,ICBP,RG,9000,11,D,YJ,BK,F
9:42:27,ICBP,RG,9025,4,D,FS,KZ,F
9:42:26,ICBP,RG,9000,9,D,YJ,BK,F
9:42:18,ICBP,RG,9000,12,D,YJ,YU,D
9:42:09,ICBP,RG,9000,10,D,YJ,RX,F
9:41:42,ICBP,RG,9025,1,D,XC,KZ,F
9:41:22,ICBP,RG,9025,1,D,EP,KZ,F
9:41:03,ICBP,RG,9000,5,D,YJ,BK,F
9:41:03,ICBP,RG,9000,2,D,CC,BK,F
9:41:03,ICBP,RG,9000,1,D,GR,BK,F
9:41:03,ICBP,RG,9000,3,D,PD,BK,F
9:40:59,ICBP,RG,9000,2,D,PD,RX,F
9:40:59,ICBP,RG,9000,3,D,GR,RX,F
9:40:59,ICBP,RG,9000,1,D,DH,RX,F
9:40:59,ICBP,RG,9000,2,D,PD,RX,F
9:40:59,ICBP,RG,9000,3,D,DR,RX,F
9:40:59,ICBP,RG,9000,1,D,PD,RX,F
9:40:56,ICBP,RG,9000,1,D,AZ,BK,F
9:40:56,ICBP,RG,9000,7,D,YB,BK,F
9:40:55,ICBP,RG,9025,1,D,TF,KZ,F
9:40:31,ICBP,RG,9000,1,D,YB,YP,D
9:40:30,ICBP,RG,9000,1,D,KK,YP,D
9:40:29,ICBP,RG,9000,1,D,ZP,YP,D
9:40:27,ICBP,RG,9000,1,D,YB,YP,D
9:40:26,ICBP,RG,9000,1,D,YB,YP,D
9:40:24,ICBP,RG,9000,1,D,YB,YP,D
9:40:23,ICBP,RG,9000,1,D,YB,YP,D
9:40:21,ICBP,RG,9000,1,D,YB,YP,D
9:40:19,ICBP,RG,9000,1,D,YJ,YP,D
9:40:17,ICBP,RG,9000,1,D,YJ,YP,D
9:40:16,ICBP,RG,9000,1,D,YJ,YP,D
9:40:13,ICBP,RG,9000,1,D,YJ,YP,D
9:40:13,ICBP,RG,9000,1,D,YJ,YB,D
9:40:13,ICBP,RG,9000,1,D,YP,YB,D
9:40:12,ICBP,RG,9000,1,D,YP,OD,D
9:40:11,ICBP,RG,9000,1,D,YP,YP,D
9:40:09,ICBP,RG,9000,1,D,YP,YP,D
9:40:02,ICBP,RG,9025,3,D,XC,KZ,F
9:39:51,ICBP,RG,9000,1,D,YP,YP,D
9:39:49,ICBP,RG,9000,1,D,YP,YP,D
9:39:48,ICBP,RG,9000,1,D,YP,SQ,D
9:39:47,ICBP,RG,9000,1,D,YP,YP,D
9:39:45,ICBP,RG,9000,2,D,YP,CC,D
9:39:45,ICBP,RG,9000,1,D,YP,YP,D
9:39:27,ICBP,RG,9000,1,D,YP,YP,D
9:39:25,ICBP,RG,9000,10,D,YP,RX,F
9:39:23,ICBP,RG,9000,18,D,YP,BK,F
9:39:21,ICBP,RG,9000,6,D,YP,YP,D
9:39:14,ICBP,RG,9000,3,D,YP,KK,D
9:39:02,ICBP,RG,9000,2,D,YP,PD,D
9:38:55,ICBP,RG,9000,20,D,YP,YP,D
9:38:44,ICBP,RG,9000,12,D,YP,BK,F
9:38:31,ICBP,RG,9025,3,D,CC,KZ,F
9:38:23,ICBP,RG,9000,1,D,YP,YP,D
9:38:22,ICBP,RG,9025,1,D,YP,KZ,F
9:38:04,ICBP,RG,9000,15,D,YP,BK,F
9:37:59,ICBP,RG,9025,5,D,PD,KZ,F
9:37:56,ICBP,RG,9025,1,D,XC,KZ,F
9:37:52,ICBP,RG,9025,50,D,PD,KZ,F
9:37:43,ICBP,RG,9000,16,D,YP,BK,F
9:37:40,ICBP,RG,9000,5,D,YP,YP,D
9:37:30,ICBP,RG,9000,9,D,YP,BK,F
9:37:26,ICBP,RG,9025,1,D,KK,KZ,F
9:37:08,ICBP,RG,9000,9,D,YP,BK,F
9:37:07,ICBP,RG,9025,1,D,DR,KZ,F
9:37:03,ICBP,RG,9000,15,D,YP,BK,F
9:37:01,ICBP,RG,9025,4,D,CC,BK,F
9:37:00,ICBP,RG,9025,3,D,CC,BK,F
9:37:00,ICBP,RG,9025,9,D,AK,BK,F
9:37:00,ICBP,RG,9025,1,D,YP,BK,F
9:37:00,ICBP,RG,9025,10,D,KK,BK,F
9:37:00,ICBP,RG,9025,1,D,XL,BK,F
9:37:00,ICBP,RG,9025,1,D,SQ,BK,F
9:37:00,ICBP,RG,9025,5,D,YP,BK,F
9:37:00,ICBP,RG,9025,32,D,CC,BK,F
9:36:58,ICBP,RG,9025,8,D,CC,XC,D
9:36:58,ICBP,RG,9025,1,F,ZP,XC,D
9:36:58,ICBP,RG,9025,2,D,XC,XC,D
9:36:58,ICBP,RG,9025,34,F,ZP,XC,D
9:36:58,ICBP,RG,9025,2,D,XC,XC,D
9:36:58,ICBP,RG,9025,2,D,XC,XC,D
9:36:58,ICBP,RG,9025,2,D,CC,XC,D
9:36:58,ICBP,RG,9025,10,D,CC,XC,D
9:36:58,ICBP,RG,9025,2,D,PD,XC,D
9:36:58,ICBP,RG,9025,1,D,KK,XC,D
9:36:58,ICBP,RG,9025,2,D,XL,XC,D
9:36:58,ICBP,RG,9025,1,D,YP,XC,D
9:36:58,ICBP,RG,9025,1,D,YP,XC,D
9:36:58,ICBP,RG,9025,10,D,CC,XC,D
9:36:58,ICBP,RG,9025,2,D,YP,XC,D
9:36:58,ICBP,RG,9025,10,D,IP,XC,D
9:36:58,ICBP,RG,9025,100,D,PD,XC,D
9:36:58,ICBP,RG,9025,5,D,CC,XC,D
9:36:58,ICBP,RG,9025,10,D,CC,XC,D
9:36:58,ICBP,RG,9025,5,D,CC,XC,D
9:36:58,ICBP,RG,9025,1,D,GR,XC,D
9:36:58,ICBP,RG,9025,1,D,XC,XC,D
9:36:58,ICBP,RG,9025,1,D,CC,XC,D
9:36:58,ICBP,RG,9025,1,D,YP,XC,D
9:36:58,ICBP,RG,9025,4,D,CC,XC,D
9:36:58,ICBP,RG,9025,5,D,CC,XC,D
9:36:58,ICBP,RG,9025,10,D,XA,XC,D
9:36:58,ICBP,RG,9025,52,D,SH,XC,D
9:36:48,ICBP,RG,9025,3,D,SH,PD,D
9:35:55,ICBP,RG,9025,8,D,SH,BK,F
9:35:35,ICBP,RG,9025,1,D,SH,YP,D
9:34:56,ICBP,RG,9025,10,D,SH,BK,F
9:34:51,ICBP,RG,9025,1,D,SH,OD,D
9:34:48,ICBP,RG,9025,8,D,SH,BK,F
9:34:47,ICBP,RG,9025,1,D,SH,YP,D
9:34:42,ICBP,RG,9025,2,D,SH,YP,D
9:34:32,ICBP,RG,9025,1,D,SH,EP,D
9:34:22,ICBP,RG,9025,9,D,SH,BK,F
9:34:16,ICBP,RG,9050,1,D,XC,BK,F
9:34:16,ICBP,RG,9050,3,D,AK,BK,F
9:34:12,ICBP,RG,9050,6,D,AK,BK,F
9:34:12,ICBP,RG,9050,1,D,YP,BK,F
9:34:12,ICBP,RG,9050,1,D,YP,BK,F
9:34:12,ICBP,RG,9050,24,F,ZP,BK,F
9:34:10,ICBP,RG,9050,65,F,ZP,SQ,D
9:34:10,ICBP,RG,9050,21,D,AK,SQ,D
9:34:10,ICBP,RG,9050,1,D,PD,SQ,D
9:34:10,ICBP,RG,9050,2,D,YP,SQ,D
9:34:10,ICBP,RG,9050,9,D,AK,SQ,D
9:34:10,ICBP,RG,9050,11,D,XL,SQ,D
9:34:10,ICBP,RG,9050,10,D,CC,SQ,D
9:34:10,ICBP,RG,9050,12,D,XC,SQ,D
9:34:10,ICBP,RG,9050,2,D,XC,SQ,D
9:34:10,ICBP,RG,9050,17,D,CC,SQ,D
9:34:08,ICBP,RG,9050,8,D,CC,KK,D
9:33:56,ICBP,RG,9050,4,D,CC,PD,D
9:33:46,ICBP,RG,9050,15,D,CC,NI,D
9:33:45,ICBP,RG,9050,1,D,CC,GR,D
9:33:36,ICBP,RG,9050,5,D,CC,KZ,F
9:33:36,ICBP,RG,9050,50,D,RG,KZ,F
9:33:36,ICBP,RG,9050,72,F,ZP,KZ,F
9:33:36,ICBP,RG,9050,5,D,DR,KZ,F
9:33:36,ICBP,RG,9050,23,D,XC,KZ,F
9:33:36,ICBP,RG,9050,1,D,XC,KZ,F
9:33:36,ICBP,RG,9050,1,D,GR,KZ,F
9:33:36,ICBP,RG,9050,2,D,CC,KZ,F
9:33:36,ICBP,RG,9050,10,D,PD,KZ,F
9:33:36,ICBP,RG,9050,30,D,CC,KZ,F
9:33:36,ICBP,RG,9050,50,D,PD,KZ,F
9:33:36,ICBP,RG,9050,33,D,AI,KZ,F
9:33:35,ICBP,RG,9050,27,D,AI,EP,D
9:33:35,ICBP,RG,9050,1,D,PD,EP,D
9:33:35,ICBP,RG,9050,2,D,PD,EP,D
9:33:35,ICBP,RG,9050,1,D,KK,EP,D
9:33:35,ICBP,RG,9050,8,D,AK,EP,D
9:33:35,ICBP,RG,9050,2,D,YB,EP,D
9:33:35,ICBP,RG,9050,8,F,ZP,EP,D
9:33:28,ICBP,RG,9050,1,F,ZP,YP,D
9:33:08,ICBP,RG,9050,5,F,ZP,PD,D
9:33:01,ICBP,RG,9050,3,F,ZP,CC,D
9:32:34,ICBP,RG,9050,8,F,ZP,CC,D
9:32:34,ICBP,RG,9050,1,D,XC,CC,D
9:32:34,ICBP,RG,9050,4,D,PD,CC,D
9:32:34,ICBP,RG,9050,1,D,YP,CC,D
9:32:34,ICBP,RG,9050,10,D,AZ,CC,D
9:32:34,ICBP,RG,9050,8,D,AK,CC,D
9:32:34,ICBP,RG,9050,11,F,ZP,CC,D
9:32:34,ICBP,RG,9050,22,D,YJ,CC,D
9:32:15,ICBP,RG,9075,1,D,YP,PD,D
9:31:36,ICBP,RG,9075,1,D,XL,PD,D
9:31:23,ICBP,RG,9075,1,D,AZ,PD,D
9:30:41,ICBP,RG,9075,1,D,PD,PD,D
9:30:22,ICBP,RG,9075,10,D,NI,PD,D
9:29:33,ICBP,RG,9050,1,D,YJ,OD,D
9:28:11,ICBP,RG,9075,4,D,XC,PD,D
9:27:00,ICBP,RG,9075,1,D,PD,PD,D
9:26:57,ICBP,RG,9050,1,D,YJ,OD,D
9:26:53,ICBP,RG,9050,1,D,YJ,XC,D
9:26:09,ICBP,RG,9050,6,D,YJ,EP,D
9:25:51,ICBP,RG,9050,2,D,YJ,PD,D
9:25:33,ICBP,RG,9050,4,D,YJ,MU,D
9:25:31,ICBP,RG,9050,6,D,YJ,EP,D
9:25:21,ICBP,RG,9050,2,D,YJ,PD,D
9:24:45,ICBP,RG,9050,5,D,YJ,CC,D
9:24:41,ICBP,RG,9050,1,D,YJ,NI,D
9:24:25,ICBP,RG,9050,5,D,YJ,KK,D
9:23:48,ICBP,RG,9050,3,D,YJ,AI,D
9:23:28,ICBP,RG,9075,1,D,PD,PD,D
9:22:19,ICBP,RG,9075,1,D,PD,PD,D
9:21:41,ICBP,RG,9050,1,D,YJ,NI,D
9:21:21,ICBP,RG,9050,1,D,YJ,OD,D
9:21:21,ICBP,RG,9050,2,D,YJ,AZ,D
9:21:21,ICBP,RG,9050,45,D,YJ,BK,F
9:21:21,ICBP,RG,9050,5,D,YJ,DH,D
9:21:21,ICBP,RG,9050,1,D,YJ,OD,D
9:21:21,ICBP,RG,9050,36,D,YJ,CC,D
9:21:17,ICBP,RG,9050,3,D,MG,CC,D
9:21:12,ICBP,RG,9050,14,D,PC,CC,D
9:21:03,ICBP,RG,9050,3,D,YB,CC,D
9:20:54,ICBP,RG,9050,3,D,YB,CC,D
9:20:36,ICBP,RG,9050,1,D,XA,CC,D
9:20:36,ICBP,RG,9050,9,D,XA,XC,D
9:19:57,ICBP,RG,9050,1,D,YP,XC,D
9:19:51,ICBP,RG,9050,17,D,SQ,XC,D
9:19:51,ICBP,RG,9050,24,D,SQ,BK,F
9:19:51,ICBP,RG,9050,8,D,SQ,DH,D
9:19:51,ICBP,RG,9050,1,D,SQ,PD,D
9:19:50,ICBP,RG,9025,50,D,SH,PD,D
9:19:42,ICBP,RG,9050,10,D,ZP,PD,D
9:19:10,ICBP,RG,9050,1,D,PD,PD,D
9:19:01,ICBP,RG,9050,1,D,YP,PD,D
9:18:06,ICBP,RG,9050,2,D,FS,PD,D
9:18:00,ICBP,RG,9050,1,D,XC,PD,D
9:18:00,ICBP,RG,9050,1,D,XC,CC,D
9:17:53,ICBP,RG,9025,40,D,SH,DH,D
9:17:46,ICBP,RG,9050,1,D,CC,CC,D
9:17:21,ICBP,RG,9050,1,D,XC,CC,D
9:17:08,ICBP,RG,9050,1,D,PD,CC,D
9:17:07,ICBP,RG,9050,5,D,GR,CC,D
9:17:01,ICBP,RG,9025,2,D,SH,XC,D
9:16:46,ICBP,RG,9050,1,D,PD,CC,D
9:16:46,ICBP,RG,9050,1,D,PD,YB,D
9:16:24,ICBP,RG,9050,1,D,AT,YB,D
9:16:21,ICBP,RG,9050,5,D,YB,YB,D
9:16:20,ICBP,RG,9050,3,D,KK,YB,D
9:15:29,ICBP,RG,9050,3,F,AK,NI,D
9:15:29,ICBP,RG,9050,1,F,AK,YP,D
9:15:29,ICBP,RG,9050,10,F,AK,YP,D
9:15:29,ICBP,RG,9050,156,F,AK,KZ,F
9:15:29,ICBP,RG,9050,1,F,AK,PD,D
9:15:29,ICBP,RG,9050,1,F,AK,PD,D
9:15:29,ICBP,RG,9050,4,F,AK,KK,D
9:15:28,ICBP,RG,9050,5,D,GR,KK,D
9:15:22,ICBP,RG,9050,1,D,EP,KK,D
9:15:22,ICBP,RG,9050,1,D,EP,NI,D
9:15:17,ICBP,RG,9025,1,D,SH,BK,F
9:15:16,ICBP,RG,9025,10,D,SH,YP,D
9:15:15,ICBP,RG,9025,6,D,SH,CC,D
9:15:13,ICBP,RG,9025,1,D,SH,PD,D
9:15:13,ICBP,RG,9025,1,D,SH,XC,D
9:15:13,ICBP,RG,9025,14,D,SH,BK,F
9:15:13,ICBP,RG,9025,135,D,SH,RX,F
9:15:13,ICBP,RG,9025,1,D,SH,BK,F
9:15:13,ICBP,RG,9025,117,D,SH,BK,F
9:15:13,ICBP,RG,9025,526,D,SH,KZ,F
9:15:11,ICBP,RG,9025,68,F,AK,KZ,F
9:15:11,ICBP,RG,9025,1,F,AK,OD,D
9:15:11,ICBP,RG,9025,171,F,AK,KK,D
9:15:04,ICBP,RG,9025,10,D,CC,KK,D
9:14:44,ICBP,RG,9025,1,D,EP,KK,D
9:14:41,ICBP,RG,9000,15,D,YP,KK,D
9:14:40,ICBP,RG,9000,11,D,YP,BK,F
9:14:37,ICBP,RG,9025,3,D,PD,KK,D
9:14:37,ICBP,RG,9000,21,D,YP,BK,F
9:14:34,ICBP,RG,9025,10,D,YP,KK,D
9:14:34,ICBP,RG,9025,1,D,XC,KK,D
9:14:34,ICBP,RG,9025,5,D,SQ,KK,D
9:14:34,ICBP,RG,9025,24,F,ZP,KK,D
9:14:34,ICBP,RG,9025,11,D,AZ,KK,D
9:14:34,ICBP,RG,9025,3,D,CC,KK,D
9:14:34,ICBP,RG,9025,3,D,CC,KK,D
9:14:34,ICBP,RG,9025,1,D,PD,KK,D
9:14:34,ICBP,RG,9025,11,D,YP,KK,D
9:14:34,ICBP,RG,9025,66,D,YP,KK,D
9:14:31,ICBP,RG,9025,9,D,YP,KZ,F
9:14:31,ICBP,RG,9025,1,D,YP,KZ,F
9:14:31,ICBP,RG,9025,9,D,YP,KZ,F
9:14:29,ICBP,RG,9025,5,D,YP,XC,D
9:14:28,ICBP,RG,9025,14,D,YP,BK,F
9:14:25,ICBP,RG,9025,22,D,YP,RX,F
9:14:25,ICBP,RG,9025,1,D,YP,RX,F
9:14:25,ICBP,RG,9025,1,D,CC,RX,F
9:14:25,ICBP,RG,9025,5,D,YP,RX,F
9:14:17,ICBP,RG,9025,9,D,YP,BK,F
9:14:15,ICBP,RG,9025,2,D,YP,NI,D
9:14:11,ICBP,RG,9025,9,D,YP,BK,F
9:14:11,ICBP,RG,9025,1,D,DH,BK,F
9:14:11,ICBP,RG,9025,2,D,PD,BK,F
9:14:11,ICBP,RG,9025,6,D,YB,BK,F
9:14:08,ICBP,RG,9050,98,D,CP,KZ,F
9:13:58,ICBP,RG,9050,2,D,CC,KZ,F
9:13:36,ICBP,RG,9050,1,D,XC,KZ,F
9:13:28,ICBP,RG,9025,4,D,YB,BK,F
9:13:28,ICBP,RG,9025,4,D,YJ,BK,F
9:13:26,ICBP,RG,9050,2,D,OD,KZ,F
9:13:26,ICBP,RG,9050,1,D,CC,KZ,F
9:13:26,ICBP,RG,9050,9,D,AK,KZ,F
9:13:26,ICBP,RG,9050,20,F,ZP,KZ,F
9:13:26,ICBP,RG,9050,1,D,NI,KZ,F
9:13:26,ICBP,RG,9050,1,D,YP,KZ,F
9:13:26,ICBP,RG,9050,1,D,OD,KZ,F
9:13:26,ICBP,RG,9050,1,D,PD,KZ,F
9:13:26,ICBP,RG,9050,21,D,CC,KZ,F
9:13:25,ICBP,RG,9050,12,D,CC,BK,F
9:13:23,ICBP,RG,9050,24,D,CC,BK,F
9:13:20,ICBP,RG,9050,17,D,CC,CC,D
9:13:19,ICBP,RG,9050,2,D,CC,KK,D
9:13:18,ICBP,RG,9050,24,D,CC,BK,F
9:13:18,ICBP,RG,9050,1,D,XL,BK,F
9:13:18,ICBP,RG,9050,2,D,YP,BK,F
9:13:18,ICBP,RG,9050,2,D,YP,BK,F
9:13:18,ICBP,RG,9050,1,D,PD,BK,F
9:13:18,ICBP,RG,9050,3,D,XC,BK,F
9:13:18,ICBP,RG,9050,11,D,NI,BK,F
9:13:18,ICBP,RG,9050,1,D,GR,BK,F
9:13:18,ICBP,RG,9050,1,D,YB,BK,F
9:13:18,ICBP,RG,9050,1,D,PD,BK,F
9:13:18,ICBP,RG,9050,6,D,XL,BK,F
9:13:18,ICBP,RG,9050,2,D,YP,BK,F
9:13:18,ICBP,RG,9050,1,D,YP,BK,F
9:13:18,ICBP,RG,9050,1,D,CC,BK,F
9:13:18,ICBP,RG,9050,1,D,YP,BK,F
9:13:18,ICBP,RG,9050,1,D,SQ,BK,F
9:13:18,ICBP,RG,9050,2,D,PD,BK,F
9:13:18,ICBP,RG,9050,1,D,DH,BK,F
9:13:18,ICBP,RG,9050,20,D,PD,BK,F
9:13:18,ICBP,RG,9050,3,D,PD,BK,F
9:13:18,ICBP,RG,9050,3,D,PD,BK,F
9:13:18,ICBP,RG,9050,10,D,KK,BK,F
9:13:18,ICBP,RG,9050,10,D,YB,BK,F
9:13:18,ICBP,RG,9050,1,D,AT,BK,F
9:13:18,ICBP,RG,9050,3,D,YJ,BK,F
9:13:13,ICBP,RG,9075,36,F,ZP,BK,F
9:13:12,ICBP,RG,9075,1,F,ZP,OD,D
9:13:11,ICBP,RG,9075,39,F,ZP,PD,D
9:13:11,ICBP,RG,9075,1,D,GR,PD,D
9:13:11,ICBP,RG,9075,1,D,GR,PD,D
9:13:11,ICBP,RG,9075,1,D,YP,PD,D
9:13:11,ICBP,RG,9075,1,D,CC,PD,D
9:13:11,ICBP,RG,9075,1,D,AT,PD,D
9:13:11,ICBP,RG,9075,1,D,YP,PD,D
9:13:11,ICBP,RG,9075,74,F,ZP,PD,D
9:13:11,ICBP,RG,9075,59,F,AK,PD,D
9:13:11,ICBP,RG,9075,2,D,YP,PD,D
9:13:11,ICBP,RG,9075,25,D,YP,PD,D
9:13:11,ICBP,RG,9075,1,D,YP,PD,D
9:13:11,ICBP,RG,9075,10,D,ZP,PD,D
9:13:11,ICBP,RG,9075,5,D,YB,PD,D
9:13:11,ICBP,RG,9075,1,D,KK,PD,D
9:13:11,ICBP,RG,9075,10,D,YP,PD,D
9:13:11,ICBP,RG,9075,6,F,ZP,PD,D
9:13:11,ICBP,RG,9075,1,D,KK,PD,D
9:13:11,ICBP,RG,9075,1,D,PD,PD,D
9:13:11,ICBP,RG,9075,5,D,PD,PD,D
9:13:11,ICBP,RG,9075,5,D,PD,PD,D
9:13:11,ICBP,RG,9075,5,D,PD,PD,D
9:13:11,ICBP,RG,9075,1,D,XC,PD,D
9:13:11,ICBP,RG,9075,1,D,NI,PD,D
9:13:11,ICBP,RG,9075,1,D,XC,PD,D
9:13:11,ICBP,RG,9075,4,D,XL,PD,D
9:13:11,ICBP,RG,9075,20,D,BQ,PD,D
9:13:11,ICBP,RG,9075,3,D,PD,PD,D
9:13:11,ICBP,RG,9075,3,D,YB,PD,D
9:13:11,ICBP,RG,9075,66,D,YB,PD,D
9:13:11,ICBP,RG,9075,1,D,PD,PD,D
9:13:11,ICBP,RG,9075,3,D,YP,PD,D
9:13:11,ICBP,RG,9075,2,D,YP,PD,D
9:13:11,ICBP,RG,9075,1,D,YP,PD,D
9:13:11,ICBP,RG,9075,1,D,CC,PD,D
9:13:11,ICBP,RG,9075,1,D,CC,PD,D
9:13:11,ICBP,RG,9075,5,D,CC,PD,D
9:13:11,ICBP,RG,9075,1,D,YP,PD,D
9:13:11,ICBP,RG,9075,1,D,PD,PD,D
9:13:11,ICBP,RG,9075,5,D,PD,PD,D
9:13:11,ICBP,RG,9075,1,D,PD,PD,D
9:13:11,ICBP,RG,9075,8,D,XL,PD,D
9:13:11,ICBP,RG,9075,1,D,DH,PD,D
9:13:11,ICBP,RG,9075,10,D,KK,PD,D
9:13:11,ICBP,RG,9075,5,D,PD,PD,D
9:13:11,ICBP,RG,9075,2,D,PD,PD,D
9:13:11,ICBP,RG,9075,2,D,PD,PD,D
9:13:11,ICBP,RG,9075,296,D,YP,PD,D
9:13:11,ICBP,RG,9075,15,D,YP,CC,D
9:13:11,ICBP,RG,9075,20,D,YP,KZ,F
9:13:09,ICBP,RG,9075,50,D,YP,GR,D
9:12:55,ICBP,RG,9075,1,D,YP,CC,D
9:12:40,ICBP,RG,9100,2,F,YU,GR,D
9:12:40,ICBP,RG,9100,4,D,CC,GR,D
9:12:39,ICBP,RG,9075,11,D,YP,CC,D
9:12:36,ICBP,RG,9100,5,F,YU,GR,D
9:12:35,ICBP,RG,9075,7,D,YP,BK,F
9:12:35,ICBP,RG,9075,1,D,XL,BK,F
9:12:35,ICBP,RG,9075,2,D,PD,BK,F
9:12:35,ICBP,RG,9075,6,D,YB,BK,F
9:12:33,ICBP,RG,9100,4,F,YU,GR,D
9:12:33,ICBP,RG,9100,1,D,XC,GR,D
9:12:33,ICBP,RG,9075,2,D,YB,KK,D
9:12:32,ICBP,RG,9075,2,D,YB,BK,F
9:12:32,ICBP,RG,9075,1,D,PD,BK,F
9:12:32,ICBP,RG,9075,2,D,YJ,BK,F
9:12:32,ICBP,RG,9075,11,D,DH,BK,F
9:12:30,ICBP,RG,9100,3,F,YU,GR,D
9:12:30,ICBP,RG,9100,18,F,YU,SQ,D
9:12:29,ICBP,RG,9100,11,D,NI,SQ,D
9:12:28,ICBP,RG,9100,26,F,AK,SQ,D
9:12:28,ICBP,RG,9100,1,F,AK,SQ,D
9:12:28,ICBP,RG,9100,42,F,ZP,SQ,D
9:12:28,ICBP,RG,9100,2,F,AK,SQ,D
9:12:14,ICBP,RG,9125,5,F,YU,CC,D
9:12:13,ICBP,RG,9100,10,F,AK,BK,F
9:12:09,ICBP,RG,9125,23,F,YU,CC,D
9:12:09,ICBP,RG,9125,25,F,YU,EP,D
9:12:09,ICBP,RG,9125,1,F,YU,YP,D
9:12:09,ICBP,RG,9125,1,F,YU,DR,D
9:12:09,ICBP,RG,9125,1,F,YU,KK,D
9:12:09,ICBP,RG,9125,37,F,YU,RX,F
9:12:09,ICBP,RG,9125,1,D,NI,RX,F
9:12:09,ICBP,RG,9125,2,D,NI,BK,F
9:12:09,ICBP,RG,9125,8,D,NI,KZ,F
9:12:08,ICBP,RG,9100,5,D,YP,AK,F
9:12:08,ICBP,RG,9100,1,D,YP,AK,F
9:12:08,ICBP,RG,9100,10,D,AK,AK,F
9:12:08,ICBP,RG,9100,99,D,YP,AK,F
9:12:08,ICBP,RG,9100,1,D,CC,AK,F
9:12:08,ICBP,RG,9100,50,D,YP,AK,F
9:12:08,ICBP,RG,9100,50,D,SQ,AK,F
9:12:08,ICBP,RG,9100,8,D,ZP,AK,F
9:12:08,ICBP,RG,9100,1,D,PD,AK,F
9:12:08,ICBP,RG,9100,2,D,PD,AK,F
9:12:08,ICBP,RG,9100,1,D,KK,AK,F
9:12:08,ICBP,RG,9100,2,D,XC,AK,F
9:12:08,ICBP,RG,9100,11,D,AK,AK,F
9:12:08,ICBP,RG,9100,4,D,XC,AK,F
9:12:08,ICBP,RG,9100,1,F,AK,AK,F
9:12:08,ICBP,RG,9100,3,D,KK,AK,F
9:12:08,ICBP,RG,9100,2,D,PC,AK,F
9:12:08,ICBP,RG,9100,4,F,ZP,AK,F
9:12:08,ICBP,RG,9100,1,D,CC,AK,F
9:12:08,ICBP,RG,9100,1,D,KK,AK,F
9:12:08,ICBP,RG,9100,2,D,PD,AK,F
9:12:08,ICBP,RG,9100,1,D,XC,AK,F
9:12:08,ICBP,RG,9100,3,D,XL,AK,F
9:12:08,ICBP,RG,9100,1,D,PD,AK,F
9:12:08,ICBP,RG,9100,1,D,SQ,AK,F
9:12:08,ICBP,RG,9100,1,D,XC,AK,F
9:12:08,ICBP,RG,9100,3,D,XC,AK,F
9:12:08,ICBP,RG,9100,10,D,CC,AK,F
9:12:08,ICBP,RG,9100,5,D,CC,AK,F
9:12:08,ICBP,RG,9100,13,D,AK,AK,F
9:12:08,ICBP,RG,9100,55,F,ZP,AK,F
9:12:08,ICBP,RG,9100,28,F,AK,AK,F
9:12:07,ICBP,RG,9100,15,F,AK,DR,D
9:11:58,ICBP,RG,9100,1,F,AK,BK,F
9:11:52,ICBP,RG,9100,17,F,AK,PD,D
9:11:52,ICBP,RG,9100,18,F,YU,PD,D
9:11:52,ICBP,RG,9100,3,D,PD,PD,D
9:11:52,ICBP,RG,9100,10,D,CC,PD,D
9:11:42,ICBP,RG,9125,9,F,YU,KZ,F
9:11:42,ICBP,RG,9125,8,F,YU,BK,F
9:11:41,ICBP,RG,9100,8,D,CC,RX,F
9:11:40,ICBP,RG,9125,40,F,AK,BK,F
9:11:40,ICBP,RG,9125,19,F,AK,BK,F
9:11:38,ICBP,RG,9125,3,F,YU,BK,F
9:11:38,ICBP,RG,9100,12,D,CC,BK,F
9:11:29,ICBP,RG,9125,3,F,YU,BK,F
9:11:28,ICBP,RG,9100,1,D,CC,OD,D
9:11:28,ICBP,RG,9100,2,D,CC,YP,D
9:11:10,ICBP,RG,9125,8,D,NI,BK,F
9:11:05,ICBP,RG,9125,1,F,YU,BK,F
9:11:04,ICBP,RG,9125,2,D,PD,BK,F
9:10:57,ICBP,RG,9100,4,D,CC,XC,D
9:10:46,ICBP,RG,9125,3,F,YU,BK,F
9:10:45,ICBP,RG,9100,9,D,CC,BK,F
9:10:40,ICBP,RG,9125,2,F,YU,BK,F
9:10:39,ICBP,RG,9100,8,D,CC,RX,F
9:10:33,ICBP,RG,9100,1,D,CC,BK,F
9:10:19,ICBP,RG,9125,27,F,YU,BK,F
9:10:18,ICBP,RG,9100,43,D,CC,SQ,D
9:10:18,ICBP,RG,9100,57,D,CC,SQ,D
9:09:51,ICBP,RG,9125,1,F,YU,BK,F
9:09:51,ICBP,RG,9100,8,D,CC,RX,F
9:09:50,ICBP,RG,9125,2,D,CC,BK,F
9:09:36,ICBP,RG,9125,1,D,CC,BK,F
9:09:32,ICBP,RG,9100,2,D,CC,SQ,D
9:09:11,ICBP,RG,9100,1,D,CC,BK,F
9:09:06,ICBP,RG,9125,10,F,YU,BK,F
9:09:05,ICBP,RG,9100,25,D,CC,EP,D
9:08:53,ICBP,RG,9125,1,D,XC,BK,F
9:08:46,ICBP,RG,9125,2,D,CC,BK,F
9:08:46,ICBP,RG,9100,1,D,CC,OD,D
9:08:19,ICBP,RG,9125,8,D,CC,BK,F
9:07:57,ICBP,RG,9125,2,F,YU,BK,F
9:07:56,ICBP,RG,9100,1,D,CC,BK,F
9:07:41,ICBP,RG,9125,5,D,PD,BK,F
9:07:41,ICBP,RG,9125,1,D,KK,BK,F
9:07:25,ICBP,RG,9125,5,F,YU,BK,F
9:07:24,ICBP,RG,9125,3,D,CC,BK,F
9:07:23,ICBP,RG,9100,1,D,CC,KK,D
9:07:21,ICBP,RG,9125,2,D,XC,BK,F
9:06:53,ICBP,RG,9125,17,D,CC,BK,F
9:06:43,ICBP,RG,9125,3,F,YU,BK,F
9:06:41,ICBP,RG,9100,1,D,CC,BK,F
9:06:38,ICBP,RG,9125,10,D,CC,BK,F
9:06:25,ICBP,RG,9125,13,F,YU,BK,F
9:06:23,ICBP,RG,9100,1,D,CC,CC,D
9:06:23,ICBP,RG,9100,2,D,GR,CC,D
9:06:08,ICBP,RG,9125,1,D,XC,BK,F
9:06:07,ICBP,RG,9125,28,F,AK,BK,F
9:06:07,ICBP,RG,9125,22,F,AK,KZ,F
9:06:07,ICBP,RG,9125,3,F,YU,KZ,F
9:06:05,ICBP,RG,9100,10,D,GR,BK,F
9:06:03,ICBP,RG,9125,9,F,YU,KZ,F
9:06:01,ICBP,RG,9100,15,D,GR,EP,D
9:06:01,ICBP,RG,9100,10,D,NI,EP,D
9:05:38,ICBP,RG,9125,2,D,XC,KZ,F
9:05:27,ICBP,RG,9125,3,D,FS,KZ,F
9:04:59,ICBP,RG,9125,1,D,PD,KZ,F
9:04:26,ICBP,RG,9125,6,D,PD,KZ,F
9:04:20,ICBP,RG,9125,3,F,YU,KZ,F
9:04:19,ICBP,RG,9125,10,D,CD,KZ,F
9:04:19,ICBP,RG,9125,1,D,PD,KZ,F
9:04:18,ICBP,RG,9100,10,D,KK,BQ,D
9:04:12,ICBP,RG,9125,2,D,PD,KZ,F
9:03:58,ICBP,RG,9125,2,D,PD,KZ,F
9:03:53,ICBP,RG,9100,3,D,YP,BK,F
9:03:53,ICBP,RG,9100,2,D,PD,BK,F
9:03:53,ICBP,RG,9100,1,D,NI,BK,F
9:03:53,ICBP,RG,9100,3,D,CC,BK,F
9:03:53,ICBP,RG,9100,4,D,CC,BK,F
9:03:51,ICBP,RG,9125,20,D,PD,KZ,F
9:03:46,ICBP,RG,9150,2,D,PD,AK,F
9:03:42,ICBP,RG,9150,1,D,DH,AK,F
9:03:32,ICBP,RG,9150,2,D,PD,AK,F
9:03:25,ICBP,RG,9100,1,D,CC,BK,F
9:03:25,ICBP,RG,9100,8,D,YP,BK,F
9:03:23,ICBP,RG,9100,12,D,YP,BK,F
9:03:23,ICBP,RG,9100,14,D,YP,BK,F
9:03:20,ICBP,RG,9100,6,D,YP,YP,D
9:03:20,ICBP,RG,9100,4,D,XC,YP,D
9:03:20,ICBP,RG,9100,10,D,XC,YP,D
9:03:20,ICBP,RG,9100,10,D,GR,YP,D
9:03:20,ICBP,RG,9100,30,D,CC,YP,D
9:03:20,ICBP,RG,9100,1,D,CC,YP,D
9:03:20,ICBP,RG,9100,5,D,LG,YP,D
9:03:20,ICBP,RG,9100,11,D,PD,YP,D
9:03:20,ICBP,RG,9100,1,D,PD,YP,D
9:03:20,ICBP,RG,9100,33,D,DR,YP,D
9:03:19,ICBP,RG,9125,2,F,AK,BK,F
9:03:18,ICBP,RG,9125,4,F,YU,BK,F
9:03:18,ICBP,RG,9125,6,F,AK,BK,F
9:03:18,ICBP,RG,9125,8,F,AK,BK,F
9:03:16,ICBP,RG,9125,9,F,AK,BK,F
9:03:16,ICBP,RG,9125,1,D,XC,BK,F
9:03:16,ICBP,RG,9125,9,F,YU,BK,F
9:03:16,ICBP,RG,9125,30,D,YP,BK,F
9:03:16,ICBP,RG,9125,11,D,NI,BK,F
9:03:16,ICBP,RG,9125,2,F,YU,BK,F
9:03:16,ICBP,RG,9125,10,F,YU,BK,F
9:03:16,ICBP,RG,9125,2,D,PD,BK,F
9:03:16,ICBP,RG,9125,2,D,XC,BK,F
9:03:16,ICBP,RG,9125,10,D,GR,BK,F
9:03:16,ICBP,RG,9125,5,D,SQ,BK,F
9:03:16,ICBP,RG,9125,18,D,DH,BK,F
9:03:14,ICBP,RG,9150,1,F,AK,AK,F
9:03:14,ICBP,RG,9150,26,F,ZP,AK,F
9:03:14,ICBP,RG,9150,7,F,YU,AK,F
9:03:14,ICBP,RG,9150,27,F,AK,AK,F
9:03:13,ICBP,RG,9150,130,F,YU,AK,F
9:03:13,ICBP,RG,9150,11,D,PD,AK,F
9:03:13,ICBP,RG,9150,58,F,AK,AK,F
9:03:13,ICBP,RG,9150,34,F,ZP,AK,F
9:03:13,ICBP,RG,9150,5,F,ZP,OD,D
9:03:12,ICBP,RG,9150,6,F,ZP,AK,F
9:03:12,ICBP,RG,9150,5,D,PD,AK,F
9:03:12,ICBP,RG,9150,7,D,KK,AK,F
9:03:12,ICBP,RG,9150,10,D,BQ,AK,F
9:03:12,ICBP,RG,9150,2,D,XC,AK,F
9:03:12,ICBP,RG,9150,5,D,NI,AK,F
9:03:12,ICBP,RG,9150,50,D,YP,AK,F
9:03:12,ICBP,RG,9150,1,D,CC,AK,F
9:03:12,ICBP,RG,9150,7,D,YP,AK,F
9:03:12,ICBP,RG,9150,1,D,YP,AK,F
9:03:12,ICBP,RG,9150,28,F,AK,AK,F
9:03:12,ICBP,RG,9150,10,F,AK,AK,F
9:03:12,ICBP,RG,9150,1,D,NI,AK,F
9:03:12,ICBP,RG,9150,3,D,KK,AK,F
9:03:12,ICBP,RG,9150,1,D,XC,AK,F
9:03:12,ICBP,RG,9150,23,F,YU,AK,F
9:03:12,ICBP,RG,9150,50,D,PC,AK,F
9:03:12,ICBP,RG,9150,30,F,ZP,AK,F
9:03:12,ICBP,RG,9150,21,F,ZP,AK,F
9:03:12,ICBP,RG,9150,81,F,YU,AK,F
9:03:12,ICBP,RG,9150,138,D,CC,AK,F
9:03:11,ICBP,RG,9150,192,D,CC,AK,F
9:03:11,ICBP,RG,9150,1,D,YP,AK,F
9:03:11,ICBP,RG,9150,5,D,XC,AK,F
9:03:11,ICBP,RG,9150,20,F,ZP,AK,F
9:03:11,ICBP,RG,9150,2,D,KK,AK,F
9:03:11,ICBP,RG,9150,13,D,AZ,AK,F
9:03:11,ICBP,RG,9150,3,F,YU,AK,F
9:03:11,ICBP,RG,9150,4,D,PD,AK,F
9:03:05,ICBP,RG,9175,1,F,YU,XC,D
9:03:05,ICBP,RG,9175,4,F,YU,IP,D
9:03:04,ICBP,RG,9150,2,D,PD,LG,D
9:02:58,ICBP,RG,9175,6,D,YP,IP,D
9:02:54,ICBP,RG,9175,5,D,YB,DR,D
9:02:54,ICBP,RG,9175,1,D,YB,YP,D
9:02:54,ICBP,RG,9175,1,D,YB,NI,D
9:02:54,ICBP,RG,9175,3,D,YB,XC,D
9:02:46,ICBP,RG,9175,1,F,YU,KZ,F
9:02:45,ICBP,RG,9150,2,D,PD,PD,D
9:02:28,ICBP,RG,9175,3,D,KK,KZ,F
9:02:27,ICBP,RG,9175,2,D,SQ,KZ,F
9:02:27,ICBP,RG,9175,1,D,SQ,KK,D
9:02:27,ICBP,RG,9175,1,D,SQ,SQ,D
9:02:27,ICBP,RG,9175,10,D,SQ,KK,D
9:02:27,ICBP,RG,9175,2,D,SQ,XC,D
9:02:27,ICBP,RG,9175,2,D,SQ,YP,D
9:02:27,ICBP,RG,9175,21,D,SQ,KZ,F
9:02:27,ICBP,RG,9175,1,D,SQ,KK,D
9:02:27,ICBP,RG,9175,1,D,YB,BK,F
9:02:27,ICBP,RG,9175,1,D,YB,OD,D
9:02:27,ICBP,RG,9175,8,D,YB,BK,F
9:02:25,ICBP,RG,9175,2,D,XC,BK,F
9:02:23,ICBP,RG,9175,2,D,XC,BK,F
9:02:20,ICBP,RG,9175,1,D,CC,BK,F
9:02:20,ICBP,RG,9150,3,D,PD,BK,F
9:02:20,ICBP,RG,9150,10,F,YU,BK,F
9:02:20,ICBP,RG,9150,12,F,YU,BK,F
9:02:20,ICBP,RG,9150,2,F,YU,BK,F
9:02:20,ICBP,RG,9150,38,D,YP,BK,F
9:02:13,ICBP,RG,9175,1,F,YU,BK,F
9:02:12,ICBP,RG,9175,5,D,EP,BK,F
9:02:00,ICBP,RG,9175,11,F,YU,BK,F
9:01:59,ICBP,RG,9175,40,F,ZP,BK,F
9:01:54,ICBP,RG,9175,2,D,YP,BK,F
9:01:54,ICBP,RG,9175,3,D,YP,KZ,F
9:01:53,ICBP,RG,9175,8,F,YU,KZ,F
9:01:52,ICBP,RG,9175,27,D,GR,KZ,F
9:01:47,ICBP,RG,9175,1,D,SQ,KZ,F
9:01:45,ICBP,RG,9150,2,D,YP,NI,D
9:01:40,ICBP,RG,9175,4,F,YU,KZ,F
9:01:39,ICBP,RG,9175,15,D,GR,KZ,F
9:01:32,ICBP,RG,9175,4,F,YU,KZ,F
9:01:31,ICBP,RG,9175,15,D,GR,KZ,F
9:01:20,ICBP,RG,9150,1,D,YP,KK,D
9:01:20,ICBP,RG,9150,3,D,YP,YP,D
9:01:15,ICBP,RG,9175,2,F,YU,CC,D
9:01:13,ICBP,RG,9150,2,D,YP,YP,D
9:01:13,ICBP,RG,9150,1,D,YP,YP,D
9:01:12,ICBP,RG,9150,3,D,YP,YP,D
9:01:11,ICBP,RG,9175,12,F,YU,CC,D
9:01:10,ICBP,RG,9150,1,D,YP,YP,D
9:01:10,ICBP,RG,9150,44,D,AK,YP,D
9:01:10,ICBP,RG,9175,5,D,AZ,CC,D
9:01:05,ICBP,RG,9175,3,F,YU,CC,D
9:01:04,ICBP,RG,9150,6,D,AK,NI,D
9:01:04,ICBP,RG,9150,6,D,KK,NI,D
9:00:52,ICBP,RG,9150,1,D,KK,KK,D
9:00:49,ICBP,RG,9175,9,F,YU,CC,D
9:00:49,ICBP,RG,9175,1,F,YU,CC,D
9:00:49,ICBP,RG,9175,37,F,ZP,CC,D
9:00:49,ICBP,RG,9175,1,D,XC,CC,D
9:00:49,ICBP,RG,9200,3,F,YU,YP,D
9:00:47,ICBP,RG,9200,16,F,YU,YP,D
9:00:47,ICBP,RG,9200,9,F,YU,PD,D
9:00:47,ICBP,RG,9200,40,F,YU,PD,D
9:00:47,ICBP,RG,9200,11,D,DH,PD,D
9:00:40,ICBP,RG,9200,49,D,YJ,PD,D
9:00:40,ICBP,RG,9200,1,D,YJ,FZ,D
9:00:37,ICBP,RG,9200,5,F,AK,FZ,D
9:00:27,ICBP,RG,9200,4,F,AK,FZ,D
9:00:26,ICBP,RG,9200,2,F,YU,GR,D
9:00:25,ICBP,RG,9200,18,F,AK,GR,D
9:00:25,ICBP,RG,9200,89,F,AK,GR,D
9:00:25,ICBP,RG,9175,1,F,ZP,BK,F
9:00:25,ICBP,RG,9175,7,F,YU,BK,F
9:00:24,ICBP,RG,9175,1,F,YU,AI,D
9:00:24,ICBP,RG,9175,2,F,AK,AI,D
9:00:24,ICBP,RG,9175,1,F,AK,AI,D
9:00:24,ICBP,RG,9175,2,F,AK,AI,D
9:00:24,ICBP,RG,9175,1,F,AK,KZ,F
9:00:24,ICBP,RG,9175,3,F,AK,KZ,F
9:00:23,ICBP,RG,9150,3,D,KK,XC,D
9:00:23,ICBP,RG,9150,7,D,YP,XC,D
9:00:22,ICBP,RG,9175,8,F,YU,KZ,F
9:00:22,ICBP,RG,9175,3,F,YU,KZ,F
9:00:22,ICBP,RG,9175,4,F,AK,KZ,F
9:00:22,ICBP,RG,9175,6,F,AK,KZ,F
9:00:22,ICBP,RG,9175,1,F,AK,KZ,F
9:00:22,ICBP,RG,9150,1,D,YP,BK,F
9:00:20,ICBP,RG,9175,8,F,AK,KZ,F
9:00:20,ICBP,RG,9175,9,F,AK,KZ,F
9:00:20,ICBP,RG,9175,14,F,YU,KZ,F
9:00:19,ICBP,RG,9150,3,D,YP,PD,D
9:00:19,ICBP,RG,9150,4,D,YP,XC,D
9:00:19,ICBP,RG,9150,4,F,AK,XC,D
9:00:19,ICBP,RG,9175,3,F,AK,KZ,F
9:00:19,ICBP,RG,9175,3,F,AK,KZ,F
9:00:19,ICBP,RG,9175,4,F,YU,KZ,F
9:00:19,ICBP,RG,9175,46,F,YU,KZ,F
9:00:18,ICBP,RG,9150,1,F,AK,NI,D
9:00:17,ICBP,RG,9175,7,F,AK,KZ,F
9:00:17,ICBP,RG,9175,7,F,AK,KZ,F
9:00:16,ICBP,RG,9150,7,F,AK,BK,F
9:00:16,ICBP,RG,9175,27,F,AK,KZ,F
9:00:16,ICBP,RG,9175,1,F,AK,GR,D
9:00:16,ICBP,RG,9175,1,F,AK,SQ,D
9:00:16,ICBP,RG,9175,11,F,AK,YP,D
9:00:16,ICBP,RG,9175,1,F,AK,YP,D
9:00:16,ICBP,RG,9175,4,F,AK,SQ,D
9:00:16,ICBP,RG,9175,1,F,AK,SQ,D
9:00:16,ICBP,RG,9175,3,F,AK,PD,D
9:00:16,ICBP,RG,9175,1,F,AK,DH,D
9:00:16,ICBP,RG,9175,10,F,AK,DH,D
9:00:16,ICBP,RG,9175,4,F,AK,KK,D
9:00:16,ICBP,RG,9175,10,F,AK,PD,D
9:00:16,ICBP,RG,9175,2,F,AK,GR,D
9:00:16,ICBP,RG,9175,2,F,AK,PD,D
9:00:16,ICBP,RG,9175,1,F,AK,KK,D
9:00:16,ICBP,RG,9175,1,F,AK,KK,D
9:00:16,ICBP,RG,9175,1,F,AK,PD,D
9:00:16,ICBP,RG,9175,5,F,AK,YP,D
9:00:16,ICBP,RG,9175,5,F,AK,DR,D
9:00:14,ICBP,RG,9150,1,F,AK,YP,D
9:00:14,ICBP,RG,9150,5,F,AK,SQ,D
9:00:14,ICBP,RG,9150,12,F,AK,YP,D
9:00:14,ICBP,RG,9150,3,F,AK,YP,D
9:00:14,ICBP,RG,9150,5,F,AK,SQ,D
9:00:14,ICBP,RG,9150,5,F,AK,SQ,D
9:00:14,ICBP,RG,9150,1,F,AK,XC,D
9:00:14,ICBP,RG,9150,16,F,AK,RX,F
9:00:14,ICBP,RG,9150,28,D,AK,RX,F
9:00:14,ICBP,RG,9150,12,D,AK,CC,D
9:00:11,ICBP,RG,9150,8,D,PD,CC,D
9:00:11,ICBP,RG,9150,50,D,PD,KZ,F
9:00:11,ICBP,RG,9150,52,D,PD,FS,D
9:00:10,ICBP,RG,9150,10,D,XC,FS,D
9:00:09,ICBP,RG,9125,4,D,DH,XC,D
9:00:05,ICBP,RG,9150,10,D,KK,FS,D
9:00:05,ICBP,RG,9150,5,D,NI,FS,D
9:00:03,ICBP,RG,9150,5,D,EP,FS,D
9:00:03,ICBP,RG,9150,8,F,YU,FS,D
9:00:03,ICBP,RG,9150,11,F,YU,BK,F
9:00:02,ICBP,RG,9150,2,D,OD,BK,F
9:00:01,ICBP,RG,9150,3,D,EP,BK,F
9:00:01,ICBP,RG,9150,1,D,EP,BK,F
9:00:01,ICBP,RG,9150,1,D,EP,DR,D
9:00:01,ICBP,RG,9150,15,D,EP,YP,D
9:00:00,ICBP,RG,9150,73,D,RO,YP,D
9:00:00,ICBP,RG,9150,1,D,RO,CC,D
9:00:00,ICBP,RG,9150,10,D,RO,LG,D
9:00:00,ICBP,RG,9150,2,D,RO,YP,D
9:00:00,ICBP,RG,9150,1,D,RO,CC,D
9:00:00,ICBP,RG,9150,1,D,RO,PD,D
9:00:00,ICBP,RG,9150,1,D,RO,PD,D
9:00:00,ICBP,RG,9150,2,D,RO,GR,D
9:00:00,ICBP,RG,9150,1,D,RO,PD,D
9:00:00,ICBP,RG,9150,7,D,RO,DR,D
9:00:00,ICBP,RG,9150,1,D,RO,PD,D
9:00:00,ICBP,RG,9150,7,D,RO,ZP,D
9:00:00,ICBP,RG,9150,3,D,RO,XA,D
8:55:00,ICBP,RG,9150,7,D,YP,XA,D
8:55:00,ICBP,RG,9150,1,D,YP,CC,D
8:55:00,ICBP,RG,9150,2,D,YP,YP,D
8:55:00,ICBP,RG,9150,1,D,YP,CC,D
8:55:00,ICBP,RG,9150,5,D,YP,KK,D
8:55:00,ICBP,RG,9150,1,D,YP,KK,D
8:55:00,ICBP,RG,9150,1,D,YP,SQ,D
8:55:00,ICBP,RG,9150,5,D,YP,KK,D
8:55:00,ICBP,RG,9150,10,D,YP,PD,D
8:55:00,ICBP,RG,9150,3,D,YP,PD,D
8:55:00,ICBP,RG,9150,2,D,YP,PD,D
8:55:00,ICBP,RG,9150,2,D,YP,YP,D
8:55:00,ICBP,RG,9150,2,D,AI,YP,D
8:55:00,ICBP,RG,9150,26,F,YU,YP,D
8:55:00,ICBP,RG,9150,29,F,YU,KK,D
8:55:00,ICBP,RG,9150,1,F,YU,PD,D
8:55:00,ICBP,RG,9150,16,F,ZP,PD,D
8:55:00,ICBP,RG,9150,1,F,ZP,PD,D
8:55:00,ICBP,RG,9150,3,F,ZP,PD,D
8:55:00,ICBP,RG,9150,1,F,ZP,PD,D
8:55:00,ICBP,RG,9150,1,F,ZP,KK,D
8:55:00,ICBP,RG,9150,11,F,ZP,SQ,D
8:55:00,ICBP,RG,9150,6,D,AK,SQ,D
8:55:00,ICBP,RG,9150,16,F,AK,SQ,D
8:55:00,ICBP,RG,9150,39,F,AK,KZ,F
8:55:00,ICBP,RG,9150,21,F,AK,KZ,F
8:55:00,ICBP,RG,9150,18,F,AK,RX,F
8:55:00,ICBP,RG,9150,1,F,AK,BK,F
8:55:00,ICBP,RG,9150,15,F,AK,BK,F