Time,Stock,Brd,Price,Qty,BT,BC,SC,ST
15:14:53,ICBP,RG,8300,5,D,YP,YP,D
15:12:41,ICBP,RG,8300,1,D,PD,YP,D
15:11:47,ICBP,RG,8300,1,D,PD,YP,D
15:11:29,ICBP,RG,8300,8,D,IF,YP,D
15:11:24,ICBP,RG,8300,10,D,YP,YP,D
15:11:02,ICBP,RG,8300,5,D,NI,KK,D
15:11:02,ICBP,RG,8300,2,D,NI,XC,D
15:11:02,ICBP,RG,8300,2,D,NI,YP,D
15:11:02,ICBP,RG,8300,2,D,NI,DH,D
15:11:02,ICBP,RG,8300,1,D,NI,PD,D
15:11:02,ICBP,RG,8300,1,D,NI,XC,D
15:10:44,ICBP,RG,8300,6,D,CC,XC,D
15:10:44,ICBP,RG,8300,24,D,CC,KK,D
15:10:21,ICBP,RG,8300,1,D,YP,KK,D
15:09:32,ICBP,RG,8300,25,D,XA,KK,D
15:09:32,ICBP,RG,8300,25,D,XA,HD,D
15:09:28,ICBP,RG,8300,6,D,XC,HD,D
15:06:16,ICBP,RG,8300,9,D,PD,HD,D
15:05:58,ICBP,RG,8300,1,D,DR,HD,D
15:05:06,ICBP,RG,8300,5,D,NI,HD,D
15:05:01,ICBP,RG,8300,1,D,CC,HD,D
15:00:00,ICBP,RG,8300,15,D,PD,HD,D
15:00:00,ICBP,RG,8300,1,D,PD,HD,D
15:00:00,ICBP,RG,8300,1,D,GR,HD,D
15:00:00,ICBP,RG,8300,1,D,XC,HD,D
15:00:00,ICBP,RG,8300,435,F,GW,HD,D
15:00:00,ICBP,RG,8300,26,F,GW,PD,D
15:00:00,ICBP,RG,8300,25,F,GW,CC,D
15:00:00,ICBP,RG,8300,10,F,GW,CC,D
15:00:00,ICBP,RG,8300,30,F,GW,SQ,D
15:00:00,ICBP,RG,8300,4,F,GW,PD,D
15:00:00,ICBP,RG,8300,2,F,GW,TF,D
15:00:00,ICBP,RG,8300,10,F,GW,XC,D
15:00:00,ICBP,RG,8300,10,F,GW,KK,D
15:00:00,ICBP,RG,8300,7,F,GW,YP,D
15:00:00,ICBP,RG,8300,25,F,GW,MG,D
15:00:00,ICBP,RG,8300,24,F,GW,GR,D
15:00:00,ICBP,RG,8300,2,F,GW,CC,D
15:00:00,ICBP,RG,8300,1,F,GW,XC,D
15:00:00,ICBP,RG,8300,5,F,GW,XC,D
15:00:00,ICBP,RG,8300,10,F,GW,CC,D
15:00:00,ICBP,RG,8300,1,F,GW,PD,D
15:00:00,ICBP,RG,8300,7,F,GW,NI,D
15:00:00,ICBP,RG,8300,200,F,GW,PD,D
15:00:00,ICBP,RG,8300,10,F,GW,YP,D
15:00:00,ICBP,RG,8300,7,F,GW,XC,D
15:00:00,ICBP,RG,8300,5,F,GW,PD,D
15:00:00,ICBP,RG,8300,1,F,GW,PD,D
15:00:00,ICBP,RG,8300,2,F,GW,PD,D
15:00:00,ICBP,RG,8300,10,F,GW,PD,D
15:00:00,ICBP,RG,8300,1,F,GW,NI,D
15:00:00,ICBP,RG,8300,2,F,GW,NI,D
15:00:00,ICBP,RG,8300,30,F,GW,CC,D
15:00:00,ICBP,RG,8300,1,F,GW,AT,D
15:00:00,ICBP,RG,8300,6,F,GW,NI,D
15:00:00,ICBP,RG,8300,2,F,GW,PD,D
15:00:00,ICBP,RG,8300,50,F,GW,SQ,D
15:00:00,ICBP,RG,8300,20,F,GW,YP,D
15:00:00,ICBP,RG,8300,1,F,GW,PD,D
15:00:00,ICBP,RG,8300,1,F,GW,XC,D
15:00:00,ICBP,RG,8300,5,F,GW,YP,D
15:00:00,ICBP,RG,8300,3,F,GW,PD,D
15:00:00,ICBP,RG,8300,1,F,GW,XC,D
15:00:00,ICBP,RG,8300,1,F,GW,PD,D
15:00:00,ICBP,RG,8300,3,F,GW,XC,D
15:00:00,ICBP,RG,8300,5,F,GW,CC,D
15:00:00,ICBP,RG,8300,2,F,GW,XC,D
15:00:00,ICBP,RG,8300,1,F,GW,PD,D
15:00:00,ICBP,RG,8300,1,F,GW,NI,D
15:00:00,ICBP,RG,8300,3,F,GW,NI,D
15:00:00,ICBP,RG,8300,10,F,GW,ZP,D
15:00:00,ICBP,RG,8300,4,F,GW,GR,D
15:00:00,ICBP,RG,8300,20,F,GW,KK,D
15:00:00,ICBP,RG,8300,1,F,GW,PD,D
15:00:00,ICBP,RG,8300,2,F,GW,DH,D
15:00:00,ICBP,RG,8300,20,F,GW,KK,D
15:00:00,ICBP,RG,8300,5,F,GW,GR,D
15:00:00,ICBP,RG,8300,10,F,GW,GR,D
15:00:00,ICBP,RG,8300,1,F,GW,XC,D
15:00:00,ICBP,RG,8300,20,F,GW,GR,D
15:00:00,ICBP,RG,8300,20,F,GW,YP,D
15:00:00,ICBP,RG,8300,10,F,GW,CC,D
15:00:00,ICBP,RG,8300,10,F,GW,DR,D
15:00:00,ICBP,RG,8300,10,F,GW,SQ,D
15:00:00,ICBP,RG,8300,3,F,GW,NI,D
15:00:00,ICBP,RG,8300,1,F,GW,PD,D
15:00:00,ICBP,RG,8300,10,F,GW,CC,D
15:00:00,ICBP,RG,8300,14,F,GW,XC,D
15:00:00,ICBP,RG,8300,1,F,GW,YP,D
15:00:00,ICBP,RG,8300,1,F,GW,YP,D
15:00:00,ICBP,RG,8300,65,F,GW,XC,D
15:00:00,ICBP,RG,8300,1,F,GW,PD,D
15:00:00,ICBP,RG,8300,2,F,GW,XC,D
15:00:00,ICBP,RG,8300,2,F,GW,CC,D
15:00:00,ICBP,RG,8300,1,F,GW,YP,D
15:00:00,ICBP,RG,8300,2,F,GW,NI,D
15:00:00,ICBP,RG,8300,25,F,GW,YP,D
15:00:00,ICBP,RG,8300,1,F,GW,SQ,D
15:00:00,ICBP,RG,8300,1,F,GW,SQ,D
15:00:00,ICBP,RG,8300,3,F,GW,CC,D
15:00:00,ICBP,RG,8300,10,F,GW,XC,D
15:00:00,ICBP,RG,8300,1,F,GW,NI,D
15:00:00,ICBP,RG,8300,4,F,GW,OD,D
15:00:00,ICBP,RG,8300,1,F,GW,CP,D
15:00:00,ICBP,RG,8300,1,F,GW,XC,D
15:00:00,ICBP,RG,8300,19,F,GW,YP,D
15:00:00,ICBP,RG,8300,200,F,GW,YP,D
15:00:00,ICBP,RG,8300,10,F,GW,XC,D
15:00:00,ICBP,RG,8300,14,F,GW,CC,D
15:00:00,ICBP,RG,8300,2,F,GW,XC,D
15:00:00,ICBP,RG,8300,500,F,GW,HD,D
15:00:00,ICBP,RG,8300,50,F,GW,YP,D
15:00:00,ICBP,RG,8300,1,F,GW,XC,D
15:00:00,ICBP,RG,8300,18,F,GW,SQ,D
15:00:00,ICBP,RG,8300,1,F,GW,YP,D
15:00:00,ICBP,RG,8300,1,F,GW,SQ,D
15:00:00,ICBP,RG,8300,1,F,GW,CP,D
15:00:00,ICBP,RG,8300,31,F,GW,PD,D
15:00:00,ICBP,RG,8300,50,F,GW,YJ,D
15:00:00,ICBP,RG,8300,100,F,GW,YU,D
15:00:00,ICBP,RG,8300,5,F,GW,CC,D
15:00:00,ICBP,RG,8300,10,F,GW,PD,D
15:00:00,ICBP,RG,8300,45,F,GW,MG,D
15:00:00,ICBP,RG,8300,80,F,ZP,MG,D
15:00:00,ICBP,RG,8300,30,F,ZP,YP,D
15:00:00,ICBP,RG,8300,10,F,ZP,GR,D
15:00:00,ICBP,RG,8300,300,F,ZP,CG,F
15:00:00,ICBP,RG,8300,213,F,BK,CG,F
15:00:00,ICBP,RG,8300,16,F,BK,CG,F
15:00:00,ICBP,RG,8300,28,F,AK,CG,F
15:00:00,ICBP,RG,8300,207,F,ZP,CG,F
15:00:00,ICBP,RG,8300,262,F,ZP,CG,F
15:00:00,ICBP,RG,8300,141,F,ZP,ZP,F
15:00:00,ICBP,RG,8300,104,D,BQ,ZP,F
15:00:00,ICBP,RG,8300,107,D,CC,ZP,F
15:00:00,ICBP,RG,8300,14,D,PD,ZP,F
15:00:00,ICBP,RG,8300,34,D,PD,ZP,F
15:00:00,ICBP,RG,8300,12,D,PD,BK,F
15:00:00,ICBP,RG,8300,24,D,PD,BK,F
15:00:00,ICBP,RG,8300,2,D,PD,AK,F
15:00:00,ICBP,RG,8300,1,D,PD,AK,F
15:00:00,ICBP,RG,8300,5,D,PD,AK,F
15:00:00,ICBP,RG,8300,2,D,PD,AK,F
14:49:59,ICBP,RG,8250,9,D,DH,PD,D
14:49:59,ICBP,RG,8250,1,D,PD,PD,D
14:49:59,ICBP,RG,8250,3,D,XC,PD,D
14:49:57,ICBP,RG,8250,1,D,XC,ZP,F
14:49:56,ICBP,RG,8275,5,F,BK,SQ,D
14:49:54,ICBP,RG,8275,7,F,ZP,SQ,D
14:49:54,ICBP,RG,8275,1,F,ZP,CG,F
14:49:53,ICBP,RG,8275,8,F,ZP,CG,F
14:49:53,ICBP,RG,8275,8,F,ZP,CG,F
14:49:53,ICBP,RG,8275,8,F,ZP,CG,F
14:49:53,ICBP,RG,8275,8,F,ZP,CG,F
14:49:53,ICBP,RG,8275,9,F,ZP,CG,F
14:49:53,ICBP,RG,8275,8,F,ZP,CG,F
14:49:53,ICBP,RG,8275,9,F,ZP,CG,F
14:49:53,ICBP,RG,8275,8,F,ZP,CG,F
14:49:53,ICBP,RG,8275,8,F,ZP,CG,F
14:49:53,ICBP,RG,8275,8,F,ZP,CG,F
14:49:53,ICBP,RG,8275,8,F,ZP,CG,F
14:49:53,ICBP,RG,8275,8,F,ZP,CG,F
14:49:53,ICBP,RG,8275,8,F,ZP,CG,F
14:49:53,ICBP,RG,8275,8,F,ZP,CG,F
14:49:53,ICBP,RG,8275,8,F,ZP,CG,F
14:49:53,ICBP,RG,8275,8,F,ZP,CG,F
14:49:53,ICBP,RG,8275,8,F,ZP,CG,F
14:49:53,ICBP,RG,8275,8,F,ZP,CG,F
14:49:53,ICBP,RG,8275,9,F,ZP,CG,F
14:49:53,ICBP,RG,8275,8,F,ZP,CG,F
14:49:53,ICBP,RG,8275,8,F,ZP,CG,F
14:49:53,ICBP,RG,8275,8,F,ZP,CG,F
14:49:53,ICBP,RG,8275,8,F,ZP,CG,F
14:49:53,ICBP,RG,8275,9,F,ZP,CG,F
14:49:53,ICBP,RG,8275,9,F,ZP,CG,F
14:49:53,ICBP,RG,8275,8,F,ZP,CG,F
14:49:53,ICBP,RG,8275,8,F,ZP,CG,F
14:49:53,ICBP,RG,8275,8,F,ZP,CG,F
14:49:53,ICBP,RG,8275,8,F,ZP,CG,F
14:49:53,ICBP,RG,8275,8,F,ZP,CG,F
14:49:53,ICBP,RG,8275,9,F,ZP,CG,F
14:49:53,ICBP,RG,8275,8,F,ZP,CG,F
14:49:53,ICBP,RG,8275,4,F,ZP,CG,F
14:49:52,ICBP,RG,8275,1,F,ZP,ZP,F
14:49:46,ICBP,RG,8300,10,F,BK,DR,D
14:49:45,ICBP,RG,8275,3,F,ZP,NI,D
14:49:45,ICBP,RG,8275,7,F,ZP,NI,D
14:49:44,ICBP,RG,8275,1,F,ZP,YP,D
14:49:43,ICBP,RG,8300,9,F,ZP,CC,D
14:49:42,ICBP,RG,8300,4,F,ZP,CC,D
14:49:42,ICBP,RG,8300,1,F,ZP,PD,D
14:49:42,ICBP,RG,8300,3,F,ZP,CC,D
14:49:42,ICBP,RG,8300,1,F,ZP,XC,D
14:49:42,ICBP,RG,8300,10,F,ZP,KK,D
14:49:42,ICBP,RG,8300,5,F,ZP,YP,D
14:49:42,ICBP,RG,8300,5,F,ZP,YP,D
14:49:42,ICBP,RG,8300,3,F,ZP,CC,D
14:49:42,ICBP,RG,8300,10,F,ZP,OD,D
14:49:42,ICBP,RG,8300,5,F,ZP,NI,D
14:49:42,ICBP,RG,8300,1,F,ZP,XC,D
14:49:42,ICBP,RG,8300,5,F,ZP,DH,D
14:49:42,ICBP,RG,8300,5,F,ZP,XC,D
14:49:42,ICBP,RG,8300,1,F,ZP,PD,D
14:49:42,ICBP,RG,8300,21,F,ZP,AI,D
14:49:42,ICBP,RG,8300,4,F,BK,AI,D
14:49:42,ICBP,RG,8300,1,F,BK,PD,D
14:49:41,ICBP,RG,8300,8,F,ZP,PD,D
14:49:39,ICBP,RG,8300,8,F,ZP,PD,D
14:49:38,ICBP,RG,8300,3,F,BK,PD,D
14:49:38,ICBP,RG,8300,1,F,BK,IF,D
14:49:38,ICBP,RG,8300,8,F,BK,XC,D
14:49:38,ICBP,RG,8300,5,F,BK,PD,D
14:49:38,ICBP,RG,8300,1,F,BK,DX,D
14:49:38,ICBP,RG,8300,2,F,BK,PD,D
14:49:38,ICBP,RG,8300,2,F,BK,XC,D
14:49:38,ICBP,RG,8300,10,F,BK,YP,D
14:49:38,ICBP,RG,8300,1,F,BK,YP,D
14:49:38,ICBP,RG,8300,5,F,BK,PO,D
14:49:38,ICBP,RG,8300,4,F,BK,CC,D
14:49:37,ICBP,RG,8300,6,F,ZP,CC,D
14:49:37,ICBP,RG,8300,2,F,ZP,SQ,D
14:49:35,ICBP,RG,8300,8,F,ZP,SQ,D
14:49:35,ICBP,RG,8300,1,F,ZP,SQ,D
14:49:35,ICBP,RG,8300,1,F,ZP,DH,D
14:49:35,ICBP,RG,8300,10,F,ZP,CC,D
14:49:35,ICBP,RG,8300,7,F,ZP,NI,D
14:49:35,ICBP,RG,8300,1,F,ZP,PD,D
14:49:35,ICBP,RG,8300,5,F,ZP,YP,D
14:49:35,ICBP,RG,8300,14,F,ZP,YP,D
14:49:34,ICBP,RG,8300,8,F,ZP,YP,D
14:49:34,ICBP,RG,8300,73,F,BK,YP,D
14:49:34,ICBP,RG,8300,17,F,BK,KK,D
14:49:34,ICBP,RG,8300,1,F,BK,PD,D
14:49:34,ICBP,RG,8300,3,F,BK,XC,D
14:49:34,ICBP,RG,8300,50,F,BK,KK,D
14:49:34,ICBP,RG,8300,2,F,BK,XC,D
14:49:34,ICBP,RG,8300,1,F,BK,XC,D
14:49:34,ICBP,RG,8300,25,F,BK,CC,D
14:49:34,ICBP,RG,8300,1,F,BK,PD,D
14:49:34,ICBP,RG,8300,4,F,BK,LS,D
14:49:34,ICBP,RG,8300,1,F,BK,NI,D
14:49:34,ICBP,RG,8300,2,F,BK,NI,D
14:49:34,ICBP,RG,8300,5,F,BK,KK,D
14:49:34,ICBP,RG,8300,4,F,BK,YP,D
14:49:34,ICBP,RG,8300,12,F,BK,YP,D
14:49:34,ICBP,RG,8300,10,F,BK,CC,D
14:49:34,ICBP,RG,8300,2,F,BK,XC,D
14:49:34,ICBP,RG,8300,4,F,BK,XC,D
14:49:34,ICBP,RG,8300,2,F,BK,CC,D
14:49:34,ICBP,RG,8300,5,F,BK,CC,D
14:49:34,ICBP,RG,8300,10,F,BK,KK,D
14:49:34,ICBP,RG,8300,15,F,BK,DH,D
14:49:34,ICBP,RG,8300,2,F,BK,DH,D
14:49:34,ICBP,RG,8300,10,F,BK,CC,D
14:49:34,ICBP,RG,8300,10,F,BK,PD,D
14:49:34,ICBP,RG,8300,10,F,BK,DH,D
14:49:34,ICBP,RG,8300,57,F,BK,KK,D
14:49:34,ICBP,RG,8300,8,F,BK,AT,D
14:49:34,ICBP,RG,8300,2,F,BK,XC,D
14:49:34,ICBP,RG,8300,3,F,BK,PD,D
14:49:34,ICBP,RG,8300,3,F,BK,NI,D
14:49:31,ICBP,RG,8300,10,F,ZP,NI,D
14:49:31,ICBP,RG,8300,2,F,ZP,XC,D
14:49:31,ICBP,RG,8300,1,F,ZP,PD,D
14:49:31,ICBP,RG,8300,1,F,ZP,YP,D
14:49:31,ICBP,RG,8300,1,F,ZP,TF,D
14:49:31,ICBP,RG,8300,2,F,ZP,XC,D
14:49:31,ICBP,RG,8300,4,F,ZP,CC,D
14:49:31,ICBP,RG,8300,5,F,ZP,YP,D
14:49:31,ICBP,RG,8300,27,F,ZP,CP,D
14:49:31,ICBP,RG,8300,100,F,ZP,CC,D
14:49:31,ICBP,RG,8300,40,F,ZP,XC,D
14:49:31,ICBP,RG,8300,15,F,ZP,YP,D
14:49:31,ICBP,RG,8300,33,F,ZP,SQ,D
14:49:31,ICBP,RG,8300,3,F,ZP,XC,D
14:49:31,ICBP,RG,8300,1,F,ZP,PD,D
14:49:31,ICBP,RG,8300,5,F,ZP,CC,D
14:49:31,ICBP,RG,8300,2,F,ZP,NI,D
14:49:31,ICBP,RG,8300,4,F,ZP,PD,D
14:49:31,ICBP,RG,8300,1,F,ZP,KK,D
14:49:31,ICBP,RG,8300,20,F,ZP,CC,D
14:49:31,ICBP,RG,8300,5,F,ZP,YP,F
14:49:31,ICBP,RG,8300,2,F,ZP,TP,D
14:49:31,ICBP,RG,8300,5,F,ZP,NI,D
14:49:31,ICBP,RG,8300,600,F,ZP,SS,D
14:49:31,ICBP,RG,8300,4,F,ZP,LG,D
14:49:31,ICBP,RG,8300,5,F,ZP,XC,D
14:49:31,ICBP,RG,8300,1,F,ZP,YP,D
14:49:31,ICBP,RG,8300,2,F,ZP,BQ,D
14:49:31,ICBP,RG,8300,10,F,ZP,YP,D
14:49:31,ICBP,RG,8300,2,F,ZP,XC,D
14:49:31,ICBP,RG,8300,15,F,ZP,EP,D
14:49:31,ICBP,RG,8300,10,F,ZP,PD,D
14:49:31,ICBP,RG,8300,3,F,ZP,XA,D
14:49:31,ICBP,RG,8300,1,F,ZP,YP,D
14:49:31,ICBP,RG,8300,6,F,ZP,YP,D
14:49:31,ICBP,RG,8300,200,F,ZP,AI,D
14:49:31,ICBP,RG,8300,3,F,ZP,CC,D
14:49:31,ICBP,RG,8300,300,F,ZP,NI,D
14:49:31,ICBP,RG,8300,20,F,ZP,CC,D
14:49:31,ICBP,RG,8300,30,F,ZP,PD,D
14:49:31,ICBP,RG,8300,1,F,ZP,YP,D
14:49:31,ICBP,RG,8300,8,F,ZP,EP,D
14:49:31,ICBP,RG,8300,10,F,ZP,TP,D
14:49:31,ICBP,RG,8300,1,F,ZP,CC,D
14:49:31,ICBP,RG,8300,30,F,ZP,YP,D
14:49:31,ICBP,RG,8300,1,F,ZP,YP,D
14:49:31,ICBP,RG,8300,20,F,ZP,CC,D
14:49:31,ICBP,RG,8300,25,F,ZP,AT,D
14:49:31,ICBP,RG,8300,110,F,ZP,YP,D
14:49:31,ICBP,RG,8300,2,F,ZP,CC,D
14:49:31,ICBP,RG,8300,22,F,ZP,CC,D
14:49:31,ICBP,RG,8300,1,F,ZP,GR,D
14:49:31,ICBP,RG,8300,1,F,ZP,PD,D
14:49:31,ICBP,RG,8300,5,F,ZP,PD,D
14:49:31,ICBP,RG,8300,5,F,ZP,SQ,D
14:49:31,ICBP,RG,8300,1,F,ZP,YP,D
14:49:31,ICBP,RG,8300,1,F,ZP,GR,D
14:49:31,ICBP,RG,8300,500,F,ZP,GR,F
14:49:31,ICBP,RG,8300,2,F,ZP,EP,D
14:49:31,ICBP,RG,8300,7,F,ZP,PD,D
14:49:31,ICBP,RG,8300,1,F,ZP,KK,D
14:49:31,ICBP,RG,8300,4,F,ZP,KK,D
14:49:31,ICBP,RG,8300,5,F,ZP,SQ,D
14:49:31,ICBP,RG,8300,10,F,ZP,PD,D
14:49:31,ICBP,RG,8300,1,F,ZP,PD,D
14:49:31,ICBP,RG,8300,1,F,ZP,PD,D
14:49:31,ICBP,RG,8300,20,F,ZP,KK,D
14:49:31,ICBP,RG,8300,29,F,ZP,HP,D
14:49:31,ICBP,RG,8300,6,F,ZP,DR,D
14:49:31,ICBP,RG,8300,1,F,ZP,XC,D
14:49:31,ICBP,RG,8300,30,F,ZP,YU,D
14:49:31,ICBP,RG,8300,221,F,ZP,YU,D
14:49:31,ICBP,RG,8275,103,F,ZP,CG,F
14:49:31,ICBP,RG,8275,103,F,ZP,CG,F
14:49:31,ICBP,RG,8275,3,F,ZP,ZP,F
14:49:30,ICBP,RG,8275,5,F,ZP,TP,D
14:49:30,ICBP,RG,8275,1,F,ZP,CC,D
14:49:30,ICBP,RG,8275,5,F,ZP,AZ,D
14:49:30,ICBP,RG,8275,4,F,ZP,ZP,F
14:49:30,ICBP,RG,8275,20,F,ZP,CG,F
14:49:30,ICBP,RG,8275,18,F,ZP,CG,F
14:49:30,ICBP,RG,8275,110,F,ZP,CG,F
14:49:30,ICBP,RG,8275,108,F,ZP,CG,F
14:49:30,ICBP,RG,8275,50,F,ZP,NI,D
14:49:30,ICBP,RG,8275,5,F,ZP,SQ,D
14:49:30,ICBP,RG,8275,2,F,ZP,YP,D
14:49:30,ICBP,RG,8275,50,F,ZP,YU,D
14:49:30,ICBP,RG,8275,43,F,ZP,SQ,D
14:49:30,ICBP,RG,8275,30,F,ZP,GR,D
14:49:30,ICBP,RG,8275,3,F,ZP,TF,D
14:49:30,ICBP,RG,8275,62,F,ZP,YP,D
14:49:30,ICBP,RG,8275,1,F,ZP,CC,D
14:49:30,ICBP,RG,8275,20,F,ZP,KK,D
14:49:30,ICBP,RG,8275,50,F,ZP,OD,D
14:49:30,ICBP,RG,8275,1,F,ZP,CP,D
14:49:30,ICBP,RG,8275,20,F,ZP,DR,D
14:49:30,ICBP,RG,8275,2,F,ZP,GR,D
14:49:30,ICBP,RG,8250,1,F,ZP,ZP,F
14:49:30,ICBP,RG,8275,9,F,BK,GR,D
14:49:30,ICBP,RG,8275,124,F,ZP,GR,D
14:49:30,ICBP,RG,8275,1,F,BK,GR,D
14:49:27,ICBP,RG,8275,9,F,BK,GR,D
14:49:26,ICBP,RG,8275,5,F,BK,GR,D
14:49:23,ICBP,RG,8275,1,F,ZP,GR,D
14:49:23,ICBP,RG,8275,19,F,ZP,GR,D
14:49:23,ICBP,RG,8275,15,F,ZP,PD,D
14:49:23,ICBP,RG,8275,1,F,ZP,PD,D
14:49:23,ICBP,RG,8275,9,F,ZP,PD,D
14:49:23,ICBP,RG,8275,50,F,ZP,OD,D
14:49:12,ICBP,RG,8250,1,F,ZP,CC,D
14:49:03,ICBP,RG,8275,5,F,BK,OD,D
14:49:03,ICBP,RG,8275,2,F,BK,OD,D
14:49:01,ICBP,RG,8275,34,F,BK,OD,D
14:49:00,ICBP,RG,8275,7,F,AK,OD,D
14:49:00,ICBP,RG,8275,3,F,AK,OD,D
14:49:00,ICBP,RG,8275,1,F,AK,OD,D
14:49:00,ICBP,RG,8275,1,F,AK,OD,D
14:49:00,ICBP,RG,8275,1,F,AK,OD,D
14:48:56,ICBP,RG,8275,5,F,BK,OD,D
14:48:52,ICBP,RG,8250,1,F,BK,CG,F
14:48:52,ICBP,RG,8250,1,F,BK,CG,F
14:48:52,ICBP,RG,8250,3,F,BK,AZ,D
14:48:43,ICBP,RG,8250,2,F,BK,AZ,D
14:48:43,ICBP,RG,8250,1,F,BK,CG,F
14:48:43,ICBP,RG,8250,1,F,BK,NI,D
14:48:43,ICBP,RG,8250,1,F,BK,CG,F
14:48:38,ICBP,RG,8250,4,F,BK,CG,F
14:48:38,ICBP,RG,8250,1,F,BK,CG,F
14:48:35,ICBP,RG,8250,5,F,BK,CG,F
14:48:33,ICBP,RG,8250,1,D,NI,CG,F
14:48:33,ICBP,RG,8250,5,F,BK,XC,D
14:48:28,ICBP,RG,8250,7,F,BK,CG,F
14:48:28,ICBP,RG,8250,5,F,BK,CG,F
14:48:27,ICBP,RG,8250,2,F,ZP,CG,F
14:48:27,ICBP,RG,8250,2,F,ZP,YP,D
14:48:27,ICBP,RG,8250,8,F,ZP,YP,D
14:48:27,ICBP,RG,8250,2,F,ZP,YP,D
14:48:27,ICBP,RG,8250,1,F,ZP,KK,D
14:48:27,ICBP,RG,8250,4,F,ZP,YP,D
14:48:27,ICBP,RG,8250,3,F,ZP,BK,F
14:48:27,ICBP,RG,8250,1,F,ZP,DR,D
14:48:27,ICBP,RG,8250,7,F,ZP,ZP,F
14:48:27,ICBP,RG,8250,1,F,ZP,AK,F
14:48:27,ICBP,RG,8250,3,F,ZP,BK,F
14:48:27,ICBP,RG,8250,9,F,ZP,CG,F
14:48:27,ICBP,RG,8250,9,F,ZP,CG,F
14:48:27,ICBP,RG,8250,25,F,ZP,PD,D
14:48:27,ICBP,RG,8250,28,F,ZP,CG,F
14:48:27,ICBP,RG,8250,6,F,ZP,CG,F
14:48:26,ICBP,RG,8250,5,F,BK,CG,F
14:48:26,ICBP,RG,8250,19,F,BK,CG,F
14:48:26,ICBP,RG,8250,16,F,BK,PD,D
14:48:25,ICBP,RG,8250,248,F,AK,PD,D
14:48:24,ICBP,RG,8225,5,F,GW,BK,F
14:48:23,ICBP,RG,8250,36,F,AK,PD,D
14:48:23,ICBP,RG,8250,1,F,AK,KK,D
14:48:23,ICBP,RG,8250,13,F,AK,CG,F
14:48:23,ICBP,RG,8250,13,F,AK,CG,F
14:48:23,ICBP,RG,8250,11,F,AK,CG,F
14:48:23,ICBP,RG,8250,7,F,AK,CG,F
14:48:23,ICBP,RG,8250,1,F,AK,CG,F
14:48:23,ICBP,RG,8250,1,F,AK,CG,F
14:48:22,ICBP,RG,8225,5,F,GW,ZP,F
14:48:20,ICBP,RG,8250,5,F,BK,CG,F
14:48:18,ICBP,RG,8250,1,D,PD,CG,F
14:48:16,ICBP,RG,8250,5,F,BK,CG,F
14:48:08,ICBP,RG,8250,3,F,BK,CG,F
14:48:08,ICBP,RG,8250,2,F,BK,KK,D
14:48:03,ICBP,RG,8250,5,F,BK,KK,D
14:47:56,ICBP,RG,8250,5,F,BK,KK,D
14:47:53,ICBP,RG,8250,6,F,BK,KK,D
14:47:04,ICBP,RG,8250,3,D,PD,KK,D
14:46:49,ICBP,RG,8250,1,D,NI,KK,D
14:46:29,ICBP,RG,8250,28,D,YJ,KK,D
14:46:29,ICBP,RG,8250,2,D,YJ,CG,F
14:46:29,ICBP,RG,8250,1,D,YJ,EP,D
14:46:29,ICBP,RG,8250,5,D,YJ,YP,D
14:46:29,ICBP,RG,8250,5,D,YJ,BK,F
14:46:29,ICBP,RG,8250,4,D,YJ,CG,F
14:46:25,ICBP,RG,8225,100,F,GW,CC,D
14:46:16,ICBP,RG,8225,271,F,GW,CC,D
14:46:16,ICBP,RG,8225,260,F,BK,CC,D
14:46:16,ICBP,RG,8225,1,D,YP,CC,D
14:46:16,ICBP,RG,8225,8,F,ZP,CC,D
14:46:16,ICBP,RG,8225,1,D,PD,CC,D
14:46:16,ICBP,RG,8225,2,D,EP,CC,D
14:46:16,ICBP,RG,8225,57,F,ZP,CC,D
14:46:09,ICBP,RG,8250,17,F,AK,CG,F
14:46:09,ICBP,RG,8250,24,F,AK,CG,F
14:46:09,ICBP,RG,8250,100,F,AK,YU,D
14:46:09,ICBP,RG,8250,11,F,AK,ZP,F
14:46:09,ICBP,RG,8250,1,F,AK,AK,F
14:46:09,ICBP,RG,8250,1,F,AK,AK,F
14:46:09,ICBP,RG,8250,13,F,AK,CG,F
14:46:09,ICBP,RG,8250,13,F,AK,CG,F
14:46:09,ICBP,RG,8250,68,F,AK,CG,F
14:46:00,ICBP,RG,8225,1,F,ZP,LG,D
14:45:57,ICBP,RG,8250,14,F,BK,CG,F
14:45:57,ICBP,RG,8250,79,F,BK,CG,F
14:45:57,ICBP,RG,8250,5,F,BK,BK,F
14:45:57,ICBP,RG,8250,5,F,BK,BK,F
14:45:57,ICBP,RG,8250,20,F,BK,CG,F
14:45:57,ICBP,RG,8250,23,F,BK,CG,F
14:45:57,ICBP,RG,8250,102,F,BK,OD,D
14:45:56,ICBP,RG,8250,13,D,AI,OD,D
14:45:56,ICBP,RG,8250,7,D,AI,CG,F
14:45:56,ICBP,RG,8250,5,D,AI,CG,F
14:45:49,ICBP,RG,8250,1,D,NI,CG,F
14:45:38,ICBP,RG,8250,1,D,YP,CG,F
14:45:00,ICBP,RG,8250,127,F,BK,CG,F
14:44:59,ICBP,RG,8250,8,F,ZP,CG,F
14:44:59,ICBP,RG,8250,96,F,BK,CG,F
14:44:59,ICBP,RG,8250,44,F,BK,CG,F
14:44:59,ICBP,RG,8250,8,F,ZP,CG,F
14:44:59,ICBP,RG,8250,9,F,ZP,CG,F
14:44:59,ICBP,RG,8250,146,F,ZP,CG,F
14:44:59,ICBP,RG,8250,118,F,ZP,OD,D
14:44:56,ICBP,RG,8250,9,F,BK,CG,F
14:44:56,ICBP,RG,8250,9,F,BK,CG,F
14:44:56,ICBP,RG,8250,87,F,BK,CG,F
14:44:56,ICBP,RG,8250,5,F,BK,CG,F
14:44:56,ICBP,RG,8250,9,F,ZP,CG,F
14:44:56,ICBP,RG,8250,71,F,ZP,CG,F
14:44:56,ICBP,RG,8250,12,D,EP,CG,F
14:44:56,ICBP,RG,8250,18,F,ZP,CG,F
14:44:55,ICBP,RG,8250,37,F,ZP,PD,D
14:44:55,ICBP,RG,8250,1,D,KK,PD,D
14:44:55,ICBP,RG,8250,8,F,ZP,PD,D
14:44:55,ICBP,RG,8250,76,F,ZP,PD,D
14:44:55,ICBP,RG,8250,5,D,EP,PD,D
14:44:55,ICBP,RG,8250,3,D,NI,PD,D
14:44:55,ICBP,RG,8250,13,F,AK,PD,D
14:44:55,ICBP,RG,8250,6,D,YP,PD,D
14:44:55,ICBP,RG,8250,41,F,BK,PD,D
14:44:55,ICBP,RG,8250,5,D,NI,PD,D
14:44:55,ICBP,RG,8250,8,F,ZP,PD,D
14:44:55,ICBP,RG,8250,80,F,ZP,PD,D
14:44:55,ICBP,RG,8250,8,F,ZP,PD,D
14:44:55,ICBP,RG,8250,158,F,BK,PD,D
14:44:55,ICBP,RG,8250,2,D,AT,PD,D
14:44:55,ICBP,RG,8250,1,D,SQ,PD,D
14:44:55,ICBP,RG,8250,40,F,BK,PD,D
14:44:55,ICBP,RG,8250,8,F,ZP,PD,D
14:44:54,ICBP,RG,8250,1,F,ZP,ZP,F
14:44:54,ICBP,RG,8250,8,F,ZP,ZP,F
14:44:54,ICBP,RG,8250,5,F,ZP,ZP,F
14:44:54,ICBP,RG,8250,3,F,ZP,LG,D
14:44:54,ICBP,RG,8250,8,F,ZP,LG,D
14:44:54,ICBP,RG,8250,8,F,ZP,LG,D
14:44:54,ICBP,RG,8250,8,F,ZP,LG,D
14:44:54,ICBP,RG,8250,9,F,ZP,LG,D
14:44:54,ICBP,RG,8250,8,F,ZP,LG,D
14:44:54,ICBP,RG,8250,5,D,NI,LG,D
14:44:54,ICBP,RG,8250,30,D,YJ,LG,D
14:44:54,ICBP,RG,8250,1,D,BQ,LG,D
14:44:54,ICBP,RG,8250,500,F,GW,LG,D
14:44:54,ICBP,RG,8250,2,D,XC,LG,D
14:44:54,ICBP,RG,8250,10,D,SQ,LG,D
14:44:54,ICBP,RG,8250,2,D,CC,LG,D
14:44:54,ICBP,RG,8250,5,D,NI,LG,D
14:44:54,ICBP,RG,8250,64,F,GW,LG,D
14:44:54,ICBP,RG,8250,30,F,GW,LG,D
14:44:54,ICBP,RG,8250,12,F,GW,LG,D
14:44:52,ICBP,RG,8250,394,F,GW,LG,D
14:44:52,ICBP,RG,8250,1,D,XC,LG,D
14:44:52,ICBP,RG,8250,40,D,KK,LG,D
14:44:52,ICBP,RG,8250,1,D,CC,LG,D
14:44:52,ICBP,RG,8250,45,D,YJ,LG,D
14:44:52,ICBP,RG,8250,1,D,XC,LG,D
14:44:52,ICBP,RG,8250,10,D,YP,LG,D
14:44:52,ICBP,RG,8250,1,D,PD,LG,D
14:44:52,ICBP,RG,8250,1,D,XC,LG,D
14:44:52,ICBP,RG,8250,14,F,BK,LG,D
14:44:52,ICBP,RG,8250,1,D,CP,LG,D
14:44:52,ICBP,RG,8250,44,F,ZP,LG,D
14:44:52,ICBP,RG,8250,29,F,BK,LG,D
14:44:48,ICBP,RG,8250,5,F,BK,BK,F
14:44:39,ICBP,RG,8250,5,F,BK,PD,D
14:44:26,ICBP,RG,8250,5,F,BK,BK,F
14:44:20,ICBP,RG,8250,5,F,BK,PD,D
14:44:20,ICBP,RG,8250,16,F,ZP,PD,D
14:44:16,ICBP,RG,8275,2,D,CC,OD,D
14:43:31,ICBP,RG,8250,5,F,ZP,BK,F
14:43:29,ICBP,RG,8275,7,D,CC,OD,D
14:43:29,ICBP,RG,8275,3,D,CC,CG,F
14:42:25,ICBP,RG,8275,2,D,NI,CG,F
14:41:57,ICBP,RG,8275,10,D,PD,CG,F
14:41:57,ICBP,RG,8275,10,D,PD,CG,F
14:41:56,ICBP,RG,8250,5,F,ZP,NI,D
14:41:43,ICBP,RG,8250,20,F,ZP,YP,D
14:41:09,ICBP,RG,8250,22,F,ZP,YJ,D
14:41:09,ICBP,RG,8250,8,F,BK,YJ,D
14:41:07,ICBP,RG,8275,5,D,DR,CG,F
14:41:07,ICBP,RG,8275,1,D,DR,ZP,F
14:41:01,ICBP,RG,8250,1,F,BK,LG,D
14:41:00,ICBP,RG,8275,3,D,PD,ZP,F
14:40:26,ICBP,RG,8250,42,F,BK,AI,D
14:39:43,ICBP,RG,8275,8,F,ZP,ZP,F
14:39:42,ICBP,RG,8275,17,F,AK,CG,F
14:39:42,ICBP,RG,8275,26,D,CC,CG,F
14:39:42,ICBP,RG,8275,19,F,AK,CG,F
14:39:42,ICBP,RG,8275,95,F,ZP,CG,F
14:39:42,ICBP,RG,8275,8,F,ZP,CG,F
14:39:42,ICBP,RG,8275,26,F,ZP,CG,F
14:39:42,ICBP,RG,8275,66,F,ZP,CG,F
14:39:42,ICBP,RG,8275,1,D,PD,CG,F
14:39:42,ICBP,RG,8275,9,F,ZP,CG,F
14:39:42,ICBP,RG,8275,9,F,ZP,CG,F
14:39:42,ICBP,RG,8275,85,F,ZP,CG,F
14:39:42,ICBP,RG,8275,1,D,XC,CG,F
14:39:42,ICBP,RG,8275,4,D,PD,CG,F
14:39:42,ICBP,RG,8275,1,D,BQ,CG,F
14:39:42,ICBP,RG,8275,9,F,ZP,CG,F
14:39:42,ICBP,RG,8275,20,F,AK,CG,F
14:39:41,ICBP,RG,8275,31,F,AK,CC,D
14:39:41,ICBP,RG,8275,7,F,ZP,CC,D
14:39:41,ICBP,RG,8275,1,F,ZP,FS,F
14:39:41,ICBP,RG,8275,8,F,ZP,FS,F
14:39:41,ICBP,RG,8275,8,F,ZP,FS,F
14:39:41,ICBP,RG,8275,8,F,ZP,FS,F
14:39:41,ICBP,RG,8275,8,F,ZP,FS,F
14:39:41,ICBP,RG,8275,8,F,ZP,FS,F
14:39:41,ICBP,RG,8275,8,F,ZP,FS,F
14:39:41,ICBP,RG,8275,12,F,BK,FS,F
14:39:41,ICBP,RG,8275,8,F,ZP,FS,F
14:39:41,ICBP,RG,8275,6,F,ZP,FS,F
14:39:29,ICBP,RG,8275,2,F,ZP,KK,D
14:39:27,ICBP,RG,8275,8,F,ZP,YP,D
14:39:27,ICBP,RG,8275,8,F,ZP,YP,D
14:39:27,ICBP,RG,8275,14,F,AK,YP,D
14:39:27,ICBP,RG,8275,9,F,AK,PD,D
14:39:27,ICBP,RG,8275,21,F,AK,PD,D
14:39:27,ICBP,RG,8275,8,F,ZP,PD,D
14:39:27,ICBP,RG,8275,8,F,ZP,PD,D
14:39:27,ICBP,RG,8275,8,F,ZP,PD,D
14:39:27,ICBP,RG,8275,8,F,ZP,PD,D
14:39:27,ICBP,RG,8275,8,F,ZP,PD,D
14:39:27,ICBP,RG,8275,8,F,ZP,PD,D
14:39:27,ICBP,RG,8275,8,F,ZP,PD,D
14:39:27,ICBP,RG,8275,8,F,ZP,PD,D
14:39:27,ICBP,RG,8275,8,F,ZP,PD,D
14:39:27,ICBP,RG,8275,8,F,ZP,PD,D
14:39:27,ICBP,RG,8275,8,F,ZP,PD,D
14:39:27,ICBP,RG,8275,8,F,ZP,PD,D
14:39:27,ICBP,RG,8275,8,F,ZP,PD,D
14:39:27,ICBP,RG,8275,9,F,ZP,PD,D
14:39:27,ICBP,RG,8275,157,F,BK,PD,D
14:39:25,ICBP,RG,8275,5,F,BK,CC,D
14:39:09,ICBP,RG,8275,17,F,BK,OD,D
14:39:09,ICBP,RG,8275,8,F,ZP,OD,D
14:39:09,ICBP,RG,8275,21,F,ZP,OD,D
14:39:09,ICBP,RG,8275,67,F,ZP,OD,D
14:39:09,ICBP,RG,8275,5,F,ZP,OD,D
14:39:05,ICBP,RG,8275,4,F,ZP,PD,D
14:39:04,ICBP,RG,8275,61,F,ZP,AT,D
14:39:04,ICBP,RG,8275,39,F,ZP,AT,D
14:39:03,ICBP,RG,8275,2,F,ZP,ZP,F
14:39:02,ICBP,RG,8275,1,F,ZP,PD,D
14:39:01,ICBP,RG,8275,1,F,ZP,XC,D
14:38:59,ICBP,RG,8300,15,F,BK,YU,D
14:38:25,ICBP,RG,8275,24,F,ZP,PD,D
14:38:25,ICBP,RG,8275,6,F,ZP,PD,D
14:38:19,ICBP,RG,8300,16,F,BK,YU,D
14:38:18,ICBP,RG,8275,3,F,ZP,PD,D
14:37:35,ICBP,RG,8275,2,F,BK,ZP,F
14:37:34,ICBP,RG,8275,100,F,BK,CC,D
14:37:32,ICBP,RG,8275,2,F,BK,NI,D
14:37:31,ICBP,RG,8275,55,F,BK,DR,D
14:37:29,ICBP,RG,8300,20,F,BK,YU,D
14:37:13,ICBP,RG,8275,1,F,BK,PD,D
14:36:45,ICBP,RG,8275,2,F,BK,PD,D
14:36:45,ICBP,RG,8275,8,F,ZP,PD,D
14:36:45,ICBP,RG,8275,190,F,ZP,PD,D
14:36:44,ICBP,RG,8275,2,F,ZP,NI,D
14:36:35,ICBP,RG,8300,21,F,BK,YU,D
14:36:31,ICBP,RG,8275,6,F,ZP,PD,D
14:36:24,ICBP,RG,8300,3,D,CC,YU,D
14:36:18,ICBP,RG,8300,3,D,CC,YU,D
14:36:13,ICBP,RG,8275,40,F,ZP,YP,D
14:35:57,ICBP,RG,8300,15,F,BK,YU,D
14:35:40,ICBP,RG,8275,2,F,ZP,XC,D
14:35:40,ICBP,RG,8275,26,F,ZP,XC,D
14:35:40,ICBP,RG,8300,1,D,PD,YU,D
14:35:24,ICBP,RG,8300,12,F,BK,YU,D
14:35:16,ICBP,RG,8275,10,F,ZP,FS,D
14:35:08,ICBP,RG,8275,1,F,ZP,XC,D
14:34:38,ICBP,RG,8275,73,F,BK,CG,F
14:34:38,ICBP,RG,8275,53,F,BK,CG,F
14:34:37,ICBP,RG,8275,79,F,ZP,CG,F
14:34:37,ICBP,RG,8275,31,F,BK,CG,F
14:34:37,ICBP,RG,8275,3,F,BK,AK,F
14:34:37,ICBP,RG,8275,1,F,BK,AK,F
14:34:37,ICBP,RG,8275,20,F,BK,NI,D
14:34:37,ICBP,RG,8275,21,F,BK,CG,F
14:34:37,ICBP,RG,8275,1,F,BK,PD,D
14:34:37,ICBP,RG,8275,5,F,BK,YP,D
14:34:37,ICBP,RG,8275,10,F,BK,SQ,D
14:34:37,ICBP,RG,8275,40,F,BK,KK,D
14:34:37,ICBP,RG,8275,1,F,BK,AK,F
14:34:37,ICBP,RG,8275,10,F,BK,YP,D
14:34:37,ICBP,RG,8275,45,F,BK,CG,F
14:34:37,ICBP,RG,8275,14,F,BK,LG,D
14:34:36,ICBP,RG,8275,39,F,ZP,LG,D
14:34:36,ICBP,RG,8275,75,F,ZP,LG,D
14:34:36,ICBP,RG,8275,47,F,ZP,LG,D
14:34:35,ICBP,RG,8275,93,F,GW,LG,D
14:34:35,ICBP,RG,8275,6,F,GW,LG,D
14:34:35,ICBP,RG,8275,3,F,GW,LG,D
14:34:35,ICBP,RG,8275,2,F,GW,NI,D
14:34:35,ICBP,RG,8275,36,F,GW,CG,F
14:34:35,ICBP,RG,8275,7,F,GW,CG,F
14:34:35,ICBP,RG,8275,1,F,GW,ZP,F
14:34:35,ICBP,RG,8275,49,F,GW,CG,F
14:34:35,ICBP,RG,8275,1,F,GW,XC,D
14:34:35,ICBP,RG,8275,1,F,GW,AK,F
14:34:35,ICBP,RG,8275,32,F,GW,CG,F
14:34:35,ICBP,RG,8275,31,F,GW,CG,F
14:34:35,ICBP,RG,8275,100,F,GW,SQ,D
14:34:35,ICBP,RG,8275,1,F,GW,AK,F
14:34:35,ICBP,RG,8275,5,F,GW,BK,F
14:34:35,ICBP,RG,8275,68,F,GW,CG,F
14:34:35,ICBP,RG,8275,75,F,GW,CG,F
14:34:35,ICBP,RG,8275,500,F,GW,PD,D
14:34:35,ICBP,RG,8275,13,F,GW,ZP,F
14:34:35,ICBP,RG,8275,2,F,GW,KK,D
14:34:35,ICBP,RG,8275,5,F,GW,CG,F
14:34:35,ICBP,RG,8275,5,F,GW,PD,D
14:34:35,ICBP,RG,8275,12,F,GW,YP,D
14:34:35,ICBP,RG,8275,6,F,GW,NI,D
14:34:35,ICBP,RG,8275,18,F,GW,CG,F
14:34:35,ICBP,RG,8275,12,F,GW,EP,D
14:34:35,ICBP,RG,8275,5,F,GW,BK,F
14:34:35,ICBP,RG,8275,7,F,GW,CG,F
14:34:35,ICBP,RG,8275,100,F,GW,YP,D
14:34:35,ICBP,RG,8275,5,F,GW,CG,F
14:34:35,ICBP,RG,8275,2,F,GW,YP,D
14:34:35,ICBP,RG,8275,2,F,GW,PD,D
14:34:35,ICBP,RG,8275,10,F,GW,YP,D
14:34:35,ICBP,RG,8275,6,F,GW,PD,D
14:34:35,ICBP,RG,8275,36,F,GW,CG,F
14:34:35,ICBP,RG,8275,46,F,GW,CG,F
14:34:35,ICBP,RG,8275,27,F,GW,CG,F
14:34:35,ICBP,RG,8275,1,F,GW,AK,F
14:34:35,ICBP,RG,8275,6,F,GW,CC,D
14:34:35,ICBP,RG,8275,20,F,GW,CG,F
14:34:35,ICBP,RG,8275,13,F,GW,XC,D
14:34:35,ICBP,RG,8275,9,F,GW,BK,F
14:34:35,ICBP,RG,8275,40,F,GW,CG,F
14:34:35,ICBP,RG,8275,12,F,GW,ZP,F
14:34:35,ICBP,RG,8275,118,F,GW,OD,D
14:34:35,ICBP,RG,8275,1,F,GW,CG,F
14:34:35,ICBP,RG,8275,2,F,GW,CG,F
14:34:35,ICBP,RG,8275,6,F,GW,PD,D
14:34:35,ICBP,RG,8275,2,F,GW,CG,F
14:34:35,ICBP,RG,8275,1,F,GW,CG,F
14:34:35,ICBP,RG,8275,5,F,GW,BK,F
14:34:35,ICBP,RG,8275,8,F,GW,BK,F
14:34:35,ICBP,RG,8275,18,F,GW,CG,F
14:34:35,ICBP,RG,8275,25,F,GW,GR,D
14:34:35,ICBP,RG,8275,75,F,GW,FS,F
14:34:35,ICBP,RG,8275,8,F,GW,CG,F
14:34:35,ICBP,RG,8275,10,F,GW,MG,D
14:34:35,ICBP,RG,8275,18,F,GW,CG,F
14:34:35,ICBP,RG,8275,8,F,GW,BK,F
14:34:35,ICBP,RG,8275,5,F,GW,BK,F
14:34:35,ICBP,RG,8275,4,F,GW,XC,D
14:34:35,ICBP,RG,8275,22,F,GW,CG,F
14:34:35,ICBP,RG,8275,1,F,GW,YP,D
14:34:35,ICBP,RG,8275,128,F,GW,LG,D
14:34:35,ICBP,RG,8275,26,F,GW,CG,F
14:34:35,ICBP,RG,8275,78,F,GW,LG,D
14:34:28,ICBP,RG,8275,22,F,BK,LG,D
14:33:41,ICBP,RG,8275,17,F,BK,LG,D
14:33:41,ICBP,RG,8275,23,F,ZP,LG,D
14:33:41,ICBP,RG,8275,6,F,ZP,LG,D
14:33:41,ICBP,RG,8275,3,F,ZP,LG,D
14:33:41,ICBP,RG,8275,1,F,ZP,AK,F
14:33:41,ICBP,RG,8275,1,F,ZP,AK,F
14:33:41,ICBP,RG,8275,1,F,ZP,NI,D
14:33:41,ICBP,RG,8275,8,F,ZP,CG,F
14:33:27,ICBP,RG,8250,1,F,BK,CC,D
14:33:11,ICBP,RG,8250,1,F,BK,AK,F
14:33:11,ICBP,RG,8250,2,F,BK,YP,D
14:33:09,ICBP,RG,8250,150,F,BK,DR,D
14:33:05,ICBP,RG,8250,5,F,BK,BK,F
14:32:59,ICBP,RG,8250,5,F,BK,BK,F
14:32:54,ICBP,RG,8275,16,F,BK,CG,F
14:32:41,ICBP,RG,8275,7,F,ZP,CG,F
14:32:41,ICBP,RG,8275,31,F,ZP,CG,F
14:32:10,ICBP,RG,8275,5,D,YP,CG,F
14:32:08,ICBP,RG,8250,4,F,BK,DR,D
14:31:41,ICBP,RG,8275,37,F,ZP,CG,F
14:31:26,ICBP,RG,8250,1,F,BK,XC,D
14:31:24,ICBP,RG,8250,5,F,BK,BK,F
14:31:04,ICBP,RG,8250,1,F,BK,XC,D
14:30:36,ICBP,RG,8250,1,F,BK,PD,D
14:30:36,ICBP,RG,8250,34,F,BK,PD,D
14:30:36,ICBP,RG,8250,6,D,XC,PD,D
14:30:36,ICBP,RG,8250,8,F,ZP,PD,D
14:30:36,ICBP,RG,8250,5,D,PD,PD,D
14:30:36,ICBP,RG,8250,1,D,XC,PD,D
14:30:36,ICBP,RG,8250,1,D,PD,PD,D
14:30:36,ICBP,RG,8250,145,F,GW,PD,D
14:30:25,ICBP,RG,8275,19,F,BK,CG,F
14:30:09,ICBP,RG,8275,25,D,YJ,CG,F
14:30:08,ICBP,RG,8275,7,D,KK,CG,F
14:30:04,ICBP,RG,8275,1,D,NI,CG,F
14:30:00,ICBP,RG,8250,1,F,GW,AK,F
14:29:45,ICBP,RG,8250,5,F,GW,BK,F
14:29:42,ICBP,RG,8275,14,F,BK,CG,F
14:29:39,ICBP,RG,8250,5,F,GW,BK,F
14:29:29,ICBP,RG,8275,5,D,CC,CG,F
14:29:28,ICBP,RG,8250,20,F,GW,EP,D
14:29:16,ICBP,RG,8275,10,D,CC,CG,F
14:29:05,ICBP,RG,8275,13,F,BK,CG,F
14:29:02,ICBP,RG,8250,1,F,GW,CC,D
14:28:46,ICBP,RG,8275,10,D,KK,CG,F
14:28:45,ICBP,RG,8250,2,F,GW,NI,D
14:28:18,ICBP,RG,8275,3,F,BK,CG,F
14:28:18,ICBP,RG,8275,12,F,BK,CG,F
14:27:54,ICBP,RG,8250,2,F,GW,PD,D
14:27:16,ICBP,RG,8275,22,F,BK,CG,F
14:26:54,ICBP,RG,8275,1,D,PD,CG,F
14:26:28,ICBP,RG,8275,10,D,YP,CG,F
14:26:22,ICBP,RG,8250,100,F,GW,CC,D
14:26:19,ICBP,RG,8275,6,F,YU,CG,F
14:26:18,ICBP,RG,8275,19,F,YU,CG,F
14:26:18,ICBP,RG,8275,50,F,YU,PD,D
14:26:18,ICBP,RG,8275,88,F,YU,PD,D
14:26:18,ICBP,RG,8275,88,F,YU,PD,D
14:26:18,ICBP,RG,8275,88,F,YU,PD,D
14:26:18,ICBP,RG,8275,86,F,YU,PD,D
14:26:18,ICBP,RG,8275,2,F,YU,CG,F
14:26:17,ICBP,RG,8275,4,F,YU,CG,F
14:26:17,ICBP,RG,8275,5,F,YU,CG,F
14:26:17,ICBP,RG,8275,1,F,YU,NI,D
14:26:17,ICBP,RG,8275,1,F,YU,NI,D
14:26:17,ICBP,RG,8275,5,F,YU,DH,D
14:26:17,ICBP,RG,8275,5,F,YU,BK,F
14:26:17,ICBP,RG,8275,4,F,YU,PD,D
14:26:17,ICBP,RG,8275,15,F,YU,CG,F
14:26:17,ICBP,RG,8275,6,F,YU,CG,F
14:26:17,ICBP,RG,8275,13,F,YU,PD,D
14:26:17,ICBP,RG,8275,1,F,YU,YP,D
14:26:17,ICBP,RG,8275,5,F,YU,CC,D
14:26:17,ICBP,RG,8275,11,F,YU,CG,F
14:26:17,ICBP,RG,8275,1,F,YU,ZP,F
14:26:17,ICBP,RG,8275,4,F,YU,XC,D
14:26:17,ICBP,RG,8275,1,F,YU,AK,F
14:26:17,ICBP,RG,8275,1,F,YU,AK,F
14:26:17,ICBP,RG,8275,5,F,YU,CG,F
14:26:17,ICBP,RG,8275,5,F,YU,CG,F
14:26:17,ICBP,RG,8275,55,F,YU,CG,F
14:26:17,ICBP,RG,8275,7,F,YU,CG,F
14:26:17,ICBP,RG,8275,21,F,YU,OD,D
14:26:15,ICBP,RG,8250,7,F,GW,PD,D
14:26:04,ICBP,RG,8250,7,F,GW,XC,D
14:25:49,ICBP,RG,8250,10,F,GW,YP,D
14:25:45,ICBP,RG,8250,1,F,GW,AK,F
14:25:05,ICBP,RG,8250,1,F,GW,EP,D
14:25:03,ICBP,RG,8250,2,F,GW,YP,D
14:24:43,ICBP,RG,8250,2,F,GW,YP,D
14:24:29,ICBP,RG,8250,1,F,GW,YP,D
14:24:28,ICBP,RG,8250,14,F,GW,CG,F
14:24:28,ICBP,RG,8275,88,F,YU,OD,D
14:24:28,ICBP,RG,8275,9,F,YU,OD,D
14:24:28,ICBP,RG,8275,5,F,YU,BK,F
14:24:28,ICBP,RG,8275,8,F,YU,CG,F
14:24:28,ICBP,RG,8275,44,F,YU,CG,F
14:24:28,ICBP,RG,8275,22,F,YU,CG,F
14:24:28,ICBP,RG,8275,13,F,YU,CG,F
14:24:28,ICBP,RG,8275,1,F,YU,ZP,F
14:24:28,ICBP,RG,8275,74,F,YU,LG,D
14:24:27,ICBP,RG,8250,1,F,GW,CG,F
14:24:22,ICBP,RG,8250,3,F,GW,YP,D
14:24:22,ICBP,RG,8250,2,D,CC,YP,D
14:24:20,ICBP,RG,8250,2,D,CC,CG,F
14:24:19,ICBP,RG,8250,1,D,CC,YP,D
14:24:19,ICBP,RG,8250,15,F,BK,YP,D
14:24:13,ICBP,RG,8250,3,F,BK,YP,D
14:23:52,ICBP,RG,8250,1,D,YP,CG,F
14:23:52,ICBP,RG,8250,38,D,YP,CG,F
14:23:51,ICBP,RG,8250,61,D,YP,PD,D
14:23:51,ICBP,RG,8250,5,F,BK,PD,D
14:23:51,ICBP,RG,8250,88,F,YU,PD,D
14:23:51,ICBP,RG,8250,10,D,NI,PD,D
14:23:51,ICBP,RG,8250,136,F,GW,PD,D
14:22:37,ICBP,RG,8250,1,F,GW,CG,F
14:22:33,ICBP,RG,8250,12,F,GW,CG,F
14:22:32,ICBP,RG,8250,100,F,GW,CC,D
14:22:27,ICBP,RG,8250,1,F,GW,CG,F
14:22:26,ICBP,RG,8250,5,F,GW,CC,D
14:22:12,ICBP,RG,8250,7,F,GW,CG,F
14:22:09,ICBP,RG,8250,38,F,GW,AI,F
14:22:09,ICBP,RG,8250,10,D,YP,AI,F
14:22:09,ICBP,RG,8250,2,F,ZP,AI,F
14:22:07,ICBP,RG,8250,2,F,ZP,CG,F
14:22:06,ICBP,RG,8250,15,F,ZP,KK,D
14:20:20,ICBP,RG,8250,1,F,ZP,NI,D
14:20:09,ICBP,RG,8250,1,F,ZP,CG,F
14:20:07,ICBP,RG,8250,13,F,ZP,YP,D
14:19:32,ICBP,RG,8250,1,F,ZP,CG,F
14:19:30,ICBP,RG,8275,1,D,SQ,LG,D
14:18:12,ICBP,RG,8250,9,F,ZP,CG,F
14:18:09,ICBP,RG,8250,14,F,ZP,FS,F
14:18:09,ICBP,RG,8250,5,D,NI,FS,F
14:18:09,ICBP,RG,8250,3,D,YP,FS,F
14:18:09,ICBP,RG,8250,53,D,YP,FS,F
14:17:12,ICBP,RG,8250,1,D,YP,CG,F
14:17:11,ICBP,RG,8250,21,D,YP,CG,F
14:17:11,ICBP,RG,8250,163,D,YP,DH,D
14:16:53,ICBP,RG,8250,1,D,YP,DH,D
14:16:37,ICBP,RG,8250,5,D,YP,AZ,D
14:16:19,ICBP,RG,8250,1,D,YP,CG,F
14:16:18,ICBP,RG,8275,6,D,PD,LG,D
14:15:45,ICBP,RG,8250,1,D,YP,NI,D
14:14:58,ICBP,RG,8250,3,D,YP,CG,F
14:14:57,ICBP,RG,8250,22,D,YP,CG,F
14:14:55,ICBP,RG,8275,10,D,YP,LG,D
14:14:55,ICBP,RG,8275,8,F,ZP,LG,D
14:14:55,ICBP,RG,8275,8,F,ZP,LG,D
14:14:55,ICBP,RG,8275,8,F,ZP,LG,D
14:14:55,ICBP,RG,8275,8,F,ZP,LG,D
14:14:55,ICBP,RG,8275,5,F,ZP,LG,D
14:14:54,ICBP,RG,8275,1,F,ZP,CG,F
14:14:53,ICBP,RG,8275,3,F,ZP,LG,D
14:14:53,ICBP,RG,8275,8,F,ZP,LG,D
14:14:53,ICBP,RG,8275,25,F,BK,LG,D
14:14:53,ICBP,RG,8275,8,F,ZP,LG,D
14:14:53,ICBP,RG,8275,8,F,ZP,LG,D
14:14:53,ICBP,RG,8275,8,F,ZP,LG,D
14:14:53,ICBP,RG,8275,9,F,ZP,LG,D
14:14:53,ICBP,RG,8275,8,F,ZP,LG,D
14:14:53,ICBP,RG,8275,63,F,ZP,LG,D
14:14:53,ICBP,RG,8275,6,F,ZP,LG,D
14:14:53,ICBP,RG,8275,3,F,ZP,LG,D
14:14:42,ICBP,RG,8275,1,F,ZP,CG,F
14:14:40,ICBP,RG,8275,5,F,ZP,NI,D
14:14:33,ICBP,RG,8275,5,F,ZP,CC,D
14:14:23,ICBP,RG,8275,1,F,ZP,CG,F
14:14:22,ICBP,RG,8275,5,F,ZP,SQ,D
14:14:22,ICBP,RG,8275,2,F,ZP,PD,D
14:14:22,ICBP,RG,8275,3,D,NI,PD,D
14:14:21,ICBP,RG,8275,1,D,NI,CG,F
14:14:21,ICBP,RG,8275,1,D,NI,CG,F
14:14:21,ICBP,RG,8275,1,D,NI,ZP,F
14:14:20,ICBP,RG,8275,1,D,NI,ZP,F
14:13:51,ICBP,RG,8250,3,D,YP,CG,F
14:13:50,ICBP,RG,8250,35,D,YP,CG,F
14:13:50,ICBP,RG,8250,18,D,YP,CG,F
14:13:48,ICBP,RG,8275,2,F,ZP,CG,F
14:13:48,ICBP,RG,8275,72,F,ZP,CG,F
14:13:48,ICBP,RG,8275,60,F,ZP,CG,F
14:13:48,ICBP,RG,8275,8,F,ZP,CG,F
14:13:48,ICBP,RG,8275,18,F,AK,CG,F
14:13:48,ICBP,RG,8275,17,F,AK,CG,F
14:13:48,ICBP,RG,8275,62,F,ZP,CG,F
14:13:48,ICBP,RG,8275,1,D,XC,CG,F
14:13:48,ICBP,RG,8275,8,F,ZP,CG,F
14:13:48,ICBP,RG,8275,10,D,NI,CG,F
14:13:48,ICBP,RG,8275,10,D,YP,CG,F
14:13:48,ICBP,RG,8275,62,F,ZP,CG,F
14:13:48,ICBP,RG,8275,2,D,KK,CG,F
14:13:48,ICBP,RG,8275,1,D,PD,CG,F
14:13:48,ICBP,RG,8275,13,F,ZP,CG,F
14:13:48,ICBP,RG,8275,54,F,ZP,PD,D
14:13:48,ICBP,RG,8275,5,D,PD,PD,D
14:13:48,ICBP,RG,8275,10,D,NI,PD,D
14:13:48,ICBP,RG,8275,20,F,AK,PD,D
14:13:48,ICBP,RG,8275,8,F,ZP,PD,D
14:13:48,ICBP,RG,8275,3,F,ZP,PD,D
14:13:32,ICBP,RG,8275,1,F,ZP,CG,F
14:13:32,ICBP,RG,8275,1,F,ZP,CG,F
14:13:30,ICBP,RG,8275,3,F,ZP,CG,F
14:13:30,ICBP,RG,8275,1,F,ZP,CG,F
14:13:30,ICBP,RG,8275,7,F,ZP,CG,F
14:13:29,ICBP,RG,8275,11,F,BK,CG,F
14:13:29,ICBP,RG,8275,8,F,BK,CG,F
14:13:29,ICBP,RG,8275,2,F,BK,CG,F
14:13:29,ICBP,RG,8275,5,F,BK,CG,F
14:13:29,ICBP,RG,8275,88,F,BK,CC,D
14:13:29,ICBP,RG,8275,8,F,ZP,CC,D
14:13:29,ICBP,RG,8275,1,D,NI,CC,D
14:13:29,ICBP,RG,8275,3,F,ZP,CC,D
14:13:28,ICBP,RG,8275,6,F,ZP,CG,F
14:13:28,ICBP,RG,8275,33,F,GW,CG,F
14:13:28,ICBP,RG,8275,15,F,GW,CG,F
14:13:28,ICBP,RG,8275,300,F,GW,PD,D
14:13:28,ICBP,RG,8275,2,F,GW,XC,D
14:13:26,ICBP,RG,8275,2,F,GW,CG,F
14:13:22,ICBP,RG,8275,16,F,GW,CG,F
14:13:22,ICBP,RG,8275,10,F,GW,XC,D
14:13:22,ICBP,RG,8275,128,F,GW,LG,D
14:13:21,ICBP,RG,8275,10,F,GW,CG,F
14:13:19,ICBP,RG,8275,140,F,GW,LG,D
14:13:19,ICBP,RG,8275,6,F,GW,LG,D
14:13:19,ICBP,RG,8275,3,F,GW,LG,D
14:12:56,ICBP,RG,8275,5,F,GW,DH,D
14:12:48,ICBP,RG,8275,3,F,GW,KK,D
14:12:44,ICBP,RG,8275,19,F,GW,NI,D
14:12:29,ICBP,RG,8275,1,F,GW,PD,D
14:12:28,ICBP,RG,8275,32,F,GW,PD,D
14:12:28,ICBP,RG,8275,140,F,GW,LG,D
14:12:28,ICBP,RG,8275,6,F,GW,LG,D
14:12:27,ICBP,RG,8275,2,F,GW,LG,D
14:12:25,ICBP,RG,8275,1,F,GW,XC,D
14:12:21,ICBP,RG,8275,126,F,GW,LG,D
14:12:21,ICBP,RG,8275,2,D,PD,LG,D
14:12:21,ICBP,RG,8275,3,D,PD,PD,D
14:12:21,ICBP,RG,8275,1,D,YP,PD,D
14:12:09,ICBP,RG,8275,9,D,YP,PD,D
14:12:09,ICBP,RG,8275,9,F,ZP,PD,D
14:12:09,ICBP,RG,8275,8,F,ZP,PD,D
14:12:09,ICBP,RG,8275,8,F,ZP,PD,D
14:12:09,ICBP,RG,8275,9,F,ZP,PD,D
14:12:09,ICBP,RG,8275,8,F,ZP,PD,D
14:12:09,ICBP,RG,8275,8,F,ZP,PD,D
14:12:09,ICBP,RG,8275,66,F,BK,PD,D
14:11:56,ICBP,RG,8275,97,F,BK,LG,D
14:11:56,ICBP,RG,8275,8,F,ZP,LG,D
14:11:56,ICBP,RG,8275,8,F,ZP,LG,D
14:11:56,ICBP,RG,8275,18,F,AK,LG,D
14:11:56,ICBP,RG,8275,9,F,AK,LG,D
14:11:56,ICBP,RG,8275,6,F,AK,LG,D
14:11:56,ICBP,RG,8275,2,F,AK,LG,D
14:11:51,ICBP,RG,8275,6,F,AK,LG,D
14:11:51,ICBP,RG,8275,16,F,AK,LG,D
14:11:51,ICBP,RG,8275,8,F,ZP,LG,D
14:11:51,ICBP,RG,8275,8,F,ZP,LG,D
14:11:51,ICBP,RG,8275,8,F,ZP,LG,D
14:11:51,ICBP,RG,8275,9,F,ZP,LG,D
14:11:51,ICBP,RG,8275,8,F,ZP,LG,D
14:11:51,ICBP,RG,8275,8,F,ZP,LG,D
14:11:51,ICBP,RG,8275,9,F,ZP,LG,D
14:11:51,ICBP,RG,8275,8,F,ZP,LG,D
14:11:51,ICBP,RG,8275,8,F,ZP,LG,D
14:11:51,ICBP,RG,8275,9,F,ZP,LG,D
14:11:51,ICBP,RG,8275,8,F,ZP,LG,D
14:11:51,ICBP,RG,8275,8,F,ZP,LG,D
14:11:51,ICBP,RG,8275,9,F,ZP,LG,D
14:11:51,ICBP,RG,8275,8,F,ZP,LG,D
14:11:51,ICBP,RG,8275,2,F,BK,LG,D
14:11:51,ICBP,RG,8275,6,F,BK,LG,D
14:11:51,ICBP,RG,8275,2,F,BK,LG,D
14:11:46,ICBP,RG,8275,8,F,BK,LG,D
14:11:46,ICBP,RG,8275,9,F,ZP,LG,D
14:11:46,ICBP,RG,8275,8,F,ZP,LG,D
14:11:46,ICBP,RG,8275,8,F,ZP,LG,D
14:11:46,ICBP,RG,8275,8,F,ZP,LG,D
14:11:46,ICBP,RG,8275,100,F,BK,LG,D
14:11:46,ICBP,RG,8275,6,F,BK,LG,D
14:11:46,ICBP,RG,8275,2,F,BK,LG,D
14:11:42,ICBP,RG,8275,141,F,BK,LG,D
14:11:42,ICBP,RG,8275,6,F,BK,LG,D
14:11:42,ICBP,RG,8275,2,F,BK,LG,D
14:11:40,ICBP,RG,8275,20,F,BK,DH,D
14:11:25,ICBP,RG,8275,74,F,BK,LG,D
14:11:25,ICBP,RG,8275,9,F,ZP,LG,D
14:11:25,ICBP,RG,8275,45,F,ZP,LG,D
14:11:23,ICBP,RG,8275,19,F,ZP,LG,D
14:11:23,ICBP,RG,8275,8,F,ZP,LG,D
14:11:23,ICBP,RG,8275,58,F,ZP,LG,D
14:11:23,ICBP,RG,8275,56,F,ZP,LG,D
14:11:23,ICBP,RG,8275,6,F,ZP,LG,D
14:11:23,ICBP,RG,8275,2,F,ZP,LG,D
14:11:20,ICBP,RG,8275,1,F,ZP,CC,D
14:11:19,ICBP,RG,8275,2,F,ZP,YP,D
14:11:00,ICBP,RG,8275,5,F,ZP,PD,D
14:11:00,ICBP,RG,8275,77,F,ZP,PD,D
14:11:00,ICBP,RG,8275,62,F,ZP,PD,D
14:11:00,ICBP,RG,8275,206,D,HD,PD,D
14:10:42,ICBP,RG,8300,8,F,ZP,YU,D
14:10:17,ICBP,RG,8275,5,D,HD,YP,D
14:10:04,ICBP,RG,8300,2,D,PD,YU,D
14:09:27,ICBP,RG,8300,37,D,YJ,YU,D
14:09:17,ICBP,RG,8275,1,D,HD,CC,D
14:09:07,ICBP,RG,8300,1,D,PD,YU,D
14:09:07,ICBP,RG,8300,8,F,ZP,YU,D
14:09:05,ICBP,RG,8300,12,D,SQ,YU,D
14:09:02,ICBP,RG,8300,46,F,ZP,YU,D
14:09:00,ICBP,RG,8300,45,F,ZP,YU,D
14:08:42,ICBP,RG,8300,8,F,ZP,YU,D
14:08:31,ICBP,RG,8300,11,D,XA,YU,D
14:08:30,ICBP,RG,8300,70,F,ZP,YU,D
14:08:26,ICBP,RG,8300,1,D,PD,YU,D
14:08:23,ICBP,RG,8275,4,D,HD,DH,D
14:08:22,ICBP,RG,8275,3,D,HD,PD,D
14:08:16,ICBP,RG,8300,8,F,ZP,YU,D
14:08:13,ICBP,RG,8275,6,D,HD,EP,D
14:07:59,ICBP,RG,8275,100,D,HD,YP,D
14:07:57,ICBP,RG,8300,57,F,ZP,YU,D
14:07:56,ICBP,RG,8300,8,F,ZP,YU,D
14:07:55,ICBP,RG,8300,74,D,CC,YU,D
14:07:55,ICBP,RG,8300,1,D,CC,PD,D
14:07:55,ICBP,RG,8300,1,D,CC,GR,D
14:07:55,ICBP,RG,8300,24,D,CC,TP,D
14:07:37,ICBP,RG,8300,10,D,YP,TP,D
14:07:31,ICBP,RG,8300,8,F,ZP,TP,D
14:07:30,ICBP,RG,8275,20,D,HD,PD,D
14:07:29,ICBP,RG,8275,2,D,HD,XC,D
14:07:29,ICBP,RG,8300,8,F,ZP,TP,D
14:07:27,ICBP,RG,8275,10,D,HD,CC,D
14:06:58,ICBP,RG,8275,1,D,HD,DH,D
14:06:51,ICBP,RG,8275,1,D,HD,GR,D
14:06:38,ICBP,RG,8275,7,D,HD,CG,F
14:06:38,ICBP,RG,8275,1,D,HD,DX,D
14:06:38,ICBP,RG,8275,56,D,HD,CG,F
14:06:37,ICBP,RG,8275,120,D,HD,CG,F
14:06:37,ICBP,RG,8275,119,D,HD,CG,F
14:06:37,ICBP,RG,8275,13,D,HD,CG,F
14:06:37,ICBP,RG,8275,13,D,HD,CG,F
14:06:37,ICBP,RG,8275,10,D,HD,NI,D
14:06:37,ICBP,RG,8275,9,D,HD,CC,D
14:06:37,ICBP,RG,8275,7,D,HD,BK,F
14:06:37,ICBP,RG,8275,1,D,HD,PD,D
14:06:37,ICBP,RG,8275,1,D,HD,AK,F
14:06:37,ICBP,RG,8275,1,D,HD,PD,D
14:06:37,ICBP,RG,8275,1,D,HD,YP,D
14:06:37,ICBP,RG,8275,118,D,HD,OD,D
14:06:37,ICBP,RG,8275,5,D,HD,AG,D
14:06:37,ICBP,RG,8275,1,D,HD,XC,D
14:06:37,ICBP,RG,8275,2,D,HD,PD,D
14:06:37,ICBP,RG,8275,10,D,HD,SQ,D
14:06:37,ICBP,RG,8275,1,D,HD,NI,D
14:06:37,ICBP,RG,8275,29,D,HD,NI,D
14:06:37,ICBP,RG,8275,10,D,HD,PD,D
14:06:37,ICBP,RG,8275,1,D,HD,AK,F
14:06:37,ICBP,RG,8275,3,D,HD,YP,D
14:06:37,ICBP,RG,8275,1,D,HD,CG,F
14:06:37,ICBP,RG,8275,2,D,HD,YP,D
14:06:37,ICBP,RG,8275,3,D,HD,CC,D
14:06:37,ICBP,RG,8275,1,D,HD,CG,F
14:06:37,ICBP,RG,8275,2,D,HD,PD,D
14:06:37,ICBP,RG,8275,2,D,HD,XC,D
14:06:37,ICBP,RG,8275,1,D,HD,DH,D
14:06:37,ICBP,RG,8275,3,D,HD,NI,D
14:06:37,ICBP,RG,8275,2,D,HD,NI,D
14:06:37,ICBP,RG,8275,7,D,HD,BK,F
14:06:37,ICBP,RG,8275,33,D,HD,AT,D
14:06:37,ICBP,RG,8275,3,D,HD,AT,D
14:06:37,ICBP,RG,8275,18,D,HD,YP,D
14:06:37,ICBP,RG,8275,10,D,HD,XC,D
14:06:37,ICBP,RG,8275,4,D,HD,ZP,F
14:06:37,ICBP,RG,8275,1,D,HD,CG,F
14:06:37,ICBP,RG,8275,2,D,HD,CG,F
14:06:37,ICBP,RG,8275,1,D,HD,YP,D
14:06:37,ICBP,RG,8275,6,D,HD,PD,D
14:06:36,ICBP,RG,8250,1,D,YP,PD,D
14:06:36,ICBP,RG,8275,19,F,BK,PD,D
14:06:36,ICBP,RG,8275,9,F,BK,KK,D
14:06:36,ICBP,RG,8275,30,F,BK,FZ,D
14:06:36,ICBP,RG,8275,3,F,BK,NI,D
14:06:36,ICBP,RG,8275,10,F,BK,CG,F
14:06:36,ICBP,RG,8275,9,F,BK,CG,F
14:06:36,ICBP,RG,8275,1,F,BK,AK,F
14:06:36,ICBP,RG,8275,5,F,BK,BK,F
14:06:36,ICBP,RG,8275,1,F,BK,AK,F
14:06:36,ICBP,RG,8275,80,F,BK,PD,D
14:06:36,ICBP,RG,8275,1,F,BK,SQ,D
14:06:36,ICBP,RG,8275,20,F,BK,CC,D
14:06:36,ICBP,RG,8275,17,F,BK,CG,F
14:06:36,ICBP,RG,8275,16,F,BK,CG,F
14:06:36,ICBP,RG,8275,5,F,BK,PD,D
14:06:36,ICBP,RG,8275,15,F,BK,CC,D
14:06:36,ICBP,RG,8275,1,F,BK,XC,D
14:06:36,ICBP,RG,8275,5,F,BK,CC,D
14:06:36,ICBP,RG,8275,1,F,BK,ZP,F
14:06:36,ICBP,RG,8275,1,F,BK,SQ,D
14:06:36,ICBP,RG,8275,5,F,BK,BK,F
14:06:36,ICBP,RG,8275,5,F,BK,CC,D
14:06:36,ICBP,RG,8275,88,F,BK,CS,F
14:06:36,ICBP,RG,8275,76,F,BK,CG,F
14:06:36,ICBP,RG,8275,76,F,BK,CG,F
14:06:36,ICBP,RG,8275,1,F,BK,CG,F
14:06:35,ICBP,RG,8275,393,D,OD,CG,F
14:06:35,ICBP,RG,8275,394,D,OD,CG,F
14:06:35,ICBP,RG,8275,12,D,OD,ZP,F
14:06:35,ICBP,RG,8275,1,D,OD,YP,D
14:06:35,ICBP,RG,8275,6,D,OD,PD,D
14:06:35,ICBP,RG,8275,1,D,OD,KK,D
14:06:35,ICBP,RG,8275,1,D,OD,ZP,F
14:06:35,ICBP,RG,8275,10,D,OD,NI,D
14:06:35,ICBP,RG,8275,20,D,OD,YP,D
14:06:35,ICBP,RG,8275,272,D,OD,LG,D
14:06:35,ICBP,RG,8275,11,D,OD,LG,D
14:06:35,ICBP,RG,8275,4,D,OD,LG,D
14:06:35,ICBP,RG,8275,15,D,OD,PD,D
14:06:35,ICBP,RG,8275,2,D,OD,YP,D
14:06:35,ICBP,RG,8275,100,D,OD,CC,D
14:06:35,ICBP,RG,8275,1,D,OD,LS,D
14:06:35,ICBP,RG,8275,1,D,OD,NI,D
14:06:35,ICBP,RG,8275,16,D,OD,YP,D
14:06:35,ICBP,RG,8275,2,D,OD,PD,D
14:06:35,ICBP,RG,8275,1,D,OD,DH,D
14:06:35,ICBP,RG,8275,3,D,OD,PD,D
14:06:35,ICBP,RG,8275,10,D,OD,KK,D
14:06:35,ICBP,RG,8275,170,D,OD,LG,D
14:06:35,ICBP,RG,8275,554,D,OD,YJ,D
14:06:30,ICBP,RG,8250,1,D,YP,CG,F
14:06:29,ICBP,RG,8250,2,D,YP,CG,F
14:06:29,ICBP,RG,8250,1,D,YP,CG,F
14:06:28,ICBP,RG,8275,10,D,YP,YJ,D
14:06:23,ICBP,RG,8250,1,D,YP,CG,F
14:06:23,ICBP,RG,8250,2,D,YP,CG,F
14:06:22,ICBP,RG,8250,2,D,YP,CG,F
14:06:22,ICBP,RG,8250,13,D,YP,CG,F
14:06:22,ICBP,RG,8250,11,D,YP,CG,F
14:06:21,ICBP,RG,8250,10,D,YP,PD,D
14:06:19,ICBP,RG,8275,88,F,YU,YJ,D
14:06:17,ICBP,RG,8250,1,D,YP,PD,D
14:06:17,ICBP,RG,8250,1,D,YP,CG,F
14:06:15,ICBP,RG,8250,1,D,YP,CG,F
14:06:15,ICBP,RG,8250,2,D,YP,CG,F
14:06:14,ICBP,RG,8250,11,D,YP,CG,F
14:06:14,ICBP,RG,8250,10,D,YP,CG,F
14:06:13,ICBP,RG,8250,1,D,YP,CG,F
14:06:12,ICBP,RG,8275,83,F,YU,YJ,D
14:06:12,ICBP,RG,8250,2,D,YP,CG,F
14:06:12,ICBP,RG,8250,1,D,YP,CG,F
14:06:11,ICBP,RG,8250,12,D,YP,CG,F
14:06:11,ICBP,RG,8250,12,D,YP,CG,F
14:06:10,ICBP,RG,8275,10,D,YP,YJ,D
14:06:10,ICBP,RG,8275,80,F,YU,YJ,D
14:06:10,ICBP,RG,8275,2,F,YU,DR,D
14:06:10,ICBP,RG,8275,2,F,YU,OK,D
14:05:54,ICBP,RG,8250,1,D,YP,PD,D
14:05:53,ICBP,RG,8250,1,D,YP,CG,F
14:05:49,ICBP,RG,8250,2,D,YP,CG,F
14:05:49,ICBP,RG,8250,1,D,YP,CG,F
14:05:48,ICBP,RG,8250,12,D,YP,CG,F
14:05:47,ICBP,RG,8250,11,D,YP,CG,F
14:05:43,ICBP,RG,8275,48,F,YU,OK,D
14:05:43,ICBP,RG,8275,40,F,YU,OD,D
14:05:27,ICBP,RG,8250,1,D,YP,CG,F
14:05:27,ICBP,RG,8250,1,D,YP,CG,F
14:05:25,ICBP,RG,8250,5,D,YP,CG,F
14:05:25,ICBP,RG,8250,5,D,YP,CG,F
14:05:24,ICBP,RG,8250,2,D,YP,YP,D
14:05:24,ICBP,RG,8250,33,D,YP,PD,D
14:05:24,ICBP,RG,8250,6,F,ZP,PD,D
14:04:49,ICBP,RG,8250,2,F,ZP,CG,F
14:04:48,ICBP,RG,8250,1,F,ZP,CG,F
14:04:47,ICBP,RG,8275,10,D,NI,OD,D
14:04:30,ICBP,RG,8250,1,F,ZP,CG,F
14:04:28,ICBP,RG,8250,2,F,ZP,CG,F
14:04:28,ICBP,RG,8250,2,F,ZP,CG,F
14:04:27,ICBP,RG,8275,15,D,OD,OD,D
14:04:19,ICBP,RG,8250,1,F,ZP,CG,F
14:04:18,ICBP,RG,8250,1,F,ZP,CG,F
14:04:17,ICBP,RG,8250,2,F,ZP,CG,F
14:04:17,ICBP,RG,8250,1,F,ZP,CG,F
14:04:17,ICBP,RG,8250,5,F,ZP,CG,F
14:04:17,ICBP,RG,8250,1,F,ZP,CG,F
14:04:16,ICBP,RG,8250,5,F,ZP,CG,F
14:04:16,ICBP,RG,8250,9,F,ZP,CG,F
14:04:16,ICBP,RG,8250,1,F,ZP,CG,F
14:04:15,ICBP,RG,8250,8,F,ZP,CG,F
14:04:15,ICBP,RG,8250,7,F,ZP,CG,F
14:04:15,ICBP,RG,8250,1,D,PD,CG,F
14:04:15,ICBP,RG,8250,15,D,CC,CG,F
14:04:15,ICBP,RG,8250,1,D,CC,CG,F
14:04:15,ICBP,RG,8250,20,D,YP,CG,F
14:04:15,ICBP,RG,8250,1,F,BK,CG,F
14:04:14,ICBP,RG,8275,53,F,YU,OD,D
14:04:14,ICBP,RG,8275,15,F,YU,PD,D
14:04:14,ICBP,RG,8275,20,F,YU,CC,D
14:04:14,ICBP,RG,8250,2,F,BK,CG,F
14:04:14,ICBP,RG,8250,1,F,BK,CG,F
14:04:14,ICBP,RG,8275,5,F,YU,CC,D
14:04:14,ICBP,RG,8275,12,F,YU,YP,D
14:04:14,ICBP,RG,8275,10,F,YU,NI,D
14:04:14,ICBP,RG,8275,1,F,YU,NI,D
14:04:14,ICBP,RG,8275,1,F,YU,NI,D
14:04:14,ICBP,RG,8275,12,F,YU,YP,D
14:04:14,ICBP,RG,8275,10,F,YU,PD,D
14:04:14,ICBP,RG,8275,3,F,YU,YP,F
14:04:14,ICBP,RG,8275,34,F,YU,EP,D
14:04:14,ICBP,RG,8275,66,F,YU,EP,D
14:04:14,ICBP,RG,8275,20,F,YU,YP,D
14:04:14,ICBP,RG,8275,2,F,YU,YP,D
14:04:13,ICBP,RG,8250,2,F,BK,CG,F
14:04:12,ICBP,RG,8250,14,F,BK,CG,F
14:04:12,ICBP,RG,8250,15,F,BK,CG,F
14:04:11,ICBP,RG,8250,1,F,BK,DH,D
14:04:11,ICBP,RG,8250,50,D,AI,OD,D
14:04:11,ICBP,RG,8250,5,D,SQ,OD,D
14:04:11,ICBP,RG,8250,1,D,HP,OD,D
14:04:11,ICBP,RG,8250,62,F,ZP,OD,D
14:04:01,ICBP,RG,8250,5,D,OD,CC,D
14:04:01,ICBP,RG,8250,46,F,BK,CC,D
14:04:01,ICBP,RG,8250,20,D,DR,CC,D
14:04:01,ICBP,RG,8250,10,D,YP,CC,D
14:04:01,ICBP,RG,8250,9,F,ZP,CC,D
14:04:01,ICBP,RG,8250,8,F,ZP,CC,D
14:04:01,ICBP,RG,8250,2,F,ZP,CC,D
14:03:57,ICBP,RG,8250,6,F,ZP,GR,D
14:03:57,ICBP,RG,8250,4,F,ZP,GR,D
14:03:55,ICBP,RG,8250,4,F,ZP,LG,D
14:03:55,ICBP,RG,8250,9,F,ZP,LG,D
14:03:55,ICBP,RG,8250,8,F,ZP,LG,D
14:03:55,ICBP,RG,8250,9,F,ZP,LG,D
14:03:55,ICBP,RG,8250,8,F,ZP,LG,D
14:03:55,ICBP,RG,8250,8,F,ZP,LG,D
14:03:55,ICBP,RG,8250,8,F,ZP,LG,D
14:03:55,ICBP,RG,8250,8,F,ZP,LG,D
14:03:55,ICBP,RG,8250,9,F,ZP,LG,D
14:03:55,ICBP,RG,8250,8,F,ZP,LG,D
14:03:55,ICBP,RG,8250,8,F,ZP,LG,D
14:03:55,ICBP,RG,8250,8,F,ZP,LG,D
14:03:55,ICBP,RG,8250,9,F,ZP,LG,D
14:03:55,ICBP,RG,8250,37,F,BK,LG,D
14:03:55,ICBP,RG,8250,6,F,BK,LG,D
14:03:55,ICBP,RG,8250,2,F,BK,LG,D
14:03:53,ICBP,RG,8250,10,F,BK,PD,D
14:03:53,ICBP,RG,8250,128,F,BK,LG,D
14:03:26,ICBP,RG,8250,4,F,BK,XC,D
14:03:23,ICBP,RG,8250,115,F,BK,OD,D
14:03:23,ICBP,RG,8250,3,F,ZP,OD,D
14:03:19,ICBP,RG,8250,5,F,ZP,YJ,D
14:03:19,ICBP,RG,8250,170,F,BK,YJ,D
14:03:19,ICBP,RG,8250,8,F,ZP,YJ,D
14:03:19,ICBP,RG,8250,8,F,ZP,YJ,D
14:03:19,ICBP,RG,8250,8,F,ZP,YJ,D
14:03:19,ICBP,RG,8250,8,F,ZP,YJ,D
14:03:19,ICBP,RG,8250,8,F,ZP,YJ,D
14:03:19,ICBP,RG,8250,25,F,AK,YJ,D
14:03:19,ICBP,RG,8250,27,F,AK,YJ,D
14:03:19,ICBP,RG,8250,17,F,AK,YJ,D
14:03:19,ICBP,RG,8250,8,F,ZP,YJ,D
14:03:19,ICBP,RG,8250,8,F,ZP,YJ,D
14:03:19,ICBP,RG,8250,8,F,ZP,YJ,D
14:03:19,ICBP,RG,8250,8,F,ZP,YJ,D
14:03:19,ICBP,RG,8250,8,F,ZP,YJ,D
14:03:19,ICBP,RG,8250,8,F,ZP,YJ,D
14:03:19,ICBP,RG,8250,8,F,ZP,YJ,D
14:03:19,ICBP,RG,8250,8,F,ZP,YJ,D
14:03:19,ICBP,RG,8250,8,F,ZP,YJ,D
14:03:19,ICBP,RG,8250,8,F,ZP,YJ,D
14:03:19,ICBP,RG,8250,8,F,ZP,YJ,D
14:03:19,ICBP,RG,8250,18,F,ZP,YJ,D
14:03:19,ICBP,RG,8250,13,F,ZP,YJ,D
14:03:19,ICBP,RG,8250,8,F,ZP,YJ,D
14:03:19,ICBP,RG,8250,54,F,ZP,YJ,D
14:03:19,ICBP,RG,8250,58,F,ZP,YJ,D
14:03:19,ICBP,RG,8250,76,F,ZP,YJ,D
14:03:19,ICBP,RG,8250,61,F,ZP,YJ,D
14:03:19,ICBP,RG,8250,72,F,ZP,YJ,D
14:03:19,ICBP,RG,8250,18,F,ZP,YJ,D
14:03:19,ICBP,RG,8250,8,F,ZP,YJ,D
14:03:19,ICBP,RG,8250,1000,F,GW,YJ,D
14:03:19,ICBP,RG,8250,1,D,YP,YJ,D
14:03:05,ICBP,RG,8250,10,D,YP,CC,D
14:02:48,ICBP,RG,8275,3,F,BK,YP,D
14:02:48,ICBP,RG,8275,8,F,BK,ZP,D
14:02:41,ICBP,RG,8275,39,F,ZP,ZP,D
14:02:41,ICBP,RG,8275,3,D,DR,ZP,D
14:02:41,ICBP,RG,8275,20,D,DR,PD,D
14:02:41,ICBP,RG,8275,1,D,DR,DH,D
14:02:41,ICBP,RG,8275,2,D,DR,BQ,D
14:02:41,ICBP,RG,8275,29,D,DR,PD,D
14:01:44,ICBP,RG,8275,8,F,ZP,PD,D
14:01:43,ICBP,RG,8275,16,F,BK,PD,D
14:01:41,ICBP,RG,8275,9,F,ZP,PD,D
14:01:13,ICBP,RG,8275,2,D,PD,PD,D
14:00:44,ICBP,RG,8275,8,F,ZP,PD,D
14:00:44,ICBP,RG,8275,14,F,BK,PD,D
14:00:09,ICBP,RG,8275,9,F,BK,PD,D
13:59:45,ICBP,RG,8275,2,D,YP,PD,D
13:59:07,ICBP,RG,8275,9,F,ZP,PD,D
13:59:06,ICBP,RG,8275,9,F,ZP,PD,D
13:59:00,ICBP,RG,8275,8,F,ZP,PD,D
13:58:55,ICBP,RG,8275,7,F,ZP,PD,D
13:58:55,ICBP,RG,8275,1,F,ZP,NI,D
13:58:54,ICBP,RG,8275,1,D,PD,AZ,D
13:58:51,ICBP,RG,8275,8,F,ZP,YJ,D
13:58:24,ICBP,RG,8275,14,F,ZP,YJ,D
13:58:22,ICBP,RG,8275,13,F,ZP,YJ,D
13:58:17,ICBP,RG,8275,18,D,YU,YJ,D
13:58:16,ICBP,RG,8275,8,F,ZP,YJ,D
13:58:12,ICBP,RG,8275,12,D,NI,YJ,D
13:57:41,ICBP,RG,8275,6,D,DH,YJ,D
13:57:28,ICBP,RG,8275,13,F,ZP,YJ,D
13:57:19,ICBP,RG,8250,1,D,YP,EP,D
13:57:14,ICBP,RG,8250,20,D,YP,DH,D
13:57:11,ICBP,RG,8275,8,F,ZP,YJ,D
13:57:00,ICBP,RG,8250,10,D,YP,SQ,D
13:56:53,ICBP,RG,8275,3,F,ZP,NI,D
13:56:53,ICBP,RG,8275,6,F,ZP,CC,D
13:56:20,ICBP,RG,8250,5,D,YP,KI,D
13:56:16,ICBP,RG,8275,9,F,ZP,CC,D
13:56:05,ICBP,RG,8275,5,F,ZP,CC,D
13:56:05,ICBP,RG,8275,4,F,ZP,SQ,D
13:56:03,ICBP,RG,8275,5,F,ZP,SQ,D
13:56:03,ICBP,RG,8275,1,F,ZP,YP,D
13:56:03,ICBP,RG,8275,1,F,ZP,PD,D
13:56:03,ICBP,RG,8275,2,F,ZP,SQ,D
13:56:00,ICBP,RG,8275,3,F,ZP,SQ,D
13:56:00,ICBP,RG,8275,4,F,ZP,SQ,D
13:56:00,ICBP,RG,8275,1,F,ZP,DH,D
13:56:00,ICBP,RG,8275,1,F,ZP,PD,D
13:55:52,ICBP,RG,8275,8,F,ZP,PD,D
13:55:49,ICBP,RG,8275,1,F,ZP,PD,D
13:55:49,ICBP,RG,8275,1,F,ZP,PD,D
13:55:49,ICBP,RG,8275,6,F,ZP,PD,D
13:55:47,ICBP,RG,8275,4,F,ZP,PD,D
13:55:47,ICBP,RG,8275,1,F,ZP,PD,D
13:55:47,ICBP,RG,8275,2,F,ZP,EP,D
13:55:47,ICBP,RG,8275,1,F,ZP,DH,D
13:55:44,ICBP,RG,8250,1,D,YP,XC,D
13:55:41,ICBP,RG,8250,6,D,YP,CG,F
13:55:41,ICBP,RG,8250,6,D,YP,CG,F
13:55:40,ICBP,RG,8250,26,D,YP,CG,F
13:55:40,ICBP,RG,8250,14,D,YP,CG,F
13:55:40,ICBP,RG,8250,9,F,ZP,CG,F
13:55:37,ICBP,RG,8250,8,F,ZP,CG,F
13:55:35,ICBP,RG,8250,25,F,BK,CG,F
13:55:35,ICBP,RG,8250,20,F,BK,CC,D
13:55:35,ICBP,RG,8250,1,F,BK,AK,F
13:55:35,ICBP,RG,8250,1,F,BK,NI,D
13:55:35,ICBP,RG,8250,1,F,BK,XC,D
13:55:35,ICBP,RG,8250,10,F,BK,PD,D
13:55:35,ICBP,RG,8250,5,F,BK,CC,D
13:55:35,ICBP,RG,8250,2,F,BK,CC,D
13:55:35,ICBP,RG,8250,1,F,BK,AK,F
13:55:35,ICBP,RG,8250,6,F,BK,ZP,F
13:55:35,ICBP,RG,8250,1,F,BK,GR,D
13:55:35,ICBP,RG,8250,5,F,BK,YB,D
13:55:35,ICBP,RG,8250,1,F,BK,AK,F
13:55:35,ICBP,RG,8250,2,F,BK,XC,D
13:55:35,ICBP,RG,8250,1,F,BK,XC,D
13:55:35,ICBP,RG,8250,10,F,BK,PD,D
13:55:35,ICBP,RG,8250,5,F,BK,YP,D
13:55:35,ICBP,RG,8250,1,F,BK,ZP,F
13:55:35,ICBP,RG,8250,10,F,BK,YP,D
13:55:35,ICBP,RG,8250,8,F,BK,SQ,D
13:55:35,ICBP,RG,8250,1,F,BK,AK,F
13:55:35,ICBP,RG,8250,10,F,BK,SQ,D
13:55:35,ICBP,RG,8250,20,F,BK,YP,D
13:55:35,ICBP,RG,8250,2,F,BK,PD,D
13:55:35,ICBP,RG,8250,10,F,BK,YP,D
13:55:35,ICBP,RG,8250,5,F,BK,YP,D
13:55:35,ICBP,RG,8250,25,F,BK,DH,D
13:55:35,ICBP,RG,8250,1,F,BK,PD,D
13:55:35,ICBP,RG,8250,4,F,BK,XC,D
13:55:35,ICBP,RG,8250,5,F,BK,ZP,F
13:55:35,ICBP,RG,8250,1,F,BK,NI,D
13:55:35,ICBP,RG,8250,34,F,BK,CG,F
13:55:35,ICBP,RG,8250,15,F,BK,XC,D
13:55:35,ICBP,RG,8250,1,F,BK,SQ,D
13:55:35,ICBP,RG,8250,11,F,BK,CG,F
13:55:35,ICBP,RG,8250,50,F,BK,PD,D
13:55:35,ICBP,RG,8250,189,F,BK,CG,F
13:55:35,ICBP,RG,8250,8,F,ZP,CG,F
13:55:34,ICBP,RG,8250,13,F,ZP,CG,F
13:55:33,ICBP,RG,8250,146,F,BK,CG,F
13:55:33,ICBP,RG,8250,142,F,BK,CG,F
13:55:33,ICBP,RG,8250,212,F,BK,CG,F
13:55:33,ICBP,RG,8225,5,F,BK,CG,F
13:55:33,ICBP,RG,8225,8,F,ZP,CG,F
13:55:33,ICBP,RG,8225,8,F,ZP,CG,F
13:55:33,ICBP,RG,8225,9,F,ZP,CG,F
13:55:33,ICBP,RG,8225,8,F,ZP,CG,F
13:55:33,ICBP,RG,8225,2,F,ZP,CG,F
13:55:32,ICBP,RG,8250,150,F,BK,CG,F
13:55:32,ICBP,RG,8250,123,F,BK,YP,D
13:55:32,ICBP,RG,8250,3,F,BK,PD,D
13:55:32,ICBP,RG,8250,10,F,BK,YP,D
13:55:32,ICBP,RG,8250,12,F,BK,OD,D
13:55:32,ICBP,RG,8250,2,F,BK,CC,D
13:55:32,ICBP,RG,8250,5,F,BK,SQ,D
13:55:32,ICBP,RG,8250,1,F,BK,TF,D
13:55:32,ICBP,RG,8250,1,F,BK,PD,D
13:55:32,ICBP,RG,8250,1,F,BK,NI,D
13:55:32,ICBP,RG,8250,14,F,BK,YP,D
13:55:32,ICBP,RG,8250,1,F,BK,YP,D
13:55:32,ICBP,RG,8250,2,F,BK,YP,F
13:55:32,ICBP,RG,8250,1,F,BK,CC,D
13:55:32,ICBP,RG,8250,3,F,BK,PD,D
13:55:32,ICBP,RG,8250,7,F,BK,XC,D
13:55:32,ICBP,RG,8250,1,F,BK,XC,D
13:55:32,ICBP,RG,8250,1,F,BK,XC,D
13:55:32,ICBP,RG,8250,1,F,BK,XC,D
13:55:32,ICBP,RG,8250,4,F,BK,XC,D
13:55:32,ICBP,RG,8250,10,F,BK,PD,D
13:55:32,ICBP,RG,8250,10,F,BK,PD,D
13:55:32,ICBP,RG,8250,1,F,BK,PD,D
13:55:32,ICBP,RG,8250,2,F,BK,KK,D
13:55:32,ICBP,RG,8250,7,F,BK,DR,D
13:55:32,ICBP,RG,8250,25,F,BK,PD,D
13:55:32,ICBP,RG,8250,1,F,BK,PD,D
13:55:32,ICBP,RG,8250,1,F,BK,PD,D
13:55:32,ICBP,RG,8250,2,F,BK,PD,D
13:55:32,ICBP,RG,8250,5,F,BK,DH,D
13:55:32,ICBP,RG,8250,35,F,BK,KK,D
13:55:32,ICBP,RG,8250,10,F,BK,GR,D
13:55:32,ICBP,RG,8250,12,F,BK,CC,D
13:55:32,ICBP,RG,8250,5,F,BK,CC,D
13:55:32,ICBP,RG,8250,1,F,BK,YP,D
13:55:32,ICBP,RG,8250,1,F,BK,YP,D
13:55:32,ICBP,RG,8250,1,F,BK,PD,D
13:55:32,ICBP,RG,8250,8,F,BK,CC,D
13:55:32,ICBP,RG,8250,20,F,BK,CC,D
13:55:32,ICBP,RG,8250,1,F,ZP,YU,D
13:55:32,ICBP,RG,8250,1,F,ZP,PD,D
13:55:32,ICBP,RG,8250,11,F,ZP,OD,D
13:55:31,ICBP,RG,8250,107,F,GW,OD,D
13:55:31,ICBP,RG,8250,2,F,GW,PD,D
13:55:31,ICBP,RG,8250,4,F,GW,XC,D
13:55:31,ICBP,RG,8250,100,F,GW,CC,D
13:55:31,ICBP,RG,8250,1,F,GW,XC,D
13:55:31,ICBP,RG,8250,1,F,GW,NI,D
13:55:31,ICBP,RG,8250,3,F,GW,PD,D
13:55:31,ICBP,RG,8250,1,F,GW,NI,D
13:55:31,ICBP,RG,8250,5,F,GW,GR,D
13:55:31,ICBP,RG,8250,5,F,GW,XC,D
13:55:31,ICBP,RG,8250,2,F,GW,YP,F
13:55:31,ICBP,RG,8250,15,F,GW,MU,D
13:55:31,ICBP,RG,8250,62,F,GW,SQ,D
13:55:31,ICBP,RG,8250,20,F,GW,KK,D
13:55:31,ICBP,RG,8250,1,F,GW,XC,D
13:55:31,ICBP,RG,8250,1,F,GW,YP,D
13:55:31,ICBP,RG,8250,5,F,GW,CC,D
13:55:31,ICBP,RG,8250,16,F,GW,CC,D
13:55:31,ICBP,RG,8250,1,F,GW,CC,D
13:55:31,ICBP,RG,8250,2,F,GW,BQ,D
13:55:31,ICBP,RG,8250,1,F,GW,GR,D
13:55:31,ICBP,RG,8250,10,F,GW,CC,D
13:55:31,ICBP,RG,8250,135,F,GW,YU,D
13:55:07,ICBP,RG,8225,2,F,ZP,CG,F
13:55:02,ICBP,RG,8250,14,F,ZP,YU,D
13:55:01,ICBP,RG,8225,2,F,ZP,CG,F
13:55:00,ICBP,RG,8250,14,F,ZP,YU,D
13:54:47,ICBP,RG,8225,2,F,ZP,CG,F
13:54:47,ICBP,RG,8225,1,F,ZP,CG,F
13:54:45,ICBP,RG,8250,28,F,ZP,YU,D
13:54:37,ICBP,RG,8225,7,F,ZP,CG,F
13:54:36,ICBP,RG,8225,8,F,ZP,CC,D
13:54:36,ICBP,RG,8225,9,F,ZP,CC,D
13:54:36,ICBP,RG,8225,2,F,ZP,CC,D
13:54:36,ICBP,RG,8225,27,F,ZP,CC,D
13:54:36,ICBP,RG,8225,4,F,ZP,CC,D
13:53:52,ICBP,RG,8225,13,F,ZP,CG,F
13:53:47,ICBP,RG,8225,40,F,ZP,CC,D
13:53:47,ICBP,RG,8225,60,F,ZP,CC,D
13:53:32,ICBP,RG,8225,1,F,ZP,CG,F
13:53:31,ICBP,RG,8250,13,F,ZP,YU,D
13:52:56,ICBP,RG,8225,1,F,ZP,CG,F
13:52:55,ICBP,RG,8225,1,F,ZP,PD,D
13:52:53,ICBP,RG,8225,1,F,ZP,CG,F
13:52:52,ICBP,RG,8250,8,F,ZP,YU,D
13:52:49,ICBP,RG,8225,1,F,ZP,CG,F
13:52:48,ICBP,RG,8250,8,F,ZP,YU,D
13:52:37,ICBP,RG,8225,1,F,ZP,CG,F
13:52:35,ICBP,RG,8250,8,F,ZP,YU,D
13:52:23,ICBP,RG,8225,3,F,ZP,KK,D
13:52:22,ICBP,RG,8250,1,D,PD,YU,D
13:52:21,ICBP,RG,8225,3,F,ZP,CG,F
13:52:20,ICBP,RG,8250,9,F,ZP,YU,D
13:52:19,ICBP,RG,8225,6,F,ZP,SQ,D
13:52:19,ICBP,RG,8225,4,F,ZP,SQ,D
13:51:57,ICBP,RG,8225,6,F,ZP,CG,F
13:51:54,ICBP,RG,8225,50,F,ZP,PD,D
13:51:32,ICBP,RG,8225,2,F,ZP,CG,F
13:51:30,ICBP,RG,8250,10,F,ZP,YU,D
13:51:22,ICBP,RG,8225,1,F,ZP,CG,F
13:51:21,ICBP,RG,8250,9,F,ZP,YU,D
13:51:03,ICBP,RG,8225,1,F,ZP,CG,F
13:51:02,ICBP,RG,8250,9,F,ZP,YU,D
13:51:01,ICBP,RG,8225,1,F,ZP,XC,D
13:51:00,ICBP,RG,8225,1,F,ZP,CG,F
13:51:00,ICBP,RG,8250,9,F,ZP,YU,D
13:50:57,ICBP,RG,8225,4,F,ZP,CG,F
13:50:56,ICBP,RG,8250,32,F,ZP,YU,D
13:50:37,ICBP,RG,8225,1,F,ZP,CG,F
13:50:33,ICBP,RG,8250,2,D,PD,YU,D
13:50:30,ICBP,RG,8225,1,F,ZP,XC,D
13:50:29,ICBP,RG,8225,2,F,ZP,CG,F
13:50:29,ICBP,RG,8225,2,F,ZP,CG,F
13:50:28,ICBP,RG,8250,31,F,ZP,YU,D
13:50:28,ICBP,RG,8225,1,F,ZP,CG,F
13:50:28,ICBP,RG,8225,10,F,ZP,YP,D
13:50:02,ICBP,RG,8225,1,F,ZP,CG,F
13:50:00,ICBP,RG,8250,9,F,ZP,YU,D
13:50:00,ICBP,RG,8225,9,F,ZP,CG,F
13:50:00,ICBP,RG,8250,32,F,ZP,YU,D
13:49:57,ICBP,RG,8250,36,F,ZP,YU,D
13:49:52,ICBP,RG,8225,1,F,ZP,CG,F
13:49:47,ICBP,RG,8225,10,F,ZP,TP,D
13:49:47,ICBP,RG,8225,2,F,ZP,CG,F
13:49:44,ICBP,RG,8250,8,F,ZP,YU,D
13:49:30,ICBP,RG,8225,1,F,ZP,YP,D
13:48:49,ICBP,RG,8225,3,F,ZP,CG,F
13:48:49,ICBP,RG,8225,5,F,ZP,CC,D
13:48:47,ICBP,RG,8250,18,F,ZP,YU,D
13:48:46,ICBP,RG,8225,1,F,ZP,YP,D
13:48:45,ICBP,RG,8225,2,F,ZP,CG,F
13:48:44,ICBP,RG,8250,17,F,ZP,YU,D
13:48:44,ICBP,RG,8225,1,F,ZP,YP,D
13:48:34,ICBP,RG,8225,3,F,ZP,CG,F
13:48:33,ICBP,RG,8225,20,F,ZP,YP,D
13:48:33,ICBP,RG,8225,5,F,ZP,YP,D
13:47:59,ICBP,RG,8225,2,F,ZP,CG,F
13:47:59,ICBP,RG,8225,10,F,ZP,YP,D
13:47:51,ICBP,RG,8225,2,F,ZP,CG,F
13:47:49,ICBP,RG,8250,14,F,ZP,YU,D
13:47:32,ICBP,RG,8225,10,F,ZP,CG,F
13:47:30,ICBP,RG,8250,77,F,AK,YU,D
13:47:21,ICBP,RG,8225,1,F,ZP,XC,D
13:47:19,ICBP,RG,8225,2,F,ZP,CG,F
13:47:18,ICBP,RG,8250,14,F,ZP,YU,D
13:47:02,ICBP,RG,8225,1,F,ZP,CG,F
13:47:00,ICBP,RG,8250,13,F,ZP,YU,D
13:46:55,ICBP,RG,8225,6,F,ZP,CG,F
13:46:54,ICBP,RG,8250,150,D,EP,YU,D
13:46:10,ICBP,RG,8250,42,F,ZP,YU,D
13:46:10,ICBP,RG,8250,8,F,ZP,YU,D
13:46:10,ICBP,RG,8225,19,F,ZP,YJ,D
13:46:10,ICBP,RG,8225,8,F,ZP,YJ,D
13:46:10,ICBP,RG,8225,8,F,ZP,YJ,D
13:46:10,ICBP,RG,8225,88,F,YU,YJ,D
13:46:10,ICBP,RG,8225,88,F,YU,YJ,D
13:46:10,ICBP,RG,8225,9,F,ZP,YJ,D
13:46:10,ICBP,RG,8225,84,F,BK,YJ,D
13:46:10,ICBP,RG,8225,8,F,ZP,YJ,D
13:46:10,ICBP,RG,8225,8,F,ZP,YJ,D
13:46:10,ICBP,RG,8225,9,F,ZP,YJ,D
13:46:10,ICBP,RG,8225,430,F,BK,YJ,D
13:46:10,ICBP,RG,8225,8,F,ZP,YJ,D
13:46:10,ICBP,RG,8225,73,F,ZP,YJ,D
13:46:10,ICBP,RG,8225,9,F,ZP,YJ,D
13:46:10,ICBP,RG,8225,88,F,YU,YJ,D
13:46:10,ICBP,RG,8225,63,F,YU,YJ,D
13:46:00,ICBP,RG,8250,18,F,ZP,YU,D
13:45:38,ICBP,RG,8250,8,F,ZP,YU,D
13:45:37,ICBP,RG,8250,1,D,CC,YU,D
13:45:35,ICBP,RG,8250,100,D,PC,YU,D
13:45:35,ICBP,RG,8250,8,F,ZP,YU,D
13:45:30,ICBP,RG,8250,8,F,ZP,YU,D
13:45:30,ICBP,RG,8225,25,F,YU,TP,D
13:45:30,ICBP,RG,8250,18,F,ZP,YU,D
13:45:26,ICBP,RG,8250,9,F,ZP,YU,D
13:45:23,ICBP,RG,8250,8,F,ZP,YU,D
13:45:21,ICBP,RG,8250,9,F,ZP,YU,D
13:45:20,ICBP,RG,8250,35,F,BK,YU,D
13:45:20,ICBP,RG,8250,12,F,BK,YP,D
13:45:20,ICBP,RG,8250,15,F,BK,AN,D
13:45:20,ICBP,RG,8250,1,F,BK,XC,D
13:45:20,ICBP,RG,8250,1,F,BK,CP,D
13:45:20,ICBP,RG,8250,1,F,BK,GR,D
13:45:20,ICBP,RG,8250,1,F,BK,XC,D
13:45:20,ICBP,RG,8250,1,F,BK,YP,D
13:45:20,ICBP,RG,8250,433,F,BK,HP,D
13:45:19,ICBP,RG,8250,8,F,ZP,HP,D
13:45:19,ICBP,RG,8250,59,D,PD,HP,D
13:45:19,ICBP,RG,8250,1,D,PD,GR,D
13:45:19,ICBP,RG,8250,19,D,PD,OD,D
13:45:19,ICBP,RG,8250,21,D,PD,PD,D
13:45:17,ICBP,RG,8250,8,F,ZP,PD,D
13:45:14,ICBP,RG,8250,8,F,ZP,PD,D
13:45:12,ICBP,RG,8250,8,F,ZP,PD,D
13:45:10,ICBP,RG,8250,11,F,ZP,PD,D
13:45:10,ICBP,RG,8250,6,F,ZP,PD,D
13:45:10,ICBP,RG,8250,6,F,ZP,DX,D
13:45:10,ICBP,RG,8250,30,F,ZP,YP,D
13:45:10,ICBP,RG,8250,1,F,ZP,PD,D
13:45:10,ICBP,RG,8250,1,F,ZP,PD,D
13:45:10,ICBP,RG,8250,1,F,ZP,LG,D
13:45:10,ICBP,RG,8250,1,F,ZP,PD,D
13:45:10,ICBP,RG,8250,2,F,ZP,EP,D
13:45:10,ICBP,RG,8250,1,F,ZP,DR,D
13:45:10,ICBP,RG,8250,1,F,ZP,XC,D
13:45:10,ICBP,RG,8250,1,F,ZP,XC,D
13:45:10,ICBP,RG,8250,13,F,ZP,AZ,D
13:45:10,ICBP,RG,8250,8,F,ZP,AZ,D
13:45:08,ICBP,RG,8250,9,F,ZP,AZ,D
13:45:08,ICBP,RG,8225,100,F,BK,NI,D
13:45:08,ICBP,RG,8225,128,F,BK,CG,F
13:45:07,ICBP,RG,8225,19,F,BK,CG,F
13:45:07,ICBP,RG,8225,23,F,BK,ZP,F
13:45:07,ICBP,RG,8225,5,F,BK,BK,F
13:45:07,ICBP,RG,8225,16,F,BK,CG,F
13:45:07,ICBP,RG,8225,20,F,BK,CC,D
13:45:07,ICBP,RG,8225,1,F,BK,XC,D
13:45:07,ICBP,RG,8225,7,F,BK,PD,D
13:45:07,ICBP,RG,8225,59,F,BK,CG,F
13:45:07,ICBP,RG,8225,200,F,BK,SQ,D
13:45:07,ICBP,RG,8225,1,F,BK,DH,D
13:45:07,ICBP,RG,8225,1,F,BK,PD,D
13:45:07,ICBP,RG,8225,1,F,BK,XC,D
13:45:07,ICBP,RG,8225,8,F,BK,BK,F
13:45:07,ICBP,RG,8225,50,F,BK,CG,F
13:45:07,ICBP,RG,8225,100,F,BK,AT,D
13:45:07,ICBP,RG,8225,2,F,BK,XC,D
13:45:07,ICBP,RG,8225,3,F,BK,CG,F
13:45:07,ICBP,RG,8225,65,F,BK,SQ,D
13:45:07,ICBP,RG,8225,35,F,YU,SQ,D
13:45:07,ICBP,RG,8225,5,F,YU,XC,D
13:45:07,ICBP,RG,8225,48,F,YU,SQ,D
13:45:07,ICBP,RG,8225,52,F,AK,SQ,D
13:45:07,ICBP,RG,8225,1,F,AK,YP,D
13:45:07,ICBP,RG,8225,2,F,AK,CG,F
13:45:07,ICBP,RG,8225,5,F,AK,YP,D
13:45:07,ICBP,RG,8225,1,F,AK,AK,F
13:45:07,ICBP,RG,8225,8,F,AK,YP,D
13:45:07,ICBP,RG,8225,5,F,AK,BK,F
13:45:07,ICBP,RG,8225,36,F,AK,CG,F
13:45:07,ICBP,RG,8225,1,F,AK,AK,F
13:45:07,ICBP,RG,8225,54,F,AK,YB,D
13:45:07,ICBP,RG,8225,7,F,AK,BK,F
13:45:07,ICBP,RG,8225,28,F,AK,XC,D
13:45:07,ICBP,RG,8225,48,F,AK,CG,F
13:45:07,ICBP,RG,8225,51,F,AK,CG,F
13:45:07,ICBP,RG,8225,10,F,AK,YP,D
13:45:07,ICBP,RG,8225,1,F,AK,SQ,D
13:45:07,ICBP,RG,8225,15,F,AK,CG,F
13:45:07,ICBP,RG,8225,2,F,AK,YP,D
13:45:07,ICBP,RG,8225,28,F,AK,CG,F
13:45:07,ICBP,RG,8225,100,F,AK,AT,D
13:45:07,ICBP,RG,8225,2,F,AK,DR,D
13:45:07,ICBP,RG,8225,4,F,AK,XC,D
13:45:07,ICBP,RG,8225,1,F,AK,AK,F
13:45:07,ICBP,RG,8225,12,F,AK,CG,F
13:45:07,ICBP,RG,8225,6,F,AK,BK,F
13:45:07,ICBP,RG,8225,5,F,AK,BK,F
13:45:07,ICBP,RG,8225,72,F,AK,GR,D
13:45:07,ICBP,RG,8225,7,F,AK,CG,F
13:45:07,ICBP,RG,8225,25,F,AK,LG,D
13:45:07,ICBP,RG,8225,10,F,AK,PD,D
13:45:07,ICBP,RG,8225,15,F,AK,CG,F
13:45:07,ICBP,RG,8225,5,F,AK,XC,D
13:45:07,ICBP,RG,8225,2,F,AK,DR,D
13:45:07,ICBP,RG,8225,37,F,AK,CG,F
13:45:07,ICBP,RG,8225,50,F,AK,PD,D
13:45:07,ICBP,RG,8225,1,F,AK,AK,F
13:45:07,ICBP,RG,8225,6,F,AK,BK,F
13:45:07,ICBP,RG,8225,26,F,AK,CG,F
13:45:07,ICBP,RG,8225,24,F,AK,CG,F
13:45:07,ICBP,RG,8225,1,F,AK,NI,D
13:45:07,ICBP,RG,8225,25,F,AK,YP,D
13:45:07,ICBP,RG,8225,5,F,AK,BK,F
13:45:07,ICBP,RG,8225,113,F,AK,LG,D
13:45:07,ICBP,RG,8225,6,F,AK,BK,F
13:45:07,ICBP,RG,8225,37,F,AK,CG,F
13:45:07,ICBP,RG,8225,43,F,AK,CG,F
13:45:07,ICBP,RG,8225,204,F,AK,LG,D
13:45:07,ICBP,RG,8225,8,F,AK,LG,D
13:45:07,ICBP,RG,8225,3,F,AK,LG,D
13:45:07,ICBP,RG,8225,10,F,AK,EP,D
13:45:07,ICBP,RG,8225,1,F,AK,DH,D
13:45:07,ICBP,RG,8225,38,F,AK,CG,F
13:45:07,ICBP,RG,8225,1,F,AK,AK,F
13:45:07,ICBP,RG,8225,20,F,AK,YP,D
13:45:07,ICBP,RG,8225,37,F,AK,CG,F
13:45:07,ICBP,RG,8225,121,F,AK,YP,D
13:45:07,ICBP,RG,8225,1,F,AK,AK,F
13:45:07,ICBP,RG,8225,2,F,AK,PD,D
13:45:07,ICBP,RG,8225,1,F,AK,XC,D
13:45:07,ICBP,RG,8225,10,F,AK,XC,D
13:45:07,ICBP,RG,8225,2,F,AK,XC,D
13:45:07,ICBP,RG,8225,27,F,AK,XC,D
13:45:07,ICBP,RG,8225,10,F,AK,BK,F
13:45:07,ICBP,RG,8225,54,F,AK,CG,F
13:45:07,ICBP,RG,8225,36,F,AK,CG,F
13:45:07,ICBP,RG,8225,2,F,AK,DR,D
13:45:07,ICBP,RG,8225,3,F,AK,PD,D
13:45:07,ICBP,RG,8225,1,F,AK,PD,D
13:45:07,ICBP,RG,8225,2,F,AK,CC,D
13:45:07,ICBP,RG,8225,69,F,AK,CG,F
13:45:07,ICBP,RG,8225,58,F,AK,CG,F
13:45:07,ICBP,RG,8225,6,F,AK,CG,F
13:45:07,ICBP,RG,8225,5,F,AK,PD,D
13:45:07,ICBP,RG,8225,10,F,AK,PD,D
13:45:07,ICBP,RG,8225,30,F,AK,DH,D
13:45:07,ICBP,RG,8225,5,F,AK,DH,D
13:45:07,ICBP,RG,8225,11,F,AK,GR,D
13:45:07,ICBP,RG,8225,1,F,AK,ZP,D
13:45:07,ICBP,RG,8225,1,F,AK,DR,D
13:45:07,ICBP,RG,8225,200,F,AK,GR,D
13:45:07,ICBP,RG,8225,400,F,AK,EP,D
13:45:07,ICBP,RG,8225,10,F,AK,KK,D
13:45:07,ICBP,RG,8225,28,F,AK,SQ,D
13:45:07,ICBP,RG,8225,22,F,YU,SQ,D
13:45:07,ICBP,RG,8225,5,F,YU,PD,D
13:45:07,ICBP,RG,8225,1,F,YU,CP,D
13:45:07,ICBP,RG,8225,1,F,YU,SQ,D
13:45:07,ICBP,RG,8225,20,F,YU,DR,D
13:45:07,ICBP,RG,8225,1,F,YU,ZP,F
13:45:07,ICBP,RG,8225,10,F,YU,YP,D
13:45:07,ICBP,RG,8225,1,F,YU,YP,D
13:45:07,ICBP,RG,8225,1,F,YU,YP,D
13:45:07,ICBP,RG,8225,17,F,YU,CG,F
13:45:07,ICBP,RG,8225,9,F,YU,CG,F
13:45:07,ICBP,RG,8225,5,F,YU,CG,F
13:45:07,ICBP,RG,8225,5,F,YU,BK,F
13:45:07,ICBP,RG,8225,78,F,YU,CG,F
13:45:07,ICBP,RG,8225,88,F,YU,CG,F
13:45:07,ICBP,RG,8225,88,F,YU,CG,F
13:45:07,ICBP,RG,8225,3,F,YU,CG,F
13:45:07,ICBP,RG,8225,85,F,YU,CG,F
13:45:06,ICBP,RG,8225,21,F,YU,CG,F
13:45:06,ICBP,RG,8225,13,F,YU,ZP,F
13:45:06,ICBP,RG,8225,27,F,YU,CG,F
13:45:06,ICBP,RG,8225,27,F,YU,CG,F
13:45:06,ICBP,RG,8225,30,F,YU,CG,F
13:45:06,ICBP,RG,8225,4,F,YU,DR,D
13:45:06,ICBP,RG,8225,17,F,YU,PD,D
13:45:06,ICBP,RG,8225,1,F,YU,ZP,F
13:45:06,ICBP,RG,8225,5,F,YU,BK,F
13:45:06,ICBP,RG,8225,7,F,YU,XC,D
13:45:06,ICBP,RG,8225,20,F,YU,CC,D
13:45:06,ICBP,RG,8225,1,F,YU,PD,D
13:45:06,ICBP,RG,8225,1,F,YU,GR,D
13:45:06,ICBP,RG,8225,2,F,YU,XC,D
13:45:06,ICBP,RG,8225,8,F,YU,XC,D
13:45:06,ICBP,RG,8225,10,F,YU,KK,D
13:45:06,ICBP,RG,8225,70,F,YU,CP,D
13:45:05,ICBP,RG,8225,88,F,YU,CP,D
13:45:05,ICBP,RG,8225,42,F,YU,CP,D
13:45:05,ICBP,RG,8225,46,F,YU,OD,D
13:45:05,ICBP,RG,8225,72,F,YU,OD,D
13:45:05,ICBP,RG,8225,16,F,YU,CC,D
13:45:05,ICBP,RG,8225,4,F,YU,CC,D
13:45:05,ICBP,RG,8225,2,F,YU,OD,D
13:45:05,ICBP,RG,8225,1,F,YU,XC,D
13:45:05,ICBP,RG,8225,64,F,YU,IP,D
13:45:05,ICBP,RG,8225,17,F,YU,CC,D
13:45:05,ICBP,RG,8225,83,F,YU,CC,D
13:45:05,ICBP,RG,8225,1,F,YU,XC,D
13:45:05,ICBP,RG,8225,2,F,YU,XC,D
13:45:05,ICBP,RG,8225,1,F,YU,XC,D
13:45:05,ICBP,RG,8225,1,F,YU,PD,D
13:45:04,ICBP,RG,8225,9,F,YU,PD,D
13:45:04,ICBP,RG,8225,14,F,YU,KK,D
13:45:04,ICBP,RG,8225,1,F,YU,XC,D
13:45:04,ICBP,RG,8225,2,F,YU,XC,D
13:45:04,ICBP,RG,8225,2,F,YU,CC,D
13:45:04,ICBP,RG,8225,12,F,YU,YP,D
13:45:04,ICBP,RG,8225,48,F,YU,TP,D
13:45:04,ICBP,RG,8225,2,F,YU,TP,D
13:45:04,ICBP,RG,8225,1,F,YU,DH,D
13:45:04,ICBP,RG,8225,2,F,YU,BQ,D
13:45:04,ICBP,RG,8225,8,F,YU,CP,D
13:45:04,ICBP,RG,8225,2,F,YU,XC,D
13:45:04,ICBP,RG,8225,10,F,YU,NI,D
13:45:04,ICBP,RG,8225,5,F,YU,CC,D
13:45:04,ICBP,RG,8225,1,F,YU,XC,D
13:45:04,ICBP,RG,8225,57,F,YU,PD,D
13:45:04,ICBP,RG,8225,88,F,YU,PD,D
13:45:04,ICBP,RG,8225,88,F,YU,PD,D
13:44:59,ICBP,RG,8225,14,F,ZP,PD,D
13:44:37,ICBP,RG,8200,1,D,HP,PD,D
13:44:37,ICBP,RG,8200,1,D,IF,PD,D
13:44:35,ICBP,RG,8225,1,D,CC,PD,D
13:44:29,ICBP,RG,8225,14,F,ZP,PD,D
13:43:46,ICBP,RG,8200,1,F,BK,XC,D
13:43:41,ICBP,RG,8200,1,F,BK,DH,D
13:43:41,ICBP,RG,8200,4,F,BK,EP,D
13:43:24,ICBP,RG,8225,6,D,PD,PD,D
13:43:17,ICBP,RG,8200,5,F,BK,YP,D
13:43:12,ICBP,RG,8225,5,F,BK,PD,D
13:43:12,ICBP,RG,8200,64,F,BK,CC,D
13:43:12,ICBP,RG,8200,36,F,GW,CC,D
13:42:36,ICBP,RG,8225,6,F,BK,PD,D
13:42:32,ICBP,RG,8200,4,F,GW,ZP,F
13:42:31,ICBP,RG,8200,100,F,GW,YP,D
13:41:47,ICBP,RG,8225,8,F,BK,PD,D
13:41:20,ICBP,RG,8225,5,F,BK,PD,D
13:40:53,ICBP,RG,8225,5,F,BK,PD,D
13:40:25,ICBP,RG,8225,5,F,BK,PD,D
13:40:24,ICBP,RG,8200,3,F,GW,ZP,F
13:40:00,ICBP,RG,8200,2,F,GW,YP,D
13:40:00,ICBP,RG,8225,18,F,ZP,PD,D
13:39:47,ICBP,RG,8225,7,F,BK,PD,D
13:39:21,ICBP,RG,8225,5,F,BK,PD,D
13:39:16,ICBP,RG,8200,1,F,GW,YP,D
13:38:59,ICBP,RG,8225,9,F,ZP,PD,D
13:38:50,ICBP,RG,8225,7,F,BK,PD,D
13:38:25,ICBP,RG,8200,1,F,GW,PD,D
13:38:19,ICBP,RG,8225,6,F,BK,PD,D
13:38:17,ICBP,RG,8200,2,F,GW,XC,D
13:38:09,ICBP,RG,8225,10,F,ZP,PD,D
13:38:08,ICBP,RG,8200,204,F,GW,LG,D
13:38:08,ICBP,RG,8200,8,F,GW,LG,D
13:38:08,ICBP,RG,8200,3,F,GW,LG,D
13:37:42,ICBP,RG,8200,5,F,GW,ZP,F
13:37:40,ICBP,RG,8200,113,F,GW,LG,D
13:37:37,ICBP,RG,8225,9,F,BK,PD,D
13:37:29,ICBP,RG,8225,9,F,ZP,PD,D
13:37:28,ICBP,RG,8200,75,F,GW,FS,F
13:37:23,ICBP,RG,8200,80,F,GW,AT,D
13:37:14,ICBP,RG,8225,6,F,BK,PD,D
13:37:00,ICBP,RG,8225,9,F,ZP,PD,D
13:36:49,ICBP,RG,8225,5,F,BK,PD,D
13:36:46,ICBP,RG,8200,5,F,GW,CC,D
13:36:21,ICBP,RG,8200,1,F,GW,PD,D
13:36:18,ICBP,RG,8225,8,F,BK,PD,D
13:35:57,ICBP,RG,8200,12,F,GW,YB,D
13:35:48,ICBP,RG,8200,10,F,GW,XC,D
13:35:47,ICBP,RG,8225,8,F,BK,PD,D
13:35:22,ICBP,RG,8225,7,F,BK,PD,D
13:35:19,ICBP,RG,8225,1,F,YP,PD,D
13:35:16,ICBP,RG,8225,1,D,KK,PD,D
13:35:05,ICBP,RG,8225,5,F,BK,PD,D
13:34:42,ICBP,RG,8225,6,F,BK,PD,D
13:34:24,ICBP,RG,8225,5,F,BK,PD,D
13:33:59,ICBP,RG,8225,7,F,BK,PD,D
13:33:34,ICBP,RG,8225,8,F,BK,PD,D
13:33:21,ICBP,RG,8200,85,F,GW,PD,D
13:33:21,ICBP,RG,8200,3,D,CC,PD,D
13:33:21,ICBP,RG,8200,9,F,ZP,PD,D
13:33:21,ICBP,RG,8200,3,F,BK,PD,D
13:33:06,ICBP,RG,8200,2,F,BK,CC,D
13:33:06,ICBP,RG,8200,4,F,ZP,CC,D
13:33:06,ICBP,RG,8200,8,F,ZP,CC,D
13:33:06,ICBP,RG,8200,8,F,ZP,CC,D
13:33:06,ICBP,RG,8200,9,F,ZP,CC,D
13:33:06,ICBP,RG,8200,14,F,ZP,CC,D
13:33:06,ICBP,RG,8200,8,F,ZP,CC,D
13:33:06,ICBP,RG,8200,8,F,ZP,CC,D
13:33:06,ICBP,RG,8200,8,F,ZP,CC,D
13:33:06,ICBP,RG,8200,8,F,ZP,CC,D
13:33:06,ICBP,RG,8200,8,F,ZP,CC,D
13:33:06,ICBP,RG,8200,8,F,ZP,CC,D
13:33:06,ICBP,RG,8200,7,F,ZP,CC,D
13:33:03,ICBP,RG,8225,5,F,BK,PD,D
13:32:54,ICBP,RG,8200,1,F,ZP,YP,D
13:32:54,ICBP,RG,8200,1,F,ZP,PD,D
13:32:53,ICBP,RG,8225,9,F,ZP,PD,D
13:32:44,ICBP,RG,8225,6,F,BK,PD,D
13:32:23,ICBP,RG,8225,9,F,ZP,PD,D
13:32:22,ICBP,RG,8225,8,F,BK,PD,D
13:31:18,ICBP,RG,8200,3,F,ZP,XC,D
13:31:04,ICBP,RG,8225,1,D,PD,PD,D
13:30:50,ICBP,RG,8225,4,F,ZP,PD,D
13:30:50,ICBP,RG,8225,5,F,ZP,PD,D
13:30:50,ICBP,RG,8225,2,F,ZP,PD,D
13:30:50,ICBP,RG,8225,5,F,ZP,SQ,D
13:30:50,ICBP,RG,8225,1,F,ZP,XC,D
13:30:50,ICBP,RG,8225,5,F,ZP,XC,D
13:30:50,ICBP,RG,8225,10,F,ZP,AG,D
13:30:50,ICBP,RG,8225,6,F,ZP,PD,D
13:30:50,ICBP,RG,8225,1,F,ZP,PC,D
13:30:50,ICBP,RG,8225,5,F,ZP,IP,D
13:30:49,ICBP,RG,8225,6,D,PD,IP,D
13:30:16,ICBP,RG,8225,10,D,YP,IP,D
13:30:15,ICBP,RG,8200,2,F,ZP,AK,F
13:30:15,ICBP,RG,8200,2,F,ZP,YP,D
13:30:15,ICBP,RG,8200,9,F,ZP,YP,D
13:30:15,ICBP,RG,8200,1,F,ZP,YP,D
13:30:15,ICBP,RG,8225,5,D,YP,IP,D
13:30:15,ICBP,RG,8225,3,D,YP,IP,D
13:30:15,ICBP,RG,8225,2,D,YP,IP,D
13:30:15,ICBP,RG,8225,5,D,YP,IP,D
13:30:14,ICBP,RG,8200,1,F,ZP,AK,F
13:30:14,ICBP,RG,8225,1,D,YP,IP,D
13:30:10,ICBP,RG,8225,2,D,CC,IP,D
13:30:08,ICBP,RG,8225,2,D,CC,IP,D
13:30:08,ICBP,RG,8200,1,F,ZP,PD,D
13:30:08,ICBP,RG,8225,2,D,XC,IP,D
13:30:08,ICBP,RG,8225,1,D,XC,IP,D
13:30:07,ICBP,RG,8225,1,D,CC,IP,D
13:30:07,ICBP,RG,8225,1,D,XC,IP,D
13:30:07,ICBP,RG,8225,2,D,XC,IP,D
13:30:07,ICBP,RG,8200,5,F,ZP,CC,D
13:30:07,ICBP,RG,8200,5,F,ZP,CC,D
13:30:06,ICBP,RG,8200,3,F,ZP,PD,D
13:30:06,ICBP,RG,8200,8,F,ZP,PD,D
13:30:06,ICBP,RG,8200,1,F,ZP,PD,D
13:30:06,ICBP,RG,8225,19,D,KK,IP,D
13:30:05,ICBP,RG,8200,3,F,ZP,DH,D
13:30:05,ICBP,RG,8225,2,D,CC,IP,D
13:30:05,ICBP,RG,8225,1,D,PD,IP,D
13:30:05,ICBP,RG,8200,4,F,ZP,PD,D
13:30:05,ICBP,RG,8200,3,F,ZP,PD,D
13:30:04,ICBP,RG,8225,5,D,PD,IP,D
13:30:04,ICBP,RG,8225,1,D,TF,IP,D
13:30:04,ICBP,RG,8225,1,D,PD,IP,D
13:30:03,ICBP,RG,8225,3,D,PD,IP,D
13:30:03,ICBP,RG,8225,1,D,PD,IP,D
13:30:03,ICBP,RG,8200,1,F,ZP,PD,D
13:30:03,ICBP,RG,8200,2,F,ZP,DH,D
11:29:48,ICBP,RG,8225,5,F,BK,IP,D
11:29:41,ICBP,RG,8225,5,F,BK,IP,D
11:29:31,ICBP,RG,8225,5,F,BK,IP,D
11:29:30,ICBP,RG,8225,1,D,XC,IP,D
11:29:20,ICBP,RG,8225,5,F,BK,IP,D
11:29:11,ICBP,RG,8225,5,F,BK,IP,D
11:29:01,ICBP,RG,8225,5,F,BK,IP,D
11:28:48,ICBP,RG,8225,7,F,ZP,PD,D
11:28:48,ICBP,RG,8225,2,F,ZP,YP,D
11:28:44,ICBP,RG,8225,9,F,ZP,YP,D
11:27:00,ICBP,RG,8225,9,F,ZP,YP,D
11:26:41,ICBP,RG,8200,3,F,ZP,CC,D
11:26:41,ICBP,RG,8200,66,F,BK,CC,D
11:26:41,ICBP,RG,8200,8,F,ZP,CC,D
11:26:41,ICBP,RG,8200,9,F,ZP,CC,D
11:26:41,ICBP,RG,8200,14,F,ZP,CC,D
11:26:39,ICBP,RG,8225,7,F,BK,DX,D
11:26:30,ICBP,RG,8200,33,F,BK,CG,F
11:26:30,ICBP,RG,8200,8,F,ZP,CG,F
11:26:30,ICBP,RG,8200,9,F,ZP,CG,F
11:26:30,ICBP,RG,8200,10,F,BK,CG,F
11:26:29,ICBP,RG,8200,1,F,BK,XC,D
11:26:29,ICBP,RG,8200,3,F,BK,NI,D
11:26:29,ICBP,RG,8200,75,F,BK,FS,F
11:26:29,ICBP,RG,8200,100,F,BK,GR,D
11:26:29,ICBP,RG,8200,1,F,BK,PD,D
11:26:29,ICBP,RG,8200,6,F,BK,CC,D
11:26:29,ICBP,RG,8200,3,F,BK,XC,D
11:26:29,ICBP,RG,8200,2,F,BK,XC,D
11:26:29,ICBP,RG,8200,169,F,BK,CG,F
11:26:29,ICBP,RG,8200,10,D,GR,CG,F
11:26:29,ICBP,RG,8200,303,D,YJ,CG,F
11:26:29,ICBP,RG,8200,413,D,YJ,CG,F
11:26:29,ICBP,RG,8200,14,D,YJ,ZP,F
11:26:29,ICBP,RG,8200,17,D,YJ,YP,D
11:26:29,ICBP,RG,8200,78,D,YJ,AK,F
11:26:26,ICBP,RG,8175,1,F,ZP,CG,F
11:26:26,ICBP,RG,8175,1,F,ZP,CG,F
11:26:25,ICBP,RG,8175,3,F,ZP,CG,F
11:26:25,ICBP,RG,8175,8,F,ZP,CG,F
11:26:25,ICBP,RG,8175,8,F,ZP,CG,F
11:26:25,ICBP,RG,8175,6,F,ZP,CG,F
11:26:25,ICBP,RG,8175,1,F,ZP,CG,F
11:26:25,ICBP,RG,8200,98,D,YP,AK,F
11:26:25,ICBP,RG,8200,2,D,YP,XC,D
11:26:25,ICBP,RG,8200,3,D,YP,NI,D
11:26:25,ICBP,RG,8200,10,D,YP,CC,D
11:26:25,ICBP,RG,8200,10,D,YP,PD,D
11:26:25,ICBP,RG,8200,30,D,YP,YP,D
11:26:25,ICBP,RG,8200,1,D,YP,PD,D
11:26:25,ICBP,RG,8200,3,D,YP,DR,D
11:26:25,ICBP,RG,8200,1,D,YP,XC,D
11:26:25,ICBP,RG,8200,6,D,YP,BK,F
11:26:25,ICBP,RG,8200,5,D,YP,PD,D
11:26:25,ICBP,RG,8200,10,D,YP,PD,D
11:26:25,ICBP,RG,8200,1,D,YP,DX,D
11:26:25,ICBP,RG,8200,3,D,YP,BK,F
11:26:25,ICBP,RG,8200,2,D,YP,PD,D
11:26:25,ICBP,RG,8200,13,D,YP,CC,D
11:26:25,ICBP,RG,8200,2,D,YP,BK,F
11:26:25,ICBP,RG,8200,5,F,ZP,BK,F
11:26:25,ICBP,RG,8200,3,F,ZP,CC,D
11:26:24,ICBP,RG,8200,1,F,YU,CC,D
11:26:24,ICBP,RG,8175,1,F,ZP,CG,F
11:26:24,ICBP,RG,8175,8,F,ZP,CG,F
11:26:24,ICBP,RG,8175,8,F,ZP,CG,F
11:26:24,ICBP,RG,8175,8,F,ZP,CG,F
11:26:24,ICBP,RG,8200,18,F,YU,CC,D
11:26:24,ICBP,RG,8200,5,F,YU,XC,D
11:26:24,ICBP,RG,8200,168,F,YU,CP,D
11:26:17,ICBP,RG,8175,8,F,ZP,CG,F
11:26:17,ICBP,RG,8175,8,F,ZP,CG,F
11:26:17,ICBP,RG,8175,8,F,ZP,CG,F
11:26:16,ICBP,RG,8200,23,F,YU,CP,D
11:26:16,ICBP,RG,8200,63,F,YU,CP,D
11:26:16,ICBP,RG,8200,46,F,YU,CP,D
11:26:16,ICBP,RG,8200,13,F,YU,YP,D
11:26:16,ICBP,RG,8200,1,F,YU,GR,D
11:26:16,ICBP,RG,8200,100,F,YU,GR,D
11:26:16,ICBP,RG,8200,4,F,YU,OD,D
11:26:15,ICBP,RG,8200,114,F,YU,OD,D
11:26:15,ICBP,RG,8200,1,F,YU,PD,D
11:26:15,ICBP,RG,8200,3,F,YU,NI,D
11:26:15,ICBP,RG,8200,116,F,YU,CS,F
11:26:15,ICBP,RG,8200,7,F,YU,YP,D
11:26:15,ICBP,RG,8200,1,F,YU,PD,D
11:26:15,ICBP,RG,8200,1,F,YU,XC,D
11:26:15,ICBP,RG,8200,56,F,YU,XC,D
11:26:15,ICBP,RG,8200,10,F,YU,XC,D
11:26:15,ICBP,RG,8200,9,F,YU,XC,D
11:26:15,ICBP,RG,8200,5,F,YU,NI,D
11:26:15,ICBP,RG,8200,14,F,YU,PD,D
11:26:15,ICBP,RG,8200,1,F,YU,XC,D
11:26:15,ICBP,RG,8200,1,F,YU,PD,D
11:26:15,ICBP,RG,8200,10,F,YU,NI,D
11:26:15,ICBP,RG,8200,3,F,YU,XC,D
11:26:15,ICBP,RG,8200,6,F,YU,PD,D
11:26:15,ICBP,RG,8200,2,F,YU,XC,D
11:26:15,ICBP,RG,8200,1,F,YU,EP,D
11:26:15,ICBP,RG,8200,25,F,YU,DH,D
11:26:15,ICBP,RG,8200,5,F,YU,PD,D
11:26:15,ICBP,RG,8200,1,F,YU,NI,D
11:26:15,ICBP,RG,8200,5,F,YU,PD,D
11:26:15,ICBP,RG,8200,80,F,YU,SQ,D
11:26:14,ICBP,RG,8200,20,F,YU,SQ,D
11:26:14,ICBP,RG,8200,1,F,YU,PD,D
11:26:14,ICBP,RG,8200,5,F,YU,CC,D
11:26:14,ICBP,RG,8200,1,F,YU,XC,D
11:26:14,ICBP,RG,8200,16,F,YU,CC,D
11:26:09,ICBP,RG,8200,84,D,KK,CC,D
11:26:09,ICBP,RG,8200,1,D,KK,BK,F
11:26:09,ICBP,RG,8200,5,D,KK,BK,F
11:26:09,ICBP,RG,8200,160,D,KK,ZP,F
11:25:51,ICBP,RG,8200,9,F,ZP,ZP,F
11:25:22,ICBP,RG,8200,9,F,ZP,ZP,F
11:25:15,ICBP,RG,8200,9,F,ZP,ZP,F
11:25:15,ICBP,RG,8175,1,F,YU,AK,F
11:25:04,ICBP,RG,8175,2,F,YU,NI,D
11:24:44,ICBP,RG,8200,9,F,ZP,ZP,F
11:24:08,ICBP,RG,8200,9,F,ZP,ZP,F
11:24:06,ICBP,RG,8200,9,F,ZP,ZP,F
11:24:05,ICBP,RG,8200,2,D,PD,ZP,F
11:24:00,ICBP,RG,8200,9,F,ZP,ZP,F
11:23:47,ICBP,RG,8200,19,F,ZP,ZP,F
11:23:24,ICBP,RG,8200,24,D,PD,ZP,F
11:23:18,ICBP,RG,8200,3,D,PD,ZP,F
11:22:30,ICBP,RG,8200,9,F,ZP,ZP,F
11:21:41,ICBP,RG,8200,9,F,ZP,ZP,F
11:21:30,ICBP,RG,8200,9,F,ZP,ZP,F
11:21:26,ICBP,RG,8200,9,F,ZP,ZP,F
11:21:21,ICBP,RG,8200,9,F,ZP,ZP,F
11:21:00,ICBP,RG,8200,9,F,ZP,ZP,F
11:20:55,ICBP,RG,8200,28,F,ZP,ZP,F
11:20:25,ICBP,RG,8200,26,F,ZP,ZP,F
11:19:42,ICBP,RG,8200,18,F,ZP,ZP,F
11:19:21,ICBP,RG,8175,14,F,YU,NI,D
11:18:39,ICBP,RG,8200,9,F,ZP,ZP,F
11:18:06,ICBP,RG,8200,9,F,ZP,ZP,F
11:17:36,ICBP,RG,8200,9,F,ZP,ZP,F
11:17:28,ICBP,RG,8175,100,F,YU,CC,D
11:17:23,ICBP,RG,8175,10,F,YU,CC,D
11:17:15,ICBP,RG,8200,1,F,YU,ZP,F
11:17:15,ICBP,RG,8200,8,F,ZP,ZP,F
11:17:14,ICBP,RG,8175,60,F,YU,LG,D
11:17:14,ICBP,RG,8175,8,F,ZP,LG,D
11:17:14,ICBP,RG,8175,8,F,ZP,LG,D
11:17:14,ICBP,RG,8175,9,F,ZP,LG,D
11:17:14,ICBP,RG,8175,8,F,ZP,LG,D
11:17:14,ICBP,RG,8175,8,F,ZP,LG,D
11:17:14,ICBP,RG,8175,8,F,ZP,LG,D
11:17:14,ICBP,RG,8175,8,F,ZP,LG,D
11:17:14,ICBP,RG,8175,8,F,ZP,LG,D
11:17:14,ICBP,RG,8175,8,F,ZP,LG,D
11:17:14,ICBP,RG,8175,8,F,ZP,LG,D
11:17:14,ICBP,RG,8175,9,F,ZP,LG,D
11:17:14,ICBP,RG,8175,8,F,ZP,LG,D
11:17:14,ICBP,RG,8175,8,F,ZP,LG,D
11:17:14,ICBP,RG,8175,8,F,ZP,LG,D
11:17:14,ICBP,RG,8175,8,F,ZP,LG,D
11:17:14,ICBP,RG,8175,8,F,ZP,LG,D
11:17:14,ICBP,RG,8175,8,F,ZP,LG,D
11:17:14,ICBP,RG,8175,8,F,ZP,LG,D
11:17:14,ICBP,RG,8175,8,F,ZP,LG,D
11:17:14,ICBP,RG,8175,8,F,ZP,LG,D
11:17:14,ICBP,RG,8175,8,F,ZP,LG,D
11:17:14,ICBP,RG,8175,8,F,ZP,LG,D
11:17:14,ICBP,RG,8175,8,F,ZP,LG,D
11:17:14,ICBP,RG,8175,9,F,ZP,LG,D
11:17:14,ICBP,RG,8175,8,F,ZP,LG,D
11:17:14,ICBP,RG,8175,8,F,ZP,LG,D
11:17:14,ICBP,RG,8175,8,F,ZP,LG,D
11:17:14,ICBP,RG,8175,8,F,ZP,LG,D
11:17:14,ICBP,RG,8175,8,F,ZP,LG,D
11:17:14,ICBP,RG,8175,8,F,ZP,LG,D
11:17:14,ICBP,RG,8175,9,F,ZP,LG,D
11:17:14,ICBP,RG,8175,8,F,ZP,LG,D
11:17:14,ICBP,RG,8175,8,F,ZP,LG,D
11:17:14,ICBP,RG,8175,8,F,ZP,LG,D
11:17:14,ICBP,RG,8175,5,F,ZP,LG,D
11:17:14,ICBP,RG,8175,3,F,ZP,LG,D
11:17:14,ICBP,RG,8175,8,F,ZP,LG,D
11:17:14,ICBP,RG,8175,3,F,ZP,LG,D
11:17:14,ICBP,RG,8175,5,F,ZP,LG,D
11:16:43,ICBP,RG,8200,8,F,ZP,ZP,F
11:16:43,ICBP,RG,8175,63,F,BK,AK,F
11:16:43,ICBP,RG,8175,8,F,ZP,AK,F
11:16:43,ICBP,RG,8175,71,F,YU,AK,F
11:16:42,ICBP,RG,8175,6,F,YU,CG,F
11:16:42,ICBP,RG,8175,22,F,BK,CG,F
11:16:42,ICBP,RG,8175,11,F,BK,CG,F
11:16:42,ICBP,RG,8175,27,F,BK,CG,F
11:16:41,ICBP,RG,8175,21,F,YU,CG,F
11:16:41,ICBP,RG,8175,31,F,YU,CG,F
11:16:41,ICBP,RG,8175,1,F,YU,AK,F
11:16:41,ICBP,RG,8175,1,F,YU,AK,F
11:16:41,ICBP,RG,8175,178,F,YU,OD,D
11:16:41,ICBP,RG,8175,57,F,YU,OD,D
11:16:41,ICBP,RG,8175,19,F,YU,BK,F
11:16:41,ICBP,RG,8175,1,F,YU,CG,F
11:16:40,ICBP,RG,8175,231,F,YU,CG,F
11:16:40,ICBP,RG,8175,14,F,YU,BK,F
11:16:40,ICBP,RG,8175,64,F,YU,CG,F
11:16:33,ICBP,RG,8150,2,D,YP,CG,F
11:16:32,ICBP,RG,8175,12,F,YU,CG,F
11:16:32,ICBP,RG,8150,28,D,YP,CG,F
11:16:32,ICBP,RG,8150,12,F,GW,CG,F
11:16:32,ICBP,RG,8175,289,F,YU,CG,F
11:16:32,ICBP,RG,8175,20,F,YU,ZP,F
11:16:25,ICBP,RG,8150,1,F,GW,CG,F
11:16:24,ICBP,RG,8150,2,F,GW,CG,F
11:16:24,ICBP,RG,8150,1,F,GW,CG,F
11:16:24,ICBP,RG,8150,1,F,GW,CG,F
11:16:23,ICBP,RG,8175,2,D,NI,ZP,F
11:16:23,ICBP,RG,8150,7,F,GW,CG,F
11:16:23,ICBP,RG,8150,6,F,GW,CG,F
11:16:23,ICBP,RG,8150,1,F,GW,CG,F
11:16:23,ICBP,RG,8150,1,F,GW,CG,F
11:16:22,ICBP,RG,8150,48,F,GW,CG,F
11:16:22,ICBP,RG,8150,2,D,CC,CG,F
11:16:22,ICBP,RG,8150,7,D,YP,CG,F
11:16:22,ICBP,RG,8150,3,D,YP,CG,F
11:16:22,ICBP,RG,8150,1,D,LS,CG,F
11:16:22,ICBP,RG,8150,2,D,XC,CG,F
11:16:22,ICBP,RG,8150,3,D,YP,CG,F
11:16:22,ICBP,RG,8150,49,F,ZP,CG,F
11:16:22,ICBP,RG,8175,618,F,YU,LG,D
11:16:17,ICBP,RG,8175,618,F,YU,LG,D
11:16:16,ICBP,RG,8175,309,F,YU,LG,D
11:16:15,ICBP,RG,8175,8,F,ZP,LG,D
11:16:15,ICBP,RG,8175,67,F,ZP,LG,D
11:16:15,ICBP,RG,8175,5,D,SQ,LG,D
11:16:15,ICBP,RG,8175,1,D,PD,LG,D
11:16:15,ICBP,RG,8175,1,D,XC,LG,D
11:16:15,ICBP,RG,8175,8,F,ZP,LG,D
11:16:15,ICBP,RG,8175,8,F,ZP,LG,D
11:16:15,ICBP,RG,8175,1,D,YP,LG,D
11:16:15,ICBP,RG,8175,1,D,PD,LG,D
11:16:15,ICBP,RG,8175,1,D,PD,LG,D
11:16:15,ICBP,RG,8175,8,F,ZP,LG,D
11:16:15,ICBP,RG,8175,14,F,AK,LG,D
11:16:15,ICBP,RG,8175,9,F,ZP,LG,D
11:16:15,ICBP,RG,8175,8,F,ZP,LG,D
11:16:15,ICBP,RG,8175,8,F,ZP,LG,D
11:16:15,ICBP,RG,8175,8,F,ZP,LG,D
11:16:15,ICBP,RG,8175,8,F,ZP,LG,D
11:16:15,ICBP,RG,8175,28,F,ZP,LG,D
11:16:15,ICBP,RG,8175,35,F,YU,LG,D
11:15:45,ICBP,RG,8200,2,F,ZP,ZP,F
11:15:45,ICBP,RG,8200,7,F,ZP,ZP,F
11:15:45,ICBP,RG,8175,1,F,YU,AK,F
11:15:13,ICBP,RG,8200,9,F,ZP,ZP,F
11:15:13,ICBP,RG,8200,1,D,XC,ZP,F
11:13:17,ICBP,RG,8200,4,F,ZP,ZP,F
11:13:17,ICBP,RG,8200,5,F,ZP,CC,D
11:12:36,ICBP,RG,8200,9,F,ZP,CC,D
11:12:36,ICBP,RG,8200,1,D,KK,CC,D
11:12:15,ICBP,RG,8200,9,F,ZP,CC,D
11:12:15,ICBP,RG,8175,1,F,YU,AK,F
11:11:46,ICBP,RG,8175,1,F,YU,CC,D
11:11:26,ICBP,RG,8175,24,F,YU,CG,F
11:11:26,ICBP,RG,8175,3,F,YU,ZP,F
11:11:26,ICBP,RG,8175,25,F,YU,CG,F
11:11:25,ICBP,RG,8175,70,F,YU,CG,F
11:11:25,ICBP,RG,8175,68,F,YU,CG,F
11:11:25,ICBP,RG,8175,81,F,YU,LG,D
11:11:25,ICBP,RG,8175,8,F,ZP,LG,D
11:11:25,ICBP,RG,8175,8,F,ZP,LG,D
11:11:25,ICBP,RG,8175,8,F,ZP,LG,D
11:11:25,ICBP,RG,8175,8,F,ZP,LG,D
11:11:19,ICBP,RG,8200,1,D,XC,CC,D
11:11:09,ICBP,RG,8200,9,F,ZP,CC,D
11:10:52,ICBP,RG,8200,5,D,PD,CC,D
11:10:43,ICBP,RG,8200,9,F,ZP,CC,D
11:10:21,ICBP,RG,8200,2,F,ZP,CC,D
11:10:21,ICBP,RG,8200,1,F,ZP,PD,D
11:10:21,ICBP,RG,8200,1,F,ZP,AZ,D
11:10:21,ICBP,RG,8200,5,F,ZP,KK,D
11:10:21,ICBP,RG,8200,1,D,XC,KK,D
11:10:16,ICBP,RG,8200,9,F,ZP,KK,D
11:10:00,ICBP,RG,8200,8,F,ZP,KK,D
11:10:00,ICBP,RG,8200,1,F,ZP,XC,D
11:09:34,ICBP,RG,8175,51,F,YU,OD,D
11:09:33,ICBP,RG,8175,9,F,ZP,OD,D
11:09:33,ICBP,RG,8175,9,F,ZP,OD,D
11:09:33,ICBP,RG,8175,9,F,ZP,OD,D
11:09:33,ICBP,RG,8175,8,F,ZP,OD,D
11:09:33,ICBP,RG,8175,8,F,ZP,OD,D
11:09:33,ICBP,RG,8175,141,F,YU,OD,D
11:09:30,ICBP,RG,8200,1,F,YU,CC,D
11:09:29,ICBP,RG,8175,168,F,YU,CC,D
11:09:29,ICBP,RG,8175,8,F,ZP,CC,D
11:09:29,ICBP,RG,8175,8,F,ZP,CC,D
11:09:29,ICBP,RG,8175,8,F,ZP,CC,D
11:09:29,ICBP,RG,8175,8,F,ZP,CC,D
11:09:27,ICBP,RG,8175,8,F,ZP,CG,F
11:09:27,ICBP,RG,8175,8,F,ZP,CG,F
11:09:27,ICBP,RG,8175,8,F,ZP,CG,F
11:09:27,ICBP,RG,8175,2,F,ZP,CG,F
11:09:26,ICBP,RG,8175,6,F,ZP,CG,F
11:09:26,ICBP,RG,8175,134,F,YU,CG,F
11:09:26,ICBP,RG,8175,72,F,YU,CG,F
11:09:25,ICBP,RG,8175,103,F,YU,LG,D
11:09:25,ICBP,RG,8175,8,F,ZP,LG,D
11:09:25,ICBP,RG,8175,8,F,ZP,LG,D
11:09:25,ICBP,RG,8175,8,F,ZP,LG,D
11:09:25,ICBP,RG,8175,8,F,ZP,LG,D
11:09:25,ICBP,RG,8175,8,F,ZP,LG,D
11:09:25,ICBP,RG,8175,84,F,ZP,LG,D
11:09:16,ICBP,RG,8175,31,F,ZP,CG,F
11:09:16,ICBP,RG,8175,4,F,YU,CG,F
11:09:16,ICBP,RG,8175,1,F,YU,CG,F
11:09:16,ICBP,RG,8175,5,F,YU,CG,F
11:09:15,ICBP,RG,8175,90,F,YU,AK,F
11:09:15,ICBP,RG,8175,2,F,YU,ZP,F
11:09:15,ICBP,RG,8175,2,F,YU,LG,D
11:09:15,ICBP,RG,8175,8,F,ZP,LG,D
11:09:15,ICBP,RG,8175,9,F,ZP,LG,D
11:09:15,ICBP,RG,8175,8,F,ZP,LG,D
11:09:15,ICBP,RG,8175,28,F,ZP,LG,D
11:09:15,ICBP,RG,8175,8,F,ZP,LG,D
11:09:15,ICBP,RG,8175,8,F,ZP,LG,D
11:09:15,ICBP,RG,8175,8,F,ZP,LG,D
11:09:15,ICBP,RG,8175,8,F,ZP,LG,D
11:09:15,ICBP,RG,8175,254,F,YU,LG,D
11:09:15,ICBP,RG,8175,14,F,YU,LG,D
11:09:14,ICBP,RG,8175,5,F,YU,LG,D
11:09:07,ICBP,RG,8175,18,F,YU,CG,F
11:09:07,ICBP,RG,8175,18,F,YU,CG,F
11:09:07,ICBP,RG,8175,9,F,ZP,CG,F
11:09:07,ICBP,RG,8175,8,F,ZP,CG,F
11:09:07,ICBP,RG,8175,1,F,ZP,CG,F
11:09:06,ICBP,RG,8175,7,F,ZP,CG,F
11:09:06,ICBP,RG,8175,8,F,ZP,CG,F
11:09:06,ICBP,RG,8175,8,F,ZP,CG,F
11:09:06,ICBP,RG,8175,8,F,ZP,CG,F
11:09:06,ICBP,RG,8175,4,F,ZP,CG,F
11:09:06,ICBP,RG,8175,5,F,ZP,CG,F
11:09:06,ICBP,RG,8175,8,F,ZP,CG,F
11:09:06,ICBP,RG,8175,8,F,ZP,CG,F
11:09:06,ICBP,RG,8175,3,F,ZP,CG,F
11:09:05,ICBP,RG,8175,5,F,ZP,LG,D
11:09:05,ICBP,RG,8175,309,F,YU,LG,D
11:09:05,ICBP,RG,8175,8,F,AK,LG,D
11:09:05,ICBP,RG,8175,8,F,ZP,LG,D
11:09:05,ICBP,RG,8175,8,F,ZP,LG,D
11:09:05,ICBP,RG,8175,3,F,ZP,LG,D
11:09:05,ICBP,RG,8175,14,F,ZP,LG,D
11:09:05,ICBP,RG,8175,5,F,ZP,LG,D
11:08:55,ICBP,RG,8175,11,F,ZP,CG,F
11:08:55,ICBP,RG,8175,2,F,ZP,CG,F
11:08:55,ICBP,RG,8175,9,F,ZP,CG,F
11:08:54,ICBP,RG,8200,1,F,YU,CC,D
11:08:54,ICBP,RG,8175,21,F,ZP,CG,F
11:08:54,ICBP,RG,8175,8,F,ZP,CG,F
11:08:54,ICBP,RG,8175,19,F,AK,CG,F
11:08:54,ICBP,RG,8175,8,F,ZP,CG,F
11:08:54,ICBP,RG,8175,13,F,AK,CG,F
11:08:54,ICBP,RG,8175,8,F,ZP,CG,F
11:08:54,ICBP,RG,8175,8,F,ZP,CG,F
11:08:54,ICBP,RG,8175,8,F,ZP,CG,F
11:08:54,ICBP,RG,8175,8,F,ZP,CG,F
11:08:54,ICBP,RG,8175,8,F,ZP,CG,F
11:08:54,ICBP,RG,8175,8,F,ZP,CG,F
11:08:54,ICBP,RG,8175,8,F,ZP,CG,F
11:08:54,ICBP,RG,8175,8,F,ZP,CG,F
11:08:54,ICBP,RG,8175,8,F,ZP,CG,F
11:08:54,ICBP,RG,8175,8,F,ZP,CG,F
11:08:54,ICBP,RG,8175,9,F,ZP,CG,F
11:08:54,ICBP,RG,8175,7,F,ZP,CG,F
11:08:54,ICBP,RG,8175,1,F,ZP,CG,F
11:08:54,ICBP,RG,8175,8,F,ZP,CG,F
11:08:54,ICBP,RG,8175,8,F,ZP,CG,F
11:08:54,ICBP,RG,8175,9,F,ZP,CG,F
11:08:54,ICBP,RG,8175,8,F,ZP,CG,F
11:08:54,ICBP,RG,8175,8,F,ZP,CG,F
11:08:54,ICBP,RG,8175,8,F,ZP,CG,F
11:08:54,ICBP,RG,8175,1,D,KK,CG,F
11:08:54,ICBP,RG,8175,3,D,PD,CG,F
11:08:54,ICBP,RG,8175,130,F,YU,CG,F
11:08:54,ICBP,RG,8175,9,F,YU,CG,F
11:08:53,ICBP,RG,8175,7,F,YU,CG,F
11:08:53,ICBP,RG,8175,8,F,ZP,CG,F
11:08:53,ICBP,RG,8175,2,D,SQ,CG,F
11:08:53,ICBP,RG,8175,51,F,BK,CG,F
11:08:53,ICBP,RG,8175,10,D,XC,CG,F
11:08:53,ICBP,RG,8175,1,D,CC,CG,F
11:08:53,ICBP,RG,8175,4,F,ZP,CG,F
11:08:53,ICBP,RG,8175,46,F,ZP,CG,F
11:08:53,ICBP,RG,8175,8,F,ZP,CG,F
11:08:53,ICBP,RG,8175,8,F,ZP,CG,F
11:08:53,ICBP,RG,8175,8,F,ZP,CG,F
11:08:53,ICBP,RG,8175,8,F,ZP,CG,F
11:08:53,ICBP,RG,8175,5,F,ZP,CG,F
11:08:53,ICBP,RG,8175,3,F,ZP,CG,F
11:08:53,ICBP,RG,8175,6,F,ZP,CG,F
11:08:53,ICBP,RG,8175,2,F,ZP,CG,F
11:08:53,ICBP,RG,8175,7,F,ZP,CG,F
11:08:53,ICBP,RG,8175,1,F,ZP,LG,D
11:08:53,ICBP,RG,8175,8,F,ZP,LG,D
11:08:53,ICBP,RG,8175,9,F,ZP,LG,D
11:08:53,ICBP,RG,8175,8,F,ZP,LG,D
11:08:53,ICBP,RG,8175,9,F,ZP,LG,D
11:08:53,ICBP,RG,8175,8,F,AK,LG,D
11:08:53,ICBP,RG,8175,9,F,AK,LG,D
11:08:53,ICBP,RG,8175,8,F,ZP,LG,D
11:08:53,ICBP,RG,8175,1,F,YP,LG,D
11:08:53,ICBP,RG,8175,8,F,ZP,LG,D
11:08:53,ICBP,RG,8175,51,F,BK,LG,D
11:08:53,ICBP,RG,8175,58,F,ZP,LG,D
11:08:53,ICBP,RG,8175,2,D,XC,LG,D
11:08:53,ICBP,RG,8175,8,F,ZP,LG,D
11:08:53,ICBP,RG,8175,320,F,GW,LG,D
11:08:53,ICBP,RG,8175,9,F,ZP,LG,D
11:08:53,ICBP,RG,8175,9,F,ZP,LG,D
11:08:53,ICBP,RG,8175,78,F,BK,LG,D
11:08:53,ICBP,RG,8175,79,F,GW,LG,D
11:08:53,ICBP,RG,8175,29,F,GW,LG,D
11:08:52,ICBP,RG,8175,11,F,GW,LG,D
11:08:52,ICBP,RG,8175,1,F,GW,CG,F
11:08:51,ICBP,RG,8175,66,F,GW,CG,F
11:08:51,ICBP,RG,8175,66,F,GW,CG,F
11:08:50,ICBP,RG,8175,148,F,GW,LG,D
11:08:50,ICBP,RG,8175,1,D,YP,LG,D
11:08:50,ICBP,RG,8175,49,F,ZP,LG,D
11:08:50,ICBP,RG,8175,8,F,ZP,LG,D
11:08:50,ICBP,RG,8175,8,F,ZP,LG,D
11:08:50,ICBP,RG,8175,8,F,ZP,LG,D
11:08:50,ICBP,RG,8175,9,F,ZP,LG,D
11:08:50,ICBP,RG,8175,8,F,ZP,LG,D
11:08:50,ICBP,RG,8175,8,F,ZP,LG,D
11:08:50,ICBP,RG,8175,8,F,ZP,LG,D
11:08:50,ICBP,RG,8175,8,F,ZP,LG,D
11:08:50,ICBP,RG,8175,1,D,NI,LG,D
11:08:50,ICBP,RG,8175,8,F,AK,LG,D
11:08:50,ICBP,RG,8175,36,F,ZP,LG,D
11:08:50,ICBP,RG,8175,8,F,ZP,LG,D
11:08:50,ICBP,RG,8175,55,F,BK,LG,D
11:08:50,ICBP,RG,8175,24,D,CC,LG,D
11:08:50,ICBP,RG,8175,8,F,ZP,LG,D
11:08:50,ICBP,RG,8175,8,F,ZP,LG,D
11:08:50,ICBP,RG,8175,9,F,ZP,LG,D
11:08:50,ICBP,RG,8175,50,F,GW,LG,D
11:08:50,ICBP,RG,8175,8,F,ZP,LG,D
11:08:50,ICBP,RG,8175,8,F,ZP,LG,D
11:08:50,ICBP,RG,8175,8,F,ZP,LG,D
11:08:50,ICBP,RG,8175,9,F,ZP,LG,D
11:08:50,ICBP,RG,8175,8,F,ZP,LG,D
11:08:50,ICBP,RG,8175,1,F,ZP,LG,D
11:08:47,ICBP,RG,8175,1,F,ZP,CG,F
11:08:46,ICBP,RG,8175,3,F,ZP,CG,F
11:08:46,ICBP,RG,8175,3,F,ZP,CG,F
11:08:46,ICBP,RG,8175,1,F,ZP,CG,F
11:08:45,ICBP,RG,8175,25,F,ZP,CG,F
11:08:45,ICBP,RG,8175,2,F,ZP,ZP,F
11:08:45,ICBP,RG,8175,15,F,ZP,CG,F
11:08:44,ICBP,RG,8175,10,F,ZP,CC,D
11:08:44,ICBP,RG,8175,8,F,ZP,CC,D
11:08:44,ICBP,RG,8175,8,F,ZP,CC,D
11:08:44,ICBP,RG,8175,8,F,ZP,CC,D
11:08:44,ICBP,RG,8175,8,F,ZP,CC,D
11:08:44,ICBP,RG,8175,9,F,ZP,CC,D
11:08:44,ICBP,RG,8175,8,F,ZP,CC,D
11:08:44,ICBP,RG,8175,9,F,ZP,CC,D
11:08:44,ICBP,RG,8175,8,F,ZP,CC,D
11:08:44,ICBP,RG,8175,8,F,ZP,CC,D
11:08:44,ICBP,RG,8175,9,F,ZP,CC,D
11:08:44,ICBP,RG,8175,8,F,ZP,CC,D
11:08:44,ICBP,RG,8175,8,F,ZP,CC,D
11:08:44,ICBP,RG,8175,8,F,ZP,CC,D
11:08:44,ICBP,RG,8175,8,F,ZP,CC,D
11:08:44,ICBP,RG,8175,8,F,ZP,CC,D
11:08:44,ICBP,RG,8175,8,F,ZP,CC,D
11:08:44,ICBP,RG,8175,8,F,ZP,CC,D
11:08:44,ICBP,RG,8175,8,F,ZP,CC,D
11:08:44,ICBP,RG,8175,8,F,ZP,CC,D
11:08:44,ICBP,RG,8175,8,F,ZP,CC,D
11:08:44,ICBP,RG,8175,5,D,YP,CC,D
11:08:44,ICBP,RG,8175,22,D,CC,CC,D
11:08:37,ICBP,RG,8175,1,D,CC,CG,F
11:08:33,ICBP,RG,8200,8,F,ZP,CC,D
11:08:33,ICBP,RG,8200,1,F,ZP,FS,F
11:08:33,ICBP,RG,8175,1,D,CC,CG,F
11:08:32,ICBP,RG,8175,6,D,CC,CG,F
11:08:31,ICBP,RG,8175,47,D,CC,ZP,D
11:08:12,ICBP,RG,8175,1,D,CC,CG,F
11:08:11,ICBP,RG,8175,1,D,CC,CG,F
11:08:10,ICBP,RG,8175,13,D,CC,PD,D
11:08:06,ICBP,RG,8200,9,F,ZP,FS,F
11:06:37,ICBP,RG,8175,1,D,CC,CG,F
11:06:34,ICBP,RG,8175,1,D,CC,ZP,F
11:06:23,ICBP,RG,8175,13,D,CC,CG,F
11:06:22,ICBP,RG,8175,43,D,CC,CC,D
11:06:22,ICBP,RG,8175,1,D,PD,CC,D
11:06:22,ICBP,RG,8175,43,F,ZP,CC,D
11:06:22,ICBP,RG,8175,1,D,XC,CC,D
11:06:22,ICBP,RG,8175,1,D,PD,CC,D
11:06:22,ICBP,RG,8175,1,D,NI,CC,D
11:06:22,ICBP,RG,8175,10,F,ZP,CC,D
11:06:04,ICBP,RG,8175,1,F,ZP,CG,F
11:06:04,ICBP,RG,8175,7,F,ZP,ZP,F
11:05:30,ICBP,RG,8175,1,F,ZP,AK,F
11:05:24,ICBP,RG,8175,1,F,ZP,CG,F
11:05:24,ICBP,RG,8175,9,F,ZP,SQ,D
11:05:13,ICBP,RG,8175,1,F,ZP,XC,D
11:04:31,ICBP,RG,8175,2,F,ZP,XC,D
11:04:12,ICBP,RG,8175,4,F,ZP,CG,F
11:04:09,ICBP,RG,8175,30,F,ZP,YP,D
11:03:42,ICBP,RG,8175,1,F,ZP,CG,F
11:03:42,ICBP,RG,8200,8,F,ZP,FS,F
11:03:41,ICBP,RG,8175,1,F,ZP,CG,F
11:03:40,ICBP,RG,8175,9,F,ZP,CG,F
11:03:40,ICBP,RG,8200,8,F,ZP,FS,F
11:03:39,ICBP,RG,8175,3,F,ZP,DH,D
11:03:39,ICBP,RG,8175,5,F,BK,DH,D
11:03:39,ICBP,RG,8175,8,F,AK,DH,D
11:03:39,ICBP,RG,8175,8,F,ZP,DH,D
11:03:39,ICBP,RG,8175,8,F,ZP,DH,D
11:03:39,ICBP,RG,8175,8,F,ZP,DH,D
11:03:39,ICBP,RG,8175,8,F,ZP,DH,D
11:03:39,ICBP,RG,8175,9,F,AK,DH,D
11:03:39,ICBP,RG,8175,9,F,ZP,DH,D
11:03:39,ICBP,RG,8175,8,F,ZP,DH,D
11:03:39,ICBP,RG,8175,8,F,ZP,DH,D
11:03:39,ICBP,RG,8175,9,F,ZP,DH,D
11:03:39,ICBP,RG,8175,8,F,ZP,DH,D
11:03:39,ICBP,RG,8175,8,F,ZP,DH,D
11:03:39,ICBP,RG,8175,8,F,ZP,DH,D
11:03:39,ICBP,RG,8175,7,F,ZP,DH,D
11:02:22,ICBP,RG,8200,8,F,ZP,FS,F
11:02:21,ICBP,RG,8175,1,F,ZP,CC,D
11:02:21,ICBP,RG,8175,3,F,ZP,CC,D
11:02:16,ICBP,RG,8200,9,F,ZP,FS,F
11:01:13,ICBP,RG,8200,9,F,ZP,FS,F
11:00:00,ICBP,RG,8175,1,F,ZP,AK,F
10:59:09,ICBP,RG,8200,9,F,ZP,FS,F
10:58:12,ICBP,RG,8200,9,F,ZP,FS,F
10:57:14,ICBP,RG,8200,5,F,ZP,FS,F
10:57:14,ICBP,RG,8200,4,F,ZP,CG,F
10:57:00,ICBP,RG,8200,9,F,ZP,CG,F
10:56:52,ICBP,RG,8200,18,F,ZP,CG,F
10:56:50,ICBP,RG,8200,17,F,ZP,CG,F
10:56:49,ICBP,RG,8200,1,D,PD,CG,F
10:56:07,ICBP,RG,8200,8,F,ZP,CG,F
10:56:05,ICBP,RG,8200,6,F,ZP,CG,F
10:56:05,ICBP,RG,8200,2,F,ZP,BK,F
10:56:05,ICBP,RG,8175,1,F,ZP,ZP,F
10:56:04,ICBP,RG,8175,3,F,ZP,CC,D
10:56:04,ICBP,RG,8175,8,F,ZP,CC,D
10:56:04,ICBP,RG,8175,8,F,ZP,CC,D
10:56:04,ICBP,RG,8175,8,F,ZP,CC,D
10:56:04,ICBP,RG,8175,8,F,ZP,CC,D
10:56:04,ICBP,RG,8175,8,F,ZP,CC,D
10:56:04,ICBP,RG,8175,8,F,ZP,CC,D
10:56:04,ICBP,RG,8175,8,F,ZP,CC,D
10:56:04,ICBP,RG,8175,9,F,ZP,CC,D
10:56:04,ICBP,RG,8175,8,F,ZP,CC,D
10:56:04,ICBP,RG,8175,8,F,ZP,CC,D
10:56:04,ICBP,RG,8175,8,F,ZP,CC,D
10:56:04,ICBP,RG,8175,8,F,ZP,CC,D
10:55:57,ICBP,RG,8200,3,D,EP,BK,F
10:55:57,ICBP,RG,8200,6,D,EP,BK,F
10:55:57,ICBP,RG,8200,19,D,EP,CG,F
10:55:32,ICBP,RG,8200,9,F,ZP,CG,F
10:55:29,ICBP,RG,8175,1,F,ZP,XC,D
10:55:22,ICBP,RG,8175,1,F,AK,ZP,F
10:55:10,ICBP,RG,8175,5,F,AK,DR,D
10:55:02,ICBP,RG,8200,9,F,ZP,CG,F
10:54:50,ICBP,RG,8200,1,D,XC,CG,F
10:54:02,ICBP,RG,8200,1,F,ZP,CG,F
10:54:02,ICBP,RG,8200,8,F,ZP,CG,F
10:54:00,ICBP,RG,8175,1,F,AK,AK,F
10:53:39,ICBP,RG,8175,1,F,AK,CG,F
10:53:39,ICBP,RG,8175,2,F,AK,PD,D
10:53:38,ICBP,RG,8175,2,F,ZP,BQ,D
10:53:33,ICBP,RG,8175,1,F,ZP,CG,F
10:53:31,ICBP,RG,8200,9,F,ZP,CG,F
10:53:21,ICBP,RG,8175,1,F,ZP,CG,F
10:53:20,ICBP,RG,8175,1,F,ZP,CG,F
10:53:19,ICBP,RG,8200,9,F,ZP,CG,F
10:53:19,ICBP,RG,8175,3,F,ZP,GR,D
10:53:19,ICBP,RG,8175,7,F,ZP,GR,D
10:53:13,ICBP,RG,8175,1,F,ZP,ZP,F
10:52:40,ICBP,RG,8175,1,F,ZP,CG,F
10:52:39,ICBP,RG,8175,1,F,ZP,CG,F
10:52:39,ICBP,RG,8175,1,F,ZP,CG,F
10:52:39,ICBP,RG,8200,8,F,ZP,CG,F
10:52:38,ICBP,RG,8175,6,F,ZP,CG,F
10:52:38,ICBP,RG,8175,7,F,ZP,CG,F
10:52:38,ICBP,RG,8175,2,F,ZP,CG,F
10:52:38,ICBP,RG,8175,8,F,ZP,CG,F
10:52:38,ICBP,RG,8175,3,F,ZP,CG,F
10:52:38,ICBP,RG,8175,5,F,ZP,CC,D
10:52:38,ICBP,RG,8175,8,F,ZP,CC,D
10:52:38,ICBP,RG,8175,8,F,ZP,CC,D
10:52:38,ICBP,RG,8175,1,D,XC,CC,D
10:52:38,ICBP,RG,8175,1,D,YP,CC,D
10:52:38,ICBP,RG,8175,1,D,XC,CC,D
10:52:38,ICBP,RG,8175,1,D,XC,CC,D
10:52:38,ICBP,RG,8175,1,D,NI,CC,D
10:52:38,ICBP,RG,8175,3,D,XC,CC,D
10:52:38,ICBP,RG,8175,8,F,ZP,CC,D
10:52:38,ICBP,RG,8175,1,D,XC,CC,D
10:52:38,ICBP,RG,8175,1,D,KK,CC,D
10:52:38,ICBP,RG,8175,8,F,ZP,CC,D
10:52:38,ICBP,RG,8175,53,D,DR,CC,D
10:52:30,ICBP,RG,8175,1,D,DR,CG,F
10:52:29,ICBP,RG,8175,2,D,DR,CG,F
10:52:29,ICBP,RG,8175,2,D,DR,CG,F
10:52:29,ICBP,RG,8175,20,D,DR,SQ,D
10:52:20,ICBP,RG,8175,17,D,DR,CG,F
10:52:20,ICBP,RG,8200,8,F,ZP,CG,F
10:52:19,ICBP,RG,8175,55,D,DR,OD,D
10:52:19,ICBP,RG,8175,8,F,ZP,OD,D
10:52:19,ICBP,RG,8175,10,D,YP,OD,D
10:52:19,ICBP,RG,8175,8,F,ZP,OD,D
10:52:19,ICBP,RG,8175,8,F,ZP,OD,D
10:52:19,ICBP,RG,8175,9,F,ZP,OD,D
10:52:19,ICBP,RG,8175,9,F,ZP,OD,D
10:52:19,ICBP,RG,8175,8,F,ZP,OD,D
10:52:19,ICBP,RG,8175,3,F,ZP,OD,D
10:52:16,ICBP,RG,8175,1,F,ZP,CG,F
10:52:15,ICBP,RG,8175,3,F,ZP,CG,F
10:52:15,ICBP,RG,8175,1,F,ZP,CG,F
10:52:15,ICBP,RG,8200,8,F,ZP,CG,F
10:52:14,ICBP,RG,8175,5,F,ZP,CG,F
10:52:14,ICBP,RG,8175,3,F,ZP,CG,F
10:52:14,ICBP,RG,8175,1,F,GW,CG,F
10:52:14,ICBP,RG,8200,7,F,ZP,CG,F
10:52:14,ICBP,RG,8200,1,F,ZP,LG,D
10:52:14,ICBP,RG,8175,1,F,GW,CG,F
10:52:14,ICBP,RG,8175,2,F,GW,CG,F
10:52:14,ICBP,RG,8200,8,D,PD,LG,D
10:52:14,ICBP,RG,8200,1,F,YU,LG,D
10:52:14,ICBP,RG,8175,43,F,GW,CG,F
10:52:14,ICBP,RG,8175,33,F,GW,CG,F
10:52:14,ICBP,RG,8175,9,F,ZP,CG,F
10:52:13,ICBP,RG,8175,1,F,ZP,CG,F
10:52:13,ICBP,RG,8175,2,F,ZP,CG,F
10:52:13,ICBP,RG,8175,5,F,ZP,LG,D
10:52:13,ICBP,RG,8175,8,F,ZP,LG,D
10:52:13,ICBP,RG,8175,10,D,PD,LG,D
10:52:13,ICBP,RG,8175,1,D,XC,LG,D
10:52:13,ICBP,RG,8175,8,F,ZP,LG,D
10:52:13,ICBP,RG,8175,8,F,ZP,LG,D
10:52:13,ICBP,RG,8175,25,D,YP,LG,D
10:52:13,ICBP,RG,8175,276,F,YU,LG,D
10:52:13,ICBP,RG,8200,1,F,YU,LG,D
10:52:12,ICBP,RG,8175,2,F,YU,CG,F
10:52:12,ICBP,RG,8175,1,F,YU,CG,F
10:52:12,ICBP,RG,8200,9,F,ZP,LG,D
10:52:11,ICBP,RG,8175,1,F,YU,CG,F
10:52:11,ICBP,RG,8175,6,F,YU,CG,F
10:52:11,ICBP,RG,8175,6,F,YU,CG,F
10:52:11,ICBP,RG,8175,1,F,YU,CG,F
10:52:11,ICBP,RG,8200,1,F,YU,LG,D
10:52:10,ICBP,RG,8175,16,F,YU,CG,F
10:52:10,ICBP,RG,8175,1,D,NI,CG,F
10:52:10,ICBP,RG,8175,9,F,ZP,CG,F
10:52:10,ICBP,RG,8175,12,F,ZP,CG,F
10:52:10,ICBP,RG,8175,36,F,ZP,CG,F
10:52:10,ICBP,RG,8200,9,F,ZP,LG,D
10:52:10,ICBP,RG,8175,2,F,ZP,ZP,F
10:52:10,ICBP,RG,8175,1,F,ZP,CG,F
10:52:10,ICBP,RG,8200,8,F,ZP,LG,D
10:52:10,ICBP,RG,8175,10,F,ZP,LG,D
10:52:10,ICBP,RG,8175,1,D,PD,LG,D
10:52:10,ICBP,RG,8175,1,D,SQ,LG,D
10:52:10,ICBP,RG,8175,25,D,LG,LG,D
10:52:10,ICBP,RG,8175,1,D,XC,LG,D
10:52:10,ICBP,RG,8175,8,F,ZP,LG,D
10:52:10,ICBP,RG,8175,1,D,YP,LG,D
10:52:10,ICBP,RG,8175,8,F,ZP,LG,D
10:52:10,ICBP,RG,8175,9,F,ZP,LG,D
10:52:10,ICBP,RG,8175,2,D,KK,LG,D
10:52:10,ICBP,RG,8175,3,D,CC,LG,D
10:52:10,ICBP,RG,8175,1,D,KK,LG,D
10:52:10,ICBP,RG,8175,3,D,PD,LG,D
10:52:10,ICBP,RG,8175,1,D,NI,LG,D
10:52:10,ICBP,RG,8175,8,F,ZP,LG,D
10:52:10,ICBP,RG,8175,1,D,OD,LG,D
10:52:10,ICBP,RG,8175,8,F,ZP,LG,D
10:52:10,ICBP,RG,8175,2,D,CC,LG,D
10:52:10,ICBP,RG,8175,1,D,YP,LG,D
10:52:10,ICBP,RG,8175,5,D,YP,LG,D
10:52:10,ICBP,RG,8175,8,F,ZP,LG,D
10:52:10,ICBP,RG,8175,8,F,ZP,LG,D
10:52:10,ICBP,RG,8175,10,D,PD,LG,D
10:52:10,ICBP,RG,8175,8,F,ZP,LG,D
10:52:10,ICBP,RG,8175,8,F,ZP,LG,D
10:52:10,ICBP,RG,8175,8,F,ZP,LG,D
10:52:10,ICBP,RG,8175,8,F,ZP,LG,D
10:52:10,ICBP,RG,8175,2,D,YP,LG,D
10:52:10,ICBP,RG,8175,113,F,GW,LG,D
10:52:10,ICBP,RG,8175,11,F,GW,LG,D
10:52:09,ICBP,RG,8175,4,F,GW,LG,D
10:51:51,ICBP,RG,8200,1,D,PD,LG,D
10:51:21,ICBP,RG,8175,1,F,GW,CG,F
10:51:16,ICBP,RG,8175,1,F,GW,CG,F
10:51:16,ICBP,RG,8175,1,F,GW,CG,F
10:51:15,ICBP,RG,8175,10,F,GW,CG,F
10:51:15,ICBP,RG,8175,11,F,GW,CG,F
10:51:14,ICBP,RG,8175,75,F,GW,FS,F
10:51:12,ICBP,RG,8175,5,F,GW,CG,F
10:51:12,ICBP,RG,8175,4,F,GW,CG,F
10:51:11,ICBP,RG,8200,9,F,ZP,LG,D
10:51:11,ICBP,RG,8175,9,F,GW,CG,F
10:51:11,ICBP,RG,8175,5,F,GW,CG,F
10:51:11,ICBP,RG,8175,4,F,ZP,CG,F
10:51:11,ICBP,RG,8175,1,F,ZP,ZP,F
10:51:11,ICBP,RG,8200,8,F,ZP,LG,D
10:51:11,ICBP,RG,8175,3,F,ZP,FS,F
10:51:11,ICBP,RG,8175,2,D,XC,FS,F
10:51:11,ICBP,RG,8175,1,F,AG,FS,F
10:51:11,ICBP,RG,8175,8,F,ZP,FS,F
10:51:11,ICBP,RG,8175,8,F,ZP,FS,F
10:51:11,ICBP,RG,8175,53,F,GW,FS,F
10:50:59,ICBP,RG,8175,3,F,GW,YP,D
10:50:42,ICBP,RG,8175,1,F,GW,CG,F
10:50:41,ICBP,RG,8175,1,F,GW,PD,D
10:50:39,ICBP,RG,8175,1,F,GW,XA,D
10:50:36,ICBP,RG,8175,2,F,GW,CG,F
10:50:36,ICBP,RG,8175,1,F,GW,CG,F
10:50:35,ICBP,RG,8200,9,F,ZP,LG,D
10:50:07,ICBP,RG,8175,2,F,GW,CG,F
10:50:07,ICBP,RG,8175,1,F,GW,CG,F
10:50:03,ICBP,RG,8175,11,F,GW,XC,D
10:50:02,ICBP,RG,8175,2,F,GW,CG,F
10:50:02,ICBP,RG,8175,1,F,GW,CG,F
10:50:01,ICBP,RG,8200,9,F,ZP,LG,D
10:50:00,ICBP,RG,8175,1,F,GW,CG,F
10:50:00,ICBP,RG,8175,2,F,GW,CG,F
10:50:00,ICBP,RG,8175,10,F,GW,YP,D
10:49:20,ICBP,RG,8175,1,F,GW,CC,D
10:49:01,ICBP,RG,8175,1,F,GW,CG,F
10:49:00,ICBP,RG,8175,2,F,GW,ZP,F
10:48:17,ICBP,RG,8175,1,F,GW,CG,F
10:48:17,ICBP,RG,8175,1,F,GW,CG,F
10:48:14,ICBP,RG,8175,1,F,GW,CG,F
10:48:14,ICBP,RG,8200,8,F,ZP,LG,D
10:48:14,ICBP,RG,8175,1,F,GW,CG,F
10:48:13,ICBP,RG,8175,7,F,GW,PD,D
10:48:07,ICBP,RG,8175,2,F,GW,CG,F
10:48:07,ICBP,RG,8175,1,F,GW,CG,F
10:48:05,ICBP,RG,8200,9,F,ZP,LG,D
10:47:13,ICBP,RG,8175,1,F,GW,ZP,F
10:47:13,ICBP,RG,8175,1,F,GW,CG,F
10:47:12,ICBP,RG,8175,1,F,GW,CG,F
10:47:12,ICBP,RG,8175,1,F,GW,CG,F
10:47:10,ICBP,RG,8200,9,F,ZP,LG,D
10:46:44,ICBP,RG,8175,1,F,GW,CG,F
10:46:43,ICBP,RG,8175,1,F,GW,CG,F
10:46:41,ICBP,RG,8200,9,F,ZP,LG,D
10:46:13,ICBP,RG,8175,1,F,GW,CG,F
10:46:07,ICBP,RG,8175,1,F,GW,CG,F
10:46:07,ICBP,RG,8175,1,F,GW,CG,F
10:46:05,ICBP,RG,8200,9,F,ZP,LG,D
10:45:50,ICBP,RG,8175,1,F,GW,CG,F
10:45:49,ICBP,RG,8175,1,F,GW,CG,F
10:45:49,ICBP,RG,8175,1,F,GW,CG,F
10:45:48,ICBP,RG,8200,8,F,ZP,LG,D
10:45:48,ICBP,RG,8175,6,F,GW,CG,F
10:45:47,ICBP,RG,8175,6,F,GW,CG,F
10:45:43,ICBP,RG,8175,30,F,GW,CG,F
10:45:43,ICBP,RG,8200,8,F,ZP,LG,D
10:45:43,ICBP,RG,8175,31,F,GW,CG,F
10:45:43,ICBP,RG,8175,1,F,GW,ZP,F
10:45:42,ICBP,RG,8175,235,F,GW,OD,D
10:45:18,ICBP,RG,8175,1,F,GW,CG,F
10:45:17,ICBP,RG,8175,2,F,GW,CG,F
10:45:14,ICBP,RG,8200,9,F,ZP,LG,D
10:44:55,ICBP,RG,8175,1,F,GW,CG,F
10:44:54,ICBP,RG,8175,8,F,GW,CG,F
10:44:53,ICBP,RG,8175,1,F,GW,XC,D
10:44:53,ICBP,RG,8175,8,F,GW,CG,F
10:44:52,ICBP,RG,8200,8,F,ZP,LG,D
10:44:52,ICBP,RG,8175,39,F,GW,CG,F
10:44:52,ICBP,RG,8175,39,F,GW,CG,F
10:44:51,ICBP,RG,8200,8,F,ZP,LG,D
10:44:51,ICBP,RG,8175,30,F,GW,CC,D
10:44:51,ICBP,RG,8175,10,D,CC,CC,D
10:44:51,ICBP,RG,8175,1,D,KK,CC,D
10:44:51,ICBP,RG,8175,8,F,ZP,CC,D
10:44:51,ICBP,RG,8175,37,F,ZP,CC,D
10:44:51,ICBP,RG,8175,3,D,XC,CC,D
10:44:51,ICBP,RG,8175,9,F,AK,CC,D
10:44:51,ICBP,RG,8175,1,D,YP,CC,D
10:44:51,ICBP,RG,8175,1,D,SQ,CC,D
10:44:51,ICBP,RG,8175,8,F,ZP,CC,D
10:44:51,ICBP,RG,8175,54,F,ZP,CC,D
10:44:51,ICBP,RG,8175,4,D,DH,CC,D
10:44:51,ICBP,RG,8175,9,F,AK,CC,D
10:44:51,ICBP,RG,8175,10,D,PD,CC,D
10:44:51,ICBP,RG,8175,12,D,CC,CC,D
10:44:51,ICBP,RG,8175,52,F,ZP,CC,D
10:44:51,ICBP,RG,8175,8,F,ZP,CC,D
10:44:51,ICBP,RG,8175,9,F,AK,CC,D
10:44:51,ICBP,RG,8175,1,D,DR,CC,D
10:44:51,ICBP,RG,8175,1,D,NI,CC,D
10:44:51,ICBP,RG,8175,8,F,ZP,CC,D
10:44:51,ICBP,RG,8175,1,D,PD,CC,D
10:44:51,ICBP,RG,8175,1,D,DH,CC,D
10:44:51,ICBP,RG,8175,22,F,BK,CC,D
10:44:00,ICBP,RG,8175,1,F,BK,CG,F
10:44:00,ICBP,RG,8175,1,F,BK,CG,F
10:43:59,ICBP,RG,8175,1,F,BK,CG,F
10:43:59,ICBP,RG,8200,8,F,ZP,LG,D
10:43:58,ICBP,RG,8175,1,F,BK,CG,F
10:43:58,ICBP,RG,8175,3,F,BK,CG,F
10:43:58,ICBP,RG,8175,1,F,BK,CG,F
10:43:57,ICBP,RG,8175,3,F,BK,CG,F
10:43:57,ICBP,RG,8200,8,F,ZP,LG,D
10:43:57,ICBP,RG,8175,1,F,BK,CG,F
10:43:57,ICBP,RG,8175,9,F,BK,CG,F
10:43:57,ICBP,RG,8175,6,F,ZP,CG,F
10:43:57,ICBP,RG,8175,2,F,ZP,CG,F
10:43:57,ICBP,RG,8175,1,F,ZP,CG,F
10:43:56,ICBP,RG,8200,8,F,ZP,LG,D
10:43:56,ICBP,RG,8175,7,F,ZP,CG,F
10:43:56,ICBP,RG,8175,5,F,ZP,CG,F
10:43:56,ICBP,RG,8175,45,F,ZP,CG,F
10:43:56,ICBP,RG,8175,60,D,DH,CG,F
10:43:56,ICBP,RG,8175,3,F,AK,CG,F
10:43:55,ICBP,RG,8175,3,F,AK,CG,F
10:43:55,ICBP,RG,8200,8,F,ZP,LG,D
10:43:55,ICBP,RG,8175,3,F,AK,LG,D
10:43:55,ICBP,RG,8175,8,F,ZP,LG,D
10:43:55,ICBP,RG,8175,5,D,PD,LG,D
10:43:55,ICBP,RG,8175,52,F,ZP,LG,D
10:43:55,ICBP,RG,8175,7,D,XC,LG,D
10:43:55,ICBP,RG,8175,25,D,YP,LG,D
10:43:55,ICBP,RG,8175,9,F,ZP,LG,D
10:43:55,ICBP,RG,8175,9,F,ZP,LG,D
10:43:55,ICBP,RG,8175,8,F,ZP,LG,D
10:43:55,ICBP,RG,8175,8,F,ZP,LG,D
10:43:55,ICBP,RG,8175,8,F,ZP,LG,D
10:43:55,ICBP,RG,8175,8,F,ZP,LG,D
10:43:55,ICBP,RG,8175,9,F,ZP,LG,D
10:43:55,ICBP,RG,8175,9,F,ZP,LG,D
10:43:55,ICBP,RG,8175,9,F,ZP,LG,D
10:43:55,ICBP,RG,8175,8,F,ZP,LG,D
10:43:55,ICBP,RG,8175,8,F,ZP,LG,D
10:43:55,ICBP,RG,8175,8,F,ZP,LG,D
10:43:55,ICBP,RG,8175,8,F,ZP,LG,D
10:43:55,ICBP,RG,8175,8,F,ZP,LG,D
10:43:55,ICBP,RG,8175,8,F,ZP,LG,D
10:43:55,ICBP,RG,8175,8,F,ZP,LG,D
10:43:55,ICBP,RG,8175,8,F,ZP,LG,D
10:43:55,ICBP,RG,8175,9,F,ZP,LG,D
10:43:55,ICBP,RG,8175,8,F,ZP,LG,D
10:43:55,ICBP,RG,8175,8,F,ZP,LG,D
10:43:55,ICBP,RG,8175,8,F,ZP,LG,D
10:43:55,ICBP,RG,8175,8,F,ZP,LG,D
10:43:55,ICBP,RG,8175,9,F,ZP,LG,D
10:43:55,ICBP,RG,8175,562,F,GW,LG,D
10:43:54,ICBP,RG,8200,8,F,ZP,LG,D
10:43:54,ICBP,RG,8175,28,F,GW,CG,F
10:43:54,ICBP,RG,8175,1,D,YP,CG,F
10:43:54,ICBP,RG,8175,17,F,BK,CG,F
10:43:54,ICBP,RG,8175,9,F,BK,CG,F
10:43:53,ICBP,RG,8200,8,F,ZP,LG,D
10:43:53,ICBP,RG,8175,254,F,BK,LG,D
10:43:53,ICBP,RG,8175,38,F,ZP,LG,D
10:43:53,ICBP,RG,8175,254,D,IF,LG,D
10:43:53,ICBP,RG,8175,23,D,IF,LG,D
10:43:53,ICBP,RG,8175,9,D,IF,LG,D
10:43:53,ICBP,RG,8200,8,F,ZP,LG,D
10:43:45,ICBP,RG,8200,8,F,ZP,LG,D
10:43:44,ICBP,RG,8175,379,D,IF,CP,D
10:43:42,ICBP,RG,8175,72,D,IF,YP,D
10:43:38,ICBP,RG,8200,10,F,BK,LG,D
10:43:15,ICBP,RG,8200,8,F,AK,LG,D
10:43:04,ICBP,RG,8200,9,F,ZP,LG,D
10:42:47,ICBP,RG,8200,9,F,BK,LG,D
10:42:45,ICBP,RG,8200,1,D,PD,LG,D
10:42:00,ICBP,RG,8200,9,F,ZP,LG,D
10:41:57,ICBP,RG,8200,8,F,ZP,LG,D
10:41:30,ICBP,RG,8175,1,D,IF,AK,F
10:41:20,ICBP,RG,8200,40,F,ZP,LG,D
10:41:15,ICBP,RG,8200,8,F,ZP,LG,D
10:41:15,ICBP,RG,8175,31,D,IF,YP,D
10:41:07,ICBP,RG,8200,9,F,ZP,LG,D
10:40:55,ICBP,RG,8200,7,F,BK,LG,D
10:40:55,ICBP,RG,8200,12,F,BK,LG,D
10:40:45,ICBP,RG,8200,2,F,AK,LG,D
10:40:45,ICBP,RG,8200,5,F,AK,LG,D
10:40:34,ICBP,RG,8200,1,D,PD,CG,F
10:40:32,ICBP,RG,8200,8,F,ZP,CG,F
10:40:06,ICBP,RG,8200,4,F,ZP,CG,F
10:40:06,ICBP,RG,8200,5,F,ZP,BK,F
10:40:05,ICBP,RG,8175,1,D,IF,YP,D
10:39:48,ICBP,RG,8175,55,D,IF,CC,D
10:39:06,ICBP,RG,8200,9,F,ZP,CG,F
10:39:05,ICBP,RG,8200,20,F,BK,CG,F
10:38:23,ICBP,RG,8200,4,F,ZP,CG,F
10:38:23,ICBP,RG,8200,2,F,ZP,CG,F
10:38:23,ICBP,RG,8200,2,F,ZP,CG,F
10:38:23,ICBP,RG,8175,100,D,IF,CC,D
10:38:08,ICBP,RG,8200,12,F,BK,CG,F
10:38:00,ICBP,RG,8200,6,F,AK,CG,F
10:37:10,ICBP,RG,8200,8,F,ZP,CG,F
10:37:10,ICBP,RG,8200,1,F,ZP,CC,D
10:37:10,ICBP,RG,8200,1,D,XC,BK,F
10:37:00,ICBP,RG,8200,4,F,BK,BK,F
10:37:00,ICBP,RG,8200,2,F,BK,CG,F
10:37:00,ICBP,RG,8200,8,F,BK,CG,F
10:36:40,ICBP,RG,8200,6,F,ZP,CG,F
10:36:40,ICBP,RG,8200,26,F,ZP,ZP,F
10:36:20,ICBP,RG,8200,8,F,ZP,ZP,F
10:36:19,ICBP,RG,8200,7,F,ZP,ZP,F
10:36:19,ICBP,RG,8200,1,F,ZP,BK,F
10:36:19,ICBP,RG,8200,4,F,ZP,BK,F
10:36:19,ICBP,RG,8200,1,F,ZP,CG,F
10:36:19,ICBP,RG,8200,3,F,ZP,DH,D
10:36:19,ICBP,RG,8200,7,F,ZP,DH,D
10:36:19,ICBP,RG,8200,1,F,ZP,CG,F
10:36:04,ICBP,RG,8200,2,F,ZP,CG,F
10:36:04,ICBP,RG,8200,6,F,ZP,GR,D
10:36:03,ICBP,RG,8200,19,F,GW,GR,D
10:36:03,ICBP,RG,8200,9,F,GW,CG,F
10:36:03,ICBP,RG,8200,24,F,GW,CG,F
10:36:03,ICBP,RG,8200,5,F,GW,BK,F
10:36:03,ICBP,RG,8200,16,F,GW,CG,F
10:36:03,ICBP,RG,8200,100,F,GW,AZ,D
10:36:03,ICBP,RG,8200,1,F,GW,CG,F
10:36:03,ICBP,RG,8200,1,F,GW,XC,D
10:36:03,ICBP,RG,8200,10,F,GW,CG,F
10:36:03,ICBP,RG,8200,10,F,GW,CG,F
10:36:03,ICBP,RG,8200,5,F,GW,BK,F
10:36:03,ICBP,RG,8200,2,F,GW,ZP,F
10:36:03,ICBP,RG,8200,6,F,GW,BK,F
10:36:03,ICBP,RG,8200,43,F,GW,CG,F
10:36:03,ICBP,RG,8200,37,F,GW,CG,F
10:36:03,ICBP,RG,8200,273,F,GW,LG,D
10:36:03,ICBP,RG,8200,11,F,GW,LG,D
10:36:03,ICBP,RG,8200,4,F,GW,LG,D
10:36:03,ICBP,RG,8200,5,F,GW,DR,D
10:36:03,ICBP,RG,8200,2,F,GW,SQ,D
10:36:03,ICBP,RG,8200,1,F,GW,OD,D
10:36:03,ICBP,RG,8200,1,F,GW,AK,F
10:36:03,ICBP,RG,8200,36,F,GW,CG,F
10:36:03,ICBP,RG,8200,34,F,GW,CG,F
10:36:03,ICBP,RG,8200,13,F,GW,BK,F
10:36:03,ICBP,RG,8200,32,F,GW,CG,F
10:35:45,ICBP,RG,8175,5,D,IF,BK,F
10:35:28,ICBP,RG,8200,20,F,BK,CG,F
10:35:06,ICBP,RG,8200,9,F,ZP,CG,F
10:35:00,ICBP,RG,8200,2,D,XC,CG,F
10:34:56,ICBP,RG,8175,5,D,IF,BK,F
10:34:52,ICBP,RG,8200,3,D,CC,CG,F
10:34:30,ICBP,RG,8200,8,F,AK,CG,F
10:34:14,ICBP,RG,8200,16,F,BK,CG,F
10:34:03,ICBP,RG,8200,9,F,ZP,CG,F
10:33:02,ICBP,RG,8200,8,F,ZP,CG,F
10:33:00,ICBP,RG,8200,30,F,ZP,CG,F
10:32:56,ICBP,RG,8200,18,F,BK,CG,F
10:32:45,ICBP,RG,8175,1,D,IF,XC,D
10:32:19,ICBP,RG,8175,5,D,IF,YP,D
10:31:56,ICBP,RG,8200,14,F,BK,CG,F
10:31:43,ICBP,RG,8175,5,D,IF,BK,F
10:31:15,ICBP,RG,8175,1,D,IF,AK,F
10:31:12,ICBP,RG,8200,9,F,ZP,CG,F
10:31:02,ICBP,RG,8175,6,D,IF,CG,F
10:31:00,ICBP,RG,8175,50,D,IF,GR,D
10:31:00,ICBP,RG,8200,5,F,ZP,CG,F
10:31:00,ICBP,RG,8200,29,F,ZP,CG,F
10:30:59,ICBP,RG,8175,1,D,IF,CG,F
10:30:59,ICBP,RG,8200,8,F,ZP,CG,F
