Time,Stock,Brd,Price,Qty,BT,BC,SC,ST
15:14:59,ICBP,RG,8900,2,D,PD,YP,D
15:14:54,ICBP,RG,8900,1,D,YP,YP,D
15:14:46,ICBP,RG,8900,1,F,ZP,YP,D
15:14:45,ICBP,RG,8900,1,F,ZP,YP,D
15:14:44,ICBP,RG,8900,7,F,ZP,YP,D
15:14:43,ICBP,RG,8900,5,D,YP,YP,D
15:14:42,ICBP,RG,8900,54,F,ZP,YP,D
15:14:39,ICBP,RG,8900,5,D,YP,YP,D
15:12:38,ICBP,RG,8900,2,D,PD,YP,D
15:12:19,ICBP,RG,8900,5,D,PD,YP,D
15:12:01,ICBP,RG,8900,5,D,PD,YP,D
15:10:36,ICBP,RG,8900,2,D,XC,YP,D
15:06:36,ICBP,RG,8900,13,D,XA,YP,D
15:06:27,ICBP,RG,8900,1,D,XC,YP,D
15:05:02,ICBP,RG,8900,2,D,YP,YP,D
15:05:02,ICBP,RG,8900,1,D,YP,YP,D
15:05:01,ICBP,RG,8900,1,D,XC,YP,D
15:05:00,ICBP,RG,8900,1,D,PD,YP,D
15:05:00,ICBP,RG,8900,1,D,PD,YP,D
15:00:00,ICBP,RG,8900,2,D,XC,YP,D
15:00:00,ICBP,RG,8900,6,D,AT,YP,D
15:00:00,ICBP,RG,8900,10,D,YB,YP,D
15:00:00,ICBP,RG,8900,5,D,DR,YP,D
15:00:00,ICBP,RG,8900,10,D,XC,YP,D
15:00:00,ICBP,RG,8900,1,D,CC,YP,D
15:00:00,ICBP,RG,8900,1,D,XC,YP,D
15:00:00,ICBP,RG,8900,1,D,YP,YP,D
15:00:00,ICBP,RG,8900,98,F,ZP,YP,D
15:00:00,ICBP,RG,8900,1,F,ZP,XC,D
15:00:00,ICBP,RG,8900,50,F,ZP,KI,D
15:00:00,ICBP,RG,8900,4,F,ZP,XC,D
15:00:00,ICBP,RG,8900,12,F,ZP,PD,D
15:00:00,ICBP,RG,8900,10,F,ZP,PD,D
15:00:00,ICBP,RG,8900,3,F,ZP,PD,D
15:00:00,ICBP,RG,8900,1,F,ZP,CC,D
15:00:00,ICBP,RG,8900,2,F,ZP,PD,D
15:00:00,ICBP,RG,8900,5,F,ZP,NI,D
15:00:00,ICBP,RG,8900,6,F,ZP,XC,D
15:00:00,ICBP,RG,8900,3,F,ZP,XC,D
15:00:00,ICBP,RG,8900,3,F,ZP,CC,D
15:00:00,ICBP,RG,8900,1,F,ZP,XC,D
15:00:00,ICBP,RG,8900,6,F,ZP,OD,D
15:00:00,ICBP,RG,8900,3,F,ZP,XC,D
15:00:00,ICBP,RG,8900,5,F,ZP,PD,D
15:00:00,ICBP,RG,8900,1,F,ZP,PD,D
15:00:00,ICBP,RG,8900,2,F,ZP,CC,D
15:00:00,ICBP,RG,8900,4,F,ZP,CC,D
15:00:00,ICBP,RG,8900,1,F,ZP,NI,D
15:00:00,ICBP,RG,8900,1,F,ZP,MK,D
15:00:00,ICBP,RG,8900,8,F,ZP,CC,D
15:00:00,ICBP,RG,8900,3,F,ZP,SQ,D
15:00:00,ICBP,RG,8900,1,F,ZP,SQ,D
15:00:00,ICBP,RG,8900,1,F,ZP,SQ,D
15:00:00,ICBP,RG,8900,1,F,ZP,PD,D
15:00:00,ICBP,RG,8900,1,F,ZP,CC,D
15:00:00,ICBP,RG,8900,1,F,ZP,XC,D
15:00:00,ICBP,RG,8900,58,F,ZP,PD,D
15:00:00,ICBP,RG,8900,32,F,CS,PD,D
15:00:00,ICBP,RG,8900,10,F,CS,YP,D
15:00:00,ICBP,RG,8900,1,F,CS,PD,D
15:00:00,ICBP,RG,8900,2,F,CS,GR,D
15:00:00,ICBP,RG,8900,3,F,CS,CC,D
15:00:00,ICBP,RG,8900,1,F,CS,CC,D
15:00:00,ICBP,RG,8900,1,F,CS,LG,D
15:00:00,ICBP,RG,8900,6,F,CS,LG,D
15:00:00,ICBP,RG,8900,343,F,CS,BK,F
15:00:00,ICBP,RG,8900,1,F,CS,BK,F
15:00:00,ICBP,RG,8900,149,F,CS,BK,F
15:00:00,ICBP,RG,8900,188,F,CS,ZP,F
15:00:00,ICBP,RG,8900,943,F,ZP,ZP,F
15:00:00,ICBP,RG,8900,83,F,BK,ZP,F
15:00:00,ICBP,RG,8900,6,F,AK,ZP,F
15:00:00,ICBP,RG,8900,52,F,AK,ZP,F
15:00:00,ICBP,RG,8900,5,F,AK,ZP,F
15:00:00,ICBP,RG,8900,23,D,RX,ZP,F
14:49:59,ICBP,RG,8900,20,D,CS,PD,D
14:49:59,ICBP,RG,8900,10,D,CS,YP,D
14:49:59,ICBP,RG,8900,2,D,CS,SQ,D
14:49:59,ICBP,RG,8900,10,D,CS,IN,D
14:49:59,ICBP,RG,8900,2,D,CS,YP,D
14:49:59,ICBP,RG,8900,1,D,CS,YB,D
14:49:59,ICBP,RG,8900,20,D,CS,KK,D
14:49:59,ICBP,RG,8900,7,D,CS,XC,D
14:49:59,ICBP,RG,8900,10,D,CS,SQ,D
14:49:59,ICBP,RG,8900,1,D,CS,OD,D
14:49:59,ICBP,RG,8900,2,D,CS,XC,D
14:49:59,ICBP,RG,8900,6,D,CS,LG,D
14:49:59,ICBP,RG,8900,1,D,CS,XC,D
14:49:59,ICBP,RG,8900,40,D,CS,CC,D
14:49:59,ICBP,RG,8900,10,D,CS,YP,D
14:49:59,ICBP,RG,8900,2,D,CS,XC,D
14:49:59,ICBP,RG,8900,3,D,CS,CC,D
14:49:59,ICBP,RG,8900,3,D,CS,LG,D
14:49:59,ICBP,RG,8900,4,D,CS,XC,D
14:49:59,ICBP,RG,8900,2,D,CS,XC,D
14:49:59,ICBP,RG,8900,5,D,CS,YP,D
14:49:59,ICBP,RG,8900,50,D,CS,GR,D
14:49:59,ICBP,RG,8900,3,D,CS,PD,D
14:49:59,ICBP,RG,8900,3,D,CS,AI,D
14:49:59,ICBP,RG,8900,1,D,CS,CC,D
14:49:59,ICBP,RG,8900,5,D,CS,YP,D
14:49:59,ICBP,RG,8900,1,D,CS,XC,D
14:49:59,ICBP,RG,8900,1,D,CS,YP,D
14:49:59,ICBP,RG,8900,1,D,CS,YP,D
14:49:59,ICBP,RG,8900,2,D,CS,CC,D
14:49:59,ICBP,RG,8900,4,D,CS,ES,D
14:49:58,ICBP,RG,8875,9,D,CS,BK,F
14:49:58,ICBP,RG,8900,4,D,CS,ES,D
14:49:56,ICBP,RG,8875,5,D,CS,EP,D
14:49:56,ICBP,RG,8875,8,F,CS,EP,D
14:49:56,ICBP,RG,8875,12,F,ZP,EP,D
14:49:52,ICBP,RG,8875,10,F,ZP,SQ,D
14:49:30,ICBP,RG,8900,1,F,AK,ES,D
14:49:24,ICBP,RG,8900,8,F,KZ,ES,D
14:49:08,ICBP,RG,8875,6,F,ZP,BK,F
14:49:01,ICBP,RG,8900,1,F,KZ,ES,D
14:49:00,ICBP,RG,8875,10,F,ZP,BK,F
14:49:00,ICBP,RG,8900,1,F,AK,ES,D
14:48:48,ICBP,RG,8875,1,F,ZP,ZP,F
14:48:48,ICBP,RG,8875,8,F,ZP,BK,F
14:48:46,ICBP,RG,8900,1,F,KZ,ES,D
14:48:45,ICBP,RG,8900,1,F,AK,ES,D
14:48:33,ICBP,RG,8900,1,F,KZ,ES,D
14:48:22,ICBP,RG,8900,1,F,KZ,ES,D
14:48:21,ICBP,RG,8900,1,F,KZ,ES,D
14:48:15,ICBP,RG,8875,1,F,ZP,XC,D
14:48:11,ICBP,RG,8875,1,F,ZP,YP,D
14:48:11,ICBP,RG,8875,1,F,CS,YP,D
14:48:11,ICBP,RG,8875,1,F,KZ,YP,D
14:48:11,ICBP,RG,8875,1,F,KZ,YP,D
14:48:03,ICBP,RG,8900,1,F,KZ,ES,D
14:48:03,ICBP,RG,8900,1,F,KZ,ES,D
14:47:45,ICBP,RG,8900,1,F,AK,ES,D
14:47:26,ICBP,RG,8900,6,D,BQ,ES,D
14:47:15,ICBP,RG,8900,1,F,AK,ES,D
14:47:04,ICBP,RG,8875,1,F,CS,ZP,F
14:46:56,ICBP,RG,8875,9,F,CS,BK,F
14:46:56,ICBP,RG,8875,2,F,CS,YP,D
14:46:56,ICBP,RG,8875,2,D,YP,YP,D
14:46:56,ICBP,RG,8875,5,D,YP,BK,F
14:46:56,ICBP,RG,8875,1,D,YP,ZP,F
14:46:56,ICBP,RG,8875,7,D,YP,IP,D
14:46:46,ICBP,RG,8875,1,F,KZ,IP,D
14:46:43,ICBP,RG,8875,1,D,XC,IP,D
14:46:41,ICBP,RG,8875,8,D,CS,IP,D
14:46:34,ICBP,RG,8875,1,F,KZ,IP,D
14:46:31,ICBP,RG,8875,2,D,CS,IP,D
14:46:30,ICBP,RG,8875,3,D,CS,IP,D
14:46:28,ICBP,RG,8875,2,D,CS,IP,D
14:46:27,ICBP,RG,8875,10,F,CS,IP,D
14:46:27,ICBP,RG,8875,7,F,CS,IP,D
14:46:27,ICBP,RG,8875,26,F,CS,IP,D
14:46:27,ICBP,RG,8875,3,D,CS,CC,D
14:46:22,ICBP,RG,8875,3,D,CS,BK,F
14:46:22,ICBP,RG,8875,1,F,KZ,BK,F
14:46:19,ICBP,RG,8875,1,D,CS,BK,F
14:46:19,ICBP,RG,8875,10,D,CS,BK,F
14:46:19,ICBP,RG,8875,2,F,KZ,BK,F
14:46:14,ICBP,RG,8875,1,D,NI,BK,F
14:46:10,ICBP,RG,8875,1,F,KZ,BK,F
14:46:09,ICBP,RG,8875,9,D,CS,BK,F
14:46:09,ICBP,RG,8875,1,D,CS,BK,F
14:46:07,ICBP,RG,8875,1,F,KZ,BK,F
14:46:07,ICBP,RG,8875,2,F,KZ,BK,F
14:45:59,ICBP,RG,8875,7,D,CS,ZP,F
14:45:55,ICBP,RG,8850,9,D,EP,BK,F
14:45:55,ICBP,RG,8850,1,D,YP,BK,F
14:45:48,ICBP,RG,8875,8,D,CS,ZP,F
14:45:40,ICBP,RG,8875,1,D,XL,ZP,F
14:45:37,ICBP,RG,8875,10,D,CS,ZP,F
14:45:34,ICBP,RG,8875,2,D,YP,ZP,F
14:45:20,ICBP,RG,8850,3,D,YP,BK,F
14:45:20,ICBP,RG,8850,1,D,YP,BK,F
14:45:20,ICBP,RG,8850,1,D,YP,BK,F
14:45:20,ICBP,RG,8850,3,D,GR,BK,F
14:45:20,ICBP,RG,8850,2,D,PD,BK,F
14:45:07,ICBP,RG,8875,8,D,NI,ZP,F
14:44:57,ICBP,RG,8875,5,D,CC,ZP,F
14:44:51,ICBP,RG,8875,1,F,AK,ZP,F
14:44:51,ICBP,RG,8875,6,F,CS,ZP,F
14:44:51,ICBP,RG,8875,10,F,CS,ZP,F
14:44:51,ICBP,RG,8875,7,F,CS,ZP,F
14:44:51,ICBP,RG,8875,2,F,CS,ZP,F
14:44:51,ICBP,RG,8875,9,D,CS,ZP,F
14:44:51,ICBP,RG,8875,5,D,CS,ZP,F
14:44:51,ICBP,RG,8875,1,D,CS,ZP,F
14:44:51,ICBP,RG,8875,2,D,CS,ZP,F
14:44:51,ICBP,RG,8875,1,F,KZ,ZP,F
14:44:51,ICBP,RG,8875,1,F,KZ,ZP,F
14:44:51,ICBP,RG,8875,5,F,CS,ZP,F
14:44:51,ICBP,RG,8875,5,D,CS,ZP,F
14:44:51,ICBP,RG,8875,1,F,CS,ZP,F
14:44:51,ICBP,RG,8875,3,F,CS,ZP,F
14:44:51,ICBP,RG,8875,3,F,CS,ZP,F
14:44:51,ICBP,RG,8875,1,D,CS,ZP,F
14:44:51,ICBP,RG,8875,9,F,CS,ZP,F
14:44:51,ICBP,RG,8875,3,F,CS,ZP,F
14:44:51,ICBP,RG,8875,50,F,ZP,ZP,F
14:44:51,ICBP,RG,8875,1,F,AK,ZP,F
14:44:50,ICBP,RG,8900,5,D,CC,ES,D
14:44:48,ICBP,RG,8900,1,D,CS,ES,D
14:44:47,ICBP,RG,8900,21,D,CS,ES,D
14:44:45,ICBP,RG,8900,1,F,AK,ES,D
14:44:13,ICBP,RG,8900,1,F,KZ,ES,D
14:44:07,ICBP,RG,8900,23,D,CS,ES,D
14:43:31,ICBP,RG,8875,1,F,CS,ZP,F
14:43:31,ICBP,RG,8875,24,F,CS,ZP,F
14:43:31,ICBP,RG,8875,1,F,CS,BK,F
14:43:31,ICBP,RG,8875,5,F,CS,BK,F
14:43:31,ICBP,RG,8875,17,F,CS,ZP,F
14:43:30,ICBP,RG,8875,1,F,AK,ZP,F
14:43:22,ICBP,RG,8875,1,D,CS,ZP,F
14:43:22,ICBP,RG,8875,3,F,CS,ZP,F
14:43:22,ICBP,RG,8875,9,D,CS,ZP,F
14:42:57,ICBP,RG,8875,1,D,XC,ZP,F
14:42:49,ICBP,RG,8875,1,F,KZ,ZP,F
14:42:46,ICBP,RG,8875,1,F,KZ,ZP,F
14:42:45,ICBP,RG,8875,1,F,CS,PD,D
14:42:41,ICBP,RG,8875,4,F,CS,PD,D
14:42:41,ICBP,RG,8875,34,F,CS,BK,F
14:42:41,ICBP,RG,8875,32,F,CS,ZP,F
14:42:41,ICBP,RG,8875,32,F,CS,ZP,F
14:42:41,ICBP,RG,8875,3,F,CS,ZP,F
14:42:14,ICBP,RG,8875,11,F,CS,BK,F
14:42:14,ICBP,RG,8875,10,D,CS,BK,F
14:42:14,ICBP,RG,8875,4,F,CS,BK,F
14:42:13,ICBP,RG,8875,10,F,CS,BK,F
14:42:13,ICBP,RG,8875,8,D,CS,BK,F
14:42:13,ICBP,RG,8875,1,D,PD,BK,F
14:42:13,ICBP,RG,8875,5,F,CS,BK,F
14:42:13,ICBP,RG,8875,5,D,CS,BK,F
14:42:13,ICBP,RG,8875,5,D,CS,ZP,F
14:42:13,ICBP,RG,8875,10,F,CS,ZP,F
14:42:13,ICBP,RG,8875,1,F,KZ,ZP,F
14:42:13,ICBP,RG,8875,1,D,CS,ZP,F
14:42:13,ICBP,RG,8875,8,F,CS,ZP,F
14:42:13,ICBP,RG,8875,1,F,KZ,ZP,F
14:42:13,ICBP,RG,8875,1,F,KZ,ZP,F
14:42:13,ICBP,RG,8875,5,D,CS,ZP,F
14:41:57,ICBP,RG,8875,1,D,CS,PD,D
14:41:50,ICBP,RG,8875,4,D,CS,IP,D
14:41:50,ICBP,RG,8875,1,F,CS,IP,D
14:41:50,ICBP,RG,8875,6,D,CS,IP,D
14:41:50,ICBP,RG,8875,1,F,CS,IP,D
14:41:50,ICBP,RG,8875,22,F,ZP,IP,D
14:41:43,ICBP,RG,8900,35,D,CS,ES,D
14:41:43,ICBP,RG,8875,3,F,ZP,ZP,F
14:41:43,ICBP,RG,8875,1,F,CS,ZP,F
14:41:43,ICBP,RG,8875,1,F,KZ,ZP,F
14:41:43,ICBP,RG,8875,1,F,KZ,ZP,F
14:41:43,ICBP,RG,8875,1,F,AK,ZP,F
14:41:43,ICBP,RG,8875,3,F,KZ,ZP,F
14:41:43,ICBP,RG,8875,3,D,CS,ZP,F
14:41:43,ICBP,RG,8875,19,F,CS,ZP,F
14:41:37,ICBP,RG,8900,1,F,KZ,ES,D
14:41:37,ICBP,RG,8900,1,F,KZ,ES,D
14:41:16,ICBP,RG,8875,1,F,CS,YP,D
14:41:16,ICBP,RG,8875,4,F,CS,YP,D
14:41:16,ICBP,RG,8875,2,F,CS,YP,D
14:41:16,ICBP,RG,8875,1,F,CS,YP,D
14:41:16,ICBP,RG,8875,1,D,CS,YP,D
14:41:16,ICBP,RG,8875,1,F,KZ,YP,D
14:41:15,ICBP,RG,8900,1,F,AK,ES,D
14:41:03,ICBP,RG,8900,1,D,CS,ES,D
14:40:59,ICBP,RG,8875,1,F,KZ,ZP,F
14:40:59,ICBP,RG,8875,9,D,CS,ZP,F
14:40:59,ICBP,RG,8875,5,F,CS,ZP,F
14:40:59,ICBP,RG,8875,1,F,CS,ZP,F
14:40:21,ICBP,RG,8900,6,D,LG,ES,D
14:40:13,ICBP,RG,8900,38,D,CS,ES,D
14:40:13,ICBP,RG,8875,4,F,CS,ZP,F
14:40:13,ICBP,RG,8875,1,F,CS,ZP,F
14:40:13,ICBP,RG,8875,12,F,ZP,ZP,F
14:40:06,ICBP,RG,8875,16,F,ZP,ZP,F
14:40:03,ICBP,RG,8875,16,F,ZP,ZP,F
14:39:52,ICBP,RG,8900,8,D,OD,ES,D
14:39:30,ICBP,RG,8900,1,F,AK,ES,D
14:39:02,ICBP,RG,8900,9,D,OD,ES,D
14:38:56,ICBP,RG,8875,16,F,CS,BK,F
14:38:56,ICBP,RG,8875,25,F,CS,ZP,F
14:38:56,ICBP,RG,8875,10,F,CS,CC,D
14:38:56,ICBP,RG,8875,16,F,CS,BK,F
14:38:56,ICBP,RG,8875,6,F,CS,BK,F
14:38:56,ICBP,RG,8875,1,F,CS,ZP,F
14:38:56,ICBP,RG,8875,15,F,CS,BK,F
14:38:56,ICBP,RG,8875,3,F,CS,PD,D
14:38:42,ICBP,RG,8875,2,D,CS,PD,D
14:38:42,ICBP,RG,8875,16,D,CS,ZP,F
14:38:38,ICBP,RG,8850,8,D,PD,ZP,F
14:38:38,ICBP,RG,8850,1,F,CS,ZP,F
14:38:38,ICBP,RG,8850,1,F,CS,ZP,F
14:38:38,ICBP,RG,8850,1,D,CS,ZP,F
14:38:38,ICBP,RG,8850,5,F,CS,ZP,F
14:38:07,ICBP,RG,8875,1,D,CS,ZP,F
14:38:02,ICBP,RG,8850,17,F,CS,ZP,F
14:38:02,ICBP,RG,8875,9,D,OD,ZP,F
14:38:00,ICBP,RG,8850,1,F,KZ,ZP,F
14:38:00,ICBP,RG,8850,10,D,CS,ZP,F
14:38:00,ICBP,RG,8850,6,D,PD,ZP,F
14:37:58,ICBP,RG,8875,1,D,PD,BK,F
14:37:45,ICBP,RG,8875,1,F,AK,BK,F
14:37:35,ICBP,RG,8875,12,D,CS,BK,F
14:37:35,ICBP,RG,8875,1,D,CS,PD,D
14:37:35,ICBP,RG,8875,14,D,CS,PD,D
14:37:35,ICBP,RG,8875,41,D,KK,PD,D
14:37:35,ICBP,RG,8875,1,D,KK,PD,D
14:37:35,ICBP,RG,8875,13,D,KK,BK,F
14:37:35,ICBP,RG,8875,5,D,KK,BK,F
14:37:00,ICBP,RG,8875,7,D,OD,BK,F
14:36:55,ICBP,RG,8875,1,D,CS,ZP,F
14:36:43,ICBP,RG,8875,1,F,KZ,ZP,F
14:36:37,ICBP,RG,8875,1,F,KZ,ZP,F
14:36:37,ICBP,RG,8875,1,F,KZ,ZP,F
14:36:30,ICBP,RG,8875,31,D,CS,ZP,F
14:36:15,ICBP,RG,8875,1,F,AK,ZP,F
14:36:05,ICBP,RG,8850,4,D,PD,ZP,F
14:36:05,ICBP,RG,8850,12,F,ZP,ZP,F
14:36:02,ICBP,RG,8875,7,D,OD,ZP,F
14:35:28,ICBP,RG,8850,6,F,ZP,NI,D
14:35:12,ICBP,RG,8850,15,F,ZP,ZP,F
14:35:12,ICBP,RG,8850,1,F,CS,ZP,F
14:35:09,ICBP,RG,8850,3,F,CS,ZP,F
14:35:09,ICBP,RG,8850,1,F,KZ,ZP,F
14:35:09,ICBP,RG,8850,1,F,CS,ZP,F
14:35:09,ICBP,RG,8850,11,F,CS,ZP,F
14:35:02,ICBP,RG,8850,15,F,CS,ZP,F
14:35:02,ICBP,RG,8850,1,D,CS,ZP,F
14:35:02,ICBP,RG,8875,1,D,OD,ZP,F
14:35:02,ICBP,RG,8875,7,D,OD,BK,F
14:34:44,ICBP,RG,8850,1,D,DR,CC,D
14:34:44,ICBP,RG,8850,1,F,KZ,CC,D
14:34:44,ICBP,RG,8850,1,D,YP,CC,D
14:34:44,ICBP,RG,8850,17,F,CS,CC,D
14:34:44,ICBP,RG,8850,2,D,KK,CC,D
14:34:44,ICBP,RG,8850,1,F,KZ,CC,D
14:34:44,ICBP,RG,8850,1,F,KZ,CC,D
14:34:44,ICBP,RG,8850,1,D,YP,CC,D
14:34:44,ICBP,RG,8850,1,D,YP,CC,D
14:34:44,ICBP,RG,8850,1,D,NI,CC,D
14:34:44,ICBP,RG,8850,1,F,KZ,CC,D
14:34:36,ICBP,RG,8850,2,F,ZP,KK,D
14:34:34,ICBP,RG,8850,24,F,ZP,ZP,F
14:34:33,ICBP,RG,8850,7,F,ZP,YP,D
14:34:33,ICBP,RG,8850,20,D,YP,YP,D
14:34:33,ICBP,RG,8850,1,D,CS,YP,D
14:34:33,ICBP,RG,8850,20,D,CS,YP,D
14:34:33,ICBP,RG,8850,1,D,XC,YP,D
14:34:33,ICBP,RG,8850,1,D,YP,YP,D
14:34:04,ICBP,RG,8875,3,D,OD,BK,F
14:34:04,ICBP,RG,8875,6,D,OD,ZP,F
14:34:03,ICBP,RG,8850,1,D,XC,ZP,F
14:34:03,ICBP,RG,8850,1,F,AK,ZP,F
14:34:03,ICBP,RG,8850,5,D,CC,ZP,F
14:34:03,ICBP,RG,8850,3,F,CS,ZP,F
14:34:03,ICBP,RG,8850,15,D,CS,ZP,F
14:34:00,ICBP,RG,8850,1,D,CS,ZP,F
14:34:00,ICBP,RG,8850,1,F,CS,ZP,F
14:34:00,ICBP,RG,8850,1,D,XC,ZP,F
14:34:00,ICBP,RG,8850,3,D,PD,ZP,F
14:34:00,ICBP,RG,8850,1,D,CS,ZP,F
14:34:00,ICBP,RG,8850,17,F,CS,ZP,F
14:33:40,ICBP,RG,8875,1,D,AI,ZP,F
14:33:30,ICBP,RG,8875,1,F,AK,ZP,F
14:33:04,ICBP,RG,8875,7,D,OD,ZP,F
14:32:54,ICBP,RG,8850,26,F,CS,ZP,F
14:32:30,ICBP,RG,8850,19,F,CS,ZP,F
14:32:30,ICBP,RG,8850,5,F,ZP,ZP,F
14:32:15,ICBP,RG,8875,1,F,AK,ZP,F
14:32:04,ICBP,RG,8850,24,F,ZP,ZP,F
14:32:04,ICBP,RG,8875,1,D,YP,ZP,F
14:32:04,ICBP,RG,8875,9,D,OD,ZP,F
14:31:50,ICBP,RG,8875,2,D,KK,ZP,F
14:31:25,ICBP,RG,8875,5,D,XC,ZP,F
14:31:25,ICBP,RG,8875,20,D,XC,ZP,F
14:31:22,ICBP,RG,8850,41,F,ZP,ZP,F
14:31:04,ICBP,RG,8875,9,D,OD,ZP,F
14:30:50,ICBP,RG,8875,1,F,KZ,ZP,F
14:30:49,ICBP,RG,8875,1,F,KZ,ZP,F
14:30:41,ICBP,RG,8875,1,F,KZ,ZP,F
14:30:41,ICBP,RG,8875,1,F,KZ,ZP,F
14:30:41,ICBP,RG,8875,1,F,KZ,ZP,F
14:30:40,ICBP,RG,8875,1,F,KZ,ZP,F
14:30:34,ICBP,RG,8875,1,F,CS,XC,D
14:30:34,ICBP,RG,8875,1,F,CS,ZP,F
14:30:34,ICBP,RG,8875,14,F,CS,BK,F
14:30:34,ICBP,RG,8875,2,F,CS,XC,D
14:30:34,ICBP,RG,8875,1,F,CS,YP,D
14:30:34,ICBP,RG,8875,14,F,CS,BK,F
14:30:34,ICBP,RG,8875,16,F,CS,ZP,F
14:30:34,ICBP,RG,8875,1,F,CS,XC,D
14:30:34,ICBP,RG,8875,14,F,CS,BK,F
14:30:34,ICBP,RG,8875,17,F,CS,ZP,F
14:30:34,ICBP,RG,8875,13,F,CS,BK,F
14:30:34,ICBP,RG,8875,2,F,CS,YP,D
14:30:34,ICBP,RG,8875,12,F,CS,BK,F
14:30:34,ICBP,RG,8875,1,F,CS,PD,D
14:30:15,ICBP,RG,8875,1,F,AK,ZP,F
14:30:04,ICBP,RG,8875,3,D,OD,PD,D
14:30:04,ICBP,RG,8875,4,D,OD,BK,F
14:30:00,ICBP,RG,8850,5,F,ZP,ZP,F
14:30:00,ICBP,RG,8850,19,D,DR,ZP,F
14:29:29,ICBP,RG,8850,25,D,DR,ZP,F
14:29:04,ICBP,RG,8875,5,D,OD,BK,F
14:29:04,ICBP,RG,8875,4,D,OD,BK,F
14:28:55,ICBP,RG,8850,10,D,DR,BK,F
14:28:42,ICBP,RG,8850,1,D,DR,PD,D
14:28:36,ICBP,RG,8850,16,D,DR,ZP,F
14:28:36,ICBP,RG,8875,2,D,NI,BK,F
14:28:09,ICBP,RG,8850,17,D,DR,ZP,F
14:28:04,ICBP,RG,8875,8,D,OD,BK,F
14:27:45,ICBP,RG,8875,1,F,AK,ZP,F
14:27:36,ICBP,RG,8850,16,D,DR,ZP,F
14:27:08,ICBP,RG,8850,16,D,DR,ZP,F
14:27:08,ICBP,RG,8850,1,F,KZ,ZP,F
14:27:04,ICBP,RG,8875,8,D,OD,ZP,F
14:26:06,ICBP,RG,8875,7,D,OD,ZP,F
14:25:04,ICBP,RG,8875,9,D,OD,ZP,F
14:25:00,ICBP,RG,8875,9,D,CS,ZP,F
14:24:55,ICBP,RG,8850,46,D,CS,ZP,F
14:24:55,ICBP,RG,8850,2,D,CS,ZP,F
14:24:55,ICBP,RG,8850,28,D,CS,ZP,F
14:24:55,ICBP,RG,8850,6,F,CS,ZP,F
14:24:55,ICBP,RG,8850,10,F,CS,ZP,F
14:24:55,ICBP,RG,8850,158,F,ZP,ZP,F
14:24:55,ICBP,RG,8850,1,D,CC,ZP,F
14:24:55,ICBP,RG,8850,4,D,PD,ZP,F
14:24:55,ICBP,RG,8850,1,D,CC,ZP,F
14:24:55,ICBP,RG,8850,2,D,DR,ZP,F
14:24:55,ICBP,RG,8850,5,F,CS,ZP,F
14:24:55,ICBP,RG,8850,14,D,CS,ZP,F
14:24:55,ICBP,RG,8850,1,D,CS,ZP,F
14:24:55,ICBP,RG,8850,722,D,DR,ZP,F
14:24:31,ICBP,RG,8875,10,F,CS,ZP,F
14:24:31,ICBP,RG,8875,26,F,CS,ZP,F
14:24:18,ICBP,RG,8875,1,D,PD,ZP,F
14:23:41,ICBP,RG,8875,1,D,CC,ZP,F
14:23:40,ICBP,RG,8850,53,D,DR,ZP,F
14:23:36,ICBP,RG,8875,11,F,CS,PD,D
14:23:36,ICBP,RG,8875,1,F,AK,PD,D
14:23:36,ICBP,RG,8875,7,F,CS,PD,D
14:23:36,ICBP,RG,8875,5,D,YP,PD,D
14:23:36,ICBP,RG,8875,8,D,OD,PD,D
14:23:36,ICBP,RG,8875,30,D,CS,PD,D
14:23:36,ICBP,RG,8875,2,F,CS,PD,D
14:23:34,ICBP,RG,8875,1,F,KZ,YP,D
14:23:34,ICBP,RG,8875,1,D,CS,YP,D
14:22:43,ICBP,RG,8875,1,F,CS,ZP,F
14:22:43,ICBP,RG,8875,9,F,CS,ZP,F
14:22:43,ICBP,RG,8875,8,D,OD,ZP,F
14:22:43,ICBP,RG,8875,1,F,AK,ZP,F
14:22:43,ICBP,RG,8875,1,F,KZ,ZP,F
14:22:43,ICBP,RG,8875,1,F,KZ,ZP,F
14:22:43,ICBP,RG,8875,6,D,CS,ZP,F
14:22:09,ICBP,RG,8875,26,D,CS,ZP,F
14:22:08,ICBP,RG,8875,30,D,CS,PD,D
14:22:08,ICBP,RG,8875,2,D,CS,PD,D
14:22:08,ICBP,RG,8875,2,F,CS,PD,D
14:22:08,ICBP,RG,8875,1,F,CS,PD,D
14:22:08,ICBP,RG,8875,6,F,KZ,PD,D
14:22:08,ICBP,RG,8875,1,F,KZ,PD,D
14:22:08,ICBP,RG,8875,5,F,CS,PD,D
14:22:08,ICBP,RG,8875,1,F,CS,PD,D
14:22:08,ICBP,RG,8875,2,F,CS,PD,D
14:22:08,ICBP,RG,8875,65,F,ZP,PD,D
14:22:05,ICBP,RG,8875,23,F,ZP,ZP,F
14:22:05,ICBP,RG,8875,2,F,CS,ZP,F
14:22:05,ICBP,RG,8900,2,D,OD,ES,D
14:21:52,ICBP,RG,8875,5,D,OD,SQ,D
14:20:58,ICBP,RG,8900,9,D,OD,ES,D
14:20:56,ICBP,RG,8900,2,D,CS,ES,D
14:20:56,ICBP,RG,8900,1,D,CS,PD,D
14:20:56,ICBP,RG,8900,1,D,CS,YU,D
14:20:56,ICBP,RG,8900,25,D,CS,NI,D
14:20:56,ICBP,RG,8900,2,D,CS,YP,D
14:20:56,ICBP,RG,8900,1,D,CS,CC,D
14:20:56,ICBP,RG,8900,2,D,CS,TF,D
14:20:56,ICBP,RG,8900,5,D,CS,SQ,D
14:20:56,ICBP,RG,8900,1,D,CS,XC,D
14:20:56,ICBP,RG,8900,6,D,CS,AZ,D
14:20:56,ICBP,RG,8900,2,D,CS,NI,D
14:20:55,ICBP,RG,8900,1,F,CS,NI,D
14:20:55,ICBP,RG,8900,14,F,CS,YP,D
14:20:55,ICBP,RG,8875,1,F,CS,XC,D
14:20:55,ICBP,RG,8875,10,F,CS,BK,F
14:20:55,ICBP,RG,8875,46,F,CS,CS,F
14:20:55,ICBP,RG,8875,1,D,CS,CS,F
14:20:55,ICBP,RG,8875,40,D,CS,CS,F
14:20:55,ICBP,RG,8875,8,D,CS,XA,D
14:20:55,ICBP,RG,8875,7,D,CS,XA,D
14:20:55,ICBP,RG,8875,15,F,ZP,XA,D
14:20:55,ICBP,RG,8875,4,F,ZP,PD,D
14:20:55,ICBP,RG,8875,2,F,ZP,YP,D
14:20:55,ICBP,RG,8875,1,F,ZP,PD,D
14:20:55,ICBP,RG,8875,10,F,ZP,YP,D
14:20:55,ICBP,RG,8875,12,F,ZP,CC,D
14:20:55,ICBP,RG,8850,43,D,DR,ZP,F
14:20:54,ICBP,RG,8850,1,D,DR,XC,D
14:20:54,ICBP,RG,8850,2,D,DR,ZP,F
14:20:54,ICBP,RG,8850,8,D,DR,PD,D
14:20:54,ICBP,RG,8850,2,D,DR,PD,D
14:20:54,ICBP,RG,8850,1,D,DR,YP,D
14:20:54,ICBP,RG,8850,178,D,DR,BK,F
14:20:54,ICBP,RG,8850,1,D,DR,BK,F
14:20:54,ICBP,RG,8850,17,D,DR,ZP,F
14:20:54,ICBP,RG,8850,9,D,DR,BK,F
14:20:54,ICBP,RG,8850,17,D,DR,ZP,F
14:20:54,ICBP,RG,8850,4,D,DR,ZP,F
14:20:54,ICBP,RG,8850,67,D,DR,ZP,F
14:20:49,ICBP,RG,8825,2,D,KK,ZP,F
14:20:49,ICBP,RG,8825,1,D,YP,ZP,F
14:20:49,ICBP,RG,8825,41,D,CS,ZP,F
14:20:48,ICBP,RG,8850,1,D,CS,ZP,F
14:20:48,ICBP,RG,8850,6,D,CS,ZP,F
14:20:47,ICBP,RG,8825,42,D,CS,ZP,F
14:20:31,ICBP,RG,8850,1,F,KZ,ZP,F
14:20:29,ICBP,RG,8850,1,D,CS,ZP,F
14:20:26,ICBP,RG,8850,5,D,CS,ZP,F
14:20:26,ICBP,RG,8850,2,D,CS,ZP,F
14:20:26,ICBP,RG,8850,38,F,ZP,ZP,F
14:20:25,ICBP,RG,8825,10,D,CS,BK,F
14:20:19,ICBP,RG,8850,1,F,KZ,ZP,F
14:20:19,ICBP,RG,8850,1,F,KZ,ZP,F
14:20:19,ICBP,RG,8850,1,F,KZ,ZP,F
14:20:17,ICBP,RG,8850,1,D,CS,ZP,F
14:20:16,ICBP,RG,8850,1,F,KZ,ZP,F
14:20:16,ICBP,RG,8850,1,F,KZ,ZP,F
14:20:16,ICBP,RG,8850,1,F,KZ,ZP,F
14:20:15,ICBP,RG,8850,1,F,AK,ZP,F
14:20:01,ICBP,RG,8850,1,D,CS,ZP,F
14:19:59,ICBP,RG,8850,7,D,OD,ZP,F
14:19:43,ICBP,RG,8850,3,D,CS,ZP,F
14:19:39,ICBP,RG,8825,35,D,CS,ZP,F
14:19:22,ICBP,RG,8850,1,D,YP,ZP,F
14:19:09,ICBP,RG,8850,1,D,CC,ZP,F
14:19:07,ICBP,RG,8825,5,D,CS,BK,F
14:19:07,ICBP,RG,8825,5,D,CS,BK,F
14:19:07,ICBP,RG,8825,2,D,PD,BK,F
14:19:07,ICBP,RG,8825,2,D,CC,BK,F
14:19:07,ICBP,RG,8825,3,D,YP,BK,F
14:19:07,ICBP,RG,8825,3,D,DR,BK,F
14:18:59,ICBP,RG,8850,10,D,OD,ZP,F
14:18:51,ICBP,RG,8850,1,D,XL,ZP,F
14:18:51,ICBP,RG,8850,1,D,CS,ZP,F
14:18:50,ICBP,RG,8825,6,D,DR,ZP,F
14:18:50,ICBP,RG,8825,10,D,CC,ZP,F
14:18:50,ICBP,RG,8825,1,D,CP,ZP,F
14:18:50,ICBP,RG,8825,1,D,DH,ZP,F
14:18:48,ICBP,RG,8825,8,D,DH,PD,D
14:18:22,ICBP,RG,8825,5,D,DH,BK,F
14:18:22,ICBP,RG,8825,1,D,XC,BK,F
14:18:22,ICBP,RG,8825,4,D,YP,BK,F
14:18:22,ICBP,RG,8825,1,D,CC,BK,F
14:18:22,ICBP,RG,8825,1,D,SQ,BK,F
14:18:22,ICBP,RG,8825,1,D,PD,ZP,F
14:18:22,ICBP,RG,8825,17,D,CC,ZP,F
14:18:12,ICBP,RG,8825,17,D,CC,ZP,F
14:18:05,ICBP,RG,8825,16,D,CC,ZP,F
14:18:05,ICBP,RG,8825,1,D,XL,ZP,F
14:18:05,ICBP,RG,8825,1,D,XC,ZP,F
14:18:00,ICBP,RG,8825,1,D,PD,ZP,F
14:18:00,ICBP,RG,8825,10,D,CC,ZP,F
14:18:00,ICBP,RG,8825,2,D,DH,ZP,F
14:18:00,ICBP,RG,8825,5,D,CC,ZP,F
14:17:57,ICBP,RG,8850,8,D,OD,ZP,F
14:17:54,ICBP,RG,8825,1,D,XC,ZP,F
14:17:54,ICBP,RG,8825,2,D,NI,ZP,F
14:17:54,ICBP,RG,8825,1,D,GR,ZP,F
14:17:54,ICBP,RG,8825,9,D,CC,ZP,F
14:17:54,ICBP,RG,8825,1,D,YP,ZP,F
14:17:54,ICBP,RG,8825,1,D,YP,ZP,F
14:17:54,ICBP,RG,8825,1,D,YP,ZP,F
14:17:54,ICBP,RG,8825,25,D,YP,ZP,F
14:17:54,ICBP,RG,8825,1,D,CC,ZP,F
14:17:54,ICBP,RG,8825,1,D,XC,ZP,F
14:17:54,ICBP,RG,8825,8,D,XC,ZP,F
14:17:02,ICBP,RG,8850,1,D,YP,ZP,F
14:16:27,ICBP,RG,8850,2,F,CS,ZP,F
14:16:27,ICBP,RG,8850,3,F,CS,ZP,F
14:16:26,ICBP,RG,8850,1,D,PD,ZP,F
14:16:26,ICBP,RG,8850,1,F,CS,ZP,F
14:16:26,ICBP,RG,8850,1,F,CS,ZP,F
14:16:26,ICBP,RG,8850,51,D,CS,ZP,F
14:16:26,ICBP,RG,8850,23,D,CS,ZP,F
14:16:26,ICBP,RG,8850,6,D,OD,ZP,F
14:16:26,ICBP,RG,8850,1,D,CS,ZP,F
14:16:26,ICBP,RG,8850,1,F,KZ,ZP,F
14:16:26,ICBP,RG,8850,1,F,CS,ZP,F
14:16:26,ICBP,RG,8850,44,F,CS,ZP,F
14:16:26,ICBP,RG,8850,1,F,KZ,ZP,F
14:16:26,ICBP,RG,8850,1,D,CS,ZP,F
14:16:26,ICBP,RG,8850,12,D,PD,ZP,F
14:16:26,ICBP,RG,8850,45,F,ZP,ZP,F
14:16:26,ICBP,RG,8850,120,D,CS,ZP,F
14:16:26,ICBP,RG,8850,4,D,CS,ZP,F
14:16:26,ICBP,RG,8850,1,D,DX,ZP,F
14:16:26,ICBP,RG,8850,18,D,CS,ZP,F
14:16:17,ICBP,RG,8850,14,D,CS,ZP,F
14:16:17,ICBP,RG,8850,22,D,CS,ZP,F
14:16:00,ICBP,RG,8850,1,D,CS,CC,D
14:15:55,ICBP,RG,8850,9,D,CS,ZP,F
14:15:55,ICBP,RG,8850,1,F,KZ,ZP,F
14:15:55,ICBP,RG,8850,1,D,XC,ZP,F
14:15:55,ICBP,RG,8850,2,F,CS,ZP,F
14:15:55,ICBP,RG,8850,1,D,CS,ZP,F
14:15:55,ICBP,RG,8850,5,D,DR,ZP,F
14:15:55,ICBP,RG,8850,16,F,ZP,ZP,F
14:15:55,ICBP,RG,8875,8,D,OD,BK,F
14:15:12,ICBP,RG,8850,36,F,ZP,ZP,F
14:14:55,ICBP,RG,8875,2,D,OD,BK,F
14:14:53,ICBP,RG,8850,9,F,ZP,ZP,F
14:14:53,ICBP,RG,8850,1,D,CS,ZP,F
14:14:53,ICBP,RG,8850,24,F,CS,ZP,F
14:14:50,ICBP,RG,8850,34,F,CS,ZP,F
14:14:50,ICBP,RG,8850,1,F,CS,PD,D
14:14:37,ICBP,RG,8850,9,F,CS,BK,F
14:14:36,ICBP,RG,8875,2,D,MG,BK,F
14:14:00,ICBP,RG,8850,7,F,CS,ZP,F
14:14:00,ICBP,RG,8850,3,D,CC,ZP,F
14:14:00,ICBP,RG,8850,23,D,CS,ZP,F
14:13:55,ICBP,RG,8875,2,D,OD,BK,F
14:13:53,ICBP,RG,8875,3,D,CS,BK,F
14:13:52,ICBP,RG,8850,2,D,CS,ZP,F
14:13:52,ICBP,RG,8850,1,F,CS,ZP,F
14:13:52,ICBP,RG,8850,1,D,CC,ZP,F
14:13:52,ICBP,RG,8850,1,D,YP,ZP,F
14:13:52,ICBP,RG,8850,4,F,KZ,ZP,F
14:13:52,ICBP,RG,8850,3,F,CS,ZP,F
14:13:52,ICBP,RG,8850,1,F,KZ,ZP,F
14:13:52,ICBP,RG,8850,28,F,ZP,ZP,F
14:13:52,ICBP,RG,8850,2,D,YJ,ZP,F
14:13:00,ICBP,RG,8850,7,D,CS,ZP,F
14:13:00,ICBP,RG,8850,1,F,KZ,ZP,F
14:13:00,ICBP,RG,8850,10,D,PD,ZP,F
14:13:00,ICBP,RG,8850,1,D,CS,ZP,F
14:13:00,ICBP,RG,8850,2,D,PD,ZP,F
14:13:00,ICBP,RG,8850,15,D,PD,ZP,F
14:12:55,ICBP,RG,8875,1,D,OD,BK,F
14:12:33,ICBP,RG,8875,1,D,CS,BK,F
14:12:30,ICBP,RG,8850,33,D,PD,ZP,F
14:11:58,ICBP,RG,8850,2,D,PD,ZP,F
14:11:58,ICBP,RG,8850,10,D,CP,ZP,F
14:11:58,ICBP,RG,8850,14,D,CS,ZP,F
14:11:57,ICBP,RG,8875,2,D,OD,BK,F
14:11:55,ICBP,RG,8850,4,D,CS,ZP,F
14:11:55,ICBP,RG,8850,22,F,ZP,ZP,F
14:11:27,ICBP,RG,8875,1,D,CS,BK,F
14:11:25,ICBP,RG,8875,8,D,KK,BK,F
14:10:59,ICBP,RG,8875,2,D,OD,BK,F
14:10:48,ICBP,RG,8875,3,D,CS,BK,F
14:10:47,ICBP,RG,8875,16,D,CS,BK,F
14:10:47,ICBP,RG,8875,2,D,CS,CC,F
14:10:47,ICBP,RG,8875,1,D,CS,CC,F
14:10:47,ICBP,RG,8875,1,F,KZ,CC,F
14:10:47,ICBP,RG,8850,3,F,ZP,ZP,F
14:10:47,ICBP,RG,8850,3,F,CS,ZP,F
14:10:47,ICBP,RG,8850,11,D,LG,ZP,F
14:10:46,ICBP,RG,8875,240,F,CS,CC,F
14:10:46,ICBP,RG,8875,29,F,CS,CC,F
14:10:14,ICBP,RG,8875,3,D,XC,CC,F
14:10:14,ICBP,RG,8850,3,D,LG,BK,F
14:10:14,ICBP,RG,8850,15,F,CS,BK,F
14:10:11,ICBP,RG,8850,4,F,CS,ZP,F
14:10:11,ICBP,RG,8850,14,D,CS,ZP,F
14:10:01,ICBP,RG,8875,1,D,OD,CC,F
14:09:55,ICBP,RG,8875,1,F,KZ,CC,F
14:09:54,ICBP,RG,8875,11,D,XC,CC,F
14:09:01,ICBP,RG,8875,2,D,OD,CC,F
14:08:40,ICBP,RG,8850,15,D,CS,ZP,F
14:08:40,ICBP,RG,8850,2,F,CS,ZP,F
14:08:40,ICBP,RG,8850,1,F,KZ,ZP,F
14:08:40,ICBP,RG,8850,21,D,CS,ZP,F
14:08:40,ICBP,RG,8850,4,F,CS,ZP,F
14:08:39,ICBP,RG,8850,1,F,CS,XC,D
14:08:03,ICBP,RG,8850,8,F,CS,NI,D
14:07:59,ICBP,RG,8850,3,F,CS,HP,D
14:07:59,ICBP,RG,8850,3,D,PD,HP,D
14:07:59,ICBP,RG,8850,6,D,XC,HP,D
14:07:59,ICBP,RG,8850,1,F,KZ,HP,D
14:07:59,ICBP,RG,8850,10,D,KK,HP,D
14:07:59,ICBP,RG,8850,1,D,CS,HP,D
14:07:59,ICBP,RG,8875,1,D,OD,CC,F
14:07:51,ICBP,RG,8850,21,F,ZP,ZP,F
14:07:51,ICBP,RG,8850,10,D,DH,ZP,F
14:07:51,ICBP,RG,8850,1,F,KZ,ZP,F
14:07:51,ICBP,RG,8850,1,F,CS,ZP,F
14:07:51,ICBP,RG,8850,1,F,CS,ZP,F
14:07:51,ICBP,RG,8850,2,D,CP,ZP,F
14:07:32,ICBP,RG,8850,8,D,CP,BK,F
14:07:32,ICBP,RG,8850,1,D,CS,BK,F
14:07:32,ICBP,RG,8850,1,F,KZ,BK,F
14:07:32,ICBP,RG,8850,11,F,CS,BK,F
14:07:25,ICBP,RG,8850,4,F,CS,ZP,F
14:07:25,ICBP,RG,8850,4,D,XC,ZP,F
14:07:25,ICBP,RG,8850,16,D,CS,ZP,F
14:07:25,ICBP,RG,8850,10,D,AZ,ZP,F
14:07:25,ICBP,RG,8850,1,D,XC,ZP,F
14:07:01,ICBP,RG,8875,2,D,OD,CC,F
14:06:21,ICBP,RG,8850,4,D,XC,ZP,F
14:06:21,ICBP,RG,8850,1,F,CS,ZP,F
14:06:21,ICBP,RG,8850,1,F,CS,ZP,F
14:06:21,ICBP,RG,8850,19,D,CS,ZP,F
14:05:59,ICBP,RG,8875,2,D,OD,CC,F
14:05:50,ICBP,RG,8850,10,D,CS,ZP,F
14:05:50,ICBP,RG,8850,8,F,ZP,ZP,F
14:05:22,ICBP,RG,8850,18,F,ZP,ZP,F
14:05:07,ICBP,RG,8850,1,F,ZP,ZP,F
14:05:07,ICBP,RG,8850,16,F,CS,ZP,F
14:05:01,ICBP,RG,8850,16,F,CS,ZP,F
14:05:01,ICBP,RG,8850,1,D,PD,ZP,F
14:05:01,ICBP,RG,8875,1,D,OD,CC,F
14:04:45,ICBP,RG,8850,1,D,PD,PD,D
14:04:45,ICBP,RG,8850,1,F,KZ,PD,D
14:04:45,ICBP,RG,8850,1,F,KZ,PD,D
14:04:45,ICBP,RG,8850,7,D,CS,PD,D
14:04:41,ICBP,RG,8850,23,D,CS,BK,F
14:04:40,ICBP,RG,8875,1,F,KZ,CC,F
14:04:38,ICBP,RG,8850,6,D,CS,ZP,F
14:04:38,ICBP,RG,8850,3,F,CS,ZP,F
14:04:38,ICBP,RG,8850,1,F,CS,ZP,F
14:04:38,ICBP,RG,8850,1,D,CS,ZP,F
14:04:38,ICBP,RG,8850,1,D,CS,ZP,F
14:04:38,ICBP,RG,8850,19,D,CS,ZP,F
14:04:38,ICBP,RG,8850,1,D,CS,ZP,F
14:04:38,ICBP,RG,8850,1,D,CS,ZP,F
14:04:00,ICBP,RG,8875,1,D,CS,CC,F
14:03:59,ICBP,RG,8875,1,D,CS,CC,F
14:03:59,ICBP,RG,8875,1,D,CS,CC,F
14:03:59,ICBP,RG,8875,2,D,OD,CC,F
14:03:57,ICBP,RG,8850,10,D,CS,BK,F
14:03:47,ICBP,RG,8875,2,D,CS,CC,F
14:03:46,ICBP,RG,8850,1,F,KZ,ZP,F
14:03:46,ICBP,RG,8850,2,D,EP,ZP,F
14:03:46,ICBP,RG,8850,15,F,CS,ZP,F
14:03:46,ICBP,RG,8875,6,D,YP,CC,F
14:03:14,ICBP,RG,8850,12,F,CS,ZP,F
14:03:14,ICBP,RG,8850,1,F,KZ,ZP,F
14:03:14,ICBP,RG,8850,1,D,XC,ZP,F
14:03:14,ICBP,RG,8850,3,D,PD,ZP,F
14:03:10,ICBP,RG,8850,7,D,PD,ZP,F
14:03:10,ICBP,RG,8850,1,F,KZ,ZP,F
14:03:10,ICBP,RG,8850,10,F,ZP,ZP,F
14:03:05,ICBP,RG,8850,1,F,ZP,ZP,F
14:03:05,ICBP,RG,8850,4,D,XC,ZP,F
14:03:05,ICBP,RG,8850,1,F,KZ,ZP,F
14:03:05,ICBP,RG,8850,1,F,KZ,ZP,F
14:03:05,ICBP,RG,8850,6,D,YP,ZP,F
14:03:05,ICBP,RG,8850,5,D,PD,ZP,F
14:03:03,ICBP,RG,8850,1,D,PD,ZP,F
14:03:03,ICBP,RG,8850,1,F,KZ,ZP,F
14:03:03,ICBP,RG,8850,6,D,SQ,ZP,F
14:03:03,ICBP,RG,8850,1,F,KZ,ZP,F
14:03:03,ICBP,RG,8850,9,F,ZP,ZP,F
14:02:57,ICBP,RG,8875,2,D,OD,CC,F
14:02:37,ICBP,RG,8850,24,F,ZP,ZP,F
14:02:37,ICBP,RG,8850,1,D,AZ,ZP,F
14:02:37,ICBP,RG,8850,1,F,CS,ZP,F
14:02:37,ICBP,RG,8850,1,D,CS,ZP,F
14:02:37,ICBP,RG,8850,3,F,CS,ZP,F
14:02:37,ICBP,RG,8850,1,F,KZ,ZP,F
14:02:37,ICBP,RG,8850,2,D,XC,ZP,F
14:02:36,ICBP,RG,8850,2,D,XC,BK,F
14:02:36,ICBP,RG,8850,15,D,CS,BK,F
14:02:31,ICBP,RG,8875,20,D,PD,CC,F
14:02:25,ICBP,RG,8850,2,D,CS,ZP,F
14:02:15,ICBP,RG,8850,2,D,CS,ZP,F
14:02:15,ICBP,RG,8850,1,D,CS,ZP,F
14:02:15,ICBP,RG,8850,2,D,GR,ZP,F
14:02:15,ICBP,RG,8850,3,D,XL,ZP,F
14:02:15,ICBP,RG,8850,1,D,NI,ZP,F
14:02:15,ICBP,RG,8850,5,D,CS,ZP,F
14:02:15,ICBP,RG,8850,10,D,CS,ZP,F
14:02:15,ICBP,RG,8850,11,F,CS,ZP,F
14:01:53,ICBP,RG,8850,41,F,CS,ZP,F
14:01:53,ICBP,RG,8850,29,D,PD,ZP,F
14:01:53,ICBP,RG,8875,2,D,OD,CC,F
14:01:26,ICBP,RG,8850,1,D,PD,BK,F
14:01:26,ICBP,RG,8850,9,F,CS,BK,F
14:00:53,ICBP,RG,8875,1,D,OD,CC,F
14:00:28,ICBP,RG,8850,10,F,CS,NI,D
13:59:54,ICBP,RG,8875,2,D,OD,CC,F
13:59:29,ICBP,RG,8850,1,F,CS,SQ,D
13:58:54,ICBP,RG,8875,1,D,OD,CC,F
13:57:55,ICBP,RG,8850,1,F,CS,DR,F
13:57:52,ICBP,RG,8875,2,D,OD,CC,F
13:57:47,ICBP,RG,8850,2,D,CS,DR,F
13:57:46,ICBP,RG,8850,2,D,CS,ZP,F
13:57:46,ICBP,RG,8850,16,F,ZP,ZP,F
13:57:32,ICBP,RG,8850,1,F,ZP,DR,F
13:57:30,ICBP,RG,8850,1,F,ZP,DR,F
13:57:17,ICBP,RG,8850,17,F,ZP,ZP,F
13:57:02,ICBP,RG,8875,1,D,SQ,CC,F
13:57:00,ICBP,RG,8850,12,F,ZP,ZP,F
13:57:00,ICBP,RG,8850,5,D,CS,ZP,F
13:56:54,ICBP,RG,8875,2,D,OD,CC,F
13:56:51,ICBP,RG,8850,14,D,CS,ZP,F
13:56:51,ICBP,RG,8850,1,D,CS,ZP,F
13:56:51,ICBP,RG,8850,1,F,CS,ZP,F
13:56:51,ICBP,RG,8850,2,F,CS,ZP,F
13:56:51,ICBP,RG,8850,5,F,CS,ZP,F
13:56:51,ICBP,RG,8850,1,F,CS,ZP,F
13:56:51,ICBP,RG,8850,1,F,KZ,ZP,F
13:56:47,ICBP,RG,8850,5,D,YP,YP,D
13:56:47,ICBP,RG,8850,5,F,ZP,YP,D
13:56:46,ICBP,RG,8875,1,F,KZ,CC,F
13:56:37,ICBP,RG,8850,1,D,BQ,AG,D
13:56:31,ICBP,RG,8875,1,F,KZ,CC,F
13:56:30,ICBP,RG,8875,1,F,KZ,CC,F
13:56:30,ICBP,RG,8875,1,D,YP,CC,F
13:56:09,ICBP,RG,8850,1,D,XC,DR,F
13:55:52,ICBP,RG,8875,1,D,OD,CC,F
13:55:44,ICBP,RG,8850,9,D,XC,ZP,F
13:55:44,ICBP,RG,8850,3,D,PD,ZP,F
13:55:44,ICBP,RG,8850,5,D,CC,ZP,F
13:55:16,ICBP,RG,8850,17,D,CS,ZP,F
13:55:07,ICBP,RG,8850,17,D,CS,ZP,F
13:55:04,ICBP,RG,8850,9,D,CS,ZP,F
13:55:04,ICBP,RG,8850,1,D,CS,ZP,F
13:55:04,ICBP,RG,8850,7,D,SQ,ZP,F
13:55:04,ICBP,RG,8875,3,D,CS,CC,F
13:55:02,ICBP,RG,8850,18,D,SQ,ZP,F
13:54:50,ICBP,RG,8875,2,D,OD,CC,F
13:54:46,ICBP,RG,8875,4,D,CS,CC,F
13:54:46,ICBP,RG,8875,1,D,CS,CC,F
13:54:45,ICBP,RG,8850,50,D,SQ,ZP,F
13:53:50,ICBP,RG,8875,2,D,OD,CC,F
13:53:45,ICBP,RG,8850,9,D,SQ,CC,D
13:53:27,ICBP,RG,8850,16,D,SQ,ZP,F
13:52:29,ICBP,RG,8875,4,F,CS,DR,F
13:52:23,ICBP,RG,8850,7,D,CS,BK,F
13:52:23,ICBP,RG,8850,2,D,CS,BK,F
13:52:23,ICBP,RG,8850,1,D,CS,BK,F
13:52:21,ICBP,RG,8875,5,F,CS,DR,F
13:52:21,ICBP,RG,8875,16,F,CS,ZP,F
13:52:19,ICBP,RG,8875,1,F,CS,ZP,F
13:52:19,ICBP,RG,8850,17,D,CS,BK,F
13:52:19,ICBP,RG,8850,1,D,CS,BK,F
13:52:18,ICBP,RG,8900,4,F,CS,YP,D
13:52:18,ICBP,RG,8875,15,F,CS,ZP,F
13:52:18,ICBP,RG,8875,1,F,CS,ZP,F
13:52:18,ICBP,RG,8875,1,F,CS,ZP,F
13:52:18,ICBP,RG,8875,1,F,CS,ZP,F
13:52:18,ICBP,RG,8875,1,F,CS,ZP,F
13:52:17,ICBP,RG,8875,1,D,OD,AK,F
13:52:17,ICBP,RG,8875,1,F,CS,AK,F
13:52:17,ICBP,RG,8875,1,F,CS,AK,F
13:52:17,ICBP,RG,8875,16,F,CS,AK,F
13:52:17,ICBP,RG,8875,18,F,ZP,AK,F
13:52:17,ICBP,RG,8875,3,D,YP,AK,F
13:52:17,ICBP,RG,8875,1,D,YP,AK,F
13:52:17,ICBP,RG,8875,1,F,KZ,AK,F
13:52:17,ICBP,RG,8875,1,F,CS,AK,F
13:52:17,ICBP,RG,8875,1,D,NI,AK,F
13:52:17,ICBP,RG,8875,7,D,PD,AK,F
13:52:17,ICBP,RG,8875,3,F,CS,AK,F
13:52:17,ICBP,RG,8875,4,F,CS,AK,F
13:52:17,ICBP,RG,8875,1,F,ZP,AK,F
13:52:16,ICBP,RG,8875,1,F,ZP,NI,D
13:52:11,ICBP,RG,8875,1,F,ZP,PD,D
13:52:06,ICBP,RG,8875,13,F,ZP,BK,F
13:52:02,ICBP,RG,8875,16,F,ZP,ZP,F
13:52:00,ICBP,RG,8875,17,F,ZP,ZP,F
13:51:48,ICBP,RG,8900,2,D,OD,YP,D
13:51:32,ICBP,RG,8875,8,F,ZP,BK,F
13:51:31,ICBP,RG,8875,1,F,ZP,DR,F
13:51:30,ICBP,RG,8875,16,F,ZP,ZP,F
13:51:30,ICBP,RG,8875,2,F,CS,ZP,F
13:51:30,ICBP,RG,8875,1,F,CS,ZP,F
13:51:30,ICBP,RG,8875,7,D,GR,ZP,F
13:51:30,ICBP,RG,8875,2,D,GR,DR,F
13:51:16,ICBP,RG,8900,5,D,LG,YP,D
13:51:02,ICBP,RG,8875,1,D,GR,BK,F
13:51:02,ICBP,RG,8875,1,D,PD,BK,F
13:51:02,ICBP,RG,8875,7,F,CS,BK,F
13:51:00,ICBP,RG,8875,1,F,CS,ZP,F
13:51:00,ICBP,RG,8875,14,F,CS,ZP,F
13:51:00,ICBP,RG,8875,10,F,CS,ZP,F
13:50:46,ICBP,RG,8900,2,D,OD,YP,D
13:50:37,ICBP,RG,8875,3,F,CS,DR,F
13:50:30,ICBP,RG,8875,2,F,CS,ZP,F
13:50:30,ICBP,RG,8875,1,D,CS,ZP,F
13:50:30,ICBP,RG,8875,23,D,CS,ZP,F
13:49:48,ICBP,RG,8900,1,D,OD,YP,D
13:49:40,ICBP,RG,8875,16,D,CS,ZP,F
13:49:39,ICBP,RG,8900,1,D,CS,YP,D
13:49:37,ICBP,RG,8875,12,D,CS,ZP,F
13:49:37,ICBP,RG,8875,4,F,CS,ZP,F
13:49:03,ICBP,RG,8900,3,D,CS,YP,D
13:49:02,ICBP,RG,8875,4,F,KZ,ZP,F
13:49:02,ICBP,RG,8875,1,F,KZ,ZP,F
13:49:02,ICBP,RG,8875,1,F,KZ,ZP,F
13:49:02,ICBP,RG,8875,1,F,KZ,ZP,F
13:49:02,ICBP,RG,8875,1,F,CS,ZP,F
13:49:02,ICBP,RG,8875,3,F,KZ,ZP,F
13:49:02,ICBP,RG,8875,1,F,KZ,ZP,F
13:49:02,ICBP,RG,8875,1,F,KZ,ZP,F
13:49:02,ICBP,RG,8875,2,F,KZ,ZP,F
13:49:02,ICBP,RG,8875,1,F,CS,ZP,F
13:49:02,ICBP,RG,8875,1,F,CS,ZP,F
13:49:00,ICBP,RG,8900,2,D,CS,YP,D
13:49:00,ICBP,RG,8900,5,D,CS,YP,D
13:49:00,ICBP,RG,8875,17,F,ZP,ZP,F
13:48:55,ICBP,RG,8875,33,F,ZP,ZP,F
13:48:54,ICBP,RG,8900,1,D,CS,YP,D
13:48:48,ICBP,RG,8900,2,D,OD,YP,D
13:48:40,ICBP,RG,8875,3,F,ZP,DR,F
13:48:33,ICBP,RG,8900,5,D,CS,YP,D
13:48:30,ICBP,RG,8875,35,F,ZP,ZP,F
13:48:02,ICBP,RG,8900,1,D,CS,YP,D
13:48:02,ICBP,RG,8900,1,D,CS,YP,D
13:48:01,ICBP,RG,8900,1,D,CS,YP,D
13:48:01,ICBP,RG,8900,3,D,CS,YP,D
13:48:01,ICBP,RG,8900,1,D,CS,YP,D
13:48:00,ICBP,RG,8875,34,F,ZP,ZP,F
13:47:50,ICBP,RG,8900,1,D,CS,YP,D
13:47:49,ICBP,RG,8875,3,F,ZP,DR,F
13:47:48,ICBP,RG,8900,2,D,OD,YP,D
13:47:41,ICBP,RG,8900,1,D,CS,YP,D
13:47:40,ICBP,RG,8900,7,D,CS,YP,D
13:47:40,ICBP,RG,8900,7,D,YB,YP,D
13:47:38,ICBP,RG,8875,44,F,ZP,ZP,F
13:47:13,ICBP,RG,8900,1,D,XC,YP,D
13:46:51,ICBP,RG,8900,4,D,CS,YP,D
13:46:50,ICBP,RG,8900,1,D,OD,YP,D
13:46:50,ICBP,RG,8875,26,F,ZP,ZP,F
13:45:58,ICBP,RG,8875,2,F,ZP,DR,F
13:45:53,ICBP,RG,8900,1,D,CS,NI,D
13:45:52,ICBP,RG,8900,1,D,CS,PD,D
13:45:52,ICBP,RG,8900,1,D,CS,NI,D
13:45:52,ICBP,RG,8900,2,D,OD,NI,D
13:45:51,ICBP,RG,8875,17,F,ZP,ZP,F
13:45:02,ICBP,RG,8900,1,D,CS,NI,D
13:45:01,ICBP,RG,8875,3,F,ZP,DR,F
13:44:56,ICBP,RG,8900,1,D,CS,NI,D
13:44:56,ICBP,RG,8900,2,D,CS,CC,D
13:44:55,ICBP,RG,8875,17,F,ZP,ZP,F
13:44:50,ICBP,RG,8900,2,D,OD,CC,D
13:44:50,ICBP,RG,8900,1,D,OD,KK,D
13:44:46,ICBP,RG,8900,1,D,CS,CC,D
13:44:43,ICBP,RG,8875,5,F,ZP,PD,D
13:44:25,ICBP,RG,8900,2,D,CS,CC,D
13:44:25,ICBP,RG,8900,1,D,CS,XC,D
13:44:24,ICBP,RG,8875,18,F,ZP,ZP,F
13:43:51,ICBP,RG,8875,1,F,ZP,XC,D
13:43:23,ICBP,RG,8875,2,F,ZP,XC,D
13:43:23,ICBP,RG,8875,2,D,OD,XC,D
13:43:10,ICBP,RG,8850,2,D,YP,EP,D
13:42:48,ICBP,RG,8875,10,F,CS,CC,D
13:42:48,ICBP,RG,8875,1,F,CS,CC,D
13:42:48,ICBP,RG,8875,3,F,CS,XC,D
13:42:48,ICBP,RG,8875,2,F,CS,XC,D
13:42:48,ICBP,RG,8875,25,F,CS,YP,D
13:42:48,ICBP,RG,8875,1,F,CS,XC,D
13:42:48,ICBP,RG,8875,1,F,CS,XC,D
13:42:48,ICBP,RG,8875,1,F,CS,XC,D
13:42:48,ICBP,RG,8875,2,F,CS,PD,D
13:42:48,ICBP,RG,8875,2,F,CS,PD,D
13:42:48,ICBP,RG,8875,3,F,CS,SQ,D
13:42:48,ICBP,RG,8875,1,F,CS,PD,D
13:42:48,ICBP,RG,8875,1,F,CS,PD,D
13:42:48,ICBP,RG,8875,12,F,CS,DH,D
13:42:48,ICBP,RG,8875,1,F,CS,SQ,D
13:42:48,ICBP,RG,8875,2,F,CS,DH,D
13:42:48,ICBP,RG,8875,1,F,CS,XC,D
13:42:48,ICBP,RG,8875,59,F,CS,PD,D
13:42:48,ICBP,RG,8875,2,F,CS,DH,D
13:42:46,ICBP,RG,8850,11,D,YP,BK,F
13:42:46,ICBP,RG,8850,1,D,YP,XC,D
13:42:46,ICBP,RG,8850,3,D,YP,DR,F
13:42:46,ICBP,RG,8850,11,D,YP,BK,F
13:42:46,ICBP,RG,8850,2,D,YP,ZP,F
13:42:46,ICBP,RG,8850,1,D,YP,PD,D
13:42:46,ICBP,RG,8850,12,D,YP,BK,F
13:42:46,ICBP,RG,8850,12,D,YP,BK,F
13:42:46,ICBP,RG,8850,18,D,YP,XC,D
13:42:46,ICBP,RG,8850,30,D,YP,KK,D
13:42:46,ICBP,RG,8850,11,D,YP,BK,F
13:42:46,ICBP,RG,8850,11,D,YP,BK,F
13:42:46,ICBP,RG,8850,2,D,YP,YP,D
13:42:46,ICBP,RG,8850,11,D,YP,BK,F
13:42:46,ICBP,RG,8850,2,D,YP,GR,D
13:42:46,ICBP,RG,8850,12,D,YP,DH,D
13:42:46,ICBP,RG,8850,11,D,YP,BK,F
13:42:46,ICBP,RG,8850,20,D,YP,ZP,F
13:42:46,ICBP,RG,8850,4,D,YP,DR,F
13:42:46,ICBP,RG,8850,32,D,YP,ZP,F
13:42:46,ICBP,RG,8850,1,D,YP,ZP,F
13:42:46,ICBP,RG,8850,10,D,YP,BK,F
13:42:46,ICBP,RG,8850,33,D,YP,ZP,F
13:42:46,ICBP,RG,8850,41,D,YP,BK,F
13:42:46,ICBP,RG,8850,9,D,YP,BK,F
13:42:46,ICBP,RG,8850,356,D,YP,CC,F
13:42:46,ICBP,RG,8850,2,D,OD,CC,F
13:42:28,ICBP,RG,8850,63,F,ZP,CC,F
13:42:22,ICBP,RG,8825,17,D,XC,ZP,F
13:42:22,ICBP,RG,8825,6,D,YP,ZP,F
13:42:22,ICBP,RG,8825,1,D,PD,ZP,F
13:42:22,ICBP,RG,8825,1,D,PD,ZP,F
13:42:22,ICBP,RG,8825,1,D,PD,ZP,F
13:42:09,ICBP,RG,8850,50,D,DH,CC,F
13:41:53,ICBP,RG,8825,10,D,XC,ZP,F
13:41:53,ICBP,RG,8825,3,D,YP,ZP,F
13:41:53,ICBP,RG,8825,1,D,XC,ZP,F
13:41:53,ICBP,RG,8825,2,D,YP,ZP,F
13:41:53,ICBP,RG,8825,2,D,PD,ZP,F
13:41:53,ICBP,RG,8825,1,D,XL,ZP,F
13:41:53,ICBP,RG,8825,1,D,PD,ZP,F
13:41:53,ICBP,RG,8825,1,D,PD,ZP,F
13:41:53,ICBP,RG,8825,3,D,PD,ZP,F
13:41:53,ICBP,RG,8825,1,D,PD,ZP,F
13:41:52,ICBP,RG,8825,4,D,PD,PD,D
13:41:44,ICBP,RG,8850,3,D,OD,CC,F
13:41:27,ICBP,RG,8825,5,D,PD,BK,F
13:41:27,ICBP,RG,8825,5,D,HP,BK,F
13:41:22,ICBP,RG,8825,25,D,HP,ZP,F
13:41:22,ICBP,RG,8850,73,F,CS,CC,F
13:41:20,ICBP,RG,8850,67,D,CS,CC,F
13:41:02,ICBP,RG,8850,1,F,KZ,CC,F
13:41:02,ICBP,RG,8825,26,D,HP,ZP,F
13:41:02,ICBP,RG,8850,1,F,KZ,CC,F
13:41:01,ICBP,RG,8850,1,D,KK,CC,F
13:41:00,ICBP,RG,8825,41,D,HP,ZP,F
13:40:52,ICBP,RG,8850,1,F,KZ,CC,F
13:40:52,ICBP,RG,8850,1,F,KZ,CC,F
13:40:52,ICBP,RG,8850,1,F,KZ,CC,F
13:40:52,ICBP,RG,8850,1,F,KZ,CC,F
13:40:51,ICBP,RG,8825,2,D,HP,DR,F
13:40:49,ICBP,RG,8825,1,D,HP,DR,F
13:40:46,ICBP,RG,8850,2,D,OD,CC,F
13:40:28,ICBP,RG,8825,40,D,HP,ZP,F
13:40:21,ICBP,RG,8825,3,D,HP,DR,F
13:40:00,ICBP,RG,8850,1,D,YP,CC,F
13:39:48,ICBP,RG,8850,3,D,OD,CC,F
13:39:39,ICBP,RG,8825,25,D,HP,ZP,F
13:39:24,ICBP,RG,8825,6,D,HP,DH,D
13:39:17,ICBP,RG,8825,3,D,HP,PD,D
13:39:03,ICBP,RG,8825,24,D,HP,ZP,F
13:39:02,ICBP,RG,8825,10,D,HP,PD,D
13:38:51,ICBP,RG,8825,34,D,HP,ZP,F
13:38:50,ICBP,RG,8850,2,D,OD,CC,F
13:38:24,ICBP,RG,8825,34,D,HP,ZP,F
13:38:11,ICBP,RG,8850,1,D,XC,CC,F
13:38:04,ICBP,RG,8825,2,D,HP,DR,F
13:37:48,ICBP,RG,8850,3,D,OD,CC,F
13:37:33,ICBP,RG,8825,4,D,HP,DR,F
13:37:07,ICBP,RG,8850,1,D,CC,CC,F
13:36:52,ICBP,RG,8850,2,D,CC,CC,F
13:36:50,ICBP,RG,8850,1,F,KZ,CC,F
13:36:50,ICBP,RG,8850,1,F,KZ,CC,F
13:36:49,ICBP,RG,8850,2,F,KZ,CC,F
13:36:49,ICBP,RG,8850,1,F,KZ,CC,F
13:36:49,ICBP,RG,8850,1,F,KZ,CC,F
13:36:49,ICBP,RG,8850,1,F,KZ,CC,F
13:36:49,ICBP,RG,8825,1,D,PD,ZP,F
13:36:49,ICBP,RG,8825,1,D,PD,ZP,F
13:36:49,ICBP,RG,8825,10,D,YB,ZP,F
13:36:49,ICBP,RG,8825,5,D,BQ,ZP,F
13:36:49,ICBP,RG,8825,2,D,YP,ZP,F
13:36:49,ICBP,RG,8825,1,D,PD,ZP,F
13:36:49,ICBP,RG,8825,5,D,XC,ZP,F
13:36:49,ICBP,RG,8825,1,D,XC,ZP,F
13:36:49,ICBP,RG,8825,10,D,CP,ZP,F
13:36:49,ICBP,RG,8825,1,D,KK,ZP,F
13:36:49,ICBP,RG,8825,3,D,YP,ZP,F
13:36:49,ICBP,RG,8825,1,D,YP,ZP,F
13:36:49,ICBP,RG,8825,2,D,PD,ZP,F
13:36:48,ICBP,RG,8850,2,D,OD,CC,F
13:36:26,ICBP,RG,8825,1,D,XC,ZP,F
13:36:26,ICBP,RG,8825,1,D,AZ,ZP,F
13:36:26,ICBP,RG,8825,3,D,PD,ZP,F
13:36:26,ICBP,RG,8825,1,D,XC,ZP,F
13:36:26,ICBP,RG,8825,6,D,PD,ZP,F
13:36:26,ICBP,RG,8825,2,D,SQ,ZP,F
13:36:26,ICBP,RG,8825,12,D,PD,ZP,F
13:36:26,ICBP,RG,8825,1,D,NI,ZP,F
13:36:26,ICBP,RG,8825,1,D,XC,ZP,F
13:36:26,ICBP,RG,8825,2,D,BQ,ZP,F
13:36:26,ICBP,RG,8825,1,D,DX,ZP,F
13:36:26,ICBP,RG,8825,2,D,CC,ZP,F
13:36:26,ICBP,RG,8825,2,D,XC,ZP,F
13:36:26,ICBP,RG,8825,6,D,KK,ZP,F
13:35:56,ICBP,RG,8850,3,D,XC,CC,F
13:35:56,ICBP,RG,8825,4,D,KK,ZP,F
13:35:56,ICBP,RG,8825,1,D,PD,ZP,F
13:35:56,ICBP,RG,8825,1,D,YP,ZP,F
13:35:56,ICBP,RG,8825,4,D,YJ,ZP,F
13:35:56,ICBP,RG,8825,1,D,YP,ZP,F
13:35:56,ICBP,RG,8825,1,D,XC,ZP,F
13:35:56,ICBP,RG,8825,2,D,OD,ZP,F
13:35:56,ICBP,RG,8825,1,D,NI,ZP,F
13:35:56,ICBP,RG,8825,3,D,PD,ZP,F
13:35:56,ICBP,RG,8825,7,F,ZP,ZP,F
13:35:56,ICBP,RG,8825,5,D,AI,ZP,F
13:35:56,ICBP,RG,8825,3,D,XC,ZP,F
13:35:56,ICBP,RG,8825,16,D,YP,ZP,F
13:35:48,ICBP,RG,8850,2,D,OD,CC,F
13:35:37,ICBP,RG,8825,1,D,YP,SQ,D
13:35:25,ICBP,RG,8825,33,D,YP,ZP,F
13:35:25,ICBP,RG,8825,1,D,AI,ZP,F
13:35:25,ICBP,RG,8825,1,D,KK,ZP,F
13:35:25,ICBP,RG,8825,16,D,AZ,ZP,F
13:35:13,ICBP,RG,8825,1,D,AZ,DR,F
13:34:56,ICBP,RG,8825,3,D,AZ,ZP,F
13:34:56,ICBP,RG,8825,2,D,YP,ZP,F
13:34:56,ICBP,RG,8825,5,D,KK,ZP,F
13:34:56,ICBP,RG,8825,1,D,GR,ZP,F
13:34:56,ICBP,RG,8825,5,D,YP,ZP,F
13:34:56,ICBP,RG,8825,20,D,KK,ZP,F
13:34:56,ICBP,RG,8825,5,D,CC,ZP,F
13:34:56,ICBP,RG,8825,1,D,PD,ZP,F
13:34:56,ICBP,RG,8825,7,D,CS,ZP,F
13:34:50,ICBP,RG,8850,2,D,OD,CC,F
13:34:45,ICBP,RG,8825,1,D,CS,DR,F
13:34:30,ICBP,RG,8825,16,D,CS,ZP,F
13:34:30,ICBP,RG,8825,1,D,CS,ZP,F
13:34:30,ICBP,RG,8825,3,D,CS,ZP,F
13:34:30,ICBP,RG,8825,32,D,CS,ZP,F
13:33:50,ICBP,RG,8850,2,D,OD,CC,F
13:33:41,ICBP,RG,8825,44,D,CS,ZP,F
13:32:56,ICBP,RG,8825,21,D,CS,ZP,F
13:32:56,ICBP,RG,8825,1,D,SQ,ZP,F
13:32:56,ICBP,RG,8825,1,D,DH,ZP,F
13:32:56,ICBP,RG,8825,1,D,YP,ZP,F
13:32:56,ICBP,RG,8825,9,D,CP,ZP,F
13:32:50,ICBP,RG,8850,3,D,OD,CC,F
13:32:45,ICBP,RG,8825,10,D,CP,XC,D
13:32:41,ICBP,RG,8825,1,D,CP,XC,D
13:32:24,ICBP,RG,8850,3,D,YP,CC,F
13:32:24,ICBP,RG,8850,1,D,YP,DR,F
13:32:11,ICBP,RG,8850,4,D,YP,DR,F
13:31:43,ICBP,RG,8850,1,F,KZ,DR,F
13:31:42,ICBP,RG,8850,1,F,CS,ZP,F
13:31:42,ICBP,RG,8850,34,F,CS,ZP,F
13:31:40,ICBP,RG,8875,4,F,CS,BK,F
13:31:40,ICBP,RG,8875,1,F,CS,NI,D
13:31:40,ICBP,RG,8875,17,F,CS,ZP,F
13:31:40,ICBP,RG,8850,25,F,CS,ZP,F
13:31:40,ICBP,RG,8850,2,F,CS,ZP,F
13:31:40,ICBP,RG,8850,43,F,CS,NI,D
13:31:40,ICBP,RG,8850,42,F,ZP,NI,D
13:31:40,ICBP,RG,8850,4,D,CS,NI,D
13:31:40,ICBP,RG,8850,3,F,CS,NI,D
13:31:40,ICBP,RG,8850,1,D,CS,NI,D
13:31:40,ICBP,RG,8850,1,D,YP,NI,D
13:31:40,ICBP,RG,8850,2,D,OD,NI,D
13:31:40,ICBP,RG,8850,1,F,KZ,NI,D
13:31:40,ICBP,RG,8850,1,D,CS,NI,D
13:31:40,ICBP,RG,8850,2,F,CS,NI,D
13:31:29,ICBP,RG,8850,1,D,CS,ZP,F
13:31:29,ICBP,RG,8850,26,F,CS,ZP,F
13:31:29,ICBP,RG,8850,1,F,KZ,ZP,F
13:31:29,ICBP,RG,8850,1,D,CC,ZP,F
13:31:29,ICBP,RG,8850,2,D,YP,ZP,F
13:31:29,ICBP,RG,8850,4,D,YP,ZP,F
13:31:28,ICBP,RG,8850,2,D,YP,DR,F
13:31:06,ICBP,RG,8850,9,D,YP,ZP,F
13:31:06,ICBP,RG,8850,1,D,YP,ZP,F
13:31:06,ICBP,RG,8850,15,F,CS,ZP,F
13:31:06,ICBP,RG,8850,1,F,KZ,ZP,F
13:31:06,ICBP,RG,8850,1,D,PD,ZP,F
13:31:06,ICBP,RG,8850,1,D,PD,ZP,F
13:31:06,ICBP,RG,8850,2,D,YP,ZP,F
13:31:06,ICBP,RG,8850,1,D,PD,ZP,F
13:31:06,ICBP,RG,8850,3,D,AT,ZP,F
13:31:05,ICBP,RG,8850,5,D,AT,CC,D
13:31:00,ICBP,RG,8850,15,D,AT,ZP,F
13:31:00,ICBP,RG,8850,1,D,PD,ZP,F
13:31:00,ICBP,RG,8850,16,D,PD,ZP,F
13:30:54,ICBP,RG,8850,7,D,PD,ZP,F
13:30:54,ICBP,RG,8850,6,D,YB,ZP,F
13:30:54,ICBP,RG,8850,23,D,CS,ZP,F
13:30:54,ICBP,RG,8850,12,F,ZP,ZP,F
13:30:54,ICBP,RG,8850,1,F,CS,ZP,F
13:30:54,ICBP,RG,8850,2,F,CS,ZP,F
13:30:54,ICBP,RG,8850,1,D,CS,ZP,F
13:30:54,ICBP,RG,8850,1,D,XC,ZP,F
13:30:54,ICBP,RG,8850,31,F,ZP,ZP,F
13:30:54,ICBP,RG,8875,3,D,OD,ZP,F
13:30:15,ICBP,RG,8875,1,F,ZP,ZP,F
13:30:13,ICBP,RG,8875,5,D,CC,ZP,F
13:30:12,ICBP,RG,8875,1,D,CC,ZP,F
13:30:12,ICBP,RG,8875,5,D,CC,XC,D
13:30:12,ICBP,RG,8875,1,D,CC,YU,D
13:30:12,ICBP,RG,8875,7,D,CC,PD,D
13:30:12,ICBP,RG,8875,16,D,CC,GR,D
13:30:11,ICBP,RG,8875,9,D,NI,GR,D
13:30:11,ICBP,RG,8875,1,D,NI,PD,D
13:30:11,ICBP,RG,8875,20,D,NI,YP,D
13:30:10,ICBP,RG,8875,1,D,XC,YP,D
13:30:09,ICBP,RG,8875,4,D,CC,YP,D
13:30:09,ICBP,RG,8875,1,D,CC,CC,D
13:30:09,ICBP,RG,8875,1,D,CC,KK,D
13:30:09,ICBP,RG,8875,5,D,CC,KK,D
13:30:09,ICBP,RG,8875,1,D,YP,KK,D
13:30:07,ICBP,RG,8875,1,D,XC,KK,D
13:30:07,ICBP,RG,8850,8,F,ZP,PD,D
13:30:07,ICBP,RG,8875,1,D,XC,KK,D
13:30:06,ICBP,RG,8875,6,D,XC,KK,D
13:30:05,ICBP,RG,8875,2,D,DH,KK,D
13:30:05,ICBP,RG,8875,2,D,KK,KK,D
13:30:05,ICBP,RG,8875,9,D,SQ,KK,D
13:30:05,ICBP,RG,8875,1,D,SQ,LG,D
13:30:04,ICBP,RG,8875,7,D,PD,LG,D
13:30:04,ICBP,RG,8875,1,D,BQ,LG,D
13:30:04,ICBP,RG,8875,14,D,PD,LG,D
13:30:04,ICBP,RG,8875,1,D,XL,LG,D
13:30:04,ICBP,RG,8850,2,D,CC,DR,D
13:30:04,ICBP,RG,8850,28,F,CS,DR,D
13:30:04,ICBP,RG,8850,5,D,CS,DR,D
13:30:03,ICBP,RG,8875,28,D,PD,LG,D
13:30:03,ICBP,RG,8875,1,D,PD,LG,D
13:30:02,ICBP,RG,8875,1,D,SQ,LG,D
11:29:57,ICBP,RG,8875,12,D,OD,LG,D
11:29:48,ICBP,RG,8850,9,D,CS,BK,F
11:29:30,ICBP,RG,8850,2,D,CS,SQ,D
11:29:27,ICBP,RG,8875,1,F,KZ,LG,D
11:29:27,ICBP,RG,8850,11,D,CS,ZP,F
11:29:27,ICBP,RG,8850,1,F,KZ,ZP,F
11:29:27,ICBP,RG,8850,2,D,CC,ZP,F
11:29:27,ICBP,RG,8850,1,F,CS,ZP,F
11:29:27,ICBP,RG,8850,2,F,CS,ZP,F
11:29:27,ICBP,RG,8850,2,F,CS,ZP,F
11:29:05,ICBP,RG,8850,9,F,CS,BK,F
11:29:03,ICBP,RG,8875,11,D,OD,LG,D
11:28:55,ICBP,RG,8850,3,F,CS,ZP,F
11:28:55,ICBP,RG,8850,2,F,CS,ZP,F
11:28:55,ICBP,RG,8850,1,D,CS,ZP,F
11:28:55,ICBP,RG,8850,10,F,ZP,ZP,F
11:28:30,ICBP,RG,8875,1,D,PD,LG,D
11:28:23,ICBP,RG,8850,10,F,ZP,BK,F
11:28:05,ICBP,RG,8875,15,D,OD,LG,D
11:27:55,ICBP,RG,8850,17,F,ZP,ZP,F
11:27:47,ICBP,RG,8850,9,F,ZP,BK,F
11:27:25,ICBP,RG,8850,7,F,ZP,ZP,F
11:27:25,ICBP,RG,8850,2,D,IP,ZP,F
11:27:25,ICBP,RG,8850,7,D,CS,ZP,F
11:27:24,ICBP,RG,8850,8,D,CS,BK,F
11:27:03,ICBP,RG,8875,11,D,OD,LG,D
11:26:58,ICBP,RG,8850,6,D,CS,ZP,F
11:26:58,ICBP,RG,8850,10,F,CS,ZP,F
11:26:45,ICBP,RG,8850,8,F,CS,BK,F
11:26:30,ICBP,RG,8850,7,F,CS,ZP,D
11:26:30,ICBP,RG,8850,2,D,XC,ZP,D
11:26:30,ICBP,RG,8850,3,D,CS,ZP,D
11:26:30,ICBP,RG,8850,18,D,CS,ZP,D
11:26:26,ICBP,RG,8850,18,D,CS,ZP,F
11:26:08,ICBP,RG,8850,10,D,CS,BK,F
11:26:05,ICBP,RG,8875,13,D,OD,LG,D
11:26:00,ICBP,RG,8850,17,D,CS,ZP,F
11:25:43,ICBP,RG,8850,8,D,CS,BK,F
11:25:27,ICBP,RG,8850,5,D,CS,SQ,D
11:25:25,ICBP,RG,8850,18,D,CS,ZP,F
11:25:14,ICBP,RG,8850,3,D,CS,PD,D
11:25:14,ICBP,RG,8850,1,D,CS,PD,D
11:25:14,ICBP,RG,8850,6,D,YP,PD,D
11:25:08,ICBP,RG,8850,8,D,YP,BK,F
11:25:06,ICBP,RG,8850,14,D,YP,ZP,F
11:25:06,ICBP,RG,8850,2,D,CS,ZP,F
11:25:06,ICBP,RG,8850,1,D,AT,ZP,F
11:25:05,ICBP,RG,8875,12,D,OD,LG,D
11:25:00,ICBP,RG,8850,10,D,AT,ZP,F
11:25:00,ICBP,RG,8850,8,F,ZP,ZP,F
11:24:38,ICBP,RG,8850,9,F,ZP,BK,F
11:24:30,ICBP,RG,8850,24,F,ZP,ZP,F
11:24:30,ICBP,RG,8850,1,F,CS,ZP,F
11:24:30,ICBP,RG,8850,1,D,PD,ZP,F
11:24:05,ICBP,RG,8875,15,D,OD,LG,D
11:24:02,ICBP,RG,8850,1,D,BQ,BK,F
11:24:02,ICBP,RG,8850,2,D,CC,BK,F
11:24:02,ICBP,RG,8850,1,D,XC,BK,F
11:24:02,ICBP,RG,8850,2,F,CS,BK,F
11:24:02,ICBP,RG,8850,1,D,CS,BK,F
11:24:02,ICBP,RG,8850,1,F,CS,BK,F
11:24:02,ICBP,RG,8850,2,F,CS,BK,F
11:24:00,ICBP,RG,8850,26,F,CS,ZP,F
11:23:30,ICBP,RG,8850,26,F,CS,ZP,F
11:23:22,ICBP,RG,8850,5,F,CS,BK,F
11:23:22,ICBP,RG,8850,4,F,ZP,BK,F
11:23:19,ICBP,RG,8850,9,F,ZP,BK,F
11:23:07,ICBP,RG,8875,14,D,OD,LG,D
11:22:53,ICBP,RG,8850,8,F,ZP,BK,F
11:22:45,ICBP,RG,8850,7,F,ZP,ZP,F
11:22:45,ICBP,RG,8850,11,F,CS,ZP,F
11:22:42,ICBP,RG,8850,22,F,CS,XC,D
11:22:42,ICBP,RG,8850,18,D,CS,XC,D
11:22:39,ICBP,RG,8875,8,D,XC,LG,D
11:22:23,ICBP,RG,8850,8,D,CS,BK,F
11:22:23,ICBP,RG,8850,1,F,KZ,BK,F
11:22:05,ICBP,RG,8875,13,D,OD,LG,D
11:21:47,ICBP,RG,8850,1,D,XC,ZP,F
11:21:47,ICBP,RG,8850,4,D,CS,ZP,F
11:21:47,ICBP,RG,8850,11,F,ZP,ZP,F
11:21:47,ICBP,RG,8850,10,F,ZP,BK,F
11:21:04,ICBP,RG,8850,12,F,ZP,BK,F
11:21:01,ICBP,RG,8875,13,D,OD,LG,D
11:20:48,ICBP,RG,8850,18,F,ZP,ZP,F
11:20:24,ICBP,RG,8850,8,F,ZP,BK,F
11:20:16,ICBP,RG,8875,1,D,PD,LG,D
11:20:13,ICBP,RG,8850,1,F,ZP,ZP,F
11:20:03,ICBP,RG,8850,1,F,KZ,ZP,F
11:20:03,ICBP,RG,8850,15,D,CS,ZP,F
11:20:03,ICBP,RG,8875,6,D,OD,LG,D
11:20:03,ICBP,RG,8875,6,D,OD,LG,D
11:20:00,ICBP,RG,8850,8,D,CS,ZP,F
11:20:00,ICBP,RG,8850,1,D,CS,ZP,F
11:20:00,ICBP,RG,8850,8,D,CS,ZP,F
11:19:51,ICBP,RG,8850,10,D,CS,BK,F
11:19:30,ICBP,RG,8850,24,D,CS,ZP,F
11:19:03,ICBP,RG,8850,12,D,CS,BK,F
11:19:01,ICBP,RG,8875,15,D,OD,LG,D
11:18:08,ICBP,RG,8850,8,D,CS,BK,F
11:17:59,ICBP,RG,8875,12,D,OD,LG,D
11:17:42,ICBP,RG,8850,17,D,CS,ZP,F
11:17:38,ICBP,RG,8850,17,D,CS,ZP,F
11:16:59,ICBP,RG,8875,15,D,OD,LG,D
11:16:57,ICBP,RG,8850,12,D,CS,ZP,F
11:16:57,ICBP,RG,8850,5,D,CS,ZP,F
11:16:37,ICBP,RG,8850,1,F,CS,BK,F
11:16:37,ICBP,RG,8850,10,D,YP,BK,F
11:16:24,ICBP,RG,8850,17,D,YP,ZP,F
11:15:59,ICBP,RG,8850,18,D,YP,ZP,F
11:15:59,ICBP,RG,8875,13,D,OD,LG,D
11:15:25,ICBP,RG,8850,5,D,YP,BK,F
11:15:25,ICBP,RG,8850,1,F,KZ,BK,F
11:15:25,ICBP,RG,8850,2,D,XC,BK,F
11:15:18,ICBP,RG,8850,1,D,XC,BK,F
11:15:18,ICBP,RG,8850,1,D,KK,BK,F
11:15:18,ICBP,RG,8850,1,F,CS,BK,F
11:15:18,ICBP,RG,8850,1,F,CS,BK,F
11:15:18,ICBP,RG,8850,1,D,CS,BK,F
11:15:18,ICBP,RG,8850,3,D,CS,BK,F
11:15:18,ICBP,RG,8850,1,F,CS,BK,F
11:14:58,ICBP,RG,8875,7,D,OD,LG,D
11:14:33,ICBP,RG,8850,18,F,CS,ZP,F
11:14:30,ICBP,RG,8850,16,F,CS,ZP,F
11:14:18,ICBP,RG,8875,1,F,KZ,LG,D
11:14:18,ICBP,RG,8875,1,F,KZ,LG,D
11:14:07,ICBP,RG,8850,3,F,CS,XC,D
11:13:57,ICBP,RG,8850,8,F,CS,ZP,F
11:13:57,ICBP,RG,8850,9,F,ZP,ZP,F
11:13:56,ICBP,RG,8875,6,D,OD,LG,D
11:13:28,ICBP,RG,8850,12,F,ZP,ZP,F
11:13:28,ICBP,RG,8850,6,F,CS,ZP,F
11:13:27,ICBP,RG,8850,13,F,CS,BK,F
11:13:09,ICBP,RG,8875,10,D,PD,LG,D
11:12:56,ICBP,RG,8875,5,D,OD,LG,D
11:12:51,ICBP,RG,8850,10,D,SQ,ZP,F
11:12:51,ICBP,RG,8850,6,D,CS,ZP,F
11:12:05,ICBP,RG,8850,1,D,CS,ZP,F
11:12:00,ICBP,RG,8850,4,D,CS,ZP,F
11:12:00,ICBP,RG,8850,7,D,CS,ZP,F
11:12:00,ICBP,RG,8850,1,F,KZ,ZP,F
11:12:00,ICBP,RG,8850,1,D,CS,ZP,F
11:12:00,ICBP,RG,8850,4,F,ZP,ZP,F
11:11:57,ICBP,RG,8850,26,F,ZP,ZP,F
11:11:56,ICBP,RG,8875,6,D,OD,LG,D
11:11:24,ICBP,RG,8850,11,F,ZP,BK,F
11:11:24,ICBP,RG,8850,3,D,CS,BK,F
11:10:56,ICBP,RG,8875,7,D,OD,LG,D
11:10:42,ICBP,RG,8850,3,D,CS,ZP,F
11:10:42,ICBP,RG,8850,15,D,CS,ZP,F
11:10:26,ICBP,RG,8850,2,D,CS,YP,D
11:10:04,ICBP,RG,8850,16,D,CS,ZP,F
11:10:00,ICBP,RG,8850,17,D,CS,ZP,F
11:09:58,ICBP,RG,8875,5,D,OD,LG,D
11:09:57,ICBP,RG,8850,35,D,CS,ZP,F
11:09:33,ICBP,RG,8850,12,D,CS,BK,F
11:09:33,ICBP,RG,8850,1,D,CS,BK,F
11:08:58,ICBP,RG,8875,6,D,OD,LG,D
11:08:43,ICBP,RG,8850,2,D,CS,ZP,F
11:08:43,ICBP,RG,8850,2,F,CS,ZP,F
11:08:43,ICBP,RG,8850,1,D,CS,ZP,F
11:08:43,ICBP,RG,8850,5,D,NI,ZP,F
11:08:43,ICBP,RG,8850,1,F,KZ,ZP,F
11:08:43,ICBP,RG,8850,1,F,KZ,ZP,F
11:08:43,ICBP,RG,8850,1,F,CS,ZP,F
11:08:43,ICBP,RG,8850,4,F,CS,ZP,F
11:08:39,ICBP,RG,8850,16,F,CS,ZP,F
11:08:23,ICBP,RG,8875,2,D,SQ,LG,D
11:08:15,ICBP,RG,8875,1,F,KZ,LG,D
11:08:15,ICBP,RG,8875,1,F,KZ,LG,D
11:07:56,ICBP,RG,8875,8,D,OD,LG,D
11:07:23,ICBP,RG,8850,5,F,CS,YP,D
11:07:14,ICBP,RG,8850,2,F,CS,XC,D
11:07:11,ICBP,RG,8850,1,F,CS,ZP,F
11:07:02,ICBP,RG,8850,7,F,CS,ZP,F
11:07:02,ICBP,RG,8850,1,D,XC,ZP,F
11:07:02,ICBP,RG,8850,1,F,KZ,ZP,F
11:07:02,ICBP,RG,8850,7,F,ZP,ZP,F
11:07:00,ICBP,RG,8850,17,F,ZP,ZP,F
11:06:54,ICBP,RG,8875,5,D,OD,LG,D
11:06:49,ICBP,RG,8850,4,F,ZP,ZP,F
11:06:49,ICBP,RG,8850,3,D,YJ,ZP,F
11:06:49,ICBP,RG,8850,1,F,KZ,ZP,F
11:06:49,ICBP,RG,8850,1,D,PD,ZP,F
11:06:49,ICBP,RG,8850,15,D,CC,ZP,F
11:06:49,ICBP,RG,8850,1,F,KZ,ZP,F
11:06:49,ICBP,RG,8875,5,D,AZ,LG,D
11:05:52,ICBP,RG,8875,6,D,OD,LG,D
11:05:49,ICBP,RG,8850,1,F,KZ,ZP,F
11:05:49,ICBP,RG,8850,1,D,CS,ZP,F
11:05:49,ICBP,RG,8850,2,D,CS,ZP,F
11:05:49,ICBP,RG,8850,13,D,CS,ZP,F
11:05:36,ICBP,RG,8875,1,F,KZ,LG,D
11:05:19,ICBP,RG,8850,5,D,CS,ZP,F
11:05:19,ICBP,RG,8850,2,F,CS,ZP,F
11:05:19,ICBP,RG,8850,1,D,CS,ZP,F
11:05:19,ICBP,RG,8850,9,F,ZP,ZP,F
11:04:50,ICBP,RG,8875,6,D,OD,LG,D
11:04:47,ICBP,RG,8850,16,F,ZP,ZP,F
11:04:24,ICBP,RG,8875,1,F,KZ,LG,D
11:04:16,ICBP,RG,8850,18,F,ZP,ZP,F
11:03:54,ICBP,RG,8875,6,D,OD,LG,D
11:03:46,ICBP,RG,8850,17,F,ZP,ZP,F
11:03:24,ICBP,RG,8850,1,F,ZP,ZP,F
11:03:24,ICBP,RG,8850,1,F,KZ,ZP,F
11:03:24,ICBP,RG,8850,11,F,CS,ZP,F
11:03:24,ICBP,RG,8850,4,F,CS,ZP,F
11:02:52,ICBP,RG,8875,5,D,OD,LG,D
11:02:31,ICBP,RG,8850,1,F,CS,ZP,F
11:02:31,ICBP,RG,8850,11,F,CS,ZP,F
11:02:31,ICBP,RG,8850,6,F,CS,ZP,F
11:01:52,ICBP,RG,8875,6,D,OD,LG,D
11:01:44,ICBP,RG,8850,3,F,CS,ZP,F
11:01:44,ICBP,RG,8850,13,D,CS,ZP,F
11:01:40,ICBP,RG,8850,3,D,CS,ZP,F
11:01:40,ICBP,RG,8850,13,F,CS,ZP,F
11:01:05,ICBP,RG,8850,3,F,CS,OD,D
11:00:54,ICBP,RG,8875,6,D,OD,LG,D
11:00:09,ICBP,RG,8875,2,D,YJ,LG,D
11:00:04,ICBP,RG,8850,4,F,CS,ZP,F
11:00:04,ICBP,RG,8850,13,D,CC,ZP,F
11:00:02,ICBP,RG,8850,18,D,CC,ZP,F
11:00:00,ICBP,RG,8850,17,D,CC,ZP,F
10:59:58,ICBP,RG,8875,5,D,OD,LG,D
10:59:45,ICBP,RG,8850,40,D,CC,ZP,F
10:59:44,ICBP,RG,8850,1,D,CC,PD,D
10:59:23,ICBP,RG,8875,3,D,XC,LG,D
10:58:58,ICBP,RG,8875,7,D,OD,LG,D
10:58:31,ICBP,RG,8875,1,D,XC,LG,D
10:58:24,ICBP,RG,8850,11,D,CC,ZP,F
10:58:24,ICBP,RG,8850,2,D,KK,ZP,F
10:58:24,ICBP,RG,8850,4,D,PD,ZP,F
10:58:24,ICBP,RG,8850,1,F,KZ,ZP,F
10:58:22,ICBP,RG,8875,3,D,YP,LG,D
10:58:01,ICBP,RG,8875,1,D,XC,LG,D
10:57:56,ICBP,RG,8875,4,D,OD,LG,D
10:57:56,ICBP,RG,8875,1,D,OD,CC,D
10:57:56,ICBP,RG,8875,1,D,OD,BK,F
10:57:44,ICBP,RG,8850,12,D,CS,ZP,F
10:57:44,ICBP,RG,8850,1,D,CS,ZP,F
10:57:44,ICBP,RG,8850,1,F,CS,ZP,F
10:57:44,ICBP,RG,8850,2,F,CS,ZP,F
10:57:44,ICBP,RG,8850,2,D,CS,ZP,F
10:57:17,ICBP,RG,8850,5,D,CS,ZP,F
10:57:17,ICBP,RG,8850,13,F,CS,ZP,F
10:56:56,ICBP,RG,8875,5,D,OD,BK,F
10:56:47,ICBP,RG,8850,5,F,CS,ZP,F
10:56:47,ICBP,RG,8850,1,D,XC,ZP,F
10:56:47,ICBP,RG,8850,1,F,CS,ZP,F
10:56:47,ICBP,RG,8850,2,D,CS,ZP,F
10:56:47,ICBP,RG,8850,7,F,ZP,ZP,F
10:56:16,ICBP,RG,8850,17,F,ZP,ZP,F
10:56:02,ICBP,RG,8850,18,F,ZP,ZP,F
10:56:00,ICBP,RG,8850,14,F,ZP,ZP,F
10:56:00,ICBP,RG,8850,1,F,KZ,ZP,F
10:56:00,ICBP,RG,8850,1,F,KZ,ZP,F
10:56:00,ICBP,RG,8850,1,F,KZ,ZP,F
10:55:56,ICBP,RG,8875,5,D,OD,BK,F
10:55:56,ICBP,RG,8875,1,D,OD,YP,D
10:55:47,ICBP,RG,8850,1,F,KZ,NI,D
10:55:36,ICBP,RG,8850,1,F,KZ,ZP,F
10:55:36,ICBP,RG,8850,1,F,KZ,ZP,F
10:55:36,ICBP,RG,8850,1,F,KZ,ZP,F
10:55:36,ICBP,RG,8850,8,D,CS,ZP,F
10:55:36,ICBP,RG,8850,1,D,CS,ZP,F
10:55:36,ICBP,RG,8850,5,F,CS,ZP,F
10:55:36,ICBP,RG,8850,1,F,CS,ZP,F
10:55:36,ICBP,RG,8850,2,F,CS,ZP,F
10:55:36,ICBP,RG,8850,5,F,ZP,ZP,F
10:54:54,ICBP,RG,8875,1,D,OD,YP,D
10:54:54,ICBP,RG,8875,4,D,OD,BK,F
10:53:54,ICBP,RG,8875,7,D,OD,BK,F
10:53:32,ICBP,RG,8850,1,F,ZP,ZP,F
10:53:32,ICBP,RG,8850,25,F,ZP,ZP,F
10:53:32,ICBP,RG,8850,1,F,ZP,CC,D
10:53:32,ICBP,RG,8850,9,F,ZP,BK,F
10:53:32,ICBP,RG,8850,14,F,ZP,ZP,F
10:53:25,ICBP,RG,8850,2,D,YP,ZP,F
10:53:24,ICBP,RG,8850,1,D,CS,ZP,F
10:53:24,ICBP,RG,8850,2,D,CS,ZP,F
10:53:24,ICBP,RG,8850,9,D,CS,BK,F
10:53:24,ICBP,RG,8850,2,D,CS,PD,D
10:53:24,ICBP,RG,8850,17,D,CS,ZP,F
10:53:24,ICBP,RG,8850,9,D,CS,BK,F
10:53:24,ICBP,RG,8850,9,D,CS,BK,F
10:53:24,ICBP,RG,8850,76,D,CS,CS,F
10:53:24,ICBP,RG,8850,4,D,CS,CS,F
10:53:24,ICBP,RG,8850,1,D,CS,PD,D
10:53:04,ICBP,RG,8850,9,F,CS,BK,F
10:53:04,ICBP,RG,8850,1,F,CS,PD,D
10:53:04,ICBP,RG,8850,1,F,CS,ZP,F
10:53:04,ICBP,RG,8850,9,F,CS,BK,F
10:53:04,ICBP,RG,8850,9,F,CS,BK,F
10:53:04,ICBP,RG,8850,10,F,CS,BK,F
10:53:04,ICBP,RG,8850,27,F,CS,CC,F
10:53:04,ICBP,RG,8850,4,F,CS,PD,D
10:53:04,ICBP,RG,8850,7,F,CS,BK,F
10:53:04,ICBP,RG,8850,7,F,CS,BK,F
10:53:04,ICBP,RG,8850,9,F,CS,BK,F
10:53:04,ICBP,RG,8850,1,F,CS,YU,D
10:53:04,ICBP,RG,8850,4,F,CS,PD,D
10:52:52,ICBP,RG,8850,5,D,OD,PD,D
10:52:52,ICBP,RG,8850,1,D,OD,BK,F
10:52:41,ICBP,RG,8825,15,F,CS,ZP,F
10:52:41,ICBP,RG,8825,3,F,ZP,ZP,F
10:52:13,ICBP,RG,8850,4,D,PD,BK,F
10:52:10,ICBP,RG,8850,1,D,PD,BK,F
10:51:52,ICBP,RG,8850,4,D,OD,BK,F
10:51:52,ICBP,RG,8850,1,D,OD,XC,D
10:51:52,ICBP,RG,8850,1,D,OD,ZP,F
10:51:51,ICBP,RG,8850,2,D,PD,ZP,F
10:51:46,ICBP,RG,8850,2,D,YP,ZP,F
10:51:45,ICBP,RG,8850,1,F,KZ,ZP,F
10:51:45,ICBP,RG,8850,1,F,KZ,ZP,F
10:51:45,ICBP,RG,8850,1,F,KZ,ZP,F
10:51:24,ICBP,RG,8825,18,F,ZP,ZP,F
10:50:52,ICBP,RG,8850,5,D,OD,ZP,F
10:50:44,ICBP,RG,8825,16,F,ZP,ZP,F
10:50:11,ICBP,RG,8825,16,F,ZP,ZP,F
10:49:57,ICBP,RG,8850,1,F,KZ,ZP,F
10:49:57,ICBP,RG,8850,1,F,KZ,ZP,F
10:49:56,ICBP,RG,8850,11,D,PD,ZP,F
10:49:56,ICBP,RG,8850,1,D,PD,ZP,F
10:49:56,ICBP,RG,8850,25,D,PD,GR,D
10:49:56,ICBP,RG,8850,8,D,PD,LG,D
10:49:56,ICBP,RG,8850,7,D,PD,BK,F
10:49:50,ICBP,RG,8850,3,D,OD,BK,F
10:49:50,ICBP,RG,8850,4,D,OD,NI,D
10:49:22,ICBP,RG,8850,1,D,XC,NI,D
10:49:10,ICBP,RG,8825,13,F,ZP,BK,F
10:48:54,ICBP,RG,8850,5,D,OD,NI,D
10:48:26,ICBP,RG,8825,14,F,ZP,ZP,F
10:48:26,ICBP,RG,8825,5,D,CS,ZP,F
10:48:26,ICBP,RG,8825,1,D,CS,ZP,F
10:48:26,ICBP,RG,8825,4,D,XC,ZP,F
10:48:26,ICBP,RG,8825,1,F,KZ,ZP,F
10:48:26,ICBP,RG,8825,5,D,XC,ZP,F
10:48:26,ICBP,RG,8825,10,D,GR,ZP,F
10:48:26,ICBP,RG,8825,1,F,KZ,ZP,F
10:48:26,ICBP,RG,8825,5,D,DR,ZP,F
10:48:26,ICBP,RG,8825,1,D,PD,ZP,F
10:48:26,ICBP,RG,8825,29,F,CS,ZP,F
10:48:26,ICBP,RG,8825,2,F,CS,ZP,F
10:48:26,ICBP,RG,8825,5,D,PD,ZP,F
10:47:51,ICBP,RG,8850,1,F,KZ,CC,D
10:47:50,ICBP,RG,8850,4,D,OD,YP,D
10:47:50,ICBP,RG,8850,2,D,OD,BK,F
10:47:48,ICBP,RG,8825,4,F,CS,ZP,F
10:47:48,ICBP,RG,8825,1,F,KZ,ZP,F
10:47:48,ICBP,RG,8825,27,D,CS,ZP,F
10:47:48,ICBP,RG,8825,2,D,YP,ZP,F
10:47:48,ICBP,RG,8825,25,D,PD,ZP,F
10:47:34,ICBP,RG,8825,5,D,PD,BK,F
10:47:34,ICBP,RG,8825,2,D,LG,BK,F
10:47:34,ICBP,RG,8825,1,D,YU,BK,F
10:47:34,ICBP,RG,8825,1,D,PD,BK,F
10:47:10,ICBP,RG,8825,8,D,CS,BK,F
10:47:10,ICBP,RG,8825,1,F,KZ,BK,F
10:46:56,ICBP,RG,8825,1,F,CS,PD,D
10:46:50,ICBP,RG,8850,5,D,OD,BK,F
10:46:01,ICBP,RG,8850,1,D,PD,BK,F
10:46:00,ICBP,RG,8850,1,D,EP,BK,F
10:46:00,ICBP,RG,8850,1,D,EP,XC,D
10:45:57,ICBP,RG,8850,1,F,KZ,XC,D
10:45:56,ICBP,RG,8850,2,D,OD,XC,D
10:45:50,ICBP,RG,8850,2,D,OD,EP,D
10:45:50,ICBP,RG,8850,4,D,OD,ZP,F
10:45:33,ICBP,RG,8825,9,F,CS,ZP,F
10:45:33,ICBP,RG,8825,1,F,CS,ZP,F
10:45:33,ICBP,RG,8825,6,D,NI,ZP,F
10:45:24,ICBP,RG,8825,8,D,NI,BK,F
10:45:02,ICBP,RG,8825,17,D,NI,ZP,F
10:45:00,ICBP,RG,8825,17,D,NI,ZP,F
10:44:52,ICBP,RG,8850,8,D,OD,ZP,F
10:44:29,ICBP,RG,8825,26,D,NI,ZP,F
10:44:26,ICBP,RG,8825,1,D,NI,PD,D
10:43:54,ICBP,RG,8850,5,D,OD,ZP,F
10:43:54,ICBP,RG,8850,2,D,OD,BK,F
10:43:36,ICBP,RG,8850,1,D,YP,BK,F
10:43:15,ICBP,RG,8825,17,D,NI,ZP,F
10:42:52,ICBP,RG,8850,2,D,OD,BK,F
10:42:52,ICBP,RG,8850,1,D,OD,PD,D
10:42:52,ICBP,RG,8850,5,D,OD,BK,F
10:42:25,ICBP,RG,8850,1,D,YB,BK,F
10:42:07,ICBP,RG,8825,8,D,NI,ZP,F
10:42:07,ICBP,RG,8825,10,D,CS,ZP,F
10:41:54,ICBP,RG,8850,5,D,OD,BK,F
10:41:54,ICBP,RG,8850,3,D,OD,KK,D
10:41:49,ICBP,RG,8825,9,D,CS,BK,F
10:41:03,ICBP,RG,8825,2,D,CS,ZP,F
10:41:03,ICBP,RG,8825,3,D,IF,ZP,F
10:41:03,ICBP,RG,8825,2,D,YP,ZP,F
10:41:03,ICBP,RG,8825,1,D,CS,ZP,F
10:41:03,ICBP,RG,8825,9,F,ZP,ZP,F
10:40:58,ICBP,RG,8850,7,D,OD,KK,D
10:40:00,ICBP,RG,8825,17,F,ZP,ZP,F
10:39:59,ICBP,RG,8850,2,D,OD,KK,D
10:39:59,ICBP,RG,8850,6,D,OD,BK,F
10:39:54,ICBP,RG,8825,22,F,ZP,ZP,F
10:39:54,ICBP,RG,8825,4,F,CS,ZP,F
10:39:24,ICBP,RG,8825,21,F,CS,ZP,F
10:39:24,ICBP,RG,8825,4,D,CS,ZP,F
10:39:01,ICBP,RG,8825,1,D,CS,XC,D
10:38:59,ICBP,RG,8850,4,D,OD,BK,F
10:38:59,ICBP,RG,8850,3,D,OD,KK,D
10:38:36,ICBP,RG,8850,1,D,PD,KK,D
10:38:00,ICBP,RG,8825,11,D,CS,ZP,F
10:38:00,ICBP,RG,8825,5,D,CC,ZP,F
10:37:57,ICBP,RG,8850,1,F,KZ,BK,F
10:37:57,ICBP,RG,8850,6,D,OD,BK,F
10:37:42,ICBP,RG,8850,1,D,PD,BK,F
10:37:35,ICBP,RG,8825,12,D,CC,BK,F
10:37:00,ICBP,RG,8825,18,D,CC,ZP,F
10:36:56,ICBP,RG,8850,1,D,OD,BK,F
10:36:56,ICBP,RG,8850,8,D,OD,PD,D
10:36:09,ICBP,RG,8825,1,D,XC,BK,F
10:36:09,ICBP,RG,8825,1,D,YP,BK,F
10:36:09,ICBP,RG,8825,2,F,CS,BK,F
10:36:09,ICBP,RG,8825,1,D,CS,BK,F
10:36:09,ICBP,RG,8825,4,F,CS,BK,F
10:35:30,ICBP,RG,8825,7,F,CS,ZP,F
10:35:30,ICBP,RG,8825,6,D,OD,ZP,F
10:35:30,ICBP,RG,8825,1,F,KZ,ZP,F
10:35:30,ICBP,RG,8825,4,D,CS,ZP,F
10:35:12,ICBP,RG,8825,1,D,CS,ZP,F
10:35:07,ICBP,RG,8825,3,D,CS,ZP,F
10:35:07,ICBP,RG,8825,1,D,CS,ZP,F
10:35:07,ICBP,RG,8825,5,D,NI,ZP,F
10:35:07,ICBP,RG,8825,2,D,YP,ZP,F
10:35:07,ICBP,RG,8825,1,D,YP,ZP,F
10:35:07,ICBP,RG,8825,1,F,KZ,ZP,F
10:35:07,ICBP,RG,8825,3,F,CS,ZP,F
10:35:05,ICBP,RG,8825,17,F,CS,ZP,F
10:35:00,ICBP,RG,8825,1,F,CS,ZP,F
10:35:00,ICBP,RG,8825,7,D,GR,ZP,F
10:35:00,ICBP,RG,8825,3,D,XC,ZP,F
10:35:00,ICBP,RG,8825,2,D,YP,ZP,F
10:35:00,ICBP,RG,8825,4,D,CS,ZP,F
10:34:54,ICBP,RG,8825,25,D,CS,ZP,F
10:34:54,ICBP,RG,8825,1,F,KZ,ZP,F
10:34:54,ICBP,RG,8825,10,D,BQ,ZP,F
10:34:54,ICBP,RG,8825,4,F,ZP,ZP,F
10:34:54,ICBP,RG,8850,8,D,OD,PD,D
10:34:22,ICBP,RG,8825,13,F,ZP,BK,F
10:34:05,ICBP,RG,8850,10,D,YP,PD,D
10:34:02,ICBP,RG,8825,10,F,ZP,DR,D
10:33:57,ICBP,RG,8825,7,F,ZP,ZP,F
10:33:57,ICBP,RG,8825,3,D,NI,ZP,F
10:33:57,ICBP,RG,8825,1,D,DH,ZP,F
10:33:57,ICBP,RG,8825,1,F,KZ,ZP,F
10:33:57,ICBP,RG,8825,2,F,CS,ZP,F
10:33:57,ICBP,RG,8825,3,D,KK,ZP,F
10:33:56,ICBP,RG,8850,6,D,OD,PD,D
10:33:36,ICBP,RG,8825,16,D,KK,ZP,F
10:33:05,ICBP,RG,8825,6,D,KK,BK,F
10:33:05,ICBP,RG,8825,1,F,KZ,BK,F
10:33:05,ICBP,RG,8825,2,D,XC,BK,F
10:32:57,ICBP,RG,8825,8,D,XC,ZP,F
10:32:57,ICBP,RG,8825,1,D,XC,ZP,F
10:32:57,ICBP,RG,8825,7,F,CS,ZP,F
10:32:56,ICBP,RG,8850,9,D,OD,PD,D
10:32:50,ICBP,RG,8825,35,F,CS,YP,D
10:32:10,ICBP,RG,8825,5,F,CS,CC,D
10:31:59,ICBP,RG,8825,1,D,CS,ZP,F
10:31:59,ICBP,RG,8825,1,F,CS,ZP,F
10:31:59,ICBP,RG,8825,10,D,DR,ZP,F
10:31:59,ICBP,RG,8825,4,F,CS,ZP,F
10:31:59,ICBP,RG,8825,1,D,XC,ZP,F
10:31:58,ICBP,RG,8850,7,D,OD,PD,D
10:31:03,ICBP,RG,8850,2,D,KK,PD,D
10:31:03,ICBP,RG,8850,1,D,KK,CC,F
10:30:56,ICBP,RG,8850,8,D,OD,BK,F
10:30:53,ICBP,RG,8825,2,D,XC,ZP,F
10:30:53,ICBP,RG,8825,1,F,KZ,ZP,F
10:30:53,ICBP,RG,8825,10,D,OD,ZP,F
10:30:53,ICBP,RG,8825,3,F,ZP,ZP,F
10:30:35,ICBP,RG,8825,10,F,ZP,BK,F
10:29:59,ICBP,RG,8825,11,F,ZP,ZP,F
10:29:59,ICBP,RG,8825,2,D,CS,ZP,F
10:29:59,ICBP,RG,8825,3,F,CS,ZP,F
10:29:58,ICBP,RG,8850,1,D,OD,BK,F
10:29:58,ICBP,RG,8850,6,D,OD,BK,F
10:28:57,ICBP,RG,8825,8,F,CS,ZP,F
10:28:57,ICBP,RG,8825,8,D,OD,ZP,F
10:28:57,ICBP,RG,8825,4,D,CS,BK,F
10:28:57,ICBP,RG,8825,1,F,CS,BK,F
10:28:57,ICBP,RG,8825,5,D,XC,BK,F
10:28:57,ICBP,RG,8825,1,D,OD,BK,F
10:28:26,ICBP,RG,8825,1,D,OD,XC,D
10:27:53,ICBP,RG,8825,3,D,OD,ZP,F
10:27:53,ICBP,RG,8825,7,D,CS,ZP,F
10:27:53,ICBP,RG,8825,1,D,SQ,ZP,F
10:27:53,ICBP,RG,8825,4,F,CS,ZP,F
10:27:53,ICBP,RG,8825,2,D,OD,ZP,F
10:27:44,ICBP,RG,8825,7,D,OD,BK,F
10:27:44,ICBP,RG,8825,1,F,KZ,BK,F
10:27:44,ICBP,RG,8825,1,D,YP,BK,F
10:27:10,ICBP,RG,8825,1,D,YP,YP,D
10:27:02,ICBP,RG,8850,2,D,OD,BK,F
10:27:02,ICBP,RG,8850,3,D,OD,BK,F
10:26:55,ICBP,RG,8825,2,D,OD,ZP,F
10:26:55,ICBP,RG,8825,1,F,CS,ZP,F
10:26:55,ICBP,RG,8825,4,D,CS,ZP,F
10:26:55,ICBP,RG,8825,3,F,CS,ZP,F
10:26:55,ICBP,RG,8825,1,F,KZ,ZP,F
10:26:55,ICBP,RG,8825,5,D,NI,ZP,F
10:26:12,ICBP,RG,8850,1,D,DH,BK,F
10:26:02,ICBP,RG,8850,5,D,OD,BK,F
10:25:54,ICBP,RG,8825,4,D,OD,ZP,F
10:25:54,ICBP,RG,8825,1,F,KZ,ZP,F
10:25:54,ICBP,RG,8825,5,D,PD,ZP,F
10:25:54,ICBP,RG,8825,6,F,CS,ZP,F
10:25:50,ICBP,RG,8825,2,F,ZP,NI,D
10:25:02,ICBP,RG,8850,7,D,OD,BK,F
10:25:00,ICBP,RG,8825,8,F,ZP,ZP,F
10:25:00,ICBP,RG,8825,1,F,KZ,ZP,F
10:25:00,ICBP,RG,8825,1,F,CS,ZP,F
10:25:00,ICBP,RG,8825,1,D,BQ,ZP,F
10:25:00,ICBP,RG,8825,1,D,XC,ZP,F
10:25:00,ICBP,RG,8825,3,D,XC,ZP,F
10:25:00,ICBP,RG,8825,2,D,XC,ZP,F
10:24:09,ICBP,RG,8850,2,D,OD,BK,F
10:24:02,ICBP,RG,8825,5,D,OD,ZP,F
10:24:02,ICBP,RG,8825,1,F,KZ,ZP,F
10:24:02,ICBP,RG,8825,8,F,CS,ZP,F
10:24:02,ICBP,RG,8825,3,F,ZP,ZP,F
10:23:58,ICBP,RG,8825,17,F,ZP,ZP,F
10:23:44,ICBP,RG,8825,3,F,ZP,BK,F
10:23:44,ICBP,RG,8825,2,D,AT,BK,F
10:23:44,ICBP,RG,8825,1,F,CS,BK,F
10:23:44,ICBP,RG,8825,1,F,KZ,BK,F
10:23:44,ICBP,RG,8825,1,F,CS,BK,F
10:23:30,ICBP,RG,8825,4,F,CS,PD,D
10:23:30,ICBP,RG,8825,5,D,CC,PD,D
10:23:27,ICBP,RG,8825,5,D,CC,XC,D
10:23:10,ICBP,RG,8825,17,D,CC,ZP,F
10:23:06,ICBP,RG,8825,3,D,CC,ZP,F
10:23:06,ICBP,RG,8825,4,F,CS,ZP,F
10:23:06,ICBP,RG,8825,11,D,YP,ZP,F
10:23:06,ICBP,RG,8850,1,D,OD,BK,F
10:23:06,ICBP,RG,8850,6,D,OD,BK,F
10:22:50,ICBP,RG,8825,1,D,YP,BK,F
10:22:50,ICBP,RG,8825,2,F,CS,BK,F
10:22:50,ICBP,RG,8825,1,F,KZ,BK,F
10:22:50,ICBP,RG,8825,1,D,XC,BK,F
10:22:50,ICBP,RG,8825,5,D,CC,BK,F
10:22:50,ICBP,RG,8825,1,F,CS,BK,F
10:22:31,ICBP,RG,8825,1,F,ZP,YP,D
10:22:05,ICBP,RG,8825,1,F,ZP,NI,D
10:21:16,ICBP,RG,8825,16,F,ZP,ZP,F
10:21:16,ICBP,RG,8825,1,F,CS,ZP,F
10:21:15,ICBP,RG,8825,7,F,CS,ZP,F
10:21:15,ICBP,RG,8825,8,D,OD,ZP,F
10:21:15,ICBP,RG,8825,1,F,KZ,ZP,F
10:21:15,ICBP,RG,8825,1,D,XC,ZP,F
10:21:15,ICBP,RG,8825,1,F,CS,ZP,F
10:21:15,ICBP,RG,8825,3,F,CS,ZP,F
10:21:15,ICBP,RG,8825,1,F,CS,ZP,F
10:21:15,ICBP,RG,8825,4,F,ZP,ZP,F
10:21:08,ICBP,RG,8850,5,D,OD,BK,F
10:21:08,ICBP,RG,8850,3,D,OD,SQ,D
10:20:45,ICBP,RG,8825,10,F,ZP,BK,F
10:20:30,ICBP,RG,8825,16,F,ZP,ZP,F
10:19:55,ICBP,RG,8825,16,F,CS,ZP,F
10:19:55,ICBP,RG,8825,1,F,CS,ZP,F
10:19:55,ICBP,RG,8825,1,F,CS,PD,D
10:19:55,ICBP,RG,8825,1,F,CS,PD,D
10:19:55,ICBP,RG,8825,15,F,CS,PD,D
10:19:54,ICBP,RG,8825,1,F,CS,PD,D
10:19:54,ICBP,RG,8825,1,F,CS,PD,D
10:19:54,ICBP,RG,8825,2,F,CS,PD,D
10:19:54,ICBP,RG,8825,1,F,CS,PD,D
10:19:54,ICBP,RG,8825,2,F,CS,PD,D
10:19:54,ICBP,RG,8825,1,F,KZ,PD,D
10:19:54,ICBP,RG,8825,10,D,SQ,PD,D
10:19:54,ICBP,RG,8825,5,D,OD,PD,D
10:19:54,ICBP,RG,8825,2,D,OD,ZP,F
10:19:54,ICBP,RG,8825,2,D,YP,ZP,F
10:19:54,ICBP,RG,8825,1,F,KZ,ZP,F
10:19:54,ICBP,RG,8825,1,F,CS,ZP,F
10:19:54,ICBP,RG,8825,1,D,YP,ZP,F
10:19:54,ICBP,RG,8825,1,F,KZ,ZP,F
10:19:54,ICBP,RG,8825,1,D,PD,ZP,F
10:19:54,ICBP,RG,8825,5,F,CS,ZP,F
10:19:54,ICBP,RG,8825,2,D,YP,ZP,F
10:19:54,ICBP,RG,8825,9,F,CS,ZP,F
10:19:45,ICBP,RG,8825,1,F,CS,XC,D
10:19:45,ICBP,RG,8825,1,F,CS,ZP,F
10:19:30,ICBP,RG,8825,5,F,CS,ZP,F
10:19:30,ICBP,RG,8825,1,F,KZ,ZP,F
10:19:30,ICBP,RG,8825,6,D,CC,ZP,F
10:19:30,ICBP,RG,8825,1,F,CS,ZP,F
10:19:30,ICBP,RG,8825,10,D,PD,ZP,F
10:19:30,ICBP,RG,8825,1,D,YP,ZP,F
10:19:30,ICBP,RG,8825,1,D,PD,ZP,F
10:19:08,ICBP,RG,8850,7,D,OD,SQ,D
10:19:00,ICBP,RG,8825,1,D,PD,BK,F
10:19:00,ICBP,RG,8825,12,D,DR,BK,F
10:19:00,ICBP,RG,8825,33,D,DR,ZP,F
10:18:56,ICBP,RG,8825,15,D,DR,ZP,F
10:18:56,ICBP,RG,8825,1,D,YP,ZP,F
10:18:56,ICBP,RG,8825,1,D,XC,ZP,F
10:18:56,ICBP,RG,8825,6,D,LG,ZP,F
10:18:56,ICBP,RG,8825,1,F,CS,ZP,F
10:18:56,ICBP,RG,8825,1,F,CS,ZP,F
10:18:56,ICBP,RG,8825,9,F,ZP,ZP,F
10:18:08,ICBP,RG,8850,8,D,OD,SQ,D
10:17:51,ICBP,RG,8825,24,F,ZP,ZP,F
10:17:50,ICBP,RG,8825,9,F,ZP,BK,F
10:17:24,ICBP,RG,8825,25,F,ZP,ZP,F
10:17:16,ICBP,RG,8825,6,F,ZP,ZP,F
10:17:16,ICBP,RG,8825,19,F,CS,ZP,F
10:17:08,ICBP,RG,8850,6,D,OD,SQ,D
10:17:04,ICBP,RG,8825,25,F,CS,ZP,F
10:17:00,ICBP,RG,8825,3,F,CS,ZP,F
10:17:00,ICBP,RG,8825,20,D,SQ,ZP,F
10:17:00,ICBP,RG,8825,1,D,XC,ZP,F
10:17:00,ICBP,RG,8825,1,D,XA,ZP,F
10:16:53,ICBP,RG,8825,9,D,XA,ZP,F
10:16:53,ICBP,RG,8825,2,D,YP,ZP,F
10:16:53,ICBP,RG,8825,3,D,XC,ZP,F
10:16:53,ICBP,RG,8825,1,D,IF,ZP,F
10:16:53,ICBP,RG,8825,1,D,XC,ZP,F
10:16:53,ICBP,RG,8825,1,D,CC,ZP,F
10:16:53,ICBP,RG,8825,1,D,PD,ZP,F
10:16:53,ICBP,RG,8825,5,D,PD,ZP,F
10:16:53,ICBP,RG,8825,1,D,PD,ZP,F
10:16:53,ICBP,RG,8825,1,D,PD,ZP,F
10:16:53,ICBP,RG,8825,1,D,XC,ZP,F
10:16:53,ICBP,RG,8825,1,D,YP,ZP,F
10:16:53,ICBP,RG,8825,33,F,CS,ZP,F
10:16:53,ICBP,RG,8825,2,D,NI,ZP,F
10:16:53,ICBP,RG,8825,4,D,YP,ZP,F
10:16:40,ICBP,RG,8825,1,D,YP,BK,F
10:16:40,ICBP,RG,8825,3,D,PD,BK,F
10:16:40,ICBP,RG,8825,1,F,CS,BK,F
10:16:40,ICBP,RG,8825,1,F,CS,BK,F
10:16:40,ICBP,RG,8825,2,D,PD,BK,F
10:16:40,ICBP,RG,8825,1,D,PD,BK,F
10:16:17,ICBP,RG,8825,1,D,PD,YU,F
10:16:12,ICBP,RG,8850,5,D,OD,SQ,D
10:16:12,ICBP,RG,8850,4,D,OD,XC,D
10:15:57,ICBP,RG,8825,5,D,CC,YU,F
10:15:52,ICBP,RG,8825,26,D,CC,ZP,F
10:15:27,ICBP,RG,8825,4,D,CC,YU,F
10:15:21,ICBP,RG,8825,25,D,CC,ZP,F
10:15:14,ICBP,RG,8825,1,D,CC,YU,F
10:15:10,ICBP,RG,8850,6,D,OD,BK,F
10:15:08,ICBP,RG,8850,1,D,PD,BK,F
10:14:52,ICBP,RG,8825,5,D,CC,YU,F
10:14:51,ICBP,RG,8850,1,D,PD,BK,F
10:14:51,ICBP,RG,8825,7,D,CC,ZP,F
10:14:51,ICBP,RG,8825,1,D,XC,ZP,F
10:14:51,ICBP,RG,8825,10,D,SQ,ZP,F
10:14:51,ICBP,RG,8825,5,D,KK,ZP,F
10:14:51,ICBP,RG,8825,1,D,YP,ZP,F
10:14:51,ICBP,RG,8825,2,D,XC,ZP,F
10:14:22,ICBP,RG,8825,3,D,XC,YU,F
10:14:22,ICBP,RG,8825,1,D,SQ,YU,F
10:14:21,ICBP,RG,8825,1,D,XC,ZP,F
10:14:21,ICBP,RG,8825,23,D,PD,ZP,F
10:14:15,ICBP,RG,8825,1,D,PD,YU,F
10:14:08,ICBP,RG,8850,1,D,OD,BK,F
10:14:08,ICBP,RG,8850,1,D,OD,BK,F
10:14:08,ICBP,RG,8850,4,D,OD,BK,F
10:14:06,ICBP,RG,8825,1,D,PD,YU,F
10:14:06,ICBP,RG,8825,1,D,DR,YU,F
10:13:53,ICBP,RG,8825,1,F,CS,BK,F
10:13:53,ICBP,RG,8825,3,F,KZ,BK,F
10:13:53,ICBP,RG,8825,4,F,CS,BK,F
10:13:08,ICBP,RG,8825,1,F,CS,YU,F
10:13:06,ICBP,RG,8850,5,D,OD,BK,F
10:12:57,ICBP,RG,8825,5,F,CS,YU,F
10:12:54,ICBP,RG,8825,6,F,CS,XC,D
10:12:54,ICBP,RG,8825,1,F,CS,XC,D
10:12:54,ICBP,RG,8825,1,F,KZ,XC,D
10:12:54,ICBP,RG,8825,16,F,CS,XC,D
10:12:54,ICBP,RG,8825,2,D,YP,XC,D
10:12:53,ICBP,RG,8825,5,D,YP,YP,D
10:12:43,ICBP,RG,8825,3,D,YP,YU,F
10:12:41,ICBP,RG,8825,17,D,YP,ZP,F
10:12:40,ICBP,RG,8825,2,D,YP,YP,D
10:12:15,ICBP,RG,8825,2,D,YP,YU,F
10:12:10,ICBP,RG,8825,1,D,YP,YU,F
10:12:10,ICBP,RG,8825,10,D,YP,NI,D
10:12:04,ICBP,RG,8850,6,D,OD,ZP,F
10:11:54,ICBP,RG,8825,1,D,YP,NI,D
10:11:33,ICBP,RG,8825,3,D,YP,YU,F
10:11:31,ICBP,RG,8825,4,D,YP,BK,F
10:11:31,ICBP,RG,8825,9,F,CS,BK,F
10:11:31,ICBP,RG,8825,2,F,CS,YU,F
10:11:31,ICBP,RG,8825,1,D,YP,YU,F
10:11:30,ICBP,RG,8825,1,D,YP,YU,F
10:11:29,ICBP,RG,8825,3,D,YP,ZP,F
10:11:29,ICBP,RG,8825,1,D,PD,ZP,F
10:11:29,ICBP,RG,8825,13,D,PD,ZP,F
10:11:29,ICBP,RG,8825,9,D,PD,BK,F
10:11:05,ICBP,RG,8825,1,D,PD,YU,F
10:11:02,ICBP,RG,8850,7,D,OD,ZP,F
10:10:50,ICBP,RG,8825,16,D,PD,ZP,F
10:10:28,ICBP,RG,8825,8,D,PD,BK,F
10:10:09,ICBP,RG,8850,9,D,PD,ZP,F
10:09:59,ICBP,RG,8850,4,D,OD,ZP,F
10:09:56,ICBP,RG,8850,1,D,NI,ZP,F
10:09:29,ICBP,RG,8825,8,D,PD,BK,F
10:09:28,ICBP,RG,8825,16,D,PD,ZP,F
10:08:57,ICBP,RG,8850,8,D,OD,ZP,F
10:08:44,ICBP,RG,8825,17,D,PD,ZP,F
10:08:25,ICBP,RG,8825,1,D,PD,KK,D
10:07:58,ICBP,RG,8825,10,D,PD,XC,D
10:07:56,ICBP,RG,8825,11,D,PD,ZP,F
10:07:56,ICBP,RG,8825,5,F,CS,ZP,F
10:07:55,ICBP,RG,8850,5,D,OD,BK,F
10:07:53,ICBP,RG,8825,15,F,CS,ZP,F
10:07:53,ICBP,RG,8825,1,D,KK,ZP,F
10:07:53,ICBP,RG,8825,1,D,PD,ZP,F
10:07:39,ICBP,RG,8825,4,D,PD,BK,F
10:07:39,ICBP,RG,8825,1,D,PD,BK,F
10:07:39,ICBP,RG,8825,1,D,XC,BK,F
10:07:39,ICBP,RG,8825,1,D,PD,BK,F
10:07:39,ICBP,RG,8825,2,F,CS,BK,F
10:07:13,ICBP,RG,8825,11,F,CS,ZP,F
10:07:13,ICBP,RG,8825,1,D,PD,ZP,F
10:07:13,ICBP,RG,8825,2,D,XL,ZP,F
10:07:13,ICBP,RG,8825,1,D,PD,ZP,F
10:07:13,ICBP,RG,8825,2,D,XC,ZP,F
10:06:55,ICBP,RG,8850,5,D,OD,BK,F
10:06:47,ICBP,RG,8850,1,D,PD,BK,F
10:06:41,ICBP,RG,8850,1,D,XC,ZP,F
10:06:10,ICBP,RG,8850,1,D,XC,ZP,F
10:05:55,ICBP,RG,8850,5,D,OD,ZP,F
10:05:52,ICBP,RG,8825,1,D,PD,ZP,F
10:05:52,ICBP,RG,8825,1,D,PD,ZP,F
10:05:52,ICBP,RG,8825,1,F,KZ,ZP,F
10:05:52,ICBP,RG,8825,1,F,CS,ZP,F
10:05:52,ICBP,RG,8825,3,D,CC,ZP,F
10:05:52,ICBP,RG,8825,1,F,CS,ZP,F
10:05:52,ICBP,RG,8825,5,D,PD,ZP,F
10:05:52,ICBP,RG,8825,1,D,XC,ZP,F
10:05:52,ICBP,RG,8825,3,D,DH,ZP,F
10:05:44,ICBP,RG,8825,8,D,DH,BK,F
10:05:44,ICBP,RG,8825,1,D,CC,BK,F
10:05:21,ICBP,RG,8850,1,D,PD,ZP,F
10:05:16,ICBP,RG,8825,2,D,CC,ZP,F
10:05:16,ICBP,RG,8825,1,D,CC,ZP,F
10:05:16,ICBP,RG,8825,1,D,PD,ZP,F
10:05:16,ICBP,RG,8825,10,D,KK,ZP,F
10:05:16,ICBP,RG,8825,1,D,SQ,ZP,F
10:05:16,ICBP,RG,8825,1,D,YP,ZP,F
10:05:16,ICBP,RG,8825,1,D,XC,ZP,F
10:05:14,ICBP,RG,8825,5,D,SQ,CC,D
10:05:14,ICBP,RG,8825,3,D,OD,CC,D
10:05:03,ICBP,RG,8825,2,D,OD,NI,D
10:04:55,ICBP,RG,8850,6,D,OD,ZP,F
10:04:27,ICBP,RG,8825,1,D,OD,PD,D
10:04:12,ICBP,RG,8825,4,D,OD,YP,D
10:04:12,ICBP,RG,8825,20,D,CC,YP,D
10:04:12,ICBP,RG,8825,1,D,XC,YP,D
10:04:01,ICBP,RG,8850,2,D,YP,ZP,F
10:03:56,ICBP,RG,8825,25,D,GR,YP,D
10:03:56,ICBP,RG,8825,1,D,PD,YP,D
10:03:56,ICBP,RG,8825,15,D,YP,YP,D
10:03:56,ICBP,RG,8825,2,D,TF,YP,D
10:03:56,ICBP,RG,8825,10,D,YP,YP,D
10:03:56,ICBP,RG,8825,22,F,CS,YP,D
10:03:55,ICBP,RG,8850,6,D,OD,ZP,F
10:03:46,ICBP,RG,8850,1,D,XC,ZP,F
10:03:07,ICBP,RG,8850,1,D,PD,ZP,F
10:02:55,ICBP,RG,8850,7,D,OD,ZP,F
10:02:45,ICBP,RG,8825,8,F,CS,CC,D
10:02:45,ICBP,RG,8825,1,F,CS,CC,D
10:02:45,ICBP,RG,8825,9,F,CS,CC,D
10:02:45,ICBP,RG,8825,1,D,YP,CC,D
10:02:45,ICBP,RG,8825,1,D,GR,CC,D
10:02:45,ICBP,RG,8825,1,D,NI,CC,D
10:02:45,ICBP,RG,8825,10,F,CS,CC,D
10:02:45,ICBP,RG,8825,19,D,CC,CC,D
10:02:31,ICBP,RG,8825,17,D,CC,ZP,F
10:01:53,ICBP,RG,8850,2,D,OD,ZP,F
10:01:53,ICBP,RG,8850,4,D,OD,BK,F
10:01:46,ICBP,RG,8825,17,D,CC,ZP,F
10:01:18,ICBP,RG,8825,15,D,CC,BK,F
10:01:15,ICBP,RG,8825,17,D,CC,ZP,F
10:00:54,ICBP,RG,8825,10,D,CC,BK,F
10:00:51,ICBP,RG,8850,5,D,OD,BK,F
10:00:48,ICBP,RG,8825,28,D,CC,BK,F
10:00:46,ICBP,RG,8825,200,D,CC,NI,D
10:00:31,ICBP,RG,8825,16,D,CC,ZP,F
10:00:22,ICBP,RG,8825,11,D,CC,LG,D
10:00:22,ICBP,RG,8825,1,F,CS,LG,D
10:00:22,ICBP,RG,8825,1,D,XC,LG,D
10:00:22,ICBP,RG,8825,17,F,CS,LG,D
10:00:22,ICBP,RG,8825,2,D,XC,LG,D
10:00:22,ICBP,RG,8825,1,F,CS,LG,D
10:00:22,ICBP,RG,8825,2,D,PD,LG,D
10:00:22,ICBP,RG,8825,1,D,PD,LG,D
10:00:22,ICBP,RG,8825,1,D,XC,LG,D
10:00:22,ICBP,RG,8825,1,D,PD,LG,D
10:00:22,ICBP,RG,8825,1,D,XC,LG,D
10:00:22,ICBP,RG,8825,1,F,CS,LG,D
10:00:22,ICBP,RG,8825,5,F,CS,LG,D
10:00:22,ICBP,RG,8825,1,D,XC,LG,D
10:00:22,ICBP,RG,8825,1,F,CS,LG,D
10:00:22,ICBP,RG,8825,2,D,XC,LG,D
10:00:22,ICBP,RG,8825,9,F,CS,LG,D
10:00:22,ICBP,RG,8825,5,D,SQ,LG,D
10:00:22,ICBP,RG,8825,13,F,CS,LG,D
10:00:22,ICBP,RG,8825,5,D,NI,LG,D
10:00:22,ICBP,RG,8825,50,D,EP,LG,D
10:00:22,ICBP,RG,8825,19,F,CS,LG,D
10:00:22,ICBP,RG,8825,1,D,CC,LG,D
10:00:22,ICBP,RG,8825,1,D,OD,LG,D
10:00:22,ICBP,RG,8825,5,D,XC,LG,D
10:00:22,ICBP,RG,8825,10,F,CS,LG,D
10:00:22,ICBP,RG,8825,3,D,NI,LG,D
10:00:22,ICBP,RG,8825,5,D,PD,LG,D
10:00:22,ICBP,RG,8825,4,D,SQ,LG,D
10:00:22,ICBP,RG,8825,1,F,CS,LG,D
10:00:22,ICBP,RG,8825,16,F,CS,LG,D
10:00:22,ICBP,RG,8825,50,D,YP,LG,D
10:00:22,ICBP,RG,8825,4,D,XC,LG,D
10:00:22,ICBP,RG,8825,2,D,AT,LG,D
10:00:22,ICBP,RG,8825,1,D,XC,LG,D
10:00:22,ICBP,RG,8825,2,D,PD,LG,D
10:00:22,ICBP,RG,8825,21,F,CS,LG,D
10:00:22,ICBP,RG,8825,1,D,PD,LG,D
10:00:22,ICBP,RG,8825,1,D,XL,LG,D
10:00:22,ICBP,RG,8825,2,D,PD,LG,D
10:00:22,ICBP,RG,8825,2,F,CS,LG,D
10:00:22,ICBP,RG,8825,2,D,YP,LG,D
10:00:22,ICBP,RG,8825,5,D,PD,LG,D
10:00:22,ICBP,RG,8825,11,D,PD,LG,D
9:59:54,ICBP,RG,8825,14,D,PD,ZP,F
9:59:54,ICBP,RG,8825,3,D,PD,ZP,F
9:59:54,ICBP,RG,8850,1,F,CS,BK,F
9:59:54,ICBP,RG,8850,2,F,CS,BK,F
9:59:53,ICBP,RG,8850,8,F,CS,BK,F
9:59:53,ICBP,RG,8850,20,F,CS,GR,D
9:59:53,ICBP,RG,8850,9,F,CS,BK,F
9:59:53,ICBP,RG,8850,1,F,CS,ZP,F
9:59:53,ICBP,RG,8850,10,F,CS,BK,F
9:59:53,ICBP,RG,8850,2,F,CS,BK,F
9:59:53,ICBP,RG,8850,5,D,OD,BK,F
9:59:33,ICBP,RG,8825,2,D,PD,BK,F
9:59:33,ICBP,RG,8825,1,D,XC,BK,F
9:59:33,ICBP,RG,8825,5,D,DR,BK,F
9:59:33,ICBP,RG,8825,1,D,XC,BK,F
9:59:33,ICBP,RG,8825,2,D,CC,BK,F
9:59:27,ICBP,RG,8825,2,D,CC,AK,F
9:59:26,ICBP,RG,8825,1,D,CC,AK,F
9:59:26,ICBP,RG,8825,3,D,XC,AK,F
9:59:26,ICBP,RG,8825,1,D,YP,AK,F
9:59:26,ICBP,RG,8825,29,D,CC,AK,F
9:59:15,ICBP,RG,8825,17,D,CC,ZP,F
9:58:55,ICBP,RG,8850,5,D,OD,BK,F
9:58:31,ICBP,RG,8825,17,D,CC,ZP,F
9:57:57,ICBP,RG,8850,6,D,OD,BK,F
9:57:56,ICBP,RG,8825,24,D,CC,ZP,F
9:57:35,ICBP,RG,8825,6,D,CC,CC,D
9:57:27,ICBP,RG,8825,26,D,CC,ZP,F
9:57:09,ICBP,RG,8850,1,D,KK,BK,F
9:56:59,ICBP,RG,8850,7,D,OD,BK,F
9:56:55,ICBP,RG,8825,5,D,CC,CC,D
9:56:35,ICBP,RG,8825,16,D,CC,ZP,F
9:56:34,ICBP,RG,8850,1,D,XC,BK,F
9:56:25,ICBP,RG,8850,1,D,AZ,BK,F
9:56:22,ICBP,RG,8850,1,D,XA,BK,F
9:56:12,ICBP,RG,8850,1,D,YP,BK,F
9:55:59,ICBP,RG,8850,4,D,OD,BK,F
9:55:56,ICBP,RG,8825,1,D,CC,CC,D
9:55:32,ICBP,RG,8825,14,D,CC,ZP,F
9:55:32,ICBP,RG,8825,1,D,KK,ZP,F
9:55:32,ICBP,RG,8825,1,D,KK,ZP,F
9:55:32,ICBP,RG,8825,1,D,NI,ZP,F
9:55:08,ICBP,RG,8850,4,F,CS,BK,F
9:55:08,ICBP,RG,8850,60,F,CS,CC,F
9:55:08,ICBP,RG,8850,3,F,CS,PD,D
9:55:08,ICBP,RG,8850,8,F,CS,EP,D
9:55:08,ICBP,RG,8850,4,F,CS,BK,F
9:54:57,ICBP,RG,8850,5,D,OD,BK,F
9:54:57,ICBP,RG,8850,2,D,OD,BK,F
9:54:44,ICBP,RG,8825,1,D,RO,PD,D
9:54:44,ICBP,RG,8825,1,D,DR,PD,D
9:54:36,ICBP,RG,8850,1,D,PD,BK,F
9:54:36,ICBP,RG,8825,9,D,DR,ZP,F
9:54:36,ICBP,RG,8825,1,D,PD,ZP,F
9:54:36,ICBP,RG,8825,5,D,KK,ZP,F
9:54:36,ICBP,RG,8825,1,D,XC,ZP,F
9:54:36,ICBP,RG,8825,1,D,IP,ZP,F
9:53:57,ICBP,RG,8850,6,D,OD,BK,F
9:53:55,ICBP,RG,8825,2,D,IP,YP,D
9:53:45,ICBP,RG,8825,7,D,IP,ZP,F
9:53:45,ICBP,RG,8825,1,D,ZP,ZP,F
9:53:45,ICBP,RG,8825,9,D,YP,ZP,F
9:53:39,ICBP,RG,8850,1,D,PD,BK,F
9:53:19,ICBP,RG,8825,17,D,YP,ZP,F
9:53:08,ICBP,RG,8850,1,D,CC,BK,F
9:52:57,ICBP,RG,8850,6,D,OD,BK,F
9:52:30,ICBP,RG,8825,17,D,YP,ZP,F
9:52:02,ICBP,RG,8825,16,D,YP,ZP,F
9:52:00,ICBP,RG,8825,17,D,YP,ZP,F
9:51:58,ICBP,RG,8850,1,D,GR,BK,F
9:51:55,ICBP,RG,8850,5,D,OD,ZP,F
9:51:32,ICBP,RG,8850,10,D,EP,ZP,F
9:51:23,ICBP,RG,8850,1,F,CS,ZP,F
9:51:23,ICBP,RG,8850,2,F,CS,ZP,F
9:51:22,ICBP,RG,8850,16,F,CS,ZP,F
9:51:22,ICBP,RG,8850,5,F,CS,AK,F
9:51:22,ICBP,RG,8850,21,F,CS,BK,F
9:50:54,ICBP,RG,8850,6,D,OD,BK,F
9:50:42,ICBP,RG,8825,17,D,YP,ZP,F
9:50:18,ICBP,RG,8850,2,D,PD,BK,F
9:50:15,ICBP,RG,8825,7,D,YP,ZP,F
9:50:15,ICBP,RG,8825,3,D,PD,ZP,F
9:50:15,ICBP,RG,8825,1,D,OD,ZP,F
9:50:15,ICBP,RG,8825,1,D,CC,ZP,F
9:50:15,ICBP,RG,8825,1,D,XL,ZP,F
9:50:15,ICBP,RG,8825,3,D,PD,ZP,F
9:49:53,ICBP,RG,8850,6,D,OD,BK,F
9:49:32,ICBP,RG,8825,5,D,PD,AK,F
9:49:31,ICBP,RG,8825,2,D,PD,ZP,F
9:49:31,ICBP,RG,8825,1,D,PD,ZP,F
9:49:31,ICBP,RG,8825,1,D,YP,ZP,F
9:49:31,ICBP,RG,8825,1,D,PD,ZP,F
9:49:31,ICBP,RG,8825,2,D,PD,ZP,F
9:49:31,ICBP,RG,8825,10,D,CC,ZP,F
9:49:30,ICBP,RG,8850,1,D,PD,BK,F
9:49:25,ICBP,RG,8825,16,D,CC,ZP,F
9:48:51,ICBP,RG,8850,5,D,OD,BK,F
9:48:44,ICBP,RG,8850,10,D,SQ,BK,F
9:48:26,ICBP,RG,8825,17,D,CC,ZP,F
9:47:52,ICBP,RG,8850,1,D,OD,ZP,F
9:47:52,ICBP,RG,8850,5,D,OD,AK,F
9:47:28,ICBP,RG,8825,7,D,CC,ZP,F
9:47:28,ICBP,RG,8825,2,D,NI,ZP,F
9:47:28,ICBP,RG,8825,1,D,PD,ZP,F
9:47:28,ICBP,RG,8825,3,D,IP,ZP,F
9:47:28,ICBP,RG,8825,1,D,YP,ZP,F
9:47:28,ICBP,RG,8825,3,D,CC,ZP,F
9:47:22,ICBP,RG,8850,2,D,NI,AK,F
9:47:10,ICBP,RG,8850,8,F,CS,AK,F
9:47:10,ICBP,RG,8850,10,F,CS,BK,F
9:47:10,ICBP,RG,8850,30,F,CS,BK,F
9:46:54,ICBP,RG,8850,5,D,OD,BK,F
9:46:48,ICBP,RG,8825,2,D,CC,KK,D
9:46:48,ICBP,RG,8825,4,D,YP,KK,D
9:46:42,ICBP,RG,8825,1,D,YP,ZP,F
9:46:42,ICBP,RG,8825,3,D,AT,ZP,F
9:46:42,ICBP,RG,8825,2,D,DR,ZP,F
9:46:42,ICBP,RG,8825,1,D,XC,ZP,F
9:46:42,ICBP,RG,8825,3,D,YP,ZP,F
9:46:42,ICBP,RG,8825,5,D,YP,ZP,F
9:46:42,ICBP,RG,8825,2,D,CC,ZP,F
9:46:40,ICBP,RG,8850,25,D,CC,BK,F
9:46:15,ICBP,RG,8825,1,D,PD,AK,F
9:46:15,ICBP,RG,8825,14,D,PD,AK,F
9:46:14,ICBP,RG,8825,16,D,PD,ZP,F
9:45:54,ICBP,RG,8850,6,D,OD,BK,F
9:45:46,ICBP,RG,8850,3,D,CC,BK,F
9:45:28,ICBP,RG,8850,5,D,XC,BK,F
9:45:02,ICBP,RG,8825,18,D,PD,ZP,F
9:45:00,ICBP,RG,8825,2,D,PD,ZP,F
9:45:00,ICBP,RG,8825,1,D,KK,ZP,F
9:45:00,ICBP,RG,8825,1,D,XL,ZP,F
9:45:00,ICBP,RG,8825,13,D,YP,ZP,F
9:44:52,ICBP,RG,8850,2,D,OD,BK,F
9:44:52,ICBP,RG,8850,2,D,OD,CC,F
9:44:32,ICBP,RG,8850,10,D,YP,CC,F
9:44:29,ICBP,RG,8825,9,D,YP,ZP,F
9:44:29,ICBP,RG,8825,1,D,YP,ZP,F
9:44:29,ICBP,RG,8825,1,D,KK,ZP,F
9:44:29,ICBP,RG,8825,1,D,KK,ZP,F
9:44:29,ICBP,RG,8825,1,D,LG,ZP,F
9:44:29,ICBP,RG,8825,10,D,CC,ZP,F
9:44:29,ICBP,RG,8825,1,D,YP,ZP,F
9:44:29,ICBP,RG,8825,1,D,CC,ZP,F
9:43:52,ICBP,RG,8850,3,D,OD,CC,F
9:43:29,ICBP,RG,8850,5,D,YP,ZP,F
9:43:09,ICBP,RG,8850,10,D,CC,ZP,F
9:42:50,ICBP,RG,8850,1,D,OD,ZP,F
9:42:50,ICBP,RG,8850,4,D,OD,BK,F
9:42:38,ICBP,RG,8850,25,D,ZP,BK,F
9:42:38,ICBP,RG,8850,2,D,ZP,AK,F
9:42:38,ICBP,RG,8850,1,D,ZP,ZP,F
9:42:38,ICBP,RG,8850,2,D,ZP,AK,F
9:42:19,ICBP,RG,8850,128,D,CC,AK,F
9:42:19,ICBP,RG,8850,18,D,CC,ZP,F
9:42:19,ICBP,RG,8850,4,D,CC,YP,D
9:42:15,ICBP,RG,8850,18,F,CS,YP,D
9:42:14,ICBP,RG,8850,3,D,CC,YP,D
9:42:14,ICBP,RG,8850,2,D,CC,DR,D
9:42:14,ICBP,RG,8850,9,D,CC,BK,F
9:42:14,ICBP,RG,8850,1,D,CC,XC,D
9:42:14,ICBP,RG,8850,1,D,CC,PD,D
9:42:14,ICBP,RG,8850,30,D,CC,YP,D
9:42:14,ICBP,RG,8850,1,D,CC,ZP,F
9:42:14,ICBP,RG,8850,26,D,CC,ZP,F
9:42:14,ICBP,RG,8850,98,D,CC,BK,F
9:42:14,ICBP,RG,8850,8,D,CC,AK,F
9:42:14,ICBP,RG,8850,39,D,CC,BK,F
9:42:14,ICBP,RG,8850,3,D,CC,AK,F
9:42:14,ICBP,RG,8850,79,D,CC,BK,F
9:42:12,ICBP,RG,8825,1,D,CC,AK,F
9:42:12,ICBP,RG,8850,5,D,YP,BK,F
9:42:12,ICBP,RG,8850,4,D,XC,BK,F
9:41:54,ICBP,RG,8850,3,D,OD,BK,F
9:41:53,ICBP,RG,8825,1,D,CC,AK,F
9:41:52,ICBP,RG,8825,11,D,CC,YP,D
9:40:59,ICBP,RG,8825,6,D,CC,BK,F
9:40:59,ICBP,RG,8825,2,D,PD,BK,F
9:40:55,ICBP,RG,8825,1,D,PD,AK,F
9:40:54,ICBP,RG,8850,4,D,OD,BK,F
9:40:31,ICBP,RG,8850,3,D,KK,BK,F
9:40:31,ICBP,RG,8850,7,D,KK,ZP,F
9:40:16,ICBP,RG,8850,1,D,YP,ZP,F
9:40:14,ICBP,RG,8825,2,D,PD,AK,F
9:40:12,ICBP,RG,8825,1,D,NI,ZP,F
9:40:12,ICBP,RG,8825,1,D,CC,ZP,F
9:40:12,ICBP,RG,8825,1,D,DX,ZP,F
9:40:12,ICBP,RG,8825,2,D,AT,ZP,F
9:40:12,ICBP,RG,8825,1,D,YP,ZP,F
9:40:12,ICBP,RG,8825,1,D,XC,ZP,F
9:40:12,ICBP,RG,8825,2,D,PD,ZP,F
9:40:12,ICBP,RG,8825,6,D,SQ,ZP,F
9:40:12,ICBP,RG,8825,1,D,YP,ZP,F
9:40:00,ICBP,RG,8825,1,D,YP,AK,F
9:40:00,ICBP,RG,8825,17,D,YP,ZP,F
9:39:54,ICBP,RG,8850,3,D,OD,ZP,F
9:39:43,ICBP,RG,8825,2,D,YP,AK,F
9:39:42,ICBP,RG,8825,26,D,YP,ZP,F
9:39:15,ICBP,RG,8825,1,D,YP,AK,F
9:39:15,ICBP,RG,8825,2,D,YP,BK,F
9:39:15,ICBP,RG,8825,9,D,ES,BK,F
9:39:13,ICBP,RG,8850,2,D,AT,ZP,F
9:38:54,ICBP,RG,8850,5,D,OD,ZP,F
9:38:43,ICBP,RG,8825,2,D,ES,AK,F
9:38:42,ICBP,RG,8825,16,D,ES,ZP,F
9:38:12,ICBP,RG,8825,12,D,ES,BK,F
9:38:11,ICBP,RG,8825,2,D,ES,AK,F
9:38:10,ICBP,RG,8825,17,D,ES,ZP,F
9:38:10,ICBP,RG,8850,2,D,XC,ZP,F
9:38:00,ICBP,RG,8825,1,D,ES,AK,F
9:38:00,ICBP,RG,8825,17,D,ES,ZP,F
9:37:58,ICBP,RG,8850,3,D,XC,ZP,F
9:37:56,ICBP,RG,8825,1,D,ES,AK,F
9:37:55,ICBP,RG,8825,10,D,ES,BK,F
9:37:54,ICBP,RG,8850,3,D,OD,ZP,F
9:37:54,ICBP,RG,8850,1,D,OD,ZP,F
9:37:00,ICBP,RG,8825,2,D,ES,AK,F
9:36:59,ICBP,RG,8825,11,D,ES,BK,F
9:36:56,ICBP,RG,8825,8,D,ES,BK,F
9:36:56,ICBP,RG,8850,3,D,NI,BK,F
9:36:51,ICBP,RG,8825,16,D,ES,AK,F
9:36:50,ICBP,RG,8825,32,D,ES,BK,F
9:36:46,ICBP,RG,8850,8,F,CS,ZP,F
9:36:46,ICBP,RG,8850,1,F,CS,ZP,F
9:36:45,ICBP,RG,8850,6,F,CS,BK,F
9:36:45,ICBP,RG,8850,4,F,CS,BK,F
9:36:45,ICBP,RG,8850,2,F,CS,BK,F
9:36:45,ICBP,RG,8850,5,F,CS,ZP,F
9:36:45,ICBP,RG,8850,12,F,CS,ZP,F
9:36:45,ICBP,RG,8850,1,F,CS,ZP,F
9:36:45,ICBP,RG,8850,3,F,CS,AK,F
9:36:45,ICBP,RG,8850,4,F,CS,AK,F
9:36:45,ICBP,RG,8850,3,F,CS,AK,F
9:36:45,ICBP,RG,8850,3,F,CS,AK,F
9:36:44,ICBP,RG,8850,12,F,CS,ZP,F
9:36:44,ICBP,RG,8850,5,F,CS,ZP,F
9:36:44,ICBP,RG,8850,12,F,CS,HP,D
9:36:44,ICBP,RG,8850,1,F,CS,HP,D
9:36:44,ICBP,RG,8850,15,F,CS,HP,D
9:36:44,ICBP,RG,8850,15,F,CS,HP,D
9:36:44,ICBP,RG,8850,30,F,CS,HP,D
9:36:44,ICBP,RG,8850,1,F,CS,HP,D
9:36:44,ICBP,RG,8850,2,D,YP,HP,D
9:36:44,ICBP,RG,8850,18,F,CS,HP,D
9:36:44,ICBP,RG,8850,5,D,CC,HP,D
9:36:44,ICBP,RG,8850,30,F,CS,HP,D
9:36:44,ICBP,RG,8850,1,D,OD,HP,D
9:36:44,ICBP,RG,8850,4,D,OD,HP,D
9:36:44,ICBP,RG,8850,50,D,PD,HP,D
9:36:44,ICBP,RG,8850,1,F,CS,HP,D
9:36:44,ICBP,RG,8850,1,F,CS,HP,D
9:36:44,ICBP,RG,8850,3,D,AZ,HP,D
9:36:44,ICBP,RG,8850,30,D,PD,HP,D
9:36:44,ICBP,RG,8850,1,D,OD,HP,D
9:36:44,ICBP,RG,8850,3,D,NI,HP,D
9:36:44,ICBP,RG,8850,1,D,XC,HP,D
9:36:44,ICBP,RG,8850,10,D,XC,HP,D
9:36:44,ICBP,RG,8850,18,F,CS,HP,D
9:36:44,ICBP,RG,8850,1,D,XC,HP,D
9:36:44,ICBP,RG,8850,12,F,CS,HP,D
9:36:44,ICBP,RG,8850,35,D,CC,HP,D
9:36:36,ICBP,RG,8850,1,D,CC,AK,F
9:36:34,ICBP,RG,8850,12,D,CC,BK,F
9:36:15,ICBP,RG,8850,1,D,CC,AK,F
9:36:14,ICBP,RG,8850,1,D,CC,ZP,F
9:36:14,ICBP,RG,8850,2,D,KK,ZP,F
9:36:14,ICBP,RG,8850,1,D,YP,ZP,F
9:36:14,ICBP,RG,8850,1,D,CC,ZP,F
9:36:14,ICBP,RG,8850,6,F,CS,ZP,F
9:36:14,ICBP,RG,8850,5,F,CS,ZP,F
9:36:01,ICBP,RG,8850,1,F,CS,AK,F
9:36:00,ICBP,RG,8850,9,F,CS,PD,D
9:35:49,ICBP,RG,8875,3,D,OD,ZP,F
9:35:47,ICBP,RG,8850,1,D,XL,XC,D
9:35:39,ICBP,RG,8850,2,D,XL,ZP,F
9:35:39,ICBP,RG,8850,1,D,PD,ZP,F
9:35:39,ICBP,RG,8850,1,F,CS,ZP,F
9:35:39,ICBP,RG,8850,1,D,XC,ZP,F
9:35:39,ICBP,RG,8850,3,D,NI,ZP,F
9:35:39,ICBP,RG,8850,1,F,CS,ZP,F
9:35:39,ICBP,RG,8850,1,D,XC,ZP,F
9:35:39,ICBP,RG,8850,1,F,CS,ZP,F
9:35:39,ICBP,RG,8850,2,D,YP,ZP,F
9:35:39,ICBP,RG,8850,2,D,DH,ZP,F
9:35:39,ICBP,RG,8850,1,D,XC,ZP,F
9:35:39,ICBP,RG,8850,1,D,YP,ZP,F
9:35:26,ICBP,RG,8875,1,D,PD,ZP,F
9:35:22,ICBP,RG,8850,9,D,YP,BK,F
9:35:22,ICBP,RG,8850,1,D,YP,BK,F
9:35:16,ICBP,RG,8850,4,D,YP,ZP,F
9:35:16,ICBP,RG,8850,5,D,YP,ZP,F
9:35:16,ICBP,RG,8850,1,F,CS,ZP,F
9:35:16,ICBP,RG,8850,8,D,CC,ZP,F
9:34:52,ICBP,RG,8850,2,D,CC,XC,D
9:34:51,ICBP,RG,8875,4,D,OD,ZP,F
9:34:29,ICBP,RG,8850,5,D,CC,PD,D
9:34:14,ICBP,RG,8850,10,D,CC,BK,F
9:34:00,ICBP,RG,8850,2,D,CC,ZP,F
9:33:56,ICBP,RG,8850,16,D,CC,ZP,F
9:33:49,ICBP,RG,8875,3,D,OD,ZP,F
9:32:53,ICBP,RG,8850,12,D,CC,BK,F
9:32:51,ICBP,RG,8875,4,D,OD,ZP,F
9:32:24,ICBP,RG,8875,1,D,CC,ZP,F
9:31:53,ICBP,RG,8875,3,D,OD,ZP,F
9:31:49,ICBP,RG,8875,1,D,XC,ZP,F
9:31:39,ICBP,RG,8875,10,D,GR,ZP,F
9:31:38,ICBP,RG,8875,1,D,YP,ZP,F
9:31:22,ICBP,RG,8850,13,D,CC,BK,F
9:30:57,ICBP,RG,8875,1,D,PD,ZP,F
9:30:53,ICBP,RG,8875,4,D,OD,ZP,F
9:30:25,ICBP,RG,8850,9,D,CC,BK,F
9:30:19,ICBP,RG,8875,21,D,PD,ZP,F
9:30:19,ICBP,RG,8875,9,D,PD,ZP,F
9:30:06,ICBP,RG,8875,2,D,PD,ZP,F
9:30:02,ICBP,RG,8850,3,D,CC,CC,D
9:30:02,ICBP,RG,8850,1,D,EP,CC,D
9:30:02,ICBP,RG,8850,1,D,PD,CC,D
9:29:55,ICBP,RG,8875,4,D,OD,ZP,F
9:29:53,ICBP,RG,8850,1,D,PD,OD,D
9:29:40,ICBP,RG,8850,2,D,NI,ZP,F
9:29:40,ICBP,RG,8850,15,D,YP,ZP,F
9:29:20,ICBP,RG,8850,5,D,YP,BK,F
9:29:20,ICBP,RG,8850,4,F,CS,BK,F
9:29:13,ICBP,RG,8850,17,F,CS,ZP,F
9:28:55,ICBP,RG,8875,4,D,OD,ZP,F
9:28:41,ICBP,RG,8850,1,F,CS,ZP,F
9:28:41,ICBP,RG,8850,1,F,CS,ZP,F
9:28:41,ICBP,RG,8850,14,F,CS,ZP,F
9:28:10,ICBP,RG,8850,16,F,CS,ZP,F
9:28:00,ICBP,RG,8850,5,D,CC,ZP,F
9:28:00,ICBP,RG,8850,4,D,CC,ZP,F
9:28:00,ICBP,RG,8850,1,D,PD,ZP,F
9:28:00,ICBP,RG,8850,1,D,YP,ZP,F
9:28:00,ICBP,RG,8850,1,D,XC,ZP,F
9:28:00,ICBP,RG,8850,1,D,XC,ZP,F
9:28:00,ICBP,RG,8850,1,D,PD,ZP,F
9:28:00,ICBP,RG,8850,1,D,XC,ZP,F
9:28:00,ICBP,RG,8850,2,D,AZ,ZP,F
9:27:53,ICBP,RG,8875,3,D,OD,ZP,F
9:27:45,ICBP,RG,8850,5,D,DH,ZP,F
9:27:45,ICBP,RG,8850,5,D,CC,ZP,F
9:27:45,ICBP,RG,8850,1,F,CS,ZP,F
9:27:45,ICBP,RG,8850,5,D,PD,ZP,F
9:27:45,ICBP,RG,8850,10,F,CS,ZP,F
9:26:55,ICBP,RG,8875,4,D,OD,ZP,F
9:26:14,ICBP,RG,8875,12,D,NI,ZP,F
9:25:55,ICBP,RG,8875,4,D,OD,ZP,F
9:25:42,ICBP,RG,8850,6,F,CS,ZP,F
9:25:42,ICBP,RG,8850,11,D,PD,ZP,F
9:25:19,ICBP,RG,8850,5,D,PD,YP,D
9:24:58,ICBP,RG,8875,1,D,XC,ZP,F
9:24:57,ICBP,RG,8875,3,D,OD,ZP,F
9:24:48,ICBP,RG,8875,21,D,DH,ZP,F
9:24:48,ICBP,RG,8875,10,D,DH,BK,F
9:24:48,ICBP,RG,8875,9,D,DH,BK,F
9:24:41,ICBP,RG,8850,14,D,PD,ZP,F
9:24:41,ICBP,RG,8850,3,D,YP,ZP,F
9:24:35,ICBP,RG,8875,1,D,LG,BK,F
9:24:34,ICBP,RG,8875,1,D,DH,NI,D
9:24:34,ICBP,RG,8875,1,D,DH,ZP,F
9:24:34,ICBP,RG,8875,10,D,DH,YP,D
9:24:34,ICBP,RG,8875,10,D,DH,BK,F
9:24:34,ICBP,RG,8875,8,D,DH,BK,F
9:24:13,ICBP,RG,8850,7,D,YP,ZP,F
9:24:13,ICBP,RG,8850,10,D,XC,ZP,F
9:23:55,ICBP,RG,8875,5,D,OD,BK,F
9:23:46,ICBP,RG,8850,11,D,XC,CC,D
9:23:46,ICBP,RG,8850,8,D,YP,CC,D
9:23:46,ICBP,RG,8850,7,F,CS,CC,D
9:23:46,ICBP,RG,8850,30,F,CS,CC,D
9:23:46,ICBP,RG,8850,1,D,CC,CC,D
9:23:46,ICBP,RG,8850,3,D,PD,CC,D
9:23:21,ICBP,RG,8850,2,D,PD,XC,D
9:23:16,ICBP,RG,8850,1,D,YP,ZP,F
9:23:16,ICBP,RG,8850,1,D,XC,ZP,F
9:23:16,ICBP,RG,8850,1,D,XC,ZP,F
9:23:16,ICBP,RG,8850,1,F,CS,ZP,F
9:23:16,ICBP,RG,8850,7,F,CS,ZP,F
9:23:16,ICBP,RG,8850,5,D,NI,ZP,F
9:22:57,ICBP,RG,8875,2,D,OD,BK,F
9:22:53,ICBP,RG,8850,3,D,NI,FS,D
9:22:53,ICBP,RG,8850,2,D,YP,FS,D
9:22:38,ICBP,RG,8850,8,D,YP,ZP,F
9:22:38,ICBP,RG,8850,1,F,CS,ZP,F
9:22:38,ICBP,RG,8850,6,F,CS,ZP,F
9:22:38,ICBP,RG,8850,1,D,XL,ZP,F
9:22:36,ICBP,RG,8850,1,F,CS,XC,D
9:22:36,ICBP,RG,8850,3,F,CS,XC,D
9:22:08,ICBP,RG,8850,7,F,CS,ZP,F
9:22:08,ICBP,RG,8850,1,D,YP,ZP,F
9:22:08,ICBP,RG,8850,2,D,XC,ZP,F
9:22:08,ICBP,RG,8850,6,F,CS,ZP,F
9:22:08,ICBP,RG,8850,1,D,PD,ZP,F
9:21:57,ICBP,RG,8875,4,D,OD,BK,F
9:21:51,ICBP,RG,8875,25,D,PD,BK,F
9:21:51,ICBP,RG,8875,19,D,PD,AK,F
9:21:51,ICBP,RG,8875,10,D,PD,BK,F
9:21:51,ICBP,RG,8875,1,D,PD,ZP,F
9:21:51,ICBP,RG,8875,2,D,PD,NI,D
9:21:31,ICBP,RG,8850,2,D,PD,XC,D
9:21:22,ICBP,RG,8850,7,D,PD,ZP,F
9:21:22,ICBP,RG,8850,11,D,YU,ZP,F
9:20:59,ICBP,RG,8875,3,D,OD,NI,D
9:20:58,ICBP,RG,8850,2,D,YU,YP,D
9:20:35,ICBP,RG,8875,2,D,GR,YP,D
9:20:33,ICBP,RG,8875,1,D,KK,YP,D
9:20:16,ICBP,RG,8850,17,D,YU,ZP,F
9:20:10,ICBP,RG,8875,1,D,XC,YP,D
9:19:59,ICBP,RG,8875,1,D,OD,YP,D
9:19:59,ICBP,RG,8875,4,D,OD,AK,F
9:18:57,ICBP,RG,8875,1,D,OD,AK,F
9:18:57,ICBP,RG,8875,2,D,OD,ZP,F
9:18:38,ICBP,RG,8875,15,D,DH,ZP,F
9:18:38,ICBP,RG,8875,9,D,DH,BK,F
9:18:38,ICBP,RG,8875,6,D,DH,ZP,F
9:18:09,ICBP,RG,8850,2,D,YU,SQ,D
9:17:56,ICBP,RG,8850,1,D,YU,XC,D
9:17:55,ICBP,RG,8875,5,D,OD,ZP,F
9:17:53,ICBP,RG,8850,17,D,YU,ZP,F
9:17:32,ICBP,RG,8850,1,F,CS,HP,D
9:17:05,ICBP,RG,8850,9,F,CS,CC,D
9:17:05,ICBP,RG,8850,2,F,CS,CC,D
9:17:05,ICBP,RG,8850,5,F,YP,CC,D
9:17:05,ICBP,RG,8850,4,F,CS,CC,D
9:16:57,ICBP,RG,8850,9,F,CS,ZP,F
9:16:57,ICBP,RG,8850,8,D,YP,ZP,F
9:16:57,ICBP,RG,8875,2,D,OD,ZP,F
9:16:38,ICBP,RG,8850,5,D,YP,NI,D
9:16:31,ICBP,RG,8875,1,D,XL,ZP,F
9:16:12,ICBP,RG,8875,3,D,HP,ZP,F
9:16:12,ICBP,RG,8875,1,D,HP,AK,F
9:16:12,ICBP,RG,8875,2,D,HP,BK,F
9:16:04,ICBP,RG,8850,7,D,YP,ZP,F
9:16:04,ICBP,RG,8850,1,D,DH,ZP,F
9:16:04,ICBP,RG,8850,8,D,KK,ZP,F
9:16:00,ICBP,RG,8850,17,D,KK,ZP,F
9:15:59,ICBP,RG,8850,3,D,DR,SQ,D
9:15:59,ICBP,RG,8850,10,D,CC,SQ,D
9:15:59,ICBP,RG,8850,1,F,CS,SQ,D
9:15:59,ICBP,RG,8850,1,F,CS,SQ,D
9:15:59,ICBP,RG,8850,21,F,CS,SQ,D
9:15:59,ICBP,RG,8850,9,F,CS,SQ,D
9:15:59,ICBP,RG,8850,5,D,YP,SQ,D
9:15:40,ICBP,RG,8850,24,D,YP,ZP,F
9:15:10,ICBP,RG,8850,1,D,YP,ZP,F
9:15:10,ICBP,RG,8850,3,D,OD,ZP,F
9:15:10,ICBP,RG,8850,10,D,YP,ZP,F
9:15:10,ICBP,RG,8850,2,D,PD,ZP,F
9:15:10,ICBP,RG,8850,3,F,CS,ZP,F
9:15:10,ICBP,RG,8850,3,F,CS,ZP,F
9:15:10,ICBP,RG,8850,4,F,CS,ZP,F
9:14:57,ICBP,RG,8875,3,D,OD,BK,F
9:14:41,ICBP,RG,8850,2,D,OD,ZP,F
9:14:41,ICBP,RG,8850,2,D,PS,ZP,F
9:14:41,ICBP,RG,8850,10,D,PD,ZP,F
9:14:41,ICBP,RG,8850,1,F,CS,ZP,F
9:14:41,ICBP,RG,8850,5,D,PD,ZP,F
9:14:41,ICBP,RG,8850,2,D,XC,ZP,F
9:14:41,ICBP,RG,8850,1,F,CS,ZP,F
9:14:41,ICBP,RG,8850,1,F,CS,ZP,F
9:14:41,ICBP,RG,8875,5,D,YP,BK,F
9:13:59,ICBP,RG,8875,1,D,OD,AK,F
9:13:59,ICBP,RG,8875,4,D,OD,XC,D
9:13:30,ICBP,RG,8850,1,D,XC,DH,D
9:13:22,ICBP,RG,8850,1,D,XC,AK,F
9:13:17,ICBP,RG,8850,1,F,CS,AK,F
9:13:16,ICBP,RG,8875,3,F,CS,XC,D
9:13:16,ICBP,RG,8875,2,F,CS,DR,D
9:13:16,ICBP,RG,8850,6,F,CS,KK,D
9:13:15,ICBP,RG,8825,10,D,ES,XC,D
9:13:13,ICBP,RG,8875,2,F,CS,XC,D
9:13:13,ICBP,RG,8850,2,F,CS,BK,F
9:13:12,ICBP,RG,8850,7,F,AK,BK,F
9:13:12,ICBP,RG,8850,1,F,AK,AK,F
9:13:12,ICBP,RG,8850,9,F,AK,AK,F
9:13:12,ICBP,RG,8850,8,F,CS,AK,F
9:13:11,ICBP,RG,8850,68,F,AK,BK,F
9:13:11,ICBP,RG,8850,27,F,BK,BK,F
9:13:11,ICBP,RG,8850,2,F,BK,AK,F
9:13:11,ICBP,RG,8850,8,F,BK,AK,F
9:13:11,ICBP,RG,8850,45,F,BK,BK,F
9:13:11,ICBP,RG,8850,14,F,BK,ZP,F
9:13:11,ICBP,RG,8850,4,F,BK,ZP,F
9:13:11,ICBP,RG,8850,2,D,CC,ZP,F
9:13:03,ICBP,RG,8850,3,D,XL,ZP,F
9:13:01,ICBP,RG,8850,7,D,OD,ZP,F
9:12:57,ICBP,RG,8825,9,D,ES,BK,F
9:12:56,ICBP,RG,8825,17,D,ES,ZP,F
9:12:48,ICBP,RG,8825,5,D,ES,XC,D
9:12:42,ICBP,RG,8850,1,D,XC,ZP,F
9:12:28,ICBP,RG,8850,1,F,CS,AK,F
9:12:28,ICBP,RG,8850,6,F,CS,AK,F
9:12:28,ICBP,RG,8850,43,F,CS,YP,D
9:12:27,ICBP,RG,8850,47,F,CS,YP,D
9:12:27,ICBP,RG,8825,3,D,ES,AK,F
9:12:27,ICBP,RG,8825,1,D,NI,AK,F
9:12:27,ICBP,RG,8825,1,D,CC,AK,F
9:12:27,ICBP,RG,8825,5,D,YU,AK,F
9:12:27,ICBP,RG,8825,17,D,EP,AK,F
9:12:27,ICBP,RG,8825,8,D,YP,AK,F
9:12:26,ICBP,RG,8825,2,D,YP,ZP,F
9:12:26,ICBP,RG,8825,1,D,YB,ZP,F
9:12:26,ICBP,RG,8825,4,D,XC,ZP,F
9:12:26,ICBP,RG,8825,2,D,PD,ZP,F
9:12:26,ICBP,RG,8825,1,D,YB,ZP,F
9:12:26,ICBP,RG,8825,2,D,YP,ZP,F
9:12:26,ICBP,RG,8825,1,D,YP,ZP,F
9:12:26,ICBP,RG,8825,1,D,PD,ZP,F
9:12:26,ICBP,RG,8825,1,D,CC,ZP,F
9:12:26,ICBP,RG,8825,1,D,PD,ZP,F
9:12:26,ICBP,RG,8825,1,D,PD,ZP,F
9:12:08,ICBP,RG,8825,1,D,PD,XC,D
9:11:55,ICBP,RG,8825,2,D,PD,AK,F
9:11:54,ICBP,RG,8825,1,D,PD,ZP,F
9:11:54,ICBP,RG,8825,1,D,PD,ZP,F
9:11:54,ICBP,RG,8825,15,D,IP,ZP,F
9:11:48,ICBP,RG,8825,1,D,IP,AK,F
9:11:47,ICBP,RG,8825,12,D,IP,BK,F
9:11:40,ICBP,RG,8875,1,D,YP,ZP,F
9:11:36,ICBP,RG,8825,1,D,IP,XC,D
9:11:35,ICBP,RG,8825,1,D,IP,YP,D
9:11:34,ICBP,RG,8825,4,D,IP,AK,F
9:11:30,ICBP,RG,8850,4,F,CS,ZP,F
9:11:30,ICBP,RG,8850,5,D,NI,ZP,F
9:11:30,ICBP,RG,8850,1,D,TP,ZP,F
9:11:30,ICBP,RG,8850,4,D,OD,ZP,F
9:11:30,ICBP,RG,8850,1,D,XL,ZP,F
9:11:30,ICBP,RG,8850,1,D,XC,ZP,F
9:10:59,ICBP,RG,8850,1,F,CS,SQ,D
9:10:55,ICBP,RG,8850,1,F,CS,ZP,F
9:10:55,ICBP,RG,8850,1,D,CC,ZP,F
9:10:55,ICBP,RG,8850,3,D,AT,ZP,F
9:10:55,ICBP,RG,8850,1,D,YP,ZP,F
9:10:55,ICBP,RG,8850,1,D,XC,ZP,F
9:10:55,ICBP,RG,8850,10,F,CS,ZP,F
9:10:37,ICBP,RG,8850,4,F,CS,BK,F
9:10:37,ICBP,RG,8850,5,D,OD,BK,F
9:10:37,ICBP,RG,8850,2,D,YP,BK,F
9:10:28,ICBP,RG,8850,8,D,YP,ZP,F
9:10:28,ICBP,RG,8850,8,F,CS,ZP,F
9:10:08,ICBP,RG,8850,4,F,CS,AK,F
9:10:07,ICBP,RG,8850,5,D,XC,YP,D
9:10:07,ICBP,RG,8850,3,D,AT,YP,D
9:10:07,ICBP,RG,8850,5,D,YP,YP,D
9:10:07,ICBP,RG,8850,10,D,CC,YP,D
9:10:07,ICBP,RG,8850,13,F,CS,YP,D
9:10:07,ICBP,RG,8850,7,F,CS,YP,D
9:10:07,ICBP,RG,8850,1,D,XC,YP,D
9:10:07,ICBP,RG,8850,3,D,XC,YP,D
9:10:07,ICBP,RG,8850,3,D,CC,YP,D
9:10:07,ICBP,RG,8850,1,D,KK,YP,D
9:10:02,ICBP,RG,8850,1,D,PD,PD,D
9:10:02,ICBP,RG,8850,1,F,CS,PD,D
9:10:01,ICBP,RG,8850,1,F,CS,AK,F
9:09:59,ICBP,RG,8875,1,D,OD,ZP,F
9:09:59,ICBP,RG,8875,4,D,OD,ZP,F
9:09:56,ICBP,RG,8850,1,F,CS,AK,F
9:09:55,ICBP,RG,8850,12,F,CS,ZP,F
9:09:55,ICBP,RG,8850,5,D,YP,ZP,F
9:09:54,ICBP,RG,8875,2,D,YP,ZP,F
9:09:51,ICBP,RG,8850,2,D,YP,CC,D
9:09:51,ICBP,RG,8850,1,D,YP,PD,D
9:09:26,ICBP,RG,8850,1,F,CS,AK,F
9:09:26,ICBP,RG,8850,1,D,NI,AK,F
9:09:26,ICBP,RG,8850,1,D,YP,AK,F
9:09:25,ICBP,RG,8850,9,D,YP,ZP,F
9:09:25,ICBP,RG,8850,2,D,NI,ZP,F
9:09:25,ICBP,RG,8850,1,D,PD,ZP,F
9:09:25,ICBP,RG,8850,5,D,SQ,ZP,F
9:09:22,ICBP,RG,8850,5,D,SQ,SQ,D
9:09:22,ICBP,RG,8850,1,D,KK,SQ,D
9:09:22,ICBP,RG,8850,4,F,CS,SQ,D
9:08:59,ICBP,RG,8875,5,D,OD,ZP,F
9:08:57,ICBP,RG,8850,3,F,CS,AK,F
9:08:55,ICBP,RG,8850,16,F,CS,ZP,F
9:08:24,ICBP,RG,8850,5,F,CS,ZP,F
9:08:24,ICBP,RG,8850,12,D,AZ,ZP,F
9:08:23,ICBP,RG,8850,11,D,AZ,PD,D
9:08:00,ICBP,RG,8850,8,D,AZ,AK,F
9:08:00,ICBP,RG,8850,16,D,AZ,ZP,F
9:07:50,ICBP,RG,8850,2,D,AZ,PD,D
9:07:44,ICBP,RG,8850,7,D,AZ,ZP,F
9:07:44,ICBP,RG,8850,13,F,CS,ZP,F
9:07:44,ICBP,RG,8850,1,D,AZ,ZP,F
9:07:44,ICBP,RG,8850,1,D,NI,ZP,F
9:07:44,ICBP,RG,8850,1,D,AN,ZP,F
9:07:44,ICBP,RG,8850,2,D,CC,ZP,F
9:07:31,ICBP,RG,8850,3,D,CC,CC,D
9:07:31,ICBP,RG,8850,1,D,XC,CC,D
9:07:23,ICBP,RG,8850,1,D,AZ,NI,D
9:07:18,ICBP,RG,8850,11,D,AZ,PD,D
9:07:18,ICBP,RG,8850,3,D,XC,PD,D
9:07:18,ICBP,RG,8850,1,D,YP,PD,D
9:07:18,ICBP,RG,8850,6,D,YP,PD,D
9:06:55,ICBP,RG,8875,1,D,PD,ZP,F
9:06:53,ICBP,RG,8850,4,D,YP,ZP,F
9:06:53,ICBP,RG,8850,1,D,XC,ZP,F
9:06:53,ICBP,RG,8850,2,D,XC,ZP,F
9:06:53,ICBP,RG,8850,5,D,PD,ZP,F
9:06:53,ICBP,RG,8850,6,D,AI,ZP,F
9:06:44,ICBP,RG,8850,1,D,RO,XC,D
9:06:40,ICBP,RG,8850,1,D,YP,NI,D
9:06:26,ICBP,RG,8875,2,D,NI,ZP,F
9:06:24,ICBP,RG,8850,1,D,YP,ZP,F
9:06:24,ICBP,RG,8850,1,D,CC,ZP,F
9:06:24,ICBP,RG,8850,4,D,GR,ZP,F
9:06:24,ICBP,RG,8850,1,D,PD,ZP,F
9:06:24,ICBP,RG,8850,8,D,SQ,ZP,F
9:06:24,ICBP,RG,8850,1,D,DR,ZP,F
9:06:21,ICBP,RG,8875,1,D,YP,ZP,F
9:06:12,ICBP,RG,8875,10,D,SQ,ZP,F
9:05:54,ICBP,RG,8875,2,F,CS,AK,F
9:05:54,ICBP,RG,8875,7,F,CS,ZP,F
9:05:54,ICBP,RG,8875,1,F,CS,ZP,F
9:05:54,ICBP,RG,8875,1,F,CS,ZP,F
9:05:54,ICBP,RG,8875,1,F,CS,ZP,F
9:05:54,ICBP,RG,8875,1,F,CS,ZP,F
9:05:53,ICBP,RG,8875,1,F,CS,ZP,F
9:05:53,ICBP,RG,8875,2,F,CS,ZP,F
9:05:53,ICBP,RG,8875,1,F,CS,ZP,F
9:05:53,ICBP,RG,8875,1,F,CS,ZP,F
9:05:53,ICBP,RG,8875,1,D,CC,ZP,F
9:05:52,ICBP,RG,8875,1,D,CC,XC,D
9:05:34,ICBP,RG,8875,1,F,CS,AK,F
9:05:33,ICBP,RG,8850,1,D,DR,XC,D
9:05:33,ICBP,RG,8850,3,D,YB,XC,D
9:05:33,ICBP,RG,8850,4,D,IP,XC,D
9:05:33,ICBP,RG,8875,1,F,CS,XC,D
9:05:33,ICBP,RG,8875,1,F,CS,XC,D
9:05:33,ICBP,RG,8875,1,D,XC,XC,D
9:05:31,ICBP,RG,8850,2,D,IP,YP,D
9:05:30,ICBP,RG,8850,8,D,IP,AK,F
9:05:30,ICBP,RG,8850,9,D,IP,AK,F
9:05:29,ICBP,RG,8875,20,D,AT,AK,F
9:05:29,ICBP,RG,8875,1,D,XC,AK,F
9:05:29,ICBP,RG,8875,5,D,CC,AK,F
9:05:29,ICBP,RG,8875,1,D,XC,AK,F
9:05:29,ICBP,RG,8875,1,D,PD,AK,F
9:05:29,ICBP,RG,8875,16,F,CS,AK,F
9:05:29,ICBP,RG,8875,51,F,CS,AK,F
9:05:29,ICBP,RG,8875,1,D,YP,AK,F
9:05:29,ICBP,RG,8875,10,D,AZ,AK,F
9:05:29,ICBP,RG,8875,4,D,XC,AK,F
9:05:29,ICBP,RG,8875,3,D,PD,AK,F
9:05:29,ICBP,RG,8875,1,D,PD,AK,F
9:05:29,ICBP,RG,8875,1,D,RO,AK,F
9:05:29,ICBP,RG,8875,1,D,AZ,AK,F
9:05:29,ICBP,RG,8875,1,D,YP,AK,F
9:05:29,ICBP,RG,8875,1,D,YP,AK,F
9:05:29,ICBP,RG,8875,1,D,YP,AK,F
9:05:29,ICBP,RG,8875,1,D,YP,AK,F
9:05:29,ICBP,RG,8875,25,F,KK,AK,F
9:05:29,ICBP,RG,8875,10,D,CC,AK,F
9:05:29,ICBP,RG,8875,20,D,CC,AK,F
9:05:29,ICBP,RG,8875,40,D,CC,AK,F
9:05:29,ICBP,RG,8875,3,D,CC,AK,F
9:05:24,ICBP,RG,8875,1,D,CC,AK,F
9:05:23,ICBP,RG,8875,11,D,CC,ZP,F
9:05:23,ICBP,RG,8875,3,D,AT,ZP,F
9:05:23,ICBP,RG,8875,3,D,PD,ZP,F
9:05:22,ICBP,RG,8900,1,F,CS,ZP,F
9:05:22,ICBP,RG,8900,1,F,CS,XA,D
9:05:03,ICBP,RG,8875,1,D,CC,AK,F
9:05:02,ICBP,RG,8875,9,D,CC,ZP,F
9:05:02,ICBP,RG,8875,7,D,IP,ZP,F
9:05:00,ICBP,RG,8875,2,D,IP,AK,F
9:05:00,ICBP,RG,8875,14,D,IP,ZP,F
9:05:00,ICBP,RG,8875,2,D,PD,ZP,F
9:05:00,ICBP,RG,8875,1,D,XC,ZP,F
9:04:30,ICBP,RG,8875,5,D,XC,AK,F
9:04:30,ICBP,RG,8875,1,D,XC,AK,F
9:04:30,ICBP,RG,8875,1,D,KK,AK,F
9:04:30,ICBP,RG,8875,1,D,HP,AK,F
9:04:30,ICBP,RG,8875,2,D,DR,AK,F
9:04:28,ICBP,RG,8900,1,D,XC,AK,F
9:04:28,ICBP,RG,8900,1,D,YP,AK,F
9:04:28,ICBP,RG,8900,20,D,YP,AK,F
9:04:28,ICBP,RG,8900,1,D,PD,AK,F
9:04:28,ICBP,RG,8900,1,D,XL,AK,F
9:04:28,ICBP,RG,8900,6,D,PD,AK,F
9:04:28,ICBP,RG,8900,3,D,XC,AK,F
9:04:28,ICBP,RG,8900,1,D,PD,AK,F
9:04:28,ICBP,RG,8900,3,D,PD,AK,F
9:04:28,ICBP,RG,8900,4,D,NI,AK,F
9:04:28,ICBP,RG,8900,11,D,NI,AK,F
9:04:28,ICBP,RG,8900,1,D,YP,AK,F
9:04:28,ICBP,RG,8900,1,D,YP,AK,F
9:04:28,ICBP,RG,8900,1,D,PD,AK,F
9:04:28,ICBP,RG,8900,1,D,XC,AK,F
9:04:28,ICBP,RG,8900,20,D,YP,AK,F
9:04:28,ICBP,RG,8900,1,D,YP,AK,F
9:04:28,ICBP,RG,8900,1,D,YP,AK,F
9:04:28,ICBP,RG,8900,20,D,CC,AK,F
9:04:28,ICBP,RG,8900,6,D,CC,AK,F
9:04:28,ICBP,RG,8900,4,D,CC,AZ,D
9:04:28,ICBP,RG,8900,16,D,IP,AZ,D
9:04:11,ICBP,RG,8900,6,D,IP,BK,F
9:04:11,ICBP,RG,8900,5,D,AZ,BK,F
9:04:11,ICBP,RG,8900,1,D,PD,BK,F
9:02:54,ICBP,RG,8925,2,D,YP,BK,F
9:02:27,ICBP,RG,8925,6,D,YP,BK,F
9:02:27,ICBP,RG,8925,4,D,YP,ZP,F
9:01:05,ICBP,RG,8925,1,F,CS,ZP,F
9:01:05,ICBP,RG,8925,1,F,CS,ZP,F
9:01:05,ICBP,RG,8925,2,F,CS,ZP,F
9:01:05,ICBP,RG,8925,4,F,CS,ZP,F
9:01:05,ICBP,RG,8925,1,F,CS,ZP,F
9:01:04,ICBP,RG,8925,4,F,CS,ZP,F
9:01:04,ICBP,RG,8925,1,F,CS,ZP,F
9:01:04,ICBP,RG,8925,1,F,CS,ZP,F
9:01:04,ICBP,RG,8925,4,F,CS,ZP,F
9:01:03,ICBP,RG,8925,3,F,CS,ZP,F
9:01:03,ICBP,RG,8925,1,F,CS,ZP,F
9:01:03,ICBP,RG,8925,2,D,XC,ZP,F
9:01:03,ICBP,RG,8925,4,D,PD,ZP,F
9:01:01,ICBP,RG,8950,1,F,CS,ZP,F
9:01:01,ICBP,RG,8950,2,F,CS,ZP,F
9:01:01,ICBP,RG,8950,9,D,PD,ZP,F
9:01:00,ICBP,RG,8950,5,D,PD,AK,F
9:01:00,ICBP,RG,8950,39,D,PD,BK,F
9:01:00,ICBP,RG,8950,1,D,PD,EP,D
9:01:00,ICBP,RG,8950,6,D,PD,AK,F
9:01:00,ICBP,RG,8950,9,D,PD,BK,F
9:01:00,ICBP,RG,8950,25,D,PD,OK,D
9:01:00,ICBP,RG,8950,3,D,PD,YP,D
9:01:00,ICBP,RG,8950,14,D,PD,YP,D
9:00:44,ICBP,RG,8950,1,D,CC,YP,D
9:00:44,ICBP,RG,8950,1,D,CC,SQ,D
9:00:44,ICBP,RG,8950,1,D,CC,DH,D
9:00:43,ICBP,RG,8950,1,D,DR,DH,D
9:00:15,ICBP,RG,8950,1,F,CS,CC,D
9:00:15,ICBP,RG,8950,1,D,XC,PD,D
9:00:14,ICBP,RG,8925,1,D,PD,PD,D
9:00:13,ICBP,RG,8925,1,D,XC,PD,D
9:00:11,ICBP,RG,8950,2,D,PD,XC,D
8:55:00,ICBP,RG,8925,10,D,YP,AZ,D
8:55:00,ICBP,RG,8925,2,D,YP,YP,D
8:55:00,ICBP,RG,8925,5,D,YP,CC,D
8:55:00,ICBP,RG,8925,1,D,YP,SQ,D
8:55:00,ICBP,RG,8925,2,D,YP,PD,D
8:55:00,ICBP,RG,8925,1,D,YP,PD,D
8:55:00,ICBP,RG,8925,7,D,YP,OD,D
8:55:00,ICBP,RG,8925,1,D,YP,PD,D
8:55:00,ICBP,RG,8925,1,D,YP,PD,D
8:55:00,ICBP,RG,8925,60,D,YP,YP,D
8:55:00,ICBP,RG,8925,10,D,CC,YP,D
8:55:00,ICBP,RG,8925,20,D,CC,YP,D
8:55:00,ICBP,RG,8925,18,D,CC,ZP,F
8:55:00,ICBP,RG,8925,12,D,CC,ZP,F
8:55:00,ICBP,RG,8925,3,D,EP,ZP,F
8:55:00,ICBP,RG,8925,1,D,PD,ZP,F
8:55:00,ICBP,RG,8925,6,D,PD,ZP,F
8:55:00,ICBP,RG,8925,2,D,XC,ZP,F
8:55:00,ICBP,RG,8925,1,D,XL,ZP,F
8:55:00,ICBP,RG,8925,5,D,PD,ZP,F
8:55:00,ICBP,RG,8925,1,D,XC,ZP,F
8:55:00,ICBP,RG,8925,4,D,XC,ZP,F
8:55:00,ICBP,RG,8925,10,D,CC,ZP,F
8:55:00,ICBP,RG,8925,2,D,CC,AK,F
8:55:00,ICBP,RG,8925,2,D,PC,AK,F
8:55:00,ICBP,RG,8925,1,D,CC,AK,F
8:55:00,ICBP,RG,8925,1,D,SQ,AK,F
8:55:00,ICBP,RG,8925,29,F,CS,AK,F
8:55:00,ICBP,RG,8925,20,D,YP,AK,F
8:55:00,ICBP,RG,8925,7,F,CS,AK,F
8:55:00,ICBP,RG,8925,1,F,CS,BK,F
8:55:00,ICBP,RG,8925,9,F,CS,BK,F