Time,Stock,Brd,Price,Qty,BT,BC,SC,ST
15:12:46,ICBP,RG,8450,1,F,DX,NI,D
15:12:40,ICBP,RG,8450,12,F,DX,NI,D
15:11:29,ICBP,RG,8450,50,F,DX,YP,D
15:11:01,ICBP,RG,8450,20,F,DX,CC,D
15:10:57,ICBP,RG,8450,444,F,DX,FS,D
15:10:57,ICBP,RG,8450,10,D,KK,FS,D
15:10:57,ICBP,RG,8450,3,D,PD,FS,D
15:10:57,ICBP,RG,8450,20,F,KK,FS,D
15:10:57,ICBP,RG,8450,6,D,XC,FS,D
15:10:57,ICBP,RG,8450,1,D,PD,FS,D
15:10:57,ICBP,RG,8450,16,D,EP,FS,D
15:09:28,ICBP,RG,8450,4,D,EP,PD,D
15:08:47,ICBP,RG,8450,1,D,CC,YP,D
15:08:36,ICBP,RG,8450,27,D,CC,YU,D
15:08:36,ICBP,RG,8450,10,D,IP,YU,D
15:08:36,ICBP,RG,8450,163,F,AK,YU,D
15:08:22,ICBP,RG,8450,5,F,AK,CP,D
15:08:15,ICBP,RG,8450,1,F,AK,YP,D
15:08:05,ICBP,RG,8450,50,F,AK,YP,D
15:07:32,ICBP,RG,8450,4,F,AK,RS,D
15:07:26,ICBP,RG,8450,2,F,AK,CC,D
15:07:22,ICBP,RG,8450,2,F,AK,PD,D
15:07:20,ICBP,RG,8450,2,F,AK,CC,D
15:06:10,ICBP,RG,8450,1,F,AK,SQ,D
15:06:08,ICBP,RG,8450,3,F,AK,YP,D
15:05:54,ICBP,RG,8450,10,F,AK,CC,D
15:05:09,ICBP,RG,8450,10,F,AK,PD,D
15:05:02,ICBP,RG,8450,191,F,AK,YP,D
15:05:02,ICBP,RG,8450,30,F,AK,DH,D
15:05:01,ICBP,RG,8450,150,F,AK,SQ,D
15:05:00,ICBP,RG,8450,10,F,AK,AO,D
15:05:00,ICBP,RG,8450,1,F,AK,GR,D
15:05:00,ICBP,RG,8450,500,F,AK,GR,D
15:00:00,ICBP,RG,8450,171,F,AK,CS,F
15:00:00,ICBP,RG,8450,100,F,AK,YP,D
15:00:00,ICBP,RG,8450,533,F,AK,CS,F
15:00:00,ICBP,RG,8450,3,F,AK,PD,D
15:00:00,ICBP,RG,8450,1,F,AK,PD,D
15:00:00,ICBP,RG,8450,2,F,AK,PD,D
15:00:00,ICBP,RG,8450,25,F,AK,AZ,D
15:00:00,ICBP,RG,8450,4,F,AK,RS,D
15:00:00,ICBP,RG,8450,10,F,AK,YP,D
15:00:00,ICBP,RG,8450,3,F,AK,YP,D
15:00:00,ICBP,RG,8450,13,F,AK,KK,D
15:00:00,ICBP,RG,8450,7,D,EP,KK,D
15:00:00,ICBP,RG,8450,2,D,EP,YP,D
15:00:00,ICBP,RG,8450,2,D,EP,NI,D
15:00:00,ICBP,RG,8450,1,D,EP,NI,D
15:00:00,ICBP,RG,8450,5,D,EP,KK,D
15:00:00,ICBP,RG,8450,8,D,EP,YP,D
15:00:00,ICBP,RG,8450,2,D,DH,YP,D
15:00:00,ICBP,RG,8450,4,D,DH,BK,F
15:00:00,ICBP,RG,8450,8,F,DX,BK,F
15:00:00,ICBP,RG,8450,10,F,DX,GR,D
15:00:00,ICBP,RG,8450,4,F,DX,IF,D
15:00:00,ICBP,RG,8450,2,F,DX,DH,D
15:00:00,ICBP,RG,8450,10,F,DX,YP,D
15:00:00,ICBP,RG,8450,1,F,DX,YP,D
15:00:00,ICBP,RG,8450,11,F,DX,AG,D
15:00:00,ICBP,RG,8450,5,F,DX,SQ,D
15:00:00,ICBP,RG,8450,22,F,DX,PD,D
15:00:00,ICBP,RG,8450,2,F,DX,PD,D
15:00:00,ICBP,RG,8450,25,F,DX,DR,D
15:00:00,ICBP,RG,8450,50,D,EP,DR,D
15:00:00,ICBP,RG,8450,25,D,NI,DR,D
15:00:00,ICBP,RG,8450,7,D,NI,YP,D
15:00:00,ICBP,RG,8450,1,D,PD,YP,D
15:00:00,ICBP,RG,8450,2,D,YP,YP,D
15:00:00,ICBP,RG,8450,1,D,YP,NI,D
15:00:00,ICBP,RG,8450,2,D,YP,CC,D
15:00:00,ICBP,RG,8450,1,D,PD,CC,D
15:00:00,ICBP,RG,8450,6,D,DH,CC,D
15:00:00,ICBP,RG,8450,511,F,KZ,CC,D
15:00:00,ICBP,RG,8450,72,F,KZ,EP,D
15:00:00,ICBP,RG,8450,3,F,BK,EP,D
15:00:00,ICBP,RG,8450,100,F,BK,EP,D
15:00:00,ICBP,RG,8450,104,F,AK,EP,D
15:00:00,ICBP,RG,8450,41,F,ZP,EP,D
15:00:00,ICBP,RG,8450,30,F,ZP,BK,F
15:00:00,ICBP,RG,8450,193,F,ZP,CG,F
15:00:00,ICBP,RG,8450,672,F,ZP,BK,F
15:00:00,ICBP,RG,8450,13,F,ZP,BK,F
15:00:00,ICBP,RG,8450,111,F,ZP,CG,F
15:00:00,ICBP,RG,8450,81,F,ZP,AK,F
15:00:00,ICBP,RG,8450,219,F,ZP,AK,F
15:00:00,ICBP,RG,8450,32,F,FS,AK,F
14:49:54,ICBP,RG,8425,2,F,DX,BK,F
14:49:48,ICBP,RG,8450,1,F,AK,CG,F
14:49:47,ICBP,RG,8450,3,D,YP,CG,F
14:49:47,ICBP,RG,8450,2,D,YP,CG,F
14:49:46,ICBP,RG,8450,4,F,AK,CG,F
14:49:45,ICBP,RG,8425,18,F,DX,AK,F
14:49:44,ICBP,RG,8450,1,F,AK,CG,F
14:49:43,ICBP,RG,8450,6,F,AK,CG,F
14:49:43,ICBP,RG,8425,2,F,DX,BK,F
14:49:42,ICBP,RG,8450,3,F,AK,CG,F
14:49:42,ICBP,RG,8450,1,D,PD,CG,F
14:49:42,ICBP,RG,8450,27,F,AK,CG,F
14:49:41,ICBP,RG,8450,7,F,AK,GR,D
14:49:41,ICBP,RG,8450,42,F,ZP,GR,D
14:49:40,ICBP,RG,8450,8,F,ZP,GR,D
14:49:40,ICBP,RG,8450,38,D,EP,GR,D
14:49:40,ICBP,RG,8450,20,D,YP,GR,D
14:49:40,ICBP,RG,8450,1,D,EP,GR,D
14:49:40,ICBP,RG,8450,2,D,CC,GR,D
14:49:40,ICBP,RG,8450,25,D,PD,GR,D
14:49:40,ICBP,RG,8450,57,F,DX,GR,D
14:49:31,ICBP,RG,8475,1,F,AK,XC,D
14:49:30,ICBP,RG,8475,1,F,ZP,XC,D
14:49:30,ICBP,RG,8475,3,F,ZP,AK,F
14:49:30,ICBP,RG,8450,1,F,DX,BK,F
14:49:24,ICBP,RG,8475,1,D,KK,AK,F
14:49:22,ICBP,RG,8475,3,F,AK,AK,F
14:49:21,ICBP,RG,8475,2,F,AK,AK,F
14:49:21,ICBP,RG,8475,11,F,ZP,AK,F
14:49:20,ICBP,RG,8450,12,F,DX,YP,D
14:49:14,ICBP,RG,8475,18,F,AK,AK,F
14:49:13,ICBP,RG,8450,7,F,DX,AK,D
14:49:13,ICBP,RG,8450,4,F,DX,AK,D
14:49:13,ICBP,RG,8450,3,F,DX,AK,D
14:49:13,ICBP,RG,8450,27,F,DX,AK,D
14:49:13,ICBP,RG,8450,22,F,DX,AK,D
14:49:13,ICBP,RG,8450,15,F,DX,AK,D
14:49:02,ICBP,RG,8475,2,F,AK,AK,F
14:49:01,ICBP,RG,8450,2,F,DX,AK,D
14:49:01,ICBP,RG,8450,6,F,ZP,AK,D
14:49:01,ICBP,RG,8450,4,F,ZP,AK,D
14:49:01,ICBP,RG,8450,1,D,EP,AK,D
14:49:00,ICBP,RG,8475,1,F,AK,AK,D
14:48:59,ICBP,RG,8450,1,D,EP,AK,D
14:48:59,ICBP,RG,8450,1,D,EP,AK,D
14:48:59,ICBP,RG,8450,2,D,EP,AK,D
14:48:58,ICBP,RG,8475,2,F,AK,AK,D
14:48:57,ICBP,RG,8450,6,D,EP,AK,D
14:48:57,ICBP,RG,8450,2,D,EP,AK,D
14:48:56,ICBP,RG,8450,1,D,EP,DR,D
14:48:46,ICBP,RG,8475,6,F,AK,AK,D
14:48:46,ICBP,RG,8475,1,F,AK,AK,D
14:48:45,ICBP,RG,8450,30,D,EP,AK,F
14:48:16,ICBP,RG,8475,1,F,AK,AK,D
14:48:15,ICBP,RG,8450,6,D,EP,BK,F
14:48:14,ICBP,RG,8475,5,F,AK,AK,D
14:48:13,ICBP,RG,8450,4,F,AK,CG,F
14:48:13,ICBP,RG,8450,19,F,AK,CG,F
14:48:12,ICBP,RG,8450,5,F,AK,CG,F
14:48:12,ICBP,RG,8450,2,F,AK,CG,F
14:48:11,ICBP,RG,8450,2,F,AK,CG,F
14:48:11,ICBP,RG,8450,26,F,AK,CG,F
14:48:10,ICBP,RG,8450,4,F,ZP,CG,F
14:48:10,ICBP,RG,8475,2,F,AK,AK,D
14:48:10,ICBP,RG,8450,2,F,AK,BK,F
14:48:09,ICBP,RG,8450,7,F,ZP,BK,F
14:48:09,ICBP,RG,8450,11,D,EP,BK,F
14:48:06,ICBP,RG,8475,25,F,AK,AK,D
14:48:05,ICBP,RG,8450,39,D,EP,KK,D
14:48:05,ICBP,RG,8450,31,F,AK,KK,D
14:48:05,ICBP,RG,8450,30,F,DX,KK,D
14:48:04,ICBP,RG,8450,8,F,DX,BK,F
14:48:04,ICBP,RG,8450,1,F,DX,DR,D
14:48:04,ICBP,RG,8475,8,F,AK,AK,D
14:48:03,ICBP,RG,8450,37,F,DX,AK,D
14:48:03,ICBP,RG,8475,1,F,AK,AK,D
14:48:02,ICBP,RG,8450,6,F,DX,BK,F
14:47:58,ICBP,RG,8475,3,F,AK,AK,D
14:47:57,ICBP,RG,8450,13,F,DX,BK,F
14:47:57,ICBP,RG,8475,23,F,AK,AK,D
14:47:55,ICBP,RG,8450,1,F,DX,CG,F
14:47:55,ICBP,RG,8450,63,F,DX,CG,F
14:47:55,ICBP,RG,8450,41,F,DX,AK,D
14:47:54,ICBP,RG,8475,6,F,AK,AK,D
14:47:53,ICBP,RG,8450,7,F,AK,BK,F
14:47:52,ICBP,RG,8450,4,F,AK,HP,D
14:47:52,ICBP,RG,8450,16,F,ZP,HP,D
14:47:44,ICBP,RG,8475,2,F,AK,AK,D
14:47:42,ICBP,RG,8450,8,F,ZP,BK,F
14:47:41,ICBP,RG,8475,8,F,AK,AK,D
14:47:40,ICBP,RG,8450,20,F,ZP,AK,D
14:47:39,ICBP,RG,8475,3,D,CS,AK,D
14:47:39,ICBP,RG,8475,14,D,CS,AK,D
14:47:35,ICBP,RG,8475,6,F,AK,AK,D
14:47:34,ICBP,RG,8475,15,D,CS,AK,D
14:47:34,ICBP,RG,8450,8,F,ZP,BK,F
14:47:34,ICBP,RG,8475,8,F,AK,AK,D
14:47:33,ICBP,RG,8475,4,D,CS,AK,D
14:47:33,ICBP,RG,8450,35,F,ZP,AK,D
14:47:30,ICBP,RG,8475,2,F,AK,AK,D
14:47:28,ICBP,RG,8450,7,F,ZP,BK,F
14:47:28,ICBP,RG,8475,7,F,AK,AK,D
14:47:27,ICBP,RG,8475,2,F,AK,AK,D
14:47:26,ICBP,RG,8475,1,D,CS,AK,D
14:47:26,ICBP,RG,8475,4,D,CS,YP,D
14:47:26,ICBP,RG,8475,3,D,CS,XC,D
14:47:26,ICBP,RG,8475,2,D,CS,KK,D
14:47:26,ICBP,RG,8475,5,D,CS,HP,D
14:47:26,ICBP,RG,8475,2,D,CS,XC,D
14:47:26,ICBP,RG,8475,2,D,CS,KK,D
14:47:26,ICBP,RG,8475,2,D,CS,ZP,D
14:47:26,ICBP,RG,8475,13,D,CS,SQ,D
14:47:26,ICBP,RG,8450,8,F,ZP,BK,F
14:47:22,ICBP,RG,8475,1,F,AK,SQ,D
14:47:21,ICBP,RG,8450,7,F,ZP,BK,F
14:47:17,ICBP,RG,8475,10,F,AK,SQ,D
14:47:16,ICBP,RG,8450,7,F,ZP,BK,F
14:47:16,ICBP,RG,8475,39,F,AK,SQ,D
14:47:16,ICBP,RG,8475,1,F,AK,SQ,D
14:47:15,ICBP,RG,8450,4,F,ZP,CG,F
14:47:15,ICBP,RG,8450,10,F,ZP,CG,F
14:47:15,ICBP,RG,8450,22,F,DX,CG,F
14:47:15,ICBP,RG,8450,78,F,DX,AK,F
14:47:14,ICBP,RG,8450,100,F,DX,AK,D
14:47:05,ICBP,RG,8475,1,F,AK,SQ,D
14:47:04,ICBP,RG,8450,1,D,CS,GR,D
14:47:04,ICBP,RG,8450,4,D,CS,GR,D
14:47:04,ICBP,RG,8450,13,D,CS,AK,D
14:47:04,ICBP,RG,8450,18,F,ZP,AK,D
14:47:04,ICBP,RG,8450,4,D,CS,AK,D
14:46:58,ICBP,RG,8450,6,D,CS,AK,D
14:46:58,ICBP,RG,8450,26,F,AK,AK,D
14:46:58,ICBP,RG,8450,16,D,CS,AK,D
14:46:58,ICBP,RG,8450,2,F,AK,AK,D
14:46:58,ICBP,RG,8450,6,F,AK,BK,F
14:46:58,ICBP,RG,8475,5,D,PD,SQ,D
14:46:55,ICBP,RG,8450,2,F,AK,CC,D
14:46:55,ICBP,RG,8450,1,F,AK,CC,D
14:46:52,ICBP,RG,8450,17,F,AK,BK,F
14:46:52,ICBP,RG,8450,7,D,CS,BK,F
14:46:52,ICBP,RG,8450,9,D,CS,BK,F
14:46:52,ICBP,RG,8450,22,F,DX,BK,F
14:46:51,ICBP,RG,8475,20,F,AK,SQ,D
14:46:50,ICBP,RG,8475,10,F,AK,SQ,D
14:46:50,ICBP,RG,8475,6,F,AK,XC,D
14:46:50,ICBP,RG,8475,30,F,AK,YP,D
14:46:49,ICBP,RG,8475,20,F,ZP,YP,D
14:46:49,ICBP,RG,8450,59,F,DX,CG,F
14:46:49,ICBP,RG,8450,15,F,DX,CG,F
14:46:49,ICBP,RG,8450,150,F,DX,AK,D
14:46:49,ICBP,RG,8475,5,D,CS,XC,D
14:46:49,ICBP,RG,8475,2,D,CS,ZP,D
14:46:49,ICBP,RG,8475,48,D,CS,YP,D
14:46:46,ICBP,RG,8475,3,F,AK,YP,D
14:46:45,ICBP,RG,8450,27,F,DX,AK,F
14:46:39,ICBP,RG,8450,3,F,DX,AK,D
14:46:33,ICBP,RG,8450,7,F,DX,BK,F
14:46:31,ICBP,RG,8475,10,D,YP,YP,D
14:46:30,ICBP,RG,8450,1,F,DX,AK,D
14:46:22,ICBP,RG,8450,6,F,DX,AK,D
14:46:15,ICBP,RG,8450,10,F,DX,YU,F
14:46:15,ICBP,RG,8450,5,D,CS,YU,F
14:46:09,ICBP,RG,8450,7,D,CS,BK,F
14:46:07,ICBP,RG,8450,14,D,CS,BK,F
14:46:05,ICBP,RG,8450,29,F,ZP,YU,F
14:46:05,ICBP,RG,8450,3,D,CS,YU,F
14:46:05,ICBP,RG,8450,8,D,CS,YU,F
14:46:05,ICBP,RG,8450,1,D,CS,YU,F
14:46:05,ICBP,RG,8450,1,D,PD,YU,F
14:46:05,ICBP,RG,8450,29,F,AK,YU,F
14:46:05,ICBP,RG,8450,3,D,CS,YU,F
14:46:05,ICBP,RG,8450,12,F,AK,YU,F
14:46:04,ICBP,RG,8475,2,F,AK,YP,D
14:46:03,ICBP,RG,8450,7,F,AK,BK,F
14:45:59,ICBP,RG,8475,2,F,AK,YP,D
14:45:58,ICBP,RG,8475,15,F,AK,YP,D
14:45:57,ICBP,RG,8450,11,F,AK,BK,F
14:45:56,ICBP,RG,8475,20,D,CS,YP,D
14:45:56,ICBP,RG,8475,3,D,CS,NI,D
14:45:56,ICBP,RG,8475,13,D,CS,XC,D
14:45:56,ICBP,RG,8475,3,D,CS,NI,D
14:45:56,ICBP,RG,8475,1,D,CS,XC,D
14:45:56,ICBP,RG,8475,26,D,CS,CP,D
14:45:54,ICBP,RG,8475,8,F,AK,CP,D
14:45:53,ICBP,RG,8475,1,F,AK,CP,D
14:45:53,ICBP,RG,8450,36,F,AK,XC,D
14:45:52,ICBP,RG,8450,7,F,AK,BK,F
14:45:52,ICBP,RG,8475,2,F,AK,CP,D
14:45:51,ICBP,RG,8475,2,F,AK,CP,D
14:45:50,ICBP,RG,8450,7,F,AK,BK,F
14:45:50,ICBP,RG,8450,10,F,AK,BK,F
14:45:49,ICBP,RG,8475,2,F,AK,CP,D
14:45:48,ICBP,RG,8475,18,F,AK,CP,D
14:45:47,ICBP,RG,8450,8,F,AK,CG,F
14:45:47,ICBP,RG,8475,2,F,AK,CP,D
14:45:46,ICBP,RG,8450,63,F,AK,CG,F
14:45:46,ICBP,RG,8450,22,F,AK,CG,F
14:45:46,ICBP,RG,8475,9,F,AK,CP,D
14:45:45,ICBP,RG,8475,1,F,AK,CP,D
14:45:45,ICBP,RG,8450,5,F,AK,CG,F
14:45:45,ICBP,RG,8450,45,F,AK,AK,F
14:45:45,ICBP,RG,8475,2,F,AK,CP,D
14:45:45,ICBP,RG,8450,3,F,AK,CG,F
14:45:44,ICBP,RG,8450,11,F,AK,BK,F
14:45:41,ICBP,RG,8475,2,F,AK,CP,D
14:45:40,ICBP,RG,8475,2,F,AK,CP,D
14:45:39,ICBP,RG,8450,3,F,AK,CG,F
14:45:39,ICBP,RG,8450,1,D,PD,CG,F
14:45:39,ICBP,RG,8450,2,D,CS,CG,F
14:45:38,ICBP,RG,8450,8,D,CS,BK,F
14:45:38,ICBP,RG,8450,2,D,CS,BK,F
14:45:37,ICBP,RG,8475,11,F,AK,CP,D
14:45:36,ICBP,RG,8475,2,F,AK,CP,D
14:45:35,ICBP,RG,8450,1,D,CS,DH,D
14:45:35,ICBP,RG,8450,39,F,ZP,DH,D
14:45:35,ICBP,RG,8450,10,D,CS,DH,D
14:45:34,ICBP,RG,8450,1,D,CS,PD,D
14:45:34,ICBP,RG,8450,4,D,CS,PD,D
14:45:34,ICBP,RG,8450,2,D,CS,PD,D
14:45:34,ICBP,RG,8450,3,D,CS,PD,D
14:45:28,ICBP,RG,8475,1,F,AK,CP,D
14:45:26,ICBP,RG,8475,4,F,ZP,CP,D
14:45:25,ICBP,RG,8475,2,F,AK,CP,D
14:45:24,ICBP,RG,8475,19,F,AK,CP,D
14:45:23,ICBP,RG,8475,9,F,ZP,CP,D
14:45:23,ICBP,RG,8450,7,D,CS,YU,F
14:45:23,ICBP,RG,8450,3,D,CS,YU,F
14:45:23,ICBP,RG,8450,76,F,DX,YU,F
14:45:18,ICBP,RG,8475,6,F,AK,CP,D
14:45:16,ICBP,RG,8475,26,D,KK,CP,D
14:45:15,ICBP,RG,8475,2,F,AK,CP,D
14:45:14,ICBP,RG,8475,11,F,ZP,CP,D
14:45:09,ICBP,RG,8475,1,F,AK,CP,D
14:45:07,ICBP,RG,8475,5,F,ZP,CP,D
14:44:59,ICBP,RG,8475,2,F,AK,CP,D
14:44:57,ICBP,RG,8475,6,F,ZP,CP,D
14:44:57,ICBP,RG,8475,27,F,AK,CP,D
14:44:55,ICBP,RG,8475,8,F,ZP,CP,D
14:44:55,ICBP,RG,8475,118,D,CS,CP,D
14:44:47,ICBP,RG,8475,3,F,AK,CP,D
14:44:46,ICBP,RG,8475,9,F,AK,CP,D
14:44:45,ICBP,RG,8475,14,F,ZP,CP,D
14:44:45,ICBP,RG,8450,41,F,DX,AK,F
14:44:38,ICBP,RG,8450,1,F,DX,XC,D
14:44:33,ICBP,RG,8475,1,F,AK,CP,D
14:44:33,ICBP,RG,8475,2,F,AK,CP,D
14:44:32,ICBP,RG,8475,1,D,NI,CP,D
14:44:31,ICBP,RG,8475,9,F,ZP,CP,D
14:44:24,ICBP,RG,8475,1,F,AK,CP,D
14:44:23,ICBP,RG,8475,5,F,ZP,CP,D
14:44:15,ICBP,RG,8475,1,F,AK,CP,D
14:44:14,ICBP,RG,8475,5,F,ZP,CP,D
14:44:08,ICBP,RG,8475,1,F,AK,CP,D
14:44:07,ICBP,RG,8475,6,F,ZP,CP,D
14:44:06,ICBP,RG,8475,1,F,AK,CP,D
14:44:06,ICBP,RG,8450,5,F,DX,NI,D
14:43:45,ICBP,RG,8475,7,F,AK,CP,D
14:43:45,ICBP,RG,8450,27,F,DX,AK,F
14:43:45,ICBP,RG,8450,1,D,CS,AK,F
14:43:45,ICBP,RG,8450,1,D,YP,AK,F
14:43:45,ICBP,RG,8450,1,D,SQ,AK,F
14:43:26,ICBP,RG,8475,35,F,AK,CP,D
14:43:26,ICBP,RG,8475,62,D,CS,CP,D
14:43:26,ICBP,RG,8475,20,D,CS,YP,D
14:43:26,ICBP,RG,8475,1,D,CS,NI,D
14:43:26,ICBP,RG,8475,1,D,CS,PD,D
14:43:26,ICBP,RG,8475,45,D,CS,HP,D
14:43:26,ICBP,RG,8475,1,D,CS,PD,D
14:43:26,ICBP,RG,8475,2,D,CS,KK,D
14:43:26,ICBP,RG,8475,6,D,CS,YP,D
14:43:26,ICBP,RG,8475,11,D,CS,CC,D
14:43:26,ICBP,RG,8475,1,D,CS,PD,D
14:43:26,ICBP,RG,8475,10,D,CS,YP,D
14:41:39,ICBP,RG,8475,2,F,AK,YP,D
14:41:38,ICBP,RG,8475,1,D,CS,YP,D
14:41:38,ICBP,RG,8450,1,D,CS,CG,F
14:41:38,ICBP,RG,8450,6,D,CS,BK,F
14:41:37,ICBP,RG,8450,1,F,AK,BK,F
14:41:36,ICBP,RG,8475,1,D,CS,YP,D
14:41:36,ICBP,RG,8475,1,D,CS,XC,D
14:41:36,ICBP,RG,8450,1,D,CS,CG,F
14:41:36,ICBP,RG,8450,2,D,CS,CG,F
14:41:36,ICBP,RG,8450,1,D,CS,CG,F
14:41:35,ICBP,RG,8450,2,F,AK,CG,F
14:41:34,ICBP,RG,8450,10,D,CS,PD,D
14:41:25,ICBP,RG,8475,1,F,AK,KK,D
14:41:25,ICBP,RG,8475,1,F,AK,OD,D
14:41:24,ICBP,RG,8475,4,D,YP,OD,D
14:41:24,ICBP,RG,8475,6,D,YP,NI,D
14:41:24,ICBP,RG,8475,1,F,AK,NI,D
14:41:23,ICBP,RG,8450,1,D,CS,SQ,D
14:41:14,ICBP,RG,8475,1,F,AK,NI,D
14:41:14,ICBP,RG,8475,1,F,AK,YP,D
14:41:13,ICBP,RG,8425,11,F,DX,YP,D
14:41:05,ICBP,RG,8475,1,D,CS,YP,D
14:41:05,ICBP,RG,8450,1,D,CS,CG,F
14:41:05,ICBP,RG,8450,1,F,AK,CG,F
14:41:04,ICBP,RG,8450,1,F,AK,CG,F
14:41:04,ICBP,RG,8450,1,F,AK,CG,F
14:41:03,ICBP,RG,8450,6,D,CS,BK,F
14:41:03,ICBP,RG,8450,1,D,CS,CG,F
14:41:03,ICBP,RG,8450,2,D,CS,CG,F
14:41:03,ICBP,RG,8450,2,D,CS,CG,F
14:40:55,ICBP,RG,8450,2,D,CS,BK,F
14:40:54,ICBP,RG,8450,4,F,AK,BK,F
14:40:53,ICBP,RG,8450,14,D,CS,BK,F
14:40:44,ICBP,RG,8450,1,F,AK,BK,F
14:40:43,ICBP,RG,8450,5,D,CS,BK,F
14:40:43,ICBP,RG,8450,3,D,CS,CG,F
14:40:41,ICBP,RG,8450,1,F,AK,YP,D
14:40:40,ICBP,RG,8450,2,D,HP,YP,D
14:40:37,ICBP,RG,8450,1,F,AK,YP,D
14:40:37,ICBP,RG,8450,1,D,CS,YP,D
14:40:37,ICBP,RG,8450,1,D,CS,CG,F
14:40:36,ICBP,RG,8450,2,D,CS,CG,F
14:40:35,ICBP,RG,8450,9,F,AK,CG,F
14:40:35,ICBP,RG,8450,3,F,AK,CG,F
14:40:35,ICBP,RG,8450,3,F,AK,CG,F
14:40:35,ICBP,RG,8450,1,F,AK,CG,F
14:40:35,ICBP,RG,8450,9,F,AK,CG,F
14:40:34,ICBP,RG,8425,111,F,DX,AK,F
14:40:34,ICBP,RG,8450,3,F,AK,BK,F
14:40:33,ICBP,RG,8450,14,D,CS,BK,F
14:40:24,ICBP,RG,8450,2,F,AK,BK,F
14:40:23,ICBP,RG,8450,9,D,CS,BK,F
14:40:16,ICBP,RG,8450,2,F,AK,CG,F
14:40:15,ICBP,RG,8450,8,F,AK,CG,F
14:40:15,ICBP,RG,8450,4,F,AK,CG,F
14:40:15,ICBP,RG,8450,4,F,AK,YU,F
14:40:14,ICBP,RG,8450,11,D,CS,YU,F
14:40:14,ICBP,RG,8450,1,D,CS,YU,F
14:40:14,ICBP,RG,8450,8,D,CS,YU,F
14:40:14,ICBP,RG,8450,10,D,CS,YU,F
14:40:14,ICBP,RG,8450,4,D,CS,YU,F
14:40:14,ICBP,RG,8450,4,D,CS,YU,F
14:40:14,ICBP,RG,8450,44,F,DX,YU,F
14:39:42,ICBP,RG,8475,3,F,AK,YP,D
14:39:42,ICBP,RG,8475,5,F,AK,LG,D
14:39:42,ICBP,RG,8475,1,F,AK,PD,D
14:39:42,ICBP,RG,8475,6,F,AK,SQ,D
14:39:41,ICBP,RG,8450,2,F,DX,CG,F
14:39:41,ICBP,RG,8450,1,F,DX,CG,F
14:39:41,ICBP,RG,8450,25,F,DX,DH,D
14:39:41,ICBP,RG,8450,3,F,DX,CG,F
14:39:41,ICBP,RG,8450,3,F,DX,CG,F
14:39:41,ICBP,RG,8450,4,F,DX,CG,F
14:39:41,ICBP,RG,8450,2,F,DX,CG,F
14:39:41,ICBP,RG,8450,16,F,DX,BK,F
14:39:41,ICBP,RG,8450,10,D,CS,BK,F
14:39:32,ICBP,RG,8450,4,F,AK,BK,F
14:39:31,ICBP,RG,8450,18,D,CS,BK,F
14:39:18,ICBP,RG,8450,1,D,XC,BK,F
14:39:13,ICBP,RG,8450,4,F,AK,BK,F
14:39:11,ICBP,RG,8450,1,D,CS,BK,F
14:39:11,ICBP,RG,8450,3,D,CS,CG,F
14:39:11,ICBP,RG,8450,14,D,CS,CG,F
14:38:59,ICBP,RG,8450,2,D,DR,CG,F
14:38:53,ICBP,RG,8450,5,F,AK,CG,F
14:38:52,ICBP,RG,8450,5,D,CS,CG,F
14:38:52,ICBP,RG,8450,14,D,CS,YU,F
14:38:40,ICBP,RG,8450,2,D,DR,YU,F
14:38:33,ICBP,RG,8450,13,F,AK,YU,F
14:38:32,ICBP,RG,8450,5,D,CS,YU,F
14:38:32,ICBP,RG,8450,11,D,CS,YU,F
14:38:32,ICBP,RG,8450,5,D,CS,YU,F
14:38:32,ICBP,RG,8450,36,F,DX,YU,F
14:38:19,ICBP,RG,8475,27,F,AK,SQ,D
14:38:18,ICBP,RG,8475,9,F,AK,SQ,D
14:38:18,ICBP,RG,8450,123,F,DX,ZP,F
14:38:17,ICBP,RG,8450,5,F,DX,LG,D
14:38:17,ICBP,RG,8450,2,F,DX,CG,F
14:38:17,ICBP,RG,8450,3,F,DX,SQ,D
14:38:17,ICBP,RG,8450,1,F,DX,XC,D
14:38:17,ICBP,RG,8450,17,F,DX,SQ,D
14:38:17,ICBP,RG,8450,3,F,DX,CG,F
14:38:17,ICBP,RG,8450,1,F,DX,DH,D
14:38:17,ICBP,RG,8450,3,F,DX,CG,F
14:38:17,ICBP,RG,8450,2,F,DX,CG,F
14:38:17,ICBP,RG,8450,4,F,DX,BK,F
14:38:11,ICBP,RG,8450,1,F,AK,BK,F
14:38:09,ICBP,RG,8450,3,D,CS,BK,F
14:38:09,ICBP,RG,8450,5,D,CS,CG,F
14:38:01,ICBP,RG,8450,2,F,AK,CG,F
14:38:00,ICBP,RG,8450,2,D,CS,CG,F
14:38:00,ICBP,RG,8450,1,D,CS,CG,F
14:38:00,ICBP,RG,8450,3,D,CS,CG,F
14:38:00,ICBP,RG,8450,1,D,CS,PD,D
14:37:55,ICBP,RG,8450,1,F,AK,CG,F
14:37:53,ICBP,RG,8450,3,D,CS,CG,F
14:37:53,ICBP,RG,8450,2,D,CS,CG,F
14:37:53,ICBP,RG,8450,1,F,AK,YU,D
14:37:53,ICBP,RG,8450,10,F,AK,YP,D
14:37:53,ICBP,RG,8450,2,F,AK,CG,F
14:37:53,ICBP,RG,8450,2,F,AK,XC,D
14:37:53,ICBP,RG,8450,3,F,AK,CG,F
14:37:53,ICBP,RG,8450,1,F,AK,CG,F
14:37:51,ICBP,RG,8425,58,F,DX,YU,F
14:37:51,ICBP,RG,8425,1,D,CC,YU,F
14:37:51,ICBP,RG,8425,27,D,YJ,YU,F
14:37:49,ICBP,RG,8450,2,F,AK,CG,F
14:37:47,ICBP,RG,8450,8,D,CS,SQ,D
14:37:47,ICBP,RG,8450,1,F,AK,SQ,D
14:37:45,ICBP,RG,8450,1,D,PD,SQ,D
14:37:45,ICBP,RG,8450,1,D,PD,CG,F
14:37:40,ICBP,RG,8450,2,F,AK,CG,F
14:37:39,ICBP,RG,8450,1,D,CS,CG,F
14:37:39,ICBP,RG,8450,6,D,CS,CC,D
14:37:39,ICBP,RG,8450,2,D,CS,CG,F
14:37:39,ICBP,RG,8450,1,D,CS,CG,F
14:37:30,ICBP,RG,8450,3,F,AK,CG,F
14:37:30,ICBP,RG,8450,1,F,AK,CG,F
14:37:28,ICBP,RG,8450,4,D,CS,CG,F
14:37:28,ICBP,RG,8450,8,D,CS,CC,D
14:37:28,ICBP,RG,8450,5,D,CS,PD,D
14:37:28,ICBP,RG,8450,1,D,CS,CG,F
14:37:10,ICBP,RG,8450,2,F,AK,CG,F
14:37:10,ICBP,RG,8450,2,F,AK,CG,F
14:37:09,ICBP,RG,8450,7,D,CS,CG,F
14:37:09,ICBP,RG,8450,7,D,CS,BK,F
14:37:09,ICBP,RG,8450,1,D,CS,KK,D
14:37:09,ICBP,RG,8450,3,D,CS,CG,F
14:36:51,ICBP,RG,8450,4,F,AK,BK,F
14:36:49,ICBP,RG,8450,20,D,CS,BK,F
14:36:30,ICBP,RG,8450,7,F,AK,BK,F
14:36:28,ICBP,RG,8450,29,D,CS,BK,F
14:36:20,ICBP,RG,8450,3,D,NI,BK,F
14:35:58,ICBP,RG,8450,7,F,AK,BK,F
14:35:57,ICBP,RG,8450,7,D,CS,BK,F
14:35:57,ICBP,RG,8450,24,D,CS,CG,F
14:35:47,ICBP,RG,8450,2,F,AK,CG,F
14:35:45,ICBP,RG,8425,7,D,YJ,BK,F
14:35:42,ICBP,RG,8450,1,F,AK,CG,F
14:35:42,ICBP,RG,8450,1,F,AK,PD,D
14:35:42,ICBP,RG,8450,1,F,AK,CG,F
14:35:40,ICBP,RG,8425,1,D,YJ,BK,F
14:35:40,ICBP,RG,8425,11,D,IF,BK,F
14:35:40,ICBP,RG,8450,14,F,AK,CG,F
14:35:38,ICBP,RG,8425,84,D,IF,YU,F
14:35:38,ICBP,RG,8425,2,F,AK,YU,F
14:35:32,ICBP,RG,8450,10,D,YP,CG,F
14:35:24,ICBP,RG,8450,13,D,CS,CG,F
14:35:23,ICBP,RG,8425,8,F,AK,BK,F
14:35:23,ICBP,RG,8450,1,F,AK,CG,F
14:35:22,ICBP,RG,8450,1,D,CS,CG,F
14:35:21,ICBP,RG,8450,1,D,CS,BK,F
14:35:21,ICBP,RG,8450,2,D,PD,BK,F
14:35:20,ICBP,RG,8475,1,D,XC,SQ,D
14:35:20,ICBP,RG,8475,11,F,AK,SQ,D
14:35:18,ICBP,RG,8450,1,D,PD,NI,D
14:35:18,ICBP,RG,8450,5,D,DH,NI,D
14:35:18,ICBP,RG,8450,17,D,CS,NI,D
14:35:18,ICBP,RG,8450,27,F,DX,NI,D
14:35:09,ICBP,RG,8475,2,F,AK,SQ,D
14:35:08,ICBP,RG,8450,10,F,DX,PD,D
14:35:01,ICBP,RG,8475,1,F,AK,SQ,D
14:34:59,ICBP,RG,8450,2,F,DX,YP,D
14:34:47,ICBP,RG,8475,13,F,AK,SQ,D
14:34:47,ICBP,RG,8475,10,F,AK,SQ,D
14:34:47,ICBP,RG,8475,4,F,AK,AT,D
14:34:47,ICBP,RG,8475,10,F,AK,ZP,D
14:34:45,ICBP,RG,8475,45,D,CS,ZP,D
14:34:45,ICBP,RG,8475,1,D,CS,CC,D
14:34:45,ICBP,RG,8475,124,D,CS,SQ,D
14:33:59,ICBP,RG,8475,2,F,AK,SQ,D
14:33:58,ICBP,RG,8450,11,F,DX,YP,D
14:32:18,ICBP,RG,8475,11,F,AK,SQ,D
14:32:17,ICBP,RG,8450,50,F,DX,NI,D
14:32:13,ICBP,RG,8450,7,F,AK,CG,F
14:32:12,ICBP,RG,8450,29,D,CS,PD,D
14:32:07,ICBP,RG,8475,1,F,AK,SQ,D
14:32:06,ICBP,RG,8450,1,D,CS,CG,F
14:32:05,ICBP,RG,8475,1,D,CS,SQ,D
14:32:05,ICBP,RG,8450,2,D,CS,CG,F
14:32:05,ICBP,RG,8450,1,D,CS,CG,F
14:32:04,ICBP,RG,8450,3,F,AK,CG,F
14:32:03,ICBP,RG,8450,14,D,CS,YP,D
14:31:52,ICBP,RG,8475,1,F,AK,SQ,D
14:31:51,ICBP,RG,8450,1,F,AK,CG,F
14:31:51,ICBP,RG,8475,4,D,CS,SQ,D
14:31:50,ICBP,RG,8450,2,F,AK,CG,F
14:31:50,ICBP,RG,8450,2,F,AK,CG,F
14:31:49,ICBP,RG,8450,9,D,CS,CG,F
14:31:49,ICBP,RG,8450,2,D,CS,CG,F
14:31:49,ICBP,RG,8450,11,D,CS,YP,D
14:31:47,ICBP,RG,8450,1,F,AK,YP,D
14:31:46,ICBP,RG,8475,24,D,TF,SQ,D
14:30:53,ICBP,RG,8425,4,F,AK,PD,D
14:30:50,ICBP,RG,8475,2,D,EP,SQ,D
14:30:24,ICBP,RG,8475,1,F,AK,SQ,D
14:30:23,ICBP,RG,8450,1,D,CS,YP,D
14:30:23,ICBP,RG,8450,4,D,NI,YP,D
14:30:21,ICBP,RG,8475,1,F,AK,SQ,D
14:30:19,ICBP,RG,8450,1,D,NI,GR,D
14:29:55,ICBP,RG,8475,1,D,CS,SQ,D
14:29:54,ICBP,RG,8450,6,F,AK,CG,F
14:29:53,ICBP,RG,8450,1,D,CS,CG,F
14:29:53,ICBP,RG,8450,27,D,CS,CG,F
14:29:53,ICBP,RG,8450,1,F,AK,CG,F
14:29:52,ICBP,RG,8450,2,F,AK,CG,F
14:29:51,ICBP,RG,8450,3,D,CS,CG,F
14:29:51,ICBP,RG,8450,3,D,CS,SQ,D
14:29:51,ICBP,RG,8450,3,D,CS,SQ,D
14:29:51,ICBP,RG,8450,2,D,YB,SQ,D
14:29:23,ICBP,RG,8450,3,D,YB,NI,D
14:28:42,ICBP,RG,8475,11,F,AK,SQ,D
14:28:41,ICBP,RG,8450,1,D,CS,PD,D
14:28:41,ICBP,RG,8450,49,F,DX,PD,D
14:28:21,ICBP,RG,8450,1,F,DX,YP,D
14:28:10,ICBP,RG,8475,1,F,AK,SQ,D
14:28:08,ICBP,RG,8450,1,F,DX,YP,D
14:28:00,ICBP,RG,8450,1,F,DX,CC,D
14:27:57,ICBP,RG,8475,1,F,AK,SQ,D
14:27:56,ICBP,RG,8450,5,F,DX,YP,D
14:27:46,ICBP,RG,8450,2,F,DX,PD,D
14:27:45,ICBP,RG,8475,14,F,AK,SQ,D
14:27:45,ICBP,RG,8475,2,F,AK,CC,D
14:27:45,ICBP,RG,8475,1,F,AK,CC,D
14:27:45,ICBP,RG,8475,1,F,AK,YP,D
14:27:45,ICBP,RG,8475,2,F,AK,CC,D
14:27:45,ICBP,RG,8475,1,F,AK,CC,D
14:27:44,ICBP,RG,8450,40,F,DX,CC,D
14:27:44,ICBP,RG,8450,1,F,DX,CG,F
14:27:44,ICBP,RG,8450,2,F,DX,CG,F
14:27:44,ICBP,RG,8450,4,F,DX,CG,F
14:27:44,ICBP,RG,8450,5,F,DX,SQ,F
14:27:44,ICBP,RG,8450,8,F,DX,YP,D
14:27:44,ICBP,RG,8450,1,F,DX,CG,F
14:27:44,ICBP,RG,8450,50,F,DX,DR,D
14:27:44,ICBP,RG,8450,1,F,DX,CG,F
14:27:44,ICBP,RG,8450,1,F,DX,CG,F
14:27:44,ICBP,RG,8450,30,F,DX,SQ,D
14:27:44,ICBP,RG,8450,7,F,DX,BK,F
14:27:44,ICBP,RG,8450,2,F,DX,CG,F
14:27:44,ICBP,RG,8450,26,F,DX,BK,F
14:27:44,ICBP,RG,8450,60,F,DX,BK,F
14:27:44,ICBP,RG,8450,3,F,DX,CG,F
14:27:23,ICBP,RG,8450,29,D,CS,CG,F
14:27:13,ICBP,RG,8425,1,F,AK,AT,D
14:26:36,ICBP,RG,8425,10,F,AK,BK,F
14:26:33,ICBP,RG,8450,40,D,CS,GR,D
14:26:28,ICBP,RG,8450,1,D,CS,YP,D
14:26:22,ICBP,RG,8425,10,F,AK,BK,F
14:26:17,ICBP,RG,8425,30,F,AK,BK,F
14:26:17,ICBP,RG,8425,1,D,XC,BK,F
14:26:17,ICBP,RG,8425,10,D,CC,BK,F
14:26:17,ICBP,RG,8475,9,F,AK,CC,D
14:26:17,ICBP,RG,8475,10,F,AK,SQ,D
14:26:16,ICBP,RG,8475,17,F,AK,SQ,D
14:26:15,ICBP,RG,8475,3,D,CS,SQ,D
14:26:15,ICBP,RG,8475,1,D,CS,XC,D
14:26:15,ICBP,RG,8475,2,D,CS,NI,D
14:26:15,ICBP,RG,8475,2,D,CS,CC,D
14:26:15,ICBP,RG,8475,1,D,CS,PD,D
14:26:15,ICBP,RG,8475,1,D,CS,XC,D
14:26:15,ICBP,RG,8475,4,D,CS,XC,D
14:26:15,ICBP,RG,8475,2,D,CS,NI,D
14:26:15,ICBP,RG,8475,50,D,CS,OD,D
14:26:15,ICBP,RG,8475,10,D,CS,OD,D
14:26:15,ICBP,RG,8475,5,D,CS,DR,D
14:26:15,ICBP,RG,8475,4,D,CS,TP,D
14:26:15,ICBP,RG,8450,54,F,AK,CG,F
14:26:15,ICBP,RG,8450,1,F,AK,CC,D
14:26:15,ICBP,RG,8450,22,F,AK,CG,F
14:26:15,ICBP,RG,8450,8,F,AK,CG,F
14:26:14,ICBP,RG,8450,20,D,CC,CG,F
14:26:13,ICBP,RG,8425,1,D,CC,CS,F
14:26:13,ICBP,RG,8425,5,D,CC,CS,F
14:26:13,ICBP,RG,8425,2,D,PD,CS,F
14:26:13,ICBP,RG,8425,1,D,ZP,CS,F
14:26:13,ICBP,RG,8425,18,D,KK,CS,F
14:26:13,ICBP,RG,8425,18,F,AK,CS,F
14:26:13,ICBP,RG,8425,2,D,NI,CS,F
14:26:13,ICBP,RG,8425,2,D,SQ,CS,F
14:26:13,ICBP,RG,8425,1,D,YP,CS,F
14:26:13,ICBP,RG,8425,5,D,NI,CS,F
14:26:13,ICBP,RG,8425,14,D,KK,CS,F
14:26:13,ICBP,RG,8425,1,D,YP,CS,F
14:26:13,ICBP,RG,8425,35,D,CC,CS,F
14:26:13,ICBP,RG,8425,2,D,KK,CS,F
14:26:13,ICBP,RG,8425,1,D,PD,CS,F
14:26:13,ICBP,RG,8425,1,D,NI,CS,F
14:26:13,ICBP,RG,8425,1,D,NI,CS,F
14:26:13,ICBP,RG,8425,2,D,LG,CS,F
14:26:13,ICBP,RG,8425,15,D,YP,CS,F
14:26:13,ICBP,RG,8425,1,D,PD,CS,F
14:26:13,ICBP,RG,8425,30,D,PD,CS,F
14:26:13,ICBP,RG,8425,1,D,KK,CS,F
14:26:13,ICBP,RG,8425,100,D,YJ,CS,F
14:26:13,ICBP,RG,8425,1,D,SQ,CS,F
14:26:13,ICBP,RG,8425,12,D,CC,CS,F
14:26:13,ICBP,RG,8425,5,D,XC,CS,F
14:26:13,ICBP,RG,8425,1,D,CC,CS,F
14:26:13,ICBP,RG,8425,15,D,PD,CS,F
14:26:13,ICBP,RG,8425,1,D,PD,CS,F
14:26:13,ICBP,RG,8425,5,D,AR,CS,F
14:26:13,ICBP,RG,8425,50,D,PD,CS,F
14:26:13,ICBP,RG,8425,3,D,KK,CS,F
14:26:13,ICBP,RG,8425,183,F,DX,CS,F
14:26:13,ICBP,RG,8450,4,D,CS,CP,D
14:26:13,ICBP,RG,8450,1,D,XC,CP,D
14:26:04,ICBP,RG,8475,2,F,AK,TP,D
14:26:03,ICBP,RG,8450,5,D,GR,YP,D
14:26:03,ICBP,RG,8450,5,D,CS,YP,D
14:25:23,ICBP,RG,8475,3,F,AK,TP,D
14:25:23,ICBP,RG,8475,1,F,AK,PD,D
14:25:23,ICBP,RG,8475,1,F,AK,CC,D
14:25:23,ICBP,RG,8475,1,F,AK,SQ,D
14:25:23,ICBP,RG,8475,1,F,AK,YP,D
14:25:23,ICBP,RG,8475,4,F,AK,XC,D
14:25:21,ICBP,RG,8450,5,D,CS,KK,D
14:25:21,ICBP,RG,8450,45,F,DX,KK,D
14:23:47,ICBP,RG,8475,1,D,NI,XC,D
14:23:09,ICBP,RG,8475,1,F,AK,XC,D
14:23:09,ICBP,RG,8450,1,F,DX,XC,D
14:23:05,ICBP,RG,8475,4,F,AK,XC,D
14:23:05,ICBP,RG,8475,1,F,AK,AK,F
14:23:04,ICBP,RG,8450,23,F,DX,YB,D
14:23:03,ICBP,RG,8475,1,F,AK,AK,F
14:23:02,ICBP,RG,8450,5,F,DX,LG,D
14:22:59,ICBP,RG,8475,1,D,XC,AK,F
14:22:23,ICBP,RG,8450,1,F,DX,OD,D
14:22:16,ICBP,RG,8475,24,F,AK,AK,F
14:22:16,ICBP,RG,8475,4,F,AK,YP,D
14:22:15,ICBP,RG,8450,7,F,DX,BK,F
14:22:15,ICBP,RG,8450,7,F,DX,CG,F
14:22:15,ICBP,RG,8450,81,F,DX,BK,F
14:22:15,ICBP,RG,8450,30,F,DX,CG,F
14:22:11,ICBP,RG,8450,9,F,AK,CG,F
14:22:11,ICBP,RG,8450,5,F,AK,CG,F
14:22:10,ICBP,RG,8450,62,D,CS,CG,F
14:22:08,ICBP,RG,8475,1,F,AK,YP,D
14:22:08,ICBP,RG,8475,1,F,AK,LS,D
14:22:08,ICBP,RG,8475,2,F,AK,PD,D
14:22:08,ICBP,RG,8475,1,F,AK,NI,D
14:22:08,ICBP,RG,8475,2,F,AK,AK,D
14:22:08,ICBP,RG,8450,1,F,AK,CG,F
14:22:07,ICBP,RG,8450,1,D,CS,CC,D
14:22:07,ICBP,RG,8450,1,D,CS,CC,D
14:22:07,ICBP,RG,8450,1,D,CS,CG,F
14:22:07,ICBP,RG,8450,1,D,CC,CG,F
14:22:07,ICBP,RG,8450,4,D,CC,PD,D
14:22:07,ICBP,RG,8450,2,D,DH,PD,D
14:22:07,ICBP,RG,8450,2,D,CS,PD,D
14:22:07,ICBP,RG,8450,10,D,YP,PD,D
14:22:07,ICBP,RG,8450,15,D,CC,PD,D
14:22:07,ICBP,RG,8450,2,D,PD,PD,D
14:21:50,ICBP,RG,8475,1,F,AK,AK,D
14:21:49,ICBP,RG,8450,3,D,TP,CG,F
14:21:12,ICBP,RG,8475,1,F,AK,AK,D
14:21:11,ICBP,RG,8450,1,D,TP,PD,D
14:21:11,ICBP,RG,8450,1,D,TP,CG,F
14:21:11,ICBP,RG,8450,1,D,YP,CG,F
14:20:40,ICBP,RG,8450,1,D,YP,LS,D
14:20:02,ICBP,RG,8475,1,F,AK,AK,D
14:20:02,ICBP,RG,8475,10,F,AK,AK,D
14:20:02,ICBP,RG,8475,4,F,AK,AK,D
14:20:02,ICBP,RG,8475,22,F,AK,AK,D
14:20:01,ICBP,RG,8475,19,D,CS,AK,D
14:20:01,ICBP,RG,8475,13,D,CS,AK,D
14:20:01,ICBP,RG,8475,139,D,CS,AK,F
14:19:31,ICBP,RG,8450,1,F,AK,GR,D
14:19:31,ICBP,RG,8450,4,D,CS,GR,D
14:19:02,ICBP,RG,8475,3,F,AK,AK,F
14:19:01,ICBP,RG,8450,11,D,CS,CC,D
14:19:01,ICBP,RG,8450,4,F,DX,CC,D
14:17:29,ICBP,RG,8475,1,F,AK,AK,F
14:17:28,ICBP,RG,8475,5,D,LG,AK,F
14:17:18,ICBP,RG,8475,3,F,AK,AK,F
14:17:17,ICBP,RG,8450,11,F,DX,DH,D
14:17:01,ICBP,RG,8450,2,F,DX,PD,D
14:16:52,ICBP,RG,8475,1,F,AK,AK,F
14:16:51,ICBP,RG,8450,5,F,DX,CP,D
14:16:26,ICBP,RG,8475,2,F,AK,AK,F
14:16:24,ICBP,RG,8450,5,F,DX,CC,D
14:16:06,ICBP,RG,8475,1,D,HP,AK,F
14:15:33,ICBP,RG,8475,38,F,AK,AK,F
14:15:32,ICBP,RG,8450,86,F,DX,YU,F
14:15:32,ICBP,RG,8450,86,F,DX,YU,F
14:15:17,ICBP,RG,8475,2,F,AK,AK,F
14:15:16,ICBP,RG,8475,16,F,AK,AK,F
14:15:15,ICBP,RG,8450,10,F,DX,CG,F
14:15:15,ICBP,RG,8450,72,F,DX,AK,F
14:14:42,ICBP,RG,8475,3,F,AK,AK,F
14:14:41,ICBP,RG,8475,6,F,AK,AK,F
14:14:41,ICBP,RG,8475,5,F,AK,YP,D
14:14:40,ICBP,RG,8450,13,F,DX,CG,F
14:14:40,ICBP,RG,8450,50,F,DX,ZP,D
14:14:21,ICBP,RG,8475,5,F,AK,YP,D
14:14:21,ICBP,RG,8475,1,F,AK,YP,D
14:14:21,ICBP,RG,8475,28,F,AK,YP,D
14:14:19,ICBP,RG,8450,17,F,DX,CG,F
14:14:19,ICBP,RG,8450,3,F,DX,CG,F
14:14:19,ICBP,RG,8450,9,F,DX,BK,F
14:14:19,ICBP,RG,8450,53,F,DX,CG,F
14:14:19,ICBP,RG,8450,34,F,DX,CG,F
14:14:19,ICBP,RG,8450,40,F,DX,BK,F
14:14:02,ICBP,RG,8450,2,F,AK,BK,F
14:14:02,ICBP,RG,8450,1,F,AK,BK,F
14:14:01,ICBP,RG,8425,7,F,DX,CG,F
14:14:00,ICBP,RG,8450,58,F,AK,BK,F
14:14:00,ICBP,RG,8425,7,F,DX,CG,F
14:13:59,ICBP,RG,8450,250,D,CS,BK,F
14:13:59,ICBP,RG,8450,10,D,NI,BK,F
14:13:43,ICBP,RG,8450,13,F,AK,BK,F
14:13:42,ICBP,RG,8450,60,D,CS,BK,F
14:13:18,ICBP,RG,8450,1,D,CS,CC,D
14:13:16,ICBP,RG,8475,2,F,AK,YP,D
14:13:16,ICBP,RG,8475,1,F,AK,CC,D
14:13:16,ICBP,RG,8475,4,F,AK,CC,D
14:13:15,ICBP,RG,8450,1,D,CS,YP,D
14:13:15,ICBP,RG,8450,9,D,CS,YP,D
14:13:15,ICBP,RG,8450,15,D,CS,YP,D
14:13:15,ICBP,RG,8450,5,D,CC,YP,D
14:13:15,ICBP,RG,8450,6,D,CS,YP,D
14:13:15,ICBP,RG,8450,1,D,CS,YP,D
14:13:15,ICBP,RG,8450,22,F,AK,YP,D
14:13:15,ICBP,RG,8450,21,D,CS,YP,D
14:13:15,ICBP,RG,8450,35,D,DH,YP,D
14:13:15,ICBP,RG,8450,23,D,CS,YP,D
14:13:15,ICBP,RG,8450,12,D,DR,YP,D
14:13:04,ICBP,RG,8475,2,F,AK,CC,D
14:13:03,ICBP,RG,8475,2,D,CC,CC,D
14:13:03,ICBP,RG,8475,1,D,CC,XC,D
14:13:03,ICBP,RG,8475,1,D,CC,XC,D
14:13:03,ICBP,RG,8475,1,D,CC,XC,D
14:13:03,ICBP,RG,8475,1,D,CC,XC,D
14:13:03,ICBP,RG,8475,1,D,CC,XC,D
14:13:03,ICBP,RG,8475,1,D,CC,XA,D
14:12:54,ICBP,RG,8475,9,F,AK,XA,D
14:12:54,ICBP,RG,8475,9,F,AK,PD,D
14:12:54,ICBP,RG,8475,1,F,AK,PD,D
14:12:53,ICBP,RG,8450,76,D,DR,YU,F
14:12:53,ICBP,RG,8450,6,D,CS,YU,F
14:12:53,ICBP,RG,8450,1,D,YP,YU,F
14:12:53,ICBP,RG,8450,3,D,CS,YU,F
14:12:44,ICBP,RG,8450,2,D,CS,OD,D
14:12:25,ICBP,RG,8475,6,F,AK,PD,D
14:12:25,ICBP,RG,8475,1,F,AK,PD,D
14:12:25,ICBP,RG,8475,1,F,AK,PD,D
14:12:24,ICBP,RG,8450,23,D,CS,NI,D
14:12:24,ICBP,RG,8450,5,D,CC,NI,D
14:12:24,ICBP,RG,8450,7,D,CS,NI,D
14:11:45,ICBP,RG,8450,2,D,CS,NI,D
14:11:16,ICBP,RG,8475,1,D,YP,PD,D
14:11:10,ICBP,RG,8475,2,F,AK,DH,D
14:11:09,ICBP,RG,8450,3,D,CS,KK,D
14:11:09,ICBP,RG,8450,3,D,CS,KK,D
14:11:09,ICBP,RG,8450,2,D,CS,KK,D
14:11:08,ICBP,RG,8475,1,D,YP,DH,D
14:11:01,ICBP,RG,8475,2,F,AK,DH,D
14:11:00,ICBP,RG,8450,9,D,CS,CG,F
14:10:59,ICBP,RG,8475,7,F,AK,DH,D
14:10:58,ICBP,RG,8450,9,D,CS,CG,F
14:10:58,ICBP,RG,8450,10,D,CS,CG,F
14:10:58,ICBP,RG,8450,28,D,CS,CG,F
14:10:58,ICBP,RG,8450,26,F,AK,CG,F
14:10:58,ICBP,RG,8450,1,D,PD,CG,F
14:10:58,ICBP,RG,8450,1,D,YP,CG,F
14:10:58,ICBP,RG,8450,3,D,CC,CG,F
14:10:58,ICBP,RG,8450,12,D,DR,CG,F
14:10:57,ICBP,RG,8475,1,F,AK,DH,D
14:10:57,ICBP,RG,8450,46,D,DR,YU,F
14:10:57,ICBP,RG,8450,40,F,DX,YU,F
14:10:56,ICBP,RG,8450,2,F,DX,DH,D
14:10:54,ICBP,RG,8450,3,F,DX,CG,F
14:10:33,ICBP,RG,8475,1,F,AK,DH,D
14:10:32,ICBP,RG,8450,3,F,DX,CG,F
14:10:31,ICBP,RG,8475,2,F,AK,DH,D
14:10:30,ICBP,RG,8475,10,D,CC,DH,D
14:10:17,ICBP,RG,8475,1,F,AK,DH,D
14:10:16,ICBP,RG,8450,2,F,DX,LG,D
14:10:14,ICBP,RG,8450,2,F,DX,CG,F
14:10:02,ICBP,RG,8475,1,F,AK,DH,D
14:10:01,ICBP,RG,8450,3,F,DX,CC,D
14:09:50,ICBP,RG,8450,1,F,DX,XC,D
14:09:50,ICBP,RG,8475,1,F,AK,DH,D
14:09:49,ICBP,RG,8450,3,F,DX,CG,F
14:09:43,ICBP,RG,8450,1,F,DX,PD,D
14:09:17,ICBP,RG,8475,1,F,AK,DH,D
14:09:16,ICBP,RG,8450,5,F,DX,CG,F
14:09:15,ICBP,RG,8450,35,F,DX,AK,F
14:08:59,ICBP,RG,8450,3,F,DX,CG,F
14:08:19,ICBP,RG,8450,2,F,DX,CG,F
14:07:59,ICBP,RG,8450,3,F,DX,CG,F
14:07:12,ICBP,RG,8450,2,F,DX,CG,F
14:07:01,ICBP,RG,8450,1,F,DX,XC,D
14:06:53,ICBP,RG,8450,2,F,DX,CG,F
14:06:41,ICBP,RG,8450,3,F,DX,CG,F
14:06:41,ICBP,RG,8450,25,F,DX,CC,D
14:06:36,ICBP,RG,8450,3,F,DX,CG,F
14:06:36,ICBP,RG,8475,5,D,NI,DH,D
14:06:36,ICBP,RG,8475,3,D,NI,PD,D
14:06:36,ICBP,RG,8475,2,D,NI,PD,D
14:06:33,ICBP,RG,8450,2,F,DX,CG,F
14:06:33,ICBP,RG,8450,1,F,DX,CC,D
14:06:22,ICBP,RG,8475,3,D,NI,PD,D
14:06:22,ICBP,RG,8475,2,D,NI,PD,D
14:06:14,ICBP,RG,8450,2,F,DX,CG,F
14:06:08,ICBP,RG,8450,3,F,DX,XC,D
14:06:01,ICBP,RG,8475,2,D,NI,PD,D
14:06:01,ICBP,RG,8475,3,D,NI,PD,D
14:05:54,ICBP,RG,8450,3,F,DX,CG,F
14:05:40,ICBP,RG,8450,1,F,DX,XC,D
14:05:30,ICBP,RG,8450,41,F,DX,AK,F
14:05:25,ICBP,RG,8450,3,F,DX,YP,D
14:05:25,ICBP,RG,8450,10,D,PD,YP,D
14:05:25,ICBP,RG,8450,1,D,OD,YP,D
14:05:25,ICBP,RG,8450,2,D,DR,YP,D
14:05:25,ICBP,RG,8450,1,D,KK,YP,D
14:05:25,ICBP,RG,8450,8,D,PD,YP,D
14:05:25,ICBP,RG,8450,2,D,XC,YP,D
14:05:25,ICBP,RG,8450,1,D,KK,YP,D
14:05:25,ICBP,RG,8450,41,F,AK,YP,D
14:05:25,ICBP,RG,8450,6,D,YJ,YP,D
14:05:19,ICBP,RG,8475,1,F,AK,PD,D
14:05:18,ICBP,RG,8475,42,F,AK,PD,D
14:05:17,ICBP,RG,8450,3,D,YJ,CG,F
14:05:16,ICBP,RG,8475,10,D,CS,PD,D
14:05:16,ICBP,RG,8475,5,D,CS,DR,D
14:05:16,ICBP,RG,8475,4,D,CS,DH,D
14:05:16,ICBP,RG,8475,1,D,CS,DH,D
14:05:16,ICBP,RG,8475,13,D,CS,YP,D
14:05:16,ICBP,RG,8475,7,D,CS,YP,D
14:05:16,ICBP,RG,8475,1,D,CS,YP,D
14:05:16,ICBP,RG,8475,19,D,CS,YP,D
14:05:16,ICBP,RG,8475,16,D,CS,YP,D
14:05:16,ICBP,RG,8475,1,D,CS,YP,D
14:05:16,ICBP,RG,8475,17,D,CS,YP,D
14:05:16,ICBP,RG,8475,8,D,CS,YP,D
14:05:16,ICBP,RG,8475,3,D,CS,YP,D
14:05:16,ICBP,RG,8475,5,D,CS,YP,D
14:05:16,ICBP,RG,8475,10,D,CS,YP,D
14:05:16,ICBP,RG,8475,4,D,CS,YP,D
14:05:16,ICBP,RG,8475,1,D,CS,YP,D
14:05:16,ICBP,RG,8475,1,D,CS,YP,D
14:05:16,ICBP,RG,8475,3,D,CS,CG,F
14:05:16,ICBP,RG,8475,2,D,CS,NI,D
14:05:16,ICBP,RG,8475,4,D,CS,AR,D
14:05:16,ICBP,RG,8475,4,D,CS,AR,D
14:05:16,ICBP,RG,8475,2,D,CS,AR,D
14:05:16,ICBP,RG,8475,1,D,CS,DH,D
14:05:16,ICBP,RG,8475,2,D,CS,DH,D
14:05:16,ICBP,RG,8475,18,D,CS,YB,D
14:05:16,ICBP,RG,8475,17,D,CS,YB,D
14:05:16,ICBP,RG,8475,1,D,CS,YB,D
14:05:16,ICBP,RG,8475,4,D,CS,YB,D
14:05:16,ICBP,RG,8475,7,D,CS,YB,D
14:05:16,ICBP,RG,8475,2,D,CS,YB,D
14:04:39,ICBP,RG,8450,2,D,YJ,CG,F
14:04:21,ICBP,RG,8475,1,F,AK,YB,D
14:04:19,ICBP,RG,8450,3,D,YJ,CG,F
14:03:29,ICBP,RG,8450,2,D,YJ,CG,F
14:03:19,ICBP,RG,8475,1,F,AK,YB,D
14:03:18,ICBP,RG,8475,1,D,NI,YB,D
14:03:05,ICBP,RG,8475,1,F,AK,YB,D
14:03:05,ICBP,RG,8475,3,D,PD,YB,D
14:03:04,ICBP,RG,8450,2,D,YJ,CG,F
14:02:44,ICBP,RG,8450,2,D,YJ,CG,F
14:02:35,ICBP,RG,8450,1,D,YJ,XC,D
14:02:30,ICBP,RG,8475,1,F,AK,YB,D
14:02:29,ICBP,RG,8450,2,D,YJ,CG,F
14:02:09,ICBP,RG,8450,2,D,YJ,CG,F
14:02:03,ICBP,RG,8475,1,F,AK,YB,D
14:02:03,ICBP,RG,8475,2,D,XC,YB,D
14:01:49,ICBP,RG,8450,1,D,YJ,CG,F
14:01:09,ICBP,RG,8475,1,F,AK,YB,D
14:01:08,ICBP,RG,8450,6,D,YJ,YU,D
14:00:46,ICBP,RG,8475,10,F,AK,YB,D
14:00:45,ICBP,RG,8450,13,D,YJ,AK,F
14:00:45,ICBP,RG,8450,13,D,CS,AK,F
14:00:45,ICBP,RG,8450,18,F,DX,AK,F
14:00:16,ICBP,RG,8450,1,F,DX,NI,D
14:00:11,ICBP,RG,8475,22,F,AK,YB,D
14:00:10,ICBP,RG,8450,99,F,DX,YB,D
13:59:54,ICBP,RG,8475,14,F,AK,YB,D
13:59:53,ICBP,RG,8450,62,F,DX,PD,D
13:59:32,ICBP,RG,8475,6,F,AK,YB,D
13:59:32,ICBP,RG,8475,1,F,AK,NI,D
13:59:32,ICBP,RG,8475,5,F,AK,CC,D
13:59:31,ICBP,RG,8475,5,D,YP,CC,D
13:59:31,ICBP,RG,8475,10,D,YP,TP,D
13:59:31,ICBP,RG,8475,1,D,YP,XC,D
13:59:31,ICBP,RG,8475,3,D,YP,NI,D
13:59:31,ICBP,RG,8475,1,D,YP,NI,D
13:59:31,ICBP,RG,8475,5,D,YP,XC,D
13:59:31,ICBP,RG,8475,2,D,YP,NI,D
13:59:31,ICBP,RG,8475,1,D,YP,CC,D
13:59:31,ICBP,RG,8475,1,D,YP,XC,D
13:59:31,ICBP,RG,8475,1,D,YP,XC,D
13:59:31,ICBP,RG,8475,10,D,YP,PD,D
13:59:31,ICBP,RG,8475,1,D,YP,PD,D
13:59:31,ICBP,RG,8475,2,D,YP,AK,D
13:59:31,ICBP,RG,8475,8,D,YP,AK,D
13:59:31,ICBP,RG,8475,2,D,YP,AK,D
13:59:31,ICBP,RG,8475,6,D,YP,LG,D
13:59:23,ICBP,RG,8475,1,F,AK,LG,D
13:59:22,ICBP,RG,8450,3,F,DX,PD,D
13:59:15,ICBP,RG,8475,1,F,AK,LG,D
13:59:14,ICBP,RG,8450,6,F,DX,XA,D
13:58:55,ICBP,RG,8475,1,F,AK,LG,D
13:58:54,ICBP,RG,8450,5,F,DX,CC,D
13:58:53,ICBP,RG,8475,1,F,AK,LG,D
13:58:52,ICBP,RG,8450,1,F,DX,XC,D
13:58:32,ICBP,RG,8450,1,F,DX,PD,D
13:56:55,ICBP,RG,8450,1,F,DX,PD,D
13:56:55,ICBP,RG,8475,1,D,PD,LG,D
13:56:08,ICBP,RG,8475,1,F,AK,LG,D
13:56:07,ICBP,RG,8450,3,F,DX,AT,D
13:53:20,ICBP,RG,8475,2,F,AK,LG,D
13:53:18,ICBP,RG,8450,3,F,AK,CG,F
13:53:18,ICBP,RG,8450,2,F,AK,CG,F
13:53:18,ICBP,RG,8450,4,F,AK,PD,D
13:53:16,ICBP,RG,8450,2,F,AK,PD,D
13:53:14,ICBP,RG,8450,8,D,CS,PD,D
13:53:13,ICBP,RG,8475,6,F,AK,LG,D
13:53:12,ICBP,RG,8450,3,F,AK,CG,F
13:53:12,ICBP,RG,8450,2,F,AK,CG,F
13:53:12,ICBP,RG,8450,2,F,AK,XC,D
13:53:12,ICBP,RG,8450,1,F,AK,CC,D
13:53:12,ICBP,RG,8450,3,F,AK,CG,F
13:53:12,ICBP,RG,8450,3,F,AK,CG,F
13:53:12,ICBP,RG,8450,13,F,AK,AK,F
13:52:58,ICBP,RG,8450,2,F,AK,AK,F
13:52:57,ICBP,RG,8450,12,D,CS,AK,F
13:52:31,ICBP,RG,8450,2,F,AK,AK,F
13:52:30,ICBP,RG,8450,8,D,CS,AK,F
13:52:16,ICBP,RG,8475,3,F,AK,LG,D
13:52:15,ICBP,RG,8475,8,D,CS,LG,D
13:52:15,ICBP,RG,8450,4,D,CS,CG,F
13:52:15,ICBP,RG,8450,3,F,AK,CG,F
13:52:14,ICBP,RG,8450,7,F,AK,BK,F
13:52:14,ICBP,RG,8450,5,F,AK,CG,F
13:52:13,ICBP,RG,8450,7,D,CS,BK,F
13:52:13,ICBP,RG,8450,17,D,CS,CG,F
13:52:13,ICBP,RG,8450,47,D,CS,BK,F
13:52:12,ICBP,RG,8450,2,F,AK,BK,F
13:52:12,ICBP,RG,8450,4,F,AK,CG,F
13:52:12,ICBP,RG,8450,4,D,CS,CG,F
13:52:11,ICBP,RG,8450,1,D,CS,CG,F
13:52:11,ICBP,RG,8450,28,F,AK,CG,F
13:52:11,ICBP,RG,8450,3,F,AK,CG,F
13:52:11,ICBP,RG,8450,4,D,CS,CG,F
13:52:11,ICBP,RG,8450,4,D,CS,CG,F
13:52:11,ICBP,RG,8450,4,D,CS,CG,F
13:52:11,ICBP,RG,8450,8,D,CS,CG,F
13:52:10,ICBP,RG,8450,1,D,CS,CC,D
13:52:10,ICBP,RG,8450,1,D,CS,CC,D
13:52:10,ICBP,RG,8450,2,D,YP,CC,D
13:52:10,ICBP,RG,8450,1,D,PD,CC,D
13:52:10,ICBP,RG,8450,2,D,YP,CC,D
13:52:10,ICBP,RG,8450,10,D,YP,CC,D
13:52:10,ICBP,RG,8450,1,D,EP,CC,D
13:52:10,ICBP,RG,8450,4,F,AK,CC,D
13:52:10,ICBP,RG,8450,28,D,CS,CC,D
13:52:10,ICBP,RG,8450,60,D,GR,CC,D
13:52:10,ICBP,RG,8450,2,D,CS,CC,D
13:52:10,ICBP,RG,8450,3,D,DH,CC,D
13:52:10,ICBP,RG,8450,1,D,YP,CC,D
13:52:10,ICBP,RG,8450,25,D,CS,CC,D
13:52:10,ICBP,RG,8450,10,D,YP,CC,D
13:52:10,ICBP,RG,8450,10,D,CS,CC,D
13:52:09,ICBP,RG,8450,1,D,CS,XC,D
13:50:45,ICBP,RG,8475,6,F,AK,LG,D
13:50:45,ICBP,RG,8450,2,D,CS,AK,F
13:50:45,ICBP,RG,8450,19,D,CS,AK,F
13:50:45,ICBP,RG,8450,5,D,CS,AK,F
13:50:45,ICBP,RG,8450,1,D,YP,AK,F
13:50:38,ICBP,RG,8475,1,F,AK,LG,D
13:50:37,ICBP,RG,8475,3,D,CC,LG,D
13:50:01,ICBP,RG,8475,1,D,YP,LG,D
13:49:21,ICBP,RG,8475,1,D,PD,LG,D
13:49:16,ICBP,RG,8475,1,F,AK,LG,D
13:49:15,ICBP,RG,8450,7,D,CS,PD,D
13:48:50,ICBP,RG,8475,3,F,AK,LG,D
13:48:49,ICBP,RG,8475,12,D,HP,LG,D
13:48:45,ICBP,RG,8450,1,D,CS,DH,D
13:48:20,ICBP,RG,8475,1,F,AK,LG,D
13:48:19,ICBP,RG,8475,3,D,AT,LG,D
13:48:17,ICBP,RG,8475,6,F,AK,LG,D
13:48:16,ICBP,RG,8475,8,F,AK,LG,D
13:48:16,ICBP,RG,8450,2,D,CS,CG,F
13:48:16,ICBP,RG,8450,16,D,CS,CG,F
13:48:16,ICBP,RG,8450,8,F,DX,CG,F
13:48:15,ICBP,RG,8475,2,D,XC,LG,D
13:48:15,ICBP,RG,8450,35,F,DX,AK,F
13:48:04,ICBP,RG,8475,11,F,AK,LG,D
13:48:03,ICBP,RG,8450,50,F,DX,DR,D
13:47:32,ICBP,RG,8475,4,F,AK,LG,D
13:47:30,ICBP,RG,8450,20,F,DX,OD,D
13:46:46,ICBP,RG,8475,8,F,AK,LG,D
13:46:45,ICBP,RG,8450,34,F,DX,AK,F
13:46:34,ICBP,RG,8450,1,F,DX,NI,D
13:46:27,ICBP,RG,8475,1,D,EP,LG,D
13:46:13,ICBP,RG,8475,2,F,AK,LG,D
13:46:11,ICBP,RG,8475,10,D,YP,LG,D
13:45:49,ICBP,RG,8475,7,F,AK,LG,D
13:45:47,ICBP,RG,8450,30,F,DX,PD,D
13:44:57,ICBP,RG,8475,2,F,AK,LG,D
13:44:55,ICBP,RG,8450,10,F,DX,DR,D
13:44:23,ICBP,RG,8475,1,F,AK,LG,D
13:44:22,ICBP,RG,8475,3,D,YP,LG,D
13:43:47,ICBP,RG,8475,1,F,AK,LG,D
13:43:46,ICBP,RG,8475,4,F,AK,LG,D
13:43:45,ICBP,RG,8450,8,F,DX,CG,F
13:43:45,ICBP,RG,8475,15,F,AK,LG,D
13:43:44,ICBP,RG,8450,16,F,DX,CG,F
13:43:43,ICBP,RG,8450,70,F,DX,KK,D
13:43:35,ICBP,RG,8475,1,F,AK,LG,D
13:43:34,ICBP,RG,8450,3,F,DX,PD,D
13:43:33,ICBP,RG,8475,47,F,AK,LG,D
13:43:32,ICBP,RG,8450,14,F,DX,CG,F
13:43:32,ICBP,RG,8450,1,F,DX,NI,D
13:43:32,ICBP,RG,8450,10,F,DX,PD,D
13:43:32,ICBP,RG,8450,3,F,DX,CG,F
13:43:32,ICBP,RG,8450,10,F,DX,PD,D
13:43:32,ICBP,RG,8450,2,F,DX,PD,D
13:43:32,ICBP,RG,8450,2,F,DX,NI,D
13:43:32,ICBP,RG,8450,3,F,DX,CG,F
13:43:32,ICBP,RG,8450,1,F,DX,CC,D
13:43:32,ICBP,RG,8450,2,F,DX,CG,F
13:43:32,ICBP,RG,8450,9,F,DX,CG,F
13:43:32,ICBP,RG,8450,1,F,DX,CG,F
13:43:32,ICBP,RG,8450,157,F,DX,BK,F
13:42:33,ICBP,RG,8450,1,F,AK,BK,F
13:42:32,ICBP,RG,8450,3,D,DR,BK,F
13:41:59,ICBP,RG,8450,4,F,AK,BK,F
13:41:59,ICBP,RG,8450,18,D,YP,BK,F
13:39:00,ICBP,RG,8450,1,D,CS,BK,F
13:38:59,ICBP,RG,8450,1,F,AK,CG,F
13:38:58,ICBP,RG,8475,2,D,CS,LG,D
13:38:58,ICBP,RG,8450,1,D,CS,CG,F
13:38:57,ICBP,RG,8450,2,F,AK,CG,F
13:38:56,ICBP,RG,8450,10,D,CS,PD,D
13:37:58,ICBP,RG,8425,1,F,DX,PD,D
13:37:56,ICBP,RG,8475,1,D,DH,LG,D
13:36:44,ICBP,RG,8475,1,F,AK,LG,D
13:36:42,ICBP,RG,8450,2,D,CS,CG,F
13:36:42,ICBP,RG,8450,2,D,CS,CG,F
13:36:33,ICBP,RG,8450,2,F,AK,CC,D
13:36:32,ICBP,RG,8450,1,D,CS,LS,D
13:36:32,ICBP,RG,8450,6,D,CS,CG,F
13:36:26,ICBP,RG,8450,1,F,AK,BK,F
13:36:25,ICBP,RG,8450,6,D,XC,BK,F
13:36:13,ICBP,RG,8450,6,F,AK,CG,F
13:36:12,ICBP,RG,8450,17,D,CS,CG,F
13:36:12,ICBP,RG,8450,11,D,CS,CG,F
13:36:12,ICBP,RG,8450,5,F,AK,CG,F
13:36:11,ICBP,RG,8450,12,D,CS,CG,F
13:36:10,ICBP,RG,8450,7,D,CS,CG,F
13:36:10,ICBP,RG,8450,1,D,CS,CG,F
13:36:08,ICBP,RG,8450,1,D,CS,XC,D
13:36:05,ICBP,RG,8475,1,F,AK,NI,D
13:36:04,ICBP,RG,8425,2,F,DX,CG,F
13:36:04,ICBP,RG,8450,1,D,YU,CG,F
13:35:58,ICBP,RG,8475,3,D,XC,DH,D
13:35:45,ICBP,RG,8475,1,F,AK,PD,D
13:35:44,ICBP,RG,8450,2,D,YU,CG,F
13:35:23,ICBP,RG,8450,2,D,YU,CG,F
13:35:23,ICBP,RG,8475,1,D,PD,PD,D
13:35:05,ICBP,RG,8475,1,F,AK,PD,D
13:35:04,ICBP,RG,8425,2,F,DX,CG,F
13:34:39,ICBP,RG,8425,2,F,DX,CG,F
13:34:30,ICBP,RG,8475,1,F,AK,DH,D
13:34:29,ICBP,RG,8425,4,F,DX,PD,D
13:34:15,ICBP,RG,8475,1,F,AK,PD,D
13:34:14,ICBP,RG,8425,3,F,DX,CG,F
13:33:34,ICBP,RG,8425,2,F,DX,CG,F
13:33:16,ICBP,RG,8475,1,F,AK,PD,D
13:33:14,ICBP,RG,8425,2,F,DX,CG,F
13:33:09,ICBP,RG,8450,1,D,XC,CC,D
13:32:56,ICBP,RG,8475,1,F,AK,PD,D
13:32:54,ICBP,RG,8450,2,D,XC,CG,F
13:32:54,ICBP,RG,8450,1,D,CS,CG,F
13:32:12,ICBP,RG,8450,2,D,PD,CG,F
13:31:16,ICBP,RG,8450,1,D,PD,SQ,D
13:30:16,ICBP,RG,8475,3,F,AK,PD,D
13:30:16,ICBP,RG,8450,1,D,PD,CC,D
13:30:14,ICBP,RG,8475,19,F,AK,PD,D
13:30:13,ICBP,RG,8475,5,D,YP,PD,D
13:30:13,ICBP,RG,8475,5,D,YP,KK,D
13:30:11,ICBP,RG,8475,1,D,CC,KK,D
13:30:10,ICBP,RG,8450,1,D,PD,YP,D
13:30:09,ICBP,RG,8475,19,D,CC,KK,D
13:30:09,ICBP,RG,8475,1,D,CC,PD,D
13:30:09,ICBP,RG,8475,3,D,CC,OD,D
13:30:09,ICBP,RG,8475,1,D,CC,AK,D
13:30:09,ICBP,RG,8475,1,D,CC,AK,D
13:30:09,ICBP,RG,8475,1,D,XC,AK,D
13:30:09,ICBP,RG,8475,4,D,XC,AK,D
13:30:08,ICBP,RG,8450,1,D,PD,KK,D
13:30:06,ICBP,RG,8475,3,D,KK,AK,D
13:30:06,ICBP,RG,8475,1,D,KK,AK,D
13:30:06,ICBP,RG,8475,3,D,PD,AK,D
13:30:05,ICBP,RG,8475,1,D,PD,AK,D
13:30:04,ICBP,RG,8475,2,D,PD,AK,D
13:30:04,ICBP,RG,8475,8,D,PD,AK,D
13:30:04,ICBP,RG,8475,2,D,PD,AK,D
13:30:04,ICBP,RG,8475,7,D,PD,AK,D
13:30:04,ICBP,RG,8475,3,D,PD,YP,D
13:30:04,ICBP,RG,8475,1,D,SQ,YP,D
13:30:04,ICBP,RG,8475,4,D,PD,YP,D
13:30:04,ICBP,RG,8450,1,D,PD,PD,D
13:30:04,ICBP,RG,8450,1,D,KK,PD,D
13:30:03,ICBP,RG,8450,4,D,DR,PD,D
13:30:03,ICBP,RG,8450,3,D,PD,PD,D
13:30:02,ICBP,RG,8450,1,D,SQ,PD,D
13:30:02,ICBP,RG,8475,2,D,IF,YP,D
13:30:02,ICBP,RG,8475,5,D,EP,YP,D
13:30:02,ICBP,RG,8475,4,D,AO,YP,D
11:29:27,ICBP,RG,8475,4,F,AK,YP,D
11:29:24,ICBP,RG,8425,21,F,DX,AK,F
11:28:57,ICBP,RG,8450,2,F,AK,CG,F
11:28:57,ICBP,RG,8450,1,F,AK,CG,F
11:28:57,ICBP,RG,8450,1,F,AK,CG,F
11:28:57,ICBP,RG,8450,3,F,AK,CG,F
11:28:57,ICBP,RG,8450,1,F,AK,CG,F
11:28:53,ICBP,RG,8425,12,F,DX,AK,F
11:28:51,ICBP,RG,8450,2,F,AK,DH,D
11:28:51,ICBP,RG,8450,2,F,AK,CG,F
11:28:51,ICBP,RG,8450,1,F,AK,CG,F
11:28:51,ICBP,RG,8450,15,F,AK,CG,F
11:28:39,ICBP,RG,8450,1,D,CC,YP,D
11:27:57,ICBP,RG,8475,3,F,AK,YP,D
11:27:57,ICBP,RG,8475,1,F,AK,YP,D
11:27:50,ICBP,RG,8475,7,D,CS,YP,D
11:27:50,ICBP,RG,8475,14,D,CS,YP,D
11:27:12,ICBP,RG,8475,11,F,AK,YP,D
11:27:08,ICBP,RG,8475,52,D,CS,YP,D
11:27:08,ICBP,RG,8475,1,D,CS,YP,D
11:27:08,ICBP,RG,8475,1,D,CS,YP,D
11:27:07,ICBP,RG,8450,1,D,NI,DH,D
11:27:07,ICBP,RG,8450,1,D,PD,DH,D
11:26:23,ICBP,RG,8450,2,D,PD,NI,D
11:25:15,ICBP,RG,8450,5,D,CS,CG,F
11:25:15,ICBP,RG,8475,19,F,AK,YP,D
11:25:14,ICBP,RG,8450,1,D,CS,CG,F
11:25:14,ICBP,RG,8450,9,F,AK,CG,F
11:25:14,ICBP,RG,8450,26,F,AK,CG,F
11:25:14,ICBP,RG,8450,1,F,AK,AK,D
11:25:14,ICBP,RG,8450,7,F,AK,AK,D
11:25:14,ICBP,RG,8450,2,F,AK,AK,D
11:25:14,ICBP,RG,8450,25,F,AK,AK,F
11:25:14,ICBP,RG,8425,10,F,DX,KK,D
11:25:12,ICBP,RG,8450,1,F,AK,AK,D
11:25:12,ICBP,RG,8450,7,F,AK,AK,D
11:25:12,ICBP,RG,8450,2,F,AK,AK,D
11:25:12,ICBP,RG,8450,24,F,AK,AK,F
11:25:12,ICBP,RG,8450,2,F,AK,CG,F
11:25:12,ICBP,RG,8450,3,F,AK,CG,F
11:25:12,ICBP,RG,8450,7,F,AK,BK,F
11:25:12,ICBP,RG,8450,335,F,AK,CS,F
11:25:00,ICBP,RG,8450,3,F,AK,CS,F
11:24:53,ICBP,RG,8425,10,F,DX,AK,F
11:24:47,ICBP,RG,8450,1,D,CS,CG,F
11:24:47,ICBP,RG,8450,1,D,CS,CG,F
11:24:46,ICBP,RG,8450,3,D,CS,XC,D
11:24:45,ICBP,RG,8450,1,F,AK,CG,F
11:24:45,ICBP,RG,8450,1,F,AK,CG,F
11:24:45,ICBP,RG,8450,1,F,AK,CG,F
11:24:45,ICBP,RG,8450,2,F,AK,CG,F
11:24:34,ICBP,RG,8425,14,F,DX,XC,D
11:24:31,ICBP,RG,8450,5,D,CS,CG,F
11:24:30,ICBP,RG,8450,2,F,AK,CG,F
11:24:25,ICBP,RG,8450,1,D,CS,CG,F
11:24:18,ICBP,RG,8425,9,F,DX,XC,D
11:24:17,ICBP,RG,8450,26,D,CS,CG,F
11:24:17,ICBP,RG,8450,12,D,CS,CG,F
11:24:17,ICBP,RG,8425,25,F,DX,GR,D
11:24:16,ICBP,RG,8450,4,D,CS,CG,F
11:24:15,ICBP,RG,8450,8,D,CS,CG,F
11:24:15,ICBP,RG,8475,1,D,CS,YP,D
11:24:15,ICBP,RG,8450,1,D,CS,CC,D
11:24:14,ICBP,RG,8450,7,D,CS,CC,D
11:24:14,ICBP,RG,8450,2,D,PD,CC,D
11:24:14,ICBP,RG,8450,3,D,PD,CC,D
11:24:14,ICBP,RG,8450,3,D,NI,CC,D
11:24:14,ICBP,RG,8450,10,D,OD,CC,D
11:23:43,ICBP,RG,8450,1,D,CC,YP,D
11:23:43,ICBP,RG,8450,5,D,YP,YP,D
11:23:43,ICBP,RG,8450,2,D,YP,YP,D
11:23:43,ICBP,RG,8450,4,D,CS,YP,D
11:23:43,ICBP,RG,8450,1,D,DH,YP,D
11:23:43,ICBP,RG,8450,12,D,CS,YP,D
11:23:38,ICBP,RG,8450,4,D,CS,AK,F
11:23:38,ICBP,RG,8450,1,D,NI,AK,F
11:23:38,ICBP,RG,8450,14,D,CS,AK,F
11:23:07,ICBP,RG,8450,1,D,CS,GR,D
11:22:48,ICBP,RG,8450,2,D,CS,CC,D
11:22:12,ICBP,RG,8450,10,D,CS,CG,F
11:22:12,ICBP,RG,8450,10,D,NI,CG,F
11:22:12,ICBP,RG,8450,17,D,CS,CG,F
11:22:12,ICBP,RG,8450,25,F,DX,CG,F
11:22:11,ICBP,RG,8450,18,F,DX,CG,F
11:22:10,ICBP,RG,8450,5,F,DX,KK,D
11:22:09,ICBP,RG,8450,4,F,DX,CG,F
11:22:08,ICBP,RG,8450,24,F,DX,AK,F
11:22:00,ICBP,RG,8450,1,F,DX,NI,D
11:21:49,ICBP,RG,8450,3,F,DX,CG,F
11:21:26,ICBP,RG,8450,5,F,DX,CC,D
11:20:58,ICBP,RG,8450,1,F,DX,XC,D
11:20:55,ICBP,RG,8450,2,F,DX,CC,D
11:20:42,ICBP,RG,8450,2,F,DX,CG,F
11:20:36,ICBP,RG,8450,1,F,DX,PD,D
11:20:14,ICBP,RG,8450,3,F,DX,CG,F
11:20:03,ICBP,RG,8450,3,F,DX,CG,F
11:20:02,ICBP,RG,8450,10,F,DX,SQ,D
11:19:57,ICBP,RG,8450,10,F,DX,AR,D
11:19:55,ICBP,RG,8450,6,F,DX,CG,F
11:19:53,ICBP,RG,8450,37,F,DX,AK,F
11:19:24,ICBP,RG,8450,3,F,DX,CG,F
11:19:19,ICBP,RG,8475,1,D,XC,YP,D
11:19:09,ICBP,RG,8450,10,F,DX,PD,D
11:18:40,ICBP,RG,8450,6,F,DX,CG,F
11:18:40,ICBP,RG,8450,21,F,DX,CP,D
11:18:40,ICBP,RG,8450,29,F,AK,CP,D
11:18:19,ICBP,RG,8450,3,F,AK,CG,F
11:17:59,ICBP,RG,8450,6,F,AK,CG,F
11:17:58,ICBP,RG,8450,36,F,AK,CC,D
11:17:58,ICBP,RG,8450,5,D,PD,CC,D
11:17:58,ICBP,RG,8450,9,D,YP,CC,D
11:17:46,ICBP,RG,8450,1,D,YP,YP,D
11:17:46,ICBP,RG,8450,1,D,PD,YP,D
11:17:46,ICBP,RG,8450,1,D,PD,YP,D
11:17:46,ICBP,RG,8450,1,D,PD,YP,D
11:17:46,ICBP,RG,8450,1,D,PD,YP,D
11:17:14,ICBP,RG,8450,3,D,PD,CG,F
11:16:41,ICBP,RG,8450,2,D,PD,XC,D
11:16:18,ICBP,RG,8450,3,D,PD,CG,F
11:16:17,ICBP,RG,8450,1,D,PD,AT,D
11:16:17,ICBP,RG,8450,2,D,IF,AT,D
11:16:17,ICBP,RG,8450,2,D,YP,AT,D
11:16:14,ICBP,RG,8450,7,D,EP,BK,F
11:16:10,ICBP,RG,8450,1,D,EP,CC,D
11:16:07,ICBP,RG,8450,5,D,EP,CC,D
11:16:04,ICBP,RG,8450,2,D,EP,CG,F
11:15:51,ICBP,RG,8450,7,D,EP,AN,D
11:15:39,ICBP,RG,8450,3,D,EP,CG,F
11:15:08,ICBP,RG,8475,1,D,CC,YP,D
11:15:01,ICBP,RG,8450,1,D,YJ,NI,D
11:15:00,ICBP,RG,8450,4,D,YJ,CG,F
11:14:56,ICBP,RG,8450,12,D,YJ,CG,F
11:14:56,ICBP,RG,8475,25,D,KK,YP,D
11:14:55,ICBP,RG,8450,15,D,YJ,OD,D
11:14:55,ICBP,RG,8450,10,D,YP,OD,D
11:14:55,ICBP,RG,8450,45,F,AK,OD,D
11:14:55,ICBP,RG,8450,5,D,CC,OD,D
11:14:55,ICBP,RG,8450,25,F,BK,OD,D
11:14:50,ICBP,RG,8475,1,F,AK,YP,D
11:14:49,ICBP,RG,8450,3,F,BK,CG,F
11:14:02,ICBP,RG,8475,1,F,AK,YP,D
11:14:00,ICBP,RG,8450,3,F,BK,CG,F
11:14:00,ICBP,RG,8475,5,F,AK,YP,D
11:14:00,ICBP,RG,8475,1,F,AK,YP,D
11:14:00,ICBP,RG,8450,1,F,BK,CG,F
11:14:00,ICBP,RG,8450,2,F,DX,CG,F
11:13:59,ICBP,RG,8450,25,F,DX,AI,D
11:13:14,ICBP,RG,8450,2,F,DX,CG,F
11:13:09,ICBP,RG,8475,1,F,AK,YP,D
11:13:08,ICBP,RG,8475,3,F,AK,YP,D
11:13:08,ICBP,RG,8450,4,F,DX,CG,F
11:13:07,ICBP,RG,8475,22,F,AK,YP,D
11:13:06,ICBP,RG,8450,12,F,DX,CG,F
11:13:06,ICBP,RG,8450,100,F,DX,GR,D
11:12:49,ICBP,RG,8450,3,F,DX,CG,F
11:11:59,ICBP,RG,8475,2,F,AK,YP,D
11:11:58,ICBP,RG,8450,5,F,DX,XC,D
11:11:58,ICBP,RG,8450,2,F,DX,CC,D
11:11:49,ICBP,RG,8450,3,F,DX,CG,F
11:11:32,ICBP,RG,8475,1,F,AK,YP,D
11:11:31,ICBP,RG,8475,4,F,AK,YP,D
11:11:30,ICBP,RG,8450,3,F,DX,CG,F
11:11:30,ICBP,RG,8475,13,F,AK,YP,D
11:11:30,ICBP,RG,8475,5,F,AK,YP,D
11:11:30,ICBP,RG,8475,2,F,AK,YP,D
11:11:29,ICBP,RG,8450,11,F,DX,CG,F
11:11:28,ICBP,RG,8450,28,F,DX,GR,D
11:11:28,ICBP,RG,8450,2,D,PD,GR,D
11:11:28,ICBP,RG,8450,59,D,CP,GR,D
11:11:28,ICBP,RG,8450,11,D,YJ,GR,D
11:10:55,ICBP,RG,8475,1,F,AK,YP,D
11:10:54,ICBP,RG,8450,2,D,YJ,CG,F
11:10:31,ICBP,RG,8475,1,F,AK,YP,D
11:10:29,ICBP,RG,8450,5,D,YJ,CG,F
11:10:29,ICBP,RG,8475,6,F,AK,YP,D
11:10:27,ICBP,RG,8450,30,D,YJ,YP,D
11:09:09,ICBP,RG,8475,3,F,AK,YP,D
11:09:07,ICBP,RG,8450,3,D,YJ,CG,F
11:09:07,ICBP,RG,8450,11,D,YJ,CG,F
11:09:07,ICBP,RG,8475,25,F,AK,YP,D
11:09:05,ICBP,RG,8450,28,D,YJ,YP,D
11:09:05,ICBP,RG,8450,11,D,YP,YP,D
11:09:05,ICBP,RG,8450,3,D,YP,YP,D
11:09:05,ICBP,RG,8450,1,D,YP,YP,D
11:09:05,ICBP,RG,8450,4,D,CC,YP,D
11:09:05,ICBP,RG,8450,15,D,PD,YP,D
11:09:05,ICBP,RG,8450,1,D,PD,YP,D
11:09:05,ICBP,RG,8450,47,F,DX,YP,D
11:08:34,ICBP,RG,8450,3,F,DX,CG,F
11:08:34,ICBP,RG,8475,5,F,AK,YP,D
11:08:32,ICBP,RG,8450,20,F,DX,CP,D
11:07:03,ICBP,RG,8475,3,F,AK,YP,D
11:07:03,ICBP,RG,8450,4,F,DX,CG,F
11:07:02,ICBP,RG,8450,12,F,DX,NI,D
11:06:38,ICBP,RG,8450,1,F,DX,AZ,D
11:06:06,ICBP,RG,8475,1,F,AK,YP,D
11:06:05,ICBP,RG,8450,1,F,DX,YP,D
11:05:38,ICBP,RG,8450,4,F,DX,LG,D
11:04:54,ICBP,RG,8475,2,F,AK,YP,D
11:04:53,ICBP,RG,8475,10,F,AK,YP,D
11:04:53,ICBP,RG,8450,7,F,DX,CG,F
11:04:52,ICBP,RG,8450,44,F,DX,CG,F
11:04:52,ICBP,RG,8475,3,F,AK,YP,D
11:04:51,ICBP,RG,8475,16,F,AK,YP,D
11:04:51,ICBP,RG,8475,2,F,AK,YP,D
11:04:51,ICBP,RG,8475,1,F,AK,YP,D
11:04:51,ICBP,RG,8475,95,F,BK,YP,D
11:04:51,ICBP,RG,8475,105,F,AK,YP,D
11:04:51,ICBP,RG,8475,500,F,DX,YP,D
11:04:38,ICBP,RG,8500,3,F,AK,XC,D
11:04:37,ICBP,RG,8475,1,F,AK,CC,D
11:04:37,ICBP,RG,8475,1,F,AK,CC,D
11:04:37,ICBP,RG,8475,3,F,AK,AK,F
11:04:37,ICBP,RG,8475,1,F,AK,AK,F
11:04:37,ICBP,RG,8475,16,F,AK,AK,F
11:04:37,ICBP,RG,8475,14,D,CS,AK,F
11:04:37,ICBP,RG,8475,7,D,CS,AK,F
11:04:37,ICBP,RG,8475,23,D,CS,AK,F
11:04:37,ICBP,RG,8475,1,D,SQ,AK,F
11:04:37,ICBP,RG,8475,1,D,XC,AK,F
11:04:37,ICBP,RG,8475,10,F,BK,AK,F
11:04:36,ICBP,RG,8500,7,F,AK,XC,D
11:04:36,ICBP,RG,8500,4,F,AK,CG,F
11:04:36,ICBP,RG,8500,1,F,AK,PD,D
11:04:36,ICBP,RG,8500,5,F,AK,PD,D
11:04:36,ICBP,RG,8500,1,F,AK,XC,D
11:04:36,ICBP,RG,8475,1,F,BK,PD,D
11:04:36,ICBP,RG,8475,11,F,BK,CG,F
11:04:36,ICBP,RG,8475,40,F,BK,CG,F
11:04:36,ICBP,RG,8475,3,D,XC,CG,F
11:04:36,ICBP,RG,8475,3,F,BK,CG,F
11:04:35,ICBP,RG,8500,1,F,AK,NI,D
11:04:35,ICBP,RG,8500,2,F,AK,XC,D
11:04:35,ICBP,RG,8500,6,F,AK,CG,F
11:04:35,ICBP,RG,8500,1,F,AK,XC,D
11:04:35,ICBP,RG,8500,9,F,AK,PD,D
11:04:35,ICBP,RG,8500,5,F,AK,CG,F
11:04:35,ICBP,RG,8500,8,F,AK,AK,D
11:04:35,ICBP,RG,8500,1,F,AK,CP,D
11:04:35,ICBP,RG,8500,2,F,AK,AK,D
11:04:35,ICBP,RG,8500,2,F,AK,DR,D
11:04:35,ICBP,RG,8500,19,F,AK,CG,F
11:04:35,ICBP,RG,8500,11,F,AK,AK,F
11:04:35,ICBP,RG,8475,3,F,BK,CG,F
11:04:35,ICBP,RG,8475,17,F,BK,CG,F
11:04:35,ICBP,RG,8475,65,F,DX,CG,F
11:04:34,ICBP,RG,8475,235,F,DX,YJ,D
11:04:34,ICBP,RG,8475,3,D,LG,YJ,D
11:04:34,ICBP,RG,8475,1,D,YP,YJ,D
11:04:34,ICBP,RG,8475,6,D,CS,YJ,D
11:04:34,ICBP,RG,8475,5,D,CS,YJ,D
11:04:34,ICBP,RG,8475,24,D,CS,YJ,D
11:04:34,ICBP,RG,8475,8,F,AK,YJ,D
11:04:34,ICBP,RG,8475,11,D,CS,YJ,D
11:04:34,ICBP,RG,8475,12,D,CS,YJ,D
11:04:34,ICBP,RG,8475,2,D,DH,YJ,D
11:04:34,ICBP,RG,8475,6,D,CS,YJ,D
11:04:34,ICBP,RG,8475,75,F,AK,YJ,D
11:04:34,ICBP,RG,8475,1,D,KK,YJ,D
11:04:34,ICBP,RG,8475,1,D,XC,YJ,D
11:04:34,ICBP,RG,8475,11,D,CS,YJ,D
11:04:34,ICBP,RG,8475,8,D,CS,YJ,D
11:04:34,ICBP,RG,8475,5,D,CS,YJ,D
11:04:34,ICBP,RG,8475,33,F,BK,YJ,D
11:04:34,ICBP,RG,8475,21,D,CS,YJ,D
11:04:34,ICBP,RG,8475,26,D,CS,YJ,D
11:04:34,ICBP,RG,8475,5,D,PD,YJ,D
11:04:34,ICBP,RG,8475,5,D,YU,YJ,D
11:04:34,ICBP,RG,8475,11,D,CS,YJ,D
11:04:34,ICBP,RG,8475,18,D,CS,YJ,D
11:04:34,ICBP,RG,8475,17,D,CS,YJ,D
11:04:34,ICBP,RG,8475,5,D,NI,YJ,D
11:04:34,ICBP,RG,8475,10,D,NI,YJ,D
11:04:34,ICBP,RG,8475,3,D,CS,YJ,D
11:04:34,ICBP,RG,8475,5,D,CC,YJ,D
11:04:34,ICBP,RG,8475,22,D,CS,YJ,D
11:04:34,ICBP,RG,8475,2,D,YP,YJ,D
11:04:34,ICBP,RG,8475,12,D,CS,YJ,D
11:04:34,ICBP,RG,8475,1,D,YB,YJ,D
11:04:34,ICBP,RG,8475,25,D,EP,YJ,D
11:04:34,ICBP,RG,8475,1,D,XC,YJ,D
11:04:34,ICBP,RG,8475,50,D,EP,YJ,D
11:04:34,ICBP,RG,8475,2,D,CC,YJ,D
11:04:34,ICBP,RG,8475,2,D,CC,YJ,D
11:04:34,ICBP,RG,8475,5,D,CC,YJ,D
11:04:34,ICBP,RG,8475,11,D,CS,YJ,D
11:04:34,ICBP,RG,8475,20,D,CS,YJ,D
11:04:34,ICBP,RG,8475,2,D,CS,YJ,D
11:04:34,ICBP,RG,8475,10,D,CS,YJ,D
11:04:34,ICBP,RG,8475,24,D,CS,YJ,D
11:04:34,ICBP,RG,8475,12,D,CS,YJ,D
11:04:34,ICBP,RG,8475,10,D,NI,YJ,D
11:04:34,ICBP,RG,8475,38,F,AK,YJ,D
11:04:34,ICBP,RG,8475,29,F,BK,YJ,D
11:04:34,ICBP,RG,8475,149,F,DX,YJ,D
11:04:15,ICBP,RG,8500,1,F,AK,AK,F
11:04:14,ICBP,RG,8500,1,F,AK,AK,F
11:04:14,ICBP,RG,8475,2,F,DX,CG,F
11:04:13,ICBP,RG,8475,5,F,DX,CG,F
11:04:13,ICBP,RG,8500,10,F,AK,AK,F
11:04:13,ICBP,RG,8500,1,F,AK,CG,F
11:04:13,ICBP,RG,8500,5,F,AK,XC,D
11:04:13,ICBP,RG,8500,5,F,AK,CG,F
11:04:12,ICBP,RG,8475,100,F,DX,CP,D
11:03:17,ICBP,RG,8500,2,F,AK,CG,F
11:03:16,ICBP,RG,8475,19,F,DX,DH,D
11:03:02,ICBP,RG,8475,7,F,DX,PD,D
11:02:58,ICBP,RG,8475,8,F,DX,KK,D
11:02:22,ICBP,RG,8475,1,F,DX,NI,D
11:02:21,ICBP,RG,8500,2,D,YU,CG,F
11:02:15,ICBP,RG,8475,9,F,DX,CG,F
11:02:12,ICBP,RG,8500,2,D,CS,CG,F
11:02:12,ICBP,RG,8500,7,D,CS,CG,F
11:02:12,ICBP,RG,8500,1,D,CS,PD,D
11:02:12,ICBP,RG,8500,8,D,CS,CG,F
11:02:12,ICBP,RG,8500,157,D,CS,CC,D
11:01:35,ICBP,RG,8500,3,D,YP,CC,D
11:01:27,ICBP,RG,8475,1,F,DX,PD,D
11:01:13,ICBP,RG,8475,1,F,DX,OD,D
11:01:11,ICBP,RG,8475,2,F,DX,CG,F
11:01:11,ICBP,RG,8475,1,F,DX,PD,D
11:01:11,ICBP,RG,8475,1,F,DX,PD,D
11:01:11,ICBP,RG,8475,1,F,DX,PD,D
11:01:11,ICBP,RG,8475,1,F,DX,PD,D
11:00:39,ICBP,RG,8475,3,F,DX,CG,F
11:00:39,ICBP,RG,8475,3,F,DX,CG,F
10:59:35,ICBP,RG,8475,3,F,DX,CP,D
10:59:29,ICBP,RG,8475,2,F,DX,CG,F
10:58:07,ICBP,RG,8500,6,D,PD,CC,D
10:57:29,ICBP,RG,8475,8,F,DX,PC,D
10:57:26,ICBP,RG,8475,1,F,DX,CC,D
10:56:58,ICBP,RG,8475,3,F,DX,CG,F
10:56:58,ICBP,RG,8475,20,F,DX,CC,D
10:56:41,ICBP,RG,8475,1,F,DX,DH,D
10:56:40,ICBP,RG,8475,11,F,DX,CG,F
10:56:35,ICBP,RG,8475,37,F,DX,HP,D
10:56:35,ICBP,RG,8475,25,D,CS,HP,D
10:56:35,ICBP,RG,8475,7,F,BK,HP,D
10:56:35,ICBP,RG,8475,1,F,BK,HP,D
10:56:35,ICBP,RG,8475,4,F,BK,HP,D
10:56:35,ICBP,RG,8475,1,F,BK,HP,D
10:56:35,ICBP,RG,8475,4,F,BK,HP,D
10:56:35,ICBP,RG,8475,1,F,BK,HP,D
10:56:35,ICBP,RG,8475,1,F,BK,HP,D
10:56:35,ICBP,RG,8475,2,F,BK,HP,D
10:56:35,ICBP,RG,8475,1,F,BK,HP,D
10:56:35,ICBP,RG,8475,3,F,BK,HP,D
10:56:35,ICBP,RG,8475,4,F,BK,HP,D
10:56:35,ICBP,RG,8475,3,F,BK,HP,D
10:56:35,ICBP,RG,8475,2,F,BK,HP,D
10:56:35,ICBP,RG,8475,1,F,BK,HP,D
10:56:35,ICBP,RG,8475,3,F,BK,HP,D
10:55:53,ICBP,RG,8475,1,F,BK,CG,F
10:55:53,ICBP,RG,8475,1,D,CC,CG,F
10:55:53,ICBP,RG,8475,4,D,CS,CG,F
10:55:52,ICBP,RG,8475,6,D,CS,CG,F
10:55:52,ICBP,RG,8475,5,D,CS,CG,F
10:55:51,ICBP,RG,8475,13,D,CS,YP,D
10:55:51,ICBP,RG,8475,97,F,AK,YP,D
10:55:51,ICBP,RG,8475,8,D,CS,YP,D
10:55:51,ICBP,RG,8475,15,D,CS,YP,D
10:55:51,ICBP,RG,8475,3,D,OD,YP,D
10:55:51,ICBP,RG,8475,5,D,CS,YP,D
10:55:51,ICBP,RG,8475,5,D,CS,YP,D
10:55:51,ICBP,RG,8475,4,D,CS,YP,D
10:55:45,ICBP,RG,8475,2,D,CS,XC,D
10:55:11,ICBP,RG,8500,2,F,AK,CC,D
10:55:10,ICBP,RG,8475,7,D,CS,NI,D
10:54:13,ICBP,RG,8475,1,D,CS,CG,F
10:54:13,ICBP,RG,8475,3,D,CS,CG,F
10:54:12,ICBP,RG,8500,16,F,AK,CC,D
10:54:11,ICBP,RG,8475,15,D,CS,YP,D
10:54:11,ICBP,RG,8475,17,D,CS,YP,D
10:54:11,ICBP,RG,8475,5,F,AK,YP,D
10:54:11,ICBP,RG,8475,61,F,BK,YP,D
10:54:11,ICBP,RG,8475,2,F,AK,YP,D
10:53:34,ICBP,RG,8500,1,F,AK,CC,D
10:53:33,ICBP,RG,8475,5,F,AK,CC,D
10:53:05,ICBP,RG,8475,1,F,AK,XC,D
10:52:09,ICBP,RG,8475,1,F,AK,XC,D
10:51:31,ICBP,RG,8500,15,F,AK,CC,D
10:51:31,ICBP,RG,8500,7,F,AK,CG,F
10:51:31,ICBP,RG,8500,2,F,AK,AK,D
10:51:31,ICBP,RG,8500,2,F,AK,AK,D
10:51:30,ICBP,RG,8500,7,D,CC,AK,D
10:51:30,ICBP,RG,8500,3,D,CC,PD,D
10:51:30,ICBP,RG,8500,12,D,CC,GR,D
10:51:30,ICBP,RG,8500,2,D,CC,AK,D
10:51:30,ICBP,RG,8500,25,D,CC,EP,D
10:51:30,ICBP,RG,8500,6,D,CC,CG,F
10:51:30,ICBP,RG,8500,7,D,CC,CG,F
10:51:30,ICBP,RG,8500,27,D,CC,AK,F
10:51:30,ICBP,RG,8500,5,D,CC,SQ,D
10:51:30,ICBP,RG,8500,3,D,CC,PD,D
10:51:30,ICBP,RG,8500,21,D,CC,CG,F
10:51:30,ICBP,RG,8500,1,D,CC,PD,D
10:51:30,ICBP,RG,8500,1,D,CC,PD,D
10:51:30,ICBP,RG,8500,5,D,CC,PD,D
10:51:06,ICBP,RG,8500,1,F,AK,PD,D
10:51:05,ICBP,RG,8475,3,F,AK,YP,D
10:51:00,ICBP,RG,8500,1,F,AK,PD,D
10:50:59,ICBP,RG,8475,3,F,AK,CG,F
10:50:51,ICBP,RG,8500,1,D,DH,PD,D
10:50:00,ICBP,RG,8475,2,F,AK,CG,F
10:49:30,ICBP,RG,8500,1,F,AK,PD,D
10:49:29,ICBP,RG,8475,3,F,AK,CG,F
10:49:14,ICBP,RG,8500,1,F,AK,PD,D
10:49:14,ICBP,RG,8500,1,F,AK,PD,D
10:49:12,ICBP,RG,8500,1,D,CC,PD,D
10:49:12,ICBP,RG,8500,5,D,CC,PD,D
10:49:12,ICBP,RG,8500,1,D,CC,LG,D
10:49:12,ICBP,RG,8500,3,D,CC,AK,D
10:49:05,ICBP,RG,8475,2,F,AK,PD,D
10:48:59,ICBP,RG,8500,2,F,AK,AK,D
10:48:58,ICBP,RG,8500,5,D,YP,AK,D
10:48:19,ICBP,RG,8475,3,F,AK,CG,F
10:47:50,ICBP,RG,8500,4,F,AK,AK,D
10:47:49,ICBP,RG,8475,18,F,AK,XC,D
10:47:24,ICBP,RG,8500,1,D,PD,AK,D
10:47:14,ICBP,RG,8475,1,F,AK,CG,F
10:46:08,ICBP,RG,8500,3,F,AK,AK,D
10:46:06,ICBP,RG,8500,2,D,YP,AK,D
10:46:06,ICBP,RG,8500,8,D,YP,AK,D
10:45:55,ICBP,RG,8500,2,F,AK,AK,D
10:45:54,ICBP,RG,8500,11,F,BK,AK,D
10:45:50,ICBP,RG,8500,6,F,AK,AK,D
10:45:49,ICBP,RG,8500,7,D,GR,AK,D
10:45:49,ICBP,RG,8500,10,D,GR,AK,D
10:45:49,ICBP,RG,8500,1,D,GR,CC,D
10:45:49,ICBP,RG,8500,1,D,GR,DX,D
10:45:49,ICBP,RG,8500,11,D,GR,CG,F
10:45:43,ICBP,RG,8500,2,F,AK,CG,F
10:45:43,ICBP,RG,8500,6,F,BK,CG,F
10:45:43,ICBP,RG,8500,4,F,BK,AK,D
10:45:40,ICBP,RG,8500,1,F,AK,AK,D
10:45:39,ICBP,RG,8475,4,F,AK,CG,F
10:45:38,ICBP,RG,8500,7,F,AK,AK,D
10:45:37,ICBP,RG,8500,22,F,BK,AK,D
10:45:37,ICBP,RG,8500,11,F,BK,AK,D
10:45:37,ICBP,RG,8500,1,F,AK,AK,D
10:45:36,ICBP,RG,8500,1,F,AK,AK,F
10:45:36,ICBP,RG,8475,5,F,AK,CG,F
10:45:35,ICBP,RG,8500,50,F,AK,AK,F
10:45:35,ICBP,RG,8475,4,F,AK,CG,F
10:45:34,ICBP,RG,8500,19,F,AK,AK,F
10:45:34,ICBP,RG,8500,20,F,AK,AK,F
10:45:34,ICBP,RG,8500,1,F,AK,XC,D
10:45:34,ICBP,RG,8500,1,F,AK,CC,D
10:45:34,ICBP,RG,8500,1,F,AK,XC,D
10:45:34,ICBP,RG,8500,12,F,AK,GR,D
10:45:34,ICBP,RG,8500,3,F,AK,YP,D
10:45:34,ICBP,RG,8500,12,F,AK,SQ,D
10:45:34,ICBP,RG,8500,4,F,AK,PD,D
10:45:34,ICBP,RG,8500,1,F,AK,YP,D
10:45:34,ICBP,RG,8500,1,F,AK,PD,D
10:45:34,ICBP,RG,8500,1,F,AK,PD,D
10:45:34,ICBP,RG,8500,5,F,AK,CG,F
10:45:34,ICBP,RG,8500,1,F,AK,XC,D
10:45:34,ICBP,RG,8500,3,F,AK,CG,F
10:45:34,ICBP,RG,8500,5,F,AK,XC,D
10:45:34,ICBP,RG,8500,2,F,AK,YP,D
10:45:34,ICBP,RG,8500,3,F,AK,PD,D
10:45:34,ICBP,RG,8500,1,F,AK,PD,D
10:45:34,ICBP,RG,8500,8,F,AK,NI,D
10:45:34,ICBP,RG,8500,2,F,AK,OD,D
10:45:34,ICBP,RG,8500,100,F,AK,AT,D
10:45:34,ICBP,RG,8500,6,F,AK,PD,D
10:45:34,ICBP,RG,8500,1,F,AK,XC,D
10:45:34,ICBP,RG,8500,1,F,AK,XC,D
10:45:34,ICBP,RG,8500,1,F,AK,PD,D
10:45:34,ICBP,RG,8500,25,F,AK,CC,D
10:45:33,ICBP,RG,8500,2,F,AK,CC,D
10:45:32,ICBP,RG,8500,10,F,BK,CC,D
10:45:28,ICBP,RG,8500,2,F,AK,CC,D
10:45:27,ICBP,RG,8500,11,F,BK,CC,D
10:45:25,ICBP,RG,8500,9,F,AK,CC,D
10:45:25,ICBP,RG,8500,1,F,AK,PD,D
10:45:25,ICBP,RG,8500,2,F,AK,OD,D
10:45:25,ICBP,RG,8500,2,F,AK,CG,F
10:45:25,ICBP,RG,8500,7,F,AK,OD,D
10:45:24,ICBP,RG,8500,23,D,GR,OD,D
10:45:24,ICBP,RG,8500,1,D,GR,CC,D
10:45:24,ICBP,RG,8500,2,D,GR,CG,F
10:45:24,ICBP,RG,8500,1,D,GR,CC,D
10:45:24,ICBP,RG,8500,5,D,GR,CC,D
10:45:24,ICBP,RG,8500,4,D,GR,CG,F
10:45:24,ICBP,RG,8500,15,D,GR,CC,D
10:45:24,ICBP,RG,8500,16,D,GR,CG,F
10:45:24,ICBP,RG,8500,1,D,GR,CC,D
10:45:24,ICBP,RG,8500,1,D,GR,CP,D
10:45:24,ICBP,RG,8500,6,D,GR,BK,F
10:45:24,ICBP,RG,8500,6,D,GR,CG,F
10:45:24,ICBP,RG,8500,9,D,GR,PD,D
10:45:24,ICBP,RG,8500,1,D,GR,NI,D
10:45:24,ICBP,RG,8500,1,D,GR,PD,D
10:45:24,ICBP,RG,8500,2,D,GR,SQ,D
10:45:24,ICBP,RG,8500,1,D,GR,PD,D
10:45:24,ICBP,RG,8500,1,D,GR,XC,D
10:45:24,ICBP,RG,8500,4,D,GR,NI,D
10:45:23,ICBP,RG,8500,1,F,AK,NI,D
10:45:22,ICBP,RG,8500,3,D,YP,NI,D
10:44:42,ICBP,RG,8500,2,D,PD,NI,D
10:44:42,ICBP,RG,8500,1,D,PD,YP,D
10:44:37,ICBP,RG,8500,2,F,AK,XC,D
10:44:37,ICBP,RG,8500,2,F,BK,XC,D
10:44:37,ICBP,RG,8500,2,F,BK,CC,D
10:44:37,ICBP,RG,8500,1,F,BK,KK,D
10:44:37,ICBP,RG,8500,1,F,BK,CC,D
10:44:37,ICBP,RG,8500,2,F,BK,CC,D
10:44:31,ICBP,RG,8500,3,F,AK,CC,D
10:44:31,ICBP,RG,8500,2,F,AK,CG,F
10:44:30,ICBP,RG,8500,1,D,EP,CG,F
10:44:30,ICBP,RG,8500,24,D,EP,YP,D
10:44:11,ICBP,RG,8500,1,F,AK,YP,D
10:44:10,ICBP,RG,8475,1,F,AK,CG,F
10:43:46,ICBP,RG,8500,4,D,CC,YP,D
10:43:41,ICBP,RG,8500,1,F,AK,YP,D
10:43:41,ICBP,RG,8500,1,D,AG,YP,D
10:43:31,ICBP,RG,8500,1,F,AK,YP,D
10:43:30,ICBP,RG,8500,8,F,BK,YP,D
10:43:30,ICBP,RG,8500,7,F,AK,YP,D
10:43:29,ICBP,RG,8500,30,D,YP,YP,D
10:43:29,ICBP,RG,8500,1,F,AK,YP,D
10:43:29,ICBP,RG,8475,1,F,AK,PD,D
10:43:28,ICBP,RG,8475,5,F,AK,XC,D
10:42:56,ICBP,RG,8500,1,D,XC,YP,D
10:42:50,ICBP,RG,8500,2,F,AK,YP,D
10:42:50,ICBP,RG,8475,2,F,AK,DH,D
10:42:49,ICBP,RG,8500,9,F,BK,YP,D
10:42:47,ICBP,RG,8500,10,F,AK,YP,D
10:42:47,ICBP,RG,8500,1,F,AK,CC,D
10:42:46,ICBP,RG,8500,4,D,EP,CC,D
10:42:46,ICBP,RG,8500,10,D,EP,DR,D
10:42:46,ICBP,RG,8500,3,D,EP,CG,F
10:42:46,ICBP,RG,8500,18,D,EP,CG,F
10:42:46,ICBP,RG,8500,1,D,EP,AK,D
10:42:46,ICBP,RG,8500,14,D,EP,AK,D
10:42:13,ICBP,RG,8475,2,F,AK,PD,D
10:42:10,ICBP,RG,8500,2,F,AK,AK,D
10:42:09,ICBP,RG,8500,1,F,BK,AK,D
10:42:09,ICBP,RG,8500,3,F,BK,AK,D
10:42:09,ICBP,RG,8500,1,F,BK,HP,D
10:42:09,ICBP,RG,8500,3,F,BK,CS,F
10:42:08,ICBP,RG,8500,1,F,AK,CS,F
10:42:07,ICBP,RG,8500,4,F,AK,CS,F
10:42:07,ICBP,RG,8475,4,F,AK,CG,F
10:42:06,ICBP,RG,8500,21,D,CC,CS,F
10:42:00,ICBP,RG,8500,2,F,AK,CS,F
10:41:59,ICBP,RG,8500,1,F,AK,CS,F
10:41:59,ICBP,RG,8500,9,F,BK,CS,F
10:41:58,ICBP,RG,8475,3,F,AK,CG,F
10:41:57,ICBP,RG,8500,3,D,YP,CS,F
10:41:56,ICBP,RG,8500,5,F,AK,CS,F
10:41:55,ICBP,RG,8500,20,F,BK,CS,F
10:41:55,ICBP,RG,8500,2,F,AK,CS,F
10:41:55,ICBP,RG,8475,3,F,AK,CG,F
10:41:54,ICBP,RG,8500,18,F,AK,CS,F
10:41:54,ICBP,RG,8475,9,F,AK,CG,F
10:41:53,ICBP,RG,8500,6,F,AK,CS,F
10:41:53,ICBP,RG,8500,84,F,BK,CS,F
10:41:53,ICBP,RG,8475,5,F,AK,CG,F
10:41:52,ICBP,RG,8500,25,D,BQ,CS,F
10:41:52,ICBP,RG,8500,2,F,AK,CS,F
10:41:51,ICBP,RG,8500,9,F,AK,CS,F
10:41:51,ICBP,RG,8475,12,F,AK,CG,F
10:41:50,ICBP,RG,8500,7,F,AK,CS,F
10:41:50,ICBP,RG,8500,1,F,AK,GR,D
10:41:50,ICBP,RG,8500,5,F,AK,CC,D
10:41:50,ICBP,RG,8500,3,F,AK,CG,F
10:41:50,ICBP,RG,8500,15,F,AK,YP,D
10:41:50,ICBP,RG,8500,50,F,AK,YP,D
10:41:50,ICBP,RG,8500,24,F,AK,TP,D
10:41:50,ICBP,RG,8475,44,F,AK,CG,F
10:41:49,ICBP,RG,8500,6,F,DX,TP,D
10:41:49,ICBP,RG,8500,10,F,DX,YP,D
10:41:49,ICBP,RG,8500,1,F,DX,XC,D
10:41:49,ICBP,RG,8500,10,F,DX,KK,D
10:41:49,ICBP,RG,8500,2,F,DX,LG,D
10:41:49,ICBP,RG,8500,10,F,DX,PD,D
10:41:49,ICBP,RG,8500,24,F,DX,PD,D
10:41:49,ICBP,RG,8500,1,F,DX,CC,D
10:41:49,ICBP,RG,8500,1,F,DX,PC,D
10:41:49,ICBP,RG,8500,10,F,DX,YP,D
10:41:49,ICBP,RG,8500,10,F,DX,KK,D
10:41:49,ICBP,RG,8500,4,F,DX,PD,D
10:41:49,ICBP,RG,8500,1,F,DX,XC,D
10:41:49,ICBP,RG,8500,1,F,DX,CG,F
10:41:49,ICBP,RG,8500,2,F,DX,CG,F
10:41:49,ICBP,RG,8500,4,F,DX,DH,D
10:41:49,ICBP,RG,8500,2,F,DX,CG,F
10:41:49,ICBP,RG,8500,2,F,DX,YP,D
10:41:49,ICBP,RG,8500,5,F,DX,PD,D
10:41:49,ICBP,RG,8500,22,F,DX,AK,F
10:41:49,ICBP,RG,8500,1,F,DX,PD,D
10:41:49,ICBP,RG,8500,86,F,DX,YU,F
10:41:49,ICBP,RG,8500,86,F,DX,YU,F
10:41:49,ICBP,RG,8500,86,F,DX,YU,F
10:41:49,ICBP,RG,8500,86,F,DX,YU,F
10:41:49,ICBP,RG,8500,2,F,DX,DH,D
10:41:49,ICBP,RG,8500,3,F,DX,PD,D
10:41:49,ICBP,RG,8500,4,F,DX,CG,F
10:41:49,ICBP,RG,8500,1,F,DX,XC,D
10:41:49,ICBP,RG,8500,4,F,DX,PD,D
10:41:49,ICBP,RG,8500,13,F,DX,YP,D
10:41:44,ICBP,RG,8500,1,F,AK,YP,D
10:41:43,ICBP,RG,8500,3,F,AK,YP,D
10:41:43,ICBP,RG,8500,7,F,BK,YP,D
10:41:42,ICBP,RG,8500,1,F,AK,YP,D
10:41:42,ICBP,RG,8475,2,F,AK,CG,F
10:41:42,ICBP,RG,8475,1,D,EP,CG,F
10:41:41,ICBP,RG,8500,10,D,PD,YP,D
10:41:41,ICBP,RG,8500,8,F,BK,YP,D
10:41:38,ICBP,RG,8500,1,F,AK,YP,D
10:41:37,ICBP,RG,8500,5,F,AK,YP,D
10:41:37,ICBP,RG,8475,3,D,EP,CG,F
10:41:36,ICBP,RG,8500,6,F,AK,YP,D
10:41:36,ICBP,RG,8500,3,F,AK,GR,D
10:41:36,ICBP,RG,8500,1,F,AK,YB,D
10:41:36,ICBP,RG,8500,1,D,PD,YB,D
10:41:36,ICBP,RG,8475,7,D,EP,CG,F
10:41:36,ICBP,RG,8500,16,F,BK,YB,D
10:41:35,ICBP,RG,8500,2,D,GR,YB,D
10:41:35,ICBP,RG,8500,9,D,GR,AK,D
10:41:35,ICBP,RG,8500,1,D,GR,OD,D
10:41:35,ICBP,RG,8500,1,D,GR,NI,D
10:41:35,ICBP,RG,8500,10,D,GR,DH,D
10:41:35,ICBP,RG,8500,10,D,GR,CC,D
10:41:35,ICBP,RG,8500,17,D,GR,AI,D
10:41:34,ICBP,RG,8500,2,F,AK,AI,D
10:41:33,ICBP,RG,8500,6,F,AK,AI,D
10:41:33,ICBP,RG,8500,8,F,AK,CP,D
10:41:33,ICBP,RG,8475,8,D,EP,CG,F
10:41:32,ICBP,RG,8475,65,D,EP,KK,D
10:41:30,ICBP,RG,8500,1,F,AK,CP,D
10:41:29,ICBP,RG,8500,1,F,BK,CP,D
10:41:29,ICBP,RG,8500,1,F,BK,XC,D
10:41:29,ICBP,RG,8500,5,F,BK,AK,D
10:41:27,ICBP,RG,8500,1,F,AK,AK,D
10:41:26,ICBP,RG,8500,1,F,AK,AK,D
10:41:26,ICBP,RG,8500,3,F,AK,AK,D
10:41:26,ICBP,RG,8475,3,D,EP,CG,F
10:41:25,ICBP,RG,8500,1,F,AK,PD,D
10:41:25,ICBP,RG,8500,17,F,BK,PD,D
10:41:24,ICBP,RG,8500,1,F,AK,PD,D
10:41:24,ICBP,RG,8475,6,D,EP,CG,F
10:41:23,ICBP,RG,8500,11,F,AK,PD,D
10:41:23,ICBP,RG,8475,5,D,EP,CG,F
10:41:22,ICBP,RG,8500,30,F,AK,PD,D
10:41:22,ICBP,RG,8500,2,F,AK,PD,D
10:41:22,ICBP,RG,8500,1,F,AK,PD,D
10:41:22,ICBP,RG,8500,4,F,AK,CC,D
10:41:22,ICBP,RG,8500,1,F,AK,PD,D
10:41:22,ICBP,RG,8500,5,F,AK,YU,D
10:41:22,ICBP,RG,8500,3,F,AK,PD,D
10:41:22,ICBP,RG,8500,2,F,AK,AK,D
10:41:22,ICBP,RG,8500,2,F,AK,YP,D
10:41:22,ICBP,RG,8500,20,F,BK,YP,D
10:41:22,ICBP,RG,8500,9,F,BK,AK,F
10:41:22,ICBP,RG,8475,23,D,EP,CG,F
10:41:21,ICBP,RG,8500,16,F,AK,AK,F
10:41:21,ICBP,RG,8500,5,F,AK,AT,D
10:41:21,ICBP,RG,8500,2,F,AK,AK,D
10:41:21,ICBP,RG,8500,16,F,AK,AK,D
10:41:21,ICBP,RG,8500,4,F,AK,XC,D
10:41:21,ICBP,RG,8500,8,F,AK,AK,D
10:41:21,ICBP,RG,8500,189,F,AK,CS,F
10:41:20,ICBP,RG,8500,1,D,PD,CS,F
10:41:11,ICBP,RG,8500,1,F,AK,CS,F
10:41:10,ICBP,RG,8475,5,D,EP,YP,D
10:40:31,ICBP,RG,8500,1,F,AK,CS,F
10:40:30,ICBP,RG,8500,3,D,PD,CS,F
10:40:01,ICBP,RG,8500,1,F,AK,CS,F
10:39:59,ICBP,RG,8500,3,F,BK,CS,F
10:39:59,ICBP,RG,8500,4,F,BK,CG,F
10:39:59,ICBP,RG,8500,1,F,BK,YU,D
10:39:56,ICBP,RG,8500,1,F,AK,LS,D
10:39:55,ICBP,RG,8500,1,F,AK,LG,D
10:39:55,ICBP,RG,8500,2,F,AK,GR,D
10:39:54,ICBP,RG,8475,3,D,EP,CG,F
10:39:54,ICBP,RG,8500,1,F,BK,GR,D
10:39:54,ICBP,RG,8500,15,F,BK,CP,D
10:39:54,ICBP,RG,8500,1,F,BK,DR,D
10:39:53,ICBP,RG,8500,2,F,AK,DR,D
10:39:52,ICBP,RG,8500,6,F,AK,DR,D
10:39:52,ICBP,RG,8475,8,D,EP,CG,F
10:39:51,ICBP,RG,8500,31,F,AK,DR,D
10:39:51,ICBP,RG,8500,10,F,AK,AK,D
10:39:51,ICBP,RG,8500,2,F,AK,AK,D
10:39:51,ICBP,RG,8500,26,F,AK,AK,F
10:39:51,ICBP,RG,8500,2,F,AK,PD,D
10:39:51,ICBP,RG,8500,1,F,AK,CG,F
10:39:51,ICBP,RG,8500,5,F,AK,CG,F
10:39:51,ICBP,RG,8500,27,F,AK,PD,D
10:39:50,ICBP,RG,8475,29,D,EP,CG,F
10:39:50,ICBP,RG,8500,23,F,DX,PD,D
10:39:50,ICBP,RG,8500,2,F,DX,NI,D
10:39:50,ICBP,RG,8500,1,F,DX,NI,D
10:39:50,ICBP,RG,8500,10,F,DX,PD,D
10:39:50,ICBP,RG,8500,7,F,DX,PD,D
10:39:50,ICBP,RG,8500,2,F,DX,CG,F
10:39:50,ICBP,RG,8500,1,F,DX,GR,D
10:39:50,ICBP,RG,8500,127,F,DX,PD,D
10:39:50,ICBP,RG,8500,11,F,DX,CG,F
10:39:50,ICBP,RG,8500,229,F,DX,CC,D
10:39:50,ICBP,RG,8500,5,F,DX,DR,D
10:39:50,ICBP,RG,8500,10,F,DX,CC,D
10:39:50,ICBP,RG,8500,1,F,DX,PD,D
10:39:50,ICBP,RG,8500,2,F,DX,KK,D
10:39:50,ICBP,RG,8500,5,F,DX,CC,D
10:39:50,ICBP,RG,8500,2,F,DX,YP,D
10:39:50,ICBP,RG,8500,3,F,DX,PD,D
10:39:50,ICBP,RG,8500,1,F,DX,NI,D
10:39:50,ICBP,RG,8500,25,F,DX,AK,F
10:39:50,ICBP,RG,8500,10,F,DX,CC,D
10:39:50,ICBP,RG,8500,20,F,DX,CC,D
10:39:50,ICBP,RG,8500,1,F,DX,YP,D
10:39:50,ICBP,RG,8500,2,F,DX,CG,F
10:38:30,ICBP,RG,8500,1,F,AK,CG,F
10:38:29,ICBP,RG,8475,1,D,EP,XC,D
10:38:23,ICBP,RG,8500,4,F,AK,XC,D
10:38:22,ICBP,RG,8475,20,D,EP,NI,D
10:37:46,ICBP,RG,8475,2,D,EP,YP,D
10:37:25,ICBP,RG,8500,1,F,AK,XC,D
10:37:24,ICBP,RG,8475,2,D,EP,KK,D
10:37:18,ICBP,RG,8475,9,D,EP,YP,D
10:37:18,ICBP,RG,8475,1,D,CS,YP,D
10:36:46,ICBP,RG,8475,1,D,CS,XC,D
10:36:26,ICBP,RG,8475,1,D,CS,CC,D
10:36:26,ICBP,RG,8475,4,F,AK,CC,D
10:36:26,ICBP,RG,8475,6,F,BK,CC,D
10:36:05,ICBP,RG,8475,2,F,BK,XC,D
10:35:37,ICBP,RG,8500,1,F,AK,XC,D
10:35:36,ICBP,RG,8500,3,D,YP,XC,D
10:35:35,ICBP,RG,8475,1,F,BK,NI,D
10:35:27,ICBP,RG,8475,1,F,BK,LG,D
10:35:09,ICBP,RG,8500,1,F,AK,XC,D
10:35:09,ICBP,RG,8500,1,F,AK,PD,D
10:35:07,ICBP,RG,8475,10,F,BK,PD,D
10:34:39,ICBP,RG,8500,1,D,KK,PD,D
10:34:18,ICBP,RG,8500,1,F,AK,PD,D
10:34:17,ICBP,RG,8475,1,F,BK,CC,D
10:33:34,ICBP,RG,8500,1,D,YP,PD,D
10:32:53,ICBP,RG,8500,3,F,AK,PD,D
10:32:53,ICBP,RG,8500,1,F,AK,TP,D
10:32:52,ICBP,RG,8500,6,F,AK,TP,D
10:32:52,ICBP,RG,8475,20,F,BK,PD,D
10:32:51,ICBP,RG,8475,1,F,BK,YP,D
10:32:51,ICBP,RG,8475,21,F,BK,YP,D
10:32:51,ICBP,RG,8475,9,D,CS,YP,D
10:32:44,ICBP,RG,8500,2,F,AK,TP,D
10:32:43,ICBP,RG,8475,5,D,CS,TP,D
10:32:43,ICBP,RG,8500,1,F,AK,TP,D
10:32:43,ICBP,RG,8500,3,F,AK,CG,F
10:32:43,ICBP,RG,8500,2,F,AK,CC,D
10:32:43,ICBP,RG,8500,5,F,AK,OD,D
10:32:43,ICBP,RG,8500,2,F,AK,PD,D
10:32:43,ICBP,RG,8500,5,F,AK,CC,D
10:32:43,ICBP,RG,8500,8,F,AK,LG,D
10:32:42,ICBP,RG,8475,1,D,CS,YP,D
10:32:42,ICBP,RG,8475,139,F,DX,YP,D
10:32:41,ICBP,RG,8475,5,F,DX,IF,D
10:32:34,ICBP,RG,8475,43,F,DX,CG,F
10:32:34,ICBP,RG,8475,11,F,DX,CG,F
10:32:34,ICBP,RG,8475,1,F,DX,CC,D
10:32:34,ICBP,RG,8475,1,F,DX,CC,D
10:32:29,ICBP,RG,8450,5,F,DX,YP,D
10:32:14,ICBP,RG,8450,6,F,DX,CG,F
10:32:13,ICBP,RG,8450,46,F,DX,CG,F
10:32:13,ICBP,RG,8450,1,D,GR,CG,F
10:32:13,ICBP,RG,8450,3,D,YP,CG,F
10:32:13,ICBP,RG,8450,2,D,PD,CG,F
10:32:13,ICBP,RG,8450,5,D,EP,CG,F
10:32:11,ICBP,RG,8475,38,F,AK,CG,F
10:32:11,ICBP,RG,8475,47,F,AK,CG,F
10:32:11,ICBP,RG,8475,19,F,BK,CG,F
10:32:10,ICBP,RG,8475,161,F,BK,YP,D
10:32:10,ICBP,RG,8475,21,D,CS,YP,D
10:32:10,ICBP,RG,8475,8,D,CS,YP,D
10:32:10,ICBP,RG,8475,77,F,AK,YP,D
10:32:10,ICBP,RG,8475,5,F,BK,YP,D
10:32:10,ICBP,RG,8475,170,F,AK,YP,D
10:32:10,ICBP,RG,8475,20,D,CS,YP,D
10:32:10,ICBP,RG,8475,5,D,XC,YP,D
10:32:10,ICBP,RG,8475,60,D,XA,YP,D
10:32:10,ICBP,RG,8475,5,D,CC,YP,D
10:32:10,ICBP,RG,8475,5,D,XC,YP,D
10:32:10,ICBP,RG,8475,4,D,CS,YP,D
10:32:10,ICBP,RG,8475,18,D,CS,YP,D
10:32:10,ICBP,RG,8475,30,D,YP,YP,D
10:32:10,ICBP,RG,8475,109,F,AK,YP,D
10:32:10,ICBP,RG,8475,25,F,BK,YP,D
10:32:10,ICBP,RG,8475,4,F,AK,YP,D
10:32:10,ICBP,RG,8475,25,D,CS,YP,D
10:32:10,ICBP,RG,8475,500,F,DX,YP,D
10:32:10,ICBP,RG,8475,11,D,CS,YP,D
10:32:10,ICBP,RG,8475,13,D,CS,YP,D
10:32:10,ICBP,RG,8475,19,D,CS,YP,D
10:32:10,ICBP,RG,8475,22,D,CS,YP,D
10:32:10,ICBP,RG,8475,24,D,CS,YP,D
10:32:10,ICBP,RG,8475,15,D,CS,YP,D
10:32:10,ICBP,RG,8475,17,D,CS,YP,D
10:32:10,ICBP,RG,8475,26,D,CS,YP,D
10:32:10,ICBP,RG,8475,3,D,CS,YP,D
10:32:10,ICBP,RG,8475,1,D,CS,YP,D
10:32:10,ICBP,RG,8475,5,D,CS,YP,D
10:32:10,ICBP,RG,8475,8,D,CS,YP,D
10:32:10,ICBP,RG,8475,3,D,CC,YP,D
10:32:10,ICBP,RG,8475,4,D,CS,YP,D
10:32:10,ICBP,RG,8475,24,D,CS,YP,D
10:32:10,ICBP,RG,8475,1,D,PD,YP,D
10:32:10,ICBP,RG,8475,2,D,CS,YP,D
10:32:10,ICBP,RG,8475,28,D,CS,YP,D
10:32:10,ICBP,RG,8475,1,D,PD,YP,D
10:32:10,ICBP,RG,8475,1,D,PD,YP,D
10:32:10,ICBP,RG,8475,20,D,CS,YP,D
10:32:09,ICBP,RG,8500,2,D,DR,LG,D
10:32:09,ICBP,RG,8500,3,D,DR,CG,F
10:32:09,ICBP,RG,8500,1,D,DR,SQ,D
10:32:09,ICBP,RG,8500,2,D,DR,EP,D
10:32:09,ICBP,RG,8500,4,D,DR,CG,F
10:32:09,ICBP,RG,8500,7,D,DR,PD,D
10:31:32,ICBP,RG,8475,2,F,AK,DR,D
10:31:27,ICBP,RG,8500,1,D,DH,PD,D
10:31:20,ICBP,RG,8500,2,D,XC,PD,D
10:31:20,ICBP,RG,8500,3,D,XC,DH,D
10:31:07,ICBP,RG,8500,1,D,CC,DH,D
10:30:33,ICBP,RG,8500,1,D,SQ,DH,D
10:30:33,ICBP,RG,8500,1,D,SQ,YP,D
10:30:33,ICBP,RG,8500,6,D,SQ,BK,F
10:30:33,ICBP,RG,8500,2,D,SQ,PD,D
10:30:26,ICBP,RG,8500,2,D,PD,PD,D
10:30:24,ICBP,RG,8475,3,F,AK,CG,F
10:30:20,ICBP,RG,8475,4,F,AK,NI,D
10:30:18,ICBP,RG,8475,5,F,AK,CC,D
10:29:35,ICBP,RG,8475,21,F,AK,CG,F
10:29:35,ICBP,RG,8475,40,F,AK,PD,D
10:29:35,ICBP,RG,8475,9,D,CS,PD,D
10:29:35,ICBP,RG,8475,17,D,CS,PD,D
10:29:35,ICBP,RG,8475,11,D,CS,PD,D
10:29:35,ICBP,RG,8475,5,F,AK,PD,D
10:29:35,ICBP,RG,8475,19,F,BK,PD,D
10:29:35,ICBP,RG,8475,99,F,DX,PD,D
10:29:19,ICBP,RG,8475,1,F,DX,CC,D
10:28:25,ICBP,RG,8500,15,F,AK,PD,D
10:28:23,ICBP,RG,8475,67,F,DX,AK,F
10:28:05,ICBP,RG,8500,21,F,AK,PD,D
10:28:03,ICBP,RG,8475,100,F,DX,YP,D
10:28:01,ICBP,RG,8500,3,F,AK,PD,D
10:28:01,ICBP,RG,8500,2,F,AK,AK,D
10:28:01,ICBP,RG,8500,24,F,AK,CG,F
10:28:00,ICBP,RG,8475,3,F,DX,CG,F
10:28:00,ICBP,RG,8500,1,F,AK,CG,F
10:28:00,ICBP,RG,8500,7,D,PD,CG,F
10:28:00,ICBP,RG,8500,9,D,PD,AK,D
10:28:00,ICBP,RG,8500,2,D,PD,AK,D
10:28:00,ICBP,RG,8500,25,D,PD,CG,F
10:28:00,ICBP,RG,8500,75,D,PD,YP,D
10:28:00,ICBP,RG,8500,1,D,PD,CC,D
10:28:00,ICBP,RG,8500,5,D,PD,PD,D
10:28:00,ICBP,RG,8500,10,D,PD,PD,D
10:28:00,ICBP,RG,8500,1,D,PD,CC,D
10:28:00,ICBP,RG,8500,3,D,PD,CG,F
10:27:59,ICBP,RG,8475,3,F,DX,CG,F
10:27:51,ICBP,RG,8500,3,F,AK,XC,D
10:27:50,ICBP,RG,8475,3,F,DX,CG,F
10:27:50,ICBP,RG,8475,12,F,DX,DH,D
10:27:43,ICBP,RG,8475,1,F,DX,XC,D
10:27:41,ICBP,RG,8500,1,F,AK,XC,D
10:27:39,ICBP,RG,8500,7,D,YP,XC,D
10:27:38,ICBP,RG,8500,2,F,AK,XC,D
10:27:37,ICBP,RG,8475,5,F,DX,PD,D
10:27:34,ICBP,RG,8500,1,F,AK,XC,D
10:27:33,ICBP,RG,8475,3,F,DX,CG,F
10:27:32,ICBP,RG,8475,3,F,DX,CG,F
10:27:32,ICBP,RG,8475,1,F,AK,CG,F
10:27:32,ICBP,RG,8475,7,F,BK,CG,F
10:27:32,ICBP,RG,8500,21,F,AK,XC,D
10:27:31,ICBP,RG,8475,22,F,BK,YP,D
10:27:31,ICBP,RG,8475,3,D,DH,YP,D
10:27:31,ICBP,RG,8475,1,D,NI,YP,D
10:27:31,ICBP,RG,8475,7,D,CS,YP,D
10:27:31,ICBP,RG,8475,5,D,CC,YP,D
10:27:31,ICBP,RG,8475,26,F,BK,YP,D
10:27:31,ICBP,RG,8475,1,D,NI,YP,D
10:27:31,ICBP,RG,8475,6,D,NI,YP,D
10:27:31,ICBP,RG,8475,6,D,PD,YP,D
10:27:31,ICBP,RG,8475,23,F,BK,YP,D
10:27:30,ICBP,RG,8500,2,F,AK,XC,D
10:27:28,ICBP,RG,8475,1,F,BK,PD,D
10:27:28,ICBP,RG,8475,1,D,XC,PD,D
10:27:28,ICBP,RG,8475,3,D,CS,PD,D
10:27:20,ICBP,RG,8475,1,D,CS,OD,D
10:27:19,ICBP,RG,8475,3,D,DH,CG,F
10:27:19,ICBP,RG,8500,1,F,AK,XC,D
10:27:18,ICBP,RG,8475,2,D,DH,XC,D
10:27:18,ICBP,RG,8475,1,D,CS,XC,D
10:27:17,ICBP,RG,8475,1,D,CS,DH,D
10:26:53,ICBP,RG,8475,1,D,CS,PD,D
10:26:50,ICBP,RG,8500,1,F,AK,XC,D
10:26:49,ICBP,RG,8475,3,D,CS,CG,F
10:25:57,ICBP,RG,8500,1,F,AK,XC,D
10:25:56,ICBP,RG,8475,4,D,CS,PD,D
10:25:41,ICBP,RG,8500,1,F,AK,XC,D
10:25:39,ICBP,RG,8475,3,D,CS,CG,F
10:25:36,ICBP,RG,8500,1,F,AK,XC,D
10:25:35,ICBP,RG,8475,2,D,CS,RG,D
10:25:35,ICBP,RG,8475,2,D,CS,CG,F
10:25:35,ICBP,RG,8475,1,D,CS,CG,F
10:25:30,ICBP,RG,8475,22,D,CS,NI,F
10:25:30,ICBP,RG,8475,5,D,CS,NI,F
10:24:30,ICBP,RG,8475,2,D,CS,CG,F
10:24:30,ICBP,RG,8475,1,D,CS,CG,F
10:24:29,ICBP,RG,8475,10,D,CS,LG,D
10:24:29,ICBP,RG,8475,7,D,CS,XC,D
10:24:29,ICBP,RG,8475,6,D,CS,XC,D
10:24:29,ICBP,RG,8475,1,D,CS,XC,D
10:24:24,ICBP,RG,8475,3,D,CS,CG,F
10:23:38,ICBP,RG,8475,6,D,CS,CG,F
10:23:38,ICBP,RG,8475,8,D,CS,PD,D
10:23:38,ICBP,RG,8475,3,D,CC,PD,D
10:23:38,ICBP,RG,8475,25,F,BK,PD,D
10:23:38,ICBP,RG,8475,2,D,YP,PD,D
10:23:38,ICBP,RG,8475,1,D,YP,PD,D
10:23:38,ICBP,RG,8475,1,D,PD,PD,D
10:23:38,ICBP,RG,8475,11,D,CS,PD,D
10:23:37,ICBP,RG,8475,8,D,CS,CC,D
10:23:37,ICBP,RG,8475,2,D,CS,CC,D
10:23:19,ICBP,RG,8475,3,D,CS,CG,F
10:23:18,ICBP,RG,8475,10,D,CS,CC,D
10:23:04,ICBP,RG,8475,2,D,CS,CG,F
10:22:53,ICBP,RG,8475,3,D,CS,PD,D
10:22:47,ICBP,RG,8475,1,D,CS,TF,D
10:22:47,ICBP,RG,8475,1,D,CC,TF,D
10:22:29,ICBP,RG,8475,3,D,CS,CG,F
10:22:07,ICBP,RG,8475,1,D,CS,KK,D
10:22:07,ICBP,RG,8475,1,D,CS,KK,D
10:21:59,ICBP,RG,8475,1,D,CS,DR,D
10:21:40,ICBP,RG,8475,1,D,CS,YP,D
10:21:28,ICBP,RG,8475,2,D,CS,YP,D
10:21:27,ICBP,RG,8475,3,D,CS,CG,F
10:21:26,ICBP,RG,8475,7,D,CS,BK,F
10:21:26,ICBP,RG,8475,3,D,CS,CC,D
10:21:14,ICBP,RG,8475,3,D,CS,CG,F
10:20:51,ICBP,RG,8475,1,D,CS,LG,D
10:19:58,ICBP,RG,8475,3,D,CS,CG,F
10:19:55,ICBP,RG,8475,1,D,CS,CC,D
10:19:10,ICBP,RG,8475,2,D,CS,CG,F
10:19:10,ICBP,RG,8475,1,D,CC,CG,F
10:19:10,ICBP,RG,8475,1,D,CS,CG,F
10:19:09,ICBP,RG,8475,4,D,CS,DR,D
10:19:09,ICBP,RG,8475,24,F,BK,DR,D
10:19:09,ICBP,RG,8475,2,F,AK,DR,D
10:18:59,ICBP,RG,8475,3,F,AK,CG,F
10:18:46,ICBP,RG,8475,11,F,AK,XC,D
10:18:45,ICBP,RG,8475,1,F,AK,YP,D
10:18:19,ICBP,RG,8475,1,F,AK,KK,D
10:17:43,ICBP,RG,8475,3,F,AK,CG,F
10:17:42,ICBP,RG,8475,2,F,AK,CG,F
10:17:42,ICBP,RG,8500,10,F,BK,XC,D
10:17:39,ICBP,RG,8475,8,F,AK,GR,D
10:17:38,ICBP,RG,8500,7,F,BK,XC,D
10:17:35,ICBP,RG,8475,3,F,AK,CG,F
10:17:34,ICBP,RG,8475,23,F,AK,CG,F
10:17:34,ICBP,RG,8500,91,D,CS,XC,D
10:17:34,ICBP,RG,8500,26,D,CS,AK,F
10:17:34,ICBP,RG,8500,93,D,CS,CS,F
10:17:33,ICBP,RG,8475,1,F,AK,PD,D
10:17:09,ICBP,RG,8475,3,F,AK,CG,F
10:16:58,ICBP,RG,8475,1,F,AK,XC,D
10:16:49,ICBP,RG,8475,1,F,AK,XC,D
10:16:44,ICBP,RG,8475,1,F,AK,PD,D
10:16:26,ICBP,RG,8475,11,F,AK,CG,F
10:16:26,ICBP,RG,8475,28,F,AK,YU,F
10:16:26,ICBP,RG,8475,10,D,NI,YU,F
10:16:26,ICBP,RG,8475,16,D,CS,YU,F
10:16:26,ICBP,RG,8475,23,F,BK,YU,F
10:16:26,ICBP,RG,8475,9,D,OD,YU,F
10:16:26,ICBP,RG,8500,2,F,AK,CS,F
10:16:25,ICBP,RG,8500,18,F,AK,CS,F
10:16:25,ICBP,RG,8475,10,D,OD,CG,F
10:16:24,ICBP,RG,8475,86,D,OD,YU,F
10:16:19,ICBP,RG,8475,1,D,OD,CC,D
10:16:12,ICBP,RG,8500,1,F,AK,CS,F
10:16:10,ICBP,RG,8475,3,D,OD,CG,F
10:16:09,ICBP,RG,8475,3,D,OD,CG,F
10:16:09,ICBP,RG,8500,3,F,AK,CS,F
10:16:07,ICBP,RG,8500,15,D,LG,CS,F
10:15:54,ICBP,RG,8500,2,F,AK,CS,F
10:15:53,ICBP,RG,8500,10,F,AK,CS,F
10:15:52,ICBP,RG,8475,6,D,OD,CG,F
10:15:51,ICBP,RG,8500,5,D,GR,CS,F
10:15:51,ICBP,RG,8500,1,D,GR,PD,D
10:15:51,ICBP,RG,8500,10,D,GR,AK,D
10:15:51,ICBP,RG,8500,34,D,GR,YP,D
10:15:39,ICBP,RG,8500,1,D,XC,YP,D
10:15:18,ICBP,RG,8500,1,F,AK,YP,D
10:15:16,ICBP,RG,8475,3,D,OD,CG,F
10:15:16,ICBP,RG,8500,1,F,AK,YP,D
10:15:15,ICBP,RG,8500,1,F,AK,YP,D
10:15:15,ICBP,RG,8500,1,F,AK,YP,D
10:15:15,ICBP,RG,8475,3,D,OD,CG,F
10:15:13,ICBP,RG,8475,1,D,OD,NI,D
10:15:13,ICBP,RG,8475,9,D,CS,NI,D
10:14:23,ICBP,RG,8475,2,D,CS,CG,F
10:14:23,ICBP,RG,8475,1,D,CS,CG,F
10:13:49,ICBP,RG,8500,1,F,AK,YP,D
10:13:48,ICBP,RG,8500,4,F,AK,YP,D
10:13:47,ICBP,RG,8475,1,D,CS,CG,F
10:13:47,ICBP,RG,8475,4,D,CS,CG,F
10:13:47,ICBP,RG,8500,6,F,AK,YP,D
10:13:47,ICBP,RG,8500,2,F,AK,AK,D
10:13:47,ICBP,RG,8500,3,F,AK,AK,D
10:13:47,ICBP,RG,8500,5,F,AK,ZP,D
10:13:47,ICBP,RG,8500,1,F,AK,PD,D
10:13:47,ICBP,RG,8500,2,F,AK,CC,D
10:13:47,ICBP,RG,8500,17,F,AK,CC,D
10:13:46,ICBP,RG,8475,3,D,CS,CG,F
10:13:46,ICBP,RG,8475,4,D,CC,CG,F
10:13:46,ICBP,RG,8475,2,D,CS,CG,F
10:13:46,ICBP,RG,8475,1,D,AZ,CG,F
10:13:46,ICBP,RG,8475,7,F,BK,CG,F
10:13:45,ICBP,RG,8475,56,F,BK,YU,F
10:13:45,ICBP,RG,8475,19,D,CS,YU,F
10:13:45,ICBP,RG,8475,11,F,DX,YU,F
10:13:45,ICBP,RG,8475,86,F,DX,YU,F
10:13:31,ICBP,RG,8500,1,F,AK,CC,D
10:13:29,ICBP,RG,8475,3,F,DX,CG,F
10:13:28,ICBP,RG,8475,2,F,DX,DH,D
10:13:27,ICBP,RG,8475,1,F,DX,YP,D
10:13:21,ICBP,RG,8500,1,F,AK,CC,D
10:13:19,ICBP,RG,8475,2,F,DX,CG,F
10:13:15,ICBP,RG,8475,2,F,DX,XC,D
10:13:00,ICBP,RG,8500,2,F,AK,CC,D
10:12:59,ICBP,RG,8500,4,D,CC,CC,D
10:12:59,ICBP,RG,8500,6,D,CC,BS,D
10:12:50,ICBP,RG,8500,1,F,AK,BS,D
10:12:49,ICBP,RG,8475,3,F,DX,CG,F
10:12:13,ICBP,RG,8500,2,F,AK,BS,D
10:12:13,ICBP,RG,8475,3,F,DX,CG,F
10:12:12,ICBP,RG,8475,9,F,DX,CG,F
10:12:11,ICBP,RG,8500,16,F,AK,BS,D
10:12:11,ICBP,RG,8500,25,D,YU,BS,D
10:12:11,ICBP,RG,8500,2,D,YU,AK,D
10:12:11,ICBP,RG,8500,5,D,YU,XC,D
10:12:11,ICBP,RG,8500,2,D,YU,PD,D
10:12:11,ICBP,RG,8500,36,D,YU,KK,D
10:12:10,ICBP,RG,8475,5,F,DX,XC,D
10:11:59,ICBP,RG,8475,2,F,DX,CG,F
10:11:25,ICBP,RG,8500,1,F,AK,KK,D
10:11:24,ICBP,RG,8475,3,F,DX,CG,F
10:11:05,ICBP,RG,8475,1,F,DX,NI,D
10:11:01,ICBP,RG,8500,1,F,AK,KK,D
10:11:00,ICBP,RG,8500,4,D,DR,KK,D
10:10:55,ICBP,RG,8500,1,F,AK,KK,D
10:10:54,ICBP,RG,8475,4,F,DX,CG,F
10:10:53,ICBP,RG,8500,4,F,AK,KK,D
10:10:52,ICBP,RG,8475,19,F,DX,CC,D
10:10:33,ICBP,RG,8475,1,F,DX,CC,D
10:10:23,ICBP,RG,8475,3,F,DX,CG,F
10:10:11,ICBP,RG,8500,1,F,AK,KK,D
10:10:10,ICBP,RG,8475,1,F,DX,PD,D
10:09:47,ICBP,RG,8475,2,F,DX,KK,D
10:09:45,ICBP,RG,8500,2,F,AK,KK,D
10:09:45,ICBP,RG,8500,1,F,AK,YP,D
10:09:31,ICBP,RG,8475,8,F,DX,CG,F
10:09:30,ICBP,RG,8475,1,F,DX,CP,D
10:09:30,ICBP,RG,8500,9,F,AK,YP,D
10:09:30,ICBP,RG,8500,11,F,AK,AK,D
10:09:30,ICBP,RG,8500,3,F,AK,AK,D
10:09:30,ICBP,RG,8500,1,F,AK,YP,D
10:09:30,ICBP,RG,8500,24,F,AK,AK,F
10:09:30,ICBP,RG,8500,4,F,AK,AK,F
10:09:14,ICBP,RG,8475,3,F,DX,CG,F
10:08:55,ICBP,RG,8500,2,D,LG,AK,F
10:08:55,ICBP,RG,8500,1,D,LG,PD,D
10:08:55,ICBP,RG,8500,2,D,LG,PD,D
10:08:35,ICBP,RG,8475,1,F,DX,PD,D
10:08:14,ICBP,RG,8475,3,F,DX,CG,F
10:08:06,ICBP,RG,8500,1,D,AZ,PD,D
10:07:48,ICBP,RG,8500,7,D,NI,PD,D
10:07:22,ICBP,RG,8475,2,F,DX,CG,F
10:07:05,ICBP,RG,8475,3,F,DX,CG,F
10:07:04,ICBP,RG,8500,29,D,YB,CS,F
10:06:54,ICBP,RG,8475,5,F,DX,CG,F
10:06:53,ICBP,RG,8475,3,F,DX,CG,F
10:06:53,ICBP,RG,8475,42,F,DX,CG,F
10:06:53,ICBP,RG,8475,66,F,DX,GR,D
10:06:53,ICBP,RG,8475,1,D,XC,GR,D
10:06:53,ICBP,RG,8475,1,D,EP,GR,D
10:06:53,ICBP,RG,8475,1,D,HP,GR,D
10:06:53,ICBP,RG,8475,23,D,CS,GR,D
10:06:53,ICBP,RG,8475,1,D,PD,GR,D
10:06:53,ICBP,RG,8475,27,D,CS,GR,D
10:06:53,ICBP,RG,8475,32,F,AK,GR,D
10:06:53,ICBP,RG,8475,7,D,CS,GR,D
10:06:53,ICBP,RG,8475,7,D,YP,GR,D
10:06:53,ICBP,RG,8475,24,F,BK,GR,D
10:06:53,ICBP,RG,8475,13,D,CS,GR,D
10:06:53,ICBP,RG,8475,3,D,CS,GR,D
10:06:53,ICBP,RG,8475,14,D,XC,GR,D
10:06:53,ICBP,RG,8475,20,D,CS,GR,D
10:06:53,ICBP,RG,8475,3,D,KK,GR,D
10:06:53,ICBP,RG,8475,18,D,CS,GR,D
10:06:53,ICBP,RG,8475,139,F,AK,GR,D
10:06:34,ICBP,RG,8475,1,F,AK,XC,D
10:06:27,ICBP,RG,8475,2,F,AK,XC,D
10:05:55,ICBP,RG,8475,3,F,AK,CG,F
10:05:54,ICBP,RG,8500,10,D,NI,CS,F
10:05:28,ICBP,RG,8500,1,D,YP,CS,F
10:05:09,ICBP,RG,8475,2,F,AK,CG,F
10:04:58,ICBP,RG,8475,4,F,AK,CG,F
10:04:55,ICBP,RG,8475,20,F,AK,NI,D
10:04:44,ICBP,RG,8475,2,F,AK,CG,F
10:04:44,ICBP,RG,8475,1,D,KK,CG,F
10:04:27,ICBP,RG,8475,1,D,KK,CC,D
10:04:24,ICBP,RG,8475,12,D,CS,PD,D
10:04:11,ICBP,RG,8475,1,D,CS,KK,D
10:03:53,ICBP,RG,8475,3,D,CS,CG,F
10:03:52,ICBP,RG,8475,5,D,CS,CC,D
10:03:51,ICBP,RG,8475,1,D,CS,YB,D
10:03:47,ICBP,RG,8475,3,D,CS,CG,F
10:03:46,ICBP,RG,8475,1,D,CS,KK,D
10:03:36,ICBP,RG,8475,1,D,XC,YP,D
10:03:36,ICBP,RG,8475,1,D,CS,YP,D
10:03:31,ICBP,RG,8475,1,D,CS,PD,D
10:03:23,ICBP,RG,8475,9,D,CS,DR,D
10:03:23,ICBP,RG,8475,1,D,CS,DR,D
10:03:21,ICBP,RG,8475,1,D,CS,LG,D
10:02:56,ICBP,RG,8475,2,D,CS,YP,D
10:02:44,ICBP,RG,8475,3,D,CS,CG,F
10:02:43,ICBP,RG,8475,1,D,CS,PD,D
10:02:43,ICBP,RG,8475,3,D,CS,CG,F
10:02:43,ICBP,RG,8475,1,D,CS,YP,D
10:02:39,ICBP,RG,8475,1,D,CS,SQ,D
10:02:33,ICBP,RG,8475,18,D,CS,CG,F
10:02:32,ICBP,RG,8475,31,F,BK,YP,D
10:02:32,ICBP,RG,8475,1,D,PD,YP,D
10:02:32,ICBP,RG,8475,2,D,DH,YP,D
10:02:32,ICBP,RG,8475,5,D,KK,YP,D
10:02:32,ICBP,RG,8475,20,D,SQ,YP,D
10:02:32,ICBP,RG,8475,42,F,BK,YP,D
10:02:32,ICBP,RG,8475,77,F,DX,YP,D
10:02:27,ICBP,RG,8475,4,F,DX,CG,F
10:02:26,ICBP,RG,8475,30,F,DX,GR,D
10:01:46,ICBP,RG,8475,3,F,DX,CG,F
10:01:45,ICBP,RG,8475,2,F,DX,EP,D
10:01:32,ICBP,RG,8475,1,F,DX,EP,D
10:01:11,ICBP,RG,8475,1,F,DX,CC,D
10:00:55,ICBP,RG,8475,5,F,DX,CG,F
10:00:54,ICBP,RG,8475,50,F,DX,GR,D
10:00:51,ICBP,RG,8475,3,F,DX,CG,F
10:00:49,ICBP,RG,8475,3,F,DX,CG,F
9:59:44,ICBP,RG,8475,3,F,DX,CG,F
9:59:30,ICBP,RG,8475,18,F,DX,CC,D
9:59:30,ICBP,RG,8475,4,D,ZP,CC,D
9:58:55,ICBP,RG,8475,1,D,ZP,XC,D
9:58:45,ICBP,RG,8475,3,F,BK,CG,F
9:58:39,ICBP,RG,8475,2,F,BK,CG,F
9:58:39,ICBP,RG,8475,6,F,BK,XC,D
9:58:35,ICBP,RG,8475,22,F,BK,CG,F
9:58:34,ICBP,RG,8475,17,F,BK,KK,D
9:58:34,ICBP,RG,8475,191,F,DX,KK,D
9:58:17,ICBP,RG,8475,3,F,DX,CG,F
9:58:16,ICBP,RG,8500,10,D,DX,CS,F
9:58:14,ICBP,RG,8475,3,F,DX,CG,F
9:58:03,ICBP,RG,8475,3,F,DX,CC,D
9:58:03,ICBP,RG,8475,5,D,CC,CC,D
9:58:03,ICBP,RG,8475,2,D,CS,CC,D
9:57:24,ICBP,RG,8475,11,F,AK,CG,F
9:57:24,ICBP,RG,8475,1,F,AK,ZP,D
9:57:24,ICBP,RG,8475,2,D,CS,ZP,D
9:57:24,ICBP,RG,8475,13,F,AK,ZP,D
9:57:24,ICBP,RG,8475,18,D,CS,ZP,D
9:57:24,ICBP,RG,8475,2,D,CS,ZP,D
9:57:24,ICBP,RG,8475,64,F,BK,ZP,D
9:57:11,ICBP,RG,8475,2,F,BK,CG,F
9:57:05,ICBP,RG,8475,2,F,BK,DH,D
9:56:59,ICBP,RG,8475,1,F,BK,CG,F
9:56:59,ICBP,RG,8475,2,D,EP,CG,F
9:56:59,ICBP,RG,8475,9,D,EP,XC,D
9:56:44,ICBP,RG,8475,1,D,EP,NI,D
9:56:38,ICBP,RG,8475,2,D,EP,PD,D
9:56:35,ICBP,RG,8475,17,D,EP,YP,D
9:56:25,ICBP,RG,8475,3,D,EP,CG,F
9:56:23,ICBP,RG,8500,9,F,BK,CS,F
9:56:20,ICBP,RG,8500,10,F,BK,CS,F
9:56:17,ICBP,RG,8475,11,D,EP,CG,F
9:56:17,ICBP,RG,8475,100,D,EP,HP,D
9:55:46,ICBP,RG,8475,9,D,EP,YP,D
9:55:01,ICBP,RG,8475,3,D,EP,CG,F
9:55:01,ICBP,RG,8500,8,F,BK,CS,F
9:55:01,ICBP,RG,8475,3,D,EP,PD,D
9:54:56,ICBP,RG,8500,10,F,BK,CS,F
9:54:54,ICBP,RG,8475,6,D,EP,CG,F
9:54:54,ICBP,RG,8500,41,F,BK,CS,F
9:54:54,ICBP,RG,8500,1,F,BK,CC,D
9:54:54,ICBP,RG,8500,2,F,BK,AK,D
9:54:54,ICBP,RG,8500,5,F,BK,XC,D
9:54:54,ICBP,RG,8500,1,F,BK,YP,D
9:54:54,ICBP,RG,8500,10,F,BK,CC,D
9:54:54,ICBP,RG,8500,4,F,BK,GR,D
9:54:50,ICBP,RG,8475,3,D,EP,CG,F
9:54:50,ICBP,RG,8500,21,F,AK,GR,D
9:54:50,ICBP,RG,8500,1,F,AK,XC,D
9:54:50,ICBP,RG,8500,3,F,AK,NI,D
9:54:50,ICBP,RG,8500,1,F,AK,XC,D
9:54:50,ICBP,RG,8500,4,F,AK,PD,D
9:54:50,ICBP,RG,8500,1,F,AK,GR,D
9:54:50,ICBP,RG,8500,5,F,AK,NI,D
9:54:50,ICBP,RG,8500,11,F,AK,AK,D
9:54:50,ICBP,RG,8500,20,F,AK,YB,D
9:54:50,ICBP,RG,8500,3,F,AK,AK,D
9:54:50,ICBP,RG,8500,1,F,AK,XC,D
9:54:50,ICBP,RG,8500,2,F,AK,YP,D
9:54:50,ICBP,RG,8500,1,F,AK,XC,D
9:54:50,ICBP,RG,8500,3,F,AK,CC,D
9:54:50,ICBP,RG,8500,1,F,AK,PD,D
9:54:50,ICBP,RG,8500,2,F,AK,AK,D
9:54:50,ICBP,RG,8500,5,F,AK,YP,D
9:54:50,ICBP,RG,8500,2,F,AK,CG,F
9:54:50,ICBP,RG,8500,29,F,AK,AK,F
9:54:50,ICBP,RG,8500,2,F,AK,CG,F
9:54:50,ICBP,RG,8500,1,F,AK,KK,D
9:54:50,ICBP,RG,8500,2,F,AK,XC,D
9:54:50,ICBP,RG,8500,2,F,AK,CG,F
9:54:50,ICBP,RG,8500,3,F,AK,CC,D
9:54:50,ICBP,RG,8500,1,F,AK,XC,D
9:54:50,ICBP,RG,8500,1,F,AK,NI,D
9:54:50,ICBP,RG,8500,3,F,AK,CG,F
9:54:50,ICBP,RG,8500,10,F,AK,AK,D
9:54:50,ICBP,RG,8500,3,F,AK,AK,D
9:54:50,ICBP,RG,8500,10,F,AK,PD,D
9:54:50,ICBP,RG,8500,10,F,AK,XC,D
9:54:50,ICBP,RG,8500,16,F,AK,CC,D
9:54:50,ICBP,RG,8500,15,F,AK,CC,D
9:54:50,ICBP,RG,8500,1,F,AK,PD,D
9:54:50,ICBP,RG,8500,116,F,AK,CS,F
9:54:50,ICBP,RG,8500,50,F,AK,CS,F
9:54:49,ICBP,RG,8500,47,D,CS,CS,F
9:54:49,ICBP,RG,8500,50,D,CS,CG,F
9:54:49,ICBP,RG,8500,5,D,CS,XC,D
9:54:49,ICBP,RG,8500,1,D,CS,PD,D
9:54:49,ICBP,RG,8500,1,D,CS,PD,D
9:54:49,ICBP,RG,8500,7,D,CS,CC,D
9:54:49,ICBP,RG,8500,1,D,CS,PD,D
9:54:49,ICBP,RG,8500,1,D,CS,PD,D
9:54:49,ICBP,RG,8500,1,D,CS,PD,D
9:54:49,ICBP,RG,8500,2,D,CS,KK,D
9:54:49,ICBP,RG,8500,1,D,CS,YP,D
9:54:49,ICBP,RG,8500,10,D,CS,PD,D
9:54:49,ICBP,RG,8500,5,D,CS,PD,D
9:54:49,ICBP,RG,8500,3,D,CS,KK,D
9:54:49,ICBP,RG,8500,2,D,CS,NI,D
9:54:49,ICBP,RG,8500,5,D,CS,CC,D
9:54:49,ICBP,RG,8500,2,D,CS,XC,D
9:54:49,ICBP,RG,8500,9,D,CS,DH,D
9:54:49,ICBP,RG,8500,9,D,CS,PD,D
9:54:49,ICBP,RG,8500,1,D,CS,CC,D
9:54:14,ICBP,RG,8475,3,D,EP,CG,F
9:54:14,ICBP,RG,8475,3,D,EP,CG,F
9:54:12,ICBP,RG,8475,2,D,EP,PD,D
9:54:09,ICBP,RG,8475,1,D,EP,CC,D
9:53:39,ICBP,RG,8475,1,D,EP,AI,D
9:53:30,ICBP,RG,8475,5,D,EP,YP,D
9:53:06,ICBP,RG,8475,3,D,EP,CG,F
9:53:05,ICBP,RG,8500,13,F,BK,CC,D
9:53:05,ICBP,RG,8475,4,D,EP,CG,F
9:53:04,ICBP,RG,8500,15,D,AT,CC,D
9:52:30,ICBP,RG,8500,12,F,BK,CC,D
9:52:27,ICBP,RG,8475,9,D,EP,CG,F
9:52:26,ICBP,RG,8500,70,F,BK,CC,D
9:52:23,ICBP,RG,8475,4,D,EP,CG,F
9:52:23,ICBP,RG,8475,17,D,EP,CG,F
9:52:22,ICBP,RG,8475,17,D,EP,CG,F
9:52:22,ICBP,RG,8475,17,D,EP,CG,F
9:52:22,ICBP,RG,8500,5,D,YP,CC,D
9:52:21,ICBP,RG,8475,1,D,EP,PD,D
9:52:21,ICBP,RG,8500,84,F,DX,CC,D
9:52:21,ICBP,RG,8500,1,F,DX,PD,D
9:52:21,ICBP,RG,8500,1,F,DX,CC,D
9:52:21,ICBP,RG,8500,2,F,DX,CC,D
9:52:21,ICBP,RG,8500,1,F,DX,NI,D
9:52:21,ICBP,RG,8500,1,F,DX,PD,D
9:52:21,ICBP,RG,8500,1,F,DX,XC,D
9:52:21,ICBP,RG,8500,2,F,DX,RG,D
9:52:21,ICBP,RG,8500,2,F,DX,SQ,D
9:52:21,ICBP,RG,8500,10,F,DX,CC,D
9:52:21,ICBP,RG,8500,1,F,DX,CC,D
9:52:21,ICBP,RG,8500,1,F,DX,SQ,D
9:52:21,ICBP,RG,8500,9,F,DX,KK,D
9:52:21,ICBP,RG,8500,2,F,DX,NI,D
9:52:21,ICBP,RG,8500,100,F,DX,OD,D
9:52:21,ICBP,RG,8500,3,F,DX,PD,D
9:52:21,ICBP,RG,8500,2,F,DX,XC,D
9:52:21,ICBP,RG,8500,2,F,DX,PD,D
9:52:21,ICBP,RG,8500,1,F,DX,YP,D
9:52:21,ICBP,RG,8500,7,F,DX,PD,D
9:52:21,ICBP,RG,8500,1,F,DX,YP,D
9:52:21,ICBP,RG,8500,50,F,DX,LS,D
9:52:21,ICBP,RG,8500,5,F,DX,XC,D
9:52:21,ICBP,RG,8500,1,F,DX,PD,D
9:52:21,ICBP,RG,8500,2,F,DX,CC,D
9:52:21,ICBP,RG,8500,25,F,DX,YJ,D
9:52:21,ICBP,RG,8500,6,F,DX,SQ,D
9:52:21,ICBP,RG,8500,4,F,DX,XC,D
9:52:21,ICBP,RG,8500,3,F,DX,YP,D
9:52:21,ICBP,RG,8500,1,F,DX,PD,D
9:52:21,ICBP,RG,8500,1,F,DX,PD,D
9:52:21,ICBP,RG,8500,5,F,DX,PD,D
9:52:21,ICBP,RG,8500,1,F,DX,CC,D
9:52:21,ICBP,RG,8500,2,F,DX,DR,D
9:52:21,ICBP,RG,8500,1,F,DX,ZP,D
9:52:21,ICBP,RG,8500,2,F,DX,KK,D
9:52:21,ICBP,RG,8500,1,F,DX,GR,D
9:52:21,ICBP,RG,8500,25,F,DX,KK,D
9:52:21,ICBP,RG,8500,15,F,DX,YP,D
9:52:21,ICBP,RG,8500,10,F,DX,DH,D
9:52:21,ICBP,RG,8500,26,F,DX,KK,D
9:52:21,ICBP,RG,8500,80,F,DX,KK,D
9:52:17,ICBP,RG,8500,8,F,BK,KK,D
9:52:15,ICBP,RG,8475,3,D,EP,CG,F
9:52:12,ICBP,RG,8500,12,F,BK,KK,D
9:52:12,ICBP,RG,8500,3,F,BK,LG,D
9:52:08,ICBP,RG,8475,10,D,EP,CG,F
9:52:07,ICBP,RG,8500,9,F,BK,LG,D
9:52:07,ICBP,RG,8500,20,F,BK,YP,D
9:52:07,ICBP,RG,8500,1,F,BK,XC,D
9:52:07,ICBP,RG,8500,63,F,BK,SQ,D
9:52:07,ICBP,RG,8475,5,D,EP,CG,F
9:52:06,ICBP,RG,8475,26,D,EP,CG,F
9:52:06,ICBP,RG,8475,1,D,HP,CG,F
9:52:06,ICBP,RG,8475,5,D,CS,CG,F
9:52:06,ICBP,RG,8475,8,D,CS,CG,F
9:52:06,ICBP,RG,8475,1,D,YP,CG,F
9:52:06,ICBP,RG,8475,3,D,CS,CG,F
9:52:06,ICBP,RG,8475,7,D,CS,CG,F
9:52:05,ICBP,RG,8475,1,D,CS,CG,F
9:52:05,ICBP,RG,8475,13,F,DX,CG,F
9:52:05,ICBP,RG,8500,12,F,DX,SQ,D
9:52:05,ICBP,RG,8500,1,F,DX,PD,D
9:52:05,ICBP,RG,8500,2,F,DX,PD,D
9:52:05,ICBP,RG,8500,1,F,DX,DR,D
9:52:05,ICBP,RG,8500,6,F,DX,NI,D
9:52:05,ICBP,RG,8500,5,F,DX,AZ,D
9:52:05,ICBP,RG,8500,1,F,DX,PD,D
9:52:05,ICBP,RG,8500,472,F,DX,OD,D
9:52:04,ICBP,RG,8500,15,F,BK,OD,D
9:52:04,ICBP,RG,8475,6,F,DX,CG,F
9:52:04,ICBP,RG,8500,13,D,YP,OD,D
9:52:04,ICBP,RG,8500,104,D,YP,YP,D
9:52:03,ICBP,RG,8475,63,F,DX,CG,F
9:52:02,ICBP,RG,8500,333,F,AK,YP,D
9:52:01,ICBP,RG,8500,290,D,NI,YP,D
9:52:00,ICBP,RG,8475,4,F,DX,CG,F
9:52:00,ICBP,RG,8500,30,D,PD,YP,D
9:51:59,ICBP,RG,8475,3,F,DX,CG,F
9:51:56,ICBP,RG,8475,5,F,DX,CC,D
9:51:49,ICBP,RG,8475,1,F,DX,CC,D
9:51:43,ICBP,RG,8475,2,F,DX,PD,D
9:51:38,ICBP,RG,8475,3,F,DX,CG,F
9:51:37,ICBP,RG,8475,9,F,BK,DH,D
9:51:11,ICBP,RG,8475,10,F,BK,PD,D
9:51:02,ICBP,RG,8500,2,D,YU,YP,D
9:50:58,ICBP,RG,8475,2,F,BK,CG,F
9:50:33,ICBP,RG,8475,4,F,BK,XC,D
9:50:29,ICBP,RG,8475,2,F,BK,CG,F
9:50:09,ICBP,RG,8475,1,D,CS,CG,F
9:50:09,ICBP,RG,8475,2,D,CS,CG,F
9:50:09,ICBP,RG,8475,1,D,CS,PD,D
9:50:09,ICBP,RG,8475,1,D,CS,PD,D
9:50:07,ICBP,RG,8475,2,D,CS,EP,D
9:50:05,ICBP,RG,8475,1,D,CS,LG,D
9:50:05,ICBP,RG,8475,1,D,CS,LG,D
9:50:05,ICBP,RG,8475,1,D,CS,YP,D
9:48:36,ICBP,RG,8500,20,D,CC,YP,D
9:48:15,ICBP,RG,8475,3,D,CS,CG,F
9:48:12,ICBP,RG,8475,7,D,CS,NI,D
9:48:12,ICBP,RG,8475,2,D,CS,NI,D
9:48:12,ICBP,RG,8475,6,D,CS,NI,D
9:47:45,ICBP,RG,8475,10,F,DX,CG,F
9:47:44,ICBP,RG,8475,90,F,DX,GR,D
9:47:44,ICBP,RG,8475,10,D,CS,GR,D
9:47:34,ICBP,RG,8475,2,D,CP,CG,F
9:47:34,ICBP,RG,8475,1,D,CS,CG,F
9:47:32,ICBP,RG,8475,4,D,CS,YP,D
9:47:32,ICBP,RG,8475,1,F,AK,YP,D
9:47:32,ICBP,RG,8500,1,D,PD,YP,D
9:47:00,ICBP,RG,8475,4,F,AK,NI,D
9:47:00,ICBP,RG,8475,1,D,XC,NI,D
9:47:00,ICBP,RG,8475,17,F,BK,NI,D
9:46:42,ICBP,RG,8475,3,F,BK,CG,F
9:46:42,ICBP,RG,8475,2,F,BK,IF,D
9:46:35,ICBP,RG,8475,5,F,BK,TP,D
9:46:33,ICBP,RG,8475,4,F,BK,YP,D
9:46:27,ICBP,RG,8475,3,D,CS,IF,D
9:46:15,ICBP,RG,8475,3,D,CS,XC,D
9:46:12,ICBP,RG,8500,5,D,YP,YP,D
9:46:08,ICBP,RG,8475,5,D,CS,PD,D
9:46:04,ICBP,RG,8475,3,D,CS,CG,F
9:46:03,ICBP,RG,8475,4,D,CS,IF,D
9:45:55,ICBP,RG,8475,4,F,DX,TP,D
9:45:45,ICBP,RG,8475,22,F,DX,CG,F
9:45:45,ICBP,RG,8475,1,F,DX,CC,D
9:45:44,ICBP,RG,8475,73,F,DX,EP,D
9:45:44,ICBP,RG,8475,100,D,ZR,EP,D
9:45:44,ICBP,RG,8475,1,D,YP,EP,D
9:45:44,ICBP,RG,8475,1,D,KK,EP,D
9:45:44,ICBP,RG,8475,5,D,CS,EP,D
9:45:44,ICBP,RG,8475,4,D,CS,EP,D
9:45:44,ICBP,RG,8475,3,D,CS,EP,D
9:45:44,ICBP,RG,8475,9,D,CS,EP,D
9:45:44,ICBP,RG,8475,4,F,BK,EP,D
9:44:50,ICBP,RG,8500,1,D,PD,YP,D
9:44:14,ICBP,RG,8475,3,F,BK,YP,D
9:44:14,ICBP,RG,8475,4,D,XC,YP,D
9:44:14,ICBP,RG,8475,8,D,GR,YP,D
9:44:02,ICBP,RG,8475,3,D,GR,CG,F
9:44:02,ICBP,RG,8475,2,D,GR,YP,D
9:43:40,ICBP,RG,8500,2,D,NI,YP,D
9:43:34,ICBP,RG,8500,1,D,DR,YP,D
9:43:16,ICBP,RG,8475,16,D,GR,CC,D
9:43:16,ICBP,RG,8475,3,D,CS,CC,D
9:43:10,ICBP,RG,8475,2,D,CS,NI,D
9:43:10,ICBP,RG,8475,1,D,CS,NI,D
9:43:09,ICBP,RG,8475,1,F,AK,PD,D
9:43:05,ICBP,RG,8475,3,F,AK,CG,F
9:43:01,ICBP,RG,8475,1,F,AK,PD,D
9:42:57,ICBP,RG,8475,1,F,AK,XC,D
9:42:52,ICBP,RG,8475,2,F,AK,CC,D
9:42:51,ICBP,RG,8475,1,F,AK,KK,D
9:42:40,ICBP,RG,8475,1,F,AK,XC,D
9:42:34,ICBP,RG,8475,1,F,AK,CC,D
9:42:32,ICBP,RG,8475,1,F,AK,SQ,D
9:42:22,ICBP,RG,8475,10,F,AK,TP,D
9:42:11,ICBP,RG,8475,1,F,AK,DH,D
9:42:05,ICBP,RG,8475,4,F,AK,CG,F
9:42:05,ICBP,RG,8475,6,F,AK,YJ,D
9:42:05,ICBP,RG,8475,19,D,GR,YJ,D
9:42:01,ICBP,RG,8475,10,D,GR,TP,D
9:42:01,ICBP,RG,8475,1,D,GR,YP,D
9:41:52,ICBP,RG,8475,3,D,GR,CG,F
9:41:52,ICBP,RG,8475,17,D,GR,YP,D
9:41:52,ICBP,RG,8475,3,F,BK,YP,D
9:41:50,ICBP,RG,8475,11,F,BK,CG,F
9:41:50,ICBP,RG,8475,11,F,BK,CG,F
9:41:49,ICBP,RG,8475,100,F,BK,AK,F
9:41:48,ICBP,RG,8475,35,F,BK,AK,F
9:41:48,ICBP,RG,8475,65,F,DX,AK,F
9:41:48,ICBP,RG,8475,12,F,DX,CG,F
9:41:47,ICBP,RG,8475,100,F,DX,AK,F
9:41:47,ICBP,RG,8475,11,F,DX,CG,F
9:41:46,ICBP,RG,8500,7,F,BK,YP,D
9:41:46,ICBP,RG,8475,2,F,DX,EP,D
9:41:46,ICBP,RG,8475,100,F,DX,AK,F
9:41:46,ICBP,RG,8475,11,F,DX,CG,F
9:41:45,ICBP,RG,8475,100,F,DX,AK,F
9:41:42,ICBP,RG,8475,1,F,DX,LG,D
9:41:40,ICBP,RG,8475,1,F,DX,EP,D
9:41:39,ICBP,RG,8475,1,F,DX,PD,D
9:41:28,ICBP,RG,8475,1,F,DX,DH,D
9:41:18,ICBP,RG,8475,1,F,DX,YP,D
9:41:09,ICBP,RG,8500,11,F,BK,YP,D
9:41:04,ICBP,RG,8500,12,F,BK,YP,D
9:41:03,ICBP,RG,8475,14,F,DX,CG,F
9:41:03,ICBP,RG,8475,80,F,DX,CS,F
9:41:00,ICBP,RG,8475,17,F,BK,CS,F
9:41:00,ICBP,RG,8475,1,F,BK,TP,D
9:41:00,ICBP,RG,8450,4,F,BK,CG,F
9:40:59,ICBP,RG,8450,20,F,BK,CG,F
9:40:59,ICBP,RG,8450,7,D,CS,CG,F
9:40:59,ICBP,RG,8475,1,D,CS,TP,D
9:40:58,ICBP,RG,8500,181,F,BK,YP,D
9:40:58,ICBP,RG,8500,2,F,BK,YP,D
9:40:58,ICBP,RG,8500,13,F,BK,PD,D
9:40:58,ICBP,RG,8500,1,F,BK,PD,D
9:40:58,ICBP,RG,8500,2,F,BK,CC,D
9:40:58,ICBP,RG,8500,2,F,BK,YJ,D
9:40:58,ICBP,RG,8500,1,F,BK,PD,D
9:40:58,ICBP,RG,8500,7,F,BK,SQ,D
9:40:58,ICBP,RG,8500,10,F,BK,KK,D
9:40:58,ICBP,RG,8500,2,F,BK,PD,D
9:40:58,ICBP,RG,8500,29,F,BK,GR,D
9:40:58,ICBP,RG,8500,1,F,BK,ZP,D
9:40:58,ICBP,RG,8500,4,F,BK,LG,D
9:40:58,ICBP,RG,8500,2,F,BK,PD,D
9:40:58,ICBP,RG,8500,1,F,BK,XA,D
9:40:58,ICBP,RG,8500,1,F,BK,PD,D
9:40:58,ICBP,RG,8500,1,F,BK,GR,D
9:40:58,ICBP,RG,8500,1,F,BK,IH,D
9:40:58,ICBP,RG,8500,1,F,BK,DH,D
9:40:55,ICBP,RG,8475,21,F,AK,CG,F
9:40:55,ICBP,RG,8475,5,F,AK,CG,F
9:40:54,ICBP,RG,8475,11,F,AK,CG,F
9:40:54,ICBP,RG,8475,7,F,AK,PD,D
9:40:54,ICBP,RG,8475,7,F,AK,XC,D
9:40:54,ICBP,RG,8475,10,F,AK,CG,F
9:40:54,ICBP,RG,8475,10,F,AK,PD,D
9:40:54,ICBP,RG,8475,15,F,AK,OD,D
9:40:54,ICBP,RG,8475,1,F,AK,YP,D
9:40:54,ICBP,RG,8475,5,F,AK,PD,D
9:40:54,ICBP,RG,8475,5,F,AK,XC,D
9:40:54,ICBP,RG,8475,1,F,AK,PD,D
9:40:54,ICBP,RG,8475,5,F,AK,KK,D
9:40:54,ICBP,RG,8475,10,F,AK,NI,D
9:40:54,ICBP,RG,8475,50,F,AK,YP,D
9:40:54,ICBP,RG,8475,25,F,AK,YP,D
9:40:54,ICBP,RG,8475,4,F,AK,XC,D
9:40:54,ICBP,RG,8475,10,F,AK,TP,D
9:40:54,ICBP,RG,8475,5,F,AK,KK,D
9:40:54,ICBP,RG,8475,10,F,AK,PD,D
9:40:54,ICBP,RG,8475,1,F,AK,NI,D
9:40:54,ICBP,RG,8475,30,F,AK,CC,F
9:40:54,ICBP,RG,8475,10,F,AK,KK,D
9:40:54,ICBP,RG,8475,5,F,AK,YP,D
9:40:54,ICBP,RG,8475,5,F,AK,OD,D
9:40:54,ICBP,RG,8475,14,F,AK,PD,D
9:40:54,ICBP,RG,8475,2,F,AK,PD,D
9:40:54,ICBP,RG,8450,39,F,AK,CG,F
9:40:54,ICBP,RG,8475,8,F,BK,PD,D
9:40:54,ICBP,RG,8475,1,F,BK,LS,D
9:40:54,ICBP,RG,8475,3,F,BK,PD,D
9:40:54,ICBP,RG,8475,1,F,BK,GR,D
9:40:54,ICBP,RG,8475,1,F,BK,XC,D
9:40:54,ICBP,RG,8475,5,F,BK,YP,D
9:40:54,ICBP,RG,8475,5,F,BK,DR,D
9:40:54,ICBP,RG,8475,3,F,BK,YP,D
9:40:54,ICBP,RG,8475,6,F,BK,PD,D
9:40:54,ICBP,RG,8475,1,F,BK,YP,D
9:40:54,ICBP,RG,8475,1,F,BK,XC,D
9:40:54,ICBP,RG,8475,1,F,BK,PD,D
9:40:54,ICBP,RG,8450,21,F,AK,CG,F
9:40:54,ICBP,RG,8450,111,F,AK,CS,F
9:40:53,ICBP,RG,8450,2,F,AK,AK,D
9:40:53,ICBP,RG,8425,33,F,DX,CG,F
9:40:53,ICBP,RG,8450,18,F,BK,CG,F
9:40:53,ICBP,RG,8450,2,F,BK,CG,F
9:40:53,ICBP,RG,8450,4,F,BK,SQ,D
9:40:53,ICBP,RG,8450,36,F,BK,YP,D
9:40:53,ICBP,RG,8450,4,F,BK,PD,D
9:40:53,ICBP,RG,8450,5,F,BK,PD,D
9:40:53,ICBP,RG,8450,2,F,BK,TP,D
9:40:53,ICBP,RG,8450,2,F,BK,XC,D
9:40:53,ICBP,RG,8450,10,F,BK,YP,D
9:40:53,ICBP,RG,8450,2,F,BK,CG,F
9:40:53,ICBP,RG,8450,2,F,BK,CG,F
9:40:53,ICBP,RG,8450,1,F,BK,PD,D
9:40:53,ICBP,RG,8450,2,F,BK,XC,D
9:40:53,ICBP,RG,8450,1,F,BK,PD,D
9:40:53,ICBP,RG,8450,28,F,BK,AK,F
9:40:53,ICBP,RG,8450,38,F,BK,CG,F
9:40:53,ICBP,RG,8450,11,F,BK,DH,D
9:40:53,ICBP,RG,8450,1,F,BK,PD,D
9:40:53,ICBP,RG,8450,1,F,BK,XC,D
9:40:53,ICBP,RG,8450,20,F,BK,XC,D
9:40:53,ICBP,RG,8450,1,F,BK,KK,D
9:40:53,ICBP,RG,8450,5,F,BK,PD,D
9:40:53,ICBP,RG,8450,8,F,BK,BK,F
9:40:53,ICBP,RG,8450,1,F,BK,YP,D
9:40:53,ICBP,RG,8450,1,F,BK,GR,D
9:40:53,ICBP,RG,8450,1,F,BK,PD,D
9:40:53,ICBP,RG,8450,15,F,BK,CC,D
9:40:53,ICBP,RG,8450,1,F,BK,YP,D
9:40:53,ICBP,RG,8450,2,F,BK,NI,D
9:40:53,ICBP,RG,8450,6,F,BK,YP,D
9:40:53,ICBP,RG,8450,30,F,BK,SQ,D
9:40:53,ICBP,RG,8450,3,F,BK,DH,D
9:40:53,ICBP,RG,8450,25,F,BK,YP,D
9:40:53,ICBP,RG,8450,150,F,BK,YU,D
9:40:53,ICBP,RG,8450,1,F,BK,PD,D
9:40:53,ICBP,RG,8450,20,F,BK,CC,D
9:40:53,ICBP,RG,8450,3,F,BK,SQ,D
9:40:53,ICBP,RG,8450,1,F,BK,RG,D
9:40:53,ICBP,RG,8450,1,F,BK,YP,D
9:40:53,ICBP,RG,8450,1,F,BK,YP,D
9:40:53,ICBP,RG,8450,2,F,BK,YP,D
9:40:53,ICBP,RG,8450,284,F,BK,SQ,D
9:40:53,ICBP,RG,8450,195,F,AK,SQ,D
9:40:52,ICBP,RG,8450,481,F,DX,SQ,D
9:40:52,ICBP,RG,8450,1,F,DX,EP,D
9:40:52,ICBP,RG,8450,1,F,DX,YB,D
9:40:52,ICBP,RG,8450,17,F,DX,PD,D
9:40:25,ICBP,RG,8450,1,D,NI,PD,D
9:40:09,ICBP,RG,8450,1,D,DX,PD,D
9:40:05,ICBP,RG,8425,7,F,DX,CG,F
9:40:04,ICBP,RG,8450,7,F,BK,PD,D
9:40:04,ICBP,RG,8450,24,D,GR,PD,D
9:40:04,ICBP,RG,8450,2,D,GR,NI,D
9:40:04,ICBP,RG,8450,20,D,GR,DR,D
9:40:04,ICBP,RG,8450,4,D,GR,PD,D
9:39:59,ICBP,RG,8425,1,F,DX,YP,D
9:39:51,ICBP,RG,8450,1,D,SQ,PD,D
9:39:05,ICBP,RG,8450,6,F,BK,XC,D
9:39:05,ICBP,RG,8450,2,F,BK,YP,D
9:39:04,ICBP,RG,8425,3,F,DX,CG,F
9:39:02,ICBP,RG,8450,2,F,BK,YP,D
9:39:02,ICBP,RG,8450,9,F,BK,KK,D
9:39:01,ICBP,RG,8425,13,F,DX,CC,D
9:39:00,ICBP,RG,8450,1,F,BK,KK,D
9:39:00,ICBP,RG,8450,1,F,BK,KK,D
9:39:00,ICBP,RG,8450,5,F,BK,NI,D
9:38:57,ICBP,RG,8425,1,F,DX,XC,D
9:38:57,ICBP,RG,8425,1,F,DX,XC,D
9:38:57,ICBP,RG,8425,10,F,DX,YP,D
9:38:57,ICBP,RG,8425,3,F,DX,CG,F
9:38:57,ICBP,RG,8425,11,F,DX,CG,F
9:38:57,ICBP,RG,8425,10,F,DX,AK,D
9:38:57,ICBP,RG,8425,42,F,DX,AK,D
9:38:57,ICBP,RG,8425,12,F,DX,AK,D
9:38:57,ICBP,RG,8425,37,F,DX,CS,F
9:38:15,ICBP,RG,8425,12,F,BK,CS,F
9:38:15,ICBP,RG,8400,3,D,NI,CG,F
9:38:12,ICBP,RG,8425,7,F,BK,CS,F
9:38:10,ICBP,RG,8425,17,F,BK,CS,F
9:38:09,ICBP,RG,8400,10,D,NI,CG,F
9:38:08,ICBP,RG,8400,3,D,NI,CG,F
9:38:08,ICBP,RG,8425,29,D,CS,CS,F
9:38:08,ICBP,RG,8425,4,D,CS,PD,D
9:38:08,ICBP,RG,8425,1,D,CS,KK,D
9:38:08,ICBP,RG,8425,1,D,CS,YP,D
9:38:08,ICBP,RG,8425,25,D,CS,PD,D
9:38:08,ICBP,RG,8425,2,D,CS,CG,F
9:38:08,ICBP,RG,8425,40,D,CS,CC,D
9:38:07,ICBP,RG,8425,14,F,BK,CC,D
9:38:05,ICBP,RG,8425,7,F,BK,CC,D
9:38:03,ICBP,RG,8400,9,D,NI,CG,F
9:38:02,ICBP,RG,8425,10,F,BK,CC,D
9:38:02,ICBP,RG,8425,85,F,BK,CC,D
9:37:59,ICBP,RG,8425,54,F,AK,CC,D
9:37:59,ICBP,RG,8425,2,F,AK,XC,D
9:37:59,ICBP,RG,8425,1,F,AK,YP,D
9:37:59,ICBP,RG,8425,8,F,AK,CG,F
9:37:59,ICBP,RG,8425,3,F,AK,AK,D
9:37:59,ICBP,RG,8425,12,F,AK,AK,D
9:37:59,ICBP,RG,8425,3,F,AK,AK,D
9:37:59,ICBP,RG,8425,5,F,AK,DH,D
9:37:59,ICBP,RG,8425,85,F,AK,CS,F
9:37:59,ICBP,RG,8425,1,F,AK,DR,D
9:37:59,ICBP,RG,8425,6,F,AK,PD,D
9:37:59,ICBP,RG,8425,12,F,AK,CG,F
9:37:59,ICBP,RG,8400,5,D,NI,CG,F
9:37:59,ICBP,RG,8400,5,D,NI,CG,F
9:37:58,ICBP,RG,8425,6,F,BK,CG,F
9:37:58,ICBP,RG,8400,43,D,NI,CG,F
9:37:57,ICBP,RG,8400,3,D,NI,AK,D
9:37:57,ICBP,RG,8400,14,D,NI,AK,D
9:37:57,ICBP,RG,8400,3,D,NI,AK,D
9:37:57,ICBP,RG,8400,3,D,NI,AK,D
9:37:57,ICBP,RG,8400,1,D,NI,AK,D
9:37:57,ICBP,RG,8400,4,D,NI,AK,D
9:37:57,ICBP,RG,8400,26,D,NI,AK,F
9:37:57,ICBP,RG,8400,20,D,NI,YB,D
9:37:57,ICBP,RG,8400,30,D,NI,SQ,D
9:37:57,ICBP,RG,8400,18,D,NI,CG,F
9:37:57,ICBP,RG,8400,2,D,NI,YB,D
9:37:57,ICBP,RG,8400,4,D,NI,CG,F
9:37:57,ICBP,RG,8400,57,D,NI,YP,D
9:37:57,ICBP,RG,8400,6,D,NI,CC,D
9:37:57,ICBP,RG,8400,1,D,NI,LS,D
9:37:57,ICBP,RG,8400,3,D,NI,AK,D
9:37:57,ICBP,RG,8400,13,D,NI,AK,D
9:37:57,ICBP,RG,8400,4,D,NI,AK,D
9:37:57,ICBP,RG,8400,28,D,NI,AK,F
9:37:57,ICBP,RG,8400,100,D,NI,CS,F
9:37:57,ICBP,RG,8400,1,D,NI,CC,D
9:37:57,ICBP,RG,8400,1,D,NI,CC,D
9:37:57,ICBP,RG,8400,1,D,NI,KK,D
9:37:57,ICBP,RG,8400,5,D,NI,CC,D
9:37:57,ICBP,RG,8400,1,D,NI,YP,D
9:37:57,ICBP,RG,8400,5,D,NI,CG,F
9:37:57,ICBP,RG,8400,170,D,NI,CC,D
9:37:57,ICBP,RG,8400,1,D,NI,CG,F
9:37:57,ICBP,RG,8400,10,D,NI,CC,D
9:37:57,ICBP,RG,8400,4,D,NI,CG,F
9:37:57,ICBP,RG,8400,100,D,NI,YP,D
9:37:57,ICBP,RG,8400,2,D,NI,CG,F
9:37:57,ICBP,RG,8400,8,D,NI,CG,F
9:37:57,ICBP,RG,8400,2,D,NI,CG,F
9:37:57,ICBP,RG,8400,2,D,NI,PD,D
9:37:57,ICBP,RG,8400,1,D,NI,PD,D
9:37:57,ICBP,RG,8400,4,D,NI,CG,F
9:37:57,ICBP,RG,8400,3,D,NI,KK,D
9:37:57,ICBP,RG,8400,1,D,NI,DH,D
9:37:57,ICBP,RG,8400,4,D,NI,CG,F
9:37:57,ICBP,RG,8400,3,D,NI,AK,D
9:37:57,ICBP,RG,8400,15,D,NI,AK,D
9:37:57,ICBP,RG,8400,4,D,NI,AK,D
9:37:57,ICBP,RG,8400,10,D,NI,LG,D
9:37:57,ICBP,RG,8400,3,D,NI,CG,F
9:37:57,ICBP,RG,8400,13,D,NI,AK,F
9:37:49,ICBP,RG,8375,3,F,BK,CG,F
9:37:30,ICBP,RG,8375,3,F,BK,XC,D
9:37:10,ICBP,RG,8375,5,F,BK,YP,D
9:36:59,ICBP,RG,8375,3,F,BK,CG,F
9:36:34,ICBP,RG,8375,1,F,BK,XC,D
9:36:24,ICBP,RG,8375,2,F,BK,SQ,D
9:36:09,ICBP,RG,8375,2,F,BK,CG,F
9:35:55,ICBP,RG,8375,3,F,BK,CG,F
9:35:50,ICBP,RG,8375,4,F,BK,XC,D
9:35:44,ICBP,RG,8375,3,F,BK,CG,F
9:35:20,ICBP,RG,8375,10,F,BK,LG,D
9:35:12,ICBP,RG,8375,2,F,BK,CC,D
9:35:12,ICBP,RG,8375,4,D,KK,CC,D
9:35:01,ICBP,RG,8375,1,D,KK,XC,D
9:34:58,ICBP,RG,8375,1,D,KK,CG,F
9:34:26,ICBP,RG,8375,3,D,KK,SQ,D
9:34:20,ICBP,RG,8375,4,D,KK,CG,F
9:34:18,ICBP,RG,8400,12,F,BK,AK,F
9:34:17,ICBP,RG,8375,5,D,KK,OD,D
9:34:16,ICBP,RG,8375,17,D,KK,CG,F
9:34:16,ICBP,RG,8400,152,F,AK,AK,F
9:34:16,ICBP,RG,8400,2,F,AK,AK,D
9:34:16,ICBP,RG,8400,10,F,AK,AK,D
9:34:16,ICBP,RG,8400,3,F,AK,AK,D
9:34:14,ICBP,RG,8375,10,D,KK,CG,F
9:34:13,ICBP,RG,8375,55,D,KK,XC,D
9:34:13,ICBP,RG,8375,1,D,KK,XC,D
9:34:13,ICBP,RG,8375,12,F,BK,XC,D
9:34:13,ICBP,RG,8375,1,D,YP,XC,D
9:34:13,ICBP,RG,8375,2,D,CC,XC,D
9:34:13,ICBP,RG,8375,1,D,DR,XC,D
9:34:13,ICBP,RG,8375,10,F,YP,XC,D
9:34:13,ICBP,RG,8375,5,D,DR,XC,D
9:34:13,ICBP,RG,8375,3,D,YJ,XC,D
9:34:05,ICBP,RG,8375,3,D,YJ,CG,F
9:34:04,ICBP,RG,8375,25,D,YJ,NI,D
9:33:14,ICBP,RG,8375,1,D,YJ,CC,D
9:32:24,ICBP,RG,8375,1,D,YJ,PD,D
9:32:07,ICBP,RG,8375,6,D,YJ,SQ,D
9:31:36,ICBP,RG,8375,1,D,YJ,XC,D
9:31:17,ICBP,RG,8375,3,D,YJ,CG,F
9:31:16,ICBP,RG,8400,1,D,PD,CS,F
9:30:27,ICBP,RG,8375,20,D,YJ,SQ,D
9:29:43,ICBP,RG,8375,1,D,YJ,CS,F
9:29:43,ICBP,RG,8375,1,D,YJ,CS,F
9:29:43,ICBP,RG,8375,2,D,YJ,CS,F
9:29:32,ICBP,RG,8375,2,D,YJ,CS,F
