Time,Stock,Brd,Price,Qty,BT,BC,SC,ST
15:14:02,ICBP,RG,8125,6,D,PD,YP,D
15:14:02,ICBP,RG,8125,10,D,PD,YP,D
15:08:49,ICBP,RG,8125,3,D,PD,DH,D
15:08:49,ICBP,RG,8125,1,D,YP,DH,D
15:08:49,ICBP,RG,8125,2,D,DH,DH,D
15:08:49,ICBP,RG,8125,1,D,PD,DH,D
15:08:49,ICBP,RG,8125,9,D,RO,DH,D
15:08:32,ICBP,RG,8125,2,D,RO,DH,D
15:07:58,ICBP,RG,8125,1,D,RO,DR,D
15:07:16,ICBP,RG,8125,3,D,RO,DH,D
15:06:17,ICBP,RG,8125,1,D,RO,PD,D
15:06:07,ICBP,RG,8125,1,D,RO,DH,D
15:05:46,ICBP,RG,8125,2,D,RO,DH,D
15:05:04,ICBP,RG,8125,10,D,RO,YP,D
15:05:03,ICBP,RG,8125,50,D,RO,YP,D
15:05:01,ICBP,RG,8125,1,D,RO,XC,D
15:05:00,ICBP,RG,8125,5,D,RO,DH,D
15:05:00,ICBP,RG,8125,15,D,RO,GR,D
15:05:00,ICBP,RG,8125,1,D,GR,GR,D
15:05:00,ICBP,RG,8125,2,D,GR,YU,D
15:05:00,ICBP,RG,8125,3,D,PD,YU,D
15:05:00,ICBP,RG,8125,45,D,YJ,YU,D
15:00:00,ICBP,RG,8125,100,D,YJ,EP,D
15:00:00,ICBP,RG,8125,105,D,YJ,EP,D
15:00:00,ICBP,RG,8125,50,D,RO,EP,D
15:00:00,ICBP,RG,8125,50,D,RO,EP,D
15:00:00,ICBP,RG,8125,5,D,YP,EP,D
15:00:00,ICBP,RG,8125,100,D,RO,EP,D
15:00:00,ICBP,RG,8125,1,D,CC,EP,D
15:00:00,ICBP,RG,8125,1,D,YU,EP,D
15:00:00,ICBP,RG,8125,1,D,PD,EP,D
15:00:00,ICBP,RG,8125,10,D,XC,EP,D
15:00:00,ICBP,RG,8125,1,D,YP,EP,D
15:00:00,ICBP,RG,8125,186,D,PD,EP,D
15:00:00,ICBP,RG,8125,13,D,PD,EP,D
15:00:00,ICBP,RG,8125,5,D,YP,EP,D
15:00:00,ICBP,RG,8125,72,F,CS,EP,D
15:00:00,ICBP,RG,8125,85,F,CS,EP,D
15:00:00,ICBP,RG,8125,467,F,CS,EP,D
15:00:00,ICBP,RG,8125,1,D,NI,EP,D
15:00:00,ICBP,RG,8125,1,D,YP,EP,D
15:00:00,ICBP,RG,8125,1,D,PD,EP,D
15:00:00,ICBP,RG,8125,1,D,YP,EP,D
15:00:00,ICBP,RG,8125,44,D,NI,EP,D
15:00:00,ICBP,RG,8125,2,D,NI,PD,D
15:00:00,ICBP,RG,8125,3,D,NI,RF,D
15:00:00,ICBP,RG,8125,2,D,IU,RF,D
15:00:00,ICBP,RG,8125,77,D,IU,YP,D
15:00:00,ICBP,RG,8125,10,D,IU,YP,D
15:00:00,ICBP,RG,8125,11,D,IU,PD,D
15:00:00,ICBP,RG,8125,1,D,XC,PD,D
15:00:00,ICBP,RG,8125,1,D,XC,PD,D
15:00:00,ICBP,RG,8125,3,D,YP,PD,D
15:00:00,ICBP,RG,8125,1,D,KK,PD,D
15:00:00,ICBP,RG,8125,5,D,CC,PD,D
15:00:00,ICBP,RG,8125,2,D,YP,PD,D
15:00:00,ICBP,RG,8125,140,F,BK,PD,D
15:00:00,ICBP,RG,8125,249,F,BK,BK,F
15:00:00,ICBP,RG,8125,10,F,BK,BK,F
15:00:00,ICBP,RG,8125,6,F,BK,AK,F
15:00:00,ICBP,RG,8125,11,F,BK,AK,F
15:00:00,ICBP,RG,8125,51,F,BK,RX,F
15:00:00,ICBP,RG,8125,2,D,AT,RX,F
15:00:00,ICBP,RG,8125,1,D,PD,RX,F
15:00:00,ICBP,RG,8125,10,D,DH,RX,F
15:00:00,ICBP,RG,8125,1,D,YP,RX,F
15:00:00,ICBP,RG,8125,6,D,YP,RX,F
15:00:00,ICBP,RG,8125,1,D,EP,RX,F
15:00:00,ICBP,RG,8125,2,D,CC,RX,F
15:00:00,ICBP,RG,8125,1,D,CC,RX,F
15:00:00,ICBP,RG,8125,5,D,YP,RX,F
15:00:00,ICBP,RG,8125,11,D,PD,RX,F
15:00:00,ICBP,RG,8125,11,D,PD,RX,F
15:00:00,ICBP,RG,8125,2,D,PD,RX,F
15:00:00,ICBP,RG,8125,5,D,YP,RX,F
15:00:00,ICBP,RG,8125,1,D,PD,RX,F
15:00:00,ICBP,RG,8125,10,D,PD,RX,F
15:00:00,ICBP,RG,8125,3,D,CC,RX,F
15:00:00,ICBP,RG,8125,30,D,KK,RX,F
15:00:00,ICBP,RG,8125,1,D,YP,RX,F
15:00:00,ICBP,RG,8125,1,D,NI,RX,F
15:00:00,ICBP,RG,8125,1,D,PD,RX,F
15:00:00,ICBP,RG,8125,1,D,PD,RX,F
15:00:00,ICBP,RG,8125,1,D,XC,RX,F
15:00:00,ICBP,RG,8125,2,D,YP,RX,F
15:00:00,ICBP,RG,8125,73,D,YU,RX,F
15:00:00,ICBP,RG,8125,6,D,AZ,RX,F
15:00:00,ICBP,RG,8125,6,D,NI,RX,F
15:00:00,ICBP,RG,8125,3,F,YU,RX,F
15:00:00,ICBP,RG,8125,49,F,YU,RX,F
15:00:00,ICBP,RG,8125,24,F,BK,RX,F
15:00:00,ICBP,RG,8125,36,F,AK,RX,F
15:00:00,ICBP,RG,8125,38,F,AK,KZ,F
15:00:00,ICBP,RG,8125,51,F,AK,KZ,F
15:00:00,ICBP,RG,8125,25,D,KZ,KZ,F
15:00:00,ICBP,RG,8125,11,D,DR,KZ,F
14:49:46,ICBP,RG,8175,12,D,YU,RX,F
14:49:46,ICBP,RG,8175,1,D,YU,YP,D
14:49:46,ICBP,RG,8175,2,D,YU,PD,D
14:49:46,ICBP,RG,8175,2,D,YU,CC,D
14:49:46,ICBP,RG,8175,1,D,YU,XC,D
14:49:46,ICBP,RG,8175,4,D,YU,CC,D
14:49:46,ICBP,RG,8175,4,D,YU,CC,D
14:49:46,ICBP,RG,8175,1,D,YU,YP,D
14:49:46,ICBP,RG,8175,100,D,YU,EP,D
14:49:46,ICBP,RG,8175,100,D,YU,EP,D
14:49:44,ICBP,RG,8150,1,F,BK,AK,F
14:49:22,ICBP,RG,8150,3,F,BK,XC,D
14:49:15,ICBP,RG,8150,2,F,BK,AK,F
14:49:11,ICBP,RG,8150,4,F,BK,BB,D
14:49:11,ICBP,RG,8150,22,F,BK,BB,D
14:49:11,ICBP,RG,8150,2,D,YP,BB,D
14:49:04,ICBP,RG,8150,4,D,YP,BB,D
14:49:04,ICBP,RG,8150,3,D,YP,BB,D
14:49:04,ICBP,RG,8150,11,D,YP,BB,D
14:49:03,ICBP,RG,8150,50,F,BK,IP,D
14:49:03,ICBP,RG,8150,1,F,BK,BB,D
14:49:03,ICBP,RG,8150,1,F,BK,BB,D
14:49:03,ICBP,RG,8150,2,F,BK,AZ,D
14:49:03,ICBP,RG,8150,5,F,BK,PD,D
14:49:03,ICBP,RG,8150,1,F,BK,PD,D
14:49:03,ICBP,RG,8150,1,F,BK,PD,D
14:49:00,ICBP,RG,8125,1,F,BK,AK,D
14:49:00,ICBP,RG,8125,1,F,BK,AK,D
14:49:00,ICBP,RG,8125,18,F,BK,AK,D
14:49:00,ICBP,RG,8125,3,F,BK,AK,D
14:49:00,ICBP,RG,8125,2,F,BK,AK,D
14:49:00,ICBP,RG,8125,7,F,BK,AK,D
14:49:00,ICBP,RG,8125,3,F,BK,AK,D
14:49:00,ICBP,RG,8125,4,F,YU,AK,D
14:49:00,ICBP,RG,8150,1,F,AK,PD,D
14:49:00,ICBP,RG,8150,1,F,AK,PD,D
14:49:00,ICBP,RG,8125,1,F,YU,AK,D
14:49:00,ICBP,RG,8125,1,D,PD,AK,D
14:48:59,ICBP,RG,8150,1,F,AK,PD,D
14:48:58,ICBP,RG,8150,2,D,YP,PD,D
14:48:58,ICBP,RG,8150,3,F,YU,PD,D
14:48:55,ICBP,RG,8150,1,F,BK,PD,D
14:48:42,ICBP,RG,8125,3,F,BK,BB,D
14:48:41,ICBP,RG,8125,3,F,BK,BB,D
14:48:41,ICBP,RG,8125,3,D,YP,BB,D
14:48:40,ICBP,RG,8125,1,D,YP,BB,D
14:48:40,ICBP,RG,8125,1,D,YP,BB,D
14:48:39,ICBP,RG,8125,1,D,YB,BB,D
14:48:39,ICBP,RG,8125,1,D,XC,BB,D
14:48:38,ICBP,RG,8125,5,F,BK,BB,D
14:48:38,ICBP,RG,8125,2,F,BK,BB,D
14:48:31,ICBP,RG,8125,3,D,YP,BB,D
14:48:28,ICBP,RG,8125,22,F,AK,AK,D
14:48:28,ICBP,RG,8125,3,F,AK,AK,D
14:48:27,ICBP,RG,8125,1,F,AK,PD,D
14:48:27,ICBP,RG,8125,29,F,AK,BB,D
14:48:27,ICBP,RG,8125,28,F,AK,BB,D
14:48:27,ICBP,RG,8125,78,F,AK,AK,D
14:48:27,ICBP,RG,8125,1,F,AK,AK,F
14:48:27,ICBP,RG,8125,62,F,AK,CS,F
14:48:27,ICBP,RG,8125,36,D,PD,CS,F
14:48:27,ICBP,RG,8125,1,D,PD,DH,D
14:48:27,ICBP,RG,8125,1,D,PD,DR,D
14:48:27,ICBP,RG,8125,10,D,PD,CC,D
14:48:27,ICBP,RG,8125,4,D,PD,NI,D
14:48:27,ICBP,RG,8125,43,D,PD,AK,D
14:48:27,ICBP,RG,8125,20,D,PD,GR,D
14:48:27,ICBP,RG,8125,5,D,PD,AK,D
14:48:27,ICBP,RG,8125,1,D,PD,CC,D
14:48:27,ICBP,RG,8125,51,D,PD,RX,F
14:48:27,ICBP,RG,8125,13,D,PD,RX,F
14:48:27,ICBP,RG,8125,3,F,YU,RX,F
14:48:26,ICBP,RG,8100,10,F,BK,YP,D
14:48:24,ICBP,RG,8125,3,D,NI,RX,F
14:48:24,ICBP,RG,8100,13,F,BK,BB,D
14:48:20,ICBP,RG,8125,1,D,YP,RX,F
14:48:18,ICBP,RG,8125,1,D,GR,RX,F
14:48:10,ICBP,RG,8125,1,D,NI,RX,F
14:48:09,ICBP,RG,8125,5,D,CC,RX,F
14:48:08,ICBP,RG,8100,19,F,BK,BB,D
14:48:07,ICBP,RG,8125,69,F,BK,RX,F
14:48:07,ICBP,RG,8125,2,F,BK,PD,D
14:48:07,ICBP,RG,8125,11,F,BK,BB,D
14:48:07,ICBP,RG,8125,63,F,BK,AK,D
14:48:07,ICBP,RG,8125,5,F,BK,AK,D
14:48:07,ICBP,RG,8125,2,F,BK,AK,F
14:48:07,ICBP,RG,8125,119,F,BK,EP,D
14:47:59,ICBP,RG,8100,14,F,BK,RX,F
14:47:59,ICBP,RG,8100,123,F,BK,KZ,F
14:47:59,ICBP,RG,8100,1,D,SQ,KZ,F
14:47:59,ICBP,RG,8100,5,D,NI,KZ,F
14:47:59,ICBP,RG,8100,2,D,YP,KZ,F
14:47:59,ICBP,RG,8100,1,D,SQ,KZ,F
14:47:59,ICBP,RG,8100,1,D,CC,KZ,F
14:47:59,ICBP,RG,8100,4,D,PD,KZ,F
14:47:57,ICBP,RG,8125,3,F,YU,EP,D
14:47:56,ICBP,RG,8100,3,D,PD,AK,D
14:47:55,ICBP,RG,8100,3,D,PD,AK,D
14:47:55,ICBP,RG,8100,2,D,YP,AK,D
14:47:55,ICBP,RG,8100,1,D,YP,AK,D
14:47:55,ICBP,RG,8100,7,D,IP,AK,D
14:47:54,ICBP,RG,8100,3,D,IP,KZ,F
14:47:54,ICBP,RG,8100,1,D,CC,KZ,F
14:47:54,ICBP,RG,8100,1,D,YP,KZ,F
14:47:54,ICBP,RG,8100,10,D,SQ,KZ,F
14:47:54,ICBP,RG,8100,1,D,DH,KZ,F
14:47:48,ICBP,RG,8100,9,D,DH,RX,F
14:47:48,ICBP,RG,8100,5,D,DH,RX,F
14:47:46,ICBP,RG,8100,5,D,DH,DR,D
14:47:46,ICBP,RG,8100,1,D,CC,DR,D
14:47:40,ICBP,RG,8100,1,D,CC,PD,D
14:47:40,ICBP,RG,8100,1,D,YP,PD,D
14:47:40,ICBP,RG,8100,4,D,XC,PD,D
14:47:40,ICBP,RG,8100,2,D,NI,PD,D
14:47:40,ICBP,RG,8100,3,D,CP,PD,D
14:47:37,ICBP,RG,8100,22,D,CP,RX,F
14:47:35,ICBP,RG,8100,25,D,CP,BB,D
14:47:35,ICBP,RG,8100,2,D,SQ,BB,D
14:47:35,ICBP,RG,8100,6,D,PD,BB,D
14:47:35,ICBP,RG,8100,5,D,CC,BB,D
14:47:35,ICBP,RG,8100,1,D,PD,BB,D
14:47:35,ICBP,RG,8100,4,D,NI,BB,D
14:47:35,ICBP,RG,8100,5,D,GR,BB,D
14:47:27,ICBP,RG,8125,3,F,YU,EP,D
14:47:20,ICBP,RG,8100,15,D,GR,RX,F
14:47:11,ICBP,RG,8100,5,D,GR,XC,D
14:47:11,ICBP,RG,8100,1,D,CC,XC,D
14:47:11,ICBP,RG,8100,1,D,NI,XC,D
14:47:09,ICBP,RG,8100,1,D,NI,RX,F
14:47:09,ICBP,RG,8100,1,D,DR,RX,F
14:47:09,ICBP,RG,8100,3,D,CC,RX,F
14:47:09,ICBP,RG,8100,5,D,CC,RX,F
14:47:04,ICBP,RG,8100,2,D,CC,KZ,F
14:47:01,ICBP,RG,8100,1,D,CC,RX,F
14:46:59,ICBP,RG,8100,2,D,CC,RX,F
14:46:59,ICBP,RG,8100,1,D,SQ,RX,F
14:46:59,ICBP,RG,8100,1,D,PD,RX,F
14:46:59,ICBP,RG,8100,9,D,SQ,RX,F
14:46:58,ICBP,RG,8125,3,F,YU,EP,D
14:46:58,ICBP,RG,8100,41,D,SQ,AK,D
14:46:58,ICBP,RG,8100,1,D,XC,AK,D
14:46:58,ICBP,RG,8100,1,D,SQ,AK,D
14:46:58,ICBP,RG,8100,3,D,DH,AK,D
14:46:58,ICBP,RG,8100,1,D,XC,AK,D
14:46:58,ICBP,RG,8100,25,D,NI,AK,D
14:46:58,ICBP,RG,8100,2,D,YP,AK,D
14:46:58,ICBP,RG,8100,1,D,YP,AK,D
14:46:58,ICBP,RG,8100,9,D,IP,AK,D
14:46:48,ICBP,RG,8100,1,D,IP,RX,F
14:46:48,ICBP,RG,8100,10,D,XC,RX,F
14:46:42,ICBP,RG,8100,1,D,YP,BB,D
14:46:42,ICBP,RG,8100,13,D,PD,BB,D
14:46:42,ICBP,RG,8100,2,D,YP,BB,D
14:46:42,ICBP,RG,8100,1,D,CC,BB,D
14:46:42,ICBP,RG,8100,1,D,YP,BB,D
14:46:42,ICBP,RG,8100,3,D,NI,BB,D
14:46:42,ICBP,RG,8100,1,D,LG,BB,D
14:46:42,ICBP,RG,8100,1,D,AO,BB,D
14:46:42,ICBP,RG,8100,1,D,CC,BB,D
14:46:42,ICBP,RG,8100,1,D,PD,BB,D
14:46:42,ICBP,RG,8100,17,D,EP,BB,D
14:46:40,ICBP,RG,8100,3,D,EP,RX,F
14:46:40,ICBP,RG,8100,2,D,XC,RX,F
14:46:40,ICBP,RG,8100,2,D,NI,RX,F
14:46:40,ICBP,RG,8100,7,D,CP,RX,F
14:46:36,ICBP,RG,8125,2,D,NI,EP,D
14:46:35,ICBP,RG,8125,1,D,PD,EP,D
14:46:28,ICBP,RG,8100,13,D,CP,RX,F
14:46:28,ICBP,RG,8100,1,D,YP,RX,F
14:46:26,ICBP,RG,8125,3,F,YU,EP,D
14:46:17,ICBP,RG,8100,1,D,DH,RX,F
14:46:17,ICBP,RG,8100,13,D,CC,RX,F
14:46:13,ICBP,RG,8125,4,D,NI,EP,D
14:46:09,ICBP,RG,8125,1,D,XC,EP,D
14:46:06,ICBP,RG,8100,7,D,CC,RX,F
14:46:06,ICBP,RG,8100,5,D,IU,RX,F
14:46:06,ICBP,RG,8100,1,D,PD,RX,F
14:46:06,ICBP,RG,8100,1,D,NI,RX,F
14:46:06,ICBP,RG,8100,1,D,NI,RX,F
14:45:57,ICBP,RG,8125,3,F,YU,EP,D
14:45:56,ICBP,RG,8100,14,D,LG,BB,D
14:45:56,ICBP,RG,8100,3,D,LG,BB,D
14:45:56,ICBP,RG,8100,2,D,LS,BB,D
14:45:56,ICBP,RG,8100,2,D,CC,BB,D
14:45:56,ICBP,RG,8100,2,D,PD,BB,D
14:45:56,ICBP,RG,8100,1,D,PD,BB,D
14:45:56,ICBP,RG,8100,1,D,XC,BB,D
14:45:56,ICBP,RG,8100,1,D,PD,BB,D
14:45:56,ICBP,RG,8100,1,D,PD,BB,D
14:45:56,ICBP,RG,8100,13,D,PD,BB,D
14:45:56,ICBP,RG,8100,1,D,PD,BB,D
14:45:56,ICBP,RG,8100,3,D,DX,BB,D
14:45:55,ICBP,RG,8100,7,D,DX,RX,F
14:45:55,ICBP,RG,8100,1,D,PD,RX,F
14:45:55,ICBP,RG,8100,12,D,CC,RX,F
14:45:55,ICBP,RG,8100,1,D,SQ,RX,F
14:45:55,ICBP,RG,8100,4,D,YP,RX,F
14:45:55,ICBP,RG,8100,1,D,PD,RX,F
14:45:49,ICBP,RG,8100,1,D,PD,CC,D
14:45:48,ICBP,RG,8125,1,D,XC,EP,D
14:45:35,ICBP,RG,8100,13,D,PD,RX,F
14:45:25,ICBP,RG,8125,3,F,YU,EP,D
14:45:25,ICBP,RG,8100,12,D,PD,RX,F
14:45:16,ICBP,RG,8100,6,D,PD,RX,F
14:45:16,ICBP,RG,8100,1,D,DH,RX,F
14:45:16,ICBP,RG,8100,1,D,PD,RX,F
14:45:16,ICBP,RG,8100,2,D,YP,RX,F
14:45:16,ICBP,RG,8100,2,D,KK,RX,F
14:45:16,ICBP,RG,8100,1,D,AI,RX,F
14:45:06,ICBP,RG,8100,9,D,AI,BB,D
14:45:06,ICBP,RG,8100,1,D,PD,BB,D
14:45:06,ICBP,RG,8100,5,D,MU,BB,D
14:45:06,ICBP,RG,8100,1,D,SQ,BB,D
14:45:06,ICBP,RG,8100,5,D,CC,BB,D
14:45:06,ICBP,RG,8100,1,D,NI,BB,D
14:45:06,ICBP,RG,8100,1,D,CC,BB,D
14:45:06,ICBP,RG,8100,1,D,YP,BB,D
14:45:06,ICBP,RG,8100,1,D,PD,BB,D
14:45:06,ICBP,RG,8100,1,D,PD,BB,D
14:45:06,ICBP,RG,8100,1,D,DR,BB,D
14:45:06,ICBP,RG,8100,1,D,XC,BB,D
14:45:06,ICBP,RG,8100,5,D,PD,BB,D
14:45:06,ICBP,RG,8100,2,D,PD,BB,D
14:45:06,ICBP,RG,8100,8,D,CP,BB,D
14:44:55,ICBP,RG,8125,1,D,PD,EP,D
14:44:54,ICBP,RG,8100,4,D,CP,DX,D
14:44:54,ICBP,RG,8100,2,D,CC,DX,D
14:44:54,ICBP,RG,8125,2,D,YP,EP,D
14:44:54,ICBP,RG,8125,3,D,DX,EP,D
14:44:53,ICBP,RG,8125,3,F,YU,EP,D
14:44:48,ICBP,RG,8100,2,D,CC,CC,D
14:44:48,ICBP,RG,8100,1,D,CC,CC,D
14:44:37,ICBP,RG,8125,1,D,YP,EP,D
14:44:34,ICBP,RG,8125,2,D,IF,EP,D
14:44:30,ICBP,RG,8100,10,D,CC,AK,D
14:44:30,ICBP,RG,8100,15,D,XA,AK,D
14:44:30,ICBP,RG,8100,5,D,GR,AK,D
14:44:25,ICBP,RG,8125,4,D,DX,EP,D
14:44:18,ICBP,RG,8100,35,D,GR,BB,D
14:44:17,ICBP,RG,8125,1,D,NI,EP,D
14:44:15,ICBP,RG,8100,10,D,GR,LG,D
14:44:15,ICBP,RG,8100,1,D,GR,LG,D
14:44:15,ICBP,RG,8100,7,D,EP,LG,D
14:44:00,ICBP,RG,8125,3,F,YU,EP,D
14:43:39,ICBP,RG,8125,1,D,XC,EP,D
14:43:35,ICBP,RG,8125,1,D,KK,EP,D
14:43:09,ICBP,RG,8125,3,F,YU,EP,D
14:42:56,ICBP,RG,8100,1,D,EP,CC,D
14:42:56,ICBP,RG,8125,1,D,PD,EP,D
14:42:33,ICBP,RG,8125,1,D,TP,EP,D
14:42:31,ICBP,RG,8125,37,D,YJ,EP,D
14:42:31,ICBP,RG,8125,2,D,YJ,CC,D
14:42:31,ICBP,RG,8125,28,D,YJ,BB,D
14:42:31,ICBP,RG,8125,55,D,YJ,AK,D
14:42:31,ICBP,RG,8125,5,D,YJ,AK,D
14:42:31,ICBP,RG,8125,49,D,YJ,AK,D
14:42:31,ICBP,RG,8125,6,D,YJ,DX,D
14:42:31,ICBP,RG,8125,18,D,YJ,HP,D
14:42:22,ICBP,RG,8125,26,D,PD,HP,D
14:42:22,ICBP,RG,8125,10,D,PD,IP,D
14:42:22,ICBP,RG,8125,3,D,PD,CC,D
14:42:22,ICBP,RG,8125,10,D,PD,RX,F
14:42:22,ICBP,RG,8125,53,D,PD,BB,D
14:42:22,ICBP,RG,8125,4,D,PD,KZ,F
14:42:22,ICBP,RG,8125,1,D,PD,AK,F
14:42:22,ICBP,RG,8125,63,D,PD,AK,D
14:42:22,ICBP,RG,8125,7,D,PD,AK,D
14:42:22,ICBP,RG,8125,8,D,PD,AK,D
14:42:22,ICBP,RG,8125,14,D,PD,AK,D
14:42:19,ICBP,RG,8125,3,F,YU,AK,D
14:42:12,ICBP,RG,8100,17,D,EP,BB,D
14:42:12,ICBP,RG,8100,20,D,YP,BB,D
14:42:12,ICBP,RG,8100,15,D,NI,BB,D
14:42:12,ICBP,RG,8100,1,D,CC,BB,D
14:42:11,ICBP,RG,8125,38,D,YU,AK,D
14:42:11,ICBP,RG,8125,12,D,YU,KZ,F
14:42:09,ICBP,RG,8125,2,D,KK,KZ,F
14:42:09,ICBP,RG,8125,1,D,KK,RX,F
14:42:06,ICBP,RG,8100,99,D,CC,GR,D
14:42:06,ICBP,RG,8100,4,D,CC,GR,D
14:42:06,ICBP,RG,8100,10,D,PD,GR,D
14:42:06,ICBP,RG,8100,1,D,YP,GR,D
14:42:06,ICBP,RG,8100,8,D,CC,GR,D
14:42:06,ICBP,RG,8100,7,D,SQ,GR,D
14:41:58,ICBP,RG,8100,6,D,SQ,DX,D
14:41:45,ICBP,RG,8100,17,D,SQ,AK,D
14:41:45,ICBP,RG,8100,3,D,YP,AK,D
14:41:45,ICBP,RG,8100,1,D,DR,AK,D
14:41:45,ICBP,RG,8100,30,D,CC,AK,D
14:41:45,ICBP,RG,8100,2,D,YP,AK,D
14:41:45,ICBP,RG,8100,2,D,YP,AK,D
14:41:45,ICBP,RG,8100,1,D,YP,AK,D
14:41:45,ICBP,RG,8100,1,D,DX,AK,D
14:41:45,ICBP,RG,8100,2,D,EP,AK,D
14:41:45,ICBP,RG,8100,1,D,XC,AK,D
14:41:45,ICBP,RG,8100,10,D,RO,AK,D
14:41:45,ICBP,RG,8100,1,D,YB,AK,D
14:41:45,ICBP,RG,8100,2,D,PD,AK,D
14:41:45,ICBP,RG,8100,6,D,NI,AK,D
14:41:45,ICBP,RG,8100,1,D,PD,AK,D
14:41:45,ICBP,RG,8100,5,D,KI,AK,D
14:41:45,ICBP,RG,8100,1,D,PD,AK,D
14:41:45,ICBP,RG,8100,2,D,CP,AK,D
14:41:45,ICBP,RG,8100,1,D,KK,AK,D
14:41:45,ICBP,RG,8100,2,D,PD,AK,D
14:41:45,ICBP,RG,8100,5,F,YP,AK,D
14:41:45,ICBP,RG,8100,10,D,SQ,AK,D
14:41:45,ICBP,RG,8100,1,D,CC,AK,D
14:41:45,ICBP,RG,8100,1,D,PD,AK,D
14:41:45,ICBP,RG,8100,1,D,CC,AK,D
14:41:45,ICBP,RG,8100,5,D,SQ,AK,D
14:41:45,ICBP,RG,8100,1,D,PD,AK,D
14:41:45,ICBP,RG,8100,1,D,XC,AK,D
14:41:45,ICBP,RG,8100,2,D,YP,AK,D
14:41:45,ICBP,RG,8100,10,D,YP,AK,D
14:41:45,ICBP,RG,8100,1,D,NI,AK,D
14:41:45,ICBP,RG,8100,6,D,NI,AK,D
14:41:45,ICBP,RG,8100,2,D,XC,AK,D
14:41:45,ICBP,RG,8100,1,D,XC,AK,D
14:41:45,ICBP,RG,8100,3,D,LG,AK,D
14:41:45,ICBP,RG,8100,1,D,NI,AK,D
14:41:45,ICBP,RG,8100,2,D,DR,AK,D
14:41:45,ICBP,RG,8100,2,D,PD,AK,D
14:41:45,ICBP,RG,8100,1,D,XC,AK,D
14:41:45,ICBP,RG,8100,2,D,YP,AK,D
14:41:45,ICBP,RG,8100,15,D,YP,AK,D
14:41:45,ICBP,RG,8100,1,D,CP,AK,D
14:41:45,ICBP,RG,8100,10,D,PD,AK,D
14:41:45,ICBP,RG,8100,15,F,YO,AK,D
14:41:45,ICBP,RG,8100,1,D,GR,AK,D
14:41:45,ICBP,RG,8100,5,D,XC,AK,D
14:41:45,ICBP,RG,8100,2,D,XC,AK,D
14:41:45,ICBP,RG,8100,2,D,PD,AK,D
14:41:45,ICBP,RG,8100,1,D,PD,AK,D
14:41:45,ICBP,RG,8100,1,D,PD,AK,D
14:41:45,ICBP,RG,8100,1,D,YP,AK,D
14:41:45,ICBP,RG,8100,2,D,CC,AK,D
14:41:45,ICBP,RG,8100,11,D,XC,AK,D
14:41:45,ICBP,RG,8100,1,D,AG,AK,D
14:41:45,ICBP,RG,8100,5,D,TP,AK,D
14:41:45,ICBP,RG,8100,1,D,PD,AK,D
14:41:45,ICBP,RG,8100,20,D,YP,AK,D
14:41:45,ICBP,RG,8100,1,D,YP,AK,D
14:41:45,ICBP,RG,8100,1,D,YP,AK,D
14:41:45,ICBP,RG,8100,1,D,XC,AK,D
14:41:45,ICBP,RG,8100,1,D,DR,AK,D
14:41:45,ICBP,RG,8100,1,D,XC,AK,D
14:41:45,ICBP,RG,8100,1,D,YP,AK,D
14:41:45,ICBP,RG,8100,2,D,YP,AK,D
14:41:45,ICBP,RG,8100,1,D,YP,AK,D
14:41:45,ICBP,RG,8100,1,D,YP,AK,D
14:41:45,ICBP,RG,8100,1,D,YB,AK,D
14:41:45,ICBP,RG,8100,1,D,DH,AK,D
14:41:45,ICBP,RG,8100,2,D,PD,AK,D
14:41:45,ICBP,RG,8100,1,D,OD,AK,D
14:41:45,ICBP,RG,8100,25,D,YP,AK,D
14:41:45,ICBP,RG,8100,1,D,KK,AK,D
14:41:45,ICBP,RG,8100,6,D,KK,AK,D
14:41:45,ICBP,RG,8100,1,D,SQ,AK,D
14:41:45,ICBP,RG,8100,2,D,NI,AK,D
14:41:45,ICBP,RG,8100,5,D,CC,AK,D
14:41:45,ICBP,RG,8100,2,D,AT,AK,D
14:41:45,ICBP,RG,8100,10,D,LG,AK,D
14:41:45,ICBP,RG,8100,1,D,XC,AK,D
14:41:45,ICBP,RG,8100,1,D,OD,AK,D
14:41:44,ICBP,RG,8125,1,D,DH,RX,F
14:41:29,ICBP,RG,8125,1,D,YP,RX,F
14:41:20,ICBP,RG,8100,2,D,AT,BB,D
14:41:20,ICBP,RG,8100,1,D,XC,BB,D
14:41:20,ICBP,RG,8100,1,D,TF,BB,D
14:41:20,ICBP,RG,8100,10,D,YP,BB,D
14:41:20,ICBP,RG,8100,6,D,EP,BB,D
14:41:20,ICBP,RG,8100,1,D,XC,BB,D
14:41:20,ICBP,RG,8100,1,D,XC,BB,D
14:41:20,ICBP,RG,8100,5,D,DH,BB,D
14:41:20,ICBP,RG,8100,1,D,CC,BB,D
14:41:20,ICBP,RG,8100,2,D,NI,BB,D
14:41:20,ICBP,RG,8100,1,D,CC,BB,D
14:41:20,ICBP,RG,8100,1,D,PD,BB,D
14:41:20,ICBP,RG,8100,2,D,KK,BB,D
14:41:20,ICBP,RG,8100,1,D,YP,BB,D
14:41:20,ICBP,RG,8100,10,D,YP,BB,D
14:41:20,ICBP,RG,8100,1,D,YP,BB,D
14:41:20,ICBP,RG,8100,1,D,YP,BB,D
14:41:20,ICBP,RG,8100,1,D,DH,BB,D
14:41:20,ICBP,RG,8100,1,D,CC,BB,D
14:41:20,ICBP,RG,8100,1,D,CC,BB,D
14:41:20,ICBP,RG,8100,1,D,NI,BB,D
14:41:20,ICBP,RG,8100,1,D,XC,BB,D
14:41:20,ICBP,RG,8100,1,D,CC,BB,D
14:41:20,ICBP,RG,8100,6,D,NI,BB,D
14:41:20,ICBP,RG,8100,1,D,DR,BB,D
14:41:20,ICBP,RG,8100,1,D,YP,BB,D
14:41:20,ICBP,RG,8100,10,D,YP,BB,D
14:41:20,ICBP,RG,8100,10,D,PD,BB,D
14:41:18,ICBP,RG,8125,2,D,NI,RX,F
14:41:15,ICBP,RG,8100,15,D,YP,AK,D
14:41:09,ICBP,RG,8125,185,D,PD,RX,F
14:41:09,ICBP,RG,8125,3,D,PD,RX,F
14:41:09,ICBP,RG,8125,11,D,PD,BB,D
14:41:06,ICBP,RG,8100,5,D,YP,PD,D
14:41:01,ICBP,RG,8100,1,D,YP,CC,D
14:41:00,ICBP,RG,8100,15,D,YP,AK,F
14:40:51,ICBP,RG,8100,12,D,YP,RX,F
14:40:45,ICBP,RG,8125,1,D,DX,CC,D
14:40:40,ICBP,RG,8100,35,D,YP,RX,F
14:40:39,ICBP,RG,8125,10,D,SQ,RX,F
14:40:39,ICBP,RG,8125,2,F,YU,RX,F
14:40:39,ICBP,RG,8125,1,D,XC,RX,F
14:40:39,ICBP,RG,8125,10,D,YP,RX,F
14:40:39,ICBP,RG,8125,5,D,YP,AK,F
14:40:39,ICBP,RG,8125,1,D,XC,AK,F
14:40:39,ICBP,RG,8125,10,D,CC,AK,F
14:40:39,ICBP,RG,8125,150,F,BK,AK,F
14:40:39,ICBP,RG,8125,20,D,YP,AK,F
14:40:39,ICBP,RG,8125,3,D,DX,AK,F
14:40:39,ICBP,RG,8125,12,F,BK,AK,F
14:40:39,ICBP,RG,8125,1,D,LG,AK,F
14:40:39,ICBP,RG,8125,2,F,AK,AK,F
14:40:39,ICBP,RG,8125,186,D,PD,AK,F
14:40:39,ICBP,RG,8125,13,D,PD,AK,F
14:40:39,ICBP,RG,8125,1,D,XC,AK,F
14:40:39,ICBP,RG,8125,10,D,IP,AK,F
14:40:39,ICBP,RG,8125,30,D,KK,AK,F
14:40:39,ICBP,RG,8125,5,D,YP,AK,F
14:40:39,ICBP,RG,8125,1,D,PD,AK,F
14:40:39,ICBP,RG,8125,20,D,CC,AK,F
14:40:39,ICBP,RG,8125,1,D,SQ,AK,F
14:40:39,ICBP,RG,8125,10,D,AI,AK,F
14:40:39,ICBP,RG,8125,2,D,SQ,AK,F
14:40:39,ICBP,RG,8125,5,D,XC,AK,F
14:40:39,ICBP,RG,8125,1,D,YP,AK,F
14:40:39,ICBP,RG,8125,1,D,CC,AK,F
14:40:39,ICBP,RG,8125,10,D,YP,AK,F
14:40:39,ICBP,RG,8125,1,D,PD,AK,F
14:40:39,ICBP,RG,8125,1,D,CC,AK,F
14:40:39,ICBP,RG,8125,1,D,PD,AK,F
14:40:39,ICBP,RG,8125,8,D,PP,AK,F
14:40:39,ICBP,RG,8125,63,D,YP,AK,F
14:40:38,ICBP,RG,8125,37,D,YP,AK,D
14:40:38,ICBP,RG,8125,179,F,AK,AK,D
14:40:38,ICBP,RG,8125,1,D,XC,AK,D
14:40:38,ICBP,RG,8125,1,D,NI,AK,D
14:40:38,ICBP,RG,8125,5,D,YP,AK,D
14:40:38,ICBP,RG,8125,2,D,CC,AK,D
14:40:38,ICBP,RG,8125,1,D,NI,AK,D
14:40:38,ICBP,RG,8125,2,F,YU,AK,D
14:40:38,ICBP,RG,8125,1,D,SQ,AK,D
14:40:38,ICBP,RG,8125,4,D,NI,AK,D
14:40:38,ICBP,RG,8125,1,D,PD,AK,D
14:40:38,ICBP,RG,8125,41,F,AK,AK,D
14:40:37,ICBP,RG,8125,5,F,AK,YU,D
14:40:37,ICBP,RG,8125,2,D,CC,YU,D
14:40:37,ICBP,RG,8125,1,D,XC,YU,D
14:40:37,ICBP,RG,8125,3,D,NI,YU,D
14:40:37,ICBP,RG,8125,5,D,PD,YU,D
14:40:37,ICBP,RG,8125,2,F,YU,YU,D
14:40:37,ICBP,RG,8125,3,F,AK,YU,D
14:40:37,ICBP,RG,8125,1,D,XC,YU,D
14:40:37,ICBP,RG,8125,2,D,KK,YU,D
14:40:37,ICBP,RG,8125,6,D,PD,YU,D
14:40:37,ICBP,RG,8125,50,D,YP,YU,D
14:40:37,ICBP,RG,8125,2,D,PD,YU,D
14:40:37,ICBP,RG,8125,1,D,XC,YU,D
14:40:37,ICBP,RG,8125,2,D,XC,YU,D
14:40:37,ICBP,RG,8125,1,D,YP,YU,D
14:40:37,ICBP,RG,8125,1,D,KK,YU,D
14:40:37,ICBP,RG,8125,1,D,CC,YU,D
14:40:37,ICBP,RG,8125,5,D,CC,YU,D
14:40:37,ICBP,RG,8125,2,D,AT,YU,D
14:40:37,ICBP,RG,8125,5,D,CP,YU,D
14:40:37,ICBP,RG,8125,2,D,DR,YU,D
14:40:37,ICBP,RG,8125,1,D,NI,YU,D
14:40:37,ICBP,RG,8125,100,D,LS,YU,D
14:40:37,ICBP,RG,8125,50,D,SQ,YU,D
14:40:37,ICBP,RG,8125,47,D,PD,YU,D
14:40:31,ICBP,RG,8125,3,D,PD,RX,F
14:40:31,ICBP,RG,8125,5,D,YJ,RX,F
14:40:30,ICBP,RG,8125,1,D,YJ,AK,F
14:40:26,ICBP,RG,8150,3,D,DH,KZ,F
14:40:23,ICBP,RG,8125,4,D,YJ,RX,F
14:40:23,ICBP,RG,8125,1,D,PD,RX,F
14:40:23,ICBP,RG,8125,7,D,YP,RX,F
14:40:15,ICBP,RG,8125,3,D,YP,AK,D
14:40:15,ICBP,RG,8125,5,D,NI,AK,D
14:40:15,ICBP,RG,8125,1,D,SQ,AK,D
14:40:15,ICBP,RG,8125,1,D,CC,AK,D
14:40:15,ICBP,RG,8125,10,D,YP,AK,D
14:40:15,ICBP,RG,8125,1,D,YP,AK,D
14:40:15,ICBP,RG,8125,1,D,YP,AK,D
14:40:15,ICBP,RG,8125,1,D,YP,AK,D
14:40:15,ICBP,RG,8125,2,D,YP,AK,D
14:40:15,ICBP,RG,8125,5,D,CC,AK,D
14:40:15,ICBP,RG,8125,5,D,CC,AK,D
14:40:15,ICBP,RG,8125,5,D,CC,AK,D
14:40:15,ICBP,RG,8125,5,D,CC,AK,D
14:40:15,ICBP,RG,8125,1,D,CC,AK,D
14:40:01,ICBP,RG,8125,4,D,CC,BB,D
14:40:01,ICBP,RG,8125,3,D,NI,BB,D
14:40:01,ICBP,RG,8125,5,D,CC,BB,D
14:40:01,ICBP,RG,8125,2,D,PD,BB,D
14:40:01,ICBP,RG,8125,5,D,CC,BB,D
14:40:01,ICBP,RG,8125,5,D,CC,BB,D
14:40:01,ICBP,RG,8125,5,D,CC,BB,D
14:40:01,ICBP,RG,8125,5,D,PD,BB,D
14:40:01,ICBP,RG,8125,5,D,CC,BB,D
14:40:01,ICBP,RG,8125,10,D,DH,BB,D
14:40:01,ICBP,RG,8125,1,D,PD,BB,D
14:40:01,ICBP,RG,8125,1,D,PD,BB,D
14:40:01,ICBP,RG,8125,1,D,PD,BB,D
14:40:01,ICBP,RG,8125,1,D,PD,BB,D
14:40:01,ICBP,RG,8125,1,D,PD,BB,D
14:40:01,ICBP,RG,8125,10,D,YP,BB,D
14:40:01,ICBP,RG,8125,1,D,CC,BB,D
14:40:01,ICBP,RG,8125,20,D,YP,BB,D
14:40:01,ICBP,RG,8125,4,D,PD,BB,D
14:40:01,ICBP,RG,8125,1,D,YP,BB,D
14:40:01,ICBP,RG,8125,1,D,CC,BB,D
14:40:01,ICBP,RG,8125,2,D,PD,BB,D
14:39:57,ICBP,RG,8150,5,D,PD,KZ,F
14:39:55,ICBP,RG,8150,3,D,XC,KZ,F
14:39:46,ICBP,RG,8150,3,F,YU,KZ,F
14:39:37,ICBP,RG,8125,1,F,AK,XC,D
14:39:26,ICBP,RG,8125,6,F,AK,DX,D
14:39:24,ICBP,RG,8150,3,D,DX,KZ,F
14:39:17,ICBP,RG,8150,3,D,CC,KZ,F
14:39:11,ICBP,RG,8150,7,D,CC,KZ,F
14:39:01,ICBP,RG,8150,3,F,YU,KZ,F
14:39:00,ICBP,RG,8125,2,F,AK,AK,F
14:38:46,ICBP,RG,8125,7,F,AK,CC,D
14:38:42,ICBP,RG,8150,1,D,CC,KZ,F
14:38:31,ICBP,RG,8125,1,F,AK,CC,D
14:38:30,ICBP,RG,8125,55,F,AK,BB,D
14:38:30,ICBP,RG,8125,1,D,XC,BB,D
14:38:30,ICBP,RG,8125,30,D,TP,BB,D
14:38:30,ICBP,RG,8125,1,D,PD,BB,D
14:38:30,ICBP,RG,8125,10,D,IP,BB,D
14:38:30,ICBP,RG,8125,5,D,NI,BB,D
14:38:30,ICBP,RG,8125,8,D,AI,BB,D
14:38:15,ICBP,RG,8150,3,F,YU,KZ,F
14:37:53,ICBP,RG,8125,2,D,AI,PD,D
14:37:43,ICBP,RG,8125,2,D,AI,CC,D
14:37:40,ICBP,RG,8150,5,D,XC,KZ,F
14:37:35,ICBP,RG,8150,3,F,YU,KZ,F
14:37:11,ICBP,RG,8125,11,D,AI,PD,D
14:37:10,ICBP,RG,8150,15,D,BS,KZ,F
14:37:07,ICBP,RG,8150,3,F,YU,KZ,F
14:36:52,ICBP,RG,8150,5,D,YP,KZ,F
14:36:52,ICBP,RG,8150,3,D,DX,KZ,F
14:36:45,ICBP,RG,8150,1,D,YB,KZ,F
14:36:45,ICBP,RG,8125,14,D,AI,AK,D
14:36:44,ICBP,RG,8150,12,D,PD,KZ,F
14:36:43,ICBP,RG,8125,126,D,AI,BB,D
14:36:35,ICBP,RG,8150,2,D,YB,KZ,F
14:36:22,ICBP,RG,8150,3,F,YU,KZ,F
14:36:03,ICBP,RG,8150,1,D,XC,KZ,F
14:35:43,ICBP,RG,8150,12,D,PD,KZ,F
14:35:37,ICBP,RG,8150,1,D,YP,DX,D
14:35:20,ICBP,RG,8150,1,D,PD,DX,D
14:35:16,ICBP,RG,8150,1,D,EP,DX,D
14:35:11,ICBP,RG,8150,2,D,LS,DX,D
14:35:11,ICBP,RG,8150,1,D,YB,DX,D
14:35:11,ICBP,RG,8150,1,D,YB,BB,D
14:34:55,ICBP,RG,8125,338,D,AI,BB,D
14:34:47,ICBP,RG,8150,1,D,XC,BB,D
14:34:32,ICBP,RG,8150,8,D,PP,RX,F
14:34:31,ICBP,RG,8150,55,F,BK,RX,F
14:34:31,ICBP,RG,8150,3,F,BK,PD,D
14:34:31,ICBP,RG,8150,1,F,BK,CC,D
14:34:31,ICBP,RG,8150,2,F,BK,AK,F
14:34:31,ICBP,RG,8150,61,F,BK,AK,D
14:34:31,ICBP,RG,8150,6,F,BK,AK,D
14:34:31,ICBP,RG,8150,54,F,BK,AK,D
14:34:31,ICBP,RG,8150,58,F,BK,BB,D
14:34:31,ICBP,RG,8125,2,D,AI,CC,D
14:34:30,ICBP,RG,8150,3,D,DX,BB,D
14:34:29,ICBP,RG,8125,6,D,AI,DX,D
14:34:10,ICBP,RG,8150,1,D,PD,BB,D
14:33:50,ICBP,RG,8150,57,F,BK,BB,D
14:33:50,ICBP,RG,8150,183,F,BK,RX,F
14:33:47,ICBP,RG,8150,1,D,YP,RX,F
14:33:45,ICBP,RG,8150,1,D,YP,RX,F
14:33:45,ICBP,RG,8125,2,D,AI,XC,D
14:33:28,ICBP,RG,8150,2,D,CC,RX,F
14:33:11,ICBP,RG,8150,13,F,BK,RX,F
14:33:11,ICBP,RG,8150,150,F,BK,CS,F
14:33:11,ICBP,RG,8150,23,F,BK,BB,D
14:33:11,ICBP,RG,8150,54,F,BK,KZ,F
14:32:27,ICBP,RG,8125,11,D,AI,RX,F
14:32:21,ICBP,RG,8150,5,D,PD,KZ,F
14:32:08,ICBP,RG,8150,11,D,NI,KZ,F
14:32:08,ICBP,RG,8150,1,D,NI,CC,D
14:32:04,ICBP,RG,8125,7,D,AI,DX,D
14:32:03,ICBP,RG,8125,13,D,AI,RX,F
14:31:57,ICBP,RG,8125,25,D,AI,PC,D
14:31:36,ICBP,RG,8125,7,D,AI,RX,F
14:31:28,ICBP,RG,8125,41,D,AI,AK,D
14:31:28,ICBP,RG,8125,25,D,NI,AK,D
14:31:28,ICBP,RG,8125,2,D,NI,AK,D
14:31:28,ICBP,RG,8125,3,D,AI,AK,D
14:31:28,ICBP,RG,8125,64,D,YJ,AK,D
14:31:22,ICBP,RG,8125,6,D,YJ,RX,F
14:31:15,ICBP,RG,8125,80,D,YJ,AK,D
14:31:15,ICBP,RG,8125,8,D,CC,AK,D
14:31:15,ICBP,RG,8125,6,D,YP,AK,D
14:30:52,ICBP,RG,8125,4,D,YP,BB,D
14:30:52,ICBP,RG,8125,2,D,CC,BB,D
14:30:52,ICBP,RG,8125,1,D,PD,BB,D
14:30:52,ICBP,RG,8125,1,D,PD,BB,D
14:30:52,ICBP,RG,8125,1,D,CC,BB,D
14:30:52,ICBP,RG,8125,2,D,XC,BB,D
14:30:52,ICBP,RG,8125,2,D,PD,BB,D
14:30:52,ICBP,RG,8125,1,D,CC,BB,D
14:30:52,ICBP,RG,8125,2,D,PD,BB,D
14:30:52,ICBP,RG,8125,5,D,PD,BB,D
14:30:52,ICBP,RG,8125,1,D,PD,BB,D
14:30:52,ICBP,RG,8125,2,D,PD,BB,D
14:30:52,ICBP,RG,8125,1,D,PD,BB,D
14:30:52,ICBP,RG,8125,2,D,PD,BB,D
14:30:52,ICBP,RG,8125,1,D,YP,BB,D
14:30:52,ICBP,RG,8125,1,D,YP,BB,D
14:30:52,ICBP,RG,8125,2,D,XC,BB,D
14:30:52,ICBP,RG,8125,1,D,PD,BB,D
14:30:52,ICBP,RG,8125,7,D,DH,BB,D
14:30:52,ICBP,RG,8125,24,D,YP,BB,D
14:30:52,ICBP,RG,8125,1,D,PD,BB,D
14:30:52,ICBP,RG,8125,1,D,DH,BB,D
14:30:52,ICBP,RG,8125,1,D,DH,BB,D
14:30:52,ICBP,RG,8125,1,D,PD,BB,D
14:30:52,ICBP,RG,8125,8,D,PD,BB,D
14:30:52,ICBP,RG,8125,6,D,PD,BB,D
14:30:52,ICBP,RG,8125,5,D,AT,BB,D
14:30:52,ICBP,RG,8125,1,D,XC,BB,D
14:30:52,ICBP,RG,8125,2,D,PD,BB,D
14:30:52,ICBP,RG,8125,18,D,PD,BB,D
14:30:51,ICBP,RG,8150,2,F,YU,CC,D
14:30:50,ICBP,RG,8150,6,D,PD,BB,D
14:30:50,ICBP,RG,8150,4,D,PD,BB,D
14:30:50,ICBP,RG,8150,1,D,DX,BB,D
14:30:50,ICBP,RG,8150,1,D,XC,BB,D
14:30:50,ICBP,RG,8150,1,D,PD,BB,D
14:30:50,ICBP,RG,8150,4,D,DX,BB,D
14:30:50,ICBP,RG,8150,2,D,YP,BB,D
14:30:50,ICBP,RG,8150,3,F,YU,BB,D
14:30:50,ICBP,RG,8150,47,F,AK,BB,D
14:30:50,ICBP,RG,8150,1,D,XC,BB,D
14:30:50,ICBP,RG,8150,5,D,YP,BB,D
14:30:50,ICBP,RG,8150,45,D,YJ,BB,D
14:30:50,ICBP,RG,8150,14,D,NI,BB,D
14:30:50,ICBP,RG,8150,12,D,YP,BB,D
14:30:50,ICBP,RG,8150,3,F,AK,BB,D
14:30:50,ICBP,RG,8150,12,D,YP,BB,D
14:30:50,ICBP,RG,8150,1,D,XC,BB,D
14:30:50,ICBP,RG,8150,1,D,PD,BB,D
14:30:50,ICBP,RG,8150,1,D,CC,BB,D
14:30:50,ICBP,RG,8150,3,F,YU,BB,D
14:30:50,ICBP,RG,8150,4,D,XC,BB,D
14:30:50,ICBP,RG,8150,10,D,YP,BB,D
14:30:50,ICBP,RG,8150,1,D,PD,BB,D
14:30:50,ICBP,RG,8150,1,D,KK,BB,D
14:30:50,ICBP,RG,8150,100,D,GR,BB,D
14:30:50,ICBP,RG,8150,1,D,PD,BB,D
14:30:50,ICBP,RG,8150,1,D,XC,BB,D
14:30:50,ICBP,RG,8150,45,F,AK,BB,D
14:30:50,ICBP,RG,8150,3,D,GR,BB,D
14:30:50,ICBP,RG,8150,20,D,YP,BB,D
14:30:50,ICBP,RG,8150,2,F,YU,BB,D
14:30:50,ICBP,RG,8150,26,F,BK,BB,D
14:30:43,ICBP,RG,8175,2,D,PD,RX,F
14:30:18,ICBP,RG,8150,1,F,BK,CC,D
14:30:13,ICBP,RG,8150,30,F,BK,DR,D
14:30:00,ICBP,RG,8175,1,D,KK,RX,F
14:30:00,ICBP,RG,8175,2,D,KK,RX,F
14:29:48,ICBP,RG,8150,1,F,BK,XC,D
14:29:35,ICBP,RG,8150,6,F,BK,DX,D
14:29:34,ICBP,RG,8175,3,D,DX,RX,F
14:29:21,ICBP,RG,8150,1,F,BK,YP,D
14:29:20,ICBP,RG,8150,25,F,BK,PC,D
14:28:44,ICBP,RG,8150,20,F,BK,AK,D
14:27:58,ICBP,RG,8150,2,F,BK,CC,D
14:27:46,ICBP,RG,8150,50,F,BK,EP,D
14:26:59,ICBP,RG,8150,6,F,BK,DX,D
14:26:59,ICBP,RG,8175,3,D,DX,RX,F
14:26:37,ICBP,RG,8175,5,D,PD,RX,F
14:25:13,ICBP,RG,8175,2,D,XC,RX,F
14:25:11,ICBP,RG,8150,32,F,BK,AK,D
14:25:11,ICBP,RG,8150,1,D,KK,AK,D
14:25:11,ICBP,RG,8150,1,D,PD,AK,D
14:25:11,ICBP,RG,8150,39,D,YJ,AK,D
14:25:11,ICBP,RG,8150,18,D,YJ,AK,D
14:25:11,ICBP,RG,8150,1,D,CC,AK,D
14:25:11,ICBP,RG,8150,66,D,YJ,AK,D
14:25:10,ICBP,RG,8175,1,D,SQ,RX,F
14:24:50,ICBP,RG,8175,1,D,KK,RX,F
14:24:46,ICBP,RG,8175,1,D,PD,RX,F
14:24:31,ICBP,RG,8175,106,D,TP,RX,F
14:24:31,ICBP,RG,8175,22,D,TP,BB,D
14:24:31,ICBP,RG,8175,2,D,TP,CC,D
14:24:31,ICBP,RG,8175,2,D,TP,AK,F
14:24:31,ICBP,RG,8175,1,D,TP,AK,F
14:24:31,ICBP,RG,8175,67,D,TP,AK,D
14:24:30,ICBP,RG,8150,5,D,YJ,AK,D
14:24:26,ICBP,RG,8150,7,D,YJ,DX,D
14:24:20,ICBP,RG,8150,1,D,YJ,XC,D
14:24:02,ICBP,RG,8150,9,D,YJ,RX,F
14:23:58,ICBP,RG,8150,7,D,YJ,AK,D
14:23:58,ICBP,RG,8150,10,D,PD,AK,D
14:23:58,ICBP,RG,8150,1,D,PD,AK,D
14:23:58,ICBP,RG,8150,10,D,PD,AK,D
14:23:58,ICBP,RG,8150,2,D,YP,AK,D
14:23:58,ICBP,RG,8150,30,D,PD,AK,D
14:23:58,ICBP,RG,8150,10,D,YJ,AK,D
14:23:58,ICBP,RG,8150,6,D,DH,AK,D
14:23:58,ICBP,RG,8150,6,D,AZ,AK,D
14:23:58,ICBP,RG,8150,1,D,YP,AK,D
14:23:58,ICBP,RG,8150,10,D,YP,AK,D
14:23:58,ICBP,RG,8150,3,D,KK,AK,D
14:23:58,ICBP,RG,8150,2,D,PD,AK,D
14:23:58,ICBP,RG,8150,1,D,AO,AK,D
14:23:58,ICBP,RG,8150,1,D,PD,AK,D
14:23:58,ICBP,RG,8150,2,D,DH,AK,D
14:23:58,ICBP,RG,8150,1,D,YP,AK,D
14:23:58,ICBP,RG,8150,5,D,FZ,AK,D
14:23:58,ICBP,RG,8150,50,D,YP,AK,D
14:23:58,ICBP,RG,8150,1,D,EP,AK,D
14:23:58,ICBP,RG,8150,3,D,PD,AK,D
14:23:40,ICBP,RG,8175,1,D,PD,AK,D
14:23:35,ICBP,RG,8150,5,D,PD,AK,F
14:23:35,ICBP,RG,8150,2,D,PD,AK,F
14:23:33,ICBP,RG,8150,2,D,PD,RX,F
14:23:33,ICBP,RG,8150,5,D,CC,RX,F
14:23:33,ICBP,RG,8150,10,D,CC,RX,F
14:23:33,ICBP,RG,8150,10,D,IP,RX,F
14:23:33,ICBP,RG,8150,1,D,PD,RX,F
14:23:33,ICBP,RG,8150,5,D,NI,RX,F
14:23:33,ICBP,RG,8150,20,D,YP,RX,F
14:23:33,ICBP,RG,8150,17,D,YP,RX,F
14:23:28,ICBP,RG,8150,33,D,YP,BB,D
14:23:28,ICBP,RG,8150,95,F,AK,BB,D
14:23:28,ICBP,RG,8150,224,D,OD,BB,D
14:23:28,ICBP,RG,8175,329,F,ZP,BB,D
14:23:15,ICBP,RG,8175,1,F,ZP,AK,D
14:23:15,ICBP,RG,8175,3,F,AK,AK,D
14:23:06,ICBP,RG,8175,1,D,KK,ZP,F
14:23:06,ICBP,RG,8175,4,D,DX,ZP,F
14:23:06,ICBP,RG,8175,1,D,PD,ZP,F
14:23:06,ICBP,RG,8175,3,F,YU,ZP,F
14:23:06,ICBP,RG,8175,3,D,YP,ZP,F
14:23:06,ICBP,RG,8175,1,D,YP,ZP,F
14:23:06,ICBP,RG,8175,31,F,AK,ZP,F
14:23:06,ICBP,RG,8175,2,F,AK,ZP,F
14:23:06,ICBP,RG,8175,66,F,AK,ZP,F
14:23:06,ICBP,RG,8175,5,F,AK,ZP,F
14:23:06,ICBP,RG,8175,1,D,KK,ZP,F
14:23:06,ICBP,RG,8175,4,F,YU,ZP,F
14:23:06,ICBP,RG,8175,10,D,MG,ZP,F
14:23:06,ICBP,RG,8175,2,D,XC,ZP,F
14:22:58,ICBP,RG,8175,50,F,ZP,DH,D
14:22:54,ICBP,RG,8175,1,F,ZP,CC,D
14:22:49,ICBP,RG,8175,39,F,ZP,KZ,F
14:22:49,ICBP,RG,8175,2,F,YU,KZ,F
14:22:49,ICBP,RG,8175,3,D,TF,KZ,F
14:22:49,ICBP,RG,8175,1,D,XC,KZ,F
14:22:49,ICBP,RG,8175,1,D,KK,KZ,F
14:22:49,ICBP,RG,8175,9,D,CP,KZ,F
14:22:36,ICBP,RG,8175,3,D,CP,PD,D
14:22:34,ICBP,RG,8175,1,D,CP,CC,D
14:22:19,ICBP,RG,8200,1,D,PD,AK,D
14:22:11,ICBP,RG,8200,3,D,CC,AK,D
14:22:05,ICBP,RG,8200,3,D,DX,AK,D
14:22:00,ICBP,RG,8175,4,D,CP,AK,D
14:21:58,ICBP,RG,8175,6,D,CP,DX,D
14:21:39,ICBP,RG,8175,10,D,CP,RX,F
14:21:39,ICBP,RG,8175,2,D,CP,CC,D
14:20:30,ICBP,RG,8175,15,D,CP,AK,D
14:20:30,ICBP,RG,8175,3,D,NI,AK,D
14:20:30,ICBP,RG,8175,3,F,YU,AK,D
14:20:30,ICBP,RG,8175,11,D,PD,AK,D
14:20:30,ICBP,RG,8175,4,F,AK,AK,D
14:20:15,ICBP,RG,8175,5,F,AK,AK,D
14:20:01,ICBP,RG,8175,6,F,AK,RX,F
14:19:48,ICBP,RG,8175,18,F,AK,KK,D
14:19:48,ICBP,RG,8175,2,D,SQ,KK,D
14:19:48,ICBP,RG,8175,1,D,XC,KK,D
14:19:48,ICBP,RG,8175,2,D,PD,KK,D
14:19:48,ICBP,RG,8175,2,F,AK,KK,D
14:19:48,ICBP,RG,8175,2,F,YU,KK,D
14:19:48,ICBP,RG,8175,1,D,XC,KK,D
14:19:48,ICBP,RG,8175,30,D,CC,KK,D
14:19:48,ICBP,RG,8175,1,D,YP,KK,D
14:19:48,ICBP,RG,8175,4,D,PD,KK,D
14:19:48,ICBP,RG,8175,1,D,NI,KK,D
14:19:48,ICBP,RG,8175,25,D,PD,KK,D
14:19:48,ICBP,RG,8175,2,D,PD,KK,D
14:19:48,ICBP,RG,8175,1,F,YU,KK,D
14:19:43,ICBP,RG,8175,2,F,YU,RX,F
14:19:43,ICBP,RG,8175,8,D,PD,RX,F
14:19:43,ICBP,RG,8175,10,D,YP,RX,F
14:19:43,ICBP,RG,8175,40,F,AK,RX,F
14:19:43,ICBP,RG,8175,1,D,PD,RX,F
14:19:43,ICBP,RG,8175,2,D,PD,RX,F
14:19:43,ICBP,RG,8175,12,D,LG,RX,F
14:19:40,ICBP,RG,8200,1,D,XC,AK,D
14:19:39,ICBP,RG,8175,8,D,LG,KZ,F
14:19:39,ICBP,RG,8175,3,F,YU,KZ,F
14:19:39,ICBP,RG,8175,1,D,XC,KZ,F
14:19:39,ICBP,RG,8175,2,D,PD,KZ,F
14:19:39,ICBP,RG,8175,5,D,PD,KZ,F
14:19:39,ICBP,RG,8175,2,F,AK,KZ,F
14:19:39,ICBP,RG,8175,8,F,AK,KZ,F
14:19:39,ICBP,RG,8175,29,F,AK,KZ,F
14:19:37,ICBP,RG,8175,60,F,AK,EP,D
14:19:37,ICBP,RG,8175,4,D,CC,EP,D
14:19:37,ICBP,RG,8175,5,D,YP,EP,D
14:19:37,ICBP,RG,8175,79,F,ZP,EP,D
14:19:37,ICBP,RG,8175,22,F,YU,EP,D
14:19:37,ICBP,RG,8175,2,D,NI,EP,D
14:19:37,ICBP,RG,8175,9,D,PD,EP,D
14:19:37,ICBP,RG,8175,2,D,DH,EP,D
14:19:37,ICBP,RG,8175,2,D,EP,EP,D
14:19:37,ICBP,RG,8175,15,F,BK,EP,D
14:19:35,ICBP,RG,8200,3,D,DX,AK,D
14:19:33,ICBP,RG,8175,6,F,BK,DX,D
14:19:13,ICBP,RG,8175,45,F,BK,AK,D
14:19:01,ICBP,RG,8200,3,D,PD,AK,D
14:18:55,ICBP,RG,8175,6,F,BK,RX,F
14:18:52,ICBP,RG,8200,1,D,XC,AK,D
14:18:43,ICBP,RG,8175,1,F,BK,BB,D
14:18:41,ICBP,RG,8175,39,F,BK,RX,F
14:18:32,ICBP,RG,8200,1,D,TF,AK,D
14:18:30,ICBP,RG,8175,39,F,BK,AK,D
14:18:28,ICBP,RG,8175,1,F,BK,BB,D
14:18:28,ICBP,RG,8175,1,F,BK,BB,D
14:18:26,ICBP,RG,8175,6,F,BK,AK,D
14:18:24,ICBP,RG,8175,3,F,BK,CC,D
14:17:35,ICBP,RG,8175,5,F,BK,SQ,D
14:17:33,ICBP,RG,8175,1,F,BK,BB,D
14:17:32,ICBP,RG,8175,2,D,PD,BB,D
14:17:32,ICBP,RG,8175,2,D,KK,BB,D
14:17:31,ICBP,RG,8175,1,D,KK,BB,D
14:17:30,ICBP,RG,8175,1,D,KK,AK,D
14:17:30,ICBP,RG,8175,1,D,YP,AK,D
14:17:30,ICBP,RG,8175,20,D,CC,AK,D
14:17:30,ICBP,RG,8175,24,D,CC,AK,D
14:17:15,ICBP,RG,8200,1,D,XC,AK,D
14:17:05,ICBP,RG,8200,8,D,PP,AK,D
14:17:02,ICBP,RG,8175,1,D,CC,BB,D
14:17:00,ICBP,RG,8200,3,D,DX,AK,D
14:16:58,ICBP,RG,8175,5,D,CC,DX,D
14:16:58,ICBP,RG,8175,1,D,YP,DX,D
14:16:53,ICBP,RG,8175,1,D,YP,BB,D
14:16:52,ICBP,RG,8200,2,D,PD,AK,D
14:16:52,ICBP,RG,8175,1,D,YP,RX,F
14:16:52,ICBP,RG,8175,1,D,XC,RX,F
14:16:52,ICBP,RG,8175,8,D,IP,RX,F
14:16:30,ICBP,RG,8175,1,D,IP,BB,D
14:16:29,ICBP,RG,8175,1,D,IP,AK,F
14:16:29,ICBP,RG,8175,3,D,CC,AK,F
14:16:25,ICBP,RG,8175,1,D,CC,BB,D
14:16:23,ICBP,RG,8175,11,D,CC,RX,F
14:16:04,ICBP,RG,8175,1,D,CC,BB,D
14:16:02,ICBP,RG,8200,3,D,PD,AK,D
14:16:01,ICBP,RG,8175,4,D,CC,BB,D
14:16:01,ICBP,RG,8175,1,D,CC,BB,D
14:16:00,ICBP,RG,8175,29,D,CC,AK,D
14:16:00,ICBP,RG,8175,1,D,XC,AK,D
14:16:00,ICBP,RG,8175,2,D,KK,AK,D
14:16:00,ICBP,RG,8175,2,D,NI,AK,D
14:16:00,ICBP,RG,8175,15,D,ES,AK,D
14:15:57,ICBP,RG,8175,1,D,ES,BB,D
14:15:53,ICBP,RG,8175,4,D,ES,RX,F
14:15:53,ICBP,RG,8175,2,D,NI,RX,F
14:15:53,ICBP,RG,8175,1,D,DH,RX,F
14:15:53,ICBP,RG,8175,1,D,PD,RX,F
14:15:53,ICBP,RG,8175,1,D,PD,RX,F
14:15:46,ICBP,RG,8175,2,D,PD,BB,D
14:15:46,ICBP,RG,8175,3,D,YP,BB,D
14:15:46,ICBP,RG,8175,1,D,YP,BB,D
14:15:45,ICBP,RG,8175,56,D,YP,AK,D
14:15:29,ICBP,RG,8175,1,D,YP,BB,D
14:15:28,ICBP,RG,8175,10,D,YP,RX,F
14:15:13,ICBP,RG,8200,1,D,XC,AK,D
14:15:05,ICBP,RG,8175,1,D,YP,BB,D
14:15:04,ICBP,RG,8175,11,D,YP,AK,D
14:15:02,ICBP,RG,8175,2,D,YP,CC,D
14:14:51,ICBP,RG,8175,1,D,YP,BB,D
14:14:50,ICBP,RG,8175,1,D,YP,CC,D
14:14:37,ICBP,RG,8175,1,D,YP,BB,D
14:14:37,ICBP,RG,8200,3,D,DX,AK,D
14:14:35,ICBP,RG,8175,6,D,YP,DX,D
14:14:30,ICBP,RG,8175,2,D,YP,BB,D
14:14:28,ICBP,RG,8200,1,D,YP,AK,D
14:14:28,ICBP,RG,8200,19,D,YP,RX,F
14:14:20,ICBP,RG,8175,1,D,YP,BB,D
14:14:18,ICBP,RG,8175,3,D,YP,RX,F
14:14:18,ICBP,RG,8175,4,F,YU,RX,F
14:14:04,ICBP,RG,8175,1,D,CC,BB,D
14:14:02,ICBP,RG,8175,7,D,CC,RX,F
14:13:58,ICBP,RG,8175,1,D,CC,BB,D
14:13:58,ICBP,RG,8175,1,D,CC,BB,D
14:13:58,ICBP,RG,8175,3,D,XC,BB,D
14:13:51,ICBP,RG,8175,3,F,YU,BB,D
14:13:51,ICBP,RG,8175,1,D,CC,BB,D
14:13:51,ICBP,RG,8175,3,F,YU,BB,D
14:13:51,ICBP,RG,8175,41,F,AK,BB,D
14:13:46,ICBP,RG,8175,1,D,NI,BB,D
14:13:45,ICBP,RG,8175,1,D,NI,BB,D
14:13:45,ICBP,RG,8175,3,F,YU,BB,D
14:13:45,ICBP,RG,8175,2,D,CC,BB,D
14:13:44,ICBP,RG,8175,2,D,CC,BB,D
14:13:44,ICBP,RG,8175,1,D,CC,BB,D
14:13:44,ICBP,RG,8175,2,F,AK,BB,D
14:13:44,ICBP,RG,8175,2,D,GR,BB,D
14:13:44,ICBP,RG,8175,54,D,GR,AK,D
14:13:43,ICBP,RG,8175,1,D,GR,BB,D
14:13:43,ICBP,RG,8200,7,F,YU,RX,F
14:13:43,ICBP,RG,8175,62,D,GR,AK,D
14:13:31,ICBP,RG,8175,12,D,GR,RX,F
14:13:06,ICBP,RG,8175,1,D,GR,BB,D
14:13:04,ICBP,RG,8175,5,D,GR,PD,D
14:12:04,ICBP,RG,8175,1,D,GR,BB,D
14:12:03,ICBP,RG,8175,7,D,GR,DX,D
14:12:02,ICBP,RG,8200,3,D,DX,RX,F
14:11:45,ICBP,RG,8175,2,D,GR,DR,D
14:11:44,ICBP,RG,8175,3,D,GR,CC,D
14:11:06,ICBP,RG,8175,1,D,GR,BB,D
14:11:05,ICBP,RG,8175,2,D,GR,NI,D
14:10:59,ICBP,RG,8175,6,D,GR,AK,D
14:10:50,ICBP,RG,8175,1,D,GR,BB,D
14:10:50,ICBP,RG,8175,2,D,GR,BB,D
14:10:48,ICBP,RG,8175,30,D,GR,DR,D
14:09:51,ICBP,RG,8175,1,D,GR,BB,D
14:09:39,ICBP,RG,8175,1,D,GR,BB,D
14:09:38,ICBP,RG,8175,5,D,GR,PD,D
14:09:37,ICBP,RG,8175,6,D,GR,DX,D
14:09:35,ICBP,RG,8200,3,D,DX,RX,F
14:08:55,ICBP,RG,8175,1,D,GR,BB,D
14:08:55,ICBP,RG,8175,3,D,GR,BB,D
14:08:53,ICBP,RG,8175,35,D,GR,CC,D
14:08:32,ICBP,RG,8175,2,D,GR,CC,D
14:08:14,ICBP,RG,8175,1,D,GR,BB,D
14:08:12,ICBP,RG,8175,3,D,GR,PD,D
14:08:12,ICBP,RG,8175,2,D,PD,PD,D
14:08:12,ICBP,RG,8175,3,F,YU,PD,D
14:08:12,ICBP,RG,8175,1,D,XC,PD,D
14:08:12,ICBP,RG,8175,3,F,YU,PD,D
14:08:12,ICBP,RG,8175,1,D,PD,PD,D
14:08:12,ICBP,RG,8175,6,D,PD,BB,D
14:08:12,ICBP,RG,8175,2,D,PD,BB,D
14:08:09,ICBP,RG,8175,1,D,PD,KZ,F
14:08:09,ICBP,RG,8175,5,D,CC,KZ,F
14:08:09,ICBP,RG,8175,4,F,YU,KZ,F
14:08:09,ICBP,RG,8175,2,D,PD,KZ,F
14:08:09,ICBP,RG,8175,3,F,AK,KZ,F
14:08:09,ICBP,RG,8175,2,F,AK,KZ,F
14:08:09,ICBP,RG,8175,45,F,AK,KZ,F
14:07:28,ICBP,RG,8175,4,F,AK,BB,D
14:07:27,ICBP,RG,8175,6,F,AK,KK,D
14:07:27,ICBP,RG,8175,37,F,ZP,KK,D
14:07:10,ICBP,RG,8200,3,D,DX,RX,F
14:07:09,ICBP,RG,8175,1,F,ZP,BB,D
14:07:06,ICBP,RG,8200,7,F,YU,RX,F
14:07:06,ICBP,RG,8175,6,F,ZP,DX,D
14:05:51,ICBP,RG,8175,1,F,ZP,BB,D
14:05:50,ICBP,RG,8175,5,F,ZP,PD,D
14:05:12,ICBP,RG,8175,2,F,ZP,CC,D
14:04:37,ICBP,RG,8175,1,F,ZP,BB,D
14:04:36,ICBP,RG,8200,4,D,DX,RX,F
14:04:35,ICBP,RG,8200,4,D,PD,RX,F
14:04:35,ICBP,RG,8175,6,F,ZP,DX,D
14:04:20,ICBP,RG,8175,1,F,ZP,BB,D
14:04:19,ICBP,RG,8175,1,F,ZP,BB,D
14:04:19,ICBP,RG,8175,2,F,ZP,BB,D
14:04:18,ICBP,RG,8175,1,F,ZP,BB,D
14:04:17,ICBP,RG,8175,4,F,ZP,BB,D
14:04:17,ICBP,RG,8175,20,F,ZP,BB,D
14:04:16,ICBP,RG,8175,5,F,ZP,BB,D
14:04:16,ICBP,RG,8175,21,F,ZP,BB,D
14:04:15,ICBP,RG,8200,199,F,BK,RX,F
14:04:15,ICBP,RG,8200,4,F,BK,PD,D
14:04:15,ICBP,RG,8200,37,F,BK,RX,F
14:04:14,ICBP,RG,8200,34,F,BK,RX,F
14:04:14,ICBP,RG,8200,2,F,BK,AK,F
14:04:14,ICBP,RG,8200,52,F,BK,KZ,F
14:04:14,ICBP,RG,8200,5,F,BK,PD,D
14:04:14,ICBP,RG,8200,5,F,BK,AK,D
14:04:14,ICBP,RG,8200,2,F,BK,AK,F
14:04:14,ICBP,RG,8200,77,F,BK,AK,D
14:04:14,ICBP,RG,8200,62,F,BK,AK,D
14:04:14,ICBP,RG,8200,1,F,BK,AK,D
14:04:14,ICBP,RG,8175,5,F,ZP,BB,D
14:04:14,ICBP,RG,8175,17,F,ZP,BB,D
14:04:14,ICBP,RG,8175,5,F,AK,BB,D
14:04:12,ICBP,RG,8200,4,F,BK,AK,D
14:04:12,ICBP,RG,8200,48,F,BK,AK,D
14:04:12,ICBP,RG,8200,42,F,BK,AK,D
14:04:12,ICBP,RG,8200,130,F,BK,RX,F
14:04:12,ICBP,RG,8200,16,F,BK,IP,D
14:03:01,ICBP,RG,8200,2,D,PD,IP,D
14:02:59,ICBP,RG,8175,1,F,AK,BB,D
14:02:57,ICBP,RG,8175,15,F,AK,RX,F
14:02:51,ICBP,RG,8175,1,F,AK,BB,D
14:02:46,ICBP,RG,8200,2,D,XC,IP,D
14:02:31,ICBP,RG,8175,6,F,AK,RX,F
14:02:21,ICBP,RG,8175,5,F,AK,BB,D
14:02:21,ICBP,RG,8175,1,F,AK,BB,D
14:02:20,ICBP,RG,8175,55,F,AK,RX,F
14:02:09,ICBP,RG,8175,1,F,AK,BB,D
14:02:07,ICBP,RG,8175,5,F,AK,DX,D
14:02:07,ICBP,RG,8175,1,F,BK,DX,D
14:02:05,ICBP,RG,8200,3,D,DX,IP,D
14:01:58,ICBP,RG,8175,3,F,BK,CC,D
14:01:32,ICBP,RG,8175,1,F,BK,BB,D
14:01:32,ICBP,RG,8175,2,F,BK,BB,D
14:01:30,ICBP,RG,8175,18,F,BK,BB,D
14:01:15,ICBP,RG,8175,1,F,BK,BB,D
14:01:14,ICBP,RG,8175,2,F,BK,NI,D
14:01:13,ICBP,RG,8175,21,F,BK,BB,D
14:01:13,ICBP,RG,8175,5,F,BK,BB,D
14:01:11,ICBP,RG,8200,27,F,BK,IP,D
14:01:11,ICBP,RG,8200,30,F,BK,BB,D
14:01:11,ICBP,RG,8200,1,F,BK,CC,D
14:01:11,ICBP,RG,8200,5,F,BK,KZ,F
14:01:11,ICBP,RG,8200,1,F,BK,KZ,F
14:01:11,ICBP,RG,8200,2,F,BK,YP,D
14:01:11,ICBP,RG,8200,1,F,BK,NI,D
14:01:11,ICBP,RG,8200,2,F,BK,PD,D
14:01:11,ICBP,RG,8200,1,F,BK,PD,D
14:01:11,ICBP,RG,8200,4,F,BK,PD,D
14:01:11,ICBP,RG,8200,1,F,BK,PD,D
14:01:11,ICBP,RG,8200,10,F,BK,YP,D
14:01:11,ICBP,RG,8200,8,F,BK,PD,D
14:01:11,ICBP,RG,8200,10,F,BK,SQ,D
14:01:11,ICBP,RG,8200,40,F,BK,KK,D
14:01:11,ICBP,RG,8200,6,F,BK,DX,D
14:01:11,ICBP,RG,8200,10,F,BK,IP,D
14:01:11,ICBP,RG,8200,5,F,BK,PD,D
14:01:11,ICBP,RG,8200,2,F,BK,DH,D
14:01:11,ICBP,RG,8200,3,F,BK,PD,D
14:01:11,ICBP,RG,8200,1,F,BK,PD,D
14:01:11,ICBP,RG,8200,8,F,BK,KK,D
14:01:11,ICBP,RG,8200,10,F,BK,RX,F
14:01:11,ICBP,RG,8200,50,F,BK,AZ,D
14:01:11,ICBP,RG,8200,2,F,BK,CC,D
14:01:11,ICBP,RG,8175,1,F,BK,BB,D
14:01:10,ICBP,RG,8200,5,D,PD,CC,D
14:00:49,ICBP,RG,8200,2,D,PD,CC,D
14:00:41,ICBP,RG,8200,6,D,PP,CC,D
14:00:41,ICBP,RG,8200,1,D,PP,PD,D
14:00:41,ICBP,RG,8200,1,D,PP,PD,D
14:00:39,ICBP,RG,8175,5,F,BK,BB,D
14:00:39,ICBP,RG,8175,1,F,BK,BB,D
14:00:37,ICBP,RG,8175,48,F,BK,BB,D
14:00:31,ICBP,RG,8200,2,D,PD,PD,D
14:00:18,ICBP,RG,8175,4,F,BK,PD,D
13:59:54,ICBP,RG,8175,1,F,BK,XC,D
13:59:45,ICBP,RG,8175,4,F,BK,BB,D
13:59:45,ICBP,RG,8175,1,F,BK,BB,D
13:59:43,ICBP,RG,8175,42,F,BK,BB,D
13:59:40,ICBP,RG,8200,1,D,DX,PD,D
13:59:40,ICBP,RG,8200,1,D,DX,PD,D
13:59:40,ICBP,RG,8200,1,D,DX,PD,D
13:59:40,ICBP,RG,8175,1,F,BK,BB,D
13:59:38,ICBP,RG,8175,6,F,BK,DX,D
13:59:22,ICBP,RG,8200,2,D,PD,PD,D
13:59:22,ICBP,RG,8175,1,F,BK,CC,D
13:58:59,ICBP,RG,8175,1,F,BK,BB,D
13:58:59,ICBP,RG,8175,4,F,BK,BB,D
13:58:57,ICBP,RG,8175,40,F,BK,BB,D
13:58:42,ICBP,RG,8175,2,F,BK,CC,D
13:58:31,ICBP,RG,8200,1,D,DH,PD,D
13:58:14,ICBP,RG,8175,4,F,BK,BB,D
13:58:14,ICBP,RG,8175,1,F,BK,BB,D
13:58:12,ICBP,RG,8175,42,F,BK,BB,D
13:57:28,ICBP,RG,8175,4,F,BK,BB,D
13:57:27,ICBP,RG,8175,1,F,BK,BB,D
13:57:25,ICBP,RG,8175,41,F,BK,BB,D
13:57:14,ICBP,RG,8175,7,F,BK,DX,D
13:57:08,ICBP,RG,8175,1,F,BK,BB,D
13:57:06,ICBP,RG,8200,1,D,DX,PD,D
13:57:06,ICBP,RG,8200,3,D,DX,HP,D
13:56:52,ICBP,RG,8175,5,F,BK,YP,D
13:56:41,ICBP,RG,8175,1,F,BK,BB,D
13:56:41,ICBP,RG,8175,5,F,BK,BB,D
13:56:40,ICBP,RG,8175,48,F,BK,BB,D
13:56:18,ICBP,RG,8175,1,F,BK,BB,D
13:56:08,ICBP,RG,8200,12,D,PD,HP,D
13:56:06,ICBP,RG,8200,2,D,PD,HP,D
13:55:58,ICBP,RG,8175,4,F,BK,BB,D
13:55:58,ICBP,RG,8175,1,F,BK,BB,D
13:55:47,ICBP,RG,8175,50,F,BK,BB,D
13:55:22,ICBP,RG,8175,1,F,BK,BB,D
13:55:20,ICBP,RG,8175,2,F,BK,CC,D
13:54:53,ICBP,RG,8175,1,F,BK,BB,D
13:54:53,ICBP,RG,8175,4,F,BK,BB,D
13:54:52,ICBP,RG,8200,1,D,PD,HP,D
13:54:51,ICBP,RG,8175,50,F,BK,BB,D
13:54:42,ICBP,RG,8200,3,D,DX,HP,D
13:54:42,ICBP,RG,8175,1,F,BK,BB,D
13:54:40,ICBP,RG,8175,6,F,BK,DX,D
13:54:39,ICBP,RG,8200,1,D,PD,HP,D
13:54:08,ICBP,RG,8175,2,F,BK,KK,D
13:54:02,ICBP,RG,8175,1,F,BK,BB,D
13:54:01,ICBP,RG,8200,1,D,CC,HP,D
13:53:57,ICBP,RG,8175,5,F,BK,BB,D
13:53:56,ICBP,RG,8175,51,F,BK,BB,D
13:53:41,ICBP,RG,8175,1,F,BK,BB,D
13:53:39,ICBP,RG,8175,7,F,BK,BB,D
13:53:39,ICBP,RG,8175,1,F,BK,BB,D
13:53:37,ICBP,RG,8200,100,F,AK,HP,D
13:53:37,ICBP,RG,8200,1,D,EP,HP,D
13:53:01,ICBP,RG,8175,1,F,BK,BB,D
13:53:00,ICBP,RG,8200,1,D,PD,HP,D
13:52:59,ICBP,RG,8175,53,F,BK,BB,D
13:52:50,ICBP,RG,8200,1,D,CC,HP,D
13:52:48,ICBP,RG,8200,1,D,NI,HP,D
13:52:42,ICBP,RG,8175,1,F,BK,BB,D
13:52:36,ICBP,RG,8200,42,D,NI,HP,D
13:52:12,ICBP,RG,8175,6,F,BK,DX,D
13:52:10,ICBP,RG,8175,2,F,BK,CC,D
13:52:07,ICBP,RG,8200,4,D,DX,HP,D
13:52:02,ICBP,RG,8175,1,F,BK,BB,D
13:52:00,ICBP,RG,8175,43,F,BK,BB,D
13:51:47,ICBP,RG,8175,1,F,BK,BB,D
13:51:46,ICBP,RG,8175,19,F,BK,DH,D
13:51:45,ICBP,RG,8200,1,D,CC,HP,D
13:51:12,ICBP,RG,8175,45,F,BK,BB,D
13:50:58,ICBP,RG,8200,3,D,DH,HP,D
13:50:22,ICBP,RG,8175,36,F,BK,BB,D
13:49:45,ICBP,RG,8200,5,D,PD,HP,D
13:49:35,ICBP,RG,8200,4,D,CC,HP,D
13:48:40,ICBP,RG,8175,1,F,ZP,BB,D
13:48:40,ICBP,RG,8175,1,F,ZP,BB,D
13:48:39,ICBP,RG,8175,3,F,ZP,BB,D
13:48:39,ICBP,RG,8175,3,F,ZP,KZ,F
13:48:39,ICBP,RG,8175,6,F,ZP,DX,D
13:48:39,ICBP,RG,8175,25,F,ZP,BB,D
13:48:39,ICBP,RG,8150,20,D,OD,BB,D
13:48:38,ICBP,RG,8150,4,D,OD,BB,D
13:48:37,ICBP,RG,8150,1,D,OD,AK,F
13:48:37,ICBP,RG,8150,1,D,OD,BB,D
13:48:37,ICBP,RG,8150,2,D,OD,AK,F
13:48:37,ICBP,RG,8150,22,D,OD,BB,D
13:48:37,ICBP,RG,8150,2,D,OD,BB,D
13:48:37,ICBP,RG,8150,51,D,OD,AK,D
13:48:37,ICBP,RG,8150,112,D,OD,AK,D
13:48:37,ICBP,RG,8150,49,D,OD,AK,D
13:48:37,ICBP,RG,8150,5,D,OD,AK,D
13:48:37,ICBP,RG,8150,1,D,OD,AK,F
13:48:37,ICBP,RG,8150,6,D,OD,AK,D
13:48:37,ICBP,RG,8150,2,D,NI,AK,D
13:48:37,ICBP,RG,8125,1,D,PD,BB,D
13:48:36,ICBP,RG,8150,1,D,CP,AK,D
13:48:36,ICBP,RG,8150,1,D,AI,AK,D
13:48:36,ICBP,RG,8150,1,F,ZP,AK,D
13:48:34,ICBP,RG,8150,1,D,NI,AK,D
13:48:29,ICBP,RG,8125,1,D,PD,BB,D
13:48:29,ICBP,RG,8125,2,D,PD,BB,D
13:48:28,ICBP,RG,8150,1,F,ZP,AK,D
13:48:27,ICBP,RG,8150,19,F,ZP,AK,D
13:48:26,ICBP,RG,8125,2,D,PD,BB,D
13:48:26,ICBP,RG,8125,7,D,PD,BB,D
13:48:26,ICBP,RG,8125,1,D,PD,BB,D
13:48:26,ICBP,RG,8150,2,D,LS,AK,D
13:48:24,ICBP,RG,8125,2,D,PD,BB,D
13:48:24,ICBP,RG,8150,9,D,YJ,AK,D
13:48:24,ICBP,RG,8150,48,D,YJ,AK,D
13:48:24,ICBP,RG,8150,1,D,YJ,BB,D
13:48:24,ICBP,RG,8150,1,D,YJ,AK,F
13:48:24,ICBP,RG,8150,3,D,YJ,AK,D
13:48:24,ICBP,RG,8150,4,D,YJ,AK,D
13:48:24,ICBP,RG,8150,4,D,YJ,AK,D
13:48:24,ICBP,RG,8150,30,D,YJ,AK,D
13:48:24,ICBP,RG,8150,4,F,ZP,AK,D
13:48:22,ICBP,RG,8150,14,D,YP,AK,D
13:48:22,ICBP,RG,8150,3,D,YP,AK,D
13:48:22,ICBP,RG,8150,3,D,YP,BB,D
13:48:22,ICBP,RG,8150,1,D,PD,BB,D
13:48:22,ICBP,RG,8125,1,D,PD,YU,F
13:48:21,ICBP,RG,8150,3,F,ZP,BB,D
13:48:21,ICBP,RG,8125,1,D,PD,BB,D
13:48:19,ICBP,RG,8125,1,D,PD,BB,D
13:48:19,ICBP,RG,8125,1,D,PD,BB,D
13:48:19,ICBP,RG,8125,3,D,PD,YU,F
13:48:19,ICBP,RG,8125,2,D,PD,YU,F
13:48:19,ICBP,RG,8125,3,D,PD,YU,F
13:48:18,ICBP,RG,8125,5,D,GR,BB,D
13:48:18,ICBP,RG,8150,11,F,ZP,BB,D
13:48:18,ICBP,RG,8125,1,D,GR,BB,D
13:48:17,ICBP,RG,8125,1,D,GR,BB,D
13:48:17,ICBP,RG,8125,3,D,GR,YU,F
13:48:17,ICBP,RG,8125,1,D,PD,YU,F
13:48:17,ICBP,RG,8125,10,D,XC,YU,F
13:48:17,ICBP,RG,8125,1,D,NI,YU,F
13:48:17,ICBP,RG,8125,8,D,XC,YU,F
13:48:17,ICBP,RG,8125,6,D,YP,YU,F
13:48:17,ICBP,RG,8125,5,D,PD,YU,F
13:48:17,ICBP,RG,8125,1,D,NI,YU,F
13:48:17,ICBP,RG,8125,2,D,XC,YU,F
13:48:17,ICBP,RG,8125,1,D,PD,YU,F
13:48:17,ICBP,RG,8125,1,D,YP,YU,F
13:48:17,ICBP,RG,8125,1,D,TP,YU,F
13:48:17,ICBP,RG,8125,7,D,YP,YU,F
13:48:16,ICBP,RG,8125,2,D,YP,BB,D
13:48:16,ICBP,RG,8125,1,D,PD,BB,D
13:48:16,ICBP,RG,8150,2,F,ZP,BB,D
13:48:16,ICBP,RG,8125,1,D,DR,BB,D
13:48:16,ICBP,RG,8150,10,D,XA,BB,D
13:48:15,ICBP,RG,8125,1,D,DR,BB,D
13:48:15,ICBP,RG,8125,1,D,CP,BB,D
13:48:15,ICBP,RG,8125,1,D,XC,BB,D
13:48:15,ICBP,RG,8150,8,F,ZP,BB,D
13:48:15,ICBP,RG,8150,2,F,ZP,AK,F
13:48:15,ICBP,RG,8150,2,F,ZP,AK,F
13:48:15,ICBP,RG,8150,1,F,ZP,AK,D
13:48:15,ICBP,RG,8150,15,F,ZP,AK,D
13:48:15,ICBP,RG,8125,11,D,GR,BB,D
13:48:14,ICBP,RG,8125,4,D,GR,BB,D
13:48:13,ICBP,RG,8125,15,D,PD,BB,D
13:48:13,ICBP,RG,8150,1,F,ZP,AK,D
13:48:13,ICBP,RG,8125,35,D,PD,YU,F
13:48:13,ICBP,RG,8125,10,D,YP,YU,F
13:48:13,ICBP,RG,8125,1,D,PD,YU,F
13:48:13,ICBP,RG,8125,5,D,GR,YU,F
13:48:13,ICBP,RG,8125,1,D,YP,YU,F
13:48:13,ICBP,RG,8125,4,D,CC,YU,F
13:48:13,ICBP,RG,8125,1,D,PD,YU,F
13:48:13,ICBP,RG,8125,13,D,AT,YU,F
13:48:13,ICBP,RG,8125,1,D,PD,YU,F
13:48:13,ICBP,RG,8125,1,D,PD,YU,F
13:48:13,ICBP,RG,8125,1,D,NI,YU,F
13:48:13,ICBP,RG,8125,1,D,YP,YU,F
13:48:13,ICBP,RG,8125,3,D,YP,YU,F
13:48:13,ICBP,RG,8125,1,D,PD,YU,F
13:48:13,ICBP,RG,8125,1,D,XC,YU,F
13:48:13,ICBP,RG,8125,1,D,KK,YU,F
13:48:13,ICBP,RG,8125,1,D,XC,YU,F
13:48:13,ICBP,RG,8125,20,D,DR,YU,F
13:48:13,ICBP,RG,8125,1,D,PD,YU,F
13:48:13,ICBP,RG,8125,1,D,XC,YU,F
13:48:13,ICBP,RG,8125,1,D,YP,YU,F
13:48:13,ICBP,RG,8125,1,D,PD,YU,F
13:48:13,ICBP,RG,8125,12,D,LG,YU,F
13:48:12,ICBP,RG,8125,3,D,LG,BB,D
13:48:12,ICBP,RG,8125,18,D,LG,BB,D
13:48:12,ICBP,RG,8150,57,F,AK,AK,D
13:48:12,ICBP,RG,8150,4,F,AK,AK,D
13:48:12,ICBP,RG,8150,8,F,AK,AK,D
13:48:12,ICBP,RG,8150,31,F,AK,AK,D
13:48:12,ICBP,RG,8150,32,F,ZP,AK,D
13:48:12,ICBP,RG,8150,45,F,ZP,AK,D
13:48:11,ICBP,RG,8125,5,D,LG,BB,D
13:48:11,ICBP,RG,8125,1,D,LG,BB,D
13:48:11,ICBP,RG,8125,61,D,LG,YU,F
13:48:11,ICBP,RG,8125,1,D,PD,YU,F
13:48:11,ICBP,RG,8125,50,D,DH,YU,F
13:48:11,ICBP,RG,8125,1,D,YP,YU,F
13:48:11,ICBP,RG,8125,1,D,CC,YU,F
13:48:11,ICBP,RG,8125,1,D,NI,YU,F
13:48:11,ICBP,RG,8125,1,D,XC,YU,F
13:48:11,ICBP,RG,8125,10,D,YP,YU,F
13:48:11,ICBP,RG,8125,3,D,XC,YU,F
13:48:11,ICBP,RG,8125,10,D,CC,YU,F
13:48:11,ICBP,RG,8125,2,D,CC,YU,F
13:48:11,ICBP,RG,8125,3,D,SQ,YU,F
13:48:11,ICBP,RG,8125,1,D,XC,YU,F
13:48:11,ICBP,RG,8125,2,D,YP,YU,F
13:48:11,ICBP,RG,8125,1,D,YP,YU,F
13:48:11,ICBP,RG,8150,7,F,AK,AK,D
13:48:11,ICBP,RG,8150,23,F,AK,BB,D
13:48:11,ICBP,RG,8150,1,F,AK,BB,D
13:48:11,ICBP,RG,8150,2,F,AK,AK,F
13:48:11,ICBP,RG,8150,1,F,AK,AK,F
13:48:11,ICBP,RG,8150,21,F,AK,AK,D
13:48:10,ICBP,RG,8150,40,D,EP,AK,D
13:48:10,ICBP,RG,8150,6,D,EP,AK,D
13:48:10,ICBP,RG,8150,4,D,EP,AK,D
13:48:10,ICBP,RG,8150,41,D,EP,AK,D
13:48:10,ICBP,RG,8150,165,D,EP,CS,F
13:48:10,ICBP,RG,8150,40,D,EP,EP,D
13:48:10,ICBP,RG,8150,4,D,EP,BB,D
13:48:08,ICBP,RG,8125,1,D,YP,YU,F
13:48:06,ICBP,RG,8125,1,D,PD,BB,D
13:48:00,ICBP,RG,8125,1,D,NI,BB,D
13:48:00,ICBP,RG,8150,1,F,ZP,BB,D
13:47:58,ICBP,RG,8125,4,D,NI,YU,F
13:47:58,ICBP,RG,8125,1,D,KK,YU,F
13:47:58,ICBP,RG,8125,5,D,SQ,YU,F
13:47:58,ICBP,RG,8125,1,D,CC,YU,F
13:47:57,ICBP,RG,8150,2,F,ZP,BB,D
13:47:55,ICBP,RG,8125,2,D,XC,BB,D
13:47:55,ICBP,RG,8125,1,D,YP,BB,D
13:47:55,ICBP,RG,8125,1,D,YP,BB,D
13:47:54,ICBP,RG,8125,1,D,XC,BB,D
13:47:54,ICBP,RG,8125,1,D,YP,BB,D
13:47:54,ICBP,RG,8125,1,D,YP,BB,D
13:47:54,ICBP,RG,8125,2,D,YP,BB,D
13:47:53,ICBP,RG,8125,6,D,YP,YU,F
13:47:53,ICBP,RG,8125,1,D,XC,YU,F
13:47:53,ICBP,RG,8125,1,D,CC,YU,F
13:47:53,ICBP,RG,8125,1,D,NI,YU,F
13:47:53,ICBP,RG,8125,2,D,YP,YU,F
13:47:53,ICBP,RG,8125,1,D,ZP,YU,F
13:47:53,ICBP,RG,8125,10,D,PD,YU,F
13:47:53,ICBP,RG,8125,1,D,YP,YU,F
13:47:53,ICBP,RG,8125,5,D,YP,YU,F
13:47:53,ICBP,RG,8125,10,D,TP,YU,F
13:47:53,ICBP,RG,8125,1,D,YP,YU,F
13:47:53,ICBP,RG,8125,5,D,AZ,YU,F
13:47:53,ICBP,RG,8125,2,D,AZ,BB,D
13:47:52,ICBP,RG,8125,8,D,AZ,BB,D
13:47:52,ICBP,RG,8150,1,D,XC,YU,F
13:47:52,ICBP,RG,8125,5,D,AZ,BB,D
13:47:52,ICBP,RG,8125,5,D,PD,BB,D
13:47:52,ICBP,RG,8125,3,D,PD,BB,D
13:47:52,ICBP,RG,8125,1,D,OD,BB,D
13:47:52,ICBP,RG,8125,2,D,NI,BB,D
13:47:52,ICBP,RG,8125,1,D,XC,BB,D
13:47:52,ICBP,RG,8125,1,D,YP,BB,D
13:47:52,ICBP,RG,8125,12,D,YP,BB,D
13:47:52,ICBP,RG,8125,2,D,PD,BB,D
13:47:51,ICBP,RG,8150,2,F,YU,YU,F
13:47:51,ICBP,RG,8150,3,D,CC,YU,F
13:47:51,ICBP,RG,8150,3,D,DX,YU,F
13:47:51,ICBP,RG,8150,5,D,YP,YU,F
13:47:51,ICBP,RG,8150,77,D,YP,YU,F
13:47:51,ICBP,RG,8150,28,F,AK,YU,F
13:47:49,ICBP,RG,8150,3,F,AK,EP,D
13:47:49,ICBP,RG,8150,1,D,XC,EP,D
13:47:49,ICBP,RG,8150,2,F,YU,EP,D
13:47:49,ICBP,RG,8150,75,F,ZP,EP,D
13:47:49,ICBP,RG,8150,10,D,IP,EP,D
13:47:49,ICBP,RG,8150,2,D,SQ,EP,D
13:47:49,ICBP,RG,8150,2,D,XC,EP,D
13:47:49,ICBP,RG,8150,1,D,NI,EP,D
13:47:49,ICBP,RG,8150,20,D,XC,EP,D
13:47:49,ICBP,RG,8150,1,D,NI,EP,D
13:47:49,ICBP,RG,8150,1,D,EP,EP,D
13:47:49,ICBP,RG,8150,1,D,XC,EP,D
13:47:49,ICBP,RG,8150,1,D,PD,EP,D
13:47:49,ICBP,RG,8150,1,D,PD,EP,D
13:47:49,ICBP,RG,8150,2,D,EP,EP,D
13:47:49,ICBP,RG,8150,5,D,SQ,EP,D
13:47:49,ICBP,RG,8150,5,D,NI,EP,D
13:47:49,ICBP,RG,8150,1,D,PD,EP,D
13:47:49,ICBP,RG,8150,7,D,NI,EP,D
13:47:49,ICBP,RG,8150,1,D,PD,EP,D
13:47:49,ICBP,RG,8150,1,D,YP,EP,D
13:47:49,ICBP,RG,8150,2,D,NI,EP,D
13:47:49,ICBP,RG,8150,1,D,NI,EP,D
13:47:49,ICBP,RG,8150,10,D,PD,EP,D
13:47:49,ICBP,RG,8150,4,D,NI,EP,D
13:47:49,ICBP,RG,8150,1,D,XC,EP,D
13:47:49,ICBP,RG,8150,1,D,CC,EP,D
13:47:49,ICBP,RG,8150,2,D,CC,EP,D
13:47:49,ICBP,RG,8150,1,D,CC,EP,D
13:47:49,ICBP,RG,8150,5,D,XC,EP,D
13:47:49,ICBP,RG,8150,1,D,PD,EP,D
13:47:49,ICBP,RG,8150,2,D,XC,EP,D
13:47:49,ICBP,RG,8150,1,D,CC,EP,D
13:47:49,ICBP,RG,8150,1,D,PD,EP,D
13:47:49,ICBP,RG,8150,1,D,PD,EP,D
13:47:49,ICBP,RG,8150,5,D,PD,EP,D
13:47:49,ICBP,RG,8150,1,D,PD,EP,D
13:47:49,ICBP,RG,8150,1,D,DH,EP,D
13:47:49,ICBP,RG,8150,1,D,DH,EP,D
13:47:49,ICBP,RG,8150,1,D,EP,EP,D
13:47:49,ICBP,RG,8150,115,D,YP,EP,D
13:47:31,ICBP,RG,8150,3,D,YP,YU,F
13:47:30,ICBP,RG,8175,2,F,ZP,YU,F
13:47:29,ICBP,RG,8150,1,D,YP,BB,D
13:47:28,ICBP,RG,8150,1,D,YP,BB,D
13:47:28,ICBP,RG,8150,1,D,YP,BB,D
13:47:27,ICBP,RG,8150,1,D,YP,BB,D
13:47:27,ICBP,RG,8150,5,D,YP,BB,D
13:47:27,ICBP,RG,8175,11,F,ZP,YU,F
13:47:26,ICBP,RG,8150,36,D,YP,YU,F
13:47:25,ICBP,RG,8150,4,D,YP,BB,D
13:47:25,ICBP,RG,8150,19,D,YP,BB,D
13:47:25,ICBP,RG,8175,22,F,ZP,YU,F
13:47:24,ICBP,RG,8150,1,D,YP,BB,D
13:47:24,ICBP,RG,8150,4,D,YP,BB,D
13:47:24,ICBP,RG,8150,88,D,YP,YU,F
13:47:24,ICBP,RG,8175,11,F,ZP,YU,F
13:47:24,ICBP,RG,8175,60,F,ZP,BB,D
13:47:24,ICBP,RG,8175,6,F,ZP,RX,F
13:47:23,ICBP,RG,8150,35,D,YP,BB,D
13:47:23,ICBP,RG,8150,9,D,YP,BB,D
13:47:23,ICBP,RG,8150,1,D,YP,BB,D
13:47:22,ICBP,RG,8150,26,D,YP,BB,D
13:47:22,ICBP,RG,8150,1,D,PD,BB,D
13:47:22,ICBP,RG,8150,3,D,XC,BB,D
13:47:22,ICBP,RG,8150,1,D,PD,BB,D
13:47:22,ICBP,RG,8150,6,D,YP,BB,D
13:47:22,ICBP,RG,8150,7,D,DH,BB,D
13:47:22,ICBP,RG,8150,1,D,AT,BB,D
13:47:22,ICBP,RG,8150,1,D,YP,BB,D
13:47:22,ICBP,RG,8150,1,D,PD,BB,D
13:47:22,ICBP,RG,8150,2,D,AZ,BB,D
13:47:22,ICBP,RG,8150,15,D,RF,BB,D
13:47:22,ICBP,RG,8150,13,D,RF,BB,D
13:47:22,ICBP,RG,8175,125,F,ZP,RX,F
13:47:22,ICBP,RG,8150,350,D,RF,YU,F
13:47:21,ICBP,RG,8150,622,D,RF,BB,D
13:47:21,ICBP,RG,8150,1,D,GR,BB,D
13:47:21,ICBP,RG,8150,3,D,YU,BB,D
13:47:21,ICBP,RG,8150,1,D,EP,BB,D
13:47:21,ICBP,RG,8150,1,D,YP,BB,D
13:47:21,ICBP,RG,8150,2,D,AO,BB,D
13:47:21,ICBP,RG,8150,1,D,XC,BB,D
13:47:21,ICBP,RG,8150,2,D,CC,BB,D
13:47:21,ICBP,RG,8150,2,D,XC,BB,D
13:47:21,ICBP,RG,8150,5,D,YU,BB,D
13:47:21,ICBP,RG,8150,5,D,KK,BB,D
13:47:21,ICBP,RG,8150,10,D,GR,BB,D
13:47:21,ICBP,RG,8150,1,D,PD,BB,D
13:47:21,ICBP,RG,8150,1,D,YP,BB,D
13:47:21,ICBP,RG,8150,1,D,CC,BB,D
13:47:21,ICBP,RG,8150,5,D,YP,BB,D
13:47:21,ICBP,RG,8150,6,D,DH,BB,D
13:47:21,ICBP,RG,8150,1,D,SQ,BB,D
13:47:21,ICBP,RG,8150,1,D,YP,BB,D
13:47:21,ICBP,RG,8150,10,D,PD,BB,D
13:47:21,ICBP,RG,8150,1,D,PD,BB,D
13:47:21,ICBP,RG,8150,1,D,YP,BB,D
13:47:21,ICBP,RG,8150,12,D,XC,BB,D
13:47:21,ICBP,RG,8150,1,D,YP,BB,D
13:47:21,ICBP,RG,8150,2,D,YJ,BB,D
13:47:21,ICBP,RG,8150,8,D,TP,BB,D
13:47:21,ICBP,RG,8150,1,D,NI,BB,D
13:47:21,ICBP,RG,8175,1,F,ZP,RX,F
13:47:19,ICBP,RG,8150,3,D,NI,AK,F
13:47:19,ICBP,RG,8150,1,D,NI,YU,F
13:47:18,ICBP,RG,8175,1,D,CP,RX,F
13:47:13,ICBP,RG,8150,1,D,CC,YU,F
13:47:12,ICBP,RG,8150,1,D,CC,BB,D
13:47:12,ICBP,RG,8175,2,F,ZP,RX,F
13:47:11,ICBP,RG,8150,1,D,CC,BB,D
13:47:11,ICBP,RG,8150,1,D,CC,YU,F
13:47:11,ICBP,RG,8150,1,D,PD,YU,F
13:47:11,ICBP,RG,8150,1,D,SQ,YU,F
13:47:11,ICBP,RG,8150,6,D,PD,YU,F
13:47:10,ICBP,RG,8175,1,F,ZP,RX,F
13:47:09,ICBP,RG,8150,4,D,PD,DX,D
13:47:09,ICBP,RG,8150,2,D,NI,DX,D
13:47:09,ICBP,RG,8175,1,F,ZP,RX,F
13:47:06,ICBP,RG,8150,3,D,NI,BB,D
13:47:06,ICBP,RG,8150,1,D,NI,BB,D
13:47:06,ICBP,RG,8175,5,F,ZP,RX,F
13:47:04,ICBP,RG,8150,4,D,NI,YU,F
13:47:04,ICBP,RG,8150,6,D,XC,YU,F
13:47:04,ICBP,RG,8150,10,D,GR,YU,F
13:47:04,ICBP,RG,8150,12,D,KK,YU,F
13:47:03,ICBP,RG,8150,1,D,KK,BB,D
13:47:03,ICBP,RG,8175,2,F,ZP,RX,F
13:47:01,ICBP,RG,8150,2,D,KK,BB,D
13:47:01,ICBP,RG,8150,1,D,ZP,BB,D
13:47:01,ICBP,RG,8150,1,D,NI,BB,D
13:47:01,ICBP,RG,8150,1,D,NI,BB,D
13:47:01,ICBP,RG,8175,3,F,ZP,RX,F
13:47:00,ICBP,RG,8150,1,D,XC,BB,D
13:47:00,ICBP,RG,8150,5,D,CC,BB,D
13:47:00,ICBP,RG,8150,1,D,CC,BB,D
13:47:00,ICBP,RG,8150,1,D,CC,BB,D
13:47:00,ICBP,RG,8150,1,D,CC,AK,D
13:47:00,ICBP,RG,8150,4,D,GR,AK,D
13:47:00,ICBP,RG,8175,31,F,ZP,RX,F
13:46:59,ICBP,RG,8150,9,D,GR,BB,D
13:46:59,ICBP,RG,8150,1,D,GR,BB,D
13:46:59,ICBP,RG,8150,11,D,GR,YU,F
13:46:59,ICBP,RG,8150,1,D,PD,YU,F
13:46:59,ICBP,RG,8150,2,D,PD,YU,F
13:46:59,ICBP,RG,8150,2,D,DH,YU,F
13:46:59,ICBP,RG,8150,1,D,YP,YU,F
13:46:59,ICBP,RG,8150,10,D,CC,YU,F
13:46:59,ICBP,RG,8150,1,D,YP,YU,F
13:46:59,ICBP,RG,8150,1,D,PD,YU,F
13:46:59,ICBP,RG,8150,5,D,CC,YU,F
13:46:59,ICBP,RG,8150,2,D,PD,YU,F
13:46:59,ICBP,RG,8150,3,D,KK,YU,F
13:46:59,ICBP,RG,8150,5,D,SQ,YU,F
13:46:59,ICBP,RG,8150,4,D,CC,YU,F
13:46:59,ICBP,RG,8150,5,D,CD,YU,F
13:46:59,ICBP,RG,8150,5,D,YP,YU,F
13:46:59,ICBP,RG,8150,1,D,PD,YU,F
13:46:59,ICBP,RG,8150,23,D,YJ,YU,F
13:46:58,ICBP,RG,8175,2,F,ZP,RX,F
13:46:58,ICBP,RG,8150,7,D,YJ,AK,D
13:46:58,ICBP,RG,8150,5,D,KK,AK,D
13:46:58,ICBP,RG,8150,2,D,LG,AK,D
13:46:58,ICBP,RG,8150,2,D,KK,AK,D
13:46:58,ICBP,RG,8150,1,D,CC,AK,D
13:46:58,ICBP,RG,8150,1,D,PD,AK,D
13:46:58,ICBP,RG,8150,10,D,PD,AK,D
13:46:58,ICBP,RG,8150,1,D,YP,AK,D
13:46:58,ICBP,RG,8150,13,D,DH,AK,D
13:46:58,ICBP,RG,8150,37,D,DH,AK,D
13:46:58,ICBP,RG,8150,1,D,PD,AK,D
13:46:58,ICBP,RG,8150,10,D,AI,AK,D
13:46:58,ICBP,RG,8150,1,D,YP,AK,D
13:46:58,ICBP,RG,8150,1,D,DR,AK,D
13:46:57,ICBP,RG,8150,1,D,DR,RX,F
13:46:57,ICBP,RG,8150,1,D,YP,RX,F
13:46:57,ICBP,RG,8150,5,D,LG,RX,F
13:46:44,ICBP,RG,8150,1,D,LG,BB,D
13:46:42,ICBP,RG,8150,1,D,LG,BB,D
13:46:40,ICBP,RG,8150,1,D,LG,BB,D
13:46:40,ICBP,RG,8175,2,F,ZP,YU,F
13:46:40,ICBP,RG,8175,2,F,ZP,CC,D
13:46:39,ICBP,RG,8150,1,D,LG,BB,D
13:46:39,ICBP,RG,8150,10,D,LG,BB,D
13:46:39,ICBP,RG,8175,1,F,ZP,CC,D
13:46:39,ICBP,RG,8175,11,F,ZP,BB,D
13:46:39,ICBP,RG,8175,22,F,ZP,KZ,F
13:46:38,ICBP,RG,8150,10,D,LG,BB,D
13:46:38,ICBP,RG,8150,2,D,LG,BB,D
13:46:38,ICBP,RG,8150,29,D,LG,YU,F
13:46:38,ICBP,RG,8150,34,D,GR,YU,F
13:46:37,ICBP,RG,8175,8,D,PP,KZ,F
13:46:37,ICBP,RG,8150,66,D,GR,RX,F
13:46:37,ICBP,RG,8150,1,D,PD,RX,F
13:46:37,ICBP,RG,8150,2,D,CC,RX,F
13:46:37,ICBP,RG,8150,1,D,DH,RX,F
13:46:37,ICBP,RG,8150,3,D,XC,RX,F
13:46:37,ICBP,RG,8150,1,D,PD,RX,F
13:46:37,ICBP,RG,8150,1,D,YP,RX,F
13:46:37,ICBP,RG,8150,13,D,CC,RX,F
13:46:37,ICBP,RG,8150,1,D,YP,RX,F
13:46:37,ICBP,RG,8150,20,D,YP,RX,F
13:46:37,ICBP,RG,8150,9,D,PD,RX,F
13:46:37,ICBP,RG,8150,1,D,PD,RX,F
13:46:33,ICBP,RG,8150,1,D,CC,BB,D
13:46:31,ICBP,RG,8150,1,D,CC,BB,D
13:46:31,ICBP,RG,8175,3,F,ZP,KZ,F
13:46:30,ICBP,RG,8150,3,D,CC,BB,D
13:46:30,ICBP,RG,8150,1,D,CC,BB,D
13:46:30,ICBP,RG,8150,3,D,CC,YU,F
13:46:30,ICBP,RG,8150,1,D,AZ,YU,F
13:46:30,ICBP,RG,8150,1,D,CC,YU,F
13:46:30,ICBP,RG,8150,2,D,YP,YU,F
13:46:30,ICBP,RG,8150,10,D,YP,YU,F
13:46:29,ICBP,RG,8175,20,F,ZP,KZ,F
13:46:29,ICBP,RG,8175,2,F,ZP,KZ,F
13:46:29,ICBP,RG,8175,1,D,PD,KZ,F
13:46:29,ICBP,RG,8175,3,F,YU,KZ,F
13:46:29,ICBP,RG,8175,2,F,ZP,KZ,F
13:46:29,ICBP,RG,8175,3,D,DX,KZ,F
13:46:29,ICBP,RG,8175,3,F,YU,KZ,F
13:46:28,ICBP,RG,8175,1,D,XC,BB,D
13:46:27,ICBP,RG,8175,5,F,ZP,YU,F
13:46:26,ICBP,RG,8175,3,F,ZP,RX,F
13:46:26,ICBP,RG,8175,2,F,AK,RX,F
13:46:26,ICBP,RG,8175,3,D,PD,RX,F
13:46:06,ICBP,RG,8175,1,D,PD,BB,D
13:46:06,ICBP,RG,8175,1,D,IP,YU,F
13:46:04,ICBP,RG,8175,1,D,IP,BB,D
13:46:04,ICBP,RG,8175,1,D,IP,BB,D
13:46:04,ICBP,RG,8175,3,D,IP,YU,F
13:46:03,ICBP,RG,8175,1,D,IP,BB,D
13:46:03,ICBP,RG,8175,3,D,IP,YU,F
13:46:03,ICBP,RG,8175,2,F,YU,YU,F
13:46:02,ICBP,RG,8200,6,D,XC,HP,D
13:46:01,ICBP,RG,8175,1,F,YU,RX,F
13:46:01,ICBP,RG,8175,8,D,PD,RX,F
13:45:44,ICBP,RG,8175,1,D,PD,YU,F
13:45:42,ICBP,RG,8175,2,F,ZP,CC,D
13:45:38,ICBP,RG,8175,1,F,ZP,BB,D
13:45:38,ICBP,RG,8175,4,F,ZP,YU,F
13:45:36,ICBP,RG,8175,1,F,ZP,RX,F
13:45:36,ICBP,RG,8175,7,D,CC,RX,F
13:45:31,ICBP,RG,8175,2,D,CC,YU,F
13:45:30,ICBP,RG,8175,4,D,CC,AK,D
13:45:24,ICBP,RG,8175,1,D,CC,BB,D
13:45:23,ICBP,RG,8175,2,D,CC,YU,F
13:45:22,ICBP,RG,8175,3,D,CC,DH,D
13:45:15,ICBP,RG,8175,1,D,CC,YU,F
13:45:14,ICBP,RG,8175,1,D,CC,BB,D
13:45:13,ICBP,RG,8175,1,D,CC,BB,D
13:45:13,ICBP,RG,8175,5,D,CC,YU,F
13:45:12,ICBP,RG,8175,9,D,CC,RX,F
13:45:08,ICBP,RG,8175,1,D,CC,CC,D
13:44:56,ICBP,RG,8175,1,D,CC,BB,D
13:44:55,ICBP,RG,8175,3,D,CC,YU,F
13:44:54,ICBP,RG,8175,5,D,CC,RX,F
13:44:52,ICBP,RG,8175,1,D,CC,BB,D
13:44:52,ICBP,RG,8175,3,D,CC,YU,F
13:44:51,ICBP,RG,8175,5,D,CC,IF,D
13:44:48,ICBP,RG,8175,1,D,CC,BB,D
13:44:48,ICBP,RG,8175,5,D,CC,YU,F
13:44:47,ICBP,RG,8175,9,D,CC,RX,F
13:44:46,ICBP,RG,8175,1,D,CC,BB,D
13:44:46,ICBP,RG,8175,3,D,CC,YU,F
13:44:44,ICBP,RG,8175,6,D,CC,DX,D
13:44:42,ICBP,RG,8175,2,D,CC,YU,F
13:44:41,ICBP,RG,8175,1,D,CC,BB,D
13:44:40,ICBP,RG,8175,1,D,CC,BB,D
13:44:40,ICBP,RG,8175,2,D,CC,YU,F
13:44:39,ICBP,RG,8175,1,D,CC,BB,D
13:44:39,ICBP,RG,8175,4,D,CC,AK,D
13:44:39,ICBP,RG,8175,5,D,CC,YU,F
13:44:38,ICBP,RG,8175,4,D,CC,RX,F
13:44:38,ICBP,RG,8175,3,D,DH,RX,F
13:44:38,ICBP,RG,8175,3,F,YU,RX,F
13:44:30,ICBP,RG,8175,1,F,YU,BB,D
13:44:29,ICBP,RG,8175,1,F,YU,BB,D
13:44:29,ICBP,RG,8175,1,F,YU,YU,F
13:44:29,ICBP,RG,8175,1,D,NI,YU,F
13:44:29,ICBP,RG,8175,1,D,PD,YU,F
13:44:29,ICBP,RG,8175,3,D,DX,YU,F
13:44:29,ICBP,RG,8175,1,D,PD,YU,F
13:44:27,ICBP,RG,8175,1,D,PD,YP,D
13:44:27,ICBP,RG,8175,11,D,YP,YP,D
13:44:23,ICBP,RG,8175,1,D,YP,BB,D
13:44:23,ICBP,RG,8175,1,D,YP,BB,D
13:44:23,ICBP,RG,8175,5,D,YP,YU,F
13:44:21,ICBP,RG,8175,7,D,YP,RX,F
13:44:21,ICBP,RG,8175,1,F,ZP,RX,F
13:44:05,ICBP,RG,8175,1,F,ZP,BB,D
13:44:04,ICBP,RG,8175,1,F,ZP,BB,D
13:44:04,ICBP,RG,8175,1,D,HP,YU,F
13:44:04,ICBP,RG,8175,2,F,AK,YU,F
13:44:04,ICBP,RG,8175,1,D,XC,YU,F
13:44:04,ICBP,RG,8175,2,F,AK,YU,F
13:44:03,ICBP,RG,8175,10,F,AK,IP,D
13:44:00,ICBP,RG,8175,1,F,AK,BB,D
13:44:00,ICBP,RG,8175,4,F,AK,YU,F
13:43:58,ICBP,RG,8175,8,F,AK,RX,F
13:43:57,ICBP,RG,8175,1,F,AK,YU,F
13:43:56,ICBP,RG,8175,1,F,AK,CC,D
13:43:38,ICBP,RG,8175,1,F,AK,BB,D
13:43:37,ICBP,RG,8175,4,F,AK,YU,F
13:43:36,ICBP,RG,8175,3,F,AK,RX,F
13:43:36,ICBP,RG,8175,4,D,EP,RX,F
13:43:36,ICBP,RG,8175,1,F,ZP,RX,F
13:43:18,ICBP,RG,8175,1,F,ZP,YU,F
13:43:17,ICBP,RG,8175,1,F,ZP,BB,D
13:43:17,ICBP,RG,8175,1,F,ZP,BB,D
13:43:16,ICBP,RG,8175,3,F,ZP,YU,F
13:43:15,ICBP,RG,8175,7,F,ZP,RX,F
13:42:55,ICBP,RG,8175,1,F,YU,BB,D
13:42:54,ICBP,RG,8175,2,F,YU,YU,F
13:42:54,ICBP,RG,8175,3,D,AI,YU,F
13:42:54,ICBP,RG,8175,8,D,AI,RX,F
13:42:35,ICBP,RG,8175,1,D,AI,CC,D
13:42:33,ICBP,RG,8175,1,D,AI,YU,F
13:42:33,ICBP,RG,8175,1,D,AI,BB,D
13:42:32,ICBP,RG,8175,1,D,AI,BB,D
13:42:31,ICBP,RG,8175,5,D,AI,YU,F
13:42:30,ICBP,RG,8175,8,D,AI,RX,F
13:42:30,ICBP,RG,8175,2,D,AI,CC,D
13:42:14,ICBP,RG,8175,1,D,AI,YU,F
13:42:14,ICBP,RG,8175,2,D,AI,CC,D
13:42:12,ICBP,RG,8175,1,D,AI,YU,F
13:42:12,ICBP,RG,8175,1,D,AI,BB,D
13:42:11,ICBP,RG,8175,1,D,AI,BB,D
13:42:11,ICBP,RG,8175,1,D,AI,BB,D
13:42:10,ICBP,RG,8175,7,D,AI,YU,F
13:42:09,ICBP,RG,8175,7,D,AI,RX,F
13:42:09,ICBP,RG,8175,6,D,AI,DX,D
13:41:50,ICBP,RG,8175,1,D,AI,BB,D
13:41:49,ICBP,RG,8175,5,D,AI,YU,F
13:41:48,ICBP,RG,8175,8,D,AI,RX,F
13:41:43,ICBP,RG,8175,1,D,AI,BB,D
13:41:42,ICBP,RG,8175,4,D,AI,YU,F
13:41:41,ICBP,RG,8175,1,D,AI,KK,D
13:41:41,ICBP,RG,8175,7,D,AI,PD,D
13:41:39,ICBP,RG,8175,1,D,AI,YU,F
13:41:38,ICBP,RG,8200,1,D,NI,HP,D
13:41:32,ICBP,RG,8175,1,D,AI,KK,D
13:41:31,ICBP,RG,8175,1,D,AI,BB,D
13:41:29,ICBP,RG,8175,3,D,AI,YU,F
13:41:29,ICBP,RG,8175,1,D,AZ,YU,F
13:41:28,ICBP,RG,8175,1,D,AZ,RX,F
13:41:28,ICBP,RG,8175,6,F,ZP,RX,F
13:41:12,ICBP,RG,8175,1,F,ZP,BB,D
13:41:11,ICBP,RG,8175,1,F,ZP,YU,F
13:41:11,ICBP,RG,8175,1,F,ZP,BB,D
13:41:10,ICBP,RG,8175,1,F,ZP,BB,D
13:41:09,ICBP,RG,8175,4,F,ZP,YU,F
13:41:08,ICBP,RG,8175,9,F,ZP,RX,F
13:41:03,ICBP,RG,8175,4,F,ZP,YU,F
13:41:02,ICBP,RG,8175,6,F,ZP,YP,D
13:40:55,ICBP,RG,8175,1,F,ZP,BB,D
13:40:53,ICBP,RG,8175,3,F,ZP,YU,F
13:40:52,ICBP,RG,8175,3,F,ZP,GR,D
13:40:52,ICBP,RG,8175,1,F,ZP,GR,D
13:40:52,ICBP,RG,8175,1,F,YU,GR,D
13:40:44,ICBP,RG,8175,1,F,YU,BB,D
13:40:42,ICBP,RG,8175,4,F,YU,YU,F
13:40:42,ICBP,RG,8175,1,D,DX,YU,F
13:40:41,ICBP,RG,8175,2,D,DX,RX,F
13:40:41,ICBP,RG,8175,7,D,NI,RX,F
13:40:38,ICBP,RG,8175,1,D,NI,BB,D
13:40:36,ICBP,RG,8175,1,D,NI,YU,F
13:40:35,ICBP,RG,8175,1,D,NI,BB,D
13:40:35,ICBP,RG,8175,1,D,NI,BB,D
13:40:34,ICBP,RG,8175,1,D,NI,YU,F
13:40:33,ICBP,RG,8175,3,D,NI,XC,D
13:40:19,ICBP,RG,8175,6,D,NI,YU,F
13:40:18,ICBP,RG,8175,4,D,NI,RX,F
13:40:18,ICBP,RG,8175,5,F,ZP,RX,F
13:40:18,ICBP,RG,8175,1,F,YU,RX,F
13:39:49,ICBP,RG,8175,1,F,YU,BB,D
13:39:43,ICBP,RG,8175,1,F,BK,BB,D
13:39:42,ICBP,RG,8175,5,F,BK,YU,F
13:39:41,ICBP,RG,8175,8,F,BK,RX,F
13:39:40,ICBP,RG,8175,3,F,BK,YU,F
13:39:40,ICBP,RG,8175,1,F,BK,BB,D
13:39:39,ICBP,RG,8175,7,F,BK,DX,D
13:39:38,ICBP,RG,8175,1,F,BK,YU,F
13:39:37,ICBP,RG,8175,1,F,BK,BB,D
13:39:36,ICBP,RG,8175,1,F,BK,BB,D
13:39:36,ICBP,RG,8175,5,F,BK,YU,F
13:39:35,ICBP,RG,8175,10,F,BK,YP,D
13:39:29,ICBP,RG,8175,1,F,BK,YU,F
13:39:28,ICBP,RG,8175,1,F,BK,BB,D
13:39:27,ICBP,RG,8175,1,F,BK,BB,D
13:39:26,ICBP,RG,8175,8,F,BK,YU,F
13:39:25,ICBP,RG,8175,16,F,BK,YP,D
13:39:16,ICBP,RG,8175,1,F,BK,BB,D
13:39:15,ICBP,RG,8175,2,F,BK,YU,F
13:39:14,ICBP,RG,8175,4,F,BK,CC,D
13:39:08,ICBP,RG,8175,2,F,BK,YU,F
13:39:07,ICBP,RG,8175,1,F,BK,BB,D
13:39:06,ICBP,RG,8175,1,F,BK,BB,D
13:39:05,ICBP,RG,8175,5,F,BK,YU,F
13:39:05,ICBP,RG,8175,1,F,BK,BB,D
13:39:04,ICBP,RG,8175,10,F,BK,RX,F
13:39:04,ICBP,RG,8175,1,F,BK,YU,F
13:39:03,ICBP,RG,8175,1,F,BK,XC,D
13:38:36,ICBP,RG,8175,1,F,BK,BB,D
13:38:35,ICBP,RG,8175,6,F,ZP,YU,F
13:38:34,ICBP,RG,8175,1,F,ZP,BB,D
13:38:34,ICBP,RG,8175,3,F,ZP,BB,D
13:38:34,ICBP,RG,8175,3,F,YU,BB,D
13:38:34,ICBP,RG,8175,2,D,PD,XC,D
13:38:34,ICBP,RG,8175,3,F,ZP,XC,D
13:38:33,ICBP,RG,8175,9,F,ZP,YU,F
13:38:33,ICBP,RG,8175,15,F,BK,YU,F
13:38:32,ICBP,RG,8175,50,F,BK,GR,D
13:38:28,ICBP,RG,8175,2,F,BK,YU,F
13:38:27,ICBP,RG,8175,1,F,YU,BB,D
13:38:27,ICBP,RG,8175,5,F,YU,YU,F
13:38:26,ICBP,RG,8175,2,F,ZP,BB,D
13:38:26,ICBP,RG,8175,2,F,ZP,BB,D
13:38:26,ICBP,RG,8175,1,F,ZP,XC,D
13:38:26,ICBP,RG,8175,6,F,ZP,BB,D
13:38:25,ICBP,RG,8175,1,F,ZP,BB,D
13:38:25,ICBP,RG,8175,32,F,ZP,YU,F
13:38:24,ICBP,RG,8175,1,F,ZP,YU,F
13:38:24,ICBP,RG,8175,2,F,ZP,KZ,F
13:38:24,ICBP,RG,8175,3,D,DX,KZ,F
13:38:24,ICBP,RG,8175,1,D,DR,KZ,F
13:38:24,ICBP,RG,8175,1,D,NI,KZ,F
13:38:24,ICBP,RG,8175,20,D,YP,KZ,F
13:38:24,ICBP,RG,8175,9,D,YP,KZ,F
13:38:24,ICBP,RG,8175,6,F,YU,KZ,F
13:38:24,ICBP,RG,8175,23,F,AK,KZ,F
13:38:22,ICBP,RG,8175,1,F,AK,BB,D
13:38:22,ICBP,RG,8175,1,F,AK,BB,D
13:38:22,ICBP,RG,8175,3,F,AK,YU,F
13:38:21,ICBP,RG,8175,7,F,AK,RX,F
13:37:48,ICBP,RG,8175,1,F,AK,BB,D
13:37:48,ICBP,RG,8175,2,F,AK,YU,F
13:37:48,ICBP,RG,8175,1,D,PD,YU,F
13:37:47,ICBP,RG,8175,1,D,PD,YU,F
13:37:47,ICBP,RG,8175,1,D,YJ,YU,F
13:37:47,ICBP,RG,8175,6,D,YJ,RX,F
13:37:45,ICBP,RG,8175,2,D,YJ,BB,D
13:37:44,ICBP,RG,8175,1,D,YJ,BB,D
13:37:44,ICBP,RG,8175,1,D,YJ,BB,D
13:37:44,ICBP,RG,8175,22,D,YJ,YU,F
13:37:43,ICBP,RG,8175,4,D,YJ,YU,F
13:37:42,ICBP,RG,8175,13,D,YJ,BB,D
13:37:42,ICBP,RG,8175,6,F,YU,BB,D
13:37:42,ICBP,RG,8175,1,D,PD,BB,D
13:37:42,ICBP,RG,8175,23,F,ZP,BB,D
13:37:42,ICBP,RG,8175,9,F,ZP,BB,D
13:37:41,ICBP,RG,8175,33,F,ZP,YU,F
13:37:41,ICBP,RG,8175,15,D,GR,YU,F
13:37:41,ICBP,RG,8175,1,D,NI,YU,F
13:37:41,ICBP,RG,8175,1,D,XC,YU,F
13:37:41,ICBP,RG,8175,1,D,PD,YU,F
13:37:41,ICBP,RG,8175,6,F,YU,YU,F
13:37:41,ICBP,RG,8175,3,D,GR,YU,F
13:37:41,ICBP,RG,8175,20,D,DH,YU,F
13:37:41,ICBP,RG,8175,85,F,BK,YU,F
13:37:40,ICBP,RG,8175,26,F,BK,YP,D
13:37:40,ICBP,RG,8175,1,D,PD,YP,D
13:37:40,ICBP,RG,8175,2,D,GR,YP,D
13:37:40,ICBP,RG,8175,1,D,NI,YP,D
13:37:40,ICBP,RG,8175,4,D,YP,YP,D
13:37:40,ICBP,RG,8175,50,D,GR,YP,D
13:37:40,ICBP,RG,8175,5,D,YP,YP,D
13:37:40,ICBP,RG,8175,7,F,YU,YP,D
13:37:40,ICBP,RG,8175,10,D,AT,YP,D
13:37:40,ICBP,RG,8175,40,D,GR,YP,D
13:37:40,ICBP,RG,8175,68,D,TP,YP,D
13:37:40,ICBP,RG,8175,22,F,ZP,YP,D
13:37:40,ICBP,RG,8175,79,F,AK,YP,D
13:37:31,ICBP,RG,8175,1,F,AK,BB,D
13:37:30,ICBP,RG,8175,10,F,AK,RX,F
13:37:16,ICBP,RG,8175,2,F,AK,BB,D
13:37:16,ICBP,RG,8175,1,F,AK,BB,D
13:37:16,ICBP,RG,8175,6,F,AK,DX,D
13:37:15,ICBP,RG,8175,16,F,AK,YU,F
13:37:14,ICBP,RG,8200,3,D,DX,HP,D
13:36:56,ICBP,RG,8175,1,F,AK,BB,D
13:36:56,ICBP,RG,8175,3,F,AK,XC,D
13:36:53,ICBP,RG,8175,2,F,AK,PD,D
13:36:43,ICBP,RG,8175,8,F,AK,RX,F
13:36:21,ICBP,RG,8175,1,F,AK,XC,D
13:36:15,ICBP,RG,8175,1,F,AK,XC,D
13:36:12,ICBP,RG,8175,1,F,AK,BB,D
13:36:10,ICBP,RG,8175,1,F,AK,XC,D
13:36:04,ICBP,RG,8175,1,F,AK,BB,D
13:36:04,ICBP,RG,8175,9,F,AK,RX,F
13:35:52,ICBP,RG,8175,2,F,AK,CC,D
13:35:52,ICBP,RG,8175,2,F,AK,YU,F
13:35:51,ICBP,RG,8200,1,D,XC,HP,D
13:35:35,ICBP,RG,8175,1,F,AK,BB,D
13:35:34,ICBP,RG,8175,1,F,AK,BB,D
13:35:34,ICBP,RG,8175,11,F,AK,YU,F
13:35:32,ICBP,RG,8200,5,D,PD,HP,D
13:35:29,ICBP,RG,8175,1,F,AK,BB,D
13:35:27,ICBP,RG,8175,3,F,AK,LG,D
13:35:25,ICBP,RG,8175,1,F,AK,BB,D
13:35:23,ICBP,RG,8175,10,F,AK,RX,F
13:35:13,ICBP,RG,8175,1,F,AK,LG,D
13:35:13,ICBP,RG,8175,1,F,AK,BB,D
13:35:13,ICBP,RG,8175,8,F,AK,YU,F
13:35:11,ICBP,RG,8200,8,D,PP,HP,D
13:34:55,ICBP,RG,8175,1,F,AK,BB,D
13:34:53,ICBP,RG,8175,8,F,AK,RX,F
13:34:51,ICBP,RG,8175,3,F,AK,YU,F
13:34:50,ICBP,RG,8200,3,D,DX,HP,D
13:34:48,ICBP,RG,8175,1,F,AK,BB,D
13:34:48,ICBP,RG,8175,2,F,AK,BB,D
13:34:47,ICBP,RG,8175,22,F,AK,YU,F
13:34:46,ICBP,RG,8175,1,F,AK,BB,D
13:34:44,ICBP,RG,8175,3,F,AK,RX,F
13:34:44,ICBP,RG,8175,3,F,AK,RX,F
13:34:41,ICBP,RG,8175,6,F,AK,DX,D
13:34:40,ICBP,RG,8175,1,F,AK,BB,D
13:34:36,ICBP,RG,8175,6,F,AK,RX,F
13:34:36,ICBP,RG,8175,1,D,NI,RX,F
13:34:34,ICBP,RG,8175,2,D,LG,YP,D
13:34:29,ICBP,RG,8175,1,D,LG,BB,D
13:34:27,ICBP,RG,8175,7,D,LG,RX,F
13:34:22,ICBP,RG,8175,1,D,LG,BB,D
13:34:21,ICBP,RG,8175,1,D,LG,BB,D
13:34:20,ICBP,RG,8175,1,D,LG,BB,D
13:34:20,ICBP,RG,8175,2,D,XC,BB,D
13:34:20,ICBP,RG,8175,1,D,XC,BB,D
13:34:19,ICBP,RG,8175,1,D,PD,BB,D
13:34:19,ICBP,RG,8175,1,D,CC,BB,D
13:34:19,ICBP,RG,8175,2,D,CC,BB,D
13:34:19,ICBP,RG,8175,1,D,XC,BB,D
13:34:19,ICBP,RG,8175,2,D,XC,BB,D
13:34:19,ICBP,RG,8175,1,D,XC,BB,D
13:34:19,ICBP,RG,8175,1,D,XC,YU,F
13:34:19,ICBP,RG,8175,1,D,XC,YU,F
13:34:19,ICBP,RG,8175,1,D,XC,YU,F
13:34:19,ICBP,RG,8175,3,D,CC,YU,F
13:34:19,ICBP,RG,8175,1,D,CC,YU,F
13:34:19,ICBP,RG,8175,1,D,CC,YU,F
13:34:19,ICBP,RG,8175,1,D,XC,YU,F
13:34:19,ICBP,RG,8175,5,D,PD,YU,F
13:34:19,ICBP,RG,8175,1,D,XC,YU,F
13:34:19,ICBP,RG,8175,11,D,PD,YU,F
13:34:19,ICBP,RG,8175,2,D,PD,YU,F
13:34:19,ICBP,RG,8175,1,D,KK,YU,F
13:34:19,ICBP,RG,8175,1,D,KK,YU,F
13:34:19,ICBP,RG,8175,1,D,KK,YU,F
13:34:19,ICBP,RG,8175,1,D,KK,YU,F
13:34:19,ICBP,RG,8175,17,F,ZP,YU,F
13:34:17,ICBP,RG,8200,77,D,DX,HP,D
13:34:13,ICBP,RG,8175,1,F,ZP,BB,D
13:34:12,ICBP,RG,8175,1,F,ZP,BB,D
13:34:11,ICBP,RG,8175,5,F,ZP,BB,D
13:34:11,ICBP,RG,8175,1,F,ZP,BB,D
13:34:10,ICBP,RG,8175,11,F,ZP,BB,D
13:34:10,ICBP,RG,8175,3,F,ZP,BB,D
13:34:10,ICBP,RG,8175,65,F,ZP,YU,F
13:34:09,ICBP,RG,8175,3,F,ZP,KZ,F
13:34:09,ICBP,RG,8175,10,D,PD,KZ,F
13:34:09,ICBP,RG,8175,2,D,PD,KZ,F
13:34:09,ICBP,RG,8175,10,D,CC,KZ,F
13:34:09,ICBP,RG,8175,1,D,PD,KZ,F
13:34:09,ICBP,RG,8175,2,F,YU,KZ,F
13:34:09,ICBP,RG,8175,1,D,XC,KZ,F
13:34:09,ICBP,RG,8175,2,D,KK,KZ,F
13:34:09,ICBP,RG,8175,5,D,KK,KZ,F
13:34:09,ICBP,RG,8175,1,D,XC,KZ,F
13:34:09,ICBP,RG,8175,1,D,XC,KZ,F
13:34:09,ICBP,RG,8175,1,D,PD,KZ,F
13:34:09,ICBP,RG,8175,1,D,PD,KZ,F
13:34:09,ICBP,RG,8175,1,D,PD,KZ,F
13:34:09,ICBP,RG,8175,1,D,KK,KZ,F
13:34:09,ICBP,RG,8175,10,D,EP,KZ,F
13:34:09,ICBP,RG,8175,1,D,PD,KZ,F
13:34:09,ICBP,RG,8175,2,D,DH,KZ,F
13:34:09,ICBP,RG,8175,1,D,YP,KZ,F
13:34:09,ICBP,RG,8175,6,D,PD,KZ,F
13:34:09,ICBP,RG,8175,67,D,PD,KZ,F
13:32:40,ICBP,RG,8175,2,D,PD,CC,D
13:32:27,ICBP,RG,8175,1,D,PD,BB,D
13:32:25,ICBP,RG,8175,5,D,PD,YU,F
13:32:25,ICBP,RG,8175,1,D,PD,BB,D
13:32:24,ICBP,RG,8200,3,D,DX,HP,D
13:32:23,ICBP,RG,8175,7,D,PD,DX,D
13:32:16,ICBP,RG,8175,4,D,PD,YU,F
13:32:15,ICBP,RG,8200,1,D,XC,HP,D
13:32:15,ICBP,RG,8175,2,D,PD,BB,D
13:32:15,ICBP,RG,8175,1,D,PD,BB,D
13:32:14,ICBP,RG,8175,3,D,PD,BB,D
13:32:13,ICBP,RG,8175,7,D,PD,YU,F
13:32:13,ICBP,RG,8175,1,D,DR,YU,F
13:32:13,ICBP,RG,8175,17,D,EP,YU,F
13:32:12,ICBP,RG,8200,30,D,CC,HP,D
13:32:06,ICBP,RG,8175,2,D,EP,CC,D
13:32:00,ICBP,RG,8175,1,D,EP,BB,D
13:32:00,ICBP,RG,8175,1,D,EP,BB,D
13:31:58,ICBP,RG,8175,3,D,EP,BB,D
13:31:58,ICBP,RG,8175,14,D,EP,BB,D
13:31:56,ICBP,RG,8175,2,D,EP,YU,F
13:31:56,ICBP,RG,8175,2,D,EP,YU,F
13:31:56,ICBP,RG,8175,50,F,ZP,YU,F
13:31:56,ICBP,RG,8175,104,F,ZP,RX,F
13:31:50,ICBP,RG,8175,5,F,ZP,PD,D
13:30:35,ICBP,RG,8175,1,F,ZP,BB,D
13:30:33,ICBP,RG,8175,12,F,ZP,YU,F
13:30:33,ICBP,RG,8175,1,F,ZP,BB,D
13:30:30,ICBP,RG,8175,2,F,ZP,BB,D
13:30:30,ICBP,RG,8175,7,F,ZP,BB,D
13:30:29,ICBP,RG,8175,1,F,ZP,BB,D
13:30:29,ICBP,RG,8175,5,F,ZP,BB,D
13:30:28,ICBP,RG,8175,71,F,ZP,YU,F
13:30:28,ICBP,RG,8175,2,F,ZP,BB,D
13:30:28,ICBP,RG,8175,7,F,ZP,BB,D
13:30:27,ICBP,RG,8175,36,F,ZP,YU,F
13:30:27,ICBP,RG,8175,2,F,ZP,BB,D
13:30:27,ICBP,RG,8175,33,F,ZP,BB,D
13:30:26,ICBP,RG,8175,108,F,ZP,YU,F
13:30:17,ICBP,RG,8175,27,F,ZP,YU,F
13:30:16,ICBP,RG,8175,51,F,ZP,AK,D
13:30:16,ICBP,RG,8175,103,D,YP,AK,D
13:30:16,ICBP,RG,8175,6,D,YP,BB,D
13:30:15,ICBP,RG,8175,10,D,YP,BB,D
13:30:15,ICBP,RG,8175,3,D,YP,XC,D
13:30:14,ICBP,RG,8175,17,D,YP,AK,D
13:30:14,ICBP,RG,8175,6,D,YP,AK,F
13:30:14,ICBP,RG,8175,180,D,YP,AK,D
13:30:13,ICBP,RG,8175,9,D,YP,LG,D
13:30:08,ICBP,RG,8175,1,D,YP,PD,D
13:30:08,ICBP,RG,8175,3,D,YP,CC,D
13:30:08,ICBP,RG,8175,3,D,YP,CC,D
13:30:08,ICBP,RG,8200,2,D,CC,HP,D
13:30:07,ICBP,RG,8175,2,D,YP,PD,D
13:30:07,ICBP,RG,8175,5,D,YP,PD,D
13:30:06,ICBP,RG,8175,1,D,YP,BB,D
13:30:06,ICBP,RG,8175,2,D,YP,BB,D
13:30:06,ICBP,RG,8175,11,D,YP,YU,F
13:30:06,ICBP,RG,8175,3,D,YP,PD,D
13:30:06,ICBP,RG,8175,5,D,YP,PD,D
13:30:06,ICBP,RG,8175,3,D,YP,PD,D
13:30:06,ICBP,RG,8175,1,D,YP,XC,D
13:30:06,ICBP,RG,8175,5,D,YP,PD,D
13:30:05,ICBP,RG,8175,1,D,YP,PD,D
13:30:05,ICBP,RG,8175,2,D,YP,YP,D
13:30:05,ICBP,RG,8175,1,D,YP,YP,D
13:30:04,ICBP,RG,8175,3,D,YP,YP,D
13:30:04,ICBP,RG,8175,1,D,YP,EP,D
13:30:04,ICBP,RG,8175,2,D,YP,HP,D
13:30:04,ICBP,RG,8175,10,D,YP,IF,D
13:30:03,ICBP,RG,8175,1,D,YP,PD,D
13:30:03,ICBP,RG,8175,3,D,XA,PD,D
13:30:03,ICBP,RG,8175,1,D,XA,KK,D
13:30:03,ICBP,RG,8175,1,D,XA,SQ,D
13:30:03,ICBP,RG,8175,1,D,YP,SQ,D
13:30:03,ICBP,RG,8175,3,D,DX,SQ,D
13:30:03,ICBP,RG,8175,3,F,YU,SQ,D
13:30:03,ICBP,RG,8175,2,D,XC,SQ,D
13:30:03,ICBP,RG,8200,22,D,YU,HP,D
11:29:48,ICBP,RG,8175,1,F,BK,BB,D
11:29:46,ICBP,RG,8175,2,F,BK,AK,D
11:29:46,ICBP,RG,8175,1,F,BK,AK,D
11:29:46,ICBP,RG,8175,1,F,BK,AK,D
11:29:46,ICBP,RG,8175,1,F,BK,AK,D
11:29:46,ICBP,RG,8175,1,F,BK,AK,D
11:29:45,ICBP,RG,8175,2,F,BK,AK,D
11:29:45,ICBP,RG,8175,1,F,BK,AK,D
11:29:45,ICBP,RG,8175,1,F,BK,AK,D
11:29:39,ICBP,RG,8175,1,F,BK,AK,F
11:29:39,ICBP,RG,8175,1,F,BK,BB,D
11:29:38,ICBP,RG,8175,4,F,BK,BB,D
11:29:38,ICBP,RG,8175,1,D,CC,BB,D
11:29:36,ICBP,RG,8175,1,D,CC,BB,D
11:29:33,ICBP,RG,8175,1,D,CC,RX,F
11:29:33,ICBP,RG,8175,2,D,PD,RX,F
11:29:33,ICBP,RG,8175,3,F,YU,RX,F
11:29:33,ICBP,RG,8175,4,D,CC,RX,F
11:29:33,ICBP,RG,8175,1,D,CC,BB,D
11:29:31,ICBP,RG,8200,3,D,DX,HP,D
11:29:22,ICBP,RG,8175,1,D,CC,BB,D
11:29:20,ICBP,RG,8175,3,D,EP,RX,F
11:29:20,ICBP,RG,8175,1,D,PD,RX,F
11:29:20,ICBP,RG,8175,5,D,GR,RX,F
11:28:51,ICBP,RG,8175,2,D,GR,CC,D
11:28:47,ICBP,RG,8175,1,D,GR,BB,D
11:28:46,ICBP,RG,8175,2,D,GR,AK,D
11:28:46,ICBP,RG,8175,1,D,PD,AK,D
11:28:45,ICBP,RG,8175,2,D,PD,DX,D
11:28:45,ICBP,RG,8175,1,D,YP,DX,D
11:28:45,ICBP,RG,8175,1,D,XC,DX,D
11:28:45,ICBP,RG,8175,1,D,AT,DX,D
11:28:45,ICBP,RG,8175,2,D,DH,DX,D
11:28:42,ICBP,RG,8175,1,D,DH,BB,D
11:28:42,ICBP,RG,8175,1,D,DH,BB,D
11:28:41,ICBP,RG,8175,1,D,DH,BB,D
11:28:41,ICBP,RG,8175,6,D,DH,RX,F
11:28:40,ICBP,RG,8175,9,D,DH,BB,D
11:28:40,ICBP,RG,8175,5,F,YU,BB,D
11:28:34,ICBP,RG,8175,2,F,YU,BB,D
11:28:33,ICBP,RG,8175,1,F,YU,BB,D
11:28:33,ICBP,RG,8175,3,F,YU,BB,D
11:28:32,ICBP,RG,8175,2,F,YU,AK,D
11:28:32,ICBP,RG,8175,1,D,XC,AK,D
11:28:32,ICBP,RG,8175,1,D,DH,AK,D
11:28:32,ICBP,RG,8175,1,D,OD,AK,D
11:28:32,ICBP,RG,8175,3,D,EP,AK,D
11:28:32,ICBP,RG,8175,6,D,CC,AK,D
11:28:32,ICBP,RG,8175,14,F,YU,AK,D
11:28:30,ICBP,RG,8175,2,F,YU,AK,D
11:28:30,ICBP,RG,8175,10,D,PD,AK,D
11:28:30,ICBP,RG,8175,5,D,KK,AK,D
11:28:30,ICBP,RG,8175,1,D,YP,AK,D
11:28:30,ICBP,RG,8175,1,D,PD,AK,D
11:28:30,ICBP,RG,8175,1,D,PD,AK,D
11:28:30,ICBP,RG,8175,2,D,SQ,AK,D
11:28:30,ICBP,RG,8175,3,D,LG,AK,D
11:28:30,ICBP,RG,8175,1,D,PD,AK,D
11:28:30,ICBP,RG,8175,8,D,DX,AK,D
11:28:22,ICBP,RG,8175,4,D,DX,BB,D
11:28:22,ICBP,RG,8175,1,D,DX,BB,D
11:28:21,ICBP,RG,8175,2,D,DX,BB,D
11:28:21,ICBP,RG,8175,5,D,DX,KZ,F
11:28:21,ICBP,RG,8175,5,D,PD,KZ,F
11:28:21,ICBP,RG,8175,5,D,CC,KZ,F
11:28:21,ICBP,RG,8175,1,D,PD,KZ,F
11:28:21,ICBP,RG,8175,2,D,PD,KZ,F
11:28:21,ICBP,RG,8175,1,D,SQ,KZ,F
11:28:21,ICBP,RG,8175,6,D,PD,KZ,F
11:28:21,ICBP,RG,8175,1,D,PD,KZ,F
11:28:21,ICBP,RG,8175,2,D,PD,KZ,F
11:28:21,ICBP,RG,8175,1,D,XC,KZ,F
11:28:21,ICBP,RG,8175,4,D,PD,KZ,F
11:28:21,ICBP,RG,8175,1,D,YP,KZ,F
11:28:21,ICBP,RG,8175,1,D,PD,KZ,F
11:28:21,ICBP,RG,8175,1,D,PD,KZ,F
11:28:21,ICBP,RG,8175,1,D,XC,KZ,F
11:28:21,ICBP,RG,8175,5,D,IP,KZ,F
11:28:18,ICBP,RG,8175,1,D,IP,BB,D
11:28:18,ICBP,RG,8175,4,D,IP,RX,F
11:28:18,ICBP,RG,8175,4,D,CC,RX,F
11:28:18,ICBP,RG,8175,3,F,YU,RX,F
11:28:18,ICBP,RG,8175,2,D,CC,RX,F
11:28:18,ICBP,RG,8175,1,D,XC,RX,F
11:28:18,ICBP,RG,8175,3,D,XC,RX,F
11:28:18,ICBP,RG,8175,3,F,YU,RX,F
11:28:18,ICBP,RG,8175,1,D,XC,RX,F
11:28:18,ICBP,RG,8175,1,D,XC,RX,F
11:28:18,ICBP,RG,8175,1,D,PD,RX,F
11:28:18,ICBP,RG,8175,2,F,YU,RX,F
11:28:17,ICBP,RG,8175,1,F,YU,AK,D
11:28:17,ICBP,RG,8175,1,D,GR,AK,D
11:28:17,ICBP,RG,8175,2,F,AK,AK,D
11:28:17,ICBP,RG,8175,5,D,PD,AK,D
11:28:17,ICBP,RG,8175,1,D,PD,BB,D
11:28:16,ICBP,RG,8175,1,D,PD,BB,D
11:28:15,ICBP,RG,8175,6,D,PD,AK,D
11:28:15,ICBP,RG,8175,1,D,OD,AK,D
11:28:15,ICBP,RG,8175,4,D,YP,AK,D
11:28:02,ICBP,RG,8175,1,D,YP,BB,D
11:28:02,ICBP,RG,8175,5,D,YP,AK,D
11:28:01,ICBP,RG,8175,2,D,YP,AK,D
11:28:00,ICBP,RG,8175,7,D,YP,AK,D
11:27:46,ICBP,RG,8175,1,D,YP,AK,D
11:27:45,ICBP,RG,8175,1,D,YP,AK,F
11:27:17,ICBP,RG,8175,1,D,YP,BB,D
11:27:16,ICBP,RG,8175,1,D,YP,AK,D
11:27:15,ICBP,RG,8200,3,D,YP,HP,D
11:26:59,ICBP,RG,8200,4,D,DX,HP,D
11:26:58,ICBP,RG,8175,2,D,YP,BB,D
11:26:57,ICBP,RG,8175,1,D,YP,BB,D
11:26:56,ICBP,RG,8175,3,D,YP,BB,D
11:26:56,ICBP,RG,8175,17,D,YP,BB,D
11:26:56,ICBP,RG,8175,21,D,YP,KZ,F
11:26:53,ICBP,RG,8175,183,D,YP,BB,D
11:26:53,ICBP,RG,8175,7,F,AK,BB,D
11:26:39,ICBP,RG,8175,1,F,AK,BB,D
11:26:39,ICBP,RG,8175,1,F,AK,CC,D
11:26:34,ICBP,RG,8175,5,F,AK,RX,F
11:26:34,ICBP,RG,8175,1,D,PD,RX,F
11:26:30,ICBP,RG,8175,1,D,PD,XC,D
11:26:30,ICBP,RG,8175,1,D,NI,AK,F
11:26:26,ICBP,RG,8175,1,D,NI,BB,D
11:26:26,ICBP,RG,8175,1,D,CC,BB,D
11:26:25,ICBP,RG,8175,1,D,CC,PD,D
11:26:25,ICBP,RG,8175,3,F,YU,DX,D
11:26:25,ICBP,RG,8175,1,D,SQ,DX,D
11:26:25,ICBP,RG,8175,1,D,PD,DX,D
11:26:25,ICBP,RG,8175,1,F,YU,DX,D
11:26:18,ICBP,RG,8175,1,F,YU,BB,D
11:26:18,ICBP,RG,8175,1,F,YU,BB,D
11:26:18,ICBP,RG,8175,2,D,CC,BB,D
11:26:18,ICBP,RG,8175,4,F,AK,BB,D
11:26:13,ICBP,RG,8175,17,F,AK,RX,F
11:26:13,ICBP,RG,8175,5,D,CC,RX,F
11:26:13,ICBP,RG,8175,1,D,XC,RX,F
11:26:13,ICBP,RG,8175,1,D,PD,RX,F
11:26:13,ICBP,RG,8175,52,F,ZP,RX,F
11:26:02,ICBP,RG,8175,3,F,ZP,BB,D
11:26:02,ICBP,RG,8175,1,F,ZP,BB,D
11:25:47,ICBP,RG,8175,39,F,ZP,AK,D
11:25:46,ICBP,RG,8175,4,F,ZP,BB,D
11:25:46,ICBP,RG,8175,1,F,ZP,BB,D
11:25:45,ICBP,RG,8175,45,F,ZP,AK,D
11:25:43,ICBP,RG,8175,1,F,ZP,BB,D
11:25:37,ICBP,RG,8175,2,F,ZP,CC,D
11:25:31,ICBP,RG,8175,4,F,ZP,AK,D
11:25:01,ICBP,RG,8175,1,F,ZP,AK,D
11:25:00,ICBP,RG,8175,1,F,ZP,AK,F
11:24:54,ICBP,RG,8175,1,F,ZP,BB,D
11:24:53,ICBP,RG,8200,3,D,PD,HP,D
11:24:52,ICBP,RG,8175,1,F,ZP,BB,D
11:24:52,ICBP,RG,8175,2,F,ZP,BB,D
11:24:52,ICBP,RG,8175,2,F,YU,BB,D
11:24:52,ICBP,RG,8175,2,F,AK,BB,D
11:24:52,ICBP,RG,8200,7,F,ZP,HP,D
11:24:51,ICBP,RG,8175,43,F,AK,YP,D
11:24:51,ICBP,RG,8175,1,D,CC,YP,D
11:24:51,ICBP,RG,8175,6,D,PD,YP,D
11:24:51,ICBP,RG,8175,1,D,PD,YP,D
11:24:51,ICBP,RG,8175,1,D,PD,YP,D
11:24:51,ICBP,RG,8175,1,D,XC,YP,D
11:24:51,ICBP,RG,8175,12,D,YP,YP,D
11:24:48,ICBP,RG,8175,1,D,YP,BB,D
11:24:47,ICBP,RG,8175,3,D,YP,BB,D
11:24:46,ICBP,RG,8200,4,F,ZP,HP,D
11:24:45,ICBP,RG,8200,7,F,YU,HP,D
11:24:45,ICBP,RG,8175,26,D,YP,AK,D
11:24:44,ICBP,RG,8175,1,D,YP,BB,D
11:24:40,ICBP,RG,8175,10,D,YP,YP,D
11:24:35,ICBP,RG,8175,1,D,YP,BB,D
11:24:33,ICBP,RG,8175,1,D,YP,BB,D
11:24:33,ICBP,RG,8175,2,D,YP,BB,D
11:24:33,ICBP,RG,8200,3,F,ZP,HP,D
11:24:32,ICBP,RG,8175,24,D,YP,AK,D
11:24:29,ICBP,RG,8200,3,D,DX,HP,D
11:24:16,ICBP,RG,8175,2,D,YP,AK,D
11:24:03,ICBP,RG,8200,1,F,ZP,HP,D
11:24:02,ICBP,RG,8175,1,D,YP,BB,D
11:24:01,ICBP,RG,8200,1,F,ZP,HP,D
11:24:00,ICBP,RG,8175,6,D,YP,DX,D
11:24:00,ICBP,RG,8200,4,F,AK,HP,D
11:23:54,ICBP,RG,8175,1,D,YP,BB,D
11:23:54,ICBP,RG,8200,2,D,PD,HP,D
11:23:48,ICBP,RG,8175,1,D,YP,BB,D
11:23:48,ICBP,RG,8175,1,D,YP,BB,D
11:23:48,ICBP,RG,8200,2,F,ZP,HP,D
11:23:47,ICBP,RG,8175,2,D,YP,BB,D
11:23:47,ICBP,RG,8175,16,D,YP,AK,D
11:23:46,ICBP,RG,8200,2,F,ZP,HP,D
11:23:45,ICBP,RG,8175,11,D,YP,AK,D
11:23:45,ICBP,RG,8175,7,D,YP,AK,D
11:23:33,ICBP,RG,8200,1,F,ZP,HP,D
11:23:32,ICBP,RG,8175,2,D,YP,NI,D
11:23:31,ICBP,RG,8175,2,D,YP,AK,D
11:23:30,ICBP,RG,8175,1,D,YP,AK,F
11:23:18,ICBP,RG,8175,1,D,YP,BB,D
11:23:12,ICBP,RG,8175,1,D,YP,BB,D
11:23:12,ICBP,RG,8175,1,D,YP,BB,D
11:23:12,ICBP,RG,8200,2,F,ZP,HP,D
11:23:09,ICBP,RG,8175,17,D,YP,BB,D
11:23:03,ICBP,RG,8175,1,D,YP,BB,D
11:23:02,ICBP,RG,8175,2,D,YP,BB,D
11:23:01,ICBP,RG,8200,3,F,ZP,HP,D
11:23:01,ICBP,RG,8200,3,D,PD,HP,D
11:23:00,ICBP,RG,8200,24,F,AK,HP,D
11:22:33,ICBP,RG,8200,1,F,ZP,HP,D
11:22:31,ICBP,RG,8175,2,D,YP,AK,D
11:22:20,ICBP,RG,8175,1,D,YP,BB,D
11:22:18,ICBP,RG,8175,1,D,YP,BB,D
11:22:18,ICBP,RG,8175,3,D,YP,BB,D
11:22:18,ICBP,RG,8200,4,F,ZP,HP,D
11:22:17,ICBP,RG,8175,3,D,YP,BB,D
11:22:17,ICBP,RG,8175,1,D,YP,BB,D
11:22:17,ICBP,RG,8175,32,D,YP,AK,D
11:22:16,ICBP,RG,8200,4,F,ZP,HP,D
11:22:15,ICBP,RG,8175,36,D,YP,AK,D
11:22:15,ICBP,RG,8175,1,D,YP,AK,F
11:22:11,ICBP,RG,8175,1,D,YP,BB,D
11:22:10,ICBP,RG,8200,1,F,ZP,HP,D
11:22:09,ICBP,RG,8175,2,D,YP,CC,D
11:22:07,ICBP,RG,8200,3,D,DX,HP,D
11:22:00,ICBP,RG,8200,2,F,AK,HP,D
11:21:42,ICBP,RG,8175,1,D,YP,BB,D
11:21:42,ICBP,RG,8200,1,F,ZP,HP,D
11:21:40,ICBP,RG,8200,7,F,YU,HP,D
11:21:34,ICBP,RG,8200,1,F,ZP,HP,D
11:21:34,ICBP,RG,8175,1,D,YP,BB,D
11:21:32,ICBP,RG,8175,6,D,YP,DX,D
11:21:32,ICBP,RG,8175,2,D,YP,BB,D
11:21:32,ICBP,RG,8175,1,D,YP,BB,D
11:21:31,ICBP,RG,8200,3,F,ZP,HP,D
11:21:30,ICBP,RG,8200,22,F,AK,HP,D
11:21:30,ICBP,RG,8200,1,F,AK,HP,D
11:21:23,ICBP,RG,8200,2,D,GR,HP,D
11:21:19,ICBP,RG,8175,1,D,YP,BB,D
11:21:19,ICBP,RG,8200,1,F,AK,HP,D
11:21:18,ICBP,RG,8175,2,D,YP,BB,D
11:21:18,ICBP,RG,8200,3,F,ZP,HP,D
11:21:17,ICBP,RG,8175,1,D,YP,BB,D
11:21:17,ICBP,RG,8175,2,D,YP,BB,D
11:21:16,ICBP,RG,8175,23,D,YP,AK,D
11:21:16,ICBP,RG,8200,3,F,ZP,HP,D
11:21:15,ICBP,RG,8175,28,D,YP,AK,D
11:21:07,ICBP,RG,8175,2,D,YP,XC,D
11:21:01,ICBP,RG,8175,1,D,YP,XC,D
11:20:47,ICBP,RG,8175,1,D,YP,BB,D
11:20:43,ICBP,RG,8200,2,F,ZP,HP,D
11:20:43,ICBP,RG,8175,1,D,YP,BB,D
11:20:42,ICBP,RG,8175,1,D,YP,BB,D
11:20:41,ICBP,RG,8175,9,D,YP,BB,D
11:20:41,ICBP,RG,8175,1,D,YP,BB,D
11:20:41,ICBP,RG,8175,6,D,YP,AK,D
11:20:40,ICBP,RG,8200,9,F,ZP,HP,D
11:20:40,ICBP,RG,8200,3,F,ZP,BB,D
11:20:40,ICBP,RG,8175,100,D,YP,GR,D
11:20:03,ICBP,RG,8175,1,D,YP,BB,D
11:19:48,ICBP,RG,8200,3,D,DX,BB,D
11:19:43,ICBP,RG,8200,1,F,ZP,BB,D
11:19:43,ICBP,RG,8175,1,D,YP,BB,D
11:19:42,ICBP,RG,8175,1,D,YP,BB,D
11:19:41,ICBP,RG,8200,5,D,YP,BB,D
11:19:38,ICBP,RG,8175,3,D,YP,BB,D
11:19:37,ICBP,RG,8200,5,F,ZP,BB,D
11:19:36,ICBP,RG,8175,36,D,YP,KZ,F
11:19:36,ICBP,RG,8175,1,D,PD,KZ,F
11:19:36,ICBP,RG,8175,3,D,PD,KZ,F
11:19:20,ICBP,RG,8200,1,D,PD,BB,D
11:19:11,ICBP,RG,8175,1,D,PD,BB,D
11:19:10,ICBP,RG,8175,1,D,PD,BB,D
11:19:09,ICBP,RG,8175,1,D,CC,BB,D
11:19:09,ICBP,RG,8200,1,F,ZP,BB,D
11:19:08,ICBP,RG,8175,6,D,PP,DX,D
11:19:07,ICBP,RG,8200,1,F,ZP,BB,D
11:19:07,ICBP,RG,8200,5,D,DX,BB,D
11:19:04,ICBP,RG,8175,2,D,PP,YP,D
11:18:55,ICBP,RG,8175,1,D,PP,CC,D
11:18:45,ICBP,RG,8175,3,D,PP,AK,F
11:18:45,ICBP,RG,8200,1,F,ZP,BB,D
11:18:44,ICBP,RG,8175,1,D,SQ,BB,D
11:18:43,ICBP,RG,8175,1,D,SQ,CC,D
11:18:43,ICBP,RG,8175,1,F,AK,CC,D
11:18:28,ICBP,RG,8175,2,D,DX,PD,D
11:18:18,ICBP,RG,8175,2,D,DX,PD,D
11:18:18,ICBP,RG,8175,1,D,XC,PD,D
11:18:08,ICBP,RG,8175,1,D,XC,BB,D
11:18:07,ICBP,RG,8200,2,F,ZP,BB,D
11:18:05,ICBP,RG,8200,2,D,PP,BB,D
11:18:05,ICBP,RG,8200,2,D,PP,PD,D
11:18:05,ICBP,RG,8200,8,D,PP,RX,F
11:17:58,ICBP,RG,8175,2,D,NI,PD,D
11:17:52,ICBP,RG,8175,1,D,NI,BB,D
11:17:52,ICBP,RG,8175,2,D,NI,BB,D
11:17:52,ICBP,RG,8175,1,F,AK,BB,D
11:17:51,ICBP,RG,8200,1,F,ZP,RX,F
11:17:49,ICBP,RG,8200,10,F,ZP,RX,F
11:17:49,ICBP,RG,8175,1,D,CC,BB,D
11:17:49,ICBP,RG,8175,1,D,CC,BB,D
11:17:49,ICBP,RG,8175,11,D,ES,BB,D
11:17:49,ICBP,RG,8175,3,D,ES,BB,D
11:17:48,ICBP,RG,8175,2,D,ES,PD,D
11:17:48,ICBP,RG,8200,8,F,ZP,RX,F
11:17:47,ICBP,RG,8175,4,D,ES,AK,D
11:17:47,ICBP,RG,8175,4,D,XC,AK,D
11:17:47,ICBP,RG,8175,1,F,AK,AK,D
11:17:47,ICBP,RG,8175,50,D,DH,AK,D
11:17:47,ICBP,RG,8175,10,D,GR,AK,D
11:17:47,ICBP,RG,8175,6,D,LG,AK,D
11:17:47,ICBP,RG,8175,1,D,YP,AK,D
11:17:47,ICBP,RG,8175,7,D,KK,AK,D
11:17:46,ICBP,RG,8175,53,D,KK,AK,D
11:17:46,ICBP,RG,8175,6,D,PD,AK,D
11:17:46,ICBP,RG,8175,1,D,PD,AK,D
11:17:46,ICBP,RG,8175,1,D,NI,AK,D
11:17:46,ICBP,RG,8175,1,D,YP,AK,D
11:17:46,ICBP,RG,8175,8,D,DH,AK,D
11:17:38,ICBP,RG,8175,2,D,DH,PD,D
11:17:31,ICBP,RG,8175,1,D,DH,BB,D
11:17:30,ICBP,RG,8200,1,F,ZP,RX,F
11:17:28,ICBP,RG,8175,2,D,DH,PD,D
11:17:26,ICBP,RG,8200,3,D,DX,RX,F
11:17:26,ICBP,RG,8200,1,D,DX,BB,D
11:17:18,ICBP,RG,8175,2,D,DH,PD,D
11:17:10,ICBP,RG,8200,1,F,ZP,BB,D
11:17:08,ICBP,RG,8175,2,D,DH,PD,D
11:17:01,ICBP,RG,8175,1,D,DH,BB,D
11:17:00,ICBP,RG,8175,1,D,DH,AK,F
11:16:59,ICBP,RG,8200,3,D,PD,BB,D
11:16:59,ICBP,RG,8200,2,D,PD,BB,D
11:16:58,ICBP,RG,8175,2,D,DH,PD,D
11:16:48,ICBP,RG,8175,2,D,DH,PD,D
11:16:46,ICBP,RG,8175,1,D,DH,BB,D
11:16:40,ICBP,RG,8200,2,F,ZP,BB,D
11:16:39,ICBP,RG,8175,1,D,DH,BB,D
11:16:39,ICBP,RG,8175,7,D,DH,DX,D
11:16:38,ICBP,RG,8175,1,D,DH,BB,D
11:16:38,ICBP,RG,8175,2,D,DH,PD,D
11:16:35,ICBP,RG,8175,3,D,DH,YP,D
11:16:28,ICBP,RG,8175,1,D,DH,BB,D
11:16:28,ICBP,RG,8200,3,F,ZP,BB,D
11:16:28,ICBP,RG,8175,2,D,DH,PD,D
11:16:27,ICBP,RG,8175,9,D,DH,RX,F
11:16:27,ICBP,RG,8175,1,D,PD,RX,F
11:16:27,ICBP,RG,8175,1,D,GR,RX,F
11:16:27,ICBP,RG,8175,2,D,NI,RX,F
11:16:27,ICBP,RG,8175,1,D,YP,RX,F
11:16:27,ICBP,RG,8175,9,D,YP,RX,F
11:16:27,ICBP,RG,8200,1,F,ZP,BB,D
11:16:26,ICBP,RG,8175,1,D,YP,PD,D
11:16:26,ICBP,RG,8175,1,D,YP,PD,D
11:16:18,ICBP,RG,8175,2,D,YP,PD,D
11:16:08,ICBP,RG,8175,2,D,YP,PD,D
11:15:58,ICBP,RG,8175,2,D,YP,PD,D
11:15:55,ICBP,RG,8175,3,D,YP,PD,D
11:15:52,ICBP,RG,8200,2,D,YP,BB,D
11:15:51,ICBP,RG,8175,1,D,YP,BB,D
11:15:51,ICBP,RG,8200,7,F,ZP,BB,D
11:15:50,ICBP,RG,8175,53,D,YP,BB,D
11:15:48,ICBP,RG,8175,1,D,YP,BB,D
11:15:48,ICBP,RG,8175,2,D,YP,PD,D
11:15:38,ICBP,RG,8175,2,D,YP,PD,D
11:15:30,ICBP,RG,8200,1,F,ZP,BB,D
11:15:28,ICBP,RG,8175,2,D,YP,PD,D
11:15:27,ICBP,RG,8175,2,D,YP,CC,D
11:15:24,ICBP,RG,8175,2,D,YP,PD,D
11:15:20,ICBP,RG,8200,1,D,XC,BB,D
11:15:18,ICBP,RG,8175,2,D,YP,PD,D
11:15:09,ICBP,RG,8200,1,F,ZP,BB,D
11:15:08,ICBP,RG,8175,2,D,YP,PD,D
11:14:58,ICBP,RG,8200,3,D,DX,BB,D
11:14:58,ICBP,RG,8175,2,D,YP,PD,D
11:14:54,ICBP,RG,8175,2,D,YP,PD,D
11:14:49,ICBP,RG,8200,1,F,ZP,BB,D
11:14:48,ICBP,RG,8175,2,D,YP,PD,D
11:14:42,ICBP,RG,8175,6,D,YP,RX,F
11:14:38,ICBP,RG,8175,2,D,YP,PD,D
11:14:28,ICBP,RG,8175,2,D,YP,PD,D
11:14:25,ICBP,RG,8200,2,F,ZP,BB,D
11:14:25,ICBP,RG,8200,1,F,ZP,PD,D
11:14:24,ICBP,RG,8175,1,D,PD,BB,D
11:14:24,ICBP,RG,8175,10,D,EP,AK,D
11:14:24,ICBP,RG,8175,6,D,EP,RX,F
11:14:23,ICBP,RG,8175,2,D,EP,PD,D
11:14:18,ICBP,RG,8175,2,D,EP,PD,D
11:14:09,ICBP,RG,8175,6,D,EP,DX,D
11:14:09,ICBP,RG,8200,2,F,ZP,AK,D
11:14:08,ICBP,RG,8175,2,D,EP,PD,D
11:14:07,ICBP,RG,8175,11,D,EP,RX,F
11:13:59,ICBP,RG,8200,1,D,YP,AK,D
11:13:58,ICBP,RG,8175,2,D,EP,PD,D
11:13:54,ICBP,RG,8200,1,F,ZP,AK,D
11:13:53,ICBP,RG,8175,2,D,EP,PD,D
11:13:48,ICBP,RG,8175,2,D,EP,PD,D
11:13:38,ICBP,RG,8175,2,D,EP,PD,D
11:13:34,ICBP,RG,8175,6,D,EP,RX,F
11:13:30,ICBP,RG,8200,8,F,ZP,AK,D
11:13:29,ICBP,RG,8175,2,D,EP,BB,D
11:13:28,ICBP,RG,8175,63,D,EP,BB,D
11:13:28,ICBP,RG,8175,2,D,EP,PD,D
11:13:22,ICBP,RG,8175,2,D,EP,PD,D
11:13:18,ICBP,RG,8175,2,D,EP,PD,D
11:13:18,ICBP,RG,8200,2,F,ZP,AK,D
11:13:16,ICBP,RG,8175,1,D,EP,RX,F
11:13:16,ICBP,RG,8175,11,D,EP,RX,F
11:13:08,ICBP,RG,8175,2,D,EP,PD,D
11:12:58,ICBP,RG,8175,2,D,EP,PD,D
11:12:54,ICBP,RG,8200,1,F,ZP,AK,D
11:12:52,ICBP,RG,8175,2,D,EP,PD,D
11:12:48,ICBP,RG,8175,2,D,EP,PD,D
11:12:38,ICBP,RG,8175,2,D,EP,PD,D
11:12:28,ICBP,RG,8200,1,F,ZP,AK,D
11:12:28,ICBP,RG,8175,2,D,EP,PD,D
11:12:27,ICBP,RG,8200,3,D,DX,AK,D
11:12:21,ICBP,RG,8175,2,D,EP,PD,D
11:12:18,ICBP,RG,8175,2,D,EP,PD,D
11:12:08,ICBP,RG,8175,2,D,EP,PD,D
11:11:58,ICBP,RG,8175,2,D,EP,PD,D
11:11:51,ICBP,RG,8175,1,D,EP,BB,D
11:11:51,ICBP,RG,8175,2,D,EP,PD,D
11:11:51,ICBP,RG,8200,2,F,ZP,AK,D
11:11:50,ICBP,RG,8200,1,D,IF,AK,D
11:11:50,ICBP,RG,8175,6,D,EP,DX,D
11:11:48,ICBP,RG,8175,2,D,EP,PD,D
11:11:39,ICBP,RG,8200,1,D,PD,AK,D
11:11:38,ICBP,RG,8175,2,D,EP,PD,D
11:11:28,ICBP,RG,8175,2,D,EP,PD,D
11:11:21,ICBP,RG,8200,1,F,ZP,AK,D
11:11:20,ICBP,RG,8175,2,D,EP,PD,D
11:11:18,ICBP,RG,8175,2,D,EP,PD,D
11:11:13,ICBP,RG,8175,1,D,EP,CC,D
11:11:09,ICBP,RG,8175,1,D,EP,BB,D
11:11:09,ICBP,RG,8200,7,F,ZP,AK,D
11:11:08,ICBP,RG,8175,2,D,EP,PD,D
11:11:07,ICBP,RG,8175,61,D,EP,BB,D
11:10:58,ICBP,RG,8175,2,D,EP,PD,D
11:10:51,ICBP,RG,8200,1,F,ZP,AK,D
11:10:50,ICBP,RG,8175,2,D,EP,PD,D
11:10:48,ICBP,RG,8175,2,D,EP,PD,D
11:10:38,ICBP,RG,8175,2,D,EP,PD,D
11:10:30,ICBP,RG,8175,3,D,EP,CC,D
11:10:28,ICBP,RG,8200,1,F,ZP,AK,F
11:10:28,ICBP,RG,8175,2,D,EP,PD,D
11:10:19,ICBP,RG,8175,1,D,EP,PD,D
11:10:18,ICBP,RG,8175,2,D,EP,PD,D
11:10:09,ICBP,RG,8175,1,D,EP,BB,D
11:10:09,ICBP,RG,8200,1,F,ZP,PD,D
11:10:08,ICBP,RG,8175,2,D,EP,PD,D
11:10:07,ICBP,RG,8200,3,D,DX,AK,D
11:10:03,ICBP,RG,8200,2,D,PD,AK,D
11:09:58,ICBP,RG,8175,2,D,EP,PD,D
11:09:56,ICBP,RG,8200,1,D,XC,AK,D
11:09:49,ICBP,RG,8200,1,F,ZP,AK,D
11:09:49,ICBP,RG,8175,2,D,EP,PD,D
11:09:48,ICBP,RG,8175,2,D,EP,PD,D
11:09:38,ICBP,RG,8175,2,D,EP,PD,D
11:09:28,ICBP,RG,8175,2,D,EP,PD,D
11:09:25,ICBP,RG,8200,1,F,ZP,AK,D
11:09:23,ICBP,RG,8175,7,D,EP,DX,D
11:09:18,ICBP,RG,8175,2,D,EP,PD,D
11:09:18,ICBP,RG,8175,2,D,EP,PD,D
11:09:08,ICBP,RG,8175,2,D,EP,PD,D
11:08:58,ICBP,RG,8175,2,D,EP,PD,D
11:08:51,ICBP,RG,8175,1,D,EP,BB,D
11:08:51,ICBP,RG,8200,7,F,ZP,AK,D
11:08:49,ICBP,RG,8175,60,D,EP,BB,D
11:08:49,ICBP,RG,8200,1,F,ZP,AK,D
11:08:48,ICBP,RG,8175,2,D,EP,PD,D
11:08:48,ICBP,RG,8175,2,D,EP,PD,D
11:08:38,ICBP,RG,8175,2,D,EP,PD,D
11:08:28,ICBP,RG,8175,2,D,EP,PD,D
11:08:20,ICBP,RG,8175,1,D,EP,BB,D
11:08:19,ICBP,RG,8200,1,F,ZP,AK,D
11:08:18,ICBP,RG,8175,2,D,EP,PD,D
11:08:17,ICBP,RG,8175,2,D,EP,PD,D
11:08:08,ICBP,RG,8175,2,D,EP,PD,D
11:07:58,ICBP,RG,8175,2,D,EP,PD,D
11:07:49,ICBP,RG,8200,1,F,ZP,AK,D
11:07:48,ICBP,RG,8175,2,D,EP,PD,D
11:07:47,ICBP,RG,8175,2,D,EP,PD,D
11:07:43,ICBP,RG,8200,3,D,DX,AK,D
11:07:38,ICBP,RG,8175,2,D,EP,PD,D
11:07:30,ICBP,RG,8200,1,F,ZP,AK,D
11:07:28,ICBP,RG,8175,3,D,EP,PD,D
11:07:18,ICBP,RG,8175,2,D,EP,PD,D
11:07:16,ICBP,RG,8175,2,D,EP,PD,D
11:07:08,ICBP,RG,8175,2,D,EP,PD,D
11:07:00,ICBP,RG,8200,1,F,ZP,AK,D
11:06:58,ICBP,RG,8175,2,D,EP,PD,D
11:06:51,ICBP,RG,8175,6,D,EP,DX,D
11:06:48,ICBP,RG,8175,2,D,EP,PD,D
11:06:48,ICBP,RG,8200,1,F,ZP,AK,D
11:06:46,ICBP,RG,8175,2,D,EP,PD,D
11:06:38,ICBP,RG,8175,2,D,EP,PD,D
11:06:36,ICBP,RG,8200,2,F,ZP,AK,D
11:06:36,ICBP,RG,8200,3,F,ZP,AK,D
11:06:36,ICBP,RG,8200,2,F,ZP,KZ,F
11:06:36,ICBP,RG,8175,2,D,EP,BB,D
11:06:34,ICBP,RG,8175,63,D,EP,BB,D
11:06:28,ICBP,RG,8175,2,D,EP,PD,D
11:06:19,ICBP,RG,8200,1,F,ZP,KZ,F
11:06:18,ICBP,RG,8175,2,D,EP,PD,D
11:06:15,ICBP,RG,8175,2,D,EP,PD,D
11:06:08,ICBP,RG,8175,2,D,EP,PD,D
11:05:58,ICBP,RG,8175,2,D,EP,PD,D
11:05:50,ICBP,RG,8175,2,D,EP,CC,D
11:05:49,ICBP,RG,8200,1,F,ZP,KZ,F
11:05:48,ICBP,RG,8175,2,D,EP,PD,D
11:05:45,ICBP,RG,8175,2,D,EP,PD,D
11:05:38,ICBP,RG,8175,2,D,EP,PD,D
11:05:28,ICBP,RG,8175,2,D,EP,PD,D
11:05:19,ICBP,RG,8200,1,F,ZP,KZ,F
11:05:18,ICBP,RG,8175,2,D,EP,PD,D
11:05:14,ICBP,RG,8175,2,D,EP,PD,D
11:05:12,ICBP,RG,8200,4,D,DX,KZ,F
11:05:08,ICBP,RG,8175,2,D,EP,PD,D
11:05:00,ICBP,RG,8200,1,F,ZP,KZ,F
11:04:58,ICBP,RG,8175,2,D,EP,PD,D
11:04:48,ICBP,RG,8175,2,D,EP,PD,D
11:04:44,ICBP,RG,8175,2,D,EP,PD,D
11:04:38,ICBP,RG,8175,2,D,EP,PD,D
11:04:30,ICBP,RG,8200,1,F,ZP,KZ,F
11:04:28,ICBP,RG,8175,2,D,EP,PD,D
11:04:22,ICBP,RG,8175,1,D,EP,BB,D
11:04:22,ICBP,RG,8175,6,D,EP,DX,D
11:04:21,ICBP,RG,8200,1,F,ZP,KZ,F
11:04:20,ICBP,RG,8200,3,D,PD,KZ,F
11:04:20,ICBP,RG,8175,2,D,EP,EP,D
11:04:18,ICBP,RG,8175,2,D,EP,PD,D
11:04:13,ICBP,RG,8200,1,F,ZP,KZ,F
11:04:13,ICBP,RG,8175,1,D,EP,PD,D
11:04:12,ICBP,RG,8200,1,F,ZP,KZ,F
11:04:11,ICBP,RG,8175,11,D,EP,BB,D
11:04:09,ICBP,RG,8200,5,D,PD,KZ,F
11:04:08,ICBP,RG,8175,2,D,EP,PD,D
11:03:58,ICBP,RG,8175,2,D,EP,PD,D
11:03:54,ICBP,RG,8200,6,F,ZP,KZ,F
11:03:52,ICBP,RG,8200,13,D,GR,KZ,F
11:03:52,ICBP,RG,8200,1,D,GR,PD,D
11:03:52,ICBP,RG,8200,1,D,GR,BB,D
11:03:52,ICBP,RG,8200,14,D,GR,PD,D
11:03:52,ICBP,RG,8200,21,D,GR,RX,F
11:03:48,ICBP,RG,8175,2,D,EP,PD,D
11:03:43,ICBP,RG,8175,2,D,EP,PD,D
11:03:36,ICBP,RG,8200,1,F,ZP,PD,D
11:03:34,ICBP,RG,8200,1,D,YP,PD,D
11:03:34,ICBP,RG,8200,4,D,YP,BB,D
11:03:28,ICBP,RG,8175,2,D,EP,PD,D
11:03:18,ICBP,RG,8175,2,D,EP,PD,D
11:03:12,ICBP,RG,8175,2,D,EP,PD,D
11:03:09,ICBP,RG,8200,1,F,ZP,BB,D
11:03:08,ICBP,RG,8175,2,D,EP,PD,D
11:02:58,ICBP,RG,8175,1,D,EP,BB,D
11:02:58,ICBP,RG,8175,2,D,EP,PD,D
11:02:49,ICBP,RG,8200,3,D,DX,BB,D
11:02:49,ICBP,RG,8200,1,F,ZP,BB,D
11:02:48,ICBP,RG,8175,2,D,EP,PD,D
11:02:42,ICBP,RG,8175,2,D,EP,PD,D
11:02:38,ICBP,RG,8175,2,D,EP,PD,D
11:02:28,ICBP,RG,8175,2,D,EP,PD,D
11:02:18,ICBP,RG,8175,2,D,EP,PD,D
11:02:12,ICBP,RG,8200,1,F,ZP,BB,D
11:02:11,ICBP,RG,8200,1,D,NI,BB,D
11:02:11,ICBP,RG,8175,2,D,EP,PD,D
11:02:08,ICBP,RG,8175,2,D,EP,PD,D
11:01:58,ICBP,RG,8175,2,D,EP,PD,D
11:01:54,ICBP,RG,8200,3,F,ZP,EP,D
11:01:51,ICBP,RG,8175,23,D,EP,BB,D
11:01:48,ICBP,RG,8175,2,D,EP,PD,D
11:01:41,ICBP,RG,8175,1,D,EP,PD,D
11:01:38,ICBP,RG,8175,2,D,EP,PD,D
11:01:28,ICBP,RG,8175,2,D,EP,PD,D
11:01:25,ICBP,RG,8175,1,D,EP,BB,D
11:01:24,ICBP,RG,8175,1,D,EP,OD,D
11:01:21,ICBP,RG,8200,2,F,ZP,EP,D
11:01:19,ICBP,RG,8200,5,D,PP,EP,D
11:01:19,ICBP,RG,8200,6,D,PP,DX,D
11:01:19,ICBP,RG,8200,1,D,PP,PD,D
11:01:18,ICBP,RG,8175,2,D,EP,PD,D
11:01:10,ICBP,RG,8175,1,D,EP,PD,D
11:01:08,ICBP,RG,8175,2,D,EP,PD,D
11:01:04,ICBP,RG,8175,1,D,EP,PD,D
11:01:01,ICBP,RG,8200,1,F,ZP,PD,D
11:01:01,ICBP,RG,8200,2,F,ZP,CC,D
11:01:00,ICBP,RG,8200,1,F,ZP,CC,D
11:00:59,ICBP,RG,8175,24,D,EP,BB,D
11:00:58,ICBP,RG,8175,2,D,EP,PD,D
11:00:48,ICBP,RG,8175,2,D,EP,PD,D
11:00:40,ICBP,RG,8175,2,D,EP,PD,D
11:00:39,ICBP,RG,8175,1,D,EP,BB,D
11:00:38,ICBP,RG,8175,2,D,EP,PD,D
11:00:30,ICBP,RG,8200,1,F,ZP,CC,D
11:00:29,ICBP,RG,8175,2,D,EP,PD,D
11:00:19,ICBP,RG,8175,2,D,EP,PD,D
11:00:10,ICBP,RG,8175,2,D,EP,PD,D
11:00:07,ICBP,RG,8200,2,F,ZP,PD,D
11:00:06,ICBP,RG,8175,20,D,EP,BB,D
10:59:59,ICBP,RG,8175,2,D,EP,PD,D
10:59:49,ICBP,RG,8175,1,D,EP,PD,D
10:59:49,ICBP,RG,8175,1,D,EP,PD,D
10:59:39,ICBP,RG,8175,2,D,EP,PD,D
10:59:38,ICBP,RG,8175,2,D,EP,DX,D
10:59:37,ICBP,RG,8200,1,F,ZP,DX,D
10:59:37,ICBP,RG,8200,1,F,ZP,DX,D
10:59:37,ICBP,RG,8200,1,D,XC,DX,D
10:59:37,ICBP,RG,8200,1,D,YP,DX,D
10:59:25,ICBP,RG,8200,1,D,YP,BB,D
10:59:24,ICBP,RG,8225,2,D,PD,PD,D
10:59:24,ICBP,RG,8225,2,D,PD,PD,D
10:59:24,ICBP,RG,8225,2,D,PD,PD,D
10:59:19,ICBP,RG,8200,3,D,YP,BB,D
10:59:19,ICBP,RG,8200,2,F,YU,BB,D
10:59:19,ICBP,RG,8200,2,D,CC,BB,D
10:59:19,ICBP,RG,8200,1,D,XC,BB,D
10:59:19,ICBP,RG,8200,2,F,ZP,BB,D
10:59:19,ICBP,RG,8200,1,D,PD,BB,D
10:59:19,ICBP,RG,8200,4,D,DX,BB,D
10:59:19,ICBP,RG,8200,8,D,CC,BB,D
10:59:19,ICBP,RG,8200,1,D,OD,BB,D
10:59:19,ICBP,RG,8200,2,D,OD,PD,D
10:59:09,ICBP,RG,8200,2,D,OD,PD,D
10:59:09,ICBP,RG,8200,1,F,ZP,PD,D
10:59:09,ICBP,RG,8200,1,D,YP,PD,D
10:58:59,ICBP,RG,8200,2,D,YP,PD,D
10:58:49,ICBP,RG,8200,2,D,YP,PD,D
10:58:39,ICBP,RG,8200,2,D,YP,PD,D
10:58:39,ICBP,RG,8200,2,D,YP,PD,D
10:58:29,ICBP,RG,8200,1,D,YP,PD,D
10:58:29,ICBP,RG,8200,1,D,CC,PD,D
10:58:25,ICBP,RG,8200,4,D,CC,BB,D
10:58:25,ICBP,RG,8200,2,F,YU,BB,D
10:58:25,ICBP,RG,8200,15,F,AK,BB,D
10:58:22,ICBP,RG,8200,1,F,AK,BB,D
10:58:19,ICBP,RG,8200,2,F,AK,PD,D
10:58:09,ICBP,RG,8200,1,F,AK,PD,D
10:58:09,ICBP,RG,8200,1,F,AK,PD,D
10:58:06,ICBP,RG,8225,3,F,YU,AK,F
10:58:06,ICBP,RG,8225,2,D,PD,AK,F
10:58:06,ICBP,RG,8225,2,D,NI,AK,F
10:58:06,ICBP,RG,8225,3,F,YU,AK,F
10:58:06,ICBP,RG,8225,1,D,CC,AK,F
10:58:06,ICBP,RG,8225,2,F,YU,AK,F
10:58:06,ICBP,RG,8225,2,F,YU,AK,F
10:58:06,ICBP,RG,8225,3,F,YU,AK,F
10:58:06,ICBP,RG,8225,4,F,YU,AK,F
10:58:06,ICBP,RG,8225,25,F,AK,AK,F
10:58:06,ICBP,RG,8225,1,F,AK,AK,F
10:57:59,ICBP,RG,8225,1,D,SQ,BB,D
10:57:59,ICBP,RG,8225,2,D,SQ,PD,D
10:57:57,ICBP,RG,8250,3,D,DX,HP,D
10:57:49,ICBP,RG,8225,2,D,SQ,PD,D
10:57:39,ICBP,RG,8225,21,D,SQ,BB,D
10:57:39,ICBP,RG,8225,2,D,SQ,PD,D
10:57:38,ICBP,RG,8225,2,D,SQ,PD,D
10:57:29,ICBP,RG,8225,2,D,SQ,PD,D
10:57:22,ICBP,RG,8225,1,D,SQ,YP,D
10:57:19,ICBP,RG,8225,2,D,SQ,PD,D
10:57:17,ICBP,RG,8225,1,D,SQ,DH,D
10:57:10,ICBP,RG,8225,6,D,SQ,DX,D
10:57:09,ICBP,RG,8225,2,D,SQ,PD,D
10:57:07,ICBP,RG,8225,2,D,SQ,PD,D
10:57:00,ICBP,RG,8225,1,D,SQ,BB,D
10:56:59,ICBP,RG,8225,3,D,SQ,DH,D
10:56:59,ICBP,RG,8225,2,D,SQ,PD,D
10:56:49,ICBP,RG,8225,24,D,SQ,BB,D
10:56:49,ICBP,RG,8225,2,D,SQ,PD,D
10:56:39,ICBP,RG,8225,3,D,SQ,PD,D
10:56:37,ICBP,RG,8225,2,D,SQ,PD,D
10:56:32,ICBP,RG,8225,4,D,SQ,CC,D
10:56:29,ICBP,RG,8225,2,D,SQ,PD,D
10:56:19,ICBP,RG,8225,2,D,SQ,PD,D
10:56:09,ICBP,RG,8225,2,D,SQ,PD,D
10:56:06,ICBP,RG,8225,2,D,SQ,PD,D
10:56:05,ICBP,RG,8250,5,D,NI,HP,D
10:55:59,ICBP,RG,8225,2,D,SQ,PD,D
10:55:59,ICBP,RG,8225,1,D,SQ,BB,D
10:55:56,ICBP,RG,8225,21,D,SQ,BB,D
10:55:55,ICBP,RG,8225,1,D,SQ,LG,D
10:55:49,ICBP,RG,8225,2,D,SQ,PD,D
10:55:39,ICBP,RG,8225,2,D,SQ,PD,D
10:55:36,ICBP,RG,8225,2,D,SQ,PD,D
10:55:29,ICBP,RG,8250,3,D,DX,HP,D
10:55:29,ICBP,RG,8225,2,D,SQ,PD,D
10:55:24,ICBP,RG,8225,1,D,SQ,LG,D
10:55:19,ICBP,RG,8225,2,D,SQ,PD,D
10:55:09,ICBP,RG,8225,20,D,SQ,BB,D
10:55:09,ICBP,RG,8225,2,D,SQ,PD,D
10:55:05,ICBP,RG,8225,2,D,SQ,PD,D
10:54:59,ICBP,RG,8225,2,D,SQ,PD,D
10:54:58,ICBP,RG,8225,1,D,SQ,LG,D
10:54:54,ICBP,RG,8250,1,D,XC,HP,D
10:54:49,ICBP,RG,8225,2,D,SQ,PD,D
10:54:39,ICBP,RG,8225,2,D,SQ,PD,D
10:54:35,ICBP,RG,8225,2,D,SQ,PD,D
10:54:29,ICBP,RG,8225,2,D,SQ,PD,D
10:54:26,ICBP,RG,8225,39,D,SQ,KZ,F
10:54:25,ICBP,RG,8225,1,D,SQ,YP,D
10:54:23,ICBP,RG,8225,22,D,SQ,BB,D
10:54:19,ICBP,RG,8225,2,D,SQ,PD,D
10:54:09,ICBP,RG,8225,2,D,SQ,PD,D
10:54:04,ICBP,RG,8225,2,D,SQ,PD,D
10:54:02,ICBP,RG,8250,12,D,SQ,HP,D
10:53:58,ICBP,RG,8225,2,D,SQ,PD,D
10:53:49,ICBP,RG,8225,2,D,SQ,PD,D
10:53:39,ICBP,RG,8225,2,D,SQ,PD,D
10:53:33,ICBP,RG,8225,2,D,SQ,PD,D
10:53:33,ICBP,RG,8225,8,D,SQ,BB,D
10:53:29,ICBP,RG,8225,2,D,SQ,PD,D
10:53:19,ICBP,RG,8225,1,D,SQ,YP,D
10:53:18,ICBP,RG,8225,2,D,SQ,PD,D
10:53:10,ICBP,RG,8250,3,D,DX,HP,D
10:53:08,ICBP,RG,8225,2,D,SQ,PD,D
10:52:58,ICBP,RG,8225,2,D,SQ,PD,D
10:52:40,ICBP,RG,8225,13,D,SQ,RX,F
10:52:40,ICBP,RG,8225,24,D,SQ,AK,D
10:52:40,ICBP,RG,8225,2,D,SQ,AK,D
10:52:40,ICBP,RG,8225,2,D,SQ,PD,D
10:52:40,ICBP,RG,8225,1,D,SQ,BB,D
10:52:40,ICBP,RG,8225,6,D,SQ,DX,D
10:52:40,ICBP,RG,8225,2,D,SQ,PD,D
10:52:40,ICBP,RG,8225,28,D,SQ,AK,D
10:52:40,ICBP,RG,8225,1,D,SQ,AK,F
10:52:40,ICBP,RG,8225,2,D,SQ,AK,D
10:52:40,ICBP,RG,8225,27,D,SQ,AK,D
10:52:40,ICBP,RG,8225,6,D,SQ,AK,D
10:52:40,ICBP,RG,8225,51,D,SQ,KK,D
10:52:40,ICBP,RG,8225,129,D,SQ,BB,D
10:52:40,ICBP,RG,8225,2,D,SQ,PD,D
10:52:40,ICBP,RG,8225,15,D,SQ,NI,D
10:52:40,ICBP,RG,8225,1,D,SQ,XC,D
10:52:40,ICBP,RG,8225,136,D,SQ,CS,F
10:52:40,ICBP,RG,8225,14,D,SQ,BB,D
10:52:40,ICBP,RG,8225,34,D,SQ,BB,D
10:52:40,ICBP,RG,8225,3,D,SQ,CC,D
10:52:40,ICBP,RG,8225,1,D,SQ,DR,D
10:52:40,ICBP,RG,8225,1,D,SQ,XC,D
10:52:40,ICBP,RG,8225,1,D,SQ,XC,D
10:52:40,ICBP,RG,8225,1,D,SQ,PD,D
10:52:40,ICBP,RG,8225,10,D,SQ,GR,D
10:52:40,ICBP,RG,8225,1,D,SQ,KK,D
10:52:40,ICBP,RG,8225,3,D,SQ,SQ,D
10:52:40,ICBP,RG,8225,9,D,SQ,NI,D
10:52:40,ICBP,RG,8225,1,D,SQ,GR,D
10:52:40,ICBP,RG,8225,21,D,SQ,AK,D
10:52:40,ICBP,RG,8225,1,D,SQ,AK,F
10:52:40,ICBP,RG,8225,2,D,SQ,AK,D
10:52:40,ICBP,RG,8225,2,D,SQ,PD,D
10:52:40,ICBP,RG,8225,1,D,SQ,DH,D
10:52:40,ICBP,RG,8225,4,D,SQ,KZ,F
10:52:40,ICBP,RG,8225,56,D,SQ,AT,D
10:52:38,ICBP,RG,8200,2,D,SQ,PD,D
10:52:29,ICBP,RG,8200,1,D,SQ,BB,D
10:52:28,ICBP,RG,8200,1,D,SQ,BB,D
10:52:27,ICBP,RG,8200,1,D,SQ,BB,D
10:52:27,ICBP,RG,8200,2,D,SQ,BB,D
10:52:27,ICBP,RG,8200,2,D,SQ,PD,D
10:52:27,ICBP,RG,8200,2,D,SQ,BB,D
10:52:27,ICBP,RG,8200,2,D,SQ,PD,D
10:52:27,ICBP,RG,8200,5,D,SQ,IP,D
10:52:18,ICBP,RG,8175,2,D,EP,PD,D
10:52:09,ICBP,RG,8175,2,D,EP,PD,D
10:51:59,ICBP,RG,8200,5,D,YJ,IP,D
10:51:58,ICBP,RG,8175,2,D,EP,PD,D
10:51:50,ICBP,RG,8175,1,D,EP,BB,D
10:51:49,ICBP,RG,8175,2,D,EP,PD,D
10:51:44,ICBP,RG,8175,1,D,EP,XC,D
10:51:36,ICBP,RG,8200,2,D,DR,PD,D
10:51:36,ICBP,RG,8200,1,D,DR,PD,D
10:51:36,ICBP,RG,8200,1,D,DR,PD,D
10:51:32,ICBP,RG,8175,2,D,EP,PD,D
10:51:29,ICBP,RG,8175,1,D,EP,BB,D
10:51:28,ICBP,RG,8175,2,D,EP,PD,D
10:51:18,ICBP,RG,8175,2,D,EP,PD,D
10:51:08,ICBP,RG,8175,2,D,EP,PD,D
10:50:59,ICBP,RG,8175,1,D,EP,BB,D
10:50:58,ICBP,RG,8175,1,D,EP,PD,D
10:50:56,ICBP,RG,8175,1,D,EP,NI,D
10:50:50,ICBP,RG,8200,2,D,DX,PD,D
10:50:50,ICBP,RG,8200,1,D,DX,PD,D
10:50:48,ICBP,RG,8175,1,D,EP,PD,D
10:50:44,ICBP,RG,8200,1,D,YP,PD,D
10:50:40,ICBP,RG,8175,1,D,EP,BB,D
10:50:38,ICBP,RG,8175,6,D,EP,BB,D
10:50:38,ICBP,RG,8175,7,D,EP,BB,D
10:50:37,ICBP,RG,8200,11,F,ZP,BB,D
10:50:37,ICBP,RG,8200,3,F,ZP,BB,D
10:50:36,ICBP,RG,8200,38,F,ZP,AK,D
10:50:36,ICBP,RG,8200,2,F,ZP,AK,D
10:50:36,ICBP,RG,8200,25,F,ZP,AK,D
10:50:35,ICBP,RG,8175,5,D,EP,BB,D
10:50:35,ICBP,RG,8175,19,D,EP,BB,D
10:50:35,ICBP,RG,8200,3,F,AK,BB,D
10:50:35,ICBP,RG,8200,21,F,AK,AK,D
10:50:35,ICBP,RG,8200,2,F,AK,AK,D
10:50:35,ICBP,RG,8200,21,F,AK,AK,D
10:50:35,ICBP,RG,8200,2,F,AK,AK,D
10:50:35,ICBP,RG,8200,25,F,AK,AK,D
10:50:35,ICBP,RG,8200,1,F,AK,AK,F
10:50:35,ICBP,RG,8200,31,F,AK,AK,D
10:50:35,ICBP,RG,8200,1,F,AK,AK,F
10:50:35,ICBP,RG,8200,30,F,AK,BB,D
10:50:35,ICBP,RG,8200,5,F,AK,BB,D
10:50:35,ICBP,RG,8200,7,F,AK,DX,D
10:50:35,ICBP,RG,8200,1,F,AK,CC,D
10:50:35,ICBP,RG,8200,5,F,AK,YP,D
10:50:35,ICBP,RG,8200,3,F,AK,CC,D
10:50:35,ICBP,RG,8200,22,F,AK,AK,D
10:50:35,ICBP,RG,8200,2,F,AK,AK,D
10:50:35,ICBP,RG,8200,25,F,AK,AK,D
10:50:35,ICBP,RG,8200,1,F,AK,AK,F
10:50:35,ICBP,RG,8200,27,F,AK,CC,D
10:50:34,ICBP,RG,8200,240,F,BK,CC,D
10:50:34,ICBP,RG,8175,5,D,EP,BB,D
10:50:34,ICBP,RG,8200,29,F,ZP,CC,D
10:50:34,ICBP,RG,8175,21,D,EP,BB,D
10:50:33,ICBP,RG,8200,240,F,BK,CC,D
10:50:33,ICBP,RG,8175,4,D,EP,BB,D
10:50:33,ICBP,RG,8175,22,D,EP,BB,D
10:50:33,ICBP,RG,8200,27,F,ZP,CC,D
10:50:32,ICBP,RG,8200,49,F,BK,CC,D
10:50:32,ICBP,RG,8200,60,F,BK,GR,D
10:50:32,ICBP,RG,8200,6,F,BK,CC,D
10:50:32,ICBP,RG,8200,21,F,BK,AK,D
10:50:32,ICBP,RG,8200,104,F,BK,RX,F
10:50:31,ICBP,RG,8200,84,F,BK,RX,F
10:50:31,ICBP,RG,8200,2,F,BK,AK,D
10:50:31,ICBP,RG,8200,24,F,BK,AK,D
10:50:31,ICBP,RG,8200,2,F,BK,AK,D
10:50:31,ICBP,RG,8200,25,F,BK,AK,D
10:50:31,ICBP,RG,8200,29,F,BK,AK,D
10:50:31,ICBP,RG,8200,1,F,BK,AK,F
10:50:31,ICBP,RG,8200,1,F,BK,AK,F
10:50:31,ICBP,RG,8200,2,F,BK,PD,D
10:50:31,ICBP,RG,8200,2,F,BK,PD,D
10:50:31,ICBP,RG,8200,68,F,BK,BB,D
10:50:31,ICBP,RG,8175,2,D,EP,PD,D
10:50:30,ICBP,RG,8200,1,F,ZP,BB,D
10:50:28,ICBP,RG,8175,2,D,EP,PD,D
10:50:24,ICBP,RG,8175,1,D,EP,BB,D
10:50:23,ICBP,RG,8175,1,D,EP,BB,D
10:50:23,ICBP,RG,8175,1,D,EP,BB,D
10:50:22,ICBP,RG,8200,2,F,ZP,BB,D
10:50:21,ICBP,RG,8175,15,D,EP,BB,D
10:50:18,ICBP,RG,8175,2,D,EP,PD,D
