Time,Stock,Brd,Price,Qty,BT,BC,SC,ST
15:14:57,ICBP,RG,8650,25,D,KK,CC,F
15:14:55,ICBP,RG,8650,1,F,CS,CC,F
15:14:45,ICBP,RG,8650,1,F,CS,CC,F
15:14:36,ICBP,RG,8650,5,D,XC,CC,F
15:12:30,ICBP,RG,8650,1,F,CS,CC,F
15:12:20,ICBP,RG,8650,4,F,CS,CC,F
15:12:20,ICBP,RG,8650,20,D,YP,CC,F
15:09:00,ICBP,RG,8650,1,D,PD,CC,F
15:08:11,ICBP,RG,8650,2,F,CS,CC,F
15:08:07,ICBP,RG,8650,10,D,AO,CC,F
15:08:00,ICBP,RG,8650,1,F,CS,CC,F
15:07:50,ICBP,RG,8650,1,F,CS,CC,F
15:07:45,ICBP,RG,8650,1,D,DH,CC,F
15:07:45,ICBP,RG,8650,5,D,KK,CC,F
15:07:26,ICBP,RG,8650,1,D,PD,CC,F
15:07:19,ICBP,RG,8650,1,F,CS,CC,F
15:07:08,ICBP,RG,8650,3,F,CS,CC,F
15:07:04,ICBP,RG,8650,3,D,YB,CC,F
15:07:01,ICBP,RG,8650,13,D,YP,CC,F
15:06:47,ICBP,RG,8650,1,F,CS,CC,F
15:06:38,ICBP,RG,8650,5,D,KK,CC,F
15:05:24,ICBP,RG,8650,1,F,CS,CC,F
15:05:14,ICBP,RG,8650,4,F,CS,CC,F
15:05:10,ICBP,RG,8650,2,D,DH,CC,F
15:05:05,ICBP,RG,8650,16,F,CS,CC,F
15:05:03,ICBP,RG,8650,2,F,CS,CC,F
15:05:03,ICBP,RG,8650,81,D,CC,CC,F
15:05:02,ICBP,RG,8650,2,D,YP,CC,F
15:05:02,ICBP,RG,8650,3,D,PD,CC,F
15:05:02,ICBP,RG,8650,2,D,SQ,CC,F
15:05:00,ICBP,RG,8650,3,D,DR,CC,F
15:00:00,ICBP,RG,8650,1,D,XC,CC,F
15:00:00,ICBP,RG,8650,2,D,SQ,CC,F
15:00:00,ICBP,RG,8650,2,D,OD,CC,F
15:00:00,ICBP,RG,8650,1,D,XC,CC,F
15:00:00,ICBP,RG,8650,4,D,YP,CC,F
15:00:00,ICBP,RG,8650,1,F,AK,CC,F
15:00:00,ICBP,RG,8650,1,D,CC,CC,F
15:00:00,ICBP,RG,8650,10,D,DH,CC,F
15:00:00,ICBP,RG,8650,1,D,NI,CC,F
15:00:00,ICBP,RG,8650,10,D,PD,CC,F
15:00:00,ICBP,RG,8650,3,D,XC,CC,F
15:00:00,ICBP,RG,8650,195,D,YJ,CC,F
15:00:00,ICBP,RG,8650,12,D,YJ,YP,D
15:00:00,ICBP,RG,8650,1000,D,YJ,YU,D
15:00:00,ICBP,RG,8650,293,D,YJ,EP,D
15:00:00,ICBP,RG,8650,1,D,CC,EP,D
15:00:00,ICBP,RG,8650,1,D,GR,EP,D
15:00:00,ICBP,RG,8650,2,D,SQ,EP,D
15:00:00,ICBP,RG,8650,1,D,PD,EP,D
15:00:00,ICBP,RG,8650,10,D,NI,EP,D
15:00:00,ICBP,RG,8650,3,D,CC,EP,D
15:00:00,ICBP,RG,8650,1,D,NI,EP,D
15:00:00,ICBP,RG,8650,1,D,PD,EP,D
15:00:00,ICBP,RG,8650,5,D,SQ,EP,D
15:00:00,ICBP,RG,8650,1,D,PD,EP,D
15:00:00,ICBP,RG,8650,1,D,PD,EP,D
15:00:00,ICBP,RG,8650,1,D,XA,EP,D
15:00:00,ICBP,RG,8650,1,D,PD,EP,D
15:00:00,ICBP,RG,8650,5,D,YP,EP,D
15:00:00,ICBP,RG,8650,1,D,NI,EP,D
15:00:00,ICBP,RG,8650,72,D,SQ,EP,D
15:00:00,ICBP,RG,8650,28,D,SQ,CG,F
15:00:00,ICBP,RG,8650,100,D,YP,CG,F
15:00:00,ICBP,RG,8650,100,D,GR,CG,F
15:00:00,ICBP,RG,8650,617,D,FS,CG,F
15:00:00,ICBP,RG,8650,1,D,PD,CG,F
15:00:00,ICBP,RG,8650,45,D,NI,CG,F
15:00:00,ICBP,RG,8650,65,D,NI,CG,F
15:00:00,ICBP,RG,8650,100,D,KK,CG,F
15:00:00,ICBP,RG,8650,1,D,YP,CG,F
15:00:00,ICBP,RG,8650,25,D,DH,CG,F
15:00:00,ICBP,RG,8650,1,D,XC,CG,F
15:00:00,ICBP,RG,8650,1,D,SQ,CG,F
15:00:00,ICBP,RG,8650,1,D,YP,CG,F
15:00:00,ICBP,RG,8650,1,D,KK,CG,F
15:00:00,ICBP,RG,8650,5,D,PD,CG,F
15:00:00,ICBP,RG,8650,1,D,NI,CG,F
15:00:00,ICBP,RG,8650,4,D,NI,CG,F
15:00:00,ICBP,RG,8650,10,D,YP,CG,F
15:00:00,ICBP,RG,8650,2,D,PD,CG,F
15:00:00,ICBP,RG,8650,1,D,YP,CG,F
15:00:00,ICBP,RG,8650,3,D,PD,CG,F
15:00:00,ICBP,RG,8650,2,D,YJ,CG,F
15:00:00,ICBP,RG,8650,3,D,CC,CG,F
15:00:00,ICBP,RG,8650,24,F,BK,CG,F
15:00:00,ICBP,RG,8650,99,F,BK,CS,F
15:00:00,ICBP,RG,8650,19,F,CS,CS,F
15:00:00,ICBP,RG,8650,172,F,CS,OD,D
15:00:00,ICBP,RG,8650,12,F,CS,KZ,D
15:00:00,ICBP,RG,8650,8,F,CS,AK,F
15:00:00,ICBP,RG,8650,16,F,CS,AK,F
15:00:00,ICBP,RG,8650,938,F,CS,BB,D
15:00:00,ICBP,RG,8650,12,F,AK,BB,D
15:00:00,ICBP,RG,8650,50,F,YU,BB,D
15:00:00,ICBP,RG,8650,94,F,YU,LG,D
15:00:00,ICBP,RG,8650,9,D,OD,LG,D
15:00:00,ICBP,RG,8650,14,D,OD,AK,F
15:00:00,ICBP,RG,8650,26,D,OD,AK,F
14:49:50,ICBP,RG,8675,42,F,CS,CC,F
14:49:45,ICBP,RG,8650,1,D,FS,AK,F
14:49:45,ICBP,RG,8650,2,D,FS,AK,F
14:49:45,ICBP,RG,8650,1,D,FS,AK,F
14:49:39,ICBP,RG,8650,160,D,FS,YP,D
14:49:36,ICBP,RG,8675,4,F,CS,CC,F
14:49:36,ICBP,RG,8675,42,F,CS,CC,F
14:49:32,ICBP,RG,8650,50,D,FS,CG,F
14:49:30,ICBP,RG,8650,1,D,FS,AK,F
14:49:30,ICBP,RG,8650,1,D,FS,AK,F
14:49:24,ICBP,RG,8650,4,D,FS,XC,D
14:49:17,ICBP,RG,8650,38,D,FS,CS,F
14:49:16,ICBP,RG,8650,1,D,FS,DR,D
14:49:16,ICBP,RG,8650,84,D,FS,BB,D
14:49:15,ICBP,RG,8675,10,F,CS,CC,F
14:49:15,ICBP,RG,8675,15,F,CS,CC,F
14:49:15,ICBP,RG,8675,11,F,CS,CC,F
14:49:15,ICBP,RG,8675,8,F,CS,CC,F
14:49:15,ICBP,RG,8675,10,F,CS,CC,F
14:49:13,ICBP,RG,8650,33,D,FS,BB,D
14:49:04,ICBP,RG,8650,7,D,FS,BB,D
14:49:04,ICBP,RG,8650,11,D,FS,BB,D
14:49:03,ICBP,RG,8675,1,D,PD,BB,D
14:49:00,ICBP,RG,8650,1,D,FS,AK,F
14:48:52,ICBP,RG,8650,13,D,FS,CG,F
14:48:51,ICBP,RG,8650,2,D,FS,CC,D
14:48:51,ICBP,RG,8650,9,D,FS,CG,F
14:48:51,ICBP,RG,8650,26,D,FS,BB,D
14:48:40,ICBP,RG,8650,4,D,FS,CG,F
14:48:39,ICBP,RG,8650,3,D,FS,CG,F
14:48:39,ICBP,RG,8650,4,D,FS,CG,F
14:48:33,ICBP,RG,8675,1,D,PD,BB,D
14:48:26,ICBP,RG,8675,1,D,PD,BB,D
14:48:16,ICBP,RG,8675,23,F,CS,BB,D
14:48:15,ICBP,RG,8675,5,D,YP,BB,D
14:48:15,ICBP,RG,8675,1,D,NI,BB,D
14:48:14,ICBP,RG,8675,1,D,XC,BB,D
14:48:09,ICBP,RG,8675,6,F,CS,BB,D
14:48:09,ICBP,RG,8675,6,F,CS,CG,F
14:48:09,ICBP,RG,8675,2,F,CS,AK,F
14:48:09,ICBP,RG,8675,1,F,CS,AK,F
14:48:09,ICBP,RG,8675,10,F,CS,DH,D
14:48:09,ICBP,RG,8675,37,F,CS,YU,D
14:47:59,ICBP,RG,8675,1,D,PD,YU,D
14:47:58,ICBP,RG,8675,100,D,KK,YU,D
14:47:50,ICBP,RG,8675,62,F,CS,YU,D
14:47:50,ICBP,RG,8675,1,F,CS,AK,F
14:47:50,ICBP,RG,8675,2,F,CS,AK,F
14:47:50,ICBP,RG,8675,4,F,CS,AK,F
14:47:50,ICBP,RG,8675,33,F,CS,BB,D
14:47:45,ICBP,RG,8650,1,D,FS,AK,F
14:47:41,ICBP,RG,8675,10,D,YP,BB,D
14:47:34,ICBP,RG,8650,67,D,FS,BB,D
14:47:29,ICBP,RG,8675,23,F,CS,BB,D
14:47:29,ICBP,RG,8675,9,F,CS,BB,D
14:47:29,ICBP,RG,8675,18,F,CS,BB,D
14:47:29,ICBP,RG,8675,41,F,CS,BB,D
14:47:29,ICBP,RG,8675,12,F,CS,BB,D
14:47:29,ICBP,RG,8675,14,F,CS,BB,D
14:47:28,ICBP,RG,8650,2,D,FS,CG,F
14:47:28,ICBP,RG,8675,37,D,PD,BB,D
14:47:28,ICBP,RG,8675,1,D,PD,CG,F
14:47:28,ICBP,RG,8675,29,D,PD,CG,F
14:47:28,ICBP,RG,8675,7,D,PD,CG,F
14:47:28,ICBP,RG,8675,330,D,PD,CC,F
14:47:28,ICBP,RG,8675,19,D,PD,CC,F
14:47:28,ICBP,RG,8675,94,D,PD,CC,F
14:47:24,ICBP,RG,8675,10,D,YP,CC,F
14:47:20,ICBP,RG,8650,1,D,FS,KK,D
14:47:10,ICBP,RG,8650,9,D,FS,CG,F
14:47:09,ICBP,RG,8650,1,D,FS,CG,F
14:47:03,ICBP,RG,8675,1,D,HP,CC,F
14:46:50,ICBP,RG,8650,5,D,FS,CG,F
14:46:49,ICBP,RG,8650,3,D,FS,CG,F
14:46:29,ICBP,RG,8650,9,D,FS,CG,F
14:46:25,ICBP,RG,8675,45,F,CS,CC,F
14:46:24,ICBP,RG,8675,4,F,CS,CC,F
14:46:24,ICBP,RG,8675,23,F,CS,CC,F
14:46:24,ICBP,RG,8675,7,F,CS,CC,F
14:46:24,ICBP,RG,8675,18,F,CS,CC,F
14:46:24,ICBP,RG,8675,22,F,CS,CC,F
14:46:24,ICBP,RG,8675,1,F,CS,CC,F
14:46:24,ICBP,RG,8675,21,F,CS,CC,F
14:46:24,ICBP,RG,8675,40,F,CS,CC,F
14:46:24,ICBP,RG,8675,19,F,CS,CC,F
14:46:24,ICBP,RG,8675,1,D,PD,CC,F
14:46:24,ICBP,RG,8675,1,D,XC,CC,F
14:46:24,ICBP,RG,8675,9,D,GR,CC,F
14:46:24,ICBP,RG,8675,3,D,PD,CC,F
14:46:24,ICBP,RG,8675,1,D,XC,CC,F
14:46:24,ICBP,RG,8675,50,D,ZP,CC,F
14:46:24,ICBP,RG,8675,5,D,PD,CC,F
14:46:24,ICBP,RG,8675,58,D,CD,CC,F
14:46:24,ICBP,RG,8675,1,D,PD,CC,F
14:46:24,ICBP,RG,8675,40,D,NI,CC,F
14:46:24,ICBP,RG,8675,1,D,CC,CC,F
14:46:24,ICBP,RG,8675,1,D,XC,CC,F
14:46:24,ICBP,RG,8675,6,D,PD,CC,F
14:46:24,ICBP,RG,8675,15,D,YP,CC,F
14:46:24,ICBP,RG,8675,1,D,HP,CC,F
14:46:24,ICBP,RG,8675,3,D,OD,CC,F
14:46:24,ICBP,RG,8675,1,D,DH,CC,F
14:46:24,ICBP,RG,8675,1,D,XC,CC,F
14:46:24,ICBP,RG,8675,2,D,XC,CC,F
14:46:24,ICBP,RG,8675,1,D,PD,CC,F
14:46:24,ICBP,RG,8675,1,D,CC,CC,F
14:46:24,ICBP,RG,8675,3,D,OD,CC,F
14:46:24,ICBP,RG,8675,1,D,PD,CC,F
14:46:24,ICBP,RG,8675,5,D,YP,CC,F
14:46:24,ICBP,RG,8675,14,D,PD,CC,F
14:46:24,ICBP,RG,8675,121,D,PD,CC,F
14:46:19,ICBP,RG,8675,1,D,PD,GR,D
14:46:18,ICBP,RG,8675,1,D,PD,XC,D
14:46:14,ICBP,RG,8675,5,D,PD,MG,D
14:46:10,ICBP,RG,8675,1,D,PD,SQ,D
14:46:09,ICBP,RG,8675,10,D,PD,CG,F
14:46:02,ICBP,RG,8675,3,D,PD,KK,D
14:46:02,ICBP,RG,8675,5,D,PD,KK,D
14:45:54,ICBP,RG,8675,2,D,PD,CG,F
14:45:54,ICBP,RG,8675,6,D,PD,CG,F
14:45:53,ICBP,RG,8675,29,D,PD,YU,D
14:45:53,ICBP,RG,8675,15,F,CS,YU,D
14:45:53,ICBP,RG,8675,2,D,CC,YU,D
14:45:53,ICBP,RG,8675,1,D,XC,YU,D
14:45:53,ICBP,RG,8675,53,D,FS,YU,D
14:45:51,ICBP,RG,8700,1,D,XC,CC,F
14:45:38,ICBP,RG,8700,6,F,CS,CC,F
14:45:38,ICBP,RG,8700,32,F,CS,CC,F
14:45:38,ICBP,RG,8700,38,F,CS,CC,F
14:45:38,ICBP,RG,8700,21,F,CS,CC,F
14:45:38,ICBP,RG,8700,12,F,CS,CC,F
14:45:38,ICBP,RG,8700,27,F,CS,CC,F
14:45:38,ICBP,RG,8700,18,F,CS,CC,F
14:45:38,ICBP,RG,8700,5,F,CS,CC,F
14:45:38,ICBP,RG,8700,8,F,CS,CC,F
14:45:38,ICBP,RG,8700,17,F,CS,CC,F
14:45:38,ICBP,RG,8700,36,F,CS,CC,F
14:45:38,ICBP,RG,8700,20,F,CS,CC,F
14:45:38,ICBP,RG,8700,34,F,CS,CC,F
14:45:34,ICBP,RG,8675,5,D,FS,CG,F
14:45:33,ICBP,RG,8700,5,D,NI,CC,F
14:44:48,ICBP,RG,8675,1,D,FS,CC,D
14:44:48,ICBP,RG,8675,10,D,FS,CC,D
14:44:48,ICBP,RG,8675,2,D,FS,CC,D
14:44:45,ICBP,RG,8700,2,D,NI,CC,F
14:44:44,ICBP,RG,8675,200,D,FS,YU,D
14:44:01,ICBP,RG,8700,1,D,YP,CC,F
14:44:00,ICBP,RG,8675,1,D,FS,CC,D
14:43:58,ICBP,RG,8675,3,D,FS,CC,D
14:43:49,ICBP,RG,8700,3,D,DH,CC,F
14:43:48,ICBP,RG,8700,1,D,CC,CC,F
14:43:42,ICBP,RG,8700,1,D,CC,CC,F
14:43:11,ICBP,RG,8700,8,F,CS,CC,F
14:43:11,ICBP,RG,8700,22,F,CS,CC,F
14:43:11,ICBP,RG,8700,3,F,CS,CC,F
14:43:11,ICBP,RG,8700,19,F,CS,CC,F
14:43:11,ICBP,RG,8700,22,D,PD,CC,F
14:43:11,ICBP,RG,8700,89,D,PD,CC,F
14:43:07,ICBP,RG,8700,1,D,PD,ZP,D
14:43:02,ICBP,RG,8700,17,D,PD,BK,F
14:43:02,ICBP,RG,8725,55,F,CS,AZ,D
14:43:02,ICBP,RG,8725,10,F,CS,SQ,D
14:43:02,ICBP,RG,8725,2,F,CS,DH,D
14:43:02,ICBP,RG,8725,1,F,CS,DH,D
14:43:02,ICBP,RG,8725,13,F,CS,PD,D
14:43:01,ICBP,RG,8700,8,D,PD,CG,F
14:43:01,ICBP,RG,8700,10,D,PD,KK,D
14:43:01,ICBP,RG,8700,3,D,PD,PD,D
14:43:01,ICBP,RG,8700,1,D,PD,AK,F
14:43:01,ICBP,RG,8700,23,D,PD,KK,D
14:43:01,ICBP,RG,8700,37,D,PD,BB,D
14:43:01,ICBP,RG,8700,7,D,PD,CG,F
14:43:01,ICBP,RG,8700,3,D,PD,CC,D
14:43:01,ICBP,RG,8700,3,D,PD,AK,F
14:43:01,ICBP,RG,8700,6,D,PD,AK,F
14:43:01,ICBP,RG,8700,4,D,PD,CG,F
14:43:01,ICBP,RG,8700,8,D,PD,CG,F
14:43:01,ICBP,RG,8700,1,D,PD,CC,D
14:43:01,ICBP,RG,8700,2,D,PD,CC,D
14:43:01,ICBP,RG,8700,15,D,PD,CC,D
14:43:01,ICBP,RG,8700,9,D,PD,CG,F
14:43:01,ICBP,RG,8700,3,D,PD,YP,D
14:43:01,ICBP,RG,8700,1,D,PD,XC,D
14:43:01,ICBP,RG,8700,1,D,PD,AK,F
14:43:01,ICBP,RG,8700,5,D,PD,CC,D
14:43:01,ICBP,RG,8700,6,D,PD,CG,F
14:43:01,ICBP,RG,8700,4,D,PD,CG,F
14:43:01,ICBP,RG,8700,9,D,PD,PD,D
14:42:29,ICBP,RG,8700,1,F,CS,PD,D
14:42:29,ICBP,RG,8700,82,F,CS,BB,D
14:42:29,ICBP,RG,8700,4,F,CS,CG,F
14:42:29,ICBP,RG,8700,2,F,CS,DH,D
14:42:29,ICBP,RG,8700,1,F,CS,AK,F
14:42:29,ICBP,RG,8700,66,F,CS,BB,D
14:42:14,ICBP,RG,8675,11,D,FS,NI,D
14:42:13,ICBP,RG,8675,34,D,FS,SQ,D
14:42:00,ICBP,RG,8675,4,D,FS,CC,D
14:41:27,ICBP,RG,8700,146,F,CS,BB,D
14:41:27,ICBP,RG,8700,5,F,CS,CG,F
14:41:27,ICBP,RG,8700,180,F,CS,CC,F
14:41:26,ICBP,RG,8675,2,D,FS,CC,D
14:41:24,ICBP,RG,8675,19,D,FS,CC,D
14:41:22,ICBP,RG,8675,1,D,FS,CC,D
14:41:19,ICBP,RG,8675,8,D,FS,CC,D
14:41:07,ICBP,RG,8675,3,D,FS,XC,D
14:40:37,ICBP,RG,8700,21,D,PD,CC,F
14:40:37,ICBP,RG,8700,212,D,PD,CC,F
14:40:37,ICBP,RG,8700,11,D,PD,CC,F
14:40:37,ICBP,RG,8700,54,D,PD,CC,F
14:40:25,ICBP,RG,8675,149,D,FS,BB,D
14:40:07,ICBP,RG,8700,1,D,KK,CC,F
14:39:46,ICBP,RG,8700,1,D,XC,CC,F
14:39:43,ICBP,RG,8700,3,D,CC,CC,F
14:39:38,ICBP,RG,8700,5,D,HP,CC,F
14:39:32,ICBP,RG,8700,6,D,YP,CC,F
14:39:27,ICBP,RG,8700,2,F,CS,CC,F
14:39:27,ICBP,RG,8700,1,F,CS,CC,F
14:39:27,ICBP,RG,8700,2,D,DH,CC,F
14:39:27,ICBP,RG,8700,1,D,CC,CC,F
14:39:24,ICBP,RG,8700,1,D,CC,DH,D
14:39:21,ICBP,RG,8725,54,D,PD,PD,D
14:39:21,ICBP,RG,8700,9,D,PD,BB,D
14:39:20,ICBP,RG,8700,1,D,LG,BB,D
14:39:19,ICBP,RG,8700,22,F,CS,BB,D
14:39:19,ICBP,RG,8700,3,F,CS,CC,D
14:39:17,ICBP,RG,8700,14,F,CS,CG,F
14:39:17,ICBP,RG,8700,52,F,CS,CC,F
14:39:17,ICBP,RG,8700,1,F,CS,CC,F
14:39:17,ICBP,RG,8700,1,F,CS,CC,F
14:39:17,ICBP,RG,8700,1,F,CS,CC,F
14:39:17,ICBP,RG,8700,6,F,CS,CC,F
14:39:17,ICBP,RG,8700,6,F,CS,CC,F
14:39:17,ICBP,RG,8700,11,F,CS,CC,F
14:39:16,ICBP,RG,8700,14,F,CS,CC,F
14:39:16,ICBP,RG,8700,9,F,CS,CC,F
14:39:16,ICBP,RG,8700,93,D,LG,CC,F
14:39:16,ICBP,RG,8700,16,D,LG,CC,F
14:39:16,ICBP,RG,8700,90,D,LG,CC,F
14:38:14,ICBP,RG,8725,1,F,CS,PD,D
14:38:14,ICBP,RG,8700,11,F,CS,AK,F
14:38:14,ICBP,RG,8700,1,F,CS,AK,F
14:38:14,ICBP,RG,8700,1,F,CS,AK,F
14:38:13,ICBP,RG,8700,18,D,PD,AK,F
14:38:13,ICBP,RG,8700,3,D,PD,CG,F
14:38:13,ICBP,RG,8700,8,D,PD,CG,F
14:38:13,ICBP,RG,8700,2,D,PD,CC,D
14:38:13,ICBP,RG,8700,16,D,PD,CC,D
14:38:13,ICBP,RG,8700,1,D,PD,DH,D
14:38:13,ICBP,RG,8700,6,D,PD,CG,F
14:38:13,ICBP,RG,8700,1,D,PD,AK,F
14:38:13,ICBP,RG,8700,8,D,PD,CG,F
14:38:13,ICBP,RG,8700,100,D,PD,BB,D
14:38:13,ICBP,RG,8700,8,D,PD,CG,F
14:38:13,ICBP,RG,8700,60,D,PD,NI,D
14:38:13,ICBP,RG,8700,1,D,PD,AK,F
14:38:13,ICBP,RG,8700,2,D,PD,AK,F
14:38:13,ICBP,RG,8700,1,D,PD,AK,F
14:38:13,ICBP,RG,8700,7,D,PD,AK,F
14:38:13,ICBP,RG,8700,3,D,PD,AK,F
14:38:13,ICBP,RG,8700,4,D,PD,AK,F
14:38:13,ICBP,RG,8700,11,D,PD,AK,F
14:38:13,ICBP,RG,8700,21,D,PD,CG,F
14:38:13,ICBP,RG,8700,1,D,PD,CC,D
14:38:13,ICBP,RG,8700,1,D,PD,SQ,D
14:38:13,ICBP,RG,8700,16,D,PD,CC,F
14:38:04,ICBP,RG,8675,2,D,FS,CG,F
14:37:58,ICBP,RG,8675,5,D,FS,CC,D
14:37:54,ICBP,RG,8675,7,D,FS,YP,D
14:37:53,ICBP,RG,8700,6,D,PD,CC,F
14:37:38,ICBP,RG,8700,1,D,PD,CC,F
14:37:32,ICBP,RG,8675,2,D,FS,CC,D
14:37:26,ICBP,RG,8675,18,D,FS,CC,D
14:37:26,ICBP,RG,8700,2,D,XC,CC,F
14:37:25,ICBP,RG,8700,175,F,CS,CC,F
14:37:25,ICBP,RG,8700,43,F,CS,BB,D
14:36:42,ICBP,RG,8675,5,D,FS,DH,D
14:36:30,ICBP,RG,8700,2,D,PD,BB,D
14:36:07,ICBP,RG,8675,119,D,FS,BB,D
14:36:03,ICBP,RG,8675,20,D,FS,TF,D
14:36:00,ICBP,RG,8675,2,D,FS,PD,D
14:35:54,ICBP,RG,8675,3,D,FS,CC,D
14:35:35,ICBP,RG,8675,10,D,FS,SQ,D
14:35:30,ICBP,RG,8675,2,D,FS,CC,D
14:35:26,ICBP,RG,8675,18,D,FS,CC,D
14:35:21,ICBP,RG,8700,35,F,CS,BB,D
14:35:21,ICBP,RG,8700,2,F,CS,AK,F
14:35:21,ICBP,RG,8700,17,F,CS,CG,F
14:35:21,ICBP,RG,8700,1,F,CS,NI,D
14:35:21,ICBP,RG,8700,2,F,CS,NI,D
14:35:21,ICBP,RG,8700,4,F,CS,CG,F
14:35:21,ICBP,RG,8700,1,F,CS,SQ,D
14:35:21,ICBP,RG,8700,7,F,CS,CG,F
14:35:21,ICBP,RG,8700,12,F,CS,XC,D
14:35:21,ICBP,RG,8700,1,F,CS,AK,F
14:35:21,ICBP,RG,8700,1,F,CS,PD,D
14:35:21,ICBP,RG,8700,9,F,CS,CG,F
14:35:21,ICBP,RG,8700,94,F,CS,CC,F
14:35:11,ICBP,RG,8675,4,D,FS,CG,F
14:34:54,ICBP,RG,8675,2,D,FS,CG,F
14:34:37,ICBP,RG,8675,1,D,FS,PD,D
14:34:11,ICBP,RG,8675,1,D,FS,DH,D
14:33:54,ICBP,RG,8675,4,D,FS,CC,D
14:33:40,ICBP,RG,8700,1,D,PC,CC,F
14:33:30,ICBP,RG,8675,1,D,FS,CC,D
14:33:26,ICBP,RG,8675,17,D,FS,CC,D
14:33:15,ICBP,RG,8700,10,D,YP,CC,F
14:33:05,ICBP,RG,8700,95,F,CS,CC,F
14:33:05,ICBP,RG,8700,1,F,CS,YP,D
14:33:05,ICBP,RG,8700,6,F,CS,CG,F
14:33:05,ICBP,RG,8700,2,F,CS,YP,D
14:33:05,ICBP,RG,8700,1,F,CS,AK,F
14:33:05,ICBP,RG,8700,3,F,CS,AK,F
14:33:05,ICBP,RG,8700,7,F,CS,AK,F
14:33:05,ICBP,RG,8700,1,F,CS,CC,D
14:33:05,ICBP,RG,8700,34,F,CS,BB,D
14:32:50,ICBP,RG,8700,7,D,PD,BB,D
14:32:50,ICBP,RG,8700,71,D,PD,BB,D
14:32:50,ICBP,RG,8700,3,D,PD,BB,D
14:32:50,ICBP,RG,8700,17,D,PD,BB,D
14:32:07,ICBP,RG,8675,11,D,FS,YP,D
14:32:03,ICBP,RG,8675,1,D,FS,NI,D
14:31:58,ICBP,RG,8675,3,D,FS,CC,D
14:31:32,ICBP,RG,8675,2,D,FS,CC,D
14:31:30,ICBP,RG,8675,18,D,FS,CC,D
14:31:10,ICBP,RG,8700,36,F,CS,BB,D
14:31:10,ICBP,RG,8700,28,F,CS,CG,F
14:31:10,ICBP,RG,8700,192,F,CS,YU,D
14:31:09,ICBP,RG,8675,5,D,FS,AZ,D
14:31:06,ICBP,RG,8675,3,D,FS,NI,D
14:30:42,ICBP,RG,8675,146,D,FS,BB,D
14:30:39,ICBP,RG,8700,5,D,CC,YU,D
14:30:14,ICBP,RG,8700,7,D,PD,YU,D
14:30:14,ICBP,RG,8700,71,D,PD,YU,D
14:30:14,ICBP,RG,8700,3,D,PD,YU,D
14:30:14,ICBP,RG,8700,17,D,PD,YU,D
14:30:04,ICBP,RG,8675,4,D,FS,CC,D
14:29:27,ICBP,RG,8700,7,D,PD,YU,D
14:29:27,ICBP,RG,8700,71,D,PD,YU,D
14:29:27,ICBP,RG,8700,3,D,PD,YU,D
14:29:27,ICBP,RG,8700,17,D,PD,YU,D
14:28:39,ICBP,RG,8700,4,F,CS,YU,D
14:28:38,ICBP,RG,8700,25,F,CS,YU,D
14:28:38,ICBP,RG,8700,3,F,CS,YU,D
14:28:38,ICBP,RG,8700,75,D,LG,YU,D
14:28:36,ICBP,RG,8700,66,D,LG,BB,D
14:28:36,ICBP,RG,8700,23,D,LG,BB,D
14:28:36,ICBP,RG,8700,110,D,LG,BB,D
14:28:24,ICBP,RG,8700,1,D,LG,CG,F
14:28:24,ICBP,RG,8725,24,F,CS,PD,D
14:28:24,ICBP,RG,8700,1,D,LG,CG,F
14:28:24,ICBP,RG,8700,3,D,LG,CG,F
14:28:24,ICBP,RG,8700,1,D,LG,BB,D
14:28:24,ICBP,RG,8700,2,D,LG,CC,D
14:28:24,ICBP,RG,8700,17,D,LG,CC,D
14:28:24,ICBP,RG,8700,1,D,LG,CG,F
14:28:22,ICBP,RG,8700,2,F,CS,DH,D
14:27:36,ICBP,RG,8700,1,F,CS,CG,F
14:27:36,ICBP,RG,8700,6,F,CS,BB,D
14:27:36,ICBP,RG,8700,4,F,CS,CG,F
14:27:28,ICBP,RG,8700,3,F,CS,CC,D
14:27:28,ICBP,RG,8700,2,F,CS,CC,D
14:27:28,ICBP,RG,8700,12,F,CS,CC,D
14:27:26,ICBP,RG,8700,2,F,CS,CC,D
14:27:26,ICBP,RG,8700,2,F,CS,CC,D
14:27:26,ICBP,RG,8700,1,D,NI,CG,F
14:27:26,ICBP,RG,8725,1,F,CS,PD,D
14:27:25,ICBP,RG,8700,1,F,CS,CC,F
14:27:25,ICBP,RG,8700,1,D,YP,CC,F
14:27:25,ICBP,RG,8700,7,F,CS,CC,F
14:27:25,ICBP,RG,8700,23,F,CS,CC,F
14:27:25,ICBP,RG,8700,1,F,CS,CC,F
14:27:25,ICBP,RG,8700,8,F,CS,CC,F
14:27:25,ICBP,RG,8700,30,F,CS,CC,F
14:27:25,ICBP,RG,8700,3,F,CS,CC,F
14:27:25,ICBP,RG,8700,1,F,CS,CC,F
14:27:25,ICBP,RG,8700,8,F,CS,CC,F
14:27:25,ICBP,RG,8700,4,F,CS,CC,F
14:27:25,ICBP,RG,8700,26,F,CS,CC,F
14:27:25,ICBP,RG,8700,8,F,CS,CC,F
14:27:25,ICBP,RG,8700,14,D,PD,CC,F
14:27:25,ICBP,RG,8700,142,D,PD,CC,F
14:27:25,ICBP,RG,8700,7,D,PD,CC,F
14:27:25,ICBP,RG,8700,16,D,PD,CC,F
14:27:24,ICBP,RG,8700,1,D,PD,CC,D
14:27:19,ICBP,RG,8700,1,D,PD,NI,D
14:26:38,ICBP,RG,8700,1,D,PD,DH,D
14:26:27,ICBP,RG,8700,4,D,PD,NI,D
14:26:09,ICBP,RG,8700,12,D,PD,CC,D
14:26:09,ICBP,RG,8700,1,F,CS,CC,D
14:26:09,ICBP,RG,8700,3,D,EP,CC,D
14:25:35,ICBP,RG,8700,2,F,CS,AK,F
14:25:35,ICBP,RG,8700,1,F,CS,CG,F
14:25:29,ICBP,RG,8700,1,F,CS,KK,D
14:25:26,ICBP,RG,8700,1,F,CS,KK,D
14:25:26,ICBP,RG,8700,18,D,PD,KK,D
14:24:59,ICBP,RG,8700,1,D,PD,PD,D
14:24:44,ICBP,RG,8700,2,D,PD,CG,F
14:24:44,ICBP,RG,8700,2,D,PD,CG,F
14:24:43,ICBP,RG,8700,4,D,PD,CC,D
14:24:43,ICBP,RG,8700,4,D,PD,CG,F
14:24:43,ICBP,RG,8700,18,D,PD,CC,D
14:24:43,ICBP,RG,8700,1,D,PD,CC,D
14:24:43,ICBP,RG,8700,2,D,PD,CG,F
14:24:43,ICBP,RG,8700,3,D,PD,EP,D
14:24:43,ICBP,RG,8700,3,D,PD,CG,F
14:24:43,ICBP,RG,8700,3,D,PD,CG,F
14:24:43,ICBP,RG,8700,2,D,PD,CG,F
14:24:43,ICBP,RG,8700,103,D,PD,BB,D
14:24:43,ICBP,RG,8700,6,D,PD,SQ,D
14:24:43,ICBP,RG,8700,63,D,PD,BK,F
14:24:43,ICBP,RG,8700,10,D,PD,BK,F
14:24:43,ICBP,RG,8700,53,D,PD,BK,F
14:24:40,ICBP,RG,8675,10,D,FS,YP,D
14:24:14,ICBP,RG,8675,48,D,FS,BB,D
14:24:14,ICBP,RG,8675,2,D,CC,BB,D
14:24:14,ICBP,RG,8675,1,D,XC,BB,D
14:24:14,ICBP,RG,8675,24,D,FS,BB,D
14:23:13,ICBP,RG,8700,10,D,XC,BK,F
14:22:52,ICBP,RG,8700,41,D,CC,BK,F
14:22:52,ICBP,RG,8700,35,D,CC,CG,F
14:22:52,ICBP,RG,8700,3,D,CC,CC,D
14:22:52,ICBP,RG,8700,2,D,CC,CC,D
14:22:52,ICBP,RG,8700,16,D,CC,CC,D
14:22:52,ICBP,RG,8700,1,D,CC,CG,F
14:22:52,ICBP,RG,8700,2,D,CC,BB,D
14:22:47,ICBP,RG,8700,1,F,CS,CC,F
14:22:47,ICBP,RG,8700,27,F,CS,CC,F
14:22:47,ICBP,RG,8700,2,D,PD,CC,F
14:22:47,ICBP,RG,8700,1,D,CC,CC,F
14:22:47,ICBP,RG,8700,1,D,KK,CC,F
14:22:47,ICBP,RG,8700,1,D,XC,CC,F
14:22:47,ICBP,RG,8700,1,D,PD,CC,F
14:22:47,ICBP,RG,8700,28,D,PD,CC,F
14:22:47,ICBP,RG,8700,15,D,YP,CC,F
14:22:47,ICBP,RG,8700,1,D,NI,CC,F
14:22:47,ICBP,RG,8700,2,D,XC,CC,F
14:22:47,ICBP,RG,8700,1,D,XC,CC,F
14:22:47,ICBP,RG,8700,2,D,PD,CC,F
14:22:47,ICBP,RG,8700,10,F,CS,CC,F
14:22:47,ICBP,RG,8700,12,F,CS,CC,F
14:22:47,ICBP,RG,8700,4,F,CS,CC,F
14:22:47,ICBP,RG,8700,1,F,CS,CC,F
14:22:47,ICBP,RG,8700,13,F,CS,CC,F
14:22:47,ICBP,RG,8700,16,F,CS,CC,F
14:22:47,ICBP,RG,8700,41,F,CS,CC,F
14:22:47,ICBP,RG,8700,320,D,FS,CC,F
14:22:37,ICBP,RG,8725,91,D,PD,PD,D
14:22:32,ICBP,RG,8725,10,F,CS,PD,D
14:22:32,ICBP,RG,8725,3,F,CS,PD,D
14:22:32,ICBP,RG,8725,10,D,KK,PD,D
14:22:32,ICBP,RG,8725,13,F,CS,PD,D
14:22:23,ICBP,RG,8725,2,F,CS,XC,D
14:22:15,ICBP,RG,8725,3,F,CS,CG,F
14:22:15,ICBP,RG,8725,25,D,PD,OD,D
14:21:46,ICBP,RG,8725,12,D,PD,CC,D
14:21:18,ICBP,RG,8750,32,F,CS,GR,D
14:21:18,ICBP,RG,8750,20,F,CS,XC,D
14:21:18,ICBP,RG,8750,5,F,CS,PD,D
14:21:18,ICBP,RG,8750,1,F,CS,XC,D
14:21:18,ICBP,RG,8750,1,F,CS,GR,D
14:21:18,ICBP,RG,8750,68,F,CS,CG,F
14:21:18,ICBP,RG,8750,1,F,CS,PD,D
14:21:18,ICBP,RG,8750,2,F,CS,DH,D
14:21:18,ICBP,RG,8750,2,F,CS,LS,D
14:21:18,ICBP,RG,8750,1,F,CS,XC,D
14:21:18,ICBP,RG,8750,58,F,CS,YJ,D
14:21:18,ICBP,RG,8750,8,F,CS,XC,D
14:21:18,ICBP,RG,8725,6,D,PD,AK,F
14:21:18,ICBP,RG,8725,16,D,PD,AK,F
14:21:18,ICBP,RG,8725,8,D,PD,AK,F
14:21:17,ICBP,RG,8725,2,D,PD,AK,F
14:21:17,ICBP,RG,8725,4,D,PD,AK,F
14:21:17,ICBP,RG,8725,5,D,PD,CC,D
14:21:17,ICBP,RG,8725,16,D,PD,CC,D
14:21:17,ICBP,RG,8725,2,D,PD,CC,D
14:21:17,ICBP,RG,8725,10,D,PD,YP,D
14:21:17,ICBP,RG,8725,25,D,PD,OD,D
14:21:17,ICBP,RG,8725,1,D,PD,YP,D
14:21:17,ICBP,RG,8725,100,D,PD,PD,D
14:21:17,ICBP,RG,8725,1,D,PD,AK,F
14:21:17,ICBP,RG,8725,52,D,PD,BB,D
14:21:17,ICBP,RG,8725,25,D,PD,YP,D
14:21:17,ICBP,RG,8725,1,D,PD,YP,D
14:21:17,ICBP,RG,8725,5,D,PD,PD,D
14:21:17,ICBP,RG,8725,40,D,PD,CG,F
14:21:17,ICBP,RG,8725,10,D,PD,CG,F
14:21:17,ICBP,RG,8725,1,D,PD,DH,D
14:21:17,ICBP,RG,8725,2,D,PD,AK,F
14:21:17,ICBP,RG,8725,2,D,PD,AK,F
14:21:17,ICBP,RG,8725,5,D,PD,AK,F
14:21:17,ICBP,RG,8725,8,D,PD,BB,D
14:21:17,ICBP,RG,8725,14,D,PD,BB,D
14:20:59,ICBP,RG,8700,1,D,FS,GR,D
14:20:59,ICBP,RG,8725,1,D,SQ,BB,D
14:20:52,ICBP,RG,8700,50,D,FS,KK,D
14:20:42,ICBP,RG,8700,75,D,FS,BB,D
14:20:26,ICBP,RG,8700,2,D,FS,DH,D
14:20:24,ICBP,RG,8700,100,D,FS,YP,D
14:20:13,ICBP,RG,8700,1,D,FS,YP,D
14:20:02,ICBP,RG,8700,2,D,FS,CC,D
14:20:00,ICBP,RG,8700,18,D,FS,CC,D
14:19:44,ICBP,RG,8700,2,D,FS,CC,D
14:19:35,ICBP,RG,8700,69,D,FS,BB,D
14:18:56,ICBP,RG,8700,35,D,FS,YU,D
14:18:53,ICBP,RG,8700,20,D,FS,SQ,D
14:18:53,ICBP,RG,8700,2,D,FS,AT,D
14:18:34,ICBP,RG,8700,71,D,FS,BB,D
14:18:14,ICBP,RG,8700,1,D,FS,CC,D
14:18:06,ICBP,RG,8700,3,D,FS,CC,D
14:18:00,ICBP,RG,8700,18,D,FS,CC,D
14:17:59,ICBP,RG,8700,1,D,FS,XC,D
14:17:48,ICBP,RG,8700,1,D,FS,CC,D
14:17:41,ICBP,RG,8700,1,D,FS,DH,D
14:17:33,ICBP,RG,8700,2,D,FS,YU,D
14:17:31,ICBP,RG,8700,71,D,FS,BB,D
14:16:42,ICBP,RG,8700,1,D,FS,KK,D
14:16:28,ICBP,RG,8700,129,D,FS,BB,D
14:16:14,ICBP,RG,8700,2,D,FS,CC,D
14:16:11,ICBP,RG,8700,1,D,FS,YP,D
14:16:04,ICBP,RG,8700,1,D,FS,CC,D
14:16:04,ICBP,RG,8700,3,F,CS,CC,D
14:15:58,ICBP,RG,8700,9,F,CS,CC,D
14:15:58,ICBP,RG,8700,5,F,CS,CC,D
14:15:58,ICBP,RG,8700,4,F,CS,CC,D
14:15:54,ICBP,RG,8700,2,F,CS,CC,D
14:15:43,ICBP,RG,8700,2,F,CS,DR,D
14:15:42,ICBP,RG,8700,17,F,CS,CG,F
14:15:42,ICBP,RG,8700,15,D,YP,CG,F
14:15:42,ICBP,RG,8700,1,F,CS,CG,F
14:15:42,ICBP,RG,8700,17,F,CS,CG,F
14:15:40,ICBP,RG,8725,1,D,PD,BB,D
14:15:21,ICBP,RG,8725,1,D,XC,BB,D
14:15:06,ICBP,RG,8725,29,F,CS,BK,F
14:15:06,ICBP,RG,8725,36,F,CS,BK,F
14:15:06,ICBP,RG,8725,11,F,CS,BK,F
14:15:06,ICBP,RG,8725,1,D,DR,BK,F
14:15:06,ICBP,RG,8725,23,F,CS,BK,F
14:15:06,ICBP,RG,8725,3,F,CS,BK,F
14:15:06,ICBP,RG,8725,21,F,CS,AK,F
14:15:06,ICBP,RG,8725,3,F,CS,AK,F
14:15:06,ICBP,RG,8725,5,D,SQ,AK,F
14:15:06,ICBP,RG,8725,1,F,CS,AK,F
14:15:06,ICBP,RG,8725,15,F,CS,AK,F
14:15:06,ICBP,RG,8725,1,F,CS,AK,F
14:15:06,ICBP,RG,8725,11,F,CS,AK,F
14:15:06,ICBP,RG,8725,48,D,LG,AK,F
14:14:57,ICBP,RG,8750,2,D,SQ,BK,F
14:14:34,ICBP,RG,8750,1,D,PD,BK,F
14:14:11,ICBP,RG,8750,28,F,CS,BK,F
14:14:08,ICBP,RG,8775,1,F,CS,GR,D
14:14:08,ICBP,RG,8775,1,F,CS,XC,D
14:14:08,ICBP,RG,8750,1,F,CS,XC,D
14:14:08,ICBP,RG,8750,1,F,CS,XC,D
14:14:08,ICBP,RG,8750,1,F,CS,XC,D
14:14:08,ICBP,RG,8750,3,D,OD,XC,D
14:14:08,ICBP,RG,8750,1,F,CS,XC,D
14:13:56,ICBP,RG,8750,2,D,CC,DH,D
14:13:34,ICBP,RG,8750,79,F,CS,BK,F
14:13:34,ICBP,RG,8750,84,D,FS,BK,F
14:13:34,ICBP,RG,8750,6,D,FS,CG,F
14:13:34,ICBP,RG,8750,1,D,FS,XC,D
14:13:34,ICBP,RG,8750,4,D,FS,CG,F
14:13:34,ICBP,RG,8750,33,D,FS,BB,D
14:13:34,ICBP,RG,8750,4,D,FS,CG,F
14:13:34,ICBP,RG,8750,4,D,FS,CG,F
14:13:34,ICBP,RG,8750,1,D,FS,CC,D
14:13:34,ICBP,RG,8750,6,D,FS,PD,D
14:13:34,ICBP,RG,8750,3,D,FS,CC,D
14:13:34,ICBP,RG,8750,2,D,FS,CC,D
14:13:34,ICBP,RG,8750,4,D,FS,CG,F
14:13:34,ICBP,RG,8750,2,D,FS,AK,F
14:13:34,ICBP,RG,8750,1,D,FS,DH,D
14:13:34,ICBP,RG,8750,1,D,FS,YP,D
14:13:34,ICBP,RG,8750,5,D,FS,PD,D
14:13:34,ICBP,RG,8750,2,D,FS,XC,D
14:13:34,ICBP,RG,8750,8,D,FS,CC,D
14:13:34,ICBP,RG,8750,329,D,FS,CP,D
14:13:18,ICBP,RG,8750,1,D,PD,CP,D
14:13:18,ICBP,RG,8750,670,D,YU,CP,D
14:13:18,ICBP,RG,8750,8,D,YU,YP,D
14:13:18,ICBP,RG,8750,10,D,YU,CC,D
14:13:18,ICBP,RG,8750,8,D,YU,PD,D
14:13:18,ICBP,RG,8750,10,D,YU,AZ,D
14:13:18,ICBP,RG,8750,200,D,YU,RO,D
14:13:18,ICBP,RG,8750,2,D,YU,PD,D
14:13:18,ICBP,RG,8750,1,D,YU,PD,D
14:13:18,ICBP,RG,8750,2,D,YU,YP,D
14:13:18,ICBP,RG,8750,10,D,YU,CC,D
14:13:18,ICBP,RG,8750,1,D,YU,XC,D
14:13:18,ICBP,RG,8750,15,D,YU,SQ,D
14:13:18,ICBP,RG,8750,2,D,YU,XC,D
14:13:18,ICBP,RG,8750,3,D,YU,NI,D
14:13:18,ICBP,RG,8750,1,D,YU,XC,D
14:13:18,ICBP,RG,8750,1,D,YU,PD,D
14:13:18,ICBP,RG,8750,49,D,YU,YP,D
14:13:18,ICBP,RG,8750,2,D,YU,NI,D
14:13:18,ICBP,RG,8750,5,D,YU,CC,D
14:12:55,ICBP,RG,8725,5,D,LG,KK,D
14:12:19,ICBP,RG,8725,21,D,LG,CC,D
14:12:19,ICBP,RG,8725,2,D,LG,XC,D
14:12:19,ICBP,RG,8725,111,D,LG,BK,F
14:12:19,ICBP,RG,8725,31,D,LG,BK,F
14:12:18,ICBP,RG,8725,18,D,LG,BK,F
14:12:18,ICBP,RG,8725,3,D,LG,CG,F
14:12:18,ICBP,RG,8725,5,D,LG,PD,D
14:12:18,ICBP,RG,8725,1,D,LG,SQ,D
14:12:18,ICBP,RG,8725,3,D,LG,CG,F
14:12:18,ICBP,RG,8725,10,D,LG,YP,D
14:12:18,ICBP,RG,8725,140,D,LG,BK,F
14:12:08,ICBP,RG,8725,152,F,CS,BK,F
14:12:04,ICBP,RG,8725,1,D,PD,BK,F
14:11:57,ICBP,RG,8725,9,D,YB,BK,F
14:11:57,ICBP,RG,8725,1,D,YB,CG,F
14:11:49,ICBP,RG,8725,3,D,YB,CG,F
14:11:46,ICBP,RG,8725,20,F,CS,SQ,D
14:11:44,ICBP,RG,8725,23,F,CS,YP,D
14:11:44,ICBP,RG,8725,5,F,CS,YP,D
14:11:44,ICBP,RG,8725,10,D,CC,YP,D
14:11:44,ICBP,RG,8725,30,D,PD,YP,D
14:11:44,ICBP,RG,8725,1,F,CS,YP,D
14:11:44,ICBP,RG,8725,23,F,CS,YP,D
14:11:44,ICBP,RG,8725,8,D,FS,YP,D
14:11:42,ICBP,RG,8725,67,D,FS,YP,D
14:11:39,ICBP,RG,8725,240,D,FS,BK,F
14:11:39,ICBP,RG,8725,1,D,FS,AG,D
14:11:39,ICBP,RG,8725,2,D,FS,PD,D
14:11:38,ICBP,RG,8725,1,D,FS,YP,D
14:11:37,ICBP,RG,8725,2,D,FS,EP,D
14:11:18,ICBP,RG,8725,150,D,FS,CC,D
14:11:18,ICBP,RG,8725,20,D,FS,YB,D
14:11:18,ICBP,RG,8725,4,D,FS,CG,F
14:11:18,ICBP,RG,8725,2,D,FS,AK,F
14:11:18,ICBP,RG,8725,500,D,FS,BB,D
14:11:18,ICBP,RG,8725,4,D,FS,CG,F
14:11:18,ICBP,RG,8725,3,D,FS,CC,D
14:11:18,ICBP,RG,8725,5,D,FS,AK,F
14:11:18,ICBP,RG,8725,1,D,FS,CC,D
14:11:18,ICBP,RG,8725,5,D,FS,CG,F
14:11:18,ICBP,RG,8725,2,D,FS,CC,D
14:11:18,ICBP,RG,8725,4,D,FS,CC,D
14:11:18,ICBP,RG,8725,16,D,FS,CC,D
14:11:18,ICBP,RG,8725,5,D,FS,CG,F
14:11:18,ICBP,RG,8725,100,D,FS,YU,D
14:11:18,ICBP,RG,8725,3,D,FS,PD,D
14:11:18,ICBP,RG,8725,2,D,FS,PD,D
14:11:18,ICBP,RG,8725,1,D,FS,PD,D
14:11:18,ICBP,RG,8725,1,D,FS,XC,D
14:11:18,ICBP,RG,8725,4,D,FS,CC,D
14:11:18,ICBP,RG,8725,13,D,FS,CC,D
14:11:18,ICBP,RG,8725,19,D,FS,CC,D
14:11:18,ICBP,RG,8725,10,D,FS,CC,D
14:11:18,ICBP,RG,8725,10,D,FS,CC,D
14:11:18,ICBP,RG,8725,3,D,FS,CC,D
14:11:18,ICBP,RG,8725,2,D,FS,CC,D
14:11:18,ICBP,RG,8725,46,D,FS,CC,D
14:11:18,ICBP,RG,8725,50,D,FS,YP,D
14:11:18,ICBP,RG,8725,1,D,FS,PD,D
14:11:18,ICBP,RG,8725,7,D,FS,CC,D
14:11:18,ICBP,RG,8725,2,D,FS,CC,D
14:11:18,ICBP,RG,8725,61,D,FS,CC,D
14:11:18,ICBP,RG,8725,1,D,FS,PD,D
14:11:18,ICBP,RG,8725,10,D,FS,CC,D
14:11:18,ICBP,RG,8725,5,D,FS,PD,D
14:11:18,ICBP,RG,8725,1000,D,FS,GR,F
14:11:18,ICBP,RG,8725,2,D,FS,SQ,D
14:11:18,ICBP,RG,8725,5,D,FS,YP,D
14:11:18,ICBP,RG,8725,5,D,FS,KK,D
14:11:18,ICBP,RG,8725,5,D,FS,YP,D
14:11:18,ICBP,RG,8725,1,D,FS,CC,D
14:11:18,ICBP,RG,8725,25,D,FS,SQ,D
14:11:18,ICBP,RG,8725,1,D,FS,CC,D
14:11:18,ICBP,RG,8725,63,D,FS,DH,D
14:11:17,ICBP,RG,8725,12,D,XC,DH,D
14:10:45,ICBP,RG,8725,1,D,XC,DH,D
14:10:43,ICBP,RG,8725,1,D,PD,DH,D
14:10:25,ICBP,RG,8725,22,D,DR,DH,D
14:10:24,ICBP,RG,8725,1,D,PD,DH,D
14:10:24,ICBP,RG,8700,1,D,LG,SQ,D
14:09:55,ICBP,RG,8700,2,F,CS,AK,F
14:09:55,ICBP,RG,8700,4,F,CS,CG,F
14:09:55,ICBP,RG,8700,1,F,CS,PD,D
14:09:55,ICBP,RG,8700,1,F,CS,DH,D
14:09:55,ICBP,RG,8700,5,F,CS,CG,F
14:09:55,ICBP,RG,8700,1,F,CS,XC,D
14:09:55,ICBP,RG,8700,3,F,CS,CG,F
14:09:55,ICBP,RG,8700,1,F,CS,DR,D
14:09:55,ICBP,RG,8700,4,F,CS,CG,F
14:09:55,ICBP,RG,8700,2,F,CS,CC,D
14:09:55,ICBP,RG,8700,30,F,CS,YB,D
14:09:55,ICBP,RG,8700,29,F,CS,GR,D
14:09:55,ICBP,RG,8700,10,F,CS,PD,D
14:09:55,ICBP,RG,8700,1,F,CS,CC,D
14:09:55,ICBP,RG,8700,5,F,CS,XC,D
14:09:55,ICBP,RG,8700,34,F,CS,NI,D
14:09:50,ICBP,RG,8700,26,D,FS,NI,D
14:09:50,ICBP,RG,8700,1,D,FS,PD,D
14:09:50,ICBP,RG,8700,2,D,FS,OD,D
14:09:50,ICBP,RG,8700,2,D,FS,SQ,D
14:09:50,ICBP,RG,8700,1,D,FS,IH,D
14:09:50,ICBP,RG,8700,20,D,FS,YU,D
14:09:50,ICBP,RG,8700,21,D,FS,CC,D
14:09:50,ICBP,RG,8700,10,D,FS,PD,D
14:09:50,ICBP,RG,8700,1,D,FS,YP,D
14:09:50,ICBP,RG,8700,1,D,FS,PD,D
14:09:50,ICBP,RG,8700,1,D,FS,DH,D
14:09:50,ICBP,RG,8700,35,D,FS,YP,D
14:09:50,ICBP,RG,8700,2,D,FS,XC,D
14:09:50,ICBP,RG,8700,4,D,FS,CC,D
14:09:50,ICBP,RG,8700,1,D,FS,KK,D
14:09:50,ICBP,RG,8700,1,D,FS,XC,D
14:09:50,ICBP,RG,8700,1,D,FS,PD,D
14:09:50,ICBP,RG,8700,1,D,FS,YP,D
14:09:50,ICBP,RG,8700,3,D,FS,XC,D
14:09:50,ICBP,RG,8700,100,D,FS,XA,D
14:09:50,ICBP,RG,8700,1,D,FS,AZ,D
14:09:50,ICBP,RG,8700,1,D,FS,XC,D
14:09:50,ICBP,RG,8700,3,D,FS,PD,D
14:09:50,ICBP,RG,8700,3,D,FS,NI,D
14:09:50,ICBP,RG,8700,3,D,FS,LG,D
14:09:50,ICBP,RG,8700,1,D,FS,GR,D
14:09:50,ICBP,RG,8700,2,D,FS,PD,D
14:09:50,ICBP,RG,8700,20,D,FS,GR,D
14:09:50,ICBP,RG,8700,5,D,FS,XC,D
14:09:50,ICBP,RG,8700,60,D,FS,YP,D
14:09:50,ICBP,RG,8700,640,D,FS,CC,D
14:09:50,ICBP,RG,8700,5,D,FS,FS,D
14:09:50,ICBP,RG,8700,2,D,FS,PD,D
14:09:50,ICBP,RG,8700,3,D,FS,DH,D
14:09:50,ICBP,RG,8700,2,D,FS,AZ,D
14:09:50,ICBP,RG,8700,1,D,FS,YP,D
14:09:50,ICBP,RG,8700,2,D,FS,PD,D
14:09:50,ICBP,RG,8700,5,D,FS,KK,D
14:09:50,ICBP,RG,8700,6,D,FS,PD,D
14:09:50,ICBP,RG,8700,1,D,FS,KK,D
14:09:37,ICBP,RG,8675,4,D,FS,XC,D
14:09:32,ICBP,RG,8675,5,D,FS,PD,D
14:09:31,ICBP,RG,8675,1,D,FS,SQ,D
14:09:19,ICBP,RG,8675,240,D,FS,BK,F
14:08:59,ICBP,RG,8675,3,D,FS,YU,D
14:08:53,ICBP,RG,8675,1,D,FS,NI,D
14:08:41,ICBP,RG,8675,3,D,FS,CG,F
14:08:41,ICBP,RG,8675,3,D,FS,CC,D
14:08:41,ICBP,RG,8675,16,D,FS,CC,D
14:08:41,ICBP,RG,8675,1,D,FS,CC,D
14:08:41,ICBP,RG,8675,4,D,FS,CG,F
14:08:41,ICBP,RG,8675,2,D,FS,AK,F
14:08:41,ICBP,RG,8675,3,D,FS,CG,F
14:08:41,ICBP,RG,8675,500,D,FS,BB,D
14:08:41,ICBP,RG,8675,1,D,FS,YP,D
14:08:41,ICBP,RG,8675,6,D,FS,XC,D
14:08:41,ICBP,RG,8675,30,D,FS,NI,D
14:08:41,ICBP,RG,8675,3,D,FS,PD,D
14:08:41,ICBP,RG,8675,5,D,FS,XC,D
14:08:41,ICBP,RG,8675,1,D,FS,PD,D
14:08:41,ICBP,RG,8675,100,D,FS,XA,D
14:08:41,ICBP,RG,8675,1,D,FS,DR,D
14:08:41,ICBP,RG,8675,1,D,FS,PD,D
14:08:41,ICBP,RG,8675,2,D,FS,PD,D
14:08:41,ICBP,RG,8675,3,D,FS,CC,D
14:08:41,ICBP,RG,8675,10,D,FS,IF,D
14:08:41,ICBP,RG,8675,10,D,FS,PD,D
14:08:41,ICBP,RG,8675,5,D,FS,CC,D
14:08:41,ICBP,RG,8675,5,D,FS,SQ,D
14:08:41,ICBP,RG,8675,5,D,FS,CC,D
14:08:41,ICBP,RG,8675,1,D,FS,XC,D
14:08:41,ICBP,RG,8675,1,D,FS,PD,D
14:08:36,ICBP,RG,8650,1,D,FS,XC,D
14:08:34,ICBP,RG,8650,5,D,FS,XC,D
14:07:41,ICBP,RG,8650,4,D,FS,CG,F
14:07:40,ICBP,RG,8650,5,D,FS,AK,F
14:07:40,ICBP,RG,8650,4,D,FS,PD,D
14:07:40,ICBP,RG,8650,19,D,FS,CG,F
14:07:40,ICBP,RG,8650,2,D,FS,AK,F
14:07:40,ICBP,RG,8650,1,D,FS,CC,D
14:07:40,ICBP,RG,8650,18,D,FS,CC,D
14:07:40,ICBP,RG,8650,3,D,FS,CC,D
14:07:40,ICBP,RG,8650,2,D,FS,CC,D
14:07:40,ICBP,RG,8650,1,D,FS,PD,D
14:07:40,ICBP,RG,8650,3,D,FS,SQ,D
14:07:40,ICBP,RG,8650,5,D,FS,CG,F
14:07:40,ICBP,RG,8650,6,D,FS,CG,F
14:07:40,ICBP,RG,8650,6,D,FS,CG,F
14:07:40,ICBP,RG,8650,1,D,FS,YP,D
14:07:40,ICBP,RG,8650,3,D,FS,CG,F
14:07:40,ICBP,RG,8650,5,D,FS,AK,F
14:07:40,ICBP,RG,8650,22,D,FS,YP,D
14:07:40,ICBP,RG,8650,9,D,FS,KK,D
14:07:40,ICBP,RG,8650,1,D,FS,NI,D
14:07:40,ICBP,RG,8650,20,D,FS,DH,D
14:07:40,ICBP,RG,8650,2,D,FS,PD,D
14:07:40,ICBP,RG,8650,50,D,FS,KK,D
14:07:40,ICBP,RG,8650,2,D,FS,CC,D
14:07:40,ICBP,RG,8650,10,D,FS,XC,D
14:07:40,ICBP,RG,8650,300,D,FS,BB,D
14:07:40,ICBP,RG,8650,1,D,FS,BQ,D
14:07:40,ICBP,RG,8650,2,D,FS,PD,D
14:07:40,ICBP,RG,8650,125,D,FS,CC,D
14:07:40,ICBP,RG,8650,2,D,FS,AZ,D
14:07:40,ICBP,RG,8650,20,D,FS,CC,D
14:07:40,ICBP,RG,8650,2,D,FS,XC,D
14:07:40,ICBP,RG,8650,100,D,FS,XA,D
14:07:40,ICBP,RG,8650,9,D,FS,CC,D
14:07:40,ICBP,RG,8650,5,D,FS,CC,D
14:07:40,ICBP,RG,8650,53,D,FS,BB,D
14:07:00,ICBP,RG,8650,1,D,NI,BB,D
14:06:33,ICBP,RG,8650,23,D,XC,BB,D
14:05:51,ICBP,RG,8650,1,D,AZ,BB,D
14:05:36,ICBP,RG,8625,1,D,YP,PD,D
14:05:02,ICBP,RG,8625,2,F,CS,CG,F
14:05:01,ICBP,RG,8625,1,D,YP,CG,F
14:05:01,ICBP,RG,8625,2,D,YP,CC,D
14:05:01,ICBP,RG,8625,1,D,YP,AK,F
14:05:01,ICBP,RG,8625,3,D,YP,AK,F
14:05:01,ICBP,RG,8625,1,D,YP,AK,F
14:04:58,ICBP,RG,8625,3,F,CS,AK,F
14:04:58,ICBP,RG,8625,4,F,CS,AK,F
14:04:57,ICBP,RG,8625,1,D,LG,AK,F
14:04:57,ICBP,RG,8625,17,D,LG,CC,D
14:04:57,ICBP,RG,8625,29,D,LG,CG,F
14:04:57,ICBP,RG,8625,8,D,LG,CG,F
14:04:57,ICBP,RG,8625,38,D,LG,CG,F
14:04:57,ICBP,RG,8625,1,D,LG,CG,F
14:04:57,ICBP,RG,8625,4,D,LG,CC,D
14:04:57,ICBP,RG,8625,1,D,LG,CG,F
14:04:57,ICBP,RG,8625,1,D,LG,CC,D
14:04:56,ICBP,RG,8625,1,D,XC,CC,D
14:04:56,ICBP,RG,8625,4,D,XC,NI,D
14:04:31,ICBP,RG,8625,1,D,PD,NI,D
14:04:26,ICBP,RG,8625,28,F,CS,CG,F
14:04:26,ICBP,RG,8625,2,F,CS,CG,F
14:04:26,ICBP,RG,8625,3,D,OD,CG,F
14:04:26,ICBP,RG,8625,1,D,DH,CG,F
14:04:26,ICBP,RG,8625,8,F,CS,CG,F
14:04:25,ICBP,RG,8625,18,F,CS,BK,F
14:04:25,ICBP,RG,8625,1,D,PD,BK,F
14:04:25,ICBP,RG,8625,1,D,YP,BK,F
14:04:25,ICBP,RG,8625,44,F,CS,BK,F
14:04:25,ICBP,RG,8625,142,D,LG,BK,F
14:04:25,ICBP,RG,8625,24,D,LG,BK,F
14:04:25,ICBP,RG,8625,10,D,LG,BK,F
14:04:22,ICBP,RG,8625,1,D,LG,CC,D
14:04:22,ICBP,RG,8625,17,D,LG,CC,D
14:04:07,ICBP,RG,8625,2,D,LG,PD,D
14:02:57,ICBP,RG,8625,107,D,LG,BB,D
14:02:57,ICBP,RG,8625,393,D,CP,BB,D
14:02:45,ICBP,RG,8625,3,D,CP,CC,D
14:02:45,ICBP,RG,8625,2,D,CP,CC,D
14:02:45,ICBP,RG,8625,4,D,CP,AK,F
14:02:45,ICBP,RG,8625,5,D,CP,AK,F
14:02:45,ICBP,RG,8625,2,D,CP,AK,F
14:02:45,ICBP,RG,8625,4,D,CP,AK,F
14:02:45,ICBP,RG,8625,2,D,CP,AK,F
14:02:45,ICBP,RG,8625,8,D,CP,AK,F
14:02:45,ICBP,RG,8625,2,D,CP,AK,F
14:02:45,ICBP,RG,8625,5,D,CP,PD,D
14:02:45,ICBP,RG,8625,2,D,CP,PD,D
14:02:45,ICBP,RG,8625,1,D,CP,NI,D
14:02:45,ICBP,RG,8625,100,D,CP,BB,D
14:02:45,ICBP,RG,8625,70,D,CP,CG,F
14:02:45,ICBP,RG,8625,3,D,CP,KK,D
14:02:45,ICBP,RG,8625,9,D,CP,CC,D
14:02:45,ICBP,RG,8625,24,D,CP,LG,D
14:02:45,ICBP,RG,8625,3,D,CP,PD,D
14:02:45,ICBP,RG,8625,18,D,CP,CG,F
14:02:45,ICBP,RG,8625,1,D,CP,DH,D
14:02:45,ICBP,RG,8625,14,D,CP,CG,F
14:02:45,ICBP,RG,8625,4,D,CP,CC,D
14:02:45,ICBP,RG,8625,12,D,CP,CG,F
14:02:45,ICBP,RG,8625,76,D,CP,CG,F
14:02:45,ICBP,RG,8625,1,D,CP,GR,D
14:02:45,ICBP,RG,8625,12,D,CP,KK,D
14:02:45,ICBP,RG,8625,100,D,CP,YP,D
14:02:45,ICBP,RG,8625,120,D,CP,BB,D
14:02:38,ICBP,RG,8625,2,D,XC,BB,D
14:02:38,ICBP,RG,8625,1,D,YP,BB,D
14:02:31,ICBP,RG,8625,70,D,NI,BB,D
14:02:30,ICBP,RG,8625,35,F,CS,BB,D
14:02:30,ICBP,RG,8625,6,F,CS,BB,D
14:02:30,ICBP,RG,8625,26,F,CS,BB,D
14:02:30,ICBP,RG,8625,8,F,CS,CC,D
14:02:30,ICBP,RG,8625,5,F,CS,AK,F
14:02:30,ICBP,RG,8625,1,F,CS,AK,F
14:02:30,ICBP,RG,8625,1,F,CS,AK,F
14:02:30,ICBP,RG,8625,5,F,CS,AK,F
14:02:30,ICBP,RG,8625,2,F,CS,AK,F
14:02:30,ICBP,RG,8625,2,F,CS,PD,D
14:02:30,ICBP,RG,8625,2,F,CS,AK,F
14:02:30,ICBP,RG,8625,5,F,CS,AK,F
14:02:30,ICBP,RG,8625,3,F,CS,AK,F
14:02:30,ICBP,RG,8625,2,F,CS,AK,F
14:02:30,ICBP,RG,8625,1,F,CS,XC,D
14:02:30,ICBP,RG,8625,1,F,CS,PD,D
14:02:30,ICBP,RG,8625,21,F,CS,BB,D
14:02:29,ICBP,RG,8625,11,F,CS,BB,D
14:02:26,ICBP,RG,8600,2,D,YJ,CC,D
14:02:26,ICBP,RG,8600,17,D,YJ,CC,D
14:02:26,ICBP,RG,8625,2,D,NI,BB,D
14:02:12,ICBP,RG,8600,3,D,YJ,CC,D
14:02:08,ICBP,RG,8600,1,D,YJ,CC,D
14:01:57,ICBP,RG,8600,6,D,YJ,AK,F
14:01:55,ICBP,RG,8625,2,D,DH,BB,D
14:01:08,ICBP,RG,8625,2,D,CC,BB,D
14:00:33,ICBP,RG,8600,1,D,YJ,PD,D
14:00:30,ICBP,RG,8625,1,D,PD,BB,D
14:00:26,ICBP,RG,8600,18,D,YJ,CC,D
14:00:25,ICBP,RG,8625,2,D,PD,BB,D
14:00:24,ICBP,RG,8600,1,D,YJ,CC,D
14:00:14,ICBP,RG,8600,3,D,YJ,CC,D
14:00:10,ICBP,RG,8600,2,D,YJ,CC,D
13:59:57,ICBP,RG,8600,20,D,YJ,YP,D
13:59:32,ICBP,RG,8625,1,D,XC,BB,D
13:59:25,ICBP,RG,8625,5,D,NI,BB,D
13:59:15,ICBP,RG,8600,7,D,YJ,AK,F
13:59:01,ICBP,RG,8600,3,D,YJ,YP,D
13:58:39,ICBP,RG,8625,12,D,YP,BB,D
13:58:28,ICBP,RG,8600,1,D,YJ,CC,D
13:58:24,ICBP,RG,8600,14,D,YJ,CC,D
13:58:22,ICBP,RG,8600,4,D,YJ,CC,D
13:58:16,ICBP,RG,8600,2,D,YJ,CC,D
13:56:32,ICBP,RG,8600,2,D,YJ,CC,D
13:56:30,ICBP,RG,8600,21,D,YJ,CC,D
13:56:24,ICBP,RG,8600,3,D,YJ,CC,D
13:56:21,ICBP,RG,8625,2,D,PD,BB,D
13:56:20,ICBP,RG,8600,2,D,YJ,CC,D
13:55:06,ICBP,RG,8625,1,D,XC,BB,D
13:54:58,ICBP,RG,8600,14,D,YJ,AK,F
13:54:36,ICBP,RG,8600,1,D,YJ,CC,D
13:54:29,ICBP,RG,8600,10,D,YJ,AK,F
13:54:28,ICBP,RG,8600,17,D,YJ,CC,D
13:54:28,ICBP,RG,8600,4,D,YJ,CC,D
13:54:22,ICBP,RG,8600,1,D,YJ,CC,D
13:54:20,ICBP,RG,8600,2,D,YJ,MK,D
13:54:13,ICBP,RG,8600,8,D,YJ,AK,F
13:53:44,ICBP,RG,8600,1,D,YJ,KK,D
13:53:31,ICBP,RG,8600,5,D,YJ,YP,D
13:52:39,ICBP,RG,8600,1,D,YJ,NI,D
13:52:39,ICBP,RG,8625,10,D,KK,BB,D
13:52:34,ICBP,RG,8625,23,D,PD,BB,D
13:52:34,ICBP,RG,8600,2,D,YJ,CC,D
13:52:34,ICBP,RG,8600,19,D,YJ,CC,D
13:52:28,ICBP,RG,8600,3,D,YJ,CC,D
13:52:22,ICBP,RG,8600,2,D,YJ,CC,D
13:50:32,ICBP,RG,8600,1,D,YJ,CC,D
13:50:32,ICBP,RG,8600,3,D,YJ,CC,D
13:50:30,ICBP,RG,8600,2,D,YJ,CC,D
13:50:30,ICBP,RG,8600,17,D,YJ,CC,D
13:49:30,ICBP,RG,8625,1,D,XC,BB,D
13:49:25,ICBP,RG,8625,10,D,YP,BB,D
13:49:00,ICBP,RG,8625,2,D,YP,BB,D
13:49:00,ICBP,RG,8625,5,D,NI,BB,D
13:48:36,ICBP,RG,8600,1,D,YJ,CC,D
13:48:36,ICBP,RG,8600,3,D,YJ,CC,D
13:48:32,ICBP,RG,8600,1,D,YJ,CC,D
13:48:32,ICBP,RG,8600,8,D,YJ,CC,D
13:48:32,ICBP,RG,8600,2,D,XC,CC,D
13:48:32,ICBP,RG,8600,6,D,LG,CC,D
13:48:25,ICBP,RG,8625,10,D,NI,BB,D
13:48:15,ICBP,RG,8625,5,D,NI,BB,D
13:47:45,ICBP,RG,8600,1,D,LG,XC,D
13:47:29,ICBP,RG,8625,1,D,PD,BB,D
13:47:26,ICBP,RG,8625,1,D,XC,BB,D
13:46:19,ICBP,RG,8625,2,D,PD,BB,D
13:46:04,ICBP,RG,8625,3,D,PD,BB,D
13:45:10,ICBP,RG,8625,2,D,YP,BB,D
13:45:10,ICBP,RG,8625,4,D,KK,BB,D
13:44:41,ICBP,RG,8625,25,D,PD,BB,D
13:44:18,ICBP,RG,8625,1,D,PD,BB,D
13:44:16,ICBP,RG,8625,5,D,YP,BB,D
13:44:14,ICBP,RG,8600,2,D,LG,YP,D
13:42:33,ICBP,RG,8600,4,D,LG,PD,D
13:42:28,ICBP,RG,8600,2,D,LG,PD,D
13:42:24,ICBP,RG,8600,14,D,LG,PD,D
13:42:05,ICBP,RG,8625,2,D,NI,BB,D
13:41:53,ICBP,RG,8600,1,D,LG,PD,D
13:41:36,ICBP,RG,8625,6,F,CS,BB,D
13:41:35,ICBP,RG,8625,23,F,CS,BB,D
13:41:35,ICBP,RG,8625,16,F,CS,BB,D
13:41:35,ICBP,RG,8625,2,F,CS,BB,D
13:41:35,ICBP,RG,8625,18,F,CS,BB,D
13:41:35,ICBP,RG,8625,10,F,CS,BB,D
13:41:35,ICBP,RG,8625,1,F,CS,BB,D
13:41:35,ICBP,RG,8625,28,F,CS,BB,D
13:41:35,ICBP,RG,8625,22,F,CS,BB,D
13:41:35,ICBP,RG,8625,3,F,CS,DH,D
13:41:35,ICBP,RG,8625,27,F,CS,DH,D
13:41:35,ICBP,RG,8625,4,F,CS,DH,D
13:41:35,ICBP,RG,8625,4,F,CS,OD,D
13:41:35,ICBP,RG,8625,1,F,CS,OD,D
13:41:35,ICBP,RG,8625,4,F,CS,BB,D
13:41:35,ICBP,RG,8625,5,F,CS,BB,D
13:41:35,ICBP,RG,8625,8,F,CS,BB,D
13:41:35,ICBP,RG,8625,12,F,CS,BB,D
13:41:35,ICBP,RG,8625,3,F,CS,BB,D
13:41:35,ICBP,RG,8625,13,F,CS,BB,D
13:41:35,ICBP,RG,8625,20,F,CS,BB,D
13:41:35,ICBP,RG,8625,4,F,CS,BB,D
13:41:35,ICBP,RG,8625,15,F,CS,BB,D
13:41:35,ICBP,RG,8625,4,F,CS,BB,D
13:41:19,ICBP,RG,8625,10,D,YP,BB,D
13:40:05,ICBP,RG,8625,5,D,PD,BB,D
13:39:52,ICBP,RG,8625,9,D,YB,BB,D
13:39:36,ICBP,RG,8625,2,D,DH,BB,D
13:39:34,ICBP,RG,8600,1,D,LG,XC,D
13:39:32,ICBP,RG,8625,1,D,CC,BB,D
13:38:48,ICBP,RG,8625,1,D,CC,BB,D
13:38:38,ICBP,RG,8625,1,D,PD,BB,D
13:38:05,ICBP,RG,8625,1,D,PD,BB,D
13:37:53,ICBP,RG,8600,10,D,LG,XC,D
13:37:11,ICBP,RG,8600,2,D,LG,DH,D
13:36:25,ICBP,RG,8600,1,D,LG,XC,D
13:35:18,ICBP,RG,8600,3,D,LG,CC,D
13:35:18,ICBP,RG,8600,6,D,LG,CC,D
13:34:44,ICBP,RG,8600,2,D,LG,PD,D
13:34:44,ICBP,RG,8600,8,D,LG,PD,D
13:33:24,ICBP,RG,8600,6,D,LG,AK,F
13:33:24,ICBP,RG,8600,3,D,LG,AK,F
13:33:24,ICBP,RG,8600,2,D,LG,AK,F
13:33:24,ICBP,RG,8600,26,D,LG,CG,F
13:33:18,ICBP,RG,8600,1,D,XC,CG,F
13:33:17,ICBP,RG,8600,2,D,LG,CG,F
13:33:15,ICBP,RG,8600,1,D,PD,CG,F
13:33:05,ICBP,RG,8600,2,D,DH,CG,F
13:32:57,ICBP,RG,8600,7,F,CS,CG,F
13:32:57,ICBP,RG,8600,26,F,CS,CG,F
13:32:57,ICBP,RG,8600,2,F,CS,AK,F
13:32:57,ICBP,RG,8600,13,F,CS,CG,F
13:32:56,ICBP,RG,8600,42,D,YP,CG,F
13:32:56,ICBP,RG,8600,7,D,YP,AK,F
13:32:56,ICBP,RG,8600,4,D,YP,AK,F
13:32:56,ICBP,RG,8600,1,D,YP,CC,D
13:32:56,ICBP,RG,8600,3,D,YP,CC,D
13:32:56,ICBP,RG,8600,1,D,YP,PD,D
13:32:56,ICBP,RG,8600,13,D,YP,CG,F
13:32:56,ICBP,RG,8600,29,D,YP,BB,D
13:32:47,ICBP,RG,8600,7,D,CC,BB,D
13:32:45,ICBP,RG,8600,5,D,PD,BB,D
13:32:36,ICBP,RG,8600,47,D,LG,BB,D
13:32:36,ICBP,RG,8600,8,D,LG,BB,D
13:32:36,ICBP,RG,8600,45,D,LG,BB,D
13:32:23,ICBP,RG,8600,1,D,XC,BB,D
13:32:11,ICBP,RG,8600,1,D,XC,BB,D
13:32:10,ICBP,RG,8600,47,D,LG,BB,D
13:32:10,ICBP,RG,8600,7,D,LG,BB,D
13:32:10,ICBP,RG,8600,3,D,LG,BB,D
13:32:10,ICBP,RG,8600,20,D,LG,YB,D
13:32:10,ICBP,RG,8600,1,D,LG,KK,D
13:32:10,ICBP,RG,8600,21,D,LG,CG,F
13:32:06,ICBP,RG,8600,47,D,LG,CG,F
13:32:06,ICBP,RG,8600,7,D,LG,CG,F
13:32:06,ICBP,RG,8600,45,D,LG,CG,F
13:31:53,ICBP,RG,8600,52,D,DH,CG,F
13:31:53,ICBP,RG,8600,38,D,DH,CG,F
13:31:53,ICBP,RG,8600,10,D,DH,PD,D
13:31:29,ICBP,RG,8575,2,D,OD,NI,D
13:30:58,ICBP,RG,8575,3,D,OD,YB,D
13:30:16,ICBP,RG,8575,18,D,OD,AK,F
13:30:14,ICBP,RG,8575,1,D,OD,YP,D
13:30:13,ICBP,RG,8575,6,D,OD,AK,F
13:30:13,ICBP,RG,8575,9,D,OD,AK,F
13:30:12,ICBP,RG,8575,1,D,OD,CC,D
13:30:10,ICBP,RG,8575,9,D,OD,XC,D
13:30:10,ICBP,RG,8575,3,D,OD,XC,D
13:30:09,ICBP,RG,8575,5,D,OD,CC,D
13:30:08,ICBP,RG,8575,1,D,OD,PD,D
13:30:07,ICBP,RG,8575,1,D,OD,CC,D
13:30:07,ICBP,RG,8575,1,D,OD,XC,D
13:30:07,ICBP,RG,8575,10,D,OD,AR,D
13:30:06,ICBP,RG,8575,2,D,OD,PD,D
13:30:05,ICBP,RG,8575,1,D,OD,PD,D
13:30:05,ICBP,RG,8575,4,D,OD,PD,D
13:30:05,ICBP,RG,8575,1,D,OD,PD,D
13:30:05,ICBP,RG,8575,1,D,OD,KK,D
13:30:05,ICBP,RG,8575,178,D,OD,BB,D
13:30:04,ICBP,RG,8575,2,D,CD,BB,D
13:30:04,ICBP,RG,8575,2,D,DX,BB,D
13:30:04,ICBP,RG,8575,2,D,PD,BB,D
11:29:30,ICBP,RG,8550,1,D,RF,AK,F
11:29:28,ICBP,RG,8575,9,D,CC,BB,D
11:29:17,ICBP,RG,8575,1,D,NI,BB,D
11:29:08,ICBP,RG,8575,15,D,YJ,BB,D
11:29:00,ICBP,RG,8550,1,D,RF,AK,F
11:28:49,ICBP,RG,8575,200,D,YJ,BB,D
11:28:15,ICBP,RG,8550,3,D,RF,AK,F
11:28:15,ICBP,RG,8550,2,D,RF,AK,F
11:28:00,ICBP,RG,8550,5,D,RF,YP,D
11:28:00,ICBP,RG,8550,6,D,RF,CC,D
11:28:00,ICBP,RG,8550,1,D,RF,AK,F
11:27:54,ICBP,RG,8575,2,D,PD,BB,D
11:27:44,ICBP,RG,8575,37,F,CS,BB,D
11:27:44,ICBP,RG,8575,27,F,CS,BB,D
11:27:44,ICBP,RG,8575,31,F,CS,BB,D
11:27:43,ICBP,RG,8575,34,F,CS,BB,D
11:27:43,ICBP,RG,8575,19,F,CS,BB,D
11:27:43,ICBP,RG,8575,1,D,XC,BB,D
11:27:43,ICBP,RG,8575,2,D,DH,BB,D
11:27:43,ICBP,RG,8575,1,D,XC,BB,D
11:27:43,ICBP,RG,8575,1,D,YP,BB,D
11:27:43,ICBP,RG,8575,2,D,IF,BB,D
11:27:43,ICBP,RG,8575,2,D,XC,BB,D
11:27:43,ICBP,RG,8575,4,D,YP,BB,D
11:27:43,ICBP,RG,8575,1,D,PD,BB,D
11:27:43,ICBP,RG,8575,5,D,XC,BB,D
11:27:43,ICBP,RG,8575,10,D,YP,BB,D
11:27:43,ICBP,RG,8575,14,F,CS,BB,D
11:27:31,ICBP,RG,8575,14,F,CS,CG,F
11:27:31,ICBP,RG,8575,1,D,CC,CG,F
11:27:31,ICBP,RG,8575,10,D,NI,CG,F
11:27:31,ICBP,RG,8575,1,D,DH,CG,F
11:27:31,ICBP,RG,8575,1,D,NI,CG,F
11:27:31,ICBP,RG,8575,10,D,PD,CG,F
11:27:31,ICBP,RG,8575,5,D,NI,CG,F
11:27:31,ICBP,RG,8575,5,D,NI,CG,F
11:27:31,ICBP,RG,8575,6,D,PD,CG,F
11:27:31,ICBP,RG,8575,5,D,YP,CG,F
11:27:31,ICBP,RG,8575,3,D,NI,CG,F
11:27:31,ICBP,RG,8575,1,D,PD,CG,F
11:27:31,ICBP,RG,8575,50,D,YU,CG,F
11:27:31,ICBP,RG,8575,1,D,YP,CG,F
11:27:31,ICBP,RG,8575,5,D,GR,CG,F
11:27:31,ICBP,RG,8575,42,F,CS,CG,F
11:27:31,ICBP,RG,8575,1,D,CC,CG,F
11:27:31,ICBP,RG,8575,2,D,CC,CG,F
11:27:31,ICBP,RG,8575,1,D,PD,CG,F
11:27:31,ICBP,RG,8575,30,F,CS,CG,F
11:27:31,ICBP,RG,8575,1,D,KK,CG,F
11:27:31,ICBP,RG,8575,1,D,YP,CG,F
11:27:31,ICBP,RG,8575,7,F,CS,CG,F
11:27:31,ICBP,RG,8575,1,D,XC,CG,F
11:27:31,ICBP,RG,8575,1,D,PD,CG,F
11:27:31,ICBP,RG,8575,1,D,XA,CG,F
11:27:31,ICBP,RG,8575,1,D,CC,CG,F
11:27:31,ICBP,RG,8575,3,D,KK,CG,F
11:27:31,ICBP,RG,8575,2,D,XC,CG,F
11:27:31,ICBP,RG,8575,1,D,NI,CG,F
11:27:31,ICBP,RG,8575,3,D,OD,CG,F
11:27:31,ICBP,RG,8575,2,D,YP,CG,F
11:27:31,ICBP,RG,8575,10,D,KK,CG,F
11:27:31,ICBP,RG,8575,5,D,NI,CG,F
11:27:31,ICBP,RG,8575,1,D,XC,CG,F
11:27:31,ICBP,RG,8575,4,D,CC,CG,F
11:27:31,ICBP,RG,8575,3,D,SQ,CG,F
11:27:31,ICBP,RG,8575,1,D,PD,CG,F
11:27:31,ICBP,RG,8575,1,D,PD,CG,F
11:27:31,ICBP,RG,8575,1,D,CC,CG,F
11:27:31,ICBP,RG,8575,20,D,CC,CG,F
11:27:31,ICBP,RG,8575,1,D,KK,CG,F
11:27:31,ICBP,RG,8575,1,D,CC,CG,F
11:27:31,ICBP,RG,8575,1,D,CC,CG,F
11:27:31,ICBP,RG,8575,5,D,SQ,CG,F
11:27:31,ICBP,RG,8575,1,D,YP,CG,F
11:27:31,ICBP,RG,8575,2,D,YP,CG,F
11:27:31,ICBP,RG,8575,5,D,XC,CG,F
11:27:31,ICBP,RG,8575,1,D,PD,CG,F
11:27:31,ICBP,RG,8575,1,D,XC,CG,F
11:27:31,ICBP,RG,8575,1,D,NI,CG,F
11:27:31,ICBP,RG,8575,5,D,CC,CG,F
11:27:31,ICBP,RG,8575,3,D,XA,CG,F
11:27:31,ICBP,RG,8575,1,D,YB,CG,F
11:27:31,ICBP,RG,8575,8,D,CC,CG,F
11:27:15,ICBP,RG,8575,1,D,CC,AK,F
11:27:15,ICBP,RG,8575,1,D,CC,BK,F
11:27:15,ICBP,RG,8575,2,D,XC,BK,F
11:27:15,ICBP,RG,8575,1,D,PD,BK,F
11:27:15,ICBP,RG,8575,1,D,YP,BK,F
11:27:15,ICBP,RG,8575,1,D,XC,BK,F
11:27:15,ICBP,RG,8575,5,D,YP,BK,F
11:27:15,ICBP,RG,8575,10,D,CC,BK,F
11:27:15,ICBP,RG,8575,12,D,NI,BK,F
11:27:15,ICBP,RG,8575,1,D,PD,BK,F
11:27:15,ICBP,RG,8575,30,D,EP,BK,F
11:27:15,ICBP,RG,8575,1,D,XC,BK,F
11:27:15,ICBP,RG,8575,10,D,KK,BK,F
11:27:15,ICBP,RG,8575,1,D,PD,BK,F
11:27:15,ICBP,RG,8575,2,D,CP,BK,F
11:27:15,ICBP,RG,8575,2,D,SQ,BK,F
11:27:15,ICBP,RG,8575,1,D,DH,BK,F
11:27:15,ICBP,RG,8575,10,D,KK,BK,F
11:27:15,ICBP,RG,8575,9,D,YP,BK,F
11:27:14,ICBP,RG,8575,16,D,YP,BK,F
11:27:14,ICBP,RG,8575,10,D,NI,BK,F
11:27:14,ICBP,RG,8575,5,D,XA,BK,F
11:27:14,ICBP,RG,8575,1,D,DH,BK,F
11:27:14,ICBP,RG,8575,1,D,DH,BK,F
11:27:14,ICBP,RG,8575,10,D,YB,BK,F
11:27:14,ICBP,RG,8575,1,D,PD,BK,F
11:27:14,ICBP,RG,8575,1,D,PD,BK,F
11:27:14,ICBP,RG,8575,2,D,PD,BK,F
11:27:14,ICBP,RG,8575,1,D,SQ,BK,F
11:27:14,ICBP,RG,8575,10,D,YB,BK,F
11:27:14,ICBP,RG,8575,5,D,CC,BK,F
11:27:14,ICBP,RG,8575,37,D,XC,BK,F
11:27:13,ICBP,RG,8575,4,D,XC,BK,F
11:27:13,ICBP,RG,8575,1,D,XC,BK,F
11:27:13,ICBP,RG,8575,12,D,YU,BK,F
11:27:13,ICBP,RG,8575,3,D,YP,BK,F
11:27:13,ICBP,RG,8575,1,D,YP,BK,F
11:27:13,ICBP,RG,8575,23,D,KK,BK,F
11:27:13,ICBP,RG,8575,1,D,YP,BK,F
11:27:13,ICBP,RG,8575,1,D,XC,BK,F
11:27:13,ICBP,RG,8575,1,D,YP,BK,F
11:27:13,ICBP,RG,8575,1,D,CC,BK,F
11:27:13,ICBP,RG,8575,1,D,PD,BK,F
11:27:13,ICBP,RG,8575,2,D,OD,BK,F
11:27:13,ICBP,RG,8575,1,D,PD,BK,F
11:27:13,ICBP,RG,8575,20,D,PD,BK,F
11:27:13,ICBP,RG,8575,1,D,KK,BK,F
11:27:13,ICBP,RG,8575,1,D,YP,BK,F
11:27:13,ICBP,RG,8575,10,D,PD,BK,F
11:27:13,ICBP,RG,8575,1,D,DH,BK,F
11:27:13,ICBP,RG,8575,3,D,XC,BK,F
11:27:13,ICBP,RG,8575,1,D,CC,BK,F
11:27:13,ICBP,RG,8575,1,D,XC,BK,F
11:27:13,ICBP,RG,8575,5,D,XC,BK,F
11:27:13,ICBP,RG,8575,1,D,XA,BK,F
11:27:13,ICBP,RG,8575,1,D,KK,BK,F
11:27:13,ICBP,RG,8575,3,D,CC,BK,F
11:27:12,ICBP,RG,8575,7,D,CC,BK,F
11:27:12,ICBP,RG,8575,5,D,KK,BK,F
11:27:12,ICBP,RG,8575,50,D,CC,BK,F
11:27:12,ICBP,RG,8575,1,D,XC,BK,F
11:27:12,ICBP,RG,8575,5,D,NI,BK,F
11:27:12,ICBP,RG,8575,32,D,LG,BK,F
11:27:11,ICBP,RG,8575,15,D,LG,BK,F
11:27:11,ICBP,RG,8575,7,D,LG,BK,F
11:27:11,ICBP,RG,8575,46,D,LG,BK,F
11:27:11,ICBP,RG,8575,1,D,YP,BK,F
11:27:11,ICBP,RG,8575,10,D,CC,BK,F
11:27:11,ICBP,RG,8575,1,D,YP,BK,F
11:27:11,ICBP,RG,8575,2,D,XC,BK,F
11:27:11,ICBP,RG,8575,1,D,KK,BK,F
11:27:11,ICBP,RG,8575,1,D,YB,BK,F
11:27:11,ICBP,RG,8575,1,D,PD,BK,F
11:27:11,ICBP,RG,8575,10,D,PD,BK,F
11:27:11,ICBP,RG,8575,5,D,DX,BK,F
11:27:01,ICBP,RG,8575,1,D,DX,XC,D
11:27:00,ICBP,RG,8575,3,D,DX,AK,F
11:26:45,ICBP,RG,8575,1,D,DX,AK,F
11:26:45,ICBP,RG,8575,1,D,YU,AK,F
11:26:36,ICBP,RG,8575,5,D,YU,KK,D
11:26:36,ICBP,RG,8575,1,D,NI,KK,D
11:26:36,ICBP,RG,8575,10,D,PD,KK,D
11:26:36,ICBP,RG,8575,12,D,DR,KK,D
11:26:36,ICBP,RG,8575,2,D,PD,KK,D
11:26:30,ICBP,RG,8575,1,D,PD,AK,F
11:26:30,ICBP,RG,8575,1,D,PD,AK,F
11:26:15,ICBP,RG,8575,1,D,PD,AK,F
11:25:45,ICBP,RG,8575,1,D,PD,AK,F
11:25:45,ICBP,RG,8575,2,D,PD,AK,F
11:25:40,ICBP,RG,8575,2,D,PD,CC,D
11:25:15,ICBP,RG,8575,1,D,PD,AK,F
11:25:05,ICBP,RG,8600,9,D,PD,BB,D
11:24:45,ICBP,RG,8575,1,D,PD,AK,F
11:24:01,ICBP,RG,8600,1,D,CC,BB,D
11:23:30,ICBP,RG,8575,4,D,PD,AK,F
11:23:30,ICBP,RG,8575,4,D,PD,AK,F
11:23:01,ICBP,RG,8575,1,D,YP,AK,F
11:23:01,ICBP,RG,8575,1,D,CP,AK,F
11:23:00,ICBP,RG,8575,1,D,CP,AK,F
11:22:53,ICBP,RG,8600,9,D,CC,BB,D
11:22:53,ICBP,RG,8600,26,D,CC,BB,D
11:22:31,ICBP,RG,8600,3,D,PD,BB,D
11:21:45,ICBP,RG,8575,3,D,CP,AK,F
11:21:35,ICBP,RG,8575,25,D,CP,CC,D
11:21:35,ICBP,RG,8575,1,D,PD,CC,D
11:21:35,ICBP,RG,8575,1,D,AZ,CC,D
11:21:35,ICBP,RG,8575,1,D,YP,CC,D
11:21:35,ICBP,RG,8575,2,D,YP,CC,D
11:20:37,ICBP,RG,8600,2,D,XC,BB,D
11:20:28,ICBP,RG,8600,1,D,YB,BB,D
11:20:14,ICBP,RG,8600,2,D,LG,BB,D
11:19:38,ICBP,RG,8600,1,D,NI,BB,D
11:19:12,ICBP,RG,8600,35,D,YU,BB,D
11:18:41,ICBP,RG,8600,1,D,KK,BB,D
11:18:28,ICBP,RG,8600,2,D,NI,BB,D
11:17:33,ICBP,RG,8600,2,D,PD,BB,D
11:17:24,ICBP,RG,8600,1,D,PD,BB,D
11:17:08,ICBP,RG,8600,2,D,AZ,BB,D
11:13:58,ICBP,RG,8600,2,D,OD,BB,D
11:13:25,ICBP,RG,8600,20,D,XC,BB,D
11:10:53,ICBP,RG,8600,1,F,CS,BB,D
11:10:53,ICBP,RG,8600,1,F,CS,BB,D
11:10:53,ICBP,RG,8600,1,F,CS,BB,D
11:10:53,ICBP,RG,8600,3,D,XC,BB,D
11:10:26,ICBP,RG,8625,1,D,XC,BB,D
11:10:17,ICBP,RG,8625,1,D,PD,BB,D
11:09:54,ICBP,RG,8600,1,F,CS,AK,F
11:09:54,ICBP,RG,8600,3,F,CS,AK,F
11:09:54,ICBP,RG,8600,2,F,CS,BB,D
11:09:50,ICBP,RG,8600,5,D,PD,BB,D
11:09:44,ICBP,RG,8600,2,D,YP,BB,D
11:09:40,ICBP,RG,8600,3,D,YP,BB,D
11:09:34,ICBP,RG,8600,42,F,CS,BB,D
11:09:34,ICBP,RG,8600,7,F,CS,AK,F
11:09:34,ICBP,RG,8600,3,F,CS,AK,F
11:09:34,ICBP,RG,8600,1,F,CS,AK,F
11:09:34,ICBP,RG,8600,3,F,CS,AK,F
11:09:34,ICBP,RG,8600,48,F,CS,CC,D
11:09:00,ICBP,RG,8575,3,D,YP,PD,D
11:08:32,ICBP,RG,8600,10,D,DR,CC,D
11:08:26,ICBP,RG,8600,2,D,PD,CC,D
11:08:16,ICBP,RG,8600,5,D,CC,CC,D
11:08:01,ICBP,RG,8600,2,D,LG,CC,D
11:07:51,ICBP,RG,8600,33,D,LG,CC,D
11:07:51,ICBP,RG,8600,14,D,LG,BB,D
11:07:51,ICBP,RG,8600,7,D,LG,BB,D
11:07:51,ICBP,RG,8600,45,D,LG,BB,D
11:07:48,ICBP,RG,8600,47,D,LG,BB,D
11:07:48,ICBP,RG,8600,7,D,LG,OD,D
11:07:48,ICBP,RG,8600,18,D,LG,OD,D
11:07:48,ICBP,RG,8600,2,D,LG,NI,D
11:07:48,ICBP,RG,8600,5,D,LG,PD,D
11:07:48,ICBP,RG,8600,2,D,LG,AK,F
11:07:48,ICBP,RG,8600,1,D,LG,XC,D
11:07:48,ICBP,RG,8600,2,D,LG,AK,F
11:07:48,ICBP,RG,8600,15,D,LG,BB,D
11:07:44,ICBP,RG,8600,6,D,PD,BB,D
11:07:41,ICBP,RG,8600,1,D,LG,BB,D
11:07:39,ICBP,RG,8600,2,D,YP,BB,D
11:07:33,ICBP,RG,8600,9,F,CS,BB,D
11:07:33,ICBP,RG,8600,1,F,CS,BB,D
11:07:32,ICBP,RG,8600,43,F,CS,BB,D
11:07:32,ICBP,RG,8600,38,F,CS,BB,D
11:07:32,ICBP,RG,8600,3,F,CS,BB,D
11:07:32,ICBP,RG,8600,17,F,CS,BB,D
11:07:32,ICBP,RG,8600,23,F,CS,BB,D
11:07:32,ICBP,RG,8600,25,F,CS,BB,D
11:07:32,ICBP,RG,8600,35,F,CS,BB,D
11:07:31,ICBP,RG,8600,21,D,LG,BB,D
11:07:31,ICBP,RG,8600,1,D,LG,XC,D
11:07:31,ICBP,RG,8600,3,D,LG,AK,F
11:07:31,ICBP,RG,8600,1,D,LG,AK,F
11:07:31,ICBP,RG,8600,1,D,LG,AK,F
11:07:31,ICBP,RG,8600,2,D,LG,AK,F
11:07:31,ICBP,RG,8600,1,D,LG,PD,D
11:07:31,ICBP,RG,8600,9,D,LG,CC,D
11:07:31,ICBP,RG,8600,5,D,LG,DH,D
11:07:31,ICBP,RG,8600,3,D,LG,BB,D
11:07:31,ICBP,RG,8600,7,D,LG,BB,D
11:07:31,ICBP,RG,8600,45,D,LG,BB,D
11:07:08,ICBP,RG,8575,4,D,EP,EP,D
11:06:30,ICBP,RG,8575,3,D,EP,AK,F
11:06:30,ICBP,RG,8575,1,D,NI,AK,F
11:06:23,ICBP,RG,8600,1,D,XC,BB,D
11:05:46,ICBP,RG,8600,30,D,KK,BB,D
11:05:06,ICBP,RG,8600,20,D,PD,BB,D
11:05:00,ICBP,RG,8600,4,D,PD,BB,D
11:04:30,ICBP,RG,8575,1,D,NI,AK,F
11:03:28,ICBP,RG,8575,3,D,NI,SQ,D
11:03:28,ICBP,RG,8575,1,D,PD,SQ,D
11:03:28,ICBP,RG,8575,1,D,GR,SQ,D
11:03:28,ICBP,RG,8575,1,D,YU,SQ,D
11:03:28,ICBP,RG,8575,1,D,IF,SQ,D
11:03:28,ICBP,RG,8575,1,D,XC,SQ,D
11:03:28,ICBP,RG,8575,1,D,PD,SQ,D
11:03:28,ICBP,RG,8575,10,D,PD,SQ,D
11:03:28,ICBP,RG,8575,1,D,PD,SQ,D
11:03:28,ICBP,RG,8575,1,D,YP,SQ,D
11:03:28,ICBP,RG,8575,5,D,PD,SQ,D
11:03:28,ICBP,RG,8575,1,D,PD,SQ,D
11:03:28,ICBP,RG,8575,1,D,KK,SQ,D
11:03:28,ICBP,RG,8575,29,D,KI,SQ,D
11:03:28,ICBP,RG,8575,1,D,NI,SQ,D
11:03:28,ICBP,RG,8575,4,D,PD,SQ,D
11:03:02,ICBP,RG,8600,1,D,KK,BB,D
11:02:45,ICBP,RG,8600,3,D,XC,BB,D
11:02:08,ICBP,RG,8600,4,D,PD,BB,D
11:01:54,ICBP,RG,8600,3,D,OD,BB,D
11:01:50,ICBP,RG,8575,1,D,PD,DR,D
11:01:36,ICBP,RG,8600,1,D,DR,BB,D
11:01:01,ICBP,RG,8600,15,D,PD,BB,D
11:00:54,ICBP,RG,8600,1,D,YP,BB,D
11:00:27,ICBP,RG,8600,1,D,XC,BB,D
11:00:16,ICBP,RG,8575,12,D,PD,NI,D
10:59:04,ICBP,RG,8575,5,D,PD,NI,D
10:58:42,ICBP,RG,8575,5,D,PD,NI,D
10:58:04,ICBP,RG,8575,2,D,PD,YU,D
10:57:49,ICBP,RG,8600,2,D,YP,BB,D
10:57:16,ICBP,RG,8600,3,D,XC,BB,D
10:56:59,ICBP,RG,8600,3,D,GR,BB,D
10:56:10,ICBP,RG,8600,37,F,CS,BB,D
10:56:10,ICBP,RG,8600,2,F,CS,AK,F
10:56:10,ICBP,RG,8600,1,F,CS,AK,F
10:56:10,ICBP,RG,8600,1,F,CS,AK,F
10:56:10,ICBP,RG,8600,2,F,CS,AK,F
10:56:10,ICBP,RG,8600,1,F,CS,PD,D
10:56:10,ICBP,RG,8600,12,F,CS,AK,F
10:56:10,ICBP,RG,8600,1,F,CS,AK,F
10:56:10,ICBP,RG,8600,13,F,CS,AK,F
10:56:10,ICBP,RG,8600,22,F,CS,YB,D
10:56:10,ICBP,RG,8600,9,F,CS,PD,D
10:56:10,ICBP,RG,8600,8,F,CS,PD,D
10:56:10,ICBP,RG,8600,19,F,CS,PD,D
10:55:57,ICBP,RG,8575,1,D,PD,KK,D
10:55:51,ICBP,RG,8575,12,D,PD,AT,D
10:55:00,ICBP,RG,8575,2,D,PD,AK,F
10:53:15,ICBP,RG,8575,2,D,PD,AK,F
10:52:28,ICBP,RG,8575,4,D,PD,DH,D
10:52:28,ICBP,RG,8575,1,D,CC,DH,D
10:52:28,ICBP,RG,8575,10,D,PD,DH,D
10:52:28,ICBP,RG,8575,1,D,YP,DH,D
10:52:28,ICBP,RG,8575,1,D,YP,DH,D
10:52:28,ICBP,RG,8575,1,D,NI,DH,D
10:52:28,ICBP,RG,8575,1,D,OD,DH,D
10:52:28,ICBP,RG,8575,12,D,XC,DH,D
10:52:23,ICBP,RG,8575,5,D,XC,CC,D
10:52:18,ICBP,RG,8575,1,D,XC,PD,D
10:52:15,ICBP,RG,8575,4,D,XC,AK,F
10:51:45,ICBP,RG,8575,2,D,XC,AK,F
10:49:45,ICBP,RG,8575,1,D,XC,DH,D
10:49:08,ICBP,RG,8600,1,D,YP,PD,D
10:48:33,ICBP,RG,8600,1,D,DH,PD,D
10:48:31,ICBP,RG,8600,14,F,CS,PD,D
10:48:31,ICBP,RG,8600,12,F,CS,PD,D
10:48:31,ICBP,RG,8600,18,F,CS,PD,D
10:48:31,ICBP,RG,8600,8,F,CS,PD,D
10:48:31,ICBP,RG,8600,1,F,CS,AK,F
10:48:31,ICBP,RG,8600,2,F,CS,AK,F
10:48:31,ICBP,RG,8600,21,F,CS,BB,D
10:48:31,ICBP,RG,8600,36,F,CS,BB,D
10:48:31,ICBP,RG,8600,4,F,CS,BB,D
10:48:31,ICBP,RG,8600,8,F,CS,BB,D
10:48:31,ICBP,RG,8600,8,F,CS,BB,D
10:48:17,ICBP,RG,8600,2,D,XC,BB,D
10:48:17,ICBP,RG,8600,1,D,DH,BB,D
10:48:01,ICBP,RG,8600,1,D,DH,BB,D
10:47:41,ICBP,RG,8600,1,D,DH,BB,D
10:47:13,ICBP,RG,8600,10,D,PD,BB,D
10:47:00,ICBP,RG,8575,1,D,PD,AK,F
10:47:00,ICBP,RG,8575,1,D,YP,AK,F
10:46:32,ICBP,RG,8600,2,D,PD,BB,D
10:45:54,ICBP,RG,8600,1,D,CC,BB,D
10:45:41,ICBP,RG,8600,1,D,DH,BB,D
10:45:30,ICBP,RG,8600,1,D,CC,BB,D
10:45:30,ICBP,RG,8600,4,D,CC,BB,D
10:45:30,ICBP,RG,8600,1,D,CC,YP,D
10:45:22,ICBP,RG,8600,1,D,KK,YP,D
10:45:18,ICBP,RG,8600,16,D,GR,YP,D
10:45:18,ICBP,RG,8600,15,D,GR,CG,F
10:45:18,ICBP,RG,8600,3,D,GR,GR,D
10:45:18,ICBP,RG,8600,5,D,GR,SQ,D
10:45:18,ICBP,RG,8600,11,D,GR,CG,F
10:45:13,ICBP,RG,8600,6,D,YP,CG,F
10:45:13,ICBP,RG,8600,2,D,YP,CC,D
10:45:13,ICBP,RG,8600,22,D,YP,DH,D
10:45:04,ICBP,RG,8600,10,D,YP,DH,D
10:45:04,ICBP,RG,8600,15,D,YP,BB,D
10:45:02,ICBP,RG,8600,46,D,LG,BB,D
10:45:02,ICBP,RG,8600,2,D,LG,NI,D
10:45:02,ICBP,RG,8600,1,D,LG,NI,D
10:45:02,ICBP,RG,8600,6,D,LG,NI,D
10:45:02,ICBP,RG,8600,20,D,LG,NI,D
10:45:02,ICBP,RG,8600,18,D,LG,CG,F
10:45:02,ICBP,RG,8600,1,D,LG,PD,D
10:45:02,ICBP,RG,8600,1,D,LG,AK,F
10:45:02,ICBP,RG,8600,2,D,LG,AK,F
10:45:02,ICBP,RG,8600,2,D,LG,AK,F
10:45:02,ICBP,RG,8600,2,D,LG,AK,F
10:45:01,ICBP,RG,8600,10,D,YP,BK,F
10:44:57,ICBP,RG,8600,47,D,LG,BK,F
10:44:57,ICBP,RG,8600,6,D,LG,BK,F
10:44:57,ICBP,RG,8600,1,D,LG,CG,F
10:44:57,ICBP,RG,8600,45,D,LG,CG,F
10:44:31,ICBP,RG,8600,2,D,XC,CG,F
10:44:24,ICBP,RG,8600,1,D,KK,CG,F
10:43:38,ICBP,RG,8575,1,D,YP,PD,D
10:43:38,ICBP,RG,8575,1,D,YP,PD,D
10:43:15,ICBP,RG,8575,1,D,YP,AK,F
10:43:15,ICBP,RG,8575,1,D,DH,AK,F
10:42:54,ICBP,RG,8575,15,D,DH,PD,D
10:41:56,ICBP,RG,8600,2,D,YP,CG,F
10:41:13,ICBP,RG,8575,6,D,DH,AK,F
10:41:11,ICBP,RG,8575,3,D,DH,CC,D
10:41:00,ICBP,RG,8575,2,D,DH,AK,F
10:40:40,ICBP,RG,8575,3,D,DH,XC,D
10:40:40,ICBP,RG,8575,1,D,YP,XC,D
10:40:40,ICBP,RG,8575,1,D,AG,XC,D
10:40:40,ICBP,RG,8575,2,D,PD,XC,D
10:40:40,ICBP,RG,8575,3,D,PD,XC,D
10:40:40,ICBP,RG,8575,1,D,PD,XC,D
10:40:40,ICBP,RG,8575,1,D,PD,XC,D
10:40:40,ICBP,RG,8575,11,D,PD,XC,D
10:38:06,ICBP,RG,8600,2,D,KK,CG,F
10:37:12,ICBP,RG,8575,1,D,PD,PD,D
10:37:07,ICBP,RG,8600,5,D,PD,CG,F
10:36:58,ICBP,RG,8600,7,D,PD,CG,F
10:36:25,ICBP,RG,8600,1,D,PD,CG,F
10:36:09,ICBP,RG,8600,50,D,OK,CG,F
10:35:19,ICBP,RG,8575,2,D,PD,XC,D
10:35:19,ICBP,RG,8575,1,D,XC,XC,D
10:35:19,ICBP,RG,8575,29,D,GR,XC,D
10:34:58,ICBP,RG,8600,1,D,DH,CG,F
10:34:42,ICBP,RG,8600,1,D,DH,CG,F
10:33:58,ICBP,RG,8600,8,D,PD,CG,F
10:33:54,ICBP,RG,8600,1,D,XC,CG,F
10:33:31,ICBP,RG,8600,1,D,DH,CG,F
10:33:18,ICBP,RG,8600,1,D,XC,CG,F
10:33:08,ICBP,RG,8600,1,D,IF,CG,F
10:32:59,ICBP,RG,8600,2,D,NI,CG,F
10:32:56,ICBP,RG,8600,2,D,AZ,CG,F
10:31:38,ICBP,RG,8600,1,D,EP,BB,D
10:31:11,ICBP,RG,8600,21,F,CS,BB,D
10:31:11,ICBP,RG,8600,21,F,CS,BB,D
10:31:11,ICBP,RG,8600,2,D,CC,BB,D
10:31:11,ICBP,RG,8600,2,D,YP,BB,D
10:31:11,ICBP,RG,8600,1,D,XC,BB,D
10:31:11,ICBP,RG,8600,35,F,CS,BB,D
10:31:11,ICBP,RG,8600,1,D,PD,BB,D
10:31:11,ICBP,RG,8600,11,F,CS,BB,D
10:31:11,ICBP,RG,8600,5,D,PD,BB,D
10:31:11,ICBP,RG,8600,1,D,PD,BB,D
10:31:11,ICBP,RG,8600,11,F,CS,BB,D
10:31:11,ICBP,RG,8600,10,D,OD,BB,D
10:31:11,ICBP,RG,8600,1,D,XC,BB,D
10:31:11,ICBP,RG,8600,34,F,CS,BB,D
10:31:11,ICBP,RG,8600,1,D,DH,BB,D
10:31:11,ICBP,RG,8600,25,D,OD,BB,D
10:31:11,ICBP,RG,8600,22,F,CS,BB,D
10:31:11,ICBP,RG,8600,2,D,XC,BB,D
10:31:11,ICBP,RG,8600,15,F,CS,BB,D
10:31:11,ICBP,RG,8600,3,D,CC,BB,D
10:31:11,ICBP,RG,8600,1,D,NI,BB,D
10:31:11,ICBP,RG,8600,26,F,CS,BB,D
10:31:11,ICBP,RG,8600,3,F,CS,BB,D
10:31:11,ICBP,RG,8600,5,D,XC,BB,D
10:31:11,ICBP,RG,8600,3,F,CS,BB,D
10:31:11,ICBP,RG,8600,1,D,YP,BB,D
10:31:11,ICBP,RG,8600,15,D,KK,BB,D
10:31:11,ICBP,RG,8600,33,F,CS,BB,D
10:31:11,ICBP,RG,8600,1,D,XC,BB,D
10:31:11,ICBP,RG,8600,24,D,GR,BB,D
10:31:11,ICBP,RG,8600,9,F,CS,BB,D
10:31:11,ICBP,RG,8600,1,D,CC,BB,D
10:31:11,ICBP,RG,8600,1,D,XC,BB,D
10:31:11,ICBP,RG,8600,1,D,NI,BB,D
10:31:11,ICBP,RG,8600,2,D,PD,BB,D
10:31:11,ICBP,RG,8600,1,D,YP,BB,D
10:31:11,ICBP,RG,8600,10,D,CC,BB,D
10:31:11,ICBP,RG,8600,5,D,PD,BB,D
10:31:11,ICBP,RG,8600,1,D,AZ,BB,D
10:31:11,ICBP,RG,8600,1,D,GR,BB,D
10:31:11,ICBP,RG,8600,4,D,PD,BB,D
10:31:11,ICBP,RG,8600,7,D,PD,BB,D
10:31:11,ICBP,RG,8600,4,D,PD,BB,D
10:31:11,ICBP,RG,8600,1,D,PD,BB,D
10:31:11,ICBP,RG,8600,1,D,LG,BB,D
10:31:11,ICBP,RG,8600,5,D,DH,BB,D
10:31:11,ICBP,RG,8600,1,D,XC,BB,D
10:31:11,ICBP,RG,8600,2,D,PD,BB,D
10:31:11,ICBP,RG,8600,1,D,KK,BB,D
10:31:11,ICBP,RG,8600,1,D,XC,BB,D
10:31:11,ICBP,RG,8600,1,D,XC,BB,D
10:31:11,ICBP,RG,8600,1,D,YP,BB,D
10:31:11,ICBP,RG,8600,1,D,PD,BB,D
10:31:11,ICBP,RG,8600,36,D,LG,BB,D
10:31:11,ICBP,RG,8600,5,D,LG,BB,D
10:31:11,ICBP,RG,8600,35,D,LG,BB,D
10:31:11,ICBP,RG,8600,1,D,OD,BB,D
10:31:11,ICBP,RG,8600,8,D,NI,BB,D
10:31:11,ICBP,RG,8600,100,D,YP,BB,D
10:31:11,ICBP,RG,8600,1,D,CC,BB,D
10:31:11,ICBP,RG,8600,5,D,KK,BB,D
10:31:11,ICBP,RG,8600,2,D,XC,BB,D
10:31:11,ICBP,RG,8600,1,D,YP,BB,D
10:31:11,ICBP,RG,8600,1,D,PD,BB,D
10:31:11,ICBP,RG,8600,1,D,XC,BB,D
10:31:11,ICBP,RG,8600,50,D,YU,BB,D
10:31:11,ICBP,RG,8600,5,D,YP,BB,D
10:31:11,ICBP,RG,8600,1,D,PD,BB,D
10:31:11,ICBP,RG,8600,2,D,CC,BB,D
10:31:11,ICBP,RG,8600,1,D,NI,BB,D
10:31:11,ICBP,RG,8600,1,D,PD,BB,D
10:31:11,ICBP,RG,8600,2,D,PD,BB,D
10:31:11,ICBP,RG,8600,1,D,YP,BB,D
10:31:11,ICBP,RG,8600,5,D,KK,BB,D
10:31:11,ICBP,RG,8600,1,D,YJ,BB,D
10:31:11,ICBP,RG,8600,15,D,YP,BB,D
10:31:11,ICBP,RG,8600,5,D,CC,BB,D
10:31:11,ICBP,RG,8600,4,D,XC,BB,D
10:31:11,ICBP,RG,8600,1,D,XC,BB,D
10:31:11,ICBP,RG,8600,5,D,NI,BB,D
10:31:11,ICBP,RG,8600,1,D,PD,BB,D
10:31:11,ICBP,RG,8600,3,D,KK,BB,D
10:31:11,ICBP,RG,8600,1,D,XC,BB,D
10:31:11,ICBP,RG,8600,2,D,YP,BB,D
10:31:11,ICBP,RG,8600,1,D,XC,BB,D
10:31:11,ICBP,RG,8600,12,D,YP,BB,D
10:31:11,ICBP,RG,8600,5,D,YP,BB,D
10:31:11,ICBP,RG,8600,1,D,ZP,BB,D
10:31:11,ICBP,RG,8600,1,D,XC,BB,D
10:31:11,ICBP,RG,8600,1,D,YP,BB,D
10:31:11,ICBP,RG,8600,1,D,XC,BB,D
10:31:11,ICBP,RG,8600,2,D,KK,BB,D
10:31:11,ICBP,RG,8600,2,D,KK,BB,D
10:31:11,ICBP,RG,8600,12,D,XC,BB,D
10:31:11,ICBP,RG,8600,5,D,NI,BB,D
10:31:11,ICBP,RG,8600,2,D,PD,BB,D
10:31:11,ICBP,RG,8600,1,D,SQ,BB,D
10:31:11,ICBP,RG,8600,10,D,IP,BB,D
10:31:11,ICBP,RG,8600,1,D,PD,BB,D
10:31:11,ICBP,RG,8600,1,D,PD,BB,D
10:31:11,ICBP,RG,8600,35,D,NI,BB,D
10:31:11,ICBP,RG,8600,1,D,YP,BB,D
10:31:11,ICBP,RG,8600,10,D,CP,BB,D
10:31:11,ICBP,RG,8600,10,D,PD,BB,D
10:31:11,ICBP,RG,8600,10,D,PD,BB,D
10:31:11,ICBP,RG,8600,1,D,PD,BB,D
10:31:11,ICBP,RG,8600,1,D,SQ,BB,D
10:31:11,ICBP,RG,8600,12,D,LG,BB,D
10:31:11,ICBP,RG,8600,50,D,YP,BB,D
10:31:11,ICBP,RG,8600,5,D,PD,BB,D
10:31:11,ICBP,RG,8600,1,D,XC,BB,D
10:31:11,ICBP,RG,8600,2,D,XC,BB,D
10:31:11,ICBP,RG,8600,8,D,NI,BB,D
10:31:11,ICBP,RG,8600,1,D,PD,BB,D
10:31:11,ICBP,RG,8600,4,D,YP,BB,D
10:31:11,ICBP,RG,8600,2,D,PD,BB,D
10:31:11,ICBP,RG,8600,1,D,PD,BB,D
10:31:11,ICBP,RG,8600,1,D,AI,BB,D
10:31:11,ICBP,RG,8600,6,D,XC,BB,D
10:31:11,ICBP,RG,8600,1,D,PD,BB,D
10:31:11,ICBP,RG,8600,2,D,PD,BB,D
10:31:11,ICBP,RG,8600,1,D,PD,BB,D
10:31:11,ICBP,RG,8600,1,D,NI,BB,D
10:31:11,ICBP,RG,8600,1,D,YP,BB,D
10:31:11,ICBP,RG,8600,1,D,AZ,BB,D
10:31:11,ICBP,RG,8600,10,D,PD,BB,D
10:31:11,ICBP,RG,8600,2,D,XC,BB,D
10:31:11,ICBP,RG,8600,1,D,YP,BB,D
10:31:11,ICBP,RG,8600,4,D,YP,BB,D
10:31:11,ICBP,RG,8600,1,D,KK,BB,D
10:31:11,ICBP,RG,8600,1,D,XC,BB,D
10:31:11,ICBP,RG,8600,1,D,XC,BB,D
10:31:11,ICBP,RG,8600,8,D,CC,BB,D
10:31:11,ICBP,RG,8600,5,D,YP,BB,D
10:31:11,ICBP,RG,8600,10,D,XC,BB,D
10:31:11,ICBP,RG,8600,10,D,YP,BB,D
10:31:11,ICBP,RG,8600,100,D,PF,BB,D
10:31:11,ICBP,RG,8600,1,D,DR,BB,D
10:31:11,ICBP,RG,8600,119,D,CC,BB,D
10:30:01,ICBP,RG,8600,4,D,CC,NI,D
10:29:48,ICBP,RG,8625,1,D,KK,BB,D
10:29:36,ICBP,RG,8600,4,D,CC,PD,D
10:29:34,ICBP,RG,8625,175,D,CC,BB,D
10:29:00,ICBP,RG,8600,9,D,CC,AK,F
10:28:58,ICBP,RG,8625,1,D,PD,BB,D
10:28:54,ICBP,RG,8600,3,D,CC,SQ,D
10:28:45,ICBP,RG,8600,1,D,CC,PD,D
10:28:09,ICBP,RG,8600,14,D,CC,AK,F
10:28:09,ICBP,RG,8600,5,D,CC,AK,F
10:28:07,ICBP,RG,8625,2,D,YU,BB,D
10:27:36,ICBP,RG,8600,10,D,CC,GR,D
10:25:41,ICBP,RG,8600,10,D,CC,NI,D
10:25:10,ICBP,RG,8600,3,D,CC,SQ,D
10:24:38,ICBP,RG,8600,2,D,CC,AT,D
10:24:14,ICBP,RG,8600,46,D,CC,YP,D
10:23:48,ICBP,RG,8625,10,F,CS,BB,D
10:23:47,ICBP,RG,8625,30,F,CS,BB,D
10:23:47,ICBP,RG,8625,34,F,CS,BB,D
10:23:47,ICBP,RG,8625,7,F,CS,BB,D
10:23:47,ICBP,RG,8625,5,D,KK,BB,D
10:23:47,ICBP,RG,8625,1,D,PD,BB,D
10:23:47,ICBP,RG,8625,1,D,PD,BB,D
10:23:47,ICBP,RG,8625,1,D,YP,BB,D
10:23:47,ICBP,RG,8625,13,F,CS,BB,D
10:23:47,ICBP,RG,8625,15,F,CS,BB,D
10:23:47,ICBP,RG,8625,45,F,CS,BB,D
10:23:47,ICBP,RG,8625,1,D,CC,BB,D
10:23:47,ICBP,RG,8625,38,D,LG,BB,D
10:23:35,ICBP,RG,8625,3,D,LG,LG,D
10:23:32,ICBP,RG,8625,7,D,LG,CG,F
10:23:32,ICBP,RG,8625,8,D,LG,CG,F
10:23:32,ICBP,RG,8625,22,D,LG,CG,F
10:22:32,ICBP,RG,8625,25,D,LG,YU,D
10:22:32,ICBP,RG,8625,30,F,CS,YU,D
10:22:32,ICBP,RG,8625,3,D,KK,YU,D
10:22:32,ICBP,RG,8625,2,D,PD,YU,D
10:22:32,ICBP,RG,8625,2,D,YP,YU,D
10:22:32,ICBP,RG,8625,23,F,CS,YU,D
10:22:32,ICBP,RG,8625,47,D,LG,YU,D
10:22:32,ICBP,RG,8625,7,D,LG,YU,D
10:22:32,ICBP,RG,8625,45,D,LG,YU,D
10:22:32,ICBP,RG,8625,5,D,PD,YU,D
10:22:32,ICBP,RG,8625,3,D,SQ,YU,D
10:22:32,ICBP,RG,8625,3,D,NI,YU,D
10:22:32,ICBP,RG,8625,10,D,SQ,YU,D
10:22:32,ICBP,RG,8625,1,F,CS,YU,D
10:22:32,ICBP,RG,8625,31,F,CS,YU,D
10:22:32,ICBP,RG,8625,6,F,CS,YU,D
10:22:32,ICBP,RG,8625,1,D,YP,YU,D
10:22:32,ICBP,RG,8625,1,F,CS,YU,D
10:22:32,ICBP,RG,8625,8,F,CS,YU,D
10:22:32,ICBP,RG,8625,15,F,CS,YU,D
10:22:32,ICBP,RG,8625,1,F,CS,YU,D
10:22:32,ICBP,RG,8625,5,D,NI,YU,D
10:22:32,ICBP,RG,8625,10,D,YJ,YU,D
10:22:32,ICBP,RG,8625,1,D,YP,YU,D
10:22:32,ICBP,RG,8625,3,F,CS,YU,D
10:22:32,ICBP,RG,8625,20,F,CS,YU,D
10:22:32,ICBP,RG,8625,15,F,CS,YU,D
10:22:32,ICBP,RG,8625,46,D,LG,YU,D
10:22:32,ICBP,RG,8625,7,D,LG,YU,D
10:22:32,ICBP,RG,8625,45,D,LG,YU,D
10:22:32,ICBP,RG,8625,1,D,KK,YU,D
10:22:32,ICBP,RG,8625,2,D,PD,YU,D
10:22:32,ICBP,RG,8625,1,D,XC,YU,D
10:22:32,ICBP,RG,8625,10,D,LG,YU,D
10:22:32,ICBP,RG,8625,10,D,KK,YU,D
10:22:32,ICBP,RG,8625,1,D,XC,YU,D
10:22:32,ICBP,RG,8625,25,F,CS,YU,D
10:22:32,ICBP,RG,8625,20,F,CS,YU,D
10:22:32,ICBP,RG,8625,1,D,NI,YU,D
10:22:17,ICBP,RG,8650,1,D,CC,BB,D
10:21:26,ICBP,RG,8625,10,D,YU,PD,D
10:20:58,ICBP,RG,8650,5,D,YP,BB,D
10:19:18,ICBP,RG,8650,3,D,PD,BB,D
10:18:45,ICBP,RG,8650,1,D,KK,BB,D
10:18:22,ICBP,RG,8650,1,D,YP,BB,D
10:17:49,ICBP,RG,8650,3,D,YP,BB,D
10:16:34,ICBP,RG,8650,1,D,AG,BB,D
10:14:42,ICBP,RG,8625,34,D,YU,YP,D
10:14:34,ICBP,RG,8650,1,D,XC,BB,D
10:14:23,ICBP,RG,8650,6,D,XC,BB,D
10:14:23,ICBP,RG,8650,1,D,XC,CC,D
10:14:23,ICBP,RG,8650,1,D,XC,YP,D
10:14:09,ICBP,RG,8650,1,D,SQ,YP,D
10:14:06,ICBP,RG,8650,1,D,EP,PD,D
10:13:30,ICBP,RG,8650,1,D,KK,LG,D
10:12:53,ICBP,RG,8650,1,D,PD,LG,D
10:11:42,ICBP,RG,8650,2,D,XC,BB,D
10:11:41,ICBP,RG,8625,9,D,YU,YP,D
10:11:03,ICBP,RG,8650,1,D,EP,BB,D
10:10:24,ICBP,RG,8650,5,D,KK,BB,D
10:10:22,ICBP,RG,8650,5,D,SQ,BB,D
10:09:58,ICBP,RG,8650,1,D,CC,BB,D
10:09:44,ICBP,RG,8625,25,D,YU,CD,D
10:09:32,ICBP,RG,8650,4,D,CC,BB,D
10:09:07,ICBP,RG,8650,1,D,CC,BB,D
10:08:31,ICBP,RG,8650,1,D,AT,BB,D
10:08:23,ICBP,RG,8650,23,D,CC,BB,D
10:08:21,ICBP,RG,8650,1,D,XC,BB,D
10:08:01,ICBP,RG,8650,3,D,PD,BB,D
10:06:34,ICBP,RG,8625,3,D,YU,PD,D
10:06:14,ICBP,RG,8625,9,D,YU,AK,F
10:06:14,ICBP,RG,8625,4,D,YU,AK,F
10:06:14,ICBP,RG,8625,4,D,YU,AK,F
10:06:14,ICBP,RG,8625,1,D,YU,AK,F
10:06:14,ICBP,RG,8625,2,D,YU,AK,F
10:06:14,ICBP,RG,8625,41,D,YU,DH,D
10:06:14,ICBP,RG,8625,17,D,YU,CG,F
10:06:14,ICBP,RG,8625,10,D,YU,DR,D
10:06:14,ICBP,RG,8625,2,D,YU,AK,F
10:06:14,ICBP,RG,8625,2,D,YU,AK,F
10:06:14,ICBP,RG,8625,100,D,YU,KK,D
10:06:14,ICBP,RG,8625,1,D,YU,SQ,D
10:06:14,ICBP,RG,8625,104,D,YU,SQ,D
10:06:14,ICBP,RG,8625,3,D,YU,AK,F
10:06:14,ICBP,RG,8625,2,D,YU,AK,F
10:06:14,ICBP,RG,8625,14,D,YU,AK,F
10:06:14,ICBP,RG,8625,2,D,YU,AK,F
10:06:14,ICBP,RG,8625,93,D,YU,CG,F
10:06:10,ICBP,RG,8625,1,D,YP,CG,F
10:05:32,ICBP,RG,8625,9,D,LG,CG,F
10:05:31,ICBP,RG,8600,3,D,CC,PD,D
10:05:30,ICBP,RG,8600,4,D,CC,AK,F
10:05:15,ICBP,RG,8625,9,D,LG,CG,F
10:05:00,ICBP,RG,8625,7,D,LG,CG,F
10:05:00,ICBP,RG,8600,2,D,CC,AK,F
10:04:35,ICBP,RG,8625,1,D,PD,CG,F
10:04:03,ICBP,RG,8600,3,D,CC,AK,F
10:04:02,ICBP,RG,8625,10,D,DR,CG,F
10:04:01,ICBP,RG,8600,3,D,CC,YP,D
10:03:45,ICBP,RG,8600,1,D,CC,AK,F
10:03:31,ICBP,RG,8600,37,D,CC,AT,D
10:03:31,ICBP,RG,8625,1,D,PD,CG,F
10:03:31,ICBP,RG,8600,17,D,CC,HP,D
10:03:31,ICBP,RG,8600,23,D,PD,HP,D
10:03:31,ICBP,RG,8600,2,D,CC,HP,D
10:03:31,ICBP,RG,8600,10,D,DH,HP,D
10:03:31,ICBP,RG,8600,1,D,PD,HP,D
10:03:31,ICBP,RG,8600,1,D,PD,HP,D
10:03:31,ICBP,RG,8600,5,D,LG,HP,D
10:03:31,ICBP,RG,8600,3,D,LG,HP,D
10:03:31,ICBP,RG,8600,1,D,YP,HP,D
10:03:31,ICBP,RG,8600,10,D,GR,HP,D
10:03:31,ICBP,RG,8600,1,D,PD,HP,D
10:03:31,ICBP,RG,8600,2,D,PD,HP,D
10:03:31,ICBP,RG,8600,1,D,PD,HP,D
10:03:31,ICBP,RG,8600,2,D,ZP,HP,D
10:03:31,ICBP,RG,8600,10,D,DR,HP,D
10:03:31,ICBP,RG,8600,2,D,AT,HP,D
10:03:31,ICBP,RG,8600,2,D,YB,HP,D
10:03:31,ICBP,RG,8600,17,D,YU,HP,D
10:03:30,ICBP,RG,8600,3,D,YU,AK,F
10:03:26,ICBP,RG,8625,8,F,CS,CG,F
10:03:25,ICBP,RG,8625,20,F,CS,BB,D
10:03:25,ICBP,RG,8625,41,F,CS,BB,D
10:03:25,ICBP,RG,8625,42,F,CS,BB,D
10:03:25,ICBP,RG,8625,29,F,CS,BB,D
10:03:25,ICBP,RG,8625,17,F,CS,BB,D
10:03:25,ICBP,RG,8625,26,F,CS,BB,D
10:03:25,ICBP,RG,8625,1,D,XC,BB,D
10:03:25,ICBP,RG,8625,2,D,XC,BB,D
10:03:25,ICBP,RG,8625,5,D,PD,BB,D
10:03:25,ICBP,RG,8625,7,D,PD,BB,D
10:03:25,ICBP,RG,8625,10,D,XC,BB,D
10:03:25,ICBP,RG,8625,41,F,CS,BB,D
10:03:25,ICBP,RG,8625,5,D,NI,BB,D
10:03:25,ICBP,RG,8625,1,D,YB,BB,D
10:03:25,ICBP,RG,8625,2,D,XA,BB,D
10:03:25,ICBP,RG,8625,41,F,CS,BB,D
10:03:25,ICBP,RG,8625,20,D,IP,BB,D
10:03:25,ICBP,RG,8625,1,D,NI,BB,D
10:03:25,ICBP,RG,8625,5,D,YP,BB,D
10:03:25,ICBP,RG,8625,10,D,BQ,BB,D
10:03:25,ICBP,RG,8625,42,F,CS,BB,D
10:03:25,ICBP,RG,8625,1,D,CC,BB,D
10:03:25,ICBP,RG,8625,2,D,DR,BB,D
10:03:25,ICBP,RG,8625,2,D,CC,BB,D
10:03:25,ICBP,RG,8625,1,D,PD,BB,D
10:03:25,ICBP,RG,8625,31,F,CS,BB,D
10:03:25,ICBP,RG,8625,1,D,AZ,BB,D
10:03:25,ICBP,RG,8625,10,D,CC,BB,D
10:03:25,ICBP,RG,8625,1,D,DH,BB,D
10:03:25,ICBP,RG,8625,2,D,YP,BB,D
10:03:25,ICBP,RG,8625,10,D,NI,BB,D
10:03:25,ICBP,RG,8625,1,D,PD,BB,D
10:03:25,ICBP,RG,8625,26,F,CS,BB,D
10:03:25,ICBP,RG,8625,1,D,KK,BB,D
10:03:25,ICBP,RG,8625,1,D,PD,BB,D
10:03:25,ICBP,RG,8625,1,D,XA,BB,D
10:03:25,ICBP,RG,8625,2,D,XA,BB,D
10:03:25,ICBP,RG,8625,2,D,XC,BB,D
10:03:25,ICBP,RG,8625,18,D,PD,BB,D
10:03:25,ICBP,RG,8625,1,D,PD,BB,D
10:03:25,ICBP,RG,8625,2,D,NI,BB,D
10:03:25,ICBP,RG,8625,11,D,PD,BB,D
10:03:25,ICBP,RG,8625,1,D,CC,BB,D
10:03:25,ICBP,RG,8625,1,D,YJ,BB,D
10:03:25,ICBP,RG,8625,1,D,XC,BB,D
10:03:25,ICBP,RG,8625,2,D,NI,BB,D
10:03:12,ICBP,RG,8625,3,D,NI,AK,F
10:03:12,ICBP,RG,8625,1,D,PD,AK,F
10:03:12,ICBP,RG,8625,1,D,XC,AK,F
10:03:12,ICBP,RG,8625,3,D,DH,AK,F
10:03:12,ICBP,RG,8625,5,D,CC,AK,F
10:03:12,ICBP,RG,8625,1,D,XC,AK,F
10:03:12,ICBP,RG,8625,1,D,KK,AK,F
10:03:12,ICBP,RG,8625,1,D,KK,AK,F
10:03:12,ICBP,RG,8625,1,D,NI,AK,F
10:03:12,ICBP,RG,8625,30,D,YB,AK,F
10:03:12,ICBP,RG,8625,1,D,XC,AK,F
10:03:12,ICBP,RG,8625,3,D,YP,AK,F
10:03:12,ICBP,RG,8625,58,D,LG,AK,F
10:03:12,ICBP,RG,8625,9,D,LG,AK,F
10:03:12,ICBP,RG,8625,15,D,LG,AK,F
10:03:11,ICBP,RG,8625,41,D,LG,AK,F
10:03:11,ICBP,RG,8625,1,D,BQ,AK,F
10:03:11,ICBP,RG,8625,1,D,PD,AK,F
10:03:11,ICBP,RG,8625,2,D,CC,AK,F
10:03:11,ICBP,RG,8625,1,D,PD,AK,F
10:03:11,ICBP,RG,8625,10,D,YP,AK,F
10:03:11,ICBP,RG,8625,100,D,SQ,AK,F
10:03:11,ICBP,RG,8625,1,D,PD,AK,F
10:03:11,ICBP,RG,8625,2,D,CC,AK,F
10:03:11,ICBP,RG,8625,1,D,NI,AK,F
10:03:11,ICBP,RG,8625,4,D,PD,AK,F
10:03:11,ICBP,RG,8625,1,D,YP,AK,F
10:03:11,ICBP,RG,8625,10,D,YP,AK,F
10:03:11,ICBP,RG,8625,65,D,ZP,AK,F
10:03:02,ICBP,RG,8650,20,D,KK,BB,D
10:02:57,ICBP,RG,8625,3,D,ZP,CG,F
10:02:45,ICBP,RG,8625,1,D,ZP,AK,F
10:02:31,ICBP,RG,8625,2,D,ZP,CG,F
10:02:23,ICBP,RG,8625,179,D,ZP,AK,F
10:02:23,ICBP,RG,8625,1,D,XC,AK,F
10:02:23,ICBP,RG,8625,15,F,XA,AK,F
10:02:23,ICBP,RG,8625,6,D,XC,AK,F
10:02:23,ICBP,RG,8625,1,D,XC,AK,F
10:02:23,ICBP,RG,8625,2,F,CS,AK,F
10:02:23,ICBP,RG,8625,3,D,YP,AK,F
10:02:23,ICBP,RG,8625,3,D,PD,AK,F
10:02:23,ICBP,RG,8625,1,D,OD,AK,F
10:02:23,ICBP,RG,8625,1,D,YP,AK,F
10:02:23,ICBP,RG,8625,1,D,KK,AK,F
10:02:23,ICBP,RG,8625,1,D,XC,AK,F
10:02:23,ICBP,RG,8625,1,D,YP,AK,F
10:02:23,ICBP,RG,8625,2,D,XC,AK,F
10:02:23,ICBP,RG,8625,1,D,YP,AK,F
10:02:23,ICBP,RG,8625,1,D,XC,AK,F
10:02:23,ICBP,RG,8625,2,D,PD,AK,F
10:02:23,ICBP,RG,8625,1,D,CC,AK,F
10:02:23,ICBP,RG,8625,2,D,KK,AK,F
10:02:23,ICBP,RG,8625,5,D,YP,AK,F
10:02:23,ICBP,RG,8625,1,D,CC,AK,F
10:02:23,ICBP,RG,8625,2,D,YP,AK,F
10:02:23,ICBP,RG,8625,8,D,PD,AK,F
10:02:23,ICBP,RG,8625,1,D,XC,NI,D
10:02:23,ICBP,RG,8625,1,D,YP,NI,D
10:02:22,ICBP,RG,8625,1,D,YP,PD,D
10:02:11,ICBP,RG,8625,3,D,YP,CG,F
10:02:08,ICBP,RG,8650,11,D,PD,BB,D
10:01:59,ICBP,RG,8625,11,D,YP,PD,D
10:01:59,ICBP,RG,8625,1,D,NI,PD,D
10:01:59,ICBP,RG,8625,1,D,SQ,PD,D
10:01:59,ICBP,RG,8625,5,F,CS,PD,D
10:01:54,ICBP,RG,8625,5,F,CS,YP,D
10:01:51,ICBP,RG,8625,3,F,CS,CG,F
10:01:41,ICBP,RG,8650,11,D,GR,BB,D
10:01:31,ICBP,RG,8625,3,F,CS,CG,F
10:01:17,ICBP,RG,8625,1,F,CS,XC,D
10:01:08,ICBP,RG,8625,2,F,CS,CG,F
10:00:51,ICBP,RG,8625,2,F,CS,CG,F
10:00:47,ICBP,RG,8650,6,D,YP,BB,D
10:00:45,ICBP,RG,8625,2,F,CS,AK,F
10:00:30,ICBP,RG,8625,3,F,CS,CG,F
10:00:30,ICBP,RG,8625,1,F,CS,AK,F
10:00:15,ICBP,RG,8650,1,D,SQ,BB,D
9:59:56,ICBP,RG,8625,1,D,CC,CG,F
9:59:56,ICBP,RG,8625,1,D,XC,CG,F
9:59:38,ICBP,RG,8650,47,D,LG,BB,D
9:59:38,ICBP,RG,8650,7,D,LG,BB,D
9:59:38,ICBP,RG,8650,45,D,LG,BB,D
9:59:36,ICBP,RG,8625,2,D,NI,CG,F
9:59:32,ICBP,RG,8625,1,D,NI,DH,D
9:59:16,ICBP,RG,8625,2,D,DH,CG,F
9:58:57,ICBP,RG,8625,3,D,PD,CG,F
9:58:56,ICBP,RG,8650,3,D,NI,BB,D
9:58:26,ICBP,RG,8625,2,D,PD,CG,F
9:58:05,ICBP,RG,8625,2,D,PD,CG,F
9:57:49,ICBP,RG,8650,2,D,XC,BB,D
9:57:46,ICBP,RG,8625,3,D,PD,CG,F
9:57:38,ICBP,RG,8650,5,D,PD,BB,D
9:57:22,ICBP,RG,8650,1,D,XC,BB,D
9:57:16,ICBP,RG,8650,1,D,XC,BB,D
9:57:09,ICBP,RG,8625,1,D,PD,CG,F
9:57:09,ICBP,RG,8625,1,D,XC,CG,F
9:56:51,ICBP,RG,8650,3,D,YP,BB,D
9:56:51,ICBP,RG,8625,3,D,YP,CC,D
9:56:07,ICBP,RG,8650,5,D,LG,BB,D
9:56:07,ICBP,RG,8650,89,D,LG,BB,D
9:56:07,ICBP,RG,8650,11,D,LG,BB,D
9:56:07,ICBP,RG,8650,1,D,LG,YP,D
9:56:07,ICBP,RG,8650,3,D,LG,PD,D
9:56:07,ICBP,RG,8650,2,D,LG,XC,D
9:56:07,ICBP,RG,8650,89,D,LG,CP,D
9:55:42,ICBP,RG,8650,20,D,NI,CP,D
9:55:34,ICBP,RG,8650,1,D,NI,CP,D
9:55:14,ICBP,RG,8650,20,F,CS,CP,D
9:55:14,ICBP,RG,8650,1,F,CS,KK,D
9:55:14,ICBP,RG,8650,2,F,CS,PD,D
9:55:14,ICBP,RG,8650,87,F,CS,EP,D
9:55:14,ICBP,RG,8650,2,F,CS,AK,F
9:55:14,ICBP,RG,8650,2,F,CS,XC,D
9:55:14,ICBP,RG,8650,1,F,CS,XC,D
9:55:14,ICBP,RG,8650,3,F,CS,PD,D
9:55:14,ICBP,RG,8650,2,F,CS,AK,F
9:55:14,ICBP,RG,8650,55,F,CS,BB,D
9:55:14,ICBP,RG,8650,23,F,CS,BB,D
9:55:14,ICBP,RG,8650,4,F,CS,BB,D
9:55:14,ICBP,RG,8650,2,F,CS,YP,D
9:55:14,ICBP,RG,8650,18,F,CS,YP,D
9:55:14,ICBP,RG,8650,2,F,CS,YP,D
9:55:14,ICBP,RG,8650,2,F,CS,CG,F
9:55:14,ICBP,RG,8650,1,F,CS,CG,F
9:55:14,ICBP,RG,8650,3,F,CS,CG,F
9:55:14,ICBP,RG,8650,3,F,CS,CG,F
9:55:14,ICBP,RG,8650,1,F,CS,AK,F
9:55:14,ICBP,RG,8650,2,F,CS,AK,F
9:55:14,ICBP,RG,8650,3,F,CS,AK,F
9:55:14,ICBP,RG,8650,5,F,CS,AK,F
9:55:14,ICBP,RG,8650,5,F,CS,CG,F
9:55:14,ICBP,RG,8650,16,F,CS,BB,D
9:55:14,ICBP,RG,8650,10,F,CS,BB,D
9:55:14,ICBP,RG,8650,38,F,CS,BB,D
9:55:14,ICBP,RG,8650,13,F,CS,BB,D
9:55:13,ICBP,RG,8650,28,D,LG,BB,D
9:55:13,ICBP,RG,8650,19,D,LG,BK,F
9:55:13,ICBP,RG,8650,7,D,LG,BK,F
9:55:13,ICBP,RG,8650,46,D,LG,BK,F
9:55:06,ICBP,RG,8625,2,D,CC,CG,F
9:54:58,ICBP,RG,8650,17,D,LG,BK,F
9:54:58,ICBP,RG,8650,2,D,LG,BK,F
9:54:57,ICBP,RG,8650,16,D,LG,BK,F
9:54:48,ICBP,RG,8625,2,D,CC,CG,F
9:54:38,ICBP,RG,8625,1,D,CC,CC,D
9:54:31,ICBP,RG,8625,2,D,NI,CG,F
9:54:15,ICBP,RG,8625,2,D,NI,CG,F
9:54:15,ICBP,RG,8625,1,D,NI,AT,D
9:54:15,ICBP,RG,8625,1,D,KK,AT,D
9:54:15,ICBP,RG,8625,1,D,YP,AT,D
9:53:56,ICBP,RG,8625,2,D,YP,CG,F
9:53:56,ICBP,RG,8625,1,D,PD,CG,F
9:53:36,ICBP,RG,8625,2,D,CC,CG,F
9:53:19,ICBP,RG,8625,2,D,CC,CG,F
9:53:01,ICBP,RG,8625,2,D,CC,CG,F
9:53:00,ICBP,RG,8625,4,D,CC,AK,F
9:52:41,ICBP,RG,8625,3,D,CC,PD,D
9:52:41,ICBP,RG,8625,3,D,CC,CG,F
9:52:21,ICBP,RG,8625,2,D,CC,CG,F
9:52:02,ICBP,RG,8625,2,D,CC,CG,F
9:51:46,ICBP,RG,8625,2,D,CC,CG,F
9:51:34,ICBP,RG,8625,4,D,CC,XC,D
9:51:27,ICBP,RG,8625,2,D,CC,CG,F
9:51:11,ICBP,RG,8625,2,D,CC,CG,F
9:50:51,ICBP,RG,8625,2,D,CC,CG,F
9:50:41,ICBP,RG,8650,1,F,CS,BK,F
9:50:41,ICBP,RG,8650,5,F,CS,BK,F
9:50:41,ICBP,RG,8650,13,F,CS,BK,F
9:50:31,ICBP,RG,8625,2,D,CC,CG,F
9:50:24,ICBP,RG,8650,1,D,KK,BK,F
9:50:08,ICBP,RG,8625,2,D,CC,CG,F
9:49:51,ICBP,RG,8625,3,D,CC,CG,F
9:49:14,ICBP,RG,8625,2,D,CC,CG,F
9:48:56,ICBP,RG,8625,3,D,CC,CG,F
9:48:37,ICBP,RG,8650,5,D,YU,BK,F
9:48:19,ICBP,RG,8625,2,D,CC,CG,F
9:47:53,ICBP,RG,8650,4,D,XC,BK,F
9:47:38,ICBP,RG,8650,1,D,XC,BK,F
9:46:55,ICBP,RG,8650,1,D,PD,BK,F
9:46:36,ICBP,RG,8650,3,D,PD,BK,F
9:46:20,ICBP,RG,8625,1,D,CC,CC,D
9:45:05,ICBP,RG,8650,1,D,CC,BK,F
9:44:48,ICBP,RG,8625,3,D,CC,CC,D
9:44:48,ICBP,RG,8625,2,D,XC,CC,D
9:44:48,ICBP,RG,8625,1,D,CC,CC,D
9:44:48,ICBP,RG,8625,1,D,NI,CC,D
9:44:40,ICBP,RG,8650,1,D,XC,BK,F
9:44:39,ICBP,RG,8650,5,D,YP,BK,F
9:44:28,ICBP,RG,8650,4,D,PD,BK,F
9:43:13,ICBP,RG,8625,1,D,PD,AK,F
9:43:13,ICBP,RG,8625,4,D,DH,AK,F
9:43:13,ICBP,RG,8625,2,D,XC,AK,F
9:42:16,ICBP,RG,8625,3,D,XC,AK,F
9:42:16,ICBP,RG,8625,1,D,HP,AK,F
9:42:16,ICBP,RG,8625,1,D,CC,AK,F
9:42:16,ICBP,RG,8625,1,D,PD,AK,F
9:42:16,ICBP,RG,8625,1,D,CP,AK,F
9:42:16,ICBP,RG,8625,1,D,XC,AK,F
9:42:16,ICBP,RG,8625,4,D,PD,AK,F
9:42:12,ICBP,RG,8625,6,D,PD,CC,D
9:40:39,ICBP,RG,8625,1,D,PD,EP,D
9:40:14,ICBP,RG,8625,190,D,PD,YP,D
9:40:07,ICBP,RG,8650,1,D,NI,BK,F
9:39:25,ICBP,RG,8625,7,D,PD,EP,D
9:39:25,ICBP,RG,8625,1,D,XC,EP,D
9:39:25,ICBP,RG,8625,2,F,CS,EP,D
9:39:25,ICBP,RG,8625,12,D,YU,EP,D
9:39:25,ICBP,RG,8625,5,D,CC,EP,D
9:39:25,ICBP,RG,8625,2,D,LS,EP,D
9:39:25,ICBP,RG,8625,1,D,CC,EP,D
9:39:25,ICBP,RG,8625,1,D,AZ,EP,D
9:39:25,ICBP,RG,8625,19,F,CS,EP,D
9:39:25,ICBP,RG,8625,50,D,YP,EP,D
9:39:05,ICBP,RG,8650,4,D,XC,BK,F
9:38:38,ICBP,RG,8650,6,D,NI,BK,F
9:38:33,ICBP,RG,8650,1,D,XC,BK,F
9:38:28,ICBP,RG,8650,12,D,PD,BK,F
9:38:13,ICBP,RG,8650,1,D,YP,BK,F
9:38:00,ICBP,RG,8625,1,D,NI,EP,D
9:38:00,ICBP,RG,8625,1,D,YP,EP,D
9:38:00,ICBP,RG,8625,13,F,CS,EP,D
9:37:59,ICBP,RG,8650,1,D,YP,BK,F
9:37:57,ICBP,RG,8650,1,D,XC,BK,F
9:37:57,ICBP,RG,8625,1,D,YP,XC,D
9:37:57,ICBP,RG,8625,1,D,PD,XC,D
9:37:43,ICBP,RG,8625,1,D,PD,EP,D
9:37:39,ICBP,RG,8625,1,D,PD,PD,D
9:37:34,ICBP,RG,8650,11,D,GR,BK,F
9:37:15,ICBP,RG,8650,1,D,PD,BK,F
9:37:14,ICBP,RG,8650,2,D,LG,BK,F
9:36:52,ICBP,RG,8625,7,D,PD,XC,D
9:36:52,ICBP,RG,8625,1,D,YP,XC,D
9:36:52,ICBP,RG,8625,2,D,CC,XC,D
9:35:45,ICBP,RG,8625,1,D,CC,PD,D
9:35:43,ICBP,RG,8625,27,D,CC,YP,D
9:35:43,ICBP,RG,8625,1,D,KK,YP,D
9:35:43,ICBP,RG,8625,2,D,DR,YP,D
9:35:43,ICBP,RG,8625,2,D,XC,YP,D
9:35:43,ICBP,RG,8625,1,D,PD,YP,D
9:35:43,ICBP,RG,8625,1,D,PD,YP,D
9:35:43,ICBP,RG,8625,1,D,PD,YP,D
9:35:13,ICBP,RG,8625,5,D,YP,PD,D
9:35:11,ICBP,RG,8625,1,D,YP,PD,D
9:34:23,ICBP,RG,8625,8,D,YP,CP,D
9:34:08,ICBP,RG,8625,1,D,YP,YP,D
9:34:08,ICBP,RG,8625,5,D,GR,YP,D
9:34:08,ICBP,RG,8625,9,D,GR,YP,D
9:34:00,ICBP,RG,8650,1,D,PD,BK,F
9:33:13,ICBP,RG,8650,5,D,AZ,BK,F
9:32:46,ICBP,RG,8650,9,D,DH,BK,F
9:32:46,ICBP,RG,8650,1,D,DH,CG,F
9:32:42,ICBP,RG,8625,1,D,GR,HP,D
9:32:39,ICBP,RG,8625,1,D,GR,PD,D
9:32:04,ICBP,RG,8650,6,D,OD,AK,F
9:32:04,ICBP,RG,8650,5,D,OD,YP,D
9:32:04,ICBP,RG,8650,1,D,OD,CG,F
9:32:02,ICBP,RG,8650,1,D,XC,PD,D
9:31:49,ICBP,RG,8650,1,F,CS,CG,F
9:31:49,ICBP,RG,8650,6,F,CS,BB,D
9:31:47,ICBP,RG,8650,47,D,KK,BB,D
9:31:46,ICBP,RG,8650,2,D,KK,YU,D
9:31:46,ICBP,RG,8650,1,D,KK,PD,D
9:31:46,ICBP,RG,8650,3,D,KK,CG,F
9:31:46,ICBP,RG,8650,4,D,KK,CG,F
9:31:46,ICBP,RG,8650,1,D,KK,PD,D
9:31:46,ICBP,RG,8650,3,D,KK,CG,F
9:31:46,ICBP,RG,8650,26,D,KK,BB,D
9:31:46,ICBP,RG,8650,5,D,KK,CG,F
9:31:46,ICBP,RG,8650,1,D,KK,AK,F
9:31:46,ICBP,RG,8650,3,D,KK,AK,F
9:31:46,ICBP,RG,8650,2,D,KK,AK,F
9:31:46,ICBP,RG,8650,2,D,KK,AK,F
9:31:46,ICBP,RG,8650,1,D,KK,PD,D
9:31:46,ICBP,RG,8650,14,D,KK,BK,F
9:31:35,ICBP,RG,8650,1,D,DH,BK,F
9:31:08,ICBP,RG,8650,1,D,NI,BK,F
9:31:04,ICBP,RG,8650,10,D,YP,BK,F
9:30:52,ICBP,RG,8625,1,D,GR,NI,D
9:30:22,ICBP,RG,8625,1,D,GR,AK,F
9:30:22,ICBP,RG,8650,10,D,CC,BK,F
9:30:13,ICBP,RG,8650,1,D,PD,BK,F
9:30:07,ICBP,RG,8625,2,D,GR,ZP,D
9:30:06,ICBP,RG,8625,8,D,GR,AK,F
9:30:05,ICBP,RG,8650,5,D,YJ,BK,F
9:30:05,ICBP,RG,8650,4,D,YJ,AK,F
9:30:05,ICBP,RG,8650,25,D,YJ,BB,D
9:30:05,ICBP,RG,8650,48,D,YJ,CG,F
9:30:05,ICBP,RG,8650,1,D,YJ,AK,F
9:30:05,ICBP,RG,8650,1,D,YJ,PD,D
9:30:05,ICBP,RG,8650,49,D,YJ,BB,D
9:29:52,ICBP,RG,8625,1,D,GR,AK,F
9:29:51,ICBP,RG,8650,1,D,SQ,BB,D
9:29:32,ICBP,RG,8650,1,D,XC,AK,F
9:29:32,ICBP,RG,8650,1,D,XC,AK,F
9:29:32,ICBP,RG,8650,5,D,YU,AK,F
9:29:32,ICBP,RG,8650,2,D,YB,CG,F
9:29:32,ICBP,RG,8650,1,D,YP,CG,F
9:29:31,ICBP,RG,8650,15,F,CS,CG,F
9:29:31,ICBP,RG,8650,7,D,PD,CG,F
9:29:31,ICBP,RG,8650,18,F,CS,CG,F
9:29:31,ICBP,RG,8650,3,F,CS,XC,D
9:29:31,ICBP,RG,8650,1,D,PD,XC,D
9:29:31,ICBP,RG,8650,1,D,PD,XC,D
9:29:31,ICBP,RG,8650,33,D,KK,XC,D
9:29:05,ICBP,RG,8650,1,D,KK,PD,D
9:29:03,ICBP,RG,8650,15,D,KK,AK,F
9:29:02,ICBP,RG,8650,1,D,KK,KK,D
9:29:02,ICBP,RG,8650,1,D,CC,KK,D
9:29:02,ICBP,RG,8650,11,D,XC,KK,D
9:29:02,ICBP,RG,8650,10,D,OD,KK,D
9:29:02,ICBP,RG,8650,50,D,YJ,KK,D
9:29:02,ICBP,RG,8650,5,F,YP,KK,D
9:29:02,ICBP,RG,8650,3,D,NI,KK,D
9:29:02,ICBP,RG,8650,4,D,YP,KK,D
9:29:02,ICBP,RG,8650,39,F,CS,KK,D
9:29:02,ICBP,RG,8650,5,D,PD,KK,D
9:29:02,ICBP,RG,8650,21,D,LG,KK,D
9:28:33,ICBP,RG,8650,3,D,LG,BB,D
9:28:33,ICBP,RG,8650,10,D,LG,AK,F
9:28:30,ICBP,RG,8650,13,D,LG,BK,F
9:28:30,ICBP,RG,8650,7,D,LG,BK,F
9:28:30,ICBP,RG,8650,45,D,LG,BK,F
9:28:30,ICBP,RG,8650,6,F,CS,BK,F
9:28:30,ICBP,RG,8650,1,D,PD,BK,F
9:28:30,ICBP,RG,8650,1,D,OD,BK,F
9:28:30,ICBP,RG,8650,25,F,CS,BK,F
9:28:30,ICBP,RG,8650,2,D,YP,BK,F
9:28:30,ICBP,RG,8650,1,D,YP,AK,F
9:28:30,ICBP,RG,8650,9,D,YJ,AK,F
9:28:29,ICBP,RG,8650,41,D,YJ,BK,F
9:28:29,ICBP,RG,8650,1,D,PD,BK,F
9:28:29,ICBP,RG,8650,5,D,XC,BK,F
9:28:29,ICBP,RG,8650,50,D,GR,BK,F
9:28:29,ICBP,RG,8650,3,D,SQ,BK,F
9:28:29,ICBP,RG,8650,9,D,SQ,AK,F
9:28:29,ICBP,RG,8650,1,D,XC,AK,F
9:28:29,ICBP,RG,8650,5,D,KK,AK,F
9:28:29,ICBP,RG,8650,5,D,YJ,AK,F
9:28:28,ICBP,RG,8650,95,D,YJ,BK,F
9:28:28,ICBP,RG,8650,5,D,PD,BK,F
9:28:28,ICBP,RG,8650,1,D,AZ,BK,F
9:28:28,ICBP,RG,8650,99,D,YJ,BK,F
9:28:27,ICBP,RG,8650,1,D,YJ,AK,F
9:28:27,ICBP,RG,8650,1,D,DH,AK,F
9:28:27,ICBP,RG,8650,8,F,CS,AK,F
9:28:26,ICBP,RG,8650,5,F,CS,BK,F
9:28:26,ICBP,RG,8650,2,F,CS,BK,F
9:28:26,ICBP,RG,8650,23,F,CS,BK,F
9:28:26,ICBP,RG,8650,70,D,YJ,BK,F
9:28:24,ICBP,RG,8650,4,D,YJ,BB,D
9:28:24,ICBP,RG,8650,1,D,YJ,AK,F
9:28:23,ICBP,RG,8650,12,D,YJ,KK,D
9:28:12,ICBP,RG,8650,6,D,YJ,AK,F
9:28:11,ICBP,RG,8650,51,D,YJ,BB,D
9:27:36,ICBP,RG,8675,1,D,NI,XC,D
9:27:17,ICBP,RG,8675,1,D,DH,XC,D
9:27:04,ICBP,RG,8650,1,D,YJ,PD,D
9:26:34,ICBP,RG,8650,1,D,YJ,AK,F
9:26:33,ICBP,RG,8650,10,D,YJ,CC,D
9:26:27,ICBP,RG,8650,5,D,YJ,AK,F
9:26:26,ICBP,RG,8650,39,D,YJ,BB,D
9:26:26,ICBP,RG,8650,1,D,DH,BB,D
9:26:26,ICBP,RG,8650,1,F,CS,BB,D
9:26:26,ICBP,RG,8650,1,D,PD,BB,D
9:25:46,ICBP,RG,8675,1,D,PD,XC,D
9:25:45,ICBP,RG,8675,1,D,YP,XC,D
9:25:45,ICBP,RG,8675,2,D,YP,KK,D
9:25:14,ICBP,RG,8675,1,D,CC,KK,D
9:25:06,ICBP,RG,8675,1,D,XC,KK,D
9:24:58,ICBP,RG,8675,1,D,XC,KK,D
9:24:44,ICBP,RG,8675,5,D,PD,KK,D
9:24:13,ICBP,RG,8675,1,D,PD,KK,D
9:23:41,ICBP,RG,8675,1,D,CC,KK,D
9:21:53,ICBP,RG,8650,1,D,PD,CC,D
9:21:39,ICBP,RG,8650,2,F,CS,AK,F
9:21:39,ICBP,RG,8625,3,D,GR,AK,F
9:21:39,ICBP,RG,8650,4,F,CS,AK,F
9:21:39,ICBP,RG,8650,12,F,CS,BB,D
9:21:38,ICBP,RG,8650,3,D,OD,BB,D
9:21:38,ICBP,RG,8650,2,D,YP,BB,D
9:21:38,ICBP,RG,8650,1,D,XA,BB,D
9:21:38,ICBP,RG,8650,1,D,XC,BB,D
9:21:38,ICBP,RG,8650,1,D,NI,BB,D
9:21:38,ICBP,RG,8650,5,F,YP,BB,D
9:21:38,ICBP,RG,8650,2,F,CS,BB,D
9:21:38,ICBP,RG,8650,23,D,YJ,BB,D
9:21:33,ICBP,RG,8675,2,D,XC,KK,D
9:21:29,ICBP,RG,8675,5,D,CC,KK,D
9:21:12,ICBP,RG,8675,1,D,YP,KK,D
9:21:01,ICBP,RG,8650,3,D,YJ,XC,D
9:19:35,ICBP,RG,8650,9,D,YJ,CG,F
9:19:35,ICBP,RG,8650,2,D,YJ,AK,F
9:19:34,ICBP,RG,8650,3,D,YJ,AK,F
9:19:34,ICBP,RG,8650,2,D,YJ,AK,F
9:19:34,ICBP,RG,8650,12,D,YJ,AK,F
9:19:34,ICBP,RG,8650,5,D,YJ,PD,D
9:19:34,ICBP,RG,8650,10,D,YJ,AK,F
9:19:34,ICBP,RG,8650,2,D,YJ,AK,F
9:19:34,ICBP,RG,8650,2,D,YJ,AK,F
9:19:34,ICBP,RG,8650,5,D,YJ,AK,F
9:19:34,ICBP,RG,8650,4,D,YJ,AK,F
9:19:34,ICBP,RG,8650,2,D,YJ,AK,F
9:19:34,ICBP,RG,8650,16,D,YJ,AK,F
9:19:34,ICBP,RG,8650,8,D,YP,AK,F
9:19:34,ICBP,RG,8650,7,D,YP,CG,F
9:19:34,ICBP,RG,8650,9,D,YP,CG,F
9:19:34,ICBP,RG,8650,1,D,YP,PD,D
9:19:20,ICBP,RG,8650,1,D,YP,BB,D
9:19:14,ICBP,RG,8650,67,D,YP,BB,D
9:19:02,ICBP,RG,8650,2,D,DR,BB,D
9:18:58,ICBP,RG,8650,1,D,YP,BB,D
9:18:56,ICBP,RG,8650,17,D,LG,BB,D
9:18:56,ICBP,RG,8650,6,D,LG,BB,D
9:18:56,ICBP,RG,8650,3,D,LG,BB,D
9:18:56,ICBP,RG,8650,5,D,LG,BB,D
9:18:56,ICBP,RG,8650,11,D,LG,CG,F
9:18:56,ICBP,RG,8650,1,D,LG,PD,D
9:18:56,ICBP,RG,8650,5,D,LG,CC,D
9:18:52,ICBP,RG,8650,3,D,SQ,CC,D
9:18:45,ICBP,RG,8650,2,D,LG,CC,D
9:18:45,ICBP,RG,8650,1,D,LG,YP,D
9:18:45,ICBP,RG,8650,7,D,LG,YP,D
9:18:45,ICBP,RG,8650,3,D,LG,AK,F
9:18:45,ICBP,RG,8650,3,D,LG,AK,F
9:18:45,ICBP,RG,8650,2,D,LG,AK,F
9:18:45,ICBP,RG,8650,5,D,LG,AK,F
9:18:45,ICBP,RG,8650,3,D,LG,AK,F
9:18:45,ICBP,RG,8650,3,D,LG,AK,F
9:18:45,ICBP,RG,8650,6,D,LG,AK,F
9:18:45,ICBP,RG,8650,2,D,LG,AK,F
9:18:45,ICBP,RG,8650,2,D,LG,AK,F
9:18:45,ICBP,RG,8650,1,D,LG,AK,F
9:18:45,ICBP,RG,8650,8,D,LG,AK,F
9:18:42,ICBP,RG,8650,5,D,MG,AK,F
9:18:42,ICBP,RG,8650,10,D,LG,AK,F
9:18:42,ICBP,RG,8650,13,D,LG,CG,F
9:18:42,ICBP,RG,8650,3,D,LG,CG,F
9:18:42,ICBP,RG,8650,22,D,LG,CG,F
9:18:19,ICBP,RG,8650,1,D,XA,CG,F
9:18:15,ICBP,RG,8650,1,D,XA,CG,F
9:17:54,ICBP,RG,8650,2,D,DH,CG,F
9:17:52,ICBP,RG,8650,3,D,YP,CG,F
9:17:46,ICBP,RG,8650,1,D,IF,CG,F
9:17:39,ICBP,RG,8650,1,D,XC,CG,F
9:17:35,ICBP,RG,8625,1,D,GR,XC,D
9:17:32,ICBP,RG,8650,24,D,YP,CG,F
9:17:32,ICBP,RG,8650,76,D,YP,EP,D
9:17:30,ICBP,RG,8650,1,D,IF,EP,D
9:17:30,ICBP,RG,8650,100,D,EP,EP,D
9:17:27,ICBP,RG,8650,10,D,CP,EP,D
9:17:26,ICBP,RG,8650,1,D,XC,EP,D
9:17:26,ICBP,RG,8625,3,D,GR,CG,F
9:17:12,ICBP,RG,8650,10,D,PD,EP,D
9:17:08,ICBP,RG,8650,200,D,EP,EP,D
9:17:05,ICBP,RG,8650,1,D,CP,EP,D
9:16:47,ICBP,RG,8625,5,D,GR,AK,F
9:16:37,ICBP,RG,8625,2,D,GR,CC,D
9:16:16,ICBP,RG,8625,2,D,GR,NI,D
9:16:01,ICBP,RG,8625,3,D,GR,PD,D
9:15:56,ICBP,RG,8625,4,D,GR,TF,D
9:15:56,ICBP,RG,8650,1,D,PD,EP,D
9:15:51,ICBP,RG,8650,10,D,DH,EP,D
9:15:49,ICBP,RG,8650,1,D,PD,EP,D
9:15:44,ICBP,RG,8650,1,D,CC,EP,D
9:15:39,ICBP,RG,8650,1,D,PD,EP,D
9:15:36,ICBP,RG,8650,6,F,CS,EP,D
9:15:36,ICBP,RG,8650,5,D,RO,EP,D
9:15:36,ICBP,RG,8650,2,F,CS,EP,D
9:15:36,ICBP,RG,8650,1,F,CS,EP,D
9:15:36,ICBP,RG,8650,1,D,IF,EP,D
9:15:36,ICBP,RG,8650,5,D,XC,EP,D
9:15:36,ICBP,RG,8650,1,F,CS,EP,D
9:15:36,ICBP,RG,8650,1,D,AT,EP,D
9:15:26,ICBP,RG,8650,1,D,CC,YP,D
9:14:55,ICBP,RG,8625,53,D,GR,AK,F
9:14:55,ICBP,RG,8625,1,D,PD,AK,F
9:14:55,ICBP,RG,8625,1,D,PD,AK,F
9:14:55,ICBP,RG,8650,5,F,CS,AK,F
9:14:54,ICBP,RG,8650,29,D,KI,AK,F
9:14:54,ICBP,RG,8650,19,F,CS,AK,F
9:14:54,ICBP,RG,8650,19,F,CS,BB,D
9:14:54,ICBP,RG,8650,20,F,CS,BB,D
9:14:54,ICBP,RG,8650,1,D,CC,BB,D
9:14:54,ICBP,RG,8650,1,D,YP,BB,D
9:14:54,ICBP,RG,8650,3,D,XC,BB,D
9:14:54,ICBP,RG,8650,10,D,PD,BB,D
9:14:54,ICBP,RG,8650,10,D,PD,BB,D
9:14:54,ICBP,RG,8650,1,D,YP,BB,D
9:14:54,ICBP,RG,8650,1,D,NI,BB,D
9:14:54,ICBP,RG,8650,5,D,YP,BB,D
9:14:54,ICBP,RG,8650,1,D,XC,BB,D
9:14:54,ICBP,RG,8650,1,D,XC,BB,D
9:14:54,ICBP,RG,8650,10,D,XC,BB,D
9:14:54,ICBP,RG,8650,1,D,XC,BB,D
9:14:54,ICBP,RG,8650,1,D,NI,BB,D
9:14:54,ICBP,RG,8650,1,D,PD,BB,D
9:14:54,ICBP,RG,8650,3,D,XC,BB,D
9:14:54,ICBP,RG,8650,2,D,ZP,BB,D
9:14:54,ICBP,RG,8650,10,D,XC,BB,D
9:14:54,ICBP,RG,8650,3,D,XC,BB,D
9:14:54,ICBP,RG,8650,1,D,CC,BB,D
9:14:54,ICBP,RG,8650,6,D,ZP,BB,D
9:14:54,ICBP,RG,8650,1,D,YP,BB,D
9:14:54,ICBP,RG,8650,1,D,NI,BB,D
9:14:54,ICBP,RG,8650,6,D,DH,BB,D
9:14:54,ICBP,RG,8650,1,D,PD,BB,D
9:14:54,ICBP,RG,8650,1,D,XC,BB,D
9:14:54,ICBP,RG,8650,1,D,YP,BB,D
9:14:54,ICBP,RG,8650,5,D,GR,BB,D
9:14:54,ICBP,RG,8650,973,F,GR,BB,D
9:14:42,ICBP,RG,8650,1,F,GR,AK,F
9:14:41,ICBP,RG,8650,1,F,GR,XC,D
9:14:22,ICBP,RG,8650,1,F,GR,AK,F
9:14:20,ICBP,RG,8650,12,F,GR,YP,D
9:14:20,ICBP,RG,8650,1,F,GR,AK,F
9:14:20,ICBP,RG,8650,2,F,GR,AK,F
9:14:19,ICBP,RG,8650,4,F,GR,AK,F
9:14:19,ICBP,RG,8650,5,F,GR,AK,F
9:14:19,ICBP,RG,8650,1,D,YP,AK,F
9:14:19,ICBP,RG,8650,1,D,PD,AK,F
9:14:19,ICBP,RG,8650,2,D,PD,AK,F
9:14:19,ICBP,RG,8650,14,D,PD,AK,F
9:14:19,ICBP,RG,8650,10,D,DR,AK,F
9:14:19,ICBP,RG,8675,17,D,YP,CG,F
9:14:18,ICBP,RG,8675,9,F,CS,CG,F
9:14:18,ICBP,RG,8675,17,F,CS,BK,F
9:14:18,ICBP,RG,8675,3,D,NI,BK,F
9:14:18,ICBP,RG,8675,4,D,YP,BK,F
9:14:18,ICBP,RG,8675,13,F,CS,BK,F
9:14:18,ICBP,RG,8675,1,D,KK,BK,F
9:14:18,ICBP,RG,8675,9,D,XC,BK,F
9:14:18,ICBP,RG,8675,1,D,XC,BK,F
9:14:18,ICBP,RG,8675,6,D,PD,BK,F
9:14:18,ICBP,RG,8675,5,F,CS,BK,F
9:14:18,ICBP,RG,8675,1,D,DR,BK,F
9:14:18,ICBP,RG,8675,1,D,KK,BK,F
9:14:18,ICBP,RG,8675,36,F,CS,BK,F
9:14:18,ICBP,RG,8675,1,D,AI,BK,F
9:14:18,ICBP,RG,8675,1,D,XC,BK,F
9:14:18,ICBP,RG,8675,1,D,PD,BK,F
9:14:18,ICBP,RG,8675,23,D,LG,BK,F
9:14:18,ICBP,RG,8675,3,D,LG,BK,F
9:14:18,ICBP,RG,8675,13,D,LG,BK,F
9:14:17,ICBP,RG,8675,9,D,LG,BK,F
9:14:17,ICBP,RG,8675,40,F,CS,BK,F
9:14:17,ICBP,RG,8675,10,D,XC,BK,F
9:14:17,ICBP,RG,8675,10,F,CS,BK,F
9:14:17,ICBP,RG,8675,22,F,CS,BK,F
9:14:17,ICBP,RG,8675,1,D,CC,BK,F
9:14:17,ICBP,RG,8675,7,F,CS,BK,F
9:14:17,ICBP,RG,8675,1,D,PC,BK,F
9:14:17,ICBP,RG,8675,1,D,YP,BK,F
9:14:17,ICBP,RG,8675,22,F,CS,BK,F
9:14:17,ICBP,RG,8675,117,D,EP,BK,F
9:14:16,ICBP,RG,8675,3,D,EP,AK,F
9:14:15,ICBP,RG,8675,3,D,EP,AK,F
9:14:15,ICBP,RG,8675,10,D,EP,NI,D
9:14:14,ICBP,RG,8675,14,D,EP,AK,F
9:14:14,ICBP,RG,8675,5,D,EP,AK,F
9:14:13,ICBP,RG,8675,48,D,EP,BK,F
9:14:13,ICBP,RG,8675,21,F,CS,BK,F
9:14:13,ICBP,RG,8675,7,F,CS,BK,F
9:14:13,ICBP,RG,8675,1,D,DR,BK,F
9:14:13,ICBP,RG,8675,2,D,YP,BK,F
9:14:13,ICBP,RG,8675,3,D,AZ,BK,F
9:14:13,ICBP,RG,8675,3,D,CC,BK,F
9:14:13,ICBP,RG,8675,2,D,CC,BK,F
9:14:13,ICBP,RG,8675,1,D,NI,BK,F
9:14:13,ICBP,RG,8675,5,D,NI,BK,F
9:14:13,ICBP,RG,8675,1,D,KK,BK,F
9:14:13,ICBP,RG,8675,1,D,ZP,BK,F
9:14:13,ICBP,RG,8675,1,D,YP,BK,F
9:14:13,ICBP,RG,8675,4,D,PC,BK,F
9:14:13,ICBP,RG,8675,4,D,PC,BK,F
9:14:13,ICBP,RG,8675,36,F,AK,BK,F
9:14:13,ICBP,RG,8675,1,D,YP,BK,F
9:14:13,ICBP,RG,8675,55,D,LG,BK,F
9:14:13,ICBP,RG,8675,9,D,LG,BK,F
9:14:13,ICBP,RG,8675,35,D,LG,BK,F
9:14:11,ICBP,RG,8675,4,D,LG,CG,F
9:14:06,ICBP,RG,8675,1,D,LG,AK,F
9:14:06,ICBP,RG,8675,10,D,LG,PD,D
9:13:50,ICBP,RG,8675,3,D,LG,CG,F
9:13:50,ICBP,RG,8675,2,D,GR,CG,F
9:13:50,ICBP,RG,8675,1,D,GR,AK,F
9:13:50,ICBP,RG,8675,1,D,GR,PD,D
9:13:44,ICBP,RG,8675,1,D,GR,XC,D
9:13:41,ICBP,RG,8675,1,D,GR,XC,D
9:13:30,ICBP,RG,8675,1,D,GR,PD,D
9:13:23,ICBP,RG,8675,32,D,GR,AK,F
9:13:22,ICBP,RG,8675,1,D,GR,PD,D
9:12:49,ICBP,RG,8675,37,D,GR,KK,D
9:12:38,ICBP,RG,8675,2,D,GR,GR,D
9:11:57,ICBP,RG,8675,5,D,GR,CC,D
9:11:41,ICBP,RG,8675,12,D,GR,YP,D
9:11:36,ICBP,RG,8675,2,D,GR,YB,D
9:11:27,ICBP,RG,8675,2,D,GR,XC,D
9:11:27,ICBP,RG,8675,1,D,ZP,XC,D
9:11:27,ICBP,RG,8675,3,D,CC,XC,D
9:11:23,ICBP,RG,8675,1,D,CC,XC,D
9:10:49,ICBP,RG,8700,30,F,AK,BK,F
9:10:49,ICBP,RG,8700,13,F,AK,BK,F
9:10:49,ICBP,RG,8700,2,F,AK,BK,F
9:10:43,ICBP,RG,8700,1,D,XC,BK,F
9:10:42,ICBP,RG,8700,200,D,YP,BK,F
9:10:28,ICBP,RG,8700,1,D,PD,BK,F
9:10:24,ICBP,RG,8700,7,D,TP,BK,F
9:10:14,ICBP,RG,8700,1,D,ZP,BK,F
9:10:09,ICBP,RG,8700,2,D,NI,BK,F
9:10:00,ICBP,RG,8700,1,D,XC,BK,F
9:09:21,ICBP,RG,8700,1,D,CC,BK,F
9:09:08,ICBP,RG,8675,3,D,CC,CC,D
9:08:57,ICBP,RG,8675,1,D,CC,AK,F
9:08:56,ICBP,RG,8675,1,D,CC,XC,D
9:08:55,ICBP,RG,8700,1,D,PD,BK,F
9:08:36,ICBP,RG,8700,1,D,PD,BK,F
9:08:34,ICBP,RG,8675,6,D,CC,AK,F
9:08:34,ICBP,RG,8675,3,D,CP,AK,F
9:08:34,ICBP,RG,8675,1,D,PD,AK,F
9:08:34,ICBP,RG,8700,5,F,AK,BK,F
9:08:34,ICBP,RG,8700,1,F,AK,BK,F
9:08:34,ICBP,RG,8700,24,F,AK,BK,F
9:08:31,ICBP,RG,8700,97,D,ZP,BK,F
9:08:31,ICBP,RG,8700,2,D,ZP,AK,F
9:08:31,ICBP,RG,8700,1,D,ZP,PD,D
9:08:26,ICBP,RG,8675,1,D,PD,AK,F
9:08:25,ICBP,RG,8675,1,D,PD,YP,D
9:08:25,ICBP,RG,8675,1,D,PD,YP,D
9:08:25,ICBP,RG,8675,3,D,GR,YP,D
9:08:24,ICBP,RG,8675,5,D,GR,CC,D
9:08:24,ICBP,RG,8675,1,D,GR,XC,D
9:08:19,ICBP,RG,8675,1,D,GR,AK,F
9:08:18,ICBP,RG,8675,7,D,GR,XC,D
9:08:00,ICBP,RG,8675,4,D,GR,EP,D
9:07:46,ICBP,RG,8675,7,D,GR,AK,F
9:07:44,ICBP,RG,8700,13,F,CS,BK,F
9:07:43,ICBP,RG,8700,3,D,XC,BK,F
9:07:43,ICBP,RG,8700,18,F,CS,BK,F
9:07:43,ICBP,RG,8700,3,F,AK,BK,F
9:07:43,ICBP,RG,8725,29,F,AK,CC,D
9:07:42,ICBP,RG,8700,8,D,PD,AK,F
9:07:42,ICBP,RG,8700,2,D,PD,PD,D
9:07:42,ICBP,RG,8700,10,D,XC,NI,D
9:07:42,ICBP,RG,8700,2,D,XC,NI,D
9:07:42,ICBP,RG,8700,10,D,XC,NI,D
9:07:42,ICBP,RG,8700,11,D,DR,NI,D
9:07:42,ICBP,RG,8700,9,D,DR,KK,D
9:07:42,ICBP,RG,8700,2,D,PD,KK,D
9:07:42,ICBP,RG,8700,2,D,CC,KK,D
9:07:42,ICBP,RG,8700,1,D,KK,KK,D
9:07:42,ICBP,RG,8700,11,F,CS,KK,D
9:07:42,ICBP,RG,8700,1,D,DH,KK,D
9:07:42,ICBP,RG,8700,1,D,DR,KK,D
9:07:42,ICBP,RG,8700,23,F,CS,KK,D
9:07:41,ICBP,RG,8700,5,F,CS,AK,F
9:07:40,ICBP,RG,8700,6,F,CS,AK,F
9:07:40,ICBP,RG,8700,5,F,CS,AK,F
9:07:39,ICBP,RG,8700,3,F,CS,AK,F
9:07:39,ICBP,RG,8700,1,D,YB,AK,F
9:07:39,ICBP,RG,8700,9,D,YB,AT,D
9:07:39,ICBP,RG,8700,30,D,CC,AT,D
9:07:39,ICBP,RG,8700,1,D,XC,AT,D
9:07:39,ICBP,RG,8700,5,F,CS,AT,D
9:07:39,ICBP,RG,8700,51,D,YP,AT,D
9:07:39,ICBP,RG,8700,4,F,CS,AT,D
9:07:39,ICBP,RG,8700,24,F,CS,BB,D
9:07:39,ICBP,RG,8700,3,F,AK,BB,D
9:07:39,ICBP,RG,8700,27,F,CS,BB,D
9:07:39,ICBP,RG,8700,3,F,AK,BB,D
9:07:39,ICBP,RG,8700,1,D,KK,BB,D
9:07:39,ICBP,RG,8700,10,D,KK,BB,D
9:07:39,ICBP,RG,8700,32,D,YP,BB,D
9:07:17,ICBP,RG,8700,3,D,YP,XC,D
9:07:08,ICBP,RG,8700,2,D,YP,AK,F
9:07:08,ICBP,RG,8700,5,D,YP,CC,D
9:07:07,ICBP,RG,8700,8,D,YP,DR,D
9:07:07,ICBP,RG,8700,3,D,SQ,DR,D
9:07:01,ICBP,RG,8725,1,D,DH,CC,D
9:06:52,ICBP,RG,8700,1,D,SQ,AK,F
9:06:52,ICBP,RG,8700,6,D,SQ,YP,D
9:06:52,ICBP,RG,8700,2,F,AK,YP,D
9:06:48,ICBP,RG,8700,1,F,AK,PD,D
9:06:37,ICBP,RG,8700,3,F,AK,AK,F
9:06:36,ICBP,RG,8700,30,F,AK,CC,D
9:06:33,ICBP,RG,8725,1,D,XC,CC,D
9:06:25,ICBP,RG,8725,2,D,XC,CC,D
9:06:24,ICBP,RG,8700,2,F,AK,PD,D
9:06:05,ICBP,RG,8700,6,F,AK,AK,F
9:06:04,ICBP,RG,8700,2,F,AK,PD,D
9:05:48,ICBP,RG,8700,4,D,OD,EP,D
9:05:48,ICBP,RG,8700,1,D,XC,EP,D
9:05:35,ICBP,RG,8700,1,D,XC,DR,D
9:05:35,ICBP,RG,8700,5,D,RO,DR,D
9:05:35,ICBP,RG,8700,9,D,RO,DR,D
9:05:31,ICBP,RG,8700,9,D,RO,NI,D
9:05:31,ICBP,RG,8700,1,D,RO,NI,D
9:05:29,ICBP,RG,8725,26,F,AK,CC,D
9:05:29,ICBP,RG,8700,9,D,RO,AK,F
9:05:28,ICBP,RG,8700,50,D,RO,KK,D
9:05:27,ICBP,RG,8700,13,D,RO,SQ,D
9:05:14,ICBP,RG,8700,5,D,RO,CC,D
9:05:11,ICBP,RG,8700,1,D,RO,PD,D
9:05:05,ICBP,RG,8700,10,D,RO,PD,D
9:05:05,ICBP,RG,8700,8,D,RO,PD,D
9:04:50,ICBP,RG,8700,9,D,RO,AK,F
9:04:49,ICBP,RG,8725,1,D,CC,CC,D
9:04:41,ICBP,RG,8700,3,D,RO,XC,D
9:04:36,ICBP,RG,8725,1,D,PD,CC,D
9:04:30,ICBP,RG,8725,1,D,YP,CC,D
9:04:29,ICBP,RG,8700,12,D,RO,CC,D
9:04:29,ICBP,RG,8700,1,D,DH,CC,D
9:04:17,ICBP,RG,8725,16,F,AK,CC,D
9:04:16,ICBP,RG,8700,29,D,DH,CC,D
9:04:11,ICBP,RG,8700,10,D,DH,CC,D
9:04:01,ICBP,RG,8725,20,F,AK,CC,D
9:04:01,ICBP,RG,8700,20,D,DH,AK,F
9:04:01,ICBP,RG,8700,10,D,YP,AK,F
9:04:01,ICBP,RG,8700,5,D,YP,AK,F
9:04:00,ICBP,RG,8700,2,D,YP,EP,D
9:04:00,ICBP,RG,8700,1,D,YP,YB,D
9:04:00,ICBP,RG,8700,1,D,PD,YB,D
9:04:00,ICBP,RG,8700,1,D,PD,YB,D
9:04:00,ICBP,RG,8700,10,D,CC,YB,D
9:04:00,ICBP,RG,8700,6,D,SQ,YB,D
9:04:00,ICBP,RG,8700,1,D,HP,YB,D
9:04:00,ICBP,RG,8700,2,D,PD,YB,D
9:04:00,ICBP,RG,8700,10,D,PD,YB,D
9:04:00,ICBP,RG,8700,3,D,PD,YB,D
9:04:00,ICBP,RG,8700,2,D,PD,YB,D
9:04:00,ICBP,RG,8700,13,D,AZ,YB,D
9:04:00,ICBP,RG,8700,25,D,AZ,AK,D
9:04:00,ICBP,RG,8700,12,D,AZ,AK,D
9:04:00,ICBP,RG,8700,1,D,CP,AK,D
9:03:51,ICBP,RG,8725,17,F,AK,CC,D
9:03:50,ICBP,RG,8725,37,F,CS,CC,D
9:03:50,ICBP,RG,8725,15,F,CS,CC,D
9:03:50,ICBP,RG,8725,27,F,AK,CC,D
9:03:50,ICBP,RG,8725,14,F,CS,CC,D
9:03:50,ICBP,RG,8725,1,F,AK,CC,D
9:03:50,ICBP,RG,8725,41,F,CS,CC,D
9:03:50,ICBP,RG,8725,37,D,YU,CC,D
9:03:50,ICBP,RG,8725,2,D,LS,CC,D
9:03:50,ICBP,RG,8725,1,D,KK,CC,D
9:03:50,ICBP,RG,8725,5,D,PD,CC,D
9:03:50,ICBP,RG,8725,1,D,YP,CC,D
9:03:50,ICBP,RG,8725,6,F,CS,CC,D
9:03:50,ICBP,RG,8725,10,D,DR,CC,D
9:03:50,ICBP,RG,8725,12,F,CS,CC,D
9:03:50,ICBP,RG,8725,2,F,AK,CC,D
9:03:50,ICBP,RG,8725,25,D,YP,CC,D
9:03:50,ICBP,RG,8725,3,D,YP,CC,D
9:03:50,ICBP,RG,8725,6,D,YP,CC,D
9:03:39,ICBP,RG,8725,1,D,YP,AK,F
9:03:38,ICBP,RG,8725,3,D,YP,NI,D
9:03:32,ICBP,RG,8750,1,D,YP,AK,F
9:03:10,ICBP,RG,8750,10,D,PD,AK,F
9:03:05,ICBP,RG,8750,5,F,AK,AK,F
9:03:04,ICBP,RG,8725,1,D,PD,YP,D
9:03:04,ICBP,RG,8725,3,D,PD,YP,D
9:03:04,ICBP,RG,8725,1,D,KK,YP,D
9:03:02,ICBP,RG,8750,5,D,YP,AK,F
9:02:26,ICBP,RG,8750,2,D,XC,AK,F
9:02:25,ICBP,RG,8750,4,F,CS,PD,D
9:02:25,ICBP,RG,8725,1,D,KK,AK,F
9:02:25,ICBP,RG,8725,2,D,KK,AK,F
9:02:25,ICBP,RG,8725,2,D,KK,AK,F
9:02:24,ICBP,RG,8750,1,D,YB,PD,D
9:02:23,ICBP,RG,8750,4,D,YB,BK,F
9:02:23,ICBP,RG,8750,1,D,DX,BK,F
9:02:23,ICBP,RG,8750,1,D,XC,BK,F
9:02:23,ICBP,RG,8750,5,D,NI,BK,F
9:02:23,ICBP,RG,8750,1,D,XC,BK,F
9:02:23,ICBP,RG,8750,1,D,XC,BK,F
9:02:19,ICBP,RG,8750,2,F,AK,XC,D
9:02:18,ICBP,RG,8775,5,F,AK,BK,F
9:02:16,ICBP,RG,8750,14,F,CS,BK,F
9:02:16,ICBP,RG,8750,2,D,PD,BK,F
9:02:16,ICBP,RG,8750,6,D,KK,BK,F
9:02:04,ICBP,RG,8775,9,F,AK,BK,F
9:02:04,ICBP,RG,8750,5,D,KK,AK,F
9:02:02,ICBP,RG,8750,1,D,KK,YP,D
9:02:02,ICBP,RG,8750,47,D,LG,YP,D
9:02:02,ICBP,RG,8775,1,D,YP,BK,F
9:01:59,ICBP,RG,8775,2,F,AK,BK,F
9:01:58,ICBP,RG,8750,1,D,LG,AK,F
9:01:58,ICBP,RG,8750,10,D,LG,CC,D
9:01:50,ICBP,RG,8775,1,F,AK,BK,F
9:01:48,ICBP,RG,8775,1,D,SQ,BK,F
9:01:28,ICBP,RG,8775,5,D,PD,BK,F
9:01:17,ICBP,RG,8750,1,D,LG,XC,D
9:01:16,ICBP,RG,8775,8,F,AK,BK,F
9:01:15,ICBP,RG,8750,14,D,LG,AK,F
9:01:15,ICBP,RG,8750,11,D,LG,AK,F
9:01:15,ICBP,RG,8750,1,D,LG,AK,F
9:01:15,ICBP,RG,8750,14,D,LG,AK,F
9:01:04,ICBP,RG,8775,1,F,AK,BK,F
9:01:02,ICBP,RG,8775,12,D,YP,BK,F
9:00:48,ICBP,RG,8750,56,D,LG,AK,D
9:00:48,ICBP,RG,8750,1,D,YP,AK,D
9:00:48,ICBP,RG,8750,1,D,YP,AK,D
9:00:48,ICBP,RG,8750,10,D,CC,AK,D
9:00:48,ICBP,RG,8750,1,D,PD,AK,D
9:00:48,ICBP,RG,8750,10,D,PD,AK,D
9:00:48,ICBP,RG,8750,1,D,PD,AK,D
9:00:48,ICBP,RG,8750,1,D,PD,AK,D
9:00:48,ICBP,RG,8750,1,D,KK,AK,D
9:00:48,ICBP,RG,8750,3,D,PD,AK,D
9:00:48,ICBP,RG,8750,1,D,KK,AK,D
9:00:48,ICBP,RG,8750,1,D,KK,AK,D
9:00:47,ICBP,RG,8775,16,F,CS,AK,D
9:00:46,ICBP,RG,8775,1,F,CS,AK,D
9:00:46,ICBP,RG,8775,25,D,KK,AK,D
9:00:46,ICBP,RG,8775,1,D,PD,AK,D
9:00:46,ICBP,RG,8775,2,D,PD,AK,D
9:00:46,ICBP,RG,8775,1,D,YP,AK,D
9:00:46,ICBP,RG,8775,2,D,PD,AK,D
9:00:46,ICBP,RG,8775,1,D,PD,AK,D
9:00:46,ICBP,RG,8775,2,D,CC,AK,D
9:00:46,ICBP,RG,8775,1,D,EP,AK,D
9:00:46,ICBP,RG,8775,2,D,YU,AK,D
9:00:43,ICBP,RG,8800,25,D,YP,YU,D
9:00:43,ICBP,RG,8800,12,F,CS,YU,D
9:00:38,ICBP,RG,8800,3,F,CS,KK,D
9:00:38,ICBP,RG,8800,6,F,CS,BK,F
9:00:38,ICBP,RG,8800,1,D,PD,BK,F
9:00:38,ICBP,RG,8800,1,D,LG,BK,F
9:00:38,ICBP,RG,8800,43,D,YP,BK,F
9:00:34,ICBP,RG,8800,18,D,YP,AK,F
9:00:28,ICBP,RG,8800,1,D,YP,XC,D
9:00:22,ICBP,RG,8825,20,D,KK,GR,D
9:00:21,ICBP,RG,8800,38,D,YP,BK,F
9:00:19,ICBP,RG,8825,17,D,AI,GR,D
9:00:19,ICBP,RG,8825,1,D,AI,XC,D
9:00:19,ICBP,RG,8825,1,D,AI,PD,D
9:00:19,ICBP,RG,8825,11,D,AI,LG,D
9:00:15,ICBP,RG,8800,2,D,EP,AK,F
9:00:15,ICBP,RG,8800,1,D,PD,AK,F
9:00:15,ICBP,RG,8800,3,D,PD,AK,F
9:00:15,ICBP,RG,8800,1,D,PD,AK,F
9:00:15,ICBP,RG,8800,1,D,XC,AK,F
9:00:10,ICBP,RG,8825,1,D,XC,YP,D
9:00:10,ICBP,RG,8825,1,D,PD,YP,D
9:00:09,ICBP,RG,8825,10,D,PD,YP,D
9:00:08,ICBP,RG,8825,1,D,PD,YP,D
9:00:08,ICBP,RG,8825,1,D,XC,YP,D
9:00:07,ICBP,RG,8825,1,D,XC,YP,D
9:00:07,ICBP,RG,8825,1,D,XC,YP,D
9:00:06,ICBP,RG,8825,6,D,AT,YP,D
9:00:03,ICBP,RG,8825,1,D,DR,CC,D
9:00:03,ICBP,RG,8825,1,D,DR,KK,D
9:00:03,ICBP,RG,8825,1,D,DR,KK,D
9:00:03,ICBP,RG,8825,1,D,DR,KK,D
9:00:03,ICBP,RG,8825,1,D,DR,KK,D
8:55:00,ICBP,RG,8825,3,D,XC,KK,D
8:55:00,ICBP,RG,8825,15,D,KK,KK,D
8:55:00,ICBP,RG,8825,1,D,KK,SQ,D
8:55:00,ICBP,RG,8825,1,D,KK,PD,D
8:55:00,ICBP,RG,8825,1,D,KK,CC,D
8:55:00,ICBP,RG,8825,1,D,KK,PD,D
8:55:00,ICBP,RG,8825,1,D,KK,PD,D
8:55:00,ICBP,RG,8825,1,D,KK,EP,D
8:55:00,ICBP,RG,8825,5,D,KK,EP,D
8:55:00,ICBP,RG,8825,10,D,KK,PD,D
8:55:00,ICBP,RG,8825,14,D,KK,EP,D
8:55:00,ICBP,RG,8825,12,D,PD,EP,D
8:55:00,ICBP,RG,8825,2,D,LG,EP,D
8:55:00,ICBP,RG,8825,12,D,LG,EP,D
8:55:00,ICBP,RG,8825,2,D,LG,PD,D
8:55:00,ICBP,RG,8825,4,D,LG,PD,D
8:55:00,ICBP,RG,8825,1,D,LG,KK,D
8:55:00,ICBP,RG,8825,1,D,LG,KK,D
8:55:00,ICBP,RG,8825,1,D,LG,KK,D
8:55:00,ICBP,RG,8825,1,D,LG,PD,D
8:55:00,ICBP,RG,8825,9,D,LG,PD,D
8:55:00,ICBP,RG,8825,2,D,LG,PD,D
8:55:00,ICBP,RG,8825,5,D,LG,PD,D
8:55:00,ICBP,RG,8825,15,D,LG,PD,D
8:55:00,ICBP,RG,8825,1,D,LG,PD,D
8:55:00,ICBP,RG,8825,1,D,LG,PD,D
8:55:00,ICBP,RG,8825,3,D,LG,PD,D
8:55:00,ICBP,RG,8825,1,D,LG,PD,D
8:55:00,ICBP,RG,8825,1,D,LG,CC,D
8:55:00,ICBP,RG,8825,1,D,LG,DR,D
8:55:00,ICBP,RG,8825,1,D,LG,AT,D
8:55:00,ICBP,RG,8825,1,D,LG,XC,D
8:55:00,ICBP,RG,8825,1,D,LG,XC,D
8:55:00,ICBP,RG,8825,40,D,LG,XC,D
8:55:00,ICBP,RG,8825,12,D,LG,DR,D
8:55:00,ICBP,RG,8825,3,D,YP,XC,D
8:55:00,ICBP,RG,8825,3,D,SQ,XC,D
8:55:00,ICBP,RG,8825,1,D,KK,XC,D
8:55:00,ICBP,RG,8825,1,D,PD,OD,D
8:55:00,ICBP,RG,8825,1,D,CC,ZP,D
8:55:00,ICBP,RG,8825,1,D,PD,YP,D
8:55:00,ICBP,RG,8825,1,D,PD,SQ,D
8:55:00,ICBP,RG,8825,18,D,PD,KZ,F
8:55:00,ICBP,RG,8825,1,D,PD,KZ,F
8:55:00,ICBP,RG,8825,1,D,PD,KZ,F
8:55:00,ICBP,RG,8825,1,D,PD,KZ,F
8:55:00,ICBP,RG,8825,3,D,PD,KZ,F
8:55:00,ICBP,RG,8825,1,D,PD,KZ,F
8:55:00,ICBP,RG,8825,30,D,CC,KZ,F
8:55:00,ICBP,RG,8825,5,D,XC,KZ,F
8:55:00,ICBP,RG,8825,1,D,KK,KZ,F
8:55:00,ICBP,RG,8825,1,D,EP,KZ,F
8:55:00,ICBP,RG,8825,1,D,XC,KZ,F
8:55:00,ICBP,RG,8825,1,D,AT,KZ,F
8:55:00,ICBP,RG,8825,1,D,XC,KZ,F
8:55:00,ICBP,RG,8825,20,D,YB,KZ,F
8:55:00,ICBP,RG,8825,13,D,TF,KZ,F
8:55:00,ICBP,RG,8825,1,D,TF,NI,D
8:55:00,ICBP,RG,8825,8,D,TF,DX,F
8:55:00,ICBP,RG,8825,56,D,TF,AK,D
8:55:00,ICBP,RG,8825,1,D,XC,AK,D
8:55:00,ICBP,RG,8825,2,D,SQ,AK,D
8:55:00,ICBP,RG,8825,1,D,DR,AK,D
8:55:00,ICBP,RG,8825,3,D,DX,AK,D
8:55:00,ICBP,RG,8825,1,D,DX,AK,D
8:55:00,ICBP,RG,8825,20,D,DR,AK,D
8:55:00,ICBP,RG,8825,14,D,YP,AK,D
8:55:00,ICBP,RG,8825,40,F,YU,AK,D
8:55:00,ICBP,RG,8825,21,F,CS,AK,D
8:55:00,ICBP,RG,8825,3,F,CS,AK,F
8:55:00,ICBP,RG,8825,1,F,CS,AK,F