Time,Stock,Brd,Price,Qty,BT,BC,SC,ST
15:13:52,ICBP,RG,8825,45,D,YU,YP,D
15:13:39,ICBP,RG,8825,2,D,YU,YP,D
15:11:11,ICBP,RG,8825,7,D,YU,YP,D
15:11:11,ICBP,RG,8825,3,D,AT,YP,D
15:10:13,ICBP,RG,8825,1,D,AT,OD,D
15:10:13,ICBP,RG,8825,2,D,DR,OD,D
15:10:13,ICBP,RG,8825,1,D,XC,OD,D
15:10:13,ICBP,RG,8825,1,D,XC,OD,D
15:09:33,ICBP,RG,8825,7,F,CS,OD,D
15:08:48,ICBP,RG,8825,50,F,CS,YU,D
15:08:42,ICBP,RG,8825,10,F,CS,YP,D
15:08:31,ICBP,RG,8825,200,F,CS,YU,D
15:07:57,ICBP,RG,8825,25,F,CS,GR,D
15:07:50,ICBP,RG,8825,3,F,CS,PD,D
15:05:22,ICBP,RG,8825,5,F,CS,NI,D
15:05:18,ICBP,RG,8825,10,F,CS,OD,D
15:05:18,ICBP,RG,8825,1,F,CS,YP,D
15:05:02,ICBP,RG,8825,10,F,CS,YP,D
15:05:02,ICBP,RG,8825,1,F,CS,YP,D
15:05:02,ICBP,RG,8825,4,F,CS,MG,D
15:05:01,ICBP,RG,8825,51,F,CS,GR,D
15:05:01,ICBP,RG,8825,15,F,CS,PD,D
15:05:01,ICBP,RG,8825,98,F,CS,PD,D
15:05:00,ICBP,RG,8825,1,F,CS,YB,D
15:05:00,ICBP,RG,8825,150,F,CS,YJ,D
15:00:00,ICBP,RG,8825,17,F,CS,XC,D
15:00:00,ICBP,RG,8825,169,F,CS,BK,D
15:00:00,ICBP,RG,8825,435,F,CS,BK,D
15:00:00,ICBP,RG,8825,2,D,KK,BK,D
15:00:00,ICBP,RG,8825,1,D,PD,BK,D
15:00:00,ICBP,RG,8825,2,D,XC,BK,D
15:00:00,ICBP,RG,8825,11,D,YP,BK,D
15:00:00,ICBP,RG,8825,8,D,PD,BK,D
15:00:00,ICBP,RG,8825,2,D,AZ,BK,D
15:00:00,ICBP,RG,8825,1,D,XC,BK,D
15:00:00,ICBP,RG,8825,2,D,XC,BK,D
15:00:00,ICBP,RG,8825,5,D,NI,BK,D
15:00:00,ICBP,RG,8825,1,D,XC,BK,D
15:00:00,ICBP,RG,8825,1,D,YP,BK,D
15:00:00,ICBP,RG,8825,1,D,XC,BK,D
15:00:00,ICBP,RG,8825,20,D,CC,BK,D
15:00:00,ICBP,RG,8825,1,D,XC,BK,D
15:00:00,ICBP,RG,8825,350,D,YJ,BK,D
15:00:00,ICBP,RG,8825,57,D,XC,BK,D
15:00:00,ICBP,RG,8825,2,D,EP,BK,D
15:00:00,ICBP,RG,8825,4,D,PD,BK,D
15:00:00,ICBP,RG,8825,6,D,XC,BK,D
15:00:00,ICBP,RG,8825,1,D,XC,BK,D
15:00:00,ICBP,RG,8825,5,D,PD,BK,D
15:00:00,ICBP,RG,8825,2,D,XC,BK,D
15:00:00,ICBP,RG,8825,1,D,XC,BK,D
15:00:00,ICBP,RG,8825,25,D,SQ,BK,D
15:00:00,ICBP,RG,8825,1,D,YP,BK,D
15:00:00,ICBP,RG,8825,1,D,XC,BK,D
15:00:00,ICBP,RG,8825,2,D,XC,BK,D
15:00:00,ICBP,RG,8825,1,D,PD,BK,D
15:00:00,ICBP,RG,8825,20,D,XC,BK,D
15:00:00,ICBP,RG,8825,5,D,KK,BK,D
15:00:00,ICBP,RG,8825,1,D,XC,BK,D
15:00:00,ICBP,RG,8825,150,D,PD,BK,D
15:00:00,ICBP,RG,8825,5,D,NI,BK,D
15:00:00,ICBP,RG,8825,1,D,XC,BK,D
15:00:00,ICBP,RG,8825,350,D,YU,BK,D
15:00:00,ICBP,RG,8825,8,D,PD,BK,D
15:00:00,ICBP,RG,8825,5,D,XC,BK,D
15:00:00,ICBP,RG,8825,5,D,PD,BK,D
15:00:00,ICBP,RG,8825,60,D,KK,BK,D
15:00:00,ICBP,RG,8825,1,D,XL,BK,D
15:00:00,ICBP,RG,8825,5,D,YP,BK,D
15:00:00,ICBP,RG,8825,1,D,XC,BK,D
15:00:00,ICBP,RG,8825,1,D,XC,BK,D
15:00:00,ICBP,RG,8825,1,D,CC,BK,D
15:00:00,ICBP,RG,8825,4,D,RF,BK,D
15:00:00,ICBP,RG,8825,239,F,CS,BK,D
15:00:00,ICBP,RG,8825,18,F,CS,BK,D
15:00:00,ICBP,RG,8825,416,F,CS,BK,D
15:00:00,ICBP,RG,8825,434,F,CS,BK,D
15:00:00,ICBP,RG,8825,434,F,CS,BK,D
15:00:00,ICBP,RG,8825,434,F,CS,BK,D
15:00:00,ICBP,RG,8825,434,F,CS,BK,D
15:00:00,ICBP,RG,8825,434,F,CS,BK,D
15:00:00,ICBP,RG,8825,250,D,ZP,BK,D
15:00:00,ICBP,RG,8825,50,D,RO,BK,D
15:00:00,ICBP,RG,8825,1,D,PD,BK,D
15:00:00,ICBP,RG,8825,5,D,TP,BK,D
15:00:00,ICBP,RG,8825,1,D,PD,BK,D
15:00:00,ICBP,RG,8825,1,D,YP,BK,D
15:00:00,ICBP,RG,8825,10,D,NI,BK,D
15:00:00,ICBP,RG,8825,1,D,PD,BK,D
15:00:00,ICBP,RG,8825,2,D,PD,BK,D
15:00:00,ICBP,RG,8825,4,D,DH,BK,D
15:00:00,ICBP,RG,8825,255,D,CC,BK,D
15:00:00,ICBP,RG,8825,58,D,CC,BK,D
15:00:00,ICBP,RG,8825,97,D,CC,BK,D
15:00:00,ICBP,RG,8825,18,D,CC,BK,D
15:00:00,ICBP,RG,8825,7,D,CC,BK,D
15:00:00,ICBP,RG,8825,32,D,CC,BK,D
15:00:00,ICBP,RG,8825,1,D,CC,YB,D
15:00:00,ICBP,RG,8825,70,D,CC,KK,D
15:00:00,ICBP,RG,8825,20,D,CC,AG,D
15:00:00,ICBP,RG,8825,8,D,CC,YP,D
15:00:00,ICBP,RG,8825,10,D,CC,YP,D
15:00:00,ICBP,RG,8825,24,D,CC,SQ,D
15:00:00,ICBP,RG,8825,1,D,NI,SQ,D
15:00:00,ICBP,RG,8825,2,D,NI,XC,D
15:00:00,ICBP,RG,8825,1,D,PD,XC,D
15:00:00,ICBP,RG,8825,3,D,PD,XC,D
15:00:00,ICBP,RG,8825,6,D,PD,ZP,F
15:00:00,ICBP,RG,8825,2,D,CC,ZP,F
15:00:00,ICBP,RG,8825,11,D,PD,ZP,F
15:00:00,ICBP,RG,8825,1,D,XC,ZP,F
15:00:00,ICBP,RG,8825,2,D,YP,ZP,F
15:00:00,ICBP,RG,8825,1,D,PD,ZP,F
15:00:00,ICBP,RG,8825,125,D,DR,ZP,F
15:00:00,ICBP,RG,8825,3,D,PD,ZP,F
15:00:00,ICBP,RG,8825,5,D,CC,ZP,F
15:00:00,ICBP,RG,8825,2,D,AZ,ZP,F
15:00:00,ICBP,RG,8825,1,D,CP,ZP,F
15:00:00,ICBP,RG,8825,1,D,SQ,ZP,F
15:00:00,ICBP,RG,8825,10,D,DR,ZP,F
15:00:00,ICBP,RG,8825,5,D,PD,ZP,F
15:00:00,ICBP,RG,8825,10,D,YB,ZP,F
15:00:00,ICBP,RG,8825,1,D,NI,ZP,F
15:00:00,ICBP,RG,8825,1,D,KK,ZP,F
15:00:00,ICBP,RG,8825,1,D,YP,ZP,F
15:00:00,ICBP,RG,8825,12,D,PD,ZP,F
15:00:00,ICBP,RG,8825,36,D,YP,ZP,F
15:00:00,ICBP,RG,8825,12,D,YP,ZP,F
15:00:00,ICBP,RG,8825,2,D,YP,BK,F
15:00:00,ICBP,RG,8825,33,F,ZP,BK,F
15:00:00,ICBP,RG,8825,6,F,BK,BK,F
15:00:00,ICBP,RG,8825,58,F,BK,BK,F
15:00:00,ICBP,RG,8825,13,F,AK,BK,F
15:00:00,ICBP,RG,8825,11,F,AK,BK,F
15:00:00,ICBP,RG,8825,353,F,DX,BK,F
15:00:00,ICBP,RG,8825,4,D,OD,BK,F
15:00:00,ICBP,RG,8825,332,F,YU,BK,F
15:00:00,ICBP,RG,8825,95,F,YU,DX,F
15:00:00,ICBP,RG,8825,7,F,YU,DX,F
15:00:00,ICBP,RG,8825,522,F,YU,ZP,F
15:00:00,ICBP,RG,8825,9,F,YU,YU,D
14:49:59,ICBP,RG,8850,1,D,XC,BK,D
14:49:57,ICBP,RG,8850,1,F,AK,BK,D
14:49:57,ICBP,RG,8850,2,D,PD,BK,D
14:49:56,ICBP,RG,8825,14,D,HD,DX,F
14:49:51,ICBP,RG,8825,1,D,HD,ZP,F
14:49:45,ICBP,RG,8850,1,F,AK,BK,D
14:49:44,ICBP,RG,8850,25,F,DX,BK,D
14:49:38,ICBP,RG,8825,1,D,HD,ZP,F
14:49:38,ICBP,RG,8850,4,F,DX,BK,D
14:49:38,ICBP,RG,8850,24,F,DX,BK,D
14:49:30,ICBP,RG,8825,35,D,HD,ZP,F
14:49:30,ICBP,RG,8850,1,F,AK,BK,D
14:49:05,ICBP,RG,8825,23,D,HD,DX,F
14:49:04,ICBP,RG,8850,4,D,BK,BK,D
14:49:03,ICBP,RG,8825,1,D,HD,YP,D
14:48:59,ICBP,RG,8825,1,D,HD,PD,D
14:48:55,ICBP,RG,8825,30,D,HD,ZP,F
14:48:55,ICBP,RG,8825,30,D,HD,ZP,F
14:48:55,ICBP,RG,8825,2,D,HD,ZP,F
14:48:55,ICBP,RG,8825,138,D,HD,CC,F
14:48:49,ICBP,RG,8825,100,D,PD,CC,F
14:48:44,ICBP,RG,8800,1,D,YJ,ZP,F
14:48:37,ICBP,RG,8825,1,D,XC,CC,F
14:48:32,ICBP,RG,8825,1,D,YP,CC,F
14:48:30,ICBP,RG,8825,1,F,YU,CC,F
14:48:30,ICBP,RG,8825,2,D,YP,CC,F
14:48:22,ICBP,RG,8825,5,D,XC,CC,F
14:48:13,ICBP,RG,8800,1,D,YJ,YP,D
14:48:13,ICBP,RG,8800,1,D,PD,YP,D
14:48:13,ICBP,RG,8800,8,D,YJ,YP,D
14:48:13,ICBP,RG,8800,1,D,YJ,YB,D
14:48:12,ICBP,RG,8800,1,D,YJ,NI,D
14:48:02,ICBP,RG,8825,47,F,DX,CC,F
14:48:02,ICBP,RG,8825,11,D,KZ,CC,F
14:48:02,ICBP,RG,8825,1,D,CC,CC,F
14:48:02,ICBP,RG,8825,50,D,CC,CC,F
14:48:02,ICBP,RG,8825,1,F,AK,CC,F
14:48:02,ICBP,RG,8825,42,D,DR,CC,F
14:47:59,ICBP,RG,8825,2,D,DR,ZP,F
14:47:59,ICBP,RG,8825,25,D,DR,BK,D
14:47:59,ICBP,RG,8825,1,D,PD,BK,D
14:47:59,ICBP,RG,8825,20,D,PD,BK,D
14:47:59,ICBP,RG,8825,10,D,SQ,BK,D
14:47:59,ICBP,RG,8825,47,F,DX,BK,D
14:47:59,ICBP,RG,8825,50,D,YP,BK,D
14:47:59,ICBP,RG,8825,10,D,YP,BK,D
14:47:59,ICBP,RG,8825,2,D,AT,BK,D
14:47:59,ICBP,RG,8825,30,D,CC,BK,D
14:47:59,ICBP,RG,8825,2,D,XL,BK,D
14:47:59,ICBP,RG,8825,2,F,AK,BK,D
14:47:59,ICBP,RG,8825,1,D,YP,BK,D
14:47:59,ICBP,RG,8825,53,F,YU,BK,D
14:47:59,ICBP,RG,8825,5,D,NI,BK,D
14:47:59,ICBP,RG,8825,1,D,CC,BK,D
14:47:59,ICBP,RG,8825,200,D,ZP,BK,D
14:47:59,ICBP,RG,8825,1,D,MU,BK,D
14:47:59,ICBP,RG,8825,1,D,YP,BK,D
14:47:59,ICBP,RG,8825,2,D,BK,BK,D
14:47:59,ICBP,RG,8825,11,F,BK,BK,D
14:47:59,ICBP,RG,8825,5,D,DH,BK,D
14:47:59,ICBP,RG,8825,1,D,PD,BK,D
14:47:59,ICBP,RG,8825,100,D,DX,BK,D
14:47:59,ICBP,RG,8825,50,D,OD,BK,D
14:47:59,ICBP,RG,8825,1,D,PD,BK,D
14:47:59,ICBP,RG,8825,10,D,NI,BK,D
14:47:59,ICBP,RG,8825,2,D,YB,BK,D
14:47:59,ICBP,RG,8825,1,D,BK,BK,D
14:47:59,ICBP,RG,8825,2,F,BK,BK,D
14:47:59,ICBP,RG,8825,25,D,SQ,BK,D
14:47:59,ICBP,RG,8825,2,D,XC,BK,D
14:47:59,ICBP,RG,8825,5,D,YB,BK,D
14:47:59,ICBP,RG,8825,1,D,XC,BK,D
14:47:59,ICBP,RG,8825,3,D,XC,BK,D
14:47:59,ICBP,RG,8825,1,D,YP,BK,D
14:47:59,ICBP,RG,8825,1,D,PD,BK,D
14:47:59,ICBP,RG,8825,1,D,YP,BK,D
14:47:59,ICBP,RG,8825,1,D,NI,BK,D
14:47:59,ICBP,RG,8825,10,D,PD,BK,D
14:47:59,ICBP,RG,8825,33,F,DX,BK,D
14:47:59,ICBP,RG,8825,3,D,PD,BK,D
14:47:59,ICBP,RG,8825,4,D,XC,BK,D
14:47:59,ICBP,RG,8825,1,D,YP,BK,D
14:47:59,ICBP,RG,8825,10,D,YP,BK,D
14:47:59,ICBP,RG,8825,1,D,PD,BK,D
14:47:59,ICBP,RG,8825,1,D,PD,BK,D
14:47:59,ICBP,RG,8825,1,D,YP,BK,D
14:47:59,ICBP,RG,8825,2,D,XC,BK,D
14:47:59,ICBP,RG,8825,1,D,XC,BK,D
14:47:59,ICBP,RG,8825,5,D,ZP,BK,D
14:47:59,ICBP,RG,8825,7,D,PD,BK,D
14:47:59,ICBP,RG,8825,2,D,XC,BK,D
14:47:59,ICBP,RG,8825,40,F,YU,BK,D
14:47:59,ICBP,RG,8825,5,D,YP,BK,D
14:47:59,ICBP,RG,8825,4,D,YP,BK,D
14:47:59,ICBP,RG,8825,2,D,KK,BK,D
14:47:59,ICBP,RG,8825,10,D,YP,BK,D
14:47:59,ICBP,RG,8825,1,D,CC,BK,D
14:47:59,ICBP,RG,8825,10,D,GR,BK,D
14:47:59,ICBP,RG,8825,1,D,PD,BK,D
14:47:59,ICBP,RG,8825,10,D,YP,BK,D
14:47:59,ICBP,RG,8825,100,D,YP,BK,D
14:47:59,ICBP,RG,8825,2,D,YB,BK,D
14:47:59,ICBP,RG,8825,2,D,XC,BK,D
14:47:59,ICBP,RG,8825,1,D,YP,BK,D
14:47:59,ICBP,RG,8825,5,D,YP,BK,D
14:47:59,ICBP,RG,8825,5,D,LG,BK,D
14:47:59,ICBP,RG,8825,1,D,XC,BK,D
14:47:59,ICBP,RG,8825,2,D,PD,BK,D
14:47:59,ICBP,RG,8825,5,D,XC,BK,D
14:47:59,ICBP,RG,8825,50,D,YP,BK,D
14:47:59,ICBP,RG,8825,14,F,DX,BK,D
14:47:59,ICBP,RG,8825,226,D,YP,BK,D
14:47:59,ICBP,RG,8825,25,D,SQ,BK,D
14:47:59,ICBP,RG,8825,2,D,TF,BK,D
14:47:59,ICBP,RG,8825,10,D,PD,BK,D
14:47:59,ICBP,RG,8825,2,D,PD,BK,D
14:47:59,ICBP,RG,8825,5,D,PD,BK,D
14:47:59,ICBP,RG,8825,5,D,XC,BK,D
14:47:59,ICBP,RG,8825,25,D,GR,BK,D
14:47:59,ICBP,RG,8825,6,D,XC,BK,D
14:47:59,ICBP,RG,8825,1,D,YP,BK,D
14:47:59,ICBP,RG,8825,2,D,CC,BK,D
14:47:59,ICBP,RG,8825,1,D,XC,BK,D
14:47:59,ICBP,RG,8825,3,D,CC,BK,D
14:47:59,ICBP,RG,8825,50,D,YP,BK,D
14:47:59,ICBP,RG,8825,42,F,DX,BK,D
14:47:59,ICBP,RG,8825,1,D,XC,BK,D
14:47:59,ICBP,RG,8825,1,D,XC,BK,D
14:47:59,ICBP,RG,8825,11,D,YB,BK,D
14:47:59,ICBP,RG,8825,1,D,NI,BK,D
14:47:59,ICBP,RG,8825,5,D,PD,BK,D
14:47:59,ICBP,RG,8825,5,D,SQ,BK,D
14:47:59,ICBP,RG,8825,1,D,KK,BK,D
14:47:59,ICBP,RG,8825,1,D,YP,BK,D
14:47:59,ICBP,RG,8825,8,F,DX,BK,D
14:47:59,ICBP,RG,8825,2,D,YP,BK,D
14:47:59,ICBP,RG,8825,1,D,CC,BK,D
14:47:59,ICBP,RG,8825,10,D,SQ,BK,D
14:47:59,ICBP,RG,8825,30,D,DR,BK,D
14:47:59,ICBP,RG,8825,5,D,PD,BK,D
14:47:59,ICBP,RG,8825,1,D,PD,BK,D
14:47:59,ICBP,RG,8825,2,D,PD,BK,D
14:47:59,ICBP,RG,8825,2,D,CC,BK,D
14:47:59,ICBP,RG,8825,10,D,YP,BK,D
14:47:59,ICBP,RG,8825,2,D,SQ,BK,D
14:47:59,ICBP,RG,8825,3,D,ZP,BK,D
14:47:59,ICBP,RG,8825,5,D,KK,BK,D
14:47:59,ICBP,RG,8825,1,D,NI,BK,D
14:47:59,ICBP,RG,8825,1,D,NI,BK,D
14:47:59,ICBP,RG,8825,1,D,XC,BK,D
14:47:59,ICBP,RG,8825,1,D,YP,BK,D
14:47:59,ICBP,RG,8825,50,D,CC,BK,D
14:47:59,ICBP,RG,8825,2,D,PD,BK,D
14:47:59,ICBP,RG,8825,1,D,PD,BK,D
14:47:59,ICBP,RG,8825,1,D,YB,BK,D
14:47:59,ICBP,RG,8825,2,D,KK,BK,D
14:47:59,ICBP,RG,8825,5,D,GR,BK,D
14:47:59,ICBP,RG,8825,1,D,XC,BK,D
14:47:59,ICBP,RG,8825,2,D,PD,BK,D
14:47:59,ICBP,RG,8825,10,D,YP,BK,D
14:47:59,ICBP,RG,8825,1,D,XC,BK,D
14:47:59,ICBP,RG,8825,5,D,XC,BK,D
14:47:59,ICBP,RG,8825,100,D,GR,BK,D
14:47:59,ICBP,RG,8825,15,D,SQ,BK,D
14:47:59,ICBP,RG,8825,50,D,YP,BK,D
14:47:59,ICBP,RG,8825,1,D,PD,BK,D
14:47:59,ICBP,RG,8825,10,D,SQ,BK,D
14:47:59,ICBP,RG,8825,1,D,CC,BK,D
14:47:59,ICBP,RG,8825,25,D,SQ,BK,D
14:47:59,ICBP,RG,8825,30,D,OD,BK,D
14:47:59,ICBP,RG,8825,1,D,EP,BK,D
14:47:59,ICBP,RG,8825,10,D,XC,BK,D
14:47:59,ICBP,RG,8825,1,D,CC,BK,D
14:47:59,ICBP,RG,8825,1,D,NI,BK,D
14:47:59,ICBP,RG,8825,1,D,YP,BK,D
14:47:59,ICBP,RG,8825,5,D,PD,BK,D
14:47:59,ICBP,RG,8825,2,D,PD,BK,D
14:47:59,ICBP,RG,8825,5,D,NI,BK,D
14:47:59,ICBP,RG,8825,3,D,NI,BK,D
14:47:59,ICBP,RG,8825,75,D,HD,BK,D
14:47:59,ICBP,RG,8825,31,D,HD,BK,D
14:47:56,ICBP,RG,8850,2,D,XC,BK,D
14:47:55,ICBP,RG,8850,1,D,YP,BK,D
14:47:51,ICBP,RG,8850,59,D,DR,BK,D
14:47:31,ICBP,RG,8825,31,D,HD,ZP,F
14:47:22,ICBP,RG,8825,1,D,HD,ZP,F
14:47:21,ICBP,RG,8825,12,D,HD,CC,F
14:47:21,ICBP,RG,8825,10,D,CC,CC,F
14:47:21,ICBP,RG,8825,1,D,PD,CC,F
14:47:21,ICBP,RG,8825,26,D,PD,CC,F
14:47:21,ICBP,RG,8825,3,D,NI,CC,F
14:47:21,ICBP,RG,8825,1,D,YP,CC,F
14:47:21,ICBP,RG,8825,10,D,SQ,CC,F
14:47:21,ICBP,RG,8825,1,D,YP,CC,F
14:47:21,ICBP,RG,8825,1,D,YP,CC,F
14:47:21,ICBP,RG,8825,200,D,ES,CC,F
14:47:21,ICBP,RG,8825,2,D,YP,CC,F
14:47:21,ICBP,RG,8825,1,D,XL,CC,F
14:47:21,ICBP,RG,8825,10,D,YP,CC,F
14:47:21,ICBP,RG,8825,10,D,YP,CC,F
14:47:21,ICBP,RG,8825,1,D,YP,CC,F
14:47:21,ICBP,RG,8825,10,D,YP,CC,F
14:47:21,ICBP,RG,8825,1,D,CC,CC,F
14:47:21,ICBP,RG,8825,2,D,CC,CC,F
14:47:21,ICBP,RG,8825,3,D,PD,CC,F
14:47:21,ICBP,RG,8825,7,D,KK,CC,F
14:47:21,ICBP,RG,8825,8,D,SQ,CC,F
14:47:21,ICBP,RG,8825,17,D,EP,CC,F
14:47:21,ICBP,RG,8825,1,D,PD,CC,F
14:47:21,ICBP,RG,8825,1,D,KK,CC,F
14:47:21,ICBP,RG,8825,6,D,PD,CC,F
14:47:21,ICBP,RG,8825,5,D,XC,CC,F
14:47:05,ICBP,RG,8850,7,F,BK,BK,D
14:47:00,ICBP,RG,8850,2,F,YU,BK,D
14:47:00,ICBP,RG,8850,29,F,YU,BK,D
14:46:58,ICBP,RG,8850,10,D,SQ,BK,D
14:46:52,ICBP,RG,8850,1,D,PD,BK,D
14:46:50,ICBP,RG,8850,1,D,GR,BK,D
14:46:41,ICBP,RG,8850,2,D,AT,BK,D
14:46:41,ICBP,RG,8850,57,D,PD,BK,D
14:46:41,ICBP,RG,8850,3,D,PD,ZP,F
14:46:41,ICBP,RG,8850,40,D,PD,BK,D
14:46:20,ICBP,RG,8850,2,D,NI,BK,D
14:46:13,ICBP,RG,8850,5,D,CC,BK,D
14:46:07,ICBP,RG,8850,3,D,NI,BK,D
14:46:04,ICBP,RG,8850,50,D,PD,BK,D
14:46:04,ICBP,RG,8850,32,D,PD,ZP,F
14:46:04,ICBP,RG,8850,18,D,PD,ZP,F
14:46:00,ICBP,RG,8850,11,F,YU,ZP,F
14:46:00,ICBP,RG,8850,3,F,YU,ZP,F
14:46:00,ICBP,RG,8850,33,F,YU,BK,D
14:46:00,ICBP,RG,8825,2,D,YJ,ZP,F
14:46:00,ICBP,RG,8825,1,D,PD,ZP,F
14:46:00,ICBP,RG,8825,26,D,YJ,ZP,F
14:45:59,ICBP,RG,8850,67,D,YJ,BK,D
14:45:59,ICBP,RG,8850,10,D,YJ,AT,D
14:45:59,ICBP,RG,8850,73,D,YJ,BK,D
14:45:57,ICBP,RG,8850,9,D,BK,BK,D
14:45:49,ICBP,RG,8850,4,D,RF,BK,D
14:45:43,ICBP,RG,8850,8,F,BK,BK,D
14:45:39,ICBP,RG,8850,6,D,SQ,BK,D
14:45:39,ICBP,RG,8850,28,D,SQ,BK,D
14:45:39,ICBP,RG,8825,5,D,YJ,XC,D
14:45:35,ICBP,RG,8825,2,D,YJ,YP,D
14:45:33,ICBP,RG,8825,6,D,YJ,BQ,D
14:45:22,ICBP,RG,8825,1,D,YJ,GR,D
14:45:21,ICBP,RG,8850,1,D,YP,BK,D
14:45:12,ICBP,RG,8850,1,D,XC,BK,D
14:44:52,ICBP,RG,8850,5,D,PD,BK,D
14:44:38,ICBP,RG,8850,9,D,YP,BK,D
14:44:29,ICBP,RG,8850,5,D,CC,BK,D
14:44:22,ICBP,RG,8850,20,D,YP,BK,D
14:44:19,ICBP,RG,8850,1,D,NI,BK,D
14:43:55,ICBP,RG,8850,1,D,DR,BK,D
14:43:55,ICBP,RG,8850,3,F,AK,BK,D
14:43:55,ICBP,RG,8850,5,D,DR,BK,D
14:43:55,ICBP,RG,8850,2,D,NI,BK,D
14:43:55,ICBP,RG,8850,9,F,BK,BK,D
14:43:55,ICBP,RG,8850,22,D,KZ,BK,D
14:43:55,ICBP,RG,8850,2,D,BK,BK,D
14:43:55,ICBP,RG,8850,31,F,YU,BK,D
14:43:55,ICBP,RG,8850,55,F,DX,BK,D
14:43:39,ICBP,RG,8850,1,F,DX,YB,D
14:43:37,ICBP,RG,8850,19,F,DX,PD,D
14:43:37,ICBP,RG,8850,1,D,NI,PD,D
14:43:17,ICBP,RG,8850,45,D,PD,CC,F
14:43:09,ICBP,RG,8850,15,D,CC,CC,F
14:43:08,ICBP,RG,8850,1,D,LG,CC,F
14:43:07,ICBP,RG,8850,2,D,PD,CC,F
14:43:00,ICBP,RG,8850,37,F,YU,CC,F
14:43:00,ICBP,RG,8850,1,F,YU,ZP,F
14:43:00,ICBP,RG,8850,1,F,YU,NI,D
14:43:00,ICBP,RG,8850,23,F,YU,BK,D
14:42:49,ICBP,RG,8825,10,D,YJ,CC,F
14:42:49,ICBP,RG,8825,80,D,ZR,CC,F
14:42:42,ICBP,RG,8850,25,D,SQ,BK,D
14:42:39,ICBP,RG,8850,10,D,DR,BK,D
14:42:39,ICBP,RG,8825,50,D,ZR,CC,F
14:42:37,ICBP,RG,8825,50,D,ZR,CC,F
14:42:30,ICBP,RG,8825,10,D,ZR,CC,D
14:42:25,ICBP,RG,8850,4,D,XC,BK,D
14:42:11,ICBP,RG,8850,5,D,PD,BK,D
14:42:09,ICBP,RG,8850,25,D,GR,BK,D
14:42:00,ICBP,RG,8850,27,F,YU,BK,D
14:41:54,ICBP,RG,8850,1,D,XC,BK,D
14:41:29,ICBP,RG,8850,1,F,BK,BK,D
14:41:29,ICBP,RG,8850,4,F,CS,BK,D
14:41:29,ICBP,RG,8850,20,D,NI,BK,D
14:41:29,ICBP,RG,8850,1,D,CC,BK,D
14:41:29,ICBP,RG,8850,55,F,DX,BK,D
14:41:29,ICBP,RG,8850,4,D,YP,BK,D
14:41:29,ICBP,RG,8850,20,D,YP,BK,D
14:41:29,ICBP,RG,8850,25,D,DR,BK,D
14:41:27,ICBP,RG,8875,22,D,GR,BK,D
14:41:27,ICBP,RG,8875,3,D,GR,CS,F
14:41:22,ICBP,RG,8850,59,D,DR,BK,D
14:41:22,ICBP,RG,8850,47,F,DX,BK,D
14:41:22,ICBP,RG,8850,45,F,DX,BK,D
14:41:22,ICBP,RG,8850,2,F,BK,BK,D
14:41:22,ICBP,RG,8850,8,D,BK,BK,D
14:41:22,ICBP,RG,8850,1,F,CS,BK,D
14:41:22,ICBP,RG,8850,4,F,CS,BK,D
14:41:22,ICBP,RG,8850,84,D,HD,BK,D
14:41:08,ICBP,RG,8875,101,D,NI,CS,F
14:40:40,ICBP,RG,8850,148,D,HD,BK,D
14:40:40,ICBP,RG,8850,1,D,HD,NI,D
14:40:40,ICBP,RG,8850,4,D,HD,ZP,F
14:40:40,ICBP,RG,8850,520,D,HD,LG,D
14:40:40,ICBP,RG,8850,243,D,HD,BK,D
14:40:28,ICBP,RG,8850,1,D,YP,BK,D
14:40:21,ICBP,RG,8850,1,D,CC,BK,D
14:40:16,ICBP,RG,8850,1,D,XC,BK,D
14:40:13,ICBP,RG,8850,54,D,YP,BK,D
14:40:13,ICBP,RG,8850,150,D,YP,BK,D
14:40:13,ICBP,RG,8850,10,D,YP,SQ,D
14:40:13,ICBP,RG,8850,2,D,YP,ZP,F
14:40:13,ICBP,RG,8850,9,D,YP,BK,D
14:40:00,ICBP,RG,8850,42,F,YU,BK,D
14:39:47,ICBP,RG,8850,1,D,YP,BK,D
14:39:42,ICBP,RG,8850,3,D,DH,BK,D
14:39:07,ICBP,RG,8850,1,D,PD,BK,D
14:38:57,ICBP,RG,8850,10,D,DR,BK,D
14:38:57,ICBP,RG,8850,10,D,NI,BK,D
14:38:37,ICBP,RG,8850,24,D,ES,BK,D
14:38:37,ICBP,RG,8850,33,D,ES,BK,D
14:38:37,ICBP,RG,8850,63,D,ES,BK,D
14:38:37,ICBP,RG,8850,7,D,ES,BK,D
14:38:37,ICBP,RG,8850,3,D,ES,BK,D
14:38:37,ICBP,RG,8850,34,D,ES,BK,D
14:38:37,ICBP,RG,8850,36,D,ES,BK,D
14:38:29,ICBP,RG,8850,10,D,YP,BK,D
14:38:23,ICBP,RG,8850,2,D,YP,BK,D
14:38:17,ICBP,RG,8850,10,D,DR,BK,D
14:38:15,ICBP,RG,8850,4,D,XC,BK,D
14:38:14,ICBP,RG,8850,1,D,YB,BK,D
14:38:10,ICBP,RG,8850,10,D,NI,BK,D
14:37:59,ICBP,RG,8850,1,D,GR,BK,D
14:37:54,ICBP,RG,8850,10,D,TP,BK,D
14:37:51,ICBP,RG,8850,1,D,XC,BK,D
14:37:40,ICBP,RG,8850,15,D,OD,BK,D
14:37:28,ICBP,RG,8850,1,D,XC,BK,D
14:37:22,ICBP,RG,8850,6,D,GR,BK,D
14:37:21,ICBP,RG,8825,12,D,ZR,MG,D
14:37:17,ICBP,RG,8850,50,D,YP,BK,D
14:37:16,ICBP,RG,8850,1,D,IP,BK,D
14:37:06,ICBP,RG,8850,1,D,NI,BK,D
14:37:05,ICBP,RG,8850,1,D,OD,BK,D
14:36:56,ICBP,RG,8850,20,D,CC,BK,D
14:36:52,ICBP,RG,8850,10,D,NI,BK,D
14:36:52,ICBP,RG,8850,14,F,AK,BK,D
14:36:52,ICBP,RG,8850,1,F,CS,BK,D
14:36:52,ICBP,RG,8850,2,F,CS,BK,D
14:36:51,ICBP,RG,8850,1,D,XC,BK,D
14:36:51,ICBP,RG,8850,2,F,AK,BK,D
14:36:51,ICBP,RG,8850,4,F,CS,BK,D
14:36:51,ICBP,RG,8850,136,F,DX,BK,D
14:36:41,ICBP,RG,8850,5,F,DX,CC,D
14:36:37,ICBP,RG,8850,1,F,DX,ZP,F
14:36:37,ICBP,RG,8850,94,F,DX,DX,F
14:36:37,ICBP,RG,8850,114,F,DX,BK,D
14:36:19,ICBP,RG,8850,57,D,XC,BK,D
14:36:00,ICBP,RG,8825,4,D,ZR,CC,D
14:35:54,ICBP,RG,8850,10,D,NI,BK,D
14:35:43,ICBP,RG,8825,2,D,ZR,CC,D
14:35:34,ICBP,RG,8825,1,D,ZR,PD,D
14:35:19,ICBP,RG,8825,12,D,ZR,YP,D
14:35:19,ICBP,RG,8825,12,D,ZR,YB,D
14:35:19,ICBP,RG,8850,1,D,XC,BK,D
14:35:19,ICBP,RG,8850,1,D,SQ,BK,D
14:35:18,ICBP,RG,8825,1,D,ZR,EP,D
14:35:15,ICBP,RG,8850,5,D,XC,BK,D
14:35:04,ICBP,RG,8850,1,D,CC,BK,D
14:34:52,ICBP,RG,8850,1,D,PD,BK,D
14:34:44,ICBP,RG,8850,60,D,DR,BK,D
14:34:43,ICBP,RG,8850,2,D,DR,XL,D
14:34:42,ICBP,RG,8875,10,D,YP,DX,F
14:34:38,ICBP,RG,8850,5,D,DR,ZP,F
14:34:38,ICBP,RG,8850,32,F,BK,PD,D
14:34:36,ICBP,RG,8850,2,D,YP,PD,D
14:34:36,ICBP,RG,8850,2,F,AK,PD,D
14:34:36,ICBP,RG,8850,9,D,NI,PD,D
14:34:36,ICBP,RG,8850,8,F,BK,PD,D
14:34:36,ICBP,RG,8850,41,F,DX,PD,D
14:34:36,ICBP,RG,8850,5,D,YP,PD,D
14:34:36,ICBP,RG,8850,1,D,NI,PD,D
14:34:36,ICBP,RG,8850,8,D,BK,PD,D
14:34:36,ICBP,RG,8850,2,D,PD,PD,D
14:34:36,ICBP,RG,8850,1,D,XC,PD,D
14:34:36,ICBP,RG,8850,91,D,DR,PD,D
14:34:36,ICBP,RG,8850,8,F,BK,PD,D
14:34:36,ICBP,RG,8850,1,D,XC,PD,D
14:34:36,ICBP,RG,8850,1,D,ZP,PD,D
14:34:36,ICBP,RG,8850,1,D,MK,PD,D
14:34:36,ICBP,RG,8850,1,D,XC,PD,D
14:34:36,ICBP,RG,8850,45,D,YP,PD,D
14:34:36,ICBP,RG,8850,40,F,DX,PD,D
14:34:36,ICBP,RG,8850,2,F,AK,PD,D
14:34:36,ICBP,RG,8850,1,D,YP,PD,D
14:34:36,ICBP,RG,8850,3,D,SQ,PD,D
14:34:36,ICBP,RG,8850,8,F,BK,PD,D
14:34:36,ICBP,RG,8850,4,F,CS,PD,D
14:34:36,ICBP,RG,8850,32,F,YU,PD,D
14:34:36,ICBP,RG,8850,46,D,XC,PD,D
14:34:36,ICBP,RG,8850,10,D,SQ,PD,D
14:34:36,ICBP,RG,8850,4,D,XC,PD,D
14:34:36,ICBP,RG,8850,46,F,DX,PD,D
14:34:36,ICBP,RG,8850,50,D,YU,PD,D
14:34:36,ICBP,RG,8850,27,F,YU,PD,D
14:34:36,ICBP,RG,8850,3,F,AK,PD,D
14:34:36,ICBP,RG,8850,1,D,PD,PD,D
14:34:36,ICBP,RG,8850,2,D,TF,PD,D
14:34:36,ICBP,RG,8850,3,D,OD,PD,D
14:34:36,ICBP,RG,8850,1,D,CC,PD,D
14:34:36,ICBP,RG,8850,1,D,YP,PD,D
14:34:36,ICBP,RG,8850,3,D,CC,PD,D
14:34:36,ICBP,RG,8850,10,D,CC,PD,D
14:34:36,ICBP,RG,8850,1,D,XC,PD,D
14:34:36,ICBP,RG,8850,11,D,PD,PD,D
14:34:36,ICBP,RG,8850,9,D,BK,PD,D
14:34:36,ICBP,RG,8850,8,F,BK,PD,D
14:34:36,ICBP,RG,8850,20,D,YP,PD,D
14:34:36,ICBP,RG,8850,59,D,YP,PD,D
14:34:36,ICBP,RG,8850,10,D,GR,PD,D
14:34:36,ICBP,RG,8850,48,D,KK,PD,D
14:34:36,ICBP,RG,8850,5,D,KK,PD,D
14:34:36,ICBP,RG,8850,4,D,XC,PD,D
14:34:36,ICBP,RG,8850,1,D,DH,PD,D
14:34:36,ICBP,RG,8850,4,D,KZ,PD,D
14:34:36,ICBP,RG,8850,35,D,XC,PD,D
14:34:36,ICBP,RG,8850,56,D,YP,PD,D
14:34:36,ICBP,RG,8850,1,D,XC,PD,D
14:34:36,ICBP,RG,8850,1,D,YP,PD,D
14:34:36,ICBP,RG,8850,1,D,PD,PD,D
14:34:36,ICBP,RG,8850,1,D,LG,PD,D
14:34:36,ICBP,RG,8850,10,D,AO,PD,D
14:34:36,ICBP,RG,8850,2,D,DX,PD,D
14:34:36,ICBP,RG,8850,5,D,KK,PD,D
14:34:36,ICBP,RG,8850,1,D,PD,PD,D
14:34:36,ICBP,RG,8850,12,D,SQ,PD,D
14:34:36,ICBP,RG,8850,100,D,YP,PD,D
14:34:36,ICBP,RG,8850,5,D,YP,PD,D
14:34:36,ICBP,RG,8850,23,D,YP,PD,D
14:34:36,ICBP,RG,8850,10,D,CC,PD,D
14:34:36,ICBP,RG,8850,1,D,XC,PD,D
14:34:36,ICBP,RG,8850,6,D,XC,PD,D
14:34:36,ICBP,RG,8850,10,D,KK,PD,D
14:34:36,ICBP,RG,8850,1,D,PD,PD,D
14:34:36,ICBP,RG,8850,1,D,PD,PD,D
14:34:36,ICBP,RG,8850,1,D,PD,PD,D
14:34:36,ICBP,RG,8850,1,D,DH,PD,D
14:34:36,ICBP,RG,8850,2,D,PD,PD,D
14:34:36,ICBP,RG,8850,2,D,KK,PD,D
14:34:36,ICBP,RG,8850,1,D,PD,PD,D
14:34:36,ICBP,RG,8850,22,D,YB,PD,D
14:34:36,ICBP,RG,8850,10,D,YP,PD,D
14:34:36,ICBP,RG,8850,5,D,BQ,PD,D
14:34:36,ICBP,RG,8850,5,D,YB,PD,D
14:34:36,ICBP,RG,8850,3,D,PD,PD,D
14:34:36,ICBP,RG,8850,1,D,YP,PD,D
14:34:36,ICBP,RG,8850,25,D,GR,PD,D
14:34:36,ICBP,RG,8850,2,D,PD,PD,D
14:34:36,ICBP,RG,8850,1,D,YP,PD,D
14:34:36,ICBP,RG,8850,2,D,KK,PD,D
14:34:36,ICBP,RG,8850,50,D,KK,PD,D
14:34:36,ICBP,RG,8850,1,D,KK,PD,D
14:34:36,ICBP,RG,8850,1,D,XC,PD,D
14:34:36,ICBP,RG,8850,1,D,YP,PD,D
14:34:36,ICBP,RG,8850,4,D,KK,PD,D
14:34:36,ICBP,RG,8850,2,D,PD,PD,D
14:34:36,ICBP,RG,8850,1,D,YP,PD,D
14:34:36,ICBP,RG,8850,2,D,AT,PD,D
14:34:36,ICBP,RG,8850,1,D,XC,PD,D
14:34:36,ICBP,RG,8850,1,D,KZ,PD,D
14:34:36,ICBP,RG,8850,2,D,XC,PD,D
14:34:36,ICBP,RG,8850,5,D,YP,PD,D
14:34:36,ICBP,RG,8850,1,D,YP,PD,D
14:34:36,ICBP,RG,8850,4,D,PD,PD,D
14:34:36,ICBP,RG,8850,2,D,GR,PD,D
14:34:36,ICBP,RG,8850,2,D,YP,PD,D
14:34:36,ICBP,RG,8850,1,D,KZ,PD,D
14:34:36,ICBP,RG,8850,5,D,XC,PD,D
14:34:36,ICBP,RG,8850,2,D,YP,PD,D
14:34:36,ICBP,RG,8850,4,F,DX,PD,D
14:34:36,ICBP,RG,8850,25,D,YP,PD,D
14:34:36,ICBP,RG,8850,5,D,PD,PD,D
14:34:36,ICBP,RG,8850,1,D,XC,PD,D
14:34:36,ICBP,RG,8850,1,D,YP,PD,D
14:34:36,ICBP,RG,8850,120,D,TP,PD,D
14:34:36,ICBP,RG,8850,3,D,CC,PD,D
14:34:36,ICBP,RG,8850,2,D,PD,PD,D
14:34:36,ICBP,RG,8850,1,D,CC,PD,D
14:34:36,ICBP,RG,8850,1,D,YP,PD,D
14:34:36,ICBP,RG,8850,2,D,PD,PD,D
14:34:36,ICBP,RG,8850,1,D,YP,PD,D
14:34:36,ICBP,RG,8850,1,D,CC,PD,D
14:34:36,ICBP,RG,8850,1,D,XC,PD,D
14:34:36,ICBP,RG,8850,5,D,CC,PD,D
14:34:36,ICBP,RG,8850,5,D,CC,PD,D
14:34:36,ICBP,RG,8850,3,D,PD,PD,D
14:34:36,ICBP,RG,8850,1,D,XL,PD,D
14:34:36,ICBP,RG,8850,1,D,SQ,PD,D
14:34:36,ICBP,RG,8850,1,D,YP,PD,D
14:34:36,ICBP,RG,8850,10,D,PD,PD,D
14:34:36,ICBP,RG,8850,1,D,CC,PD,D
14:34:36,ICBP,RG,8850,6,D,YP,PD,D
14:34:36,ICBP,RG,8850,17,D,YU,PD,D
14:34:36,ICBP,RG,8850,10,D,YP,PD,D
14:34:36,ICBP,RG,8850,1,D,XC,PD,D
14:34:36,ICBP,RG,8850,2,D,NI,PD,D
14:34:36,ICBP,RG,8850,1,D,LG,PD,D
14:34:36,ICBP,RG,8850,2,D,CC,PD,D
14:34:36,ICBP,RG,8850,5,D,XC,PD,D
14:34:36,ICBP,RG,8850,2,D,AT,PD,D
14:34:36,ICBP,RG,8850,30,D,KI,PD,D
14:34:36,ICBP,RG,8850,2,D,YP,PD,D
14:34:36,ICBP,RG,8850,1,D,YP,PD,D
14:34:36,ICBP,RG,8850,2,D,PD,PD,D
14:34:36,ICBP,RG,8850,10,D,NI,PD,D
14:34:36,ICBP,RG,8850,5,D,YP,PD,D
14:34:36,ICBP,RG,8850,5,D,YP,PD,D
14:34:36,ICBP,RG,8850,1,D,YB,PD,D
14:34:36,ICBP,RG,8850,1,D,CC,PD,D
14:34:36,ICBP,RG,8850,12,D,YP,PD,D
14:34:23,ICBP,RG,8850,11,D,YP,NI,D
14:34:00,ICBP,RG,8875,13,F,YU,DX,F
14:34:00,ICBP,RG,8875,6,F,YU,ZP,F
14:34:00,ICBP,RG,8875,10,F,YU,PD,D
14:33:48,ICBP,RG,8875,10,D,PD,PD,D
14:33:40,ICBP,RG,8850,1,D,YP,ZP,F
14:33:28,ICBP,RG,8875,5,D,GR,PD,D
14:33:21,ICBP,RG,8875,1,D,YP,PD,D
14:33:01,ICBP,RG,8875,5,D,CC,PD,D
14:32:56,ICBP,RG,8875,1,D,ZP,PD,D
14:32:47,ICBP,RG,8875,1,D,DH,PD,D
14:32:27,ICBP,RG,8875,5,D,PD,PD,D
14:32:14,ICBP,RG,8875,1,D,CC,PD,D
14:32:00,ICBP,RG,8875,48,F,YU,PD,D
14:31:54,ICBP,RG,8875,26,D,KZ,PD,D
14:31:51,ICBP,RG,8875,30,D,GR,PD,D
14:31:33,ICBP,RG,8875,5,D,SQ,PD,D
14:31:25,ICBP,RG,8875,2,D,YP,PD,D
14:30:46,ICBP,RG,8875,1,D,YP,PD,D
14:30:37,ICBP,RG,8875,4,D,XC,PD,D
14:30:17,ICBP,RG,8875,4,D,YB,PD,D
14:29:41,ICBP,RG,8875,5,D,XC,PD,D
14:29:41,ICBP,RG,8875,1,D,CC,PD,D
14:29:41,ICBP,RG,8875,8,F,BK,PD,D
14:29:41,ICBP,RG,8875,42,F,YU,PD,D
14:29:41,ICBP,RG,8875,1,D,YP,PD,D
14:29:41,ICBP,RG,8875,37,F,DX,PD,D
14:29:41,ICBP,RG,8875,1,D,YP,PD,D
14:29:41,ICBP,RG,8875,10,D,EP,PD,D
14:29:41,ICBP,RG,8875,1,D,NI,PD,D
14:29:41,ICBP,RG,8875,20,D,DH,PD,D
14:29:41,ICBP,RG,8875,1,D,PD,PD,D
14:29:41,ICBP,RG,8875,3,D,DH,PD,D
14:29:41,ICBP,RG,8875,1,D,XC,PD,D
14:29:41,ICBP,RG,8875,2,D,TF,PD,D
14:29:41,ICBP,RG,8875,4,D,KZ,PD,D
14:29:41,ICBP,RG,8875,2,D,DH,PD,D
14:29:41,ICBP,RG,8875,22,F,DX,PD,D
14:29:41,ICBP,RG,8875,1,D,XC,PD,D
14:29:41,ICBP,RG,8875,9,D,BK,PD,D
14:29:41,ICBP,RG,8875,1,D,PD,PD,D
14:29:41,ICBP,RG,8875,1,D,DX,PD,D
14:29:41,ICBP,RG,8875,1,D,YP,PD,D
14:29:41,ICBP,RG,8875,2,D,PD,PD,D
14:29:41,ICBP,RG,8875,10,D,YP,PD,D
14:29:41,ICBP,RG,8875,10,D,YP,PD,D
14:29:41,ICBP,RG,8875,1,D,XC,PD,D
14:29:41,ICBP,RG,8875,1,D,PD,PD,D
14:29:41,ICBP,RG,8875,1,D,XL,PD,D
14:29:41,ICBP,RG,8875,50,F,DX,PD,D
14:29:41,ICBP,RG,8875,1,D,TP,PD,D
14:29:41,ICBP,RG,8875,2,D,CC,PD,D
14:29:41,ICBP,RG,8875,5,D,SQ,PD,D
14:29:41,ICBP,RG,8875,310,F,DX,PD,D
14:29:41,ICBP,RG,8875,73,F,DX,PD,D
14:29:10,ICBP,RG,8900,39,D,DR,LG,D
14:28:47,ICBP,RG,8875,50,F,DX,CC,F
14:28:21,ICBP,RG,8900,3,F,CS,LG,D
14:28:21,ICBP,RG,8900,44,F,DX,LG,D
14:28:21,ICBP,RG,8900,29,D,DR,LG,D
14:27:56,ICBP,RG,8900,21,D,DR,DX,F
14:27:56,ICBP,RG,8900,1,F,CS,DX,F
14:27:56,ICBP,RG,8900,2,F,AK,DX,F
14:27:25,ICBP,RG,8900,1,F,AK,PD,D
14:27:24,ICBP,RG,8900,1,D,TF,PD,D
14:27:24,ICBP,RG,8900,1,D,AI,PD,D
14:27:24,ICBP,RG,8900,40,F,DX,PD,D
14:27:24,ICBP,RG,8900,2,F,CS,PD,D
14:27:24,ICBP,RG,8900,1,D,XC,PD,D
14:27:24,ICBP,RG,8900,8,F,BK,PD,D
14:27:24,ICBP,RG,8900,8,D,YP,PD,D
14:27:24,ICBP,RG,8900,5,D,KK,PD,D
14:27:24,ICBP,RG,8900,1,D,DH,PD,D
14:27:24,ICBP,RG,8900,5,D,CC,PD,D
14:27:24,ICBP,RG,8900,1,D,XC,PD,D
14:27:24,ICBP,RG,8900,50,D,DR,PD,D
14:27:24,ICBP,RG,8900,1,D,YP,PD,D
14:27:24,ICBP,RG,8900,38,F,DX,PD,D
14:27:24,ICBP,RG,8900,8,F,BK,PD,D
14:27:24,ICBP,RG,8900,3,F,CS,PD,D
14:27:24,ICBP,RG,8900,33,F,YU,PD,D
14:27:24,ICBP,RG,8900,5,F,AK,PD,D
14:27:24,ICBP,RG,8900,3,D,AZ,PD,D
14:27:24,ICBP,RG,8900,8,F,BK,PD,D
14:27:24,ICBP,RG,8900,45,F,DX,PD,D
14:27:24,ICBP,RG,8900,2,F,AK,PD,D
14:27:24,ICBP,RG,8900,8,D,BK,PD,D
14:27:24,ICBP,RG,8900,2,F,AK,PD,D
14:27:24,ICBP,RG,8900,36,F,DX,PD,D
14:27:24,ICBP,RG,8900,4,F,CS,PD,D
14:27:24,ICBP,RG,8900,29,F,YU,PD,D
14:27:24,ICBP,RG,8900,1,D,XC,PD,D
14:27:24,ICBP,RG,8900,1,D,YP,PD,D
14:27:24,ICBP,RG,8900,12,D,PD,PD,D
14:27:24,ICBP,RG,8900,9,F,BK,PD,D
14:27:24,ICBP,RG,8900,20,D,XC,PD,D
14:27:24,ICBP,RG,8900,2,D,ZP,PD,D
14:27:24,ICBP,RG,8900,4,D,XC,PD,D
14:27:24,ICBP,RG,8900,3,D,OD,PD,D
14:27:24,ICBP,RG,8900,5,D,XL,PD,D
14:27:24,ICBP,RG,8900,30,D,LG,PD,D
14:27:24,ICBP,RG,8900,6,D,CC,PD,D
14:27:24,ICBP,RG,8900,1,D,DR,PD,D
14:27:24,ICBP,RG,8900,10,D,EP,PD,D
14:27:24,ICBP,RG,8900,6,D,KK,PD,D
14:27:24,ICBP,RG,8900,1,D,KK,PD,D
14:27:24,ICBP,RG,8900,35,F,DX,PD,D
14:27:24,ICBP,RG,8900,10,D,GR,PD,D
14:27:24,ICBP,RG,8900,1,D,CC,PD,D
14:27:24,ICBP,RG,8900,38,F,DX,PD,D
14:27:24,ICBP,RG,8900,1,D,AT,PD,D
14:27:24,ICBP,RG,8900,1,D,SQ,PD,D
14:27:24,ICBP,RG,8900,2,D,XC,PD,D
14:27:24,ICBP,RG,8900,1,D,XC,PD,D
14:27:24,ICBP,RG,8900,10,D,NI,PD,D
14:27:24,ICBP,RG,8900,348,F,DX,PD,D
14:27:24,ICBP,RG,8900,92,F,DX,PD,D
14:27:14,ICBP,RG,8900,1,F,DX,XC,D
14:25:42,ICBP,RG,8900,3,F,DX,YP,D
14:25:05,ICBP,RG,8900,8,F,DX,CC,D
14:25:00,ICBP,RG,8925,40,F,YU,BK,D
14:23:06,ICBP,RG,8925,3,D,NI,BK,D
14:21:40,ICBP,RG,8925,50,D,YP,BK,D
14:21:12,ICBP,RG,8925,1,D,CC,BK,D
14:21:12,ICBP,RG,8925,1,D,XC,BK,D
14:21:12,ICBP,RG,8925,15,F,YU,BK,D
14:21:12,ICBP,RG,8925,15,F,YU,BK,D
14:21:12,ICBP,RG,8925,8,F,BK,BK,D
14:21:12,ICBP,RG,8925,8,D,BK,BK,D
14:21:12,ICBP,RG,8925,2,F,AK,BK,D
14:21:12,ICBP,RG,8925,9,F,DX,BK,D
14:20:26,ICBP,RG,8925,1,F,DX,YP,D
14:19:54,ICBP,RG,8950,5,D,DR,PD,D
14:19:53,ICBP,RG,8925,36,F,DX,DH,D
14:19:53,ICBP,RG,8925,589,F,DX,DH,D
14:19:34,ICBP,RG,8925,17,F,DX,DX,F
14:19:34,ICBP,RG,8925,55,F,DX,BK,D
14:19:34,ICBP,RG,8925,105,F,DX,BK,D
14:19:34,ICBP,RG,8925,11,F,DX,BK,D
14:19:34,ICBP,RG,8925,6,F,DX,BK,D
14:19:34,ICBP,RG,8925,57,F,DX,BK,D
14:19:34,ICBP,RG,8925,5,F,DX,CC,D
14:19:34,ICBP,RG,8925,1,F,DX,XC,D
14:19:34,ICBP,RG,8925,1,F,DX,ZP,F
14:19:34,ICBP,RG,8925,500,F,DX,BK,D
14:19:34,ICBP,RG,8925,42,F,DX,CC,F
14:19:34,ICBP,RG,8925,111,F,DX,PD,D
14:18:52,ICBP,RG,8925,37,D,DR,PD,D
14:18:52,ICBP,RG,8925,21,D,KZ,PD,D
14:18:52,ICBP,RG,8925,2,F,AK,PD,D
14:18:52,ICBP,RG,8925,9,D,BK,PD,D
14:18:52,ICBP,RG,8925,8,F,BK,PD,D
14:18:52,ICBP,RG,8925,9,F,DX,PD,D
14:18:52,ICBP,RG,8925,49,F,DX,PD,D
14:18:52,ICBP,RG,8925,30,F,DX,PD,D
14:18:52,ICBP,RG,8925,1,F,CS,PD,D
14:18:52,ICBP,RG,8925,36,D,DR,PD,D
14:18:52,ICBP,RG,8925,4,F,CS,PD,D
14:18:52,ICBP,RG,8925,136,F,DX,PD,D
14:18:52,ICBP,RG,8925,46,F,DX,PD,D
14:18:38,ICBP,RG,8925,2,F,DX,XC,D
14:18:05,ICBP,RG,8925,44,F,DX,CC,F
14:18:05,ICBP,RG,8925,41,F,DX,CC,F
14:18:05,ICBP,RG,8925,27,F,DX,BK,D
14:18:05,ICBP,RG,8925,4,F,DX,ZP,F
14:18:05,ICBP,RG,8925,52,F,DX,BK,D
14:18:05,ICBP,RG,8925,5,F,DX,BK,D
14:18:05,ICBP,RG,8925,3,F,DX,BK,D
14:18:05,ICBP,RG,8925,28,F,DX,BK,D
14:18:05,ICBP,RG,8925,57,F,DX,AZ,D
14:18:05,ICBP,RG,8925,67,F,DX,DX,F
14:18:05,ICBP,RG,8925,853,F,DX,PD,D
14:18:05,ICBP,RG,8925,85,F,DX,PD,D
14:18:05,ICBP,RG,8925,2,F,DX,BK,F
14:18:05,ICBP,RG,8925,40,F,DX,CC,F
14:18:05,ICBP,RG,8925,1,F,DX,ZP,F
14:18:05,ICBP,RG,8925,7,F,DX,ZP,F
14:16:31,ICBP,RG,8900,1,F,DX,PD,D
14:16:01,ICBP,RG,8925,1,D,YP,ZP,F
14:16:01,ICBP,RG,8925,10,D,YP,ZP,F
14:16:01,ICBP,RG,8925,2,F,AK,ZP,F
14:16:01,ICBP,RG,8925,57,F,DX,ZP,F
14:15:20,ICBP,RG,8925,4,F,DX,CC,D
14:14:35,ICBP,RG,8925,45,F,DX,BK,F
14:14:35,ICBP,RG,8925,45,F,DX,CC,F
14:14:35,ICBP,RG,8925,1,F,DX,ZP,F
14:14:35,ICBP,RG,8925,348,F,DX,PD,D
14:14:24,ICBP,RG,8925,9,F,BK,PD,D
14:14:24,ICBP,RG,8925,39,F,DX,PD,D
14:14:24,ICBP,RG,8925,112,D,DR,PD,D
14:14:24,ICBP,RG,8925,7,F,BK,PD,D
14:14:24,ICBP,RG,8925,8,D,BK,PD,D
14:14:24,ICBP,RG,8925,4,F,CS,PD,D
14:14:24,ICBP,RG,8925,250,F,DX,PD,D
14:14:24,ICBP,RG,8925,5,F,AK,PD,D
14:14:24,ICBP,RG,8925,49,D,DR,PD,D
14:14:24,ICBP,RG,8925,77,F,DX,PD,D
14:14:24,ICBP,RG,8925,91,F,DX,PD,D
14:13:42,ICBP,RG,8925,6,F,DX,PD,D
14:12:58,ICBP,RG,8925,4,F,DX,OD,D
14:12:28,ICBP,RG,8925,50,F,DX,CC,F
14:12:28,ICBP,RG,8925,52,F,DX,CC,F
14:12:28,ICBP,RG,8925,97,F,DX,DX,F
14:12:28,ICBP,RG,8925,46,F,DX,BK,F
14:12:28,ICBP,RG,8925,1,F,DX,ZP,F
14:12:28,ICBP,RG,8925,76,F,DX,PD,D
14:12:03,ICBP,RG,8900,8,F,DX,BK,F
14:11:57,ICBP,RG,8900,31,F,DX,BK,F
14:11:53,ICBP,RG,8925,55,D,DR,PD,D
14:11:52,ICBP,RG,8925,2,F,AK,PD,D
14:11:52,ICBP,RG,8925,2,F,AK,PD,D
14:11:52,ICBP,RG,8925,2,F,AK,PD,D
14:11:52,ICBP,RG,8925,29,F,DX,PD,D
14:11:52,ICBP,RG,8925,1,D,PD,PD,D
14:11:52,ICBP,RG,8925,41,F,DX,PD,D
14:11:52,ICBP,RG,8925,5,D,DR,PD,D
14:11:52,ICBP,RG,8925,5,F,CS,PD,D
14:11:52,ICBP,RG,8925,10,D,PD,PD,D
14:11:52,ICBP,RG,8925,8,D,BK,PD,D
14:11:52,ICBP,RG,8925,8,F,BK,PD,D
14:11:52,ICBP,RG,8925,39,F,DX,PD,D
14:11:52,ICBP,RG,8925,42,F,DX,PD,D
14:11:52,ICBP,RG,8925,8,F,BK,PD,D
14:11:52,ICBP,RG,8925,16,D,KZ,PD,D
14:11:52,ICBP,RG,8925,8,D,BK,PD,D
14:11:52,ICBP,RG,8925,37,F,DX,PD,D
14:11:52,ICBP,RG,8925,8,F,BK,PD,D
14:11:52,ICBP,RG,8925,3,F,CS,PD,D
14:11:52,ICBP,RG,8925,41,F,DX,PD,D
14:11:52,ICBP,RG,8925,9,F,BK,PD,D
14:11:52,ICBP,RG,8925,30,D,ZP,PD,D
14:11:52,ICBP,RG,8925,8,D,BK,PD,D
14:11:52,ICBP,RG,8925,2,F,AK,PD,D
14:11:52,ICBP,RG,8925,41,F,DX,PD,D
14:11:52,ICBP,RG,8925,3,F,CS,PD,D
14:11:52,ICBP,RG,8925,2,F,CS,PD,D
14:11:52,ICBP,RG,8925,5,D,YP,PD,D
14:11:52,ICBP,RG,8925,1,D,YP,PD,D
14:11:52,ICBP,RG,8925,42,F,DX,PD,D
14:11:52,ICBP,RG,8925,8,F,BK,PD,D
14:11:52,ICBP,RG,8925,10,D,SQ,PD,D
14:11:52,ICBP,RG,8925,1,D,XC,PD,D
14:11:52,ICBP,RG,8925,2,F,AK,PD,D
14:11:52,ICBP,RG,8925,2,F,AK,PD,D
14:11:52,ICBP,RG,8925,44,F,DX,PD,D
14:11:52,ICBP,RG,8925,10,D,BK,PD,D
14:11:52,ICBP,RG,8925,43,D,DR,PD,D
14:11:52,ICBP,RG,8925,9,F,BK,PD,D
14:11:52,ICBP,RG,8925,135,F,DX,PD,D
14:11:52,ICBP,RG,8925,85,F,DX,PD,D
14:11:46,ICBP,RG,8950,1,D,PD,PD,D
14:11:38,ICBP,RG,8925,4,F,DX,CC,D
14:11:31,ICBP,RG,8925,10,F,DX,KK,D
14:11:16,ICBP,RG,8925,1,F,DX,CC,D
14:11:09,ICBP,RG,8925,1,F,DX,ZP,F
14:10:57,ICBP,RG,8925,3,F,DX,NI,D
14:10:53,ICBP,RG,8925,27,F,DX,BK,D
14:10:53,ICBP,RG,8925,52,F,DX,BK,D
14:10:52,ICBP,RG,8925,5,F,DX,BK,D
14:10:52,ICBP,RG,8925,3,F,DX,BK,D
14:10:52,ICBP,RG,8925,28,F,DX,BK,D
14:10:10,ICBP,RG,8925,43,F,DX,CC,F
14:09:09,ICBP,RG,8925,225,F,DX,DX,D
14:08:46,ICBP,RG,8925,2,F,DX,ZP,F
14:08:34,ICBP,RG,8925,43,F,DX,CC,F
14:08:14,ICBP,RG,8950,48,D,DR,PD,D
14:07:27,ICBP,RG,8925,3,F,DX,YP,D
14:07:18,ICBP,RG,8950,1,D,EP,PD,D
14:07:02,ICBP,RG,8950,22,D,DR,PD,D
14:07:01,ICBP,RG,8950,18,D,DR,PD,D
14:07:01,ICBP,RG,8950,23,D,DR,PD,D
14:06:54,ICBP,RG,8925,48,F,DX,CC,F
14:05:30,ICBP,RG,8950,1,D,YP,PD,D
14:05:12,ICBP,RG,8925,44,F,DX,CC,F
14:05:01,ICBP,RG,8925,7,F,DX,CC,D
14:04:46,ICBP,RG,8950,1,D,PD,PD,D
14:04:06,ICBP,RG,8925,15,F,DX,NI,D
14:04:01,ICBP,RG,8950,1,D,YP,PD,D
14:03:45,ICBP,RG,8925,3,F,DX,ZP,F
14:03:28,ICBP,RG,8925,50,F,DX,CC,F
14:02:39,ICBP,RG,8950,1,D,YP,PD,D
14:01:48,ICBP,RG,8925,46,F,DX,CC,F
14:00:46,ICBP,RG,8925,1,F,DX,GR,D
14:00:34,ICBP,RG,8950,8,F,KK,PD,D
14:00:33,ICBP,RG,8950,12,D,DR,PD,D
14:00:25,ICBP,RG,8925,1,F,DX,PD,D
14:00:21,ICBP,RG,8925,22,F,DX,PD,D
13:59:43,ICBP,RG,8925,1,F,DX,PD,D
13:59:17,ICBP,RG,8925,1,F,DX,XC,D
13:59:14,ICBP,RG,8925,42,F,DX,CC,F
13:59:14,ICBP,RG,8925,172,F,DX,LG,D
13:59:14,ICBP,RG,8925,9,F,DX,DX,F
13:59:14,ICBP,RG,8925,1,F,DX,ZP,F
13:59:14,ICBP,RG,8925,162,F,DX,BK,F
13:59:14,ICBP,RG,8925,94,F,DX,CC,F
13:59:14,ICBP,RG,8925,111,F,DX,PD,D
13:59:13,ICBP,RG,8925,13,D,DR,PD,D
13:58:33,ICBP,RG,8925,5,D,EP,PD,D
13:58:14,ICBP,RG,8900,8,F,DX,BK,F
13:58:14,ICBP,RG,8900,6,F,DX,BK,F
13:58:10,ICBP,RG,8900,12,F,DX,BK,F
13:58:09,ICBP,RG,8925,2,F,AK,PD,D
13:58:08,ICBP,RG,8925,2,F,CS,PD,D
13:58:08,ICBP,RG,8925,7,F,BK,PD,D
13:58:08,ICBP,RG,8925,2,F,AK,PD,D
13:58:08,ICBP,RG,8925,4,F,CS,PD,D
13:58:08,ICBP,RG,8925,1,D,XC,PD,D
13:58:08,ICBP,RG,8925,11,D,CC,PD,D
13:58:08,ICBP,RG,8925,112,D,YP,PD,D
13:58:08,ICBP,RG,8925,2,F,AK,PD,D
13:58:08,ICBP,RG,8925,16,D,KZ,PD,D
13:58:08,ICBP,RG,8925,13,D,BK,PD,D
13:58:08,ICBP,RG,8925,24,F,BK,PD,D
13:58:08,ICBP,RG,8925,43,D,DR,PD,D
13:58:08,ICBP,RG,8925,5,F,CS,PD,D
13:58:08,ICBP,RG,8925,171,F,DX,PD,D
13:58:08,ICBP,RG,8925,55,F,DX,PD,D
13:57:55,ICBP,RG,8925,2,F,DX,ZP,F
13:57:39,ICBP,RG,8925,51,F,DX,CC,F
13:57:39,ICBP,RG,8925,48,F,DX,CC,F
13:57:39,ICBP,RG,8925,28,F,DX,DX,F
13:57:39,ICBP,RG,8925,66,F,DX,BK,F
13:57:39,ICBP,RG,8925,100,F,DX,CC,F
13:57:39,ICBP,RG,8925,32,F,DX,DX,F
13:57:39,ICBP,RG,8925,3,F,DX,CP,D
13:57:39,ICBP,RG,8925,1,F,DX,ZP,F
13:57:39,ICBP,RG,8925,1,F,DX,ZP,F
13:57:39,ICBP,RG,8925,239,F,DX,BK,F
13:57:39,ICBP,RG,8925,6,F,DX,DX,F
13:57:39,ICBP,RG,8925,5,F,DX,CC,D
13:57:39,ICBP,RG,8925,55,F,DX,BK,D
13:57:39,ICBP,RG,8925,105,F,DX,BK,D
13:57:39,ICBP,RG,8925,11,F,DX,BK,D
13:57:39,ICBP,RG,8925,6,F,DX,BK,D
13:57:39,ICBP,RG,8925,57,F,DX,BK,D
13:57:39,ICBP,RG,8925,1,F,DX,KK,D
13:57:39,ICBP,RG,8925,2,F,DX,AG,D
13:57:39,ICBP,RG,8925,20,F,DX,NI,D
13:57:39,ICBP,RG,8925,2,F,DX,YP,F
13:57:39,ICBP,RG,8925,1,F,DX,ZP,F
13:57:39,ICBP,RG,8925,632,F,DX,PD,D
13:56:52,ICBP,RG,8900,1,F,DX,YP,D
13:56:33,ICBP,RG,8900,1,F,DX,KK,D
13:55:32,ICBP,RG,8900,1,F,DX,KK,D
13:55:21,ICBP,RG,8900,100,F,DX,CC,F
13:55:11,ICBP,RG,8900,4,F,DX,NI,D
13:54:40,ICBP,RG,8900,1,F,DX,KK,D
13:52:58,ICBP,RG,8900,28,F,DX,SQ,D
13:50:43,ICBP,RG,8900,5,F,DX,KK,D
13:50:31,ICBP,RG,8900,4,F,DX,EP,D
13:49:24,ICBP,RG,8900,254,F,DX,BK,F
13:49:23,ICBP,RG,8900,93,F,DX,DX,F
13:49:23,ICBP,RG,8900,284,F,DX,BK,F
13:49:23,ICBP,RG,8900,4,F,DX,ZP,F
13:49:23,ICBP,RG,8900,702,F,DX,PD,D
13:49:17,ICBP,RG,8875,14,F,DX,BK,F
13:49:14,ICBP,RG,8875,9,F,DX,BK,F
13:49:08,ICBP,RG,8875,31,F,DX,BK,F
13:49:04,ICBP,RG,8875,13,F,DX,BK,F
13:49:04,ICBP,RG,8875,5,D,CC,BK,F
13:49:04,ICBP,RG,8875,10,D,YP,BK,F
13:49:04,ICBP,RG,8875,1,D,PD,BK,F
13:49:04,ICBP,RG,8875,17,D,XC,BK,F
13:49:04,ICBP,RG,8875,1,D,PD,BK,F
13:49:04,ICBP,RG,8875,1,D,PD,BK,F
13:49:04,ICBP,RG,8875,2,D,SQ,BK,F
13:49:04,ICBP,RG,8875,4,D,PD,BK,F
13:49:04,ICBP,RG,8875,1,D,XC,BK,F
13:49:04,ICBP,RG,8875,5,D,EP,BK,F
13:49:04,ICBP,RG,8875,1,D,YP,BK,F
13:49:04,ICBP,RG,8875,1,D,PD,BK,F
13:49:04,ICBP,RG,8875,3,D,YP,BK,F
13:49:04,ICBP,RG,8875,8,D,YP,BK,F
13:49:04,ICBP,RG,8875,1,D,XL,BK,F
13:49:04,ICBP,RG,8875,10,D,AZ,BK,F
13:49:04,ICBP,RG,8875,1,D,CC,BK,F
13:49:04,ICBP,RG,8875,10,D,NI,BK,F
13:49:04,ICBP,RG,8875,3,D,KZ,BK,F
13:49:04,ICBP,RG,8875,32,F,DX,BK,F
13:49:03,ICBP,RG,8900,2,F,AK,PD,D
13:49:03,ICBP,RG,8900,8,F,BK,PD,D
13:49:03,ICBP,RG,8900,1,D,PD,PD,D
13:49:03,ICBP,RG,8900,1,D,DX,PD,D
13:49:03,ICBP,RG,8900,3,D,CC,PD,D
13:49:03,ICBP,RG,8900,10,D,PD,PD,D
13:49:03,ICBP,RG,8900,1,D,XC,PD,D
13:49:03,ICBP,RG,8900,40,F,DX,PD,D
13:49:03,ICBP,RG,8900,10,D,PD,PD,D
13:49:03,ICBP,RG,8900,48,F,DX,PD,D
13:49:03,ICBP,RG,8900,1,D,XL,PD,D
13:49:03,ICBP,RG,8900,3,D,XL,PD,D
13:49:03,ICBP,RG,8900,45,F,DX,PD,D
13:49:03,ICBP,RG,8900,9,D,BK,PD,D
13:49:03,ICBP,RG,8900,33,F,DX,PD,D
13:49:03,ICBP,RG,8900,221,F,DX,PD,D
13:49:03,ICBP,RG,8900,113,F,DX,PD,D
13:48:57,ICBP,RG,8900,7,F,DX,BK,F
13:48:51,ICBP,RG,8900,9,F,DX,BK,F
13:48:46,ICBP,RG,8900,36,F,DX,BK,F
13:48:45,ICBP,RG,8900,114,F,DX,LG,D
13:48:45,ICBP,RG,8900,1,D,YP,LG,D
13:48:45,ICBP,RG,8900,1,D,CC,LG,D
13:48:45,ICBP,RG,8900,1,D,XC,LG,D
13:48:45,ICBP,RG,8900,10,D,PD,LG,D
13:48:45,ICBP,RG,8900,30,D,PD,LG,D
13:48:45,ICBP,RG,8900,10,D,EP,LG,D
13:48:45,ICBP,RG,8900,2,D,DH,LG,D
13:48:45,ICBP,RG,8900,3,D,PD,LG,D
13:46:44,ICBP,RG,8925,1,D,LG,PD,D
13:46:43,ICBP,RG,8900,2,D,PD,BK,F
13:46:43,ICBP,RG,8900,3,D,PD,BK,F
13:46:43,ICBP,RG,8900,1,D,KK,BK,F
13:46:43,ICBP,RG,8900,5,D,KK,BK,F
13:46:38,ICBP,RG,8900,11,D,KK,BK,F
13:46:34,ICBP,RG,8900,45,D,KK,BK,F
13:46:31,ICBP,RG,8900,6,D,KK,BK,F
13:46:31,ICBP,RG,8900,15,D,KK,BK,F
13:46:31,ICBP,RG,8900,107,F,DX,BK,F
13:46:31,ICBP,RG,8925,8,F,AK,PD,D
13:46:30,ICBP,RG,8925,41,D,DR,PD,D
13:46:30,ICBP,RG,8925,4,F,AK,PD,D
13:46:30,ICBP,RG,8925,4,F,CS,PD,D
13:46:30,ICBP,RG,8925,30,D,DR,PD,D
13:46:30,ICBP,RG,8925,1,D,XC,PD,D
13:46:30,ICBP,RG,8925,1,D,DH,PD,D
13:46:30,ICBP,RG,8925,1,D,PD,PD,D
13:46:30,ICBP,RG,8925,8,F,BK,PD,D
13:46:30,ICBP,RG,8925,4,F,CS,PD,D
13:46:30,ICBP,RG,8925,43,F,DX,PD,D
13:46:30,ICBP,RG,8925,8,D,BK,PD,D
13:46:30,ICBP,RG,8925,4,D,DR,PD,D
13:46:30,ICBP,RG,8925,1,D,KK,PD,D
13:46:30,ICBP,RG,8925,8,F,BK,PD,D
13:46:30,ICBP,RG,8925,1,D,AZ,PD,D
13:46:30,ICBP,RG,8925,16,D,KZ,PD,D
13:46:30,ICBP,RG,8925,8,F,BK,PD,D
13:46:30,ICBP,RG,8925,36,F,DX,PD,D
13:46:30,ICBP,RG,8925,8,D,BK,PD,D
13:46:30,ICBP,RG,8925,2,D,DH,PD,D
13:46:30,ICBP,RG,8925,8,F,BK,PD,D
13:46:30,ICBP,RG,8925,3,F,CS,PD,D
13:46:30,ICBP,RG,8925,2,F,CS,PD,D
13:46:30,ICBP,RG,8925,2,F,AK,PD,D
13:46:30,ICBP,RG,8925,117,F,DX,PD,D
13:46:30,ICBP,RG,8925,2,F,AK,PD,D
13:46:30,ICBP,RG,8925,30,F,BK,PD,D
13:46:30,ICBP,RG,8925,17,D,BK,PD,D
13:46:30,ICBP,RG,8925,12,D,DR,PD,D
13:46:30,ICBP,RG,8925,2,F,CS,PD,D
13:46:30,ICBP,RG,8925,2,F,CS,PD,D
13:46:30,ICBP,RG,8925,71,F,DX,PD,D
13:46:30,ICBP,RG,8950,3,F,AK,PD,D
13:46:30,ICBP,RG,8925,113,F,DX,PD,D
13:46:28,ICBP,RG,8925,16,F,DX,BK,F
13:46:24,ICBP,RG,8925,15,F,DX,BK,F
13:46:20,ICBP,RG,8925,62,F,DX,BK,F
13:46:16,ICBP,RG,8925,2,F,DX,ZP,F
13:46:15,ICBP,RG,8925,417,F,DX,AK,F
13:46:09,ICBP,RG,8925,57,F,DX,PD,D
13:45:46,ICBP,RG,8925,5,F,DX,YP,D
13:44:52,ICBP,RG,8950,6,D,DR,PD,D
13:44:52,ICBP,RG,8950,10,D,DR,CC,D
13:44:52,ICBP,RG,8950,39,D,DR,CC,F
13:44:22,ICBP,RG,8925,1,F,DX,PD,D
13:44:11,ICBP,RG,8925,5,F,DX,GR,D
13:43:40,ICBP,RG,8950,9,D,DR,CC,F
13:43:38,ICBP,RG,8950,41,D,DR,CC,F
13:39:48,ICBP,RG,8950,10,D,EP,CC,F
13:38:23,ICBP,RG,8950,1,D,DR,CC,F
13:37:27,ICBP,RG,8925,214,F,DX,BK,F
13:37:27,ICBP,RG,8925,2,F,DX,ZP,F
13:37:27,ICBP,RG,8925,569,F,DX,PD,D
13:37:27,ICBP,RG,8925,56,F,DX,PD,D
13:37:27,ICBP,RG,8925,50,F,DX,CC,F
13:37:27,ICBP,RG,8925,2,F,DX,ZP,F
13:37:27,ICBP,RG,8925,2,F,DX,YP,D
13:37:27,ICBP,RG,8925,23,F,DX,DX,F
13:37:27,ICBP,RG,8925,118,F,DX,BK,F
13:37:13,ICBP,RG,8925,12,D,DR,BK,F
13:37:13,ICBP,RG,8925,20,D,DR,GR,D
13:35:52,ICBP,RG,8925,2,D,DR,GR,D
13:35:50,ICBP,RG,8925,35,D,DR,GR,D
13:35:39,ICBP,RG,8925,5,D,PD,GR,D
13:34:39,ICBP,RG,8925,2,D,XC,GR,D
13:33:38,ICBP,RG,8925,45,F,DX,GR,D
13:33:38,ICBP,RG,8925,2,F,DX,ZP,F
13:33:38,ICBP,RG,8925,50,F,DX,YU,D
13:33:38,ICBP,RG,8925,26,F,DX,DX,F
13:33:38,ICBP,RG,8925,100,F,DX,CC,F
13:33:38,ICBP,RG,8925,22,F,DX,DX,F
13:33:38,ICBP,RG,8925,231,F,DX,CC,F
13:33:38,ICBP,RG,8925,1,F,DX,ZP,F
13:33:38,ICBP,RG,8925,1,F,DX,PD,D
13:33:38,ICBP,RG,8925,22,F,DX,BK,F
13:33:25,ICBP,RG,8925,1,D,XA,BK,F
13:31:34,ICBP,RG,8925,27,D,KZ,BK,F
13:31:32,ICBP,RG,8925,248,F,DX,BK,F
13:31:32,ICBP,RG,8925,48,F,DX,DX,F
13:31:32,ICBP,RG,8925,46,F,DX,DX,F
13:31:32,ICBP,RG,8925,1,F,DX,ZP,F
13:31:32,ICBP,RG,8925,1,F,DX,ZP,F
13:31:32,ICBP,RG,8925,12,F,DX,YP,D
13:31:32,ICBP,RG,8925,24,F,DX,YP,D
13:31:32,ICBP,RG,8925,134,F,DX,CC,D
13:31:32,ICBP,RG,8925,4,F,DX,CC,D
13:31:32,ICBP,RG,8925,4,F,DX,XC,D
13:31:32,ICBP,RG,8925,1,F,DX,XC,D
13:31:32,ICBP,RG,8925,1,F,DX,CC,D
13:31:32,ICBP,RG,8925,22,F,DX,XC,D
13:31:32,ICBP,RG,8925,1,F,DX,PD,D
13:31:32,ICBP,RG,8925,8,F,DX,BQ,D
13:31:32,ICBP,RG,8925,7,F,DX,PD,D
13:31:32,ICBP,RG,8925,1,F,DX,PD,D
13:31:32,ICBP,RG,8925,2,F,DX,PD,D
13:31:32,ICBP,RG,8925,1,F,DX,ZP,F
13:31:32,ICBP,RG,8925,5,F,DX,PD,D
13:31:32,ICBP,RG,8925,1,F,DX,PD,D
13:31:32,ICBP,RG,8925,1,F,DX,PD,D
13:31:32,ICBP,RG,8925,127,F,DX,LG,D
13:30:30,ICBP,RG,8900,16,F,DX,BK,F
13:30:28,ICBP,RG,8900,19,F,DX,BK,F
13:30:27,ICBP,RG,8900,87,F,DX,ZP,F
13:30:16,ICBP,RG,8925,1,F,ZP,LG,D
13:30:16,ICBP,RG,8925,7,D,CC,LG,D
13:30:16,ICBP,RG,8925,9,F,AK,LG,D
13:30:08,ICBP,RG,8925,1,D,XC,LG,D
13:30:07,ICBP,RG,8925,1,D,PD,LG,D
13:30:07,ICBP,RG,8925,1,D,XC,LG,D
13:30:07,ICBP,RG,8925,1,D,XC,LG,D
13:30:07,ICBP,RG,8925,1,D,PD,LG,D
13:30:07,ICBP,RG,8925,10,D,XC,LG,D
13:30:07,ICBP,RG,8925,2,D,PD,LG,D
13:30:06,ICBP,RG,8925,3,D,KK,LG,D
13:30:05,ICBP,RG,8925,5,D,SQ,LG,D
13:30:05,ICBP,RG,8925,3,D,PD,LG,D
13:30:05,ICBP,RG,8925,1,D,PD,KK,D
13:30:05,ICBP,RG,8925,1,D,PD,PD,D
13:30:05,ICBP,RG,8925,1,D,XL,PD,D
13:30:05,ICBP,RG,8925,2,D,PD,PD,D
13:30:05,ICBP,RG,8925,2,D,DH,PD,D
13:30:05,ICBP,RG,8925,3,D,DH,PD,D
13:30:05,ICBP,RG,8925,1,D,PD,PD,D
13:30:05,ICBP,RG,8925,1,D,PD,PD,D
13:30:04,ICBP,RG,8925,1,D,AZ,PD,D
13:30:04,ICBP,RG,8925,1,D,CC,PD,D
13:30:04,ICBP,RG,8925,10,D,GR,PD,D
13:30:04,ICBP,RG,8925,2,D,EP,PD,D
13:30:04,ICBP,RG,8925,40,D,DH,PD,D
13:30:04,ICBP,RG,8925,1,D,PD,PD,D
13:30:03,ICBP,RG,8925,1,D,PD,PD,D
13:30:03,ICBP,RG,8925,5,D,SQ,PD,D
13:30:02,ICBP,RG,8925,3,F,CS,PD,D
13:30:02,ICBP,RG,8925,197,F,DX,PD,D
13:30:02,ICBP,RG,8925,27,F,DX,PD,D
11:29:57,ICBP,RG,8925,12,F,DX,DX,F
11:29:57,ICBP,RG,8925,14,F,DX,DX,F
11:29:57,ICBP,RG,8925,25,F,DX,EP,D
11:29:57,ICBP,RG,8925,114,F,DX,KK,D
11:29:57,ICBP,RG,8925,545,F,DX,PD,D
11:29:57,ICBP,RG,8925,54,F,DX,PD,D
11:29:57,ICBP,RG,8925,55,F,DX,BK,D
11:29:57,ICBP,RG,8925,105,F,DX,BK,D
11:29:57,ICBP,RG,8925,11,F,DX,BK,D
11:29:57,ICBP,RG,8925,6,F,DX,BK,D
11:29:57,ICBP,RG,8925,57,F,DX,BK,D
11:29:57,ICBP,RG,8925,2,F,DX,PD,D
11:29:57,ICBP,RG,8925,3,F,DX,PD,D
11:29:57,ICBP,RG,8925,5,F,DX,CC,D
11:29:57,ICBP,RG,8925,50,F,DX,YP,D
11:29:57,ICBP,RG,8925,10,F,DX,DX,F
11:29:57,ICBP,RG,8925,2,F,DX,PD,D
11:29:57,ICBP,RG,8925,19,F,DX,DH,D
11:29:57,ICBP,RG,8925,1,F,DX,YP,D
11:29:57,ICBP,RG,8925,27,F,DX,BK,D
11:29:57,ICBP,RG,8925,52,F,DX,BK,D
11:29:57,ICBP,RG,8925,5,F,DX,BK,D
11:29:57,ICBP,RG,8925,3,F,DX,BK,D
11:29:57,ICBP,RG,8925,28,F,DX,BK,D
11:29:57,ICBP,RG,8925,23,F,DX,YP,D
11:29:57,ICBP,RG,8925,240,F,DX,PD,D
11:29:57,ICBP,RG,8925,8,F,DX,DX,F
11:29:05,ICBP,RG,8900,55,F,DX,BK,D
11:29:05,ICBP,RG,8900,105,F,DX,BK,D
11:29:05,ICBP,RG,8900,11,F,DX,BK,D
11:29:05,ICBP,RG,8900,6,F,DX,BK,D
11:29:05,ICBP,RG,8900,57,F,DX,BK,D
11:29:05,ICBP,RG,8900,77,F,DX,DX,F
11:29:05,ICBP,RG,8900,2,F,DX,CC,F
11:29:05,ICBP,RG,8900,171,F,DX,BK,F
11:29:05,ICBP,RG,8900,87,F,DX,PD,D
11:28:41,ICBP,RG,8900,1,D,CC,PD,D
11:28:21,ICBP,RG,8900,2,D,PD,PD,D
11:27:53,ICBP,RG,8875,1,F,DX,BK,F
11:27:53,ICBP,RG,8875,2,D,CC,BK,F
11:27:53,ICBP,RG,8875,5,D,PD,BK,F
11:27:53,ICBP,RG,8875,1,D,XC,BK,F
11:27:50,ICBP,RG,8875,2,D,YP,BK,F
11:27:50,ICBP,RG,8875,9,F,DX,BK,F
11:27:45,ICBP,RG,8875,48,F,DX,BK,F
11:27:42,ICBP,RG,8900,35,D,XC,PD,D
11:27:41,ICBP,RG,8875,180,F,DX,BK,F
11:27:39,ICBP,RG,8900,33,F,DX,PD,D
11:27:39,ICBP,RG,8900,1,F,AK,PD,D
11:27:39,ICBP,RG,8900,2,D,PD,PD,D
11:27:39,ICBP,RG,8900,1,F,AK,PD,D
11:27:39,ICBP,RG,8900,4,F,CS,PD,D
11:27:39,ICBP,RG,8900,5,D,KZ,PD,D
11:27:39,ICBP,RG,8900,2,D,DH,PD,D
11:27:39,ICBP,RG,8900,35,F,DX,PD,D
11:27:39,ICBP,RG,8900,1,D,XC,PD,D
11:27:39,ICBP,RG,8900,8,F,BK,PD,D
11:27:39,ICBP,RG,8900,3,D,GR,PD,D
11:27:39,ICBP,RG,8900,2,D,XC,PD,D
11:27:39,ICBP,RG,8900,3,D,EP,PD,D
11:27:39,ICBP,RG,8900,8,D,BK,PD,D
11:27:39,ICBP,RG,8900,5,D,XC,PD,D
11:27:39,ICBP,RG,8900,15,F,BK,PD,D
11:27:39,ICBP,RG,8900,600,F,DX,PD,D
11:27:39,ICBP,RG,8900,85,F,DX,PD,D
11:26:07,ICBP,RG,8900,12,F,DX,BK,F
11:26:04,ICBP,RG,8900,26,F,DX,BK,F
11:26:00,ICBP,RG,8900,77,F,DX,CC,F
11:26:00,ICBP,RG,8900,1,D,XC,CC,F
11:26:00,ICBP,RG,8900,1,F,AK,CC,F
11:26:00,ICBP,RG,8900,2,F,CS,CC,F
11:26:00,ICBP,RG,8900,19,F,DX,CC,F
11:25:59,ICBP,RG,8900,15,F,DX,BK,F
11:25:53,ICBP,RG,8900,13,F,DX,CC,F
11:25:53,ICBP,RG,8900,1,D,PD,CC,F
11:25:53,ICBP,RG,8900,3,F,CS,CC,F
11:25:53,ICBP,RG,8900,17,D,PD,CC,F
11:25:53,ICBP,RG,8900,8,F,BK,CC,F
11:25:53,ICBP,RG,8900,1,F,AK,CC,F
11:25:53,ICBP,RG,8900,7,D,BK,CC,F
11:25:53,ICBP,RG,8900,1,D,BK,BK,F
11:25:53,ICBP,RG,8900,18,F,DX,BK,F
11:25:49,ICBP,RG,8900,100,F,DX,CC,F
11:25:31,ICBP,RG,8925,7,F,BK,DX,F
11:25:25,ICBP,RG,8925,7,D,BK,DX,F
11:25:25,ICBP,RG,8925,1,D,BK,DX,F
11:24:08,ICBP,RG,8900,1,F,DX,XC,D
11:23:01,ICBP,RG,8925,5,D,DX,DX,F
11:21:24,ICBP,RG,8900,15,F,DX,BK,F
11:21:21,ICBP,RG,8900,13,F,DX,BK,F
11:21:15,ICBP,RG,8900,57,F,DX,BK,F
11:21:14,ICBP,RG,8900,296,F,DX,PD,D
11:21:14,ICBP,RG,8900,1,D,PD,PD,D
11:21:14,ICBP,RG,8900,5,D,YP,PD,D
11:21:14,ICBP,RG,8900,2,D,XC,PD,D
11:21:14,ICBP,RG,8900,4,D,XC,PD,D
11:21:14,ICBP,RG,8900,2,F,CS,PD,D
11:21:14,ICBP,RG,8900,1,F,AK,PD,D
11:21:14,ICBP,RG,8900,2,D,CC,PD,D
11:21:14,ICBP,RG,8900,38,F,DX,PD,D
11:21:14,ICBP,RG,8900,8,F,BK,PD,D
11:21:14,ICBP,RG,8900,210,D,PD,PD,D
11:21:14,ICBP,RG,8900,39,D,PD,PD,D
11:21:14,ICBP,RG,8900,17,F,DX,PD,D
11:19:44,ICBP,RG,8900,1,F,DX,IF,D
11:18:15,ICBP,RG,8900,12,F,DX,BK,F
11:18:09,ICBP,RG,8900,10,F,DX,PD,D
11:16:28,ICBP,RG,8900,3,F,DX,YP,D
11:16:13,ICBP,RG,8900,5,F,DX,CC,D
11:16:01,ICBP,RG,8900,3,F,DX,XC,D
11:14:48,ICBP,RG,8900,11,F,DX,BK,F
11:14:45,ICBP,RG,8900,23,F,DX,BK,F
11:14:44,ICBP,RG,8900,38,F,DX,BK,D
11:14:42,ICBP,RG,8925,1,D,YP,DX,F
11:14:40,ICBP,RG,8900,100,F,DX,BK,D
11:14:36,ICBP,RG,8900,1,F,DX,YP,D
11:14:06,ICBP,RG,8900,17,F,DX,DX,F
11:14:02,ICBP,RG,8900,2,F,DX,SQ,D
11:13:56,ICBP,RG,8900,16,F,DX,BK,F
11:13:53,ICBP,RG,8900,17,F,DX,BK,F
11:13:47,ICBP,RG,8900,67,F,DX,BK,F
11:13:45,ICBP,RG,8900,157,F,DX,PD,D
11:13:42,ICBP,RG,8900,12,F,XA,PD,D
11:13:41,ICBP,RG,8900,1,F,AK,PD,D
11:13:41,ICBP,RG,8900,9,F,BK,PD,D
11:13:41,ICBP,RG,8900,8,D,BK,PD,D
11:13:41,ICBP,RG,8900,1,F,CS,PD,D
11:13:41,ICBP,RG,8900,84,F,DX,PD,D
11:13:41,ICBP,RG,8900,27,F,DX,PD,D
11:13:39,ICBP,RG,8900,15,F,DX,CC,D
11:13:32,ICBP,RG,8900,10,F,DX,YP,D
11:13:31,ICBP,RG,8900,8,F,DX,BK,F
11:13:28,ICBP,RG,8900,13,F,DX,BK,F
11:13:26,ICBP,RG,8900,58,F,DX,BK,F
11:13:22,ICBP,RG,8900,272,F,DX,PD,D
11:13:22,ICBP,RG,8900,13,F,DX,PD,D
11:13:22,ICBP,RG,8900,10,D,KZ,PD,D
11:13:22,ICBP,RG,8900,2,F,CS,PD,D
11:13:22,ICBP,RG,8900,2,D,PD,PD,D
11:12:55,ICBP,RG,8875,1,F,DX,PD,D
11:12:24,ICBP,RG,8875,11,F,DX,BK,F
11:12:20,ICBP,RG,8875,11,F,DX,BK,F
11:12:17,ICBP,RG,8900,3,F,CS,BK,F
11:12:17,ICBP,RG,8900,2,F,CS,BK,F
11:12:17,ICBP,RG,8900,1,F,AK,BK,F
11:12:17,ICBP,RG,8900,30,F,DX,BK,F
11:12:13,ICBP,RG,8900,16,F,DX,PD,D
11:12:13,ICBP,RG,8900,1,F,AK,PD,D
11:12:13,ICBP,RG,8900,2,F,AK,PD,D
11:12:13,ICBP,RG,8900,2,F,CS,PD,D
11:12:13,ICBP,RG,8900,1,D,XC,PD,D
11:12:13,ICBP,RG,8900,1,D,SQ,PD,D
11:12:13,ICBP,RG,8900,1,D,CC,PD,D
11:12:13,ICBP,RG,8900,12,D,PD,PD,D
11:12:13,ICBP,RG,8900,38,D,PD,PD,D
11:12:13,ICBP,RG,8900,8,D,BK,PD,D
11:12:13,ICBP,RG,8900,35,D,PD,PD,D
11:12:13,ICBP,RG,8900,3,F,CS,PD,D
11:12:13,ICBP,RG,8900,50,D,PD,PD,D
11:12:13,ICBP,RG,8900,11,F,DX,PD,D
11:12:13,ICBP,RG,8900,18,F,DX,PD,D
11:12:11,ICBP,RG,8900,9,F,DX,BK,F
11:12:09,ICBP,RG,8900,2,F,DX,BK,F
11:12:09,ICBP,RG,8900,10,D,YP,BK,F
11:12:03,ICBP,RG,8900,5,F,BK,BK,F
11:12:03,ICBP,RG,8900,5,D,XC,BK,F
11:12:03,ICBP,RG,8900,8,D,BK,BK,F
11:12:03,ICBP,RG,8900,8,F,BK,BK,F
11:12:03,ICBP,RG,8900,30,F,DX,BK,F
11:11:59,ICBP,RG,8925,1,D,XC,DX,F
11:11:58,ICBP,RG,8900,21,F,DX,PD,D
11:11:58,ICBP,RG,8900,5,D,XC,PD,D
11:11:58,ICBP,RG,8900,8,F,BK,PD,D
11:11:58,ICBP,RG,8900,1,D,PD,PD,D
11:11:58,ICBP,RG,8900,1,F,CS,PD,D
11:11:58,ICBP,RG,8900,112,D,DR,PD,D
11:11:58,ICBP,RG,8900,8,F,BK,PD,D
11:11:58,ICBP,RG,8900,3,F,AK,PD,D
11:11:58,ICBP,RG,8900,33,F,DX,PD,D
11:11:58,ICBP,RG,8900,15,D,NI,PD,D
11:11:58,ICBP,RG,8900,8,D,BK,PD,D
11:11:58,ICBP,RG,8900,1,D,XC,PD,D
11:11:58,ICBP,RG,8900,42,F,DX,PD,D
11:11:58,ICBP,RG,8900,3,D,YP,PD,D
11:11:58,ICBP,RG,8900,8,F,BK,PD,D
11:11:58,ICBP,RG,8900,5,D,YP,PD,D
11:11:58,ICBP,RG,8900,2,F,CS,PD,D
11:11:58,ICBP,RG,8900,1,D,CC,PD,D
11:11:58,ICBP,RG,8900,5,D,PD,PD,D
11:11:58,ICBP,RG,8900,3,D,YP,PD,D
11:11:58,ICBP,RG,8900,3,D,NI,PD,D
11:11:58,ICBP,RG,8900,10,D,SQ,PD,D
11:11:58,ICBP,RG,8900,10,D,KZ,PD,D
11:11:58,ICBP,RG,8900,1,F,CS,PD,D
11:11:58,ICBP,RG,8900,1,F,CS,PD,D
11:11:58,ICBP,RG,8900,2,F,AK,PD,D
11:11:58,ICBP,RG,8900,2,D,YP,PD,D
11:11:58,ICBP,RG,8900,2,F,AK,PD,D
11:11:58,ICBP,RG,8900,1,F,CS,PD,D
11:11:58,ICBP,RG,8900,1,F,CS,PD,D
11:11:58,ICBP,RG,8900,251,F,DX,PD,D
11:11:58,ICBP,RG,8900,56,F,DX,PD,D
11:10:34,ICBP,RG,8925,1,D,YP,DX,F
11:10:08,ICBP,RG,8925,4,F,BK,DX,F
11:10:08,ICBP,RG,8925,1,F,BK,YP,D
11:10:08,ICBP,RG,8925,3,F,BK,BK,D
11:10:06,ICBP,RG,8900,1,F,DX,YP,D
11:09:45,ICBP,RG,8925,2,F,AK,BK,D
11:09:20,ICBP,RG,8900,50,F,DX,CC,F
11:09:13,ICBP,RG,8900,50,F,DX,CC,F
11:07:22,ICBP,RG,8925,1,D,NI,BK,D
11:05:37,ICBP,RG,8925,3,D,PD,BK,D
11:05:06,ICBP,RG,8925,10,D,KZ,BK,D
11:05:02,ICBP,RG,8925,8,D,CS,BK,D
11:05:02,ICBP,RG,8925,10,D,CS,BK,D
11:05:02,ICBP,RG,8925,3,D,CS,BK,D
11:05:02,ICBP,RG,8925,1,D,CS,BK,D
11:05:02,ICBP,RG,8925,8,D,CS,BK,D
11:05:02,ICBP,RG,8925,23,D,CS,BK,D
11:05:02,ICBP,RG,8925,7,D,CS,BK,D
11:05:02,ICBP,RG,8925,5,D,CS,BK,D
11:05:02,ICBP,RG,8925,3,D,CS,BK,D
11:05:02,ICBP,RG,8925,8,D,CS,BK,D
11:05:00,ICBP,RG,8925,3,F,AK,BK,D
11:03:39,ICBP,RG,8900,4,F,DX,PD,D
11:02:58,ICBP,RG,8925,3,D,XC,BK,D
11:02:45,ICBP,RG,8900,1,F,DX,LG,D
11:02:15,ICBP,RG,8925,1,D,YP,BK,D
11:01:15,ICBP,RG,8925,2,F,AK,BK,D
11:01:14,ICBP,RG,8900,3,F,DX,YP,D
11:00:31,ICBP,RG,8900,10,F,DX,CC,D
11:00:05,ICBP,RG,8925,1,D,CC,BK,D
10:56:29,ICBP,RG,8925,2,D,YP,BK,D
10:54:14,ICBP,RG,8925,8,D,YP,BK,D
10:53:56,ICBP,RG,8925,50,D,YP,BK,F
10:53:34,ICBP,RG,8900,49,F,DX,YP,D
10:53:28,ICBP,RG,8900,4,F,DX,PD,D
10:53:23,ICBP,RG,8900,11,F,DX,XC,D
10:51:44,ICBP,RG,8925,2,D,YP,BK,F
10:51:07,ICBP,RG,8925,2,D,YP,BK,F
10:48:15,ICBP,RG,8900,4,F,DX,PD,D
10:47:37,ICBP,RG,8925,2,D,YP,BK,F
10:47:19,ICBP,RG,8925,2,D,YP,BK,F
10:47:14,ICBP,RG,8925,1,D,XC,BK,F
10:47:01,ICBP,RG,8925,2,D,YP,BK,F
10:46:57,ICBP,RG,8925,2,D,YP,BK,F
10:46:51,ICBP,RG,8900,10,F,DX,KK,D
10:46:51,ICBP,RG,8900,81,F,DX,BK,F
10:46:51,ICBP,RG,8900,115,F,DX,DX,F
10:46:51,ICBP,RG,8900,80,F,DX,CS,F
10:46:51,ICBP,RG,8900,20,F,DX,KK,D
10:46:43,ICBP,RG,8900,2,D,YP,KK,D
10:46:06,ICBP,RG,8875,11,F,DX,BK,F
10:46:03,ICBP,RG,8875,26,F,DX,BK,F
10:46:00,ICBP,RG,8875,2,F,DX,XC,D
10:46:00,ICBP,RG,8875,1,F,DX,XC,D
10:45:59,ICBP,RG,8850,1,D,YP,CC,D
10:45:59,ICBP,RG,8850,1,D,PD,CC,D
10:45:59,ICBP,RG,8850,5,D,YP,CC,D
10:45:59,ICBP,RG,8850,18,D,YP,CC,D
10:45:58,ICBP,RG,8850,22,D,YP,BK,F
10:45:58,ICBP,RG,8850,1,D,YP,BK,F
10:45:58,ICBP,RG,8850,10,D,SQ,BK,F
10:45:58,ICBP,RG,8850,3,D,PD,BK,F
10:45:58,ICBP,RG,8850,1,D,PD,BK,F
10:45:58,ICBP,RG,8850,5,D,KK,BK,F
10:45:58,ICBP,RG,8850,1,D,PD,BK,F
10:45:58,ICBP,RG,8850,16,D,EP,BK,F
10:45:58,ICBP,RG,8850,5,D,LG,BK,F
10:45:58,ICBP,RG,8850,1,D,XL,BK,F
10:45:58,ICBP,RG,8850,1,D,PD,BK,F
10:45:58,ICBP,RG,8850,3,D,PD,BK,F
10:45:58,ICBP,RG,8850,1,D,KK,BK,F
10:45:58,ICBP,RG,8850,10,D,AO,BK,F
10:45:58,ICBP,RG,8850,1,D,ZP,BK,F
10:45:58,ICBP,RG,8850,1,D,PD,BK,F
10:45:58,ICBP,RG,8850,1,D,AT,BK,F
10:45:58,ICBP,RG,8850,2,D,YJ,BK,F
10:45:58,ICBP,RG,8850,1,D,PD,BK,F
10:45:54,ICBP,RG,8875,1,D,KK,BK,F
10:45:52,ICBP,RG,8875,1,D,KK,XC,D
10:45:49,ICBP,RG,8875,2,D,PD,BK,F
10:45:49,ICBP,RG,8875,20,D,CC,BK,F
10:45:49,ICBP,RG,8875,10,D,CC,BK,F
10:45:49,ICBP,RG,8875,1,D,KK,BK,F
10:45:49,ICBP,RG,8875,1,D,DH,BK,F
10:45:49,ICBP,RG,8875,1,D,DR,BK,F
10:45:49,ICBP,RG,8875,2,D,XC,BK,F
10:45:49,ICBP,RG,8875,2,F,YP,BK,F
10:45:49,ICBP,RG,8875,1,D,YP,BK,F
10:45:49,ICBP,RG,8875,1,D,YP,BK,F
10:45:49,ICBP,RG,8875,2,D,YP,BK,F
10:45:49,ICBP,RG,8875,1,D,PD,BK,F
10:45:49,ICBP,RG,8875,1,D,NI,BK,F
10:45:49,ICBP,RG,8875,2,D,YP,BK,F
10:45:49,ICBP,RG,8875,1,D,PD,BK,F
10:45:49,ICBP,RG,8875,3,D,KZ,BK,F
10:45:49,ICBP,RG,8875,1,D,KK,BK,F
10:45:49,ICBP,RG,8875,1,D,XC,BK,F
10:45:49,ICBP,RG,8875,20,D,DR,BK,F
10:45:49,ICBP,RG,8875,4,D,PD,BK,F
10:45:49,ICBP,RG,8875,2,D,XC,BK,F
10:45:49,ICBP,RG,8875,1,D,PD,BK,F
10:45:49,ICBP,RG,8875,5,D,DH,BK,F
10:45:49,ICBP,RG,8875,1,D,CC,BK,F
10:45:49,ICBP,RG,8875,1,D,YP,BK,F
10:45:49,ICBP,RG,8875,11,D,YP,BK,F
10:45:49,ICBP,RG,8875,3,D,AT,BK,F
10:45:49,ICBP,RG,8875,1,D,CC,BK,F
10:45:49,ICBP,RG,8875,1,D,XC,BK,F
10:45:49,ICBP,RG,8875,1,D,XC,BK,F
10:45:49,ICBP,RG,8875,2,D,YJ,BK,F
10:45:49,ICBP,RG,8875,6,D,EP,BK,F
10:45:49,ICBP,RG,8875,1,D,PD,BK,F
10:45:43,ICBP,RG,8900,10,D,NI,PD,D
10:45:43,ICBP,RG,8900,1,D,XC,PD,D
10:45:43,ICBP,RG,8900,5,D,YP,PD,D
10:45:43,ICBP,RG,8900,10,D,CC,PD,D
10:45:43,ICBP,RG,8900,15,D,OD,PD,D
10:45:43,ICBP,RG,8900,2,F,AK,PD,D
10:45:43,ICBP,RG,8900,4,D,DH,PD,D
10:45:43,ICBP,RG,8900,500,F,DX,PD,D
10:45:43,ICBP,RG,8900,11,D,KK,PD,D
10:45:43,ICBP,RG,8900,3,F,CS,PD,D
10:45:43,ICBP,RG,8900,2,D,PD,PD,D
10:45:43,ICBP,RG,8900,100,D,TP,PD,D
10:45:43,ICBP,RG,8900,3,D,YP,PD,D
10:45:43,ICBP,RG,8900,4,D,XC,PD,D
10:45:43,ICBP,RG,8900,8,D,EP,PD,D
10:45:43,ICBP,RG,8900,1,D,GR,PD,D
10:45:43,ICBP,RG,8900,1,D,AZ,PD,D
10:45:43,ICBP,RG,8900,1,D,GR,PD,D
10:45:43,ICBP,RG,8900,2,D,YP,PD,D
10:45:43,ICBP,RG,8900,1,D,CC,PD,D
10:45:43,ICBP,RG,8900,2,D,YP,PD,D
10:45:43,ICBP,RG,8900,3,D,XC,PD,D
10:45:43,ICBP,RG,8900,2,F,YP,PD,D
10:45:43,ICBP,RG,8900,2,D,SQ,PD,D
10:45:43,ICBP,RG,8900,1,D,YP,PD,D
10:45:43,ICBP,RG,8900,1,D,XL,PD,D
10:45:43,ICBP,RG,8900,5,D,YP,PD,D
10:45:43,ICBP,RG,8900,2,D,KZ,PD,D
10:45:43,ICBP,RG,8900,2,D,YP,PD,D
10:45:43,ICBP,RG,8900,4,D,YP,PD,D
10:45:43,ICBP,RG,8900,2,D,PD,PD,D
10:45:43,ICBP,RG,8900,10,D,YP,PD,D
10:45:43,ICBP,RG,8900,2,D,YP,PD,D
10:45:43,ICBP,RG,8900,20,D,KK,PD,D
10:45:43,ICBP,RG,8900,1,D,KK,PD,D
10:45:43,ICBP,RG,8900,5,D,PD,PD,D
10:45:43,ICBP,RG,8900,3,D,CC,PD,D
10:45:43,ICBP,RG,8900,2,D,XL,PD,D
10:45:43,ICBP,RG,8900,15,F,DX,PD,D
10:45:43,ICBP,RG,8900,1,D,PD,PD,D
10:45:43,ICBP,RG,8900,2,D,XC,PD,D
10:45:43,ICBP,RG,8900,8,D,YP,PD,D
10:45:43,ICBP,RG,8900,1,D,CC,PD,D
10:45:43,ICBP,RG,8900,1,D,PD,PD,D
10:45:43,ICBP,RG,8900,1,D,CC,PD,D
10:45:43,ICBP,RG,8900,9,D,PD,PD,D
10:43:34,ICBP,RG,8925,1,D,YP,PD,D
10:43:01,ICBP,RG,8900,1,D,PD,YP,D
10:43:01,ICBP,RG,8900,2,D,DH,YP,D
10:43:01,ICBP,RG,8900,1,F,DX,YP,D
10:42:15,ICBP,RG,8900,2,F,DX,XC,D
10:42:15,ICBP,RG,8900,10,F,DX,YP,D
10:41:45,ICBP,RG,8900,17,F,DX,BK,F
10:41:38,ICBP,RG,8900,153,F,DX,BK,F
10:41:33,ICBP,RG,8925,15,D,AG,BK,F
10:41:30,ICBP,RG,8925,13,D,CC,PD,D
10:41:30,ICBP,RG,8925,381,F,YU,PD,D
10:41:30,ICBP,RG,8925,10,D,CC,PD,D
10:41:30,ICBP,RG,8925,3,D,PD,PD,D
10:41:30,ICBP,RG,8925,3,D,DH,PD,D
10:41:30,ICBP,RG,8925,47,D,XC,PD,D
10:41:30,ICBP,RG,8925,1,D,PD,PD,D
10:41:30,ICBP,RG,8925,12,D,PD,PD,D
10:41:30,ICBP,RG,8925,2,D,YP,PD,D
10:41:30,ICBP,RG,8925,1,F,YP,PD,D
10:41:30,ICBP,RG,8925,1,D,HP,PD,D
10:41:30,ICBP,RG,8925,1,D,YP,PD,D
10:41:30,ICBP,RG,8925,2,F,YP,PD,D
10:41:30,ICBP,RG,8925,1,D,YP,PD,D
10:41:30,ICBP,RG,8925,5,D,SQ,PD,D
10:41:30,ICBP,RG,8925,1,D,CC,PD,D
10:41:30,ICBP,RG,8925,6,D,YP,PD,D
10:41:30,ICBP,RG,8925,5,D,YP,PD,D
10:41:30,ICBP,RG,8925,2,D,NI,PD,D
10:41:30,ICBP,RG,8925,2,D,YP,PD,D
10:41:30,ICBP,RG,8925,1,D,XC,PD,D
10:41:30,ICBP,RG,8925,67,D,CC,PD,D
10:41:30,ICBP,RG,8925,50,D,YP,PD,D
10:41:30,ICBP,RG,8925,1,D,PD,PD,D
10:41:30,ICBP,RG,8925,2,D,YP,PD,D
10:41:30,ICBP,RG,8925,1,D,XC,PD,D
10:41:30,ICBP,RG,8925,2,D,OD,PD,D
10:41:30,ICBP,RG,8925,1,D,KK,PD,D
10:41:30,ICBP,RG,8925,45,F,DX,PD,D
10:41:30,ICBP,RG,8925,2,D,KZ,PD,D
10:41:30,ICBP,RG,8925,5,F,DX,PD,D
10:41:30,ICBP,RG,8925,2,D,XC,PD,D
10:41:30,ICBP,RG,8925,290,F,DX,PD,D
10:41:18,ICBP,RG,8950,1,D,CC,CC,F
10:39:34,ICBP,RG,8950,5,D,PD,CC,F
10:39:32,ICBP,RG,8950,2,D,PD,CC,F
10:39:30,ICBP,RG,8925,85,F,DX,BK,F
10:39:26,ICBP,RG,8950,1,F,CS,BK,F
10:39:26,ICBP,RG,8950,1,D,PD,BK,F
10:39:26,ICBP,RG,8950,2,F,AK,BK,F
10:39:26,ICBP,RG,8950,45,F,DX,BK,F
10:39:26,ICBP,RG,8950,1,F,CS,BK,F
10:39:26,ICBP,RG,8950,17,D,KZ,BK,F
10:39:26,ICBP,RG,8950,3,F,AK,BK,F
10:39:26,ICBP,RG,8950,1,F,AK,BK,F
10:39:26,ICBP,RG,8950,1,F,AK,BK,F
10:39:26,ICBP,RG,8950,3,F,CS,BK,F
10:39:26,ICBP,RG,8950,10,D,KK,BK,F
10:39:26,ICBP,RG,8950,1,D,YP,BK,F
10:39:26,ICBP,RG,8950,2,D,YP,BK,F
10:39:26,ICBP,RG,8950,2,D,PD,BK,F
10:39:26,ICBP,RG,8950,1,D,KK,BK,F
10:39:26,ICBP,RG,8950,42,F,DX,BK,F
10:39:26,ICBP,RG,8950,1,D,PD,BK,F
10:39:26,ICBP,RG,8950,6,D,YP,BK,F
10:39:26,ICBP,RG,8950,1,D,YP,BK,F
10:39:26,ICBP,RG,8950,2,F,CS,BK,F
10:39:26,ICBP,RG,8950,1,F,CS,BK,F
10:39:26,ICBP,RG,8950,5,D,YP,BK,F
10:39:26,ICBP,RG,8950,1,F,CS,BK,F
10:39:26,ICBP,RG,8950,1,D,XL,BK,F
10:39:26,ICBP,RG,8950,12,F,BK,BK,F
10:39:26,ICBP,RG,8950,2,F,CS,BK,F
10:39:26,ICBP,RG,8950,42,F,DX,BK,F
10:39:26,ICBP,RG,8950,43,F,BK,BK,F
10:39:26,ICBP,RG,8950,11,D,KZ,BK,F
10:39:26,ICBP,RG,8950,2,D,YP,BK,F
10:39:26,ICBP,RG,8950,39,F,BK,BK,F
10:39:26,ICBP,RG,8950,2,F,YP,BK,F
10:39:26,ICBP,RG,8950,37,F,BK,BK,F
10:39:26,ICBP,RG,8950,2,F,CS,BK,F
10:39:26,ICBP,RG,8950,31,D,CC,BK,F
10:39:26,ICBP,RG,8950,14,D,CC,DX,F
10:39:26,ICBP,RG,8950,8,F,BK,DX,F
10:39:23,ICBP,RG,8975,1,D,YP,CP,D
10:39:23,ICBP,RG,8950,25,F,BK,PD,D
10:39:23,ICBP,RG,8950,38,F,DX,PD,D
10:39:23,ICBP,RG,8950,15,D,SQ,PD,D
10:39:23,ICBP,RG,8950,1,F,CS,PD,D
10:39:23,ICBP,RG,8950,31,F,BK,PD,D
10:39:23,ICBP,RG,8950,4,D,EP,PD,D
10:39:23,ICBP,RG,8950,32,F,BK,PD,D
10:39:23,ICBP,RG,8950,34,F,BK,PD,D
10:39:23,ICBP,RG,8950,22,D,BK,PD,D
10:39:23,ICBP,RG,8950,63,F,BK,PD,D
10:39:23,ICBP,RG,8950,1552,F,DX,PD,D
10:39:23,ICBP,RG,8950,182,F,DX,PD,D
10:39:14,ICBP,RG,8950,8,F,DX,BK,F
10:39:10,ICBP,RG,8950,12,F,DX,BK,F
10:39:05,ICBP,RG,8950,56,F,DX,BK,F
10:39:03,ICBP,RG,8950,256,F,DX,BK,F
10:39:01,ICBP,RG,8950,259,F,DX,AK,F
10:38:58,ICBP,RG,8950,675,F,DX,PD,D
10:38:58,ICBP,RG,8950,8,D,BK,PD,D
10:38:58,ICBP,RG,8950,4,D,XL,PD,D
10:38:58,ICBP,RG,8950,66,D,SQ,PD,D
10:38:58,ICBP,RG,8950,1,D,KK,PD,D
10:38:58,ICBP,RG,8950,2,F,CS,PD,D
10:38:58,ICBP,RG,8950,20,D,PD,PD,D
10:38:58,ICBP,RG,8950,8,F,BK,PD,D
10:38:58,ICBP,RG,8950,1,D,KK,PD,D
10:38:58,ICBP,RG,8950,1,F,AK,PD,D
10:38:58,ICBP,RG,8950,10,D,YP,PD,D
10:38:58,ICBP,RG,8950,46,F,DX,PD,D
10:38:58,ICBP,RG,8950,11,F,BK,PD,D
10:38:58,ICBP,RG,8950,59,F,BK,PD,D
10:38:58,ICBP,RG,8950,10,D,BK,PD,D
10:38:58,ICBP,RG,8950,16,F,BK,PD,D
10:38:56,ICBP,RG,8975,1,D,YP,CP,D
10:38:46,ICBP,RG,8975,4,D,YP,CP,D
10:38:36,ICBP,RG,8950,15,F,YU,GR,D
10:38:31,ICBP,RG,8950,1,F,YU,YB,D
10:38:25,ICBP,RG,8950,1,F,YU,NI,D
10:38:14,ICBP,RG,8950,11,F,YU,BK,F
10:38:13,ICBP,RG,8950,6,F,YU,SQ,D
10:37:54,ICBP,RG,8950,13,F,YU,BK,F
10:37:52,ICBP,RG,8950,53,F,YU,CC,F
10:36:53,ICBP,RG,8950,8,F,YU,BK,F
10:36:46,ICBP,RG,8950,20,F,YU,BK,F
10:36:41,ICBP,RG,8950,89,F,YU,BK,F
10:36:37,ICBP,RG,8950,262,F,YU,BK,D
10:36:37,ICBP,RG,8950,29,F,YU,BK,D
10:36:37,ICBP,RG,8950,15,F,YU,BK,D
10:36:37,ICBP,RG,8950,62,F,YU,BK,D
10:36:37,ICBP,RG,8950,1,F,AK,BK,D
10:36:37,ICBP,RG,8950,2,F,AK,BK,D
10:36:37,ICBP,RG,8950,2,F,AK,BK,D
10:36:37,ICBP,RG,8950,75,F,BK,BK,D
10:36:20,ICBP,RG,8950,10,F,BK,BK,F
10:36:18,ICBP,RG,8950,10,F,BK,PD,D
10:35:08,ICBP,RG,8950,5,F,BK,SQ,D
10:34:49,ICBP,RG,8975,1,D,YP,CP,D
10:33:53,ICBP,RG,8950,9,F,BK,BK,F
10:33:48,ICBP,RG,8950,17,F,BK,BK,F
10:33:43,ICBP,RG,8950,79,F,BK,BK,F
10:33:42,ICBP,RG,8975,14,F,BK,CP,D
10:33:42,ICBP,RG,8975,4,F,BK,PD,D
10:33:42,ICBP,RG,8975,13,F,BK,CC,D
10:33:42,ICBP,RG,8975,1,F,BK,XC,D
10:33:42,ICBP,RG,8975,5,F,BK,NI,D
10:33:42,ICBP,RG,8975,14,F,BK,GR,D
10:33:39,ICBP,RG,8975,3,F,AK,GR,D
10:33:38,ICBP,RG,8950,2,F,BK,PD,D
10:33:38,ICBP,RG,8950,17,D,BK,PD,D
10:33:38,ICBP,RG,8950,1,F,CS,PD,D
10:33:38,ICBP,RG,8950,1,F,CS,PD,D
10:33:38,ICBP,RG,8950,33,F,BK,PD,D
10:33:38,ICBP,RG,8950,515,D,LG,PD,D
10:33:38,ICBP,RG,8950,56,D,LG,PD,D
10:33:14,ICBP,RG,8975,1,D,PD,GR,D
10:33:04,ICBP,RG,8975,9,F,BK,GR,D
10:33:02,ICBP,RG,8950,58,D,LG,CC,F
10:32:11,ICBP,RG,8975,1,D,CC,GR,D
10:31:35,ICBP,RG,8950,2,D,LG,PD,D
10:31:16,ICBP,RG,8975,9,F,BK,GR,D
10:31:16,ICBP,RG,8975,1,D,YP,GR,D
10:31:01,ICBP,RG,8975,1,D,PD,GR,D
10:30:47,ICBP,RG,8975,8,D,YP,GR,D
10:30:39,ICBP,RG,8975,3,D,XL,GR,D
10:30:39,ICBP,RG,8975,1,D,XL,KK,D
10:30:39,ICBP,RG,8975,1,D,XL,PD,D
10:28:53,ICBP,RG,8975,8,D,BK,PD,D
10:28:45,ICBP,RG,8975,1,F,AK,PD,D
10:28:45,ICBP,RG,8975,4,F,AK,CC,D
10:28:34,ICBP,RG,8975,1,D,YP,CC,D
10:28:34,ICBP,RG,8975,1,D,YP,PD,D
10:28:14,ICBP,RG,8975,2,F,BK,PD,D
10:28:14,ICBP,RG,8975,1,F,BK,LG,D
10:28:14,ICBP,RG,8975,2,F,BK,PD,D
10:28:14,ICBP,RG,8975,2,F,BK,NI,D
10:28:14,ICBP,RG,8975,3,F,BK,PD,D
10:28:10,ICBP,RG,8950,52,D,LG,CC,F
10:27:53,ICBP,RG,8975,1,F,BK,PD,D
10:27:53,ICBP,RG,8975,2,F,BK,GR,D
10:27:53,ICBP,RG,8975,1,F,BK,PD,D
10:27:53,ICBP,RG,8975,1,F,BK,DX,D
10:27:53,ICBP,RG,8975,1,F,BK,XC,D
10:27:53,ICBP,RG,8975,3,F,BK,CC,F
10:27:48,ICBP,RG,8975,1,D,XC,CC,F
10:26:06,ICBP,RG,8975,15,D,KK,CC,F
10:25:56,ICBP,RG,8950,25,D,LG,PD,D
10:25:14,ICBP,RG,8975,4,D,KK,CC,F
10:25:12,ICBP,RG,8975,7,F,BK,CC,F
10:24:08,ICBP,RG,8975,1,D,XC,CC,F
10:24:01,ICBP,RG,8975,10,D,PD,CC,F
10:24:00,ICBP,RG,8975,1,D,GR,CC,F
10:23:49,ICBP,RG,8975,8,F,BK,CC,F
10:23:49,ICBP,RG,8975,1,F,BK,KK,D
10:23:44,ICBP,RG,8975,5,F,BK,CC,D
10:23:44,ICBP,RG,8975,6,F,BK,LS,D
10:23:42,ICBP,RG,8950,100,D,LG,CC,F
10:23:41,ICBP,RG,8975,8,D,BK,LS,D
10:23:41,ICBP,RG,8975,11,F,BK,LS,D
10:23:41,ICBP,RG,8975,1,F,BK,XC,D
10:23:41,ICBP,RG,8975,2,F,BK,PD,D
10:23:39,ICBP,RG,8950,100,D,LG,CC,F
10:23:36,ICBP,RG,8950,150,D,LG,CC,F
10:23:16,ICBP,RG,8975,1,D,KK,PD,D
10:22:10,ICBP,RG,8975,4,F,BK,PD,D
10:22:10,ICBP,RG,8975,4,F,BK,SQ,D
10:22:04,ICBP,RG,8975,2,D,KK,SQ,D
10:21:54,ICBP,RG,8975,2,D,KK,SQ,D
10:21:52,ICBP,RG,8975,2,D,SQ,SQ,D
10:21:48,ICBP,RG,8975,10,D,YP,PD,D
10:21:28,ICBP,RG,8975,5,D,YP,KK,D
10:21:28,ICBP,RG,8975,1,D,YP,PD,D
10:21:28,ICBP,RG,8975,1,D,YP,TF,D
10:21:28,ICBP,RG,8975,4,D,YP,YP,D
10:20:46,ICBP,RG,8975,5,D,YP,YP,D
10:20:41,ICBP,RG,8975,1,D,YJ,YP,D
10:20:41,ICBP,RG,8975,1,D,YJ,YP,D
10:20:25,ICBP,RG,8975,2,D,KK,YP,D
10:20:03,ICBP,RG,8975,2,D,PD,YP,D
10:20:03,ICBP,RG,8975,1,D,PD,PD,D
10:20:03,ICBP,RG,8975,2,D,PD,PD,D
10:18:23,ICBP,RG,8975,3,D,YP,PD,D
10:18:23,ICBP,RG,8975,2,D,YP,SQ,D
10:17:57,ICBP,RG,8975,4,D,PD,BK,F
10:17:20,ICBP,RG,8975,9,D,XC,BK,F
10:16:34,ICBP,RG,8975,6,D,KK,BK,F
10:16:01,ICBP,RG,8975,5,D,EP,BK,F
10:15:59,ICBP,RG,8975,1,D,YP,BK,F
10:14:45,ICBP,RG,8950,160,D,LG,CC,F
10:14:45,ICBP,RG,8950,20,D,LG,BK,F
10:14:45,ICBP,RG,8950,1,D,LG,SQ,D
10:14:45,ICBP,RG,8950,6,D,LG,CC,D
10:14:45,ICBP,RG,8950,5,D,LG,PD,D
10:14:45,ICBP,RG,8950,1,D,LG,SQ,D
10:14:45,ICBP,RG,8950,1,D,LG,XC,D
10:14:36,ICBP,RG,8950,1,D,PD,XC,D
10:14:21,ICBP,RG,8950,17,D,KZ,XC,D
10:14:19,ICBP,RG,8950,6,D,YP,XC,D
10:14:19,ICBP,RG,8950,10,D,YP,YP,D
10:14:19,ICBP,RG,8950,1,D,YP,PD,D
10:14:19,ICBP,RG,8950,15,D,YP,DX,F
10:14:19,ICBP,RG,8950,1,D,YP,YP,D
10:14:19,ICBP,RG,8950,1,D,YP,AT,D
10:14:19,ICBP,RG,8950,7,D,YP,DX,F
10:14:19,ICBP,RG,8950,35,D,YP,YP,D
10:14:19,ICBP,RG,8950,130,D,YP,BK,F
10:14:19,ICBP,RG,8950,241,D,YP,PD,D
10:13:26,ICBP,RG,8950,2,D,DR,PD,D
10:13:24,ICBP,RG,8950,2,D,YB,PD,D
10:12:41,ICBP,RG,8950,1,D,XC,PD,D
10:12:27,ICBP,RG,8950,3,D,PD,PD,D
10:11:25,ICBP,RG,8950,1,D,XC,PD,D
10:10:06,ICBP,RG,8950,50,D,YP,PD,D
10:10:03,ICBP,RG,8950,10,D,DH,PD,D
10:09:30,ICBP,RG,8950,1,D,EP,PD,D
10:08:39,ICBP,RG,8925,10,F,DX,NI,D
10:08:33,ICBP,RG,8925,16,F,DX,BK,F
10:08:29,ICBP,RG,8925,13,F,DX,BK,F
10:08:26,ICBP,RG,8950,25,D,OD,PD,D
10:08:24,ICBP,RG,8925,35,F,DX,BK,F
10:08:21,ICBP,RG,8950,2,F,CS,PD,D
10:08:21,ICBP,RG,8950,1,F,CS,PD,D
10:08:21,ICBP,RG,8950,1,F,CS,PD,D
10:08:21,ICBP,RG,8950,50,D,YP,PD,D
10:08:21,ICBP,RG,8950,27,D,YP,PD,D
10:08:21,ICBP,RG,8950,30,D,YP,PD,D
10:08:21,ICBP,RG,8950,1,F,AK,PD,D
10:08:21,ICBP,RG,8950,1,D,YP,PD,D
10:08:21,ICBP,RG,8950,1,F,CS,PD,D
10:08:21,ICBP,RG,8950,4,D,YP,PD,D
10:08:21,ICBP,RG,8950,45,D,YP,PD,D
10:08:19,ICBP,RG,8950,1,D,YP,XC,D
10:07:15,ICBP,RG,8975,1,D,KK,BK,F
10:07:04,ICBP,RG,8925,10,F,DX,BK,F
10:06:59,ICBP,RG,8925,19,F,DX,BK,F
10:06:56,ICBP,RG,8925,22,F,DX,BK,F
10:06:56,ICBP,RG,8925,10,D,PD,BK,F
10:06:56,ICBP,RG,8925,32,F,BK,BK,F
10:06:56,ICBP,RG,8925,1,F,CS,BK,F
10:06:56,ICBP,RG,8925,14,F,DX,BK,F
10:06:51,ICBP,RG,8950,1,F,CS,BK,F
10:06:51,ICBP,RG,8950,9,F,BK,BK,F
10:06:51,ICBP,RG,8950,1,F,CS,BK,F
10:06:51,ICBP,RG,8950,29,F,DX,BK,F
10:06:48,ICBP,RG,8950,7,F,DX,BK,F
10:06:48,ICBP,RG,8950,1,F,CS,BK,F
10:06:48,ICBP,RG,8950,1,D,KK,BK,F
10:06:48,ICBP,RG,8950,8,D,BK,BK,F
10:06:48,ICBP,RG,8950,1,F,AK,BK,F
10:06:48,ICBP,RG,8950,1,F,AK,BK,F
10:06:48,ICBP,RG,8950,1,F,AK,BK,F
10:06:48,ICBP,RG,8950,1,F,AK,BK,F
10:06:48,ICBP,RG,8950,25,F,BK,BK,F
10:06:48,ICBP,RG,8950,11,F,BK,BK,F
10:06:48,ICBP,RG,8950,10,D,KZ,BK,F
10:06:48,ICBP,RG,8950,391,F,YU,BK,F
10:06:47,ICBP,RG,8950,48,F,YU,PD,D
10:06:47,ICBP,RG,8950,268,F,BK,PD,D
10:06:47,ICBP,RG,8950,42,F,DX,PD,D
10:06:47,ICBP,RG,8950,2,F,CS,PD,D
10:06:47,ICBP,RG,8950,1458,F,DX,PD,D
10:06:47,ICBP,RG,8950,181,F,DX,PD,D
10:06:15,ICBP,RG,8975,4,D,DH,BK,F
10:05:28,ICBP,RG,8975,8,F,BK,BK,F
10:05:25,ICBP,RG,8975,21,F,BK,BK,F
10:05:23,ICBP,RG,8950,9,F,DX,BK,F
10:05:19,ICBP,RG,8975,46,F,BK,BK,F
10:05:19,ICBP,RG,8975,1,F,BK,XC,D
10:05:19,ICBP,RG,8975,15,F,BK,YP,D
10:05:19,ICBP,RG,8975,10,F,BK,CC,D
10:05:19,ICBP,RG,8975,2,F,BK,NI,D
10:05:19,ICBP,RG,8975,15,F,BK,NI,D
10:05:19,ICBP,RG,8975,1,F,BK,YP,D
10:05:19,ICBP,RG,8975,1,F,BK,YP,D
10:05:19,ICBP,RG,8975,15,F,BK,NI,D
10:05:19,ICBP,RG,8975,6,F,BK,CC,D
10:05:19,ICBP,RG,8975,1,F,BK,YP,D
10:05:19,ICBP,RG,8975,1,F,BK,KK,D
10:05:19,ICBP,RG,8975,1,F,BK,LS,D
10:05:19,ICBP,RG,8975,1,F,BK,KK,D
10:05:19,ICBP,RG,8975,2,F,BK,KK,D
10:05:19,ICBP,RG,8975,5,F,BK,YB,D
10:05:19,ICBP,RG,8975,1,F,BK,YB,D
10:05:19,ICBP,RG,8975,1,F,BK,KK,D
10:05:19,ICBP,RG,8975,1,F,BK,PD,D
10:05:19,ICBP,RG,8975,7,F,BK,PD,D
10:05:19,ICBP,RG,8975,3,F,BK,KK,D
10:05:19,ICBP,RG,8975,5,F,BK,EP,D
10:05:19,ICBP,RG,8975,1,F,BK,HP,D
10:05:19,ICBP,RG,8975,1,F,BK,KK,D
10:05:19,ICBP,RG,8975,64,F,BK,YU,D
10:05:18,ICBP,RG,8950,9,F,DX,BK,F
10:05:17,ICBP,RG,8950,2,F,DX,SQ,D
10:05:17,ICBP,RG,8950,5,F,DX,XL,D
10:05:17,ICBP,RG,8950,7,F,DX,PD,D
10:05:17,ICBP,RG,8950,1,F,DX,CC,D
10:05:17,ICBP,RG,8950,153,F,DX,BK,F
10:05:17,ICBP,RG,8950,545,F,DX,PD,D
10:05:17,ICBP,RG,8950,54,F,DX,PD,D
10:05:17,ICBP,RG,8950,10,F,DX,PD,D
10:05:17,ICBP,RG,8950,1,F,DX,XC,D
10:05:17,ICBP,RG,8950,12,F,DX,DX,F
10:05:17,ICBP,RG,8950,2,F,DX,PD,D
10:05:17,ICBP,RG,8950,16,F,DX,DX,F
10:05:17,ICBP,RG,8950,5,F,DX,NI,D
10:05:17,ICBP,RG,8950,17,F,DX,GR,D
10:05:17,ICBP,RG,8950,1,F,DX,DX,D
10:05:17,ICBP,RG,8950,2,F,DX,CC,D
10:05:17,ICBP,RG,8950,2,F,DX,XC,D
10:05:17,ICBP,RG,8950,1,F,DX,XC,D
10:05:17,ICBP,RG,8950,2,F,DX,SQ,D
10:05:17,ICBP,RG,8950,6,F,DX,PD,D
10:05:17,ICBP,RG,8950,5,F,DX,EP,D
10:05:17,ICBP,RG,8950,18,F,DX,DX,F
10:05:17,ICBP,RG,8950,1,F,DX,NI,D
10:05:17,ICBP,RG,8950,4,F,DX,SQ,D
10:05:17,ICBP,RG,8950,1,F,DX,XC,D
10:05:17,ICBP,RG,8950,1,F,DX,CC,D
10:05:17,ICBP,RG,8950,12,F,DX,DX,F
10:05:17,ICBP,RG,8950,80,F,DX,PD,D
10:05:17,ICBP,RG,8950,2,F,DX,CC,D
10:05:17,ICBP,RG,8950,1,F,DX,XC,D
10:05:17,ICBP,RG,8950,13,F,DX,BK,F
10:05:17,ICBP,RG,8950,1,F,DX,XC,D
10:05:17,ICBP,RG,8950,2,F,DX,YP,D
10:05:17,ICBP,RG,8950,1,F,DX,XC,D
10:05:17,ICBP,RG,8950,2,F,DX,EP,D
10:05:17,ICBP,RG,8950,1,F,DX,DX,D
10:05:17,ICBP,RG,8950,5,F,DX,CC,D
10:05:17,ICBP,RG,8950,7,F,DX,XC,D
10:05:17,ICBP,RG,8950,13,F,DX,DX,F
10:05:17,ICBP,RG,8950,6,F,DX,XL,D
10:05:17,ICBP,RG,8950,1,F,DX,PD,D
10:05:17,ICBP,RG,8950,4,F,DX,DH,D
10:05:17,ICBP,RG,8950,5,F,DX,PD,D
10:05:17,ICBP,RG,8950,12,F,DX,DH,D
10:05:17,ICBP,RG,8950,2,F,DX,PD,D
10:05:17,ICBP,RG,8950,2,F,DX,XC,D
10:05:17,ICBP,RG,8950,4,F,DX,NI,D
10:05:17,ICBP,RG,8950,2,F,DX,PD,D
10:05:17,ICBP,RG,8950,16,F,DX,YP,D
10:05:17,ICBP,RG,8950,605,F,DX,CC,D
10:05:17,ICBP,RG,8950,1,F,DX,XC,D
10:05:17,ICBP,RG,8950,2,F,DX,NI,D
10:05:17,ICBP,RG,8950,5,F,DX,PD,D
10:05:17,ICBP,RG,8950,8,F,DX,CC,D
10:05:17,ICBP,RG,8950,12,F,DX,YP,D
10:05:17,ICBP,RG,8950,88,F,DX,BK,F
10:05:17,ICBP,RG,8950,40,F,DX,PD,D
10:05:17,ICBP,RG,8950,5,F,DX,YP,D
10:05:17,ICBP,RG,8950,3,F,DX,PD,D
10:05:17,ICBP,RG,8950,1,F,DX,YP,D
10:05:17,ICBP,RG,8950,10,F,DX,YP,D
10:05:17,ICBP,RG,8950,1,F,DX,NI,D
10:05:17,ICBP,RG,8950,10,F,DX,DH,D
10:05:17,ICBP,RG,8950,39,F,DX,NI,D
10:05:17,ICBP,RG,8950,5,F,DX,PD,D
10:05:17,ICBP,RG,8950,4,F,DX,PD,D
10:05:17,ICBP,RG,8950,3,F,DX,XC,D
10:05:17,ICBP,RG,8950,70,F,DX,BK,F
10:05:17,ICBP,RG,8950,2,F,DX,PD,D
10:05:17,ICBP,RG,8950,1,F,DX,XC,D
10:05:17,ICBP,RG,8950,1,F,DX,DR,D
10:05:17,ICBP,RG,8950,2,F,DX,CC,D
10:05:17,ICBP,RG,8950,5,F,DX,PD,D
10:05:17,ICBP,RG,8950,1,F,DX,XC,D
10:05:17,ICBP,RG,8950,4,F,DX,PD,D
10:05:17,ICBP,RG,8950,5,F,DX,PD,D
10:05:17,ICBP,RG,8950,8,F,DX,SQ,D
10:05:17,ICBP,RG,8950,2,F,DX,KK,D
10:05:17,ICBP,RG,8950,5,F,DX,NI,D
10:05:17,ICBP,RG,8950,11,F,DX,PD,D
10:05:17,ICBP,RG,8950,2,F,DX,PD,D
10:05:17,ICBP,RG,8950,4,F,DX,CC,D
10:05:17,ICBP,RG,8950,1,F,DX,XC,D
10:05:17,ICBP,RG,8950,76,F,DX,BK,F
10:05:17,ICBP,RG,8950,6,F,DX,CC,D
10:05:17,ICBP,RG,8950,2,F,DX,XC,D
10:05:17,ICBP,RG,8950,1,F,DX,TF,D
10:05:17,ICBP,RG,8950,57,F,DX,CC,F
10:05:17,ICBP,RG,8950,2,F,DX,XC,D
10:05:17,ICBP,RG,8950,10,F,DX,NI,D
10:05:17,ICBP,RG,8950,1,F,DX,YP,D
10:05:17,ICBP,RG,8950,1,F,DX,NI,D
10:05:17,ICBP,RG,8950,2,F,DX,DX,D
10:05:17,ICBP,RG,8950,151,F,DX,BK,F
10:03:31,ICBP,RG,8925,1,F,DX,XC,D
10:03:18,ICBP,RG,8925,15,F,DX,DX,F
10:03:02,ICBP,RG,8950,2,D,XC,BK,F
10:01:37,ICBP,RG,8925,16,F,DX,DX,F
10:01:37,ICBP,RG,8925,1,D,PD,DX,F
9:59:51,ICBP,RG,8950,7,F,BK,BK,F
9:59:51,ICBP,RG,8950,1,F,BK,NI,D
9:59:51,ICBP,RG,8900,16,F,DX,BK,F
9:59:48,ICBP,RG,8900,13,F,DX,BK,F
9:59:45,ICBP,RG,8900,57,F,DX,BK,F
9:59:43,ICBP,RG,8925,7,F,BK,BK,F
9:59:42,ICBP,RG,8925,2,F,CS,AK,F
9:59:42,ICBP,RG,8900,31,F,DX,BK,F
9:59:42,ICBP,RG,8900,1,D,LG,BK,F
9:59:42,ICBP,RG,8900,5,D,YP,BK,F
9:59:42,ICBP,RG,8900,1,D,KK,BK,F
9:59:42,ICBP,RG,8900,11,D,YP,BK,F
9:59:42,ICBP,RG,8900,5,D,KK,BK,F
9:59:42,ICBP,RG,8900,5,D,CC,BK,F
9:59:42,ICBP,RG,8900,2,D,YP,BK,F
9:59:42,ICBP,RG,8900,13,D,IF,BK,F
9:59:42,ICBP,RG,8900,8,F,BK,BK,F
9:59:42,ICBP,RG,8900,10,D,CC,BK,F
9:59:42,ICBP,RG,8900,2,D,AZ,BK,F
9:59:42,ICBP,RG,8900,2,D,PD,BK,F
9:59:42,ICBP,RG,8900,1,D,DH,BK,F
9:59:42,ICBP,RG,8900,1,D,XC,BK,F
9:59:42,ICBP,RG,8900,3,D,XL,BK,F
9:59:42,ICBP,RG,8900,10,D,XL,BK,F
9:59:42,ICBP,RG,8900,10,D,PD,BK,F
9:59:42,ICBP,RG,8900,20,D,OD,BK,F
9:59:42,ICBP,RG,8900,20,D,NI,BK,F
9:59:42,ICBP,RG,8900,20,D,PD,BK,F
9:59:42,ICBP,RG,8900,2,D,XL,BK,F
9:59:42,ICBP,RG,8900,5,D,XC,BK,F
9:59:42,ICBP,RG,8900,1,D,KZ,BK,F
9:59:42,ICBP,RG,8900,1,D,DH,BK,F
9:59:42,ICBP,RG,8900,3,D,XL,BK,F
9:59:42,ICBP,RG,8900,10,D,KK,BK,F
9:59:42,ICBP,RG,8900,1,D,PD,BK,F
9:59:42,ICBP,RG,8900,12,D,YP,BK,F
9:59:42,ICBP,RG,8900,1,D,CC,BK,F
9:59:42,ICBP,RG,8900,2,D,YP,BK,F
9:59:42,ICBP,RG,8900,1,D,XC,BK,F
9:59:42,ICBP,RG,8900,2,D,PD,BK,F
9:59:42,ICBP,RG,8900,1,D,OD,BK,F
9:59:42,ICBP,RG,8900,25,D,KK,BK,F
9:59:41,ICBP,RG,8925,2,F,AK,AK,F
9:59:41,ICBP,RG,8925,1,F,CS,AK,F
9:59:41,ICBP,RG,8925,2,F,CS,AK,F
9:59:41,ICBP,RG,8925,2,F,CS,AK,F
9:59:41,ICBP,RG,8925,1,F,CS,AK,F
9:59:41,ICBP,RG,8925,1,F,AK,AK,F
9:59:41,ICBP,RG,8925,1,F,AK,AK,F
9:59:41,ICBP,RG,8925,2,F,AK,AK,F
9:59:41,ICBP,RG,8925,2,F,CS,AK,F
9:59:41,ICBP,RG,8925,7,D,DH,AK,F
9:59:41,ICBP,RG,8925,3,D,CC,AK,F
9:59:41,ICBP,RG,8925,1,D,XC,AK,F
9:59:41,ICBP,RG,8925,10,D,PD,AK,F
9:59:41,ICBP,RG,8925,1,F,CS,AK,F
9:59:41,ICBP,RG,8925,1,F,CS,AK,F
9:59:41,ICBP,RG,8925,8,D,BK,AK,F
9:59:41,ICBP,RG,8925,34,D,KK,AK,F
9:59:41,ICBP,RG,8925,1,D,NI,AK,F
9:59:41,ICBP,RG,8925,2,F,CS,AK,F
9:59:41,ICBP,RG,8925,10,D,AZ,AK,F
9:59:41,ICBP,RG,8925,1,D,GR,AK,F
9:59:41,ICBP,RG,8925,6,D,AT,AK,F
9:59:41,ICBP,RG,8925,5,D,NI,AK,F
9:59:41,ICBP,RG,8925,3,D,CC,AK,F
9:59:41,ICBP,RG,8925,1,D,XC,AK,F
9:59:41,ICBP,RG,8925,2,F,CS,AK,F
9:59:41,ICBP,RG,8925,1,D,PD,AK,F
9:59:41,ICBP,RG,8925,8,D,BK,AK,F
9:59:41,ICBP,RG,8925,5,D,KK,AK,F
9:59:41,ICBP,RG,8925,1,F,CS,AK,F
9:59:41,ICBP,RG,8925,10,D,KZ,AK,F
9:59:41,ICBP,RG,8925,38,F,DX,AK,F
9:59:41,ICBP,RG,8925,1,D,XC,AK,F
9:59:41,ICBP,RG,8925,2,D,KK,AK,F
9:59:41,ICBP,RG,8925,1,F,CS,AK,F
9:59:41,ICBP,RG,8925,2,D,YB,AK,F
9:59:41,ICBP,RG,8925,151,F,BK,AK,F
9:59:41,ICBP,RG,8925,25,D,XC,AK,F
9:59:40,ICBP,RG,8925,32,D,XC,PD,D
9:59:40,ICBP,RG,8925,2,F,AK,PD,D
9:59:40,ICBP,RG,8925,1,F,AK,PD,D
9:59:40,ICBP,RG,8925,2,D,OD,PD,D
9:59:40,ICBP,RG,8925,8,F,BK,PD,D
9:59:40,ICBP,RG,8925,5,D,NI,PD,D
9:59:40,ICBP,RG,8925,8,D,BK,PD,D
9:59:40,ICBP,RG,8925,2,F,CS,PD,D
9:59:40,ICBP,RG,8925,15,D,OD,PD,D
9:59:40,ICBP,RG,8925,2,D,PD,PD,D
9:59:40,ICBP,RG,8925,1,D,PD,PD,D
9:59:40,ICBP,RG,8925,2,F,CS,PD,D
9:59:40,ICBP,RG,8925,8,F,BK,PD,D
9:59:40,ICBP,RG,8925,1,D,PD,PD,D
9:59:40,ICBP,RG,8925,2,D,YP,PD,D
9:59:40,ICBP,RG,8925,1,D,PD,PD,D
9:59:40,ICBP,RG,8925,77,F,DX,PD,D
9:59:40,ICBP,RG,8925,12,D,BK,PD,D
9:59:40,ICBP,RG,8925,12,F,BK,PD,D
9:59:40,ICBP,RG,8925,458,F,YU,PD,D
9:59:40,ICBP,RG,8925,1,F,AK,PD,D
9:59:40,ICBP,RG,8925,82,F,DX,PD,D
9:59:40,ICBP,RG,8925,10,F,BK,PD,D
9:59:40,ICBP,RG,8925,36,F,DX,PD,D
9:59:40,ICBP,RG,8925,129,F,DX,PD,D
9:59:40,ICBP,RG,8925,90,F,DX,PD,D
9:59:29,ICBP,RG,8925,6,F,DX,PD,D
9:59:27,ICBP,RG,8950,1,D,PD,NI,D
9:58:46,ICBP,RG,8950,7,F,BK,NI,D
9:58:45,ICBP,RG,8950,8,F,BK,NI,D
9:57:02,ICBP,RG,8925,12,F,DX,BK,F
9:56:58,ICBP,RG,8950,7,F,BK,NI,D
9:56:58,ICBP,RG,8925,8,F,DX,BK,F
9:56:56,ICBP,RG,8950,50,D,YP,NI,D
9:56:31,ICBP,RG,8950,1,D,XC,NI,D
9:56:27,ICBP,RG,8925,1,F,DX,PD,D
9:56:18,ICBP,RG,8925,8,F,DX,BK,F
9:56:13,ICBP,RG,8950,5,D,CC,NI,D
9:55:59,ICBP,RG,8950,8,F,BK,NI,D
9:55:15,ICBP,RG,8950,3,F,AK,NI,D
9:55:07,ICBP,RG,8950,4,D,HP,NI,D
9:54:37,ICBP,RG,8950,8,F,BK,NI,D
9:54:36,ICBP,RG,8925,8,F,DX,BK,F
9:54:34,ICBP,RG,8925,25,F,DX,YP,D
9:53:44,ICBP,RG,8925,8,F,DX,BK,F
9:53:42,ICBP,RG,8925,8,F,DX,BK,F
9:53:41,ICBP,RG,8925,50,F,DX,CC,F
9:53:36,ICBP,RG,8950,9,F,BK,NI,D
9:53:36,ICBP,RG,8925,8,F,DX,BK,F
9:53:31,ICBP,RG,8950,38,F,DX,NI,D
9:53:29,ICBP,RG,8925,5,F,DX,AZ,D
9:53:07,ICBP,RG,8925,1,F,DX,XC,D
9:53:05,ICBP,RG,8950,1,D,YP,NI,D
9:52:56,ICBP,RG,8925,13,F,DX,BK,F
9:52:55,ICBP,RG,8950,9,F,BK,NI,D
9:52:40,ICBP,RG,8925,10,F,DX,PD,D
9:52:09,ICBP,RG,8950,8,D,YP,NI,D
9:50:15,ICBP,RG,8950,10,D,PD,NI,D
9:49:50,ICBP,RG,8925,11,F,DX,BK,F
9:49:47,ICBP,RG,8925,10,F,DX,BK,F
9:49:43,ICBP,RG,8925,50,F,DX,CC,D
9:49:16,ICBP,RG,8950,1,D,KK,NI,D
9:49:01,ICBP,RG,8950,1,D,KK,NI,D
9:48:02,ICBP,RG,8950,5,D,PD,NI,D
9:47:02,ICBP,RG,8925,1,F,DX,YP,D
9:46:05,ICBP,RG,8925,10,F,DX,PD,D
9:45:58,ICBP,RG,8925,14,F,DX,EP,D
9:45:49,ICBP,RG,8925,14,F,DX,BK,F
9:45:49,ICBP,RG,8925,1,F,AK,BK,F
9:45:44,ICBP,RG,8925,1,F,AK,GR,D
9:45:44,ICBP,RG,8925,10,D,KZ,GR,D
9:45:44,ICBP,RG,8925,9,F,BK,GR,D
9:45:44,ICBP,RG,8925,4,D,BK,GR,D
9:45:15,ICBP,RG,8925,4,D,BK,EP,D
9:45:15,ICBP,RG,8925,5,F,BK,EP,D
9:44:42,ICBP,RG,8925,7,F,BK,BK,F
9:44:40,ICBP,RG,8950,43,F,DX,NI,D
9:44:37,ICBP,RG,8925,16,F,BK,BK,F
9:44:36,ICBP,RG,8925,2,F,BK,SQ,D
9:44:36,ICBP,RG,8925,2,F,CS,SQ,D
9:44:36,ICBP,RG,8925,36,F,DX,SQ,D
9:44:32,ICBP,RG,8925,13,F,DX,BK,F
9:44:31,ICBP,RG,8925,56,F,DX,XC,D
9:43:44,ICBP,RG,8925,14,F,DX,BK,F
9:43:43,ICBP,RG,8950,9,F,BK,NI,D
9:43:40,ICBP,RG,8950,56,D,XC,NI,D
9:43:39,ICBP,RG,8925,1,F,DX,YP,D
9:43:26,ICBP,RG,8950,1,D,AZ,NI,D
9:42:24,ICBP,RG,8950,11,D,YP,NI,D
9:42:12,ICBP,RG,8925,10,F,DX,PD,D
9:39:54,ICBP,RG,8950,8,F,BK,NI,D
9:39:49,ICBP,RG,8950,86,F,DX,NI,D
9:39:49,ICBP,RG,8950,11,F,BK,NI,D
9:39:48,ICBP,RG,8925,1,F,DX,PD,D
9:39:48,ICBP,RG,8925,1,F,DX,PD,D
9:39:48,ICBP,RG,8925,7,F,DX,AT,D
9:39:48,ICBP,RG,8925,15,F,DX,DX,F
9:39:48,ICBP,RG,8925,6,F,DX,CC,D
9:39:48,ICBP,RG,8925,21,F,DX,DX,F
9:39:48,ICBP,RG,8925,150,F,DX,CC,F
9:39:48,ICBP,RG,8925,97,F,DX,DX,F
9:39:48,ICBP,RG,8925,72,F,DX,BK,F
9:39:39,ICBP,RG,8900,11,D,KK,YP,D
9:39:21,ICBP,RG,8925,111,F,DX,BK,F
9:39:21,ICBP,RG,8925,186,F,DX,CC,F
9:39:21,ICBP,RG,8925,3,F,DX,KK,D
9:38:55,ICBP,RG,8925,1,D,YP,KK,D
9:38:52,ICBP,RG,8900,11,D,KK,YP,D
9:38:24,ICBP,RG,8900,3,D,KK,PD,D
9:38:24,ICBP,RG,8900,1,D,SQ,PD,D
9:38:24,ICBP,RG,8900,1,D,SQ,PD,D
9:37:38,ICBP,RG,8900,1,D,SQ,KK,D
9:36:42,ICBP,RG,8900,10,D,SQ,BK,F
9:36:40,ICBP,RG,8900,10,D,SQ,DR,D
9:35:42,ICBP,RG,8900,11,D,SQ,BK,F
9:35:40,ICBP,RG,8900,10,D,SQ,CC,D
9:35:38,ICBP,RG,8900,14,D,SQ,BK,F
9:35:38,ICBP,RG,8900,13,D,YP,BK,F
9:35:36,ICBP,RG,8900,43,D,YP,CC,F
9:35:36,ICBP,RG,8900,1,D,YP,CC,F
9:35:36,ICBP,RG,8900,1,D,KK,CC,F
9:35:36,ICBP,RG,8900,1,D,YP,CC,F
9:35:36,ICBP,RG,8900,10,D,PD,CC,F
9:35:36,ICBP,RG,8900,10,D,PD,CC,F
9:35:36,ICBP,RG,8900,3,D,YP,CC,F
9:35:36,ICBP,RG,8900,5,D,NI,CC,F
9:35:36,ICBP,RG,8900,1,D,AT,CC,F
9:35:36,ICBP,RG,8900,1,D,YB,CC,F
9:35:36,ICBP,RG,8900,20,D,DR,CC,F
9:35:36,ICBP,RG,8900,1,D,YP,CC,F
9:35:36,ICBP,RG,8900,1,D,PD,CC,F
9:35:36,ICBP,RG,8900,1,D,YP,CC,F
9:35:36,ICBP,RG,8900,13,F,BK,CC,F
9:35:36,ICBP,RG,8900,9,F,BK,CC,F
9:35:36,ICBP,RG,8900,29,F,DX,CC,F
9:35:21,ICBP,RG,8900,9,F,DX,BK,F
9:35:16,ICBP,RG,8900,6,F,DX,PD,D
9:34:33,ICBP,RG,8900,1,F,DX,YP,D
9:34:09,ICBP,RG,8925,1,D,PD,KK,D
9:33:38,ICBP,RG,8900,11,F,DX,CC,D
9:33:01,ICBP,RG,8900,12,F,DX,BK,F
9:32:58,ICBP,RG,8900,7,F,DX,BK,F
9:32:58,ICBP,RG,8900,23,D,KK,BK,F
9:32:56,ICBP,RG,8950,23,F,DX,NI,D
9:32:54,ICBP,RG,8900,27,D,KK,BK,F
9:32:54,ICBP,RG,8900,2,D,PD,BK,F
9:32:54,ICBP,RG,8900,4,D,KZ,BK,F
9:32:54,ICBP,RG,8900,7,F,BK,BK,F
9:32:54,ICBP,RG,8900,1,D,CC,BK,F
9:32:54,ICBP,RG,8900,1,D,CC,BK,F
9:32:54,ICBP,RG,8900,2,D,YP,BK,F
9:32:54,ICBP,RG,8900,1,D,CC,BK,F
9:32:54,ICBP,RG,8900,50,D,CP,BK,F
9:32:54,ICBP,RG,8900,1,D,KK,BK,F
9:32:54,ICBP,RG,8900,1,D,PD,BK,F
9:32:54,ICBP,RG,8900,1,D,ZP,BK,F
9:32:54,ICBP,RG,8900,15,D,XL,BK,F
9:32:54,ICBP,RG,8900,1,D,PD,BK,F
9:32:50,ICBP,RG,8925,2,F,CS,BK,F
9:32:50,ICBP,RG,8925,1,F,CS,BK,F
9:32:50,ICBP,RG,8925,2,F,CS,BK,F
9:32:50,ICBP,RG,8925,1,F,AK,BK,F
9:32:50,ICBP,RG,8925,2,D,PD,BK,F
9:32:50,ICBP,RG,8925,8,F,BK,BK,F
9:32:50,ICBP,RG,8925,2,D,CC,BK,F
9:32:50,ICBP,RG,8925,3,D,PD,BK,F
9:32:49,ICBP,RG,8925,17,D,PD,DH,D
9:32:49,ICBP,RG,8925,2,D,PD,DH,D
9:32:49,ICBP,RG,8925,5,D,SQ,DH,D
9:32:49,ICBP,RG,8925,1,F,CS,DH,D
9:32:49,ICBP,RG,8925,1,D,XC,DH,D
9:32:49,ICBP,RG,8925,10,D,KZ,DH,D
9:32:49,ICBP,RG,8925,1,D,PD,DH,D
9:32:49,ICBP,RG,8925,1,F,CS,DH,D
9:32:49,ICBP,RG,8925,1,D,SQ,DH,D
9:32:49,ICBP,RG,8925,2,D,SQ,DH,D
9:32:49,ICBP,RG,8925,1,D,PD,DH,D
9:32:49,ICBP,RG,8925,2,F,CS,DH,D
9:32:49,ICBP,RG,8925,2,D,PD,DH,D
9:32:49,ICBP,RG,8925,1,F,CS,DH,D
9:32:49,ICBP,RG,8925,7,F,BK,DH,D
9:32:49,ICBP,RG,8925,35,F,DX,DH,D
9:32:49,ICBP,RG,8925,21,F,BK,DH,D
9:32:49,ICBP,RG,8925,300,F,DX,DH,D
9:32:49,ICBP,RG,8925,5,D,SQ,DH,D
9:32:49,ICBP,RG,8925,10,D,CC,DH,D
9:32:49,ICBP,RG,8925,1,D,SQ,DH,D
9:32:49,ICBP,RG,8925,4,D,YP,DH,D
9:32:49,ICBP,RG,8925,3,F,CS,DH,D
9:32:49,ICBP,RG,8925,20,D,CC,DH,D
9:32:49,ICBP,RG,8925,2,D,CC,DH,D
9:32:49,ICBP,RG,8925,10,F,BK,DH,D
9:32:49,ICBP,RG,8925,11,D,KZ,DH,D
9:32:49,ICBP,RG,8925,8,F,BK,DH,D
9:32:49,ICBP,RG,8925,5,D,YP,DH,D
9:32:49,ICBP,RG,8925,1,D,XC,DH,D
9:32:49,ICBP,RG,8925,2,D,YP,DH,D
9:32:49,ICBP,RG,8925,1,D,LG,DH,D
9:32:49,ICBP,RG,8925,8,F,BK,DH,D
9:32:49,ICBP,RG,8925,10,D,PD,DH,D
9:32:49,ICBP,RG,8925,5,D,NI,DH,D
9:32:49,ICBP,RG,8925,8,F,BK,DH,D
9:32:49,ICBP,RG,8925,2,D,XC,DH,D
9:32:49,ICBP,RG,8925,8,D,BK,DH,D
9:32:49,ICBP,RG,8925,63,F,DX,DH,D
9:32:49,ICBP,RG,8925,3,F,BK,DH,D
9:32:44,ICBP,RG,8925,2,F,BK,KK,D
9:31:11,ICBP,RG,8950,1,D,PD,NI,D
9:30:52,ICBP,RG,8950,2,D,NI,NI,D
9:30:15,ICBP,RG,8950,5,F,AK,NI,D
9:30:12,ICBP,RG,8950,7,D,BK,NI,D
9:29:57,ICBP,RG,8925,5,F,BK,YP,D
9:29:57,ICBP,RG,8925,5,F,BK,YP,D
9:29:46,ICBP,RG,8925,1,F,BK,PD,D
9:29:25,ICBP,RG,8925,9,F,BK,BK,F
9:29:23,ICBP,RG,8950,9,F,BK,NI,D
9:29:21,ICBP,RG,8925,1,F,BK,NI,D
9:29:11,ICBP,RG,8950,22,F,DX,NI,D
9:29:08,ICBP,RG,8925,5,F,BK,BK,F
9:29:08,ICBP,RG,8925,4,F,YU,BK,F
9:29:06,ICBP,RG,8925,2,F,YU,AZ,D
9:29:04,ICBP,RG,8950,1,D,PD,NI,D
9:29:02,ICBP,RG,8925,1,F,YU,KK,D
9:27:47,ICBP,RG,8925,2,F,YU,NI,D
9:27:18,ICBP,RG,8925,9,F,YU,BK,F
9:27:16,ICBP,RG,8950,7,F,BK,NI,D
9:27:15,ICBP,RG,8925,45,F,YU,DR,D
9:27:01,ICBP,RG,8950,8,F,BK,NI,D
9:26:47,ICBP,RG,8925,16,F,YU,BK,F
9:26:42,ICBP,RG,8925,25,F,YU,BK,F
9:26:41,ICBP,RG,8950,30,F,DX,NI,D
9:26:39,ICBP,RG,8950,7,F,BK,NI,D
9:26:38,ICBP,RG,8925,100,F,YU,CC,F
9:26:24,ICBP,RG,8950,2,D,XC,NI,D
9:25:50,ICBP,RG,8950,1,D,XC,NI,D
9:25:49,ICBP,RG,8950,1,D,PD,NI,D
9:25:46,ICBP,RG,8950,8,D,BK,NI,D
9:25:18,ICBP,RG,8925,2,F,YU,PD,D
9:24:20,ICBP,RG,8950,9,F,BK,NI,D
9:23:11,ICBP,RG,8925,1,F,YU,YP,D
9:23:06,ICBP,RG,8925,1,F,YU,XC,D
9:22:03,ICBP,RG,8925,15,F,YU,BK,F
9:22:02,ICBP,RG,8950,8,F,BK,NI,D
9:21:54,ICBP,RG,8925,50,F,YU,CC,F
9:21:51,ICBP,RG,8925,26,F,YU,CC,F
9:21:51,ICBP,RG,8925,24,D,DR,CC,F
9:21:20,ICBP,RG,8950,8,D,BK,NI,D
9:19:55,ICBP,RG,8950,1,D,XC,NI,D
9:19:05,ICBP,RG,8925,2,D,DR,XC,D
9:18:38,ICBP,RG,8925,5,D,DR,CC,D
9:18:15,ICBP,RG,8925,5,D,DR,PD,D
9:18:12,ICBP,RG,8925,50,D,DR,CC,F
9:18:09,ICBP,RG,8925,14,D,DR,CC,F
9:18:09,ICBP,RG,8925,8,F,BK,CC,F
9:18:09,ICBP,RG,8925,7,D,XC,CC,F
9:18:09,ICBP,RG,8925,5,D,YP,CC,F
9:18:09,ICBP,RG,8925,16,F,DX,CC,F
9:17:33,ICBP,RG,8950,2,D,YP,NI,D
9:17:12,ICBP,RG,8950,4,D,CC,NI,D
9:17:04,ICBP,RG,8950,8,D,BK,NI,D
9:16:32,ICBP,RG,8925,3,F,DX,PD,D
9:16:22,ICBP,RG,8925,5,F,DX,AZ,D
9:15:52,ICBP,RG,8925,19,F,DX,CC,F
9:15:52,ICBP,RG,8925,8,F,BK,CC,F
9:15:52,ICBP,RG,8925,7,F,BK,CC,F
9:15:52,ICBP,RG,8925,16,F,DX,CC,F
9:15:16,ICBP,RG,8950,9,F,BK,NI,D
9:14:51,ICBP,RG,8950,2,D,NI,NI,D
9:14:46,ICBP,RG,8950,5,F,DX,NI,D
9:14:46,ICBP,RG,8950,10,F,DX,YP,D
9:14:46,ICBP,RG,8950,2,F,DX,SQ,D
9:14:46,ICBP,RG,8950,2,F,DX,CC,F
9:14:46,ICBP,RG,8950,2,F,DX,PD,D
9:14:46,ICBP,RG,8950,1,F,DX,NI,D
9:14:46,ICBP,RG,8950,1,F,DX,NI,D
9:14:45,ICBP,RG,8950,4,D,CC,BK,F
9:14:29,ICBP,RG,8925,3,F,DX,CC,D
9:14:24,ICBP,RG,8925,2,F,DX,DH,D
9:13:27,ICBP,RG,8925,1,F,DX,XC,D
9:13:19,ICBP,RG,8925,1,F,DX,PD,D
9:13:03,ICBP,RG,8950,8,F,BK,BK,F
9:12:58,ICBP,RG,8925,1,F,DX,YP,D
9:12:57,ICBP,RG,8925,50,F,DX,YP,D
9:12:49,ICBP,RG,8925,2,F,DX,XC,D
9:12:27,ICBP,RG,8950,3,D,NI,BK,F
9:12:07,ICBP,RG,8950,10,D,SQ,BK,F
9:10:37,ICBP,RG,8950,2,D,XC,BK,F
9:10:24,ICBP,RG,8925,1,F,DX,CC,D
9:09:51,ICBP,RG,8925,5,F,DX,YP,D
9:09:34,ICBP,RG,8925,2,F,DX,XC,D
9:08:35,ICBP,RG,8925,20,F,DX,NI,D
9:08:26,ICBP,RG,8950,1,D,NI,BK,F
9:08:24,ICBP,RG,8925,10,F,DX,KK,D
9:07:58,ICBP,RG,8950,16,F,DX,BK,F
9:07:58,ICBP,RG,8950,15,F,DX,CC,D
9:07:57,ICBP,RG,8925,50,F,DX,CC,F
9:07:14,ICBP,RG,8925,3,F,DX,PD,D
9:07:01,ICBP,RG,8925,12,F,DX,XL,D
9:06:59,ICBP,RG,8925,1,F,DX,XC,D
9:05:38,ICBP,RG,8950,1,D,CC,CC,D
9:05:19,ICBP,RG,8925,2,F,DX,EP,D
9:04:49,ICBP,RG,8925,1,F,DX,PD,D
9:04:49,ICBP,RG,8925,1,F,DX,XC,D
9:04:12,ICBP,RG,8925,16,F,DX,CC,D
9:04:12,ICBP,RG,8925,1,D,LG,CC,D
9:04:12,ICBP,RG,8925,2,D,XC,CC,D
9:04:12,ICBP,RG,8925,1,D,XC,CC,D
9:04:12,ICBP,RG,8925,2,D,PD,CC,D
9:04:12,ICBP,RG,8925,1,D,XC,CC,D
9:04:12,ICBP,RG,8925,2,D,PD,CC,D
9:04:12,ICBP,RG,8925,5,D,KZ,CC,D
9:02:18,ICBP,RG,8950,1,D,XL,CC,D
9:01:58,ICBP,RG,8950,10,D,YP,CC,D
9:01:31,ICBP,RG,8950,1,D,PD,CC,D
9:01:09,ICBP,RG,8950,1,D,YP,CC,D
9:00:52,ICBP,RG,8950,1,D,XC,CC,D
9:00:27,ICBP,RG,8950,1,F,BK,CC,D
9:00:13,ICBP,RG,8950,1,F,BK,PD,D
9:00:10,ICBP,RG,8975,5,D,XL,YU,D
9:00:09,ICBP,RG,8950,6,F,BK,BK,D
9:00:09,ICBP,RG,8950,16,D,KZ,BK,D
9:00:04,ICBP,RG,8950,2,D,KZ,NI,D
9:00:01,ICBP,RG,8900,1,D,XC,FS,D
9:00:01,ICBP,RG,8900,1,D,XC,FS,D
9:00:01,ICBP,RG,8900,2,D,AT,FS,D
9:00:01,ICBP,RG,8900,9,D,AT,FS,D
9:00:01,ICBP,RG,8900,2,D,YJ,FS,D
9:00:01,ICBP,RG,8900,10,D,MG,FS,D
9:00:01,ICBP,RG,8925,10,D,YP,FS,D
9:00:01,ICBP,RG,8925,1,D,YP,FS,D
9:00:01,ICBP,RG,8925,5,D,CC,FS,D
9:00:01,ICBP,RG,8925,8,D,CC,FS,D
9:00:01,ICBP,RG,8925,10,D,SQ,FS,D
9:00:01,ICBP,RG,8925,1,D,DH,FS,D
9:00:01,ICBP,RG,8925,10,D,CC,FS,D
9:00:01,ICBP,RG,8925,2,D,PD,FS,D
9:00:01,ICBP,RG,8925,1,D,PD,FS,D
9:00:01,ICBP,RG,8925,1,D,PD,FS,D
9:00:01,ICBP,RG,8925,2,D,XL,FS,D
9:00:01,ICBP,RG,8925,1,D,PD,FS,D
9:00:01,ICBP,RG,8925,2,D,YJ,FS,D
9:00:01,ICBP,RG,8925,1,D,DH,FS,D
9:00:01,ICBP,RG,8925,10,D,MG,FS,D
9:00:01,ICBP,RG,8950,8,F,BK,FS,D
9:00:01,ICBP,RG,8950,14,F,BK,FS,D
9:00:01,ICBP,RG,8950,19,D,DR,FS,D
9:00:01,ICBP,RG,8950,5,D,CC,FS,D
9:00:01,ICBP,RG,8950,33,D,DR,FS,D
9:00:00,ICBP,RG,8975,23,D,YB,YU,D
9:00:00,ICBP,RG,8950,7,D,DR,GR,D
9:00:00,ICBP,RG,8950,93,F,DX,GR,D
9:00:00,ICBP,RG,8975,8,D,EP,YU,D
8:55:00,ICBP,RG,8950,2,F,DX,YP,D
8:55:00,ICBP,RG,8950,10,F,DX,YP,D
8:55:00,ICBP,RG,8950,1,F,DX,YP,D
8:55:00,ICBP,RG,8950,5,F,DX,GR,D
8:55:00,ICBP,RG,8950,1,F,DX,KK,D
8:55:00,ICBP,RG,8950,5,F,DX,AI,D
8:55:00,ICBP,RG,8950,2,F,DX,KK,D
8:55:00,ICBP,RG,8950,2,F,DX,KK,D
8:55:00,ICBP,RG,8950,2,F,DX,KK,D
8:55:00,ICBP,RG,8950,3,F,DX,EP,D
8:55:00,ICBP,RG,8950,1,F,DX,KK,D
8:55:00,ICBP,RG,8950,1,F,DX,YP,D
8:55:00,ICBP,RG,8950,1,F,DX,XL,D
8:55:00,ICBP,RG,8950,1,F,DX,KK,D
8:55:00,ICBP,RG,8950,1,F,DX,KK,D
8:55:00,ICBP,RG,8950,2,F,DX,KK,D
8:55:00,ICBP,RG,8950,1,F,DX,KK,D
8:55:00,ICBP,RG,8950,35,F,DX,LG,D
8:55:00,ICBP,RG,8950,31,F,DX,CC,F
8:55:00,ICBP,RG,8950,10,D,PD,CC,F
8:55:00,ICBP,RG,8950,2,D,CC,CC,F
8:55:00,ICBP,RG,8950,2,D,KZ,CC,F
8:55:00,ICBP,RG,8950,40,F,DX,CC,F
8:55:00,ICBP,RG,8950,1,F,DX,BK,D
8:55:00,ICBP,RG,8950,28,F,DX,BK,D
8:55:00,ICBP,RG,8950,2,F,BK,BK,D
8:55:00,ICBP,RG,8950,2,F,BK,BK,D