Time,Stock,Brd,Price,Qty,BT,BC,SC,ST
15:14:51,INDF,RG,6300,2,D,NI,KZ,F
15:14:30,INDF,RG,6300,1,D,LG,KZ,F
15:13:44,INDF,RG,6300,1,D,XL,KZ,F
15:13:01,INDF,RG,6300,2,D,PD,KZ,F
15:12:15,INDF,RG,6300,80,D,YB,KZ,F
15:11:49,INDF,RG,6300,500,D,YJ,KZ,F
15:10:05,INDF,RG,6300,1,D,PD,KZ,F
15:09:26,INDF,RG,6300,5,D,PD,KZ,F
15:09:21,INDF,RG,6300,2,D,YP,KZ,F
15:07:15,INDF,RG,6300,3,D,YP,KZ,F
15:05:42,INDF,RG,6300,50,D,EP,KZ,F
15:05:04,INDF,RG,6300,1,D,CC,KZ,F
15:05:04,INDF,RG,6300,10,D,XC,KZ,F
15:05:04,INDF,RG,6300,10,D,PD,KZ,F
15:05:04,INDF,RG,6300,10,D,XC,KZ,F
15:05:04,INDF,RG,6300,1,D,XC,KZ,F
15:05:04,INDF,RG,6300,4,D,KK,KZ,F
15:05:04,INDF,RG,6300,6,D,KK,KZ,F
15:05:04,INDF,RG,6300,1,D,AZ,KZ,F
15:05:04,INDF,RG,6300,40,D,SQ,KZ,F
15:05:04,INDF,RG,6300,3,D,YP,KZ,F
15:05:04,INDF,RG,6300,3,D,XC,KZ,F
15:05:04,INDF,RG,6300,1,D,YP,KZ,F
15:05:04,INDF,RG,6300,2,D,CC,KZ,F
15:05:04,INDF,RG,6300,3,D,PD,KZ,F
15:05:04,INDF,RG,6300,676,D,AK,KZ,F
15:05:02,INDF,RG,6300,56,D,AK,CC,D
15:05:02,INDF,RG,6300,10,D,AK,YP,D
15:05:02,INDF,RG,6300,2,D,AK,PD,D
15:05:02,INDF,RG,6300,10,D,AK,DH,D
15:05:02,INDF,RG,6300,6,D,AK,DH,D
15:05:02,INDF,RG,6300,6,D,CC,DH,D
15:00:00,INDF,RG,6300,14,D,CC,CS,F
15:00:00,INDF,RG,6300,1,D,PD,CS,F
15:00:00,INDF,RG,6300,10,D,GR,CS,F
15:00:00,INDF,RG,6300,5,D,YP,CS,F
15:00:00,INDF,RG,6300,3,D,CC,CS,F
15:00:00,INDF,RG,6300,1,D,YP,CS,F
15:00:00,INDF,RG,6300,1,D,XC,CS,F
15:00:00,INDF,RG,6300,30,D,YP,CS,F
15:00:00,INDF,RG,6300,1,D,YP,CS,F
15:00:00,INDF,RG,6300,100,D,YP,CS,F
15:00:00,INDF,RG,6300,13,D,PD,CS,F
15:00:00,INDF,RG,6300,1,D,CC,CS,F
15:00:00,INDF,RG,6300,1,D,XC,CS,F
15:00:00,INDF,RG,6300,1,D,XC,CS,F
15:00:00,INDF,RG,6300,5,D,YP,CS,F
15:00:00,INDF,RG,6300,283,D,GR,CS,F
15:00:00,INDF,RG,6300,669,D,GR,CS,F
15:00:00,INDF,RG,6300,63,F,ZP,CS,F
15:00:00,INDF,RG,6300,3,F,ZP,NI,D
15:00:00,INDF,RG,6300,2,F,ZP,NI,D
15:00:00,INDF,RG,6300,7,F,ZP,PD,D
15:00:00,INDF,RG,6300,2,F,ZP,YP,D
15:00:00,INDF,RG,6300,6,F,ZP,CC,D
15:00:00,INDF,RG,6300,239,F,ZP,CC,D
15:00:00,INDF,RG,6300,41,F,YU,CC,D
15:00:00,INDF,RG,6300,20,F,YU,CC,D
15:00:00,INDF,RG,6300,1,F,YU,SQ,D
15:00:00,INDF,RG,6300,1,F,YU,KK,D
15:00:00,INDF,RG,6300,3,F,YU,NI,D
15:00:00,INDF,RG,6300,10,F,YU,GR,D
15:00:00,INDF,RG,6300,20,F,YU,PD,D
15:00:00,INDF,RG,6300,89,F,YU,ZP,D
15:00:00,INDF,RG,6300,17,F,BK,ZP,D
15:00:00,INDF,RG,6300,94,F,BK,ZP,D
15:00:00,INDF,RG,6300,2,F,BK,HP,D
15:00:00,INDF,RG,6300,47,F,BK,BK,F
15:00:00,INDF,RG,6300,632,F,DX,BK,F
15:00:00,INDF,RG,6300,715,F,DX,ZP,F
15:00:00,INDF,RG,6300,31,F,DX,ZP,F
15:00:00,INDF,RG,6300,12,F,DX,AK,F
15:00:00,INDF,RG,6300,259,F,DX,BK,F
15:00:00,INDF,RG,6300,389,F,DX,BK,F
15:00:00,INDF,RG,6300,15,D,BB,BK,F
15:00:00,INDF,RG,6300,40,D,BB,BK,F
15:00:00,INDF,RG,6300,1085,D,BB,BK,F
15:00:00,INDF,RG,6300,410,D,BB,BK,F
15:00:00,INDF,RG,6300,1473,D,BB,CS,F
15:00:00,INDF,RG,6300,111,D,BB,CS,F
15:00:00,INDF,RG,6300,26,F,AK,CS,F
15:00:00,INDF,RG,6300,232,F,AK,CS,F
15:00:00,INDF,RG,6300,24,F,AK,CS,F
15:00:00,INDF,RG,6300,1,F,AK,CS,F
15:00:00,INDF,RG,6300,287,F,YU,CS,F
15:00:00,INDF,RG,6300,17,F,YU,DX,F
15:00:00,INDF,RG,6300,1062,F,YU,KZ,F
15:00:00,INDF,RG,6300,2,F,YU,AK,F
15:00:00,INDF,RG,6300,449,F,YU,ZP,F
15:00:00,INDF,RG,6300,828,D,YU,ZP,F
15:00:00,INDF,RG,6300,8,D,OD,ZP,F
15:00:00,INDF,RG,6300,208,D,LG,ZP,F
15:00:00,INDF,RG,6300,3,D,LG,AK,F
15:00:00,INDF,RG,6300,15,D,LG,YU,D
14:49:58,INDF,RG,6300,1,D,BB,ZP,F
14:49:53,INDF,RG,6300,1,D,BB,ZP,F
14:49:50,INDF,RG,6300,11,D,BB,BK,F
14:49:50,INDF,RG,6300,2,D,BB,BK,F
14:49:49,INDF,RG,6325,1,D,PD,AT,D
14:49:49,INDF,RG,6325,1,D,PD,PD,D
14:49:45,INDF,RG,6300,14,D,BB,BK,F
14:49:45,INDF,RG,6300,1,D,LG,BK,F
14:49:45,INDF,RG,6300,1,D,AK,BK,F
14:49:45,INDF,RG,6325,1,F,AK,PD,D
14:49:45,INDF,RG,6325,1,F,AK,XC,D
14:49:45,INDF,RG,6325,1,F,AK,PD,D
14:49:43,INDF,RG,6300,2,D,AK,ZP,F
14:49:42,INDF,RG,6300,33,D,AK,CS,F
14:49:32,INDF,RG,6300,13,D,AK,BK,F
14:49:31,INDF,RG,6300,58,D,AK,CS,F
14:49:31,INDF,RG,6300,21,F,YU,CS,F
14:49:31,INDF,RG,6300,2,F,YU,CS,F
14:49:30,INDF,RG,6300,3,F,YU,BK,F
14:49:30,INDF,RG,6300,12,F,YU,BK,F
14:49:30,INDF,RG,6325,3,F,BK,EP,D
14:49:30,INDF,RG,6325,1,F,AK,EP,D
14:49:30,INDF,RG,6325,1,F,AK,EP,D
14:49:24,INDF,RG,6300,5,F,YU,ZP,F
14:49:17,INDF,RG,6300,13,F,YU,BK,F
14:49:17,INDF,RG,6300,29,F,YU,DX,F
14:49:15,INDF,RG,6300,13,F,YU,BK,F
14:49:14,INDF,RG,6300,11,F,YU,BK,F
14:49:10,INDF,RG,6300,95,F,YU,CS,F
14:49:08,INDF,RG,6300,13,F,YU,BK,F
14:49:02,INDF,RG,6300,22,F,YU,BK,F
14:49:02,INDF,RG,6300,1,F,YU,ZP,F
14:49:02,INDF,RG,6300,10,F,YU,CS,F
14:49:02,INDF,RG,6300,50,F,YU,CS,F
14:49:02,INDF,RG,6300,9,F,YU,CS,F
14:49:00,INDF,RG,6300,27,F,YU,BK,F
14:48:59,INDF,RG,6325,12,F,BK,EP,D
14:48:46,INDF,RG,6300,5,F,YU,ZP,F
14:48:45,INDF,RG,6300,12,F,YU,BK,F
14:48:44,INDF,RG,6300,12,F,YU,BK,F
14:48:37,INDF,RG,6300,13,F,YU,BK,F
14:48:33,INDF,RG,6325,1,D,NI,EP,D
14:48:33,INDF,RG,6300,25,F,YU,BK,F
14:48:30,INDF,RG,6325,47,F,YU,EP,D
14:48:30,INDF,RG,6325,24,F,YU,YP,D
14:48:30,INDF,RG,6325,10,F,YU,CC,D
14:48:30,INDF,RG,6325,1,F,YU,NI,D
14:48:30,INDF,RG,6325,3,F,YU,XC,D
14:48:30,INDF,RG,6325,2,F,YU,PD,D
14:48:30,INDF,RG,6325,5,F,YU,PD,D
14:48:30,INDF,RG,6325,5,F,YU,SQ,D
14:48:28,INDF,RG,6300,12,F,YU,BK,F
14:48:28,INDF,RG,6300,1,F,YU,PD,D
14:48:25,INDF,RG,6300,24,F,YU,DR,D
14:48:25,INDF,RG,6300,12,F,YU,BK,F
14:48:24,INDF,RG,6300,13,F,YU,BK,F
14:48:23,INDF,RG,6300,11,F,YU,BK,F
14:48:22,INDF,RG,6300,44,F,YU,BK,F
14:48:19,INDF,RG,6300,42,F,YU,CS,F
14:48:19,INDF,RG,6300,48,F,YU,CS,F
14:48:19,INDF,RG,6300,5,F,YU,ZP,F
14:48:19,INDF,RG,6300,46,F,YU,CS,F
14:48:19,INDF,RG,6300,11,F,YU,CS,F
14:48:19,INDF,RG,6300,15,F,YU,CS,F
14:48:18,INDF,RG,6300,24,F,YU,BK,F
14:48:17,INDF,RG,6300,100,F,YU,DR,D
14:48:14,INDF,RG,6325,11,F,BK,SQ,D
14:48:09,INDF,RG,6300,19,F,YU,BK,F
14:48:08,INDF,RG,6300,1,F,YU,PD,D
14:48:04,INDF,RG,6300,11,F,YU,BK,F
14:48:04,INDF,RG,6325,1,D,KZ,SQ,D
14:48:04,INDF,RG,6325,14,D,KZ,SQ,D
14:48:04,INDF,RG,6325,2,D,KZ,SQ,D
14:48:04,INDF,RG,6300,20,F,YU,BK,F
14:48:04,INDF,RG,6300,5,D,CC,BK,F
14:48:02,INDF,RG,6300,5,D,CC,DR,D
14:48:02,INDF,RG,6300,32,D,AK,DR,D
14:48:00,INDF,RG,6300,70,D,AK,DR,D
14:48:00,INDF,RG,6325,1,F,YU,SQ,D
14:48:00,INDF,RG,6300,1,D,AK,AK,F
14:48:00,INDF,RG,6325,6,D,KZ,SQ,D
14:47:54,INDF,RG,6300,12,D,AK,BK,F
14:47:44,INDF,RG,6300,11,D,AK,BK,F
14:47:38,INDF,RG,6300,3,D,AK,AK,F
14:47:34,INDF,RG,6300,13,D,AK,BK,F
14:47:22,INDF,RG,6300,18,D,AK,BK,F
14:47:18,INDF,RG,6300,14,D,AK,BK,F
14:47:14,INDF,RG,6300,44,D,AK,BK,F
14:47:14,INDF,RG,6300,13,D,AK,BK,F
14:47:09,INDF,RG,6300,234,D,AK,CS,F
14:47:09,INDF,RG,6300,8,F,BK,CS,F
14:47:09,INDF,RG,6300,48,F,BK,CS,F
14:47:08,INDF,RG,6300,5,F,BK,CS,F
14:47:04,INDF,RG,6300,13,F,BK,BK,F
14:47:04,INDF,RG,6300,3,F,BK,YP,D
14:47:04,INDF,RG,6325,2,D,KZ,SQ,D
14:47:03,INDF,RG,6325,1,D,PD,SQ,D
14:47:02,INDF,RG,6300,14,F,BK,BK,F
14:47:00,INDF,RG,6325,22,F,AK,SQ,D
14:47:00,INDF,RG,6325,35,F,YU,SQ,D
14:47:00,INDF,RG,6325,1,F,YU,CC,D
14:47:00,INDF,RG,6325,1,F,YU,XC,D
14:47:00,INDF,RG,6325,3,F,YU,XC,D
14:47:00,INDF,RG,6325,2,F,YU,GR,D
14:47:00,INDF,RG,6325,6,F,YU,PD,D
14:47:00,INDF,RG,6325,10,F,YU,PD,D
14:47:00,INDF,RG,6325,2,F,YU,PD,D
14:47:00,INDF,RG,6325,2,F,YU,CC,D
14:46:56,INDF,RG,6300,11,F,BK,BK,F
14:46:54,INDF,RG,6300,12,F,BK,BK,F
14:46:53,INDF,RG,6300,17,F,BK,BK,F
14:46:50,INDF,RG,6300,13,F,BK,BK,F
14:46:48,INDF,RG,6300,47,F,BK,CS,F
14:46:48,INDF,RG,6300,14,F,BK,CS,F
14:46:44,INDF,RG,6325,8,F,BK,CC,D
14:46:44,INDF,RG,6325,3,F,BK,XC,D
14:46:36,INDF,RG,6325,1,F,CS,XC,D
14:46:36,INDF,RG,6325,1,F,CS,NI,D
14:46:30,INDF,RG,6325,1,F,AK,SQ,D
14:46:30,INDF,RG,6325,2,F,AK,KK,D
14:46:29,INDF,RG,6300,13,F,BK,BK,F
14:46:26,INDF,RG,6325,2,F,CS,KK,D
14:46:26,INDF,RG,6325,1,F,CS,KK,D
14:46:19,INDF,RG,6300,14,F,BK,BK,F
14:46:17,INDF,RG,6325,2,F,CS,KK,D
14:46:15,INDF,RG,6300,13,F,BK,BK,F
14:46:10,INDF,RG,6300,13,F,BK,BK,F
14:46:10,INDF,RG,6300,32,F,BK,BK,F
14:46:08,INDF,RG,6300,48,F,BK,CS,F
14:46:08,INDF,RG,6300,27,F,BK,CS,F
14:46:08,INDF,RG,6300,28,F,BK,CS,F
14:46:08,INDF,RG,6300,12,F,BK,CS,F
14:46:08,INDF,RG,6300,45,F,BK,CS,F
14:46:05,INDF,RG,6300,17,F,BK,BK,F
14:46:05,INDF,RG,6300,13,F,BK,BK,F
14:46:00,INDF,RG,6300,22,F,BK,BK,F
14:46:00,INDF,RG,6325,3,F,YU,KK,D
14:46:00,INDF,RG,6325,10,F,YU,PD,D
14:46:00,INDF,RG,6325,2,F,YU,NI,D
14:46:00,INDF,RG,6325,3,F,YU,PD,D
14:46:00,INDF,RG,6325,2,F,YU,NI,D
14:46:00,INDF,RG,6325,41,F,YU,AT,D
14:45:56,INDF,RG,6325,3,F,CS,AT,D
14:45:55,INDF,RG,6300,28,F,BK,BK,F
14:45:54,INDF,RG,6325,1,D,KZ,AT,D
14:45:51,INDF,RG,6325,2,F,BK,AT,D
14:45:51,INDF,RG,6325,8,F,BK,CC,D
14:45:51,INDF,RG,6325,2,F,BK,KK,D
14:45:51,INDF,RG,6325,3,D,EP,KK,D
14:45:51,INDF,RG,6325,5,D,EP,PD,D
14:45:51,INDF,RG,6325,5,D,EP,CC,D
14:45:51,INDF,RG,6325,1,D,EP,XC,D
14:45:51,INDF,RG,6325,2,D,EP,PD,D
14:45:51,INDF,RG,6325,8,D,EP,DH,D
14:45:51,INDF,RG,6325,10,D,EP,SQ,D
14:45:51,INDF,RG,6325,22,D,EP,CC,D
14:45:51,INDF,RG,6325,3,D,EP,XC,D
14:45:51,INDF,RG,6325,5,D,EP,PD,D
14:45:51,INDF,RG,6325,15,D,EP,PD,D
14:45:51,INDF,RG,6325,1,D,EP,XC,D
14:45:51,INDF,RG,6325,5,D,EP,XC,D
14:45:51,INDF,RG,6325,1,D,EP,PD,D
14:45:51,INDF,RG,6325,5,D,EP,YP,D
14:45:51,INDF,RG,6325,109,D,EP,GR,D
14:45:50,INDF,RG,6325,1,D,CC,GR,D
14:45:46,INDF,RG,6300,11,F,BK,BK,F
14:45:45,INDF,RG,6325,4,F,AK,GR,D
14:45:37,INDF,RG,6325,2,F,CS,GR,D
14:45:30,INDF,RG,6300,12,F,BK,BK,F
14:45:23,INDF,RG,6300,12,F,BK,BK,F
14:45:13,INDF,RG,6300,62,F,BK,DR,D
14:45:12,INDF,RG,6300,1,F,BK,PD,D
14:45:01,INDF,RG,6300,11,F,BK,BK,F
14:45:00,INDF,RG,6325,6,F,AK,GR,D
14:45:00,INDF,RG,6325,113,F,YU,GR,D
14:44:53,INDF,RG,6325,13,F,BK,GR,D
14:44:45,INDF,RG,6300,13,F,BK,BK,F
14:44:38,INDF,RG,6300,12,F,BK,BK,F
14:44:37,INDF,RG,6325,8,F,CS,GR,D
14:44:17,INDF,RG,6300,12,F,BK,BK,F
14:44:07,INDF,RG,6300,11,F,BK,BK,F
14:44:02,INDF,RG,6300,19,F,BK,BK,F
14:44:00,INDF,RG,6325,12,F,BK,GR,D
14:44:00,INDF,RG,6325,79,F,YU,GR,D
14:43:56,INDF,RG,6300,19,F,BK,BK,F
14:43:54,INDF,RG,6300,12,F,BK,BK,F
14:43:52,INDF,RG,6325,3,D,CC,GR,D
14:43:37,INDF,RG,6300,12,F,BK,BK,F
14:43:26,INDF,RG,6300,12,F,BK,BK,F
14:43:15,INDF,RG,6325,9,F,AK,GR,D
14:43:13,INDF,RG,6300,12,F,BK,BK,F
14:43:08,INDF,RG,6325,11,F,BK,GR,D
14:43:01,INDF,RG,6300,90,F,BK,DR,D
14:43:00,INDF,RG,6325,64,F,YU,GR,D
14:42:52,INDF,RG,6300,12,F,BK,BK,F
14:42:48,INDF,RG,6300,11,F,BK,BK,F
14:42:30,INDF,RG,6325,4,F,AK,GR,D
14:42:08,INDF,RG,6325,13,F,BK,GR,D
14:42:03,INDF,RG,6325,2,D,AZ,GR,D
14:42:00,INDF,RG,6325,47,F,YU,GR,D
14:42:00,INDF,RG,6325,30,F,YU,CC,D
14:42:00,INDF,RG,6325,1,F,YU,XC,D
14:42:00,INDF,RG,6325,1,F,YU,PD,D
14:42:00,INDF,RG,6325,1,F,YU,LG,D
14:42:00,INDF,RG,6325,1,F,YU,SQ,D
14:42:00,INDF,RG,6325,4,F,YU,XC,D
14:41:20,INDF,RG,6325,1,F,BK,XC,D
14:41:20,INDF,RG,6325,1,F,BK,PD,D
14:41:20,INDF,RG,6325,1,F,BK,PD,D
14:41:20,INDF,RG,6325,8,F,BK,PD,D
14:40:35,INDF,RG,6300,50,F,BK,SQ,D
14:40:30,INDF,RG,6325,6,F,AK,PD,D
14:40:24,INDF,RG,6325,11,F,BK,PD,D
14:40:24,INDF,RG,6325,1,F,BK,PD,D
14:40:04,INDF,RG,6325,1,F,SQ,PD,D
14:40:00,INDF,RG,6325,7,F,YU,PD,D
14:40:00,INDF,RG,6325,30,F,YU,PD,D
14:40:00,INDF,RG,6325,2,F,YU,CC,D
14:40:00,INDF,RG,6325,16,F,YU,YP,D
14:39:25,INDF,RG,6325,4,F,BK,YP,D
14:39:25,INDF,RG,6325,2,F,BK,NI,D
14:39:25,INDF,RG,6325,7,F,BK,AT,D
14:39:17,INDF,RG,6325,7,D,ZP,AT,D
14:38:25,INDF,RG,6325,4,F,BK,AT,D
14:38:25,INDF,RG,6325,3,F,BK,PD,D
14:38:25,INDF,RG,6325,5,F,BK,NI,D
14:37:37,INDF,RG,6300,1,F,BK,YP,D
14:37:24,INDF,RG,6325,8,F,BK,NI,D
14:37:24,INDF,RG,6325,4,F,BK,CC,D
14:37:03,INDF,RG,6300,5,F,CS,CS,F
14:37:02,INDF,RG,6300,3,F,CS,OD,D
14:37:02,INDF,RG,6300,3,F,CS,OD,D
14:37:02,INDF,RG,6300,1,F,CS,OD,D
14:37:02,INDF,RG,6300,4,F,CS,OD,D
14:37:02,INDF,RG,6300,4,F,CS,OD,D
14:37:02,INDF,RG,6300,1,F,CS,ZP,F
14:37:02,INDF,RG,6300,4,F,CS,ZP,F
14:37:02,INDF,RG,6300,2,F,YU,ZP,F
14:37:02,INDF,RG,6300,44,F,YU,CS,F
14:37:01,INDF,RG,6300,44,F,YU,CS,F
14:37:01,INDF,RG,6300,23,F,YU,CS,F
14:37:01,INDF,RG,6300,60,D,BB,CS,F
14:37:01,INDF,RG,6300,115,D,BB,DR,D
14:37:01,INDF,RG,6300,238,D,BB,CS,F
14:37:01,INDF,RG,6300,13,D,BB,BK,F
14:37:01,INDF,RG,6300,373,D,BB,CS,F
14:37:01,INDF,RG,6300,124,D,BB,CS,F
14:37:01,INDF,RG,6300,2,D,BB,RG,D
14:37:01,INDF,RG,6300,1,D,BB,YP,D
14:37:01,INDF,RG,6300,2,D,BB,AK,F
14:37:01,INDF,RG,6300,1,D,BB,ZP,F
14:37:01,INDF,RG,6300,44,D,BB,DR,D
14:37:01,INDF,RG,6300,190,D,BB,BK,F
14:37:01,INDF,RG,6300,20,D,BB,PD,D
14:37:01,INDF,RG,6300,39,D,BB,BK,F
14:37:01,INDF,RG,6300,39,D,BB,YP,D
14:37:01,INDF,RG,6300,6,D,BB,YP,D
14:37:01,INDF,RG,6300,121,D,BB,CS,F
14:37:01,INDF,RG,6300,5,D,BB,YP,D
14:37:01,INDF,RG,6300,7,D,BB,ZP,F
14:37:01,INDF,RG,6300,220,D,BB,PD,D
14:37:01,INDF,RG,6300,43,D,BB,BK,F
14:37:01,INDF,RG,6300,192,D,BB,CS,F
14:37:01,INDF,RG,6300,5,D,BB,YP,D
14:37:01,INDF,RG,6300,5,D,BB,PD,D
14:37:01,INDF,RG,6300,19,D,BB,PD,D
14:37:01,INDF,RG,6300,8,D,BB,SQ,D
14:37:01,INDF,RG,6300,12,D,BB,SQ,D
14:37:01,INDF,RG,6300,11,D,BB,BK,F
14:37:01,INDF,RG,6300,63,D,BB,DR,D
14:37:01,INDF,RG,6300,8,D,BB,DR,D
14:37:01,INDF,RG,6300,14,D,BB,ZP,F
14:37:00,INDF,RG,6300,9,F,YU,ZP,F
14:37:00,INDF,RG,6300,1,F,YU,AK,F
14:37:00,INDF,RG,6300,49,F,YU,BK,F
14:36:42,INDF,RG,6300,1,D,BB,BK,F
14:36:42,INDF,RG,6300,2,D,BB,BK,F
14:36:42,INDF,RG,6300,1,D,BB,CS,F
14:36:42,INDF,RG,6300,89,D,BB,CS,F
14:36:41,INDF,RG,6300,1,D,KK,CS,F
14:36:36,INDF,RG,6300,11,F,BK,CS,F
14:36:34,INDF,RG,6275,13,D,BB,BK,F
14:36:31,INDF,RG,6300,2,D,BB,CS,F
14:36:31,INDF,RG,6300,1,D,BB,CS,F
14:36:31,INDF,RG,6300,9,D,BB,CS,F
14:36:30,INDF,RG,6300,100,D,YJ,CS,F
14:36:30,INDF,RG,6300,43,D,YJ,CS,F
14:36:18,INDF,RG,6300,1,D,BB,CS,F
14:36:18,INDF,RG,6300,1,D,BB,CS,F
14:36:18,INDF,RG,6300,52,D,BB,CS,F
14:36:18,INDF,RG,6300,1,D,BB,CS,F
14:36:02,INDF,RG,6300,2,D,BB,CS,F
14:36:01,INDF,RG,6300,22,D,BB,CS,F
14:36:00,INDF,RG,6300,4,F,YU,CS,F
14:36:00,INDF,RG,6300,30,F,YU,BK,F
14:35:59,INDF,RG,6300,2,D,BB,BK,F
14:35:59,INDF,RG,6300,27,D,BB,BK,F
14:35:59,INDF,RG,6275,3,D,BB,ZP,F
14:35:58,INDF,RG,6300,12,F,CS,BK,F
14:35:50,INDF,RG,6275,12,D,BB,BK,F
14:35:46,INDF,RG,6300,1,D,BB,BK,F
14:35:45,INDF,RG,6300,4,F,AK,BK,F
14:35:45,INDF,RG,6300,16,D,BB,BK,F
14:35:44,INDF,RG,6300,11,F,BK,BK,F
14:35:41,INDF,RG,6300,2,D,BB,BK,F
14:35:39,INDF,RG,6300,41,D,BB,BK,F
14:35:35,INDF,RG,6300,1,D,BB,BK,F
14:35:34,INDF,RG,6300,17,D,KZ,BK,F
14:35:31,INDF,RG,6300,1,D,BB,BK,F
14:35:31,INDF,RG,6300,2,D,BB,BK,F
14:35:31,INDF,RG,6300,3,D,BB,BK,F
14:35:31,INDF,RG,6300,22,D,BB,BK,F
14:35:31,INDF,RG,6300,26,D,BB,BK,F
14:35:30,INDF,RG,6300,63,D,AK,BK,F
14:35:30,INDF,RG,6300,12,D,AK,CS,F
14:35:11,INDF,RG,6300,9,D,BB,CS,F
14:35:11,INDF,RG,6300,1,D,BB,KK,D
14:35:11,INDF,RG,6300,32,D,BB,CS,F
14:35:11,INDF,RG,6300,12,D,BB,CS,F
14:35:11,INDF,RG,6300,4,D,BB,CS,F
14:35:10,INDF,RG,6275,12,D,BB,BK,F
14:34:48,INDF,RG,6300,1,D,BB,CS,F
14:34:48,INDF,RG,6300,1,D,BB,CS,F
14:34:48,INDF,RG,6300,1,D,BB,CS,F
14:34:48,INDF,RG,6300,53,D,BB,CS,F
14:34:47,INDF,RG,6300,11,F,BK,CS,F
14:34:32,INDF,RG,6275,1,D,BB,LG,D
14:34:32,INDF,RG,6300,1,D,BB,CS,F
14:34:32,INDF,RG,6300,2,D,BB,CS,F
14:34:32,INDF,RG,6300,27,D,BB,CS,F
14:34:20,INDF,RG,6275,13,D,BB,BK,F
14:34:17,INDF,RG,6300,1,D,BB,CS,F
14:34:17,INDF,RG,6300,10,D,BB,CS,F
14:34:17,INDF,RG,6300,15,D,BB,CS,F
14:34:17,INDF,RG,6300,3,D,BB,CS,F
14:34:17,INDF,RG,6300,6,D,BB,CS,F
14:34:17,INDF,RG,6300,1,D,BB,CS,F
14:34:16,INDF,RG,6275,20,D,BB,KK,D
14:34:08,INDF,RG,6300,4,D,BB,CS,F
14:34:08,INDF,RG,6300,32,D,BB,CS,F
14:34:08,INDF,RG,6300,1,D,BB,AK,F
14:34:08,INDF,RG,6300,14,D,BB,CS,F
14:34:08,INDF,RG,6300,2,D,BB,CS,F
14:34:01,INDF,RG,6300,2,D,BB,CS,F
14:34:01,INDF,RG,6300,14,D,BB,CS,F
14:34:01,INDF,RG,6300,21,D,BB,CS,F
14:34:00,INDF,RG,6300,4,F,AK,CS,F
14:34:00,INDF,RG,6300,12,F,YU,CS,F
14:34:00,INDF,RG,6300,1,F,YU,CS,F
14:34:00,INDF,RG,6300,1,F,YU,OD,D
14:34:00,INDF,RG,6300,50,F,YU,DR,D
14:34:00,INDF,RG,6300,7,F,YU,BK,F
14:33:48,INDF,RG,6300,12,F,BK,BK,F
14:33:41,INDF,RG,6300,3,D,BB,BK,F
14:33:38,INDF,RG,6275,12,D,BB,BK,F
14:33:37,INDF,RG,6300,57,D,BB,BK,F
14:33:37,INDF,RG,6300,4,D,BB,BK,F
14:33:31,INDF,RG,6300,61,D,BB,BK,F
14:33:30,INDF,RG,6300,111,D,AK,BK,F
14:32:59,INDF,RG,6300,25,D,BB,BK,F
14:32:59,INDF,RG,6300,16,D,BB,CC,D
14:32:55,INDF,RG,6300,23,D,PD,CC,D
14:32:51,INDF,RG,6300,11,D,BB,CC,D
14:32:51,INDF,RG,6300,8,D,BB,BK,F
14:32:50,INDF,RG,6275,13,D,BB,BK,F
14:32:50,INDF,RG,6300,12,F,BK,BK,F
14:32:37,INDF,RG,6300,39,D,BB,BK,F
14:32:30,INDF,RG,6300,4,F,AK,BK,F
14:32:28,INDF,RG,6300,31,D,BB,BK,F
14:32:28,INDF,RG,6300,1,D,BB,CS,F
14:32:28,INDF,RG,6300,26,D,BB,BK,F
14:32:27,INDF,RG,6275,65,D,BB,NI,D
14:32:16,INDF,RG,6275,3,D,BB,YP,D
14:32:10,INDF,RG,6275,11,D,BB,BK,F
14:32:06,INDF,RG,6300,14,D,BB,BK,F
14:32:00,INDF,RG,6300,50,F,YU,BK,F
14:31:49,INDF,RG,6300,14,F,CS,BK,F
14:31:47,INDF,RG,6300,12,F,BK,BK,F
14:31:47,INDF,RG,6275,14,D,BB,DR,D
14:31:30,INDF,RG,6300,113,D,AK,BK,F
14:31:26,INDF,RG,6275,12,D,BB,BK,F
14:31:13,INDF,RG,6300,157,D,YP,BK,F
14:31:13,INDF,RG,6300,2,D,YP,XC,D
14:31:13,INDF,RG,6300,50,D,YP,FS,D
14:31:13,INDF,RG,6300,83,D,YP,BK,F
14:31:13,INDF,RG,6300,72,D,YP,BK,F
14:31:13,INDF,RG,6300,5,D,YP,KK,D
14:31:13,INDF,RG,6300,87,D,YP,BK,F
14:31:13,INDF,RG,6300,1,D,YP,YP,D
14:31:13,INDF,RG,6300,4,D,YP,CS,F
14:31:13,INDF,RG,6300,1,D,YP,ZP,F
14:31:13,INDF,RG,6300,7,D,YP,CS,F
14:31:00,INDF,RG,6300,4,F,AK,CS,F
14:30:57,INDF,RG,6300,11,F,BK,CS,F
14:30:52,INDF,RG,6275,30,D,BB,BK,F
14:30:45,INDF,RG,6275,1,D,BB,AK,F
14:30:31,INDF,RG,6275,13,D,BB,BK,F
14:30:26,INDF,RG,6275,22,D,BB,BK,F
14:30:23,INDF,RG,6275,17,D,BB,DR,D
14:30:02,INDF,RG,6275,14,D,BB,BK,F
14:30:02,INDF,RG,6275,18,D,BB,BK,F
14:30:00,INDF,RG,6300,34,F,YU,CS,F
14:29:58,INDF,RG,6275,19,D,BB,BK,F
14:29:53,INDF,RG,6300,12,F,BK,CS,F
14:29:53,INDF,RG,6275,23,D,BB,BK,F
14:29:51,INDF,RG,6300,36,D,AK,CS,F
14:29:51,INDF,RG,6300,32,D,AK,CC,D
14:29:51,INDF,RG,6300,39,D,AK,CS,F
14:29:49,INDF,RG,6275,11,D,BB,BK,F
14:29:45,INDF,RG,6300,8,D,XC,CS,F
14:29:30,INDF,RG,6300,4,F,AK,CS,F
14:29:26,INDF,RG,6300,1,D,GR,CS,F
14:29:13,INDF,RG,6275,1,D,BB,CC,D
14:29:03,INDF,RG,6275,32,D,BB,BK,F
14:28:53,INDF,RG,6275,17,D,BB,BK,F
14:28:51,INDF,RG,6300,12,F,BK,CS,F
14:28:47,INDF,RG,6300,7,D,CC,CS,F
14:28:26,INDF,RG,6300,5,D,NI,CS,F
14:28:19,INDF,RG,6300,1,D,KK,CS,F
14:28:15,INDF,RG,6300,4,F,AK,CS,F
14:28:07,INDF,RG,6275,12,D,BB,BK,F
14:28:03,INDF,RG,6275,14,D,BB,BK,F
14:28:03,INDF,RG,6300,2,D,BK,CS,F
14:28:03,INDF,RG,6275,30,D,BB,BK,F
14:28:00,INDF,RG,6300,43,F,YU,CS,F
14:27:26,INDF,RG,6275,24,D,BB,BK,F
14:27:00,INDF,RG,6275,7,D,BB,CC,D
14:26:51,INDF,RG,6275,15,D,BB,BK,F
14:26:46,INDF,RG,6275,2,D,BB,YP,D
14:26:44,INDF,RG,6275,24,D,BB,BK,F
14:26:41,INDF,RG,6275,2,D,BB,PD,D
14:26:05,INDF,RG,6275,14,D,BB,BK,F
14:26:00,INDF,RG,6300,45,F,YU,CS,F
14:25:46,INDF,RG,6275,28,D,BB,BK,F
14:25:41,INDF,RG,6275,65,D,BB,BK,F
14:25:41,INDF,RG,6275,11,D,BB,BK,F
14:25:39,INDF,RG,6300,12,D,KZ,CS,F
14:25:36,INDF,RG,6300,33,D,BB,CS,F
14:25:36,INDF,RG,6300,33,D,BB,CS,F
14:25:36,INDF,RG,6300,13,D,BB,BK,F
14:25:36,INDF,RG,6300,1,D,BB,AK,F
14:25:36,INDF,RG,6300,94,D,BB,CS,F
14:25:36,INDF,RG,6300,3,D,BB,ZP,F
14:25:36,INDF,RG,6300,63,D,BB,BK,F
14:25:36,INDF,RG,6300,43,D,BB,DR,D
14:25:36,INDF,RG,6300,3,D,BB,DR,D
14:25:36,INDF,RG,6300,13,D,BB,DR,D
14:25:36,INDF,RG,6300,3,D,BB,DR,D
14:25:29,INDF,RG,6275,1,D,BB,BK,F
14:25:29,INDF,RG,6275,29,D,BB,BK,F
14:25:01,INDF,RG,6275,7,D,BB,DR,D
14:25:00,INDF,RG,6275,7,D,BB,BK,F
14:25:00,INDF,RG,6275,10,D,BB,BK,F
14:25:00,INDF,RG,6275,3,F,CS,BK,F
14:25:00,INDF,RG,6275,1,D,NI,BK,F
14:25:00,INDF,RG,6275,2,D,NI,BK,F
14:24:59,INDF,RG,6275,3,D,NI,BK,F
14:24:59,INDF,RG,6275,12,D,KZ,BK,F
14:24:59,INDF,RG,6275,3,F,AK,BK,F
14:24:47,INDF,RG,6275,1,F,AK,BK,F
14:24:47,INDF,RG,6275,1,D,CC,BK,F
14:24:47,INDF,RG,6275,1,D,YP,BK,F
14:24:47,INDF,RG,6275,11,D,AK,BK,F
14:24:03,INDF,RG,6275,17,D,AK,BK,F
14:24:00,INDF,RG,6300,11,F,YU,DR,D
14:24:00,INDF,RG,6300,24,F,YU,CS,F
14:23:47,INDF,RG,6275,46,D,AK,DR,D
14:23:47,INDF,RG,6275,20,D,AK,BK,F
14:23:46,INDF,RG,6275,18,D,AK,DR,D
14:23:45,INDF,RG,6275,16,D,AK,BK,F
14:23:44,INDF,RG,6300,2,D,CC,CS,F
14:23:33,INDF,RG,6275,5,D,AK,XC,D
14:23:06,INDF,RG,6275,23,D,AK,BK,F
14:23:04,INDF,RG,6275,28,D,AK,BK,F
14:23:00,INDF,RG,6300,3,F,AK,CS,F
14:23:00,INDF,RG,6300,67,F,YU,CS,F
14:23:00,INDF,RG,6300,2,F,YU,ZP,F
14:23:00,INDF,RG,6300,42,F,YU,KI,D
14:22:49,INDF,RG,6300,1,D,PD,KI,D
14:22:48,INDF,RG,6300,5,D,YP,KI,D
14:22:39,INDF,RG,6275,17,D,AK,BK,F
14:22:37,INDF,RG,6300,1,D,XC,KI,D
14:22:35,INDF,RG,6275,61,D,AK,DR,D
14:22:32,INDF,RG,6275,10,D,AK,PD,D
14:22:32,INDF,RG,6275,5,D,BB,PD,D
14:22:27,INDF,RG,6275,22,D,BB,BK,F
14:22:00,INDF,RG,6275,3,D,BB,PD,D
14:21:38,INDF,RG,6275,23,D,BB,BK,F
14:21:34,INDF,RG,6275,19,D,BB,BK,F
14:21:30,INDF,RG,6300,85,D,AK,KI,D
14:21:17,INDF,RG,6275,11,D,BB,BK,F
14:21:15,INDF,RG,6300,4,F,AK,KI,D
14:21:12,INDF,RG,6275,21,D,BB,BK,F
14:20:16,INDF,RG,6275,13,D,BB,BK,F
14:20:14,INDF,RG,6275,16,D,BB,YP,D
14:20:09,INDF,RG,6275,17,D,BB,BK,F
14:19:46,INDF,RG,6275,1,D,BB,KK,D
14:19:38,INDF,RG,6275,13,D,BB,BK,F
14:19:33,INDF,RG,6275,19,D,BB,BK,F
14:19:30,INDF,RG,6300,115,D,AK,KI,D
14:18:48,INDF,RG,6275,17,D,BB,BK,F
14:18:45,INDF,RG,6275,25,D,BB,BK,F
14:18:15,INDF,RG,6275,1,D,BB,AK,F
14:17:54,INDF,RG,6300,10,D,CC,KI,D
14:17:49,INDF,RG,6275,19,D,BB,BK,F
14:17:46,INDF,RG,6275,22,D,BB,BK,F
14:17:46,INDF,RG,6300,4,D,PD,KI,D
14:17:43,INDF,RG,6275,59,D,BB,BK,F
14:17:43,INDF,RG,6275,8,D,XC,BK,F
14:17:43,INDF,RG,6275,12,D,PD,BK,F
14:17:43,INDF,RG,6275,4,D,PD,BK,F
14:17:39,INDF,RG,6275,21,D,PD,CS,F
14:17:39,INDF,RG,6275,1,D,PD,CS,F
14:17:39,INDF,RG,6275,1,D,CC,CS,F
14:17:39,INDF,RG,6275,2,D,XL,CS,F
14:17:39,INDF,RG,6275,8,D,BB,CS,F
14:17:39,INDF,RG,6275,2,D,BB,CS,F
14:17:39,INDF,RG,6275,2,D,BB,CS,F
14:17:39,INDF,RG,6275,1,D,NI,CS,F
14:17:39,INDF,RG,6275,2,D,CC,CS,F
14:17:39,INDF,RG,6275,20,D,CC,CS,F
14:17:39,INDF,RG,6275,5,D,DH,CS,F
14:17:39,INDF,RG,6275,300,D,YP,CS,F
14:17:39,INDF,RG,6275,1,D,PD,CS,F
14:17:39,INDF,RG,6275,143,D,DR,CS,F
14:17:30,INDF,RG,6300,99,D,AK,KI,D
14:16:44,INDF,RG,6275,20,D,DR,PD,D
14:16:39,INDF,RG,6275,2,D,DR,DH,D
14:16:07,INDF,RG,6275,68,D,DR,DR,D
14:15:38,INDF,RG,6300,11,D,KK,KI,D
14:15:13,INDF,RG,6300,4,D,AT,KI,D
14:14:49,INDF,RG,6275,6,D,DR,DR,D
14:14:48,INDF,RG,6275,61,D,DR,DR,D
14:14:48,INDF,RG,6275,4,D,DH,DR,D
14:14:11,INDF,RG,6275,6,D,DH,PD,D
14:13:19,INDF,RG,6275,11,D,DH,PD,D
14:12:50,INDF,RG,6300,1,D,NI,KI,D
14:12:32,INDF,RG,6300,2,D,AT,KI,D
14:12:00,INDF,RG,6300,1,D,PD,KI,D
14:11:58,INDF,RG,6300,1,D,AT,KI,D
14:11:49,INDF,RG,6300,4,D,PD,KI,D
14:10:57,INDF,RG,6300,10,D,EP,KI,D
14:09:59,INDF,RG,6300,3,D,XC,KI,D
14:08:42,INDF,RG,6300,2,D,YP,KI,D
14:07:53,INDF,RG,6300,1,D,OD,KI,D
14:06:45,INDF,RG,6275,19,D,DH,DR,D
14:06:22,INDF,RG,6275,1,D,DH,CC,D
14:06:10,INDF,RG,6275,20,D,DH,BK,F
14:06:06,INDF,RG,6275,12,D,DH,BK,F
14:06:02,INDF,RG,6275,44,D,DH,BK,F
14:05:57,INDF,RG,6275,174,D,DH,BK,F
14:05:54,INDF,RG,6275,209,D,DH,BK,F
14:05:54,INDF,RG,6275,1,D,PD,BK,F
14:05:54,INDF,RG,6275,1,D,PD,BK,F
14:05:54,INDF,RG,6275,1,D,YP,BK,F
14:05:54,INDF,RG,6275,5,D,CC,BK,F
14:05:54,INDF,RG,6275,1,D,EP,BK,F
14:05:54,INDF,RG,6275,2,D,SQ,BK,F
14:05:54,INDF,RG,6275,10,D,XC,BK,F
14:05:54,INDF,RG,6275,1,D,PD,BK,F
14:05:54,INDF,RG,6275,16,D,KK,BK,F
14:05:54,INDF,RG,6275,2,D,XC,BK,F
14:05:54,INDF,RG,6275,20,D,LG,BK,F
14:05:54,INDF,RG,6275,1,D,NI,BK,F
14:05:54,INDF,RG,6275,10,D,NI,BK,F
14:05:54,INDF,RG,6275,2,D,RO,BK,F
14:05:54,INDF,RG,6275,1,D,YP,BK,F
14:05:54,INDF,RG,6275,1,D,EP,BK,F
14:05:54,INDF,RG,6275,1,D,PD,BK,F
14:05:54,INDF,RG,6275,1,D,YP,BK,F
14:05:54,INDF,RG,6275,10,D,PD,BK,F
14:05:54,INDF,RG,6275,1,D,XC,BK,F
14:05:54,INDF,RG,6275,5,D,YP,BK,F
14:05:54,INDF,RG,6275,1,D,XC,BK,F
14:05:54,INDF,RG,6275,5,D,PD,BK,F
14:05:54,INDF,RG,6275,20,D,CC,BK,F
14:05:54,INDF,RG,6275,3,D,EP,BK,F
14:05:54,INDF,RG,6275,30,D,YP,BK,F
14:05:54,INDF,RG,6275,30,D,SQ,BK,F
14:05:54,INDF,RG,6275,5,D,XC,BK,F
14:05:54,INDF,RG,6275,5,D,NI,BK,F
14:05:54,INDF,RG,6275,1,D,PD,BK,F
14:05:54,INDF,RG,6275,4,D,CC,BK,F
14:05:54,INDF,RG,6275,2,D,HP,BK,F
14:05:54,INDF,RG,6275,1,D,NI,BK,F
14:05:54,INDF,RG,6275,5,D,YP,BK,F
14:05:54,INDF,RG,6275,1,D,AT,BK,F
14:05:54,INDF,RG,6275,1,D,PD,BK,F
14:05:54,INDF,RG,6275,10,D,CC,BK,F
14:05:54,INDF,RG,6275,2,D,YP,BK,F
14:05:54,INDF,RG,6275,1,D,PD,BK,F
14:05:54,INDF,RG,6275,10,D,PD,BK,F
14:05:54,INDF,RG,6275,1,D,DR,BK,F
14:05:54,INDF,RG,6275,10,D,DH,BK,F
14:05:54,INDF,RG,6275,25,D,OD,BK,F
14:05:54,INDF,RG,6275,1,D,PD,BK,F
14:05:54,INDF,RG,6275,50,D,NI,BK,F
14:05:54,INDF,RG,6275,8,D,YP,BK,F
14:05:54,INDF,RG,6275,1,D,PD,BK,F
14:05:54,INDF,RG,6275,2,D,PD,BK,F
14:05:54,INDF,RG,6275,2,D,NI,BK,F
14:05:54,INDF,RG,6275,1,D,XC,BK,F
14:05:54,INDF,RG,6275,7,D,NI,BK,F
14:05:54,INDF,RG,6275,1,D,PD,BK,F
14:05:54,INDF,RG,6275,10,D,CC,BK,F
14:05:54,INDF,RG,6275,10,D,YP,BK,F
14:05:54,INDF,RG,6275,1,D,PD,BK,F
14:05:54,INDF,RG,6275,1,D,PD,BK,F
14:05:54,INDF,RG,6275,2,F,BK,BK,F
14:05:54,INDF,RG,6275,3,D,PD,BK,F
14:05:54,INDF,RG,6275,1,D,NI,BK,F
14:05:54,INDF,RG,6275,1,D,CC,BK,F
14:05:54,INDF,RG,6275,2,D,PD,BK,F
14:05:54,INDF,RG,6275,1,D,YP,BK,F
14:05:54,INDF,RG,6275,2,D,CC,BK,F
14:05:54,INDF,RG,6275,1,D,CC,BK,F
14:05:54,INDF,RG,6275,29,F,BK,BK,F
14:05:54,INDF,RG,6275,1,D,YP,BK,F
14:05:54,INDF,RG,6275,5,D,YP,BK,F
14:05:54,INDF,RG,6275,1,D,YP,BK,F
14:05:54,INDF,RG,6275,1,D,YP,BK,F
14:05:54,INDF,RG,6275,30,D,YP,BK,F
14:05:54,INDF,RG,6275,21,D,YP,BK,F
14:05:54,INDF,RG,6275,5,D,YP,BK,F
14:05:54,INDF,RG,6275,2,D,YP,BK,F
14:05:54,INDF,RG,6275,1,D,YP,BK,F
14:05:54,INDF,RG,6275,10,D,YP,BK,F
14:05:54,INDF,RG,6275,5,D,YP,BK,F
14:05:54,INDF,RG,6275,4,D,YP,BK,F
14:05:50,INDF,RG,6300,5,F,AK,KI,D
14:05:50,INDF,RG,6300,4,F,AK,KI,D
14:05:50,INDF,RG,6300,90,D,AK,KI,D
14:05:50,INDF,RG,6300,86,D,AK,KI,D
14:05:50,INDF,RG,6300,4,F,AK,KI,D
14:05:50,INDF,RG,6300,14,F,BK,KI,D
14:05:50,INDF,RG,6300,7,F,CS,KI,D
14:05:50,INDF,RG,6300,3,F,AK,KI,D
14:05:50,INDF,RG,6300,185,D,AK,KI,D
14:05:50,INDF,RG,6300,116,D,AK,KI,D
14:05:50,INDF,RG,6300,7,F,CS,KI,D
14:05:50,INDF,RG,6300,3,F,AK,KI,D
14:05:50,INDF,RG,6300,10,D,CC,KI,D
14:05:50,INDF,RG,6300,3,F,AK,KI,D
14:05:50,INDF,RG,6300,87,D,AK,KI,D
14:05:50,INDF,RG,6300,1,F,CS,KI,D
14:05:50,INDF,RG,6300,7,F,CS,KI,D
14:05:50,INDF,RG,6300,936,D,BB,KI,D
14:05:50,INDF,RG,6300,11,D,BB,KI,D
14:05:50,INDF,RG,6300,43,D,BB,KI,D
14:05:50,INDF,RG,6300,10,D,BB,KI,D
14:05:50,INDF,RG,6300,10,D,XC,KI,D
14:05:50,INDF,RG,6300,21,F,BK,KI,D
14:05:50,INDF,RG,6300,1,D,CC,KI,D
14:05:50,INDF,RG,6300,1,F,CS,KI,D
14:05:50,INDF,RG,6300,1,F,CS,KI,D
14:05:50,INDF,RG,6300,3,F,CS,KI,D
14:05:50,INDF,RG,6300,5,F,CS,KI,D
14:05:50,INDF,RG,6300,2,F,CS,KI,D
14:05:50,INDF,RG,6300,329,D,BB,KI,D
14:05:50,INDF,RG,6300,3,F,CS,KI,D
14:05:50,INDF,RG,6300,1,F,CS,KI,D
14:05:50,INDF,RG,6300,1,F,CS,KI,D
14:05:50,INDF,RG,6300,172,F,YU,KI,D
14:05:50,INDF,RG,6300,4,F,CS,KI,D
14:05:50,INDF,RG,6300,1,F,CS,KI,D
14:05:50,INDF,RG,6300,2,F,CS,KI,D
14:05:50,INDF,RG,6300,1,F,CS,KI,D
14:05:50,INDF,RG,6300,86,D,AK,KI,D
14:05:50,INDF,RG,6300,6,F,AK,KI,D
14:05:50,INDF,RG,6300,53,D,BB,KI,D
14:05:50,INDF,RG,6300,10,D,BB,KI,D
14:05:50,INDF,RG,6300,371,D,BB,KI,D
14:05:50,INDF,RG,6300,12,D,BB,KI,D
14:05:50,INDF,RG,6300,300,D,YJ,KI,D
14:05:50,INDF,RG,6300,66,F,BK,KI,D
14:05:17,INDF,RG,6300,50,F,BK,CC,D
14:04:24,INDF,RG,6300,16,F,CC,DR,D
14:04:05,INDF,RG,6325,1,F,BK,CC,D
14:04:05,INDF,RG,6325,2,F,BK,YP,D
14:04:05,INDF,RG,6325,9,F,BK,YB,D
14:03:59,INDF,RG,6325,5,F,AK,YB,D
14:03:50,INDF,RG,6300,2,F,CC,YP,D
14:03:39,INDF,RG,6300,101,F,CC,YP,D
14:03:23,INDF,RG,6300,1,F,CC,XC,D
14:03:08,INDF,RG,6300,1,F,CC,AT,D
14:02:47,INDF,RG,6325,2,D,CC,YB,D
14:01:39,INDF,RG,6325,8,F,BK,YB,D
14:01:39,INDF,RG,6325,1,F,BK,XC,D
14:01:39,INDF,RG,6325,2,F,BK,PD,D
14:00:29,INDF,RG,6325,1,F,AK,PD,D
14:00:29,INDF,RG,6325,5,F,AK,PD,D
14:00:04,INDF,RG,6300,126,F,AK,CS,F
14:00:04,INDF,RG,6300,1,F,AK,PD,D
14:00:04,INDF,RG,6300,3,F,AK,OD,D
14:00:04,INDF,RG,6300,52,F,AK,BK,F
14:00:04,INDF,RG,6300,3,F,AK,YP,D
14:00:04,INDF,RG,6300,18,F,AK,GR,D
14:00:04,INDF,RG,6300,25,F,AK,YP,D
14:00:04,INDF,RG,6300,45,F,AK,BK,F
14:00:04,INDF,RG,6300,2,F,AK,PD,D
14:00:04,INDF,RG,6300,155,F,AK,BK,F
14:00:04,INDF,RG,6300,11,D,KZ,BK,F
14:00:03,INDF,RG,6300,10,F,CS,BK,F
14:00:02,INDF,RG,6300,229,D,BB,BK,F
14:00:02,INDF,RG,6300,43,D,BB,BK,F
14:00:02,INDF,RG,6300,493,D,BB,BK,F
14:00:02,INDF,RG,6300,12,D,BB,ZP,F
14:00:02,INDF,RG,6300,74,D,BB,BK,F
14:00:02,INDF,RG,6300,238,D,BB,CS,F
14:00:02,INDF,RG,6300,10,D,BB,CC,D
14:00:02,INDF,RG,6300,17,D,BB,DX,F
14:00:02,INDF,RG,6300,71,D,BB,BK,F
14:00:02,INDF,RG,6300,49,D,BB,BK,F
14:00:02,INDF,RG,6300,67,D,BB,BK,F
14:00:02,INDF,RG,6300,8,D,BB,PD,D
14:00:02,INDF,RG,6300,3,D,BB,XC,D
14:00:02,INDF,RG,6300,10,D,BB,NI,D
14:00:02,INDF,RG,6300,1,D,BB,AK,F
14:00:02,INDF,RG,6300,64,D,BB,BK,F
14:00:02,INDF,RG,6300,39,D,BB,CS,F
14:00:02,INDF,RG,6300,10,D,BB,ZP,F
14:00:02,INDF,RG,6300,60,D,BB,BK,F
14:00:02,INDF,RG,6300,34,D,BB,BK,F
14:00:02,INDF,RG,6300,90,D,BB,DR,D
14:00:02,INDF,RG,6300,36,D,BB,DX,F
14:00:02,INDF,RG,6300,1,D,BB,AK,F
14:00:02,INDF,RG,6300,11,D,BB,YP,D
14:00:02,INDF,RG,6300,1,D,BB,XC,D
14:00:02,INDF,RG,6300,4,D,BB,XC,D
14:00:02,INDF,RG,6300,1,D,BB,PD,D
14:00:02,INDF,RG,6300,20,D,BB,SQ,D
14:00:02,INDF,RG,6300,1,D,BB,OD,D
14:00:02,INDF,RG,6300,14,D,BB,ZP,F
14:00:02,INDF,RG,6300,388,D,BB,CS,F
14:00:02,INDF,RG,6300,24,D,BB,CS,F
14:00:02,INDF,RG,6300,2,D,BB,CS,F
14:00:02,INDF,RG,6300,8,D,BB,CS,F
14:00:02,INDF,RG,6300,15,D,BB,YP,D
14:00:02,INDF,RG,6300,1,D,BB,OD,D
14:00:02,INDF,RG,6300,2,D,BB,HP,D
14:00:02,INDF,RG,6300,29,D,BB,PD,D
14:00:02,INDF,RG,6300,81,D,BB,CS,F
14:00:02,INDF,RG,6300,1,D,BB,XC,D
14:00:02,INDF,RG,6300,113,D,BB,CS,F
14:00:02,INDF,RG,6300,5,D,BB,XC,D
14:00:02,INDF,RG,6300,2,D,BB,PD,D
14:00:02,INDF,RG,6300,2,D,BB,PD,D
14:00:02,INDF,RG,6300,20,D,BB,DH,D
14:00:02,INDF,RG,6300,10,D,BB,KK,D
14:00:02,INDF,RG,6300,35,D,BB,CS,F
14:00:02,INDF,RG,6300,121,D,BB,BK,F
14:00:02,INDF,RG,6300,69,D,BB,BK,F
14:00:02,INDF,RG,6300,20,D,BB,CS,F
14:00:02,INDF,RG,6300,149,D,BB,KI,D
14:00:02,INDF,RG,6300,33,D,BB,KI,D
14:00:02,INDF,RG,6300,129,D,BB,KI,D
14:00:02,INDF,RG,6300,30,D,BB,KI,D
13:59:54,INDF,RG,6300,2,D,PD,KI,D
13:59:48,INDF,RG,6275,13,D,AK,BK,F
13:59:46,INDF,RG,6275,23,D,AK,DR,D
13:59:45,INDF,RG,6275,1,D,AK,ZP,F
13:59:09,INDF,RG,6300,12,F,BK,KI,D
13:58:46,INDF,RG,6275,1,D,CC,BK,F
13:58:46,INDF,RG,6275,3,D,YP,BK,F
13:58:46,INDF,RG,6275,1,D,YP,BK,F
13:58:46,INDF,RG,6275,8,F,YU,BK,F
13:58:41,INDF,RG,6275,3,F,YU,BK,F
13:58:41,INDF,RG,6275,27,F,YU,BK,F
13:58:12,INDF,RG,6275,14,F,YU,BK,F
13:58:09,INDF,RG,6275,16,F,YU,BK,F
13:58:08,INDF,RG,6275,33,F,YU,BK,F
13:58:08,INDF,RG,6275,1,D,NI,BK,F
13:58:07,INDF,RG,6275,1,D,NI,TP,D
13:58:07,INDF,RG,6275,1,D,XC,TP,D
13:58:07,INDF,RG,6275,3,D,NI,TP,D
13:58:06,INDF,RG,6275,17,D,NI,BK,F
13:58:06,INDF,RG,6275,2,D,CC,BK,F
13:58:04,INDF,RG,6275,18,D,CC,AK,F
13:58:04,INDF,RG,6275,2,D,XC,AK,F
13:58:04,INDF,RG,6275,1,D,XC,AK,F
13:58:04,INDF,RG,6275,1,D,XC,AK,F
13:58:04,INDF,RG,6275,3,D,XC,AK,F
13:58:04,INDF,RG,6275,1,D,XC,AK,F
13:58:04,INDF,RG,6275,4,D,PD,AK,F
13:58:04,INDF,RG,6275,1,D,PD,AK,F
13:58:04,INDF,RG,6275,1,D,PD,AK,F
13:58:04,INDF,RG,6275,2,D,PD,AK,F
13:58:04,INDF,RG,6275,4,D,XC,AK,F
13:58:04,INDF,RG,6275,1,D,PD,AK,F
13:58:04,INDF,RG,6275,5,D,PD,AK,F
13:58:04,INDF,RG,6275,3,D,PD,AK,F
13:58:04,INDF,RG,6275,5,F,YU,AK,F
13:58:04,INDF,RG,6275,2,D,KK,AK,F
13:58:04,INDF,RG,6275,8,D,LG,AK,F
13:58:04,INDF,RG,6275,8,D,PD,AK,F
13:58:04,INDF,RG,6275,22,D,PD,BK,F
13:58:04,INDF,RG,6275,1,D,EP,BK,F
13:58:04,INDF,RG,6275,1,D,PD,BK,F
13:58:04,INDF,RG,6275,1,D,SQ,BK,F
13:58:04,INDF,RG,6275,52,D,SQ,BK,F
13:58:04,INDF,RG,6300,1,D,YP,KI,D
13:58:03,INDF,RG,6275,32,D,SQ,CS,F
13:58:03,INDF,RG,6275,1,D,PD,CS,F
13:58:03,INDF,RG,6275,1,D,PD,CS,F
13:58:03,INDF,RG,6275,1,D,XL,CS,F
13:58:03,INDF,RG,6275,1,D,PD,CS,F
13:58:03,INDF,RG,6275,1,D,DH,CS,F
13:58:03,INDF,RG,6275,2,D,PD,CS,F
13:58:03,INDF,RG,6275,1,D,XL,CS,F
13:58:03,INDF,RG,6275,2,D,AT,CS,F
13:58:03,INDF,RG,6275,1,D,AT,CS,F
13:58:03,INDF,RG,6275,2,D,AT,CS,F
13:58:03,INDF,RG,6275,13,D,AT,CS,F
13:58:03,INDF,RG,6275,1,D,XL,CS,F
13:58:03,INDF,RG,6275,3,D,EP,CS,F
13:58:03,INDF,RG,6275,1,D,GR,CS,F
13:58:03,INDF,RG,6275,3,D,SQ,CS,F
13:58:03,INDF,RG,6275,1,D,GR,CS,F
13:58:03,INDF,RG,6275,1,D,PD,CS,F
13:58:03,INDF,RG,6275,1,D,PD,CS,F
13:58:03,INDF,RG,6275,1,D,PD,CS,F
13:58:03,INDF,RG,6275,1,D,PD,CS,F
13:58:03,INDF,RG,6275,8,D,PD,CS,F
13:58:03,INDF,RG,6275,3,D,PD,CS,F
13:58:03,INDF,RG,6275,2,D,PD,CS,F
13:58:03,INDF,RG,6275,5,D,ZP,CS,F
13:58:03,INDF,RG,6275,25,D,ES,CS,F
13:58:03,INDF,RG,6275,1,D,PD,CS,F
13:58:03,INDF,RG,6275,1,D,PD,CS,F
13:58:03,INDF,RG,6275,1,D,PD,CS,F
13:58:03,INDF,RG,6275,1,D,PD,CS,F
13:58:03,INDF,RG,6275,20,D,PD,CS,F
13:58:03,INDF,RG,6275,24,D,GR,CS,F
13:58:03,INDF,RG,6275,2,D,PD,CS,F
13:58:03,INDF,RG,6275,160,D,EP,CS,F
13:58:03,INDF,RG,6275,3,D,DR,CS,F
13:58:03,INDF,RG,6275,1,D,PD,CS,F
13:58:03,INDF,RG,6275,1,D,AK,CS,F
13:58:03,INDF,RG,6275,2,D,AK,CS,F
13:58:03,INDF,RG,6275,11,F,YU,CS,F
13:58:03,INDF,RG,6275,4,F,YU,CS,F
13:58:03,INDF,RG,6275,5,D,CC,CS,F
13:58:03,INDF,RG,6275,12,F,YU,CS,F
13:58:03,INDF,RG,6275,7,D,LG,CS,F
13:58:03,INDF,RG,6275,5,D,CC,CS,F
13:58:03,INDF,RG,6275,11,F,YU,CS,F
13:58:03,INDF,RG,6275,1,F,YU,ZP,F
13:58:01,INDF,RG,6275,10,D,BB,KK,D
13:58:00,INDF,RG,6275,1,D,BB,AK,F
13:57:56,INDF,RG,6275,2,D,BB,DR,D
13:57:55,INDF,RG,6275,55,D,BB,DR,D
13:57:45,INDF,RG,6275,3,D,BB,ZP,F
13:57:00,INDF,RG,6275,19,D,BB,BK,F
13:56:59,INDF,RG,6275,26,D,BB,BK,F
13:56:54,INDF,RG,6300,12,F,BK,KI,D
13:56:22,INDF,RG,6275,19,D,BB,BK,F
13:56:21,INDF,RG,6275,49,D,BB,PD,D
13:56:15,INDF,RG,6300,4,F,AK,KI,D
13:56:00,INDF,RG,6275,11,D,BB,PD,D
13:55:55,INDF,RG,6275,4,D,BB,ZP,F
13:55:50,INDF,RG,6275,17,D,BB,BK,F
13:55:11,INDF,RG,6275,20,D,BB,BK,F
13:55:08,INDF,RG,6275,35,D,BB,BK,F
13:55:07,INDF,RG,6300,168,D,AK,KI,D
13:55:06,INDF,RG,6300,19,F,CS,KI,D
13:54:37,INDF,RG,6300,1,D,PD,KI,D
13:54:37,INDF,RG,6300,13,F,BK,KI,D
13:54:25,INDF,RG,6275,11,D,BB,BK,F
13:54:24,INDF,RG,6275,24,D,BB,BK,F
13:54:15,INDF,RG,6300,4,F,AK,KI,D
13:53:41,INDF,RG,6300,13,D,DH,KI,D
13:53:40,INDF,RG,6275,1,D,BB,ZP,F
13:52:51,INDF,RG,6275,12,D,BB,BK,F
13:52:46,INDF,RG,6275,10,D,BB,XL,D
13:52:45,INDF,RG,6275,1,D,BB,ZP,F
13:52:45,INDF,RG,6300,116,D,AK,KI,D
13:52:22,INDF,RG,6300,14,F,BK,KI,D
13:52:11,INDF,RG,6275,39,D,BB,BK,F
13:52:10,INDF,RG,6275,38,D,BB,DR,D
13:52:10,INDF,RG,6300,4,F,AK,KI,D
13:52:09,INDF,RG,6275,7,D,BB,DR,D
13:51:38,INDF,RG,6275,408,D,BB,CS,F
13:51:15,INDF,RG,6275,1,D,BB,AK,F
13:50:46,INDF,RG,6275,2,D,BB,ZP,F
13:50:26,INDF,RG,6300,13,F,BK,KI,D
13:50:09,INDF,RG,6275,16,D,BB,BK,F
13:50:09,INDF,RG,6275,22,D,BB,DX,F
13:50:09,INDF,RG,6275,6,F,YU,DX,F
13:50:07,INDF,RG,6275,6,F,YU,DR,D
13:50:07,INDF,RG,6275,15,F,YU,DR,D
13:50:07,INDF,RG,6275,1,D,YP,DR,D
13:50:07,INDF,RG,6275,5,D,NI,DR,D
13:50:07,INDF,RG,6275,10,D,XL,DR,D
13:50:07,INDF,RG,6275,5,D,KK,DR,D
13:50:07,INDF,RG,6275,1,D,PD,DR,D
13:50:07,INDF,RG,6275,5,D,DR,DR,D
13:50:07,INDF,RG,6275,11,D,YP,DR,D
13:50:02,INDF,RG,6275,9,D,YP,BK,F
13:50:02,INDF,RG,6275,5,D,CC,BK,F
13:50:02,INDF,RG,6275,4,D,IF,BK,F
13:50:02,INDF,RG,6275,16,D,OD,BK,F
13:50:02,INDF,RG,6275,2,D,YP,BK,F
13:50:02,INDF,RG,6275,2,D,KK,BK,F
13:50:02,INDF,RG,6275,1,D,PD,BK,F
13:49:59,INDF,RG,6300,100,D,AK,KI,D
13:48:45,INDF,RG,6300,5,F,AK,KI,D
13:48:41,INDF,RG,6300,12,F,BK,KI,D
13:48:40,INDF,RG,6275,1,D,PD,PD,D
13:48:40,INDF,RG,6275,2,D,NI,PD,D
13:48:37,INDF,RG,6275,1,D,NI,ZP,F
13:48:19,INDF,RG,6275,2,D,NI,ZP,F
13:48:16,INDF,RG,6275,5,D,NI,BK,F
13:48:16,INDF,RG,6275,20,D,DR,BK,F
13:48:16,INDF,RG,6275,10,D,PD,BK,F
13:48:16,INDF,RG,6275,1,D,SQ,BK,F
13:48:14,INDF,RG,6300,14,D,KZ,KI,D
13:48:09,INDF,RG,6300,9,D,KZ,KI,D
13:47:55,INDF,RG,6275,2,D,SQ,PD,D
13:47:53,INDF,RG,6300,1,D,XC,KI,D
13:47:12,INDF,RG,6300,11,F,BK,KI,D
13:47:00,INDF,RG,6300,4,F,AK,KI,D
13:46:59,INDF,RG,6300,133,D,AK,KI,D
13:46:20,INDF,RG,6275,7,D,SQ,BK,F
13:46:20,INDF,RG,6275,1,D,PD,BK,F
13:46:20,INDF,RG,6275,10,D,BB,BK,F
13:46:20,INDF,RG,6275,4,D,CC,BK,F
13:46:20,INDF,RG,6275,10,D,SQ,BK,F
13:46:20,INDF,RG,6275,1,D,PD,BK,F
13:46:20,INDF,RG,6275,2,D,PD,BK,F
13:46:20,INDF,RG,6275,6,D,CC,BK,F
13:46:15,INDF,RG,6275,1,D,CC,ZP,F
13:46:00,INDF,RG,6275,10,D,CC,YP,D
13:45:48,INDF,RG,6275,1,D,CC,ZP,F
13:45:03,INDF,RG,6275,7,D,CC,DR,D
13:45:03,INDF,RG,6275,6,D,DH,DR,D
13:45:00,INDF,RG,6275,1,D,DH,AK,F
13:44:55,INDF,RG,6275,2,D,DH,ZP,F
13:44:54,INDF,RG,6275,6,D,DH,CS,F
13:44:54,INDF,RG,6275,2,D,NI,CS,F
13:44:54,INDF,RG,6275,25,D,PD,CS,F
13:44:54,INDF,RG,6275,10,D,PD,CS,F
13:44:54,INDF,RG,6275,2,D,XC,CS,F
13:44:54,INDF,RG,6275,2,F,CS,CS,F
13:44:54,INDF,RG,6275,5,D,YP,CS,F
13:44:54,INDF,RG,6275,1,D,XC,CS,F
13:44:54,INDF,RG,6275,3,D,XC,CS,F
13:44:54,INDF,RG,6275,16,D,XC,CS,F
13:44:54,INDF,RG,6275,2,D,PD,CS,F
13:44:54,INDF,RG,6275,1,D,PD,CS,F
13:44:54,INDF,RG,6275,6,F,CS,CS,F
13:44:54,INDF,RG,6275,1,D,XC,CS,F
13:44:54,INDF,RG,6275,15,D,XL,CS,F
13:44:54,INDF,RG,6275,2,D,XC,CS,F
13:44:54,INDF,RG,6275,5,D,XL,CS,F
13:44:54,INDF,RG,6275,1,D,PD,CS,F
13:44:54,INDF,RG,6275,140,F,YU,CS,F
13:44:54,INDF,RG,6275,30,D,PD,CS,F
13:44:54,INDF,RG,6275,25,D,OD,CS,F
13:44:54,INDF,RG,6275,1,D,XC,CS,F
13:44:54,INDF,RG,6275,9,D,KZ,CS,F
13:44:54,INDF,RG,6275,4,D,PD,CS,F
13:44:54,INDF,RG,6275,10,D,GR,CS,F
13:44:54,INDF,RG,6275,6,F,CS,CS,F
13:44:54,INDF,RG,6275,5,D,YP,CS,F
13:44:54,INDF,RG,6275,10,D,CC,CS,F
13:44:54,INDF,RG,6275,18,D,NI,CS,F
13:44:54,INDF,RG,6275,1,D,YP,CS,F
13:44:54,INDF,RG,6275,1,D,YP,CS,F
13:44:54,INDF,RG,6275,1,D,YP,CS,F
13:44:54,INDF,RG,6275,59,D,CC,CS,F
13:44:47,INDF,RG,6300,5,D,PD,KI,D
13:44:31,INDF,RG,6275,3,D,CC,YP,D
13:44:13,INDF,RG,6275,38,D,CC,BK,F
13:44:13,INDF,RG,6275,3,D,CC,BK,F
13:44:13,INDF,RG,6275,5,D,YP,BK,F
13:43:39,INDF,RG,6275,2,D,YP,DR,D
13:43:38,INDF,RG,6275,3,D,YP,DR,D
13:43:38,INDF,RG,6275,28,D,SQ,DR,D
13:43:38,INDF,RG,6275,25,D,NI,DR,D
13:43:38,INDF,RG,6275,5,D,YP,DR,D
13:43:38,INDF,RG,6275,2,D,CC,DR,D
13:43:22,INDF,RG,6300,1,D,PD,KI,D
13:41:50,INDF,RG,6300,5,D,YP,KI,D
13:39:02,INDF,RG,6275,1,D,CC,PD,D
13:38:52,INDF,RG,6275,5,D,CC,NI,D
13:38:25,INDF,RG,6275,2,D,CC,PD,D
13:38:25,INDF,RG,6275,1,D,YP,PD,D
13:38:25,INDF,RG,6275,1,D,YP,PD,D
13:38:25,INDF,RG,6275,10,D,YP,PD,D
13:38:25,INDF,RG,6275,2,D,PD,PD,D
13:37:44,INDF,RG,6300,2,D,CC,KI,D
13:37:44,INDF,RG,6275,5,D,CC,CS,F
13:37:44,INDF,RG,6275,4,F,CS,CS,F
13:37:44,INDF,RG,6275,10,D,PD,CS,F
13:37:44,INDF,RG,6275,2,D,CC,CS,F
13:37:44,INDF,RG,6275,1,D,NI,CS,F
13:37:44,INDF,RG,6275,60,D,YP,CS,F
13:37:44,INDF,RG,6275,2,D,PD,CS,F
13:37:44,INDF,RG,6275,2,D,SQ,CS,F
13:37:44,INDF,RG,6275,30,D,CC,CS,F
13:37:44,INDF,RG,6275,5,F,CS,CS,F
13:37:44,INDF,RG,6275,8,D,CC,CS,F
13:37:44,INDF,RG,6275,30,D,PD,CS,F
13:37:44,INDF,RG,6275,3,D,NI,CS,F
13:37:44,INDF,RG,6275,10,D,YP,CS,F
13:37:44,INDF,RG,6275,4,D,PD,CS,F
13:37:44,INDF,RG,6275,10,D,NI,CS,F
13:37:44,INDF,RG,6275,10,D,NI,CS,F
13:37:44,INDF,RG,6275,24,D,PD,CS,F
13:37:44,INDF,RG,6275,7,D,KZ,CS,F
13:37:44,INDF,RG,6275,1,D,CC,CS,F
13:37:44,INDF,RG,6275,1,D,XC,CS,F
13:37:44,INDF,RG,6275,2,D,AZ,CS,F
13:37:44,INDF,RG,6275,5,D,DH,CS,F
13:37:44,INDF,RG,6275,5,D,KK,CS,F
13:37:44,INDF,RG,6275,5,D,XC,CS,F
13:37:44,INDF,RG,6275,10,D,TP,CS,F
13:37:44,INDF,RG,6275,9,D,NI,CS,F
13:37:44,INDF,RG,6275,1,D,CC,CS,F
13:37:44,INDF,RG,6275,2,D,PD,CS,F
13:37:44,INDF,RG,6275,2,D,PD,CS,F
13:37:44,INDF,RG,6275,2,D,KK,CS,F
13:37:44,INDF,RG,6275,3,D,PD,CS,F
13:37:44,INDF,RG,6275,1,D,PD,CS,F
13:37:44,INDF,RG,6275,3,D,PD,CS,F
13:37:44,INDF,RG,6275,7,D,YP,CS,F
13:37:44,INDF,RG,6275,4,F,CS,CS,F
13:37:44,INDF,RG,6275,5,D,CC,CS,F
13:37:44,INDF,RG,6275,1,D,PD,CS,F
13:37:44,INDF,RG,6275,20,D,EP,CS,F
13:37:44,INDF,RG,6275,5,D,NI,CS,F
13:37:44,INDF,RG,6275,1,D,XC,CS,F
13:37:44,INDF,RG,6275,3,F,CS,CS,F
13:37:44,INDF,RG,6275,5,D,XC,CS,F
13:37:44,INDF,RG,6275,5,D,DR,CS,F
13:37:44,INDF,RG,6275,191,D,AI,CS,F
13:36:53,INDF,RG,6300,15,D,XC,KI,D
13:36:24,INDF,RG,6300,1,D,PD,KI,D
13:33:49,INDF,RG,6300,2,D,DH,KI,D
13:33:17,INDF,RG,6275,12,D,AI,DR,D
13:31:58,INDF,RG,6275,35,D,AI,DR,D
13:30:16,INDF,RG,6275,1,D,AI,AK,F
13:30:14,INDF,RG,6300,14,F,AK,KI,D
13:30:14,INDF,RG,6300,312,D,AK,KI,D
13:30:13,INDF,RG,6275,1,D,AI,YP,D
13:30:09,INDF,RG,6275,15,D,AI,CC,D
13:30:09,INDF,RG,6275,1,D,AI,XC,D
13:30:08,INDF,RG,6275,1,D,AI,XC,D
13:30:06,INDF,RG,6275,43,D,AI,OD,D
13:30:06,INDF,RG,6275,1,D,CC,OD,D
13:30:06,INDF,RG,6275,1,D,LG,OD,D
13:30:06,INDF,RG,6275,15,F,BK,OD,D
13:30:06,INDF,RG,6275,5,D,SQ,OD,D
13:30:06,INDF,RG,6275,1,D,KK,OD,D
13:30:06,INDF,RG,6275,1,D,XC,OD,D
13:30:06,INDF,RG,6275,3,D,CC,OD,D
13:30:05,INDF,RG,6300,1,D,KK,KI,D
13:30:05,INDF,RG,6300,1,D,KK,KI,D
13:30:05,INDF,RG,6300,1,D,XL,KI,D
13:30:05,INDF,RG,6275,2,D,CC,PD,D
13:30:05,INDF,RG,6300,1,D,DH,KI,D
13:30:05,INDF,RG,6275,5,D,CC,ZP,F
13:30:05,INDF,RG,6275,4,D,XL,ZP,F
13:30:05,INDF,RG,6275,5,F,CS,ZP,F
13:30:05,INDF,RG,6275,2,D,PD,ZP,F
13:30:05,INDF,RG,6275,5,D,XC,ZP,F
13:30:05,INDF,RG,6275,30,D,PD,ZP,F
13:30:05,INDF,RG,6275,44,F,YU,ZP,F
13:30:04,INDF,RG,6275,90,F,YU,YU,F
13:30:04,INDF,RG,6300,1,D,PD,KI,D
13:30:04,INDF,RG,6300,1,D,KK,KI,D
13:30:03,INDF,RG,6300,2,D,PD,KI,D
13:30:03,INDF,RG,6300,1,D,KK,KI,D
13:30:02,INDF,RG,6275,5,F,YU,PD,D
11:29:48,INDF,RG,6275,11,F,YU,BK,F
11:29:40,INDF,RG,6275,4,F,YU,BK,F
11:29:39,INDF,RG,6300,16,D,AK,KI,D
11:29:39,INDF,RG,6300,8,D,AK,KI,D
11:29:39,INDF,RG,6300,2,D,AK,KI,D
11:29:24,INDF,RG,6300,6,D,AK,KI,D
11:29:23,INDF,RG,6275,12,F,YU,BK,F
11:28:45,INDF,RG,6300,1,D,LG,KI,D
11:28:43,INDF,RG,6275,12,F,YU,BK,F
11:28:26,INDF,RG,6275,12,F,YU,BK,F
11:28:24,INDF,RG,6275,15,F,YU,BK,F
11:28:20,INDF,RG,6275,140,F,YU,CS,F
11:28:20,INDF,RG,6275,30,D,EP,CS,F
11:28:20,INDF,RG,6275,10,D,XC,CS,F
11:28:20,INDF,RG,6275,5,D,XC,CS,F
11:28:20,INDF,RG,6275,8,D,PD,CS,F
11:28:20,INDF,RG,6275,5,D,PD,CS,F
11:28:20,INDF,RG,6275,18,F,BK,CS,F
11:28:20,INDF,RG,6275,25,D,CC,CS,F
11:28:20,INDF,RG,6275,10,D,XL,CS,F
11:28:20,INDF,RG,6275,51,D,BB,CS,F
11:28:20,INDF,RG,6275,12,D,BB,CS,F
11:28:20,INDF,RG,6275,48,D,AK,CS,F
11:28:20,INDF,RG,6300,3,F,AK,KI,D
11:28:16,INDF,RG,6275,13,D,AK,BK,F
11:28:09,INDF,RG,6300,11,F,BK,KI,D
11:28:09,INDF,RG,6300,1,D,XC,KI,D
11:28:09,INDF,RG,6300,21,F,CS,KI,D
11:28:05,INDF,RG,6300,1,F,AK,KI,D
11:27:41,INDF,RG,6275,13,D,AK,BK,F
11:27:11,INDF,RG,6275,13,D,BB,BK,F
11:27:10,INDF,RG,6275,89,D,BB,PD,D
11:27:07,INDF,RG,6275,12,D,BB,BK,F
11:27:05,INDF,RG,6300,2,F,AK,KI,D
11:27:03,INDF,RG,6275,3,D,BB,PD,D
11:26:54,INDF,RG,6300,66,D,AK,KI,D
11:26:45,INDF,RG,6300,12,F,BK,KI,D
11:26:44,INDF,RG,6275,13,D,BB,BK,F
11:26:42,INDF,RG,6275,12,D,BB,BK,F
11:26:24,INDF,RG,6300,25,D,AK,KI,D
11:26:20,INDF,RG,6300,2,F,AK,KI,D
11:26:07,INDF,RG,6275,12,D,BB,BK,F
11:25:50,INDF,RG,6300,1,F,AK,KI,D
11:25:45,INDF,RG,6275,11,D,BB,BK,F
11:25:27,INDF,RG,6275,12,D,BB,BK,F
11:25:24,INDF,RG,6300,59,D,AK,KI,D
11:25:16,INDF,RG,6300,4,D,KZ,KI,D
11:25:08,INDF,RG,6275,13,D,BB,BK,F
11:25:05,INDF,RG,6300,2,F,AK,KI,D
11:25:01,INDF,RG,6300,13,F,BK,KI,D
11:24:41,INDF,RG,6275,12,D,BB,BK,F
11:24:38,INDF,RG,6275,13,D,BB,BK,F
11:24:24,INDF,RG,6300,55,D,AK,KI,D
11:24:06,INDF,RG,6275,12,D,BB,BK,F
11:24:05,INDF,RG,6300,2,F,AK,KI,D
11:23:42,INDF,RG,6275,12,D,BB,BK,F
11:23:42,INDF,RG,6300,11,F,BK,KI,D
11:23:39,INDF,RG,6300,43,D,AK,KI,D
11:23:35,INDF,RG,6275,13,D,BB,BK,F
11:23:35,INDF,RG,6300,1,F,AK,KI,D
11:23:08,INDF,RG,6275,11,D,BB,BK,F
11:22:50,INDF,RG,6300,2,F,AK,KI,D
11:22:39,INDF,RG,6275,12,D,BB,BK,F
11:22:32,INDF,RG,6300,11,F,BK,KI,D
11:22:25,INDF,RG,6275,13,D,BB,BK,F
11:22:24,INDF,RG,6300,58,D,AK,KI,D
11:22:19,INDF,RG,6275,11,D,BB,BK,F
11:22:15,INDF,RG,6275,1,D,BB,AK,F
11:21:44,INDF,RG,6275,13,D,BB,BK,F
11:21:37,INDF,RG,6300,5,D,PD,KI,D
11:21:21,INDF,RG,6275,13,D,BB,BK,F
11:21:20,INDF,RG,6275,12,D,BB,BK,F
11:21:15,INDF,RG,6275,14,D,BB,BK,F
11:21:12,INDF,RG,6275,404,D,BB,CS,F
11:21:09,INDF,RG,6300,63,D,AK,KI,D
11:21:04,INDF,RG,6275,13,D,BB,BK,F
11:21:02,INDF,RG,6300,13,F,BK,KI,D
11:20:45,INDF,RG,6275,1,D,BB,PD,D
11:20:44,INDF,RG,6275,12,D,BB,BK,F
11:20:22,INDF,RG,6275,11,D,BB,BK,F
11:20:01,INDF,RG,6275,12,D,BB,BK,F
11:20:01,INDF,RG,6300,6,F,AK,KI,D
11:19:59,INDF,RG,6275,12,D,BB,BK,F
11:19:43,INDF,RG,6300,13,F,BK,KI,D
11:19:01,INDF,RG,6275,21,D,BB,BK,F
11:18:59,INDF,RG,6275,1,D,BB,XC,D
11:18:42,INDF,RG,6275,11,D,BB,BK,F
11:18:24,INDF,RG,6300,1,D,XC,KI,D
11:18:22,INDF,RG,6300,12,F,BK,KI,D
11:18:20,INDF,RG,6275,22,D,BB,BK,F
11:18:14,INDF,RG,6300,1,D,NI,KI,D
11:17:59,INDF,RG,6275,2,D,BB,XC,D
11:17:44,INDF,RG,6275,16,D,BB,BK,F
11:17:40,INDF,RG,6275,12,D,BB,BK,F
11:17:39,INDF,RG,6300,173,D,AK,KI,D
11:17:32,INDF,RG,6300,2,D,PD,KI,D
11:17:10,INDF,RG,6275,13,D,BB,BK,F
11:17:07,INDF,RG,6275,13,D,BB,BK,F
11:17:03,INDF,RG,6300,12,F,BK,KI,D
11:16:15,INDF,RG,6275,1,D,BB,AK,F
11:15:38,INDF,RG,6275,24,D,BB,BK,F
11:14:19,INDF,RG,6275,10,D,BB,PD,D
11:13:57,INDF,RG,6275,8,D,BB,BK,F
11:13:57,INDF,RG,6275,7,F,BK,BK,F
11:13:57,INDF,RG,6275,7,D,NI,BK,F
11:13:12,INDF,RG,6275,16,D,NI,PD,D
11:13:11,INDF,RG,6300,11,F,BK,KI,D
11:13:01,INDF,RG,6275,12,D,NI,BK,F
11:12:29,INDF,RG,6275,13,D,NI,BK,F
11:12:25,INDF,RG,6275,14,D,NI,BK,F
11:12:24,INDF,RG,6275,1,D,NI,XC,D
11:12:22,INDF,RG,6275,37,D,NI,GR,D
11:12:22,INDF,RG,6275,11,D,BB,GR,D
11:12:22,INDF,RG,6275,10,D,ZP,GR,D
11:12:22,INDF,RG,6275,1,D,NI,GR,D
11:12:22,INDF,RG,6275,10,D,KK,GR,D
11:12:22,INDF,RG,6275,2,D,GR,GR,D
11:12:22,INDF,RG,6275,2,D,GR,GR,D
11:12:22,INDF,RG,6275,2,D,GR,GR,D
11:12:22,INDF,RG,6275,1,D,KK,GR,D
11:12:22,INDF,RG,6275,1,D,YP,GR,D
11:12:22,INDF,RG,6275,10,D,NI,GR,D
11:12:22,INDF,RG,6275,1,D,PD,GR,D
11:12:22,INDF,RG,6275,1,D,PD,GR,D
11:12:22,INDF,RG,6275,25,D,KK,GR,D
11:12:22,INDF,RG,6275,1,D,YP,GR,D
11:12:22,INDF,RG,6275,31,D,YP,GR,D
11:12:22,INDF,RG,6275,30,D,SQ,GR,D
11:12:22,INDF,RG,6275,324,D,BB,GR,D
11:12:09,INDF,RG,6275,12,D,BB,BK,F
11:12:07,INDF,RG,6275,22,D,BB,BK,F
11:12:03,INDF,RG,6275,13,D,BB,BK,F
11:12:02,INDF,RG,6275,460,D,BB,CS,F
11:11:24,INDF,RG,6300,114,D,AK,KI,D
11:11:01,INDF,RG,6275,1,D,BB,PD,D
11:10:57,INDF,RG,6275,14,D,BB,BK,F
11:10:46,INDF,RG,6300,11,F,BK,KI,D
11:10:35,INDF,RG,6275,1,D,BB,PD,D
11:09:07,INDF,RG,6275,24,D,BB,BK,F
11:08:12,INDF,RG,6275,12,D,BB,BK,F
11:08:00,INDF,RG,6275,1,D,BB,AK,F
11:06:58,INDF,RG,6275,13,D,BB,BK,F
11:06:54,INDF,RG,6300,115,D,AK,KI,D
11:06:50,INDF,RG,6300,6,F,AK,KI,D
11:06:49,INDF,RG,6300,32,D,PD,KI,D
11:06:27,INDF,RG,6275,23,D,BB,BK,F
11:05:18,INDF,RG,6275,15,D,BB,BK,F
11:04:55,INDF,RG,6300,1,D,NI,KI,D
11:04:05,INDF,RG,6300,4,D,XL,KI,D
11:03:17,INDF,RG,6275,3,D,BB,BK,F
11:03:17,INDF,RG,6275,11,D,BB,BK,F
11:03:17,INDF,RG,6275,13,D,BB,BK,F
11:02:21,INDF,RG,6275,11,D,BB,BK,F
11:01:24,INDF,RG,6275,17,D,BB,BK,F
11:01:24,INDF,RG,6275,9,D,BB,BK,F
11:00:58,INDF,RG,6275,1,D,BB,PD,D
11:00:32,INDF,RG,6275,1,D,KZ,PD,D
11:00:29,INDF,RG,6300,1,D,CC,KI,D
11:00:26,INDF,RG,6275,10,D,AG,BK,F
11:00:26,INDF,RG,6275,4,D,NI,BK,F
10:59:58,INDF,RG,6300,1,D,CC,KI,D
10:59:45,INDF,RG,6275,11,D,NI,BK,F
10:59:45,INDF,RG,6275,1,D,YP,BK,F
10:59:42,INDF,RG,6275,14,D,YP,CS,F
10:59:42,INDF,RG,6275,1,D,XC,CS,F
10:59:42,INDF,RG,6275,5,D,PD,CS,F
10:59:42,INDF,RG,6275,1,D,PD,CS,F
10:59:42,INDF,RG,6275,10,D,YP,CS,F
10:59:42,INDF,RG,6275,2,D,YP,CS,F
10:59:42,INDF,RG,6275,2,D,YP,CS,F
10:59:42,INDF,RG,6275,5,D,YP,CS,F
10:59:42,INDF,RG,6275,1,D,YP,CS,F
10:59:42,INDF,RG,6275,2,D,KK,CS,F
10:59:42,INDF,RG,6275,1,D,DR,CS,F
10:59:42,INDF,RG,6275,5,D,AZ,CS,F
10:59:42,INDF,RG,6275,50,D,YP,CS,F
10:59:42,INDF,RG,6275,1,D,SQ,CS,F
10:59:42,INDF,RG,6275,8,D,PD,CS,F
10:59:42,INDF,RG,6275,20,D,YP,CS,F
10:59:42,INDF,RG,6275,10,D,PD,CS,F
10:59:42,INDF,RG,6275,15,D,YP,CS,F
10:59:42,INDF,RG,6275,10,D,PD,CS,F
10:59:42,INDF,RG,6275,5,D,NI,CS,F
10:59:42,INDF,RG,6275,1,D,PD,CS,F
10:59:42,INDF,RG,6275,1,D,YP,CS,F
10:59:42,INDF,RG,6275,1,D,XC,CS,F
10:59:42,INDF,RG,6275,5,D,PD,CS,F
10:59:42,INDF,RG,6275,3,D,CC,CS,F
10:59:42,INDF,RG,6275,1,D,PD,CS,F
10:59:42,INDF,RG,6275,8,D,CC,CS,F
10:59:42,INDF,RG,6275,2,D,CC,CS,F
10:59:42,INDF,RG,6275,5,D,YP,CS,F
10:59:42,INDF,RG,6275,2,D,XC,CS,F
10:59:42,INDF,RG,6275,1,D,XC,CS,F
10:59:42,INDF,RG,6275,20,D,PD,CS,F
10:59:42,INDF,RG,6275,2,D,DR,CS,F
10:59:42,INDF,RG,6275,3,D,XC,CS,F
10:59:42,INDF,RG,6275,2,D,XC,CS,F
10:59:42,INDF,RG,6275,2,D,XC,CS,F
10:59:42,INDF,RG,6275,1,D,XC,CS,F
10:59:42,INDF,RG,6275,1,D,YP,CS,F
10:59:42,INDF,RG,6275,1,D,DR,CS,F
10:59:42,INDF,RG,6275,1,D,EP,CS,F
10:59:42,INDF,RG,6275,2,D,XC,CS,F
10:59:42,INDF,RG,6275,1,D,SQ,CS,F
10:59:42,INDF,RG,6275,1,D,PD,CS,F
10:59:42,INDF,RG,6275,10,D,AZ,CS,F
10:59:42,INDF,RG,6275,5,D,PD,CS,F
10:59:42,INDF,RG,6275,1,D,DR,CS,F
10:59:42,INDF,RG,6275,12,D,PD,CS,F
10:59:42,INDF,RG,6275,1,D,NI,CS,F
10:59:42,INDF,RG,6275,188,D,YP,CS,F
10:59:42,INDF,RG,6275,10,D,XC,CS,F
10:59:42,INDF,RG,6275,10,D,YP,CS,F
10:59:42,INDF,RG,6275,4,D,DH,CS,F
10:59:42,INDF,RG,6275,1,D,XC,CS,F
10:59:42,INDF,RG,6300,5,D,LG,KI,D
10:59:32,INDF,RG,6275,3,D,YP,BK,F
10:59:32,INDF,RG,6275,5,D,IF,BK,F
10:59:32,INDF,RG,6275,1,D,DX,BK,F
10:59:32,INDF,RG,6275,1,D,YP,BK,F
10:59:32,INDF,RG,6275,10,D,PD,BK,F
10:59:32,INDF,RG,6275,4,D,YP,BK,F
10:59:32,INDF,RG,6300,1,D,YP,KI,D
10:58:28,INDF,RG,6275,6,D,YP,BK,F
10:58:28,INDF,RG,6275,8,D,CC,BK,F
10:58:28,INDF,RG,6275,1,D,YP,BK,F
10:57:30,INDF,RG,6275,1,D,YP,AK,F
10:57:24,INDF,RG,6275,1,D,YB,BK,F
10:57:24,INDF,RG,6275,1,D,PD,BK,F
10:57:24,INDF,RG,6275,1,D,PD,BK,F
10:57:24,INDF,RG,6275,11,D,YP,BK,F
10:57:00,INDF,RG,6275,13,D,YP,BK,F
10:56:38,INDF,RG,6300,15,D,EP,KI,D
10:56:33,INDF,RG,6275,12,D,YP,BK,F
10:55:22,INDF,RG,6300,1,D,KK,KI,D
10:55:10,INDF,RG,6275,13,D,YP,BK,F
10:54:36,INDF,RG,6275,26,D,YP,BK,F
10:54:35,INDF,RG,6275,25,D,YP,YP,D
10:54:35,INDF,RG,6275,1,D,NI,YP,D
10:54:35,INDF,RG,6275,3,D,XC,YP,D
10:54:35,INDF,RG,6275,2,D,PD,YP,D
10:54:35,INDF,RG,6275,1,D,KK,YP,D
10:54:35,INDF,RG,6275,1,D,PD,YP,D
10:54:35,INDF,RG,6275,1,D,CC,YP,D
10:54:35,INDF,RG,6275,20,D,YP,YP,D
10:54:35,INDF,RG,6275,20,D,NI,YP,D
10:54:35,INDF,RG,6275,2,D,YB,YP,D
10:54:35,INDF,RG,6275,1,D,PD,YP,D
10:54:35,INDF,RG,6275,1,D,PD,YP,D
10:54:35,INDF,RG,6275,3,D,XC,YP,D
10:54:35,INDF,RG,6275,2,D,PD,YP,D
10:54:35,INDF,RG,6275,3,D,KK,YP,D
10:54:35,INDF,RG,6275,14,D,OD,YP,D
10:54:28,INDF,RG,6275,1,D,OD,XC,D
10:54:14,INDF,RG,6275,1,D,OD,XC,D
10:53:07,INDF,RG,6275,14,D,OD,BK,F
10:53:07,INDF,RG,6275,1,D,KK,BK,F
10:52:46,INDF,RG,6275,1,D,YB,BK,F
10:52:46,INDF,RG,6275,5,D,NI,BK,F
10:52:46,INDF,RG,6275,2,D,XL,BK,F
10:52:46,INDF,RG,6275,2,D,PD,BK,F
10:52:46,INDF,RG,6275,6,D,OD,BK,F
10:52:46,INDF,RG,6275,1,D,CC,BK,F
10:52:46,INDF,RG,6275,1,D,SQ,BK,F
10:52:46,INDF,RG,6275,1,D,NI,BK,F
10:52:46,INDF,RG,6275,1,D,CC,BK,F
10:52:46,INDF,RG,6275,4,D,YU,BK,F
10:51:29,INDF,RG,6275,1,D,YU,BK,F
10:51:29,INDF,RG,6275,1,D,PD,BK,F
10:51:29,INDF,RG,6275,1,D,PD,BK,F
10:51:29,INDF,RG,6275,1,D,NI,BK,F
10:51:29,INDF,RG,6275,8,D,CC,BK,F
10:50:48,INDF,RG,6275,26,D,CC,BK,F
10:50:15,INDF,RG,6275,1,D,CC,AK,F
10:49:45,INDF,RG,6275,15,D,CC,BK,F
10:49:45,INDF,RG,6275,1,D,CC,BK,F
10:49:45,INDF,RG,6275,1,D,YP,BK,F
10:49:41,INDF,RG,6275,9,D,YP,BK,F
10:49:41,INDF,RG,6275,6,D,PD,BK,F
10:49:39,INDF,RG,6275,4,D,PD,BK,F
10:49:39,INDF,RG,6275,3,D,NI,BK,F
10:49:39,INDF,RG,6275,1,D,XC,BK,F
10:49:39,INDF,RG,6275,2,D,PD,BK,F
10:49:39,INDF,RG,6275,1,D,EP,BK,F
10:49:39,INDF,RG,6275,2,D,YP,BK,F
10:49:39,INDF,RG,6275,2,D,YP,BK,F
10:49:37,INDF,RG,6275,18,D,YP,BK,F
10:49:37,INDF,RG,6275,1,D,DR,BK,F
10:49:37,INDF,RG,6275,21,D,XC,BK,F
10:49:37,INDF,RG,6275,1,D,DH,BK,F
10:49:37,INDF,RG,6275,1,D,YP,BK,F
10:49:37,INDF,RG,6275,5,D,NI,BK,F
10:49:37,INDF,RG,6275,5,D,KK,BK,F
10:49:35,INDF,RG,6275,32,D,KK,BK,F
10:49:35,INDF,RG,6275,1,D,XC,BK,F
10:49:35,INDF,RG,6275,2,D,HP,BK,F
10:49:35,INDF,RG,6275,1,D,NI,BK,F
10:49:35,INDF,RG,6275,5,D,CC,BK,F
10:49:35,INDF,RG,6275,5,D,NI,BK,F
10:49:35,INDF,RG,6275,1,D,PD,BK,F
10:49:35,INDF,RG,6275,1,D,YU,BK,F
10:49:35,INDF,RG,6275,10,D,PD,BK,F
10:49:35,INDF,RG,6275,1,D,XC,BK,F
10:49:35,INDF,RG,6275,4,D,XC,BK,F
10:49:35,INDF,RG,6275,1,D,XC,BK,F
10:49:35,INDF,RG,6275,16,D,YB,BK,F
10:49:35,INDF,RG,6275,1,D,NI,BK,F
10:49:35,INDF,RG,6275,40,D,CC,BK,F
10:49:35,INDF,RG,6275,40,D,AT,BK,F
10:49:35,INDF,RG,6275,1,D,PD,BK,F
10:49:35,INDF,RG,6275,15,F,BK,BK,F
10:49:35,INDF,RG,6275,1,D,YP,BK,F
10:49:35,INDF,RG,6275,3,D,KZ,BK,F
10:49:35,INDF,RG,6275,47,D,BB,BK,F
10:49:34,INDF,RG,6275,19,D,BB,BK,F
10:49:32,INDF,RG,6300,85,D,AK,KI,D
10:49:32,INDF,RG,6300,2,F,AK,KI,D
10:49:32,INDF,RG,6300,345,F,YU,KI,D
10:49:32,INDF,RG,6300,6,D,KZ,KI,D
10:49:32,INDF,RG,6300,10,D,PD,KI,D
10:49:32,INDF,RG,6300,3,F,CS,KI,D
10:49:32,INDF,RG,6300,3,D,SQ,KI,D
10:49:32,INDF,RG,6300,10,D,YP,KI,D
10:49:32,INDF,RG,6300,2,D,PD,KI,D
10:49:32,INDF,RG,6300,144,D,AK,KI,D
10:49:32,INDF,RG,6300,2,F,AK,KI,D
10:49:32,INDF,RG,6300,2,F,CS,KI,D
10:49:32,INDF,RG,6300,436,D,AK,KI,D
10:49:16,INDF,RG,6300,20,D,AK,BK,F
10:48:50,INDF,RG,6300,23,D,AK,BK,F
10:48:46,INDF,RG,6300,11,D,AK,BK,F
10:48:40,INDF,RG,6300,32,D,AK,BK,F
10:48:39,INDF,RG,6300,12,D,AK,BK,F
10:48:36,INDF,RG,6300,150,D,AK,YP,F
10:47:59,INDF,RG,6300,16,D,AK,BK,F
10:47:59,INDF,RG,6300,1,F,CS,BK,F
10:46:14,INDF,RG,6300,14,F,CC,CS,F
10:46:13,INDF,RG,6300,16,F,CC,PD,D
10:46:01,INDF,RG,6300,2,D,NI,CS,F
10:45:51,INDF,RG,6300,10,D,PD,CS,F
10:45:50,INDF,RG,6275,21,D,BB,BK,F
10:45:49,INDF,RG,6275,28,D,BB,BK,F
10:45:47,INDF,RG,6300,1,D,CC,DR,D
10:45:47,INDF,RG,6300,4,D,CC,CS,F
10:45:47,INDF,RG,6300,8,D,CC,CC,F
10:45:29,INDF,RG,6275,11,D,BB,BK,F
10:45:27,INDF,RG,6300,5,D,YP,CS,F
10:45:26,INDF,RG,6275,21,D,BB,BK,F
10:45:24,INDF,RG,6300,2,F,AK,BK,F
10:45:24,INDF,RG,6300,8,D,BB,BK,F
10:45:21,INDF,RG,6300,9,D,BB,DX,F
10:45:21,INDF,RG,6300,8,D,BB,DX,F
10:45:19,INDF,RG,6300,12,D,BB,CS,F
10:45:19,INDF,RG,6300,1,D,BB,CS,F
10:45:18,INDF,RG,6300,25,D,BB,BK,F
10:45:17,INDF,RG,6300,12,D,BB,BK,F
10:45:12,INDF,RG,6300,25,D,BB,BK,F
10:45:12,INDF,RG,6300,2,F,AK,BK,F
10:45:12,INDF,RG,6300,1,D,NI,BK,F
10:45:12,INDF,RG,6300,5,F,CS,BK,F
10:45:12,INDF,RG,6300,2,D,GR,BK,F
10:45:12,INDF,RG,6300,1,D,YP,BK,F
10:45:12,INDF,RG,6300,63,D,AK,BK,F
10:45:11,INDF,RG,6300,24,D,AK,BK,F
10:45:11,INDF,RG,6300,1,D,PD,BK,F
10:45:11,INDF,RG,6300,2,F,AK,BK,F
10:45:11,INDF,RG,6300,1,D,BB,BK,F
10:45:07,INDF,RG,6300,12,D,BB,BK,F
10:45:07,INDF,RG,6300,297,D,BB,BK,F
10:45:07,INDF,RG,6300,100,D,BB,LG,D
10:45:06,INDF,RG,6300,78,D,BB,BK,F
10:45:05,INDF,RG,6300,31,D,BB,BK,F
10:45:04,INDF,RG,6300,809,D,BB,AK,F
10:45:04,INDF,RG,6300,20,F,BK,AK,F
10:45:04,INDF,RG,6300,171,D,BB,AK,F
10:45:04,INDF,RG,6300,215,D,BB,BK,F
10:45:03,INDF,RG,6300,151,D,BB,BK,F
10:45:02,INDF,RG,6300,355,D,BB,BK,F
10:45:01,INDF,RG,6300,46,D,BB,BK,F
10:45:01,INDF,RG,6300,12,D,BB,BK,F
10:45:01,INDF,RG,6300,41,D,BB,BK,F
10:45:01,INDF,RG,6300,9,D,BB,BK,F
10:45:01,INDF,RG,6300,6,F,CS,BK,F
10:45:01,INDF,RG,6300,30,D,AZ,BK,F
10:45:01,INDF,RG,6300,2,D,PD,BK,F
10:45:01,INDF,RG,6300,10,D,AT,BK,F
10:45:01,INDF,RG,6300,82,D,AK,BK,F
10:45:01,INDF,RG,6300,4,F,AK,BK,F
10:45:01,INDF,RG,6300,21,F,BK,BK,F
10:45:01,INDF,RG,6300,1,D,PD,BK,F
10:45:01,INDF,RG,6300,172,F,YU,BK,F
10:45:01,INDF,RG,6300,10,D,AK,BK,F
10:44:59,INDF,RG,6300,74,D,AK,CS,F
10:44:59,INDF,RG,6300,1,D,YP,CS,F
10:44:59,INDF,RG,6300,7,D,KZ,CS,F
10:44:59,INDF,RG,6300,8,D,BB,CS,F
10:44:59,INDF,RG,6300,7,D,BB,CS,F
10:44:59,INDF,RG,6300,2,F,AK,CS,F
10:44:59,INDF,RG,6300,267,D,BB,CS,F
10:44:59,INDF,RG,6300,109,D,BB,PD,D
10:44:59,INDF,RG,6300,2,D,PD,PD,D
10:44:59,INDF,RG,6300,370,D,BB,PD,D
10:44:59,INDF,RG,6300,33,D,BB,PD,D
10:44:59,INDF,RG,6300,345,F,YU,PD,D
10:44:59,INDF,RG,6300,1000,D,AK,PD,D
10:44:59,INDF,RG,6300,3,F,AK,PD,D
10:44:59,INDF,RG,6300,138,D,AK,PD,D
10:44:53,INDF,RG,6300,3,D,AK,PD,D
10:44:43,INDF,RG,6300,19,D,AK,BK,F
10:44:43,INDF,RG,6300,4,F,CS,BK,F
10:44:43,INDF,RG,6300,2,D,PD,BK,F
10:44:43,INDF,RG,6300,1,D,XC,BK,F
10:44:43,INDF,RG,6300,1,D,YB,BK,F
10:44:43,INDF,RG,6300,3,D,PD,BK,F
10:44:42,INDF,RG,6300,2,D,PD,BK,F
10:44:42,INDF,RG,6300,1,D,XC,BK,F
10:44:42,INDF,RG,6300,13,D,SQ,BK,F
10:44:40,INDF,RG,6300,87,D,SQ,LG,D
10:44:40,INDF,RG,6300,1,D,XC,LG,D
10:44:40,INDF,RG,6300,4,F,CS,LG,D
10:44:40,INDF,RG,6300,5,F,BK,LG,D
10:44:40,INDF,RG,6300,2,D,AZ,LG,D
10:44:40,INDF,RG,6300,1,D,PD,LG,D
10:43:30,INDF,RG,6300,1,D,PD,AK,F
10:42:09,INDF,RG,6300,1,D,PD,PD,D
10:39:49,INDF,RG,6300,7,D,PD,PD,D
10:39:49,INDF,RG,6300,3,D,GR,PD,D
10:39:49,INDF,RG,6300,3,D,NI,PD,D
10:39:49,INDF,RG,6300,2,D,YP,PD,D
10:36:38,INDF,RG,6300,4,D,YP,XC,D
10:36:38,INDF,RG,6300,21,D,YP,BK,F
10:36:34,INDF,RG,6300,4,D,YP,BK,F
10:36:34,INDF,RG,6300,5,D,YP,BK,F
10:36:34,INDF,RG,6300,17,D,SH,BK,F
10:36:33,INDF,RG,6300,12,D,SH,BK,F
10:36:33,INDF,RG,6300,4,D,SH,PD,D
10:36:31,INDF,RG,6300,6,D,SH,BK,F
10:36:31,INDF,RG,6300,2,F,CS,BK,F
10:36:31,INDF,RG,6300,9,D,PD,BK,F
10:36:30,INDF,RG,6300,1,D,PD,BK,F
10:36:30,INDF,RG,6300,5,D,YP,BK,F
10:36:30,INDF,RG,6300,4,F,CS,BK,F
10:36:30,INDF,RG,6300,5,D,DR,BK,F
10:36:30,INDF,RG,6300,1,D,DX,BK,F
10:36:30,INDF,RG,6300,6,D,YP,BK,F
10:36:28,INDF,RG,6300,4,D,YP,PD,D
10:36:28,INDF,RG,6300,1,D,PD,PD,D
10:36:28,INDF,RG,6300,15,D,DH,PD,D
10:36:28,INDF,RG,6300,19,F,BK,PD,D
10:36:28,INDF,RG,6300,10,D,XL,PD,D
10:36:28,INDF,RG,6300,1,D,YP,PD,D
10:36:28,INDF,RG,6300,1,D,XC,PD,D
10:36:28,INDF,RG,6300,10,D,LG,PD,D
10:36:28,INDF,RG,6300,4,F,CS,PD,D
10:36:28,INDF,RG,6300,12,D,KZ,PD,D
10:36:28,INDF,RG,6300,8,D,XC,PD,D
10:36:28,INDF,RG,6300,6,D,KK,PD,D
10:36:28,INDF,RG,6300,2,D,PD,PD,D
10:36:28,INDF,RG,6300,3,F,AK,PD,D
10:36:28,INDF,RG,6300,4,D,BB,PD,D
10:36:28,INDF,RG,6300,7,D,BB,BK,F
10:36:28,INDF,RG,6300,8,D,BB,BK,F
10:36:26,INDF,RG,6300,5,D,BB,BK,F
10:36:26,INDF,RG,6300,18,D,BB,BK,F
10:36:25,INDF,RG,6300,73,D,BB,PD,D
10:36:11,INDF,RG,6300,17,D,BB,BK,F
10:36:07,INDF,RG,6300,32,D,BB,BK,F
10:36:06,INDF,RG,6300,12,D,BB,BK,F
10:36:03,INDF,RG,6300,14,D,BB,BK,F
10:36:02,INDF,RG,6300,110,D,BB,BK,F
10:36:01,INDF,RG,6300,33,D,BB,BK,F
10:36:00,INDF,RG,6300,22,D,BB,BK,F
10:35:58,INDF,RG,6300,169,D,BB,BK,F
10:35:57,INDF,RG,6300,179,D,BB,BK,F
10:35:57,INDF,RG,6300,48,D,BB,BK,F
10:35:57,INDF,RG,6300,5,D,PD,BK,F
10:35:57,INDF,RG,6300,10,D,NI,BK,F
10:35:57,INDF,RG,6300,1,D,XL,BK,F
10:35:57,INDF,RG,6300,4,F,CS,BK,F
10:35:57,INDF,RG,6300,1,D,CC,BK,F
10:35:56,INDF,RG,6300,5,D,CC,BK,F
10:35:56,INDF,RG,6300,40,D,CC,BK,F
10:35:54,INDF,RG,6300,10,D,CC,BK,F
10:35:54,INDF,RG,6300,3,D,PD,BK,F
10:35:54,INDF,RG,6300,7,F,YU,BK,F
10:35:54,INDF,RG,6300,11,F,YU,AK,F
10:35:54,INDF,RG,6300,21,F,YU,AK,F
10:35:54,INDF,RG,6300,13,F,YU,AK,F
10:35:54,INDF,RG,6300,12,D,XC,AK,F
10:35:54,INDF,RG,6300,3,F,CS,AK,F
10:35:54,INDF,RG,6300,6,D,NI,AK,F
10:35:54,INDF,RG,6300,10,D,PD,AK,F
10:35:54,INDF,RG,6300,5,D,KK,AK,F
10:35:54,INDF,RG,6300,5,F,CS,AK,F
10:35:54,INDF,RG,6300,10,D,KZ,AK,F
10:35:54,INDF,RG,6300,120,F,YU,AK,F
10:35:54,INDF,RG,6300,5,D,YP,AK,F
10:35:54,INDF,RG,6300,1,D,YP,AK,F
10:35:54,INDF,RG,6300,20,D,TP,AK,F
10:35:54,INDF,RG,6300,10,D,NI,AK,F
10:35:54,INDF,RG,6300,3,F,AK,AK,F
10:35:54,INDF,RG,6300,5,F,CS,AK,F
10:35:54,INDF,RG,6300,3,D,PD,AK,F
10:35:54,INDF,RG,6300,10,D,DH,AK,F
10:35:54,INDF,RG,6300,1,D,XC,AK,F
10:35:54,INDF,RG,6300,4,D,OD,AK,F
10:35:54,INDF,RG,6300,2,F,AK,AK,F
10:35:54,INDF,RG,6300,5,D,PD,AK,F
10:35:54,INDF,RG,6300,12,D,XC,AK,F
10:35:54,INDF,RG,6300,3,D,CC,AK,F
10:35:54,INDF,RG,6300,7,D,PD,AK,F
10:35:54,INDF,RG,6300,200,D,PD,AK,F
10:35:54,INDF,RG,6300,110,D,AK,AK,F
10:35:54,INDF,RG,6300,17,F,BK,AK,F
10:35:54,INDF,RG,6300,100,D,KI,AK,F
10:35:54,INDF,RG,6300,3,D,DR,AK,F
10:35:54,INDF,RG,6300,2,D,SQ,AK,F
10:35:54,INDF,RG,6300,261,D,BB,AK,F
10:35:53,INDF,RG,6300,25,D,BB,BK,F
10:35:52,INDF,RG,6300,15,D,BB,BK,F
10:35:49,INDF,RG,6300,47,D,BB,BK,F
10:35:48,INDF,RG,6300,58,D,BB,BK,F
10:35:47,INDF,RG,6300,63,D,BB,BK,F
10:35:46,INDF,RG,6300,3,D,BB,DR,D
10:35:46,INDF,RG,6300,75,D,BB,BK,F
10:35:44,INDF,RG,6300,221,D,BB,BK,F
10:35:43,INDF,RG,6300,103,D,BB,BK,F
10:35:41,INDF,RG,6300,67,D,BB,AK,F
10:35:41,INDF,RG,6300,12,D,BB,AK,F
10:35:41,INDF,RG,6300,41,D,BB,AK,F
10:35:41,INDF,RG,6300,9,D,BB,AK,F
10:35:41,INDF,RG,6300,1,D,PD,AK,F
10:35:41,INDF,RG,6300,1,D,AT,AK,F
10:35:41,INDF,RG,6300,4,D,PD,AK,F
10:35:41,INDF,RG,6300,10,D,PD,AK,F
10:35:41,INDF,RG,6300,10,D,PD,AK,F
10:35:41,INDF,RG,6300,3,D,YP,AK,F
10:35:41,INDF,RG,6300,1,D,XC,AK,F
10:35:41,INDF,RG,6300,54,D,AK,AK,F
10:35:41,INDF,RG,6300,10,D,XC,AK,F
10:35:41,INDF,RG,6300,13,F,BK,AK,F
10:35:41,INDF,RG,6300,1,D,CC,AK,F
10:35:41,INDF,RG,6300,4,D,XL,AK,F
10:35:41,INDF,RG,6300,1,D,CC,AK,F
10:35:41,INDF,RG,6300,2,D,PD,AK,F
10:35:41,INDF,RG,6300,112,F,CC,AK,F
10:35:41,INDF,RG,6300,612,D,BB,AK,F
10:35:41,INDF,RG,6300,32,D,AK,AK,F
10:35:40,INDF,RG,6300,20,D,AK,BK,F
10:35:39,INDF,RG,6300,10,D,AK,BK,F
10:35:39,INDF,RG,6300,4,F,CS,BK,F
10:35:39,INDF,RG,6300,1,F,CS,BK,F
10:35:39,INDF,RG,6300,2,D,PD,BK,F
10:35:39,INDF,RG,6300,2,F,CS,BK,F
10:35:39,INDF,RG,6300,1,D,YP,BK,F
10:35:39,INDF,RG,6300,1,D,NI,BK,F
10:35:39,INDF,RG,6300,1,F,BK,BK,F
10:35:37,INDF,RG,6300,17,F,BK,BK,F
10:35:37,INDF,RG,6300,2,F,BK,BK,F
10:35:37,INDF,RG,6300,2,F,CS,BK,F
10:35:37,INDF,RG,6300,16,D,AK,BK,F
10:35:37,INDF,RG,6300,14,D,AK,BK,F
10:35:34,INDF,RG,6300,28,D,AK,BK,F
10:35:32,INDF,RG,6300,17,D,AK,BK,F
10:35:31,INDF,RG,6300,21,D,AK,BK,F
10:35:31,INDF,RG,6300,81,D,AK,BK,F
10:35:28,INDF,RG,6300,408,D,AK,CS,F
10:35:15,INDF,RG,6325,11,F,AK,BK,F
10:34:07,INDF,RG,6300,6,D,AK,YB,D
10:34:00,INDF,RG,6325,3,F,AK,BK,F
10:33:49,INDF,RG,6300,14,D,AK,XC,D
10:33:00,INDF,RG,6300,1,D,AK,AK,F
10:32:46,INDF,RG,6300,10,D,AK,PD,D
10:31:44,INDF,RG,6300,1,D,AK,CC,D
10:31:31,INDF,RG,6300,1,D,AK,XC,D
10:30:59,INDF,RG,6300,16,D,AK,BK,F
10:30:56,INDF,RG,6300,13,D,AK,BK,F
10:30:51,INDF,RG,6300,10,D,AK,YP,D
10:29:03,INDF,RG,6300,24,D,AK,NI,D
10:28:13,INDF,RG,6300,1,D,AK,CC,D
10:28:07,INDF,RG,6300,32,D,AK,BK,F
10:28:03,INDF,RG,6300,23,D,AK,BK,F
10:27:58,INDF,RG,6300,10,D,AK,PD,D
10:27:48,INDF,RG,6300,10,D,AK,SQ,D
10:27:48,INDF,RG,6300,12,D,AK,BK,F
10:27:46,INDF,RG,6300,21,D,AK,BK,F
10:27:42,INDF,RG,6300,29,D,AK,BK,F
10:27:41,INDF,RG,6300,41,D,AK,BK,F
10:27:41,INDF,RG,6300,18,D,AK,BK,F
10:27:39,INDF,RG,6300,200,D,AK,MU,D
10:26:39,INDF,RG,6300,3,D,AK,PD,D
10:26:20,INDF,RG,6300,5,D,AK,CC,D
10:24:54,INDF,RG,6300,1,D,AK,XC,D
10:22:21,INDF,RG,6300,15,D,AK,BK,F
10:22:17,INDF,RG,6300,16,D,AK,BK,F
10:22:16,INDF,RG,6300,18,D,AK,BK,F
10:22:16,INDF,RG,6300,29,D,AK,BK,F
10:22:15,INDF,RG,6300,30,D,AK,BK,F
10:22:12,INDF,RG,6300,55,D,AK,BK,F
10:22:12,INDF,RG,6300,1,D,YP,BK,F
10:22:12,INDF,RG,6300,1,D,PD,BK,F
10:22:12,INDF,RG,6300,2,D,XL,BK,F
10:22:12,INDF,RG,6300,2,D,DR,BK,F
10:22:12,INDF,RG,6300,10,D,NI,BK,F
10:22:12,INDF,RG,6300,1,D,XC,BK,F
10:22:12,INDF,RG,6300,5,D,KK,BK,F
10:22:12,INDF,RG,6300,1,D,NI,BK,F
10:22:12,INDF,RG,6300,7,D,XC,BK,F
10:22:12,INDF,RG,6300,1,D,YP,BK,F
10:22:12,INDF,RG,6300,3,D,NI,BK,F
10:22:12,INDF,RG,6300,4,F,AK,BK,F
10:22:12,INDF,RG,6300,9,D,XC,BK,F
10:22:12,INDF,RG,6300,1,D,DR,BK,F
10:22:12,INDF,RG,6300,2,D,PD,BK,F
10:22:12,INDF,RG,6300,1,D,CC,BK,F
10:22:12,INDF,RG,6300,11,F,BK,BK,F
10:22:12,INDF,RG,6300,1,D,YP,BK,F
10:22:12,INDF,RG,6300,5,F,CS,BK,F
10:22:11,INDF,RG,6300,1,D,YP,BK,F
10:22:11,INDF,RG,6300,12,F,BK,BK,F
10:22:11,INDF,RG,6300,10,D,PD,BK,F
10:22:11,INDF,RG,6300,12,F,BK,BK,F
10:22:11,INDF,RG,6300,1,F,CS,BK,F
10:22:11,INDF,RG,6300,5,F,CS,BK,F
10:22:11,INDF,RG,6300,4,D,BB,BK,F
10:22:11,INDF,RG,6300,21,D,BB,BK,F
10:22:10,INDF,RG,6300,249,D,BB,BQ,D
10:22:10,INDF,RG,6300,1,D,OD,BQ,D
10:22:10,INDF,RG,6300,12,F,BK,BQ,D
10:22:10,INDF,RG,6300,3,F,AK,BQ,D
10:22:10,INDF,RG,6300,1,D,DR,BQ,D
10:22:10,INDF,RG,6300,40,D,HP,BQ,D
10:22:10,INDF,RG,6300,1,D,GR,BQ,D
10:22:10,INDF,RG,6300,12,F,BK,BQ,D
10:22:10,INDF,RG,6300,1,D,CC,BQ,D
10:22:10,INDF,RG,6300,1,D,PD,BQ,D
10:22:10,INDF,RG,6300,5,D,YP,BQ,D
10:22:10,INDF,RG,6300,5,D,BB,BQ,D
10:22:10,INDF,RG,6300,12,F,BK,BQ,D
10:22:10,INDF,RG,6300,17,D,BB,BQ,D
10:22:10,INDF,RG,6300,135,D,BB,BQ,D
10:22:10,INDF,RG,6300,4,D,BB,BQ,D
10:22:10,INDF,RG,6300,2,D,PD,BQ,D
10:22:10,INDF,RG,6300,5,F,CS,BQ,D
10:22:10,INDF,RG,6300,1,F,CS,BQ,D
10:22:10,INDF,RG,6300,2,F,CS,BQ,D
10:22:10,INDF,RG,6300,13,F,BK,BQ,D
10:21:40,INDF,RG,6325,1,D,PD,BK,F
10:20:16,INDF,RG,6300,3,F,BK,ZP,D
10:20:15,INDF,RG,6325,6,F,AK,BK,F
10:19:45,INDF,RG,6300,5,F,BK,BK,F
10:19:45,INDF,RG,6300,2,F,CS,BK,F
10:19:45,INDF,RG,6300,18,F,YU,BK,F
10:19:43,INDF,RG,6300,21,F,YU,BK,F
10:19:43,INDF,RG,6300,13,F,YU,BK,F
10:19:41,INDF,RG,6300,293,F,YU,LG,D
10:19:41,INDF,RG,6300,7,D,AK,LG,D
10:19:27,INDF,RG,6300,14,D,AK,BK,F
10:19:27,INDF,RG,6300,23,D,AK,BK,F
10:19:26,INDF,RG,6325,34,D,CC,BK,F
10:19:15,INDF,RG,6300,1,D,AK,AK,F
10:19:06,INDF,RG,6325,1,D,AT,BK,F
10:18:46,INDF,RG,6325,12,F,BK,BK,F
10:17:05,INDF,RG,6300,3,D,AK,YP,D
10:16:11,INDF,RG,6325,11,F,BK,BK,F
10:16:07,INDF,RG,6325,1,D,DR,BK,F
10:16:00,INDF,RG,6325,3,F,AK,BK,F
10:15:49,INDF,RG,6300,6,D,AK,DR,D
10:13:36,INDF,RG,6325,1,D,EP,BK,F
10:12:58,INDF,RG,6325,13,F,BK,BK,F
10:12:32,INDF,RG,6300,173,D,AK,LG,D
10:12:32,INDF,RG,6300,3,F,CS,LG,D
10:12:32,INDF,RG,6300,2,F,CS,LG,D
10:12:32,INDF,RG,6300,322,D,BB,LG,D
10:11:00,INDF,RG,6325,28,D,CC,BK,F
10:10:13,INDF,RG,6325,79,D,YP,BK,F
10:10:03,INDF,RG,6325,12,F,BK,BK,F
10:08:51,INDF,RG,6325,10,D,PD,BK,F
10:08:34,INDF,RG,6325,1,D,GR,BK,F
10:07:54,INDF,RG,6300,9,D,BB,AT,D
10:07:48,INDF,RG,6325,2,D,XC,BK,F
10:07:45,INDF,RG,6300,1,D,BB,AK,F
10:07:07,INDF,RG,6325,5,D,NI,BK,F
10:07:07,INDF,RG,6325,25,D,NI,DX,F
10:07:07,INDF,RG,6325,20,D,NI,BK,F
10:07:02,INDF,RG,6325,12,F,BK,BK,F
10:07:00,INDF,RG,6325,6,F,AK,BK,F
10:06:50,INDF,RG,6325,4,D,KK,BK,F
10:06:44,INDF,RG,6325,1,D,CC,BK,F
10:06:34,INDF,RG,6325,1,D,AT,BK,F
10:06:24,INDF,RG,6325,1,D,KK,BK,F
10:06:20,INDF,RG,6325,3,D,XC,BK,F
10:06:15,INDF,RG,6325,1,F,AK,BK,F
10:06:14,INDF,RG,6325,11,F,CS,BK,F
10:05:52,INDF,RG,6325,1,D,XC,BK,F
10:05:31,INDF,RG,6325,5,D,KZ,BK,F
10:05:31,INDF,RG,6325,4,D,KZ,CP,D
10:04:30,INDF,RG,6325,2,F,AK,CP,D
10:04:19,INDF,RG,6325,11,F,BK,CP,D
10:03:53,INDF,RG,6325,6,D,NI,CP,D
10:03:45,INDF,RG,6325,1,F,AK,CP,D
10:02:43,INDF,RG,6325,3,D,XC,CP,D
10:02:35,INDF,RG,6325,2,D,YP,CP,D
10:01:36,INDF,RG,6325,5,D,KZ,CP,D
10:01:26,INDF,RG,6325,2,F,AK,CP,D
10:01:24,INDF,RG,6325,1,D,XC,CP,D
10:01:06,INDF,RG,6325,13,F,BK,CP,D
10:00:15,INDF,RG,6300,1,D,BB,AK,F
9:58:45,INDF,RG,6325,2,F,AK,GR,D
9:58:43,INDF,RG,6325,25,D,SQ,GR,D
9:58:20,INDF,RG,6325,12,F,BK,GR,D
9:58:05,INDF,RG,6325,2,D,GR,GR,D
9:57:38,INDF,RG,6325,1,D,PD,GR,D
9:57:25,INDF,RG,6300,3,D,BB,XC,D
9:56:49,INDF,RG,6300,19,D,BB,BK,F
9:56:48,INDF,RG,6325,14,F,CS,GR,D
9:55:31,INDF,RG,6325,13,F,BK,GR,D
9:55:30,INDF,RG,6325,3,F,AK,GR,D
9:54:38,INDF,RG,6325,4,D,PD,GR,D
9:54:28,INDF,RG,6325,1,D,NI,GR,D
9:54:00,INDF,RG,6325,2,F,AK,GR,D
9:53:32,INDF,RG,6325,1,D,CC,GR,D
9:53:04,INDF,RG,6325,12,F,BK,GR,D
9:52:45,INDF,RG,6325,2,F,AK,GR,D
9:52:01,INDF,RG,6325,3,D,PD,GR,D
9:51:56,INDF,RG,6325,16,D,KK,GR,D
9:51:47,INDF,RG,6325,1,D,PD,GR,D
9:51:31,INDF,RG,6325,8,D,KZ,GR,D
9:51:30,INDF,RG,6325,2,F,AK,GR,D
9:51:05,INDF,RG,6325,1,D,PD,GR,D
9:51:00,INDF,RG,6300,4,D,BB,PD,D
9:50:48,INDF,RG,6325,12,F,BK,GR,D
9:50:12,INDF,RG,6325,2,D,SQ,GR,D
9:49:41,INDF,RG,6325,1,D,PD,GR,D
9:49:30,INDF,RG,6325,1,D,PD,GR,D
9:49:28,INDF,RG,6300,1,D,BB,PD,D
9:48:53,INDF,RG,6325,1,D,YP,GR,D
9:48:40,INDF,RG,6325,12,F,BK,GR,D
9:48:36,INDF,RG,6300,8,D,BB,XL,D
9:48:00,INDF,RG,6300,12,D,BB,BK,F
9:47:58,INDF,RG,6325,1,D,KK,GR,D
9:47:38,INDF,RG,6325,5,D,YP,GR,D
9:46:48,INDF,RG,6325,1,D,CC,GR,D
9:46:29,INDF,RG,6325,13,F,BK,GR,D
9:46:27,INDF,RG,6325,1,D,CC,GR,D
9:45:33,INDF,RG,6325,21,F,CS,GR,D
9:44:45,INDF,RG,6325,11,F,BK,GR,D
9:44:14,INDF,RG,6325,1,D,XL,GR,D
9:44:03,INDF,RG,6325,1,D,PD,GR,D
9:43:46,INDF,RG,6325,1,D,PD,GR,D
9:43:25,INDF,RG,6325,1,D,YP,GR,D
9:43:15,INDF,RG,6325,2,D,PD,GR,D
9:43:12,INDF,RG,6300,2,D,BB,PD,D
9:43:02,INDF,RG,6325,6,D,AZ,GR,D
9:42:45,INDF,RG,6325,13,F,BK,GR,D
9:41:09,INDF,RG,6325,8,D,NI,GR,D
9:41:01,INDF,RG,6325,12,F,BK,GR,D
9:40:35,INDF,RG,6325,1,D,YP,GR,D
9:40:25,INDF,RG,6300,6,D,BB,DR,D
9:39:49,INDF,RG,6300,11,D,BB,BK,F
9:39:49,INDF,RG,6300,25,D,BB,CC,D
9:39:32,INDF,RG,6300,10,D,BB,CC,D
9:39:29,INDF,RG,6300,10,D,BB,NI,D
9:38:56,INDF,RG,6300,20,D,BB,YP,D
9:38:30,INDF,RG,6300,5,D,BB,PD,D
9:38:30,INDF,RG,6300,6,D,BB,PD,D
9:38:30,INDF,RG,6300,2,D,BB,PD,D
9:37:46,INDF,RG,6300,5,D,BB,SQ,D
9:34:49,INDF,RG,6300,14,D,BB,XL,D
9:34:49,INDF,RG,6300,5,D,BB,XL,D
9:34:49,INDF,RG,6300,12,D,PD,XL,D
9:34:15,INDF,RG,6300,16,D,PD,BK,F
9:34:10,INDF,RG,6300,2,D,PD,PD,D
9:34:10,INDF,RG,6300,1,D,PD,PD,D
9:34:10,INDF,RG,6300,1,D,YP,PD,D
9:34:10,INDF,RG,6300,16,D,KK,PD,D
9:34:10,INDF,RG,6300,1,D,XC,PD,D
9:34:10,INDF,RG,6300,1,F,CS,PD,D
9:34:10,INDF,RG,6300,3,F,CS,PD,D
9:34:10,INDF,RG,6300,15,F,BK,PD,D
9:32:59,INDF,RG,6300,7,F,BK,XC,D
9:32:37,INDF,RG,6325,8,D,YP,GR,D
9:30:34,INDF,RG,6325,16,D,NI,GR,D
9:30:15,INDF,RG,6325,13,F,AK,GR,D
9:30:03,INDF,RG,6325,1,D,YP,GR,D
9:29:51,INDF,RG,6300,1,F,BK,PD,D
9:29:32,INDF,RG,6300,5,F,BK,XC,D
9:28:38,INDF,RG,6300,20,F,BK,CC,D
9:28:36,INDF,RG,6325,4,D,KZ,GR,D
9:28:36,INDF,RG,6325,5,D,KZ,YP,D
9:28:23,INDF,RG,6300,1,F,BK,XC,D
9:28:21,INDF,RG,6300,5,F,BK,PD,D
9:27:24,INDF,RG,6300,16,F,BK,BK,F
9:27:23,INDF,RG,6300,3,F,BK,XC,D
9:27:17,INDF,RG,6300,18,F,BK,BK,F
9:27:17,INDF,RG,6300,5,D,KZ,BK,F
9:27:15,INDF,RG,6325,8,D,YP,YP,D
9:27:15,INDF,RG,6325,10,D,YP,YP,D
9:27:15,INDF,RG,6325,5,D,YP,CC,D
9:27:15,INDF,RG,6325,110,D,YP,CC,D
9:27:15,INDF,RG,6325,42,D,YP,GR,D
9:27:05,INDF,RG,6325,8,F,BK,GR,D
9:27:05,INDF,RG,6325,5,F,BK,PD,D
9:26:51,INDF,RG,6300,5,D,KZ,PD,D
9:26:26,INDF,RG,6300,1,D,KZ,AK,F
9:26:26,INDF,RG,6300,1,D,KZ,AK,F
9:26:22,INDF,RG,6300,2,F,CS,BK,F
9:26:22,INDF,RG,6300,1,F,AK,BK,F
9:26:21,INDF,RG,6300,182,D,AK,BK,F
9:26:21,INDF,RG,6300,50,D,AK,DR,D
9:26:21,INDF,RG,6300,1,D,AK,XC,D
9:26:21,INDF,RG,6300,61,D,AK,AZ,D
9:26:21,INDF,RG,6300,20,D,AK,BK,F
9:26:21,INDF,RG,6300,5,D,AK,PD,D
9:26:21,INDF,RG,6300,101,D,AK,XC,D
9:26:21,INDF,RG,6300,1,D,AK,PD,D
9:26:21,INDF,RG,6300,1,D,AK,SQ,D
9:26:21,INDF,RG,6300,10,D,AK,SQ,D
9:26:21,INDF,RG,6300,38,D,AK,BK,F
9:26:21,INDF,RG,6300,10,D,AK,PD,D
9:26:21,INDF,RG,6300,200,D,AK,CC,D
9:26:21,INDF,RG,6300,1,D,AK,XC,D
9:26:21,INDF,RG,6300,100,D,AK,NI,D
9:26:21,INDF,RG,6300,23,D,AK,BK,F
9:26:21,INDF,RG,6300,10,D,AK,XC,D
9:26:21,INDF,RG,6300,57,D,AK,BK,F
9:26:21,INDF,RG,6300,100,D,AK,CC,D
9:26:21,INDF,RG,6300,150,D,AK,YP,D
9:26:21,INDF,RG,6300,1,D,AK,YP,D
9:26:21,INDF,RG,6300,1,D,AK,PD,D
9:26:21,INDF,RG,6300,10,D,AK,EP,D
9:26:21,INDF,RG,6300,1,D,AK,NI,D
9:26:21,INDF,RG,6300,15,D,AK,CC,F
9:26:21,INDF,RG,6300,1,D,AK,PD,D
9:26:21,INDF,RG,6300,1,D,AK,IF,D
9:26:21,INDF,RG,6300,1,D,AK,XC,D
9:26:21,INDF,RG,6300,1,D,AK,SQ,D
9:26:21,INDF,RG,6300,1,D,AK,AK,F
9:26:21,INDF,RG,6300,1,D,AK,AK,F
9:26:21,INDF,RG,6300,95,D,AK,BK,F
9:26:00,INDF,RG,6300,11,D,XC,BK,F
9:25:34,INDF,RG,6300,12,F,BK,BK,F
9:25:00,INDF,RG,6300,15,F,CS,BK,F
9:25:00,INDF,RG,6275,1,D,BB,AK,F
9:24:12,INDF,RG,6300,1,D,XL,BK,F
9:23:56,INDF,RG,6300,1,D,YB,BK,F
9:23:56,INDF,RG,6300,13,F,BK,BK,F
9:23:35,INDF,RG,6300,1,D,YP,BK,F
9:23:17,INDF,RG,6300,1,D,KK,BK,F
9:23:17,INDF,RG,6275,1,D,BB,NI,D
9:22:37,INDF,RG,6275,1,D,BB,XC,D
9:22:30,INDF,RG,6300,11,F,BK,BK,F
9:21:55,INDF,RG,6275,6,D,BB,YP,D
9:20:58,INDF,RG,6300,1,D,YB,BK,F
9:20:54,INDF,RG,6300,13,F,BK,BK,F
9:19:59,INDF,RG,6300,5,D,YP,BK,F
9:19:48,INDF,RG,6275,4,D,BB,PD,D
9:19:08,INDF,RG,6300,14,F,BK,BK,F
9:18:45,INDF,RG,6300,1,D,DH,BK,F
9:18:36,INDF,RG,6300,50,D,YP,BK,F
9:18:17,INDF,RG,6275,20,D,BB,PD,D
9:18:04,INDF,RG,6300,1,D,AT,BK,F
9:18:04,INDF,RG,6300,10,D,YP,BK,F
9:17:53,INDF,RG,6300,15,D,PD,BK,F
9:17:22,INDF,RG,6300,2,D,YP,BK,F
9:16:52,INDF,RG,6300,1,D,CC,BK,F
9:16:37,INDF,RG,6300,1,D,CC,BK,F
9:16:33,INDF,RG,6300,5,D,YP,BK,F
9:16:10,INDF,RG,6300,19,D,PD,BK,F
9:16:05,INDF,RG,6300,8,D,PD,BK,F
9:16:05,INDF,RG,6300,3,D,PD,BK,F
9:15:21,INDF,RG,6275,12,D,BB,BK,F
9:15:21,INDF,RG,6275,23,D,BB,PD,D
9:14:42,INDF,RG,6275,14,D,BB,BK,F
9:14:36,INDF,RG,6275,42,D,BB,BK,F
9:14:34,INDF,RG,6275,186,D,BB,YP,D
9:14:33,INDF,RG,6275,20,D,BB,YP,D
9:14:30,INDF,RG,6275,5,D,BB,XC,D
9:14:11,INDF,RG,6275,3,D,BB,NI,D
9:14:04,INDF,RG,6275,14,D,BB,BK,F
9:14:02,INDF,RG,6300,70,D,CC,BK,F
9:14:01,INDF,RG,6275,6,D,BB,PD,D
9:13:59,INDF,RG,6275,1,D,BB,PD,D
9:13:12,INDF,RG,6275,3,D,BB,PD,D
9:13:02,INDF,RG,6300,1,D,PD,BK,F
9:12:08,INDF,RG,6275,19,D,BB,BK,F
9:12:05,INDF,RG,6300,50,D,DR,BK,F
9:12:05,INDF,RG,6300,15,D,PD,BK,F
9:10:38,INDF,RG,6300,1,D,PD,KK,D
9:09:13,INDF,RG,6275,16,D,BB,BK,F
9:09:11,INDF,RG,6300,20,D,SQ,KK,D
9:09:01,INDF,RG,6300,5,D,PD,KK,D
9:08:23,INDF,RG,6300,1,D,PD,KK,D
9:08:19,INDF,RG,6275,17,D,BB,BK,F
9:08:17,INDF,RG,6275,13,D,BB,BK,F
9:08:13,INDF,RG,6275,14,D,BB,BK,F
9:08:13,INDF,RG,6275,70,D,BB,DR,D
9:07:49,INDF,RG,6300,10,D,BB,KK,D
9:07:32,INDF,RG,6275,14,D,BB,BK,F
9:07:30,INDF,RG,6275,22,D,BB,BK,F
9:07:27,INDF,RG,6275,18,D,BB,BK,F
9:07:26,INDF,RG,6275,31,D,BB,BK,F
9:07:25,INDF,RG,6275,7,D,BB,BK,F
9:07:25,INDF,RG,6275,5,D,BB,BK,F
9:07:25,INDF,RG,6275,4,D,BB,PD,D
9:07:25,INDF,RG,6275,33,D,BB,PD,D
9:07:25,INDF,RG,6275,8,D,BB,PD,D
9:07:25,INDF,RG,6275,1,D,YP,PD,D
9:07:25,INDF,RG,6275,1,D,AZ,PD,D
9:07:25,INDF,RG,6275,3,F,YP,PD,D
9:07:24,INDF,RG,6275,7,F,YP,BK,F
9:07:24,INDF,RG,6275,3,D,LG,BK,F
9:07:24,INDF,RG,6275,2,D,LG,BK,F
9:07:24,INDF,RG,6275,3,D,KK,BK,F
9:07:24,INDF,RG,6275,2,D,LG,BK,F
9:07:24,INDF,RG,6275,1,D,PD,BK,F
9:07:24,INDF,RG,6275,1,D,PD,BK,F
9:07:24,INDF,RG,6275,50,D,CC,BK,F
9:07:24,INDF,RG,6275,1,D,PD,BK,F
9:07:24,INDF,RG,6275,1,D,XC,BK,F
9:07:24,INDF,RG,6275,5,D,KK,BK,F
9:07:24,INDF,RG,6275,2,D,YJ,BK,F
9:07:20,INDF,RG,6300,4,D,BB,BK,F
9:07:20,INDF,RG,6300,11,F,BK,BK,F
9:07:19,INDF,RG,6300,10,D,YU,AK,F
9:07:19,INDF,RG,6300,10,D,PD,AK,F
9:07:19,INDF,RG,6300,1,D,DR,AK,F
9:07:19,INDF,RG,6300,1,D,PD,AK,F
9:07:19,INDF,RG,6300,100,D,NI,AK,F
9:07:19,INDF,RG,6300,172,F,YU,AK,F
9:07:19,INDF,RG,6300,14,F,BK,AK,F
9:07:19,INDF,RG,6300,1,D,NI,AK,F
9:07:19,INDF,RG,6300,1,D,PD,AK,F
9:07:19,INDF,RG,6300,1,D,BB,AK,F
9:07:19,INDF,RG,6300,3,D,BB,AK,F
9:07:19,INDF,RG,6300,194,D,BB,AK,F
9:07:19,INDF,RG,6300,13,F,BK,AK,F
9:07:19,INDF,RG,6300,1,D,BB,AK,F
9:07:19,INDF,RG,6300,326,D,BB,AK,F
9:06:21,INDF,RG,6325,1,D,CC,PD,D
9:06:12,INDF,RG,6325,1,D,YP,KK,D
9:06:12,INDF,RG,6325,4,D,YP,PD,D
9:05:31,INDF,RG,6325,1,D,YP,PD,D
9:05:30,INDF,RG,6300,25,D,BB,EP,D
9:05:07,INDF,RG,6325,1,D,CC,PD,D
9:04:55,INDF,RG,6300,10,D,BB,SQ,D
9:04:23,INDF,RG,6300,5,D,BB,YP,D
9:04:13,INDF,RG,6300,30,D,BB,PD,D
9:04:10,INDF,RG,6300,10,D,BB,YP,D
9:04:09,INDF,RG,6300,7,D,BB,PD,D
9:03:24,INDF,RG,6300,15,D,BB,YP,D
9:03:21,INDF,RG,6300,2,D,BB,YP,D
9:03:06,INDF,RG,6300,1,D,BB,EP,D
9:02:35,INDF,RG,6300,18,D,BB,NI,D
9:01:29,INDF,RG,6300,4,D,BB,XC,D
9:01:08,INDF,RG,6300,16,D,BB,YP,D
9:01:08,INDF,RG,6300,6,D,BB,YP,D
9:01:08,INDF,RG,6300,3,D,BB,YP,D
9:00:30,INDF,RG,6300,18,D,BB,BK,F
9:00:30,INDF,RG,6300,4,D,BB,BK,F
9:00:30,INDF,RG,6300,1,D,BB,XC,D
9:00:17,INDF,RG,6300,2,D,NI,XC,D
9:00:17,INDF,RG,6300,1,D,NI,DX,F
9:00:15,INDF,RG,6300,1,D,BB,DX,F
9:00:11,INDF,RG,6300,1,D,XC,DX,F
9:00:10,INDF,RG,6300,1,D,XC,DX,F
9:00:09,INDF,RG,6300,3,D,PD,DX,F
9:00:06,INDF,RG,6300,18,D,AT,DX,F
9:00:06,INDF,RG,6300,8,D,AT,NI,D
9:00:05,INDF,RG,6300,1,D,YP,NI,D
9:00:05,INDF,RG,6300,11,D,KZ,NI,D
9:00:05,INDF,RG,6300,1,D,YP,NI,D
9:00:05,INDF,RG,6300,9,D,YU,NI,D
9:00:05,INDF,RG,6300,4,D,YU,NI,D
9:00:05,INDF,RG,6300,16,D,GR,NI,D
9:00:04,INDF,RG,6300,1,D,GR,YP,D
9:00:03,INDF,RG,6300,1,D,GR,YU,D
9:00:03,INDF,RG,6300,1,D,DX,YU,D
9:00:03,INDF,RG,6300,11,F,BK,YU,D
9:00:03,INDF,RG,6300,1,D,BB,YU,D
9:00:03,INDF,RG,6300,1,D,BB,YU,D
9:00:03,INDF,RG,6300,1,D,BB,YU,D
8:55:00,INDF,RG,6300,1,D,BB,CC,D
8:55:00,INDF,RG,6300,18,D,BB,GR,D
8:55:00,INDF,RG,6300,2,D,BB,GR,D
8:55:00,INDF,RG,6300,30,D,PD,GR,D
8:55:00,INDF,RG,6300,2,D,PD,PD,D
8:55:00,INDF,RG,6300,7,D,PD,EP,D
8:55:00,INDF,RG,6300,2,D,PD,XC,D
8:55:00,INDF,RG,6300,1,D,PD,XC,D
8:55:00,INDF,RG,6300,50,D,PD,PD,D
8:55:00,INDF,RG,6300,68,D,PD,GR,D
8:55:00,INDF,RG,6300,4,D,YP,GR,D
8:55:00,INDF,RG,6300,1,D,YP,GR,D
8:55:00,INDF,RG,6300,1,D,YP,GR,D
8:55:00,INDF,RG,6300,10,F,KK,GR,D
8:55:00,INDF,RG,6300,4,D,CC,GR,D
8:55:00,INDF,RG,6300,2,D,YP,GR,D
8:55:00,INDF,RG,6300,1,D,YP,XL,D
8:55:00,INDF,RG,6300,1,D,YP,PD,D
8:55:00,INDF,RG,6300,1,D,YP,PD,D
8:55:00,INDF,RG,6300,1,D,PD,PD,D
8:55:00,INDF,RG,6300,3,D,KK,PD,D
8:55:00,INDF,RG,6300,1,D,KK,DX,F
8:55:00,INDF,RG,6300,1,D,KK,AK,F
8:55:00,INDF,RG,6300,1,D,PD,BK,F
8:55:00,INDF,RG,6300,1,D,XC,BK,F
8:55:00,INDF,RG,6300,2,D,PC,BK,F
8:55:00,INDF,RG,6300,2,D,YJ,BK,F
8:55:00,INDF,RG,6300,1,D,XL,BK,F
8:55:00,INDF,RG,6300,1,D,KZ,BK,F
8:55:00,INDF,RG,6300,10,D,OD,BK,F
8:55:00,INDF,RG,6300,5,F,BK,BK,F