Time,Stock,Brd,Price,Qty,BT,BC,SC,ST
15:12:54,INDF,RG,6475,2,D,YB,XC,D
15:10:29,INDF,RG,6475,15,D,YB,YP,D
15:10:25,INDF,RG,6475,15,D,YB,YP,D
15:09:30,INDF,RG,6475,20,F,CS,AG,D
15:08:25,INDF,RG,6475,15,F,CS,YP,D
15:08:17,INDF,RG,6475,15,F,CS,YP,D
15:07:49,INDF,RG,6475,4,F,CS,PC,D
15:06:08,INDF,RG,6475,20,F,CS,KK,D
15:05:59,INDF,RG,6475,67,F,CS,EP,D
15:05:06,INDF,RG,6475,5,F,CS,YP,D
15:05:04,INDF,RG,6475,2,F,CS,YP,D
15:05:02,INDF,RG,6475,105,F,CS,CC,D
15:05:01,INDF,RG,6475,30,F,CS,CC,D
15:05:01,INDF,RG,6475,1,F,CS,PD,D
15:05:01,INDF,RG,6475,2,F,CS,XC,D
15:05:00,INDF,RG,6475,5,F,CS,DR,D
15:05:00,INDF,RG,6475,23,F,CS,YU,D
15:05:00,INDF,RG,6475,47,F,CS,YU,D
15:00:00,INDF,RG,6475,50,F,CS,CC,D
15:00:00,INDF,RG,6475,240,F,CS,GR,D
15:00:00,INDF,RG,6475,2,F,CS,YP,D
15:00:00,INDF,RG,6475,386,F,CS,YU,F
15:00:00,INDF,RG,6475,2,D,PD,YU,F
15:00:00,INDF,RG,6475,167,F,AK,YU,F
15:00:00,INDF,RG,6475,8,D,YP,YU,F
15:00:00,INDF,RG,6475,8,D,AT,YU,F
15:00:00,INDF,RG,6475,10,D,DR,YU,F
15:00:00,INDF,RG,6475,4,D,PD,YU,F
15:00:00,INDF,RG,6475,2,D,DH,YU,F
15:00:00,INDF,RG,6475,1,D,DR,YU,F
15:00:00,INDF,RG,6475,10,D,YP,YU,F
15:00:00,INDF,RG,6475,1,D,KK,YU,F
15:00:00,INDF,RG,6475,5,D,YP,YU,F
15:00:00,INDF,RG,6475,10,D,YP,YU,F
15:00:00,INDF,RG,6475,2,D,PD,YU,F
15:00:00,INDF,RG,6475,1,D,CC,YU,F
15:00:00,INDF,RG,6475,1,D,KK,YU,F
15:00:00,INDF,RG,6475,1,D,KK,YU,F
15:00:00,INDF,RG,6475,1,D,PD,YU,F
15:00:00,INDF,RG,6475,5,D,YP,YU,F
15:00:00,INDF,RG,6475,5,D,YP,YU,F
15:00:00,INDF,RG,6475,5,D,YP,YU,F
15:00:00,INDF,RG,6475,2,D,PD,YU,F
15:00:00,INDF,RG,6475,1,D,YP,YU,F
15:00:00,INDF,RG,6475,50,D,YP,YU,F
15:00:00,INDF,RG,6475,146,D,YB,YU,F
15:00:00,INDF,RG,6475,154,D,YB,BK,F
15:00:00,INDF,RG,6475,100,D,CP,BK,F
15:00:00,INDF,RG,6475,100,D,DR,BK,F
15:00:00,INDF,RG,6475,40,D,IH,BK,F
15:00:00,INDF,RG,6475,1,D,YP,BK,F
15:00:00,INDF,RG,6475,5,D,YP,BK,F
15:00:00,INDF,RG,6475,5,D,PD,BK,F
15:00:00,INDF,RG,6475,1,F,AK,BK,F
15:00:00,INDF,RG,6475,1,D,XC,BK,F
15:00:00,INDF,RG,6475,1,D,YP,BK,F
15:00:00,INDF,RG,6475,50,D,CP,BK,F
15:00:00,INDF,RG,6475,1,D,CC,BK,F
15:00:00,INDF,RG,6475,5,D,KK,BK,F
15:00:00,INDF,RG,6475,1,D,EP,BK,F
15:00:00,INDF,RG,6475,1,D,CC,BK,F
15:00:00,INDF,RG,6475,1,D,SQ,BK,F
15:00:00,INDF,RG,6475,200,D,YB,BK,F
15:00:00,INDF,RG,6475,40,D,CC,BK,F
15:00:00,INDF,RG,6475,20,D,CC,BK,F
15:00:00,INDF,RG,6475,5,D,YP,BK,F
15:00:00,INDF,RG,6475,25,D,PD,BK,F
15:00:00,INDF,RG,6475,1,D,YB,BK,F
15:00:00,INDF,RG,6475,2,D,PD,BK,F
15:00:00,INDF,RG,6475,10,D,CC,BK,F
15:00:00,INDF,RG,6475,20,D,LH,BK,F
15:00:00,INDF,RG,6475,12,D,DD,BK,F
15:00:00,INDF,RG,6475,8,D,YP,BK,F
15:00:00,INDF,RG,6475,1,D,KK,BK,F
15:00:00,INDF,RG,6475,10,D,PD,BK,F
15:00:00,INDF,RG,6475,9,D,PD,BK,F
15:00:00,INDF,RG,6475,2,D,NI,BK,F
15:00:00,INDF,RG,6475,1,D,KK,BK,F
15:00:00,INDF,RG,6475,4,D,YP,BK,F
15:00:00,INDF,RG,6475,6,D,YP,RX,F
15:00:00,INDF,RG,6475,2,D,DH,RX,F
15:00:00,INDF,RG,6475,11,D,SQ,RX,F
15:00:00,INDF,RG,6475,272,D,MG,RX,F
15:00:00,INDF,RG,6475,739,D,MG,AK,F
15:00:00,INDF,RG,6475,1,D,DH,AK,F
15:00:00,INDF,RG,6475,10,D,DR,AK,F
15:00:00,INDF,RG,6475,1,D,PD,AK,F
15:00:00,INDF,RG,6475,2,D,YP,AK,F
15:00:00,INDF,RG,6475,5,D,YP,AK,F
15:00:00,INDF,RG,6475,1502,F,GW,AK,F
15:00:00,INDF,RG,6475,200,D,NI,AK,F
15:00:00,INDF,RG,6475,1,D,PD,AK,F
15:00:00,INDF,RG,6475,2,D,YP,AK,F
15:00:00,INDF,RG,6475,117,F,AK,AK,F
15:00:00,INDF,RG,6475,761,F,DX,AK,F
15:00:00,INDF,RG,6475,918,D,BB,AK,F
15:00:00,INDF,RG,6475,54,F,DX,AK,F
15:00:00,INDF,RG,6475,19,F,AK,AK,F
15:00:00,INDF,RG,6475,145,F,AK,AK,F
15:00:00,INDF,RG,6475,79,F,AK,AK,F
15:00:00,INDF,RG,6475,60,F,AK,ZP,F
15:00:00,INDF,RG,6475,7,F,AK,ZP,F
15:00:00,INDF,RG,6475,101,D,NI,ZP,F
15:00:00,INDF,RG,6475,32,D,NI,ZP,F
14:49:59,INDF,RG,6500,100,D,MG,EP,D
14:49:59,INDF,RG,6550,1,D,BB,YP,D
14:49:58,INDF,RG,6550,1,F,AK,YP,D
14:49:57,INDF,RG,6550,1,D,BB,YP,D
14:49:56,INDF,RG,6550,1,D,BB,YP,D
14:49:56,INDF,RG,6550,3,F,AK,YP,D
14:49:55,INDF,RG,6550,1,F,AK,YP,D
14:49:55,INDF,RG,6525,1,F,AK,GR,D
14:49:55,INDF,RG,6550,1,F,AK,YP,D
14:49:55,INDF,RG,6550,1,F,AK,YP,D
14:49:51,INDF,RG,6550,9,D,BB,YP,D
14:49:50,INDF,RG,6550,1,F,DX,YP,D
14:49:47,INDF,RG,6550,31,D,BB,YP,D
14:49:47,INDF,RG,6550,7,D,BB,YP,D
14:49:47,INDF,RG,6550,20,D,BB,AR,D
14:49:45,INDF,RG,6500,199,D,MG,YP,D
14:49:45,INDF,RG,6525,1,D,IF,YP,D
14:49:37,INDF,RG,6550,10,D,BB,AR,D
14:49:33,INDF,RG,6550,104,D,BB,AR,D
14:49:32,INDF,RG,6550,30,D,BB,AR,D
14:49:31,INDF,RG,6550,16,D,BB,AR,D
14:49:30,INDF,RG,6550,20,F,ZP,AR,D
14:49:30,INDF,RG,6550,5,F,ZP,XC,D
14:49:30,INDF,RG,6550,1,F,ZP,BQ,D
14:49:30,INDF,RG,6550,407,F,ZP,AZ,D
14:49:30,INDF,RG,6525,7,F,ZP,YP,D
14:49:30,INDF,RG,6525,11,F,ZP,RX,F
14:49:30,INDF,RG,6525,11,F,AK,RX,F
14:49:30,INDF,RG,6525,1,F,AK,RX,D
14:49:30,INDF,RG,6525,1,F,AK,RX,D
14:49:30,INDF,RG,6500,16,D,MG,ZP,F
14:49:16,INDF,RG,6525,4,D,BB,ZP,F
14:49:15,INDF,RG,6525,2,F,AK,ZP,F
14:49:15,INDF,RG,6525,11,F,AK,ZP,F
14:49:14,INDF,RG,6525,1,D,BB,ZP,F
14:49:12,INDF,RG,6525,2,D,BB,ZP,F
14:49:12,INDF,RG,6525,3,D,BB,DH,D
14:49:11,INDF,RG,6525,1,D,BB,DH,D
14:49:11,INDF,RG,6500,11,D,MG,AK,D
14:49:11,INDF,RG,6500,7,D,MG,AK,D
14:49:10,INDF,RG,6525,2,F,DX,DH,D
14:49:10,INDF,RG,6525,1,F,AK,DH,D
14:49:09,INDF,RG,6550,93,D,BB,AZ,D
14:49:09,INDF,RG,6550,7,D,BB,AT,D
14:49:00,INDF,RG,6550,4,F,AK,AT,D
14:48:59,INDF,RG,6525,1,F,AK,AK,D
14:48:57,INDF,RG,6550,14,D,BB,AT,D
14:48:57,INDF,RG,6550,5,D,BB,CC,D
14:48:56,INDF,RG,6525,1,F,AK,AK,D
14:48:56,INDF,RG,6525,3,D,PD,AK,D
14:48:56,INDF,RG,6525,2,D,PD,AK,D
14:48:49,INDF,RG,6525,1,F,AK,AK,D
14:48:49,INDF,RG,6525,1,F,AK,AK,D
14:48:48,INDF,RG,6525,1,F,AK,BQ,D
14:48:47,INDF,RG,6550,2,D,BB,XC,D
14:48:47,INDF,RG,6550,1,D,BB,PD,D
14:48:47,INDF,RG,6550,10,D,BB,XC,D
14:48:47,INDF,RG,6550,1,D,BB,NI,D
14:48:47,INDF,RG,6550,4,D,BB,DH,D
14:48:47,INDF,RG,6550,1,D,BB,XC,D
14:48:47,INDF,RG,6550,42,D,BB,CP,D
14:48:47,INDF,RG,6550,1,D,BB,PD,D
14:48:47,INDF,RG,6550,13,D,BB,SQ,D
14:48:46,INDF,RG,6525,1,F,AK,AK,D
14:48:45,INDF,RG,6525,100,D,SQ,AK,F
14:48:45,INDF,RG,6525,9,F,DX,AK,F
14:48:45,INDF,RG,6525,25,D,PD,AK,F
14:48:45,INDF,RG,6525,4,D,PD,AK,F
14:48:45,INDF,RG,6525,2,D,EP,AK,F
14:48:45,INDF,RG,6525,7,D,BB,AK,F
14:48:45,INDF,RG,6525,32,D,IF,AK,F
14:48:45,INDF,RG,6550,7,F,AK,SQ,D
14:48:45,INDF,RG,6550,1,F,AK,PD,D
14:48:45,INDF,RG,6550,8,F,AK,NI,D
14:48:36,INDF,RG,6525,7,D,IF,XC,D
14:48:32,INDF,RG,6550,2,D,BB,NI,D
14:48:32,INDF,RG,6550,14,D,BB,YB,D
14:48:30,INDF,RG,6550,7,F,AK,YB,D
14:48:26,INDF,RG,6550,1,D,KK,YB,D
14:48:23,INDF,RG,6550,40,D,BB,YB,D
14:48:22,INDF,RG,6525,1,D,IF,DR,D
14:48:05,INDF,RG,6525,1,D,IF,YP,D
14:48:00,INDF,RG,6550,38,D,BB,YB,D
14:48:00,INDF,RG,6550,2,D,BB,XC,D
14:48:00,INDF,RG,6550,1,D,BB,PD,D
14:48:00,INDF,RG,6550,1,D,BB,NI,D
14:48:00,INDF,RG,6550,10,D,BB,AK,F
14:48:00,INDF,RG,6550,14,F,AK,AK,F
14:47:55,INDF,RG,6525,50,D,IF,YP,D
14:47:52,INDF,RG,6550,13,F,AK,AK,F
14:47:52,INDF,RG,6550,26,F,AK,YP,D
14:47:45,INDF,RG,6550,10,D,BB,YP,D
14:47:45,INDF,RG,6550,13,F,AK,YP,D
14:47:39,INDF,RG,6550,1,D,BB,YP,D
14:47:39,INDF,RG,6550,21,D,BB,AK,F
14:47:38,INDF,RG,6550,5,D,PD,AK,F
14:47:24,INDF,RG,6550,20,D,BB,AK,F
14:47:24,INDF,RG,6550,1,D,NI,AK,F
14:47:13,INDF,RG,6550,13,D,BB,AK,F
14:47:02,INDF,RG,6550,14,D,BB,AK,F
14:47:02,INDF,RG,6550,3,D,BB,AK,D
14:47:00,INDF,RG,6550,16,F,AK,AK,D
14:46:57,INDF,RG,6525,9,D,IF,YP,D
14:46:57,INDF,RG,6525,1,F,AK,YP,D
14:46:56,INDF,RG,6550,7,D,BB,AK,D
14:46:56,INDF,RG,6550,1,D,BB,CC,D
14:46:52,INDF,RG,6525,1,F,AK,SQ,D
14:46:52,INDF,RG,6550,4,D,BB,CC,D
14:46:52,INDF,RG,6550,16,D,BB,PD,D
14:46:52,INDF,RG,6550,1,D,BB,CC,D
14:46:46,INDF,RG,6550,4,D,BB,CC,D
14:46:46,INDF,RG,6550,2,D,BB,PD,D
14:46:46,INDF,RG,6550,10,D,BB,YP,D
14:46:36,INDF,RG,6525,4,F,AK,PD,D
14:46:31,INDF,RG,6550,40,D,BB,YP,D
14:46:31,INDF,RG,6550,1,D,BB,GR,D
14:46:31,INDF,RG,6550,1,D,BB,PD,D
14:46:31,INDF,RG,6550,4,D,BB,NI,D
14:46:31,INDF,RG,6550,6,D,BB,PD,D
14:46:31,INDF,RG,6550,3,D,BB,YP,D
14:46:31,INDF,RG,6550,1,D,BB,NI,D
14:46:31,INDF,RG,6550,5,D,BB,KK,D
14:46:24,INDF,RG,6525,16,F,AK,NI,D
14:46:14,INDF,RG,6525,2,F,AK,RX,D
14:46:14,INDF,RG,6525,78,F,AK,RX,F
14:46:14,INDF,RG,6525,1,F,AK,RX,D
14:46:14,INDF,RG,6525,20,F,AK,ZP,F
14:46:14,INDF,RG,6525,21,F,AK,YP,D
14:46:14,INDF,RG,6525,15,D,BB,YP,D
14:46:12,INDF,RG,6525,6,D,BB,YP,D
14:46:11,INDF,RG,6525,20,D,KK,YP,D
14:46:04,INDF,RG,6525,22,D,BB,YP,D
14:46:04,INDF,RG,6525,2,D,CC,YP,D
14:46:04,INDF,RG,6525,14,F,AK,YP,D
14:46:03,INDF,RG,6525,5,F,AK,NI,D
14:46:03,INDF,RG,6525,6,D,CC,NI,D
14:46:03,INDF,RG,6525,3,D,NI,NI,D
14:46:03,INDF,RG,6525,10,F,DX,NI,D
14:46:03,INDF,RG,6525,10,D,DR,NI,D
14:46:03,INDF,RG,6525,10,F,DX,NI,D
14:46:03,INDF,RG,6525,6,F,AK,NI,D
14:46:03,INDF,RG,6550,8,D,BB,RX,F
14:45:56,INDF,RG,6525,24,F,AK,AK,D
14:45:56,INDF,RG,6525,2,D,YP,AK,D
14:45:56,INDF,RG,6525,8,F,AK,AK,D
14:45:56,INDF,RG,6525,18,F,AK,AK,D
14:45:56,INDF,RG,6525,21,D,BB,AK,D
14:45:54,INDF,RG,6550,8,D,BB,RX,F
14:45:51,INDF,RG,6550,10,D,BB,RX,F
14:45:45,INDF,RG,6550,18,D,BB,RX,F
14:45:45,INDF,RG,6550,3,D,CC,RX,F
14:45:40,INDF,RG,6550,5,D,BB,RX,F
14:45:39,INDF,RG,6525,25,D,BB,CC,D
14:45:14,INDF,RG,6550,1,D,BB,RX,F
14:45:14,INDF,RG,6550,2,D,BB,YP,D
14:45:14,INDF,RG,6550,4,D,BB,CC,D
14:45:13,INDF,RG,6525,12,D,BB,RX,F
14:45:11,INDF,RG,6525,1,D,BB,AK,D
14:45:11,INDF,RG,6525,12,F,DX,AK,D
14:45:11,INDF,RG,6525,6,F,ZP,AK,D
14:45:06,INDF,RG,6525,4,F,ZP,DX,D
14:45:06,INDF,RG,6550,21,D,BB,CC,D
14:45:06,INDF,RG,6550,1,D,BB,YP,D
14:45:06,INDF,RG,6550,2,D,BB,CC,D
14:44:55,INDF,RG,6550,17,D,BB,CC,D
14:44:55,INDF,RG,6550,1,D,BB,PD,D
14:44:55,INDF,RG,6550,1,D,BB,SQ,D
14:44:55,INDF,RG,6550,1,D,BB,CC,D
14:44:55,INDF,RG,6550,1,D,BB,XC,D
14:44:55,INDF,RG,6550,7,D,BB,NI,D
14:44:54,INDF,RG,6525,5,F,ZP,DX,D
14:44:50,INDF,RG,6525,14,F,ZP,RX,F
14:44:43,INDF,RG,6525,10,F,ZP,YP,D
14:44:41,INDF,RG,6550,3,D,BB,NI,D
14:44:41,INDF,RG,6550,8,D,BB,PD,D
14:44:33,INDF,RG,6550,37,D,BB,PD,D
14:44:29,INDF,RG,6525,1,F,ZP,RX,D
14:44:28,INDF,RG,6525,25,F,ZP,LG,D
14:44:28,INDF,RG,6525,84,F,ZP,LG,D
14:44:28,INDF,RG,6550,5,D,BB,PD,D
14:44:28,INDF,RG,6550,1,D,BB,PD,D
14:44:28,INDF,RG,6550,10,D,BB,CC,D
14:44:24,INDF,RG,6525,5,F,ZP,DX,D
14:44:22,INDF,RG,6550,4,D,CC,PD,D
14:44:20,INDF,RG,6550,21,D,BB,PD,D
14:44:20,INDF,RG,6550,5,D,BB,CP,D
14:44:15,INDF,RG,6550,37,D,YU,CP,D
14:44:12,INDF,RG,6525,7,F,ZP,ZP,D
14:44:12,INDF,RG,6550,20,D,BB,CP,D
14:44:02,INDF,RG,6550,6,D,BB,CP,D
14:44:01,INDF,RG,6550,12,D,BB,CP,D
14:43:50,INDF,RG,6550,27,D,BB,CP,D
14:43:37,INDF,RG,6550,5,D,BB,CP,D
14:43:21,INDF,RG,6550,5,D,BB,CP,D
14:43:21,INDF,RG,6525,1,F,ZP,SQ,D
14:43:11,INDF,RG,6550,7,D,BB,CP,D
14:43:00,INDF,RG,6525,5,F,ZP,YP,D
14:42:59,INDF,RG,6550,1,D,NI,CP,D
14:42:55,INDF,RG,6550,5,D,BB,CP,D
14:42:40,INDF,RG,6550,67,D,BB,CP,D
14:42:33,INDF,RG,6550,40,F,BK,CP,D
14:42:33,INDF,RG,6525,200,F,ZP,CC,D
14:42:29,INDF,RG,6550,63,D,BB,CP,D
14:42:29,INDF,RG,6550,1,D,BB,DH,D
14:42:29,INDF,RG,6550,5,D,BB,DR,D
14:42:29,INDF,RG,6550,25,D,BB,GR,D
14:42:29,INDF,RG,6550,20,D,BB,CC,D
14:42:29,INDF,RG,6550,55,D,BB,DR,D
14:42:29,INDF,RG,6550,1,D,BB,YP,D
14:42:29,INDF,RG,6550,4,D,BB,CC,D
14:42:29,INDF,RG,6550,2,D,BB,PD,D
14:42:29,INDF,RG,6550,2,D,BB,XC,D
14:42:29,INDF,RG,6550,3,D,BB,XC,D
14:42:29,INDF,RG,6550,1,D,BB,YP,D
14:42:29,INDF,RG,6550,1,D,BB,PD,D
14:42:29,INDF,RG,6550,2,D,BB,NI,D
14:42:29,INDF,RG,6550,2,D,BB,KK,D
14:42:29,INDF,RG,6550,40,D,BB,CC,D
14:42:29,INDF,RG,6550,1,D,BB,PD,D
14:42:29,INDF,RG,6550,9,D,BB,DR,D
14:42:29,INDF,RG,6550,30,D,BB,DH,D
14:42:29,INDF,RG,6550,20,D,BB,NI,D
14:42:29,INDF,RG,6550,1,D,BB,AT,D
14:42:29,INDF,RG,6550,147,D,BB,AZ,D
14:42:28,INDF,RG,6550,15,D,BB,AZ,D
14:42:28,INDF,RG,6525,1,D,BB,PD,D
14:42:28,INDF,RG,6525,111,D,BB,AK,F
14:42:27,INDF,RG,6525,11,F,BK,AK,F
14:42:27,INDF,RG,6525,4,F,BK,AK,F
14:42:26,INDF,RG,6500,18,D,MG,RX,F
14:42:25,INDF,RG,6525,32,F,BK,AK,F
14:42:25,INDF,RG,6525,1,F,BK,KK,D
14:42:25,INDF,RG,6525,6,F,BK,AK,D
14:42:25,INDF,RG,6525,40,F,BK,AK,D
14:42:25,INDF,RG,6525,21,F,BK,ZP,F
14:42:25,INDF,RG,6525,20,F,BK,ZP,F
14:42:24,INDF,RG,6500,47,D,MG,RX,F
14:42:18,INDF,RG,6500,2260,D,MG,SQ,D
14:42:18,INDF,RG,6500,1,D,MG,RX,D
14:42:08,INDF,RG,6525,50,D,YP,SQ,D
14:42:08,INDF,RG,6525,44,F,BK,SQ,D
14:42:08,INDF,RG,6525,165,D,DR,SQ,D
14:42:08,INDF,RG,6525,23,D,CC,SQ,D
14:42:08,INDF,RG,6525,13,F,DX,SQ,D
14:42:08,INDF,RG,6525,1,D,XC,SQ,D
14:42:08,INDF,RG,6525,6,F,AK,SQ,D
14:42:08,INDF,RG,6525,1,D,GR,SQ,D
14:42:08,INDF,RG,6525,8,D,PD,SQ,D
14:42:08,INDF,RG,6525,11,F,AK,SQ,D
14:42:08,INDF,RG,6525,53,F,AK,SQ,D
14:42:08,INDF,RG,6525,25,D,CC,SQ,D
14:42:08,INDF,RG,6525,84,F,BK,SQ,D
14:42:08,INDF,RG,6525,12,D,CC,SQ,D
14:42:08,INDF,RG,6525,1,D,CC,SQ,D
14:42:08,INDF,RG,6525,5,D,YP,SQ,D
14:42:08,INDF,RG,6525,11,F,DX,SQ,D
14:42:08,INDF,RG,6525,25,D,BB,SQ,D
14:42:01,INDF,RG,6525,11,D,BB,RX,F
14:41:49,INDF,RG,6525,1,D,BB,YP,D
14:41:44,INDF,RG,6525,5,D,BB,DX,D
14:41:37,INDF,RG,6525,13,D,BB,RX,F
14:41:15,INDF,RG,6525,22,D,BB,ZP,F
14:41:15,INDF,RG,6525,7,D,BB,AK,F
14:41:15,INDF,RG,6525,91,F,ZP,AK,F
14:40:52,INDF,RG,6525,5,F,ZP,OD,D
14:40:47,INDF,RG,6525,2,F,ZP,YP,D
14:40:45,INDF,RG,6550,90,F,AK,AZ,D
14:40:02,INDF,RG,6525,1,F,ZP,RX,D
14:39:15,INDF,RG,6525,1,F,ZP,DR,D
14:39:12,INDF,RG,6525,5,F,ZP,DX,D
14:38:54,INDF,RG,6550,2,D,EP,AZ,D
14:38:26,INDF,RG,6525,16,F,ZP,AK,D
14:38:25,INDF,RG,6525,30,F,ZP,LG,D
14:38:25,INDF,RG,6525,7,F,AK,LG,D
14:38:25,INDF,RG,6525,1,D,NI,LG,D
14:38:25,INDF,RG,6525,2,D,CC,LG,D
14:38:25,INDF,RG,6525,7,F,AK,LG,D
14:38:25,INDF,RG,6525,19,F,AK,LG,D
14:38:23,INDF,RG,6525,24,F,AK,CC,D
14:38:23,INDF,RG,6525,1,F,ZP,CC,D
14:38:07,INDF,RG,6525,50,F,ZP,YP,D
14:38:06,INDF,RG,6525,10,F,ZP,NI,D
14:37:46,INDF,RG,6525,1,F,ZP,LG,D
14:37:10,INDF,RG,6550,33,F,AK,AZ,D
14:36:42,INDF,RG,6525,5,F,ZP,DX,D
14:36:15,INDF,RG,6550,13,F,AK,AZ,D
14:36:15,INDF,RG,6550,2,F,AK,NI,D
14:35:56,INDF,RG,6550,1,D,CC,NI,D
14:35:56,INDF,RG,6550,15,D,CC,PD,D
14:35:41,INDF,RG,6550,3,D,BB,PD,D
14:35:41,INDF,RG,6550,1,D,BB,AK,F
14:35:35,INDF,RG,6525,3,F,ZP,YP,D
14:35:31,INDF,RG,6550,15,D,BB,AK,F
14:35:31,INDF,RG,6550,4,D,BB,AK,D
14:35:16,INDF,RG,6525,9,F,DX,LG,D
14:35:16,INDF,RG,6525,6,F,DX,LG,D
14:35:16,INDF,RG,6525,8,F,DX,LG,D
14:35:16,INDF,RG,6525,5,F,DX,LG,D
14:35:16,INDF,RG,6525,8,F,DX,LG,D
14:35:16,INDF,RG,6525,9,D,BB,LG,D
14:35:16,INDF,RG,6525,66,F,ZP,LG,D
14:35:16,INDF,RG,6525,4,F,AK,LG,D
14:34:53,INDF,RG,6525,2,F,AK,PD,D
14:34:52,INDF,RG,6550,3,D,BB,AK,D
14:34:44,INDF,RG,6550,2,D,AZ,EP,D
14:34:43,INDF,RG,6525,5,F,AK,NI,D
14:34:39,INDF,RG,6550,3,D,BB,EP,D
14:34:38,INDF,RG,6550,1,D,BB,EP,D
14:34:37,INDF,RG,6550,7,D,PD,EP,D
14:34:23,INDF,RG,6550,1,D,BB,EP,D
14:34:22,INDF,RG,6550,2,D,BB,EP,D
14:34:21,INDF,RG,6525,1,F,AK,EP,D
14:33:55,INDF,RG,6525,1,F,AK,ZP,D
14:33:48,INDF,RG,6550,7,D,BB,EP,D
14:33:41,INDF,RG,6525,5,F,AK,YP,D
14:33:39,INDF,RG,6525,5,F,AK,CC,D
14:32:58,INDF,RG,6550,54,D,BB,EP,D
14:32:55,INDF,RG,6550,23,F,ZP,EP,D
14:32:55,INDF,RG,6550,1,F,ZP,OD,D
14:32:55,INDF,RG,6550,1,F,ZP,NI,D
14:32:55,INDF,RG,6550,5,F,ZP,NI,D
14:32:55,INDF,RG,6550,5,F,ZP,NI,D
14:32:55,INDF,RG,6550,1,F,ZP,PD,D
14:32:55,INDF,RG,6550,1,F,ZP,NI,D
14:32:55,INDF,RG,6550,5,F,ZP,DH,D
14:32:55,INDF,RG,6550,10,F,ZP,AK,D
14:32:55,INDF,RG,6550,17,F,ZP,AK,F
14:32:55,INDF,RG,6550,3,F,ZP,CC,D
14:32:55,INDF,RG,6550,1,F,ZP,YP,D
14:32:55,INDF,RG,6550,2,F,ZP,YP,D
14:32:55,INDF,RG,6550,46,F,ZP,PD,D
14:32:55,INDF,RG,6550,30,F,AK,PD,D
14:32:53,INDF,RG,6550,9,D,BB,PD,D
14:32:39,INDF,RG,6525,5,F,AK,NI,D
14:32:34,INDF,RG,6550,15,D,BB,PD,D
14:32:34,INDF,RG,6550,25,D,BB,KK,D
14:32:34,INDF,RG,6550,2,D,BB,YP,D
14:32:34,INDF,RG,6550,10,D,BB,PD,D
14:32:34,INDF,RG,6550,5,D,BB,SQ,D
14:32:34,INDF,RG,6550,20,D,BB,NI,D
14:32:34,INDF,RG,6550,5,D,BB,DH,D
14:32:34,INDF,RG,6550,12,D,BB,KK,D
14:32:29,INDF,RG,6525,6,F,AK,AZ,D
14:32:27,INDF,RG,6525,165,D,BB,AK,F
14:32:27,INDF,RG,6525,234,D,BB,OD,D
14:32:10,INDF,RG,6525,104,F,ZP,OD,D
14:32:10,INDF,RG,6525,5,F,ZP,DX,D
14:32:10,INDF,RG,6525,1,F,ZP,PD,D
14:32:10,INDF,RG,6525,1,F,ZP,YB,D
14:32:10,INDF,RG,6525,9,F,ZP,CC,D
14:32:10,INDF,RG,6525,16,D,BB,CC,D
14:32:10,INDF,RG,6525,18,D,BB,ZP,F
14:32:10,INDF,RG,6500,330,D,MG,CP,D
14:32:10,INDF,RG,6500,1,D,KK,CP,D
14:32:10,INDF,RG,6500,6,F,NI,CP,D
14:32:10,INDF,RG,6500,943,D,KK,CP,D
14:32:00,INDF,RG,6525,4,F,ZP,ZP,F
14:32:00,INDF,RG,6525,1,F,ZP,PD,D
14:32:00,INDF,RG,6525,40,F,ZP,YP,D
14:32:00,INDF,RG,6525,2,F,ZP,SQ,D
14:32:00,INDF,RG,6525,2,F,ZP,YP,D
14:32:00,INDF,RG,6525,10,F,ZP,EP,D
14:32:00,INDF,RG,6525,1,F,ZP,RX,D
14:32:00,INDF,RG,6525,44,F,ZP,RX,F
14:32:00,INDF,RG,6525,16,F,ZP,AK,F
14:32:00,INDF,RG,6525,10,F,ZP,AK,D
14:31:57,INDF,RG,6525,3,D,BB,AO,D
14:31:57,INDF,RG,6525,10,D,NI,AO,D
14:31:50,INDF,RG,6525,13,D,BB,AO,D
14:31:38,INDF,RG,6525,39,D,GR,AO,D
14:31:35,INDF,RG,6525,3,D,BB,AO,D
14:31:34,INDF,RG,6500,4,D,KK,DX,D
14:31:14,INDF,RG,6525,1,D,BB,AO,D
14:30:59,INDF,RG,6525,15,D,BB,AO,D
14:30:46,INDF,RG,6525,76,D,BB,AO,D
14:30:45,INDF,RG,6525,14,F,BK,AO,D
14:30:42,INDF,RG,6525,240,F,AK,AO,D
14:30:36,INDF,RG,6525,17,F,BK,AO,D
14:30:35,INDF,RG,6525,4,D,BB,AO,D
14:30:34,INDF,RG,6500,32,D,KK,GR,D
14:30:09,INDF,RG,6525,2,D,BB,AO,D
14:30:09,INDF,RG,6525,1,D,YP,AO,D
14:29:56,INDF,RG,6525,9,D,BB,AO,D
14:29:55,INDF,RG,6525,1,D,YP,AO,D
14:29:48,INDF,RG,6525,23,F,BK,AO,D
14:29:47,INDF,RG,6525,29,D,BB,AO,D
14:29:47,INDF,RG,6525,1,D,BB,PD,D
14:29:47,INDF,RG,6525,1,D,BB,CC,D
14:29:45,INDF,RG,6500,130,D,KK,AK,F
14:29:33,INDF,RG,6525,1,D,BB,CC,D
14:29:23,INDF,RG,6525,19,D,BB,CC,D
14:29:12,INDF,RG,6525,4,D,BB,CC,D
14:29:12,INDF,RG,6525,3,D,BB,SQ,D
14:29:12,INDF,RG,6525,2,D,SQ,SQ,D
14:29:12,INDF,RG,6525,30,D,SQ,HP,D
14:29:12,INDF,RG,6525,5,D,SQ,NI,D
14:29:12,INDF,RG,6525,1,D,SQ,RX,D
14:29:12,INDF,RG,6525,1,D,SQ,SQ,D
14:29:12,INDF,RG,6525,1,D,SQ,XC,D
14:29:12,INDF,RG,6525,8,D,SQ,CC,D
14:29:12,INDF,RG,6525,2,D,SQ,YP,D
14:29:12,INDF,RG,6525,10,D,SQ,YP,D
14:29:12,INDF,RG,6525,10,D,SQ,RX,F
14:29:01,INDF,RG,6525,13,F,BK,RX,F
14:28:59,INDF,RG,6500,5,D,KK,DX,D
14:28:56,INDF,RG,6525,2,D,BB,RX,F
14:28:34,INDF,RG,6525,2,D,BB,RX,F
14:28:34,INDF,RG,6525,4,D,BB,LG,D
14:28:23,INDF,RG,6525,2,D,BB,LG,D
14:28:23,INDF,RG,6525,2,D,BB,LG,D
14:28:22,INDF,RG,6525,13,D,CC,LG,D
14:28:00,INDF,RG,6525,5,D,BB,LG,D
14:28:00,INDF,RG,6525,18,D,BB,YP,D
14:27:53,INDF,RG,6525,2,D,BB,YP,D
14:27:52,INDF,RG,6500,15,D,KK,NI,D
14:27:40,INDF,RG,6525,20,F,AK,YP,D
14:27:40,INDF,RG,6525,22,F,AK,ZP,F
14:27:40,INDF,RG,6525,1,F,AK,SQ,D
14:27:40,INDF,RG,6525,4,F,AK,SQ,D
14:27:40,INDF,RG,6525,4,F,AK,SQ,D
14:27:40,INDF,RG,6525,5,F,AK,NI,D
14:27:40,INDF,RG,6525,1,F,AK,ZP,D
14:27:40,INDF,RG,6525,11,F,AK,LG,D
14:27:40,INDF,RG,6525,10,F,AK,LG,D
14:27:39,INDF,RG,6525,22,D,BB,LG,D
14:27:31,INDF,RG,6525,3,D,PD,LG,D
14:27:29,INDF,RG,6500,87,D,KK,CC,D
14:27:28,INDF,RG,6525,1,D,BB,LG,D
14:27:09,INDF,RG,6525,2,D,BB,LG,D
14:27:09,INDF,RG,6525,1,D,BB,CC,D
14:26:47,INDF,RG,6525,2,D,BB,CC,D
14:26:47,INDF,RG,6525,1,D,KK,CC,D
14:26:39,INDF,RG,6525,1,D,BB,CC,D
14:26:30,INDF,RG,6525,3,D,BB,CC,D
14:26:24,INDF,RG,6525,1,D,BB,CC,D
14:26:23,INDF,RG,6500,5,D,KK,DX,D
14:26:19,INDF,RG,6525,8,D,BB,CC,D
14:25:25,INDF,RG,6525,2,D,BB,CC,D
14:25:17,INDF,RG,6525,1,D,BB,CC,D
14:25:17,INDF,RG,6525,3,D,BB,HP,D
14:25:00,INDF,RG,6525,2,D,BB,HP,D
14:24:52,INDF,RG,6525,6,D,BB,HP,D
14:24:51,INDF,RG,6500,1,D,KK,XC,D
14:24:24,INDF,RG,6525,2,D,BB,HP,D
14:24:16,INDF,RG,6525,1,D,AG,HP,D
14:24:13,INDF,RG,6525,4,D,BB,HP,D
14:24:07,INDF,RG,6525,9,D,BB,HP,D
14:23:31,INDF,RG,6525,2,D,BB,HP,D
14:23:20,INDF,RG,6525,1,D,BB,HP,D
14:23:20,INDF,RG,6525,1,D,BB,PD,D
14:23:20,INDF,RG,6525,2,D,BB,RX,F
14:23:20,INDF,RG,6525,1,D,KK,RX,F
14:23:10,INDF,RG,6525,3,D,BB,RX,F
14:22:53,INDF,RG,6525,16,D,BB,RX,F
14:22:53,INDF,RG,6525,2,D,BB,YP,D
14:22:53,INDF,RG,6525,3,D,BB,DX,D
14:22:41,INDF,RG,6525,2,F,ZP,DX,D
14:22:41,INDF,RG,6525,4,F,ZP,YP,D
14:22:41,INDF,RG,6525,1,F,ZP,NI,D
14:22:41,INDF,RG,6525,1,F,ZP,RX,D
14:22:41,INDF,RG,6525,2,F,ZP,XC,D
14:22:41,INDF,RG,6525,19,F,ZP,AK,F
14:22:41,INDF,RG,6525,8,F,ZP,AK,D
14:22:41,INDF,RG,6525,24,F,ZP,PD,D
14:22:40,INDF,RG,6525,4,D,BB,PD,D
14:22:40,INDF,RG,6525,37,F,AK,PD,D
14:22:26,INDF,RG,6525,6,D,CC,PD,D
14:22:25,INDF,RG,6525,3,D,BB,PD,D
14:22:20,INDF,RG,6525,3,D,BB,PD,D
14:22:11,INDF,RG,6525,23,D,BB,PD,D
14:22:11,INDF,RG,6525,1,D,BB,PD,D
14:22:11,INDF,RG,6525,1,D,BB,RX,D
14:22:11,INDF,RG,6525,11,D,BB,RX,F
14:22:10,INDF,RG,6500,77,D,KK,AK,F
14:22:10,INDF,RG,6525,12,F,AK,RX,F
14:22:10,INDF,RG,6525,11,F,AK,SQ,D
14:22:08,INDF,RG,6525,41,F,AK,SQ,D
14:22:05,INDF,RG,6500,75,D,KK,IF,D
14:22:03,INDF,RG,6525,2,D,BB,SQ,D
14:22:02,INDF,RG,6525,46,F,ZP,SQ,D
14:22:02,INDF,RG,6525,6,F,ZP,LG,D
14:22:02,INDF,RG,6525,8,F,ZP,LG,D
14:21:50,INDF,RG,6525,5,D,BB,LG,D
14:21:37,INDF,RG,6525,8,D,BB,LG,D
14:21:37,INDF,RG,6525,4,D,BB,CC,D
14:21:37,INDF,RG,6525,1,D,CC,CC,D
14:21:37,INDF,RG,6525,4,D,CC,ZP,F
14:21:28,INDF,RG,6525,10,D,KK,ZP,F
14:21:26,INDF,RG,6500,48,D,KK,AK,D
14:21:24,INDF,RG,6525,7,D,BB,ZP,F
14:21:24,INDF,RG,6525,13,D,BB,LG,D
14:21:24,INDF,RG,6525,6,D,BB,LG,D
14:21:18,INDF,RG,6525,36,F,AK,LG,D
14:21:18,INDF,RG,6525,100,F,AK,PD,D
14:21:18,INDF,RG,6525,51,F,AK,RX,F
14:21:18,INDF,RG,6525,1,F,AK,RX,D
14:21:18,INDF,RG,6525,1,F,AK,RX,D
14:21:18,INDF,RG,6525,20,F,AK,ZP,F
14:21:18,INDF,RG,6525,20,F,AK,YU,D
14:21:18,INDF,RG,6525,11,F,AK,YP,D
14:21:11,INDF,RG,6525,2,D,BB,YP,D
14:21:10,INDF,RG,6500,5,D,KK,DX,D
14:20:50,INDF,RG,6525,3,D,BB,YP,D
14:20:36,INDF,RG,6525,3,D,BB,YP,D
14:20:15,INDF,RG,6525,3,D,BB,YP,D
14:20:00,INDF,RG,6525,1,D,BB,YP,D
14:19:48,INDF,RG,6500,1,D,KK,RX,D
14:18:47,INDF,RG,6525,1,D,AT,YP,D
14:18:35,INDF,RG,6500,5,D,KK,DX,D
14:18:30,INDF,RG,6500,9,D,KK,AK,D
14:17:57,INDF,RG,6525,2,D,PD,YP,D
14:17:50,INDF,RG,6500,10,D,KK,NI,D
14:17:41,INDF,RG,6500,48,D,KK,CC,D
14:17:41,INDF,RG,6500,4,D,IF,CC,D
14:17:41,INDF,RG,6500,6,D,IH,CC,D
14:17:17,INDF,RG,6500,19,D,IH,AZ,D
14:17:17,INDF,RG,6500,1,D,KK,AZ,D
14:16:52,INDF,RG,6500,2,D,PD,XC,D
14:16:33,INDF,RG,6500,1,D,PD,RX,D
14:16:27,INDF,RG,6500,1,D,PD,EP,D
14:16:27,INDF,RG,6500,4,D,LG,EP,D
14:16:27,INDF,RG,6500,24,D,YP,EP,D
14:16:06,INDF,RG,6500,5,D,YP,DX,D
14:15:57,INDF,RG,6500,1,D,YP,AK,F
14:15:57,INDF,RG,6500,100,D,SQ,AK,F
14:15:57,INDF,RG,6500,1,D,PD,AK,F
14:15:57,INDF,RG,6500,2,D,KK,AK,F
14:15:57,INDF,RG,6500,1,D,KK,AK,F
14:15:57,INDF,RG,6500,2,D,SQ,AK,F
14:15:56,INDF,RG,6500,1,D,SQ,RX,F
14:15:56,INDF,RG,6500,2,D,XC,RX,F
14:15:56,INDF,RG,6500,3,F,DX,RX,F
14:15:56,INDF,RG,6500,10,D,KK,RX,F
14:15:56,INDF,RG,6500,15,D,PD,RX,F
14:15:42,INDF,RG,6525,16,F,AK,YP,D
14:15:42,INDF,RG,6525,43,F,AK,YP,D
14:15:42,INDF,RG,6525,8,D,IH,YP,D
14:15:42,INDF,RG,6525,8,D,IH,YP,D
14:15:42,INDF,RG,6525,9,D,IH,YP,D
14:15:42,INDF,RG,6525,12,D,CC,YP,D
14:15:42,INDF,RG,6525,62,D,YP,YP,D
14:15:42,INDF,RG,6525,12,F,DX,YP,D
14:15:42,INDF,RG,6525,5,D,YP,YP,D
14:15:42,INDF,RG,6525,38,F,ZP,YP,D
14:15:42,INDF,RG,6525,1,D,AT,YP,D
14:15:42,INDF,RG,6525,1,D,AZ,YP,D
14:15:42,INDF,RG,6525,4,D,XC,YP,D
14:15:42,INDF,RG,6525,50,D,CP,YP,D
14:15:42,INDF,RG,6525,5,F,AK,YP,D
14:15:36,INDF,RG,6525,1,F,AK,CC,D
14:15:36,INDF,RG,6525,9,F,AK,CC,D
14:15:35,INDF,RG,6525,31,F,ZP,LG,D
14:15:35,INDF,RG,6525,28,F,AK,LG,D
14:15:35,INDF,RG,6525,5,D,PD,LG,D
14:15:35,INDF,RG,6525,3,D,NI,LG,D
14:15:35,INDF,RG,6525,10,D,YP,LG,D
14:15:35,INDF,RG,6525,2,D,NI,LG,D
14:15:35,INDF,RG,6525,10,F,DX,LG,D
14:15:35,INDF,RG,6525,61,D,AR,LG,D
14:15:30,INDF,RG,6525,2,D,AR,PD,D
14:15:28,INDF,RG,6550,5,D,DH,KK,D
14:15:24,INDF,RG,6525,1,D,AR,XC,D
14:15:14,INDF,RG,6525,10,D,AR,RX,F
14:14:56,INDF,RG,6525,2,D,AR,PD,D
14:14:53,INDF,RG,6525,6,D,AR,YP,D
14:14:21,INDF,RG,6525,48,D,AR,RX,F
14:14:10,INDF,RG,6525,5,D,AR,YP,D
14:13:41,INDF,RG,6525,32,D,AR,PD,D
14:13:38,INDF,RG,6525,5,D,AR,DX,D
14:13:20,INDF,RG,6550,33,F,AK,KK,D
14:13:20,INDF,RG,6550,2,F,AK,CC,D
14:13:19,INDF,RG,6550,3,F,ZP,CC,D
14:13:19,INDF,RG,6550,1,F,ZP,CC,D
14:13:19,INDF,RG,6550,10,F,ZP,OD,D
14:13:19,INDF,RG,6550,20,F,ZP,ZP,F
14:13:19,INDF,RG,6550,2,F,ZP,XC,D
14:13:19,INDF,RG,6550,2,F,ZP,YP,D
14:13:18,INDF,RG,6550,14,D,CC,YP,D
14:13:16,INDF,RG,6525,15,D,AR,YP,D
14:13:04,INDF,RG,6525,25,D,AR,AK,D
14:13:03,INDF,RG,6525,7,D,AR,NI,D
14:12:38,INDF,RG,6525,1,D,AR,RX,D
14:12:30,INDF,RG,6525,15,D,AR,YP,D
14:12:30,INDF,RG,6525,10,F,CS,YP,D
14:12:17,INDF,RG,6525,15,F,CS,YP,D
14:11:59,INDF,RG,6525,87,F,CS,PD,D
14:11:59,INDF,RG,6525,13,F,AK,PD,D
14:11:30,INDF,RG,6525,3,F,AK,AK,D
14:11:30,INDF,RG,6525,2,F,DX,AK,D
14:11:30,INDF,RG,6525,3,D,OD,AK,D
14:11:01,INDF,RG,6525,5,D,OD,DX,D
14:10:46,INDF,RG,6525,1,D,OD,YU,D
14:10:45,INDF,RG,6525,1,D,OD,YP,D
14:10:25,INDF,RG,6525,13,D,OD,LG,D
14:10:25,INDF,RG,6525,42,D,OD,LG,D
14:09:53,INDF,RG,6525,1,D,OD,NI,D
14:09:13,INDF,RG,6525,64,D,OD,AK,F
14:09:11,INDF,RG,6525,1,D,OD,DR,D
14:08:48,INDF,RG,6525,1,D,OD,CC,D
14:08:28,INDF,RG,6525,3,D,OD,PD,D
14:08:20,INDF,RG,6525,5,D,OD,DX,D
14:08:00,INDF,RG,6525,9,D,OD,AK,D
14:07:59,INDF,RG,6525,1,D,OD,RX,D
14:07:38,INDF,RG,6525,7,D,OD,YP,D
14:06:58,INDF,RG,6525,2,D,OD,YP,D
14:06:40,INDF,RG,6550,5,D,PD,YP,D
14:06:34,INDF,RG,6550,4,F,AK,YP,D
14:06:34,INDF,RG,6550,11,F,AK,CC,D
14:06:34,INDF,RG,6550,13,F,DX,CC,D
14:06:34,INDF,RG,6550,1,D,NI,CC,D
14:06:28,INDF,RG,6550,1,D,NI,KK,D
14:06:19,INDF,RG,6550,7,F,AK,YP,D
14:06:19,INDF,RG,6550,16,D,YP,YP,D
14:06:19,INDF,RG,6550,58,F,ZP,YP,D
14:06:19,INDF,RG,6550,8,F,AK,YP,D
14:06:19,INDF,RG,6550,11,F,ZP,YP,D
14:06:17,INDF,RG,6550,2,F,ZP,IU,D
14:06:02,INDF,RG,6550,16,F,ZP,PD,D
14:06:02,INDF,RG,6550,1,D,DH,PD,D
14:06:02,INDF,RG,6550,8,D,XC,PD,D
14:06:02,INDF,RG,6550,13,F,DX,PD,D
14:06:02,INDF,RG,6550,5,D,AO,PD,D
14:06:02,INDF,RG,6550,11,D,XC,PD,D
14:06:02,INDF,RG,6550,7,D,AT,PD,D
14:06:02,INDF,RG,6550,1,F,DX,PD,D
14:06:02,INDF,RG,6550,1,F,DX,PD,D
14:06:02,INDF,RG,6550,23,F,AK,PD,D
14:06:02,INDF,RG,6550,1,D,AT,PD,D
14:06:02,INDF,RG,6550,5,D,PD,PD,D
14:06:02,INDF,RG,6550,8,F,CS,PD,D
14:05:58,INDF,RG,6575,13,D,CC,OD,D
14:05:48,INDF,RG,6550,4,F,CS,CC,D
14:05:43,INDF,RG,6550,4,F,CS,XC,D
14:05:43,INDF,RG,6550,1,F,CS,NI,D
14:05:42,INDF,RG,6550,5,F,CS,DX,D
14:05:40,INDF,RG,6550,10,F,CS,KK,D
14:05:34,INDF,RG,6550,23,F,CS,DH,D
14:05:34,INDF,RG,6550,1,F,CS,XC,D
14:04:57,INDF,RG,6550,1,F,CS,PD,D
14:04:45,INDF,RG,6575,22,F,AK,OD,D
14:04:31,INDF,RG,6550,2,F,CS,OD,D
14:04:29,INDF,RG,6575,15,F,ZP,OD,D
14:04:29,INDF,RG,6575,1,F,ZP,XC,D
14:04:29,INDF,RG,6575,2,F,ZP,CC,D
14:04:29,INDF,RG,6575,23,F,ZP,NI,D
14:04:28,INDF,RG,6550,6,F,CS,LG,D
14:04:28,INDF,RG,6550,20,F,CS,LG,D
14:04:13,INDF,RG,6550,25,F,CS,LG,D
14:04:03,INDF,RG,6550,1,F,CS,XC,D
14:03:54,INDF,RG,6550,1,F,CS,CC,D
14:03:45,INDF,RG,6550,9,F,CS,CC,D
14:03:41,INDF,RG,6550,3,F,AK,RG,D
14:03:26,INDF,RG,6550,3,F,AK,YU,D
14:03:26,INDF,RG,6550,2,D,KK,YU,D
14:03:26,INDF,RG,6550,25,F,ZP,YU,D
14:03:12,INDF,RG,6550,5,F,ZP,DX,D
14:03:10,INDF,RG,6550,7,F,ZP,EP,D
14:03:10,INDF,RG,6550,33,F,AK,EP,D
14:02:58,INDF,RG,6575,5,D,YP,NI,D
14:02:56,INDF,RG,6550,2,F,AK,YB,D
14:02:56,INDF,RG,6550,3,F,ZP,YB,D
14:02:37,INDF,RG,6550,8,F,ZP,YP,D
14:02:17,INDF,RG,6550,16,F,ZP,YP,D
14:02:10,INDF,RG,6575,9,F,AK,NI,D
14:01:55,INDF,RG,6550,14,F,ZP,LG,D
14:01:55,INDF,RG,6550,1,D,NI,LG,D
14:01:55,INDF,RG,6550,2,D,NI,LG,D
14:01:55,INDF,RG,6550,5,D,DR,LG,D
14:01:54,INDF,RG,6575,30,F,ZP,NI,D
14:01:00,INDF,RG,6575,30,F,ZP,NI,D
14:00:59,INDF,RG,6550,1,D,DR,NI,D
14:00:45,INDF,RG,6575,3,F,AK,NI,D
14:00:45,INDF,RG,6575,1,F,AK,YB,D
14:00:45,INDF,RG,6575,2,F,AK,NI,D
14:00:45,INDF,RG,6575,1,F,AK,YP,D
14:00:45,INDF,RG,6575,1,F,AK,KK,D
14:00:45,INDF,RG,6575,2,F,AK,YP,D
14:00:44,INDF,RG,6550,5,D,DR,DX,D
14:00:43,INDF,RG,6575,28,F,ZP,YP,D
14:00:43,INDF,RG,6575,11,F,ZP,PD,D
14:00:19,INDF,RG,6550,11,D,DR,XC,D
14:00:14,INDF,RG,6575,8,F,ZP,PD,D
14:00:14,INDF,RG,6575,32,F,ZP,DR,D
14:00:00,INDF,RG,6575,39,F,ZP,DR,D
13:59:44,INDF,RG,6575,29,F,ZP,DR,D
13:59:44,INDF,RG,6575,10,F,ZP,KK,D
13:59:44,INDF,RG,6575,10,F,ZP,CC,D
13:59:44,INDF,RG,6550,1,D,DR,PD,D
13:59:31,INDF,RG,6550,1,D,DR,GR,D
13:59:25,INDF,RG,6575,4,F,AK,CC,D
13:59:25,INDF,RG,6575,1,F,AK,YP,D
13:59:25,INDF,RG,6575,1,F,AK,YP,D
13:59:25,INDF,RG,6575,4,F,AK,YP,D
13:59:00,INDF,RG,6575,41,F,ZP,YP,D
13:58:53,INDF,RG,6550,14,D,DR,AI,D
13:58:53,INDF,RG,6550,86,D,AR,AI,D
13:58:46,INDF,RG,6575,1,D,KK,YP,D
13:58:36,INDF,RG,6550,1,D,AR,NI,D
13:58:29,INDF,RG,6575,4,F,ZP,YP,D
13:58:29,INDF,RG,6575,1,F,ZP,GR,D
13:58:29,INDF,RG,6575,1,F,ZP,DR,D
13:58:29,INDF,RG,6575,1,F,ZP,KK,D
13:58:29,INDF,RG,6575,31,F,ZP,YP,D
13:58:20,INDF,RG,6550,2,D,AR,KK,D
13:58:12,INDF,RG,6575,1,D,KK,YP,D
13:58:10,INDF,RG,6550,5,D,AR,DX,D
13:57:59,INDF,RG,6575,18,F,ZP,YP,D
13:57:59,INDF,RG,6575,21,F,ZP,KK,D
13:57:18,INDF,RG,6550,5,D,AR,SS,D
13:57:15,INDF,RG,6550,1,D,AR,YP,D
13:57:15,INDF,RG,6550,1,F,ZP,YP,D
13:57:15,INDF,RG,6550,5,F,ZP,KK,D
13:57:15,INDF,RG,6550,3,F,ZP,XC,D
13:57:11,INDF,RG,6550,10,F,ZP,SQ,D
13:57:07,INDF,RG,6550,5,F,ZP,NI,D
13:57:00,INDF,RG,6550,33,F,ZP,PD,D
13:57:00,INDF,RG,6550,10,F,DX,PD,D
13:57:00,INDF,RG,6550,10,D,CC,PD,D
13:57:00,INDF,RG,6550,20,F,AK,PD,D
13:57:00,INDF,RG,6550,124,F,CS,PD,D
13:57:00,INDF,RG,6550,9,F,AK,PD,D
13:57:00,INDF,RG,6550,8,F,AK,PD,D
13:57:00,INDF,RG,6550,27,F,ZP,PD,D
13:57:00,INDF,RG,6550,9,F,DX,PD,D
13:57:00,INDF,RG,6575,4,F,ZP,KK,D
13:57:00,INDF,RG,6575,1,F,ZP,PD,D
13:57:00,INDF,RG,6575,36,F,ZP,YP,D
13:56:53,INDF,RG,6575,1,D,XC,YP,D
13:56:48,INDF,RG,6575,2,D,NI,YP,D
13:56:47,INDF,RG,6550,6,F,DX,XC,D
13:56:47,INDF,RG,6550,9,F,AK,XC,D
13:56:45,INDF,RG,6575,11,F,AK,YP,D
13:56:45,INDF,RG,6575,1,F,AK,CC,D
13:56:45,INDF,RG,6575,3,F,AK,KK,D
13:56:42,INDF,RG,6575,8,F,ZP,KK,D
13:56:42,INDF,RG,6575,1,F,ZP,NI,D
13:56:42,INDF,RG,6575,7,F,ZP,YB,D
13:56:42,INDF,RG,6575,2,F,ZP,LG,D
13:56:42,INDF,RG,6575,1,F,ZP,PD,D
13:56:42,INDF,RG,6575,39,F,ZP,NI,D
13:56:40,INDF,RG,6550,25,F,AK,LG,D
13:56:15,INDF,RG,6575,41,F,ZP,NI,D
13:56:15,INDF,RG,6575,16,F,ZP,YP,D
13:56:15,INDF,RG,6575,2,F,ZP,YP,D
13:56:15,INDF,RG,6575,2,F,ZP,KK,D
13:56:15,INDF,RG,6575,1,F,ZP,YP,D
13:55:53,INDF,RG,6550,1,F,AK,YB,D
13:55:41,INDF,RG,6575,1,D,PD,YP,D
13:55:32,INDF,RG,6550,1,F,AK,CC,D
13:55:22,INDF,RG,6575,14,F,BK,YP,D
13:55:20,INDF,RG,6575,12,F,BK,YP,D
13:55:18,INDF,RG,6550,11,F,AK,AI,D
13:55:18,INDF,RG,6550,26,F,ZP,AI,D
13:55:18,INDF,RG,6550,10,D,CC,AI,D
13:55:17,INDF,RG,6575,47,D,YP,YP,D
13:55:17,INDF,RG,6575,6,D,YP,CP,D
13:55:17,INDF,RG,6575,25,D,YP,CC,D
13:55:17,INDF,RG,6575,1,D,YP,PD,D
13:55:17,INDF,RG,6575,50,D,YP,XC,D
13:55:17,INDF,RG,6575,20,D,YP,PD,D
13:55:17,INDF,RG,6575,51,D,YP,FZ,D
13:55:03,INDF,RG,6575,20,F,BK,FZ,D
13:54:58,INDF,RG,6575,21,F,BK,FZ,D
13:54:54,INDF,RG,6575,8,F,AK,FZ,D
13:54:54,INDF,RG,6575,1,F,AK,KK,D
13:54:54,INDF,RG,6575,1,F,AK,CC,D
13:54:54,INDF,RG,6575,9,F,BK,CC,D
13:54:54,INDF,RG,6575,10,F,BK,YP,D
13:54:54,INDF,RG,6575,1,F,BK,YP,D
13:54:54,INDF,RG,6575,10,F,BK,DR,D
13:54:54,INDF,RG,6575,1,F,BK,EP,D
13:54:54,INDF,RG,6575,1,F,BK,LG,D
13:54:54,INDF,RG,6575,2,F,BK,PD,D
13:54:54,INDF,RG,6575,5,F,BK,KK,D
13:54:54,INDF,RG,6575,3,F,BK,PD,D
13:54:54,INDF,RG,6575,1,F,BK,PD,D
13:54:54,INDF,RG,6575,1,F,BK,PD,D
13:54:54,INDF,RG,6575,20,F,BK,AZ,D
13:54:54,INDF,RG,6575,3,F,BK,GR,D
13:54:54,INDF,RG,6575,117,F,BK,CC,D
13:54:53,INDF,RG,6550,2,D,CC,NI,D
13:54:51,INDF,RG,6550,39,F,AK,YP,D
13:54:51,INDF,RG,6550,1,F,AK,CC,D
13:54:51,INDF,RG,6550,10,F,AK,YB,D
13:54:51,INDF,RG,6550,2,F,AK,DH,D
13:54:51,INDF,RG,6550,1,F,AK,PD,D
13:54:51,INDF,RG,6550,3,F,AK,DX,D
13:54:51,INDF,RG,6550,1,F,AK,PD,D
13:54:51,INDF,RG,6550,20,F,AK,CP,D
13:54:51,INDF,RG,6550,2,F,AK,XC,D
13:54:51,INDF,RG,6550,4,F,AK,YP,D
13:54:51,INDF,RG,6550,2,F,AK,NI,D
13:54:51,INDF,RG,6550,10,F,AK,DH,D
13:54:51,INDF,RG,6550,3,F,AK,NI,D
13:54:51,INDF,RG,6550,36,F,AK,DH,D
13:54:51,INDF,RG,6550,1,F,AK,GR,D
13:54:51,INDF,RG,6550,1,F,AK,PD,D
13:54:51,INDF,RG,6550,99,F,AK,CC,D
13:54:51,INDF,RG,6550,87,F,AK,KK,D
13:54:51,INDF,RG,6550,5,F,AK,PD,D
13:54:51,INDF,RG,6550,100,F,AK,NI,D
13:54:51,INDF,RG,6550,1,F,AK,CC,D
13:54:51,INDF,RG,6550,2,F,AK,PD,D
13:54:51,INDF,RG,6550,130,F,AK,NI,D
13:54:51,INDF,RG,6550,10,F,AK,NI,D
13:54:51,INDF,RG,6550,10,F,AK,PD,D
13:54:51,INDF,RG,6550,1,F,AK,PD,D
13:54:51,INDF,RG,6550,1,F,AK,CC,D
13:54:51,INDF,RG,6550,1,F,AK,XC,D
13:54:51,INDF,RG,6550,1,F,AK,XC,D
13:54:51,INDF,RG,6550,35,F,AK,XC,D
13:54:51,INDF,RG,6550,1,F,AK,KK,D
13:54:51,INDF,RG,6550,30,F,AK,CC,D
13:54:51,INDF,RG,6550,3,F,AK,KK,D
13:54:51,INDF,RG,6550,6,F,AK,CC,D
13:54:51,INDF,RG,6550,3,F,AK,PD,D
13:54:51,INDF,RG,6550,5,F,AK,PD,D
13:54:51,INDF,RG,6550,5,F,AK,XC,D
13:54:51,INDF,RG,6550,20,F,AK,PD,D
13:54:51,INDF,RG,6550,75,F,AK,DX,D
13:54:51,INDF,RG,6550,1,F,AK,PD,D
13:54:51,INDF,RG,6550,5,F,AK,KK,D
13:54:51,INDF,RG,6550,1,F,AK,KK,D
13:54:51,INDF,RG,6550,2,F,AK,YP,D
13:54:51,INDF,RG,6550,12,F,AK,YP,D
13:54:51,INDF,RG,6550,2,F,AK,PD,D
13:54:51,INDF,RG,6550,100,F,AK,PD,D
13:54:51,INDF,RG,6550,5,F,AK,PD,D
13:54:51,INDF,RG,6550,2,F,AK,PD,D
13:54:51,INDF,RG,6550,1,F,AK,PD,D
13:54:51,INDF,RG,6550,2,F,AK,PD,D
13:54:51,INDF,RG,6550,359,F,AK,YP,D
13:54:50,INDF,RG,6550,494,F,AK,YP,D
13:54:50,INDF,RG,6550,6,F,AK,XA,D
13:54:49,INDF,RG,6550,19,F,ZP,XA,D
13:54:49,INDF,RG,6550,1,F,ZP,ZP,D
13:54:49,INDF,RG,6550,10,F,ZP,OD,D
13:54:48,INDF,RG,6550,1,F,BK,PD,D
13:54:48,INDF,RG,6550,1,F,BK,AT,D
13:54:48,INDF,RG,6550,5,F,BK,DX,D
13:54:48,INDF,RG,6550,1,F,BK,YP,D
13:54:48,INDF,RG,6550,4,F,BK,XA,D
13:54:48,INDF,RG,6550,2,F,BK,XA,D
13:54:43,INDF,RG,6550,1,F,BK,XA,D
13:54:43,INDF,RG,6550,1,F,BK,NI,D
13:54:43,INDF,RG,6550,23,F,BK,CC,D
13:54:40,INDF,RG,6550,29,F,ZP,CC,D
13:54:37,INDF,RG,6550,98,F,BK,CC,D
13:54:37,INDF,RG,6550,28,F,ZP,CC,D
13:54:37,INDF,RG,6550,22,F,AK,CC,D
13:54:37,INDF,RG,6550,2,F,AK,XC,D
13:54:37,INDF,RG,6550,10,F,AK,XC,D
13:54:37,INDF,RG,6550,1,F,AK,PD,D
13:54:37,INDF,RG,6550,5,F,AK,GR,D
13:54:37,INDF,RG,6550,1,F,AK,DR,D
13:54:37,INDF,RG,6550,20,F,AK,YP,D
13:54:37,INDF,RG,6550,1,F,AK,PD,D
13:54:37,INDF,RG,6550,5,F,AK,DR,D
13:54:37,INDF,RG,6550,15,F,AK,YP,D
13:54:36,INDF,RG,6525,19,D,OD,AK,F
13:54:36,INDF,RG,6525,14,D,OD,AK,D
13:54:36,INDF,RG,6525,9,D,OD,AK,D
13:54:36,INDF,RG,6525,1,D,OD,XC,D
13:54:36,INDF,RG,6525,5,D,OD,CP,D
13:54:36,INDF,RG,6525,8,D,OD,PD,D
13:54:36,INDF,RG,6525,5,D,OD,DX,D
13:54:36,INDF,RG,6525,10,D,OD,YB,D
13:54:36,INDF,RG,6525,1,D,OD,YU,F
13:54:36,INDF,RG,6525,25,D,OD,KK,D
13:54:36,INDF,RG,6525,25,D,OD,AK,F
13:54:36,INDF,RG,6525,12,D,OD,PD,D
13:54:36,INDF,RG,6525,10,D,OD,AK,D
13:54:36,INDF,RG,6525,2,D,OD,NI,D
13:54:36,INDF,RG,6525,1,D,OD,KK,D
13:54:36,INDF,RG,6525,1,D,OD,RX,D
13:54:36,INDF,RG,6525,6,D,OD,PD,D
13:54:36,INDF,RG,6525,179,D,OD,SQ,D
13:54:36,INDF,RG,6525,21,D,OD,AK,F
13:54:36,INDF,RG,6525,10,D,OD,OD,D
13:54:36,INDF,RG,6525,1,D,OD,PD,D
13:54:36,INDF,RG,6525,2,D,OD,XC,D
13:54:36,INDF,RG,6525,93,D,OD,AK,F
13:54:36,INDF,RG,6525,2,D,OD,KK,D
13:54:36,INDF,RG,6525,17,D,OD,EP,D
13:54:36,INDF,RG,6525,10,D,OD,NI,D
13:54:36,INDF,RG,6525,1,D,OD,NI,D
13:54:36,INDF,RG,6525,1,D,OD,PD,D
13:54:36,INDF,RG,6525,10,D,OD,CC,D
13:54:36,INDF,RG,6525,10,D,OD,GR,D
13:54:36,INDF,RG,6525,5,D,OD,KK,D
13:54:36,INDF,RG,6525,3,D,OD,NI,D
13:54:36,INDF,RG,6525,1,D,OD,RX,D
13:54:36,INDF,RG,6525,2,D,OD,PD,D
13:54:36,INDF,RG,6525,68,D,OD,CC,D
13:54:36,INDF,RG,6525,94,D,OD,MG,D
13:54:36,INDF,RG,6525,1,D,OD,GR,D
13:54:36,INDF,RG,6525,65,D,OD,RX,F
13:54:36,INDF,RG,6525,11,D,OD,AK,D
13:54:36,INDF,RG,6525,300,D,OD,PD,D
13:54:36,INDF,RG,6525,2,D,OD,CC,D
13:54:36,INDF,RG,6525,1,D,OD,NI,D
13:54:36,INDF,RG,6525,55,D,OD,RX,F
13:54:36,INDF,RG,6525,2,D,OD,RX,D
13:54:36,INDF,RG,6525,18,D,OD,AK,D
13:54:36,INDF,RG,6525,1,D,OD,XC,D
13:54:36,INDF,RG,6525,1,D,OD,XC,D
13:54:36,INDF,RG,6525,5,D,OD,XC,D
13:54:36,INDF,RG,6525,166,D,OD,XC,D
13:54:36,INDF,RG,6525,9,D,OD,CC,D
13:54:36,INDF,RG,6525,1,D,OD,XC,D
13:54:36,INDF,RG,6525,21,D,OD,ZP,F
13:54:36,INDF,RG,6525,1,D,OD,PD,D
13:54:36,INDF,RG,6525,225,D,OD,YP,F
13:54:36,INDF,RG,6525,10,D,OD,PD,D
13:54:36,INDF,RG,6525,2,D,OD,YP,D
13:54:36,INDF,RG,6525,10,D,OD,YP,D
13:54:36,INDF,RG,6525,2,D,OD,DR,D
13:54:36,INDF,RG,6525,1,D,OD,YP,D
13:54:36,INDF,RG,6525,8,D,OD,YP,D
13:54:36,INDF,RG,6525,4,D,OD,SQ,D
13:54:36,INDF,RG,6525,1,D,OD,XC,D
13:54:36,INDF,RG,6525,15,D,OD,KK,D
13:54:36,INDF,RG,6525,25,D,OD,YP,D
13:54:36,INDF,RG,6525,1,D,OD,YP,D
13:54:36,INDF,RG,6525,10,D,OD,KK,D
13:54:36,INDF,RG,6525,10,D,OD,BQ,D
13:54:36,INDF,RG,6525,5,D,OD,YP,D
13:54:36,INDF,RG,6525,10,D,OD,YP,D
13:54:36,INDF,RG,6525,2,D,OD,LS,D
13:54:36,INDF,RG,6525,4,D,OD,YP,D
13:54:36,INDF,RG,6525,4,D,OD,PD,D
13:54:36,INDF,RG,6525,21,D,OD,ZP,F
13:54:36,INDF,RG,6525,2,D,OD,PD,D
13:54:36,INDF,RG,6525,1,D,OD,PD,D
13:54:36,INDF,RG,6525,2,D,OD,AT,D
13:54:36,INDF,RG,6525,122,D,OD,SQ,D
13:54:15,INDF,RG,6500,21,D,AR,AK,F
13:54:08,INDF,RG,6500,1,D,AR,PD,D
13:54:02,INDF,RG,6525,30,F,ZP,SQ,D
13:54:01,INDF,RG,6500,22,D,AR,ZP,F
13:54:00,INDF,RG,6525,30,F,ZP,SQ,D
13:53:44,INDF,RG,6500,121,D,AR,YP,D
13:53:38,INDF,RG,6500,50,D,AR,YP,D
13:53:13,INDF,RG,6500,8,D,AR,XC,D
13:53:00,INDF,RG,6500,9,D,AR,AK,D
13:52:54,INDF,RG,6500,4,D,AR,DX,D
13:52:15,INDF,RG,6525,16,F,AK,SQ,D
13:52:14,INDF,RG,6525,1,D,PD,SQ,D
13:51:55,INDF,RG,6525,40,F,AK,SQ,D
13:50:58,INDF,RG,6525,15,D,CC,SQ,D
13:50:52,INDF,RG,6500,29,D,AR,KK,D
13:50:52,INDF,RG,6500,7,D,GR,KK,D
13:50:37,INDF,RG,6500,4,D,GR,NI,D
13:50:30,INDF,RG,6500,12,D,GR,AK,D
13:50:22,INDF,RG,6525,27,F,ZP,SQ,D
13:50:22,INDF,RG,6500,5,D,GR,DX,D
13:50:19,INDF,RG,6500,1,D,GR,RX,D
13:50:10,INDF,RG,6500,20,D,GR,DR,D
13:49:52,INDF,RG,6500,2,D,GR,NI,D
13:49:34,INDF,RG,6525,36,F,ZP,SQ,D
13:49:17,INDF,RG,6500,1,D,GR,XC,D
13:48:45,INDF,RG,6500,40,D,GR,PC,D
13:48:41,INDF,RG,6500,5,D,GR,YP,D
13:48:05,INDF,RG,6500,10,D,GR,RX,F
13:48:02,INDF,RG,6500,6,D,GR,GR,D
13:48:00,INDF,RG,6500,8,D,GR,AK,D
13:47:59,INDF,RG,6525,27,F,AK,SQ,D
13:47:57,INDF,RG,6500,10,D,GR,DR,D
13:47:46,INDF,RG,6500,5,D,GR,DX,D
13:47:42,INDF,RG,6500,7,D,GR,XC,D
13:47:40,INDF,RG,6500,4,D,GR,PD,D
13:47:32,INDF,RG,6500,1,D,GR,PD,D
13:47:07,INDF,RG,6500,2,D,GR,NI,D
13:47:00,INDF,RG,6500,88,D,GR,AK,F
13:46:58,INDF,RG,6500,1,D,GR,GR,D
13:46:30,INDF,RG,6500,3,D,GR,XC,D
13:46:30,INDF,RG,6500,22,D,GR,AK,F
13:46:30,INDF,RG,6500,9,D,GR,AK,D
13:46:27,INDF,RG,6500,20,D,GR,ZP,F
13:46:26,INDF,RG,6525,26,F,ZP,SQ,D
13:46:25,INDF,RG,6500,107,D,GR,NI,D
13:46:25,INDF,RG,6500,1,D,XC,NI,D
13:46:25,INDF,RG,6500,20,F,GW,NI,D
13:46:25,INDF,RG,6500,10,F,DX,NI,D
13:46:25,INDF,RG,6500,1,D,NI,NI,D
13:46:25,INDF,RG,6500,5,D,YP,NI,D
13:46:25,INDF,RG,6500,32,F,AK,NI,D
13:46:25,INDF,RG,6500,72,F,BK,NI,D
13:46:25,INDF,RG,6500,2,D,CC,NI,D
13:46:25,INDF,RG,6500,8,D,CC,ZP,F
13:46:25,INDF,RG,6500,13,F,DX,ZP,F
13:46:00,INDF,RG,6500,2,D,YP,AK,F
13:45:53,INDF,RG,6525,5,D,OD,SQ,D
13:45:15,INDF,RG,6500,9,D,YP,AK,F
13:45:10,INDF,RG,6500,1,D,YP,DX,D
13:45:10,INDF,RG,6500,4,F,DX,DX,D
13:45:03,INDF,RG,6500,5,F,DX,RX,F
13:45:03,INDF,RG,6500,19,F,GW,RX,F
13:44:45,INDF,RG,6500,1,F,GW,AK,F
13:44:45,INDF,RG,6500,16,F,GW,AK,F
13:44:42,INDF,RG,6500,50,F,GW,CC,D
13:44:39,INDF,RG,6500,1,F,GW,RX,D
13:44:30,INDF,RG,6500,3,F,GW,AK,F
13:44:24,INDF,RG,6525,9,D,XC,SQ,D
13:44:00,INDF,RG,6500,2,D,CP,AK,F
13:43:55,INDF,RG,6500,4,D,CP,DH,D
13:43:41,INDF,RG,6500,9,D,CP,AK,F
13:43:40,INDF,RG,6525,27,F,AK,SQ,D
13:43:30,INDF,RG,6500,4,D,CP,AK,F
13:43:28,INDF,RG,6525,13,D,CC,SQ,D
13:43:15,INDF,RG,6500,13,D,CP,AK,F
13:43:12,INDF,RG,6525,10,D,YP,SQ,D
13:43:00,INDF,RG,6500,18,D,CP,AK,D
13:43:00,INDF,RG,6500,12,F,AK,AK,D
13:42:45,INDF,RG,6500,2,F,AK,AK,F
13:42:40,INDF,RG,6500,5,F,AK,DX,D
13:41:30,INDF,RG,6500,2,F,AK,AK,F
13:41:30,INDF,RG,6500,1,D,KK,AK,F
13:41:30,INDF,RG,6500,1,D,PD,AK,F
13:41:18,INDF,RG,6500,11,F,CS,RX,F
13:41:00,INDF,RG,6500,1,F,CS,GR,D
13:40:30,INDF,RG,6500,20,F,CS,AK,F
13:40:19,INDF,RG,6525,6,D,CC,SQ,D
13:40:02,INDF,RG,6500,5,F,CS,DX,D
13:39:44,INDF,RG,6500,10,F,CS,RX,F
13:38:52,INDF,RG,6500,21,F,CS,ZP,F
13:38:49,INDF,RG,6500,1,F,CS,RX,D
13:38:44,INDF,RG,6500,5,F,CS,YP,D
13:38:23,INDF,RG,6500,12,F,CS,RX,F
13:38:15,INDF,RG,6500,68,F,CS,AK,F
13:38:15,INDF,RG,6500,2,D,YP,AK,F
13:38:15,INDF,RG,6500,34,D,GR,AK,F
13:37:31,INDF,RG,6500,5,D,GR,DX,D
13:37:30,INDF,RG,6500,25,D,GR,AK,F
13:36:44,INDF,RG,6525,1,D,CC,SQ,D
13:36:00,INDF,RG,6525,12,D,CC,SQ,D
13:35:08,INDF,RG,6500,11,D,GR,YP,D
13:34:53,INDF,RG,6500,5,D,GR,DX,D
13:34:28,INDF,RG,6500,1,D,GR,RX,D
13:34:21,INDF,RG,6500,5,D,GR,NI,D
13:33:55,INDF,RG,6525,2,D,NI,SQ,D
13:33:41,INDF,RG,6500,14,D,GR,ZP,F
13:33:41,INDF,RG,6500,7,D,AI,ZP,F
13:33:25,INDF,RG,6500,2,D,AI,CC,D
13:32:29,INDF,RG,6500,5,D,AI,DX,D
13:32:20,INDF,RG,6500,2,D,AI,DR,D
13:31:59,INDF,RG,6500,4,D,AI,CC,D
13:31:59,INDF,RG,6500,1,D,PD,CC,D
13:31:59,INDF,RG,6500,1,D,PD,CC,D
13:31:59,INDF,RG,6500,1,D,OD,CC,D
13:31:59,INDF,RG,6500,4,F,DX,CC,D
13:31:59,INDF,RG,6500,9,F,SH,CC,D
13:31:53,INDF,RG,6500,2,F,SH,XC,D
13:30:52,INDF,RG,6500,16,F,SH,PD,D
13:30:41,INDF,RG,6500,15,F,SH,AZ,D
13:30:39,INDF,RG,6500,40,F,SH,YP,D
13:30:15,INDF,RG,6500,45,F,SH,AK,D
13:30:15,INDF,RG,6525,45,F,AK,SQ,D
13:30:15,INDF,RG,6525,6,F,AK,RX,F
13:30:11,INDF,RG,6525,6,D,PD,RX,F
13:30:10,INDF,RG,6500,5,F,SH,PD,D
13:30:07,INDF,RG,6525,1,D,XC,RX,F
13:30:06,INDF,RG,6525,5,D,DH,RX,F
13:30:06,INDF,RG,6525,15,D,YP,RX,F
13:30:06,INDF,RG,6525,1,D,KK,RX,F
13:30:06,INDF,RG,6525,1,D,DR,RX,F
13:30:06,INDF,RG,6525,15,D,CC,RX,F
13:30:05,INDF,RG,6525,2,D,PD,RX,F
13:30:05,INDF,RG,6525,5,D,PD,RX,F
13:30:05,INDF,RG,6525,2,D,PD,RX,F
13:30:04,INDF,RG,6525,3,D,XC,RX,F
13:30:04,INDF,RG,6525,1,D,XC,RX,D
13:30:04,INDF,RG,6525,1,D,XC,RX,D
13:30:04,INDF,RG,6525,1,D,XC,PD,D
13:30:04,INDF,RG,6525,10,D,XC,XA,D
13:30:04,INDF,RG,6525,17,D,XC,DR,D
13:30:04,INDF,RG,6500,1,F,SH,XC,D
13:30:04,INDF,RG,6525,13,D,GR,DR,D
13:30:04,INDF,RG,6525,3,D,GR,SQ,D
13:30:04,INDF,RG,6525,2,D,GR,SQ,D
13:30:04,INDF,RG,6525,3,D,GR,HP,D
13:30:04,INDF,RG,6500,1,F,SH,GR,D
13:30:04,INDF,RG,6525,2,D,DR,PD,D
13:30:04,INDF,RG,6525,8,D,DR,CD,D
13:30:03,INDF,RG,6525,1,D,YP,CD,D
13:30:02,INDF,RG,6525,1,D,EP,CD,D
13:30:02,INDF,RG,6525,1,D,GR,CD,D
11:29:48,INDF,RG,6525,10,D,DR,CD,D
11:29:47,INDF,RG,6525,1,F,AK,CD,D
11:29:47,INDF,RG,6525,20,D,AZ,CD,D
11:29:47,INDF,RG,6525,11,D,KK,CD,D
11:29:47,INDF,RG,6525,7,F,DX,CD,D
11:29:47,INDF,RG,6525,19,F,ZP,CD,D
11:29:47,INDF,RG,6525,21,F,ZP,CD,D
11:29:47,INDF,RG,6525,20,F,ZP,CD,D
11:29:47,INDF,RG,6525,20,F,ZP,CD,D
11:29:47,INDF,RG,6525,21,F,ZP,CD,D
11:29:47,INDF,RG,6525,21,F,ZP,CD,D
11:29:47,INDF,RG,6525,21,F,ZP,CD,D
11:29:47,INDF,RG,6525,20,F,ZP,CD,D
11:29:47,INDF,RG,6525,1,F,DX,CD,D
11:29:47,INDF,RG,6525,15,D,XC,CD,D
11:29:47,INDF,RG,6525,287,D,GR,CD,D
11:29:46,INDF,RG,6525,5,D,GR,HP,D
11:29:46,INDF,RG,6550,4,D,DR,YP,D
11:29:35,INDF,RG,6525,2,D,GR,AK,D
11:29:34,INDF,RG,6525,6,D,GR,CD,D
11:29:34,INDF,RG,6525,20,D,AR,CD,D
11:29:32,INDF,RG,6525,10,D,AR,DR,D
11:29:32,INDF,RG,6525,1,D,AR,RX,D
11:29:32,INDF,RG,6525,1,D,AR,RX,D
11:29:31,INDF,RG,6525,6,D,AR,DX,D
11:29:31,INDF,RG,6550,3,F,AK,YP,D
11:29:22,INDF,RG,6525,154,D,AR,YP,D
11:29:16,INDF,RG,6550,2,F,AK,YP,D
11:29:15,INDF,RG,6525,5,D,AR,CC,D
11:29:05,INDF,RG,6525,3,D,AR,AK,D
11:29:05,INDF,RG,6525,1,F,DX,AK,D
11:29:05,INDF,RG,6550,8,D,CC,YP,D
11:29:01,INDF,RG,6550,1,F,AK,YP,D
11:28:52,INDF,RG,6550,1,F,AK,YP,D
11:28:50,INDF,RG,6525,1,F,DX,AK,D
11:26:58,INDF,RG,6550,11,D,KK,YP,D
11:26:33,INDF,RG,6550,5,D,OD,YP,D
11:26:21,INDF,RG,6550,50,D,CC,YP,D
11:26:21,INDF,RG,6550,1,D,CC,YP,D
11:26:21,INDF,RG,6550,7,D,CC,PD,D
11:26:21,INDF,RG,6550,20,D,CC,DR,D
11:26:21,INDF,RG,6550,22,D,CC,LS,D
11:26:07,INDF,RG,6550,2,D,PD,LS,D
11:25:47,INDF,RG,6550,1,D,CC,LS,D
11:25:39,INDF,RG,6575,36,D,CC,CC,D
11:25:39,INDF,RG,6550,40,D,CC,NI,D
11:25:39,INDF,RG,6550,10,D,CC,SQ,D
11:25:39,INDF,RG,6550,10,D,CC,PD,D
11:25:39,INDF,RG,6550,4,D,CC,DX,D
11:25:21,INDF,RG,6550,21,F,ZP,AK,F
11:25:19,INDF,RG,6550,1,D,KK,AK,F
11:25:19,INDF,RG,6550,20,F,ZP,AK,F
11:25:19,INDF,RG,6550,21,F,ZP,AK,F
11:25:19,INDF,RG,6550,20,F,ZP,AK,F
11:25:19,INDF,RG,6550,8,F,DX,AK,F
11:25:19,INDF,RG,6550,2,F,DX,AK,F
11:25:19,INDF,RG,6550,1,F,DX,AK,F
11:25:19,INDF,RG,6550,20,F,ZP,AK,F
11:25:19,INDF,RG,6550,19,F,ZP,AK,F
11:25:19,INDF,RG,6550,8,F,ZP,AK,F
11:25:12,INDF,RG,6550,13,F,ZP,AK,F
11:25:12,INDF,RG,6550,21,F,ZP,AK,F
11:25:12,INDF,RG,6550,21,F,ZP,AK,F
11:25:12,INDF,RG,6550,445,F,CS,AK,F
11:25:11,INDF,RG,6550,67,F,CS,AK,F
11:25:11,INDF,RG,6550,21,F,ZP,AK,F
11:25:11,INDF,RG,6550,20,F,ZP,AK,F
11:25:11,INDF,RG,6550,13,F,AK,AK,F
11:25:11,INDF,RG,6550,7,F,ZP,AK,F
11:25:11,INDF,RG,6550,19,F,ZP,AK,F
11:25:11,INDF,RG,6550,20,F,ZP,AK,F
11:25:11,INDF,RG,6550,19,F,ZP,AK,F
11:25:11,INDF,RG,6550,19,F,ZP,AK,F
11:25:11,INDF,RG,6550,20,F,ZP,AK,F
11:25:11,INDF,RG,6550,21,F,ZP,AK,F
11:25:11,INDF,RG,6550,20,F,ZP,AK,F
11:25:11,INDF,RG,6550,20,F,ZP,AK,F
11:25:11,INDF,RG,6550,20,F,ZP,AK,F
11:25:11,INDF,RG,6550,10,F,AK,AK,F
11:25:11,INDF,RG,6550,19,F,ZP,AK,F
11:25:11,INDF,RG,6550,19,F,ZP,AK,F
11:25:11,INDF,RG,6550,19,F,ZP,AK,F
11:25:11,INDF,RG,6550,20,F,ZP,AK,F
11:25:11,INDF,RG,6550,21,F,ZP,AK,F
11:25:11,INDF,RG,6550,20,F,ZP,AK,F
11:25:11,INDF,RG,6550,20,F,ZP,AK,F
11:25:11,INDF,RG,6550,21,F,ZP,AK,F
11:25:11,INDF,RG,6550,21,F,ZP,AK,F
11:25:11,INDF,RG,6550,4,F,ZP,AK,F
11:25:07,INDF,RG,6550,17,F,ZP,DR,D
11:25:07,INDF,RG,6550,13,F,ZP,DR,D
11:25:03,INDF,RG,6550,3,F,ZP,XC,D
11:24:58,INDF,RG,6550,1,F,ZP,NI,D
11:24:48,INDF,RG,6550,2,F,ZP,GR,D
11:24:48,INDF,RG,6550,11,F,ZP,GR,D
11:24:46,INDF,RG,6550,1,F,ZP,YP,D
11:24:29,INDF,RG,6550,2,F,ZP,XC,D
11:24:29,INDF,RG,6575,2,D,LS,CC,D
11:24:15,INDF,RG,6550,2,F,ZP,KK,D
11:24:09,INDF,RG,6575,1,D,YP,CC,D
11:24:04,INDF,RG,6550,1,F,ZP,XC,D
11:24:03,INDF,RG,6550,2,F,ZP,DR,D
11:23:58,INDF,RG,6550,2,F,ZP,YP,D
11:23:58,INDF,RG,6550,20,F,ZP,YP,D
11:23:58,INDF,RG,6550,20,F,ZP,YP,D
11:23:58,INDF,RG,6550,8,F,ZP,YP,D
11:23:58,INDF,RG,6550,5,F,ZP,NI,D
11:23:38,INDF,RG,6550,7,F,ZP,XA,D
11:23:38,INDF,RG,6550,20,F,ZP,XA,D
11:23:38,INDF,RG,6550,19,F,ZP,XA,D
11:23:38,INDF,RG,6550,4,F,ZP,XA,D
11:23:31,INDF,RG,6575,10,F,AK,CC,D
11:22:52,INDF,RG,6575,1,D,KK,CC,D
11:22:46,INDF,RG,6550,16,F,ZP,GR,D
11:22:46,INDF,RG,6550,20,F,ZP,GR,D
11:22:46,INDF,RG,6550,20,F,ZP,GR,D
11:22:46,INDF,RG,6550,547,F,CS,GR,D
11:22:46,INDF,RG,6550,20,F,ZP,GR,D
11:22:46,INDF,RG,6550,21,F,ZP,GR,D
11:22:46,INDF,RG,6550,20,F,ZP,GR,D
11:22:46,INDF,RG,6550,21,F,ZP,GR,D
11:22:46,INDF,RG,6550,20,F,ZP,GR,D
11:22:46,INDF,RG,6550,20,F,ZP,GR,D
11:22:46,INDF,RG,6550,19,F,ZP,GR,D
11:22:46,INDF,RG,6550,20,F,ZP,GR,D
11:22:46,INDF,RG,6550,19,F,ZP,GR,D
11:22:46,INDF,RG,6550,1,F,DX,GR,D
11:22:46,INDF,RG,6550,1,F,DX,GR,D
11:22:46,INDF,RG,6550,8,F,DX,GR,D
11:22:46,INDF,RG,6550,5,F,DX,GR,D
11:22:46,INDF,RG,6550,2,F,DX,GR,D
11:22:46,INDF,RG,6575,21,F,ZP,CC,D
11:22:44,INDF,RG,6575,19,F,ZP,CC,D
11:22:42,INDF,RG,6575,20,F,ZP,CC,D
11:22:40,INDF,RG,6575,21,F,ZP,CC,D
11:22:39,INDF,RG,6575,2,F,AK,CC,D
11:22:39,INDF,RG,6575,3,F,AK,MG,D
11:22:37,INDF,RG,6575,7,F,ZP,MG,D
11:22:37,INDF,RG,6575,13,F,ZP,CP,D
11:22:35,INDF,RG,6575,7,F,ZP,CP,D
11:22:35,INDF,RG,6575,13,F,ZP,FS,D
11:22:35,INDF,RG,6550,5,F,DX,NI,D
11:22:33,INDF,RG,6575,7,F,ZP,FS,D
11:22:33,INDF,RG,6575,14,F,ZP,IH,D
11:22:31,INDF,RG,6575,21,F,ZP,IH,D
11:22:29,INDF,RG,6550,5,F,DX,PD,D
11:22:29,INDF,RG,6550,20,F,ZP,PD,D
11:22:29,INDF,RG,6550,25,D,CC,PD,D
11:22:29,INDF,RG,6575,20,F,ZP,IH,D
11:22:27,INDF,RG,6550,1,D,CC,XC,D
11:22:27,INDF,RG,6550,6,D,CC,LS,D
11:22:27,INDF,RG,6550,15,D,CC,HP,D
11:22:27,INDF,RG,6550,3,D,CC,DX,D
11:22:26,INDF,RG,6550,3,F,ZP,DX,D
11:22:26,INDF,RG,6550,16,F,ZP,YP,D
11:22:23,INDF,RG,6550,20,F,ZP,YP,D
11:22:20,INDF,RG,6550,14,F,ZP,YP,D
11:22:20,INDF,RG,6550,5,F,ZP,OD,D
11:22:20,INDF,RG,6550,1,F,ZP,NI,D
11:22:20,INDF,RG,6550,1,F,ZP,AK,D
11:22:17,INDF,RG,6550,4,F,ZP,AK,D
11:22:17,INDF,RG,6550,2,F,ZP,SQ,D
11:22:17,INDF,RG,6550,10,F,ZP,SQ,D
11:22:17,INDF,RG,6550,3,F,ZP,GR,D
11:22:17,INDF,RG,6550,7,D,CD,GR,D
11:22:17,INDF,RG,6550,3,D,CD,CP,D
11:22:17,INDF,RG,6550,70,D,CD,SQ,D
11:22:17,INDF,RG,6550,4,D,CD,XC,D
11:22:17,INDF,RG,6550,1,D,CD,KK,D
11:22:17,INDF,RG,6550,5,D,CD,DR,D
11:22:17,INDF,RG,6550,45,D,CD,XC,D
11:22:17,INDF,RG,6550,1,D,CD,NI,D
11:22:17,INDF,RG,6550,30,D,CD,YP,D
11:22:17,INDF,RG,6550,1,D,CD,CC,D
11:22:17,INDF,RG,6550,23,D,CD,GR,D
11:22:15,INDF,RG,6550,27,D,DR,GR,D
11:22:15,INDF,RG,6550,40,D,DR,YP,D
11:22:15,INDF,RG,6550,1,D,DR,XC,D
11:22:15,INDF,RG,6550,1,D,DR,PD,D
11:22:15,INDF,RG,6550,31,D,DR,YP,D
11:22:14,INDF,RG,6550,19,F,ZP,YP,D
11:22:14,INDF,RG,6550,1,D,AR,PD,D
11:22:14,INDF,RG,6550,3,D,AR,NI,D
11:22:14,INDF,RG,6550,3,D,AR,TP,D
11:22:14,INDF,RG,6550,1,D,AR,YP,D
11:22:14,INDF,RG,6550,34,D,AR,NI,D
11:22:14,INDF,RG,6550,9,D,AR,PD,D
11:22:14,INDF,RG,6550,5,D,AR,SQ,D
11:22:14,INDF,RG,6550,95,D,AR,KK,D
11:22:14,INDF,RG,6550,1,D,AR,GR,D
11:22:14,INDF,RG,6550,63,D,AR,YP,D
11:22:14,INDF,RG,6550,2,D,AR,YP,D
11:22:14,INDF,RG,6550,50,D,AR,YP,D
11:22:14,INDF,RG,6550,25,D,AR,CC,D
11:22:14,INDF,RG,6550,5,D,AR,PD,D
11:22:14,INDF,RG,6550,3,D,AR,DX,D
11:22:14,INDF,RG,6550,4,D,AR,NI,D
11:22:14,INDF,RG,6550,2,D,AR,CC,D
11:22:14,INDF,RG,6550,1,D,AR,DH,D
11:22:14,INDF,RG,6550,20,D,AR,CC,D
11:22:14,INDF,RG,6550,14,D,AR,YP,D
11:22:14,INDF,RG,6550,1,D,AR,YP,D
11:22:14,INDF,RG,6550,5,D,AR,YP,D
11:22:14,INDF,RG,6550,5,D,AR,EP,D
11:22:14,INDF,RG,6550,1,D,AR,XC,D
11:22:14,INDF,RG,6550,1,D,AR,YP,D
11:22:14,INDF,RG,6550,135,D,AR,TP,D
11:22:14,INDF,RG,6550,3,D,AR,CC,D
11:22:14,INDF,RG,6550,8,D,AR,CC,D
11:22:11,INDF,RG,6550,21,F,ZP,CC,D
11:22:08,INDF,RG,6550,21,F,ZP,CC,D
11:22:07,INDF,RG,6550,50,D,CD,CC,D
11:22:07,INDF,RG,6550,1,D,CD,KK,D
11:22:07,INDF,RG,6550,2,D,CD,XC,D
11:22:07,INDF,RG,6550,100,D,CD,CP,D
11:22:07,INDF,RG,6550,10,D,CD,EP,D
11:22:07,INDF,RG,6550,50,D,CD,DH,D
11:22:07,INDF,RG,6550,10,D,CD,YP,D
11:22:07,INDF,RG,6550,1,D,CD,KK,D
11:22:07,INDF,RG,6550,4,D,CD,CC,D
11:22:07,INDF,RG,6550,100,D,CD,YP,D
11:22:07,INDF,RG,6550,1,D,CD,YP,D
11:22:07,INDF,RG,6550,5,D,CD,CC,D
11:22:07,INDF,RG,6550,1,D,CD,PD,D
11:22:07,INDF,RG,6550,500,D,CD,GR,F
11:22:07,INDF,RG,6550,9,D,CD,CC,D
11:22:07,INDF,RG,6550,10,D,CD,YP,D
11:22:07,INDF,RG,6550,250,D,CD,CC,D
11:22:07,INDF,RG,6550,6,D,CD,KK,D
11:22:05,INDF,RG,6550,2,F,ZP,KK,D
11:22:05,INDF,RG,6550,10,F,ZP,KK,D
11:22:05,INDF,RG,6550,5,F,ZP,PD,D
11:22:05,INDF,RG,6550,3,F,ZP,YP,D
11:22:03,INDF,RG,6550,19,F,ZP,YP,D
11:21:59,INDF,RG,6550,19,F,ZP,YP,D
11:21:57,INDF,RG,6550,9,F,ZP,YP,D
11:21:57,INDF,RG,6550,11,F,ZP,YU,D
11:21:55,INDF,RG,6525,1,D,NI,XC,D
11:21:55,INDF,RG,6550,19,F,ZP,YU,D
11:21:54,INDF,RG,6550,50,D,CC,YU,D
11:21:51,INDF,RG,6550,20,F,ZP,YU,D
11:21:51,INDF,RG,6550,1,F,ZP,KK,D
11:21:48,INDF,RG,6550,4,F,ZP,KK,D
11:21:48,INDF,RG,6550,1,F,ZP,PD,D
11:21:48,INDF,RG,6550,10,F,ZP,DR,D
11:21:48,INDF,RG,6550,2,F,ZP,XC,D
11:21:48,INDF,RG,6550,2,F,ZP,CD,D
11:21:47,INDF,RG,6525,20,D,NI,GR,D
11:21:45,INDF,RG,6550,8,F,ZP,CD,D
11:21:45,INDF,RG,6550,1,F,ZP,LG,D
11:21:45,INDF,RG,6550,4,F,ZP,YB,D
11:21:45,INDF,RG,6550,1,F,ZP,PD,D
11:21:45,INDF,RG,6550,6,F,ZP,CP,D
11:21:43,INDF,RG,6550,4,F,ZP,CP,D
11:21:43,INDF,RG,6550,16,F,ZP,KK,D
11:21:39,INDF,RG,6550,20,F,ZP,KK,D
11:21:36,INDF,RG,6550,21,F,ZP,KK,D
11:21:34,INDF,RG,6550,20,F,ZP,KK,D
11:21:31,INDF,RG,6550,4,D,YP,KK,D
11:21:31,INDF,RG,6550,19,F,ZP,KK,D
11:21:31,INDF,RG,6550,1,F,ZP,GR,D
11:21:31,INDF,RG,6550,2,F,AK,GR,D
11:21:31,INDF,RG,6550,6,F,AK,CP,D
11:21:28,INDF,RG,6550,21,F,ZP,CP,D
11:21:26,INDF,RG,6550,1,D,CC,CP,D
11:21:26,INDF,RG,6550,19,F,ZP,CP,D
11:21:24,INDF,RG,6550,1,D,EP,CP,D
11:21:23,INDF,RG,6550,2,F,ZP,CP,D
11:21:23,INDF,RG,6550,18,F,ZP,LH,D
11:21:21,INDF,RG,6550,21,F,ZP,LH,D
11:21:19,INDF,RG,6550,21,F,ZP,LH,D
11:21:17,INDF,RG,6550,20,F,ZP,LH,D
11:21:15,INDF,RG,6550,20,F,ZP,LH,D
11:21:13,INDF,RG,6525,35,D,NI,EP,D
11:21:13,INDF,RG,6525,20,D,NI,AZ,D
11:21:13,INDF,RG,6525,5,D,NI,CC,D
11:21:13,INDF,RG,6525,4,F,ZP,CC,D
11:21:13,INDF,RG,6525,10,F,ZP,KK,D
11:21:13,INDF,RG,6525,5,F,ZP,YP,D
11:21:11,INDF,RG,6525,5,F,ZP,YP,D
11:21:11,INDF,RG,6525,16,F,ZP,YB,D
11:21:11,INDF,RG,6525,100,D,YP,YB,D
11:21:08,INDF,RG,6525,20,F,ZP,YB,D
11:21:03,INDF,RG,6525,20,F,ZP,YB,D
11:20:59,INDF,RG,6525,20,F,ZP,YB,D
11:20:55,INDF,RG,6525,19,F,ZP,YB,D
11:20:52,INDF,RG,6525,5,F,ZP,YB,D
11:20:52,INDF,RG,6525,3,F,ZP,LS,D
11:20:52,INDF,RG,6525,2,F,ZP,PD,D
11:20:52,INDF,RG,6525,4,F,ZP,DX,D
11:20:52,INDF,RG,6525,1,F,ZP,YP,D
11:20:52,INDF,RG,6525,5,F,ZP,PD,D
11:20:47,INDF,RG,6525,5,F,ZP,PD,D
11:20:47,INDF,RG,6525,6,F,ZP,AK,D
11:20:47,INDF,RG,6525,1,F,ZP,CC,D
11:20:47,INDF,RG,6525,7,F,ZP,XC,D
11:20:42,INDF,RG,6525,1,F,ZP,XC,D
11:20:42,INDF,RG,6525,14,F,ZP,KK,D
11:20:42,INDF,RG,6525,2,F,ZP,XC,D
11:20:42,INDF,RG,6525,3,F,ZP,XC,D
11:20:41,INDF,RG,6500,1,F,SH,XC,D
11:20:39,INDF,RG,6525,3,F,ZP,XC,D
11:20:39,INDF,RG,6525,8,F,ZP,NI,D
11:20:39,INDF,RG,6525,9,F,ZP,YP,D
11:20:36,INDF,RG,6525,10,F,ZP,YP,D
11:20:36,INDF,RG,6525,3,F,ZP,YP,D
11:20:36,INDF,RG,6525,3,F,ZP,YB,D
11:20:36,INDF,RG,6525,1,F,ZP,XC,D
11:20:36,INDF,RG,6525,3,F,ZP,YP,D
11:20:24,INDF,RG,6525,20,F,ZP,YP,D
11:20:22,INDF,RG,6525,21,F,ZP,YP,D
11:20:16,INDF,RG,6525,6,F,ZP,YP,D
11:20:16,INDF,RG,6525,1,F,ZP,PD,D
11:20:16,INDF,RG,6525,3,F,ZP,DR,D
11:20:16,INDF,RG,6525,2,F,ZP,PD,D
11:20:16,INDF,RG,6525,1,F,ZP,PD,D
11:20:16,INDF,RG,6525,2,F,ZP,XC,D
11:20:16,INDF,RG,6525,6,F,ZP,KK,D
11:20:16,INDF,RG,6525,9,F,AK,KK,D
11:20:12,INDF,RG,6525,21,F,ZP,KK,D
11:20:08,INDF,RG,6525,14,F,ZP,KK,D
11:20:08,INDF,RG,6525,1,F,ZP,XC,D
11:20:08,INDF,RG,6525,2,F,ZP,XC,D
11:20:08,INDF,RG,6525,3,F,ZP,PD,D
11:20:05,INDF,RG,6525,19,F,ZP,PD,D
11:19:56,INDF,RG,6525,3,F,ZP,PD,D
11:19:56,INDF,RG,6525,18,F,ZP,PD,D
11:19:55,INDF,RG,6500,4,F,SH,PD,D
11:19:52,INDF,RG,6525,7,F,ZP,PD,D
11:19:52,INDF,RG,6525,1,F,ZP,YP,D
11:19:52,INDF,RG,6525,1,F,ZP,CC,D
11:19:52,INDF,RG,6525,1,F,ZP,SQ,D
11:19:52,INDF,RG,6525,3,F,ZP,TP,D
11:19:52,INDF,RG,6525,1,F,ZP,YP,D
11:19:52,INDF,RG,6525,2,F,ZP,YP,D
11:19:52,INDF,RG,6525,5,F,ZP,YP,D
11:19:47,INDF,RG,6525,21,F,ZP,YP,D
11:19:46,INDF,RG,6525,5,D,PD,YP,D
11:19:44,INDF,RG,6525,19,F,ZP,YP,D
11:19:44,INDF,RG,6525,2,F,ZP,CC,D
11:19:42,INDF,RG,6525,20,F,ZP,CC,D
11:19:38,INDF,RG,6525,3,F,ZP,CC,D
11:19:38,INDF,RG,6525,2,F,ZP,KK,D
11:19:38,INDF,RG,6525,8,F,ZP,PD,D
11:19:38,INDF,RG,6525,8,F,ZP,AI,D
11:19:35,INDF,RG,6525,2,F,ZP,AI,D
11:19:35,INDF,RG,6525,2,F,ZP,YP,D
11:19:35,INDF,RG,6525,10,F,ZP,AG,F
11:19:35,INDF,RG,6525,6,F,ZP,CC,D
11:19:34,INDF,RG,6525,4,D,CC,CC,D
11:19:34,INDF,RG,6525,2,D,CC,YP,D
11:19:34,INDF,RG,6525,1,D,CC,YP,D
11:19:34,INDF,RG,6525,1,D,CC,YP,D
11:19:34,INDF,RG,6525,2,D,CC,GR,D
11:19:34,INDF,RG,6525,10,D,CC,DR,D
11:19:34,INDF,RG,6525,10,D,CC,YP,D
11:19:34,INDF,RG,6525,5,D,CC,KK,D
11:19:34,INDF,RG,6525,1,D,CC,DR,D
11:19:34,INDF,RG,6525,14,D,CC,SQ,D
11:19:31,INDF,RG,6525,10,F,ZP,SQ,D
11:19:31,INDF,RG,6525,3,F,ZP,GR,D
11:19:31,INDF,RG,6525,6,F,ZP,CP,D
11:19:30,INDF,RG,6525,33,D,CC,CP,D
11:19:28,INDF,RG,6525,19,F,ZP,CP,D
11:19:23,INDF,RG,6525,20,F,ZP,CP,D
11:19:20,INDF,RG,6525,20,F,ZP,CP,D
11:19:16,INDF,RG,6525,13,F,AK,CP,D
11:19:16,INDF,RG,6525,21,F,ZP,CP,D
11:19:03,INDF,RG,6525,21,F,ZP,CP,D
11:19:00,INDF,RG,6525,19,F,ZP,CP,D
11:18:56,INDF,RG,6525,19,F,ZP,CP,D
11:18:53,INDF,RG,6525,20,F,ZP,CP,D
11:18:51,INDF,RG,6525,21,F,ZP,CP,D
11:18:49,INDF,RG,6525,21,F,ZP,CP,D
11:18:47,INDF,RG,6525,21,F,ZP,CP,D
11:18:45,INDF,RG,6525,21,F,ZP,CP,D
11:18:44,INDF,RG,6500,3861,F,SH,BQ,F
11:18:44,INDF,RG,6500,20,F,ZP,BQ,F
11:18:44,INDF,RG,6500,19,F,ZP,BQ,F
11:18:44,INDF,RG,6500,19,F,ZP,BQ,F
11:18:44,INDF,RG,6500,8,F,ZP,BQ,F
11:18:44,INDF,RG,6500,21,F,ZP,BQ,F
11:18:44,INDF,RG,6500,4,F,DX,BQ,F
11:18:44,INDF,RG,6500,1,F,DX,BQ,F
11:18:44,INDF,RG,6500,12,F,DX,BQ,F
11:18:44,INDF,RG,6500,13,D,CC,BQ,F
11:18:44,INDF,RG,6500,21,F,ZP,BQ,F
11:18:44,INDF,RG,6500,1,D,YP,BQ,F
11:18:43,INDF,RG,6525,21,F,ZP,CP,D
11:18:43,INDF,RG,6525,184,F,AK,CP,D
11:18:43,INDF,RG,6525,10,F,AK,YB,D
11:18:43,INDF,RG,6525,100,F,AK,YU,D
11:18:43,INDF,RG,6525,21,F,AK,IH,D
11:18:41,INDF,RG,6525,20,F,ZP,IH,D
11:18:39,INDF,RG,6525,19,F,ZP,IH,D
11:18:38,INDF,RG,6500,36,F,AK,YP,D
11:18:38,INDF,RG,6500,4,F,AK,XC,D
11:18:38,INDF,RG,6500,5,F,AK,AK,D
11:18:38,INDF,RG,6500,1,F,AK,NI,D
11:18:38,INDF,RG,6500,1,F,AK,SQ,D
11:18:38,INDF,RG,6500,5,F,AK,DX,D
11:18:38,INDF,RG,6500,225,F,AK,RX,F
11:18:38,INDF,RG,6500,1,F,AK,NI,D
11:18:38,INDF,RG,6500,6,F,AK,XC,D
11:18:38,INDF,RG,6500,15,F,AK,CC,D
11:18:38,INDF,RG,6500,1,F,AK,AK,F
11:18:38,INDF,RG,6500,2,F,AK,AO,D
11:18:38,INDF,RG,6500,1,F,AK,YP,D
11:18:38,INDF,RG,6500,7,F,AK,NI,D
11:18:38,INDF,RG,6500,10,F,AK,YP,D
11:18:38,INDF,RG,6500,5,F,AK,PD,D
11:18:38,INDF,RG,6500,1,F,AK,KK,D
11:18:38,INDF,RG,6500,5,F,AK,PD,D
11:18:38,INDF,RG,6500,1,F,AK,KK,D
11:18:38,INDF,RG,6500,3,F,AK,PD,D
11:18:38,INDF,RG,6500,25,F,AK,NI,D
11:18:38,INDF,RG,6500,1,F,AK,PD,D
11:18:38,INDF,RG,6500,1,F,AK,XC,D
11:18:38,INDF,RG,6500,1,F,AK,DH,D
11:18:38,INDF,RG,6500,1,F,AK,PD,D
11:18:38,INDF,RG,6500,10,F,AK,KK,D
11:18:38,INDF,RG,6500,55,F,AK,PD,D
11:18:38,INDF,RG,6500,3,F,AK,ZP,D
11:18:38,INDF,RG,6500,2,F,AK,NI,D
11:18:37,INDF,RG,6500,3,D,AR,NI,D
11:18:37,INDF,RG,6500,5,D,AR,OD,D
11:18:37,INDF,RG,6500,1,D,AR,YP,D
11:18:37,INDF,RG,6500,5,D,AR,CC,D
11:18:37,INDF,RG,6500,10,D,AR,PD,D
11:18:37,INDF,RG,6500,10,D,AR,NI,D
11:18:37,INDF,RG,6500,1,D,AR,NI,D
11:18:37,INDF,RG,6500,2,D,AR,CC,D
11:18:37,INDF,RG,6500,3,D,AR,PD,D
11:18:37,INDF,RG,6500,1,D,AR,PD,D
11:18:37,INDF,RG,6500,3,D,AR,PD,D
11:18:37,INDF,RG,6500,3,D,AR,PD,D
11:18:37,INDF,RG,6500,5,D,AR,EP,D
11:18:37,INDF,RG,6500,22,D,AR,NI,D
11:18:37,INDF,RG,6500,26,D,AR,KK,D
11:18:37,INDF,RG,6500,8,D,AR,YP,D
11:18:37,INDF,RG,6500,1,D,AR,GR,D
11:18:37,INDF,RG,6500,10,D,AR,SQ,D
11:18:37,INDF,RG,6500,2,D,AR,CC,D
11:18:37,INDF,RG,6500,4,D,AR,PD,D
11:18:37,INDF,RG,6500,48,D,AR,PD,D
11:18:37,INDF,RG,6500,1,D,AR,XC,D
11:18:37,INDF,RG,6500,75,D,AR,GR,D
11:18:37,INDF,RG,6500,10,D,AR,CC,D
11:18:37,INDF,RG,6500,18,D,AR,PD,D
11:18:37,INDF,RG,6500,1,D,AR,DH,D
11:18:37,INDF,RG,6500,722,D,AR,MG,D
11:18:36,INDF,RG,6500,21,F,ZP,MG,D
11:18:31,INDF,RG,6500,1000,F,AK,MG,D
11:18:31,INDF,RG,6500,19,F,ZP,MG,D
11:18:25,INDF,RG,6500,238,F,AK,MG,D
11:18:25,INDF,RG,6500,52,F,AK,XC,D
11:18:25,INDF,RG,6500,50,F,AK,PD,D
11:18:25,INDF,RG,6500,100,F,AK,GR,D
11:18:25,INDF,RG,6500,6,F,AK,CC,D
11:18:25,INDF,RG,6500,10,F,AK,GR,D
11:18:25,INDF,RG,6500,20,F,AK,XC,D
11:18:25,INDF,RG,6500,3,F,AK,NI,D
11:18:25,INDF,RG,6500,1,F,AK,DX,D
11:18:25,INDF,RG,6500,100,F,AK,CC,D
11:18:25,INDF,RG,6500,1,F,AK,KK,D
11:18:25,INDF,RG,6500,31,F,AK,YP,D
11:18:25,INDF,RG,6500,10,F,AK,OD,D
11:18:25,INDF,RG,6500,2,F,AK,DR,D
11:18:25,INDF,RG,6500,5,F,AK,YP,D
11:18:25,INDF,RG,6500,3,F,AK,CC,D
11:18:25,INDF,RG,6500,2,F,AK,CC,D
11:18:25,INDF,RG,6500,31,F,AK,YU,D
11:18:25,INDF,RG,6500,1,F,AK,XC,D
11:18:25,INDF,RG,6500,3,F,AK,GR,D
11:18:25,INDF,RG,6500,20,F,AK,CP,D
11:18:25,INDF,RG,6500,100,F,AK,LH,D
11:18:25,INDF,RG,6500,211,F,AK,MG,D
11:18:25,INDF,RG,6500,20,F,ZP,MG,D
11:18:20,INDF,RG,6500,21,F,ZP,MG,D
11:18:16,INDF,RG,6500,20,F,ZP,MG,D
11:18:09,INDF,RG,6500,21,F,ZP,MG,D
11:18:06,INDF,RG,6500,20,F,ZP,MG,D
11:18:00,INDF,RG,6500,20,F,ZP,MG,D
11:17:59,INDF,RG,6500,11,F,AK,MG,D
11:17:58,INDF,RG,6500,21,F,ZP,MG,D
11:17:54,INDF,RG,6500,20,F,ZP,MG,D
11:17:52,INDF,RG,6500,1,D,NI,MG,D
11:17:52,INDF,RG,6500,20,F,ZP,MG,D
11:17:46,INDF,RG,6500,20,F,ZP,MG,D
11:17:44,INDF,RG,6500,20,F,ZP,MG,D
11:17:37,INDF,RG,6500,19,F,ZP,MG,D
11:17:35,INDF,RG,6500,21,F,ZP,MG,D
11:17:34,INDF,RG,6475,9,F,ZP,RX,F
11:17:32,INDF,RG,6500,20,F,ZP,MG,D
11:17:32,INDF,RG,6475,1,F,ZP,RX,F
11:17:26,INDF,RG,6500,20,F,ZP,MG,D
11:17:23,INDF,RG,6500,20,F,ZP,MG,D
11:17:18,INDF,RG,6500,20,F,ZP,MG,D
11:17:15,INDF,RG,6500,20,F,ZP,MG,D
11:17:10,INDF,RG,6500,20,F,ZP,MG,D
11:17:08,INDF,RG,6500,19,F,ZP,MG,D
11:17:04,INDF,RG,6500,20,F,ZP,MG,D
11:17:02,INDF,RG,6500,20,F,ZP,MG,D
11:16:55,INDF,RG,6500,20,F,ZP,MG,D
11:16:53,INDF,RG,6500,20,F,ZP,MG,D
11:16:51,INDF,RG,6500,21,F,ZP,MG,D
11:16:48,INDF,RG,6500,19,F,ZP,MG,D
11:16:43,INDF,RG,6500,21,F,ZP,MG,D
11:16:39,INDF,RG,6500,21,F,ZP,MG,D
11:16:31,INDF,RG,6500,11,F,AK,MG,D
11:16:31,INDF,RG,6500,21,F,ZP,MG,D
11:16:26,INDF,RG,6475,2,F,ZP,RX,F
11:16:26,INDF,RG,6475,12,D,CC,RX,F
11:16:26,INDF,RG,6500,19,F,ZP,MG,D
11:16:24,INDF,RG,6500,20,F,ZP,MG,D
11:16:23,INDF,RG,6500,1000,F,AK,MG,D
11:16:22,INDF,RG,6500,21,F,ZP,MG,D
11:16:19,INDF,RG,6500,21,F,ZP,MG,D
11:16:17,INDF,RG,6500,19,F,ZP,MG,D
11:16:14,INDF,RG,6500,20,F,ZP,MG,D
11:16:12,INDF,RG,6500,21,F,ZP,MG,D
11:16:10,INDF,RG,6500,20,F,ZP,MG,D
11:16:08,INDF,RG,6500,20,F,ZP,MG,D
11:16:06,INDF,RG,6475,1,F,ZP,AK,F
11:16:06,INDF,RG,6475,1,F,ZP,XC,D
11:16:06,INDF,RG,6475,3,F,ZP,YP,D
11:16:06,INDF,RG,6475,27,F,BK,YP,D
11:16:06,INDF,RG,6475,1,F,BK,KK,D
11:16:06,INDF,RG,6475,3,F,BK,YP,D
11:16:06,INDF,RG,6475,12,F,BK,DR,D
11:16:04,INDF,RG,6475,18,F,ZP,DR,D
11:16:04,INDF,RG,6475,1,F,ZP,PD,D
11:16:04,INDF,RG,6475,1,F,ZP,PD,D
11:16:02,INDF,RG,6475,20,F,ZP,PD,D
11:16:00,INDF,RG,6475,56,F,BK,PD,D
11:16:00,INDF,RG,6475,6,F,BK,PD,D
11:16:00,INDF,RG,6475,148,F,BK,SQ,D
11:16:00,INDF,RG,6475,5,F,BK,OD,D
11:16:00,INDF,RG,6475,1,F,BK,DH,D
11:16:00,INDF,RG,6475,5,F,BK,AG,D
11:16:00,INDF,RG,6475,3,F,BK,CC,D
11:16:00,INDF,RG,6475,21,F,BK,KK,D
11:16:00,INDF,RG,6475,10,F,BK,YP,D
11:16:00,INDF,RG,6475,1,F,BK,KK,D
11:16:00,INDF,RG,6475,45,F,BK,KK,D
11:16:00,INDF,RG,6475,25,F,BK,PD,D
11:16:00,INDF,RG,6475,1,F,BK,XC,D
11:16:00,INDF,RG,6475,374,F,BK,KK,D
11:16:00,INDF,RG,6475,5,F,BK,YP,D
11:16:00,INDF,RG,6475,5,F,BK,XC,D
11:16:00,INDF,RG,6475,10,F,BK,PD,D
11:16:00,INDF,RG,6475,5,F,BK,KK,D
11:16:00,INDF,RG,6475,7,F,ZP,KK,D
11:16:00,INDF,RG,6475,10,F,ZP,PD,D
11:16:00,INDF,RG,6475,2,F,ZP,GR,D
11:15:59,INDF,RG,6450,21,D,YP,ZP,F
11:15:59,INDF,RG,6450,7,D,YP,AK,F
11:15:59,INDF,RG,6450,1,D,YP,AK,F
11:15:59,INDF,RG,6450,5,D,YP,PD,D
11:15:59,INDF,RG,6450,1,D,YP,AK,F
11:15:59,INDF,RG,6450,6,D,YP,DX,D
11:15:59,INDF,RG,6450,2,D,YP,YP,D
11:15:59,INDF,RG,6450,1,D,YP,YP,D
11:15:59,INDF,RG,6450,1,D,YP,NI,D
11:15:59,INDF,RG,6450,2,D,YP,XC,D
11:15:59,INDF,RG,6450,1,D,YP,RX,F
11:15:59,INDF,RG,6450,10,D,YP,DR,D
11:15:59,INDF,RG,6450,6,D,YP,AT,D
11:15:59,INDF,RG,6450,1,D,YP,KK,D
11:15:59,INDF,RG,6450,1,D,YP,KK,D
11:15:59,INDF,RG,6450,5,D,YP,PD,D
11:15:59,INDF,RG,6450,1,D,YP,PD,D
11:15:59,INDF,RG,6450,20,D,YP,DH,D
11:15:59,INDF,RG,6450,6,D,YP,YP,D
11:15:59,INDF,RG,6450,8,D,YP,AK,D
11:15:59,INDF,RG,6450,2,D,YP,RX,F
11:15:59,INDF,RG,6450,14,D,YP,AK,F
11:15:59,INDF,RG,6450,1,D,YP,XC,D
11:15:59,INDF,RG,6450,10,D,YP,IF,D
11:15:59,INDF,RG,6450,1,D,YP,YP,D
11:15:59,INDF,RG,6450,18,D,YP,KK,D
11:15:59,INDF,RG,6450,1,D,YP,PD,D
11:15:59,INDF,RG,6450,2,D,YP,PD,D
11:15:59,INDF,RG,6450,15,D,YP,CC,D
11:15:59,INDF,RG,6450,11,D,YP,AK,F
11:15:59,INDF,RG,6450,10,D,YP,AO,D
11:15:59,INDF,RG,6450,3,D,YP,YP,D
11:15:59,INDF,RG,6450,7,D,YP,AK,D
11:15:59,INDF,RG,6450,35,D,YP,NI,D
11:15:59,INDF,RG,6450,13,D,YP,PD,D
11:15:59,INDF,RG,6450,10,D,YP,YP,D
11:15:59,INDF,RG,6450,7,D,YP,AK,D
11:15:59,INDF,RG,6450,34,D,YP,PD,D
11:15:59,INDF,RG,6450,1,D,YP,KK,D
11:15:59,INDF,RG,6450,1,D,YP,EP,D
11:15:59,INDF,RG,6450,30,D,YP,AK,D
11:15:59,INDF,RG,6450,1,D,YP,PD,D
11:15:59,INDF,RG,6450,1,D,YP,PD,D
11:15:59,INDF,RG,6450,44,D,YP,RX,F
11:15:59,INDF,RG,6450,100,D,YP,YP,D
11:15:59,INDF,RG,6450,10,D,YP,KK,D
11:15:59,INDF,RG,6450,10,D,YP,YP,D
11:15:59,INDF,RG,6450,50,D,YP,YP,D
11:15:59,INDF,RG,6450,19,D,YP,RX,F
11:15:59,INDF,RG,6450,100,D,YP,NI,D
11:15:59,INDF,RG,6450,31,D,YP,PD,D
11:15:59,INDF,RG,6450,1,D,YP,NI,D
11:15:59,INDF,RG,6450,1,D,YP,XC,D
11:15:59,INDF,RG,6450,1,D,YP,XA,D
11:15:59,INDF,RG,6450,51,D,YP,RX,F
11:15:59,INDF,RG,6450,1,D,YP,YP,D
11:15:59,INDF,RG,6450,80,D,YP,NI,D
11:15:59,INDF,RG,6450,1,D,YP,PD,D
11:15:59,INDF,RG,6450,20,D,YP,YP,D
11:15:59,INDF,RG,6450,40,D,YP,YP,D
11:15:59,INDF,RG,6450,100,D,YP,YP,D
11:15:59,INDF,RG,6450,10,D,YP,YB,D
11:15:59,INDF,RG,6450,1,D,YP,NI,D
11:15:59,INDF,RG,6450,1,D,YP,RX,D
11:15:59,INDF,RG,6450,1,D,YP,RX,D
11:15:59,INDF,RG,6450,12,D,YP,XC,D
11:15:59,INDF,RG,6450,50,D,YP,NI,D
11:15:59,INDF,RG,6450,20,D,YP,ZP,F
11:15:59,INDF,RG,6450,10,D,YP,CP,D
11:15:59,INDF,RG,6450,1,D,YP,PD,D
11:15:59,INDF,RG,6450,194,D,YP,RX,F
11:15:59,INDF,RG,6450,2,D,YP,PD,D
11:15:59,INDF,RG,6450,3,D,YP,SQ,D
11:15:59,INDF,RG,6450,20,D,YP,ZP,F
11:15:59,INDF,RG,6450,50,D,YP,CC,D
11:15:59,INDF,RG,6450,6,D,YP,SQ,D
11:15:59,INDF,RG,6450,2,D,YP,NI,D
11:15:59,INDF,RG,6450,88,D,YP,AK,F
11:15:59,INDF,RG,6450,9,D,YP,NI,D
11:15:59,INDF,RG,6450,1,D,YP,XC,D
11:15:59,INDF,RG,6450,6,D,YP,PD,D
11:15:59,INDF,RG,6450,10,D,YP,DH,D
11:15:59,INDF,RG,6450,1,D,YP,DH,D
11:15:59,INDF,RG,6450,2,D,YP,YP,D
11:15:59,INDF,RG,6450,4,D,YP,NI,D
11:15:59,INDF,RG,6450,1,D,YP,GR,D
11:15:59,INDF,RG,6450,3,D,YP,YP,D
11:15:59,INDF,RG,6450,3,D,YP,YP,D
11:15:59,INDF,RG,6450,2,D,YP,PD,D
11:15:59,INDF,RG,6450,1,D,YP,PD,D
11:15:59,INDF,RG,6450,1000,D,YP,LG,D
11:15:59,INDF,RG,6450,1000,D,YP,LG,D
11:15:59,INDF,RG,6450,1250,D,YP,LG,D
11:15:59,INDF,RG,6450,1500,D,YP,LG,D
11:15:59,INDF,RG,6450,467,D,YP,LG,D
11:15:50,INDF,RG,6425,6,F,ZP,AK,D
11:15:03,INDF,RG,6450,9,F,DX,LG,D
11:14:37,INDF,RG,6425,6,F,ZP,AK,F
11:14:37,INDF,RG,6425,4,F,ZP,AK,F
11:14:37,INDF,RG,6425,1,F,ZP,AK,F
11:14:35,INDF,RG,6425,9,F,ZP,AK,D
11:14:32,INDF,RG,6425,4,F,ZP,DX,D
11:14:17,INDF,RG,6425,1,F,ZP,AK,F
11:14:16,INDF,RG,6450,14,F,AK,LG,D
11:13:35,INDF,RG,6425,2,F,ZP,AK,D
11:13:35,INDF,RG,6425,4,F,ZP,AK,D
11:12:58,INDF,RG,6425,10,F,ZP,DR,D
11:12:36,INDF,RG,6425,6,F,ZP,YB,D
11:12:36,INDF,RG,6425,4,F,AK,YB,D
11:12:20,INDF,RG,6425,6,F,AK,AK,D
11:12:12,INDF,RG,6425,1,F,AK,RX,D
11:12:02,INDF,RG,6425,5,F,AK,DX,D
11:11:59,INDF,RG,6450,13,F,AK,LG,D
11:11:58,INDF,RG,6425,5,F,AK,DH,D
11:11:54,INDF,RG,6425,12,F,AK,AK,F
11:11:26,INDF,RG,6425,8,F,AK,PD,D
11:11:23,INDF,RG,6450,10,F,DX,LG,D
11:11:20,INDF,RG,6425,6,F,AK,AK,D
11:09:32,INDF,RG,6425,6,F,AK,DX,D
11:09:17,INDF,RG,6450,12,D,CC,LG,D
11:08:51,INDF,RG,6425,20,F,AK,ZP,F
11:08:50,INDF,RG,6425,10,F,AK,AK,D
11:07:16,INDF,RG,6450,15,F,AK,LG,D
11:07:01,INDF,RG,6425,1,F,AK,RX,D
11:06:58,INDF,RG,6425,4,F,AK,DX,D
11:06:41,INDF,RG,6425,10,F,AK,YP,D
11:06:21,INDF,RG,6425,1,F,AK,RX,D
11:06:03,INDF,RG,6425,15,F,AK,RX,F
11:05:40,INDF,RG,6450,8,F,DX,LG,D
11:05:39,INDF,RG,6425,17,F,AK,AK,F
11:05:39,INDF,RG,6425,73,F,AK,YP,D
11:05:39,INDF,RG,6425,20,F,ZP,YP,D
11:05:39,INDF,RG,6425,157,D,PD,YP,D
11:05:11,INDF,RG,6425,7,D,PD,NI,D
11:04:35,INDF,RG,6425,4,D,PD,DX,D
11:04:20,INDF,RG,6425,10,D,PD,AK,D
11:04:03,INDF,RG,6425,20,D,PD,ZP,F
11:04:01,INDF,RG,6450,13,F,AK,LG,D
11:02:42,INDF,RG,6450,8,F,DX,LG,D
11:02:35,INDF,RG,6425,10,D,PD,AK,D
11:02:24,INDF,RG,6425,1,D,PD,RX,D
11:02:19,INDF,RG,6425,16,D,PD,YB,D
11:02:07,INDF,RG,6425,5,D,PD,DX,D
11:02:05,INDF,RG,6425,5,D,PD,XC,D
11:01:57,INDF,RG,6450,14,D,CC,LG,D
11:00:59,INDF,RG,6450,3,D,YB,LG,D
11:00:54,INDF,RG,6425,10,D,PD,RX,F
11:00:35,INDF,RG,6425,12,D,PD,AK,D
10:59:39,INDF,RG,6425,6,D,PD,DX,D
10:57:54,INDF,RG,6425,16,D,PD,AK,F
10:57:04,INDF,RG,6425,5,D,PD,DX,D
10:56:53,INDF,RG,6425,95,D,PD,NI,D
10:56:53,INDF,RG,6425,31,F,BK,NI,D
10:56:51,INDF,RG,6425,21,F,BK,ZP,F
10:56:50,INDF,RG,6425,8,F,BK,AK,D
10:56:03,INDF,RG,6450,5,D,PD,LG,D
10:55:30,INDF,RG,6425,2,F,BK,PD,D
10:54:31,INDF,RG,6425,6,F,BK,DX,D
10:54:05,INDF,RG,6425,7,F,BK,AK,D
10:53:57,INDF,RG,6425,1,F,ZP,RX,D
10:53:39,INDF,RG,6425,15,F,ZP,AK,F
10:53:19,INDF,RG,6425,4,F,ZP,PD,D
10:53:19,INDF,RG,6425,1,F,AK,PD,D
10:52:04,INDF,RG,6425,4,F,AK,DX,D
10:51:50,INDF,RG,6425,5,F,AK,AK,D
10:51:50,INDF,RG,6425,3,F,ZP,AK,D
10:50:53,INDF,RG,6450,1,D,YP,LG,D
10:50:52,INDF,RG,6425,17,F,ZP,RX,F
10:50:52,INDF,RG,6425,11,F,ZP,RX,F
10:50:41,INDF,RG,6425,10,F,ZP,YP,D
10:50:29,INDF,RG,6425,142,F,AK,TP,D
10:50:29,INDF,RG,6425,20,F,ZP,TP,D
10:50:29,INDF,RG,6425,5,F,DX,TP,D
10:50:29,INDF,RG,6425,4,D,XC,TP,D
10:50:29,INDF,RG,6425,3,D,XC,TP,D
10:50:29,INDF,RG,6425,14,D,CC,TP,D
10:50:29,INDF,RG,6425,5,D,AZ,TP,D
10:50:29,INDF,RG,6425,5,F,DX,TP,D
10:50:29,INDF,RG,6425,19,F,ZP,TP,D
10:50:29,INDF,RG,6425,20,D,YP,TP,D
10:50:29,INDF,RG,6425,80,F,BK,TP,D
10:50:29,INDF,RG,6425,19,F,ZP,TP,D
10:50:29,INDF,RG,6425,30,F,KK,TP,D
10:50:29,INDF,RG,6425,9,F,AK,TP,D
10:50:29,INDF,RG,6425,5,D,SQ,TP,D
10:50:29,INDF,RG,6425,1,D,XC,TP,D
10:50:29,INDF,RG,6425,10,D,YP,TP,D
10:50:29,INDF,RG,6425,1,D,YP,TP,D
10:50:29,INDF,RG,6425,1,D,DH,TP,D
10:50:29,INDF,RG,6425,1,D,KK,TP,D
10:50:29,INDF,RG,6425,21,F,ZP,TP,D
10:50:29,INDF,RG,6425,5,D,CC,TP,D
10:50:29,INDF,RG,6425,1,D,PD,TP,D
10:50:29,INDF,RG,6425,1,D,PD,TP,D
10:50:29,INDF,RG,6425,21,F,AK,TP,D
10:50:29,INDF,RG,6425,1,D,XC,TP,D
10:50:29,INDF,RG,6425,20,F,ZP,TP,D
10:50:29,INDF,RG,6425,119,F,AK,TP,D
10:50:29,INDF,RG,6425,7,F,DX,TP,D
10:50:29,INDF,RG,6425,19,F,ZP,TP,D
10:50:29,INDF,RG,6425,21,F,ZP,TP,D
10:50:29,INDF,RG,6425,19,F,ZP,TP,D
10:50:29,INDF,RG,6425,118,D,EP,TP,D
10:50:29,INDF,RG,6425,13,D,EP,RX,F
10:50:27,INDF,RG,6425,6,D,EP,RX,F
10:50:09,INDF,RG,6425,15,D,EP,AK,F
10:50:05,INDF,RG,6425,7,D,EP,AK,D
10:49:57,INDF,RG,6450,158,F,AK,LG,D
10:49:57,INDF,RG,6450,24,F,AK,LG,D
10:49:56,INDF,RG,6425,41,D,EP,NI,D
10:49:56,INDF,RG,6425,5,D,BQ,NI,D
10:49:56,INDF,RG,6425,5,D,PD,NI,D
10:49:56,INDF,RG,6425,2,D,PD,NI,D
10:49:56,INDF,RG,6425,47,F,AK,NI,D
10:49:39,INDF,RG,6425,6,F,AK,DX,D
10:49:28,INDF,RG,6450,14,F,AK,LG,D
10:49:26,INDF,RG,6425,40,F,AK,LG,D
10:49:05,INDF,RG,6425,5,F,AK,AK,D
10:48:59,INDF,RG,6425,40,F,AK,LG,D
10:48:04,INDF,RG,6425,1,F,AK,RX,D
10:47:59,INDF,RG,6425,1,F,AK,SQ,D
10:47:59,INDF,RG,6425,2,F,ZP,SQ,D
10:47:49,INDF,RG,6425,18,F,ZP,ZP,F
10:47:49,INDF,RG,6425,2,D,XC,ZP,F
10:47:08,INDF,RG,6425,1,D,XC,DX,D
10:47:08,INDF,RG,6425,4,F,DX,DX,D
10:46:50,INDF,RG,6425,5,F,DX,AK,D
10:46:50,INDF,RG,6425,2,F,ZP,AK,D
10:46:28,INDF,RG,6450,15,D,CC,LG,D
10:46:09,INDF,RG,6425,11,F,ZP,AK,F
10:45:46,INDF,RG,6425,6,F,ZP,LG,D
10:45:37,INDF,RG,6425,2,F,ZP,PD,D
10:45:37,INDF,RG,6425,12,F,ZP,PD,D
10:45:22,INDF,RG,6425,2,F,ZP,YP,D
10:45:20,INDF,RG,6425,6,F,ZP,AK,D
10:45:20,INDF,RG,6425,1,F,BK,AK,D
10:45:07,INDF,RG,6425,11,F,BK,KK,D
10:44:57,INDF,RG,6425,14,F,BK,RX,F
10:44:47,INDF,RG,6425,100,F,BK,AI,D
10:44:39,INDF,RG,6425,13,F,BK,CC,D
10:44:39,INDF,RG,6425,10,F,AK,CC,D
10:44:39,INDF,RG,6425,19,F,ZP,CC,D
10:44:39,INDF,RG,6425,120,D,YJ,CC,D
10:44:39,INDF,RG,6425,7,F,DX,CC,D
10:44:34,INDF,RG,6425,2,F,DX,DX,D
10:44:34,INDF,RG,6425,2,D,YJ,DX,D
10:43:49,INDF,RG,6425,1,D,YJ,RX,D
10:43:30,INDF,RG,6450,5,F,DX,LG,D
10:43:20,INDF,RG,6425,7,D,YJ,AK,D
10:42:08,INDF,RG,6425,4,D,YJ,DX,D
10:42:03,INDF,RG,6425,10,D,YJ,KK,D
10:41:55,INDF,RG,6425,10,D,YJ,PD,D
10:41:42,INDF,RG,6425,15,D,YJ,PD,D
10:41:20,INDF,RG,6425,6,D,YJ,AK,D
10:41:19,INDF,RG,6425,5,D,YJ,NI,D
10:40:54,INDF,RG,6425,12,D,YJ,AK,F
10:40:49,INDF,RG,6425,1,D,YJ,PD,D
10:39:54,INDF,RG,6425,2,D,YJ,RX,F
10:39:54,INDF,RG,6425,8,F,ZP,RX,F
10:39:53,INDF,RG,6425,10,F,ZP,ZP,D
10:39:52,INDF,RG,6425,1,F,ZP,RX,F
10:39:34,INDF,RG,6425,1,F,ZP,DX,D
10:39:34,INDF,RG,6425,5,F,ZP,DX,D
10:39:33,INDF,RG,6425,10,F,ZP,PD,D
10:39:23,INDF,RG,6425,4,F,ZP,DX,D
10:39:23,INDF,RG,6425,11,D,YJ,DX,D
10:39:20,INDF,RG,6425,1,D,YJ,RX,D
10:39:05,INDF,RG,6425,6,D,YJ,AK,D
10:38:59,INDF,RG,6450,6,F,DX,LG,D
10:38:48,INDF,RG,6450,11,D,CC,LG,D
10:38:01,INDF,RG,6425,1,D,YJ,CC,D
10:37:37,INDF,RG,6425,3,D,YJ,PD,D
10:37:30,INDF,RG,6425,4,D,YJ,CC,D
10:37:20,INDF,RG,6425,19,D,YJ,AG,D
10:37:20,INDF,RG,6425,1,F,ZP,AG,D
10:37:16,INDF,RG,6425,5,F,ZP,PD,D
10:37:04,INDF,RG,6425,15,F,ZP,ZP,F
10:37:04,INDF,RG,6425,6,D,YJ,ZP,F
10:37:04,INDF,RG,6425,4,D,YJ,DX,D
10:36:39,INDF,RG,6425,12,D,YJ,AK,F
10:36:15,INDF,RG,6425,5,D,YJ,NI,D
10:35:20,INDF,RG,6425,7,D,YJ,AK,D
10:35:07,INDF,RG,6425,27,D,YJ,PD,D
10:34:34,INDF,RG,6425,5,D,YJ,DX,D
10:34:29,INDF,RG,6450,10,F,AK,LG,D
10:33:50,INDF,RG,6425,6,D,YJ,AK,D
10:33:25,INDF,RG,6425,1,D,YJ,YP,D
10:33:18,INDF,RG,6450,3,D,PD,LG,D
10:33:09,INDF,RG,6425,12,D,YJ,AK,F
10:33:08,INDF,RG,6425,15,D,YJ,YP,D
10:33:08,INDF,RG,6425,3,D,YP,YP,D
10:33:08,INDF,RG,6425,6,F,DX,YP,D
10:33:08,INDF,RG,6425,16,D,NI,YP,D
10:33:08,INDF,RG,6425,10,D,NI,YP,D
10:32:50,INDF,RG,6425,5,D,NI,AK,D
10:32:44,INDF,RG,6450,10,F,AK,LG,D
10:32:28,INDF,RG,6425,9,D,NI,YP,D
10:32:28,INDF,RG,6425,6,F,ZP,YP,D
10:32:24,INDF,RG,6425,1,F,ZP,PD,D
10:32:09,INDF,RG,6450,6,F,DX,LG,D
10:32:06,INDF,RG,6425,5,F,ZP,DX,D
10:32:01,INDF,RG,6425,1,F,ZP,XC,D
10:31:25,INDF,RG,6425,6,F,ZP,RX,F
10:31:25,INDF,RG,6425,1,D,PD,RX,F
10:31:23,INDF,RG,6425,3,D,PD,RX,F
10:31:22,INDF,RG,6450,14,D,CC,LG,D
10:31:20,INDF,RG,6425,8,D,YP,AK,D
10:30:59,INDF,RG,6450,8,F,AK,LG,D
10:30:24,INDF,RG,6425,12,D,YP,AK,F
10:29:51,INDF,RG,6425,1,D,YP,DX,D
10:29:50,INDF,RG,6425,3,D,YP,AK,D
10:29:50,INDF,RG,6425,4,F,AK,AK,D
10:28:36,INDF,RG,6425,1,F,AK,RX,D
10:28:20,INDF,RG,6425,6,F,AK,AK,D
10:28:09,INDF,RG,6425,11,F,AK,AK,F
10:28:09,INDF,RG,6450,7,F,DX,LG,D
10:27:33,INDF,RG,6425,7,F,AK,ZP,F
10:27:33,INDF,RG,6425,8,F,AK,ZP,F
10:27:33,INDF,RG,6425,5,F,ZP,ZP,F
10:26:35,INDF,RG,6425,5,F,ZP,AK,D
10:25:57,INDF,RG,6425,9,F,ZP,PD,D
10:25:57,INDF,RG,6425,1,F,ZP,PD,D
10:25:53,INDF,RG,6450,2,D,PD,LG,D
10:25:40,INDF,RG,6425,2,F,ZP,CC,D
10:25:24,INDF,RG,6425,11,F,ZP,AK,F
10:25:18,INDF,RG,6425,3,F,ZP,AZ,D
10:24:17,INDF,RG,6425,3,F,ZP,NI,D
10:24:17,INDF,RG,6425,19,F,ZP,NI,D
10:23:40,INDF,RG,6450,15,D,CC,LG,D
10:23:32,INDF,RG,6425,1,F,ZP,XC,D
10:23:04,INDF,RG,6425,1,F,ZP,XC,D
10:23:00,INDF,RG,6450,7,F,DX,LG,D
10:22:54,INDF,RG,6425,11,F,ZP,AK,F
10:22:40,INDF,RG,6425,3,F,ZP,CC,D
10:22:13,INDF,RG,6425,1,F,ZP,NI,D
10:21:25,INDF,RG,6425,4,F,ZP,DH,D
10:21:25,INDF,RG,6425,12,D,AO,DH,D
10:21:24,INDF,RG,6425,1,D,AO,RX,D
10:20:56,INDF,RG,6425,1,D,AO,RX,D
10:20:12,INDF,RG,6425,1,D,AO,XC,D
10:19:38,INDF,RG,6425,8,D,AO,PD,D
10:19:33,INDF,RG,6450,6,F,DX,LG,D
10:18:39,INDF,RG,6425,21,D,AO,AK,F
10:18:30,INDF,RG,6425,7,D,AO,AK,D
10:18:28,INDF,RG,6425,20,D,AO,ZP,F
10:17:53,INDF,RG,6450,3,D,PD,LG,D
10:17:33,INDF,RG,6425,10,D,AO,RX,F
10:17:22,INDF,RG,6425,30,D,AO,NI,D
10:17:10,INDF,RG,6425,8,D,AO,PD,D
10:16:48,INDF,RG,6450,6,F,DX,LG,D
10:16:44,INDF,RG,6450,60,F,AK,LG,D
10:16:08,INDF,RG,6450,14,D,CC,LG,D
10:15:41,INDF,RG,6425,50,D,AO,AG,D
10:15:21,INDF,RG,6425,1,D,AO,RX,D
10:15:14,INDF,RG,6425,20,D,AO,PD,D
10:14:54,INDF,RG,6425,15,D,AO,AK,F
10:14:54,INDF,RG,6450,1,D,XC,LG,D
10:13:42,INDF,RG,6450,5,D,DH,LG,D
10:13:06,INDF,RG,6450,10,F,DX,LG,D
10:09:53,INDF,RG,6450,2,D,PD,LG,D
10:09:51,INDF,RG,6425,1,D,AO,DR,D
10:09:29,INDF,RG,6425,10,D,AO,YP,D
10:09:21,INDF,RG,6425,20,D,AO,ZP,F
10:09:20,INDF,RG,6425,20,D,AO,CC,D
10:08:51,INDF,RG,6425,9,D,AO,RX,F
10:08:49,INDF,RG,6425,1,D,AO,RX,F
10:08:40,INDF,RG,6450,12,D,CC,LG,D
10:08:22,INDF,RG,6450,1,D,YP,LG,D
10:07:35,INDF,RG,6425,25,D,AO,CC,D
10:07:35,INDF,RG,6450,50,D,YP,LG,D
10:07:15,INDF,RG,6425,1,D,AO,RX,D
10:04:35,INDF,RG,6425,6,D,AO,PD,D
10:04:09,INDF,RG,6425,16,D,AO,AK,F
10:02:32,INDF,RG,6450,19,D,YP,LG,D
10:01:59,INDF,RG,6450,44,F,AK,LG,D
10:01:06,INDF,RG,6450,15,D,CC,LG,D
10:00:54,INDF,RG,6425,21,D,AO,ZP,F
10:00:53,INDF,RG,6425,1,D,AO,RX,D
10:00:40,INDF,RG,6425,4,D,AO,NI,D
9:59:54,INDF,RG,6425,15,D,AO,AK,F
9:59:37,INDF,RG,6425,2,D,AO,CS,F
9:59:29,INDF,RG,6425,1,D,AO,CS,F
9:59:26,INDF,RG,6425,1,D,AO,CS,F
9:59:18,INDF,RG,6425,1,D,AO,CS,F
9:59:17,INDF,RG,6425,2,D,AO,CS,F
9:59:07,INDF,RG,6425,2,D,AO,CS,F
9:58:57,INDF,RG,6425,1,D,AO,CS,F
9:58:48,INDF,RG,6425,2,D,AO,CS,F
9:58:41,INDF,RG,6425,2,D,AO,PD,D
9:58:36,INDF,RG,6425,1,D,AO,CS,F
9:58:28,INDF,RG,6425,1,D,AO,CS,F
9:58:28,INDF,RG,6425,1,D,AO,CS,F
9:58:21,INDF,RG,6425,1,D,AO,RX,D
9:58:18,INDF,RG,6425,1,D,AO,CS,F
9:58:16,INDF,RG,6425,1,D,AO,CS,F
9:57:58,INDF,RG,6425,3,D,AO,CS,F
9:57:48,INDF,RG,6425,1,D,AO,CS,F
9:57:46,INDF,RG,6425,1,D,AO,CS,F
9:57:38,INDF,RG,6450,1,D,PD,LG,D
9:57:26,INDF,RG,6425,1,D,AO,CS,F
9:57:26,INDF,RG,6425,3,D,AO,CS,F
9:56:56,INDF,RG,6425,3,D,AO,CS,F
9:56:46,INDF,RG,6425,10,D,AO,RX,F
9:56:46,INDF,RG,6425,2,D,AO,CS,F
9:56:33,INDF,RG,6425,2,D,AO,CS,F
9:56:33,INDF,RG,6425,1,D,AO,CS,F
9:56:33,INDF,RG,6425,98,D,AO,GR,D
9:56:33,INDF,RG,6425,1,D,LG,GR,D
9:56:33,INDF,RG,6425,1,D,PD,GR,D
9:56:33,INDF,RG,6425,8,F,DX,GR,D
9:56:33,INDF,RG,6425,5,D,PD,GR,D
9:56:33,INDF,RG,6425,7,D,YB,GR,D
9:56:33,INDF,RG,6425,2,D,PD,GR,D
9:56:33,INDF,RG,6425,18,F,ZP,GR,D
9:56:32,INDF,RG,6425,1,F,ZP,NI,D
9:56:24,INDF,RG,6425,1,F,ZP,CS,F
9:56:05,INDF,RG,6425,1,F,ZP,CS,F
9:56:05,INDF,RG,6425,1,F,ZP,CS,F
9:56:00,INDF,RG,6425,19,F,ZP,TF,D
9:56:00,INDF,RG,6425,6,F,ZP,TF,D
9:55:54,INDF,RG,6425,13,F,ZP,AK,F
9:55:53,INDF,RG,6425,2,F,ZP,CS,F
9:55:53,INDF,RG,6425,2,F,ZP,CS,F
9:55:24,INDF,RG,6425,2,F,ZP,CS,F
9:55:13,INDF,RG,6425,5,F,ZP,CS,F
9:54:24,INDF,RG,6425,2,F,ZP,CS,F
9:54:22,INDF,RG,6425,6,F,ZP,CS,F
9:53:52,INDF,RG,6450,2,D,PD,LG,D
9:53:43,INDF,RG,6425,2,F,ZP,CS,F
9:53:36,INDF,RG,6450,14,D,CC,LG,D
9:53:34,INDF,RG,6425,2,F,ZP,CC,D
9:53:34,INDF,RG,6425,13,F,ZP,CC,D
9:53:34,INDF,RG,6425,2,F,ZP,XC,D
9:53:30,INDF,RG,6425,5,F,ZP,CS,F
9:53:00,INDF,RG,6425,3,F,AK,DX,D
9:52:43,INDF,RG,6425,1,F,AK,CS,F
9:52:40,INDF,RG,6425,2,F,AK,CS,F
9:52:24,INDF,RG,6425,9,F,AK,AK,F
9:52:24,INDF,RG,6425,1,F,AK,CS,F
9:52:20,INDF,RG,6425,2,F,AK,CS,F
9:52:10,INDF,RG,6425,1,F,AK,CS,F
9:52:00,INDF,RG,6425,2,F,AK,CS,F
9:51:53,INDF,RG,6425,1,F,AK,CS,F
9:51:39,INDF,RG,6425,2,F,AK,CS,F
9:51:33,INDF,RG,6425,11,F,AK,RX,F
9:51:33,INDF,RG,6425,1,F,AK,CS,F
9:51:18,INDF,RG,6425,2,F,AK,CS,F
9:51:17,INDF,RG,6425,43,F,AK,HP,D
9:51:17,INDF,RG,6425,7,F,AK,HP,D
9:51:12,INDF,RG,6425,1,F,AK,CS,F
9:51:00,INDF,RG,6425,2,D,AT,CS,F
9:50:54,INDF,RG,6425,7,F,DX,AK,F
9:50:54,INDF,RG,6425,2,D,PD,AK,F
9:50:50,INDF,RG,6425,1,D,YP,CS,F
9:50:40,INDF,RG,6425,3,D,YP,CS,F
9:50:21,INDF,RG,6425,1,D,YP,CS,F
9:50:09,INDF,RG,6425,2,D,YP,CS,F
9:50:09,INDF,RG,6425,1,D,PD,CS,F
9:50:00,INDF,RG,6425,1,D,PD,CS,F
9:49:59,INDF,RG,6425,1,D,DR,RX,D
9:49:57,INDF,RG,6425,21,F,ZP,ZP,F
9:49:47,INDF,RG,6425,1,D,DR,CS,F
9:49:47,INDF,RG,6425,1,D,AG,CS,F
9:49:31,INDF,RG,6425,1,D,AG,CS,F
9:49:28,INDF,RG,6425,1,D,AG,PD,D
9:49:28,INDF,RG,6425,3,D,AG,CS,F
9:49:20,INDF,RG,6425,1,D,AG,XC,D
9:49:16,INDF,RG,6425,9,D,AG,YB,D
9:49:15,INDF,RG,6425,2,D,AG,XC,D
9:48:55,INDF,RG,6425,3,D,AG,CS,F
9:48:51,INDF,RG,6425,2,D,AG,CS,F
9:48:34,INDF,RG,6425,3,D,AG,CS,F
9:48:24,INDF,RG,6425,4,D,AG,AK,F
9:48:24,INDF,RG,6425,10,F,AK,AK,F
9:48:24,INDF,RG,6425,1,F,ZP,AK,F
9:48:18,INDF,RG,6425,1,F,ZP,CS,F
9:48:06,INDF,RG,6425,18,F,ZP,NI,D
9:48:06,INDF,RG,6425,17,F,YU,NI,D
9:48:03,INDF,RG,6425,3,F,YU,CS,F
9:47:57,INDF,RG,6450,10,D,YP,LG,D
9:47:57,INDF,RG,6425,1,F,YU,CS,F
9:47:42,INDF,RG,6425,54,F,YU,NI,D
9:47:32,INDF,RG,6425,4,F,YU,CS,F
9:47:30,INDF,RG,6425,5,F,YU,PD,D
9:47:16,INDF,RG,6425,2,F,YU,CS,F
9:47:02,INDF,RG,6425,3,F,YU,CS,F
9:46:46,INDF,RG,6425,1,F,YU,CS,F
9:46:32,INDF,RG,6425,3,F,YU,CS,F
9:46:06,INDF,RG,6450,11,D,CC,LG,D
9:46:04,INDF,RG,6425,2,F,YU,CS,F
9:46:02,INDF,RG,6425,4,F,YU,CS,F
9:45:51,INDF,RG,6425,32,F,YU,RX,F
9:45:47,INDF,RG,6425,571,F,YU,SQ,D
9:45:47,INDF,RG,6425,21,F,ZP,SQ,D
9:45:47,INDF,RG,6425,50,D,YJ,SQ,D
9:45:47,INDF,RG,6425,5,F,DX,SQ,D
9:45:47,INDF,RG,6425,20,D,YJ,SQ,D
9:45:47,INDF,RG,6425,1,D,NI,SQ,D
9:45:47,INDF,RG,6425,32,F,AK,SQ,D
9:45:47,INDF,RG,6425,1,D,PD,SQ,D
9:45:47,INDF,RG,6425,75,D,YJ,SQ,D
9:45:47,INDF,RG,6425,2,D,PD,SQ,D
9:45:47,INDF,RG,6425,1,D,YP,SQ,D
9:45:47,INDF,RG,6425,7,F,DX,SQ,D
9:45:47,INDF,RG,6425,38,F,AK,SQ,D
9:45:47,INDF,RG,6425,20,D,YJ,SQ,D
9:45:47,INDF,RG,6425,45,D,YJ,SQ,D
9:45:47,INDF,RG,6425,2,D,PD,SQ,D
9:45:47,INDF,RG,6425,1,D,XC,SQ,D
9:45:47,INDF,RG,6425,65,D,YJ,SQ,D
9:45:47,INDF,RG,6425,5,D,XC,SQ,D
9:45:47,INDF,RG,6425,38,D,YJ,SQ,D
9:45:39,INDF,RG,6425,11,D,YJ,AK,F
9:45:30,INDF,RG,6425,1,D,YJ,CS,F
9:45:30,INDF,RG,6425,5,D,SQ,CS,F
9:45:30,INDF,RG,6425,2,F,DX,CS,F
9:45:11,INDF,RG,6425,4,F,DX,CS,F
9:44:06,INDF,RG,6425,1,F,DX,CS,F
9:44:06,INDF,RG,6425,8,D,YB,CS,F
9:43:50,INDF,RG,6425,3,D,YB,CS,F
9:42:44,INDF,RG,6425,8,D,YB,CS,F
9:42:37,INDF,RG,6425,3,D,YB,CS,F
9:42:28,INDF,RG,6425,3,D,YB,LG,D
9:42:10,INDF,RG,6425,1,D,YB,PD,D
9:42:09,INDF,RG,6425,14,D,YB,AK,F
9:41:34,INDF,RG,6425,8,D,YB,CS,F
9:41:32,INDF,RG,6450,1,D,XC,LG,D
9:41:24,INDF,RG,6425,3,D,YB,CS,F
9:40:17,INDF,RG,6425,20,D,YB,ZP,F
9:40:12,INDF,RG,6425,8,D,YB,CS,F
9:40:01,INDF,RG,6425,3,D,YB,CS,F
9:39:51,INDF,RG,6425,10,D,YB,YP,D
9:39:45,INDF,RG,6425,1,D,YB,RX,D
9:39:15,INDF,RG,6425,4,D,YB,LG,D
9:39:00,INDF,RG,6450,1,D,XC,LG,D
9:38:59,INDF,RG,6425,4,D,YB,CS,F
9:38:54,INDF,RG,6450,16,D,CC,LG,D
9:38:48,INDF,RG,6450,1,D,IF,LG,D
9:38:38,INDF,RG,6425,2,D,YB,CS,F
9:38:18,INDF,RG,6425,4,D,YB,CS,F
9:37:52,INDF,RG,6450,2,D,PD,LG,D
9:37:46,INDF,RG,6425,2,D,YB,CS,F
9:37:40,INDF,RG,6425,1,D,YB,XC,D
9:37:38,INDF,RG,6425,4,D,YB,CS,F
9:37:10,INDF,RG,6425,5,D,YB,CC,D
9:37:09,INDF,RG,6425,4,D,YB,CS,F
9:36:56,INDF,RG,6425,2,D,YB,CS,F
9:36:27,INDF,RG,6425,4,D,YB,CS,F
9:36:20,INDF,RG,6450,10,D,DR,LG,D
9:36:07,INDF,RG,6450,10,F,AK,LG,D
9:36:05,INDF,RG,6425,2,D,YB,CS,F
9:35:45,INDF,RG,6425,4,D,YB,CS,F
9:35:29,INDF,RG,6425,15,D,YB,NI,D
9:35:14,INDF,RG,6425,4,D,YB,CS,F
9:35:14,INDF,RG,6425,2,D,YB,CS,F
9:34:34,INDF,RG,6425,4,D,YB,CS,F
9:34:22,INDF,RG,6425,2,D,YB,CS,F
9:33:52,INDF,RG,6425,4,D,YB,CS,F
9:33:33,INDF,RG,6425,3,D,YB,CC,D
9:33:31,INDF,RG,6425,2,D,YB,CS,F
9:33:21,INDF,RG,6425,3,D,YB,CS,F
9:33:05,INDF,RG,6425,6,D,YB,CP,D
9:32:50,INDF,RG,6425,3,D,YB,CS,F
9:32:41,INDF,RG,6425,2,D,YB,CS,F
9:32:19,INDF,RG,6425,4,D,YB,CS,F
9:31:53,INDF,RG,6425,2,D,YB,PD,D
9:31:50,INDF,RG,6425,2,D,YB,CS,F
9:31:46,INDF,RG,6425,3,D,YB,CS,F
9:31:32,INDF,RG,6450,3,D,YP,LG,D
9:31:28,INDF,RG,6425,1,D,YB,CC,D
9:31:21,INDF,RG,6425,1,D,YB,CS,F
9:31:16,INDF,RG,6425,2,D,YB,CS,F
9:31:16,INDF,RG,6425,1,D,KK,CS,F
9:31:10,INDF,RG,6450,7,D,CC,LG,D
9:30:45,INDF,RG,6425,4,D,CC,CS,F
9:30:40,INDF,RG,6425,2,D,CC,CS,F
9:30:14,INDF,RG,6425,1,D,CC,CS,F
9:30:14,INDF,RG,6425,2,D,LS,CS,F
9:29:59,INDF,RG,6425,2,D,LS,YP,D
9:29:59,INDF,RG,6425,1,D,DH,YP,D
9:29:48,INDF,RG,6425,1,D,DH,CS,F
9:29:48,INDF,RG,6425,1,D,CC,CS,F
9:29:47,INDF,RG,6450,1,D,YP,LG,D
9:29:44,INDF,RG,6425,3,D,NI,CS,F
9:29:12,INDF,RG,6425,3,D,NI,CS,F
9:28:55,INDF,RG,6425,2,D,NI,CS,F
9:28:43,INDF,RG,6425,2,D,NI,CS,F
9:28:43,INDF,RG,6425,1,F,ZP,CS,F
9:28:13,INDF,RG,6425,3,F,ZP,CS,F
9:27:59,INDF,RG,6450,2,D,PD,LG,D
9:27:43,INDF,RG,6425,10,F,ZP,NI,D
9:27:41,INDF,RG,6425,3,F,ZP,CS,F
9:27:14,INDF,RG,6450,1,D,YP,LG,D
9:27:09,INDF,RG,6425,4,F,ZP,CS,F
9:26:39,INDF,RG,6425,2,F,ZP,YP,D
9:26:35,INDF,RG,6450,2,D,XC,LG,D
9:26:29,INDF,RG,6425,4,F,ZP,CS,F
9:26:17,INDF,RG,6450,1,D,YP,GR,D
9:25:57,INDF,RG,6425,1,F,ZP,CS,F
9:25:47,INDF,RG,6425,1,F,ZP,CS,F
9:25:38,INDF,RG,6425,1,F,ZP,CS,F
9:25:33,INDF,RG,6425,1,F,ZP,NI,D
9:25:28,INDF,RG,6425,5,F,ZP,PD,D
9:25:27,INDF,RG,6425,1,F,ZP,CS,F
9:25:16,INDF,RG,6425,1,F,ZP,CS,F
9:24:38,INDF,RG,6425,3,F,ZP,PD,D
9:24:38,INDF,RG,6425,2,D,PD,PD,D
9:24:38,INDF,RG,6425,5,D,SQ,PD,D
9:24:24,INDF,RG,6425,1,D,SQ,PD,D
9:23:18,INDF,RG,6425,1,D,SQ,XC,D
9:23:17,INDF,RG,6425,1,D,SQ,CS,F
9:23:17,INDF,RG,6425,2,D,SQ,PD,D
9:23:15,INDF,RG,6425,2,D,DR,XC,D
9:23:15,INDF,RG,6425,2,D,DR,CC,D
9:23:15,INDF,RG,6425,3,D,DR,CS,F
9:23:15,INDF,RG,6425,1,D,DR,CS,F
9:23:15,INDF,RG,6425,2,D,DR,CS,F
9:22:54,INDF,RG,6425,1,D,NI,DR,D
9:22:54,INDF,RG,6425,5,D,NI,CS,F
9:22:54,INDF,RG,6425,5,D,NI,CS,F
9:22:54,INDF,RG,6425,14,D,NI,RX,F
9:22:54,INDF,RG,6425,1,D,NI,PD,D
9:22:54,INDF,RG,6425,1,D,NI,CS,F
9:22:54,INDF,RG,6425,1,D,NI,CS,F
9:22:54,INDF,RG,6425,6,D,NI,ZP,F
9:22:36,INDF,RG,6425,3,D,PD,ZP,F
9:22:31,INDF,RG,6425,12,D,AZ,ZP,F
9:22:31,INDF,RG,6425,3,D,AZ,GR,D
9:20:55,INDF,RG,6425,13,F,BK,GR,D
9:20:55,INDF,RG,6425,2,D,DR,GR,D
9:20:55,INDF,RG,6425,97,F,AK,GR,D
9:20:52,INDF,RG,6425,20,F,AK,NI,D
9:20:52,INDF,RG,6425,19,F,BK,NI,D
9:20:52,INDF,RG,6425,11,F,ZP,NI,D
9:20:27,INDF,RG,6425,5,F,ZP,CC,D
9:19:49,INDF,RG,6425,5,F,ZP,PD,D
9:19:49,INDF,RG,6425,21,F,ZP,PD,D
9:19:49,INDF,RG,6425,21,F,ZP,PD,D
9:19:49,INDF,RG,6425,20,F,ZP,PD,D
9:19:49,INDF,RG,6425,6,F,DX,PD,D
9:19:49,INDF,RG,6425,9,F,DX,PD,D
9:19:49,INDF,RG,6425,11,D,CC,PD,D
9:19:49,INDF,RG,6425,21,F,ZP,PD,D
9:19:49,INDF,RG,6425,2,D,PD,PD,D
9:19:49,INDF,RG,6425,4,D,YP,PD,D
9:19:27,INDF,RG,6425,5,D,YP,CC,D
9:19:24,INDF,RG,6425,4,D,YP,CS,F
9:19:24,INDF,RG,6425,1,D,YP,DH,D
9:19:24,INDF,RG,6425,1,D,YP,CS,F
9:19:24,INDF,RG,6425,8,D,YP,PD,D
9:19:24,INDF,RG,6425,12,D,YP,CS,F
9:19:24,INDF,RG,6425,10,D,YP,CS,F
9:19:24,INDF,RG,6425,2,D,YP,CC,D
9:19:24,INDF,RG,6425,2,D,YP,YP,D
9:19:24,INDF,RG,6425,1,D,YP,PD,D
9:19:21,INDF,RG,6400,5,F,AK,IF,D
9:19:17,INDF,RG,6425,4,F,AK,PD,D
9:19:17,INDF,RG,6425,5,F,AK,OD,D
9:19:17,INDF,RG,6425,5,F,AK,PD,D
9:19:17,INDF,RG,6425,13,F,AK,RX,F
9:19:17,INDF,RG,6425,1,F,AK,GR,D
9:19:17,INDF,RG,6425,1,F,AK,YP,D
9:19:17,INDF,RG,6425,7,F,AK,CS,F
9:19:17,INDF,RG,6425,3,F,AK,CS,F
9:19:17,INDF,RG,6425,2,F,AK,CC,D
9:19:17,INDF,RG,6425,1,F,AK,CC,D
9:19:17,INDF,RG,6425,18,F,AK,RX,F
9:19:17,INDF,RG,6425,5,F,AK,YP,D
9:19:17,INDF,RG,6425,1,F,AK,PD,D
9:19:17,INDF,RG,6425,22,F,AK,ZP,F
9:19:17,INDF,RG,6425,25,F,AK,CS,F
9:19:17,INDF,RG,6425,1,F,AK,PD,D
9:19:17,INDF,RG,6425,7,F,AK,YP,D
9:19:17,INDF,RG,6425,21,F,AK,ZP,F
9:19:17,INDF,RG,6425,5,F,AK,XC,D
9:19:17,INDF,RG,6425,1,F,AK,PD,D
9:19:17,INDF,RG,6425,1,F,AK,XC,D
9:19:17,INDF,RG,6425,3,F,AK,CS,F
9:19:17,INDF,RG,6400,15,F,AK,YP,D
9:17:16,INDF,RG,6425,2,D,PD,KK,D
9:17:16,INDF,RG,6425,3,D,PD,CC,D
9:16:47,INDF,RG,6400,29,F,AK,CS,F
9:16:37,INDF,RG,6400,1,F,AK,PD,D
9:16:21,INDF,RG,6400,99,F,AK,PD,D
9:16:21,INDF,RG,6400,36,D,DH,PD,D
9:14:34,INDF,RG,6400,8,D,DH,CS,F
9:14:34,INDF,RG,6400,1,D,YP,CS,F
9:14:34,INDF,RG,6400,3,F,BK,CS,F
9:14:14,INDF,RG,6400,5,F,BK,YP,D
9:14:14,INDF,RG,6400,3,F,BK,CC,D
9:13:55,INDF,RG,6400,20,F,BK,ZP,F
9:13:51,INDF,RG,6425,17,D,DH,YP,D
9:13:51,INDF,RG,6425,1,D,DH,CS,F
9:13:07,INDF,RG,6400,8,F,BK,NI,D
9:12:29,INDF,RG,6400,5,F,BK,CS,F
9:12:29,INDF,RG,6400,20,F,ZP,CS,F
9:12:29,INDF,RG,6400,6,F,ZP,CS,F
9:12:09,INDF,RG,6400,7,F,ZP,YP,D
9:10:56,INDF,RG,6400,2,F,ZP,CC,D
9:10:25,INDF,RG,6400,2,F,ZP,PD,D
9:10:20,INDF,RG,6400,3,F,ZP,CS,F
9:10:20,INDF,RG,6400,8,F,ZP,CS,F
9:10:08,INDF,RG,6400,10,F,ZP,XC,D
9:10:05,INDF,RG,6400,1,F,ZP,XC,D
9:10:05,INDF,RG,6400,2,F,ZP,XC,D
9:09:59,INDF,RG,6400,1,F,ZP,DH,D
9:09:00,INDF,RG,6400,2,F,ZP,PD,D
9:08:59,INDF,RG,6400,2,F,ZP,YP,D
9:08:42,INDF,RG,6400,13,F,ZP,ZP,F
9:08:42,INDF,RG,6400,7,F,ZP,ZP,F
9:08:41,INDF,RG,6400,14,F,ZP,CS,F
9:08:41,INDF,RG,6400,14,F,ZP,CS,F
9:08:34,INDF,RG,6425,1,D,XC,CS,F
9:07:50,INDF,RG,6400,1,F,ZP,CC,D
9:07:13,INDF,RG,6400,5,F,ZP,DH,D
9:06:19,INDF,RG,6400,1,F,ZP,YP,D
9:06:19,INDF,RG,6400,5,D,CC,YP,D
9:06:19,INDF,RG,6400,20,F,ZP,YP,D
9:06:19,INDF,RG,6400,13,F,DX,YP,D
9:06:19,INDF,RG,6400,5,F,ZP,YP,D
9:06:13,INDF,RG,6400,7,F,ZP,XA,D
9:05:54,INDF,RG,6400,1,F,ZP,XC,D
9:04:35,INDF,RG,6400,2,F,ZP,YP,D
9:04:06,INDF,RG,6400,3,F,ZP,YB,D
9:04:03,INDF,RG,6400,2,F,ZP,XC,D
9:04:03,INDF,RG,6400,14,F,ZP,XC,D
9:03:27,INDF,RG,6400,6,F,ZP,CC,D
9:03:27,INDF,RG,6400,10,F,ZP,CC,D
9:03:21,INDF,RG,6400,1,F,ZP,CS,F
9:03:21,INDF,RG,6400,2,F,ZP,CS,F
9:03:21,INDF,RG,6400,3,F,ZP,CS,F
9:03:20,INDF,RG,6400,5,F,ZP,CS,F
9:03:20,INDF,RG,6400,15,F,ZP,CS,F
9:03:20,INDF,RG,6400,5,F,ZP,CS,F
9:03:20,INDF,RG,6400,3,F,ZP,CS,F
9:03:20,INDF,RG,6400,2,F,ZP,CS,F
9:03:20,INDF,RG,6400,16,F,ZP,RX,F
9:03:20,INDF,RG,6400,20,F,ZP,RX,F
9:03:19,INDF,RG,6400,19,F,ZP,RX,F
9:03:19,INDF,RG,6400,20,F,ZP,RX,F
9:03:18,INDF,RG,6400,19,F,ZP,RX,F
9:03:18,INDF,RG,6400,20,F,ZP,RX,F
9:03:17,INDF,RG,6400,21,F,ZP,RX,F
9:03:17,INDF,RG,6400,16,F,ZP,RX,F
9:03:17,INDF,RG,6400,4,F,ZP,PD,D
9:03:17,INDF,RG,6400,2,F,ZP,PD,D
9:03:17,INDF,RG,6400,12,F,ZP,CS,F
9:03:17,INDF,RG,6400,2,F,ZP,CS,F
9:03:17,INDF,RG,6400,4,F,ZP,CC,D
9:03:16,INDF,RG,6400,6,F,ZP,CC,D
9:03:16,INDF,RG,6400,14,F,ZP,ZP,F
9:03:16,INDF,RG,6400,8,F,ZP,ZP,F
9:03:16,INDF,RG,6400,13,F,ZP,ZP,F
9:03:16,INDF,RG,6400,8,F,ZP,ZP,F
9:03:16,INDF,RG,6400,12,F,ZP,CC,D
9:03:16,INDF,RG,6400,19,F,ZP,CC,D
9:03:11,INDF,RG,6400,21,F,ZP,CC,D
9:03:09,INDF,RG,6400,50,D,XA,CC,D
9:03:07,INDF,RG,6400,20,F,ZP,CC,D
9:03:04,INDF,RG,6400,20,F,ZP,CC,D
9:03:03,INDF,RG,6375,5,D,YP,XC,D
9:02:59,INDF,RG,6400,20,F,ZP,CC,D
9:02:59,INDF,RG,6375,2,D,YP,YP,D
9:02:57,INDF,RG,6400,20,F,ZP,CC,D
9:02:56,INDF,RG,6400,2,D,YB,CC,D
9:02:56,INDF,RG,6400,500,F,AK,CC,D
9:02:54,INDF,RG,6400,21,F,ZP,CC,D
9:02:52,INDF,RG,6400,21,F,ZP,CC,D
9:02:50,INDF,RG,6400,20,F,ZP,CC,D
9:02:48,INDF,RG,6400,19,F,ZP,CC,D
9:02:48,INDF,RG,6375,4,D,YP,CS,F
9:02:48,INDF,RG,6375,3,D,YP,CS,F
9:02:47,INDF,RG,6375,5,D,YP,CS,F
9:02:47,INDF,RG,6375,3,D,CC,KK,D
9:02:46,INDF,RG,6375,2,D,CC,AT,D
9:02:46,INDF,RG,6375,1,D,CC,IF,D
9:02:46,INDF,RG,6375,1,D,YP,IF,D
9:02:46,INDF,RG,6375,1,D,YP,CC,D
9:02:46,INDF,RG,6375,1,D,YP,NI,D
9:02:46,INDF,RG,6375,1,D,YP,NI,D
9:02:46,INDF,RG,6375,1,D,YP,NI,D
9:02:46,INDF,RG,6375,1,D,PD,NI,D
9:02:46,INDF,RG,6375,1,D,YP,NI,D
9:02:46,INDF,RG,6375,1,D,PD,PD,D
9:02:46,INDF,RG,6375,1,D,KK,PD,D
9:02:46,INDF,RG,6375,3,D,PD,PD,D
9:02:46,INDF,RG,6375,1,D,PD,PD,D
9:02:46,INDF,RG,6375,2,D,PD,PD,D
9:02:46,INDF,RG,6375,1,D,PD,PD,D
9:02:46,INDF,RG,6375,1,D,XC,PD,D
9:02:46,INDF,RG,6375,2,D,PD,PD,D
9:02:46,INDF,RG,6375,3,D,YB,PD,D
9:02:46,INDF,RG,6375,1,D,YB,PD,D
9:02:45,INDF,RG,6375,3,D,YB,CS,F
9:02:45,INDF,RG,6375,1,D,PD,CS,F
9:02:45,INDF,RG,6400,20,F,ZP,CC,D
9:02:45,INDF,RG,6400,4,D,PD,CC,D
9:02:45,INDF,RG,6400,39,D,PD,CC,D
9:02:45,INDF,RG,6400,21,F,ZP,CC,D
9:02:45,INDF,RG,6400,10,D,SQ,CC,D
9:02:45,INDF,RG,6400,5,D,YP,CC,D
9:02:45,INDF,RG,6400,1,D,KK,CC,D
9:02:45,INDF,RG,6400,350,F,AK,CC,D
9:02:45,INDF,RG,6400,1,D,DR,CC,D
9:02:45,INDF,RG,6400,2,D,YP,CC,D
9:02:45,INDF,RG,6400,1,D,KK,CC,D
9:02:45,INDF,RG,6400,512,F,AK,CC,D
9:02:45,INDF,RG,6400,1,D,KK,CC,D
9:02:45,INDF,RG,6400,8,D,PD,CC,D
9:02:45,INDF,RG,6400,2,D,XC,CC,D
9:02:45,INDF,RG,6400,1,D,XC,CC,D
9:02:45,INDF,RG,6400,20,D,DR,CC,D
9:02:45,INDF,RG,6400,30,D,LS,CC,D
9:02:45,INDF,RG,6400,415,D,OD,CC,D
9:02:45,INDF,RG,6400,1,D,YP,CC,D
9:02:45,INDF,RG,6400,1,F,NI,CC,D
9:02:45,INDF,RG,6400,1,D,PD,CC,D
9:02:45,INDF,RG,6400,2,D,GR,CC,D
9:02:45,INDF,RG,6400,1,D,LG,CC,D
9:02:45,INDF,RG,6400,16,D,KK,CC,D
9:02:45,INDF,RG,6400,2,D,KK,CC,D
9:02:45,INDF,RG,6400,1,D,PD,CC,D
9:02:45,INDF,RG,6400,2,D,PD,CC,D
9:02:45,INDF,RG,6400,1,D,XC,CC,D
9:02:45,INDF,RG,6400,1,D,SQ,CC,D
9:02:45,INDF,RG,6400,2,D,PD,CC,D
9:02:45,INDF,RG,6400,2,D,PD,CC,D
9:02:45,INDF,RG,6400,150,D,KK,CC,D
9:02:45,INDF,RG,6400,1,D,XC,CC,D
9:02:45,INDF,RG,6400,1,D,XC,CC,D
9:02:45,INDF,RG,6400,4,D,CD,CC,D
9:02:45,INDF,RG,6400,350,D,AG,CC,D
9:02:45,INDF,RG,6400,2,D,YB,CC,D
9:02:45,INDF,RG,6400,865,D,MG,CC,D
9:02:33,INDF,RG,6425,21,F,ZP,CC,D
9:02:31,INDF,RG,6425,21,F,ZP,CC,D
9:02:31,INDF,RG,6400,5,D,MG,PD,D
9:02:30,INDF,RG,6400,300,D,MG,PD,D
9:02:24,INDF,RG,6425,20,D,DR,CC,D
9:01:48,INDF,RG,6425,21,F,ZP,CC,D
9:01:48,INDF,RG,6400,9,D,MG,CS,F
9:01:47,INDF,RG,6400,22,D,MG,CS,F
9:01:07,INDF,RG,6400,17,D,MG,NI,D
9:00:56,INDF,RG,6425,1,D,YP,CC,D
9:00:43,INDF,RG,6425,19,F,ZP,CC,D
9:00:43,INDF,RG,6425,21,F,ZP,CC,D
9:00:43,INDF,RG,6425,20,F,ZP,CC,D
9:00:42,INDF,RG,6425,20,F,ZP,CC,D
9:00:42,INDF,RG,6425,19,F,ZP,CC,D
9:00:41,INDF,RG,6425,20,F,ZP,CC,D
9:00:39,INDF,RG,6425,19,F,ZP,CC,D
9:00:37,INDF,RG,6425,20,F,ZP,CC,D
9:00:33,INDF,RG,6425,16,D,NI,CC,D
9:00:31,INDF,RG,6425,20,F,ZP,CC,D
9:00:16,INDF,RG,6400,16,D,MG,PD,D
9:00:15,INDF,RG,6425,248,F,AK,CC,D
9:00:11,INDF,RG,6425,19,F,ZP,CC,D
9:00:09,INDF,RG,6400,750,D,MG,PD,D
9:00:07,INDF,RG,6425,40,D,LS,CC,D
9:00:03,INDF,RG,6425,2,F,YP,CC,D
9:00:01,INDF,RG,6400,16,D,MG,YP,D
9:00:00,INDF,RG,6425,4,D,YB,CC,D
8:55:00,INDF,RG,6425,16,D,OD,CC,D
8:55:00,INDF,RG,6425,9,D,YP,CC,D
8:55:00,INDF,RG,6425,38,F,NI,CC,D
8:55:00,INDF,RG,6425,2,D,YP,CC,D
8:55:00,INDF,RG,6425,1,D,KK,CC,D
8:55:00,INDF,RG,6425,32,D,CC,CC,D
8:55:00,INDF,RG,6425,1,D,PD,CC,D
8:55:00,INDF,RG,6425,3,D,PD,CC,D
8:55:00,INDF,RG,6425,36,D,KK,CC,D
8:55:00,INDF,RG,6425,1,D,XC,CC,D
8:55:00,INDF,RG,6425,3,D,PD,CC,D
8:55:00,INDF,RG,6425,2,D,PD,CC,D
8:55:00,INDF,RG,6425,1,D,PD,CC,D
8:55:00,INDF,RG,6425,2126,F,GW,CC,D
8:55:00,INDF,RG,6425,1,F,GW,XC,D
8:55:00,INDF,RG,6425,1,F,GW,PD,D
8:55:00,INDF,RG,6425,11,F,GW,YP,D
8:55:00,INDF,RG,6425,21,F,GW,YP,D
8:55:00,INDF,RG,6425,1,F,GW,PD,D
8:55:00,INDF,RG,6425,238,F,GW,KK,D
8:55:00,INDF,RG,6425,1,F,GW,XC,D
8:55:00,INDF,RG,6425,1,F,GW,GR,D
8:55:00,INDF,RG,6425,1,F,GW,YP,D
8:55:00,INDF,RG,6425,10,F,GW,PD,D
8:55:00,INDF,RG,6425,1,F,GW,PD,D
8:55:00,INDF,RG,6425,1,F,GW,YU,F
8:55:00,INDF,RG,6425,13,F,GW,ZP,F
8:55:00,INDF,RG,6425,112,F,GW,AK,D
8:55:00,INDF,RG,6425,6,F,GW,CS,F
8:55:00,INDF,RG,6425,4,F,GW,CS,F
8:55:00,INDF,RG,6425,11,F,DX,CS,F
8:55:00,INDF,RG,6425,5,F,DX,CG,F
8:55:00,INDF,RG,6425,25,F,AK,CG,F