Time,Stock,Brd,Price,Qty,BT,BC,SC,ST
15:14:53,INDF,RG,6425,91,D,LG,SQ,D
15:14:53,INDF,RG,6425,59,D,LG,GR,D
15:14:24,INDF,RG,6425,20,D,PD,GR,D
15:13:04,INDF,RG,6425,50,D,EP,GR,D
15:11:42,INDF,RG,6425,16,D,YP,GR,D
15:10:24,INDF,RG,6425,5,D,YP,GR,D
15:08:32,INDF,RG,6425,1,D,CC,GR,D
15:07:54,INDF,RG,6425,50,D,BQ,GR,D
15:07:35,INDF,RG,6425,1,D,CC,GR,D
15:07:03,INDF,RG,6425,8,D,CC,GR,D
15:06:52,INDF,RG,6425,1,D,PD,GR,D
15:05:32,INDF,RG,6425,315,D,KK,GR,D
15:05:02,INDF,RG,6425,1,D,EP,GR,D
15:05:02,INDF,RG,6425,1,D,YP,GR,D
15:05:02,INDF,RG,6425,10,D,BQ,GR,D
15:00:00,INDF,RG,6425,1,D,XL,GR,D
15:00:00,INDF,RG,6425,2,D,YP,GR,D
15:00:00,INDF,RG,6425,3,D,NI,GR,D
15:00:00,INDF,RG,6425,1,D,YP,GR,D
15:00:00,INDF,RG,6425,25,D,XC,GR,D
15:00:00,INDF,RG,6425,40,D,ZP,GR,D
15:00:00,INDF,RG,6425,7,D,NI,GR,D
15:00:00,INDF,RG,6425,2,D,XC,GR,D
15:00:00,INDF,RG,6425,1,D,YP,GR,D
15:00:00,INDF,RG,6425,10,D,SQ,GR,D
15:00:00,INDF,RG,6425,1,D,XL,GR,D
15:00:00,INDF,RG,6425,1,D,NI,GR,D
15:00:00,INDF,RG,6425,5,D,NI,GR,D
15:00:00,INDF,RG,6425,4,D,XA,GR,D
15:00:00,INDF,RG,6425,20,D,NI,GR,D
15:00:00,INDF,RG,6425,2,D,CC,GR,D
15:00:00,INDF,RG,6425,1,D,XC,GR,D
15:00:00,INDF,RG,6425,16,D,YP,GR,D
15:00:00,INDF,RG,6425,16,D,YP,GR,D
15:00:00,INDF,RG,6425,2304,F,YU,GR,D
15:00:00,INDF,RG,6425,7,F,YU,TP,D
15:00:00,INDF,RG,6425,3,F,ZP,TP,D
15:00:00,INDF,RG,6425,15,F,ZP,XC,D
15:00:00,INDF,RG,6425,1,F,ZP,PD,D
15:00:00,INDF,RG,6425,7,F,ZP,XC,D
15:00:00,INDF,RG,6425,2,F,ZP,XC,D
15:00:00,INDF,RG,6425,200,F,ZP,KK,D
15:00:00,INDF,RG,6425,10,F,ZP,OD,D
15:00:00,INDF,RG,6425,5,F,ZP,PD,D
15:00:00,INDF,RG,6425,22,F,ZP,XC,D
15:00:00,INDF,RG,6425,16,F,ZP,YP,D
15:00:00,INDF,RG,6425,50,F,ZP,YP,D
15:00:00,INDF,RG,6425,60,F,ZP,CC,D
15:00:00,INDF,RG,6425,8,F,ZP,CC,D
15:00:00,INDF,RG,6425,10,F,ZP,RF,D
15:00:00,INDF,RG,6425,335,F,BK,RF,D
15:00:00,INDF,RG,6425,28,F,BK,RF,D
15:00:00,INDF,RG,6425,10,F,BK,TP,D
15:00:00,INDF,RG,6425,6,F,BK,SQ,D
15:00:00,INDF,RG,6425,44,F,BK,SQ,D
15:00:00,INDF,RG,6425,2,F,BK,XC,D
15:00:00,INDF,RG,6425,2,F,BK,DR,D
15:00:00,INDF,RG,6425,2,F,BK,PD,D
15:00:00,INDF,RG,6425,5,F,BK,YP,D
15:00:00,INDF,RG,6425,2,F,BK,DR,D
15:00:00,INDF,RG,6425,10,F,BK,CC,D
15:00:00,INDF,RG,6425,380,F,BK,CC,D
15:00:00,INDF,RG,6425,620,F,BK,CC,D
15:00:00,INDF,RG,6425,5,F,BK,YP,D
15:00:00,INDF,RG,6425,10,F,BK,YP,D
15:00:00,INDF,RG,6425,8,F,BK,AZ,D
15:00:00,INDF,RG,6425,5,F,BK,PD,D
15:00:00,INDF,RG,6425,57,F,BK,CC,D
15:00:00,INDF,RG,6425,15,F,BK,PD,D
15:00:00,INDF,RG,6425,25,F,BK,YP,F
15:00:00,INDF,RG,6425,10,F,BK,XC,D
15:00:00,INDF,RG,6425,5,F,BK,CC,D
15:00:00,INDF,RG,6425,53,F,BK,CC,D
15:00:00,INDF,RG,6425,365,F,BK,CC,D
15:00:00,INDF,RG,6425,5,F,BK,YJ,D
15:00:00,INDF,RG,6425,25,F,BK,PD,D
15:00:00,INDF,RG,6425,4,F,BK,PD,D
15:00:00,INDF,RG,6425,1,F,BK,NI,D
15:00:00,INDF,RG,6425,1,F,BK,PD,D
15:00:00,INDF,RG,6425,5,F,BK,YJ,D
15:00:00,INDF,RG,6425,99,F,BK,PD,D
15:00:00,INDF,RG,6425,460,F,DX,PD,D
15:00:00,INDF,RG,6425,20,F,DX,AG,F
15:00:00,INDF,RG,6425,1,F,DX,YP,D
15:00:00,INDF,RG,6425,1,F,DX,XC,D
15:00:00,INDF,RG,6425,3,F,DX,YP,D
15:00:00,INDF,RG,6425,1,F,DX,YP,D
15:00:00,INDF,RG,6425,100,F,DX,KK,D
15:00:00,INDF,RG,6425,100,F,DX,CC,D
15:00:00,INDF,RG,6425,1,F,DX,NI,D
15:00:00,INDF,RG,6425,3,F,DX,XC,D
15:00:00,INDF,RG,6425,1,F,DX,CC,D
15:00:00,INDF,RG,6425,8,F,DX,PD,D
15:00:00,INDF,RG,6425,33,F,DX,PD,D
15:00:00,INDF,RG,6425,100,F,DX,PD,D
15:00:00,INDF,RG,6425,50,F,DX,YU,D
15:00:00,INDF,RG,6425,1,F,DX,CC,D
15:00:00,INDF,RG,6425,100,F,DX,NI,D
15:00:00,INDF,RG,6425,4,F,DX,NI,D
15:00:00,INDF,RG,6425,2,F,DX,YP,D
15:00:00,INDF,RG,6425,10,F,DX,PD,D
15:00:00,INDF,RG,6425,50,F,DX,YP,D
15:00:00,INDF,RG,6425,2,F,DX,PD,D
15:00:00,INDF,RG,6425,1,F,DX,XC,D
15:00:00,INDF,RG,6425,1,F,DX,YP,D
15:00:00,INDF,RG,6425,50,F,DX,LG,D
15:00:00,INDF,RG,6425,40,F,DX,HP,D
15:00:00,INDF,RG,6425,100,F,DX,PD,D
15:00:00,INDF,RG,6425,200,F,DX,PD,D
15:00:00,INDF,RG,6425,5,F,DX,LG,D
15:00:00,INDF,RG,6425,1,F,DX,PD,D
15:00:00,INDF,RG,6425,20,F,DX,CC,D
15:00:00,INDF,RG,6425,3,F,DX,BQ,D
15:00:00,INDF,RG,6425,2,F,DX,NI,D
15:00:00,INDF,RG,6425,10,F,DX,NI,D
15:00:00,INDF,RG,6425,1,F,DX,CC,D
15:00:00,INDF,RG,6425,5,F,DX,PD,D
15:00:00,INDF,RG,6425,2,F,DX,PD,D
15:00:00,INDF,RG,6425,58,F,DX,LG,D
15:00:00,INDF,RG,6425,1,F,DX,EP,D
15:00:00,INDF,RG,6425,1,F,DX,PD,D
15:00:00,INDF,RG,6425,280,F,DX,DR,D
15:00:00,INDF,RG,6425,300,F,DX,YU,D
15:00:00,INDF,RG,6425,5,F,DX,PD,D
15:00:00,INDF,RG,6425,4,F,DX,XC,D
15:00:00,INDF,RG,6425,50,F,DX,YP,D
15:00:00,INDF,RG,6425,1,F,DX,KK,D
15:00:00,INDF,RG,6425,50,F,DX,IN,D
15:00:00,INDF,RG,6425,200,F,DX,GR,D
15:00:00,INDF,RG,6425,1,F,DX,XC,D
15:00:00,INDF,RG,6425,1,F,DX,AZ,D
15:00:00,INDF,RG,6425,250,F,DX,AZ,D
15:00:00,INDF,RG,6425,100,F,DX,SQ,D
15:00:00,INDF,RG,6425,1,F,DX,NI,D
15:00:00,INDF,RG,6425,1,F,DX,HP,D
15:00:00,INDF,RG,6425,20,F,DX,BQ,D
15:00:00,INDF,RG,6425,10,F,DX,NI,D
15:00:00,INDF,RG,6425,7,F,DX,LG,D
15:00:00,INDF,RG,6425,178,F,DX,AK,F
15:00:00,INDF,RG,6425,14,F,DX,DX,D
15:00:00,INDF,RG,6425,9,F,YU,DX,D
15:00:00,INDF,RG,6425,85,F,YU,DX,D
15:00:00,INDF,RG,6425,2,F,AK,DX,D
15:00:00,INDF,RG,6425,4,F,AK,DX,D
15:00:00,INDF,RG,6425,47,F,YU,DX,D
15:00:00,INDF,RG,6425,12,F,YU,FS,F
15:00:00,INDF,RG,6425,2,F,AK,FS,F
15:00:00,INDF,RG,6425,40,D,RX,FS,F
15:00:00,INDF,RG,6425,1332,D,RX,BB,F
15:00:00,INDF,RG,6425,9,D,RX,AK,F
15:00:00,INDF,RG,6425,39,D,RX,DR,D
15:00:00,INDF,RG,6425,606,D,RX,KZ,D
15:00:00,INDF,RG,6425,669,D,RX,KZ,F
15:00:00,INDF,RG,6425,71,D,RX,DP,D
15:00:00,INDF,RG,6425,594,D,RX,YU,D
15:00:00,INDF,RG,6425,55,D,RX,LG,D
15:00:00,INDF,RG,6425,25,D,CC,LG,D
14:49:56,INDF,RG,6425,19,F,DX,LG,D
14:49:45,INDF,RG,6400,800,D,IF,RF,D
14:49:31,INDF,RG,6425,14,F,YU,LG,D
14:49:30,INDF,RG,6400,6,D,IF,SQ,D
14:49:30,INDF,RG,6425,8,F,BK,LG,D
14:49:09,INDF,RG,6425,4,D,BB,LG,D
14:49:09,INDF,RG,6425,5,D,BB,YP,D
14:49:09,INDF,RG,6425,1,D,BB,PD,D
14:49:09,INDF,RG,6425,10,D,BB,PD,D
14:49:09,INDF,RG,6425,1,D,BB,PD,D
14:49:09,INDF,RG,6425,10,D,BB,YP,D
14:49:09,INDF,RG,6425,2,D,BB,SQ,D
14:49:09,INDF,RG,6425,59,D,BB,PD,D
14:49:06,INDF,RG,6425,9,F,BK,PD,D
14:49:06,INDF,RG,6425,39,D,BB,PD,D
14:49:05,INDF,RG,6400,30,D,IF,DX,F
14:49:04,INDF,RG,6425,22,F,YU,PD,D
14:49:03,INDF,RG,6425,10,D,AG,PD,D
14:49:01,INDF,RG,6425,1,D,PD,PD,D
14:49:00,INDF,RG,6425,1,D,AK,PD,D
14:48:59,INDF,RG,6425,11,D,BB,PD,D
14:48:49,INDF,RG,6425,1,D,BB,PD,D
14:48:47,INDF,RG,6425,6,D,YP,PD,D
14:48:47,INDF,RG,6425,4,D,YP,YU,D
14:48:42,INDF,RG,6425,24,D,BB,YU,D
14:48:42,INDF,RG,6425,72,D,CC,YU,D
14:48:41,INDF,RG,6425,4,D,CC,CC,D
14:48:41,INDF,RG,6425,10,D,CC,LG,D
14:48:41,INDF,RG,6425,3,D,CC,PD,D
14:48:41,INDF,RG,6425,2,D,CC,PD,D
14:48:41,INDF,RG,6425,9,D,CC,OD,D
14:48:33,INDF,RG,6400,1,D,IF,NI,D
14:48:30,INDF,RG,6425,1,D,CC,OD,D
14:48:30,INDF,RG,6425,3,D,CC,XC,D
14:48:30,INDF,RG,6425,1,D,CC,YP,D
14:48:30,INDF,RG,6425,1,D,CC,NI,D
14:48:30,INDF,RG,6425,25,D,CC,YP,F
14:48:30,INDF,RG,6425,15,D,CC,CC,D
14:48:30,INDF,RG,6425,5,D,CC,CC,D
14:48:30,INDF,RG,6425,1000,D,CC,DR,D
14:48:30,INDF,RG,6425,50,D,CC,KK,D
14:48:30,INDF,RG,6425,6,D,CC,CC,D
14:48:30,INDF,RG,6425,25,D,CC,CC,D
14:48:30,INDF,RG,6425,20,D,CC,DX,D
14:48:30,INDF,RG,6425,50,D,CC,YP,D
14:48:30,INDF,RG,6425,10,D,CC,NI,D
14:48:30,INDF,RG,6425,78,D,CC,AZ,D
14:48:29,INDF,RG,6425,3,D,BB,AZ,D
14:48:20,INDF,RG,6425,23,D,DR,AZ,D
14:48:15,INDF,RG,6425,1,D,XC,AZ,D
14:48:11,INDF,RG,6425,22,D,DR,AZ,D
14:48:02,INDF,RG,6400,250,D,IF,DR,D
14:48:01,INDF,RG,6400,196,D,IF,BK,F
14:47:56,INDF,RG,6425,11,D,DR,AZ,D
14:47:56,INDF,RG,6425,112,F,DX,AZ,D
14:47:55,INDF,RG,6425,5,F,DX,LG,D
14:47:54,INDF,RG,6425,277,F,DX,BK,F
14:47:54,INDF,RG,6425,4,D,NI,BK,F
14:47:54,INDF,RG,6425,500,D,DR,BK,F
14:47:54,INDF,RG,6425,23,F,YU,BK,F
14:47:54,INDF,RG,6425,1,D,AK,BK,F
14:47:54,INDF,RG,6425,66,F,DX,BK,F
14:47:54,INDF,RG,6425,74,F,BK,BK,F
14:47:54,INDF,RG,6425,49,F,BK,BK,F
14:47:54,INDF,RG,6425,6,D,DR,BK,F
14:47:54,INDF,RG,6450,11,F,BK,LG,D
14:47:54,INDF,RG,6425,11,D,DR,BK,F
14:47:53,INDF,RG,6425,7,D,DR,BK,F
14:47:53,INDF,RG,6425,83,F,BK,BK,F
14:47:53,INDF,RG,6425,79,D,BB,BK,F
14:47:53,INDF,RG,6425,831,D,RX,BK,F
14:47:53,INDF,RG,6450,6,F,DX,LG,D
14:47:53,INDF,RG,6450,20,F,DX,PD,D
14:47:53,INDF,RG,6450,30,F,DX,DR,D
14:47:53,INDF,RG,6450,5,F,DX,PD,D
14:47:53,INDF,RG,6450,1,F,DX,PD,D
14:47:53,INDF,RG,6450,1,F,DX,YP,D
14:47:53,INDF,RG,6450,1,F,DX,PD,D
14:47:53,INDF,RG,6450,76,F,DX,SQ,D
14:47:52,INDF,RG,6450,10,F,BK,SQ,D
14:47:50,INDF,RG,6425,50,D,RX,YP,D
14:47:48,INDF,RG,6425,2,D,RX,KK,D
14:47:38,INDF,RG,6450,5,F,BK,SQ,D
14:47:38,INDF,RG,6450,1,F,BK,PD,D
14:47:38,INDF,RG,6450,1,F,BK,PD,D
14:47:38,INDF,RG,6450,3,F,BK,PD,D
14:47:36,INDF,RG,6450,1,F,BK,GR,D
14:47:36,INDF,RG,6450,5,F,BK,PD,D
14:47:36,INDF,RG,6450,5,F,BK,PD,D
14:47:31,INDF,RG,6450,6,F,BK,PD,D
14:47:31,INDF,RG,6450,3,F,BK,DR,D
14:47:30,INDF,RG,6450,10,D,PD,DR,D
14:47:22,INDF,RG,6450,62,F,DX,DR,D
14:47:22,INDF,RG,6450,1,F,DX,PD,D
14:47:22,INDF,RG,6450,21,F,DX,PD,D
14:47:22,INDF,RG,6450,10,F,BK,PD,D
14:47:22,INDF,RG,6450,62,D,BB,PD,D
14:47:21,INDF,RG,6450,11,F,BK,PD,D
14:47:18,INDF,RG,6450,12,F,YU,PD,D
14:47:15,INDF,RG,6450,1,F,AK,PD,D
14:47:09,INDF,RG,6425,48,D,RX,CD,D
14:47:08,INDF,RG,6450,9,F,BK,PD,D
14:47:08,INDF,RG,6450,16,F,YU,PD,D
14:47:06,INDF,RG,6450,11,F,BK,PD,D
14:47:03,INDF,RG,6450,10,F,BK,PD,D
14:46:58,INDF,RG,6425,20,D,RX,YP,D
14:46:56,INDF,RG,6450,37,F,DX,PD,D
14:46:56,INDF,RG,6450,50,F,DX,YU,D
14:46:56,INDF,RG,6450,53,F,DX,CP,D
14:46:56,INDF,RG,6450,176,D,CC,CP,D
14:46:56,INDF,RG,6450,4,D,CC,GR,D
14:46:56,INDF,RG,6450,20,D,CC,YJ,D
14:46:55,INDF,RG,6450,10,F,BK,YJ,D
14:46:53,INDF,RG,6425,200,D,RX,IH,D
14:46:53,INDF,RG,6425,1,D,RX,PD,D
14:46:53,INDF,RG,6425,40,D,RX,GR,D
14:46:52,INDF,RG,6425,5,D,RX,YP,D
14:46:52,INDF,RG,6450,10,F,BK,YJ,D
14:46:51,INDF,RG,6425,6,D,RX,PD,D
14:46:51,INDF,RG,6425,5,D,RX,PD,D
14:46:51,INDF,RG,6425,20,D,RX,YP,D
14:46:51,INDF,RG,6425,272,D,RX,AH,D
14:46:43,INDF,RG,6425,9,F,BK,AH,D
14:46:38,INDF,RG,6425,10,F,BK,AH,D
14:46:38,INDF,RG,6425,209,D,DR,AH,D
14:46:37,INDF,RG,6425,6,D,DR,XC,D
14:46:37,INDF,RG,6425,10,D,DR,CC,D
14:46:37,INDF,RG,6425,1,D,DR,KK,D
14:46:37,INDF,RG,6425,55,D,DR,AK,F
14:46:37,INDF,RG,6425,10,D,DR,DR,F
14:46:37,INDF,RG,6425,5,D,DR,PD,D
14:46:37,INDF,RG,6425,200,D,DR,EP,D
14:46:37,INDF,RG,6425,1,D,DR,KK,D
14:46:37,INDF,RG,6425,2,D,DR,PD,D
14:46:37,INDF,RG,6425,7,D,DR,CC,D
14:46:37,INDF,RG,6425,1,D,DR,DP,D
14:46:37,INDF,RG,6425,1,D,DR,YP,D
14:46:37,INDF,RG,6425,20,D,DR,YP,D
14:46:37,INDF,RG,6425,35,D,DR,AT,D
14:46:37,INDF,RG,6425,80,D,DR,YP,D
14:46:37,INDF,RG,6425,1,D,DR,PD,D
14:46:37,INDF,RG,6425,1,D,DR,KZ,F
14:46:37,INDF,RG,6425,50,D,DR,YP,D
14:46:37,INDF,RG,6425,10,D,DR,PD,D
14:46:37,INDF,RG,6425,50,D,DR,YP,D
14:46:37,INDF,RG,6425,1,D,DR,CC,D
14:46:37,INDF,RG,6425,13,D,DR,KK,D
14:46:37,INDF,RG,6425,181,D,DR,PD,D
14:46:32,INDF,RG,6425,2,D,BB,PD,D
14:46:32,INDF,RG,6425,1,D,BB,CC,D
14:46:32,INDF,RG,6425,3,D,BB,CC,D
14:46:32,INDF,RG,6425,52,D,BB,SQ,D
14:46:31,INDF,RG,6425,10,F,BK,SQ,D
14:46:30,INDF,RG,6400,1,D,IF,DP,D
14:46:30,INDF,RG,6425,8,D,AK,SQ,D
14:46:27,INDF,RG,6425,11,F,BK,SQ,D
14:46:26,INDF,RG,6425,9,F,BK,SQ,D
14:46:25,INDF,RG,6425,10,D,DR,SQ,D
14:46:25,INDF,RG,6425,5,D,DR,DH,D
14:46:25,INDF,RG,6425,1,D,DR,XC,D
14:46:25,INDF,RG,6425,2,D,DR,YP,D
14:46:25,INDF,RG,6425,300,D,DR,SQ,D
14:46:25,INDF,RG,6425,20,D,DR,AG,F
14:46:25,INDF,RG,6425,2,D,DR,YP,D
14:46:25,INDF,RG,6425,60,D,DR,CC,D
14:46:25,INDF,RG,6425,7,D,DR,PD,D
14:46:25,INDF,RG,6425,2,D,DR,PD,D
14:46:25,INDF,RG,6425,71,D,DR,LG,D
14:46:25,INDF,RG,6425,2,D,DR,XC,D
14:46:25,INDF,RG,6425,8,D,DR,PD,D
14:46:25,INDF,RG,6425,3,D,DR,NI,D
14:46:25,INDF,RG,6425,50,D,DR,PD,D
14:46:25,INDF,RG,6425,1,D,DR,NI,D
14:46:25,INDF,RG,6425,7,D,DR,ZP,D
14:46:25,INDF,RG,6425,2,D,DR,CC,D
14:46:25,INDF,RG,6425,5,D,DR,CC,D
14:46:25,INDF,RG,6425,5,D,DR,XC,D
14:46:25,INDF,RG,6425,30,D,DR,AK,F
14:46:25,INDF,RG,6425,25,D,DR,YP,F
14:46:25,INDF,RG,6425,1,D,DR,YP,F
14:46:25,INDF,RG,6425,347,D,DR,KZ,F
14:46:25,INDF,RG,6425,10,D,DR,SQ,D
14:46:25,INDF,RG,6425,10,D,DR,PD,D
14:46:25,INDF,RG,6425,10,D,DR,OD,D
14:46:25,INDF,RG,6425,1,D,DR,XC,D
14:46:25,INDF,RG,6425,3,D,DR,PD,D
14:46:24,INDF,RG,6425,7,F,DX,PD,D
14:46:24,INDF,RG,6425,118,F,DX,GR,D
14:46:15,INDF,RG,6400,1,D,IF,NI,D
14:46:15,INDF,RG,6425,1,D,AK,GR,D
14:46:10,INDF,RG,6425,11,F,BK,GR,D
14:46:09,INDF,RG,6425,70,D,CC,GR,D
14:46:09,INDF,RG,6425,20,D,CC,CC,D
14:46:09,INDF,RG,6425,16,D,CC,DR,D
14:46:09,INDF,RG,6425,1,D,CC,XC,D
14:46:09,INDF,RG,6425,65,D,CC,CC,D
14:46:09,INDF,RG,6425,3,D,CC,AG,D
14:46:09,INDF,RG,6425,18,D,CC,YJ,D
14:46:09,INDF,RG,6425,4,D,CC,CC,D
14:46:09,INDF,RG,6425,10,D,CC,XL,D
14:46:09,INDF,RG,6425,793,D,CC,IN,D
14:46:08,INDF,RG,6425,10,F,BK,IN,D
14:46:08,INDF,RG,6425,9,F,BK,IN,D
14:46:05,INDF,RG,6425,6,D,CC,IN,D
14:46:00,INDF,RG,6425,10,F,BK,IN,D
14:45:53,INDF,RG,6425,11,F,BK,IN,D
14:45:51,INDF,RG,6400,9,D,IF,YP,D
14:45:49,INDF,RG,6425,116,F,DX,IN,D
14:45:47,INDF,RG,6425,45,D,CC,IN,D
14:45:47,INDF,RG,6425,1,D,CC,NI,D
14:45:47,INDF,RG,6425,1,D,CC,PD,D
14:45:47,INDF,RG,6425,7,D,CC,PD,D
14:45:47,INDF,RG,6425,5,D,CC,PO,D
14:45:47,INDF,RG,6425,100,D,CC,PD,D
14:45:47,INDF,RG,6425,10,D,CC,DR,D
14:45:47,INDF,RG,6425,50,D,CC,YP,F
14:45:47,INDF,RG,6425,5,D,CC,AG,D
14:45:47,INDF,RG,6425,7,D,CC,CC,D
14:45:47,INDF,RG,6425,33,D,CC,KZ,F
14:45:47,INDF,RG,6425,86,D,CC,LS,D
14:45:45,INDF,RG,6425,1,D,AK,LS,D
14:45:44,INDF,RG,6425,13,D,BB,LS,D
14:45:44,INDF,RG,6425,1,D,BB,KK,D
14:45:44,INDF,RG,6425,25,D,BB,YP,D
14:45:44,INDF,RG,6425,20,D,BB,YP,D
14:45:44,INDF,RG,6425,6,D,BB,PD,D
14:45:44,INDF,RG,6425,2,D,BB,PD,D
14:45:39,INDF,RG,6425,11,F,BK,PD,D
14:45:37,INDF,RG,6425,10,F,BK,PD,D
14:45:32,INDF,RG,6425,9,F,BK,PD,D
14:45:32,INDF,RG,6425,11,F,BK,PD,D
14:45:25,INDF,RG,6425,1,D,AK,PD,D
14:45:24,INDF,RG,6425,5,F,BK,PD,D
14:45:24,INDF,RG,6425,2,F,BK,YP,D
14:45:24,INDF,RG,6425,2,F,BK,EP,D
14:45:24,INDF,RG,6425,1,F,BK,AT,D
14:45:18,INDF,RG,6425,10,F,DX,PD,D
14:45:18,INDF,RG,6425,2,F,DX,YP,D
14:45:18,INDF,RG,6425,25,F,DX,YP,D
14:45:18,INDF,RG,6425,4,F,DX,DP,D
14:45:18,INDF,RG,6425,1,F,DX,YP,D
14:45:18,INDF,RG,6425,5,F,DX,CC,D
14:45:18,INDF,RG,6425,1,F,DX,XC,D
14:45:18,INDF,RG,6425,4,F,DX,XC,D
14:45:18,INDF,RG,6425,25,F,DX,YP,D
14:45:18,INDF,RG,6425,4,F,DX,OD,D
14:45:18,INDF,RG,6425,11,F,DX,CC,D
14:45:15,INDF,RG,6400,10,D,IF,YP,D
14:45:14,INDF,RG,6400,12,D,IF,CC,D
14:45:13,INDF,RG,6425,4,F,BK,CC,D
14:45:13,INDF,RG,6425,7,F,BK,CC,D
14:45:06,INDF,RG,6425,3,F,BK,CC,D
14:45:06,INDF,RG,6425,6,F,BK,CC,D
14:45:05,INDF,RG,6425,10,F,BK,CC,D
14:45:01,INDF,RG,6425,10,F,BK,CC,D
14:45:00,INDF,RG,6425,1,D,AK,CC,D
14:44:58,INDF,RG,6400,2,D,IF,CC,D
14:44:58,INDF,RG,6400,6,D,RX,CC,D
14:44:55,INDF,RG,6400,1,D,RX,DX,D
14:44:54,INDF,RG,6400,26,D,RX,PD,D
14:44:53,INDF,RG,6425,13,D,BB,CC,D
14:44:53,INDF,RG,6425,5,D,BB,IF,D
14:44:53,INDF,RG,6425,10,D,BB,YP,D
14:44:53,INDF,RG,6425,20,D,BB,AG,F
14:44:53,INDF,RG,6425,10,D,BB,GR,D
14:44:53,INDF,RG,6425,2,D,BB,PD,D
14:44:53,INDF,RG,6425,16,D,BB,DH,D
14:44:53,INDF,RG,6400,3,D,RX,CC,D
14:44:52,INDF,RG,6425,4,F,BK,DH,D
14:44:52,INDF,RG,6425,1,F,BK,PD,D
14:44:52,INDF,RG,6425,1,F,BK,XC,D
14:44:52,INDF,RG,6425,5,F,BK,XC,D
14:44:47,INDF,RG,6425,1,F,DX,XC,D
14:44:47,INDF,RG,6425,1,F,DX,PD,D
14:44:47,INDF,RG,6425,7,F,DX,XC,D
14:44:47,INDF,RG,6425,4,F,DX,PD,D
14:44:47,INDF,RG,6425,1,F,DX,DR,D
14:44:47,INDF,RG,6425,2,F,DX,PD,D
14:44:47,INDF,RG,6425,5,F,DX,PD,D
14:44:46,INDF,RG,6425,9,F,BK,PD,D
14:44:37,INDF,RG,6425,10,F,BK,PD,D
14:44:33,INDF,RG,6425,1,D,NI,PD,D
14:44:33,INDF,RG,6425,10,D,BQ,PD,D
14:44:31,INDF,RG,6425,11,F,BK,PD,D
14:44:27,INDF,RG,6400,1,D,RX,YP,D
14:44:25,INDF,RG,6425,4,F,BK,PD,D
14:44:25,INDF,RG,6425,6,F,BK,KK,D
14:44:18,INDF,RG,6425,4,F,BK,KK,D
14:44:18,INDF,RG,6425,1,F,BK,PD,D
14:44:18,INDF,RG,6425,3,F,BK,PD,D
14:44:18,INDF,RG,6425,4,F,BK,PD,D
14:44:16,INDF,RG,6400,1,D,RX,DX,D
14:44:09,INDF,RG,6400,4,D,RX,YP,D
14:44:04,INDF,RG,6425,1,D,PD,PD,D
14:44:03,INDF,RG,6425,3,F,BK,PD,D
14:44:03,INDF,RG,6425,3,F,BK,XC,D
14:44:03,INDF,RG,6425,5,F,BK,PD,D
14:44:01,INDF,RG,6425,10,F,BK,PD,D
14:44:00,INDF,RG,6425,1,D,BB,NI,D
14:44:00,INDF,RG,6425,1,D,BB,CP,D
14:44:00,INDF,RG,6425,25,D,BB,SQ,D
14:44:00,INDF,RG,6425,8,D,BB,PD,D
14:44:00,INDF,RG,6425,2,D,BB,BQ,D
14:44:00,INDF,RG,6425,1,D,BB,YP,D
14:44:00,INDF,RG,6425,45,D,BB,KK,D
14:43:58,INDF,RG,6425,4,D,EP,KK,D
14:43:56,INDF,RG,6425,10,F,BK,KK,D
14:43:48,INDF,RG,6425,1,D,YP,KK,D
14:43:47,INDF,RG,6425,11,F,BK,KK,D
14:43:47,INDF,RG,6400,10,D,RX,NI,D
14:43:45,INDF,RG,6425,1,F,AK,KK,D
14:43:37,INDF,RG,6400,5,D,RX,YP,D
14:43:36,INDF,RG,6425,9,F,BK,KK,D
14:43:30,INDF,RG,6425,11,F,BK,KK,D
14:43:29,INDF,RG,6425,12,F,BK,KK,D
14:43:21,INDF,RG,6400,1,D,RX,NI,D
14:43:15,INDF,RG,6425,3,D,AK,KK,D
14:43:15,INDF,RG,6425,10,F,BK,KK,D
14:43:13,INDF,RG,6400,14,D,RX,NI,D
14:43:03,INDF,RG,6425,10,F,BK,KK,D
14:43:02,INDF,RG,6425,23,D,BB,KK,D
14:43:02,INDF,RG,6425,3,D,BB,DX,D
14:43:02,INDF,RG,6425,5,D,BB,PO,D
14:43:02,INDF,RG,6425,1,D,BB,YP,D
14:43:02,INDF,RG,6425,3,D,BB,KZ,F
14:43:02,INDF,RG,6425,30,D,BB,DR,D
14:43:02,INDF,RG,6425,2,D,BB,NI,D
14:43:02,INDF,RG,6425,4,D,BB,DX,D
14:43:02,INDF,RG,6425,25,D,BB,RO,D
14:43:02,INDF,RG,6425,10,F,BK,RO,D
14:43:01,INDF,RG,6425,15,D,BB,RO,D
14:43:01,INDF,RG,6425,12,D,BB,XC,D
14:43:01,INDF,RG,6425,1,D,BB,XC,D
14:43:01,INDF,RG,6425,25,D,BB,PD,D
14:43:01,INDF,RG,6425,6,D,BB,YP,D
14:43:01,INDF,RG,6425,1,D,BB,XC,D
14:43:01,INDF,RG,6425,10,D,BB,PD,D
14:43:01,INDF,RG,6425,20,D,BB,CC,D
14:43:01,INDF,RG,6425,2,D,BB,CC,D
14:43:01,INDF,RG,6425,12,D,BB,NI,D
14:43:01,INDF,RG,6425,3,D,BB,PD,D
14:43:01,INDF,RG,6425,4,D,BB,PD,D
14:43:01,INDF,RG,6425,20,D,BB,CC,D
14:43:01,INDF,RG,6425,6,D,BB,XC,D
14:43:01,INDF,RG,6425,1,D,BB,YP,F
14:43:01,INDF,RG,6425,90,D,BB,YP,D
14:43:01,INDF,RG,6425,6,D,BB,PD,D
14:43:01,INDF,RG,6425,99,D,BB,NI,D
14:43:01,INDF,RG,6425,17,D,BB,YP,D
14:43:01,INDF,RG,6425,100,D,BB,LH,D
14:43:01,INDF,RG,6425,25,D,BB,XA,D
14:43:01,INDF,RG,6425,1,D,BB,CC,D
14:43:01,INDF,RG,6425,3,D,BB,YP,D
14:43:01,INDF,RG,6425,85,D,BB,SQ,D
14:43:01,INDF,RG,6425,6,D,BB,NI,D
14:43:01,INDF,RG,6425,5,D,BB,GR,D
14:43:01,INDF,RG,6425,32,D,BB,CC,D
14:43:01,INDF,RG,6425,5,D,BB,DR,D
14:43:01,INDF,RG,6425,1,D,BB,XC,D
14:43:01,INDF,RG,6425,1,D,BB,NI,D
14:43:01,INDF,RG,6425,1,D,BB,NI,D
14:43:01,INDF,RG,6425,244,D,BB,ZP,D
14:42:55,INDF,RG,6425,10,F,BK,ZP,D
14:42:47,INDF,RG,6400,2,D,RX,NI,D
14:42:45,INDF,RG,6425,1,D,AK,ZP,D
14:42:43,INDF,RG,6425,10,F,BK,ZP,D
14:42:43,INDF,RG,6400,1,D,RX,DP,D
14:42:35,INDF,RG,6425,11,F,BK,ZP,D
14:42:32,INDF,RG,6425,10,F,BK,ZP,D
14:42:22,INDF,RG,6425,9,F,BK,ZP,D
14:42:17,INDF,RG,6400,2,D,RX,PD,D
14:42:09,INDF,RG,6425,5,F,BK,ZP,D
14:42:09,INDF,RG,6425,1,F,BK,XC,D
14:42:09,INDF,RG,6425,4,F,BK,XC,D
14:42:04,INDF,RG,6425,1,F,BK,XC,D
14:42:04,INDF,RG,6425,2,F,BK,XC,D
14:42:04,INDF,RG,6425,3,F,BK,DX,D
14:42:04,INDF,RG,6425,4,F,BK,XC,D
14:41:53,INDF,RG,6425,11,F,BK,XC,D
14:41:52,INDF,RG,6425,11,F,BK,XC,D
14:41:52,INDF,RG,6400,50,D,RX,NI,D
14:41:44,INDF,RG,6425,11,F,BK,XC,D
14:41:38,INDF,RG,6400,2,D,RX,BS,D
14:41:33,INDF,RG,6425,9,F,BK,XC,D
14:41:30,INDF,RG,6425,2,D,AK,XC,D
14:41:30,INDF,RG,6425,5,D,PD,XC,D
14:41:30,INDF,RG,6400,11,D,RX,PD,D
14:41:20,INDF,RG,6425,4,F,BK,XC,D
14:41:20,INDF,RG,6425,1,F,BK,CC,D
14:41:20,INDF,RG,6425,4,F,BK,DX,D
14:41:18,INDF,RG,6425,4,F,BK,DX,D
14:41:18,INDF,RG,6425,6,F,BK,YP,F
14:41:15,INDF,RG,6425,10,F,BK,YP,F
14:41:02,INDF,RG,6425,9,F,BK,YP,F
14:40:53,INDF,RG,6425,25,F,YP,YP,F
14:40:53,INDF,RG,6425,15,F,YP,XC,D
14:40:53,INDF,RG,6425,1,F,YP,XC,D
14:40:53,INDF,RG,6425,1,F,YP,YP,D
14:40:53,INDF,RG,6425,5,F,YP,XC,D
14:40:53,INDF,RG,6425,1,F,YP,LS,D
14:40:53,INDF,RG,6425,10,F,YP,AZ,D
14:40:53,INDF,RG,6425,1,F,YP,PD,D
14:40:53,INDF,RG,6425,95,F,YP,YP,D
14:40:53,INDF,RG,6425,10,F,YP,PD,D
14:40:53,INDF,RG,6425,1,F,YP,KK,D
14:40:53,INDF,RG,6425,3,F,YP,PD,D
14:40:53,INDF,RG,6425,35,F,YP,KZ,F
14:40:53,INDF,RG,6425,100,F,YP,CC,D
14:40:53,INDF,RG,6425,2,F,YP,NI,D
14:40:53,INDF,RG,6425,10,F,YP,PD,D
14:40:53,INDF,RG,6425,34,F,YP,KK,D
14:40:50,INDF,RG,6425,10,F,BK,KK,D
14:40:47,INDF,RG,6425,6,F,BK,KK,D
14:40:47,INDF,RG,6425,3,F,BK,PD,D
14:40:45,INDF,RG,6425,1,D,AK,PD,D
14:40:42,INDF,RG,6425,10,F,BK,PD,D
14:40:28,INDF,RG,6400,25,D,RX,NI,D
14:40:26,INDF,RG,6425,1,F,BK,PD,D
14:40:26,INDF,RG,6425,1,F,BK,TP,D
14:40:26,INDF,RG,6425,2,F,BK,XC,D
14:40:26,INDF,RG,6425,1,F,BK,PD,D
14:40:26,INDF,RG,6425,4,F,BK,PD,D
14:40:21,INDF,RG,6425,4,F,BK,PD,D
14:40:21,INDF,RG,6425,8,F,BK,NI,D
14:40:17,INDF,RG,6400,15,D,RX,YP,D
14:40:14,INDF,RG,6425,7,F,BK,NI,D
14:40:14,INDF,RG,6425,2,F,BK,YP,D
14:40:10,INDF,RG,6425,3,D,CC,YP,D
14:40:10,INDF,RG,6425,50,D,CC,YP,D
14:40:10,INDF,RG,6425,432,D,CC,NI,D
14:40:10,INDF,RG,6425,10,D,CC,CC,D
14:40:10,INDF,RG,6425,2,D,CC,YP,D
14:40:10,INDF,RG,6425,3,D,CC,PD,D
14:40:07,INDF,RG,6425,5,D,BQ,PD,D
14:40:07,INDF,RG,6425,2,D,CC,PD,D
14:40:07,INDF,RG,6425,3,D,CC,PD,D
14:40:07,INDF,RG,6425,80,D,CC,YP,D
14:40:07,INDF,RG,6425,8,D,CC,NI,D
14:40:07,INDF,RG,6425,1,D,CC,CC,D
14:40:07,INDF,RG,6425,7,D,CC,YP,D
14:40:07,INDF,RG,6425,1,D,CC,PD,D
14:40:07,INDF,RG,6425,1,D,CC,YP,D
14:40:07,INDF,RG,6425,14,D,CC,YP,D
14:40:07,INDF,RG,6425,30,D,CC,XC,D
14:40:07,INDF,RG,6425,2,D,CC,XC,D
14:40:07,INDF,RG,6425,3,D,CC,XC,D
14:40:07,INDF,RG,6425,2,D,CC,XC,D
14:40:07,INDF,RG,6425,2,D,CC,PD,D
14:40:07,INDF,RG,6425,6,D,CC,XA,D
14:40:07,INDF,RG,6425,28,D,CC,PD,D
14:40:07,INDF,RG,6425,100,D,CC,DX,D
14:40:07,INDF,RG,6425,1,D,CC,AI,D
14:40:07,INDF,RG,6425,9,D,CC,YP,D
14:40:01,INDF,RG,6425,11,F,BK,YP,D
14:39:57,INDF,RG,6425,2,F,BK,YP,D
14:39:57,INDF,RG,6425,5,F,BK,FS,D
14:39:57,INDF,RG,6425,3,F,BK,KK,D
14:39:53,INDF,RG,6400,50,D,RX,YU,D
14:39:37,INDF,RG,6400,50,D,RX,YU,D
14:39:37,INDF,RG,6425,11,F,BK,KK,D
14:39:34,INDF,RG,6425,9,F,BK,KK,D
14:39:27,INDF,RG,6425,10,F,BK,KK,D
14:39:16,INDF,RG,6425,11,F,BK,KK,D
14:39:09,INDF,RG,6400,7,D,RX,NI,D
14:39:01,INDF,RG,6425,6,F,BK,KK,D
14:39:01,INDF,RG,6425,1,F,BK,YP,D
14:39:01,INDF,RG,6425,3,F,BK,NI,D
14:38:53,INDF,RG,6425,10,F,BK,NI,D
14:38:52,INDF,RG,6425,22,D,DR,NI,D
14:38:52,INDF,RG,6425,3,D,DR,PD,D
14:38:52,INDF,RG,6425,2,D,DR,PC,D
14:38:52,INDF,RG,6425,12,D,DR,CC,D
14:38:50,INDF,RG,6425,63,F,BK,CC,D
14:38:50,INDF,RG,6425,11,F,BK,CC,D
14:38:45,INDF,RG,6425,1,F,AK,CC,D
14:38:45,INDF,RG,6425,113,D,CC,CC,D
14:38:45,INDF,RG,6425,1,D,CC,YP,D
14:38:45,INDF,RG,6425,386,D,CC,RF,D
14:38:45,INDF,RG,6425,7,F,BK,RF,D
14:38:44,INDF,RG,6400,10,D,RX,SQ,D
14:38:41,INDF,RG,6425,7,F,BK,RF,D
14:38:40,INDF,RG,6425,9,F,BK,RF,D
14:38:37,INDF,RG,6400,10,D,RX,CC,D
14:38:36,INDF,RG,6400,100,D,RX,NI,D
14:38:26,INDF,RG,6400,5,D,RX,SQ,D
14:38:26,INDF,RG,6425,22,D,YP,RF,D
14:38:25,INDF,RG,6425,9,F,BK,RF,D
14:38:24,INDF,RG,6425,25,F,BK,RF,D
14:38:24,INDF,RG,6425,5,F,BK,YP,D
14:38:24,INDF,RG,6425,1,F,BK,KK,D
14:38:24,INDF,RG,6425,1,F,BK,CC,D
14:38:24,INDF,RG,6425,70,F,BK,YP,D
14:38:24,INDF,RG,6425,10,F,BK,PD,D
14:38:24,INDF,RG,6425,3,F,BK,DR,D
14:38:24,INDF,RG,6425,2,F,BK,XC,D
14:38:24,INDF,RG,6425,34,F,BK,YP,D
14:38:24,INDF,RG,6425,10,F,BK,GR,D
14:38:24,INDF,RG,6425,6,F,BK,PD,D
14:38:24,INDF,RG,6425,40,F,BK,CC,F
14:38:24,INDF,RG,6425,10,F,BK,LG,D
14:38:24,INDF,RG,6425,5,F,BK,CC,D
14:38:24,INDF,RG,6425,2,F,BK,XC,D
14:38:24,INDF,RG,6425,1,F,BK,GR,D
14:38:24,INDF,RG,6425,5,F,BK,YP,D
14:38:24,INDF,RG,6425,118,F,BK,GR,D
14:38:22,INDF,RG,6400,85,D,RX,AK,F
14:38:22,INDF,RG,6400,1,D,RX,PD,D
14:38:22,INDF,RG,6400,10,D,RX,DR,F
14:38:22,INDF,RG,6400,2,D,RX,XC,D
14:38:22,INDF,RG,6400,8,D,RX,NI,D
14:38:22,INDF,RG,6400,5,D,RX,PD,D
14:38:22,INDF,RG,6400,1,D,RX,DR,D
14:38:22,INDF,RG,6400,10,D,RX,NI,D
14:38:22,INDF,RG,6400,100,D,RX,DH,D
14:38:22,INDF,RG,6400,5,D,RX,CP,D
14:38:22,INDF,RG,6400,24,D,RX,CC,D
14:38:22,INDF,RG,6400,1,D,RX,XC,D
14:38:22,INDF,RG,6400,2,D,RX,PD,D
14:38:22,INDF,RG,6400,1,D,RX,DX,D
14:38:22,INDF,RG,6400,1,D,RX,XC,D
14:38:22,INDF,RG,6400,20,D,RX,AG,F
14:38:22,INDF,RG,6400,25,D,RX,BQ,D
14:38:22,INDF,RG,6400,1,D,RX,NI,D
14:38:22,INDF,RG,6400,2,D,RX,CC,D
14:38:22,INDF,RG,6400,20,D,RX,DH,D
14:38:22,INDF,RG,6400,100,D,RX,HP,D
14:38:22,INDF,RG,6400,10,D,RX,KK,D
14:38:22,INDF,RG,6400,20,D,RX,CC,D
14:38:22,INDF,RG,6400,10,D,RX,PD,D
14:38:22,INDF,RG,6400,2,D,RX,PD,D
14:38:22,INDF,RG,6400,155,D,RX,OD,D
14:38:22,INDF,RG,6400,5,D,RX,DR,D
14:38:22,INDF,RG,6400,1,D,RX,XC,D
14:38:22,INDF,RG,6400,115,D,RX,CC,D
14:38:22,INDF,RG,6400,1,D,RX,KK,D
14:38:22,INDF,RG,6400,1,D,RX,KK,D
14:38:22,INDF,RG,6400,3,D,RX,YP,D
14:38:22,INDF,RG,6400,5,D,RX,CC,D
14:38:22,INDF,RG,6400,25,D,RX,CC,D
14:38:22,INDF,RG,6400,1,D,RX,PD,D
14:38:22,INDF,RG,6400,2,D,RX,PD,D
14:38:22,INDF,RG,6400,3,D,RX,YP,D
14:38:22,INDF,RG,6400,40,D,RX,NI,D
14:38:22,INDF,RG,6400,4,D,RX,PD,D
14:38:22,INDF,RG,6400,10,D,RX,IP,D
14:38:22,INDF,RG,6400,325,D,RX,CC,D
14:38:22,INDF,RG,6400,12,D,RX,NI,D
14:38:22,INDF,RG,6400,10,D,RX,CC,D
14:38:22,INDF,RG,6400,113,D,RX,CS,F
14:38:22,INDF,RG,6400,2,D,RX,DR,D
14:38:22,INDF,RG,6400,10,D,RX,LG,D
14:38:22,INDF,RG,6400,71,D,RX,CC,D
14:38:22,INDF,RG,6400,10,D,RX,KK,D
14:38:22,INDF,RG,6400,20,D,RX,NI,D
14:38:22,INDF,RG,6400,2,D,RX,PD,D
14:38:22,INDF,RG,6400,10,D,RX,CC,D
14:38:22,INDF,RG,6400,1,D,RX,EP,D
14:38:22,INDF,RG,6400,16,D,RX,CC,D
14:38:22,INDF,RG,6400,1,D,RX,XC,D
14:38:22,INDF,RG,6400,5,D,RX,YP,D
14:38:22,INDF,RG,6400,100,D,RX,KK,D
14:38:22,INDF,RG,6400,1,D,RX,YP,D
14:38:22,INDF,RG,6400,7,D,RX,NI,D
14:38:22,INDF,RG,6400,65,D,RX,YP,D
14:38:22,INDF,RG,6400,50,D,RX,LG,D
14:38:22,INDF,RG,6400,10,D,RX,CC,D
14:38:22,INDF,RG,6400,4,D,RX,XC,D
14:38:22,INDF,RG,6400,20,D,RX,YP,D
14:38:22,INDF,RG,6400,4,D,RX,AT,D
14:38:22,INDF,RG,6400,50,D,RX,YP,D
14:38:22,INDF,RG,6400,8,D,RX,YP,D
14:38:22,INDF,RG,6400,5,D,RX,XC,D
14:38:22,INDF,RG,6400,1,D,RX,XC,D
14:38:22,INDF,RG,6400,1,D,RX,XC,D
14:38:22,INDF,RG,6400,500,D,RX,CC,D
14:38:22,INDF,RG,6400,1,D,RX,XC,D
14:38:22,INDF,RG,6400,1,D,RX,PD,D
14:38:22,INDF,RG,6400,1,D,RX,XC,D
14:38:22,INDF,RG,6400,1,D,RX,XL,D
14:38:22,INDF,RG,6400,2,D,RX,SQ,D
14:38:22,INDF,RG,6400,12,D,RX,PD,D
14:38:22,INDF,RG,6400,1,D,RX,XC,D
14:38:22,INDF,RG,6400,100,D,RX,CD,D
14:38:22,INDF,RG,6400,75,D,RX,PD,D
14:38:22,INDF,RG,6400,1,D,RX,XC,D
14:38:22,INDF,RG,6400,10,D,RX,YP,D
14:38:22,INDF,RG,6400,1,D,RX,YP,D
14:38:22,INDF,RG,6400,2,D,RX,IF,D
14:38:22,INDF,RG,6400,31,D,RX,AZ,D
14:38:22,INDF,RG,6400,2,D,RX,PD,D
14:38:22,INDF,RG,6400,2,D,RX,XC,D
14:38:22,INDF,RG,6400,5,D,RX,XC,D
14:38:22,INDF,RG,6400,1,D,RX,YP,D
14:38:22,INDF,RG,6400,5,D,RX,PD,D
14:38:22,INDF,RG,6400,23,D,RX,PD,D
14:38:22,INDF,RG,6400,10,D,RX,LG,D
14:38:22,INDF,RG,6400,25,D,RX,YP,D
14:38:22,INDF,RG,6400,10,D,RX,LG,D
14:38:22,INDF,RG,6400,3,D,RX,YP,D
14:38:22,INDF,RG,6400,75,D,RX,CC,D
14:38:22,INDF,RG,6400,1,D,RX,AT,D
14:38:22,INDF,RG,6400,200,D,RX,CC,D
14:38:22,INDF,RG,6400,5,D,RX,YP,D
14:38:22,INDF,RG,6400,100,D,RX,NI,D
14:38:22,INDF,RG,6400,10,D,RX,PD,D
14:38:22,INDF,RG,6400,10,D,RX,PD,D
14:38:22,INDF,RG,6400,10,D,RX,AZ,D
14:38:22,INDF,RG,6400,25,D,RX,YP,D
14:38:22,INDF,RG,6400,7,D,RX,NI,D
14:38:22,INDF,RG,6400,3,D,RX,XC,D
14:38:22,INDF,RG,6400,5,D,RX,NI,D
14:38:22,INDF,RG,6400,1,D,RX,NI,D
14:38:22,INDF,RG,6400,10,D,RX,PD,D
14:38:22,INDF,RG,6400,50,D,RX,CC,D
14:38:22,INDF,RG,6400,1,D,RX,YP,D
14:38:22,INDF,RG,6400,12,D,RX,YP,D
14:38:22,INDF,RG,6400,43,D,RX,PD,D
14:38:22,INDF,RG,6400,200,D,RX,PD,D
14:38:22,INDF,RG,6400,5,D,RX,SQ,D
14:38:22,INDF,RG,6400,15,D,RX,PD,D
14:38:22,INDF,RG,6400,800,D,RX,DR,D
14:38:22,INDF,RG,6400,2,D,RX,XC,D
14:38:22,INDF,RG,6400,20,D,RX,PD,D
14:38:22,INDF,RG,6400,5,D,RX,PD,D
14:38:22,INDF,RG,6400,2,D,RX,XC,D
14:38:22,INDF,RG,6400,5,D,RX,DP,D
14:38:22,INDF,RG,6400,1,D,RX,PC,D
14:38:22,INDF,RG,6400,5,D,RX,CC,D
14:38:22,INDF,RG,6400,10,D,RX,KK,D
14:38:22,INDF,RG,6400,1,D,RX,XC,D
14:38:22,INDF,RG,6400,100,D,RX,PD,D
14:38:22,INDF,RG,6400,2,D,RX,YP,D
14:38:22,INDF,RG,6400,2,D,RX,TP,D
14:38:22,INDF,RG,6400,10,D,RX,RO,D
14:38:22,INDF,RG,6400,1,D,RX,LS,D
14:38:22,INDF,RG,6400,1,D,RX,KK,D
14:38:22,INDF,RG,6400,2,D,RX,DX,D
14:38:22,INDF,RG,6400,100,D,RX,DH,D
14:38:22,INDF,RG,6400,6,D,RX,YP,D
14:38:22,INDF,RG,6400,1,D,RX,PD,D
14:38:22,INDF,RG,6400,1,D,RX,YP,D
14:38:22,INDF,RG,6400,10,D,RX,CC,D
14:38:22,INDF,RG,6400,25,D,RX,DR,D
14:38:22,INDF,RG,6400,1,D,RX,OD,D
14:38:22,INDF,RG,6400,2,D,RX,CC,D
14:38:22,INDF,RG,6400,61,D,RX,AK,F
14:38:22,INDF,RG,6400,28,D,RX,MG,D
14:38:20,INDF,RG,6400,9,F,BK,MG,D
14:38:18,INDF,RG,6375,6,F,YU,KK,D
14:37:55,INDF,RG,6375,4,F,YU,XC,D
14:37:53,INDF,RG,6400,10,F,BK,MG,D
14:37:51,INDF,RG,6400,13,F,BK,MG,D
14:37:50,INDF,RG,6400,12,F,BK,MG,D
14:37:47,INDF,RG,6400,10,F,BK,MG,D
14:37:46,INDF,RG,6400,52,F,BK,MG,D
14:37:43,INDF,RG,6375,2,F,YU,NI,D
14:37:42,INDF,RG,6400,150,D,CC,MG,D
14:37:41,INDF,RG,6400,156,F,BK,MG,D
14:37:38,INDF,RG,6400,1000,D,CC,MG,D
14:37:38,INDF,RG,6400,16,F,BK,MG,D
14:37:37,INDF,RG,6375,3,F,YU,DP,D
14:37:34,INDF,RG,6400,14,F,BK,MG,D
14:37:30,INDF,RG,6400,81,F,BK,MG,D
14:37:29,INDF,RG,6400,200,D,CC,MG,D
14:37:24,INDF,RG,6400,350,D,CC,MG,D
14:37:24,INDF,RG,6400,15,F,BK,MG,D
14:37:24,INDF,RG,6400,11,F,BK,MG,D
14:37:13,INDF,RG,6400,1,F,YP,MG,D
14:37:10,INDF,RG,6400,1,D,PD,MG,D
14:37:09,INDF,RG,6400,11,F,BK,MG,D
14:37:04,INDF,RG,6400,20,F,BK,MG,D
14:37:01,INDF,RG,6400,87,F,BK,MG,D
14:37:00,INDF,RG,6400,137,F,YU,MG,D
14:37:00,INDF,RG,6400,137,F,YU,MG,D
14:37:00,INDF,RG,6400,137,F,YU,MG,D
14:36:59,INDF,RG,6400,150,D,PD,MG,D
14:36:57,INDF,RG,6400,1,D,PD,MG,D
14:36:51,INDF,RG,6400,250,D,CC,MG,D
14:36:50,INDF,RG,6400,15,F,BK,MG,D
14:36:49,INDF,RG,6400,150,D,CC,MG,D
14:36:27,INDF,RG,6400,11,F,BK,MG,D
14:36:24,INDF,RG,6400,11,F,BK,MG,D
14:36:11,INDF,RG,6375,14,F,YU,CC,D
14:36:01,INDF,RG,6375,6,F,YU,PD,D
14:35:53,INDF,RG,6375,1,F,YU,DX,D
14:35:52,INDF,RG,6400,9,F,BK,MG,D
14:35:52,INDF,RG,6400,642,D,BB,MG,D
14:35:35,INDF,RG,6375,1,F,YU,DP,D
14:35:34,INDF,RG,6375,1,F,YU,DP,D
14:35:34,INDF,RG,6375,3,F,YU,DP,D
14:35:25,INDF,RG,6375,18,F,YU,YP,D
14:35:24,INDF,RG,6375,20,F,YU,CC,D
14:35:20,INDF,RG,6400,100,D,HP,MG,D
14:35:19,INDF,RG,6400,2,D,YP,MG,D
14:35:18,INDF,RG,6400,9,F,BK,MG,D
14:35:09,INDF,RG,6400,2,D,CC,MG,D
14:35:04,INDF,RG,6400,150,D,CC,MG,D
14:34:56,INDF,RG,6375,20,F,YU,CC,D
14:34:49,INDF,RG,6375,50,F,YU,LG,D
14:34:35,INDF,RG,6400,11,F,BK,MG,D
14:34:29,INDF,RG,6375,26,F,YU,KZ,F
14:34:29,INDF,RG,6375,5,D,YP,KZ,F
14:34:29,INDF,RG,6375,1,D,OD,KZ,F
14:34:29,INDF,RG,6375,209,D,YJ,KZ,F
14:34:20,INDF,RG,6375,15,D,YJ,CC,D
14:34:12,INDF,RG,6400,250,D,CC,MG,D
14:34:00,INDF,RG,6400,9,F,BK,MG,D
14:33:57,INDF,RG,6375,5,D,YJ,CC,D
14:33:43,INDF,RG,6375,3,D,YJ,HP,D
14:33:29,INDF,RG,6375,105,D,YJ,CC,D
14:33:29,INDF,RG,6375,1,D,CC,CC,D
14:33:29,INDF,RG,6375,4,D,NI,CC,D
14:33:29,INDF,RG,6375,1,D,SQ,CC,D
14:33:29,INDF,RG,6375,266,F,BK,CC,D
14:33:29,INDF,RG,6375,1,D,AK,CC,D
14:33:29,INDF,RG,6375,1,D,XC,CC,D
14:33:29,INDF,RG,6375,10,F,BK,CC,D
14:33:29,INDF,RG,6375,1,D,AK,CC,D
14:33:29,INDF,RG,6375,10,D,XC,CC,D
14:33:29,INDF,RG,6375,1,D,NI,CC,D
14:33:29,INDF,RG,6375,10,D,YP,CC,D
14:33:29,INDF,RG,6375,4,D,NI,CC,D
14:33:29,INDF,RG,6375,10,D,XC,CC,D
14:33:29,INDF,RG,6375,75,F,BK,CC,D
14:33:26,INDF,RG,6400,9,F,BK,MG,D
14:33:25,INDF,RG,6375,30,F,BK,CC,D
14:33:14,INDF,RG,6375,247,F,BK,KZ,F
14:33:14,INDF,RG,6375,3,D,AK,KZ,F
14:33:14,INDF,RG,6375,25,D,OD,KZ,F
14:33:14,INDF,RG,6375,1,D,PD,KZ,F
14:33:14,INDF,RG,6375,1,D,XC,KZ,F
14:33:14,INDF,RG,6375,1,D,KK,KZ,F
14:33:14,INDF,RG,6375,1,D,YP,KZ,F
14:33:14,INDF,RG,6375,3,D,CC,KZ,F
14:33:10,INDF,RG,6375,2,D,CC,HP,D
14:33:10,INDF,RG,6375,1,D,PD,HP,D
14:33:10,INDF,RG,6375,100,D,SQ,HP,D
14:33:10,INDF,RG,6375,25,D,CC,HP,D
14:33:10,INDF,RG,6375,1,D,CC,HP,D
14:33:10,INDF,RG,6375,3,D,KK,HP,D
14:33:10,INDF,RG,6375,2,D,PD,HP,D
14:33:10,INDF,RG,6375,866,F,YU,HP,D
14:32:58,INDF,RG,6375,18,F,YU,CC,D
14:32:58,INDF,RG,6375,1,D,OD,CC,D
14:32:58,INDF,RG,6375,1,D,KK,CC,D
14:32:58,INDF,RG,6375,13,D,YP,CC,D
14:32:58,INDF,RG,6375,1,D,DH,CC,D
14:32:58,INDF,RG,6375,1,D,CC,CC,D
14:32:58,INDF,RG,6375,2,D,DR,CC,D
14:32:58,INDF,RG,6375,1,D,EP,CC,D
14:32:58,INDF,RG,6375,2,D,XC,CC,D
14:32:58,INDF,RG,6375,10,D,SA,CC,D
14:32:58,INDF,RG,6375,20,D,CC,CC,D
14:32:58,INDF,RG,6375,1,D,DH,CC,D
14:32:58,INDF,RG,6375,39,D,BB,CC,D
14:32:52,INDF,RG,6375,7,D,BB,CC,D
14:32:46,INDF,RG,6400,11,F,BK,MG,D
14:32:29,INDF,RG,6375,50,D,BB,LG,D
14:32:22,INDF,RG,6375,1,D,BB,NI,D
14:32:11,INDF,RG,6375,6,D,BB,CC,D
14:32:08,INDF,RG,6400,10,F,BK,MG,D
14:31:56,INDF,RG,6375,1,D,BB,NI,D
14:31:54,INDF,RG,6375,1,D,BB,DX,D
14:31:41,INDF,RG,6400,1,D,YP,MG,D
14:31:34,INDF,RG,6400,1,D,XC,MG,D
14:31:30,INDF,RG,6400,2,D,AK,MG,D
14:31:29,INDF,RG,6375,2,D,BB,PD,D
14:31:27,INDF,RG,6400,2,D,CC,MG,D
14:31:23,INDF,RG,6400,11,F,BK,MG,D
14:31:20,INDF,RG,6400,1,D,NI,MG,D
14:30:40,INDF,RG,6400,12,F,BK,MG,D
14:30:26,INDF,RG,6400,1,D,AK,MG,D
14:30:25,INDF,RG,6375,1,D,BB,XC,D
14:30:02,INDF,RG,6375,24,D,BB,CC,D
14:30:01,INDF,RG,6400,1,D,YP,MG,D
14:29:59,INDF,RG,6375,1,D,BB,DP,D
14:29:55,INDF,RG,6375,1,D,BB,YP,D
14:29:50,INDF,RG,6400,12,F,BK,MG,D
14:29:48,INDF,RG,6375,7,D,BB,XC,D
14:29:44,INDF,RG,6400,1,D,DR,MG,D
14:29:30,INDF,RG,6400,1,D,AK,MG,D
14:29:28,INDF,RG,6400,1,D,CC,MG,D
14:29:26,INDF,RG,6375,1,D,BB,AZ,D
14:29:17,INDF,RG,6400,137,F,YU,MG,D
14:28:47,INDF,RG,6400,19,F,BK,MG,D
14:28:45,INDF,RG,6400,1,F,AK,MG,D
14:28:44,INDF,RG,6400,32,F,BK,MG,D
14:28:44,INDF,RG,6400,1,D,AZ,MG,D
14:28:43,INDF,RG,6400,265,D,BB,MG,D
14:28:42,INDF,RG,6375,20,D,BB,PD,D
14:28:09,INDF,RG,6400,18,F,BK,MG,D
14:28:05,INDF,RG,6400,13,F,BK,MG,D
14:28:02,INDF,RG,6400,80,F,BK,MG,D
14:28:00,INDF,RG,6400,2,D,AK,MG,D
14:27:58,INDF,RG,6400,50,D,CC,MG,D
14:27:57,INDF,RG,6400,137,F,YU,MG,D
14:27:57,INDF,RG,6400,137,F,YU,MG,D
14:27:57,INDF,RG,6400,137,F,YU,MG,D
14:27:57,INDF,RG,6400,47,F,BK,MG,D
14:27:56,INDF,RG,6375,100,D,BB,SQ,D
14:27:55,INDF,RG,6400,50,D,CC,MG,D
14:27:55,INDF,RG,6400,2,D,CC,MG,D
14:27:52,INDF,RG,6375,4,D,BB,DP,D
14:27:52,INDF,RG,6400,141,F,BK,MG,D
14:27:46,INDF,RG,6400,17,F,BK,MG,D
14:27:45,INDF,RG,6375,374,D,BB,CC,D
14:27:45,INDF,RG,6375,2,D,PD,CC,D
14:27:45,INDF,RG,6375,21,F,BK,CC,D
14:27:45,INDF,RG,6375,5,D,XC,CC,D
14:27:45,INDF,RG,6375,10,D,NI,CC,D
14:27:45,INDF,RG,6375,5,D,BQ,CC,D
14:27:45,INDF,RG,6375,3,D,EP,CC,D
14:27:45,INDF,RG,6375,4,D,YP,CC,D
14:27:45,INDF,RG,6375,32,D,GR,CC,D
14:27:45,INDF,RG,6375,10,D,XC,CC,D
14:27:45,INDF,RG,6375,354,D,YP,CC,D
14:27:45,INDF,RG,6375,160,D,BB,CC,D
14:27:43,INDF,RG,6375,1,D,BB,DX,D
14:27:42,INDF,RG,6400,11,F,BK,MG,D
14:27:41,INDF,RG,6400,1,D,CC,MG,D
14:27:39,INDF,RG,6400,61,F,BK,MG,D
14:27:36,INDF,RG,6400,300,D,CC,MG,D
14:27:35,INDF,RG,6400,10,F,BK,MG,D
14:27:34,INDF,RG,6400,72,F,BK,MG,D
14:27:29,INDF,RG,6400,500,D,CC,MG,D
14:26:49,INDF,RG,6400,12,F,BK,MG,D
14:26:46,INDF,RG,6400,24,F,BK,MG,D
14:26:44,INDF,RG,6375,150,D,BB,NI,D
14:26:21,INDF,RG,6400,11,F,BK,MG,D
14:26:15,INDF,RG,6375,92,D,BB,PD,D
14:26:05,INDF,RG,6400,1,D,KK,MG,D
14:26:04,INDF,RG,6400,10,F,BK,MG,D
14:26:03,INDF,RG,6375,2,D,BB,PD,D
14:25:59,INDF,RG,6375,19,D,BB,KK,D
14:25:55,INDF,RG,6400,2,D,NI,MG,D
14:25:07,INDF,RG,6400,16,F,BK,MG,D
14:25:06,INDF,RG,6400,6,D,DR,MG,D
14:25:03,INDF,RG,6400,72,F,BK,MG,D
14:25:02,INDF,RG,6400,500,D,CC,MG,D
14:24:36,INDF,RG,6400,14,F,BK,MG,D
14:24:34,INDF,RG,6375,21,D,BB,CC,D
14:24:31,INDF,RG,6400,11,F,BK,MG,D
14:24:27,INDF,RG,6375,111,D,BB,YP,D
14:24:23,INDF,RG,6400,2,D,CC,MG,D
14:24:05,INDF,RG,6375,1,D,BB,OD,D
14:23:38,INDF,RG,6400,13,F,BK,MG,D
14:23:36,INDF,RG,6375,1,D,BB,DX,D
14:23:34,INDF,RG,6400,24,F,BK,MG,D
14:23:31,INDF,RG,6375,5,D,BB,LG,D
14:23:30,INDF,RG,6400,200,D,CC,MG,D
14:23:27,INDF,RG,6400,200,D,CC,MG,D
14:23:22,INDF,RG,6375,5,D,BB,IF,D
14:23:17,INDF,RG,6375,70,D,BB,YP,D
14:22:59,INDF,RG,6375,10,D,BB,CC,D
14:22:46,INDF,RG,6375,34,D,BB,YP,D
14:22:46,INDF,RG,6375,1,D,BB,PD,D
14:22:15,INDF,RG,6375,1,D,BB,PC,D
14:21:54,INDF,RG,6375,1,D,BB,PD,D
14:21:17,INDF,RG,6400,1,D,YB,MG,D
14:21:17,INDF,RG,6375,1,D,BB,AT,D
14:20:53,INDF,RG,6400,2,D,CC,MG,D
14:20:34,INDF,RG,6375,50,D,BB,GR,D
14:20:26,INDF,RG,6375,3,D,BB,NI,D
14:20:12,INDF,RG,6400,7,D,DR,MG,D
14:20:10,INDF,RG,6375,2,D,BB,DP,D
14:20:05,INDF,RG,6400,10,D,YP,MG,D
14:19:34,INDF,RG,6375,3,D,BB,KK,D
14:19:34,INDF,RG,6375,1,D,BB,NI,D
14:19:33,INDF,RG,6400,9,D,XC,MG,D
14:19:20,INDF,RG,6375,1,D,BB,DX,D
14:19:12,INDF,RG,6375,20,D,BB,CC,D
14:19:11,INDF,RG,6375,10,D,BB,XC,D
14:18:51,INDF,RG,6375,9,D,BB,EP,D
14:18:39,INDF,RG,6375,4,D,BB,YP,D
14:18:27,INDF,RG,6375,88,D,BB,XC,D
14:17:36,INDF,RG,6375,2,D,BB,NI,D
14:17:33,INDF,RG,6375,30,D,BB,YP,D
14:17:33,INDF,RG,6400,1,D,SQ,MG,D
14:17:33,INDF,RG,6375,5,D,BB,AT,D
14:17:10,INDF,RG,6400,2,D,CC,MG,D
14:17:02,INDF,RG,6400,5,D,YP,MG,D
14:16:58,INDF,RG,6375,265,D,BB,YP,D
14:16:33,INDF,RG,6375,126,D,BB,YP,D
14:16:29,INDF,RG,6375,2,D,BB,GR,D
14:16:28,INDF,RG,6375,1,D,BB,XC,D
14:16:27,INDF,RG,6375,2,D,BB,XC,D
14:16:18,INDF,RG,6375,2,D,BB,XC,D
14:16:08,INDF,RG,6375,4,D,BB,YP,D
14:16:08,INDF,RG,6375,1,D,AK,YP,D
14:16:08,INDF,RG,6375,7,F,BK,YP,D
14:16:05,INDF,RG,6375,2,F,BK,SQ,D
14:16:01,INDF,RG,6375,1,F,BK,XC,D
14:16:00,INDF,RG,6375,50,F,BK,PD,D
14:15:44,INDF,RG,6375,1,F,BK,PD,D
14:15:43,INDF,RG,6375,19,F,BK,YP,D
14:15:39,INDF,RG,6375,2,F,BK,OD,D
14:15:19,INDF,RG,6375,2,F,BK,AG,F
14:15:19,INDF,RG,6375,23,D,IN,AG,F
14:15:15,INDF,RG,6375,9,D,IN,CC,D
14:14:54,INDF,RG,6400,18,F,BK,MG,D
14:14:51,INDF,RG,6400,46,F,BK,MG,D
14:14:46,INDF,RG,6375,900,D,IN,IF,D
14:14:43,INDF,RG,6375,1,D,IN,YP,D
14:13:21,INDF,RG,6400,71,D,LG,MG,D
14:13:03,INDF,RG,6400,572,D,BB,MG,D
14:12:55,INDF,RG,6400,1,D,PD,MG,D
14:12:52,INDF,RG,6375,5,D,IN,PD,D
14:12:52,INDF,RG,6375,1,D,IN,PD,D
14:12:51,INDF,RG,6375,61,D,IN,AK,F
14:12:51,INDF,RG,6375,1,D,YP,AK,F
14:12:51,INDF,RG,6375,1,D,AK,AK,F
14:12:51,INDF,RG,6375,1,D,AK,AK,F
14:12:51,INDF,RG,6400,2,D,AK,MG,D
14:12:51,INDF,RG,6400,2,D,AK,MG,D
14:12:51,INDF,RG,6400,59,D,DR,MG,D
14:12:51,INDF,RG,6400,32,D,ZP,MG,D
14:12:51,INDF,RG,6400,136,F,BK,MG,D
14:12:51,INDF,RG,6400,123,F,BK,MG,D
14:12:51,INDF,RG,6400,90,D,BQ,MG,D
14:12:51,INDF,RG,6400,663,D,BB,MG,D
14:12:51,INDF,RG,6400,22,F,YU,MG,D
14:12:51,INDF,RG,6400,1,F,AK,MG,D
14:12:51,INDF,RG,6400,1,D,AK,MG,D
14:12:51,INDF,RG,6400,1,D,AK,MG,D
14:12:51,INDF,RG,6400,500,D,DR,MG,D
14:12:51,INDF,RG,6400,166,F,BK,MG,D
14:12:51,INDF,RG,6400,269,D,AH,MG,D
14:12:50,INDF,RG,6425,100,D,SQ,GR,D
14:12:47,INDF,RG,6400,200,D,AH,YP,D
14:12:44,INDF,RG,6400,31,D,AH,NI,D
14:12:44,INDF,RG,6400,328,F,BK,NI,D
14:12:44,INDF,RG,6400,2,D,CC,NI,D
14:12:44,INDF,RG,6400,35,D,DR,NI,D
14:12:44,INDF,RG,6400,199,F,BK,NI,D
14:12:44,INDF,RG,6400,282,F,BK,NI,D
14:12:44,INDF,RG,6400,23,D,BB,NI,D
14:12:38,INDF,RG,6425,13,F,BK,GR,D
14:12:35,INDF,RG,6400,10,D,BB,YP,D
14:12:35,INDF,RG,6400,5,D,RX,YP,D
14:12:33,INDF,RG,6425,10,F,BK,GR,D
14:12:31,INDF,RG,6400,48,D,RX,NI,D
14:12:28,INDF,RG,6425,13,F,BK,GR,D
14:12:22,INDF,RG,6425,46,F,BK,GR,D
14:12:22,INDF,RG,6425,10,F,BK,PD,D
14:12:22,INDF,RG,6425,5,F,BK,XC,D
14:12:22,INDF,RG,6425,9,F,BK,EP,D
14:12:22,INDF,RG,6425,31,F,BK,XC,D
14:12:22,INDF,RG,6400,4,D,RX,PD,D
14:12:20,INDF,RG,6400,36,D,RX,YP,D
14:12:20,INDF,RG,6425,2,D,NI,XC,D
14:12:20,INDF,RG,6425,56,F,BK,XC,D
14:12:20,INDF,RG,6425,8,F,BK,PD,D
14:12:20,INDF,RG,6425,1,F,BK,PD,D
14:12:20,INDF,RG,6425,50,F,BK,YP,D
14:12:20,INDF,RG,6425,10,F,BK,SQ,D
14:12:20,INDF,RG,6425,1,F,BK,PD,D
14:12:20,INDF,RG,6425,5,F,BK,PD,D
14:12:20,INDF,RG,6425,6,F,BK,PD,D
14:12:20,INDF,RG,6425,10,F,BK,PD,D
14:12:20,INDF,RG,6425,3,F,BK,NI,D
14:12:20,INDF,RG,6425,10,F,BK,YP,D
14:12:20,INDF,RG,6425,100,F,BK,YP,D
14:12:20,INDF,RG,6425,7,F,BK,YP,D
14:12:20,INDF,RG,6425,2,F,BK,AZ,D
14:12:20,INDF,RG,6425,2,F,BK,CC,D
14:12:20,INDF,RG,6425,1,F,BK,YP,D
14:12:20,INDF,RG,6425,1,F,BK,YP,D
14:12:20,INDF,RG,6425,1,F,BK,YP,D
14:12:20,INDF,RG,6425,200,F,BK,KK,D
14:12:20,INDF,RG,6425,15,F,BK,YP,D
14:12:20,INDF,RG,6425,1,F,BK,YP,D
14:12:20,INDF,RG,6425,10,F,BK,CC,D
14:12:20,INDF,RG,6425,5,F,BK,YP,D
14:12:20,INDF,RG,6425,30,F,BK,AG,F
14:12:20,INDF,RG,6425,10,F,BK,DR,D
14:12:20,INDF,RG,6425,8,F,BK,DH,D
14:12:20,INDF,RG,6425,5,F,BK,YP,D
14:12:20,INDF,RG,6425,100,F,BK,PD,D
14:12:20,INDF,RG,6425,2,F,BK,PD,D
14:12:20,INDF,RG,6425,16,F,BK,DH,D
14:12:20,INDF,RG,6425,20,F,BK,CC,D
14:12:20,INDF,RG,6425,5,F,BK,PD,D
14:12:20,INDF,RG,6425,1,F,BK,PD,D
14:12:20,INDF,RG,6425,1,F,BK,PD,D
14:12:20,INDF,RG,6425,45,F,BK,AZ,D
14:12:20,INDF,RG,6425,2,F,BK,PD,D
14:12:20,INDF,RG,6425,1,F,BK,PD,D
14:12:20,INDF,RG,6425,4,F,BK,GR,D
14:12:20,INDF,RG,6425,14,F,BK,EP,D
14:12:17,INDF,RG,6400,8,D,RX,DR,D
14:12:17,INDF,RG,6400,1,D,RX,PD,D
14:12:17,INDF,RG,6400,5,D,RX,CP,D
14:12:17,INDF,RG,6400,1,D,RX,XC,D
14:12:17,INDF,RG,6400,1,D,RX,DX,D
14:12:17,INDF,RG,6400,20,D,RX,CC,D
14:12:17,INDF,RG,6400,5,D,RX,KK,D
14:12:17,INDF,RG,6400,1,D,RX,NI,D
14:12:17,INDF,RG,6400,3,D,RX,XC,D
14:12:17,INDF,RG,6400,25,D,RX,PD,D
14:12:17,INDF,RG,6400,1,D,RX,CC,D
14:12:17,INDF,RG,6400,4,D,RX,PD,D
14:12:17,INDF,RG,6400,16,D,RX,XC,D
14:12:17,INDF,RG,6400,20,D,RX,DX,F
14:12:17,INDF,RG,6400,1,D,RX,YP,D
14:12:17,INDF,RG,6400,10,D,RX,NI,D
14:12:17,INDF,RG,6400,100,D,RX,CC,D
14:12:17,INDF,RG,6400,18,D,RX,OD,D
14:12:17,INDF,RG,6400,1,D,RX,XC,D
14:12:17,INDF,RG,6400,27,D,RX,CC,D
14:12:17,INDF,RG,6400,2,D,RX,LG,D
14:12:17,INDF,RG,6400,1,D,RX,PD,D
14:12:17,INDF,RG,6400,102,D,RX,DR,D
14:12:17,INDF,RG,6400,40,D,RX,CC,D
14:12:17,INDF,RG,6400,3,D,RX,DP,D
14:12:17,INDF,RG,6400,25,D,RX,YP,D
14:12:17,INDF,RG,6400,1,D,RX,AI,D
14:12:17,INDF,RG,6400,25,D,RX,YP,D
14:12:17,INDF,RG,6400,20,D,RX,PD,D
14:12:17,INDF,RG,6400,10,D,RX,PD,D
14:12:17,INDF,RG,6400,12,D,RX,YP,D
14:12:17,INDF,RG,6400,10,D,RX,OD,D
14:12:17,INDF,RG,6400,1,D,RX,SQ,D
14:12:17,INDF,RG,6400,2,D,RX,XC,D
14:12:17,INDF,RG,6400,252,D,RX,NI,D
14:12:17,INDF,RG,6400,5,D,RX,CC,D
14:12:17,INDF,RG,6400,3,D,RX,XC,D
14:12:17,INDF,RG,6400,20,D,RX,OD,D
14:12:17,INDF,RG,6400,2,D,RX,SQ,D
14:12:17,INDF,RG,6400,4,D,RX,XC,D
14:12:17,INDF,RG,6400,24,D,RX,PD,D
14:12:17,INDF,RG,6400,30,D,RX,SQ,D
14:12:17,INDF,RG,6400,30,D,RX,AO,D
14:12:17,INDF,RG,6400,10,D,RX,LG,D
14:12:17,INDF,RG,6400,1,D,RX,YP,D
14:12:17,INDF,RG,6400,10,D,RX,AI,D
14:12:17,INDF,RG,6400,57,D,RX,NI,D
14:12:17,INDF,RG,6400,122,D,RX,CS,F
14:12:17,INDF,RG,6400,10,D,RX,CC,D
14:12:17,INDF,RG,6400,4,D,RX,XC,D
14:12:17,INDF,RG,6400,200,D,RX,PD,D
14:12:17,INDF,RG,6400,92,D,RX,PD,D
14:12:17,INDF,RG,6400,3,D,RX,PD,D
14:12:17,INDF,RG,6400,1,D,RX,CC,D
14:12:17,INDF,RG,6400,3,D,RX,YP,D
14:12:17,INDF,RG,6400,3,D,RX,XC,D
14:12:17,INDF,RG,6400,10,D,RX,PD,D
14:12:17,INDF,RG,6400,25,D,RX,SQ,D
14:12:17,INDF,RG,6400,2,D,RX,AI,D
14:12:17,INDF,RG,6400,8,D,RX,XC,D
14:12:17,INDF,RG,6400,10,D,RX,PD,D
14:12:17,INDF,RG,6400,2,D,RX,AI,D
14:12:17,INDF,RG,6400,32,D,RX,CC,D
14:12:17,INDF,RG,6400,299,D,RX,YU,D
14:12:17,INDF,RG,6400,20,D,RX,AZ,D
14:12:17,INDF,RG,6400,5,D,RX,YP,D
14:12:17,INDF,RG,6400,2,D,RX,NI,D
14:12:17,INDF,RG,6400,5,D,RX,XC,D
14:12:17,INDF,RG,6400,10,D,RX,XC,D
14:12:17,INDF,RG,6400,1,D,RX,LG,D
14:12:17,INDF,RG,6400,1,D,RX,LG,D
14:12:17,INDF,RG,6400,5,D,RX,YP,D
14:12:17,INDF,RG,6400,3,D,RX,XC,D
14:12:17,INDF,RG,6400,7,D,RX,XC,D
14:12:17,INDF,RG,6400,8,D,RX,CC,D
14:12:17,INDF,RG,6400,5,D,RX,YP,D
14:12:17,INDF,RG,6400,4,D,RX,CC,D
14:12:17,INDF,RG,6400,1000,D,RX,EP,D
14:12:17,INDF,RG,6400,1,D,RX,YP,D
14:12:17,INDF,RG,6400,7,D,RX,DH,D
14:12:17,INDF,RG,6400,25,D,RX,YP,F
14:12:17,INDF,RG,6400,20,D,RX,AG,F
14:12:17,INDF,RG,6400,10,D,RX,IF,D
14:12:17,INDF,RG,6400,17,D,RX,DX,F
14:12:17,INDF,RG,6400,1,D,RX,DR,D
14:12:17,INDF,RG,6400,1,D,RX,CC,D
14:12:17,INDF,RG,6400,37,D,RX,AK,F
14:12:17,INDF,RG,6400,1,D,RX,CC,D
14:12:17,INDF,RG,6400,1,D,RX,YP,D
14:12:17,INDF,RG,6400,80,D,RX,DH,D
14:12:17,INDF,RG,6400,6,D,RX,XC,D
14:12:17,INDF,RG,6400,2,D,RX,EP,D
14:12:17,INDF,RG,6400,4,D,RX,KK,D
14:12:17,INDF,RG,6400,10,D,RX,GR,D
14:12:17,INDF,RG,6400,15,D,RX,XC,D
14:12:17,INDF,RG,6400,8,D,RX,YP,D
14:12:17,INDF,RG,6400,10,D,RX,AZ,D
14:12:17,INDF,RG,6400,7,D,RX,CC,D
14:12:17,INDF,RG,6400,5,D,RX,YP,D
14:12:17,INDF,RG,6400,50,D,RX,XC,D
14:12:17,INDF,RG,6400,10,D,RX,YP,D
14:12:17,INDF,RG,6400,1,D,RX,OD,D
14:12:17,INDF,RG,6400,31,D,RX,DH,D
14:12:17,INDF,RG,6400,55,D,RX,LG,D
14:12:17,INDF,RG,6400,119,D,RX,KZ,F
14:12:17,INDF,RG,6400,1,D,RX,YP,D
14:12:17,INDF,RG,6400,7,D,RX,PD,D
14:12:17,INDF,RG,6400,8,D,RX,XC,D
14:12:17,INDF,RG,6400,1,D,RX,PD,D
14:12:17,INDF,RG,6400,5,D,RX,EP,D
14:12:17,INDF,RG,6400,2,D,RX,PD,D
14:12:17,INDF,RG,6400,5,D,RX,CC,D
14:12:17,INDF,RG,6400,30,D,RX,PD,D
14:12:17,INDF,RG,6400,2,D,RX,DP,D
14:12:17,INDF,RG,6400,5,D,RX,NI,D
14:12:17,INDF,RG,6400,3,D,RX,XC,D
14:12:17,INDF,RG,6400,5,D,RX,PD,D
14:12:17,INDF,RG,6400,20,D,RX,NI,D
14:12:17,INDF,RG,6400,1560,D,RX,CC,D
14:12:17,INDF,RG,6400,2,D,RX,PD,D
14:12:17,INDF,RG,6400,5,D,RX,PD,D
14:12:17,INDF,RG,6400,10,D,RX,LG,D
14:12:17,INDF,RG,6400,2,D,RX,YP,D
14:12:17,INDF,RG,6400,12,D,RX,XC,D
14:12:17,INDF,RG,6400,4,D,RX,CC,D
14:12:17,INDF,RG,6400,8,D,RX,XC,D
14:12:17,INDF,RG,6400,20,D,RX,CC,D
14:12:17,INDF,RG,6400,1,D,RX,XC,D
14:12:17,INDF,RG,6400,2,D,RX,TP,D
14:12:17,INDF,RG,6400,4,D,RX,PD,D
14:12:17,INDF,RG,6400,2,D,RX,CC,D
14:12:17,INDF,RG,6400,1,D,RX,PD,D
14:12:17,INDF,RG,6400,1,D,RX,NI,D
14:12:17,INDF,RG,6400,2,D,RX,XC,D
14:12:17,INDF,RG,6400,1,D,RX,XC,D
14:12:17,INDF,RG,6400,1,D,RX,XC,D
14:12:17,INDF,RG,6400,20,D,RX,NI,D
14:12:17,INDF,RG,6400,2,D,RX,XC,D
14:12:17,INDF,RG,6400,81,D,RX,YP,D
14:12:17,INDF,RG,6400,75,D,RX,YP,D
14:12:17,INDF,RG,6400,2,D,RX,PD,D
14:12:17,INDF,RG,6400,1,D,RX,KK,D
14:12:17,INDF,RG,6400,13,D,RX,NI,D
14:12:17,INDF,RG,6400,26,D,RX,GR,D
14:12:17,INDF,RG,6400,5,D,RX,YP,D
14:12:17,INDF,RG,6400,1,D,RX,YP,D
14:12:17,INDF,RG,6400,100,D,RX,CC,D
14:12:17,INDF,RG,6400,5,D,RX,PO,D
14:12:17,INDF,RG,6400,5,D,RX,CC,D
14:12:17,INDF,RG,6400,1,D,RX,GR,D
14:12:17,INDF,RG,6400,12,D,RX,NI,D
14:12:17,INDF,RG,6400,150,D,RX,XC,D
14:12:17,INDF,RG,6400,22,D,RX,XC,D
14:12:17,INDF,RG,6400,1,D,RX,PC,D
14:12:17,INDF,RG,6400,3,D,RX,XC,D
14:12:17,INDF,RG,6400,75,D,RX,PD,D
14:12:17,INDF,RG,6400,50,D,RX,ZP,D
14:12:17,INDF,RG,6400,10,D,RX,CC,D
14:12:17,INDF,RG,6400,1,D,RX,CP,D
14:12:17,INDF,RG,6400,5,D,RX,YP,D
14:12:17,INDF,RG,6400,116,D,RX,NI,D
14:12:17,INDF,RG,6400,6,D,RX,NI,D
14:12:17,INDF,RG,6400,1,D,RX,DX,D
14:12:17,INDF,RG,6400,3,D,RX,PD,D
14:12:17,INDF,RG,6400,50,D,RX,PD,D
14:12:17,INDF,RG,6400,10,D,RX,LG,D
14:12:17,INDF,RG,6400,2,D,RX,GR,D
14:12:17,INDF,RG,6400,1,D,RX,YP,D
14:12:17,INDF,RG,6400,2,D,RX,YP,D
14:12:17,INDF,RG,6400,1,D,RX,PD,D
14:12:17,INDF,RG,6400,10,D,RX,PD,D
14:12:17,INDF,RG,6400,1,D,RX,XC,D
14:12:17,INDF,RG,6400,10,D,RX,KK,D
14:12:17,INDF,RG,6400,50,D,RX,YP,D
14:12:17,INDF,RG,6400,2,D,RX,YP,D
14:12:17,INDF,RG,6400,1,D,RX,NI,D
14:12:17,INDF,RG,6400,2,D,RX,YP,D
14:12:17,INDF,RG,6400,10,D,RX,PD,D
14:12:17,INDF,RG,6400,37,D,RX,NI,D
14:12:17,INDF,RG,6400,5,D,RX,KK,D
14:12:17,INDF,RG,6400,6,D,RX,XC,D
14:12:17,INDF,RG,6400,20,D,RX,DH,D
14:12:17,INDF,RG,6400,2,D,RX,PD,D
14:12:17,INDF,RG,6400,5,D,RX,PD,D
14:12:17,INDF,RG,6400,4,D,RX,XC,D
14:12:17,INDF,RG,6400,28,D,RX,YP,D
14:12:17,INDF,RG,6400,15,D,RX,PD,D
14:12:17,INDF,RG,6400,3,D,RX,NI,D
14:12:15,INDF,RG,6400,10,D,NI,NI,D
14:12:14,INDF,RG,6400,12,D,YP,NI,D
14:12:14,INDF,RG,6400,1,D,YP,PD,D
14:12:14,INDF,RG,6400,8,D,YP,NI,D
14:12:14,INDF,RG,6400,3,D,YP,NI,D
14:12:14,INDF,RG,6400,1,D,YP,PD,D
14:12:14,INDF,RG,6400,5,D,YP,PD,D
14:12:13,INDF,RG,6400,2,D,CC,NI,D
14:12:13,INDF,RG,6400,1,D,CC,YP,D
14:12:13,INDF,RG,6400,1,D,CC,YP,D
14:12:13,INDF,RG,6400,1,D,CC,YP,F
14:12:13,INDF,RG,6400,31,D,CC,YP,D
14:12:13,INDF,RG,6400,3,D,CC,YP,D
14:12:13,INDF,RG,6400,5,D,CC,YP,D
14:12:13,INDF,RG,6400,10,D,CC,XC,D
14:12:13,INDF,RG,6400,1,D,CC,DH,D
14:12:13,INDF,RG,6400,9,D,CC,DH,D
14:12:13,INDF,RG,6400,1,D,CC,PD,D
14:12:13,INDF,RG,6400,40,D,CC,CC,D
14:12:13,INDF,RG,6400,2,D,CC,PD,D
14:12:13,INDF,RG,6400,3,D,CC,XC,D
14:12:13,INDF,RG,6400,5,D,CC,XC,D
14:12:13,INDF,RG,6400,2,D,CC,PD,D
14:12:13,INDF,RG,6400,1,D,CC,XC,D
14:12:13,INDF,RG,6400,30,D,CC,SQ,D
14:12:13,INDF,RG,6400,1,D,CC,PD,D
14:12:13,INDF,RG,6400,3,D,CC,PD,D
14:12:13,INDF,RG,6400,3,D,CC,PD,D
14:12:13,INDF,RG,6400,24,D,CC,PD,D
14:12:13,INDF,RG,6400,10,D,CC,PD,D
14:12:13,INDF,RG,6400,4,D,CC,PD,D
14:12:13,INDF,RG,6400,17,D,CC,DH,D
14:12:13,INDF,RG,6400,3,D,CC,PD,D
14:12:13,INDF,RG,6400,20,D,CC,SQ,D
14:12:13,INDF,RG,6400,5,D,CC,GR,D
14:12:13,INDF,RG,6400,50,D,CC,KK,D
14:12:13,INDF,RG,6400,1,D,CC,ZP,D
14:12:13,INDF,RG,6400,11,D,CC,SQ,D
14:12:01,INDF,RG,6400,1,D,YP,SQ,D
14:11:59,INDF,RG,6400,4,F,YU,SQ,D
14:11:59,INDF,RG,6400,5,F,YU,CP,D
14:11:59,INDF,RG,6400,20,F,YU,KK,D
14:11:59,INDF,RG,6400,2,F,YU,YB,D
14:11:59,INDF,RG,6400,1,F,YU,PD,D
14:11:59,INDF,RG,6400,10,F,YU,AZ,D
14:11:59,INDF,RG,6400,40,F,YU,PD,D
14:11:59,INDF,RG,6400,55,F,YU,AI,D
14:11:40,INDF,RG,6400,11,F,BK,AI,D
14:11:34,INDF,RG,6375,191,F,BK,KZ,F
14:11:31,INDF,RG,6375,10,F,BK,XC,D
14:11:19,INDF,RG,6375,52,F,BK,NI,D
14:11:15,INDF,RG,6375,3,F,BK,XC,D
14:11:07,INDF,RG,6375,1,F,BK,DX,D
14:10:33,INDF,RG,6375,1,F,BK,PD,D
14:10:29,INDF,RG,6375,10,F,BK,YP,D
14:10:22,INDF,RG,6400,10,F,BK,AI,D
14:10:18,INDF,RG,6375,11,F,BK,NI,D
14:10:15,INDF,RG,6375,218,F,BK,DX,D
14:09:55,INDF,RG,6400,24,F,YU,AI,D
14:09:55,INDF,RG,6400,50,F,YU,SA,D
14:09:55,INDF,RG,6400,2,F,YU,YP,D
14:09:55,INDF,RG,6400,1,F,YU,XC,D
14:09:55,INDF,RG,6400,2,F,YU,PD,D
14:09:55,INDF,RG,6400,2,F,YU,NI,D
14:09:55,INDF,RG,6400,15,F,YU,PD,D
14:09:55,INDF,RG,6400,5,F,YU,PD,D
14:09:55,INDF,RG,6400,1,F,YU,DH,D
14:09:55,INDF,RG,6400,2,F,YU,NI,D
14:09:55,INDF,RG,6400,10,F,YU,SQ,D
14:09:55,INDF,RG,6400,6,F,YU,SQ,D
14:09:55,INDF,RG,6400,2,F,YU,XC,D
14:09:55,INDF,RG,6400,1,F,YU,XC,D
14:09:55,INDF,RG,6400,10,F,YU,YP,D
14:09:55,INDF,RG,6400,4,F,YU,KK,D
14:09:55,INDF,RG,6400,121,F,YU,KK,D
14:09:55,INDF,RG,6400,1,F,YU,XC,D
14:09:55,INDF,RG,6400,1,F,YU,XC,D
14:09:55,INDF,RG,6400,1,F,YU,YP,D
14:09:55,INDF,RG,6400,13,F,YU,PD,D
14:09:48,INDF,RG,6400,2,D,CC,PD,D
14:09:22,INDF,RG,6400,3,D,PD,PD,D
14:09:04,INDF,RG,6400,7,F,BK,PD,D
14:09:04,INDF,RG,6400,3,F,BK,LG,D
14:08:52,INDF,RG,6400,3,D,SQ,LG,D
14:08:35,INDF,RG,6375,8,F,BK,XC,D
14:08:34,INDF,RG,6400,14,F,YU,LG,D
14:08:34,INDF,RG,6400,12,F,YU,PD,D
14:08:34,INDF,RG,6400,9,F,YU,YP,D
14:08:34,INDF,RG,6400,10,F,YU,PD,D
14:08:34,INDF,RG,6400,5,F,YU,YP,D
14:08:34,INDF,RG,6400,87,F,YU,ZP,D
14:08:22,INDF,RG,6375,1,F,BK,SQ,D
14:07:52,INDF,RG,6375,20,F,BK,CC,D
14:07:40,INDF,RG,6400,10,F,BK,ZP,D
14:07:24,INDF,RG,6375,5,F,BK,KK,D
14:07:06,INDF,RG,6400,4,D,AK,ZP,D
14:07:05,INDF,RG,6375,1,F,BK,DX,D
14:07:01,INDF,RG,6375,25,F,BK,DX,D
14:06:58,INDF,RG,6400,5,D,YU,ZP,D
14:06:52,INDF,RG,6400,137,F,YU,ZP,D
14:06:33,INDF,RG,6375,2,F,BK,DP,D
14:06:22,INDF,RG,6400,10,F,BK,ZP,D
14:06:10,INDF,RG,6400,2,D,CC,ZP,D
14:06:04,INDF,RG,6375,39,F,BK,PD,D
14:06:04,INDF,RG,6375,161,F,BK,PD,D
14:05:35,INDF,RG,6375,5,F,BK,SQ,D
14:05:25,INDF,RG,6400,137,F,YU,ZP,D
14:05:12,INDF,RG,6400,10,F,BK,ZP,D
14:05:03,INDF,RG,6375,10,F,BK,PD,D
14:04:59,INDF,RG,6400,1,D,CC,ZP,D
14:04:47,INDF,RG,6375,1,F,BK,DP,D
14:04:45,INDF,RG,6375,1,F,BK,DP,D
14:04:42,INDF,RG,6400,3,D,DR,ZP,D
14:04:39,INDF,RG,6375,25,F,BK,YP,D
14:04:23,INDF,RG,6400,10,F,BK,ZP,D
14:04:20,INDF,RG,6400,1,D,KK,ZP,D
14:04:20,INDF,RG,6400,16,F,BK,ZP,D
14:04:17,INDF,RG,6400,7,D,XL,ZP,D
14:04:15,INDF,RG,6400,137,F,YU,ZP,D
14:04:14,INDF,RG,6400,137,F,YU,ZP,D
14:04:12,INDF,RG,6400,50,D,CC,ZP,D
14:04:10,INDF,RG,6400,236,D,CC,ZP,D
14:04:10,INDF,RG,6400,1,D,CC,YP,D
14:04:10,INDF,RG,6400,1,D,CC,YP,D
14:04:10,INDF,RG,6400,1,D,CC,YP,D
14:04:10,INDF,RG,6400,3,D,CC,PD,D
14:04:10,INDF,RG,6400,30,D,CC,RO,D
14:04:10,INDF,RG,6400,1,D,CC,XA,D
14:04:10,INDF,RG,6400,10,D,CC,CC,D
14:04:10,INDF,RG,6400,3,D,CC,YP,D
14:04:10,INDF,RG,6400,3,D,CC,PD,D
14:04:10,INDF,RG,6400,83,D,CC,CC,D
14:04:10,INDF,RG,6400,100,D,CC,XC,D
14:04:10,INDF,RG,6400,8,D,CC,YP,D
14:04:10,INDF,RG,6400,10,D,CC,YP,D
14:04:10,INDF,RG,6400,10,D,CC,PD,D
14:04:06,INDF,RG,6400,1,D,CC,YP,D
14:04:06,INDF,RG,6400,9,D,CC,YP,D
14:04:06,INDF,RG,6400,10,D,CC,DH,D
14:04:06,INDF,RG,6400,32,D,CC,DH,D
14:04:06,INDF,RG,6400,4,D,CC,NI,D
14:04:06,INDF,RG,6400,25,D,CC,YP,F
14:04:06,INDF,RG,6400,8,D,CC,KZ,F
14:04:06,INDF,RG,6400,11,D,CC,XC,D
14:03:58,INDF,RG,6400,6,F,BK,XC,D
14:03:58,INDF,RG,6400,3,F,BK,XC,D
14:03:58,INDF,RG,6400,2,F,BK,PD,D
14:03:56,INDF,RG,6375,28,F,BK,DX,D
14:03:52,INDF,RG,6375,2,F,BK,PD,D
14:03:50,INDF,RG,6375,1,F,BK,XC,D
14:03:06,INDF,RG,6375,2,F,BK,DR,D
14:03:00,INDF,RG,6400,1,F,AK,XC,D
14:02:50,INDF,RG,6375,1,F,BK,DX,D
14:02:49,INDF,RG,6375,40,F,BK,XC,D
14:02:34,INDF,RG,6375,5,F,BK,CC,D
14:02:28,INDF,RG,6400,2,D,CC,XC,D
14:02:18,INDF,RG,6400,5,F,YU,XC,D
14:02:18,INDF,RG,6400,5,F,YU,GR,D
14:02:18,INDF,RG,6400,20,F,YU,GR,D
14:02:18,INDF,RG,6400,24,F,YU,HP,D
14:02:06,INDF,RG,6375,24,F,BK,CC,D
14:01:53,INDF,RG,6400,1,D,YP,HP,D
14:01:52,INDF,RG,6375,1,F,BK,XC,D
14:01:36,INDF,RG,6400,14,D,AZ,HP,D
14:01:36,INDF,RG,6400,1,D,AZ,CC,D
14:01:36,INDF,RG,6400,1,D,AZ,XC,D
14:01:32,INDF,RG,6375,5,F,BK,PD,D
14:01:30,INDF,RG,6400,2,D,AK,XC,D
14:01:28,INDF,RG,6375,1,F,BK,PD,D
14:01:19,INDF,RG,6375,5,F,BK,CC,D
14:00:52,INDF,RG,6375,28,F,BK,DX,D
14:00:50,INDF,RG,6400,2,F,BK,XC,D
14:00:50,INDF,RG,6400,1,F,BK,YP,D
14:00:50,INDF,RG,6400,5,F,BK,PD,D
14:00:50,INDF,RG,6400,4,F,BK,KK,D
14:00:47,INDF,RG,6400,1,D,YP,KK,D
14:00:47,INDF,RG,6400,5,D,YP,NI,D
14:00:46,INDF,RG,6400,2,F,BK,DH,D
14:00:46,INDF,RG,6400,25,F,BK,LG,D
14:00:45,INDF,RG,6400,25,F,YU,LG,D
14:00:45,INDF,RG,6400,4,F,YU,XC,D
14:00:45,INDF,RG,6400,2,F,YU,KK,D
14:00:45,INDF,RG,6400,1,F,YU,KK,D
14:00:45,INDF,RG,6400,10,F,YU,ZP,D
14:00:45,INDF,RG,6400,27,F,YU,AO,D
14:00:45,INDF,RG,6400,30,F,YU,OD,D
14:00:45,INDF,RG,6400,1,F,YU,PD,D
14:00:45,INDF,RG,6400,10,F,YU,RO,D
14:00:45,INDF,RG,6400,27,F,YU,LH,D
14:00:45,INDF,RG,6400,73,F,YU,LH,D
14:00:45,INDF,RG,6400,64,F,YU,XL,D
14:00:44,INDF,RG,6400,17,F,YU,XL,D
14:00:44,INDF,RG,6400,2,F,YU,DH,D
14:00:44,INDF,RG,6400,1,F,YU,PD,D
14:00:44,INDF,RG,6400,1,F,YU,NI,D
14:00:44,INDF,RG,6400,5,F,YU,YP,D
14:00:44,INDF,RG,6400,100,F,YU,LS,D
14:00:44,INDF,RG,6400,2,F,YU,CC,D
14:00:44,INDF,RG,6400,5,F,YU,XA,D
14:00:44,INDF,RG,6400,4,F,YU,SQ,D
14:00:30,INDF,RG,6400,1,D,AK,SQ,D
14:00:22,INDF,RG,6400,10,D,YP,SQ,D
14:00:11,INDF,RG,6375,35,F,BK,KK,D
14:00:11,INDF,RG,6375,15,F,BK,KK,D
14:00:04,INDF,RG,6375,28,F,BK,CC,D
13:59:53,INDF,RG,6400,5,D,YP,SQ,D
13:59:53,INDF,RG,6400,1,D,YP,XC,D
13:59:53,INDF,RG,6400,5,D,YP,YP,D
13:59:53,INDF,RG,6400,5,D,YP,NI,D
13:59:53,INDF,RG,6400,4,D,YP,NI,D
13:59:53,INDF,RG,6400,7,D,YP,NI,D
13:59:49,INDF,RG,6400,15,F,BK,NI,D
13:59:44,INDF,RG,6400,17,F,BK,NI,D
13:59:43,INDF,RG,6375,1,F,BK,YP,D
13:59:42,INDF,RG,6400,8,F,BK,NI,D
13:59:42,INDF,RG,6400,10,F,BK,CC,D
13:59:42,INDF,RG,6400,50,F,BK,PD,D
13:59:42,INDF,RG,6400,1,F,BK,PD,D
13:59:42,INDF,RG,6400,5,F,BK,XC,D
13:59:42,INDF,RG,6400,1,F,BK,CC,D
13:59:42,INDF,RG,6400,1,F,BK,KK,D
13:59:42,INDF,RG,6400,9,F,BK,KK,D
13:59:42,INDF,RG,6400,6,F,BK,XC,D
13:59:40,INDF,RG,6400,14,F,BK,XC,D
13:59:40,INDF,RG,6400,14,F,BK,PD,D
13:59:36,INDF,RG,6400,28,F,BK,PD,D
13:59:36,INDF,RG,6400,13,F,BK,PD,D
13:59:36,INDF,RG,6400,58,F,BK,YP,D
13:59:35,INDF,RG,6400,83,F,BK,YP,D
13:59:33,INDF,RG,6400,9,D,DR,YP,D
13:59:33,INDF,RG,6400,1,D,DR,PD,D
13:59:33,INDF,RG,6400,3,D,DR,YP,D
13:59:33,INDF,RG,6400,15,D,DR,EP,D
13:59:33,INDF,RG,6400,5,D,DR,YP,D
13:59:33,INDF,RG,6400,2,D,DR,XC,D
13:59:33,INDF,RG,6400,3,D,DR,SQ,D
13:59:33,INDF,RG,6400,100,D,DR,DH,D
13:59:33,INDF,RG,6400,362,D,DR,SQ,D
13:59:30,INDF,RG,6400,158,F,BK,SQ,D
13:59:30,INDF,RG,6400,4,D,YP,SQ,D
13:59:27,INDF,RG,6400,476,D,DR,SQ,D
13:59:27,INDF,RG,6400,24,D,DR,SQ,D
13:59:26,INDF,RG,6375,2,F,BK,PD,D
13:59:25,INDF,RG,6400,56,F,BK,SQ,D
13:59:25,INDF,RG,6400,15,F,BK,SQ,D
13:59:25,INDF,RG,6400,1,F,BK,PD,D
13:59:25,INDF,RG,6400,20,F,BK,CC,D
13:59:25,INDF,RG,6400,6,F,BK,XC,D
13:59:25,INDF,RG,6400,19,F,BK,KK,D
13:59:24,INDF,RG,6400,31,D,CC,KK,D
13:59:24,INDF,RG,6400,10,D,CC,GR,D
13:59:24,INDF,RG,6400,80,D,CC,XC,D
13:59:24,INDF,RG,6400,1,D,CC,YP,D
13:59:24,INDF,RG,6400,1,D,CC,YP,D
13:59:24,INDF,RG,6400,6,D,CC,XC,D
13:59:24,INDF,RG,6400,3,D,CC,PD,D
13:59:24,INDF,RG,6400,18,D,CC,NI,D
13:59:24,INDF,RG,6400,12,D,CC,PD,D
13:59:24,INDF,RG,6400,50,D,CC,NI,D
13:59:24,INDF,RG,6400,5,D,CC,SQ,D
13:59:24,INDF,RG,6400,1,D,CC,KK,D
13:59:24,INDF,RG,6400,1,D,CC,GR,D
13:59:24,INDF,RG,6400,1,D,CC,YP,D
13:59:24,INDF,RG,6400,25,D,CC,NI,D
13:59:24,INDF,RG,6400,2,D,CC,GR,D
13:59:24,INDF,RG,6400,18,D,CC,YP,D
13:59:24,INDF,RG,6400,9,D,CC,PD,D
13:59:24,INDF,RG,6400,51,D,CC,SQ,D
13:59:24,INDF,RG,6400,75,D,CC,IF,D
13:59:24,INDF,RG,6400,31,F,BK,IF,D
13:59:22,INDF,RG,6400,394,D,DR,IF,D
13:59:22,INDF,RG,6400,2,D,DR,PD,D
13:59:22,INDF,RG,6400,2,D,DR,XC,D
13:59:22,INDF,RG,6400,2,D,DR,CC,D
13:59:20,INDF,RG,6400,98,D,CC,CC,D
13:59:20,INDF,RG,6400,30,D,CC,OD,D
13:59:20,INDF,RG,6400,2,D,CC,XC,D
13:59:20,INDF,RG,6400,10,D,CC,PD,D
13:59:20,INDF,RG,6400,2,D,CC,PD,D
13:59:20,INDF,RG,6400,100,D,CC,DR,D
13:59:20,INDF,RG,6400,2,D,CC,EP,D
13:59:20,INDF,RG,6400,1,D,CC,YP,D
13:59:20,INDF,RG,6400,5,D,CC,KK,D
13:59:20,INDF,RG,6400,3,D,CC,NI,D
13:59:20,INDF,RG,6400,1,D,CC,YP,D
13:59:20,INDF,RG,6400,2,D,CC,PD,D
13:59:20,INDF,RG,6400,94,D,CC,YP,D
13:59:19,INDF,RG,6400,31,F,BK,YP,D
13:59:18,INDF,RG,6400,10,D,CC,YP,D
13:59:17,INDF,RG,6400,39,D,DR,YP,D
13:59:16,INDF,RG,6400,76,D,CC,YP,D
13:59:16,INDF,RG,6400,1,D,CC,DR,D
13:59:16,INDF,RG,6400,5,D,CC,YP,D
13:59:16,INDF,RG,6400,10,D,CC,CC,D
13:59:16,INDF,RG,6400,8,D,CC,PD,D
13:59:15,INDF,RG,6375,7,F,BK,PD,D
13:59:14,INDF,RG,6400,41,F,BK,PD,D
13:59:14,INDF,RG,6400,9,F,BK,XC,D
13:59:14,INDF,RG,6400,1,F,BK,NI,D
13:59:14,INDF,RG,6400,4,F,BK,PD,D
13:59:12,INDF,RG,6400,46,F,BK,PD,D
13:59:12,INDF,RG,6400,10,F,BK,SQ,D
13:59:12,INDF,RG,6400,10,F,BK,DH,D
13:59:12,INDF,RG,6400,1,F,BK,PD,D
13:59:11,INDF,RG,6400,1,D,DR,PD,D
13:59:11,INDF,RG,6400,1,D,DR,PD,D
13:59:11,INDF,RG,6400,30,D,DR,XC,D
13:59:11,INDF,RG,6400,2,D,DR,YP,D
13:59:11,INDF,RG,6400,48,D,DR,NI,D
13:59:11,INDF,RG,6400,2,D,DR,NI,D
13:59:11,INDF,RG,6400,5,D,DR,PD,D
13:59:11,INDF,RG,6400,2,D,DR,PD,D
13:59:11,INDF,RG,6400,2,D,DR,PD,D
13:59:11,INDF,RG,6400,2,D,DR,EP,D
13:59:11,INDF,RG,6400,12,D,DR,XC,D
13:59:11,INDF,RG,6400,2,D,DR,NI,D
13:59:11,INDF,RG,6400,14,D,DR,NI,D
13:59:11,INDF,RG,6400,1,D,DR,CP,D
13:59:11,INDF,RG,6400,176,D,DR,YB,D
13:59:10,INDF,RG,6400,136,D,AZ,YB,D
13:59:10,INDF,RG,6400,25,D,AZ,YP,D
13:59:10,INDF,RG,6400,15,D,AZ,PD,D
13:59:10,INDF,RG,6400,20,D,AZ,SQ,D
13:59:10,INDF,RG,6400,17,D,AZ,XC,D
13:59:10,INDF,RG,6400,5,D,AZ,YP,D
13:59:10,INDF,RG,6400,5,D,AZ,YP,F
13:59:10,INDF,RG,6400,10,D,AZ,NI,D
13:59:10,INDF,RG,6400,8,D,AZ,YP,D
13:59:10,INDF,RG,6400,50,D,AZ,YU,D
13:59:10,INDF,RG,6400,40,D,AZ,YU,D
13:59:10,INDF,RG,6400,8,D,AZ,PD,D
13:59:10,INDF,RG,6400,10,D,AZ,LG,D
13:59:10,INDF,RG,6400,8,D,AZ,NI,D
13:59:10,INDF,RG,6400,3,D,AZ,NI,D
13:59:10,INDF,RG,6400,30,D,AZ,NI,D
13:59:10,INDF,RG,6400,110,D,AZ,NI,D
13:58:59,INDF,RG,6400,14,F,BK,NI,D
13:58:57,INDF,RG,6400,22,F,BK,NI,D
13:58:52,INDF,RG,6400,4,F,BK,NI,D
13:58:52,INDF,RG,6400,1,F,BK,PD,D
13:58:52,INDF,RG,6400,100,F,BK,YP,D
13:58:52,INDF,RG,6400,10,F,BK,YP,D
13:58:52,INDF,RG,6400,5,F,BK,PD,D
13:58:52,INDF,RG,6400,5,F,BK,DR,D
13:58:52,INDF,RG,6400,23,F,BK,FS,D
13:58:50,INDF,RG,6400,27,D,CC,FS,D
13:58:50,INDF,RG,6400,1,D,CC,YU,D
13:58:50,INDF,RG,6400,100,D,CC,YU,D
13:58:50,INDF,RG,6400,2,D,CC,AZ,D
13:58:50,INDF,RG,6400,500,D,CC,OD,D
13:58:50,INDF,RG,6400,2,D,CC,CC,D
13:58:50,INDF,RG,6400,1,D,CC,YP,D
13:58:50,INDF,RG,6400,10,D,CC,YP,D
13:58:50,INDF,RG,6400,1,D,CC,YP,D
13:58:50,INDF,RG,6400,150,D,CC,YP,D
13:58:50,INDF,RG,6400,1,D,CC,YP,D
13:58:50,INDF,RG,6400,10,D,CC,YP,D
13:58:50,INDF,RG,6400,25,D,CC,YP,D
13:58:50,INDF,RG,6400,10,D,CC,KK,D
13:58:50,INDF,RG,6400,1,D,CC,YP,D
13:58:50,INDF,RG,6400,1,D,CC,YP,D
13:58:50,INDF,RG,6400,5,D,CC,YP,D
13:58:50,INDF,RG,6400,1,D,CC,DH,D
13:58:50,INDF,RG,6400,2,D,CC,PD,D
13:58:50,INDF,RG,6400,1,D,CC,IF,D
13:58:50,INDF,RG,6400,1,D,CC,PD,D
13:58:50,INDF,RG,6400,20,D,CC,AG,F
13:58:50,INDF,RG,6400,25,D,CC,PD,D
13:58:50,INDF,RG,6400,7,D,CC,PD,D
13:58:50,INDF,RG,6400,1,D,CC,KK,D
13:58:50,INDF,RG,6400,1,D,CC,KK,D
13:58:50,INDF,RG,6400,1,D,CC,PD,D
13:58:50,INDF,RG,6400,5,D,CC,PD,D
13:58:50,INDF,RG,6400,2,D,CC,CC,D
13:58:50,INDF,RG,6400,15,D,CC,CC,D
13:58:50,INDF,RG,6400,2,D,CC,SQ,D
13:58:50,INDF,RG,6400,69,D,CC,SQ,D
13:58:48,INDF,RG,6400,2,D,CC,SQ,D
13:58:45,INDF,RG,6400,2,D,AK,SQ,D
13:58:44,INDF,RG,6400,1,D,PD,SQ,D
13:58:39,INDF,RG,6375,1,F,BK,YP,D
13:58:35,INDF,RG,6375,1,F,BK,DX,D
13:58:25,INDF,RG,6375,6,F,BK,XC,D
13:58:20,INDF,RG,6375,1,F,BK,NI,D
13:58:18,INDF,RG,6400,2,D,PD,SQ,D
13:58:10,INDF,RG,6400,13,F,BK,SQ,D
13:58:06,INDF,RG,6400,42,F,BK,SQ,D
13:58:04,INDF,RG,6400,300,D,DR,SQ,D
13:58:01,INDF,RG,6400,12,F,BK,SQ,D
13:57:58,INDF,RG,6400,47,F,BK,SQ,D
13:57:55,INDF,RG,6400,250,D,CC,SQ,D
13:57:55,INDF,RG,6375,29,F,BK,DX,D
13:57:54,INDF,RG,6400,37,F,BK,SQ,D
13:57:49,INDF,RG,6400,300,D,CC,SQ,D
13:57:41,INDF,RG,6400,10,F,BK,SQ,D
13:57:38,INDF,RG,6375,5,F,BK,DX,D
13:57:30,INDF,RG,6400,2,D,CC,SQ,D
13:57:25,INDF,RG,6400,1,D,AK,SQ,D
13:57:24,INDF,RG,6375,5,F,BK,CC,D
13:57:19,INDF,RG,6375,50,F,BK,KK,D
13:57:15,INDF,RG,6400,10,F,BK,SQ,D
13:57:15,INDF,RG,6400,2,F,BK,GR,D
13:57:15,INDF,RG,6400,1,F,BK,PD,D
13:57:13,INDF,RG,6400,1,F,BK,PD,D
13:57:13,INDF,RG,6400,1,F,BK,YP,D
13:57:13,INDF,RG,6400,1,F,BK,PD,D
13:57:13,INDF,RG,6400,5,F,BK,PD,D
13:57:13,INDF,RG,6400,5,F,BK,PD,D
13:57:13,INDF,RG,6400,1,F,BK,PD,D
13:57:13,INDF,RG,6400,1,F,BK,CP,D
13:57:11,INDF,RG,6400,49,D,CC,CP,D
13:57:11,INDF,RG,6400,1,D,CC,PD,D
13:57:11,INDF,RG,6400,2,D,CC,EP,D
13:57:11,INDF,RG,6400,2,D,CC,GR,D
13:57:11,INDF,RG,6400,96,D,CC,YP,D
13:57:06,INDF,RG,6375,1,F,BK,YP,D
13:57:03,INDF,RG,6375,1,F,BK,DP,D
13:56:47,INDF,RG,6375,20,F,BK,PD,D
13:56:45,INDF,RG,6375,9,F,BK,NI,D
13:56:38,INDF,RG,6400,16,F,BK,YP,D
13:56:36,INDF,RG,6375,21,F,BK,CC,D
13:56:30,INDF,RG,6400,2,D,XC,YP,D
13:55:53,INDF,RG,6400,1,D,AK,YP,D
13:55:52,INDF,RG,6400,4,D,CC,YP,D
13:55:37,INDF,RG,6400,4,D,EP,YP,D
13:55:29,INDF,RG,6400,5,D,CC,YP,D
13:55:18,INDF,RG,6400,5,D,NI,YP,D
13:55:08,INDF,RG,6400,2,D,CC,YP,D
13:55:06,INDF,RG,6375,5,F,BK,EP,D
13:54:47,INDF,RG,6400,11,F,BK,YP,D
13:54:46,INDF,RG,6375,23,F,BK,DX,D
13:54:43,INDF,RG,6375,2,F,BK,SQ,D
13:54:33,INDF,RG,6375,5,F,BK,CC,D
13:54:31,INDF,RG,6400,3,D,EP,YP,D
13:54:27,INDF,RG,6375,1,F,BK,DX,D
13:54:13,INDF,RG,6400,1,D,AK,YP,D
13:54:07,INDF,RG,6400,11,F,BK,YP,D
13:54:01,INDF,RG,6400,52,F,BK,YP,D
13:54:01,INDF,RG,6375,1,F,BK,YP,D
13:54:00,INDF,RG,6375,26,F,BK,YP,D
13:54:00,INDF,RG,6375,142,D,BB,YP,D
13:54:00,INDF,RG,6375,24,D,DR,YP,D
13:54:00,INDF,RG,6375,162,D,RX,YP,D
13:53:55,INDF,RG,6375,1,D,RX,XC,D
13:53:49,INDF,RG,6375,45,D,RX,YP,D
13:53:46,INDF,RG,6400,10,F,BK,YP,D
13:53:45,INDF,RG,6400,1,F,AK,YP,D
13:53:32,INDF,RG,6375,1,D,RX,YP,D
13:53:32,INDF,RG,6375,1,D,RX,YP,D
13:53:26,INDF,RG,6375,1,D,RX,YP,D
13:53:26,INDF,RG,6375,1,D,RX,YP,D
13:53:25,INDF,RG,6375,1,D,RX,YP,D
13:53:24,INDF,RG,6375,50,D,RX,KK,D
13:53:18,INDF,RG,6375,1,D,RX,CP,D
13:53:16,INDF,RG,6375,1,D,RX,YP,D
13:53:01,INDF,RG,6400,10,D,CC,YP,D
13:52:39,INDF,RG,6400,12,F,BK,YP,D
13:52:37,INDF,RG,6375,9,D,RX,NI,D
13:52:31,INDF,RG,6400,14,F,BK,YP,D
13:52:30,INDF,RG,6375,100,D,RX,ZP,D
13:52:30,INDF,RG,6400,2,D,AK,YP,D
13:52:12,INDF,RG,6375,5,D,RX,PD,D
13:52:00,INDF,RG,6375,17,D,RX,NI,D
13:51:53,INDF,RG,6375,5,D,RX,SQ,D
13:51:51,INDF,RG,6400,1,D,KK,YP,D
13:51:45,INDF,RG,6400,1,D,XC,YP,D
13:51:40,INDF,RG,6400,11,F,BK,YP,D
13:51:36,INDF,RG,6400,3,D,CC,YP,D
13:51:28,INDF,RG,6400,1,D,AK,YP,D
13:51:27,INDF,RG,6375,5,D,RX,DR,D
13:50:59,INDF,RG,6400,67,F,BK,YP,D
13:50:54,INDF,RG,6400,1,D,YP,YP,D
13:50:51,INDF,RG,6400,17,F,BK,YP,D
13:50:49,INDF,RG,6400,23,F,BK,YP,D
13:50:47,INDF,RG,6400,153,F,BK,YP,D
13:50:37,INDF,RG,6400,6,F,BK,YP,D
13:50:36,INDF,RG,6375,2,D,RX,PD,D
13:50:15,INDF,RG,6375,9,D,RX,YP,D
13:50:14,INDF,RG,6375,7,D,RX,XC,D
13:50:03,INDF,RG,6375,1,D,RX,YP,D
13:50:03,INDF,RG,6400,19,F,BK,YP,D
13:49:57,INDF,RG,6400,80,F,BK,YP,D
13:49:55,INDF,RG,6400,355,F,BK,YP,D
13:49:55,INDF,RG,6400,10,F,BK,DR,D
13:49:55,INDF,RG,6400,160,F,BK,AI,D
13:49:55,INDF,RG,6400,2,F,BK,DR,D
13:49:55,INDF,RG,6400,1,F,BK,PD,D
13:49:55,INDF,RG,6400,1,F,BK,IP,D
13:49:55,INDF,RG,6400,4,F,BK,GR,D
13:49:53,INDF,RG,6375,1,D,RX,YP,D
13:49:52,INDF,RG,6375,43,D,RX,AK,F
13:49:52,INDF,RG,6375,26,D,RX,SQ,D
13:49:52,INDF,RG,6375,128,D,RX,CS,F
13:49:52,INDF,RG,6375,4,D,RX,CC,D
13:49:52,INDF,RG,6375,20,D,RX,BQ,D
13:49:52,INDF,RG,6375,1,D,RX,YP,D
13:49:52,INDF,RG,6375,30,D,RX,DX,D
13:49:52,INDF,RG,6375,1,D,RX,YP,D
13:49:52,INDF,RG,6375,1,D,RX,YP,D
13:49:52,INDF,RG,6375,1,D,RX,YP,D
13:49:52,INDF,RG,6375,10,D,RX,LG,D
13:49:52,INDF,RG,6375,3,D,RX,XC,D
13:49:52,INDF,RG,6375,20,D,RX,AG,F
13:49:52,INDF,RG,6375,10,D,RX,PD,D
13:49:52,INDF,RG,6375,10,D,RX,DH,D
13:49:52,INDF,RG,6375,10,D,RX,AZ,D
13:49:52,INDF,RG,6375,5,D,RX,NI,D
13:49:52,INDF,RG,6375,10,D,RX,PD,D
13:49:52,INDF,RG,6375,1,D,RX,XC,D
13:49:52,INDF,RG,6375,25,D,RX,PD,D
13:49:52,INDF,RG,6375,1,D,RX,XC,D
13:49:52,INDF,RG,6375,2,D,RX,CC,F
13:49:52,INDF,RG,6375,5,D,RX,PD,D
13:49:52,INDF,RG,6375,22,D,RX,CC,D
13:49:52,INDF,RG,6375,1,D,RX,DX,D
13:49:52,INDF,RG,6375,14,D,RX,YP,D
13:49:52,INDF,RG,6375,9,D,RX,EP,D
13:49:52,INDF,RG,6375,19,D,RX,DX,F
13:49:52,INDF,RG,6375,60,D,RX,YP,D
13:49:52,INDF,RG,6375,1,D,RX,DP,D
13:49:52,INDF,RG,6375,17,D,RX,XC,D
13:49:52,INDF,RG,6375,60,D,RX,YU,D
13:49:52,INDF,RG,6375,80,D,RX,YP,D
13:49:52,INDF,RG,6375,4,D,RX,CC,D
13:49:52,INDF,RG,6375,10,D,RX,PD,D
13:49:52,INDF,RG,6375,25,D,RX,PD,D
13:49:52,INDF,RG,6375,10,D,RX,PD,D
13:49:52,INDF,RG,6375,400,D,RX,ZP,D
13:49:52,INDF,RG,6375,6,D,RX,PD,D
13:49:52,INDF,RG,6375,10,D,RX,OD,D
13:49:52,INDF,RG,6375,1,D,RX,CP,D
13:49:52,INDF,RG,6375,2,D,RX,NI,D
13:49:52,INDF,RG,6375,10,D,RX,PD,D
13:49:52,INDF,RG,6375,5,D,RX,KK,D
13:49:52,INDF,RG,6375,5,D,RX,YP,D
13:49:52,INDF,RG,6375,2,D,RX,KK,D
13:49:52,INDF,RG,6375,2,D,RX,NI,D
13:49:52,INDF,RG,6375,15,D,RX,KK,D
13:49:52,INDF,RG,6375,3,D,RX,GR,D
13:49:52,INDF,RG,6375,6,D,RX,PD,D
13:49:52,INDF,RG,6375,216,D,RX,KZ,F
13:49:52,INDF,RG,6375,46,D,RX,KK,D
13:49:52,INDF,RG,6375,10,D,RX,EP,D
13:49:52,INDF,RG,6375,1,D,RX,XC,D
13:49:52,INDF,RG,6375,1000,D,RX,AO,D
13:49:52,INDF,RG,6375,1,D,RX,YP,D
13:49:52,INDF,RG,6375,2,D,RX,XC,D
13:49:52,INDF,RG,6375,5,D,RX,YP,D
13:49:52,INDF,RG,6375,43,D,RX,AK,F
13:49:52,INDF,RG,6375,25,D,RX,CC,D
13:49:52,INDF,RG,6375,1,D,RX,NI,D
13:49:52,INDF,RG,6375,1,D,RX,PD,D
13:49:52,INDF,RG,6375,1,D,RX,XC,D
13:49:52,INDF,RG,6375,30,D,RX,CC,D
13:49:52,INDF,RG,6375,7,D,RX,PD,D
13:49:52,INDF,RG,6375,4,D,RX,YP,D
13:49:52,INDF,RG,6375,50,D,RX,PD,D
13:49:52,INDF,RG,6375,1,D,RX,CC,D
13:49:52,INDF,RG,6375,3,D,RX,PD,D
13:49:52,INDF,RG,6375,1,D,RX,NI,D
13:49:52,INDF,RG,6375,2,D,RX,PD,D
13:49:52,INDF,RG,6375,20,D,RX,ZP,D
13:49:52,INDF,RG,6375,1,D,RX,CC,D
13:49:52,INDF,RG,6375,4,D,RX,DP,D
13:49:52,INDF,RG,6375,12,D,RX,YP,D
13:49:52,INDF,RG,6375,1,D,RX,YP,D
13:49:52,INDF,RG,6375,1,D,RX,CC,D
13:49:52,INDF,RG,6375,10,D,RX,YP,D
13:49:52,INDF,RG,6375,2,D,RX,NI,D
13:49:52,INDF,RG,6375,2,D,RX,OD,D
13:49:52,INDF,RG,6375,50,D,RX,NI,D
13:49:52,INDF,RG,6375,30,D,RX,XC,D
13:49:52,INDF,RG,6375,1,D,RX,PD,D
13:49:52,INDF,RG,6375,20,D,RX,YP,D
13:49:52,INDF,RG,6375,3,D,RX,KK,D
13:49:52,INDF,RG,6375,5,D,RX,CC,D
13:49:52,INDF,RG,6375,8,D,RX,NI,D
13:49:52,INDF,RG,6375,2,D,RX,NI,D
13:49:52,INDF,RG,6375,5,D,RX,PD,D
13:49:52,INDF,RG,6375,10,D,RX,XC,D
13:49:52,INDF,RG,6375,18,D,RX,DX,F
13:49:52,INDF,RG,6375,1,D,RX,PD,D
13:49:52,INDF,RG,6375,6,D,RX,HP,D
13:49:52,INDF,RG,6375,7,D,RX,NI,D
13:49:52,INDF,RG,6375,1,D,RX,PD,D
13:49:52,INDF,RG,6375,2,D,RX,XC,D
13:49:52,INDF,RG,6375,4,D,RX,CC,D
13:49:52,INDF,RG,6375,40,D,RX,PD,D
13:49:52,INDF,RG,6375,180,D,RX,KK,D
13:49:52,INDF,RG,6375,2,D,RX,CC,D
13:49:52,INDF,RG,6375,1,D,RX,PD,D
13:49:52,INDF,RG,6375,60,D,RX,CP,D
13:49:52,INDF,RG,6375,4,D,RX,YP,D
13:49:52,INDF,RG,6375,1,D,RX,YP,D
13:49:52,INDF,RG,6375,1,D,RX,YP,D
13:49:52,INDF,RG,6375,2,D,RX,YP,D
13:49:52,INDF,RG,6375,5,D,RX,YP,D
13:49:52,INDF,RG,6375,3,D,RX,YP,D
13:49:52,INDF,RG,6375,3,D,RX,XC,D
13:49:52,INDF,RG,6375,2,D,RX,XC,D
13:49:52,INDF,RG,6375,15,D,RX,DH,D
13:49:52,INDF,RG,6375,14,D,RX,PD,D
13:49:52,INDF,RG,6375,1,D,RX,PD,D
13:49:52,INDF,RG,6375,5,D,RX,PD,D
13:49:52,INDF,RG,6375,1,D,RX,PD,D
13:49:52,INDF,RG,6375,3,D,RX,LG,D
13:49:52,INDF,RG,6375,10,D,RX,PD,D
13:49:52,INDF,RG,6375,10,D,RX,PD,D
13:49:52,INDF,RG,6375,2,D,RX,SQ,D
13:49:52,INDF,RG,6375,25,D,RX,PD,D
13:49:52,INDF,RG,6375,2,D,RX,PD,D
13:49:52,INDF,RG,6375,3,D,RX,EP,D
13:49:52,INDF,RG,6375,45,D,RX,ZP,F
13:49:52,INDF,RG,6375,2,D,RX,DH,D
13:49:52,INDF,RG,6375,50,D,RX,KK,D
13:49:52,INDF,RG,6375,1,D,RX,KK,D
13:49:52,INDF,RG,6375,10,D,RX,YU,D
13:49:52,INDF,RG,6375,45,D,RX,PD,D
13:49:52,INDF,RG,6375,25,D,RX,YP,D
13:49:52,INDF,RG,6375,5,D,RX,YP,D
13:49:52,INDF,RG,6375,1,D,RX,XC,D
13:49:52,INDF,RG,6375,4,D,RX,XC,D
13:49:52,INDF,RG,6375,20,D,RX,CC,D
13:49:52,INDF,RG,6375,15,D,RX,CC,D
13:49:52,INDF,RG,6375,2,D,RX,PD,D
13:49:52,INDF,RG,6375,10,D,RX,PD,D
13:49:52,INDF,RG,6375,1,D,RX,PD,D
13:49:52,INDF,RG,6375,1,D,RX,XC,D
13:49:52,INDF,RG,6375,75,D,RX,PD,D
13:49:52,INDF,RG,6375,25,D,RX,XC,D
13:49:43,INDF,RG,6375,18,F,BK,XC,D
13:49:41,INDF,RG,6375,57,D,CC,XC,D
13:49:41,INDF,RG,6375,5,D,CC,PD,D
13:49:41,INDF,RG,6375,38,D,CC,NI,D
13:49:35,INDF,RG,6375,2,F,BK,NI,D
13:49:35,INDF,RG,6375,1,F,BK,NI,D
13:49:35,INDF,RG,6375,1,F,BK,PD,D
13:49:35,INDF,RG,6375,10,F,BK,PD,D
13:49:35,INDF,RG,6375,6,F,BK,YP,D
13:49:35,INDF,RG,6350,100,D,RX,SQ,D
13:49:22,INDF,RG,6350,1,D,RX,DP,D
13:49:20,INDF,RG,6350,2,D,RX,DP,D
13:49:10,INDF,RG,6375,14,D,HD,YP,D
13:49:10,INDF,RG,6375,2,D,HD,PD,D
13:49:10,INDF,RG,6375,14,D,HD,YJ,D
13:49:07,INDF,RG,6375,10,F,BK,YJ,D
13:49:02,INDF,RG,6375,17,F,BK,YJ,D
13:49:00,INDF,RG,6375,9,F,BK,YJ,D
13:49:00,INDF,RG,6375,22,F,BK,AT,D
13:49:00,INDF,RG,6375,9,F,BK,PD,D
13:48:59,INDF,RG,6350,25,D,RX,KK,D
13:48:59,INDF,RG,6375,91,D,CC,PD,D
13:48:59,INDF,RG,6375,9,D,CC,CC,D
13:48:57,INDF,RG,6375,1,F,BK,CC,D
13:48:57,INDF,RG,6375,2,F,BK,YP,D
13:48:57,INDF,RG,6375,9,F,BK,XC,D
13:48:57,INDF,RG,6375,1,F,BK,YP,D
13:48:57,INDF,RG,6375,1,F,BK,KK,D
13:48:57,INDF,RG,6375,1,F,BK,PD,D
13:48:57,INDF,RG,6375,3,F,BK,PD,D
13:48:51,INDF,RG,6375,7,F,BK,PD,D
13:48:51,INDF,RG,6375,5,F,BK,XC,D
13:48:51,INDF,RG,6375,1,F,BK,OD,D
13:48:51,INDF,RG,6375,8,F,BK,YP,D
13:48:51,INDF,RG,6375,30,F,BK,DH,D
13:48:50,INDF,RG,6375,40,D,CC,DH,D
13:48:50,INDF,RG,6375,1,D,CC,NI,D
13:48:50,INDF,RG,6375,59,D,CC,NI,D
13:48:46,INDF,RG,6375,41,D,CC,NI,D
13:48:46,INDF,RG,6375,100,D,CC,CC,D
13:48:46,INDF,RG,6375,65,D,CC,PD,D
13:48:46,INDF,RG,6375,1,D,CC,YP,D
13:48:46,INDF,RG,6375,1,D,CC,YP,D
13:48:46,INDF,RG,6375,1,D,CC,YP,D
13:48:46,INDF,RG,6375,3,D,CC,YP,F
13:48:46,INDF,RG,6375,20,D,CC,DH,D
13:48:46,INDF,RG,6375,68,D,CC,YP,D
13:48:45,INDF,RG,6350,30,D,RX,DX,D
13:48:31,INDF,RG,6375,4,D,NI,YP,D
13:48:17,INDF,RG,6375,1,D,DR,YP,D
13:48:08,INDF,RG,6375,1,D,AK,YP,D
13:48:07,INDF,RG,6375,4,D,NI,YP,D
13:47:52,INDF,RG,6375,2,D,CC,YP,D
13:47:52,INDF,RG,6375,1,D,PD,YP,D
13:47:47,INDF,RG,6375,5,D,XC,YP,D
13:47:46,INDF,RG,6375,1,D,XC,YP,D
13:47:15,INDF,RG,6375,1,D,AK,YP,D
13:47:01,INDF,RG,6375,62,D,DR,YP,D
13:47:01,INDF,RG,6375,2,D,DR,MG,D
13:47:01,INDF,RG,6375,300,D,DR,NI,D
13:47:01,INDF,RG,6375,50,D,DR,CP,D
13:47:01,INDF,RG,6375,30,D,DR,YP,D
13:47:01,INDF,RG,6375,2,D,DR,XC,D
13:47:01,INDF,RG,6375,1,D,DR,YP,D
13:47:01,INDF,RG,6375,25,D,DR,AR,D
13:47:01,INDF,RG,6375,1,D,DR,PD,D
13:47:01,INDF,RG,6375,1,D,DR,PD,D
13:47:01,INDF,RG,6375,1,D,DR,XC,D
13:47:01,INDF,RG,6375,3,D,DR,PD,D
13:47:01,INDF,RG,6375,1,D,DR,PD,D
13:47:01,INDF,RG,6375,21,D,DR,CC,D
13:46:51,INDF,RG,6350,2,D,RX,NI,D
13:46:41,INDF,RG,6350,8,D,RX,CC,D
13:46:17,INDF,RG,6350,1,D,RX,DX,D
13:45:57,INDF,RG,6375,3,D,XC,CC,D
13:45:57,INDF,RG,6375,2,D,XC,YP,D
13:45:57,INDF,RG,6375,25,D,XC,YP,F
13:45:57,INDF,RG,6375,10,D,XC,KZ,F
13:45:57,INDF,RG,6375,2,D,XC,PD,D
13:45:57,INDF,RG,6375,3,D,XC,AT,D
13:45:57,INDF,RG,6375,1,D,XC,KK,D
13:45:57,INDF,RG,6375,1,D,XC,PD,D
13:45:45,INDF,RG,6375,9,F,BK,PD,D
13:45:41,INDF,RG,6350,27,D,RX,DX,D
13:45:33,INDF,RG,6350,22,D,RX,CC,D
13:45:31,INDF,RG,6375,1,F,BK,PD,D
13:45:31,INDF,RG,6375,5,F,BK,PO,D
13:45:31,INDF,RG,6375,10,F,BK,YP,D
13:45:28,INDF,RG,6375,10,F,BK,YP,D
13:45:28,INDF,RG,6375,3,F,BK,PD,D
13:45:28,INDF,RG,6375,6,F,BK,YP,D
13:45:28,INDF,RG,6375,29,F,BK,ZP,D
13:45:17,INDF,RG,6375,21,F,BK,ZP,D
13:45:17,INDF,RG,6375,3,F,BK,YP,D
13:45:13,INDF,RG,6375,1,D,CC,YP,D
13:45:13,INDF,RG,6375,5,D,CC,PD,D
13:45:13,INDF,RG,6375,4,D,CC,YP,D
13:44:57,INDF,RG,6375,1,F,BK,YP,D
13:44:57,INDF,RG,6375,10,F,BK,YP,D
13:44:57,INDF,RG,6375,2,F,BK,NI,D
13:44:56,INDF,RG,6375,3,D,YB,NI,D
13:44:56,INDF,RG,6375,20,D,YB,AO,D
13:44:56,INDF,RG,6375,1,D,YB,CC,D
13:44:56,INDF,RG,6375,3,D,YB,DH,D
13:44:56,INDF,RG,6375,1,D,YB,PD,D
13:44:56,INDF,RG,6375,1,D,YB,PD,D
13:44:56,INDF,RG,6375,8,D,YB,NI,D
13:44:56,INDF,RG,6375,1,D,YB,SQ,D
13:44:56,INDF,RG,6375,4,D,YB,KK,D
13:44:56,INDF,RG,6375,3,D,YB,LH,D
13:44:52,INDF,RG,6375,2,D,XC,LH,D
13:44:04,INDF,RG,6375,2,D,CC,LH,D
13:43:41,INDF,RG,6375,27,F,YU,LH,D
13:43:41,INDF,RG,6375,11,F,BK,LH,D
13:43:38,INDF,RG,6375,12,F,BK,LH,D
13:43:34,INDF,RG,6375,43,F,BK,LH,D
13:43:34,INDF,RG,6375,1,F,BK,PD,D
13:43:34,INDF,RG,6375,1,F,BK,PD,D
13:43:34,INDF,RG,6375,1,F,BK,TF,D
13:43:34,INDF,RG,6375,6,F,BK,KZ,F
13:43:34,INDF,RG,6375,20,F,BK,NI,D
13:43:29,INDF,RG,6375,6,D,CC,YP,D
13:43:29,INDF,RG,6375,1,D,CC,PD,D
13:43:29,INDF,RG,6375,2,D,CC,NI,D
13:43:29,INDF,RG,6375,1,D,CC,CC,D
13:43:29,INDF,RG,6375,1,D,CC,LS,D
13:43:29,INDF,RG,6375,1,D,CC,XC,D
13:43:29,INDF,RG,6375,180,D,CC,ES,D
13:43:29,INDF,RG,6375,102,D,CC,CC,D
13:43:29,INDF,RG,6375,1,D,CC,PD,D
13:43:29,INDF,RG,6375,1,D,CC,PD,D
13:43:29,INDF,RG,6375,57,D,CC,YP,D
13:43:29,INDF,RG,6375,1,D,CC,XC,D
13:43:29,INDF,RG,6375,25,D,CC,YP,F
13:43:29,INDF,RG,6375,13,D,CC,NI,D
13:43:29,INDF,RG,6375,1,D,CC,XC,D
13:43:29,INDF,RG,6375,107,D,CC,NI,D
13:43:15,INDF,RG,6375,1,D,XC,NI,D
13:43:13,INDF,RG,6375,13,F,BK,NI,D
13:43:12,INDF,RG,6350,50,D,RX,PD,D
13:43:10,INDF,RG,6350,2,D,RX,XC,D
13:42:45,INDF,RG,6350,29,D,RX,DX,D
13:42:38,INDF,RG,6375,13,F,BK,NI,D
13:42:34,INDF,RG,6350,40,D,RX,PD,D
13:42:22,INDF,RG,6350,3,D,RX,OD,D
13:42:05,INDF,RG,6350,1,D,RX,DX,D
13:41:51,INDF,RG,6375,20,F,BK,NI,D
13:41:47,INDF,RG,6375,46,F,BK,NI,D
13:41:47,INDF,RG,6375,28,F,BK,NI,D
13:41:45,INDF,RG,6375,147,D,DR,NI,D
13:41:45,INDF,RG,6375,1,D,DR,TP,D
13:41:45,INDF,RG,6375,1,D,DR,DR,D
13:41:45,INDF,RG,6375,1,D,DR,CP,D
13:41:45,INDF,RG,6375,1,D,DR,YP,D
13:41:45,INDF,RG,6375,1,D,DR,YP,D
13:41:45,INDF,RG,6375,13,D,DR,YP,D
13:41:45,INDF,RG,6375,19,D,DR,KZ,F
13:41:45,INDF,RG,6375,7,D,DR,CC,D
13:41:45,INDF,RG,6375,1,D,DR,GR,D
13:41:45,INDF,RG,6375,2,D,DR,PD,D
13:41:45,INDF,RG,6375,10,D,DR,CC,D
13:41:45,INDF,RG,6375,2,D,DR,NI,D
13:41:45,INDF,RG,6375,40,D,DR,OD,D
13:41:45,INDF,RG,6375,3,D,DR,PD,D
13:41:45,INDF,RG,6375,6,D,DR,YP,D
13:41:45,INDF,RG,6375,3,D,DR,YP,D
13:41:45,INDF,RG,6375,32,D,DR,DX,D
13:41:45,INDF,RG,6375,3,D,DR,PD,D
13:41:45,INDF,RG,6375,12,D,DR,PD,D
13:41:45,INDF,RG,6375,100,D,DR,YP,D
13:41:45,INDF,RG,6375,50,D,DR,YP,D
13:41:45,INDF,RG,6375,10,D,DR,CC,D
13:41:45,INDF,RG,6375,4,D,DR,DH,D
13:41:45,INDF,RG,6375,10,D,DR,CC,D
13:41:45,INDF,RG,6375,16,D,DR,YP,D
13:41:45,INDF,RG,6375,5,D,DR,KK,D
13:41:41,INDF,RG,6375,5,D,YP,KK,D
13:41:41,INDF,RG,6375,1,D,YP,NI,D
13:41:41,INDF,RG,6375,12,D,YP,YP,D
13:41:41,INDF,RG,6375,12,D,YP,YP,D
13:41:38,INDF,RG,6350,2,D,RX,DP,D
13:41:16,INDF,RG,6375,13,F,BK,YP,D
13:41:10,INDF,RG,6350,20,D,RX,YP,D
13:40:54,INDF,RG,6350,15,D,RX,YP,D
13:40:51,INDF,RG,6350,10,D,RX,DH,D
13:40:45,INDF,RG,6350,3,D,RX,PD,D
13:40:19,INDF,RG,6350,1,D,RX,XC,D
13:40:18,INDF,RG,6375,2,D,CC,YP,D
13:39:55,INDF,RG,6350,9,D,RX,NI,D
13:39:51,INDF,RG,6350,18,D,RX,CC,D
13:39:45,INDF,RG,6350,2,D,RX,YP,D
13:39:44,INDF,RG,6375,5,F,BK,YP,D
13:39:44,INDF,RG,6375,7,F,BK,CC,D
13:39:44,INDF,RG,6375,1,F,BK,YP,D
13:39:44,INDF,RG,6375,1,F,BK,NI,D
13:39:44,INDF,RG,6375,1,F,BK,SQ,D
13:39:43,INDF,RG,6350,25,D,RX,DX,D
13:39:41,INDF,RG,6350,3,D,RX,XC,D
13:39:37,INDF,RG,6350,5,D,RX,DR,D
13:39:24,INDF,RG,6375,18,F,BK,SQ,D
13:39:20,INDF,RG,6375,1,F,BK,SQ,D
13:39:20,INDF,RG,6375,1,F,BK,YB,D
13:39:20,INDF,RG,6375,69,F,BK,YU,D
13:39:18,INDF,RG,6375,31,D,YP,YU,D
13:39:18,INDF,RG,6375,1,D,YP,CC,D
13:39:18,INDF,RG,6375,2,D,YP,KK,D
13:39:18,INDF,RG,6375,1,D,YP,PD,D
13:39:18,INDF,RG,6375,10,D,YP,CC,D
13:39:18,INDF,RG,6375,87,D,YP,CC,D
13:39:18,INDF,RG,6375,10,D,YP,CC,D
13:39:18,INDF,RG,6375,5,D,YP,NI,D
13:39:18,INDF,RG,6375,1,D,YP,XC,D
13:39:18,INDF,RG,6375,25,D,YP,YP,D
13:39:18,INDF,RG,6375,5,D,YP,PD,D
13:39:18,INDF,RG,6375,100,D,YP,YP,D
13:39:18,INDF,RG,6375,15,D,YP,YP,D
13:39:18,INDF,RG,6375,2,D,YP,NI,D
13:39:18,INDF,RG,6375,2,D,YP,AZ,D
13:39:18,INDF,RG,6375,5,D,YP,YP,D
13:39:18,INDF,RG,6375,10,D,YP,CC,D
13:39:18,INDF,RG,6375,188,D,YP,YP,D
13:39:16,INDF,RG,6375,16,F,BK,YP,D
13:39:13,INDF,RG,6375,40,D,DR,YP,D
13:39:09,INDF,RG,6375,3,D,YP,YP,D
13:37:55,INDF,RG,6375,1,D,YP,YP,D
13:37:47,INDF,RG,6350,1,D,RX,DX,D
13:37:07,INDF,RG,6350,50,D,RX,KK,D
13:36:36,INDF,RG,6375,2,D,YP,YP,D
13:36:36,INDF,RG,6375,1,D,YP,CC,D
13:36:34,INDF,RG,6375,1,D,CC,YP,D
13:36:34,INDF,RG,6375,1,D,CC,YP,D
13:36:33,INDF,RG,6375,1,D,PD,YP,D
13:36:32,INDF,RG,6375,4,D,KK,YP,D
13:36:09,INDF,RG,6375,16,F,BK,YP,D
13:36:07,INDF,RG,6350,18,D,RX,NI,D
13:35:58,INDF,RG,6350,1,D,RX,XC,D
13:35:53,INDF,RG,6350,7,D,RX,XC,D
13:35:35,INDF,RG,6350,2,D,RX,NI,D
13:35:00,INDF,RG,6350,1,D,RX,YP,D
13:34:59,INDF,RG,6350,12,D,RX,XC,D
13:34:45,INDF,RG,6350,10,D,RX,PD,D
13:34:23,INDF,RG,6375,15,F,BK,YP,D
13:34:18,INDF,RG,6350,50,D,RX,NI,D
13:34:10,INDF,RG,6350,3,D,RX,NI,D
13:33:20,INDF,RG,6350,6,D,RX,PD,D
13:33:15,INDF,RG,6350,28,D,RX,XC,D
13:33:06,INDF,RG,6375,2,D,CC,YP,D
13:32:49,INDF,RG,6350,7,D,RX,NI,D
13:32:07,INDF,RG,6375,1,D,DH,YP,D
13:31:51,INDF,RG,6375,15,F,BK,YP,D
13:31:49,INDF,RG,6375,45,D,PD,YP,D
13:31:49,INDF,RG,6375,5,D,PD,YP,D
13:31:28,INDF,RG,6375,5,F,BK,YP,D
13:31:28,INDF,RG,6375,1,F,BK,YP,D
13:31:28,INDF,RG,6375,1,F,BK,YP,D
13:31:28,INDF,RG,6375,3,F,BK,YP,D
13:31:28,INDF,RG,6375,5,F,BK,AG,F
13:31:24,INDF,RG,6375,2,D,YP,AG,F
13:31:23,INDF,RG,6375,3,F,BK,AG,F
13:31:23,INDF,RG,6375,3,F,BK,PD,D
13:31:23,INDF,RG,6375,1,F,BK,PD,D
13:31:23,INDF,RG,6375,2,F,BK,PD,D
13:31:23,INDF,RG,6375,3,F,BK,PD,D
13:31:23,INDF,RG,6375,42,F,BK,DH,D
13:31:22,INDF,RG,6375,8,D,KK,DH,D
13:31:21,INDF,RG,6375,90,F,BK,DH,D
13:31:21,INDF,RG,6375,70,F,BK,DH,D
13:31:21,INDF,RG,6375,3,F,BK,PD,D
13:31:21,INDF,RG,6375,3,F,BK,PD,D
13:31:21,INDF,RG,6375,3,F,BK,PD,D
13:31:21,INDF,RG,6375,1,F,BK,PD,D
13:31:21,INDF,RG,6375,100,F,BK,DR,D
13:31:21,INDF,RG,6375,8,F,BK,PD,D
13:31:21,INDF,RG,6375,8,F,BK,PD,D
13:31:21,INDF,RG,6375,25,F,BK,DR,D
13:31:21,INDF,RG,6375,2,F,BK,YB,D
13:31:21,INDF,RG,6375,15,F,BK,DR,D
13:31:21,INDF,RG,6375,3,F,BK,GR,D
13:31:20,INDF,RG,6350,1,D,RX,NI,D
13:31:20,INDF,RG,6350,20,D,RX,PD,D
13:31:20,INDF,RG,6350,50,D,RX,PD,D
13:31:20,INDF,RG,6350,5,D,RX,YP,D
13:31:20,INDF,RG,6350,10,D,RX,YP,D
13:31:20,INDF,RG,6350,2,D,RX,YP,D
13:31:20,INDF,RG,6350,1,D,RX,YP,D
13:31:20,INDF,RG,6350,7,D,RX,YP,D
13:31:20,INDF,RG,6350,55,D,RX,YP,D
13:31:20,INDF,RG,6350,20,D,RX,YP,D
13:31:20,INDF,RG,6350,2,D,RX,CC,D
13:31:20,INDF,RG,6350,3,D,RX,XC,D
13:31:20,INDF,RG,6350,10,D,RX,YP,D
13:31:20,INDF,RG,6350,1,D,RX,PD,D
13:31:20,INDF,RG,6350,8,D,RX,PD,D
13:31:20,INDF,RG,6350,93,D,RX,AK,F
13:31:20,INDF,RG,6350,2,D,RX,NI,D
13:31:20,INDF,RG,6350,2,D,RX,XC,D
13:31:20,INDF,RG,6350,1,D,RX,PD,D
13:31:20,INDF,RG,6350,1,D,RX,XC,D
13:31:20,INDF,RG,6350,1,D,RX,XC,D
13:31:20,INDF,RG,6350,3,D,RX,CC,D
13:31:20,INDF,RG,6350,10,D,RX,PD,D
13:31:20,INDF,RG,6350,13,D,RX,PD,D
13:31:20,INDF,RG,6350,1,D,RX,PD,D
13:31:20,INDF,RG,6350,1,D,RX,PD,D
13:31:20,INDF,RG,6350,16,D,RX,PD,D
13:31:20,INDF,RG,6350,300,D,RX,CC,D
13:31:20,INDF,RG,6350,20,D,RX,PD,D
13:31:20,INDF,RG,6350,4,D,RX,PD,D
13:31:20,INDF,RG,6350,1,D,RX,PD,D
13:31:20,INDF,RG,6350,1,D,RX,XC,D
13:31:20,INDF,RG,6350,36,D,RX,PD,D
13:31:20,INDF,RG,6350,16,D,RX,XC,D
13:31:20,INDF,RG,6350,1,D,RX,PD,D
13:31:20,INDF,RG,6350,5,D,RX,PD,D
13:31:20,INDF,RG,6350,193,D,RX,PD,D
13:31:20,INDF,RG,6350,1,D,RX,PD,D
13:31:20,INDF,RG,6350,1,D,RX,PD,D
13:31:20,INDF,RG,6350,10,D,RX,PD,D
13:31:20,INDF,RG,6350,38,D,RX,PD,D
13:31:20,INDF,RG,6350,1,D,RX,PD,D
13:31:20,INDF,RG,6350,6,D,RX,PD,D
13:31:20,INDF,RG,6350,5,D,RX,PD,D
13:31:20,INDF,RG,6350,1,D,RX,SQ,D
13:31:20,INDF,RG,6350,10,D,RX,IF,D
13:31:20,INDF,RG,6350,2,D,RX,PD,D
13:31:20,INDF,RG,6350,8,D,RX,PD,D
13:31:20,INDF,RG,6350,1,D,RX,PD,D
13:31:20,INDF,RG,6350,2,D,RX,LG,D
13:31:20,INDF,RG,6350,2,D,RX,AZ,D
13:31:20,INDF,RG,6350,2,D,RX,PD,D
13:31:20,INDF,RG,6350,1,D,RX,DR,D
13:31:20,INDF,RG,6350,5,D,RX,KK,D
13:31:20,INDF,RG,6350,5,D,RX,KK,D
13:31:20,INDF,RG,6350,15,D,RX,PD,D
13:31:20,INDF,RG,6350,30,D,RX,CC,D
13:31:20,INDF,RG,6350,6,D,RX,DP,D
13:31:20,INDF,RG,6350,1,D,RX,PD,D
13:31:20,INDF,RG,6350,248,D,RX,KZ,F
13:31:20,INDF,RG,6350,5,D,RX,PD,D
13:31:20,INDF,RG,6350,5,D,RX,PD,D
13:31:20,INDF,RG,6350,100,D,RX,KK,D
13:31:20,INDF,RG,6350,1,D,RX,PD,D
13:31:20,INDF,RG,6350,1,D,RX,PD,D
13:31:20,INDF,RG,6350,5,D,RX,PD,D
13:31:20,INDF,RG,6350,20,D,RX,XA,D
13:31:20,INDF,RG,6350,2,D,RX,GR,D
13:31:20,INDF,RG,6350,22,D,RX,CC,D
13:31:20,INDF,RG,6350,5,D,RX,PD,D
13:31:20,INDF,RG,6350,9,D,RX,SQ,D
13:31:20,INDF,RG,6350,150,D,RX,SQ,D
13:31:20,INDF,RG,6350,8,D,RX,GR,D
13:31:20,INDF,RG,6350,1,D,RX,DX,D
13:31:20,INDF,RG,6350,15,D,RX,PD,D
13:31:20,INDF,RG,6350,20,D,RX,KK,D
13:31:20,INDF,RG,6350,16,D,RX,EP,D
13:31:20,INDF,RG,6350,10,D,RX,YU,D
13:31:20,INDF,RG,6350,50,D,RX,PD,D
13:31:20,INDF,RG,6350,2,D,RX,GR,D
13:31:20,INDF,RG,6350,3,D,RX,YP,D
13:31:20,INDF,RG,6350,4,D,RX,SQ,D
13:31:20,INDF,RG,6350,1,D,RX,XC,D
13:31:20,INDF,RG,6350,10,D,RX,AZ,D
13:31:20,INDF,RG,6350,25,D,RX,YP,F
13:31:20,INDF,RG,6350,100,D,RX,KK,D
13:31:20,INDF,RG,6350,1,D,RX,PD,D
13:31:20,INDF,RG,6350,1,D,RX,DX,D
13:31:20,INDF,RG,6350,8,D,RX,CC,D
13:31:20,INDF,RG,6350,18,D,RX,CC,D
13:31:20,INDF,RG,6350,43,D,RX,XC,D
13:31:20,INDF,RG,6350,7,D,RX,PD,D
13:31:20,INDF,RG,6350,1,D,RX,CC,D
13:31:20,INDF,RG,6350,10,D,RX,PD,D
13:31:20,INDF,RG,6350,1,D,RX,PD,D
13:31:20,INDF,RG,6350,68,D,RX,KZ,F
13:31:20,INDF,RG,6350,11,D,RX,SQ,D
13:31:20,INDF,RG,6350,4,D,RX,PD,D
13:31:20,INDF,RG,6350,10,D,RX,XC,D
13:31:20,INDF,RG,6350,18,D,RX,YP,D
13:31:20,INDF,RG,6350,10,D,RX,SQ,D
13:31:20,INDF,RG,6350,1,D,RX,CP,D
13:31:20,INDF,RG,6350,1,D,RX,CC,D
13:31:20,INDF,RG,6350,4,D,RX,XC,D
13:31:20,INDF,RG,6350,5,D,RX,PD,D
13:31:20,INDF,RG,6350,4,D,RX,CC,D
13:30:46,INDF,RG,6350,15,F,BK,CC,D
13:30:41,INDF,RG,6350,1,F,BK,CC,D
13:30:41,INDF,RG,6350,1,F,BK,AR,D
13:30:41,INDF,RG,6350,40,F,BK,NI,D
13:30:41,INDF,RG,6350,1,F,BK,XC,D
13:30:41,INDF,RG,6350,1,F,BK,PD,D
13:30:39,INDF,RG,6350,2,D,CC,PD,D
13:30:39,INDF,RG,6350,17,D,CC,CC,D
13:30:39,INDF,RG,6350,1,D,CC,NI,D
13:30:39,INDF,RG,6350,9,D,CC,PD,D
13:30:39,INDF,RG,6350,2,D,CC,XC,D
13:30:39,INDF,RG,6350,19,D,CC,DX,F
13:30:39,INDF,RG,6350,5,D,CC,CC,D
13:30:39,INDF,RG,6350,195,D,CC,YP,D
13:30:38,INDF,RG,6350,27,F,BK,YP,D
13:30:35,INDF,RG,6350,28,D,CC,YP,D
13:30:35,INDF,RG,6350,9,D,CC,PD,D
13:30:35,INDF,RG,6350,50,D,CC,NI,D
13:30:35,INDF,RG,6350,3,D,CC,LS,D
13:30:35,INDF,RG,6350,1,D,CC,XC,D
13:30:35,INDF,RG,6350,5,D,CC,KK,D
13:30:35,INDF,RG,6350,1,D,CC,PD,D
13:30:35,INDF,RG,6350,1,D,CC,PD,D
13:30:35,INDF,RG,6350,2,D,CC,PD,D
13:30:35,INDF,RG,6350,10,D,CC,YP,D
13:30:35,INDF,RG,6350,4,D,CC,PD,D
13:30:35,INDF,RG,6350,10,D,CC,SQ,D
13:30:35,INDF,RG,6350,4,D,CC,NI,D
13:30:35,INDF,RG,6350,5,D,CC,IF,D
13:30:35,INDF,RG,6350,50,D,CC,EP,D
13:30:35,INDF,RG,6350,1,D,CC,XC,D
13:30:35,INDF,RG,6350,1,D,CC,XA,D
13:30:35,INDF,RG,6350,4,D,CC,PD,D
13:30:35,INDF,RG,6350,8,D,CC,XC,D
13:30:35,INDF,RG,6350,3,D,CC,NI,D
13:30:26,INDF,RG,6350,11,F,BK,NI,D
13:30:23,INDF,RG,6350,4,D,YP,NI,D
13:30:23,INDF,RG,6350,5,D,YP,YP,D
13:30:23,INDF,RG,6350,6,D,YP,GR,D
13:30:23,INDF,RG,6350,1,D,YP,GR,D
13:30:23,INDF,RG,6350,2,D,YP,YP,D
13:30:22,INDF,RG,6350,8,D,YP,YP,D
13:30:22,INDF,RG,6350,6,D,YP,PD,D
13:30:22,INDF,RG,6350,20,D,YP,PD,D
13:30:22,INDF,RG,6350,10,D,YP,AT,D
13:30:22,INDF,RG,6350,25,D,YP,PD,D
13:30:22,INDF,RG,6350,1,D,YP,PD,D
13:30:22,INDF,RG,6350,1,D,YP,TP,D
13:30:22,INDF,RG,6350,4,D,YP,YP,D
13:30:22,INDF,RG,6350,19,D,YP,DX,F
13:30:22,INDF,RG,6350,1,D,YP,YP,D
13:30:22,INDF,RG,6350,2,D,YP,PD,D
13:30:22,INDF,RG,6350,2,D,YP,YP,D
13:30:22,INDF,RG,6350,10,D,YP,NI,D
13:30:22,INDF,RG,6350,1,D,YP,CC,D
13:30:22,INDF,RG,6350,3,D,YP,PD,D
13:30:22,INDF,RG,6350,4,D,YP,KK,D
13:30:22,INDF,RG,6350,2,D,YP,YP,D
13:30:22,INDF,RG,6350,1,D,YP,PD,D
13:30:22,INDF,RG,6350,1,D,YP,YP,D
13:30:22,INDF,RG,6350,79,D,YP,ES,D
13:30:21,INDF,RG,6350,2,D,YP,ES,D
13:30:20,INDF,RG,6350,39,D,CC,ES,D
13:30:20,INDF,RG,6350,3,D,CC,NI,D
13:30:20,INDF,RG,6350,8,D,CC,EP,D
13:30:20,INDF,RG,6325,10,D,CC,CC,D
13:30:20,INDF,RG,6325,82,F,BK,CC,D
13:30:20,INDF,RG,6350,12,D,CC,EP,D
13:30:20,INDF,RG,6350,1,D,CC,KK,D
13:30:20,INDF,RG,6350,1,D,CC,PD,D
13:30:20,INDF,RG,6350,6,D,CC,XC,D
13:30:20,INDF,RG,6350,5,D,CC,EP,D
13:30:20,INDF,RG,6350,35,D,CC,PD,D
13:30:19,INDF,RG,6325,2,F,BK,YP,D
13:30:18,INDF,RG,6325,1,F,BK,PD,D
13:30:16,INDF,RG,6350,1,D,XC,PD,D
13:30:16,INDF,RG,6325,4,F,BK,PD,D
13:30:16,INDF,RG,6325,6,F,BK,AT,D
13:30:16,INDF,RG,6325,5,F,BK,AT,D
13:30:15,INDF,RG,6350,1,F,AK,PD,D
13:30:15,INDF,RG,6350,2,D,OD,PD,D
13:30:13,INDF,RG,6350,6,D,AK,PD,D
13:30:13,INDF,RG,6325,1,F,BK,XC,D
13:30:13,INDF,RG,6350,5,D,XC,PD,D
13:30:11,INDF,RG,6325,3,F,BK,PD,D
13:30:09,INDF,RG,6350,5,D,DH,PD,D
13:30:08,INDF,RG,6350,1,D,PD,PD,D
13:30:08,INDF,RG,6350,1,D,PD,PD,D
13:30:08,INDF,RG,6350,2,D,XC,PD,D
13:30:08,INDF,RG,6350,1,D,XC,PD,D
13:30:07,INDF,RG,6350,5,D,CC,PD,D
13:30:06,INDF,RG,6350,1,D,CC,PD,D
13:30:06,INDF,RG,6350,2,D,PD,PD,D
13:30:06,INDF,RG,6350,2,D,PD,PD,D
13:30:05,INDF,RG,6325,47,F,BK,EP,D
13:30:05,INDF,RG,6325,3,D,DR,EP,D
13:30:04,INDF,RG,6325,2,D,BB,SQ,D
13:30:04,INDF,RG,6350,30,D,KK,PD,D
13:30:04,INDF,RG,6350,3,D,KK,SQ,D
13:30:04,INDF,RG,6325,1,D,BB,PD,D
13:30:03,INDF,RG,6350,1,D,PD,SQ,D
13:30:03,INDF,RG,6350,3,D,XL,SQ,D
13:30:03,INDF,RG,6350,1,F,AI,SQ,D
13:30:03,INDF,RG,6350,4,F,AI,PD,D
13:30:03,INDF,RG,6350,295,F,AI,CC,D
11:29:57,INDF,RG,6350,4,D,NI,CC,D
11:29:53,INDF,RG,6350,3,D,BB,CC,D
11:29:51,INDF,RG,6350,1,D,CC,CC,D
11:29:48,INDF,RG,6325,6,D,MG,CC,D
11:29:41,INDF,RG,6325,10,D,MG,AZ,D
11:29:40,INDF,RG,6350,9,F,BK,CC,D
11:29:23,INDF,RG,6350,7,D,BB,CC,D
11:29:22,INDF,RG,6350,4,D,NI,CC,D
11:29:20,INDF,RG,6350,10,F,BK,CC,D
11:29:20,INDF,RG,6350,1,D,DR,CC,D
11:28:45,INDF,RG,6350,1,D,AK,CC,D
11:28:45,INDF,RG,6350,11,F,BK,CC,D
11:28:34,INDF,RG,6350,19,F,BK,CC,D
11:28:31,INDF,RG,6350,38,F,BK,CC,D
11:28:30,INDF,RG,6350,4,D,NI,CC,D
11:28:29,INDF,RG,6350,93,D,CC,CC,D
11:28:29,INDF,RG,6350,29,D,CC,XC,D
11:28:29,INDF,RG,6350,1,D,CC,CC,D
11:28:29,INDF,RG,6350,17,D,CC,DX,F
11:28:29,INDF,RG,6350,14,D,CC,PD,D
11:28:29,INDF,RG,6350,96,D,CC,YP,D
11:28:26,INDF,RG,6350,14,D,BB,YP,D
11:28:25,INDF,RG,6350,11,F,BK,YP,D
11:28:01,INDF,RG,6350,10,F,BK,YP,D
11:27:56,INDF,RG,6325,18,D,MG,CC,D
11:27:53,INDF,RG,6350,2,D,CC,YP,D
11:27:52,INDF,RG,6350,9,F,BK,YP,D
11:27:24,INDF,RG,6350,10,F,BK,YP,D
11:27:01,INDF,RG,6350,20,F,BK,YP,D
11:26:58,INDF,RG,6350,4,D,NI,YP,D
11:26:57,INDF,RG,6350,75,F,BK,YP,D
11:26:56,INDF,RG,6350,174,D,CC,YP,D
11:26:56,INDF,RG,6350,50,D,CC,YP,D
11:26:56,INDF,RG,6350,92,D,CC,YP,D
11:26:56,INDF,RG,6350,3,D,CC,CC,D
11:26:56,INDF,RG,6350,1,D,CC,XC,D
11:26:56,INDF,RG,6350,21,D,CC,DH,D
11:26:56,INDF,RG,6350,7,D,CC,XC,D
11:26:56,INDF,RG,6350,10,D,CC,YP,D
11:26:56,INDF,RG,6350,100,D,CC,CP,D
11:26:56,INDF,RG,6350,5,D,CC,PD,D
11:26:56,INDF,RG,6350,37,D,CC,YP,D
11:26:47,INDF,RG,6350,10,F,BK,YP,D
11:26:39,INDF,RG,6350,4,D,NI,YP,D
11:26:35,INDF,RG,6350,15,F,BK,YP,D
11:26:33,INDF,RG,6350,34,D,BB,YP,D
11:26:33,INDF,RG,6350,35,D,BB,NI,D
11:26:33,INDF,RG,6350,42,D,BB,YP,D
11:26:33,INDF,RG,6350,4,D,BB,XC,D
11:26:33,INDF,RG,6350,11,D,BB,YP,D
11:26:23,INDF,RG,6350,16,F,BK,YP,D
11:26:22,INDF,RG,6350,9,F,BK,YP,D
11:26:22,INDF,RG,6325,1,D,MG,DX,D
11:26:07,INDF,RG,6350,10,D,PD,YP,D
11:26:01,INDF,RG,6350,4,D,NI,YP,D
11:25:52,INDF,RG,6350,1,F,AK,PD,D
11:25:51,INDF,RG,6350,8,F,BK,PD,D
11:25:51,INDF,RG,6350,1,F,BK,YP,F
11:25:42,INDF,RG,6350,1,D,PD,YP,F
11:25:30,INDF,RG,6350,3,D,AK,CC,D
11:25:14,INDF,RG,6350,7,F,BK,CC,D
11:25:14,INDF,RG,6350,1,F,BK,XA,D
11:25:14,INDF,RG,6350,1,F,BK,XC,D
11:25:14,INDF,RG,6325,1,D,MG,NI,D
11:25:12,INDF,RG,6350,10,D,DR,XC,D
11:25:12,INDF,RG,6350,12,D,DR,PD,D
11:25:06,INDF,RG,6350,11,F,BK,PD,D
11:24:32,INDF,RG,6350,10,F,BK,PD,D
11:24:17,INDF,RG,6350,4,D,NI,PD,D
11:24:15,INDF,RG,6350,1,D,AK,PD,D
11:24:07,INDF,RG,6350,2,D,CC,PD,D
11:23:48,INDF,RG,6350,11,F,BK,PD,D
11:23:18,INDF,RG,6350,13,F,BK,PD,D
11:23:15,INDF,RG,6350,1,D,AK,PD,D
11:23:14,INDF,RG,6350,16,F,BK,PD,D
11:23:11,INDF,RG,6325,125,D,MG,XA,D
11:23:11,INDF,RG,6350,4,D,NI,PD,D
11:23:06,INDF,RG,6350,11,F,BK,PD,D
11:23:03,INDF,RG,6325,1,D,MG,CC,D
11:22:59,INDF,RG,6325,1,D,MG,CP,D
11:22:56,INDF,RG,6350,10,F,BK,PD,D
11:22:53,INDF,RG,6350,12,F,BK,PD,D
11:22:49,INDF,RG,6350,70,F,BK,PD,D
11:22:49,INDF,RG,6350,1,F,BK,YP,D
11:22:49,INDF,RG,6350,9,F,BK,YP,D
11:22:44,INDF,RG,6350,41,D,BB,YP,D
11:22:44,INDF,RG,6350,9,D,BB,YP,D
11:22:44,INDF,RG,6350,3,D,BB,PD,D
11:22:44,INDF,RG,6350,2,D,BB,XC,D
11:22:44,INDF,RG,6350,20,D,BB,YP,D
11:22:44,INDF,RG,6350,5,D,BB,YP,D
11:22:44,INDF,RG,6350,1,D,BB,PD,D
11:22:44,INDF,RG,6350,6,D,BB,XC,D
11:22:44,INDF,RG,6350,2,D,BB,PD,D
11:22:44,INDF,RG,6350,1,D,BB,PD,D
11:22:44,INDF,RG,6350,5,D,BB,NI,D
11:22:44,INDF,RG,6350,10,D,BB,CC,D
11:22:44,INDF,RG,6350,7,D,BB,PD,D
11:22:44,INDF,RG,6350,19,D,BB,XC,D
11:22:44,INDF,RG,6350,280,D,BB,ZP,D
11:22:44,INDF,RG,6350,1,D,BB,KK,D
11:22:44,INDF,RG,6350,5,D,BB,PD,D
11:22:44,INDF,RG,6350,10,D,BB,SQ,D
11:22:44,INDF,RG,6350,121,D,BB,CC,D
11:22:39,INDF,RG,6350,10,F,BK,CC,D
11:22:16,INDF,RG,6350,10,F,BK,CC,D
11:22:15,INDF,RG,6350,1,D,AK,CC,D
11:21:58,INDF,RG,6350,12,F,BK,CC,D
11:21:22,INDF,RG,6350,11,F,BK,CC,D
11:21:22,INDF,RG,6325,15,D,MG,DX,D
11:21:15,INDF,RG,6350,1,D,XC,CC,D
11:21:00,INDF,RG,6350,10,F,BK,CC,D
11:21:00,INDF,RG,6350,1,D,AK,CC,D
11:20:54,INDF,RG,6350,23,D,DR,CC,D
11:20:43,INDF,RG,6325,1,D,MG,AT,D
11:20:38,INDF,RG,6350,1,F,BK,YP,D
11:20:38,INDF,RG,6350,1,F,BK,XC,D
11:20:38,INDF,RG,6350,10,F,BK,PD,D
11:20:38,INDF,RG,6350,1,F,BK,XC,D
11:20:38,INDF,RG,6350,1,F,BK,YP,D
11:20:34,INDF,RG,6350,14,D,CC,YP,D
11:20:34,INDF,RG,6350,15,D,CC,PD,D
11:20:34,INDF,RG,6350,5,D,CC,PD,D
11:20:34,INDF,RG,6350,3,D,CC,YP,D
11:20:34,INDF,RG,6350,13,D,CC,AI,D
11:20:21,INDF,RG,6350,3,D,CC,AI,D
11:20:11,INDF,RG,6350,14,F,BK,AI,D
11:20:11,INDF,RG,6350,2,F,BK,YP,D
11:20:10,INDF,RG,6350,10,F,BK,YP,D
11:20:00,INDF,RG,6350,1,D,AK,YP,D
11:19:59,INDF,RG,6350,2,D,PD,YP,D
11:19:42,INDF,RG,6350,5,F,BK,YP,D
11:19:42,INDF,RG,6350,1,F,BK,KK,D
11:19:42,INDF,RG,6350,2,F,BK,YB,D
11:19:42,INDF,RG,6350,5,F,BK,PD,D
11:19:42,INDF,RG,6350,1,D,YP,YP,D
11:19:40,INDF,RG,6325,9,D,MG,PD,D
11:19:16,INDF,RG,6350,2,D,AT,OD,D
11:19:02,INDF,RG,6350,13,F,BK,OD,D
11:19:00,INDF,RG,6350,1,D,AK,OD,D
11:18:47,INDF,RG,6350,4,F,BK,OD,D
11:18:47,INDF,RG,6350,7,F,BK,PD,D
11:18:45,INDF,RG,6350,4,F,BK,PD,D
11:18:45,INDF,RG,6350,1,F,BK,LS,D
11:18:45,INDF,RG,6350,10,F,BK,EP,D
11:18:43,INDF,RG,6325,4,D,MG,XC,D
11:18:43,INDF,RG,6325,100,D,MG,PD,D
11:18:43,INDF,RG,6325,1,D,MG,DX,D
11:18:43,INDF,RG,6325,1,D,MG,CC,F
11:18:43,INDF,RG,6325,21,D,MG,CC,D
11:18:43,INDF,RG,6325,17,D,MG,PD,D
11:18:43,INDF,RG,6325,3,D,MG,PD,D
11:18:43,INDF,RG,6325,1,D,MG,YP,D
11:18:43,INDF,RG,6325,20,D,MG,AO,D
11:18:43,INDF,RG,6325,1,D,MG,XC,D
11:18:43,INDF,RG,6325,10,D,MG,PD,D
11:18:43,INDF,RG,6325,5,D,MG,PD,D
11:18:43,INDF,RG,6325,2,D,MG,XC,D
11:18:43,INDF,RG,6325,3,D,MG,PD,D
11:18:43,INDF,RG,6325,2,D,MG,PD,D
11:18:43,INDF,RG,6325,2,D,MG,PD,D
11:18:43,INDF,RG,6325,20,D,MG,NI,D
11:18:43,INDF,RG,6325,1,D,MG,PD,D
11:18:43,INDF,RG,6325,163,D,MG,KZ,F
11:18:43,INDF,RG,6325,17,D,MG,AI,D
11:18:43,INDF,RG,6325,7,D,MG,CC,D
11:18:43,INDF,RG,6325,5,D,MG,YP,D
11:18:43,INDF,RG,6325,2,D,MG,NI,D
11:18:43,INDF,RG,6325,142,D,MG,CS,F
11:18:43,INDF,RG,6325,5,D,MG,SQ,D
11:18:43,INDF,RG,6325,1,D,MG,PD,D
11:18:43,INDF,RG,6325,1,D,MG,DH,D
11:18:43,INDF,RG,6325,25,D,MG,YP,D
11:18:43,INDF,RG,6325,1,D,MG,NI,D
11:18:43,INDF,RG,6325,1,D,MG,XC,D
11:18:43,INDF,RG,6325,1,D,MG,XC,D
11:18:43,INDF,RG,6325,31,D,MG,XC,D
11:18:43,INDF,RG,6325,1,D,MG,PD,D
11:18:43,INDF,RG,6325,5,D,MG,PD,D
11:18:43,INDF,RG,6325,35,D,MG,AK,F
11:18:43,INDF,RG,6325,7,D,MG,NI,D
11:18:43,INDF,RG,6325,43,D,MG,XC,D
11:18:43,INDF,RG,6325,1,D,MG,XC,D
11:18:43,INDF,RG,6325,5,D,MG,CC,D
11:18:43,INDF,RG,6325,12,D,MG,AZ,D
11:18:43,INDF,RG,6325,2,D,MG,YP,D
11:18:33,INDF,RG,6325,11,F,BK,YP,D
11:18:31,INDF,RG,6325,2,F,BK,YP,D
11:18:31,INDF,RG,6325,14,F,BK,YP,D
11:18:27,INDF,RG,6325,11,F,BK,YP,D
11:18:27,INDF,RG,6325,7,F,BK,PD,D
11:18:23,INDF,RG,6325,3,D,CC,PD,D
11:18:23,INDF,RG,6325,10,D,CC,PD,D
11:18:23,INDF,RG,6325,5,D,CC,XC,D
11:18:23,INDF,RG,6325,2,D,CC,DR,D
11:18:23,INDF,RG,6325,11,D,CC,CC,D
11:18:23,INDF,RG,6325,1,D,CC,XC,D
11:18:23,INDF,RG,6325,1,D,CC,XC,D
11:18:23,INDF,RG,6325,1,D,CC,PD,D
11:18:23,INDF,RG,6325,1,D,CC,YP,D
11:18:23,INDF,RG,6325,6,D,CC,XC,D
11:18:23,INDF,RG,6325,159,D,CC,YJ,D
11:18:08,INDF,RG,6300,1,F,YU,DX,D
11:18:01,INDF,RG,6325,10,F,BK,YJ,D
11:18:00,INDF,RG,6325,1,D,AK,YJ,D
11:17:42,INDF,RG,6325,11,F,BK,YJ,D
11:17:33,INDF,RG,6300,2,F,YU,NI,D
11:17:25,INDF,RG,6325,4,D,CC,YJ,D
11:17:08,INDF,RG,6300,23,F,YU,CC,D
11:17:06,INDF,RG,6325,15,D,YU,YJ,D
11:17:06,INDF,RG,6325,2,D,YU,PD,D
11:17:06,INDF,RG,6325,2,D,YU,YP,D
11:17:06,INDF,RG,6325,1,D,YU,PD,D
11:17:00,INDF,RG,6325,1,D,AK,PD,D
11:16:43,INDF,RG,6325,2,D,CC,PD,D
11:15:48,INDF,RG,6325,1,D,PD,PD,D
11:15:35,INDF,RG,6325,2,D,YP,PD,D
11:15:32,INDF,RG,6325,3,F,BK,PD,D
11:15:32,INDF,RG,6325,11,F,BK,NI,D
11:15:32,INDF,RG,6325,19,D,PD,NI,D
11:15:27,INDF,RG,6325,13,F,BK,NI,D
11:15:22,INDF,RG,6325,115,D,CC,NI,D
11:15:22,INDF,RG,6325,1,D,CC,YP,D
11:15:22,INDF,RG,6325,1,D,CC,YP,D
11:15:22,INDF,RG,6325,1,D,CC,YP,D
11:15:22,INDF,RG,6325,1,D,CC,YP,D
11:15:22,INDF,RG,6325,3,D,CC,TP,D
11:15:22,INDF,RG,6325,1,D,CC,PD,D
11:15:22,INDF,RG,6325,10,D,CC,SQ,D
11:15:22,INDF,RG,6325,3,D,CC,SQ,D
11:15:22,INDF,RG,6325,2,D,CC,PD,D
11:15:22,INDF,RG,6325,30,D,CC,BQ,D
11:15:22,INDF,RG,6325,1,D,CC,PD,D
11:15:22,INDF,RG,6325,5,D,CC,PD,D
11:15:22,INDF,RG,6325,26,D,CC,RO,D
11:15:12,INDF,RG,6325,300,D,CC,RO,D
11:15:11,INDF,RG,6325,599,D,BB,RO,D
11:14:58,INDF,RG,6300,1,F,YU,YP,D
11:14:11,INDF,RG,6300,1,F,YU,DX,D
11:14:00,INDF,RG,6325,10,D,YP,RO,D
11:13:38,INDF,RG,6325,12,D,LS,RO,D
11:13:23,INDF,RG,6325,3,D,PD,RO,D
11:13:11,INDF,RG,6325,1,D,CC,RO,D
11:13:10,INDF,RG,6300,2,F,YU,YP,D
11:11:49,INDF,RG,6325,3,D,SQ,RO,D
11:11:45,INDF,RG,6325,1,F,AK,RO,D
11:11:43,INDF,RG,6300,10,F,YU,KK,D
11:11:26,INDF,RG,6325,3,D,AK,RO,D
11:11:24,INDF,RG,6300,21,F,YU,CC,D
11:10:45,INDF,RG,6325,15,D,GR,RO,D
11:10:10,INDF,RG,6325,5,D,LG,RO,D
11:10:06,INDF,RG,6325,1,D,XC,RO,D
11:10:03,INDF,RG,6300,1,F,YU,DX,D
11:09:37,INDF,RG,6325,2,D,CC,RO,D
11:08:41,INDF,RG,6325,7,D,DR,RO,D
11:08:05,INDF,RG,6325,10,D,CC,RO,D
11:08:05,INDF,RG,6325,115,D,YJ,RO,D
11:07:42,INDF,RG,6325,30,D,PD,RO,D
11:07:19,INDF,RG,6300,20,F,YU,PD,D
11:07:16,INDF,RG,6325,1,D,XC,RO,D
11:06:36,INDF,RG,6325,2,D,NI,RO,D
11:06:09,INDF,RG,6325,2,D,ZP,RO,D
11:06:06,INDF,RG,6300,1,F,YU,DX,D
11:05:52,INDF,RG,6300,26,F,YU,CC,D
11:05:51,INDF,RG,6325,2,D,CC,RO,D
11:05:51,INDF,RG,6325,1,D,PD,RO,D
11:05:47,INDF,RG,6300,1,F,YU,PD,D
11:05:08,INDF,RG,6300,10,F,YU,PD,D
11:04:55,INDF,RG,6300,3,F,YU,XC,D
11:04:53,INDF,RG,6300,1,F,YU,CP,D
11:03:13,INDF,RG,6325,14,D,NI,RO,D
11:03:06,INDF,RG,6325,300,D,DR,RO,D
11:02:59,INDF,RG,6325,13,D,DR,RO,D
11:02:59,INDF,RG,6325,3,D,DR,DH,D
11:02:59,INDF,RG,6325,1,D,DR,CC,D
11:02:59,INDF,RG,6325,20,D,DR,PD,D
11:02:59,INDF,RG,6325,200,D,DR,AZ,D
11:02:59,INDF,RG,6325,23,D,DR,KZ,F
11:02:59,INDF,RG,6325,29,D,DR,AK,F
11:02:59,INDF,RG,6325,11,D,DR,KZ,F
11:02:30,INDF,RG,6325,4,D,AK,KZ,F
11:02:11,INDF,RG,6325,2,D,CC,KZ,F
11:02:00,INDF,RG,6325,1,D,PD,KZ,F
11:01:54,INDF,RG,6300,1,F,YU,DX,D
11:01:48,INDF,RG,6325,22,D,DR,KZ,F
11:01:15,INDF,RG,6325,1,D,AK,KZ,F
11:00:48,INDF,RG,6325,2,D,NI,KZ,F
11:00:46,INDF,RG,6300,135,F,YU,KZ,F
11:00:32,INDF,RG,6325,2,D,NI,KZ,F
11:00:12,INDF,RG,6300,19,F,YU,CC,D
11:00:06,INDF,RG,6325,5,D,YP,KZ,F
10:59:54,INDF,RG,6300,1,F,YU,CP,D
10:59:29,INDF,RG,6325,3,D,XC,KZ,F
10:59:14,INDF,RG,6325,2,D,NI,KZ,F
10:58:41,INDF,RG,6325,2,D,CC,KZ,F
10:58:32,INDF,RG,6325,10,D,PD,KZ,F
10:57:43,INDF,RG,6300,1,F,YU,DX,D
10:56:49,INDF,RG,6325,20,D,YU,KZ,F
10:56:32,INDF,RG,6325,1,D,PD,KZ,F
10:56:31,INDF,RG,6300,1,F,YU,DR,D
10:56:23,INDF,RG,6300,2,F,YU,PD,D
10:55:48,INDF,RG,6300,120,F,YU,KK,D
10:55:39,INDF,RG,6300,4,F,YU,XC,D
10:55:38,INDF,RG,6300,2,F,YU,PD,D
10:55:37,INDF,RG,6300,2,F,YU,CC,D
10:55:23,INDF,RG,6300,106,F,YU,CC,D
10:55:05,INDF,RG,6325,2,D,CC,KZ,F
10:54:55,INDF,RG,6300,1,F,YU,PC,D
10:54:48,INDF,RG,6300,2,F,YU,PD,D
10:54:32,INDF,RG,6300,22,F,YU,CC,D
10:53:37,INDF,RG,6325,10,D,SQ,KZ,F
10:53:34,INDF,RG,6300,1,F,YU,DX,D
10:52:46,INDF,RG,6300,50,F,YU,NI,D
10:52:38,INDF,RG,6325,1,D,HP,KZ,F
10:52:23,INDF,RG,6325,2,D,PD,KZ,F
10:52:00,INDF,RG,6325,1,D,XL,KZ,F
10:51:37,INDF,RG,6325,2,D,CC,KZ,F
10:49:32,INDF,RG,6300,1,F,YU,DX,D
10:49:24,INDF,RG,6300,4,F,YU,YP,F
10:49:18,INDF,RG,6300,2,F,YU,NI,D
10:48:54,INDF,RG,6300,20,F,YU,CC,D
10:48:42,INDF,RG,6300,2,F,YU,PD,D
10:48:41,INDF,RG,6300,8,F,YU,KZ,F
10:48:41,INDF,RG,6300,4,D,DH,KZ,F
10:48:41,INDF,RG,6300,60,D,CC,KZ,F
10:48:41,INDF,RG,6300,1,D,PD,KZ,F
10:48:41,INDF,RG,6300,1,D,YP,KZ,F
10:48:41,INDF,RG,6300,1,D,NI,KZ,F
10:48:41,INDF,RG,6300,4,D,NI,KZ,F
10:48:41,INDF,RG,6300,100,D,DR,KZ,F
10:48:41,INDF,RG,6300,5,D,XC,KZ,F
10:48:41,INDF,RG,6300,5,D,AG,KZ,F
10:48:20,INDF,RG,6300,2,D,AG,YP,D
10:48:15,INDF,RG,6325,1,D,DR,KZ,F
10:48:05,INDF,RG,6325,3,D,CC,KZ,F
10:46:16,INDF,RG,6300,8,D,AG,PD,D
10:46:09,INDF,RG,6300,20,D,CC,DR,D
10:46:09,INDF,RG,6300,5,D,KK,DR,D
10:46:09,INDF,RG,6300,2,D,PD,DR,D
10:46:09,INDF,RG,6300,23,D,YP,DR,D
10:45:23,INDF,RG,6300,1,D,YP,DX,D
10:45:09,INDF,RG,6325,20,F,KK,KZ,F
10:45:06,INDF,RG,6325,7,D,PD,KZ,F
10:44:44,INDF,RG,6325,1,D,YP,KZ,F
10:44:21,INDF,RG,6325,1,D,CC,KZ,F
10:44:09,INDF,RG,6300,4,D,YP,PD,D
10:43:56,INDF,RG,6325,10,D,PD,KZ,F
10:43:27,INDF,RG,6325,2,D,DR,KZ,F
10:43:20,INDF,RG,6300,5,D,YP,EP,D
10:43:17,INDF,RG,6300,1,D,YP,XC,D
10:43:10,INDF,RG,6300,22,D,YP,CC,D
10:42:09,INDF,RG,6300,4,D,YP,CC,D
10:42:08,INDF,RG,6300,2,D,YP,NI,D
10:41:27,INDF,RG,6300,2,D,YP,NI,D
10:41:21,INDF,RG,6300,1,D,YP,DX,D
10:39:56,INDF,RG,6325,4,D,LG,KZ,F
10:39:00,INDF,RG,6325,1,D,AK,BK,F
10:39:00,INDF,RG,6325,4,D,NI,BK,F
10:39:00,INDF,RG,6325,50,D,NI,BK,F
10:39:00,INDF,RG,6325,1,D,AK,BK,F
10:39:00,INDF,RG,6325,2,D,CC,BK,F
10:39:00,INDF,RG,6325,427,D,BB,BK,F
10:39:00,INDF,RG,6325,55,D,BB,AK,F
10:38:59,INDF,RG,6325,71,D,BB,BK,F
10:38:59,INDF,RG,6325,1,D,YP,BK,F
10:38:59,INDF,RG,6325,500,D,GR,BK,F
10:38:59,INDF,RG,6325,1,D,LS,BK,F
10:38:59,INDF,RG,6325,4,D,NI,BK,F
10:38:59,INDF,RG,6325,1,D,AK,BK,F
10:38:59,INDF,RG,6325,1,D,CC,BK,F
10:38:59,INDF,RG,6325,3,D,YP,BK,F
10:38:59,INDF,RG,6325,1,D,AK,BK,F
10:38:59,INDF,RG,6325,3,D,AK,BK,F
10:38:59,INDF,RG,6325,100,D,YP,BK,F
10:38:59,INDF,RG,6325,4,D,CC,BK,F
10:38:59,INDF,RG,6325,2,D,CC,BK,F
10:38:59,INDF,RG,6325,1,D,CC,BK,F
10:38:59,INDF,RG,6325,26,D,DR,BK,F
10:38:59,INDF,RG,6325,1,F,AK,BK,F
10:38:59,INDF,RG,6325,22,D,AT,BK,F
10:38:59,INDF,RG,6325,10,D,KK,BK,F
10:38:59,INDF,RG,6325,30,D,BB,BK,F
10:38:59,INDF,RG,6325,10,D,CC,BK,F
10:38:59,INDF,RG,6325,5,D,BQ,BK,F
10:38:59,INDF,RG,6325,1,D,NI,BK,F
10:38:59,INDF,RG,6325,1,D,NI,BK,F
10:38:59,INDF,RG,6325,2,D,OD,BK,F
10:38:59,INDF,RG,6325,16,D,YP,BK,F
10:38:59,INDF,RG,6325,200,D,DR,BK,F
10:38:59,INDF,RG,6325,100,D,AH,BK,F
10:38:59,INDF,RG,6325,1,D,CC,BK,F
10:38:59,INDF,RG,6325,2,D,YP,BK,F
10:38:59,INDF,RG,6325,10,D,YP,BK,F
10:38:59,INDF,RG,6325,1,D,PD,BK,F
10:38:59,INDF,RG,6325,2,D,KK,BK,F
10:38:59,INDF,RG,6325,235,F,BK,BK,F
10:38:59,INDF,RG,6325,583,F,YU,BK,F
10:38:59,INDF,RG,6325,1371,F,YU,AK,F
10:38:59,INDF,RG,6325,1500,F,YU,PD,D
10:38:37,INDF,RG,6325,2,F,YU,NI,D
10:38:20,INDF,RG,6325,5,F,YU,NI,F
10:37:48,INDF,RG,6325,1,F,YU,NI,D
10:37:38,INDF,RG,6325,4,F,YU,NI,D
10:37:38,INDF,RG,6325,21,F,YU,CC,D
10:37:12,INDF,RG,6325,1,F,YU,DX,D
10:37:03,INDF,RG,6350,2,D,CC,KZ,F
10:36:46,INDF,RG,6325,30,F,YU,KK,D
10:36:40,INDF,RG,6350,1,D,XC,KZ,F
10:36:24,INDF,RG,6325,7,F,YU,CC,D
10:36:14,INDF,RG,6350,2,D,PD,KZ,F
10:35:54,INDF,RG,6350,15,D,CC,KZ,F
10:35:45,INDF,RG,6325,1,F,YU,PD,D
10:35:45,INDF,RG,6325,3,F,YU,NI,D
10:35:41,INDF,RG,6325,75,F,YU,YP,D
10:35:19,INDF,RG,6325,500,F,YU,BK,F
10:35:18,INDF,RG,6325,500,F,YU,BK,F
10:35:17,INDF,RG,6325,396,F,YU,BK,F
10:35:17,INDF,RG,6325,2,D,PD,BK,F
10:35:17,INDF,RG,6325,10,D,PD,BK,F
10:35:17,INDF,RG,6325,30,D,CC,BK,F
10:35:17,INDF,RG,6325,1,D,AK,BK,F
10:35:17,INDF,RG,6325,61,D,CC,BK,F
10:35:17,INDF,RG,6325,1,D,CC,XC,D
10:35:14,INDF,RG,6325,53,D,CC,BK,F
10:35:14,INDF,RG,6325,97,F,BK,BK,F
10:35:14,INDF,RG,6325,350,F,YU,BK,F
10:34:59,INDF,RG,6325,1,F,YU,XC,D
10:34:47,INDF,RG,6350,1,D,CC,KZ,F
10:34:46,INDF,RG,6325,346,F,YU,BK,F
10:34:46,INDF,RG,6325,1,D,AK,BK,F
10:34:46,INDF,RG,6325,1,D,AK,BK,F
10:34:46,INDF,RG,6325,1,D,AK,BK,F
10:34:46,INDF,RG,6325,1,F,AK,BK,F
10:34:46,INDF,RG,6325,150,F,BK,BK,F
10:34:45,INDF,RG,6325,1,F,BK,PD,D
10:34:30,INDF,RG,6350,1,D,AK,KZ,F
10:34:04,INDF,RG,6325,2,F,BK,NI,D
10:33:42,INDF,RG,6350,8,D,YP,KZ,F
10:33:26,INDF,RG,6350,2,D,CC,KZ,F
10:33:16,INDF,RG,6325,1,F,BK,YP,F
10:33:02,INDF,RG,6325,1,F,BK,DX,D
10:32:43,INDF,RG,6325,10,F,BK,YP,D
10:32:40,INDF,RG,6350,6,D,XC,KZ,F
