Time,Stock,Brd,Price,Qty,BT,BC,SC,ST
15:13:43,INDF,RG,6425,10,D,AZ,DR,D
15:13:29,INDF,RG,6425,40,D,AZ,DR,D
15:05:01,INDF,RG,6425,50,D,AZ,DH,D
15:02:20,INDF,RG,6425,6,D,AZ,YP,D
15:01:29,INDF,RG,6425,50,D,AZ,PD,D
15:01:00,INDF,RG,6425,4,D,AZ,CC,D
15:00:00,INDF,RG,6425,2,D,AZ,YP,D
15:00:00,INDF,RG,6425,10,D,AZ,CC,D
15:00:00,INDF,RG,6425,1,D,AZ,YP,D
15:00:00,INDF,RG,6425,4,D,AZ,YP,D
15:00:00,INDF,RG,6425,330,D,AZ,ZP,F
15:00:00,INDF,RG,6425,1,D,AT,ZP,F
15:00:00,INDF,RG,6425,1,D,KK,ZP,F
15:00:00,INDF,RG,6425,1,D,YP,ZP,F
15:00:00,INDF,RG,6425,5,D,XC,ZP,F
15:00:00,INDF,RG,6425,1,D,SQ,ZP,F
15:00:00,INDF,RG,6425,2,D,XC,ZP,F
15:00:00,INDF,RG,6425,187,F,YU,ZP,F
15:00:00,INDF,RG,6425,185,F,YU,ZP,F
15:00:00,INDF,RG,6425,61,F,YU,ZP,F
15:00:00,INDF,RG,6425,124,F,YU,ZP,F
15:00:00,INDF,RG,6425,1,D,HP,ZP,F
15:00:00,INDF,RG,6425,5,D,LG,ZP,F
15:00:00,INDF,RG,6425,5,D,YP,ZP,F
15:00:00,INDF,RG,6425,978,F,BK,ZP,F
15:00:00,INDF,RG,6425,1,F,BK,ZP,F
15:00:00,INDF,RG,6425,223,F,BK,KZ,F
15:00:00,INDF,RG,6425,648,F,AK,KZ,F
15:00:00,INDF,RG,6425,115,F,AK,ZP,F
15:00:00,INDF,RG,6425,5,F,BK,ZP,F
15:00:00,INDF,RG,6425,14,F,BK,BK,F
15:00:00,INDF,RG,6425,1,F,AK,BK,F
15:00:00,INDF,RG,6425,906,D,YU,BK,F
15:00:00,INDF,RG,6425,95,D,YU,KZ,F
15:00:00,INDF,RG,6425,46,D,DP,BK,F
15:00:00,INDF,RG,6425,499,D,DP,BK,F
15:00:00,INDF,RG,6425,304,D,DP,BK,F
15:00:00,INDF,RG,6425,102,D,DP,RX,F
15:00:00,INDF,RG,6425,1,D,DP,RX,F
15:00:00,INDF,RG,6425,1,D,DP,RX,F
15:00:00,INDF,RG,6425,187,D,DP,RX,F
15:00:00,INDF,RG,6425,39,D,DP,AK,F
15:00:00,INDF,RG,6425,1,D,DP,AK,F
15:00:00,INDF,RG,6425,1,D,DP,AK,F
15:00:00,INDF,RG,6425,3,D,DP,RX,F
15:00:00,INDF,RG,6425,1,D,DP,AK,F
15:00:00,INDF,RG,6425,1,D,DP,AK,F
15:00:00,INDF,RG,6425,227,D,DP,RX,F
15:00:00,INDF,RG,6425,265,D,DP,RX,F
15:00:00,INDF,RG,6425,1,D,DP,AK,F
14:49:58,INDF,RG,6425,2,D,AZ,ZP,F
14:49:57,INDF,RG,6425,1,D,AZ,ZP,F
14:49:55,INDF,RG,6425,8,D,AZ,RX,F
14:49:53,INDF,RG,6425,1,D,AZ,ZP,F
14:49:53,INDF,RG,6425,1,D,AZ,RX,F
14:49:52,INDF,RG,6425,5,D,AZ,ZP,F
14:49:51,INDF,RG,6425,1,D,AZ,AK,F
14:49:51,INDF,RG,6425,5,D,AZ,SQ,D
14:49:51,INDF,RG,6425,1,D,AZ,AK,F
14:49:44,INDF,RG,6425,12,D,AZ,ZP,F
14:49:35,INDF,RG,6425,6,D,AZ,RX,F
14:49:30,INDF,RG,6450,7,F,BK,YP,D
14:49:26,INDF,RG,6425,17,D,AZ,ZP,F
14:49:25,INDF,RG,6450,3,F,AK,YP,D
14:49:25,INDF,RG,6450,22,F,AK,RX,F
14:49:25,INDF,RG,6450,10,F,AK,CC,D
14:49:25,INDF,RG,6450,2,F,AK,YJ,D
14:49:25,INDF,RG,6450,10,F,AK,BK,F
14:49:25,INDF,RG,6450,2,F,AK,MG,D
14:49:24,INDF,RG,6425,6,D,AZ,YP,D
14:49:24,INDF,RG,6450,2,D,CC,MG,D
14:49:23,INDF,RG,6425,7,D,AZ,RX,F
14:49:21,INDF,RG,6425,20,D,AZ,PD,D
14:49:15,INDF,RG,6425,11,D,AZ,AK,F
14:49:05,INDF,RG,6450,1,D,CC,AK,F
14:49:05,INDF,RG,6425,15,D,AZ,BK,F
14:49:01,INDF,RG,6425,10,D,AZ,BK,F
14:49:01,INDF,RG,6425,25,D,AZ,BK,F
14:49:00,INDF,RG,6425,2,D,AZ,AK,F
14:48:56,INDF,RG,6425,13,D,AZ,BK,F
14:48:46,INDF,RG,6425,15,D,AZ,BK,F
14:48:30,INDF,RG,6425,7,D,AZ,AK,F
14:48:27,INDF,RG,6425,16,D,AZ,KZ,F
14:48:26,INDF,RG,6425,29,D,AZ,BK,F
14:48:25,INDF,RG,6425,94,D,AZ,RX,F
14:48:25,INDF,RG,6425,13,D,AZ,RX,F
14:48:22,INDF,RG,6400,15,D,YP,BK,F
14:48:17,INDF,RG,6400,16,D,YP,RX,F
14:48:16,INDF,RG,6400,4,D,YP,KZ,F
14:48:15,INDF,RG,6400,1,D,YP,RX,F
14:48:11,INDF,RG,6400,5,D,YP,AK,F
14:48:10,INDF,RG,6425,24,F,AK,ZP,F
14:48:10,INDF,RG,6425,14,F,AK,RX,F
14:48:09,INDF,RG,6425,5,F,YU,RX,F
14:48:09,INDF,RG,6425,5,D,PD,RX,F
14:48:09,INDF,RG,6425,5,D,NI,RX,F
14:48:09,INDF,RG,6425,1,D,NI,RX,F
14:48:09,INDF,RG,6425,5,D,XC,RX,F
14:48:09,INDF,RG,6425,1,D,YP,RX,F
14:48:09,INDF,RG,6425,1,D,XC,RX,F
14:48:09,INDF,RG,6425,25,F,CC,RX,F
14:48:06,INDF,RG,6425,1,F,CC,RX,F
14:48:02,INDF,RG,6425,13,F,CC,ZP,F
14:48:01,INDF,RG,6425,12,F,CC,BK,F
14:48:01,INDF,RG,6425,3,D,CC,BK,F
14:48:00,INDF,RG,6425,15,D,CC,BK,F
14:47:55,INDF,RG,6425,22,D,CC,SQ,D
14:47:55,INDF,RG,6425,1,D,YP,SQ,D
14:47:55,INDF,RG,6425,5,D,AT,SQ,D
14:47:41,INDF,RG,6450,27,F,BK,SQ,D
14:47:39,INDF,RG,6425,124,F,CS,RX,F
14:47:38,INDF,RG,6450,66,F,BK,SQ,D
14:47:37,INDF,RG,6425,1,F,CS,RX,F
14:47:35,INDF,RG,6425,8,F,CS,ZP,F
14:47:34,INDF,RG,6450,259,F,YU,SQ,D
14:47:32,INDF,RG,6450,108,F,BK,SQ,D
14:47:31,INDF,RG,6425,350,F,CS,SQ,D
14:47:28,INDF,RG,6425,14,F,CS,RX,F
14:47:27,INDF,RG,6425,14,F,CS,SQ,D
14:47:27,INDF,RG,6425,1,D,NI,SQ,D
14:47:27,INDF,RG,6425,1,D,PD,SQ,D
14:47:27,INDF,RG,6425,1,D,PD,SQ,D
14:47:27,INDF,RG,6425,2,D,GR,SQ,D
14:47:27,INDF,RG,6425,1,D,AZ,SQ,D
14:47:27,INDF,RG,6425,2,D,YP,SQ,D
14:47:27,INDF,RG,6425,20,D,IF,SQ,D
14:47:27,INDF,RG,6425,11,D,XC,SQ,D
14:47:27,INDF,RG,6425,10,D,YP,SQ,D
14:47:27,INDF,RG,6425,197,D,TP,SQ,D
14:47:25,INDF,RG,6425,3,D,TP,BK,F
14:47:25,INDF,RG,6425,10,D,CC,BK,F
14:47:25,INDF,RG,6425,2,D,KK,BK,F
14:47:19,INDF,RG,6425,18,D,KK,RX,F
14:47:14,INDF,RG,6450,13,F,BK,SQ,D
14:47:13,INDF,RG,6425,1,D,KK,EP,D
14:47:09,INDF,RG,6425,34,D,KK,RX,F
14:47:00,INDF,RG,6425,13,D,KK,BK,F
14:46:57,INDF,RG,6425,8,D,KK,ZP,F
14:46:56,INDF,RG,6425,13,D,KK,BK,F
14:46:49,INDF,RG,6425,15,D,KK,RX,F
14:46:41,INDF,RG,6450,14,F,BK,SQ,D
14:46:40,INDF,RG,6425,15,D,KK,RX,F
14:46:37,INDF,RG,6425,1,D,KK,RX,F
14:46:37,INDF,RG,6450,15,F,BK,SQ,D
14:46:32,INDF,RG,6450,14,F,BK,SQ,D
14:46:31,INDF,RG,6425,74,D,KK,RX,F
14:46:29,INDF,RG,6425,6,D,KK,RX,F
14:46:29,INDF,RG,6425,1,D,XL,RX,F
14:46:29,INDF,RG,6425,1,D,OD,RX,F
14:46:29,INDF,RG,6450,41,F,BK,SQ,D
14:46:27,INDF,RG,6425,9,F,AK,ZP,F
14:46:27,INDF,RG,6425,600,F,AK,SQ,D
14:46:24,INDF,RG,6425,13,F,AK,BK,F
14:46:08,INDF,RG,6425,20,F,AK,YP,D
14:45:50,INDF,RG,6425,15,F,AK,BK,F
14:45:43,INDF,RG,6425,4,F,AK,YP,D
14:45:22,INDF,RG,6425,20,F,AK,NI,D
14:45:13,INDF,RG,6425,14,F,AK,BK,F
14:44:59,INDF,RG,6425,2,F,AK,YJ,D
14:44:54,INDF,RG,6425,4,F,AK,EP,D
14:44:52,INDF,RG,6425,8,F,AK,BK,F
14:44:44,INDF,RG,6425,1,F,AK,BK,F
14:44:44,INDF,RG,6425,1,D,YP,BK,F
14:44:44,INDF,RG,6425,1,D,XC,BK,F
14:44:44,INDF,RG,6425,1,D,YP,BK,F
14:44:44,INDF,RG,6425,3,D,PD,BK,F
14:44:44,INDF,RG,6425,5,D,XC,BK,F
14:44:44,INDF,RG,6425,1,D,YP,BK,F
14:44:44,INDF,RG,6425,1,D,CC,BK,F
14:44:33,INDF,RG,6450,2,D,CC,SQ,D
14:43:46,INDF,RG,6450,581,F,YU,SQ,D
14:43:40,INDF,RG,6450,1,D,YP,SQ,D
14:43:40,INDF,RG,6450,88,F,YU,SQ,D
14:43:40,INDF,RG,6450,3,D,XC,SQ,D
14:43:40,INDF,RG,6450,173,F,BK,SQ,D
14:43:40,INDF,RG,6450,422,F,AK,SQ,D
14:43:40,INDF,RG,6450,645,F,CS,SQ,D
14:42:03,INDF,RG,6475,25,F,BK,YP,D
14:42:03,INDF,RG,6475,15,F,BK,YP,D
14:42:01,INDF,RG,6450,40,F,CS,CP,D
14:42:00,INDF,RG,6475,15,F,BK,YP,D
14:42:00,INDF,RG,6475,4,F,BK,KZ,F
14:42:00,INDF,RG,6475,2,F,BK,KZ,F
14:42:00,INDF,RG,6475,1,F,BK,NI,D
14:42:00,INDF,RG,6475,1,F,BK,XC,D
14:42:00,INDF,RG,6475,250,F,BK,SQ,D
14:42:00,INDF,RG,6475,5,F,BK,PD,D
14:42:00,INDF,RG,6475,1,F,BK,XC,D
14:41:59,INDF,RG,6450,142,F,AK,RX,F
14:41:59,INDF,RG,6450,4,F,AK,KZ,F
14:41:59,INDF,RG,6450,20,F,AK,PD,D
14:41:59,INDF,RG,6450,30,F,AK,RX,F
14:41:59,INDF,RG,6450,125,F,AK,RX,F
14:41:59,INDF,RG,6450,65,F,AK,RX,F
14:41:59,INDF,RG,6450,100,F,AK,KK,D
14:41:59,INDF,RG,6450,14,F,AK,AK,F
14:41:59,INDF,RG,6450,146,F,AK,RX,F
14:41:59,INDF,RG,6450,29,F,AK,AK,F
14:41:59,INDF,RG,6450,24,F,AK,RX,F
14:41:59,INDF,RG,6450,10,F,AK,RX,F
14:41:59,INDF,RG,6450,11,F,AK,RX,F
14:41:59,INDF,RG,6450,42,F,AK,DH,D
14:41:59,INDF,RG,6450,5,F,AK,ZP,F
14:41:59,INDF,RG,6450,31,F,YU,ZP,F
14:41:59,INDF,RG,6450,25,F,YU,RX,F
14:41:59,INDF,RG,6450,12,F,YU,PD,D
14:41:59,INDF,RG,6450,10,F,YU,RX,F
14:41:59,INDF,RG,6450,70,F,YU,HP,D
14:41:58,INDF,RG,6450,230,D,OD,HP,D
14:41:58,INDF,RG,6450,300,D,OD,SQ,D
14:41:58,INDF,RG,6450,200,D,OD,SQ,D
14:41:58,INDF,RG,6450,10,D,OD,XC,D
14:41:58,INDF,RG,6450,34,D,OD,BK,F
14:41:58,INDF,RG,6450,8,D,OD,RX,F
14:41:58,INDF,RG,6450,41,D,OD,BK,F
14:41:58,INDF,RG,6450,3,D,OD,RX,F
14:41:58,INDF,RG,6450,1,D,OD,YP,D
14:41:58,INDF,RG,6450,30,D,OD,RX,F
14:41:58,INDF,RG,6450,28,D,OD,ZP,F
14:41:58,INDF,RG,6450,400,D,OD,SQ,D
14:41:58,INDF,RG,6450,51,D,OD,BK,F
14:41:58,INDF,RG,6450,52,D,OD,SQ,D
14:41:55,INDF,RG,6450,14,F,BK,SQ,D
14:41:52,INDF,RG,6450,24,F,BK,SQ,D
14:41:50,INDF,RG,6450,58,F,YU,SQ,D
14:41:48,INDF,RG,6450,140,F,BK,SQ,D
14:41:48,INDF,RG,6425,14,F,CC,ZP,F
14:41:48,INDF,RG,6450,112,D,OD,SQ,D
14:41:48,INDF,RG,6450,400,D,OD,SQ,D
14:41:48,INDF,RG,6450,109,D,OD,RX,F
14:41:48,INDF,RG,6450,3,D,OD,BK,F
14:41:48,INDF,RG,6450,1,D,OD,BK,F
14:41:48,INDF,RG,6450,56,D,OD,BK,F
14:41:48,INDF,RG,6450,26,D,OD,ZP,F
14:41:48,INDF,RG,6450,67,D,OD,KZ,F
14:41:48,INDF,RG,6450,65,D,OD,KZ,F
14:41:48,INDF,RG,6450,60,D,OD,BK,F
14:41:48,INDF,RG,6450,82,D,OD,BK,F
14:41:48,INDF,RG,6450,151,D,OD,RX,F
14:41:48,INDF,RG,6450,368,D,OD,RX,F
14:41:39,INDF,RG,6425,16,F,CC,RX,F
14:41:38,INDF,RG,6425,14,F,CC,BK,F
14:41:37,INDF,RG,6425,2,F,CC,RX,F
14:41:37,INDF,RG,6425,16,F,CC,BK,F
14:41:29,INDF,RG,6425,13,F,CC,RX,F
14:41:27,INDF,RG,6425,3,F,CC,RX,F
14:41:08,INDF,RG,6450,30,D,EP,RX,F
14:41:07,INDF,RG,6425,15,F,CC,BK,F
14:41:05,INDF,RG,6425,14,F,CC,BK,F
14:40:58,INDF,RG,6425,25,F,CC,RX,F
14:40:56,INDF,RG,6425,8,F,CC,RX,F
14:40:55,INDF,RG,6425,13,F,CC,BK,F
14:40:52,INDF,RG,6450,8,F,YU,RX,F
14:40:51,INDF,RG,6425,70,F,CC,AK,F
14:40:35,INDF,RG,6425,16,F,CC,RX,F
14:40:33,INDF,RG,6425,10,F,CC,RX,F
14:40:31,INDF,RG,6425,15,F,CC,BK,F
14:40:30,INDF,RG,6425,15,F,CC,BK,F
14:40:04,INDF,RG,6425,14,F,CC,BK,F
14:39:51,INDF,RG,6425,14,F,CC,BK,F
14:39:28,INDF,RG,6425,15,F,CC,BK,F
14:39:25,INDF,RG,6425,13,F,CC,BK,F
14:39:13,INDF,RG,6425,5,F,CC,KK,D
14:39:00,INDF,RG,6450,20,D,KK,RX,F
14:39:00,INDF,RG,6450,42,F,YU,RX,F
14:38:49,INDF,RG,6425,14,F,CC,BK,F
14:38:46,INDF,RG,6425,20,F,CC,BK,F
14:38:43,INDF,RG,6450,1,D,XC,RX,F
14:38:38,INDF,RG,6425,46,F,CC,KZ,F
14:38:38,INDF,RG,6425,47,F,BK,KZ,F
14:38:38,INDF,RG,6425,27,F,AK,KZ,F
14:38:27,INDF,RG,6425,12,F,AK,RX,F
14:38:11,INDF,RG,6425,13,F,AK,BK,F
14:38:11,INDF,RG,6425,16,F,AK,BK,F
14:37:43,INDF,RG,6425,14,F,AK,BK,F
14:37:43,INDF,RG,6425,14,F,AK,BK,F
14:37:27,INDF,RG,6450,3,F,YU,RX,F
14:37:24,INDF,RG,6425,13,F,AK,BK,F
14:37:22,INDF,RG,6425,21,F,AK,RX,F
14:37:07,INDF,RG,6425,15,F,AK,BK,F
14:37:06,INDF,RG,6425,15,F,AK,BK,F
14:36:44,INDF,RG,6425,30,F,AK,SQ,D
14:36:30,INDF,RG,6425,13,F,AK,BK,F
14:36:25,INDF,RG,6425,20,F,AK,BK,F
14:35:54,INDF,RG,6425,14,F,AK,BK,F
14:35:44,INDF,RG,6425,18,F,AK,BK,F
14:35:25,INDF,RG,6425,13,F,AK,RX,F
14:35:23,INDF,RG,6425,35,F,AK,GR,D
14:35:11,INDF,RG,6425,15,F,AK,BK,F
14:34:38,INDF,RG,6425,14,F,AK,BK,F
14:34:13,INDF,RG,6425,19,F,AK,RX,F
14:34:11,INDF,RG,6425,13,F,AK,BK,F
14:34:00,INDF,RG,6425,10,F,AK,YJ,D
14:33:30,INDF,RG,6425,18,F,AK,BK,F
14:33:26,INDF,RG,6450,1,D,XL,RX,F
14:33:24,INDF,RG,6425,14,F,AK,BK,F
14:33:00,INDF,RG,6425,104,F,AK,AK,F
14:32:59,INDF,RG,6450,75,D,SQ,RX,F
14:32:46,INDF,RG,6425,19,F,AK,BK,F
14:32:28,INDF,RG,6425,20,F,AK,RX,F
14:32:17,INDF,RG,6425,13,F,AK,BK,F
14:31:48,INDF,RG,6425,14,F,AK,BK,F
14:31:43,INDF,RG,6425,1,F,AK,XC,D
14:31:23,INDF,RG,6425,20,F,AK,RX,F
14:31:23,INDF,RG,6425,50,F,AK,SQ,D
14:31:20,INDF,RG,6425,200,F,AK,SQ,D
14:31:13,INDF,RG,6425,1,F,AK,XC,D
14:31:10,INDF,RG,6425,13,F,AK,RX,F
14:31:10,INDF,RG,6425,6,F,YU,RX,F
14:31:09,INDF,RG,6425,16,F,YU,BK,F
14:31:06,INDF,RG,6425,4,F,YU,SQ,D
14:31:06,INDF,RG,6425,62,F,YU,SQ,D
14:31:06,INDF,RG,6425,18,F,YU,SQ,D
14:31:06,INDF,RG,6425,16,F,YU,SQ,D
14:31:06,INDF,RG,6425,17,F,YU,SQ,D
14:31:06,INDF,RG,6425,2,F,YU,SQ,D
14:31:06,INDF,RG,6425,3,F,YU,SQ,D
14:31:06,INDF,RG,6425,1,F,YU,SQ,D
14:31:06,INDF,RG,6425,1,F,YU,SQ,D
14:31:06,INDF,RG,6425,5,D,PD,SQ,D
14:31:06,INDF,RG,6425,8,F,YU,SQ,D
14:31:06,INDF,RG,6425,1,F,YU,SQ,D
14:31:06,INDF,RG,6425,3,F,YU,SQ,D
14:31:06,INDF,RG,6425,8,F,YU,SQ,D
14:31:06,INDF,RG,6425,20,F,YU,SQ,D
14:31:06,INDF,RG,6425,8,D,BQ,SQ,D
14:31:06,INDF,RG,6425,15,F,YU,SQ,D
14:31:06,INDF,RG,6425,43,F,YU,SQ,D
14:31:06,INDF,RG,6425,1,D,NI,SQ,D
14:31:06,INDF,RG,6425,20,D,IF,SQ,D
14:31:06,INDF,RG,6425,6,F,YU,SQ,D
14:31:06,INDF,RG,6425,2,D,AZ,SQ,D
14:31:06,INDF,RG,6425,5,D,AT,SQ,D
14:31:06,INDF,RG,6425,12,F,CC,SQ,D
14:31:06,INDF,RG,6425,1,D,XC,SQ,D
14:31:06,INDF,RG,6425,5,D,YP,SQ,D
14:31:06,INDF,RG,6425,2,D,GR,SQ,D
14:31:06,INDF,RG,6425,1,D,XC,SQ,D
14:31:06,INDF,RG,6425,20,D,GR,SQ,D
14:31:06,INDF,RG,6425,1,F,AK,SQ,D
14:31:06,INDF,RG,6425,10,D,IF,SQ,D
14:31:06,INDF,RG,6425,10,D,IF,SQ,D
14:31:06,INDF,RG,6425,1,D,XL,SQ,D
14:31:06,INDF,RG,6425,1,D,XC,SQ,D
14:31:06,INDF,RG,6425,47,D,YP,SQ,D
14:31:06,INDF,RG,6450,60,F,YU,RX,F
14:31:05,INDF,RG,6425,45,D,YP,ZP,F
14:31:04,INDF,RG,6425,8,D,YP,SQ,D
14:31:04,INDF,RG,6425,45,D,PD,SQ,D
14:31:04,INDF,RG,6425,1,D,XC,SQ,D
14:31:04,INDF,RG,6425,1,D,PD,SQ,D
14:31:04,INDF,RG,6425,1,D,XC,SQ,D
14:31:04,INDF,RG,6425,5,D,DR,SQ,D
14:31:04,INDF,RG,6425,5,D,XC,SQ,D
14:31:04,INDF,RG,6425,3,D,DR,SQ,D
14:31:04,INDF,RG,6425,50,D,SQ,SQ,D
14:31:04,INDF,RG,6425,3,D,DR,SQ,D
14:31:04,INDF,RG,6425,3,D,DR,SQ,D
14:31:04,INDF,RG,6425,5,D,XC,SQ,D
14:31:04,INDF,RG,6425,25,D,YP,SQ,D
14:31:04,INDF,RG,6425,1,D,AT,SQ,D
14:31:04,INDF,RG,6425,10,D,LG,SQ,D
14:31:04,INDF,RG,6425,1,D,PD,SQ,D
14:31:04,INDF,RG,6425,1,D,PD,SQ,D
14:31:04,INDF,RG,6425,1,D,YP,SQ,D
14:31:04,INDF,RG,6425,181,D,OD,SQ,D
14:30:51,INDF,RG,6425,77,D,OD,RX,F
14:30:51,INDF,RG,6450,126,F,YU,RX,F
14:30:51,INDF,RG,6450,4,F,YU,AK,F
14:30:50,INDF,RG,6425,55,D,OD,ZP,F
14:30:50,INDF,RG,6425,187,D,OD,AK,F
14:30:50,INDF,RG,6425,3,D,PD,AK,F
14:30:50,INDF,RG,6425,2,D,PD,AK,F
14:30:50,INDF,RG,6425,105,F,BK,AK,F
14:30:50,INDF,RG,6425,181,F,AK,AK,F
14:30:50,INDF,RG,6425,10,D,YP,AK,F
14:30:50,INDF,RG,6425,10,D,CP,AK,F
14:30:50,INDF,RG,6425,5,D,NI,AK,F
14:30:50,INDF,RG,6425,1,D,NI,AK,F
14:30:50,INDF,RG,6425,1,D,YP,AK,F
14:30:50,INDF,RG,6425,2,D,YP,AK,F
14:30:50,INDF,RG,6425,3,D,PD,AK,F
14:30:50,INDF,RG,6425,1,D,GR,AK,F
14:30:50,INDF,RG,6425,3,D,NI,AK,F
14:30:50,INDF,RG,6425,2,D,GR,AK,F
14:30:50,INDF,RG,6425,2,D,PD,AK,F
14:30:50,INDF,RG,6425,1,D,GR,AK,F
14:30:50,INDF,RG,6425,1,D,YP,AK,F
14:30:50,INDF,RG,6425,60,F,BK,AK,F
14:30:50,INDF,RG,6425,153,D,EP,AK,F
14:30:48,INDF,RG,6425,500,D,EP,SQ,D
14:30:48,INDF,RG,6450,9,F,YU,AK,F
14:30:45,INDF,RG,6425,347,D,EP,SQ,D
14:30:45,INDF,RG,6425,3,D,YP,SQ,D
14:30:42,INDF,RG,6425,5,D,YP,SQ,D
14:30:42,INDF,RG,6425,20,D,YP,SQ,D
14:30:42,INDF,RG,6425,2,D,XC,SQ,D
14:30:42,INDF,RG,6425,40,D,YP,SQ,D
14:30:42,INDF,RG,6425,2,D,CC,SQ,D
14:30:42,INDF,RG,6425,1,D,XC,SQ,D
14:30:42,INDF,RG,6425,1,D,CC,SQ,D
14:30:42,INDF,RG,6425,1,D,PD,SQ,D
14:30:42,INDF,RG,6425,1,D,PD,SQ,D
14:30:42,INDF,RG,6425,3,D,KK,SQ,D
14:30:42,INDF,RG,6425,1,D,PD,SQ,D
14:30:42,INDF,RG,6425,1,D,DR,SQ,D
14:30:42,INDF,RG,6425,3,D,SQ,SQ,D
14:30:42,INDF,RG,6425,25,D,IF,SQ,D
14:30:42,INDF,RG,6425,10,D,SQ,SQ,D
14:30:42,INDF,RG,6425,1,D,OD,SQ,D
14:30:42,INDF,RG,6425,50,D,GR,SQ,D
14:30:42,INDF,RG,6425,5,D,SQ,SQ,D
14:30:42,INDF,RG,6425,236,F,BK,SQ,D
14:30:42,INDF,RG,6425,42,D,AZ,SQ,D
14:30:32,INDF,RG,6425,15,D,AZ,BK,F
14:30:32,INDF,RG,6450,2,F,BK,AK,F
14:30:32,INDF,RG,6450,1,F,BK,AK,F
14:30:31,INDF,RG,6425,150,D,AZ,SQ,D
14:30:28,INDF,RG,6425,180,D,AZ,SQ,D
14:30:25,INDF,RG,6425,150,D,AZ,SQ,D
14:29:59,INDF,RG,6425,14,D,AZ,BK,F
14:29:38,INDF,RG,6450,3,F,YU,AK,F
14:29:37,INDF,RG,6425,200,D,AZ,SQ,D
14:29:27,INDF,RG,6425,14,D,AZ,BK,F
14:28:53,INDF,RG,6450,12,D,PD,AK,F
14:28:53,INDF,RG,6450,10,D,PD,RX,F
14:28:53,INDF,RG,6425,15,D,AZ,BK,F
14:28:47,INDF,RG,6450,5,D,XC,RX,F
14:28:40,INDF,RG,6450,10,D,IF,RX,F
14:28:37,INDF,RG,6450,2,D,CC,RX,F
14:28:19,INDF,RG,6450,59,F,ZP,RX,F
14:28:19,INDF,RG,6450,22,F,ZP,YB,D
14:28:18,INDF,RG,6425,15,D,AZ,BK,F
14:28:06,INDF,RG,6425,28,D,AZ,RX,F
14:28:00,INDF,RG,6425,72,D,AZ,AK,F
14:27:59,INDF,RG,6450,5,D,XC,YB,D
14:27:51,INDF,RG,6425,105,D,AZ,SQ,D
14:27:51,INDF,RG,6425,16,D,KK,SQ,D
14:27:51,INDF,RG,6425,1,D,PD,SQ,D
14:27:51,INDF,RG,6425,1,D,PD,SQ,D
14:27:51,INDF,RG,6425,10,D,SQ,SQ,D
14:27:51,INDF,RG,6425,40,D,KK,SQ,D
14:27:51,INDF,RG,6425,2,D,YP,SQ,D
14:27:51,INDF,RG,6425,25,D,KK,SQ,D
14:27:44,INDF,RG,6425,73,D,KK,RX,F
14:27:42,INDF,RG,6425,15,D,KK,BK,F
14:27:42,INDF,RG,6425,5,D,KK,PD,D
14:27:37,INDF,RG,6425,61,D,KK,RX,F
14:27:30,INDF,RG,6425,21,D,KK,AK,F
14:27:30,INDF,RG,6425,1,D,AT,AK,F
14:27:30,INDF,RG,6425,1,D,KK,AK,F
14:27:30,INDF,RG,6425,345,D,EP,AK,F
14:27:30,INDF,RG,6425,276,D,EP,AK,F
14:27:18,INDF,RG,6425,21,D,EP,RX,F
14:27:10,INDF,RG,6425,200,D,EP,SQ,D
14:26:58,INDF,RG,6425,18,D,EP,BK,F
14:26:40,INDF,RG,6450,1,D,PD,YB,D
14:26:37,INDF,RG,6425,36,D,EP,RX,F
14:26:30,INDF,RG,6450,14,F,BK,YB,D
14:26:27,INDF,RG,6425,13,D,EP,BK,F
14:26:18,INDF,RG,6450,22,F,BK,YB,D
14:26:14,INDF,RG,6450,36,F,YU,YB,D
14:26:14,INDF,RG,6450,7,F,YU,ZP,F
14:26:14,INDF,RG,6450,123,F,YU,BK,F
14:26:13,INDF,RG,6425,50,D,EP,XC,D
14:25:46,INDF,RG,6425,18,D,EP,BK,F
14:25:42,INDF,RG,6450,3,D,YP,BK,F
14:25:10,INDF,RG,6450,21,F,BK,BK,F
14:25:08,INDF,RG,6425,18,D,EP,XC,D
14:25:07,INDF,RG,6425,15,D,EP,BK,F
14:24:54,INDF,RG,6450,14,F,BK,BK,F
14:24:52,INDF,RG,6425,23,D,EP,RX,F
14:24:51,INDF,RG,6450,29,F,BK,BK,F
14:24:49,INDF,RG,6425,200,D,EP,SQ,D
14:24:38,INDF,RG,6425,38,D,EP,RX,F
14:24:34,INDF,RG,6450,15,F,BK,BK,F
14:24:28,INDF,RG,6450,44,F,BK,BK,F
14:24:27,INDF,RG,6425,229,D,EP,SQ,D
14:24:27,INDF,RG,6425,5,D,YP,SQ,D
14:24:27,INDF,RG,6425,1,D,CC,SQ,D
14:24:27,INDF,RG,6425,65,D,YP,SQ,D
14:24:00,INDF,RG,6450,8,D,XC,BK,F
14:24:00,INDF,RG,6425,1,D,YP,NI,D
14:23:57,INDF,RG,6425,16,D,YP,YP,D
14:23:50,INDF,RG,6425,14,D,YP,RX,F
14:23:50,INDF,RG,6450,1,D,PD,BK,F
14:23:38,INDF,RG,6425,25,D,YP,RX,F
14:23:33,INDF,RG,6425,26,D,YP,BK,F
14:22:34,INDF,RG,6450,1,D,PD,BK,F
14:21:52,INDF,RG,6450,16,F,BK,BK,F
14:21:52,INDF,RG,6450,2,F,BK,BK,F
14:21:49,INDF,RG,6425,20,D,YP,BK,F
14:21:18,INDF,RG,6450,1,D,PD,BK,F
14:21:07,INDF,RG,6425,2,D,YP,DH,D
14:20:48,INDF,RG,6425,13,D,YP,RX,F
14:20:20,INDF,RG,6425,34,D,YP,BK,F
14:20:18,INDF,RG,6425,1,D,YP,XC,D
14:19:31,INDF,RG,6425,33,D,YP,RX,F
14:19:30,INDF,RG,6450,23,F,BK,BK,F
14:19:26,INDF,RG,6425,44,D,YP,RX,F
14:19:21,INDF,RG,6425,75,D,YP,AK,F
14:19:15,INDF,RG,6425,129,D,YP,AK,F
14:19:05,INDF,RG,6425,2,D,YP,KZ,F
14:19:05,INDF,RG,6425,15,D,IF,KZ,F
14:19:05,INDF,RG,6425,1,D,PD,KZ,F
14:19:05,INDF,RG,6425,1,D,XC,KZ,F
14:19:05,INDF,RG,6425,1,D,PD,KZ,F
14:19:05,INDF,RG,6425,3,D,YP,KZ,F
14:19:05,INDF,RG,6425,5,D,PD,KZ,F
14:19:05,INDF,RG,6425,1,D,NI,KZ,F
14:19:05,INDF,RG,6425,1,D,SQ,KZ,F
14:19:05,INDF,RG,6425,15,D,XL,KZ,F
14:19:05,INDF,RG,6425,1,D,CC,KZ,F
14:18:56,INDF,RG,6425,8,D,CC,XL,D
14:18:52,INDF,RG,6425,1,D,CC,RX,F
14:18:52,INDF,RG,6425,1,D,XC,RX,F
14:18:52,INDF,RG,6425,1,D,CC,RX,F
14:18:52,INDF,RG,6425,5,D,YP,RX,F
14:18:52,INDF,RG,6425,16,D,IF,RX,F
14:18:52,INDF,RG,6425,1,D,IF,OD,D
14:18:40,INDF,RG,6450,12,F,YU,BK,F
14:18:40,INDF,RG,6450,145,F,YU,BK,F
14:18:39,INDF,RG,6425,3,D,IF,BK,F
14:18:39,INDF,RG,6425,33,D,OD,BK,F
14:18:24,INDF,RG,6425,2,D,OD,XL,D
14:18:14,INDF,RG,6425,20,D,OD,BK,F
14:18:12,INDF,RG,6425,13,D,OD,BK,F
14:17:55,INDF,RG,6425,15,D,OD,BK,F
14:17:47,INDF,RG,6425,8,D,OD,RX,F
14:17:45,INDF,RG,6425,4,D,OD,RX,F
14:17:26,INDF,RG,6425,15,D,OD,BK,F
14:16:48,INDF,RG,6425,15,D,OD,BK,F
14:16:41,INDF,RG,6425,1,D,OD,OD,D
14:16:21,INDF,RG,6425,1,D,OD,XC,D
14:16:16,INDF,RG,6425,35,D,OD,BK,F
14:16:13,INDF,RG,6425,14,D,OD,BK,F
14:15:29,INDF,RG,6425,15,D,OD,BK,F
14:15:16,INDF,RG,6425,15,D,OD,RX,F
14:14:50,INDF,RG,6425,12,D,OD,RX,F
14:14:49,INDF,RG,6425,15,D,OD,BK,F
14:14:34,INDF,RG,6425,30,D,OD,BK,F
14:13:57,INDF,RG,6425,20,D,OD,BK,F
14:13:27,INDF,RG,6425,13,D,OD,RX,F
14:13:04,INDF,RG,6425,20,D,OD,BK,F
14:12:49,INDF,RG,6425,14,D,OD,BK,F
14:12:28,INDF,RG,6425,13,D,OD,BK,F
14:12:09,INDF,RG,6425,10,D,OD,RX,F
14:12:07,INDF,RG,6425,4,D,OD,RX,F
14:11:48,INDF,RG,6425,35,D,OD,BK,F
14:11:42,INDF,RG,6450,2,D,KK,BK,F
14:11:40,INDF,RG,6425,58,D,OD,RX,F
14:11:30,INDF,RG,6425,20,D,OD,BK,F
14:11:18,INDF,RG,6425,13,D,OD,RX,F
14:10:51,INDF,RG,6425,13,D,OD,BK,F
14:10:51,INDF,RG,6450,1,D,PD,BK,F
14:10:29,INDF,RG,6425,4,D,OD,RX,F
14:10:29,INDF,RG,6425,1,D,PD,RX,F
14:10:29,INDF,RG,6425,5,D,YP,RX,F
14:10:29,INDF,RG,6425,1,D,HP,RX,F
14:10:29,INDF,RG,6425,5,D,YP,RX,F
14:10:29,INDF,RG,6425,1,D,KK,RX,F
14:10:29,INDF,RG,6425,10,D,PD,RX,F
14:10:29,INDF,RG,6425,2,D,PD,RX,F
14:10:29,INDF,RG,6425,10,D,LG,RX,F
14:10:29,INDF,RG,6425,1,D,CC,RX,F
14:10:29,INDF,RG,6425,3,D,KK,RX,F
14:10:29,INDF,RG,6425,10,D,CC,RX,F
14:10:29,INDF,RG,6425,1,D,AT,RX,F
14:10:19,INDF,RG,6450,2,F,AK,ZP,F
14:10:19,INDF,RG,6450,87,F,AK,SQ,D
14:10:17,INDF,RG,6450,25,F,YU,SQ,D
14:10:17,INDF,RG,6450,65,F,BK,SQ,D
14:10:17,INDF,RG,6450,10,D,IF,SQ,D
14:10:17,INDF,RG,6450,1,D,PD,SQ,D
14:10:17,INDF,RG,6450,10,F,YU,SQ,D
14:10:17,INDF,RG,6450,10,D,XC,SQ,D
14:10:17,INDF,RG,6450,10,F,YU,SQ,D
14:10:17,INDF,RG,6450,1,F,AK,SQ,D
14:10:17,INDF,RG,6450,1,D,CC,SQ,D
14:10:17,INDF,RG,6450,23,F,CC,SQ,D
14:10:17,INDF,RG,6450,20,F,YU,SQ,D
14:10:17,INDF,RG,6450,5,D,ZP,SQ,D
14:10:17,INDF,RG,6450,1,D,NI,SQ,D
14:10:17,INDF,RG,6450,21,F,YU,SQ,D
14:10:17,INDF,RG,6450,50,F,BK,SQ,D
14:10:17,INDF,RG,6450,11,F,YU,SQ,D
14:10:17,INDF,RG,6450,20,D,IF,SQ,D
14:10:17,INDF,RG,6450,29,F,AK,SQ,D
14:10:14,INDF,RG,6450,76,F,AK,AK,F
14:10:14,INDF,RG,6450,3,F,YU,AK,F
14:10:14,INDF,RG,6450,12,F,YU,BK,F
14:10:14,INDF,RG,6450,1,F,YU,BK,F
14:10:05,INDF,RG,6450,24,F,YU,SQ,D
14:10:05,INDF,RG,6450,15,F,YU,SQ,D
14:10:05,INDF,RG,6450,15,F,YU,SQ,D
14:10:05,INDF,RG,6450,11,F,YU,SQ,D
14:10:05,INDF,RG,6450,82,F,BK,SQ,D
14:10:05,INDF,RG,6450,5,D,YP,SQ,D
14:10:05,INDF,RG,6450,1,D,XC,SQ,D
14:10:05,INDF,RG,6450,47,F,YU,SQ,D
14:09:46,INDF,RG,6450,12,F,YU,PD,D
14:09:46,INDF,RG,6450,3,D,IF,PD,D
14:09:46,INDF,RG,6450,7,D,IF,RX,F
14:09:46,INDF,RG,6450,9,F,BK,RX,F
14:09:46,INDF,RG,6450,4,D,OD,RX,F
14:09:33,INDF,RG,6450,15,D,OD,BK,F
14:08:57,INDF,RG,6475,9,D,XC,RX,F
14:08:57,INDF,RG,6475,16,D,XC,ZP,F
14:08:57,INDF,RG,6475,13,D,XC,BK,F
14:08:57,INDF,RG,6475,14,D,XC,RX,F
14:08:52,INDF,RG,6450,8,D,OD,RX,F
14:08:50,INDF,RG,6450,9,D,OD,RX,F
14:08:47,INDF,RG,6450,41,D,OD,NI,F
14:08:43,INDF,RG,6450,19,D,OD,BK,F
14:08:34,INDF,RG,6450,16,D,OD,ZP,F
14:08:02,INDF,RG,6450,14,D,OD,RX,F
14:07:58,INDF,RG,6450,15,D,OD,BK,F
14:07:49,INDF,RG,6450,5,D,OD,PD,D
14:07:24,INDF,RG,6450,25,D,OD,NI,D
14:07:16,INDF,RG,6450,15,D,OD,BK,F
14:06:48,INDF,RG,6450,14,D,OD,RX,F
14:06:48,INDF,RG,6450,17,D,OD,RX,F
14:06:44,INDF,RG,6450,26,D,OD,ZP,F
14:06:43,INDF,RG,6450,100,D,OD,SQ,D
14:06:42,INDF,RG,6450,32,D,OD,BK,F
14:06:36,INDF,RG,6450,14,D,OD,BK,F
14:06:11,INDF,RG,6450,25,D,OD,RX,F
14:05:58,INDF,RG,6450,14,D,OD,BK,F
14:05:55,INDF,RG,6450,72,D,OD,SQ,D
14:05:55,INDF,RG,6450,60,F,YU,SQ,D
14:05:55,INDF,RG,6450,10,F,BK,SQ,D
14:05:55,INDF,RG,6450,58,F,BK,SQ,D
14:05:35,INDF,RG,6450,13,F,BK,RX,F
14:05:26,INDF,RG,6450,2,F,AK,DR,D
14:05:12,INDF,RG,6450,17,F,AK,BK,F
14:05:01,INDF,RG,6450,14,F,AK,RX,F
14:04:58,INDF,RG,6450,61,F,AK,RX,F
14:04:56,INDF,RG,6450,23,F,AK,SQ,D
14:04:56,INDF,RG,6450,127,F,CS,SQ,D
14:04:52,INDF,RG,6450,250,F,CS,SQ,D
14:04:49,INDF,RG,6450,150,F,CS,SQ,D
14:04:46,INDF,RG,6450,150,F,CS,SQ,D
14:04:40,INDF,RG,6450,14,F,CS,BK,F
14:04:25,INDF,RG,6450,16,F,CS,BK,F
14:03:55,INDF,RG,6450,6,F,CS,RX,F
14:03:55,INDF,RG,6450,7,F,BK,RX,F
14:03:47,INDF,RG,6450,14,F,CC,BK,F
14:03:08,INDF,RG,6450,51,F,CC,RX,F
14:03:01,INDF,RG,6450,16,F,CC,BK,F
14:02:55,INDF,RG,6450,354,F,CC,YP,D
14:02:55,INDF,RG,6450,59,F,YU,YP,D
14:02:55,INDF,RG,6450,1,D,YP,YP,D
14:02:55,INDF,RG,6450,1,D,YP,YP,D
14:02:55,INDF,RG,6450,28,F,YU,YP,D
14:02:55,INDF,RG,6450,16,F,YU,YP,D
14:02:55,INDF,RG,6450,20,D,IF,YP,D
14:02:55,INDF,RG,6450,10,D,CC,YP,D
14:02:55,INDF,RG,6450,11,F,YU,YP,D
14:02:41,INDF,RG,6450,48,F,YU,RX,F
14:02:41,INDF,RG,6450,12,F,YU,RX,F
14:02:41,INDF,RG,6450,12,D,ZP,RX,F
14:02:23,INDF,RG,6450,48,D,ZP,SQ,D
14:02:23,INDF,RG,6450,94,F,YU,SQ,D
14:02:23,INDF,RG,6450,90,F,BK,SQ,D
14:02:23,INDF,RG,6450,368,F,AK,SQ,D
14:02:17,INDF,RG,6450,66,F,AK,RX,F
14:02:16,INDF,RG,6450,103,F,AK,ZP,F
14:02:16,INDF,RG,6450,36,F,AK,SQ,D
14:02:16,INDF,RG,6450,1,D,NI,SQ,D
14:02:16,INDF,RG,6450,11,F,YU,SQ,D
14:02:16,INDF,RG,6450,58,F,CC,SQ,D
14:02:16,INDF,RG,6450,3,D,CC,SQ,D
14:02:16,INDF,RG,6450,49,F,BK,SQ,D
14:02:16,INDF,RG,6450,93,F,YU,SQ,D
14:02:16,INDF,RG,6450,11,F,YU,SQ,D
14:02:16,INDF,RG,6450,11,F,YU,SQ,D
14:02:16,INDF,RG,6450,16,F,YU,SQ,D
14:02:16,INDF,RG,6450,3,D,YP,SQ,D
14:02:16,INDF,RG,6450,10,F,YU,SQ,D
14:02:16,INDF,RG,6450,1,D,YP,SQ,D
14:02:16,INDF,RG,6450,97,D,OD,SQ,D
14:02:13,INDF,RG,6450,18,D,OD,BK,F
14:02:10,INDF,RG,6450,200,D,OD,SQ,D
14:02:03,INDF,RG,6450,18,D,OD,BK,F
14:02:01,INDF,RG,6450,13,D,OD,RX,F
14:01:32,INDF,RG,6450,14,D,OD,BK,F
14:01:32,INDF,RG,6450,2,D,OD,PD,D
14:01:09,INDF,RG,6450,5,D,OD,NI,D
14:01:07,INDF,RG,6450,10,D,OD,RX,F
14:01:05,INDF,RG,6450,2,D,OD,RX,F
14:00:59,INDF,RG,6450,15,D,OD,BK,F
14:00:45,INDF,RG,6450,82,D,OD,AK,F
14:00:36,INDF,RG,6450,20,D,OD,BK,F
14:00:17,INDF,RG,6450,4,D,OD,RX,F
14:00:17,INDF,RG,6450,54,D,YP,RX,F
14:00:13,INDF,RG,6450,1,D,YP,PD,D
14:00:03,INDF,RG,6450,22,D,YP,YP,D
14:00:03,INDF,RG,6450,20,D,IF,YP,D
14:00:03,INDF,RG,6450,10,F,YU,YP,D
14:00:03,INDF,RG,6450,1,F,AK,YP,D
14:00:03,INDF,RG,6450,1,D,YP,YP,D
14:00:03,INDF,RG,6450,5,D,PD,YP,D
14:00:03,INDF,RG,6450,1,D,YP,YP,D
14:00:03,INDF,RG,6450,200,D,GR,YP,D
14:00:03,INDF,RG,6450,100,D,DH,YP,D
14:00:03,INDF,RG,6450,5,D,YP,YP,D
14:00:03,INDF,RG,6450,14,F,YU,YP,D
14:00:03,INDF,RG,6450,1,D,XC,YP,D
14:00:03,INDF,RG,6450,25,D,IF,YP,D
14:00:03,INDF,RG,6450,10,D,IF,YP,D
14:00:03,INDF,RG,6450,1,D,NI,YP,D
14:00:03,INDF,RG,6450,11,F,YU,YP,D
14:00:03,INDF,RG,6450,103,D,OD,YP,D
13:59:53,INDF,RG,6450,16,D,OD,BK,F
13:59:50,INDF,RG,6450,12,D,OD,RX,F
13:59:37,INDF,RG,6450,23,D,OD,BK,F
13:59:18,INDF,RG,6450,85,D,OD,RX,F
13:59:02,INDF,RG,6450,261,D,OD,YP,D
13:59:02,INDF,RG,6450,15,D,PD,YP,D
13:59:02,INDF,RG,6450,13,F,YU,YP,D
13:59:02,INDF,RG,6450,105,F,BK,YP,D
13:59:02,INDF,RG,6450,33,F,YU,YP,D
13:59:02,INDF,RG,6450,233,F,AK,YP,D
13:59:02,INDF,RG,6450,191,F,AK,YP,D
13:59:01,INDF,RG,6450,44,F,AK,RX,F
13:59:01,INDF,RG,6450,36,F,CC,RX,F
13:58:58,INDF,RG,6450,2,F,CC,RX,F
13:58:57,INDF,RG,6450,20,F,CC,BK,F
13:58:50,INDF,RG,6450,800,F,CC,SQ,D
13:58:42,INDF,RG,6450,8,F,CC,RX,F
13:58:41,INDF,RG,6450,19,F,CC,AK,F
13:58:40,INDF,RG,6450,11,F,CC,RX,F
13:58:33,INDF,RG,6450,14,F,CC,RX,F
13:58:22,INDF,RG,6450,65,F,CC,XA,F
13:58:22,INDF,RG,6450,14,F,CC,BK,F
13:58:11,INDF,RG,6450,20,F,CC,YP,D
13:58:01,INDF,RG,6450,19,F,CC,DH,D
13:57:48,INDF,RG,6450,1,F,CC,KK,D
13:57:12,INDF,RG,6450,50,F,CC,YP,D
13:56:59,INDF,RG,6450,24,F,CC,BK,F
13:56:56,INDF,RG,6450,13,F,CC,RX,F
13:56:56,INDF,RG,6450,100,F,CC,YP,D
13:56:54,INDF,RG,6450,7,F,CC,PD,D
13:56:36,INDF,RG,6450,30,F,CC,YP,D
13:56:15,INDF,RG,6450,24,F,CC,AK,F
13:55:21,INDF,RG,6450,13,F,CC,RX,F
13:55:07,INDF,RG,6450,14,F,CC,XC,D
13:54:42,INDF,RG,6450,22,F,CC,BK,F
13:53:22,INDF,RG,6450,15,F,CC,BK,F
13:53:09,INDF,RG,6450,1,F,CC,AI,D
13:52:23,INDF,RG,6450,2,F,CC,PD,D
13:52:09,INDF,RG,6450,1,F,CC,BK,F
13:52:09,INDF,RG,6450,12,F,YU,BK,F
13:51:56,INDF,RG,6450,1,F,YU,YU,D
13:51:45,INDF,RG,6450,7,F,YU,BK,F
13:51:45,INDF,RG,6450,11,F,YU,BK,F
13:50:27,INDF,RG,6450,2,F,YU,CC,D
13:50:08,INDF,RG,6450,2,F,YU,BK,F
13:50:08,INDF,RG,6450,1,D,OD,BK,F
13:50:08,INDF,RG,6450,15,D,IF,BK,F
13:48:55,INDF,RG,6450,5,D,IF,BK,F
13:48:55,INDF,RG,6450,10,D,DR,BK,F
13:48:54,INDF,RG,6450,1,F,YU,XL,D
13:48:52,INDF,RG,6475,20,D,PD,RX,F
13:48:19,INDF,RG,6450,1,F,YU,PD,D
13:47:00,INDF,RG,6450,24,F,YU,BK,F
13:46:57,INDF,RG,6475,1,D,PD,RX,F
13:46:30,INDF,RG,6450,1,D,PD,AK,F
13:46:30,INDF,RG,6450,5,D,EP,AK,F
13:46:30,INDF,RG,6450,1,D,KK,AK,F
13:46:30,INDF,RG,6450,24,F,YU,AK,F
13:46:30,INDF,RG,6450,1,D,NI,AK,F
13:46:30,INDF,RG,6450,1,D,PD,AK,F
13:46:30,INDF,RG,6450,2,D,KK,AK,F
13:46:30,INDF,RG,6450,1,D,PD,AK,F
13:46:30,INDF,RG,6450,5,D,PD,AK,F
13:46:30,INDF,RG,6450,42,F,BK,AK,F
13:45:17,INDF,RG,6450,2,F,BK,PD,D
13:44:46,INDF,RG,6475,10,D,NI,RX,F
13:44:42,INDF,RG,6450,2,F,BK,XC,D
13:44:26,INDF,RG,6475,15,D,GR,RX,F
13:44:20,INDF,RG,6475,1,D,PD,RX,F
13:44:00,INDF,RG,6450,12,F,BK,AK,F
13:44:00,INDF,RG,6450,4,D,OD,AK,F
13:43:43,INDF,RG,6450,18,D,OD,RX,F
13:43:29,INDF,RG,6450,50,D,OD,SQ,D
13:43:23,INDF,RG,6450,50,D,OD,SQ,D
13:43:20,INDF,RG,6450,50,D,OD,SQ,D
13:43:14,INDF,RG,6450,33,D,OD,RX,F
13:43:14,INDF,RG,6450,37,D,OD,RX,F
13:43:13,INDF,RG,6450,100,D,OD,SQ,D
13:43:10,INDF,RG,6450,100,D,OD,SQ,D
13:43:08,INDF,RG,6450,58,D,OD,ZP,F
13:43:08,INDF,RG,6450,11,F,YU,ZP,F
13:43:08,INDF,RG,6450,12,F,CC,ZP,F
13:43:08,INDF,RG,6450,15,F,YU,ZP,F
13:43:08,INDF,RG,6450,1,D,YP,ZP,F
13:43:08,INDF,RG,6450,4,D,XC,ZP,F
13:43:06,INDF,RG,6450,7,D,XC,SQ,D
13:43:06,INDF,RG,6450,1,D,YP,SQ,D
13:43:06,INDF,RG,6450,1,D,CC,SQ,D
13:43:06,INDF,RG,6450,2,D,OD,SQ,D
13:43:06,INDF,RG,6450,2,D,CC,SQ,D
13:43:06,INDF,RG,6450,87,F,AK,SQ,D
13:42:33,INDF,RG,6450,1,F,AK,PD,D
13:42:30,INDF,RG,6450,66,F,AK,AK,F
13:42:28,INDF,RG,6450,13,F,AK,RX,F
13:42:19,INDF,RG,6450,50,F,AK,SQ,D
13:42:19,INDF,RG,6450,5,D,XC,SQ,D
13:42:19,INDF,RG,6450,45,F,YU,SQ,D
13:41:59,INDF,RG,6475,1,D,YP,RX,F
13:41:27,INDF,RG,6475,1,D,XC,RX,F
13:40:59,INDF,RG,6475,20,D,CC,RX,F
13:40:51,INDF,RG,6450,15,F,YU,RX,F
13:40:51,INDF,RG,6450,8,D,OD,RX,F
13:40:28,INDF,RG,6450,18,D,OD,RX,F
13:40:22,INDF,RG,6450,24,D,OD,SQ,D
13:40:22,INDF,RG,6450,12,D,PD,SQ,D
13:40:22,INDF,RG,6450,1,D,PD,SQ,D
13:40:22,INDF,RG,6450,8,D,PD,SQ,D
13:40:22,INDF,RG,6450,5,D,PD,SQ,D
13:40:22,INDF,RG,6450,2,D,GR,SQ,D
13:40:22,INDF,RG,6450,10,D,IF,SQ,D
13:40:22,INDF,RG,6450,2,D,PD,SQ,D
13:40:22,INDF,RG,6450,2,D,PD,SQ,D
13:40:22,INDF,RG,6450,100,D,DX,SQ,D
13:40:22,INDF,RG,6450,5,D,GR,SQ,D
13:40:22,INDF,RG,6450,4,D,NI,SQ,D
13:40:22,INDF,RG,6450,10,D,YP,SQ,D
13:40:22,INDF,RG,6450,15,F,BK,SQ,D
13:39:40,INDF,RG,6450,1,F,BK,PD,D
13:39:13,INDF,RG,6475,1,D,KK,AK,F
13:38:19,INDF,RG,6450,13,F,BK,RX,F
13:37:12,INDF,RG,6450,19,F,BK,RX,F
13:37:07,INDF,RG,6450,1,F,BK,XC,D
13:36:52,INDF,RG,6450,3,F,BK,RX,F
13:36:52,INDF,RG,6450,52,F,YU,RX,F
13:36:51,INDF,RG,6450,100,F,YU,SQ,D
13:34:20,INDF,RG,6475,1,F,AK,AK,F
13:33:16,INDF,RG,6475,3,D,YP,AK,F
13:33:00,INDF,RG,6450,2,F,YU,AK,F
13:32:57,INDF,RG,6450,1,D,PD,PD,D
13:32:57,INDF,RG,6450,9,D,IF,PD,D
13:31:32,INDF,RG,6450,1,D,IF,YP,D
13:31:32,INDF,RG,6450,1,D,YB,YP,D
13:31:32,INDF,RG,6450,1,F,YU,YP,D
13:30:52,INDF,RG,6450,5,F,YU,RX,F
13:30:52,INDF,RG,6450,7,D,OD,RX,F
13:30:46,INDF,RG,6450,35,D,OD,RX,F
13:30:43,INDF,RG,6450,28,D,OD,RX,F
13:30:42,INDF,RG,6475,293,F,AK,AK,F
13:30:42,INDF,RG,6475,75,F,AK,KZ,F
13:30:20,INDF,RG,6475,5,F,AK,YP,D
13:30:20,INDF,RG,6475,1,F,AK,YP,D
13:30:20,INDF,RG,6475,8,F,AK,ZP,F
13:30:20,INDF,RG,6475,13,F,AK,BK,F
13:30:20,INDF,RG,6475,13,F,AK,BK,F
13:30:20,INDF,RG,6475,93,F,AK,AK,F
13:30:20,INDF,RG,6475,27,F,AK,AK,F
13:30:20,INDF,RG,6475,93,F,AK,AK,F
13:30:20,INDF,RG,6475,43,F,AK,AK,F
13:30:20,INDF,RG,6450,73,D,OD,RX,F
13:30:13,INDF,RG,6450,32,D,OD,RX,F
13:30:13,INDF,RG,6450,90,D,OD,RX,F
13:30:11,INDF,RG,6450,1,D,OD,CC,D
13:30:11,INDF,RG,6475,16,D,YP,AK,F
13:30:11,INDF,RG,6475,17,D,XC,AK,F
13:30:10,INDF,RG,6475,1,D,XC,XC,D
13:30:10,INDF,RG,6475,3,D,XC,YP,D
13:30:10,INDF,RG,6475,1,D,XC,XC,D
13:30:10,INDF,RG,6475,21,D,XC,YP,D
13:30:10,INDF,RG,6475,9,D,XC,CC,D
13:30:10,INDF,RG,6475,3,D,XC,AK,F
13:30:10,INDF,RG,6475,5,D,XC,AK,F
13:30:10,INDF,RG,6475,4,D,YP,AK,F
13:30:10,INDF,RG,6450,16,D,OD,AK,F
13:30:08,INDF,RG,6475,1,D,CC,AK,F
13:30:08,INDF,RG,6475,15,D,CC,AK,F
13:30:08,INDF,RG,6475,5,D,SQ,AK,F
13:30:08,INDF,RG,6475,4,D,PD,AK,F
13:30:05,INDF,RG,6475,2,D,PD,PD,D
13:30:04,INDF,RG,6500,1,D,PD,AK,F
13:30:04,INDF,RG,6500,1,D,XL,AK,F
13:30:04,INDF,RG,6475,4,D,PD,OD,D
13:30:04,INDF,RG,6475,10,D,PD,AK,F
13:30:03,INDF,RG,6475,47,D,XL,AK,F
13:30:03,INDF,RG,6475,6,D,XL,AK,F
13:30:03,INDF,RG,6475,13,D,PD,AK,F
13:30:03,INDF,RG,6475,1,D,PD,AK,F
13:30:03,INDF,RG,6475,1,D,PD,AK,F
13:30:02,INDF,RG,6500,21,F,YU,AK,F
13:30:01,INDF,RG,6500,1,D,KK,AK,F
13:30:01,INDF,RG,6475,1,D,KK,PD,D
13:30:01,INDF,RG,6450,218,D,OD,OD,D
13:30:01,INDF,RG,6450,300,D,HP,OD,D
13:30:01,INDF,RG,6450,20,D,DH,OD,D
13:30:01,INDF,RG,6475,1,D,NI,OD,D
13:30:01,INDF,RG,6475,10,D,DH,OD,D
13:30:01,INDF,RG,6475,51,F,BK,OD,D
11:29:48,INDF,RG,6475,3,F,CS,ZP,F
11:29:46,INDF,RG,6475,14,F,CS,BK,F
11:29:28,INDF,RG,6475,1,F,CS,YP,D
11:29:12,INDF,RG,6475,28,F,CS,ZP,F
11:29:11,INDF,RG,6475,2,F,CS,PD,D
11:29:04,INDF,RG,6475,13,F,CS,BK,F
11:29:01,INDF,RG,6475,15,F,CS,AK,F
11:29:01,INDF,RG,6475,2,F,CS,AK,F
11:28:46,INDF,RG,6475,3,F,CS,AK,F
11:28:12,INDF,RG,6475,14,F,CS,BK,F
11:28:01,INDF,RG,6475,10,F,CS,RX,F
11:27:59,INDF,RG,6475,13,F,CS,RX,F
11:27:53,INDF,RG,6475,50,F,CS,SQ,D
11:27:46,INDF,RG,6475,16,F,CS,AK,F
11:27:43,INDF,RG,6475,50,F,CS,SQ,D
11:27:39,INDF,RG,6475,100,F,CS,SQ,D
11:27:29,INDF,RG,6475,13,F,CS,BK,F
11:27:20,INDF,RG,6475,27,F,CS,RX,F
11:27:17,INDF,RG,6475,18,F,CS,RX,F
11:27:17,INDF,RG,6475,16,F,CS,SQ,D
11:27:17,INDF,RG,6475,5,D,CC,SQ,D
11:27:17,INDF,RG,6475,1,D,YP,SQ,D
11:27:17,INDF,RG,6475,5,D,IF,SQ,D
11:27:17,INDF,RG,6475,1,D,CC,SQ,D
11:27:17,INDF,RG,6475,15,D,YB,SQ,D
11:27:17,INDF,RG,6475,7,D,NI,SQ,D
11:27:16,INDF,RG,6475,3,D,NI,AK,F
11:27:16,INDF,RG,6475,1,D,YP,AK,F
11:27:16,INDF,RG,6475,3,F,CC,AK,F
11:27:15,INDF,RG,6475,50,F,CC,SQ,D
11:27:11,INDF,RG,6475,31,F,CC,SQ,D
11:27:11,INDF,RG,6475,10,D,PD,SQ,D
11:27:11,INDF,RG,6475,9,D,IF,SQ,D
11:27:09,INDF,RG,6475,1,D,IF,SQ,D
11:27:09,INDF,RG,6475,2,D,NI,SQ,D
11:27:09,INDF,RG,6475,2,D,YP,SQ,D
11:27:09,INDF,RG,6475,10,D,OD,SQ,D
11:27:09,INDF,RG,6475,1,D,YP,SQ,D
11:27:09,INDF,RG,6475,34,F,BK,SQ,D
11:27:06,INDF,RG,6475,18,F,BK,SQ,D
11:27:06,INDF,RG,6475,82,F,AK,SQ,D
11:27:04,INDF,RG,6475,50,F,AK,SQ,D
11:27:00,INDF,RG,6475,50,F,AK,SQ,D
11:26:58,INDF,RG,6475,28,F,AK,SQ,D
11:26:58,INDF,RG,6475,22,D,OD,SQ,D
11:26:56,INDF,RG,6475,11,D,OD,RX,F
11:26:54,INDF,RG,6475,2,D,OD,RX,F
11:26:47,INDF,RG,6475,1,D,OD,DR,D
11:26:47,INDF,RG,6475,13,D,OD,BK,F
11:25:57,INDF,RG,6475,14,D,OD,BK,F
11:25:39,INDF,RG,6475,13,D,OD,BK,F
11:25:25,INDF,RG,6475,50,D,OD,SQ,D
11:25:12,INDF,RG,6475,14,D,OD,BK,F
11:25:07,INDF,RG,6475,10,D,OD,HP,D
11:24:49,INDF,RG,6475,9,D,OD,CC,D
11:24:41,INDF,RG,6475,24,D,OD,RX,F
11:24:31,INDF,RG,6475,45,D,OD,YU,F
11:24:28,INDF,RG,6475,81,D,OD,ZP,F
11:24:26,INDF,RG,6475,48,D,OD,AK,F
11:24:25,INDF,RG,6475,14,D,OD,BK,F
11:24:17,INDF,RG,6475,11,D,OD,CC,D
11:24:00,INDF,RG,6475,1,D,OD,YU,F
11:23:57,INDF,RG,6475,4,D,OD,XC,D
11:23:43,INDF,RG,6475,13,D,OD,BK,F
11:23:04,INDF,RG,6475,13,D,OD,RX,F
11:22:57,INDF,RG,6475,5,D,OD,NI,D
11:22:53,INDF,RG,6475,1,D,OD,XC,D
11:22:46,INDF,RG,6475,1,D,OD,PD,D
11:22:35,INDF,RG,6475,4,D,OD,SQ,D
11:22:21,INDF,RG,6475,12,D,OD,RX,F
11:22:19,INDF,RG,6475,1,D,OD,RX,F
11:22:10,INDF,RG,6475,7,D,OD,PD,D
11:22:08,INDF,RG,6475,56,D,OD,SQ,D
11:22:08,INDF,RG,6475,10,D,IF,SQ,D
11:22:08,INDF,RG,6475,1,D,XL,SQ,D
11:22:08,INDF,RG,6475,33,F,BK,SQ,D
11:22:00,INDF,RG,6475,5,F,BK,YU,F
11:21:51,INDF,RG,6475,12,F,BK,RX,F
11:21:25,INDF,RG,6475,3,F,BK,RX,F
11:21:25,INDF,RG,6475,10,D,OD,RX,F
11:21:21,INDF,RG,6475,90,D,OD,SQ,D
11:21:17,INDF,RG,6475,50,D,OD,SQ,D
11:20:55,INDF,RG,6475,12,D,OD,RX,F
11:20:53,INDF,RG,6475,2,D,OD,BQ,D
11:20:53,INDF,RG,6475,1,D,OD,RX,F
11:20:38,INDF,RG,6475,13,D,OD,RX,F
11:20:25,INDF,RG,6475,100,D,OD,SQ,D
11:19:38,INDF,RG,6500,4,D,GR,AK,F
11:19:33,INDF,RG,6475,2,D,OD,XL,D
11:19:25,INDF,RG,6475,13,D,OD,RX,F
11:18:58,INDF,RG,6475,100,D,OD,SQ,D
11:18:42,INDF,RG,6475,3,D,OD,SQ,D
11:18:41,INDF,RG,6500,5,D,KK,AK,F
11:18:30,INDF,RG,6475,21,D,OD,RX,F
11:18:15,INDF,RG,6475,5,D,OD,CC,D
11:16:46,INDF,RG,6475,15,D,OD,RX,F
11:16:46,INDF,RG,6475,86,D,OD,AK,F
11:16:23,INDF,RG,6500,5,D,IF,AK,F
11:15:49,INDF,RG,6475,53,D,OD,YJ,D
11:14:52,INDF,RG,6475,16,D,OD,RX,F
11:14:48,INDF,RG,6475,5,D,OD,XC,D
11:14:47,INDF,RG,6475,100,D,OD,SQ,D
11:14:10,INDF,RG,6475,13,D,OD,RX,F
11:14:00,INDF,RG,6475,23,D,OD,YU,F
11:13:33,INDF,RG,6475,1,D,OD,PD,D
11:12:48,INDF,RG,6500,1,D,XC,AK,F
11:12:07,INDF,RG,6475,8,D,OD,XC,D
11:11:00,INDF,RG,6500,1,D,SQ,AK,F
11:09:55,INDF,RG,6500,15,D,YP,AK,F
11:09:37,INDF,RG,6500,1,D,XC,AK,F
11:09:28,INDF,RG,6475,12,D,OD,RX,F
11:09:24,INDF,RG,6500,23,D,XC,AK,F
11:09:21,INDF,RG,6475,100,D,OD,SQ,D
11:08:56,INDF,RG,6475,146,D,OD,RX,F
11:08:49,INDF,RG,6500,23,D,XC,AK,F
11:08:49,INDF,RG,6500,2,D,PD,AK,F
11:08:49,INDF,RG,6500,5,D,CC,AK,F
11:08:49,INDF,RG,6500,300,D,PD,AK,F
11:08:49,INDF,RG,6500,28,F,AK,AK,F
11:08:49,INDF,RG,6500,10,D,CC,AK,F
11:08:49,INDF,RG,6500,1,D,YB,AK,F
11:08:49,INDF,RG,6500,1,D,YP,AK,F
11:08:49,INDF,RG,6500,1,D,GR,AK,F
11:08:49,INDF,RG,6500,20,D,PD,AK,F
11:08:49,INDF,RG,6500,1,D,KK,AK,F
11:08:49,INDF,RG,6500,1,D,NI,AK,F
11:08:49,INDF,RG,6500,50,D,DR,AK,F
11:08:49,INDF,RG,6500,779,F,CS,AK,F
11:08:49,INDF,RG,6500,3,F,BK,AK,F
11:08:48,INDF,RG,6500,200,F,BK,RF,D
11:08:40,INDF,RG,6500,2,F,BK,YP,D
11:07:29,INDF,RG,6500,18,F,BK,ZP,F
11:07:26,INDF,RG,6500,5,F,BK,YP,D
11:07:22,INDF,RG,6525,5,D,YP,YJ,D
11:07:05,INDF,RG,6500,15,F,BK,RX,F
11:06:56,INDF,RG,6500,100,F,BK,SQ,D
11:06:51,INDF,RG,6500,50,F,BK,FS,D
11:06:44,INDF,RG,6500,2,F,BK,YP,D
11:06:40,INDF,RG,6500,10,F,BK,RX,F
11:06:40,INDF,RG,6500,17,D,BK,RX,F
11:06:32,INDF,RG,6500,4,D,BK,HP,D
11:06:31,INDF,RG,6500,169,D,BK,YP,D
11:06:31,INDF,RG,6500,89,D,BK,AK,F
11:06:08,INDF,RG,6500,12,D,BK,RX,F
11:05:58,INDF,RG,6525,25,F,BK,YJ,D
11:05:54,INDF,RG,6500,100,D,BK,CC,D
11:04:55,INDF,RG,6500,4,D,BK,YP,D
11:04:30,INDF,RG,6500,13,D,BK,RX,F
11:04:28,INDF,RG,6500,8,D,BK,RX,F
11:04:21,INDF,RG,6525,153,D,YP,YJ,D
11:03:49,INDF,RG,6525,1,D,XC,YJ,D
11:03:17,INDF,RG,6500,1,D,BK,XC,D
11:02:56,INDF,RG,6500,50,D,BK,SQ,D
11:02:39,INDF,RG,6500,1,D,BK,XC,D
11:02:09,INDF,RG,6500,1,D,BK,XC,D
11:02:00,INDF,RG,6500,1,D,BK,XL,D
11:01:56,INDF,RG,6500,22,D,BK,RX,F
11:01:41,INDF,RG,6500,20,D,BK,YP,D
11:01:10,INDF,RG,6500,1,D,BK,OD,D
11:01:08,INDF,RG,6500,100,D,BK,YP,D
11:00:56,INDF,RG,6500,100,D,BK,SQ,D
11:00:01,INDF,RG,6500,116,D,BK,RX,F
10:59:47,INDF,RG,6525,53,F,BK,YJ,D
10:59:45,INDF,RG,6500,1000,D,BK,AZ,D
10:59:17,INDF,RG,6525,1,D,YP,YJ,D
10:59:15,INDF,RG,6525,1,D,XC,YJ,D
10:58:27,INDF,RG,6525,1,D,YP,YJ,D
10:58:24,INDF,RG,6500,1,D,BK,XC,D
10:58:04,INDF,RG,6500,100,D,BK,SQ,D
10:57:22,INDF,RG,6525,1,D,YP,YJ,D
10:56:54,INDF,RG,6525,5,D,GR,YJ,D
10:56:28,INDF,RG,6525,5,D,KK,YJ,D
10:56:15,INDF,RG,6500,22,D,BK,RX,F
10:56:07,INDF,RG,6500,2,D,BK,XC,D
10:56:06,INDF,RG,6500,3,D,BK,XC,D
10:56:02,INDF,RG,6500,1,D,BK,XC,D
10:55:52,INDF,RG,6500,2,D,BK,XC,D
10:55:49,INDF,RG,6500,100,D,BK,SQ,D
10:55:44,INDF,RG,6500,100,D,BK,SQ,D
10:55:20,INDF,RG,6500,1,D,BK,RX,F
10:55:18,INDF,RG,6500,58,D,BK,RX,F
10:54:53,INDF,RG,6525,46,F,BK,YJ,D
10:54:49,INDF,RG,6500,20,D,BK,YP,D
10:54:47,INDF,RG,6525,29,F,BK,YJ,D
10:54:45,INDF,RG,6500,500,D,BK,EP,D
10:54:41,INDF,RG,6500,208,D,BK,RX,F
10:54:39,INDF,RG,6500,2,D,BK,RX,F
10:54:24,INDF,RG,6500,10,D,BK,HP,D
10:54:20,INDF,RG,6525,49,F,BK,YJ,D
10:54:19,INDF,RG,6500,50,D,BK,FS,D
10:54:16,INDF,RG,6525,32,F,BK,YJ,D
10:54:16,INDF,RG,6500,1000,D,BK,EP,D
10:54:15,INDF,RG,6500,512,D,BK,AK,F
10:54:14,INDF,RG,6500,512,D,BK,AK,F
10:54:13,INDF,RG,6500,512,D,BK,AK,F
10:54:12,INDF,RG,6500,512,D,BK,AK,F
10:54:11,INDF,RG,6500,171,D,BK,AK,F
10:54:10,INDF,RG,6500,512,D,BK,AK,F
10:54:02,INDF,RG,6500,50,D,BK,FS,D
10:53:52,INDF,RG,6500,1,D,BK,PD,D
10:53:43,INDF,RG,6500,493,D,BK,AK,F
10:53:43,INDF,RG,6500,6,D,BK,XL,D
10:53:43,INDF,RG,6500,20,D,BK,BK,F
10:53:43,INDF,RG,6500,662,D,BK,AK,F
10:53:43,INDF,RG,6500,22,D,BK,RX,F
10:53:43,INDF,RG,6500,56,D,BK,RX,F
10:53:43,INDF,RG,6500,15,D,BK,BK,F
10:53:43,INDF,RG,6500,32,D,BK,KZ,F
10:53:43,INDF,RG,6500,6,D,BK,KK,D
10:53:43,INDF,RG,6500,105,D,BK,RX,F
10:53:43,INDF,RG,6500,34,D,BK,BK,F
10:53:43,INDF,RG,6500,16,D,BK,AK,F
10:53:43,INDF,RG,6500,864,D,BK,AK,F
10:53:43,INDF,RG,6500,6,D,BK,XL,D
10:53:43,INDF,RG,6500,33,D,BK,BK,F
10:53:43,INDF,RG,6500,1,D,BK,KK,D
10:53:43,INDF,RG,6500,13,D,BK,RX,F
10:53:43,INDF,RG,6500,2,D,BK,YP,D
10:53:43,INDF,RG,6500,1,D,BK,NI,D
10:53:43,INDF,RG,6500,26,D,BK,DR,D
10:53:43,INDF,RG,6500,2,D,BK,KK,D
10:53:43,INDF,RG,6500,16,D,BK,AK,F
10:53:43,INDF,RG,6500,12,D,BK,AK,F
10:53:43,INDF,RG,6500,40,D,BK,CC,D
10:53:43,INDF,RG,6500,10,D,BK,DH,D
10:53:43,INDF,RG,6500,323,D,BK,RX,F
10:53:43,INDF,RG,6500,1,D,BK,OD,D
10:53:43,INDF,RG,6500,12,D,BK,XC,D
10:53:43,INDF,RG,6500,1,D,BK,PD,D
10:53:43,INDF,RG,6500,1,D,BK,AK,F
10:53:43,INDF,RG,6500,2,D,BK,XC,D
10:53:43,INDF,RG,6500,1,D,BK,XC,D
10:53:43,INDF,RG,6500,53,D,BK,BK,F
10:53:43,INDF,RG,6500,3,D,BK,XC,D
10:53:43,INDF,RG,6500,2,D,BK,XC,D
10:53:43,INDF,RG,6500,16,D,BK,BK,F
10:53:43,INDF,RG,6500,130,D,BK,SQ,D
10:53:43,INDF,RG,6500,5,D,BK,XC,D
10:53:43,INDF,RG,6500,21,D,BK,DH,D
10:53:43,INDF,RG,6500,2,D,BK,YP,D
10:53:43,INDF,RG,6500,25,D,BK,PD,D
10:53:43,INDF,RG,6500,3,D,BK,KZ,F
10:53:43,INDF,RG,6500,1,D,BK,PD,D
10:53:43,INDF,RG,6500,2,D,BK,LG,D
10:53:43,INDF,RG,6500,20,D,BK,PD,D
10:53:43,INDF,RG,6500,100,D,BK,GR,D
10:53:43,INDF,RG,6500,7,D,BK,KZ,F
10:53:43,INDF,RG,6500,200,D,BK,SQ,D
10:53:43,INDF,RG,6500,16,D,BK,KK,D
10:53:43,INDF,RG,6500,40,D,BK,YP,D
10:53:43,INDF,RG,6500,1,D,BK,PD,D
10:53:43,INDF,RG,6500,60,D,BK,SQ,D
10:53:43,INDF,RG,6500,10,D,BK,PD,D
10:53:43,INDF,RG,6500,1000,D,BK,YP,D
10:53:43,INDF,RG,6500,50,D,BK,PD,D
10:53:43,INDF,RG,6500,10,D,BK,PD,D
10:53:43,INDF,RG,6500,43,D,BK,HP,D
10:53:43,INDF,RG,6500,3,D,BK,CC,D
10:53:43,INDF,RG,6500,10,D,BK,LG,D
10:53:43,INDF,RG,6500,1,D,BK,OD,D
10:53:43,INDF,RG,6500,250,D,BK,YP,D
10:53:43,INDF,RG,6500,15,D,BK,GR,D
10:53:43,INDF,RG,6500,10,D,BK,CC,D
10:53:43,INDF,RG,6500,1,D,BK,KK,D
10:53:43,INDF,RG,6500,5,D,BK,PD,D
10:53:43,INDF,RG,6500,5,D,BK,YP,D
10:53:43,INDF,RG,6500,6,D,BK,PD,D
10:53:43,INDF,RG,6500,150,D,BK,PD,D
10:53:43,INDF,RG,6500,2,D,BK,XC,D
10:53:43,INDF,RG,6500,1,D,BK,PD,D
10:53:43,INDF,RG,6500,50,D,BK,IF,D
10:53:43,INDF,RG,6500,12,D,BK,PD,D
10:53:43,INDF,RG,6475,10,D,BK,SQ,D
10:53:43,INDF,RG,6475,16,D,BK,ZP,F
10:53:43,INDF,RG,6475,52,D,BK,BK,F
10:53:43,INDF,RG,6475,177,D,BK,YP,D
10:53:39,INDF,RG,6475,4,D,NI,AK,F
10:53:39,INDF,RG,6475,30,D,CC,AK,F
10:53:39,INDF,RG,6475,153,F,BK,AK,F
10:53:39,INDF,RG,6475,435,F,CS,AK,F
10:53:38,INDF,RG,6475,347,F,CS,AK,F
10:53:38,INDF,RG,6475,351,F,CS,AK,F
10:53:38,INDF,RG,6475,254,F,AK,AK,F
10:53:38,INDF,RG,6475,48,F,BK,AK,F
10:53:37,INDF,RG,6475,60,F,BK,SQ,D
10:53:33,INDF,RG,6475,50,F,BK,SQ,D
10:53:30,INDF,RG,6475,70,F,BK,SQ,D
10:52:49,INDF,RG,6475,41,F,BK,SQ,D
10:52:49,INDF,RG,6475,159,D,OD,SQ,D
10:52:39,INDF,RG,6475,1,D,OD,XL,D
10:52:00,INDF,RG,6475,173,D,OD,AK,F
10:49:15,INDF,RG,6500,1,F,AK,PD,D
10:48:48,INDF,RG,6500,9,F,BK,PD,D
10:48:48,INDF,RG,6500,4,F,BK,KK,D
10:48:46,INDF,RG,6500,25,F,BK,KK,D
10:48:44,INDF,RG,6475,100,D,OD,SQ,D
10:48:43,INDF,RG,6475,2,D,OD,ZP,F
10:48:43,INDF,RG,6475,65,D,OD,RX,F
10:48:42,INDF,RG,6475,15,F,BK,RX,F
10:48:39,INDF,RG,6475,5,D,IF,RX,F
10:48:38,INDF,RG,6475,22,F,BK,RX,F
10:48:38,INDF,RG,6475,7,F,BK,RX,F
10:48:34,INDF,RG,6475,11,F,BK,RX,F
10:48:34,INDF,RG,6475,2,F,BK,PD,D
10:48:34,INDF,RG,6475,1,F,BK,ZP,F
10:48:34,INDF,RG,6475,1,F,BK,AZ,D
10:48:34,INDF,RG,6475,6,F,BK,XC,D
10:48:34,INDF,RG,6475,2,F,BK,XC,D
10:48:34,INDF,RG,6475,5,F,BK,XC,D
10:48:34,INDF,RG,6475,1,F,BK,XC,D
10:48:34,INDF,RG,6475,4,F,BK,PD,D
10:48:33,INDF,RG,6475,25,D,FS,PD,D
10:48:33,INDF,RG,6475,75,D,FS,SQ,D
10:48:32,INDF,RG,6475,46,F,BK,SQ,D
10:48:32,INDF,RG,6475,9,F,AK,SQ,D
10:48:32,INDF,RG,6475,1,F,AK,PD,D
10:48:32,INDF,RG,6475,2,F,AK,LG,D
10:48:32,INDF,RG,6475,5,F,AK,KZ,F
10:48:32,INDF,RG,6475,5,F,AK,PD,D
10:48:32,INDF,RG,6475,70,F,AK,SQ,D
10:48:32,INDF,RG,6475,8,F,AK,KZ,F
10:48:32,INDF,RG,6475,15,F,AK,BK,F
10:48:32,INDF,RG,6475,200,F,AK,SQ,D
10:48:23,INDF,RG,6475,15,F,BK,YP,D
10:48:20,INDF,RG,6475,30,F,BK,YP,D
10:48:17,INDF,RG,6475,27,F,BK,YP,D
10:48:14,INDF,RG,6475,157,F,BK,YP,D
10:48:10,INDF,RG,6450,12,F,AK,AK,F
10:48:08,INDF,RG,6450,39,F,BK,AK,F
10:48:07,INDF,RG,6450,16,F,AK,RX,F
10:48:07,INDF,RG,6450,130,F,AK,SQ,D
10:48:07,INDF,RG,6450,22,F,AK,YU,F
10:48:07,INDF,RG,6450,200,F,AK,SQ,D
10:48:07,INDF,RG,6450,1,F,AK,YU,F
10:48:07,INDF,RG,6450,16,F,AK,AK,F
10:48:07,INDF,RG,6450,1,F,AK,XC,D
10:48:07,INDF,RG,6450,192,F,AK,RX,F
10:48:07,INDF,RG,6450,5,F,AK,AK,F
10:48:07,INDF,RG,6450,90,F,AK,SQ,D
10:48:07,INDF,RG,6450,1,F,AK,YU,F
10:48:07,INDF,RG,6450,23,F,AK,RX,F
10:48:07,INDF,RG,6450,14,F,AK,BK,F
10:48:07,INDF,RG,6450,58,F,AK,AK,F
10:48:07,INDF,RG,6450,24,F,AK,RX,F
10:48:07,INDF,RG,6450,52,F,AK,RX,F
10:48:07,INDF,RG,6450,33,F,AK,ZP,F
10:48:07,INDF,RG,6450,2,F,AK,NI,D
10:48:07,INDF,RG,6450,25,F,AK,YU,F
10:48:07,INDF,RG,6450,2,F,AK,YU,F
10:48:07,INDF,RG,6450,17,F,AK,RX,F
10:48:06,INDF,RG,6450,22,F,BK,RX,F
10:48:04,INDF,RG,6450,44,F,BK,RX,F
10:48:04,INDF,RG,6450,3,F,BK,YU,F
10:48:04,INDF,RG,6450,2,F,BK,YU,F
10:48:04,INDF,RG,6450,1,F,BK,PD,D
10:48:04,INDF,RG,6450,7,F,BK,PD,D
10:48:04,INDF,RG,6450,3,F,BK,YU,F
10:48:04,INDF,RG,6450,12,F,BK,RX,F
10:48:01,INDF,RG,6450,13,F,YU,RX,F
10:48:01,INDF,RG,6450,51,F,YU,SQ,D
10:47:58,INDF,RG,6450,349,D,NI,SQ,D
10:47:58,INDF,RG,6450,51,D,NI,RX,F
10:47:34,INDF,RG,6450,13,F,BK,RX,F
10:47:32,INDF,RG,6450,31,F,BK,RX,F
10:47:30,INDF,RG,6450,79,D,TP,RX,F
10:47:30,INDF,RG,6450,121,D,TP,SQ,D
10:47:06,INDF,RG,6450,1,D,EP,SQ,D
10:46:00,INDF,RG,6425,23,F,CS,YU,F
10:45:34,INDF,RG,6450,2,D,YP,SQ,D
10:44:30,INDF,RG,6425,4,F,CS,RX,F
10:44:28,INDF,RG,6425,8,F,CS,RX,F
10:44:04,INDF,RG,6425,1,F,CS,XC,D
10:44:02,INDF,RG,6450,2,D,PD,SQ,D
10:43:43,INDF,RG,6450,1,D,XL,SQ,D
10:43:01,INDF,RG,6425,32,F,CS,KZ,F
10:43:01,INDF,RG,6425,5,D,IF,KZ,F
10:43:01,INDF,RG,6425,1,D,LS,KZ,F
10:43:01,INDF,RG,6425,1,D,PD,KZ,F
10:43:01,INDF,RG,6425,6,D,YP,KZ,F
10:42:49,INDF,RG,6450,1,D,EP,SQ,D
10:42:45,INDF,RG,6450,1,D,DR,SQ,D
10:41:53,INDF,RG,6450,1,F,BK,SQ,D
10:41:53,INDF,RG,6450,25,F,BK,YU,F
10:41:51,INDF,RG,6450,10,D,YP,YU,F
10:41:47,INDF,RG,6450,17,F,BK,YU,F
10:41:45,INDF,RG,6450,116,F,YU,YU,F
10:41:29,INDF,RG,6450,1,D,XL,YU,F
10:41:16,INDF,RG,6450,10,D,IF,YU,F
10:41:01,INDF,RG,6450,1,D,PD,YU,F
10:41:00,INDF,RG,6425,14,D,YP,AK,F
10:41:00,INDF,RG,6425,25,F,BK,AK,F
10:40:32,INDF,RG,6450,2,D,CC,YU,F
10:40:24,INDF,RG,6450,16,F,BK,YU,F
10:40:21,INDF,RG,6450,100,D,FS,YU,F
10:40:18,INDF,RG,6450,18,F,BK,YU,F
10:40:17,INDF,RG,6450,4,D,PD,YU,F
10:40:16,INDF,RG,6450,15,F,BK,YU,F
10:40:15,INDF,RG,6450,20,D,YP,YU,F
10:40:14,INDF,RG,6450,52,F,BK,YU,F
10:40:12,INDF,RG,6450,184,F,AK,YU,F
10:40:12,INDF,RG,6450,92,F,AK,AK,F
10:40:12,INDF,RG,6450,1,F,AK,YP,D
10:40:12,INDF,RG,6450,1,F,AK,PD,D
10:40:12,INDF,RG,6450,58,F,AK,RX,F
10:40:12,INDF,RG,6450,2,F,AK,PD,D
10:40:12,INDF,RG,6450,17,F,AK,ZP,F
10:40:12,INDF,RG,6450,4,F,AK,BK,F
10:40:12,INDF,RG,6450,268,F,AK,YU,F
10:40:11,INDF,RG,6450,156,F,YU,YU,F
10:40:09,INDF,RG,6425,52,F,BK,AK,F
10:40:09,INDF,RG,6425,500,D,OD,AK,F
10:40:09,INDF,RG,6425,10,D,NI,AK,F
10:40:09,INDF,RG,6425,6,D,XC,AK,F
10:40:09,INDF,RG,6425,1,D,XC,AK,F
10:40:09,INDF,RG,6425,177,F,BK,AK,F
10:40:09,INDF,RG,6425,73,F,BK,AK,F
10:40:09,INDF,RG,6425,106,D,BK,AK,F
10:40:08,INDF,RG,6425,281,D,BK,GR,D
10:40:08,INDF,RG,6425,5,D,NI,GR,D
10:40:08,INDF,RG,6425,2,D,CC,GR,D
10:40:08,INDF,RG,6425,5,D,AT,GR,D
10:40:08,INDF,RG,6425,1,D,PD,GR,D
10:40:08,INDF,RG,6425,1,D,CC,GR,D
10:40:08,INDF,RG,6425,6,D,YB,GR,D
10:39:54,INDF,RG,6425,3,D,YB,NI,D
10:39:46,INDF,RG,6425,1,D,YB,AK,F
10:39:46,INDF,RG,6425,5,D,YP,AK,F
10:39:46,INDF,RG,6425,12,F,CS,AK,F
10:38:24,INDF,RG,6450,1,D,HP,YU,F
10:38:08,INDF,RG,6450,15,F,BK,YU,F
10:38:05,INDF,RG,6450,146,F,YU,YU,F
10:38:05,INDF,RG,6450,10,F,YU,KZ,F
10:37:55,INDF,RG,6450,2,D,XC,KZ,F
10:37:34,INDF,RG,6425,5,F,CS,PD,D
10:37:28,INDF,RG,6450,5,D,IF,KZ,F
10:36:57,INDF,RG,6425,1,F,CS,PD,D
10:36:31,INDF,RG,6450,19,F,YU,KZ,F
10:36:30,INDF,RG,6450,5,D,PD,KZ,F
10:36:16,INDF,RG,6450,2,F,BK,KZ,F
10:36:16,INDF,RG,6450,14,F,BK,RX,F
10:36:13,INDF,RG,6450,1,D,XC,RX,F
10:36:12,INDF,RG,6450,17,F,BK,RX,F
10:36:10,INDF,RG,6450,43,F,BK,RX,F
10:36:10,INDF,RG,6450,10,F,BK,RX,F
10:36:10,INDF,RG,6450,2,F,BK,SQ,D
10:36:10,INDF,RG,6450,16,F,BK,ZP,F
10:36:10,INDF,RG,6450,10,F,BK,RX,F
10:36:09,INDF,RG,6450,10,F,BK,RX,F
10:36:09,INDF,RG,6450,3,F,BK,PD,D
10:36:09,INDF,RG,6450,2,F,BK,RX,F
10:36:09,INDF,RG,6450,30,F,YU,RX,F
10:36:09,INDF,RG,6450,14,F,YU,BK,F
10:36:09,INDF,RG,6450,6,F,YU,DR,D
10:36:09,INDF,RG,6450,1,F,YU,CC,D
10:36:08,INDF,RG,6450,6,D,OD,CC,D
10:36:08,INDF,RG,6450,22,D,OD,RX,F
10:36:08,INDF,RG,6450,124,D,OD,ZP,F
10:36:08,INDF,RG,6450,90,D,OD,SQ,D
10:36:08,INDF,RG,6450,1,D,OD,NI,D
10:36:08,INDF,RG,6450,108,D,OD,RX,F
10:36:08,INDF,RG,6450,26,D,OD,BK,F
10:36:08,INDF,RG,6450,22,D,OD,YU,F
10:36:08,INDF,RG,6450,39,D,OD,RX,F
10:36:08,INDF,RG,6450,56,D,OD,RX,F
10:36:08,INDF,RG,6450,6,D,OD,BK,F
10:35:58,INDF,RG,6450,4,D,HP,BK,F
10:35:52,INDF,RG,6450,4,F,YU,BK,F
10:35:52,INDF,RG,6450,5,F,YU,BK,F
10:35:25,INDF,RG,6450,22,F,BK,BK,F
10:35:25,INDF,RG,6450,1,F,BK,YU,F
10:35:23,INDF,RG,6425,29,F,CS,RX,F
10:35:21,INDF,RG,6425,2,F,CS,RX,F
10:35:13,INDF,RG,6450,14,F,BK,YU,F
10:35:11,INDF,RG,6450,27,F,YU,YU,F
10:35:11,INDF,RG,6450,24,F,BK,YU,F
10:35:09,INDF,RG,6425,32,F,CS,RX,F
10:35:03,INDF,RG,6425,1,F,CS,YP,D
10:34:59,INDF,RG,6450,15,F,BK,YU,F
10:34:56,INDF,RG,6450,30,F,BK,YU,F
10:34:55,INDF,RG,6450,68,F,YU,YU,F
10:34:54,INDF,RG,6450,30,F,BK,YU,F
10:34:54,INDF,RG,6450,71,F,BK,YU,F
10:34:53,INDF,RG,6425,82,F,CS,RX,F
10:34:53,INDF,RG,6425,300,D,PF,RX,F
10:34:53,INDF,RG,6425,25,D,SQ,RX,F
10:34:53,INDF,RG,6425,2,D,CD,RX,F
10:34:53,INDF,RG,6425,1,D,OD,RX,F
10:34:53,INDF,RG,6425,1,D,YP,RX,F
10:34:53,INDF,RG,6425,104,D,BK,RX,F
10:34:50,INDF,RG,6450,24,F,BK,YU,F
10:34:46,INDF,RG,6450,13,F,BK,YU,F
10:34:42,INDF,RG,6450,37,F,BK,YU,F
10:34:42,INDF,RG,6450,25,F,BK,BK,F
10:34:42,INDF,RG,6450,3,F,BK,YU,F
10:34:40,INDF,RG,6450,26,F,BK,YU,F
10:34:39,INDF,RG,6450,32,F,YU,YU,F
10:34:37,INDF,RG,6450,70,F,YU,YU,F
10:34:37,INDF,RG,6450,124,F,BK,YU,F
10:34:37,INDF,RG,6450,122,F,BK,YU,F
10:34:35,INDF,RG,6450,268,F,YU,YU,F
10:34:34,INDF,RG,6450,328,F,BK,YU,F
10:34:34,INDF,RG,6450,29,F,BK,BK,F
10:34:34,INDF,RG,6450,70,F,BK,SQ,D
10:34:34,INDF,RG,6450,10,F,BK,BK,F
10:34:33,INDF,RG,6450,19,F,AK,BK,F
10:34:33,INDF,RG,6450,1018,F,AK,YU,F
10:34:33,INDF,RG,6450,15,F,AK,BK,F
10:34:33,INDF,RG,6450,25,F,AK,BK,F
10:34:33,INDF,RG,6450,43,F,AK,AK,F
10:34:33,INDF,RG,6450,90,F,AK,AK,F
10:34:33,INDF,RG,6450,118,F,AK,BK,F
10:34:33,INDF,RG,6450,1172,F,AK,ZP,D
10:34:33,INDF,RG,6450,10,D,IF,ZP,D
10:34:32,INDF,RG,6450,24,F,BK,ZP,D
10:34:29,INDF,RG,6450,102,F,BK,ZP,D
10:34:25,INDF,RG,6450,44,F,YU,ZP,D
10:34:24,INDF,RG,6425,225,D,BK,YU,F
10:34:24,INDF,RG,6425,155,F,CS,YU,F
10:34:24,INDF,RG,6425,3,D,XC,YU,F
10:34:24,INDF,RG,6425,25,D,DH,YU,F
10:34:24,INDF,RG,6425,10,F,BK,YU,F
10:34:24,INDF,RG,6450,122,F,BK,ZP,D
10:34:22,INDF,RG,6425,46,F,BK,AK,F
10:34:22,INDF,RG,6425,303,D,BK,AK,F
10:34:22,INDF,RG,6425,1,D,YP,AK,F
10:34:22,INDF,RG,6425,100,D,KK,AK,F
10:34:22,INDF,RG,6425,1,D,PD,AK,F
10:34:22,INDF,RG,6425,1,D,PD,AK,F
10:34:22,INDF,RG,6425,10,D,CC,AK,F
10:34:22,INDF,RG,6425,15,D,YP,AK,F
10:34:22,INDF,RG,6425,5,D,IF,AK,F
10:34:22,INDF,RG,6425,1,D,XL,AK,F
10:34:22,INDF,RG,6425,1,D,DH,AK,F
10:34:22,INDF,RG,6425,237,D,BK,AK,F
10:34:22,INDF,RG,6425,1,D,PD,AK,F
10:34:22,INDF,RG,6425,1,D,BK,AK,F
10:34:21,INDF,RG,6450,25,F,YU,ZP,D
10:34:20,INDF,RG,6425,9,D,BK,RX,F
10:34:18,INDF,RG,6425,13,D,BK,RX,F
10:34:15,INDF,RG,6450,2,D,PD,ZP,D
10:34:07,INDF,RG,6450,16,F,BK,ZP,D
10:34:05,INDF,RG,6450,15,D,SQ,ZP,D
10:33:58,INDF,RG,6450,73,D,PD,ZP,D
10:33:52,INDF,RG,6450,6,D,HP,ZP,D
10:32:52,INDF,RG,6450,20,F,BK,ZP,D
10:32:50,INDF,RG,6450,3,D,YP,ZP,D
10:32:47,INDF,RG,6450,73,F,YU,ZP,D
10:32:35,INDF,RG,6450,5,D,XL,ZP,D
10:32:28,INDF,RG,6425,7,D,BK,RX,F
10:32:26,INDF,RG,6425,8,D,BK,RX,F
10:32:19,INDF,RG,6450,23,F,BK,ZP,D
10:32:18,INDF,RG,6425,50,D,BK,CC,D
10:32:01,INDF,RG,6425,1,D,BK,YP,D
10:31:36,INDF,RG,6425,60,D,BK,RX,F
10:31:25,INDF,RG,6450,23,F,BK,ZP,D
10:31:23,INDF,RG,6425,44,D,BK,RX,F
10:31:21,INDF,RG,6450,19,F,BK,ZP,D
10:31:19,INDF,RG,6450,54,F,BK,ZP,D
10:31:14,INDF,RG,6425,23,D,BK,YU,F
10:31:14,INDF,RG,6425,2,D,KK,YU,F
10:31:14,INDF,RG,6425,25,D,SQ,YU,F
10:31:14,INDF,RG,6425,10,D,CC,YU,F
10:31:14,INDF,RG,6425,1,D,PD,YU,F
10:31:14,INDF,RG,6425,62,F,BK,YU,F
10:31:14,INDF,RG,6425,27,F,AK,YU,F
10:31:14,INDF,RG,6425,180,F,BK,YU,F
10:31:13,INDF,RG,6450,33,F,YU,ZP,D
10:30:43,INDF,RG,6450,4,D,PD,ZP,D
10:30:28,INDF,RG,6425,7,F,BK,RX,F
10:30:26,INDF,RG,6425,20,F,BK,RX,F
10:30:14,INDF,RG,6450,5,D,PD,ZP,D
10:30:01,INDF,RG,6450,22,F,BK,ZP,D
10:29:59,INDF,RG,6450,18,F,BK,ZP,D
10:29:58,INDF,RG,6450,129,D,BK,ZP,D
10:29:54,INDF,RG,6450,4,D,YP,ZP,D
10:29:40,INDF,RG,6450,14,F,BK,ZP,D
10:29:39,INDF,RG,6450,79,F,YU,ZP,D
10:28:14,INDF,RG,6425,9,F,BK,RX,F
10:28:12,INDF,RG,6425,17,F,BK,RX,F
10:28:05,INDF,RG,6450,22,F,BK,ZP,D
10:28:05,INDF,RG,6450,13,F,YU,ZP,D
10:28:03,INDF,RG,6450,106,D,BK,ZP,D
10:27:24,INDF,RG,6425,7,F,BK,PD,D
10:27:23,INDF,RG,6450,3,D,DH,ZP,D
10:27:05,INDF,RG,6450,25,F,BK,ZP,D
10:27:02,INDF,RG,6450,55,D,BK,ZP,D
10:26:59,INDF,RG,6450,15,F,BK,ZP,D
10:26:56,INDF,RG,6425,10,F,BK,PD,D
10:26:54,INDF,RG,6425,51,F,BK,RX,F
10:26:44,INDF,RG,6450,14,F,BK,ZP,D
10:26:42,INDF,RG,6450,43,F,BK,ZP,D
10:26:41,INDF,RG,6425,263,F,BK,YU,F
10:26:41,INDF,RG,6425,37,F,BK,YU,F
10:26:41,INDF,RG,6425,2,D,KK,YU,F
10:26:41,INDF,RG,6425,26,D,OD,YU,F
10:26:40,INDF,RG,6450,20,F,BK,ZP,D
10:26:40,INDF,RG,6450,26,F,BK,ZP,D
10:26:37,INDF,RG,6450,71,F,YU,ZP,D
10:25:36,INDF,RG,6450,1,D,EP,ZP,D
10:25:20,INDF,RG,6425,17,D,OD,RX,F
10:25:09,INDF,RG,6450,15,F,BK,ZP,D
10:25:03,INDF,RG,6450,24,F,BK,ZP,D
10:25:03,INDF,RG,6450,12,F,YU,ZP,D
10:25:02,INDF,RG,6450,108,D,BK,ZP,D
10:24:56,INDF,RG,6450,1,D,PD,ZP,D
10:24:54,INDF,RG,6425,1,D,OD,EP,D
10:24:11,INDF,RG,6450,10,F,YU,ZP,D
10:24:04,INDF,RG,6425,20,D,OD,RX,F
10:23:49,INDF,RG,6450,15,F,BK,ZP,D
10:23:47,INDF,RG,6450,16,F,BK,ZP,D
10:23:47,INDF,RG,6450,18,F,BK,ZP,D
10:23:45,INDF,RG,6450,28,F,YU,ZP,D
10:23:43,INDF,RG,6425,103,D,OD,SQ,D
10:23:42,INDF,RG,6450,28,F,BK,ZP,D
10:23:40,INDF,RG,6425,39,D,OD,RX,F
10:23:37,INDF,RG,6450,13,F,BK,ZP,D
10:23:36,INDF,RG,6450,51,F,BK,ZP,D
10:23:35,INDF,RG,6450,44,F,YU,ZP,D
10:23:32,INDF,RG,6425,294,D,OD,YU,F
10:23:32,INDF,RG,6425,1,D,CC,YU,F
10:23:32,INDF,RG,6425,5,D,IF,YU,F
10:23:32,INDF,RG,6425,1,D,PD,YU,F
10:23:32,INDF,RG,6425,1,D,PD,YU,F
10:23:32,INDF,RG,6425,5,D,NI,YU,F
10:23:32,INDF,RG,6425,3,D,HP,YU,F
10:23:32,INDF,RG,6425,1,D,PD,YU,F
10:23:32,INDF,RG,6425,3,F,BK,YU,F
10:23:32,INDF,RG,6425,31,D,BK,YU,F
10:23:31,INDF,RG,6450,102,F,YU,ZP,D
10:23:28,INDF,RG,6450,362,F,AK,ZP,D
10:23:28,INDF,RG,6450,21,F,AK,BK,F
10:23:28,INDF,RG,6450,31,F,AK,KZ,F
10:23:28,INDF,RG,6450,13,F,AK,BK,F
10:23:28,INDF,RG,6450,33,F,AK,BK,F
10:23:28,INDF,RG,6450,400,F,AK,SQ,D
10:23:28,INDF,RG,6450,31,F,AK,RX,F
10:23:28,INDF,RG,6450,244,F,AK,AK,F
10:23:28,INDF,RG,6450,20,F,AK,BK,F
10:23:28,INDF,RG,6450,10,F,AK,NI,D
10:23:28,INDF,RG,6450,1,F,AK,NI,D
10:23:28,INDF,RG,6450,119,F,AK,RX,F
10:23:28,INDF,RG,6450,23,F,AK,YU,F
10:23:28,INDF,RG,6450,86,F,AK,AK,F
10:23:28,INDF,RG,6450,16,F,AK,BK,F
10:23:27,INDF,RG,6450,7,F,YU,BK,F
10:23:27,INDF,RG,6450,7,F,YU,YU,F
10:23:25,INDF,RG,6450,2,D,YP,YU,F
10:23:06,INDF,RG,6425,15,D,BK,BK,F
10:23:02,INDF,RG,6425,3,D,BK,CC,D
10:22:54,INDF,RG,6450,2,D,XC,YU,F
10:22:40,INDF,RG,6425,1,D,BK,EP,D
10:22:35,INDF,RG,6450,1,D,PD,YU,F
10:22:12,INDF,RG,6425,41,D,BK,RX,F
10:22:04,INDF,RG,6425,3,D,BK,RX,F
10:22:02,INDF,RG,6425,16,D,BK,RX,F
10:22:00,INDF,RG,6425,9,D,BK,YU,F
10:22:00,INDF,RG,6425,17,F,BK,YU,F
10:21:53,INDF,RG,6450,16,F,YU,YU,F
10:21:40,INDF,RG,6450,57,D,BK,YU,F
10:21:23,INDF,RG,6425,20,F,BK,LG,D
10:21:02,INDF,RG,6425,19,F,BK,BK,F
10:20:42,INDF,RG,6450,2,D,PD,YU,F
10:20:20,INDF,RG,6425,1,F,BK,XC,D
10:20:19,INDF,RG,6450,43,F,YU,YU,F
10:20:17,INDF,RG,6425,31,F,BK,RX,F
10:20:11,INDF,RG,6425,4,F,BK,YP,D
10:19:50,INDF,RG,6425,174,F,BK,SQ,D
10:19:50,INDF,RG,6425,26,F,BK,SQ,D
10:19:42,INDF,RG,6450,102,D,BK,YU,F
10:19:31,INDF,RG,6425,2,F,BK,KK,D
10:18:57,INDF,RG,6425,16,F,BK,RX,F
10:18:53,INDF,RG,6425,19,F,BK,BK,F
10:18:45,INDF,RG,6450,20,F,YU,YU,F
10:18:34,INDF,RG,6450,60,D,BK,YU,F
10:18:05,INDF,RG,6450,1,D,YP,YU,F
10:17:47,INDF,RG,6450,5,D,YP,YU,F
10:17:24,INDF,RG,6450,12,D,BK,YU,F
10:17:24,INDF,RG,6450,48,D,BK,YU,F
10:17:13,INDF,RG,6425,7,F,BK,RX,F
10:17:13,INDF,RG,6425,4,F,BK,RX,F
10:17:11,INDF,RG,6450,12,F,YU,YU,F
10:17:11,INDF,RG,6425,8,F,BK,RX,F
10:17:11,INDF,RG,6450,20,D,EP,YU,F
10:17:04,INDF,RG,6425,16,F,BK,BK,F
10:16:28,INDF,RG,6450,47,D,BK,YU,F
10:16:28,INDF,RG,6425,13,F,BK,BK,F
10:15:53,INDF,RG,6450,11,D,XC,YU,F
10:15:37,INDF,RG,6450,21,F,YU,YU,F
10:15:32,INDF,RG,6425,13,F,BK,BK,F
10:15:30,INDF,RG,6425,24,F,BK,SQ,D
10:15:30,INDF,RG,6425,5,D,YP,SQ,D
10:15:30,INDF,RG,6425,21,D,YU,SQ,D
10:14:31,INDF,RG,6450,16,D,BK,YU,F
10:14:31,INDF,RG,6450,66,D,BK,YU,F
10:14:31,INDF,RG,6450,18,D,BK,YU,F
10:14:03,INDF,RG,6450,34,F,YU,YU,F
10:14:01,INDF,RG,6425,14,D,YU,BK,F
10:14:00,INDF,RG,6425,30,D,YU,YU,F
10:13:48,INDF,RG,6450,40,D,BK,YU,F
10:13:41,INDF,RG,6425,200,D,YU,SQ,D
10:13:07,INDF,RG,6450,5,D,YP,YU,F
10:12:29,INDF,RG,6450,20,F,YU,YU,F
10:12:11,INDF,RG,6425,1,D,YU,XC,D
10:12:01,INDF,RG,6425,17,D,YU,BK,F
10:12:00,INDF,RG,6450,89,D,BK,YU,F
10:11:22,INDF,RG,6425,15,D,YU,EP,D
10:11:01,INDF,RG,6450,51,D,BK,YU,F
10:10:55,INDF,RG,6425,2,D,YU,NI,D
10:10:55,INDF,RG,6450,3,F,YU,YU,F
10:10:40,INDF,RG,6425,1,D,YU,CC,D
10:10:17,INDF,RG,6425,15,D,YU,BK,F
10:09:21,INDF,RG,6450,14,F,YU,YU,F
10:09:07,INDF,RG,6425,50,D,YU,SQ,D
10:09:01,INDF,RG,6425,50,D,YU,SQ,D
10:08:39,INDF,RG,6425,14,D,YU,BK,F
10:07:47,INDF,RG,6450,8,F,YU,YU,F
10:06:51,INDF,RG,6425,41,D,YU,AI,D
10:06:35,INDF,RG,6425,5,D,YU,SQ,D
10:06:13,INDF,RG,6450,28,F,YU,YU,F
10:06:03,INDF,RG,6425,20,D,YU,PD,D
10:05:54,INDF,RG,6425,3,D,YU,ZP,F
10:05:53,INDF,RG,6425,200,D,YU,SQ,D
10:05:09,INDF,RG,6450,10,D,CC,YU,F
10:04:39,INDF,RG,6450,26,F,YU,YU,F
10:04:28,INDF,RG,6450,3,D,YP,YU,F
10:04:25,INDF,RG,6450,19,F,BK,YU,F
10:04:20,INDF,RG,6450,3,F,BK,YU,F
10:04:20,INDF,RG,6450,14,F,BK,RX,F
10:04:18,INDF,RG,6425,70,D,YU,SQ,D
10:04:15,INDF,RG,6425,31,D,YU,AK,F
10:04:15,INDF,RG,6425,1,D,PD,AK,F
10:04:15,INDF,RG,6425,5,D,AT,AK,F
10:04:15,INDF,RG,6425,47,D,BK,AK,F
10:04:02,INDF,RG,6450,14,F,BK,RX,F
10:04:00,INDF,RG,6425,23,D,BK,YU,F
10:03:05,INDF,RG,6450,3,F,YU,RX,F
10:02:59,INDF,RG,6450,2,D,CD,RX,F
10:01:31,INDF,RG,6450,23,F,YU,RX,F
10:01:17,INDF,RG,6450,1,D,XL,RX,F
10:01:01,INDF,RG,6450,3,D,YP,RX,F
10:00:50,INDF,RG,6450,27,F,BK,RX,F
10:00:49,INDF,RG,6450,35,F,YU,RX,F
10:00:47,INDF,RG,6450,70,F,YU,RX,F
10:00:47,INDF,RG,6425,74,D,BK,YU,F
10:00:47,INDF,RG,6425,10,D,SQ,YU,F
10:00:47,INDF,RG,6425,5,D,IF,YU,F
10:00:47,INDF,RG,6425,1,D,YP,YU,F
10:00:47,INDF,RG,6425,5,D,PD,YU,F
10:00:47,INDF,RG,6425,138,F,BK,YU,F
10:00:47,INDF,RG,6425,53,F,BK,YU,F
10:00:45,INDF,RG,6450,15,F,BK,RX,F
10:00:45,INDF,RG,6425,17,F,BK,AK,F
10:00:45,INDF,RG,6425,1,D,YP,AK,F
10:00:45,INDF,RG,6425,20,D,CC,AK,F
10:00:45,INDF,RG,6425,10,D,YP,AK,F
10:00:45,INDF,RG,6425,261,D,BK,AK,F
10:00:45,INDF,RG,6425,246,D,EP,AK,F
10:00:43,INDF,RG,6425,100,D,EP,SQ,D
10:00:40,INDF,RG,6450,15,F,BK,RX,F
10:00:36,INDF,RG,6450,32,F,BK,RX,F
10:00:33,INDF,RG,6450,4,F,YU,RX,F
10:00:33,INDF,RG,6450,28,F,YU,RX,F
10:00:32,INDF,RG,6425,257,D,EP,YU,F
10:00:06,INDF,RG,6450,25,D,DH,RX,F
9:59:39,INDF,RG,6450,4,F,YU,RX,F
9:58:22,INDF,RG,6425,12,D,EP,RX,F
9:58:05,INDF,RG,6450,10,F,YU,RX,F
9:57:58,INDF,RG,6425,100,D,EP,SQ,D
9:57:55,INDF,RG,6425,1,D,EP,CC,D
9:57:37,INDF,RG,6450,6,F,YU,RX,F
9:56:54,INDF,RG,6425,2,D,EP,SQ,D
9:56:47,INDF,RG,6450,2,D,PD,RX,F
9:56:45,INDF,RG,6425,23,D,EP,RX,F
9:56:42,INDF,RG,6450,1,D,NI,RX,F
9:56:39,INDF,RG,6450,23,F,YU,RX,F
9:56:39,INDF,RG,6425,200,D,EP,SQ,D
9:56:13,INDF,RG,6450,12,F,YU,RX,F
9:55:52,INDF,RG,6425,59,D,EP,RX,F
9:55:51,INDF,RG,6450,39,F,YU,RX,F
9:55:51,INDF,RG,6450,14,F,YU,FS,D
9:55:49,INDF,RG,6425,214,F,AK,YU,F
9:55:49,INDF,RG,6425,44,F,BK,YU,F
9:55:49,INDF,RG,6425,9,F,CS,YU,F
9:55:49,INDF,RG,6425,174,F,CS,SQ,D
9:55:49,INDF,RG,6425,26,F,BK,SQ,D
9:55:49,INDF,RG,6425,13,F,BK,RX,F
9:55:01,INDF,RG,6450,1,F,YU,FS,D
9:55:00,INDF,RG,6450,10,D,YB,FS,D
9:54:11,INDF,RG,6450,1,F,YU,FS,D
9:54:06,INDF,RG,6425,10,F,BK,EP,D
9:53:03,INDF,RG,6450,20,D,NI,FS,D
9:52:38,INDF,RG,6450,2,D,YP,FS,D
9:52:16,INDF,RG,6450,2,D,YP,FS,D
9:50:40,INDF,RG,6425,29,F,BK,RX,F
9:50:40,INDF,RG,6425,15,F,BK,RX,F
9:50:39,INDF,RG,6450,172,F,BK,RX,F
9:50:32,INDF,RG,6450,15,F,BK,YU,F
9:50:32,INDF,RG,6450,176,F,CS,YU,F
9:50:28,INDF,RG,6475,112,F,CS,YU,F
9:50:28,INDF,RG,6475,48,F,CS,SQ,D
9:50:27,INDF,RG,6450,160,F,AK,BK,F
9:50:27,INDF,RG,6450,274,F,AK,BK,F
9:50:27,INDF,RG,6450,1,F,AK,BK,F
9:50:27,INDF,RG,6450,7,D,PD,BK,F
9:50:27,INDF,RG,6450,32,F,BK,BK,F
9:50:27,INDF,RG,6450,29,F,BK,BK,F
9:50:27,INDF,RG,6450,240,F,BK,AK,F
9:50:27,INDF,RG,6450,15,D,BK,AK,F
9:50:26,INDF,RG,6450,46,D,BK,YU,F
9:50:26,INDF,RG,6450,79,F,CS,YU,F
9:50:26,INDF,RG,6450,139,F,BK,YU,F
9:50:25,INDF,RG,6450,78,F,BK,YU,F
9:50:25,INDF,RG,6450,182,D,BK,YU,F
9:50:25,INDF,RG,6450,284,D,BK,AK,F
9:50:25,INDF,RG,6450,321,F,BK,AK,F
9:50:24,INDF,RG,6450,15,F,BK,OD,D
9:50:24,INDF,RG,6450,399,F,AK,OD,D
9:50:24,INDF,RG,6450,176,F,CS,OD,D
9:50:24,INDF,RG,6450,40,F,AK,OD,D
9:50:24,INDF,RG,6450,470,D,OD,OD,D
9:50:15,INDF,RG,6450,28,D,OD,CC,D
9:50:07,INDF,RG,6475,4,D,DH,SQ,D
9:48:51,INDF,RG,6450,2,D,OD,PD,D
9:48:32,INDF,RG,6475,8,F,BK,SQ,D
9:48:32,INDF,RG,6475,14,F,BK,YU,F
9:48:28,INDF,RG,6475,23,F,BK,YU,F
9:48:28,INDF,RG,6475,1,F,BK,CC,D
9:48:23,INDF,RG,6475,99,F,BK,CC,D
9:48:23,INDF,RG,6475,12,F,BK,KZ,F
9:48:23,INDF,RG,6475,15,F,BK,BK,F
9:48:20,INDF,RG,6450,1,F,BK,AK,F
9:48:20,INDF,RG,6450,20,F,BK,BK,F
9:48:20,INDF,RG,6450,21,F,BK,YU,F
9:48:20,INDF,RG,6450,21,F,BK,BK,F
9:48:20,INDF,RG,6450,15,F,BK,BK,F
9:48:20,INDF,RG,6450,1,F,BK,NI,D
9:48:20,INDF,RG,6450,177,F,BK,YU,F
9:48:20,INDF,RG,6450,20,F,BK,BK,F
9:48:20,INDF,RG,6450,10,F,BK,NI,D
9:48:20,INDF,RG,6450,200,F,BK,SQ,D
9:48:20,INDF,RG,6450,7,F,BK,RX,F
9:48:20,INDF,RG,6450,10,F,BK,RX,F
9:48:19,INDF,RG,6450,23,F,AK,RX,F
9:48:19,INDF,RG,6450,3,F,AK,CC,F
9:48:19,INDF,RG,6450,210,F,AK,YU,F
9:48:19,INDF,RG,6450,20,F,AK,BK,F
9:48:19,INDF,RG,6450,109,F,AK,YU,F
9:48:19,INDF,RG,6450,12,F,AK,RX,F
9:48:19,INDF,RG,6450,7,F,AK,YP,D
9:48:19,INDF,RG,6450,50,F,AK,SQ,D
9:48:19,INDF,RG,6450,25,F,AK,RX,F
9:48:19,INDF,RG,6450,41,F,AK,YU,F
9:48:19,INDF,RG,6450,122,D,OD,YU,F
9:48:19,INDF,RG,6450,20,D,OD,AK,F
9:48:19,INDF,RG,6450,13,D,OD,BK,F
9:48:19,INDF,RG,6450,188,D,OD,RX,F
9:48:19,INDF,RG,6450,157,D,OD,YU,F
9:47:34,INDF,RG,6425,3,F,BK,YP,D
9:46:20,INDF,RG,6425,18,F,BK,XC,D
9:44:48,INDF,RG,6425,14,F,BK,YP,D
9:44:32,INDF,RG,6450,1,D,YP,YU,F
9:43:51,INDF,RG,6425,20,F,AK,RX,F
9:43:29,INDF,RG,6425,202,F,AK,YU,F
9:43:28,INDF,RG,6425,64,F,AK,RX,F
9:43:28,INDF,RG,6425,177,F,CC,RX,F
9:43:28,INDF,RG,6425,36,F,CS,RX,F
9:43:18,INDF,RG,6425,15,F,BK,YU,F
9:43:18,INDF,RG,6425,169,F,CS,YU,F
9:43:17,INDF,RG,6425,50,F,CS,YU,F
9:43:17,INDF,RG,6425,185,F,AK,YU,F
9:43:16,INDF,RG,6425,120,F,AK,AK,F
9:43:16,INDF,RG,6425,183,F,AK,AK,F
9:43:16,INDF,RG,6425,10,D,CC,AK,F
9:43:16,INDF,RG,6425,10,D,YP,AK,F
9:43:16,INDF,RG,6425,90,D,ZP,AK,F
9:43:16,INDF,RG,6425,41,D,AR,AK,F
9:43:15,INDF,RG,6425,109,D,AR,YU,F
9:43:15,INDF,RG,6425,1,D,YP,YU,F
9:43:15,INDF,RG,6425,58,F,BK,YU,F
9:43:15,INDF,RG,6425,133,D,BK,YU,F
9:43:15,INDF,RG,6425,70,F,AK,YU,F
9:43:14,INDF,RG,6425,290,F,AK,KI,D
9:43:14,INDF,RG,6425,128,D,BK,KI,D
9:43:14,INDF,RG,6425,200,D,RF,KI,D
9:43:14,INDF,RG,6425,22,F,BK,KI,D
9:43:14,INDF,RG,6425,125,D,BK,KI,D
9:43:14,INDF,RG,6425,5,D,IF,KI,D
9:43:14,INDF,RG,6425,5,D,CC,KI,D
9:43:14,INDF,RG,6425,145,D,BK,KI,D
9:43:14,INDF,RG,6425,51,F,CS,KI,D
9:43:14,INDF,RG,6425,61,F,AK,KI,D
9:43:14,INDF,RG,6425,25,D,GR,KI,D
9:43:14,INDF,RG,6425,112,F,BK,KI,D
9:43:14,INDF,RG,6425,145,F,BK,KI,D
9:43:14,INDF,RG,6425,183,F,CS,KI,D
9:42:46,INDF,RG,6450,1,D,YP,YU,F
9:42:25,INDF,RG,6450,25,F,BK,YU,F
9:42:25,INDF,RG,6450,13,F,BK,YU,F
9:42:22,INDF,RG,6450,50,F,BK,YU,F
9:42:22,INDF,RG,6450,21,F,BK,YU,F
9:42:21,INDF,RG,6450,13,F,BK,YU,F
9:42:19,INDF,RG,6450,188,D,YP,YU,F
9:42:19,INDF,RG,6450,14,D,YP,BK,F
9:42:19,INDF,RG,6450,5,D,YP,SQ,D
9:42:19,INDF,RG,6450,12,D,YP,KZ,F
9:42:19,INDF,RG,6450,50,D,YP,SQ,D
9:42:19,INDF,RG,6450,200,D,YP,SQ,D
9:42:19,INDF,RG,6450,1,D,YP,CC,F
9:42:19,INDF,RG,6450,30,D,YP,DR,D
9:41:35,INDF,RG,6425,5,F,CS,XC,D
9:40:33,INDF,RG,6450,2,D,KK,DR,D
9:40:15,INDF,RG,6450,1,D,CC,DR,D
9:39:53,INDF,RG,6450,23,F,BK,DR,D
9:39:51,INDF,RG,6400,2,D,YP,XC,D
9:39:51,INDF,RG,6450,15,F,BK,DR,D
9:39:47,INDF,RG,6450,39,F,BK,DR,D
9:39:47,INDF,RG,6450,5,F,BK,XC,D
9:39:45,INDF,RG,6450,1,F,BK,XC,D
9:39:45,INDF,RG,6450,2,F,BK,AK,F
9:39:45,INDF,RG,6450,20,F,BK,YU,F
9:39:43,INDF,RG,6450,12,F,BK,YU,F
9:39:43,INDF,RG,6450,17,F,BK,YU,F
9:39:43,INDF,RG,6450,41,F,BK,YU,F
9:39:41,INDF,RG,6450,8,F,BK,YU,F
9:39:41,INDF,RG,6450,32,F,BK,YU,F
9:39:41,INDF,RG,6450,9,F,BK,YU,F
9:39:41,INDF,RG,6450,4,F,BK,EP,D
9:39:41,INDF,RG,6450,21,F,BK,BK,F
9:39:40,INDF,RG,6400,347,D,YP,AK,F
9:39:39,INDF,RG,6425,27,F,AK,BK,F
9:39:39,INDF,RG,6425,107,F,AK,RX,F
9:39:39,INDF,RG,6425,192,F,AK,RX,F
9:39:39,INDF,RG,6425,48,F,AK,KZ,F
9:39:39,INDF,RG,6425,28,F,AK,SQ,D
9:39:38,INDF,RG,6425,22,F,AK,SQ,D
9:39:38,INDF,RG,6425,17,F,AK,BK,F
9:39:38,INDF,RG,6425,142,F,AK,BK,F
9:39:38,INDF,RG,6425,16,F,AK,YU,F
9:39:38,INDF,RG,6425,21,F,AK,YU,F
9:39:38,INDF,RG,6425,21,F,AK,YU,F
9:39:38,INDF,RG,6425,66,F,AK,YU,F
9:39:38,INDF,RG,6425,79,F,AK,YU,F
9:39:38,INDF,RG,6425,116,F,AK,YU,F
9:39:37,INDF,RG,6425,1,D,CP,YU,F
9:39:34,INDF,RG,6425,3,D,PD,YU,F
9:39:21,INDF,RG,6400,43,D,YP,RX,F
9:39:15,INDF,RG,6425,80,D,CP,YU,F
9:39:15,INDF,RG,6425,14,D,CP,SQ,D
9:39:03,INDF,RG,6400,14,D,YP,YU,F
9:39:03,INDF,RG,6400,1,D,LS,YU,F
9:39:03,INDF,RG,6400,15,D,CC,YU,F
9:39:03,INDF,RG,6400,6,D,DR,YU,F
9:39:03,INDF,RG,6400,1,D,KK,YU,F
9:39:03,INDF,RG,6400,40,D,YP,YU,F
9:39:03,INDF,RG,6400,50,D,YP,YU,F
9:39:03,INDF,RG,6400,2,D,PD,YU,F
9:39:03,INDF,RG,6400,1,D,PD,YU,F
9:39:03,INDF,RG,6400,1,D,CC,YU,F
9:39:03,INDF,RG,6400,3,D,AT,YU,F
9:39:03,INDF,RG,6400,1,D,KK,YU,F
9:39:03,INDF,RG,6400,1,D,LS,YU,F
9:39:02,INDF,RG,6425,5,D,YP,SQ,D
9:39:02,INDF,RG,6425,5,D,EP,SQ,D
9:39:02,INDF,RG,6425,5,D,PD,SQ,D
9:39:02,INDF,RG,6425,15,D,DR,SQ,D
9:39:02,INDF,RG,6425,1,D,YP,SQ,D
9:39:02,INDF,RG,6425,58,F,CS,SQ,D
9:39:02,INDF,RG,6425,50,F,BK,SQ,D
9:39:02,INDF,RG,6425,47,F,CC,SQ,D
9:38:54,INDF,RG,6450,2,D,YP,RX,F
9:38:50,INDF,RG,6425,4,F,CC,ZP,D
9:38:49,INDF,RG,6425,35,F,CC,SQ,D
9:38:48,INDF,RG,6425,30,F,CC,RX,F
9:38:46,INDF,RG,6425,21,F,CC,BK,F
9:38:45,INDF,RG,6425,142,F,CC,YU,F
9:38:44,INDF,RG,6425,100,F,CC,SQ,D
9:38:31,INDF,RG,6425,35,F,CC,SQ,D
9:38:21,INDF,RG,6425,54,F,CC,RX,F
9:38:21,INDF,RG,6425,37,D,FS,RX,F
9:38:19,INDF,RG,6425,8,D,FS,RX,F
9:38:10,INDF,RG,6425,5,D,FS,YU,F
9:38:10,INDF,RG,6425,158,F,CS,YU,F
9:38:10,INDF,RG,6425,7,F,CS,YB,D
9:38:08,INDF,RG,6450,1,D,NI,RX,F
9:38:07,INDF,RG,6400,16,D,YP,PD,D
9:38:03,INDF,RG,6450,5,D,YP,RX,F
9:37:53,INDF,RG,6450,1,D,XC,RX,F
9:37:34,INDF,RG,6400,9,D,YP,XC,D
9:37:30,INDF,RG,6450,1,D,PD,RX,F
9:37:30,INDF,RG,6400,25,D,YP,AK,F
9:37:30,INDF,RG,6400,5,D,YP,AK,F
9:37:30,INDF,RG,6400,100,D,CC,AK,F
9:37:30,INDF,RG,6400,10,D,CC,AK,F
9:37:30,INDF,RG,6400,1,D,XC,AK,F
9:37:30,INDF,RG,6400,1,D,PD,AK,F
9:37:30,INDF,RG,6400,2,F,CS,AK,F
9:37:30,INDF,RG,6400,14,D,IF,AK,F
9:37:30,INDF,RG,6400,2,D,XL,AK,F
9:37:30,INDF,RG,6400,28,D,YP,AK,F
9:37:30,INDF,RG,6400,3,D,YP,AK,F
9:37:30,INDF,RG,6400,41,D,YP,AK,F
9:37:30,INDF,RG,6400,59,D,YP,YU,F
9:37:30,INDF,RG,6400,1,D,SQ,YU,F
9:37:30,INDF,RG,6400,1,D,XC,YU,F
9:37:30,INDF,RG,6400,5,D,PD,YU,F
9:37:30,INDF,RG,6400,1,D,PD,YU,F
9:37:30,INDF,RG,6400,1,D,PD,YU,F
9:37:30,INDF,RG,6400,8,D,DR,YU,F
9:37:30,INDF,RG,6400,1,D,XL,YU,F
9:37:30,INDF,RG,6400,5,D,PD,YU,F
9:37:30,INDF,RG,6400,1,D,PD,YU,F
9:37:30,INDF,RG,6400,2,D,DR,YU,F
9:37:30,INDF,RG,6400,1,D,KK,YU,F
9:37:30,INDF,RG,6400,100,D,DR,YU,F
9:37:29,INDF,RG,6425,1,D,XC,YU,F
9:37:29,INDF,RG,6425,1,D,PD,YU,F
9:37:29,INDF,RG,6425,5,D,YP,YU,F
9:37:29,INDF,RG,6425,1,D,KK,YU,F
9:37:29,INDF,RG,6425,1,D,KK,YU,F
9:37:29,INDF,RG,6425,27,D,CC,YU,F
9:37:28,INDF,RG,6425,18,D,CC,YU,F
9:37:28,INDF,RG,6425,10,D,DH,YU,F
9:37:28,INDF,RG,6425,5,D,PD,YU,F
9:37:28,INDF,RG,6425,10,D,HP,YU,F
9:37:28,INDF,RG,6425,2,D,CC,YU,F
9:37:28,INDF,RG,6425,5,D,DH,YU,F
9:37:28,INDF,RG,6425,10,D,IF,YU,F
9:37:28,INDF,RG,6425,50,D,PD,YU,F
9:37:28,INDF,RG,6425,100,D,YP,YU,F
9:37:28,INDF,RG,6425,5,D,YP,YU,F
9:37:28,INDF,RG,6425,50,D,YP,YU,F
9:37:28,INDF,RG,6425,11,F,BK,YU,F
9:37:28,INDF,RG,6425,16,F,CS,YU,F
9:37:27,INDF,RG,6425,55,F,CS,RX,F
9:37:27,INDF,RG,6425,34,F,BK,RX,F
9:37:27,INDF,RG,6425,286,F,BK,RX,F
9:37:27,INDF,RG,6450,16,F,BK,RX,F
9:37:27,INDF,RG,6450,17,F,BK,YU,F
9:37:27,INDF,RG,6450,17,F,BK,YU,F
9:37:26,INDF,RG,6450,17,F,CC,YU,F
9:37:26,INDF,RG,6450,32,F,CC,AK,F
9:37:26,INDF,RG,6450,155,F,CS,AK,F
9:37:26,INDF,RG,6450,1,D,XC,AK,F
9:37:26,INDF,RG,6450,1,D,PD,AK,F
9:37:26,INDF,RG,6450,156,D,DH,AK,F
9:37:26,INDF,RG,6450,11,D,XC,AK,F
9:37:26,INDF,RG,6450,21,F,BK,AK,F
9:37:25,INDF,RG,6450,187,D,BK,YU,F
9:37:25,INDF,RG,6450,113,D,BK,AK,F
9:37:25,INDF,RG,6450,10,D,CC,AK,F
9:37:25,INDF,RG,6450,5,D,IF,AK,F
9:37:25,INDF,RG,6450,5,D,YP,AK,F
9:37:25,INDF,RG,6450,4,D,PD,AK,F
9:37:25,INDF,RG,6450,1,D,KK,AK,F
9:37:25,INDF,RG,6450,50,D,YP,AK,F
9:37:25,INDF,RG,6450,25,D,YP,AK,F
9:37:25,INDF,RG,6450,5,D,IF,AK,F
9:37:25,INDF,RG,6450,1,D,EP,AK,F
9:37:25,INDF,RG,6450,13,D,KK,AK,F
9:37:25,INDF,RG,6450,5,D,PD,AK,F
9:37:25,INDF,RG,6450,16,D,PD,AK,F
9:37:25,INDF,RG,6450,2,D,GR,AK,F
9:37:25,INDF,RG,6450,5,D,YP,AK,F
9:37:25,INDF,RG,6450,2,D,YP,AK,F
9:37:25,INDF,RG,6450,17,D,PD,AK,F
9:37:25,INDF,RG,6450,3,D,CC,AK,F
9:37:25,INDF,RG,6450,2,D,CC,AK,F
9:37:25,INDF,RG,6450,4,D,PD,AK,F
9:37:25,INDF,RG,6450,50,D,YP,AK,F
9:37:25,INDF,RG,6450,42,D,BK,AK,F
9:37:24,INDF,RG,6450,172,D,BK,YU,F
9:37:24,INDF,RG,6450,24,F,BK,YU,F
9:37:24,INDF,RG,6450,4,F,CS,YU,F
9:37:24,INDF,RG,6450,95,F,CS,YU,F
9:37:24,INDF,RG,6475,277,F,AK,KI,D
9:37:24,INDF,RG,6475,1,D,YP,KI,D
9:37:24,INDF,RG,6475,20,D,NI,KI,D
9:37:24,INDF,RG,6475,1,D,XC,KI,D
9:37:24,INDF,RG,6475,83,F,CS,KI,D
9:37:24,INDF,RG,6475,2,D,YP,KI,D
9:37:24,INDF,RG,6475,1,D,XC,KI,D
9:37:24,INDF,RG,6475,1,D,XC,KI,D
9:37:24,INDF,RG,6475,21,F,BK,KI,D
9:37:24,INDF,RG,6475,300,D,BK,KI,D
9:37:24,INDF,RG,6475,20,D,YP,KI,D
9:37:24,INDF,RG,6475,23,D,PD,KI,D
9:37:24,INDF,RG,6475,16,D,YP,KI,D
9:37:24,INDF,RG,6475,137,D,BK,KI,D
9:37:24,INDF,RG,6475,1,D,KK,KI,D
9:37:24,INDF,RG,6475,3,F,BK,KI,D
9:37:24,INDF,RG,6475,110,F,CS,KI,D
9:37:24,INDF,RG,6475,5,D,PD,KI,D
9:37:24,INDF,RG,6475,24,F,BK,KI,D
9:37:24,INDF,RG,6475,81,D,PD,KI,D
9:37:24,INDF,RG,6475,20,D,YP,KI,D
9:37:24,INDF,RG,6475,2,D,XC,KI,D
9:37:24,INDF,RG,6475,2,D,PD,KI,D
9:37:24,INDF,RG,6475,161,D,BK,KI,D
9:37:24,INDF,RG,6475,1,D,PD,KI,D
9:37:24,INDF,RG,6475,110,F,CS,KI,D
9:37:24,INDF,RG,6475,26,F,BK,KI,D
9:37:24,INDF,RG,6475,50,D,YP,KI,D
9:37:24,INDF,RG,6475,204,F,AK,KI,D
9:37:20,INDF,RG,6500,14,D,BK,KK,D
9:37:19,INDF,RG,6500,1,D,YP,KK,D
9:37:10,INDF,RG,6475,15,F,AK,BK,F
9:37:07,INDF,RG,6500,1,D,YP,KK,D
9:37:05,INDF,RG,6500,18,D,BK,KK,D
9:37:04,INDF,RG,6475,1,F,AK,XC,D
9:36:56,INDF,RG,6500,10,D,CC,KK,D
9:36:53,INDF,RG,6500,19,D,BK,KK,D
9:36:46,INDF,RG,6500,16,D,BK,KK,D
9:36:37,INDF,RG,6500,15,D,BK,KK,D
9:36:30,INDF,RG,6475,50,F,AK,CC,F
9:36:27,INDF,RG,6475,17,F,AK,CC,F
9:36:27,INDF,RG,6475,3,F,CS,CC,F
9:36:27,INDF,RG,6500,3,D,PD,KK,D
9:36:24,INDF,RG,6500,15,D,BK,KK,D
9:36:13,INDF,RG,6500,18,D,BK,KK,D
9:36:04,INDF,RG,6475,1,F,CS,DH,D
9:36:04,INDF,RG,6475,2,F,CS,PD,D
9:35:59,INDF,RG,6500,21,D,BK,KK,D
9:35:52,INDF,RG,6475,104,F,CS,AK,F
9:35:52,INDF,RG,6475,27,F,CS,AK,F
9:35:52,INDF,RG,6475,26,F,BK,AK,F
9:35:51,INDF,RG,6500,13,D,BK,KK,D
9:35:43,INDF,RG,6500,7,D,BK,KK,D
9:35:43,INDF,RG,6500,9,D,BK,BK,F
9:35:30,INDF,RG,6500,7,D,BK,BK,F
9:35:30,INDF,RG,6500,8,D,BK,YU,F
9:35:28,INDF,RG,6475,15,F,BK,BK,F
9:35:22,INDF,RG,6500,14,D,BK,YU,F
9:35:14,INDF,RG,6500,13,D,BK,YU,F
9:35:01,INDF,RG,6475,3,F,BK,XC,D
9:33:40,INDF,RG,6475,13,F,BK,BK,F
9:33:40,INDF,RG,6475,8,D,BK,BK,F
9:33:00,INDF,RG,6475,23,D,BK,YU,F
9:32:40,INDF,RG,6475,1,D,BK,PD,D
9:32:40,INDF,RG,6475,13,D,BK,BK,F
9:32:23,INDF,RG,6475,1,D,BK,YP,D
9:32:22,INDF,RG,6500,31,D,EP,YU,F
9:32:22,INDF,RG,6500,4,D,EP,RX,F
9:31:27,INDF,RG,6475,17,D,BK,BK,F
9:30:36,INDF,RG,6500,1,D,NI,RX,F
9:30:26,INDF,RG,6500,1,D,XL,RX,F
9:30:21,INDF,RG,6475,8,D,BK,CC,D
9:30:00,INDF,RG,6500,3,D,PD,RX,F
9:29:58,INDF,RG,6475,20,D,BK,BK,F
9:29:44,INDF,RG,6475,1,D,BK,YP,D
9:29:16,INDF,RG,6475,50,D,BK,CC,D
9:28:39,INDF,RG,6475,18,D,BK,BK,F
9:27:49,INDF,RG,6475,1,D,BK,XC,D
9:27:00,INDF,RG,6475,25,D,BK,YU,F
9:26:54,INDF,RG,6475,28,D,BK,CC,D
9:26:54,INDF,RG,6475,2,F,CS,CC,D
9:25:44,INDF,RG,6475,5,F,CS,CC,D
9:25:00,INDF,RG,6475,22,F,CS,YU,F
9:24:23,INDF,RG,6500,1,D,PD,RX,F
9:22:56,INDF,RG,6500,3,D,YP,RX,F
9:22:05,INDF,RG,6500,1,D,CC,RX,F
9:21:47,INDF,RG,6500,14,F,BK,RX,F
9:21:41,INDF,RG,6500,3,D,BK,RX,F
9:21:41,INDF,RG,6500,4,D,BK,CC,D
9:21:41,INDF,RG,6500,17,D,BK,BK,F
9:21:41,INDF,RG,6500,4,D,BK,NI,D
9:21:41,INDF,RG,6500,4,D,BK,YU,F
9:21:41,INDF,RG,6500,47,D,BK,SQ,D
9:21:37,INDF,RG,6500,10,D,YP,SQ,D
9:20:27,INDF,RG,6475,7,F,CS,XL,D
9:20:12,INDF,RG,6475,10,F,CS,KK,D
9:19:41,INDF,RG,6475,1,F,CS,XL,D
9:19:05,INDF,RG,6500,1,D,PD,SQ,D
9:19:02,INDF,RG,6500,15,D,YP,SQ,D
9:18:47,INDF,RG,6500,2,D,KK,SQ,D
9:18:47,INDF,RG,6500,2,D,PD,SQ,D
9:18:43,INDF,RG,6500,23,D,YP,SQ,D
9:18:43,INDF,RG,6500,11,D,YP,YU,F
9:18:43,INDF,RG,6500,13,D,YP,BK,F
9:18:43,INDF,RG,6500,3,D,YP,PD,D
9:18:39,INDF,RG,6500,7,D,BK,PD,D
9:18:39,INDF,RG,6500,13,D,BK,BK,F
9:18:39,INDF,RG,6500,10,D,BK,XC,D
9:18:39,INDF,RG,6500,1,D,BK,KK,D
9:18:39,INDF,RG,6500,5,D,BK,NI,D
9:18:39,INDF,RG,6500,10,D,BK,YU,F
9:18:39,INDF,RG,6500,1,D,BK,PD,D
9:18:39,INDF,RG,6500,1,D,BK,OD,D
9:18:39,INDF,RG,6500,1,D,BK,OD,D
9:18:39,INDF,RG,6500,18,D,BK,RX,F
9:18:10,INDF,RG,6500,37,D,BK,RX,F
9:18:02,INDF,RG,6500,2,D,PD,RX,F
9:17:48,INDF,RG,6475,32,F,CS,PD,D
9:17:40,INDF,RG,6500,2,D,PD,RX,F
9:17:23,INDF,RG,6500,15,F,BK,RX,F
9:17:20,INDF,RG,6500,6,D,BK,RX,F
9:17:20,INDF,RG,6500,37,D,BK,YU,F
9:17:20,INDF,RG,6500,21,D,BK,YU,F
9:17:05,INDF,RG,6475,1,F,CS,XC,D
9:17:00,INDF,RG,6500,30,D,BK,YU,F
9:16:58,INDF,RG,6500,7,D,YP,YU,F
9:16:38,INDF,RG,6500,10,D,PD,YU,F
9:16:29,INDF,RG,6500,39,D,BK,YU,F
9:16:29,INDF,RG,6500,4,D,BK,AK,F
9:16:01,INDF,RG,6500,1,D,XC,AK,F
9:15:52,INDF,RG,6475,14,F,CS,RX,F
9:15:44,INDF,RG,6500,59,F,CS,AK,F
9:15:44,INDF,RG,6500,7,D,BK,AK,F
9:15:44,INDF,RG,6500,10,D,BK,DH,D
9:15:44,INDF,RG,6500,40,D,BK,CC,D
9:15:44,INDF,RG,6500,1,D,BK,PD,D
9:15:27,INDF,RG,6500,2,F,BK,PD,D
9:15:27,INDF,RG,6500,10,F,BK,YP,D
9:15:27,INDF,RG,6500,2,F,BK,PD,D
9:15:24,INDF,RG,6500,1,D,KK,PD,D
9:15:21,INDF,RG,6475,17,F,CS,RX,F
9:15:14,INDF,RG,6500,2,D,BK,PD,D
9:15:14,INDF,RG,6500,1,D,BK,PD,D
9:15:14,INDF,RG,6500,5,D,BK,YP,D
9:15:14,INDF,RG,6500,6,D,BK,IP,D
9:15:14,INDF,RG,6500,4,D,BK,OD,D
9:15:14,INDF,RG,6500,3,D,BK,PD,D
9:15:14,INDF,RG,6500,1,D,BK,YP,D
9:15:14,INDF,RG,6500,10,D,BK,PD,D
9:15:14,INDF,RG,6500,2,D,BK,PD,D
9:15:00,INDF,RG,6500,1,D,YP,SQ,D
9:15:00,INDF,RG,6500,3,D,YP,YP,D
9:15:00,INDF,RG,6500,1,D,YP,PD,D
9:15:00,INDF,RG,6500,45,D,YP,SQ,D
9:14:50,INDF,RG,6500,40,D,BK,SQ,D
9:14:31,INDF,RG,6500,25,D,BK,SQ,D
9:13:57,INDF,RG,6500,13,F,BK,SQ,D
9:13:55,INDF,RG,6475,2,F,CS,PD,D
9:13:55,INDF,RG,6475,2,F,CS,YP,D
9:13:55,INDF,RG,6450,16,F,CS,RX,F
9:13:54,INDF,RG,6475,6,F,CS,YP,D
9:13:52,INDF,RG,6475,52,F,BK,YP,D
9:13:52,INDF,RG,6475,2,F,BK,KK,D
9:13:52,INDF,RG,6475,24,F,BK,AK,F
9:13:50,INDF,RG,6475,2,F,CS,AK,F
9:13:50,INDF,RG,6450,2,F,CS,AK,F
9:13:49,INDF,RG,6450,49,F,BK,AK,F
9:13:49,INDF,RG,6450,5,F,BK,CC,F
9:13:49,INDF,RG,6450,6,F,BK,RX,F
9:13:49,INDF,RG,6450,60,F,BK,NI,D
9:13:49,INDF,RG,6450,1,F,BK,GR,D
9:13:49,INDF,RG,6450,2,F,BK,RX,F
9:13:49,INDF,RG,6450,23,F,BK,AK,F
9:13:49,INDF,RG,6450,44,F,BK,RX,F
9:13:49,INDF,RG,6450,310,F,BK,YU,F
9:13:49,INDF,RG,6450,446,D,BK,YU,F
9:13:49,INDF,RG,6450,22,D,BK,RX,F
9:13:49,INDF,RG,6425,105,F,BK,YU,F
9:13:49,INDF,RG,6425,32,F,BK,YU,F
9:13:48,INDF,RG,6450,85,F,BK,RX,F
9:13:48,INDF,RG,6450,49,F,BK,AK,F
9:13:48,INDF,RG,6450,16,F,BK,YU,F
9:13:48,INDF,RG,6450,8,F,BK,YU,F
9:13:48,INDF,RG,6450,23,F,BK,BK,F
9:13:48,INDF,RG,6450,65,F,BK,RX,F
9:13:48,INDF,RG,6450,220,F,BK,AK,F
9:13:48,INDF,RG,6450,34,F,BK,RX,F
9:13:48,INDF,RG,6425,1,F,BK,YU,F
9:13:48,INDF,RG,6425,106,F,CC,YU,F
9:13:47,INDF,RG,6450,68,F,BK,RX,F
9:13:47,INDF,RG,6450,15,F,BK,RX,F
9:13:47,INDF,RG,6450,108,F,BK,RX,F
9:13:47,INDF,RG,6450,79,F,BK,DR,D
9:13:47,INDF,RG,6450,5,F,BK,AK,F
9:13:47,INDF,RG,6450,170,F,BK,BK,F
9:13:47,INDF,RG,6450,15,F,BK,BK,F
9:13:47,INDF,RG,6450,40,F,BK,YP,D
9:13:47,INDF,RG,6425,39,F,CC,YU,F
9:13:46,INDF,RG,6450,13,F,BK,YP,D
9:13:46,INDF,RG,6425,3,F,CC,YU,F
9:13:46,INDF,RG,6425,50,F,CS,YU,F
9:13:46,INDF,RG,6450,20,D,BK,YP,D
9:13:45,INDF,RG,6425,4,F,CS,YU,F
9:13:45,INDF,RG,6425,80,D,BK,YU,F
9:13:44,INDF,RG,6425,113,D,BK,AK,F
9:13:43,INDF,RG,6425,3,D,BK,YU,F
9:13:43,INDF,RG,6425,1,D,KK,YU,F
9:13:43,INDF,RG,6425,10,D,YB,YU,F
9:13:43,INDF,RG,6425,1,D,LS,YU,F
9:13:43,INDF,RG,6425,4,D,YP,YU,F
9:13:43,INDF,RG,6425,50,D,YP,YU,F
9:13:43,INDF,RG,6425,32,F,BK,YU,F
9:13:43,INDF,RG,6425,2,F,BK,YU,F
9:13:42,INDF,RG,6450,477,F,BK,YP,D
9:13:42,INDF,RG,6450,23,F,BK,GR,D
9:13:42,INDF,RG,6425,33,F,BK,YU,F
9:13:41,INDF,RG,6450,51,D,BK,GR,D
9:13:39,INDF,RG,6425,27,F,BK,YU,F
9:13:38,INDF,RG,6425,47,F,BK,RX,F
9:13:37,INDF,RG,6425,52,F,BK,AK,F
9:13:36,INDF,RG,6425,15,F,BK,RX,F
9:13:28,INDF,RG,6425,25,F,BK,YU,F
9:13:27,INDF,RG,6450,20,D,BK,GR,D
9:13:23,INDF,RG,6425,27,F,BK,YU,F
9:13:22,INDF,RG,6450,26,D,BK,GR,D
9:13:22,INDF,RG,6425,42,F,BK,YU,F
9:13:21,INDF,RG,6425,67,F,BK,YU,F
9:13:20,INDF,RG,6425,93,F,BK,YU,F
9:13:20,INDF,RG,6425,40,F,BK,AK,F
9:13:20,INDF,RG,6425,8,D,BK,AK,F
9:13:19,INDF,RG,6425,70,D,BK,YU,F
9:13:19,INDF,RG,6425,17,F,BK,YU,F
9:13:19,INDF,RG,6425,17,F,CS,YU,F
9:13:19,INDF,RG,6425,42,F,AK,YU,F
9:12:52,INDF,RG,6450,19,D,BK,GR,D
9:12:48,INDF,RG,6450,2,D,PD,GR,D
9:12:38,INDF,RG,6425,21,F,AK,BK,F
9:12:30,INDF,RG,6425,8,F,AK,ZP,F
9:12:28,INDF,RG,6450,15,D,BK,GR,D
9:12:26,INDF,RG,6425,8,F,AK,PD,D
9:12:19,INDF,RG,6425,13,F,AK,RX,F
9:12:03,INDF,RG,6450,15,D,BK,GR,D
9:12:02,INDF,RG,6425,10,F,AK,NI,D
9:11:59,INDF,RG,6450,34,D,BK,GR,D
9:11:57,INDF,RG,6425,39,F,AK,AK,F
9:11:57,INDF,RG,6425,6,F,AK,RX,F
9:11:56,INDF,RG,6425,40,F,AK,CP,D
9:11:56,INDF,RG,6450,1,D,PD,GR,D
9:11:55,INDF,RG,6425,6,F,AK,RX,F
9:11:43,INDF,RG,6425,15,F,AK,BK,F
9:11:38,INDF,RG,6425,1,F,AK,PD,D
9:11:23,INDF,RG,6450,21,D,BK,GR,D
9:11:19,INDF,RG,6425,10,F,AK,YP,D
9:10:30,INDF,RG,6425,21,F,AK,BK,F
9:10:13,INDF,RG,6450,15,D,BK,GR,D
9:10:09,INDF,RG,6425,4,F,AK,RX,F
9:10:08,INDF,RG,6450,20,D,BK,GR,D
9:10:06,INDF,RG,6425,10,F,AK,RX,F
9:10:05,INDF,RG,6425,28,F,AK,RX,F
9:10:05,INDF,RG,6425,1,D,KK,RX,F
9:10:05,INDF,RG,6425,2,D,KK,RX,F
9:09:55,INDF,RG,6450,18,D,BK,GR,D
9:09:50,INDF,RG,6425,1,D,YP,AK,F
9:09:50,INDF,RG,6425,10,D,IF,AK,F
9:09:50,INDF,RG,6425,12,D,AT,AK,F
9:09:50,INDF,RG,6425,20,D,BK,AK,F
9:09:50,INDF,RG,6425,7,D,CC,AK,F
9:09:50,INDF,RG,6425,3,D,CC,ZP,F
9:09:50,INDF,RG,6425,3,F,CS,ZP,F
9:09:50,INDF,RG,6425,1,F,CS,ZP,F
9:09:50,INDF,RG,6425,10,D,CC,ZP,F
9:09:49,INDF,RG,6450,10,D,IF,GR,D
9:09:49,INDF,RG,6450,3,D,AT,GR,D
9:09:49,INDF,RG,6450,1,D,CC,GR,D
9:09:49,INDF,RG,6450,15,F,CS,GR,D
9:09:49,INDF,RG,6450,5,D,PD,GR,D
9:09:49,INDF,RG,6450,10,D,YU,GR,D
9:09:49,INDF,RG,6450,5,D,PD,GR,D
9:09:49,INDF,RG,6450,2,D,PD,GR,D
9:09:49,INDF,RG,6450,7,D,YP,GR,D
9:09:49,INDF,RG,6450,59,D,BK,GR,D
9:09:49,INDF,RG,6450,13,F,BK,GR,D
9:09:49,INDF,RG,6450,90,F,AK,GR,D
9:08:36,INDF,RG,6450,1,F,AK,HP,D
9:08:29,INDF,RG,6450,13,F,AK,RX,F
9:08:25,INDF,RG,6475,15,D,BK,BK,F
9:08:22,INDF,RG,6450,15,F,AK,EP,D
9:07:57,INDF,RG,6475,8,D,PD,BK,F
9:07:46,INDF,RG,6475,15,D,BK,BK,F
9:07:42,INDF,RG,6450,14,F,AK,AK,F
9:07:42,INDF,RG,6450,11,F,CS,AK,F
9:07:41,INDF,RG,6475,20,D,EP,BK,F
9:07:41,INDF,RG,6475,14,D,EP,BK,F
9:07:41,INDF,RG,6475,1,D,EP,ZP,F
9:07:30,INDF,RG,6450,12,F,CS,RX,F
9:07:20,INDF,RG,6475,2,D,PD,PD,D
9:06:10,INDF,RG,6450,2,F,CS,LG,D
9:05:30,INDF,RG,6475,5,D,PD,PD,D
9:05:23,INDF,RG,6450,1,F,CS,RX,F
9:05:23,INDF,RG,6450,14,D,BK,RX,F
9:05:21,INDF,RG,6450,2,D,BK,RX,F
9:05:16,INDF,RG,6475,1,D,XL,PD,D
9:05:12,INDF,RG,6450,17,D,BK,ZP,F
9:05:12,INDF,RG,6450,18,D,BK,ZP,F
9:05:11,INDF,RG,6450,7,D,BK,YU,F
9:05:11,INDF,RG,6450,14,F,BK,YU,F
9:05:11,INDF,RG,6450,1,D,CC,YU,F
9:05:11,INDF,RG,6450,5,F,AK,YU,F
9:05:11,INDF,RG,6450,36,F,AK,AK,F
9:05:11,INDF,RG,6450,1,F,AK,AK,F
9:05:10,INDF,RG,6450,42,F,AK,FS,D
9:05:10,INDF,RG,6450,32,D,CC,FS,D
9:05:10,INDF,RG,6450,5,D,ZP,FS,D
9:05:10,INDF,RG,6450,13,F,BK,FS,D
9:05:10,INDF,RG,6450,4,D,NI,FS,D
9:05:10,INDF,RG,6450,2,D,XC,FS,D
9:05:10,INDF,RG,6450,6,F,CS,FS,D
9:05:10,INDF,RG,6450,46,D,BK,FS,D
9:04:41,INDF,RG,6500,1,D,PD,SQ,D
9:03:54,INDF,RG,6500,1,D,NI,SQ,D
9:03:54,INDF,RG,6500,1,D,NI,CC,D
9:02:54,INDF,RG,6500,10,D,DR,PD,D
9:02:42,INDF,RG,6500,2,D,BK,PD,D
9:02:42,INDF,RG,6500,4,D,BK,CC,D
9:02:42,INDF,RG,6500,1,D,BK,PD,D
9:02:42,INDF,RG,6500,7,D,BK,PD,D
9:02:42,INDF,RG,6500,1,D,BK,PD,D
9:02:42,INDF,RG,6500,2,D,BK,ZP,D
9:02:38,INDF,RG,6500,18,D,BK,ZP,D
9:02:38,INDF,RG,6500,1,D,BK,KK,D
9:02:38,INDF,RG,6500,2,D,BK,YJ,D
9:02:35,INDF,RG,6450,19,F,AK,AK,F
9:02:35,INDF,RG,6450,15,F,BK,AK,F
9:02:34,INDF,RG,6475,31,F,AK,YU,F
9:02:34,INDF,RG,6475,17,F,AK,RX,F
9:02:34,INDF,RG,6475,2,F,AK,AK,F
9:02:34,INDF,RG,6475,21,F,AK,RX,F
9:02:34,INDF,RG,6475,14,F,AK,BK,F
9:02:34,INDF,RG,6475,12,F,AK,YU,F
9:02:34,INDF,RG,6475,9,F,AK,RX,F
9:02:34,INDF,RG,6475,10,F,AK,RX,F
9:02:34,INDF,RG,6475,11,F,AK,YU,F
9:02:34,INDF,RG,6475,10,F,AK,PD,D
9:02:34,INDF,RG,6475,1,F,AK,YJ,D
9:02:19,INDF,RG,6475,1,D,XL,YJ,D
9:01:43,INDF,RG,6450,14,F,AK,BK,F
9:01:43,INDF,RG,6450,2,F,AK,YP,D
9:01:42,INDF,RG,6425,3,F,BK,PD,D
9:01:29,INDF,RG,6425,1,F,BK,AT,D
9:01:14,INDF,RG,6450,15,F,AK,BK,F
9:01:14,INDF,RG,6450,13,F,AK,ZP,F
9:00:51,INDF,RG,6450,3,F,CS,ZP,F
9:00:51,INDF,RG,6450,2,F,CS,CC,F
9:00:51,INDF,RG,6450,4,F,CS,YU,F
9:00:51,INDF,RG,6425,14,F,BK,AK,F
9:00:51,INDF,RG,6425,1,D,XC,AK,F
9:00:50,INDF,RG,6450,6,F,AK,YU,F
9:00:50,INDF,RG,6450,12,F,AK,RX,F
9:00:50,INDF,RG,6450,3,F,AK,XC,D
9:00:50,INDF,RG,6450,10,F,AK,RX,F
9:00:50,INDF,RG,6450,14,F,AK,BK,F
9:00:50,INDF,RG,6450,12,F,AK,BK,F
9:00:16,INDF,RG,6450,2,D,NI,BK,F
9:00:16,INDF,RG,6450,1,D,NI,YP,D
9:00:16,INDF,RG,6450,1,D,NI,XC,D
9:00:16,INDF,RG,6450,6,D,NI,PD,D
9:00:16,INDF,RG,6450,1,D,NI,PD,D
9:00:16,INDF,RG,6450,5,D,NI,PD,D
9:00:15,INDF,RG,6450,5,D,PD,PD,D
9:00:15,INDF,RG,6450,3,D,PD,PD,D
9:00:15,INDF,RG,6450,1,D,PD,XC,D
9:00:15,INDF,RG,6450,1,D,PD,XC,D
9:00:15,INDF,RG,6450,1,D,PD,XL,D
9:00:09,INDF,RG,6450,1,D,PD,XC,D
9:00:09,INDF,RG,6425,2,D,BK,PD,D
9:00:03,INDF,RG,6425,12,D,BK,AK,F
9:00:03,INDF,RG,6425,13,F,BK,AK,F
9:00:03,INDF,RG,6425,1,D,YP,AK,F
9:00:03,INDF,RG,6425,1,D,YP,AK,F
9:00:03,INDF,RG,6425,1,D,PD,AK,F
9:00:03,INDF,RG,6425,5,D,PD,AK,F
9:00:03,INDF,RG,6425,1,D,KK,AK,F
9:00:03,INDF,RG,6425,2,D,PD,AK,F
9:00:03,INDF,RG,6425,3,D,XL,AK,F
8:59:00,INDF,RG,6425,5,D,AT,YU,F
8:59:00,INDF,RG,6425,22,D,PD,YU,F
8:59:00,INDF,RG,6425,20,D,NI,YU,F
8:59:00,INDF,RG,6425,1,D,YP,YU,F
8:59:00,INDF,RG,6425,50,D,CC,YU,F
8:59:00,INDF,RG,6425,1,D,CC,YU,F
8:59:00,INDF,RG,6425,2,D,GR,YU,F
8:59:00,INDF,RG,6425,1,D,XC,YU,F
8:59:00,INDF,RG,6425,10,D,CC,YU,F
8:59:00,INDF,RG,6425,6,D,YP,YU,F
8:59:00,INDF,RG,6425,3,D,PD,YU,F
8:59:00,INDF,RG,6425,1,D,PD,YU,F
8:59:00,INDF,RG,6425,5,D,PD,YU,F
8:59:00,INDF,RG,6425,1,D,PD,YU,F
8:59:00,INDF,RG,6425,1,D,PD,YU,F
8:59:00,INDF,RG,6425,1,D,PD,YU,F
8:59:00,INDF,RG,6425,1,D,PD,YU,F
8:59:00,INDF,RG,6425,1,D,ZP,YU,F
8:59:00,INDF,RG,6425,1,D,XC,YU,F
8:59:00,INDF,RG,6425,2,D,XC,YU,F
8:59:00,INDF,RG,6425,1,D,YB,YU,F
8:59:00,INDF,RG,6425,16,D,YU,YU,F
8:59:00,INDF,RG,6425,1,D,PD,YU,F
8:59:00,INDF,RG,6425,1,D,XL,YU,F
8:59:00,INDF,RG,6425,10,D,BK,YU,F
8:59:00,INDF,RG,6425,50,D,BK,YU,F
8:59:00,INDF,RG,6425,4,D,BK,ZP,F
8:59:00,INDF,RG,6425,6,D,BK,AK,F
8:59:00,INDF,RG,6425,1,D,BK,RX,F
8:59:00,INDF,RG,6425,6,D,BK,RX,F
8:59:00,INDF,RG,6425,15,D,BK,RX,F
8:59:00,INDF,RG,6425,1,D,SQ,RX,F
8:59:00,INDF,RG,6425,1,D,SQ,RX,F
8:59:00,INDF,RG,6425,5,F,BK,RX,F
8:59:00,INDF,RG,6425,3,F,BK,RX,F
8:59:00,INDF,RG,6425,1,F,BK,RX,F
8:59:00,INDF,RG,6425,1,F,BK,RX,F
8:59:00,INDF,RG,6425,3,F,BK,RX,F
8:59:00,INDF,RG,6425,5,F,BK,RX,F
8:59:00,INDF,RG,6425,1,F,BK,BK,F
8:59:00,INDF,RG,6425,7,F,BK,BK,F
8:59:00,INDF,RG,6425,5,F,CS,BK,F
8:59:00,INDF,RG,6425,2,F,CS,BK,F
8:59:00,INDF,RG,6425,1,F,CS,BK,F
8:59:00,INDF,RG,6425,1,F,AK,BK,F