Time,Stock,Brd,Price,Qty,BT,BC,SC,ST
15:14:58,INDF,RG,6650,8,F,AK,YP,D
15:14:53,INDF,RG,6650,1,F,AK,YP,D
15:14:50,INDF,RG,6650,3,F,AK,PD,D
15:14:17,INDF,RG,6650,100,F,AK,LG,D
15:13:49,INDF,RG,6650,5,F,AK,GR,D
15:13:23,INDF,RG,6650,10,F,AK,YP,D
15:13:19,INDF,RG,6650,50,F,AK,YP,D
15:13:00,INDF,RG,6650,8,F,AK,YP,D
15:12:32,INDF,RG,6650,1,F,AK,YP,D
15:12:04,INDF,RG,6650,1,F,AK,YP,D
15:11:59,INDF,RG,6650,7,F,AK,NI,D
15:11:41,INDF,RG,6650,1,F,AK,YP,D
15:11:18,INDF,RG,6650,1,F,AK,YP,D
15:09:16,INDF,RG,6650,5,F,AK,YP,D
15:08:16,INDF,RG,6650,5,F,AK,XC,D
15:07:29,INDF,RG,6650,50,F,AK,YP,D
15:07:05,INDF,RG,6650,1,F,AK,SQ,D
15:06:32,INDF,RG,6650,2,F,AK,KK,D
15:05:04,INDF,RG,6650,10,F,AK,YP,D
15:05:02,INDF,RG,6650,100,F,AK,KK,D
15:05:02,INDF,RG,6650,1,F,AK,EP,D
15:05:01,INDF,RG,6650,1,F,AK,BQ,D
15:05:00,INDF,RG,6650,3,F,AK,XC,D
15:05:00,INDF,RG,6650,2950,F,AK,RO,D
15:05:00,INDF,RG,6650,1,F,AK,GR,D
15:05:00,INDF,RG,6650,5,F,AK,YU,D
15:05:00,INDF,RG,6650,88,F,AK,CP,D
15:00:00,INDF,RG,6650,1,F,AK,CC,D
15:00:00,INDF,RG,6650,1,F,AK,LG,D
15:00:00,INDF,RG,6650,20,F,AK,NI,D
15:00:00,INDF,RG,6650,1760,F,AK,DX,D
15:00:00,INDF,RG,6650,5,F,AK,DH,D
15:00:00,INDF,RG,6650,2,F,AK,KK,D
15:00:00,INDF,RG,6650,190,F,AK,NI,D
15:00:00,INDF,RG,6650,1,F,AK,SQ,D
15:00:00,INDF,RG,6650,10,F,AK,DR,D
15:00:00,INDF,RG,6650,1,F,AK,XC,D
15:00:00,INDF,RG,6650,100,F,AK,LG,D
15:00:00,INDF,RG,6650,60,F,AK,CP,D
15:00:00,INDF,RG,6650,10,F,AK,AT,D
15:00:00,INDF,RG,6650,10,F,AK,CC,D
15:00:00,INDF,RG,6650,4,F,AK,XA,D
15:00:00,INDF,RG,6650,553,F,AK,CG,F
15:00:00,INDF,RG,6650,1,D,AT,CG,F
15:00:00,INDF,RG,6650,371,D,PD,CG,F
15:00:00,INDF,RG,6650,392,D,PD,CS,F
15:00:00,INDF,RG,6650,21,F,AK,CS,F
15:00:00,INDF,RG,6650,60,F,BK,CS,F
15:00:00,INDF,RG,6650,69,F,CG,CS,F
15:00:00,INDF,RG,6650,21,F,CG,CS,F
15:00:00,INDF,RG,6650,17,F,CG,CG,D
15:00:00,INDF,RG,6650,45,F,CG,LG,D
15:00:00,INDF,RG,6650,298,F,CG,YU,F
15:00:00,INDF,RG,6650,913,F,CG,YU,D
15:00:00,INDF,RG,6650,60,F,AK,YU,D
15:00:00,INDF,RG,6650,77,D,OD,YU,D
15:00:00,INDF,RG,6650,98,D,PD,YU,D
15:00:00,INDF,RG,6650,34,F,FS,YU,D
14:49:56,INDF,RG,6675,1,F,AK,CP,D
14:49:49,INDF,RG,6650,1,F,AK,GR,D
14:49:41,INDF,RG,6675,34,F,AK,CP,D
14:49:30,INDF,RG,6650,200,F,AK,YP,D
14:49:27,INDF,RG,6650,1,F,AK,CS,F
14:49:26,INDF,RG,6675,27,F,AK,CP,D
14:49:26,INDF,RG,6675,7,F,AK,PD,D
14:49:26,INDF,RG,6675,5,F,AK,AZ,D
14:49:26,INDF,RG,6675,3,F,AK,CC,D
14:49:15,INDF,RG,6650,38,F,AK,XC,D
14:49:13,INDF,RG,6650,25,F,AK,YP,D
14:49:09,INDF,RG,6650,1,F,AK,CS,F
14:49:08,INDF,RG,6650,150,F,AK,YP,D
14:49:03,INDF,RG,6650,9,F,AK,BQ,D
14:49:02,INDF,RG,6650,3,F,AK,DH,D
14:49:01,INDF,RG,6650,15,F,AK,PD,D
14:49:00,INDF,RG,6675,1,F,AK,CC,D
14:49:00,INDF,RG,6675,55,F,AK,KK,D
14:49:00,INDF,RG,6675,1,F,AK,PD,D
14:49:00,INDF,RG,6675,5,F,AK,SQ,D
14:49:00,INDF,RG,6675,3,F,AK,PD,D
14:49:00,INDF,RG,6675,2,F,AK,PD,D
14:49:00,INDF,RG,6675,10,F,AK,NI,D
14:49:00,INDF,RG,6675,4,F,AK,YP,D
14:49:00,INDF,RG,6675,7,F,AK,SQ,D
14:49:00,INDF,RG,6675,10,F,AK,CC,D
14:49:00,INDF,RG,6675,50,F,AK,YP,D
14:49:00,INDF,RG,6675,2,F,AK,NI,D
14:49:00,INDF,RG,6675,1,F,AK,AT,D
14:49:00,INDF,RG,6675,1,F,AK,XC,D
14:49:00,INDF,RG,6675,5,F,AK,NI,D
14:49:00,INDF,RG,6675,50,F,AK,CC,D
14:49:00,INDF,RG,6675,5,F,AK,OD,D
14:49:00,INDF,RG,6675,2,F,AK,CC,D
14:49:00,INDF,RG,6675,5,F,AK,SQ,D
14:49:00,INDF,RG,6675,1,F,AK,XC,D
14:49:00,INDF,RG,6675,50,F,AK,XC,D
14:49:00,INDF,RG,6675,4,F,AK,KK,D
14:49:00,INDF,RG,6675,1,F,AK,KK,D
14:49:00,INDF,RG,6675,3,F,AK,CC,D
14:49:00,INDF,RG,6675,1,F,AK,EP,D
14:49:00,INDF,RG,6675,1,F,AK,YP,D
14:49:00,INDF,RG,6675,1,F,AK,XC,D
14:49:00,INDF,RG,6675,2,F,AK,GR,D
14:49:00,INDF,RG,6650,1,F,AK,AK,D
14:48:59,INDF,RG,6650,300,F,AK,LG,D
14:48:59,INDF,RG,6650,300,F,AK,LG,D
14:48:59,INDF,RG,6650,300,F,AK,LG,D
14:48:59,INDF,RG,6650,60,F,AK,LG,D
14:48:59,INDF,RG,6650,500,F,OD,LG,D
14:48:59,INDF,RG,6650,5,D,CC,LG,D
14:48:59,INDF,RG,6650,3,D,PD,LG,D
14:48:59,INDF,RG,6650,32,F,AK,LG,D
14:48:53,INDF,RG,6650,32,F,AK,CG,D
14:48:53,INDF,RG,6650,1,F,AK,CS,F
14:48:52,INDF,RG,6650,1,F,AK,CG,D
14:48:52,INDF,RG,6650,32,F,AK,CG,D
14:48:52,INDF,RG,6650,12,F,AK,CG,D
14:48:51,INDF,RG,6675,1,D,YP,GR,D
14:48:50,INDF,RG,6650,50,F,AK,YP,D
14:48:45,INDF,RG,6650,8,F,AK,AK,D
14:48:45,INDF,RG,6650,1,F,AK,AK,D
14:48:41,INDF,RG,6675,2,F,AK,GR,D
14:48:41,INDF,RG,6675,3,F,AK,XC,D
14:48:39,INDF,RG,6650,33,F,AK,CG,D
14:48:26,INDF,RG,6675,2,F,AK,XC,D
14:48:26,INDF,RG,6675,2,F,AK,DR,D
14:48:26,INDF,RG,6675,3,F,AK,PD,D
14:48:25,INDF,RG,6650,35,F,AK,EP,D
14:48:25,INDF,RG,6675,14,F,AK,DH,D
14:48:25,INDF,RG,6675,20,F,AK,CC,D
14:48:25,INDF,RG,6675,1,F,AK,KK,D
14:48:25,INDF,RG,6675,1,F,AK,XC,D
14:48:25,INDF,RG,6675,1,F,AK,YP,D
14:48:25,INDF,RG,6675,50,F,AK,NI,D
14:48:25,INDF,RG,6675,100,F,AK,YP,D
14:48:25,INDF,RG,6675,9,F,AK,PD,D
14:48:25,INDF,RG,6675,59,F,AK,KK,D
14:48:25,INDF,RG,6675,176,F,AK,YP,D
14:48:25,INDF,RG,6650,1,F,AK,CS,F
14:48:24,INDF,RG,6650,542,F,AK,CS,D
14:48:24,INDF,RG,6650,1,D,XC,CS,D
14:48:24,INDF,RG,6650,10,D,YP,CS,D
14:48:24,INDF,RG,6650,792,D,ZP,CS,D
14:48:24,INDF,RG,6650,500,F,OD,CS,D
14:48:24,INDF,RG,6650,600,F,OD,CS,D
14:48:24,INDF,RG,6650,20,F,AK,CS,D
14:48:24,INDF,RG,6650,35,F,AK,CS,D
14:48:23,INDF,RG,6675,149,F,AK,YP,D
14:48:23,INDF,RG,6675,1,F,AK,GR,D
14:48:23,INDF,RG,6675,1,F,AK,GR,D
14:48:23,INDF,RG,6675,50,F,AK,TP,D
14:48:23,INDF,RG,6675,1,F,AK,PD,D
14:48:23,INDF,RG,6675,1,F,AK,XC,D
14:48:23,INDF,RG,6675,20,F,AK,YP,D
14:48:23,INDF,RG,6675,15,F,AK,DH,D
14:48:23,INDF,RG,6675,50,F,AK,CC,D
14:48:22,INDF,RG,6650,1214,F,AK,CS,D
14:48:19,INDF,RG,6650,45,F,AK,CG,D
14:48:03,INDF,RG,6650,100,F,AK,AI,D
14:48:01,INDF,RG,6675,2,F,AK,CC,D
14:48:00,INDF,RG,6650,6,F,AK,AK,D
14:48:00,INDF,RG,6650,1,F,AK,AK,D
14:47:59,INDF,RG,6650,55,F,AK,CG,D
14:47:58,INDF,RG,6650,17,F,AK,CS,D
14:47:58,INDF,RG,6650,10,F,AK,CS,D
14:47:58,INDF,RG,6650,8,F,AK,CS,D
14:47:52,INDF,RG,6650,58,F,AK,CS,D
14:47:50,INDF,RG,6650,1,F,AK,CS,F
14:47:50,INDF,RG,6650,1,F,AK,CS,F
14:47:46,INDF,RG,6650,11,F,AK,HP,D
14:47:42,INDF,RG,6650,64,F,AK,CS,D
14:47:42,INDF,RG,6650,50,F,AK,CG,D
14:47:41,INDF,RG,6650,20,F,AK,DR,D
14:47:38,INDF,RG,6650,1,F,AK,CC,D
14:47:38,INDF,RG,6675,135,F,AK,CC,D
14:47:37,INDF,RG,6650,100,F,AK,YP,D
14:47:31,INDF,RG,6650,37,F,AK,CS,D
14:47:31,INDF,RG,6650,2,F,AK,CS,D
14:47:31,INDF,RG,6650,16,F,AK,CS,D
14:47:30,INDF,RG,6650,6,F,AK,AK,D
14:47:23,INDF,RG,6650,21,F,AK,CG,D
14:47:22,INDF,RG,6650,8,F,AK,CG,D
14:47:22,INDF,RG,6650,21,F,AK,CG,D
14:47:22,INDF,RG,6650,57,F,AK,CS,D
14:47:21,INDF,RG,6650,7,F,AK,CS,D
14:47:15,INDF,RG,6650,2,F,AK,AK,D
14:47:10,INDF,RG,6650,76,F,AK,CS,D
14:47:08,INDF,RG,6650,2,F,AK,CS,F
14:47:07,INDF,RG,6650,200,F,AK,YP,D
14:47:02,INDF,RG,6650,1,F,AK,YP,D
14:47:01,INDF,RG,6650,15,F,AK,CG,D
14:47:00,INDF,RG,6650,21,F,AK,CG,D
14:46:59,INDF,RG,6650,1,F,AK,YP,D
14:46:58,INDF,RG,6675,150,D,EL,CC,D
14:46:58,INDF,RG,6650,46,F,AK,CS,D
14:46:56,INDF,RG,6675,14,F,AK,CC,D
14:46:49,INDF,RG,6650,25,F,AK,CS,D
14:46:49,INDF,RG,6650,10,D,YP,CS,D
14:46:49,INDF,RG,6650,20,D,SQ,CS,D
14:46:42,INDF,RG,6650,24,D,SQ,CG,D
14:46:41,INDF,RG,6675,12,F,AK,CC,D
14:46:40,INDF,RG,6650,6,D,SQ,CS,D
14:46:40,INDF,RG,6650,56,F,OD,CS,D
14:46:30,INDF,RG,6675,128,F,AK,CC,D
14:46:30,INDF,RG,6650,5,F,OD,AK,D
14:46:29,INDF,RG,6650,237,F,OD,CS,D
14:46:29,INDF,RG,6650,4,F,OD,CS,D
14:46:29,INDF,RG,6650,27,F,OD,CS,D
14:46:29,INDF,RG,6650,19,F,OD,CS,D
14:46:26,INDF,RG,6650,14,F,OD,CG,D
14:46:25,INDF,RG,6650,8,F,OD,CG,D
14:46:19,INDF,RG,6650,130,F,OD,CS,D
14:46:19,INDF,RG,6650,5,D,KK,CS,D
14:46:19,INDF,RG,6650,10,D,GR,CS,D
14:46:19,INDF,RG,6650,270,F,OD,CS,D
14:46:11,INDF,RG,6650,13,F,OD,CG,D
14:46:10,INDF,RG,6650,8,F,OD,CG,D
14:46:09,INDF,RG,6675,9,F,AK,CC,D
14:46:09,INDF,RG,6675,3,F,AK,PD,D
14:46:09,INDF,RG,6675,100,F,AK,KK,D
14:46:09,INDF,RG,6675,7,F,AK,EP,D
14:46:09,INDF,RG,6675,5,F,AK,KK,D
14:46:09,INDF,RG,6675,1,F,AK,EP,D
14:46:09,INDF,RG,6675,20,F,AK,CP,D
14:46:09,INDF,RG,6675,10,F,AK,SQ,D
14:46:09,INDF,RG,6675,8,F,AK,DR,D
14:46:09,INDF,RG,6675,15,F,AK,PD,D
14:46:09,INDF,RG,6675,1,F,AK,YP,D
14:46:09,INDF,RG,6675,16,F,AK,YP,D
14:46:09,INDF,RG,6675,50,F,AK,YP,D
14:46:09,INDF,RG,6675,2,F,AK,DH,D
14:46:09,INDF,RG,6675,10,F,AK,YP,D
14:46:09,INDF,RG,6675,10,F,AK,PD,D
14:46:09,INDF,RG,6675,1,F,AK,YP,D
14:46:09,INDF,RG,6675,1,F,AK,PD,D
14:46:09,INDF,RG,6675,45,F,AK,KK,D
14:46:07,INDF,RG,6650,9,F,OD,LG,D
14:46:07,INDF,RG,6650,15,D,PD,LG,D
14:46:07,INDF,RG,6650,1,D,CC,LG,D
14:46:07,INDF,RG,6650,9,D,CC,LG,D
14:46:07,INDF,RG,6650,75,D,AZ,LG,D
14:46:07,INDF,RG,6650,1,D,DH,LG,D
14:46:07,INDF,RG,6650,1,F,YP,LG,D
14:46:07,INDF,RG,6650,500,F,OD,LG,D
14:46:07,INDF,RG,6650,1,D,NI,LG,D
14:46:07,INDF,RG,6650,2,D,PD,LG,D
14:46:07,INDF,RG,6650,3,D,PD,LG,D
14:46:07,INDF,RG,6650,74,D,YP,LG,D
14:46:07,INDF,RG,6650,74,D,YP,LG,D
14:46:07,INDF,RG,6650,100,D,ZR,LG,D
14:46:07,INDF,RG,6650,2,D,PD,LG,D
14:46:07,INDF,RG,6650,37,F,AK,LG,D
14:46:07,INDF,RG,6650,103,F,AK,LG,D
14:46:07,INDF,RG,6650,400,F,OD,LG,D
14:46:07,INDF,RG,6650,13,D,PD,LG,D
14:46:07,INDF,RG,6650,10,D,YP,LG,D
14:46:07,INDF,RG,6650,70,F,OD,LG,D
14:46:01,INDF,RG,6650,5,F,OD,PD,D
14:46:00,INDF,RG,6650,4,F,OD,AK,D
14:45:54,INDF,RG,6650,25,F,OD,CG,D
14:45:54,INDF,RG,6650,2,F,OD,CG,D
14:45:46,INDF,RG,6650,1,F,OD,CS,D
14:45:46,INDF,RG,6650,35,F,OD,CS,D
14:45:37,INDF,RG,6650,16,F,OD,CG,D
14:45:36,INDF,RG,6650,2,F,OD,CS,F
14:45:36,INDF,RG,6650,1,F,OD,CS,F
14:45:36,INDF,RG,6650,4,F,OD,CG,D
14:45:36,INDF,RG,6650,2,F,OD,CS,F
14:45:35,INDF,RG,6650,10,F,OD,NI,D
14:45:19,INDF,RG,6650,5,F,OD,CG,D
14:45:19,INDF,RG,6650,19,F,OD,CG,D
14:45:15,INDF,RG,6650,7,F,OD,AK,D
14:45:04,INDF,RG,6650,17,F,OD,CS,D
14:45:04,INDF,RG,6650,14,F,OD,CS,D
14:45:04,INDF,RG,6650,2,F,OD,CS,D
14:45:04,INDF,RG,6650,19,F,OD,CG,D
14:45:02,INDF,RG,6650,5,F,OD,PD,D
14:44:49,INDF,RG,6650,19,F,OD,CG,D
14:44:38,INDF,RG,6650,2,F,OD,NI,D
14:44:27,INDF,RG,6650,22,F,OD,CG,D
14:44:09,INDF,RG,6650,25,F,OD,CG,D
14:43:56,INDF,RG,6650,10,F,OD,AT,D
14:43:48,INDF,RG,6650,2,F,OD,SQ,D
14:43:48,INDF,RG,6650,28,F,OD,CG,D
14:43:27,INDF,RG,6650,19,F,OD,CG,D
14:43:26,INDF,RG,6675,6,F,AK,KK,D
14:43:25,INDF,RG,6650,10,F,OD,PD,D
14:43:11,INDF,RG,6650,22,F,OD,CG,D
14:43:09,INDF,RG,6675,204,F,AK,KK,D
14:43:08,INDF,RG,6650,76,F,OD,CS,D
14:43:08,INDF,RG,6650,327,F,AK,CS,D
14:43:08,INDF,RG,6650,10,D,DX,CS,D
14:43:08,INDF,RG,6650,500,F,OD,CS,D
14:43:08,INDF,RG,6650,241,F,BK,CS,D
14:42:53,INDF,RG,6650,22,F,BK,CG,D
14:42:47,INDF,RG,6650,4,F,BK,SQ,D
14:42:41,INDF,RG,6675,4,F,AK,KK,D
14:42:40,INDF,RG,6650,5,F,BK,CS,F
14:42:34,INDF,RG,6650,23,F,BK,CG,D
14:42:18,INDF,RG,6675,73,F,AK,KK,D
14:42:17,INDF,RG,6650,400,F,BK,EP,D
14:42:14,INDF,RG,6650,18,F,BK,CG,D
14:41:59,INDF,RG,6675,39,F,AK,KK,D
14:41:58,INDF,RG,6650,24,F,BK,CG,D
14:41:42,INDF,RG,6650,1,F,BK,PD,D
14:41:42,INDF,RG,6650,7,F,BK,KK,D
14:41:37,INDF,RG,6650,21,F,BK,CG,D
14:41:32,INDF,RG,6650,9,F,BK,CC,D
14:41:22,INDF,RG,6650,8,F,BK,PD,D
14:41:22,INDF,RG,6650,15,F,BK,NI,D
14:41:22,INDF,RG,6650,1,F,BK,NI,D
14:41:19,INDF,RG,6650,23,F,BK,CG,D
14:40:59,INDF,RG,6650,21,F,BK,CG,D
14:40:39,INDF,RG,6650,25,F,BK,CG,D
14:40:24,INDF,RG,6650,19,F,BK,CG,D
14:40:15,INDF,RG,6650,24,F,BK,AK,D
14:40:04,INDF,RG,6650,12,F,BK,CG,D
14:39:44,INDF,RG,6650,17,F,BK,CG,D
14:39:44,INDF,RG,6650,2,F,AK,CG,D
14:39:29,INDF,RG,6675,45,F,AK,KK,D
14:39:28,INDF,RG,6650,1,F,AK,EP,D
14:39:28,INDF,RG,6650,3,F,AK,YP,D
14:39:28,INDF,RG,6650,97,F,AK,YP,D
14:39:22,INDF,RG,6650,17,F,AK,CG,D
14:39:22,INDF,RG,6650,9,F,AK,PD,D
14:39:04,INDF,RG,6650,20,F,AK,CG,D
14:38:49,INDF,RG,6650,20,F,AK,CG,D
14:38:29,INDF,RG,6650,30,F,AK,CG,D
14:38:19,INDF,RG,6650,1,F,AK,CC,D
14:38:18,INDF,RG,6650,5,F,AK,CS,F
14:38:18,INDF,RG,6650,41,F,AK,EP,D
14:38:05,INDF,RG,6650,19,F,AK,CG,D
14:38:05,INDF,RG,6675,30,F,AK,KK,D
14:38:04,INDF,RG,6650,41,F,AK,EP,D
14:37:49,INDF,RG,6650,15,F,AK,CG,D
14:37:29,INDF,RG,6650,19,F,AK,CG,D
14:37:14,INDF,RG,6650,15,F,AK,YP,D
14:37:09,INDF,RG,6650,18,F,AK,CG,D
14:36:49,INDF,RG,6650,15,F,AK,CG,D
14:36:34,INDF,RG,6650,1,F,AK,DH,D
14:36:29,INDF,RG,6650,21,F,AK,CG,D
14:36:13,INDF,RG,6650,10,F,AK,PD,D
14:36:10,INDF,RG,6675,1,D,PD,KK,D
14:36:09,INDF,RG,6650,13,F,AK,CG,D
14:35:56,INDF,RG,6675,19,F,AK,KK,D
14:35:56,INDF,RG,6650,4,F,AK,DH,D
14:35:55,INDF,RG,6650,17,F,AK,PD,D
14:35:49,INDF,RG,6650,16,F,AK,CG,D
14:35:45,INDF,RG,6650,4,F,AK,AK,D
14:35:28,INDF,RG,6650,14,F,AK,CG,D
14:35:09,INDF,RG,6650,17,F,AK,CG,D
14:34:52,INDF,RG,6650,5,F,AK,CC,D
14:34:49,INDF,RG,6650,18,F,AK,CG,D
14:34:30,INDF,RG,6650,4,F,AK,AK,D
14:34:29,INDF,RG,6650,14,F,AK,CG,D
14:34:26,INDF,RG,6675,3,F,AK,KK,D
14:34:12,INDF,RG,6650,15,F,AK,CG,D
14:34:12,INDF,RG,6675,1,D,XC,KK,D
14:34:03,INDF,RG,6675,53,F,AK,KK,D
14:34:01,INDF,RG,6650,200,F,AK,YP,D
14:33:54,INDF,RG,6650,12,F,AK,CG,D
14:33:50,INDF,RG,6650,1,F,AK,EP,D
14:33:45,INDF,RG,6650,4,F,AK,NI,D
14:33:39,INDF,RG,6650,17,F,AK,CG,D
14:33:19,INDF,RG,6650,14,F,AK,CG,D
14:33:01,INDF,RG,6650,13,F,AK,CG,D
14:33:00,INDF,RG,6650,4,F,AK,AK,D
14:32:54,INDF,RG,6650,1,F,AK,EP,D
14:32:53,INDF,RG,6650,30,F,AK,YP,D
14:32:44,INDF,RG,6650,15,F,AK,CG,D
14:32:24,INDF,RG,6675,19,F,AK,KK,D
14:32:23,INDF,RG,6650,14,F,AK,CG,D
14:32:22,INDF,RG,6650,2,F,AK,YP,D
14:32:08,INDF,RG,6650,3,F,AK,CC,D
14:32:04,INDF,RG,6650,15,F,AK,CG,D
14:32:03,INDF,RG,6650,10,F,AK,PD,D
14:31:44,INDF,RG,6650,15,F,AK,CG,D
14:31:39,INDF,RG,6650,10,F,AK,SQ,D
14:31:37,INDF,RG,6650,20,F,AK,KK,D
14:31:28,INDF,RG,6650,11,F,AK,CG,D
14:31:24,INDF,RG,6650,1,F,AK,NI,D
14:31:15,INDF,RG,6650,5,F,AK,AK,D
14:31:10,INDF,RG,6675,16,F,AK,KK,D
14:31:09,INDF,RG,6650,15,F,AK,CG,D
14:30:49,INDF,RG,6650,15,F,AK,CG,D
14:30:37,INDF,RG,6675,2,D,KK,KK,D
14:30:34,INDF,RG,6650,14,F,AK,CG,D
14:30:14,INDF,RG,6650,13,F,AK,CG,D
14:29:59,INDF,RG,6650,12,F,AK,CG,D
14:29:56,INDF,RG,6650,4,F,AK,PD,D
14:29:51,INDF,RG,6650,5,F,AK,SQ,D
14:29:42,INDF,RG,6650,13,F,AK,CG,D
14:29:17,INDF,RG,6650,1,F,AK,PD,D
14:29:03,INDF,RG,6650,3,F,AK,XC,D
14:27:59,INDF,RG,6675,15,F,AK,KK,D
14:27:58,INDF,RG,6650,20,F,AK,PD,D
14:27:45,INDF,RG,6650,11,F,AK,AK,D
14:27:31,INDF,RG,6650,25,F,AK,YP,D
14:27:00,INDF,RG,6650,16,F,AK,YP,D
14:26:01,INDF,RG,6650,3,F,AK,SQ,D
14:26:00,INDF,RG,6650,6,F,AK,AK,D
14:24:33,INDF,RG,6675,1,D,PD,KK,D
14:23:06,INDF,RG,6675,3,F,AK,KK,D
14:23:06,INDF,RG,6675,1,F,AK,XC,D
14:23:06,INDF,RG,6675,10,F,AK,PD,D
14:23:06,INDF,RG,6675,9,F,AK,YP,D
14:23:05,INDF,RG,6650,100,F,AK,SQ,D
14:22:33,INDF,RG,6650,5,F,AK,CC,D
14:22:32,INDF,RG,6650,5,F,AK,YP,D
14:22:17,INDF,RG,6650,10,F,AK,NI,D
14:22:11,INDF,RG,6650,2,F,AK,CC,D
14:21:18,INDF,RG,6650,1,F,AK,ID,D
14:21:15,INDF,RG,6650,5,F,AK,AK,D
14:21:10,INDF,RG,6675,10,D,AT,YP,D
14:20:59,INDF,RG,6650,1,F,AK,NI,D
14:20:46,INDF,RG,6675,32,F,AK,YP,D
14:20:45,INDF,RG,6650,179,F,AK,YP,D
14:20:45,INDF,RG,6650,2,F,AK,YP,D
14:20:45,INDF,RG,6650,5,D,PD,YP,D
14:20:45,INDF,RG,6650,14,F,AK,YP,D
14:20:28,INDF,RG,6650,2,F,AK,SQ,D
14:20:04,INDF,RG,6650,10,F,AK,YP,D
14:19:58,INDF,RG,6650,9,F,AK,CC,D
14:19:50,INDF,RG,6650,3,F,AK,SQ,D
14:19:45,INDF,RG,6650,5,F,AK,MG,D
14:19:45,INDF,RG,6650,4,F,AK,AK,D
14:19:40,INDF,RG,6650,25,F,AK,GR,D
14:19:08,INDF,RG,6650,4,F,AK,PD,D
14:19:02,INDF,RG,6650,5,F,AK,NI,D
14:18:28,INDF,RG,6650,1,F,AK,PD,D
14:18:00,INDF,RG,6650,7,F,AK,YP,D
14:18:00,INDF,RG,6650,1,F,AK,YP,D
14:18:00,INDF,RG,6650,192,F,OD,YP,D
14:17:54,INDF,RG,6650,2,F,OD,XC,D
14:17:25,INDF,RG,6650,1,F,OD,PD,D
14:17:17,INDF,RG,6650,5,F,OD,NI,D
14:17:02,INDF,RG,6650,216,F,BK,LG,D
14:17:02,INDF,RG,6650,84,F,AK,LG,D
14:17:01,INDF,RG,6650,1,F,AK,CG,D
14:17:01,INDF,RG,6650,4,F,AK,AK,D
14:16:52,INDF,RG,6650,38,F,AK,CG,D
14:16:51,INDF,RG,6650,152,F,AK,BK,F
14:16:50,INDF,RG,6650,97,F,AK,BK,F
14:16:49,INDF,RG,6650,2,F,AK,CG,D
14:16:49,INDF,RG,6650,10,F,AK,TP,D
14:16:47,INDF,RG,6650,2,F,AK,PD,D
14:16:47,INDF,RG,6650,3,D,YP,PD,D
14:16:34,INDF,RG,6650,1,D,YP,KK,D
14:16:28,INDF,RG,6650,4,D,YP,SQ,D
14:16:27,INDF,RG,6650,2,D,YP,DR,D
14:16:14,INDF,RG,6650,1,F,AK,CC,D
14:16:00,INDF,RG,6650,2,F,AK,CG,D
14:16:00,INDF,RG,6650,9,F,AK,TP,D
14:15:59,INDF,RG,6650,1,F,AK,TP,D
14:15:59,INDF,RG,6650,40,F,AK,TP,D
14:15:49,INDF,RG,6650,31,F,AK,LS,D
14:15:49,INDF,RG,6650,4,F,AK,LS,D
14:15:49,INDF,RG,6650,65,F,OD,LS,D
14:15:46,INDF,RG,6650,10,F,OD,TP,D
14:15:35,INDF,RG,6650,225,F,OD,LG,D
14:15:35,INDF,RG,6650,75,F,AK,LG,D
14:15:31,INDF,RG,6650,4,F,AK,AK,D
14:15:27,INDF,RG,6650,10,F,AK,CG,D
14:15:27,INDF,RG,6650,11,F,AK,CG,D
14:15:27,INDF,RG,6650,279,F,AK,LG,D
14:15:25,INDF,RG,6650,12,F,AK,LG,D
14:15:25,INDF,RG,6650,9,F,AK,LG,D
14:15:07,INDF,RG,6650,10,F,AK,DR,D
14:14:59,INDF,RG,6650,6,F,AK,XC,D
14:14:58,INDF,RG,6650,1,F,AK,CS,F
14:14:58,INDF,RG,6650,2,F,AK,CS,F
14:14:57,INDF,RG,6650,10,F,AK,PD,D
14:14:54,INDF,RG,6650,10,F,AK,CP,D
14:14:52,INDF,RG,6650,3,F,AK,CG,D
14:14:51,INDF,RG,6650,217,F,AK,BK,F
14:14:51,INDF,RG,6650,34,F,AK,BK,F
14:14:50,INDF,RG,6650,7,F,AK,CG,D
14:14:50,INDF,RG,6650,30,F,AK,TP,D
14:14:48,INDF,RG,6650,20,F,AK,TP,D
14:14:40,INDF,RG,6650,10,F,AK,CP,D
14:14:39,INDF,RG,6675,1,F,AK,YP,D
14:14:37,INDF,RG,6650,10,F,AK,CG,D
14:14:37,INDF,RG,6650,1,F,AK,CS,F
14:14:37,INDF,RG,6650,1,F,AK,CS,F
14:14:37,INDF,RG,6650,1,F,AK,CS,F
14:14:37,INDF,RG,6650,1,F,AK,CS,F
14:14:36,INDF,RG,6650,107,F,AK,LG,D
14:14:36,INDF,RG,6650,3,F,AK,LG,D
14:14:36,INDF,RG,6650,1,F,AK,LG,D
14:14:36,INDF,RG,6650,24,F,AK,LG,D
14:14:36,INDF,RG,6650,87,F,AK,LG,D
14:14:36,INDF,RG,6650,2,D,YP,LG,D
14:14:36,INDF,RG,6650,76,D,ZP,LG,D
14:14:32,INDF,RG,6650,296,D,ZP,LG,D
14:14:32,INDF,RG,6650,4,F,AK,LG,D
14:14:31,INDF,RG,6650,50,F,AK,TP,D
14:14:24,INDF,RG,6650,1,F,AK,CS,F
14:14:24,INDF,RG,6650,1,F,AK,CS,F
14:14:24,INDF,RG,6650,1,F,AK,CS,F
14:14:24,INDF,RG,6650,1,F,AK,CS,F
14:14:24,INDF,RG,6650,16,F,AK,CG,D
14:14:24,INDF,RG,6650,90,F,AK,BK,F
14:14:24,INDF,RG,6650,59,D,ZP,BK,F
14:14:24,INDF,RG,6650,43,D,ZP,BK,F
14:14:23,INDF,RG,6650,1,D,ZP,YP,D
14:14:23,INDF,RG,6650,1,D,ZP,CS,F
14:14:23,INDF,RG,6650,209,D,ZP,CG,D
14:14:22,INDF,RG,6650,4,F,AK,CG,D
14:14:22,INDF,RG,6650,5,F,AK,CG,D
14:14:22,INDF,RG,6650,7,F,AK,LG,D
14:14:22,INDF,RG,6650,75,D,GR,LG,D
14:14:22,INDF,RG,6650,72,F,AK,LG,D
14:14:22,INDF,RG,6650,21,F,AK,LG,D
14:14:22,INDF,RG,6650,5,D,GR,LG,D
14:14:22,INDF,RG,6650,120,D,ZP,LG,D
14:14:20,INDF,RG,6650,60,D,ZP,PD,D
14:14:18,INDF,RG,6650,64,D,ZP,BK,F
14:14:15,INDF,RG,6650,5,D,ZP,AK,D
14:14:13,INDF,RG,6650,29,D,ZP,CG,D
14:14:13,INDF,RG,6650,7,F,AK,CG,D
14:14:13,INDF,RG,6650,199,F,AK,CG,D
14:14:13,INDF,RG,6675,48,F,AK,YP,D
14:14:13,INDF,RG,6675,50,F,AK,TP,D
14:14:13,INDF,RG,6675,3,F,AK,YP,D
14:14:13,INDF,RG,6675,75,F,AK,KK,D
14:14:13,INDF,RG,6675,5,F,AK,OD,D
14:14:13,INDF,RG,6675,14,F,AK,YP,D
14:14:13,INDF,RG,6675,2,F,AK,XC,D
14:14:13,INDF,RG,6675,5,F,AK,YP,D
14:14:13,INDF,RG,6675,5,F,AK,YP,D
14:14:13,INDF,RG,6675,5,F,AK,NI,D
14:14:13,INDF,RG,6675,1,F,AK,GR,D
14:14:13,INDF,RG,6675,3,F,AK,PD,D
14:14:13,INDF,RG,6675,20,F,AK,CC,D
14:14:13,INDF,RG,6675,1,F,AK,GR,D
14:14:13,INDF,RG,6675,10,F,AK,NI,D
14:14:13,INDF,RG,6675,3,F,AK,AZ,D
14:14:13,INDF,RG,6675,10,F,AK,CC,D
14:14:13,INDF,RG,6675,5,F,AK,YP,D
14:14:13,INDF,RG,6675,5,F,AK,PD,D
14:14:13,INDF,RG,6675,10,F,AK,CP,D
14:14:13,INDF,RG,6675,6,F,AK,YP,D
14:14:12,INDF,RG,6650,111,F,AK,BK,F
14:14:12,INDF,RG,6650,2,F,AK,CS,F
14:14:12,INDF,RG,6650,83,F,AK,LG,D
14:14:12,INDF,RG,6650,29,F,AK,LG,D
14:14:12,INDF,RG,6650,1,D,NI,LG,D
14:14:12,INDF,RG,6650,1,D,XC,LG,D
14:14:12,INDF,RG,6650,2,D,AT,LG,D
14:14:12,INDF,RG,6650,16,D,EP,LG,D
14:14:12,INDF,RG,6650,500,F,OD,LG,D
14:14:12,INDF,RG,6650,70,D,CC,LG,D
14:14:12,INDF,RG,6650,3,D,XC,LG,D
14:14:12,INDF,RG,6650,1,D,PD,LG,D
14:14:12,INDF,RG,6650,5,D,AT,LG,D
14:14:12,INDF,RG,6650,23,D,YP,LG,D
14:14:12,INDF,RG,6650,466,F,OD,LG,D
14:14:10,INDF,RG,6650,11,F,OD,BK,F
14:14:09,INDF,RG,6650,9,F,OD,CG,D
14:14:05,INDF,RG,6675,10,D,NI,YP,D
14:14:01,INDF,RG,6650,14,F,OD,LG,D
14:14:01,INDF,RG,6650,30,D,TP,LG,D
14:14:01,INDF,RG,6650,500,D,ZP,LG,D
14:14:01,INDF,RG,6650,356,F,OD,LG,D
14:13:54,INDF,RG,6650,9,F,OD,CG,D
14:13:46,INDF,RG,6675,10,D,NI,YP,D
14:13:42,INDF,RG,6650,5,F,OD,PD,D
14:13:34,INDF,RG,6650,8,F,OD,CG,D
14:13:31,INDF,RG,6650,1,F,OD,PD,D
14:13:19,INDF,RG,6650,8,F,OD,CG,D
14:13:02,INDF,RG,6650,37,F,OD,YP,D
14:13:01,INDF,RG,6650,50,F,OD,HD,D
14:12:59,INDF,RG,6650,11,F,OD,CG,D
14:12:48,INDF,RG,6650,10,F,OD,NI,D
14:12:45,INDF,RG,6650,5,F,OD,AK,D
14:12:39,INDF,RG,6650,11,D,ZP,CG,D
14:12:19,INDF,RG,6650,11,D,ZP,CG,D
14:12:10,INDF,RG,6650,5,D,ZP,YP,D
14:11:59,INDF,RG,6650,11,D,ZP,CG,D
14:11:46,INDF,RG,6650,6,D,ZP,DR,D
14:11:39,INDF,RG,6650,12,D,ZP,CG,D
14:11:19,INDF,RG,6650,10,D,ZP,CG,D
14:11:01,INDF,RG,6650,10,D,ZP,CG,D
14:10:48,INDF,RG,6650,1,D,ZP,XC,D
14:10:45,INDF,RG,6650,6,D,ZP,AK,D
14:10:44,INDF,RG,6650,11,D,ZP,CG,D
14:10:37,INDF,RG,6650,3,D,ZP,CS,F
14:10:37,INDF,RG,6650,10,D,ZP,PD,D
14:10:36,INDF,RG,6650,87,D,ZP,AO,D
14:10:36,INDF,RG,6650,50,D,OD,AO,D
14:10:36,INDF,RG,6650,3,D,XC,AO,D
14:10:36,INDF,RG,6650,48,F,AK,AO,D
14:10:36,INDF,RG,6650,500,F,OD,AO,D
14:10:36,INDF,RG,6650,53,F,AK,AO,D
14:10:36,INDF,RG,6650,476,F,AK,AO,D
14:10:36,INDF,RG,6650,572,F,AK,AO,D
14:10:36,INDF,RG,6650,211,F,OD,AO,D
14:10:29,INDF,RG,6650,10,F,OD,CG,D
14:10:09,INDF,RG,6650,11,F,OD,CG,D
14:09:49,INDF,RG,6650,7,F,OD,CG,D
14:09:29,INDF,RG,6650,8,F,OD,CG,D
14:09:14,INDF,RG,6650,10,F,OD,CG,D
14:09:04,INDF,RG,6650,10,F,OD,EP,D
14:08:54,INDF,RG,6650,11,F,OD,CG,D
14:08:53,INDF,RG,6650,4,F,OD,YP,D
14:08:46,INDF,RG,6650,1,F,OD,NI,D
14:08:45,INDF,RG,6675,25,D,SQ,YP,D
14:08:35,INDF,RG,6650,9,F,OD,CG,D
14:08:19,INDF,RG,6650,12,F,OD,CG,D
14:07:59,INDF,RG,6650,8,F,OD,CG,D
14:07:44,INDF,RG,6650,11,F,OD,CG,D
14:07:38,INDF,RG,6650,10,F,OD,KK,D
14:07:25,INDF,RG,6650,10,F,OD,CG,D
14:07:24,INDF,RG,6650,1,F,OD,PD,D
14:07:15,INDF,RG,6650,1,F,OD,XC,D
14:07:09,INDF,RG,6650,11,F,OD,CG,D
14:06:49,INDF,RG,6650,8,F,OD,CG,D
14:06:30,INDF,RG,6650,4,F,OD,AK,D
14:06:29,INDF,RG,6650,10,F,OD,CG,D
14:06:13,INDF,RG,6650,2,F,OD,YP,D
14:06:10,INDF,RG,6650,10,F,OD,CG,D
14:05:54,INDF,RG,6650,9,F,OD,CG,D
14:05:44,INDF,RG,6650,10,F,OD,AT,D
14:05:36,INDF,RG,6650,10,F,OD,CG,D
14:05:29,INDF,RG,6650,10,F,OD,NI,D
14:05:17,INDF,RG,6650,9,F,OD,CG,D
14:05:08,INDF,RG,6650,4,F,OD,CS,F
14:04:59,INDF,RG,6650,12,F,OD,CG,D
14:04:44,INDF,RG,6650,11,F,OD,CG,D
14:04:32,INDF,RG,6675,5,D,YP,YP,D
14:04:29,INDF,RG,6650,10,F,OD,CG,D
14:04:22,INDF,RG,6650,3,F,OD,PD,D
14:04:19,INDF,RG,6650,1,F,OD,XC,D
14:04:15,INDF,RG,6650,1,F,OD,PD,D
14:04:09,INDF,RG,6650,10,F,OD,CG,D
14:04:00,INDF,RG,6650,5,F,OD,AK,D
14:03:52,INDF,RG,6650,5,F,OD,CG,D
14:03:52,INDF,RG,6650,1,D,XC,CG,D
14:03:52,INDF,RG,6650,4,D,ZP,CG,D
14:03:41,INDF,RG,6650,10,D,ZP,NI,D
14:03:38,INDF,RG,6650,3,D,ZP,XC,D
14:03:34,INDF,RG,6650,11,D,ZP,CG,D
14:03:16,INDF,RG,6650,8,D,ZP,CG,D
14:03:08,INDF,RG,6675,10,D,YP,YP,D
14:03:02,INDF,RG,6650,2,D,ZP,PD,D
14:02:59,INDF,RG,6650,11,D,ZP,CG,D
14:02:39,INDF,RG,6650,7,D,ZP,CG,D
14:02:18,INDF,RG,6650,8,D,ZP,CG,D
14:01:59,INDF,RG,6650,12,D,ZP,CG,D
14:01:51,INDF,RG,6650,2,D,ZP,YP,D
14:01:45,INDF,RG,6650,5,D,ZP,AK,D
14:01:38,INDF,RG,6650,10,D,ZP,CG,D
14:01:34,INDF,RG,6650,31,D,ZP,KK,D
14:01:19,INDF,RG,6650,10,D,ZP,CG,D
14:01:03,INDF,RG,6650,20,D,ZP,PD,D
14:01:00,INDF,RG,6650,10,D,ZP,CG,D
14:00:59,INDF,RG,6650,4,D,ZP,CC,D
14:00:44,INDF,RG,6650,13,D,ZP,CG,D
14:00:22,INDF,RG,6650,11,D,ZP,CG,D
14:00:22,INDF,RG,6650,4,D,ZP,PD,D
14:00:15,INDF,RG,6650,5,D,ZP,AK,D
14:00:04,INDF,RG,6650,10,D,ZP,CG,D
13:59:44,INDF,RG,6650,10,D,ZP,CG,D
13:59:24,INDF,RG,6650,10,D,ZP,CG,D
13:59:04,INDF,RG,6650,11,D,ZP,CG,D
13:58:45,INDF,RG,6650,5,D,ZP,AK,D
13:58:44,INDF,RG,6650,12,D,ZP,CG,D
13:58:24,INDF,RG,6650,11,D,ZP,CG,D
13:58:13,INDF,RG,6650,22,D,ZP,KK,D
13:58:06,INDF,RG,6650,7,D,ZP,CG,D
13:57:56,INDF,RG,6650,1,D,ZP,YP,D
13:57:49,INDF,RG,6650,10,D,ZP,CG,D
13:57:41,INDF,RG,6650,4,D,ZP,XC,D
13:57:29,INDF,RG,6650,8,D,ZP,CG,D
13:57:12,INDF,RG,6650,9,D,ZP,CG,D
13:56:54,INDF,RG,6650,11,D,ZP,CG,D
13:56:39,INDF,RG,6650,10,D,ZP,CG,D
13:56:34,INDF,RG,6650,20,D,ZP,NI,D
13:56:24,INDF,RG,6650,10,D,ZP,CG,D
13:56:15,INDF,RG,6650,6,D,ZP,AK,D
13:56:06,INDF,RG,6650,10,D,ZP,CG,D
13:55:56,INDF,RG,6650,4,D,ZP,CS,F
13:55:49,INDF,RG,6650,8,D,ZP,CG,D
13:55:33,INDF,RG,6650,1,D,ZP,PD,D
13:55:29,INDF,RG,6650,11,D,ZP,CG,D
13:55:08,INDF,RG,6650,8,D,ZP,CG,D
13:55:01,INDF,RG,6650,20,D,ZP,PD,D
13:54:49,INDF,RG,6650,9,D,ZP,CG,D
13:54:47,INDF,RG,6675,2,D,PD,YP,D
13:54:41,INDF,RG,6675,16,D,CC,YP,D
13:54:34,INDF,RG,6650,10,D,ZP,CG,D
13:54:14,INDF,RG,6650,8,D,ZP,CG,D
13:54:09,INDF,RG,6650,3,D,ZP,PD,D
13:53:58,INDF,RG,6675,16,F,AK,YP,D
13:53:58,INDF,RG,6675,2,F,AK,PD,D
13:53:58,INDF,RG,6675,2,F,AK,XC,D
13:53:58,INDF,RG,6675,2,F,AK,CC,D
13:53:58,INDF,RG,6675,2,F,AK,KK,D
13:53:58,INDF,RG,6675,35,F,AK,EP,D
13:53:58,INDF,RG,6675,30,F,AK,KK,D
13:53:58,INDF,RG,6675,2,F,AK,AZ,D
13:53:58,INDF,RG,6675,10,F,AK,BQ,D
13:53:58,INDF,RG,6675,1,F,AK,PD,D
13:53:58,INDF,RG,6675,114,F,AK,XA,D
13:53:56,INDF,RG,6650,20,D,ZP,YP,D
13:53:56,INDF,RG,6650,80,F,OD,YP,D
13:53:54,INDF,RG,6650,11,F,OD,CG,D
13:53:48,INDF,RG,6650,3,F,OD,YP,D
13:53:41,INDF,RG,6650,1,F,OD,PD,D
13:53:34,INDF,RG,6650,11,F,OD,CG,D
13:53:22,INDF,RG,6650,106,F,OD,GR,D
13:53:18,INDF,RG,6650,10,F,OD,CG,D
13:53:18,INDF,RG,6650,28,F,OD,XC,D
13:53:17,INDF,RG,6650,20,F,OD,PD,D
13:53:00,INDF,RG,6650,1,F,OD,AT,D
13:52:59,INDF,RG,6650,10,F,OD,CG,D
13:52:46,INDF,RG,6650,20,F,OD,CC,D
13:52:44,INDF,RG,6650,10,F,OD,CG,D
13:52:24,INDF,RG,6650,10,F,OD,CG,D
13:52:04,INDF,RG,6650,10,F,OD,CG,D
13:51:44,INDF,RG,6650,9,F,OD,CG,D
13:51:41,INDF,RG,6650,70,F,OD,DH,D
13:51:25,INDF,RG,6650,5,F,OD,AK,D
13:51:24,INDF,RG,6650,9,F,OD,CG,D
13:51:16,INDF,RG,6650,76,F,OD,YP,D
13:51:16,INDF,RG,6650,10,F,NI,YP,D
13:51:16,INDF,RG,6650,4,F,AK,YP,D
13:51:06,INDF,RG,6650,23,F,AK,AI,D
13:51:06,INDF,RG,6650,1,D,DH,AI,D
13:51:06,INDF,RG,6650,1,D,PD,AI,D
13:51:06,INDF,RG,6650,3,D,PD,AI,D
13:51:06,INDF,RG,6650,2,F,CC,AI,D
13:51:04,INDF,RG,6650,10,D,XC,CG,D
13:50:44,INDF,RG,6650,1,D,XC,CG,D
13:50:44,INDF,RG,6650,9,D,ZP,CG,D
13:50:24,INDF,RG,6650,11,D,ZP,CG,D
13:50:18,INDF,RG,6650,1,D,ZP,NI,D
13:50:04,INDF,RG,6650,8,D,ZP,CG,D
13:49:49,INDF,RG,6650,8,D,ZP,CG,D
13:49:42,INDF,RG,6650,2,D,ZP,CC,D
13:49:33,INDF,RG,6650,7,D,ZP,CG,D
13:49:32,INDF,RG,6650,30,D,ZP,PD,D
13:49:30,INDF,RG,6650,5,D,ZP,XC,D
13:49:30,INDF,RG,6650,5,D,ZP,AK,D
13:49:14,INDF,RG,6650,9,D,ZP,CG,D
13:49:07,INDF,RG,6650,1,D,ZP,PD,D
13:49:04,INDF,RG,6650,2,D,ZP,KK,D
13:48:53,INDF,RG,6650,9,D,ZP,CG,D
13:48:53,INDF,RG,6650,1,D,ZP,PD,D
13:48:48,INDF,RG,6675,4,D,CC,XA,D
13:48:42,INDF,RG,6650,3,D,ZP,SQ,D
13:48:37,INDF,RG,6675,15,D,CC,XA,D
13:48:33,INDF,RG,6650,8,D,ZP,CG,D
13:48:14,INDF,RG,6650,10,D,ZP,CG,D
13:48:10,INDF,RG,6650,10,D,ZP,SQ,D
13:47:54,INDF,RG,6650,12,D,ZP,CG,D
13:47:34,INDF,RG,6650,9,D,ZP,CG,D
13:47:30,INDF,RG,6650,6,D,ZP,AK,D
13:47:14,INDF,RG,6650,10,D,ZP,CG,D
13:47:01,INDF,RG,6650,4,D,ZP,CS,F
13:46:55,INDF,RG,6650,2,D,ZP,SQ,D
13:46:54,INDF,RG,6650,13,D,ZP,CG,D
13:46:50,INDF,RG,6650,74,D,ZP,YP,D
13:46:50,INDF,RG,6650,4,D,PD,YP,D
13:46:50,INDF,RG,6650,2,D,PD,YP,D
13:46:50,INDF,RG,6650,1,D,DH,YP,D
13:46:50,INDF,RG,6650,2,D,EP,YP,D
13:46:50,INDF,RG,6650,2,D,EP,YP,D
13:46:50,INDF,RG,6650,15,F,OD,YP,D
13:46:41,INDF,RG,6650,1,F,OD,YP,D
13:46:34,INDF,RG,6650,13,F,OD,CG,D
13:46:31,INDF,RG,6650,10,F,OD,CC,D
13:46:30,INDF,RG,6650,5,F,OD,AK,D
13:46:14,INDF,RG,6650,50,F,OD,PD,D
13:46:14,INDF,RG,6650,12,F,OD,CG,D
13:46:11,INDF,RG,6650,1,F,OD,YP,D
13:46:08,INDF,RG,6650,50,F,OD,PD,D
13:45:56,INDF,RG,6650,9,F,OD,CG,D
13:45:38,INDF,RG,6650,9,F,OD,CG,D
13:45:19,INDF,RG,6650,10,F,OD,CG,D
13:44:59,INDF,RG,6650,9,F,OD,CG,D
13:44:47,INDF,RG,6650,5,F,OD,NI,D
13:44:44,INDF,RG,6650,1,F,OD,LG,D
13:44:39,INDF,RG,6650,8,F,OD,CG,D
13:44:21,INDF,RG,6650,8,F,OD,CG,D
13:44:05,INDF,RG,6650,1,F,OD,PD,D
13:44:04,INDF,RG,6650,10,F,OD,CG,D
13:43:44,INDF,RG,6650,10,F,OD,CG,D
13:43:24,INDF,RG,6650,10,F,OD,CG,D
13:43:04,INDF,RG,6650,10,F,OD,CG,D
13:42:49,INDF,RG,6650,10,F,OD,CG,D
13:42:36,INDF,RG,6650,23,F,OD,NI,D
13:42:35,INDF,RG,6650,1,F,OD,XC,D
13:42:29,INDF,RG,6650,8,F,OD,CG,D
13:42:09,INDF,RG,6650,10,F,OD,CG,D
13:42:02,INDF,RG,6650,191,F,OD,LG,D
13:42:02,INDF,RG,6650,11,F,AK,LG,D
13:42:02,INDF,RG,6650,1,D,PD,LG,D
13:42:02,INDF,RG,6650,40,F,AK,LG,D
13:42:02,INDF,RG,6650,2,F,AK,LG,D
13:41:58,INDF,RG,6650,1,F,AK,PD,D
13:41:49,INDF,RG,6650,10,F,AK,CG,D
13:41:42,INDF,RG,6650,18,F,AK,EP,D
13:41:42,INDF,RG,6650,1,D,XC,EP,D
13:41:42,INDF,RG,6650,15,F,AK,EP,D
13:41:42,INDF,RG,6650,66,D,ZP,EP,D
13:41:29,INDF,RG,6650,9,D,ZP,CG,D
13:41:18,INDF,RG,6650,6,D,ZP,YB,D
13:41:14,INDF,RG,6650,10,D,ZP,CG,D
13:40:54,INDF,RG,6650,9,D,ZP,CG,D
13:40:48,INDF,RG,6650,5,D,ZP,RO,D
13:40:35,INDF,RG,6650,12,D,ZP,CG,D
13:40:34,INDF,RG,6650,5,D,ZP,DH,D
13:40:22,INDF,RG,6650,1,D,ZP,LS,D
13:40:19,INDF,RG,6650,8,D,ZP,CG,D
13:40:03,INDF,RG,6675,17,F,AK,XA,D
13:40:03,INDF,RG,6675,1,F,AK,CS,F
13:40:03,INDF,RG,6675,5,F,AK,NI,D
13:40:03,INDF,RG,6675,5,F,AK,YP,D
13:40:03,INDF,RG,6675,25,F,AK,YP,D
13:40:03,INDF,RG,6675,6,F,AK,DH,D
13:40:03,INDF,RG,6675,5,F,AK,HP,D
13:40:03,INDF,RG,6675,1,F,AK,NI,D
13:40:03,INDF,RG,6675,118,F,AK,LG,D
13:40:01,INDF,RG,6650,38,D,ZP,AI,D
13:39:59,INDF,RG,6650,9,D,ZP,CG,D
13:39:42,INDF,RG,6650,1,D,ZP,SQ,D
13:39:39,INDF,RG,6650,9,D,ZP,CG,D
13:39:29,INDF,RG,6650,1,D,ZP,LS,D
13:39:24,INDF,RG,6650,10,D,ZP,CG,D
13:39:16,INDF,RG,6650,1,D,ZP,SQ,D
13:39:04,INDF,RG,6650,8,D,ZP,CG,D
13:38:44,INDF,RG,6650,12,D,ZP,CG,D
13:38:33,INDF,RG,6650,50,D,ZP,GR,D
13:38:33,INDF,RG,6650,1,D,ZP,CC,D
13:38:24,INDF,RG,6650,11,D,ZP,CG,D
13:38:18,INDF,RG,6650,1,D,ZP,XC,D
13:38:16,INDF,RG,6650,5,D,ZP,PD,D
13:38:04,INDF,RG,6650,11,D,ZP,CG,D
13:37:54,INDF,RG,6650,100,D,ZP,YP,D
13:37:48,INDF,RG,6650,18,D,ZP,PD,D
13:37:44,INDF,RG,6650,10,D,ZP,CG,D
13:37:24,INDF,RG,6650,11,D,ZP,CG,D
13:37:15,INDF,RG,6650,8,D,ZP,PD,D
13:37:04,INDF,RG,6650,11,D,ZP,CG,D
13:36:48,INDF,RG,6650,15,D,ZP,YP,D
13:36:44,INDF,RG,6650,11,D,ZP,CG,D
13:36:36,INDF,RG,6650,3,D,ZP,CS,F
13:36:25,INDF,RG,6650,2,D,ZP,NI,D
13:36:24,INDF,RG,6650,12,D,ZP,CG,D
13:36:04,INDF,RG,6650,8,D,CC,CG,D
13:36:04,INDF,RG,6650,1,D,XC,CG,D
13:36:04,INDF,RG,6650,1,D,YP,CG,D
13:36:04,INDF,RG,6650,2,F,OD,CG,D
13:35:44,INDF,RG,6650,11,F,OD,CG,D
13:35:29,INDF,RG,6650,14,F,OD,CG,D
13:35:09,INDF,RG,6650,10,F,OD,CG,D
13:35:04,INDF,RG,6650,1,F,OD,DH,D
13:34:59,INDF,RG,6650,20,F,OD,YP,D
13:34:54,INDF,RG,6650,9,F,OD,CG,D
13:34:47,INDF,RG,6650,1,F,OD,GR,D
13:34:45,INDF,RG,6650,5,F,OD,CC,D
13:34:35,INDF,RG,6650,1,F,OD,PD,D
13:34:33,INDF,RG,6650,18,F,OD,CG,D
13:34:32,INDF,RG,6650,2,F,OD,PD,D
13:34:14,INDF,RG,6650,9,F,OD,CG,D
13:33:59,INDF,RG,6650,12,F,OD,CG,D
13:33:46,INDF,RG,6650,4,F,OD,PD,D
13:33:39,INDF,RG,6650,12,F,OD,CG,D
13:33:19,INDF,RG,6650,11,F,OD,CG,D
13:32:59,INDF,RG,6650,8,F,OD,CG,D
13:32:39,INDF,RG,6650,10,F,OD,CG,D
13:32:19,INDF,RG,6650,10,F,OD,CG,D
13:32:11,INDF,RG,6650,150,F,OD,LG,D
13:31:59,INDF,RG,6650,8,F,OD,CG,D
13:31:50,INDF,RG,6650,1,F,OD,NI,D
13:31:47,INDF,RG,6650,10,F,OD,GR,D
13:31:39,INDF,RG,6650,11,F,OD,CG,D
13:31:19,INDF,RG,6650,14,F,OD,CG,D
13:30:58,INDF,RG,6650,48,F,OD,CG,D
13:30:57,INDF,RG,6650,5,F,OD,XC,D
13:30:50,INDF,RG,6650,10,F,OD,TP,D
13:30:39,INDF,RG,6650,53,F,OD,CG,D
13:30:38,INDF,RG,6650,1,F,OD,XC,D
13:30:21,INDF,RG,6650,19,F,OD,YP,D
13:30:21,INDF,RG,6650,25,D,ZP,YP,D
13:30:21,INDF,RG,6650,1,D,NI,YP,D
13:30:21,INDF,RG,6650,1,D,PD,YP,D
13:30:21,INDF,RG,6650,154,D,KK,YP,D
13:30:19,INDF,RG,6675,5,F,AK,LG,D
13:30:18,INDF,RG,6675,4,F,AK,LG,D
13:30:17,INDF,RG,6650,37,D,KK,CG,D
13:30:16,INDF,RG,6675,10,F,AK,LG,D
13:30:16,INDF,RG,6650,22,D,KK,AK,D
13:30:15,INDF,RG,6650,5,D,KK,YP,D
13:30:14,INDF,RG,6650,3,D,KK,CS,F
13:30:14,INDF,RG,6675,163,F,AK,LG,D
13:30:14,INDF,RG,6675,1,F,AK,XA,D
13:30:14,INDF,RG,6675,1,F,AK,XC,D
13:30:14,INDF,RG,6675,37,F,AK,YP,D
13:30:13,INDF,RG,6650,50,D,KK,YP,D
13:30:13,INDF,RG,6650,10,D,KK,YP,D
13:30:12,INDF,RG,6650,200,D,KK,CC,D
13:30:11,INDF,RG,6650,5,D,KK,YP,D
13:30:11,INDF,RG,6650,14,D,KK,CC,D
13:30:11,INDF,RG,6650,11,F,OD,CC,D
13:30:09,INDF,RG,6650,12,F,OD,CC,D
13:30:09,INDF,RG,6650,28,F,OD,CC,D
13:30:08,INDF,RG,6650,2,F,OD,DH,D
13:30:07,INDF,RG,6650,4,F,OD,DH,D
13:30:07,INDF,RG,6650,12,F,OD,PD,D
13:30:07,INDF,RG,6650,1,F,OD,XC,D
13:30:07,INDF,RG,6650,7,F,OD,XC,D
13:30:07,INDF,RG,6650,1,F,OD,PD,D
13:30:06,INDF,RG,6650,1,F,OD,PD,D
13:30:06,INDF,RG,6650,2,F,OD,AZ,D
13:30:06,INDF,RG,6650,20,F,OD,CC,D
13:30:06,INDF,RG,6650,7,F,OD,PD,D
13:30:04,INDF,RG,6650,1,F,OD,KK,D
13:30:04,INDF,RG,6650,4,F,OD,SQ,D
13:30:04,INDF,RG,6650,3,F,OD,CC,D
13:30:04,INDF,RG,6650,1,F,OD,PD,D
13:30:04,INDF,RG,6650,2,F,OD,PD,D
13:30:04,INDF,RG,6650,165,F,OD,GR,D
13:30:04,INDF,RG,6650,1,F,OD,CC,D
13:30:03,INDF,RG,6675,13,D,PD,YP,D
13:30:03,INDF,RG,6675,3,D,PD,PD,D
13:30:03,INDF,RG,6675,1,D,PD,NI,D
13:30:03,INDF,RG,6675,5,D,PD,YP,D
13:30:03,INDF,RG,6650,5,F,OD,PD,D
13:30:03,INDF,RG,6650,210,F,OD,AZ,D
13:30:03,INDF,RG,6650,7,D,CC,AZ,D
13:30:03,INDF,RG,6650,1,D,CC,PD,D
13:30:03,INDF,RG,6675,2,D,PD,YP,D
13:30:03,INDF,RG,6650,1,D,CC,PD,D
13:30:03,INDF,RG,6650,25,D,CC,PD,D
13:30:02,INDF,RG,6650,11,D,CC,CG,D
13:30:02,INDF,RG,6650,50,D,CC,PD,D
13:30:02,INDF,RG,6650,2,D,CC,KK,D
13:30:02,INDF,RG,6650,3,D,CC,SQ,D
13:30:02,INDF,RG,6650,1,D,CC,SQ,D
13:30:02,INDF,RG,6650,6,F,OD,SQ,D
13:30:02,INDF,RG,6650,100,F,OD,CD,D
11:29:56,INDF,RG,6650,9,F,OD,CG,D
11:29:55,INDF,RG,6650,1,F,OD,CC,D
11:29:44,INDF,RG,6675,11,D,CC,YP,D
11:29:40,INDF,RG,6650,10,F,OD,NI,D
11:29:39,INDF,RG,6650,8,F,OD,CG,D
11:29:25,INDF,RG,6650,1,F,OD,AK,D
11:29:19,INDF,RG,6650,9,F,OD,CG,D
11:29:04,INDF,RG,6650,7,F,OD,CG,D
11:29:03,INDF,RG,6650,8,F,OD,KK,D
11:28:57,INDF,RG,6650,300,F,OD,LG,D
11:28:48,INDF,RG,6650,1,F,OD,PD,D
11:28:44,INDF,RG,6650,8,F,OD,CG,D
11:28:24,INDF,RG,6650,8,F,OD,CG,D
11:28:19,INDF,RG,6650,8,F,OD,PD,D
11:28:09,INDF,RG,6650,6,F,OD,CG,D
11:27:52,INDF,RG,6650,7,F,OD,CG,D
11:27:36,INDF,RG,6650,3,F,OD,NI,D
11:27:36,INDF,RG,6650,1,D,PD,NI,D
11:27:36,INDF,RG,6650,4,D,CC,NI,D
11:27:36,INDF,RG,6650,14,D,CC,YP,F
11:27:34,INDF,RG,6650,2,D,CC,CG,D
11:27:34,INDF,RG,6650,5,F,OD,CG,D
11:27:25,INDF,RG,6650,5,F,OD,AK,D
11:27:25,INDF,RG,6650,300,F,OD,LG,D
11:27:19,INDF,RG,6650,5,F,OD,CG,D
11:27:07,INDF,RG,6650,185,F,OD,LG,D
11:27:07,INDF,RG,6650,1,F,AK,LG,D
11:27:07,INDF,RG,6650,1,F,AK,LG,D
11:27:07,INDF,RG,6650,113,F,ZP,LG,D
11:27:05,INDF,RG,6650,10,F,ZP,YP,D
11:27:03,INDF,RG,6650,167,F,ZP,LG,D
11:27:03,INDF,RG,6650,1,D,PD,LG,D
11:27:03,INDF,RG,6650,2,D,CC,LG,D
11:27:03,INDF,RG,6650,130,F,AK,LG,D
11:27:00,INDF,RG,6650,8,F,AK,CG,D
11:26:44,INDF,RG,6650,6,F,AK,CG,D
11:26:40,INDF,RG,6650,2,F,AK,AK,D
11:26:24,INDF,RG,6650,6,F,AK,CG,D
11:26:10,INDF,RG,6650,1,F,AK,AK,D
11:26:04,INDF,RG,6650,6,F,AK,CG,D
11:25:59,INDF,RG,6650,10,F,AK,KK,F
11:25:58,INDF,RG,6650,10,F,AK,SQ,D
11:25:57,INDF,RG,6650,20,F,AK,YP,D
11:25:57,INDF,RG,6650,180,F,AK,YP,D
11:25:53,INDF,RG,6650,6,F,AK,CC,D
11:25:44,INDF,RG,6650,6,F,AK,CG,D
11:25:37,INDF,RG,6650,1,F,AK,CC,D
11:25:24,INDF,RG,6650,5,F,AK,CG,D
11:25:14,INDF,RG,6650,10,F,AK,DH,D
11:25:04,INDF,RG,6650,6,F,AK,CG,D
11:24:50,INDF,RG,6650,6,F,AK,KK,D
11:24:46,INDF,RG,6650,6,F,AK,CG,D
11:24:40,INDF,RG,6650,5,F,AK,AK,D
11:24:29,INDF,RG,6650,8,F,AK,CG,D
11:24:22,INDF,RG,6650,1,F,AK,AK,D
11:24:21,INDF,RG,6650,4,F,AK,CS,F
11:24:09,INDF,RG,6650,7,F,AK,CG,D
11:23:49,INDF,RG,6650,12,F,AK,CG,D
11:23:39,INDF,RG,6650,1,F,AK,NI,D
11:23:36,INDF,RG,6650,10,F,AK,ZP,D
11:23:29,INDF,RG,6650,6,F,AK,CG,D
11:23:25,INDF,RG,6650,4,F,AK,AK,D
11:23:09,INDF,RG,6650,6,F,AK,CG,D
11:22:48,INDF,RG,6650,5,F,AK,CG,D
11:22:40,INDF,RG,6650,3,F,OD,AK,D
11:22:29,INDF,RG,6650,6,F,OD,CG,D
11:22:29,INDF,RG,6650,8,F,OD,PD,D
11:22:10,INDF,RG,6650,2,F,OD,AK,D
11:22:09,INDF,RG,6650,12,F,OD,CG,D
11:21:52,INDF,RG,6650,1,F,OD,PD,D
11:21:49,INDF,RG,6650,7,F,OD,CG,D
11:21:42,INDF,RG,6650,110,F,OD,NI,D
11:21:29,INDF,RG,6650,7,F,OD,CG,D
11:21:09,INDF,RG,6650,9,F,OD,CG,D
11:21:03,INDF,RG,6650,1,F,OD,PD,D
11:20:55,INDF,RG,6650,3,F,OD,AK,D
11:20:49,INDF,RG,6650,6,F,OD,CG,D
11:20:34,INDF,RG,6650,7,F,OD,CG,D
11:20:31,INDF,RG,6650,2,F,OD,SQ,D
11:20:25,INDF,RG,6650,10,F,OD,EP,D
11:20:21,INDF,RG,6650,1,F,OD,PD,D
11:20:15,INDF,RG,6650,75,F,OD,YP,D
11:20:14,INDF,RG,6650,6,F,OD,CG,D
11:19:54,INDF,RG,6650,7,F,OD,CG,D
11:19:40,INDF,RG,6650,4,F,OD,AK,D
11:19:34,INDF,RG,6650,6,F,OD,CG,D
11:19:30,INDF,RG,6650,7,F,OD,CC,D
11:19:25,INDF,RG,6650,3,F,OD,XA,D
11:19:19,INDF,RG,6650,6,F,OD,CG,D
11:19:02,INDF,RG,6650,50,F,OD,PD,D
11:18:59,INDF,RG,6650,6,F,OD,CG,D
11:18:55,INDF,RG,6650,4,F,OD,AK,D
11:18:46,INDF,RG,6650,9,F,OD,PD,D
11:18:39,INDF,RG,6650,4,F,OD,CG,D
11:18:25,INDF,RG,6650,1,F,OD,YB,D
11:18:24,INDF,RG,6650,6,F,OD,CG,D
11:18:04,INDF,RG,6650,1,F,OD,PD,D
11:18:04,INDF,RG,6650,8,F,OD,CG,D
11:17:49,INDF,RG,6650,5,F,OD,CG,D
11:17:43,INDF,RG,6650,3,F,OD,LG,D
11:17:33,INDF,RG,6650,5,F,OD,AK,D
11:17:31,INDF,RG,6650,2,F,OD,CC,F
11:17:29,INDF,RG,6650,7,F,OD,CG,D
11:17:09,INDF,RG,6650,6,F,OD,CG,D
11:16:49,INDF,RG,6650,7,F,OD,CG,D
11:16:34,INDF,RG,6650,3,F,OD,CC,D
11:16:31,INDF,RG,6650,7,F,OD,CG,D
11:16:30,INDF,RG,6675,1,D,XC,YP,D
11:16:14,INDF,RG,6650,6,F,OD,CG,D
11:15:54,INDF,RG,6650,6,F,OD,CG,D
11:15:41,INDF,RG,6650,10,F,OD,YP,D
11:15:34,INDF,RG,6650,5,F,OD,CG,D
11:15:14,INDF,RG,6650,7,F,OD,CG,D
11:14:57,INDF,RG,6650,6,F,OD,CG,D
11:14:39,INDF,RG,6650,5,F,OD,CG,D
11:14:21,INDF,RG,6650,6,F,OD,CG,D
11:14:04,INDF,RG,6650,5,F,OD,CG,D
11:13:44,INDF,RG,6650,1,F,OD,CG,D
11:13:44,INDF,RG,6650,5,D,XC,CG,D
11:13:23,INDF,RG,6675,1,F,AK,YP,D
11:13:23,INDF,RG,6675,1,F,AK,SQ,D
11:13:23,INDF,RG,6675,10,F,AK,YP,D
11:13:23,INDF,RG,6675,40,F,AK,KK,D
11:13:23,INDF,RG,6675,3,F,AK,PD,D
11:13:23,INDF,RG,6675,2,F,AK,NI,D
11:13:23,INDF,RG,6675,50,F,AK,TP,D
11:13:23,INDF,RG,6675,1,F,AK,AT,D
11:13:23,INDF,RG,6675,40,F,AK,CC,D
11:13:23,INDF,RG,6650,5,D,XC,CG,D
11:13:23,INDF,RG,6650,1,D,ZP,CG,D
11:13:23,INDF,RG,6650,5,D,ZP,CS,F
11:13:22,INDF,RG,6650,246,D,ZP,LG,D
11:13:22,INDF,RG,6650,54,F,OD,LG,D
11:13:05,INDF,RG,6650,5,F,OD,CG,D
11:13:04,INDF,RG,6675,5,D,CC,AK,D
11:13:04,INDF,RG,6675,20,D,CC,PD,D
11:12:51,INDF,RG,6650,1,F,OD,CC,D
11:12:49,INDF,RG,6650,7,F,OD,CG,D
11:12:37,INDF,RG,6650,12,F,OD,PD,D
11:12:29,INDF,RG,6650,2,F,OD,PD,D
11:12:29,INDF,RG,6650,7,F,OD,CG,D
11:12:09,INDF,RG,6650,5,F,OD,CG,D
11:11:56,INDF,RG,6650,1,F,OD,PD,D
11:11:54,INDF,RG,6650,7,F,OD,CG,D
11:11:34,INDF,RG,6650,5,F,OD,CG,D
11:11:31,INDF,RG,6650,1,F,OD,PD,D
11:11:14,INDF,RG,6650,7,F,OD,CG,D
11:11:13,INDF,RG,6650,1,F,OD,LG,D
11:10:54,INDF,RG,6650,6,F,OD,CG,D
11:10:48,INDF,RG,6650,1,F,OD,YP,D
11:10:46,INDF,RG,6650,33,F,OD,YP,D
11:10:34,INDF,RG,6650,6,F,OD,CG,D
11:10:19,INDF,RG,6650,6,F,OD,CG,D
11:09:59,INDF,RG,6650,7,F,OD,CG,D
11:09:44,INDF,RG,6650,5,F,OD,CG,D
11:09:26,INDF,RG,6650,10,F,OD,NI,D
11:09:23,INDF,RG,6650,5,F,OD,CG,D
11:09:06,INDF,RG,6650,7,F,OD,CG,D
11:09:06,INDF,RG,6650,1,F,OD,CC,D
11:09:04,INDF,RG,6650,5,F,OD,CC,D
11:08:49,INDF,RG,6650,7,F,OD,CG,D
11:08:29,INDF,RG,6650,7,F,OD,CG,D
11:08:13,INDF,RG,6650,3,F,OD,YP,D
11:08:09,INDF,RG,6650,8,F,OD,CG,D
11:07:54,INDF,RG,6650,8,F,OD,CG,D
11:07:49,INDF,RG,6675,10,F,KK,PD,D
11:07:34,INDF,RG,6650,6,F,OD,CG,D
11:07:23,INDF,RG,6675,12,D,CC,PD,D
11:07:14,INDF,RG,6650,6,F,OD,CG,D
11:06:59,INDF,RG,6650,5,F,OD,CG,D
11:06:59,INDF,RG,6650,2,F,OD,YP,D
11:06:42,INDF,RG,6650,5,F,OD,CG,D
11:06:26,INDF,RG,6650,236,F,OD,LG,D
11:06:26,INDF,RG,6650,1,D,XC,LG,D
11:06:26,INDF,RG,6650,30,F,AK,LG,D
11:06:26,INDF,RG,6650,33,F,OD,LG,D
11:06:26,INDF,RG,6675,8,F,AK,PD,D
11:06:26,INDF,RG,6675,1,F,AK,KK,D
11:06:26,INDF,RG,6675,1,F,AK,PD,D
11:06:26,INDF,RG,6675,1,F,AK,XC,D
11:06:26,INDF,RG,6675,35,F,AK,OD,D
11:06:26,INDF,RG,6675,1,F,AK,ZP,D
11:06:26,INDF,RG,6675,10,F,AK,YP,D
11:06:26,INDF,RG,6675,5,F,AK,YP,D
11:06:26,INDF,RG,6675,2,F,AK,YP,D
11:06:26,INDF,RG,6675,5,F,AK,AK,D
11:06:26,INDF,RG,6675,10,F,AK,TP,D
11:06:26,INDF,RG,6675,5,F,AK,LG,D
11:06:26,INDF,RG,6675,19,F,AK,CC,D
11:06:25,INDF,RG,6650,5,F,OD,AK,D
11:06:25,INDF,RG,6650,5,F,OD,CG,D
11:06:24,INDF,RG,6650,300,F,OD,LG,D
11:06:23,INDF,RG,6650,157,F,OD,LG,D
11:06:23,INDF,RG,6650,143,F,ZP,LG,D
11:06:22,INDF,RG,6675,4,F,AK,CC,D
11:06:22,INDF,RG,6675,1,F,AK,XC,D
11:06:22,INDF,RG,6675,2,F,AK,YP,D
11:06:22,INDF,RG,6675,40,F,AK,YP,D
11:06:22,INDF,RG,6675,1,F,AK,PD,D
11:06:22,INDF,RG,6675,9,F,AK,NI,D
11:06:22,INDF,RG,6675,3,F,AK,YP,D
11:06:22,INDF,RG,6675,10,F,AK,YP,D
11:06:22,INDF,RG,6675,25,F,AK,KK,D
11:06:22,INDF,RG,6675,2,F,AK,NI,D
11:06:20,INDF,RG,6650,153,F,ZP,LG,D
11:06:20,INDF,RG,6650,101,F,AK,LG,D
11:06:20,INDF,RG,6650,46,D,KK,LG,D
11:06:09,INDF,RG,6650,7,D,KK,CG,D
11:05:58,INDF,RG,6650,77,D,KK,YP,D
11:05:46,INDF,RG,6650,7,D,KK,CG,D
11:05:44,INDF,RG,6650,1,D,KK,XC,D
11:05:36,INDF,RG,6650,5,D,KK,PD,D
11:05:29,INDF,RG,6650,6,D,KK,CG,D
11:05:09,INDF,RG,6650,7,D,KK,CG,D
11:04:49,INDF,RG,6650,11,D,KK,CG,D
11:04:36,INDF,RG,6650,1,D,KK,XC,D
11:04:32,INDF,RG,6650,60,D,KK,YP,D
11:04:28,INDF,RG,6650,200,D,KK,YP,D
11:03:40,INDF,RG,6650,5,D,KK,AK,D
11:03:01,INDF,RG,6650,2,D,KK,CC,D
11:01:40,INDF,RG,6650,5,D,KK,CS,F
11:01:38,INDF,RG,6650,60,D,KK,DR,D
11:01:38,INDF,RG,6650,40,F,AK,DR,D
11:00:12,INDF,RG,6650,6,F,AK,PD,D
11:00:12,INDF,RG,6650,4,F,AK,PD,D
10:59:59,INDF,RG,6650,2,F,AK,NI,D
10:58:54,INDF,RG,6650,2,F,AK,PD,D
10:58:51,INDF,RG,6650,5,F,AK,YP,D
10:58:44,INDF,RG,6650,1,F,AK,XC,D
10:58:40,INDF,RG,6650,5,F,AK,AK,D
10:57:21,INDF,RG,6650,1,F,AK,XC,D
10:57:14,INDF,RG,6650,37,F,AK,PD,D
10:56:50,INDF,RG,6650,1,F,AK,PD,D
10:56:16,INDF,RG,6650,1,F,AK,YP,D
10:55:37,INDF,RG,6650,65,F,AK,DH,D
10:55:24,INDF,RG,6650,2,F,AK,XC,D
10:55:03,INDF,RG,6650,1,F,AK,XC,D
10:54:55,INDF,RG,6650,3,F,AK,AK,D
10:54:54,INDF,RG,6650,10,F,AK,YP,D
10:54:00,INDF,RG,6650,126,F,AK,CG,D
10:54:00,INDF,RG,6650,126,F,AK,CG,D
10:54:00,INDF,RG,6650,140,F,ZP,CG,D
10:53:41,INDF,RG,6650,50,F,ZP,SQ,D
10:53:07,INDF,RG,6650,10,F,ZP,YP,D
10:52:46,INDF,RG,6650,15,F,ZP,YP,D
10:52:15,INDF,RG,6650,2,F,ZP,AZ,D
10:52:15,INDF,RG,6650,8,F,OD,AZ,D
10:51:55,INDF,RG,6650,3,F,OD,AK,D
10:48:46,INDF,RG,6650,1,F,OD,XC,D
10:48:31,INDF,RG,6650,1,F,OD,EP,D
10:47:55,INDF,RG,6650,3,F,OD,AK,D
10:47:23,INDF,RG,6650,1,F,OD,PD,D
10:47:19,INDF,RG,6675,5,D,PD,NI,D
10:47:06,INDF,RG,6650,5,F,OD,CS,F
10:46:49,INDF,RG,6650,12,F,OD,PD,D
10:46:45,INDF,RG,6650,3,F,OD,CC,D
10:46:36,INDF,RG,6650,6,F,OD,XC,D
10:46:10,INDF,RG,6650,20,F,OD,KK,D
10:45:58,INDF,RG,6650,1,F,OD,PD,D
10:45:53,INDF,RG,6650,7,F,OD,XC,D
10:45:10,INDF,RG,6650,3,F,OD,AK,D
10:44:24,INDF,RG,6650,15,F,OD,PD,D
10:42:36,INDF,RG,6650,3,F,OD,YP,D
10:42:24,INDF,RG,6650,1,F,OD,NI,D
10:41:49,INDF,RG,6650,1,F,OD,DH,D
10:41:35,INDF,RG,6650,1,F,OD,PD,D
10:40:55,INDF,RG,6650,3,F,OD,AK,D
10:40:04,INDF,RG,6650,1,F,OD,NI,D
10:39:51,INDF,RG,6650,1,F,OD,AT,D
10:39:41,INDF,RG,6675,1,D,EP,NI,D
10:38:48,INDF,RG,6650,1,F,OD,GR,D
10:38:40,INDF,RG,6650,2,F,OD,AK,D
10:38:38,INDF,RG,6675,1,D,EP,NI,D
10:38:04,INDF,RG,6650,1,F,OD,GR,D
10:36:10,INDF,RG,6650,4,F,OD,AK,D
10:35:21,INDF,RG,6650,15,F,OD,YP,D
10:35:17,INDF,RG,6650,4,F,OD,CS,F
10:34:55,INDF,RG,6650,2,F,OD,AK,D
10:33:58,INDF,RG,6650,5,F,OD,NI,D
10:33:40,INDF,RG,6650,2,F,OD,AK,D
10:33:40,INDF,RG,6650,3,F,OD,DH,D
10:32:33,INDF,RG,6675,1,D,PD,NI,D
10:32:25,INDF,RG,6650,1,F,OD,XC,D
10:32:10,INDF,RG,6650,2,F,OD,AK,D
10:31:35,INDF,RG,6675,7,F,BK,NI,D
10:31:35,INDF,RG,6675,11,F,BK,CP,D
10:31:33,INDF,RG,6650,9,F,OD,PD,D
10:31:29,INDF,RG,6650,20,F,OD,PD,D
10:31:19,INDF,RG,6675,11,F,BK,CP,D
10:31:18,INDF,RG,6650,94,F,OD,OD,D
10:30:57,INDF,RG,6650,5,F,OD,YP,D
10:30:40,INDF,RG,6650,2,F,OD,AK,D
10:30:18,INDF,RG,6650,2,F,OD,XC,D
10:30:13,INDF,RG,6650,5,F,OD,YP,D
10:29:54,INDF,RG,6650,5,F,OD,OD,D
10:29:47,INDF,RG,6650,1,F,OD,DH,D
10:29:40,INDF,RG,6650,5,F,OD,YP,D
10:29:14,INDF,RG,6650,1,F,OD,NI,D
10:28:25,INDF,RG,6650,3,F,OD,AK,D
10:27:57,INDF,RG,6675,87,F,AK,CP,D
10:27:57,INDF,RG,6650,6,F,OD,OD,D
10:27:57,INDF,RG,6650,500,D,KK,OD,D
10:27:57,INDF,RG,6650,10,F,AK,OD,D
10:27:57,INDF,RG,6650,96,D,ZP,OD,D
10:27:57,INDF,RG,6650,29,F,AK,OD,D
10:27:57,INDF,RG,6650,185,F,AK,OD,D
10:27:57,INDF,RG,6650,107,F,AK,OD,D
10:27:57,INDF,RG,6650,67,F,OD,OD,D
10:27:50,INDF,RG,6650,8,F,OD,YP,D
10:25:29,INDF,RG,6650,3,F,OD,LS,D
10:25:24,INDF,RG,6650,1,F,OD,DH,D
10:24:51,INDF,RG,6650,221,F,OD,LG,D
10:24:51,INDF,RG,6650,79,F,OD,LG,D
10:24:50,INDF,RG,6675,51,F,AK,CP,D
10:24:49,INDF,RG,6650,221,F,OD,LG,D
10:24:49,INDF,RG,6650,79,D,ZP,LG,D
10:24:26,INDF,RG,6675,40,F,AK,CP,D
10:24:26,INDF,RG,6675,3,F,AK,YP,D
10:24:26,INDF,RG,6675,4,F,AK,DR,D
10:24:25,INDF,RG,6650,4,D,ZP,AK,D
10:24:22,INDF,RG,6650,8,D,ZP,YU,D
10:24:04,INDF,RG,6650,3,D,ZP,AI,D
10:23:55,INDF,RG,6650,2,D,ZP,CS,F
10:23:54,INDF,RG,6650,1,D,ZP,OD,D
10:23:54,INDF,RG,6650,18,D,YP,OD,D
10:23:54,INDF,RG,6650,1,D,XC,OD,D
10:23:54,INDF,RG,6650,300,F,OD,OD,D
10:23:54,INDF,RG,6650,25,F,ZP,OD,D
10:23:54,INDF,RG,6650,5,D,XC,OD,D
10:23:54,INDF,RG,6650,5,D,CC,OD,D
10:23:54,INDF,RG,6650,65,F,AK,OD,D
10:23:54,INDF,RG,6650,65,F,AK,OD,D
10:23:54,INDF,RG,6650,300,F,OD,OD,D
10:23:54,INDF,RG,6650,4,D,PD,OD,D
10:23:54,INDF,RG,6650,159,F,AK,OD,D
10:23:54,INDF,RG,6650,52,F,AK,OD,D
10:23:40,INDF,RG,6650,10,F,AK,CC,D
10:23:17,INDF,RG,6650,1,F,AK,CC,D
10:23:10,INDF,RG,6650,2,F,AK,AK,D
10:22:08,INDF,RG,6650,19,F,AK,CC,D
10:22:08,INDF,RG,6650,57,F,ZP,CC,D
10:21:56,INDF,RG,6650,2,F,ZP,XC,D
10:21:48,INDF,RG,6650,1,F,ZP,NI,D
10:21:44,INDF,RG,6650,1,D,XC,PD,D
10:21:44,INDF,RG,6650,6,F,BK,PD,D
10:21:40,INDF,RG,6650,4,F,BK,AK,D
10:21:00,INDF,RG,6650,1,F,BK,NI,D
10:20:52,INDF,RG,6650,4,F,BK,CC,D
10:20:48,INDF,RG,6650,1,F,BK,SQ,D
10:20:25,INDF,RG,6650,3,F,BK,AK,D
10:20:00,INDF,RG,6650,40,F,BK,YP,D
10:19:10,INDF,RG,6650,3,F,BK,AK,D
10:18:48,INDF,RG,6650,12,F,BK,XA,D
10:18:48,INDF,RG,6650,88,F,OD,XA,D
10:17:10,INDF,RG,6650,3,F,OD,AK,D
10:16:26,INDF,RG,6650,1,F,OD,HP,D
10:16:19,INDF,RG,6650,10,F,OD,PD,D
10:16:06,INDF,RG,6650,2,F,OD,DH,D
10:15:55,INDF,RG,6650,1,F,OD,NI,D
10:15:50,INDF,RG,6650,1,F,OD,XC,D
10:15:25,INDF,RG,6650,3,F,OD,AK,D
10:15:10,INDF,RG,6675,1,F,AK,DR,D
10:15:10,INDF,RG,6675,95,F,AK,DX,D
10:15:09,INDF,RG,6650,191,F,OD,PD,D
10:15:09,INDF,RG,6650,2,D,EP,PD,D
10:15:09,INDF,RG,6650,65,D,YJ,PD,D
10:15:09,INDF,RG,6650,5,D,CC,PD,D
10:15:09,INDF,RG,6650,90,D,YJ,PD,D
10:15:09,INDF,RG,6650,48,F,BK,PD,D
10:15:09,INDF,RG,6650,156,D,ZP,PD,D
10:15:09,INDF,RG,6650,63,F,ZP,PD,D
10:14:53,INDF,RG,6675,5,D,ZP,DX,D
10:14:53,INDF,RG,6675,50,D,ZP,CC,D
10:14:53,INDF,RG,6675,74,D,ZP,NI,D
10:14:53,INDF,RG,6650,2,F,ZP,CC,D
10:14:01,INDF,RG,6675,17,D,CC,NI,D
10:13:51,INDF,RG,6650,20,F,ZP,PD,D
10:13:40,INDF,RG,6650,15,F,ZP,CC,D
10:12:58,INDF,RG,6650,2,F,ZP,PD,D
10:12:49,INDF,RG,6675,2,D,EP,NI,D
10:12:42,INDF,RG,6675,1,D,AT,NI,D
10:11:56,INDF,RG,6675,27,D,ZP,NI,D
10:11:55,INDF,RG,6675,131,D,ZP,NI,D
10:11:50,INDF,RG,6650,5,F,ZP,CC,D
10:11:48,INDF,RG,6650,17,F,ZP,DH,D
10:11:48,INDF,RG,6650,24,F,AK,DH,D
10:11:48,INDF,RG,6650,24,F,BK,DH,D
10:11:34,INDF,RG,6650,38,F,BK,LG,D
10:11:34,INDF,RG,6650,150,F,AK,LG,D
10:11:34,INDF,RG,6650,112,F,AK,LG,D
10:11:30,INDF,RG,6675,22,F,AK,NI,D
10:11:28,INDF,RG,6650,25,F,AK,LG,D
10:11:28,INDF,RG,6650,35,D,YJ,LG,D
10:11:28,INDF,RG,6650,100,D,YJ,LG,D
10:11:28,INDF,RG,6650,90,F,BK,LG,D
10:11:28,INDF,RG,6650,50,F,OD,LG,D
10:10:42,INDF,RG,6675,15,F,AK,NI,D
10:10:41,INDF,RG,6650,62,F,OD,PD,D
10:10:10,INDF,RG,6650,4,F,OD,AK,D
10:09:25,INDF,RG,6675,11,D,SQ,NI,D
10:09:25,INDF,RG,6675,14,D,SQ,YP,D
10:08:45,INDF,RG,6675,6,F,AK,YP,D
10:08:45,INDF,RG,6675,4,F,AK,TP,D
10:08:44,INDF,RG,6650,20,F,OD,YP,D
10:08:31,INDF,RG,6650,4,F,OD,PD,D
10:08:27,INDF,RG,6650,2,F,OD,CC,D
10:06:36,INDF,RG,6650,3,F,OD,NI,D
10:06:35,INDF,RG,6650,5,F,OD,DR,D
10:06:25,INDF,RG,6650,4,F,OD,AK,D
10:06:05,INDF,RG,6650,14,F,OD,PD,D
10:04:10,INDF,RG,6675,1,D,DH,TP,D
10:03:55,INDF,RG,6650,3,F,OD,AK,D
10:03:38,INDF,RG,6675,9,F,AK,TP,D
10:03:37,INDF,RG,6650,26,F,OD,YP,D
10:03:36,INDF,RG,6650,1,F,OD,YP,D
10:03:35,INDF,RG,6650,1,F,OD,YP,D
10:03:34,INDF,RG,6650,1,F,OD,YP,D
10:03:05,INDF,RG,6650,3,F,OD,NI,D
10:02:18,INDF,RG,6650,1,F,OD,YP,D
10:02:09,INDF,RG,6650,1,F,OD,YP,D
10:02:03,INDF,RG,6650,1,F,OD,YP,D
10:01:58,INDF,RG,6650,20,F,OD,SQ,D
10:01:54,INDF,RG,6675,16,F,AK,TP,D
10:01:54,INDF,RG,6675,1,F,AK,YP,D
10:01:53,INDF,RG,6650,95,F,OD,OD,D
10:01:25,INDF,RG,6650,5,F,OD,AK,D
10:01:09,INDF,RG,6675,4,F,AK,YP,D
10:01:09,INDF,RG,6675,3,F,AK,EP,D
10:01:07,INDF,RG,6650,34,F,OD,YP,D
9:59:49,INDF,RG,6650,3,F,OD,PD,D
9:59:16,INDF,RG,6650,1,F,OD,KK,D
9:59:12,INDF,RG,6675,1,D,ZP,EP,D
9:58:32,INDF,RG,6675,1,F,AK,EP,D
9:58:32,INDF,RG,6675,7,F,AK,OD,D
9:58:31,INDF,RG,6650,36,F,OD,CC,D
9:58:31,INDF,RG,6650,16,F,AK,CC,D
9:58:31,INDF,RG,6650,30,D,YJ,CC,D
9:58:31,INDF,RG,6650,22,F,AK,CC,D
9:58:31,INDF,RG,6650,60,F,AK,CC,D
9:58:31,INDF,RG,6650,1,F,AK,CC,D
9:58:31,INDF,RG,6650,25,F,BK,CC,D
9:58:25,INDF,RG,6650,4,F,BK,AK,D
9:58:15,INDF,RG,6650,22,F,BK,GR,D
9:58:14,INDF,RG,6650,1,F,BK,YP,D
9:58:05,INDF,RG,6675,1,D,XC,OD,D
9:56:23,INDF,RG,6675,8,D,ZP,OD,D
9:56:12,INDF,RG,6650,38,F,BK,YP,D
9:56:12,INDF,RG,6650,12,F,AK,YP,D
9:56:11,INDF,RG,6650,11,F,AK,KK,D
9:56:11,INDF,RG,6650,39,F,ZP,KK,D
9:56:03,INDF,RG,6675,3,F,AK,OD,D
9:56:02,INDF,RG,6650,18,F,ZP,NI,D
9:55:29,INDF,RG,6650,1,F,AK,CS,F
9:55:29,INDF,RG,6650,1,F,AK,CS,F
9:55:28,INDF,RG,6650,1,F,AK,CS,F
9:55:28,INDF,RG,6650,50,F,AK,TP,D
9:55:28,INDF,RG,6650,10,F,AK,PD,D
9:55:28,INDF,RG,6650,1,F,AK,CS,F
9:55:28,INDF,RG,6650,214,F,AK,PD,D
9:55:27,INDF,RG,6650,17,F,AK,PD,D
9:55:27,INDF,RG,6650,19,F,AK,PD,D
9:55:27,INDF,RG,6650,25,D,YJ,PD,D
9:55:27,INDF,RG,6650,74,F,ZP,PD,D
9:55:27,INDF,RG,6650,4,F,AK,PD,D
9:55:27,INDF,RG,6650,7,F,AK,PD,D
9:55:27,INDF,RG,6650,8,F,AK,PD,D
9:55:27,INDF,RG,6650,29,F,AK,PD,D
9:55:27,INDF,RG,6650,1,D,XC,PD,D
9:55:27,INDF,RG,6650,2,F,BK,PD,D
9:55:10,INDF,RG,6650,20,F,BK,GR,D
9:54:46,INDF,RG,6650,22,F,BK,PD,D
9:54:46,INDF,RG,6650,122,F,AK,PD,D
9:54:46,INDF,RG,6650,130,F,AK,PD,D
9:54:46,INDF,RG,6650,30,D,XC,PD,D
9:54:46,INDF,RG,6650,43,F,BK,PD,D
9:54:46,INDF,RG,6650,86,F,ZP,PD,D
9:54:46,INDF,RG,6650,1,D,PD,PD,D
9:54:46,INDF,RG,6650,200,F,OD,PD,D
9:54:46,INDF,RG,6650,6,F,AK,PD,D
9:54:46,INDF,RG,6650,55,F,BK,PD,D
9:54:46,INDF,RG,6650,300,F,OD,PD,D
9:54:46,INDF,RG,6650,5,F,AK,PD,D
9:54:41,INDF,RG,6650,6,F,AK,CC,D
9:54:41,INDF,RG,6650,17,F,AK,CC,D
9:54:41,INDF,RG,6650,2,F,BK,CC,D
9:54:40,INDF,RG,6650,4,F,BK,AK,D
9:54:25,INDF,RG,6650,5,F,BK,XC,D
9:54:08,INDF,RG,6650,1,F,BK,XC,D
9:54:03,INDF,RG,6675,12,F,AK,OD,D
9:54:02,INDF,RG,6650,50,F,BK,KK,D
9:53:59,INDF,RG,6650,1,F,BK,AT,D
9:53:59,INDF,RG,6650,1,F,AK,AT,D
9:53:45,INDF,RG,6650,2,F,AK,YP,D
9:53:29,INDF,RG,6650,2,F,AK,PD,D
9:53:15,INDF,RG,6650,2,F,AK,CC,D
9:53:11,INDF,RG,6675,9,D,ZP,OD,D
9:52:40,INDF,RG,6650,3,F,AK,AK,D
9:52:12,INDF,RG,6675,5,F,AK,OD,D
9:52:11,INDF,RG,6650,20,F,AK,SQ,D
9:51:31,INDF,RG,6650,10,F,AK,GR,D
9:51:22,INDF,RG,6650,1,F,AK,YP,D
9:50:55,INDF,RG,6650,3,F,AK,AK,D
9:50:39,INDF,RG,6675,15,F,AK,OD,D
9:50:38,INDF,RG,6650,9,F,AK,ES,D
9:50:38,INDF,RG,6650,2,F,AK,ES,D
9:50:38,INDF,RG,6650,89,F,ZP,ES,D
9:49:59,INDF,RG,6675,38,F,AK,OD,D
9:49:58,INDF,RG,6650,210,F,ZP,YU,D
9:49:58,INDF,RG,6650,12,F,BK,YU,D
9:49:58,INDF,RG,6650,38,F,AK,YU,D
9:49:58,INDF,RG,6650,6,F,AK,YU,D
9:49:50,INDF,RG,6675,2,F,AK,OD,D
9:49:48,INDF,RG,6675,27,F,YP,OD,D
9:49:46,INDF,RG,6650,2,F,AK,PD,D
9:49:34,INDF,RG,6650,1,F,AK,CS,F
9:49:34,INDF,RG,6650,1,F,AK,CS,F
9:49:33,INDF,RG,6650,190,F,AK,LG,D
9:49:33,INDF,RG,6650,13,F,AK,LG,D
9:49:33,INDF,RG,6650,57,F,AK,LG,D
9:49:33,INDF,RG,6650,1,D,DR,LG,D
9:49:33,INDF,RG,6650,12,F,BK,LG,D
9:49:33,INDF,RG,6650,27,F,AK,LG,D
9:49:32,INDF,RG,6650,7,F,AK,LG,D
9:49:32,INDF,RG,6650,175,D,ZP,LG,D
9:49:32,INDF,RG,6650,118,F,AK,LG,D
9:49:21,INDF,RG,6675,189,F,AK,OD,D
9:49:21,INDF,RG,6650,1,F,AK,CS,F
9:49:21,INDF,RG,6650,88,F,AK,PD,D
9:49:21,INDF,RG,6650,56,F,ZP,PD,D
9:49:21,INDF,RG,6650,16,D,XC,PD,D
9:49:21,INDF,RG,6650,200,F,OD,PD,D
9:49:21,INDF,RG,6650,25,D,YJ,PD,D
9:49:21,INDF,RG,6650,2,D,XC,PD,D
9:49:21,INDF,RG,6650,50,F,ZP,PD,D
9:49:21,INDF,RG,6650,27,F,BK,PD,D
9:49:21,INDF,RG,6650,291,F,ZP,PD,D
9:49:21,INDF,RG,6650,176,D,ZP,PD,D
9:49:21,INDF,RG,6650,1,D,EP,PD,D
9:49:21,INDF,RG,6650,300,F,OD,PD,D
9:49:21,INDF,RG,6650,35,D,YP,PD,D
9:49:21,INDF,RG,6650,9,F,AK,PD,D
9:49:21,INDF,RG,6650,10,F,AK,PD,D
9:49:21,INDF,RG,6650,49,F,AK,PD,D
9:49:21,INDF,RG,6650,58,F,AK,PD,D
9:49:21,INDF,RG,6650,4,D,GR,PD,D
9:49:21,INDF,RG,6650,100,F,OD,PD,D
9:49:21,INDF,RG,6650,3,F,OD,PD,D
9:49:10,INDF,RG,6650,3,F,OD,AK,D
9:48:11,INDF,RG,6650,4,F,OD,XC,D
9:48:07,INDF,RG,6650,1,F,OD,XC,D
9:47:37,INDF,RG,6650,1,F,OD,DR,D
9:47:25,INDF,RG,6650,3,F,OD,AK,D
9:46:59,INDF,RG,6650,10,F,OD,NI,D
9:46:52,INDF,RG,6675,8,F,AK,OD,D
9:46:50,INDF,RG,6650,25,F,OD,CC,D
9:46:50,INDF,RG,6650,16,F,OD,KK,D
9:46:25,INDF,RG,6650,5,F,OD,NI,D
9:45:55,INDF,RG,6675,1,D,XC,OD,D
9:45:46,INDF,RG,6675,1,D,XC,OD,D
9:45:09,INDF,RG,6650,2,F,OD,OD,D
9:44:11,INDF,RG,6675,4,F,AK,OD,D
9:44:11,INDF,RG,6675,1,F,AK,LG,D
9:44:11,INDF,RG,6650,1,F,OD,XC,D
9:44:10,INDF,RG,6650,4,F,OD,AK,D
9:44:00,INDF,RG,6650,8,F,OD,SQ,D
9:43:55,INDF,RG,6650,12,F,OD,PD,D
9:43:45,INDF,RG,6650,1,F,OD,XC,D
9:43:15,INDF,RG,6650,1,F,OD,AT,D
9:42:10,INDF,RG,6650,4,D,XC,AK,D
9:40:59,INDF,RG,6675,1,F,AK,LG,D
9:40:59,INDF,RG,6675,1,F,AK,LG,D
9:40:59,INDF,RG,6675,10,F,AK,YP,D
9:40:58,INDF,RG,6675,7,F,AK,YP,D
9:40:58,INDF,RG,6650,4,D,XC,KK,D
9:40:58,INDF,RG,6650,66,F,OD,KK,D
9:40:57,INDF,RG,6675,30,D,YP,YP,D
9:40:33,INDF,RG,6650,5,F,OD,CC,D
9:40:25,INDF,RG,6650,4,F,OD,AK,D
9:40:09,INDF,RG,6650,1,F,OD,GR,D
9:39:44,INDF,RG,6650,1,F,OD,PD,D
9:39:38,INDF,RG,6675,3,F,AK,YP,D
9:39:37,INDF,RG,6675,9,D,CC,YP,D
9:39:01,INDF,RG,6675,3,D,CC,YP,D
9:38:55,INDF,RG,6675,2,D,YP,YP,D
9:38:35,INDF,RG,6650,23,F,OD,NI,D
9:38:35,INDF,RG,6650,1,D,XC,NI,D
9:38:35,INDF,RG,6650,1,D,PD,NI,D
9:38:35,INDF,RG,6650,5,F,AK,NI,D
9:38:35,INDF,RG,6650,3,F,AK,NI,D
9:38:35,INDF,RG,6650,19,F,AK,NI,D
9:38:35,INDF,RG,6650,30,F,AK,NI,D
9:38:35,INDF,RG,6650,30,D,YJ,NI,D
9:38:35,INDF,RG,6650,58,F,OD,NI,D
9:38:27,INDF,RG,6675,1,F,AK,YP,D
9:38:25,INDF,RG,6650,4,F,OD,AK,D
9:38:12,INDF,RG,6650,3,F,OD,PD,D
9:37:22,INDF,RG,6675,3,D,CC,YP,D
9:37:08,INDF,RG,6675,1,D,SQ,YP,D
9:36:53,INDF,RG,6675,3,F,AK,YP,D
9:36:52,INDF,RG,6675,10,D,CC,YP,D
9:36:30,INDF,RG,6675,3,D,XC,YP,D
9:36:29,INDF,RG,6675,5,D,SQ,YP,D
9:36:18,INDF,RG,6675,2,F,AK,YP,D
9:36:16,INDF,RG,6650,5,F,OD,YP,D
9:35:38,INDF,RG,6650,3,F,OD,YP,D
9:35:22,INDF,RG,6675,1,D,XC,YP,D
9:35:17,INDF,RG,6675,1,F,AK,YP,D
9:35:15,INDF,RG,6650,5,F,OD,CC,D
9:33:08,INDF,RG,6675,1,F,AK,YP,D
9:33:07,INDF,RG,6650,7,F,OD,EP,D
9:32:39,INDF,RG,6650,1,F,OD,PD,D
9:32:19,INDF,RG,6675,1,D,PD,YP,D
9:31:48,INDF,RG,6675,1,F,AK,YP,D
9:31:47,INDF,RG,6650,5,F,OD,EP,D
9:30:55,INDF,RG,6675,1,F,AK,YP,D
9:30:54,INDF,RG,6650,9,F,OD,PD,D
9:30:54,INDF,RG,6650,1,F,BK,PD,D
9:30:34,INDF,RG,6675,2,D,SQ,YP,D
9:30:34,INDF,RG,6675,1,D,SQ,LG,D
9:30:34,INDF,RG,6675,7,D,SQ,CC,D
9:29:55,INDF,RG,6650,15,F,BK,YP,D
9:29:44,INDF,RG,6650,5,F,BK,TP,D
9:29:44,INDF,RG,6650,23,F,AK,TP,D
9:29:44,INDF,RG,6650,22,F,AK,TP,D
9:29:30,INDF,RG,6650,20,F,AK,KK,D
9:29:24,INDF,RG,6650,3,F,AK,XC,D
9:29:21,INDF,RG,6650,3,F,AK,KK,D
9:29:20,INDF,RG,6650,17,F,AK,KK,D
9:29:14,INDF,RG,6650,25,F,AK,TP,D
9:29:13,INDF,RG,6650,25,F,AK,TP,D
9:29:07,INDF,RG,6650,345,F,AK,LG,D
9:29:06,INDF,RG,6650,72,F,AK,LG,D
9:29:05,INDF,RG,6650,43,F,AK,LG,D
9:29:05,INDF,RG,6650,140,F,AK,LG,D
9:29:03,INDF,RG,6650,368,F,AK,LG,D
9:29:02,INDF,RG,6650,10,F,AK,LG,D
9:29:02,INDF,RG,6650,22,F,AK,LG,D
9:29:02,INDF,RG,6650,200,F,ZP,LG,D
9:28:59,INDF,RG,6650,1,F,ZP,PD,D
9:28:58,INDF,RG,6650,2,F,AK,PD,D
9:28:58,INDF,RG,6650,557,F,AK,LG,D
9:28:57,INDF,RG,6650,3,F,AK,LG,D
9:28:57,INDF,RG,6650,2,F,AK,LG,D
9:28:57,INDF,RG,6650,3,F,AK,LG,D
9:28:57,INDF,RG,6650,17,F,AK,LG,D
9:28:57,INDF,RG,6650,1,F,AK,LG,D
9:28:57,INDF,RG,6650,1,D,XC,LG,D
9:28:57,INDF,RG,6650,16,F,OD,LG,D
9:28:52,INDF,RG,6675,3,F,AK,CC,D
9:28:52,INDF,RG,6675,10,F,AK,YP,D
9:28:52,INDF,RG,6675,1,F,AK,CC,D
9:28:51,INDF,RG,6650,84,F,OD,PD,D
9:28:51,INDF,RG,6650,14,F,AK,PD,D
9:28:51,INDF,RG,6650,2,F,AK,PD,D
9:27:59,INDF,RG,6650,1,F,AK,CS,F
9:27:59,INDF,RG,6650,40,F,AK,LG,D
9:27:58,INDF,RG,6650,15,F,AK,LG,D
9:27:58,INDF,RG,6650,7,F,AK,LG,D
9:27:58,INDF,RG,6650,41,F,AK,LG,D
9:27:58,INDF,RG,6650,80,F,AK,LG,D
9:27:58,INDF,RG,6650,237,F,ZP,LG,D
9:27:58,INDF,RG,6650,100,F,OD,LG,D
9:27:58,INDF,RG,6650,13,F,AK,LG,D
9:27:58,INDF,RG,6650,23,D,YJ,LG,D
9:27:58,INDF,RG,6650,20,D,XC,LG,D
9:27:58,INDF,RG,6650,24,F,OD,LG,D
9:27:54,INDF,RG,6650,5,F,OD,YP,D
9:27:36,INDF,RG,6650,46,F,OD,GR,D
9:27:36,INDF,RG,6650,24,F,AK,GR,D
9:27:36,INDF,RG,6650,23,F,AK,GR,D
9:27:36,INDF,RG,6650,8,F,AK,GR,D
9:27:35,INDF,RG,6675,9,F,AK,CC,D
9:27:34,INDF,RG,6650,21,F,AK,CP,D
9:27:34,INDF,RG,6650,34,F,OD,CP,D
9:27:29,INDF,RG,6675,2,F,AK,CC,D
9:27:27,INDF,RG,6650,13,F,OD,KK,D
9:27:26,INDF,RG,6675,3,F,AK,KK,D
9:27:25,INDF,RG,6650,25,F,OD,YP,D
9:27:19,INDF,RG,6650,1,F,OD,KK,D
9:26:48,INDF,RG,6650,27,F,OD,PD,D
9:26:48,INDF,RG,6650,4,F,AK,PD,D
9:25:56,INDF,RG,6650,1,F,AK,PD,D
9:25:38,INDF,RG,6650,1,F,AK,KK,D
9:25:27,INDF,RG,6675,1,D,XC,KK,D
9:25:23,INDF,RG,6650,1,F,AK,CS,F
9:25:22,INDF,RG,6650,1,F,AK,CS,F
9:25:22,INDF,RG,6650,147,F,AK,LG,D
9:25:21,INDF,RG,6650,51,F,AK,LG,D
9:25:21,INDF,RG,6650,53,F,BK,LG,D
9:25:21,INDF,RG,6650,49,F,ZP,LG,D
9:25:16,INDF,RG,6675,45,F,AK,KK,D
9:25:16,INDF,RG,6650,149,F,ZP,LG,D
9:25:16,INDF,RG,6650,1,D,NI,LG,D
9:25:16,INDF,RG,6650,1,D,YP,LG,D
9:25:16,INDF,RG,6650,14,F,AK,LG,D
9:25:16,INDF,RG,6650,16,F,AK,LG,D
9:25:16,INDF,RG,6650,100,F,OD,LG,D
9:25:16,INDF,RG,6650,6,F,AK,LG,D
9:25:16,INDF,RG,6650,2,D,DH,LG,D
9:25:16,INDF,RG,6650,4,F,AK,LG,D
9:25:16,INDF,RG,6650,7,F,BK,LG,D
9:25:15,INDF,RG,6675,2,D,YP,KK,D
9:24:36,INDF,RG,6675,1,F,AK,KK,D
9:24:35,INDF,RG,6650,3,F,BK,XC,D
9:24:03,INDF,RG,6650,1,F,BK,NI,D
9:23:54,INDF,RG,6675,1,F,AK,KK,D
9:23:53,INDF,RG,6650,10,F,BK,NI,D
9:23:49,INDF,RG,6675,4,F,AK,KK,D
9:23:48,INDF,RG,6650,5,F,BK,AT,D
9:23:48,INDF,RG,6650,20,F,AK,AT,D
9:23:06,INDF,RG,6650,8,F,AK,YP,D
9:23:06,INDF,RG,6650,100,F,OD,YP,D
9:23:06,INDF,RG,6650,3,F,AK,YP,D
9:23:06,INDF,RG,6650,3,F,AK,YP,D
9:23:05,INDF,RG,6650,6,F,AK,YP,D
9:23:00,INDF,RG,6650,1,F,AK,CS,F
9:23:00,INDF,RG,6650,24,F,AK,DH,F
9:22:59,INDF,RG,6650,4,F,AK,DH,F
9:22:59,INDF,RG,6650,1,F,AK,DH,F
9:22:59,INDF,RG,6650,1,D,KK,DH,F
9:22:59,INDF,RG,6650,5,D,XC,DH,F
9:22:59,INDF,RG,6650,1,F,AK,DH,F
9:22:59,INDF,RG,6650,24,D,NI,DH,F
9:22:59,INDF,RG,6650,6,F,AK,DH,F
9:22:59,INDF,RG,6650,4,F,AK,DH,F
9:22:30,INDF,RG,6650,10,F,AK,KK,D
9:22:08,INDF,RG,6650,1,F,AK,CS,F
9:22:08,INDF,RG,6650,1,F,AK,CS,F
9:22:08,INDF,RG,6650,1,F,AK,CS,F
9:22:08,INDF,RG,6650,18,F,AK,CC,D
9:22:07,INDF,RG,6650,2,D,AZ,CC,D
9:22:07,INDF,RG,6650,2,F,AK,CC,D
9:21:45,INDF,RG,6650,1,F,AK,CS,F
9:21:45,INDF,RG,6650,1,F,AK,CS,F
9:21:45,INDF,RG,6650,1,F,AK,CS,F
9:21:45,INDF,RG,6650,1,F,AK,CS,F
9:21:45,INDF,RG,6650,4,F,AK,TP,D
9:21:44,INDF,RG,6650,1,F,AK,TP,D
9:21:44,INDF,RG,6650,4,F,AK,TP,D
9:21:44,INDF,RG,6650,30,F,AK,TP,D
9:21:44,INDF,RG,6650,10,D,YP,TP,D
9:21:44,INDF,RG,6650,1,F,AK,TP,D
9:20:58,INDF,RG,6675,3,F,AK,KK,D
9:20:58,INDF,RG,6675,2,F,AK,PD,D
9:20:58,INDF,RG,6675,2,F,AK,PD,D
9:20:58,INDF,RG,6675,1,F,AK,PD,D
9:20:56,INDF,RG,6650,34,D,YJ,PD,D
9:20:56,INDF,RG,6650,16,F,OD,PD,D
9:20:34,INDF,RG,6675,2,F,AK,PD,D
9:20:34,INDF,RG,6650,84,F,OD,YP,D
9:20:34,INDF,RG,6650,16,F,AK,YP,D
9:20:34,INDF,RG,6650,17,F,AK,YP,D
9:20:34,INDF,RG,6650,2,F,AK,YP,D
9:20:34,INDF,RG,6650,7,F,OD,YP,D
9:20:26,INDF,RG,6675,1,F,AK,PD,D
9:20:24,INDF,RG,6650,5,F,OD,AZ,D
9:20:23,INDF,RG,6675,1,D,NI,PD,D
9:20:23,INDF,RG,6675,2,D,NI,EP,D
9:20:19,INDF,RG,6675,3,F,AK,EP,D
9:20:18,INDF,RG,6675,5,D,CC,EP,D
9:20:18,INDF,RG,6675,2,D,CC,KK,D
9:20:18,INDF,RG,6675,13,D,CC,KK,D
9:20:16,INDF,RG,6650,1,F,OD,PD,D
9:20:09,INDF,RG,6675,5,F,AK,KK,D
9:20:08,INDF,RG,6650,30,F,OD,NI,D
9:19:48,INDF,RG,6675,7,F,AK,KK,D
9:19:47,INDF,RG,6650,17,F,OD,DH,D
9:19:47,INDF,RG,6650,28,F,OD,NI,D
9:19:42,INDF,RG,6650,1,F,OD,NI,D
9:19:03,INDF,RG,6650,8,F,OD,DH,D
9:18:52,INDF,RG,6650,1,F,OD,XC,D
9:18:05,INDF,RG,6650,1,F,OD,CC,D
9:18:02,INDF,RG,6650,1,F,OD,KK,D
9:17:59,INDF,RG,6650,2,F,AK,AG,D
9:17:55,INDF,RG,6650,1,F,AK,CS,F
9:17:55,INDF,RG,6650,1,F,AK,CS,F
9:17:55,INDF,RG,6650,5,F,AK,TP,D
9:17:54,INDF,RG,6650,1,D,YP,TP,D
9:17:54,INDF,RG,6650,1,F,AK,TP,D
9:17:54,INDF,RG,6650,1,F,AK,TP,D
9:17:54,INDF,RG,6650,2,F,AK,TP,D
9:17:39,INDF,RG,6650,1,F,BK,KK,D
9:17:18,INDF,RG,6675,5,F,AK,KK,D
9:17:17,INDF,RG,6650,10,F,BK,KK,D
9:17:10,INDF,RG,6650,20,F,AK,AK,F
9:17:10,INDF,RG,6650,100,F,OD,AK,F
9:17:10,INDF,RG,6650,6,F,AK,AK,F
9:17:09,INDF,RG,6650,1,D,YP,KK,D
9:17:09,INDF,RG,6650,9,F,BK,KK,D
9:17:02,INDF,RG,6650,3,F,BK,YP,D
9:17:02,INDF,RG,6650,2,F,AK,YP,D
9:16:55,INDF,RG,6650,2,F,AK,XC,D
9:16:52,INDF,RG,6650,1,F,AK,PD,D
9:16:51,INDF,RG,6650,4,F,AK,PD,D
9:16:39,INDF,RG,6650,6,F,AK,XC,D
9:16:31,INDF,RG,6650,1,F,AK,XC,D
9:16:28,INDF,RG,6650,4,F,AK,SQ,D
9:16:23,INDF,RG,6675,9,F,AK,KK,D
9:16:22,INDF,RG,6650,7,F,AK,PD,D
9:16:22,INDF,RG,6650,89,F,AK,PD,D
9:16:12,INDF,RG,6650,10,F,AK,DR,D
9:16:07,INDF,RG,6675,1,D,XA,KK,D
9:15:40,INDF,RG,6675,2,D,CC,KK,D
9:15:38,INDF,RG,6675,20,F,AK,KK,D
9:15:37,INDF,RG,6650,125,F,AK,DR,D
9:15:27,INDF,RG,6675,32,F,AK,KK,D
9:15:26,INDF,RG,6650,42,F,AK,BK,F
9:15:26,INDF,RG,6650,200,F,OD,BK,F
9:15:26,INDF,RG,6650,38,F,BK,BK,F
9:15:26,INDF,RG,6650,109,F,AK,BK,F
9:15:26,INDF,RG,6650,111,F,AK,BK,F
9:15:25,INDF,RG,6675,59,F,AK,KK,D
9:15:25,INDF,RG,6675,2,F,AK,GR,D
9:15:25,INDF,RG,6675,10,F,AK,DR,D
9:15:25,INDF,RG,6675,9,F,AK,TP,D
9:15:25,INDF,RG,6650,500,F,AK,BK,F
9:15:24,INDF,RG,6650,500,F,AK,BK,F
9:15:03,INDF,RG,6675,1,F,AK,TP,D
9:15:02,INDF,RG,6650,10,F,AK,IF,D
9:15:00,INDF,RG,6650,2,F,AK,CS,F
9:15:00,INDF,RG,6650,1,F,AK,SQ,D
9:15:00,INDF,RG,6650,2,F,AK,PD,D
9:15:00,INDF,RG,6650,5,F,AK,EP,D
9:15:00,INDF,RG,6650,1,F,AK,PD,D
9:15:00,INDF,RG,6650,40,F,AK,NI,D
9:15:00,INDF,RG,6650,1,F,AK,YP,D
9:15:00,INDF,RG,6650,100,F,AK,DX,D
9:15:00,INDF,RG,6650,2,F,AK,CC,D
9:15:00,INDF,RG,6650,3,F,AK,PD,D
9:15:00,INDF,RG,6650,1,F,AK,YP,D
9:15:00,INDF,RG,6650,50,F,AK,YP,D
9:15:00,INDF,RG,6650,150,F,AK,CC,D
9:15:00,INDF,RG,6650,1,F,AK,LG,D
9:15:00,INDF,RG,6650,10,F,AK,YP,D
9:15:00,INDF,RG,6650,1,F,AK,PD,D
9:15:00,INDF,RG,6650,3,F,AK,PD,D
9:15:00,INDF,RG,6650,1,F,AK,PD,D
9:15:00,INDF,RG,6650,1,F,AK,PD,D
9:15:00,INDF,RG,6650,10,F,AK,PD,D
9:15:00,INDF,RG,6650,3,F,AK,KK,D
9:15:00,INDF,RG,6650,1421,F,AK,BQ,D
9:15:00,INDF,RG,6650,2,F,AK,PD,D
9:15:00,INDF,RG,6650,7,F,AK,ZP,D
9:15:00,INDF,RG,6650,23,F,AK,EP,D
9:15:00,INDF,RG,6650,2,F,AK,GR,D
9:15:00,INDF,RG,6625,19,F,AK,AK,D
9:15:00,INDF,RG,6625,10,F,AK,IF,D
9:15:00,INDF,RG,6625,40,F,AK,PD,D
9:15:00,INDF,RG,6625,13,F,AK,NI,D
9:15:00,INDF,RG,6625,2,F,AK,SQ,D
9:15:00,INDF,RG,6625,1,F,AK,PD,D
9:15:00,INDF,RG,6625,2,F,AK,AT,D
9:15:00,INDF,RG,6625,2,F,AK,YP,D
9:15:00,INDF,RG,6625,1,F,AK,CP,D
9:15:00,INDF,RG,6625,3,F,AK,YP,D
9:15:00,INDF,RG,6625,3,F,AK,YP,D
9:15:00,INDF,RG,6625,1,F,AK,YP,D
9:15:00,INDF,RG,6625,2,F,AK,PD,D
9:15:00,INDF,RG,6625,100,F,AK,DX,D
9:15:00,INDF,RG,6625,1,F,AK,PD,D
9:15:00,INDF,RG,6625,47,F,AK,PD,D
9:15:00,INDF,RG,6625,1,F,AK,YP,D
9:15:00,INDF,RG,6625,1,F,AK,XC,D
9:15:00,INDF,RG,6625,1290,F,AK,YP,D
9:15:00,INDF,RG,6625,3,F,AK,CP,D
9:15:00,INDF,RG,6625,10,F,AK,PD,D
9:15:00,INDF,RG,6625,118,F,AK,AK,F
9:15:00,INDF,RG,6625,15,F,AK,XC,D
9:15:00,INDF,RG,6625,26,F,AK,PD,D
9:15:00,INDF,RG,6625,300,F,AK,SH,D
9:15:00,INDF,RG,6625,77,F,AK,CC,D
9:15:00,INDF,RG,6600,3,F,AK,NI,D
9:15:00,INDF,RG,6600,1,F,AK,CS,F
9:15:00,INDF,RG,6600,1,F,AK,XC,D
9:13:44,INDF,RG,6575,5,D,YJ,PD,D
9:13:44,INDF,RG,6575,45,D,YP,PD,D
9:13:33,INDF,RG,6600,3,F,OD,KK,D
9:13:33,INDF,RG,6600,10,F,OD,DR,D
9:13:33,INDF,RG,6600,9,F,OD,PD,D
9:13:33,INDF,RG,6600,3,F,OD,CC,D
9:13:24,INDF,RG,6600,8,D,YJ,DH,D
9:13:24,INDF,RG,6600,1,D,YJ,AZ,D
9:13:24,INDF,RG,6600,1,D,YJ,YP,D
9:13:24,INDF,RG,6600,4,D,YJ,YP,D
9:13:24,INDF,RG,6600,5,D,YJ,CP,D
9:13:24,INDF,RG,6600,2,D,YJ,OD,D
9:13:24,INDF,RG,6600,9,D,YJ,DH,D
9:13:23,INDF,RG,6600,1,D,YP,DH,D
9:13:23,INDF,RG,6600,1,D,YP,CS,F
9:13:23,INDF,RG,6600,1,D,YP,PD,D
9:13:23,INDF,RG,6600,22,D,YP,YP,D
9:13:15,INDF,RG,6600,18,F,OD,YP,D
9:13:15,INDF,RG,6600,7,F,OD,YB,D
9:13:09,INDF,RG,6600,8,D,YJ,YB,D
9:13:09,INDF,RG,6600,1,D,YJ,YP,D
9:12:48,INDF,RG,6600,9,D,YJ,YP,D
9:12:48,INDF,RG,6600,4,D,YJ,YP,D
9:12:21,INDF,RG,6575,4,D,YP,NI,D
9:12:16,INDF,RG,6600,9,D,YJ,YP,D
9:12:16,INDF,RG,6600,6,D,YJ,CC,D
9:12:03,INDF,RG,6575,1,D,YP,NI,D
9:11:57,INDF,RG,6575,3,F,OD,PD,D
9:11:37,INDF,RG,6575,1,F,OD,CC,D
9:10:25,INDF,RG,6575,1,F,OD,GR,D
9:09:57,INDF,RG,6575,2,F,OD,XC,D
9:09:52,INDF,RG,6600,2,D,NI,CC,D
9:09:49,INDF,RG,6575,18,F,OD,CC,D
9:09:49,INDF,RG,6575,2,F,BK,CC,D
9:09:37,INDF,RG,6575,4,F,BK,XC,D
9:09:28,INDF,RG,6575,1,F,BK,CC,D
9:07:57,INDF,RG,6575,5,F,BK,NI,D
9:07:57,INDF,RG,6575,10,D,YJ,NI,D
9:06:49,INDF,RG,6575,3,D,YJ,AT,D
9:06:42,INDF,RG,6575,1,D,YJ,PD,D
9:06:36,INDF,RG,6600,2,D,PD,AT,D
9:06:23,INDF,RG,6575,1,D,YJ,KK,D
9:06:22,INDF,RG,6575,2,D,YJ,PD,D
9:05:56,INDF,RG,6575,13,D,YJ,PD,D
9:05:56,INDF,RG,6575,2,D,DR,PD,D
9:05:55,INDF,RG,6575,8,D,DR,PD,D
9:04:55,INDF,RG,6550,1,D,YP,PD,D
9:04:43,INDF,RG,6575,12,D,NI,PD,D
9:04:43,INDF,RG,6575,1,D,NI,XC,D
9:04:18,INDF,RG,6575,3,D,YJ,XC,D
9:04:18,INDF,RG,6575,1,D,YJ,CS,F
9:04:18,INDF,RG,6575,3,D,YJ,PD,D
9:04:14,INDF,RG,6550,1,D,YP,NI,D
9:03:55,INDF,RG,6575,10,D,YJ,PD,D
9:03:52,INDF,RG,6550,6,D,YP,AG,D
9:03:46,INDF,RG,6550,1,D,YP,NI,D
9:03:21,INDF,RG,6550,6,D,YP,DR,D
9:03:21,INDF,RG,6550,1,D,PD,DR,D
9:03:21,INDF,RG,6550,3,D,PD,DR,D
9:02:47,INDF,RG,6550,16,D,PD,CC,D
9:02:47,INDF,RG,6550,1,D,PD,CC,D
9:02:32,INDF,RG,6575,2,D,NI,PD,D
9:02:32,INDF,RG,6575,5,D,KK,PD,D
9:02:32,INDF,RG,6575,5,D,CC,PD,D
9:02:32,INDF,RG,6575,25,F,OD,PD,D
9:02:32,INDF,RG,6575,10,D,DR,PD,D
9:02:32,INDF,RG,6575,2,D,PD,XC,D
9:02:32,INDF,RG,6575,1,D,PD,XC,D
9:02:32,INDF,RG,6575,1,D,PD,XC,D
9:01:46,INDF,RG,6600,9,F,BK,BK,F
9:01:45,INDF,RG,6600,2,F,BK,XC,D
9:01:43,INDF,RG,6600,1,F,BK,PD,D
9:01:43,INDF,RG,6600,1,D,XC,PD,D
9:01:28,INDF,RG,6600,6,F,BK,XC,D
9:01:28,INDF,RG,6600,2,F,OD,XC,D
9:01:25,INDF,RG,6600,2,F,OD,CS,F
9:01:25,INDF,RG,6600,1,F,OD,CS,F
9:01:25,INDF,RG,6600,1,F,OD,CS,F
9:01:25,INDF,RG,6600,1,F,OD,CS,F
9:01:24,INDF,RG,6600,1,F,OD,CS,F
9:01:24,INDF,RG,6600,17,F,OD,PD,D
9:01:04,INDF,RG,6625,45,D,YP,CC,D
9:01:01,INDF,RG,6600,37,F,BK,BK,F
9:01:01,INDF,RG,6600,7,D,CC,BK,F
9:01:01,INDF,RG,6600,7,D,CC,BK,F
9:00:58,INDF,RG,6625,6,D,XC,CC,D
9:00:56,INDF,RG,6600,7,D,CC,YP,D
9:00:56,INDF,RG,6600,1,D,XC,YP,D
9:00:56,INDF,RG,6600,4,D,YP,YP,D
9:00:55,INDF,RG,6600,1,D,YP,CS,F
9:00:54,INDF,RG,6600,5,D,YP,PD,D
9:00:54,INDF,RG,6600,1,D,PD,PD,D
9:00:54,INDF,RG,6600,4,D,PD,PD,D
9:00:54,INDF,RG,6600,2,D,PD,GR,D
9:00:09,INDF,RG,6625,3,D,XC,CC,D
9:00:04,INDF,RG,6625,8,D,KK,CC,D
9:00:04,INDF,RG,6625,1,D,KK,CC,D
9:00:04,INDF,RG,6625,10,D,KK,CC,D
9:00:04,INDF,RG,6625,6,D,KK,CC,D
9:00:04,INDF,RG,6625,1,D,YP,CC,D
9:00:04,INDF,RG,6625,3,D,CC,CC,D
9:00:04,INDF,RG,6625,4,D,LS,CC,D
9:00:04,INDF,RG,6625,3,F,KK,CC,D
9:00:04,INDF,RG,6625,10,F,KK,CC,D
9:00:04,INDF,RG,6625,23,D,YP,CC,D
9:00:03,INDF,RG,6625,2,D,YP,XC,D
9:00:02,INDF,RG,6625,201,D,YP,YB,D
9:00:02,INDF,RG,6625,2,D,YP,YB,D
9:00:02,INDF,RG,6625,1,D,CC,YB,D
9:00:02,INDF,RG,6625,1,D,CC,YB,D
9:00:02,INDF,RG,6625,1,D,PD,YB,D
9:00:02,INDF,RG,6625,2,D,KK,YB,D
9:00:02,INDF,RG,6625,10,D,CP,YB,D
9:00:02,INDF,RG,6625,82,F,OD,YB,D
8:55:00,INDF,RG,6625,1,F,OD,PD,D
8:55:00,INDF,RG,6625,3,F,OD,DH,D
8:55:00,INDF,RG,6625,5,F,OD,YP,D
8:55:00,INDF,RG,6625,4,F,OD,LG,D
8:55:00,INDF,RG,6625,1,F,OD,CC,D
8:55:00,INDF,RG,6625,2,F,OD,DH,D
8:55:00,INDF,RG,6625,102,F,OD,SQ,D
8:55:00,INDF,RG,6625,1,D,XA,SQ,D
8:55:00,INDF,RG,6625,37,F,OD,SQ,D
8:55:00,INDF,RG,6625,15,F,OD,GR,D
8:55:00,INDF,RG,6625,2,F,OD,PD,D
8:55:00,INDF,RG,6625,1,F,OD,PD,D
8:55:00,INDF,RG,6625,2,F,OD,PD,D
8:55:00,INDF,RG,6625,2,F,OD,PD,D
8:55:00,INDF,RG,6625,1,F,OD,PD,D
8:55:00,INDF,RG,6625,10,F,OD,KK,D
8:55:00,INDF,RG,6625,2,F,OD,GR,D
8:55:00,INDF,RG,6625,100,F,OD,SH,D
8:55:00,INDF,RG,6625,28,F,OD,CP,D
8:55:00,INDF,RG,6625,1,D,PD,CP,D
8:55:00,INDF,RG,6625,1,D,GR,CS,F