Time,Stock,Brd,Price,Qty,BT,BC,SC,ST
15:14:55,INDF,RG,6450,5,F,KZ,XC,D
15:12:49,INDF,RG,6450,3,F,KZ,KZ,F
15:12:46,INDF,RG,6450,25,F,KZ,CC,D
15:12:04,INDF,RG,6450,2,F,KZ,KZ,F
15:12:01,INDF,RG,6450,20,F,KZ,KK,D
15:11:34,INDF,RG,6450,111,F,KZ,KZ,F
15:11:31,INDF,RG,6450,1000,F,KZ,EP,D
15:08:59,INDF,RG,6450,2,F,KZ,KZ,F
15:08:56,INDF,RG,6450,20,F,KZ,LG,D
15:07:39,INDF,RG,6450,1,F,KZ,KZ,F
15:07:35,INDF,RG,6450,10,F,KZ,DR,D
15:06:04,INDF,RG,6450,1,F,KZ,KZ,F
15:05:59,INDF,RG,6450,5,F,KZ,XC,D
15:05:47,INDF,RG,6450,2,F,KZ,YP,D
15:05:39,INDF,RG,6450,24,F,KZ,KZ,F
15:05:37,INDF,RG,6450,210,F,KZ,CC,D
15:05:09,INDF,RG,6450,476,F,KZ,KZ,F
15:05:03,INDF,RG,6450,50,F,KZ,YP,D
15:05:03,INDF,RG,6450,500,F,KZ,YP,D
15:05:03,INDF,RG,6450,683,F,KZ,YP,D
15:05:02,INDF,RG,6450,200,F,KZ,CC,D
15:05:02,INDF,RG,6450,20,F,KZ,CC,D
15:05:00,INDF,RG,6450,1,F,KZ,EP,D
15:00:00,INDF,RG,6450,650,F,KZ,YU,F
15:00:00,INDF,RG,6450,6,F,KZ,OD,D
15:00:00,INDF,RG,6450,5,F,KZ,PD,D
15:00:00,INDF,RG,6450,1,F,KZ,NI,D
15:00:00,INDF,RG,6450,3,F,KZ,CC,D
15:00:00,INDF,RG,6450,4,F,KZ,PD,D
15:00:00,INDF,RG,6450,2500,F,KZ,YU,F
15:00:00,INDF,RG,6450,23,F,KZ,CC,D
15:00:00,INDF,RG,6450,200,F,KZ,YB,D
15:00:00,INDF,RG,6450,2,F,KZ,HP,D
15:00:00,INDF,RG,6450,5,F,KZ,KK,D
15:00:00,INDF,RG,6450,1462,F,KZ,RX,F
15:00:00,INDF,RG,6450,55,F,KZ,YB,D
15:00:00,INDF,RG,6450,407,F,KZ,ZP,F
15:00:00,INDF,RG,6450,937,F,KZ,BK,F
15:00:00,INDF,RG,6450,19,F,KZ,BK,F
15:00:00,INDF,RG,6450,22,F,KZ,BK,F
15:00:00,INDF,RG,6450,17,F,KZ,BK,F
15:00:00,INDF,RG,6450,14,F,KZ,BK,F
15:00:00,INDF,RG,6450,204,F,KZ,CS,F
15:00:00,INDF,RG,6450,3194,F,KZ,CS,F
15:00:00,INDF,RG,6450,1,F,AK,CS,F
15:00:00,INDF,RG,6450,2,D,KK,CS,F
15:00:00,INDF,RG,6450,1,D,GR,CS,F
15:00:00,INDF,RG,6450,1,D,PD,CS,F
15:00:00,INDF,RG,6450,10,D,NI,CS,F
15:00:00,INDF,RG,6450,10,D,EP,CS,F
15:00:00,INDF,RG,6450,100,D,YB,CS,F
15:00:00,INDF,RG,6450,1,D,PD,CS,F
15:00:00,INDF,RG,6450,2,D,PD,CS,F
15:00:00,INDF,RG,6450,18,D,KK,CS,F
15:00:00,INDF,RG,6450,1,D,KK,CS,F
15:00:00,INDF,RG,6450,100,D,YB,CS,F
15:00:00,INDF,RG,6450,1445,F,ZP,CS,F
15:00:00,INDF,RG,6450,36,F,AK,CS,F
15:00:00,INDF,RG,6450,112,F,BK,CS,F
15:00:00,INDF,RG,6450,65,D,BB,CS,F
15:00:00,INDF,RG,6450,683,F,RX,CS,F
15:00:00,INDF,RG,6450,150,F,RX,AK,F
15:00:00,INDF,RG,6450,575,F,RX,KZ,F
15:00:00,INDF,RG,6450,76,F,AK,KZ,F
15:00:00,INDF,RG,6450,1,F,AK,KZ,F
15:00:00,INDF,RG,6450,2,F,AK,KZ,F
15:00:00,INDF,RG,6450,119,D,CC,KZ,F
15:00:00,INDF,RG,6450,412,D,OD,KZ,F
15:00:00,INDF,RG,6450,32,D,OD,RX,F
15:00:00,INDF,RG,6450,620,D,OD,YU,D
15:00:00,INDF,RG,6450,268,D,KZ,YU,D
15:00:00,INDF,RG,6450,114,D,DR,YU,D
14:49:54,INDF,RG,6425,1,F,KZ,XC,D
14:49:52,INDF,RG,6425,2,F,KZ,KZ,F
14:49:35,INDF,RG,6425,1,F,KZ,PD,D
14:49:30,INDF,RG,6425,12,F,KZ,BK,F
14:49:22,INDF,RG,6425,56,F,KZ,KZ,F
14:49:15,INDF,RG,6450,115,F,ZP,YU,F
14:49:15,INDF,RG,6450,1,D,ZP,YU,F
14:49:14,INDF,RG,6450,1,D,ZP,YU,F
14:49:12,INDF,RG,6425,20,F,KZ,YU,F
14:49:11,INDF,RG,6450,13,F,ZP,YU,F
14:49:11,INDF,RG,6450,75,F,ZP,PD,D
14:49:11,INDF,RG,6450,5,F,ZP,BK,F
14:49:07,INDF,RG,6425,19,F,KZ,YU,F
14:49:07,INDF,RG,6425,63,F,KZ,RX,F
14:49:06,INDF,RG,6425,14,F,KZ,YU,F
14:49:05,INDF,RG,6425,13,F,KZ,BK,F
14:49:03,INDF,RG,6425,21,F,KZ,RX,F
14:49:01,INDF,RG,6425,15,F,KZ,YU,F
14:49:00,INDF,RG,6425,23,F,KZ,YU,F
14:49:00,INDF,RG,6425,52,F,KZ,BK,F
14:48:59,INDF,RG,6450,28,F,ZP,BK,F
14:48:54,INDF,RG,6450,1,D,YP,BK,F
14:48:54,INDF,RG,6425,19,F,KZ,RX,F
14:48:52,INDF,RG,6425,11,F,KZ,YU,F
14:48:52,INDF,RG,6425,25,F,KZ,KZ,F
14:48:49,INDF,RG,6425,11,F,KZ,YU,F
14:48:49,INDF,RG,6450,9,D,PD,BK,F
14:48:45,INDF,RG,6425,20,F,KZ,RX,F
14:48:43,INDF,RG,6425,11,F,KZ,YU,F
14:48:42,INDF,RG,6450,28,F,ZP,BK,F
14:48:34,INDF,RG,6425,11,F,KZ,YU,F
14:48:34,INDF,RG,6425,18,F,KZ,RX,F
14:48:32,INDF,RG,6425,13,F,KZ,YU,F
14:48:32,INDF,RG,6425,26,F,KZ,YP,D
14:48:29,INDF,RG,6425,14,F,KZ,YU,F
14:48:28,INDF,RG,6425,19,F,KZ,RX,F
14:48:27,INDF,RG,6450,27,F,ZP,BK,F
14:48:23,INDF,RG,6425,10,F,KZ,YU,F
14:48:22,INDF,RG,6425,26,F,KZ,KZ,F
14:48:19,INDF,RG,6425,10,F,KZ,YU,F
14:48:18,INDF,RG,6425,25,F,KZ,RX,F
14:48:18,INDF,RG,6425,9,F,KZ,YU,F
14:48:17,INDF,RG,6450,20,F,ZP,BK,F
14:48:09,INDF,RG,6425,9,F,KZ,YU,F
14:48:07,INDF,RG,6425,24,F,KZ,RX,F
14:48:07,INDF,RG,6425,8,F,KZ,YU,F
14:48:07,INDF,RG,6425,19,F,KZ,KZ,F
14:48:02,INDF,RG,6425,8,F,KZ,YU,F
14:48:02,INDF,RG,6425,5,F,KZ,KZ,F
14:48:01,INDF,RG,6450,43,F,ZP,BK,F
14:48:01,INDF,RG,6450,10,F,ZP,KZ,F
14:48:01,INDF,RG,6450,20,F,ZP,YU,F
14:48:01,INDF,RG,6450,14,F,ZP,RX,F
14:48:01,INDF,RG,6425,7,F,KZ,YU,F
14:48:01,INDF,RG,6425,13,F,KZ,BK,F
14:47:57,INDF,RG,6425,8,F,KZ,YU,F
14:47:56,INDF,RG,6425,24,F,KZ,RX,F
14:47:55,INDF,RG,6450,4,F,AK,RX,F
14:47:53,INDF,RG,6425,5,F,KZ,YU,F
14:47:53,INDF,RG,6425,10,F,KZ,NI,D
14:47:52,INDF,RG,6425,6,F,KZ,YU,F
14:47:51,INDF,RG,6425,13,F,KZ,BK,F
14:47:48,INDF,RG,6425,5,F,KZ,YU,F
14:47:47,INDF,RG,6425,13,F,KZ,BK,F
14:47:47,INDF,RG,6425,5,F,KZ,YU,F
14:47:46,INDF,RG,6425,8,F,KZ,YU,F
14:47:45,INDF,RG,6425,31,F,KZ,RX,F
14:47:40,INDF,RG,6425,6,F,KZ,YU,F
14:47:40,INDF,RG,6425,14,F,KZ,BK,F
14:47:36,INDF,RG,6425,7,F,KZ,CC,D
14:47:33,INDF,RG,6425,6,F,KZ,YU,F
14:47:32,INDF,RG,6425,7,F,KZ,YU,F
14:47:31,INDF,RG,6425,14,F,KZ,BK,F
14:47:31,INDF,RG,6425,5,F,KZ,RX,F
14:47:31,INDF,RG,6425,1,D,PD,RX,F
14:47:31,INDF,RG,6425,18,D,YP,RX,F
14:47:26,INDF,RG,6425,6,D,YP,YU,F
14:47:26,INDF,RG,6425,13,D,YP,BK,F
14:47:24,INDF,RG,6425,5,D,YP,YU,F
14:47:23,INDF,RG,6425,5,D,YP,YU,F
14:47:22,INDF,RG,6425,13,D,YP,BK,F
14:47:22,INDF,RG,6425,5,D,YP,YU,F
14:47:21,INDF,RG,6425,8,D,YP,YU,F
14:47:20,INDF,RG,6425,6,D,YP,YU,F
14:47:20,INDF,RG,6425,21,D,YP,RX,F
14:47:14,INDF,RG,6450,3,D,PD,YU,F
14:47:13,INDF,RG,6450,2,D,PD,YU,F
14:47:13,INDF,RG,6450,7,F,ZP,YU,F
14:47:13,INDF,RG,6450,12,F,ZP,BK,F
14:47:12,INDF,RG,6450,15,F,ZP,YU,F
14:47:12,INDF,RG,6450,26,F,ZP,KZ,F
14:47:12,INDF,RG,6450,2,D,DR,KZ,F
14:47:12,INDF,RG,6450,1,D,PD,KZ,F
14:47:12,INDF,RG,6450,5,D,YP,KZ,F
14:47:12,INDF,RG,6450,5,D,PD,KZ,F
14:47:12,INDF,RG,6450,20,D,YP,KZ,F
14:47:12,INDF,RG,6450,1,D,PD,KZ,F
14:47:12,INDF,RG,6450,7,F,CS,KZ,F
14:47:11,INDF,RG,6450,1,F,CS,YU,F
14:47:11,INDF,RG,6450,24,F,CS,RX,F
14:47:10,INDF,RG,6450,5,F,CS,YU,F
14:47:09,INDF,RG,6450,12,F,CS,BK,F
14:47:07,INDF,RG,6450,5,F,CS,YU,F
14:47:07,INDF,RG,6450,14,F,CS,BK,F
14:47:06,INDF,RG,6450,2,F,CS,YU,F
14:47:05,INDF,RG,6450,5,F,CS,YU,F
14:47:04,INDF,RG,6450,14,F,CS,BK,F
14:47:03,INDF,RG,6450,3,F,CS,YU,F
14:47:03,INDF,RG,6450,13,F,CS,BK,F
14:47:00,INDF,RG,6450,24,F,CS,RX,F
14:46:57,INDF,RG,6450,12,F,CS,BK,F
14:46:51,INDF,RG,6450,10,F,CS,PD,D
14:46:49,INDF,RG,6450,18,F,CS,RX,F
14:46:48,INDF,RG,6450,14,F,CS,BK,F
14:46:47,INDF,RG,6450,13,F,CS,BK,F
14:46:41,INDF,RG,6450,17,F,CS,RX,F
14:46:40,INDF,RG,6450,12,F,CS,BK,F
14:46:40,INDF,RG,6450,12,F,CS,BK,F
14:46:34,INDF,RG,6450,13,F,CS,BK,F
14:46:34,INDF,RG,6450,12,F,CS,BK,F
14:46:33,INDF,RG,6450,20,F,CS,RX,F
14:46:30,INDF,RG,6450,14,F,CS,BK,F
14:46:23,INDF,RG,6450,13,F,CS,RX,F
14:46:19,INDF,RG,6450,14,F,CS,BK,F
14:46:15,INDF,RG,6450,12,F,CS,BK,F
14:46:01,INDF,RG,6450,9,F,CS,BK,F
14:46:01,INDF,RG,6450,5,D,YP,BK,F
14:45:59,INDF,RG,6450,5,D,YP,BK,F
14:45:59,INDF,RG,6450,3,D,YP,BK,F
14:45:59,INDF,RG,6450,2,D,XC,BK,F
14:45:59,INDF,RG,6450,2,D,GR,BK,F
14:45:59,INDF,RG,6450,1,D,SQ,BK,F
14:45:57,INDF,RG,6475,13,F,ZP,KZ,F
14:45:57,INDF,RG,6475,8,D,XC,KZ,F
14:45:57,INDF,RG,6475,5,D,PD,KZ,F
14:45:57,INDF,RG,6475,13,D,PD,KZ,F
14:45:56,INDF,RG,6475,15,D,PD,BK,F
14:45:56,INDF,RG,6500,1,D,XL,XC,D
14:45:54,INDF,RG,6475,2,D,PD,BK,F
14:45:54,INDF,RG,6475,10,D,YP,BK,F
14:45:54,INDF,RG,6475,57,F,ZP,BK,F
14:45:52,INDF,RG,6475,16,F,ZP,YP,D
14:45:52,INDF,RG,6475,202,F,ZP,YP,D
14:45:52,INDF,RG,6475,298,D,CS,YP,D
14:45:47,INDF,RG,6475,110,D,CS,KZ,F
14:45:45,INDF,RG,6500,1,F,AK,XC,D
14:45:37,INDF,RG,6475,1,D,CS,YP,D
14:45:07,INDF,RG,6500,6,F,ZP,XC,D
14:45:07,INDF,RG,6500,40,F,ZP,SQ,D
14:45:07,INDF,RG,6500,2,F,ZP,SQ,D
14:45:07,INDF,RG,6500,1,F,ZP,YP,D
14:45:07,INDF,RG,6500,3,F,ZP,PD,D
14:45:07,INDF,RG,6500,3,F,ZP,PD,D
14:44:54,INDF,RG,6475,1,D,CS,NI,D
14:44:53,INDF,RG,6475,250,D,CS,YU,F
14:44:52,INDF,RG,6475,1,D,CS,CC,F
14:44:52,INDF,RG,6475,11,D,CS,BK,F
14:44:52,INDF,RG,6475,126,D,CS,YU,F
14:44:52,INDF,RG,6475,202,D,CS,YU,F
14:44:49,INDF,RG,6475,10,D,CC,YU,F
14:44:47,INDF,RG,6475,126,D,CS,YU,F
14:44:47,INDF,RG,6475,207,D,CS,YU,F
14:44:47,INDF,RG,6475,139,D,CS,KZ,F
14:44:47,INDF,RG,6475,125,D,CS,GR,D
14:44:47,INDF,RG,6475,56,D,CS,BK,F
14:44:47,INDF,RG,6475,131,D,CS,YU,F
14:44:47,INDF,RG,6475,67,D,CS,YU,F
14:44:47,INDF,RG,6475,149,D,CS,YU,F
14:44:41,INDF,RG,6475,35,F,ZP,YU,F
14:44:41,INDF,RG,6475,64,F,ZP,YU,F
14:44:40,INDF,RG,6475,99,F,ZP,YU,F
14:44:40,INDF,RG,6475,28,F,AK,YU,F
14:44:40,INDF,RG,6475,156,D,CS,YU,F
14:44:39,INDF,RG,6475,153,D,CS,YU,F
14:44:39,INDF,RG,6475,10,D,CS,NI,D
14:44:39,INDF,RG,6475,180,D,CS,RX,F
14:44:39,INDF,RG,6475,7,D,CS,KZ,F
14:44:39,INDF,RG,6475,48,D,CS,BK,F
14:44:39,INDF,RG,6475,10,D,CS,YP,D
14:44:39,INDF,RG,6475,8,D,CS,KZ,F
14:44:39,INDF,RG,6475,63,D,CS,YU,F
14:44:39,INDF,RG,6475,1,D,CS,XC,D
14:44:39,INDF,RG,6475,7,D,CS,XC,D
14:44:39,INDF,RG,6475,1,D,CS,NI,D
14:44:39,INDF,RG,6475,14,D,CS,KZ,F
14:44:39,INDF,RG,6475,125,D,CS,YU,F
14:44:39,INDF,RG,6475,1,D,CS,KZ,F
14:44:39,INDF,RG,6475,17,D,CS,KZ,F
14:44:39,INDF,RG,6475,199,D,CS,YU,F
14:44:00,INDF,RG,6475,50,D,CS,YU,F
14:44:00,INDF,RG,6475,40,D,CS,YU,F
14:44:00,INDF,RG,6475,2,D,CS,KZ,F
14:44:00,INDF,RG,6475,70,D,CS,KZ,F
14:44:00,INDF,RG,6475,103,D,CS,BK,F
14:44:00,INDF,RG,6475,9,D,CS,YB,D
14:43:54,INDF,RG,6475,1,D,KK,YB,D
14:43:30,INDF,RG,6475,10,D,FS,YB,D
14:43:28,INDF,RG,6475,135,D,CS,YB,D
14:43:27,INDF,RG,6475,245,F,ZP,YB,D
14:43:27,INDF,RG,6475,1,F,ZP,YP,D
14:43:27,INDF,RG,6475,30,F,ZP,KZ,F
14:43:27,INDF,RG,6475,3,F,ZP,YP,D
14:43:27,INDF,RG,6475,33,F,ZP,YU,F
14:43:10,INDF,RG,6475,8,D,CS,YU,F
14:43:10,INDF,RG,6475,2,D,CS,YU,F
14:43:10,INDF,RG,6475,3,D,CS,YU,F
14:43:10,INDF,RG,6475,28,D,CS,YU,F
14:43:10,INDF,RG,6475,15,D,CS,YU,F
14:43:10,INDF,RG,6475,24,D,CS,YU,F
14:42:19,INDF,RG,6475,112,D,CS,YU,F
14:42:19,INDF,RG,6475,20,D,CS,EP,D
14:42:19,INDF,RG,6475,90,D,CS,BK,F
14:42:19,INDF,RG,6475,9,D,CS,KZ,F
14:42:19,INDF,RG,6475,29,D,CS,KZ,F
14:42:19,INDF,RG,6475,241,D,CS,RX,F
14:42:19,INDF,RG,6475,8,D,CS,BK,F
14:41:54,INDF,RG,6450,1,D,CS,PD,D
14:41:53,INDF,RG,6475,1,D,PD,BK,F
14:41:47,INDF,RG,6475,5,D,CS,BK,F
14:41:47,INDF,RG,6475,1,D,CS,NI,D
14:41:47,INDF,RG,6475,126,D,CS,YU,F
14:41:29,INDF,RG,6450,12,D,CS,XC,D
14:41:22,INDF,RG,6450,1,D,CS,RF,D
14:41:22,INDF,RG,6450,5,D,CS,RF,D
14:41:22,INDF,RG,6450,2,D,CS,RF,D
14:41:22,INDF,RG,6450,2,D,YP,RF,D
14:41:15,INDF,RG,6475,1,F,AK,YU,F
14:41:05,INDF,RG,6475,178,F,ZP,YU,F
14:41:05,INDF,RG,6475,20,F,ZP,YP,D
14:41:05,INDF,RG,6475,20,F,ZP,RX,F
14:41:05,INDF,RG,6475,1,F,ZP,CC,F
14:41:05,INDF,RG,6475,84,F,ZP,PD,D
14:39:54,INDF,RG,6475,1,D,XL,PD,D
14:39:49,INDF,RG,6475,415,D,CS,PD,D
14:39:49,INDF,RG,6475,1,D,CS,YP,D
14:39:49,INDF,RG,6475,6,D,CS,CC,D
14:39:49,INDF,RG,6475,2,D,CS,PD,D
14:39:49,INDF,RG,6475,2,D,CS,PD,D
14:39:49,INDF,RG,6475,3,D,CS,PD,D
14:39:49,INDF,RG,6475,10,D,CS,CP,D
14:39:49,INDF,RG,6475,67,D,CS,YU,F
14:39:21,INDF,RG,6475,111,D,CS,YU,F
14:39:21,INDF,RG,6475,23,D,CS,KZ,F
14:39:19,INDF,RG,6450,1,D,YP,PD,D
14:39:10,INDF,RG,6450,2,D,YP,YP,D
14:38:45,INDF,RG,6450,15,D,YP,RF,D
14:38:26,INDF,RG,6475,2,D,PD,KZ,F
14:38:26,INDF,RG,6475,70,F,ZP,KZ,F
14:38:26,INDF,RG,6475,70,F,ZP,KZ,F
14:38:26,INDF,RG,6475,5,F,ZP,NI,D
14:38:26,INDF,RG,6475,20,F,ZP,PD,D
14:38:26,INDF,RG,6475,16,F,ZP,CC,D
14:38:26,INDF,RG,6475,5,F,ZP,EP,D
14:38:26,INDF,RG,6475,5,F,ZP,XL,D
14:38:26,INDF,RG,6475,62,F,ZP,YP,D
14:38:26,INDF,RG,6475,1,F,ZP,YP,D
14:38:20,INDF,RG,6450,30,D,YP,YP,D
14:38:15,INDF,RG,6475,85,D,CS,YP,D
14:37:58,INDF,RG,6475,72,D,CS,YP,D
14:37:57,INDF,RG,6475,247,D,CS,YP,D
14:37:52,INDF,RG,6475,2,D,PD,YP,D
14:37:48,INDF,RG,6475,29,D,CS,YP,D
14:37:48,INDF,RG,6475,2,D,CS,YP,D
14:37:48,INDF,RG,6475,1,D,CS,DR,D
14:37:48,INDF,RG,6475,1,D,CS,PD,D
14:37:48,INDF,RG,6475,2,D,CS,KK,D
14:37:48,INDF,RG,6475,1,D,CS,PD,D
14:37:48,INDF,RG,6475,15,D,CS,DR,D
14:37:47,INDF,RG,6450,15,D,CS,YU,F
14:37:47,INDF,RG,6450,34,D,CS,KZ,F
14:37:45,INDF,RG,6450,38,D,CS,KZ,F
14:37:45,INDF,RG,6450,14,D,CS,YP,D
14:37:45,INDF,RG,6450,14,D,CS,YP,D
14:37:43,INDF,RG,6450,12,D,CS,YP,D
14:37:43,INDF,RG,6450,1,D,CS,NI,D
14:37:43,INDF,RG,6450,14,D,CS,YU,F
14:37:43,INDF,RG,6450,8,D,CS,YU,F
14:37:42,INDF,RG,6450,14,D,CS,YU,F
14:37:42,INDF,RG,6450,52,D,CS,YU,F
14:37:40,INDF,RG,6450,69,D,CS,YU,F
14:37:40,INDF,RG,6450,15,D,CS,YU,F
14:37:38,INDF,RG,6450,39,D,CS,YU,F
14:37:37,INDF,RG,6450,288,D,CS,YU,F
14:37:32,INDF,RG,6450,40,D,CS,YU,F
14:37:27,INDF,RG,6450,36,D,CS,YU,F
14:37:26,INDF,RG,6450,319,D,CS,YU,F
14:37:26,INDF,RG,6450,34,D,CS,KZ,F
14:37:22,INDF,RG,6450,10,D,CS,KZ,F
14:37:22,INDF,RG,6450,50,D,CS,KZ,F
14:37:22,INDF,RG,6450,13,D,CS,BK,F
14:37:19,INDF,RG,6425,45,F,ZP,YP,D
14:37:13,INDF,RG,6450,36,D,CS,BK,F
14:37:13,INDF,RG,6450,58,D,CS,PD,D
14:37:12,INDF,RG,6450,230,F,BK,PD,D
14:37:12,INDF,RG,6450,12,F,BK,KZ,F
14:37:12,INDF,RG,6450,105,F,BK,YU,F
14:37:12,INDF,RG,6450,125,F,BK,KZ,F
14:37:12,INDF,RG,6450,1,F,BK,NI,D
14:37:12,INDF,RG,6450,103,F,BK,YU,F
14:37:12,INDF,RG,6450,126,F,BK,BK,F
14:37:12,INDF,RG,6450,230,F,BK,RX,F
14:37:12,INDF,RG,6450,1,F,BK,CC,F
14:37:12,INDF,RG,6450,71,F,BK,YU,F
14:37:12,INDF,RG,6450,83,F,BK,BK,F
14:37:12,INDF,RG,6450,28,D,CS,BK,F
14:37:11,INDF,RG,6450,14,F,BK,BK,F
14:37:11,INDF,RG,6450,349,F,BK,YU,F
14:37:10,INDF,RG,6450,63,F,AK,YU,F
14:37:10,INDF,RG,6450,2,F,AK,CS,F
14:37:09,INDF,RG,6450,698,F,BK,CS,F
14:37:09,INDF,RG,6450,56,F,BK,KZ,F
14:37:09,INDF,RG,6450,114,F,BK,BK,F
14:37:09,INDF,RG,6450,15,F,BK,KZ,F
14:37:09,INDF,RG,6450,26,F,BK,KZ,F
14:37:09,INDF,RG,6450,178,F,BK,YU,F
14:37:04,INDF,RG,6450,101,D,CS,YU,F
14:37:04,INDF,RG,6450,6,D,CS,KZ,F
14:37:04,INDF,RG,6450,28,D,CS,KZ,F
14:37:04,INDF,RG,6450,20,D,CS,LS,D
14:37:04,INDF,RG,6450,63,D,CS,BK,F
14:36:53,INDF,RG,6450,46,D,CS,BK,F
14:36:53,INDF,RG,6450,22,D,CS,CC,D
14:35:52,INDF,RG,6450,8,D,CS,CC,D
14:35:52,INDF,RG,6450,19,D,CS,KZ,F
14:35:52,INDF,RG,6450,227,D,CS,RX,F
14:35:49,INDF,RG,6450,90,F,ZP,RX,F
14:35:49,INDF,RG,6450,1,F,ZP,XC,D
14:35:49,INDF,RG,6450,35,F,ZP,BK,F
14:35:49,INDF,RG,6450,1,F,ZP,PD,D
14:35:49,INDF,RG,6450,20,F,ZP,RX,F
14:35:49,INDF,RG,6450,3,F,ZP,PD,D
14:35:49,INDF,RG,6450,40,F,ZP,KZ,F
14:35:49,INDF,RG,6450,12,F,ZP,BK,F
14:35:38,INDF,RG,6425,109,F,ZP,RX,F
14:35:38,INDF,RG,6425,4,D,CS,RX,F
14:35:29,INDF,RG,6450,8,D,PD,BK,F
14:35:27,INDF,RG,6425,17,D,CS,KZ,F
14:35:02,INDF,RG,6425,16,D,CS,RX,F
14:34:47,INDF,RG,6425,5,D,CS,RX,F
14:34:47,INDF,RG,6425,13,D,CS,RX,F
14:34:33,INDF,RG,6425,1,D,CS,CC,D
14:34:30,INDF,RG,6425,119,F,KZ,RX,F
14:34:27,INDF,RG,6425,77,F,KZ,KZ,F
14:34:24,INDF,RG,6450,1,D,YP,BK,F
14:34:21,INDF,RG,6450,149,D,CS,BK,F
14:34:21,INDF,RG,6450,134,D,CS,DR,D
14:34:17,INDF,RG,6450,79,D,CS,DR,D
14:33:56,INDF,RG,6425,15,F,KZ,RX,F
14:33:54,INDF,RG,6425,2,F,KZ,NI,D
14:33:43,INDF,RG,6425,15,F,KZ,RX,F
14:33:21,INDF,RG,6425,5,F,KZ,PD,D
14:33:05,INDF,RG,6450,237,F,ZP,DR,D
14:33:05,INDF,RG,6450,60,F,ZP,RX,F
14:32:57,INDF,RG,6425,66,F,KZ,KZ,F
14:32:34,INDF,RG,6425,54,F,KZ,RX,F
14:32:31,INDF,RG,6450,20,D,CS,RX,F
14:32:31,INDF,RG,6450,10,D,CS,YJ,D
14:32:31,INDF,RG,6450,44,D,CS,BK,F
14:32:31,INDF,RG,6450,100,D,CS,KK,D
14:32:31,INDF,RG,6450,94,D,CS,KZ,F
14:32:31,INDF,RG,6450,1,D,PD,KZ,F
14:32:26,INDF,RG,6450,74,D,CS,KZ,F
14:31:28,INDF,RG,6425,22,F,KZ,RX,F
14:31:14,INDF,RG,6450,7,D,CC,KZ,F
14:31:00,INDF,RG,6450,4,D,SQ,KZ,F
14:30:47,INDF,RG,6450,236,D,CS,KZ,F
14:30:47,INDF,RG,6450,3,D,CS,YU,F
14:30:45,INDF,RG,6450,1,F,AK,YU,F
14:30:41,INDF,RG,6450,67,D,CS,YU,F
14:30:40,INDF,RG,6450,2,D,ZP,YU,F
14:30:29,INDF,RG,6450,167,F,ZP,YU,F
14:30:29,INDF,RG,6450,20,F,ZP,PD,D
14:30:29,INDF,RG,6450,5,F,ZP,CC,F
14:30:29,INDF,RG,6450,48,F,ZP,PD,D
14:30:29,INDF,RG,6450,61,F,ZP,YU,F
14:29:12,INDF,RG,6450,50,D,PD,YU,F
14:29:07,INDF,RG,6450,289,D,CS,YU,F
14:29:00,INDF,RG,6450,76,D,CS,YU,F
14:27:51,INDF,RG,6450,47,F,ZP,YU,F
14:27:51,INDF,RG,6450,8,F,ZP,RX,F
14:27:51,INDF,RG,6450,220,F,ZP,BK,F
14:27:51,INDF,RG,6450,3,F,ZP,BK,F
14:27:51,INDF,RG,6450,20,F,ZP,YU,F
14:27:44,INDF,RG,6450,25,D,YP,YU,F
14:27:07,INDF,RG,6425,3,F,KZ,PD,D
14:27:01,INDF,RG,6450,1,D,PD,YU,F
14:27:00,INDF,RG,6450,272,D,CS,YU,F
14:26:57,INDF,RG,6450,78,D,CS,YU,F
14:26:14,INDF,RG,6425,1,F,KZ,DR,D
14:25:55,INDF,RG,6450,1,D,XC,YU,F
14:25:54,INDF,RG,6450,1,D,XC,YU,F
14:25:15,INDF,RG,6450,112,F,ZP,YU,F
14:25:15,INDF,RG,6450,173,F,ZP,BK,F
14:25:00,INDF,RG,6450,1,D,PD,BK,F
14:24:59,INDF,RG,6450,13,D,CS,BK,F
14:24:59,INDF,RG,6450,51,D,CS,RX,F
14:24:59,INDF,RG,6450,1,D,CS,DR,D
14:24:59,INDF,RG,6450,87,D,CS,RX,F
14:24:59,INDF,RG,6450,186,D,CS,YU,F
14:24:52,INDF,RG,6450,90,D,CS,YU,F
14:23:42,INDF,RG,6425,20,F,KZ,CC,D
14:22:55,INDF,RG,6450,152,D,CS,YU,F
14:22:55,INDF,RG,6450,37,D,CS,BK,F
14:22:55,INDF,RG,6450,14,D,CS,OD,D
14:22:55,INDF,RG,6450,18,D,CS,RX,F
14:22:55,INDF,RG,6450,97,D,CS,RX,F
14:22:52,INDF,RG,6425,1,F,KZ,PD,D
14:22:28,INDF,RG,6450,50,D,CS,RX,F
14:22:28,INDF,RG,6450,35,D,CS,BK,F
14:21:59,INDF,RG,6450,7,D,CS,BK,F
14:21:59,INDF,RG,6450,342,D,CS,CS,F
14:21:59,INDF,RG,6450,15,D,CS,CS,F
14:21:58,INDF,RG,6450,114,D,CS,CS,F
14:21:24,INDF,RG,6450,102,D,CS,CS,F
14:21:24,INDF,RG,6450,263,D,CS,CS,F
14:21:19,INDF,RG,6450,137,D,CS,CS,F
14:21:00,INDF,RG,6450,4,D,YB,CS,F
14:20:49,INDF,RG,6450,312,D,CS,CS,F
14:20:49,INDF,RG,6450,2,D,CS,PD,D
14:20:49,INDF,RG,6450,138,D,CS,YU,F
14:20:07,INDF,RG,6450,44,D,CS,YU,F
14:20:07,INDF,RG,6425,164,D,CS,KZ,F
14:20:07,INDF,RG,6425,44,F,ZP,KZ,F
14:20:07,INDF,RG,6425,91,F,CC,KZ,F
14:20:07,INDF,RG,6425,400,F,KZ,KZ,F
14:20:07,INDF,RG,6425,6,D,XC,KZ,F
14:20:02,INDF,RG,6425,1,D,CS,CS,F
14:20:02,INDF,RG,6425,38,D,CS,CS,F
14:20:02,INDF,RG,6425,5,D,GR,CS,F
14:20:02,INDF,RG,6425,17,D,CS,CS,F
14:20:02,INDF,RG,6425,50,D,KK,CS,F
14:20:02,INDF,RG,6425,1,D,CC,CS,F
14:20:02,INDF,RG,6425,10,D,CS,CS,F
14:20:02,INDF,RG,6425,14,D,CS,CS,F
14:20:02,INDF,RG,6425,18,D,CS,CS,F
14:20:02,INDF,RG,6425,34,D,CS,CS,F
14:20:02,INDF,RG,6425,14,D,CS,CS,F
14:20:02,INDF,RG,6425,260,D,CS,CS,F
14:20:02,INDF,RG,6425,3,D,CS,CS,F
14:20:02,INDF,RG,6425,25,D,CS,CS,F
14:20:02,INDF,RG,6425,2,D,NI,CS,F
14:20:02,INDF,RG,6425,28,D,CS,CS,F
14:20:02,INDF,RG,6425,75,F,ZP,CS,F
14:20:02,INDF,RG,6425,189,F,KZ,CS,F
14:19:54,INDF,RG,6450,90,F,ZP,YU,F
14:19:24,INDF,RG,6450,73,D,CS,YU,F
14:19:24,INDF,RG,6450,7,D,CS,BK,F
14:19:24,INDF,RG,6450,81,D,CS,RX,F
14:19:17,INDF,RG,6425,20,F,KZ,PD,D
14:19:16,INDF,RG,6450,126,D,CS,RX,F
14:19:16,INDF,RG,6450,100,D,CS,PD,D
14:19:16,INDF,RG,6450,189,D,CS,BK,F
14:19:16,INDF,RG,6450,63,D,CS,BK,F
14:19:16,INDF,RG,6450,9,D,CS,RX,F
14:19:16,INDF,RG,6450,35,D,CS,AK,F
14:19:16,INDF,RG,6450,9,D,CS,YU,F
14:19:07,INDF,RG,6450,94,F,ZP,YU,F
14:19:07,INDF,RG,6425,83,F,KZ,KZ,F
14:19:07,INDF,RG,6425,31,F,KZ,KZ,F
14:19:07,INDF,RG,6425,2,F,KZ,KZ,F
14:18:36,INDF,RG,6450,2,D,XC,YU,F
14:18:18,INDF,RG,6450,21,F,ZP,YU,F
14:18:09,INDF,RG,6450,1,D,XC,YU,F
14:18:01,INDF,RG,6425,16,F,KZ,RX,F
14:17:59,INDF,RG,6450,2,D,PD,YU,F
14:17:55,INDF,RG,6425,5,F,KZ,YB,D
14:17:42,INDF,RG,6425,54,F,KZ,PD,D
14:17:42,INDF,RG,6425,146,F,KZ,PD,D
14:17:42,INDF,RG,6425,81,F,KZ,RX,F
14:17:31,INDF,RG,6425,273,F,KZ,AK,F
14:17:30,INDF,RG,6425,37,D,CS,AK,F
14:17:30,INDF,RG,6425,6,D,DR,AK,F
14:17:30,INDF,RG,6425,27,D,CS,AK,F
14:17:30,INDF,RG,6425,7,D,CS,AK,F
14:17:30,INDF,RG,6425,36,D,CS,AK,F
14:17:30,INDF,RG,6425,30,D,CS,AK,F
14:17:30,INDF,RG,6425,15,D,CS,AK,F
14:17:30,INDF,RG,6425,13,D,CS,AK,F
14:17:30,INDF,RG,6425,6,D,CS,AK,F
14:17:30,INDF,RG,6425,29,D,CS,AK,F
14:17:30,INDF,RG,6425,339,F,KZ,AK,F
14:17:30,INDF,RG,6425,12,D,CS,AK,F
14:17:30,INDF,RG,6425,32,D,CS,AK,F
14:17:30,INDF,RG,6425,139,D,CS,AK,F
14:17:30,INDF,RG,6425,1,D,PD,AK,F
14:17:30,INDF,RG,6425,6,D,CS,AK,F
14:17:30,INDF,RG,6425,269,D,CS,AK,F
14:17:30,INDF,RG,6425,1,D,XL,AK,F
14:17:30,INDF,RG,6425,129,D,CS,AK,F
14:17:30,INDF,RG,6425,19,F,ZP,AK,F
14:17:30,INDF,RG,6425,55,F,ZP,AK,F
14:17:30,INDF,RG,6425,99,F,ZP,AK,F
14:17:25,INDF,RG,6450,2,D,PD,YU,F
14:17:24,INDF,RG,6450,591,D,CS,YU,F
14:17:23,INDF,RG,6425,15,F,ZP,RX,F
14:17:03,INDF,RG,6450,165,D,CS,YU,F
14:17:01,INDF,RG,6425,15,F,ZP,RX,F
14:17:01,INDF,RG,6425,8,F,KZ,RX,F
14:16:59,INDF,RG,6450,175,F,ZP,YU,F
14:16:50,INDF,RG,6425,100,F,KZ,PD,D
14:16:50,INDF,RG,6425,100,F,KZ,PD,D
14:16:23,INDF,RG,6450,574,D,CS,YU,F
14:16:06,INDF,RG,6425,2,F,KZ,PD,D
14:16:01,INDF,RG,6450,138,D,CS,YU,F
14:15:28,INDF,RG,6450,479,F,ZP,YU,F
14:15:28,INDF,RG,6450,97,F,ZP,AK,F
14:15:28,INDF,RG,6450,116,F,ZP,AK,F
14:15:28,INDF,RG,6450,42,F,ZP,BK,F
14:15:28,INDF,RG,6450,181,F,ZP,BK,F
14:15:28,INDF,RG,6450,1,F,ZP,PD,D
14:15:28,INDF,RG,6450,33,F,ZP,YU,F
14:15:28,INDF,RG,6450,24,F,ZP,BK,F
14:15:28,INDF,RG,6450,15,F,ZP,BK,F
14:15:28,INDF,RG,6450,124,F,ZP,BK,F
14:15:24,INDF,RG,6425,140,F,KZ,YU,F
14:15:24,INDF,RG,6425,30,D,CS,YU,F
14:15:24,INDF,RG,6425,4,D,SQ,YU,F
14:15:24,INDF,RG,6425,27,D,CS,YU,F
14:15:24,INDF,RG,6425,12,D,CS,YU,F
14:15:24,INDF,RG,6425,24,F,KZ,YU,F
14:15:23,INDF,RG,6450,21,D,CS,BK,F
14:15:23,INDF,RG,6450,4,D,CS,PD,D
14:15:23,INDF,RG,6450,137,D,CS,BK,F
14:15:23,INDF,RG,6450,10,D,CS,BK,F
14:15:23,INDF,RG,6450,132,D,CS,BK,F
14:15:23,INDF,RG,6450,146,D,CS,BK,F
14:15:23,INDF,RG,6450,57,D,CS,CS,F
14:15:13,INDF,RG,6450,20,D,XA,CS,F
14:15:13,INDF,RG,6425,37,F,KZ,RX,F
14:15:12,INDF,RG,6425,46,F,KZ,KZ,F
14:14:49,INDF,RG,6425,210,F,KZ,YU,F
14:14:48,INDF,RG,6450,46,D,CS,CS,F
14:14:48,INDF,RG,6450,114,D,CS,BK,F
14:14:37,INDF,RG,6425,22,F,KZ,NI,D
14:14:37,INDF,RG,6425,1,D,CS,NI,D
14:14:37,INDF,RG,6425,2,D,CS,NI,D
14:14:34,INDF,RG,6450,23,D,CC,BK,F
14:14:27,INDF,RG,6425,90,D,CS,KZ,F
14:14:15,INDF,RG,6425,55,D,CS,YU,F
14:14:15,INDF,RG,6425,36,D,CS,YU,F
14:14:15,INDF,RG,6425,3,D,PD,YU,F
14:14:15,INDF,RG,6425,81,F,ZP,YU,F
14:14:15,INDF,RG,6425,13,D,CS,YU,F
14:14:15,INDF,RG,6425,12,D,CS,YU,F
14:14:15,INDF,RG,6425,49,F,KZ,YU,F
14:14:14,INDF,RG,6450,50,D,CS,BK,F
14:14:14,INDF,RG,6450,9,D,CS,BK,F
14:14:14,INDF,RG,6450,288,D,CS,AK,F
14:14:14,INDF,RG,6450,1,D,CS,XC,D
14:14:14,INDF,RG,6450,5,D,CS,PD,D
14:14:14,INDF,RG,6450,1,D,CS,IF,D
14:14:14,INDF,RG,6450,2,D,CS,DR,D
14:14:14,INDF,RG,6450,1,D,CS,NI,D
14:14:14,INDF,RG,6450,1,D,CS,PD,D
14:14:14,INDF,RG,6450,5,D,CS,PD,D
14:14:14,INDF,RG,6450,14,D,CS,BK,F
14:14:14,INDF,RG,6450,24,D,CS,BK,F
14:14:14,INDF,RG,6450,1,D,CS,XC,D
14:14:14,INDF,RG,6450,83,D,CS,BK,F
14:14:14,INDF,RG,6450,58,D,CS,BK,F
14:14:10,INDF,RG,6425,12,F,KZ,RX,F
14:13:57,INDF,RG,6425,54,F,KZ,KZ,F
14:13:47,INDF,RG,6425,11,F,KZ,RX,F
14:13:35,INDF,RG,6425,112,F,KZ,BK,F
14:13:28,INDF,RG,6425,162,F,KZ,YU,F
14:13:28,INDF,RG,6425,7,D,CS,YU,F
14:13:28,INDF,RG,6425,1,D,XC,YU,F
14:13:28,INDF,RG,6425,14,D,CS,YU,F
14:13:28,INDF,RG,6425,3,D,CS,YU,F
14:13:28,INDF,RG,6425,8,F,ZP,YU,F
14:13:28,INDF,RG,6425,172,F,ZP,RX,F
14:13:27,INDF,RG,6425,6,F,ZP,KZ,F
14:13:27,INDF,RG,6425,27,F,YU,KZ,F
14:13:27,INDF,RG,6425,319,F,KZ,KZ,F
14:13:16,INDF,RG,6425,695,F,KZ,CS,F
14:13:16,INDF,RG,6425,14,F,YU,CS,F
14:13:16,INDF,RG,6425,6,F,YU,YU,F
14:13:16,INDF,RG,6425,131,D,CS,YU,F
14:13:16,INDF,RG,6425,20,F,YU,YU,F
14:13:16,INDF,RG,6425,400,F,KZ,YU,F
14:13:15,INDF,RG,6425,20,F,YU,YU,F
14:13:15,INDF,RG,6425,7,D,CS,YU,F
14:13:15,INDF,RG,6425,10,D,CS,YU,F
14:13:15,INDF,RG,6425,20,F,YU,YU,F
14:13:15,INDF,RG,6425,20,F,YU,YU,F
14:13:15,INDF,RG,6425,20,F,YU,YU,F
14:13:15,INDF,RG,6400,326,D,CC,YU,F
14:13:15,INDF,RG,6425,20,F,YU,YU,F
14:13:14,INDF,RG,6425,12,D,CS,AK,F
14:13:14,INDF,RG,6425,11,D,CS,AK,F
14:13:14,INDF,RG,6425,11,D,CS,AK,F
14:13:14,INDF,RG,6425,1,D,PD,AK,F
14:13:14,INDF,RG,6425,6,D,NI,AK,F
14:13:14,INDF,RG,6425,4,D,CS,AK,F
14:13:14,INDF,RG,6425,5,D,CC,AK,F
14:13:14,INDF,RG,6425,1,D,PD,AK,F
14:13:14,INDF,RG,6425,25,F,AK,AK,F
14:13:14,INDF,RG,6425,2,D,NI,AK,F
14:13:14,INDF,RG,6425,1,D,PD,AK,F
14:13:14,INDF,RG,6425,1,F,KZ,AK,F
14:13:14,INDF,RG,6425,2,F,KZ,AK,F
14:13:14,INDF,RG,6425,31,F,KZ,AK,F
14:13:14,INDF,RG,6425,1,F,AK,AK,F
14:13:14,INDF,RG,6425,3,D,DH,AK,F
14:13:14,INDF,RG,6425,400,F,KZ,AK,F
14:13:14,INDF,RG,6425,1,D,PD,AK,F
14:13:14,INDF,RG,6425,1,D,YP,AK,F
14:13:14,INDF,RG,6425,1,D,XC,AK,F
14:13:14,INDF,RG,6425,5,D,PD,AK,F
14:13:14,INDF,RG,6425,5,F,KZ,AK,F
14:13:14,INDF,RG,6425,10,D,YP,AK,F
14:13:14,INDF,RG,6425,20,D,NI,AK,F
14:13:14,INDF,RG,6425,323,F,KZ,AK,F
14:13:14,INDF,RG,6425,5,D,DH,AK,F
14:13:14,INDF,RG,6425,5,D,PD,AK,F
14:13:14,INDF,RG,6425,1,D,PD,AK,F
14:13:14,INDF,RG,6425,1,D,YP,AK,F
14:13:14,INDF,RG,6425,20,F,YU,AK,F
14:13:14,INDF,RG,6425,5,D,XA,AK,F
14:13:14,INDF,RG,6425,10,D,PD,AK,F
14:13:14,INDF,RG,6425,50,D,PD,AK,F
14:13:14,INDF,RG,6425,1,D,NI,AK,F
14:13:14,INDF,RG,6425,1,D,XC,AK,F
14:13:14,INDF,RG,6425,1,D,KK,AK,F
14:13:14,INDF,RG,6425,20,D,LG,AK,F
14:13:14,INDF,RG,6425,456,F,ZP,AK,F
14:12:57,INDF,RG,6425,4,F,ZP,KZ,F
14:12:40,INDF,RG,6425,36,F,ZP,RX,F
14:12:37,INDF,RG,6425,14,F,ZP,KZ,F
14:12:32,INDF,RG,6425,26,F,ZP,KZ,F
14:12:28,INDF,RG,6425,36,F,ZP,YU,F
14:12:28,INDF,RG,6425,1,D,YP,YU,F
14:12:28,INDF,RG,6425,97,D,YP,YU,F
14:12:27,INDF,RG,6425,55,D,YP,BK,F
14:10:49,INDF,RG,6450,5,D,PD,BK,F
14:10:31,INDF,RG,6425,13,D,YP,RX,F
14:10:13,INDF,RG,6450,26,F,NI,BK,F
14:10:13,INDF,RG,6450,54,F,NI,BK,F
14:09:41,INDF,RG,6425,77,D,YP,RX,F
14:09:27,INDF,RG,6425,148,D,YP,YU,F
14:09:26,INDF,RG,6425,338,D,YP,KZ,F
14:07:58,INDF,RG,6425,44,D,YP,RX,F
14:07:50,INDF,RG,6425,130,D,YP,YU,F
14:07:49,INDF,RG,6425,98,D,YP,BK,F
14:07:49,INDF,RG,6425,36,F,ZP,BK,F
14:07:14,INDF,RG,6425,8,F,ZP,RX,F
14:06:25,INDF,RG,6425,45,F,ZP,RX,F
14:06:12,INDF,RG,6425,77,F,ZP,BK,F
14:05:50,INDF,RG,6425,15,F,ZP,RX,F
14:05:36,INDF,RG,6425,129,F,ZP,YU,F
14:05:35,INDF,RG,6425,33,F,ZP,RX,F
14:05:35,INDF,RG,6425,61,F,KZ,RX,F
14:05:21,INDF,RG,6450,2,D,YP,BK,F
14:03:22,INDF,RG,6425,16,F,KZ,RX,F
14:02:53,INDF,RG,6425,152,F,KZ,BK,F
14:02:53,INDF,RG,6425,26,F,KZ,RX,F
14:02:44,INDF,RG,6425,15,F,KZ,XC,D
14:02:07,INDF,RG,6425,16,F,KZ,RX,F
14:01:49,INDF,RG,6425,114,F,KZ,YU,F
14:01:49,INDF,RG,6425,3,F,YU,YU,F
14:01:48,INDF,RG,6425,17,F,YU,PD,D
14:01:48,INDF,RG,6425,6,F,KZ,PD,D
14:01:48,INDF,RG,6425,1,D,NI,PD,D
14:01:48,INDF,RG,6425,5,D,KK,PD,D
14:01:48,INDF,RG,6425,25,D,YP,PD,D
14:01:48,INDF,RG,6425,1,D,XL,PD,D
14:01:48,INDF,RG,6425,10,D,YP,PD,D
14:01:48,INDF,RG,6425,10,D,PD,PD,D
14:01:48,INDF,RG,6425,10,D,CC,PD,D
14:01:48,INDF,RG,6425,3,D,CC,PD,D
14:01:48,INDF,RG,6425,12,F,AK,PD,D
14:01:38,INDF,RG,6425,16,F,AK,RX,F
14:01:10,INDF,RG,6425,14,F,AK,RX,F
14:01:10,INDF,RG,6425,35,D,XC,RX,F
14:00:49,INDF,RG,6425,15,D,XC,BK,F
14:00:49,INDF,RG,6425,79,F,KZ,BK,F
13:59:42,INDF,RG,6425,13,F,KZ,RX,F
13:59:28,INDF,RG,6425,110,F,KZ,YU,F
13:59:28,INDF,RG,6425,61,F,KZ,BK,F
13:59:18,INDF,RG,6425,37,F,KZ,RX,F
13:59:18,INDF,RG,6425,8,F,ZP,RX,F
13:59:12,INDF,RG,6425,144,F,ZP,YU,F
13:59:11,INDF,RG,6425,169,F,ZP,KZ,F
13:59:11,INDF,RG,6425,1,D,XL,KZ,F
13:59:11,INDF,RG,6425,1,D,CC,KZ,F
13:59:11,INDF,RG,6425,12,D,ZP,KZ,F
13:59:11,INDF,RG,6425,3,F,KZ,KZ,F
13:59:11,INDF,RG,6425,1,D,NI,KZ,F
13:59:11,INDF,RG,6425,20,F,YU,KZ,F
13:59:11,INDF,RG,6425,1,F,AK,KZ,F
13:59:11,INDF,RG,6425,6,D,NI,KZ,F
13:59:11,INDF,RG,6425,5,D,YP,KZ,F
13:59:11,INDF,RG,6425,1,D,XC,KZ,F
13:59:11,INDF,RG,6425,5,D,NI,KZ,F
13:59:11,INDF,RG,6425,1,D,NI,KZ,F
13:59:11,INDF,RG,6425,166,F,KZ,KZ,F
13:59:05,INDF,RG,6425,20,F,KZ,CP,D
13:58:01,INDF,RG,6425,25,F,KZ,RX,F
13:57:56,INDF,RG,6425,110,F,KZ,YU,F
13:57:55,INDF,RG,6425,5,F,KZ,PD,D
13:57:55,INDF,RG,6425,1,D,XC,PD,D
13:57:55,INDF,RG,6425,134,F,BK,PD,D
13:57:42,INDF,RG,6425,81,F,BK,BK,F
13:57:18,INDF,RG,6425,19,F,BK,RX,F
13:56:31,INDF,RG,6425,83,F,BK,YU,F
13:56:31,INDF,RG,6425,8,D,NI,YU,F
13:56:31,INDF,RG,6425,17,F,KZ,YU,F
13:56:31,INDF,RG,6425,133,F,KZ,KZ,F
13:56:31,INDF,RG,6425,1,D,YP,KZ,F
13:56:31,INDF,RG,6425,4,D,NI,KZ,F
13:56:31,INDF,RG,6425,1,D,NI,KZ,F
13:56:31,INDF,RG,6425,138,F,AK,KZ,F
13:56:28,INDF,RG,6425,22,F,AK,YU,F
13:56:28,INDF,RG,6425,20,D,CC,YU,F
13:56:28,INDF,RG,6425,1,D,NI,YU,F
13:56:28,INDF,RG,6425,53,F,ZP,YU,F
13:56:27,INDF,RG,6425,160,F,ZP,PD,D
13:56:09,INDF,RG,6425,8,F,ZP,DR,D
13:54:21,INDF,RG,6425,2,F,ZP,YP,D
13:53:56,INDF,RG,6425,18,F,ZP,PD,D
13:53:40,INDF,RG,6450,2,D,YP,BK,F
13:53:30,INDF,RG,6425,1,F,ZP,PD,D
13:51:04,INDF,RG,6425,7,F,ZP,YU,F
13:51:04,INDF,RG,6425,20,F,YU,YU,F
13:51:04,INDF,RG,6425,72,F,KZ,YU,F
13:51:03,INDF,RG,6450,26,F,ZP,BK,F
13:51:03,INDF,RG,6450,100,F,ZP,DR,D
13:51:03,INDF,RG,6450,23,F,ZP,BK,F
13:51:03,INDF,RG,6450,87,F,ZP,BK,F
13:49:07,INDF,RG,6425,2,F,KZ,EP,D
13:49:00,INDF,RG,6425,92,F,KZ,YU,F
13:48:59,INDF,RG,6450,6,F,ZP,BK,F
13:48:59,INDF,RG,6450,29,F,ZP,BK,F
13:48:59,INDF,RG,6450,2,F,ZP,AZ,D
13:48:59,INDF,RG,6450,28,F,ZP,BK,F
13:48:59,INDF,RG,6450,91,F,ZP,BK,F
13:48:59,INDF,RG,6450,84,F,ZP,PD,D
13:47:59,INDF,RG,6425,80,F,KZ,YU,F
13:47:57,INDF,RG,6425,12,F,KZ,XC,D
13:46:53,INDF,RG,6425,122,F,KZ,YU,F
13:46:53,INDF,RG,6450,116,F,ZP,PD,D
13:46:53,INDF,RG,6450,15,F,ZP,DR,D
13:46:53,INDF,RG,6450,13,F,ZP,BK,F
13:46:53,INDF,RG,6450,56,F,ZP,BK,F
13:46:53,INDF,RG,6450,14,F,ZP,YU,F
13:46:53,INDF,RG,6450,20,F,ZP,PD,D
13:46:53,INDF,RG,6450,16,F,ZP,CC,D
13:46:53,INDF,RG,6450,8,F,ZP,RX,F
13:46:53,INDF,RG,6450,10,F,ZP,GR,D
13:46:53,INDF,RG,6450,31,F,ZP,KZ,F
13:46:53,INDF,RG,6450,20,F,ZP,KZ,F
13:46:53,INDF,RG,6450,2,F,ZP,XC,D
13:46:53,INDF,RG,6450,5,F,ZP,NI,D
13:46:53,INDF,RG,6450,8,F,ZP,LG,D
13:46:53,INDF,RG,6450,100,F,ZP,PD,D
13:46:53,INDF,RG,6450,11,F,ZP,RX,F
13:46:53,INDF,RG,6450,3,F,ZP,AO,D
13:46:53,INDF,RG,6450,1,F,ZP,KK,D
13:45:38,INDF,RG,6425,83,F,KZ,YU,F
13:45:37,INDF,RG,6425,877,F,KZ,AK,F
13:45:37,INDF,RG,6425,20,F,YU,AK,F
13:45:37,INDF,RG,6425,20,F,YU,AK,F
13:45:37,INDF,RG,6425,20,F,YU,AK,F
13:45:36,INDF,RG,6425,5,D,LG,AK,F
13:45:36,INDF,RG,6425,1,D,PD,AK,F
13:45:36,INDF,RG,6425,400,F,KZ,AK,F
13:45:36,INDF,RG,6425,20,F,YU,AK,F
13:45:36,INDF,RG,6425,2,F,ZP,AK,F
13:45:35,INDF,RG,6425,12,F,ZP,BK,F
13:45:33,INDF,RG,6425,29,F,ZP,BK,F
13:44:55,INDF,RG,6425,75,F,ZP,YU,F
13:44:55,INDF,RG,6425,169,F,ZP,YU,F
13:44:55,INDF,RG,6425,20,F,YU,YU,F
13:44:55,INDF,RG,6425,402,F,KZ,YU,F
13:44:54,INDF,RG,6425,132,F,KZ,YU,F
13:44:53,INDF,RG,6425,306,F,KZ,YU,F
13:44:53,INDF,RG,6425,799,F,KZ,PD,D
13:44:53,INDF,RG,6400,34,D,CC,YU,F
13:44:53,INDF,RG,6400,1,D,SQ,YU,F
13:44:53,INDF,RG,6400,1,D,NI,YU,F
13:44:53,INDF,RG,6400,1,D,DH,YU,F
13:44:53,INDF,RG,6400,80,D,YP,YU,F
13:44:53,INDF,RG,6400,1,D,YP,YU,F
13:44:53,INDF,RG,6400,10,D,DH,YU,F
13:44:53,INDF,RG,6400,5,D,KK,YU,F
13:44:53,INDF,RG,6400,29,D,YP,YU,F
13:44:53,INDF,RG,6425,20,F,YU,PD,D
13:44:53,INDF,RG,6425,400,F,KZ,PD,D
13:44:53,INDF,RG,6425,20,F,YU,PD,D
13:44:53,INDF,RG,6425,2,F,KZ,PD,D
13:44:53,INDF,RG,6425,11,D,XC,PD,D
13:44:53,INDF,RG,6425,41,F,KZ,PD,D
13:44:53,INDF,RG,6425,400,F,KZ,PD,D
13:44:53,INDF,RG,6425,20,F,YU,PD,D
13:44:53,INDF,RG,6425,2,D,CC,PD,D
13:44:53,INDF,RG,6425,1,D,CC,PD,D
13:44:53,INDF,RG,6425,1,D,NI,PD,D
13:44:53,INDF,RG,6425,20,D,PD,PD,D
13:44:53,INDF,RG,6425,72,F,ZP,PD,D
13:44:53,INDF,RG,6425,2,D,CC,PD,D
13:44:53,INDF,RG,6425,3,D,YP,PD,D
13:44:53,INDF,RG,6425,5,D,CC,PD,D
13:44:53,INDF,RG,6425,21,D,KK,PD,D
13:44:46,INDF,RG,6425,2,D,KK,NI,D
13:44:23,INDF,RG,6425,1,D,KK,PD,D
13:42:48,INDF,RG,6425,176,D,KK,PD,D
13:42:48,INDF,RG,6425,1,D,YP,PD,D
13:42:48,INDF,RG,6425,7,D,PD,PD,D
13:42:48,INDF,RG,6425,5,F,ZP,PD,D
13:42:48,INDF,RG,6425,11,F,YU,PD,D
13:42:31,INDF,RG,6425,49,F,YU,YU,F
13:42:31,INDF,RG,6425,40,F,YU,YU,F
13:42:30,INDF,RG,6425,44,F,YU,YU,F
13:42:30,INDF,RG,6425,97,F,YU,YU,F
13:42:30,INDF,RG,6425,59,F,YU,YU,F
13:42:29,INDF,RG,6425,120,F,YU,KZ,F
13:42:29,INDF,RG,6425,100,F,YU,KZ,F
13:42:29,INDF,RG,6425,9,F,KZ,KZ,F
13:42:29,INDF,RG,6425,100,F,YU,KZ,F
13:42:29,INDF,RG,6425,27,F,YU,KZ,F
13:42:24,INDF,RG,6425,73,F,YU,YU,F
13:42:24,INDF,RG,6425,38,F,YU,YU,F
13:42:23,INDF,RG,6425,52,F,YU,YU,F
13:42:23,INDF,RG,6425,7,F,YU,YU,F
13:42:22,INDF,RG,6425,93,F,YU,YU,F
13:42:22,INDF,RG,6425,20,D,YP,AK,F
13:42:22,INDF,RG,6425,2,D,YP,AK,F
13:42:22,INDF,RG,6425,1,D,NI,AK,F
13:42:22,INDF,RG,6425,2,D,NI,AK,F
13:42:22,INDF,RG,6425,1,D,NI,AK,F
13:42:22,INDF,RG,6425,5,F,YU,AK,F
13:42:22,INDF,RG,6425,2,D,NI,AK,F
13:42:22,INDF,RG,6425,6,D,NI,AK,F
13:42:22,INDF,RG,6425,1,D,NI,AK,F
13:42:22,INDF,RG,6425,33,D,NI,AK,F
13:42:22,INDF,RG,6425,1,D,NI,AK,F
13:42:22,INDF,RG,6425,5,D,KK,AK,F
13:42:22,INDF,RG,6425,3,D,NI,AK,F
13:42:22,INDF,RG,6425,1,F,AK,AK,F
13:42:22,INDF,RG,6425,295,F,ZP,AK,F
13:42:22,INDF,RG,6425,100,F,YU,AK,F
13:42:22,INDF,RG,6425,50,D,PD,AK,F
13:42:22,INDF,RG,6425,1,D,NI,AK,F
13:42:22,INDF,RG,6425,1,D,AI,AK,F
13:42:22,INDF,RG,6425,16,D,XC,AK,F
13:42:19,INDF,RG,6425,3,D,XC,YU,F
13:42:19,INDF,RG,6450,1,D,XC,PD,D
13:42:19,INDF,RG,6450,17,D,XC,RX,F
13:42:19,INDF,RG,6450,3,D,XC,YU,F
13:41:03,INDF,RG,6425,8,D,XC,XC,D
13:40:42,INDF,RG,6425,6,D,XC,RX,F
13:40:42,INDF,RG,6425,3,D,CC,RX,F
13:40:26,INDF,RG,6425,3,D,CC,PD,D
13:39:52,INDF,RG,6450,1,D,NI,YU,F
13:38:31,INDF,RG,6425,4,D,CC,YP,D
13:38:31,INDF,RG,6425,1,D,DH,YP,D
13:38:26,INDF,RG,6425,1,D,DH,BK,F
13:38:26,INDF,RG,6425,5,D,OD,BK,F
13:38:26,INDF,RG,6425,7,F,YU,BK,F
13:37:27,INDF,RG,6425,20,F,YU,CP,D
13:37:14,INDF,RG,6425,8,F,YU,CC,D
13:36:41,INDF,RG,6425,178,F,YU,EP,D
13:35:47,INDF,RG,6425,100,F,YU,PD,D
13:35:30,INDF,RG,6425,8,F,YU,RX,F
13:35:24,INDF,RG,6425,13,F,YU,BK,F
13:35:10,INDF,RG,6425,13,F,YU,BK,F
13:34:22,INDF,RG,6425,13,F,YU,BK,F
13:33:47,INDF,RG,6425,410,F,YU,YU,F
13:33:47,INDF,RG,6425,160,F,YU,YU,F
13:33:46,INDF,RG,6425,300,F,YU,YU,F
13:33:46,INDF,RG,6425,62,F,YU,YU,F
13:33:46,INDF,RG,6425,187,F,YU,YU,F
13:33:46,INDF,RG,6425,83,F,YU,YU,F
13:33:46,INDF,RG,6425,277,F,YU,YU,F
13:33:46,INDF,RG,6425,20,F,YU,YU,F
13:33:46,INDF,RG,6425,14,F,YU,YU,F
13:33:46,INDF,RG,6425,86,F,YU,YU,F
13:33:46,INDF,RG,6425,100,F,YU,YU,F
13:33:46,INDF,RG,6425,100,F,YU,YU,F
13:33:46,INDF,RG,6425,41,F,YU,YU,F
13:33:46,INDF,RG,6425,59,F,YU,YU,F
13:33:45,INDF,RG,6400,21,D,YP,YU,F
13:33:45,INDF,RG,6400,100,D,YP,YU,F
13:33:45,INDF,RG,6400,16,D,DH,YU,F
13:33:45,INDF,RG,6400,1,D,SQ,YU,F
13:33:45,INDF,RG,6400,10,D,CC,YU,F
13:33:45,INDF,RG,6425,100,F,YU,YU,F
13:33:45,INDF,RG,6425,44,F,YU,YU,F
13:33:45,INDF,RG,6425,56,F,YU,AK,F
13:33:45,INDF,RG,6425,100,F,YU,AK,F
13:33:45,INDF,RG,6425,100,F,YU,AK,F
13:32:55,INDF,RG,6425,100,F,YU,YU,F
13:32:55,INDF,RG,6425,41,F,YU,YU,F
13:32:55,INDF,RG,6425,59,F,YU,CC,D
13:32:55,INDF,RG,6425,2,D,NI,CC,D
13:32:55,INDF,RG,6425,1,D,NI,CC,D
13:32:55,INDF,RG,6425,5,D,OD,CC,D
13:32:55,INDF,RG,6425,1,D,CC,CC,D
13:32:55,INDF,RG,6425,1,D,NI,CC,D
13:32:55,INDF,RG,6425,100,F,YU,CC,D
13:32:55,INDF,RG,6425,31,F,YU,CC,D
13:32:34,INDF,RG,6425,31,F,YU,EP,D
13:32:24,INDF,RG,6425,8,F,YU,RX,F
13:31:20,INDF,RG,6425,30,F,YU,PD,D
13:31:20,INDF,RG,6425,100,F,YU,PD,D
13:31:20,INDF,RG,6425,2,D,PD,PD,D
13:31:15,INDF,RG,6425,100,F,YU,PD,D
13:31:14,INDF,RG,6425,100,F,YU,PD,D
13:30:30,INDF,RG,6425,100,F,YU,YU,F
13:30:30,INDF,RG,6425,100,F,YU,YU,F
13:30:29,INDF,RG,6425,1,F,AK,YU,F
13:30:29,INDF,RG,6425,45,F,AK,YU,F
13:30:29,INDF,RG,6425,2,D,CC,YU,F
13:30:29,INDF,RG,6425,1,D,CC,YU,F
13:30:29,INDF,RG,6425,3,D,XC,YU,F
13:30:29,INDF,RG,6425,2,D,CC,YU,F
13:30:29,INDF,RG,6425,3,D,PD,YU,F
13:30:29,INDF,RG,6425,1,D,OD,YU,F
13:30:29,INDF,RG,6425,5,D,XC,YU,F
13:30:29,INDF,RG,6425,2,D,YP,YU,F
13:30:29,INDF,RG,6425,1,D,XC,YU,F
13:30:29,INDF,RG,6425,1,D,XC,YU,F
13:30:29,INDF,RG,6425,1,D,XC,YU,F
13:30:29,INDF,RG,6425,1,D,XC,YU,F
13:30:29,INDF,RG,6425,1,D,PD,YU,F
13:30:29,INDF,RG,6425,1,D,YP,YU,F
13:30:29,INDF,RG,6425,1,D,YP,YU,F
13:30:29,INDF,RG,6425,2,D,PD,YU,F
13:30:29,INDF,RG,6425,18,F,KZ,YU,F
13:30:29,INDF,RG,6425,1,D,KK,YU,F
13:30:29,INDF,RG,6425,3,D,YP,YU,F
13:30:29,INDF,RG,6425,1,D,YP,YU,F
13:30:29,INDF,RG,6425,2,D,PD,YU,F
13:30:29,INDF,RG,6425,1,D,PD,YU,F
13:30:29,INDF,RG,6425,1,D,PD,YU,F
13:30:29,INDF,RG,6425,1,D,YP,YU,F
13:30:29,INDF,RG,6425,8,D,PD,YU,F
13:30:29,INDF,RG,6425,10,D,PD,YU,F
13:30:29,INDF,RG,6425,20,D,KK,YU,F
13:30:29,INDF,RG,6425,5,D,FS,YU,F
13:30:29,INDF,RG,6425,145,D,FS,KZ,F
13:30:29,INDF,RG,6425,5,D,EP,KZ,F
13:30:29,INDF,RG,6425,3,D,NI,KZ,F
13:30:29,INDF,RG,6425,1,D,NI,KZ,F
13:30:29,INDF,RG,6425,3,D,NI,KZ,F
13:30:29,INDF,RG,6425,11,D,NI,KZ,F
13:30:29,INDF,RG,6425,1,D,NI,KZ,F
13:30:29,INDF,RG,6425,1,D,NI,KZ,F
13:30:29,INDF,RG,6425,5,D,NI,KZ,F
13:30:29,INDF,RG,6425,5,D,CC,KZ,F
13:30:29,INDF,RG,6425,2,F,KZ,KZ,F
13:30:29,INDF,RG,6425,2,D,CC,KZ,F
13:30:29,INDF,RG,6425,3,D,NI,KZ,F
13:30:29,INDF,RG,6425,1,D,CC,KZ,F
13:30:29,INDF,RG,6425,29,D,NI,KZ,F
13:30:29,INDF,RG,6425,10,D,PD,KZ,F
13:30:29,INDF,RG,6425,1,D,YP,KZ,F
13:30:29,INDF,RG,6425,5,D,NI,KZ,F
13:30:29,INDF,RG,6425,50,D,IF,KZ,F
13:30:29,INDF,RG,6425,100,F,YU,KZ,F
13:30:29,INDF,RG,6425,1,D,XC,KZ,F
13:30:29,INDF,RG,6425,100,F,YU,KZ,F
13:30:29,INDF,RG,6425,265,D,PD,KZ,F
13:30:14,INDF,RG,6450,1,F,AK,YU,F
13:30:08,INDF,RG,6425,4,D,PD,KK,D
13:30:06,INDF,RG,6425,4,D,PD,CC,F
13:30:06,INDF,RG,6450,1,D,PD,YU,F
13:30:05,INDF,RG,6425,1,D,PD,XC,D
13:30:05,INDF,RG,6450,1,D,XC,YU,F
13:30:04,INDF,RG,6450,1,D,PD,YU,F
13:30:03,INDF,RG,6425,2,D,PD,PD,D
13:30:02,INDF,RG,6425,1,D,PD,GR,D
13:30:02,INDF,RG,6425,1,D,PD,DH,D
13:30:02,INDF,RG,6425,9,D,PD,PD,D
13:30:02,INDF,RG,6450,1,D,PD,YU,F
13:30:02,INDF,RG,6425,10,D,PD,PD,D
13:30:02,INDF,RG,6450,10,D,XL,YU,F
13:30:02,INDF,RG,6425,36,D,PD,AK,F
13:30:02,INDF,RG,6425,1,D,PD,AK,F
13:30:02,INDF,RG,6425,9,D,PD,AK,F
13:30:02,INDF,RG,6425,59,D,PD,AK,F
11:29:54,INDF,RG,6425,280,D,PD,YU,F
11:29:54,INDF,RG,6425,193,D,PD,KZ,F
11:29:46,INDF,RG,6425,13,D,PD,BK,F
11:29:41,INDF,RG,6425,14,D,PD,BK,F
11:29:30,INDF,RG,6425,14,D,PD,BK,F
11:29:27,INDF,RG,6425,18,D,PD,BK,F
11:29:11,INDF,RG,6425,12,D,PD,BK,F
11:29:10,INDF,RG,6425,8,D,PD,RX,F
11:29:06,INDF,RG,6425,13,D,PD,BK,F
11:29:00,INDF,RG,6425,25,D,PD,BK,F
11:28:50,INDF,RG,6450,1,D,XL,YU,F
11:28:38,INDF,RG,6425,13,D,PD,BK,F
11:28:38,INDF,RG,6425,14,D,PD,BK,F
11:28:36,INDF,RG,6425,12,D,PD,BK,F
11:28:27,INDF,RG,6425,13,D,PD,BK,F
11:28:22,INDF,RG,6425,15,D,PD,BK,F
11:28:07,INDF,RG,6425,13,D,PD,BK,F
11:28:02,INDF,RG,6425,13,D,PD,BK,F
11:27:53,INDF,RG,6425,17,D,PD,BK,F
11:27:41,INDF,RG,6425,18,D,PD,BK,F
11:27:32,INDF,RG,6425,13,D,PD,BK,F
11:27:28,INDF,RG,6425,20,D,PD,BK,F
11:27:05,INDF,RG,6425,20,D,PD,BK,F
11:26:57,INDF,RG,6425,22,D,PD,BK,F
11:26:46,INDF,RG,6425,26,D,PD,BK,F
11:26:25,INDF,RG,6425,19,D,PD,BK,F
11:26:22,INDF,RG,6425,13,D,PD,BK,F
11:26:11,INDF,RG,6425,14,D,PD,BK,F
11:25:59,INDF,RG,6425,34,D,PD,BK,F
11:25:35,INDF,RG,6425,24,D,PD,BK,F
11:25:14,INDF,RG,6425,37,D,PD,BK,F
11:25:00,INDF,RG,6425,22,D,PD,BK,F
11:24:58,INDF,RG,6425,244,D,PD,YU,F
11:24:57,INDF,RG,6425,17,D,PD,BK,F
11:24:39,INDF,RG,6425,27,D,PD,BK,F
11:24:05,INDF,RG,6425,44,D,PD,BK,F
11:23:58,INDF,RG,6425,19,D,PD,BK,F
11:23:49,INDF,RG,6425,20,D,PD,BK,F
11:23:41,INDF,RG,6425,8,D,PD,RX,F
11:23:26,INDF,RG,6425,26,D,PD,BK,F
11:23:03,INDF,RG,6425,14,D,PD,BK,F
11:22:58,INDF,RG,6425,37,D,PD,BK,F
11:22:58,INDF,RG,6425,6,D,CC,BK,F
11:22:58,INDF,RG,6425,2,F,YU,BK,F
11:22:36,INDF,RG,6425,39,F,YU,BK,F
11:22:08,INDF,RG,6425,43,F,YU,BK,F
11:21:51,INDF,RG,6425,16,F,YU,BK,F
11:21:51,INDF,RG,6425,27,F,YU,BK,F
11:21:08,INDF,RG,6425,54,F,YU,BK,F
11:20:52,INDF,RG,6425,19,F,YU,BK,F
11:20:52,INDF,RG,6425,1,D,PD,BK,F
11:20:52,INDF,RG,6425,2,D,PD,BK,F
11:20:52,INDF,RG,6425,1,D,PD,BK,F
11:20:52,INDF,RG,6425,1,D,YP,BK,F
11:20:52,INDF,RG,6425,8,F,KZ,BK,F
11:20:52,INDF,RG,6425,8,D,NI,BK,F
11:20:29,INDF,RG,6425,43,D,NI,BK,F
11:20:17,INDF,RG,6450,1,F,AK,YU,F
11:20:02,INDF,RG,6425,29,D,NI,BK,F
11:19:44,INDF,RG,6425,5,D,NI,NI,D
11:19:39,INDF,RG,6425,18,D,NI,PD,D
11:19:27,INDF,RG,6425,47,D,NI,YU,F
11:19:27,INDF,RG,6425,2,D,XL,YU,F
11:19:27,INDF,RG,6425,1,D,YP,YU,F
11:19:27,INDF,RG,6425,2,D,PD,YU,F
11:19:27,INDF,RG,6425,2,D,BQ,YU,F
11:19:27,INDF,RG,6425,2,D,CC,YU,F
11:19:27,INDF,RG,6425,2,D,GR,YU,F
11:19:27,INDF,RG,6425,7,F,KZ,YU,F
11:19:27,INDF,RG,6425,10,D,CC,YU,F
11:19:27,INDF,RG,6425,2,D,XC,YU,F
11:19:27,INDF,RG,6425,4,D,PD,YU,F
11:19:27,INDF,RG,6425,1,D,XC,YU,F
11:19:27,INDF,RG,6425,37,F,AK,YU,F
11:19:27,INDF,RG,6425,1,D,KK,YU,F
11:19:27,INDF,RG,6425,10,D,KK,YU,F
11:19:27,INDF,RG,6425,1,D,XC,YU,F
11:19:27,INDF,RG,6425,1,D,YP,YU,F
11:19:27,INDF,RG,6425,1,D,PD,YU,F
11:19:27,INDF,RG,6425,4,D,PD,YU,F
11:19:27,INDF,RG,6425,4,F,KZ,YU,F
11:19:27,INDF,RG,6425,1,D,NI,YU,F
11:19:27,INDF,RG,6425,92,D,YP,YU,F
11:19:15,INDF,RG,6425,80,D,YP,BK,F
11:18:39,INDF,RG,6425,52,D,YP,BK,F
11:18:30,INDF,RG,6425,14,D,YP,BK,F
11:18:19,INDF,RG,6425,100,D,YP,PD,D
11:18:14,INDF,RG,6425,45,D,YP,BK,F
11:18:03,INDF,RG,6425,5,D,YP,AZ,D
11:17:49,INDF,RG,6425,112,D,YP,KZ,F
11:17:49,INDF,RG,6425,1,D,PD,KZ,F
11:17:49,INDF,RG,6425,2,D,XL,KZ,F
11:17:49,INDF,RG,6425,7,D,XC,KZ,F
11:17:49,INDF,RG,6425,5,D,CC,KZ,F
11:17:49,INDF,RG,6425,4,D,NI,KZ,F
11:17:49,INDF,RG,6425,2,D,DR,KZ,F
11:17:49,INDF,RG,6425,10,D,LG,KZ,F
11:17:49,INDF,RG,6425,25,D,YP,KZ,F
11:17:49,INDF,RG,6425,41,F,YU,KZ,F
11:17:45,INDF,RG,6425,59,F,YU,YU,F
11:17:45,INDF,RG,6425,168,F,YU,YU,F
11:17:45,INDF,RG,6425,58,F,YU,BK,F
11:16:48,INDF,RG,6425,88,F,YU,BK,F
11:16:09,INDF,RG,6425,11,F,YU,RX,F
11:15:49,INDF,RG,6425,92,F,YU,BK,F
11:15:49,INDF,RG,6425,333,F,YU,KZ,F
11:15:13,INDF,RG,6450,2,D,EP,YU,F
11:13:18,INDF,RG,6450,100,D,PD,YU,F
11:13:12,INDF,RG,6425,2,F,YU,YP,D
11:11:47,INDF,RG,6425,12,F,YU,BK,F
11:08:47,INDF,RG,6450,1,F,AK,YU,F
11:06:27,INDF,RG,6425,12,F,YU,BK,F
11:06:19,INDF,RG,6450,1,D,DX,YU,F
11:05:23,INDF,RG,6425,8,F,YU,RX,F
11:03:44,INDF,RG,6425,241,F,YU,YU,F
11:03:44,INDF,RG,6425,225,F,YU,KZ,F
11:03:22,INDF,RG,6450,2,D,PD,YU,F
11:03:11,INDF,RG,6450,1,D,XC,YU,F
11:02:33,INDF,RG,6450,2,D,XC,YU,F
11:01:17,INDF,RG,6425,1,F,YU,OD,D
11:00:46,INDF,RG,6425,153,F,YU,NI,D
10:58:51,INDF,RG,6450,1,D,PD,YU,F
10:56:42,INDF,RG,6450,8,D,PD,YU,F
10:56:42,INDF,RG,6450,2,D,PD,BK,F
10:56:42,INDF,RG,6425,13,F,YU,BK,F
10:56:07,INDF,RG,6450,2,D,PD,BK,F
10:55:04,INDF,RG,6425,8,F,YU,RX,F
10:53:49,INDF,RG,6425,10,F,YU,YP,D
10:50:39,INDF,RG,6425,14,F,YU,BK,F
10:48:09,INDF,RG,6425,6,F,YU,PD,D
10:47:53,INDF,RG,6425,14,F,YU,BK,F
10:47:48,INDF,RG,6425,27,F,YU,BK,F
10:47:24,INDF,RG,6450,1,D,PD,BK,F
10:45:41,INDF,RG,6425,2,F,YU,OD,D
10:45:09,INDF,RG,6425,2,F,YU,OD,D
10:44:15,INDF,RG,6425,8,F,YU,RX,F
10:42:47,INDF,RG,6450,8,D,PD,BK,F
10:42:24,INDF,RG,6425,136,F,YU,YU,F
10:42:24,INDF,RG,6425,111,F,YU,YU,F
10:42:23,INDF,RG,6425,748,F,YU,YU,F
10:42:23,INDF,RG,6425,785,F,YU,YU,F
10:42:23,INDF,RG,6425,237,F,YU,YU,F
10:42:23,INDF,RG,6425,8,F,YU,YU,F
10:42:23,INDF,RG,6425,638,F,YU,YU,F
10:42:22,INDF,RG,6425,761,F,YU,BK,F
10:42:22,INDF,RG,6400,1,D,YP,YU,F
10:42:22,INDF,RG,6400,1,D,PD,YU,F
10:42:22,INDF,RG,6400,1,D,TP,YU,F
10:42:22,INDF,RG,6400,1,D,DR,YU,F
10:42:22,INDF,RG,6400,4,D,SQ,YU,F
10:42:22,INDF,RG,6400,5,D,LG,YU,F
10:42:22,INDF,RG,6400,2,D,PD,YU,F
10:42:22,INDF,RG,6400,1,D,PD,YU,F
10:42:22,INDF,RG,6400,1,D,DR,YU,F
10:42:22,INDF,RG,6400,1,D,YP,YU,F
10:42:22,INDF,RG,6400,2,D,XA,YU,F
10:42:22,INDF,RG,6400,30,D,DH,YU,F
10:42:22,INDF,RG,6400,1,D,CC,YU,F
10:42:22,INDF,RG,6400,1,D,PD,YU,F
10:42:22,INDF,RG,6400,50,D,ZP,YU,F
10:42:22,INDF,RG,6400,2,D,XC,YU,F
10:42:22,INDF,RG,6400,4,D,NI,YU,F
10:42:22,INDF,RG,6400,100,D,CC,YU,F
10:42:22,INDF,RG,6400,2,D,CC,YU,F
10:42:22,INDF,RG,6400,50,D,AZ,YU,F
10:42:22,INDF,RG,6400,100,D,PD,YU,F
10:42:22,INDF,RG,6400,5,D,PD,YU,F
10:42:22,INDF,RG,6400,1,D,XC,YU,F
10:42:22,INDF,RG,6400,1,D,PD,YU,F
10:42:22,INDF,RG,6400,10,D,CC,YU,F
10:42:22,INDF,RG,6400,1,D,KK,YU,F
10:42:22,INDF,RG,6400,10,D,PD,YU,F
10:42:22,INDF,RG,6400,3,F,KZ,YU,F
10:42:22,INDF,RG,6400,5,D,XL,YU,F
10:42:22,INDF,RG,6400,112,D,CC,YU,F
10:42:22,INDF,RG,6425,200,F,YU,YU,F
10:42:22,INDF,RG,6425,428,F,YU,BK,F
10:42:22,INDF,RG,6425,103,F,YU,BK,F
10:42:22,INDF,RG,6425,913,F,YU,AK,F
10:42:22,INDF,RG,6425,100,F,YU,AK,F
10:42:22,INDF,RG,6425,100,F,YU,AK,F
10:42:22,INDF,RG,6425,100,F,YU,AK,F
10:42:22,INDF,RG,6400,53,D,CC,AK,F
10:42:22,INDF,RG,6400,174,D,CC,AK,F
10:42:22,INDF,RG,6400,61,D,CC,AK,F
10:42:22,INDF,RG,6400,37,D,CC,AK,F
10:42:22,INDF,RG,6400,75,D,CC,AK,F
10:42:22,INDF,RG,6400,488,D,CC,AK,F
10:42:22,INDF,RG,6400,5,D,CP,AK,F
10:42:22,INDF,RG,6400,30,D,CC,AK,F
10:42:22,INDF,RG,6400,10,D,PD,AK,F
10:42:22,INDF,RG,6400,5,D,CC,AK,F
10:42:22,INDF,RG,6400,60,D,XL,AK,F
10:42:22,INDF,RG,6400,15,D,PD,AK,F
10:42:22,INDF,RG,6400,5,D,KK,AK,F
10:42:22,INDF,RG,6400,5,D,PD,AK,F
10:42:22,INDF,RG,6400,1,D,YP,AK,F
10:42:22,INDF,RG,6400,1,D,HD,AK,F
10:42:22,INDF,RG,6400,2,D,KK,AK,F
10:42:22,INDF,RG,6400,111,D,YP,AK,F
10:42:22,INDF,RG,6400,10,D,PD,AK,F
10:42:22,INDF,RG,6400,1,D,PD,AK,F
10:42:22,INDF,RG,6400,1,D,GR,AK,F
10:42:22,INDF,RG,6400,50,D,DH,AK,F
10:42:22,INDF,RG,6400,3,D,SQ,AK,F
10:42:22,INDF,RG,6425,100,F,YU,AK,F
10:42:22,INDF,RG,6425,58,F,YU,AK,F
10:42:22,INDF,RG,6425,42,F,YU,YU,F
10:42:22,INDF,RG,6425,100,F,YU,YU,F
10:42:22,INDF,RG,6425,100,F,YU,YU,F
10:42:22,INDF,RG,6425,100,F,YU,YU,F
10:42:21,INDF,RG,6425,100,F,YU,YU,F
10:42:21,INDF,RG,6425,100,F,YU,YU,F
10:42:21,INDF,RG,6425,100,F,YU,YU,F
10:42:21,INDF,RG,6425,100,F,YU,YU,F
10:42:20,INDF,RG,6400,50,D,CC,IF,D
10:42:20,INDF,RG,6400,10,D,PD,IF,D
10:42:20,INDF,RG,6400,1,D,CP,IF,D
10:42:20,INDF,RG,6400,5,D,YP,IF,D
10:42:20,INDF,RG,6400,100,D,YP,IF,D
10:42:20,INDF,RG,6400,3,D,GR,IF,D
10:42:20,INDF,RG,6400,1,D,YU,IF,D
10:42:20,INDF,RG,6400,17,D,GR,IF,D
10:42:20,INDF,RG,6400,1,D,OD,IF,D
10:42:20,INDF,RG,6400,10,D,DH,IF,D
10:42:20,INDF,RG,6400,43,D,HP,IF,D
10:42:20,INDF,RG,6400,20,D,CP,IF,D
10:42:20,INDF,RG,6400,1,D,XA,IF,D
10:42:20,INDF,RG,6400,150,D,PD,IF,D
10:42:20,INDF,RG,6400,1,D,PD,IF,D
10:42:20,INDF,RG,6400,20,F,CC,IF,D
10:42:20,INDF,RG,6400,10,D,YP,IF,D
10:42:20,INDF,RG,6400,1,D,YP,IF,D
10:42:20,INDF,RG,6400,10,D,PD,IF,D
10:42:20,INDF,RG,6400,5,D,TP,IF,D
10:42:20,INDF,RG,6400,10,D,CC,IF,D
10:42:20,INDF,RG,6400,30,D,CP,IF,D
10:42:20,INDF,RG,6400,1,D,KK,IF,D
10:42:20,INDF,RG,6400,20,D,CC,IF,D
10:42:20,INDF,RG,6400,2,D,YP,IF,D
10:42:20,INDF,RG,6400,47,D,PD,IF,D
10:42:20,INDF,RG,6400,1,D,YP,IF,D
10:42:20,INDF,RG,6400,2,D,PD,IF,D
10:42:20,INDF,RG,6400,20,D,CC,IF,D
10:42:20,INDF,RG,6400,10,D,YP,IF,D
10:42:20,INDF,RG,6400,50,D,CC,IF,D
10:42:20,INDF,RG,6400,1,D,GR,IF,D
10:42:20,INDF,RG,6400,10,D,KK,IF,D
10:42:20,INDF,RG,6400,10,D,CC,IF,D
10:42:20,INDF,RG,6400,500,D,YP,IF,D
10:42:20,INDF,RG,6400,1,D,AZ,IF,D
10:42:20,INDF,RG,6400,2,D,PD,IF,D
10:42:20,INDF,RG,6400,100,D,CC,IF,D
10:42:20,INDF,RG,6400,1,D,OD,IF,D
10:42:20,INDF,RG,6400,25,D,PD,IF,D
10:42:20,INDF,RG,6400,1,D,EP,IF,D
10:42:20,INDF,RG,6400,10,D,DH,IF,D
10:42:20,INDF,RG,6400,5,D,SQ,IF,D
10:42:20,INDF,RG,6400,1,D,LS,IF,D
10:42:20,INDF,RG,6400,1,D,NI,IF,D
10:42:20,INDF,RG,6400,1,D,YP,IF,D
10:42:20,INDF,RG,6400,100,D,DH,IF,D
10:42:20,INDF,RG,6400,3,D,KK,IF,D
10:42:20,INDF,RG,6400,200,D,AG,IF,D
10:42:20,INDF,RG,6400,10,D,CC,IF,D
10:42:20,INDF,RG,6400,3,D,GR,IF,D
10:42:20,INDF,RG,6400,3,D,DR,IF,D
10:42:20,INDF,RG,6400,40,D,YP,IF,D
10:42:20,INDF,RG,6400,5,D,NI,IF,D
10:42:20,INDF,RG,6400,2,D,YP,IF,D
10:42:20,INDF,RG,6400,10,D,CC,IF,D
10:42:20,INDF,RG,6400,50,D,YP,IF,D
10:42:20,INDF,RG,6400,2,D,YP,IF,D
10:42:20,INDF,RG,6400,5,D,YP,IF,D
10:42:20,INDF,RG,6400,50,D,SQ,IF,D
10:42:20,INDF,RG,6400,50,D,SQ,IF,D
10:42:20,INDF,RG,6400,10,D,XL,IF,D
10:42:20,INDF,RG,6400,1,D,ZP,IF,D
10:42:20,INDF,RG,6400,500,D,SQ,IF,D
10:42:20,INDF,RG,6400,9,D,PD,IF,D
10:42:20,INDF,RG,6400,250,D,YP,IF,D
10:42:20,INDF,RG,6400,1,D,YP,IF,D
10:42:20,INDF,RG,6400,1,D,YP,IF,D
10:42:20,INDF,RG,6400,10,D,YP,IF,D
10:42:20,INDF,RG,6400,10,F,KK,IF,D
10:42:20,INDF,RG,6400,100,D,YP,IF,D
10:42:20,INDF,RG,6400,1,D,CC,IF,D
10:42:20,INDF,RG,6400,5,D,YP,IF,D
10:42:20,INDF,RG,6400,3,D,KK,IF,D
10:42:20,INDF,RG,6400,2,D,CC,IF,D
10:42:20,INDF,RG,6400,20,D,CC,IF,D
10:42:20,INDF,RG,6400,2,D,CC,IF,D
10:42:20,INDF,RG,6400,10,D,GR,IF,D
10:42:20,INDF,RG,6400,1,D,DH,IF,D
10:42:20,INDF,RG,6400,10,D,DH,IF,D
10:42:20,INDF,RG,6400,125,D,SQ,IF,D
10:42:20,INDF,RG,6400,1000,D,YP,IF,D
10:42:20,INDF,RG,6400,100,D,GR,IF,D
10:42:20,INDF,RG,6400,1,D,CC,IF,D
10:42:20,INDF,RG,6400,1,D,XC,IF,D
10:42:20,INDF,RG,6400,10,D,YP,IF,D
10:42:20,INDF,RG,6400,10,D,DH,IF,D
10:42:20,INDF,RG,6400,5,D,PD,IF,D
10:42:20,INDF,RG,6400,3,D,PD,IF,D
10:42:20,INDF,RG,6400,1,D,DR,IF,D
10:42:20,INDF,RG,6400,6,D,PD,IF,D
10:42:20,INDF,RG,6400,2,D,EP,IF,D
10:42:20,INDF,RG,6400,1,D,DR,IF,D
10:42:20,INDF,RG,6400,10,D,DR,IF,D
10:42:20,INDF,RG,6400,2,D,DR,IF,D
10:42:20,INDF,RG,6400,25,D,PD,IF,D
10:42:20,INDF,RG,6400,50,D,PD,IF,D
10:42:20,INDF,RG,6400,10,D,DR,IF,D
10:42:20,INDF,RG,6400,96,D,MK,IF,D
10:42:20,INDF,RG,6425,1,D,YP,IF,D
10:42:20,INDF,RG,6425,25,D,YP,IF,D
10:42:20,INDF,RG,6425,1,F,AK,IF,D
10:42:20,INDF,RG,6425,500,D,SQ,IF,D
10:42:20,INDF,RG,6425,10,D,YP,IF,D
10:42:20,INDF,RG,6425,1,D,XC,IF,D
10:42:20,INDF,RG,6425,2,D,XC,IF,D
10:42:20,INDF,RG,6425,1,D,XL,IF,D
10:42:20,INDF,RG,6425,1,D,YP,IF,D
10:42:20,INDF,RG,6425,50,D,PD,IF,D
10:42:20,INDF,RG,6425,27,F,CC,IF,D
10:42:20,INDF,RG,6425,7,F,KZ,IF,D
10:42:20,INDF,RG,6425,100,F,YU,IF,D
10:42:20,INDF,RG,6425,1,D,LG,IF,D
10:42:20,INDF,RG,6425,5,D,SQ,IF,D
10:42:20,INDF,RG,6425,10,F,YU,IF,D
10:41:50,INDF,RG,6425,10,F,YU,KK,F
10:41:04,INDF,RG,6425,1,F,YU,XC,D
10:40:53,INDF,RG,6425,13,F,YU,BK,F
10:40:02,INDF,RG,6425,73,F,YU,BK,F
10:39:40,INDF,RG,6425,1,F,YU,DR,D
10:38:59,INDF,RG,6425,10,F,YU,PD,D
10:37:57,INDF,RG,6425,13,F,YU,BK,F
10:37:37,INDF,RG,6450,1,D,PD,BK,F
10:37:28,INDF,RG,6425,75,F,YU,YU,F
10:37:27,INDF,RG,6425,53,F,YU,BK,F
10:37:26,INDF,RG,6425,7,F,YU,RX,F
10:37:26,INDF,RG,6425,1,F,YU,RX,F
10:37:00,INDF,RG,6425,99,F,YU,YU,F
10:36:59,INDF,RG,6425,166,F,YU,KZ,F
10:36:59,INDF,RG,6425,5,D,XC,KZ,F
10:36:59,INDF,RG,6425,100,F,YU,KZ,F
10:36:59,INDF,RG,6425,5,D,CC,KZ,F
10:36:59,INDF,RG,6425,2,D,NI,KZ,F
10:36:59,INDF,RG,6425,38,F,YU,KZ,F
10:36:21,INDF,RG,6425,62,F,YU,YU,F
10:36:21,INDF,RG,6425,7,D,CC,YU,F
10:36:20,INDF,RG,6425,13,D,CC,BK,F
10:36:20,INDF,RG,6425,17,F,YU,BK,F
10:36:14,INDF,RG,6425,4,F,YU,AZ,D
10:34:58,INDF,RG,6425,20,F,YU,XC,D
10:34:57,INDF,RG,6425,59,F,YU,YU,F
10:34:57,INDF,RG,6425,32,F,CC,YU,F
10:34:56,INDF,RG,6425,112,F,CC,YB,D
10:34:56,INDF,RG,6425,88,F,YU,YB,D
10:34:45,INDF,RG,6425,10,F,YU,PD,D
10:34:21,INDF,RG,6425,2,F,YU,BK,F
10:34:21,INDF,RG,6425,12,F,YU,BK,F
10:34:14,INDF,RG,6425,71,F,YU,BK,F
10:32:54,INDF,RG,6425,17,F,YU,YU,F
10:32:54,INDF,RG,6425,5,D,PD,YU,F
10:32:54,INDF,RG,6425,40,F,YU,YU,F
10:32:53,INDF,RG,6425,55,F,YU,GR,D
10:32:51,INDF,RG,6425,5,F,YU,BK,F
10:32:51,INDF,RG,6425,30,D,CC,BK,F
10:32:51,INDF,RG,6425,1,D,PD,BK,F
10:32:51,INDF,RG,6425,18,F,YU,BK,F
10:32:18,INDF,RG,6425,66,F,YU,YU,F
10:32:18,INDF,RG,6425,16,F,YU,PD,D
10:32:18,INDF,RG,6425,11,D,PD,PD,D
10:32:18,INDF,RG,6425,100,F,YU,PD,D
10:32:18,INDF,RG,6425,1,D,PD,PD,D
10:32:18,INDF,RG,6425,2,D,PD,PD,D
10:32:18,INDF,RG,6425,28,F,AK,PD,D
10:31:28,INDF,RG,6425,10,F,AK,BK,F
10:31:28,INDF,RG,6425,2,F,YU,BK,F
10:31:21,INDF,RG,6425,56,F,YU,YU,F
10:31:21,INDF,RG,6425,42,F,YU,BK,F
10:31:21,INDF,RG,6425,28,F,YU,BK,F
10:30:14,INDF,RG,6425,68,F,YU,YU,F
10:30:08,INDF,RG,6425,4,F,YU,PD,D
10:30:08,INDF,RG,6425,100,F,YU,PD,D
10:30:08,INDF,RG,6425,96,F,YU,PD,D
10:29:57,INDF,RG,6425,4,F,YU,YU,F
10:29:57,INDF,RG,6425,47,F,YU,YU,F
10:29:57,INDF,RG,6425,25,F,YU,PD,D
10:29:55,INDF,RG,6425,28,F,YU,PD,D
10:29:55,INDF,RG,6425,2,D,CC,PD,D
10:29:55,INDF,RG,6425,1,D,YP,PD,D
10:29:55,INDF,RG,6425,1,D,PD,PD,D
10:29:55,INDF,RG,6425,18,F,YU,PD,D
10:29:53,INDF,RG,6425,60,F,YU,YU,F
10:29:52,INDF,RG,6425,22,F,YU,BK,F
10:29:52,INDF,RG,6425,54,F,YU,BK,F
10:29:15,INDF,RG,6425,8,F,YU,RX,F
10:28:57,INDF,RG,6425,38,F,YU,BK,F
10:28:57,INDF,RG,6425,2,D,XL,BK,F
10:28:57,INDF,RG,6425,15,F,YU,BK,F
10:28:29,INDF,RG,6425,13,F,YU,BK,F
10:27:54,INDF,RG,6425,51,F,YU,YU,F
10:27:53,INDF,RG,6425,21,F,YU,BK,F
10:27:53,INDF,RG,6425,45,F,YU,BK,F
10:27:14,INDF,RG,6425,55,F,YU,YU,F
10:27:14,INDF,RG,6425,6,F,YU,YU,F
10:27:13,INDF,RG,6425,94,F,YU,PD,D
10:27:13,INDF,RG,6425,2,D,XC,PD,D
10:27:13,INDF,RG,6425,1,D,EP,PD,D
10:27:13,INDF,RG,6425,100,F,YU,PD,D
10:27:13,INDF,RG,6425,3,F,KZ,PD,D
10:27:13,INDF,RG,6425,5,F,KZ,BK,F
10:27:13,INDF,RG,6425,8,D,CC,BK,F
10:27:05,INDF,RG,6425,42,D,CC,BK,F
10:27:05,INDF,RG,6425,12,F,YU,BK,F
10:26:35,INDF,RG,6425,1,F,YU,DH,D
10:26:21,INDF,RG,6425,1,F,YU,EP,D
10:25:54,INDF,RG,6425,79,F,YU,BK,F
10:25:48,INDF,RG,6425,7,F,YU,BK,F
10:25:48,INDF,RG,6425,5,F,YU,BK,F
10:25:46,INDF,RG,6425,5,F,YU,PD,D
10:25:04,INDF,RG,6425,1,F,YU,YB,D
10:25:00,INDF,RG,6425,89,F,YU,YU,F
10:25:00,INDF,RG,6425,83,F,YU,YU,F
10:25:00,INDF,RG,6425,17,F,YU,YU,F
10:25:00,INDF,RG,6425,74,F,YU,YU,F
10:24:59,INDF,RG,6425,26,F,YU,KZ,F
10:24:59,INDF,RG,6425,100,F,YU,KZ,F
10:24:59,INDF,RG,6425,100,F,YU,KZ,F
10:24:59,INDF,RG,6425,1,D,KK,KZ,F
10:24:59,INDF,RG,6425,1,D,HD,KZ,F
10:24:59,INDF,RG,6425,100,F,YU,KZ,F
10:24:59,INDF,RG,6425,2,D,AZ,KZ,F
10:24:59,INDF,RG,6425,22,F,YU,KZ,F
10:24:36,INDF,RG,6425,2,F,YU,KK,D
10:24:34,INDF,RG,6425,44,F,YU,YU,F
10:24:33,INDF,RG,6425,32,F,YU,BK,F
10:24:33,INDF,RG,6425,64,F,YU,BK,F
10:24:09,INDF,RG,6425,36,F,YU,YU,F
10:24:09,INDF,RG,6425,7,F,YU,YU,F
10:24:08,INDF,RG,6425,67,F,YU,YU,F
10:24:06,INDF,RG,6425,26,F,YU,YU,F
10:24:06,INDF,RG,6425,77,F,YU,YU,F
10:24:06,INDF,RG,6425,23,F,YU,YU,F
10:24:06,INDF,RG,6425,24,F,YU,YU,F
10:24:05,INDF,RG,6425,76,F,YU,AK,F
10:24:05,INDF,RG,6425,100,F,YU,AK,F
10:24:05,INDF,RG,6425,100,F,YU,AK,F
10:24:05,INDF,RG,6425,100,F,YU,AK,F
10:24:05,INDF,RG,6425,100,F,YU,AK,F
10:24:05,INDF,RG,6425,100,F,YU,AK,F
10:24:05,INDF,RG,6425,100,F,YU,AK,F
10:24:05,INDF,RG,6425,14,F,YU,AK,F
10:24:05,INDF,RG,6425,33,F,YU,YU,F
10:24:04,INDF,RG,6425,53,F,YU,YU,F
10:24:04,INDF,RG,6425,10,F,YU,YU,F
10:24:03,INDF,RG,6425,37,F,YU,YU,F
10:24:03,INDF,RG,6425,53,F,YU,YP,D
10:24:03,INDF,RG,6425,100,F,YU,YP,D
10:24:03,INDF,RG,6425,2,F,YU,YP,D
10:23:51,INDF,RG,6425,13,F,YU,CC,D
10:23:14,INDF,RG,6425,26,F,YU,YU,F
10:23:14,INDF,RG,6425,25,F,YU,PD,D
10:23:07,INDF,RG,6425,34,F,YU,YU,F
10:23:06,INDF,RG,6425,9,F,YU,YU,F
10:23:05,INDF,RG,6425,91,F,YU,BK,F
10:23:05,INDF,RG,6425,12,F,YU,BK,F
10:23:01,INDF,RG,6425,30,F,YU,YU,F
10:23:00,INDF,RG,6425,46,F,YU,YU,F
10:22:59,INDF,RG,6425,12,F,YU,PD,D
10:22:58,INDF,RG,6425,20,D,PD,PD,D
10:22:58,INDF,RG,6425,10,D,YP,PD,D
10:22:58,INDF,RG,6425,100,F,YU,PD,D
10:22:58,INDF,RG,6425,1,D,XC,PD,D
10:22:58,INDF,RG,6425,57,F,YU,PD,D
10:22:51,INDF,RG,6425,18,F,YU,YU,F
10:22:50,INDF,RG,6425,15,F,YU,CC,D
10:21:52,INDF,RG,6425,8,F,YU,RX,F
10:21:44,INDF,RG,6425,2,F,YU,CD,D
10:21:34,INDF,RG,6425,5,D,YP,YU,F
10:21:34,INDF,RG,6425,2,D,DR,YU,F
10:21:34,INDF,RG,6425,1,D,YP,YU,F
10:21:34,INDF,RG,6425,1,D,PD,YU,F
10:21:34,INDF,RG,6425,5,D,YP,YU,F
10:21:34,INDF,RG,6425,6,D,CC,YU,F
10:21:33,INDF,RG,6425,4,D,CC,YU,F
10:21:33,INDF,RG,6425,2,D,YP,YU,F
10:21:33,INDF,RG,6425,25,F,YU,YU,F
10:21:33,INDF,RG,6425,75,F,YU,BK,F
10:21:33,INDF,RG,6425,25,D,GR,BK,F
10:21:33,INDF,RG,6425,1,D,XC,BK,F
10:21:33,INDF,RG,6425,10,D,XA,BK,F
10:21:33,INDF,RG,6425,4,D,RO,BK,F
10:21:33,INDF,RG,6425,1,D,RO,XC,D
10:21:07,INDF,RG,6425,7,F,YU,YP,D
10:20:58,INDF,RG,6425,1,F,YU,XC,D
10:20:16,INDF,RG,6425,15,F,YU,YU,F
10:20:15,INDF,RG,6425,24,F,YU,YU,F
10:20:14,INDF,RG,6425,53,F,YU,BK,F
10:20:14,INDF,RG,6425,39,D,ZP,BK,F
10:19:27,INDF,RG,6425,12,D,ZP,YU,F
10:19:26,INDF,RG,6425,18,D,ZP,YU,F
10:19:25,INDF,RG,6425,2,D,ZP,OD,D
10:19:25,INDF,RG,6425,56,D,ZP,BK,F
10:18:42,INDF,RG,6425,6,D,ZP,OD,D
10:18:29,INDF,RG,6425,10,D,ZP,YU,F
10:18:28,INDF,RG,6425,7,D,ZP,YU,F
10:18:28,INDF,RG,6425,9,D,PD,YU,F
10:18:28,INDF,RG,6425,21,D,PD,BK,F
10:18:28,INDF,RG,6425,10,D,CC,BK,F
10:18:28,INDF,RG,6425,29,F,YU,BK,F
10:18:03,INDF,RG,6425,9,F,YU,YU,F
10:18:03,INDF,RG,6425,2,F,YU,EP,D
10:18:02,INDF,RG,6425,13,F,YU,YU,F
10:18:01,INDF,RG,6425,40,F,YU,KK,D
10:17:52,INDF,RG,6425,4,F,YU,PD,D
10:17:09,INDF,RG,6425,9,F,YU,YU,F
10:17:08,INDF,RG,6425,17,F,YU,YP,D
10:16:56,INDF,RG,6425,9,F,YU,YU,F
10:16:55,INDF,RG,6425,14,F,YU,YU,F
10:16:54,INDF,RG,6425,21,F,YU,YU,F
10:16:53,INDF,RG,6425,33,F,YU,YU,F
10:16:52,INDF,RG,6425,11,F,YU,HP,D
10:16:52,INDF,RG,6425,100,F,YU,HP,D
10:16:52,INDF,RG,6425,70,F,YU,HP,D
10:16:48,INDF,RG,6425,5,F,YU,YU,F
10:16:47,INDF,RG,6425,5,F,YU,YU,F
10:16:46,INDF,RG,6425,8,F,YU,YU,F
10:16:45,INDF,RG,6425,12,F,YU,YU,F
10:16:44,INDF,RG,6425,17,F,YU,YU,F
10:16:43,INDF,RG,6425,14,F,YU,BK,F
10:16:43,INDF,RG,6425,23,F,YU,BK,F
10:16:43,INDF,RG,6425,23,F,YU,BK,F
10:16:43,INDF,RG,6425,23,F,YU,BK,F
10:16:43,INDF,RG,6425,2,D,CC,BK,F
10:16:43,INDF,RG,6425,5,D,PD,BK,F
10:16:43,INDF,RG,6425,16,F,YU,BK,F
10:16:27,INDF,RG,6425,4,F,YU,YP,D
10:16:24,INDF,RG,6425,28,F,YU,YU,F
10:16:19,INDF,RG,6425,44,F,YU,YU,F
10:16:18,INDF,RG,6425,8,F,YU,YU,F
10:16:18,INDF,RG,6425,41,F,YU,YU,F
10:16:18,INDF,RG,6425,59,F,YU,YU,F
10:16:18,INDF,RG,6425,10,D,DH,YU,F
10:16:17,INDF,RG,6425,96,F,YU,YU,F
10:16:16,INDF,RG,6425,4,F,YU,YU,F
10:16:16,INDF,RG,6425,1,F,YU,YU,F
10:16:15,INDF,RG,6425,99,F,YU,YU,F
10:16:15,INDF,RG,6425,1,F,CC,YU,F
10:16:15,INDF,RG,6425,100,F,CC,PD,D
10:16:15,INDF,RG,6425,100,F,YU,PD,D
10:16:14,INDF,RG,6425,100,F,YU,YU,F
10:16:14,INDF,RG,6400,102,D,MK,CC,D
10:16:14,INDF,RG,6425,98,F,YU,CC,D
10:16:14,INDF,RG,6425,2,F,YU,YP,D
10:16:13,INDF,RG,6450,1,D,PD,BK,F
10:16:13,INDF,RG,6400,2,D,MK,YU,F
10:16:13,INDF,RG,6425,1,D,XC,YU,F
10:16:13,INDF,RG,6425,9,D,PD,YU,F
10:16:13,INDF,RG,6425,1,D,XC,YU,F
10:16:13,INDF,RG,6425,3,D,LS,YU,F
10:16:13,INDF,RG,6425,1,D,CC,YU,F
10:16:13,INDF,RG,6425,5,D,DR,YU,F
10:16:13,INDF,RG,6425,3,D,DR,YU,F
10:16:13,INDF,RG,6425,3,D,DR,YU,F
10:16:13,INDF,RG,6425,7,D,XC,YU,F
10:16:13,INDF,RG,6425,1,D,XC,YU,F
10:16:13,INDF,RG,6425,7,F,KZ,YU,F
10:16:13,INDF,RG,6425,10,D,NI,YU,F
10:16:13,INDF,RG,6425,100,D,NI,YU,F
10:16:13,INDF,RG,6425,50,D,PD,YU,F
10:16:13,INDF,RG,6425,110,F,CC,YU,F
10:16:13,INDF,RG,6425,56,F,AK,YU,F
10:16:13,INDF,RG,6425,10,D,DH,YU,F
10:16:13,INDF,RG,6425,100,F,YU,YU,F
10:16:13,INDF,RG,6425,1,D,CC,YU,F
10:16:13,INDF,RG,6425,2,D,XC,YU,F
10:16:13,INDF,RG,6425,10,D,KK,YU,F
10:16:13,INDF,RG,6425,3,D,DH,YU,F
10:16:13,INDF,RG,6425,2,D,XC,YU,F
10:16:13,INDF,RG,6425,2,D,DR,YU,F
10:16:13,INDF,RG,6425,1,D,PD,YU,F
10:16:13,INDF,RG,6425,3,D,DR,YU,F
10:16:13,INDF,RG,6425,1,D,PD,YU,F
10:16:13,INDF,RG,6425,1,D,XC,YU,F
10:16:13,INDF,RG,6425,1,F,AK,YU,F
10:16:13,INDF,RG,6425,10,D,IP,YU,F
10:16:13,INDF,RG,6425,5,D,YP,YU,F
10:16:13,INDF,RG,6425,5,D,PD,YU,F
10:16:13,INDF,RG,6425,20,D,DR,YU,F
10:16:13,INDF,RG,6425,1,D,DR,YU,F
10:16:13,INDF,RG,6425,1,D,CC,YU,F
10:16:13,INDF,RG,6425,10,D,YB,YU,F
10:16:13,INDF,RG,6425,10,D,GR,YU,F
10:16:13,INDF,RG,6425,7,F,KZ,YU,F
10:16:13,INDF,RG,6425,50,D,OD,YU,F
10:16:13,INDF,RG,6425,1,D,PD,YU,F
10:16:13,INDF,RG,6425,10,D,YP,YU,F
10:16:13,INDF,RG,6425,7,D,YP,YU,F
10:16:13,INDF,RG,6425,1,D,CC,YU,F
10:16:13,INDF,RG,6425,56,D,EP,YU,F
10:16:11,INDF,RG,6450,1,D,SQ,BK,F
10:16:00,INDF,RG,6425,5,D,EP,YP,D
10:15:40,INDF,RG,6425,14,D,EP,BK,F
10:14:29,INDF,RG,6425,1,D,EP,XC,D
10:14:23,INDF,RG,6425,3,D,EP,YP,D
10:14:17,INDF,RG,6425,8,D,EP,YB,D
10:14:10,INDF,RG,6425,212,D,EP,YU,F
10:14:09,INDF,RG,6425,266,D,EP,KZ,F
10:14:06,INDF,RG,6425,126,D,EP,BK,F
10:13:33,INDF,RG,6450,2,D,PD,BK,F
10:13:14,INDF,RG,6450,1,D,CC,BK,F
10:13:09,INDF,RG,6450,1,D,PD,BK,F
10:12:56,INDF,RG,6425,12,D,EP,BK,F
10:12:43,INDF,RG,6450,10,D,PD,BK,F
10:12:22,INDF,RG,6425,10,D,EP,CC,D
10:12:00,INDF,RG,6425,151,D,EP,AK,F
10:11:58,INDF,RG,6425,49,D,EP,BK,F
10:11:21,INDF,RG,6425,87,D,EP,YU,F
10:11:21,INDF,RG,6425,25,D,YP,YU,F
10:11:21,INDF,RG,6425,50,F,KZ,YU,F
10:11:21,INDF,RG,6425,5,D,CC,YU,F
10:11:21,INDF,RG,6425,24,D,KK,YU,F
10:11:19,INDF,RG,6425,1,D,KK,YP,D
10:11:19,INDF,RG,6425,1,D,NI,YP,D
10:11:19,INDF,RG,6425,50,D,SA,YP,D
10:11:19,INDF,RG,6425,10,D,PD,YP,D
10:11:19,INDF,RG,6425,10,D,YB,YP,D
10:11:19,INDF,RG,6425,10,D,NI,YP,D
10:11:19,INDF,RG,6425,2,D,NI,YP,D
10:11:19,INDF,RG,6425,1,D,PD,YP,D
10:11:19,INDF,RG,6425,50,D,DH,YP,D
10:11:19,INDF,RG,6425,3,D,PD,YP,D
10:11:19,INDF,RG,6425,1,D,CC,YP,D
10:11:19,INDF,RG,6425,100,D,SQ,YP,D
10:11:19,INDF,RG,6425,50,D,YP,YP,D
10:11:19,INDF,RG,6425,23,D,SQ,YP,D
10:11:19,INDF,RG,6425,36,F,AK,YP,D
10:11:19,INDF,RG,6425,2,D,NI,YP,D
10:11:19,INDF,RG,6425,14,D,NI,BK,F
10:11:19,INDF,RG,6450,12,D,XC,BK,F
10:11:16,INDF,RG,6425,4,D,NI,YU,F
10:11:16,INDF,RG,6425,5,D,PD,YU,F
10:11:16,INDF,RG,6425,1,F,AK,YU,F
10:11:16,INDF,RG,6425,1,D,KK,YU,F
10:11:16,INDF,RG,6425,2,D,SQ,YU,F
10:11:16,INDF,RG,6425,2,D,HP,YU,F
10:11:16,INDF,RG,6425,1,D,XC,YU,F
10:11:16,INDF,RG,6425,3,D,PD,YU,F
10:11:16,INDF,RG,6425,1,D,CC,YU,F
10:11:16,INDF,RG,6425,1,D,PD,YU,F
10:11:16,INDF,RG,6425,10,D,PD,YU,F
10:11:16,INDF,RG,6425,2,D,NI,YU,F
10:11:16,INDF,RG,6425,40,D,CC,YU,F
10:11:16,INDF,RG,6425,10,D,KK,YU,F
10:11:16,INDF,RG,6425,10,D,NI,YU,F
10:11:16,INDF,RG,6425,1,D,XC,YU,F
10:11:16,INDF,RG,6425,50,D,CC,YU,F
10:11:16,INDF,RG,6425,2,D,GR,YU,F
10:11:16,INDF,RG,6425,2,D,DR,YU,F
10:11:16,INDF,RG,6425,1,D,SQ,YU,F
10:11:16,INDF,RG,6425,1,D,PD,YU,F
10:11:16,INDF,RG,6425,5,D,CC,YU,F
10:11:16,INDF,RG,6425,10,F,KZ,YU,F
10:11:16,INDF,RG,6425,1,D,YP,YU,F
10:11:16,INDF,RG,6425,53,F,CC,YU,F
10:11:15,INDF,RG,6425,4,F,CC,AK,F
10:11:15,INDF,RG,6425,1,D,YP,AK,F
10:11:15,INDF,RG,6425,100,F,YU,AK,F
10:11:15,INDF,RG,6425,10,D,YU,AK,F
10:11:15,INDF,RG,6425,1,D,PD,AK,F
10:11:15,INDF,RG,6425,100,D,DH,AK,F
10:11:15,INDF,RG,6425,2,D,PD,AK,F
10:11:15,INDF,RG,6425,16,D,KK,AK,F
10:11:15,INDF,RG,6425,1,D,XL,AK,F
10:11:15,INDF,RG,6425,1,D,LG,AK,F
10:11:15,INDF,RG,6425,40,D,PD,AK,F
10:11:15,INDF,RG,6425,19,D,TP,AK,F
10:08:17,INDF,RG,6425,13,D,TP,BK,F
10:07:39,INDF,RG,6425,68,D,TP,PD,D
10:07:39,INDF,RG,6425,5,D,KK,PD,D
10:07:39,INDF,RG,6425,1,D,YP,PD,D
10:07:39,INDF,RG,6425,10,D,YJ,PD,D
10:07:39,INDF,RG,6425,1,D,NI,PD,D
10:07:39,INDF,RG,6425,15,D,AR,PD,D
10:07:39,INDF,RG,6425,185,D,AR,KZ,F
10:07:39,INDF,RG,6425,3,D,YP,KZ,F
10:07:39,INDF,RG,6425,78,D,LG,KZ,F
10:07:39,INDF,RG,6425,75,D,ZP,KZ,F
10:07:35,INDF,RG,6425,45,D,ZP,YU,F
10:07:35,INDF,RG,6425,20,D,YP,YU,F
10:07:35,INDF,RG,6425,109,D,YP,YU,F
10:07:35,INDF,RG,6425,391,D,YP,PD,D
10:07:35,INDF,RG,6425,50,D,SQ,PD,D
10:07:35,INDF,RG,6425,10,D,CC,PD,D
10:07:35,INDF,RG,6425,1,F,AK,PD,D
10:07:35,INDF,RG,6425,2,D,PD,PD,D
10:07:35,INDF,RG,6425,1,D,PD,PD,D
10:07:35,INDF,RG,6425,2,D,CC,PD,D
10:07:35,INDF,RG,6425,5,D,SQ,PD,D
10:07:35,INDF,RG,6425,38,D,YP,PD,D
10:07:27,INDF,RG,6450,1,D,PD,BK,F
10:07:15,INDF,RG,6425,12,D,YP,AK,F
10:06:49,INDF,RG,6450,2,D,DR,BK,F
10:06:24,INDF,RG,6450,2,D,DR,BK,F
10:06:12,INDF,RG,6425,50,D,YP,YU,F
10:06:12,INDF,RG,6425,25,D,CC,YU,F
10:06:12,INDF,RG,6425,1,D,GR,YU,F
10:06:12,INDF,RG,6425,1,D,XC,YU,F
10:06:12,INDF,RG,6425,20,D,CC,YU,F
10:06:12,INDF,RG,6425,5,D,KK,YU,F
10:06:12,INDF,RG,6425,5,D,PD,YU,F
10:06:12,INDF,RG,6425,5,D,KK,YU,F
10:06:12,INDF,RG,6425,1,D,XC,YU,F
10:06:12,INDF,RG,6425,2,D,YP,YU,F
10:06:12,INDF,RG,6425,6,D,XC,YU,F
10:06:12,INDF,RG,6425,37,D,YP,YU,F
10:06:11,INDF,RG,6425,13,D,YP,BK,F
10:06:11,INDF,RG,6425,1,D,XC,BK,F
10:06:11,INDF,RG,6425,1,D,CC,BK,F
10:06:11,INDF,RG,6425,1,D,XC,BK,F
10:06:11,INDF,RG,6425,5,D,KK,BK,F
10:06:11,INDF,RG,6425,1,D,EP,BK,F
10:06:11,INDF,RG,6425,2,D,CC,BK,F
10:06:11,INDF,RG,6425,1,D,YP,BK,F
10:06:11,INDF,RG,6425,5,D,XL,BK,F
10:06:11,INDF,RG,6425,2,D,PD,BK,F
10:06:11,INDF,RG,6425,1,D,XC,BK,F
10:06:11,INDF,RG,6425,5,D,NI,BK,F
10:06:11,INDF,RG,6425,3,D,YP,BK,F
10:06:11,INDF,RG,6425,3,D,GR,BK,F
10:06:11,INDF,RG,6425,1,D,XA,BK,F
10:06:11,INDF,RG,6425,2,D,YP,BK,F
10:06:11,INDF,RG,6425,2,D,YP,BK,F
10:06:11,INDF,RG,6425,50,D,YU,BK,F
10:06:11,INDF,RG,6425,10,D,XA,BK,F
10:06:02,INDF,RG,6450,1,D,SQ,BK,F
10:05:50,INDF,RG,6450,1,D,GR,BK,F
10:04:58,INDF,RG,6425,10,D,XA,OD,D
10:04:58,INDF,RG,6425,3,D,XL,OD,D
10:04:32,INDF,RG,6425,5,D,XL,OD,D
10:04:07,INDF,RG,6425,10,D,XL,OD,D
10:03:47,INDF,RG,6425,3,D,XL,OD,D
10:03:46,INDF,RG,6450,1,D,XL,BK,F
10:03:31,INDF,RG,6425,1,D,XL,BK,F
10:03:29,INDF,RG,6425,8,D,XL,KZ,F
10:03:29,INDF,RG,6425,1,D,ZP,KZ,F
10:03:29,INDF,RG,6425,1,D,PD,KZ,F
10:03:29,INDF,RG,6425,10,D,DH,KZ,F
10:03:29,INDF,RG,6425,5,D,TP,KZ,F
10:03:29,INDF,RG,6425,20,F,CC,KZ,F
10:03:29,INDF,RG,6425,5,D,PD,KZ,F
10:03:29,INDF,RG,6425,5,D,TP,KZ,F
10:03:29,INDF,RG,6425,159,D,NI,KZ,F
10:02:07,INDF,RG,6450,1,D,CC,BK,F
10:02:00,INDF,RG,6425,40,D,NI,BK,F
10:01:30,INDF,RG,6425,16,D,NI,AK,F
10:01:30,INDF,RG,6425,24,D,CC,AK,F
10:01:01,INDF,RG,6450,5,D,YB,BK,F
9:59:15,INDF,RG,6425,26,D,CC,YU,F
9:59:15,INDF,RG,6425,15,D,YP,YU,F
9:59:15,INDF,RG,6425,10,D,CC,YU,F
9:59:15,INDF,RG,6425,1,D,XL,YU,F
9:59:15,INDF,RG,6425,11,D,PD,YU,F
9:59:15,INDF,RG,6425,1,D,YP,YU,F
9:59:15,INDF,RG,6425,15,D,YP,YU,F
9:59:15,INDF,RG,6425,2,D,PD,YU,F
9:59:15,INDF,RG,6425,3,D,EP,YU,F
9:59:15,INDF,RG,6425,1,D,YP,YU,F
9:59:15,INDF,RG,6425,3,D,PD,YU,F
9:59:15,INDF,RG,6425,25,D,SQ,YU,F
9:59:15,INDF,RG,6425,1,D,XC,YU,F
9:59:15,INDF,RG,6425,35,D,YU,YU,F
9:59:14,INDF,RG,6425,9,D,YU,RX,F
9:59:01,INDF,RG,6425,1,D,YU,YP,D
9:58:16,INDF,RG,6425,8,D,YU,RX,F
9:57:45,INDF,RG,6425,66,D,YU,AK,F
9:57:06,INDF,RG,6450,10,D,PD,BK,F
9:56:10,INDF,RG,6425,1,D,YU,XC,D
9:56:06,INDF,RG,6425,28,D,YU,CC,D
9:56:01,INDF,RG,6450,7,F,KZ,BK,F
9:56:00,INDF,RG,6450,1,D,KK,BK,F
9:55:39,INDF,RG,6425,1,D,YU,KK,D
9:55:38,INDF,RG,6450,1,D,XC,BK,F
9:55:17,INDF,RG,6450,1,D,XC,BK,F
9:54:01,INDF,RG,6425,2,D,YU,GR,D
9:52:41,INDF,RG,6450,2,D,NI,BK,F
9:52:39,INDF,RG,6450,22,D,NI,BK,F
9:52:24,INDF,RG,6450,100,D,DH,BK,F
9:52:08,INDF,RG,6450,2,D,NI,BK,F
9:51:45,INDF,RG,6450,1,D,XC,BK,F
9:51:27,INDF,RG,6425,91,D,YU,BK,F
9:51:25,INDF,RG,6425,156,D,YU,YU,F
9:51:24,INDF,RG,6425,205,D,YU,KZ,F
9:50:47,INDF,RG,6425,100,D,YU,EP,D
9:50:44,INDF,RG,6450,5,D,YB,BK,F
9:50:27,INDF,RG,6425,1,D,YU,PD,D
9:49:43,INDF,RG,6425,13,D,YU,OD,D
9:49:42,INDF,RG,6425,65,D,YU,BK,F
9:49:11,INDF,RG,6450,6,D,XL,BK,F
9:48:45,INDF,RG,6425,50,D,YU,GR,D
9:48:35,INDF,RG,6425,45,D,YU,BK,F
9:48:23,INDF,RG,6425,1,D,YU,XC,D
9:47:22,INDF,RG,6425,135,D,YU,YU,F
9:47:21,INDF,RG,6450,50,D,CC,BK,F
9:46:36,INDF,RG,6450,2,D,NI,BK,F
9:46:31,INDF,RG,6425,51,D,YU,BK,F
9:46:04,INDF,RG,6425,30,D,YU,CC,D
9:45:25,INDF,RG,6425,40,D,YU,BK,F
9:44:14,INDF,RG,6425,4,D,YU,XC,D
9:43:37,INDF,RG,6450,1,D,PD,BK,F
9:43:31,INDF,RG,6425,57,D,YU,BK,F
9:42:20,INDF,RG,6425,8,D,YU,RX,F
9:42:16,INDF,RG,6425,3,D,YU,GR,D
9:42:06,INDF,RG,6425,18,D,YU,NI,D
9:42:03,INDF,RG,6425,155,D,YU,YU,F
9:42:02,INDF,RG,6425,475,D,YU,AK,F
9:42:01,INDF,RG,6425,48,D,YU,BK,F
9:41:31,INDF,RG,6425,5,D,YU,DR,D
9:40:26,INDF,RG,6425,1,D,YU,AZ,D
9:40:13,INDF,RG,6425,2,D,YU,KK,D
9:40:01,INDF,RG,6450,1,D,YP,BK,F
9:39:28,INDF,RG,6450,5,D,KK,BK,F
9:39:04,INDF,RG,6450,6,D,CC,BK,F
9:39:04,INDF,RG,6450,1,D,CC,BK,F
9:38:17,INDF,RG,6425,1,D,YU,PD,D
9:37:58,INDF,RG,6425,8,D,YU,RX,F
9:37:26,INDF,RG,6425,8,D,YU,PD,D
9:35:56,INDF,RG,6425,73,D,YU,YU,F
9:35:56,INDF,RG,6425,43,D,OD,YU,F
9:35:55,INDF,RG,6450,5,D,TP,BK,F
9:35:52,INDF,RG,6450,10,D,XC,BK,F
9:35:52,INDF,RG,6450,153,D,XC,KZ,F
9:35:18,INDF,RG,6450,5,D,TP,KZ,F
9:34:46,INDF,RG,6450,5,D,TP,KZ,F
9:34:06,INDF,RG,6450,2,D,PD,KZ,F
9:33:22,INDF,RG,6450,1,D,NI,KZ,F
9:32:56,INDF,RG,6450,50,D,NI,KZ,F
9:32:51,INDF,RG,6450,10,D,XC,KZ,F
9:32:40,INDF,RG,6450,1,D,PD,KZ,F
9:32:30,INDF,RG,6450,4,D,PD,KZ,F
9:32:06,INDF,RG,6450,1,D,CC,KZ,F
9:31:53,INDF,RG,6450,2,D,YP,KZ,F
9:31:33,INDF,RG,6450,50,D,GR,KZ,F
9:31:24,INDF,RG,6450,2,D,YP,KZ,F
9:30:51,INDF,RG,6450,1,D,YP,KZ,F
9:30:45,INDF,RG,6450,2,D,XC,KZ,F
9:30:33,INDF,RG,6450,2,D,YP,KZ,F
9:30:09,INDF,RG,6450,1,D,PD,KZ,F
9:30:00,INDF,RG,6425,1,D,OD,PD,D
9:29:42,INDF,RG,6450,30,D,KK,KZ,F
9:29:37,INDF,RG,6450,46,D,TP,KZ,F
9:29:37,INDF,RG,6450,54,D,TP,YU,F
9:29:33,INDF,RG,6425,2,D,OD,XC,D
9:29:27,INDF,RG,6450,32,D,XC,YU,F
9:28:59,INDF,RG,6450,2,D,XC,YU,F
9:28:39,INDF,RG,6425,4,D,OD,YP,D
9:28:39,INDF,RG,6425,1,D,XC,YP,D
9:28:39,INDF,RG,6425,10,D,YP,YP,D
9:28:39,INDF,RG,6425,1,D,YP,YP,D
9:28:14,INDF,RG,6450,10,D,PD,YU,F
9:26:27,INDF,RG,6425,24,D,YP,YU,F
9:26:27,INDF,RG,6425,5,D,YP,YU,F
9:26:27,INDF,RG,6425,23,D,DR,YU,F
9:26:27,INDF,RG,6425,1,D,GR,YU,F
9:26:27,INDF,RG,6425,1,D,GR,YU,F
9:26:27,INDF,RG,6425,80,D,YU,YU,F
9:26:27,INDF,RG,6425,15,D,KK,YU,F
9:26:27,INDF,RG,6425,1,D,YP,YU,F
9:26:27,INDF,RG,6425,1,D,PD,YU,F
9:26:20,INDF,RG,6450,50,D,PD,AK,F
9:26:20,INDF,RG,6450,66,D,YP,AK,F
9:26:20,INDF,RG,6450,1,D,KK,AK,F
9:26:20,INDF,RG,6450,1,D,DH,AK,F
9:26:20,INDF,RG,6450,1,D,XL,AK,F
9:26:20,INDF,RG,6450,2,D,YP,AK,F
9:26:20,INDF,RG,6450,2,D,CC,AK,F
9:26:20,INDF,RG,6450,1,D,CC,AK,F
9:26:20,INDF,RG,6450,1,D,NI,AK,F
9:26:20,INDF,RG,6450,2,D,YP,AK,F
9:26:20,INDF,RG,6450,22,D,NI,AK,F
9:26:20,INDF,RG,6450,1,D,OD,AK,F
9:26:20,INDF,RG,6450,3,D,XC,AK,F
9:26:20,INDF,RG,6450,5,D,NI,AK,F
9:26:20,INDF,RG,6450,2,D,PD,AK,F
9:26:20,INDF,RG,6450,1,F,AK,AK,F
9:26:20,INDF,RG,6450,939,F,CC,AK,F
9:26:20,INDF,RG,6450,53,D,EP,AK,F
9:25:37,INDF,RG,6450,249,D,EP,CC,D
9:24:51,INDF,RG,6450,4,D,EP,ZP,F
9:24:39,INDF,RG,6450,32,D,EP,CC,D
9:24:02,INDF,RG,6450,1,D,EP,XC,D
9:22:47,INDF,RG,6475,3,D,YP,KZ,D
9:22:47,INDF,RG,6475,2,D,YP,KZ,D
9:22:47,INDF,RG,6475,145,D,YP,KZ,F
9:21:55,INDF,RG,6475,7,D,EP,KZ,F
9:20:43,INDF,RG,6450,1,D,EP,YP,D
9:20:21,INDF,RG,6450,3,D,EP,CC,F
9:20:21,INDF,RG,6450,1,D,EP,XC,D
9:20:21,INDF,RG,6450,10,D,EP,YU,F
9:20:21,INDF,RG,6450,146,D,EP,AK,F
9:20:12,INDF,RG,6450,10,D,YP,AK,F
9:20:06,INDF,RG,6450,1,D,YP,AK,F
9:20:05,INDF,RG,6450,15,D,PD,AK,F
9:20:05,INDF,RG,6450,3,D,YP,AK,F
9:19:58,INDF,RG,6450,85,F,AK,AK,F
9:19:58,INDF,RG,6450,35,F,AK,AK,F
9:19:58,INDF,RG,6425,21,D,NI,YU,F
9:19:57,INDF,RG,6450,14,F,YU,AK,F
9:19:57,INDF,RG,6450,3,F,YU,XC,D
9:19:57,INDF,RG,6450,7,F,YU,DR,D
9:19:57,INDF,RG,6450,3,F,YU,CC,F
9:19:57,INDF,RG,6450,702,F,YU,YU,F
9:19:57,INDF,RG,6450,16,F,YU,BK,F
9:19:57,INDF,RG,6450,1,F,YU,YP,D
9:19:57,INDF,RG,6450,21,F,YU,NI,D
9:19:57,INDF,RG,6450,17,F,YU,BK,F
9:19:57,INDF,RG,6450,95,F,YU,YU,F
9:19:57,INDF,RG,6450,80,F,YU,BK,F
9:19:57,INDF,RG,6450,24,F,YU,RX,F
9:19:57,INDF,RG,6450,88,F,YU,BK,F
9:19:57,INDF,RG,6450,251,F,YU,YU,F
9:19:57,INDF,RG,6450,1,F,YU,NI,D
9:19:57,INDF,RG,6450,88,F,YU,BK,F
9:19:57,INDF,RG,6450,15,F,YU,BK,F
9:19:57,INDF,RG,6450,600,F,YU,YU,F
9:19:57,INDF,RG,6450,83,F,YU,BK,F
9:19:57,INDF,RG,6450,14,F,YU,BK,F
9:19:57,INDF,RG,6450,151,F,YU,AK,F
9:19:57,INDF,RG,6450,77,F,YU,BK,F
9:19:57,INDF,RG,6450,20,F,YU,PD,D
9:19:57,INDF,RG,6450,19,F,YU,BK,F
9:19:57,INDF,RG,6450,88,F,YU,AK,F
9:19:57,INDF,RG,6450,164,F,YU,AK,F
9:19:57,INDF,RG,6450,17,F,YU,AK,F
9:19:57,INDF,RG,6450,290,F,YU,BK,F
9:19:57,INDF,RG,6450,44,F,YU,BK,F
9:19:57,INDF,RG,6450,303,F,YU,BK,F
9:19:57,INDF,RG,6450,1145,F,YU,KZ,D
9:19:57,INDF,RG,6450,429,F,YU,KZ,F
9:19:57,INDF,RG,6450,11,F,YU,KZ,D
9:19:57,INDF,RG,6450,43,F,YU,KZ,D
9:19:57,INDF,RG,6450,76,F,YU,BK,F
9:19:44,INDF,RG,6425,4,D,NI,YU,F
9:19:44,INDF,RG,6425,2,D,SQ,YU,F
9:19:44,INDF,RG,6425,19,D,SQ,BK,F
9:19:38,INDF,RG,6425,5,D,SQ,YB,D
9:19:29,INDF,RG,6425,4,D,SQ,YU,F
9:19:29,INDF,RG,6425,2,D,CC,YU,F
9:19:23,INDF,RG,6425,5,D,CC,YU,F
9:19:23,INDF,RG,6425,3,D,CC,YU,F
9:19:23,INDF,RG,6425,10,D,LG,YU,F
9:19:23,INDF,RG,6425,1,D,NI,YU,F
9:19:23,INDF,RG,6425,10,D,DH,YU,F
9:19:23,INDF,RG,6425,1,D,PD,YU,F
9:19:21,INDF,RG,6450,1,D,XC,BK,F
9:18:57,INDF,RG,6425,5,D,PD,YU,F
9:18:56,INDF,RG,6425,5,D,PD,YU,F
9:18:55,INDF,RG,6425,5,D,CC,BK,F
9:18:55,INDF,RG,6425,27,D,YP,BK,F
9:18:41,INDF,RG,6425,3,D,YP,YU,F
9:18:40,INDF,RG,6425,6,D,YP,YU,F
9:18:39,INDF,RG,6425,6,D,YP,YU,F
9:18:38,INDF,RG,6425,9,D,YP,YU,F
9:18:37,INDF,RG,6425,49,D,YP,HP,D
9:18:37,INDF,RG,6425,14,D,YP,HP,D
9:18:36,INDF,RG,6425,2,D,YP,YU,F
9:18:35,INDF,RG,6425,3,D,YP,YP,D
9:18:25,INDF,RG,6425,3,D,YP,YU,F
9:18:24,INDF,RG,6425,5,D,YP,YU,F
9:18:24,INDF,RG,6425,23,D,YP,YU,F
9:18:24,INDF,RG,6425,1,D,CC,YU,F
9:18:23,INDF,RG,6450,1,D,XC,BK,F
9:18:07,INDF,RG,6425,2,D,EP,XL,D
9:18:04,INDF,RG,6425,1,D,LS,YU,F
9:18:04,INDF,RG,6425,3,F,CC,YU,F
9:18:03,INDF,RG,6425,5,F,CC,YU,F
9:18:03,INDF,RG,6425,1,F,CC,PD,D
9:18:02,INDF,RG,6425,6,F,CC,YU,F
9:18:02,INDF,RG,6425,38,F,CC,BK,F
9:17:30,INDF,RG,6425,4,F,CC,YU,F
9:17:29,INDF,RG,6425,6,F,CC,YU,F
9:17:28,INDF,RG,6425,11,F,CC,BK,F
9:17:28,INDF,RG,6425,7,D,DR,BK,F
9:17:28,INDF,RG,6425,1,D,YP,BK,F
9:17:28,INDF,RG,6425,5,D,CC,BK,F
9:16:53,INDF,RG,6425,4,D,CC,YU,F
9:16:52,INDF,RG,6425,1,D,CC,YU,F
9:16:52,INDF,RG,6425,5,D,YJ,YU,F
9:16:51,INDF,RG,6425,6,D,YJ,YU,F
9:16:50,INDF,RG,6425,9,D,YJ,YU,F
9:16:49,INDF,RG,6425,18,D,YJ,YU,F
9:16:49,INDF,RG,6425,6,D,YJ,YU,F
9:16:49,INDF,RG,6425,14,D,YJ,YU,F
9:16:48,INDF,RG,6450,5,D,KK,BK,F
9:16:48,INDF,RG,6450,13,D,KK,KZ,D
9:16:48,INDF,RG,6450,29,D,KK,KZ,D
9:16:48,INDF,RG,6450,49,D,KK,DH,D
9:16:48,INDF,RG,6450,4,D,KK,YU,F
9:16:35,INDF,RG,6425,7,D,YJ,YU,F
9:16:34,INDF,RG,6450,1,D,YP,YU,F
9:16:33,INDF,RG,6425,35,D,YJ,BK,F
9:16:33,INDF,RG,6425,2,D,YJ,BK,F
9:16:25,INDF,RG,6425,1,D,YJ,YU,F
9:16:24,INDF,RG,6450,2,D,CC,YU,F
9:16:21,INDF,RG,6450,2,D,PD,YU,F
9:15:58,INDF,RG,6450,1,D,PD,YU,F
9:15:56,INDF,RG,6425,6,D,YJ,YU,F
9:15:56,INDF,RG,6425,32,D,YJ,BK,F
9:15:45,INDF,RG,6450,1,D,XA,YU,F
9:15:37,INDF,RG,6450,1,D,GR,YU,F
9:15:01,INDF,RG,6450,2,D,NI,YU,F
9:14:07,INDF,RG,6450,1,D,XC,YU,F
9:13:50,INDF,RG,6450,2,D,PD,YU,F
9:13:19,INDF,RG,6425,5,D,YJ,YU,F
9:13:18,INDF,RG,6425,23,D,YJ,CC,D
9:13:14,INDF,RG,6450,2,D,PD,YU,F
9:13:11,INDF,RG,6425,2,D,YJ,YU,F
9:13:10,INDF,RG,6450,1,D,PD,YU,F
9:13:10,INDF,RG,6450,9,D,PD,BK,F
9:13:05,INDF,RG,6450,1,D,PD,BK,F
9:12:55,INDF,RG,6450,1,D,PD,BK,F
9:12:16,INDF,RG,6450,1,D,YP,BK,F
9:12:11,INDF,RG,6425,9,D,YJ,YU,F
9:12:10,INDF,RG,6450,1,D,AZ,NI,D
9:12:10,INDF,RG,6450,49,D,AZ,YU,F
9:11:45,INDF,RG,6425,1,D,YJ,YU,F
9:11:43,INDF,RG,6425,3,D,YJ,PD,D
9:11:39,INDF,RG,6450,3,D,PD,YU,F
9:11:10,INDF,RG,6425,16,D,YJ,YU,F
9:11:10,INDF,RG,6425,2,D,NI,YU,F
9:11:08,INDF,RG,6450,5,D,YP,YU,F
9:11:08,INDF,RG,6450,8,D,YP,YU,F
9:11:08,INDF,RG,6450,34,D,YP,YU,F
9:11:08,INDF,RG,6450,53,D,YP,YU,F
9:11:07,INDF,RG,6425,2,D,NI,YU,F
9:11:07,INDF,RG,6425,2,D,CC,YU,F
9:11:06,INDF,RG,6450,25,D,SQ,YU,F
9:10:56,INDF,RG,6450,1,D,YP,YU,F
9:10:41,INDF,RG,6425,1,D,CC,PD,D
9:10:33,INDF,RG,6425,2,D,CC,YU,F
9:10:31,INDF,RG,6450,5,D,PD,YU,F
9:10:19,INDF,RG,6450,3,D,XC,YU,F
9:10:19,INDF,RG,6425,2,D,CC,YU,F
9:10:17,INDF,RG,6450,9,D,YP,YU,F
9:10:17,INDF,RG,6450,1,D,YP,XC,D
9:10:14,INDF,RG,6425,1,D,CC,NI,D
9:10:05,INDF,RG,6425,2,D,CC,YU,F
9:10:05,INDF,RG,6425,5,D,YP,YU,F
9:10:05,INDF,RG,6425,35,D,YP,YU,F
9:10:04,INDF,RG,6450,37,F,AK,YU,F
9:10:04,INDF,RG,6450,160,F,AK,AK,F
9:10:04,INDF,RG,6450,43,F,AK,BK,F
9:10:04,INDF,RG,6425,15,D,YP,YU,F
9:10:04,INDF,RG,6425,28,D,KK,YU,F
9:10:03,INDF,RG,6450,44,F,AK,BK,F
9:10:03,INDF,RG,6450,87,F,AK,YU,F
9:10:03,INDF,RG,6450,94,F,AK,BK,F
9:10:03,INDF,RG,6450,2,F,AK,HP,D
9:10:03,INDF,RG,6450,13,F,AK,BK,F
9:10:03,INDF,RG,6425,42,D,KK,YU,F
9:10:02,INDF,RG,6450,30,F,AK,AK,F
9:10:02,INDF,RG,6450,1,F,AK,NI,D
9:10:02,INDF,RG,6450,57,F,AK,BK,F
9:10:02,INDF,RG,6450,13,F,AK,YU,F
9:10:02,INDF,RG,6450,46,F,AK,YU,F
9:10:02,INDF,RG,6450,50,F,AK,AK,F
9:10:02,INDF,RG,6450,43,F,AK,AK,F
9:10:02,INDF,RG,6425,9,D,KK,YU,F
9:10:01,INDF,RG,6450,2,D,GR,AK,F
9:10:01,INDF,RG,6450,3,D,DR,AK,F
9:10:01,INDF,RG,6450,47,D,DR,AK,F
9:09:44,INDF,RG,6450,1,D,XC,AK,F
9:09:17,INDF,RG,6425,4,D,KK,YU,F
9:09:16,INDF,RG,6450,20,D,YP,AK,F
9:09:15,INDF,RG,6425,3,D,KK,YU,F
9:09:14,INDF,RG,6450,10,D,PD,AK,F
9:09:00,INDF,RG,6425,3,D,KK,HP,D
9:08:46,INDF,RG,6425,3,D,KK,YP,D
9:08:27,INDF,RG,6425,2,D,KK,YU,F
9:08:26,INDF,RG,6450,1,D,YU,AK,F
9:08:26,INDF,RG,6450,9,D,YU,AK,F
9:08:26,INDF,RG,6425,1,D,KK,XC,D
9:08:17,INDF,RG,6425,1,D,KK,EP,D
9:08:06,INDF,RG,6425,1,D,KK,YU,F
9:08:05,INDF,RG,6450,2,D,SQ,YU,F
9:08:05,INDF,RG,6450,1,D,LS,YU,F
9:08:04,INDF,RG,6425,2,D,KK,KK,D
9:07:56,INDF,RG,6425,1,D,KK,YU,F
9:07:56,INDF,RG,6425,3,D,EP,YU,F
9:07:55,INDF,RG,6450,3,D,GR,YU,F
9:07:55,INDF,RG,6450,1,D,GR,CC,D
9:07:55,INDF,RG,6450,21,D,GR,YU,F
9:07:46,INDF,RG,6450,1,D,XC,YU,F
9:07:38,INDF,RG,6450,1,D,CC,YU,F
9:07:17,INDF,RG,6425,17,D,EP,YU,F
9:07:17,INDF,RG,6425,8,D,YP,YU,F
9:07:17,INDF,RG,6425,13,D,SQ,YU,F
9:07:16,INDF,RG,6450,10,D,PD,YU,F
9:07:11,INDF,RG,6450,1,F,AK,NI,D
9:07:11,INDF,RG,6450,2,F,AK,CC,F
9:07:11,INDF,RG,6450,10,F,AK,XC,D
9:07:11,INDF,RG,6450,134,F,AK,YU,F
9:07:11,INDF,RG,6450,59,F,AK,YU,F
9:07:09,INDF,RG,6425,9,D,SQ,YU,F
9:07:08,INDF,RG,6450,50,D,LS,YU,F
9:06:59,INDF,RG,6425,4,D,SQ,YU,F
9:06:58,INDF,RG,6450,23,D,YP,YU,F
9:06:43,INDF,RG,6425,3,D,SQ,YU,F
9:06:42,INDF,RG,6450,7,D,YU,YU,F
9:06:42,INDF,RG,6450,3,D,YU,AK,F
9:06:40,INDF,RG,6450,3,D,LS,AK,F
9:06:35,INDF,RG,6425,7,D,SQ,YU,F
9:06:34,INDF,RG,6450,38,D,YB,AK,F
9:06:32,INDF,RG,6450,3,D,NI,AK,F
9:06:31,INDF,RG,6450,1,D,XC,AK,F
9:06:28,INDF,RG,6425,83,D,SQ,YU,F
9:06:27,INDF,RG,6450,106,F,BK,BK,F
9:06:27,INDF,RG,6450,2,F,BK,KZ,D
9:06:27,INDF,RG,6450,3,F,BK,KZ,D
9:06:27,INDF,RG,6450,1,F,BK,KZ,D
9:06:27,INDF,RG,6450,29,F,BK,RX,F
9:06:27,INDF,RG,6450,18,F,BK,BK,F
9:06:27,INDF,RG,6450,2,F,BK,KZ,D
9:06:27,INDF,RG,6450,40,F,BK,AK,F
9:06:27,INDF,RG,6450,122,F,BK,YU,F
9:06:27,INDF,RG,6450,262,F,BK,YU,F
9:06:27,INDF,RG,6450,574,D,AI,YU,F
9:06:27,INDF,RG,6450,131,D,AI,BK,F
9:06:27,INDF,RG,6450,23,D,AI,YU,F
9:06:27,INDF,RG,6450,9,D,AI,YU,F
9:06:27,INDF,RG,6450,50,D,AI,AK,F
9:06:27,INDF,RG,6450,64,D,AI,BK,F
9:06:27,INDF,RG,6450,32,D,AI,YU,F
9:06:27,INDF,RG,6450,20,D,AI,BK,F
9:06:27,INDF,RG,6450,95,D,AI,YU,F
9:06:27,INDF,RG,6450,2,D,AI,CC,F
9:06:19,INDF,RG,6425,31,D,SQ,CC,D
9:05:48,INDF,RG,6425,55,D,SQ,NI,D
9:05:21,INDF,RG,6425,13,D,SQ,YP,D
9:05:10,INDF,RG,6425,121,D,SQ,YU,F
9:05:09,INDF,RG,6425,8,D,SQ,YP,D
9:05:09,INDF,RG,6425,20,D,SQ,CC,D
9:05:09,INDF,RG,6425,116,D,SQ,YU,F
9:05:09,INDF,RG,6425,1,D,SQ,PD,D
9:05:08,INDF,RG,6425,16,D,SQ,AK,F
9:05:08,INDF,RG,6425,3,D,YP,AK,F
9:05:08,INDF,RG,6425,5,D,YP,AK,F
9:05:08,INDF,RG,6425,1,D,NI,AK,F
9:05:08,INDF,RG,6425,1,D,YP,AK,F
9:05:08,INDF,RG,6425,1,D,YP,AK,F
9:05:08,INDF,RG,6425,100,D,YP,AK,F
9:05:08,INDF,RG,6425,125,D,SQ,AK,F
9:05:08,INDF,RG,6425,1,D,KK,AK,F
9:05:08,INDF,RG,6425,6,D,XL,AK,F
9:05:08,INDF,RG,6425,8,D,PD,AK,F
9:05:08,INDF,RG,6425,3,D,PD,AK,F
9:05:08,INDF,RG,6425,25,D,CP,AK,F
9:05:08,INDF,RG,6425,10,D,DR,AK,F
9:05:08,INDF,RG,6475,22,F,YU,YU,F
9:05:08,INDF,RG,6475,15,F,YU,YU,F
9:05:08,INDF,RG,6475,57,F,YU,YU,F
9:05:08,INDF,RG,6475,71,F,YU,YU,F
9:05:08,INDF,RG,6475,47,F,YU,YU,F
9:05:08,INDF,RG,6450,10,F,YU,AZ,D
9:05:08,INDF,RG,6475,195,F,YU,YU,F
9:05:08,INDF,RG,6450,5,F,YU,YP,D
9:05:07,INDF,RG,6475,21,F,YU,YU,F
9:05:07,INDF,RG,6475,212,F,YU,BK,F
9:05:07,INDF,RG,6450,34,F,YU,YU,F
9:05:07,INDF,RG,6450,3,D,YP,YU,F
9:05:07,INDF,RG,6475,57,F,YU,YU,F
9:05:07,INDF,RG,6475,103,F,YU,YU,F
9:05:07,INDF,RG,6450,67,F,YU,YU,F
9:05:07,INDF,RG,6450,5,D,PD,YU,F
9:05:07,INDF,RG,6450,10,D,YP,YU,F
9:05:07,INDF,RG,6450,1,D,NI,YU,F
9:05:07,INDF,RG,6450,20,D,PD,YU,F
9:05:07,INDF,RG,6450,20,D,CC,YU,F
9:05:07,INDF,RG,6450,25,D,YP,YU,F
9:05:07,INDF,RG,6450,10,D,CC,YU,F
9:05:07,INDF,RG,6450,3,D,CC,YU,F
9:05:07,INDF,RG,6450,8,D,PD,YU,F
9:05:07,INDF,RG,6450,2,D,YP,YU,F
9:05:07,INDF,RG,6450,3,D,NI,YU,F
9:05:07,INDF,RG,6450,8,D,CC,YU,F
9:05:07,INDF,RG,6475,56,F,YU,YU,F
9:05:07,INDF,RG,6475,171,F,YU,YU,F
9:05:07,INDF,RG,6475,1,D,GR,YU,F
9:05:07,INDF,RG,6475,227,F,YU,YU,F
9:05:06,INDF,RG,6475,173,F,YU,AK,F
9:05:06,INDF,RG,6475,19,F,YU,KZ,D
9:05:06,INDF,RG,6475,8,F,YU,KZ,D
9:05:06,INDF,RG,6450,2,D,CC,YU,F
9:05:06,INDF,RG,6450,50,D,NI,YU,F
9:05:06,INDF,RG,6450,50,D,YP,YU,F
9:05:06,INDF,RG,6450,20,D,KK,YU,F
9:05:06,INDF,RG,6450,5,D,KK,YU,F
9:05:06,INDF,RG,6450,1,D,XC,YU,F
9:05:06,INDF,RG,6450,2,D,SQ,YU,F
9:05:06,INDF,RG,6450,5,D,PD,YU,F
9:05:06,INDF,RG,6450,2,D,OD,YU,F
9:05:06,INDF,RG,6450,1,D,YP,YU,F
9:05:06,INDF,RG,6450,2,D,YP,YU,F
9:05:06,INDF,RG,6450,2,D,KK,YU,F
9:05:06,INDF,RG,6450,1,D,KK,YU,F
9:05:06,INDF,RG,6450,10,D,GR,YU,F
9:05:06,INDF,RG,6450,58,D,SQ,YU,F
9:05:06,INDF,RG,6475,21,F,YU,KZ,D
9:05:06,INDF,RG,6475,7,F,YU,KZ,D
9:05:06,INDF,RG,6475,172,F,YU,KZ,D
9:05:06,INDF,RG,6475,200,F,YU,KZ,D
9:05:06,INDF,RG,6475,1,D,YP,KZ,D
9:05:06,INDF,RG,6475,200,F,YU,KZ,D
9:05:06,INDF,RG,6475,427,D,AI,KZ,D
9:05:03,INDF,RG,6475,14,D,AI,BK,F
9:05:03,INDF,RG,6475,20,D,AI,PD,D
9:05:02,INDF,RG,6475,39,D,AI,YU,F
9:05:02,INDF,RG,6475,39,D,OD,YU,F
9:05:02,INDF,RG,6475,1,D,YP,YU,F
9:05:02,INDF,RG,6475,10,D,CC,YU,F
9:05:02,INDF,RG,6475,5,D,AI,YU,F
9:05:01,INDF,RG,6475,1,D,AI,CP,D
9:05:01,INDF,RG,6475,11,D,AI,KZ,D
9:05:01,INDF,RG,6475,16,D,AI,KZ,D
9:05:01,INDF,RG,6475,5,D,AI,KZ,D
9:05:01,INDF,RG,6475,158,D,AI,KZ,D
9:05:01,INDF,RG,6475,3,D,AI,KZ,D
9:05:00,INDF,RG,6475,1,D,AI,AK,F
9:04:59,INDF,RG,6475,42,D,AI,YU,F
9:04:58,INDF,RG,6500,2,D,XC,KZ,D
9:04:57,INDF,RG,6475,80,D,AI,YU,F
9:04:55,INDF,RG,6475,124,D,AI,AK,F
9:04:55,INDF,RG,6475,12,D,AI,BK,F
9:04:48,INDF,RG,6475,18,D,AI,BK,F
9:04:41,INDF,RG,6475,7,D,AI,YU,F
9:04:40,INDF,RG,6500,1,D,XC,KZ,D
9:04:38,INDF,RG,6475,17,D,AI,BK,F
9:04:38,INDF,RG,6475,2,D,YB,BK,F
9:04:28,INDF,RG,6475,3,D,YB,BK,F
9:04:28,INDF,RG,6475,14,D,CC,BK,F
9:04:28,INDF,RG,6475,6,D,CC,YU,F
9:04:28,INDF,RG,6475,1,D,YP,YU,F
9:04:26,INDF,RG,6475,40,D,YP,YP,D
9:04:20,INDF,RG,6475,9,D,YP,BK,F
9:04:20,INDF,RG,6475,4,F,YU,BK,F
9:04:13,INDF,RG,6475,20,F,YU,BK,F
9:04:04,INDF,RG,6475,18,F,YU,BK,F
9:04:02,INDF,RG,6500,2,F,AK,KZ,D
9:04:02,INDF,RG,6500,13,D,XC,KZ,D
9:03:57,INDF,RG,6500,8,D,EP,KZ,D
9:03:55,INDF,RG,6475,19,F,YU,BK,F
9:02:56,INDF,RG,6500,95,D,AI,KZ,D
9:02:56,INDF,RG,6500,10,D,AI,KZ,D
9:02:56,INDF,RG,6500,333,D,AI,AK,F
9:02:56,INDF,RG,6500,110,D,AI,YU,F
9:02:56,INDF,RG,6500,2,D,AI,PD,D
9:02:56,INDF,RG,6500,94,D,AI,AK,F
9:02:56,INDF,RG,6500,54,D,AI,YU,F
9:02:56,INDF,RG,6500,302,D,AI,YU,F
9:02:08,INDF,RG,6500,3,D,YB,YU,F
9:01:56,INDF,RG,6475,18,F,YU,YU,F
9:01:56,INDF,RG,6475,102,F,YU,CC,D
9:01:27,INDF,RG,6475,18,F,YU,YU,F
9:01:26,INDF,RG,6475,1,F,YU,AK,F
9:01:26,INDF,RG,6475,1,D,YP,AK,F
9:01:26,INDF,RG,6475,2,D,KK,AK,F
9:01:26,INDF,RG,6475,95,F,YU,AK,F
9:01:24,INDF,RG,6475,63,F,YU,YU,F
9:01:23,INDF,RG,6500,303,D,AI,YU,F
9:01:23,INDF,RG,6500,169,D,AI,AK,F
9:01:23,INDF,RG,6500,22,D,AI,AK,F
9:01:23,INDF,RG,6500,6,D,AI,BK,F
9:01:06,INDF,RG,6500,3,D,PD,BK,F
9:00:59,INDF,RG,6475,42,F,YU,YU,F
9:00:59,INDF,RG,6475,1,D,LS,YU,F
9:00:58,INDF,RG,6475,49,D,LS,YU,F
9:00:58,INDF,RG,6475,18,F,YU,YU,F
9:00:57,INDF,RG,6475,103,F,YU,YU,F
9:00:56,INDF,RG,6475,36,F,YU,YU,F
9:00:55,INDF,RG,6475,43,F,YU,YU,F
9:00:55,INDF,RG,6475,36,F,YU,YU,F
9:00:54,INDF,RG,6500,12,D,AI,BK,F
9:00:54,INDF,RG,6500,29,D,AI,YU,F
9:00:54,INDF,RG,6500,7,D,AI,KZ,D
9:00:54,INDF,RG,6500,10,D,AI,KZ,D
9:00:54,INDF,RG,6500,2,D,AI,KZ,D
9:00:54,INDF,RG,6500,3,D,AI,KZ,D
9:00:54,INDF,RG,6500,26,D,AI,BK,F
9:00:54,INDF,RG,6500,1,D,AI,AK,F
9:00:54,INDF,RG,6500,30,D,AI,YU,F
9:00:54,INDF,RG,6500,127,D,AI,AK,F
9:00:54,INDF,RG,6500,23,D,AI,YU,F
9:00:54,INDF,RG,6500,7,D,AI,CP,D
9:00:54,INDF,RG,6500,108,D,AI,YU,F
9:00:54,INDF,RG,6500,13,D,AI,BK,F
9:00:54,INDF,RG,6500,4,D,AI,YU,F
9:00:54,INDF,RG,6500,24,D,AI,KZ,D
9:00:54,INDF,RG,6500,11,D,AI,YU,F
9:00:54,INDF,RG,6500,60,D,AI,YP,D
9:00:54,INDF,RG,6500,1,D,AI,DH,D
9:00:54,INDF,RG,6500,2,D,AI,YJ,D
9:00:54,INDF,RG,6475,84,F,YU,AK,F
9:00:54,INDF,RG,6475,52,F,YU,YU,F
9:00:54,INDF,RG,6475,28,F,YU,YU,F
9:00:54,INDF,RG,6450,26,D,SQ,YU,F
9:00:54,INDF,RG,6475,6,F,BK,YU,F
9:00:54,INDF,RG,6475,73,F,YU,YU,F
9:00:53,INDF,RG,6475,10,F,YU,YU,F
9:00:53,INDF,RG,6475,117,F,YU,YU,F
9:00:53,INDF,RG,6475,43,F,YU,YU,F
9:00:52,INDF,RG,6475,104,F,YU,YU,F
9:00:52,INDF,RG,6475,1,F,YU,YB,D
9:00:52,INDF,RG,6475,52,F,YU,YU,F
9:00:51,INDF,RG,6450,41,D,SQ,AK,F
9:00:51,INDF,RG,6450,1,D,PD,AK,F
9:00:51,INDF,RG,6450,5,D,PD,AK,F
9:00:51,INDF,RG,6450,10,D,DR,AK,F
9:00:51,INDF,RG,6450,2,D,HP,AK,F
9:00:51,INDF,RG,6475,5,F,YU,AK,F
9:00:51,INDF,RG,6475,30,F,YU,YU,F
9:00:51,INDF,RG,6475,41,F,YU,AK,F
9:00:51,INDF,RG,6475,124,F,YU,KZ,D
9:00:51,INDF,RG,6475,200,F,YU,KZ,D
9:00:51,INDF,RG,6475,52,F,YU,KZ,D
9:00:51,INDF,RG,6475,109,F,YU,YU,F
9:00:50,INDF,RG,6475,78,F,YU,YU,F
9:00:50,INDF,RG,6475,96,F,YU,AK,F
9:00:50,INDF,RG,6475,77,F,YU,YU,F
9:00:50,INDF,RG,6475,20,F,YU,AK,F
9:00:49,INDF,RG,6475,148,F,YU,AK,F
9:00:49,INDF,RG,6475,9,F,YU,YU,F
9:00:49,INDF,RG,6475,43,F,YU,YU,F
9:00:49,INDF,RG,6475,232,F,YU,KZ,F
9:00:49,INDF,RG,6475,10,D,CC,KZ,F
9:00:49,INDF,RG,6475,35,D,YP,KZ,F
9:00:49,INDF,RG,6475,25,D,SQ,KZ,F
9:00:49,INDF,RG,6475,50,D,YP,KZ,F
9:00:49,INDF,RG,6475,2,D,XC,KZ,F
9:00:49,INDF,RG,6475,2,D,NI,KZ,F
9:00:49,INDF,RG,6475,30,D,SQ,KZ,F
9:00:49,INDF,RG,6475,19,D,XC,KZ,F
9:00:49,INDF,RG,6475,200,F,YU,KZ,F
9:00:49,INDF,RG,6475,6,D,GR,KZ,F
9:00:26,INDF,RG,6475,4,D,GR,PD,D
9:00:26,INDF,RG,6475,2,D,CC,PD,D
9:00:26,INDF,RG,6475,1,D,YP,PD,D
9:00:26,INDF,RG,6475,3,D,YP,PD,D
9:00:14,INDF,RG,6475,2,D,YP,PD,D
9:00:14,INDF,RG,6475,1,D,YP,PD,D
9:00:14,INDF,RG,6475,2,D,YP,PD,D
8:55:00,INDF,RG,6475,1,F,YU,XL,D
8:55:00,INDF,RG,6475,165,F,YU,YU,F
8:55:00,INDF,RG,6475,40,F,KK,YU,F
8:55:00,INDF,RG,6475,1,D,CC,YU,F
8:55:00,INDF,RG,6475,15,D,SQ,YU,F
8:55:00,INDF,RG,6475,5,D,SQ,YU,F
8:55:00,INDF,RG,6475,10,D,SQ,YU,F
8:55:00,INDF,RG,6475,5,D,DH,YU,F
8:55:00,INDF,RG,6475,8,D,CC,YU,F
8:55:00,INDF,RG,6475,2,D,PD,YU,F
8:55:00,INDF,RG,6475,2,D,XC,YU,F
8:55:00,INDF,RG,6475,3,D,PD,YU,F
8:55:00,INDF,RG,6475,2,D,PD,YU,F
8:55:00,INDF,RG,6475,6,D,PD,YU,F
8:55:00,INDF,RG,6475,6,D,PD,YU,F
8:55:00,INDF,RG,6475,4,D,XC,YU,F
8:55:00,INDF,RG,6475,1,D,XC,YU,F
8:55:00,INDF,RG,6475,5,D,XC,YU,F
8:55:00,INDF,RG,6475,2,D,XC,YU,F
8:55:00,INDF,RG,6475,1,D,XC,YU,F
8:55:00,INDF,RG,6475,1,D,DH,YU,F
8:55:00,INDF,RG,6475,11,D,YU,YU,F
8:55:00,INDF,RG,6475,72,D,YU,AK,F
8:55:00,INDF,RG,6475,2,D,YU,RX,F
8:55:00,INDF,RG,6475,15,D,YU,KZ,F
8:55:00,INDF,RG,6475,39,D,CC,KZ,F
8:55:00,INDF,RG,6475,11,D,CC,BK,F