Time,Stock,Brd,Price,Qty,BT,BC,SC,ST
15:13:45,INDF,RG,6450,1,F,AK,YP,D
15:11:26,INDF,RG,6450,15,F,AK,NI,D
15:10:56,INDF,RG,6450,1,F,AK,LG,D
15:05:53,INDF,RG,6450,8,F,AK,CC,D
15:05:49,INDF,RG,6450,150,F,AK,CP,D
15:05:40,INDF,RG,6450,1,F,AK,AT,D
15:05:31,INDF,RG,6450,10,F,AK,YP,D
15:05:05,INDF,RG,6450,15,F,AK,AO,D
15:05:05,INDF,RG,6450,1,F,AK,AZ,D
15:05:05,INDF,RG,6450,10,F,AK,CC,D
15:05:05,INDF,RG,6450,1,F,AK,GR,D
15:05:05,INDF,RG,6450,1,F,AK,GR,D
15:05:05,INDF,RG,6450,456,F,AK,CS,F
15:05:05,INDF,RG,6450,708,F,AK,CS,F
15:05:04,INDF,RG,6450,10,D,CC,CS,F
15:05:02,INDF,RG,6450,1,F,YP,CS,F
15:05:02,INDF,RG,6450,16,D,YP,CS,F
15:05:02,INDF,RG,6450,134,D,YP,CS,F
15:05:01,INDF,RG,6450,5,D,XC,CS,F
15:05:00,INDF,RG,6450,50,D,YU,CS,F
15:05:00,INDF,RG,6450,10,D,TP,CS,F
15:00:00,INDF,RG,6450,10,D,PD,CS,F
15:00:00,INDF,RG,6450,1,D,YP,CS,F
15:00:00,INDF,RG,6450,30,D,AT,CS,F
15:00:00,INDF,RG,6450,5,D,CC,CS,F
15:00:00,INDF,RG,6450,10,D,KK,CS,F
15:00:00,INDF,RG,6450,25,D,CC,CS,F
15:00:00,INDF,RG,6450,5,D,HP,CS,F
15:00:00,INDF,RG,6450,5,D,ZP,CS,F
15:00:00,INDF,RG,6450,445,F,AK,CS,F
15:00:00,INDF,RG,6450,50,F,AK,GR,D
15:00:00,INDF,RG,6450,20,F,AK,YP,D
15:00:00,INDF,RG,6450,6,F,AK,CC,D
15:00:00,INDF,RG,6450,2,F,AK,PD,D
15:00:00,INDF,RG,6450,1,F,AK,GR,D
15:00:00,INDF,RG,6450,11,F,AK,KK,D
15:00:00,INDF,RG,6450,1,F,AK,PD,D
15:00:00,INDF,RG,6450,20,F,AK,CC,D
15:00:00,INDF,RG,6450,6,F,AK,CC,D
15:00:00,INDF,RG,6450,8,F,AK,YP,D
15:00:00,INDF,RG,6450,8,F,AK,PD,D
15:00:00,INDF,RG,6450,206,F,AK,AG,D
15:00:00,INDF,RG,6450,50,F,AK,YP,D
15:00:00,INDF,RG,6450,1,F,AK,CC,D
15:00:00,INDF,RG,6450,25,F,AK,YP,D
15:00:00,INDF,RG,6450,1,F,AK,ZP,F
15:00:00,INDF,RG,6450,268,F,AK,ZP,F
15:00:00,INDF,RG,6450,364,F,AK,AK,F
15:00:00,INDF,RG,6450,1264,F,AK,BK,F
15:00:00,INDF,RG,6450,243,F,AK,CG,F
15:00:00,INDF,RG,6450,1,D,XC,CG,F
15:00:00,INDF,RG,6450,30,D,EP,CG,F
15:00:00,INDF,RG,6450,2,D,CC,CG,F
15:00:00,INDF,RG,6450,195,F,KZ,CG,F
15:00:00,INDF,RG,6450,585,F,KZ,AK,F
15:00:00,INDF,RG,6450,3,D,BK,AK,F
15:00:00,INDF,RG,6450,3,F,BK,AK,F
15:00:00,INDF,RG,6450,393,F,BK,AK,F
15:00:00,INDF,RG,6450,4,F,BK,AK,F
15:00:00,INDF,RG,6450,172,F,BK,AK,F
15:00:00,INDF,RG,6450,25,F,BK,AK,F
15:00:00,INDF,RG,6450,612,F,CS,AK,F
15:00:00,INDF,RG,6450,2867,F,ZP,AK,F
15:00:00,INDF,RG,6450,37,F,ZP,ZP,F
15:00:00,INDF,RG,6450,26,F,AK,ZP,F
15:00:00,INDF,RG,6450,12,F,AK,ZP,F
15:00:00,INDF,RG,6450,138,F,AK,YU,D
15:00:00,INDF,RG,6450,60,F,FS,YU,D
14:49:58,INDF,RG,6425,1,D,YU,AK,F
14:49:57,INDF,RG,6425,1,D,YU,ZP,F
14:49:55,INDF,RG,6450,1,D,YP,ZP,F
14:49:53,INDF,RG,6425,1,D,YU,ZP,F
14:49:52,INDF,RG,6425,5,D,YU,AK,F
14:49:51,INDF,RG,6425,1,D,YU,ZP,F
14:49:51,INDF,RG,6425,3,D,YU,ZP,F
14:49:51,INDF,RG,6425,8,D,YU,ZP,F
14:49:51,INDF,RG,6425,2,D,YU,ZP,F
14:49:45,INDF,RG,6425,4,D,YU,AK,F
14:49:44,INDF,RG,6425,1,D,YU,ZP,F
14:49:44,INDF,RG,6425,1,D,YU,ZP,F
14:49:44,INDF,RG,6425,8,D,YU,ZP,F
14:49:44,INDF,RG,6425,3,D,YP,ZP,F
14:49:42,INDF,RG,6425,1,D,YP,AK,F
14:49:41,INDF,RG,6425,1,D,YP,ZP,F
14:49:40,INDF,RG,6425,2,D,YP,ZP,F
14:49:34,INDF,RG,6425,4,D,YP,AK,F
14:49:34,INDF,RG,6425,2,D,YU,AK,F
14:49:33,INDF,RG,6425,18,D,YU,ZP,F
14:49:24,INDF,RG,6425,1,D,YU,AK,F
14:49:23,INDF,RG,6425,1,D,YU,CC,D
14:49:20,INDF,RG,6425,1,D,YU,ZP,F
14:49:17,INDF,RG,6425,1,D,YU,ZP,F
14:49:16,INDF,RG,6425,4,D,YU,AK,F
14:49:15,INDF,RG,6450,5,D,DR,ZP,F
14:49:15,INDF,RG,6450,5,D,DR,CC,D
14:49:13,INDF,RG,6425,2,D,YU,PD,D
14:49:12,INDF,RG,6425,1,D,YU,AK,F
14:49:10,INDF,RG,6425,1,D,DH,ZP,F
14:49:06,INDF,RG,6425,1,D,DH,DR,D
14:49:01,INDF,RG,6425,10,D,PD,AK,F
14:49:00,INDF,RG,6425,1,D,PD,AK,D
14:49:00,INDF,RG,6425,1,D,PD,AK,D
14:49:00,INDF,RG,6425,3,D,PD,AK,D
14:49:00,INDF,RG,6425,4,D,PD,AK,D
14:49:00,INDF,RG,6425,1,D,PD,AK,D
14:49:00,INDF,RG,6425,2,D,PD,AK,D
14:49:00,INDF,RG,6425,2,D,PD,AK,D
14:49:00,INDF,RG,6425,6,D,PD,AK,D
14:49:00,INDF,RG,6425,2,D,XC,AK,D
14:49:00,INDF,RG,6425,3,D,DR,AK,D
14:49:00,INDF,RG,6425,7,D,YP,AK,D
14:49:00,INDF,RG,6425,1,D,YP,AK,D
14:49:00,INDF,RG,6425,7,D,YP,AK,D
14:49:00,INDF,RG,6425,14,D,YP,AK,D
14:48:54,INDF,RG,6425,22,D,YP,AK,F
14:48:54,INDF,RG,6450,3,D,YP,AK,D
14:48:54,INDF,RG,6450,1,D,YP,ZP,F
14:48:54,INDF,RG,6450,3,D,YP,AK,D
14:48:54,INDF,RG,6450,18,D,YP,AK,F
14:48:53,INDF,RG,6425,13,D,YP,AK,F
14:48:52,INDF,RG,6425,40,D,YP,CG,F
14:48:51,INDF,RG,6425,1,D,YP,ZP,F
14:48:51,INDF,RG,6425,8,D,YP,AK,F
14:48:49,INDF,RG,6425,22,D,YP,ZP,F
14:48:44,INDF,RG,6425,13,D,YP,AK,F
14:48:43,INDF,RG,6425,34,D,YP,AK,D
14:48:43,INDF,RG,6425,3,D,YP,AK,D
14:48:43,INDF,RG,6425,1,D,YP,AK,D
14:48:43,INDF,RG,6425,5,D,YP,AK,F
14:48:43,INDF,RG,6425,1,D,YP,ZP,F
14:48:42,INDF,RG,6425,1,D,YP,ZP,F
14:48:42,INDF,RG,6425,2,D,YP,ZP,F
14:48:42,INDF,RG,6425,3,D,YP,ZP,F
14:48:41,INDF,RG,6425,11,D,YP,ZP,F
14:48:37,INDF,RG,6425,2,D,YP,AK,F
14:48:36,INDF,RG,6425,20,D,YP,AK,F
14:48:36,INDF,RG,6450,1,D,PD,CG,F
14:48:35,INDF,RG,6425,3,D,YP,ZP,F
14:48:35,INDF,RG,6425,54,D,YP,AK,D
14:48:35,INDF,RG,6425,4,D,YP,AK,D
14:48:35,INDF,RG,6425,3,D,YP,AK,D
14:48:35,INDF,RG,6425,6,D,YP,AK,F
14:48:34,INDF,RG,6425,17,D,YP,BK,F
14:48:33,INDF,RG,6425,61,D,YP,AK,F
14:48:32,INDF,RG,6425,121,D,YP,AK,D
14:48:32,INDF,RG,6425,1,D,PD,AK,D
14:48:32,INDF,RG,6425,1,D,YP,AK,D
14:48:32,INDF,RG,6425,1,D,PD,AK,D
14:48:32,INDF,RG,6425,1,D,XC,AK,D
14:48:32,INDF,RG,6425,5,D,PD,AK,D
14:48:32,INDF,RG,6425,1,D,PD,AK,D
14:48:32,INDF,RG,6425,15,D,YB,AK,D
14:48:32,INDF,RG,6425,2,D,YP,AK,D
14:48:32,INDF,RG,6425,1,D,CC,AK,D
14:48:32,INDF,RG,6425,10,D,DR,AK,D
14:48:32,INDF,RG,6425,4,D,PD,AK,D
14:48:32,INDF,RG,6425,6,D,PD,AK,D
14:48:32,INDF,RG,6425,1,D,PD,AK,D
14:48:32,INDF,RG,6425,1,D,PD,AK,D
14:48:32,INDF,RG,6425,1,D,GR,AK,D
14:48:32,INDF,RG,6425,1,D,GR,AK,F
14:48:31,INDF,RG,6425,13,D,KK,ZP,F
14:48:31,INDF,RG,6425,3,D,KK,BK,F
14:48:28,INDF,RG,6425,3,D,KK,AK,F
14:48:27,INDF,RG,6425,1,D,KK,AK,F
14:48:26,INDF,RG,6425,8,D,KK,BK,F
14:48:25,INDF,RG,6425,2,D,KK,ZP,F
14:48:24,INDF,RG,6425,2,D,KK,AK,F
14:48:23,INDF,RG,6425,11,D,KK,AK,F
14:48:22,INDF,RG,6425,8,D,KK,BK,F
14:48:21,INDF,RG,6425,33,D,KK,ZP,F
14:48:21,INDF,RG,6425,16,D,KK,AK,F
14:48:20,INDF,RG,6425,6,D,CP,AK,F
14:48:20,INDF,RG,6425,14,D,CP,AK,D
14:48:20,INDF,RG,6425,2,D,GR,AK,D
14:48:20,INDF,RG,6425,2,D,YP,AK,D
14:48:20,INDF,RG,6425,28,D,IH,AK,D
14:48:19,INDF,RG,6425,11,D,IH,AK,D
14:48:19,INDF,RG,6425,9,D,IH,AK,D
14:48:19,INDF,RG,6425,7,D,IH,AK,F
14:48:19,INDF,RG,6425,19,D,YJ,AK,F
14:48:18,INDF,RG,6450,34,D,PD,CG,F
14:48:18,INDF,RG,6450,1,D,PD,ZP,F
14:48:18,INDF,RG,6450,42,D,PD,BK,F
14:48:18,INDF,RG,6425,4,D,YJ,AK,F
14:48:17,INDF,RG,6425,2,D,YJ,BK,F
14:48:17,INDF,RG,6425,1,D,YP,BK,F
14:48:17,INDF,RG,6425,8,D,YJ,BK,F
14:48:16,INDF,RG,6425,5,D,YJ,AK,F
14:48:15,INDF,RG,6425,2,D,YJ,ZP,F
14:48:15,INDF,RG,6425,15,D,YJ,AK,D
14:48:14,INDF,RG,6425,9,D,YJ,AK,F
14:48:13,INDF,RG,6425,21,D,YJ,AK,D
14:48:13,INDF,RG,6425,6,D,YB,AK,D
14:48:13,INDF,RG,6425,4,D,YB,AK,F
14:48:11,INDF,RG,6425,12,D,PD,ZP,F
14:48:08,INDF,RG,6425,4,D,PD,AK,F
14:48:07,INDF,RG,6425,1,D,PD,AK,F
14:48:07,INDF,RG,6425,12,D,PD,BK,F
14:48:05,INDF,RG,6425,1,D,PD,ZP,F
14:48:05,INDF,RG,6425,30,D,PD,AK,F
14:48:04,INDF,RG,6450,8,D,KZ,BK,F
14:48:04,INDF,RG,6450,15,D,KZ,CG,F
14:48:04,INDF,RG,6450,12,D,KZ,CG,F
14:48:04,INDF,RG,6450,40,D,KZ,ZP,F
14:48:04,INDF,RG,6450,10,D,KZ,YP,D
14:48:04,INDF,RG,6450,5,D,KZ,YP,D
14:48:03,INDF,RG,6425,1,D,PD,AK,F
14:48:02,INDF,RG,6425,4,D,PD,AK,F
14:48:01,INDF,RG,6425,4,D,PD,ZP,F
14:48:01,INDF,RG,6425,11,D,PD,BK,F
14:48:01,INDF,RG,6425,2,D,PD,AK,F
14:48:00,INDF,RG,6425,7,D,PD,AK,D
14:48:00,INDF,RG,6425,7,D,PD,AK,F
14:47:59,INDF,RG,6425,4,D,PD,AK,D
14:47:59,INDF,RG,6425,1,D,KK,AK,D
14:47:59,INDF,RG,6425,10,D,YJ,AK,D
14:47:59,INDF,RG,6425,1,D,PD,AK,D
14:47:59,INDF,RG,6425,5,D,PD,AK,D
14:47:47,INDF,RG,6425,1,D,PD,AK,F
14:47:45,INDF,RG,6425,2,D,PD,ZP,F
14:47:43,INDF,RG,6425,1,D,PD,AK,F
14:47:43,INDF,RG,6425,12,D,YJ,AK,F
14:47:42,INDF,RG,6425,6,D,YJ,ZP,F
14:47:41,INDF,RG,6425,12,D,YJ,BK,F
14:47:41,INDF,RG,6425,5,D,YJ,ZP,F
14:47:41,INDF,RG,6425,15,D,CC,ZP,F
14:47:41,INDF,RG,6425,1,D,YJ,ZP,F
14:47:41,INDF,RG,6425,3,D,YJ,AK,F
14:47:40,INDF,RG,6425,4,D,YJ,AK,F
14:47:39,INDF,RG,6450,10,D,CS,YP,D
14:47:39,INDF,RG,6425,11,D,YJ,AK,D
14:47:38,INDF,RG,6425,5,D,YJ,AK,F
14:47:38,INDF,RG,6425,2,D,YJ,AK,F
14:47:37,INDF,RG,6425,16,D,YJ,ZP,F
14:47:36,INDF,RG,6450,7,D,CS,YP,D
14:47:36,INDF,RG,6425,5,D,YJ,AK,F
14:47:35,INDF,RG,6450,5,D,YP,YP,D
14:47:35,INDF,RG,6425,1,D,YJ,AK,F
14:47:34,INDF,RG,6450,10,D,CS,YP,D
14:47:33,INDF,RG,6450,3,F,AK,YP,D
14:47:33,INDF,RG,6450,1,F,AK,AK,F
14:47:31,INDF,RG,6450,2,F,AK,ZP,F
14:47:31,INDF,RG,6450,1,F,AK,AK,F
14:47:31,INDF,RG,6450,2,F,AK,AK,F
14:47:31,INDF,RG,6450,1,D,CS,AK,F
14:47:31,INDF,RG,6450,1,D,DR,AK,F
14:47:30,INDF,RG,6450,9,D,DR,AK,D
14:47:30,INDF,RG,6450,7,F,AK,AK,D
14:47:29,INDF,RG,6450,5,F,AK,AK,F
14:47:28,INDF,RG,6450,11,F,AK,BK,F
14:47:28,INDF,RG,6450,2,D,CS,BK,F
14:47:28,INDF,RG,6450,11,D,CS,AK,F
14:47:27,INDF,RG,6475,35,D,CS,ZP,F
14:47:27,INDF,RG,6450,1,D,CS,AK,F
14:47:25,INDF,RG,6450,2,D,CS,ZP,F
14:47:24,INDF,RG,6450,1,D,CS,AK,D
14:47:21,INDF,RG,6450,3,D,CS,AK,F
14:47:20,INDF,RG,6450,5,D,CS,AK,F
14:47:20,INDF,RG,6450,9,D,CS,AK,D
14:47:19,INDF,RG,6450,13,D,PD,BK,F
14:47:18,INDF,RG,6450,11,D,PD,AK,F
14:47:17,INDF,RG,6450,3,D,PD,AK,D
14:47:17,INDF,RG,6450,25,F,GR,AK,D
14:47:17,INDF,RG,6450,6,D,CS,AK,D
14:47:16,INDF,RG,6450,4,D,CS,AK,F
14:47:15,INDF,RG,6450,1,D,CS,ZP,F
14:47:15,INDF,RG,6450,10,D,CS,AK,D
14:47:08,INDF,RG,6450,2,D,CS,PD,D
14:47:08,INDF,RG,6450,1,D,CS,AK,F
14:47:08,INDF,RG,6450,1,D,CS,AK,F
14:47:07,INDF,RG,6450,5,D,CS,DR,D
14:47:06,INDF,RG,6450,1,D,CS,AK,F
14:47:06,INDF,RG,6450,6,D,CS,AK,F
14:47:05,INDF,RG,6450,1,D,CS,ZP,F
14:47:05,INDF,RG,6450,1,D,CS,BK,F
14:47:05,INDF,RG,6450,5,D,PD,BK,F
14:47:05,INDF,RG,6450,1,F,AK,BK,F
14:47:05,INDF,RG,6450,5,F,AK,BK,F
14:47:05,INDF,RG,6450,8,F,AK,AK,F
14:47:04,INDF,RG,6450,6,F,AK,CG,F
14:47:04,INDF,RG,6450,1,F,AK,AK,D
14:47:03,INDF,RG,6450,24,F,AK,CG,F
14:47:03,INDF,RG,6450,9,F,AK,AK,F
14:47:01,INDF,RG,6450,11,F,AK,ZP,F
14:47:01,INDF,RG,6450,13,D,CS,ZP,F
14:47:01,INDF,RG,6450,4,D,CS,ZP,F
14:46:57,INDF,RG,6450,1,D,CS,AK,F
14:46:55,INDF,RG,6450,2,D,CS,CC,D
14:46:55,INDF,RG,6450,1,D,CS,CC,D
14:46:55,INDF,RG,6450,1,D,CS,ZP,F
14:46:51,INDF,RG,6450,1,D,CS,AK,F
14:46:50,INDF,RG,6450,1,D,CS,YP,D
14:46:50,INDF,RG,6450,1,D,CS,AK,D
14:46:37,INDF,RG,6450,1,D,CS,AK,F
14:46:35,INDF,RG,6450,2,D,CS,ZP,F
14:46:30,INDF,RG,6450,4,D,CS,AK,F
14:46:29,INDF,RG,6450,1,D,CS,YP,D
14:46:29,INDF,RG,6450,1,D,CS,YP,D
14:46:28,INDF,RG,6450,3,D,CS,BK,F
14:46:28,INDF,RG,6450,7,D,CS,BK,F
14:46:28,INDF,RG,6450,2,D,CS,BK,F
14:46:28,INDF,RG,6450,6,D,CS,AK,F
14:46:28,INDF,RG,6450,5,D,YP,AK,F
14:46:28,INDF,RG,6450,3,D,CS,AK,F
14:46:27,INDF,RG,6450,1,D,CS,AK,F
14:46:27,INDF,RG,6450,6,D,CS,AK,F
14:46:26,INDF,RG,6450,34,D,CS,CG,F
14:46:26,INDF,RG,6450,7,D,CS,CG,F
14:46:26,INDF,RG,6450,12,D,CS,BK,F
14:46:26,INDF,RG,6450,8,D,CS,YP,D
14:46:26,INDF,RG,6450,2,D,CS,YP,D
14:46:26,INDF,RG,6450,4,D,CS,AK,F
14:46:24,INDF,RG,6450,11,D,CS,ZP,F
14:46:24,INDF,RG,6450,6,D,CS,AK,F
14:46:23,INDF,RG,6450,10,D,CS,BK,F
14:46:23,INDF,RG,6450,2,D,CS,BK,F
14:46:23,INDF,RG,6450,6,D,KZ,BK,F
14:46:23,INDF,RG,6450,5,D,KZ,AK,F
14:46:23,INDF,RG,6450,2,D,KZ,AK,F
14:46:23,INDF,RG,6450,7,D,CS,AK,F
14:46:21,INDF,RG,6450,3,D,CS,ZP,F
14:46:21,INDF,RG,6450,7,D,CS,ZP,F
14:46:21,INDF,RG,6450,3,D,CS,ZP,F
14:46:21,INDF,RG,6450,1,D,KZ,ZP,F
14:46:21,INDF,RG,6450,1,D,KZ,ZP,F
14:46:21,INDF,RG,6450,4,D,CS,ZP,F
14:46:21,INDF,RG,6450,3,F,BK,ZP,F
14:46:21,INDF,RG,6450,10,D,YP,ZP,F
14:46:21,INDF,RG,6450,1,D,CC,ZP,F
14:46:21,INDF,RG,6450,1,D,PD,ZP,F
14:46:21,INDF,RG,6450,8,F,AK,ZP,F
14:46:20,INDF,RG,6450,25,F,AK,AK,F
14:46:19,INDF,RG,6450,36,F,AK,BK,F
14:46:18,INDF,RG,6450,40,F,AK,YU,D
14:46:18,INDF,RG,6450,9,F,AK,AK,F
14:46:18,INDF,RG,6450,1,D,CC,AK,F
14:46:17,INDF,RG,6450,9,D,CC,AK,F
14:46:17,INDF,RG,6450,1,D,PD,AK,F
14:46:17,INDF,RG,6450,1,D,PD,AK,F
14:46:17,INDF,RG,6450,1,D,CS,AK,F
14:46:17,INDF,RG,6450,10,D,DR,AK,F
14:46:17,INDF,RG,6450,2,D,CC,AK,F
14:46:17,INDF,RG,6450,6,D,CS,AK,F
14:46:17,INDF,RG,6450,2,D,CS,AK,F
14:46:17,INDF,RG,6450,7,D,CC,AK,F
14:46:17,INDF,RG,6450,13,D,CS,AK,F
14:46:17,INDF,RG,6450,2,D,CC,AK,F
14:46:17,INDF,RG,6450,11,D,CS,AK,F
14:46:16,INDF,RG,6450,3,D,CS,ZP,F
14:46:16,INDF,RG,6450,7,D,CS,ZP,F
14:46:16,INDF,RG,6450,20,F,AK,ZP,F
14:46:16,INDF,RG,6450,12,F,AK,AK,F
14:46:15,INDF,RG,6475,53,F,YU,AK,F
14:46:15,INDF,RG,6450,126,F,AK,AK,F
14:46:15,INDF,RG,6450,15,D,CS,AK,F
14:46:15,INDF,RG,6450,4,D,CS,AK,D
14:46:15,INDF,RG,6450,3,D,CS,AK,D
14:46:15,INDF,RG,6450,1,D,PD,AK,D
14:46:15,INDF,RG,6450,27,D,CS,AK,D
14:46:15,INDF,RG,6450,4,F,YU,AK,F
14:46:14,INDF,RG,6450,12,F,YU,BK,F
14:46:10,INDF,RG,6450,5,F,YU,AK,F
14:46:08,INDF,RG,6450,10,F,YU,BK,F
14:46:08,INDF,RG,6450,5,D,CS,BK,F
14:46:06,INDF,RG,6450,2,D,CS,AK,F
14:46:04,INDF,RG,6450,3,D,CS,ZP,F
14:46:04,INDF,RG,6450,5,D,CS,ZP,F
14:46:04,INDF,RG,6450,2,D,CS,AK,F
14:46:04,INDF,RG,6450,13,F,YU,AK,F
14:46:03,INDF,RG,6450,14,F,YU,AK,F
14:46:02,INDF,RG,6450,44,F,YU,EP,D
14:46:02,INDF,RG,6475,43,D,CS,AK,F
14:45:31,INDF,RG,6450,9,F,YU,AK,F
14:45:29,INDF,RG,6450,25,F,YU,XC,D
14:45:25,INDF,RG,6450,3,F,YU,AK,F
14:45:25,INDF,RG,6450,2,F,YU,AK,F
14:45:24,INDF,RG,6450,2,F,YU,BK,F
14:45:24,INDF,RG,6450,1,D,CS,BK,F
14:45:24,INDF,RG,6450,6,D,PD,BK,F
14:45:24,INDF,RG,6450,2,D,CS,BK,F
14:45:24,INDF,RG,6450,6,D,CS,ZP,D
14:45:24,INDF,RG,6450,3,D,CS,AK,F
14:45:23,INDF,RG,6450,16,D,CS,AK,F
14:45:23,INDF,RG,6450,1,D,CS,AK,F
14:45:22,INDF,RG,6450,1,D,CS,ZP,F
14:45:22,INDF,RG,6450,8,D,CS,ZP,F
14:45:22,INDF,RG,6450,7,D,CS,ZP,F
14:45:22,INDF,RG,6450,8,D,CS,ZP,F
14:45:22,INDF,RG,6450,36,F,YU,ZP,F
14:45:11,INDF,RG,6450,5,F,YU,AK,F
14:45:09,INDF,RG,6450,13,F,YU,BK,F
14:45:09,INDF,RG,6450,6,F,YU,AK,F
14:45:08,INDF,RG,6450,7,F,YU,AK,F
14:45:07,INDF,RG,6450,19,F,YU,BK,F
14:45:07,INDF,RG,6450,26,F,YU,AK,F
14:45:07,INDF,RG,6450,12,D,CS,AK,F
14:45:06,INDF,RG,6450,19,D,CS,ZP,F
14:45:06,INDF,RG,6450,3,D,CS,ZP,F
14:45:06,INDF,RG,6450,3,D,CS,AK,F
14:45:05,INDF,RG,6475,53,D,CS,AK,F
14:45:05,INDF,RG,6475,60,D,CS,CG,F
14:45:04,INDF,RG,6450,9,D,CS,ZP,F
14:44:43,INDF,RG,6450,10,D,CS,AK,F
14:44:43,INDF,RG,6450,3,D,PD,AK,F
14:44:43,INDF,RG,6450,3,D,YP,AK,F
14:44:42,INDF,RG,6475,53,D,CS,CG,F
14:44:42,INDF,RG,6475,1,D,CS,OD,D
14:44:42,INDF,RG,6475,5,D,CS,PD,D
14:44:34,INDF,RG,6450,7,D,YP,CG,F
14:44:34,INDF,RG,6450,2,F,AK,CG,F
14:44:23,INDF,RG,6475,3,F,BK,PD,D
14:44:23,INDF,RG,6475,1,F,BK,AK,D
14:44:14,INDF,RG,6450,10,F,AK,CG,F
14:44:12,INDF,RG,6450,29,F,AK,ZP,F
14:44:12,INDF,RG,6450,21,F,AK,ZP,F
14:44:12,INDF,RG,6450,5,D,PD,ZP,F
14:44:12,INDF,RG,6450,31,D,CS,ZP,F
14:43:59,INDF,RG,6450,2,D,CS,CG,F
14:43:59,INDF,RG,6450,9,D,CS,CG,F
14:43:54,INDF,RG,6450,12,D,CS,ZP,F
14:43:39,INDF,RG,6475,10,D,KZ,AK,D
14:43:39,INDF,RG,6475,1,D,KZ,AK,D
14:43:37,INDF,RG,6450,3,D,CS,CG,F
14:43:37,INDF,RG,6450,9,D,CS,CG,F
14:43:33,INDF,RG,6475,5,D,CS,AK,D
14:43:33,INDF,RG,6475,2,D,CS,AK,D
14:43:33,INDF,RG,6475,77,D,CS,AK,F
14:43:33,INDF,RG,6475,23,D,CS,AK,D
14:43:33,INDF,RG,6475,3,D,CS,AK,D
14:43:33,INDF,RG,6475,20,D,CS,CC,D
14:43:33,INDF,RG,6475,8,D,CS,CC,D
14:43:33,INDF,RG,6475,1,D,CS,CC,D
14:43:33,INDF,RG,6475,3,D,CS,LG,D
14:43:24,INDF,RG,6450,1,D,CS,ZP,F
14:43:20,INDF,RG,6450,1,D,NI,AK,F
14:43:20,INDF,RG,6450,4,D,CS,AK,F
14:43:19,INDF,RG,6450,6,D,CS,CG,F
14:43:19,INDF,RG,6450,5,D,AI,CG,F
14:43:19,INDF,RG,6450,2,D,CS,CG,F
14:43:13,INDF,RG,6450,1,D,CS,XC,D
14:43:04,INDF,RG,6450,1,D,CS,AK,F
14:43:04,INDF,RG,6450,2,D,CS,ZP,F
14:43:01,INDF,RG,6450,3,D,CS,AK,F
14:43:00,INDF,RG,6450,10,D,CS,CG,F
14:42:57,INDF,RG,6450,4,D,CS,AK,F
14:42:56,INDF,RG,6450,1,D,PD,CC,D
14:42:56,INDF,RG,6450,2,D,PD,CC,D
14:42:56,INDF,RG,6450,9,D,PD,CC,D
14:42:54,INDF,RG,6450,1,D,PD,AK,F
14:42:54,INDF,RG,6450,4,D,PD,ZP,F
14:42:52,INDF,RG,6450,1,D,PD,AK,F
14:42:52,INDF,RG,6450,25,D,YP,AK,F
14:42:52,INDF,RG,6450,75,D,YP,ZP,F
14:42:52,INDF,RG,6450,1,D,KZ,ZP,F
14:42:34,INDF,RG,6450,2,D,KZ,ZP,F
14:42:30,INDF,RG,6450,20,D,KZ,AK,F
14:42:29,INDF,RG,6475,22,D,CS,LG,D
14:42:29,INDF,RG,6475,2,D,CS,YP,D
14:42:29,INDF,RG,6475,15,D,CS,CC,D
14:42:29,INDF,RG,6475,5,D,CS,YP,D
14:42:29,INDF,RG,6475,3,D,CS,ZP,F
14:42:29,INDF,RG,6475,5,D,CS,KK,D
14:42:29,INDF,RG,6475,7,D,CS,YP,D
14:42:26,INDF,RG,6450,5,D,KZ,AK,F
14:42:25,INDF,RG,6450,15,D,KZ,AI,D
14:42:04,INDF,RG,6450,1,D,KZ,ZP,F
14:42:00,INDF,RG,6450,5,D,KZ,AK,F
14:41:59,INDF,RG,6450,15,D,KZ,CC,D
14:41:54,INDF,RG,6450,1,D,KZ,AK,F
14:41:53,INDF,RG,6450,3,D,KZ,ZP,F
14:41:51,INDF,RG,6450,1,D,KZ,AK,F
14:41:50,INDF,RG,6450,63,D,KZ,AK,F
14:41:50,INDF,RG,6450,7,D,KZ,AK,F
14:41:50,INDF,RG,6450,1,D,YP,AK,F
14:41:50,INDF,RG,6450,10,D,PD,AK,F
14:41:50,INDF,RG,6450,1,D,PD,AK,F
14:41:50,INDF,RG,6450,5,D,PD,AK,F
14:41:50,INDF,RG,6450,2,D,YP,AK,F
14:41:50,INDF,RG,6450,2,D,YP,PD,D
14:41:49,INDF,RG,6475,3,D,KZ,YP,D
14:41:49,INDF,RG,6475,10,D,KZ,GR,D
14:41:49,INDF,RG,6475,25,D,KZ,CG,F
14:41:49,INDF,RG,6475,25,D,KZ,ZP,F
14:41:49,INDF,RG,6475,4,D,KZ,ZP,F
14:41:49,INDF,RG,6475,5,D,KZ,CG,F
14:41:49,INDF,RG,6475,4,D,KZ,DH,D
14:41:49,INDF,RG,6475,8,D,KZ,CG,F
14:41:49,INDF,RG,6475,10,D,KZ,ZP,F
14:41:49,INDF,RG,6475,6,D,KZ,CG,F
14:41:49,INDF,RG,6475,154,D,KZ,AK,F
14:41:49,INDF,RG,6475,13,D,KZ,AK,F
14:41:44,INDF,RG,6450,1,D,YP,AK,F
14:41:43,INDF,RG,6450,3,D,CC,ZP,F
14:41:39,INDF,RG,6450,4,D,CC,AK,F
14:41:38,INDF,RG,6450,13,D,CC,CG,F
14:41:33,INDF,RG,6450,5,D,CC,AK,F
14:41:33,INDF,RG,6450,26,D,CS,AK,F
14:41:33,INDF,RG,6450,6,D,KZ,AK,F
14:41:33,INDF,RG,6450,4,D,KZ,AK,F
14:41:32,INDF,RG,6475,14,D,CS,AK,F
14:41:32,INDF,RG,6475,1,D,CS,CC,D
14:41:32,INDF,RG,6475,108,D,CS,BK,F
14:41:21,INDF,RG,6450,4,D,KZ,AK,F
14:41:20,INDF,RG,6450,12,D,KZ,CG,F
14:41:14,INDF,RG,6450,1,D,KZ,AK,F
14:41:13,INDF,RG,6450,1,D,KZ,ZP,F
14:41:05,INDF,RG,6450,3,D,KZ,AK,F
14:41:04,INDF,RG,6450,11,D,KZ,CG,F
14:40:54,INDF,RG,6450,2,D,KZ,AK,F
14:40:53,INDF,RG,6450,6,D,KZ,ZP,F
14:40:52,INDF,RG,6450,29,D,KZ,AK,F
14:40:51,INDF,RG,6450,36,D,KZ,ZP,F
14:40:51,INDF,RG,6450,10,D,CS,ZP,F
14:40:51,INDF,RG,6450,10,D,CS,ZP,F
14:40:51,INDF,RG,6450,17,D,CS,ZP,F
14:40:51,INDF,RG,6450,12,D,CS,ZP,F
14:40:51,INDF,RG,6450,1,D,CS,ZP,F
14:40:45,INDF,RG,6450,4,D,CS,AK,F
14:40:44,INDF,RG,6450,12,D,CS,CG,F
14:40:43,INDF,RG,6450,1,D,CS,ZP,F
14:40:42,INDF,RG,6450,2,D,CS,AK,F
14:40:41,INDF,RG,6450,5,D,CS,ZP,F
14:40:41,INDF,RG,6450,3,D,CS,AK,F
14:40:40,INDF,RG,6475,9,F,AK,BK,F
14:40:37,INDF,RG,6450,1,D,CS,AK,F
14:40:37,INDF,RG,6450,19,D,CS,AK,F
14:40:37,INDF,RG,6450,5,D,CS,AK,F
14:40:36,INDF,RG,6475,74,D,CS,BK,F
14:40:33,INDF,RG,6450,1,D,CS,ZP,F
14:40:32,INDF,RG,6450,1,D,CS,AK,F
14:40:31,INDF,RG,6450,2,D,CS,ZP,F
14:40:31,INDF,RG,6450,3,D,CS,AK,F
14:40:29,INDF,RG,6450,9,D,CS,CG,F
14:40:21,INDF,RG,6450,1,D,CS,ZP,F
14:40:13,INDF,RG,6450,1,F,YU,ZP,F
14:40:12,INDF,RG,6450,1,F,YU,AK,F
14:40:11,INDF,RG,6450,2,F,YU,ZP,F
14:40:10,INDF,RG,6450,3,F,YU,AK,F
14:40:08,INDF,RG,6450,9,F,YU,CG,F
14:40:01,INDF,RG,6450,1,F,YU,ZP,F
14:39:52,INDF,RG,6450,1,F,YU,AK,F
14:39:51,INDF,RG,6450,2,F,YU,ZP,F
14:39:51,INDF,RG,6450,3,F,YU,AK,F
14:39:49,INDF,RG,6450,9,F,YU,CG,F
14:39:41,INDF,RG,6450,1,F,YU,ZP,F
14:39:34,INDF,RG,6450,1,F,YU,AK,F
14:39:33,INDF,RG,6450,1,F,YU,ZP,F
14:39:31,INDF,RG,6450,1,F,YU,ZP,F
14:39:31,INDF,RG,6450,2,F,YU,AK,F
14:39:29,INDF,RG,6450,6,F,YU,CG,F
14:39:12,INDF,RG,6450,1,F,YU,AK,F
14:39:11,INDF,RG,6450,2,F,YU,ZP,F
14:39:11,INDF,RG,6450,2,F,YU,AK,F
14:39:09,INDF,RG,6450,8,F,YU,CG,F
14:38:54,INDF,RG,6450,1,F,YU,AK,F
14:38:53,INDF,RG,6450,1,F,YU,ZP,F
14:38:52,INDF,RG,6450,1,F,YU,AK,F
14:38:51,INDF,RG,6450,3,F,YU,ZP,F
14:38:50,INDF,RG,6450,3,F,YU,AK,F
14:38:49,INDF,RG,6450,10,F,YU,CC,D
14:38:42,INDF,RG,6450,1,F,YU,AK,F
14:38:41,INDF,RG,6450,2,F,YU,ZP,F
14:38:33,INDF,RG,6450,2,F,YU,ZP,F
14:38:32,INDF,RG,6450,11,F,YU,AK,F
14:38:31,INDF,RG,6450,20,F,YU,ZP,F
14:38:31,INDF,RG,6450,12,F,YU,ZP,F
14:38:24,INDF,RG,6450,2,F,YU,AK,F
14:38:23,INDF,RG,6450,5,F,YU,ZP,F
14:38:23,INDF,RG,6450,43,F,YU,AK,F
14:38:22,INDF,RG,6450,50,F,YU,AK,D
14:38:22,INDF,RG,6450,1,D,CS,AK,D
14:38:22,INDF,RG,6450,1,D,CS,AK,D
14:38:22,INDF,RG,6450,10,D,CS,AK,D
14:38:22,INDF,RG,6450,7,D,CS,AK,D
14:38:22,INDF,RG,6450,17,D,CS,AK,D
14:38:22,INDF,RG,6450,31,D,CS,AK,D
14:38:22,INDF,RG,6450,12,D,CS,AK,D
14:38:22,INDF,RG,6450,1,D,CS,AK,F
14:38:21,INDF,RG,6450,3,D,CS,ZP,F
14:38:13,INDF,RG,6450,1,D,CS,ZP,F
14:38:12,INDF,RG,6450,2,D,CS,AK,F
14:38:11,INDF,RG,6450,6,D,CS,ZP,F
14:38:11,INDF,RG,6450,8,D,CS,AK,F
14:38:10,INDF,RG,6450,10,D,CP,PD,D
14:38:10,INDF,RG,6450,15,D,CS,PD,D
14:38:04,INDF,RG,6450,1,D,CS,AK,F
14:38:02,INDF,RG,6450,2,D,CS,SQ,D
14:38:02,INDF,RG,6450,2,D,CS,AK,F
14:38:01,INDF,RG,6450,7,D,CS,ZP,F
14:37:54,INDF,RG,6450,1,D,CS,AK,F
14:37:53,INDF,RG,6450,2,D,CS,ZP,F
14:37:51,INDF,RG,6450,1,D,CS,ZP,F
14:37:51,INDF,RG,6450,4,D,CS,AK,F
14:37:51,INDF,RG,6450,35,F,YU,AK,F
14:37:49,INDF,RG,6475,116,D,CS,BK,F
14:37:42,INDF,RG,6450,1,F,YU,AK,F
14:37:41,INDF,RG,6450,2,F,YU,ZP,F
14:37:40,INDF,RG,6450,3,F,YU,AK,F
14:37:38,INDF,RG,6450,10,F,YU,YP,D
14:37:21,INDF,RG,6450,1,F,YU,ZP,F
14:37:14,INDF,RG,6450,1,F,YU,AK,F
14:37:13,INDF,RG,6450,1,F,YU,ZP,F
14:37:11,INDF,RG,6450,2,F,YU,ZP,F
14:37:03,INDF,RG,6450,18,F,YU,AK,F
14:37:02,INDF,RG,6450,3,F,YU,AK,F
14:37:02,INDF,RG,6475,53,D,CS,BK,F
14:37:01,INDF,RG,6450,8,F,YU,ZP,F
14:36:53,INDF,RG,6450,2,F,YU,ZP,F
14:36:53,INDF,RG,6450,21,F,YU,AK,F
14:36:52,INDF,RG,6450,4,F,YU,SQ,D
14:36:52,INDF,RG,6450,25,D,YP,SQ,D
14:36:52,INDF,RG,6450,1,D,XC,SQ,D
14:36:52,INDF,RG,6450,16,D,CS,SQ,D
14:36:52,INDF,RG,6450,1,D,YP,SQ,D
14:36:52,INDF,RG,6450,6,D,CS,SQ,D
14:36:52,INDF,RG,6450,10,D,DR,SQ,D
14:36:45,INDF,RG,6450,3,D,CS,AK,F
14:36:44,INDF,RG,6475,8,F,BK,BK,F
14:36:41,INDF,RG,6450,1,D,CS,ZP,F
14:36:14,INDF,RG,6450,1,D,CS,AK,F
14:36:13,INDF,RG,6450,1,D,CS,ZP,F
14:36:11,INDF,RG,6450,1,D,CS,ZP,F
14:36:08,INDF,RG,6450,3,D,CS,AK,F
14:36:06,INDF,RG,6450,10,D,CS,KK,D
14:35:52,INDF,RG,6450,1,D,CS,AK,F
14:35:51,INDF,RG,6450,1,D,CS,ZP,F
14:35:43,INDF,RG,6450,1,D,CS,ZP,F
14:35:42,INDF,RG,6450,3,D,CS,AK,F
14:35:41,INDF,RG,6450,7,D,CS,ZP,F
14:35:41,INDF,RG,6450,1,D,YP,ZP,F
14:35:41,INDF,RG,6450,2,D,CS,ZP,F
14:35:39,INDF,RG,6450,1,D,CS,AK,F
14:35:39,INDF,RG,6450,1,D,PD,AK,F
14:35:39,INDF,RG,6450,9,D,CS,AK,F
14:35:39,INDF,RG,6450,17,D,CS,AK,F
14:35:38,INDF,RG,6450,1,D,CS,SQ,D
14:35:38,INDF,RG,6450,4,D,CS,SQ,D
14:35:38,INDF,RG,6450,78,F,YU,SQ,D
14:35:33,INDF,RG,6450,1,F,YU,ZP,F
14:35:31,INDF,RG,6450,2,F,YU,AK,F
14:35:30,INDF,RG,6450,4,F,YU,XC,D
14:35:12,INDF,RG,6450,1,F,YU,AK,F
14:35:11,INDF,RG,6450,4,F,YU,ZP,F
14:35:05,INDF,RG,6450,22,F,YU,AK,F
14:35:05,INDF,RG,6450,1,D,CS,AK,F
14:35:05,INDF,RG,6450,17,F,AK,AK,F
14:35:03,INDF,RG,6475,119,D,CS,BK,F
14:35:03,INDF,RG,6450,1,F,AK,ZP,F
14:35:02,INDF,RG,6450,1,F,AK,AK,F
14:35:01,INDF,RG,6450,2,F,AK,ZP,F
14:35:00,INDF,RG,6450,18,F,AK,AK,F
14:34:58,INDF,RG,6475,6,D,CS,BK,F
14:34:58,INDF,RG,6475,4,D,CS,CG,F
14:34:58,INDF,RG,6475,10,D,CS,YP,D
14:34:58,INDF,RG,6475,36,D,CS,ZP,F
14:33:54,INDF,RG,6450,3,F,AK,AK,F
14:33:54,INDF,RG,6475,8,D,KZ,ZP,F
14:33:51,INDF,RG,6450,2,F,AK,AK,F
14:33:50,INDF,RG,6450,5,F,AK,ZP,F
14:33:49,INDF,RG,6450,50,F,AK,AK,F
14:33:49,INDF,RG,6475,79,D,KZ,ZP,F
14:33:49,INDF,RG,6475,2,D,KZ,CC,D
14:33:49,INDF,RG,6475,17,D,KZ,CG,F
14:33:49,INDF,RG,6475,50,D,KZ,BK,F
14:33:49,INDF,RG,6475,3,D,KZ,ZP,F
14:33:43,INDF,RG,6450,1,F,AK,ZP,F
14:33:41,INDF,RG,6450,1,F,AK,AK,F
14:33:40,INDF,RG,6450,1,F,AK,ZP,F
14:33:37,INDF,RG,6450,3,F,AK,AK,F
14:33:36,INDF,RG,6450,10,F,AK,PD,D
14:33:00,INDF,RG,6450,1,F,AK,ZP,F
14:32:57,INDF,RG,6450,1,F,AK,AK,F
14:32:57,INDF,RG,6450,1,F,AK,NI,D
14:32:53,INDF,RG,6450,2,F,AK,ZP,F
14:32:51,INDF,RG,6450,4,F,AK,AK,F
14:32:50,INDF,RG,6450,10,F,AK,ZP,F
14:32:45,INDF,RG,6450,14,F,AK,AK,F
14:32:44,INDF,RG,6450,94,F,AK,AK,F
14:32:44,INDF,RG,6450,1,D,NI,AK,F
14:32:44,INDF,RG,6450,1,D,CC,AK,F
14:32:44,INDF,RG,6475,15,D,CS,AK,F
14:32:44,INDF,RG,6475,28,D,CS,BK,F
14:32:43,INDF,RG,6475,17,F,AK,BK,F
14:32:43,INDF,RG,6475,133,F,AK,CG,F
14:32:43,INDF,RG,6475,10,F,AK,ZP,F
14:32:43,INDF,RG,6475,3,F,AK,XC,D
14:32:43,INDF,RG,6475,5,F,AK,GR,D
14:32:43,INDF,RG,6475,1,F,AK,GR,D
14:32:43,INDF,RG,6475,20,F,AK,KK,D
14:32:43,INDF,RG,6475,1,F,AK,XC,D
14:32:43,INDF,RG,6475,157,F,AK,AK,F
14:32:43,INDF,RG,6450,1,D,CC,AK,F
14:32:43,INDF,RG,6450,1,D,YP,AK,F
14:32:43,INDF,RG,6450,10,D,PD,AK,F
14:32:42,INDF,RG,6475,17,D,CS,AK,F
14:32:42,INDF,RG,6475,16,D,CS,YP,D
14:32:42,INDF,RG,6475,1,D,CS,YP,D
14:32:42,INDF,RG,6475,2,D,CS,PD,D
14:32:40,INDF,RG,6450,2,D,PD,AK,F
14:32:40,INDF,RG,6450,1,D,PD,ZP,F
14:32:39,INDF,RG,6450,7,D,PD,CG,F
14:32:21,INDF,RG,6450,1,D,PD,AK,F
14:32:20,INDF,RG,6450,2,D,PD,AK,F
14:32:20,INDF,RG,6450,1,D,PD,ZP,F
14:32:19,INDF,RG,6450,7,D,PD,CG,F
14:32:10,INDF,RG,6450,1,D,PD,ZP,F
14:32:04,INDF,RG,6450,1,D,PD,AK,F
14:32:03,INDF,RG,6450,1,D,PD,ZP,F
14:32:02,INDF,RG,6450,2,D,PD,AK,F
14:32:01,INDF,RG,6450,1,D,PD,NI,D
14:32:01,INDF,RG,6450,1,D,PD,AK,F
14:32:01,INDF,RG,6450,7,D,PD,CG,F
14:32:00,INDF,RG,6450,2,D,PD,ZP,F
14:31:54,INDF,RG,6450,3,D,PD,AK,F
14:31:54,INDF,RG,6450,2,D,NI,AK,F
14:31:54,INDF,RG,6450,1,D,CC,AK,F
14:31:54,INDF,RG,6450,1,D,XC,AK,F
14:31:54,INDF,RG,6450,2,D,KZ,AK,F
14:31:54,INDF,RG,6450,1,D,PD,AK,F
14:31:54,INDF,RG,6450,12,D,KK,AK,F
14:31:53,INDF,RG,6475,3,D,CS,PD,D
14:31:53,INDF,RG,6475,1,D,CS,PD,D
14:31:53,INDF,RG,6475,6,D,CS,CC,D
14:31:53,INDF,RG,6475,57,D,CS,OD,D
14:31:43,INDF,RG,6450,2,D,KK,AK,F
14:31:42,INDF,RG,6450,6,D,KK,CG,F
14:31:41,INDF,RG,6450,1,D,KK,AK,F
14:31:40,INDF,RG,6450,1,D,KK,ZP,F
14:31:33,INDF,RG,6450,1,D,KK,AK,F
14:31:33,INDF,RG,6450,3,D,KK,YP,D
14:31:30,INDF,RG,6450,1,D,KK,ZP,F
14:31:25,INDF,RG,6450,2,D,KK,AK,F
14:31:24,INDF,RG,6450,5,D,KK,CG,F
14:31:20,INDF,RG,6450,1,D,KK,ZP,F
14:31:18,INDF,RG,6450,12,D,KK,AK,F
14:31:17,INDF,RG,6475,6,D,CS,OD,D
14:31:17,INDF,RG,6475,19,D,CS,ZP,F
14:31:17,INDF,RG,6475,1,D,CS,PD,D
14:31:17,INDF,RG,6475,10,D,CS,ZP,F
14:31:07,INDF,RG,6450,1,D,KK,CC,D
14:30:44,INDF,RG,6450,1,D,KK,AK,F
14:30:42,INDF,RG,6450,1,D,KK,ZP,F
14:30:40,INDF,RG,6450,2,D,KK,ZP,F
14:30:35,INDF,RG,6450,23,D,KK,AK,F
14:30:34,INDF,RG,6475,28,D,CS,ZP,F
14:30:34,INDF,RG,6475,6,D,CS,CG,F
14:30:34,INDF,RG,6475,7,D,CS,CG,F
14:30:34,INDF,RG,6475,7,D,CS,CG,F
14:30:34,INDF,RG,6475,20,D,CS,AK,D
14:30:29,INDF,RG,6450,1,D,KK,AK,F
14:30:27,INDF,RG,6450,2,D,KK,ZP,F
14:30:25,INDF,RG,6450,4,D,KK,AK,F
14:30:24,INDF,RG,6450,14,D,KK,CG,F
14:30:09,INDF,RG,6450,1,D,KK,AK,F
14:30:07,INDF,RG,6450,1,D,KK,ZP,F
14:30:05,INDF,RG,6450,1,D,KK,AK,F
14:30:04,INDF,RG,6450,5,D,KK,CG,F
14:29:59,INDF,RG,6450,1,D,KK,AK,F
14:29:57,INDF,RG,6450,1,D,KK,ZP,F
14:29:49,INDF,RG,6450,1,D,KK,AK,F
14:29:47,INDF,RG,6450,3,D,KK,ZP,F
14:29:47,INDF,RG,6450,10,D,KK,AK,F
14:29:46,INDF,RG,6450,3,D,KK,AK,F
14:29:45,INDF,RG,6475,7,D,CS,AK,D
14:29:45,INDF,RG,6475,14,D,CS,AK,D
14:29:45,INDF,RG,6475,7,D,CS,AK,D
14:29:45,INDF,RG,6475,1,D,CS,ZP,F
14:29:45,INDF,RG,6475,1,D,CS,ZP,F
14:29:45,INDF,RG,6475,2,D,CS,CG,F
14:29:45,INDF,RG,6450,10,D,KK,AK,F
14:29:44,INDF,RG,6450,7,D,KK,CG,F
14:29:44,INDF,RG,6450,30,D,KK,AK,D
14:29:27,INDF,RG,6450,1,D,KK,ZP,F
14:29:26,INDF,RG,6450,3,D,KK,AK,F
14:29:24,INDF,RG,6450,8,D,KK,CG,F
14:29:07,INDF,RG,6450,1,D,KK,ZP,F
14:29:06,INDF,RG,6450,1,D,KK,AK,F
14:29:04,INDF,RG,6450,17,D,KK,AK,F
14:29:04,INDF,RG,6450,2,D,KK,CG,F
14:29:04,INDF,RG,6475,3,D,CS,CG,F
14:29:04,INDF,RG,6475,1,D,CS,ZP,F
14:29:04,INDF,RG,6475,5,D,CS,AK,F
14:29:04,INDF,RG,6475,10,D,CS,ZP,F
14:29:04,INDF,RG,6475,53,D,CS,BK,F
14:28:46,INDF,RG,6450,2,D,KK,AK,F
14:28:44,INDF,RG,6450,5,D,KK,CG,F
14:28:27,INDF,RG,6450,1,D,KK,ZP,F
14:28:26,INDF,RG,6450,2,D,KK,AK,F
14:28:24,INDF,RG,6450,6,D,KK,CG,F
14:28:17,INDF,RG,6450,1,D,KK,ZP,F
14:28:13,INDF,RG,6450,13,D,KK,AK,F
14:28:12,INDF,RG,6450,1,D,KK,ZP,F
14:28:12,INDF,RG,6475,36,D,CS,BK,F
14:28:07,INDF,RG,6450,1,D,KK,ZP,F
14:28:06,INDF,RG,6450,2,D,KK,AK,F
14:28:04,INDF,RG,6450,6,D,KK,CG,F
14:27:47,INDF,RG,6450,2,D,KK,AK,F
14:27:45,INDF,RG,6450,5,D,KK,CG,F
14:27:37,INDF,RG,6450,1,D,KK,ZP,F
14:27:29,INDF,RG,6450,2,D,KK,AK,F
14:27:28,INDF,RG,6450,1,D,KK,AK,F
14:27:27,INDF,RG,6450,7,D,KK,CG,F
14:27:27,INDF,RG,6450,2,D,KK,ZP,F
14:27:23,INDF,RG,6450,24,D,KK,AK,F
14:27:21,INDF,RG,6475,72,D,CS,BK,F
14:27:09,INDF,RG,6450,2,D,KK,AK,F
14:27:07,INDF,RG,6450,5,D,KK,CG,F
14:27:07,INDF,RG,6450,1,D,KK,ZP,F
14:27:02,INDF,RG,6450,1,D,KK,AK,F
14:27:01,INDF,RG,6450,4,D,KK,PD,D
14:26:51,INDF,RG,6450,2,D,KK,AK,F
14:26:49,INDF,RG,6450,6,D,KK,CG,F
14:26:38,INDF,RG,6450,1,D,KK,AK,F
14:26:37,INDF,RG,6450,2,D,KK,ZP,F
14:26:34,INDF,RG,6450,2,D,KK,AK,F
14:26:32,INDF,RG,6450,6,D,KK,CG,F
14:26:32,INDF,RG,6450,1,D,KK,ZP,F
14:26:29,INDF,RG,6450,12,D,KK,AK,F
14:26:27,INDF,RG,6475,35,D,CS,BK,F
14:26:27,INDF,RG,6450,1,D,KK,ZP,F
14:26:22,INDF,RG,6450,10,D,KK,AK,F
14:26:21,INDF,RG,6475,30,D,XC,BK,F
14:26:16,INDF,RG,6450,3,D,KK,AK,F
14:26:14,INDF,RG,6450,7,D,KK,CG,F
14:26:06,INDF,RG,6450,1,D,KK,ZP,F
14:26:01,INDF,RG,6450,2,D,KK,AK,F
14:25:59,INDF,RG,6450,6,D,KK,CG,F
14:25:48,INDF,RG,6450,1,D,KK,AK,F
14:25:46,INDF,RG,6450,3,D,KK,ZP,F
14:25:44,INDF,RG,6450,2,D,KK,AK,F
14:25:43,INDF,RG,6450,1,D,KK,AK,F
14:25:42,INDF,RG,6450,7,D,KK,CG,F
14:25:42,INDF,RG,6450,1,D,KK,ZP,F
14:25:40,INDF,RG,6450,23,D,KK,AK,F
14:25:38,INDF,RG,6475,71,D,CS,BK,F
14:25:38,INDF,RG,6450,1,D,KK,AK,F
14:25:36,INDF,RG,6450,1,D,KK,ZP,F
14:25:29,INDF,RG,6475,1,D,YP,BK,F
14:25:28,INDF,RG,6450,3,D,KK,AK,F
14:25:26,INDF,RG,6450,10,D,KK,PD,D
14:25:26,INDF,RG,6450,3,D,KK,AK,F
14:25:24,INDF,RG,6450,7,D,KK,CG,F
14:25:06,INDF,RG,6450,1,D,KK,ZP,F
14:25:06,INDF,RG,6450,2,D,KK,AK,F
14:25:04,INDF,RG,6450,6,D,KK,CG,F
14:24:49,INDF,RG,6450,2,D,KK,AK,F
14:24:47,INDF,RG,6450,6,D,KK,CG,F
14:24:46,INDF,RG,6450,1,D,KK,ZP,F
14:24:45,INDF,RG,6450,14,D,KK,AK,F
14:24:44,INDF,RG,6475,42,D,CS,BK,F
14:24:38,INDF,RG,6450,1,D,KK,AK,F
14:24:36,INDF,RG,6450,1,D,KK,ZP,F
14:24:30,INDF,RG,6450,1,D,KK,AK,F
14:24:28,INDF,RG,6450,5,D,KK,CG,F
14:24:27,INDF,RG,6450,2,D,KK,AK,F
14:24:26,INDF,RG,6450,5,D,KK,ZP,F
14:24:23,INDF,RG,6450,1,D,KK,CC,D
14:24:23,INDF,RG,6450,1,D,KK,AK,F
14:24:22,INDF,RG,6450,1,D,KK,ZP,F
14:24:19,INDF,RG,6450,20,D,KK,AK,F
14:24:18,INDF,RG,6450,60,D,KK,AK,D
14:24:16,INDF,RG,6450,1,D,KK,ZP,F
14:24:10,INDF,RG,6450,2,D,KK,AK,F
14:24:09,INDF,RG,6450,6,D,KK,CG,F
14:24:02,INDF,RG,6450,1,D,KK,ZP,F
14:23:57,INDF,RG,6450,1,D,KK,AK,F
14:23:56,INDF,RG,6450,2,D,KK,ZP,F
14:23:53,INDF,RG,6450,2,D,KK,AK,F
14:23:52,INDF,RG,6450,6,D,KK,CG,F
14:23:51,INDF,RG,6450,26,D,KK,AK,F
14:23:50,INDF,RG,6475,65,D,CS,BK,F
14:23:50,INDF,RG,6475,13,D,CS,AK,F
14:23:36,INDF,RG,6450,1,D,KK,ZP,F
14:23:35,INDF,RG,6450,2,D,KK,AK,F
14:23:34,INDF,RG,6450,6,D,KK,CG,F
14:23:20,INDF,RG,6450,2,D,KK,AK,F
14:23:19,INDF,RG,6450,5,D,KK,CG,F
14:23:16,INDF,RG,6450,1,D,KK,CC,D
14:23:07,INDF,RG,6450,1,D,KK,AK,F
14:23:06,INDF,RG,6450,1,D,KK,ZP,F
14:23:00,INDF,RG,6450,1,D,KK,AK,F
14:22:59,INDF,RG,6450,5,D,KK,CG,F
14:22:40,INDF,RG,6450,2,D,KK,AK,F
14:22:39,INDF,RG,6450,5,D,KK,CG,F
14:22:36,INDF,RG,6450,1,D,KK,ZP,F
14:22:32,INDF,RG,6450,1,D,KK,AK,F
14:22:31,INDF,RG,6450,1,D,KK,ZP,F
14:22:26,INDF,RG,6450,15,D,KK,AK,F
14:22:26,INDF,RG,6450,1,D,KK,ZP,F
14:22:25,INDF,RG,6450,3,D,KK,AK,F
14:22:25,INDF,RG,6475,31,D,CS,AK,F
14:22:25,INDF,RG,6475,15,D,CS,CS,F
14:22:24,INDF,RG,6450,7,D,KK,CG,F
14:22:05,INDF,RG,6450,1,D,KK,AK,F
14:22:04,INDF,RG,6450,4,D,KK,CG,F
14:21:57,INDF,RG,6450,1,D,KK,AK,F
14:21:56,INDF,RG,6450,3,D,KK,ZP,F
14:21:47,INDF,RG,6450,2,D,KK,AK,F
14:21:46,INDF,RG,6450,5,D,KK,CG,F
14:21:45,INDF,RG,6450,31,D,KK,AK,F
14:21:44,INDF,RG,6475,95,D,CS,CS,F
14:21:30,INDF,RG,6450,2,D,KK,AK,F
14:21:29,INDF,RG,6450,6,D,KK,CG,F
14:21:20,INDF,RG,6450,1,D,KK,AK,F
14:21:19,INDF,RG,6450,1,D,KK,CC,D
14:21:16,INDF,RG,6450,1,D,KK,ZP,F
14:21:10,INDF,RG,6450,2,D,KK,AK,F
14:21:09,INDF,RG,6450,6,D,KK,CG,F
14:20:56,INDF,RG,6450,1,D,KK,ZP,F
14:20:55,INDF,RG,6450,3,D,KK,AK,F
14:20:54,INDF,RG,6450,3,D,KK,AK,F
14:20:54,INDF,RG,6450,7,D,KK,CG,F
14:20:53,INDF,RG,6475,10,D,DR,CS,F
14:20:34,INDF,RG,6450,2,D,KK,AK,F
14:20:33,INDF,RG,6450,5,D,KK,CG,F
14:20:21,INDF,RG,6450,1,D,KK,ZP,F
14:20:16,INDF,RG,6450,1,D,KK,ZP,F
14:20:15,INDF,RG,6450,2,D,KK,AK,F
14:20:14,INDF,RG,6450,5,D,KK,CG,F
14:20:01,INDF,RG,6450,2,D,KK,AK,F
14:19:59,INDF,RG,6450,7,D,KK,CG,F
14:19:47,INDF,RG,6450,1,D,KK,AK,F
14:19:46,INDF,RG,6450,1,D,KK,ZP,F
14:19:41,INDF,RG,6450,1,D,KK,AK,F
14:19:39,INDF,RG,6450,5,D,KK,CG,F
14:19:26,INDF,RG,6450,1,D,KK,AK,F
14:19:24,INDF,RG,6450,3,D,KK,CG,F
14:18:25,INDF,RG,6450,1,D,KK,AK,F
14:18:23,INDF,RG,6450,2,D,KK,ZP,F
14:18:15,INDF,RG,6450,8,D,KK,AK,F
14:18:14,INDF,RG,6450,24,D,KK,AK,D
14:18:03,INDF,RG,6450,1,D,KK,ZP,F
14:17:55,INDF,RG,6450,4,D,KK,AK,F
14:17:54,INDF,RG,6450,10,D,KK,GR,D
14:17:45,INDF,RG,6450,2,D,KK,CC,D
14:17:05,INDF,RG,6450,1,D,KK,AK,F
14:17:03,INDF,RG,6450,1,D,KK,ZP,F
14:16:59,INDF,RG,6450,1,D,KK,ZP,F
14:16:59,INDF,RG,6450,5,D,KK,AK,F
14:16:58,INDF,RG,6450,16,D,KK,YP,D
14:15:55,INDF,RG,6450,1,D,KK,AK,F
14:15:53,INDF,RG,6450,1,D,KK,ZP,F
14:15:45,INDF,RG,6450,7,D,KK,AK,F
14:15:43,INDF,RG,6450,21,D,KK,ZP,F
14:15:40,INDF,RG,6450,4,D,KK,AK,F
14:15:39,INDF,RG,6450,13,D,KK,ZP,F
14:15:35,INDF,RG,6450,118,D,KK,AK,F
14:15:34,INDF,RG,6475,308,F,AK,CS,F
14:15:33,INDF,RG,6450,47,D,KK,ZP,F
14:15:33,INDF,RG,6450,245,D,KK,AK,F
14:15:31,INDF,RG,6450,187,D,KK,CS,F
14:15:31,INDF,RG,6450,1,D,NI,CS,F
14:15:31,INDF,RG,6450,15,D,YB,CS,F
14:15:31,INDF,RG,6450,3,D,CC,CS,F
14:15:31,INDF,RG,6450,2,D,YP,CS,F
14:15:31,INDF,RG,6450,2,D,PD,CS,F
14:15:31,INDF,RG,6450,5,D,CC,CS,F
14:15:31,INDF,RG,6450,1,D,XC,CS,F
14:15:31,INDF,RG,6450,1,D,NI,CS,F
14:15:31,INDF,RG,6450,10,D,GR,CS,F
14:15:31,INDF,RG,6450,1,D,NI,CS,F
14:15:31,INDF,RG,6450,1,D,PD,CS,F
14:15:31,INDF,RG,6450,10,D,CC,CS,F
14:15:31,INDF,RG,6450,5,D,PD,CS,F
14:15:31,INDF,RG,6450,70,D,NI,CS,F
14:15:31,INDF,RG,6450,5,D,AT,CS,F
14:15:31,INDF,RG,6450,1,D,KK,CS,F
14:15:31,INDF,RG,6450,50,D,YJ,CS,F
14:15:31,INDF,RG,6450,80,D,YJ,CS,F
14:15:31,INDF,RG,6450,4,D,CC,CS,F
14:15:31,INDF,RG,6450,50,D,DH,CS,F
14:15:31,INDF,RG,6450,1,D,CC,CS,F
14:15:31,INDF,RG,6450,2,D,PD,CS,F
14:15:31,INDF,RG,6450,1,D,PD,CS,F
14:15:31,INDF,RG,6450,1,D,NI,CS,F
14:15:31,INDF,RG,6450,5,F,NI,CS,F
14:15:31,INDF,RG,6450,2,D,OD,CS,F
14:15:31,INDF,RG,6450,15,D,YP,CS,F
14:15:31,INDF,RG,6450,4,D,YP,CS,F
14:15:31,INDF,RG,6450,10,F,KK,CS,F
14:15:31,INDF,RG,6450,2,D,YP,CS,F
14:15:31,INDF,RG,6450,3,D,YP,CS,F
14:15:31,INDF,RG,6450,2,D,CC,CS,F
14:15:31,INDF,RG,6450,1,D,YP,CS,F
14:15:31,INDF,RG,6450,112,F,YU,CS,F
14:15:31,INDF,RG,6450,70,F,YU,CS,F
14:14:57,INDF,RG,6450,1,F,YU,AK,F
14:14:56,INDF,RG,6450,1,F,YU,NI,D
14:14:39,INDF,RG,6450,1,F,YU,ZP,F
14:14:34,INDF,RG,6450,1,F,YU,AK,F
14:14:33,INDF,RG,6450,2,F,YU,ZP,F
14:14:30,INDF,RG,6450,9,F,YU,AK,F
14:14:29,INDF,RG,6450,27,F,YU,AK,D
14:12:53,INDF,RG,6450,1,F,YU,ZP,F
14:12:50,INDF,RG,6450,2,F,YU,AK,F
14:12:49,INDF,RG,6450,5,F,YU,CC,D
14:12:33,INDF,RG,6450,2,F,YU,ZP,F
14:12:31,INDF,RG,6450,5,F,YU,AK,F
14:12:30,INDF,RG,6450,15,F,YU,AK,D
14:12:27,INDF,RG,6450,4,F,YU,AK,F
14:12:26,INDF,RG,6450,10,F,YU,PD,D
14:12:03,INDF,RG,6450,1,F,YU,ZP,F
14:11:12,INDF,RG,6450,1,F,YU,ZP,F
14:11:10,INDF,RG,6450,1,F,YU,AK,F
14:11:09,INDF,RG,6450,1,F,YU,ZP,F
14:11:04,INDF,RG,6450,3,F,YU,AK,F
14:11:03,INDF,RG,6450,5,F,YU,AK,F
14:11:03,INDF,RG,6450,2,F,YU,ZP,F
14:11:03,INDF,RG,6450,9,F,YU,ZP,F
14:11:02,INDF,RG,6450,14,F,YU,ZP,F
14:10:59,INDF,RG,6450,1,F,YU,AK,F
14:10:58,INDF,RG,6450,4,F,YU,ZP,F
14:10:57,INDF,RG,6450,26,F,YU,AK,F
14:10:57,INDF,RG,6450,112,F,YU,AK,F
14:10:57,INDF,RG,6450,2,D,SQ,AK,F
14:10:57,INDF,RG,6450,1,D,PD,AK,F
14:10:57,INDF,RG,6450,1,D,PD,AK,F
14:10:57,INDF,RG,6450,2,D,PD,AK,F
14:10:57,INDF,RG,6450,10,D,PD,AK,F
14:10:57,INDF,RG,6450,2,D,PD,AK,F
14:10:57,INDF,RG,6450,1,D,DH,AK,F
14:10:57,INDF,RG,6450,1,D,DR,AK,F
14:10:57,INDF,RG,6450,1,D,DX,AK,F
14:10:57,INDF,RG,6450,1,D,ID,AK,F
14:10:57,INDF,RG,6450,1,D,YP,AK,F
14:10:57,INDF,RG,6450,1,D,PD,AK,F
14:10:57,INDF,RG,6450,10,D,MG,AK,F
14:10:57,INDF,RG,6450,3,D,CC,AK,F
14:10:57,INDF,RG,6450,205,D,YP,AK,F
14:10:57,INDF,RG,6450,23,D,YP,AK,F
14:10:57,INDF,RG,6475,1,D,CS,AK,F
14:10:56,INDF,RG,6475,5,D,CS,AK,F
14:10:56,INDF,RG,6475,4,F,AK,AK,F
14:10:56,INDF,RG,6475,3,D,CS,AK,F
14:10:56,INDF,RG,6475,10,D,CS,AK,F
14:10:56,INDF,RG,6475,34,D,CS,AK,F
14:10:56,INDF,RG,6475,48,F,AK,AK,F
14:10:56,INDF,RG,6475,79,F,AK,ZP,F
14:10:56,INDF,RG,6475,21,D,CS,ZP,F
14:10:56,INDF,RG,6475,3,D,CS,ZP,F
14:10:56,INDF,RG,6475,10,D,CS,CG,F
14:10:56,INDF,RG,6475,37,D,CS,CG,F
14:10:56,INDF,RG,6475,104,F,AK,CG,F
14:10:55,INDF,RG,6475,335,F,AK,AK,F
14:10:55,INDF,RG,6475,1,F,AK,CC,D
14:10:55,INDF,RG,6475,229,F,AK,BK,F
14:10:55,INDF,RG,6475,14,D,CS,BK,F
14:10:55,INDF,RG,6475,1,D,CS,BK,F
14:10:55,INDF,RG,6475,28,D,CS,BK,F
14:10:55,INDF,RG,6475,1,D,CS,BK,F
14:10:55,INDF,RG,6475,9,D,CS,BK,F
14:10:55,INDF,RG,6475,15,D,CS,BK,F
14:10:55,INDF,RG,6475,2,D,YP,BK,F
14:10:55,INDF,RG,6475,14,D,CS,BK,F
14:10:55,INDF,RG,6475,23,D,CS,BK,F
14:10:55,INDF,RG,6475,3,D,CS,BK,F
14:10:55,INDF,RG,6475,1,D,KK,BK,F
14:10:55,INDF,RG,6475,34,D,CS,BK,F
14:10:55,INDF,RG,6475,2,D,YP,BK,F
14:10:55,INDF,RG,6475,14,D,CS,BK,F
14:10:55,INDF,RG,6475,3,D,PD,BK,F
14:10:55,INDF,RG,6475,5,D,PD,BK,F
14:10:55,INDF,RG,6475,11,D,CS,BK,F
14:10:55,INDF,RG,6475,1,D,YP,BK,F
14:10:55,INDF,RG,6475,70,D,KZ,BK,F
14:10:55,INDF,RG,6475,4,D,KZ,BK,F
14:10:55,INDF,RG,6475,7,D,CS,BK,F
14:10:55,INDF,RG,6475,6,D,XC,BK,F
14:10:55,INDF,RG,6475,21,D,CS,BK,F
14:10:55,INDF,RG,6475,24,D,CS,BK,F
14:10:55,INDF,RG,6475,20,D,YP,BK,F
14:10:55,INDF,RG,6475,14,D,CS,BK,F
14:10:55,INDF,RG,6475,19,D,CS,BK,F
14:10:55,INDF,RG,6475,3,D,CS,BK,F
14:10:55,INDF,RG,6475,13,D,CS,BK,F
14:10:55,INDF,RG,6475,12,D,CS,BK,F
14:10:55,INDF,RG,6475,2,D,DH,BK,F
14:10:55,INDF,RG,6475,3,D,CS,BK,F
14:10:55,INDF,RG,6475,1,D,CS,BK,F
14:10:55,INDF,RG,6475,8,D,CS,BK,F
14:10:55,INDF,RG,6475,10,D,CS,BK,F
14:10:55,INDF,RG,6475,25,D,CS,BK,F
14:10:55,INDF,RG,6475,1,D,CS,BK,F
14:10:55,INDF,RG,6475,193,F,AK,BK,F
14:10:55,INDF,RG,6475,13,F,AK,BK,F
14:10:55,INDF,RG,6475,3,D,NI,BK,F
14:10:55,INDF,RG,6475,16,F,BK,BK,F
14:10:55,INDF,RG,6475,88,D,KZ,BK,F
14:10:55,INDF,RG,6475,4,D,KZ,BK,F
14:10:55,INDF,RG,6475,10,D,CS,BK,F
14:10:55,INDF,RG,6475,21,D,CS,AK,F
14:10:55,INDF,RG,6475,29,D,CS,AK,F
14:10:55,INDF,RG,6475,218,F,AK,AK,F
14:10:54,INDF,RG,6475,1000,F,AK,BK,F
14:10:54,INDF,RG,6475,6,F,AK,CG,F
14:10:53,INDF,RG,6475,7,F,AK,AK,F
14:10:52,INDF,RG,6475,19,F,AK,ZP,F
14:10:52,INDF,RG,6475,41,F,AK,AK,F
14:10:51,INDF,RG,6475,122,F,AK,BK,F
14:10:51,INDF,RG,6475,1,F,AK,CC,D
14:10:48,INDF,RG,6475,2,F,AK,ZP,F
14:10:43,INDF,RG,6475,7,F,AK,AK,F
14:10:42,INDF,RG,6475,30,F,AK,AK,F
14:10:42,INDF,RG,6475,19,F,AK,ZP,F
14:10:41,INDF,RG,6475,92,F,AK,BK,F
14:10:40,INDF,RG,6475,2,F,AK,AK,F
14:10:39,INDF,RG,6475,1,F,AK,AK,F
14:10:39,INDF,RG,6475,5,F,AK,CG,F
14:10:38,INDF,RG,6475,3,F,AK,ZP,F
14:10:35,INDF,RG,6475,62,F,AK,AK,F
14:10:34,INDF,RG,6475,185,F,AK,BK,F
14:10:32,INDF,RG,6475,2,F,AK,ZP,F
14:10:29,INDF,RG,6475,1,F,AK,AK,F
14:10:28,INDF,RG,6475,1,F,AK,ZP,F
14:10:27,INDF,RG,6475,13,F,AK,AK,F
14:10:26,INDF,RG,6500,1,D,YP,DR,D
14:10:26,INDF,RG,6500,10,D,YP,CC,D
14:10:26,INDF,RG,6500,3,D,YP,CC,D
14:10:26,INDF,RG,6500,26,D,YP,YP,D
14:10:23,INDF,RG,6475,1,F,AK,AK,F
14:10:22,INDF,RG,6475,4,F,AK,ZP,F
14:10:21,INDF,RG,6475,2,F,AK,AK,F
14:10:20,INDF,RG,6475,45,F,AK,AK,F
14:10:19,INDF,RG,6475,4,F,AK,CG,F
14:10:19,INDF,RG,6500,136,D,CS,YP,D
14:10:12,INDF,RG,6475,1,F,AK,ZP,F
14:10:11,INDF,RG,6475,1,F,AK,AK,F
14:10:10,INDF,RG,6475,1,F,AK,CC,D
14:10:08,INDF,RG,6475,1,F,AK,ZP,F
14:10:04,INDF,RG,6475,1,F,AK,AK,F
14:10:03,INDF,RG,6475,2,F,AK,AK,F
14:10:03,INDF,RG,6475,4,F,AK,CG,F
14:10:02,INDF,RG,6475,4,F,AK,ZP,F
14:10:00,INDF,RG,6475,46,F,AK,AK,F
14:09:59,INDF,RG,6500,123,D,KZ,YP,D
14:09:59,INDF,RG,6500,6,D,KZ,YP,D
14:09:59,INDF,RG,6500,9,D,CS,YP,D
14:09:54,INDF,RG,6475,15,F,AK,AK,F
14:09:53,INDF,RG,6500,19,D,CS,YP,D
14:09:53,INDF,RG,6500,6,D,CS,YP,D
14:09:53,INDF,RG,6500,21,D,CS,YP,D
14:09:52,INDF,RG,6475,1,F,AK,ZP,F
14:09:46,INDF,RG,6475,2,F,AK,AK,F
14:09:44,INDF,RG,6475,5,F,AK,CG,F
14:09:29,INDF,RG,6475,1,F,AK,AK,F
14:09:28,INDF,RG,6475,4,F,AK,CG,F
14:09:23,INDF,RG,6475,2,F,AK,AK,F
14:09:22,INDF,RG,6475,4,F,AK,ZP,F
14:09:21,INDF,RG,6475,4,F,AK,AK,F
14:09:20,INDF,RG,6475,5,F,AK,AK,F
14:09:19,INDF,RG,6500,13,D,CS,YP,D
14:09:19,INDF,RG,6500,16,D,CS,YP,D
14:09:19,INDF,RG,6475,1,F,AK,AK,F
14:09:18,INDF,RG,6475,1,F,AK,ZP,F
14:09:16,INDF,RG,6475,9,F,AK,AK,F
14:09:15,INDF,RG,6475,28,F,AK,AK,D
14:09:11,INDF,RG,6475,2,F,AK,AK,F
14:09:09,INDF,RG,6475,5,F,AK,CG,F
14:08:52,INDF,RG,6475,1,F,AK,ZP,F
14:08:51,INDF,RG,6475,1,F,AK,AK,F
14:08:49,INDF,RG,6475,4,F,AK,CG,F
14:08:49,INDF,RG,6475,5,F,AK,AK,F
14:08:48,INDF,RG,6500,9,D,CS,YP,D
14:08:48,INDF,RG,6500,5,D,CS,YP,D
14:08:36,INDF,RG,6475,2,F,AK,AK,F
14:08:34,INDF,RG,6475,5,F,AK,CG,F
14:08:22,INDF,RG,6475,1,F,AK,ZP,F
14:08:18,INDF,RG,6475,1,F,AK,AK,F
14:08:17,INDF,RG,6475,4,F,AK,ZP,F
14:08:16,INDF,RG,6475,14,F,AK,AK,F
14:08:15,INDF,RG,6475,1,F,AK,AK,F
14:08:14,INDF,RG,6475,41,F,AK,GR,D
14:08:13,INDF,RG,6475,4,F,AK,CG,F
14:07:57,INDF,RG,6475,2,F,AK,AK,F
14:07:55,INDF,RG,6475,4,F,AK,CG,F
14:07:41,INDF,RG,6475,1,F,AK,AK,F
14:07:39,INDF,RG,6475,5,F,AK,CG,F
14:07:28,INDF,RG,6475,1,F,AK,AK,F
14:07:27,INDF,RG,6475,1,F,AK,ZP,F
14:07:23,INDF,RG,6475,1,F,AK,AK,F
14:07:21,INDF,RG,6475,5,F,AK,CG,F
14:07:06,INDF,RG,6475,2,F,AK,AK,F
14:07:04,INDF,RG,6475,4,F,AK,CG,F
14:06:57,INDF,RG,6475,2,F,AK,ZP,F
14:06:53,INDF,RG,6475,14,F,AK,AK,F
14:06:52,INDF,RG,6475,1,F,AK,ZP,F
14:06:52,INDF,RG,6475,40,F,AK,NI,D
14:06:47,INDF,RG,6475,1,F,AK,ZP,F
14:06:46,INDF,RG,6475,2,F,AK,AK,F
14:06:44,INDF,RG,6475,5,F,AK,CG,F
14:06:26,INDF,RG,6475,1,F,AK,AK,F
14:06:24,INDF,RG,6475,4,F,AK,CG,F
14:06:11,INDF,RG,6475,2,F,AK,AK,F
14:06:09,INDF,RG,6475,4,F,AK,CG,F
14:05:57,INDF,RG,6475,1,F,AK,ZP,F
14:05:56,INDF,RG,6475,2,F,AK,AK,F
14:05:54,INDF,RG,6475,5,F,AK,CG,F
14:05:52,INDF,RG,6475,21,F,AK,AK,F
14:05:51,INDF,RG,6500,64,D,CS,YP,D
14:05:47,INDF,RG,6475,1,F,AK,ZP,F
14:05:39,INDF,RG,6475,2,F,AK,AK,F
14:05:37,INDF,RG,6475,6,F,AK,CG,F
14:05:37,INDF,RG,6475,3,F,AK,AK,F
14:05:36,INDF,RG,6475,16,F,AK,NI,D
14:05:18,INDF,RG,6475,4,F,AK,CG,F
14:05:07,INDF,RG,6475,1,F,AK,ZP,F
14:04:59,INDF,RG,6475,6,F,AK,CG,F
14:04:52,INDF,RG,6475,2,F,AK,ZP,F
14:04:47,INDF,RG,6475,9,F,AK,ZP,F
14:04:42,INDF,RG,6475,200,F,AK,YB,D
14:04:42,INDF,RG,6475,6,F,AK,CG,F
14:04:42,INDF,RG,6500,49,D,CS,YP,D
14:04:42,INDF,RG,6500,32,D,CS,YP,D
14:04:42,INDF,RG,6500,2,D,CS,YP,D
14:04:42,INDF,RG,6500,15,D,CS,YP,D
14:04:42,INDF,RG,6500,12,D,CS,YP,D
14:04:42,INDF,RG,6500,14,D,CS,YP,D
14:04:38,INDF,RG,6475,1,F,AK,NI,D
14:04:24,INDF,RG,6475,5,F,AK,CG,F
14:04:03,INDF,RG,6475,1,F,AK,CC,D
14:04:02,INDF,RG,6475,6,F,AK,CG,F
14:03:44,INDF,RG,6475,5,F,AK,CG,F
14:03:40,INDF,RG,6500,7,D,PD,YP,D
14:03:26,INDF,RG,6475,1,F,AK,ZP,F
14:03:24,INDF,RG,6475,6,F,AK,CG,F
14:03:04,INDF,RG,6475,4,F,AK,CG,F
14:02:55,INDF,RG,6500,8,D,CS,YP,D
14:02:55,INDF,RG,6500,9,D,CS,YP,D
14:02:55,INDF,RG,6500,22,D,CS,YP,D
14:02:55,INDF,RG,6500,4,D,CS,YP,D
14:02:46,INDF,RG,6475,1,F,AK,ZP,F
14:02:44,INDF,RG,6475,5,F,AK,CG,F
14:02:41,INDF,RG,6475,15,F,AK,LG,D
14:02:40,INDF,RG,6500,26,D,CS,YP,D
14:02:40,INDF,RG,6500,6,D,CS,YP,D
14:02:40,INDF,RG,6500,35,D,CS,YP,D
14:02:24,INDF,RG,6475,6,F,AK,CG,F
14:02:04,INDF,RG,6475,6,F,AK,CG,F
14:01:56,INDF,RG,6475,1,F,AK,ZP,F
14:01:48,INDF,RG,6475,5,F,AK,CG,F
14:01:29,INDF,RG,6475,4,F,AK,CG,F
14:01:23,INDF,RG,6500,2,D,CS,YP,D
14:01:23,INDF,RG,6500,27,D,CS,YP,D
14:01:09,INDF,RG,6475,4,F,AK,CG,F
14:01:04,INDF,RG,6475,10,F,AK,CP,D
14:00:49,INDF,RG,6475,5,F,AK,CG,F
14:00:39,INDF,RG,6500,22,D,CS,YP,D
14:00:39,INDF,RG,6500,27,D,CS,YP,D
14:00:39,INDF,RG,6500,10,D,CS,YP,D
14:00:39,INDF,RG,6500,8,D,CS,YP,D
13:59:18,INDF,RG,6475,1,F,AK,NI,D
13:58:55,INDF,RG,6475,10,F,AK,NI,D
13:58:38,INDF,RG,6475,5,F,AK,KK,D
13:57:51,INDF,RG,6500,1,D,YP,YP,D
13:57:18,INDF,RG,6500,63,D,CS,YP,D
13:57:05,INDF,RG,6475,7,F,AK,NI,D
13:57:03,INDF,RG,6500,6,D,KK,YP,D
13:56:46,INDF,RG,6500,130,D,CS,YP,D
13:56:45,INDF,RG,6500,10,D,YP,YP,D
13:56:45,INDF,RG,6500,1,D,YP,GR,D
13:56:45,INDF,RG,6500,2,D,YP,ZP,F
13:56:45,INDF,RG,6500,7,D,YP,AK,F
13:56:35,INDF,RG,6500,5,D,PD,AK,F
13:56:10,INDF,RG,6500,1,D,CC,AK,F
13:55:54,INDF,RG,6500,79,D,KZ,AK,F
13:55:54,INDF,RG,6500,5,D,KZ,AK,F
13:55:46,INDF,RG,6475,2,F,AK,DH,D
13:55:32,INDF,RG,6475,5,F,AK,OD,D
13:54:03,INDF,RG,6500,12,F,BK,AK,F
13:53:54,INDF,RG,6475,23,F,AK,PD,D
13:53:40,INDF,RG,6475,1,F,AK,SQ,D
13:53:13,INDF,RG,6500,69,D,CS,AK,F
13:52:39,INDF,RG,6475,19,F,AK,BK,F
13:52:37,INDF,RG,6500,142,D,CS,AK,F
13:52:37,INDF,RG,6500,7,D,CS,ZP,F
13:52:37,INDF,RG,6500,1,D,CS,ZP,F
13:52:37,INDF,RG,6500,2,D,CS,ZP,F
13:52:14,INDF,RG,6475,1,F,AK,ZP,F
13:51:50,INDF,RG,6475,17,F,AK,AK,F
13:51:49,INDF,RG,6475,49,F,AK,ZP,F
13:51:46,INDF,RG,6475,1,F,AK,AK,F
13:51:45,INDF,RG,6475,91,F,AK,AK,F
13:51:45,INDF,RG,6475,1,F,AK,ZP,F
13:51:45,INDF,RG,6475,2,F,AK,ZP,F
13:51:44,INDF,RG,6475,273,F,AK,ZP,F
13:51:41,INDF,RG,6475,80,F,AK,AK,F
13:51:41,INDF,RG,6475,14,F,AK,AK,D
13:51:41,INDF,RG,6475,3,F,AK,AK,D
13:51:41,INDF,RG,6475,4,F,AK,AK,D
13:51:41,INDF,RG,6475,24,F,AK,AK,D
13:51:41,INDF,RG,6475,105,F,AK,AK,F
13:51:40,INDF,RG,6475,3,F,AK,AK,D
13:51:40,INDF,RG,6475,14,F,AK,AK,D
13:51:40,INDF,RG,6475,4,F,AK,AK,D
13:51:40,INDF,RG,6475,18,F,AK,AK,D
13:51:40,INDF,RG,6475,4,F,AK,AK,D
13:51:40,INDF,RG,6475,22,F,AK,AK,D
13:51:40,INDF,RG,6475,5,F,AK,AK,D
13:51:40,INDF,RG,6475,366,F,AK,AK,F
13:51:40,INDF,RG,6475,21,F,AK,AK,D
13:51:40,INDF,RG,6475,33,F,AK,CG,F
13:51:40,INDF,RG,6475,1,F,AK,CC,D
13:51:40,INDF,RG,6475,159,F,AK,BK,F
13:51:40,INDF,RG,6475,2,F,AK,CC,D
13:51:40,INDF,RG,6475,79,F,AK,ZP,F
13:51:40,INDF,RG,6475,36,F,AK,AK,D
13:51:40,INDF,RG,6475,46,F,AK,AK,D
13:51:40,INDF,RG,6475,43,F,AK,AK,D
13:51:40,INDF,RG,6475,16,F,AK,AK,F
13:51:40,INDF,RG,6475,15,F,AK,CG,F
13:51:40,INDF,RG,6475,1,F,AK,GR,D
13:51:40,INDF,RG,6475,25,F,AK,YU,D
13:51:40,INDF,RG,6475,9,F,AK,AK,F
13:51:40,INDF,RG,6475,131,F,AK,AK,D
13:51:40,INDF,RG,6475,13,F,AK,AK,D
13:51:40,INDF,RG,6475,27,F,AK,AK,D
13:51:40,INDF,RG,6475,15,F,AK,AK,D
13:51:40,INDF,RG,6475,350,F,AK,CC,D
13:51:40,INDF,RG,6475,13,F,AK,CG,F
13:51:40,INDF,RG,6475,3,F,AK,GR,D
13:51:40,INDF,RG,6475,36,F,AK,AK,F
13:51:40,INDF,RG,6475,5,F,AK,CC,D
13:51:40,INDF,RG,6475,18,F,AK,AK,D
13:51:40,INDF,RG,6475,1,F,AK,ZP,F
13:51:40,INDF,RG,6475,32,F,AK,CG,F
13:51:40,INDF,RG,6475,5,F,AK,YB,D
13:51:40,INDF,RG,6475,3,F,AK,DR,D
13:51:40,INDF,RG,6475,21,F,AK,CG,F
13:51:40,INDF,RG,6475,5,F,AK,ZP,F
13:51:40,INDF,RG,6475,2,F,AK,ZP,F
13:51:40,INDF,RG,6475,28,F,AK,BK,F
13:51:40,INDF,RG,6475,25,F,AK,ZP,F
13:51:35,INDF,RG,6450,1,D,YP,AK,F
13:51:34,INDF,RG,6450,4,D,YP,ZP,F
13:51:30,INDF,RG,6450,1,D,YP,AK,F
13:51:29,INDF,RG,6450,1,D,YP,ZP,F
13:51:24,INDF,RG,6450,7,D,YP,AK,F
13:51:24,INDF,RG,6450,1,D,YP,ZP,F
13:51:23,INDF,RG,6450,20,D,YP,YP,D
13:51:22,INDF,RG,6450,2,D,YP,AK,F
13:51:22,INDF,RG,6450,7,D,YP,PD,D
13:51:11,INDF,RG,6450,1,D,YP,AT,D
13:50:16,INDF,RG,6450,1,D,YP,AK,F
13:50:15,INDF,RG,6475,1,D,YP,ZP,F
13:50:05,INDF,RG,6450,1,D,YP,CC,D
13:50:04,INDF,RG,6450,1,D,YP,ZP,F
13:50:00,INDF,RG,6450,9,D,YP,AK,F
13:49:59,INDF,RG,6475,20,D,NI,ZP,F
13:49:59,INDF,RG,6475,3,D,NI,AK,D
13:49:59,INDF,RG,6475,2,D,NI,AK,D
13:49:55,INDF,RG,6450,1,D,YP,CC,D
13:49:23,INDF,RG,6450,1,D,YP,ZP,F
13:49:14,INDF,RG,6450,2,D,YP,AK,F
13:49:13,INDF,RG,6450,4,D,YP,ZP,F
13:49:09,INDF,RG,6450,1,D,YP,ZP,F
13:49:03,INDF,RG,6450,1,D,YP,ZP,F
13:49:02,INDF,RG,6450,5,D,YP,AK,F
13:49:02,INDF,RG,6450,1,D,KK,AK,F
13:49:02,INDF,RG,6450,1,D,CC,AK,F
13:49:02,INDF,RG,6450,1,D,NI,AK,F
13:49:02,INDF,RG,6450,1,D,XC,AK,F
13:49:02,INDF,RG,6450,1,D,PD,AK,F
13:49:02,INDF,RG,6450,1,D,KZ,AK,F
13:49:02,INDF,RG,6450,1,D,CC,AK,F
13:49:02,INDF,RG,6450,2,D,PD,AK,F
13:49:02,INDF,RG,6450,1,D,PD,AK,F
13:49:02,INDF,RG,6450,1,D,SQ,AK,F
13:49:02,INDF,RG,6450,1,D,YP,AK,F
13:49:02,INDF,RG,6450,1,D,PD,AK,F
13:49:02,INDF,RG,6450,1,D,YB,AK,F
13:49:02,INDF,RG,6450,2,D,PD,AK,F
13:49:02,INDF,RG,6450,5,D,YP,AK,F
13:49:02,INDF,RG,6450,8,D,PD,AK,F
13:49:01,INDF,RG,6475,10,F,AK,AK,D
13:49:01,INDF,RG,6475,3,F,AK,AK,D
13:49:01,INDF,RG,6475,67,F,AK,CG,F
13:49:01,INDF,RG,6475,9,F,AK,AK,F
13:49:01,INDF,RG,6475,10,F,AK,AG,F
13:49:01,INDF,RG,6475,2,F,AK,PD,D
13:49:01,INDF,RG,6475,36,F,AK,ZP,F
13:49:00,INDF,RG,6450,2,D,PD,AK,F
13:48:59,INDF,RG,6450,5,D,SQ,CG,F
13:48:53,INDF,RG,6450,1,D,SQ,ZP,F
13:48:45,INDF,RG,6450,2,D,SQ,AK,F
13:48:44,INDF,RG,6450,5,D,AT,SQ,D
13:48:43,INDF,RG,6450,1,D,NI,AK,F
13:48:42,INDF,RG,6450,5,D,NI,CG,F
13:48:34,INDF,RG,6450,1,D,NI,AK,F
13:48:33,INDF,RG,6450,1,D,NI,ZP,F
13:48:26,INDF,RG,6450,1,D,NI,AK,F
13:48:24,INDF,RG,6450,1,D,NI,CG,F
13:48:24,INDF,RG,6450,4,D,PD,CG,F
13:48:14,INDF,RG,6450,1,D,PD,AK,F
13:48:13,INDF,RG,6450,1,D,PD,ZP,F
13:48:07,INDF,RG,6450,1,D,PD,AK,F
13:48:05,INDF,RG,6450,1,D,PD,CG,F
13:48:05,INDF,RG,6450,1,D,DR,CG,F
13:48:05,INDF,RG,6450,3,D,CC,CG,F
13:47:51,INDF,RG,6450,2,D,CC,AK,F
13:47:49,INDF,RG,6450,5,D,CC,CG,F
13:47:42,INDF,RG,6450,1,D,YP,ZP,F
13:47:40,INDF,RG,6450,1,D,YP,AK,F
13:47:39,INDF,RG,6450,1,D,YP,ZP,F
13:47:32,INDF,RG,6450,1,D,YP,ZP,F
13:47:31,INDF,RG,6450,3,D,YP,AK,F
13:47:29,INDF,RG,6450,9,D,YP,CG,F
13:47:24,INDF,RG,6450,1,D,YP,AK,F
13:47:22,INDF,RG,6450,2,D,YP,ZP,F
13:47:17,INDF,RG,6450,3,D,YP,AK,F
13:47:15,INDF,RG,6450,3,D,YP,NI,D
13:47:15,INDF,RG,6450,6,D,YP,NI,D
13:47:15,INDF,RG,6450,1,D,YP,NI,D
13:47:12,INDF,RG,6450,1,D,YP,ZP,F
13:47:11,INDF,RG,6450,2,D,YP,AK,F
13:47:09,INDF,RG,6450,6,D,YP,CG,F
13:46:54,INDF,RG,6450,1,D,LG,AK,F
13:46:52,INDF,RG,6450,3,D,LG,ZP,F
13:46:51,INDF,RG,6450,1,D,LG,AK,F
13:46:51,INDF,RG,6450,1,D,YP,AK,F
13:46:50,INDF,RG,6450,1,D,YP,AK,F
13:46:49,INDF,RG,6450,6,D,YP,CG,F
13:46:49,INDF,RG,6450,1,D,YP,ZP,F
13:46:47,INDF,RG,6450,3,D,YP,AK,F
13:46:46,INDF,RG,6450,1,D,KK,NI,D
13:46:46,INDF,RG,6450,1,D,KZ,NI,D
13:46:46,INDF,RG,6450,8,D,YP,NI,D
13:46:36,INDF,RG,6450,2,D,YP,AK,F
13:46:34,INDF,RG,6450,5,D,PD,CG,F
13:46:22,INDF,RG,6450,1,D,PD,ZP,F
13:46:16,INDF,RG,6450,2,D,PD,AK,F
13:46:14,INDF,RG,6450,2,D,PD,CG,F
13:46:14,INDF,RG,6450,1,D,PD,CG,F
13:46:14,INDF,RG,6450,1,D,PD,CG,F
13:46:14,INDF,RG,6450,1,D,YP,CG,F
13:45:54,INDF,RG,6450,2,D,YP,CG,F
13:45:26,INDF,RG,6450,1,D,YP,AK,F
13:45:25,INDF,RG,6450,1,D,YP,ZP,F
13:45:15,INDF,RG,6450,1,D,YP,ZP,F
13:45:14,INDF,RG,6450,4,D,YP,AK,F
13:45:14,INDF,RG,6450,1,D,CC,AK,F
13:45:14,INDF,RG,6450,1,D,YP,AK,F
13:45:14,INDF,RG,6450,2,D,YB,AK,F
13:45:14,INDF,RG,6450,1,D,KZ,AK,F
13:45:14,INDF,RG,6450,6,D,KZ,AK,F
13:45:13,INDF,RG,6475,20,D,CS,ZP,F
13:45:13,INDF,RG,6475,25,D,CS,ZP,F
13:44:25,INDF,RG,6450,1,D,PD,ZP,F
13:44:22,INDF,RG,6450,1,D,XC,AK,F
13:44:21,INDF,RG,6450,1,D,XC,ZP,F
13:44:15,INDF,RG,6450,5,D,DR,AK,F
13:44:15,INDF,RG,6450,2,D,DR,ZP,F
13:44:13,INDF,RG,6450,3,D,DR,YB,D
13:44:13,INDF,RG,6450,11,D,CS,YB,D
13:44:06,INDF,RG,6450,1,D,CS,AK,F
13:44:05,INDF,RG,6450,3,D,CS,ZP,F
13:44:01,INDF,RG,6450,31,D,CS,AK,F
13:44:00,INDF,RG,6475,7,D,CS,ZP,F
13:44:00,INDF,RG,6475,21,D,CS,CG,F
13:44:00,INDF,RG,6475,1,D,CS,CG,F
13:44:00,INDF,RG,6475,39,D,CS,AK,F
13:44:00,INDF,RG,6475,6,D,CS,AK,F
13:44:00,INDF,RG,6475,2,D,CS,AK,F
13:44:00,INDF,RG,6475,17,D,CS,AK,F
13:43:56,INDF,RG,6450,2,D,CS,AK,F
13:43:54,INDF,RG,6450,5,D,CS,CG,F
13:43:44,INDF,RG,6450,1,D,CS,ZP,F
13:43:36,INDF,RG,6450,2,D,CS,AK,F
13:43:34,INDF,RG,6450,5,D,CS,CG,F
13:43:24,INDF,RG,6450,1,D,CS,ZP,F
13:43:21,INDF,RG,6450,1,D,CS,ZP,F
13:43:19,INDF,RG,6450,2,D,CS,AK,F
13:43:18,INDF,RG,6450,3,D,CS,BK,F
13:43:18,INDF,RG,6450,1,D,CS,AK,F
13:43:18,INDF,RG,6475,1,D,YP,AK,F
13:43:16,INDF,RG,6450,5,D,CS,CG,F
13:43:16,INDF,RG,6450,1,D,CS,AK,F
13:43:14,INDF,RG,6450,1,D,CS,ZP,F
13:43:07,INDF,RG,6450,2,D,CS,CC,D
13:43:06,INDF,RG,6450,1,D,CS,AK,F
13:43:04,INDF,RG,6450,1,D,CS,ZP,F
13:43:00,INDF,RG,6450,3,D,CS,AK,F
13:42:59,INDF,RG,6450,4,D,CS,AK,F
13:42:58,INDF,RG,6450,9,D,CS,CG,F
13:42:58,INDF,RG,6475,13,D,DH,AK,F
13:42:41,INDF,RG,6450,2,D,CS,AK,F
13:42:39,INDF,RG,6450,5,D,CS,CG,F
13:41:59,INDF,RG,6450,15,D,CS,AK,F
13:41:59,INDF,RG,6475,46,D,KZ,AK,F
13:41:59,INDF,RG,6475,1,D,KZ,AK,F
13:41:56,INDF,RG,6450,12,D,CS,AK,F
13:41:55,INDF,RG,6475,4,D,CS,AK,F
13:41:55,INDF,RG,6475,17,D,CS,AK,F
13:41:55,INDF,RG,6475,9,D,CS,AK,F
13:41:55,INDF,RG,6475,5,D,CS,AK,D
13:41:35,INDF,RG,6450,2,D,CS,AK,F
13:41:34,INDF,RG,6475,24,D,CS,AK,D
13:41:34,INDF,RG,6475,2,D,CS,YP,D
13:41:34,INDF,RG,6475,11,D,CS,CG,F
13:41:15,INDF,RG,6475,6,D,NI,CG,F
13:40:34,INDF,RG,6475,11,D,CS,CG,F
13:40:34,INDF,RG,6475,28,D,CS,CS,F
13:40:24,INDF,RG,6450,4,D,CS,CG,F
13:40:12,INDF,RG,6475,1,D,XC,CS,F
13:40:09,INDF,RG,6450,4,D,CS,CG,F
13:38:54,INDF,RG,6475,39,D,CS,CS,F
13:38:09,INDF,RG,6475,1,D,CC,CS,F
13:38:00,INDF,RG,6475,101,F,AK,CS,F
13:38:00,INDF,RG,6475,13,F,AK,CS,F
13:37:59,INDF,RG,6475,168,D,KZ,CS,F
13:37:59,INDF,RG,6475,8,D,KZ,CS,F
13:37:54,INDF,RG,6475,19,D,KZ,CS,F
13:37:54,INDF,RG,6475,46,D,KZ,CS,F
13:37:54,INDF,RG,6475,3,D,KZ,PD,D
13:37:54,INDF,RG,6475,5,D,KZ,KK,D
13:37:54,INDF,RG,6475,36,D,KZ,LG,D
13:37:54,INDF,RG,6475,4,D,KZ,LG,D
13:37:53,INDF,RG,6475,10,D,CS,LG,D
13:37:53,INDF,RG,6475,1,D,CS,PD,D
13:37:53,INDF,RG,6475,1,D,CS,AZ,D
13:37:53,INDF,RG,6475,1,D,CS,PD,D
13:37:53,INDF,RG,6475,1,D,CS,NI,D
13:37:53,INDF,RG,6475,1,D,CS,CG,F
13:37:53,INDF,RG,6475,13,D,CS,CG,F
13:37:53,INDF,RG,6475,6,D,CS,ZP,F
13:37:53,INDF,RG,6475,7,D,CS,ZP,F
13:37:53,INDF,RG,6475,7,D,CS,ZP,F
13:37:53,INDF,RG,6475,4,D,CS,ZP,F
13:37:53,INDF,RG,6475,1,D,CS,ZP,F
13:37:53,INDF,RG,6475,14,D,CS,CG,F
13:37:53,INDF,RG,6475,3,D,CS,AK,D
13:37:53,INDF,RG,6475,10,D,CS,AK,D
13:37:53,INDF,RG,6475,1,D,CS,AK,D
13:37:53,INDF,RG,6475,3,D,CS,AK,D
13:37:53,INDF,RG,6475,1,D,CS,ZP,F
13:37:53,INDF,RG,6475,1,D,CS,ZP,F
13:37:53,INDF,RG,6475,4,D,CS,ZP,F
13:37:53,INDF,RG,6475,1,D,CS,ZP,F
13:37:53,INDF,RG,6475,2,D,CS,ZP,F
13:37:53,INDF,RG,6475,2,D,CS,AK,D
13:37:53,INDF,RG,6475,2,D,CS,AK,D
13:37:53,INDF,RG,6475,5,D,CS,AK,D
13:37:53,INDF,RG,6475,4,D,CS,AK,D
13:37:53,INDF,RG,6475,5,D,CS,AK,D
13:37:49,INDF,RG,6450,4,D,CS,CG,F
13:37:33,INDF,RG,6450,5,D,CS,CG,F
13:37:14,INDF,RG,6450,5,D,CS,CG,F
13:36:54,INDF,RG,6450,6,D,CS,CG,F
13:36:44,INDF,RG,6475,3,D,CC,AK,D
13:36:44,INDF,RG,6475,2,D,CC,AK,D
13:36:39,INDF,RG,6450,4,D,CS,CG,F
13:36:39,INDF,RG,6450,2,D,CS,CG,F
13:36:27,INDF,RG,6450,1,D,CS,CC,D
13:36:17,INDF,RG,6450,6,D,CS,CG,F
13:35:59,INDF,RG,6450,5,D,CS,CG,F
13:35:51,INDF,RG,6450,1,D,CS,ZP,F
13:35:40,INDF,RG,6450,5,D,CS,CG,F
13:35:39,INDF,RG,6475,1,D,CC,AK,D
13:35:39,INDF,RG,6475,2,D,CC,AK,D
13:35:39,INDF,RG,6475,7,D,CC,AK,F
13:35:21,INDF,RG,6450,5,D,CS,CG,F
13:35:20,INDF,RG,6450,4,D,CS,YP,D
13:35:04,INDF,RG,6450,6,D,CS,CG,F
13:35:01,INDF,RG,6475,31,D,CS,AK,F
13:35:01,INDF,RG,6475,9,D,CS,AK,F
13:35:01,INDF,RG,6475,18,D,CS,AK,F
13:34:46,INDF,RG,6450,4,D,CS,CG,F
13:34:29,INDF,RG,6450,5,D,CS,CG,F
13:34:20,INDF,RG,6475,9,D,CS,AK,F
13:34:20,INDF,RG,6475,2,D,CS,AK,F
13:34:20,INDF,RG,6475,20,D,CS,AK,F
13:34:20,INDF,RG,6475,15,D,CS,AK,F
13:34:20,INDF,RG,6475,35,D,CS,AK,F
13:34:20,INDF,RG,6475,3,D,CS,AK,F
13:34:20,INDF,RG,6475,8,D,CS,AK,F
13:34:09,INDF,RG,6450,6,D,CS,CG,F
13:33:54,INDF,RG,6450,4,D,CS,CG,F
13:33:34,INDF,RG,6450,4,D,CS,CG,F
13:33:21,INDF,RG,6475,25,D,NI,AK,F
13:33:14,INDF,RG,6450,5,D,CS,CG,F
13:32:54,INDF,RG,6450,6,D,CS,CG,F
13:32:34,INDF,RG,6450,5,D,CS,CG,F
13:32:14,INDF,RG,6450,7,D,CS,CG,F
13:32:11,INDF,RG,6450,1,D,CS,ZP,F
13:32:10,INDF,RG,6450,1,D,CS,PD,D
13:30:20,INDF,RG,6475,13,F,AK,AK,F
13:30:20,INDF,RG,6450,50,D,CS,AK,F
13:30:19,INDF,RG,6475,42,F,AK,AK,F
13:30:19,INDF,RG,6475,65,F,AK,CG,F
13:30:19,INDF,RG,6475,20,F,AK,ZP,F
13:30:19,INDF,RG,6475,1,F,AK,CG,F
13:30:19,INDF,RG,6450,53,D,CS,AK,F
13:30:19,INDF,RG,6450,20,D,CS,CG,F
13:30:18,INDF,RG,6450,130,D,CS,AK,F
13:30:18,INDF,RG,6450,8,D,CC,AK,F
13:30:18,INDF,RG,6450,3,D,PD,AK,F
13:30:18,INDF,RG,6450,1,D,CC,AK,F
13:30:18,INDF,RG,6450,17,D,YP,AK,F
13:30:18,INDF,RG,6450,3,D,YP,AK,F
13:30:18,INDF,RG,6450,5,D,AI,AK,F
13:30:18,INDF,RG,6450,1,D,YP,AK,F
13:30:18,INDF,RG,6450,1,D,PD,AK,F
13:30:18,INDF,RG,6450,2,F,GR,AK,F
13:30:16,INDF,RG,6450,12,F,GR,AK,F
13:30:16,INDF,RG,6450,35,F,GR,AK,F
13:30:15,INDF,RG,6450,2,F,GR,YP,D
13:30:14,INDF,RG,6450,71,F,GR,AK,D
13:30:12,INDF,RG,6450,7,F,GR,CC,D
13:30:08,INDF,RG,6450,3,F,GR,CC,D
13:30:06,INDF,RG,6450,20,F,GR,CC,D
13:30:06,INDF,RG,6450,2,F,GR,PD,D
13:30:05,INDF,RG,6450,32,F,GR,CC,D
13:30:05,INDF,RG,6450,20,F,GR,CC,D
13:30:05,INDF,RG,6450,11,F,GR,DH,D
13:30:04,INDF,RG,6450,4,F,GR,CG,F
13:30:02,INDF,RG,6450,5,F,GR,HD,D
11:29:59,INDF,RG,6450,1,F,GR,AK,D
11:29:52,INDF,RG,6450,1,F,GR,AK,F
11:29:51,INDF,RG,6450,2,F,GR,ZP,F
11:29:50,INDF,RG,6450,1,F,GR,AK,F
11:29:49,INDF,RG,6450,4,F,GR,CG,F
11:29:45,INDF,RG,6450,1,F,GR,AK,F
11:29:45,INDF,RG,6450,2,F,GR,AK,D
11:29:45,INDF,RG,6450,1,F,GR,AK,D
11:29:41,INDF,RG,6450,1,F,GR,ZP,F
11:29:35,INDF,RG,6450,2,F,GR,AK,F
11:29:34,INDF,RG,6450,4,F,GR,CG,F
11:29:30,INDF,RG,6450,1,F,GR,AK,D
11:29:24,INDF,RG,6450,1,F,GR,CC,D
11:29:22,INDF,RG,6450,1,F,GR,AK,F
11:29:21,INDF,RG,6450,2,F,GR,ZP,F
11:29:19,INDF,RG,6450,3,F,GR,AK,F
11:29:18,INDF,RG,6450,10,F,GR,YB,D
11:29:15,INDF,RG,6450,2,F,GR,AK,F
11:29:14,INDF,RG,6450,4,F,GR,CG,F
11:29:01,INDF,RG,6450,1,F,GR,ZP,F
11:28:55,INDF,RG,6450,2,F,GR,AK,F
11:28:54,INDF,RG,6450,5,F,GR,CG,F
11:28:35,INDF,RG,6450,1,F,GR,AK,F
11:28:34,INDF,RG,6450,5,F,GR,CG,F
11:28:22,INDF,RG,6450,1,F,GR,AK,F
11:28:21,INDF,RG,6450,3,F,GR,ZP,F
11:28:16,INDF,RG,6450,13,F,GR,AK,F
11:28:15,INDF,RG,6450,1,F,GR,AK,F
11:28:15,INDF,RG,6450,38,F,GR,ZP,F
11:28:14,INDF,RG,6450,4,F,GR,CG,F
11:28:11,INDF,RG,6450,1,F,GR,AK,F
11:28:10,INDF,RG,6450,1,F,GR,CC,D
11:28:01,INDF,RG,6450,5,F,GR,AK,F
11:28:01,INDF,RG,6450,1,F,GR,ZP,F
11:28:00,INDF,RG,6450,16,F,GR,AK,D
11:27:55,INDF,RG,6450,2,F,GR,AK,F
11:27:54,INDF,RG,6450,4,F,GR,CG,F
11:27:46,INDF,RG,6450,4,F,GR,AK,F
11:27:45,INDF,RG,6450,3,F,GR,AK,D
11:27:45,INDF,RG,6475,6,D,CS,BK,F
11:27:45,INDF,RG,6475,3,D,CS,BK,F
11:27:41,INDF,RG,6450,1,F,GR,AK,F
11:27:41,INDF,RG,6475,5,D,CS,BK,F
11:27:36,INDF,RG,6450,2,F,GR,AK,F
11:27:35,INDF,RG,6450,1,F,GR,AK,F
11:27:35,INDF,RG,6475,5,D,CS,BK,F
11:27:34,INDF,RG,6450,4,F,GR,CG,F
11:27:26,INDF,RG,6450,5,F,GR,AK,F
11:27:25,INDF,RG,6475,6,D,CS,BK,F
11:27:25,INDF,RG,6475,7,D,CS,BK,F
11:27:22,INDF,RG,6450,2,F,GR,AK,F
11:27:21,INDF,RG,6475,8,D,CS,BK,F
11:27:15,INDF,RG,6450,1,F,GR,AK,F
11:27:14,INDF,RG,6450,3,F,GR,CG,F
11:27:12,INDF,RG,6450,2,F,GR,AK,F
11:27:11,INDF,RG,6475,4,D,CS,BK,F
11:27:11,INDF,RG,6450,1,F,GR,ZP,F
11:27:11,INDF,RG,6475,1,D,CS,BK,F
11:27:00,INDF,RG,6450,1,F,GR,AK,F
11:26:59,INDF,RG,6450,3,F,GR,CG,F
11:26:56,INDF,RG,6450,9,F,GR,AK,F
11:26:55,INDF,RG,6475,26,D,CS,BK,F
11:26:40,INDF,RG,6450,2,F,GR,AK,F
11:26:39,INDF,RG,6450,5,F,GR,CG,F
11:26:31,INDF,RG,6450,30,F,GR,AK,F
11:26:30,INDF,RG,6475,80,F,AK,BK,F
11:26:30,INDF,RG,6475,11,F,AK,BK,F
11:26:29,INDF,RG,6450,5,F,GR,AK,F
11:26:28,INDF,RG,6475,15,D,CS,BK,F
11:26:24,INDF,RG,6450,8,F,GR,AK,F
11:26:23,INDF,RG,6475,13,D,CS,BK,F
11:26:23,INDF,RG,6475,10,D,CS,BK,F
11:26:20,INDF,RG,6450,1,F,GR,AK,F
11:26:19,INDF,RG,6450,1,F,GR,AK,F
11:26:19,INDF,RG,6450,4,F,GR,CG,F
11:26:18,INDF,RG,6450,2,F,GR,XC,D
11:26:01,INDF,RG,6450,66,F,GR,AK,F
11:26:00,INDF,RG,6450,1,F,GR,AK,F
11:26:00,INDF,RG,6450,200,F,GR,FS,D
11:25:59,INDF,RG,6450,3,F,GR,CG,F
11:25:46,INDF,RG,6450,6,F,GR,AK,F
11:25:45,INDF,RG,6450,17,F,GR,AK,D
11:25:41,INDF,RG,6450,1,F,GR,AK,F
11:25:39,INDF,RG,6450,3,F,GR,CG,F
11:25:31,INDF,RG,6450,11,F,GR,AK,F
11:25:30,INDF,RG,6475,8,D,CS,BK,F
11:25:30,INDF,RG,6475,25,D,CS,BK,F
11:25:20,INDF,RG,6450,1,F,GR,AK,F
11:25:19,INDF,RG,6450,4,F,GR,CG,F
11:25:15,INDF,RG,6450,2,F,GR,AK,F
11:25:14,INDF,RG,6450,5,F,GR,AK,D
11:24:18,INDF,RG,6450,2,F,GR,AK,F
11:24:17,INDF,RG,6450,7,F,GR,ZP,F
11:23:50,INDF,RG,6450,5,F,GR,AK,F
11:23:49,INDF,RG,6450,14,F,GR,BK,F
11:23:46,INDF,RG,6450,22,F,GR,AK,F
11:23:45,INDF,RG,6475,3,F,AK,BK,F
11:23:45,INDF,RG,6475,63,F,AK,BK,F
11:23:38,INDF,RG,6450,7,F,GR,AK,F
11:23:37,INDF,RG,6450,20,F,GR,KK,D
11:23:04,INDF,RG,6450,2,F,GR,CC,D
11:22:59,INDF,RG,6450,7,F,GR,AK,F
11:22:57,INDF,RG,6450,20,F,GR,KK,D
11:22:31,INDF,RG,6450,7,F,GR,AK,F
11:22:30,INDF,RG,6450,20,F,GR,AK,D
11:22:30,INDF,RG,6450,2,F,GR,CC,D
11:21:57,INDF,RG,6450,12,F,GR,AK,F
11:21:56,INDF,RG,6450,36,F,GR,ZP,F
11:21:44,INDF,RG,6450,1,F,GR,AK,F
11:21:42,INDF,RG,6450,1,F,GR,NI,D
11:21:22,INDF,RG,6450,1,F,GR,YP,D
11:21:15,INDF,RG,6450,3,F,GR,AK,F
11:21:14,INDF,RG,6450,9,F,GR,AK,D
11:19:52,INDF,RG,6450,4,F,GR,AK,F
11:19:51,INDF,RG,6450,4,F,GR,CC,D
11:19:51,INDF,RG,6450,8,D,YP,CC,D
11:19:18,INDF,RG,6450,5,D,YP,AK,F
11:19:16,INDF,RG,6450,14,D,YP,BK,F
11:19:16,INDF,RG,6450,7,D,YP,AK,F
11:19:15,INDF,RG,6450,1,D,YP,AK,D
11:19:15,INDF,RG,6450,20,D,PD,AK,D
11:18:43,INDF,RG,6450,1,D,CC,AK,F
11:18:42,INDF,RG,6450,9,D,CC,BK,F
11:18:42,INDF,RG,6450,2,D,KZ,BK,F
11:18:38,INDF,RG,6450,13,D,KZ,BK,F
11:18:37,INDF,RG,6450,3,D,KZ,AK,F
11:18:37,INDF,RG,6450,50,D,YJ,AK,F
11:18:37,INDF,RG,6450,1,D,YP,AK,F
11:18:37,INDF,RG,6450,12,D,YP,AK,F
11:18:37,INDF,RG,6450,1,D,YP,AK,F
11:18:37,INDF,RG,6450,9,D,KK,AK,F
11:18:37,INDF,RG,6450,15,D,YB,AK,F
11:18:37,INDF,RG,6475,4,D,CS,AK,F
11:18:37,INDF,RG,6475,17,D,CS,AK,F
11:18:37,INDF,RG,6475,1,D,CS,ZP,F
11:18:37,INDF,RG,6475,2,D,CS,CG,F
11:18:37,INDF,RG,6475,8,D,CS,AK,F
11:18:37,INDF,RG,6475,20,D,CS,AK,F
11:18:36,INDF,RG,6475,1,F,AK,AK,F
11:18:36,INDF,RG,6475,23,D,CS,AK,F
11:18:36,INDF,RG,6475,18,D,CS,AK,F
11:18:36,INDF,RG,6475,3,D,KZ,AK,F
11:18:36,INDF,RG,6475,7,F,AK,AK,F
11:18:36,INDF,RG,6475,17,F,AK,AK,F
11:18:36,INDF,RG,6475,1,D,OD,AK,F
11:18:36,INDF,RG,6475,32,D,CS,AK,F
11:18:36,INDF,RG,6475,4,D,CS,AK,F
11:18:36,INDF,RG,6475,1,D,CS,AK,F
11:18:36,INDF,RG,6475,4,D,CS,AK,F
11:18:36,INDF,RG,6475,1,D,CS,AK,F
11:18:36,INDF,RG,6475,1,D,CS,AK,F
11:18:36,INDF,RG,6475,15,D,CS,AK,F
11:18:36,INDF,RG,6475,36,D,CS,AK,F
11:18:36,INDF,RG,6475,28,D,CS,AK,F
11:18:36,INDF,RG,6475,5,D,CS,AK,F
11:18:36,INDF,RG,6475,25,D,CS,AK,F
11:18:36,INDF,RG,6475,32,F,AK,AK,F
11:18:36,INDF,RG,6475,24,D,CS,AK,F
11:18:36,INDF,RG,6475,4,D,CC,AK,F
11:18:36,INDF,RG,6475,14,D,CS,AK,F
11:18:36,INDF,RG,6475,25,D,CS,CG,F
11:18:36,INDF,RG,6475,44,D,GR,CG,F
11:18:35,INDF,RG,6475,6,D,GR,AK,F
11:18:35,INDF,RG,6475,12,D,CS,AK,F
11:18:35,INDF,RG,6475,19,D,CS,BK,F
11:18:35,INDF,RG,6475,43,F,AK,BK,F
11:18:35,INDF,RG,6475,12,D,CC,BK,F
11:18:35,INDF,RG,6475,4,D,CC,BK,F
11:18:35,INDF,RG,6475,12,F,BK,BK,F
11:18:35,INDF,RG,6475,1,D,LG,BK,F
11:18:35,INDF,RG,6475,1,D,CS,BK,F
11:18:35,INDF,RG,6475,30,D,CS,BK,F
11:18:35,INDF,RG,6475,13,D,CS,BK,F
11:18:35,INDF,RG,6475,105,D,KZ,BK,F
11:18:34,INDF,RG,6475,3,D,KZ,CG,F
11:18:34,INDF,RG,6475,29,D,KZ,BK,F
11:18:34,INDF,RG,6475,7,D,KZ,BK,F
11:18:34,INDF,RG,6475,14,D,CS,BK,F
11:18:30,INDF,RG,6475,4,D,CS,AK,F
11:18:30,INDF,RG,6475,8,D,CS,AK,D
11:18:30,INDF,RG,6475,5,D,PD,AK,D
11:18:30,INDF,RG,6475,1,D,CC,AK,D
11:18:22,INDF,RG,6475,2,D,CC,AK,F
11:18:22,INDF,RG,6475,2,D,CS,AK,F
11:18:21,INDF,RG,6475,8,D,CS,ZP,F
11:18:21,INDF,RG,6475,1,D,CS,ZP,F
11:18:21,INDF,RG,6475,3,D,CS,ZP,F
11:18:20,INDF,RG,6475,1,D,CS,AK,F
11:18:19,INDF,RG,6475,3,D,CS,CG,F
11:18:12,INDF,RG,6475,3,D,CS,AK,F
11:18:11,INDF,RG,6475,1,D,CS,ZP,F
11:18:11,INDF,RG,6475,1,D,XC,ZP,F
11:18:11,INDF,RG,6475,5,D,SQ,ZP,F
11:18:04,INDF,RG,6475,1,D,CC,AK,F
11:18:03,INDF,RG,6475,1,D,CC,CG,F
11:18:03,INDF,RG,6475,3,D,BQ,CG,F
11:17:45,INDF,RG,6475,2,D,BQ,AK,F
11:17:45,INDF,RG,6475,3,D,KZ,AK,F
11:17:45,INDF,RG,6475,11,D,KZ,AK,D
11:17:44,INDF,RG,6475,3,D,KZ,CG,F
11:17:42,INDF,RG,6475,1,D,KZ,CC,D
11:17:30,INDF,RG,6475,1,D,KZ,AK,F
11:17:29,INDF,RG,6475,3,D,KZ,CG,F
11:17:15,INDF,RG,6475,1,D,KZ,AK,F
11:17:14,INDF,RG,6475,3,D,KZ,CG,F
11:16:55,INDF,RG,6475,1,D,KZ,AK,F
11:16:54,INDF,RG,6475,3,D,KZ,CG,F
11:16:40,INDF,RG,6475,1,D,KZ,AK,F
11:16:39,INDF,RG,6475,3,D,KZ,CG,F
11:16:26,INDF,RG,6475,1,D,KZ,CC,D
11:16:20,INDF,RG,6475,12,D,KZ,AK,F
11:16:20,INDF,RG,6475,11,D,KZ,ZP,F
11:16:20,INDF,RG,6475,3,D,KZ,ZP,F
11:16:20,INDF,RG,6475,10,D,CS,ZP,F
11:16:20,INDF,RG,6475,9,D,CS,ZP,F
11:16:19,INDF,RG,6475,1,D,CS,CG,F
11:16:19,INDF,RG,6475,1,D,XC,CG,F
11:16:19,INDF,RG,6475,1,D,PD,CG,F
11:16:00,INDF,RG,6475,2,D,CS,AK,F
11:15:59,INDF,RG,6475,4,D,CS,CG,F
11:15:52,INDF,RG,6475,13,D,CS,AK,F
11:15:52,INDF,RG,6475,10,D,YP,AK,F
11:15:52,INDF,RG,6475,2,D,XC,AK,F
11:15:52,INDF,RG,6475,3,D,CS,AK,F
11:15:52,INDF,RG,6475,2,D,XC,AK,F
11:15:52,INDF,RG,6475,5,D,YJ,AK,F
11:15:51,INDF,RG,6475,75,D,YJ,XC,D
11:15:51,INDF,RG,6475,1,D,YP,XC,D
11:15:51,INDF,RG,6475,10,D,YP,XC,D
11:15:51,INDF,RG,6475,1,D,AT,XC,D
11:15:51,INDF,RG,6475,19,D,YJ,XC,D
11:15:45,INDF,RG,6475,9,D,YJ,AK,F
11:15:44,INDF,RG,6475,4,D,YJ,CG,F
11:15:44,INDF,RG,6475,18,D,YJ,AK,D
11:15:44,INDF,RG,6475,6,D,CS,AK,D
11:15:24,INDF,RG,6475,2,D,CS,AK,F
11:15:23,INDF,RG,6475,2,D,CS,AK,F
11:15:23,INDF,RG,6475,4,D,CS,CG,F
11:15:22,INDF,RG,6475,6,D,CS,ZP,F
11:15:05,INDF,RG,6475,1,D,CS,AK,F
11:15:05,INDF,RG,6475,1,D,PD,AK,F
11:15:05,INDF,RG,6475,1,D,YJ,AK,F
11:15:04,INDF,RG,6475,5,D,YJ,PD,D
11:15:04,INDF,RG,6475,5,D,YJ,CG,F
11:14:35,INDF,RG,6475,1,D,YJ,YP,D
11:14:30,INDF,RG,6475,1,D,YJ,AK,F
11:14:29,INDF,RG,6475,3,D,YJ,AK,F
11:14:29,INDF,RG,6475,3,D,YJ,CG,F
11:14:28,INDF,RG,6500,7,D,PD,CS,F
11:14:11,INDF,RG,6475,17,D,YJ,AK,F
11:14:10,INDF,RG,6475,50,D,YJ,GR,D
11:14:09,INDF,RG,6475,3,D,YJ,CG,F
11:13:48,INDF,RG,6475,1,D,YJ,AK,F
11:13:46,INDF,RG,6475,3,D,CS,CG,F
11:13:27,INDF,RG,6475,2,D,CS,AK,F
11:13:25,INDF,RG,6475,1,D,CS,CG,F
11:13:25,INDF,RG,6475,4,D,CS,CG,F
11:13:08,INDF,RG,6475,1,D,CS,AK,F
11:13:08,INDF,RG,6475,3,D,CS,CC,D
11:12:56,INDF,RG,6475,1,D,CS,AK,F
11:12:54,INDF,RG,6475,3,D,CS,CG,F
11:12:36,INDF,RG,6475,1,D,CS,AK,F
11:12:34,INDF,RG,6475,3,D,CS,CG,F
11:12:18,INDF,RG,6475,1,D,CS,AK,F
11:12:18,INDF,RG,6475,3,D,CS,AK,F
11:12:17,INDF,RG,6475,13,D,CS,ZP,F
11:12:15,INDF,RG,6475,1,D,CS,AK,F
11:12:13,INDF,RG,6475,3,D,CS,CG,F
11:12:13,INDF,RG,6475,3,D,CS,AK,F
11:12:12,INDF,RG,6475,7,D,CS,ZP,F
11:12:08,INDF,RG,6475,1,D,CS,AK,F
11:11:58,INDF,RG,6500,1,D,YP,CS,F
11:11:54,INDF,RG,6475,4,D,CS,CG,F
11:11:36,INDF,RG,6475,3,D,CS,AK,F
11:11:36,INDF,RG,6475,6,D,CS,AK,F
11:11:36,INDF,RG,6475,22,D,CS,AK,F
11:11:36,INDF,RG,6475,4,D,CS,AK,F
11:11:34,INDF,RG,6475,3,D,CS,CG,F
11:11:16,INDF,RG,6500,60,D,KZ,CS,F
11:11:15,INDF,RG,6475,30,D,CS,ZP,F
11:11:15,INDF,RG,6475,3,F,AK,ZP,F
11:11:14,INDF,RG,6475,2,F,AK,CG,F
11:11:14,INDF,RG,6475,2,D,CS,CG,F
11:11:14,INDF,RG,6500,3,D,KZ,CS,F
11:10:57,INDF,RG,6475,7,D,CS,AK,F
11:10:57,INDF,RG,6475,10,D,YP,AK,F
11:10:57,INDF,RG,6475,1,D,PD,AK,F
11:10:57,INDF,RG,6475,10,D,NI,AK,F
11:10:57,INDF,RG,6475,6,D,CS,AK,F
11:10:57,INDF,RG,6475,6,D,PD,AK,F
11:10:55,INDF,RG,6475,3,D,PD,CG,F
11:10:39,INDF,RG,6475,1,D,PD,CG,F
11:10:39,INDF,RG,6475,2,D,CS,CG,F
11:10:27,INDF,RG,6475,4,D,CS,ZP,F
11:10:19,INDF,RG,6475,1,D,CS,CG,F
11:10:19,INDF,RG,6475,2,D,AT,CG,F
11:10:15,INDF,RG,6475,1,D,CS,IF,D
11:09:59,INDF,RG,6475,3,D,CS,CG,F
11:09:51,INDF,RG,6475,6,D,CS,CC,D
11:09:51,INDF,RG,6475,18,D,CS,CC,D
11:09:51,INDF,RG,6475,9,D,CS,CC,D
11:09:51,INDF,RG,6475,15,D,CS,CC,D
11:09:51,INDF,RG,6475,21,D,CS,CC,D
11:09:36,INDF,RG,6475,3,D,CS,CG,F
11:09:36,INDF,RG,6475,1,D,CS,CC,D
11:09:27,INDF,RG,6475,2,D,CS,XC,D
11:09:25,INDF,RG,6475,7,D,CS,ZP,F
11:09:25,INDF,RG,6475,8,D,CS,ZP,F
11:09:19,INDF,RG,6475,3,D,CS,CG,F
11:09:18,INDF,RG,6475,1,D,CS,XC,D
11:09:04,INDF,RG,6475,7,D,CS,CG,F
11:08:44,INDF,RG,6475,3,D,CS,CG,F
11:08:26,INDF,RG,6475,2,D,CS,AK,F
11:08:26,INDF,RG,6475,50,D,XC,AK,F
11:08:26,INDF,RG,6475,1,D,KK,AK,F
11:08:26,INDF,RG,6475,26,D,CS,AK,F
11:08:26,INDF,RG,6475,2,D,CS,AK,F
11:08:26,INDF,RG,6475,114,F,AK,AK,F
11:08:24,INDF,RG,6475,4,F,AK,CG,F
11:08:03,INDF,RG,6475,5,F,AK,CG,F
11:08:03,INDF,RG,6475,1,F,AK,PD,D
11:07:44,INDF,RG,6475,6,F,AK,CG,F
11:07:24,INDF,RG,6475,6,F,AK,CG,F
11:07:14,INDF,RG,6475,1,F,AK,CC,D
11:07:04,INDF,RG,6475,3,F,AK,CG,F
11:06:44,INDF,RG,6475,5,F,AK,CG,F
11:06:24,INDF,RG,6475,5,F,AK,CG,F
11:06:15,INDF,RG,6475,2,F,AK,YP,D
11:06:07,INDF,RG,6475,5,F,AK,CG,F
11:05:49,INDF,RG,6475,4,F,AK,CG,F
11:05:29,INDF,RG,6475,4,F,AK,CG,F
11:03:35,INDF,RG,6475,1,F,AK,PD,D
11:03:02,INDF,RG,6475,2,F,AK,CC,D
11:02:21,INDF,RG,6500,11,F,BK,CS,F
11:01:35,INDF,RG,6500,75,D,CS,CS,F
11:01:14,INDF,RG,6475,1,F,AK,OD,D
11:00:51,INDF,RG,6500,166,D,CS,CS,F
11:00:31,INDF,RG,6475,6,F,AK,SQ,D
11:00:06,INDF,RG,6475,5,F,AK,MG,D
10:56:08,INDF,RG,6475,1,F,AK,YP,D
10:55:49,INDF,RG,6475,67,F,AK,YP,D
10:54:29,INDF,RG,6475,1,F,AK,GR,D
10:53:13,INDF,RG,6525,16,D,CS,YU,D
10:53:13,INDF,RG,6525,7,D,CS,YU,D
10:53:13,INDF,RG,6525,2,D,CS,YU,D
10:53:13,INDF,RG,6525,1,D,CS,YU,D
10:53:12,INDF,RG,6500,19,D,CS,ZP,F
10:53:12,INDF,RG,6500,3,D,CS,ZP,F
10:53:12,INDF,RG,6500,38,D,CS,ZP,F
10:53:12,INDF,RG,6500,6,D,CS,ZP,F
10:53:12,INDF,RG,6500,19,D,CS,ZP,F
10:53:09,INDF,RG,6500,12,D,CS,ZP,F
10:53:09,INDF,RG,6500,5,F,RX,ZP,F
10:53:09,INDF,RG,6500,63,F,RX,ZP,F
10:53:09,INDF,RG,6500,3,F,RX,AK,D
10:53:09,INDF,RG,6500,71,F,RX,AK,F
10:53:09,INDF,RG,6500,200,F,RX,AK,F
10:53:09,INDF,RG,6500,4,F,RX,AK,D
10:53:09,INDF,RG,6500,192,F,RX,AK,F
10:53:08,INDF,RG,6500,18,F,RX,CG,F
10:53:08,INDF,RG,6500,26,F,RX,AK,F
10:53:08,INDF,RG,6500,13,F,RX,AK,D
10:53:08,INDF,RG,6500,20,F,RX,AK,D
10:53:08,INDF,RG,6500,4,F,RX,AG,D
10:53:08,INDF,RG,6500,14,F,RX,CG,F
10:53:08,INDF,RG,6500,1,F,RX,EP,D
10:53:08,INDF,RG,6500,14,F,RX,ZP,F
10:53:08,INDF,RG,6500,1,F,RX,CC,D
10:53:08,INDF,RG,6500,9,F,RX,CG,F
10:53:08,INDF,RG,6500,4,F,RX,AK,D
10:53:08,INDF,RG,6500,25,F,RX,AK,F
10:53:08,INDF,RG,6500,9,F,RX,CG,F
10:53:08,INDF,RG,6500,1,F,RX,ZP,F
10:53:08,INDF,RG,6500,314,F,RX,AK,F
10:53:08,INDF,RG,6500,14,F,RX,ZP,F
10:53:08,INDF,RG,6500,1,F,RX,ZP,F
10:53:08,INDF,RG,6500,3,F,RX,ZP,F
10:53:08,INDF,RG,6500,8,F,RX,XC,D
10:53:08,INDF,RG,6500,3,F,RX,AK,D
10:53:08,INDF,RG,6500,3,F,RX,AK,D
10:53:08,INDF,RG,6500,22,F,RX,AK,D
10:53:08,INDF,RG,6500,16,F,RX,AK,D
10:53:08,INDF,RG,6500,3,F,RX,AK,D
10:53:08,INDF,RG,6500,50,F,RX,ZP,F
10:53:08,INDF,RG,6500,2000,F,RX,YP,D
10:53:08,INDF,RG,6500,23,F,RX,CG,F
10:53:08,INDF,RG,6500,2,F,RX,AK,D
10:53:08,INDF,RG,6500,13,F,RX,AK,D
10:53:08,INDF,RG,6500,8,F,RX,AK,D
10:53:08,INDF,RG,6500,2,F,RX,AK,D
10:53:08,INDF,RG,6500,86,F,RX,AK,F
10:52:26,INDF,RG,6475,15,F,AK,DH,D
10:52:02,INDF,RG,6475,31,F,AK,ZP,F
10:51:39,INDF,RG,6475,6,F,AK,ZP,F
10:49:45,INDF,RG,6475,57,F,AK,AK,F
10:49:44,INDF,RG,6475,1,F,AK,XC,D
10:48:22,INDF,RG,6500,23,D,CS,AK,F
10:48:21,INDF,RG,6500,17,D,PD,AK,F
10:48:21,INDF,RG,6500,1,D,PD,CC,D
10:48:21,INDF,RG,6500,5,D,PD,SQ,D
10:48:21,INDF,RG,6500,1,D,PD,AT,D
10:48:21,INDF,RG,6500,2,D,PD,SQ,D
10:48:21,INDF,RG,6500,5,D,PD,CG,F
10:48:21,INDF,RG,6500,1,D,PD,PC,D
10:48:21,INDF,RG,6500,23,D,PD,ZP,F
10:48:21,INDF,RG,6500,5,D,PD,CG,F
10:48:21,INDF,RG,6500,40,D,PD,BK,F
10:48:21,INDF,RG,6500,5,D,PD,ZP,F
10:48:21,INDF,RG,6500,9,D,PD,ZP,F
10:48:21,INDF,RG,6500,4,D,PD,ZP,F
10:48:21,INDF,RG,6500,5,D,PD,CG,F
10:48:21,INDF,RG,6500,8,D,PD,CG,F
10:48:21,INDF,RG,6500,21,D,PD,AK,F
10:47:41,INDF,RG,6500,45,D,KZ,AK,F
10:47:41,INDF,RG,6500,2,D,KZ,AK,F
10:47:39,INDF,RG,6500,21,D,CS,AK,F
10:47:28,INDF,RG,6500,15,D,DH,AK,F
10:47:21,INDF,RG,6500,54,D,KZ,AK,F
10:47:21,INDF,RG,6500,11,D,KZ,AK,D
10:47:21,INDF,RG,6500,9,D,KZ,AK,D
10:47:21,INDF,RG,6500,4,D,KZ,AK,D
10:47:19,INDF,RG,6500,2,D,CS,AK,D
10:47:19,INDF,RG,6500,10,D,CS,AK,D
10:47:19,INDF,RG,6500,5,D,CS,AK,D
10:47:19,INDF,RG,6500,17,D,CS,AK,D
10:47:19,INDF,RG,6500,2,D,CS,AK,D
10:47:19,INDF,RG,6500,30,D,CS,AK,D
10:47:19,INDF,RG,6500,15,D,CS,AK,F
10:47:19,INDF,RG,6500,169,D,CS,AK,F
10:47:07,INDF,RG,6500,64,D,CS,AK,F
10:47:07,INDF,RG,6500,1,D,XC,AK,F
10:46:50,INDF,RG,6500,106,D,XC,AK,F
10:45:52,INDF,RG,6500,4,D,NI,AK,F
10:45:36,INDF,RG,6500,10,F,RX,AK,F
10:44:34,INDF,RG,6500,24,F,RX,AK,F
10:44:34,INDF,RG,6500,40,F,RX,AK,F
10:44:30,INDF,RG,6500,23,D,CS,AK,F
10:44:30,INDF,RG,6500,28,D,CS,AK,F
10:44:30,INDF,RG,6500,41,F,AK,AK,F
10:44:30,INDF,RG,6500,7,F,AK,AK,D
10:44:30,INDF,RG,6500,2,F,AK,YP,D
10:44:30,INDF,RG,6500,1,F,AK,CC,D
10:44:30,INDF,RG,6500,9,F,AK,ZP,F
10:44:30,INDF,RG,6500,17,F,AK,CG,F
10:44:30,INDF,RG,6500,5,F,AK,NI,D
10:44:30,INDF,RG,6500,3,F,AK,ZP,F
10:44:30,INDF,RG,6500,11,F,AK,AK,D
10:44:30,INDF,RG,6500,18,F,AK,AK,D
10:44:30,INDF,RG,6500,41,F,AK,AK,D
10:44:30,INDF,RG,6500,14,F,AK,AK,D
10:44:30,INDF,RG,6500,161,F,AK,AK,F
10:44:30,INDF,RG,6500,364,F,AK,CS,F
10:44:30,INDF,RG,6500,13,F,AK,AK,D
10:44:30,INDF,RG,6500,2,F,AK,AK,D
10:44:30,INDF,RG,6500,9,F,AK,AK,D
10:44:30,INDF,RG,6500,2,F,AK,AK,D
10:44:30,INDF,RG,6500,134,F,AK,AK,F
10:44:30,INDF,RG,6500,101,F,AK,CG,F
10:44:30,INDF,RG,6500,1,F,AK,PD,D
10:44:30,INDF,RG,6500,1,F,AK,ZP,F
10:44:30,INDF,RG,6500,39,F,AK,YU,D
10:44:30,INDF,RG,6500,1,F,AK,XC,D
10:44:30,INDF,RG,6500,50,F,AK,CC,D
10:44:30,INDF,RG,6500,86,F,AK,ZP,F
10:44:30,INDF,RG,6500,1,F,AK,CC,D
10:44:30,INDF,RG,6500,50,F,AK,YP,D
10:44:30,INDF,RG,6500,35,F,AK,NI,D
10:44:30,INDF,RG,6500,128,F,AK,AK,F
10:44:30,INDF,RG,6500,1,F,AK,PD,D
10:44:30,INDF,RG,6500,1,F,AK,XC,D
10:44:30,INDF,RG,6500,20,F,AK,GR,D
10:44:30,INDF,RG,6500,1,F,AK,OD,D
10:44:30,INDF,RG,6500,10,F,AK,NI,D
10:44:30,INDF,RG,6500,1,F,AK,PD,D
10:44:30,INDF,RG,6500,2,F,AK,NI,D
10:44:30,INDF,RG,6500,24,F,AK,NI,D
10:44:30,INDF,RG,6500,93,F,AK,AK,F
10:44:17,INDF,RG,6475,31,F,AK,ZP,F
10:44:13,INDF,RG,6475,1,F,AK,DR,D
10:42:58,INDF,RG,6475,1,F,AK,ZP,F
10:42:56,INDF,RG,6475,3,F,AK,YP,D
10:42:55,INDF,RG,6475,2,F,AK,CC,D
10:41:50,INDF,RG,6475,11,F,AK,DH,D
10:41:49,INDF,RG,6500,27,F,YU,AK,F
10:41:49,INDF,RG,6500,13,F,YU,AK,D
10:41:49,INDF,RG,6500,1,F,YU,XC,D
10:41:49,INDF,RG,6500,1,F,YU,GR,D
10:41:49,INDF,RG,6500,15,F,YU,BQ,D
10:41:49,INDF,RG,6500,5,F,YU,AK,D
10:41:49,INDF,RG,6500,19,F,YU,AK,D
10:41:49,INDF,RG,6500,1,F,YU,XC,D
10:41:49,INDF,RG,6500,14,F,YU,AK,D
10:41:49,INDF,RG,6500,2,F,YU,AK,D
10:41:49,INDF,RG,6500,13,F,YU,AK,D
10:41:49,INDF,RG,6500,1,F,YU,AK,D
10:41:49,INDF,RG,6500,8,F,YU,AK,D
10:41:49,INDF,RG,6500,2,F,YU,AK,D
10:41:49,INDF,RG,6500,102,F,YU,AK,F
10:41:49,INDF,RG,6500,37,F,YU,AK,F
10:41:49,INDF,RG,6500,1,F,YU,PD,D
10:41:49,INDF,RG,6500,2,F,YU,SQ,D
10:41:49,INDF,RG,6500,1,F,YU,XC,D
10:41:49,INDF,RG,6500,1,F,YU,ZP,F
10:41:49,INDF,RG,6500,8,F,YU,CG,F
10:41:49,INDF,RG,6500,9,F,YU,CG,F
10:41:49,INDF,RG,6500,4,F,YU,PD,D
10:41:49,INDF,RG,6500,5,F,YU,CG,F
10:41:49,INDF,RG,6500,44,F,YU,BK,F
10:41:49,INDF,RG,6500,53,F,YU,BK,F
10:41:49,INDF,RG,6500,2,F,YU,ZP,F
10:41:49,INDF,RG,6500,4,F,YU,ZP,F
10:41:49,INDF,RG,6500,3,F,YU,ZP,F
10:41:49,INDF,RG,6500,1,F,YU,ZP,F
10:41:49,INDF,RG,6500,1,F,YU,ZP,F
10:41:49,INDF,RG,6500,1,F,YU,ZP,F
10:41:49,INDF,RG,6500,9,F,YU,CG,F
10:41:49,INDF,RG,6500,38,F,YU,AK,F
10:41:45,INDF,RG,6475,1,F,AK,PD,D
10:41:40,INDF,RG,6475,1,F,AK,CG,F
10:41:40,INDF,RG,6475,4,D,CS,CG,F
10:41:08,INDF,RG,6475,1,D,CS,ZP,F
10:40:59,INDF,RG,6475,3,D,CS,CG,F
10:40:39,INDF,RG,6475,3,D,CS,CG,F
10:40:19,INDF,RG,6475,3,D,CS,CG,F
10:40:08,INDF,RG,6475,1,D,CS,ZP,F
10:40:00,INDF,RG,6475,13,D,CS,ZP,F
10:39:59,INDF,RG,6475,5,D,CS,CG,F
10:39:53,INDF,RG,6475,4,D,CS,AK,F
10:39:53,INDF,RG,6475,28,D,CS,AK,F
10:39:53,INDF,RG,6475,27,D,CS,AK,F
10:39:53,INDF,RG,6475,2,D,CS,AK,F
10:39:53,INDF,RG,6475,2,D,PD,AK,F
10:39:53,INDF,RG,6475,17,D,CS,AK,F
10:39:53,INDF,RG,6475,1,F,KZ,AK,F
10:39:53,INDF,RG,6475,5,D,CS,AK,F
10:39:53,INDF,RG,6475,1,D,CS,AK,F
10:39:53,INDF,RG,6475,19,D,CS,AK,F
10:39:53,INDF,RG,6475,6,D,CS,AK,F
10:39:53,INDF,RG,6475,32,D,CS,AK,F
10:39:53,INDF,RG,6475,33,F,RX,AK,F
10:39:36,INDF,RG,6475,6,F,RX,ZP,F
10:39:24,INDF,RG,6475,3,F,RX,CG,F
10:39:09,INDF,RG,6475,1,F,RX,ZP,F
10:39:05,INDF,RG,6500,1,D,EP,AK,F
10:39:03,INDF,RG,6475,3,F,RX,CG,F
10:39:03,INDF,RG,6500,11,F,BK,AK,F
10:38:44,INDF,RG,6475,3,F,RX,CG,F
10:38:24,INDF,RG,6475,3,F,RX,CG,F
10:38:09,INDF,RG,6475,3,F,RX,ZP,F
10:38:04,INDF,RG,6475,3,F,RX,CG,F
10:37:59,INDF,RG,6475,9,F,RX,ZP,F
10:37:59,INDF,RG,6475,30,F,RX,AK,D
10:37:56,INDF,RG,6475,2,F,RX,ZP,F
10:37:53,INDF,RG,6475,36,F,RX,AK,F
10:37:53,INDF,RG,6475,10,D,YP,AK,F
10:37:53,INDF,RG,6475,39,D,YJ,AK,F
10:37:53,INDF,RG,6475,45,D,YJ,AK,F
10:37:44,INDF,RG,6475,3,D,YJ,CG,F
10:37:29,INDF,RG,6475,1,D,YJ,ZP,F
10:37:24,INDF,RG,6475,1,D,YJ,CG,F
10:37:24,INDF,RG,6475,3,D,YP,CG,F
10:37:03,INDF,RG,6475,3,D,YP,CG,F
10:37:03,INDF,RG,6500,50,F,RX,AK,F
10:37:01,INDF,RG,6500,38,D,CS,AK,F
10:36:44,INDF,RG,6475,3,D,YP,CG,F
10:36:24,INDF,RG,6475,1,D,YP,CG,F
10:36:24,INDF,RG,6475,3,D,OD,CG,F
10:36:24,INDF,RG,6500,2,F,KZ,AK,F
10:36:15,INDF,RG,6500,3,F,KZ,AK,F
10:36:12,INDF,RG,6475,1,D,OD,ZP,F
10:36:07,INDF,RG,6500,6,F,KZ,AK,F
10:36:04,INDF,RG,6475,1,D,OD,CG,F
10:36:04,INDF,RG,6475,1,D,KZ,CG,F
10:36:04,INDF,RG,6475,1,D,YP,CG,F
10:36:04,INDF,RG,6475,1,D,YJ,CG,F
10:35:59,INDF,RG,6500,12,F,KZ,AK,F
10:35:54,INDF,RG,6500,1,F,KZ,AK,F
10:35:51,INDF,RG,6500,8,D,KZ,AK,F
10:35:51,INDF,RG,6500,5,D,KZ,AK,F
10:35:51,INDF,RG,6500,24,D,KZ,AK,F
10:35:51,INDF,RG,6500,13,D,KZ,ZP,F
10:35:51,INDF,RG,6500,3,D,KZ,ZP,F
10:35:49,INDF,RG,6475,1,D,YJ,CC,D
10:35:49,INDF,RG,6475,1,D,YJ,ZP,F
10:35:47,INDF,RG,6475,1,D,YJ,CC,D
10:35:46,INDF,RG,6475,4,D,YJ,CG,F
10:35:45,INDF,RG,6500,17,D,CS,ZP,F
10:35:45,INDF,RG,6500,60,D,CS,CS,F
10:35:29,INDF,RG,6475,4,D,YJ,CG,F
10:35:15,INDF,RG,6475,1,D,YJ,YP,D
10:35:12,INDF,RG,6475,1,D,YJ,ZP,F
10:35:09,INDF,RG,6475,4,D,YJ,CG,F
10:35:02,INDF,RG,6475,12,D,YJ,ZP,F
10:34:59,INDF,RG,6475,2,D,YJ,ZP,F
10:34:53,INDF,RG,6475,93,D,YJ,AK,F
10:34:53,INDF,RG,6475,70,D,YJ,AK,F
10:34:53,INDF,RG,6475,5,D,NI,AK,F
10:34:53,INDF,RG,6475,9,D,YJ,AK,F
10:34:49,INDF,RG,6475,5,D,YJ,CG,F
10:34:12,INDF,RG,6475,1,D,YJ,ZP,F
10:34:09,INDF,RG,6475,3,D,YJ,CG,F
10:34:01,INDF,RG,6475,2,D,YJ,DH,D
10:33:50,INDF,RG,6500,1,D,PD,CS,F
10:33:49,INDF,RG,6475,5,D,YJ,CG,F
10:33:16,INDF,RG,6475,1,D,YJ,ZP,F
10:33:14,INDF,RG,6475,3,D,YJ,CG,F
10:33:06,INDF,RG,6475,3,D,YJ,CC,D
10:32:54,INDF,RG,6475,3,D,YJ,CG,F
10:32:54,INDF,RG,6500,34,D,CS,CS,F
10:32:43,INDF,RG,6475,1,D,YJ,ZP,F
10:32:36,INDF,RG,6475,3,D,YJ,CG,F
10:32:36,INDF,RG,6475,1,D,YJ,ZP,F
10:32:33,INDF,RG,6475,1,D,YJ,ZP,F
10:32:32,INDF,RG,6475,10,D,YJ,YP,D
10:32:26,INDF,RG,6475,9,D,YJ,ZP,F
10:32:24,INDF,RG,6500,1,F,KZ,CS,F
10:32:23,INDF,RG,6475,30,D,YJ,AK,F
10:32:23,INDF,RG,6475,1,D,RB,AK,F
10:32:23,INDF,RG,6475,75,D,YJ,AK,F
10:32:23,INDF,RG,6475,1,D,KZ,AK,F
10:32:23,INDF,RG,6475,34,D,CS,AK,F
10:32:19,INDF,RG,6475,6,D,CS,CG,F
10:32:19,INDF,RG,6500,9,F,KZ,CS,F
10:31:58,INDF,RG,6500,78,D,CS,CS,F
10:31:54,INDF,RG,6500,8,F,KZ,CS,F
10:31:52,INDF,RG,6475,1,D,CS,ZP,F
10:31:49,INDF,RG,6475,4,D,CS,CG,F
10:31:35,INDF,RG,6475,1,D,CS,ZP,F
10:31:29,INDF,RG,6475,3,D,CS,CG,F
10:31:24,INDF,RG,6500,38,F,KZ,CS,F
10:31:20,INDF,RG,6500,4,F,KZ,CS,F
10:31:19,INDF,RG,6500,2,F,KZ,CS,F
10:31:16,INDF,RG,6500,7,D,PD,CS,F
10:31:14,INDF,RG,6500,1,F,KZ,CS,F
10:31:14,INDF,RG,6500,2,F,KZ,CS,F
10:31:14,INDF,RG,6500,4,F,KZ,CS,F
10:31:11,INDF,RG,6500,31,D,KZ,CS,F
10:31:11,INDF,RG,6500,2,D,KZ,CS,F
10:31:09,INDF,RG,6475,3,D,CS,CG,F
10:31:00,INDF,RG,6500,100,D,ZP,CS,F
10:30:49,INDF,RG,6475,6,D,CS,CG,F
10:30:14,INDF,RG,6475,2,D,CS,CG,F
10:29:36,INDF,RG,6500,11,D,PD,CS,F
10:29:16,INDF,RG,6500,14,D,CS,CS,F
10:29:16,INDF,RG,6500,21,D,CS,AK,F
10:28:58,INDF,RG,6500,3,D,NI,AK,F
10:28:47,INDF,RG,6475,1,D,CS,ZP,F
10:28:40,INDF,RG,6475,13,D,CS,ZP,F
10:28:38,INDF,RG,6475,57,D,CS,AK,F
10:28:38,INDF,RG,6475,229,D,CS,AK,F
10:28:37,INDF,RG,6475,2,D,CS,CC,D
10:28:30,INDF,RG,6475,31,D,CS,ZP,F
10:28:27,INDF,RG,6475,6,D,CS,ZP,F
10:28:24,INDF,RG,6500,27,F,KZ,AK,F
10:28:19,INDF,RG,6500,1,F,KZ,AK,F
10:28:15,INDF,RG,6500,9,F,KZ,AK,F
10:28:15,INDF,RG,6500,76,D,CS,AK,F
10:28:14,INDF,RG,6500,1,F,KZ,AK,F
10:28:14,INDF,RG,6500,1,F,KZ,AK,F
10:28:09,INDF,RG,6500,4,F,KZ,AK,F
10:28:09,INDF,RG,6500,1,F,KZ,AK,F
10:28:09,INDF,RG,6500,1,F,KZ,AK,F
10:28:09,INDF,RG,6500,1,F,KZ,AK,D
10:28:09,INDF,RG,6500,1,F,KZ,AK,D
10:26:44,INDF,RG,6475,1,D,CS,KK,D
10:25:33,INDF,RG,6500,22,D,CS,AK,D
10:25:33,INDF,RG,6500,5,D,CS,AK,D
10:25:33,INDF,RG,6500,8,D,CS,AK,D
10:24:41,INDF,RG,6500,10,D,CS,AK,D
10:24:41,INDF,RG,6500,5,D,CS,AK,D
10:24:41,INDF,RG,6500,2,D,CS,AK,D
10:24:41,INDF,RG,6500,13,D,CS,AK,D
10:24:41,INDF,RG,6500,9,D,CS,AK,D
10:24:41,INDF,RG,6500,2,D,CS,AK,D
10:24:41,INDF,RG,6500,2,D,CS,AK,D
10:24:41,INDF,RG,6500,12,D,CS,AK,D
10:24:41,INDF,RG,6500,10,D,CS,AK,F
10:24:32,INDF,RG,6500,5,D,PD,AK,F
10:24:29,INDF,RG,6475,21,D,YP,AK,D
10:24:23,INDF,RG,6475,298,D,YP,AK,F
10:24:05,INDF,RG,6475,25,D,YP,ZP,F
10:24:05,INDF,RG,6475,6,F,KZ,ZP,F
10:23:52,INDF,RG,6475,6,F,KZ,ZP,F
10:23:01,INDF,RG,6500,3,D,AT,AK,F
10:22:19,INDF,RG,6500,1,F,KZ,AK,F
10:21:57,INDF,RG,6500,10,D,CC,AK,F
10:21:34,INDF,RG,6500,10,F,KZ,AK,F
10:21:25,INDF,RG,6500,1,D,PD,AK,F
10:21:11,INDF,RG,6500,83,D,KZ,AK,F
10:21:11,INDF,RG,6500,4,D,KZ,AK,F
10:18:39,INDF,RG,6500,1,D,PD,AK,F
10:17:39,INDF,RG,6500,1,F,KZ,AK,F
10:17:15,INDF,RG,6500,11,F,BK,AK,F
10:17:12,INDF,RG,6500,62,F,KZ,AK,F
10:17:12,INDF,RG,6500,8,F,KZ,AK,D
10:17:12,INDF,RG,6500,58,F,KZ,AK,F
10:17:11,INDF,RG,6500,60,D,KZ,AK,F
10:17:11,INDF,RG,6500,1,D,KZ,AK,F
10:17:11,INDF,RG,6500,2,D,KZ,AK,D
10:17:10,INDF,RG,6500,5,F,AK,NI,D
10:17:10,INDF,RG,6500,11,F,AK,AK,D
10:17:10,INDF,RG,6500,1,F,AK,CC,D
10:17:10,INDF,RG,6500,2,F,AK,AK,D
10:17:10,INDF,RG,6500,8,F,AK,AK,D
10:17:10,INDF,RG,6500,2,F,AK,AK,D
10:17:10,INDF,RG,6500,410,F,AK,CS,F
10:17:10,INDF,RG,6500,23,F,AK,CG,F
10:17:10,INDF,RG,6500,1,F,AK,CC,D
10:17:10,INDF,RG,6500,21,F,AK,ZP,F
10:17:10,INDF,RG,6500,4,F,AK,CC,D
10:17:10,INDF,RG,6500,1,F,AK,DH,D
10:17:10,INDF,RG,6500,187,F,AK,AK,F
10:17:10,INDF,RG,6500,19,F,AK,SQ,D
10:17:10,INDF,RG,6500,14,F,AK,CG,F
10:17:10,INDF,RG,6500,1,F,AK,PD,D
10:17:10,INDF,RG,6500,5,F,AK,SQ,D
10:17:10,INDF,RG,6500,1,F,AK,CC,D
10:17:10,INDF,RG,6500,26,F,AK,ZP,F
10:17:10,INDF,RG,6500,18,F,AK,CG,F
10:17:10,INDF,RG,6500,16,F,AK,NI,D
10:17:10,INDF,RG,6500,2,F,AK,AK,D
10:17:10,INDF,RG,6500,19,F,AK,AK,D
10:17:10,INDF,RG,6500,13,F,AK,AK,D
10:17:10,INDF,RG,6500,2,F,AK,AK,D
10:17:10,INDF,RG,6500,23,F,AK,DH,D
10:17:10,INDF,RG,6500,57,F,AK,AK,F
10:17:10,INDF,RG,6500,5,F,AK,BK,F
10:17:10,INDF,RG,6500,168,F,AK,AK,F
10:17:10,INDF,RG,6500,3,F,AK,ZP,F
10:17:10,INDF,RG,6500,1,F,AK,ZP,F
10:17:10,INDF,RG,6500,3,F,AK,AK,D
10:17:10,INDF,RG,6500,17,F,AK,AK,D
10:17:10,INDF,RG,6500,13,F,AK,AK,D
10:17:10,INDF,RG,6500,4,F,AK,AK,D
10:17:10,INDF,RG,6500,61,F,AK,AK,F
10:17:10,INDF,RG,6500,5,F,AK,ZP,F
10:17:10,INDF,RG,6500,66,F,AK,CG,F
10:17:10,INDF,RG,6500,3,F,AK,AK,F
10:17:10,INDF,RG,6500,147,F,AK,YB,D
10:17:09,INDF,RG,6475,4,F,KZ,CG,F
10:16:49,INDF,RG,6475,3,F,KZ,CG,F
10:16:35,INDF,RG,6475,1,F,KZ,ZP,F
10:16:32,INDF,RG,6475,1,F,KZ,ZP,F
10:16:29,INDF,RG,6475,6,F,KZ,CG,F
10:16:26,INDF,RG,6500,1,D,AT,YB,D
10:16:25,INDF,RG,6475,2,F,KZ,ZP,F
10:16:25,INDF,RG,6475,3,F,YU,ZP,F
10:16:23,INDF,RG,6475,109,F,YU,AK,F
10:16:23,INDF,RG,6475,23,F,YU,AK,F
10:15:31,INDF,RG,6475,2,F,YU,PD,D
10:15:07,INDF,RG,6475,1,F,YU,XC,D
10:14:51,INDF,RG,6475,1,F,YU,CC,D
10:14:45,INDF,RG,6475,1,F,YU,ZP,F
10:14:43,INDF,RG,6475,2,F,YU,CC,D
10:14:16,INDF,RG,6475,10,F,YU,YP,D
10:14:15,INDF,RG,6475,5,F,YU,DH,D
10:13:52,INDF,RG,6475,7,F,YU,ZP,F
10:13:49,INDF,RG,6475,1,F,YU,ZP,F
10:13:45,INDF,RG,6475,59,F,YU,AK,F
10:13:45,INDF,RG,6475,112,F,YU,AK,F
10:13:45,INDF,RG,6475,13,F,YU,AK,F
10:13:44,INDF,RG,6475,15,F,YU,AK,D
10:13:14,INDF,RG,6475,1,F,YU,SQ,D
10:13:02,INDF,RG,6475,1,F,YU,ZP,F
10:12:57,INDF,RG,6475,1,F,YU,PD,D
10:12:54,INDF,RG,6500,1,D,PD,YB,D
10:12:52,INDF,RG,6475,3,F,YU,ZP,F
10:12:49,INDF,RG,6475,1,F,YU,ZP,F
10:12:43,INDF,RG,6475,77,F,YU,PD,D
10:12:43,INDF,RG,6475,2,F,KZ,PD,D
10:12:43,INDF,RG,6475,5,D,YP,PD,D
10:12:43,INDF,RG,6475,1,D,AZ,PD,D
10:12:43,INDF,RG,6475,13,F,KZ,PD,D
10:12:04,INDF,RG,6475,1,F,KZ,NI,D
10:11:42,INDF,RG,6475,1,F,KZ,ZP,F
10:11:31,INDF,RG,6475,50,F,KZ,GR,D
10:11:09,INDF,RG,6500,2,F,KZ,YB,D
10:10:42,INDF,RG,6500,1,F,AK,YB,D
10:10:42,INDF,RG,6500,9,D,CS,YB,D
10:10:42,INDF,RG,6500,1,F,AK,YB,D
10:10:42,INDF,RG,6500,4,D,CS,YB,D
10:10:42,INDF,RG,6500,5,F,KZ,YB,D
10:10:42,INDF,RG,6500,54,F,AK,YB,D
10:10:42,INDF,RG,6500,1,D,XC,YB,D
10:10:42,INDF,RG,6500,3,F,KZ,YB,D
10:10:42,INDF,RG,6500,36,D,CS,YB,D
10:10:42,INDF,RG,6500,1,D,KK,YB,D
10:10:42,INDF,RG,6500,31,D,CS,YB,D
10:10:42,INDF,RG,6500,61,F,RX,YB,D
10:10:42,INDF,RG,6500,5,D,SQ,YB,D
10:10:42,INDF,RG,6500,7,D,CS,YB,D
10:10:42,INDF,RG,6500,8,D,EP,YB,D
10:10:42,INDF,RG,6500,4,F,ZP,YB,D
10:10:42,INDF,RG,6500,8,F,ZP,ZP,F
10:10:39,INDF,RG,6525,1,D,PD,YU,D
10:10:39,INDF,RG,6500,8,F,ZP,CG,F
10:10:39,INDF,RG,6500,21,D,CS,CG,F
10:10:39,INDF,RG,6500,5,D,CS,CG,F
10:10:39,INDF,RG,6500,28,D,CS,CG,F
10:10:39,INDF,RG,6500,1,F,KZ,CG,F
10:10:39,INDF,RG,6500,3,F,KZ,CG,F
10:10:38,INDF,RG,6500,37,F,KZ,AK,F
10:10:38,INDF,RG,6500,7,F,KZ,AK,F
10:10:38,INDF,RG,6500,1,F,AK,AK,F
10:10:38,INDF,RG,6500,84,F,AK,AK,F
10:10:38,INDF,RG,6500,66,F,ZP,AK,F
10:10:24,INDF,RG,6525,37,F,KZ,YU,D
10:09:50,INDF,RG,6525,3,D,XC,YU,D
10:09:08,INDF,RG,6500,2,F,ZP,ZP,F
10:09:05,INDF,RG,6500,1,F,ZP,ZP,F
10:09:05,INDF,RG,6500,50,F,ZP,GR,D
10:09:01,INDF,RG,6500,24,F,ZP,ZP,F
10:08:57,INDF,RG,6500,1,F,ZP,PD,D
10:08:30,INDF,RG,6500,19,F,ZP,AK,D
10:08:03,INDF,RG,6500,1,F,ZP,CC,D
10:07:58,INDF,RG,6500,5,F,ZP,ZP,F
10:07:53,INDF,RG,6500,55,F,ZP,AK,F
10:07:53,INDF,RG,6500,38,D,CS,AK,F
10:07:53,INDF,RG,6500,3,D,PD,AK,F
10:07:53,INDF,RG,6500,32,D,CS,AK,F
10:07:53,INDF,RG,6500,6,D,KZ,AK,F
10:07:53,INDF,RG,6500,65,D,KZ,AK,F
10:07:50,INDF,RG,6500,1,D,KZ,XC,D
10:07:21,INDF,RG,6500,20,D,KZ,ZP,F
10:07:05,INDF,RG,6500,1,D,KZ,ZP,F
10:06:59,INDF,RG,6500,5,D,KZ,NI,D
10:06:58,INDF,RG,6500,1,D,KZ,ZP,F
10:06:16,INDF,RG,6500,1,D,KZ,PD,D
10:05:56,INDF,RG,6525,1,D,YP,YU,D
10:05:43,INDF,RG,6500,2,D,KZ,NI,D
10:05:25,INDF,RG,6500,3,D,KZ,ZP,F
10:05:22,INDF,RG,6500,26,D,KZ,AK,F
10:05:22,INDF,RG,6500,40,D,CS,AK,F
10:05:22,INDF,RG,6500,2,F,KZ,AK,F
10:05:22,INDF,RG,6500,1,F,KZ,AK,F
10:05:22,INDF,RG,6500,14,D,YP,AK,F
10:05:22,INDF,RG,6500,5,F,KZ,AK,F
10:05:22,INDF,RG,6500,58,F,AK,AK,F
10:05:22,INDF,RG,6500,7,F,AK,AK,F
10:05:22,INDF,RG,6500,1,F,KZ,AK,F
10:05:22,INDF,RG,6500,34,F,KZ,AK,F
10:05:21,INDF,RG,6500,3,F,KZ,ZP,F
10:05:15,INDF,RG,6500,1,F,KZ,ZP,F
10:05:13,INDF,RG,6500,2,F,KZ,PD,D
10:05:11,INDF,RG,6500,26,F,KZ,CG,F
10:05:10,INDF,RG,6500,23,F,KZ,PD,D
10:05:10,INDF,RG,6500,2,D,YP,PD,D
10:05:05,INDF,RG,6500,8,D,YP,LG,D
10:05:05,INDF,RG,6500,21,D,CS,LG,D
10:05:05,INDF,RG,6500,19,D,CS,LG,D
10:05:05,INDF,RG,6500,2,D,CS,LG,D
10:04:23,INDF,RG,6500,1,D,CS,CC,D
10:04:22,INDF,RG,6500,1,D,CS,ZP,F
10:04:15,INDF,RG,6500,8,D,CS,HP,D
10:03:55,INDF,RG,6500,1,D,CS,ZP,F
10:03:53,INDF,RG,6500,4,D,CS,PD,D
10:03:53,INDF,RG,6500,13,D,CS,YP,D
10:03:53,INDF,RG,6500,6,D,CS,YP,D
10:03:53,INDF,RG,6500,5,D,NI,YP,D
10:03:53,INDF,RG,6500,5,D,CS,YP,D
10:03:53,INDF,RG,6500,21,D,CS,YP,D
10:03:49,INDF,RG,6500,6,D,CS,YP,D
10:03:40,INDF,RG,6500,1,D,CS,PD,D
10:03:06,INDF,RG,6500,12,D,CS,CG,F
10:03:06,INDF,RG,6500,10,D,CS,CG,F
10:03:06,INDF,RG,6500,37,F,ZP,CG,F
10:03:06,INDF,RG,6500,6,D,CS,CG,F
10:02:50,INDF,RG,6500,1,D,CS,ZP,F
10:02:46,INDF,RG,6500,5,D,CS,YP,D
10:02:46,INDF,RG,6500,29,F,KZ,YP,D
10:02:46,INDF,RG,6500,1,D,CC,YP,D
10:02:46,INDF,RG,6500,21,D,CS,YP,D
10:02:46,INDF,RG,6500,8,F,RX,YP,D
10:02:43,INDF,RG,6500,15,F,RX,KK,D
10:02:37,INDF,RG,6500,1,F,RX,ZP,F
10:02:34,INDF,RG,6500,2,F,RX,CG,F
10:02:22,INDF,RG,6500,15,F,RX,CP,D
10:02:20,INDF,RG,6500,1,F,RX,ZP,F
10:02:17,INDF,RG,6525,1,D,YP,YU,D
10:02:15,INDF,RG,6525,36,F,AK,YU,D
10:02:15,INDF,RG,6525,1,F,AK,XC,D
10:02:15,INDF,RG,6525,2,F,AK,AK,D
10:02:15,INDF,RG,6525,11,F,AK,AK,D
10:02:15,INDF,RG,6525,8,F,AK,AK,D
10:02:15,INDF,RG,6525,2,F,AK,AK,D
10:02:15,INDF,RG,6525,50,F,AK,YP,D
10:02:15,INDF,RG,6525,15,F,AK,YB,D
10:02:15,INDF,RG,6525,8,F,AK,NI,D
10:02:15,INDF,RG,6525,2,F,AK,NI,D
10:02:15,INDF,RG,6525,5,F,AK,PD,D
10:02:15,INDF,RG,6525,7,F,AK,AK,D
10:02:15,INDF,RG,6525,2,F,AK,AK,D
10:02:15,INDF,RG,6525,2,F,AK,AK,D
10:02:15,INDF,RG,6525,11,F,AK,AK,D
10:02:15,INDF,RG,6525,1,F,AK,GR,D
10:02:15,INDF,RG,6525,130,F,AK,AK,F
10:02:15,INDF,RG,6525,215,F,AK,CS,F
10:02:14,INDF,RG,6500,71,F,RX,YP,D
10:02:14,INDF,RG,6500,2,D,CC,YP,D
10:02:14,INDF,RG,6500,73,F,ZP,YP,D
10:02:14,INDF,RG,6500,10,D,CS,YP,D
10:02:14,INDF,RG,6500,3,D,NI,YP,D
10:02:14,INDF,RG,6500,73,F,KZ,YP,D
10:02:08,INDF,RG,6500,2,F,KZ,XC,D
10:02:07,INDF,RG,6500,50,F,KZ,YP,D
10:02:00,INDF,RG,6500,1,F,KZ,ZP,F
10:01:51,INDF,RG,6500,10,F,KZ,CP,D
10:01:39,INDF,RG,6500,2,F,KZ,KK,D
10:01:34,INDF,RG,6500,2,F,KZ,XC,D
10:01:21,INDF,RG,6500,2,F,KZ,DH,D
10:01:13,INDF,RG,6500,1,F,KZ,CC,D
10:01:10,INDF,RG,6500,61,F,KZ,ZP,F
10:01:07,INDF,RG,6500,20,F,KZ,ZP,F
10:01:04,INDF,RG,6500,82,F,KZ,AK,F
10:01:04,INDF,RG,6500,21,D,CS,AK,F
10:01:04,INDF,RG,6500,21,D,CS,AK,F
10:01:04,INDF,RG,6500,36,F,ZP,AK,F
10:01:04,INDF,RG,6500,11,D,CS,AK,F
10:01:04,INDF,RG,6500,100,D,XC,AK,F
10:01:04,INDF,RG,6500,31,D,CS,AK,F
10:01:04,INDF,RG,6500,139,F,ZP,AK,F
10:01:04,INDF,RG,6500,59,D,SQ,AK,F
10:01:04,INDF,RG,6500,155,D,SQ,AK,F
10:01:03,INDF,RG,6500,500,D,SQ,AK,F
10:01:02,INDF,RG,6500,500,D,SQ,AK,F
10:01:01,INDF,RG,6500,500,D,SQ,AK,F
10:01:00,INDF,RG,6500,40,D,SQ,ZP,F
10:00:58,INDF,RG,6500,45,D,SQ,AK,F
10:00:58,INDF,RG,6500,38,D,CS,AK,F
10:00:58,INDF,RG,6500,1,D,CC,AK,F
10:00:58,INDF,RG,6500,27,D,CS,AK,F
10:00:58,INDF,RG,6500,3,D,KZ,AK,F
10:00:58,INDF,RG,6500,59,D,KZ,AK,F
10:00:58,INDF,RG,6500,17,D,CS,AK,F
10:00:58,INDF,RG,6500,130,F,RX,AK,F
10:00:58,INDF,RG,6500,56,F,ZP,AK,F
10:00:58,INDF,RG,6500,9,D,CS,AK,F
10:00:58,INDF,RG,6500,37,D,CS,AK,F
10:00:58,INDF,RG,6500,38,D,CS,AK,F
10:00:58,INDF,RG,6500,1,D,PD,AK,F
10:00:58,INDF,RG,6500,39,F,AK,AK,F
10:00:57,INDF,RG,6500,2,F,AK,ZP,F
10:00:53,INDF,RG,6500,3,F,AK,AK,F
10:00:53,INDF,RG,6500,11,F,BK,AK,F
10:00:53,INDF,RG,6500,100,D,YJ,AK,F
10:00:53,INDF,RG,6500,70,F,ZP,AK,F
10:00:50,INDF,RG,6500,4,F,ZP,ZP,F
10:00:47,INDF,RG,6500,1,F,ZP,ZP,F
10:00:44,INDF,RG,6500,31,F,ZP,YP,D
10:00:44,INDF,RG,6500,19,D,CS,YP,D
10:00:11,INDF,RG,6500,2,D,CS,PD,D
9:59:44,INDF,RG,6500,3,D,CS,DH,D
9:59:03,INDF,RG,6500,1,D,CS,ZP,F
9:58:56,INDF,RG,6500,2,D,CS,ZP,F
9:58:53,INDF,RG,6500,13,D,CS,AK,F
9:58:53,INDF,RG,6500,100,F,AK,AK,F
9:58:53,INDF,RG,6500,10,D,DH,AK,F
9:58:53,INDF,RG,6500,2,D,YJ,AK,F
9:58:52,INDF,RG,6525,12,F,BK,CS,F
9:58:46,INDF,RG,6500,8,D,YJ,YP,D
9:58:33,INDF,RG,6500,1,D,YJ,ZP,F
9:58:26,INDF,RG,6500,24,D,YJ,ZP,F
9:58:26,INDF,RG,6500,6,D,SQ,ZP,F
9:58:19,INDF,RG,6500,19,D,SQ,YU,D
9:58:19,INDF,RG,6500,4,F,KZ,YU,D
9:58:19,INDF,RG,6500,27,D,YJ,YU,D
9:58:06,INDF,RG,6525,51,D,KZ,CS,F
9:58:06,INDF,RG,6525,3,D,KZ,CS,F
9:58:01,INDF,RG,6525,16,D,CS,CS,F
9:58:01,INDF,RG,6525,2,D,CS,ZP,F
9:58:01,INDF,RG,6525,1,D,CS,XC,D
9:58:01,INDF,RG,6525,10,D,CS,KK,D
9:58:01,INDF,RG,6525,36,D,CS,CG,F
9:58:01,INDF,RG,6525,5,D,CS,CG,F
9:58:01,INDF,RG,6525,19,D,CS,YP,D
9:58:01,INDF,RG,6525,6,D,CS,CG,F
9:58:01,INDF,RG,6525,7,D,CS,KK,D
9:57:25,INDF,RG,6500,3,D,YJ,YP,D
9:57:06,INDF,RG,6500,1,D,YJ,ZP,F
9:56:59,INDF,RG,6500,4,D,YJ,YP,D
9:56:59,INDF,RG,6500,4,F,KZ,YP,D
9:56:59,INDF,RG,6500,5,D,YJ,YP,D
9:56:49,INDF,RG,6525,13,D,CS,KK,D
9:56:49,INDF,RG,6525,2,D,CS,ZP,F
9:56:49,INDF,RG,6525,1,D,CS,AK,F
9:56:49,INDF,RG,6525,2,D,CS,ZP,F
9:56:49,INDF,RG,6525,1,D,CS,ZP,F
9:56:49,INDF,RG,6525,15,D,CS,CG,F
9:56:49,INDF,RG,6525,4,D,CS,AK,F
9:56:49,INDF,RG,6500,4,D,YJ,CG,F
9:56:36,INDF,RG,6500,1,D,YJ,ZP,F
9:56:29,INDF,RG,6500,3,D,YJ,CG,F
9:56:24,INDF,RG,6500,2,D,YJ,YP,D
9:56:10,INDF,RG,6500,5,D,YJ,CG,F
9:55:52,INDF,RG,6500,2,D,YJ,XC,D
9:55:46,INDF,RG,6500,1,D,YJ,ZP,F
9:55:38,INDF,RG,6500,4,D,YJ,CG,F
9:55:19,INDF,RG,6500,6,D,YJ,CG,F
9:54:54,INDF,RG,6500,3,D,YJ,CG,F
9:54:34,INDF,RG,6500,3,D,YJ,CG,F
9:54:20,INDF,RG,6500,1,D,YJ,ZP,F
9:54:19,INDF,RG,6500,2,D,YJ,CC,D
9:54:14,INDF,RG,6500,4,D,YJ,CG,F
9:53:55,INDF,RG,6500,3,D,YJ,CG,F
9:53:55,INDF,RG,6500,1,D,YJ,CC,D
9:53:39,INDF,RG,6500,1,D,DH,CG,F
9:53:39,INDF,RG,6500,3,F,KZ,CG,F
9:53:19,INDF,RG,6500,3,F,KZ,CG,F
9:53:10,INDF,RG,6500,1,F,KZ,ZP,F
9:52:59,INDF,RG,6500,4,F,KZ,CG,F
9:52:44,INDF,RG,6500,3,F,KZ,CG,F
9:52:24,INDF,RG,6500,5,F,KZ,CG,F
9:52:04,INDF,RG,6500,4,F,KZ,CG,F
9:51:44,INDF,RG,6500,6,F,KZ,CG,F
9:51:32,INDF,RG,6500,1,F,KZ,ZP,F
9:51:24,INDF,RG,6500,3,F,KZ,CG,F
9:51:04,INDF,RG,6500,3,F,KZ,CG,F
9:50:46,INDF,RG,6525,5,D,YJ,AK,F
9:50:44,INDF,RG,6500,3,F,KZ,CG,F
9:50:29,INDF,RG,6500,3,F,KZ,CG,F
9:50:09,INDF,RG,6500,1,F,KZ,CG,F
9:50:09,INDF,RG,6500,2,D,YP,CG,F
9:50:09,INDF,RG,6500,1,D,YP,PD,D
9:49:49,INDF,RG,6500,2,D,YP,CG,F
9:49:49,INDF,RG,6500,2,D,KZ,CG,F
9:49:24,INDF,RG,6525,1,F,KZ,AK,F
9:49:14,INDF,RG,6525,1,F,KZ,AK,F
9:49:08,INDF,RG,6525,2,D,XC,AK,F
9:48:57,INDF,RG,6525,1,D,CC,YB,D
9:47:15,INDF,RG,6500,1,D,KZ,CC,D
9:47:02,INDF,RG,6500,2,D,KZ,SQ,D
9:46:30,INDF,RG,6525,2,D,SQ,YB,D
9:46:13,INDF,RG,6525,8,D,PD,YB,D
9:45:19,INDF,RG,6525,2,F,KZ,YB,D
9:45:14,INDF,RG,6525,6,F,KZ,YB,D
9:45:14,INDF,RG,6525,1,F,KZ,YB,D
9:45:09,INDF,RG,6525,1,F,KZ,YB,D
9:45:09,INDF,RG,6525,3,F,KZ,YB,D
9:45:09,INDF,RG,6525,1,F,KZ,YB,D
9:45:09,INDF,RG,6525,1,F,KZ,YB,D
9:44:12,INDF,RG,6525,8,D,PD,YB,D
9:44:01,INDF,RG,6525,5,D,CC,YB,D
9:43:51,INDF,RG,6525,1,D,NI,YB,D
9:43:46,INDF,RG,6525,1,D,DR,YB,D
9:43:44,INDF,RG,6525,3,D,YP,YB,D
9:42:06,INDF,RG,6525,19,F,AK,YB,D
9:42:06,INDF,RG,6525,13,D,CS,YB,D
9:42:06,INDF,RG,6525,50,D,GR,YB,D
9:42:06,INDF,RG,6525,2,D,CC,YB,D
9:42:06,INDF,RG,6525,2,D,YP,YB,D
9:42:06,INDF,RG,6525,7,D,PD,YB,D
9:42:06,INDF,RG,6525,1,F,AK,YB,D
9:42:06,INDF,RG,6525,26,F,KZ,YB,D
9:42:06,INDF,RG,6525,18,D,CS,YB,D
9:42:06,INDF,RG,6525,3,F,KZ,YB,D
9:42:06,INDF,RG,6525,15,F,AK,YB,D
9:42:00,INDF,RG,6525,100,F,AK,EP,D
9:41:58,INDF,RG,6525,4,F,AK,KK,D
9:41:24,INDF,RG,6525,15,F,AK,AT,D
9:41:16,INDF,RG,6525,80,F,AK,CC,D
9:41:07,INDF,RG,6525,9,F,AK,CC,D
9:41:07,INDF,RG,6525,8,D,CS,CC,D
9:41:07,INDF,RG,6525,8,D,CS,CC,D
9:41:03,INDF,RG,6525,4,D,CS,AK,F
9:41:03,INDF,RG,6525,25,D,CS,AK,F
9:41:03,INDF,RG,6525,1,F,KZ,AK,F
9:41:03,INDF,RG,6525,6,D,CS,AK,F
9:41:03,INDF,RG,6525,21,F,KZ,AK,F
9:41:03,INDF,RG,6525,3,D,KZ,AK,F
9:41:03,INDF,RG,6525,35,D,DH,AK,F
9:41:03,INDF,RG,6525,2,F,KZ,AK,F
9:41:03,INDF,RG,6525,47,D,KZ,AK,F
9:41:03,INDF,RG,6525,110,F,ZP,AK,F
9:41:03,INDF,RG,6525,10,D,CS,AK,F
9:41:03,INDF,RG,6525,24,F,KZ,AK,F
9:41:03,INDF,RG,6525,33,F,AK,AK,F
9:41:03,INDF,RG,6525,169,F,AK,AK,F
9:41:03,INDF,RG,6525,1,F,KZ,AK,F
9:41:03,INDF,RG,6525,9,F,KZ,AK,F
9:41:01,INDF,RG,6525,3,F,KZ,ZP,F
9:40:42,INDF,RG,6525,8,F,KZ,CC,D
9:40:42,INDF,RG,6525,2,D,CS,CC,D
9:40:42,INDF,RG,6525,2,D,CS,CC,D
9:39:34,INDF,RG,6550,2,D,DH,DH,D
9:39:32,INDF,RG,6525,1,D,CS,XC,D
9:39:32,INDF,RG,6525,4,D,CS,YP,D
9:39:32,INDF,RG,6525,9,D,CS,YP,D
9:39:32,INDF,RG,6525,7,F,KZ,YP,D
9:39:29,INDF,RG,6550,1,F,KZ,DH,D
9:39:29,INDF,RG,6550,161,F,KZ,DH,D
9:39:29,INDF,RG,6550,1,F,KZ,KK,D
9:39:29,INDF,RG,6550,9,F,KZ,AT,D
9:39:29,INDF,RG,6550,1,F,KZ,PD,D
9:39:29,INDF,RG,6550,3,F,KZ,CC,D
9:39:02,INDF,RG,6525,4,F,KZ,XC,D
9:39:01,INDF,RG,6550,31,F,AK,CC,D
9:39:01,INDF,RG,6550,300,F,AK,CC,D
9:39:01,INDF,RG,6550,10,F,AK,DH,D
9:39:01,INDF,RG,6550,1,F,AK,XC,D
9:39:01,INDF,RG,6550,75,F,AK,CP,D
9:39:01,INDF,RG,6550,5,F,AK,YP,D
9:39:01,INDF,RG,6550,1,F,AK,XC,D
9:39:01,INDF,RG,6550,100,F,AK,LH,D
9:39:01,INDF,RG,6550,4,F,AK,PD,D
9:39:01,INDF,RG,6550,10,F,AK,PD,D
9:39:01,INDF,RG,6550,5,F,AK,YP,D
9:39:01,INDF,RG,6550,1,F,AK,YP,D
9:39:01,INDF,RG,6550,1,F,AK,PD,D
9:39:01,INDF,RG,6550,2,F,AK,YP,D
9:39:01,INDF,RG,6550,8,F,AK,YP,D
9:39:01,INDF,RG,6550,1,F,AK,DH,D
9:39:01,INDF,RG,6550,20,F,AK,PD,D
9:39:01,INDF,RG,6550,1,F,AK,PD,D
9:39:01,INDF,RG,6550,3,F,AK,XA,D
9:39:01,INDF,RG,6550,5,F,AK,YP,D
9:39:01,INDF,RG,6550,50,F,AK,GR,D
9:39:01,INDF,RG,6550,40,F,AK,KK,D
9:39:01,INDF,RG,6550,2,F,AK,CC,D
9:39:01,INDF,RG,6550,5,F,AK,AZ,D
9:39:01,INDF,RG,6550,100,F,AK,CC,D
9:39:01,INDF,RG,6550,2,F,AK,CC,D
9:39:01,INDF,RG,6550,2,F,AK,CC,D
9:39:01,INDF,RG,6550,2,F,AK,XC,D
9:39:01,INDF,RG,6550,10,F,AK,PD,D
9:39:01,INDF,RG,6550,15,F,AK,PD,D
9:39:01,INDF,RG,6550,5,F,AK,SQ,D
9:39:01,INDF,RG,6550,1,F,AK,GR,D
9:39:01,INDF,RG,6550,60,F,AK,LG,D
9:39:01,INDF,RG,6550,1,F,AK,PD,D
9:39:01,INDF,RG,6550,10,F,AK,XA,D
9:39:01,INDF,RG,6550,1,F,AK,XC,D
9:39:01,INDF,RG,6550,1,F,AK,GR,D
9:39:01,INDF,RG,6550,613,F,AK,YP,D
9:39:01,INDF,RG,6525,3,F,KZ,ZP,F
9:39:01,INDF,RG,6525,1,F,KZ,ZP,F
9:39:00,INDF,RG,6525,44,F,KZ,AK,F
9:39:00,INDF,RG,6525,37,F,KZ,ZP,F
9:39:00,INDF,RG,6525,1,F,KZ,KK,D
9:39:00,INDF,RG,6525,4,F,KZ,ZP,F
9:39:00,INDF,RG,6525,1,F,KZ,XC,D
9:39:00,INDF,RG,6525,1,F,KZ,ZP,F
9:39:00,INDF,RG,6525,19,F,KZ,GR,D
9:39:00,INDF,RG,6525,1,F,KZ,KK,D
9:39:00,INDF,RG,6525,5,F,KZ,FS,D
9:39:00,INDF,RG,6525,2,F,KZ,NI,D
9:39:00,INDF,RG,6525,58,F,KZ,SQ,D
9:39:00,INDF,RG,6525,10,F,KZ,XC,D
9:39:00,INDF,RG,6525,2,F,KZ,PD,D
9:39:00,INDF,RG,6525,2,F,KZ,AT,D
9:39:00,INDF,RG,6525,1,F,KZ,ZP,D
9:39:00,INDF,RG,6525,257,F,KZ,YJ,D
9:38:59,INDF,RG,6525,36,F,KZ,YJ,D
9:38:59,INDF,RG,6525,4,F,KZ,YJ,D
9:38:59,INDF,RG,6525,1,F,KZ,YJ,D
9:38:59,INDF,RG,6525,2,F,KZ,YJ,D
9:38:57,INDF,RG,6525,700,F,AK,YJ,D
9:38:56,INDF,RG,6500,4,F,AK,AK,D
9:38:56,INDF,RG,6500,13,F,AK,AK,D
9:38:56,INDF,RG,6500,8,F,AK,AK,D
9:38:56,INDF,RG,6500,3,F,AK,AK,D
9:38:56,INDF,RG,6500,85,F,AK,AK,F
9:38:56,INDF,RG,6500,6,F,RX,AK,F
9:38:56,INDF,RG,6500,152,F,RX,AK,F
9:38:56,INDF,RG,6500,2,F,RX,AK,D
9:38:56,INDF,RG,6500,1,F,BK,AK,F
9:38:56,INDF,RG,6500,21,F,BK,AK,F
9:38:56,INDF,RG,6500,3,F,BK,AK,D
9:38:56,INDF,RG,6500,2,F,BK,AK,D
9:38:56,INDF,RG,6500,20,F,BK,PD,D
9:38:56,INDF,RG,6500,9,F,BK,CG,F
9:38:56,INDF,RG,6500,7,F,BK,XC,D
9:38:56,INDF,RG,6500,19,F,BK,AK,D
9:38:56,INDF,RG,6500,1,F,BK,ZP,D
9:38:56,INDF,RG,6500,12,F,BK,CG,F
9:38:56,INDF,RG,6500,3,F,BK,AK,F
9:38:56,INDF,RG,6500,2,F,BK,ZP,F
9:38:56,INDF,RG,6500,1,F,BK,ZP,F
9:38:56,INDF,RG,6500,2,F,BK,XC,D
9:38:56,INDF,RG,6500,11,F,BK,CG,F
9:38:56,INDF,RG,6500,64,F,BK,ZP,F
9:38:56,INDF,RG,6500,169,F,BK,AK,F
9:38:56,INDF,RG,6500,324,F,BK,AK,F
9:38:56,INDF,RG,6500,2,F,BK,ZP,F
9:38:56,INDF,RG,6500,1,F,BK,ZP,F
9:38:56,INDF,RG,6500,19,F,BK,AK,D
9:38:56,INDF,RG,6500,13,F,BK,AK,D
9:38:56,INDF,RG,6500,8,F,BK,AK,D
9:38:56,INDF,RG,6500,8,F,BK,AK,D
9:38:56,INDF,RG,6500,243,F,BK,CS,F
9:38:56,INDF,RG,6500,442,F,BK,AK,F
9:38:56,INDF,RG,6500,1000,F,BK,YP,D
9:38:56,INDF,RG,6500,1,F,BK,KK,D
9:38:56,INDF,RG,6500,5,F,BK,AT,D
9:38:56,INDF,RG,6500,36,F,BK,AK,D
9:38:56,INDF,RG,6500,13,F,BK,AK,D
9:38:56,INDF,RG,6500,10,F,BK,AK,D
9:38:56,INDF,RG,6500,4,F,BK,AK,D
9:38:56,INDF,RG,6500,3,F,BK,AK,D
9:38:56,INDF,RG,6500,15,F,BK,AK,D
9:38:56,INDF,RG,6500,26,F,BK,AK,D
9:38:56,INDF,RG,6500,2,F,BK,AK,D
9:38:56,INDF,RG,6500,3,F,BK,AK,D
9:38:56,INDF,RG,6500,2,F,BK,ZP,F
9:38:56,INDF,RG,6500,54,F,BK,AK,F
9:38:54,INDF,RG,6500,109,F,AK,AK,F
9:38:54,INDF,RG,6500,43,F,AK,AK,F
9:38:53,INDF,RG,6500,31,F,AK,AK,F
9:38:53,INDF,RG,6500,59,F,AK,AK,F
9:38:53,INDF,RG,6500,1,F,AK,KK,D
9:38:53,INDF,RG,6500,307,F,AK,CS,F
9:38:53,INDF,RG,6500,1,F,AK,KK,D
9:38:53,INDF,RG,6500,9,F,AK,YP,D
9:38:53,INDF,RG,6500,15,F,AK,AT,D
9:38:53,INDF,RG,6500,1,F,AK,XC,D
9:38:53,INDF,RG,6500,8,F,AK,ZP,F
9:38:53,INDF,RG,6500,10,F,AK,KK,D
9:38:53,INDF,RG,6500,5,F,AK,XC,D
9:38:53,INDF,RG,6500,1,F,AK,CC,D
9:38:53,INDF,RG,6500,1,F,AK,PD,D
9:38:53,INDF,RG,6500,1,F,AK,XC,D
9:38:53,INDF,RG,6500,3,F,AK,PD,D
9:38:53,INDF,RG,6500,2,F,AK,PD,D
9:38:53,INDF,RG,6500,5,F,AK,YP,D
9:38:53,INDF,RG,6500,1,F,AK,PD,D
9:38:53,INDF,RG,6500,1,F,AK,ZP,F
9:38:53,INDF,RG,6500,18,F,AK,ZP,F
9:38:53,INDF,RG,6500,15,F,AK,CC,D
9:38:53,INDF,RG,6500,3,F,AK,AK,D
9:38:53,INDF,RG,6500,2,F,AK,AK,D
9:38:33,INDF,RG,6500,1,F,AK,AK,D
9:38:32,INDF,RG,6475,1,D,YB,ZP,F
9:38:15,INDF,RG,6500,13,F,AK,AK,D
9:38:14,INDF,RG,6475,30,D,YB,CC,D
9:37:40,INDF,RG,6500,1,F,AK,AK,D
9:37:40,INDF,RG,6475,4,D,YB,ZP,F
9:37:32,INDF,RG,6475,75,D,YB,ZP,F
9:37:24,INDF,RG,6475,15,D,YB,ZP,F
9:37:22,INDF,RG,6475,28,D,YB,AK,F
9:37:22,INDF,RG,6475,2,D,YB,AK,F
9:37:22,INDF,RG,6475,12,D,YB,AK,F
9:37:22,INDF,RG,6475,10,D,YB,AK,F
9:37:22,INDF,RG,6475,4,D,YB,AK,F
9:37:22,INDF,RG,6475,12,D,YB,CG,F
9:37:22,INDF,RG,6475,100,D,YB,GR,D
9:37:22,INDF,RG,6475,1,D,YB,ZP,F
9:37:22,INDF,RG,6475,1,D,YB,ZP,F
9:37:22,INDF,RG,6475,6,D,YB,ZP,F
9:37:22,INDF,RG,6475,20,D,YB,AK,F
9:37:22,INDF,RG,6475,3,D,YB,AK,F
9:37:22,INDF,RG,6475,29,D,YB,CG,F
9:37:22,INDF,RG,6475,29,D,YB,AK,F
9:37:02,INDF,RG,6475,1,F,RX,AK,F
9:36:58,INDF,RG,6475,6,D,PD,AK,F
9:36:54,INDF,RG,6475,7,F,RX,AK,F
9:36:51,INDF,RG,6475,24,F,RX,AK,F
9:36:51,INDF,RG,6475,4,D,CS,AK,F
9:36:50,INDF,RG,6475,4,D,CS,AK,F
9:36:50,INDF,RG,6475,6,D,CS,AK,F
9:36:50,INDF,RG,6475,12,D,CS,AK,F
9:36:50,INDF,RG,6475,11,D,CS,AK,F
9:36:50,INDF,RG,6475,6,D,CS,AK,F
9:36:50,INDF,RG,6475,7,D,CS,AK,F
9:36:49,INDF,RG,6475,8,F,KZ,AK,F
9:36:49,INDF,RG,6475,1,F,KZ,ZP,F
9:36:49,INDF,RG,6475,15,F,KZ,CG,F
9:36:49,INDF,RG,6475,1,F,KZ,CC,D
9:36:49,INDF,RG,6475,1,F,KZ,CC,D
9:36:49,INDF,RG,6475,6,F,KZ,BK,F
9:36:49,INDF,RG,6475,32,D,CS,BK,F
9:36:49,INDF,RG,6475,24,F,AK,BK,F
9:36:48,INDF,RG,6475,38,D,CS,BK,F
9:36:48,INDF,RG,6475,83,F,RX,BK,F
9:36:48,INDF,RG,6475,22,F,AK,BK,F
9:36:48,INDF,RG,6475,33,D,CS,BK,F
9:36:48,INDF,RG,6475,1,F,KZ,BK,F
9:36:48,INDF,RG,6475,2,F,KZ,BK,F
9:36:48,INDF,RG,6475,1,F,KZ,BK,F
9:36:48,INDF,RG,6475,1,F,KZ,BK,F
9:36:48,INDF,RG,6475,1,F,KZ,BK,F
9:36:48,INDF,RG,6475,2,F,KZ,BK,F
9:36:48,INDF,RG,6475,2,D,CS,BK,F
9:36:48,INDF,RG,6475,7,D,CS,BK,F
9:36:48,INDF,RG,6475,2,D,XC,BK,F
9:36:48,INDF,RG,6475,7,D,KK,BK,F
9:36:48,INDF,RG,6475,2,D,CS,BK,F
9:36:48,INDF,RG,6475,8,D,CS,BK,F
9:36:48,INDF,RG,6475,1,F,KZ,BK,F
9:36:48,INDF,RG,6475,23,F,KZ,BK,F
9:36:48,INDF,RG,6475,22,F,KZ,CG,F
9:36:48,INDF,RG,6475,40,F,AK,CG,F
9:36:48,INDF,RG,6475,203,F,AK,AK,F
9:36:48,INDF,RG,6475,11,D,CS,AK,F
9:36:48,INDF,RG,6475,30,D,CS,AK,F
9:36:48,INDF,RG,6475,29,D,CS,AK,F
9:36:48,INDF,RG,6475,21,D,CS,AK,F
9:36:48,INDF,RG,6475,82,F,RX,AK,F
9:36:48,INDF,RG,6475,4,D,KZ,AK,F
9:36:48,INDF,RG,6475,91,D,KZ,AK,F
9:36:48,INDF,RG,6475,1,D,NI,AK,F
9:36:48,INDF,RG,6475,1,D,EP,AK,F
9:36:48,INDF,RG,6475,24,D,CS,AK,F
9:36:48,INDF,RG,6475,3,D,CS,AK,F
9:36:47,INDF,RG,6475,29,D,CS,ZP,F
