Time,Stock,Brd,Price,Qty,BT,BC,SC,ST
15:12:48,INDF,RG,6200,9,D,CC,CC,D
15:12:48,INDF,RG,6200,2,D,PD,CC,D
15:12:48,INDF,RG,6200,1,D,DX,CC,D
15:12:48,INDF,RG,6200,5,D,XC,CC,D
15:12:48,INDF,RG,6200,2,D,XC,CC,D
15:12:48,INDF,RG,6200,6,D,HP,CC,D
15:11:33,INDF,RG,6200,2,D,HP,PD,D
15:09:29,INDF,RG,6200,25,F,CS,GR,D
15:08:34,INDF,RG,6200,75,F,CS,OK,D
15:08:30,INDF,RG,6200,1,F,CS,KK,D
15:08:28,INDF,RG,6200,2,F,CS,XC,D
15:05:06,INDF,RG,6200,5,F,CS,YP,D
15:05:03,INDF,RG,6200,94,F,CS,CC,D
15:05:03,INDF,RG,6200,57,F,CS,CC,D
15:05:00,INDF,RG,6200,1,F,CS,PD,D
15:00:00,INDF,RG,6200,4,F,CS,XC,D
15:00:00,INDF,RG,6200,8,F,CS,PD,D
15:00:00,INDF,RG,6200,6,F,CS,PD,D
15:00:00,INDF,RG,6200,25,F,CS,GR,D
15:00:00,INDF,RG,6200,5,F,CS,YP,D
15:00:00,INDF,RG,6200,1,F,CS,PD,D
15:00:00,INDF,RG,6200,9,F,CS,YP,D
15:00:00,INDF,RG,6200,3,F,CS,HP,D
15:00:00,INDF,RG,6200,259,F,CS,BK,F
15:00:00,INDF,RG,6200,5,F,CS,CC,D
15:00:00,INDF,RG,6200,32,F,CS,RX,F
15:00:00,INDF,RG,6200,256,F,CS,RX,F
15:00:00,INDF,RG,6200,100,D,YB,RX,F
15:00:00,INDF,RG,6200,100,D,YB,RX,F
15:00:00,INDF,RG,6200,2,D,YP,RX,F
15:00:00,INDF,RG,6200,85,D,YB,RX,F
15:00:00,INDF,RG,6200,1,D,YB,ZP,F
15:00:00,INDF,RG,6200,14,D,YB,ZP,F
15:00:00,INDF,RG,6200,2,D,PD,ZP,F
15:00:00,INDF,RG,6200,9,D,XA,ZP,F
15:00:00,INDF,RG,6200,123,D,XA,ZP,F
15:00:00,INDF,RG,6200,193,D,XA,CG,F
15:00:00,INDF,RG,6200,1,D,PD,CG,F
15:00:00,INDF,RG,6200,5,D,SQ,CG,F
15:00:00,INDF,RG,6200,1,D,PD,CG,F
15:00:00,INDF,RG,6200,1,D,NI,CG,F
15:00:00,INDF,RG,6200,2,D,XC,CG,F
15:00:00,INDF,RG,6200,50,D,YU,CG,F
15:00:00,INDF,RG,6200,2,D,YP,CG,F
15:00:00,INDF,RG,6200,1,D,DH,CG,F
15:00:00,INDF,RG,6200,10,D,CC,CG,F
15:00:00,INDF,RG,6200,50,D,KK,CG,F
15:00:00,INDF,RG,6200,3,D,YP,CG,F
15:00:00,INDF,RG,6200,6,D,PD,CG,F
15:00:00,INDF,RG,6200,1,D,DH,CG,F
15:00:00,INDF,RG,6200,15,D,CC,CG,F
15:00:00,INDF,RG,6200,50,D,KK,CG,F
15:00:00,INDF,RG,6200,2,D,AZ,CG,F
15:00:00,INDF,RG,6200,2,D,XC,CG,F
15:00:00,INDF,RG,6200,5,D,EP,CG,F
15:00:00,INDF,RG,6200,3,D,PD,CG,F
15:00:00,INDF,RG,6200,10,D,CC,CG,F
15:00:00,INDF,RG,6200,2,D,PD,CG,F
15:00:00,INDF,RG,6200,1,D,HP,CG,F
15:00:00,INDF,RG,6200,300,D,YJ,CG,F
15:00:00,INDF,RG,6200,10,D,YP,CG,F
15:00:00,INDF,RG,6200,1,D,PD,CG,F
15:00:00,INDF,RG,6200,270,D,YJ,CG,F
15:00:00,INDF,RG,6200,81,D,DR,CG,F
15:00:00,INDF,RG,6200,5,D,YP,CG,F
15:00:00,INDF,RG,6200,16,D,PD,CG,F
15:00:00,INDF,RG,6200,5,D,TF,CG,F
15:00:00,INDF,RG,6200,35,D,SQ,CG,F
15:00:00,INDF,RG,6200,5,D,YP,CG,F
15:00:00,INDF,RG,6200,5,D,SQ,CG,F
15:00:00,INDF,RG,6200,20,D,YU,CG,F
15:00:00,INDF,RG,6200,30,D,CC,CG,F
15:00:00,INDF,RG,6200,1,D,YB,CG,F
15:00:00,INDF,RG,6200,5,D,AT,CG,F
15:00:00,INDF,RG,6200,5,D,AT,CG,F
15:00:00,INDF,RG,6200,4,D,YP,CG,F
15:00:00,INDF,RG,6200,500,F,DX,CG,F
15:00:00,INDF,RG,6200,1152,F,DX,CG,F
15:00:00,INDF,RG,6200,2,D,PD,CG,F
15:00:00,INDF,RG,6200,50,D,YP,CG,F
15:00:00,INDF,RG,6200,4,D,SQ,CG,F
15:00:00,INDF,RG,6200,2,D,CC,CG,F
15:00:00,INDF,RG,6200,23,F,ZP,CG,F
15:00:00,INDF,RG,6200,24,F,DX,CG,F
15:00:00,INDF,RG,6200,123,F,ZP,CG,F
15:00:00,INDF,RG,6200,2,F,ZP,CG,F
15:00:00,INDF,RG,6200,2,F,ZP,CG,F
15:00:00,INDF,RG,6200,330,F,ZP,CG,F
15:00:00,INDF,RG,6200,179,F,ZP,DX,D
15:00:00,INDF,RG,6200,2,F,ZP,CS,F
15:00:00,INDF,RG,6200,232,F,AK,CS,F
15:00:00,INDF,RG,6200,73,F,AK,CS,D
15:00:00,INDF,RG,6200,15,F,CS,CS,D
15:00:00,INDF,RG,6200,930,F,RX,CS,D
15:00:00,INDF,RG,6200,188,F,RX,BK,F
15:00:00,INDF,RG,6200,231,F,RX,CG,F
15:00:00,INDF,RG,6200,337,F,RX,ZP,F
15:00:00,INDF,RG,6200,50,F,AK,ZP,F
15:00:00,INDF,RG,6200,9,F,AK,AK,F
15:00:00,INDF,RG,6200,31,F,AK,DR,D
15:00:00,INDF,RG,6200,1,F,ZP,DR,D
15:00:00,INDF,RG,6200,22,F,ZP,AK,F
15:00:00,INDF,RG,6200,10,F,ZP,KZ,D
15:00:00,INDF,RG,6200,12,F,ZP,KZ,F
15:00:00,INDF,RG,6200,20,F,ZP,DP,D
14:49:59,INDF,RG,6200,2,D,DR,CS,F
14:49:58,INDF,RG,6225,1,D,PD,CS,F
14:49:58,INDF,RG,6200,1,D,DR,ZP,F
14:49:57,INDF,RG,6200,1,D,DR,XC,D
14:49:57,INDF,RG,6225,2,F,ZP,CS,F
14:49:54,INDF,RG,6200,3,D,DR,ZP,F
14:49:53,INDF,RG,6200,1,D,DR,ZP,F
14:49:53,INDF,RG,6200,3,D,DR,CS,F
14:49:53,INDF,RG,6200,1,D,DR,CS,F
14:49:51,INDF,RG,6200,4,D,DR,ZP,F
14:49:51,INDF,RG,6225,8,F,ZP,CS,F
14:49:51,INDF,RG,6225,3,F,ZP,CS,F
14:49:48,INDF,RG,6225,5,D,PD,CS,F
14:49:46,INDF,RG,6200,1,D,DR,RX,F
14:49:44,INDF,RG,6225,2,F,ZP,CS,F
14:49:43,INDF,RG,6225,4,F,DX,CS,F
14:49:43,INDF,RG,6200,3,D,DR,ZP,F
14:49:42,INDF,RG,6200,9,D,DR,CS,F
14:49:38,INDF,RG,6200,4,D,DR,RX,F
14:49:36,INDF,RG,6200,3,D,DR,RX,F
14:49:32,INDF,RG,6200,33,D,DR,CS,F
14:49:32,INDF,RG,6200,2,D,AZ,CS,F
14:49:32,INDF,RG,6200,17,D,DH,CS,F
14:49:32,INDF,RG,6225,35,D,RX,CS,F
14:49:32,INDF,RG,6225,3,D,RX,RX,F
14:49:30,INDF,RG,6225,2,F,ZP,RX,F
14:49:27,INDF,RG,6200,1,D,DH,ZP,F
14:49:25,INDF,RG,6200,4,D,DH,BK,F
14:49:22,INDF,RG,6200,9,D,DH,CS,F
14:49:20,INDF,RG,6200,17,D,DH,CS,F
14:49:19,INDF,RG,6200,32,D,DH,RX,F
14:49:19,INDF,RG,6200,1,D,SQ,RX,F
14:49:19,INDF,RG,6200,10,D,SQ,RX,F
14:49:19,INDF,RG,6200,23,D,YP,RX,F
14:49:18,INDF,RG,6200,12,D,YP,BK,F
14:49:17,INDF,RG,6200,18,D,YP,RX,F
14:49:17,INDF,RG,6200,13,D,YP,CS,F
14:49:16,INDF,RG,6200,6,D,YP,ZP,F
14:49:15,INDF,RG,6225,76,D,KK,AK,F
14:49:15,INDF,RG,6225,1,D,KK,ZP,F
14:49:15,INDF,RG,6225,17,D,KK,CS,F
14:49:15,INDF,RG,6225,33,D,KK,BB,D
14:49:15,INDF,RG,6225,35,D,KK,ZP,F
14:49:14,INDF,RG,6225,36,D,KK,BB,D
14:49:14,INDF,RG,6225,2,D,KK,ZP,F
14:49:13,INDF,RG,6200,4,D,YP,BK,F
14:49:13,INDF,RG,6200,16,D,YP,BB,D
14:49:12,INDF,RG,6200,10,D,YP,BB,D
14:49:12,INDF,RG,6200,12,D,YP,CS,F
14:49:10,INDF,RG,6200,12,D,YP,ZP,F
14:49:10,INDF,RG,6200,5,D,YP,CS,F
14:49:10,INDF,RG,6200,69,D,YP,BK,F
14:49:10,INDF,RG,6200,2,D,KK,BK,F
14:49:09,INDF,RG,6200,2,D,KK,CS,F
14:49:08,INDF,RG,6200,4,D,KK,RX,F
14:49:08,INDF,RG,6200,42,D,KK,ZP,F
14:49:08,INDF,RG,6200,10,D,YP,ZP,F
14:49:08,INDF,RG,6200,9,D,XC,ZP,F
14:49:08,INDF,RG,6200,50,D,CC,ZP,F
14:49:08,INDF,RG,6200,20,D,NI,ZP,F
14:49:08,INDF,RG,6200,10,D,CC,ZP,F
14:49:08,INDF,RG,6200,75,D,KK,ZP,F
14:49:08,INDF,RG,6200,20,D,PD,ZP,F
14:49:08,INDF,RG,6200,1,D,NI,ZP,F
14:49:08,INDF,RG,6200,5,D,SQ,ZP,F
14:49:08,INDF,RG,6200,8,D,YP,ZP,F
14:49:08,INDF,RG,6200,1,D,SQ,ZP,F
14:49:08,INDF,RG,6200,50,D,PD,ZP,F
14:49:08,INDF,RG,6200,16,D,YP,ZP,F
14:49:08,INDF,RG,6200,2,D,XC,ZP,F
14:49:08,INDF,RG,6200,1,D,EP,ZP,F
14:49:08,INDF,RG,6200,1,D,SQ,ZP,F
14:49:08,INDF,RG,6200,2,D,PD,ZP,F
14:49:08,INDF,RG,6200,2,D,PD,ZP,F
14:49:08,INDF,RG,6200,1,F,DX,ZP,F
14:49:08,INDF,RG,6200,1,D,XC,ZP,F
14:49:08,INDF,RG,6200,1,D,PD,ZP,F
14:49:08,INDF,RG,6200,89,D,YJ,ZP,F
14:49:08,INDF,RG,6200,1,D,YP,ZP,F
14:49:08,INDF,RG,6200,7,D,YP,ZP,F
14:49:08,INDF,RG,6200,15,D,GR,ZP,F
14:49:08,INDF,RG,6200,137,D,YJ,ZP,F
14:49:08,INDF,RG,6200,1,F,ZP,ZP,F
14:49:08,INDF,RG,6200,1,F,ZP,ZP,F
14:49:08,INDF,RG,6200,2,D,PD,ZP,F
14:49:08,INDF,RG,6200,80,D,YJ,ZP,F
14:49:08,INDF,RG,6200,71,D,YJ,ZP,F
14:49:08,INDF,RG,6200,7,D,YJ,BB,D
14:49:08,INDF,RG,6200,39,D,YJ,KZ,D
14:49:07,INDF,RG,6200,8,D,YJ,ZP,F
14:49:07,INDF,RG,6225,1,D,PD,ZP,F
14:49:06,INDF,RG,6225,7,D,RX,ZP,F
14:49:05,INDF,RG,6225,9,D,RX,CS,F
14:49:05,INDF,RG,6225,29,D,RX,BK,F
14:49:03,INDF,RG,6225,324,D,RX,ZP,F
14:49:03,INDF,RG,6225,17,D,RX,ZP,F
14:49:02,INDF,RG,6225,1,D,RX,ZP,F
14:49:02,INDF,RG,6225,1,D,RX,ZP,F
14:49:02,INDF,RG,6225,5,D,RX,BK,F
14:49:00,INDF,RG,6225,15,D,RX,CS,F
14:49:00,INDF,RG,6225,3,D,RX,BK,F
14:49:00,INDF,RG,6225,31,F,RX,BK,F
14:48:59,INDF,RG,6225,14,F,RX,RX,F
14:48:59,INDF,RG,6225,25,F,ZP,RX,F
14:48:56,INDF,RG,6250,1,D,PD,XC,D
14:48:54,INDF,RG,6250,28,D,RX,XC,D
14:48:54,INDF,RG,6225,6,F,DX,BK,F
14:48:53,INDF,RG,6225,23,F,DX,CS,F
14:48:52,INDF,RG,6225,360,F,DX,ZP,F
14:48:52,INDF,RG,6225,50,D,KK,ZP,F
14:48:52,INDF,RG,6225,2,F,RX,ZP,F
14:48:52,INDF,RG,6225,27,F,ZP,ZP,F
14:48:52,INDF,RG,6225,56,D,RX,ZP,F
14:48:52,INDF,RG,6225,7,F,RX,ZP,F
14:48:51,INDF,RG,6225,1,F,RX,ZP,F
14:48:51,INDF,RG,6225,2,F,CS,ZP,F
14:48:51,INDF,RG,6225,4,F,DX,ZP,F
14:48:51,INDF,RG,6225,1,F,DX,ZP,F
14:48:49,INDF,RG,6250,24,F,DX,XC,D
14:48:47,INDF,RG,6250,9,F,RX,XC,D
14:48:44,INDF,RG,6250,32,D,RX,XC,D
14:48:44,INDF,RG,6250,2,D,RX,PD,D
14:48:42,INDF,RG,6250,17,D,RX,PD,D
14:48:42,INDF,RG,6250,1,D,RX,PD,D
14:48:42,INDF,RG,6250,5,D,RX,YP,D
14:48:41,INDF,RG,6225,1,F,ZP,ZP,F
14:48:41,INDF,RG,6225,1,F,ZP,ZP,F
14:48:39,INDF,RG,6225,5,F,ZP,CS,F
14:48:39,INDF,RG,6225,1,F,DX,CS,F
14:48:39,INDF,RG,6225,1,F,ZP,CS,F
14:48:38,INDF,RG,6225,3,F,ZP,CC,D
14:48:37,INDF,RG,6250,3,F,RX,YP,D
14:48:37,INDF,RG,6250,9,F,RX,GR,D
14:48:36,INDF,RG,6250,1,D,RX,GR,D
14:48:36,INDF,RG,6250,1,D,RX,PD,D
14:48:36,INDF,RG,6250,33,D,RX,CP,D
14:48:36,INDF,RG,6225,1,F,ZP,CS,F
14:48:36,INDF,RG,6225,6,F,ZP,CS,F
14:48:36,INDF,RG,6225,8,F,ZP,CS,F
14:48:36,INDF,RG,6225,24,F,ZP,CS,F
14:48:34,INDF,RG,6225,3,F,ZP,CS,F
14:48:34,INDF,RG,6225,8,F,ZP,CS,F
14:48:34,INDF,RG,6225,2,D,RX,CS,F
14:48:34,INDF,RG,6225,1,D,RX,ZP,F
14:48:34,INDF,RG,6250,17,F,ZP,CP,D
14:48:34,INDF,RG,6250,5,F,ZP,FS,D
14:48:34,INDF,RG,6250,2,F,ZP,CC,D
14:48:34,INDF,RG,6250,25,F,ZP,OD,D
14:48:34,INDF,RG,6250,3,F,ZP,NI,D
14:48:34,INDF,RG,6250,1,F,ZP,YP,D
14:48:34,INDF,RG,6225,4,D,RX,BB,D
14:48:34,INDF,RG,6225,5,D,RX,BB,D
14:48:34,INDF,RG,6225,1,D,RX,ZP,F
14:48:34,INDF,RG,6225,7,D,RX,CS,F
14:48:30,INDF,RG,6225,3,F,RX,CS,F
14:48:30,INDF,RG,6225,7,F,RX,BB,D
14:48:28,INDF,RG,6225,1,F,RX,BB,D
14:48:26,INDF,RG,6225,14,D,RX,BB,D
14:48:24,INDF,RG,6200,34,D,RX,KZ,D
14:48:21,INDF,RG,6200,5,D,RX,KZ,D
14:48:21,INDF,RG,6200,5,D,RX,KZ,D
14:48:21,INDF,RG,6200,5,D,RX,KZ,D
14:48:18,INDF,RG,6225,9,D,RX,RX,F
14:48:18,INDF,RG,6225,20,D,RX,ZP,F
14:48:18,INDF,RG,6225,28,D,RX,CS,F
14:48:18,INDF,RG,6225,13,D,RX,ZP,F
14:48:17,INDF,RG,6225,10,F,RX,BB,D
14:48:16,INDF,RG,6200,7,D,RX,ZP,F
14:48:13,INDF,RG,6225,4,D,PD,BB,D
14:48:13,INDF,RG,6225,21,D,PD,BB,D
14:48:08,INDF,RG,6225,12,F,RX,BB,D
14:48:08,INDF,RG,6225,5,F,DX,BB,D
14:48:08,INDF,RG,6225,1,F,CS,BB,D
14:48:08,INDF,RG,6225,25,D,RX,BB,D
14:48:08,INDF,RG,6225,10,D,RX,RX,F
14:48:08,INDF,RG,6225,2,D,RX,XC,D
14:48:08,INDF,RG,6225,4,D,RX,XC,D
14:48:08,INDF,RG,6225,56,D,RX,YP,D
14:48:04,INDF,RG,6225,44,F,AK,YP,D
14:48:03,INDF,RG,6200,10,D,RX,ZP,D
14:48:01,INDF,RG,6200,1,D,RX,KZ,D
14:48:01,INDF,RG,6200,4,D,RX,KZ,D
14:48:00,INDF,RG,6225,8,F,ZP,KZ,D
14:47:58,INDF,RG,6225,14,F,RX,KZ,D
14:47:52,INDF,RG,6225,18,F,ZP,KZ,D
14:47:52,INDF,RG,6225,20,F,ZP,CS,F
14:47:52,INDF,RG,6225,12,D,RX,CS,F
14:47:52,INDF,RG,6225,13,D,RX,ZP,F
14:47:52,INDF,RG,6225,3,D,RX,ZP,F
14:47:52,INDF,RG,6225,12,D,RX,KZ,D
14:47:49,INDF,RG,6200,7,D,RX,ZP,F
14:47:48,INDF,RG,6225,11,F,RX,KZ,D
14:47:46,INDF,RG,6200,10,D,RX,PD,D
14:47:45,INDF,RG,6225,1,F,ZP,KZ,D
14:47:45,INDF,RG,6225,4,F,ZP,KZ,D
14:47:44,INDF,RG,6225,10,D,RX,KZ,D
14:47:44,INDF,RG,6225,4,D,RX,RX,F
14:47:44,INDF,RG,6225,14,D,RX,ZP,F
14:47:44,INDF,RG,6225,32,D,RX,BB,D
14:47:44,INDF,RG,6225,1,D,RX,CC,F
14:47:44,INDF,RG,6225,8,D,RX,RX,F
14:47:39,INDF,RG,6225,10,F,RX,RX,F
14:47:38,INDF,RG,6200,3,D,RX,ZP,F
14:47:33,INDF,RG,6225,19,D,RX,RX,F
14:47:33,INDF,RG,6225,2,D,RX,NI,D
14:47:33,INDF,RG,6225,4,D,RX,BB,D
14:47:32,INDF,RG,6225,1,F,CS,BB,D
14:47:30,INDF,RG,6225,14,F,RX,BB,D
14:47:27,INDF,RG,6200,5,D,RX,RX,F
14:47:26,INDF,RG,6200,6,D,RX,ZP,F
14:47:25,INDF,RG,6200,5,D,RX,RX,F
14:47:19,INDF,RG,6225,11,F,RX,BB,D
14:47:18,INDF,RG,6225,1,F,DX,BB,D
14:47:18,INDF,RG,6225,1,F,DX,BB,D
14:47:18,INDF,RG,6225,1,F,DX,BB,D
14:47:15,INDF,RG,6225,5,F,AK,BB,D
14:47:15,INDF,RG,6225,2,F,AK,BK,F
14:47:15,INDF,RG,6225,20,F,AK,CS,F
14:47:13,INDF,RG,6200,34,D,RX,BB,D
14:47:11,INDF,RG,6200,1,D,RX,ZP,F
14:47:10,INDF,RG,6225,6,F,RX,CS,F
14:47:06,INDF,RG,6200,11,D,RX,RX,F
14:47:04,INDF,RG,6200,8,D,RX,ZP,F
14:47:03,INDF,RG,6200,10,D,RX,BK,F
14:47:02,INDF,RG,6225,50,D,YP,CS,F
14:47:02,INDF,RG,6200,66,D,RX,CS,F
14:47:02,INDF,RG,6200,14,D,RX,CS,F
14:47:02,INDF,RG,6200,4,D,RX,CS,F
14:47:02,INDF,RG,6200,2,D,RX,CS,F
14:47:02,INDF,RG,6200,4,D,RX,CS,F
14:47:02,INDF,RG,6200,6,D,RX,CS,F
14:47:02,INDF,RG,6200,21,D,RX,CS,F
14:47:02,INDF,RG,6225,68,D,RX,CS,F
14:47:02,INDF,RG,6225,7,F,ZP,CS,F
14:47:01,INDF,RG,6225,15,F,RX,CS,F
14:47:00,INDF,RG,6200,11,D,RX,BK,F
14:47:00,INDF,RG,6200,13,F,ZP,BK,F
14:47:00,INDF,RG,6225,7,F,ZP,CS,F
14:46:57,INDF,RG,6225,10,D,SQ,CS,F
14:46:52,INDF,RG,6225,6,F,RX,CS,F
14:46:51,INDF,RG,6225,71,D,RX,CS,F
14:46:48,INDF,RG,6225,5,F,ZP,CS,F
14:46:47,INDF,RG,6200,36,F,ZP,BB,D
14:46:43,INDF,RG,6225,22,F,RX,CS,F
14:46:42,INDF,RG,6225,5,F,DX,CS,F
14:46:41,INDF,RG,6225,64,D,RX,CS,F
14:46:40,INDF,RG,6200,5,F,ZP,CS,F
14:46:40,INDF,RG,6200,42,F,ZP,CS,F
14:46:32,INDF,RG,6225,58,D,RX,CS,F
14:46:30,INDF,RG,6200,20,F,ZP,CS,F
14:46:30,INDF,RG,6200,3,F,ZP,CS,F
14:46:27,INDF,RG,6200,12,F,ZP,BK,F
14:46:24,INDF,RG,6225,11,F,RX,CS,F
14:46:24,INDF,RG,6225,36,D,RX,CS,F
14:46:24,INDF,RG,6225,6,D,RX,CS,F
14:46:21,INDF,RG,6200,28,F,ZP,KZ,D
14:46:21,INDF,RG,6200,5,F,DX,KZ,D
14:46:20,INDF,RG,6200,16,F,DX,CS,F
14:46:14,INDF,RG,6225,1,F,RX,CS,F
14:46:14,INDF,RG,6225,1,F,RX,PD,D
14:46:14,INDF,RG,6225,10,F,RX,DR,D
14:46:14,INDF,RG,6200,60,F,DX,NI,D
14:46:14,INDF,RG,6225,40,D,RX,DR,D
14:46:14,INDF,RG,6225,3,D,RX,ZP,F
14:46:14,INDF,RG,6225,13,D,RX,ZP,F
14:46:06,INDF,RG,6225,42,D,RX,ZP,F
14:46:06,INDF,RG,6225,15,D,RX,ZP,F
14:46:06,INDF,RG,6225,2,D,RX,YP,D
14:46:06,INDF,RG,6225,2,D,RX,XC,D
14:46:06,INDF,RG,6225,16,D,RX,CS,F
14:46:05,INDF,RG,6200,1,F,DX,ZP,F
14:46:04,INDF,RG,6225,1,F,RX,CS,F
14:46:04,INDF,RG,6225,9,F,RX,YP,D
14:46:00,INDF,RG,6225,7,F,ZP,YP,D
14:45:57,INDF,RG,6200,16,F,DX,ZP,F
14:45:56,INDF,RG,6225,12,F,RX,YP,D
14:45:56,INDF,RG,6200,34,F,DX,BB,D
14:45:55,INDF,RG,6225,22,D,RX,YP,D
14:45:55,INDF,RG,6225,1,D,RX,XC,D
14:45:55,INDF,RG,6225,15,D,RX,KZ,D
14:45:55,INDF,RG,6225,7,D,RX,KZ,F
14:45:55,INDF,RG,6225,1,D,RX,CC,F
14:45:55,INDF,RG,6225,14,D,RX,KZ,D
14:45:55,INDF,RG,6225,3,D,RX,BB,D
14:45:54,INDF,RG,6200,8,F,DX,BB,D
14:45:51,INDF,RG,6225,4,D,PD,BB,D
14:45:45,INDF,RG,6225,27,D,RX,BB,D
14:45:45,INDF,RG,6225,50,D,RX,RX,F
14:45:45,INDF,RG,6225,6,F,RX,RX,F
14:45:43,INDF,RG,6200,30,F,DX,ZP,F
14:45:42,INDF,RG,6200,30,F,DX,NI,D
14:45:41,INDF,RG,6225,1,D,CC,RX,F
14:45:40,INDF,RG,6200,26,F,DX,CS,F
14:45:40,INDF,RG,6200,24,F,DX,CS,F
14:45:40,INDF,RG,6200,3,F,DX,CS,F
14:45:40,INDF,RG,6200,43,F,DX,CS,F
14:45:39,INDF,RG,6225,39,F,ZP,RX,F
14:45:39,INDF,RG,6225,22,F,ZP,PD,D
14:45:39,INDF,RG,6225,14,F,ZP,ZP,F
14:45:38,INDF,RG,6225,16,F,AK,ZP,F
14:45:38,INDF,RG,6225,13,F,AK,BK,F
14:45:38,INDF,RG,6225,7,F,AK,ZP,F
14:45:38,INDF,RG,6225,2,F,AK,ZP,F
14:45:38,INDF,RG,6225,10,F,AK,PD,D
14:45:38,INDF,RG,6225,12,F,AK,XC,D
14:45:38,INDF,RG,6225,5,F,AK,BB,D
14:45:38,INDF,RG,6225,1,F,AK,KK,D
14:45:38,INDF,RG,6225,100,F,AK,YP,D
14:45:38,INDF,RG,6225,5,D,SQ,YP,D
14:45:36,INDF,RG,6225,5,D,CC,YP,D
14:45:34,INDF,RG,6225,70,D,RX,YP,D
14:45:33,INDF,RG,6200,2,F,DX,ZP,F
14:45:32,INDF,RG,6200,6,F,DX,RX,F
14:45:32,INDF,RG,6200,10,F,DX,BK,F
14:45:30,INDF,RG,6200,4,F,DX,RX,F
14:45:26,INDF,RG,6200,6,F,DX,ZP,F
14:45:26,INDF,RG,6200,33,F,DX,KZ,D
14:45:24,INDF,RG,6225,114,D,RX,YP,D
14:45:24,INDF,RG,6225,6,F,ZP,YP,D
14:45:24,INDF,RG,6225,1,F,ZP,KZ,F
14:45:24,INDF,RG,6225,1,F,ZP,XC,D
14:45:24,INDF,RG,6225,1,F,ZP,NI,D
14:45:24,INDF,RG,6225,1,F,ZP,DR,D
14:45:21,INDF,RG,6200,10,F,DX,RX,F
14:45:19,INDF,RG,6200,7,F,DX,RX,F
14:45:13,INDF,RG,6225,4,D,RX,DR,D
14:45:13,INDF,RG,6225,2,D,RX,AK,F
14:45:13,INDF,RG,6225,32,D,RX,PD,D
14:45:13,INDF,RG,6225,9,D,RX,ZP,F
14:45:13,INDF,RG,6225,5,D,RX,CC,D
14:45:13,INDF,RG,6225,28,D,RX,CS,F
14:45:07,INDF,RG,6200,6,F,DX,ZP,F
14:45:02,INDF,RG,6225,43,D,RX,CS,F
14:45:02,INDF,RG,6200,38,F,DX,BB,D
14:45:00,INDF,RG,6200,7,F,DX,ZP,F
14:44:58,INDF,RG,6200,12,F,DX,RX,F
14:44:58,INDF,RG,6200,12,F,DX,BK,F
14:44:57,INDF,RG,6225,45,F,ZP,CS,F
14:44:52,INDF,RG,6225,6,D,RX,CS,F
14:44:52,INDF,RG,6225,35,D,RX,PD,D
14:44:46,INDF,RG,6200,6,F,DX,ZP,F
14:44:45,INDF,RG,6200,4,F,DX,CC,D
14:44:41,INDF,RG,6225,36,D,RX,PD,D
14:44:41,INDF,RG,6225,14,D,RX,YP,D
14:44:37,INDF,RG,6200,8,F,DX,RX,F
14:44:35,INDF,RG,6200,6,F,DX,RX,F
14:44:35,INDF,RG,6200,7,F,DX,ZP,F
14:44:34,INDF,RG,6200,10,F,DX,BK,F
14:44:28,INDF,RG,6200,29,F,DX,BB,D
14:44:27,INDF,RG,6225,47,D,RX,YP,D
14:44:22,INDF,RG,6200,34,F,DX,PD,D
14:44:21,INDF,RG,6200,5,F,DX,ZP,F
14:44:14,INDF,RG,6200,4,F,DX,RX,F
14:44:14,INDF,RG,6225,36,D,RX,YP,D
14:44:12,INDF,RG,6200,4,F,DX,ZP,F
14:44:12,INDF,RG,6200,11,F,DX,RX,F
14:44:11,INDF,RG,6200,18,F,DX,KZ,D
14:44:08,INDF,RG,6200,37,F,DX,BB,D
14:44:04,INDF,RG,6200,10,F,DX,BK,F
14:44:01,INDF,RG,6200,2,F,DX,ZP,F
14:43:55,INDF,RG,6200,1,F,DX,ZP,F
14:43:54,INDF,RG,6200,33,F,DX,PD,D
14:43:49,INDF,RG,6225,3,D,RX,YP,D
14:43:49,INDF,RG,6225,3,D,RX,AK,F
14:43:49,INDF,RG,6225,5,D,RX,YP,D
14:43:49,INDF,RG,6225,5,D,RX,AT,D
14:43:49,INDF,RG,6225,3,D,RX,ZP,F
14:43:49,INDF,RG,6225,7,D,RX,AK,F
14:43:49,INDF,RG,6225,15,D,RX,CS,F
14:43:46,INDF,RG,6200,16,F,DX,KZ,D
14:43:45,INDF,RG,6200,10,F,DX,RX,F
14:43:44,INDF,RG,6200,4,F,DX,ZP,F
14:43:39,INDF,RG,6225,1,D,PD,CS,F
14:43:37,INDF,RG,6225,45,D,RX,CS,F
14:43:37,INDF,RG,6200,6,F,DX,ZP,F
14:43:36,INDF,RG,6200,11,F,DX,BK,F
14:43:24,INDF,RG,6225,38,D,RX,CS,F
14:43:20,INDF,RG,6225,2,D,IF,CS,F
14:43:18,INDF,RG,6200,35,F,DX,BB,D
14:43:18,INDF,RG,6200,19,F,DX,ZP,F
14:43:13,INDF,RG,6225,19,D,RX,CS,F
14:43:13,INDF,RG,6225,5,D,RX,XC,D
14:43:13,INDF,RG,6225,14,D,RX,GR,D
14:43:13,INDF,RG,6200,25,F,DX,CS,F
14:43:13,INDF,RG,6200,12,F,DX,CS,F
14:43:13,INDF,RG,6200,1,F,DX,CS,F
14:43:13,INDF,RG,6200,11,F,DX,CS,F
14:43:13,INDF,RG,6200,12,F,DX,CS,F
14:43:13,INDF,RG,6200,23,F,DX,CS,F
14:43:13,INDF,RG,6200,21,F,DX,CS,F
14:43:13,INDF,RG,6200,23,F,DX,CS,F
14:43:13,INDF,RG,6200,25,F,DX,CS,F
14:43:11,INDF,RG,6200,10,F,DX,BK,F
14:43:09,INDF,RG,6225,42,F,DX,GR,D
14:43:04,INDF,RG,6200,3,F,DX,ZP,F
14:43:02,INDF,RG,6225,39,F,ZP,GR,D
14:43:02,INDF,RG,6225,41,D,RX,GR,D
14:42:58,INDF,RG,6200,3,F,DX,ZP,F
14:42:50,INDF,RG,6225,38,D,RX,GR,D
14:42:49,INDF,RG,6200,3,F,DX,ZP,F
14:42:43,INDF,RG,6200,11,F,DX,BK,F
14:42:39,INDF,RG,6225,41,D,RX,GR,D
14:42:35,INDF,RG,6200,5,F,DX,ZP,F
14:42:30,INDF,RG,6200,32,F,DX,BB,D
14:42:27,INDF,RG,6225,42,D,RX,GR,D
14:42:26,INDF,RG,6200,4,F,DX,KK,D
14:42:24,INDF,RG,6200,12,F,DX,ZP,F
14:42:16,INDF,RG,6200,10,F,DX,BK,F
14:42:14,INDF,RG,6225,42,D,RX,GR,D
14:42:14,INDF,RG,6225,54,F,DX,GR,D
14:42:10,INDF,RG,6200,3,F,DX,ZP,F
14:42:10,INDF,RG,6225,69,F,ZP,GR,D
14:42:02,INDF,RG,6225,40,D,RX,GR,D
14:42:01,INDF,RG,6200,8,F,DX,ZP,F
14:41:50,INDF,RG,6225,49,D,RX,GR,D
14:41:49,INDF,RG,6200,12,F,DX,BK,F
14:41:47,INDF,RG,6200,4,F,DX,ZP,F
14:41:47,INDF,RG,6225,51,F,DX,GR,D
14:41:43,INDF,RG,6200,15,F,DX,YP,D
14:41:36,INDF,RG,6225,44,D,RX,GR,D
14:41:35,INDF,RG,6200,3,F,DX,ZP,F
14:41:23,INDF,RG,6200,5,F,DX,ZP,F
14:41:23,INDF,RG,6225,49,D,RX,GR,D
14:41:16,INDF,RG,6200,2,F,DX,ZP,F
14:41:16,INDF,RG,6225,58,F,DX,GR,D
14:41:09,INDF,RG,6225,41,D,RX,GR,D
14:41:06,INDF,RG,6225,1,D,YP,GR,D
14:41:03,INDF,RG,6200,8,F,DX,ZP,F
14:40:59,INDF,RG,6225,1,D,YP,GR,D
14:40:57,INDF,RG,6225,38,D,RX,GR,D
14:40:52,INDF,RG,6200,2,F,CS,ZP,F
14:40:52,INDF,RG,6200,1,F,CS,ZP,F
14:40:52,INDF,RG,6200,5,F,BK,ZP,F
14:40:50,INDF,RG,6225,68,F,DX,GR,D
14:40:48,INDF,RG,6200,8,F,BK,YU,D
14:40:48,INDF,RG,6200,2,F,CS,YU,D
14:40:48,INDF,RG,6200,8,F,ZP,YU,D
14:40:48,INDF,RG,6200,1,F,ZP,YU,D
14:40:48,INDF,RG,6200,5,F,ZP,YU,D
14:40:48,INDF,RG,6200,8,F,ZP,YU,D
14:40:48,INDF,RG,6200,3,F,DX,YU,D
14:40:46,INDF,RG,6225,38,D,RX,GR,D
14:40:45,INDF,RG,6200,2,F,DX,CS,F
14:40:44,INDF,RG,6200,2,F,DX,CS,F
14:40:44,INDF,RG,6200,1,F,DX,ZP,F
14:40:44,INDF,RG,6200,3,F,DX,BB,D
14:40:44,INDF,RG,6200,1,F,DX,CS,F
14:40:44,INDF,RG,6200,2,F,CS,CS,F
14:40:44,INDF,RG,6200,6,F,ZP,CS,F
14:40:44,INDF,RG,6200,14,F,ZP,CS,F
14:40:44,INDF,RG,6200,20,F,ZP,BB,D
14:40:43,INDF,RG,6200,1,D,CC,BB,D
14:40:43,INDF,RG,6200,40,D,CC,CS,F
14:40:43,INDF,RG,6200,1,D,CC,YP,D
14:40:43,INDF,RG,6200,9,D,CC,CS,F
14:40:43,INDF,RG,6200,5,D,CC,PD,D
14:40:43,INDF,RG,6200,2,D,CC,CS,F
14:40:43,INDF,RG,6200,28,D,CC,BB,D
14:40:43,INDF,RG,6200,7,D,CC,CS,F
14:40:43,INDF,RG,6200,12,D,CC,BK,F
14:40:43,INDF,RG,6200,3,D,CC,ZP,F
14:40:43,INDF,RG,6200,3,D,CC,AK,F
14:40:43,INDF,RG,6200,9,D,CC,ZP,F
14:40:43,INDF,RG,6200,14,D,CC,CS,F
14:40:43,INDF,RG,6200,16,D,CC,ZP,F
14:40:36,INDF,RG,6175,1,D,PC,ZP,F
14:40:36,INDF,RG,6175,1,D,PD,ZP,F
14:40:36,INDF,RG,6175,1,D,XC,ZP,F
14:40:35,INDF,RG,6200,1,F,CS,ZP,F
14:40:35,INDF,RG,6200,1,D,RX,ZP,F
14:40:35,INDF,RG,6200,1,D,RX,CC,D
14:40:35,INDF,RG,6200,36,D,RX,BB,D
14:40:28,INDF,RG,6175,1,D,PD,ZP,F
14:40:28,INDF,RG,6175,20,D,GR,ZP,F
14:40:28,INDF,RG,6175,1,D,PD,ZP,F
14:40:28,INDF,RG,6175,2,D,CC,ZP,F
14:40:28,INDF,RG,6175,1,D,NI,ZP,F
14:40:28,INDF,RG,6175,5,D,PD,ZP,F
14:40:28,INDF,RG,6175,2,D,YP,ZP,F
14:40:23,INDF,RG,6200,11,D,RX,BB,D
14:40:23,INDF,RG,6200,21,D,RX,AK,F
14:40:23,INDF,RG,6200,32,D,RX,CS,F
14:40:23,INDF,RG,6200,1,D,RX,KZ,F
14:40:23,INDF,RG,6200,1,D,RX,CS,F
14:40:23,INDF,RG,6200,39,D,RX,YU,D
14:40:23,INDF,RG,6200,30,D,RX,RX,F
14:40:23,INDF,RG,6200,58,D,RX,BB,D
14:40:23,INDF,RG,6200,4,D,RX,CS,F
14:40:23,INDF,RG,6200,17,F,ZP,CS,F
14:40:23,INDF,RG,6200,2,F,ZP,ZP,F
14:40:23,INDF,RG,6200,19,F,ZP,CS,F
14:40:23,INDF,RG,6200,8,F,ZP,BK,F
14:40:21,INDF,RG,6200,11,F,DX,BK,F
14:40:21,INDF,RG,6200,9,F,DX,ZP,F
14:40:21,INDF,RG,6200,8,F,DX,CS,F
14:40:21,INDF,RG,6200,20,F,DX,RX,F
14:40:21,INDF,RG,6200,9,F,DX,ZP,F
14:40:21,INDF,RG,6200,24,F,DX,YP,D
14:40:20,INDF,RG,6175,3,D,NI,ZP,F
14:40:13,INDF,RG,6200,26,D,RX,YP,D
14:40:13,INDF,RG,6200,18,D,RX,CS,F
14:40:09,INDF,RG,6175,3,D,MK,ZP,F
14:40:09,INDF,RG,6175,1,D,CC,ZP,F
14:40:01,INDF,RG,6200,9,D,RX,CS,F
14:40:01,INDF,RG,6200,24,D,RX,BB,D
14:40:00,INDF,RG,6175,1,D,CC,BK,F
14:40:00,INDF,RG,6175,1,D,XC,BK,F
14:40:00,INDF,RG,6175,1,D,PD,BK,F
14:40:00,INDF,RG,6175,7,D,CC,BK,F
14:40:00,INDF,RG,6175,16,D,CC,ZP,F
14:39:53,INDF,RG,6175,168,D,CC,SQ,D
14:39:52,INDF,RG,6200,1,F,DX,BB,D
14:39:52,INDF,RG,6200,15,F,DX,BB,D
14:39:48,INDF,RG,6200,32,D,XC,BB,D
14:39:37,INDF,RG,6175,6,D,CC,ZP,F
14:39:27,INDF,RG,6200,1,D,XC,CS,F
14:39:24,INDF,RG,6200,38,D,RX,CS,F
14:39:24,INDF,RG,6200,5,D,RX,PD,D
14:39:20,INDF,RG,6175,38,D,CC,ZP,F
14:39:20,INDF,RG,6200,25,D,EP,PD,D
14:39:20,INDF,RG,6200,5,D,EP,PD,D
14:39:13,INDF,RG,6175,203,D,CC,BB,D
14:39:11,INDF,RG,6200,25,D,RX,PD,D
14:39:11,INDF,RG,6200,30,D,RX,YU,D
14:39:11,INDF,RG,6200,9,D,RX,ZP,F
14:39:11,INDF,RG,6200,4,D,RX,BK,F
14:39:10,INDF,RG,6175,8,D,CC,ZP,F
14:39:00,INDF,RG,6200,7,F,ZP,BK,F
14:38:58,INDF,RG,6175,1,D,CC,ZP,F
14:38:58,INDF,RG,6200,4,D,RX,BK,F
14:38:58,INDF,RG,6200,4,D,RX,ZP,F
14:38:58,INDF,RG,6200,1,D,RX,ZP,F
14:38:58,INDF,RG,6200,22,D,RX,CS,F
14:38:58,INDF,RG,6200,18,D,RX,PD,D
14:38:58,INDF,RG,6200,1,D,RX,CC,F
14:38:58,INDF,RG,6200,16,D,RX,RX,F
14:38:58,INDF,RG,6200,14,D,RX,CS,F
14:38:48,INDF,RG,6200,1,D,XC,CS,F
14:38:47,INDF,RG,6175,1,D,CC,ZP,F
14:38:43,INDF,RG,6175,5,D,CC,ZP,F
14:38:42,INDF,RG,6200,4,D,RX,CS,F
14:38:42,INDF,RG,6200,2,D,RX,CS,F
14:38:42,INDF,RG,6200,10,D,RX,YU,D
14:38:34,INDF,RG,6200,25,D,NI,YU,D
14:38:34,INDF,RG,6200,2,D,NI,BB,D
14:38:34,INDF,RG,6200,3,D,NI,CS,F
14:38:34,INDF,RG,6200,1,D,NI,CS,F
14:38:34,INDF,RG,6200,4,D,NI,BB,D
14:38:34,INDF,RG,6200,8,D,NI,BK,F
14:38:33,INDF,RG,6175,11,D,CC,BK,F
14:38:32,INDF,RG,6175,1,D,CC,ZP,F
14:38:25,INDF,RG,6175,2,D,CC,ZP,F
14:38:13,INDF,RG,6175,2,D,CC,ZP,F
14:38:00,INDF,RG,6175,1,D,CC,ZP,F
14:38:00,INDF,RG,6200,7,F,ZP,BK,F
14:37:49,INDF,RG,6175,2,D,CC,ZP,F
14:37:38,INDF,RG,6175,1,D,CC,ZP,F
14:37:28,INDF,RG,6175,2,D,CC,ZP,F
14:37:02,INDF,RG,6175,30,D,CC,ZP,F
14:36:52,INDF,RG,6200,1,F,AK,CS,F
14:36:52,INDF,RG,6200,43,F,AK,BB,D
14:36:52,INDF,RG,6200,22,F,AK,ZP,F
14:36:52,INDF,RG,6200,3,F,AK,AK,F
14:36:50,INDF,RG,6200,1,D,NI,CS,F
14:36:50,INDF,RG,6200,31,D,NI,CS,F
14:36:50,INDF,RG,6200,15,D,NI,RX,F
14:36:50,INDF,RG,6200,34,D,NI,YU,D
14:36:50,INDF,RG,6200,1,D,NI,PD,D
14:36:50,INDF,RG,6200,7,D,NI,ZP,F
14:36:50,INDF,RG,6200,4,D,NI,ZP,F
14:36:50,INDF,RG,6200,124,D,NI,BB,D
14:36:50,INDF,RG,6200,32,D,NI,YU,D
14:36:50,INDF,RG,6200,5,D,NI,KZ,F
14:36:50,INDF,RG,6200,11,D,NI,RX,F
14:36:50,INDF,RG,6200,16,D,NI,ZP,F
14:36:50,INDF,RG,6200,50,D,NI,KK,D
14:36:50,INDF,RG,6200,1,D,NI,DH,D
14:36:50,INDF,RG,6200,5,D,NI,AK,F
14:36:50,INDF,RG,6200,24,D,NI,RX,F
14:36:50,INDF,RG,6200,38,D,NI,YU,D
14:36:50,INDF,RG,6200,3,D,NI,ZP,F
14:36:50,INDF,RG,6200,300,D,NI,KK,D
14:36:50,INDF,RG,6200,49,D,NI,RX,F
14:36:50,INDF,RG,6200,24,D,NI,BK,F
14:36:50,INDF,RG,6200,9,D,NI,ZP,F
14:36:50,INDF,RG,6200,50,D,NI,ZP,F
14:36:50,INDF,RG,6200,81,D,NI,BB,D
14:36:50,INDF,RG,6200,42,D,NI,BB,D
14:36:44,INDF,RG,6175,2,D,CC,PD,D
14:36:43,INDF,RG,6175,4,D,CC,ZP,F
14:36:42,INDF,RG,6175,10,D,CC,BK,F
14:36:21,INDF,RG,6175,11,D,CC,BK,F
14:36:19,INDF,RG,6175,5,D,CC,ZP,F
14:36:18,INDF,RG,6175,3,D,CC,SQ,D
14:35:57,INDF,RG,6175,12,D,CC,BK,F
14:35:57,INDF,RG,6175,2,D,CC,ZP,F
14:35:56,INDF,RG,6200,20,D,PD,BB,D
14:35:43,INDF,RG,6175,1,D,CC,ZP,F
14:35:35,INDF,RG,6175,5,D,CC,ZP,F
14:35:31,INDF,RG,6175,11,D,CC,BK,F
14:35:25,INDF,RG,6200,22,D,NI,BB,D
14:35:24,INDF,RG,6175,2,D,CC,ZP,F
14:35:15,INDF,RG,6175,10,D,CC,BK,F
14:35:14,INDF,RG,6175,18,D,CC,ZP,F
14:35:13,INDF,RG,6200,5,D,PD,BB,D
14:35:11,INDF,RG,6175,16,D,CC,CS,F
14:35:11,INDF,RG,6175,30,D,CC,CS,F
14:35:11,INDF,RG,6175,38,D,CC,CS,F
14:35:11,INDF,RG,6175,39,D,CC,CS,F
14:35:11,INDF,RG,6175,29,D,CC,CS,F
14:35:11,INDF,RG,6175,19,D,CC,CS,F
14:35:11,INDF,RG,6175,17,D,CC,CS,F
14:35:11,INDF,RG,6175,19,D,CC,CS,F
14:35:03,INDF,RG,6200,19,D,XC,BB,D
14:35:00,INDF,RG,6175,1,D,CC,ZP,F
14:34:55,INDF,RG,6175,10,D,CC,BK,F
14:34:55,INDF,RG,6175,5,D,CC,ZP,F
14:34:34,INDF,RG,6175,3,D,CC,ZP,F
14:34:33,INDF,RG,6175,11,D,CC,BK,F
14:34:20,INDF,RG,6200,10,D,XC,BB,D
14:34:18,INDF,RG,6175,1,D,CC,ZP,F
14:34:08,INDF,RG,6175,2,D,CC,ZP,F
14:34:07,INDF,RG,6175,11,D,CC,BK,F
14:34:00,INDF,RG,6175,1,D,CC,ZP,F
14:33:55,INDF,RG,6175,3,D,CC,ZP,F
14:33:45,INDF,RG,6175,12,D,CC,BK,F
14:33:37,INDF,RG,6175,2,D,CC,ZP,F
14:33:36,INDF,RG,6200,1,D,CC,BB,D
14:33:29,INDF,RG,6175,3,D,CC,ZP,F
14:33:29,INDF,RG,6200,2,D,PD,BB,D
14:33:23,INDF,RG,6175,11,D,CC,BK,F
14:33:20,INDF,RG,6175,3,D,CC,ZP,F
14:33:13,INDF,RG,6200,1,D,CC,BB,D
14:33:04,INDF,RG,6175,1,D,CC,ZP,F
14:33:02,INDF,RG,6175,12,D,CC,BK,F
14:32:57,INDF,RG,6175,2,D,CC,ZP,F
14:32:51,INDF,RG,6175,1,D,CC,ZP,F
14:32:44,INDF,RG,6175,1,D,CC,ZP,F
14:32:36,INDF,RG,6175,1,D,CC,ZP,F
14:32:36,INDF,RG,6200,2,D,XC,BB,D
14:32:29,INDF,RG,6200,3,D,YP,BB,D
14:32:25,INDF,RG,6175,8,D,CC,ZP,F
14:32:15,INDF,RG,6200,5,D,PD,BB,D
14:32:04,INDF,RG,6200,1,D,YP,BB,D
14:32:04,INDF,RG,6175,50,D,CC,CC,D
14:32:04,INDF,RG,6175,2,D,CC,ZP,F
14:31:56,INDF,RG,6175,32,D,CC,ZP,F
14:31:34,INDF,RG,6175,1,D,CC,CS,F
14:31:34,INDF,RG,6200,8,F,DX,BB,D
14:31:34,INDF,RG,6200,1,F,DX,CS,F
14:31:34,INDF,RG,6200,41,F,AK,CS,F
14:31:34,INDF,RG,6200,135,F,AK,BB,D
14:31:34,INDF,RG,6200,5,F,ZP,BB,D
14:31:34,INDF,RG,6200,8,F,ZP,BB,D
14:31:34,INDF,RG,6200,26,F,ZP,BB,D
14:31:34,INDF,RG,6200,2,F,CS,BB,D
14:31:33,INDF,RG,6200,50,D,YJ,BB,D
14:31:33,INDF,RG,6200,80,D,YJ,BB,D
14:31:33,INDF,RG,6200,29,D,YJ,CS,F
14:31:33,INDF,RG,6200,23,D,YJ,CS,F
14:31:33,INDF,RG,6200,35,D,YJ,YU,D
14:31:33,INDF,RG,6200,15,D,YJ,NI,D
14:31:33,INDF,RG,6200,4,D,YJ,CS,F
14:31:33,INDF,RG,6200,43,D,YJ,BK,F
14:31:33,INDF,RG,6200,3,D,YJ,ZP,F
14:31:33,INDF,RG,6200,9,D,YJ,ZP,F
14:31:33,INDF,RG,6200,14,D,YJ,RX,F
14:31:33,INDF,RG,6200,34,D,YJ,YU,D
14:31:33,INDF,RG,6200,20,D,YJ,XC,D
14:31:33,INDF,RG,6200,5,D,YJ,AK,F
14:31:33,INDF,RG,6200,2,D,YJ,PD,D
14:31:33,INDF,RG,6200,20,D,YJ,ZP,F
14:31:33,INDF,RG,6200,300,D,YJ,KK,D
14:31:33,INDF,RG,6200,1,D,YJ,CC,D
14:31:33,INDF,RG,6200,9,D,YJ,RX,F
14:31:33,INDF,RG,6200,2,D,YJ,ZP,F
14:31:33,INDF,RG,6200,1,D,YJ,NI,D
14:31:33,INDF,RG,6200,9,D,YJ,CS,F
14:31:33,INDF,RG,6200,3,D,YJ,CS,F
14:31:33,INDF,RG,6200,127,D,YJ,RX,F
14:31:33,INDF,RG,6200,2,D,YJ,KZ,F
14:31:33,INDF,RG,6200,3,D,YJ,KZ,F
14:31:33,INDF,RG,6200,2,D,YJ,ZP,F
14:31:33,INDF,RG,6200,9,D,YJ,BB,D
14:31:33,INDF,RG,6200,5,D,YJ,BB,D
14:31:33,INDF,RG,6200,26,D,YJ,ZP,F
14:31:30,INDF,RG,6175,1,D,CC,ZP,F
14:31:26,INDF,RG,6175,2,D,CC,ZP,F
14:31:13,INDF,RG,6175,11,D,CC,ZP,F
14:31:10,INDF,RG,6175,11,D,CC,BK,F
14:31:02,INDF,RG,6175,1,D,CC,ZP,F
14:31:02,INDF,RG,6175,1,D,CC,CS,F
14:31:02,INDF,RG,6175,5,D,CC,CS,F
14:31:02,INDF,RG,6175,12,D,CC,CS,F
14:31:02,INDF,RG,6175,29,D,CC,CS,F
14:31:02,INDF,RG,6175,30,D,CC,CS,F
14:31:02,INDF,RG,6175,22,D,CC,CS,F
14:31:02,INDF,RG,6175,34,D,CC,CS,F
14:30:50,INDF,RG,6175,2,D,CC,ZP,F
14:30:49,INDF,RG,6175,1,D,CC,ZP,F
14:30:25,INDF,RG,6175,2,D,CC,ZP,F
14:30:17,INDF,RG,6175,5,D,CC,ZP,F
14:30:12,INDF,RG,6175,1,D,CC,CC,D
14:30:11,INDF,RG,6175,12,D,CC,RX,F
14:30:03,INDF,RG,6175,59,D,CC,BB,D
14:30:00,INDF,RG,6175,2,D,CC,ZP,F
14:29:58,INDF,RG,6175,1,D,CC,ZP,F
14:29:42,INDF,RG,6175,1,D,CC,ZP,F
14:29:37,INDF,RG,6175,1,D,CC,ZP,F
14:29:36,INDF,RG,6200,2,D,PD,ZP,F
14:29:34,INDF,RG,6175,2,D,CC,ZP,F
14:29:16,INDF,RG,6175,1,D,CC,ZP,F
14:29:16,INDF,RG,6200,5,D,DH,ZP,F
14:29:08,INDF,RG,6175,1,D,CC,ZP,F
14:28:56,INDF,RG,6175,3,D,CC,ZP,F
14:28:35,INDF,RG,6175,2,D,CC,ZP,F
14:28:26,INDF,RG,6175,2,D,CC,ZP,F
14:28:26,INDF,RG,6200,1,D,CC,ZP,F
14:28:14,INDF,RG,6175,1,D,CC,ZP,F
14:27:58,INDF,RG,6175,1,D,CC,ZP,F
14:27:50,INDF,RG,6175,7,D,CC,ZP,F
14:27:41,INDF,RG,6200,6,D,DH,ZP,F
14:27:41,INDF,RG,6200,37,D,DH,YU,D
14:27:41,INDF,RG,6200,31,D,DH,YU,D
14:27:39,INDF,RG,6175,7,D,CC,ZP,F
14:27:30,INDF,RG,6175,65,D,CC,YU,D
14:27:22,INDF,RG,6200,3,D,YP,YU,D
14:27:16,INDF,RG,6175,1,D,CC,ZP,F
14:27:04,INDF,RG,6175,7,D,CC,ZP,F
14:26:58,INDF,RG,6175,79,D,CC,RX,F
14:26:57,INDF,RG,6175,3,D,CC,ZP,F
14:26:56,INDF,RG,6175,7,D,CC,RX,F
14:26:52,INDF,RG,6175,5,D,CC,BB,D
14:26:41,INDF,RG,6175,108,D,CC,ZP,F
14:26:37,INDF,RG,6200,2,D,YP,YU,D
14:26:36,INDF,RG,6175,28,D,CC,CS,F
14:26:36,INDF,RG,6175,4,D,CC,CS,F
14:26:36,INDF,RG,6200,20,D,YP,CS,F
14:26:36,INDF,RG,6200,5,D,YP,ZP,F
14:26:36,INDF,RG,6200,10,D,YP,ZP,F
14:26:36,INDF,RG,6200,17,D,YP,ZP,F
14:26:35,INDF,RG,6200,248,D,YP,CC,D
14:26:35,INDF,RG,6200,1,D,CC,CC,D
14:26:35,INDF,RG,6200,41,D,DH,CC,D
14:26:35,INDF,RG,6200,1,F,CS,CC,D
14:26:35,INDF,RG,6200,29,F,ZP,CC,D
14:26:35,INDF,RG,6200,1,D,YP,CC,D
14:26:35,INDF,RG,6200,127,F,DX,CC,D
14:26:35,INDF,RG,6200,150,D,YP,CC,D
14:26:35,INDF,RG,6200,1,D,NI,CC,D
14:26:35,INDF,RG,6200,5,F,DX,CC,D
14:26:35,INDF,RG,6200,1,D,PD,CC,D
14:26:35,INDF,RG,6200,18,D,CC,CC,D
14:26:35,INDF,RG,6200,5,D,KK,CC,D
14:26:35,INDF,RG,6200,22,F,DX,CC,D
14:26:35,INDF,RG,6200,5,F,ZP,CC,D
14:26:35,INDF,RG,6200,3,D,XC,CC,D
14:26:35,INDF,RG,6200,1,D,PD,CC,D
14:26:35,INDF,RG,6200,2,F,CS,CC,D
14:26:35,INDF,RG,6200,208,F,ZP,CC,D
14:26:35,INDF,RG,6200,24,F,DX,CC,D
14:26:35,INDF,RG,6200,5,D,PD,CC,D
14:26:35,INDF,RG,6200,2,D,XC,CC,D
14:26:35,INDF,RG,6200,1,D,PD,CC,D
14:26:35,INDF,RG,6200,5,F,ZP,CC,D
14:26:35,INDF,RG,6200,1,D,CP,CC,D
14:26:35,INDF,RG,6200,1,F,DX,CC,D
14:26:35,INDF,RG,6200,50,D,NI,CC,D
14:26:35,INDF,RG,6200,10,D,PD,CC,D
14:26:35,INDF,RG,6200,36,F,DX,CC,D
14:26:35,INDF,RG,6200,167,F,AK,CC,D
14:26:35,INDF,RG,6200,1,F,DX,CC,D
14:26:35,INDF,RG,6200,1,F,DX,CC,D
14:26:35,INDF,RG,6200,83,F,DX,CC,D
14:26:35,INDF,RG,6200,40,D,OD,CC,D
14:26:35,INDF,RG,6200,3,D,DX,CC,D
14:26:35,INDF,RG,6200,2,D,IF,CC,D
14:26:35,INDF,RG,6200,1,F,CS,CC,D
14:26:35,INDF,RG,6200,79,D,YJ,CC,D
14:26:35,INDF,RG,6200,25,D,LS,CC,D
14:26:35,INDF,RG,6200,95,D,YJ,CC,D
14:26:35,INDF,RG,6200,5,F,ZP,CC,D
14:26:35,INDF,RG,6200,25,F,DX,CC,D
14:26:35,INDF,RG,6200,3,D,XC,CC,D
14:26:35,INDF,RG,6200,5,F,DX,CC,D
14:26:35,INDF,RG,6200,22,F,DX,CC,D
14:26:07,INDF,RG,6200,1,F,DX,PD,D
14:26:00,INDF,RG,6200,4,F,DX,ZP,F
14:26:00,INDF,RG,6200,16,F,DX,AK,F
14:25:29,INDF,RG,6200,3,F,DX,ZP,F
14:25:23,INDF,RG,6200,3,F,DX,YP,D
14:25:13,INDF,RG,6200,1,F,DX,ZP,F
14:25:11,INDF,RG,6200,3,F,DX,ZP,F
14:25:01,INDF,RG,6200,3,F,DX,ZP,F
14:24:31,INDF,RG,6200,2,F,DX,ZP,F
14:24:24,INDF,RG,6200,1,F,DX,ZP,F
14:24:14,INDF,RG,6200,4,F,DX,ZP,F
14:24:14,INDF,RG,6200,7,F,DX,ZP,F
14:24:04,INDF,RG,6200,7,F,DX,RX,F
14:24:02,INDF,RG,6200,7,F,DX,ZP,F
14:24:02,INDF,RG,6200,23,F,DX,RX,F
14:24:02,INDF,RG,6200,1,F,CS,RX,F
14:24:02,INDF,RG,6200,1,D,AT,RX,F
14:24:02,INDF,RG,6200,4,D,YJ,RX,F
14:23:59,INDF,RG,6200,47,D,YJ,CS,F
14:23:59,INDF,RG,6200,29,D,YJ,CS,F
14:23:59,INDF,RG,6200,2,D,XC,CS,F
14:23:59,INDF,RG,6200,7,F,ZP,CS,F
14:23:59,INDF,RG,6200,2,D,YJ,CS,F
14:23:54,INDF,RG,6200,1,D,YJ,ZP,F
14:23:42,INDF,RG,6200,31,D,YJ,ZP,F
14:23:36,INDF,RG,6200,9,D,YJ,BB,D
14:23:36,INDF,RG,6200,2,D,PD,BB,D
14:23:36,INDF,RG,6200,4,D,XC,BB,D
14:23:36,INDF,RG,6200,97,D,YJ,BB,D
14:23:36,INDF,RG,6200,23,D,PD,BB,D
14:23:36,INDF,RG,6200,1,F,CS,BB,D
14:23:36,INDF,RG,6200,5,D,CC,BB,D
14:23:36,INDF,RG,6200,5,D,IF,BB,D
14:23:36,INDF,RG,6200,20,D,YP,BB,D
14:23:36,INDF,RG,6200,5,F,DX,BB,D
14:23:36,INDF,RG,6200,1,F,CS,BB,D
14:23:36,INDF,RG,6200,28,D,CC,BB,D
14:23:36,INDF,RG,6200,17,D,CC,BB,D
14:23:36,INDF,RG,6200,2,D,PD,BB,D
14:23:36,INDF,RG,6200,66,F,ZP,BB,D
14:23:36,INDF,RG,6200,1,D,XC,BB,D
14:23:36,INDF,RG,6200,5,F,ZP,BB,D
14:23:36,INDF,RG,6200,7,F,ZP,BB,D
14:23:36,INDF,RG,6200,1,D,NI,BB,D
14:23:36,INDF,RG,6200,1,D,DH,BB,D
14:23:36,INDF,RG,6200,1,F,CS,BB,D
14:23:36,INDF,RG,6200,25,D,GR,BB,D
14:23:36,INDF,RG,6200,129,F,DX,BB,D
14:23:30,INDF,RG,6200,3,F,DX,ZP,F
14:23:30,INDF,RG,6200,4,F,DX,AK,F
14:23:23,INDF,RG,6200,1,F,DX,AT,D
14:23:19,INDF,RG,6200,1,F,DX,ZP,F
14:23:07,INDF,RG,6200,1,F,DX,ZP,F
14:23:06,INDF,RG,6200,2,F,DX,ZP,F
14:22:45,INDF,RG,6200,7,F,DX,ZP,F
14:22:30,INDF,RG,6200,37,F,DX,YU,D
14:22:30,INDF,RG,6200,1,D,KK,YU,D
14:22:30,INDF,RG,6200,1,D,NI,YU,D
14:22:30,INDF,RG,6200,5,D,YP,YU,D
14:22:30,INDF,RG,6200,2,D,YP,YU,D
14:22:30,INDF,RG,6200,2,D,PD,YU,D
14:22:30,INDF,RG,6200,4,D,GR,YU,D
14:22:30,INDF,RG,6200,7,D,PD,YU,D
14:22:30,INDF,RG,6200,5,D,NI,YU,D
14:22:30,INDF,RG,6200,1,D,PD,YU,D
14:22:30,INDF,RG,6200,1,F,CS,YU,D
14:22:30,INDF,RG,6200,5,D,PD,YU,D
14:22:30,INDF,RG,6200,2,D,LS,YU,D
14:22:27,INDF,RG,6200,3,D,LS,ZP,F
14:22:04,INDF,RG,6200,1,D,NI,ZP,F
14:22:04,INDF,RG,6200,1,D,YP,ZP,F
14:22:04,INDF,RG,6200,1,D,XC,ZP,F
14:22:04,INDF,RG,6200,5,D,XC,ZP,F
14:22:04,INDF,RG,6200,1,D,GR,ZP,F
14:22:04,INDF,RG,6200,1,D,SQ,ZP,F
14:21:44,INDF,RG,6200,2,D,SQ,ZP,F
14:21:44,INDF,RG,6200,1,D,XC,ZP,F
14:21:44,INDF,RG,6200,1,D,PD,ZP,F
14:21:44,INDF,RG,6200,1,D,YP,ZP,F
14:21:26,INDF,RG,6200,9,D,YP,PD,D
14:21:26,INDF,RG,6200,33,F,ZP,PD,D
14:21:24,INDF,RG,6200,3,F,ZP,ZP,F
14:21:05,INDF,RG,6200,2,F,ZP,ZP,F
14:21:04,INDF,RG,6225,8,D,DH,GR,D
14:21:00,INDF,RG,6225,7,F,ZP,GR,D
14:20:57,INDF,RG,6200,4,F,ZP,ZP,F
14:20:25,INDF,RG,6200,3,F,ZP,ZP,F
14:20:12,INDF,RG,6200,3,F,ZP,ZP,F
14:20:11,INDF,RG,6200,6,F,ZP,ZP,F
14:20:06,INDF,RG,6225,5,F,DX,GR,D
14:20:01,INDF,RG,6200,8,F,ZP,RX,F
14:20:00,INDF,RG,6200,1,F,ZP,ZP,F
14:19:59,INDF,RG,6200,2,F,ZP,RX,F
14:19:50,INDF,RG,6200,3,F,ZP,ZP,F
14:19:31,INDF,RG,6200,1,F,ZP,XC,D
14:19:29,INDF,RG,6200,4,F,ZP,ZP,F
14:19:11,INDF,RG,6200,4,F,ZP,ZP,F
14:19:11,INDF,RG,6200,11,F,ZP,ZP,F
14:18:47,INDF,RG,6200,1,F,ZP,ZP,F
14:18:32,INDF,RG,6200,2,F,ZP,ZP,F
14:18:20,INDF,RG,6200,1,F,ZP,ZP,F
14:18:19,INDF,RG,6200,1,F,ZP,CC,D
14:18:10,INDF,RG,6200,7,F,ZP,ZP,F
14:18:06,INDF,RG,6200,6,F,ZP,ZP,F
14:18:05,INDF,RG,6200,7,F,ZP,CS,F
14:18:05,INDF,RG,6200,7,D,CC,CS,F
14:18:05,INDF,RG,6200,1,D,OD,CS,F
14:18:05,INDF,RG,6200,76,F,AK,CS,F
14:18:00,INDF,RG,6200,65,F,AK,YU,D
14:18:00,INDF,RG,6225,8,F,ZP,GR,D
14:17:55,INDF,RG,6200,3,F,AK,ZP,F
14:17:44,INDF,RG,6200,2,F,AK,ZP,F
14:17:43,INDF,RG,6200,3,F,AK,RX,F
14:17:41,INDF,RG,6200,23,F,AK,RX,F
14:17:36,INDF,RG,6200,21,F,AK,ZP,F
14:17:31,INDF,RG,6200,1,F,AK,ZP,F
14:17:30,INDF,RG,6200,69,F,AK,BB,D
14:17:30,INDF,RG,6200,1,F,CS,BB,D
14:17:30,INDF,RG,6200,25,D,YJ,BB,D
14:17:30,INDF,RG,6200,1,D,XC,BB,D
14:17:30,INDF,RG,6200,91,D,YJ,BB,D
14:17:30,INDF,RG,6200,5,D,PD,BB,D
14:17:30,INDF,RG,6200,5,F,ZP,BB,D
14:17:30,INDF,RG,6200,58,D,YJ,BB,D
14:17:30,INDF,RG,6200,24,D,YP,BB,D
14:17:30,INDF,RG,6200,30,D,CC,BB,D
14:17:11,INDF,RG,6200,5,D,CC,ZP,F
14:17:06,INDF,RG,6225,55,D,DR,GR,D
14:17:01,INDF,RG,6200,1,D,CC,ZP,F
14:17:00,INDF,RG,6200,1,D,CC,XC,D
14:16:50,INDF,RG,6200,2,D,CC,ZP,F
14:16:49,INDF,RG,6200,3,D,CC,ZP,F
14:16:29,INDF,RG,6200,2,D,CC,ZP,F
14:16:01,INDF,RG,6200,3,D,CC,ZP,F
14:15:50,INDF,RG,6200,2,D,CC,ZP,F
14:15:37,INDF,RG,6200,2,D,CC,ZP,F
14:15:12,INDF,RG,6200,1,D,CC,ZP,F
14:15:09,INDF,RG,6200,1,D,CC,ZP,F
14:14:45,INDF,RG,6200,1,D,CC,ZP,F
14:14:36,INDF,RG,6200,15,D,CC,ZP,F
14:14:25,INDF,RG,6200,131,D,CC,BB,D
14:14:25,INDF,RG,6200,10,D,XC,BB,D
14:14:25,INDF,RG,6200,65,D,YP,BB,D
14:14:25,INDF,RG,6200,38,F,DX,BB,D
14:14:19,INDF,RG,6200,1,F,DX,ZP,F
14:14:19,INDF,RG,6200,3,F,DX,KZ,F
14:14:07,INDF,RG,6200,5,F,DX,ZP,F
14:14:06,INDF,RG,6200,11,F,DX,XC,D
14:14:00,INDF,RG,6200,70,F,DX,YU,D
14:13:50,INDF,RG,6200,1,F,DX,ZP,F
14:13:41,INDF,RG,6200,1,F,DX,XC,D
14:13:23,INDF,RG,6200,1,F,DX,ZP,F
14:13:17,INDF,RG,6225,3,D,CC,GR,D
14:13:13,INDF,RG,6200,1,F,DX,ZP,F
14:13:02,INDF,RG,6200,3,F,DX,ZP,F
14:12:55,INDF,RG,6225,14,D,YP,GR,D
14:12:55,INDF,RG,6225,2,D,YP,ZP,F
14:12:55,INDF,RG,6225,14,D,YP,RX,F
14:12:55,INDF,RG,6225,16,D,YP,PD,D
14:12:55,INDF,RG,6225,3,D,YP,AK,F
14:12:55,INDF,RG,6225,1,D,YP,KK,D
14:12:45,INDF,RG,6200,1,F,DX,ZP,F
14:12:29,INDF,RG,6200,1,F,DX,ZP,F
14:12:17,INDF,RG,6200,1,F,DX,KK,D
14:12:00,INDF,RG,6200,1,F,DX,ZP,F
14:11:38,INDF,RG,6200,1,F,DX,ZP,F
14:11:25,INDF,RG,6200,1,F,DX,ZP,F
14:10:56,INDF,RG,6200,2,F,DX,ZP,F
14:10:23,INDF,RG,6200,1,F,DX,ZP,F
14:10:09,INDF,RG,6200,5,F,DX,ZP,F
14:10:09,INDF,RG,6200,10,F,DX,RX,F
14:10:01,INDF,RG,6200,2,F,DX,ZP,F
14:10:00,INDF,RG,6200,75,F,DX,YU,D
14:09:49,INDF,RG,6200,20,F,DX,IP,D
14:09:27,INDF,RG,6200,2,F,DX,ZP,F
14:09:11,INDF,RG,6200,3,F,DX,XC,D
14:09:04,INDF,RG,6200,1,F,DX,ZP,F
14:08:43,INDF,RG,6200,6,F,DX,ZP,F
14:08:35,INDF,RG,6200,54,F,DX,CS,F
14:08:35,INDF,RG,6200,51,F,ZP,CS,F
14:08:34,INDF,RG,6200,1,F,ZP,ZP,F
14:08:23,INDF,RG,6200,1,F,ZP,ZP,F
14:08:19,INDF,RG,6200,16,F,ZP,RX,F
14:08:13,INDF,RG,6200,1,F,ZP,ZP,F
14:08:03,INDF,RG,6200,19,F,ZP,ZP,F
14:07:51,INDF,RG,6200,93,F,ZP,BB,D
14:07:51,INDF,RG,6200,1,D,DR,BB,D
14:07:51,INDF,RG,6200,10,D,SQ,BB,D
14:07:51,INDF,RG,6200,1,D,DR,BB,D
14:07:51,INDF,RG,6200,2,D,GR,BB,D
14:07:51,INDF,RG,6200,1,D,AT,BB,D
14:07:51,INDF,RG,6200,10,D,NI,BB,D
14:07:51,INDF,RG,6200,2,D,AT,BB,D
14:07:51,INDF,RG,6200,1,D,XC,BB,D
14:07:51,INDF,RG,6200,15,D,PD,BB,D
14:07:51,INDF,RG,6200,1,D,XC,BB,D
14:07:51,INDF,RG,6200,6,F,ZP,BB,D
14:07:51,INDF,RG,6200,8,D,PD,BB,D
14:07:51,INDF,RG,6200,2,D,XC,BB,D
14:07:51,INDF,RG,6200,5,F,DX,BB,D
14:07:51,INDF,RG,6200,1,D,LG,BB,D
14:07:51,INDF,RG,6200,1,D,CC,BB,D
14:07:51,INDF,RG,6200,1,F,CS,BB,D
14:07:51,INDF,RG,6200,1,D,PD,BB,D
14:07:51,INDF,RG,6200,10,D,SQ,BB,D
14:07:51,INDF,RG,6200,1,D,NI,BB,D
14:07:51,INDF,RG,6200,1,F,CS,BB,D
14:07:51,INDF,RG,6200,1,D,CC,BB,D
14:07:51,INDF,RG,6200,15,D,CC,BB,D
14:07:51,INDF,RG,6200,5,D,PD,BB,D
14:07:51,INDF,RG,6200,2,D,CC,BB,D
14:07:51,INDF,RG,6200,1,D,XC,BB,D
14:07:51,INDF,RG,6200,2,D,KK,BB,D
14:07:51,INDF,RG,6200,20,D,GR,BB,D
14:07:51,INDF,RG,6200,2,D,YP,BB,D
14:07:51,INDF,RG,6200,1,D,SQ,BB,D
14:07:51,INDF,RG,6200,2,D,MG,BB,D
14:07:51,INDF,RG,6200,1,F,CS,BB,D
14:07:51,INDF,RG,6200,1,D,XC,BB,D
14:07:51,INDF,RG,6200,10,D,GR,BB,D
14:07:51,INDF,RG,6200,5,F,ZP,BB,D
14:07:51,INDF,RG,6200,8,D,OD,BB,D
14:07:51,INDF,RG,6200,1,D,PD,BB,D
14:07:51,INDF,RG,6200,2,D,DR,BB,D
14:07:51,INDF,RG,6200,10,D,GR,BB,D
14:07:51,INDF,RG,6200,2,F,DX,BB,D
14:07:51,INDF,RG,6200,1,D,PD,BB,D
14:07:51,INDF,RG,6200,1,D,PD,BB,D
14:07:51,INDF,RG,6200,1,F,CS,BB,D
14:07:51,INDF,RG,6200,40,F,DX,BB,D
14:07:45,INDF,RG,6200,1,F,DX,ZP,F
14:07:35,INDF,RG,6200,1,F,DX,ZP,F
14:07:24,INDF,RG,6200,5,F,DX,NI,D
14:07:15,INDF,RG,6200,1,F,DX,ZP,F
14:06:50,INDF,RG,6200,1,F,DX,ZP,F
14:06:41,INDF,RG,6200,1,F,DX,ZP,F
14:06:19,INDF,RG,6200,2,F,DX,ZP,F
14:06:19,INDF,RG,6200,2,F,DX,KZ,F
14:06:02,INDF,RG,6200,8,F,DX,RX,F
14:06:00,INDF,RG,6200,6,F,DX,RX,F
14:05:37,INDF,RG,6200,8,F,DX,ZP,F
14:05:34,INDF,RG,6200,105,F,DX,CS,F
14:05:21,INDF,RG,6200,1,F,DX,ZP,F
14:05:16,INDF,RG,6200,10,F,DX,ZP,F
14:05:16,INDF,RG,6200,12,F,DX,ZP,F
14:05:01,INDF,RG,6200,54,F,DX,AZ,D
14:05:01,INDF,RG,6200,1,D,PD,AZ,D
14:05:01,INDF,RG,6200,7,F,ZP,AZ,D
14:05:01,INDF,RG,6200,7,F,ZP,AZ,D
14:05:01,INDF,RG,6200,1,F,DX,AZ,D
14:05:01,INDF,RG,6200,6,F,ZP,AZ,D
14:05:01,INDF,RG,6200,1,D,PD,AZ,D
14:05:01,INDF,RG,6200,1,F,CS,AZ,D
14:05:01,INDF,RG,6200,1,D,XC,AZ,D
14:05:01,INDF,RG,6200,25,D,TP,AZ,D
14:05:01,INDF,RG,6200,46,F,ZP,AZ,D
14:04:59,INDF,RG,6200,2,F,ZP,ZP,F
14:04:59,INDF,RG,6225,2,D,PD,KK,D
14:04:50,INDF,RG,6200,11,F,ZP,RX,F
14:04:41,INDF,RG,6200,5,F,ZP,ZP,F
14:04:38,INDF,RG,6200,4,F,ZP,AI,D
14:04:38,INDF,RG,6200,16,D,CC,AI,D
14:04:38,INDF,RG,6200,2,D,PD,AI,D
14:04:38,INDF,RG,6200,10,D,PD,AI,D
14:04:38,INDF,RG,6200,10,D,SQ,AI,D
14:04:38,INDF,RG,6200,1,F,CS,AI,D
14:04:38,INDF,RG,6200,1,D,PD,AI,D
14:04:38,INDF,RG,6200,12,D,XC,AI,D
14:04:38,INDF,RG,6200,10,D,NI,AI,D
14:04:38,INDF,RG,6200,5,F,DX,AI,D
14:04:38,INDF,RG,6200,1,D,PD,AI,D
14:04:38,INDF,RG,6200,54,F,AK,AI,D
14:04:38,INDF,RG,6200,23,F,DX,AI,D
14:04:37,INDF,RG,6225,1,D,AT,KK,D
14:04:10,INDF,RG,6225,1,D,AT,KK,D
14:04:00,INDF,RG,6225,8,F,ZP,KK,D
14:03:20,INDF,RG,6200,63,F,DX,YU,D
14:03:15,INDF,RG,6200,6,F,DX,ZP,F
14:02:55,INDF,RG,6200,2,F,DX,YP,D
14:02:47,INDF,RG,6200,1,F,DX,PD,D
14:02:46,INDF,RG,6200,20,F,DX,RX,F
14:02:37,INDF,RG,6225,5,F,DX,KK,D
14:02:37,INDF,RG,6200,32,F,DX,OD,D
14:02:35,INDF,RG,6200,70,F,DX,YB,D
14:02:33,INDF,RG,6200,1,F,DX,ZP,F
14:02:32,INDF,RG,6200,143,F,DX,DR,D
14:02:32,INDF,RG,6200,77,F,ZP,DR,D
14:02:30,INDF,RG,6200,67,F,ZP,CS,F
14:02:30,INDF,RG,6200,8,F,ZP,CS,F
14:02:30,INDF,RG,6200,1,D,AT,CS,F
14:02:30,INDF,RG,6200,5,D,YJ,CS,F
14:02:23,INDF,RG,6225,17,D,XC,KK,D
14:02:17,INDF,RG,6200,2,D,YJ,ZP,F
14:02:08,INDF,RG,6200,10,D,YJ,RX,F
14:01:59,INDF,RG,6200,80,D,YJ,BB,D
14:01:59,INDF,RG,6200,35,D,YJ,BB,D
14:01:58,INDF,RG,6225,2,D,MG,KK,D
14:01:56,INDF,RG,6200,9,D,YJ,ZP,F
14:01:44,INDF,RG,6200,3,D,YJ,CC,D
14:01:33,INDF,RG,6225,4,D,KK,KK,D
14:01:00,INDF,RG,6225,8,F,ZP,KK,D
14:00:57,INDF,RG,6225,48,D,OD,KK,D
14:00:07,INDF,RG,6200,66,D,YJ,CS,F
14:00:07,INDF,RG,6200,20,D,YJ,CS,F
14:00:04,INDF,RG,6225,8,D,YP,KK,D
13:59:53,INDF,RG,6225,15,D,SQ,KK,D
13:59:11,INDF,RG,6200,64,D,YJ,ZP,F
13:59:11,INDF,RG,6200,14,D,YJ,ZP,F
13:58:57,INDF,RG,6200,2,D,YJ,YP,D
13:58:46,INDF,RG,6200,5,D,YJ,XC,D
13:58:24,INDF,RG,6200,3,D,YJ,KZ,F
13:58:09,INDF,RG,6200,129,D,YJ,BB,D
13:58:09,INDF,RG,6200,6,D,YJ,BB,D
13:57:33,INDF,RG,6200,39,D,YJ,CS,F
13:57:33,INDF,RG,6200,5,D,PD,CS,F
13:57:33,INDF,RG,6200,69,D,YP,CS,F
13:57:30,INDF,RG,6200,11,D,YP,YU,D
13:57:30,INDF,RG,6200,10,D,NI,YU,D
13:57:30,INDF,RG,6200,20,D,AG,YU,D
13:57:30,INDF,RG,6200,2,D,SQ,YU,D
13:57:30,INDF,RG,6200,10,D,CC,YU,D
13:57:30,INDF,RG,6200,3,D,PD,YU,D
13:57:30,INDF,RG,6200,20,D,YJ,YU,D
13:56:01,INDF,RG,6200,1,D,YJ,PD,D
13:55:43,INDF,RG,6200,4,D,YJ,YP,D
13:55:19,INDF,RG,6200,2,D,YJ,KZ,F
13:54:56,INDF,RG,6200,8,D,YJ,CC,D
13:54:56,INDF,RG,6200,2,D,XC,CC,D
13:54:09,INDF,RG,6200,2,D,XC,CS,F
13:54:09,INDF,RG,6200,1,D,CC,CS,F
13:54:09,INDF,RG,6200,5,D,CC,CS,F
13:54:09,INDF,RG,6200,114,D,YJ,CS,F
13:54:00,INDF,RG,6225,8,F,ZP,KK,D
13:53:25,INDF,RG,6225,1,D,PD,KK,D
13:53:23,INDF,RG,6225,10,D,PD,KK,D
13:53:15,INDF,RG,6200,2,D,YJ,PD,D
13:53:14,INDF,RG,6225,1,D,MG,KK,D
13:52:30,INDF,RG,6200,9,D,YJ,YU,D
13:52:30,INDF,RG,6200,5,F,DX,YU,D
13:52:30,INDF,RG,6200,2,D,PD,YU,D
13:52:30,INDF,RG,6200,4,F,ZP,YU,D
13:52:30,INDF,RG,6200,1,D,YP,YU,D
13:52:30,INDF,RG,6200,2,D,YP,YU,D
13:52:30,INDF,RG,6200,1,D,CC,YU,D
13:52:30,INDF,RG,6200,5,D,YP,YU,D
13:52:30,INDF,RG,6200,32,D,YP,YU,D
13:52:16,INDF,RG,6200,3,D,YP,NI,D
13:52:10,INDF,RG,6200,1,D,YP,ZP,F
13:52:06,INDF,RG,6225,3,D,GR,KK,D
13:52:06,INDF,RG,6225,13,D,GR,RX,F
13:52:06,INDF,RG,6225,5,D,GR,BB,D
13:52:06,INDF,RG,6225,9,D,GR,BB,D
13:51:39,INDF,RG,6225,1,F,DX,BB,D
13:51:39,INDF,RG,6225,3,F,DX,ZP,F
13:51:39,INDF,RG,6225,1,F,DX,ZP,F
13:51:16,INDF,RG,6200,2,D,YP,ZP,F
13:51:04,INDF,RG,6200,10,D,YP,CC,D
13:50:55,INDF,RG,6200,2,D,YP,PD,D
13:50:55,INDF,RG,6200,1,D,YP,PD,D
13:50:27,INDF,RG,6200,10,D,YP,ZP,F
13:50:21,INDF,RG,6200,9,D,YP,CS,F
13:50:21,INDF,RG,6200,20,F,NI,CS,F
13:50:21,INDF,RG,6200,1,D,XC,CS,F
13:50:21,INDF,RG,6200,3,D,XC,CS,F
13:50:21,INDF,RG,6200,45,F,CG,CS,F
13:50:21,INDF,RG,6200,65,D,CC,CS,F
13:50:10,INDF,RG,6200,2,D,CC,ZP,F
13:50:02,INDF,RG,6200,10,D,CC,XC,D
13:50:01,INDF,RG,6200,1,D,CC,ZP,F
13:50:00,INDF,RG,6225,7,F,ZP,ZP,F
13:49:46,INDF,RG,6200,5,D,CC,ZP,F
13:49:37,INDF,RG,6200,1,D,CC,ZP,F
13:49:36,INDF,RG,6200,16,D,CC,BB,D
13:49:36,INDF,RG,6200,8,D,PD,BB,D
13:49:36,INDF,RG,6200,3,D,XC,BB,D
13:49:36,INDF,RG,6200,5,D,PD,BB,D
13:49:36,INDF,RG,6200,1,D,XC,BB,D
13:49:36,INDF,RG,6200,1,D,XC,BB,D
13:49:36,INDF,RG,6200,1,D,PD,BB,D
13:49:36,INDF,RG,6200,1,D,PD,BB,D
13:49:36,INDF,RG,6200,5,D,DH,BB,D
13:49:36,INDF,RG,6200,1,D,PD,BB,D
13:49:36,INDF,RG,6200,1,D,CC,BB,D
13:49:36,INDF,RG,6200,5,D,PD,BB,D
13:49:36,INDF,RG,6200,1,D,CC,BB,D
13:49:36,INDF,RG,6200,2,D,CC,BB,D
13:49:36,INDF,RG,6200,1,D,PD,BB,D
13:49:36,INDF,RG,6200,1,D,HP,BB,D
13:49:36,INDF,RG,6200,3,D,PD,BB,D
13:49:36,INDF,RG,6200,1,D,PD,BB,D
13:49:36,INDF,RG,6200,4,D,PD,BB,D
13:49:36,INDF,RG,6200,5,D,PD,BB,D
13:49:36,INDF,RG,6200,9,D,PD,BB,D
13:49:00,INDF,RG,6200,1,D,PD,ZP,F
13:48:59,INDF,RG,6225,3,D,SQ,ZP,F
13:48:59,INDF,RG,6225,1,D,SQ,ZP,F
13:48:59,INDF,RG,6225,1,D,SQ,CS,F
13:48:37,INDF,RG,6200,8,D,PD,CC,D
13:48:33,INDF,RG,6200,2,D,PD,ZP,F
13:48:33,INDF,RG,6200,10,D,KK,ZP,F
13:48:33,INDF,RG,6200,2,D,PD,ZP,F
13:48:33,INDF,RG,6200,1,D,PD,ZP,F
13:48:33,INDF,RG,6200,4,D,SQ,ZP,F
13:48:33,INDF,RG,6200,21,D,GR,ZP,F
13:48:32,INDF,RG,6200,9,D,GR,BB,D
13:48:32,INDF,RG,6200,9,D,AT,BB,D
13:48:32,INDF,RG,6200,2,D,SQ,BB,D
13:48:32,INDF,RG,6200,25,D,YP,BB,D
13:48:31,INDF,RG,6200,2,D,YP,AK,F
13:48:31,INDF,RG,6200,5,D,YP,AK,F
13:48:31,INDF,RG,6200,1,D,PD,AK,F
13:48:31,INDF,RG,6200,50,D,RX,AK,F
13:48:31,INDF,RG,6200,500,D,RX,CS,F
13:48:22,INDF,RG,6200,1,D,RX,ZP,F
13:47:33,INDF,RG,6200,5,D,RX,ZP,F
13:47:30,INDF,RG,6200,1,D,RX,ZP,F
13:47:30,INDF,RG,6200,73,D,RX,YU,D
13:46:54,INDF,RG,6200,1,D,RX,ZP,F
13:46:42,INDF,RG,6200,1,D,RX,ZP,F
13:46:09,INDF,RG,6200,1,D,RX,ZP,F
13:45:52,INDF,RG,6200,1,D,RX,ZP,F
13:45:17,INDF,RG,6200,4,D,RX,CC,D
13:45:10,INDF,RG,6200,1,D,RX,ZP,F
13:45:03,INDF,RG,6200,1,D,RX,ZP,F
13:44:46,INDF,RG,6200,1,D,RX,ZP,F
13:44:38,INDF,RG,6225,4,D,PD,CS,F
13:44:38,INDF,RG,6225,5,D,PD,CS,F
13:44:38,INDF,RG,6200,1,D,RX,ZP,F
13:44:38,INDF,RG,6225,1,D,XC,CS,F
13:44:34,INDF,RG,6200,10,D,RX,CC,D
13:44:08,INDF,RG,6200,1,D,RX,ZP,F
13:43:57,INDF,RG,6200,76,D,RX,ZP,F
13:43:45,INDF,RG,6225,1,D,PD,CS,F
13:43:45,INDF,RG,6225,1,D,PD,BB,D
13:43:39,INDF,RG,6200,9,D,RX,ZP,F
13:43:38,INDF,RG,6225,8,D,XC,BB,D
13:43:26,INDF,RG,6225,24,D,PD,BB,D
13:43:26,INDF,RG,6225,15,D,PD,CS,F
13:43:26,INDF,RG,6225,16,D,PD,PD,D
13:43:26,INDF,RG,6225,4,D,PD,CS,F
13:43:26,INDF,RG,6225,1,D,PD,CC,F
13:43:26,INDF,RG,6225,31,D,PD,YU,D
13:43:26,INDF,RG,6225,9,D,PD,ZP,F
13:43:26,INDF,RG,6225,22,D,PD,CS,F
13:43:26,INDF,RG,6225,6,D,PD,CS,F
13:43:26,INDF,RG,6225,8,D,PD,CS,F
13:43:26,INDF,RG,6225,1,D,PD,PD,D
13:43:26,INDF,RG,6225,14,D,PD,CS,F
13:43:26,INDF,RG,6225,6,D,PD,CS,F
13:43:26,INDF,RG,6225,1,D,PD,CS,F
13:43:26,INDF,RG,6225,3,D,PD,AK,F
13:43:26,INDF,RG,6225,87,D,PD,RX,F
13:43:26,INDF,RG,6225,2,D,PD,BB,D
13:43:24,INDF,RG,6200,28,D,RX,BB,D
13:43:09,INDF,RG,6200,1,D,RX,ZP,F
13:42:59,INDF,RG,6225,25,D,NI,BB,D
13:42:15,INDF,RG,6200,1,D,RX,SQ,D
13:42:15,INDF,RG,6200,7,D,RX,RX,F
13:42:13,INDF,RG,6200,4,D,RX,RX,F
13:42:12,INDF,RG,6225,24,D,YP,BB,D
13:42:12,INDF,RG,6225,20,D,YP,CS,F
13:42:12,INDF,RG,6225,2,D,YP,KZ,F
13:42:12,INDF,RG,6225,9,D,YP,ZP,F
13:42:12,INDF,RG,6225,21,D,YP,CS,F
13:42:12,INDF,RG,6225,116,D,YP,BB,D
13:41:43,INDF,RG,6200,24,D,RX,CC,D
13:41:14,INDF,RG,6225,16,F,AG,BB,D
13:41:08,INDF,RG,6200,44,D,RX,RX,F
13:40:53,INDF,RG,6225,1,F,CS,ZP,F
13:40:53,INDF,RG,6200,71,D,RX,CS,F
13:40:53,INDF,RG,6225,1,D,PD,CS,F
13:40:53,INDF,RG,6225,1,F,CS,CS,F
13:40:53,INDF,RG,6225,2,F,ZP,CS,F
13:40:53,INDF,RG,6225,16,D,DR,CS,F
13:40:53,INDF,RG,6225,4,D,IF,CS,F
13:40:53,INDF,RG,6225,1,F,CS,AK,F
13:40:53,INDF,RG,6225,2,D,CC,AK,F
13:40:53,INDF,RG,6225,25,F,ZP,AK,F
13:40:53,INDF,RG,6225,69,F,DX,AK,F
13:40:52,INDF,RG,6225,1176,F,DX,CC,D
13:40:25,INDF,RG,6250,5,D,DR,CC,D
13:40:25,INDF,RG,6250,5,D,DR,YP,D
13:40:24,INDF,RG,6225,4,F,DX,ZP,F
13:39:34,INDF,RG,6225,2,F,DX,CC,D
13:39:04,INDF,RG,6225,1,F,DX,ZP,F
13:38:29,INDF,RG,6225,19,F,DX,ZP,F
13:38:20,INDF,RG,6225,2,F,DX,ZP,F
13:38:20,INDF,RG,6225,7,F,DX,ZP,F
13:38:19,INDF,RG,6225,67,F,DX,CS,F
13:38:19,INDF,RG,6225,12,D,SQ,CS,F
13:38:19,INDF,RG,6225,1,F,DX,CS,F
13:38:19,INDF,RG,6225,6,F,DX,CS,F
13:38:19,INDF,RG,6225,1,F,ZP,CS,F
13:38:19,INDF,RG,6225,5,F,ZP,CS,F
13:38:19,INDF,RG,6225,6,F,ZP,CS,F
13:38:19,INDF,RG,6225,1,F,CS,CS,F
13:38:19,INDF,RG,6225,66,F,AK,CS,F
13:38:19,INDF,RG,6225,84,F,ZP,CS,F
13:38:19,INDF,RG,6225,223,D,RX,CS,F
13:38:07,INDF,RG,6225,1,D,RX,ZP,F
13:38:04,INDF,RG,6250,16,D,XC,YP,D
13:38:02,INDF,RG,6225,1,D,RX,ZP,F
13:37:44,INDF,RG,6225,6,D,RX,ZP,F
13:37:35,INDF,RG,6225,37,D,RX,ZP,F
13:37:30,INDF,RG,6250,9,D,XC,YP,D
13:37:30,INDF,RG,6250,1,D,XC,PD,D
13:37:25,INDF,RG,6225,49,D,RX,CS,F
13:37:24,INDF,RG,6225,17,D,RX,CS,F
13:37:24,INDF,RG,6225,40,D,RX,CS,F
13:37:24,INDF,RG,6225,1,D,RX,ZP,F
13:37:24,INDF,RG,6225,23,D,RX,AK,F
13:37:24,INDF,RG,6225,37,D,RX,YU,D
13:37:24,INDF,RG,6225,21,D,RX,CS,F
13:37:24,INDF,RG,6225,50,D,RX,SQ,D
13:37:24,INDF,RG,6225,37,D,RX,CS,F
13:37:24,INDF,RG,6225,2,D,RX,EP,D
13:37:24,INDF,RG,6225,4,D,RX,BQ,D
13:37:24,INDF,RG,6225,11,D,RX,BK,F
13:37:24,INDF,RG,6225,3,D,RX,ZP,F
13:37:24,INDF,RG,6225,11,D,RX,ZP,F
13:37:24,INDF,RG,6225,16,D,RX,PD,D
13:37:24,INDF,RG,6225,30,D,RX,KK,D
13:37:24,INDF,RG,6225,27,D,RX,CS,F
13:37:24,INDF,RG,6225,8,D,RX,RX,F
13:37:24,INDF,RG,6225,5,D,RX,AK,F
13:37:24,INDF,RG,6225,9,D,RX,BB,D
13:37:24,INDF,RG,6225,50,D,RX,CS,F
13:37:24,INDF,RG,6225,5,D,RX,ZP,F
13:37:24,INDF,RG,6225,12,D,RX,BB,D
13:37:24,INDF,RG,6225,27,D,RX,ZP,F
13:37:24,INDF,RG,6225,33,D,RX,YU,D
13:37:24,INDF,RG,6225,5,D,RX,ZP,F
13:37:24,INDF,RG,6225,1,D,RX,AT,D
13:37:24,INDF,RG,6225,35,D,RX,CS,F
13:37:24,INDF,RG,6225,10,D,RX,RX,F
13:37:24,INDF,RG,6225,16,D,RX,PD,D
13:37:24,INDF,RG,6225,34,D,RX,CS,F
13:37:24,INDF,RG,6225,50,D,RX,XA,D
13:37:24,INDF,RG,6225,4,D,RX,CS,F
13:37:24,INDF,RG,6225,37,D,RX,YU,D
13:37:24,INDF,RG,6225,12,D,RX,CS,F
13:37:13,INDF,RG,6225,4,D,DH,CS,F
13:37:07,INDF,RG,6225,1,D,GR,CS,F
13:36:59,INDF,RG,6200,2,D,RX,ZP,F
13:36:45,INDF,RG,6200,10,D,RX,RO,D
13:36:36,INDF,RG,6225,4,D,CC,CS,F
13:36:36,INDF,RG,6225,1,D,CC,CS,F
13:36:17,INDF,RG,6225,5,D,CC,CS,F
13:35:44,INDF,RG,6200,63,D,RX,YU,D
13:35:01,INDF,RG,6200,1,D,RX,AT,D
13:34:53,INDF,RG,6225,3,D,GR,CS,F
13:34:41,INDF,RG,6225,9,F,ZP,CS,F
13:34:41,INDF,RG,6225,45,F,ZP,RX,F
13:34:41,INDF,RG,6225,9,F,ZP,CS,F
13:34:18,INDF,RG,6225,4,D,YP,CS,F
13:34:18,INDF,RG,6225,1,D,YP,BB,D
13:34:16,INDF,RG,6225,8,D,XC,BB,D
13:34:16,INDF,RG,6225,2,D,XC,ZP,F
13:34:16,INDF,RG,6225,1,D,XC,ZP,F
13:34:08,INDF,RG,6225,2,F,DX,ZP,F
13:34:08,INDF,RG,6225,3,F,DX,KZ,F
13:34:01,INDF,RG,6200,1,D,RX,PD,D
13:33:37,INDF,RG,6225,1,D,CC,KZ,F
13:33:37,INDF,RG,6225,6,D,CC,YP,D
13:33:26,INDF,RG,6225,1,D,YP,YP,D
13:32:24,INDF,RG,6225,5,F,ZP,BB,D
13:32:24,INDF,RG,6225,30,F,ZP,NI,D
13:32:24,INDF,RG,6225,2,F,ZP,CC,D
13:32:24,INDF,RG,6225,1,F,ZP,XC,D
13:32:24,INDF,RG,6225,5,F,ZP,OD,D
13:32:24,INDF,RG,6225,1,F,ZP,XC,D
13:32:24,INDF,RG,6225,1,F,ZP,XC,D
13:32:24,INDF,RG,6225,1,F,ZP,PD,D
13:32:24,INDF,RG,6225,1,F,ZP,PD,D
13:32:24,INDF,RG,6225,24,F,ZP,CS,F
13:32:20,INDF,RG,6225,5,D,CC,CS,F
13:31:36,INDF,RG,6225,2,D,KK,CS,F
13:31:30,INDF,RG,6225,7,D,PD,CS,F
13:31:30,INDF,RG,6225,3,D,YP,CS,F
13:31:30,INDF,RG,6225,4,D,YP,DH,D
13:31:30,INDF,RG,6225,2,D,YP,PD,D
13:31:30,INDF,RG,6225,2,D,YP,PD,D
13:31:30,INDF,RG,6225,3,D,YP,PD,D
13:31:30,INDF,RG,6225,6,D,YP,CS,F
13:30:59,INDF,RG,6225,25,D,YP,CS,F
13:30:43,INDF,RG,6225,50,D,YU,CS,F
13:30:24,INDF,RG,6225,160,D,YP,CS,F
13:30:21,INDF,RG,6225,5,D,YP,CS,F
13:30:21,INDF,RG,6225,33,D,YP,CS,F
13:30:21,INDF,RG,6225,1,D,YP,DH,D
13:30:21,INDF,RG,6225,3,D,YP,BB,D
13:30:21,INDF,RG,6225,1,D,YP,PD,D
13:30:21,INDF,RG,6225,12,D,YP,KI,D
13:30:18,INDF,RG,6225,69,F,AK,KI,D
13:30:16,INDF,RG,6225,1,D,XC,KI,D
13:30:13,INDF,RG,6225,100,D,CC,KI,D
13:30:12,INDF,RG,6225,10,D,XC,KI,D
13:30:12,INDF,RG,6225,8,D,XC,KI,D
13:30:10,INDF,RG,6225,1,D,PD,BK,F
13:30:10,INDF,RG,6225,1,D,PD,BK,F
13:30:10,INDF,RG,6225,1,D,PD,BK,F
13:30:10,INDF,RG,6225,2,D,PD,BK,F
13:30:09,INDF,RG,6225,10,D,XC,BK,F
13:30:08,INDF,RG,6225,1,D,CC,BK,F
13:30:08,INDF,RG,6225,1,D,CC,BK,F
13:30:07,INDF,RG,6200,2,D,RX,SQ,D
13:30:06,INDF,RG,6225,1,D,PD,BK,F
13:30:05,INDF,RG,6225,2,D,PD,BK,F
13:30:05,INDF,RG,6225,6,D,PD,YU,D
13:30:05,INDF,RG,6225,3,D,PD,YU,D
13:30:05,INDF,RG,6225,4,D,PD,YU,D
13:30:05,INDF,RG,6225,23,D,KK,YU,D
13:30:05,INDF,RG,6225,1,D,KK,SQ,D
13:30:05,INDF,RG,6225,14,D,KK,PD,D
13:30:05,INDF,RG,6225,5,D,KK,DX,D
13:30:04,INDF,RG,6200,1,D,RX,SQ,D
13:30:04,INDF,RG,6225,20,D,SQ,DX,D
13:30:04,INDF,RG,6225,169,F,ZP,DX,D
13:30:04,INDF,RG,6225,1,F,CS,DX,D
13:30:04,INDF,RG,6225,15,F,CC,DX,D
13:30:04,INDF,RG,6225,8,F,CC,CS,F
13:30:04,INDF,RG,6225,2,D,GR,CS,F
13:30:04,INDF,RG,6225,1,D,PD,CS,F
13:30:04,INDF,RG,6225,20,D,RX,CS,F
13:30:03,INDF,RG,6225,5,D,RX,PD,D
13:30:03,INDF,RG,6225,1,D,RX,KK,D
13:30:03,INDF,RG,6225,1,D,RX,PD,D
13:30:03,INDF,RG,6225,24,D,RX,CS,F
13:30:03,INDF,RG,6225,62,D,RX,BB,D
13:30:03,INDF,RG,6225,115,D,RX,BB,D
13:30:03,INDF,RG,6225,350,D,RX,SQ,D
13:30:03,INDF,RG,6225,10,D,RX,EP,D
13:30:03,INDF,RG,6225,5,D,RX,YP,D
13:30:03,INDF,RG,6225,10,D,RX,CS,F
13:30:03,INDF,RG,6225,5,D,RX,CS,F
13:30:03,INDF,RG,6225,1,D,RX,ZP,F
13:30:03,INDF,RG,6225,7,D,RX,ZP,F
13:30:03,INDF,RG,6225,22,D,RX,CS,F
13:30:03,INDF,RG,6225,45,D,RX,CS,F
13:30:03,INDF,RG,6225,1,D,RX,PD,D
13:30:03,INDF,RG,6225,30,D,RX,CS,F
13:30:03,INDF,RG,6225,28,D,RX,ZP,F
13:30:03,INDF,RG,6225,3,D,RX,ZP,F
13:30:03,INDF,RG,6225,53,D,RX,RX,F
13:30:03,INDF,RG,6225,1,D,RX,ZP,F
13:30:03,INDF,RG,6225,50,D,RX,CP,D
13:30:03,INDF,RG,6225,35,D,RX,YU,D
13:30:03,INDF,RG,6225,33,D,RX,YU,D
13:30:03,INDF,RG,6225,1,D,RX,SQ,D
13:30:03,INDF,RG,6225,1,D,RX,XC,D
13:30:03,INDF,RG,6225,3,D,RX,NI,D
13:30:03,INDF,RG,6225,4,D,RX,CC,D
13:30:03,INDF,RG,6225,30,D,RX,DH,D
13:30:03,INDF,RG,6225,1,D,RX,SQ,D
13:30:03,INDF,RG,6225,1,D,RX,PD,D
13:30:03,INDF,RG,6225,1,D,RX,YP,D
13:30:03,INDF,RG,6225,2,D,RX,PD,D
13:30:03,INDF,RG,6225,1,D,RX,XC,D
13:30:03,INDF,RG,6225,3,D,RX,KK,D
13:30:03,INDF,RG,6225,1,D,RX,CC,D
13:30:03,INDF,RG,6225,1,D,RX,PD,D
13:30:03,INDF,RG,6225,2,D,RX,YP,D
13:30:03,INDF,RG,6225,2,D,RX,XC,D
13:30:03,INDF,RG,6225,29,D,RX,ZP,F
11:29:10,INDF,RG,6225,1,D,NI,ZP,F
11:28:47,INDF,RG,6200,1,D,RX,ZP,F
11:27:59,INDF,RG,6200,1,D,RX,ZP,F
11:27:46,INDF,RG,6175,1,D,CC,ZP,F
11:27:41,INDF,RG,6200,8,F,DX,CC,D
11:27:40,INDF,RG,6175,2,D,CC,ZP,F
11:27:40,INDF,RG,6200,1,F,DX,CC,D
11:27:39,INDF,RG,6200,1,F,DX,ZP,F
11:27:35,INDF,RG,6200,14,F,DX,PD,D
11:27:35,INDF,RG,6200,1,F,CS,PD,D
11:27:35,INDF,RG,6200,2,D,XC,PD,D
11:27:35,INDF,RG,6200,1,F,CS,PD,D
11:27:35,INDF,RG,6200,32,F,AK,PD,D
11:27:31,INDF,RG,6200,1,F,AK,ZP,F
11:27:31,INDF,RG,6200,1,F,AK,PD,D
11:27:23,INDF,RG,6200,39,F,AK,ZP,F
11:27:13,INDF,RG,6200,47,F,DX,CS,F
11:27:13,INDF,RG,6200,31,F,AK,CS,F
11:27:13,INDF,RG,6200,1,F,CS,CS,F
11:27:13,INDF,RG,6200,7,F,DX,CS,F
11:27:13,INDF,RG,6200,6,F,DX,CS,F
11:27:13,INDF,RG,6200,6,F,DX,CS,F
11:27:13,INDF,RG,6200,18,F,ZP,CS,F
11:27:13,INDF,RG,6200,6,F,ZP,CS,F
11:27:13,INDF,RG,6200,6,F,ZP,CS,F
11:27:13,INDF,RG,6200,17,F,ZP,CS,F
11:27:11,INDF,RG,6200,2,F,ZP,CS,F
11:27:11,INDF,RG,6200,17,F,ZP,CS,F
11:27:11,INDF,RG,6200,1,F,CS,CS,F
11:27:10,INDF,RG,6200,23,F,DX,CS,F
11:27:10,INDF,RG,6200,3,F,DX,ZP,F
11:27:09,INDF,RG,6200,31,F,DX,YU,D
11:27:09,INDF,RG,6200,2,F,DX,ZP,F
11:27:09,INDF,RG,6200,8,F,DX,BB,D
11:27:09,INDF,RG,6200,8,F,DX,DR,D
11:27:09,INDF,RG,6200,11,F,DX,CS,F
11:27:09,INDF,RG,6200,11,F,DX,CS,F
11:27:09,INDF,RG,6200,4,F,DX,CS,F
11:27:09,INDF,RG,6200,22,F,DX,CS,F
11:27:09,INDF,RG,6200,60,F,DX,RX,F
11:27:09,INDF,RG,6200,12,F,DX,CS,F
11:27:09,INDF,RG,6200,1,F,DX,CS,F
11:27:09,INDF,RG,6200,13,F,DX,CS,F
11:27:09,INDF,RG,6200,6,F,DX,CS,F
11:27:09,INDF,RG,6200,2,F,DX,ZP,F
11:27:09,INDF,RG,6200,2,F,DX,ZP,F
11:27:09,INDF,RG,6200,50,F,DX,YP,D
11:27:09,INDF,RG,6200,13,F,DX,RX,F
11:27:09,INDF,RG,6200,1,F,DX,CS,F
11:27:09,INDF,RG,6200,4,F,DX,CS,F
11:27:09,INDF,RG,6200,1,F,DX,CS,F
11:27:09,INDF,RG,6200,13,F,DX,CS,F
11:27:09,INDF,RG,6200,2,F,DX,CS,F
11:27:09,INDF,RG,6200,16,F,DX,CS,F
11:27:09,INDF,RG,6200,1,F,DX,CS,F
11:27:09,INDF,RG,6200,27,F,DX,CS,F
11:27:09,INDF,RG,6200,4,F,DX,CS,F
11:27:09,INDF,RG,6200,13,F,DX,CS,F
11:27:09,INDF,RG,6200,13,F,DX,CS,F
11:27:09,INDF,RG,6200,2,F,DX,AG,D
11:27:09,INDF,RG,6200,1,F,DX,AK,F
11:27:09,INDF,RG,6200,10,F,DX,CS,F
11:27:09,INDF,RG,6200,24,F,DX,CS,F
11:27:09,INDF,RG,6200,8,F,DX,CS,F
11:27:09,INDF,RG,6200,25,F,DX,CS,F
11:27:09,INDF,RG,6200,1,F,DX,ZP,F
11:27:09,INDF,RG,6200,5,F,DX,ZP,F
11:27:09,INDF,RG,6200,6,F,DX,CS,F
11:27:09,INDF,RG,6200,4,F,DX,ZP,F
11:27:09,INDF,RG,6200,4,F,DX,CS,F
11:27:09,INDF,RG,6200,15,F,DX,CS,F
11:27:09,INDF,RG,6200,28,F,DX,YU,D
11:26:27,INDF,RG,6175,2,D,CC,ZP,F
11:26:17,INDF,RG,6175,12,D,CC,RX,F
11:26:15,INDF,RG,6175,1,D,CC,RX,F
11:25:45,INDF,RG,6175,1,D,CC,ZP,F
11:25:44,INDF,RG,6175,1,D,CC,ZP,F
11:25:44,INDF,RG,6175,6,D,CC,PD,D
11:25:28,INDF,RG,6175,16,D,CC,RX,F
11:25:19,INDF,RG,6175,1,D,CC,ZP,F
11:24:46,INDF,RG,6175,1,D,CC,ZP,F
11:24:45,INDF,RG,6175,10,D,CC,AK,F
11:24:09,INDF,RG,6175,11,D,CC,ZP,F
11:23:57,INDF,RG,6200,3,D,YP,YU,D
11:23:53,INDF,RG,6175,9,D,CC,ZP,F
11:23:52,INDF,RG,6200,100,D,NI,YU,D
11:23:33,INDF,RG,6175,9,D,CC,ZP,F
11:23:20,INDF,RG,6175,4,D,CC,ZP,F
11:23:20,INDF,RG,6175,74,D,CC,YU,D
11:23:07,INDF,RG,6175,5,D,CC,ZP,F
11:22:54,INDF,RG,6175,4,D,CC,ZP,F
11:22:53,INDF,RG,6200,5,D,PD,YU,D
11:22:40,INDF,RG,6175,6,D,CC,ZP,F
11:22:24,INDF,RG,6175,5,D,CC,ZP,F
11:22:23,INDF,RG,6200,5,D,PD,YU,D
11:22:15,INDF,RG,6200,3,D,CC,YU,D
11:22:14,INDF,RG,6175,12,D,CC,ZP,F
11:21:42,INDF,RG,6175,4,D,CC,ZP,F
11:21:27,INDF,RG,6175,2,D,CC,ZP,F
11:21:15,INDF,RG,6175,4,D,CC,ZP,F
11:21:07,INDF,RG,6175,3,D,CC,ZP,F
11:20:57,INDF,RG,6175,3,D,CC,ZP,F
11:20:53,INDF,RG,6175,2,D,CC,ZP,F
11:20:38,INDF,RG,6175,5,D,CC,ZP,F
11:20:13,INDF,RG,6175,1,D,CC,ZP,F
11:20:12,INDF,RG,6200,2,D,PD,YU,D
11:20:01,INDF,RG,6175,4,D,CC,ZP,F
11:19:40,INDF,RG,6175,3,D,CC,ZP,F
11:19:23,INDF,RG,6175,3,D,CC,ZP,F
11:19:02,INDF,RG,6175,1,D,CC,ZP,F
11:19:02,INDF,RG,6200,2,D,PD,YU,D
11:18:50,INDF,RG,6175,2,D,CC,ZP,F
11:18:45,INDF,RG,6175,2,D,CC,ZP,F
11:18:28,INDF,RG,6175,2,D,CC,ZP,F
11:18:19,INDF,RG,6175,3,D,CC,ZP,F
11:18:06,INDF,RG,6175,5,D,CC,ZP,F
11:18:05,INDF,RG,6175,12,D,CC,BK,F
11:18:01,INDF,RG,6175,70,D,CC,YU,D
11:17:13,INDF,RG,6175,1,D,CC,ZP,F
11:16:02,INDF,RG,6175,1,D,CC,ZP,F
11:15:53,INDF,RG,6175,11,D,CC,BK,F
11:15:52,INDF,RG,6175,1,D,CC,ZP,F
11:15:52,INDF,RG,6200,10,D,AG,YU,D
11:15:38,INDF,RG,6200,2,D,CC,YU,D
11:15:34,INDF,RG,6175,2,D,CC,ZP,F
11:15:33,INDF,RG,6175,1,D,CC,ZP,F
11:15:33,INDF,RG,6200,1,F,CS,YU,D
11:15:33,INDF,RG,6200,1,F,ZP,YU,D
11:15:33,INDF,RG,6200,10,D,SQ,YU,D
11:15:33,INDF,RG,6200,2,F,ZP,YU,D
11:15:33,INDF,RG,6200,1,F,CS,YU,D
11:15:33,INDF,RG,6200,25,D,DH,YU,D
11:15:04,INDF,RG,6175,1,D,CC,ZP,F
11:14:54,INDF,RG,6175,1,D,CC,ZP,F
11:14:53,INDF,RG,6175,4,D,CC,SQ,D
11:14:44,INDF,RG,6175,12,D,CC,BK,F
11:14:38,INDF,RG,6175,51,D,CC,ZP,F
11:14:15,INDF,RG,6200,6,D,NI,BK,F
11:14:15,INDF,RG,6200,19,F,ZP,BK,F
11:14:15,INDF,RG,6200,1,D,YP,BK,F
11:14:15,INDF,RG,6200,10,D,GR,BK,F
11:14:15,INDF,RG,6200,1,D,PD,BK,F
11:14:15,INDF,RG,6200,5,D,YP,BK,F
11:14:15,INDF,RG,6200,526,F,DX,BK,F
11:14:15,INDF,RG,6200,46,F,AK,BK,F
11:14:15,INDF,RG,6200,50,F,ZP,BK,F
11:14:15,INDF,RG,6200,93,F,DX,BK,F
11:14:15,INDF,RG,6200,8,F,DX,BK,F
11:14:15,INDF,RG,6200,20,D,GR,BK,F
11:14:15,INDF,RG,6200,1,F,CS,BK,F
11:14:15,INDF,RG,6200,1,D,YP,BK,F
11:14:15,INDF,RG,6200,6,F,DX,BK,F
11:13:23,INDF,RG,6200,1,F,DX,ZP,F
11:13:03,INDF,RG,6200,1,F,DX,ZP,F
11:12:45,INDF,RG,6200,1,F,DX,SQ,D
11:12:45,INDF,RG,6200,5,F,ZP,SQ,D
11:12:45,INDF,RG,6200,4,F,ZP,SQ,D
11:12:13,INDF,RG,6200,1,F,ZP,ZP,F
11:12:03,INDF,RG,6200,2,F,AK,PD,D
11:12:01,INDF,RG,6200,24,F,AK,ZP,F
11:12:01,INDF,RG,6200,18,F,ZP,ZP,F
11:12:01,INDF,RG,6200,7,F,ZP,ZP,F
11:12:01,INDF,RG,6200,1,F,CS,ZP,F
11:12:01,INDF,RG,6200,51,D,RX,ZP,F
11:11:57,INDF,RG,6200,10,D,RX,CC,D
11:11:49,INDF,RG,6200,1,D,RX,AK,F
11:11:49,INDF,RG,6200,1,D,RX,AK,F
11:11:48,INDF,RG,6200,37,D,RX,CS,F
11:11:48,INDF,RG,6200,3,D,RX,AK,F
11:11:48,INDF,RG,6200,1,D,RX,AK,F
11:11:48,INDF,RG,6200,5,D,RX,BB,D
11:11:48,INDF,RG,6200,1,D,RX,PD,D
11:11:48,INDF,RG,6200,2,D,RX,ZP,F
11:11:48,INDF,RG,6200,43,D,RX,CS,F
11:11:48,INDF,RG,6200,20,D,RX,CS,F
11:11:48,INDF,RG,6200,15,D,RX,CS,F
11:11:48,INDF,RG,6200,13,D,RX,ZP,F
11:11:48,INDF,RG,6200,1,D,RX,CS,F
11:11:48,INDF,RG,6200,4,D,RX,CS,F
11:11:48,INDF,RG,6200,41,D,RX,YU,D
11:11:48,INDF,RG,6200,22,D,RX,CS,F
11:11:48,INDF,RG,6200,1,D,RX,XC,D
11:11:48,INDF,RG,6200,1,D,RX,YP,D
11:11:48,INDF,RG,6200,38,D,RX,CS,F
11:11:48,INDF,RG,6200,51,D,RX,CS,F
11:11:48,INDF,RG,6200,28,D,RX,CS,F
11:11:48,INDF,RG,6200,224,D,RX,YU,D
11:11:48,INDF,RG,6200,11,D,RX,CS,F
11:11:48,INDF,RG,6200,17,D,RX,CS,F
11:11:48,INDF,RG,6200,18,D,RX,CS,F
11:11:48,INDF,RG,6200,96,D,RX,RX,F
11:11:48,INDF,RG,6200,1,D,RX,ZP,F
11:11:48,INDF,RG,6200,35,D,RX,CS,F
11:11:48,INDF,RG,6200,200,D,RX,CP,D
11:11:48,INDF,RG,6200,34,D,RX,YU,D
11:11:48,INDF,RG,6200,8,D,RX,CS,F
11:11:48,INDF,RG,6200,6,D,RX,CS,F
11:11:48,INDF,RG,6200,26,D,RX,CS,F
11:11:48,INDF,RG,6200,16,D,RX,ZP,F
11:11:48,INDF,RG,6200,2,D,RX,CC,F
11:11:48,INDF,RG,6200,2,D,RX,AK,F
11:11:48,INDF,RG,6200,100,D,RX,GR,D
11:11:48,INDF,RG,6200,37,D,RX,CS,F
11:11:48,INDF,RG,6200,27,D,RX,CS,F
11:11:48,INDF,RG,6200,34,D,RX,CS,F
11:11:48,INDF,RG,6200,50,D,RX,GR,D
11:11:48,INDF,RG,6200,5,D,RX,CS,F
11:11:48,INDF,RG,6200,16,D,RX,CS,F
11:11:48,INDF,RG,6200,50,D,RX,YP,D
11:11:48,INDF,RG,6200,3,D,RX,ZP,F
11:11:48,INDF,RG,6200,90,D,RX,BB,D
11:11:48,INDF,RG,6200,80,D,RX,BB,D
11:11:48,INDF,RG,6200,250,D,RX,BB,D
11:11:48,INDF,RG,6200,17,D,RX,CS,F
11:11:48,INDF,RG,6200,5,D,RX,YP,D
11:11:48,INDF,RG,6200,12,D,RX,ZP,F
11:11:48,INDF,RG,6200,5,D,RX,YP,D
11:11:48,INDF,RG,6200,2,D,RX,AK,F
11:11:48,INDF,RG,6200,131,D,RX,RX,F
11:11:37,INDF,RG,6175,14,D,CC,BB,D
11:11:14,INDF,RG,6175,2,D,CC,ZP,F
11:11:09,INDF,RG,6175,8,D,CC,RX,F
11:11:07,INDF,RG,6175,22,D,CC,RX,F
11:10:52,INDF,RG,6175,1,D,CC,ZP,F
11:10:46,INDF,RG,6175,13,D,CC,BB,D
11:10:15,INDF,RG,6175,2,D,CC,ZP,F
11:10:00,INDF,RG,6200,1,D,YJ,RX,F
11:09:57,INDF,RG,6175,16,D,CC,BB,D
11:09:41,INDF,RG,6175,1,D,CC,ZP,F
11:09:41,INDF,RG,6175,2,D,CC,NI,D
11:09:37,INDF,RG,6175,1,D,CC,XC,D
11:09:36,INDF,RG,6175,13,D,CC,CC,D
11:09:18,INDF,RG,6175,2,D,CC,ZP,F
11:09:03,INDF,RG,6175,1,D,CC,ZP,F
11:09:02,INDF,RG,6175,11,D,CC,RX,F
11:09:02,INDF,RG,6200,14,D,PD,RX,F
11:08:59,INDF,RG,6175,13,D,CC,BB,D
11:08:42,INDF,RG,6175,1,D,CC,ZP,F
11:08:30,INDF,RG,6200,1,D,XC,RX,F
11:08:30,INDF,RG,6200,4,D,XC,CS,F
11:08:23,INDF,RG,6200,8,D,XC,CS,F
11:08:23,INDF,RG,6200,2,D,XC,ZP,F
11:08:20,INDF,RG,6175,1,D,CC,ZP,F
11:08:09,INDF,RG,6175,14,D,CC,BB,D
11:07:55,INDF,RG,6175,1,D,CC,ZP,F
11:07:48,INDF,RG,6175,1,D,CC,KK,D
11:07:30,INDF,RG,6175,1,D,CC,ZP,F
11:07:21,INDF,RG,6175,17,D,CC,BK,F
11:07:17,INDF,RG,6175,2,D,CC,ZP,F
11:07:17,INDF,RG,6175,12,D,CC,BB,D
11:07:05,INDF,RG,6175,15,D,CC,RX,F
11:06:51,INDF,RG,6200,1,D,PD,ZP,F
11:06:38,INDF,RG,6175,1,D,CC,ZP,F
11:06:30,INDF,RG,6175,14,D,CC,BB,D
11:05:58,INDF,RG,6175,1,D,CC,ZP,F
11:05:49,INDF,RG,6175,2,D,CC,ZP,F
11:05:47,INDF,RG,6175,1,D,CC,YP,D
11:05:47,INDF,RG,6175,6,D,CC,RX,F
11:05:47,INDF,RG,6175,1,D,EP,RX,F
11:05:47,INDF,RG,6175,5,D,CC,RX,F
11:05:47,INDF,RG,6175,3,D,CC,RX,F
11:05:39,INDF,RG,6175,2,D,CC,BK,F
11:05:39,INDF,RG,6175,5,D,CC,BK,F
11:05:39,INDF,RG,6175,4,D,XC,BK,F
11:05:39,INDF,RG,6175,1,D,XC,ZP,F
11:05:39,INDF,RG,6175,3,D,XC,BB,D
11:05:39,INDF,RG,6175,3,D,PD,BB,D
11:05:39,INDF,RG,6175,8,D,CC,BB,D
11:04:53,INDF,RG,6175,1,D,CC,ZP,F
11:04:46,INDF,RG,6175,1,D,CC,ZP,F
11:04:45,INDF,RG,6175,10,D,CC,BB,D
11:04:45,INDF,RG,6175,1,D,PD,BB,D
11:04:45,INDF,RG,6175,1,D,PD,BB,D
11:04:45,INDF,RG,6175,1,D,GR,BB,D
11:04:36,INDF,RG,6175,17,D,GR,RX,F
11:04:12,INDF,RG,6175,1,D,GR,ZP,F
11:03:56,INDF,RG,6175,15,D,GR,BB,D
11:03:46,INDF,RG,6175,1,D,GR,ZP,F
11:03:37,INDF,RG,6175,4,D,GR,ZP,F
11:03:32,INDF,RG,6175,15,D,GR,BK,F
11:03:30,INDF,RG,6175,49,D,GR,RX,F
11:03:21,INDF,RG,6175,1,D,GR,ZP,F
11:03:21,INDF,RG,6200,1,D,PD,ZP,F
11:03:16,INDF,RG,6175,4,D,GR,ZP,F
11:03:15,INDF,RG,6175,12,D,GR,BK,F
11:03:11,INDF,RG,6175,34,D,GR,BK,F
11:03:06,INDF,RG,6175,26,D,GR,BK,F
11:03:06,INDF,RG,6175,187,D,GR,ZP,F
11:03:06,INDF,RG,6175,1,D,YP,ZP,F
11:03:06,INDF,RG,6175,2,D,PD,ZP,F
11:03:06,INDF,RG,6175,2,D,XC,ZP,F
11:03:06,INDF,RG,6175,1,D,YP,ZP,F
11:03:06,INDF,RG,6175,1,D,PD,ZP,F
11:03:06,INDF,RG,6175,1,D,SQ,ZP,F
11:03:06,INDF,RG,6175,9,D,YJ,ZP,F
11:03:02,INDF,RG,6175,87,D,YJ,BB,D
11:03:02,INDF,RG,6175,50,D,YU,BB,D
11:03:02,INDF,RG,6175,5,D,YP,BB,D
11:03:02,INDF,RG,6175,2,D,XC,BB,D
11:03:02,INDF,RG,6175,5,D,DR,BB,D
11:03:02,INDF,RG,6175,40,D,YJ,BB,D
11:02:59,INDF,RG,6175,8,D,YJ,ZP,F
11:02:59,INDF,RG,6175,7,D,YJ,RX,F
11:02:59,INDF,RG,6175,3,D,PD,RX,F
11:02:59,INDF,RG,6175,1,D,XC,RX,F
11:02:56,INDF,RG,6175,16,D,SQ,BK,F
11:02:55,INDF,RG,6175,2,D,SQ,ZP,F
11:02:54,INDF,RG,6200,18,D,CC,ZP,F
11:02:54,INDF,RG,6200,4,D,CC,ZP,F
11:02:54,INDF,RG,6200,59,D,CC,BB,D
11:02:54,INDF,RG,6200,19,D,CC,BB,D
11:02:45,INDF,RG,6200,1,D,XC,BB,D
11:02:38,INDF,RG,6175,4,D,SQ,ZP,F
11:02:38,INDF,RG,6175,13,D,SQ,BK,F
11:02:37,INDF,RG,6200,5,D,PD,ZP,F
11:02:34,INDF,RG,6175,15,D,SQ,BK,F
11:02:34,INDF,RG,6175,2,D,XC,BK,F
11:02:30,INDF,RG,6175,1,D,KK,BK,F
11:02:30,INDF,RG,6175,10,D,NI,BK,F
11:02:30,INDF,RG,6175,6,D,YP,BK,F
11:02:30,INDF,RG,6175,1,D,PD,BK,F
11:02:30,INDF,RG,6175,1,D,XC,BK,F
11:02:30,INDF,RG,6175,94,D,YP,BK,F
11:02:28,INDF,RG,6175,6,D,YP,ZP,F
11:02:28,INDF,RG,6175,2,D,CC,ZP,F
11:02:28,INDF,RG,6175,109,D,YJ,ZP,F
11:02:28,INDF,RG,6175,20,D,YP,ZP,F
11:02:28,INDF,RG,6175,1,D,KK,ZP,F
11:02:28,INDF,RG,6175,25,D,NI,ZP,F
11:02:28,INDF,RG,6175,1,D,PD,ZP,F
11:02:28,INDF,RG,6175,71,D,YJ,ZP,F
11:02:26,INDF,RG,6175,5,D,YJ,KK,D
11:02:25,INDF,RG,6175,33,D,YJ,BK,F
11:02:25,INDF,RG,6175,1,D,LS,BK,F
11:02:25,INDF,RG,6175,4,D,PD,BK,F
11:02:25,INDF,RG,6175,5,D,NI,BK,F
11:02:25,INDF,RG,6175,1,D,XC,BK,F
11:02:25,INDF,RG,6175,5,D,CC,BK,F
11:02:25,INDF,RG,6175,1,D,PD,BK,F
11:02:25,INDF,RG,6175,5,D,XC,BK,F
11:02:25,INDF,RG,6175,75,D,YJ,BK,F
11:02:25,INDF,RG,6175,110,D,YJ,BK,F
11:02:25,INDF,RG,6175,2,D,PD,BK,F
11:02:25,INDF,RG,6175,1,D,XC,BK,F
11:02:25,INDF,RG,6175,100,D,YP,BK,F
11:02:25,INDF,RG,6175,100,D,GR,BK,F
11:02:25,INDF,RG,6175,1,D,XC,BK,F
11:02:25,INDF,RG,6175,5,D,SQ,BK,F
11:02:25,INDF,RG,6175,1,D,LG,BK,F
11:02:25,INDF,RG,6175,1,D,CC,BK,F
11:02:25,INDF,RG,6175,6,D,CC,BK,F
11:02:25,INDF,RG,6175,55,D,SQ,BK,F
11:02:21,INDF,RG,6200,35,F,ZP,ZP,F
11:02:20,INDF,RG,6200,35,F,ZP,AK,F
11:02:20,INDF,RG,6200,338,F,DX,AK,F
11:02:20,INDF,RG,6200,3,F,DX,ZP,F
11:02:20,INDF,RG,6200,59,F,DX,BB,D
11:02:20,INDF,RG,6200,117,F,DX,BB,D
11:02:20,INDF,RG,6200,12,F,DX,BB,D
11:02:20,INDF,RG,6200,3,F,DX,ZP,F
11:02:20,INDF,RG,6200,18,F,DX,ZP,F
11:02:19,INDF,RG,6200,11,F,DX,ZP,F
11:02:19,INDF,RG,6200,35,F,DX,ZP,F
11:02:19,INDF,RG,6175,3,D,GR,NI,D
11:02:19,INDF,RG,6175,1,D,GR,NI,D
11:02:19,INDF,RG,6175,2,D,RG,NI,D
11:02:19,INDF,RG,6175,48,D,RG,CS,F
11:02:19,INDF,RG,6175,2,D,PD,CS,F
11:02:19,INDF,RG,6175,100,D,SQ,CS,F
11:02:19,INDF,RG,6175,1,D,PD,CS,F
11:02:19,INDF,RG,6175,1,D,XC,CS,F
11:02:19,INDF,RG,6175,10,D,SQ,CS,F
11:02:19,INDF,RG,6175,30,D,PD,CS,F
11:02:19,INDF,RG,6175,1,D,PD,CS,F
11:02:19,INDF,RG,6175,16,D,PD,CS,F
11:02:19,INDF,RG,6175,1,D,XC,CS,F
11:02:19,INDF,RG,6175,1,D,XC,CS,F
11:02:19,INDF,RG,6175,16,D,AT,CS,F
11:02:19,INDF,RG,6200,194,F,AK,AK,F
11:02:19,INDF,RG,6200,111,F,ZP,AK,F
11:02:19,INDF,RG,6200,1,D,XC,AK,F
11:02:19,INDF,RG,6200,8,D,DH,AK,F
11:02:19,INDF,RG,6200,500,D,XA,AK,F
11:02:19,INDF,RG,6200,3,D,XC,AK,F
11:02:19,INDF,RG,6200,1,D,SQ,AK,F
11:02:19,INDF,RG,6200,5,D,PD,AK,F
11:02:19,INDF,RG,6200,1,D,XC,AK,F
11:02:19,INDF,RG,6200,15,D,PD,AK,F
11:02:18,INDF,RG,6200,2,D,PD,AK,F
11:02:18,INDF,RG,6200,1,D,XC,AK,F
11:02:18,INDF,RG,6200,4,D,YP,AK,F
11:02:18,INDF,RG,6200,1,D,PD,AK,F
11:02:18,INDF,RG,6200,6,D,YP,AK,F
11:02:18,INDF,RG,6200,2,D,XC,AK,F
11:02:18,INDF,RG,6200,1,D,XC,AK,F
11:02:18,INDF,RG,6200,10,D,DH,AK,F
11:02:18,INDF,RG,6200,1,D,XC,AK,F
11:02:18,INDF,RG,6200,5,F,ZP,AK,F
11:02:18,INDF,RG,6200,10,D,CC,AK,F
11:02:18,INDF,RG,6200,4,D,PD,AK,F
11:02:18,INDF,RG,6200,7,D,XC,AK,F
11:02:18,INDF,RG,6200,1,D,CC,AK,F
11:02:18,INDF,RG,6200,1,D,PD,AK,F
11:02:18,INDF,RG,6200,1,D,PD,AK,F
11:02:18,INDF,RG,6200,10,D,KK,AK,F
11:02:18,INDF,RG,6200,1,D,XC,AK,F
11:02:18,INDF,RG,6200,8,D,PD,AK,F
11:02:18,INDF,RG,6200,3,D,GR,AK,F
11:02:18,INDF,RG,6200,5,D,SQ,AK,F
11:02:18,INDF,RG,6200,4,D,XC,AK,F
11:02:18,INDF,RG,6200,1,D,PD,AK,F
11:02:18,INDF,RG,6200,10,D,NI,AK,F
11:02:18,INDF,RG,6200,15,D,PD,AK,F
11:02:18,INDF,RG,6200,5,D,CC,AK,F
11:02:18,INDF,RG,6200,1,D,PD,AK,F
11:02:18,INDF,RG,6200,5,D,PD,AK,F
11:02:18,INDF,RG,6200,1,D,PD,AK,F
11:02:18,INDF,RG,6200,15,D,NI,AK,F
11:02:18,INDF,RG,6200,1,D,PD,AK,F
11:02:18,INDF,RG,6200,1,D,PD,AK,F
11:02:18,INDF,RG,6200,2,D,DH,AK,F
11:02:18,INDF,RG,6200,5,D,YP,AK,F
11:02:18,INDF,RG,6200,20,D,PD,AK,F
11:02:18,INDF,RG,6200,5,D,PD,AK,F
11:02:18,INDF,RG,6200,10,D,PD,AK,F
11:02:18,INDF,RG,6200,16,D,CC,AK,F
11:02:18,INDF,RG,6200,1,D,KK,AK,F
11:02:18,INDF,RG,6200,5,D,SQ,AK,F
11:02:18,INDF,RG,6200,9,D,PD,AK,F
11:02:18,INDF,RG,6200,200,D,SQ,AK,F
11:02:18,INDF,RG,6200,1,D,PD,AK,F
11:02:18,INDF,RG,6200,3,D,PD,AK,F
11:02:18,INDF,RG,6200,1,D,PD,AK,F
11:02:18,INDF,RG,6200,5,D,YP,AK,F
11:02:18,INDF,RG,6200,1,D,YB,AK,F
11:02:18,INDF,RG,6200,5,D,IF,AK,F
11:02:18,INDF,RG,6200,3,D,PD,AK,F
11:02:18,INDF,RG,6200,65,D,NI,AK,F
11:02:18,INDF,RG,6200,41,D,NI,AK,F
11:02:18,INDF,RG,6200,5,D,IF,AK,F
11:02:18,INDF,RG,6200,1,D,KK,AK,F
11:02:18,INDF,RG,6200,2,D,PD,AK,F
11:02:18,INDF,RG,6200,1,D,PD,AK,F
11:02:18,INDF,RG,6200,71,F,NI,AK,F
11:02:18,INDF,RG,6200,4,D,CC,AK,F
11:02:18,INDF,RG,6200,3,D,XC,AK,F
11:02:18,INDF,RG,6200,5,F,ZP,AK,F
11:02:18,INDF,RG,6200,40,D,RF,AK,F
11:02:18,INDF,RG,6200,1,D,PD,AK,F
11:02:18,INDF,RG,6200,7,F,ZP,AK,F
11:02:18,INDF,RG,6200,2,D,PD,AK,F
11:02:18,INDF,RG,6200,1,D,CC,AK,F
11:02:18,INDF,RG,6200,10,D,XC,AK,F
11:02:18,INDF,RG,6200,1,D,PD,AK,F
11:02:18,INDF,RG,6200,10,D,DH,AK,F
11:02:18,INDF,RG,6200,1,D,NI,AK,F
11:02:18,INDF,RG,6200,65,D,YJ,AK,F
11:02:18,INDF,RG,6200,95,D,YJ,AK,F
11:02:18,INDF,RG,6200,1,D,YP,AK,F
11:02:18,INDF,RG,6200,1,D,PD,AK,F
11:02:18,INDF,RG,6200,5,D,XC,AK,F
11:02:18,INDF,RG,6200,2,D,NI,AK,F
11:02:18,INDF,RG,6200,5,D,AT,AK,F
11:02:18,INDF,RG,6200,1,D,PD,AK,F
11:02:18,INDF,RG,6200,7,D,PD,AK,F
11:02:18,INDF,RG,6200,5,D,XC,AK,F
11:02:18,INDF,RG,6200,3,D,PD,AK,F
11:02:18,INDF,RG,6200,2,D,SQ,AK,F
11:02:18,INDF,RG,6200,1,D,YP,AK,F
11:02:18,INDF,RG,6200,101,D,RX,AK,F
11:02:17,INDF,RG,6200,179,D,RX,BK,F
11:02:17,INDF,RG,6200,220,D,RX,AK,F
11:02:17,INDF,RG,6200,10,D,LG,AK,F
11:02:17,INDF,RG,6200,11,D,PD,AK,F
11:02:17,INDF,RG,6200,1,D,XC,AK,F
11:02:17,INDF,RG,6200,8,D,SQ,AK,F
11:02:17,INDF,RG,6200,1,D,YP,AK,F
11:02:17,INDF,RG,6200,10,D,YP,AK,F
11:02:17,INDF,RG,6200,1,D,XC,AK,F
11:02:17,INDF,RG,6200,36,F,AK,AK,F
11:02:17,INDF,RG,6200,10,D,YP,AK,F
11:02:17,INDF,RG,6200,50,D,CC,AK,F
11:02:17,INDF,RG,6200,4,D,SQ,AK,F
11:02:17,INDF,RG,6200,1,D,YJ,AK,F
11:02:17,INDF,RG,6200,1,D,XC,AK,F
11:02:17,INDF,RG,6200,6,D,YP,AK,F
11:02:17,INDF,RG,6200,100,D,CC,AK,F
11:02:17,INDF,RG,6200,10,D,CP,AK,F
11:02:17,INDF,RG,6200,1,F,CS,AK,F
11:02:17,INDF,RG,6200,18,F,ZP,AK,F
11:02:17,INDF,RG,6200,1,D,EP,AK,F
11:02:16,INDF,RG,6200,1,D,EP,ZP,F
11:02:16,INDF,RG,6200,1,D,KK,ZP,F
11:02:16,INDF,RG,6200,1,D,CC,ZP,F
11:02:16,INDF,RG,6200,5,F,DX,ZP,F
11:02:16,INDF,RG,6200,1,D,XC,ZP,F
11:02:16,INDF,RG,6200,1,F,CS,ZP,F
11:02:16,INDF,RG,6200,1,D,NI,ZP,F
11:02:16,INDF,RG,6200,3,D,DH,ZP,F
11:02:16,INDF,RG,6200,1,D,CC,ZP,F
11:02:16,INDF,RG,6200,8,D,PD,ZP,F
11:02:16,INDF,RG,6200,2,D,PD,AK,F
11:02:16,INDF,RG,6200,1,D,PD,AK,F
11:02:16,INDF,RG,6200,1,F,CS,AK,F
11:02:16,INDF,RG,6200,3,D,NI,AK,F
11:02:16,INDF,RG,6200,2,D,NI,AK,F
11:02:16,INDF,RG,6200,5,D,KK,AK,F
11:02:16,INDF,RG,6200,41,D,NI,AK,F
11:02:16,INDF,RG,6200,1,D,DR,AK,F
11:02:16,INDF,RG,6200,1,D,YP,AK,F
11:02:16,INDF,RG,6200,6,F,DX,AK,F
11:02:16,INDF,RG,6200,2,D,XC,AK,F
11:02:16,INDF,RG,6200,5,D,EP,AK,F
11:02:16,INDF,RG,6200,1,D,XC,AK,F
11:02:16,INDF,RG,6200,1,F,CS,AK,F
11:02:16,INDF,RG,6200,30,D,KK,AK,F
11:02:16,INDF,RG,6200,24,D,PD,AK,F
11:02:16,INDF,RG,6200,2,D,NI,AK,F
11:02:16,INDF,RG,6200,2,D,XC,AK,F
11:02:16,INDF,RG,6200,1,F,CS,AK,F
11:02:16,INDF,RG,6200,55,F,DX,AK,F
11:02:16,INDF,RG,6200,1,D,PD,AK,F
11:02:16,INDF,RG,6200,1,D,NI,AK,F
11:02:16,INDF,RG,6200,18,F,ZP,AK,F
11:02:16,INDF,RG,6200,6,F,DX,AK,F
11:02:16,INDF,RG,6200,1,D,XC,AK,F
11:02:16,INDF,RG,6200,2,D,PD,AK,F
11:02:16,INDF,RG,6200,1,D,PD,AK,F
11:02:16,INDF,RG,6200,1,F,CS,AK,F
11:02:16,INDF,RG,6200,2,D,EP,AK,F
11:02:16,INDF,RG,6200,100,D,NI,AK,F
11:02:16,INDF,RG,6200,2,D,CC,AK,F
11:02:16,INDF,RG,6200,123,F,DX,AK,F
11:02:16,INDF,RG,6200,1,D,SQ,AK,F
11:02:16,INDF,RG,6200,3,D,LG,AK,F
11:02:16,INDF,RG,6200,17,D,PD,AK,F
11:02:16,INDF,RG,6200,5,D,PD,AK,F
11:02:16,INDF,RG,6200,1,F,CS,AK,F
11:02:16,INDF,RG,6200,3,D,AZ,AK,F
11:02:16,INDF,RG,6200,2,D,PD,AK,F
11:02:16,INDF,RG,6200,22,F,ZP,AK,F
11:02:16,INDF,RG,6200,2,D,PD,AK,F
11:02:15,INDF,RG,6200,34,F,DX,RX,F
11:02:10,INDF,RG,6200,23,F,DX,AK,F
11:02:10,INDF,RG,6200,3,D,KK,AK,F
11:02:10,INDF,RG,6200,4,D,CC,AK,F
11:02:10,INDF,RG,6200,7,F,DX,AK,F
11:02:10,INDF,RG,6200,5,D,CC,AK,F
11:02:10,INDF,RG,6200,75,F,DX,AK,F
11:02:10,INDF,RG,6200,20,D,GR,AK,F
11:02:10,INDF,RG,6200,148,F,ZP,AK,F
11:02:10,INDF,RG,6200,215,D,CC,AK,F
11:02:09,INDF,RG,6200,200,D,CC,YU,D
11:01:28,INDF,RG,6225,2,D,SQ,ZP,F
11:01:11,INDF,RG,6200,20,D,CC,XC,D
11:00:39,INDF,RG,6200,6,D,CC,RX,F
11:00:37,INDF,RG,6200,4,D,CC,RX,F
11:00:34,INDF,RG,6225,5,F,DX,ZP,F
11:00:34,INDF,RG,6225,16,F,DX,ZP,F
11:00:32,INDF,RG,6225,2,F,DX,ZP,F
11:00:32,INDF,RG,6225,6,F,DX,CS,F
11:00:28,INDF,RG,6225,4,F,CS,CS,F
11:00:26,INDF,RG,6225,3,D,XC,CS,F
11:00:11,INDF,RG,6225,7,D,OD,CS,F
10:59:06,INDF,RG,6225,21,F,DX,CS,F
10:59:06,INDF,RG,6225,8,F,DX,CS,F
10:58:09,INDF,RG,6225,7,F,DX,CS,F
10:58:09,INDF,RG,6225,3,F,DX,PD,D
10:58:09,INDF,RG,6225,14,F,DX,BB,D
10:57:54,INDF,RG,6225,2,D,PD,BB,D
10:57:16,INDF,RG,6200,100,D,CC,GR,D
10:57:11,INDF,RG,6225,20,F,DX,BB,D
10:55:58,INDF,RG,6200,13,D,CC,RX,F
10:55:56,INDF,RG,6200,2,D,CC,RX,F
10:55:49,INDF,RG,6200,2,D,CC,PD,D
10:55:11,INDF,RG,6225,18,F,ZP,BB,D
10:54:50,INDF,RG,6225,10,D,SQ,BB,D
10:54:29,INDF,RG,6225,5,F,DX,BB,D
10:54:29,INDF,RG,6225,25,F,DX,BB,D
10:54:26,INDF,RG,6225,5,F,ZP,BB,D
10:53:33,INDF,RG,6225,30,F,DX,BB,D
10:53:09,INDF,RG,6225,8,F,DX,BB,D
10:52:46,INDF,RG,6200,1,D,CC,XC,D
10:51:59,INDF,RG,6225,1,D,PD,BB,D
10:51:59,INDF,RG,6225,1,D,PD,CS,F
10:51:24,INDF,RG,6225,23,F,DX,CS,F
10:50:58,INDF,RG,6225,5,D,PD,CS,F
10:50:39,INDF,RG,6225,3,D,KK,CS,F
10:50:36,INDF,RG,6225,1,D,YP,CS,F
10:50:31,INDF,RG,6225,5,D,YP,CS,F
10:50:26,INDF,RG,6225,2,D,PD,CS,F
10:50:26,INDF,RG,6225,1,D,PD,NI,D
10:50:20,INDF,RG,6225,2,F,DX,NI,D
10:50:20,INDF,RG,6225,1,F,DX,AK,F
10:50:20,INDF,RG,6225,5,F,DX,AK,F
10:50:20,INDF,RG,6225,12,F,DX,CS,F
10:50:17,INDF,RG,6225,10,D,YP,CS,F
10:50:08,INDF,RG,6225,2,D,YP,BB,D
10:49:37,INDF,RG,6225,20,D,XC,BB,D
10:49:23,INDF,RG,6225,1,D,PD,BB,D
10:49:18,INDF,RG,6200,9,D,CC,AK,F
10:49:17,INDF,RG,6225,26,F,DX,BB,D
10:48:51,INDF,RG,6225,20,F,DX,BB,D
10:48:42,INDF,RG,6200,39,D,CC,YU,D
10:48:24,INDF,RG,6225,2,D,PD,BB,D
10:47:37,INDF,RG,6225,8,F,DX,BB,D
10:47:13,INDF,RG,6225,25,F,DX,BB,D
10:47:06,INDF,RG,6225,1,D,XC,BB,D
10:46:14,INDF,RG,6225,5,F,ZP,BB,D
10:45:21,INDF,RG,6225,3,F,CS,BB,D
10:45:20,INDF,RG,6225,24,F,DX,BB,D
10:44:50,INDF,RG,6225,5,D,CC,BB,D
10:44:47,INDF,RG,6225,20,F,DX,BB,D
10:43:17,INDF,RG,6225,30,F,DX,BB,D
10:42:46,INDF,RG,6225,18,F,DX,BB,D
10:41:59,INDF,RG,6225,10,F,ZP,BB,D
10:41:59,INDF,RG,6225,1,F,ZP,ZP,F
10:41:57,INDF,RG,6225,2,D,OD,ZP,F
10:41:57,INDF,RG,6225,2,D,OD,PD,D
10:41:11,INDF,RG,6225,1,D,PD,AT,D
10:41:11,INDF,RG,6225,2,D,PD,PD,D
10:40:44,INDF,RG,6225,18,F,DX,PD,D
10:40:44,INDF,RG,6225,10,F,DX,ZP,F
10:40:39,INDF,RG,6225,4,D,YP,ZP,F
10:40:19,INDF,RG,6225,2,F,ZP,ZP,F
10:40:19,INDF,RG,6225,3,F,ZP,CS,F
10:39:59,INDF,RG,6225,19,F,ZP,CS,F
10:39:43,INDF,RG,6225,16,F,DX,CS,F
10:39:43,INDF,RG,6225,1,F,DX,PD,D
10:39:43,INDF,RG,6225,11,F,DX,CS,F
10:39:32,INDF,RG,6225,8,F,DX,CS,F
10:39:07,INDF,RG,6225,15,F,ZP,CS,F
10:39:07,INDF,RG,6225,1,F,ZP,YP,D
10:38:24,INDF,RG,6225,1,D,NI,YP,D
10:38:24,INDF,RG,6225,50,D,NI,CS,F
10:38:24,INDF,RG,6225,29,D,NI,CS,F
10:38:07,INDF,RG,6225,2,D,PD,CS,F
10:37:37,INDF,RG,6225,17,F,DX,CS,F
10:37:37,INDF,RG,6225,1,F,DX,ZP,F
10:37:37,INDF,RG,6225,1,F,DX,CS,F
10:37:37,INDF,RG,6225,8,F,DX,CC,D
10:36:57,INDF,RG,6225,5,F,ZP,CC,D
10:36:23,INDF,RG,6225,3,D,KK,CC,D
10:35:59,INDF,RG,6225,4,D,EP,CC,D
10:35:46,INDF,RG,6225,2,F,CS,CC,D
10:35:21,INDF,RG,6225,11,F,ZP,CC,D
10:35:17,INDF,RG,6225,4,D,CC,CC,D
10:34:46,INDF,RG,6225,15,F,DX,CC,D
10:34:46,INDF,RG,6225,10,F,DX,CS,F
10:34:04,INDF,RG,6200,3,D,CC,YP,D
10:33:48,INDF,RG,6200,1,D,CC,NI,D
10:33:44,INDF,RG,6225,23,F,DX,CS,F
10:33:44,INDF,RG,6225,7,F,DX,CS,F
10:33:31,INDF,RG,6225,20,D,DH,CS,F
10:33:24,INDF,RG,6225,9,F,ZP,CS,F
10:33:24,INDF,RG,6225,4,F,ZP,CS,F
10:32:50,INDF,RG,6225,5,F,DX,CS,F
10:32:50,INDF,RG,6225,1,F,DX,CC,F
10:32:50,INDF,RG,6225,2,F,DX,ZP,F
10:32:46,INDF,RG,6225,24,F,DX,ZP,F
10:32:00,INDF,RG,6225,10,D,YP,ZP,F
10:31:52,INDF,RG,6225,26,F,DX,ZP,F
10:31:52,INDF,RG,6225,3,F,DX,ZP,F
10:31:52,INDF,RG,6225,1,F,DX,ZP,F
10:31:51,INDF,RG,6225,10,D,XC,ZP,F
10:31:37,INDF,RG,6225,4,D,YU,ZP,F
10:31:37,INDF,RG,6225,6,D,YU,BB,D
10:30:44,INDF,RG,6225,125,F,AK,BB,D
10:30:44,INDF,RG,6225,131,F,AK,BB,D
10:30:24,INDF,RG,6225,3,F,ZP,BB,D
10:30:24,INDF,RG,6225,8,F,ZP,PD,D
10:30:18,INDF,RG,6225,1,F,DX,PD,D
10:30:18,INDF,RG,6225,1,F,DX,PD,D
10:30:18,INDF,RG,6225,1,F,DX,PD,D
10:29:50,INDF,RG,6225,5,F,DX,PD,D
10:29:50,INDF,RG,6225,9,F,DX,YP,D
10:29:50,INDF,RG,6225,3,F,DX,CS,F
10:29:36,INDF,RG,6225,32,F,ZP,CS,F
10:29:27,INDF,RG,6225,10,D,XC,CS,F
10:29:17,INDF,RG,6225,4,F,DX,CS,F
10:29:17,INDF,RG,6225,10,F,DX,CS,F
10:29:17,INDF,RG,6225,7,F,DX,CS,F
10:28:52,INDF,RG,6225,2,F,CS,CS,F
10:28:30,INDF,RG,6225,10,D,XC,CS,F
10:27:35,INDF,RG,6225,2,D,PD,CS,F
10:27:22,INDF,RG,6225,21,F,ZP,CS,F
10:27:04,INDF,RG,6225,4,F,ZP,CS,F
10:27:04,INDF,RG,6225,5,F,ZP,XC,D
10:27:04,INDF,RG,6225,2,F,ZP,CC,D
10:27:04,INDF,RG,6225,8,F,ZP,AK,F
10:26:52,INDF,RG,6225,1,D,YP,NI,D
10:26:47,INDF,RG,6225,1,F,DX,XC,D
10:26:47,INDF,RG,6225,3,F,DX,XC,D
10:26:47,INDF,RG,6225,2,F,DX,AK,F
10:26:47,INDF,RG,6225,21,F,DX,BB,D
10:26:20,INDF,RG,6225,2,D,XC,BB,D
10:25:27,INDF,RG,6225,24,F,DX,BB,D
10:25:23,INDF,RG,6225,45,F,ZP,BB,D
10:25:09,INDF,RG,6225,1,D,CC,BB,D
10:25:06,INDF,RG,6225,3,D,YP,BB,D
10:25:03,INDF,RG,6225,13,D,CC,BB,D
10:24:24,INDF,RG,6225,26,F,DX,BB,D
10:23:59,INDF,RG,6225,25,F,ZP,BB,D
10:23:47,INDF,RG,6225,8,F,DX,BB,D
10:23:26,INDF,RG,6225,17,F,DX,BB,D
10:23:00,INDF,RG,6225,2,D,XC,BB,D
10:22:22,INDF,RG,6225,28,F,DX,BB,D
10:22:16,INDF,RG,6225,15,F,ZP,BB,D
10:21:56,INDF,RG,6225,2,D,PD,BB,D
10:21:30,INDF,RG,6225,16,F,DX,BB,D
10:21:30,INDF,RG,6225,10,F,DX,CS,F
10:20:40,INDF,RG,6225,2,D,CC,CS,F
10:20:28,INDF,RG,6225,2,D,CC,CS,F
10:20:20,INDF,RG,6225,5,F,ZP,CS,F
10:20:04,INDF,RG,6225,22,F,DX,CS,F
10:19:46,INDF,RG,6225,4,D,EP,CS,F
10:19:46,INDF,RG,6225,16,D,EP,CS,F
10:19:46,INDF,RG,6225,5,D,EP,BK,F
10:19:29,INDF,RG,6225,95,F,ZP,BK,F
10:19:29,INDF,RG,6225,60,F,ZP,OD,D
10:19:29,INDF,RG,6225,7,F,ZP,CS,F
10:19:29,INDF,RG,6225,2,F,ZP,XC,D
10:19:29,INDF,RG,6225,2,F,ZP,XC,D
10:19:29,INDF,RG,6225,50,F,ZP,CS,F
10:19:29,INDF,RG,6225,2,F,ZP,XC,D
10:19:29,INDF,RG,6225,25,F,ZP,CS,F
10:19:29,INDF,RG,6225,2,F,ZP,XC,D
10:19:29,INDF,RG,6225,28,F,ZP,CS,F
10:19:29,INDF,RG,6225,17,F,ZP,CS,F
10:19:29,INDF,RG,6225,51,F,ZP,CS,F
10:19:29,INDF,RG,6225,3,F,CS,CS,F
10:19:28,INDF,RG,6225,115,D,RX,CS,F
10:19:28,INDF,RG,6225,13,D,RX,CS,F
10:19:28,INDF,RG,6225,1,D,RX,CC,F
10:19:28,INDF,RG,6225,40,D,RX,EP,D
10:19:28,INDF,RG,6225,1,D,RX,ZP,F
10:19:28,INDF,RG,6225,1,D,RX,PD,D
10:19:28,INDF,RG,6225,63,D,RX,BB,D
10:19:28,INDF,RG,6225,63,D,RX,BB,D
10:19:28,INDF,RG,6225,40,D,RX,CS,F
10:19:28,INDF,RG,6225,5,D,RX,ZP,F
10:19:28,INDF,RG,6225,20,D,RX,OD,D
10:19:28,INDF,RG,6225,10,D,RX,OD,D
10:19:28,INDF,RG,6225,1,D,RX,YP,D
10:19:28,INDF,RG,6225,1,D,RX,CC,D
10:19:28,INDF,RG,6225,49,D,RX,BK,F
10:19:28,INDF,RG,6225,77,D,RX,ZP,F
10:19:27,INDF,RG,6225,2,D,GR,ZP,F
10:19:27,INDF,RG,6225,3,D,GR,BB,D
10:19:25,INDF,RG,6225,38,D,YU,BB,D
10:19:25,INDF,RG,6225,41,D,YU,BB,D
10:19:25,INDF,RG,6225,21,D,YU,ZP,F
10:19:23,INDF,RG,6225,1,D,YP,ZP,F
10:19:13,INDF,RG,6225,19,F,ZP,ZP,F
10:19:04,INDF,RG,6225,1,D,AT,ZP,F
10:19:04,INDF,RG,6225,10,F,DX,ZP,F
10:19:04,INDF,RG,6225,10,F,DX,ZP,F
10:19:04,INDF,RG,6225,6,F,DX,SQ,D
10:18:58,INDF,RG,6225,1,D,XC,SQ,D
10:18:58,INDF,RG,6225,5,D,XC,XC,D
10:18:58,INDF,RG,6225,1,D,XC,NI,D
10:18:58,INDF,RG,6225,1,D,XC,BK,F
10:18:44,INDF,RG,6225,2,D,CC,BK,F
10:18:43,INDF,RG,6225,5,F,DX,BK,F
10:18:43,INDF,RG,6225,1,F,DX,YP,D
10:18:43,INDF,RG,6225,1,F,DX,YB,D
10:18:38,INDF,RG,6225,4,F,DX,YB,D
10:18:38,INDF,RG,6225,1,F,DX,XC,D
10:18:38,INDF,RG,6225,1,F,DX,GR,D
10:18:38,INDF,RG,6225,1,F,DX,CC,D
10:18:38,INDF,RG,6225,13,F,DX,AZ,D
10:18:08,INDF,RG,6225,12,F,DX,AZ,D
10:18:08,INDF,RG,6225,1,F,DX,XC,D
10:18:08,INDF,RG,6225,7,F,DX,CS,F
10:17:08,INDF,RG,6225,2,F,DX,PD,D
10:17:08,INDF,RG,6225,3,F,DX,AK,F
10:17:08,INDF,RG,6225,20,F,DX,BK,F
10:16:10,INDF,RG,6225,6,D,PD,BK,F
10:16:08,INDF,RG,6225,26,F,DX,BK,F
10:15:45,INDF,RG,6200,6,D,CC,AK,F
10:15:08,INDF,RG,6225,22,F,DX,BK,F
10:14:38,INDF,RG,6225,25,F,DX,BK,F
10:14:04,INDF,RG,6225,1,D,PD,BK,F
10:13:47,INDF,RG,6225,2,D,XC,BK,F
10:13:42,INDF,RG,6225,7,F,DX,BK,F
10:13:40,INDF,RG,6225,22,F,DX,BK,F
10:13:18,INDF,RG,6225,5,D,CC,BK,F
10:12:50,INDF,RG,6225,5,F,DX,BK,F
10:12:50,INDF,RG,6225,20,F,DX,KK,D
10:12:50,INDF,RG,6225,3,F,DX,BK,F
10:12:21,INDF,RG,6225,25,F,DX,BK,F
10:11:44,INDF,RG,6200,6,D,CC,YP,D
10:11:19,INDF,RG,6225,7,D,YB,BK,F
10:11:19,INDF,RG,6225,2,D,YB,YP,D
10:11:19,INDF,RG,6225,21,D,YB,BB,D
10:11:18,INDF,RG,6225,21,F,DX,BB,D
10:10:58,INDF,RG,6200,11,D,CC,BK,F
10:10:57,INDF,RG,6225,32,D,OD,BB,D
10:10:45,INDF,RG,6225,17,F,DX,BB,D
10:10:40,INDF,RG,6225,10,D,SQ,BB,D
10:10:29,INDF,RG,6200,16,D,CC,BK,F
10:10:27,INDF,RG,6200,1,D,CC,CC,D
10:10:26,INDF,RG,6200,46,D,CC,BK,F
10:10:25,INDF,RG,6225,8,D,KK,BB,D
10:10:25,INDF,RG,6225,2,F,CS,BB,D
10:10:24,INDF,RG,6200,21,D,CC,CS,F
10:10:24,INDF,RG,6200,29,D,CC,CS,F
10:10:24,INDF,RG,6200,10,D,CC,CS,F
10:10:24,INDF,RG,6200,2,D,CC,CS,F
10:10:24,INDF,RG,6200,41,D,CC,CS,F
10:10:24,INDF,RG,6200,29,D,CC,CS,F
10:10:24,INDF,RG,6200,10,D,CC,CS,F
10:10:24,INDF,RG,6200,20,D,CC,CS,F
10:10:24,INDF,RG,6200,14,D,CC,CS,F
10:10:24,INDF,RG,6200,16,D,CC,CS,F
10:10:24,INDF,RG,6200,50,D,CC,CS,F
10:10:24,INDF,RG,6200,32,D,CC,CS,F
10:10:24,INDF,RG,6200,4,D,CC,CS,F
10:10:24,INDF,RG,6200,24,D,CC,CS,F
10:10:24,INDF,RG,6200,32,D,CC,CS,F
10:10:24,INDF,RG,6200,31,D,CC,CS,F
10:10:24,INDF,RG,6200,20,D,CC,CS,F
10:10:24,INDF,RG,6200,48,D,CC,CS,F
10:10:24,INDF,RG,6200,37,D,CC,CS,F
10:10:24,INDF,RG,6200,20,D,CC,CS,F
10:10:24,INDF,RG,6200,9,D,CC,CS,F
10:10:21,INDF,RG,6225,22,F,DX,BB,D
10:09:24,INDF,RG,6225,2,F,DX,BB,D
10:09:24,INDF,RG,6225,1,F,DX,ZP,F
10:09:24,INDF,RG,6225,7,F,DX,YP,D
10:09:24,INDF,RG,6225,3,F,DX,ZP,F
10:09:24,INDF,RG,6225,9,F,DX,ZP,F
10:09:23,INDF,RG,6200,2,D,CC,CC,D
10:09:21,INDF,RG,6200,1,D,CC,XC,D
10:08:57,INDF,RG,6225,6,F,DX,ZP,F
10:08:54,INDF,RG,6225,11,F,DX,ZP,F
10:08:54,INDF,RG,6225,5,F,DX,ZP,F
10:08:54,INDF,RG,6225,2,F,DX,AK,F
10:08:54,INDF,RG,6225,3,F,DX,XC,D
10:08:25,INDF,RG,6225,1,F,DX,XC,D
10:08:25,INDF,RG,6225,15,F,DX,XC,D
10:08:25,INDF,RG,6225,3,F,DX,PD,D
10:08:08,INDF,RG,6225,1,F,ZP,XC,D
10:08:08,INDF,RG,6225,17,F,ZP,DX,D
10:07:59,INDF,RG,6225,1,D,DH,DX,D
10:07:18,INDF,RG,6225,20,F,DX,DX,D
10:06:51,INDF,RG,6225,20,D,DR,DX,D
10:06:49,INDF,RG,6225,26,F,DX,DX,D
10:06:12,INDF,RG,6200,3,D,CC,NI,D
10:06:09,INDF,RG,6225,116,D,RX,DX,D
10:06:09,INDF,RG,6225,20,D,RX,EP,D
10:06:09,INDF,RG,6225,24,D,RX,CS,F
10:06:09,INDF,RG,6225,22,D,RX,CS,F
10:06:09,INDF,RG,6225,10,D,RX,YP,D
10:06:09,INDF,RG,6225,42,D,RX,BB,D
10:06:09,INDF,RG,6225,56,D,RX,BB,D
10:06:09,INDF,RG,6225,55,D,RX,BB,D
10:06:09,INDF,RG,6225,78,D,RX,BB,D
10:06:09,INDF,RG,6225,39,D,RX,BK,F
10:06:09,INDF,RG,6225,3,D,RX,CS,F
10:06:09,INDF,RG,6225,35,D,RX,ZP,F
10:05:52,INDF,RG,6225,26,F,DX,ZP,F
10:05:37,INDF,RG,6200,4,D,CC,NI,D
10:05:26,INDF,RG,6225,14,F,DX,ZP,F
10:05:26,INDF,RG,6225,4,F,DX,ZP,F
10:05:26,INDF,RG,6225,3,F,DX,ZP,F
10:05:17,INDF,RG,6225,5,F,DX,ZP,F
10:04:59,INDF,RG,6200,2,D,CC,ZP,F
10:04:53,INDF,RG,6225,10,F,DX,ZP,F
10:04:53,INDF,RG,6225,1,F,DX,CC,D
10:04:53,INDF,RG,6225,3,F,DX,AK,F
10:04:53,INDF,RG,6225,10,F,DX,BK,F
10:04:22,INDF,RG,6200,1,D,CC,ZP,F
10:04:21,INDF,RG,6200,3,D,CC,XC,D
10:04:04,INDF,RG,6200,1,D,CC,ZP,F
10:03:16,INDF,RG,6200,1,D,CC,ZP,F
10:02:41,INDF,RG,6200,1,D,CC,ZP,F
10:02:31,INDF,RG,6225,3,F,CS,BK,F
10:02:16,INDF,RG,6200,1,D,CC,ZP,F
10:02:01,INDF,RG,6225,2,D,PD,BK,F
10:01:51,INDF,RG,6225,3,D,XC,BK,F
10:01:51,INDF,RG,6200,8,D,CC,ZP,F
10:01:37,INDF,RG,6225,5,F,DX,BK,F
10:01:37,INDF,RG,6200,121,D,CC,BB,D
10:01:20,INDF,RG,6200,1,D,CC,ZP,F
10:00:56,INDF,RG,6200,5,D,CC,YP,D
10:00:55,INDF,RG,6200,2,D,CC,ZP,F
10:00:41,INDF,RG,6200,15,D,CC,XC,D
10:00:29,INDF,RG,6200,10,D,CC,ZP,F
10:00:28,INDF,RG,6200,191,D,CC,BB,D
10:00:26,INDF,RG,6200,1,D,CC,ZP,F
10:00:05,INDF,RG,6200,1,D,CC,ZP,F
10:00:05,INDF,RG,6200,1,D,CC,DR,D
9:59:34,INDF,RG,6200,6,D,CC,ZP,F
9:59:26,INDF,RG,6200,100,D,CC,XA,D
9:59:08,INDF,RG,6200,1,D,CC,ZP,F
9:58:57,INDF,RG,6200,1,D,CC,ZP,F
9:58:26,INDF,RG,6200,1,D,CC,ZP,F
9:58:04,INDF,RG,6200,10,D,CC,YP,D
9:57:57,INDF,RG,6200,1,D,CC,ZP,F
9:57:34,INDF,RG,6200,1,D,CC,ZP,F
9:57:17,INDF,RG,6200,1,D,CC,XC,D
9:57:17,INDF,RG,6225,8,D,XC,BK,F
9:57:05,INDF,RG,6200,1,D,CC,ZP,F
9:56:58,INDF,RG,6225,10,D,CC,BK,F
9:56:54,INDF,RG,6200,1,D,CC,ZP,F
9:56:37,INDF,RG,6225,5,F,DX,BK,F
9:56:30,INDF,RG,6200,1,D,CC,ZP,F
9:55:58,INDF,RG,6200,1,D,CC,ZP,F
9:55:42,INDF,RG,6200,1,D,CC,ZP,F
9:55:01,INDF,RG,6200,1,D,CC,ZP,F
9:54:29,INDF,RG,6200,1,D,CC,ZP,F
9:54:16,INDF,RG,6200,1,D,CC,ZP,F
9:53:49,INDF,RG,6200,1,D,CC,ZP,F
9:53:24,INDF,RG,6200,1,D,CC,XC,D
9:53:04,INDF,RG,6200,1,D,CC,ZP,F
9:52:54,INDF,RG,6200,1,D,CC,ZP,F
9:52:47,INDF,RG,6200,1,D,CC,SQ,D
9:52:47,INDF,RG,6200,1,D,CC,ZP,F
9:52:45,INDF,RG,6225,5,D,PD,BK,F
9:52:19,INDF,RG,6200,1,D,CC,ZP,F
9:52:18,INDF,RG,6200,3,D,CC,XC,D
9:51:45,INDF,RG,6200,17,D,CC,ZP,F
9:51:30,INDF,RG,6200,1,D,CC,ZP,F
9:51:30,INDF,RG,6200,38,D,CC,CS,F
9:51:30,INDF,RG,6200,18,D,CC,CS,F
9:51:30,INDF,RG,6200,32,D,CC,CS,F
9:51:30,INDF,RG,6200,19,D,CC,CS,F
9:51:30,INDF,RG,6200,49,D,CC,CS,F
9:51:30,INDF,RG,6200,1,D,CC,CS,F
9:51:30,INDF,RG,6200,44,D,CC,CS,F
9:51:30,INDF,RG,6200,26,D,CC,CS,F
9:51:30,INDF,RG,6200,42,D,CC,CS,F
9:51:30,INDF,RG,6200,14,D,CC,CS,F
9:51:30,INDF,RG,6200,19,D,CC,CS,F
9:51:30,INDF,RG,6200,21,D,CC,CS,F
9:51:11,INDF,RG,6200,4,D,CC,ZP,F
9:51:07,INDF,RG,6200,1,D,CC,ZP,F
9:50:59,INDF,RG,6200,75,D,CC,MG,D
9:50:54,INDF,RG,6200,1,D,CC,ZP,F
9:50:53,INDF,RG,6225,1,D,NI,BK,F
9:50:39,INDF,RG,6200,2,D,CC,CC,D
9:50:34,INDF,RG,6200,5,D,CC,CC,D
9:50:27,INDF,RG,6200,1,D,CC,ZP,F
9:50:00,INDF,RG,6200,1,D,CC,ZP,F
9:49:42,INDF,RG,6200,1,D,CC,ZP,F
9:49:27,INDF,RG,6200,1,D,CC,ZP,F
9:49:09,INDF,RG,6200,4,D,CC,ZP,F
9:49:06,INDF,RG,6200,47,D,CC,BB,D
9:49:06,INDF,RG,6200,32,F,DX,BB,D
9:49:02,INDF,RG,6200,1,F,DX,ZP,F
9:48:49,INDF,RG,6200,4,F,DX,ZP,F
9:48:48,INDF,RG,6200,7,F,DX,CC,D
9:48:32,INDF,RG,6200,19,F,DX,BB,D
9:48:32,INDF,RG,6200,2,D,XC,BB,D
9:48:32,INDF,RG,6200,38,F,AK,BB,D
9:48:30,INDF,RG,6200,1,F,AK,ZP,F
9:48:30,INDF,RG,6225,2,D,XC,BK,F
9:48:17,INDF,RG,6225,2,D,CC,BK,F
9:48:16,INDF,RG,6200,1,F,AK,ZP,F
9:48:08,INDF,RG,6225,1,D,YB,BK,F
9:47:55,INDF,RG,6200,10,F,AK,PD,D
9:47:52,INDF,RG,6200,1,F,AK,ZP,F
9:47:36,INDF,RG,6200,2,F,AK,ZP,F
9:46:36,INDF,RG,6200,1,F,AK,ZP,F
9:46:20,INDF,RG,6200,1,F,AK,ZP,F
9:46:19,INDF,RG,6225,1,D,PD,BK,F
9:46:00,INDF,RG,6200,1,F,AK,ZP,F
9:45:40,INDF,RG,6200,1,F,AK,ZP,F
9:45:28,INDF,RG,6200,1,F,AK,ZP,F
9:45:16,INDF,RG,6200,39,F,AK,ZP,F
9:45:06,INDF,RG,6200,16,F,AK,BK,F
9:45:03,INDF,RG,6225,5,D,SQ,BK,F
9:45:03,INDF,RG,6225,12,D,SQ,CS,F
9:45:03,INDF,RG,6225,170,D,SQ,AK,F
9:45:03,INDF,RG,6225,47,D,SQ,CS,F
9:45:03,INDF,RG,6225,16,D,SQ,CS,F
9:45:03,INDF,RG,6225,14,D,SQ,CS,F
9:45:03,INDF,RG,6225,17,D,SQ,CS,F
9:45:03,INDF,RG,6225,10,D,SQ,XC,D
9:45:03,INDF,RG,6225,3,D,SQ,ZP,F
9:45:03,INDF,RG,6225,3,D,SQ,DH,D
9:45:03,INDF,RG,6225,13,D,SQ,ZP,F
9:45:03,INDF,RG,6225,25,D,SQ,CS,F
9:45:03,INDF,RG,6225,32,D,SQ,CS,F
9:45:03,INDF,RG,6225,1,D,SQ,CS,F
9:45:03,INDF,RG,6225,1,D,SQ,DH,D
9:45:03,INDF,RG,6225,94,D,SQ,BK,F
9:45:03,INDF,RG,6225,2,D,SQ,AK,F
9:45:03,INDF,RG,6225,1,D,SQ,ZP,F
9:45:03,INDF,RG,6225,9,D,SQ,ZP,F
9:45:03,INDF,RG,6225,50,D,SQ,CS,F
9:45:03,INDF,RG,6225,226,D,SQ,CC,D
9:44:53,INDF,RG,6200,1,F,AK,ZP,F
9:44:30,INDF,RG,6200,1,F,AK,ZP,F
9:44:00,INDF,RG,6200,1,F,AK,ZP,F
9:43:42,INDF,RG,6200,1,F,AK,ZP,F
9:43:41,INDF,RG,6225,1,D,PD,CC,D
9:43:29,INDF,RG,6200,1,F,AK,ZP,F
9:43:09,INDF,RG,6200,1,F,AK,ZP,F
9:42:57,INDF,RG,6200,3,F,AK,ZP,F
9:42:50,INDF,RG,6200,11,F,AK,BK,F
9:42:49,INDF,RG,6200,60,F,AK,PD,D
9:42:47,INDF,RG,6200,1,F,AK,ZP,F
9:42:38,INDF,RG,6200,1,F,AK,ZP,F
9:42:15,INDF,RG,6200,4,F,AK,YP,D
9:42:15,INDF,RG,6200,6,F,ZP,YP,D
9:42:14,INDF,RG,6200,1,F,ZP,ZP,F
9:41:52,INDF,RG,6200,5,F,ZP,ZP,F
9:41:41,INDF,RG,6200,19,F,ZP,BK,F
9:41:38,INDF,RG,6200,25,F,ZP,ZP,F
9:41:38,INDF,RG,6200,12,F,ZP,BK,F
9:41:38,INDF,RG,6200,52,F,DX,BK,F
9:41:35,INDF,RG,6200,26,F,DX,AK,F
9:41:35,INDF,RG,6200,119,F,DX,AK,F
9:41:35,INDF,RG,6200,1,F,CS,AK,F
9:41:35,INDF,RG,6200,5,D,NI,AK,F
9:41:35,INDF,RG,6200,1,D,GR,AK,F
9:41:35,INDF,RG,6200,1,D,PD,AK,F
9:41:35,INDF,RG,6200,151,D,PD,AK,F
9:41:35,INDF,RG,6200,7,D,XC,AK,F
9:41:35,INDF,RG,6200,1,F,CS,AK,F
9:41:35,INDF,RG,6200,50,D,XC,AK,F
9:41:35,INDF,RG,6200,1,D,XC,AK,F
9:41:35,INDF,RG,6200,1,D,PD,AK,F
9:41:35,INDF,RG,6200,1,D,XC,AK,F
9:41:35,INDF,RG,6200,1,D,XC,AK,F
9:41:35,INDF,RG,6200,1,D,XC,AK,F
9:41:35,INDF,RG,6200,1,F,CS,AK,F
9:41:35,INDF,RG,6200,3,D,NI,AK,F
9:41:35,INDF,RG,6200,50,D,CC,AK,F
9:41:35,INDF,RG,6200,3,D,XC,AK,F
9:41:35,INDF,RG,6200,2,D,NI,AK,F
9:41:35,INDF,RG,6200,1,D,XC,AK,F
9:41:35,INDF,RG,6200,3,D,PD,AK,F
9:41:35,INDF,RG,6200,51,F,DX,AK,F
9:41:35,INDF,RG,6200,10,D,CC,AK,F
9:41:35,INDF,RG,6200,9,F,ZP,AK,F
9:41:18,INDF,RG,6200,1,F,ZP,ZP,F
9:41:03,INDF,RG,6200,1,F,ZP,ZP,F
9:40:56,INDF,RG,6200,1,F,ZP,ZP,F
9:40:39,INDF,RG,6200,1,F,ZP,ZP,F
9:40:16,INDF,RG,6200,1,F,ZP,XC,D
9:40:12,INDF,RG,6200,1,F,ZP,ZP,F
9:40:11,INDF,RG,6200,4,F,ZP,OD,D
9:40:11,INDF,RG,6200,3,F,DX,OD,D
9:40:00,INDF,RG,6200,1,F,DX,ZP,F
9:39:59,INDF,RG,6200,5,F,DX,BK,F
9:39:59,INDF,RG,6200,1,D,KK,BK,F
9:39:59,INDF,RG,6200,2,D,PD,BK,F
9:39:59,INDF,RG,6200,2,D,PD,BK,F
9:39:59,INDF,RG,6200,3,D,PD,BK,F
9:39:55,INDF,RG,6200,1,D,PD,ZP,F
9:39:54,INDF,RG,6200,15,D,PD,YP,D
9:39:38,INDF,RG,6200,1,D,PD,ZP,F
9:39:38,INDF,RG,6200,1,D,XC,ZP,F
9:39:38,INDF,RG,6200,1,D,YP,ZP,F
9:39:38,INDF,RG,6200,2,D,PD,YP,D
9:39:16,INDF,RG,6200,1,F,DX,ZP,F
9:39:15,INDF,RG,6200,50,F,DX,XC,D
9:39:03,INDF,RG,6200,2,F,DX,ZP,F
9:39:02,INDF,RG,6225,3,F,CS,CC,D
9:38:28,INDF,RG,6200,1,F,DX,ZP,F
9:37:59,INDF,RG,6200,2,F,DX,ZP,F
9:37:56,INDF,RG,6200,3,D,PD,YP,D
9:37:56,INDF,RG,6200,7,D,LG,YP,D
9:37:48,INDF,RG,6200,1,D,LG,ZP,F
9:37:31,INDF,RG,6200,2,D,LG,ZP,F
9:37:13,INDF,RG,6200,6,D,LG,BK,F
9:37:13,INDF,RG,6200,12,D,XC,BK,F
9:37:11,INDF,RG,6200,10,D,XC,ZP,F
9:37:10,INDF,RG,6200,11,D,XC,BK,F
9:37:10,INDF,RG,6200,1,D,DH,BK,F
9:37:10,INDF,RG,6200,8,D,DR,BK,F
9:37:07,INDF,RG,6225,170,F,AK,CC,D
9:37:07,INDF,RG,6225,28,F,AK,BB,D
9:37:07,INDF,RG,6225,3,F,AK,BB,D
9:36:55,INDF,RG,6200,2,D,DR,ZP,F
9:36:55,INDF,RG,6200,1,D,CP,ZP,F
9:36:55,INDF,RG,6200,1,D,PD,ZP,F
9:36:53,INDF,RG,6200,1,D,PD,BK,F
9:36:53,INDF,RG,6200,1,D,PD,BK,F
9:36:53,INDF,RG,6200,1,D,PD,BK,F
9:36:53,INDF,RG,6200,1,D,XA,BK,F
9:36:53,INDF,RG,6200,3,D,XC,BK,F
9:36:53,INDF,RG,6200,2,D,YP,BK,F
9:36:53,INDF,RG,6200,2,F,ZP,BK,F
9:36:53,INDF,RG,6200,7,F,AK,BK,F
9:36:48,INDF,RG,6200,33,F,AK,BK,F
9:36:48,INDF,RG,6200,6,F,ZP,BK,F
9:36:46,INDF,RG,6200,13,F,ZP,BB,D
9:36:46,INDF,RG,6200,2,D,XC,BB,D
9:36:46,INDF,RG,6200,1,D,XC,BB,D
9:36:46,INDF,RG,6200,5,D,XC,BB,D
9:36:46,INDF,RG,6200,8,D,XC,BB,D
9:36:46,INDF,RG,6200,3,D,XC,BB,D
9:36:46,INDF,RG,6200,5,D,PD,BB,D
9:36:46,INDF,RG,6200,1,D,PD,BB,D
9:36:46,INDF,RG,6200,3,D,XC,BB,D
9:36:46,INDF,RG,6200,1,F,YP,BB,D
9:36:46,INDF,RG,6200,1,D,KK,BB,D
9:36:46,INDF,RG,6200,2,D,NI,BB,D
9:36:45,INDF,RG,6200,8,D,NI,AK,F
9:36:45,INDF,RG,6200,1,D,XC,AK,F
9:36:45,INDF,RG,6200,1,D,PD,AK,F
9:36:45,INDF,RG,6200,84,F,ZP,AK,F
9:36:45,INDF,RG,6200,50,D,GR,AK,F
9:36:45,INDF,RG,6200,16,D,CC,AK,F
9:36:45,INDF,RG,6200,2,D,CC,AK,F
9:36:45,INDF,RG,6200,8,F,DX,AK,F
9:36:45,INDF,RG,6200,4,D,XC,AK,F
9:36:45,INDF,RG,6200,1,D,LS,AK,F
9:36:45,INDF,RG,6200,1,D,PD,AK,F
9:36:45,INDF,RG,6200,10,D,OD,AK,F
9:36:45,INDF,RG,6200,1,D,CC,AK,F
9:36:45,INDF,RG,6200,5,D,CC,AK,F
9:36:45,INDF,RG,6200,10,D,NI,AK,F
9:36:45,INDF,RG,6200,3,D,PD,AK,F
9:36:45,INDF,RG,6200,1,D,NI,AK,F
9:36:45,INDF,RG,6200,3,D,XC,AK,F
9:36:45,INDF,RG,6200,12,D,GR,AK,F
9:36:45,INDF,RG,6200,4,F,ZP,AK,F
9:36:45,INDF,RG,6200,10,D,KK,AK,F
9:36:45,INDF,RG,6200,3,D,YP,AK,F
9:36:45,INDF,RG,6200,1,D,CC,AK,F
9:36:45,INDF,RG,6200,1,D,YP,AK,F
9:36:39,INDF,RG,6200,2,D,XC,BK,F
9:36:39,INDF,RG,6200,1,D,XC,BK,F
9:36:39,INDF,RG,6200,1,D,XC,BK,F
9:36:39,INDF,RG,6200,5,D,LG,BK,F
9:36:39,INDF,RG,6200,1,D,YP,BK,F
9:36:39,INDF,RG,6200,13,D,YP,BK,F
9:36:35,INDF,RG,6200,27,D,YP,AK,F
9:36:35,INDF,RG,6200,2,D,XC,AK,F
9:36:35,INDF,RG,6200,150,D,XC,AK,F
9:36:35,INDF,RG,6200,2,D,XC,AK,F
9:36:35,INDF,RG,6200,1,D,PD,AK,F
9:36:35,INDF,RG,6200,1,D,PD,AK,F
9:36:35,INDF,RG,6200,1,D,YB,AK,F
9:36:35,INDF,RG,6200,9,D,EP,AK,F
9:36:35,INDF,RG,6200,1,D,XC,AK,F
9:36:35,INDF,RG,6200,1,D,XC,AK,F
9:36:35,INDF,RG,6200,1,D,PD,AK,F
9:36:35,INDF,RG,6200,5,D,PD,AK,F
9:36:35,INDF,RG,6200,1,D,XC,AK,F
9:36:35,INDF,RG,6200,25,D,SQ,AK,F
9:36:35,INDF,RG,6200,5,D,NI,AK,F
9:36:35,INDF,RG,6200,1,D,AZ,AK,F
9:36:35,INDF,RG,6200,1,F,DX,AK,F
9:36:35,INDF,RG,6200,1,D,NI,AK,F
9:36:35,INDF,RG,6200,3,D,XC,AK,F
9:36:35,INDF,RG,6200,2,D,IF,AK,F
9:36:34,INDF,RG,6200,240,D,IF,AK,F
9:36:33,INDF,RG,6200,240,D,IF,AK,F
9:36:33,INDF,RG,6200,1,D,IF,BB,D
9:36:32,INDF,RG,6200,240,D,IF,AK,F
9:36:29,INDF,RG,6200,5,D,IF,BB,D
9:36:28,INDF,RG,6200,1,D,IF,XC,D
9:35:52,INDF,RG,6200,5,D,IF,PD,D
9:35:43,INDF,RG,6200,1,D,IF,BB,D
9:35:42,INDF,RG,6225,2,D,YP,BB,D
9:35:42,INDF,RG,6225,6,D,YP,ZP,F
9:35:30,INDF,RG,6200,1,D,IF,BB,D
9:35:17,INDF,RG,6200,4,D,IF,BB,D
9:35:06,INDF,RG,6225,6,F,ZP,ZP,F
9:35:06,INDF,RG,6225,3,F,ZP,KK,D
9:35:06,INDF,RG,6225,1,F,ZP,ZP,F
9:35:06,INDF,RG,6225,9,F,ZP,YP,D
9:35:05,INDF,RG,6200,1,D,IF,BB,D
9:35:04,INDF,RG,6200,1,D,IF,NI,D
9:34:40,INDF,RG,6200,3,D,IF,NI,D
9:34:21,INDF,RG,6225,1,D,XC,YP,D
9:34:21,INDF,RG,6225,1,D,XC,CS,F
9:33:25,INDF,RG,6225,8,F,DX,CS,F
9:33:05,INDF,RG,6200,2,D,IF,DH,D
9:32:57,INDF,RG,6200,10,D,IF,YP,D
9:31:50,INDF,RG,6200,2,D,IF,XC,D
9:31:42,INDF,RG,6200,3,D,IF,DH,D
9:31:36,INDF,RG,6225,15,D,XC,CS,F
9:31:27,INDF,RG,6225,10,D,DX,CS,F
9:30:50,INDF,RG,6225,12,D,XC,CS,F
9:30:39,INDF,RG,6225,1,D,CC,CS,F
9:30:39,INDF,RG,6225,1,D,CC,PD,D
9:30:39,INDF,RG,6225,4,D,CC,BK,F
9:29:15,INDF,RG,6225,1,D,PD,BK,F
9:28:55,INDF,RG,6200,20,D,IF,YJ,D
9:28:27,INDF,RG,6225,2,D,CC,BK,F
9:28:15,INDF,RG,6225,12,F,ZP,BK,F
9:27:47,INDF,RG,6225,2,D,GR,BK,F
9:27:47,INDF,RG,6225,6,D,GR,ZP,F
9:27:47,INDF,RG,6225,1,D,GR,ZP,F
9:27:47,INDF,RG,6225,23,D,GR,BB,D
9:27:47,INDF,RG,6225,31,D,GR,BB,D
9:27:32,INDF,RG,6225,1,D,XC,BB,D
9:27:15,INDF,RG,6225,16,F,ZP,BB,D
9:27:15,INDF,RG,6225,9,F,ZP,BB,D
9:27:11,INDF,RG,6225,4,D,XC,BB,D
9:26:48,INDF,RG,6225,2,D,XC,BB,D
9:26:30,INDF,RG,6225,4,D,AT,BB,D
9:26:19,INDF,RG,6225,1,D,XC,CS,F
9:26:09,INDF,RG,6225,1,D,YP,CS,F
9:25:37,INDF,RG,6225,24,D,PD,CS,F
9:25:37,INDF,RG,6225,4,D,PD,ZP,F
9:25:37,INDF,RG,6225,1,D,PD,ZP,F
9:25:37,INDF,RG,6225,3,D,PD,AK,F
9:25:37,INDF,RG,6225,33,D,PD,BK,F
9:25:37,INDF,RG,6225,6,D,PD,ZP,F
9:25:37,INDF,RG,6225,13,D,PD,ZP,F
9:25:37,INDF,RG,6225,26,D,PD,CS,F
9:25:37,INDF,RG,6225,1,D,PD,XC,D
9:25:37,INDF,RG,6225,1,D,PD,PD,D
9:25:37,INDF,RG,6225,11,D,PD,CS,F
9:25:34,INDF,RG,6225,17,D,GR,CS,F
9:25:34,INDF,RG,6225,7,D,GR,CS,F
9:25:34,INDF,RG,6225,8,D,GR,BB,D
9:25:34,INDF,RG,6225,18,D,GR,BB,D
9:25:22,INDF,RG,6225,7,F,ZP,BB,D
9:25:22,INDF,RG,6225,1,F,ZP,ZP,F
9:25:22,INDF,RG,6225,2,F,ZP,CC,D
9:25:22,INDF,RG,6225,3,F,ZP,TF,D
9:25:22,INDF,RG,6225,5,F,ZP,CS,F
9:25:19,INDF,RG,6225,15,D,PD,CS,F
9:24:16,INDF,RG,6225,17,D,PD,CS,F
9:24:16,INDF,RG,6225,4,D,PD,XC,D
9:24:16,INDF,RG,6225,5,D,PD,ZP,F
9:24:16,INDF,RG,6225,3,D,PD,AK,F
9:24:16,INDF,RG,6225,21,D,PD,BK,F
9:24:11,INDF,RG,6225,1,D,XC,BK,F
9:24:08,INDF,RG,6225,15,F,ZP,BK,F
9:24:08,INDF,RG,6225,3,F,ZP,ZP,F
9:24:08,INDF,RG,6225,7,F,ZP,CS,F
9:24:08,INDF,RG,6225,3,F,ZP,CS,F
9:24:08,INDF,RG,6225,11,F,ZP,CS,F
9:24:08,INDF,RG,6225,53,F,ZP,BB,D
9:23:17,INDF,RG,6225,1,D,NI,BB,D
9:22:49,INDF,RG,6200,3,D,IF,ZP,F
9:22:42,INDF,RG,6200,2,D,IF,YP,D
9:22:34,INDF,RG,6225,30,D,NI,BB,D
9:22:19,INDF,RG,6200,4,D,IF,ZP,F
9:22:17,INDF,RG,6200,10,D,IF,PD,D
9:22:16,INDF,RG,6225,6,D,NI,BB,D
9:22:16,INDF,RG,6225,44,D,NI,BB,D
9:21:35,INDF,RG,6200,2,D,IF,ZP,F
9:21:26,INDF,RG,6225,10,D,NI,BB,D
9:21:26,INDF,RG,6225,1,D,NI,XC,D
9:21:26,INDF,RG,6225,1,D,NI,ZP,F
9:21:26,INDF,RG,6225,9,D,NI,CS,F
9:21:26,INDF,RG,6225,25,D,NI,BK,F
9:21:26,INDF,RG,6225,4,D,NI,ZP,F
9:21:19,INDF,RG,6200,1,D,IF,ZP,F
9:21:08,INDF,RG,6200,2,D,IF,XC,D
9:20:50,INDF,RG,6200,54,D,IF,ZP,F
9:20:35,INDF,RG,6225,1,D,YP,ZP,F
9:20:28,INDF,RG,6200,1,D,IF,ZP,F
9:20:26,INDF,RG,6225,4,D,SQ,XC,D
9:20:26,INDF,RG,6225,1,D,SQ,ZP,F
9:20:26,INDF,RG,6225,2,D,SQ,CC,D
9:20:26,INDF,RG,6225,1,D,SQ,ZP,F
9:20:26,INDF,RG,6225,2,D,SQ,CS,F
9:20:17,INDF,RG,6225,3,F,ZP,CS,F
9:20:17,INDF,RG,6225,3,F,ZP,CS,F
9:20:17,INDF,RG,6225,1,F,ZP,YB,D
9:20:12,INDF,RG,6225,1,D,YP,YB,D
9:20:12,INDF,RG,6225,1,D,XC,YB,D
9:20:11,INDF,RG,6225,1,D,YP,YB,D
9:20:10,INDF,RG,6225,1,D,YP,YB,D
9:20:09,INDF,RG,6200,1,D,IF,ZP,F
9:20:08,INDF,RG,6225,1,D,XC,YB,D
9:20:06,INDF,RG,6225,1,D,YP,YB,D
9:19:58,INDF,RG,6225,1,D,PD,YB,D
9:19:56,INDF,RG,6200,1,D,IF,ZP,F
9:19:38,INDF,RG,6200,1,D,IF,ZP,F
9:19:35,INDF,RG,6200,1,D,IF,ZP,F
9:19:13,INDF,RG,6200,1,D,IF,ZP,F
9:19:09,INDF,RG,6200,1,D,IF,ZP,F
9:19:09,INDF,RG,6225,1,D,PD,YB,D
9:19:09,INDF,RG,6225,5,D,SQ,YB,D
9:18:55,INDF,RG,6200,1,D,IF,ZP,F
9:18:43,INDF,RG,6200,1,D,IF,ZP,F
9:18:43,INDF,RG,6225,11,D,SQ,YB,D
9:18:43,INDF,RG,6225,2,D,SQ,BQ,D
9:18:43,INDF,RG,6225,1,D,SQ,CS,F
9:18:43,INDF,RG,6225,1,D,SQ,ZP,F
9:18:32,INDF,RG,6200,1,D,IF,ZP,F
9:18:10,INDF,RG,6200,2,D,IF,ZP,F
9:18:09,INDF,RG,6225,1,D,YP,ZP,F
9:18:06,INDF,RG,6225,1,D,XC,PF,D
9:18:01,INDF,RG,6200,2,D,IF,PD,D
9:17:47,INDF,RG,6200,3,D,IF,ZP,F
9:17:33,INDF,RG,6225,1,D,KK,PF,D
9:17:26,INDF,RG,6200,10,D,IF,ZP,F
9:17:18,INDF,RG,6225,17,D,XC,PF,D
9:17:16,INDF,RG,6225,1,D,YP,PF,D
9:17:16,INDF,RG,6200,1,D,IF,ZP,F
9:17:16,INDF,RG,6225,83,F,AK,PF,D
9:17:15,INDF,RG,6225,1,D,XC,PF,D
9:17:15,INDF,RG,6225,14,D,CC,PF,D
9:17:15,INDF,RG,6225,1,D,NI,PF,D
9:17:15,INDF,RG,6225,25,D,NI,PF,D
9:17:15,INDF,RG,6225,5,D,PD,PF,D
9:17:15,INDF,RG,6225,1,D,PD,PF,D
9:17:15,INDF,RG,6225,1,D,DH,PF,D
9:17:15,INDF,RG,6225,1,D,XC,PF,D
9:17:15,INDF,RG,6225,8,D,PD,PF,D
9:17:15,INDF,RG,6225,3,D,CC,PF,D
9:17:15,INDF,RG,6225,8,D,XC,PF,D
9:17:15,INDF,RG,6225,5,D,NI,PF,D
9:17:15,INDF,RG,6225,37,F,AK,PF,D
9:17:15,INDF,RG,6225,19,F,ZP,PF,D
9:17:15,INDF,RG,6225,5,D,NI,PF,D
9:17:15,INDF,RG,6225,5,D,CC,PF,D
9:17:15,INDF,RG,6225,8,F,ZP,PF,D
9:17:09,INDF,RG,6225,1,F,ZP,ZP,F
9:16:59,INDF,RG,6225,1,F,ZP,ZP,F
9:16:50,INDF,RG,6225,2,F,ZP,ZP,F
9:16:50,INDF,RG,6225,5,D,SQ,YB,D
9:16:21,INDF,RG,6225,1,D,SQ,ZP,F
9:16:15,INDF,RG,6225,12,D,SQ,ZP,F
9:15:59,INDF,RG,6250,2,D,XC,BK,F
9:15:44,INDF,RG,6250,24,D,YU,BK,F
9:15:44,INDF,RG,6250,16,D,YU,CS,F
9:15:44,INDF,RG,6250,18,D,YU,CS,F
9:15:44,INDF,RG,6250,50,D,YU,YB,D
9:15:44,INDF,RG,6250,11,D,YU,ZP,F
9:15:44,INDF,RG,6250,18,D,YU,CS,F
9:15:44,INDF,RG,6250,3,D,YU,AK,F
9:15:44,INDF,RG,6250,27,D,YU,CS,F
9:15:44,INDF,RG,6250,1,D,YU,XC,D
9:15:44,INDF,RG,6250,1,D,YU,PD,D
9:15:44,INDF,RG,6250,5,D,YU,AT,D
9:15:44,INDF,RG,6250,50,D,YU,DH,D
9:15:44,INDF,RG,6250,50,D,YU,CC,D
9:15:44,INDF,RG,6250,1,D,YU,ZP,F
9:15:44,INDF,RG,6250,5,D,YU,XC,D
9:15:44,INDF,RG,6250,1,D,YU,DH,D
9:15:44,INDF,RG,6250,10,D,YU,EP,D
9:15:44,INDF,RG,6250,30,D,YU,CC,D
9:15:44,INDF,RG,6250,10,D,YU,SQ,D
9:15:44,INDF,RG,6250,10,D,YU,AG,D
9:15:44,INDF,RG,6250,6,D,YU,PD,D
9:15:44,INDF,RG,6250,25,D,YU,CC,D
9:15:44,INDF,RG,6250,1,D,YU,YP,D
9:15:44,INDF,RG,6250,2,D,YU,GR,D
9:15:44,INDF,RG,6250,1,D,YU,YP,D
9:15:44,INDF,RG,6250,30,D,YU,SQ,D
9:15:44,INDF,RG,6250,1,D,YU,CC,D
9:15:44,INDF,RG,6250,2,D,YU,PD,D
9:15:44,INDF,RG,6250,1,D,YU,PD,D
9:15:44,INDF,RG,6250,3,D,YU,PD,D
9:15:44,INDF,RG,6250,1,D,YU,SQ,D
9:15:44,INDF,RG,6250,1,D,YU,PD,D
9:15:44,INDF,RG,6250,10,D,YU,KK,D
9:15:44,INDF,RG,6250,75,D,YU,YB,D
9:15:09,INDF,RG,6250,5,D,CC,YB,D
9:14:47,INDF,RG,6225,2,D,SQ,NI,D
9:14:27,INDF,RG,6225,5,D,SQ,ZP,F
9:14:06,INDF,RG,6225,12,D,SQ,AT,D
9:13:20,INDF,RG,6225,1,D,SQ,XC,D
9:12:52,INDF,RG,6225,2,D,SQ,KK,D
9:11:58,INDF,RG,6225,6,D,SQ,CS,F
9:11:58,INDF,RG,6225,17,D,SQ,CS,F
9:11:58,INDF,RG,6225,36,D,SQ,ZP,F
9:11:57,INDF,RG,6225,25,D,SQ,YP,D
9:11:57,INDF,RG,6225,23,D,SQ,CS,F
