Time,Stock,Brd,Price,Qty,BT,BC,SC,ST
15:14:44,INDF,RG,6525,3,D,YP,CC,D
15:14:19,INDF,RG,6525,10,D,GR,CC,D
15:14:16,INDF,RG,6525,20,D,GR,CC,D
15:14:00,INDF,RG,6525,1,D,PD,CC,D
15:13:53,INDF,RG,6525,1,D,YB,CC,D
15:13:23,INDF,RG,6525,5,D,DR,CC,D
15:13:03,INDF,RG,6525,2,D,CC,CC,D
15:12:34,INDF,RG,6525,5,D,YP,CC,D
15:12:31,INDF,RG,6525,5,D,XC,CC,D
15:12:19,INDF,RG,6525,65,D,SQ,CC,D
15:12:04,INDF,RG,6525,5,D,XC,CC,D
15:10:32,INDF,RG,6525,10,D,NI,CC,D
15:10:26,INDF,RG,6525,4,D,XC,CC,D
15:09:33,INDF,RG,6525,5,D,DR,CC,D
15:09:30,INDF,RG,6525,5,D,YP,CC,D
15:09:26,INDF,RG,6525,10,D,XC,CC,D
15:09:09,INDF,RG,6525,1,D,CC,CC,D
15:09:01,INDF,RG,6525,20,D,CC,CC,D
15:08:43,INDF,RG,6525,3,D,DR,CC,D
15:08:11,INDF,RG,6525,1,D,PD,CC,D
15:08:02,INDF,RG,6525,5,D,YP,CC,D
15:07:40,INDF,RG,6525,1,D,AT,CC,D
15:06:43,INDF,RG,6525,6,D,CC,CC,D
15:05:41,INDF,RG,6525,1,D,RF,CC,D
15:05:04,INDF,RG,6525,2,D,YP,CC,D
15:05:03,INDF,RG,6525,3,D,XC,CC,D
15:05:02,INDF,RG,6525,21,D,CC,CC,D
15:05:02,INDF,RG,6525,5,D,KK,CC,D
15:05:01,INDF,RG,6525,6,D,PD,CC,D
15:05:01,INDF,RG,6525,1,D,XC,CC,D
15:05:01,INDF,RG,6525,2,D,KK,CC,D
15:05:00,INDF,RG,6525,4,D,RF,CC,D
15:05:00,INDF,RG,6525,50,D,KK,CC,D
15:05:00,INDF,RG,6525,2,D,DR,CC,D
15:00:00,INDF,RG,6525,1,D,XC,CC,D
15:00:00,INDF,RG,6525,50,D,PD,CC,D
15:00:00,INDF,RG,6525,5,D,XC,CC,D
15:00:00,INDF,RG,6525,5,D,SQ,CC,D
15:00:00,INDF,RG,6525,1,D,YP,CC,D
15:00:00,INDF,RG,6525,1,D,XC,CC,D
15:00:00,INDF,RG,6525,1,D,XC,CC,D
15:00:00,INDF,RG,6525,30,D,GR,CC,D
15:00:00,INDF,RG,6525,4,D,AT,CC,D
15:00:00,INDF,RG,6525,4,D,PD,CC,D
15:00:00,INDF,RG,6525,1,D,GR,CC,D
15:00:00,INDF,RG,6525,1,D,PD,CC,D
15:00:00,INDF,RG,6525,6,D,CC,CC,D
15:00:00,INDF,RG,6525,4,D,EP,CC,D
15:00:00,INDF,RG,6525,1,D,NI,CC,D
15:00:00,INDF,RG,6525,10,D,YP,CC,D
15:00:00,INDF,RG,6525,10,D,YP,CC,D
15:00:00,INDF,RG,6525,8,D,TF,CC,D
15:00:00,INDF,RG,6525,3,D,PD,CC,D
15:00:00,INDF,RG,6525,229,D,GR,CC,D
15:00:00,INDF,RG,6525,176,D,DH,CC,D
15:00:00,INDF,RG,6525,1,F,ZP,CC,D
15:00:00,INDF,RG,6525,26,F,ZP,CC,D
15:00:00,INDF,RG,6525,40,F,ZP,YP,D
15:00:00,INDF,RG,6525,98,F,ZP,PD,D
15:00:00,INDF,RG,6525,30,F,ZP,CC,D
15:00:00,INDF,RG,6525,1,F,ZP,CC,D
15:00:00,INDF,RG,6525,30,F,ZP,DR,D
15:00:00,INDF,RG,6525,1,F,ZP,OD,D
15:00:00,INDF,RG,6525,5,F,ZP,YP,D
15:00:00,INDF,RG,6525,3,F,ZP,YP,D
15:00:00,INDF,RG,6525,50,F,ZP,YP,F
15:00:00,INDF,RG,6525,3,F,ZP,CC,D
15:00:00,INDF,RG,6525,1,F,ZP,XC,D
15:00:00,INDF,RG,6525,1,F,ZP,XC,D
15:00:00,INDF,RG,6525,5,F,ZP,KK,D
15:00:00,INDF,RG,6525,4,F,ZP,PD,D
15:00:00,INDF,RG,6525,40,F,ZP,PD,D
15:00:00,INDF,RG,6525,2,F,ZP,PD,D
15:00:00,INDF,RG,6525,10,F,ZP,DR,D
15:00:00,INDF,RG,6525,3,F,ZP,SQ,D
15:00:00,INDF,RG,6525,1,F,ZP,GR,D
15:00:00,INDF,RG,6525,10,F,ZP,LG,D
15:00:00,INDF,RG,6525,140,F,ZP,YU,D
15:00:00,INDF,RG,6525,1,F,ZP,YP,D
15:00:00,INDF,RG,6525,1,F,ZP,PD,D
15:00:00,INDF,RG,6525,4,F,ZP,PD,D
15:00:00,INDF,RG,6525,3,F,ZP,XC,D
15:00:00,INDF,RG,6525,5,F,ZP,YU,D
15:00:00,INDF,RG,6525,1,F,ZP,NI,D
15:00:00,INDF,RG,6525,1,F,ZP,NI,D
15:00:00,INDF,RG,6525,2,F,ZP,YP,D
15:00:00,INDF,RG,6525,5,F,ZP,CC,D
15:00:00,INDF,RG,6525,5,F,ZP,OD,D
15:00:00,INDF,RG,6525,50,F,ZP,CC,D
15:00:00,INDF,RG,6525,33,F,ZP,YP,D
15:00:00,INDF,RG,6525,8,F,ZP,PD,D
15:00:00,INDF,RG,6525,5,F,ZP,OD,D
15:00:00,INDF,RG,6525,5,F,ZP,YP,D
15:00:00,INDF,RG,6525,1,F,ZP,PD,D
15:00:00,INDF,RG,6525,1,F,ZP,XC,D
15:00:00,INDF,RG,6525,100,F,ZP,ZP,D
15:00:00,INDF,RG,6525,3,F,ZP,PD,D
15:00:00,INDF,RG,6525,300,F,ZP,YP,D
15:00:00,INDF,RG,6525,245,F,ZP,CS,F
15:00:00,INDF,RG,6525,171,D,RF,CS,F
15:00:00,INDF,RG,6525,219,F,YU,CS,F
15:00:00,INDF,RG,6525,635,F,YU,CS,F
15:00:00,INDF,RG,6525,10,F,YU,PD,D
15:00:00,INDF,RG,6525,20,F,YU,PD,D
15:00:00,INDF,RG,6525,2,F,YU,OD,D
15:00:00,INDF,RG,6525,1,F,YU,LG,D
15:00:00,INDF,RG,6525,1,F,YU,XC,D
15:00:00,INDF,RG,6525,50,F,YU,YP,D
15:00:00,INDF,RG,6525,25,F,YU,YP,D
15:00:00,INDF,RG,6525,10,F,YU,LG,D
15:00:00,INDF,RG,6525,1,F,YU,PD,D
15:00:00,INDF,RG,6525,1,F,YU,YP,D
15:00:00,INDF,RG,6525,10,F,YU,NI,D
15:00:00,INDF,RG,6525,7,F,YU,ZP,D
15:00:00,INDF,RG,6525,2,F,YU,KK,D
15:00:00,INDF,RG,6525,100,F,YU,CC,D
15:00:00,INDF,RG,6525,1,F,YU,PD,D
15:00:00,INDF,RG,6525,1,F,YU,KK,D
15:00:00,INDF,RG,6525,70,F,YU,OD,D
15:00:00,INDF,RG,6525,2000,F,YU,DR,D
15:00:00,INDF,RG,6525,35,F,YU,YU,D
15:00:00,INDF,RG,6525,1000,F,YU,ZP,D
15:00:00,INDF,RG,6525,100,F,YU,YP,D
15:00:00,INDF,RG,6525,2,F,YU,HP,D
15:00:00,INDF,RG,6525,300,F,YU,FZ,D
15:00:00,INDF,RG,6525,5,F,YU,YP,D
15:00:00,INDF,RG,6525,724,F,YU,AK,F
15:00:00,INDF,RG,6525,2792,F,YU,BK,F
15:00:00,INDF,RG,6525,254,D,YU,BK,F
15:00:00,INDF,RG,6525,69,D,YU,CS,F
15:00:00,INDF,RG,6525,230,D,YU,ZP,F
15:00:00,INDF,RG,6525,562,D,YU,AK,F
15:00:00,INDF,RG,6525,18,D,YU,AK,F
15:00:00,INDF,RG,6525,197,D,YU,AK,D
15:00:00,INDF,RG,6525,2,D,YU,AK,F
15:00:00,INDF,RG,6525,1,D,YU,AK,F
15:00:00,INDF,RG,6525,41,D,YU,AK,F
15:00:00,INDF,RG,6525,1,D,YU,AK,F
15:00:00,INDF,RG,6525,3,D,YU,AK,F
15:00:00,INDF,RG,6525,39,D,YU,YU,F
15:00:00,INDF,RG,6525,220,D,YU,CG,F
15:00:00,INDF,RG,6525,190,D,DX,CG,F
15:00:00,INDF,RG,6525,510,D,BQ,CG,F
15:00:00,INDF,RG,6525,431,D,BQ,PD,D
15:00:00,INDF,RG,6525,24,F,FS,PD,D
15:00:00,INDF,RG,6525,1,F,FS,YU,D
14:49:58,INDF,RG,6525,2,F,ZP,PD,D
14:49:57,INDF,RG,6500,1,D,YP,AK,F
14:49:56,INDF,RG,6500,1,D,YP,CG,F
14:49:56,INDF,RG,6500,3,D,YP,AK,F
14:49:56,INDF,RG,6500,2,D,YP,AK,F
14:49:56,INDF,RG,6500,1,D,YP,AK,F
14:49:55,INDF,RG,6500,1,D,YP,CG,F
14:49:55,INDF,RG,6500,1,D,YP,CG,F
14:49:54,INDF,RG,6500,9,D,YP,CG,F
14:49:54,INDF,RG,6500,1,D,YP,CG,F
14:49:54,INDF,RG,6500,100,D,YP,CP,D
14:49:53,INDF,RG,6525,5,F,ZP,PD,D
14:49:53,INDF,RG,6525,1,F,ZP,YP,D
14:49:53,INDF,RG,6525,1,F,ZP,YP,D
14:49:53,INDF,RG,6500,1,D,YP,AK,F
14:49:52,INDF,RG,6500,1,D,YP,CG,F
14:49:52,INDF,RG,6525,3,F,ZP,YP,D
14:49:52,INDF,RG,6525,7,F,ZP,SQ,D
14:49:46,INDF,RG,6500,1,D,YP,CG,F
14:49:46,INDF,RG,6500,1,D,YP,CG,F
14:49:46,INDF,RG,6525,12,F,ZP,SQ,D
14:49:45,INDF,RG,6500,1,D,YP,AK,F
14:49:45,INDF,RG,6500,1,D,YP,CG,F
14:49:45,INDF,RG,6500,7,D,YP,AK,F
14:49:44,INDF,RG,6500,5,D,YP,CG,F
14:49:44,INDF,RG,6500,2,D,NI,CG,F
14:49:44,INDF,RG,6500,5,F,ZP,CG,F
14:49:44,INDF,RG,6525,7,F,ZP,SQ,D
14:49:44,INDF,RG,6525,113,F,ZP,SQ,D
14:49:41,INDF,RG,6500,2,F,ZP,CG,F
14:49:41,INDF,RG,6525,15,F,ZP,SQ,D
14:49:40,INDF,RG,6500,1,F,ZP,CG,F
14:49:40,INDF,RG,6500,1,F,ZP,AK,F
14:49:40,INDF,RG,6500,4,F,ZP,AK,F
14:49:38,INDF,RG,6500,1,F,ZP,CS,F
14:49:37,INDF,RG,6500,6,F,ZP,CG,F
14:49:36,INDF,RG,6525,57,F,ZP,SQ,D
14:49:31,INDF,RG,6500,3,F,ZP,CG,F
14:49:31,INDF,RG,6500,1,F,ZP,YP,D
14:49:30,INDF,RG,6500,23,F,ZP,YU,F
14:49:30,INDF,RG,6500,1,F,ZP,CG,F
14:49:30,INDF,RG,6500,4,F,ZP,AK,F
14:49:30,INDF,RG,6500,2,F,ZP,AK,F
14:49:29,INDF,RG,6500,2,F,ZP,CS,F
14:49:26,INDF,RG,6525,8,F,ZP,SQ,D
14:49:25,INDF,RG,6500,1,F,ZP,CG,F
14:49:25,INDF,RG,6500,1,F,ZP,CG,F
14:49:23,INDF,RG,6500,12,F,ZP,KZ,D
14:49:23,INDF,RG,6500,5,F,ZP,PD,D
14:49:20,INDF,RG,6500,1,F,ZP,CG,F
14:49:20,INDF,RG,6500,2,F,ZP,CS,F
14:49:15,INDF,RG,6500,5,F,ZP,AK,F
14:49:10,INDF,RG,6500,1,F,ZP,CG,F
14:49:10,INDF,RG,6500,12,F,ZP,ZP,F
14:49:09,INDF,RG,6500,1,F,ZP,CG,F
14:49:08,INDF,RG,6500,1,F,ZP,CS,F
14:49:08,INDF,RG,6500,2,F,ZP,CG,F
14:49:08,INDF,RG,6500,18,F,ZP,ZP,F
14:49:05,INDF,RG,6500,1,F,ZP,CG,F
14:49:04,INDF,RG,6500,4,F,ZP,CG,F
14:49:03,INDF,RG,6500,6,F,ZP,AK,F
14:49:03,INDF,RG,6500,40,D,CC,AK,F
14:49:03,INDF,RG,6500,4,F,ZP,AK,F
14:49:02,INDF,RG,6500,1,F,ZP,CG,F
14:49:02,INDF,RG,6500,1,F,ZP,AK,F
14:49:01,INDF,RG,6500,2,F,ZP,ZP,F
14:49:00,INDF,RG,6500,1,F,ZP,CG,F
14:49:00,INDF,RG,6500,1,F,ZP,AK,F
14:49:00,INDF,RG,6500,2,F,ZP,CG,F
14:49:00,INDF,RG,6500,4,F,ZP,AK,F
14:49:00,INDF,RG,6500,2,F,ZP,CS,F
14:49:00,INDF,RG,6500,1,D,XC,YU,F
14:48:59,INDF,RG,6525,3,F,ZP,SQ,D
14:48:59,INDF,RG,6525,4,F,ZP,SQ,D
14:48:59,INDF,RG,6525,20,F,ZP,SQ,D
14:48:59,INDF,RG,6500,1,D,XC,CG,F
14:48:57,INDF,RG,6500,2,D,XC,PD,D
14:48:54,INDF,RG,6500,2,D,XC,KZ,D
14:48:54,INDF,RG,6500,2,D,XC,KZ,D
14:48:54,INDF,RG,6500,1,D,XC,CG,F
14:48:54,INDF,RG,6500,1,D,XC,AK,F
14:48:54,INDF,RG,6500,3,F,ZP,AK,F
14:48:54,INDF,RG,6500,1,F,ZP,AK,F
14:48:53,INDF,RG,6500,1,F,ZP,CG,F
14:48:52,INDF,RG,6500,4,F,ZP,ZP,F
14:48:52,INDF,RG,6500,12,F,ZP,CG,F
14:48:51,INDF,RG,6525,2,D,ZP,SQ,D
14:48:49,INDF,RG,6500,30,F,ZP,PD,D
14:48:47,INDF,RG,6500,11,F,ZP,KZ,D
14:48:46,INDF,RG,6500,1,F,ZP,CS,F
14:48:45,INDF,RG,6500,1,F,ZP,AK,F
14:48:45,INDF,RG,6500,2,F,ZP,AK,F
14:48:44,INDF,RG,6500,28,F,ZP,AK,F
14:48:41,INDF,RG,6500,2,F,ZP,ZP,F
14:48:41,INDF,RG,6525,1,D,ZP,SQ,D
14:48:31,INDF,RG,6500,3,F,ZP,ZP,F
14:48:30,INDF,RG,6500,1,F,ZP,AK,F
14:48:29,INDF,RG,6500,3,F,ZP,ZP,F
14:48:18,INDF,RG,6525,6,D,XC,SQ,D
14:48:15,INDF,RG,6500,4,F,ZP,AK,F
14:48:15,INDF,RG,6500,1,F,ZP,AK,F
14:48:15,INDF,RG,6500,2,D,AT,AK,F
14:48:14,INDF,RG,6500,3,D,AT,ZP,F
14:48:13,INDF,RG,6500,11,D,AT,KZ,D
14:48:04,INDF,RG,6500,4,D,AT,AK,F
14:48:04,INDF,RG,6500,2,D,KK,AK,F
14:48:04,INDF,RG,6500,27,F,ZP,AK,F
14:48:03,INDF,RG,6500,11,F,ZP,KZ,D
14:48:01,INDF,RG,6500,10,F,ZP,PD,D
14:48:00,INDF,RG,6500,2,F,ZP,AK,F
14:48:00,INDF,RG,6500,2,F,ZP,AK,F
14:47:59,INDF,RG,6500,16,F,ZP,ZP,F
14:47:54,INDF,RG,6500,5,F,ZP,DH,D
14:47:32,INDF,RG,6500,2,F,ZP,YP,D
14:47:30,INDF,RG,6500,2,F,ZP,AK,F
14:47:29,INDF,RG,6500,8,F,ZP,XC,D
14:47:18,INDF,RG,6500,38,F,ZP,AK,F
14:47:15,INDF,RG,6500,23,F,ZP,AK,F
14:47:15,INDF,RG,6500,1,F,ZP,AK,F
14:47:14,INDF,RG,6525,245,D,CC,SQ,D
14:47:14,INDF,RG,6525,5,D,CC,YP,D
14:47:14,INDF,RG,6525,10,D,CC,PD,D
14:47:14,INDF,RG,6525,1,D,CC,SQ,D
14:47:14,INDF,RG,6525,50,D,CC,KK,D
14:47:14,INDF,RG,6525,5,D,CC,XC,D
14:47:14,INDF,RG,6525,1,D,CC,NI,D
14:47:14,INDF,RG,6525,10,D,CC,PD,D
14:47:14,INDF,RG,6525,1,D,CC,NI,D
14:47:14,INDF,RG,6525,2,D,CC,PD,D
14:47:14,INDF,RG,6525,1,D,CC,YP,D
14:47:14,INDF,RG,6525,5,D,CC,XC,D
14:47:14,INDF,RG,6525,3,D,CC,NI,D
14:47:14,INDF,RG,6525,1,D,CC,YP,D
14:47:14,INDF,RG,6525,1,D,CC,PD,D
14:47:14,INDF,RG,6525,81,D,CC,CP,D
14:47:08,INDF,RG,6500,11,F,BK,KZ,D
14:47:06,INDF,RG,6500,15,F,BK,ZP,F
14:47:04,INDF,RG,6500,1,F,BK,YP,D
14:47:04,INDF,RG,6500,1,F,BK,NI,D
14:47:04,INDF,RG,6500,4,D,PD,NI,D
14:47:04,INDF,RG,6500,2,F,ZP,NI,D
14:47:00,INDF,RG,6500,1,F,ZP,AK,F
14:47:00,INDF,RG,6500,9,F,ZP,YU,F
14:46:53,INDF,RG,6500,10,F,ZP,PD,D
14:46:51,INDF,RG,6500,5,F,ZP,XC,D
14:46:45,INDF,RG,6500,4,F,ZP,AK,F
14:46:38,INDF,RG,6500,10,D,CC,KZ,D
14:46:36,INDF,RG,6500,50,D,CC,YJ,D
14:46:32,INDF,RG,6500,1,D,CC,XC,D
14:46:30,INDF,RG,6500,2,D,CC,AK,F
14:46:24,INDF,RG,6500,41,D,CC,AK,F
14:46:15,INDF,RG,6500,2,D,CC,AK,F
14:46:13,INDF,RG,6500,10,D,CC,HP,D
14:46:12,INDF,RG,6500,1,D,CC,ZP,F
14:46:10,INDF,RG,6500,25,D,CC,NI,D
14:46:08,INDF,RG,6500,8,D,CC,KZ,D
14:46:00,INDF,RG,6525,5,D,YP,CP,D
14:46:00,INDF,RG,6500,1,D,CC,AK,F
14:45:53,INDF,RG,6500,22,D,CC,CC,D
14:45:45,INDF,RG,6500,19,D,CC,AK,F
14:45:44,INDF,RG,6500,2,D,CC,XC,D
14:45:35,INDF,RG,6500,45,D,CC,CC,D
14:45:33,INDF,RG,6500,10,D,CC,KZ,D
14:45:16,INDF,RG,6500,5,D,CC,AT,D
14:45:15,INDF,RG,6500,36,D,CC,AK,F
14:45:15,INDF,RG,6500,67,D,CC,CG,F
14:45:15,INDF,RG,6500,2,D,CC,KK,D
14:45:15,INDF,RG,6500,5,D,CC,KZ,D
14:45:15,INDF,RG,6500,186,D,CC,CG,F
14:45:15,INDF,RG,6500,28,D,CC,ZP,F
14:45:01,INDF,RG,6500,2,F,CS,YP,D
14:45:01,INDF,RG,6500,50,D,YP,YP,D
14:45:01,INDF,RG,6500,3,D,CC,YP,D
14:45:01,INDF,RG,6500,14,F,ZP,YP,D
14:45:01,INDF,RG,6500,30,D,AT,YP,D
14:45:01,INDF,RG,6500,119,F,ZP,YP,D
14:45:01,INDF,RG,6500,1,F,CS,YP,D
14:45:01,INDF,RG,6500,6,F,CS,YP,D
14:45:01,INDF,RG,6500,170,D,RF,YP,D
14:45:01,INDF,RG,6500,2,D,CC,YP,D
14:45:01,INDF,RG,6500,63,F,BK,YP,D
14:45:01,INDF,RG,6500,93,F,ZP,YP,D
14:45:01,INDF,RG,6500,21,F,ZP,YP,D
14:45:01,INDF,RG,6500,52,F,ZP,YP,D
14:44:58,INDF,RG,6500,7,F,ZP,KZ,D
14:44:54,INDF,RG,6500,1,F,ZP,DX,D
14:44:54,INDF,RG,6500,9,F,ZP,ZP,F
14:44:50,INDF,RG,6500,31,F,ZP,YJ,D
14:44:50,INDF,RG,6500,19,F,ZP,YJ,D
14:44:45,INDF,RG,6500,29,F,ZP,AK,F
14:44:27,INDF,RG,6500,1,F,ZP,SQ,D
14:44:23,INDF,RG,6500,50,F,ZP,KK,D
14:44:08,INDF,RG,6500,44,F,ZP,SQ,D
14:44:08,INDF,RG,6500,96,F,ZP,SQ,D
14:44:08,INDF,RG,6500,114,F,ZP,SQ,D
14:44:08,INDF,RG,6500,4,F,CS,SQ,D
14:44:08,INDF,RG,6500,1,F,CS,SQ,D
14:44:08,INDF,RG,6500,3,F,CS,SQ,D
14:44:08,INDF,RG,6500,2,F,ZP,SQ,D
14:44:08,INDF,RG,6500,6,F,ZP,SQ,D
14:43:58,INDF,RG,6525,3,D,ZP,CP,D
14:43:58,INDF,RG,6500,2,F,ZP,DH,D
14:43:52,INDF,RG,6500,1,F,ZP,XC,D
14:43:45,INDF,RG,6500,86,D,SQ,AK,F
14:43:44,INDF,RG,6500,2,D,SQ,XC,D
14:43:44,INDF,RG,6500,102,D,SQ,CG,F
14:43:44,INDF,RG,6500,25,D,SQ,IF,D
14:43:44,INDF,RG,6500,1,D,SQ,ZP,F
14:43:44,INDF,RG,6500,21,D,SQ,ZP,F
14:43:44,INDF,RG,6500,10,D,SQ,CG,F
14:43:44,INDF,RG,6500,10,D,SQ,CS,F
14:43:44,INDF,RG,6500,6,D,SQ,AK,F
14:43:44,INDF,RG,6500,63,D,SQ,AK,F
14:43:44,INDF,RG,6500,133,D,SQ,AK,F
14:43:44,INDF,RG,6500,1,D,SQ,XA,D
14:43:44,INDF,RG,6500,10,D,SQ,DH,D
14:43:44,INDF,RG,6500,16,D,SQ,CC,D
14:43:44,INDF,RG,6500,14,D,SQ,BF,D
14:43:42,INDF,RG,6500,1,D,NI,BF,D
14:43:37,INDF,RG,6500,10,D,HP,BF,D
14:43:30,INDF,RG,6500,1,F,CS,BF,D
14:43:30,INDF,RG,6500,1,F,CS,BF,D
14:43:30,INDF,RG,6500,1,F,CS,BF,D
14:43:29,INDF,RG,6500,472,D,CC,BF,D
14:43:29,INDF,RG,6500,49,D,CC,KK,D
14:43:29,INDF,RG,6500,3,D,CC,NI,D
14:43:29,INDF,RG,6500,10,D,CC,CC,D
14:43:29,INDF,RG,6500,100,D,CC,OD,D
14:43:29,INDF,RG,6500,5,D,CC,CC,D
14:43:29,INDF,RG,6500,17,D,CC,CG,F
14:43:29,INDF,RG,6500,100,D,CC,YJ,D
14:43:29,INDF,RG,6500,15,D,CC,DR,D
14:43:29,INDF,RG,6500,5,D,CC,HP,D
14:43:29,INDF,RG,6500,10,D,CC,CC,D
14:43:29,INDF,RG,6500,5,D,CC,PD,D
14:43:29,INDF,RG,6500,1,D,CC,DX,D
14:43:29,INDF,RG,6500,3,D,CC,XC,D
14:43:29,INDF,RG,6500,21,D,CC,ZP,F
14:43:29,INDF,RG,6500,2,D,CC,YP,D
14:43:29,INDF,RG,6500,101,D,CC,CG,F
14:43:29,INDF,RG,6500,1,D,CC,YP,D
14:43:29,INDF,RG,6500,20,D,CC,XC,D
14:43:29,INDF,RG,6500,10,D,CC,ZP,D
14:43:29,INDF,RG,6500,1,D,CC,CC,D
14:43:29,INDF,RG,6500,3,D,CC,AK,F
14:43:29,INDF,RG,6500,17,D,CC,CS,F
14:43:29,INDF,RG,6500,24,D,CC,AK,F
14:43:29,INDF,RG,6500,5,D,CC,OD,D
14:43:27,INDF,RG,6475,5,D,AZ,DH,D
14:43:25,INDF,RG,6500,10,D,YP,OD,D
14:43:25,INDF,RG,6500,20,D,YP,DR,D
14:43:18,INDF,RG,6500,5,D,XC,DR,D
14:43:09,INDF,RG,6500,6,F,ZP,DR,D
14:43:05,INDF,RG,6500,1,F,CS,DR,D
14:42:56,INDF,RG,6500,2,D,YP,DR,D
14:42:54,INDF,RG,6500,3,F,CS,DR,D
14:42:52,INDF,RG,6500,3,F,ZP,DR,D
14:42:52,INDF,RG,6500,19,F,ZP,PD,D
14:42:37,INDF,RG,6500,1,D,YP,PD,D
14:42:37,INDF,RG,6500,1,D,YP,AK,F
14:42:37,INDF,RG,6500,5,D,YP,AK,F
14:42:37,INDF,RG,6500,3,D,YP,CC,D
14:42:37,INDF,RG,6500,4,D,YP,IF,D
14:42:29,INDF,RG,6500,15,D,YP,IF,D
14:42:24,INDF,RG,6500,1,F,CS,IF,D
14:42:18,INDF,RG,6500,3,D,NI,IF,D
14:41:42,INDF,RG,6500,1,F,CS,IF,D
14:41:42,INDF,RG,6500,3,F,CS,IF,D
14:41:41,INDF,RG,6500,3,D,YP,IF,D
14:41:41,INDF,RG,6500,7,D,YP,IF,D
14:41:27,INDF,RG,6500,18,D,XC,IF,D
14:41:27,INDF,RG,6500,5,D,XC,XC,D
14:41:27,INDF,RG,6500,2,D,XC,KK,D
14:41:02,INDF,RG,6475,1,D,AZ,DX,D
14:41:00,INDF,RG,6475,5,D,AZ,YU,F
14:41:00,INDF,RG,6475,5,D,DR,YU,F
14:41:00,INDF,RG,6475,3,D,CC,YU,F
14:40:53,INDF,RG,6500,1,F,CS,AK,F
14:40:53,INDF,RG,6500,4,F,ZP,AK,F
14:40:53,INDF,RG,6500,13,F,ZP,AK,F
14:40:52,INDF,RG,6500,130,D,RF,AK,F
14:40:52,INDF,RG,6500,1,D,RF,AK,F
14:40:52,INDF,RG,6500,17,D,RF,AK,F
14:40:52,INDF,RG,6500,22,D,RF,AK,F
14:40:52,INDF,RG,6500,122,D,CC,AK,F
14:40:52,INDF,RG,6500,51,D,CC,CG,F
14:40:52,INDF,RG,6500,300,D,CC,GR,D
14:40:52,INDF,RG,6500,16,D,CC,XC,D
14:40:52,INDF,RG,6500,22,D,CC,PD,D
14:40:52,INDF,RG,6500,2,D,CC,CC,D
14:40:52,INDF,RG,6500,16,D,CC,YP,D
14:40:52,INDF,RG,6500,5,D,CC,DR,D
14:40:52,INDF,RG,6500,100,D,CC,YU,D
14:40:52,INDF,RG,6500,2,D,CC,EL,D
14:40:52,INDF,RG,6500,47,D,CC,DH,D
14:40:52,INDF,RG,6500,1,D,CC,CC,D
14:40:52,INDF,RG,6500,200,D,CC,CG,F
14:40:52,INDF,RG,6500,25,D,CC,ZP,F
14:40:52,INDF,RG,6500,3,D,CC,CS,F
14:40:52,INDF,RG,6500,9,D,CC,CS,F
14:40:52,INDF,RG,6500,79,D,CC,KK,D
14:40:50,INDF,RG,6500,1,D,SQ,KK,D
14:40:48,INDF,RG,6500,53,D,NI,KK,D
14:40:30,INDF,RG,6475,2,D,CC,ZP,F
14:40:30,INDF,RG,6475,4,D,AT,ZP,F
14:40:30,INDF,RG,6475,1,D,PD,ZP,F
14:40:30,INDF,RG,6475,21,D,LG,ZP,F
14:40:30,INDF,RG,6500,3,D,ZP,KK,D
14:40:15,INDF,RG,6475,9,D,LG,PD,D
14:40:15,INDF,RG,6475,1,D,NI,PD,D
14:40:15,INDF,RG,6475,6,D,NI,PD,D
14:40:07,INDF,RG,6475,5,D,NI,DR,D
14:39:45,INDF,RG,6500,54,F,ZP,KK,D
14:39:44,INDF,RG,6500,14,F,ZP,KK,D
14:39:20,INDF,RG,6500,24,D,NI,KK,D
14:39:16,INDF,RG,6500,250,D,CC,KK,D
14:39:03,INDF,RG,6475,29,D,NI,ZP,F
14:37:54,INDF,RG,6475,1,D,NI,DX,D
14:37:50,INDF,RG,6500,1,D,CC,KK,D
14:37:48,INDF,RG,6500,11,D,NI,KK,D
14:37:32,INDF,RG,6475,4,D,NI,ZP,F
14:37:32,INDF,RG,6475,1,D,PD,ZP,F
14:37:32,INDF,RG,6475,20,D,PD,ZP,F
14:37:32,INDF,RG,6475,1,D,YP,ZP,F
14:37:32,INDF,RG,6475,2,D,CC,ZP,F
14:37:32,INDF,RG,6475,6,D,XC,ZP,F
14:37:00,INDF,RG,6475,1,D,CC,YU,F
14:37:00,INDF,RG,6475,10,D,CC,YU,F
14:36:55,INDF,RG,6500,5,D,PD,KK,D
14:36:50,INDF,RG,6500,1,D,NI,KK,D
14:36:50,INDF,RG,6475,1,D,CC,KK,D
14:36:37,INDF,RG,6500,9,D,NI,KK,D
14:36:37,INDF,RG,6475,16,D,CC,XC,D
14:36:06,INDF,RG,6500,2,D,HD,KK,D
14:35:47,INDF,RG,6475,1,D,CC,ZP,F
14:35:14,INDF,RG,6500,77,D,NI,KK,D
14:35:11,INDF,RG,6500,2,F,CS,KK,D
14:35:11,INDF,RG,6500,2,F,CS,KK,D
14:35:11,INDF,RG,6500,1,F,CS,KK,D
14:35:10,INDF,RG,6500,3,F,CS,KK,D
14:35:10,INDF,RG,6500,20,D,XC,KK,D
14:35:10,INDF,RG,6500,2,F,ZP,KK,D
14:35:10,INDF,RG,6500,14,F,ZP,KK,D
14:35:10,INDF,RG,6500,2,F,CS,KK,D
14:35:10,INDF,RG,6500,1,F,CS,KK,D
14:35:10,INDF,RG,6500,2,F,CS,KK,D
14:35:10,INDF,RG,6500,5,D,ZP,KK,D
14:35:10,INDF,RG,6500,3,D,ZP,SQ,D
14:35:04,INDF,RG,6500,5,D,ZP,KK,D
14:34:59,INDF,RG,6500,1,D,ZP,XA,D
14:34:58,INDF,RG,6500,2,D,ZP,YP,F
14:34:58,INDF,RG,6500,6,F,CS,YP,F
14:34:58,INDF,RG,6500,42,F,ZP,YP,F
14:34:55,INDF,RG,6500,20,F,ZP,YP,D
14:34:52,INDF,RG,6500,45,F,ZP,XA,D
14:34:51,INDF,RG,6500,1,F,ZP,LS,D
14:34:47,INDF,RG,6500,10,F,ZP,AK,F
14:34:47,INDF,RG,6500,31,F,ZP,AK,F
14:34:41,INDF,RG,6500,50,F,ZP,YP,F
14:33:47,INDF,RG,6500,177,F,ZP,AK,F
14:33:46,INDF,RG,6500,1,F,ZP,XC,D
14:33:41,INDF,RG,6500,2,F,ZP,CS,F
14:33:41,INDF,RG,6500,2,F,ZP,CS,F
14:33:41,INDF,RG,6500,4,F,ZP,CS,F
14:33:41,INDF,RG,6500,4,F,ZP,CS,F
14:33:41,INDF,RG,6500,15,F,ZP,CG,F
14:33:41,INDF,RG,6500,6,F,ZP,ZP,F
14:33:40,INDF,RG,6500,1,F,ZP,ZP,F
14:33:40,INDF,RG,6500,1,F,ZP,ZP,F
14:33:40,INDF,RG,6500,2,F,ZP,CS,F
14:33:40,INDF,RG,6500,39,F,AK,CG,F
14:33:40,INDF,RG,6500,5,F,AK,AK,F
14:33:40,INDF,RG,6500,83,F,AK,AK,F
14:33:40,INDF,RG,6500,25,F,AK,IF,D
14:33:40,INDF,RG,6500,30,F,AK,CG,F
14:33:40,INDF,RG,6500,5,F,AK,CC,D
14:33:40,INDF,RG,6500,3,F,AK,CS,F
14:33:40,INDF,RG,6500,7,F,AK,CS,F
14:33:40,INDF,RG,6500,5,F,AK,CC,D
14:33:40,INDF,RG,6500,15,F,AK,YP,D
14:33:40,INDF,RG,6500,1,F,AK,DX,D
14:33:40,INDF,RG,6500,1,F,AK,XC,D
14:33:40,INDF,RG,6500,1,F,AK,PD,D
14:33:40,INDF,RG,6500,50,F,AK,IF,D
14:33:40,INDF,RG,6500,2,F,AK,CC,D
14:33:40,INDF,RG,6500,4,F,AK,CC,D
14:33:40,INDF,RG,6500,3,F,AK,CS,F
14:33:40,INDF,RG,6500,3,F,AK,CS,F
14:33:40,INDF,RG,6500,16,F,AK,ZP,F
14:33:40,INDF,RG,6500,2,F,AK,XC,D
14:33:40,INDF,RG,6500,2,F,AK,YP,D
14:33:40,INDF,RG,6500,10,F,AK,PD,D
14:33:40,INDF,RG,6500,8,F,AK,AK,F
14:33:40,INDF,RG,6500,48,F,AK,AK,F
14:33:40,INDF,RG,6500,5,F,AK,YP,D
14:33:40,INDF,RG,6500,103,F,AK,CG,F
14:33:40,INDF,RG,6500,1,F,AK,AK,F
14:33:40,INDF,RG,6500,1,F,AK,ZP,F
14:33:40,INDF,RG,6500,62,F,AK,AK,F
14:33:39,INDF,RG,6500,15,D,PD,AK,F
14:33:34,INDF,RG,6500,2,F,CS,AK,F
14:33:33,INDF,RG,6475,23,D,CC,ZP,F
14:33:24,INDF,RG,6500,9,F,ZP,AK,F
14:33:24,INDF,RG,6500,27,F,ZP,AK,F
14:33:24,INDF,RG,6500,54,D,CC,AK,F
14:33:24,INDF,RG,6500,1,D,CC,LG,D
14:33:24,INDF,RG,6500,1,D,CC,PD,D
14:33:24,INDF,RG,6500,162,D,CC,CG,F
14:33:24,INDF,RG,6500,9,D,CC,XC,D
14:33:24,INDF,RG,6500,6,D,CC,PD,D
14:33:24,INDF,RG,6500,50,D,CC,GR,D
14:33:24,INDF,RG,6500,5,D,CC,OD,D
14:33:24,INDF,RG,6500,27,D,CC,XC,D
14:33:24,INDF,RG,6500,1,D,CC,CS,F
14:33:24,INDF,RG,6500,6,D,CC,CS,F
14:33:24,INDF,RG,6500,4,D,CC,KK,D
14:33:24,INDF,RG,6500,3,D,CC,PD,D
14:33:24,INDF,RG,6500,1,D,CC,YP,D
14:33:24,INDF,RG,6500,25,D,CC,IF,D
14:33:24,INDF,RG,6500,50,D,CC,CC,D
14:33:24,INDF,RG,6500,5,D,CC,PD,D
14:33:24,INDF,RG,6500,7,D,CC,NI,D
14:33:24,INDF,RG,6500,20,D,CC,PD,D
14:33:24,INDF,RG,6500,25,D,CC,IF,D
14:33:24,INDF,RG,6500,25,D,CC,GR,D
14:33:24,INDF,RG,6500,1,D,CC,CS,F
14:33:24,INDF,RG,6500,2,D,CC,CS,F
14:33:24,INDF,RG,6500,4,D,CC,CS,F
14:33:24,INDF,RG,6500,1,D,CC,CS,F
14:33:24,INDF,RG,6500,1,D,CC,XC,D
14:33:24,INDF,RG,6500,3,D,CC,CC,D
14:33:24,INDF,RG,6500,8,D,CC,PD,D
14:33:24,INDF,RG,6500,20,D,CC,GR,D
14:33:24,INDF,RG,6500,253,D,CC,CG,F
14:33:24,INDF,RG,6500,5,D,CC,CC,D
14:33:24,INDF,RG,6500,1,D,CC,OD,D
14:33:24,INDF,RG,6500,4,D,CC,AK,F
14:33:24,INDF,RG,6500,62,D,CC,AK,F
14:33:24,INDF,RG,6500,2,D,CC,SQ,D
14:33:24,INDF,RG,6500,10,D,CC,YP,D
14:33:24,INDF,RG,6500,52,D,CC,CG,F
14:33:24,INDF,RG,6500,84,D,CC,HP,D
14:32:39,INDF,RG,6500,3,F,CS,HP,D
14:32:18,INDF,RG,6475,23,D,CC,ZP,F
14:31:47,INDF,RG,6475,1,D,CC,DR,D
14:31:25,INDF,RG,6475,1,D,CC,DX,D
14:31:01,INDF,RG,6500,170,D,RF,HP,D
14:31:00,INDF,RG,6475,23,D,CC,ZP,F
14:30:18,INDF,RG,6500,4,F,CS,HP,D
14:30:16,INDF,RG,6500,30,D,XC,HP,D
14:30:09,INDF,RG,6475,11,D,CC,YP,D
14:30:01,INDF,RG,6475,1,D,CC,YP,D
14:30:00,INDF,RG,6475,12,D,CC,YU,F
14:29:53,INDF,RG,6475,30,D,CC,NI,D
14:29:33,INDF,RG,6475,1,D,CC,ZP,F
14:29:24,INDF,RG,6500,100,D,CC,HP,D
14:29:21,INDF,RG,6500,20,F,ZP,HP,D
14:29:21,INDF,RG,6500,89,D,CC,HP,D
14:29:21,INDF,RG,6500,5,D,CC,CS,F
14:29:21,INDF,RG,6500,34,D,CC,CC,D
14:29:21,INDF,RG,6500,1,D,CC,PD,D
14:29:21,INDF,RG,6500,22,D,CC,ZP,F
14:29:21,INDF,RG,6500,30,D,CC,IF,D
14:29:21,INDF,RG,6500,57,D,CC,CG,F
14:29:21,INDF,RG,6500,1,D,CC,ZP,F
14:29:21,INDF,RG,6500,41,D,CC,AK,F
14:29:21,INDF,RG,6500,1,D,CC,AK,F
14:29:21,INDF,RG,6500,7,D,CC,AK,F
14:29:21,INDF,RG,6500,79,D,CC,AK,F
14:29:21,INDF,RG,6500,52,D,CC,CG,F
14:29:21,INDF,RG,6500,81,D,CC,YJ,D
14:29:18,INDF,RG,6475,346,D,CC,CC,D
14:29:18,INDF,RG,6475,1,D,CC,CC,D
14:29:18,INDF,RG,6475,3,D,DR,CC,D
14:29:07,INDF,RG,6500,16,D,NI,YJ,D
14:28:15,INDF,RG,6475,1,D,DR,DX,D
14:28:14,INDF,RG,6475,1,D,DR,ZP,F
14:28:14,INDF,RG,6475,1,D,PD,ZP,F
14:28:14,INDF,RG,6475,22,F,ZP,ZP,F
14:27:53,INDF,RG,6500,3,F,CS,YJ,D
14:27:45,INDF,RG,6475,1,F,ZP,AK,F
14:27:36,INDF,RG,6475,11,F,ZP,PD,D
14:27:33,INDF,RG,6500,1,D,XC,YJ,D
14:27:30,INDF,RG,6475,3,F,ZP,AK,F
14:27:00,INDF,RG,6475,4,F,ZP,AK,F
14:27:00,INDF,RG,6475,2,D,CC,AK,F
14:27:00,INDF,RG,6475,75,D,NI,AK,F
14:27:00,INDF,RG,6475,2,D,KK,AK,F
14:27:00,INDF,RG,6475,22,D,YP,AK,F
14:26:56,INDF,RG,6500,1,D,XC,YJ,D
14:26:56,INDF,RG,6475,25,D,YP,ZP,F
14:26:51,INDF,RG,6475,13,D,YP,LG,D
14:26:51,INDF,RG,6475,5,F,ZP,LG,D
14:26:28,INDF,RG,6500,1,D,XC,YJ,D
14:26:20,INDF,RG,6475,1,F,ZP,PD,D
14:26:17,INDF,RG,6475,2,F,ZP,YP,D
14:25:52,INDF,RG,6475,1,F,ZP,YP,D
14:25:45,INDF,RG,6475,3,F,ZP,AK,F
14:25:33,INDF,RG,6475,28,F,ZP,ZP,F
14:24:56,INDF,RG,6475,1,F,ZP,YB,D
14:24:54,INDF,RG,6475,1,F,ZP,DX,D
14:24:50,INDF,RG,6475,29,F,ZP,CG,F
14:24:49,INDF,RG,6500,697,D,CC,YJ,D
14:24:49,INDF,RG,6500,303,D,CC,CG,F
14:24:41,INDF,RG,6500,2,D,NI,CG,F
14:24:32,INDF,RG,6475,1,F,ZP,PD,D
14:24:16,INDF,RG,6475,8,F,ZP,CG,F
14:23:58,INDF,RG,6500,8,D,XC,CG,F
14:23:58,INDF,RG,6500,1,D,XC,CS,F
14:23:58,INDF,RG,6500,2,D,XC,CS,F
14:23:58,INDF,RG,6500,3,D,XC,KK,D
14:23:58,INDF,RG,6500,6,D,XC,YP,D
14:23:58,INDF,RG,6475,15,F,ZP,ZP,F
14:23:58,INDF,RG,6475,2,D,PD,ZP,F
14:23:58,INDF,RG,6475,1,D,PD,ZP,F
14:23:58,INDF,RG,6475,4,D,PD,ZP,F
14:23:58,INDF,RG,6475,9,F,ZP,ZP,F
14:23:57,INDF,RG,6475,20,F,ZP,PD,D
14:23:57,INDF,RG,6475,69,F,ZP,CG,F
14:23:57,INDF,RG,6475,1,D,PD,CG,F
14:23:57,INDF,RG,6475,32,D,YP,CG,F
14:23:42,INDF,RG,6500,9,D,ZP,YP,D
14:23:42,INDF,RG,6500,141,F,ZP,YP,D
14:23:42,INDF,RG,6500,2,D,XC,YP,D
14:23:42,INDF,RG,6500,10,D,AZ,YP,D
14:23:42,INDF,RG,6500,40,D,YP,YP,D
14:23:42,INDF,RG,6500,1,D,NI,YP,D
14:23:42,INDF,RG,6500,1,D,XC,YP,D
14:23:42,INDF,RG,6500,1,D,PD,YP,D
14:23:42,INDF,RG,6500,2,D,PD,YP,D
14:23:42,INDF,RG,6500,1,D,XC,YP,D
14:23:42,INDF,RG,6500,1,D,YP,YP,D
14:23:42,INDF,RG,6500,114,F,ZP,YP,D
14:23:42,INDF,RG,6500,2,D,PD,YP,D
14:23:42,INDF,RG,6500,2,D,CC,YP,D
14:23:42,INDF,RG,6500,10,D,YP,YP,D
14:23:42,INDF,RG,6500,3,D,DR,YP,D
14:23:42,INDF,RG,6500,100,D,PD,YP,D
14:23:42,INDF,RG,6500,8,F,ZP,YP,D
14:23:42,INDF,RG,6500,55,F,ZP,YP,D
14:23:42,INDF,RG,6500,2,D,YP,YP,D
14:23:42,INDF,RG,6500,2,D,PD,YP,D
14:23:42,INDF,RG,6500,5,D,HP,YP,D
14:23:42,INDF,RG,6500,110,F,ZP,YP,D
14:23:42,INDF,RG,6500,1,D,KK,YP,D
14:23:42,INDF,RG,6500,1,D,NI,YP,D
14:23:42,INDF,RG,6500,370,D,CC,YP,D
14:23:40,INDF,RG,6500,4,D,CC,AI,D
14:23:38,INDF,RG,6500,9,D,CC,CG,F
14:23:37,INDF,RG,6500,17,D,CC,AK,F
14:23:37,INDF,RG,6500,169,D,CC,AK,F
14:23:37,INDF,RG,6500,4,D,XC,AK,F
14:23:37,INDF,RG,6500,20,D,YP,AK,F
14:23:37,INDF,RG,6500,3,D,AZ,AK,F
14:23:37,INDF,RG,6500,5,D,PD,AK,F
14:23:37,INDF,RG,6500,1,D,XC,AK,F
14:23:37,INDF,RG,6500,1,D,XC,AK,F
14:23:37,INDF,RG,6500,10,D,XC,AK,F
14:23:37,INDF,RG,6500,87,F,ZP,AK,F
14:23:37,INDF,RG,6500,9,F,ZP,CS,F
14:23:36,INDF,RG,6500,22,F,ZP,AO,D
14:23:36,INDF,RG,6500,5,D,NI,AO,D
14:23:36,INDF,RG,6500,1,D,CC,AO,D
14:23:36,INDF,RG,6500,15,F,ZP,AO,D
14:23:36,INDF,RG,6500,20,D,OD,AO,D
14:23:36,INDF,RG,6500,4,D,AT,AO,D
14:23:36,INDF,RG,6500,13,D,XC,AO,D
14:23:36,INDF,RG,6500,4,D,NI,AO,D
14:23:36,INDF,RG,6500,2,D,XC,AO,D
14:23:36,INDF,RG,6500,2,D,XC,AO,D
14:23:36,INDF,RG,6500,3,D,ZP,AO,D
14:23:36,INDF,RG,6500,2,D,XC,AO,D
14:23:36,INDF,RG,6500,5,D,XC,AO,D
14:23:36,INDF,RG,6500,170,D,RF,AO,D
14:23:36,INDF,RG,6500,20,D,OD,AO,D
14:23:36,INDF,RG,6500,20,D,OD,AO,D
14:23:36,INDF,RG,6500,2,D,XC,AO,D
14:23:36,INDF,RG,6500,1,D,XC,AO,D
14:23:36,INDF,RG,6500,2,D,XC,AO,D
14:23:36,INDF,RG,6500,2,F,CS,AO,D
14:23:36,INDF,RG,6500,25,D,YP,AO,D
14:23:36,INDF,RG,6500,1,D,NI,AO,D
14:23:36,INDF,RG,6500,29,D,XC,AO,D
14:23:36,INDF,RG,6500,80,D,SQ,AO,D
14:23:36,INDF,RG,6500,1,D,EP,AO,D
14:23:36,INDF,RG,6500,5,F,CS,AO,D
14:23:36,INDF,RG,6500,10,D,DR,AO,D
14:23:36,INDF,RG,6500,70,D,YP,AO,D
14:23:36,INDF,RG,6500,107,F,ZP,AO,D
14:23:36,INDF,RG,6500,1,D,BQ,AO,D
14:23:36,INDF,RG,6500,1,D,NI,AO,D
14:23:36,INDF,RG,6500,2,D,YP,AO,D
14:23:36,INDF,RG,6500,20,D,NI,AO,D
14:23:36,INDF,RG,6500,4,D,NI,AO,D
14:23:36,INDF,RG,6500,1,F,CS,AO,D
14:23:36,INDF,RG,6500,10,D,YP,AO,D
14:23:36,INDF,RG,6500,50,D,CC,AO,D
14:23:36,INDF,RG,6500,95,F,ZP,AO,D
14:23:36,INDF,RG,6500,1,D,AZ,AO,D
14:23:36,INDF,RG,6500,100,D,YP,AO,D
14:23:36,INDF,RG,6500,1,D,NI,AO,D
14:23:36,INDF,RG,6500,4,F,CS,AO,D
14:23:36,INDF,RG,6500,100,D,CC,AO,D
14:23:36,INDF,RG,6500,2,D,PD,AO,D
14:23:36,INDF,RG,6500,79,F,ZP,AO,D
14:23:36,INDF,RG,6500,15,F,ZP,AO,D
14:23:36,INDF,RG,6500,5,D,SQ,AO,D
14:23:36,INDF,RG,6500,10,D,XC,AO,D
14:23:36,INDF,RG,6500,1,D,PD,AO,D
14:23:36,INDF,RG,6500,100,D,YP,AO,D
14:23:36,INDF,RG,6500,92,F,ZP,AO,D
14:23:36,INDF,RG,6500,50,D,YP,AO,D
14:23:36,INDF,RG,6500,2,D,XC,AO,D
14:23:36,INDF,RG,6500,40,D,CP,AO,D
14:23:36,INDF,RG,6500,50,F,ZP,AO,D
14:23:36,INDF,RG,6500,100,D,GR,AO,D
14:23:36,INDF,RG,6500,1,D,XC,AO,D
14:23:36,INDF,RG,6500,2,F,CS,AO,D
14:23:36,INDF,RG,6500,1,D,PD,AO,D
14:23:36,INDF,RG,6500,1,D,AZ,AO,D
14:23:36,INDF,RG,6500,1,D,YB,AO,D
14:23:36,INDF,RG,6500,4,D,TF,AO,D
14:23:36,INDF,RG,6500,4,F,CS,AO,D
14:23:36,INDF,RG,6500,99,F,ZP,AO,D
14:23:36,INDF,RG,6500,1,D,HP,AO,D
14:23:36,INDF,RG,6500,10,D,YP,AO,D
14:23:36,INDF,RG,6500,1,D,PD,AO,D
14:23:36,INDF,RG,6500,2,D,BQ,AO,D
14:23:36,INDF,RG,6500,2,D,CC,AO,D
14:23:36,INDF,RG,6500,31,D,YP,AO,D
14:23:36,INDF,RG,6500,10,D,YP,AO,D
14:23:36,INDF,RG,6500,126,F,ZP,AO,D
14:23:36,INDF,RG,6500,2,D,AT,AO,D
14:23:36,INDF,RG,6500,4,F,CS,AO,D
14:23:36,INDF,RG,6500,5,D,ZP,AO,D
14:23:36,INDF,RG,6500,10,D,KK,AO,D
14:23:36,INDF,RG,6500,10,D,YP,AO,D
14:23:36,INDF,RG,6500,1,D,PD,AO,D
14:23:36,INDF,RG,6500,87,F,ZP,AO,D
14:23:36,INDF,RG,6500,1,F,CS,AO,D
14:23:36,INDF,RG,6500,1,D,DH,AO,D
14:23:36,INDF,RG,6500,4,F,CS,AO,D
14:23:25,INDF,RG,6525,16,F,CS,CP,D
14:23:00,INDF,RG,6500,2,F,CS,AK,F
14:23:00,INDF,RG,6500,3,D,CC,AK,F
14:22:56,INDF,RG,6500,1,D,CC,YP,D
14:22:47,INDF,RG,6500,100,D,CC,CC,D
14:22:38,INDF,RG,6500,3,D,CC,YP,D
14:22:34,INDF,RG,6500,500,D,CC,NI,D
14:22:30,INDF,RG,6500,41,D,CC,YP,D
14:22:28,INDF,RG,6500,2,D,CC,YP,D
14:22:16,INDF,RG,6500,32,D,CC,ZP,F
14:22:10,INDF,RG,6500,2,D,CC,OD,D
14:22:00,INDF,RG,6500,128,D,CC,AK,F
14:21:58,INDF,RG,6500,10,D,CC,IF,D
14:21:57,INDF,RG,6525,25,D,CC,CP,D
14:21:38,INDF,RG,6500,1,D,CC,DX,D
14:21:36,INDF,RG,6525,4,D,XC,CP,D
14:20:37,INDF,RG,6525,7,F,CS,CP,D
14:20:35,INDF,RG,6525,30,D,CC,CP,D
14:20:35,INDF,RG,6500,12,D,CC,XA,D
14:20:32,INDF,RG,6500,10,D,CC,YP,D
14:20:30,INDF,RG,6500,33,D,CC,ZP,F
14:20:25,INDF,RG,6500,5,D,CC,CC,D
14:20:15,INDF,RG,6500,2,D,CC,YP,D
14:20:07,INDF,RG,6500,50,D,CC,YP,D
14:20:07,INDF,RG,6500,10,D,CC,PD,D
14:20:00,INDF,RG,6500,55,D,CC,XC,D
14:20:00,INDF,RG,6500,1,D,KK,XC,D
14:20:00,INDF,RG,6500,7,F,ZP,XC,D
14:20:00,INDF,RG,6500,99,F,ZP,XC,D
14:20:00,INDF,RG,6500,20,D,NI,XC,D
14:20:00,INDF,RG,6500,1,D,XC,XC,D
14:20:00,INDF,RG,6500,41,F,ZP,XC,D
14:19:59,INDF,RG,6500,2,F,ZP,NI,D
14:19:36,INDF,RG,6500,3,F,ZP,LS,D
14:19:18,INDF,RG,6525,29,D,CC,CP,D
14:19:18,INDF,RG,6525,2,D,CC,DH,D
14:19:18,INDF,RG,6525,1,D,CC,PD,D
14:19:18,INDF,RG,6525,3,D,CC,KK,D
14:19:18,INDF,RG,6525,5,D,CC,KK,D
14:19:02,INDF,RG,6500,11,F,ZP,CS,F
14:19:00,INDF,RG,6500,11,F,ZP,YU,F
14:18:41,INDF,RG,6500,33,F,ZP,ZP,F
14:18:30,INDF,RG,6525,1,D,PD,PD,D
14:18:30,INDF,RG,6525,1,D,PD,PD,D
14:18:30,INDF,RG,6525,13,D,PD,SQ,D
14:18:29,INDF,RG,6500,1,F,ZP,DX,D
14:18:16,INDF,RG,6500,10,F,ZP,YP,D
14:18:15,INDF,RG,6500,3,F,ZP,AK,F
14:18:12,INDF,RG,6525,3,D,KK,SQ,D
14:17:52,INDF,RG,6525,34,D,RF,SQ,D
14:17:52,INDF,RG,6525,1,D,RF,DR,D
14:17:52,INDF,RG,6525,1,D,RF,LS,D
14:17:52,INDF,RG,6525,1,D,RF,KK,D
14:17:52,INDF,RG,6525,1,D,RF,PD,D
14:17:52,INDF,RG,6525,4,D,RF,DH,D
14:17:52,INDF,RG,6525,4,D,RF,PD,D
14:17:52,INDF,RG,6525,50,D,RF,YP,D
14:17:52,INDF,RG,6525,5,D,RF,SQ,D
14:17:52,INDF,RG,6525,1,D,RF,PD,D
14:17:52,INDF,RG,6525,2,D,RF,PD,D
14:17:52,INDF,RG,6525,1,D,RF,PD,D
14:17:52,INDF,RG,6525,1,D,RF,AT,D
14:17:52,INDF,RG,6525,1,D,RF,NI,D
14:17:52,INDF,RG,6525,15,D,RF,KK,D
14:17:52,INDF,RG,6525,18,D,RF,GR,D
14:17:52,INDF,RG,6525,30,D,RF,YP,D
14:17:45,INDF,RG,6500,1,F,ZP,AK,F
14:17:44,INDF,RG,6500,1,F,ZP,XC,D
14:17:29,INDF,RG,6500,1,F,ZP,HP,D
14:17:20,INDF,RG,6500,1,F,ZP,YP,D
14:17:19,INDF,RG,6525,11,F,ZP,YP,D
14:17:18,INDF,RG,6500,2,F,ZP,CC,D
14:17:18,INDF,RG,6500,3,F,CS,CC,D
14:17:18,INDF,RG,6500,1,F,CS,KK,D
14:17:18,INDF,RG,6500,2,D,YP,KK,D
14:17:16,INDF,RG,6500,3,D,YP,XC,D
14:17:04,INDF,RG,6500,2,D,YP,PD,D
14:17:00,INDF,RG,6500,33,D,YP,AK,F
14:17:00,INDF,RG,6500,14,F,ZP,AK,F
14:16:50,INDF,RG,6500,37,F,ZP,ZP,F
14:16:48,INDF,RG,6500,5,F,ZP,YP,D
14:16:44,INDF,RG,6500,10,F,ZP,CC,D
14:16:30,INDF,RG,6500,3,F,ZP,AK,F
14:16:27,INDF,RG,6500,5,F,ZP,AZ,D
14:16:23,INDF,RG,6500,34,F,ZP,KK,D
14:16:22,INDF,RG,6500,1,F,ZP,AG,D
14:16:19,INDF,RG,6500,1,F,ZP,OD,D
14:16:19,INDF,RG,6500,10,D,XC,OD,D
14:16:19,INDF,RG,6500,4,D,CC,OD,D
14:16:15,INDF,RG,6500,1,D,CC,XC,D
14:16:14,INDF,RG,6500,5,D,CC,YP,D
14:16:14,INDF,RG,6500,1,F,CS,YP,D
14:16:14,INDF,RG,6500,3,D,GR,YP,D
14:16:14,INDF,RG,6525,7,F,CS,YP,D
14:15:46,INDF,RG,6500,5,D,GR,AI,D
14:15:45,INDF,RG,6500,8,D,GR,XA,D
14:15:30,INDF,RG,6500,25,D,GR,IF,D
14:15:30,INDF,RG,6500,9,D,GR,AK,F
14:15:30,INDF,RG,6500,10,D,KK,AK,F
14:15:30,INDF,RG,6500,13,F,ZP,AK,F
14:15:30,INDF,RG,6500,15,F,ZP,AK,F
14:15:28,INDF,RG,6500,5,F,ZP,CC,D
14:15:27,INDF,RG,6500,3,F,ZP,PD,D
14:15:27,INDF,RG,6500,4,F,ZP,YP,D
14:15:20,INDF,RG,6500,76,F,ZP,YP,D
14:15:18,INDF,RG,6500,1,F,ZP,DR,D
14:15:06,INDF,RG,6500,1,F,ZP,DX,D
14:15:00,INDF,RG,6500,3,F,ZP,AK,F
14:14:54,INDF,RG,6500,5,F,ZP,YU,D
14:14:46,INDF,RG,6500,20,F,ZP,ZP,F
14:14:46,INDF,RG,6500,2,D,XC,ZP,F
14:14:46,INDF,RG,6500,15,D,PD,ZP,F
14:14:24,INDF,RG,6525,2,F,ZP,YP,D
14:14:24,INDF,RG,6525,3,F,ZP,YP,D
14:14:24,INDF,RG,6525,43,F,ZP,YP,D
14:14:21,INDF,RG,6500,10,D,PD,IF,D
14:14:06,INDF,RG,6500,3,D,PD,CC,F
14:14:04,INDF,RG,6500,874,D,PD,AK,F
14:14:03,INDF,RG,6500,500,D,PD,PF,D
14:13:46,INDF,RG,6500,5,D,PD,CC,F
14:13:45,INDF,RG,6500,46,D,PD,AK,F
14:13:37,INDF,RG,6525,45,F,ZP,YP,D
14:13:35,INDF,RG,6525,1,D,XC,YP,D
14:13:28,INDF,RG,6500,4,D,PD,CC,F
14:13:17,INDF,RG,6500,30,D,PD,CC,D
14:13:15,INDF,RG,6500,3,D,PD,AK,F
14:13:12,INDF,RG,6525,11,D,OD,YP,D
14:13:12,INDF,RG,6525,9,D,OD,CC,D
14:13:11,INDF,RG,6525,3,D,PD,CC,D
14:12:47,INDF,RG,6500,14,D,PD,CS,F
14:12:47,INDF,RG,6500,5,D,PD,CC,F
14:12:44,INDF,RG,6525,3,F,ZP,CC,D
14:12:44,INDF,RG,6525,1,F,ZP,PD,D
14:12:44,INDF,RG,6525,42,F,ZP,PD,D
14:12:39,INDF,RG,6500,5,D,PD,PD,D
14:12:36,INDF,RG,6500,35,D,PD,ZP,F
14:12:12,INDF,RG,6500,5,D,PD,SQ,D
14:11:52,INDF,RG,6500,4,D,PD,CC,F
14:11:50,INDF,RG,6500,10,D,PD,XC,D
14:11:47,INDF,RG,6525,6,F,CS,PD,D
14:11:47,INDF,RG,6500,1,D,PD,DX,D
14:11:45,INDF,RG,6525,47,F,ZP,PD,D
14:11:23,INDF,RG,6500,15,D,PD,IF,D
14:11:05,INDF,RG,6500,3,D,PD,CC,F
14:11:03,INDF,RG,6500,1,D,PD,KK,D
14:11:02,INDF,RG,6500,2,D,PD,CC,D
14:11:00,INDF,RG,6500,20,D,PD,YP,D
14:10:56,INDF,RG,6500,30,D,PD,GR,D
14:10:45,INDF,RG,6500,3,D,PD,AK,F
14:10:44,INDF,RG,6500,6,D,PD,CC,F
14:10:41,INDF,RG,6525,5,F,ZP,PD,D
14:10:41,INDF,RG,6525,1,F,ZP,PD,D
14:10:41,INDF,RG,6525,2,F,ZP,KK,D
14:10:41,INDF,RG,6525,5,F,ZP,TP,D
14:10:41,INDF,RG,6525,10,F,ZP,CC,D
14:10:41,INDF,RG,6525,28,F,ZP,YP,D
14:10:40,INDF,RG,6500,50,D,PD,YP,D
14:10:35,INDF,RG,6500,7,D,PD,PD,D
14:10:34,INDF,RG,6500,8,D,PD,CC,F
14:10:30,INDF,RG,6500,60,D,PD,AK,F
14:10:29,INDF,RG,6500,37,D,PD,ZP,F
14:10:29,INDF,RG,6500,35,D,PD,CC,D
14:10:12,INDF,RG,6500,10,D,PD,XC,D
14:10:00,INDF,RG,6500,15,D,PD,YP,D
14:10:00,INDF,RG,6500,1,D,PD,AK,F
14:09:53,INDF,RG,6500,2,D,PD,XC,D
14:09:29,INDF,RG,6500,3,D,PD,CC,F
14:09:27,INDF,RG,6525,6,D,ZP,YP,D
14:09:25,INDF,RG,6525,54,F,ZP,YP,D
14:09:22,INDF,RG,6525,1,D,PD,YP,D
14:08:41,INDF,RG,6500,4,D,PD,CC,F
14:08:37,INDF,RG,6500,1,D,PD,DX,D
14:08:28,INDF,RG,6500,18,D,PD,CC,D
14:08:28,INDF,RG,6500,22,D,GR,CC,D
14:08:19,INDF,RG,6500,36,D,GR,ZP,F
14:08:15,INDF,RG,6500,3,D,GR,AK,F
14:08:15,INDF,RG,6500,4,D,GR,CC,F
14:08:06,INDF,RG,6525,55,F,ZP,YP,D
14:07:55,INDF,RG,6500,5,D,GR,YB,D
14:07:51,INDF,RG,6525,6,F,CS,YP,D
14:07:47,INDF,RG,6525,1,D,PD,YP,D
14:07:41,INDF,RG,6500,5,D,GR,CC,F
14:07:34,INDF,RG,6525,20,D,CC,YP,D
14:07:30,INDF,RG,6500,1,D,GR,AK,F
14:07:30,INDF,RG,6500,1,D,PD,AK,F
14:07:30,INDF,RG,6500,1,F,CS,AK,F
14:07:30,INDF,RG,6500,50,F,AK,AK,F
14:07:29,INDF,RG,6500,10,F,AK,CC,D
14:07:22,INDF,RG,6500,10,F,AK,IF,D
14:07:18,INDF,RG,6500,2,F,AK,NI,D
14:07:00,INDF,RG,6500,11,F,AK,YU,F
14:06:55,INDF,RG,6500,3,F,AK,CC,F
14:06:46,INDF,RG,6500,3,F,AK,CC,F
14:06:46,INDF,RG,6525,45,F,ZP,YP,D
14:06:45,INDF,RG,6500,10,F,AK,PD,D
14:06:37,INDF,RG,6500,20,F,AK,SQ,D
14:06:19,INDF,RG,6525,6,D,ZP,YP,D
14:06:13,INDF,RG,6500,35,F,AK,ZP,F
14:05:55,INDF,RG,6500,3,F,AK,CC,F
14:05:47,INDF,RG,6525,45,F,ZP,YP,D
14:05:30,INDF,RG,6500,8,F,AK,CC,F
14:05:28,INDF,RG,6500,2,F,AK,PD,D
14:05:26,INDF,RG,6500,1,F,AK,DX,D
14:05:24,INDF,RG,6525,140,D,CC,YP,D
14:05:18,INDF,RG,6500,1,F,AK,CC,D
14:05:08,INDF,RG,6500,3,F,AK,NI,D
14:04:41,INDF,RG,6500,14,F,AK,CS,F
14:04:20,INDF,RG,6500,5,F,AK,CC,F
14:04:19,INDF,RG,6500,85,F,AK,YP,D
14:04:17,INDF,RG,6500,3,F,AK,CC,F
14:04:09,INDF,RG,6500,35,F,AK,ZP,F
14:04:06,INDF,RG,6525,6,F,CS,YP,D
14:03:58,INDF,RG,6500,7,F,AK,CC,D
14:03:29,INDF,RG,6500,10,F,AK,CC,F
14:03:24,INDF,RG,6500,200,F,AK,YP,D
14:03:24,INDF,RG,6500,3,F,AK,AK,F
14:03:23,INDF,RG,6500,1,F,AK,ZP,D
14:03:05,INDF,RG,6500,3,F,AK,CC,F
14:03:00,INDF,RG,6500,30,F,AK,SQ,D
14:02:55,INDF,RG,6500,1,F,AK,XC,D
14:02:55,INDF,RG,6500,1,F,AK,DH,D
14:02:49,INDF,RG,6500,1,F,AK,NI,D
14:02:46,INDF,RG,6525,20,D,KK,YP,D
14:02:37,INDF,RG,6500,3,F,AK,CC,F
14:02:30,INDF,RG,6500,52,F,AK,AK,F
14:02:19,INDF,RG,6500,3,F,AK,CC,F
14:02:13,INDF,RG,6500,1,F,AK,ZP,D
14:02:12,INDF,RG,6500,1,F,AK,DX,D
14:02:04,INDF,RG,6500,38,F,AK,ZP,F
14:01:45,INDF,RG,6500,3,F,AK,AK,F
14:01:44,INDF,RG,6500,5,F,AK,GR,D
14:01:40,INDF,RG,6525,7,D,YP,YP,D
14:01:38,INDF,RG,6500,8,F,AK,CC,F
14:01:34,INDF,RG,6525,60,D,RF,YP,D
14:01:34,INDF,RG,6525,1,D,RF,EP,D
14:01:34,INDF,RG,6525,2,D,RF,AI,D
14:01:34,INDF,RG,6525,13,D,RF,PD,D
14:01:34,INDF,RG,6525,94,D,RF,XA,D
14:01:28,INDF,RG,6500,1,F,AK,PD,D
14:01:11,INDF,RG,6500,3,F,AK,CC,F
14:01:00,INDF,RG,6500,11,F,AK,AK,F
14:01:00,INDF,RG,6500,15,D,HP,AK,F
14:01:00,INDF,RG,6500,12,F,ZP,AK,F
14:01:00,INDF,RG,6500,15,D,YJ,AK,F
14:00:52,INDF,RG,6500,6,D,YJ,CC,F
14:00:48,INDF,RG,6500,100,D,YJ,AR,D
14:00:35,INDF,RG,6525,1,D,XC,XA,D
14:00:30,INDF,RG,6500,3,D,YJ,AK,F
14:00:15,INDF,RG,6525,1,D,CC,XA,D
14:00:09,INDF,RG,6525,6,F,CS,XA,D
14:00:00,INDF,RG,6500,1,D,YJ,AK,F
13:59:56,INDF,RG,6500,3,D,YJ,CC,F
13:59:51,INDF,RG,6500,37,D,YJ,ZP,F
13:59:20,INDF,RG,6500,5,D,YJ,CP,D
13:59:20,INDF,RG,6500,5,F,ZP,CP,D
13:59:15,INDF,RG,6500,8,F,ZP,PD,D
13:59:15,INDF,RG,6500,3,F,ZP,AK,F
13:59:06,INDF,RG,6500,5,F,ZP,CC,F
13:59:03,INDF,RG,6500,3,F,ZP,YP,D
13:59:00,INDF,RG,6525,1,D,YU,XA,D
13:59:00,INDF,RG,6500,22,F,ZP,AK,F
13:59:00,INDF,RG,6500,34,F,ZP,AK,F
13:58:56,INDF,RG,6500,1,F,ZP,DX,D
13:58:41,INDF,RG,6500,13,F,ZP,DH,D
13:58:16,INDF,RG,6500,21,F,ZP,CC,F
13:58:12,INDF,RG,6500,63,F,ZP,DH,D
13:58:12,INDF,RG,6500,5,D,PD,DH,D
13:58:12,INDF,RG,6500,1,D,YP,DH,D
13:58:12,INDF,RG,6500,1,D,YP,DH,D
13:58:12,INDF,RG,6500,3,F,CS,DH,D
13:58:12,INDF,RG,6500,35,D,PD,DH,D
13:58:12,INDF,RG,6500,50,D,PD,DH,D
13:58:12,INDF,RG,6500,5,D,OD,DH,D
13:58:12,INDF,RG,6500,130,D,YJ,DH,D
13:58:12,INDF,RG,6500,2,F,CS,DH,D
13:58:12,INDF,RG,6500,86,F,YU,DH,D
13:58:03,INDF,RG,6525,4,D,XA,XA,D
13:58:03,INDF,RG,6525,1,D,XA,PD,D
13:58:03,INDF,RG,6525,1,D,XA,KK,D
13:58:03,INDF,RG,6525,3,D,XA,YP,D
13:58:03,INDF,RG,6525,1,D,XA,YP,D
13:58:03,INDF,RG,6525,1,D,XA,YP,D
13:58:03,INDF,RG,6525,5,D,XA,YP,D
13:58:03,INDF,RG,6525,1,D,XA,PD,D
13:58:03,INDF,RG,6525,28,D,XA,KK,D
13:57:51,INDF,RG,6500,3,F,YU,CC,F
13:57:45,INDF,RG,6500,3,F,YU,AK,F
13:57:40,INDF,RG,6500,16,F,YU,ZP,F
13:57:40,INDF,RG,6500,5,D,CC,ZP,F
13:57:40,INDF,RG,6500,1,D,XC,ZP,F
13:57:40,INDF,RG,6500,8,D,XC,ZP,F
13:57:40,INDF,RG,6500,6,F,ZP,ZP,F
13:57:39,INDF,RG,6500,4,F,ZP,CC,F
13:57:37,INDF,RG,6500,3,F,ZP,CC,D
13:57:30,INDF,RG,6500,53,F,ZP,AK,F
13:56:40,INDF,RG,6500,1,F,ZP,YP,D
13:56:24,INDF,RG,6500,27,F,ZP,PD,D
13:56:24,INDF,RG,6525,2,D,BQ,KK,D
13:56:18,INDF,RG,6525,3,D,XC,KK,D
13:55:46,INDF,RG,6500,1,F,ZP,DX,D
13:55:44,INDF,RG,6500,1,F,ZP,YP,D
13:55:43,INDF,RG,6500,3,F,ZP,CC,F
13:55:34,INDF,RG,6500,12,F,ZP,ZP,F
13:55:34,INDF,RG,6500,4,F,CS,ZP,F
13:55:34,INDF,RG,6500,21,D,CC,ZP,F
13:55:08,INDF,RG,6500,26,D,CC,CC,F
13:55:04,INDF,RG,6525,17,D,CC,KK,D
13:55:04,INDF,RG,6525,2,D,CC,AT,D
13:55:04,INDF,RG,6525,50,D,CC,YU,D
13:55:04,INDF,RG,6525,100,D,CC,YB,D
13:55:04,INDF,RG,6525,100,D,CC,YB,D
13:55:04,INDF,RG,6525,100,D,CC,YB,D
13:55:04,INDF,RG,6525,1,D,CC,YP,D
13:55:04,INDF,RG,6525,50,D,CC,CC,D
13:55:04,INDF,RG,6525,10,D,CC,YP,D
13:55:04,INDF,RG,6525,2,D,CC,YP,D
13:55:04,INDF,RG,6525,30,D,CC,DH,D
13:55:04,INDF,RG,6525,3,D,CC,PD,D
13:55:04,INDF,RG,6525,10,D,CC,AG,F
13:55:04,INDF,RG,6525,5,D,CC,YP,D
13:55:04,INDF,RG,6525,10,D,CC,GR,D
13:55:04,INDF,RG,6525,1,D,CC,PD,D
13:55:04,INDF,RG,6525,9,D,CC,DR,D
13:55:01,INDF,RG,6500,6,D,CC,CC,F
13:55:00,INDF,RG,6500,11,D,CC,YU,F
13:54:56,INDF,RG,6525,80,D,CC,DR,D
13:54:53,INDF,RG,6525,6,F,CS,DR,D
13:54:33,INDF,RG,6525,10,D,GR,DR,D
13:54:26,INDF,RG,6500,2,D,CC,DX,D
13:54:19,INDF,RG,6500,1,D,CC,XC,D
13:54:12,INDF,RG,6500,9,D,CC,EP,D
13:54:02,INDF,RG,6500,2,D,CC,CC,F
13:53:54,INDF,RG,6500,2,D,CC,NI,D
13:53:24,INDF,RG,6500,35,D,CC,ZP,F
13:53:13,INDF,RG,6500,1,D,CC,EP,D
13:53:07,INDF,RG,6500,10,D,CC,CC,F
13:53:04,INDF,RG,6525,170,D,RF,DR,D
13:53:03,INDF,RG,6500,9,D,CC,YP,D
13:52:55,INDF,RG,6500,14,D,CC,CC,F
13:52:52,INDF,RG,6500,8,D,CC,NI,D
13:52:50,INDF,RG,6500,239,D,CC,GR,D
13:52:42,INDF,RG,6500,6,D,CC,NI,D
13:52:36,INDF,RG,6500,20,D,CC,YP,D
13:52:28,INDF,RG,6500,5,D,CC,CC,F
13:52:23,INDF,RG,6500,1,D,CC,DX,D
13:52:22,INDF,RG,6500,72,D,CC,LS,D
13:52:22,INDF,RG,6500,1,D,NI,LS,D
13:52:22,INDF,RG,6500,27,F,YU,LS,D
13:52:06,INDF,RG,6500,6,F,YU,CC,F
13:52:00,INDF,RG,6500,100,F,YU,PD,D
13:51:38,INDF,RG,6500,5,F,YU,CC,D
13:51:33,INDF,RG,6500,2,F,YU,NI,D
13:51:32,INDF,RG,6500,3,F,YU,XC,D
13:51:25,INDF,RG,6500,2,F,YU,CC,F
13:51:19,INDF,RG,6500,29,F,YU,ZP,F
13:51:19,INDF,RG,6500,2,D,GR,ZP,F
13:51:19,INDF,RG,6500,5,D,NI,ZP,F
13:50:27,INDF,RG,6500,11,D,NI,CC,F
13:50:21,INDF,RG,6500,3,D,NI,CC,F
13:50:21,INDF,RG,6525,5,D,RF,DR,D
13:50:21,INDF,RG,6525,3,D,RF,GR,D
13:50:21,INDF,RG,6525,162,D,RF,XA,D
13:50:21,INDF,RG,6500,40,D,NI,PD,D
13:50:12,INDF,RG,6525,8,D,CC,XA,D
13:50:12,INDF,RG,6525,1,D,CC,DR,D
13:50:08,INDF,RG,6500,14,D,NI,NI,D
13:50:08,INDF,RG,6500,7,F,CS,NI,D
13:50:08,INDF,RG,6500,20,D,YP,NI,D
13:50:08,INDF,RG,6500,1,F,ZP,NI,D
13:50:08,INDF,RG,6500,3,F,ZP,NI,D
13:49:51,INDF,RG,6500,1,F,ZP,YB,D
13:49:39,INDF,RG,6500,3,F,ZP,PD,D
13:49:16,INDF,RG,6500,5,F,ZP,CC,F
13:49:11,INDF,RG,6500,36,F,ZP,ZP,F
13:49:07,INDF,RG,6500,38,F,ZP,PD,D
13:49:03,INDF,RG,6500,1,F,ZP,DX,D
13:48:59,INDF,RG,6525,2,D,PD,DR,D
13:48:31,INDF,RG,6525,1,D,YP,DR,D
13:48:25,INDF,RG,6500,27,F,ZP,KK,D
13:47:59,INDF,RG,6500,1,F,ZP,PD,D
13:47:18,INDF,RG,6525,1,D,PD,DR,D
13:47:15,INDF,RG,6500,4,F,ZP,CC,F
13:47:12,INDF,RG,6500,1,F,ZP,XC,D
13:47:10,INDF,RG,6525,10,D,SQ,DR,D
13:47:04,INDF,RG,6500,16,F,ZP,ZP,F
13:47:04,INDF,RG,6500,4,F,ZP,ZP,F
13:47:04,INDF,RG,6500,10,D,NI,ZP,F
13:47:04,INDF,RG,6500,1,D,DH,ZP,F
13:47:04,INDF,RG,6500,1,D,DH,ZP,F
13:47:04,INDF,RG,6500,1,D,DH,ZP,F
13:47:04,INDF,RG,6500,1,D,DH,ZP,F
13:47:04,INDF,RG,6500,1,D,DH,ZP,F
13:47:04,INDF,RG,6500,1,D,DH,ZP,F
13:46:58,INDF,RG,6525,2,D,ZP,DR,D
13:46:57,INDF,RG,6525,2,D,YP,DR,D
13:46:32,INDF,RG,6525,7,F,CS,DR,D
13:46:20,INDF,RG,6500,1,D,DH,PD,D
13:45:50,INDF,RG,6500,1,D,DH,DX,D
13:45:33,INDF,RG,6500,1,D,DH,NI,D
13:45:10,INDF,RG,6500,1,D,DH,CC,F
13:45:10,INDF,RG,6500,1,F,ZP,CC,F
13:45:07,INDF,RG,6500,3,F,ZP,TP,D
13:45:00,INDF,RG,6500,12,F,ZP,YU,F
13:44:57,INDF,RG,6500,5,F,ZP,ZP,F
13:44:57,INDF,RG,6500,1,F,CS,ZP,F
13:44:57,INDF,RG,6500,1,F,CS,ZP,F
13:44:57,INDF,RG,6500,2,F,CS,ZP,F
13:44:57,INDF,RG,6500,8,D,YB,ZP,F
13:44:40,INDF,RG,6500,5,D,XC,NI,D
13:44:23,INDF,RG,6500,10,D,XC,CC,F
13:44:23,INDF,RG,6500,1,D,YJ,GR,D
13:44:23,INDF,RG,6500,69,D,YJ,CC,D
13:44:23,INDF,RG,6500,9,F,ZP,CC,D
13:44:18,INDF,RG,6500,1,F,ZP,KK,D
13:44:15,INDF,RG,6500,100,F,ZP,LG,D
13:43:59,INDF,RG,6500,1,F,ZP,PD,D
13:43:53,INDF,RG,6500,1,F,ZP,LG,D
13:42:54,INDF,RG,6500,18,F,ZP,PD,D
13:42:44,INDF,RG,6500,1,F,ZP,DX,D
13:42:37,INDF,RG,6500,3,F,ZP,CC,F
13:42:29,INDF,RG,6500,1,F,ZP,CC,D
13:42:29,INDF,RG,6500,2,D,KK,CC,D
13:42:29,INDF,RG,6500,5,D,YP,CC,D
13:42:29,INDF,RG,6500,4,D,AT,CC,D
13:42:29,INDF,RG,6500,10,D,XC,CC,D
13:42:29,INDF,RG,6500,3,D,PD,CC,D
13:42:17,INDF,RG,6500,1,D,PD,CC,D
13:42:15,INDF,RG,6500,20,D,PD,CC,D
13:42:07,INDF,RG,6500,2,D,PD,CC,F
13:41:57,INDF,RG,6500,1,D,PD,GR,D
13:41:56,INDF,RG,6500,50,D,PD,YP,D
13:41:43,INDF,RG,6500,4,D,PD,CC,F
13:41:38,INDF,RG,6500,3,D,PD,KK,D
13:41:36,INDF,RG,6525,1,D,YP,DR,D
13:41:35,INDF,RG,6500,30,D,PD,CC,D
13:41:31,INDF,RG,6525,2,D,ZP,DR,D
13:41:27,INDF,RG,6500,8,D,PD,EP,D
13:41:24,INDF,RG,6500,1,D,PD,PD,D
13:41:23,INDF,RG,6500,25,D,PD,IF,D
13:41:22,INDF,RG,6500,2,D,PD,CC,F
13:41:18,INDF,RG,6500,1,D,PD,NI,D
13:41:14,INDF,RG,6500,1,D,PD,PD,D
13:41:07,INDF,RG,6500,5,D,PD,YP,D
13:41:05,INDF,RG,6500,32,D,PD,CC,F
13:41:04,INDF,RG,6500,122,D,PD,AK,F
13:41:03,INDF,RG,6500,28,D,PD,EP,D
13:41:03,INDF,RG,6500,2,D,NI,EP,D
13:41:03,INDF,RG,6500,470,D,CC,EP,D
13:40:18,INDF,RG,6525,20,D,NI,DR,D
13:39:57,INDF,RG,6525,1,D,DH,DR,D
13:39:34,INDF,RG,6500,1,D,CC,DX,D
13:39:22,INDF,RG,6500,5,D,CC,CC,F
13:39:20,INDF,RG,6500,24,D,CC,KK,D
13:39:20,INDF,RG,6500,1,F,CS,KK,D
13:39:20,INDF,RG,6500,1,F,CS,KK,D
13:39:20,INDF,RG,6500,1,F,CS,KK,D
13:39:20,INDF,RG,6500,1,D,AT,KK,D
13:39:20,INDF,RG,6500,1,F,CS,KK,D
13:39:20,INDF,RG,6500,5,F,ZP,KK,D
13:39:20,INDF,RG,6500,23,F,ZP,KK,D
13:39:20,INDF,RG,6500,15,F,YU,KK,D
13:39:18,INDF,RG,6500,10,F,YU,PD,D
13:39:07,INDF,RG,6500,1,F,YU,XC,D
13:39:02,INDF,RG,6500,2,F,YU,XC,D
13:38:38,INDF,RG,6500,2,F,YU,CC,F
13:38:36,INDF,RG,6500,3,F,YU,YP,D
13:38:27,INDF,RG,6500,50,F,YU,GR,D
13:38:19,INDF,RG,6500,1,F,YU,XC,D
13:38:08,INDF,RG,6500,3,F,YU,CC,F
13:38:03,INDF,RG,6500,1,F,YU,XA,D
13:37:58,INDF,RG,6500,31,F,YU,EP,D
13:37:37,INDF,RG,6500,3,F,YU,CC,D
13:37:24,INDF,RG,6500,2,F,YU,YP,D
13:37:20,INDF,RG,6500,6,F,YU,CC,F
13:37:16,INDF,RG,6500,44,F,YU,EP,D
13:37:16,INDF,RG,6500,50,D,SQ,EP,D
13:37:16,INDF,RG,6500,6,D,PD,EP,D
13:37:03,INDF,RG,6500,14,D,PD,PD,D
13:37:03,INDF,RG,6500,10,D,YP,PD,D
13:37:03,INDF,RG,6500,4,F,ZP,PD,D
13:36:59,INDF,RG,6500,1,F,ZP,YP,D
13:36:58,INDF,RG,6525,5,D,XC,DR,D
13:36:42,INDF,RG,6500,3,F,BK,CC,F
13:36:37,INDF,RG,6500,15,F,BK,CC,D
13:36:30,INDF,RG,6500,20,F,BK,CC,F
13:36:30,INDF,RG,6525,10,D,XA,DR,D
13:36:23,INDF,RG,6500,8,F,BK,CC,F
13:36:22,INDF,RG,6500,99,F,BK,GR,D
13:36:22,INDF,RG,6500,6,F,CS,GR,D
13:36:22,INDF,RG,6500,3,F,CS,GR,D
13:36:22,INDF,RG,6500,247,F,ZP,GR,D
13:36:22,INDF,RG,6500,1,F,CS,GR,D
13:36:22,INDF,RG,6500,44,D,CC,GR,D
13:36:21,INDF,RG,6500,1,D,CC,CC,F
13:36:21,INDF,RG,6500,165,D,CC,AK,F
13:36:20,INDF,RG,6500,2,D,CC,LG,D
13:36:00,INDF,RG,6525,1,D,PD,DR,D
13:35:55,INDF,RG,6525,1,D,NI,DR,D
13:35:48,INDF,RG,6500,2,D,CC,NI,D
13:35:37,INDF,RG,6500,8,D,CC,CC,F
13:35:36,INDF,RG,6500,4,D,CC,AK,F
13:35:36,INDF,RG,6500,5,D,CC,NI,D
13:35:36,INDF,RG,6500,1,D,CC,XC,D
13:35:36,INDF,RG,6500,10,D,CC,XC,D
13:35:36,INDF,RG,6500,5,D,CC,NI,D
13:35:36,INDF,RG,6500,5,D,CC,CP,D
13:35:36,INDF,RG,6500,32,D,CC,ZP,F
13:35:36,INDF,RG,6500,50,D,CC,CC,F
13:35:36,INDF,RG,6500,5,D,CC,CC,F
13:35:36,INDF,RG,6500,5,D,CC,NI,D
13:35:36,INDF,RG,6500,5,D,CC,KK,D
13:35:36,INDF,RG,6500,2,D,CC,NI,D
13:35:36,INDF,RG,6500,1,D,CC,DX,D
13:35:36,INDF,RG,6500,40,D,CC,CC,D
13:35:36,INDF,RG,6500,1,D,CC,AK,F
13:35:36,INDF,RG,6500,10,D,CC,GR,D
13:35:36,INDF,RG,6500,25,D,CC,IF,D
13:35:36,INDF,RG,6500,9,D,CC,CC,F
13:35:36,INDF,RG,6500,5,D,CC,KK,D
13:35:36,INDF,RG,6500,1,D,CC,XC,D
13:35:36,INDF,RG,6500,113,D,CC,AK,F
13:35:36,INDF,RG,6500,5,D,CC,AK,F
13:35:36,INDF,RG,6500,15,D,CC,YP,D
13:35:36,INDF,RG,6500,14,D,CC,CC,F
13:35:36,INDF,RG,6500,310,D,CC,CC,D
13:35:31,INDF,RG,6475,3,D,YP,CC,F
13:35:31,INDF,RG,6500,30,D,YJ,CC,D
13:35:25,INDF,RG,6500,31,D,YP,CC,D
13:35:23,INDF,RG,6500,5,D,XC,CC,D
13:35:19,INDF,RG,6500,1,F,ZP,CC,D
13:34:33,INDF,RG,6500,1,D,DH,CC,D
13:34:33,INDF,RG,6500,1,D,DH,CC,D
13:34:33,INDF,RG,6500,1,D,DH,CC,D
13:34:33,INDF,RG,6500,1,D,DH,CC,D
13:34:33,INDF,RG,6500,1,D,DH,CC,D
13:34:33,INDF,RG,6500,1,D,DH,CC,D
13:34:33,INDF,RG,6500,1,D,DH,CC,D
13:34:33,INDF,RG,6500,1,D,DH,CC,D
13:34:33,INDF,RG,6500,1,D,DH,CC,D
13:34:33,INDF,RG,6500,1,D,DH,CC,D
13:34:31,INDF,RG,6500,10,D,CC,CC,D
13:34:03,INDF,RG,6475,5,D,YP,CC,F
13:34:03,INDF,RG,6500,100,D,YJ,CC,D
13:33:42,INDF,RG,6475,4,D,YP,CC,F
13:33:41,INDF,RG,6500,77,D,PD,CC,D
13:33:38,INDF,RG,6475,3,D,YP,CC,F
13:33:37,INDF,RG,6475,3,D,YP,CC,F
13:33:37,INDF,RG,6475,3,D,KK,CC,F
13:33:37,INDF,RG,6475,55,F,ZP,CC,F
13:33:32,INDF,RG,6475,11,F,ZP,CC,F
13:33:32,INDF,RG,6500,1,F,CS,CC,D
13:33:31,INDF,RG,6500,2,F,CS,CC,D
13:33:31,INDF,RG,6500,1,F,CS,CC,D
13:33:31,INDF,RG,6500,100,D,YJ,CC,D
13:33:31,INDF,RG,6500,1,D,YU,CC,D
13:33:31,INDF,RG,6500,4,D,YP,CC,D
13:33:31,INDF,RG,6500,5,D,ZP,CC,D
13:33:31,INDF,RG,6500,9,F,ZP,CC,D
13:33:31,INDF,RG,6500,1,F,CS,CC,D
13:33:31,INDF,RG,6500,1,F,CS,CC,D
13:33:31,INDF,RG,6500,2,D,PD,CC,D
13:33:31,INDF,RG,6500,100,F,ZP,CC,D
13:33:31,INDF,RG,6500,214,F,YU,CC,D
13:33:31,INDF,RG,6500,2,D,XC,CC,D
13:33:31,INDF,RG,6500,10,D,CC,CC,D
13:33:31,INDF,RG,6500,1,D,YP,CC,D
13:33:31,INDF,RG,6500,2,D,DH,CC,D
13:33:31,INDF,RG,6500,111,F,ZP,CC,D
13:33:31,INDF,RG,6500,20,D,KK,CC,D
13:33:31,INDF,RG,6500,158,D,YJ,CC,D
13:33:31,INDF,RG,6500,3,D,PD,CC,D
13:33:31,INDF,RG,6500,454,F,BK,CC,D
13:33:31,INDF,RG,6500,200,D,KI,CC,D
13:33:31,INDF,RG,6500,2,F,CS,CC,D
13:33:31,INDF,RG,6500,22,F,ZP,CC,D
13:33:23,INDF,RG,6500,1,F,ZP,NI,D
13:33:16,INDF,RG,6500,2,F,ZP,CC,F
13:33:14,INDF,RG,6500,5,F,ZP,YP,D
13:33:13,INDF,RG,6500,8,F,ZP,LG,D
13:33:06,INDF,RG,6500,22,F,ZP,CC,F
13:33:05,INDF,RG,6525,200,D,KI,DR,D
13:33:02,INDF,RG,6500,1,F,ZP,PD,D
13:33:01,INDF,RG,6500,29,F,ZP,EP,D
13:33:01,INDF,RG,6500,5,F,CS,EP,D
13:33:01,INDF,RG,6500,19,F,ZP,EP,D
13:33:01,INDF,RG,6500,85,F,ZP,EP,D
13:33:01,INDF,RG,6500,80,F,ZP,EP,D
13:33:01,INDF,RG,6500,91,F,ZP,EP,D
13:33:01,INDF,RG,6500,1,F,CS,EP,D
13:33:01,INDF,RG,6500,1,F,CS,EP,D
13:33:01,INDF,RG,6500,17,D,ZP,EP,D
13:33:01,INDF,RG,6500,11,F,ZP,EP,D
13:33:01,INDF,RG,6500,27,F,ZP,EP,D
13:33:01,INDF,RG,6500,77,F,ZP,EP,D
13:33:01,INDF,RG,6500,1,D,YP,EP,D
13:33:01,INDF,RG,6500,56,F,YU,EP,D
13:32:46,INDF,RG,6500,5,F,YU,YP,D
13:32:27,INDF,RG,6500,5,F,YU,KK,D
13:32:20,INDF,RG,6500,3,F,YU,NI,D
13:32:10,INDF,RG,6525,13,F,ZP,DR,D
13:31:46,INDF,RG,6525,1,D,YP,AT,D
13:31:34,INDF,RG,6500,1,F,YU,PD,D
13:31:34,INDF,RG,6475,15,F,ZP,CC,F
13:31:34,INDF,RG,6475,1,F,CS,CC,F
13:31:34,INDF,RG,6475,1,F,CS,CC,F
13:31:34,INDF,RG,6475,1,D,NI,CC,F
13:31:34,INDF,RG,6475,2,F,CS,CC,F
13:31:34,INDF,RG,6475,4,D,CC,CC,F
13:31:34,INDF,RG,6500,1,D,YJ,PD,D
13:31:34,INDF,RG,6500,68,D,YJ,CC,F
13:31:34,INDF,RG,6500,5,D,YJ,CS,F
13:31:34,INDF,RG,6500,148,D,YJ,ZP,F
13:31:34,INDF,RG,6500,1,D,YJ,CC,F
13:31:34,INDF,RG,6500,190,D,YJ,AK,F
13:31:34,INDF,RG,6500,1,D,YJ,OD,D
13:31:34,INDF,RG,6500,10,D,YJ,YP,D
13:31:34,INDF,RG,6500,6,D,YJ,AK,F
13:31:34,INDF,RG,6500,10,D,YJ,YP,D
13:31:34,INDF,RG,6500,2,D,YJ,YP,D
13:31:34,INDF,RG,6500,2,D,YJ,YP,D
13:31:34,INDF,RG,6500,1,D,YJ,YP,D
13:31:34,INDF,RG,6500,5,D,YJ,YP,D
13:31:34,INDF,RG,6500,157,D,YJ,AK,F
13:31:34,INDF,RG,6500,1,D,YJ,AK,F
13:31:34,INDF,RG,6500,2,D,YJ,YP,D
13:31:34,INDF,RG,6500,5,D,YJ,YP,D
13:31:34,INDF,RG,6500,2,D,YJ,YP,D
13:31:34,INDF,RG,6500,5,D,YJ,CC,D
13:31:34,INDF,RG,6500,3,D,YJ,CC,D
13:31:34,INDF,RG,6500,2,D,YJ,OD,D
13:31:34,INDF,RG,6500,1,D,YJ,XC,D
13:31:34,INDF,RG,6500,2,D,YJ,CC,D
13:31:34,INDF,RG,6500,7,D,YJ,PD,D
13:31:34,INDF,RG,6500,4,D,YJ,CC,D
13:31:34,INDF,RG,6500,1,D,YJ,AT,D
13:31:34,INDF,RG,6500,1,D,YJ,XC,D
13:31:34,INDF,RG,6500,1,D,YJ,XC,D
13:31:34,INDF,RG,6500,3,D,YJ,XC,D
13:31:34,INDF,RG,6500,1,D,YJ,XC,D
13:31:34,INDF,RG,6500,8,D,YJ,XC,D
13:31:34,INDF,RG,6500,1,D,YJ,XC,D
13:31:34,INDF,RG,6500,1,D,YJ,PD,D
13:31:34,INDF,RG,6500,5,D,YJ,PD,D
13:31:34,INDF,RG,6500,8,D,YJ,PD,D
13:31:34,INDF,RG,6500,203,D,YJ,PD,D
13:31:34,INDF,RG,6500,10,D,YJ,XC,D
13:31:34,INDF,RG,6500,27,D,YJ,CC,F
13:31:34,INDF,RG,6500,3,D,YJ,CC,D
13:31:34,INDF,RG,6500,5,D,YJ,PD,D
13:31:34,INDF,RG,6500,9,D,YJ,PD,D
13:31:34,INDF,RG,6500,1,D,YJ,PD,D
13:31:34,INDF,RG,6500,3,D,YJ,CC,D
13:31:34,INDF,RG,6500,1,D,YJ,PD,D
13:31:34,INDF,RG,6500,5,D,YJ,DH,D
13:31:34,INDF,RG,6500,2,D,YJ,PD,D
13:31:34,INDF,RG,6500,2,D,YJ,CC,D
13:31:34,INDF,RG,6500,1,D,YJ,DX,D
13:31:34,INDF,RG,6500,1,D,YJ,ZP,F
13:31:34,INDF,RG,6500,2,D,YJ,PD,D
13:31:34,INDF,RG,6500,4,D,YJ,KK,D
13:31:34,INDF,RG,6500,3,D,YJ,KK,D
13:31:34,INDF,RG,6500,2,D,YJ,PD,D
13:31:34,INDF,RG,6500,1,D,YJ,PD,D
13:31:34,INDF,RG,6500,20,D,YJ,PD,D
13:31:34,INDF,RG,6500,20,D,YJ,ZP,D
13:31:34,INDF,RG,6500,1,D,YJ,PD,D
13:31:34,INDF,RG,6500,450,D,YJ,CS,F
13:31:34,INDF,RG,6500,1,D,YJ,KK,D
13:31:34,INDF,RG,6500,52,D,YJ,SQ,D
13:31:34,INDF,RG,6500,28,F,YU,SQ,D
13:31:34,INDF,RG,6500,2,F,YU,SQ,D
13:31:34,INDF,RG,6500,5,F,YU,PD,D
13:31:34,INDF,RG,6500,30,F,YU,DH,D
13:31:34,INDF,RG,6500,1,F,YU,PD,D
13:31:34,INDF,RG,6500,3,F,YU,PD,D
13:31:34,INDF,RG,6500,5,F,YU,YJ,D
13:31:34,INDF,RG,6500,10,F,YU,YJ,D
13:31:34,INDF,RG,6500,28,F,YU,GR,D
13:31:33,INDF,RG,6500,112,F,YU,GR,D
13:31:33,INDF,RG,6500,3,F,CS,GR,D
13:31:32,INDF,RG,6475,5,D,CC,CC,F
13:31:32,INDF,RG,6500,112,F,YU,GR,D
13:31:32,INDF,RG,6500,95,F,YU,GR,D
13:31:32,INDF,RG,6500,17,F,YU,CS,F
13:31:31,INDF,RG,6500,109,F,YU,CS,F
13:31:31,INDF,RG,6500,3,F,YU,GR,D
13:31:31,INDF,RG,6500,32,F,YU,GR,D
13:31:31,INDF,RG,6500,1,F,YU,EP,D
13:31:31,INDF,RG,6500,79,F,YU,XA,D
13:31:30,INDF,RG,6475,6,D,CC,CC,F
13:31:29,INDF,RG,6500,112,F,YU,XA,D
13:31:13,INDF,RG,6500,5,D,YP,XA,D
13:31:11,INDF,RG,6475,2,D,BQ,CC,F
13:31:11,INDF,RG,6475,1,F,ZP,CC,F
13:31:10,INDF,RG,6500,13,F,ZP,XA,D
13:31:10,INDF,RG,6500,54,D,YP,XA,D
13:31:00,INDF,RG,6475,4,F,ZP,CC,F
13:30:58,INDF,RG,6500,112,F,YU,XA,D
13:30:58,INDF,RG,6500,112,F,YU,XA,D
13:30:49,INDF,RG,6500,112,F,YU,XA,D
13:30:49,INDF,RG,6500,112,F,YU,XA,D
13:30:47,INDF,RG,6500,309,D,PD,XA,D
13:30:47,INDF,RG,6500,1,D,PD,GR,D
13:30:47,INDF,RG,6500,10,D,PD,KK,D
13:30:47,INDF,RG,6500,1,D,PD,PD,D
13:30:47,INDF,RG,6500,25,D,PD,EP,D
13:30:47,INDF,RG,6500,8,D,PD,EP,D
13:30:47,INDF,RG,6500,1,D,PD,AK,F
13:30:47,INDF,RG,6500,1,D,PD,DX,D
13:30:47,INDF,RG,6500,1,D,PD,AK,F
13:30:47,INDF,RG,6500,5,D,PD,CC,D
13:30:47,INDF,RG,6500,24,D,PD,AK,F
13:30:47,INDF,RG,6500,43,D,PD,CC,F
13:30:47,INDF,RG,6500,33,D,PD,HP,D
13:30:45,INDF,RG,6500,1,D,PD,HP,D
13:30:40,INDF,RG,6475,18,F,ZP,CC,F
13:30:39,INDF,RG,6500,9,F,ZP,HP,D
13:30:39,INDF,RG,6500,13,F,YU,HP,D
13:30:38,INDF,RG,6500,112,F,YU,HP,D
13:30:38,INDF,RG,6500,112,F,YU,HP,D
13:30:38,INDF,RG,6500,112,F,YU,HP,D
13:30:38,INDF,RG,6475,6,F,ZP,CC,F
13:30:37,INDF,RG,6475,2,F,ZP,CC,F
13:30:37,INDF,RG,6500,112,F,YU,HP,D
13:30:36,INDF,RG,6475,46,F,ZP,CC,F
13:30:35,INDF,RG,6500,9,D,YP,HP,D
13:30:35,INDF,RG,6500,112,F,YU,HP,D
13:30:34,INDF,RG,6500,112,F,YU,HP,D
13:30:34,INDF,RG,6500,112,F,YU,HP,D
13:30:34,INDF,RG,6475,11,F,ZP,CC,F
13:30:34,INDF,RG,6500,112,F,YU,HP,D
13:30:34,INDF,RG,6500,39,F,YU,HP,D
13:30:34,INDF,RG,6500,8,F,YU,PD,D
13:30:34,INDF,RG,6500,1,F,YU,GR,D
13:30:34,INDF,RG,6500,1,F,YU,PD,D
13:30:34,INDF,RG,6500,5,F,YU,CS,F
13:30:34,INDF,RG,6500,29,F,YU,LG,D
13:30:34,INDF,RG,6500,7,F,YU,YU,F
13:30:34,INDF,RG,6500,10,F,YU,PD,D
13:30:34,INDF,RG,6500,12,F,YU,YU,D
13:30:33,INDF,RG,6500,112,F,YU,YU,D
13:30:33,INDF,RG,6500,112,F,YU,YU,D
13:30:33,INDF,RG,6500,112,F,YU,YU,D
13:30:33,INDF,RG,6500,112,F,YU,YU,D
13:30:32,INDF,RG,6500,40,F,YU,YU,D
13:30:32,INDF,RG,6500,1,F,YU,PD,D
13:30:32,INDF,RG,6500,3,F,YU,XC,D
13:30:32,INDF,RG,6500,2,F,YU,TP,D
13:30:32,INDF,RG,6500,15,F,YU,CC,D
13:30:32,INDF,RG,6500,6,F,YU,CS,F
13:30:32,INDF,RG,6500,4,F,YU,YP,D
13:30:32,INDF,RG,6500,2,F,YU,XC,D
13:30:32,INDF,RG,6500,4,F,YU,CC,F
13:30:32,INDF,RG,6500,3,F,YU,CC,F
13:30:32,INDF,RG,6500,1,F,YU,XC,D
13:30:32,INDF,RG,6500,4,F,YU,CC,D
13:30:32,INDF,RG,6500,2,F,YU,CC,F
13:30:32,INDF,RG,6500,1,F,YU,CC,F
13:30:32,INDF,RG,6500,24,F,YU,CC,D
13:30:32,INDF,RG,6500,6,F,YU,CC,D
13:30:32,INDF,RG,6500,6,F,YU,CC,F
13:30:32,INDF,RG,6500,2,F,YU,SQ,D
13:30:32,INDF,RG,6500,1,F,YU,CC,F
13:30:32,INDF,RG,6500,1,F,YU,CC,F
13:30:32,INDF,RG,6500,35,F,YU,PD,D
13:30:32,INDF,RG,6500,3,F,YU,CS,F
13:30:32,INDF,RG,6500,1,F,YU,CC,F
13:30:32,INDF,RG,6500,2,F,YU,CC,F
13:30:32,INDF,RG,6500,10,F,YU,CC,D
13:30:32,INDF,RG,6500,5,F,YU,LG,D
13:30:32,INDF,RG,6500,1,F,YU,CC,F
13:30:32,INDF,RG,6500,15,F,YU,DR,D
13:30:32,INDF,RG,6500,2,F,YU,CC,F
13:30:32,INDF,RG,6500,22,F,YU,AK,F
13:30:32,INDF,RG,6500,21,F,YU,AK,F
13:30:32,INDF,RG,6500,2,F,YU,CC,F
13:30:32,INDF,RG,6500,10,F,YU,SQ,D
13:30:32,INDF,RG,6500,8,F,YU,CC,D
13:30:32,INDF,RG,6500,17,F,YU,CC,F
13:30:32,INDF,RG,6500,7,F,YU,CS,F
13:30:32,INDF,RG,6500,10,F,YU,PD,D
13:30:32,INDF,RG,6500,2,F,YU,KK,D
13:30:32,INDF,RG,6500,1,F,YU,PD,D
13:30:32,INDF,RG,6500,1,F,YU,KK,D
13:30:32,INDF,RG,6500,33,F,YU,EP,D
13:30:32,INDF,RG,6500,112,F,YU,EP,D
13:30:32,INDF,RG,6500,55,F,YU,EP,D
13:30:32,INDF,RG,6500,1,F,YU,CC,F
13:30:32,INDF,RG,6500,2,F,YU,YP,D
13:30:32,INDF,RG,6500,6,F,YU,LG,D
13:30:32,INDF,RG,6500,25,F,YU,IF,D
13:30:32,INDF,RG,6500,1,F,YU,YP,D
13:30:32,INDF,RG,6500,10,F,YU,XC,D
13:30:32,INDF,RG,6500,2,F,YU,KK,D
13:30:32,INDF,RG,6500,10,F,YU,DR,D
13:30:32,INDF,RG,6500,5,F,YU,DR,D
13:30:32,INDF,RG,6500,1,F,YU,ZP,F
13:30:32,INDF,RG,6500,32,F,YU,CC,D
13:30:32,INDF,RG,6500,1,F,YU,XC,D
13:30:32,INDF,RG,6500,30,F,YU,YP,D
13:30:32,INDF,RG,6500,1,F,YU,PD,D
13:30:32,INDF,RG,6500,2,F,YU,SQ,D
13:30:32,INDF,RG,6500,1,F,YU,KK,D
13:30:32,INDF,RG,6500,5,F,YU,KK,D
13:30:32,INDF,RG,6500,10,F,YU,KK,D
13:30:32,INDF,RG,6500,12,F,YU,CC,D
13:30:32,INDF,RG,6500,12,F,YU,CC,D
13:30:32,INDF,RG,6500,88,F,YU,CC,D
13:30:32,INDF,RG,6500,1,F,YU,KK,D
13:30:32,INDF,RG,6500,10,F,YU,XC,D
13:30:32,INDF,RG,6500,2,F,YU,BQ,D
13:30:32,INDF,RG,6500,1,F,YU,PD,D
13:30:32,INDF,RG,6500,10,F,YU,DH,D
13:30:31,INDF,RG,6500,3,F,YU,CS,F
13:30:31,INDF,RG,6500,20,F,YU,YP,D
13:30:31,INDF,RG,6500,1,F,YU,NI,D
13:30:31,INDF,RG,6500,10,F,YU,PD,D
13:30:31,INDF,RG,6500,5,F,YU,NI,D
13:30:31,INDF,RG,6500,5,F,YU,NI,D
13:30:31,INDF,RG,6500,1,F,YU,YP,D
13:30:31,INDF,RG,6500,1,F,YU,NI,D
13:30:31,INDF,RG,6500,24,F,YU,YP,D
13:30:31,INDF,RG,6500,4,F,YU,CC,D
13:30:31,INDF,RG,6500,38,F,YU,SQ,D
13:30:31,INDF,RG,6500,112,F,YU,SQ,D
13:30:31,INDF,RG,6500,112,F,YU,SQ,D
13:30:31,INDF,RG,6500,112,F,YU,SQ,D
13:30:31,INDF,RG,6500,112,F,YU,SQ,D
13:30:31,INDF,RG,6500,112,F,YU,SQ,D
13:30:31,INDF,RG,6500,2,F,YU,SQ,D
13:30:31,INDF,RG,6500,1,F,YU,PD,D
13:30:31,INDF,RG,6500,1,F,YU,XC,D
13:30:31,INDF,RG,6500,34,F,YU,XC,D
13:30:31,INDF,RG,6500,1,F,YU,YP,D
13:30:31,INDF,RG,6500,2,F,YU,CS,F
13:30:31,INDF,RG,6500,2,F,YU,PD,D
13:30:31,INDF,RG,6500,10,F,YU,SQ,D
13:30:31,INDF,RG,6500,5,F,YU,PD,D
13:30:31,INDF,RG,6500,1,F,YU,CS,F
13:30:31,INDF,RG,6500,5,F,YU,SQ,D
13:30:31,INDF,RG,6500,10,F,YU,EP,D
13:30:31,INDF,RG,6500,1,F,YU,YP,D
13:30:31,INDF,RG,6500,3,F,YU,CS,F
13:30:31,INDF,RG,6500,7,F,YU,CC,D
13:30:31,INDF,RG,6500,5,F,YU,OD,D
13:30:31,INDF,RG,6500,1,F,YU,PD,D
13:30:31,INDF,RG,6500,3,F,YU,XC,D
13:30:31,INDF,RG,6500,1,F,YU,NI,D
13:30:31,INDF,RG,6500,2,F,YU,SQ,D
13:30:31,INDF,RG,6500,1,F,YU,YP,D
13:30:31,INDF,RG,6500,1,F,YU,KK,D
13:30:31,INDF,RG,6500,2,F,YU,CS,F
13:30:31,INDF,RG,6500,1,F,YU,XC,D
13:30:31,INDF,RG,6500,10,F,YU,IF,D
13:30:30,INDF,RG,6475,14,F,ZP,AK,F
13:30:30,INDF,RG,6475,2,F,CS,AK,F
13:30:30,INDF,RG,6475,2,D,DR,AK,F
13:30:30,INDF,RG,6475,6,D,LG,AK,F
13:30:30,INDF,RG,6475,7,D,YP,AK,F
13:30:30,INDF,RG,6475,3,D,XC,AK,F
13:30:30,INDF,RG,6475,4,D,OD,AK,F
13:30:30,INDF,RG,6475,1,D,YP,AK,F
13:30:30,INDF,RG,6475,3,D,PD,AK,F
13:30:30,INDF,RG,6475,2,D,DX,AK,F
13:30:30,INDF,RG,6475,2,D,CC,AK,F
13:30:30,INDF,RG,6475,1,F,CS,AK,F
13:30:30,INDF,RG,6475,2,D,PD,AK,F
13:30:28,INDF,RG,6500,20,F,YU,IF,D
13:30:28,INDF,RG,6500,10,F,YU,YP,D
13:30:28,INDF,RG,6500,1,F,YU,GR,D
13:30:28,INDF,RG,6500,5,F,YU,CS,F
13:30:28,INDF,RG,6500,3,F,YU,XC,D
13:30:28,INDF,RG,6500,1,F,YU,CC,D
13:30:28,INDF,RG,6500,1,F,YU,PD,D
13:30:28,INDF,RG,6500,31,F,YU,CC,F
13:30:28,INDF,RG,6500,2,F,YU,PD,D
13:30:28,INDF,RG,6500,25,F,YU,IF,D
13:30:28,INDF,RG,6500,13,F,YU,CC,D
13:30:28,INDF,RG,6500,20,F,YU,CC,D
13:30:28,INDF,RG,6500,1,F,YU,CC,D
13:30:28,INDF,RG,6500,5,F,YU,CS,F
13:30:28,INDF,RG,6500,86,F,YU,KK,D
13:30:28,INDF,RG,6475,6,D,PD,CC,F
13:30:28,INDF,RG,6500,14,F,YU,KK,D
13:30:28,INDF,RG,6500,2,F,YU,NI,D
13:30:28,INDF,RG,6500,9,F,YU,YU,F
13:30:28,INDF,RG,6500,3,F,YU,CC,D
13:30:28,INDF,RG,6500,1,F,YU,OD,D
13:30:28,INDF,RG,6500,8,F,YU,NI,D
13:30:28,INDF,RG,6500,1,F,YU,DH,D
13:30:28,INDF,RG,6500,10,F,YU,PD,D
13:30:28,INDF,RG,6500,1,F,YU,AZ,D
13:30:28,INDF,RG,6500,3,F,YU,XC,D
13:30:28,INDF,RG,6500,60,F,YU,CC,D
13:30:28,INDF,RG,6500,20,F,YU,CC,D
13:30:28,INDF,RG,6500,2,F,YU,YP,D
13:30:28,INDF,RG,6500,3,F,YU,CS,F
13:30:28,INDF,RG,6500,87,F,YU,YP,D
13:30:28,INDF,RG,6500,112,F,YU,YP,D
13:30:28,INDF,RG,6500,1,F,YU,YP,D
13:30:28,INDF,RG,6500,2,F,YU,SQ,D
13:30:28,INDF,RG,6500,35,F,YU,SQ,D
13:30:28,INDF,RG,6500,40,F,YU,CC,F
13:30:28,INDF,RG,6500,34,F,YU,CC,D
13:30:27,INDF,RG,6500,112,F,YU,CC,D
13:30:26,INDF,RG,6500,112,F,YU,CC,D
13:30:26,INDF,RG,6500,10,F,NI,CC,D
13:30:23,INDF,RG,6500,12,F,ZP,CC,D
13:30:22,INDF,RG,6475,2,D,PD,CC,F
13:30:20,INDF,RG,6500,2,D,XC,CC,D
13:30:19,INDF,RG,6475,1,D,PD,AK,F
13:30:19,INDF,RG,6475,1,D,PD,AK,F
13:30:18,INDF,RG,6500,2,F,ZP,CC,D
13:30:18,INDF,RG,6500,5,D,YP,CC,D
13:30:17,INDF,RG,6475,3,D,PD,CC,F
13:30:17,INDF,RG,6475,5,D,YP,CC,F
13:30:17,INDF,RG,6475,5,D,YP,AK,F
13:30:17,INDF,RG,6475,8,F,ZP,AK,F
13:30:16,INDF,RG,6500,1,D,YP,CC,D
13:30:15,INDF,RG,6475,2,F,ZP,AK,F
13:30:15,INDF,RG,6475,1,F,CS,AK,F
13:30:15,INDF,RG,6475,30,F,ZP,AK,F
13:30:15,INDF,RG,6475,1,F,ZP,AK,F
13:30:14,INDF,RG,6500,1,D,YP,CC,D
13:30:14,INDF,RG,6475,7,F,ZP,CC,F
13:30:14,INDF,RG,6500,10,D,CC,CC,D
13:30:13,INDF,RG,6500,1,D,CC,CC,D
13:30:12,INDF,RG,6500,112,F,YU,CC,D
13:30:12,INDF,RG,6500,112,F,YU,CC,D
13:30:12,INDF,RG,6475,1,F,ZP,CC,F
13:30:11,INDF,RG,6475,2,F,ZP,CC,D
13:30:11,INDF,RG,6500,15,D,XC,CC,D
13:30:11,INDF,RG,6500,2,D,XC,CC,D
13:30:10,INDF,RG,6500,1,D,XC,CC,D
13:30:10,INDF,RG,6500,1,D,XC,CC,D
13:30:10,INDF,RG,6500,1,D,XC,CC,D
13:30:10,INDF,RG,6500,1,D,XC,CC,D
13:30:10,INDF,RG,6500,1,D,XC,CC,D
13:30:10,INDF,RG,6500,2,D,XC,CC,D
13:30:10,INDF,RG,6500,3,D,XC,CC,D
13:30:10,INDF,RG,6500,1,D,XC,CC,D
13:30:09,INDF,RG,6500,10,D,XC,CC,D
13:30:09,INDF,RG,6500,2,D,CC,CC,D
13:30:08,INDF,RG,6500,1,D,XC,CC,D
13:30:08,INDF,RG,6500,1,D,PD,CC,D
13:30:08,INDF,RG,6475,4,F,ZP,CC,F
13:30:06,INDF,RG,6500,1,D,PD,CC,D
13:30:06,INDF,RG,6500,1,D,PD,CC,D
13:30:05,INDF,RG,6500,1,D,DH,CC,D
13:30:05,INDF,RG,6500,1,D,CC,CC,D
13:30:05,INDF,RG,6500,6,D,PD,CC,D
13:30:04,INDF,RG,6500,1,D,PD,CC,D
13:30:04,INDF,RG,6475,14,F,ZP,CC,F
13:30:04,INDF,RG,6500,3,D,ZP,CC,D
13:30:04,INDF,RG,6500,4,D,ZP,CC,D
13:30:03,INDF,RG,6500,3,D,KK,CC,D
13:30:03,INDF,RG,6500,10,D,SQ,CC,D
13:30:03,INDF,RG,6475,3,F,ZP,LG,D
13:30:03,INDF,RG,6500,2,D,DH,CC,D
13:30:02,INDF,RG,6500,20,D,AZ,CC,D
13:30:02,INDF,RG,6475,1,F,ZP,EP,D
13:30:02,INDF,RG,6500,250,D,GR,CC,D
13:30:02,INDF,RG,6500,1,D,YB,CC,D
13:30:02,INDF,RG,6500,5,D,EP,CC,D
13:30:02,INDF,RG,6475,4,F,ZP,LS,D
11:29:59,INDF,RG,6500,5,D,TP,CC,D
11:29:51,INDF,RG,6500,1,F,ZP,CC,D
11:29:51,INDF,RG,6500,1,F,ZP,CC,D
11:29:40,INDF,RG,6500,1,F,ZP,CC,D
11:29:33,INDF,RG,6475,2,F,ZP,ZP,F
11:29:31,INDF,RG,6475,1,F,ZP,AK,F
11:29:31,INDF,RG,6500,10,D,YP,CC,D
11:29:30,INDF,RG,6475,2,F,ZP,AK,F
11:29:30,INDF,RG,6475,1,F,ZP,DX,D
11:29:28,INDF,RG,6500,1,D,PD,CC,D
11:29:27,INDF,RG,6475,1,F,ZP,DH,D
11:29:25,INDF,RG,6475,2,F,ZP,XC,D
11:29:23,INDF,RG,6475,1,F,ZP,CC,F
11:29:23,INDF,RG,6475,1,D,YP,CC,F
11:29:21,INDF,RG,6500,1,F,ZP,CC,D
11:29:20,INDF,RG,6475,25,D,YP,IF,D
11:29:18,INDF,RG,6475,13,D,YP,CC,F
11:29:15,INDF,RG,6475,2,D,YP,AK,F
11:29:14,INDF,RG,6475,7,D,YP,AK,F
11:29:14,INDF,RG,6475,2,D,YP,AK,F
11:29:14,INDF,RG,6475,1,F,CS,AK,F
11:29:14,INDF,RG,6475,2,F,CS,AK,F
11:29:14,INDF,RG,6475,10,D,YP,AK,F
11:29:14,INDF,RG,6475,1,D,PD,AK,F
11:29:14,INDF,RG,6475,1,D,PD,AK,F
11:29:14,INDF,RG,6475,4,D,OD,AK,F
11:29:14,INDF,RG,6475,1,D,PD,AK,F
11:29:14,INDF,RG,6475,2,D,CC,AK,F
11:29:14,INDF,RG,6475,2,D,CC,AK,F
11:29:14,INDF,RG,6475,6,D,CC,CC,F
11:29:14,INDF,RG,6475,1,D,DR,CC,F
11:29:14,INDF,RG,6475,6,D,KK,CC,F
11:29:14,INDF,RG,6475,7,D,DR,CC,F
11:29:13,INDF,RG,6475,3,D,DR,AK,F
11:29:13,INDF,RG,6475,2,D,YP,AK,F
11:29:13,INDF,RG,6475,2,D,XC,AK,F
11:29:13,INDF,RG,6475,2,F,CS,AK,F
11:29:13,INDF,RG,6475,101,F,ZP,AK,F
11:29:13,INDF,RG,6475,7,D,YP,AK,F
11:29:13,INDF,RG,6475,2,F,CS,AK,F
11:29:13,INDF,RG,6475,20,D,OD,AK,F
11:29:13,INDF,RG,6475,3,D,PD,AK,F
11:29:13,INDF,RG,6475,10,D,PD,AK,F
11:29:13,INDF,RG,6475,1,F,CS,AK,F
11:29:13,INDF,RG,6475,1,F,CS,AK,F
11:29:13,INDF,RG,6475,10,D,XC,AK,F
11:29:13,INDF,RG,6475,1,D,XC,AK,F
11:29:13,INDF,RG,6475,20,D,CC,AK,F
11:29:13,INDF,RG,6475,3,D,TP,AK,F
11:29:13,INDF,RG,6475,2,D,PD,AK,F
11:29:13,INDF,RG,6475,5,D,TP,AK,F
11:29:13,INDF,RG,6475,398,D,CC,AK,F
11:29:03,INDF,RG,6475,3,D,CC,CC,F
11:29:00,INDF,RG,6500,46,F,ZP,CC,D
11:28:55,INDF,RG,6500,1,F,CG,CC,D
11:28:54,INDF,RG,6500,7,F,CG,CC,D
11:28:53,INDF,RG,6500,1,F,CG,CC,D
11:28:45,INDF,RG,6475,3,D,CC,AK,F
11:28:44,INDF,RG,6475,3,D,CC,CC,F
11:28:40,INDF,RG,6500,33,F,ZP,CC,D
11:28:40,INDF,RG,6500,13,F,ZP,CC,D
11:28:38,INDF,RG,6500,5,F,CS,CC,D
11:28:35,INDF,RG,6475,3,D,CC,ZP,F
11:28:30,INDF,RG,6475,3,D,CC,AK,F
11:28:24,INDF,RG,6475,3,D,CC,CC,F
11:28:20,INDF,RG,6500,43,F,ZP,CC,D
11:28:18,INDF,RG,6500,2,F,CG,CC,D
11:28:17,INDF,RG,6500,10,D,TP,CC,D
11:28:15,INDF,RG,6475,1,D,CC,AK,F
11:28:15,INDF,RG,6475,3,D,CC,AK,F
11:28:08,INDF,RG,6475,3,D,CC,CC,F
11:28:01,INDF,RG,6475,2,D,CC,AK,F
11:28:01,INDF,RG,6475,2,D,CC,CC,F
11:28:00,INDF,RG,6475,2,D,CC,AK,F
11:28:00,INDF,RG,6500,53,F,ZP,CC,D
11:27:59,INDF,RG,6475,25,D,CC,IF,D
11:27:45,INDF,RG,6475,3,D,CC,AK,F
11:27:45,INDF,RG,6475,1,D,CC,AK,F
11:27:41,INDF,RG,6475,2,D,CC,CC,F
11:27:40,INDF,RG,6500,47,F,ZP,CC,D
11:27:32,INDF,RG,6500,3,F,CG,CC,D
11:27:30,INDF,RG,6475,3,D,CC,AK,F
11:27:24,INDF,RG,6475,3,D,CC,CC,F
11:27:20,INDF,RG,6500,54,F,ZP,CC,D
11:27:13,INDF,RG,6500,2,F,CG,CC,D
11:27:01,INDF,RG,6475,3,D,CC,CC,F
11:27:01,INDF,RG,6475,2,D,CC,AK,F
11:27:00,INDF,RG,6475,1,D,CC,AK,F
11:27:00,INDF,RG,6500,46,F,ZP,CC,D
11:26:53,INDF,RG,6500,2,F,CG,CC,D
11:26:48,INDF,RG,6475,1,D,CC,KK,D
11:26:47,INDF,RG,6475,4,D,CC,CC,F
11:26:45,INDF,RG,6475,3,D,CC,AK,F
11:26:45,INDF,RG,6475,2,D,CC,AK,F
11:26:40,INDF,RG,6500,49,F,ZP,CC,D
11:26:33,INDF,RG,6475,4,D,CC,ZP,F
11:26:30,INDF,RG,6475,7,D,CC,AK,F
11:26:22,INDF,RG,6475,7,D,CC,CC,F
11:26:21,INDF,RG,6500,82,D,CC,CC,D
11:26:20,INDF,RG,6500,47,F,ZP,CC,D
11:26:15,INDF,RG,6475,1,F,ZP,DX,D
11:26:15,INDF,RG,6475,3,F,ZP,AK,F
11:26:14,INDF,RG,6500,15,D,DH,CC,D
11:26:06,INDF,RG,6500,2,F,CG,CC,D
11:26:06,INDF,RG,6475,1,F,ZP,CC,F
11:26:06,INDF,RG,6475,2,F,ZP,CC,F
11:26:00,INDF,RG,6475,2,F,ZP,AK,F
11:26:00,INDF,RG,6500,33,F,ZP,CC,D
11:25:42,INDF,RG,6500,1,D,IF,CC,D
11:25:38,INDF,RG,6500,5,F,CS,CC,D
11:25:30,INDF,RG,6475,2,F,ZP,AK,F
11:25:30,INDF,RG,6475,1,F,ZP,AK,F
11:25:22,INDF,RG,6475,2,F,ZP,CC,F
11:25:20,INDF,RG,6500,29,F,ZP,CC,D
11:25:15,INDF,RG,6475,8,F,ZP,AK,F
11:25:14,INDF,RG,6475,1,F,ZP,CC,F
11:25:12,INDF,RG,6500,2,F,ZP,CC,D
11:25:08,INDF,RG,6500,2,F,CG,CC,D
11:25:02,INDF,RG,6475,9,F,ZP,PD,D
11:25:02,INDF,RG,6475,11,D,ZP,PD,D
11:25:02,INDF,RG,6500,1,D,ZP,CC,D
11:25:00,INDF,RG,6475,1,D,ZP,AK,F
11:24:43,INDF,RG,6475,2,D,ZP,CC,F
11:24:40,INDF,RG,6500,7,F,ZP,CC,D
11:24:40,INDF,RG,6500,2,F,ZP,IF,D
11:24:40,INDF,RG,6500,15,F,ZP,YP,D
11:24:40,INDF,RG,6500,2,F,ZP,PD,D
11:24:40,INDF,RG,6500,1,F,ZP,XC,D
11:24:40,INDF,RG,6500,2,F,ZP,CS,F
11:24:31,INDF,RG,6475,1,D,ZP,CC,F
11:24:27,INDF,RG,6475,30,D,ZP,SQ,D
11:24:19,INDF,RG,6475,2,D,ZP,PD,D
11:24:15,INDF,RG,6475,2,D,ZP,AK,F
11:24:08,INDF,RG,6500,2,F,CG,CS,F
11:24:01,INDF,RG,6475,2,D,ZP,CC,F
11:24:00,INDF,RG,6500,1,F,ZP,CS,F
11:24:00,INDF,RG,6500,30,F,ZP,EP,D
11:23:33,INDF,RG,6500,3,D,DH,EP,D
11:23:26,INDF,RG,6475,2,D,ZP,CC,F
11:23:20,INDF,RG,6500,20,D,OD,EP,D
11:23:20,INDF,RG,6475,6,D,ZP,CC,F
11:23:12,INDF,RG,6500,13,F,YU,EP,D
11:23:12,INDF,RG,6500,112,F,YU,EP,D
11:23:11,INDF,RG,6475,3,D,ZP,CC,F
11:23:11,INDF,RG,6500,112,F,YU,EP,D
11:23:11,INDF,RG,6475,1,D,ZP,DX,D
11:23:09,INDF,RG,6500,60,F,YU,EP,D
11:23:09,INDF,RG,6500,1,F,YU,NI,D
11:23:09,INDF,RG,6500,2,F,YU,YP,D
11:23:09,INDF,RG,6500,20,F,YU,EP,D
11:23:09,INDF,RG,6500,10,F,YU,CC,D
11:23:09,INDF,RG,6500,19,F,YU,IH,D
11:23:09,INDF,RG,6500,6,F,YU,IH,D
11:23:09,INDF,RG,6500,2,F,YU,LG,D
11:23:09,INDF,RG,6500,34,F,YU,AK,F
11:23:09,INDF,RG,6500,2,F,YU,NI,D
11:23:09,INDF,RG,6500,25,F,YU,IF,D
11:23:09,INDF,RG,6500,2,F,YU,AK,F
11:23:09,INDF,RG,6500,4,F,YU,CS,F
11:23:09,INDF,RG,6500,37,F,YU,NI,D
11:23:08,INDF,RG,6500,2,F,CG,NI,D
11:23:08,INDF,RG,6500,1,F,ZP,NI,D
11:23:08,INDF,RG,6500,3,F,ZP,YP,D
11:23:08,INDF,RG,6500,2,F,ZP,YP,D
11:23:08,INDF,RG,6500,14,F,ZP,AK,F
11:23:00,INDF,RG,6500,20,F,ZP,AK,F
11:23:00,INDF,RG,6500,1,F,ZP,KK,D
11:23:00,INDF,RG,6500,6,F,ZP,PD,D
11:22:45,INDF,RG,6475,25,D,ZP,AK,F
11:22:45,INDF,RG,6475,1,D,ZP,AK,F
11:22:38,INDF,RG,6500,2,F,YU,PD,D
11:22:38,INDF,RG,6500,10,F,YU,DH,D
11:22:38,INDF,RG,6500,2,F,YU,AK,F
11:22:38,INDF,RG,6500,25,F,YU,IH,D
11:22:38,INDF,RG,6500,1,F,YU,YP,D
11:22:38,INDF,RG,6500,5,F,YU,DR,D
11:22:38,INDF,RG,6500,1,F,YU,YP,D
11:22:38,INDF,RG,6500,2,F,YU,CS,F
11:22:38,INDF,RG,6500,5,F,YU,SQ,D
11:22:38,INDF,RG,6500,59,F,YU,CC,D
11:22:38,INDF,RG,6500,11,F,YU,CC,D
11:22:38,INDF,RG,6500,25,F,YU,IF,D
11:22:38,INDF,RG,6500,4,F,YU,YP,D
11:22:38,INDF,RG,6500,7,F,YU,YP,D
11:22:38,INDF,RG,6500,65,F,YU,CS,F
11:22:31,INDF,RG,6500,5,F,CS,CS,F
11:22:20,INDF,RG,6500,24,F,ZP,CS,F
11:22:19,INDF,RG,6475,137,D,ZP,YP,F
11:22:03,INDF,RG,6500,1,D,XC,CS,F
11:22:01,INDF,RG,6500,1,F,CG,CS,F
11:22:00,INDF,RG,6500,1,F,CG,CS,F
11:21:53,INDF,RG,6475,15,D,ZP,CC,D
11:21:48,INDF,RG,6500,2,D,NI,CS,F
11:21:40,INDF,RG,6500,11,F,CS,CS,F
11:21:40,INDF,RG,6500,22,F,ZP,CS,F
11:21:22,INDF,RG,6500,3,D,NI,CS,F
11:21:04,INDF,RG,6500,1,F,ZP,CS,F
11:21:04,INDF,RG,6500,4,F,ZP,CS,F
11:21:00,INDF,RG,6500,2,F,ZP,CS,F
11:21:00,INDF,RG,6500,21,F,ZP,AK,F
11:20:56,INDF,RG,6500,2,F,CG,AK,F
11:20:53,INDF,RG,6475,2,D,ZP,CC,D
11:20:51,INDF,RG,6500,2,D,ZP,AK,F
11:20:50,INDF,RG,6500,3,D,ZP,AK,F
11:20:20,INDF,RG,6500,3,F,ZP,AK,F
11:20:20,INDF,RG,6500,2,F,ZP,AK,F
11:20:20,INDF,RG,6500,1,F,ZP,YP,D
11:20:20,INDF,RG,6500,1,F,ZP,YP,D
11:20:20,INDF,RG,6500,1,F,ZP,AK,F
11:20:20,INDF,RG,6500,12,F,ZP,AK,F
11:20:20,INDF,RG,6500,5,F,ZP,AK,F
11:20:17,INDF,RG,6500,1,F,ZP,AK,F
11:20:12,INDF,RG,6500,4,F,CG,AK,F
11:20:11,INDF,RG,6475,1,D,ZP,DX,D
11:20:00,INDF,RG,6500,3,F,ZP,AK,F
11:20:00,INDF,RG,6500,3,F,ZP,CS,F
11:20:00,INDF,RG,6500,21,F,ZP,CC,F
11:19:49,INDF,RG,6500,3,D,NI,CC,F
11:19:43,INDF,RG,6500,1,F,ZP,CC,F
11:19:43,INDF,RG,6500,5,F,ZP,CC,F
11:19:39,INDF,RG,6500,4,D,NI,CC,F
11:19:21,INDF,RG,6475,4,D,ZP,AK,F
11:19:20,INDF,RG,6500,17,D,NI,CC,F
11:19:20,INDF,RG,6500,60,D,NI,AK,F
11:19:20,INDF,RG,6500,26,F,ZP,AK,F
11:19:16,INDF,RG,6475,3,D,ZP,CC,F
11:19:16,INDF,RG,6500,5,F,CS,AK,F
11:19:15,INDF,RG,6475,52,D,ZP,AK,F
11:19:14,INDF,RG,6500,8,F,ZP,AK,F
11:19:14,INDF,RG,6500,2,F,ZP,AK,F
11:19:09,INDF,RG,6475,3,D,ZP,YP,D
11:18:45,INDF,RG,6475,3,D,ZP,CC,F
11:18:40,INDF,RG,6500,28,F,ZP,AK,F
11:18:35,INDF,RG,6475,5,D,ZP,YP,D
11:18:34,INDF,RG,6500,1,F,CG,AK,F
11:18:33,INDF,RG,6500,1,F,CG,AK,F
11:18:00,INDF,RG,6500,7,F,ZP,AK,F
11:18:00,INDF,RG,6500,2,F,ZP,XC,D
11:18:00,INDF,RG,6500,9,F,ZP,EP,D
11:18:00,INDF,RG,6500,2,F,ZP,YP,D
11:17:47,INDF,RG,6475,2,D,ZP,CC,F
11:17:41,INDF,RG,6475,10,D,ZP,PD,D
11:17:40,INDF,RG,6500,28,F,ZP,YP,D
11:17:33,INDF,RG,6475,3,D,ZP,CC,F
11:17:29,INDF,RG,6475,44,D,ZP,AK,F
11:17:28,INDF,RG,6500,2,F,CG,YP,D
11:17:09,INDF,RG,6500,1,F,ZP,YP,D
11:17:04,INDF,RG,6500,4,F,ZP,YP,D
11:17:01,INDF,RG,6475,2,D,ZP,CC,F
11:17:00,INDF,RG,6475,1,D,ZP,DX,D
11:17:00,INDF,RG,6475,1,D,ZP,AK,F
11:17:00,INDF,RG,6500,13,F,ZP,YP,D
11:17:00,INDF,RG,6500,1,F,ZP,YP,F
11:17:00,INDF,RG,6500,1,F,ZP,XC,D
11:17:00,INDF,RG,6500,12,F,ZP,PD,D
11:16:33,INDF,RG,6500,3,F,CG,PD,D
11:16:27,INDF,RG,6475,2,D,ZP,CC,F
11:16:21,INDF,RG,6475,3,D,ZP,LG,D
11:16:20,INDF,RG,6500,10,F,ZP,PD,D
11:16:20,INDF,RG,6500,10,F,ZP,PD,D
11:16:20,INDF,RG,6500,6,F,ZP,XC,D
11:16:02,INDF,RG,6500,5,F,CS,XC,D
11:15:56,INDF,RG,6475,10,D,ZP,PD,D
11:15:49,INDF,RG,6500,10,D,YP,XC,D
11:15:43,INDF,RG,6475,2,D,ZP,CC,F
11:15:40,INDF,RG,6500,5,F,ZP,XC,D
11:15:40,INDF,RG,6500,8,F,ZP,YU,F
11:15:40,INDF,RG,6500,2,F,ZP,PD,D
11:15:40,INDF,RG,6500,14,F,ZP,CC,D
11:15:33,INDF,RG,6500,2,F,CG,CC,D
11:15:25,INDF,RG,6475,2,D,ZP,CC,F
11:15:22,INDF,RG,6475,30,D,ZP,CC,D
11:15:02,INDF,RG,6475,2,D,ZP,CC,F
11:15:00,INDF,RG,6500,9,F,ZP,CC,D
11:15:00,INDF,RG,6500,14,F,ZP,ZP,F
11:15:00,INDF,RG,6475,8,D,ZP,YU,F
11:14:53,INDF,RG,6475,1,D,ZP,NI,D
11:14:42,INDF,RG,6475,19,D,ZP,CS,F
11:14:28,INDF,RG,6500,2,F,CG,ZP,F
11:14:23,INDF,RG,6475,3,D,ZP,CC,F
11:14:20,INDF,RG,6500,31,F,ZP,ZP,F
11:14:14,INDF,RG,6475,9,D,ZP,AK,F
11:13:49,INDF,RG,6475,4,D,ZP,CC,F
11:13:49,INDF,RG,6475,87,D,ZP,AK,F
11:13:47,INDF,RG,6475,1,D,ZP,DX,D
11:13:44,INDF,RG,6475,2,D,ZP,CC,F
11:13:40,INDF,RG,6500,28,F,ZP,ZP,F
11:13:31,INDF,RG,6500,5,D,CC,ZP,F
11:13:26,INDF,RG,6500,1,D,NI,ZP,F
11:13:25,INDF,RG,6475,5,D,ZP,CC,F
11:13:25,INDF,RG,6500,2,F,CG,ZP,F
11:13:24,INDF,RG,6500,77,D,NI,ZP,F
11:13:00,INDF,RG,6500,16,F,ZP,ZP,F
11:12:43,INDF,RG,6475,2,D,ZP,CC,F
11:12:40,INDF,RG,6500,5,F,CS,ZP,F
11:12:40,INDF,RG,6500,17,F,ZP,ZP,F
11:12:23,INDF,RG,6475,20,D,ZP,NI,D
11:12:20,INDF,RG,6475,2,D,ZP,CC,F
11:12:20,INDF,RG,6500,7,F,ZP,ZP,F
11:12:20,INDF,RG,6500,8,F,ZP,CC,D
11:12:20,INDF,RG,6500,7,F,ZP,HP,D
11:12:19,INDF,RG,6475,15,D,ZP,CC,F
11:12:19,INDF,RG,6475,298,D,ZP,ZP,F
11:12:10,INDF,RG,6475,2,D,ZP,CC,F
11:12:07,INDF,RG,6500,1,D,NI,HP,D
11:12:07,INDF,RG,6500,1,D,NI,PD,D
11:12:07,INDF,RG,6500,12,D,NI,IF,D
11:12:06,INDF,RG,6500,1,D,PD,IF,D
11:12:06,INDF,RG,6500,12,D,XC,IF,D
11:12:06,INDF,RG,6500,4,D,XC,GR,D
11:12:03,INDF,RG,6475,1,D,ZP,CC,F
11:12:00,INDF,RG,6500,6,F,ZP,GR,D
11:12:00,INDF,RG,6500,5,F,ZP,AZ,D
11:12:00,INDF,RG,6500,10,F,ZP,CC,D
11:11:55,INDF,RG,6500,5,D,OD,CC,D
11:11:49,INDF,RG,6475,8,D,ZP,CC,F
11:11:47,INDF,RG,6475,3,D,ZP,CC,F
11:11:46,INDF,RG,6500,15,D,CC,CC,D
11:11:46,INDF,RG,6500,5,D,CC,GR,D
11:11:46,INDF,RG,6500,50,D,CC,GR,D
11:11:46,INDF,RG,6500,10,D,CC,PD,D
11:11:46,INDF,RG,6500,1,D,CC,XC,D
11:11:46,INDF,RG,6500,1,D,CC,MG,D
11:11:46,INDF,RG,6500,40,D,CC,DH,D
11:11:46,INDF,RG,6500,20,D,CC,YP,D
11:11:46,INDF,RG,6500,2,D,CC,GR,D
11:11:46,INDF,RG,6500,3,D,CC,NI,D
11:11:46,INDF,RG,6500,1,D,CC,YP,D
11:11:46,INDF,RG,6500,1,D,CC,NI,D
11:11:46,INDF,RG,6500,35,D,CC,CC,D
11:11:46,INDF,RG,6500,1,D,CC,PD,D
11:11:46,INDF,RG,6500,2,D,CC,RG,D
11:11:46,INDF,RG,6500,1,D,CC,PD,D
11:11:46,INDF,RG,6500,5,D,CC,FS,D
11:11:46,INDF,RG,6500,7,D,CC,XA,D
11:11:43,INDF,RG,6475,8,D,ZP,CC,F
11:11:40,INDF,RG,6500,20,F,ZP,XA,D
11:11:37,INDF,RG,6475,4,D,ZP,CC,F
11:11:36,INDF,RG,6500,73,D,CC,XA,D
11:11:36,INDF,RG,6500,52,D,CC,XA,D
11:11:36,INDF,RG,6500,2,D,CC,PD,D
11:11:36,INDF,RG,6500,20,D,CC,IF,D
11:11:36,INDF,RG,6500,14,D,CC,PD,D
11:11:36,INDF,RG,6500,1,D,CC,AG,D
11:11:36,INDF,RG,6500,1,D,CC,PD,D
11:11:36,INDF,RG,6500,1,D,CC,PD,D
11:11:36,INDF,RG,6500,2,D,CC,OD,D
11:11:36,INDF,RG,6500,7,D,CC,CC,D
11:11:36,INDF,RG,6500,4,D,CC,EP,D
11:11:36,INDF,RG,6500,3,D,CC,PD,D
11:11:36,INDF,RG,6500,1,D,CC,DR,D
11:11:36,INDF,RG,6500,1,D,CC,PC,D
11:11:36,INDF,RG,6500,18,D,CC,EP,D
11:11:35,INDF,RG,6475,11,D,ZP,CC,F
11:11:34,INDF,RG,6500,200,D,CC,EP,D
11:11:33,INDF,RG,6475,23,D,ZP,CC,F
11:11:27,INDF,RG,6475,4,D,ZP,CC,F
11:11:27,INDF,RG,6500,82,D,CC,EP,D
11:11:27,INDF,RG,6500,10,D,CC,YU,D
11:11:27,INDF,RG,6500,1,D,CC,DH,D
11:11:27,INDF,RG,6500,3,D,CC,LG,D
11:11:27,INDF,RG,6500,1,D,CC,PD,D
11:11:27,INDF,RG,6500,10,D,CC,AZ,D
11:11:27,INDF,RG,6500,250,D,CC,DH,D
11:11:27,INDF,RG,6500,1,D,CC,NI,D
11:11:27,INDF,RG,6500,18,D,CC,XC,D
11:11:27,INDF,RG,6500,5,D,CC,CC,D
11:11:27,INDF,RG,6500,3,D,CC,PD,D
11:11:27,INDF,RG,6500,12,D,CC,PD,D
11:11:27,INDF,RG,6500,20,D,CC,XC,D
11:11:27,INDF,RG,6500,1,D,CC,XC,D
11:11:27,INDF,RG,6500,5,D,CC,YP,D
11:11:27,INDF,RG,6500,1,D,CC,KK,D
11:11:27,INDF,RG,6500,30,D,CC,TP,D
11:11:27,INDF,RG,6500,5,D,CC,NI,D
11:11:27,INDF,RG,6500,30,D,CC,KK,D
11:11:27,INDF,RG,6500,10,D,CC,YB,D
11:11:27,INDF,RG,6500,2,D,CC,CC,D
11:11:21,INDF,RG,6475,20,D,ZP,PD,D
11:11:20,INDF,RG,6500,3,F,ZP,CC,D
11:11:20,INDF,RG,6500,5,F,ZP,YP,D
11:11:20,INDF,RG,6500,8,F,ZP,YP,D
11:11:05,INDF,RG,6475,2,D,ZP,CC,F
11:11:00,INDF,RG,6500,25,F,ZP,YP,D
11:10:54,INDF,RG,6475,8,D,ZP,CC,F
11:10:54,INDF,RG,6475,1,D,ZP,NI,D
11:10:54,INDF,RG,6500,154,D,NI,YP,D
11:10:44,INDF,RG,6475,1,D,ZP,DX,D
11:10:24,INDF,RG,6500,3,D,PD,YP,D
11:10:24,INDF,RG,6475,1,F,ZP,CC,F
11:10:20,INDF,RG,6500,10,F,ZP,YP,D
11:10:20,INDF,RG,6500,1,F,ZP,CC,D
11:10:20,INDF,RG,6500,1,F,ZP,NI,D
11:10:20,INDF,RG,6500,2,F,ZP,KK,D
11:10:20,INDF,RG,6500,4,F,ZP,YP,D
11:10:20,INDF,RG,6500,5,F,ZP,CC,D
11:10:03,INDF,RG,6500,3,D,PD,CC,D
11:10:02,INDF,RG,6475,1,F,ZP,CC,F
11:09:57,INDF,RG,6475,2,F,ZP,XC,D
11:09:57,INDF,RG,6475,12,F,BK,XC,D
11:09:40,INDF,RG,6475,1,F,BK,CC,F
11:09:40,INDF,RG,6500,3,F,ZP,CC,D
11:09:40,INDF,RG,6500,1,F,ZP,PD,D
11:09:40,INDF,RG,6500,1,F,ZP,NI,D
11:09:40,INDF,RG,6500,3,F,ZP,KK,D
11:09:40,INDF,RG,6500,3,F,ZP,YP,D
11:09:40,INDF,RG,6500,4,F,ZP,NI,D
11:09:40,INDF,RG,6500,2,F,ZP,SQ,D
11:09:39,INDF,RG,6500,5,F,CS,SQ,D
11:09:30,INDF,RG,6475,1,F,BK,CC,F
11:09:27,INDF,RG,6475,3,F,BK,GR,D
11:09:15,INDF,RG,6475,1,F,BK,AK,F
11:09:12,INDF,RG,6500,12,F,CS,SQ,D
11:09:08,INDF,RG,6500,1,D,CC,SQ,D
11:09:00,INDF,RG,6475,1,F,BK,CC,F
11:09:00,INDF,RG,6500,18,F,ZP,SQ,D
11:08:50,INDF,RG,6500,1,D,XC,SQ,D
11:08:23,INDF,RG,6475,1,F,BK,CC,F
11:08:20,INDF,RG,6500,23,F,ZP,SQ,D
11:07:40,INDF,RG,6475,1,F,BK,DX,D
11:07:36,INDF,RG,6500,1,D,PD,SQ,D
11:07:31,INDF,RG,6475,5,F,BK,CC,F
11:07:30,INDF,RG,6475,75,F,BK,AK,F
11:07:20,INDF,RG,6500,18,F,ZP,SQ,D
11:06:57,INDF,RG,6500,1,D,ZP,SQ,D
11:06:42,INDF,RG,6475,2,F,BK,CC,F
11:06:41,INDF,RG,6475,10,F,BK,IF,D
11:06:40,INDF,RG,6500,18,F,ZP,SQ,D
11:06:40,INDF,RG,6500,1,F,ZP,LS,D
11:06:31,INDF,RG,6475,2,F,BK,BQ,D
11:06:25,INDF,RG,6500,1,F,CS,LS,D
11:06:25,INDF,RG,6500,4,F,CS,PD,D
11:06:01,INDF,RG,6475,1,F,BK,CC,F
11:06:00,INDF,RG,6500,1,F,ZP,PD,D
11:06:00,INDF,RG,6500,17,F,ZP,YP,D
11:05:30,INDF,RG,6475,2,F,BK,PD,D
11:04:44,INDF,RG,6475,8,F,BK,AK,F
11:04:30,INDF,RG,6475,1,F,BK,DX,D
11:04:16,INDF,RG,6475,3,F,BK,CC,F
11:04:15,INDF,RG,6475,45,F,BK,AK,F
11:03:27,INDF,RG,6500,1,D,YP,YP,D
11:03:00,INDF,RG,6475,10,F,BK,YU,F
11:02:39,INDF,RG,6500,3,D,YP,YP,D
11:02:26,INDF,RG,6475,2,F,BK,CC,F
11:02:22,INDF,RG,6475,2,F,BK,DH,D
11:02:20,INDF,RG,6475,12,F,BK,CC,F
11:02:20,INDF,RG,6475,14,F,ZP,CC,F
11:02:14,INDF,RG,6475,7,F,ZP,CC,F
11:02:14,INDF,RG,6475,5,F,ZP,CC,F
11:02:14,INDF,RG,6475,14,F,CG,CC,F
11:02:14,INDF,RG,6500,9,D,CC,YP,D
11:02:14,INDF,RG,6500,10,D,CC,CC,D
11:02:14,INDF,RG,6500,2,D,CC,FZ,D
11:02:14,INDF,RG,6500,2,D,CC,XC,D
11:02:14,INDF,RG,6500,1,D,CC,OD,D
11:02:14,INDF,RG,6500,3,D,CC,PD,D
11:02:14,INDF,RG,6500,1,D,CC,YP,D
11:02:14,INDF,RG,6500,1,D,CC,PD,D
11:02:14,INDF,RG,6500,1,D,CC,PD,D
11:02:14,INDF,RG,6500,10,D,CC,DH,D
11:02:14,INDF,RG,6500,1,D,CC,PD,D
11:02:14,INDF,RG,6500,50,D,CC,LG,D
11:02:14,INDF,RG,6500,1,D,CC,PD,D
11:02:14,INDF,RG,6500,2,D,CC,PD,D
11:02:14,INDF,RG,6500,100,D,CC,CC,D
11:02:14,INDF,RG,6500,3,D,CC,PD,D
11:02:14,INDF,RG,6500,1,D,CC,PD,D
11:02:14,INDF,RG,6500,15,D,CC,IF,D
11:02:14,INDF,RG,6500,1,D,CC,PD,D
11:02:14,INDF,RG,6500,5,D,CC,YP,D
11:02:14,INDF,RG,6500,1,D,CC,PD,D
11:02:14,INDF,RG,6500,2,D,CC,PD,D
11:02:14,INDF,RG,6500,1,D,CC,CC,D
11:02:14,INDF,RG,6500,82,D,CC,DX,F
11:02:14,INDF,RG,6500,50,D,CC,IH,D
11:02:14,INDF,RG,6500,1,D,CC,YP,D
11:02:14,INDF,RG,6500,1,D,CC,CC,D
11:02:14,INDF,RG,6500,1,D,CC,XC,D
11:02:14,INDF,RG,6500,1,D,CC,NI,D
11:02:14,INDF,RG,6500,1,D,CC,PD,D
11:02:14,INDF,RG,6500,1,D,CC,YP,D
11:02:14,INDF,RG,6500,1,D,CC,PD,D
11:02:14,INDF,RG,6500,50,D,CC,YP,F
11:02:14,INDF,RG,6500,24,D,CC,SQ,D
11:02:14,INDF,RG,6500,5,D,CC,XC,D
11:02:14,INDF,RG,6500,1,D,CC,NI,D
11:02:14,INDF,RG,6500,1,D,CC,XC,D
11:02:14,INDF,RG,6500,20,D,CC,IF,D
11:02:14,INDF,RG,6500,1,D,CC,AO,D
11:02:14,INDF,RG,6500,4,D,CC,CC,D
11:02:14,INDF,RG,6500,5,D,CC,CC,D
11:02:14,INDF,RG,6500,3,D,CC,TP,D
11:02:14,INDF,RG,6500,5,D,CC,YP,D
11:02:14,INDF,RG,6500,1,D,CC,NI,D
11:02:14,INDF,RG,6500,5,D,CC,NI,D
11:02:14,INDF,RG,6500,1,D,CC,KK,D
11:02:14,INDF,RG,6500,4,D,CC,YJ,D
11:02:14,INDF,RG,6500,508,D,CC,CC,D
11:01:38,INDF,RG,6500,3,D,ZP,CC,D
11:01:38,INDF,RG,6500,1,D,YP,CC,D
11:01:23,INDF,RG,6475,1,F,CG,DX,D
11:01:08,INDF,RG,6475,1,F,CG,XC,D
11:00:33,INDF,RG,6475,1,F,CG,PD,D
11:00:16,INDF,RG,6475,2,F,CG,CC,F
11:00:15,INDF,RG,6475,7,F,CG,AK,F
11:00:15,INDF,RG,6475,5,F,CS,AK,F
11:00:15,INDF,RG,6475,5,D,ZP,AK,F
11:00:15,INDF,RG,6475,26,F,ZP,AK,F
11:00:08,INDF,RG,6500,2,F,CG,CC,D
10:59:51,INDF,RG,6475,1,F,ZP,CC,F
10:59:45,INDF,RG,6475,10,F,ZP,IF,D
10:59:36,INDF,RG,6475,1,F,ZP,PD,D
10:59:36,INDF,RG,6500,6,F,CS,CC,D
10:58:55,INDF,RG,6475,1,F,ZP,CC,F
10:58:52,INDF,RG,6500,12,D,LG,CC,D
10:58:48,INDF,RG,6500,2,F,CG,CC,D
10:58:47,INDF,RG,6475,1,F,ZP,CC,F
10:58:41,INDF,RG,6500,8,D,GR,CC,D
10:58:36,INDF,RG,6475,5,F,ZP,AK,F
10:58:35,INDF,RG,6475,5,F,ZP,YP,D
10:58:21,INDF,RG,6475,2,F,ZP,XC,D
10:58:20,INDF,RG,6475,1,F,ZP,DX,D
10:58:07,INDF,RG,6475,1,F,ZP,CC,F
10:58:04,INDF,RG,6475,10,F,ZP,PD,D
10:58:03,INDF,RG,6500,10,D,XC,CC,D
10:57:33,INDF,RG,6500,2,F,CG,CC,D
10:57:19,INDF,RG,6475,1,F,ZP,XC,D
10:57:04,INDF,RG,6500,6,D,XC,CC,D
10:56:59,INDF,RG,6475,2,F,ZP,CC,F
10:56:55,INDF,RG,6500,15,D,PD,CC,D
10:56:19,INDF,RG,6500,15,D,NI,CC,D
10:56:18,INDF,RG,6500,2,F,CG,CC,D
10:56:07,INDF,RG,6475,2,F,ZP,CC,F
10:56:00,INDF,RG,6475,42,F,ZP,AK,F
10:55:50,INDF,RG,6500,6,F,CS,CC,D
10:55:42,INDF,RG,6475,2,F,ZP,CC,F
10:55:37,INDF,RG,6475,2,F,ZP,YP,D
10:55:36,INDF,RG,6475,14,F,ZP,XC,D
10:55:14,INDF,RG,6475,1,F,ZP,DX,D
10:55:08,INDF,RG,6500,1,D,NI,CC,D
10:55:08,INDF,RG,6500,2,F,CG,CC,D
10:55:07,INDF,RG,6475,3,F,ZP,YP,D
10:54:39,INDF,RG,6475,1,F,ZP,CC,F
10:54:35,INDF,RG,6500,14,F,CS,CC,D
10:54:06,INDF,RG,6475,5,F,ZP,YP,D
10:53:50,INDF,RG,6475,2,F,ZP,YP,D
10:53:49,INDF,RG,6500,2,F,CG,CC,D
10:53:45,INDF,RG,6475,1,F,ZP,AK,F
10:53:30,INDF,RG,6475,1,F,ZP,CC,F
10:53:25,INDF,RG,6500,7,D,AZ,CC,D
10:53:07,INDF,RG,6500,1,D,XC,CC,D
10:53:04,INDF,RG,6500,1,D,XC,CC,D
10:53:01,INDF,RG,6500,1,D,XC,CC,D
10:52:43,INDF,RG,6500,2,F,CG,CC,D
10:52:22,INDF,RG,6475,2,F,ZP,CC,F
10:52:18,INDF,RG,6500,1,D,YP,CC,D
10:52:17,INDF,RG,6500,1,D,NI,CC,D
10:52:15,INDF,RG,6475,41,F,ZP,AK,F
10:52:15,INDF,RG,6475,4,F,ZP,AK,F
10:52:08,INDF,RG,6475,1,F,ZP,CC,F
10:52:05,INDF,RG,6500,6,F,CS,CC,D
10:52:01,INDF,RG,6475,1,F,ZP,DX,D
10:52:00,INDF,RG,6475,8,F,ZP,YU,F
10:51:52,INDF,RG,6475,3,F,ZP,OD,D
10:51:52,INDF,RG,6475,1,F,ZP,CC,F
10:51:49,INDF,RG,6500,10,D,AT,CC,D
10:51:43,INDF,RG,6500,2,F,CG,CC,D
10:51:05,INDF,RG,6500,2,D,XC,CC,D
10:50:54,INDF,RG,6475,2,F,ZP,CC,F
10:50:50,INDF,RG,6475,15,F,ZP,CC,F
10:50:50,INDF,RG,6475,36,F,ZP,CC,F
10:50:50,INDF,RG,6500,2,D,PD,CC,D
10:50:50,INDF,RG,6500,2,F,CG,CC,D
10:50:50,INDF,RG,6500,1000,D,CC,CC,D
10:50:11,INDF,RG,6500,1,D,PD,CC,D
10:49:52,INDF,RG,6475,5,F,ZP,CC,F
10:49:51,INDF,RG,6475,44,F,ZP,KI,D
10:49:51,INDF,RG,6475,56,F,ZP,KI,D
10:49:44,INDF,RG,6500,2,F,CG,CC,D
10:49:43,INDF,RG,6475,2,F,ZP,OD,D
10:49:35,INDF,RG,6475,1,F,ZP,CC,F
10:49:33,INDF,RG,6475,4,F,ZP,CC,F
10:49:33,INDF,RG,6475,17,F,ZP,SQ,D
10:49:33,INDF,RG,6475,67,F,ZP,SQ,D
10:49:29,INDF,RG,6475,1,F,ZP,YP,D
10:49:23,INDF,RG,6475,1,F,ZP,CC,F
10:49:20,INDF,RG,6475,1,F,ZP,XC,D
10:49:18,INDF,RG,6475,10,F,ZP,SQ,D
10:48:54,INDF,RG,6475,1,F,ZP,DX,D
10:48:35,INDF,RG,6500,2,F,CG,CC,D
10:48:23,INDF,RG,6475,4,F,ZP,IF,D
10:48:23,INDF,RG,6475,6,F,ZP,IF,D
10:48:20,INDF,RG,6475,1,F,ZP,CC,F
10:48:19,INDF,RG,6500,6,F,CS,CC,D
10:47:43,INDF,RG,6500,1,D,KK,CC,D
10:47:18,INDF,RG,6500,2,F,CG,CC,D
10:47:12,INDF,RG,6500,1,D,YP,CC,D
10:47:07,INDF,RG,6475,5,F,ZP,PD,D
10:46:13,INDF,RG,6500,2,D,BQ,CC,D
10:46:01,INDF,RG,6500,2,F,CG,CC,D
10:45:56,INDF,RG,6475,2,F,ZP,XA,D
10:45:53,INDF,RG,6475,1,F,ZP,DX,D
10:45:43,INDF,RG,6475,1,F,ZP,CC,F
10:45:43,INDF,RG,6500,1,D,CC,CC,D
10:45:41,INDF,RG,6500,2,D,ZP,CC,D
10:45:35,INDF,RG,6500,2,D,CC,CC,D
10:44:48,INDF,RG,6500,2,F,CG,CC,D
10:44:17,INDF,RG,6475,1,F,ZP,YP,D
10:44:09,INDF,RG,6500,2,D,XC,CC,D
10:43:44,INDF,RG,6500,1,D,NI,CC,D
10:43:34,INDF,RG,6500,15,D,YP,CC,D
10:43:33,INDF,RG,6500,1,F,CG,CC,D
10:43:33,INDF,RG,6500,1,F,CG,CP,D
10:43:13,INDF,RG,6475,2,F,ZP,CC,F
10:43:08,INDF,RG,6500,20,D,YP,CP,D
10:43:07,INDF,RG,6475,10,F,ZP,CC,F
10:43:05,INDF,RG,6500,1,D,YP,CP,D
10:43:02,INDF,RG,6475,9,F,ZP,CC,F
10:43:01,INDF,RG,6475,48,F,ZP,AK,F
10:43:01,INDF,RG,6475,131,F,ZP,AK,F
10:43:01,INDF,RG,6475,2,F,CS,AK,F
10:43:01,INDF,RG,6475,1,F,CS,AK,F
10:43:01,INDF,RG,6475,3,F,ZP,AK,F
10:43:01,INDF,RG,6475,2,F,CS,AK,F
10:43:01,INDF,RG,6475,181,D,DR,AK,F
10:43:00,INDF,RG,6475,1,D,DR,CC,F
10:42:52,INDF,RG,6500,6,F,CS,CP,D
10:42:39,INDF,RG,6475,1,D,DR,DX,D
10:42:31,INDF,RG,6475,17,D,DR,CC,F
10:42:29,INDF,RG,6475,9,D,DR,CC,F
10:42:28,INDF,RG,6500,2,F,CG,CP,D
10:42:27,INDF,RG,6500,120,D,CC,CP,D
10:42:27,INDF,RG,6500,1,D,CC,LG,D
10:42:27,INDF,RG,6500,1,D,CC,XC,D
10:42:27,INDF,RG,6500,2,D,CC,AI,D
10:42:27,INDF,RG,6500,2,D,CC,AI,D
10:42:27,INDF,RG,6500,8,D,CC,PD,D
10:42:27,INDF,RG,6500,1,D,CC,NI,D
10:42:27,INDF,RG,6500,40,D,CC,CC,D
10:42:27,INDF,RG,6500,1,D,CC,IP,D
10:42:27,INDF,RG,6500,55,D,CC,OD,D
10:42:27,INDF,RG,6500,1,D,CC,KK,D
10:42:27,INDF,RG,6500,70,D,CC,YP,D
10:42:27,INDF,RG,6500,20,D,CC,IF,D
10:42:27,INDF,RG,6500,178,D,CC,DR,D
10:42:12,INDF,RG,6475,1,D,DR,XC,D
10:41:47,INDF,RG,6475,1,D,DR,EP,D
10:41:32,INDF,RG,6475,2,D,DR,CC,F
10:41:26,INDF,RG,6475,30,D,DR,NI,D
10:41:17,INDF,RG,6500,3,D,PD,DR,D
10:41:13,INDF,RG,6500,2,F,CG,DR,D
10:41:06,INDF,RG,6475,1,D,DR,OD,D
10:40:12,INDF,RG,6500,1,D,ZP,DR,D
10:40:11,INDF,RG,6500,3,D,ZP,DR,D
10:40:10,INDF,RG,6475,1,D,DR,CC,F
10:40:04,INDF,RG,6475,15,D,DR,CC,F
10:40:04,INDF,RG,6500,300,D,CC,DR,D
10:39:51,INDF,RG,6500,2,F,CG,DR,D
10:39:33,INDF,RG,6475,1,D,DR,DX,D
10:39:27,INDF,RG,6500,5,D,CC,DR,D
10:39:27,INDF,RG,6475,1,D,DR,CC,F
10:39:26,INDF,RG,6500,6,D,DR,DR,D
10:39:26,INDF,RG,6500,4,D,DR,XC,D
10:39:07,INDF,RG,6500,6,F,CS,XC,D
10:38:57,INDF,RG,6500,1,D,YP,XC,D
10:38:50,INDF,RG,6475,1,D,DR,CC,F
10:38:48,INDF,RG,6500,1,D,PD,XC,D
10:38:45,INDF,RG,6475,2,D,DR,YP,D
10:38:32,INDF,RG,6500,2,F,CG,XC,D
10:37:58,INDF,RG,6475,1,D,DR,CC,F
10:37:57,INDF,RG,6475,9,D,DR,KK,D
10:37:56,INDF,RG,6475,11,D,DR,CC,F
10:37:55,INDF,RG,6500,2,D,CC,YP,D
10:37:55,INDF,RG,6500,10,D,CC,PD,D
10:37:55,INDF,RG,6500,188,D,CC,YU,D
10:37:53,INDF,RG,6475,14,D,DR,CC,F
10:37:53,INDF,RG,6500,12,D,CC,YU,D
10:37:53,INDF,RG,6500,6,D,CC,NI,D
10:37:53,INDF,RG,6500,1,D,CC,NI,D
10:37:53,INDF,RG,6500,1,D,CC,EP,D
10:37:53,INDF,RG,6500,280,D,CC,YU,D
10:37:37,INDF,RG,6475,2,D,DR,XC,D
10:37:12,INDF,RG,6475,1,D,DR,CC,F
10:37:08,INDF,RG,6500,2,F,CG,YU,D
10:36:50,INDF,RG,6475,10,D,DR,IF,D
10:36:50,INDF,RG,6475,1,D,DR,CC,D
10:36:32,INDF,RG,6475,1,D,DR,DX,D
10:36:08,INDF,RG,6500,1,D,PD,YU,D
10:35:51,INDF,RG,6475,1,D,DR,KK,D
10:35:48,INDF,RG,6500,2,F,CG,YU,D
10:35:02,INDF,RG,6475,1,D,DR,CC,F
10:34:59,INDF,RG,6475,2,D,DR,YU,D
10:34:49,INDF,RG,6500,7,F,CS,YU,D
10:34:43,INDF,RG,6500,2,F,CG,YU,D
10:33:47,INDF,RG,6475,2,D,DR,YP,D
10:33:31,INDF,RG,6500,1,D,PD,YU,D
10:33:28,INDF,RG,6500,2,F,CG,YU,D
10:33:23,INDF,RG,6475,1,D,DR,CC,F
10:33:20,INDF,RG,6475,8,D,DR,NI,D
10:33:09,INDF,RG,6475,1,D,DR,PD,D
10:33:08,INDF,RG,6475,1,D,DR,BQ,D
10:33:07,INDF,RG,6500,2,D,XC,YU,D
10:33:00,INDF,RG,6475,1,D,DR,CC,F
10:32:52,INDF,RG,6500,1,D,CP,YU,D
10:32:52,INDF,RG,6500,1,D,CP,NI,D
10:32:52,INDF,RG,6500,19,D,CP,CC,D
10:32:52,INDF,RG,6500,1,D,CP,KK,D
10:32:52,INDF,RG,6500,8,D,CP,CC,D
10:32:31,INDF,RG,6475,1,D,DR,CC,F
10:32:28,INDF,RG,6500,2,F,CG,CC,D
10:31:50,INDF,RG,6475,3,D,DR,XC,D
10:31:46,INDF,RG,6475,4,D,DR,CC,F
10:31:45,INDF,RG,6475,6,D,DR,XA,D
10:31:45,INDF,RG,6475,10,D,DR,XA,D
10:31:45,INDF,RG,6475,7,D,DR,XA,D
10:31:45,INDF,RG,6475,9,D,DR,XA,D
10:31:45,INDF,RG,6475,9,D,DR,XA,D
10:31:45,INDF,RG,6475,9,D,DR,XA,D
10:31:45,INDF,RG,6475,5,D,DR,XA,D
10:31:45,INDF,RG,6475,9,D,DR,XA,D
10:31:45,INDF,RG,6475,6,D,DR,XA,D
10:31:45,INDF,RG,6475,5,D,DR,XA,D
10:31:39,INDF,RG,6475,15,D,DR,CC,D
10:31:39,INDF,RG,6475,3,D,DR,CC,F
10:31:34,INDF,RG,6500,11,D,YP,CC,D
10:31:34,INDF,RG,6500,37,D,YP,YB,D
10:31:34,INDF,RG,6500,6,D,EP,YB,D
10:31:32,INDF,RG,6500,2,F,CG,YB,D
10:31:32,INDF,RG,6475,1,D,DR,XC,D
10:31:27,INDF,RG,6475,2,D,DR,GR,D
10:31:02,INDF,RG,6475,2,D,DR,CC,F
10:30:58,INDF,RG,6475,22,D,DR,NI,D
10:30:48,INDF,RG,6475,10,D,DR,CC,F
10:30:46,INDF,RG,6475,2,D,DR,YP,D
10:30:45,INDF,RG,6475,2,D,DR,AK,F
10:30:45,INDF,RG,6475,26,D,DR,AK,F
10:30:45,INDF,RG,6475,2,D,DR,AK,F
10:30:45,INDF,RG,6475,1,D,DR,AK,F
10:30:45,INDF,RG,6475,2,D,DR,CS,F
10:30:45,INDF,RG,6475,1,D,DR,DX,D
10:30:45,INDF,RG,6475,1,D,DR,PD,D
10:30:45,INDF,RG,6475,1,D,DR,PD,D
10:30:45,INDF,RG,6475,35,D,DR,SQ,D
10:30:45,INDF,RG,6475,1,D,DR,YP,D
10:30:45,INDF,RG,6475,56,D,DR,PD,D
10:30:45,INDF,RG,6475,10,D,DR,TP,D
10:30:45,INDF,RG,6475,41,D,DR,CC,F
10:30:45,INDF,RG,6475,1,D,DR,NI,D
10:30:45,INDF,RG,6475,1,D,DR,BQ,D
10:30:45,INDF,RG,6475,6,D,DR,CS,F
10:30:45,INDF,RG,6475,15,D,DR,PD,D
10:30:45,INDF,RG,6475,16,D,DR,CC,F
10:30:45,INDF,RG,6475,695,D,DR,PD,D
10:30:45,INDF,RG,6475,30,D,DR,AK,F
10:30:45,INDF,RG,6475,50,D,DR,CP,D
10:30:45,INDF,RG,6475,1,D,DR,XC,D
10:30:45,INDF,RG,6475,20,D,DR,KK,D
10:30:45,INDF,RG,6475,1,D,DR,PD,D
10:30:45,INDF,RG,6475,1,D,DR,CC,D
10:30:45,INDF,RG,6475,1,D,DR,NI,D
10:30:45,INDF,RG,6475,10,D,DR,AK,F
10:30:42,INDF,RG,6475,34,F,ZP,AK,F
10:30:42,INDF,RG,6475,35,F,ZP,AK,F
10:30:42,INDF,RG,6475,4,F,ZP,CS,F
10:30:42,INDF,RG,6475,31,F,ZP,AK,F
10:30:42,INDF,RG,6475,1,F,ZP,PD,D
10:30:42,INDF,RG,6475,2,F,ZP,AK,F
10:30:42,INDF,RG,6475,3,F,ZP,CS,F
10:30:42,INDF,RG,6475,1,F,ZP,GR,D
10:30:42,INDF,RG,6475,10,F,ZP,NI,D
10:30:42,INDF,RG,6475,25,F,ZP,YP,D
10:30:42,INDF,RG,6475,2,F,ZP,PD,D
10:30:42,INDF,RG,6475,5,F,CS,PD,D
10:30:42,INDF,RG,6475,5,D,YP,PD,D
10:30:42,INDF,RG,6475,10,D,YP,IF,D
10:30:42,INDF,RG,6475,1,D,YP,PD,D
10:30:42,INDF,RG,6475,20,D,YP,IF,D
10:30:42,INDF,RG,6475,33,D,YP,AK,F
10:30:42,INDF,RG,6475,4,D,YP,CS,F
10:30:42,INDF,RG,6475,2,D,YP,AK,F
10:30:42,INDF,RG,6475,1,D,YP,XC,D
10:30:42,INDF,RG,6475,2,D,YP,NI,D
10:30:42,INDF,RG,6475,1,D,YP,AK,F
10:30:42,INDF,RG,6475,2,D,YP,YP,D
10:30:42,INDF,RG,6475,1,D,YP,PD,D
10:30:42,INDF,RG,6475,30,D,YP,ZP,F
10:30:42,INDF,RG,6475,1,D,YP,XC,D
10:30:42,INDF,RG,6475,3,D,YP,AK,F
10:30:42,INDF,RG,6475,35,D,YP,AK,F
10:30:42,INDF,RG,6475,2,D,YP,AK,F
10:30:42,INDF,RG,6475,150,D,YP,CS,F
10:30:42,INDF,RG,6475,1,D,YP,CC,D
10:30:42,INDF,RG,6475,25,D,YP,IH,D
10:30:42,INDF,RG,6475,9,D,YP,YU,F
10:30:42,INDF,RG,6475,3,D,YP,CS,F
10:30:42,INDF,RG,6475,100,D,YP,XA,D
10:30:42,INDF,RG,6475,10,D,YP,DH,D
10:30:42,INDF,RG,6475,6,D,YP,CS,F
10:30:42,INDF,RG,6475,1,D,YP,DR,D
10:30:42,INDF,RG,6475,5,D,YP,XC,D
10:30:42,INDF,RG,6475,1,D,YP,SQ,D
10:30:42,INDF,RG,6475,3,D,YP,PD,D
10:30:42,INDF,RG,6475,1,D,YP,OD,D
10:30:42,INDF,RG,6475,8,D,YP,PD,D
10:30:42,INDF,RG,6475,17,D,YP,CC,F
10:30:42,INDF,RG,6475,7,D,YP,CC,D
10:30:32,INDF,RG,6475,3,F,CS,CC,D
10:30:31,INDF,RG,6450,2,D,CP,CC,F
10:30:28,INDF,RG,6475,2,F,CG,CC,D
10:30:24,INDF,RG,6475,23,D,YP,CC,D
10:30:17,INDF,RG,6450,1,D,CP,PD,D
10:30:03,INDF,RG,6450,1,D,CP,DX,D
10:30:02,INDF,RG,6450,1,D,CP,CC,F
10:30:00,INDF,RG,6475,22,F,ZP,CC,D
10:29:42,INDF,RG,6475,5,D,CC,CC,D
10:29:22,INDF,RG,6475,2,F,CG,CC,D
10:29:22,INDF,RG,6450,7,D,CP,CC,F
10:29:18,INDF,RG,6450,6,D,CP,CC,F
10:29:18,INDF,RG,6475,13,F,ZP,CC,D
10:29:18,INDF,RG,6475,112,F,YU,CC,D
10:29:18,INDF,RG,6475,112,F,YU,CC,D
10:29:05,INDF,RG,6450,1,D,CP,CC,F
10:29:04,INDF,RG,6475,1,D,PD,CC,D
10:29:00,INDF,RG,6475,14,F,ZP,CC,D
10:28:29,INDF,RG,6450,3,D,CP,CC,F
10:28:28,INDF,RG,6475,20,D,NI,CC,D
10:28:23,INDF,RG,6475,4,D,AI,CC,D
10:28:23,INDF,RG,6450,48,D,CP,CC,F
10:28:22,INDF,RG,6475,4,F,CS,CC,D
10:28:21,INDF,RG,6475,500,F,AK,CC,D
10:28:21,INDF,RG,6450,3,D,CP,CC,F
10:28:20,INDF,RG,6475,156,F,AK,CC,D
10:28:20,INDF,RG,6475,1,F,AK,DR,D
10:28:20,INDF,RG,6475,10,F,AK,CC,D
10:28:20,INDF,RG,6475,1,F,AK,XC,D
10:28:20,INDF,RG,6475,4,F,AK,DH,D
10:28:20,INDF,RG,6475,5,F,AK,NI,D
10:28:20,INDF,RG,6475,2,F,AK,NI,D
10:28:20,INDF,RG,6475,1,F,AK,KK,D
10:28:20,INDF,RG,6475,14,F,AK,PD,D
10:28:20,INDF,RG,6475,6,F,AK,KK,D
10:28:20,INDF,RG,6475,40,F,AK,CC,D
10:28:20,INDF,RG,6475,1,F,AK,XC,D
10:28:20,INDF,RG,6475,50,F,AK,KK,D
10:28:20,INDF,RG,6475,6,F,AK,PD,D
10:28:20,INDF,RG,6475,1,F,AK,CS,F
10:28:20,INDF,RG,6475,10,F,AK,OD,D
10:28:20,INDF,RG,6475,6,F,AK,CC,D
10:28:20,INDF,RG,6475,1,F,AK,PD,D
10:28:20,INDF,RG,6475,3,F,AK,CS,F
10:28:20,INDF,RG,6475,1,F,AK,NI,D
10:28:20,INDF,RG,6475,13,F,AK,DH,D
10:28:20,INDF,RG,6475,6,F,AK,CS,F
10:28:20,INDF,RG,6475,18,F,AK,PD,D
10:28:20,INDF,RG,6475,5,F,AK,YP,D
10:28:20,INDF,RG,6475,10,F,AK,NI,D
10:28:20,INDF,RG,6475,5,F,AK,SQ,D
10:28:20,INDF,RG,6475,1,F,AK,CS,F
10:28:20,INDF,RG,6475,70,F,AK,CC,D
10:28:20,INDF,RG,6475,1,F,AK,XC,D
10:28:20,INDF,RG,6475,50,F,AK,SA,D
10:28:20,INDF,RG,6475,2,F,AK,CS,F
10:28:20,INDF,RG,6475,22,F,ZP,CS,F
10:28:18,INDF,RG,6475,2,F,CG,CS,F
10:27:58,INDF,RG,6475,1,D,XC,CS,F
10:27:57,INDF,RG,6475,5,D,PD,CS,F
10:27:40,INDF,RG,6475,19,F,ZP,CS,F
10:27:20,INDF,RG,6475,1,D,KK,CS,F
10:27:17,INDF,RG,6475,125,D,CC,CS,F
10:27:17,INDF,RG,6475,16,D,CC,YP,D
10:27:17,INDF,RG,6475,1,D,CC,NI,D
10:27:17,INDF,RG,6475,2,D,CC,PD,D
10:27:17,INDF,RG,6475,5,D,CC,NI,D
10:27:17,INDF,RG,6475,20,D,CC,KI,D
10:27:17,INDF,RG,6475,2,D,CC,PD,D
10:27:17,INDF,RG,6475,5,D,CC,CS,F
10:27:17,INDF,RG,6475,27,D,CC,CC,F
10:27:17,INDF,RG,6475,297,D,CC,EP,D
10:27:08,INDF,RG,6475,2,F,CG,EP,D
10:27:00,INDF,RG,6450,1,D,CP,CC,F
10:27:00,INDF,RG,6475,14,F,ZP,EP,D
10:26:58,INDF,RG,6450,1,D,CP,DX,D
10:26:45,INDF,RG,6450,1,D,CP,CC,F
10:26:40,INDF,RG,6475,21,F,ZP,EP,D
10:26:17,INDF,RG,6450,1,D,CP,PD,D
10:26:02,INDF,RG,6450,1,D,CP,CC,F
10:26:00,INDF,RG,6475,12,F,ZP,EP,D
10:25:53,INDF,RG,6475,5,F,CS,EP,D
10:25:53,INDF,RG,6475,2,F,CG,EP,D
10:25:43,INDF,RG,6450,1,D,CP,CC,F
10:25:40,INDF,RG,6475,21,F,ZP,EP,D
10:25:29,INDF,RG,6450,1,D,CP,XC,D
10:25:02,INDF,RG,6450,1,D,CP,CC,F
10:25:01,INDF,RG,6475,2,D,BQ,EP,D
10:25:00,INDF,RG,6475,16,F,ZP,EP,D
10:24:48,INDF,RG,6475,2,F,CG,EP,D
10:24:41,INDF,RG,6450,1,D,CP,CC,F
10:24:36,INDF,RG,6475,20,D,OD,EP,D
10:24:27,INDF,RG,6450,2,D,CP,CC,F
10:24:20,INDF,RG,6475,20,F,ZP,EP,D
10:23:58,INDF,RG,6450,1,D,CP,DX,D
10:23:53,INDF,RG,6475,2,F,CG,EP,D
10:23:44,INDF,RG,6475,10,F,CS,EP,D
10:23:40,INDF,RG,6450,1,D,CP,CC,F
10:23:40,INDF,RG,6475,11,F,ZP,EP,D
10:23:30,INDF,RG,6450,1,D,CP,NI,D
10:23:20,INDF,RG,6475,11,F,ZP,EP,D
10:23:06,INDF,RG,6450,1,D,CP,CC,F
10:23:00,INDF,RG,6475,14,F,ZP,EP,D
10:22:54,INDF,RG,6450,1,D,CP,CC,F
10:22:52,INDF,RG,6475,4,F,CS,EP,D
10:22:50,INDF,RG,6450,1,D,CP,YP,D
10:22:46,INDF,RG,6450,10,D,CP,CC,F
10:22:42,INDF,RG,6450,16,D,CP,CC,F
10:22:41,INDF,RG,6475,14,D,CC,EP,D
10:22:41,INDF,RG,6475,1,D,CC,XA,D
10:22:41,INDF,RG,6475,1,D,CC,DR,D
10:22:41,INDF,RG,6475,10,D,CC,OD,D
10:22:41,INDF,RG,6475,4,D,CC,YP,D
10:22:41,INDF,RG,6475,1,D,CC,NI,D
10:22:41,INDF,RG,6475,1,D,CC,NI,D
10:22:41,INDF,RG,6475,5,D,CC,CC,D
10:22:41,INDF,RG,6475,3,D,CC,CS,F
10:22:41,INDF,RG,6475,1,D,CC,CC,D
10:22:41,INDF,RG,6475,25,D,CC,PD,D
10:22:41,INDF,RG,6475,51,D,CC,CC,D
10:22:41,INDF,RG,6475,6,D,CC,SQ,D
10:22:41,INDF,RG,6475,12,D,CC,XC,D
10:22:41,INDF,RG,6475,5,D,CC,KK,D
10:22:41,INDF,RG,6475,4,D,CC,CS,F
10:22:41,INDF,RG,6475,10,D,CC,KK,D
10:22:41,INDF,RG,6475,2,D,CC,YB,D
10:22:41,INDF,RG,6475,1,D,CC,PD,D
10:22:41,INDF,RG,6475,25,D,CC,NI,D
10:22:41,INDF,RG,6475,318,D,CC,AK,F
10:22:40,INDF,RG,6475,11,F,ZP,AK,F
10:22:38,INDF,RG,6475,2,F,CG,AK,F
10:22:31,INDF,RG,6450,1,D,CP,CC,F
10:22:27,INDF,RG,6475,2,D,ZP,AK,F
10:22:20,INDF,RG,6475,11,F,ZP,AK,F
10:22:17,INDF,RG,6475,2,D,YP,AK,F
10:22:03,INDF,RG,6450,1,D,CP,CC,F
10:22:00,INDF,RG,6475,11,F,ZP,AK,F
10:21:47,INDF,RG,6450,1,D,CP,CC,F
10:21:40,INDF,RG,6475,14,F,ZP,AK,F
10:21:28,INDF,RG,6475,2,F,CG,AK,F
10:21:24,INDF,RG,6450,1,D,CP,PD,D
10:21:20,INDF,RG,6475,14,F,ZP,AK,F
10:21:17,INDF,RG,6450,1,D,CP,CC,F
10:21:15,INDF,RG,6475,17,D,PD,AK,F
10:20:50,INDF,RG,6450,1,D,CP,DX,D
10:20:20,INDF,RG,6450,1,D,CP,EP,D
10:20:14,INDF,RG,6475,2,F,CG,AK,F
10:20:13,INDF,RG,6450,1,D,CP,CC,F
10:20:09,INDF,RG,6475,5,D,CC,AK,F
10:19:58,INDF,RG,6475,5,F,CS,AK,F
10:19:12,INDF,RG,6475,4,D,OD,AK,F
10:19:08,INDF,RG,6475,2,F,CG,AK,F
10:18:38,INDF,RG,6475,1,D,YP,AK,F
10:18:21,INDF,RG,6450,1,D,CP,YP,D
10:18:18,INDF,RG,6450,2,D,CP,CC,F
10:18:10,INDF,RG,6450,27,D,CP,CC,F
10:18:08,INDF,RG,6450,7,D,CP,ZP,F
10:18:04,INDF,RG,6450,3,D,CP,CC,F
10:18:03,INDF,RG,6475,142,D,CC,AK,F
10:18:03,INDF,RG,6475,48,D,CC,AK,F
10:18:03,INDF,RG,6475,3,D,CC,AK,F
10:18:03,INDF,RG,6475,36,D,CC,NI,D
10:18:03,INDF,RG,6475,5,D,CC,KK,D
10:18:03,INDF,RG,6475,1,D,CC,YP,D
10:18:03,INDF,RG,6475,1,D,CC,CS,F
10:18:03,INDF,RG,6475,15,D,CC,YP,D
10:18:03,INDF,RG,6475,10,D,CC,PD,D
10:18:03,INDF,RG,6475,3,D,CC,CS,F
10:18:03,INDF,RG,6475,10,D,CC,IF,D
10:18:03,INDF,RG,6475,8,D,CC,YU,F
10:18:03,INDF,RG,6475,4,D,CC,YP,D
10:18:03,INDF,RG,6475,4,D,CC,CS,F
10:18:03,INDF,RG,6475,20,D,CC,SQ,D
10:18:03,INDF,RG,6475,5,D,CC,CC,D
10:18:03,INDF,RG,6475,4,D,CC,KK,D
10:18:03,INDF,RG,6475,6,D,CC,XC,D
10:18:03,INDF,RG,6475,50,D,CC,YP,D
10:18:03,INDF,RG,6475,10,D,CC,PD,D
10:18:03,INDF,RG,6475,1,D,CC,CS,F
10:18:03,INDF,RG,6475,5,D,CC,PD,D
10:18:03,INDF,RG,6475,2,D,CC,YP,D
10:18:03,INDF,RG,6475,1,D,CC,NI,D
10:18:03,INDF,RG,6475,2,D,CC,CS,F
10:18:03,INDF,RG,6475,44,D,CC,AK,F
10:18:03,INDF,RG,6475,1,D,CC,CS,F
10:18:03,INDF,RG,6475,82,D,CC,OD,D
10:18:03,INDF,RG,6475,10,D,CC,PD,D
10:18:03,INDF,RG,6475,15,D,CC,CC,D
10:18:03,INDF,RG,6475,4,D,CC,CS,F
10:18:03,INDF,RG,6475,2,D,CC,AK,F
10:18:03,INDF,RG,6475,2,D,CC,NI,D
10:18:03,INDF,RG,6475,41,D,CC,AK,F
10:18:03,INDF,RG,6475,3,D,CC,XC,D
10:18:03,INDF,RG,6450,1,D,CP,CC,F
10:17:58,INDF,RG,6450,10,D,CP,PD,D
10:17:48,INDF,RG,6475,2,F,CG,XC,D
10:17:38,INDF,RG,6450,1,D,CP,AZ,D
10:17:38,INDF,RG,6450,1,D,CP,DX,D
10:17:16,INDF,RG,6475,3,D,ZP,XC,D
10:17:12,INDF,RG,6450,3,D,CP,CC,F
10:17:07,INDF,RG,6450,3,D,CP,CC,F
10:17:07,INDF,RG,6475,1,F,YU,XC,D
10:17:07,INDF,RG,6475,1,F,YU,PD,D
10:17:07,INDF,RG,6475,2,F,YU,AK,F
10:17:07,INDF,RG,6475,3,F,YU,YP,D
10:17:07,INDF,RG,6475,39,F,YU,AK,F
10:17:07,INDF,RG,6475,2,F,YU,AK,F
10:17:07,INDF,RG,6475,18,F,YU,ZP,F
10:17:07,INDF,RG,6475,1,F,YU,AK,F
10:17:07,INDF,RG,6475,1,F,YU,LS,D
10:17:07,INDF,RG,6475,10,F,YU,IF,D
10:17:07,INDF,RG,6475,1,F,YU,YP,D
10:17:07,INDF,RG,6475,10,F,YU,CC,D
10:17:07,INDF,RG,6475,18,F,YU,YU,D
10:17:07,INDF,RG,6475,2,F,YU,CC,D
10:17:07,INDF,RG,6475,3,F,YU,IF,D
10:17:05,INDF,RG,6450,3,D,CP,CC,F
10:17:04,INDF,RG,6450,7,D,CP,CC,F
10:17:03,INDF,RG,6475,7,F,YU,IF,D
10:17:03,INDF,RG,6475,4,F,YU,YU,F
10:17:03,INDF,RG,6475,2,F,YU,DH,D
10:17:03,INDF,RG,6475,40,F,YU,XC,D
10:17:03,INDF,RG,6475,1,F,YU,XC,D
10:17:03,INDF,RG,6475,58,F,YU,CC,D
10:17:02,INDF,RG,6450,4,D,CP,CC,F
10:17:02,INDF,RG,6450,75,D,CP,CP,D
10:17:02,INDF,RG,6450,2,D,PD,CP,D
10:17:02,INDF,RG,6450,68,F,ZP,CP,D
10:16:57,INDF,RG,6475,1,D,YP,CC,D
10:16:54,INDF,RG,6475,5,F,CS,CC,D
10:16:36,INDF,RG,6475,2,F,CG,CC,D
10:16:35,INDF,RG,6450,1,F,ZP,CC,F
10:16:29,INDF,RG,6450,5,F,ZP,NI,D
10:16:29,INDF,RG,6450,8,D,ZP,NI,D
10:16:29,INDF,RG,6450,7,D,CC,NI,D
10:16:27,INDF,RG,6450,2,D,CC,CC,F
10:16:23,INDF,RG,6450,3,D,CC,CC,F
10:16:23,INDF,RG,6450,8,D,CC,NI,D
10:16:23,INDF,RG,6450,25,D,CC,NI,D
10:16:23,INDF,RG,6450,1,F,CS,NI,D
10:16:23,INDF,RG,6450,2,D,XC,NI,D
10:16:23,INDF,RG,6450,3,D,GR,NI,D
10:16:23,INDF,RG,6450,50,D,OD,NI,D
10:16:23,INDF,RG,6450,4,D,CC,NI,D
10:16:23,INDF,RG,6450,7,D,CC,NI,D
10:16:14,INDF,RG,6450,1,D,CC,CC,F
10:16:13,INDF,RG,6450,1,D,XC,YP,D
10:16:13,INDF,RG,6450,1,D,SQ,YP,D
10:16:13,INDF,RG,6450,2,D,CC,YP,D
10:16:11,INDF,RG,6450,2,D,CC,GR,D
10:15:38,INDF,RG,6450,1,D,CC,YP,D
10:15:38,INDF,RG,6450,2,F,ZP,YP,D
10:15:23,INDF,RG,6475,2,F,CG,CC,D
10:15:12,INDF,RG,6450,1,F,ZP,CC,F
10:15:08,INDF,RG,6450,26,F,ZP,ZP,F
10:14:31,INDF,RG,6450,1,F,ZP,DX,D
10:14:25,INDF,RG,6450,1,F,ZP,CC,F
10:14:20,INDF,RG,6450,5,F,ZP,PD,D
10:14:15,INDF,RG,6475,2,F,CG,CC,D
10:13:49,INDF,RG,6450,1,F,ZP,CC,F
10:13:45,INDF,RG,6450,32,F,ZP,AK,F
10:13:36,INDF,RG,6450,1,F,ZP,CC,F
10:13:31,INDF,RG,6475,5,F,CS,CC,D
10:13:15,INDF,RG,6450,2,F,ZP,AK,F
10:13:08,INDF,RG,6475,2,F,CG,CC,D
10:12:39,INDF,RG,6450,1,F,ZP,CC,F
10:12:37,INDF,RG,6450,2,F,ZP,ID,D
10:12:37,INDF,RG,6450,3,F,CS,ID,D
10:12:37,INDF,RG,6450,1,D,XC,ID,D
10:12:37,INDF,RG,6450,2,D,YP,ID,D
10:12:37,INDF,RG,6450,1,F,CS,ID,D
10:12:37,INDF,RG,6450,1,D,EP,ID,D
10:12:37,INDF,RG,6450,1,D,PD,ID,D
10:12:37,INDF,RG,6450,1,F,CS,ID,D
10:12:37,INDF,RG,6450,4,D,CC,ID,D
10:12:37,INDF,RG,6450,5,D,CC,ID,D
10:12:37,INDF,RG,6450,4,D,GR,ID,D
10:12:08,INDF,RG,6450,2,D,GR,PD,D
10:12:04,INDF,RG,6450,2,D,GR,CC,F
10:12:04,INDF,RG,6475,2,F,CG,CC,D
10:12:03,INDF,RG,6450,2,D,GR,ZP,F
10:12:03,INDF,RG,6450,22,F,ZP,ZP,F
10:11:47,INDF,RG,6450,1,F,ZP,CC,F
10:11:46,INDF,RG,6475,18,D,YP,CC,D
10:11:41,INDF,RG,6450,3,F,ZP,XC,D
10:11:39,INDF,RG,6450,3,F,ZP,CC,F
10:11:35,INDF,RG,6450,9,F,ZP,PD,D
10:11:33,INDF,RG,6475,50,D,OD,CC,D
10:11:31,INDF,RG,6450,2,F,ZP,YP,D
10:11:29,INDF,RG,6450,1,F,ZP,DX,D
10:11:00,INDF,RG,6450,1,F,ZP,DR,D
10:10:57,INDF,RG,6450,1,F,ZP,CC,F
10:10:53,INDF,RG,6475,1,D,PD,CC,D
10:10:52,INDF,RG,6475,2,F,CG,CC,D
10:10:52,INDF,RG,6475,20,D,OD,CC,D
10:10:35,INDF,RG,6475,1,D,PD,CC,D
10:10:22,INDF,RG,6475,1,D,XC,CC,D
10:10:21,INDF,RG,6450,1,F,ZP,CC,F
10:10:17,INDF,RG,6475,5,F,CS,CC,D
10:09:48,INDF,RG,6450,1,F,ZP,CC,F
10:09:45,INDF,RG,6450,31,F,ZP,AK,F
10:09:38,INDF,RG,6475,2,F,CG,CC,D
10:09:35,INDF,RG,6450,1,F,ZP,CC,F
10:09:30,INDF,RG,6450,2,F,ZP,AK,F
10:09:20,INDF,RG,6475,11,F,ZP,CC,D
10:09:11,INDF,RG,6450,1,F,ZP,CC,F
10:09:08,INDF,RG,6450,5,F,ZP,ZP,F
10:09:08,INDF,RG,6450,3,D,PD,ZP,F
10:09:08,INDF,RG,6450,1,D,XC,ZP,F
10:09:08,INDF,RG,6450,10,D,PD,ZP,F
10:09:08,INDF,RG,6450,2,D,NI,ZP,F
10:09:08,INDF,RG,6450,1,D,PD,ZP,F
10:09:08,INDF,RG,6450,3,F,CS,ZP,F
10:08:35,INDF,RG,6450,1,D,PD,CC,F
10:08:32,INDF,RG,6475,2,F,CG,CC,D
10:08:25,INDF,RG,6450,1,D,PD,DX,D
10:08:20,INDF,RG,6475,17,F,ZP,CC,D
10:07:44,INDF,RG,6450,1,D,PD,CC,F
10:07:40,INDF,RG,6475,17,F,ZP,CC,D
10:07:33,INDF,RG,6475,2,F,CG,CC,D
10:07:24,INDF,RG,6450,1,D,PD,CC,F
10:07:21,INDF,RG,6450,19,D,PD,CS,F
10:07:17,INDF,RG,6450,2,D,PD,CC,F
10:07:15,INDF,RG,6450,28,D,PD,AK,F
10:07:13,INDF,RG,6450,1,D,PD,CC,F
10:07:08,INDF,RG,6450,10,D,PD,LG,D
10:07:05,INDF,RG,6475,5,F,CS,CC,D
10:07:02,INDF,RG,6450,1,D,PD,CC,F
10:07:00,INDF,RG,6450,2,D,PD,AK,F
10:07:00,INDF,RG,6475,16,F,ZP,CC,D
10:06:30,INDF,RG,6475,2,F,CG,CC,D
10:06:21,INDF,RG,6450,1,D,PD,CC,F
10:06:20,INDF,RG,6475,16,F,ZP,CC,D
10:06:08,INDF,RG,6450,1,D,PD,CC,F
10:06:05,INDF,RG,6450,25,D,PD,ZP,F
10:05:45,INDF,RG,6450,1,D,PD,AK,F
10:05:40,INDF,RG,6450,1,D,PD,CC,F
10:05:40,INDF,RG,6475,13,F,ZP,CC,D
10:05:36,INDF,RG,6450,1,D,PD,PD,D
10:05:30,INDF,RG,6450,1,D,PD,AK,F
10:05:28,INDF,RG,6475,2,F,CG,CC,D
10:05:20,INDF,RG,6450,1,F,ZP,CC,F
10:05:20,INDF,RG,6475,19,F,ZP,CC,D
10:05:13,INDF,RG,6450,1,F,ZP,DX,D
10:05:07,INDF,RG,6450,1,F,ZP,CC,F
10:05:00,INDF,RG,6450,13,F,ZP,AK,F
10:05:00,INDF,RG,6450,1,D,HD,AK,F
