Time,Stock,Brd,Price,Qty,BT,BC,SC,ST
15:14:58,INDF,RG,6475,45,D,CC,YP,D
15:13:36,INDF,RG,6475,3,D,CC,PD,D
15:12:23,INDF,RG,6475,16,D,CC,LG,D
15:11:11,INDF,RG,6475,30,D,CC,YB,D
15:10:54,INDF,RG,6475,1,D,CC,OD,D
15:10:30,INDF,RG,6475,20,D,CC,ZP,D
15:08:20,INDF,RG,6475,1,F,CS,YB,D
15:06:30,INDF,RG,6475,4,F,CS,KK,D
15:06:24,INDF,RG,6475,3,F,CS,YB,D
15:06:10,INDF,RG,6475,4,F,CS,DR,D
15:05:04,INDF,RG,6475,50,F,CS,YP,D
15:05:02,INDF,RG,6475,200,F,CS,YP,D
15:05:02,INDF,RG,6475,9,F,CS,YP,D
15:05:02,INDF,RG,6475,4,F,CS,XL,D
15:05:02,INDF,RG,6475,9,F,CS,YP,D
15:05:02,INDF,RG,6475,15,F,CS,AZ,D
15:05:02,INDF,RG,6475,1,F,CS,GR,D
15:05:01,INDF,RG,6475,25,F,CS,DR,D
15:05:00,INDF,RG,6475,2,F,CS,YB,D
15:05:00,INDF,RG,6475,3,F,CS,PD,D
15:05:00,INDF,RG,6475,1,F,CS,XA,D
15:00:00,INDF,RG,6475,150,F,CS,YJ,D
15:00:00,INDF,RG,6475,79,F,CS,CC,D
15:00:00,INDF,RG,6475,2,F,CS,PD,D
15:00:00,INDF,RG,6475,10,F,CS,BQ,D
15:00:00,INDF,RG,6475,10,F,CS,BQ,D
15:00:00,INDF,RG,6475,3,F,CS,BQ,D
15:00:00,INDF,RG,6475,2,F,CS,BQ,D
15:00:00,INDF,RG,6475,10,F,CS,BQ,D
15:00:00,INDF,RG,6475,100,F,CS,KK,D
15:00:00,INDF,RG,6475,1,F,CS,YP,D
15:00:00,INDF,RG,6475,92,F,CS,KK,D
15:00:00,INDF,RG,6475,1,F,CS,XC,D
15:00:00,INDF,RG,6475,1,F,CS,YP,D
15:00:00,INDF,RG,6475,5,F,CS,YP,D
15:00:00,INDF,RG,6475,10,F,CS,OD,D
15:00:00,INDF,RG,6475,16,F,CS,PD,D
15:00:00,INDF,RG,6475,12,F,CS,YB,D
15:00:00,INDF,RG,6475,1,F,CS,CC,D
15:00:00,INDF,RG,6475,1,F,CS,PD,D
15:00:00,INDF,RG,6475,10,F,CS,DR,D
15:00:00,INDF,RG,6475,6,F,CS,DR,D
15:00:00,INDF,RG,6475,4,F,CS,XA,D
15:00:00,INDF,RG,6475,15,F,CS,PD,D
15:00:00,INDF,RG,6475,2,F,CS,YP,D
15:00:00,INDF,RG,6475,20,F,CS,SQ,D
15:00:00,INDF,RG,6475,10,F,CS,PD,D
15:00:00,INDF,RG,6475,1,F,CS,YP,D
15:00:00,INDF,RG,6475,3,F,CS,DH,D
15:00:00,INDF,RG,6475,5,F,CS,PD,D
15:00:00,INDF,RG,6475,356,F,CS,MG,D
15:00:00,INDF,RG,6475,20,D,PD,MG,D
15:00:00,INDF,RG,6475,25,D,NI,MG,D
15:00:00,INDF,RG,6475,50,D,DH,MG,D
15:00:00,INDF,RG,6475,1,D,XL,MG,D
15:00:00,INDF,RG,6475,1,D,NI,MG,D
15:00:00,INDF,RG,6475,10,D,KK,MG,D
15:00:00,INDF,RG,6475,37,D,OK,MG,D
15:00:00,INDF,RG,6475,9,D,OK,RX,F
15:00:00,INDF,RG,6475,4,D,OK,RX,F
15:00:00,INDF,RG,6475,250,D,OK,RX,F
15:00:00,INDF,RG,6475,5,D,PD,RX,F
15:00:00,INDF,RG,6475,1,D,PD,RX,F
15:00:00,INDF,RG,6475,25,D,KK,RX,F
15:00:00,INDF,RG,6475,1,D,SQ,RX,F
15:00:00,INDF,RG,6475,25,D,YP,RX,F
15:00:00,INDF,RG,6475,2,D,YP,RX,F
15:00:00,INDF,RG,6475,5,D,XC,RX,F
15:00:00,INDF,RG,6475,1,D,XC,RX,F
15:00:00,INDF,RG,6475,25,D,DR,RX,F
15:00:00,INDF,RG,6475,100,D,RO,RX,F
15:00:00,INDF,RG,6475,5,D,LG,RX,F
15:00:00,INDF,RG,6475,1,D,PD,RX,F
15:00:00,INDF,RG,6475,24,D,PD,RX,F
15:00:00,INDF,RG,6475,5,D,PD,RX,F
15:00:00,INDF,RG,6475,187,D,XA,RX,F
15:00:00,INDF,RG,6475,1,D,XA,CC,D
15:00:00,INDF,RG,6475,3,D,XA,PD,D
15:00:00,INDF,RG,6475,10,D,XA,AI,D
15:00:00,INDF,RG,6475,109,D,XA,EP,D
15:00:00,INDF,RG,6475,10,D,LG,EP,D
15:00:00,INDF,RG,6475,10,D,KK,EP,D
15:00:00,INDF,RG,6475,1,D,KK,EP,D
15:00:00,INDF,RG,6475,100,D,TP,EP,D
15:00:00,INDF,RG,6475,1,D,YP,EP,D
15:00:00,INDF,RG,6475,5,D,DH,EP,D
15:00:00,INDF,RG,6475,1,D,NI,EP,D
15:00:00,INDF,RG,6475,14,D,PD,EP,D
15:00:00,INDF,RG,6475,2,D,GR,EP,D
15:00:00,INDF,RG,6475,2,D,CC,EP,D
15:00:00,INDF,RG,6475,2,D,SQ,EP,D
15:00:00,INDF,RG,6475,5,D,XC,EP,D
15:00:00,INDF,RG,6475,1,D,PD,EP,D
15:00:00,INDF,RG,6475,1,D,XC,EP,D
15:00:00,INDF,RG,6475,236,D,YJ,EP,D
15:00:00,INDF,RG,6475,3,D,YJ,YP,D
15:00:00,INDF,RG,6475,461,D,YJ,EP,D
15:00:00,INDF,RG,6475,1,F,OD,EP,D
15:00:00,INDF,RG,6475,3,D,XC,EP,D
15:00:00,INDF,RG,6475,10,D,YP,EP,D
15:00:00,INDF,RG,6475,5,D,YU,EP,D
15:00:00,INDF,RG,6475,20,D,DR,EP,D
15:00:00,INDF,RG,6475,1,D,YP,AK,F
15:00:00,INDF,RG,6475,1,D,PD,AK,F
15:00:00,INDF,RG,6475,20,D,DR,AK,F
15:00:00,INDF,RG,6475,32,D,YP,AK,F
15:00:00,INDF,RG,6475,2,D,YB,AK,F
15:00:00,INDF,RG,6475,1,D,PD,AK,F
15:00:00,INDF,RG,6475,23,D,YP,AK,F
15:00:00,INDF,RG,6475,1,D,KK,AK,F
15:00:00,INDF,RG,6475,11,F,ZP,AK,F
15:00:00,INDF,RG,6475,36,F,ZP,FS,F
15:00:00,INDF,RG,6475,2,F,ZP,DX,F
15:00:00,INDF,RG,6475,1472,F,ZP,BK,F
15:00:00,INDF,RG,6475,307,F,ZP,ZP,F
15:00:00,INDF,RG,6475,26,F,ZP,ZP,F
15:00:00,INDF,RG,6475,66,F,RX,ZP,F
15:00:00,INDF,RG,6475,8,F,AK,ZP,F
15:00:00,INDF,RG,6475,23,F,AK,ZP,F
15:00:00,INDF,RG,6475,19,F,AK,ZP,F
15:00:00,INDF,RG,6475,312,D,KZ,ZP,F
15:00:00,INDF,RG,6475,27,D,CC,ZP,F
15:00:00,INDF,RG,6475,223,D,PD,ZP,F
15:00:00,INDF,RG,6475,871,D,PD,ZP,F
15:00:00,INDF,RG,6475,4,D,PD,ZP,F
14:49:59,INDF,RG,6450,4,D,KK,PD,D
14:49:54,INDF,RG,6450,6,D,KK,NI,D
14:49:54,INDF,RG,6475,1,F,ZP,KK,D
14:49:54,INDF,RG,6475,7,D,YP,KK,D
14:49:54,INDF,RG,6475,100,D,YP,KK,D
14:49:54,INDF,RG,6475,112,D,YP,CS,F
14:49:54,INDF,RG,6475,2,D,YP,XC,D
14:49:54,INDF,RG,6475,14,D,YP,RX,F
14:49:53,INDF,RG,6475,2,D,XL,RX,F
14:49:52,INDF,RG,6450,71,D,KK,ZP,F
14:49:52,INDF,RG,6450,2,D,KK,ZP,F
14:49:52,INDF,RG,6450,1,D,HP,ZP,F
14:49:52,INDF,RG,6450,15,D,MG,ZP,F
14:49:52,INDF,RG,6450,5,D,PD,ZP,F
14:49:52,INDF,RG,6450,1,D,PD,ZP,F
14:49:52,INDF,RG,6450,1,D,PD,ZP,F
14:49:52,INDF,RG,6450,5,D,OD,ZP,F
14:49:52,INDF,RG,6450,4,F,DX,ZP,F
14:49:51,INDF,RG,6450,5,F,DX,ZP,F
14:49:51,INDF,RG,6450,4,D,YP,ZP,F
14:49:51,INDF,RG,6450,5,D,LG,ZP,F
14:49:51,INDF,RG,6450,25,D,NI,ZP,F
14:49:48,INDF,RG,6450,5,D,NI,ZP,F
14:49:48,INDF,RG,6450,1,D,YP,ZP,F
14:49:48,INDF,RG,6450,2,D,YP,ZP,F
14:49:48,INDF,RG,6450,5,D,SQ,ZP,F
14:49:48,INDF,RG,6450,1,D,CC,ZP,F
14:49:48,INDF,RG,6450,1,D,NI,ZP,F
14:49:48,INDF,RG,6450,1,D,KK,ZP,F
14:49:48,INDF,RG,6450,10,D,DX,ZP,F
14:49:48,INDF,RG,6450,10,D,CC,ZP,F
14:49:48,INDF,RG,6450,1,D,PD,ZP,F
14:49:48,INDF,RG,6450,1,D,NI,ZP,F
14:49:48,INDF,RG,6450,3,D,PD,ZP,F
14:49:48,INDF,RG,6450,10,D,YP,ZP,F
14:49:48,INDF,RG,6450,1,D,PD,ZP,F
14:49:48,INDF,RG,6450,1,D,CC,ZP,F
14:49:48,INDF,RG,6450,1,D,SQ,ZP,F
14:49:45,INDF,RG,6475,1,F,AK,RX,F
14:49:44,INDF,RG,6475,1,F,ZP,RX,F
14:49:44,INDF,RG,6450,4,D,SQ,PD,D
14:49:44,INDF,RG,6450,5,D,YP,PD,D
14:49:44,INDF,RG,6450,1,D,DR,PD,D
14:49:32,INDF,RG,6450,9,D,DR,XC,D
14:49:32,INDF,RG,6450,5,D,SQ,XC,D
14:49:32,INDF,RG,6450,1,D,YP,XC,D
14:49:32,INDF,RG,6450,2,D,SQ,XC,D
14:49:31,INDF,RG,6475,5,F,ZP,RX,F
14:49:30,INDF,RG,6450,1,D,LG,ZP,F
14:49:30,INDF,RG,6450,1,D,XC,ZP,F
14:49:30,INDF,RG,6450,1,D,XC,ZP,F
14:49:30,INDF,RG,6450,2,D,PD,ZP,F
14:49:30,INDF,RG,6450,1,D,NI,ZP,F
14:49:30,INDF,RG,6450,6,D,YP,ZP,F
14:49:30,INDF,RG,6450,1,D,NI,ZP,F
14:49:30,INDF,RG,6450,1,D,XC,ZP,F
14:49:30,INDF,RG,6450,10,D,SQ,ZP,F
14:49:30,INDF,RG,6450,1,D,OD,ZP,F
14:49:30,INDF,RG,6450,15,D,YP,ZP,F
14:49:30,INDF,RG,6450,1,D,PD,ZP,F
14:49:30,INDF,RG,6450,14,D,SQ,ZP,F
14:49:30,INDF,RG,6450,3,D,SQ,BK,F
14:49:30,INDF,RG,6475,1,F,AK,RX,F
14:49:30,INDF,RG,6450,3,D,SQ,ZP,F
14:49:30,INDF,RG,6450,1,D,GR,ZP,F
14:49:24,INDF,RG,6475,10,D,NI,BK,F
14:49:19,INDF,RG,6450,9,D,GR,BK,F
14:49:19,INDF,RG,6450,5,D,LG,BK,F
14:49:19,INDF,RG,6450,1,D,LG,PD,D
14:49:18,INDF,RG,6475,2,F,ZP,BK,F
14:49:18,INDF,RG,6475,1,F,ZP,BK,F
14:49:18,INDF,RG,6450,1,D,LG,YP,D
14:49:15,INDF,RG,6475,1,F,AK,BK,F
14:49:15,INDF,RG,6475,1,D,CC,BK,F
14:49:12,INDF,RG,6450,61,D,LG,ZP,F
14:49:04,INDF,RG,6475,2,D,NI,BK,F
14:49:04,INDF,RG,6450,14,D,LG,BK,F
14:49:00,INDF,RG,6475,7,D,AK,BK,F
14:49:00,INDF,RG,6475,4,D,AK,BK,F
14:49:00,INDF,RG,6475,2,D,AK,BK,F
14:49:00,INDF,RG,6475,1,D,AK,BK,F
14:49:00,INDF,RG,6450,1,D,LG,IF,D
14:49:00,INDF,RG,6475,28,D,AK,BK,F
14:49:00,INDF,RG,6475,15,D,AK,BK,F
14:49:00,INDF,RG,6475,9,D,AK,BK,F
14:49:00,INDF,RG,6475,5,D,AK,BK,F
14:49:00,INDF,RG,6475,3,D,AK,BK,F
14:49:00,INDF,RG,6475,1,D,AK,BK,F
14:49:00,INDF,RG,6475,1,D,AK,BK,F
14:49:00,INDF,RG,6475,1,D,AK,BK,F
14:49:00,INDF,RG,6475,1,D,AK,BK,F
14:49:00,INDF,RG,6475,2,D,AK,BK,F
14:49:00,INDF,RG,6475,1,D,AK,BK,F
14:48:59,INDF,RG,6450,15,D,LG,BK,F
14:48:52,INDF,RG,6450,2,D,LG,ZP,F
14:48:52,INDF,RG,6450,3,D,PD,ZP,F
14:48:52,INDF,RG,6450,2,D,PD,ZP,F
14:48:52,INDF,RG,6450,5,D,GR,ZP,F
14:48:52,INDF,RG,6450,1,D,YB,ZP,F
14:48:51,INDF,RG,6475,1,D,AK,BK,F
14:48:51,INDF,RG,6475,1,D,AK,BK,F
14:48:51,INDF,RG,6475,5,D,AK,BK,F
14:48:40,INDF,RG,6475,3,F,ZP,BK,F
14:48:40,INDF,RG,6475,2,F,ZP,BK,F
14:48:39,INDF,RG,6475,23,D,OD,BK,F
14:48:39,INDF,RG,6475,45,D,OD,RX,F
14:48:39,INDF,RG,6475,32,D,OD,ZP,F
14:48:36,INDF,RG,6475,50,D,YJ,ZP,F
14:48:35,INDF,RG,6450,4,D,YB,RX,F
14:48:32,INDF,RG,6450,7,D,YB,RX,F
14:48:31,INDF,RG,6450,12,D,YB,BK,F
14:48:31,INDF,RG,6450,1,D,YB,ZP,F
14:48:31,INDF,RG,6450,32,D,ZP,ZP,F
14:48:30,INDF,RG,6450,5,D,ZP,ZP,F
14:48:30,INDF,RG,6450,53,D,ZP,ZP,F
14:48:30,INDF,RG,6450,1,D,DH,ZP,F
14:48:30,INDF,RG,6450,2,D,GR,ZP,F
14:48:30,INDF,RG,6450,8,D,GR,BK,D
14:48:30,INDF,RG,6450,11,D,YP,BK,D
14:48:29,INDF,RG,6450,12,D,YP,BK,F
14:48:26,INDF,RG,6450,16,D,YP,RX,F
14:48:25,INDF,RG,6450,57,D,YP,DR,D
14:48:23,INDF,RG,6450,4,D,YP,DR,D
14:48:23,INDF,RG,6450,50,D,YP,DR,D
14:48:23,INDF,RG,6450,20,D,CC,DR,D
14:48:23,INDF,RG,6450,4,D,PD,DR,D
14:48:23,INDF,RG,6450,1,D,KK,DR,D
14:48:23,INDF,RG,6450,1,D,PD,DR,D
14:48:23,INDF,RG,6450,10,D,AZ,DR,D
14:48:23,INDF,RG,6450,1,D,YP,DR,D
14:48:23,INDF,RG,6450,30,D,RO,DR,D
14:48:23,INDF,RG,6450,19,D,CC,DR,D
14:48:22,INDF,RG,6450,1,D,CC,BK,D
14:48:22,INDF,RG,6450,10,D,PD,BK,D
14:48:22,INDF,RG,6450,3,D,ZP,BK,D
14:48:21,INDF,RG,6450,13,D,ZP,BK,F
14:48:19,INDF,RG,6450,9,D,ZP,RX,F
14:48:16,INDF,RG,6450,12,D,ZP,BK,F
14:48:16,INDF,RG,6450,13,D,ZP,KK,D
14:48:16,INDF,RG,6450,2,D,CC,KK,D
14:48:16,INDF,RG,6450,1,D,PD,KK,D
14:48:16,INDF,RG,6450,5,D,OD,KK,D
14:48:16,INDF,RG,6450,1,D,YP,KK,D
14:48:16,INDF,RG,6450,2,D,EP,KK,D
14:48:16,INDF,RG,6450,76,D,SQ,KK,D
14:48:16,INDF,RG,6450,21,D,SQ,RX,F
14:48:13,INDF,RG,6475,2,F,ZP,ZP,F
14:48:13,INDF,RG,6475,8,F,ZP,ZP,F
14:48:13,INDF,RG,6450,3,D,SQ,ZP,F
14:48:13,INDF,RG,6450,1,D,DH,ZP,F
14:48:13,INDF,RG,6450,8,D,NI,ZP,F
14:48:13,INDF,RG,6450,1,D,YP,ZP,F
14:48:12,INDF,RG,6450,59,D,YP,ZP,F
14:48:12,INDF,RG,6450,40,D,YP,DR,D
14:48:12,INDF,RG,6450,38,D,ZP,DR,D
14:48:12,INDF,RG,6450,12,D,ZP,BK,F
14:48:12,INDF,RG,6450,1,D,SQ,BK,F
14:48:11,INDF,RG,6450,19,D,SQ,DR,D
14:48:11,INDF,RG,6450,1,D,XC,DR,D
14:48:11,INDF,RG,6450,4,D,PD,DR,D
14:48:11,INDF,RG,6450,1,D,YP,DR,D
14:48:11,INDF,RG,6450,3,D,PD,DR,D
14:48:11,INDF,RG,6450,1,D,YP,DR,D
14:48:11,INDF,RG,6450,1,D,CC,DR,D
14:48:11,INDF,RG,6450,1,D,CC,DR,D
14:48:11,INDF,RG,6450,2,D,GR,DR,D
14:48:11,INDF,RG,6450,8,D,YP,DR,D
14:48:11,INDF,RG,6450,50,D,SQ,DR,D
14:48:11,INDF,RG,6450,5,D,CC,DR,D
14:48:11,INDF,RG,6450,9,D,XC,DR,D
14:48:10,INDF,RG,6475,1,D,KK,ZP,F
14:48:08,INDF,RG,6450,1,D,XC,RX,F
14:48:06,INDF,RG,6450,9,D,XC,YP,D
14:48:05,INDF,RG,6450,1,D,XC,RX,F
14:48:04,INDF,RG,6450,5,D,XC,RX,F
14:48:03,INDF,RG,6450,5,D,XC,BK,F
14:48:03,INDF,RG,6450,2,D,PD,BK,F
14:48:03,INDF,RG,6450,1,D,PD,BK,F
14:48:03,INDF,RG,6450,4,D,PD,BK,F
14:48:02,INDF,RG,6450,1,D,PD,BK,D
14:48:02,INDF,RG,6450,10,D,YP,BK,D
14:48:02,INDF,RG,6450,1,D,YP,BK,D
14:48:01,INDF,RG,6450,1,D,YP,RX,F
14:48:00,INDF,RG,6450,3,D,YP,BK,D
14:48:00,INDF,RG,6450,2,D,PD,BK,D
14:48:00,INDF,RG,6450,1,D,GR,BK,D
14:48:00,INDF,RG,6450,5,D,YP,BK,D
14:48:00,INDF,RG,6450,10,D,PD,BK,D
14:48:00,INDF,RG,6450,1,D,XC,BK,D
14:48:00,INDF,RG,6450,3,D,CC,BK,D
14:48:00,INDF,RG,6450,41,D,SQ,BK,D
14:47:58,INDF,RG,6450,14,D,SQ,BK,F
14:47:57,INDF,RG,6450,1,D,SQ,RX,F
14:47:55,INDF,RG,6475,4,D,XC,ZP,F
14:47:54,INDF,RG,6450,2,D,SQ,RX,F
14:47:52,INDF,RG,6450,2,D,SQ,BK,D
14:47:52,INDF,RG,6450,11,D,DH,BK,D
14:47:52,INDF,RG,6450,9,D,DH,BK,F
14:47:52,INDF,RG,6450,1,D,YP,BK,F
14:47:52,INDF,RG,6450,2,D,EP,BK,F
14:47:51,INDF,RG,6450,2,D,EP,RX,F
14:47:50,INDF,RG,6450,5,D,EP,ZP,F
14:47:48,INDF,RG,6450,15,D,EP,BK,F
14:47:46,INDF,RG,6475,3,F,ZP,ZP,F
14:47:45,INDF,RG,6450,6,D,EP,BK,D
14:47:45,INDF,RG,6450,1,D,PD,BK,D
14:47:45,INDF,RG,6450,1,D,CC,BK,D
14:47:45,INDF,RG,6450,5,D,PD,BK,D
14:47:39,INDF,RG,6450,2,D,PD,RX,F
14:47:39,INDF,RG,6475,3,D,IF,ZP,F
14:47:38,INDF,RG,6450,3,D,PD,CS,D
14:47:36,INDF,RG,6450,1,D,PD,RX,F
14:47:36,INDF,RG,6475,2,D,PD,ZP,F
14:47:36,INDF,RG,6450,1,D,YP,BK,F
14:47:36,INDF,RG,6450,1,D,KK,BK,F
14:47:36,INDF,RG,6450,2,D,KK,BK,F
14:47:36,INDF,RG,6450,3,D,KK,BK,F
14:47:36,INDF,RG,6450,7,D,KK,BK,F
14:47:35,INDF,RG,6450,2,D,KK,RX,F
14:47:35,INDF,RG,6450,1,D,OD,RX,F
14:47:35,INDF,RG,6450,1,D,PD,BK,D
14:47:35,INDF,RG,6450,5,D,YP,BK,D
14:47:35,INDF,RG,6450,1,D,YP,BK,D
14:47:35,INDF,RG,6450,1,D,SQ,BK,D
14:47:35,INDF,RG,6450,1,D,NI,BK,D
14:47:35,INDF,RG,6450,4,D,YP,BK,D
14:47:32,INDF,RG,6450,2,D,YP,BK,D
14:47:32,INDF,RG,6450,1,D,PD,BK,D
14:47:32,INDF,RG,6450,5,D,EL,BK,D
14:47:32,INDF,RG,6450,5,D,ZP,BK,D
14:47:32,INDF,RG,6450,1,D,PD,BK,D
14:47:31,INDF,RG,6450,1,D,YP,BK,F
14:47:31,INDF,RG,6450,1,D,YP,BK,F
14:47:31,INDF,RG,6450,5,D,PD,BK,F
14:47:31,INDF,RG,6450,2,D,YP,BK,F
14:47:31,INDF,RG,6450,2,D,CC,BK,F
14:47:31,INDF,RG,6450,3,D,YP,BK,F
14:47:28,INDF,RG,6450,2,D,YP,CS,D
14:47:28,INDF,RG,6450,1,D,YP,CS,D
14:47:28,INDF,RG,6450,4,D,DR,CS,D
14:47:25,INDF,RG,6450,5,D,DR,RX,F
14:47:24,INDF,RG,6450,1,D,DR,BK,F
14:47:24,INDF,RG,6450,1,D,PD,BK,F
14:47:24,INDF,RG,6450,10,D,CC,BK,F
14:47:24,INDF,RG,6450,1,D,KK,BK,F
14:47:19,INDF,RG,6450,1,D,KK,BK,F
14:47:19,INDF,RG,6450,4,D,OD,BK,F
14:47:19,INDF,RG,6450,2,D,PD,BK,F
14:47:19,INDF,RG,6450,2,D,PD,BK,F
14:47:19,INDF,RG,6450,3,D,CC,BK,F
14:47:19,INDF,RG,6450,14,D,CC,BK,D
14:47:16,INDF,RG,6450,13,D,CC,BK,D
14:47:16,INDF,RG,6450,2,D,CC,CS,D
14:47:16,INDF,RG,6450,17,D,CC,BK,F
14:47:12,INDF,RG,6450,1,D,CC,ZP,F
14:47:11,INDF,RG,6450,1,D,CC,ZP,F
14:47:05,INDF,RG,6450,2,D,CC,RX,F
14:47:04,INDF,RG,6450,13,D,CC,BK,D
14:47:04,INDF,RG,6450,12,D,CC,BK,F
14:47:01,INDF,RG,6450,1,D,CC,RX,F
14:47:00,INDF,RG,6450,1,D,CC,RX,F
14:47:00,INDF,RG,6450,12,D,CC,BK,D
14:47:00,INDF,RG,6475,4,D,PD,ZP,F
14:46:58,INDF,RG,6450,8,D,CC,BK,F
14:46:58,INDF,RG,6450,1,D,XC,BK,F
14:46:58,INDF,RG,6450,6,D,TP,BK,F
14:46:57,INDF,RG,6450,3,D,TP,RX,F
14:46:55,INDF,RG,6450,6,D,TP,CS,D
14:46:55,INDF,RG,6450,5,D,TP,BK,D
14:46:55,INDF,RG,6450,8,D,OD,BK,D
14:46:55,INDF,RG,6450,13,D,OD,BK,F
14:46:50,INDF,RG,6450,1,D,OD,LS,D
14:46:45,INDF,RG,6450,1,D,OD,CS,D
14:46:45,INDF,RG,6450,1,D,OD,CS,D
14:46:45,INDF,RG,6450,1,D,OD,CS,D
14:46:45,INDF,RG,6450,54,D,OD,RX,F
14:46:44,INDF,RG,6450,13,D,OD,BK,D
14:46:44,INDF,RG,6475,1,D,KK,ZP,F
14:46:44,INDF,RG,6450,14,D,OD,BK,F
14:46:39,INDF,RG,6450,14,D,OD,BK,F
14:46:38,INDF,RG,6450,42,D,OD,DR,D
14:46:37,INDF,RG,6450,14,D,OD,BK,D
14:46:30,INDF,RG,6450,19,D,OD,BK,F
14:46:25,INDF,RG,6450,5,D,OD,BK,D
14:46:25,INDF,RG,6450,11,D,YP,BK,D
14:46:22,INDF,RG,6450,12,D,YP,BK,F
14:46:20,INDF,RG,6450,15,D,YP,CC,D
14:46:19,INDF,RG,6450,10,D,PD,BK,D
14:46:19,INDF,RG,6450,5,D,YP,BK,D
14:46:18,INDF,RG,6450,21,D,RO,BK,F
14:46:09,INDF,RG,6475,30,F,CC,ZP,F
14:46:07,INDF,RG,6450,9,D,RO,BK,D
14:46:07,INDF,RG,6450,2,D,CC,BK,D
14:46:07,INDF,RG,6450,1,D,SQ,BK,D
14:46:07,INDF,RG,6450,1,D,YP,BK,D
14:46:07,INDF,RG,6450,1,D,PD,BK,D
14:46:07,INDF,RG,6450,3,D,KK,BK,D
14:46:06,INDF,RG,6450,13,D,KK,BK,F
14:46:06,INDF,RG,6475,4,D,FS,ZP,F
14:46:06,INDF,RG,6475,46,D,FS,DR,D
14:46:02,INDF,RG,6450,4,D,KK,BK,D
14:46:02,INDF,RG,6450,1,D,DH,BK,D
14:46:02,INDF,RG,6450,8,D,YP,BK,D
14:46:01,INDF,RG,6475,163,F,BK,DR,D
14:46:01,INDF,RG,6475,120,F,BK,ZP,F
14:45:59,INDF,RG,6475,14,D,YP,BK,F
14:45:58,INDF,RG,6475,23,D,YP,RX,F
14:45:58,INDF,RG,6475,63,D,YP,ZP,F
14:45:58,INDF,RG,6475,2,D,NI,ZP,F
14:45:58,INDF,RG,6475,1,D,NI,ZP,F
14:45:58,INDF,RG,6475,1,D,XC,ZP,F
14:45:58,INDF,RG,6475,5,D,YP,ZP,F
14:45:58,INDF,RG,6475,1,D,DH,ZP,F
14:45:57,INDF,RG,6475,5,D,AK,ZP,F
14:45:57,INDF,RG,6475,2,D,NI,ZP,F
14:45:57,INDF,RG,6475,7,F,ZP,ZP,F
14:45:57,INDF,RG,6475,2,F,ZP,ZP,F
14:45:57,INDF,RG,6475,1,D,NI,ZP,F
14:45:57,INDF,RG,6475,50,D,YP,ZP,F
14:45:57,INDF,RG,6475,46,F,CC,ZP,F
14:45:57,INDF,RG,6475,95,F,BK,ZP,F
14:45:56,INDF,RG,6475,18,F,BK,BK,D
14:45:55,INDF,RG,6475,1,F,BK,RX,F
14:45:55,INDF,RG,6475,48,F,BK,ZP,F
14:45:55,INDF,RG,6475,3,F,BK,ZP,F
14:45:54,INDF,RG,6475,1,F,BK,RX,F
14:45:54,INDF,RG,6475,4,F,BK,ZP,F
14:45:53,INDF,RG,6475,16,F,BK,BK,F
14:45:53,INDF,RG,6475,16,F,BK,RX,F
14:45:53,INDF,RG,6475,2,F,BK,YP,D
14:45:50,INDF,RG,6475,5,F,BK,CS,D
14:45:49,INDF,RG,6475,197,F,BK,DR,D
14:45:43,INDF,RG,6475,2,F,BK,RX,F
14:45:41,INDF,RG,6475,25,F,BK,BK,F
14:45:40,INDF,RG,6475,5,F,BK,RX,F
14:45:38,INDF,RG,6475,46,F,BK,ZP,F
14:45:37,INDF,RG,6475,15,F,BK,BK,D
14:45:33,INDF,RG,6475,3,F,BK,RX,F
14:45:32,INDF,RG,6475,17,F,BK,BK,D
14:45:30,INDF,RG,6475,23,F,BK,BK,F
14:45:23,INDF,RG,6475,8,F,BK,RX,F
14:45:22,INDF,RG,6475,46,F,BK,ZP,F
14:45:21,INDF,RG,6475,25,F,BK,BK,D
14:45:18,INDF,RG,6475,28,F,BK,BK,F
14:45:16,INDF,RG,6475,2,F,BK,ZP,F
14:45:10,INDF,RG,6475,1,F,BK,RX,F
14:45:08,INDF,RG,6475,8,F,BK,ZP,F
14:45:07,INDF,RG,6500,3,D,PD,RX,F
14:45:07,INDF,RG,6500,1,D,PD,ZP,F
14:45:07,INDF,RG,6500,4,D,PD,CS,D
14:45:07,INDF,RG,6475,88,F,BK,RX,F
14:45:07,INDF,RG,6475,3,D,KK,RX,F
14:45:06,INDF,RG,6475,22,D,KK,BK,F
14:45:05,INDF,RG,6475,5,D,KK,BK,D
14:45:05,INDF,RG,6475,10,F,ZP,BK,D
14:45:05,INDF,RG,6475,4,D,AK,BK,D
14:45:05,INDF,RG,6475,5,D,AK,CS,D
14:45:04,INDF,RG,6475,17,D,AK,AK,F
14:45:04,INDF,RG,6475,42,D,AK,AK,F
14:45:04,INDF,RG,6475,5,D,AK,AK,F
14:45:04,INDF,RG,6475,9,D,AK,AK,F
14:45:04,INDF,RG,6475,5,D,AK,AK,F
14:45:04,INDF,RG,6500,1,D,YP,CS,D
14:45:04,INDF,RG,6475,2,D,AK,RX,F
14:45:04,INDF,RG,6475,1,D,AK,RX,F
14:45:04,INDF,RG,6475,1,D,CP,BK,F
14:45:04,INDF,RG,6475,1,D,YP,BK,F
14:45:04,INDF,RG,6475,47,D,AK,BK,F
14:45:04,INDF,RG,6475,1,D,KK,BK,F
14:45:04,INDF,RG,6475,2,F,AK,BK,F
14:45:04,INDF,RG,6475,11,D,AK,BK,F
14:45:04,INDF,RG,6475,5,D,AK,BK,F
14:45:04,INDF,RG,6475,500,D,AT,BK,F
14:45:04,INDF,RG,6475,20,D,YB,BK,F
14:45:04,INDF,RG,6475,1,D,XC,BK,F
14:45:04,INDF,RG,6475,79,F,CC,BK,F
14:45:04,INDF,RG,6475,3,D,PD,BK,F
14:45:04,INDF,RG,6475,1,D,PD,BK,F
14:45:04,INDF,RG,6475,1,D,XC,BK,F
14:45:04,INDF,RG,6475,5,D,NI,BK,F
14:45:04,INDF,RG,6475,1,D,YP,BK,F
14:45:04,INDF,RG,6475,3,D,XC,BK,F
14:45:04,INDF,RG,6475,1,D,NI,BK,F
14:45:04,INDF,RG,6475,38,D,DR,BK,F
14:45:04,INDF,RG,6475,10,D,LG,BK,F
14:45:04,INDF,RG,6475,1,D,YP,BK,F
14:45:04,INDF,RG,6475,1,D,XC,BK,F
14:45:04,INDF,RG,6475,2,D,HP,BK,F
14:45:04,INDF,RG,6475,11,F,RX,BK,F
14:45:04,INDF,RG,6475,10,D,YP,BK,F
14:45:04,INDF,RG,6475,5,D,DR,BK,F
14:45:04,INDF,RG,6475,1,D,XC,BK,F
14:45:04,INDF,RG,6475,7,D,YU,BK,F
14:45:04,INDF,RG,6475,7,F,ZP,BK,F
14:45:04,INDF,RG,6475,25,D,PD,BK,F
14:45:04,INDF,RG,6475,5,F,ZP,BK,F
14:45:04,INDF,RG,6475,1,D,PD,BK,F
14:45:04,INDF,RG,6475,50,D,GR,BK,F
14:45:04,INDF,RG,6475,1,D,XC,BK,F
14:45:04,INDF,RG,6475,8,D,XL,BK,F
14:45:04,INDF,RG,6475,1,D,YP,BK,F
14:45:04,INDF,RG,6475,50,D,CC,BK,F
14:45:04,INDF,RG,6475,10,D,YP,BK,F
14:45:04,INDF,RG,6475,99,D,YP,AK,F
14:45:03,INDF,RG,6475,41,D,YP,ZP,F
14:45:03,INDF,RG,6475,1,D,NI,ZP,F
14:45:03,INDF,RG,6475,3,D,PD,ZP,F
14:44:58,INDF,RG,6475,6,D,PD,RX,F
14:44:56,INDF,RG,6475,24,D,PD,BK,D
14:44:55,INDF,RG,6475,17,D,PD,BK,F
14:44:55,INDF,RG,6475,3,D,YP,BK,F
14:44:54,INDF,RG,6475,22,D,YP,DX,D
14:44:54,INDF,RG,6475,1,D,HD,DX,D
14:44:54,INDF,RG,6475,1,D,SQ,DX,D
14:44:54,INDF,RG,6475,1,D,YP,DX,D
14:44:54,INDF,RG,6475,1,D,AT,DX,D
14:44:49,INDF,RG,6475,2,D,AT,RX,F
14:44:49,INDF,RG,6475,5,D,DH,RX,F
14:44:49,INDF,RG,6475,20,D,CC,RX,F
14:44:49,INDF,RG,6475,1,D,PD,RX,F
14:44:49,INDF,RG,6475,4,D,CC,RX,F
14:44:49,INDF,RG,6475,2,D,YP,RX,F
14:44:49,INDF,RG,6475,2,F,ZP,RX,F
14:44:48,INDF,RG,6475,2,F,ZP,BK,F
14:44:48,INDF,RG,6475,14,F,RX,BK,F
14:44:47,INDF,RG,6475,31,F,RX,ZP,F
14:44:47,INDF,RG,6475,24,D,AK,ZP,F
14:44:42,INDF,RG,6475,17,D,AK,BK,D
14:44:39,INDF,RG,6475,27,D,AK,BK,F
14:44:36,INDF,RG,6475,8,D,AK,YB,D
14:44:36,INDF,RG,6475,42,D,AK,YB,D
14:44:36,INDF,RG,6475,17,D,AK,BK,D
14:44:36,INDF,RG,6475,2,D,AK,ZP,F
14:44:31,INDF,RG,6475,1,D,AK,YU,D
14:44:31,INDF,RG,6475,11,D,AK,YU,D
14:44:31,INDF,RG,6475,3,F,AK,YU,D
14:44:31,INDF,RG,6475,9,F,AK,YU,D
14:44:31,INDF,RG,6475,6,D,AK,YU,D
14:44:31,INDF,RG,6475,5,F,ZP,YU,D
14:44:31,INDF,RG,6475,5,D,AK,YU,D
14:44:31,INDF,RG,6475,119,F,BK,YU,D
14:44:27,INDF,RG,6475,40,F,BK,ZP,F
14:44:27,INDF,RG,6475,28,F,BK,DX,D
14:44:25,INDF,RG,6500,1,D,XC,CS,D
14:44:23,INDF,RG,6500,1,F,ZP,CS,D
14:44:20,INDF,RG,6475,29,F,BK,BK,F
14:44:15,INDF,RG,6500,3,F,AK,CS,D
14:44:13,INDF,RG,6475,9,F,BK,RX,F
14:44:12,INDF,RG,6500,2,F,ZP,CS,D
14:44:11,INDF,RG,6475,50,F,BK,ZP,F
14:44:09,INDF,RG,6475,22,F,BK,BK,F
14:44:03,INDF,RG,6475,8,F,BK,XC,D
14:43:58,INDF,RG,6475,24,F,BK,BK,F
14:43:52,INDF,RG,6475,38,F,BK,ZP,F
14:43:46,INDF,RG,6500,2,D,YB,CS,D
14:43:46,INDF,RG,6500,8,D,YB,YU,D
14:43:39,INDF,RG,6500,12,F,RX,YU,D
14:43:37,INDF,RG,6475,49,F,BK,ZP,F
14:43:30,INDF,RG,6500,2,F,AK,YU,D
14:43:28,INDF,RG,6500,10,D,KK,YU,D
14:43:15,INDF,RG,6475,15,F,BK,PD,D
14:43:11,INDF,RG,6500,3,D,XL,YU,D
14:43:06,INDF,RG,6500,26,D,AK,YU,D
14:43:06,INDF,RG,6500,13,D,AK,YU,D
14:43:06,INDF,RG,6500,28,D,AK,RX,F
14:43:06,INDF,RG,6500,23,D,AK,ZP,F
14:43:06,INDF,RG,6500,91,D,AK,BK,F
14:43:06,INDF,RG,6500,2,D,AK,ZP,F
14:43:06,INDF,RG,6500,14,D,AK,ZP,F
14:43:06,INDF,RG,6500,10,D,AK,CC,D
14:43:06,INDF,RG,6500,1,D,AK,ZP,F
14:43:06,INDF,RG,6500,11,D,AK,ZP,F
14:43:06,INDF,RG,6500,1,D,AK,YP,D
14:43:06,INDF,RG,6475,2,F,BK,RX,F
14:43:03,INDF,RG,6475,15,F,BK,RX,F
14:43:02,INDF,RG,6475,26,F,BK,BK,F
14:43:01,INDF,RG,6475,18,F,BK,CS,D
14:43:01,INDF,RG,6475,162,F,BK,YU,D
14:43:01,INDF,RG,6475,3,F,BK,RX,F
14:42:57,INDF,RG,6475,42,F,BK,ZP,F
14:42:52,INDF,RG,6475,1,F,BK,DH,D
14:42:42,INDF,RG,6475,22,F,BK,RX,F
14:42:42,INDF,RG,6475,37,F,ZP,BK,F
14:42:40,INDF,RG,6475,39,F,ZP,ZP,F
14:42:40,INDF,RG,6475,1,F,ZP,CC,D
14:42:39,INDF,RG,6475,2,F,ZP,XL,D
14:42:31,INDF,RG,6475,14,F,ZP,BK,F
14:42:31,INDF,RG,6475,8,D,MG,BK,F
14:42:22,INDF,RG,6475,44,D,MG,ZP,F
14:42:21,INDF,RG,6475,18,D,MG,BK,F
14:42:14,INDF,RG,6475,27,D,MG,DX,D
14:42:06,INDF,RG,6500,19,F,RX,YP,D
14:42:03,INDF,RG,6500,10,D,PD,YP,D
14:42:03,INDF,RG,6500,13,D,PD,BK,F
14:42:03,INDF,RG,6500,6,D,PD,ZP,F
14:42:03,INDF,RG,6475,30,D,MG,BK,F
14:42:02,INDF,RG,6475,1,D,MG,RX,F
14:42:01,INDF,RG,6475,10,D,MG,ZP,F
14:42:00,INDF,RG,6500,3,F,AK,ZP,F
14:41:49,INDF,RG,6475,3,D,MG,RX,F
14:41:45,INDF,RG,6475,38,D,MG,BK,F
14:41:32,INDF,RG,6475,4,D,MG,RX,F
14:41:26,INDF,RG,6475,2,D,MG,PD,D
14:41:24,INDF,RG,6475,36,D,MG,BK,F
14:41:10,INDF,RG,6475,7,D,MG,DR,D
14:41:06,INDF,RG,6475,5,D,MG,RX,F
14:41:02,INDF,RG,6475,1,D,MG,SQ,D
14:40:43,INDF,RG,6500,2,D,DH,ZP,F
14:40:32,INDF,RG,6500,1,D,PD,ZP,F
14:40:29,INDF,RG,6475,2,D,MG,PD,D
14:40:26,INDF,RG,6500,4,D,GR,ZP,F
14:40:26,INDF,RG,6500,1,D,GR,ZP,F
14:40:26,INDF,RG,6500,45,D,GR,YU,D
14:40:11,INDF,RG,6475,22,D,MG,RX,F
14:40:09,INDF,RG,6475,28,D,MG,DX,D
14:40:00,INDF,RG,6475,182,D,MG,YU,D
14:39:33,INDF,RG,6500,18,F,RX,YU,D
14:39:24,INDF,RG,6500,5,D,NI,YU,D
14:38:14,INDF,RG,6475,5,D,MG,YP,D
14:37:57,INDF,RG,6500,1,D,XC,YU,D
14:37:32,INDF,RG,6500,3,D,XC,YU,D
14:37:26,INDF,RG,6500,3,D,CC,YU,D
14:37:26,INDF,RG,6500,20,D,CC,YU,D
14:37:25,INDF,RG,6500,2,D,PD,RX,F
14:37:25,INDF,RG,6500,26,D,PD,DX,D
14:37:25,INDF,RG,6500,1,D,PD,RX,F
14:37:25,INDF,RG,6500,1,D,PD,ZP,F
14:37:22,INDF,RG,6500,1,F,ZP,RX,F
14:37:22,INDF,RG,6500,2,F,ZP,ZP,F
14:37:22,INDF,RG,6500,4,F,ZP,ZP,F
14:37:00,INDF,RG,6500,9,D,AK,ZP,F
14:36:43,INDF,RG,6500,1,D,PD,ZP,F
14:36:27,INDF,RG,6500,1,D,XC,ZP,F
14:35:52,INDF,RG,6475,7,D,MG,DH,D
14:35:48,INDF,RG,6500,3,D,PD,ZP,F
14:35:32,INDF,RG,6500,11,F,BK,ZP,F
14:35:32,INDF,RG,6500,4,F,BK,YB,D
14:35:32,INDF,RG,6500,2,F,BK,PD,D
14:35:31,INDF,RG,6500,1,F,ZP,PD,D
14:35:29,INDF,RG,6500,2,F,BK,PD,D
14:35:29,INDF,RG,6500,51,F,BK,YU,D
14:35:27,INDF,RG,6500,30,F,ZP,YU,D
14:35:26,INDF,RG,6500,10,F,ZP,YU,D
14:35:26,INDF,RG,6500,8,F,ZP,ZP,D
14:35:26,INDF,RG,6500,5,F,ZP,LG,D
14:35:26,INDF,RG,6500,5,F,ZP,PD,D
14:35:26,INDF,RG,6500,4,F,ZP,SQ,D
14:35:25,INDF,RG,6500,3,F,BK,YP,D
14:35:25,INDF,RG,6500,1,F,BK,YP,D
14:35:25,INDF,RG,6500,4,F,BK,YP,D
14:35:25,INDF,RG,6500,125,F,BK,CS,F
14:35:25,INDF,RG,6500,20,F,BK,PD,D
14:35:25,INDF,RG,6500,20,F,BK,IF,D
14:35:25,INDF,RG,6500,2,F,BK,CS,D
14:35:25,INDF,RG,6500,30,F,BK,RX,F
14:35:25,INDF,RG,6500,34,F,BK,BK,F
14:35:25,INDF,RG,6475,1,D,MG,RX,F
14:35:22,INDF,RG,6475,19,D,MG,RX,F
14:35:22,INDF,RG,6475,1,D,CC,RX,F
14:35:21,INDF,RG,6475,70,F,BK,YP,D
14:35:20,INDF,RG,6475,185,F,BK,DR,D
14:35:20,INDF,RG,6475,39,F,BK,RX,F
14:35:18,INDF,RG,6475,65,F,ZP,RX,F
14:35:18,INDF,RG,6475,1,F,ZP,ZP,F
14:35:18,INDF,RG,6475,46,F,AK,ZP,F
14:35:18,INDF,RG,6475,359,F,AK,DR,D
14:35:18,INDF,RG,6475,21,F,AK,CS,D
14:35:18,INDF,RG,6475,31,F,AK,AZ,D
14:35:17,INDF,RG,6475,9,F,AK,AZ,D
14:35:17,INDF,RG,6475,5,F,AK,ZP,F
14:35:17,INDF,RG,6475,206,F,AK,ZP,F
14:35:17,INDF,RG,6475,24,F,AK,DX,D
14:35:17,INDF,RG,6475,30,F,AK,XC,D
14:35:17,INDF,RG,6475,120,F,AK,CS,F
14:35:17,INDF,RG,6475,10,F,AK,CC,D
14:35:17,INDF,RG,6475,5,F,AK,PD,D
14:35:17,INDF,RG,6475,10,F,AK,CC,D
14:35:17,INDF,RG,6475,4,F,AK,ZP,F
14:35:17,INDF,RG,6475,81,F,AK,ZP,F
14:35:17,INDF,RG,6475,4,F,AK,CS,D
14:35:17,INDF,RG,6475,6,F,AK,CS,D
14:35:17,INDF,RG,6475,1,F,AK,CS,D
14:35:17,INDF,RG,6475,336,F,AK,DR,D
14:35:17,INDF,RG,6475,13,F,AK,XC,D
14:35:17,INDF,RG,6475,96,F,AK,ZP,F
14:35:17,INDF,RG,6475,3,F,AK,ZP,F
14:35:17,INDF,RG,6475,6,F,AK,CS,D
14:35:17,INDF,RG,6475,31,F,AK,YU,D
14:35:16,INDF,RG,6475,19,D,DH,YU,D
14:35:16,INDF,RG,6475,9,F,ZP,YU,D
14:35:16,INDF,RG,6475,24,F,BK,YU,D
14:35:16,INDF,RG,6475,3,F,BK,ZP,F
14:35:16,INDF,RG,6475,25,F,BK,YP,D
14:35:16,INDF,RG,6475,122,F,BK,BK,D
14:35:16,INDF,RG,6475,21,F,AK,BK,D
14:35:16,INDF,RG,6475,99,F,AK,RX,F
14:35:16,INDF,RG,6475,399,F,AK,CS,F
14:35:16,INDF,RG,6475,348,F,AK,BK,D
14:35:16,INDF,RG,6475,100,F,AK,RX,F
14:35:16,INDF,RG,6475,33,F,AK,BK,F
14:35:16,INDF,RG,6475,7,F,ZP,BK,F
14:35:15,INDF,RG,6475,627,F,AK,BK,F
14:35:15,INDF,RG,6475,208,F,AK,DR,D
14:35:15,INDF,RG,6475,16,F,AK,ZP,F
14:35:15,INDF,RG,6475,115,F,AK,ZP,F
14:35:15,INDF,RG,6475,28,F,AK,AK,F
14:35:15,INDF,RG,6475,6,F,AK,ZP,F
14:35:14,INDF,RG,6475,2,D,CC,ZP,F
14:35:04,INDF,RG,6475,18,F,BK,ZP,F
14:35:00,INDF,RG,6450,8,D,YP,YU,D
14:35:00,INDF,RG,6450,1,D,CC,YU,D
14:35:00,INDF,RG,6450,50,D,YU,YU,D
14:35:00,INDF,RG,6450,5,D,PD,YU,D
14:35:00,INDF,RG,6450,2,D,PD,YU,D
14:35:00,INDF,RG,6450,1,D,BQ,YU,D
14:35:00,INDF,RG,6450,1,D,YP,YU,D
14:35:00,INDF,RG,6450,1,D,PD,YU,D
14:35:00,INDF,RG,6450,1,D,XC,YU,D
14:35:00,INDF,RG,6450,1,D,YP,YU,D
14:35:00,INDF,RG,6450,1,D,YP,YU,D
14:35:00,INDF,RG,6450,3,D,YP,YU,D
14:35:00,INDF,RG,6450,1,D,PD,YU,D
14:35:00,INDF,RG,6450,77,D,SQ,YU,D
14:35:00,INDF,RG,6475,19,F,BK,ZP,F
14:34:59,INDF,RG,6475,1,D,CC,ZP,F
14:34:59,INDF,RG,6450,29,D,SQ,BK,D
14:34:58,INDF,RG,6450,40,D,SQ,BK,F
14:34:52,INDF,RG,6475,1,D,CC,ZP,F
14:34:50,INDF,RG,6475,5,D,AZ,ZP,F
14:34:41,INDF,RG,6475,20,F,BK,ZP,F
14:34:39,INDF,RG,6450,2,D,SQ,RX,F
14:34:38,INDF,RG,6450,2,D,SQ,RX,F
14:34:37,INDF,RG,6450,20,D,SQ,CS,D
14:34:37,INDF,RG,6450,1,D,XC,CS,D
14:34:37,INDF,RG,6450,4,D,SQ,CS,D
14:34:37,INDF,RG,6450,1,D,OD,CS,D
14:34:37,INDF,RG,6450,1,D,OD,YP,D
14:34:37,INDF,RG,6450,4,D,PD,YP,D
14:34:37,INDF,RG,6450,5,D,NI,YP,D
14:34:37,INDF,RG,6450,1,D,YP,YP,D
14:34:37,INDF,RG,6450,1,D,YP,YP,D
14:34:37,INDF,RG,6450,1,D,YP,YP,D
14:34:37,INDF,RG,6450,3,D,YP,YP,D
14:34:37,INDF,RG,6450,1,D,YP,YP,D
14:34:37,INDF,RG,6450,1,D,CC,YP,D
14:34:37,INDF,RG,6450,8,D,SQ,YP,D
14:34:29,INDF,RG,6450,3,D,SQ,OD,D
14:34:28,INDF,RG,6450,2,D,SQ,RX,F
14:34:25,INDF,RG,6450,10,D,SQ,RX,F
14:34:24,INDF,RG,6475,27,F,BK,ZP,F
14:34:23,INDF,RG,6450,30,D,SQ,BK,D
14:34:23,INDF,RG,6450,3,D,SQ,ZP,F
14:34:22,INDF,RG,6475,100,F,AG,ZP,F
14:34:14,INDF,RG,6450,8,D,SQ,RX,F
14:34:13,INDF,RG,6475,23,F,BK,ZP,F
14:34:07,INDF,RG,6450,79,D,SQ,BK,F
14:34:00,INDF,RG,6450,2,D,SQ,RX,F
14:33:57,INDF,RG,6475,20,D,CP,ZP,F
14:33:50,INDF,RG,6450,2,D,SQ,RX,F
14:33:49,INDF,RG,6450,28,D,SQ,DX,D
14:33:47,INDF,RG,6450,3,D,SQ,RX,F
14:33:46,INDF,RG,6450,48,D,SQ,BK,F
14:33:45,INDF,RG,6450,3,D,SQ,RX,F
14:33:45,INDF,RG,6450,32,D,SQ,BK,D
14:33:42,INDF,RG,6450,1,D,SQ,RX,F
14:33:40,INDF,RG,6450,16,D,SQ,YP,D
14:33:27,INDF,RG,6450,3,D,SQ,RX,F
14:33:25,INDF,RG,6450,35,D,SQ,BK,F
14:33:12,INDF,RG,6450,2,D,SQ,RX,F
14:33:09,INDF,RG,6475,3,D,XC,ZP,F
14:33:08,INDF,RG,6450,29,D,SQ,BK,D
14:33:08,INDF,RG,6450,1,D,DH,BK,D
14:32:59,INDF,RG,6450,3,D,DH,PD,D
14:32:55,INDF,RG,6450,1,D,DH,RX,F
14:32:52,INDF,RG,6475,2,D,PD,ZP,F
14:32:52,INDF,RG,6475,5,D,YP,ZP,F
14:32:47,INDF,RG,6450,1,D,DH,RX,F
14:32:44,INDF,RG,6450,2,D,DH,BK,D
14:32:44,INDF,RG,6450,2,D,YJ,BK,D
14:32:44,INDF,RG,6450,2,D,KK,BK,D
14:32:44,INDF,RG,6450,10,D,KK,BK,D
14:32:43,INDF,RG,6475,1,D,GR,ZP,F
14:32:41,INDF,RG,6450,6,D,CC,RX,F
14:32:38,INDF,RG,6450,4,D,CC,BK,F
14:32:38,INDF,RG,6450,1,D,EP,BK,F
14:32:38,INDF,RG,6450,10,D,SQ,BK,F
14:32:38,INDF,RG,6450,25,D,PD,BK,F
14:32:38,INDF,RG,6450,1,D,PD,BK,F
14:32:38,INDF,RG,6450,8,D,DH,BK,F
14:32:38,INDF,RG,6450,28,D,PD,BK,F
14:32:31,INDF,RG,6450,1,D,PD,GR,D
14:32:30,INDF,RG,6475,1,D,YP,ZP,F
14:32:26,INDF,RG,6450,1,D,PD,RX,F
14:32:22,INDF,RG,6450,19,D,PD,BK,D
14:32:14,INDF,RG,6475,1,D,PD,ZP,F
14:32:12,INDF,RG,6450,3,D,PD,RX,F
14:32:10,INDF,RG,6475,29,D,PD,ZP,F
14:31:54,INDF,RG,6450,7,D,PD,RX,F
14:31:53,INDF,RG,6450,92,D,PD,BK,F
14:31:52,INDF,RG,6450,1,D,PD,RX,F
14:31:51,INDF,RG,6450,22,D,PD,BK,D
14:31:36,INDF,RG,6450,1,D,PD,RX,F
14:31:32,INDF,RG,6475,15,D,YP,ZP,F
14:31:26,INDF,RG,6450,2,D,PD,RX,F
14:31:21,INDF,RG,6475,15,D,YP,ZP,F
14:31:21,INDF,RG,6475,5,D,DX,ZP,F
14:31:13,INDF,RG,6450,2,D,PD,RX,F
14:31:11,INDF,RG,6450,32,D,PD,BK,D
14:31:01,INDF,RG,6450,6,D,PD,RX,F
14:30:59,INDF,RG,6475,80,D,YJ,ZP,F
14:30:56,INDF,RG,6450,7,D,PD,RX,F
14:30:54,INDF,RG,6450,91,D,PD,BK,F
14:30:50,INDF,RG,6450,3,D,PD,RX,F
14:30:48,INDF,RG,6450,5,D,PD,CC,D
14:30:45,INDF,RG,6450,36,D,PD,YP,D
14:30:41,INDF,RG,6450,2,D,PD,RX,F
14:30:37,INDF,RG,6450,26,D,PD,BK,D
14:30:25,INDF,RG,6450,1,D,PD,RX,F
14:30:23,INDF,RG,6450,9,D,PD,AZ,D
14:30:12,INDF,RG,6450,1,D,PD,RX,F
14:30:09,INDF,RG,6475,6,D,YP,ZP,F
14:30:09,INDF,RG,6475,5,D,YP,XC,D
14:30:09,INDF,RG,6475,4,D,YP,YU,D
14:30:07,INDF,RG,6475,1,D,OD,YU,D
14:30:01,INDF,RG,6450,13,D,PD,RX,F
14:29:59,INDF,RG,6450,89,D,PD,BK,F
14:29:59,INDF,RG,6450,1,D,AI,BK,F
14:29:59,INDF,RG,6450,2,D,PD,BK,F
14:29:59,INDF,RG,6450,8,D,YJ,BK,F
14:29:58,INDF,RG,6450,36,D,YJ,RX,F
14:29:58,INDF,RG,6450,2,D,YJ,YP,D
14:29:58,INDF,RG,6450,3,D,YJ,YB,D
14:29:58,INDF,RG,6450,3,D,YJ,PD,D
14:29:58,INDF,RG,6450,2,D,YJ,YB,D
14:29:58,INDF,RG,6450,14,D,YJ,CC,D
14:29:58,INDF,RG,6450,50,D,YJ,KK,D
14:29:57,INDF,RG,6450,32,D,YJ,BK,D
14:29:55,INDF,RG,6475,3,D,EP,YU,D
14:29:42,INDF,RG,6475,3,F,ZP,YU,D
14:29:29,INDF,RG,6475,5,F,ZP,YU,D
14:29:29,INDF,RG,6475,4,D,AK,YU,D
14:29:29,INDF,RG,6475,62,D,AK,YU,D
14:29:29,INDF,RG,6475,1,D,AK,YU,D
14:29:29,INDF,RG,6475,2,F,AK,YU,D
14:29:29,INDF,RG,6475,16,D,AK,YU,D
14:29:29,INDF,RG,6475,56,F,BK,YU,D
14:29:28,INDF,RG,6475,8,F,BK,ZP,F
14:29:28,INDF,RG,6475,4,D,AK,ZP,F
14:29:28,INDF,RG,6475,2,F,AK,ZP,F
14:29:28,INDF,RG,6475,27,D,AK,ZP,F
14:29:28,INDF,RG,6475,7,D,AK,ZP,F
14:29:28,INDF,RG,6475,11,F,ZP,ZP,F
14:29:28,INDF,RG,6475,50,D,AG,ZP,F
14:29:28,INDF,RG,6475,6,F,ZP,ZP,F
14:29:28,INDF,RG,6475,25,D,FS,ZP,F
14:29:28,INDF,RG,6475,1,D,YP,ZP,F
14:29:28,INDF,RG,6475,6,F,ZP,ZP,F
14:29:28,INDF,RG,6475,3,D,EP,ZP,F
14:29:28,INDF,RG,6475,1,D,SQ,ZP,F
14:29:28,INDF,RG,6475,2,D,XC,ZP,F
14:29:28,INDF,RG,6475,10,D,HP,ZP,F
14:29:28,INDF,RG,6475,11,D,CC,ZP,F
14:29:28,INDF,RG,6475,2,D,NI,ZP,F
14:29:28,INDF,RG,6475,1,D,NI,ZP,F
14:29:28,INDF,RG,6475,6,F,ZP,ZP,F
14:29:28,INDF,RG,6475,10,D,CC,ZP,F
14:29:28,INDF,RG,6475,20,F,AG,ZP,F
14:29:28,INDF,RG,6475,10,D,CP,ZP,F
14:29:28,INDF,RG,6475,8,F,CC,ZP,F
14:29:28,INDF,RG,6475,7,F,ZP,ZP,F
14:29:28,INDF,RG,6475,13,F,ZP,ZP,F
14:29:28,INDF,RG,6475,5,F,ZP,ZP,F
14:29:28,INDF,RG,6475,1,D,XC,ZP,F
14:29:28,INDF,RG,6475,1,D,XC,ZP,F
14:29:28,INDF,RG,6475,3,D,AK,ZP,F
14:29:28,INDF,RG,6475,2,F,AK,ZP,F
14:29:28,INDF,RG,6475,29,D,AK,ZP,F
14:29:28,INDF,RG,6475,1,D,KK,ZP,F
14:29:28,INDF,RG,6475,1,D,AK,ZP,F
14:29:28,INDF,RG,6475,6,D,AK,RX,F
14:29:28,INDF,RG,6475,1,D,NI,RX,F
14:29:28,INDF,RG,6475,25,D,DR,RX,F
14:29:28,INDF,RG,6475,6,D,XC,RX,F
14:29:28,INDF,RG,6475,1,F,ZP,RX,F
14:29:27,INDF,RG,6475,6,F,ZP,ZP,F
14:29:27,INDF,RG,6475,12,D,OD,ZP,F
14:29:27,INDF,RG,6475,1,D,YP,ZP,F
14:29:27,INDF,RG,6475,1,D,XC,ZP,F
14:29:27,INDF,RG,6475,4,D,XC,AK,F
14:29:27,INDF,RG,6475,1,D,XL,AK,F
14:29:27,INDF,RG,6475,3,D,XC,AK,F
14:29:27,INDF,RG,6475,57,F,BK,AK,F
14:29:26,INDF,RG,6475,6,F,BK,CC,D
14:29:26,INDF,RG,6475,6,F,ZP,CC,D
14:29:26,INDF,RG,6475,1,D,PD,CC,D
14:29:26,INDF,RG,6475,1,D,NI,CC,D
14:29:26,INDF,RG,6475,20,D,CC,CC,D
14:29:26,INDF,RG,6475,8,D,SQ,CC,D
14:29:26,INDF,RG,6475,2,D,NI,CC,D
14:29:26,INDF,RG,6475,9,F,ZP,CC,D
14:29:26,INDF,RG,6475,5,D,NI,CC,D
14:29:26,INDF,RG,6475,50,D,DR,CC,D
14:29:26,INDF,RG,6475,9,F,ZP,CC,D
14:29:26,INDF,RG,6475,1,D,XC,CC,D
14:29:26,INDF,RG,6475,10,D,XC,CC,D
14:29:26,INDF,RG,6475,15,D,NI,CC,D
14:29:26,INDF,RG,6475,6,F,ZP,CC,D
14:29:26,INDF,RG,6475,1,D,PD,CC,D
14:29:26,INDF,RG,6475,1,D,PD,CC,D
14:29:26,INDF,RG,6475,10,D,NI,CC,D
14:29:26,INDF,RG,6475,1,D,PD,CC,D
14:29:26,INDF,RG,6475,4,D,PD,CC,D
14:29:26,INDF,RG,6475,5,D,LG,CC,D
14:29:26,INDF,RG,6475,6,F,ZP,CC,D
14:29:26,INDF,RG,6475,4,D,KK,CC,D
14:29:26,INDF,RG,6475,1,D,PD,CC,D
14:29:26,INDF,RG,6475,10,D,NI,CC,D
14:29:26,INDF,RG,6475,2,D,XC,CC,D
14:29:26,INDF,RG,6475,1,D,AK,CC,D
14:29:25,INDF,RG,6475,9,D,AK,CS,D
14:29:25,INDF,RG,6475,11,D,AK,RX,F
14:29:25,INDF,RG,6475,14,D,AK,DR,D
14:29:25,INDF,RG,6475,9,F,ZP,DR,D
14:29:25,INDF,RG,6475,50,D,PD,DR,D
14:29:25,INDF,RG,6475,2,D,NI,DR,D
14:29:25,INDF,RG,6475,81,F,BK,DR,D
14:29:25,INDF,RG,6475,4,F,AK,DR,D
14:29:25,INDF,RG,6475,4,D,AK,DR,D
14:29:25,INDF,RG,6475,2,D,XC,DR,D
14:29:25,INDF,RG,6475,5,D,NI,DR,D
14:29:25,INDF,RG,6475,8,D,AK,DR,D
14:29:25,INDF,RG,6475,43,D,YB,DR,D
14:29:24,INDF,RG,6475,22,D,YB,ZP,F
14:29:23,INDF,RG,6475,133,D,YB,DR,D
14:29:18,INDF,RG,6475,2,D,YB,RX,F
14:29:16,INDF,RG,6475,28,D,YB,BK,D
14:29:15,INDF,RG,6475,2,D,YB,RX,F
14:29:05,INDF,RG,6475,2,D,YB,ZP,F
14:29:05,INDF,RG,6475,1,D,PD,ZP,F
14:29:05,INDF,RG,6475,7,F,ZP,ZP,F
14:29:05,INDF,RG,6475,2,F,AK,ZP,F
14:29:05,INDF,RG,6475,11,D,AK,ZP,F
14:29:03,INDF,RG,6475,15,D,AK,RX,F
14:28:59,INDF,RG,6475,16,D,AK,BK,F
14:28:59,INDF,RG,6475,3,D,PD,BK,F
14:28:59,INDF,RG,6475,1,D,NI,BK,F
14:28:59,INDF,RG,6475,10,D,AK,BK,F
14:28:59,INDF,RG,6475,2,D,NI,BK,F
14:28:59,INDF,RG,6475,10,D,YP,BK,F
14:28:59,INDF,RG,6475,2,D,PD,BK,F
14:28:59,INDF,RG,6475,71,D,YJ,BK,F
14:28:47,INDF,RG,6475,23,D,YJ,ZP,F
14:28:46,INDF,RG,6475,26,D,YJ,BK,D
14:28:30,INDF,RG,6475,1,D,YJ,RX,F
14:28:30,INDF,RG,6500,26,D,AK,DR,D
14:28:28,INDF,RG,6475,2,D,YJ,RX,F
14:28:28,INDF,RG,6475,20,D,YJ,ZP,F
14:28:27,INDF,RG,6475,3,D,YJ,ZP,F
14:28:25,INDF,RG,6475,4,D,YJ,DX,D
14:28:25,INDF,RG,6475,1,D,NI,DX,D
14:28:25,INDF,RG,6475,6,D,AK,DX,D
14:28:25,INDF,RG,6475,8,F,ZP,DX,D
14:28:25,INDF,RG,6475,4,D,PD,DX,D
14:28:18,INDF,RG,6475,1,D,PD,RX,F
14:28:18,INDF,RG,6475,1,D,YP,RX,F
14:28:15,INDF,RG,6475,22,D,YP,BK,D
14:28:15,INDF,RG,6475,13,D,YP,RX,F
14:28:15,INDF,RG,6500,7,D,AK,DR,D
14:28:14,INDF,RG,6475,14,D,YP,BK,F
14:28:14,INDF,RG,6475,2,D,NI,BK,F
14:28:14,INDF,RG,6475,1,D,XC,BK,F
14:28:14,INDF,RG,6475,37,D,KK,BK,F
14:28:14,INDF,RG,6475,2,D,YP,BK,F
14:28:14,INDF,RG,6475,5,D,NI,BK,F
14:28:12,INDF,RG,6475,1,D,XC,ZP,F
14:28:12,INDF,RG,6475,19,D,NI,ZP,F
14:27:54,INDF,RG,6475,15,D,NI,ZP,F
14:27:49,INDF,RG,6475,18,D,NI,BK,D
14:27:46,INDF,RG,6475,5,D,NI,ZP,F
14:27:37,INDF,RG,6475,15,D,NI,ZP,F
14:27:33,INDF,RG,6500,30,D,PD,DR,D
14:27:24,INDF,RG,6475,4,D,NI,CC,D
14:27:24,INDF,RG,6475,24,D,NI,RX,F
14:27:24,INDF,RG,6475,3,D,CC,RX,F
14:27:24,INDF,RG,6475,7,F,ZP,RX,F
14:27:24,INDF,RG,6475,11,D,PD,RX,F
14:27:22,INDF,RG,6475,2,D,YP,CS,D
14:27:22,INDF,RG,6475,12,D,PD,CS,D
14:27:21,INDF,RG,6475,4,D,PD,CC,D
14:27:20,INDF,RG,6475,14,F,AK,DX,F
14:27:20,INDF,RG,6475,67,F,AK,DR,D
14:27:20,INDF,RG,6475,350,D,KK,DR,D
14:27:20,INDF,RG,6475,5,F,ZP,DR,D
14:27:20,INDF,RG,6475,8,D,DX,DR,D
14:27:20,INDF,RG,6475,3,D,GR,DR,D
14:27:20,INDF,RG,6475,4,D,CC,DR,D
14:27:20,INDF,RG,6475,11,D,CC,ZP,F
14:27:20,INDF,RG,6475,1,D,PD,ZP,F
14:27:20,INDF,RG,6475,3,D,NI,ZP,F
14:27:17,INDF,RG,6475,11,F,ZP,BK,F
14:27:17,INDF,RG,6475,15,F,ZP,BK,F
14:27:17,INDF,RG,6475,5,D,CC,BK,F
14:27:17,INDF,RG,6475,10,D,PD,BK,F
14:27:17,INDF,RG,6475,2,D,XC,BK,F
14:27:17,INDF,RG,6475,35,F,RX,BK,F
14:27:17,INDF,RG,6475,10,F,ZP,BK,F
14:27:17,INDF,RG,6475,1,D,PD,BK,F
14:27:17,INDF,RG,6475,24,D,YP,BK,F
14:27:14,INDF,RG,6475,4,D,YP,RX,F
14:27:12,INDF,RG,6475,22,D,YP,BK,D
14:27:12,INDF,RG,6475,6,F,ZP,BK,D
14:27:05,INDF,RG,6475,2,F,ZP,YP,D
14:27:04,INDF,RG,6475,4,D,AK,ZP,F
14:27:04,INDF,RG,6475,1,D,XL,ZP,F
14:27:04,INDF,RG,6475,1,D,NI,ZP,F
14:27:04,INDF,RG,6475,2,F,AK,ZP,F
14:27:04,INDF,RG,6475,10,D,AK,ZP,F
14:26:57,INDF,RG,6500,1,D,XC,DR,D
14:26:53,INDF,RG,6475,2,D,AK,RX,F
14:26:49,INDF,RG,6475,5,D,AK,CC,D
14:26:48,INDF,RG,6475,14,D,AK,ZP,F
14:26:48,INDF,RG,6475,7,D,AK,ZP,F
14:26:48,INDF,RG,6475,1,D,GR,ZP,F
14:26:41,INDF,RG,6475,2,D,GR,RX,F
14:26:38,INDF,RG,6475,24,D,GR,BK,D
14:26:33,INDF,RG,6475,25,D,GR,RX,F
14:26:31,INDF,RG,6475,26,D,GR,ZP,F
14:26:24,INDF,RG,6475,12,D,GR,BK,D
14:26:21,INDF,RG,6475,5,D,GR,ZP,F
14:26:15,INDF,RG,6500,4,D,AK,DR,D
14:26:13,INDF,RG,6475,55,D,GR,BK,F
14:26:13,INDF,RG,6475,1,D,XC,BK,F
14:26:13,INDF,RG,6475,4,D,XC,BK,F
14:26:13,INDF,RG,6475,31,D,SQ,BK,F
14:26:12,INDF,RG,6500,12,F,RX,DR,D
14:26:10,INDF,RG,6475,20,D,SQ,ZP,F
14:26:00,INDF,RG,6500,29,D,AK,DR,D
14:26:00,INDF,RG,6500,7,D,AK,DR,D
14:25:54,INDF,RG,6475,23,D,SQ,ZP,F
14:25:53,INDF,RG,6475,31,D,SQ,DX,D
14:25:50,INDF,RG,6475,2,D,SQ,PD,D
14:25:47,INDF,RG,6500,1,D,CC,DR,D
14:25:46,INDF,RG,6500,1,D,NI,DR,D
14:25:43,INDF,RG,6500,40,D,PD,DR,D
14:25:43,INDF,RG,6475,28,D,SQ,BK,D
14:25:43,INDF,RG,6475,1,D,SQ,RX,F
14:25:42,INDF,RG,6500,5,D,CC,DR,D
14:25:39,INDF,RG,6475,2,D,SQ,RX,F
14:25:36,INDF,RG,6475,26,D,SQ,ZP,F
14:25:25,INDF,RG,6475,6,D,SQ,RX,F
14:25:24,INDF,RG,6475,89,D,SQ,BK,F
14:25:22,INDF,RG,6500,1,D,PD,DR,D
14:25:22,INDF,RG,6475,2,D,SQ,RX,F
14:25:21,INDF,RG,6475,17,D,SQ,BK,D
14:25:19,INDF,RG,6475,1,D,SQ,RX,F
14:25:17,INDF,RG,6475,19,D,SQ,ZP,F
14:25:05,INDF,RG,6475,1,D,SQ,NI,D
14:25:04,INDF,RG,6475,2,D,SQ,RX,F
14:25:02,INDF,RG,6475,15,D,SQ,RX,F
14:25:02,INDF,RG,6475,18,D,SQ,ZP,F
14:25:01,INDF,RG,6475,166,D,SQ,YU,D
14:25:01,INDF,RG,6475,1,D,XL,YU,D
14:25:01,INDF,RG,6475,5,F,ZP,YU,D
14:25:00,INDF,RG,6500,28,D,AK,DR,D
14:24:58,INDF,RG,6500,7,D,AK,DR,D
14:24:53,INDF,RG,6475,1,F,ZP,RX,F
14:24:52,INDF,RG,6475,1,F,ZP,RX,F
14:24:52,INDF,RG,6475,1,F,ZP,ZP,F
14:24:52,INDF,RG,6475,4,D,EP,ZP,F
14:24:51,INDF,RG,6500,1,D,GR,DR,D
14:24:46,INDF,RG,6475,6,D,EP,ZP,F
14:24:46,INDF,RG,6475,5,D,NI,ZP,F
14:24:46,INDF,RG,6475,1,D,GR,ZP,F
14:24:46,INDF,RG,6475,1,D,XC,ZP,F
14:24:46,INDF,RG,6475,6,F,ZP,ZP,F
14:24:46,INDF,RG,6475,1,D,YP,ZP,F
14:24:42,INDF,RG,6475,3,D,YP,RX,F
14:24:40,INDF,RG,6475,11,D,YP,BK,D
14:24:40,INDF,RG,6475,1,D,YP,BK,D
14:24:40,INDF,RG,6475,1,D,PD,BK,D
14:24:40,INDF,RG,6475,10,D,KK,BK,D
14:24:40,INDF,RG,6475,5,F,ZP,BK,D
14:24:40,INDF,RG,6475,2,D,PD,BK,D
14:24:28,INDF,RG,6475,1,D,PD,RX,F
14:24:27,INDF,RG,6475,2,D,PD,ZP,F
14:24:27,INDF,RG,6475,19,D,BQ,ZP,F
14:24:17,INDF,RG,6475,3,D,BQ,RX,F
14:24:16,INDF,RG,6475,17,D,BQ,BK,D
14:24:14,INDF,RG,6475,9,D,BQ,RX,F
14:24:13,INDF,RG,6475,2,D,BQ,CS,D
14:24:13,INDF,RG,6475,19,D,XA,CS,D
14:24:13,INDF,RG,6475,119,D,XA,BK,F
14:24:10,INDF,RG,6475,2,D,XA,RX,F
14:24:07,INDF,RG,6475,20,D,XA,ZP,F
14:23:51,INDF,RG,6475,3,D,XA,RX,F
14:23:50,INDF,RG,6475,25,D,XA,ZP,F
14:23:49,INDF,RG,6475,21,D,XA,BK,D
14:23:32,INDF,RG,6475,2,D,XA,RX,F
14:23:30,INDF,RG,6475,21,D,XA,ZP,F
14:23:29,INDF,RG,6475,3,D,XA,ZP,F
14:23:16,INDF,RG,6475,2,D,XA,RX,F
14:23:16,INDF,RG,6475,25,D,XA,DX,D
14:23:13,INDF,RG,6475,1,D,XA,RX,F
14:23:12,INDF,RG,6475,23,D,XA,ZP,F
14:23:11,INDF,RG,6475,3,D,XA,RX,F
14:23:04,INDF,RG,6475,21,D,XA,BK,D
14:23:04,INDF,RG,6475,10,D,CC,BK,D
14:22:59,INDF,RG,6500,5,D,PD,DR,D
14:22:58,INDF,RG,6475,10,D,YP,RX,F
14:22:58,INDF,RG,6475,1,F,ZP,RX,F
14:22:56,INDF,RG,6475,5,F,ZP,BK,F
14:22:56,INDF,RG,6475,1,D,XC,BK,F
14:22:56,INDF,RG,6475,3,D,XC,BK,F
14:22:56,INDF,RG,6475,10,D,CC,BK,F
14:22:56,INDF,RG,6475,1,D,DH,BK,F
14:22:56,INDF,RG,6475,6,F,ZP,BK,F
14:22:56,INDF,RG,6475,16,D,XC,BK,F
14:22:56,INDF,RG,6475,5,D,SQ,BK,F
14:22:56,INDF,RG,6475,50,D,AT,BK,F
14:22:56,INDF,RG,6475,2,F,AK,BK,F
14:22:56,INDF,RG,6475,28,D,AK,BK,F
14:22:52,INDF,RG,6475,7,D,AK,ZP,F
14:22:52,INDF,RG,6475,1,F,CC,ZP,F
14:22:52,INDF,RG,6475,8,F,ZP,ZP,F
14:22:52,INDF,RG,6475,4,D,AK,ZP,F
14:22:46,INDF,RG,6475,1,D,AK,ZP,F
14:22:33,INDF,RG,6475,6,D,AK,RX,F
14:22:33,INDF,RG,6475,2,D,AK,RX,F
14:22:32,INDF,RG,6475,3,D,AK,ZP,F
14:22:32,INDF,RG,6475,1,D,PD,ZP,F
14:22:32,INDF,RG,6475,1,D,PD,ZP,F
14:22:32,INDF,RG,6475,3,F,ZP,ZP,F
14:22:32,INDF,RG,6475,13,D,IP,ZP,F
14:22:32,INDF,RG,6475,21,D,IP,BK,D
14:22:24,INDF,RG,6500,1,D,OD,DR,D
14:22:12,INDF,RG,6475,15,D,IP,ZP,F
14:22:08,INDF,RG,6475,1,D,IP,KK,D
14:22:08,INDF,RG,6475,1,D,DH,KK,D
14:22:08,INDF,RG,6475,4,F,ZP,KK,D
14:22:08,INDF,RG,6475,2,D,YP,KK,D
14:22:07,INDF,RG,6500,30,D,PD,DR,D
14:21:58,INDF,RG,6475,3,D,YP,RX,F
14:21:57,INDF,RG,6475,18,D,YP,ZP,F
14:21:51,INDF,RG,6475,27,D,YP,BK,D
14:21:51,INDF,RG,6475,1,F,ZP,BK,D
14:21:44,INDF,RG,6475,8,F,ZP,RX,F
14:21:44,INDF,RG,6475,6,D,SQ,RX,F
14:21:42,INDF,RG,6475,17,D,SQ,ZP,F
14:21:40,INDF,RG,6475,2,D,SQ,YU,D
14:21:40,INDF,RG,6475,1,D,PD,YU,D
14:21:40,INDF,RG,6475,2,D,PD,YU,D
14:21:40,INDF,RG,6475,50,D,NI,YU,D
14:21:40,INDF,RG,6475,2,F,ZP,YU,D
14:21:40,INDF,RG,6475,3,F,ZP,YU,D
14:21:40,INDF,RG,6475,100,D,LS,YU,D
14:21:40,INDF,RG,6475,1,D,XC,YU,D
14:21:40,INDF,RG,6475,3,D,CC,YU,D
14:21:29,INDF,RG,6475,2,D,CC,RX,F
14:21:27,INDF,RG,6475,5,D,CC,ZP,F
14:21:27,INDF,RG,6475,5,F,ZP,ZP,F
14:21:27,INDF,RG,6475,10,D,KK,ZP,F
14:21:27,INDF,RG,6475,3,D,NI,ZP,F
14:21:20,INDF,RG,6475,4,D,NI,RX,F
14:21:20,INDF,RG,6475,1,D,CC,RX,F
14:21:20,INDF,RG,6475,6,D,YP,RX,F
14:21:16,INDF,RG,6475,1,D,PD,BK,F
14:21:16,INDF,RG,6475,5,D,TP,BK,F
14:21:16,INDF,RG,6475,30,D,CC,BK,F
14:21:16,INDF,RG,6475,1,D,PD,BK,F
14:21:16,INDF,RG,6475,119,F,AK,BK,F
14:21:16,INDF,RG,6500,2,D,XC,DR,D
14:21:11,INDF,RG,6475,2,F,AK,RX,F
14:21:11,INDF,RG,6475,25,F,AK,GR,D
14:21:10,INDF,RG,6475,2,F,AK,RX,F
14:21:07,INDF,RG,6475,21,F,AK,ZP,F
14:21:00,INDF,RG,6475,2,F,AK,RX,F
14:20:59,INDF,RG,6475,31,F,AK,BK,D
14:20:50,INDF,RG,6475,2,F,AK,RX,F
14:20:49,INDF,RG,6500,2,D,NI,DR,D
14:20:47,INDF,RG,6475,15,F,AK,ZP,F
14:20:33,INDF,RG,6475,1,F,AK,RX,F
14:20:32,INDF,RG,6475,20,F,AK,ZP,F
14:20:20,INDF,RG,6475,3,F,AK,RX,F
14:20:12,INDF,RG,6475,19,F,AK,ZP,F
14:20:12,INDF,RG,6475,21,F,AK,BK,D
14:20:07,INDF,RG,6500,5,D,PD,DR,D
14:19:57,INDF,RG,6475,3,F,AK,RX,F
14:19:54,INDF,RG,6475,19,F,AK,ZP,F
14:19:53,INDF,RG,6475,15,F,AK,BK,D
14:19:39,INDF,RG,6475,12,F,AK,RX,F
14:19:38,INDF,RG,6475,2,F,AK,RX,F
14:19:38,INDF,RG,6475,56,F,AK,BK,F
14:19:38,INDF,RG,6475,10,D,SQ,BK,F
14:19:38,INDF,RG,6475,1,D,PD,BK,F
14:19:38,INDF,RG,6475,1,D,XC,BK,F
14:19:38,INDF,RG,6475,3,D,PD,BK,F
14:19:38,INDF,RG,6475,2,D,PD,BK,F
14:19:38,INDF,RG,6475,1,D,DX,BK,F
14:19:38,INDF,RG,6475,10,D,PD,BK,F
14:19:38,INDF,RG,6475,10,D,XL,BK,F
14:19:38,INDF,RG,6475,3,D,IF,BK,F
14:19:38,INDF,RG,6475,5,D,KK,BK,F
14:19:38,INDF,RG,6475,37,F,RX,BK,F
14:19:38,INDF,RG,6475,1,D,SQ,BK,F
14:19:38,INDF,RG,6475,2,D,PD,BK,F
14:19:38,INDF,RG,6475,10,D,GR,BK,F
14:19:38,INDF,RG,6475,1,D,NI,BK,F
14:19:38,INDF,RG,6475,2,F,ZP,BK,F
14:19:38,INDF,RG,6475,1,F,ZP,BK,F
14:19:38,INDF,RG,6475,1,D,PD,BK,F
14:19:38,INDF,RG,6475,2,D,NI,BK,F
14:19:37,INDF,RG,6475,23,D,NI,ZP,F
14:19:25,INDF,RG,6475,7,D,NI,RX,F
14:19:23,INDF,RG,6475,18,D,NI,DH,D
14:19:23,INDF,RG,6475,1,D,NI,DH,D
14:19:23,INDF,RG,6475,50,D,PD,DH,D
14:19:23,INDF,RG,6475,4,F,ZP,DH,D
14:19:23,INDF,RG,6475,7,F,ZP,DH,D
14:19:23,INDF,RG,6475,2,D,PD,DH,D
14:19:23,INDF,RG,6475,1,D,XC,DH,D
14:19:23,INDF,RG,6475,2,F,ZP,DH,D
14:19:23,INDF,RG,6475,1,D,XC,DH,D
14:19:23,INDF,RG,6475,1,D,YP,DH,D
14:19:23,INDF,RG,6475,10,D,CC,DH,D
14:19:23,INDF,RG,6475,3,D,PD,DH,D
14:19:17,INDF,RG,6475,2,D,PD,RX,F
14:19:15,INDF,RG,6475,7,F,ZP,ZP,F
14:19:15,INDF,RG,6475,8,F,ZP,ZP,F
14:19:15,INDF,RG,6475,1,D,NI,ZP,F
14:19:15,INDF,RG,6475,3,D,YP,ZP,F
14:19:14,INDF,RG,6475,1,D,YP,RX,F
14:19:12,INDF,RG,6475,1,D,YP,BK,D
14:19:12,INDF,RG,6475,10,D,SQ,BK,D
14:19:12,INDF,RG,6475,1,D,KK,BK,D
14:19:12,INDF,RG,6475,1,D,PD,BK,D
14:19:12,INDF,RG,6475,2,D,PD,BK,D
14:19:12,INDF,RG,6475,1,D,XC,BK,D
14:19:12,INDF,RG,6475,1,D,KK,BK,D
14:19:12,INDF,RG,6475,3,D,AK,BK,D
14:18:59,INDF,RG,6475,5,D,XC,RX,F
14:18:59,INDF,RG,6475,2,D,PD,RX,F
14:18:58,INDF,RG,6475,8,D,NI,ZP,F
14:18:58,INDF,RG,6475,7,F,AK,ZP,F
14:18:58,INDF,RG,6475,5,D,AK,ZP,F
14:18:57,INDF,RG,6475,49,D,AK,BK,F
14:18:57,INDF,RG,6475,12,D,AK,BK,F
14:18:57,INDF,RG,6475,2,D,XL,BK,F
14:18:57,INDF,RG,6475,2,D,PD,BK,F
14:18:49,INDF,RG,6475,2,D,PD,RX,F
14:18:49,INDF,RG,6475,1,D,PD,RX,F
14:18:49,INDF,RG,6475,2,D,XC,RX,F
14:18:46,INDF,RG,6475,8,D,XC,CC,D
14:18:46,INDF,RG,6475,5,D,XL,CC,D
14:18:46,INDF,RG,6475,1,D,PD,CC,D
14:18:46,INDF,RG,6475,10,D,CC,CC,D
14:18:46,INDF,RG,6475,1,D,TP,CC,D
14:18:46,INDF,RG,6475,1,D,PD,CC,D
14:18:46,INDF,RG,6475,50,D,LG,CC,D
14:18:46,INDF,RG,6475,2,D,YP,RX,F
14:18:45,INDF,RG,6500,4,D,AK,DR,D
14:18:45,INDF,RG,6500,5,D,AK,ZP,F
14:18:42,INDF,RG,6475,8,D,YP,ZP,F
14:18:42,INDF,RG,6475,1,D,NI,ZP,F
14:18:42,INDF,RG,6475,3,D,XC,ZP,F
14:18:42,INDF,RG,6475,6,D,SQ,ZP,F
14:18:39,INDF,RG,6475,2,D,SQ,RX,F
14:18:35,INDF,RG,6475,12,D,SQ,BK,D
14:18:35,INDF,RG,6475,6,D,GR,BK,D
14:18:29,INDF,RG,6475,1,D,GR,RX,F
14:18:27,INDF,RG,6475,17,D,GR,ZP,F
14:18:24,INDF,RG,6475,13,D,GR,RX,F
14:18:20,INDF,RG,6475,63,D,GR,YU,D
14:18:20,INDF,RG,6475,1,D,XC,YU,D
14:18:20,INDF,RG,6475,50,D,KK,YU,D
14:18:20,INDF,RG,6475,10,D,NI,YU,D
14:18:20,INDF,RG,6475,30,D,YP,YU,D
14:18:20,INDF,RG,6475,1,D,XC,YU,D
14:18:20,INDF,RG,6475,1,D,PD,YU,D
14:18:20,INDF,RG,6475,5,D,PD,YU,D
14:18:20,INDF,RG,6475,5,D,LS,YU,D
14:18:16,INDF,RG,6475,2,D,LS,RX,F
14:18:12,INDF,RG,6475,3,D,LS,ZP,F
14:18:12,INDF,RG,6475,13,D,XC,ZP,F
14:18:12,INDF,RG,6475,5,D,PD,ZP,F
14:18:12,INDF,RG,6475,4,D,PD,ZP,F
14:18:12,INDF,RG,6475,1,D,NI,ZP,F
14:18:00,INDF,RG,6500,2,F,AK,ZP,F
14:17:58,INDF,RG,6475,2,D,NI,RX,F
14:17:54,INDF,RG,6475,12,D,NI,PD,D
14:17:54,INDF,RG,6475,1,D,GR,PD,D
14:17:49,INDF,RG,6475,9,D,GR,ZP,F
14:17:49,INDF,RG,6475,5,D,YU,ZP,F
14:17:49,INDF,RG,6475,4,D,GR,ZP,F
14:17:48,INDF,RG,6500,1,D,PD,ZP,F
14:17:45,INDF,RG,6475,2,D,GR,RX,F
14:17:44,INDF,RG,6475,4,D,GR,BK,D
14:17:44,INDF,RG,6475,1,D,SQ,BK,D
14:17:44,INDF,RG,6475,7,D,LG,BK,D
14:17:44,INDF,RG,6475,1,D,NI,BK,D
14:17:44,INDF,RG,6475,1,D,PD,BK,D
14:17:44,INDF,RG,6475,1,D,XC,BK,D
14:17:44,INDF,RG,6475,1,D,DX,BK,D
14:17:44,INDF,RG,6475,8,D,CC,BK,D
14:17:38,INDF,RG,6475,18,D,CC,RX,F
14:17:34,INDF,RG,6475,74,D,CC,BK,F
14:17:34,INDF,RG,6475,40,D,PD,BK,F
14:17:34,INDF,RG,6475,5,D,HP,BK,F
14:17:34,INDF,RG,6475,5,D,XC,BK,F
14:17:34,INDF,RG,6475,1,D,NI,BK,F
14:17:34,INDF,RG,6475,1,D,YP,BK,F
14:17:32,INDF,RG,6475,9,D,YP,ZP,F
14:17:32,INDF,RG,6475,10,D,YP,ZP,F
14:17:28,INDF,RG,6500,5,D,CC,ZP,F
14:17:17,INDF,RG,6500,1,D,XC,ZP,F
14:17:15,INDF,RG,6500,3,D,AK,ZP,F
14:17:15,INDF,RG,6500,9,D,AK,CS,D
14:17:15,INDF,RG,6500,2,D,AK,ZP,F
14:17:15,INDF,RG,6500,21,D,AK,AK,F
14:17:14,INDF,RG,6475,21,D,PD,ZP,F
14:17:13,INDF,RG,6500,3,D,PD,AK,F
14:17:13,INDF,RG,6500,5,D,PD,CS,D
14:17:13,INDF,RG,6500,5,D,PD,CS,D
14:17:13,INDF,RG,6500,16,D,PD,YP,D
14:17:11,INDF,RG,6475,18,D,PD,RX,F
14:17:10,INDF,RG,6500,4,D,AK,YP,D
14:17:10,INDF,RG,6475,1,D,PD,ZP,F
14:17:10,INDF,RG,6475,4,D,PD,ZP,F
14:17:09,INDF,RG,6475,18,D,PD,BK,D
14:17:04,INDF,RG,6475,14,D,PD,DR,D
14:17:04,INDF,RG,6475,1,D,PD,DR,D
14:17:04,INDF,RG,6475,2,D,CP,DR,D
14:17:04,INDF,RG,6475,1,D,GR,DR,D
14:17:04,INDF,RG,6475,5,D,PD,DR,D
14:17:04,INDF,RG,6475,11,F,NI,DR,D
14:17:00,INDF,RG,6500,9,D,AK,YP,D
14:16:42,INDF,RG,6475,14,F,NI,BK,D
14:16:12,INDF,RG,6475,15,F,NI,BK,D
14:16:07,INDF,RG,6500,50,D,SQ,YP,D
14:16:05,INDF,RG,6500,80,D,CC,YP,D
14:15:57,INDF,RG,6475,10,F,NI,RX,F
14:15:57,INDF,RG,6475,5,D,XC,RX,F
14:15:57,INDF,RG,6475,1,D,YP,RX,F
14:15:57,INDF,RG,6475,5,D,CC,RX,F
14:15:53,INDF,RG,6500,1,D,CC,YP,D
14:15:49,INDF,RG,6475,5,D,CC,BK,F
14:15:49,INDF,RG,6475,2,D,YP,BK,F
14:15:49,INDF,RG,6475,80,D,YP,BK,F
14:15:49,INDF,RG,6475,10,D,SQ,BK,F
14:15:49,INDF,RG,6475,1,D,YP,BK,F
14:15:49,INDF,RG,6475,73,D,YP,BK,F
14:15:45,INDF,RG,6500,1,D,PD,YP,D
14:15:44,INDF,RG,6475,5,D,YP,ZP,F
14:15:23,INDF,RG,6475,22,D,YP,BK,D
14:15:23,INDF,RG,6475,1,D,GR,BK,D
14:15:23,INDF,RG,6475,1,D,NI,BK,D
14:15:23,INDF,RG,6500,50,D,SQ,YP,D
14:15:23,INDF,RG,6500,3,D,XC,YP,D
14:15:13,INDF,RG,6500,10,D,PC,YP,D
14:15:09,INDF,RG,6500,6,D,PD,YP,D
14:15:03,INDF,RG,6475,4,D,NI,RX,F
14:15:03,INDF,RG,6475,2,F,AK,RX,F
14:15:03,INDF,RG,6475,1,D,NI,RX,F
14:15:03,INDF,RG,6475,12,D,AK,RX,F
14:15:01,INDF,RG,6475,14,D,AK,YU,D
14:15:01,INDF,RG,6475,6,D,AK,YU,D
14:15:01,INDF,RG,6475,1,D,CP,YU,D
14:15:01,INDF,RG,6475,3,D,AK,YU,D
14:15:01,INDF,RG,6475,5,D,YU,YU,D
14:15:01,INDF,RG,6475,2,D,CC,YU,D
14:15:01,INDF,RG,6475,1,D,YP,YU,D
14:15:01,INDF,RG,6475,1,D,YP,YU,D
14:15:01,INDF,RG,6475,10,D,PD,YU,D
14:15:01,INDF,RG,6475,1,D,KK,YU,D
14:15:01,INDF,RG,6475,74,D,YP,YU,D
14:15:01,INDF,RG,6475,37,D,YP,YU,D
14:14:57,INDF,RG,6475,90,D,YP,SQ,D
14:14:52,INDF,RG,6475,1,D,YP,RX,F
14:14:51,INDF,RG,6475,15,D,YP,BK,D
14:14:36,INDF,RG,6475,7,D,YP,RX,F
14:14:27,INDF,RG,6475,18,D,YP,BK,F
14:14:27,INDF,RG,6475,1,D,YP,BK,F
14:14:27,INDF,RG,6475,1,D,YP,BK,F
14:14:27,INDF,RG,6475,1,D,YP,BK,F
14:14:27,INDF,RG,6475,20,D,YP,BK,F
14:14:27,INDF,RG,6475,1,D,KK,BK,F
14:14:27,INDF,RG,6475,25,D,YP,BK,F
14:14:27,INDF,RG,6475,1,D,YP,BK,F
14:14:27,INDF,RG,6475,2,D,YP,BK,F
14:14:27,INDF,RG,6475,8,D,CC,BK,F
14:14:27,INDF,RG,6475,10,D,CC,BK,F
14:14:27,INDF,RG,6475,1,D,YP,BK,F
14:14:27,INDF,RG,6475,1,D,PD,BK,F
14:14:27,INDF,RG,6475,2,D,CC,BK,F
14:14:27,INDF,RG,6475,1,D,XC,BK,F
14:14:23,INDF,RG,6500,1,D,PD,YP,D
14:14:21,INDF,RG,6475,3,D,CC,ZP,F
14:14:11,INDF,RG,6475,2,D,CC,RX,F
14:14:10,INDF,RG,6475,15,D,CC,BK,D
14:14:10,INDF,RG,6475,6,D,CC,BK,D
14:14:09,INDF,RG,6475,14,D,CC,RX,F
14:14:09,INDF,RG,6475,10,D,OD,RX,F
14:14:09,INDF,RG,6475,2,D,OD,RX,F
14:14:09,INDF,RG,6475,1,D,DH,RX,F
14:14:09,INDF,RG,6475,1,D,CC,RX,F
14:14:09,INDF,RG,6475,1,D,SQ,RX,F
14:14:09,INDF,RG,6475,2,D,XC,RX,F
14:14:08,INDF,RG,6475,78,D,XC,DR,D
14:14:08,INDF,RG,6475,1,D,PD,DR,D
14:14:08,INDF,RG,6475,1,D,XC,DR,D
14:14:08,INDF,RG,6475,1,D,XC,DR,D
14:14:08,INDF,RG,6475,5,D,PD,DR,D
14:14:08,INDF,RG,6475,1,D,CP,DR,D
14:14:08,INDF,RG,6475,2,D,XC,DR,D
14:14:08,INDF,RG,6475,2,D,PD,DR,D
14:14:08,INDF,RG,6475,1,D,PD,DR,D
14:14:08,INDF,RG,6475,1,D,PD,DR,D
14:14:08,INDF,RG,6475,1,D,OD,DR,D
14:14:08,INDF,RG,6475,1,D,DH,DR,D
14:14:08,INDF,RG,6475,2,D,AG,DR,D
14:14:08,INDF,RG,6475,1,D,DH,DR,D
14:14:08,INDF,RG,6475,2,D,PD,DR,D
14:14:08,INDF,RG,6475,5,D,CP,DR,D
14:14:08,INDF,RG,6475,50,D,DX,DR,D
14:14:08,INDF,RG,6475,2,D,PD,DR,D
14:14:08,INDF,RG,6475,2,D,YB,DR,D
14:14:08,INDF,RG,6475,1,D,PD,DR,D
14:14:08,INDF,RG,6475,1,D,PD,DR,D
14:14:08,INDF,RG,6475,1,D,PD,DR,D
14:14:08,INDF,RG,6475,1,D,PD,DR,D
14:14:08,INDF,RG,6475,20,D,PD,DR,D
14:14:08,INDF,RG,6475,5,D,PD,DR,D
14:14:08,INDF,RG,6475,30,D,AN,DR,D
14:14:08,INDF,RG,6475,5,D,PD,DR,D
14:14:08,INDF,RG,6475,1,D,DR,DR,D
14:14:08,INDF,RG,6475,1,D,PD,DR,D
14:14:08,INDF,RG,6475,5,D,EP,DR,D
14:14:08,INDF,RG,6475,1,D,PD,DR,D
14:14:08,INDF,RG,6475,3,D,PD,DR,D
14:14:08,INDF,RG,6475,11,D,CP,DR,D
14:14:08,INDF,RG,6475,1,D,PD,DR,D
14:14:08,INDF,RG,6475,1,D,PD,DR,D
14:14:08,INDF,RG,6475,1,D,HP,DR,D
14:14:08,INDF,RG,6475,1,D,PD,DR,D
14:14:08,INDF,RG,6475,1,D,XC,DR,D
14:14:08,INDF,RG,6475,10,D,YP,DR,D
14:14:08,INDF,RG,6475,1,D,XC,DR,D
14:14:08,INDF,RG,6475,1,D,CC,DR,D
14:14:08,INDF,RG,6475,5,D,YP,DR,D
14:14:08,INDF,RG,6475,1,D,KK,DR,D
14:14:08,INDF,RG,6475,1,D,NI,DR,D
14:14:08,INDF,RG,6475,1,D,YU,DR,D
14:14:08,INDF,RG,6475,1,D,YP,DR,D
14:14:08,INDF,RG,6475,5,D,YP,DR,D
14:14:08,INDF,RG,6475,4,D,YP,DR,D
14:14:08,INDF,RG,6475,28,D,KI,DR,D
14:13:50,INDF,RG,6500,10,D,PC,YP,D
14:13:36,INDF,RG,6475,5,D,KI,ZP,F
14:13:30,INDF,RG,6475,19,D,KI,CS,D
14:13:29,INDF,RG,6475,19,D,KI,BK,D
14:13:28,INDF,RG,6500,9,D,AK,YP,D
14:13:22,INDF,RG,6500,1,D,OD,YP,D
14:13:15,INDF,RG,6500,42,D,AK,YP,D
14:13:06,INDF,RG,6475,10,D,KI,RX,F
14:13:01,INDF,RG,6475,19,D,KI,BK,F
14:13:01,INDF,RG,6475,55,D,KK,BK,F
14:12:54,INDF,RG,6475,17,D,KK,BK,D
14:12:40,INDF,RG,6475,5,D,KK,CC,D
14:12:23,INDF,RG,6475,1,D,KK,RX,F
14:12:23,INDF,RG,6500,30,D,PD,YP,D
14:12:20,INDF,RG,6475,18,D,KK,BK,D
14:12:03,INDF,RG,6475,1,D,KK,RX,F
14:12:00,INDF,RG,6475,14,D,KK,BK,D
14:11:42,INDF,RG,6475,1,D,KK,RX,F
14:11:41,INDF,RG,6475,12,D,KK,BK,D
14:11:29,INDF,RG,6500,1,D,PD,YP,D
14:11:25,INDF,RG,6475,1,D,KK,RX,F
14:11:20,INDF,RG,6475,13,D,KK,BK,D
14:11:16,INDF,RG,6500,1,D,PD,YP,D
14:10:54,INDF,RG,6475,2,D,KK,RX,F
14:10:51,INDF,RG,6475,17,D,KK,BK,D
14:10:34,INDF,RG,6475,1,D,KK,RX,F
14:10:33,INDF,RG,6475,12,D,KK,BK,D
14:10:14,INDF,RG,6475,1,D,KK,RX,F
14:10:10,INDF,RG,6475,14,D,KK,BK,D
14:10:02,INDF,RG,6475,29,D,KK,RX,F
14:10:01,INDF,RG,6475,106,D,KK,YU,D
14:10:01,INDF,RG,6475,4,D,XC,YU,D
14:10:01,INDF,RG,6475,1,D,NI,YU,D
14:10:01,INDF,RG,6475,10,D,YU,YU,D
14:10:01,INDF,RG,6475,5,D,KK,YU,D
14:10:01,INDF,RG,6475,1,D,NI,YU,D
14:10:01,INDF,RG,6475,1,D,PD,YU,D
14:10:01,INDF,RG,6475,1,D,NI,YU,D
14:10:01,INDF,RG,6475,10,D,YB,YU,D
14:10:01,INDF,RG,6475,10,D,LS,YU,D
14:10:01,INDF,RG,6475,7,D,PD,YU,D
14:10:01,INDF,RG,6475,2,D,XC,YU,D
14:10:01,INDF,RG,6475,1,D,DX,YU,D
14:10:01,INDF,RG,6475,13,D,YP,YU,D
14:09:53,INDF,RG,6500,1,D,NI,YP,D
14:09:52,INDF,RG,6475,12,D,YP,BK,D
14:09:31,INDF,RG,6500,10,D,YB,YP,D
14:09:29,INDF,RG,6475,14,D,YP,BK,D
14:08:58,INDF,RG,6475,11,D,YP,BK,D
14:08:58,INDF,RG,6475,8,D,YP,BK,D
14:08:47,INDF,RG,6500,2,D,PD,YP,D
14:08:39,INDF,RG,6500,1,F,CC,YP,D
14:08:39,INDF,RG,6500,5,D,KK,YP,D
14:08:39,INDF,RG,6500,10,D,KK,YP,D
14:08:39,INDF,RG,6500,14,F,ZP,YP,D
14:08:39,INDF,RG,6500,6,F,ZP,YP,D
14:08:39,INDF,RG,6500,2,D,YP,YP,D
14:08:39,INDF,RG,6500,20,D,SQ,YP,D
14:08:39,INDF,RG,6500,20,D,YP,YP,D
14:08:39,INDF,RG,6500,1,D,NI,YP,D
14:08:39,INDF,RG,6500,3,D,IF,YP,D
14:08:39,INDF,RG,6500,1,D,NI,YP,D
14:08:39,INDF,RG,6500,22,D,SQ,YP,D
14:08:39,INDF,RG,6500,1,D,NI,YP,D
14:08:39,INDF,RG,6500,2,D,DH,YP,D
14:08:39,INDF,RG,6500,5,D,XC,YP,D
14:08:39,INDF,RG,6500,20,D,ZP,YP,D
14:08:39,INDF,RG,6500,7,D,YP,YP,D
14:08:39,INDF,RG,6500,2,D,PD,YP,D
14:08:38,INDF,RG,6500,1,F,ZP,RX,F
14:08:36,INDF,RG,6500,5,F,ZP,BK,D
14:08:36,INDF,RG,6500,5,F,ZP,BK,D
14:08:36,INDF,RG,6500,4,D,NI,BK,D
14:08:23,INDF,RG,6500,1,D,NI,RX,F
14:08:22,INDF,RG,6500,1,F,ZP,RX,F
14:08:22,INDF,RG,6500,8,F,ZP,DR,D
14:08:20,INDF,RG,6500,1,F,ZP,DX,D
14:08:20,INDF,RG,6500,1,D,NI,DX,D
14:08:20,INDF,RG,6500,8,F,ZP,DX,D
14:08:20,INDF,RG,6500,1,D,NI,DX,D
14:08:20,INDF,RG,6500,3,F,ZP,DX,D
14:08:20,INDF,RG,6500,2,D,NI,DX,D
14:08:11,INDF,RG,6500,2,D,PD,RX,F
14:08:10,INDF,RG,6500,2,D,PD,BK,D
14:08:10,INDF,RG,6500,5,D,PD,BK,D
14:08:10,INDF,RG,6500,2,D,PD,BK,D
14:08:10,INDF,RG,6500,10,F,RX,BK,D
14:08:01,INDF,RG,6500,3,F,RX,RX,F
14:08:01,INDF,RG,6500,5,D,XC,RX,F
14:08:01,INDF,RG,6500,1,F,AK,RX,F
14:07:59,INDF,RG,6500,20,D,YP,ZP,F
14:07:59,INDF,RG,6500,33,D,YP,RX,F
14:07:58,INDF,RG,6500,47,D,YP,AK,F
14:07:58,INDF,RG,6500,1,D,DH,AK,F
14:07:58,INDF,RG,6500,3,D,AK,AK,F
14:07:58,INDF,RG,6500,33,D,AK,AK,F
14:07:58,INDF,RG,6500,5,F,ZP,AK,F
14:07:58,INDF,RG,6500,4,D,AK,AK,F
14:07:57,INDF,RG,6500,8,D,AK,PD,D
14:07:57,INDF,RG,6500,6,F,ZP,PD,D
14:07:57,INDF,RG,6500,5,D,PD,PD,D
14:07:57,INDF,RG,6500,1,D,XL,PD,D
14:07:57,INDF,RG,6500,30,D,RB,PD,D
14:07:57,INDF,RG,6500,5,D,YP,PD,D
14:07:57,INDF,RG,6500,3,F,ZP,PD,D
14:07:57,INDF,RG,6500,1,D,PD,PD,D
14:07:57,INDF,RG,6500,2,D,YP,PD,D
14:07:57,INDF,RG,6500,2,D,XC,PD,D
14:07:57,INDF,RG,6500,2,D,XC,PD,D
14:07:57,INDF,RG,6500,1,D,LG,PD,D
14:07:57,INDF,RG,6500,6,F,ZP,PD,D
14:07:57,INDF,RG,6500,1,D,YP,PD,D
14:07:57,INDF,RG,6500,3,D,PD,PD,D
14:07:57,INDF,RG,6500,1,D,OD,PD,D
14:07:57,INDF,RG,6500,5,D,DR,PD,D
14:07:57,INDF,RG,6500,25,D,YP,PD,D
14:07:57,INDF,RG,6500,10,D,TP,PD,D
14:07:57,INDF,RG,6500,10,D,CC,PD,D
14:07:57,INDF,RG,6500,3,D,CC,PD,D
14:07:57,INDF,RG,6500,3,F,ZP,PD,D
14:07:57,INDF,RG,6500,1,D,PD,PD,D
14:07:57,INDF,RG,6500,10,D,LG,PD,D
14:07:57,INDF,RG,6500,5,D,NI,PD,D
14:07:57,INDF,RG,6500,3,D,AT,PD,D
14:07:57,INDF,RG,6500,2,F,ZP,PD,D
14:07:57,INDF,RG,6500,4,D,XA,PD,D
14:07:57,INDF,RG,6500,10,D,YP,PD,D
14:07:57,INDF,RG,6500,1,D,PD,PD,D
14:07:57,INDF,RG,6500,1,D,YP,PD,D
14:07:57,INDF,RG,6500,12,D,AZ,PD,D
14:07:57,INDF,RG,6500,50,D,KK,PD,D
14:07:57,INDF,RG,6500,6,F,ZP,PD,D
14:07:57,INDF,RG,6500,3,F,ZP,PD,D
14:07:57,INDF,RG,6500,5,F,ZP,PD,D
14:07:57,INDF,RG,6500,5,F,ZP,PD,D
14:07:57,INDF,RG,6500,2,D,YP,PD,D
14:07:57,INDF,RG,6500,1,D,YP,PD,D
14:07:57,INDF,RG,6500,4,F,ZP,PD,D
14:07:57,INDF,RG,6500,5,D,YP,PD,D
14:07:57,INDF,RG,6500,15,D,GR,PD,D
14:07:57,INDF,RG,6500,25,D,OD,PD,D
14:07:57,INDF,RG,6500,1,D,XC,PD,D
14:07:57,INDF,RG,6500,5,D,YP,PD,D
14:07:57,INDF,RG,6500,1,D,PD,PD,D
14:07:57,INDF,RG,6500,1,F,CC,PD,D
14:07:57,INDF,RG,6500,4,F,ZP,PD,D
14:07:57,INDF,RG,6500,1,D,NI,PD,D
14:07:57,INDF,RG,6500,16,F,BK,PD,D
14:07:57,INDF,RG,6500,2,F,ZP,PD,D
14:07:57,INDF,RG,6500,21,D,PD,PD,D
14:07:46,INDF,RG,6500,13,D,PD,BK,D
14:07:36,INDF,RG,6500,1,D,PD,PD,D
14:07:21,INDF,RG,6525,2,D,BQ,CS,D
14:07:19,INDF,RG,6525,3,D,PD,CS,D
14:07:19,INDF,RG,6525,26,D,PD,BK,F
14:07:18,INDF,RG,6500,2,D,PD,RX,F
14:07:15,INDF,RG,6500,19,D,PD,BK,D
14:06:49,INDF,RG,6500,2,D,PD,RX,F
14:06:46,INDF,RG,6500,18,D,PD,BK,D
14:06:46,INDF,RG,6500,11,D,PD,CS,D
14:06:38,INDF,RG,6500,1,D,PD,RX,F
14:06:36,INDF,RG,6500,3,D,PD,ZP,F
14:06:30,INDF,RG,6500,1,D,PD,RX,F
14:06:26,INDF,RG,6500,14,D,PD,BK,D
14:06:10,INDF,RG,6500,1,D,PD,RX,F
14:06:06,INDF,RG,6525,10,D,IF,BK,F
14:06:01,INDF,RG,6500,1,D,PD,RX,F
14:05:55,INDF,RG,6500,20,D,PD,BK,D
14:05:52,INDF,RG,6500,1,D,PD,RX,F
14:05:51,INDF,RG,6500,1,D,PD,RX,F
14:05:51,INDF,RG,6500,5,D,PD,ZP,F
14:05:50,INDF,RG,6500,15,D,PD,DX,D
14:05:50,INDF,RG,6500,5,D,LG,DX,D
14:05:35,INDF,RG,6500,1,D,LG,RX,F
14:05:33,INDF,RG,6500,4,D,LG,BK,D
14:05:33,INDF,RG,6500,9,D,AR,BK,D
14:05:32,INDF,RG,6500,1,D,AR,RX,F
14:05:31,INDF,RG,6500,10,D,AR,RX,F
14:05:31,INDF,RG,6500,6,D,CP,RX,F
14:05:29,INDF,RG,6500,44,D,CP,DR,D
14:05:29,INDF,RG,6500,1,D,PD,DR,D
14:05:29,INDF,RG,6500,1,F,ZP,DR,D
14:05:29,INDF,RG,6500,1,D,XC,DR,D
14:05:29,INDF,RG,6500,1,D,PD,DR,D
14:05:29,INDF,RG,6500,15,D,SQ,DR,D
14:05:29,INDF,RG,6500,1,F,ZP,DR,D
14:05:29,INDF,RG,6500,10,D,CC,DR,D
14:05:29,INDF,RG,6500,5,F,ZP,DR,D
14:05:29,INDF,RG,6500,2,D,PD,DR,D
14:05:29,INDF,RG,6500,2,D,NI,DR,D
14:05:29,INDF,RG,6500,66,D,CC,DR,D
14:05:28,INDF,RG,6500,3,D,CC,DR,D
14:05:28,INDF,RG,6500,25,F,RX,DR,D
14:05:28,INDF,RG,6500,1,D,PD,DR,D
14:05:28,INDF,RG,6500,1,F,ZP,DR,D
14:05:28,INDF,RG,6500,3,D,PD,DR,D
14:05:28,INDF,RG,6500,5,F,ZP,DR,D
14:05:28,INDF,RG,6500,6,F,ZP,DR,D
14:05:28,INDF,RG,6500,1,F,ZP,DR,D
14:05:28,INDF,RG,6500,1,D,PD,DR,D
14:05:06,INDF,RG,6500,1,D,XC,RX,F
14:05:04,INDF,RG,6500,4,D,XA,RX,F
14:05:04,INDF,RG,6500,6,D,NI,RX,F
14:05:04,INDF,RG,6500,2,D,YP,RX,F
14:05:04,INDF,RG,6500,3,D,GR,RX,F
14:05:03,INDF,RG,6500,20,D,GR,BK,D
14:05:01,INDF,RG,6500,27,D,GR,YU,D
14:05:01,INDF,RG,6500,25,D,NI,YU,D
14:05:01,INDF,RG,6500,1,D,XC,YU,D
14:05:01,INDF,RG,6500,1,F,ZP,YU,D
14:05:01,INDF,RG,6500,1,D,SQ,YU,D
14:05:01,INDF,RG,6500,2,D,SQ,YU,D
14:05:01,INDF,RG,6500,5,D,YP,YU,D
14:05:01,INDF,RG,6500,100,D,YU,YU,D
14:05:01,INDF,RG,6500,1,F,ZP,YU,D
14:05:01,INDF,RG,6500,10,D,NI,YU,D
14:05:01,INDF,RG,6500,1,D,NI,YU,D
14:04:42,INDF,RG,6500,1,D,NI,RX,F
14:04:41,INDF,RG,6500,1,F,ZP,BK,D
14:04:41,INDF,RG,6500,13,D,NI,BK,D
14:04:28,INDF,RG,6500,1,D,NI,RX,F
14:04:26,INDF,RG,6500,1,D,YP,ZP,F
14:04:26,INDF,RG,6500,1,F,ZP,ZP,F
14:04:26,INDF,RG,6500,1,D,PD,ZP,F
14:04:26,INDF,RG,6500,1,D,NI,ZP,F
14:04:26,INDF,RG,6500,1,D,XC,ZP,F
14:04:20,INDF,RG,6500,13,D,XC,BK,D
14:03:55,INDF,RG,6500,2,D,XC,RX,F
14:03:52,INDF,RG,6500,1,D,XC,RX,F
14:03:52,INDF,RG,6500,13,D,XC,BK,D
14:03:52,INDF,RG,6500,1,D,XL,BK,D
14:03:52,INDF,RG,6500,4,F,AK,BK,D
14:03:50,INDF,RG,6500,1,F,AK,CS,D
14:03:50,INDF,RG,6500,1,D,PD,CS,D
14:03:50,INDF,RG,6500,3,D,SQ,CS,D
14:03:50,INDF,RG,6500,9,D,EP,CS,D
14:03:40,INDF,RG,6500,1,D,EP,RX,F
14:03:40,INDF,RG,6500,2,D,HP,RX,F
14:03:21,INDF,RG,6500,3,D,HP,BK,D
14:03:21,INDF,RG,6500,15,F,RX,BK,D
14:03:21,INDF,RG,6500,1,D,YP,BK,D
14:03:21,INDF,RG,6500,1,F,ZP,BK,D
14:03:17,INDF,RG,6500,2,F,ZP,DX,D
14:03:17,INDF,RG,6500,5,F,ZP,DX,D
14:03:17,INDF,RG,6500,1,F,AK,DX,D
14:03:17,INDF,RG,6500,3,D,AK,DX,D
14:03:17,INDF,RG,6500,2,D,KK,DX,D
14:03:17,INDF,RG,6500,3,D,AK,DX,D
14:03:07,INDF,RG,6500,74,D,AK,HP,D
14:03:07,INDF,RG,6500,20,D,AK,HP,D
14:03:07,INDF,RG,6500,6,D,AK,HP,D
14:02:55,INDF,RG,6500,6,D,AK,BK,D
14:02:55,INDF,RG,6500,12,D,AI,BK,D
14:02:55,INDF,RG,6525,30,D,PD,BK,F
14:02:50,INDF,RG,6500,178,D,AI,DR,D
14:02:36,INDF,RG,6500,14,D,AI,BK,D
14:02:28,INDF,RG,6525,4,D,AK,BK,F
14:02:28,INDF,RG,6525,1,D,AK,CC,D
14:02:28,INDF,RG,6525,2,D,AK,BK,D
14:02:00,INDF,RG,6525,12,F,RX,BK,D
14:01:55,INDF,RG,6500,4,D,AI,XC,D
14:00:43,INDF,RG,6500,19,D,AI,DX,D
14:00:28,INDF,RG,6525,5,D,AK,BK,D
14:00:26,INDF,RG,6525,1,D,OD,BK,D
14:00:13,INDF,RG,6525,17,D,AK,BK,D
14:00:13,INDF,RG,6525,21,D,AK,BK,F
14:00:05,INDF,RG,6500,16,D,AI,CS,D
14:00:02,INDF,RG,6525,5,D,PD,BK,F
14:00:01,INDF,RG,6500,162,D,AI,YU,D
13:59:55,INDF,RG,6525,10,D,PD,BK,F
13:59:35,INDF,RG,6525,5,D,PD,BK,F
13:59:30,INDF,RG,6525,3,D,AK,BK,F
13:59:27,INDF,RG,6525,10,D,TP,BK,F
13:58:45,INDF,RG,6525,6,D,AK,BK,F
13:58:44,INDF,RG,6500,10,D,AI,CC,D
13:58:21,INDF,RG,6500,5,D,AI,EP,D
13:58:03,INDF,RG,6525,3,D,AK,BK,F
13:58:02,INDF,RG,6500,15,D,AI,DX,D
13:57:53,INDF,RG,6525,7,F,RX,BK,F
13:57:53,INDF,RG,6525,5,F,RX,RX,F
13:57:13,INDF,RG,6525,47,D,AK,RX,F
13:57:00,INDF,RG,6525,6,F,AK,RX,F
13:56:28,INDF,RG,6525,1,D,AK,RX,F
13:56:28,INDF,RG,6525,3,D,AK,BK,D
13:56:27,INDF,RG,6525,2,D,YP,BK,D
13:56:13,INDF,RG,6500,1,D,AI,RX,F
13:56:11,INDF,RG,6500,18,D,AI,CS,D
13:56:01,INDF,RG,6500,35,D,AI,RX,F
13:55:59,INDF,RG,6525,1,D,NI,BK,D
13:55:56,INDF,RG,6525,3,D,PD,BK,D
13:55:40,INDF,RG,6525,2,D,NI,BK,D
13:55:25,INDF,RG,6500,18,D,AI,DX,D
13:55:18,INDF,RG,6500,78,D,AI,DR,D
13:55:15,INDF,RG,6525,1,F,AK,BK,D
13:55:03,INDF,RG,6525,1,D,AG,BK,D
13:55:03,INDF,RG,6525,7,D,AG,BK,F
13:55:01,INDF,RG,6500,158,D,AI,YU,D
13:54:38,INDF,RG,6525,17,D,AK,BK,F
13:54:37,INDF,RG,6525,42,D,CP,BK,F
13:54:37,INDF,RG,6525,58,D,CP,DR,D
13:54:27,INDF,RG,6500,1,D,AI,PD,D
13:54:17,INDF,RG,6525,1,D,PD,DR,D
13:53:46,INDF,RG,6525,15,D,CC,DR,D
13:53:29,INDF,RG,6525,1,D,NI,DR,D
13:53:28,INDF,RG,6500,1,D,AI,RX,F
13:53:26,INDF,RG,6525,6,D,AK,DR,D
13:53:25,INDF,RG,6500,5,D,AI,DR,D
13:53:18,INDF,RG,6525,1,D,NI,DR,D
13:53:11,INDF,RG,6500,17,D,AI,RX,F
13:53:04,INDF,RG,6500,33,D,AI,DR,D
13:53:04,INDF,RG,6500,1,D,NI,DR,D
13:53:04,INDF,RG,6500,1,D,XC,DR,D
13:53:04,INDF,RG,6500,5,D,DR,DR,D
13:53:04,INDF,RG,6500,5,D,CC,DR,D
13:53:04,INDF,RG,6500,4,F,CC,DR,D
13:53:04,INDF,RG,6500,2,D,PD,DR,D
13:53:04,INDF,RG,6500,2,F,ZP,DR,D
13:53:04,INDF,RG,6500,2,D,XC,DR,D
13:53:04,INDF,RG,6500,1,D,XC,DR,D
13:53:04,INDF,RG,6500,6,D,XC,DR,D
13:53:04,INDF,RG,6500,10,D,KK,DR,D
13:53:04,INDF,RG,6500,1,D,YP,DR,D
13:53:04,INDF,RG,6500,5,D,AK,DR,D
13:53:04,INDF,RG,6500,22,D,AK,DR,D
13:53:04,INDF,RG,6500,15,D,KK,DR,D
13:53:04,INDF,RG,6500,5,D,CC,DR,D
13:53:04,INDF,RG,6500,1,F,ZP,DR,D
13:53:04,INDF,RG,6500,11,D,GR,DR,D
13:52:57,INDF,RG,6500,20,D,GR,DX,D
13:52:43,INDF,RG,6525,45,D,AK,DR,D
13:52:23,INDF,RG,6525,1,D,PD,DR,D
13:52:17,INDF,RG,6525,2,D,PD,DR,D
13:52:04,INDF,RG,6500,1,D,GR,RX,F
13:52:03,INDF,RG,6500,18,D,GR,CS,D
13:51:43,INDF,RG,6500,20,D,GR,RX,F
13:51:43,INDF,RG,6500,2,D,XC,RX,F
13:51:42,INDF,RG,6525,3,D,XC,DR,D
13:51:40,INDF,RG,6500,8,D,XC,YU,D
13:51:40,INDF,RG,6500,4,D,CP,YU,D
13:51:40,INDF,RG,6500,5,D,SQ,YU,D
13:51:40,INDF,RG,6500,2,F,ZP,YU,D
13:51:40,INDF,RG,6500,150,D,LH,YU,D
13:51:40,INDF,RG,6500,4,F,RX,YU,D
13:51:30,INDF,RG,6525,1,D,PD,DR,D
13:50:51,INDF,RG,6525,8,D,YP,DR,D
13:50:23,INDF,RG,6525,3,D,AK,DR,D
13:50:22,INDF,RG,6525,25,D,GR,DR,D
13:50:21,INDF,RG,6500,11,F,RX,DX,D
13:50:21,INDF,RG,6500,1,D,NI,DX,D
13:50:21,INDF,RG,6500,5,D,PD,DX,D
13:49:30,INDF,RG,6525,22,D,AK,DR,D
13:49:13,INDF,RG,6525,8,D,AK,DR,D
13:48:57,INDF,RG,6500,1,D,NI,RX,F
13:48:56,INDF,RG,6525,1,D,CC,DR,D
13:48:30,INDF,RG,6500,1,D,NI,RX,F
13:48:27,INDF,RG,6500,3,D,NI,YP,D
13:48:27,INDF,RG,6500,1,F,ZP,YP,D
13:48:27,INDF,RG,6500,1,D,DH,YP,D
13:48:27,INDF,RG,6500,5,D,YU,YP,D
13:48:27,INDF,RG,6500,2,D,LG,YP,D
13:48:27,INDF,RG,6500,3,D,PD,YP,D
13:48:27,INDF,RG,6500,1,F,ZP,YP,D
13:48:27,INDF,RG,6500,4,D,PD,YP,D
13:48:15,INDF,RG,6500,1,D,PD,RX,F
13:48:13,INDF,RG,6525,4,D,AK,DR,D
13:47:46,INDF,RG,6500,2,D,XC,RX,F
13:47:46,INDF,RG,6500,1,D,XC,RX,F
13:47:46,INDF,RG,6500,1,D,KK,RX,F
13:47:46,INDF,RG,6500,1,D,PD,RX,F
13:47:46,INDF,RG,6500,4,F,ZP,RX,F
13:47:43,INDF,RG,6500,3,F,ZP,DX,D
13:47:43,INDF,RG,6500,1,D,YP,DX,D
13:47:43,INDF,RG,6500,10,D,GR,DX,D
13:47:43,INDF,RG,6500,1,D,XC,DX,D
13:47:43,INDF,RG,6500,3,D,SQ,DX,D
13:47:06,INDF,RG,6500,2,D,SQ,DR,D
13:47:06,INDF,RG,6500,15,D,EP,DR,D
13:47:06,INDF,RG,6500,10,D,CC,DR,D
13:47:06,INDF,RG,6500,10,D,KK,DR,D
13:47:06,INDF,RG,6500,1,D,YP,DR,D
13:47:06,INDF,RG,6500,8,F,RX,DR,D
13:47:06,INDF,RG,6525,5,D,PD,DR,D
13:46:58,INDF,RG,6525,37,D,AK,DR,D
13:46:44,INDF,RG,6525,5,D,HP,DR,D
13:46:44,INDF,RG,6500,1,F,RX,RX,F
13:46:43,INDF,RG,6525,9,D,AK,DR,D
13:46:13,INDF,RG,6500,4,F,RX,RX,F
13:46:13,INDF,RG,6500,2,F,AK,RX,F
13:46:13,INDF,RG,6500,1,D,XC,RX,F
13:46:13,INDF,RG,6500,2,D,PD,RX,F
13:46:13,INDF,RG,6525,4,D,AK,DR,D
13:45:11,INDF,RG,6500,16,F,ZP,DX,D
13:45:09,INDF,RG,6500,1,F,ZP,DR,D
13:45:09,INDF,RG,6500,46,F,ZP,DR,D
13:45:09,INDF,RG,6500,2,F,AK,DR,D
13:45:09,INDF,RG,6500,2,D,AK,DR,D
13:44:26,INDF,RG,6525,2,D,NI,DR,D
13:44:03,INDF,RG,6525,1,D,XL,DR,D
13:43:41,INDF,RG,6525,2,D,PD,DR,D
13:43:28,INDF,RG,6525,5,D,XC,DR,D
13:43:18,INDF,RG,6525,10,D,DH,DR,D
13:43:03,INDF,RG,6525,1,D,XC,DR,D
13:42:52,INDF,RG,6525,1,D,NI,DR,D
13:42:48,INDF,RG,6525,8,D,CC,RX,F
13:42:41,INDF,RG,6525,8,D,PD,RX,F
13:41:33,INDF,RG,6525,50,D,DR,RX,F
13:41:27,INDF,RG,6525,12,F,RX,RX,F
13:41:22,INDF,RG,6500,2,D,AK,AZ,D
13:41:22,INDF,RG,6500,3,D,AK,AZ,D
13:41:17,INDF,RG,6525,1,F,ZP,RX,F
13:41:15,INDF,RG,6525,1,F,ZP,RX,F
13:41:15,INDF,RG,6525,1,F,ZP,RX,F
13:41:13,INDF,RG,6525,9,F,ZP,CS,D
13:41:13,INDF,RG,6525,5,F,ZP,CC,D
13:41:13,INDF,RG,6525,25,F,ZP,BK,D
13:41:12,INDF,RG,6525,16,D,CP,BK,D
13:41:12,INDF,RG,6525,20,D,CP,DX,D
13:41:12,INDF,RG,6525,77,D,CP,BK,F
13:41:12,INDF,RG,6525,32,D,CP,AK,F
13:41:12,INDF,RG,6525,42,D,CP,BK,D
13:41:12,INDF,RG,6525,82,D,CP,BK,F
13:41:12,INDF,RG,6525,10,D,CP,XC,D
13:41:12,INDF,RG,6525,64,D,CP,BK,D
13:41:12,INDF,RG,6525,10,D,CP,CS,D
13:41:12,INDF,RG,6525,82,D,CP,BK,F
13:41:12,INDF,RG,6525,2,D,CP,CC,D
13:41:12,INDF,RG,6525,43,D,CP,BK,D
13:41:12,INDF,RG,6525,83,D,CP,BK,F
13:41:12,INDF,RG,6525,42,D,CP,BK,D
13:41:12,INDF,RG,6525,84,D,CP,BK,F
13:41:12,INDF,RG,6525,3,D,CP,PD,D
13:41:12,INDF,RG,6525,10,D,CP,PD,D
13:41:12,INDF,RG,6525,44,D,CP,BK,D
13:41:12,INDF,RG,6525,1,D,CP,PD,D
13:41:12,INDF,RG,6525,14,D,CP,BK,F
13:41:12,INDF,RG,6525,90,D,CP,YU,D
13:41:12,INDF,RG,6525,12,D,CP,BK,D
13:41:12,INDF,RG,6525,3,D,CP,GR,D
13:41:12,INDF,RG,6525,72,D,CP,YU,D
13:41:12,INDF,RG,6525,4,D,CP,RX,F
13:41:12,INDF,RG,6525,10,D,CP,LG,D
13:41:12,INDF,RG,6525,3,D,CP,YP,D
13:41:12,INDF,RG,6525,10,D,CP,CS,D
13:41:12,INDF,RG,6525,3,D,CP,RX,F
13:41:12,INDF,RG,6525,5,D,CP,RX,F
13:41:12,INDF,RG,6525,27,D,CP,HP,D
13:40:56,INDF,RG,6500,1,D,AK,RX,F
13:40:55,INDF,RG,6500,1,D,AK,RX,F
13:40:55,INDF,RG,6500,5,D,AK,CS,D
13:40:55,INDF,RG,6500,7,D,AK,CS,D
13:40:55,INDF,RG,6500,2,D,AK,CS,D
13:40:53,INDF,RG,6500,15,D,AK,PD,D
13:40:17,INDF,RG,6500,2,D,AK,RX,F
13:40:07,INDF,RG,6500,9,D,AK,DX,D
13:40:07,INDF,RG,6500,10,D,AK,DX,D
13:40:04,INDF,RG,6500,14,D,AK,RX,F
13:40:01,INDF,RG,6500,5,D,AK,YU,D
13:40:01,INDF,RG,6500,8,D,XC,YU,D
13:40:01,INDF,RG,6500,1,F,ZP,YU,D
13:40:01,INDF,RG,6500,1,F,ZP,YU,D
13:40:01,INDF,RG,6500,153,D,YU,YU,D
13:39:16,INDF,RG,6525,1,D,OD,HP,D
13:39:04,INDF,RG,6500,1,D,YU,PD,D
13:39:01,INDF,RG,6500,2,D,YU,RX,F
13:39:00,INDF,RG,6500,33,D,YU,SQ,D
13:38:09,INDF,RG,6500,1,D,YU,RX,F
13:38:05,INDF,RG,6500,9,D,YU,CC,D
13:37:36,INDF,RG,6500,1,D,YU,RX,F
13:37:34,INDF,RG,6500,15,D,YU,DX,D
13:37:26,INDF,RG,6500,1,D,YU,RX,F
13:37:25,INDF,RG,6500,11,D,YU,RX,F
13:37:24,INDF,RG,6525,2,D,NI,HP,D
13:37:22,INDF,RG,6500,1,D,YU,PD,D
13:36:14,INDF,RG,6525,2,D,XC,HP,D
13:35:48,INDF,RG,6500,25,D,YU,XC,D
13:35:01,INDF,RG,6500,30,D,YU,XC,D
13:34:55,INDF,RG,6500,20,D,YU,DX,D
13:34:37,INDF,RG,6500,1,D,YU,MK,D
13:34:16,INDF,RG,6525,5,D,YP,HP,D
13:34:01,INDF,RG,6525,2,D,PD,HP,D
13:33:26,INDF,RG,6525,1,D,XC,HP,D
13:32:14,INDF,RG,6525,22,F,ZP,HP,D
13:32:13,INDF,RG,6525,24,F,BK,HP,D
13:32:12,INDF,RG,6500,5,D,YU,RX,F
13:32:12,INDF,RG,6500,91,D,YU,YU,D
13:32:03,INDF,RG,6500,1,D,YP,YU,D
13:31:58,INDF,RG,6500,2,D,NI,YU,D
13:31:35,INDF,RG,6525,14,F,BK,HP,D
13:31:30,INDF,RG,6550,6,F,BK,NI,D
13:31:30,INDF,RG,6550,21,F,BK,RX,F
13:31:30,INDF,RG,6550,2,F,BK,YP,D
13:31:30,INDF,RG,6550,1,F,BK,XC,D
13:31:30,INDF,RG,6550,1,F,BK,CS,D
13:31:30,INDF,RG,6550,15,F,BK,CC,D
13:31:30,INDF,RG,6550,1,F,BK,CS,D
13:31:30,INDF,RG,6550,12,F,BK,RX,F
13:31:26,INDF,RG,6500,298,F,AK,DR,D
13:31:26,INDF,RG,6500,10,D,SQ,DR,D
13:31:26,INDF,RG,6525,3,F,BK,DR,D
13:31:25,INDF,RG,6525,21,F,BK,RX,F
13:31:21,INDF,RG,6525,20,F,BK,CC,D
13:31:21,INDF,RG,6525,10,F,BK,DX,F
13:31:21,INDF,RG,6525,10,F,BK,PD,D
13:31:21,INDF,RG,6525,5,F,BK,YP,D
13:31:21,INDF,RG,6525,1,F,BK,DR,D
13:31:21,INDF,RG,6525,1,F,BK,YP,D
13:31:21,INDF,RG,6525,10,F,BK,SQ,D
13:31:21,INDF,RG,6525,10,F,BK,YP,D
13:31:21,INDF,RG,6525,10,F,BK,GR,D
13:31:21,INDF,RG,6525,8,F,BK,CP,D
13:31:21,INDF,RG,6525,1,F,BK,PD,D
13:31:21,INDF,RG,6525,50,F,BK,PD,D
13:31:21,INDF,RG,6525,1,F,BK,CC,D
13:31:18,INDF,RG,6525,3,F,ZP,CC,D
13:31:18,INDF,RG,6525,8,F,ZP,YP,D
13:31:18,INDF,RG,6525,1,F,ZP,XC,D
13:31:18,INDF,RG,6525,10,F,ZP,SQ,D
13:31:18,INDF,RG,6525,1,F,ZP,PD,D
13:31:18,INDF,RG,6525,12,F,ZP,PD,D
13:31:18,INDF,RG,6525,6,F,ZP,XC,D
13:31:18,INDF,RG,6525,1,F,ZP,PD,D
13:31:18,INDF,RG,6525,19,F,ZP,PD,D
13:31:18,INDF,RG,6525,2,F,ZP,CC,D
13:31:18,INDF,RG,6525,6,F,ZP,PD,D
13:31:17,INDF,RG,6525,12,F,ZP,PD,D
13:31:17,INDF,RG,6525,2,F,ZP,PD,D
13:31:16,INDF,RG,6500,12,F,BK,CS,D
13:31:16,INDF,RG,6500,5,F,BK,CS,D
13:31:16,INDF,RG,6500,1,F,BK,CS,D
13:31:16,INDF,RG,6500,53,F,BK,RX,F
13:31:16,INDF,RG,6500,9,F,BK,CS,D
13:31:16,INDF,RG,6500,336,F,BK,CS,F
13:31:15,INDF,RG,6500,45,F,ZP,CS,F
13:31:14,INDF,RG,6500,13,F,BK,BK,F
13:31:14,INDF,RG,6500,47,F,BK,AK,F
13:31:14,INDF,RG,6500,10,F,BK,NI,D
13:31:14,INDF,RG,6500,2,F,BK,PD,D
13:31:14,INDF,RG,6500,10,F,BK,PD,D
13:31:14,INDF,RG,6500,10,F,BK,DX,F
13:31:14,INDF,RG,6500,85,F,BK,CC,D
13:31:14,INDF,RG,6500,25,F,BK,SQ,D
13:31:14,INDF,RG,6500,5,F,BK,DH,D
13:31:14,INDF,RG,6500,5,F,BK,PD,D
13:31:14,INDF,RG,6500,2,F,BK,PD,D
13:31:14,INDF,RG,6500,1,F,BK,XC,D
13:31:14,INDF,RG,6500,1,F,BK,XC,D
13:31:14,INDF,RG,6500,3,F,BK,EP,D
13:31:14,INDF,RG,6500,497,F,BK,CS,F
13:31:14,INDF,RG,6500,2,F,BK,PD,D
13:31:14,INDF,RG,6500,3,F,BK,PD,D
13:31:14,INDF,RG,6500,1,F,BK,PD,D
13:31:14,INDF,RG,6500,565,F,BK,DR,D
13:31:14,INDF,RG,6500,6,F,BK,PD,D
13:31:14,INDF,RG,6500,3,F,BK,PD,D
13:31:14,INDF,RG,6500,16,F,BK,DX,D
13:31:14,INDF,RG,6500,3,F,BK,YB,D
13:31:14,INDF,RG,6500,1,F,BK,PD,D
13:31:14,INDF,RG,6500,5,F,BK,PD,D
13:31:14,INDF,RG,6500,3,F,BK,PD,D
13:31:14,INDF,RG,6500,3,F,BK,PD,D
13:31:14,INDF,RG,6500,2,F,BK,EP,D
13:31:14,INDF,RG,6500,5,F,BK,CS,D
13:31:14,INDF,RG,6500,20,F,BK,AT,D
13:31:14,INDF,RG,6500,20,F,BK,DX,D
13:31:14,INDF,RG,6500,15,F,BK,DX,D
13:31:14,INDF,RG,6500,19,F,BK,DX,D
13:31:14,INDF,RG,6500,1,F,BK,YP,D
13:31:14,INDF,RG,6500,217,F,BK,RX,F
13:31:14,INDF,RG,6500,10,F,BK,PD,D
13:31:14,INDF,RG,6500,30,F,BK,DX,D
13:31:13,INDF,RG,6500,4,F,AK,DX,D
13:31:13,INDF,RG,6500,14,F,AK,CC,D
13:31:13,INDF,RG,6500,1,F,AK,NI,D
13:31:13,INDF,RG,6500,2,F,AK,PD,D
13:31:13,INDF,RG,6500,40,F,AK,YP,D
13:31:13,INDF,RG,6500,1,F,AK,XC,D
13:31:13,INDF,RG,6500,2,F,AK,PD,D
13:31:13,INDF,RG,6500,20,F,AK,DX,D
13:31:13,INDF,RG,6500,265,F,AK,YP,D
13:31:13,INDF,RG,6500,260,F,AK,BK,D
13:31:13,INDF,RG,6500,19,F,AK,DX,D
13:31:13,INDF,RG,6500,372,F,AK,BK,F
13:30:39,INDF,RG,6500,3,D,XC,BK,F
13:30:30,INDF,RG,6500,24,F,BK,BK,F
13:30:26,INDF,RG,6500,56,F,BK,BK,F
13:30:25,INDF,RG,6475,4,D,YP,RX,F
13:30:23,INDF,RG,6475,3,D,YP,RX,F
13:30:23,INDF,RG,6475,8,F,ZP,RX,F
13:30:23,INDF,RG,6475,10,D,PD,RX,F
13:30:23,INDF,RG,6475,6,F,ZP,RX,F
13:30:23,INDF,RG,6475,8,F,ZP,RX,F
13:30:23,INDF,RG,6475,2,D,PD,RX,F
13:30:23,INDF,RG,6475,4,F,ZP,RX,F
13:30:23,INDF,RG,6475,29,D,YJ,RX,F
13:30:23,INDF,RG,6475,1,D,LG,RX,F
13:30:23,INDF,RG,6475,2,D,SQ,RX,F
13:30:23,INDF,RG,6475,2,D,KK,RX,F
13:30:23,INDF,RG,6475,1,D,GR,RX,F
13:30:23,INDF,RG,6475,1,D,YP,RX,F
13:30:23,INDF,RG,6475,1,D,YP,RX,F
13:30:23,INDF,RG,6475,1,D,PD,RX,F
13:30:23,INDF,RG,6475,2,D,XC,RX,F
13:30:23,INDF,RG,6475,1,D,DH,RX,F
13:30:23,INDF,RG,6475,3,D,PD,RX,F
13:30:23,INDF,RG,6475,27,D,EP,RX,F
13:30:23,INDF,RG,6500,2,D,DH,BK,F
13:30:23,INDF,RG,6500,1,F,ZP,BK,F
13:30:17,INDF,RG,6500,1,D,YP,BK,F
13:30:17,INDF,RG,6500,2,D,YP,BK,F
13:30:16,INDF,RG,6500,2,D,YP,BK,F
13:30:15,INDF,RG,6500,5,F,AK,BK,F
13:30:14,INDF,RG,6475,2,D,EP,NI,D
13:30:14,INDF,RG,6500,1,D,YP,BK,F
13:30:14,INDF,RG,6475,5,D,EP,YP,D
13:30:13,INDF,RG,6500,1,D,XC,BK,F
13:30:13,INDF,RG,6500,109,F,BK,BK,F
13:30:13,INDF,RG,6500,17,D,AK,BK,F
13:30:13,INDF,RG,6500,9,D,AK,BK,F
13:30:13,INDF,RG,6500,69,D,AK,BK,F
13:30:13,INDF,RG,6500,1,D,CC,BK,F
13:30:11,INDF,RG,6475,100,D,EP,YP,D
13:30:11,INDF,RG,6500,1,D,PD,BK,F
13:30:11,INDF,RG,6500,2,D,CC,BK,F
13:30:11,INDF,RG,6500,2,D,CC,BK,F
13:30:10,INDF,RG,6500,5,D,PD,BK,F
13:30:10,INDF,RG,6475,20,D,EP,CC,D
13:30:10,INDF,RG,6475,8,F,ZP,CC,D
13:30:10,INDF,RG,6475,1,D,XC,CC,D
13:30:10,INDF,RG,6475,7,F,ZP,CC,D
13:30:10,INDF,RG,6475,14,D,CC,CC,D
13:30:10,INDF,RG,6500,1,D,PD,BK,F
13:30:10,INDF,RG,6500,1,D,PD,BK,F
13:30:10,INDF,RG,6500,2,F,ZP,BK,F
13:30:09,INDF,RG,6500,1,D,OD,BK,F
13:30:09,INDF,RG,6500,20,D,CC,BK,F
13:30:09,INDF,RG,6500,100,D,CC,BK,F
13:30:09,INDF,RG,6475,6,D,CC,BK,F
13:30:09,INDF,RG,6475,1,D,NI,BK,F
13:30:09,INDF,RG,6475,5,D,CC,BK,F
13:30:09,INDF,RG,6475,3,F,ZP,BK,F
13:30:08,INDF,RG,6500,2,D,OD,BK,F
13:30:08,INDF,RG,6500,5,D,DH,BK,F
13:30:08,INDF,RG,6500,7,D,PD,BK,F
13:30:08,INDF,RG,6500,5,D,XC,BK,F
13:30:08,INDF,RG,6500,1,D,XC,BK,F
13:30:07,INDF,RG,6475,2,F,ZP,YU,D
13:30:07,INDF,RG,6475,30,D,EP,YU,D
13:30:07,INDF,RG,6475,1,D,NI,YU,D
13:30:07,INDF,RG,6475,1,D,DH,YU,D
13:30:07,INDF,RG,6475,9,D,CC,YU,D
13:30:07,INDF,RG,6475,2,D,CC,YU,D
13:30:07,INDF,RG,6475,3,F,ZP,YU,D
13:30:07,INDF,RG,6475,8,D,CC,YU,D
13:30:07,INDF,RG,6475,2,D,XC,YU,D
13:30:07,INDF,RG,6475,5,D,YP,YU,D
13:30:07,INDF,RG,6475,10,D,AG,YU,D
13:30:07,INDF,RG,6475,3,F,ZP,YU,D
13:30:07,INDF,RG,6475,4,D,DR,YU,D
13:30:07,INDF,RG,6500,3,D,XC,BK,F
13:30:07,INDF,RG,6500,1,D,XC,BK,F
13:30:07,INDF,RG,6500,3,D,XC,BK,F
13:30:07,INDF,RG,6500,2,D,PD,BK,F
13:30:07,INDF,RG,6500,26,D,PD,BK,F
13:30:07,INDF,RG,6500,60,D,PD,DR,D
13:30:07,INDF,RG,6500,9,D,KK,DR,D
13:30:07,INDF,RG,6500,3,D,EP,DR,D
13:30:07,INDF,RG,6475,4,D,DR,DX,D
13:30:07,INDF,RG,6500,20,D,AZ,DR,D
13:30:07,INDF,RG,6500,1,D,CC,XA,D
13:30:06,INDF,RG,6475,2,D,DR,AZ,D
13:30:06,INDF,RG,6475,10,D,KK,AZ,D
13:30:06,INDF,RG,6475,1,F,ZP,AZ,D
13:30:06,INDF,RG,6475,1,D,SS,AZ,D
13:30:06,INDF,RG,6475,9,D,CC,AZ,D
13:30:06,INDF,RG,6500,4,D,CC,XA,D
13:30:06,INDF,RG,6500,10,D,GR,XA,D
13:30:06,INDF,RG,6500,800,D,CC,XA,D
13:30:06,INDF,RG,6500,1,D,XC,XA,D
13:30:06,INDF,RG,6500,1,D,XC,XA,D
13:30:06,INDF,RG,6500,2,D,XC,XA,D
13:30:06,INDF,RG,6500,1,D,XC,XA,D
13:30:05,INDF,RG,6500,1,D,OD,XA,D
13:30:05,INDF,RG,6500,1,D,PD,XA,D
13:30:05,INDF,RG,6475,1,D,CC,CC,D
13:30:05,INDF,RG,6475,1,D,NI,CC,D
13:30:05,INDF,RG,6475,1,F,ZP,CC,D
13:30:05,INDF,RG,6475,1,D,YP,CC,D
13:30:05,INDF,RG,6500,1,D,CC,XA,D
13:30:05,INDF,RG,6475,2,D,YP,PD,D
13:30:05,INDF,RG,6500,10,D,KK,XA,D
13:30:05,INDF,RG,6500,4,D,CP,XA,D
13:30:05,INDF,RG,6500,5,D,IH,XA,D
13:30:05,INDF,RG,6500,2,D,CP,XA,D
13:30:04,INDF,RG,6500,1,D,PD,XA,D
13:30:04,INDF,RG,6500,1,D,SQ,XA,D
13:30:04,INDF,RG,6475,2,D,YP,XL,D
13:30:04,INDF,RG,6500,4,D,PD,XA,D
13:30:04,INDF,RG,6500,3,D,PD,XA,D
13:30:04,INDF,RG,6500,2,D,PD,XA,D
13:30:03,INDF,RG,6500,10,D,PD,XA,D
13:30:03,INDF,RG,6500,11,D,PD,XA,D
13:30:03,INDF,RG,6475,2,D,YP,PD,D
13:30:03,INDF,RG,6475,5,D,YP,DR,D
13:30:03,INDF,RG,6475,1,D,YP,PD,D
13:30:03,INDF,RG,6500,1,D,XL,XA,D
13:30:03,INDF,RG,6500,20,D,PD,XA,D
13:30:03,INDF,RG,6500,1,D,XL,XA,D
13:30:02,INDF,RG,6500,5,D,LG,XA,D
13:30:02,INDF,RG,6500,2,D,GR,XA,D
13:30:02,INDF,RG,6500,1,D,GR,XA,D
13:30:02,INDF,RG,6500,2,D,KK,XA,D
13:30:02,INDF,RG,6500,40,D,AI,XA,D
11:29:59,INDF,RG,6500,15,D,YP,XA,D
11:29:58,INDF,RG,6475,1,D,YP,RX,F
11:29:57,INDF,RG,6475,6,D,YP,BK,F
11:29:57,INDF,RG,6475,2,D,KK,BK,F
11:29:57,INDF,RG,6475,4,D,NI,BK,F
11:29:57,INDF,RG,6475,1,D,XC,BK,F
11:29:55,INDF,RG,6500,1,D,AK,XA,D
11:29:55,INDF,RG,6500,1,D,AK,XA,D
11:29:47,INDF,RG,6475,6,F,AK,RX,F
11:29:44,INDF,RG,6500,6,D,XC,XA,D
11:29:44,INDF,RG,6475,1,F,AK,AT,D
11:29:44,INDF,RG,6475,12,F,AK,DR,D
11:29:42,INDF,RG,6475,40,F,AK,DR,D
11:29:42,INDF,RG,6475,12,F,AK,BK,F
11:29:40,INDF,RG,6500,1,D,AK,XA,D
11:29:38,INDF,RG,6475,3,F,AK,RX,F
11:29:37,INDF,RG,6500,1,F,AK,XA,D
11:29:37,INDF,RG,6475,13,F,AK,BK,D
11:29:36,INDF,RG,6475,14,F,AK,BK,F
11:29:36,INDF,RG,6475,13,F,AK,BK,F
11:29:25,INDF,RG,6500,1,D,AK,XA,D
11:29:24,INDF,RG,6475,2,F,AK,RX,F
11:29:22,INDF,RG,6475,14,F,AK,BK,F
11:29:21,INDF,RG,6475,1,F,AK,PD,D
11:29:18,INDF,RG,6475,12,F,AK,BK,D
11:29:11,INDF,RG,6475,2,F,AK,RX,F
11:29:11,INDF,RG,6475,12,F,AK,BK,F
11:29:10,INDF,RG,6500,10,D,AK,XA,D
11:29:02,INDF,RG,6475,2,F,AK,RX,F
11:29:00,INDF,RG,6475,14,F,AK,BK,F
11:28:58,INDF,RG,6475,14,F,AK,BK,D
11:28:57,INDF,RG,6500,1,D,AK,XA,D
11:28:56,INDF,RG,6475,3,F,AK,RX,F
11:28:55,INDF,RG,6500,3,D,AK,XA,D
11:28:54,INDF,RG,6475,34,F,AK,DR,D
11:28:50,INDF,RG,6475,1,F,AK,RX,F
11:28:48,INDF,RG,6475,13,F,AK,BK,F
11:28:47,INDF,RG,6475,1,F,AK,RX,F
11:28:46,INDF,RG,6475,1,F,AK,RX,F
11:28:46,INDF,RG,6475,15,F,AK,BK,F
11:28:43,INDF,RG,6475,14,F,AK,BK,F
11:28:40,INDF,RG,6500,2,D,AK,XA,D
11:28:40,INDF,RG,6500,3,D,AK,XA,D
11:28:40,INDF,RG,6500,1,D,AK,XA,D
11:28:36,INDF,RG,6475,1,F,AK,RX,F
11:28:34,INDF,RG,6475,14,F,AK,BK,D
11:28:25,INDF,RG,6475,1,F,AK,RX,F
11:28:24,INDF,RG,6475,13,F,AK,BK,F
11:28:19,INDF,RG,6475,2,F,AK,RX,F
11:28:18,INDF,RG,6475,1,F,AK,XC,D
11:28:18,INDF,RG,6475,14,F,AK,BK,F
11:28:16,INDF,RG,6475,1,F,AK,RX,F
11:28:12,INDF,RG,6475,14,F,AK,BK,D
11:28:10,INDF,RG,6500,2,D,AK,XA,D
11:28:10,INDF,RG,6500,1,D,AK,XA,D
11:28:09,INDF,RG,6475,1,F,AK,RX,F
11:28:06,INDF,RG,6475,14,F,AK,BK,F
11:28:06,INDF,RG,6475,1,F,AK,RX,F
11:28:03,INDF,RG,6475,14,F,AK,BK,F
11:27:59,INDF,RG,6475,1,F,AK,RX,F
11:27:57,INDF,RG,6475,15,F,AK,YP,D
11:27:56,INDF,RG,6475,1,F,AK,RX,F
11:27:55,INDF,RG,6500,1,D,AK,XA,D
11:27:54,INDF,RG,6475,13,F,AK,BK,D
11:27:52,INDF,RG,6475,1,F,AK,RX,F
11:27:49,INDF,RG,6475,13,F,AK,BK,F
11:27:49,INDF,RG,6475,1,F,AK,RX,F
11:27:47,INDF,RG,6475,12,F,AK,BK,F
11:27:35,INDF,RG,6475,1,F,AK,RX,F
11:27:34,INDF,RG,6475,8,F,AK,BK,D
11:27:34,INDF,RG,6475,4,F,ZP,BK,D
11:27:34,INDF,RG,6475,2,D,AK,BK,D
11:27:33,INDF,RG,6475,1,D,AK,RX,F
11:27:32,INDF,RG,6475,9,D,AK,BK,F
11:27:32,INDF,RG,6475,1,D,YP,BK,F
11:27:32,INDF,RG,6475,2,D,YP,BK,F
11:27:32,INDF,RG,6475,1,F,ZP,BK,F
11:27:27,INDF,RG,6475,2,F,ZP,RX,F
11:27:27,INDF,RG,6475,7,D,YP,BK,F
11:27:27,INDF,RG,6475,1,D,AK,BK,F
11:27:27,INDF,RG,6475,8,D,YP,BK,F
11:27:26,INDF,RG,6475,13,D,YP,BK,F
11:27:25,INDF,RG,6475,1,D,YP,RX,F
11:27:25,INDF,RG,6475,1,D,YP,DR,D
11:27:25,INDF,RG,6500,6,D,AK,XA,D
11:27:11,INDF,RG,6475,1,D,YP,YP,D
11:27:11,INDF,RG,6475,1,D,YP,RX,F
11:27:11,INDF,RG,6475,14,D,YP,BK,D
11:27:10,INDF,RG,6500,1,D,AK,XA,D
11:27:08,INDF,RG,6475,1,D,YP,RX,F
11:27:08,INDF,RG,6475,1,D,YP,DR,D
11:27:07,INDF,RG,6475,13,D,YP,BK,F
11:27:05,INDF,RG,6475,1,D,YP,RX,F
11:26:56,INDF,RG,6475,18,D,YP,BK,F
11:26:54,INDF,RG,6475,1,D,YP,RX,F
11:26:53,INDF,RG,6500,15,D,XC,XA,D
11:26:51,INDF,RG,6475,3,D,YP,RX,F
11:26:50,INDF,RG,6475,13,D,YP,BK,D
11:26:48,INDF,RG,6475,1,D,YP,RX,F
11:26:48,INDF,RG,6475,9,D,YP,SQ,D
11:26:48,INDF,RG,6475,1,F,AK,SQ,D
11:26:48,INDF,RG,6475,1,D,XC,SQ,D
11:26:48,INDF,RG,6475,8,D,YP,SQ,D
11:26:45,INDF,RG,6475,2,D,YP,BK,F
11:26:45,INDF,RG,6475,3,F,ZP,BK,F
11:26:45,INDF,RG,6475,3,D,AK,BK,F
11:26:45,INDF,RG,6475,4,F,ZP,BK,F
11:26:45,INDF,RG,6475,1,F,ZP,RX,F
11:26:43,INDF,RG,6475,1,F,ZP,BK,F
11:26:43,INDF,RG,6475,13,F,BK,BK,F
11:26:42,INDF,RG,6475,1,F,BK,RX,F
11:26:38,INDF,RG,6475,13,F,BK,BK,F
11:26:36,INDF,RG,6475,1,F,BK,DR,D
11:26:33,INDF,RG,6475,1,F,BK,RX,F
11:26:32,INDF,RG,6475,13,F,BK,BK,D
11:26:25,INDF,RG,6475,15,F,BK,RX,F
11:26:25,INDF,RG,6500,1,D,AK,XA,D
11:26:22,INDF,RG,6475,13,F,BK,BK,F
11:26:20,INDF,RG,6475,134,F,BK,DR,D
11:26:18,INDF,RG,6475,15,F,BK,BK,F
11:26:18,INDF,RG,6475,41,F,BK,DR,D
11:26:15,INDF,RG,6475,1,F,BK,RX,F
11:26:11,INDF,RG,6475,14,F,BK,BK,D
11:26:08,INDF,RG,6475,1,F,BK,RX,F
11:26:05,INDF,RG,6475,13,F,BK,BK,F
11:26:05,INDF,RG,6500,1,D,PD,XA,D
11:26:02,INDF,RG,6475,3,F,BK,RX,F
11:25:59,INDF,RG,6475,18,F,BK,BK,F
11:25:59,INDF,RG,6475,13,F,BK,BK,D
11:25:54,INDF,RG,6475,1,F,BK,RX,F
11:25:54,INDF,RG,6475,4,F,BK,CC,D
11:25:49,INDF,RG,6475,14,F,BK,BK,F
11:25:44,INDF,RG,6475,1,F,BK,RX,F
11:25:38,INDF,RG,6475,14,F,BK,BK,D
11:25:30,INDF,RG,6475,5,F,BK,RX,F
11:25:29,INDF,RG,6475,25,F,BK,SQ,D
11:25:28,INDF,RG,6475,12,F,BK,BK,F
11:25:28,INDF,RG,6475,25,F,BK,BK,F
11:25:17,INDF,RG,6475,1,F,BK,RX,F
11:25:16,INDF,RG,6475,15,F,BK,BK,D
11:25:04,INDF,RG,6475,4,F,BK,RX,F
11:25:01,INDF,RG,6475,12,F,BK,BK,D
11:25:01,INDF,RG,6475,29,F,BK,BK,F
11:25:00,INDF,RG,6475,10,F,BK,YP,D
11:24:57,INDF,RG,6475,1,F,BK,RX,F
11:24:55,INDF,RG,6475,16,F,BK,BK,F
11:24:55,INDF,RG,6475,1,D,AK,BK,F
11:24:55,INDF,RG,6475,1,D,XC,BK,F
11:24:55,INDF,RG,6475,1,D,CC,BK,F
11:24:54,INDF,RG,6475,1,D,CC,RX,F
11:24:53,INDF,RG,6475,2,D,BQ,RX,F
11:24:53,INDF,RG,6475,13,D,YP,BK,F
11:24:50,INDF,RG,6475,30,D,YP,BK,F
11:24:50,INDF,RG,6475,1,D,YP,RX,F
11:24:47,INDF,RG,6475,2,D,YP,RX,F
11:24:46,INDF,RG,6500,13,F,BK,XA,D
11:24:44,INDF,RG,6475,1,D,YP,RX,F
11:24:43,INDF,RG,6500,20,D,CC,XA,D
11:24:43,INDF,RG,6475,4,D,YP,RX,F
11:24:42,INDF,RG,6475,12,D,YP,BK,F
11:24:40,INDF,RG,6475,12,D,YP,BK,F
11:24:40,INDF,RG,6475,11,D,AK,BK,F
11:24:39,INDF,RG,6475,1,D,AK,XC,D
11:24:39,INDF,RG,6475,1,D,AK,BK,D
11:24:39,INDF,RG,6475,1,D,XC,BK,D
11:24:39,INDF,RG,6475,5,D,PD,BK,D
11:24:39,INDF,RG,6475,7,D,DR,BK,D
11:24:37,INDF,RG,6500,23,F,BK,XA,D
11:24:34,INDF,RG,6475,4,D,DR,RX,F
11:24:32,INDF,RG,6500,42,F,BK,XA,D
11:24:32,INDF,RG,6475,14,D,DR,RX,F
11:24:32,INDF,RG,6475,5,D,AR,RX,F
11:24:30,INDF,RG,6475,85,D,AR,YU,D
11:24:30,INDF,RG,6475,100,F,AG,YU,D
11:24:30,INDF,RG,6475,2,D,EP,YU,D
11:24:30,INDF,RG,6475,3,D,AK,YU,D
11:24:30,INDF,RG,6475,25,D,YB,YU,D
11:24:30,INDF,RG,6475,20,D,XA,YU,D
11:24:30,INDF,RG,6475,21,D,PD,YU,D
11:24:30,INDF,RG,6475,1,D,PD,AZ,D
11:24:23,INDF,RG,6475,1,D,PD,RX,F
11:24:22,INDF,RG,6475,5,D,PD,YP,D
11:24:21,INDF,RG,6475,14,D,PD,BK,D
11:24:21,INDF,RG,6475,2,D,PD,RX,F
11:24:19,INDF,RG,6475,6,D,PD,BK,F
11:24:19,INDF,RG,6475,1,D,CC,BK,F
11:24:19,INDF,RG,6475,2,D,AK,BK,F
11:24:19,INDF,RG,6475,2,F,ZP,BK,F
11:24:19,INDF,RG,6475,3,F,ZP,BK,F
11:24:19,INDF,RG,6475,11,D,AK,BK,F
11:24:05,INDF,RG,6475,2,D,AK,RX,F
11:24:05,INDF,RG,6500,19,F,BK,XA,D
11:24:03,INDF,RG,6475,1,F,ZP,RX,F
11:24:02,INDF,RG,6500,1,D,XC,XA,D
11:24:02,INDF,RG,6500,1,D,EP,XA,D
11:24:02,INDF,RG,6475,12,F,ZP,BK,F
11:24:02,INDF,RG,6475,2,F,ZP,BK,F
11:23:53,INDF,RG,6475,5,F,ZP,RX,F
11:23:52,INDF,RG,6500,23,F,BK,XA,D
11:23:52,INDF,RG,6475,1,F,ZP,BK,D
11:23:52,INDF,RG,6475,9,F,ZP,BK,D
11:23:52,INDF,RG,6475,6,D,EP,BK,D
11:23:52,INDF,RG,6475,4,D,EP,BK,F
11:23:52,INDF,RG,6475,2,D,YP,BK,F
11:23:52,INDF,RG,6475,20,D,RO,BK,F
11:23:52,INDF,RG,6475,7,D,XC,BK,F
11:23:50,INDF,RG,6475,1,D,XC,RX,F
11:23:48,INDF,RG,6500,5,D,GR,XA,D
11:23:47,INDF,RG,6475,1,D,XC,RX,F
11:23:46,INDF,RG,6475,1,D,XC,RX,F
11:23:46,INDF,RG,6475,1,D,PD,RX,F
11:23:46,INDF,RG,6475,11,D,CC,RX,F
11:23:46,INDF,RG,6500,23,F,BK,XA,D
11:23:45,INDF,RG,6475,89,D,CC,DR,D
11:23:45,INDF,RG,6475,1,D,PD,DR,D
11:23:45,INDF,RG,6475,1,D,NI,DR,D
11:23:45,INDF,RG,6475,50,D,CC,DR,D
11:23:45,INDF,RG,6475,5,D,CC,DR,D
11:23:45,INDF,RG,6475,2,D,CC,DR,D
11:23:45,INDF,RG,6475,5,D,SQ,DR,D
11:23:45,INDF,RG,6475,1,D,PD,DR,D
11:23:45,INDF,RG,6475,19,D,AG,DR,D
11:23:43,INDF,RG,6475,2,D,AG,RX,F
11:23:41,INDF,RG,6475,22,D,AG,BK,F
11:23:30,INDF,RG,6475,1,D,AG,YP,D
11:23:26,INDF,RG,6475,2,D,AG,RX,F
11:23:26,INDF,RG,6500,1,D,XC,XA,D
11:23:23,INDF,RG,6500,22,F,BK,XA,D
11:23:23,INDF,RG,6475,3,D,AG,RX,F
11:23:23,INDF,RG,6475,1,D,AG,BK,D
11:23:23,INDF,RG,6475,5,D,GR,BK,D
11:23:23,INDF,RG,6475,4,D,AT,BK,D
11:23:23,INDF,RG,6475,3,D,AT,BK,D
11:23:23,INDF,RG,6475,6,D,SQ,BK,D
11:23:21,INDF,RG,6475,17,D,SQ,BK,F
11:23:17,INDF,RG,6475,1,D,SQ,RX,F
11:23:16,INDF,RG,6475,14,D,SQ,BK,F
11:23:05,INDF,RG,6475,1,D,SQ,RX,F
11:23:03,INDF,RG,6475,14,D,SQ,BK,D
11:22:59,INDF,RG,6475,1,D,SQ,RX,F
11:22:55,INDF,RG,6500,12,F,BK,XA,D
11:22:53,INDF,RG,6475,11,D,SQ,RX,F
11:22:50,INDF,RG,6500,13,F,BK,XA,D
11:22:49,INDF,RG,6475,14,D,SQ,BK,D
11:22:49,INDF,RG,6475,42,D,SQ,BK,F
11:22:46,INDF,RG,6475,81,D,SQ,YP,D
11:22:43,INDF,RG,6475,2,D,SQ,RX,F
11:22:41,INDF,RG,6475,10,D,SQ,CC,D
11:22:36,INDF,RG,6500,19,F,BK,XA,D
11:22:35,INDF,RG,6500,1,D,KK,XA,D
11:22:33,INDF,RG,6475,1,D,SQ,RX,F
11:22:32,INDF,RG,6475,14,D,SQ,BK,F
11:22:31,INDF,RG,6475,14,D,SQ,RX,F
11:22:29,INDF,RG,6500,1,D,XC,XA,D
11:22:29,INDF,RG,6475,13,D,SQ,BK,D
11:22:23,INDF,RG,6475,36,D,SQ,BK,F
11:22:21,INDF,RG,6500,1,D,YB,XA,D
11:22:17,INDF,RG,6500,16,F,BK,XA,D
11:22:15,INDF,RG,6500,14,F,BK,XA,D
11:22:12,INDF,RG,6500,2,D,YB,XA,D
11:22:12,INDF,RG,6500,67,F,BK,XA,D
11:22:10,INDF,RG,6475,17,D,SQ,RX,F
11:22:10,INDF,RG,6475,7,D,PD,RX,F
11:22:10,INDF,RG,6475,3,D,YP,RX,F
11:22:10,INDF,RG,6475,1,D,CC,RX,F
11:22:10,INDF,RG,6475,1,D,YP,RX,F
11:22:09,INDF,RG,6475,1,D,KK,YP,D
11:22:09,INDF,RG,6475,10,D,YP,YP,D
11:22:09,INDF,RG,6475,1,D,PD,YP,D
11:22:09,INDF,RG,6475,10,D,CC,YP,D
11:22:09,INDF,RG,6475,1,D,XC,YP,D
11:22:09,INDF,RG,6475,7,D,NI,YP,D
11:22:09,INDF,RG,6475,3,D,PD,YP,D
11:22:09,INDF,RG,6475,2,D,YP,YP,D
11:22:09,INDF,RG,6475,10,D,CC,YP,D
11:22:09,INDF,RG,6475,2,D,YP,YP,D
11:22:09,INDF,RG,6475,10,D,AZ,YP,D
11:22:09,INDF,RG,6475,1,D,PD,YP,D
11:22:09,INDF,RG,6475,10,D,PD,YP,D
11:22:09,INDF,RG,6475,10,D,GR,YP,D
11:22:09,INDF,RG,6475,5,D,GR,YP,D
11:22:09,INDF,RG,6475,1,D,HD,YP,D
11:22:09,INDF,RG,6475,50,D,YP,YP,D
11:22:09,INDF,RG,6475,5,D,YP,YP,D
11:22:09,INDF,RG,6475,5,D,CC,YP,D
11:22:09,INDF,RG,6475,5,D,XC,YP,D
11:22:09,INDF,RG,6475,2,D,NI,YP,D
11:22:09,INDF,RG,6475,2,D,PD,YP,D
11:22:09,INDF,RG,6475,1,D,PD,YP,D
11:22:09,INDF,RG,6475,20,D,GR,YP,D
11:22:09,INDF,RG,6475,10,D,YP,YP,D
11:22:09,INDF,RG,6475,3,D,XL,YP,D
11:22:09,INDF,RG,6475,1,D,PD,YP,D
11:22:09,INDF,RG,6475,2,D,PD,YP,D
11:22:09,INDF,RG,6475,1,D,YP,YP,D
11:22:09,INDF,RG,6475,1,D,PD,YP,D
11:22:09,INDF,RG,6475,2,D,YP,YP,D
11:22:09,INDF,RG,6475,50,D,KK,YP,D
11:22:09,INDF,RG,6475,30,D,EP,YP,D
11:22:09,INDF,RG,6475,1,D,XC,YP,D
11:22:09,INDF,RG,6475,100,D,YU,YP,D
11:22:09,INDF,RG,6475,7,D,PD,YP,D
11:22:07,INDF,RG,6475,1,D,PD,RX,F
11:22:06,INDF,RG,6500,13,F,BK,XA,D
11:22:06,INDF,RG,6475,12,D,PD,BK,D
11:22:06,INDF,RG,6475,11,D,CC,BK,D
11:22:04,INDF,RG,6475,2,D,CC,RX,F
11:22:03,INDF,RG,6500,21,F,BK,XA,D
11:22:03,INDF,RG,6475,26,D,CC,BK,F
11:22:02,INDF,RG,6475,11,D,CC,RX,F
11:22:02,INDF,RG,6475,4,D,PD,RX,F
11:22:01,INDF,RG,6475,16,D,PD,YU,D
11:22:01,INDF,RG,6475,5,D,HP,YU,D
11:22:01,INDF,RG,6475,1,D,PD,YU,D
11:22:01,INDF,RG,6475,144,D,YP,YU,D
11:22:01,INDF,RG,6475,10,D,GR,YU,D
11:22:01,INDF,RG,6475,5,D,CC,YU,D
11:22:01,INDF,RG,6475,1,D,XC,YU,D
11:22:01,INDF,RG,6475,10,D,XC,YU,D
11:22:01,INDF,RG,6475,8,D,GR,YU,D
11:21:54,INDF,RG,6500,2,D,YB,XA,D
11:21:45,INDF,RG,6475,13,D,GR,BK,D
11:21:44,INDF,RG,6475,14,D,GR,BK,F
11:21:42,INDF,RG,6475,18,D,GR,BK,F
11:21:42,INDF,RG,6475,1,D,PD,BK,F
11:21:42,INDF,RG,6475,16,D,SQ,BK,F
11:21:37,INDF,RG,6475,2,D,SQ,DR,D
11:21:35,INDF,RG,6475,2,D,SQ,AT,D
11:21:20,INDF,RG,6475,20,D,SQ,BK,D
11:21:16,INDF,RG,6475,3,D,SQ,DR,D
11:21:09,INDF,RG,6475,13,D,SQ,BK,F
11:21:02,INDF,RG,6475,47,D,SQ,BK,F
11:20:46,INDF,RG,6475,30,D,SQ,BK,F
11:20:41,INDF,RG,6475,29,D,SQ,BK,D
11:20:26,INDF,RG,6475,13,D,SQ,BK,F
11:20:15,INDF,RG,6475,48,D,SQ,BK,F
11:19:55,INDF,RG,6475,34,D,SQ,BK,D
11:19:55,INDF,RG,6475,34,D,SQ,BK,F
11:19:53,INDF,RG,6500,2,D,PD,XA,D
11:19:47,INDF,RG,6475,14,D,SQ,BK,F
11:19:44,INDF,RG,6475,98,D,SQ,BK,F
11:19:36,INDF,RG,6500,30,D,DR,XA,D
11:19:35,INDF,RG,6475,14,D,SQ,BK,F
11:19:31,INDF,RG,6475,20,D,SQ,BK,D
11:19:25,INDF,RG,6475,1,D,SQ,PD,D
11:19:14,INDF,RG,6475,53,D,SQ,BK,F
11:19:09,INDF,RG,6475,9,D,SQ,BK,D
11:19:09,INDF,RG,6475,2,D,YP,BK,D
11:19:09,INDF,RG,6475,2,D,XC,BK,D
11:18:53,INDF,RG,6475,5,D,XC,YP,D
11:18:52,INDF,RG,6475,3,D,XC,BK,F
11:18:52,INDF,RG,6475,10,D,YP,BK,F
11:18:46,INDF,RG,6475,2,D,HD,BK,F
11:18:46,INDF,RG,6475,1,D,YP,BK,F
11:18:46,INDF,RG,6475,30,D,CC,BK,F
11:18:46,INDF,RG,6475,2,D,YP,BK,F
11:18:46,INDF,RG,6475,4,D,GR,BK,F
11:18:44,INDF,RG,6475,22,D,GR,BK,D
11:18:38,INDF,RG,6475,24,D,GR,PD,D
11:18:38,INDF,RG,6475,1,D,XC,PD,D
11:18:38,INDF,RG,6475,20,D,EP,PD,D
11:18:38,INDF,RG,6475,1,D,YP,PD,D
11:18:38,INDF,RG,6475,15,D,PD,PD,D
11:18:38,INDF,RG,6475,100,D,GR,PD,D
11:18:38,INDF,RG,6475,4,D,XC,PD,D
11:18:38,INDF,RG,6475,25,D,GR,PD,D
11:18:38,INDF,RG,6475,5,D,DH,PD,D
11:18:38,INDF,RG,6475,1,D,DH,PD,D
11:18:38,INDF,RG,6475,8,D,KK,PD,D
11:18:38,INDF,RG,6475,4,D,YP,PD,D
11:18:38,INDF,RG,6475,1,D,YP,PD,D
11:18:38,INDF,RG,6475,17,D,PD,PD,D
11:18:38,INDF,RG,6475,175,D,YP,PD,D
11:18:36,INDF,RG,6475,5,D,YP,LG,D
11:18:11,INDF,RG,6475,20,D,YP,BK,D
11:18:11,INDF,RG,6475,4,D,NI,BK,D
11:18:11,INDF,RG,6475,1,D,PD,BK,D
11:18:08,INDF,RG,6475,5,D,KK,BK,F
11:18:08,INDF,RG,6475,7,D,YP,BK,F
11:18:06,INDF,RG,6475,8,D,YP,BK,F
11:18:06,INDF,RG,6475,54,D,DH,BK,F
11:18:02,INDF,RG,6475,5,D,DH,CC,D
11:18:02,INDF,RG,6475,5,D,DH,PD,D
11:17:37,INDF,RG,6475,4,D,DH,CC,D
11:17:30,INDF,RG,6475,165,D,DH,YU,D
11:17:29,INDF,RG,6500,1,D,PD,XA,D
11:17:23,INDF,RG,6475,1,D,DH,NI,D
11:17:23,INDF,RG,6475,59,D,DH,BK,F
11:17:22,INDF,RG,6475,7,D,DH,BK,D
11:17:22,INDF,RG,6475,10,D,ZP,BK,D
11:17:22,INDF,RG,6475,1,D,KK,BK,D
11:17:22,INDF,RG,6475,1,D,CC,BK,D
11:17:22,INDF,RG,6475,17,D,YU,BK,D
11:17:17,INDF,RG,6475,14,D,YU,BK,F
11:17:02,INDF,RG,6475,19,D,YU,BK,F
11:17:02,INDF,RG,6475,14,D,PD,BK,F
11:16:53,INDF,RG,6475,1,D,PD,YP,D
11:16:53,INDF,RG,6475,15,D,YP,YP,D
11:16:53,INDF,RG,6475,4,D,YP,YP,D
11:16:35,INDF,RG,6475,12,D,YP,BK,F
11:16:20,INDF,RG,6500,2,D,EP,XA,D
11:16:18,INDF,RG,6500,3,D,DH,XA,D
11:16:17,INDF,RG,6475,2,D,YP,YP,D
11:16:17,INDF,RG,6475,10,D,GR,YP,D
11:16:17,INDF,RG,6475,39,D,YU,YP,D
11:16:17,INDF,RG,6475,10,D,SQ,YP,D
11:16:17,INDF,RG,6475,15,D,PD,YP,D
11:16:17,INDF,RG,6475,10,D,PD,YP,D
11:16:17,INDF,RG,6475,1,D,YP,YP,D
11:16:17,INDF,RG,6475,1,D,XC,YP,D
11:16:17,INDF,RG,6475,3,D,XC,YP,D
11:16:17,INDF,RG,6475,9,D,XL,YP,D
11:16:17,INDF,RG,6475,6,D,XL,YP,D
11:16:17,INDF,RG,6475,1,D,GR,YP,D
11:16:17,INDF,RG,6475,1,D,YP,YP,D
11:16:17,INDF,RG,6475,2,D,YP,YP,D
11:16:17,INDF,RG,6475,1,D,AI,YP,D
11:16:17,INDF,RG,6475,34,D,YP,YP,D
11:16:17,INDF,RG,6475,16,D,YP,NI,D
11:16:17,INDF,RG,6475,10,D,YP,NI,D
11:16:17,INDF,RG,6475,5,D,PD,NI,D
11:16:17,INDF,RG,6475,7,D,AG,NI,D
11:16:17,INDF,RG,6475,5,D,PD,NI,D
11:16:17,INDF,RG,6475,15,D,PD,NI,D
11:16:17,INDF,RG,6475,5,D,YP,NI,D
11:16:17,INDF,RG,6475,1,D,NI,NI,D
11:16:17,INDF,RG,6475,5,D,YP,NI,D
11:16:17,INDF,RG,6475,1,D,DH,NI,D
11:16:17,INDF,RG,6475,1,D,PD,NI,D
11:16:17,INDF,RG,6475,2,D,PD,NI,D
11:16:17,INDF,RG,6475,1,D,YP,NI,D
11:16:17,INDF,RG,6475,26,D,YP,NI,D
11:16:17,INDF,RG,6475,12,D,YP,BK,D
11:16:17,INDF,RG,6475,2,D,YP,BK,D
11:16:17,INDF,RG,6475,1,D,YP,BK,D
11:16:17,INDF,RG,6475,1,D,PD,BK,D
11:16:17,INDF,RG,6475,2,D,YJ,BK,D
11:16:17,INDF,RG,6475,20,D,YP,BK,D
11:16:17,INDF,RG,6475,1,D,YP,BK,D
11:16:14,INDF,RG,6500,10,D,TP,XA,D
11:16:13,INDF,RG,6500,5,D,AZ,XA,D
11:16:13,INDF,RG,6500,1,F,AK,XA,D
11:16:13,INDF,RG,6500,42,F,ZP,XA,D
11:16:13,INDF,RG,6500,500,D,DH,XA,D
11:16:13,INDF,RG,6500,1,D,XL,XA,D
11:16:13,INDF,RG,6500,6,F,ZP,XA,D
11:16:05,INDF,RG,6500,5,F,ZP,BK,F
11:16:05,INDF,RG,6500,1,D,PD,BK,F
11:16:05,INDF,RG,6500,4,D,AK,BK,F
11:16:05,INDF,RG,6500,2,D,AK,BK,F
11:16:05,INDF,RG,6500,3,D,AK,BK,F
11:16:05,INDF,RG,6500,2,D,AK,BK,F
11:16:05,INDF,RG,6500,19,D,AK,BK,F
11:16:05,INDF,RG,6500,7,D,AK,BK,F
11:15:49,INDF,RG,6500,8,D,AK,BK,F
11:15:49,INDF,RG,6500,1,F,AK,BK,F
11:15:49,INDF,RG,6500,3,D,AK,BK,F
11:15:49,INDF,RG,6500,1,F,AK,BK,F
11:15:49,INDF,RG,6500,1,D,AK,BK,F
11:15:49,INDF,RG,6500,2,F,AK,BK,F
11:15:49,INDF,RG,6500,3,F,ZP,BK,F
11:15:49,INDF,RG,6500,5,F,ZP,BK,F
11:15:49,INDF,RG,6500,1,D,AT,BK,F
11:15:49,INDF,RG,6500,1,D,DR,BK,F
11:15:49,INDF,RG,6500,2,F,ZP,BK,F
11:15:49,INDF,RG,6500,1,D,SQ,BK,F
11:15:49,INDF,RG,6500,1,D,PD,BK,F
11:15:49,INDF,RG,6500,3,D,XC,BK,F
11:15:49,INDF,RG,6500,9,D,AK,BK,F
11:15:49,INDF,RG,6500,9,D,AK,BK,F
11:15:49,INDF,RG,6500,5,D,AK,BK,F
11:15:49,INDF,RG,6500,2,D,AK,IF,D
11:15:49,INDF,RG,6500,1,F,AK,IF,D
11:15:49,INDF,RG,6500,4,D,AK,IF,D
11:15:49,INDF,RG,6500,2,D,AK,IF,D
11:15:49,INDF,RG,6500,10,D,NI,IF,D
11:15:49,INDF,RG,6500,95,D,YP,IF,D
11:15:49,INDF,RG,6500,20,D,PD,IF,D
11:15:49,INDF,RG,6500,5,D,EP,IF,D
11:15:49,INDF,RG,6500,1,D,PD,IF,D
11:15:49,INDF,RG,6500,1,D,PD,IF,D
11:15:49,INDF,RG,6500,2,F,ZP,IF,D
11:15:49,INDF,RG,6500,1,D,XC,IF,D
11:15:49,INDF,RG,6500,1,D,XC,IF,D
11:15:49,INDF,RG,6500,1,D,PD,IF,D
11:15:49,INDF,RG,6500,3,D,GR,IF,D
11:15:49,INDF,RG,6500,10,D,KK,IF,D
11:15:49,INDF,RG,6500,15,D,YP,IF,D
11:15:49,INDF,RG,6500,10,D,XC,IF,D
11:15:49,INDF,RG,6500,10,D,CC,IF,D
11:15:49,INDF,RG,6500,137,D,YP,IF,D
11:15:49,INDF,RG,6500,1,D,OD,IF,D
11:15:49,INDF,RG,6500,1,D,XC,IF,D
11:15:49,INDF,RG,6500,30,D,CC,IF,D
11:15:49,INDF,RG,6500,5,D,CC,IF,D
11:15:49,INDF,RG,6500,2,D,PD,IF,D
11:15:49,INDF,RG,6500,1,D,NI,IF,D
11:15:49,INDF,RG,6500,50,D,DH,IF,D
11:15:49,INDF,RG,6500,5,D,SQ,IF,D
11:15:49,INDF,RG,6500,2,F,ZP,IF,D
11:15:49,INDF,RG,6500,10,D,CC,IF,D
11:15:49,INDF,RG,6500,1,D,XC,IF,D
11:15:49,INDF,RG,6500,100,D,IF,IF,D
11:15:49,INDF,RG,6500,10,D,CC,IF,D
11:15:49,INDF,RG,6500,1,D,PD,IF,D
11:15:49,INDF,RG,6500,1,D,CC,IF,D
11:15:49,INDF,RG,6500,8,D,XC,IF,D
11:15:49,INDF,RG,6500,1,D,KK,IF,D
11:15:49,INDF,RG,6500,10,D,PD,IF,D
11:15:49,INDF,RG,6500,1,D,YP,IF,D
11:15:49,INDF,RG,6500,10,D,LG,IF,D
11:15:49,INDF,RG,6500,2,D,XC,IF,D
11:15:49,INDF,RG,6500,5,D,NI,IF,D
11:15:49,INDF,RG,6500,2,D,CC,IF,D
11:15:49,INDF,RG,6500,1,D,XC,IF,D
11:15:49,INDF,RG,6500,10,D,CC,IF,D
11:15:49,INDF,RG,6500,3,D,CC,IF,D
11:15:49,INDF,RG,6500,100,D,TF,IF,D
11:15:49,INDF,RG,6500,25,D,KK,IF,D
11:15:49,INDF,RG,6500,2,D,XC,IF,D
11:15:49,INDF,RG,6500,10,D,TP,IF,D
11:15:49,INDF,RG,6500,1,D,PD,IF,D
11:15:49,INDF,RG,6500,100,D,BQ,IF,D
11:15:49,INDF,RG,6500,1,D,NI,IF,D
11:15:49,INDF,RG,6500,1,D,DH,IF,D
11:15:49,INDF,RG,6500,10,D,CC,IF,D
11:15:49,INDF,RG,6500,10,D,PD,IF,D
11:15:49,INDF,RG,6500,7,F,ZP,IF,D
11:15:49,INDF,RG,6500,4,F,ZP,IF,D
11:15:49,INDF,RG,6500,2,D,PD,IF,D
11:15:49,INDF,RG,6500,100,D,YP,IF,D
11:15:49,INDF,RG,6500,2,D,AT,IF,D
11:15:49,INDF,RG,6500,9,D,PD,IF,D
11:15:49,INDF,RG,6500,2,D,LG,IF,D
11:15:49,INDF,RG,6500,1,D,CC,IF,D
11:15:49,INDF,RG,6500,20,D,GR,IF,D
11:15:49,INDF,RG,6500,10,D,LG,IF,D
11:15:49,INDF,RG,6500,2,D,PD,IF,D
11:15:49,INDF,RG,6500,1,D,XC,IF,D
11:15:49,INDF,RG,6500,100,D,YP,IF,D
11:15:49,INDF,RG,6500,1,F,ZP,IF,D
11:15:49,INDF,RG,6500,1,D,XC,IF,D
11:15:49,INDF,RG,6500,1,D,XC,IF,D
11:15:49,INDF,RG,6500,2,D,PD,IF,D
11:15:49,INDF,RG,6500,20,D,CC,IF,D
11:15:49,INDF,RG,6500,2,D,XC,IF,D
11:15:49,INDF,RG,6500,15,D,YP,IF,D
11:15:49,INDF,RG,6500,1,D,PD,IF,D
11:15:49,INDF,RG,6500,2,D,GR,IF,D
11:15:49,INDF,RG,6500,10,D,PD,IF,D
11:15:49,INDF,RG,6500,1,D,PD,IF,D
11:15:49,INDF,RG,6500,3,D,PD,IF,D
11:15:49,INDF,RG,6500,5,D,PD,IF,D
11:15:49,INDF,RG,6500,1,F,ZP,IF,D
11:15:49,INDF,RG,6500,24,D,OD,IF,D
11:15:49,INDF,RG,6500,2,D,XC,IF,D
11:15:49,INDF,RG,6500,2,D,KK,IF,D
11:15:49,INDF,RG,6500,24,F,RX,IF,D
11:15:49,INDF,RG,6500,1,D,NI,IF,D
11:15:49,INDF,RG,6500,20,D,AG,IF,D
11:15:49,INDF,RG,6500,16,D,YP,IF,D
11:15:49,INDF,RG,6500,1,D,DR,IF,D
11:15:49,INDF,RG,6500,1,D,DX,IF,D
11:15:49,INDF,RG,6500,5,F,ZP,IF,D
11:15:49,INDF,RG,6500,200,D,BR,IF,D
11:15:49,INDF,RG,6500,1,D,FZ,IF,D
11:15:49,INDF,RG,6500,1,D,PD,IF,D
11:15:49,INDF,RG,6500,10,D,CC,IF,D
11:15:49,INDF,RG,6500,10,D,LG,IF,D
11:15:49,INDF,RG,6500,25,D,CC,IF,D
11:15:49,INDF,RG,6500,1,D,CC,IF,D
11:15:49,INDF,RG,6500,100,D,CC,IF,D
11:15:49,INDF,RG,6500,1,D,CC,IF,D
11:15:49,INDF,RG,6500,1,D,PD,IF,D
11:15:49,INDF,RG,6500,27,F,ZP,IF,D
11:15:49,INDF,RG,6500,3,D,SQ,IF,D
11:15:49,INDF,RG,6500,30,D,PD,IF,D
11:15:49,INDF,RG,6500,4,D,XL,IF,D
11:15:49,INDF,RG,6500,8,F,ZP,IF,D
11:15:49,INDF,RG,6500,6,F,ZP,IF,D
11:15:49,INDF,RG,6500,3,F,ZP,IF,D
11:15:49,INDF,RG,6500,3,D,YP,IF,D
11:15:49,INDF,RG,6500,10,D,PD,IF,D
11:15:49,INDF,RG,6500,3,D,CC,IF,D
11:15:49,INDF,RG,6500,5,D,YP,IF,D
11:15:49,INDF,RG,6500,1,D,YP,IF,D
11:15:49,INDF,RG,6500,50,D,AG,IF,D
11:15:49,INDF,RG,6500,1,D,XC,IF,D
11:15:49,INDF,RG,6500,1,D,PD,IF,D
11:15:49,INDF,RG,6500,5,D,PD,IF,D
11:15:49,INDF,RG,6500,1,D,PD,IF,D
11:15:49,INDF,RG,6500,100,D,PD,IF,D
11:15:49,INDF,RG,6500,1,D,XC,IF,D
11:15:49,INDF,RG,6500,5,D,XC,IF,D
11:15:49,INDF,RG,6500,10,D,YP,IF,D
11:15:49,INDF,RG,6500,1,F,ZP,IF,D
11:15:49,INDF,RG,6500,2,D,KK,IF,D
11:15:49,INDF,RG,6500,1,D,XC,IF,D
11:15:49,INDF,RG,6500,1,D,NI,IF,D
11:15:49,INDF,RG,6500,10,D,YP,IF,D
11:15:49,INDF,RG,6500,10,D,KK,IF,D
11:15:49,INDF,RG,6500,2,D,NI,IF,D
11:15:49,INDF,RG,6500,10,D,YB,IF,D
11:15:49,INDF,RG,6500,3,D,KK,IF,D
11:15:49,INDF,RG,6500,2,D,CC,IF,D
11:15:49,INDF,RG,6500,10,D,CC,IF,D
11:15:49,INDF,RG,6500,15,D,NI,IF,D
11:15:49,INDF,RG,6500,19,D,AK,IF,D
11:15:49,INDF,RG,6500,6,D,SQ,IF,D
11:15:49,INDF,RG,6500,8,D,XC,IF,D
11:15:49,INDF,RG,6500,23,D,AG,IF,D
11:15:49,INDF,RG,6500,3,D,KK,IF,D
11:15:49,INDF,RG,6500,18,D,XC,IF,D
11:15:49,INDF,RG,6500,50,D,SQ,IF,D
11:15:49,INDF,RG,6500,30,D,PD,IF,D
11:15:49,INDF,RG,6500,2,F,ZP,IF,D
11:15:49,INDF,RG,6500,100,D,YP,IF,D
11:15:49,INDF,RG,6500,1,D,CC,IF,D
11:15:49,INDF,RG,6500,7,F,ZP,IF,D
11:15:49,INDF,RG,6500,50,D,SQ,IF,D
11:15:49,INDF,RG,6500,15,D,SQ,IF,D
11:15:49,INDF,RG,6500,5,D,PD,IF,D
11:15:49,INDF,RG,6500,1,F,AK,IF,D
11:15:49,INDF,RG,6500,3,F,ZP,IF,D
11:15:49,INDF,RG,6500,10,D,CC,IF,D
11:15:49,INDF,RG,6500,10,D,GR,IF,D
11:15:49,INDF,RG,6500,20,D,AK,IF,D
11:15:49,INDF,RG,6500,5,D,EP,IF,D
11:15:49,INDF,RG,6500,5,D,AK,IF,D
11:15:49,INDF,RG,6500,1,D,GR,IF,D
11:15:49,INDF,RG,6500,100,D,YP,IF,D
11:15:49,INDF,RG,6500,1,D,PD,IF,D
11:15:49,INDF,RG,6500,1,D,HD,IF,D
11:15:49,INDF,RG,6500,1,D,OD,IF,D
11:15:49,INDF,RG,6500,2,D,AK,IF,D
11:15:49,INDF,RG,6500,5,D,YP,IF,D
11:15:49,INDF,RG,6500,2,D,PD,IF,D
11:15:49,INDF,RG,6500,1,D,PD,IF,D
11:15:49,INDF,RG,6500,5,D,YP,IF,D
11:15:49,INDF,RG,6500,10,D,GR,IF,D
11:15:49,INDF,RG,6500,1,D,PD,IF,D
11:15:29,INDF,RG,6500,1,D,PD,DR,D
11:15:29,INDF,RG,6500,1,D,PD,DR,D
11:15:29,INDF,RG,6500,50,D,YP,DR,D
11:15:29,INDF,RG,6500,1,D,CC,DR,D
11:15:29,INDF,RG,6500,1,D,YP,DR,D
11:15:29,INDF,RG,6500,1,F,AK,DR,D
11:15:29,INDF,RG,6500,10,D,AZ,DR,D
11:15:29,INDF,RG,6500,1,D,CC,DR,D
11:15:29,INDF,RG,6500,53,D,YP,DR,D
11:15:28,INDF,RG,6500,21,D,YP,BK,D
11:15:27,INDF,RG,6500,30,D,YP,DR,D
11:15:01,INDF,RG,6525,1,D,PD,BK,F
11:14:59,INDF,RG,6500,13,D,YP,BK,F
11:14:44,INDF,RG,6525,1,D,NI,BK,F
11:14:36,INDF,RG,6500,12,D,YP,BK,F
11:14:32,INDF,RG,6525,10,D,YP,BK,F
11:14:24,INDF,RG,6525,20,D,FS,BK,F
11:14:23,INDF,RG,6500,10,D,YP,YP,D
11:14:22,INDF,RG,6500,5,D,YP,YP,D
11:14:22,INDF,RG,6500,50,D,YP,AG,D
11:14:20,INDF,RG,6500,13,D,YP,BK,F
11:14:10,INDF,RG,6525,18,D,PC,BK,F
11:14:10,INDF,RG,6525,2,D,PC,BK,D
11:13:58,INDF,RG,6500,8,D,YP,YP,D
11:13:49,INDF,RG,6500,1,D,YP,SQ,D
11:13:46,INDF,RG,6525,5,F,ZP,BK,D
11:13:45,INDF,RG,6500,73,D,YP,AK,F
11:13:45,INDF,RG,6500,61,D,YP,YP,D
11:13:45,INDF,RG,6500,1,D,SQ,YP,D
11:13:45,INDF,RG,6500,1,D,XC,YP,D
11:13:45,INDF,RG,6500,1,D,CC,YP,D
11:13:45,INDF,RG,6500,5,D,KK,YP,D
11:13:45,INDF,RG,6500,5,D,SQ,YP,D
11:13:45,INDF,RG,6500,7,D,YP,YP,D
11:13:45,INDF,RG,6500,2,D,CC,YP,D
11:13:45,INDF,RG,6500,30,F,RX,YP,D
11:13:45,INDF,RG,6500,1,D,YP,YP,D
11:13:45,INDF,RG,6500,1,D,GR,YP,D
11:13:45,INDF,RG,6500,1,F,ZP,YP,D
11:13:45,INDF,RG,6500,5,D,SQ,YP,D
11:13:45,INDF,RG,6500,21,D,AK,YP,D
11:13:45,INDF,RG,6500,5,D,AK,YP,D
11:13:45,INDF,RG,6500,50,D,YP,YP,D
11:13:45,INDF,RG,6500,2,D,DR,YP,D
11:13:45,INDF,RG,6500,5,D,PD,YP,D
11:13:45,INDF,RG,6500,1,D,EP,YP,D
11:13:45,INDF,RG,6500,3,D,AK,YP,D
11:13:45,INDF,RG,6500,100,D,YP,YP,D
11:13:45,INDF,RG,6500,1,D,CC,YP,D
11:13:45,INDF,RG,6500,2,D,AZ,YP,D
11:13:45,INDF,RG,6500,2,D,PO,YP,D
11:13:45,INDF,RG,6500,2,F,ZP,YP,D
11:13:45,INDF,RG,6500,2,F,ZP,YP,D
11:13:45,INDF,RG,6500,9,F,ZP,YP,D
11:13:45,INDF,RG,6500,20,F,ZP,YP,D
11:13:45,INDF,RG,6500,20,F,ZP,YP,D
11:13:45,INDF,RG,6500,31,D,AK,YP,D
11:13:45,INDF,RG,6500,9,D,AK,YP,D
11:13:45,INDF,RG,6500,5,D,AK,YP,D
11:13:45,INDF,RG,6500,2,F,AK,YP,D
11:13:45,INDF,RG,6500,2,F,ZP,YP,D
11:13:45,INDF,RG,6500,10,D,AI,YP,D
11:13:45,INDF,RG,6500,2,D,PD,YP,D
11:13:45,INDF,RG,6500,1,D,PD,YP,D
11:13:45,INDF,RG,6500,100,D,YP,YP,D
11:13:45,INDF,RG,6500,2,D,CC,YP,D
11:13:45,INDF,RG,6500,10,D,OD,YP,D
11:13:45,INDF,RG,6500,1,D,PD,YP,D
11:13:45,INDF,RG,6500,1,D,PD,YP,D
11:13:45,INDF,RG,6500,1,D,KK,YP,D
11:13:45,INDF,RG,6500,50,D,NI,YP,D
11:13:45,INDF,RG,6500,1,D,XC,YP,D
11:13:45,INDF,RG,6500,4,D,CC,YP,D
11:13:45,INDF,RG,6500,114,D,SQ,YP,D
