Time,Stock,Brd,Price,Qty,BT,BC,SC,ST
15:14:58,INDF,RG,6150,10,D,YP,KZ,F
15:14:55,INDF,RG,6150,5,D,EP,KZ,F
15:14:46,INDF,RG,6150,1,D,PD,KZ,F
15:14:45,INDF,RG,6150,10,D,PD,KZ,F
15:14:39,INDF,RG,6150,2,D,PD,KZ,F
15:14:22,INDF,RG,6150,20,D,XC,KZ,F
15:14:19,INDF,RG,6150,5,D,YP,KZ,F
15:14:19,INDF,RG,6150,33,D,LG,KZ,F
15:14:10,INDF,RG,6150,1,D,LG,KZ,F
15:14:09,INDF,RG,6150,5,D,DR,KZ,F
15:13:45,INDF,RG,6150,3,D,LG,KZ,F
15:13:26,INDF,RG,6150,15,D,DR,KZ,F
15:13:24,INDF,RG,6150,5,D,YP,KZ,F
15:13:05,INDF,RG,6150,2,D,XC,KZ,F
15:12:35,INDF,RG,6150,10,D,PD,KZ,F
15:12:30,INDF,RG,6150,5,D,YP,KZ,F
15:11:55,INDF,RG,6150,5,D,YP,KZ,F
15:11:54,INDF,RG,6150,10,D,YP,KZ,F
15:11:54,INDF,RG,6150,15,D,DR,KZ,F
15:11:53,INDF,RG,6150,3,D,PD,KZ,F
15:11:49,INDF,RG,6150,5,D,CC,KZ,F
15:11:44,INDF,RG,6150,5,D,EP,KZ,F
15:11:40,INDF,RG,6150,10,D,XC,KZ,F
15:11:40,INDF,RG,6150,1,D,SQ,KZ,F
15:11:30,INDF,RG,6150,10,D,YP,KZ,F
15:11:25,INDF,RG,6150,1,D,NI,KZ,F
15:11:12,INDF,RG,6150,1,D,YP,KZ,F
15:10:54,INDF,RG,6150,5,D,KK,KZ,F
15:10:54,INDF,RG,6150,1,D,KK,KZ,F
15:10:40,INDF,RG,6150,60,D,PD,KZ,F
15:10:40,INDF,RG,6150,1,D,PD,KZ,F
15:10:40,INDF,RG,6150,50,D,YP,KZ,F
15:10:40,INDF,RG,6150,1,D,PD,KZ,F
15:10:40,INDF,RG,6150,50,D,AI,KZ,F
15:10:40,INDF,RG,6150,5,D,CC,KZ,F
15:10:40,INDF,RG,6150,100,D,PD,KZ,F
15:10:40,INDF,RG,6150,17,D,PD,KZ,F
15:10:40,INDF,RG,6150,10,D,CC,KZ,F
15:10:40,INDF,RG,6150,10,D,YP,KZ,F
15:10:40,INDF,RG,6150,1,D,PD,KZ,F
15:10:40,INDF,RG,6150,2,D,NI,KZ,F
15:10:40,INDF,RG,6150,1,D,NI,KZ,F
15:10:40,INDF,RG,6150,1,D,PD,KZ,F
15:10:40,INDF,RG,6150,200,D,CC,KZ,F
15:10:40,INDF,RG,6150,1,D,XC,KZ,F
15:10:40,INDF,RG,6150,2,D,YP,KZ,F
15:10:40,INDF,RG,6150,1,D,DH,KZ,F
15:10:40,INDF,RG,6150,1,D,DH,KZ,F
15:10:40,INDF,RG,6150,1,D,DH,KZ,F
15:10:40,INDF,RG,6150,1,D,DH,KZ,F
15:10:40,INDF,RG,6150,1,D,DH,KZ,F
15:10:40,INDF,RG,6150,1,D,DH,KZ,F
15:10:40,INDF,RG,6150,1,D,DH,KZ,F
15:10:40,INDF,RG,6150,1,D,DH,KZ,F
15:10:40,INDF,RG,6150,1,D,DH,KZ,F
15:10:40,INDF,RG,6150,1,D,DH,KZ,F
15:10:40,INDF,RG,6150,1,D,DH,KZ,F
15:10:40,INDF,RG,6150,1,D,DH,KZ,F
15:10:40,INDF,RG,6150,1,D,DH,KZ,F
15:10:40,INDF,RG,6150,1,D,DH,KZ,F
15:10:40,INDF,RG,6150,1,D,DH,KZ,F
15:10:40,INDF,RG,6150,1,D,DH,KZ,F
15:10:40,INDF,RG,6150,1,D,DH,KZ,F
15:10:40,INDF,RG,6150,1,D,DH,KZ,F
15:10:40,INDF,RG,6150,1,D,DH,KZ,F
15:10:40,INDF,RG,6150,1,D,DH,KZ,F
15:10:40,INDF,RG,6150,1,D,DH,KZ,F
15:10:40,INDF,RG,6150,1,D,DH,KZ,F
15:10:40,INDF,RG,6150,1,D,DH,KZ,F
15:10:40,INDF,RG,6150,1,D,DH,KZ,F
15:10:40,INDF,RG,6150,1,D,DH,KZ,F
15:10:40,INDF,RG,6150,1,D,DH,KZ,F
15:10:40,INDF,RG,6150,1,D,DH,KZ,F
15:10:40,INDF,RG,6150,1,D,DH,KZ,F
15:10:40,INDF,RG,6150,1,D,DH,KZ,F
15:10:40,INDF,RG,6150,1,D,DH,KZ,F
15:10:40,INDF,RG,6150,10,D,EP,KZ,F
15:10:40,INDF,RG,6150,35,D,YJ,KZ,F
15:10:40,INDF,RG,6150,1,D,PD,KZ,F
15:10:40,INDF,RG,6150,1,D,XC,KZ,F
15:10:40,INDF,RG,6150,25,D,YP,KZ,F
15:10:40,INDF,RG,6150,1,D,LG,KZ,F
15:10:40,INDF,RG,6150,20,D,YP,KZ,F
15:10:40,INDF,RG,6150,5,D,CC,KZ,F
15:10:40,INDF,RG,6150,5,D,CC,KZ,F
15:10:40,INDF,RG,6150,8,D,XC,KZ,F
15:10:40,INDF,RG,6150,1,D,XC,KZ,F
15:10:40,INDF,RG,6150,50,D,YP,KZ,F
15:10:40,INDF,RG,6150,5,D,YP,KZ,F
15:10:40,INDF,RG,6150,10,D,YP,KZ,F
15:10:40,INDF,RG,6150,15,D,YP,KZ,F
15:10:40,INDF,RG,6150,2,D,PD,KZ,F
15:10:40,INDF,RG,6150,113,D,DH,KZ,F
15:10:40,INDF,RG,6150,17,D,LG,KZ,F
15:10:40,INDF,RG,6150,1,D,YP,KZ,F
15:10:40,INDF,RG,6150,5,D,YP,KZ,F
15:10:40,INDF,RG,6150,20,D,XC,KZ,F
15:10:40,INDF,RG,6150,20,D,XC,KZ,F
15:10:40,INDF,RG,6150,50,D,CC,KZ,F
15:10:40,INDF,RG,6150,1,D,CC,KZ,F
15:10:40,INDF,RG,6150,5,D,EP,KZ,F
15:10:40,INDF,RG,6150,1,D,YP,KZ,F
15:10:40,INDF,RG,6150,1,D,PD,KZ,F
15:10:40,INDF,RG,6150,2,D,EP,KZ,F
15:10:40,INDF,RG,6150,100,D,YP,KZ,F
15:10:40,INDF,RG,6150,1,D,PD,KZ,F
15:10:40,INDF,RG,6150,1,D,NI,KZ,F
15:10:40,INDF,RG,6150,1,D,DR,KZ,F
15:10:40,INDF,RG,6150,100,D,PD,KZ,F
15:10:40,INDF,RG,6150,1,D,PD,KZ,F
15:10:40,INDF,RG,6150,1,D,XC,KZ,F
15:10:40,INDF,RG,6150,1,D,NI,KZ,F
15:10:40,INDF,RG,6150,8,D,YP,KZ,F
15:10:40,INDF,RG,6150,3,D,AG,KZ,F
15:10:40,INDF,RG,6150,50,D,NI,KZ,F
15:10:40,INDF,RG,6150,1,D,DH,KZ,F
15:10:40,INDF,RG,6150,1,D,NI,KZ,F
15:10:40,INDF,RG,6150,10,D,PD,KZ,F
15:10:40,INDF,RG,6150,5,D,YP,KZ,F
15:10:40,INDF,RG,6150,1,D,CC,KZ,F
15:10:40,INDF,RG,6150,1,D,XC,KZ,F
15:10:40,INDF,RG,6150,10,D,NI,KZ,F
15:10:40,INDF,RG,6150,1,D,YP,KZ,F
15:10:40,INDF,RG,6150,14,D,XC,KZ,F
15:10:40,INDF,RG,6150,10,D,XC,KZ,F
15:10:40,INDF,RG,6150,1,D,YP,KZ,F
15:10:40,INDF,RG,6150,5,D,GR,KZ,F
15:10:40,INDF,RG,6150,1,D,CC,KZ,F
15:10:40,INDF,RG,6150,5,D,YP,KZ,F
15:10:40,INDF,RG,6150,5,D,CC,KZ,F
15:10:40,INDF,RG,6150,50,D,YP,KZ,F
15:10:40,INDF,RG,6150,10,D,PD,KZ,F
15:10:40,INDF,RG,6150,1,D,GR,KZ,F
15:10:40,INDF,RG,6150,15,D,CC,KZ,F
15:10:40,INDF,RG,6150,1,D,DX,KZ,F
15:10:40,INDF,RG,6150,1,D,IF,KZ,F
15:10:40,INDF,RG,6150,1,D,XC,KZ,F
15:10:40,INDF,RG,6150,1,D,YP,KZ,F
15:10:40,INDF,RG,6150,2,D,KK,KZ,F
15:10:40,INDF,RG,6150,2,D,PD,KZ,F
15:10:40,INDF,RG,6150,1,D,SQ,KZ,F
15:10:40,INDF,RG,6150,1,D,XC,KZ,F
15:10:40,INDF,RG,6150,1,D,CC,KZ,F
15:10:40,INDF,RG,6150,2,D,CC,KZ,F
15:10:40,INDF,RG,6150,2,D,SQ,KZ,F
15:10:40,INDF,RG,6150,2,D,YP,KZ,F
15:10:40,INDF,RG,6150,2,D,NI,KZ,F
15:10:40,INDF,RG,6150,10,D,NI,KZ,F
15:10:40,INDF,RG,6150,1,D,NI,KZ,F
15:10:40,INDF,RG,6150,1,D,CC,KZ,F
15:10:40,INDF,RG,6150,1,D,YP,KZ,F
15:10:40,INDF,RG,6150,7,D,CC,KZ,F
15:10:40,INDF,RG,6150,1,D,NI,KZ,F
15:10:40,INDF,RG,6150,10,D,KK,KZ,F
15:10:40,INDF,RG,6150,4,D,YP,KZ,F
15:10:40,INDF,RG,6150,5,D,YP,KZ,F
15:10:40,INDF,RG,6150,2,D,CC,KZ,F
15:10:40,INDF,RG,6150,15,D,PD,KZ,F
15:10:40,INDF,RG,6150,1,D,GR,KZ,F
15:10:40,INDF,RG,6150,5,D,YU,KZ,F
15:10:40,INDF,RG,6150,1,D,DR,KZ,F
15:10:40,INDF,RG,6150,2,D,GR,KZ,F
15:10:40,INDF,RG,6150,10,D,NI,KZ,F
15:10:40,INDF,RG,6150,5,D,CC,KZ,F
15:10:40,INDF,RG,6150,1,D,PD,KZ,F
15:10:40,INDF,RG,6150,100,D,YP,KZ,F
15:10:40,INDF,RG,6150,5,D,PD,KZ,F
15:10:40,INDF,RG,6150,5,D,CC,KZ,F
15:10:40,INDF,RG,6150,1,D,DR,KZ,F
15:10:40,INDF,RG,6150,5,D,AT,KZ,F
15:10:40,INDF,RG,6150,2,D,XC,KZ,F
15:10:40,INDF,RG,6150,10,D,CC,KZ,F
15:10:40,INDF,RG,6150,10,D,DH,KZ,F
15:10:40,INDF,RG,6150,2,D,CC,KZ,F
15:10:40,INDF,RG,6150,5,D,CC,KZ,F
15:10:40,INDF,RG,6150,50,D,YP,KZ,F
15:10:40,INDF,RG,6150,1,D,CC,KZ,F
15:10:40,INDF,RG,6150,10,D,CC,KZ,F
15:10:40,INDF,RG,6150,50,D,KK,KZ,F
15:10:40,INDF,RG,6150,10,D,CC,KZ,F
15:10:40,INDF,RG,6150,2,D,PD,KZ,F
15:10:40,INDF,RG,6150,1,D,YP,KZ,F
15:10:40,INDF,RG,6150,20,D,CP,KZ,F
15:10:40,INDF,RG,6150,1,D,PD,KZ,F
15:10:40,INDF,RG,6150,1,D,TF,KZ,F
15:10:40,INDF,RG,6150,3,D,NI,KZ,F
15:10:40,INDF,RG,6150,1,D,PD,KZ,F
15:10:40,INDF,RG,6150,1,D,NI,KZ,F
15:10:40,INDF,RG,6150,1,D,DR,KZ,F
15:10:40,INDF,RG,6150,10,D,GR,KZ,F
15:10:40,INDF,RG,6150,2,D,YP,KZ,F
15:10:40,INDF,RG,6150,1,D,PD,KZ,F
15:10:40,INDF,RG,6150,1,D,GR,KZ,F
15:10:40,INDF,RG,6150,10,D,PD,KZ,F
15:10:40,INDF,RG,6150,1,D,OD,KZ,F
15:10:40,INDF,RG,6150,1,D,CC,KZ,F
15:10:40,INDF,RG,6150,81,D,AZ,KZ,F
15:10:40,INDF,RG,6150,2,D,YP,KZ,F
15:10:40,INDF,RG,6150,10,D,PD,KZ,F
15:10:40,INDF,RG,6150,20,D,CP,KZ,F
15:10:40,INDF,RG,6150,2,D,CC,KZ,F
15:10:40,INDF,RG,6150,45,D,OD,KZ,F
15:10:40,INDF,RG,6150,1,D,OD,KZ,F
15:10:40,INDF,RG,6150,2,D,DR,KZ,F
15:10:40,INDF,RG,6150,1,D,XC,KZ,F
15:10:40,INDF,RG,6150,1,D,XC,KZ,F
15:10:40,INDF,RG,6150,1,D,KK,KZ,F
15:10:40,INDF,RG,6150,20,D,AI,KZ,F
15:10:40,INDF,RG,6150,7,D,PD,KZ,F
15:10:40,INDF,RG,6150,1,D,YP,KZ,F
15:10:40,INDF,RG,6150,8,D,GR,KZ,F
15:10:40,INDF,RG,6150,1,D,SQ,KZ,F
15:10:40,INDF,RG,6150,5,D,YP,KZ,F
15:10:40,INDF,RG,6150,1,D,XC,KZ,F
15:10:40,INDF,RG,6150,1,D,PD,KZ,F
15:10:40,INDF,RG,6150,1,D,XC,KZ,F
15:10:40,INDF,RG,6150,1,D,NI,KZ,F
15:10:40,INDF,RG,6150,24,D,LG,KZ,F
15:10:40,INDF,RG,6150,100,D,KK,KZ,F
15:10:40,INDF,RG,6150,3,D,CC,KZ,F
15:10:40,INDF,RG,6150,1,D,NI,KZ,F
15:10:40,INDF,RG,6150,5,D,DX,KZ,F
15:10:40,INDF,RG,6150,5,D,PD,KZ,F
15:10:40,INDF,RG,6150,1,D,PD,KZ,F
15:10:40,INDF,RG,6150,1,D,AZ,KZ,F
15:10:40,INDF,RG,6150,10,D,KK,KZ,F
15:10:40,INDF,RG,6150,3,D,PD,KZ,F
15:10:40,INDF,RG,6150,30,D,YP,KZ,F
15:10:40,INDF,RG,6150,2,D,NI,KZ,F
15:10:40,INDF,RG,6150,2,D,YP,KZ,F
15:10:40,INDF,RG,6150,1,D,YU,KZ,F
15:10:40,INDF,RG,6150,1,D,PD,KZ,F
15:10:40,INDF,RG,6150,5,D,NI,KZ,F
15:10:40,INDF,RG,6150,5,D,YP,KZ,F
15:10:40,INDF,RG,6150,10,D,XC,KZ,F
15:10:40,INDF,RG,6150,3,D,CC,KZ,F
15:10:40,INDF,RG,6150,5,D,NI,KZ,F
15:10:40,INDF,RG,6150,30,D,PD,KZ,F
15:10:40,INDF,RG,6150,1,D,PD,KZ,F
15:10:40,INDF,RG,6150,1,D,CC,KZ,F
15:10:40,INDF,RG,6150,1,D,HD,KZ,F
15:10:40,INDF,RG,6150,1,D,SQ,KZ,F
15:10:40,INDF,RG,6150,10,D,PD,KZ,F
15:10:40,INDF,RG,6150,15,D,YP,KZ,F
15:10:40,INDF,RG,6150,1,D,PD,KZ,F
15:10:40,INDF,RG,6150,1,D,NI,KZ,F
15:10:40,INDF,RG,6150,1,D,OD,KZ,F
15:10:40,INDF,RG,6150,1,D,XC,KZ,F
15:10:40,INDF,RG,6150,5,D,PD,KZ,F
15:10:40,INDF,RG,6150,2,D,PD,KZ,F
15:10:40,INDF,RG,6150,1,D,PD,KZ,F
15:10:40,INDF,RG,6150,5,D,CC,KZ,F
15:10:40,INDF,RG,6150,1,D,GR,KZ,F
15:10:40,INDF,RG,6150,2,D,YP,KZ,F
15:10:40,INDF,RG,6150,1,D,PD,KZ,F
15:10:40,INDF,RG,6150,5,D,DH,KZ,F
15:10:40,INDF,RG,6150,3,D,CC,KZ,F
15:10:40,INDF,RG,6150,4,D,PD,KZ,F
15:10:40,INDF,RG,6150,2,D,AI,KZ,F
15:10:40,INDF,RG,6150,1,D,PD,KZ,F
15:10:40,INDF,RG,6150,2,D,KK,KZ,F
15:10:40,INDF,RG,6150,50,D,YU,KZ,F
15:10:40,INDF,RG,6150,2,D,PD,KZ,F
15:10:40,INDF,RG,6150,138,D,YP,KZ,F
15:10:40,INDF,RG,6150,5,D,YP,KZ,F
15:10:40,INDF,RG,6150,10,D,SQ,KZ,F
15:10:40,INDF,RG,6150,2,D,XC,KZ,F
15:10:40,INDF,RG,6150,6,D,PD,KZ,F
15:10:40,INDF,RG,6150,5,D,PD,KZ,F
15:10:40,INDF,RG,6150,1,D,XC,KZ,F
15:10:40,INDF,RG,6150,5,D,PD,KZ,F
15:10:40,INDF,RG,6150,30,D,XC,KZ,F
15:10:40,INDF,RG,6150,1,D,PD,KZ,F
15:10:40,INDF,RG,6150,4,D,PD,KZ,F
15:10:40,INDF,RG,6150,5,D,XA,KZ,F
15:10:40,INDF,RG,6150,5,D,XA,KZ,F
15:10:40,INDF,RG,6150,5,D,NI,KZ,F
15:10:40,INDF,RG,6150,10,D,XC,KZ,F
15:10:40,INDF,RG,6150,19,D,XC,KZ,F
15:10:40,INDF,RG,6150,5,D,DH,KZ,F
15:10:40,INDF,RG,6150,1,D,KK,KZ,F
15:10:40,INDF,RG,6150,1,D,CC,KZ,F
15:10:40,INDF,RG,6150,10,D,NI,KZ,F
15:10:40,INDF,RG,6150,80,D,YP,KZ,F
15:10:40,INDF,RG,6150,1,D,PD,KZ,F
15:10:40,INDF,RG,6150,1,D,DR,KZ,F
15:10:40,INDF,RG,6150,3,D,PD,KZ,F
15:10:40,INDF,RG,6150,1,D,PD,KZ,F
15:10:40,INDF,RG,6150,5,D,PD,KZ,F
15:10:40,INDF,RG,6150,10,D,KK,KZ,F
15:10:40,INDF,RG,6150,1,D,XC,KZ,F
15:10:40,INDF,RG,6150,1,D,XC,KZ,F
15:10:40,INDF,RG,6150,1,D,NI,KZ,F
15:10:40,INDF,RG,6150,55,D,CC,KZ,F
15:10:40,INDF,RG,6150,1,D,NI,KZ,F
15:10:40,INDF,RG,6150,10,D,CC,KZ,F
15:10:40,INDF,RG,6150,1,D,NI,KZ,F
15:10:40,INDF,RG,6150,10,D,SQ,KZ,F
15:10:40,INDF,RG,6150,15,D,DR,KZ,F
15:10:40,INDF,RG,6150,1,D,PD,KZ,F
15:10:40,INDF,RG,6150,3,D,XC,KZ,F
15:10:40,INDF,RG,6150,50,D,NI,KZ,F
15:10:40,INDF,RG,6150,2,D,PD,KZ,F
15:10:40,INDF,RG,6150,1,D,YP,KZ,F
15:10:40,INDF,RG,6150,1,D,BQ,KZ,F
15:10:40,INDF,RG,6150,20,D,PD,KZ,F
15:10:40,INDF,RG,6150,2,D,XC,KZ,F
15:10:40,INDF,RG,6150,1,D,NI,KZ,F
15:10:40,INDF,RG,6150,100,D,NI,KZ,F
15:10:40,INDF,RG,6150,2,D,PD,KZ,F
15:10:40,INDF,RG,6150,2,D,NI,KZ,F
15:10:40,INDF,RG,6150,10,D,PD,KZ,F
15:10:40,INDF,RG,6150,3,D,YU,KZ,F
15:10:40,INDF,RG,6150,5,D,XC,KZ,F
15:10:40,INDF,RG,6150,120,D,CC,KZ,F
15:10:40,INDF,RG,6150,2,D,XC,KZ,F
15:10:40,INDF,RG,6150,65,D,IF,KZ,F
15:10:40,INDF,RG,6150,5,D,CC,KZ,F
15:10:40,INDF,RG,6150,1,D,PD,KZ,F
15:10:40,INDF,RG,6150,65,D,IF,KZ,F
15:10:40,INDF,RG,6150,1,D,PD,KZ,F
15:10:40,INDF,RG,6150,2,D,XC,KZ,F
15:10:40,INDF,RG,6150,1,D,YP,KZ,F
15:10:40,INDF,RG,6150,1,D,YP,KZ,F
15:10:40,INDF,RG,6150,1,D,XC,KZ,F
15:10:40,INDF,RG,6150,3,D,CC,KZ,F
15:10:40,INDF,RG,6150,10,D,PD,KZ,F
15:10:40,INDF,RG,6150,18,D,XC,KZ,F
15:10:40,INDF,RG,6150,1,D,CC,KZ,F
15:10:40,INDF,RG,6150,3,D,KK,KZ,F
15:10:40,INDF,RG,6150,1,D,NI,KZ,F
15:10:40,INDF,RG,6150,1,D,NI,KZ,F
15:10:40,INDF,RG,6150,2,D,YP,KZ,F
15:10:40,INDF,RG,6150,15,D,AZ,KZ,F
15:10:40,INDF,RG,6150,1,D,XC,KZ,F
15:10:40,INDF,RG,6150,25,D,YP,KZ,F
15:10:40,INDF,RG,6150,1,D,YP,KZ,F
15:10:40,INDF,RG,6150,5,D,KK,KZ,F
15:10:40,INDF,RG,6150,5,D,PD,KZ,F
15:10:40,INDF,RG,6150,10,D,SQ,KZ,F
15:10:40,INDF,RG,6150,1,D,PD,KZ,F
15:10:40,INDF,RG,6150,10,D,XC,KZ,F
15:10:40,INDF,RG,6150,1,D,YP,KZ,F
15:10:40,INDF,RG,6150,1,D,XC,KZ,F
15:10:40,INDF,RG,6150,2,D,XC,KZ,F
15:10:40,INDF,RG,6150,1,D,CC,KZ,F
15:10:40,INDF,RG,6150,1,D,GR,KZ,F
15:10:40,INDF,RG,6150,2,D,OD,KZ,F
15:10:40,INDF,RG,6150,1,D,OD,KZ,F
15:10:40,INDF,RG,6150,5,D,NI,KZ,F
15:10:40,INDF,RG,6150,3,D,OD,KZ,F
15:10:40,INDF,RG,6150,1,D,CC,KZ,F
15:10:40,INDF,RG,6150,10,D,CC,KZ,F
15:10:40,INDF,RG,6150,5,D,YP,KZ,F
15:10:40,INDF,RG,6150,5,D,XC,KZ,F
15:10:40,INDF,RG,6150,10,D,YP,KZ,F
15:10:40,INDF,RG,6150,1,D,YP,KZ,F
15:10:40,INDF,RG,6150,2,D,YP,KZ,F
15:10:40,INDF,RG,6150,1,D,XC,KZ,F
15:10:40,INDF,RG,6150,2,D,YP,KZ,F
15:10:40,INDF,RG,6150,1,D,XC,KZ,F
15:10:40,INDF,RG,6150,3,D,XC,KZ,F
15:10:40,INDF,RG,6150,1,D,XC,KZ,F
15:10:40,INDF,RG,6150,39,D,XC,KZ,F
15:10:40,INDF,RG,6150,1,D,CC,KZ,F
15:10:40,INDF,RG,6150,1,D,YP,KZ,F
15:10:40,INDF,RG,6150,1,D,CC,KZ,F
15:10:40,INDF,RG,6150,1,D,YP,KZ,F
15:10:40,INDF,RG,6150,1,D,YP,KZ,F
15:10:40,INDF,RG,6150,1,D,PD,KZ,F
15:10:40,INDF,RG,6150,5,D,CC,KZ,F
15:10:40,INDF,RG,6150,33,D,CC,KZ,F
15:10:40,INDF,RG,6150,10,D,CC,KZ,F
15:10:40,INDF,RG,6150,4,D,CC,KZ,F
15:10:40,INDF,RG,6150,2,D,KK,KZ,F
15:10:40,INDF,RG,6150,1,D,KK,KZ,F
15:10:40,INDF,RG,6150,1,D,KK,KZ,F
15:10:40,INDF,RG,6150,17,D,KK,KZ,F
15:10:40,INDF,RG,6150,1,D,PD,KZ,F
15:10:40,INDF,RG,6150,1,D,PD,KZ,F
15:10:40,INDF,RG,6150,3,D,PD,KZ,F
15:10:40,INDF,RG,6150,1,D,PD,KZ,F
15:10:40,INDF,RG,6150,5,D,XC,KZ,F
15:10:40,INDF,RG,6150,3,D,PD,KZ,F
15:10:40,INDF,RG,6150,1,D,XC,KZ,F
15:10:40,INDF,RG,6150,4,D,XC,KZ,F
15:10:40,INDF,RG,6150,1,D,XC,KZ,F
15:10:40,INDF,RG,6150,1,D,PD,KZ,F
15:10:40,INDF,RG,6150,1,D,PD,KZ,F
15:10:40,INDF,RG,6150,75,D,XC,KZ,F
15:10:40,INDF,RG,6150,1,D,XC,KZ,F
15:10:40,INDF,RG,6150,4,D,YP,KZ,F
15:10:40,INDF,RG,6150,1,D,PD,KZ,F
15:10:40,INDF,RG,6150,1,D,PD,KZ,F
15:10:40,INDF,RG,6150,1,D,PD,KZ,F
15:10:40,INDF,RG,6150,1,D,PD,KZ,F
15:10:40,INDF,RG,6150,2,D,PD,KZ,F
15:10:40,INDF,RG,6150,1,D,PD,KZ,F
15:10:40,INDF,RG,6150,2,D,PD,KZ,F
15:10:40,INDF,RG,6150,2,D,XC,KZ,F
15:10:40,INDF,RG,6150,1,D,XC,KZ,F
15:10:40,INDF,RG,6150,1,D,CC,KZ,F
15:10:40,INDF,RG,6150,27,D,CC,KZ,F
15:10:40,INDF,RG,6150,50,D,CC,KZ,F
15:10:40,INDF,RG,6150,10,D,LG,KZ,F
15:10:40,INDF,RG,6150,3,D,XC,KZ,F
15:10:40,INDF,RG,6150,33,D,CC,KZ,F
15:10:40,INDF,RG,6150,5,D,CC,KZ,F
15:10:40,INDF,RG,6150,1,D,XC,KZ,F
15:10:40,INDF,RG,6150,5,D,CC,KZ,F
15:10:40,INDF,RG,6150,1,D,CC,KZ,F
15:10:40,INDF,RG,6150,1,D,CC,KZ,F
15:10:40,INDF,RG,6150,1,D,KK,KZ,F
15:10:40,INDF,RG,6150,1,D,LG,KZ,F
15:10:40,INDF,RG,6150,1,D,LG,KZ,F
15:10:40,INDF,RG,6150,5,D,YP,KZ,F
15:10:40,INDF,RG,6150,1,D,EP,KZ,F
15:10:40,INDF,RG,6150,1,D,PD,KZ,F
15:10:40,INDF,RG,6150,1,D,PD,KZ,F
15:10:40,INDF,RG,6150,6,D,PD,KZ,F
15:10:40,INDF,RG,6150,1,D,PD,KZ,F
15:10:40,INDF,RG,6150,91,D,GR,KZ,F
15:05:55,INDF,RG,6150,60,D,GR,YP,D
15:05:28,INDF,RG,6150,4,D,GR,CC,D
15:05:02,INDF,RG,6150,5,D,GR,YP,D
15:05:02,INDF,RG,6150,2,D,YP,YP,D
15:05:02,INDF,RG,6150,1,D,PD,YP,D
15:05:02,INDF,RG,6150,1,D,PD,YP,D
15:05:02,INDF,RG,6150,1,D,PD,YP,D
15:05:02,INDF,RG,6150,3,D,AI,YP,D
15:05:02,INDF,RG,6150,1,D,PD,YP,D
15:05:02,INDF,RG,6150,2,D,PD,YP,D
15:05:02,INDF,RG,6150,3,D,DH,YP,D
15:05:02,INDF,RG,6150,2,D,PD,YP,D
15:05:02,INDF,RG,6150,10,D,SQ,YP,D
15:05:02,INDF,RG,6150,29,D,DR,YP,D
15:05:00,INDF,RG,6150,35,D,DR,YU,D
15:00:00,INDF,RG,6150,136,D,DR,FS,D
15:00:00,INDF,RG,6150,1,D,DX,FS,D
15:00:00,INDF,RG,6150,25,D,PD,FS,D
15:00:00,INDF,RG,6150,12,D,SQ,FS,D
15:00:00,INDF,RG,6150,1,D,DX,FS,D
15:00:00,INDF,RG,6150,10,D,PD,FS,D
15:00:00,INDF,RG,6150,2,D,PD,FS,D
15:00:00,INDF,RG,6150,34,D,DH,FS,D
15:00:00,INDF,RG,6150,1,D,YU,FS,D
15:00:00,INDF,RG,6150,8,D,DH,FS,D
15:00:00,INDF,RG,6150,1,D,AZ,FS,D
15:00:00,INDF,RG,6150,3,D,PD,FS,D
15:00:00,INDF,RG,6150,1,D,TP,FS,D
15:00:00,INDF,RG,6150,10,D,CP,FS,D
15:00:00,INDF,RG,6150,30,D,EP,FS,D
15:00:00,INDF,RG,6150,5,D,PD,FS,D
15:00:00,INDF,RG,6150,1,D,PD,FS,D
15:00:00,INDF,RG,6150,2,D,SQ,FS,D
15:00:00,INDF,RG,6150,10,D,SQ,FS,D
15:00:00,INDF,RG,6150,10,D,GR,FS,D
15:00:00,INDF,RG,6150,1,D,AT,FS,D
15:00:00,INDF,RG,6150,10,D,EP,FS,D
15:00:00,INDF,RG,6150,7,D,EP,FS,D
15:00:00,INDF,RG,6150,5,D,AT,FS,D
15:00:00,INDF,RG,6150,1,D,ZP,FS,D
15:00:00,INDF,RG,6150,100,D,EP,FS,D
15:00:00,INDF,RG,6150,1,D,PC,FS,D
15:00:00,INDF,RG,6150,2,D,SQ,FS,D
15:00:00,INDF,RG,6150,120,D,YP,FS,D
15:00:00,INDF,RG,6150,2,D,CC,FS,D
15:00:00,INDF,RG,6150,10,D,XL,FS,D
15:00:00,INDF,RG,6150,5,D,YP,FS,D
15:00:00,INDF,RG,6150,1,D,YP,FS,D
15:00:00,INDF,RG,6150,2,D,XC,FS,D
15:00:00,INDF,RG,6150,5,D,YP,FS,D
15:00:00,INDF,RG,6150,10,D,CC,FS,D
15:00:00,INDF,RG,6150,1,D,PD,FS,D
15:00:00,INDF,RG,6150,10,D,AO,FS,D
15:00:00,INDF,RG,6150,10,D,YB,FS,D
15:00:00,INDF,RG,6150,10,F,AG,FS,D
15:00:00,INDF,RG,6150,20,D,SQ,FS,D
15:00:00,INDF,RG,6150,2,D,PD,FS,D
15:00:00,INDF,RG,6150,1,D,YP,FS,D
15:00:00,INDF,RG,6150,32,D,CC,FS,D
15:00:00,INDF,RG,6150,4,D,ZP,FS,D
15:00:00,INDF,RG,6150,2,D,PD,FS,D
15:00:00,INDF,RG,6150,1,D,XC,FS,D
15:00:00,INDF,RG,6150,10,D,YU,FS,D
15:00:00,INDF,RG,6150,1,D,XC,FS,D
15:00:00,INDF,RG,6150,1,D,PD,FS,D
15:00:00,INDF,RG,6150,1,D,XC,FS,D
15:00:00,INDF,RG,6150,1,D,PD,FS,D
15:00:00,INDF,RG,6150,3,D,YP,FS,D
15:00:00,INDF,RG,6150,5,D,DR,FS,D
15:00:00,INDF,RG,6150,1,D,NI,FS,D
15:00:00,INDF,RG,6150,3,D,NI,FS,D
15:00:00,INDF,RG,6150,1,D,YP,FS,D
15:00:00,INDF,RG,6150,2,D,PD,FS,D
15:00:00,INDF,RG,6150,2,D,PD,FS,D
15:00:00,INDF,RG,6150,20,D,YP,FS,D
15:00:00,INDF,RG,6150,1,D,XC,FS,D
15:00:00,INDF,RG,6150,30,D,KK,FS,D
15:00:00,INDF,RG,6150,4,D,PD,FS,D
15:00:00,INDF,RG,6150,2,D,SQ,FS,D
15:00:00,INDF,RG,6150,10,D,LG,FS,D
15:00:00,INDF,RG,6150,1,D,NI,FS,D
15:00:00,INDF,RG,6150,3,D,EP,FS,D
15:00:00,INDF,RG,6150,16,D,YP,FS,D
15:00:00,INDF,RG,6150,2,D,NI,FS,D
15:00:00,INDF,RG,6150,1,D,TF,FS,D
15:00:00,INDF,RG,6150,2,D,PD,FS,D
15:00:00,INDF,RG,6150,1,D,CC,FS,D
15:00:00,INDF,RG,6150,1,D,CC,FS,D
15:00:00,INDF,RG,6150,200,D,PD,FS,D
15:00:00,INDF,RG,6150,1,D,DH,FS,D
15:00:00,INDF,RG,6150,1,D,KK,FS,D
15:00:00,INDF,RG,6150,1,D,XC,FS,D
15:00:00,INDF,RG,6150,16,D,XC,FS,D
15:00:00,INDF,RG,6150,1,D,XC,FS,D
15:00:00,INDF,RG,6150,1,D,PD,FS,D
15:00:00,INDF,RG,6150,1,D,PD,FS,D
15:00:00,INDF,RG,6150,1,D,DR,FS,D
15:00:00,INDF,RG,6150,30,D,YP,FS,D
15:00:00,INDF,RG,6150,5,D,PD,FS,D
15:00:00,INDF,RG,6150,1,D,XC,FS,D
15:00:00,INDF,RG,6150,10,D,CC,FS,D
15:00:00,INDF,RG,6150,1,D,CC,FS,D
15:00:00,INDF,RG,6150,5,D,NI,FS,D
15:00:00,INDF,RG,6150,5,D,YP,FS,D
15:00:00,INDF,RG,6150,2,D,PD,FS,D
15:00:00,INDF,RG,6150,5,D,KK,FS,D
15:00:00,INDF,RG,6150,1,D,KK,FS,D
15:00:00,INDF,RG,6150,2,D,XC,FS,D
15:00:00,INDF,RG,6150,2,D,PD,FS,D
15:00:00,INDF,RG,6150,1,D,YP,FS,D
15:00:00,INDF,RG,6150,2,D,PD,FS,D
15:00:00,INDF,RG,6150,1,D,GR,FS,D
15:00:00,INDF,RG,6150,1,D,XC,FS,D
15:00:00,INDF,RG,6150,50,D,NI,FS,D
15:00:00,INDF,RG,6150,5,D,NI,FS,D
15:00:00,INDF,RG,6150,1,D,PD,FS,D
15:00:00,INDF,RG,6150,10,D,PD,FS,D
15:00:00,INDF,RG,6150,1,D,CC,FS,D
15:00:00,INDF,RG,6150,1,D,PD,FS,D
15:00:00,INDF,RG,6150,1,D,CC,FS,D
15:00:00,INDF,RG,6150,1,D,YP,FS,D
15:00:00,INDF,RG,6150,50,D,NI,FS,D
15:00:00,INDF,RG,6150,1,D,PD,FS,D
15:00:00,INDF,RG,6150,2,D,KK,FS,D
15:00:00,INDF,RG,6150,1,D,CC,FS,D
15:00:00,INDF,RG,6150,40,D,XL,FS,D
15:00:00,INDF,RG,6150,1,D,PD,FS,D
15:00:00,INDF,RG,6150,10,D,YU,FS,D
15:00:00,INDF,RG,6150,5,D,KK,FS,D
15:00:00,INDF,RG,6150,2,D,PD,FS,D
15:00:00,INDF,RG,6150,3,D,PD,FS,D
15:00:00,INDF,RG,6150,3,D,PD,FS,D
15:00:00,INDF,RG,6150,3,D,XC,FS,D
15:00:00,INDF,RG,6150,1,D,YP,FS,D
15:00:00,INDF,RG,6150,1,D,EP,FS,D
15:00:00,INDF,RG,6150,1,D,NI,FS,D
15:00:00,INDF,RG,6150,10,D,SQ,FS,D
15:00:00,INDF,RG,6150,10,D,PD,FS,D
15:00:00,INDF,RG,6150,2,D,EP,FS,D
15:00:00,INDF,RG,6150,9,D,PD,FS,D
15:00:00,INDF,RG,6150,10,D,YP,FS,D
15:00:00,INDF,RG,6150,1,D,DX,FS,D
15:00:00,INDF,RG,6150,20,D,PD,FS,D
15:00:00,INDF,RG,6150,3,D,PD,FS,D
15:00:00,INDF,RG,6150,100,D,YP,FS,D
15:00:00,INDF,RG,6150,7,D,CC,FS,D
15:00:00,INDF,RG,6150,1,D,PD,FS,D
15:00:00,INDF,RG,6150,10,D,BQ,FS,D
15:00:00,INDF,RG,6150,2,D,GR,FS,D
15:00:00,INDF,RG,6150,3,D,OD,FS,D
15:00:00,INDF,RG,6150,10,D,GR,FS,D
15:00:00,INDF,RG,6150,55,D,SQ,FS,D
15:00:00,INDF,RG,6150,5,D,PD,FS,D
15:00:00,INDF,RG,6150,1,D,XC,FS,D
15:00:00,INDF,RG,6150,10,D,KK,FS,D
15:00:00,INDF,RG,6150,1,D,CC,FS,D
15:00:00,INDF,RG,6150,1,D,XC,FS,D
15:00:00,INDF,RG,6150,5,D,YU,FS,D
15:00:00,INDF,RG,6150,10,D,NI,FS,D
15:00:00,INDF,RG,6150,5,D,AI,FS,D
15:00:00,INDF,RG,6150,17,D,XC,FS,D
15:00:00,INDF,RG,6150,3,D,PD,FS,D
15:00:00,INDF,RG,6150,1,D,PD,FS,D
15:00:00,INDF,RG,6150,1,D,YP,FS,D
15:00:00,INDF,RG,6150,1,D,YP,FS,D
15:00:00,INDF,RG,6150,5,D,YP,FS,D
15:00:00,INDF,RG,6150,12,D,PD,FS,D
15:00:00,INDF,RG,6150,1,D,KK,FS,D
15:00:00,INDF,RG,6150,1,D,NI,FS,D
15:00:00,INDF,RG,6150,2,D,PD,FS,D
15:00:00,INDF,RG,6150,1,D,XC,FS,D
15:00:00,INDF,RG,6150,500,D,YP,FS,D
15:00:00,INDF,RG,6150,25,D,NI,FS,D
15:00:00,INDF,RG,6150,3,D,CC,FS,D
15:00:00,INDF,RG,6150,1,D,XC,FS,D
15:00:00,INDF,RG,6150,10,D,DH,FS,D
15:00:00,INDF,RG,6150,1,D,PD,FS,D
15:00:00,INDF,RG,6150,1,D,PD,FS,D
15:00:00,INDF,RG,6150,2,D,SQ,FS,D
15:00:00,INDF,RG,6150,5,D,GR,FS,D
15:00:00,INDF,RG,6150,1,D,XC,FS,D
15:00:00,INDF,RG,6150,2,D,OD,FS,D
15:00:00,INDF,RG,6150,1,D,XC,FS,D
15:00:00,INDF,RG,6150,1,D,XC,FS,D
15:00:00,INDF,RG,6150,1,D,PD,FS,D
15:00:00,INDF,RG,6150,909,D,AI,FS,D
15:00:00,INDF,RG,6150,20,D,AI,DR,D
15:00:00,INDF,RG,6150,71,D,AI,DR,D
15:00:00,INDF,RG,6150,1,D,PD,DR,D
15:00:00,INDF,RG,6150,70,D,YP,DR,D
15:00:00,INDF,RG,6150,5,D,YP,DR,D
15:00:00,INDF,RG,6150,1,D,PD,DR,D
15:00:00,INDF,RG,6150,1,D,PD,DR,D
15:00:00,INDF,RG,6150,5,D,SQ,DR,D
15:00:00,INDF,RG,6150,10,D,IF,DR,D
15:00:00,INDF,RG,6150,10,D,IP,DR,D
15:00:00,INDF,RG,6150,1,D,GR,DR,D
15:00:00,INDF,RG,6150,9,D,GR,AK,F
15:00:00,INDF,RG,6150,2,D,XC,AK,F
15:00:00,INDF,RG,6150,3,D,CC,AK,F
15:00:00,INDF,RG,6150,2,D,PD,AK,F
15:00:00,INDF,RG,6150,4,D,XC,AK,F
15:00:00,INDF,RG,6150,9,D,SQ,AK,F
15:00:00,INDF,RG,6150,11,D,XC,AK,F
15:00:00,INDF,RG,6150,20,D,NI,AK,F
15:00:00,INDF,RG,6150,1,D,GR,AK,F
15:00:00,INDF,RG,6150,1,D,YP,AK,F
15:00:00,INDF,RG,6150,1,D,XC,AK,F
15:00:00,INDF,RG,6150,1,D,EP,AK,F
15:00:00,INDF,RG,6150,8,D,PD,AK,F
15:00:00,INDF,RG,6150,1,D,CC,AK,F
15:00:00,INDF,RG,6150,1,D,PD,AK,F
15:00:00,INDF,RG,6150,3,D,CC,AK,F
15:00:00,INDF,RG,6150,2,D,CC,AK,F
15:00:00,INDF,RG,6150,1,D,XC,AK,F
15:00:00,INDF,RG,6150,5,D,CC,AK,F
15:00:00,INDF,RG,6150,7,D,AZ,AK,F
15:00:00,INDF,RG,6150,6,D,PD,AK,F
15:00:00,INDF,RG,6150,5,D,PD,AK,F
15:00:00,INDF,RG,6150,20,D,YP,AK,F
15:00:00,INDF,RG,6150,10,D,HP,AK,F
15:00:00,INDF,RG,6150,1,D,AO,AK,F
15:00:00,INDF,RG,6150,1,D,CC,AK,F
15:00:00,INDF,RG,6150,1,D,YU,AK,F
15:00:00,INDF,RG,6150,50,D,OD,AK,F
15:00:00,INDF,RG,6150,10,D,CC,AK,F
15:00:00,INDF,RG,6150,1,D,XC,AK,F
15:00:00,INDF,RG,6150,721,D,PD,AK,F
15:00:00,INDF,RG,6150,900,D,PD,CS,D
15:00:00,INDF,RG,6150,170,D,PD,BK,F
15:00:00,INDF,RG,6150,1,D,PD,BK,F
15:00:00,INDF,RG,6150,1,D,PD,BK,F
15:00:00,INDF,RG,6150,25,D,OD,BK,F
15:00:00,INDF,RG,6150,1,D,XC,BK,F
15:00:00,INDF,RG,6150,2,D,CC,BK,F
15:00:00,INDF,RG,6150,1,D,PD,BK,F
15:00:00,INDF,RG,6150,1,D,PD,BK,F
15:00:00,INDF,RG,6150,1,D,NI,BK,F
15:00:00,INDF,RG,6150,2,D,XC,BK,F
15:00:00,INDF,RG,6150,25,D,NI,BK,F
15:00:00,INDF,RG,6150,1,D,PD,BK,F
15:00:00,INDF,RG,6150,3,D,KK,BK,F
15:00:00,INDF,RG,6150,1,D,YP,BK,F
15:00:00,INDF,RG,6150,5,D,YP,BK,F
15:00:00,INDF,RG,6150,10,D,YP,BK,F
15:00:00,INDF,RG,6150,1,D,NI,BK,F
15:00:00,INDF,RG,6150,11,D,XC,BK,F
15:00:00,INDF,RG,6150,587,D,YP,BK,F
15:00:00,INDF,RG,6150,47,D,YP,DX,F
15:00:00,INDF,RG,6150,674,D,YP,AK,F
15:00:00,INDF,RG,6150,10,D,YP,AK,F
15:00:00,INDF,RG,6150,596,F,RX,AK,F
15:00:00,INDF,RG,6150,1,D,CC,AK,F
15:00:00,INDF,RG,6150,121,F,CS,AK,F
15:00:00,INDF,RG,6150,691,F,CS,AK,F
15:00:00,INDF,RG,6150,635,F,CS,AK,F
15:00:00,INDF,RG,6150,56,F,CS,AK,F
15:00:00,INDF,RG,6150,15,D,NI,AK,F
15:00:00,INDF,RG,6150,1,D,XC,AK,F
15:00:00,INDF,RG,6150,1,D,NI,AK,F
15:00:00,INDF,RG,6150,20,D,YP,AK,F
15:00:00,INDF,RG,6150,6,D,YP,AK,F
15:00:00,INDF,RG,6150,15,D,YP,AK,F
15:00:00,INDF,RG,6150,1,D,PD,AK,F
15:00:00,INDF,RG,6150,1,D,DX,AK,F
15:00:00,INDF,RG,6150,20,D,CC,AK,F
15:00:00,INDF,RG,6150,1,D,PD,AK,F
15:00:00,INDF,RG,6150,5,D,CC,AK,F
15:00:00,INDF,RG,6150,2,D,CC,AK,F
15:00:00,INDF,RG,6150,80,D,PD,AK,F
15:00:00,INDF,RG,6150,160,D,PD,AK,F
15:00:00,INDF,RG,6150,1,D,XC,AK,F
15:00:00,INDF,RG,6150,4,D,XC,AK,F
15:00:00,INDF,RG,6150,2,D,PD,AK,F
15:00:00,INDF,RG,6150,9,D,PD,AK,F
15:00:00,INDF,RG,6150,2,D,YP,AK,F
15:00:00,INDF,RG,6150,7,D,PD,AK,F
15:00:00,INDF,RG,6150,4,D,YP,AK,F
15:00:00,INDF,RG,6150,5,D,YP,AK,F
15:00:00,INDF,RG,6150,1,D,XC,AK,F
15:00:00,INDF,RG,6150,1,D,YP,AK,F
15:00:00,INDF,RG,6150,180,D,AI,AK,F
15:00:00,INDF,RG,6150,100,D,AI,AK,F
15:00:00,INDF,RG,6150,27,D,AI,DR,D
15:00:00,INDF,RG,6150,384,D,AI,KZ,D
15:00:00,INDF,RG,6150,261,D,AI,KZ,D
15:00:00,INDF,RG,6150,18,D,AI,DP,D
15:00:00,INDF,RG,6150,13,D,AI,PD,D
15:00:00,INDF,RG,6150,17,D,AI,LG,D
15:00:00,INDF,RG,6150,2,D,DX,LG,D
15:00:00,INDF,RG,6150,2,D,CC,LG,D
15:00:00,INDF,RG,6150,4,D,CC,YU,D
15:00:00,INDF,RG,6150,1,D,YP,YU,D
15:00:00,INDF,RG,6150,4,D,XC,YU,D
15:00:00,INDF,RG,6150,50,D,BS,YU,D
15:00:00,INDF,RG,6150,10,D,AI,YU,D
15:00:00,INDF,RG,6150,15,D,YP,YU,D
15:00:00,INDF,RG,6150,1,D,KK,YU,D
15:00:00,INDF,RG,6150,32,D,GR,YU,D
15:00:00,INDF,RG,6150,5,D,EP,YU,D
15:00:00,INDF,RG,6150,4,D,PD,YU,D
15:00:00,INDF,RG,6150,1,D,YP,YU,D
15:00:00,INDF,RG,6150,1,D,PD,YU,D
15:00:00,INDF,RG,6150,54,D,YP,YU,D
15:00:00,INDF,RG,6150,8,D,YP,YU,D
15:00:00,INDF,RG,6150,71,F,YU,YU,D
15:00:00,INDF,RG,6150,3,F,ZP,YU,D
15:00:00,INDF,RG,6150,475,F,ZP,YU,D
15:00:00,INDF,RG,6150,23,F,BK,YU,D
15:00:00,INDF,RG,6150,3,F,AK,YU,D
15:00:00,INDF,RG,6150,23,F,AK,YU,D
15:00:00,INDF,RG,6150,7,F,AK,YU,D
15:00:00,INDF,RG,6150,126,F,ZP,YU,D
15:00:00,INDF,RG,6150,16,F,FS,YU,D
14:49:56,INDF,RG,6200,2,F,ZP,FS,D
14:49:50,INDF,RG,6200,9,F,ZP,FS,D
14:49:50,INDF,RG,6200,19,F,ZP,FS,D
14:49:42,INDF,RG,6200,47,F,ZP,FS,D
14:49:38,INDF,RG,6200,50,D,EP,FS,D
14:49:24,INDF,RG,6200,15,F,ZP,FS,D
14:49:18,INDF,RG,6175,35,F,RX,AK,F
14:49:03,INDF,RG,6175,33,F,RX,DX,F
14:49:00,INDF,RG,6200,1,F,AK,FS,D
14:49:00,INDF,RG,6175,6,F,RX,AK,D
14:49:00,INDF,RG,6175,3,F,RX,AK,D
14:49:00,INDF,RG,6175,1,F,RX,AK,D
14:48:53,INDF,RG,6175,32,F,RX,YB,D
14:48:45,INDF,RG,6175,1,F,RX,AK,D
14:48:45,INDF,RG,6175,1,F,RX,AK,D
14:48:36,INDF,RG,6175,27,F,RX,AK,F
14:48:30,INDF,RG,6175,1,F,RX,BK,D
14:48:11,INDF,RG,6175,100,F,RX,EP,D
14:48:06,INDF,RG,6200,5,D,CC,FS,D
14:48:04,INDF,RG,6175,20,F,RX,DX,F
14:48:02,INDF,RG,6175,3,F,RX,BK,D
14:47:42,INDF,RG,6200,3,D,PD,FS,D
14:47:22,INDF,RG,6175,2,F,RX,AK,F
14:47:22,INDF,RG,6175,33,F,RX,AK,F
14:47:22,INDF,RG,6175,276,F,RX,FS,D
14:47:22,INDF,RG,6175,100,D,EP,FS,D
14:47:21,INDF,RG,6175,1,D,YP,FS,D
14:47:21,INDF,RG,6175,1,F,RX,FS,D
14:47:21,INDF,RG,6175,1,D,AT,FS,D
14:47:21,INDF,RG,6175,5,D,PD,FS,D
14:47:21,INDF,RG,6175,5,D,CC,FS,D
14:47:21,INDF,RG,6175,5,D,NI,FS,D
14:47:21,INDF,RG,6175,2,D,PD,FS,D
14:47:21,INDF,RG,6175,1,D,XC,FS,D
14:47:21,INDF,RG,6175,1,D,SQ,FS,D
14:47:21,INDF,RG,6175,1,D,CC,FS,D
14:47:21,INDF,RG,6175,1,F,AK,FS,D
14:47:21,INDF,RG,6175,63,F,ZP,FS,D
14:47:21,INDF,RG,6175,1,F,CC,FS,D
14:47:21,INDF,RG,6175,536,F,RX,FS,D
14:47:15,INDF,RG,6200,1,F,AK,FS,D
14:47:10,INDF,RG,6175,32,F,RX,AK,F
14:47:03,INDF,RG,6200,20,D,CC,FS,D
14:46:45,INDF,RG,6175,2,F,RX,BK,D
14:46:36,INDF,RG,6175,88,F,RX,AK,F
14:45:51,INDF,RG,6175,5,F,RX,CC,D
14:45:48,INDF,RG,6175,8,F,RX,OD,D
14:45:27,INDF,RG,6175,2,F,RX,PD,D
14:45:18,INDF,RG,6175,130,F,RX,DH,D
14:44:56,INDF,RG,6175,5,F,RX,AK,F
14:44:56,INDF,RG,6175,25,F,RX,AK,F
14:44:55,INDF,RG,6175,26,F,RX,AK,F
14:44:54,INDF,RG,6150,92,D,YP,BK,F
14:44:54,INDF,RG,6150,10,D,XC,BK,F
14:44:54,INDF,RG,6150,3,D,NI,BK,F
14:44:54,INDF,RG,6150,15,D,PD,BK,F
14:44:54,INDF,RG,6150,1,D,XC,BK,F
14:44:54,INDF,RG,6150,1,D,KK,BK,F
14:44:54,INDF,RG,6150,1,D,DR,BK,F
14:44:54,INDF,RG,6150,1,D,OD,BK,F
14:44:54,INDF,RG,6150,1,D,YP,BK,F
14:44:54,INDF,RG,6150,2,D,DR,BK,F
14:44:54,INDF,RG,6150,1,D,CC,BK,F
14:44:54,INDF,RG,6150,5,D,XC,BK,F
14:44:54,INDF,RG,6150,1,D,YP,BK,F
14:44:54,INDF,RG,6150,5,D,XC,BK,F
14:44:54,INDF,RG,6150,5,D,XA,BK,F
14:44:54,INDF,RG,6150,10,D,NI,BK,F
14:44:54,INDF,RG,6150,69,D,YP,BK,F
14:44:54,INDF,RG,6150,2,D,YP,DX,D
14:44:53,INDF,RG,6175,185,F,RX,FS,D
14:44:53,INDF,RG,6175,30,D,DR,FS,D
14:44:53,INDF,RG,6175,5,D,NI,FS,D
14:44:53,INDF,RG,6175,5,D,YP,FS,D
14:44:53,INDF,RG,6175,2,D,PD,FS,D
14:44:53,INDF,RG,6175,1,D,SQ,FS,D
14:44:53,INDF,RG,6175,1,F,AK,FS,D
14:44:53,INDF,RG,6175,704,F,RX,FS,D
14:44:53,INDF,RG,6175,67,F,ZP,FS,D
14:44:50,INDF,RG,6175,17,F,ZP,BK,F
14:44:47,INDF,RG,6175,29,F,ZP,ZP,D
14:44:47,INDF,RG,6175,71,D,YJ,ZP,D
14:44:28,INDF,RG,6175,50,D,YJ,DH,D
14:44:27,INDF,RG,6200,160,D,CC,FS,D
14:44:14,INDF,RG,6175,20,D,YJ,DX,F
14:43:59,INDF,RG,6175,59,D,YJ,EP,D
14:43:56,INDF,RG,6175,196,F,RX,AK,F
14:43:56,INDF,RG,6175,9,F,RX,AK,D
14:43:56,INDF,RG,6175,7,F,RX,AK,F
14:43:56,INDF,RG,6175,10,F,RX,AK,D
14:43:56,INDF,RG,6175,22,F,RX,AK,F
14:43:54,INDF,RG,6175,1,F,RX,YP,D
14:43:54,INDF,RG,6175,20,F,RX,YP,D
14:43:54,INDF,RG,6175,2,F,RX,PD,D
14:43:54,INDF,RG,6175,1,F,RX,BK,D
14:43:54,INDF,RG,6175,2,F,RX,DX,D
14:43:54,INDF,RG,6175,10,F,RX,NI,D
14:43:54,INDF,RG,6175,180,F,RX,CC,D
14:43:54,INDF,RG,6175,1,F,RX,PD,D
14:43:54,INDF,RG,6175,20,F,RX,DX,F
14:43:54,INDF,RG,6175,8,F,RX,AK,D
14:43:54,INDF,RG,6175,11,F,RX,AK,D
14:43:54,INDF,RG,6175,7,F,RX,PC,D
14:43:54,INDF,RG,6175,2,F,RX,BK,D
14:43:54,INDF,RG,6175,8,F,RX,AK,F
14:43:54,INDF,RG,6175,36,F,RX,AK,F
14:43:54,INDF,RG,6175,167,F,RX,AK,F
14:43:54,INDF,RG,6175,1140,F,RX,FS,D
14:43:52,INDF,RG,6175,1,D,YP,FS,D
14:43:33,INDF,RG,6150,2,D,YP,BK,D
14:43:27,INDF,RG,6175,20,D,XC,FS,D
14:42:18,INDF,RG,6150,2,D,YP,BK,D
14:42:17,INDF,RG,6175,1,D,YP,FS,D
14:41:58,INDF,RG,6175,5,D,YB,FS,D
14:41:44,INDF,RG,6150,25,D,YP,GR,D
14:41:44,INDF,RG,6150,1,D,GR,GR,D
14:41:44,INDF,RG,6150,10,D,CC,GR,D
14:41:44,INDF,RG,6150,100,D,PD,GR,D
14:41:44,INDF,RG,6150,2,D,PD,GR,D
14:41:44,INDF,RG,6150,1,D,NI,GR,D
14:41:44,INDF,RG,6150,1,D,XC,GR,D
14:41:44,INDF,RG,6150,2,D,ZP,GR,D
14:41:44,INDF,RG,6150,1,D,YP,GR,D
14:41:44,INDF,RG,6150,31,D,AI,GR,D
14:41:38,INDF,RG,6150,3,D,AI,DX,D
14:41:36,INDF,RG,6175,3,D,XC,FS,D
14:41:35,INDF,RG,6150,7,D,AI,PD,D
14:41:30,INDF,RG,6150,144,D,AI,YU,D
14:41:28,INDF,RG,6175,2,D,NI,FS,D
14:41:26,INDF,RG,6150,16,D,AI,LG,D
14:41:08,INDF,RG,6175,1,D,LG,FS,D
14:41:00,INDF,RG,6150,146,D,AI,YU,D
14:40:54,INDF,RG,6175,30,D,YB,FS,D
14:40:26,INDF,RG,6150,17,D,AI,BK,F
14:40:22,INDF,RG,6150,43,D,AI,BK,F
14:40:17,INDF,RG,6175,200,D,YJ,FS,D
14:40:14,INDF,RG,6150,14,D,AI,BK,F
14:40:12,INDF,RG,6150,16,D,AI,BK,F
14:40:12,INDF,RG,6175,5,D,PD,FS,D
14:40:09,INDF,RG,6150,63,D,AI,BK,F
14:40:09,INDF,RG,6150,1,D,XC,BK,F
14:40:09,INDF,RG,6150,3,D,NI,BK,F
14:40:06,INDF,RG,6175,1,F,CS,FS,D
14:40:06,INDF,RG,6175,1,F,AK,FS,D
14:40:06,INDF,RG,6175,5,D,YP,FS,D
14:40:06,INDF,RG,6175,2,D,CC,FS,D
14:40:06,INDF,RG,6175,1,D,XC,FS,D
14:40:06,INDF,RG,6175,10,D,NI,FS,D
14:40:06,INDF,RG,6175,6,D,DH,FS,D
14:40:06,INDF,RG,6175,5,D,CC,FS,D
14:40:06,INDF,RG,6175,1,F,CC,FS,D
14:40:06,INDF,RG,6175,20,D,DR,FS,D
14:40:06,INDF,RG,6175,32,D,PD,FS,D
14:40:06,INDF,RG,6175,2,F,AK,FS,D
14:40:06,INDF,RG,6175,1,F,CS,FS,D
14:40:06,INDF,RG,6175,77,F,ZP,FS,D
14:40:06,INDF,RG,6175,428,F,CS,FS,D
14:39:51,INDF,RG,6175,95,F,CS,XA,D
14:39:16,INDF,RG,6175,1,F,CS,YP,D
14:39:04,INDF,RG,6175,5,F,CS,CC,D
14:39:04,INDF,RG,6175,3,F,CS,BK,D
14:39:04,INDF,RG,6175,5,F,CS,AK,D
14:39:04,INDF,RG,6175,32,F,CS,AK,D
14:39:04,INDF,RG,6175,169,F,CS,AK,F
14:39:04,INDF,RG,6175,10,F,CS,AK,F
14:39:04,INDF,RG,6175,34,F,CS,AK,F
14:39:04,INDF,RG,6175,1918,F,CS,FS,D
14:39:03,INDF,RG,6150,2,D,NI,BK,D
14:39:00,INDF,RG,6150,3,D,NI,DX,D
14:38:47,INDF,RG,6175,6,D,PD,FS,D
14:38:34,INDF,RG,6150,2,D,NI,YU,D
14:38:34,INDF,RG,6150,2,D,DH,YU,D
14:38:34,INDF,RG,6150,1,D,PD,YU,D
14:38:34,INDF,RG,6150,16,D,IF,YU,D
14:38:34,INDF,RG,6150,2,D,OD,YU,D
14:38:34,INDF,RG,6150,10,D,PD,YU,D
14:38:34,INDF,RG,6150,20,D,PD,YU,D
14:38:34,INDF,RG,6150,1,D,PD,YU,D
14:38:34,INDF,RG,6150,1,D,PD,YU,D
14:38:34,INDF,RG,6150,1,D,LG,YU,D
14:38:34,INDF,RG,6150,2,D,YP,YU,D
14:38:34,INDF,RG,6150,5,D,YP,YU,D
14:38:34,INDF,RG,6150,2,D,PD,YU,D
14:38:34,INDF,RG,6150,2,D,CC,YU,D
14:38:34,INDF,RG,6150,3,D,DH,YU,D
14:38:34,INDF,RG,6150,4,D,GR,YU,D
14:38:34,INDF,RG,6150,40,D,CC,YU,D
14:38:34,INDF,RG,6150,1,D,PD,YU,D
14:38:34,INDF,RG,6150,10,D,CC,YU,D
14:38:14,INDF,RG,6175,1,D,YP,FS,D
14:38:05,INDF,RG,6175,1,D,YP,FS,D
14:37:46,INDF,RG,6150,2,D,CC,BK,D
14:37:34,INDF,RG,6175,4,D,NI,FS,D
14:36:31,INDF,RG,6150,2,D,CC,BK,D
14:35:43,INDF,RG,6150,11,D,CC,YU,D
14:35:43,INDF,RG,6150,10,D,YP,YU,D
14:35:43,INDF,RG,6150,1,D,YP,YU,D
14:35:43,INDF,RG,6150,10,D,CC,YU,D
14:35:43,INDF,RG,6150,1,D,GR,YU,D
14:35:43,INDF,RG,6150,1,D,NI,YU,D
14:35:43,INDF,RG,6150,10,D,PD,YU,D
14:35:43,INDF,RG,6150,2,D,YP,YU,D
14:35:43,INDF,RG,6150,10,D,YP,YU,D
14:35:43,INDF,RG,6150,5,D,DR,YU,D
14:35:43,INDF,RG,6150,1,D,XC,YU,D
14:35:43,INDF,RG,6150,1,D,PD,YU,D
14:35:43,INDF,RG,6150,30,D,DH,YU,D
14:35:43,INDF,RG,6150,10,D,XC,YU,D
14:35:43,INDF,RG,6150,30,D,NI,YU,D
14:35:43,INDF,RG,6150,2,D,XC,YU,D
14:35:43,INDF,RG,6150,5,D,AT,YU,D
14:35:43,INDF,RG,6150,4,D,PD,YU,D
14:35:41,INDF,RG,6175,1,D,YP,FS,D
14:35:34,INDF,RG,6175,2,D,YP,FS,D
14:35:22,INDF,RG,6175,17,D,XL,FS,D
14:35:07,INDF,RG,6175,10,D,LG,FS,D
14:34:58,INDF,RG,6175,7,D,CC,FS,D
14:34:58,INDF,RG,6175,1,D,NI,FS,D
14:34:58,INDF,RG,6175,2,D,XC,FS,D
14:34:58,INDF,RG,6175,1,D,DR,FS,D
14:34:58,INDF,RG,6175,28,F,ZP,FS,D
14:34:58,INDF,RG,6175,1,D,HD,FS,D
14:34:56,INDF,RG,6175,1,D,HD,OD,D
14:34:45,INDF,RG,6175,6,D,HD,AK,D
14:34:09,INDF,RG,6175,2,D,HD,DX,D
14:34:09,INDF,RG,6175,1,D,HD,OD,D
14:34:09,INDF,RG,6175,1,D,HD,DH,D
14:34:09,INDF,RG,6175,3,D,HD,AK,F
14:34:09,INDF,RG,6175,21,D,HD,DX,F
14:34:09,INDF,RG,6175,3,D,HD,BK,D
14:34:09,INDF,RG,6175,4,D,HD,AK,F
14:34:09,INDF,RG,6175,7,D,HD,AK,F
14:34:06,INDF,RG,6175,10,D,CC,AK,F
14:34:05,INDF,RG,6175,20,D,OD,AK,F
14:33:50,INDF,RG,6150,2,D,PD,DX,D
14:33:32,INDF,RG,6150,1,D,PD,OD,D
14:33:23,INDF,RG,6175,1,D,PD,AK,D
14:33:18,INDF,RG,6150,2,D,PD,BK,D
14:33:08,INDF,RG,6175,5,D,CC,AK,D
14:33:02,INDF,RG,6175,1,D,NI,AK,D
14:33:02,INDF,RG,6150,1,D,PD,AK,F
14:33:02,INDF,RG,6150,2,D,YP,AK,F
14:33:02,INDF,RG,6150,10,D,PD,AK,F
14:33:02,INDF,RG,6150,5,D,AI,AK,F
14:33:02,INDF,RG,6150,5,D,XC,AK,F
14:33:02,INDF,RG,6150,1,D,PD,AK,F
14:33:02,INDF,RG,6150,1,D,XC,AK,F
14:33:02,INDF,RG,6150,2,D,PD,AK,F
14:33:02,INDF,RG,6150,8,D,PD,AK,F
14:33:02,INDF,RG,6150,1,D,PD,AK,F
14:32:52,INDF,RG,6175,1,F,CS,AK,F
14:32:52,INDF,RG,6175,10,D,PD,AK,F
14:32:52,INDF,RG,6175,2,D,PD,AK,F
14:32:52,INDF,RG,6175,5,D,EP,AK,F
14:32:52,INDF,RG,6175,10,D,OD,AK,F
14:32:52,INDF,RG,6175,1,D,YP,AK,F
14:32:52,INDF,RG,6175,1,D,PD,AK,F
14:32:52,INDF,RG,6175,1,D,YP,AK,F
14:32:52,INDF,RG,6175,1,D,PD,AK,F
14:32:52,INDF,RG,6175,1,D,PD,AK,F
14:32:52,INDF,RG,6175,100,D,SQ,AK,F
14:32:52,INDF,RG,6175,1,D,CC,AK,F
14:32:52,INDF,RG,6175,7,F,ZP,AK,F
14:32:51,INDF,RG,6175,18,F,ZP,YU,D
14:32:51,INDF,RG,6175,2,D,TP,YU,D
14:32:51,INDF,RG,6175,5,D,EP,YU,D
14:32:51,INDF,RG,6175,10,D,XC,YU,D
14:32:51,INDF,RG,6175,1,D,SQ,YU,D
14:32:51,INDF,RG,6175,1,D,XC,YU,D
14:32:51,INDF,RG,6175,1,D,DH,YU,D
14:32:51,INDF,RG,6175,15,D,KK,YU,D
14:32:51,INDF,RG,6175,2,D,NI,YU,D
14:32:51,INDF,RG,6175,2,D,PD,YU,D
14:32:51,INDF,RG,6175,2,D,CC,YU,D
14:32:51,INDF,RG,6175,1,F,AK,YU,D
14:32:51,INDF,RG,6175,1,D,NI,YU,D
14:32:51,INDF,RG,6175,1,D,PD,YU,D
14:32:51,INDF,RG,6175,1,D,YP,YU,D
14:32:51,INDF,RG,6175,58,D,EP,YU,D
14:32:34,INDF,RG,6175,1,D,EP,OD,D
14:32:01,INDF,RG,6175,2,D,CC,BK,D
14:31:34,INDF,RG,6175,1,D,CC,OD,D
14:31:30,INDF,RG,6175,2,D,CC,NI,D
14:31:30,INDF,RG,6175,1,D,NI,NI,D
14:31:30,INDF,RG,6175,2,D,XC,NI,D
14:31:30,INDF,RG,6175,2,D,YP,NI,D
14:31:30,INDF,RG,6175,10,D,LG,NI,D
14:31:30,INDF,RG,6175,3,F,ZP,NI,D
14:31:22,INDF,RG,6175,4,F,ZP,KK,D
14:31:06,INDF,RG,6175,2,F,ZP,DX,D
14:31:00,INDF,RG,6175,2,F,ZP,XC,D
14:30:32,INDF,RG,6175,1,F,ZP,OD,D
14:30:18,INDF,RG,6175,2,F,ZP,CC,D
14:30:02,INDF,RG,6175,3,F,ZP,YU,D
14:30:02,INDF,RG,6175,5,D,NI,YU,D
14:30:02,INDF,RG,6175,2,D,EP,YU,D
14:30:02,INDF,RG,6175,3,D,CC,YU,D
14:30:02,INDF,RG,6175,58,F,RX,YU,D
14:30:02,INDF,RG,6175,13,D,CC,YU,D
14:30:02,INDF,RG,6175,1,D,ZP,YU,D
14:30:02,INDF,RG,6175,2,D,YJ,YU,D
14:30:02,INDF,RG,6175,1,D,SQ,YU,D
14:30:02,INDF,RG,6175,10,D,LG,YU,D
14:30:02,INDF,RG,6175,50,D,SA,YU,D
14:29:34,INDF,RG,6175,1,D,PD,OD,D
14:29:30,INDF,RG,6175,1,D,PD,AK,D
14:29:30,INDF,RG,6175,2,D,XC,AK,D
14:29:30,INDF,RG,6175,9,F,ZP,AK,D
14:29:30,INDF,RG,6175,1,D,NI,AK,D
14:29:30,INDF,RG,6175,1,D,PD,AK,D
14:29:30,INDF,RG,6175,2,D,YP,AK,D
14:28:46,INDF,RG,6175,11,D,YP,BK,D
14:28:36,INDF,RG,6175,1,D,YP,OD,D
14:28:21,INDF,RG,6175,3,D,YP,DX,D
14:28:03,INDF,RG,6175,1,D,YP,KK,F
14:28:03,INDF,RG,6175,1,F,CS,KK,F
14:28:03,INDF,RG,6175,1,F,RX,KK,F
14:27:56,INDF,RG,6175,7,F,RX,AK,D
14:27:54,INDF,RG,6200,2,F,CS,FS,D
14:27:38,INDF,RG,6175,1,F,RX,OD,D
14:27:35,INDF,RG,6200,47,D,YP,FS,D
14:26:36,INDF,RG,6175,1,F,RX,OD,D
14:25:47,INDF,RG,6175,2,F,RX,DX,D
14:25:34,INDF,RG,6175,2,F,RX,OD,D
14:25:00,INDF,RG,6175,136,F,RX,YU,D
14:24:53,INDF,RG,6175,25,F,RX,YP,D
14:24:47,INDF,RG,6175,3,F,RX,AT,D
14:24:46,INDF,RG,6175,12,F,RX,AK,D
14:24:32,INDF,RG,6175,1,F,RX,OD,D
14:23:34,INDF,RG,6175,1,F,RX,OD,D
14:23:08,INDF,RG,6175,3,F,RX,DX,D
14:22:36,INDF,RG,6175,1,F,RX,OD,D
14:21:49,INDF,RG,6175,1,F,AK,BK,D
14:21:49,INDF,RG,6175,9,F,RX,BK,D
14:21:38,INDF,RG,6175,1,F,RX,OD,D
14:21:17,INDF,RG,6175,10,F,RX,LG,D
14:21:13,INDF,RG,6200,72,D,GR,FS,D
14:20:40,INDF,RG,6175,1,F,RX,OD,D
14:20:28,INDF,RG,6175,2,F,RX,DX,D
14:20:13,INDF,RG,6200,1,D,PD,FS,D
14:20:01,INDF,RG,6175,135,F,RX,YU,D
14:19:31,INDF,RG,6175,5,F,RX,CC,D
14:19:30,INDF,RG,6175,7,F,RX,AK,D
14:19:11,INDF,RG,6175,1,F,RX,YP,D
14:19:03,INDF,RG,6175,518,F,RX,ZP,F
14:19:03,INDF,RG,6175,18,F,ZP,ZP,F
14:19:03,INDF,RG,6175,185,F,RX,ZP,F
14:19:02,INDF,RG,6175,20,F,RX,NI,D
14:18:58,INDF,RG,6175,37,F,RX,DX,F
14:18:57,INDF,RG,6175,26,F,RX,DX,F
14:18:57,INDF,RG,6175,13,F,RX,AK,F
14:18:56,INDF,RG,6175,5,F,RX,AK,F
14:18:56,INDF,RG,6175,80,F,RX,AK,F
14:18:56,INDF,RG,6175,107,F,RX,AK,F
14:18:54,INDF,RG,6175,1,F,RX,OD,D
14:18:54,INDF,RG,6175,726,F,RX,FS,D
14:18:54,INDF,RG,6150,19,D,PD,AK,F
14:18:54,INDF,RG,6150,1,D,PD,AK,F
14:18:54,INDF,RG,6150,10,D,LG,AK,F
14:18:54,INDF,RG,6150,1,D,AG,AK,F
14:18:54,INDF,RG,6150,100,D,HP,AK,F
14:18:54,INDF,RG,6150,1,D,PD,AK,F
14:18:54,INDF,RG,6150,2,D,SQ,AK,F
14:18:54,INDF,RG,6150,500,D,YP,AK,F
14:18:54,INDF,RG,6150,5,D,PD,AK,F
14:18:54,INDF,RG,6150,1,D,GR,AK,F
14:18:54,INDF,RG,6150,3,D,XA,AK,F
14:18:54,INDF,RG,6150,1,D,PD,AK,F
14:18:54,INDF,RG,6150,1,D,XC,AK,F
14:18:54,INDF,RG,6150,5,D,NI,AK,F
14:18:54,INDF,RG,6150,1,D,PD,AK,F
14:18:54,INDF,RG,6150,1,D,XC,AK,F
14:18:54,INDF,RG,6150,95,D,EP,AK,F
14:18:54,INDF,RG,6175,1,F,AK,FS,D
14:18:53,INDF,RG,6175,10,D,CC,FS,D
14:18:53,INDF,RG,6175,1,D,XC,FS,D
14:18:53,INDF,RG,6175,3,D,PD,FS,D
14:18:53,INDF,RG,6175,10,D,NI,FS,D
14:18:53,INDF,RG,6175,1,D,CC,FS,D
14:18:53,INDF,RG,6175,1,D,PD,FS,D
14:18:53,INDF,RG,6175,1,D,YP,FS,D
14:18:53,INDF,RG,6175,50,D,NI,FS,D
14:18:53,INDF,RG,6175,1,D,KK,FS,D
14:18:53,INDF,RG,6175,1,F,AK,FS,D
14:18:53,INDF,RG,6175,1,D,PD,FS,D
14:18:53,INDF,RG,6175,1,D,PC,FS,D
14:18:53,INDF,RG,6175,5,D,PD,FS,D
14:18:53,INDF,RG,6175,10,D,KK,FS,D
14:18:53,INDF,RG,6175,25,D,OD,FS,D
14:18:53,INDF,RG,6175,1,D,XC,FS,D
14:18:53,INDF,RG,6175,20,D,YP,FS,D
14:18:53,INDF,RG,6175,2,D,DH,FS,D
14:18:53,INDF,RG,6175,7,D,PD,FS,D
14:18:53,INDF,RG,6175,1,D,PD,FS,D
14:18:53,INDF,RG,6175,39,F,ZP,FS,D
14:18:53,INDF,RG,6175,1,D,YP,FS,D
14:18:53,INDF,RG,6175,1,D,CC,FS,D
14:18:53,INDF,RG,6175,1,D,CC,FS,D
14:18:53,INDF,RG,6175,10,D,PD,FS,D
14:18:53,INDF,RG,6175,1,D,YP,FS,D
14:18:53,INDF,RG,6175,1,D,YP,FS,D
14:18:53,INDF,RG,6175,1,D,KK,FS,D
14:18:53,INDF,RG,6175,1,D,NI,FS,D
14:18:53,INDF,RG,6175,50,D,OD,FS,D
14:18:53,INDF,RG,6175,53,F,ZP,FS,D
14:18:53,INDF,RG,6175,1,D,XC,FS,D
14:18:53,INDF,RG,6175,2,D,EP,FS,D
14:18:53,INDF,RG,6175,2,D,YP,FS,D
14:18:53,INDF,RG,6175,3,D,SQ,FS,D
14:18:53,INDF,RG,6175,1,D,DR,FS,D
14:18:53,INDF,RG,6175,25,D,OD,FS,D
14:18:53,INDF,RG,6175,1,D,YP,FS,D
14:18:53,INDF,RG,6175,1,D,YP,FS,D
14:18:53,INDF,RG,6175,100,D,CC,FS,D
14:18:53,INDF,RG,6175,5,D,YP,FS,D
14:18:53,INDF,RG,6175,152,F,RX,FS,D
14:18:53,INDF,RG,6175,1,D,PD,FS,D
14:18:53,INDF,RG,6175,1,D,PD,FS,D
14:18:53,INDF,RG,6175,2,D,YP,FS,D
14:18:53,INDF,RG,6175,1,D,XC,FS,D
14:18:53,INDF,RG,6175,5,D,SQ,FS,D
14:18:53,INDF,RG,6175,1,D,PD,FS,D
14:18:53,INDF,RG,6175,1,D,YP,FS,D
14:18:53,INDF,RG,6175,7,D,CC,FS,D
14:18:53,INDF,RG,6175,5,D,SQ,FS,D
14:18:53,INDF,RG,6175,16,D,LS,FS,D
14:18:53,INDF,RG,6175,1,D,PD,FS,D
14:18:53,INDF,RG,6175,109,F,ZP,FS,D
14:18:53,INDF,RG,6175,1,F,AK,FS,D
14:18:53,INDF,RG,6175,10,D,PD,FS,D
14:18:53,INDF,RG,6175,658,F,RX,FS,D
14:18:53,INDF,RG,6175,5,D,NI,FS,D
14:18:53,INDF,RG,6175,8,D,NI,FS,D
14:18:53,INDF,RG,6175,1,D,NI,FS,D
14:18:53,INDF,RG,6175,1,D,XC,FS,D
14:18:53,INDF,RG,6175,8,D,CC,FS,D
14:18:53,INDF,RG,6175,2,D,PD,FS,D
14:18:53,INDF,RG,6175,1,D,YP,FS,D
14:18:53,INDF,RG,6175,2,D,CC,FS,D
14:18:53,INDF,RG,6175,10,D,CC,FS,D
14:18:53,INDF,RG,6175,2,D,CC,FS,D
14:18:53,INDF,RG,6175,1,D,XC,FS,D
14:18:53,INDF,RG,6175,1,D,CC,FS,D
14:18:53,INDF,RG,6175,5,D,PD,FS,D
14:18:53,INDF,RG,6175,50,D,YP,FS,D
14:18:53,INDF,RG,6175,1,D,XC,FS,D
14:18:53,INDF,RG,6175,3,D,YP,FS,D
14:18:53,INDF,RG,6175,1,D,YP,FS,D
14:18:53,INDF,RG,6175,1,D,DR,FS,D
14:18:53,INDF,RG,6175,1,D,PD,FS,D
14:18:53,INDF,RG,6175,5,D,PD,FS,D
14:18:53,INDF,RG,6175,10,D,PD,FS,D
14:18:53,INDF,RG,6175,1,D,XC,FS,D
14:18:53,INDF,RG,6175,1,D,CC,FS,D
14:18:53,INDF,RG,6175,1,F,CS,FS,D
14:18:53,INDF,RG,6175,1,D,NI,FS,D
14:18:53,INDF,RG,6175,5,D,PD,FS,D
14:18:53,INDF,RG,6175,2,D,PD,FS,D
14:18:53,INDF,RG,6175,108,F,RX,FS,D
14:18:53,INDF,RG,6175,500,D,AI,FS,D
14:18:53,INDF,RG,6175,10,D,PD,FS,D
14:18:53,INDF,RG,6175,5,D,CC,FS,D
14:18:53,INDF,RG,6175,3,D,PD,FS,D
14:18:53,INDF,RG,6175,1,D,PD,FS,D
14:18:53,INDF,RG,6175,1,D,PD,FS,D
14:18:53,INDF,RG,6175,2,D,YP,FS,D
14:18:53,INDF,RG,6175,2,D,KK,FS,D
14:18:53,INDF,RG,6175,1,D,KK,FS,D
14:18:53,INDF,RG,6175,2,D,YP,FS,D
14:18:53,INDF,RG,6175,10,D,AZ,FS,D
14:18:53,INDF,RG,6175,1,D,XC,FS,D
14:18:53,INDF,RG,6175,50,D,CC,FS,D
14:18:53,INDF,RG,6175,24,D,SQ,FS,D
14:18:38,INDF,RG,6175,1,D,SQ,OD,D
14:18:32,INDF,RG,6200,20,D,PD,FS,D
14:18:07,INDF,RG,6200,1,F,CS,FS,D
14:17:59,INDF,RG,6200,27,F,ZP,FS,D
14:17:43,INDF,RG,6175,2,D,SQ,DX,D
14:17:36,INDF,RG,6175,1,D,SQ,OD,D
14:16:56,INDF,RG,6200,50,F,ZP,FS,D
14:16:40,INDF,RG,6175,1,D,SQ,OD,D
14:16:30,INDF,RG,6175,9,D,SQ,AK,D
14:16:04,INDF,RG,6175,12,D,SQ,YP,D
14:16:04,INDF,RG,6175,1,F,AK,YP,D
14:16:04,INDF,RG,6175,2,D,YP,YP,D
14:16:04,INDF,RG,6175,5,D,XC,YP,D
14:15:42,INDF,RG,6175,1,D,PD,OD,D
14:15:11,INDF,RG,6175,10,F,RX,BK,D
14:15:05,INDF,RG,6175,3,F,RX,DX,D
14:15:00,INDF,RG,6175,66,F,RX,YU,D
14:15:00,INDF,RG,6175,62,D,KK,YU,D
14:14:42,INDF,RG,6175,1,D,KK,OD,D
14:14:02,INDF,RG,6200,1,F,CS,FS,D
14:13:42,INDF,RG,6175,1,D,KK,OD,D
14:13:30,INDF,RG,6175,9,D,KK,AK,D
14:12:42,INDF,RG,6175,1,D,KK,OD,D
14:12:35,INDF,RG,6200,1,D,PD,FS,D
14:12:30,INDF,RG,6175,3,D,KK,DX,D
14:12:00,INDF,RG,6200,1,F,AK,FS,D
14:11:42,INDF,RG,6175,1,D,KK,OD,D
14:11:32,INDF,RG,6175,4,D,KK,KK,D
14:10:40,INDF,RG,6175,1,D,KK,OD,D
14:10:01,INDF,RG,6175,80,D,KK,YU,D
14:10:01,INDF,RG,6175,32,D,IF,YU,D
14:10:01,INDF,RG,6175,1,D,PD,YU,D
14:10:01,INDF,RG,6175,5,D,NI,YU,D
14:10:01,INDF,RG,6175,1,D,YP,YU,D
14:10:01,INDF,RG,6175,1,D,PD,YU,D
14:10:01,INDF,RG,6175,2,D,PD,YU,D
14:10:01,INDF,RG,6175,26,D,OD,YU,D
14:09:57,INDF,RG,6175,1,D,OD,XC,D
14:09:55,INDF,RG,6200,1,F,CS,FS,D
14:09:44,INDF,RG,6175,2,D,OD,DX,D
14:09:42,INDF,RG,6175,1,D,OD,OD,D
14:09:00,INDF,RG,6175,13,D,OD,AK,D
14:08:44,INDF,RG,6175,1,D,OD,OD,D
14:08:18,INDF,RG,6175,10,D,OD,BK,D
14:07:47,INDF,RG,6200,30,D,YP,FS,D
14:07:22,INDF,RG,6200,3,D,KK,FS,D
14:07:14,INDF,RG,6200,100,D,SQ,FS,D
14:07:00,INDF,RG,6200,1,F,AK,FS,D
14:06:59,INDF,RG,6175,2,D,OD,DX,D
14:06:46,INDF,RG,6175,19,D,OD,NI,D
14:06:42,INDF,RG,6175,1,D,OD,OD,D
14:06:08,INDF,RG,6175,10,D,OD,DH,D
14:06:00,INDF,RG,6175,100,D,OD,YU,D
14:06:00,INDF,RG,6175,1,D,DH,YU,D
14:06:00,INDF,RG,6175,33,F,RX,YU,D
14:05:58,INDF,RG,6200,1,F,CS,FS,D
14:05:42,INDF,RG,6175,1,F,RX,OD,D
14:05:40,INDF,RG,6175,75,F,RX,DR,D
14:05:23,INDF,RG,6175,15,F,RX,PD,D
14:04:59,INDF,RG,6175,1,F,RX,PD,D
14:04:57,INDF,RG,6175,3,F,RX,KK,D
14:04:44,INDF,RG,6200,1,D,YP,FS,D
14:04:40,INDF,RG,6175,1,F,RX,OD,D
14:04:22,INDF,RG,6175,2,F,RX,DX,D
14:03:50,INDF,RG,6175,4,F,RX,PD,D
14:03:38,INDF,RG,6175,1,F,RX,OD,D
14:02:40,INDF,RG,6175,1,F,RX,OD,D
14:02:15,INDF,RG,6175,9,F,ZP,AK,D
14:02:06,INDF,RG,6200,1,F,CS,FS,D
14:02:00,INDF,RG,6175,10,F,ZP,YU,D
14:02:00,INDF,RG,6175,125,F,RX,YU,D
14:01:55,INDF,RG,6175,6,F,RX,PD,D
14:01:47,INDF,RG,6175,3,F,RX,DX,D
14:01:42,INDF,RG,6175,1,F,RX,OD,D
14:01:39,INDF,RG,6175,11,F,RX,BK,D
14:01:00,INDF,RG,6175,6,F,RX,AK,D
14:00:59,INDF,RG,6200,1,F,AK,FS,D
14:00:58,INDF,RG,6200,1,D,NI,FS,D
14:00:44,INDF,RG,6175,1,F,RX,OD,D
14:00:43,INDF,RG,6175,8,F,RX,TP,D
13:59:46,INDF,RG,6175,6,F,RX,AK,D
13:59:45,INDF,RG,6175,1,F,RX,OD,D
13:59:07,INDF,RG,6200,1,D,CC,FS,D
13:59:02,INDF,RG,6175,6,F,RX,XC,D
13:59:00,INDF,RG,6175,2,F,RX,DX,D
13:58:54,INDF,RG,6200,1,D,HP,FS,D
13:58:43,INDF,RG,6175,1,F,RX,OD,D
13:58:21,INDF,RG,6175,7,F,RX,BQ,D
13:58:15,INDF,RG,6200,1,F,CS,FS,D
13:57:56,INDF,RG,6175,2,F,RX,XC,D
13:57:45,INDF,RG,6175,1,F,RX,OD,D
13:56:45,INDF,RG,6175,1,F,RX,OD,D
13:56:40,INDF,RG,6175,125,F,RX,YU,D
13:56:21,INDF,RG,6175,3,F,RX,DX,D
13:55:30,INDF,RG,6175,16,F,RX,AK,D
13:54:49,INDF,RG,6175,1,F,RX,PD,D
13:54:47,INDF,RG,6175,1,F,RX,OD,D
13:54:40,INDF,RG,6175,9,F,RX,CC,D
13:54:32,INDF,RG,6175,11,F,RX,BK,D
13:54:16,INDF,RG,6200,17,D,NI,FS,D
13:53:49,INDF,RG,6175,1,F,RX,OD,D
13:53:46,INDF,RG,6175,3,F,RX,DX,D
13:53:40,INDF,RG,6200,1,D,YP,FS,D
13:53:15,INDF,RG,6175,6,F,RX,AK,D
13:52:51,INDF,RG,6175,1,F,RX,OD,D
13:51:51,INDF,RG,6175,1,F,RX,OD,D
13:51:30,INDF,RG,6175,20,F,RX,CC,D
13:51:05,INDF,RG,6175,3,F,RX,DX,D
13:50:51,INDF,RG,6175,1,F,RX,OD,D
13:50:25,INDF,RG,6200,2,F,CS,FS,D
13:50:19,INDF,RG,6175,3,F,RX,PD,D
13:50:11,INDF,RG,6175,1,F,RX,CC,D
13:50:01,INDF,RG,6175,147,F,RX,YU,D
13:49:53,INDF,RG,6175,1,F,RX,OD,D
13:49:27,INDF,RG,6200,1,D,CC,FS,D
13:49:20,INDF,RG,6200,2,D,CC,FS,D
13:49:16,INDF,RG,6175,1,F,RX,YP,D
13:48:53,INDF,RG,6175,1,F,RX,OD,D
13:48:27,INDF,RG,6175,2,F,RX,DX,D
13:47:58,INDF,RG,6200,1,D,OD,FS,D
13:47:53,INDF,RG,6175,1,F,RX,OD,D
13:47:53,INDF,RG,6175,11,F,RX,BK,D
13:47:00,INDF,RG,6175,14,F,RX,AK,D
13:46:51,INDF,RG,6175,1,F,RX,OD,D
13:46:40,INDF,RG,6175,90,F,RX,YU,D
13:46:40,INDF,RG,6175,2,D,EP,YU,D
13:46:40,INDF,RG,6175,10,D,ZP,YU,D
13:46:40,INDF,RG,6175,5,D,YP,YU,D
13:46:40,INDF,RG,6175,2,D,NI,YU,D
13:46:40,INDF,RG,6175,8,D,PD,YU,D
13:46:40,INDF,RG,6175,1,F,AK,YU,D
13:46:40,INDF,RG,6175,11,F,RX,YU,D
13:45:56,INDF,RG,6175,2,F,RX,PD,D
13:45:53,INDF,RG,6175,1,F,RX,OD,D
13:45:40,INDF,RG,6175,2,F,RX,DX,D
13:45:25,INDF,RG,6200,8,D,LS,FS,D
13:44:55,INDF,RG,6175,1,F,RX,OD,D
13:44:13,INDF,RG,6175,76,F,RX,PD,D
13:44:13,INDF,RG,6175,14,F,ZP,PD,D
13:44:13,INDF,RG,6175,1,D,NI,PD,D
13:44:13,INDF,RG,6175,30,D,AI,PD,D
13:43:59,INDF,RG,6175,12,D,AI,NI,D
13:43:53,INDF,RG,6175,1,D,AI,OD,D
13:43:20,INDF,RG,6175,152,D,AI,YU,D
13:42:57,INDF,RG,6175,1,D,AI,OD,D
13:41:57,INDF,RG,6175,1,D,AI,OD,D
13:40:54,INDF,RG,6175,3,D,AI,DX,D
13:40:54,INDF,RG,6175,1,D,AI,OD,D
13:40:54,INDF,RG,6175,206,D,AI,AK,F
13:40:54,INDF,RG,6175,10,D,AI,BK,D
13:40:54,INDF,RG,6175,83,D,AI,NI,D
13:40:46,INDF,RG,6175,1,D,NI,NI,D
13:40:29,INDF,RG,6175,2,D,KK,NI,D
13:40:27,INDF,RG,6150,1,D,EP,DX,D
13:40:27,INDF,RG,6150,1,D,YP,DX,D
13:40:23,INDF,RG,6175,2,F,RX,NI,D
13:40:21,INDF,RG,6175,1,D,AO,NI,D
13:40:21,INDF,RG,6175,11,F,ZP,NI,D
13:40:11,INDF,RG,6175,22,F,RX,NI,D
13:40:07,INDF,RG,6175,1,D,DR,NI,D
13:40:01,INDF,RG,6150,2,D,DH,YU,D
13:40:01,INDF,RG,6150,1,D,YP,YU,D
13:40:01,INDF,RG,6150,2,D,SQ,YU,D
13:40:01,INDF,RG,6150,97,D,YJ,YU,D
13:40:01,INDF,RG,6150,20,D,PD,YU,D
13:40:01,INDF,RG,6150,6,D,GR,YU,D
13:39:55,INDF,RG,6150,1,D,GR,OD,D
13:39:39,INDF,RG,6175,1,D,SQ,NI,D
13:39:33,INDF,RG,6175,2,F,RX,NI,D
13:39:19,INDF,RG,6175,1,F,RX,NI,D
13:39:18,INDF,RG,6175,1,D,XC,NI,D
13:39:16,INDF,RG,6150,3,D,GR,PD,D
13:39:16,INDF,RG,6150,3,D,KK,PD,D
13:39:15,INDF,RG,6175,10,D,CC,NI,D
13:38:55,INDF,RG,6150,1,D,PD,OD,D
13:38:41,INDF,RG,6175,16,F,RX,NI,D
13:38:37,INDF,RG,6175,1,F,CS,NI,D
13:38:37,INDF,RG,6175,30,D,CC,NI,D
13:38:37,INDF,RG,6175,10,D,NI,NI,D
13:38:37,INDF,RG,6175,1,D,XC,NI,D
13:38:37,INDF,RG,6175,9,F,ZP,NI,D
13:38:37,INDF,RG,6175,2,F,CC,NI,D
13:38:37,INDF,RG,6175,1,D,XC,NI,D
13:38:37,INDF,RG,6175,10,D,XC,NI,D
13:38:37,INDF,RG,6175,1,D,NI,NI,D
13:38:37,INDF,RG,6175,160,F,RX,NI,D
13:38:02,INDF,RG,6175,29,F,RX,DX,F
13:37:47,INDF,RG,6175,8,F,RX,BK,F
13:37:46,INDF,RG,6175,3,F,RX,DX,D
13:37:43,INDF,RG,6175,19,F,RX,BK,F
13:37:39,INDF,RG,6175,13,F,RX,AK,F
13:37:39,INDF,RG,6175,53,F,RX,AK,F
13:37:37,INDF,RG,6175,6,F,ZP,AK,F
13:37:37,INDF,RG,6175,2,F,ZP,OD,D
13:37:37,INDF,RG,6175,31,F,ZP,AK,F
13:37:37,INDF,RG,6175,97,F,RX,AK,F
13:37:37,INDF,RG,6175,28,F,RX,AK,F
13:37:37,INDF,RG,6175,58,F,RX,AK,F
13:37:36,INDF,RG,6175,521,F,RX,FS,D
13:37:36,INDF,RG,6175,1,F,AK,FS,D
13:37:36,INDF,RG,6175,2,D,AI,FS,D
13:37:36,INDF,RG,6175,1,D,PD,FS,D
13:37:36,INDF,RG,6175,25,D,YP,FS,D
13:37:36,INDF,RG,6175,10,D,XC,FS,D
13:37:36,INDF,RG,6175,10,D,PD,FS,D
13:37:36,INDF,RG,6175,10,D,SQ,FS,D
13:37:36,INDF,RG,6175,1,F,CS,FS,D
13:37:36,INDF,RG,6175,7,D,XC,FS,D
13:37:36,INDF,RG,6175,1,D,XC,FS,D
13:37:36,INDF,RG,6175,2,D,CC,FS,D
13:37:36,INDF,RG,6175,15,D,PD,FS,D
13:37:36,INDF,RG,6175,25,D,GR,FS,D
13:37:36,INDF,RG,6175,5,D,NI,FS,D
13:37:36,INDF,RG,6175,1,F,AK,FS,D
13:37:36,INDF,RG,6175,2,F,CC,FS,D
13:37:36,INDF,RG,6175,20,D,LG,FS,D
13:37:36,INDF,RG,6175,245,F,RX,FS,D
13:37:36,INDF,RG,6175,20,D,LS,FS,D
13:37:36,INDF,RG,6175,22,F,ZP,FS,D
13:37:36,INDF,RG,6175,20,D,PD,FS,D
13:37:36,INDF,RG,6175,1,F,AK,FS,D
13:37:36,INDF,RG,6175,3,D,NI,FS,D
13:37:36,INDF,RG,6175,20,D,YP,FS,D
13:37:36,INDF,RG,6175,1,D,XC,FS,D
13:37:36,INDF,RG,6175,2,D,YP,FS,D
13:37:36,INDF,RG,6175,3,D,CC,FS,D
13:37:36,INDF,RG,6175,25,D,PD,FS,D
13:37:36,INDF,RG,6175,20,D,PD,FS,D
13:37:36,INDF,RG,6175,6,D,CC,FS,D
13:37:36,INDF,RG,6175,20,D,EP,FS,D
13:37:36,INDF,RG,6175,1,D,PD,FS,D
13:37:36,INDF,RG,6175,150,D,GR,FS,D
13:37:36,INDF,RG,6175,2,D,SQ,FS,D
13:37:36,INDF,RG,6175,70,D,KK,FS,D
13:37:36,INDF,RG,6175,1,D,KK,FS,D
13:37:36,INDF,RG,6175,74,F,ZP,FS,D
13:37:36,INDF,RG,6175,1,D,PD,FS,D
13:37:36,INDF,RG,6175,40,D,YU,FS,D
13:37:36,INDF,RG,6175,1,D,GR,FS,D
13:37:36,INDF,RG,6175,593,F,RX,FS,D
13:37:14,INDF,RG,6200,14,F,RX,FS,D
13:36:59,INDF,RG,6175,1,F,RX,OD,D
13:36:41,INDF,RG,6175,137,F,RX,YU,D
13:35:57,INDF,RG,6175,1,F,RX,OD,D
13:35:46,INDF,RG,6175,8,F,RX,DX,D
13:35:38,INDF,RG,6175,10,F,RX,BK,D
13:35:24,INDF,RG,6175,13,F,RX,BK,F
13:35:19,INDF,RG,6175,24,F,RX,BK,F
13:35:16,INDF,RG,6200,102,F,RX,FS,D
13:35:13,INDF,RG,6200,61,D,PD,FS,D
13:35:13,INDF,RG,6200,1,D,PD,NI,D
13:35:13,INDF,RG,6200,30,D,PD,PD,D
13:35:13,INDF,RG,6200,50,D,PD,NI,D
13:35:13,INDF,RG,6200,1,D,PD,CC,D
13:35:13,INDF,RG,6200,100,D,PD,PD,D
13:35:13,INDF,RG,6200,3,D,PD,YP,D
13:35:13,INDF,RG,6200,10,D,PD,LG,D
13:35:13,INDF,RG,6200,5,D,PD,DH,D
13:35:13,INDF,RG,6200,5,D,PD,CC,D
13:35:13,INDF,RG,6200,10,D,PD,CC,D
13:35:13,INDF,RG,6200,2,D,PD,YP,D
13:35:13,INDF,RG,6200,1,D,PD,XC,D
13:35:13,INDF,RG,6200,2,D,PD,PD,D
13:35:13,INDF,RG,6200,1,D,PD,PD,D
13:35:13,INDF,RG,6200,118,D,PD,FS,D
13:35:13,INDF,RG,6200,10,D,XC,FS,D
13:35:05,INDF,RG,6175,2,F,RX,DX,D
13:34:57,INDF,RG,6175,1,F,RX,OD,D
13:34:25,INDF,RG,6200,1,F,RX,FS,D
13:34:22,INDF,RG,6200,2,F,CS,FS,D
13:33:57,INDF,RG,6175,1,F,RX,OD,D
13:32:57,INDF,RG,6175,1,F,RX,OD,D
13:31:53,INDF,RG,6175,1,F,RX,OD,D
13:30:53,INDF,RG,6175,1,F,RX,OD,D
13:30:17,INDF,RG,6175,22,F,RX,AK,D
13:30:15,INDF,RG,6175,1,F,RX,OD,D
13:30:15,INDF,RG,6200,2,F,AK,FS,D
13:30:14,INDF,RG,6175,21,F,RX,DX,F
13:30:13,INDF,RG,6175,5,F,RX,YP,D
13:30:11,INDF,RG,6175,20,F,RX,XC,D
13:30:09,INDF,RG,6175,1,F,RX,CC,D
13:30:08,INDF,RG,6175,1,F,RX,KK,D
13:30:07,INDF,RG,6175,1,F,RX,PD,D
13:30:07,INDF,RG,6175,1,F,RX,PD,D
13:30:07,INDF,RG,6175,11,F,RX,XC,D
13:30:06,INDF,RG,6175,1,F,RX,PD,D
13:30:06,INDF,RG,6175,4,F,RX,PD,D
13:30:05,INDF,RG,6175,2,F,RX,PD,D
13:30:04,INDF,RG,6175,59,F,RX,YU,D
13:30:04,INDF,RG,6175,2,F,RX,DX,D
13:30:03,INDF,RG,6175,5,F,RX,LG,D
13:30:03,INDF,RG,6175,205,F,RX,CS,F
13:30:02,INDF,RG,6175,1,F,RX,AK,F
13:30:02,INDF,RG,6175,10,F,RX,XC,D
13:30:02,INDF,RG,6175,3,F,RX,DX,D
13:30:02,INDF,RG,6175,1,F,RX,BK,D
13:30:02,INDF,RG,6175,6,F,RX,AK,F
13:30:02,INDF,RG,6175,62,F,RX,YU,D
13:30:02,INDF,RG,6175,3,F,RX,LG,D
13:30:02,INDF,RG,6175,1,F,RX,YP,D
13:30:02,INDF,RG,6175,1,F,RX,XC,D
13:30:02,INDF,RG,6175,2,F,RX,YP,D
13:30:02,INDF,RG,6175,50,F,RX,YU,D
11:29:46,INDF,RG,6150,1,D,KK,AK,D
11:29:45,INDF,RG,6150,1,D,KK,AK,D
11:29:32,INDF,RG,6150,2,D,KK,DX,D
11:29:23,INDF,RG,6175,3,F,RX,YU,D
11:29:18,INDF,RG,6175,12,F,ZP,YU,D
11:29:18,INDF,RG,6175,13,F,ZP,YU,D
11:29:01,INDF,RG,6175,1,F,RX,YU,D
11:28:59,INDF,RG,6150,3,D,KK,BK,D
11:28:37,INDF,RG,6175,1,F,RX,YU,D
11:28:33,INDF,RG,6175,10,D,PD,YU,D
11:28:24,INDF,RG,6175,2,D,PD,YU,D
11:28:23,INDF,RG,6175,2,F,RX,YU,D
11:28:19,INDF,RG,6175,5,D,PD,YU,D
11:28:15,INDF,RG,6150,3,D,KK,AK,D
11:28:15,INDF,RG,6150,5,D,PD,AK,D
11:28:15,INDF,RG,6150,1,D,GR,AK,D
11:28:00,INDF,RG,6175,5,D,PD,YU,D
11:28:00,INDF,RG,6150,1,D,GR,AK,D
11:27:45,INDF,RG,6150,1,D,GR,AK,D
11:27:43,INDF,RG,6175,22,F,RX,YU,D
11:27:43,INDF,RG,6175,1,F,RX,PD,D
11:27:25,INDF,RG,6175,1,D,NI,AK,F
11:27:23,INDF,RG,6175,6,F,RX,AK,F
11:27:23,INDF,RG,6175,8,F,RX,AK,F
11:27:18,INDF,RG,6175,8,D,NI,AK,F
11:27:18,INDF,RG,6175,292,D,NI,FS,D
11:27:12,INDF,RG,6175,1,D,PD,FS,D
11:27:11,INDF,RG,6175,4,D,PD,FS,D
11:27:06,INDF,RG,6175,21,F,ZP,FS,D
11:27:01,INDF,RG,6175,1,F,RX,FS,D
11:26:59,INDF,RG,6150,2,D,GR,DX,D
11:26:59,INDF,RG,6150,1,D,NI,DX,D
11:26:53,INDF,RG,6175,4,D,PD,FS,D
11:26:52,INDF,RG,6175,8,D,XL,FS,D
11:26:48,INDF,RG,6175,5,F,RX,FS,D
11:26:45,INDF,RG,6150,5,D,NI,AK,D
11:26:40,INDF,RG,6175,1,D,XC,FS,D
11:26:35,INDF,RG,6175,1,F,CS,FS,D
11:26:32,INDF,RG,6175,24,D,YU,FS,D
11:26:30,INDF,RG,6150,1,D,NI,PD,D
11:26:30,INDF,RG,6175,2,D,PD,FS,D
11:26:16,INDF,RG,6150,6,D,NI,BK,D
11:26:15,INDF,RG,6150,2,D,NI,AK,D
11:26:00,INDF,RG,6175,1,F,AK,FS,D
11:25:52,INDF,RG,6175,1,F,RX,FS,D
11:25:21,INDF,RG,6175,10,D,LG,FS,D
11:25:20,INDF,RG,6175,46,F,RX,FS,D
11:25:17,INDF,RG,6175,20,F,ZP,FS,D
11:25:17,INDF,RG,6175,388,D,MG,FS,D
11:25:15,INDF,RG,6150,5,D,NI,AK,D
11:25:07,INDF,RG,6175,2,D,PD,FS,D
11:24:51,INDF,RG,6175,1,F,RX,FS,D
11:24:27,INDF,RG,6175,1,D,NI,FS,D
11:24:19,INDF,RG,6150,2,D,NI,DX,D
11:24:15,INDF,RG,6150,5,D,NI,AK,D
11:24:14,INDF,RG,6175,2,D,XC,FS,D
11:23:31,INDF,RG,6175,17,F,RX,FS,D
11:23:20,INDF,RG,6150,153,D,NI,YU,D
11:23:17,INDF,RG,6175,1,F,RX,FS,D
11:23:15,INDF,RG,6175,1,F,AK,FS,D
11:23:15,INDF,RG,6150,4,D,NI,AK,D
11:22:47,INDF,RG,6175,3,F,RX,FS,D
11:22:43,INDF,RG,6175,1,F,CS,FS,D
11:22:42,INDF,RG,6175,23,F,ZP,FS,D
11:22:20,INDF,RG,6175,1,F,RX,FS,D
11:22:09,INDF,RG,6150,7,D,NI,BK,D
11:21:54,INDF,RG,6175,1,D,YP,FS,D
11:21:46,INDF,RG,6150,3,D,NI,DX,D
11:21:44,INDF,RG,6175,5,D,PO,FS,D
11:21:30,INDF,RG,6175,2,F,RX,FS,D
11:21:09,INDF,RG,6150,4,D,NI,NI,D
11:20:55,INDF,RG,6175,10,D,CC,FS,D
11:20:53,INDF,RG,6175,1,D,XC,FS,D
11:20:50,INDF,RG,6175,1,F,RX,FS,D
11:20:22,INDF,RG,6175,4,F,ZP,FS,D
11:20:17,INDF,RG,6175,1,D,YP,FS,D
11:19:41,INDF,RG,6175,13,F,ZP,FS,D
11:19:32,INDF,RG,6175,1,F,RX,FS,D
11:19:30,INDF,RG,6175,4,F,RX,FS,D
11:19:30,INDF,RG,6175,1,F,AK,FS,D
11:19:29,INDF,RG,6175,1,F,RX,FS,D
11:19:28,INDF,RG,6175,18,D,KK,FS,D
11:19:25,INDF,RG,6175,4,D,PD,FS,D
11:19:19,INDF,RG,6175,1,F,RX,FS,D
11:19:17,INDF,RG,6150,2,D,NI,DX,D
11:19:11,INDF,RG,6175,5,F,RX,FS,D
11:19:08,INDF,RG,6175,20,D,LG,FS,D
11:18:59,INDF,RG,6175,1,D,XC,FS,D
11:18:39,INDF,RG,6175,1,F,CS,FS,D
11:18:09,INDF,RG,6175,1,D,YP,FS,D
11:18:07,INDF,RG,6175,3,F,RX,FS,D
11:18:04,INDF,RG,6175,9,D,LG,FS,D
11:17:58,INDF,RG,6175,3,F,RX,FS,D
11:17:53,INDF,RG,6175,6,D,XC,FS,D
11:17:53,INDF,RG,6175,1,D,XC,YP,D
11:17:53,INDF,RG,6175,2,D,XC,YU,D
11:17:52,INDF,RG,6175,6,D,KK,YU,D
11:17:48,INDF,RG,6175,6,F,RX,YU,D
11:17:37,INDF,RG,6175,24,F,ZP,YU,D
11:17:29,INDF,RG,6175,1,F,RX,YU,D
11:17:27,INDF,RG,6175,1,D,NI,YU,D
11:17:19,INDF,RG,6175,2,F,RX,YU,D
11:17:17,INDF,RG,6175,5,F,RX,YU,D
11:17:17,INDF,RG,6150,5,D,YP,BK,D
11:17:17,INDF,RG,6150,2,D,XC,BK,D
11:17:17,INDF,RG,6150,1,D,KK,BK,D
11:17:15,INDF,RG,6150,10,D,YP,AK,D
11:17:15,INDF,RG,6150,11,D,YP,AK,D
11:16:44,INDF,RG,6175,1,F,RX,YU,D
11:16:42,INDF,RG,6150,3,D,YP,DX,D
11:16:25,INDF,RG,6175,1,D,PD,YU,D
11:16:12,INDF,RG,6175,1,D,TF,YU,D
11:16:01,INDF,RG,6175,1,D,NI,YU,D
11:15:47,INDF,RG,6175,1,F,RX,YU,D
11:15:44,INDF,RG,6175,2,D,LG,YU,D
11:15:39,INDF,RG,6150,1,D,YP,PD,D
11:15:14,INDF,RG,6175,4,F,RX,YU,D
11:15:12,INDF,RG,6175,12,F,ZP,YU,D
11:15:12,INDF,RG,6175,2,F,ZP,BK,D
11:15:01,INDF,RG,6175,1,D,YP,AK,D
11:14:37,INDF,RG,6175,1,F,RX,AK,D
11:14:35,INDF,RG,6175,1,F,CS,AK,D
11:14:26,INDF,RG,6150,2,D,YP,XC,D
11:14:07,INDF,RG,6150,3,D,YP,DX,D
11:13:40,INDF,RG,6175,1,F,RX,AK,D
11:13:38,INDF,RG,6150,3,D,YP,LG,D
11:12:59,INDF,RG,6175,3,F,RX,AK,D
11:12:59,INDF,RG,6175,10,F,RX,AK,F
11:12:57,INDF,RG,6175,50,D,PD,AK,F
11:12:46,INDF,RG,6175,3,F,RX,AK,F
11:12:36,INDF,RG,6175,15,F,ZP,AK,F
11:12:32,INDF,RG,6175,50,F,RX,AK,F
11:12:25,INDF,RG,6175,13,D,YJ,BK,F
11:12:25,INDF,RG,6175,9,D,YJ,AK,F
11:12:25,INDF,RG,6175,19,D,YJ,DX,F
11:12:25,INDF,RG,6175,2,D,YJ,AK,F
11:12:25,INDF,RG,6175,157,D,YJ,BK,F
11:12:18,INDF,RG,6175,1,F,RX,BK,F
11:12:15,INDF,RG,6175,1,D,AT,BK,F
11:11:47,INDF,RG,6175,3,D,PD,BK,F
11:11:31,INDF,RG,6175,1,F,RX,BK,F
11:11:31,INDF,RG,6175,1,D,XC,BK,F
11:11:28,INDF,RG,6150,2,D,YP,DX,D
11:10:36,INDF,RG,6175,2,D,AG,BK,F
11:10:22,INDF,RG,6175,1,D,EP,BK,F
11:10:12,INDF,RG,6175,1,F,RX,BK,F
11:10:08,INDF,RG,6175,2,D,XC,BK,F
11:10:01,INDF,RG,6175,25,F,RX,BK,F
11:09:56,INDF,RG,6175,5,D,YP,BK,F
11:09:56,INDF,RG,6175,1,D,PD,BK,F
11:09:47,INDF,RG,6150,25,D,YP,BK,F
11:09:47,INDF,RG,6150,1,D,YP,BK,F
11:09:45,INDF,RG,6150,5,D,CC,YU,D
11:09:45,INDF,RG,6150,1,D,YP,YU,D
11:09:45,INDF,RG,6150,5,D,AT,YU,D
11:09:45,INDF,RG,6150,1,D,PD,YU,D
11:09:45,INDF,RG,6150,50,D,CC,YU,D
11:09:45,INDF,RG,6150,6,D,SQ,YU,D
11:09:42,INDF,RG,6150,2,D,SQ,BK,F
11:09:42,INDF,RG,6150,1,D,PD,BK,F
11:09:42,INDF,RG,6150,1,D,YP,BK,F
11:09:42,INDF,RG,6150,1,D,KK,BK,F
11:09:42,INDF,RG,6150,2,D,CC,BK,F
11:09:42,INDF,RG,6150,3,D,CC,BK,F
11:09:38,INDF,RG,6150,3,D,CC,BK,F
11:09:38,INDF,RG,6150,7,D,LG,BK,F
11:09:38,INDF,RG,6150,2,D,KK,BK,F
11:09:38,INDF,RG,6150,10,D,KK,BK,F
11:09:38,INDF,RG,6150,10,D,SQ,BK,F
11:09:35,INDF,RG,6175,24,F,RX,BK,F
11:09:35,INDF,RG,6175,2,F,RX,AK,F
11:09:33,INDF,RG,6175,6,F,RX,AK,F
11:09:33,INDF,RG,6175,1,F,RX,AK,F
11:09:33,INDF,RG,6175,5,F,RX,BK,D
11:09:33,INDF,RG,6150,10,D,GR,BK,F
11:09:33,INDF,RG,6150,10,D,PD,BK,F
11:09:33,INDF,RG,6150,1,D,PD,BK,F
11:09:33,INDF,RG,6150,1,D,PD,BK,F
11:09:33,INDF,RG,6150,5,D,PD,BK,F
11:09:33,INDF,RG,6150,1,D,PD,BK,F
11:09:33,INDF,RG,6150,1,D,PD,BK,F
11:09:33,INDF,RG,6150,80,D,SQ,BK,F
11:09:33,INDF,RG,6150,10,D,YP,BK,F
11:09:33,INDF,RG,6150,10,D,PD,BK,F
11:09:33,INDF,RG,6150,5,D,KK,BK,F
11:09:33,INDF,RG,6150,2,D,SQ,BK,F
11:09:33,INDF,RG,6150,10,D,CC,BK,F
11:09:33,INDF,RG,6150,5,D,YP,BK,F
11:09:33,INDF,RG,6150,1,D,TP,BK,F
11:09:32,INDF,RG,6150,35,D,TP,AK,F
11:09:31,INDF,RG,6175,57,F,RX,BK,F
11:09:31,INDF,RG,6175,6,F,RX,AK,F
11:09:31,INDF,RG,6175,1,D,YP,AK,F
11:09:31,INDF,RG,6175,5,D,DH,AK,F
11:09:31,INDF,RG,6175,1,D,LG,AK,F
11:09:31,INDF,RG,6175,1,D,PD,AK,F
11:09:31,INDF,RG,6175,1,F,AK,AK,F
11:09:31,INDF,RG,6175,88,F,RX,AK,F
11:09:30,INDF,RG,6175,41,F,RX,AK,F
11:09:30,INDF,RG,6175,29,F,ZP,AK,F
11:09:30,INDF,RG,6175,430,F,RX,AK,F
11:09:29,INDF,RG,6175,20,F,RX,YU,D
11:09:29,INDF,RG,6175,4,F,CC,YU,D
11:09:29,INDF,RG,6175,30,D,XC,YU,D
11:09:29,INDF,RG,6175,1,F,CS,YU,D
11:09:29,INDF,RG,6175,2,D,YP,YU,D
11:09:29,INDF,RG,6175,1,D,XC,YU,D
11:09:29,INDF,RG,6175,2,D,YP,YU,D
11:09:29,INDF,RG,6175,1,F,CS,YU,D
11:09:29,INDF,RG,6175,1,D,YP,YU,D
11:09:29,INDF,RG,6175,40,D,NI,YU,D
11:09:29,INDF,RG,6175,20,D,YP,YU,D
11:09:29,INDF,RG,6175,1,D,PD,YU,D
11:09:29,INDF,RG,6175,5,D,KK,YU,D
11:09:29,INDF,RG,6175,15,D,YP,YU,D
11:09:29,INDF,RG,6175,10,D,CC,YU,D
11:09:29,INDF,RG,6175,5,D,PD,YU,D
11:09:29,INDF,RG,6175,49,F,ZP,YU,D
11:09:29,INDF,RG,6175,2,D,DX,YU,D
11:08:50,INDF,RG,6175,2,D,XC,DX,D
11:08:36,INDF,RG,6175,4,D,XC,CC,D
11:08:36,INDF,RG,6175,1,D,YP,CC,D
11:08:36,INDF,RG,6175,8,D,HP,CC,D
11:08:36,INDF,RG,6175,1,D,YP,CC,D
11:08:36,INDF,RG,6175,2,D,YP,CC,D
11:08:36,INDF,RG,6175,1,D,PD,CC,D
11:07:39,INDF,RG,6175,1,D,PD,ZP,F
11:07:39,INDF,RG,6175,10,D,PD,ZP,F
11:07:39,INDF,RG,6175,3,D,NI,ZP,F
11:07:39,INDF,RG,6175,1,D,PD,ZP,F
11:07:39,INDF,RG,6175,64,F,ZP,ZP,F
11:07:39,INDF,RG,6175,1,F,AK,ZP,F
11:07:39,INDF,RG,6175,327,F,RX,ZP,F
11:07:27,INDF,RG,6175,19,F,RX,DX,F
11:07:24,INDF,RG,6175,10,F,RX,BK,D
11:07:04,INDF,RG,6175,17,F,RX,AK,D
11:07:03,INDF,RG,6175,77,F,RX,YP,D
11:07:03,INDF,RG,6175,5,F,CC,YP,D
11:07:03,INDF,RG,6175,27,D,YB,YP,D
11:06:34,INDF,RG,6175,3,D,YB,DR,D
11:06:34,INDF,RG,6175,1,D,KK,DR,D
11:06:16,INDF,RG,6175,2,D,KK,DX,D
11:05:15,INDF,RG,6200,1,F,AK,FS,D
11:04:41,INDF,RG,6175,1,D,KK,DR,D
11:04:06,INDF,RG,6175,1,D,KK,PD,D
11:04:06,INDF,RG,6200,1,D,NI,FS,D
11:03:47,INDF,RG,6175,1,D,NI,DX,D
11:03:47,INDF,RG,6175,2,D,XL,DX,D
11:02:55,INDF,RG,6200,1,D,EP,FS,D
11:01:45,INDF,RG,6175,6,D,XL,DH,D
11:01:45,INDF,RG,6175,2,D,NI,DH,D
11:01:45,INDF,RG,6175,1,F,CS,DH,D
11:01:45,INDF,RG,6175,1,D,XL,DH,D
11:01:31,INDF,RG,6175,7,D,XL,CC,D
11:01:18,INDF,RG,6175,1,D,PD,OD,D
11:01:18,INDF,RG,6175,2,D,PD,OD,D
11:01:18,INDF,RG,6175,1,D,CC,OD,D
11:01:10,INDF,RG,6175,1,D,PD,DX,D
11:01:10,INDF,RG,6175,1,D,PD,DX,D
11:01:10,INDF,RG,6175,1,D,NI,DX,D
11:00:30,INDF,RG,6175,2,D,PD,BS,D
11:00:14,INDF,RG,6175,3,D,PD,BK,D
11:00:14,INDF,RG,6175,1,D,YP,BK,D
11:00:14,INDF,RG,6175,6,D,YP,BK,D
11:00:13,INDF,RG,6200,2,D,PD,FS,D
10:59:25,INDF,RG,6175,14,D,YP,AK,D
10:59:24,INDF,RG,6200,27,D,SQ,FS,D
10:58:36,INDF,RG,6175,2,F,RX,DX,D
10:58:24,INDF,RG,6175,15,F,RX,DH,D
10:58:10,INDF,RG,6200,2,F,CS,FS,D
10:57:53,INDF,RG,6175,7,F,RX,XC,D
10:56:20,INDF,RG,6175,1,F,RX,XC,D
10:56:05,INDF,RG,6175,2,F,RX,DX,D
10:55:31,INDF,RG,6200,1,D,NI,FS,D
10:55:23,INDF,RG,6175,92,F,RX,ZP,F
10:55:23,INDF,RG,6175,50,D,DH,ZP,F
10:55:23,INDF,RG,6175,1,F,AK,ZP,F
10:55:23,INDF,RG,6175,36,F,ZP,ZP,F
10:55:23,INDF,RG,6175,113,F,RX,ZP,F
10:55:21,INDF,RG,6175,387,F,RX,AK,F
10:55:21,INDF,RG,6175,21,D,KK,AK,F
10:55:21,INDF,RG,6175,1,D,YP,AK,F
10:55:21,INDF,RG,6175,24,D,PD,AK,F
10:55:21,INDF,RG,6175,10,D,YP,AK,F
10:55:21,INDF,RG,6175,1,D,NI,AK,F
10:55:21,INDF,RG,6175,2,D,PD,AK,F
10:55:21,INDF,RG,6175,81,F,RX,AK,F
10:55:11,INDF,RG,6200,2,D,NI,FS,D
10:54:12,INDF,RG,6200,1,F,RX,FS,D
10:54:02,INDF,RG,6175,11,F,RX,BK,D
10:53:35,INDF,RG,6200,1,F,RX,FS,D
10:53:32,INDF,RG,6175,3,F,RX,DX,D
10:52:00,INDF,RG,6200,1,F,AK,FS,D
10:51:52,INDF,RG,6175,1,F,RX,XC,D
10:51:47,INDF,RG,6200,1,F,RX,FS,D
10:51:43,INDF,RG,6175,13,F,RX,DR,D
10:51:21,INDF,RG,6200,1,F,RX,FS,D
10:50:51,INDF,RG,6175,2,F,RX,DX,D
10:50:49,INDF,RG,6200,1,F,RX,FS,D
10:50:45,INDF,RG,6175,16,F,RX,AK,D
10:50:21,INDF,RG,6200,1,F,RX,FS,D
10:49:49,INDF,RG,6200,2,F,CS,FS,D
10:48:31,INDF,RG,6175,2,F,RX,XC,D
10:48:22,INDF,RG,6175,2,F,RX,DX,D
10:47:41,INDF,RG,6200,1,F,RX,FS,D
10:47:39,INDF,RG,6175,10,F,RX,BK,D
10:47:19,INDF,RG,6200,2,F,RX,FS,D
10:47:17,INDF,RG,6175,8,F,RX,TP,D
10:46:59,INDF,RG,6175,1,F,RX,YP,D
10:45:44,INDF,RG,6175,3,F,RX,DX,D
10:43:08,INDF,RG,6200,22,F,RX,FS,D
10:43:08,INDF,RG,6175,2,F,RX,DX,D
10:43:01,INDF,RG,6175,135,F,RX,DH,D
10:42:58,INDF,RG,6200,15,F,RX,FS,D
10:42:55,INDF,RG,6175,93,F,RX,BK,D
10:42:04,INDF,RG,6200,12,F,RX,FS,D
10:42:02,INDF,RG,6200,1,D,PD,FS,D
10:41:31,INDF,RG,6175,35,F,RX,PD,D
10:41:03,INDF,RG,6175,10,F,RX,BK,D
10:40:29,INDF,RG,6175,3,F,RX,DX,D
10:40:15,INDF,RG,6175,19,F,RX,DX,F
10:40:01,INDF,RG,6175,71,F,RX,AK,F
10:40:01,INDF,RG,6175,20,F,RX,AK,F
10:40:01,INDF,RG,6175,1,F,RX,AK,F
10:40:01,INDF,RG,6175,134,F,RX,YP,D
10:40:01,INDF,RG,6175,450,F,RX,YP,D
10:40:00,INDF,RG,6175,1,D,XC,YP,D
10:40:00,INDF,RG,6175,1,D,EP,YP,D
10:40:00,INDF,RG,6175,50,D,PD,YP,D
10:40:00,INDF,RG,6175,5,D,DR,YP,D
10:40:00,INDF,RG,6175,10,D,DR,YP,D
10:40:00,INDF,RG,6175,1,F,CC,YP,D
10:40:00,INDF,RG,6175,23,F,ZP,YP,D
10:40:00,INDF,RG,6175,1,F,CS,YP,D
10:40:00,INDF,RG,6175,434,F,RX,YP,D
10:39:45,INDF,RG,6175,16,F,RX,AK,D
10:38:10,INDF,RG,6175,1,D,OD,AK,F
10:38:10,INDF,RG,6175,5,D,YP,AK,F
10:38:10,INDF,RG,6175,35,D,OD,AK,F
10:38:10,INDF,RG,6175,5,D,YP,AK,F
10:38:10,INDF,RG,6175,1,D,PD,AK,F
10:38:10,INDF,RG,6175,27,F,ZP,AK,F
10:38:10,INDF,RG,6175,1,F,CS,AK,F
10:38:10,INDF,RG,6175,141,F,RX,AK,F
10:38:04,INDF,RG,6175,200,F,RX,CD,D
10:38:01,INDF,RG,6175,100,F,RX,PD,D
10:37:00,INDF,RG,6175,9,F,RX,BK,D
10:35:58,INDF,RG,6175,1,F,RX,DX,D
10:35:38,INDF,RG,6175,2,D,GR,DX,D
10:35:38,INDF,RG,6175,3,D,GR,AK,D
10:35:33,INDF,RG,6175,1,D,PD,AK,D
10:35:21,INDF,RG,6175,1,D,YP,AK,F
10:35:20,INDF,RG,6175,1,D,YP,PD,D
10:35:12,INDF,RG,6175,1,D,YP,AZ,D
10:35:12,INDF,RG,6175,2,D,YP,DX,D
10:35:10,INDF,RG,6175,1,D,SQ,YP,D
10:35:05,INDF,RG,6175,5,D,PD,YP,D
10:34:54,INDF,RG,6175,2,D,PD,YP,D
10:34:09,INDF,RG,6175,1,D,PD,YP,D
10:33:56,INDF,RG,6175,1,D,PD,YP,D
10:33:20,INDF,RG,6175,1,F,CS,YP,D
10:33:20,INDF,RG,6175,3,D,SQ,YP,D
10:33:20,INDF,RG,6175,1,D,YP,YP,D
10:33:20,INDF,RG,6175,5,D,YP,YP,D
10:32:46,INDF,RG,6175,5,D,YP,AK,F
10:32:44,INDF,RG,6175,5,D,CP,AK,F
10:32:38,INDF,RG,6175,5,D,CC,AK,F
10:32:35,INDF,RG,6175,1,D,XC,AK,F
10:32:16,INDF,RG,6175,1,D,XC,CC,D
10:32:04,INDF,RG,6175,1,D,PD,CC,D
10:32:02,INDF,RG,6175,3,D,YJ,CC,D
10:31:57,INDF,RG,6175,5,D,YJ,BK,D
10:31:57,INDF,RG,6175,25,D,YJ,CC,D
10:31:57,INDF,RG,6175,2,D,YJ,DX,D
10:31:57,INDF,RG,6175,9,D,YJ,YP,D
10:31:57,INDF,RG,6175,35,D,YJ,DX,F
10:31:49,INDF,RG,6175,13,D,YP,DX,F
10:31:45,INDF,RG,6150,5,D,TP,AK,D
10:31:02,INDF,RG,6175,5,D,LS,DX,F
10:30:20,INDF,RG,6150,2,D,TP,DX,D
10:30:19,INDF,RG,6175,2,D,XC,DX,F
10:29:27,INDF,RG,6175,1,D,PD,DX,F
10:28:26,INDF,RG,6175,32,F,ZP,AK,F
10:28:25,INDF,RG,6150,207,D,TP,BK,F
10:28:25,INDF,RG,6150,4,D,PD,BK,F
10:28:25,INDF,RG,6175,204,F,RX,BK,F
10:28:25,INDF,RG,6175,399,F,RX,BK,F
10:28:25,INDF,RG,6175,22,F,RX,AK,F
10:28:25,INDF,RG,6175,2,F,RX,AK,F
10:28:25,INDF,RG,6175,17,F,RX,BK,D
10:28:25,INDF,RG,6175,18,F,RX,AK,F
10:28:25,INDF,RG,6150,6,D,PD,AK,F
10:28:25,INDF,RG,6150,1,D,PD,AK,F
10:28:25,INDF,RG,6150,5,D,AT,AK,F
10:28:25,INDF,RG,6150,5,D,XC,AK,F
10:28:25,INDF,RG,6150,1,D,PD,AK,F
10:28:25,INDF,RG,6150,5,D,DH,AK,F
10:28:25,INDF,RG,6150,50,D,CP,AK,F
10:28:25,INDF,RG,6150,5,D,XL,AK,F
10:28:25,INDF,RG,6150,5,D,XC,AK,F
10:28:24,INDF,RG,6175,112,F,RX,AK,F
10:28:22,INDF,RG,6175,23,F,ZP,AK,F
10:28:22,INDF,RG,6175,91,F,ZP,AK,F
10:28:22,INDF,RG,6175,75,D,SQ,AK,F
10:28:22,INDF,RG,6175,1,D,XC,AK,F
10:28:22,INDF,RG,6175,1,D,XC,AK,F
10:28:22,INDF,RG,6175,1,D,SQ,AK,F
10:28:22,INDF,RG,6175,1,F,AK,AK,F
10:28:22,INDF,RG,6175,5,D,AI,AK,F
10:28:22,INDF,RG,6175,1,D,NI,AK,F
10:28:22,INDF,RG,6175,50,D,OD,AK,F
10:28:22,INDF,RG,6175,1,D,CC,AK,F
10:28:22,INDF,RG,6175,1,D,PD,AK,F
10:28:22,INDF,RG,6175,1,D,CC,AK,F
10:28:22,INDF,RG,6175,2,D,NI,AK,F
10:28:22,INDF,RG,6175,1,D,NI,AK,F
10:28:22,INDF,RG,6175,1,D,PD,AK,F
10:28:22,INDF,RG,6175,1,D,XC,AK,F
10:28:22,INDF,RG,6175,40,D,CC,AK,F
10:28:22,INDF,RG,6175,1,D,XC,AK,F
10:28:22,INDF,RG,6175,1,D,KK,AK,F
10:28:22,INDF,RG,6175,2,D,KK,AK,F
10:28:22,INDF,RG,6175,1,D,OD,AK,F
10:28:22,INDF,RG,6175,1,D,SQ,AK,F
10:28:22,INDF,RG,6175,1,F,AK,AK,F
10:28:22,INDF,RG,6175,10,D,YP,AK,F
10:28:22,INDF,RG,6175,1,D,PD,AK,F
10:28:22,INDF,RG,6175,10,D,CC,AK,F
10:28:22,INDF,RG,6175,1,D,YP,AK,F
10:28:22,INDF,RG,6175,8,D,KK,AK,F
10:28:22,INDF,RG,6175,1,D,YP,AK,F
10:28:22,INDF,RG,6175,1,D,PD,AK,F
10:28:22,INDF,RG,6175,10,D,IP,AK,F
10:28:22,INDF,RG,6175,2,D,PD,AK,F
10:28:22,INDF,RG,6175,1,D,PD,AK,F
10:28:22,INDF,RG,6175,3,D,CC,AK,F
10:28:22,INDF,RG,6175,1,D,AZ,AK,F
10:28:22,INDF,RG,6175,5,D,YP,AK,F
10:28:22,INDF,RG,6175,1,D,AT,AK,F
10:28:22,INDF,RG,6175,1,D,AT,AK,F
10:28:22,INDF,RG,6175,1,F,CC,AK,F
10:28:22,INDF,RG,6175,2,D,PD,AK,F
10:28:22,INDF,RG,6175,4,D,OD,AK,F
10:28:22,INDF,RG,6175,1,D,PD,AK,F
10:28:22,INDF,RG,6175,10,D,PD,AK,F
10:28:22,INDF,RG,6175,1,D,CC,AK,F
10:28:22,INDF,RG,6175,10,D,YB,AK,F
10:28:22,INDF,RG,6175,8,D,YP,AK,F
10:28:22,INDF,RG,6175,23,D,EP,AK,F
10:28:21,INDF,RG,6175,52,D,EP,FS,D
10:28:21,INDF,RG,6175,18,D,CC,FS,D
10:28:21,INDF,RG,6175,2,D,PD,FS,D
10:28:21,INDF,RG,6175,1,D,KK,FS,D
10:28:21,INDF,RG,6175,7,D,YP,FS,D
10:28:21,INDF,RG,6175,1,D,DH,FS,D
10:28:21,INDF,RG,6175,1,D,ZP,FS,D
10:28:21,INDF,RG,6175,1,D,PD,FS,D
10:28:21,INDF,RG,6175,3,D,PD,FS,D
10:28:21,INDF,RG,6175,3,D,PD,FS,D
10:28:21,INDF,RG,6175,7,D,YP,FS,D
10:28:21,INDF,RG,6175,10,D,KK,FS,D
10:28:21,INDF,RG,6175,1,D,DX,FS,D
10:28:21,INDF,RG,6175,10,D,PD,FS,D
10:28:21,INDF,RG,6175,10,D,DH,FS,D
10:28:21,INDF,RG,6175,4,D,AG,FS,D
10:28:21,INDF,RG,6175,2,D,NI,FS,D
10:28:21,INDF,RG,6175,2,D,XC,FS,D
10:28:21,INDF,RG,6175,1,D,YP,FS,D
10:28:21,INDF,RG,6175,1,D,NI,FS,D
10:28:21,INDF,RG,6175,1,D,PD,FS,D
10:28:21,INDF,RG,6175,2,D,AT,FS,D
10:28:21,INDF,RG,6175,1,D,DX,FS,D
10:28:21,INDF,RG,6175,1,D,PD,FS,D
10:28:21,INDF,RG,6175,3,D,XC,FS,D
10:28:21,INDF,RG,6175,1,D,XC,FS,D
10:28:21,INDF,RG,6175,1,D,YP,FS,D
10:28:21,INDF,RG,6175,1,D,PD,FS,D
10:28:21,INDF,RG,6175,1,D,SQ,FS,D
10:28:21,INDF,RG,6175,3,D,GR,FS,D
10:28:21,INDF,RG,6175,75,D,PD,FS,D
10:28:21,INDF,RG,6175,1,D,CC,FS,D
10:28:21,INDF,RG,6175,1,D,PD,FS,D
10:28:21,INDF,RG,6175,40,D,PD,FS,D
10:28:21,INDF,RG,6175,3,D,PD,FS,D
10:28:21,INDF,RG,6175,10,D,LG,FS,D
10:28:21,INDF,RG,6175,50,D,NI,FS,D
10:28:21,INDF,RG,6175,10,D,OD,FS,D
10:28:21,INDF,RG,6175,1,D,PD,FS,D
10:28:21,INDF,RG,6175,11,D,XC,FS,D
10:28:21,INDF,RG,6175,2,D,CC,FS,D
10:28:21,INDF,RG,6175,14,D,XC,FS,D
10:28:21,INDF,RG,6175,1,D,PD,FS,D
10:28:21,INDF,RG,6175,2,D,AT,FS,D
10:28:21,INDF,RG,6175,5,D,YP,FS,D
10:28:21,INDF,RG,6175,1,D,CC,FS,D
10:28:21,INDF,RG,6175,1,D,YP,FS,D
10:28:21,INDF,RG,6175,80,D,GR,FS,D
10:28:21,INDF,RG,6175,1,D,XC,FS,D
10:28:21,INDF,RG,6175,2,D,PD,FS,D
10:28:21,INDF,RG,6175,568,F,RX,FS,D
10:28:21,INDF,RG,6175,2,D,KK,FS,D
10:28:21,INDF,RG,6175,1,D,CC,FS,D
10:28:21,INDF,RG,6175,1,D,NI,FS,D
10:28:21,INDF,RG,6175,5,D,PD,FS,D
10:28:21,INDF,RG,6175,1,D,XC,FS,D
10:28:21,INDF,RG,6175,50,D,OD,FS,D
10:28:21,INDF,RG,6175,1,D,EP,FS,D
10:28:21,INDF,RG,6175,1,D,PD,FS,D
10:28:21,INDF,RG,6175,2,D,CC,FS,D
10:28:21,INDF,RG,6175,6,D,SQ,FS,D
10:28:21,INDF,RG,6175,2,D,GR,FS,D
10:28:21,INDF,RG,6175,50,D,DH,FS,D
10:28:21,INDF,RG,6175,2,D,PD,FS,D
10:28:21,INDF,RG,6175,2,D,PD,FS,D
10:28:21,INDF,RG,6175,1,D,CC,FS,D
10:28:21,INDF,RG,6175,3,D,PD,FS,D
10:28:21,INDF,RG,6175,275,D,CC,FS,D
10:28:21,INDF,RG,6175,1,D,XC,FS,D
10:28:21,INDF,RG,6175,1,D,PD,FS,D
10:28:21,INDF,RG,6175,1,D,PD,FS,D
10:28:21,INDF,RG,6175,3,D,YP,FS,D
10:28:21,INDF,RG,6175,4,D,XC,FS,D
10:28:21,INDF,RG,6175,3,D,KK,FS,D
10:28:21,INDF,RG,6175,6,D,DH,FS,D
10:28:21,INDF,RG,6175,10,D,DH,FS,D
10:28:21,INDF,RG,6175,5,D,PD,FS,D
10:28:21,INDF,RG,6175,4,D,XC,FS,D
10:28:21,INDF,RG,6175,1,D,NI,FS,D
10:28:21,INDF,RG,6175,1,D,DR,FS,D
10:28:21,INDF,RG,6175,1,D,DR,FS,D
10:28:21,INDF,RG,6175,4,D,NI,FS,D
10:28:21,INDF,RG,6175,31,F,ZP,FS,D
10:28:21,INDF,RG,6175,10,D,PD,FS,D
10:28:21,INDF,RG,6175,10,D,PD,FS,D
10:28:21,INDF,RG,6175,101,D,NI,FS,D
10:28:21,INDF,RG,6175,2,D,GR,FS,D
10:28:21,INDF,RG,6175,25,D,YB,FS,D
10:28:21,INDF,RG,6175,13,D,PD,FS,D
10:28:21,INDF,RG,6175,1,F,CS,FS,D
10:28:21,INDF,RG,6175,5,D,PD,FS,D
10:28:21,INDF,RG,6175,5,D,DH,FS,D
10:28:21,INDF,RG,6175,105,F,ZP,FS,D
10:28:21,INDF,RG,6175,1,D,CP,FS,D
10:28:21,INDF,RG,6175,1,D,XC,FS,D
10:28:21,INDF,RG,6175,1,D,YP,FS,D
10:28:21,INDF,RG,6175,10,D,YP,FS,D
10:28:21,INDF,RG,6175,3,F,ZP,FS,D
10:28:21,INDF,RG,6175,10,D,YP,FS,D
10:28:21,INDF,RG,6175,5,D,XA,FS,D
10:28:21,INDF,RG,6175,20,D,KK,FS,D
10:28:21,INDF,RG,6175,70,D,PD,FS,D
10:28:21,INDF,RG,6175,1,D,GR,FS,D
10:28:21,INDF,RG,6175,10,D,AZ,FS,D
10:28:21,INDF,RG,6175,1,D,PD,FS,D
10:28:21,INDF,RG,6175,30,D,NI,FS,D
10:28:21,INDF,RG,6175,5,D,YJ,FS,D
10:28:21,INDF,RG,6175,1,D,PD,FS,D
10:28:21,INDF,RG,6175,10,D,PD,FS,D
10:28:21,INDF,RG,6175,1,D,PD,FS,D
10:28:21,INDF,RG,6175,1,D,NI,FS,D
10:28:21,INDF,RG,6175,20,D,NI,FS,D
10:28:21,INDF,RG,6175,1,D,PD,FS,D
10:28:21,INDF,RG,6175,1,D,EP,FS,D
10:28:21,INDF,RG,6175,5,D,PD,FS,D
10:28:21,INDF,RG,6175,1,D,XC,FS,D
10:28:21,INDF,RG,6175,4,D,CC,FS,D
10:28:21,INDF,RG,6175,200,D,YP,FS,D
10:28:21,INDF,RG,6175,5,D,PD,FS,D
10:28:21,INDF,RG,6175,1,D,YP,FS,D
10:28:21,INDF,RG,6175,1,D,XC,FS,D
10:28:21,INDF,RG,6175,1,D,PD,FS,D
10:28:21,INDF,RG,6175,5,D,XC,FS,D
10:28:21,INDF,RG,6175,2,D,SQ,FS,D
10:28:21,INDF,RG,6175,1,D,YP,FS,D
10:28:21,INDF,RG,6175,5,D,GR,FS,D
10:28:21,INDF,RG,6175,48,D,YP,FS,D
10:28:21,INDF,RG,6175,30,D,SQ,FS,D
10:28:21,INDF,RG,6175,100,D,CC,FS,D
10:28:21,INDF,RG,6175,231,D,YJ,FS,D
10:28:21,INDF,RG,6175,5,D,YP,FS,D
10:28:21,INDF,RG,6175,1,D,PD,FS,D
10:28:21,INDF,RG,6175,2,D,ZP,FS,D
10:28:21,INDF,RG,6175,1,D,LG,FS,D
10:28:21,INDF,RG,6175,53,D,YJ,FS,D
10:28:21,INDF,RG,6175,2,D,PD,FS,D
10:28:21,INDF,RG,6175,32,D,IF,FS,D
10:28:21,INDF,RG,6175,1,D,DH,FS,D
10:28:21,INDF,RG,6175,100,D,YP,FS,D
10:28:21,INDF,RG,6175,1,D,XC,FS,D
10:28:21,INDF,RG,6175,5,D,CC,FS,D
10:28:21,INDF,RG,6175,1,D,PD,FS,D
10:28:21,INDF,RG,6175,1,D,NI,FS,D
10:28:21,INDF,RG,6175,5,D,NI,FS,D
10:28:21,INDF,RG,6175,1,D,PD,FS,D
10:28:21,INDF,RG,6175,10,D,LG,FS,D
10:28:21,INDF,RG,6175,93,D,YJ,FS,D
10:28:21,INDF,RG,6175,5,D,AI,FS,D
10:28:21,INDF,RG,6175,5,D,NI,FS,D
10:28:21,INDF,RG,6175,1,D,PD,FS,D
10:28:21,INDF,RG,6175,1,D,PD,FS,D
10:28:21,INDF,RG,6175,25,D,CC,FS,D
10:28:21,INDF,RG,6175,1,D,KK,FS,D
10:28:21,INDF,RG,6175,10,D,DR,FS,D
10:28:21,INDF,RG,6175,2,D,PD,FS,D
10:28:21,INDF,RG,6175,1,D,EP,FS,D
10:28:21,INDF,RG,6175,2,D,YP,FS,D
10:28:21,INDF,RG,6175,1,D,XC,FS,D
10:28:20,INDF,RG,6200,1,F,CS,FS,D
10:27:40,INDF,RG,6175,3,D,XC,DX,D
10:27:01,INDF,RG,6175,2,D,XC,CC,D
10:27:00,INDF,RG,6175,1,D,PD,AK,D
10:27:00,INDF,RG,6175,8,D,DH,AK,D
10:26:34,INDF,RG,6175,1,D,DH,LG,D
10:25:20,INDF,RG,6175,11,D,DH,GR,D
10:25:20,INDF,RG,6175,1,F,AK,GR,D
10:25:20,INDF,RG,6175,1,D,NI,GR,D
10:25:20,INDF,RG,6175,5,D,AT,GR,D
10:25:20,INDF,RG,6175,22,F,RX,GR,D
10:24:59,INDF,RG,6175,3,F,RX,DX,D
10:24:52,INDF,RG,6175,11,F,RX,BK,D
10:24:40,INDF,RG,6200,2,D,XC,FS,D
10:24:07,INDF,RG,6200,1,F,CS,FS,D
10:22:30,INDF,RG,6175,2,F,RX,DX,D
10:20:04,INDF,RG,6175,11,F,RX,BK,D
10:20:02,INDF,RG,6175,5,F,RX,XC,D
10:19:55,INDF,RG,6175,2,F,RX,DX,D
10:19:54,INDF,RG,6200,1,F,CS,FS,D
10:19:04,INDF,RG,6175,16,F,RX,PD,D
10:19:00,INDF,RG,6175,11,F,RX,AK,D
10:18:45,INDF,RG,6200,1,F,AK,FS,D
10:18:28,INDF,RG,6200,2,D,PD,FS,D
10:17:35,INDF,RG,6175,1,F,RX,XC,D
10:17:19,INDF,RG,6175,3,F,RX,DX,D
10:16:04,INDF,RG,6175,10,F,RX,BK,D
10:15:53,INDF,RG,6200,1,F,CS,FS,D
10:15:34,INDF,RG,6200,21,D,NI,FS,D
10:14:59,INDF,RG,6200,160,D,PD,FS,D
10:14:48,INDF,RG,6200,1,D,PD,FS,D
10:14:47,INDF,RG,6200,1,D,PD,FS,D
10:14:46,INDF,RG,6175,3,F,RX,DX,D
10:14:45,INDF,RG,6175,5,F,RX,AK,D
10:14:40,INDF,RG,6175,2,F,RX,GR,D
10:12:30,INDF,RG,6175,4,F,RX,AK,D
10:12:09,INDF,RG,6175,2,F,RX,DX,D
10:11:38,INDF,RG,6200,1,F,CS,FS,D
10:11:26,INDF,RG,6200,51,D,KK,FS,D
10:11:22,INDF,RG,6175,4,F,RX,YP,D
10:11:07,INDF,RG,6200,1,D,YP,FS,D
10:10:45,INDF,RG,6200,1,F,AK,FS,D
10:10:15,INDF,RG,6175,4,F,RX,AK,D
10:09:58,INDF,RG,6200,1,D,GR,FS,D
10:09:41,INDF,RG,6175,2,F,RX,DX,D
10:09:28,INDF,RG,6175,11,F,RX,BK,D
10:08:27,INDF,RG,6200,10,D,YB,FS,D
10:08:01,INDF,RG,6200,1,D,PD,FS,D
10:07:44,INDF,RG,6175,2,F,RX,PD,D
10:07:23,INDF,RG,6200,1,F,CS,FS,D
10:07:06,INDF,RG,6175,2,F,RX,DX,D
10:06:52,INDF,RG,6200,1,D,PD,FS,D
10:05:15,INDF,RG,6175,10,F,RX,AK,D
10:04:40,INDF,RG,6175,1,F,RX,DX,D
10:04:30,INDF,RG,6200,1,F,AK,FS,D
10:03:44,INDF,RG,6175,12,F,RX,BK,D
10:03:20,INDF,RG,6200,1,F,CS,FS,D
10:00:49,INDF,RG,6200,20,D,CC,FS,D
9:59:30,INDF,RG,6175,8,F,RX,AK,D
9:59:13,INDF,RG,6200,1,F,CS,FS,D
9:59:04,INDF,RG,6175,1,F,RX,PD,D
9:59:03,INDF,RG,6175,12,F,RX,BK,D
9:58:39,INDF,RG,6175,10,F,RX,CC,D
9:57:16,INDF,RG,6200,5,D,KK,FS,D
9:56:38,INDF,RG,6200,10,D,HP,FS,D
9:56:17,INDF,RG,6200,1,D,PD,FS,D
9:56:09,INDF,RG,6200,2,D,YP,FS,D
9:55:15,INDF,RG,6200,1,F,AK,FS,D
9:54:45,INDF,RG,6175,6,F,RX,AK,D
9:54:21,INDF,RG,6200,1,F,CS,FS,D
9:53:53,INDF,RG,6175,18,F,RX,AK,F
9:53:51,INDF,RG,6175,1,F,RX,NI,D
9:53:34,INDF,RG,6175,2,F,RX,PD,D
9:53:08,INDF,RG,6175,12,F,RX,BK,D
9:51:56,INDF,RG,6175,1,F,RX,XC,D
9:51:44,INDF,RG,6200,10,D,NI,FS,D
9:50:52,INDF,RG,6200,1,D,NI,FS,D
9:50:30,INDF,RG,6200,1,F,AK,FS,D
9:50:27,INDF,RG,6200,9,D,YP,FS,D
9:50:23,INDF,RG,6200,1,F,CS,FS,D
9:50:07,INDF,RG,6175,91,F,RX,PD,D
9:49:15,INDF,RG,6175,15,F,RX,AK,D
9:48:58,INDF,RG,6200,1,D,PD,FS,D
9:48:32,INDF,RG,6175,11,F,RX,BK,D
9:48:22,INDF,RG,6200,1,D,PD,FS,D
9:47:24,INDF,RG,6200,70,F,ZP,FS,D
9:46:42,INDF,RG,6200,1,F,CS,FS,D
9:45:30,INDF,RG,6200,8,D,PD,FS,D
9:45:00,INDF,RG,6200,1,F,AK,FS,D
9:44:56,INDF,RG,6200,2,D,PD,FS,D
9:44:14,INDF,RG,6200,5,D,NI,FS,D
9:44:08,INDF,RG,6200,40,D,YP,FS,D
9:43:34,INDF,RG,6175,11,F,RX,BK,D
9:42:45,INDF,RG,6200,1,F,CS,FS,D
9:42:23,INDF,RG,6200,3,D,KK,FS,D
9:42:15,INDF,RG,6175,5,F,RX,PD,D
9:42:10,INDF,RG,6200,5,D,PD,FS,D
9:40:50,INDF,RG,6200,1,D,AT,FS,D
9:40:26,INDF,RG,6200,5,D,KK,FS,D
9:40:20,INDF,RG,6200,1,D,CC,FS,D
9:40:14,INDF,RG,6175,100,F,RX,EP,D
9:39:31,INDF,RG,6175,11,F,RX,BK,D
9:39:19,INDF,RG,6175,7,F,RX,PD,D
9:39:07,INDF,RG,6200,5,D,NI,FS,D
9:38:40,INDF,RG,6200,1,D,KK,FS,D
9:38:29,INDF,RG,6200,7,D,PD,FS,D
9:37:50,INDF,RG,6175,97,F,RX,AK,F
9:37:43,INDF,RG,6200,10,D,NI,FS,D
9:37:42,INDF,RG,6200,5,D,XC,FS,D
9:37:35,INDF,RG,6200,5,D,PD,FS,D
9:37:30,INDF,RG,6200,1,F,AK,FS,D
9:37:18,INDF,RG,6200,1,D,XC,FS,D
9:37:16,INDF,RG,6200,5,D,PD,FS,D
9:37:04,INDF,RG,6200,1,D,PD,FS,D
9:37:04,INDF,RG,6200,1,D,PD,FS,D
9:37:04,INDF,RG,6200,100,D,EP,FS,D
9:37:04,INDF,RG,6200,20,D,YB,FS,D
9:37:04,INDF,RG,6200,1,D,XC,FS,D
9:37:04,INDF,RG,6200,10,D,NI,FS,D
9:37:04,INDF,RG,6200,5,F,ZP,FS,D
9:37:04,INDF,RG,6200,21,F,ZP,FS,D
9:37:04,INDF,RG,6200,99,D,YP,FS,D
9:36:09,INDF,RG,6200,1,D,YP,DH,D
9:36:09,INDF,RG,6200,1,F,CS,DH,D
9:36:09,INDF,RG,6200,3,D,CC,DH,D
9:35:40,INDF,RG,6200,1,D,CC,XC,D
9:35:40,INDF,RG,6200,1,D,PD,XC,D
9:35:19,INDF,RG,6200,4,D,PD,DX,D
9:35:19,INDF,RG,6200,2,D,PD,DX,D
9:35:19,INDF,RG,6200,2,D,NI,DX,D
9:35:19,INDF,RG,6200,1,F,CC,DX,D
9:35:06,INDF,RG,6200,2,F,ZP,PD,D
9:34:17,INDF,RG,6200,1,F,ZP,XC,D
9:34:17,INDF,RG,6200,1,F,CS,XC,D
9:33:21,INDF,RG,6200,20,D,YP,CC,D
9:32:53,INDF,RG,6225,16,D,SQ,SQ,D
9:32:49,INDF,RG,6200,5,D,YP,AK,D
9:32:49,INDF,RG,6200,2,D,YP,PD,D
9:32:49,INDF,RG,6200,2,D,YP,XC,D
9:32:49,INDF,RG,6200,1,D,YP,BQ,D
9:32:49,INDF,RG,6200,4,D,YP,PD,D
9:32:49,INDF,RG,6200,10,D,YP,PD,D
9:32:49,INDF,RG,6200,14,D,YP,AK,F
9:32:49,INDF,RG,6200,20,D,YP,NI,D
9:32:49,INDF,RG,6200,18,D,YP,DX,F
9:32:49,INDF,RG,6200,6,D,YP,AK,D
9:32:49,INDF,RG,6200,12,D,YP,BK,D
9:32:49,INDF,RG,6200,386,D,YP,AK,F
9:32:25,INDF,RG,6200,4,D,XC,AK,F
9:32:19,INDF,RG,6175,1,F,RX,PD,D
9:32:13,INDF,RG,6200,13,F,ZP,AK,F
9:32:09,INDF,RG,6200,4,D,CC,AK,F
9:31:53,INDF,RG,6200,1,D,CC,AK,F
9:31:15,INDF,RG,6200,1,F,AK,AK,F
9:31:00,INDF,RG,6175,11,F,RX,BK,D
9:30:47,INDF,RG,6200,5,D,XC,AK,F
9:30:24,INDF,RG,6200,9,F,ZP,AK,F
9:29:39,INDF,RG,6200,1,D,PD,AK,F
9:29:08,INDF,RG,6200,5,D,XC,AK,F
9:28:18,INDF,RG,6200,22,D,SQ,AK,F
9:28:18,INDF,RG,6200,7,D,SQ,AK,F
9:28:18,INDF,RG,6200,1,D,SQ,AK,F
9:28:18,INDF,RG,6200,70,D,SQ,FS,D
9:28:16,INDF,RG,6175,7,F,RX,PD,D
9:26:46,INDF,RG,6200,1,F,CS,FS,D
9:26:45,INDF,RG,6200,7,F,ZP,FS,D
9:26:45,INDF,RG,6200,17,F,ZP,FS,D
9:26:45,INDF,RG,6200,1,D,YP,FS,D
9:26:45,INDF,RG,6200,1,D,AT,FS,D
9:26:45,INDF,RG,6200,1,D,YP,FS,D
9:26:45,INDF,RG,6200,1,D,PD,FS,D
9:26:45,INDF,RG,6200,2,D,DX,FS,D
9:26:45,INDF,RG,6200,19,F,ZP,FS,D
9:26:45,INDF,RG,6200,1,F,CS,FS,D
9:26:45,INDF,RG,6200,379,D,YJ,FS,D
9:24:01,INDF,RG,6200,1,D,YJ,PD,D
9:23:32,INDF,RG,6225,1,D,NI,SQ,D
9:23:07,INDF,RG,6225,17,D,DR,SQ,D
9:23:07,INDF,RG,6225,1,D,DR,PD,D
9:23:07,INDF,RG,6225,2,D,DR,AZ,D
9:22:42,INDF,RG,6200,2,D,YJ,YP,D
9:22:38,INDF,RG,6200,20,D,YJ,YP,D
9:22:38,INDF,RG,6200,9,D,YJ,AK,D
9:22:38,INDF,RG,6200,10,D,YJ,AK,D
9:22:33,INDF,RG,6200,7,F,AK,SQ,D
9:22:33,INDF,RG,6200,1,F,AK,PD,D
9:22:33,INDF,RG,6200,1,F,AK,PD,D
9:22:33,INDF,RG,6200,35,F,AK,PD,D
9:22:33,INDF,RG,6200,1,F,AK,PD,D
9:22:33,INDF,RG,6200,1,F,AK,XC,D
9:22:33,INDF,RG,6200,1,F,AK,YP,D
9:22:33,INDF,RG,6200,1,F,AK,KK,D
9:22:33,INDF,RG,6200,2,F,AK,YP,D
9:22:33,INDF,RG,6200,1,F,AK,AK,F
9:22:33,INDF,RG,6200,5,F,AK,AK,D
9:22:33,INDF,RG,6200,10,F,AK,YP,D
9:22:33,INDF,RG,6200,3,F,AK,NI,D
9:22:33,INDF,RG,6200,40,F,AK,CP,D
9:22:33,INDF,RG,6200,2,F,AK,CC,D
9:22:33,INDF,RG,6200,1,F,AK,AK,F
9:22:33,INDF,RG,6200,5,F,AK,PD,D
9:22:33,INDF,RG,6200,10,F,AK,BK,D
9:22:33,INDF,RG,6200,231,F,AK,FS,D
9:22:12,INDF,RG,6200,9,F,ZP,FS,D
9:22:09,INDF,RG,6200,1,F,CS,FS,D
9:21:59,INDF,RG,6175,13,F,RX,DX,D
9:21:19,INDF,RG,6175,7,F,RX,PD,D
9:20:18,INDF,RG,6200,17,F,ZP,FS,D
9:19:53,INDF,RG,6200,5,D,KK,FS,D
9:19:36,INDF,RG,6200,10,D,PD,FS,D
9:18:23,INDF,RG,6175,10,F,RX,PD,D
9:18:21,INDF,RG,6200,60,F,ZP,FS,D
9:18:21,INDF,RG,6200,5,F,ZP,AK,D
9:18:21,INDF,RG,6200,19,F,ZP,DX,F
9:18:21,INDF,RG,6200,5,F,ZP,CC,D
9:18:21,INDF,RG,6200,18,F,ZP,AK,F
9:18:21,INDF,RG,6200,4,F,ZP,YP,D
9:18:19,INDF,RG,6200,1,F,CS,YP,D
9:18:15,INDF,RG,6200,4,D,YP,YP,D
9:17:45,INDF,RG,6200,1,D,DH,YP,D
9:16:55,INDF,RG,6200,3,D,KK,YP,D
9:16:54,INDF,RG,6175,7,F,RX,PD,D
9:16:11,INDF,RG,6200,4,D,KK,YP,D
9:16:06,INDF,RG,6200,1,D,XC,YP,D
9:14:41,INDF,RG,6200,5,D,NI,YP,D
9:14:33,INDF,RG,6200,4,D,NI,YP,D
9:14:14,INDF,RG,6200,25,D,NI,YP,D
9:14:13,INDF,RG,6200,1,D,PD,YP,D
9:14:05,INDF,RG,6200,5,D,XC,YP,D
9:13:38,INDF,RG,6175,9,F,RX,YP,D
9:13:28,INDF,RG,6200,32,D,NI,YP,D
9:13:28,INDF,RG,6200,7,D,NI,AK,D
9:13:28,INDF,RG,6200,6,D,NI,AK,D
9:13:28,INDF,RG,6200,10,D,NI,DX,D
9:13:28,INDF,RG,6200,295,D,NI,AK,F
9:13:16,INDF,RG,6200,2,D,XC,AK,F
9:12:20,INDF,RG,6175,13,F,RX,AK,F
9:12:19,INDF,RG,6175,4,D,PD,AK,F
9:12:19,INDF,RG,6175,5,D,PD,AK,F
9:12:19,INDF,RG,6175,3,D,PD,AK,F
9:12:19,INDF,RG,6175,50,D,NI,AK,F
9:12:19,INDF,RG,6175,5,F,ZP,AK,F
9:12:19,INDF,RG,6175,1,D,DX,AK,F
9:12:19,INDF,RG,6175,1,F,CS,AK,F
9:12:19,INDF,RG,6175,2,D,PD,AK,F
9:12:19,INDF,RG,6175,32,D,GR,AK,F
9:12:19,INDF,RG,6175,5,D,PD,AK,F
9:12:19,INDF,RG,6175,1,D,XC,AK,F
9:12:19,INDF,RG,6175,5,D,CC,AK,F
9:12:19,INDF,RG,6175,47,F,ZP,AK,F
9:12:19,INDF,RG,6175,1,F,AK,AK,F
9:12:19,INDF,RG,6175,3,D,CP,AK,F
9:12:19,INDF,RG,6175,2,D,CP,PD,D
9:12:19,INDF,RG,6175,1,F,ZP,PD,D
9:12:19,INDF,RG,6175,2,D,YP,PD,D
9:12:19,INDF,RG,6175,1,D,PD,PD,D
9:12:19,INDF,RG,6175,5,D,DR,PD,D
9:12:19,INDF,RG,6175,1,D,XC,PD,D
9:12:19,INDF,RG,6175,3,D,XC,PD,D
9:12:19,INDF,RG,6175,10,D,EP,PD,D
9:12:19,INDF,RG,6175,5,D,YP,PD,D
9:12:19,INDF,RG,6175,10,D,KK,PD,D
9:12:19,INDF,RG,6175,5,D,CC,PD,D
9:12:19,INDF,RG,6175,1,D,CC,PD,D
9:12:19,INDF,RG,6175,21,D,CC,PD,D
9:12:19,INDF,RG,6175,100,D,CC,PD,D
9:12:19,INDF,RG,6175,5,F,CC,PD,D
9:12:19,INDF,RG,6175,10,D,XC,PD,D
9:12:19,INDF,RG,6175,125,D,YJ,PD,D
9:12:19,INDF,RG,6175,20,D,PD,PD,D
9:12:19,INDF,RG,6175,3,F,AK,PD,D
9:12:19,INDF,RG,6175,5,D,KK,PD,D
9:12:19,INDF,RG,6175,1,D,DR,PD,D
9:12:19,INDF,RG,6175,250,D,DR,PD,D
9:12:19,INDF,RG,6175,1,D,NI,PD,D
9:12:19,INDF,RG,6175,150,D,NI,PD,D
9:12:19,INDF,RG,6175,10,D,YP,PD,D
9:12:19,INDF,RG,6175,172,D,YP,PD,D
9:11:30,INDF,RG,6175,1,D,YP,XC,D
9:11:23,INDF,RG,6175,27,D,YP,CC,D
9:11:23,INDF,RG,6175,10,D,YP,CC,D
9:11:23,INDF,RG,6175,1,D,NI,CC,D
9:11:23,INDF,RG,6175,46,D,YP,CC,D
9:11:19,INDF,RG,6175,4,D,YP,NI,D
9:11:19,INDF,RG,6175,1,D,YP,NI,D
9:11:02,INDF,RG,6175,3,D,YP,PD,D
9:11:02,INDF,RG,6175,1,D,YP,PD,D
9:11:02,INDF,RG,6175,1,D,XC,PD,D
9:10:52,INDF,RG,6200,1,D,NI,AK,F
9:10:24,INDF,RG,6200,17,F,ZP,AK,F
9:10:11,INDF,RG,6200,1,D,DX,AK,F
9:10:01,INDF,RG,6200,1,D,YP,AK,F
9:09:38,INDF,RG,6200,86,D,ZP,AK,F
9:09:38,INDF,RG,6200,14,D,ZP,PD,D
9:09:17,INDF,RG,6200,5,F,ZP,PD,D
9:09:17,INDF,RG,6200,6,F,ZP,AK,F
9:09:16,INDF,RG,6200,6,D,CC,AK,F
9:09:16,INDF,RG,6200,3,D,CC,DX,F
9:09:16,INDF,RG,6200,12,D,CC,BK,D
9:09:16,INDF,RG,6200,21,D,CC,AK,F
9:08:54,INDF,RG,6200,1,D,XC,AK,F
9:08:45,INDF,RG,6200,1,D,YP,AK,F
9:08:03,INDF,RG,6200,1,D,PD,AK,F
9:07:41,INDF,RG,6200,10,D,CC,AK,F
9:07:25,INDF,RG,6200,1,D,XC,AK,F
9:06:55,INDF,RG,6200,8,D,YP,AK,F
9:06:55,INDF,RG,6200,1,D,XC,AK,F
9:06:55,INDF,RG,6200,1,D,OD,AK,F
9:06:55,INDF,RG,6200,1,D,PD,AK,F
9:06:55,INDF,RG,6200,2,F,ZP,AK,F
9:06:55,INDF,RG,6200,1,F,CS,AK,F
9:06:55,INDF,RG,6200,2,D,XC,AK,F
9:06:55,INDF,RG,6200,1,F,ZP,AK,F
9:04:59,INDF,RG,6200,5,F,ZP,YP,D
9:04:48,INDF,RG,6200,12,F,ZP,DX,F
9:04:48,INDF,RG,6200,1,F,AK,DX,F
9:04:37,INDF,RG,6200,5,D,XC,AK,F
9:04:37,INDF,RG,6200,2,D,CD,AK,F
9:04:37,INDF,RG,6200,10,D,AZ,AK,F
9:04:37,INDF,RG,6200,10,D,DH,AK,F
9:04:37,INDF,RG,6200,10,D,PD,AK,F
9:04:37,INDF,RG,6200,10,D,CC,AK,F
9:04:37,INDF,RG,6200,9,D,DR,AK,F
9:04:37,INDF,RG,6200,1,F,CS,AK,F
9:04:37,INDF,RG,6200,12,F,ZP,AK,F
9:04:37,INDF,RG,6200,15,F,ZP,XC,D
9:04:23,INDF,RG,6200,3,F,ZP,YP,F
9:04:09,INDF,RG,6200,17,F,ZP,YP,D
9:04:09,INDF,RG,6200,9,D,CC,YP,D
9:03:53,INDF,RG,6225,1,D,CD,GR,D
9:02:15,INDF,RG,6225,1,D,LG,GR,D
9:01:23,INDF,RG,6200,1,D,CC,CC,D
9:01:15,INDF,RG,6200,26,F,AK,DX,F
9:01:15,INDF,RG,6200,41,F,AK,AK,F
9:01:15,INDF,RG,6200,11,F,AK,BK,D
9:01:15,INDF,RG,6200,1,F,AK,NI,D
9:01:15,INDF,RG,6200,209,F,AK,FS,D
9:01:14,INDF,RG,6200,8,D,CC,FS,D
9:00:46,INDF,RG,6175,5,D,PD,AK,D
9:00:46,INDF,RG,6175,10,D,PD,AK,D
9:00:46,INDF,RG,6175,1,D,PD,AK,D
9:00:46,INDF,RG,6175,1,D,PD,AK,D
9:00:46,INDF,RG,6175,5,D,PD,AK,D
9:00:46,INDF,RG,6175,5,D,PD,AK,D
9:00:46,INDF,RG,6175,1,D,XC,AK,D
9:00:46,INDF,RG,6175,2,D,XC,AK,D
9:00:46,INDF,RG,6175,10,D,EP,AK,D
9:00:46,INDF,RG,6175,5,D,XC,AK,D
9:00:31,INDF,RG,6200,1,D,CC,FS,D
9:00:31,INDF,RG,6200,1,F,CS,FS,D
9:00:31,INDF,RG,6200,40,D,YP,FS,D
9:00:31,INDF,RG,6200,5,D,KK,FS,D
9:00:31,INDF,RG,6200,10,D,YP,FS,D
9:00:31,INDF,RG,6200,10,D,PD,FS,D
9:00:31,INDF,RG,6200,21,D,GR,FS,D
9:00:22,INDF,RG,6200,9,D,GR,XC,D
9:00:22,INDF,RG,6200,1,D,DH,XC,D
9:00:22,INDF,RG,6200,2,D,NI,XC,D
8:55:00,INDF,RG,6200,2,D,NI,PD,D
8:55:00,INDF,RG,6200,1,D,NI,PD,D
8:55:00,INDF,RG,6200,2,D,NI,DX,F
8:55:00,INDF,RG,6200,3,D,NI,DX,F
8:55:00,INDF,RG,6200,1,D,NI,DX,F
8:55:00,INDF,RG,6200,3,D,NI,DX,F
8:55:00,INDF,RG,6200,5,D,CC,DX,F
8:55:00,INDF,RG,6200,1,D,PD,DX,F
8:55:00,INDF,RG,6200,1,D,PD,DX,F
8:55:00,INDF,RG,6200,1,D,PD,DX,F
8:55:00,INDF,RG,6200,1,D,PD,DX,F
8:55:00,INDF,RG,6200,2,D,PD,DX,F
8:55:00,INDF,RG,6200,16,D,ZP,DX,F
8:55:00,INDF,RG,6200,7,F,ZP,DX,F
8:55:00,INDF,RG,6200,2,F,ZP,BK,D
8:55:00,INDF,RG,6200,7,F,ZP,AK,D
8:55:00,INDF,RG,6200,13,F,ZP,AK,F
8:55:00,INDF,RG,6200,1,F,AK,AK,F