Time,Stock,Brd,Price,Qty,BT,BC,SC,ST
15:14:22,INDF,RG,6525,5,D,KK,YB,D
15:14:15,INDF,RG,6525,4,D,YP,YB,D
15:10:12,INDF,RG,6525,1,D,YB,YB,D
15:09:35,INDF,RG,6525,10,D,NI,YB,D
15:08:10,INDF,RG,6525,2,D,OD,YB,D
15:08:10,INDF,RG,6525,5,D,YP,YB,D
15:08:10,INDF,RG,6525,3,D,YP,YB,D
15:08:10,INDF,RG,6525,65,D,HD,YB,D
15:08:03,INDF,RG,6525,3,D,HD,NI,D
15:07:46,INDF,RG,6525,15,D,HD,PD,D
15:07:40,INDF,RG,6525,1,D,HD,DH,D
15:07:23,INDF,RG,6525,3,D,HD,DH,D
15:06:40,INDF,RG,6525,10,D,HD,YU,D
15:06:30,INDF,RG,6525,50,D,HD,YP,D
15:06:25,INDF,RG,6525,153,D,HD,RF,D
15:06:25,INDF,RG,6525,47,D,PD,RF,D
15:06:10,INDF,RG,6525,2,D,PD,PD,D
15:05:54,INDF,RG,6525,50,D,PD,PD,D
15:05:37,INDF,RG,6525,1,D,PD,YP,D
15:05:37,INDF,RG,6525,2,D,XC,YP,D
15:05:37,INDF,RG,6525,10,D,PD,YP,D
15:05:37,INDF,RG,6525,11,D,YP,YP,D
15:05:36,INDF,RG,6525,25,D,YP,PD,D
15:05:31,INDF,RG,6525,15,D,YP,CC,D
15:05:26,INDF,RG,6525,2,D,YP,YB,D
15:05:23,INDF,RG,6525,8,D,YP,CC,D
15:05:04,INDF,RG,6525,16,D,YP,YP,D
15:05:02,INDF,RG,6525,2,D,YP,XC,D
15:05:01,INDF,RG,6525,1,D,YP,PD,D
15:05:01,INDF,RG,6525,10,D,YP,PD,D
15:05:01,INDF,RG,6525,3,D,YP,PD,D
15:05:01,INDF,RG,6525,20,D,YP,PD,D
15:05:01,INDF,RG,6525,1,D,YP,PD,D
15:05:01,INDF,RG,6525,1,D,YP,XC,D
15:05:00,INDF,RG,6525,5,D,YP,PD,D
15:05:00,INDF,RG,6525,5,D,YP,DR,D
15:00:00,INDF,RG,6525,75,D,YP,CS,F
15:00:00,INDF,RG,6525,1,D,PD,CS,F
15:00:00,INDF,RG,6525,10,D,DH,CS,F
15:00:00,INDF,RG,6525,8,D,AT,CS,F
15:00:00,INDF,RG,6525,30,D,CC,CS,F
15:00:00,INDF,RG,6525,133,D,YB,CS,F
15:00:00,INDF,RG,6525,67,D,YB,CS,F
15:00:00,INDF,RG,6525,1,D,KK,CS,F
15:00:00,INDF,RG,6525,3,D,YP,CS,F
15:00:00,INDF,RG,6525,5,D,PD,CS,F
15:00:00,INDF,RG,6525,1,D,PD,CS,F
15:00:00,INDF,RG,6525,5,D,PD,CS,F
15:00:00,INDF,RG,6525,1,D,PD,CS,F
15:00:00,INDF,RG,6525,2,D,PD,CS,F
15:00:00,INDF,RG,6525,1,D,XL,CS,F
15:00:00,INDF,RG,6525,4,D,PD,CS,F
15:00:00,INDF,RG,6525,1,D,CC,CS,F
15:00:00,INDF,RG,6525,1,D,XC,CS,F
15:00:00,INDF,RG,6525,1,D,DR,CS,F
15:00:00,INDF,RG,6525,1,D,PD,CS,F
15:00:00,INDF,RG,6525,4,D,MG,CS,F
15:00:00,INDF,RG,6525,5,D,SQ,CS,F
15:00:00,INDF,RG,6525,3,D,YP,CS,F
15:00:00,INDF,RG,6525,9,D,YP,CS,F
15:00:00,INDF,RG,6525,2,D,XC,CS,F
15:00:00,INDF,RG,6525,1,D,XC,CS,F
15:00:00,INDF,RG,6525,3,D,YP,CS,F
15:00:00,INDF,RG,6525,3,D,YP,CS,F
15:00:00,INDF,RG,6525,3,D,YP,CS,F
15:00:00,INDF,RG,6525,12,D,XL,CS,F
15:00:00,INDF,RG,6525,2,D,XC,CS,F
15:00:00,INDF,RG,6525,7,D,YP,CS,F
15:00:00,INDF,RG,6525,21,F,ZP,CS,F
15:00:00,INDF,RG,6525,437,F,BK,CS,F
15:00:00,INDF,RG,6525,5,F,DX,CS,F
15:00:00,INDF,RG,6525,19,D,PD,CS,F
15:00:00,INDF,RG,6525,99,D,BB,CS,F
15:00:00,INDF,RG,6525,50,D,BB,CS,F
15:00:00,INDF,RG,6525,197,D,BB,CS,F
15:00:00,INDF,RG,6525,288,F,ZP,CS,F
15:00:00,INDF,RG,6525,2,F,ZP,CS,F
15:00:00,INDF,RG,6525,5,D,CC,CS,F
15:00:00,INDF,RG,6525,2,F,YU,CS,F
15:00:00,INDF,RG,6525,285,D,YU,CS,F
15:00:00,INDF,RG,6525,58,D,YU,CS,F
15:00:00,INDF,RG,6525,721,D,YU,CS,F
15:00:00,INDF,RG,6525,779,D,YU,CS,F
15:00:00,INDF,RG,6525,779,D,YU,CS,F
15:00:00,INDF,RG,6525,5,D,YU,DH,D
15:00:00,INDF,RG,6525,5,D,YU,AI,D
15:00:00,INDF,RG,6525,10,D,YU,GR,D
15:00:00,INDF,RG,6525,15,D,YU,CC,D
15:00:00,INDF,RG,6525,10,D,YU,YP,D
15:00:00,INDF,RG,6525,10,D,YU,PD,D
15:00:00,INDF,RG,6525,9,D,YU,DR,D
15:00:00,INDF,RG,6525,5,D,YU,XA,D
15:00:00,INDF,RG,6525,1,D,YU,YP,D
15:00:00,INDF,RG,6525,1,D,YU,XC,D
15:00:00,INDF,RG,6525,1,D,YU,LG,D
15:00:00,INDF,RG,6525,1,D,YU,YP,D
15:00:00,INDF,RG,6525,2,D,YU,XC,D
15:00:00,INDF,RG,6525,49,D,YU,YP,D
15:00:00,INDF,RG,6525,10,D,YU,CC,D
15:00:00,INDF,RG,6525,3,D,YU,OD,D
15:00:00,INDF,RG,6525,582,D,YU,LG,D
15:00:00,INDF,RG,6525,116,D,OD,LG,D
15:00:00,INDF,RG,6525,302,D,OD,LG,D
15:00:00,INDF,RG,6525,2,D,OD,YP,D
15:00:00,INDF,RG,6525,1,D,OD,LG,D
15:00:00,INDF,RG,6525,8,D,OD,PC,D
15:00:00,INDF,RG,6525,8,D,OD,EP,D
15:00:00,INDF,RG,6525,25,D,OD,YP,D
15:00:00,INDF,RG,6525,10,D,OD,CC,D
15:00:00,INDF,RG,6525,42,D,OD,EP,D
15:00:00,INDF,RG,6525,10,D,OD,CC,D
15:00:00,INDF,RG,6525,1,D,OD,HP,D
15:00:00,INDF,RG,6525,7,D,OD,CC,D
15:00:00,INDF,RG,6525,10,D,OD,OD,D
15:00:00,INDF,RG,6525,13,D,OD,YP,D
15:00:00,INDF,RG,6525,156,D,OD,YP,D
15:00:00,INDF,RG,6525,71,D,OD,YP,D
15:00:00,INDF,RG,6525,10,D,OD,CC,D
15:00:00,INDF,RG,6525,152,D,OD,BK,F
15:00:00,INDF,RG,6525,385,D,OD,BK,F
15:00:00,INDF,RG,6525,19,D,OD,YP,D
15:00:00,INDF,RG,6525,29,D,OD,BK,F
15:00:00,INDF,RG,6525,1,D,OD,ZP,F
15:00:00,INDF,RG,6525,354,D,OD,DX,F
15:00:00,INDF,RG,6525,301,D,OD,DX,F
15:00:00,INDF,RG,6525,162,D,KZ,DX,F
15:00:00,INDF,RG,6525,5,F,KZ,DX,F
15:00:00,INDF,RG,6525,62,F,KZ,ZP,F
15:00:00,INDF,RG,6525,92,F,KZ,BK,F
15:00:00,INDF,RG,6525,137,D,KZ,BK,F
15:00:00,INDF,RG,6525,231,D,KZ,BK,F
15:00:00,INDF,RG,6525,67,D,LG,BK,F
15:00:00,INDF,RG,6525,473,D,LG,BK,F
15:00:00,INDF,RG,6525,18,D,LG,OD,D
15:00:00,INDF,RG,6525,344,D,LG,DX,F
15:00:00,INDF,RG,6525,870,D,LG,RX,F
15:00:00,INDF,RG,6525,1291,D,LG,RX,F
15:00:00,INDF,RG,6525,120,D,LG,AK,F
15:00:00,INDF,RG,6525,4,D,LG,AK,F
15:00:00,INDF,RG,6525,248,D,LG,AK,F
15:00:00,INDF,RG,6525,7,D,LG,AK,F
14:49:56,INDF,RG,6525,1,F,ZP,ZP,F
14:49:55,INDF,RG,6500,3,D,OD,AK,F
14:49:55,INDF,RG,6500,1,D,OD,AK,F
14:49:55,INDF,RG,6500,1,D,OD,AK,F
14:49:54,INDF,RG,6500,1,D,OD,ZP,F
14:49:50,INDF,RG,6500,3,D,OD,ZP,F
14:49:49,INDF,RG,6500,6,D,OD,AK,F
14:49:49,INDF,RG,6525,1,F,ZP,AK,F
14:49:45,INDF,RG,6550,7,D,NI,CC,D
14:49:45,INDF,RG,6525,3,D,YP,AK,F
14:49:45,INDF,RG,6525,1,F,ZP,AK,F
14:49:30,INDF,RG,6550,47,F,ZP,CC,D
14:49:30,INDF,RG,6550,8,F,BK,CC,D
14:49:28,INDF,RG,6550,23,D,KZ,CC,D
14:49:28,INDF,RG,6550,5,D,KZ,XC,D
14:49:28,INDF,RG,6550,10,D,KZ,YP,D
14:49:28,INDF,RG,6550,3,D,KZ,CC,D
14:49:28,INDF,RG,6550,16,D,KZ,XL,D
14:49:28,INDF,RG,6550,16,D,KZ,GR,D
14:49:24,INDF,RG,6550,1,F,ZP,GR,D
14:49:24,INDF,RG,6525,29,D,KZ,CC,F
14:49:24,INDF,RG,6525,13,D,KZ,DX,F
14:49:24,INDF,RG,6525,4,D,KZ,BK,F
14:49:24,INDF,RG,6525,5,D,KZ,ZP,F
14:49:24,INDF,RG,6525,110,D,KZ,CS,F
14:49:23,INDF,RG,6525,4,F,ZP,CS,F
14:49:22,INDF,RG,6500,6,D,OD,ZP,F
14:49:21,INDF,RG,6500,1,D,OD,PD,D
14:49:18,INDF,RG,6525,1,D,AZ,CS,F
14:49:12,INDF,RG,6500,13,D,OD,BK,F
14:49:06,INDF,RG,6550,12,F,BK,GR,D
14:49:05,INDF,RG,6500,25,D,OD,BK,F
14:49:03,INDF,RG,6550,27,F,BK,GR,D
14:49:02,INDF,RG,6550,22,F,ZP,GR,D
14:49:01,INDF,RG,6550,1,D,MG,GR,D
14:49:00,INDF,RG,6500,4,D,OD,BK,F
14:49:00,INDF,RG,6550,21,F,ZP,GR,D
14:49:00,INDF,RG,6550,2,F,ZP,YP,D
14:49:00,INDF,RG,6550,1,F,AK,YP,D
14:48:59,INDF,RG,6500,15,D,OD,SQ,D
14:48:58,INDF,RG,6550,2,D,KZ,YP,D
14:48:58,INDF,RG,6550,2,D,KZ,YP,D
14:48:58,INDF,RG,6550,2,D,KZ,DH,D
14:48:58,INDF,RG,6550,1,D,KZ,PD,D
14:48:58,INDF,RG,6550,4,D,KZ,XC,D
14:48:58,INDF,RG,6550,1,D,KZ,KK,D
14:48:58,INDF,RG,6550,10,D,KZ,YP,D
14:48:58,INDF,RG,6550,1,D,KZ,PD,D
14:48:58,INDF,RG,6550,6,D,KZ,PD,D
14:48:58,INDF,RG,6550,3,D,KZ,ID,D
14:48:58,INDF,RG,6550,6,D,KZ,ID,D
14:48:58,INDF,RG,6550,1,D,KZ,ID,D
14:48:58,INDF,RG,6550,1,D,KZ,GR,D
14:48:58,INDF,RG,6550,2,D,KZ,YP,D
14:48:56,INDF,RG,6550,1,D,NI,YP,D
14:48:53,INDF,RG,6550,2,F,ZP,YP,D
14:48:52,INDF,RG,6550,8,F,ZP,YP,D
14:48:52,INDF,RG,6550,3,D,KZ,YP,D
14:48:52,INDF,RG,6550,2,D,KZ,YP,D
14:48:52,INDF,RG,6550,25,D,KZ,YP,D
14:48:52,INDF,RG,6550,1,D,KZ,NI,D
14:48:52,INDF,RG,6550,426,D,KZ,YP,D
14:48:47,INDF,RG,6550,14,F,BK,YP,D
14:48:36,INDF,RG,6550,10,F,BK,YP,D
14:48:36,INDF,RG,6550,3,F,BK,YP,D
14:48:33,INDF,RG,6550,5,F,ZP,YP,D
14:48:33,INDF,RG,6550,2,F,ZP,NI,D
14:48:33,INDF,RG,6550,15,F,ZP,CC,D
14:48:33,INDF,RG,6550,10,F,ZP,YP,D
14:48:29,INDF,RG,6500,1,D,OD,NI,D
14:48:29,INDF,RG,6550,80,D,GR,YP,D
14:48:29,INDF,RG,6550,30,D,GR,OD,D
14:48:29,INDF,RG,6550,16,D,GR,NI,D
14:48:29,INDF,RG,6550,1,D,GR,KK,D
14:48:29,INDF,RG,6550,300,D,GR,YP,D
14:48:29,INDF,RG,6550,1,D,GR,XC,D
14:48:29,INDF,RG,6550,50,D,GR,KK,D
14:48:29,INDF,RG,6550,10,D,GR,GR,D
14:48:29,INDF,RG,6550,100,D,GR,YP,D
14:48:29,INDF,RG,6550,1,D,GR,PD,D
14:48:29,INDF,RG,6550,5,D,GR,AT,D
14:48:29,INDF,RG,6550,10,D,GR,XC,D
14:48:29,INDF,RG,6550,2,D,GR,CC,D
14:48:29,INDF,RG,6550,65,D,GR,SQ,D
14:48:29,INDF,RG,6550,3,D,GR,IF,D
14:48:29,INDF,RG,6550,3,D,GR,XL,D
14:48:29,INDF,RG,6550,3,D,GR,PD,D
14:48:29,INDF,RG,6550,1,D,GR,NI,D
14:48:29,INDF,RG,6550,20,D,GR,CC,D
14:48:29,INDF,RG,6525,12,D,GR,AK,F
14:48:29,INDF,RG,6525,15,D,GR,BK,F
14:48:29,INDF,RG,6525,10,D,GR,YP,D
14:48:29,INDF,RG,6525,411,D,GR,SQ,D
14:48:29,INDF,RG,6525,1,D,GR,EP,D
14:48:29,INDF,RG,6525,30,D,GR,DX,D
14:48:29,INDF,RG,6525,40,D,GR,BK,F
14:48:29,INDF,RG,6525,7,D,GR,ZP,F
14:48:29,INDF,RG,6525,5,D,GR,CC,D
14:48:29,INDF,RG,6525,1,D,GR,NI,D
14:48:29,INDF,RG,6525,10,D,GR,BK,F
14:48:29,INDF,RG,6525,1,D,GR,AK,F
14:48:29,INDF,RG,6525,500,D,GR,SQ,D
14:48:29,INDF,RG,6525,22,D,GR,AK,F
14:48:29,INDF,RG,6525,10,D,GR,BK,F
14:48:29,INDF,RG,6525,5,D,GR,YP,D
14:48:29,INDF,RG,6525,10,D,GR,OD,D
14:48:29,INDF,RG,6525,17,D,GR,BK,F
14:48:29,INDF,RG,6525,50,D,GR,PD,D
14:48:29,INDF,RG,6525,1,D,GR,OD,F
14:48:29,INDF,RG,6525,9,D,GR,BK,F
14:48:29,INDF,RG,6525,5,D,GR,DH,D
14:48:29,INDF,RG,6525,100,D,GR,EP,D
14:48:29,INDF,RG,6525,173,D,GR,BK,F
14:48:28,INDF,RG,6525,107,D,KZ,BK,F
14:48:28,INDF,RG,6525,9,D,KZ,YP,D
14:48:28,INDF,RG,6525,6,D,KZ,YU,D
14:48:25,INDF,RG,6525,4,F,EP,YU,D
14:48:25,INDF,RG,6525,117,F,EP,CS,F
14:48:25,INDF,RG,6525,1,F,EP,PD,D
14:48:25,INDF,RG,6525,25,F,EP,PD,D
14:48:25,INDF,RG,6525,40,F,EP,YP,D
14:48:25,INDF,RG,6525,13,F,EP,YP,D
14:48:23,INDF,RG,6500,12,D,OD,BK,F
14:48:17,INDF,RG,6525,12,F,BK,YP,D
14:48:16,INDF,RG,6525,12,D,PD,YP,D
14:48:13,INDF,RG,6525,3,D,KZ,YP,D
14:48:12,INDF,RG,6500,12,D,OD,BK,F
14:48:09,INDF,RG,6525,5,D,PD,YP,D
14:48:03,INDF,RG,6525,27,D,KZ,YP,D
14:48:03,INDF,RG,6525,17,D,KZ,ZP,F
14:48:03,INDF,RG,6525,31,D,KZ,YP,D
14:47:59,INDF,RG,6525,21,F,ZP,YP,D
14:47:56,INDF,RG,6500,4,D,OD,ZP,F
14:47:56,INDF,RG,6525,14,F,BK,YP,D
14:47:50,INDF,RG,6500,5,D,OD,OD,D
14:47:47,INDF,RG,6500,13,D,OD,BK,F
14:47:46,INDF,RG,6525,13,F,BK,YP,D
14:47:46,INDF,RG,6500,10,D,OD,YP,D
14:47:39,INDF,RG,6525,1,D,PC,YP,D
14:47:37,INDF,RG,6500,7,D,OD,ZP,F
14:47:25,INDF,RG,6525,12,F,BK,YP,D
14:47:18,INDF,RG,6525,3,F,ZP,YP,D
14:47:04,INDF,RG,6525,5,F,BK,YP,D
14:47:04,INDF,RG,6525,9,F,BK,AK,F
14:47:00,INDF,RG,6500,2,D,OD,NI,D
14:47:00,INDF,RG,6525,21,F,ZP,AK,F
14:46:59,INDF,RG,6525,5,D,YP,AK,F
14:46:59,INDF,RG,6525,8,D,YP,BK,F
14:46:53,INDF,RG,6525,11,D,KZ,BK,F
14:46:53,INDF,RG,6525,16,D,KZ,BK,F
14:46:51,INDF,RG,6500,1,D,OD,NI,D
14:46:50,INDF,RG,6525,12,F,BK,BK,F
14:46:48,INDF,RG,6525,1,D,KK,BK,F
14:46:43,INDF,RG,6500,12,D,OD,BK,F
14:46:41,INDF,RG,6525,13,F,BK,BK,F
14:46:40,INDF,RG,6525,10,D,YP,BK,F
14:46:40,INDF,RG,6525,6,D,YP,BK,F
14:46:38,INDF,RG,6525,63,D,KZ,BK,F
14:46:38,INDF,RG,6525,9,D,KZ,XC,D
14:46:32,INDF,RG,6525,2,D,OD,XC,D
14:46:24,INDF,RG,6500,2,D,OD,YP,D
14:46:20,INDF,RG,6500,13,D,OD,BK,F
14:46:18,INDF,RG,6525,9,F,BK,XC,D
14:46:18,INDF,RG,6525,2,F,BK,SQ,D
14:46:18,INDF,RG,6525,3,F,BK,LG,D
14:46:16,INDF,RG,6500,50,D,OD,EP,D
14:46:16,INDF,RG,6500,1,D,OD,SQ,D
14:46:16,INDF,RG,6525,10,D,PD,LG,D
14:46:04,INDF,RG,6500,1,D,OD,SQ,D
14:46:01,INDF,RG,6525,12,F,BK,LG,D
14:46:00,INDF,RG,6525,1,F,AK,LG,D
14:46:00,INDF,RG,6525,22,F,ZP,LG,D
14:45:49,INDF,RG,6525,13,F,BK,LG,D
14:45:49,INDF,RG,6525,2,D,CC,LG,D
14:45:49,INDF,RG,6525,3,F,ZP,LG,D
14:45:48,INDF,RG,6525,1,D,KZ,LG,D
14:45:40,INDF,RG,6525,1,D,NI,LG,D
14:45:40,INDF,RG,6525,1,D,NI,BK,F
14:45:38,INDF,RG,6525,2,D,KZ,BK,F
14:45:34,INDF,RG,6525,4,D,YB,BK,F
14:45:31,INDF,RG,6525,66,D,KZ,BK,F
14:45:31,INDF,RG,6525,1,D,KZ,AK,F
14:45:31,INDF,RG,6525,274,D,KZ,BK,F
14:45:31,INDF,RG,6525,1,D,KZ,NI,D
14:45:31,INDF,RG,6525,1,D,KZ,BK,F
14:45:31,INDF,RG,6525,1,D,KZ,NI,D
14:45:31,INDF,RG,6525,50,D,KZ,PD,D
14:45:31,INDF,RG,6525,1,D,KZ,YP,D
14:45:31,INDF,RG,6525,10,D,KZ,YP,D
14:45:31,INDF,RG,6525,300,D,KZ,KK,D
14:45:31,INDF,RG,6525,1,D,KZ,ZP,F
14:45:31,INDF,RG,6525,100,D,KZ,YP,D
14:45:31,INDF,RG,6525,194,D,KZ,CC,D
14:45:28,INDF,RG,6525,78,D,KZ,CC,D
14:45:27,INDF,RG,6525,3,F,BK,CC,D
14:45:27,INDF,RG,6525,1,F,BK,NI,D
14:45:27,INDF,RG,6525,1,F,BK,PD,D
14:45:27,INDF,RG,6525,1,F,BK,XC,D
14:45:27,INDF,RG,6525,7,F,BK,KK,D
14:45:22,INDF,RG,6525,4,F,ZP,KK,D
14:45:06,INDF,RG,6525,14,F,BK,KK,D
14:45:00,INDF,RG,6525,22,F,ZP,KK,D
14:44:57,INDF,RG,6525,14,F,BK,KK,D
14:44:32,INDF,RG,6525,16,F,BK,KK,D
14:44:31,INDF,RG,6500,1,D,OD,CC,D
14:44:31,INDF,RG,6500,75,D,OD,CC,D
14:44:15,INDF,RG,6525,5,F,ZP,KK,D
14:44:10,INDF,RG,6525,14,F,BK,KK,D
14:44:00,INDF,RG,6500,1,D,OD,KK,D
14:44:00,INDF,RG,6525,23,F,ZP,KK,D
14:43:23,INDF,RG,6525,81,F,EP,KK,D
14:43:23,INDF,RG,6525,50,F,EP,PD,D
14:43:23,INDF,RG,6525,15,F,EP,XC,D
14:43:23,INDF,RG,6525,5,F,EP,YP,D
14:43:23,INDF,RG,6525,20,F,EP,PD,D
14:43:23,INDF,RG,6525,15,F,EP,YP,D
14:43:23,INDF,RG,6525,5,F,EP,PD,D
14:43:23,INDF,RG,6525,1,F,EP,DH,D
14:43:23,INDF,RG,6525,5,F,EP,PD,D
14:43:23,INDF,RG,6525,1,F,EP,XC,D
14:43:23,INDF,RG,6525,2,F,EP,KK,D
14:43:10,INDF,RG,6525,1,D,PD,KK,D
14:43:00,INDF,RG,6525,1,F,ZP,KK,D
14:43:00,INDF,RG,6525,8,F,ZP,PD,D
14:43:00,INDF,RG,6525,5,F,ZP,YP,D
14:43:00,INDF,RG,6525,9,F,ZP,PD,D
14:42:56,INDF,RG,6525,39,D,PD,PD,D
14:42:56,INDF,RG,6525,100,D,PD,SQ,D
14:42:56,INDF,RG,6525,24,D,PD,AI,D
14:42:56,INDF,RG,6525,1,D,PD,AI,D
14:42:56,INDF,RG,6525,1,D,PD,NI,D
14:42:56,INDF,RG,6525,1,D,PD,SQ,D
14:42:56,INDF,RG,6525,2,D,PD,PD,D
14:42:56,INDF,RG,6525,2,D,PD,CC,D
14:42:49,INDF,RG,6500,150,D,OD,BK,F
14:42:48,INDF,RG,6500,1,D,OD,AK,F
14:42:48,INDF,RG,6500,9,D,OD,ZP,F
14:42:48,INDF,RG,6500,3,D,OD,XC,D
14:42:48,INDF,RG,6500,16,D,OD,CC,F
14:42:48,INDF,RG,6500,3,D,OD,CC,D
14:42:48,INDF,RG,6500,1,D,OD,XC,D
14:42:48,INDF,RG,6500,1,D,OD,DH,D
14:42:48,INDF,RG,6500,37,D,OD,DX,F
14:42:48,INDF,RG,6500,37,D,OD,BK,F
14:42:48,INDF,RG,6500,19,D,OD,ZP,F
14:42:48,INDF,RG,6500,1,D,OD,AK,F
14:42:48,INDF,RG,6500,48,D,OD,AK,F
14:42:48,INDF,RG,6500,14,D,OD,XC,D
14:42:48,INDF,RG,6500,1,D,OD,NI,D
14:42:48,INDF,RG,6500,119,D,OD,CS,F
14:42:48,INDF,RG,6500,1,D,OD,CC,D
14:42:48,INDF,RG,6500,20,D,OD,XC,D
14:42:48,INDF,RG,6500,16,D,OD,CC,D
14:42:48,INDF,RG,6500,1,D,OD,XC,D
14:42:48,INDF,RG,6500,21,D,OD,YP,D
14:42:48,INDF,RG,6500,124,D,OD,CC,D
14:42:48,INDF,RG,6500,830,D,OD,RX,F
14:42:48,INDF,RG,6500,718,D,OD,RX,F
14:42:41,INDF,RG,6475,4,F,BK,AZ,D
14:42:04,INDF,RG,6475,1,F,BK,ZP,D
14:42:04,INDF,RG,6475,1,F,AK,ZP,D
14:42:04,INDF,RG,6475,2,F,ZP,ZP,D
14:42:04,INDF,RG,6475,15,D,KK,ZP,D
14:41:19,INDF,RG,6475,285,D,KK,AO,D
14:41:19,INDF,RG,6475,7,D,YP,AO,D
14:41:19,INDF,RG,6475,21,F,ZP,AO,D
14:41:19,INDF,RG,6475,200,D,PD,AO,D
14:41:19,INDF,RG,6475,54,F,BK,AO,D
14:41:19,INDF,RG,6475,33,D,YP,AO,D
14:41:16,INDF,RG,6475,10,D,YP,YU,F
14:41:16,INDF,RG,6475,19,D,YP,YU,F
14:41:15,INDF,RG,6475,19,D,YP,YU,F
14:41:14,INDF,RG,6475,19,D,YP,YU,F
14:41:14,INDF,RG,6475,3,F,CS,YU,F
14:41:14,INDF,RG,6475,8,D,YP,YU,F
14:41:14,INDF,RG,6475,2,D,YP,YU,F
14:41:14,INDF,RG,6475,2,F,ZP,YU,F
14:41:14,INDF,RG,6475,4,F,EP,YU,F
14:41:12,INDF,RG,6500,28,D,GR,RX,F
14:41:12,INDF,RG,6500,1,D,GR,LG,D
14:41:12,INDF,RG,6500,10,D,GR,KK,D
14:41:12,INDF,RG,6500,1,D,GR,XC,D
14:41:12,INDF,RG,6500,4,D,GR,ZP,F
14:41:12,INDF,RG,6500,5,D,GR,YP,D
14:41:12,INDF,RG,6500,1,D,GR,XL,D
14:41:12,INDF,RG,6500,2,D,GR,OD,D
14:41:12,INDF,RG,6500,10,D,GR,CC,D
14:41:12,INDF,RG,6500,70,D,GR,DX,F
14:41:12,INDF,RG,6500,1,D,GR,NI,D
14:41:12,INDF,RG,6500,1,D,GR,BK,F
14:41:12,INDF,RG,6500,43,D,GR,BK,F
14:41:12,INDF,RG,6500,100,D,GR,AI,D
14:41:12,INDF,RG,6500,13,D,GR,DX,F
14:41:12,INDF,RG,6500,22,D,GR,DX,F
14:41:12,INDF,RG,6500,10,D,GR,DX,F
14:41:12,INDF,RG,6500,16,D,GR,BK,F
14:41:12,INDF,RG,6500,39,D,GR,BK,F
14:41:12,INDF,RG,6500,93,D,GR,BK,F
14:41:12,INDF,RG,6500,138,D,GR,DX,F
14:41:12,INDF,RG,6500,100,D,GR,YP,D
14:41:12,INDF,RG,6500,10,D,GR,SQ,D
14:41:12,INDF,RG,6500,37,D,GR,DX,F
14:41:12,INDF,RG,6500,1,D,GR,XC,D
14:41:12,INDF,RG,6500,249,D,GR,CC,D
14:41:12,INDF,RG,6500,16,D,GR,YP,D
14:41:12,INDF,RG,6500,2,D,GR,AK,F
14:41:12,INDF,RG,6500,1,D,GR,AK,F
14:41:12,INDF,RG,6500,52,D,GR,AK,F
14:41:12,INDF,RG,6500,32,D,GR,AK,F
14:41:12,INDF,RG,6500,224,D,GR,CS,F
14:41:12,INDF,RG,6500,38,D,GR,DX,F
14:41:12,INDF,RG,6500,1,D,GR,CC,F
14:41:12,INDF,RG,6500,1,D,GR,NI,D
14:41:12,INDF,RG,6500,1,D,GR,PD,D
14:41:12,INDF,RG,6500,4,D,GR,ZP,F
14:41:12,INDF,RG,6500,11,D,GR,DX,F
14:41:12,INDF,RG,6500,16,D,GR,PD,D
14:41:12,INDF,RG,6500,19,D,GR,DX,F
14:41:12,INDF,RG,6500,1,D,GR,AK,F
14:41:12,INDF,RG,6500,36,D,GR,AK,F
14:41:12,INDF,RG,6500,110,D,GR,BK,F
14:41:12,INDF,RG,6500,82,D,GR,BK,F
14:41:12,INDF,RG,6500,13,D,GR,BK,F
14:41:12,INDF,RG,6500,10,D,GR,ZP,F
14:41:12,INDF,RG,6500,471,D,GR,RX,F
14:41:07,INDF,RG,6475,2,F,EP,YU,F
14:41:06,INDF,RG,6475,14,F,EP,BK,F
14:41:03,INDF,RG,6475,1,F,EP,YU,F
14:41:02,INDF,RG,6475,4,F,EP,YU,F
14:41:02,INDF,RG,6475,14,F,EP,YU,F
14:41:01,INDF,RG,6475,5,F,EP,YU,F
14:41:01,INDF,RG,6475,156,F,EP,AK,F
14:41:01,INDF,RG,6475,2,F,ZP,AK,F
14:41:01,INDF,RG,6475,5,F,ZP,AK,F
14:41:01,INDF,RG,6475,11,F,YU,AK,F
14:41:00,INDF,RG,6475,37,F,YU,CC,D
14:41:00,INDF,RG,6475,12,F,BK,CC,D
14:40:48,INDF,RG,6475,1,F,BK,YU,F
14:40:48,INDF,RG,6475,1,F,ZP,YU,F
14:40:47,INDF,RG,6475,14,F,ZP,BK,F
14:40:31,INDF,RG,6475,2,F,ZP,YU,F
14:40:29,INDF,RG,6475,4,F,ZP,BK,F
14:40:29,INDF,RG,6475,2,F,CS,BK,F
14:40:29,INDF,RG,6475,8,F,YU,BK,F
14:40:27,INDF,RG,6475,8,F,YU,YP,D
14:40:20,INDF,RG,6475,1,F,YU,YU,F
14:40:19,INDF,RG,6475,5,F,YU,DH,D
14:40:18,INDF,RG,6475,2,F,YU,YU,F
14:40:17,INDF,RG,6475,2,F,YU,YU,F
14:40:17,INDF,RG,6475,13,F,YU,BK,F
14:40:16,INDF,RG,6475,6,F,YU,YP,D
14:40:16,INDF,RG,6500,19,D,PD,RX,F
14:40:06,INDF,RG,6475,1,F,YU,YU,F
14:40:05,INDF,RG,6475,12,F,YU,BK,F
14:40:01,INDF,RG,6475,2,F,YU,YU,F
14:40:00,INDF,RG,6500,21,F,ZP,RX,F
14:39:47,INDF,RG,6475,2,F,YU,YU,F
14:39:46,INDF,RG,6475,14,F,YU,BK,F
14:39:39,INDF,RG,6475,3,F,YU,YU,D
14:39:37,INDF,RG,6475,2,F,YU,YU,D
14:39:30,INDF,RG,6475,13,F,YU,BK,F
14:39:05,INDF,RG,6475,12,F,YU,BK,F
14:39:05,INDF,RG,6475,5,F,YU,AZ,D
14:38:59,INDF,RG,6500,23,F,ZP,RX,F
14:38:59,INDF,RG,6475,1,F,YU,PD,D
14:38:45,INDF,RG,6475,13,F,YU,BK,F
14:38:43,INDF,RG,6475,2,F,YU,NI,D
14:38:38,INDF,RG,6475,12,F,YU,BK,F
14:38:33,INDF,RG,6475,1,F,YU,LG,D
14:38:24,INDF,RG,6475,5,F,YU,AK,F
14:38:23,INDF,RG,6475,13,F,YU,BK,F
14:38:07,INDF,RG,6475,3,F,YU,KK,D
14:38:03,INDF,RG,6475,14,F,YU,BK,F
14:37:59,INDF,RG,6500,22,F,ZP,RX,F
14:37:46,INDF,RG,6475,1,F,YU,PD,D
14:36:51,INDF,RG,6500,20,D,YU,RX,F
14:36:34,INDF,RG,6475,2,F,YU,KK,D
14:36:33,INDF,RG,6500,453,D,GR,RX,F
14:36:33,INDF,RG,6500,332,D,GR,RX,F
14:35:55,INDF,RG,6475,14,F,YU,RX,F
14:35:41,INDF,RG,6475,8,F,YU,RX,F
14:35:41,INDF,RG,6475,8,D,KK,RX,F
14:35:25,INDF,RG,6475,2,D,KK,RX,F
14:35:25,INDF,RG,6475,13,F,YU,RX,F
14:35:11,INDF,RG,6475,3,F,YU,CC,D
14:35:11,INDF,RG,6475,7,F,YU,CC,D
14:35:10,INDF,RG,6475,3,F,YU,RX,F
14:35:10,INDF,RG,6475,7,F,ZP,RX,F
14:35:10,INDF,RG,6475,5,D,KK,RX,F
14:35:10,INDF,RG,6475,1,D,SQ,RX,F
14:35:07,INDF,RG,6500,19,D,PD,RX,F
14:35:00,INDF,RG,6475,55,F,BK,CC,D
14:35:00,INDF,RG,6475,4,D,YP,CC,D
14:35:00,INDF,RG,6475,2,D,XC,CC,D
14:35:00,INDF,RG,6475,50,D,PD,CC,D
14:35:00,INDF,RG,6475,1,D,YB,CC,D
14:35:00,INDF,RG,6475,25,F,YU,CC,D
14:35:00,INDF,RG,6475,3,F,CS,CC,D
14:35:00,INDF,RG,6475,82,D,CC,CC,D
14:34:59,INDF,RG,6475,8,D,CC,AI,D
14:34:59,INDF,RG,6475,25,D,YP,AI,D
14:34:59,INDF,RG,6475,24,F,YU,AI,D
14:34:59,INDF,RG,6475,14,F,YU,AI,D
14:34:59,INDF,RG,6475,2,F,ZP,AI,D
14:34:59,INDF,RG,6475,14,F,YU,AI,D
14:34:59,INDF,RG,6475,2,F,CS,AI,D
14:34:59,INDF,RG,6475,2,F,ZP,AI,D
14:34:59,INDF,RG,6475,9,F,YU,AI,D
14:34:57,INDF,RG,6475,1,F,YU,EP,D
14:34:57,INDF,RG,6475,1,D,YP,EP,D
14:34:57,INDF,RG,6475,2,F,ZP,EP,D
14:34:57,INDF,RG,6475,10,F,YU,EP,D
14:34:57,INDF,RG,6475,51,F,BK,EP,D
14:34:57,INDF,RG,6475,85,F,YU,EP,D
14:34:55,INDF,RG,6475,115,F,YU,RX,F
14:34:55,INDF,RG,6475,21,F,ZP,RX,F
14:34:55,INDF,RG,6475,1,D,NI,RX,F
14:34:55,INDF,RG,6475,2,F,ZP,RX,F
14:34:55,INDF,RG,6475,3,F,CS,RX,F
14:34:55,INDF,RG,6475,1,D,PD,RX,F
14:34:55,INDF,RG,6475,3,F,ZP,RX,F
14:34:55,INDF,RG,6475,13,F,ZP,RX,F
14:34:51,INDF,RG,6475,10,F,ZP,ZP,F
14:34:51,INDF,RG,6475,7,F,BK,ZP,F
14:34:44,INDF,RG,6475,34,F,BK,CC,D
14:34:44,INDF,RG,6475,3,F,ZP,CC,D
14:34:44,INDF,RG,6475,53,F,EP,CC,D
14:34:30,INDF,RG,6500,23,F,ZP,RX,F
14:34:18,INDF,RG,6475,2,F,EP,YU,D
14:34:17,INDF,RG,6500,5,D,YP,RX,F
14:34:08,INDF,RG,6475,6,F,EP,XC,D
14:34:00,INDF,RG,6500,21,F,ZP,RX,F
14:33:08,INDF,RG,6475,3,F,EP,YP,D
14:32:59,INDF,RG,6500,22,F,ZP,RX,F
14:32:58,INDF,RG,6475,1,F,EP,YP,D
14:32:49,INDF,RG,6475,2,F,EP,SQ,D
14:32:45,INDF,RG,6475,19,F,EP,RX,F
14:32:41,INDF,RG,6475,114,F,EP,GR,D
14:32:41,INDF,RG,6475,33,F,YU,GR,D
14:32:30,INDF,RG,6475,6,F,YU,RX,F
14:32:30,INDF,RG,6475,3,D,KK,RX,F
14:32:30,INDF,RG,6475,10,D,PD,RX,F
14:32:30,INDF,RG,6475,1,F,AK,RX,F
14:32:30,INDF,RG,6475,1,F,AK,RX,F
14:32:30,INDF,RG,6475,10,D,YP,RX,F
14:32:30,INDF,RG,6475,11,F,BK,RX,F
14:32:30,INDF,RG,6475,25,D,YP,RX,F
14:32:30,INDF,RG,6475,1,D,XC,RX,F
14:32:30,INDF,RG,6475,10,F,YU,RX,F
14:32:30,INDF,RG,6475,5,D,HP,RX,F
14:32:30,INDF,RG,6475,2,D,PD,RX,F
14:32:20,INDF,RG,6475,6,D,KK,YP,D
14:32:18,INDF,RG,6475,2,D,KK,NI,D
14:31:46,INDF,RG,6475,2,D,KK,PD,D
14:31:46,INDF,RG,6475,15,D,DH,PD,D
14:31:46,INDF,RG,6475,1,D,CC,PD,D
14:31:46,INDF,RG,6475,23,F,YU,PD,D
14:31:46,INDF,RG,6475,3,D,XC,PD,D
14:31:46,INDF,RG,6475,20,D,PD,PD,D
14:31:46,INDF,RG,6475,14,F,YU,PD,D
14:31:46,INDF,RG,6475,82,D,YP,PD,D
14:31:28,INDF,RG,6475,3,D,YP,YB,D
14:31:21,INDF,RG,6475,15,D,YP,RX,F
14:31:21,INDF,RG,6475,4,F,EP,RX,F
14:31:21,INDF,RG,6500,385,D,GR,RX,F
14:31:21,INDF,RG,6500,1,D,GR,AK,F
14:31:21,INDF,RG,6500,1,D,GR,AK,F
14:31:21,INDF,RG,6500,39,D,GR,AK,F
14:31:21,INDF,RG,6500,39,D,GR,AK,F
14:31:21,INDF,RG,6500,283,D,GR,DX,F
14:31:21,INDF,RG,6500,700,D,GR,BK,F
14:31:21,INDF,RG,6500,290,D,GR,BK,F
14:31:21,INDF,RG,6500,43,D,GR,BK,F
14:31:21,INDF,RG,6500,97,D,GR,BK,F
14:31:21,INDF,RG,6500,246,D,GR,BK,F
14:31:21,INDF,RG,6500,1,D,GR,ZP,F
14:31:21,INDF,RG,6500,21,D,GR,CC,D
14:31:11,INDF,RG,6475,40,F,EP,RX,F
14:31:07,INDF,RG,6475,21,F,EP,BK,F
14:31:05,INDF,RG,6475,58,F,EP,RX,F
14:31:01,INDF,RG,6475,75,F,EP,AK,F
14:30:42,INDF,RG,6475,1,F,EP,YP,D
14:30:42,INDF,RG,6475,1,F,EP,BK,F
14:30:42,INDF,RG,6475,12,D,YP,BK,F
14:30:36,INDF,RG,6475,8,D,YP,CC,D
14:30:36,INDF,RG,6475,42,D,SQ,CC,D
14:30:23,INDF,RG,6500,163,D,PD,CC,D
14:30:23,INDF,RG,6475,14,D,SQ,RX,F
14:30:22,INDF,RG,6475,28,D,SQ,BK,F
14:30:18,INDF,RG,6475,18,D,SQ,RX,F
14:30:10,INDF,RG,6500,20,D,PD,CC,D
14:30:06,INDF,RG,6475,21,D,SQ,RX,F
14:30:04,INDF,RG,6475,18,D,SQ,RX,F
14:29:58,INDF,RG,6475,1,D,SQ,AK,F
14:29:48,INDF,RG,6475,20,D,SQ,BK,F
14:29:43,INDF,RG,6475,19,D,SQ,RX,F
14:29:36,INDF,RG,6475,27,D,SQ,NI,D
14:29:31,INDF,RG,6475,11,D,SQ,RX,F
14:29:26,INDF,RG,6475,17,D,SQ,BK,F
14:29:24,INDF,RG,6475,3,D,SQ,ZP,F
14:29:21,INDF,RG,6475,11,D,SQ,RX,F
14:29:21,INDF,RG,6475,6,D,PD,RX,F
14:29:15,INDF,RG,6475,2,D,PD,AK,F
14:29:15,INDF,RG,6475,32,F,BK,AK,F
14:29:13,INDF,RG,6475,12,F,BK,RX,F
14:29:10,INDF,RG,6475,7,F,BK,PD,D
14:29:10,INDF,RG,6475,1,D,YP,PD,D
14:29:10,INDF,RG,6475,17,F,YU,PD,D
14:29:04,INDF,RG,6475,13,F,YU,BK,F
14:29:02,INDF,RG,6475,19,F,YU,RX,F
14:28:52,INDF,RG,6475,12,F,YU,RX,F
14:28:43,INDF,RG,6475,13,F,YU,BK,F
14:28:40,INDF,RG,6475,14,F,YU,RX,F
14:28:39,INDF,RG,6475,14,F,YU,BK,F
14:28:31,INDF,RG,6475,20,F,YU,RX,F
14:28:23,INDF,RG,6475,16,F,YU,RX,F
14:28:19,INDF,RG,6475,2,F,YU,GR,D
14:28:19,INDF,RG,6475,14,F,YU,BK,F
14:28:05,INDF,RG,6475,15,F,YU,RX,F
14:28:00,INDF,RG,6475,1,F,YU,AK,F
14:27:56,INDF,RG,6475,11,F,YU,RX,F
14:27:46,INDF,RG,6475,15,F,YU,RX,F
14:27:38,INDF,RG,6475,4,F,YU,RX,F
14:27:38,INDF,RG,6475,12,F,YU,RX,F
14:27:38,INDF,RG,6475,5,D,YP,RX,F
14:27:38,INDF,RG,6475,11,F,YU,RX,F
14:27:38,INDF,RG,6475,4,D,XC,RX,F
14:27:38,INDF,RG,6475,1,D,DH,RX,F
14:27:38,INDF,RG,6475,4,D,XC,RX,F
14:27:38,INDF,RG,6475,1,D,YP,RX,F
14:27:38,INDF,RG,6475,12,F,YU,RX,F
14:27:38,INDF,RG,6475,23,D,YP,RX,F
14:27:38,INDF,RG,6475,5,D,YP,ZP,F
14:27:29,INDF,RG,6475,11,D,YP,RX,F
14:27:29,INDF,RG,6475,11,F,YU,RX,F
14:27:29,INDF,RG,6475,12,F,YU,RX,F
14:27:29,INDF,RG,6475,2,D,CC,RX,F
14:27:29,INDF,RG,6475,13,F,BK,RX,F
14:27:20,INDF,RG,6500,8,D,CC,CC,D
14:27:20,INDF,RG,6500,2,D,CC,BK,F
14:26:12,INDF,RG,6500,2,F,ZP,BK,F
14:26:12,INDF,RG,6500,4,F,CS,BK,F
14:26:12,INDF,RG,6500,21,F,ZP,BK,F
14:26:12,INDF,RG,6500,3,F,ZP,BK,F
14:26:12,INDF,RG,6500,2,F,ZP,BK,F
14:26:12,INDF,RG,6500,1,D,YP,BK,F
14:26:12,INDF,RG,6500,50,F,BK,BK,F
14:26:12,INDF,RG,6500,2,F,ZP,BK,F
14:26:12,INDF,RG,6500,19,F,EP,BK,F
14:26:11,INDF,RG,6500,2,F,EP,XC,D
14:26:10,INDF,RG,6500,64,F,EP,DH,D
14:26:07,INDF,RG,6500,2,F,EP,YB,D
14:26:04,INDF,RG,6500,113,F,EP,CC,F
14:26:04,INDF,RG,6500,1,D,HP,CC,F
14:26:04,INDF,RG,6500,2,F,ZP,CC,F
14:25:59,INDF,RG,6500,19,F,ZP,GR,D
14:25:59,INDF,RG,6500,3,F,ZP,GR,D
14:25:59,INDF,RG,6500,25,D,BQ,GR,D
14:25:59,INDF,RG,6500,5,F,CS,GR,D
14:25:59,INDF,RG,6500,4,D,YP,GR,D
14:25:59,INDF,RG,6500,1,F,ZP,GR,D
14:25:59,INDF,RG,6500,8,D,YP,GR,D
14:25:59,INDF,RG,6500,10,D,NI,GR,D
14:25:59,INDF,RG,6500,2,F,ZP,GR,D
14:25:59,INDF,RG,6500,3,F,BK,GR,D
14:25:54,INDF,RG,6500,9,F,BK,EP,D
14:25:54,INDF,RG,6500,1,D,YB,EP,D
14:25:54,INDF,RG,6500,90,F,EP,EP,D
14:25:11,INDF,RG,6525,19,D,PD,RX,F
14:24:50,INDF,RG,6500,5,F,EP,SQ,D
14:24:11,INDF,RG,6500,5,F,EP,YP,D
14:24:05,INDF,RG,6500,5,F,EP,ZP,D
14:24:03,INDF,RG,6500,5,F,EP,YU,D
14:24:01,INDF,RG,6500,1,F,EP,XC,D
14:23:52,INDF,RG,6500,20,F,EP,CC,D
14:23:35,INDF,RG,6500,5,F,EP,PD,D
14:23:20,INDF,RG,6500,34,F,EP,BK,D
14:23:05,INDF,RG,6500,4,F,EP,PD,D
14:23:03,INDF,RG,6500,1,F,EP,YP,D
14:22:37,INDF,RG,6500,5,F,EP,ZP,D
14:22:34,INDF,RG,6500,13,F,EP,BK,F
14:22:32,INDF,RG,6525,109,D,GR,RX,F
14:22:32,INDF,RG,6525,3,D,GR,CC,F
14:22:32,INDF,RG,6525,45,D,GR,DX,F
14:22:32,INDF,RG,6525,134,D,GR,CC,D
14:22:32,INDF,RG,6525,5,D,GR,PD,D
14:22:32,INDF,RG,6525,5,D,GR,ZP,F
14:22:32,INDF,RG,6525,50,D,GR,CC,D
14:22:32,INDF,RG,6525,47,D,GR,BK,F
14:22:32,INDF,RG,6525,19,D,GR,BK,F
14:22:32,INDF,RG,6525,108,D,GR,BK,F
14:22:32,INDF,RG,6525,44,D,GR,DX,F
14:22:32,INDF,RG,6525,7,D,GR,XC,D
14:22:32,INDF,RG,6525,1,D,GR,YU,D
14:22:32,INDF,RG,6525,206,D,GR,CC,D
14:22:32,INDF,RG,6525,1,D,GR,CC,D
14:22:32,INDF,RG,6525,500,D,GR,KK,D
14:22:32,INDF,RG,6525,9,D,GR,ZP,F
14:22:32,INDF,RG,6525,51,D,GR,DX,F
14:22:32,INDF,RG,6525,9,D,GR,PD,D
14:22:32,INDF,RG,6525,1,D,GR,CC,D
14:22:32,INDF,RG,6525,40,D,GR,AK,F
14:22:32,INDF,RG,6525,2,D,GR,YP,D
14:22:32,INDF,RG,6525,2,D,GR,XC,D
14:22:32,INDF,RG,6525,1,D,GR,NI,D
14:22:32,INDF,RG,6525,14,D,GR,YP,D
14:22:32,INDF,RG,6525,4,D,GR,SQ,D
14:22:32,INDF,RG,6525,1,D,GR,AK,F
14:22:32,INDF,RG,6525,1,D,GR,YU,D
14:22:32,INDF,RG,6525,1,D,GR,NI,D
14:22:32,INDF,RG,6525,10,D,GR,YP,D
14:22:32,INDF,RG,6525,35,D,GR,NI,D
14:22:32,INDF,RG,6525,48,D,GR,DX,F
14:22:32,INDF,RG,6525,1,D,GR,NI,D
14:22:32,INDF,RG,6525,5,D,GR,YP,D
14:22:32,INDF,RG,6525,47,D,GR,AK,F
14:22:32,INDF,RG,6525,42,D,GR,BK,F
14:22:32,INDF,RG,6525,7,D,GR,BK,F
14:22:32,INDF,RG,6525,24,D,GR,BK,F
14:22:32,INDF,RG,6525,490,D,GR,BK,F
14:22:32,INDF,RG,6525,1,D,GR,AK,F
14:22:32,INDF,RG,6525,2,D,GR,NI,D
14:22:32,INDF,RG,6525,1,D,GR,XC,D
14:22:32,INDF,RG,6525,13,D,GR,YP,D
14:22:05,INDF,RG,6500,5,F,EP,XC,D
14:21:53,INDF,RG,6500,2,F,EP,YP,D
14:21:53,INDF,RG,6500,6,F,ZP,YP,D
14:21:53,INDF,RG,6500,2,F,ZP,YP,D
14:21:53,INDF,RG,6500,2,F,ZP,YP,D
14:21:51,INDF,RG,6500,3,F,CS,DH,D
14:21:51,INDF,RG,6500,1,D,AT,DH,D
14:21:51,INDF,RG,6500,9,F,EP,DH,D
14:21:40,INDF,RG,6500,30,F,EP,NI,D
14:21:33,INDF,RG,6525,2,D,PD,YP,D
14:21:33,INDF,RG,6525,127,D,PD,BK,F
14:21:33,INDF,RG,6525,34,D,PD,AK,F
14:21:23,INDF,RG,6500,1,F,EP,XC,D
14:21:21,INDF,RG,6500,15,F,EP,RX,F
14:20:58,INDF,RG,6500,14,F,EP,RX,F
14:20:47,INDF,RG,6500,16,F,EP,RX,F
14:20:42,INDF,RG,6500,1,F,EP,KK,D
14:20:40,INDF,RG,6500,3,F,EP,CC,D
14:20:40,INDF,RG,6500,20,F,EP,BK,F
14:20:38,INDF,RG,6500,50,F,EP,ZP,D
14:20:38,INDF,RG,6500,11,F,EP,RX,F
14:20:37,INDF,RG,6500,5,F,EP,YU,D
14:20:33,INDF,RG,6525,3,D,PD,AK,F
14:20:30,INDF,RG,6500,16,F,EP,BK,F
14:20:25,INDF,RG,6500,9,F,EP,BK,F
14:20:25,INDF,RG,6500,21,F,BK,BK,F
14:20:21,INDF,RG,6500,30,F,BK,RX,F
14:20:21,INDF,RG,6500,30,D,KK,RX,F
14:20:21,INDF,RG,6500,4,F,ZP,RX,F
14:20:21,INDF,RG,6500,1,D,PD,RX,F
14:20:21,INDF,RG,6500,70,D,PD,RX,F
14:20:21,INDF,RG,6500,1,D,CC,RX,F
14:20:21,INDF,RG,6500,3,F,ZP,RX,F
14:20:21,INDF,RG,6500,46,F,BK,RX,F
14:20:21,INDF,RG,6500,1,F,AK,RX,F
14:20:21,INDF,RG,6500,5,F,CS,RX,F
14:20:21,INDF,RG,6500,5,F,ZP,RX,F
14:20:21,INDF,RG,6500,10,F,EP,RX,F
14:20:21,INDF,RG,6500,35,F,EP,PD,D
14:20:18,INDF,RG,6500,2,F,EP,XC,D
14:20:15,INDF,RG,6525,4,D,PD,AK,F
14:20:15,INDF,RG,6525,2,D,PD,BK,D
14:20:13,INDF,RG,6500,14,F,EP,BK,F
14:20:11,INDF,RG,6500,116,F,EP,RX,F
14:20:10,INDF,RG,6525,7,D,PD,BK,D
14:20:10,INDF,RG,6525,1,D,PD,AK,F
14:20:10,INDF,RG,6525,4,D,PD,ZP,F
14:20:10,INDF,RG,6525,5,D,PD,PD,D
14:20:10,INDF,RG,6525,2,D,PD,DX,F
14:20:06,INDF,RG,6500,3,F,EP,ZP,F
14:20:06,INDF,RG,6500,20,F,EP,LG,D
14:20:06,INDF,RG,6500,3,D,CC,LG,D
14:20:06,INDF,RG,6500,50,F,BK,LG,D
14:20:06,INDF,RG,6500,2,F,ZP,LG,D
14:20:06,INDF,RG,6500,21,F,ZP,LG,D
14:20:06,INDF,RG,6500,4,D,BQ,LG,D
14:20:06,INDF,RG,6500,300,D,SQ,LG,D
14:20:06,INDF,RG,6500,22,F,ZP,LG,D
14:20:06,INDF,RG,6500,5,F,CS,LG,D
14:20:06,INDF,RG,6500,25,D,YP,LG,D
14:20:06,INDF,RG,6500,6,D,YP,LG,D
14:20:06,INDF,RG,6500,5,D,GR,LG,D
14:20:06,INDF,RG,6500,1,F,CS,LG,D
14:20:06,INDF,RG,6500,2,F,CS,LG,D
14:20:06,INDF,RG,6500,1,F,CS,LG,D
14:20:06,INDF,RG,6500,13,F,ZP,LG,D
14:20:06,INDF,RG,6500,200,F,EP,LG,D
14:20:06,INDF,RG,6500,49,F,BK,LG,D
14:20:06,INDF,RG,6500,10,D,NI,LG,D
14:20:06,INDF,RG,6500,11,F,BK,LG,D
14:19:59,INDF,RG,6525,21,F,ZP,DX,F
14:19:21,INDF,RG,6500,15,F,BK,ZP,F
14:19:11,INDF,RG,6500,2,F,BK,CC,F
14:19:00,INDF,RG,6525,19,F,ZP,DX,F
14:19:00,INDF,RG,6525,2,F,ZP,BK,F
14:18:45,INDF,RG,6500,21,F,BK,RX,F
14:18:45,INDF,RG,6500,1,D,CC,RX,F
14:18:45,INDF,RG,6500,1,D,XC,RX,F
14:18:45,INDF,RG,6500,5,D,PD,RX,F
14:18:40,INDF,RG,6500,1,F,ZP,XC,D
14:18:32,INDF,RG,6500,1,F,ZP,CC,D
14:18:16,INDF,RG,6500,4,F,ZP,BK,D
14:18:16,INDF,RG,6500,10,D,YP,BK,D
14:18:00,INDF,RG,6525,11,F,ZP,BK,F
14:18:00,INDF,RG,6525,1,F,ZP,YU,D
14:18:00,INDF,RG,6525,11,F,ZP,BK,F
14:18:00,INDF,RG,6500,29,D,YP,CC,D
14:18:00,INDF,RG,6500,1,D,KK,CC,D
14:18:00,INDF,RG,6500,5,D,OD,CC,D
14:18:00,INDF,RG,6500,90,F,EP,CC,D
14:17:00,INDF,RG,6525,21,F,ZP,BK,F
14:16:10,INDF,RG,6500,3,F,EP,CC,D
14:16:04,INDF,RG,6500,19,F,EP,HP,D
14:16:03,INDF,RG,6500,2,F,EP,YU,D
14:15:53,INDF,RG,6500,1,F,EP,NI,D
14:15:49,INDF,RG,6500,5,F,EP,PD,D
14:15:38,INDF,RG,6500,1,F,EP,DH,D
14:15:21,INDF,RG,6500,1,F,EP,CC,D
14:15:15,INDF,RG,6500,12,F,EP,BK,D
14:15:05,INDF,RG,6525,6,D,PD,BK,F
14:15:05,INDF,RG,6525,13,D,PD,BK,F
14:15:05,INDF,RG,6525,1,D,XC,BK,F
14:14:58,INDF,RG,6500,34,F,EP,ZP,F
14:14:42,INDF,RG,6500,1,F,EP,XC,D
14:14:40,INDF,RG,6500,31,F,EP,CC,D
14:14:40,INDF,RG,6500,4,F,ZP,CC,D
14:14:40,INDF,RG,6500,2,F,CS,CC,D
14:14:40,INDF,RG,6500,1,D,YB,CC,D
14:14:40,INDF,RG,6500,1,F,CS,CC,D
14:14:40,INDF,RG,6500,11,F,ZP,CC,D
14:13:53,INDF,RG,6500,10,F,ZP,YP,D
14:13:53,INDF,RG,6500,10,D,KK,YP,D
14:13:53,INDF,RG,6500,21,F,BK,YP,D
14:13:53,INDF,RG,6500,4,F,ZP,YP,D
14:13:53,INDF,RG,6500,4,F,ZP,YP,D
14:13:53,INDF,RG,6500,21,F,ZP,YP,D
14:13:53,INDF,RG,6500,1,F,CS,YP,D
14:13:53,INDF,RG,6500,4,F,CS,YP,D
14:13:53,INDF,RG,6500,5,F,ZP,YP,D
14:13:53,INDF,RG,6500,1,D,YP,YP,D
14:13:53,INDF,RG,6500,10,D,PD,YP,D
14:13:53,INDF,RG,6500,1,D,NI,YP,D
14:13:53,INDF,RG,6500,7,D,DH,YP,D
14:13:53,INDF,RG,6500,1,D,NI,YP,D
14:13:53,INDF,RG,6500,2,D,CC,YP,D
14:13:53,INDF,RG,6500,4,F,ZP,YP,D
14:13:53,INDF,RG,6500,1,F,AK,YP,D
14:13:53,INDF,RG,6500,51,F,BK,YP,D
14:13:29,INDF,RG,6500,10,F,BK,NI,D
14:13:05,INDF,RG,6500,18,F,BK,OD,D
14:13:00,INDF,RG,6525,22,F,ZP,BK,F
14:12:28,INDF,RG,6500,1,F,BK,YP,D
14:12:05,INDF,RG,6500,2,F,BK,BK,D
14:12:05,INDF,RG,6500,2,F,ZP,BK,D
14:12:05,INDF,RG,6500,8,F,EP,BK,D
14:11:27,INDF,RG,6500,10,F,EP,CC,D
14:10:36,INDF,RG,6500,1,F,EP,YP,D
14:10:27,INDF,RG,6500,6,F,EP,KK,D
14:10:09,INDF,RG,6525,19,D,PD,BK,F
14:09:58,INDF,RG,6525,23,F,ZP,BK,F
14:09:46,INDF,RG,6500,31,F,EP,LG,D
14:09:42,INDF,RG,6500,10,F,EP,CC,D
14:09:27,INDF,RG,6500,1,F,EP,YU,D
14:08:57,INDF,RG,6525,31,D,GR,BK,F
14:08:57,INDF,RG,6525,348,D,GR,BK,F
14:08:57,INDF,RG,6525,115,D,GR,KZ,F
14:08:57,INDF,RG,6525,16,D,GR,ZP,F
14:08:57,INDF,RG,6525,409,D,GR,RX,F
14:08:57,INDF,RG,6525,604,D,GR,RX,F
14:08:57,INDF,RG,6525,10,D,GR,PD,D
14:08:57,INDF,RG,6525,1,D,GR,SQ,D
14:08:57,INDF,RG,6525,10,D,GR,SQ,D
14:08:57,INDF,RG,6525,14,D,GR,BK,F
14:08:57,INDF,RG,6525,12,D,GR,BK,F
14:08:57,INDF,RG,6525,14,D,GR,BK,F
14:08:57,INDF,RG,6525,1,D,GR,PD,D
14:08:57,INDF,RG,6525,426,D,GR,BK,F
14:08:57,INDF,RG,6525,28,D,GR,DX,F
14:08:57,INDF,RG,6525,3,D,GR,BK,D
14:08:57,INDF,RG,6525,104,D,GR,KZ,F
14:08:57,INDF,RG,6500,10,F,EP,LG,D
14:08:39,INDF,RG,6500,12,F,EP,BK,D
14:08:34,INDF,RG,6500,24,F,EP,BK,F
14:08:30,INDF,RG,6500,33,F,EP,BK,F
14:08:26,INDF,RG,6500,54,F,EP,BK,F
14:08:26,INDF,RG,6500,14,F,ZP,BK,F
14:08:26,INDF,RG,6500,83,F,BK,BK,F
14:08:24,INDF,RG,6525,522,D,PP,KZ,F
14:08:24,INDF,RG,6525,2,D,PP,AK,F
14:08:24,INDF,RG,6525,79,D,PP,AK,F
14:08:24,INDF,RG,6525,1,D,PP,PD,D
14:08:24,INDF,RG,6525,1,D,PP,ZP,F
14:08:24,INDF,RG,6525,4,D,PP,CC,D
14:08:24,INDF,RG,6525,10,D,PP,CC,D
14:08:24,INDF,RG,6525,10,D,PP,AG,F
14:08:24,INDF,RG,6525,10,D,PP,PD,D
14:08:24,INDF,RG,6525,25,D,PP,NI,D
14:08:24,INDF,RG,6525,1,D,PP,AT,D
14:08:24,INDF,RG,6525,3,D,PP,XC,D
14:08:24,INDF,RG,6525,2,D,PP,XC,D
14:08:24,INDF,RG,6525,330,D,PP,KK,D
14:08:22,INDF,RG,6525,14,F,BK,KK,D
14:07:45,INDF,RG,6525,12,F,BK,KK,D
14:07:43,INDF,RG,6525,1,D,KK,KK,D
14:07:31,INDF,RG,6500,1,F,BK,DH,D
14:07:00,INDF,RG,6525,21,F,ZP,KK,D
14:06:59,INDF,RG,6500,1,F,BK,XC,D
14:05:16,INDF,RG,6525,20,D,PD,KK,D
14:05:11,INDF,RG,6500,13,F,BK,BK,D
14:04:34,INDF,RG,6525,1,D,PD,KK,D
14:04:27,INDF,RG,6500,32,F,BK,AG,D
14:04:27,INDF,RG,6500,4,F,ZP,AG,D
14:04:27,INDF,RG,6500,3,F,ZP,AG,D
14:04:27,INDF,RG,6500,1,F,CS,AG,D
14:04:27,INDF,RG,6500,21,F,ZP,AG,D
14:04:27,INDF,RG,6500,2,F,CS,AG,D
14:04:27,INDF,RG,6500,7,F,ZP,AG,D
14:04:14,INDF,RG,6500,3,F,ZP,PD,D
14:04:09,INDF,RG,6525,17,F,BK,KK,D
14:04:05,INDF,RG,6525,10,D,KK,KK,D
14:04:05,INDF,RG,6525,5,D,MG,KK,D
14:03:23,INDF,RG,6525,2,D,PD,KK,D
14:03:18,INDF,RG,6525,14,F,BK,KK,D
14:02:59,INDF,RG,6525,21,F,ZP,KK,D
14:02:37,INDF,RG,6525,12,F,BK,KK,D
14:02:08,INDF,RG,6525,20,D,EP,KK,D
14:02:08,INDF,RG,6525,5,D,EP,NI,D
14:02:08,INDF,RG,6525,1,D,EP,XC,D
14:02:08,INDF,RG,6525,4,D,EP,CC,D
14:02:06,INDF,RG,6500,1,F,ZP,NI,D
14:02:02,INDF,RG,6500,2,F,ZP,YB,D
14:01:00,INDF,RG,6525,6,F,ZP,CC,D
14:01:00,INDF,RG,6525,1,F,ZP,PD,D
14:01:00,INDF,RG,6525,2,F,ZP,PD,D
14:01:00,INDF,RG,6525,5,F,ZP,AZ,D
14:01:00,INDF,RG,6525,1,F,ZP,DR,D
14:01:00,INDF,RG,6525,1,F,ZP,EP,D
14:01:00,INDF,RG,6525,1,F,ZP,NI,D
14:01:00,INDF,RG,6525,4,F,ZP,NI,D
14:00:36,INDF,RG,6525,2,D,BQ,NI,D
14:00:33,INDF,RG,6525,4,D,PD,NI,D
14:00:33,INDF,RG,6525,16,D,PD,YP,D
13:59:59,INDF,RG,6525,1,D,PD,YP,D
13:59:53,INDF,RG,6500,1,F,ZP,XC,D
13:59:53,INDF,RG,6525,33,D,PD,YP,D
13:59:53,INDF,RG,6525,23,D,PD,AT,D
13:59:53,INDF,RG,6525,5,D,PD,YP,D
13:59:53,INDF,RG,6525,2,D,PD,DX,D
13:59:53,INDF,RG,6525,1,D,PD,YU,D
13:59:53,INDF,RG,6525,70,D,PD,SQ,D
13:59:53,INDF,RG,6525,10,D,PD,YP,D
13:59:53,INDF,RG,6525,4,D,PD,SQ,D
13:59:53,INDF,RG,6525,1,D,PD,KK,D
13:59:53,INDF,RG,6525,2,D,PD,YP,D
13:59:53,INDF,RG,6525,2,D,PD,CC,D
13:59:53,INDF,RG,6525,3,D,PD,PD,D
13:59:53,INDF,RG,6525,2,D,PD,PD,D
13:59:53,INDF,RG,6525,1,D,PD,XC,D
13:59:53,INDF,RG,6525,1,D,PD,YP,D
13:59:53,INDF,RG,6525,1,D,PD,YU,D
13:59:53,INDF,RG,6525,1,D,PD,YU,D
13:59:53,INDF,RG,6525,1,D,PD,YU,D
13:59:41,INDF,RG,6500,8,F,ZP,BK,F
13:59:41,INDF,RG,6500,6,F,ZP,BK,F
13:59:41,INDF,RG,6500,1,F,ZP,AK,F
13:59:41,INDF,RG,6500,4,F,ZP,AK,F
13:59:41,INDF,RG,6500,2,F,CS,AK,F
13:59:41,INDF,RG,6500,89,D,PP,AK,F
13:59:41,INDF,RG,6500,30,D,PP,SQ,D
13:59:41,INDF,RG,6500,12,D,PP,BK,F
13:59:41,INDF,RG,6500,200,D,PP,CC,D
13:59:41,INDF,RG,6500,27,D,PP,BK,F
13:59:41,INDF,RG,6500,47,D,PP,DX,F
13:59:41,INDF,RG,6500,6,D,PP,PD,D
13:59:41,INDF,RG,6500,25,D,PP,PD,D
13:59:41,INDF,RG,6500,30,D,PP,CP,D
13:59:41,INDF,RG,6500,124,D,PP,CC,D
13:59:41,INDF,RG,6500,1,D,PP,XC,D
13:59:41,INDF,RG,6500,3,D,PP,NI,D
13:59:41,INDF,RG,6500,39,D,PP,DX,F
13:59:41,INDF,RG,6500,1,D,PP,PD,D
13:59:41,INDF,RG,6500,1,D,PP,PD,D
13:59:41,INDF,RG,6500,23,D,PP,AI,D
13:59:41,INDF,RG,6500,14,D,PP,BK,F
13:59:41,INDF,RG,6500,80,D,PP,LG,D
13:59:41,INDF,RG,6500,2,D,PP,CC,F
13:59:41,INDF,RG,6500,100,D,PP,LG,D
13:59:41,INDF,RG,6500,5,D,PP,YP,D
13:59:41,INDF,RG,6500,29,D,PP,DX,F
13:59:41,INDF,RG,6500,3,D,PP,PD,D
13:59:41,INDF,RG,6500,6,D,PP,ZP,F
13:59:41,INDF,RG,6500,12,D,PP,BK,D
13:59:41,INDF,RG,6500,2,D,PP,AK,F
13:59:41,INDF,RG,6500,838,D,PP,KZ,F
13:59:41,INDF,RG,6500,32,D,PP,AK,F
13:59:41,INDF,RG,6500,1,D,PP,AK,F
13:59:41,INDF,RG,6500,1,D,PP,DR,D
13:59:41,INDF,RG,6500,5,D,PP,OD,D
13:59:41,INDF,RG,6500,1,D,PP,CC,D
13:59:41,INDF,RG,6500,110,D,PP,CS,F
13:59:41,INDF,RG,6500,10,D,PP,AG,F
13:59:41,INDF,RG,6500,151,D,PP,RX,F
13:59:41,INDF,RG,6500,36,D,PP,RX,F
13:59:15,INDF,RG,6475,12,F,BK,BK,D
13:58:25,INDF,RG,6500,3,D,CC,RX,F
13:58:00,INDF,RG,6500,22,F,ZP,RX,F
13:57:41,INDF,RG,6475,2,F,BK,YU,D
13:57:34,INDF,RG,6475,2,F,BK,YB,D
13:57:34,INDF,RG,6475,10,F,BK,YB,D
13:57:17,INDF,RG,6475,1,F,BK,YU,D
13:57:01,INDF,RG,6475,36,F,BK,KI,D
13:57:01,INDF,RG,6475,5,D,PD,KI,D
13:57:01,INDF,RG,6475,9,D,YP,KI,D
13:57:00,INDF,RG,6500,22,F,ZP,RX,F
13:56:57,INDF,RG,6475,2,D,YP,YP,D
13:56:38,INDF,RG,6500,8,F,BK,RX,F
13:56:38,INDF,RG,6500,8,F,BK,IP,D
13:56:38,INDF,RG,6475,1,D,YP,YP,D
13:56:23,INDF,RG,6475,2,D,YP,NI,D
13:56:21,INDF,RG,6475,4,D,YP,KK,D
13:56:02,INDF,RG,6475,13,D,YP,BK,D
13:55:47,INDF,RG,6500,2,F,BK,IP,D
13:55:47,INDF,RG,6500,1,F,BK,CC,D
13:55:47,INDF,RG,6500,1,F,BK,XC,D
13:55:47,INDF,RG,6500,8,F,BK,NI,D
13:55:45,INDF,RG,6500,2,D,ZP,NI,D
13:55:17,INDF,RG,6500,1,D,CC,CC,D
13:55:14,INDF,RG,6500,2,D,PD,CC,D
13:55:14,INDF,RG,6500,5,D,PD,NI,D
13:55:14,INDF,RG,6500,3,D,PD,PD,D
13:55:14,INDF,RG,6500,5,D,PD,CC,D
13:55:14,INDF,RG,6500,1,D,PD,XC,D
13:55:14,INDF,RG,6500,3,D,PD,AK,F
13:55:02,INDF,RG,6475,231,D,YP,DH,D
13:55:00,INDF,RG,6500,23,F,ZP,AK,F
13:54:37,INDF,RG,6475,53,D,YP,KK,D
13:54:06,INDF,RG,6500,2,D,NI,AK,F
13:54:03,INDF,RG,6475,2,D,YP,CD,D
13:53:49,INDF,RG,6500,12,F,EP,AK,F
13:53:49,INDF,RG,6500,10,F,EP,PD,D
13:53:49,INDF,RG,6500,20,F,EP,YP,D
13:53:49,INDF,RG,6500,5,F,EP,NI,D
13:53:49,INDF,RG,6500,2,F,EP,CC,F
13:53:49,INDF,RG,6500,5,F,EP,SQ,D
13:53:49,INDF,RG,6500,1,F,EP,NI,D
13:53:49,INDF,RG,6500,1,F,EP,NI,D
13:53:49,INDF,RG,6500,143,F,EP,GR,D
13:53:49,INDF,RG,6500,1,F,EP,ZP,F
13:53:41,INDF,RG,6500,1,D,YP,ZP,F
13:53:41,INDF,RG,6500,1,D,YP,NI,D
13:53:25,INDF,RG,6475,5,D,YP,XC,D
13:53:11,INDF,RG,6475,20,D,YP,IP,D
13:52:52,INDF,RG,6500,4,F,BK,BK,F
13:52:52,INDF,RG,6500,215,F,BK,CC,D
13:52:52,INDF,RG,6500,4,F,BK,NI,D
13:52:52,INDF,RG,6500,6,F,BK,ZP,F
13:52:52,INDF,RG,6500,55,F,BK,BK,F
13:52:52,INDF,RG,6500,23,F,BK,BK,F
13:52:52,INDF,RG,6500,13,F,BK,BK,F
13:52:52,INDF,RG,6500,10,F,BK,CC,D
13:52:52,INDF,RG,6500,106,F,BK,RX,F
13:52:52,INDF,RG,6500,115,F,BK,RX,F
13:52:52,INDF,RG,6500,51,F,BK,BK,F
13:52:52,INDF,RG,6500,22,F,BK,BK,F
13:52:52,INDF,RG,6500,2,F,BK,KK,D
13:52:52,INDF,RG,6500,7,F,BK,PD,D
13:52:52,INDF,RG,6500,13,F,BK,BK,F
13:52:52,INDF,RG,6500,46,F,BK,BK,F
13:52:52,INDF,RG,6500,20,F,BK,BK,F
13:52:52,INDF,RG,6500,10,F,BK,PD,D
13:52:52,INDF,RG,6500,31,F,BK,DX,F
13:52:52,INDF,RG,6500,1,F,BK,AK,F
13:52:52,INDF,RG,6500,44,F,BK,BK,F
13:52:52,INDF,RG,6500,47,F,BK,AK,F
13:52:52,INDF,RG,6500,13,F,BK,BK,F
13:52:52,INDF,RG,6500,17,F,BK,BK,F
13:52:52,INDF,RG,6500,100,F,BK,SQ,D
13:52:52,INDF,RG,6500,37,F,BK,BK,F
13:52:52,INDF,RG,6500,16,F,BK,BK,F
13:52:52,INDF,RG,6500,1,F,BK,AK,F
13:52:52,INDF,RG,6500,14,F,BK,DX,F
13:52:51,INDF,RG,6500,22,D,PP,DX,F
13:52:51,INDF,RG,6500,44,D,PP,AK,F
13:52:51,INDF,RG,6500,13,D,PP,BK,F
13:52:51,INDF,RG,6500,34,D,PP,BK,F
13:52:51,INDF,RG,6500,14,D,PP,BK,F
13:52:51,INDF,RG,6500,33,D,PP,DX,F
13:52:51,INDF,RG,6500,1,D,PP,AK,F
13:52:51,INDF,RG,6500,33,D,PP,BK,F
13:52:51,INDF,RG,6500,13,D,PP,BK,F
13:52:51,INDF,RG,6500,10,D,PP,PD,D
13:52:51,INDF,RG,6500,1,D,PP,OD,D
13:52:51,INDF,RG,6500,22,D,PP,DX,F
13:52:51,INDF,RG,6500,19,D,PP,BK,F
13:52:51,INDF,RG,6500,42,D,PP,BK,F
13:52:51,INDF,RG,6500,18,D,PP,BK,F
13:52:51,INDF,RG,6500,201,D,PP,RX,F
13:52:51,INDF,RG,6500,367,D,PP,RX,F
13:52:51,INDF,RG,6500,47,D,PP,BK,F
13:52:51,INDF,RG,6500,21,D,PP,BK,F
13:52:51,INDF,RG,6500,54,D,PP,AK,F
13:52:51,INDF,RG,6500,512,D,PP,KZ,F
13:52:51,INDF,RG,6500,1,D,PP,AK,F
13:52:51,INDF,RG,6500,67,D,PP,BK,F
13:52:51,INDF,RG,6500,34,D,PP,BK,F
13:52:51,INDF,RG,6500,14,D,PP,BK,F
13:52:51,INDF,RG,6500,5,D,PP,PD,D
13:52:51,INDF,RG,6500,50,D,PP,YP,D
13:52:51,INDF,RG,6500,8,D,PP,YP,D
13:52:51,INDF,RG,6500,30,D,PP,KK,F
13:52:51,INDF,RG,6500,17,D,PP,XC,D
13:52:51,INDF,RG,6500,10,D,PP,PD,D
13:52:51,INDF,RG,6500,133,D,PP,DX,F
13:52:51,INDF,RG,6500,2,D,PP,PD,D
13:52:51,INDF,RG,6500,454,D,PP,KZ,F
13:52:51,INDF,RG,6500,5,D,PP,LS,D
13:52:51,INDF,RG,6500,370,D,PP,CS,F
13:52:51,INDF,RG,6500,12,D,PP,BK,D
13:52:51,INDF,RG,6500,70,D,PP,BK,F
13:52:51,INDF,RG,6500,6,D,PP,ZP,F
13:52:51,INDF,RG,6500,1,D,PP,DR,D
13:52:51,INDF,RG,6500,50,D,PP,YP,D
13:52:51,INDF,RG,6500,40,D,PP,YP,D
13:52:51,INDF,RG,6500,2,D,PP,YP,D
13:52:51,INDF,RG,6500,5,D,PP,OD,D
13:52:51,INDF,RG,6500,7,D,PP,LS,D
13:52:51,INDF,RG,6500,1,D,PP,EP,D
13:52:51,INDF,RG,6500,434,D,PP,RX,F
13:52:51,INDF,RG,6500,375,D,PP,RX,F
13:52:51,INDF,RG,6500,16,D,PP,KK,D
13:52:51,INDF,RG,6500,13,D,PP,BK,F
13:52:51,INDF,RG,6500,247,D,PP,YP,D
13:52:47,INDF,RG,6475,8,D,YP,DX,F
13:52:47,INDF,RG,6475,3,F,ZP,DX,F
13:52:42,INDF,RG,6475,5,F,ZP,AG,D
13:52:35,INDF,RG,6475,6,F,ZP,ZP,F
13:52:32,INDF,RG,6475,1,F,ZP,XC,D
13:52:13,INDF,RG,6475,7,F,ZP,DX,F
13:52:13,INDF,RG,6475,5,F,YU,DX,F
13:52:12,INDF,RG,6475,13,F,YU,BK,F
13:52:03,INDF,RG,6500,153,D,NI,YP,D
13:52:00,INDF,RG,6475,15,F,YU,RX,F
13:51:59,INDF,RG,6475,25,F,YU,BK,F
13:51:44,INDF,RG,6475,21,F,YU,RX,F
13:51:41,INDF,RG,6475,1,F,YU,PD,D
13:51:40,INDF,RG,6475,14,F,YU,RX,F
13:51:27,INDF,RG,6475,50,F,YU,SQ,D
13:51:22,INDF,RG,6475,52,F,YU,RX,F
13:51:12,INDF,RG,6475,4,F,YU,DX,F
13:51:12,INDF,RG,6475,1,D,OD,DX,F
13:51:12,INDF,RG,6475,7,F,YU,DX,F
13:51:03,INDF,RG,6475,3,F,YU,RX,F
13:51:03,INDF,RG,6475,4,F,CS,RX,F
13:51:03,INDF,RG,6475,15,F,YU,RX,F
13:51:03,INDF,RG,6475,3,F,ZP,RX,F
13:51:03,INDF,RG,6475,2,F,ZP,RX,F
13:51:03,INDF,RG,6475,7,D,NI,RX,F
13:51:00,INDF,RG,6475,2,D,NI,XC,D
13:50:39,INDF,RG,6475,10,D,NI,DX,F
13:50:39,INDF,RG,6475,1,F,YU,DX,F
13:50:32,INDF,RG,6475,3,F,YU,ZP,F
13:50:27,INDF,RG,6475,6,F,YU,BK,F
13:50:27,INDF,RG,6475,27,F,EP,BK,F
13:50:20,INDF,RG,6475,10,F,EP,AG,F
13:50:16,INDF,RG,6500,19,D,PD,BK,F
13:50:12,INDF,RG,6475,19,F,EP,RX,F
13:49:57,INDF,RG,6475,11,F,EP,RX,F
13:49:57,INDF,RG,6475,14,F,EP,BK,F
13:49:50,INDF,RG,6475,23,F,EP,RX,F
13:49:49,INDF,RG,6475,13,F,EP,BK,D
13:49:46,INDF,RG,6475,35,F,EP,YP,D
13:49:45,INDF,RG,6475,5,F,EP,IP,D
13:49:41,INDF,RG,6475,15,F,EP,RX,F
13:49:41,INDF,RG,6475,10,F,EP,DX,F
13:49:38,INDF,RG,6475,18,F,EP,PD,D
13:49:38,INDF,RG,6475,6,F,YU,PD,D
13:49:28,INDF,RG,6475,3,F,YU,RX,F
13:49:28,INDF,RG,6475,2,F,ZP,RX,F
13:49:28,INDF,RG,6475,5,D,ZP,RX,F
13:49:28,INDF,RG,6475,9,F,YU,RX,F
13:49:28,INDF,RG,6500,1,D,PD,BK,F
13:49:20,INDF,RG,6475,4,F,YU,BK,F
13:49:20,INDF,RG,6475,19,D,NI,BK,F
13:49:20,INDF,RG,6475,1,D,NI,RX,F
13:49:20,INDF,RG,6475,2,F,ZP,RX,F
13:49:20,INDF,RG,6475,13,F,BK,RX,F
13:49:11,INDF,RG,6475,9,F,BK,DX,F
13:49:10,INDF,RG,6475,20,F,BK,RX,F
13:49:06,INDF,RG,6475,5,F,BK,ZP,F
13:48:58,INDF,RG,6475,14,F,BK,RX,F
13:48:58,INDF,RG,6475,1,F,CS,RX,F
13:48:58,INDF,RG,6475,11,F,YU,RX,F
13:48:51,INDF,RG,6475,16,F,YU,RX,F
13:48:45,INDF,RG,6475,13,F,YU,BK,F
13:48:36,INDF,RG,6475,92,F,YU,RX,F
13:48:31,INDF,RG,6475,1,F,YU,KK,D
13:48:21,INDF,RG,6475,2,F,YU,YU,D
13:48:20,INDF,RG,6475,55,F,YU,RX,F
13:48:18,INDF,RG,6475,10,F,YU,DX,F
13:48:18,INDF,RG,6475,4,F,YU,DX,F
13:48:17,INDF,RG,6475,2,F,YU,SQ,D
13:47:49,INDF,RG,6475,7,F,YU,DX,F
13:47:49,INDF,RG,6475,1,F,AK,DX,F
13:47:49,INDF,RG,6475,2,F,ZP,DX,F
13:47:46,INDF,RG,6475,20,F,ZP,BK,F
13:47:46,INDF,RG,6475,8,D,EP,BK,F
13:47:46,INDF,RG,6475,3,F,ZP,BK,F
13:47:46,INDF,RG,6475,3,F,EP,BK,F
13:47:40,INDF,RG,6475,25,F,EP,AG,D
13:47:38,INDF,RG,6475,3,F,EP,ZP,F
13:47:30,INDF,RG,6475,73,F,EP,AK,F
13:47:17,INDF,RG,6500,1,D,CC,BK,F
13:47:15,INDF,RG,6475,11,F,EP,DX,F
13:47:12,INDF,RG,6500,15,D,XL,BK,F
13:47:12,INDF,RG,6500,1,D,XL,YP,D
13:47:12,INDF,RG,6500,1,D,XL,YP,D
13:47:12,INDF,RG,6500,67,D,XL,CC,D
13:47:12,INDF,RG,6500,16,D,XL,CC,D
13:47:09,INDF,RG,6475,3,F,EP,AK,F
13:47:08,INDF,RG,6475,17,F,EP,RX,F
13:47:03,INDF,RG,6475,13,F,EP,RX,F
13:46:53,INDF,RG,6475,10,F,EP,ZP,D
13:46:52,INDF,RG,6475,23,F,EP,RX,F
13:46:50,INDF,RG,6475,1,F,EP,PD,D
13:46:46,INDF,RG,6475,8,F,EP,DX,F
13:46:45,INDF,RG,6475,10,F,EP,RX,F
13:46:45,INDF,RG,6475,9,F,YU,RX,F
13:46:38,INDF,RG,6475,6,F,YU,ZP,F
13:46:38,INDF,RG,6475,3,F,ZP,ZP,F
13:46:30,INDF,RG,6475,16,F,ZP,RX,F
13:46:29,INDF,RG,6475,2,F,ZP,BK,D
13:46:29,INDF,RG,6475,2,F,ZP,BK,D
13:46:29,INDF,RG,6475,8,D,YP,BK,D
13:46:28,INDF,RG,6475,12,D,YP,BK,F
13:46:28,INDF,RG,6475,3,D,SQ,BK,F
13:46:28,INDF,RG,6475,5,D,YP,BK,F
13:46:28,INDF,RG,6475,2,F,ZP,BK,F
13:46:28,INDF,RG,6475,1,D,PD,BK,F
13:46:28,INDF,RG,6475,6,F,YU,BK,F
13:46:14,INDF,RG,6475,6,F,YU,RX,F
13:46:14,INDF,RG,6475,33,F,BK,RX,F
13:46:14,INDF,RG,6475,4,F,CS,RX,F
13:46:14,INDF,RG,6475,10,D,ZP,DX,F
13:46:14,INDF,RG,6475,2,D,PD,DX,F
13:46:12,INDF,RG,6475,17,F,YU,BK,F
13:46:09,INDF,RG,6475,50,F,YU,CC,D
13:45:33,INDF,RG,6475,19,F,YU,RX,F
13:45:27,INDF,RG,6475,20,F,YU,AT,D
13:45:22,INDF,RG,6475,13,F,YU,BK,F
13:45:15,INDF,RG,6475,16,F,YU,RX,F
13:45:11,INDF,RG,6475,13,F,YU,DX,F
13:45:10,INDF,RG,6500,19,D,PD,CC,D
13:45:02,INDF,RG,6475,1,F,YU,XC,D
13:45:00,INDF,RG,6475,16,F,YU,RX,F
13:45:00,INDF,RG,6475,35,F,YU,CC,F
13:45:00,INDF,RG,6475,1,D,NI,CC,F
13:45:00,INDF,RG,6475,15,F,YU,CC,F
13:45:00,INDF,RG,6475,1,F,ZP,CC,F
13:44:56,INDF,RG,6475,2,F,ZP,BK,F
13:44:56,INDF,RG,6475,22,F,ZP,BK,F
13:44:56,INDF,RG,6475,3,F,ZP,BK,F
13:44:56,INDF,RG,6475,6,D,YP,BK,F
13:44:52,INDF,RG,6475,1,D,YP,KK,D
13:44:42,INDF,RG,6475,6,D,YP,ZP,F
13:44:38,INDF,RG,6475,12,D,YP,DX,F
13:44:35,INDF,RG,6475,12,F,YU,RX,F
13:44:15,INDF,RG,6500,1,D,YU,CC,D
13:44:07,INDF,RG,6475,2,F,YU,DX,F
13:44:07,INDF,RG,6475,12,F,YU,DX,F
13:43:49,INDF,RG,6475,2,F,YU,NI,D
13:43:46,INDF,RG,6475,13,F,YU,CC,D
13:43:46,INDF,RG,6475,8,D,EP,CC,D
13:43:46,INDF,RG,6475,4,D,YP,CC,D
13:43:44,INDF,RG,6475,2,F,ZP,PD,D
13:43:44,INDF,RG,6475,52,F,BK,PD,D
13:43:43,INDF,RG,6475,2,F,BK,YB,D
13:43:30,INDF,RG,6475,9,F,BK,BK,F
13:43:30,INDF,RG,6475,24,F,YU,BK,F
13:43:28,INDF,RG,6475,1,F,YU,YU,D
13:43:23,INDF,RG,6475,2,F,YU,YP,D
13:43:16,INDF,RG,6475,100,F,YU,SQ,D
13:43:15,INDF,RG,6475,1,F,YU,CD,D
13:43:14,INDF,RG,6475,11,F,YU,DX,F
13:42:55,INDF,RG,6475,14,F,YU,BK,D
13:42:48,INDF,RG,6475,11,F,YU,DX,F
13:42:47,INDF,RG,6475,4,F,YU,PD,D
13:42:43,INDF,RG,6475,15,F,YU,ZP,F
13:42:38,INDF,RG,6475,1,F,YU,NI,D
13:42:36,INDF,RG,6475,16,F,YU,ZP,D
13:42:36,INDF,RG,6475,3,D,NI,ZP,D
13:42:36,INDF,RG,6475,14,F,YU,ZP,D
13:42:36,INDF,RG,6475,3,F,CS,ZP,D
13:42:36,INDF,RG,6475,10,D,NI,ZP,D
13:42:36,INDF,RG,6475,5,F,ZP,ZP,D
13:42:36,INDF,RG,6475,2,F,ZP,ZP,D
13:42:36,INDF,RG,6475,2,D,CC,ZP,D
13:42:36,INDF,RG,6475,20,D,KK,ZP,D
13:42:36,INDF,RG,6475,22,F,ZP,ZP,D
13:42:36,INDF,RG,6475,18,F,EP,ZP,D
13:42:23,INDF,RG,6475,10,F,EP,PD,D
13:42:17,INDF,RG,6475,9,F,EP,NI,D
13:42:00,INDF,RG,6475,163,F,EP,CC,D
13:42:00,INDF,RG,6475,1,D,KK,CC,D
13:42:00,INDF,RG,6475,2,F,ZP,CC,D
13:42:00,INDF,RG,6475,4,D,SQ,CC,D
13:42:00,INDF,RG,6475,40,F,YU,CC,D
13:41:53,INDF,RG,6475,14,F,YU,DX,F
13:41:46,INDF,RG,6475,16,F,YU,YP,D
13:41:46,INDF,RG,6475,2,F,BK,YP,D
13:41:44,INDF,RG,6500,1,D,BQ,CC,D
13:41:28,INDF,RG,6475,11,F,BK,DX,F
13:41:28,INDF,RG,6475,2,F,YU,DX,F
13:41:25,INDF,RG,6475,2,F,YU,SQ,D
13:40:57,INDF,RG,6475,10,F,YU,DX,F
13:40:40,INDF,RG,6475,1,F,YU,PD,D
13:40:36,INDF,RG,6475,100,F,YU,SQ,D
13:40:33,INDF,RG,6475,1,F,YU,PD,D
13:40:28,INDF,RG,6475,2,F,YU,NI,D
13:40:09,INDF,RG,6500,93,D,PD,CC,D
13:40:09,INDF,RG,6500,46,D,PD,CC,D
13:40:09,INDF,RG,6500,24,D,PD,CC,D
13:40:06,INDF,RG,6500,20,D,PD,CC,D
13:39:55,INDF,RG,6475,14,F,YU,DX,F
13:39:23,INDF,RG,6475,11,F,YU,DX,F
13:39:21,INDF,RG,6475,14,F,YU,BK,D
13:39:13,INDF,RG,6475,2,F,YU,YU,D
13:39:10,INDF,RG,6475,28,F,YU,PD,D
13:39:09,INDF,RG,6475,10,F,YU,YP,D
13:39:08,INDF,RG,6475,3,F,YU,AK,F
13:39:08,INDF,RG,6475,21,F,ZP,AK,F
13:39:08,INDF,RG,6475,12,F,YU,AK,F
13:39:08,INDF,RG,6475,5,D,PD,AK,F
13:39:08,INDF,RG,6475,2,F,ZP,AK,F
13:39:08,INDF,RG,6475,11,F,YU,AK,F
13:39:08,INDF,RG,6475,2,F,ZP,AK,F
13:39:08,INDF,RG,6475,3,F,CS,AK,F
13:39:08,INDF,RG,6475,1,D,PD,AK,F
13:39:08,INDF,RG,6475,12,F,YU,AK,F
13:39:08,INDF,RG,6475,1,D,HP,AK,F
13:39:08,INDF,RG,6475,68,F,BK,AK,F
13:39:08,INDF,RG,6475,10,D,OD,AK,F
13:39:08,INDF,RG,6475,22,F,ZP,AK,F
13:39:08,INDF,RG,6475,200,F,EP,AK,F
13:39:08,INDF,RG,6475,1,F,AK,AK,F
13:39:08,INDF,RG,6475,14,F,YU,AK,F
13:39:08,INDF,RG,6475,3,F,ZP,AK,F
13:39:08,INDF,RG,6475,193,F,YU,AK,F
13:39:08,INDF,RG,6475,3,F,YU,ZP,F
13:39:08,INDF,RG,6475,4,F,YU,RX,F
13:39:08,INDF,RG,6475,22,F,YU,RX,F
13:39:07,INDF,RG,6475,16,D,CC,RX,F
13:38:57,INDF,RG,6475,10,D,EP,DX,F
13:38:46,INDF,RG,6475,10,D,PD,RX,F
13:38:46,INDF,RG,6475,6,D,YP,RX,F
13:38:45,INDF,RG,6475,4,D,YP,RX,F
13:38:45,INDF,RG,6475,1,F,ZP,RX,F
13:38:45,INDF,RG,6475,2,F,ZP,RX,F
13:38:45,INDF,RG,6475,23,F,BK,RX,F
13:38:31,INDF,RG,6475,50,D,CC,DR,D
13:38:26,INDF,RG,6475,15,D,CC,RX,F
13:38:19,INDF,RG,6475,29,D,CC,RX,F
13:38:06,INDF,RG,6475,1,D,CC,GR,D
13:38:06,INDF,RG,6475,21,D,CC,RX,F
13:37:54,INDF,RG,6475,31,D,CC,RX,F
13:37:49,INDF,RG,6475,1,D,CC,NI,D
13:37:47,INDF,RG,6475,4,D,CC,ZP,F
13:37:39,INDF,RG,6475,16,D,CC,RX,F
13:37:38,INDF,RG,6475,1,D,CC,NI,D
13:37:27,INDF,RG,6475,31,D,CC,RX,F
13:37:19,INDF,RG,6475,18,D,CC,RX,F
13:37:19,INDF,RG,6475,2,D,MK,RX,F
13:37:19,INDF,RG,6475,10,F,YU,RX,F
13:37:19,INDF,RG,6475,1,D,YP,RX,F
13:37:19,INDF,RG,6475,3,D,YP,RX,F
13:37:08,INDF,RG,6475,7,D,YP,ZP,F
13:37:08,INDF,RG,6475,2,F,YU,ZP,F
13:37:01,INDF,RG,6475,31,F,YU,RX,F
13:36:59,INDF,RG,6475,1,F,YU,YB,D
13:36:36,INDF,RG,6475,20,F,YU,RX,F
13:36:34,INDF,RG,6475,23,F,YU,RX,F
13:36:32,INDF,RG,6475,2,F,YU,CC,D
13:36:14,INDF,RG,6475,79,F,YU,RX,F
13:36:09,INDF,RG,6475,18,F,YU,RX,F
13:36:09,INDF,RG,6475,35,F,YU,RX,F
13:36:00,INDF,RG,6475,13,F,YU,BK,D
13:36:00,INDF,RG,6475,125,F,YU,CC,D
13:35:20,INDF,RG,6500,19,D,PD,CC,D
13:35:06,INDF,RG,6475,16,F,YU,RX,F
13:35:02,INDF,RG,6475,11,F,YU,RX,F
13:35:02,INDF,RG,6475,1,F,ZP,RX,F
13:34:59,INDF,RG,6475,3,F,ZP,XC,D
13:34:55,INDF,RG,6475,2,F,ZP,RX,F
13:34:55,INDF,RG,6475,1,F,AK,RX,F
13:34:55,INDF,RG,6475,3,F,CS,RX,F
13:34:55,INDF,RG,6475,9,F,BK,RX,F
13:34:52,INDF,RG,6475,5,F,BK,RX,F
13:34:52,INDF,RG,6475,1,D,KK,RX,F
13:34:52,INDF,RG,6475,2,F,ZP,RX,F
13:34:52,INDF,RG,6475,6,D,NI,RX,F
13:34:49,INDF,RG,6475,2,D,NI,YP,D
13:34:47,INDF,RG,6475,19,D,NI,RX,F
13:34:41,INDF,RG,6475,3,D,NI,RX,F
13:34:41,INDF,RG,6475,10,D,PD,RX,F
13:34:37,INDF,RG,6475,15,D,CC,RX,F
13:34:32,INDF,RG,6475,14,D,CC,PD,D
13:34:32,INDF,RG,6475,4,D,CC,SQ,D
13:34:32,INDF,RG,6475,3,D,CC,YP,D
13:34:31,INDF,RG,6500,6,D,PD,CC,D
13:34:29,INDF,RG,6475,12,D,CC,RX,F
13:34:28,INDF,RG,6475,14,D,CC,RX,F
13:34:20,INDF,RG,6475,11,D,CC,RX,F
13:34:20,INDF,RG,6475,23,D,CC,RX,F
13:34:11,INDF,RG,6475,95,D,CC,RX,F
13:34:11,INDF,RG,6475,3,D,CC,ZP,F
13:34:10,INDF,RG,6475,133,D,CC,AK,F
13:34:10,INDF,RG,6475,2,F,ZP,AK,F
13:34:10,INDF,RG,6475,13,F,YU,AK,F
13:34:10,INDF,RG,6475,13,D,DH,AK,F
13:34:10,INDF,RG,6475,1,D,CC,AK,F
13:34:10,INDF,RG,6475,3,D,XC,AK,F
13:34:10,INDF,RG,6475,27,F,YU,AK,F
13:34:10,INDF,RG,6475,58,D,CC,AK,F
13:34:10,INDF,RG,6475,3,F,ZP,AK,F
13:34:10,INDF,RG,6475,13,F,BK,AK,F
13:34:10,INDF,RG,6475,200,F,EP,AK,F
13:34:10,INDF,RG,6475,1,D,NI,AK,F
13:34:10,INDF,RG,6475,34,F,ZP,AK,F
13:34:10,INDF,RG,6475,200,F,EP,AK,F
13:34:10,INDF,RG,6475,131,F,YU,AK,F
13:34:10,INDF,RG,6475,2,F,CS,AK,F
13:34:10,INDF,RG,6475,166,F,YU,AK,F
13:34:09,INDF,RG,6475,34,F,YU,RX,F
13:34:09,INDF,RG,6475,2,F,ZP,RX,F
13:34:09,INDF,RG,6475,3,F,ZP,RX,F
13:34:09,INDF,RG,6475,33,F,ZP,RX,F
13:34:09,INDF,RG,6475,16,F,YU,RX,F
13:34:09,INDF,RG,6475,1,F,AK,RX,F
13:34:09,INDF,RG,6475,35,F,YU,RX,F
13:34:09,INDF,RG,6475,8,D,CC,RX,F
13:34:05,INDF,RG,6475,1,D,XC,CC,D
13:34:05,INDF,RG,6475,1,D,XC,CC,D
13:34:05,INDF,RG,6475,4,D,YP,CC,D
13:34:05,INDF,RG,6475,30,D,PD,CC,D
13:34:05,INDF,RG,6475,113,F,YU,CC,D
13:34:04,INDF,RG,6475,111,F,YU,SQ,D
13:34:04,INDF,RG,6475,10,D,AT,SQ,D
13:34:04,INDF,RG,6475,29,D,CC,SQ,D
13:33:42,INDF,RG,6475,8,D,CC,YP,D
13:33:35,INDF,RG,6475,3,D,CC,ZP,F
13:33:05,INDF,RG,6475,1,D,CC,YB,D
13:33:03,INDF,RG,6500,21,F,ZP,CC,D
13:33:00,INDF,RG,6500,22,F,ZP,CC,D
13:32:58,INDF,RG,6475,7,D,CC,RX,F
13:32:58,INDF,RG,6475,1,D,CC,RX,F
13:32:58,INDF,RG,6475,1,D,PD,RX,F
13:32:58,INDF,RG,6475,1,D,PD,RX,F
13:32:58,INDF,RG,6475,6,F,YU,RX,F
13:32:56,INDF,RG,6475,14,F,YU,RX,F
13:32:49,INDF,RG,6475,39,F,YU,RX,F
13:32:45,INDF,RG,6475,12,F,YU,ZP,F
13:32:45,INDF,RG,6475,13,F,YU,RX,F
13:32:27,INDF,RG,6475,45,F,YU,RX,F
13:32:20,INDF,RG,6475,77,F,YU,CC,D
13:32:20,INDF,RG,6475,15,D,XC,CC,D
13:32:20,INDF,RG,6475,1,F,YU,CC,D
13:32:20,INDF,RG,6475,2,D,PD,CC,D
13:32:20,INDF,RG,6475,1,D,PD,CC,D
13:32:20,INDF,RG,6475,17,D,KK,CC,D
13:32:20,INDF,RG,6475,5,D,PD,CC,D
13:32:20,INDF,RG,6475,10,D,PD,CC,D
13:32:20,INDF,RG,6475,1,D,PD,CC,D
13:32:20,INDF,RG,6475,1,D,PD,CC,D
13:32:20,INDF,RG,6475,1,D,KK,CC,D
13:32:20,INDF,RG,6475,16,D,DH,CC,D
13:32:20,INDF,RG,6475,3,D,CC,CC,D
13:32:03,INDF,RG,6475,12,D,CC,RX,F
13:31:02,INDF,RG,6475,20,D,CC,RX,F
13:30:55,INDF,RG,6475,15,D,CC,RX,F
13:30:52,INDF,RG,6475,5,D,CC,DR,D
13:30:47,INDF,RG,6475,22,D,CC,RX,F
13:30:46,INDF,RG,6475,14,D,CC,RX,F
13:30:45,INDF,RG,6475,15,D,CC,ZP,F
13:30:45,INDF,RG,6475,147,D,CC,XC,D
13:30:45,INDF,RG,6475,65,D,SQ,XC,D
13:30:45,INDF,RG,6475,1,D,PD,XC,D
13:30:45,INDF,RG,6475,125,F,BK,XC,D
13:30:45,INDF,RG,6475,10,D,CC,XC,D
13:30:45,INDF,RG,6475,200,F,YU,XC,D
13:30:45,INDF,RG,6475,3,D,EP,XC,D
13:30:45,INDF,RG,6475,2,D,SQ,XC,D
13:30:45,INDF,RG,6475,10,D,DR,XC,D
13:30:45,INDF,RG,6475,4,D,DR,XC,D
13:30:45,INDF,RG,6475,10,D,OD,XC,D
13:30:45,INDF,RG,6475,3,D,AO,XC,D
13:30:45,INDF,RG,6475,126,D,CC,XC,D
13:30:45,INDF,RG,6475,126,D,CC,XC,D
13:30:45,INDF,RG,6475,5,D,XC,XC,D
13:30:45,INDF,RG,6475,4,F,CS,XC,D
13:30:45,INDF,RG,6475,3,F,ZP,XC,D
13:30:45,INDF,RG,6475,20,F,CC,XC,D
13:30:45,INDF,RG,6475,1,D,XC,XC,D
13:30:45,INDF,RG,6475,2,D,AZ,XC,D
13:30:45,INDF,RG,6475,50,D,YP,XC,D
13:30:45,INDF,RG,6475,2,F,ZP,XC,D
13:30:45,INDF,RG,6475,1,D,YP,XC,D
13:30:45,INDF,RG,6475,22,F,ZP,XC,D
13:30:45,INDF,RG,6475,2,F,ZP,XC,D
13:30:45,INDF,RG,6475,49,F,EP,XC,D
13:30:35,INDF,RG,6475,22,F,EP,RX,F
13:30:35,INDF,RG,6475,14,F,EP,RX,F
13:30:25,INDF,RG,6475,22,F,EP,RX,F
13:30:25,INDF,RG,6475,15,F,EP,RX,F
13:30:19,INDF,RG,6475,2,F,EP,YU,D
13:30:17,INDF,RG,6475,76,F,EP,AK,F
13:30:17,INDF,RG,6475,7,F,ZP,AK,F
13:30:17,INDF,RG,6475,50,D,AT,AK,F
13:30:17,INDF,RG,6500,1,F,AK,CC,D
13:30:14,INDF,RG,6475,4,D,AT,AK,F
13:30:14,INDF,RG,6475,141,D,AT,RX,F
13:30:14,INDF,RG,6475,133,D,AT,RX,F
13:30:11,INDF,RG,6475,3,D,AT,XC,D
13:30:08,INDF,RG,6475,1,D,AT,PD,D
13:30:08,INDF,RG,6500,3,D,PD,CC,D
13:30:07,INDF,RG,6475,1,D,AT,PD,D
13:30:07,INDF,RG,6475,2,D,AT,CC,D
13:30:07,INDF,RG,6475,1,D,AT,XC,D
13:30:07,INDF,RG,6475,1,D,AT,PD,D
13:30:07,INDF,RG,6500,10,D,PD,CC,D
13:30:07,INDF,RG,6475,3,D,AT,PD,D
13:30:07,INDF,RG,6475,6,D,AT,XC,D
13:30:06,INDF,RG,6475,154,D,AT,YP,D
13:30:06,INDF,RG,6475,1,D,YP,YP,D
13:30:06,INDF,RG,6475,10,D,OD,YP,D
13:30:06,INDF,RG,6475,25,D,PD,YP,D
13:30:06,INDF,RG,6475,20,D,SQ,YP,D
13:30:06,INDF,RG,6475,1,D,PD,YP,D
13:30:06,INDF,RG,6475,25,D,XL,YP,D
13:30:06,INDF,RG,6475,5,D,PD,YP,D
13:30:06,INDF,RG,6475,2,D,PD,YP,D
13:30:06,INDF,RG,6475,182,D,EP,YP,D
13:30:06,INDF,RG,6500,5,F,ZP,CC,D
13:30:06,INDF,RG,6500,27,F,ZP,BK,F
13:30:06,INDF,RG,6500,1,D,PD,BK,F
13:30:06,INDF,RG,6475,1,D,EP,YU,D
13:30:06,INDF,RG,6475,1,D,EP,XC,D
13:30:06,INDF,RG,6500,1,D,XC,BK,F
13:30:05,INDF,RG,6475,50,D,EP,DX,D
13:30:05,INDF,RG,6475,58,D,EP,KZ,D
13:30:05,INDF,RG,6475,319,D,EP,KZ,D
13:30:05,INDF,RG,6475,130,D,EP,KZ,D
13:30:05,INDF,RG,6475,411,D,EP,KZ,D
13:30:05,INDF,RG,6475,36,D,EP,KZ,D
13:30:05,INDF,RG,6475,375,D,EP,KZ,D
13:30:05,INDF,RG,6475,49,D,EP,KZ,D
13:30:05,INDF,RG,6475,18,D,EP,RX,F
13:30:05,INDF,RG,6475,25,D,EP,RX,F
13:30:05,INDF,RG,6475,490,D,EP,DR,D
13:30:05,INDF,RG,6475,237,D,EP,CC,D
13:30:05,INDF,RG,6475,18,D,EP,CC,D
13:30:05,INDF,RG,6475,3,D,EP,CC,D
13:30:05,INDF,RG,6475,1,D,YP,CC,D
13:30:05,INDF,RG,6475,9,D,KK,CC,D
13:30:05,INDF,RG,6475,1,D,PD,CC,D
13:30:05,INDF,RG,6475,5,D,SQ,CC,D
13:30:05,INDF,RG,6475,100,D,YP,CC,D
13:30:05,INDF,RG,6475,1,D,YP,CC,D
13:30:05,INDF,RG,6500,1,D,PD,BK,F
13:30:05,INDF,RG,6475,1,D,YP,PD,D
13:30:05,INDF,RG,6475,4,D,XC,PD,D
13:30:05,INDF,RG,6475,8,D,XC,PD,D
13:30:05,INDF,RG,6475,2,D,PD,PD,D
13:30:05,INDF,RG,6475,10,D,PD,PD,D
13:30:05,INDF,RG,6475,3,D,PD,CC,D
13:30:04,INDF,RG,6500,2,D,XC,BK,F
13:30:04,INDF,RG,6475,9,D,PD,LG,D
13:30:04,INDF,RG,6475,4,D,PD,XC,D
13:30:04,INDF,RG,6475,22,D,PD,DP,D
13:30:04,INDF,RG,6475,700,D,KK,DP,D
13:30:04,INDF,RG,6500,2,D,PD,BK,F
13:30:04,INDF,RG,6475,20,D,KK,CP,D
13:30:03,INDF,RG,6500,1,D,PD,BK,F
13:30:03,INDF,RG,6475,30,D,KK,EP,D
13:30:03,INDF,RG,6500,10,D,DR,BK,F
13:30:03,INDF,RG,6500,3,D,YB,BK,F
13:30:03,INDF,RG,6475,1,D,KK,DR,D
13:30:03,INDF,RG,6500,1,D,GR,BK,F
13:30:03,INDF,RG,6475,1,D,KK,SQ,D
13:30:02,INDF,RG,6475,10,D,KK,EP,D
11:29:59,INDF,RG,6475,2,D,KK,KI,D
11:29:56,INDF,RG,6475,5,D,KK,XC,D
11:29:55,INDF,RG,6475,12,D,KK,BK,F
11:29:52,INDF,RG,6475,13,D,KK,BK,F
11:29:50,INDF,RG,6475,3,D,KK,AK,F
11:29:50,INDF,RG,6475,1,D,KK,AK,F
11:29:49,INDF,RG,6475,3,D,KK,BK,D
11:29:46,INDF,RG,6500,1,F,AK,BK,F
11:29:45,INDF,RG,6475,2,D,KK,AK,F
11:29:45,INDF,RG,6475,1,D,KK,AK,F
11:29:44,INDF,RG,6475,22,D,KK,RX,F
11:29:24,INDF,RG,6475,12,D,KK,RX,F
11:29:20,INDF,RG,6475,20,D,KK,RX,F
11:29:03,INDF,RG,6475,26,D,KK,RX,F
11:29:02,INDF,RG,6475,12,D,KK,BK,F
11:29:00,INDF,RG,6475,100,D,KK,PD,D
11:28:59,INDF,RG,6475,4,D,KK,RX,F
11:28:59,INDF,RG,6475,10,D,YP,RX,F
11:28:59,INDF,RG,6475,4,D,PD,RX,F
11:28:50,INDF,RG,6475,13,D,PD,BK,F
11:28:49,INDF,RG,6500,20,F,CC,BK,F
11:28:48,INDF,RG,6475,8,D,PD,BK,F
11:28:48,INDF,RG,6475,2,D,XA,BK,F
11:28:48,INDF,RG,6475,1,D,CC,BK,F
11:28:48,INDF,RG,6475,3,D,AT,BK,F
11:28:40,INDF,RG,6475,19,D,CC,RX,F
11:28:34,INDF,RG,6475,14,D,CC,BK,F
11:28:30,INDF,RG,6475,28,D,CC,AK,F
11:28:30,INDF,RG,6475,4,D,CC,AK,F
11:28:24,INDF,RG,6500,1,D,PD,BK,F
11:28:24,INDF,RG,6475,12,D,CC,BK,F
11:28:23,INDF,RG,6475,13,D,CC,RX,F
11:28:20,INDF,RG,6475,17,D,CC,RX,F
11:28:19,INDF,RG,6475,14,D,CC,BK,F
11:28:04,INDF,RG,6475,14,D,CC,BK,F
11:28:03,INDF,RG,6475,13,D,CC,RX,F
11:28:02,INDF,RG,6475,21,D,CC,RX,F
11:28:00,INDF,RG,6475,8,D,CC,AK,F
11:27:49,INDF,RG,6475,13,D,CC,BK,F
11:27:45,INDF,RG,6475,1,D,CC,AK,F
11:27:43,INDF,RG,6475,13,D,CC,RX,F
11:27:41,INDF,RG,6475,13,D,CC,BK,D
11:27:40,INDF,RG,6475,17,D,CC,RX,F
11:27:33,INDF,RG,6475,13,D,CC,BK,F
11:27:22,INDF,RG,6475,12,D,CC,BK,F
11:27:21,INDF,RG,6475,12,D,CC,RX,F
11:27:21,INDF,RG,6475,21,D,CC,RX,F
11:27:16,INDF,RG,6475,40,D,CC,YP,D
11:27:15,INDF,RG,6475,10,D,CC,YP,D
11:27:13,INDF,RG,6475,13,D,CC,BK,F
11:27:12,INDF,RG,6475,20,D,CC,YP,D
11:27:02,INDF,RG,6475,15,D,CC,RX,F
11:26:59,INDF,RG,6475,21,D,CC,RX,F
11:26:45,INDF,RG,6475,29,D,CC,AK,F
11:26:43,INDF,RG,6475,14,D,CC,BK,F
11:26:42,INDF,RG,6475,14,D,CC,BK,F
11:26:39,INDF,RG,6475,20,D,CC,RX,F
11:26:37,INDF,RG,6475,12,D,CC,RX,F
11:26:37,INDF,RG,6475,1,D,XC,RX,F
11:26:37,INDF,RG,6475,1,D,NI,RX,F
11:26:37,INDF,RG,6475,2,D,CC,RX,F
11:26:26,INDF,RG,6475,3,D,CC,BK,F
11:26:26,INDF,RG,6475,1,D,CD,BK,F
11:26:26,INDF,RG,6475,2,D,DR,BK,F
11:26:26,INDF,RG,6475,1,D,PD,BK,F
11:26:26,INDF,RG,6475,5,D,CC,BK,F
11:26:20,INDF,RG,6475,17,D,CC,RX,F
11:26:20,INDF,RG,6475,2,D,CC,EP,D
11:26:17,INDF,RG,6475,12,D,CC,BK,F
11:26:15,INDF,RG,6475,1,D,CC,AK,F
11:26:09,INDF,RG,6475,13,D,CC,BK,F
11:26:08,INDF,RG,6475,50,D,DR,RX,F
11:26:08,INDF,RG,6475,6,D,CC,RX,F
11:26:04,INDF,RG,6475,2,D,CC,PD,D
11:26:04,INDF,RG,6475,76,D,CC,RX,F
11:26:03,INDF,RG,6500,2,F,ZP,RX,F
11:26:02,INDF,RG,6500,1,F,ZP,BK,F
11:26:02,INDF,RG,6500,3,D,BQ,BK,F
11:26:02,INDF,RG,6500,2,F,CS,BK,F
11:26:02,INDF,RG,6500,13,F,ZP,BK,F
11:26:02,INDF,RG,6500,5,D,OD,BK,F
11:26:02,INDF,RG,6500,1,D,YP,BK,F
11:26:02,INDF,RG,6500,24,D,CC,BK,F
11:26:02,INDF,RG,6500,31,D,CC,SQ,D
11:26:02,INDF,RG,6500,500,D,CC,SQ,D
11:26:02,INDF,RG,6500,1,D,DR,SQ,D
11:26:02,INDF,RG,6500,1,D,CC,SQ,D
11:26:02,INDF,RG,6500,2,D,NI,SQ,D
11:26:02,INDF,RG,6500,4,F,CS,SQ,D
11:26:02,INDF,RG,6500,3,D,LS,SQ,D
11:26:02,INDF,RG,6500,7,D,CC,SQ,D
11:26:02,INDF,RG,6500,1,D,EP,SQ,D
11:26:02,INDF,RG,6500,8,D,YP,SQ,D
11:26:02,INDF,RG,6500,3,F,ZP,SQ,D
11:26:02,INDF,RG,6500,1,D,YP,SQ,D
11:26:02,INDF,RG,6500,21,F,ZP,SQ,D
11:26:02,INDF,RG,6500,4,D,KK,SQ,D
11:26:02,INDF,RG,6500,3,F,ZP,SQ,D
11:26:02,INDF,RG,6500,2,F,CS,SQ,D
11:26:02,INDF,RG,6500,2,D,AZ,SQ,D
11:26:02,INDF,RG,6500,6,F,ZP,SQ,D
11:25:55,INDF,RG,6500,13,F,ZP,BK,F
11:25:45,INDF,RG,6500,3,F,ZP,AK,F
11:25:45,INDF,RG,6500,2,F,ZP,AK,F
11:25:45,INDF,RG,6500,16,D,CC,AK,F
11:25:42,INDF,RG,6500,12,D,CC,BK,F
11:25:40,INDF,RG,6500,7,D,CC,YP,D
11:25:38,INDF,RG,6500,14,D,CC,BK,F
11:25:38,INDF,RG,6500,8,D,CC,BK,D
11:25:38,INDF,RG,6500,2,F,ZP,BK,D
11:25:38,INDF,RG,6500,1,F,CS,BK,D
11:25:38,INDF,RG,6500,2,D,LG,BK,D
11:25:35,INDF,RG,6500,2,F,ZP,BK,F
11:25:35,INDF,RG,6500,12,F,EP,BK,F
11:25:26,INDF,RG,6525,1,D,KK,CC,D
11:25:12,INDF,RG,6500,13,F,EP,BK,F
11:25:00,INDF,RG,6525,22,F,ZP,CC,D
11:25:00,INDF,RG,6500,98,F,EP,CC,D
11:24:55,INDF,RG,6500,1,F,EP,YP,D
11:24:53,INDF,RG,6500,276,F,EP,NI,D
11:24:53,INDF,RG,6500,6,F,ZP,NI,D
11:24:53,INDF,RG,6500,1,D,YP,NI,D
11:24:53,INDF,RG,6500,4,D,OD,NI,D
11:24:53,INDF,RG,6500,70,D,YJ,NI,D
11:24:53,INDF,RG,6500,1,D,NI,NI,D
11:24:53,INDF,RG,6500,8,D,KK,NI,D
11:24:53,INDF,RG,6500,1,D,XC,NI,D
11:24:53,INDF,RG,6500,1,D,LG,NI,D
11:24:53,INDF,RG,6500,1,D,YP,NI,D
11:24:53,INDF,RG,6500,65,D,KK,NI,D
11:24:53,INDF,RG,6500,2,D,XC,NI,D
11:24:53,INDF,RG,6500,5,D,DR,NI,D
11:24:53,INDF,RG,6500,5,D,PD,NI,D
11:24:53,INDF,RG,6500,3,D,YU,NI,D
11:24:53,INDF,RG,6500,1,D,YP,NI,D
11:24:53,INDF,RG,6500,20,D,PD,NI,D
11:24:53,INDF,RG,6500,1,D,YP,NI,D
11:24:53,INDF,RG,6500,2,D,DR,NI,D
11:24:53,INDF,RG,6500,1,D,YP,NI,D
11:24:53,INDF,RG,6500,5,D,LG,NI,D
11:24:53,INDF,RG,6500,1,D,DR,NI,D
11:24:53,INDF,RG,6500,8,D,DR,NI,D
11:24:53,INDF,RG,6500,6,D,YP,NI,D
11:24:53,INDF,RG,6500,1,D,PD,NI,D
11:24:53,INDF,RG,6500,3,D,AT,NI,D
11:24:53,INDF,RG,6500,2,D,PD,NI,D
11:24:44,INDF,RG,6500,12,D,PD,BK,F
11:24:43,INDF,RG,6500,13,D,PD,BK,F
11:24:41,INDF,RG,6500,21,D,PD,AK,F
11:24:41,INDF,RG,6500,2,D,PD,BK,F
11:24:41,INDF,RG,6500,10,D,AZ,BK,F
11:24:41,INDF,RG,6500,11,D,AZ,RX,F
11:24:40,INDF,RG,6500,19,D,AZ,RX,F
11:24:25,INDF,RG,6500,2,D,AZ,YU,D
11:24:22,INDF,RG,6500,24,D,AZ,RX,F
11:24:18,INDF,RG,6500,16,D,AZ,RX,F
11:24:17,INDF,RG,6500,13,D,AZ,BK,F
11:24:15,INDF,RG,6500,1,D,AZ,AK,F
11:24:00,INDF,RG,6500,15,D,AZ,RX,F
11:23:59,INDF,RG,6500,39,D,AZ,YU,D
11:23:59,INDF,RG,6500,2,D,PD,YU,D
11:23:59,INDF,RG,6500,10,D,YP,YU,D
11:23:59,INDF,RG,6500,10,D,KK,YU,D
11:23:59,INDF,RG,6500,300,D,YP,YU,D
11:23:59,INDF,RG,6500,133,D,YP,YU,D
11:23:59,INDF,RG,6525,21,F,ZP,YU,D
11:23:58,INDF,RG,6500,12,D,YP,BK,F
11:23:52,INDF,RG,6500,2,D,YP,SQ,D
11:23:49,INDF,RG,6500,10,D,YP,DR,D
11:23:48,INDF,RG,6500,43,D,YP,PD,D
11:23:48,INDF,RG,6500,7,D,DH,PD,D
11:23:46,INDF,RG,6500,3,D,DH,SQ,D
11:23:46,INDF,RG,6500,1,D,SQ,SQ,D
11:23:46,INDF,RG,6500,7,F,NI,SQ,D
11:23:43,INDF,RG,6500,3,F,NI,RX,F
11:23:43,INDF,RG,6500,1,D,CC,RX,F
11:23:43,INDF,RG,6500,32,D,CC,RX,F
11:23:42,INDF,RG,6500,14,D,CC,BK,F
11:23:41,INDF,RG,6500,30,D,CC,RX,F
11:23:40,INDF,RG,6500,13,D,CC,BK,F
11:23:39,INDF,RG,6500,11,D,CC,BK,F
11:23:39,INDF,RG,6500,1,D,YP,BK,F
11:23:39,INDF,RG,6500,2,D,CC,BK,F
11:23:30,INDF,RG,6500,8,D,CC,BK,F
11:23:30,INDF,RG,6500,6,D,PD,BK,F
11:23:11,INDF,RG,6525,19,D,PD,YU,D
11:23:04,INDF,RG,6500,4,D,PD,BK,F
11:23:04,INDF,RG,6500,12,D,SQ,BK,F
11:23:00,INDF,RG,6500,3,D,SQ,RX,F
11:23:00,INDF,RG,6500,14,D,XL,RX,F
11:22:48,INDF,RG,6500,11,D,XL,RX,F
11:22:48,INDF,RG,6500,8,D,PD,RX,F
11:22:48,INDF,RG,6500,2,D,XC,RX,F
11:22:48,INDF,RG,6500,1,D,YJ,RX,F
11:22:48,INDF,RG,6500,1,D,LG,RX,F
11:22:48,INDF,RG,6500,4,D,LG,GR,D
11:22:48,INDF,RG,6500,2,D,PD,GR,D
11:22:48,INDF,RG,6500,15,D,PD,GR,D
11:22:48,INDF,RG,6500,1,D,YP,GR,D
11:22:48,INDF,RG,6500,30,D,YP,GR,D
11:22:48,INDF,RG,6500,10,D,NI,GR,D
11:22:48,INDF,RG,6500,2,D,YP,GR,D
11:22:48,INDF,RG,6500,10,D,DX,GR,D
11:22:48,INDF,RG,6500,1,D,NI,GR,D
11:22:48,INDF,RG,6500,10,D,YP,GR,D
11:22:48,INDF,RG,6500,1,D,YP,GR,D
11:22:48,INDF,RG,6500,28,D,NI,GR,D
11:22:48,INDF,RG,6500,10,D,SQ,GR,D
11:22:48,INDF,RG,6500,3,D,AT,GR,D
11:22:48,INDF,RG,6500,23,D,CC,GR,D
11:22:45,INDF,RG,6500,28,D,CC,AK,F
11:22:44,INDF,RG,6500,3,D,CC,CC,D
11:22:42,INDF,RG,6500,13,D,CC,BK,F
11:22:40,INDF,RG,6500,15,D,CC,RX,F
11:22:37,INDF,RG,6500,13,D,CC,BK,F
11:22:33,INDF,RG,6500,14,D,CC,BK,F
11:22:23,INDF,RG,6500,15,D,CC,RX,F
11:22:14,INDF,RG,6500,14,D,CC,BK,D
11:22:12,INDF,RG,6500,14,D,CC,BK,F
11:22:08,INDF,RG,6500,13,D,CC,RX,F
11:22:05,INDF,RG,6500,18,D,CC,RX,F
11:22:00,INDF,RG,6500,1,D,CC,AK,F
11:21:49,INDF,RG,6500,12,D,CC,BK,F
11:21:48,INDF,RG,6500,12,D,CC,BK,F
11:21:48,INDF,RG,6500,1,D,CC,YP,D
11:21:44,INDF,RG,6500,11,D,CC,RX,F
11:21:43,INDF,RG,6500,18,D,CC,RX,F
11:21:35,INDF,RG,6500,18,D,CC,BK,F
11:21:31,INDF,RG,6500,5,D,CC,DH,D
11:21:25,INDF,RG,6500,14,D,CC,RX,F
11:21:22,INDF,RG,6500,14,D,CC,RX,F
11:21:15,INDF,RG,6500,29,D,CC,AK,F
11:21:14,INDF,RG,6500,1,D,CC,XC,D
11:21:11,INDF,RG,6500,14,D,CC,BK,F
11:21:10,INDF,RG,6500,14,D,CC,BK,F
11:21:05,INDF,RG,6500,37,D,CC,RX,F
11:21:02,INDF,RG,6500,35,D,CC,RX,F
11:21:00,INDF,RG,6525,21,F,ZP,YU,D
11:21:00,INDF,RG,6500,67,D,CC,CC,D
11:20:54,INDF,RG,6500,13,D,CC,BK,F
11:20:50,INDF,RG,6500,1,D,CC,BK,F
11:20:50,INDF,RG,6500,5,D,ZP,BK,F
11:20:50,INDF,RG,6500,7,D,RG,BK,F
11:20:41,INDF,RG,6500,14,D,RG,BK,F
11:20:24,INDF,RG,6525,500,D,CC,YU,D
11:20:23,INDF,RG,6500,22,D,RG,RX,F
11:20:18,INDF,RG,6500,200,D,RG,PD,D
11:20:17,INDF,RG,6500,5,D,RG,PD,D
11:20:15,INDF,RG,6500,1,D,RG,AK,F
11:20:14,INDF,RG,6500,14,D,RG,BK,F
11:20:03,INDF,RG,6500,12,D,RG,BK,F
11:20:02,INDF,RG,6500,16,D,RG,RX,F
11:19:57,INDF,RG,6500,15,D,RG,RX,F
11:19:55,INDF,RG,6500,10,D,RG,YP,D
11:19:51,INDF,RG,6500,12,D,RG,BK,F
11:19:45,INDF,RG,6500,32,D,RG,AK,F
11:19:34,INDF,RG,6500,6,D,RG,XL,D
11:19:34,INDF,RG,6500,5,D,RG,YP,D
11:19:24,INDF,RG,6500,13,D,RG,RX,F
11:19:18,INDF,RG,6500,10,D,RG,PD,D
11:19:12,INDF,RG,6500,20,D,RG,RX,F
11:19:01,INDF,RG,6500,14,D,RG,BK,F
11:18:59,INDF,RG,6500,10,D,RG,CC,D
11:18:59,INDF,RG,6500,14,D,RG,BK,F
11:18:58,INDF,RG,6500,11,D,RG,RX,F
11:18:52,INDF,RG,6525,19,D,PD,YU,D
11:18:52,INDF,RG,6500,13,D,RG,BK,F
11:18:42,INDF,RG,6500,13,D,RG,BK,D
11:18:34,INDF,RG,6500,12,D,RG,RX,F
11:18:12,INDF,RG,6500,19,D,RG,RX,F
11:18:10,INDF,RG,6525,1,D,GR,YU,D
11:18:09,INDF,RG,6500,13,D,RG,RX,F
11:18:07,INDF,RG,6500,5,D,RG,YP,D
11:17:58,INDF,RG,6500,13,D,RG,BK,F
11:17:54,INDF,RG,6500,40,D,RG,CC,D
11:17:53,INDF,RG,6500,12,D,RG,BK,F
11:17:52,INDF,RG,6525,8,D,PD,YU,D
11:17:51,INDF,RG,6500,10,D,RG,YP,D
11:17:49,INDF,RG,6500,1,D,RG,AK,F
11:17:48,INDF,RG,6500,50,D,RG,PD,D
11:17:42,INDF,RG,6525,8,D,PD,YU,D
11:17:41,INDF,RG,6500,11,D,RG,RX,F
11:17:34,INDF,RG,6500,31,D,RG,AK,F
11:17:32,INDF,RG,6525,7,D,PD,YU,D
11:17:22,INDF,RG,6525,8,D,PD,YU,D
11:17:22,INDF,RG,6525,2,D,AZ,YU,D
11:17:18,INDF,RG,6500,14,D,RG,RX,F
11:17:14,INDF,RG,6525,2,D,KK,YU,D
11:17:12,INDF,RG,6525,7,D,PD,YU,D
11:17:12,INDF,RG,6500,19,D,RG,RX,F
11:17:06,INDF,RG,6500,25,D,RG,PD,D
11:17:02,INDF,RG,6525,8,D,PD,YU,D
11:16:59,INDF,RG,6500,10,D,RG,XC,D
11:16:54,INDF,RG,6500,1,D,RG,YP,D
11:16:52,INDF,RG,6525,7,D,PD,YU,D
11:16:48,INDF,RG,6500,13,D,RG,RX,F
11:16:42,INDF,RG,6525,7,D,PD,YU,D
11:16:40,INDF,RG,6500,1,D,RG,XC,D
11:16:33,INDF,RG,6525,8,D,PD,YU,D
11:16:22,INDF,RG,6525,7,D,PD,YU,D
11:16:22,INDF,RG,6500,13,D,RG,RX,F
11:16:16,INDF,RG,6500,2,D,RG,CC,D
11:16:12,INDF,RG,6525,8,D,PD,YU,D
11:16:12,INDF,RG,6500,10,D,RG,KK,D
11:16:08,INDF,RG,6500,19,D,RG,BK,F
11:16:02,INDF,RG,6525,7,D,PD,YU,D
11:15:55,INDF,RG,6500,1,D,RG,YP,D
11:15:53,INDF,RG,6525,7,D,PD,YU,D
11:15:46,INDF,RG,6500,2,D,RG,YU,D
11:15:42,INDF,RG,6525,8,D,PD,YU,D
11:15:38,INDF,RG,6500,9,D,RG,KK,D
11:15:33,INDF,RG,6525,7,D,PD,YU,D
11:15:22,INDF,RG,6525,8,D,PD,YU,D
11:15:12,INDF,RG,6525,7,D,PD,YU,D
11:15:12,INDF,RG,6500,13,D,RG,BK,D
11:15:04,INDF,RG,6500,8,D,RG,XC,D
11:15:02,INDF,RG,6525,8,D,PD,YU,D
11:15:00,INDF,RG,6500,134,D,RG,CC,D
11:15:00,INDF,RG,6500,5,D,CC,CC,D
11:14:52,INDF,RG,6525,7,D,PD,YU,D
11:14:46,INDF,RG,6525,200,F,EP,YU,D
11:14:42,INDF,RG,6525,7,D,PD,YU,D
11:14:37,INDF,RG,6525,4,D,CC,YU,D
11:14:32,INDF,RG,6525,8,D,PD,YU,D
11:14:28,INDF,RG,6500,10,D,CC,CC,D
11:14:28,INDF,RG,6500,10,D,CC,TF,D
11:14:27,INDF,RG,6500,25,D,CC,GR,D
11:14:22,INDF,RG,6525,7,D,PD,YU,D
11:14:14,INDF,RG,6525,1,D,XC,YU,D
11:14:12,INDF,RG,6525,8,D,PD,YU,D
11:14:02,INDF,RG,6525,7,D,PD,YU,D
11:13:52,INDF,RG,6525,7,D,PD,YU,D
11:13:40,INDF,RG,6525,1,F,CS,YU,D
11:13:40,INDF,RG,6525,2,F,CS,YU,D
11:13:40,INDF,RG,6525,1,F,CS,YU,D
11:13:40,INDF,RG,6525,36,F,ZP,YU,D
11:13:40,INDF,RG,6525,57,D,XC,YU,D
11:13:40,INDF,RG,6525,2,D,YP,YU,D
11:13:40,INDF,RG,6525,3,F,ZP,YU,D
11:13:40,INDF,RG,6525,12,D,XC,YU,D
11:13:40,INDF,RG,6525,3,F,CS,YU,D
11:13:40,INDF,RG,6525,2,D,OD,YU,D
11:13:40,INDF,RG,6525,57,D,CC,YU,D
11:13:40,INDF,RG,6525,10,D,BQ,YU,D
11:13:40,INDF,RG,6525,50,D,YJ,YU,D
11:13:40,INDF,RG,6525,20,D,YP,YU,D
11:13:40,INDF,RG,6525,1,F,ZP,YU,D
11:13:40,INDF,RG,6525,3,F,CS,YU,D
11:13:40,INDF,RG,6525,2,D,CC,YU,D
11:13:40,INDF,RG,6525,5,D,SQ,YU,D
11:13:40,INDF,RG,6525,1,D,XC,YU,D
11:13:40,INDF,RG,6525,3,F,CS,YU,D
11:13:40,INDF,RG,6525,1,F,AK,YU,D
11:13:40,INDF,RG,6525,1,D,CC,YU,D
11:13:40,INDF,RG,6525,3,D,XC,YU,D
11:13:40,INDF,RG,6525,3,F,CS,YU,D
11:13:40,INDF,RG,6525,2,D,CC,YU,D
11:13:40,INDF,RG,6525,57,D,CC,YU,D
11:13:40,INDF,RG,6525,21,F,ZP,YU,D
11:13:40,INDF,RG,6525,2,F,ZP,YU,D
11:13:40,INDF,RG,6525,3,F,CS,YU,D
11:13:40,INDF,RG,6525,2,F,ZP,YU,D
11:13:40,INDF,RG,6525,2,F,ZP,YU,D
11:13:40,INDF,RG,6525,21,F,ZP,YU,D
11:13:40,INDF,RG,6525,7,D,PD,YU,D
11:13:40,INDF,RG,6525,2,F,ZP,YU,D
11:13:40,INDF,RG,6525,4,F,ZP,YU,D
11:13:40,INDF,RG,6525,2,D,LG,YU,D
11:13:40,INDF,RG,6525,1,D,PD,YU,D
11:13:40,INDF,RG,6525,125,D,CC,YU,D
11:13:32,INDF,RG,6550,7,D,PD,BK,F
11:13:22,INDF,RG,6550,8,D,PD,BK,F
11:13:12,INDF,RG,6550,7,D,PD,BK,F
11:13:09,INDF,RG,6550,19,D,PD,BK,F
11:13:09,INDF,RG,6550,1,D,PD,BK,F
11:13:08,INDF,RG,6525,5,D,CC,YP,D
11:13:02,INDF,RG,6550,8,D,PD,BK,F
11:12:59,INDF,RG,6550,5,F,ZP,BK,F
11:12:59,INDF,RG,6550,17,F,ZP,RX,F
11:12:58,INDF,RG,6525,62,D,CC,RX,F
11:12:53,INDF,RG,6550,4,F,ZP,RX,F
11:12:52,INDF,RG,6550,7,D,PD,RX,F
11:12:52,INDF,RG,6525,308,D,CC,YP,D
11:12:52,INDF,RG,6525,20,D,NI,YP,D
11:12:52,INDF,RG,6525,2,D,EP,YP,D
11:12:52,INDF,RG,6525,238,D,XC,YP,D
11:12:52,INDF,RG,6525,63,D,CC,YP,D
11:12:52,INDF,RG,6525,1,D,XC,YP,D
11:12:52,INDF,RG,6525,4,D,OD,YP,D
11:12:52,INDF,RG,6525,1,D,NI,YP,D
11:12:52,INDF,RG,6525,1,D,YP,YP,D
11:12:52,INDF,RG,6525,25,D,DH,YP,D
11:12:52,INDF,RG,6525,5,D,PD,YP,D
11:12:52,INDF,RG,6525,5,D,CC,YP,D
11:12:52,INDF,RG,6525,70,F,EP,YP,D
11:12:49,INDF,RG,6525,100,F,EP,YP,D
11:12:42,INDF,RG,6550,7,D,PD,RX,F
11:12:32,INDF,RG,6550,8,D,PD,RX,F
11:12:22,INDF,RG,6550,7,D,PD,RX,F
11:12:18,INDF,RG,6525,30,F,EP,CC,D
11:12:18,INDF,RG,6525,70,F,EP,CC,D
11:12:12,INDF,RG,6550,8,D,PD,RX,F
11:12:09,INDF,RG,6525,69,F,EP,YP,D
11:12:02,INDF,RG,6550,7,D,PD,RX,F
11:11:57,INDF,RG,6550,2,D,XC,RX,F
11:11:52,INDF,RG,6550,7,D,PD,RX,F
11:11:49,INDF,RG,6525,13,F,EP,BK,D
11:11:48,INDF,RG,6525,48,F,EP,YP,D
11:11:48,INDF,RG,6525,1,D,GR,YP,D
11:11:48,INDF,RG,6525,1,D,PD,YP,D
11:11:48,INDF,RG,6525,50,D,CC,YP,D
11:11:42,INDF,RG,6550,8,D,PD,RX,F
11:11:32,INDF,RG,6550,7,D,PD,RX,F
11:11:32,INDF,RG,6525,50,D,CC,XC,D
11:11:32,INDF,RG,6525,25,D,YP,XC,D
11:11:32,INDF,RG,6525,5,D,YP,XC,D
11:11:32,INDF,RG,6525,1,D,XC,XC,D
11:11:32,INDF,RG,6525,10,D,YP,XC,D
11:11:32,INDF,RG,6525,1,D,YP,XC,D
11:11:32,INDF,RG,6525,10,D,YP,XC,D
11:11:32,INDF,RG,6525,15,D,PD,XC,D
11:11:32,INDF,RG,6525,214,D,YP,XC,D
11:11:22,INDF,RG,6550,8,D,PD,RX,F
11:11:19,INDF,RG,6550,1,D,XL,RX,F
11:11:12,INDF,RG,6550,7,D,PD,RX,F
11:11:02,INDF,RG,6550,8,D,PD,RX,F
11:11:00,INDF,RG,6550,21,F,ZP,RX,F
11:10:53,INDF,RG,6550,7,D,PD,RX,F
11:10:49,INDF,RG,6550,3,D,LG,RX,F
11:10:42,INDF,RG,6550,7,D,PD,RX,F
11:10:32,INDF,RG,6550,8,D,PD,RX,F
11:10:22,INDF,RG,6550,7,D,PD,RX,F
11:10:12,INDF,RG,6550,8,D,PD,RX,F
11:10:05,INDF,RG,6525,22,D,YP,XC,D
11:10:02,INDF,RG,6550,7,D,PD,RX,F
11:10:00,INDF,RG,6525,1,D,YP,NI,D
11:09:52,INDF,RG,6550,7,D,PD,RX,F
11:09:42,INDF,RG,6550,8,D,PD,RX,F
11:09:38,INDF,RG,6525,8,D,YP,NI,D
11:09:32,INDF,RG,6550,7,D,PD,RX,F
11:09:22,INDF,RG,6550,8,D,PD,RX,F
11:09:15,INDF,RG,6525,5,D,YP,XC,D
11:09:15,INDF,RG,6525,1,D,OD,XC,D
11:09:15,INDF,RG,6525,1,D,YP,XC,D
11:09:15,INDF,RG,6525,13,D,YP,XC,D
11:09:12,INDF,RG,6550,7,D,PD,RX,F
11:09:02,INDF,RG,6550,8,D,PD,RX,F
11:08:57,INDF,RG,6550,22,F,ZP,RX,F
11:08:52,INDF,RG,6550,7,D,PD,RX,F
11:08:42,INDF,RG,6550,7,D,PD,RX,F
11:08:36,INDF,RG,6525,1,D,YP,GR,D
11:08:32,INDF,RG,6550,8,D,PD,RX,F
11:08:27,INDF,RG,6550,2,D,PD,RX,F
11:08:27,INDF,RG,6550,1,D,PD,PD,D
11:08:22,INDF,RG,6550,1,D,PD,PD,D
11:08:22,INDF,RG,6550,6,D,PD,KK,D
11:08:20,INDF,RG,6550,19,D,PD,KK,D
11:08:12,INDF,RG,6550,8,D,PD,KK,D
11:08:02,INDF,RG,6550,7,D,PD,KK,D
11:07:57,INDF,RG,6550,10,F,EP,KK,D
11:07:57,INDF,RG,6550,19,F,EP,XC,D
11:07:57,INDF,RG,6550,10,F,EP,NI,D
11:07:57,INDF,RG,6550,161,F,EP,RX,F
11:07:52,INDF,RG,6550,7,D,PD,RX,F
11:07:42,INDF,RG,6550,8,D,PD,RX,F
11:07:32,INDF,RG,6550,7,D,PD,RX,F
11:07:24,INDF,RG,6550,52,D,CC,RX,F
11:07:24,INDF,RG,6550,1,D,CC,YP,D
11:07:24,INDF,RG,6550,2,D,CC,NI,D
11:07:24,INDF,RG,6550,30,D,CC,CC,D
11:07:24,INDF,RG,6550,1,D,CC,KK,D
11:07:24,INDF,RG,6550,72,D,CC,CC,D
11:07:24,INDF,RG,6550,12,D,CC,BK,F
11:07:24,INDF,RG,6550,100,D,CC,OD,D
11:07:24,INDF,RG,6550,1,D,CC,CC,D
11:07:24,INDF,RG,6550,1,D,CC,AK,F
11:07:24,INDF,RG,6550,22,D,CC,AK,F
11:07:24,INDF,RG,6550,10,D,CC,YP,D
11:07:24,INDF,RG,6550,11,D,CC,BK,D
11:07:24,INDF,RG,6550,8,D,CC,XA,D
11:07:24,INDF,RG,6550,20,D,CC,GR,D
11:07:24,INDF,RG,6550,108,D,CC,BK,F
11:07:24,INDF,RG,6550,1,D,CC,YU,D
11:07:24,INDF,RG,6550,20,D,CC,CC,D
11:07:24,INDF,RG,6550,1,D,CC,AK,F
11:07:24,INDF,RG,6550,19,D,CC,AK,F
11:07:24,INDF,RG,6550,8,D,CC,CC,D
11:07:22,INDF,RG,6550,8,D,PD,CC,D
11:07:15,INDF,RG,6525,37,D,YP,AK,F
11:07:12,INDF,RG,6550,7,D,PD,CC,D
11:07:11,INDF,RG,6550,2,D,KI,CC,D
11:07:06,INDF,RG,6525,1,D,YP,YU,D
11:07:02,INDF,RG,6550,8,D,PD,CC,D
11:07:01,INDF,RG,6525,1,D,YP,KK,D
11:06:58,INDF,RG,6525,2,D,YP,YU,D
11:06:53,INDF,RG,6525,12,D,YP,BK,F
11:06:52,INDF,RG,6550,7,D,PD,CC,D
11:06:42,INDF,RG,6550,7,D,PD,CC,D
11:06:32,INDF,RG,6550,8,D,PD,CC,D
11:06:22,INDF,RG,6550,7,D,PD,CC,D
11:06:18,INDF,RG,6525,1,D,YP,XC,D
11:06:12,INDF,RG,6550,8,D,PD,CC,D
11:06:05,INDF,RG,6525,12,D,YP,BK,F
11:06:02,INDF,RG,6550,7,D,PD,CC,D
11:05:55,INDF,RG,6525,11,D,YP,XC,D
11:05:52,INDF,RG,6550,7,D,PD,CC,D
11:05:43,INDF,RG,6550,8,D,PD,CC,D
11:05:39,INDF,RG,6525,12,D,YP,BK,D
11:05:36,INDF,RG,6525,30,D,YP,DH,D
11:05:32,INDF,RG,6550,7,D,PD,CC,D
11:05:22,INDF,RG,6550,8,D,PD,CC,D
11:05:14,INDF,RG,6525,13,D,YP,BK,F
11:05:12,INDF,RG,6550,7,D,PD,CC,D
11:05:07,INDF,RG,6550,1,D,CC,CC,D
11:05:02,INDF,RG,6550,8,D,PD,CC,D
11:04:58,INDF,RG,6550,1,D,EP,CC,D
11:04:55,INDF,RG,6550,10,F,ZP,CC,D
11:04:55,INDF,RG,6550,2,F,ZP,PD,D
11:04:55,INDF,RG,6550,10,F,ZP,BK,F
11:04:52,INDF,RG,6550,3,D,PD,BK,F
11:04:52,INDF,RG,6550,4,D,PD,YP,D
11:04:42,INDF,RG,6550,7,D,PD,YP,D
11:04:38,INDF,RG,6525,3,D,YP,PD,D
11:04:32,INDF,RG,6550,8,D,PD,YP,D
11:04:30,INDF,RG,6525,20,D,YP,AK,F
11:04:22,INDF,RG,6550,7,D,PD,YP,D
11:04:12,INDF,RG,6550,8,D,PD,YP,D
11:04:06,INDF,RG,6525,16,D,YP,BK,F
11:04:02,INDF,RG,6550,7,D,PD,YP,D
11:03:59,INDF,RG,6550,2,D,XL,YP,D
11:03:52,INDF,RG,6550,7,D,PD,YP,D
11:03:42,INDF,RG,6550,8,D,PD,YP,D
11:03:32,INDF,RG,6550,7,D,PD,YP,D
11:03:30,INDF,RG,6525,6,D,YP,NI,D
11:03:22,INDF,RG,6550,8,D,PD,YP,D
11:03:20,INDF,RG,6525,2,D,YP,YB,D
11:03:12,INDF,RG,6550,7,D,PD,YP,D
11:03:11,INDF,RG,6550,19,D,PD,YP,D
11:03:06,INDF,RG,6525,4,D,YP,AT,D
11:03:02,INDF,RG,6550,8,D,PD,YP,D
11:02:53,INDF,RG,6525,18,D,YP,BK,F
11:02:52,INDF,RG,6550,7,D,PD,YP,D
11:02:42,INDF,RG,6550,7,D,PD,YP,D
11:02:32,INDF,RG,6550,8,D,PD,YP,D
11:02:30,INDF,RG,6525,1,D,YP,AK,F
11:02:29,INDF,RG,6525,12,D,YP,BK,D
11:02:22,INDF,RG,6550,7,D,PD,YP,D
11:02:12,INDF,RG,6550,8,D,PD,YP,D
11:02:02,INDF,RG,6550,7,D,PD,YP,D
11:01:52,INDF,RG,6550,7,D,PD,YP,D
11:01:46,INDF,RG,6525,3,D,YP,YP,D
11:01:42,INDF,RG,6550,8,D,PD,YP,D
11:01:41,INDF,RG,6525,19,D,YP,BK,F
11:01:38,INDF,RG,6525,2,D,YP,PD,D
11:01:33,INDF,RG,6525,5,D,YP,AT,D
11:01:32,INDF,RG,6550,7,D,PD,YP,D
11:01:30,INDF,RG,6550,6,D,PD,YP,D
11:01:27,INDF,RG,6525,2,D,YP,YP,D
11:01:27,INDF,RG,6525,10,D,YP,CC,D
11:01:22,INDF,RG,6550,8,D,PD,YP,D
11:01:15,INDF,RG,6525,1,D,YP,OD,D
11:01:13,INDF,RG,6525,1,D,YP,OD,D
11:01:12,INDF,RG,6550,7,D,PD,YP,D
11:01:11,INDF,RG,6550,1,D,BQ,YP,D
11:01:10,INDF,RG,6525,2,D,YP,OD,D
11:01:03,INDF,RG,6550,8,D,PD,YP,D
11:00:57,INDF,RG,6525,5,D,YP,SQ,D
11:00:56,INDF,RG,6550,22,F,ZP,YP,D
11:00:52,INDF,RG,6550,7,D,PD,YP,D
11:00:42,INDF,RG,6550,7,D,PD,YP,D
11:00:32,INDF,RG,6550,8,D,PD,YP,D
11:00:22,INDF,RG,6550,7,D,PD,YP,D
11:00:14,INDF,RG,6525,24,D,YP,AK,F
11:00:12,INDF,RG,6550,8,D,PD,YP,D
11:00:02,INDF,RG,6550,7,D,PD,YP,D
10:59:56,INDF,RG,6525,1,D,YP,XC,D
10:59:52,INDF,RG,6550,7,D,PD,YP,D
10:59:50,INDF,RG,6550,1,D,YB,YP,D
10:59:42,INDF,RG,6550,8,D,PD,YP,D
10:59:34,INDF,RG,6525,3,D,YP,NI,D
10:59:32,INDF,RG,6550,7,D,PD,YP,D
10:59:25,INDF,RG,6550,3,D,XC,YP,D
10:59:22,INDF,RG,6550,5,D,PD,YP,D
10:59:22,INDF,RG,6550,1,D,PD,GR,D
10:59:22,INDF,RG,6550,2,D,PD,KK,D
10:59:22,INDF,RG,6525,12,D,YP,BK,D
10:59:12,INDF,RG,6550,7,D,PD,KK,D
10:59:02,INDF,RG,6550,8,D,PD,KK,D
10:58:59,INDF,RG,6550,3,D,EP,KK,D
10:58:52,INDF,RG,6550,7,D,PD,KK,D
10:58:42,INDF,RG,6550,7,D,PD,KK,D
10:58:32,INDF,RG,6550,8,D,PD,KK,D
10:58:22,INDF,RG,6550,7,D,PD,KK,D
10:58:16,INDF,RG,6550,1,D,PD,KK,D
10:58:16,INDF,RG,6550,19,D,PD,RX,F
10:58:15,INDF,RG,6525,1,D,YP,AK,F
10:58:15,INDF,RG,6525,2,D,YP,YU,D
10:58:12,INDF,RG,6550,8,D,PD,RX,F
10:58:11,INDF,RG,6525,2,D,YP,PD,D
10:58:02,INDF,RG,6550,7,D,PD,RX,F
10:57:52,INDF,RG,6550,7,D,PD,RX,F
10:57:43,INDF,RG,6550,8,D,PD,RX,F
10:57:33,INDF,RG,6550,7,D,PD,RX,F
10:57:31,INDF,RG,6525,1,D,YP,KK,D
10:57:23,INDF,RG,6525,23,D,YP,AK,F
10:57:22,INDF,RG,6550,8,D,PD,RX,F
10:57:21,INDF,RG,6525,1,D,YP,XA,D
10:57:12,INDF,RG,6550,7,D,PD,RX,F
10:57:03,INDF,RG,6525,155,D,YP,NI,D
10:57:02,INDF,RG,6550,8,D,PD,RX,F
10:56:58,INDF,RG,6550,100,D,CC,RX,F
10:56:56,INDF,RG,6550,21,F,ZP,RX,F
10:56:55,INDF,RG,6550,26,D,CC,RX,F
10:56:55,INDF,RG,6550,74,D,CC,CS,F
10:56:53,INDF,RG,6525,1,D,YP,YP,D
10:56:52,INDF,RG,6550,7,D,PD,CS,F
10:56:42,INDF,RG,6550,7,D,PD,CS,F
10:56:32,INDF,RG,6550,8,D,PD,CS,F
10:56:24,INDF,RG,6550,1,F,BK,CS,F
10:56:22,INDF,RG,6550,7,D,PD,CS,F
10:56:21,INDF,RG,6550,33,F,EP,CS,F
10:56:21,INDF,RG,6550,155,F,EP,RX,F
10:56:21,INDF,RG,6550,12,F,EP,RX,F
10:56:20,INDF,RG,6550,1,D,XC,RX,F
10:56:12,INDF,RG,6550,8,D,PD,RX,F
10:56:12,INDF,RG,6525,2,D,YP,YU,D
10:56:02,INDF,RG,6550,7,D,PD,RX,F
10:55:57,INDF,RG,6525,1,D,YP,XC,D
10:55:53,INDF,RG,6550,7,D,PD,RX,F
10:55:42,INDF,RG,6550,8,D,PD,RX,F
10:55:33,INDF,RG,6550,7,D,PD,RX,F
10:55:22,INDF,RG,6550,8,D,PD,RX,F
10:55:12,INDF,RG,6550,7,D,PD,RX,F
10:55:11,INDF,RG,6525,47,D,YP,PD,D
10:55:02,INDF,RG,6550,8,D,PD,RX,F
10:54:52,INDF,RG,6550,7,D,PD,RX,F
10:54:43,INDF,RG,6550,1,D,PD,PD,D
10:54:43,INDF,RG,6550,6,D,PD,BK,D
10:54:34,INDF,RG,6525,2,D,YP,NI,D
10:54:33,INDF,RG,6525,2,D,YP,XC,D
10:54:32,INDF,RG,6550,8,D,PD,BK,D
10:54:24,INDF,RG,6525,22,D,YP,AK,F
10:54:22,INDF,RG,6550,7,D,PD,BK,F
10:54:12,INDF,RG,6550,8,D,PD,BK,F
10:54:02,INDF,RG,6550,7,D,PD,BK,F
10:54:00,INDF,RG,6525,1,D,YP,AK,F
10:53:52,INDF,RG,6550,7,D,PD,BK,F
10:53:46,INDF,RG,6525,4,D,YP,XC,D
10:53:42,INDF,RG,6550,8,D,PD,BK,F
10:53:32,INDF,RG,6550,7,D,PD,BK,F
10:53:22,INDF,RG,6550,8,D,PD,BK,F
10:53:17,INDF,RG,6525,6,D,YP,XC,D
10:53:15,INDF,RG,6525,21,D,YP,AK,F
10:53:12,INDF,RG,6550,7,D,PD,BK,F
10:53:10,INDF,RG,6550,19,D,PD,BK,F
10:53:02,INDF,RG,6550,8,D,PD,BK,F
10:52:56,INDF,RG,6550,1,D,NI,BK,F
10:52:52,INDF,RG,6550,7,D,PD,BK,F
10:52:48,INDF,RG,6525,10,D,YP,EP,D
10:52:42,INDF,RG,6550,7,D,PD,BK,F
10:52:36,INDF,RG,6525,12,D,YP,BK,D
10:52:32,INDF,RG,6550,8,D,PD,BK,F
10:52:22,INDF,RG,6550,7,D,PD,BK,F
10:52:22,INDF,RG,6525,1,D,YP,PD,D
10:52:13,INDF,RG,6550,8,D,PD,BK,F
10:52:02,INDF,RG,6550,7,D,PD,BK,F
10:51:52,INDF,RG,6550,7,D,PD,BK,F
10:51:42,INDF,RG,6550,8,D,PD,BK,F
10:51:41,INDF,RG,6550,4,D,PD,CS,D
10:51:35,INDF,RG,6550,1,D,PD,CS,D
10:51:34,INDF,RG,6525,200,D,YP,YP,D
10:51:32,INDF,RG,6550,7,D,PD,CS,D
10:51:22,INDF,RG,6550,8,D,PD,CS,D
10:51:14,INDF,RG,6525,14,D,YP,BK,F
10:51:12,INDF,RG,6550,7,D,PD,CS,D
10:51:02,INDF,RG,6550,8,D,PD,CS,D
10:50:59,INDF,RG,6550,46,F,EP,CS,D
10:50:59,INDF,RG,6550,154,F,EP,KZ,D
10:50:52,INDF,RG,6550,7,D,PD,KZ,D
10:50:42,INDF,RG,6550,7,D,PD,KZ,D
10:50:32,INDF,RG,6550,8,D,PD,KZ,D
10:50:14,INDF,RG,6550,10,D,DR,KZ,D
10:50:14,INDF,RG,6550,6,F,ZP,KZ,D
10:50:13,INDF,RG,6550,9,F,ZP,KZ,D
10:50:13,INDF,RG,6550,1,F,CS,KZ,D
10:50:13,INDF,RG,6550,1,F,CS,KZ,D
10:50:13,INDF,RG,6550,100,D,CC,KZ,D
10:50:13,INDF,RG,6550,3,F,CS,KZ,D
10:50:13,INDF,RG,6550,5,D,XC,KZ,D
10:50:13,INDF,RG,6550,1,F,AK,KZ,D
10:50:13,INDF,RG,6550,2,F,CS,KZ,D
10:50:13,INDF,RG,6550,353,D,CC,KZ,D
10:50:13,INDF,RG,6550,1,F,ZP,KZ,D
10:50:13,INDF,RG,6550,2,D,PD,KZ,D
10:50:13,INDF,RG,6550,2,F,CS,KZ,D
10:50:13,INDF,RG,6550,1,D,NI,KZ,D
10:50:13,INDF,RG,6550,48,D,CC,KZ,D
10:50:13,INDF,RG,6550,4,F,ZP,KZ,D
10:50:13,INDF,RG,6550,1,F,CS,KZ,D
10:50:13,INDF,RG,6550,1,F,CS,KZ,D
10:50:13,INDF,RG,6550,2,F,CS,KZ,D
10:50:13,INDF,RG,6550,1,F,CS,KZ,D
10:50:13,INDF,RG,6550,5,D,PC,KZ,D
10:50:13,INDF,RG,6550,500,D,CC,KZ,D
10:50:13,INDF,RG,6550,4,F,ZP,KZ,D
10:50:13,INDF,RG,6550,2,F,CS,KZ,D
10:50:13,INDF,RG,6550,4,F,ZP,KZ,D
10:50:13,INDF,RG,6550,7,D,DH,KZ,D
10:50:13,INDF,RG,6550,1,D,PD,KZ,D
10:50:13,INDF,RG,6550,200,F,EP,KZ,D
10:50:13,INDF,RG,6550,2,F,CS,KZ,D
10:50:13,INDF,RG,6550,1,F,CS,KZ,D
10:50:13,INDF,RG,6550,4,F,ZP,KZ,D
10:50:13,INDF,RG,6550,200,F,EP,KZ,D
10:50:13,INDF,RG,6550,1,F,CS,KZ,D
10:50:13,INDF,RG,6550,9,D,NI,KZ,D
10:50:13,INDF,RG,6550,1,F,AK,KZ,D
10:50:13,INDF,RG,6550,22,F,ZP,KZ,D
10:50:13,INDF,RG,6550,22,F,ZP,KZ,D
10:50:13,INDF,RG,6550,2,F,CS,KZ,D
10:50:13,INDF,RG,6550,22,F,ZP,KZ,D
10:50:13,INDF,RG,6550,7,D,PD,KZ,D
10:50:13,INDF,RG,6550,5,F,ZP,KZ,D
10:50:13,INDF,RG,6550,1554,D,SQ,KZ,D
10:50:12,INDF,RG,6575,6,D,PD,PD,D
10:50:12,INDF,RG,6575,2,D,PD,PD,D
10:50:10,INDF,RG,6550,16,D,SQ,BK,F
10:50:02,INDF,RG,6575,7,D,PD,PD,D
10:49:57,INDF,RG,6550,1,D,SQ,XC,D
10:49:53,INDF,RG,6575,3,D,DH,PD,D
10:49:52,INDF,RG,6575,7,D,PD,PD,D
10:49:42,INDF,RG,6575,8,D,PD,PD,D
10:49:32,INDF,RG,6575,7,D,PD,PD,D
10:49:27,INDF,RG,6550,12,D,SQ,BK,F
10:49:22,INDF,RG,6575,8,D,PD,PD,D
10:49:14,INDF,RG,6550,30,D,SQ,CC,D
10:49:12,INDF,RG,6575,7,D,PD,PD,D
10:49:12,INDF,RG,6550,13,D,SQ,BK,D
10:49:08,INDF,RG,6575,1,F,ZP,PD,D
10:49:08,INDF,RG,6575,2,F,ZP,OD,D
10:49:08,INDF,RG,6575,2,F,ZP,CC,D
10:49:03,INDF,RG,6575,8,D,PD,CC,D
10:49:03,INDF,RG,6550,3,D,SQ,CC,D
10:49:02,INDF,RG,6575,8,D,PD,SQ,D
10:48:55,INDF,RG,6550,400,D,SQ,CC,D
10:48:52,INDF,RG,6575,7,D,PD,SQ,D
10:48:52,INDF,RG,6575,35,D,CC,SQ,D
10:48:52,INDF,RG,6575,1,D,CC,AK,F
10:48:52,INDF,RG,6575,28,D,CC,AK,F
10:48:52,INDF,RG,6575,36,D,CC,SQ,D
10:48:42,INDF,RG,6575,7,D,PD,SQ,D
10:48:32,INDF,RG,6575,8,D,PD,SQ,D
10:48:26,INDF,RG,6550,16,D,SQ,BK,F
10:48:22,INDF,RG,6575,7,D,PD,SQ,D
10:48:22,INDF,RG,6575,1,D,MK,SQ,D
10:48:13,INDF,RG,6575,19,D,PD,SQ,D
10:48:12,INDF,RG,6575,8,D,PD,SQ,D
10:48:10,INDF,RG,6575,2,D,DH,SQ,D
10:48:05,INDF,RG,6550,2,D,SQ,CC,D
10:48:02,INDF,RG,6575,7,D,PD,SQ,D
10:47:57,INDF,RG,6575,23,F,ZP,SQ,D
10:47:52,INDF,RG,6575,7,D,PD,SQ,D
10:47:44,INDF,RG,6550,10,D,SQ,PD,D
10:47:43,INDF,RG,6550,114,D,SQ,KZ,D
10:47:42,INDF,RG,6575,8,D,PD,SQ,D
10:47:40,INDF,RG,6550,1,D,SQ,PO,D
10:47:33,INDF,RG,6550,14,D,SQ,BK,F
10:47:32,INDF,RG,6575,7,D,PD,SQ,D
10:47:23,INDF,RG,6575,8,D,PD,SQ,D
10:47:12,INDF,RG,6575,7,D,PD,SQ,D
10:47:05,INDF,RG,6550,343,D,SQ,PD,D
10:47:02,INDF,RG,6575,8,D,PD,SQ,D
10:46:52,INDF,RG,6575,7,D,PD,SQ,D
10:46:44,INDF,RG,6550,14,D,SQ,BK,F
10:46:42,INDF,RG,6575,7,D,PD,SQ,D
10:46:38,INDF,RG,6575,74,F,EP,SQ,D
10:46:38,INDF,RG,6575,12,F,EP,YP,D
10:46:38,INDF,RG,6575,4,F,EP,DH,D
10:46:38,INDF,RG,6575,20,F,EP,PD,D
10:46:38,INDF,RG,6575,1,F,EP,PD,D
10:46:38,INDF,RG,6575,12,F,EP,PD,D
10:46:38,INDF,RG,6575,3,F,EP,YP,D
10:46:38,INDF,RG,6575,1,F,EP,NI,D
10:46:38,INDF,RG,6575,1,F,EP,YU,D
10:46:38,INDF,RG,6575,1,F,EP,XC,D
10:46:38,INDF,RG,6575,30,F,EP,DH,D
10:46:38,INDF,RG,6575,4,F,EP,AT,D
10:46:38,INDF,RG,6575,10,F,EP,BK,F
10:46:38,INDF,RG,6575,1,F,EP,YP,D
10:46:38,INDF,RG,6575,7,F,EP,BK,F
10:46:38,INDF,RG,6575,5,F,EP,YP,D
10:46:38,INDF,RG,6575,10,F,EP,YP,D
10:46:38,INDF,RG,6575,4,F,EP,CP,D
10:46:38,INDF,RG,6575,1,F,ZP,CP,D
10:46:34,INDF,RG,6575,5,D,NI,CP,D
10:46:32,INDF,RG,6575,1,D,PD,AK,F
10:46:32,INDF,RG,6575,7,D,PD,AK,F
10:46:22,INDF,RG,6575,7,D,PD,AK,F
10:46:12,INDF,RG,6575,8,D,PD,AK,F
10:46:05,INDF,RG,6550,12,D,SQ,BK,D
10:46:02,INDF,RG,6575,5,D,PD,AK,F
10:46:02,INDF,RG,6575,2,D,PD,NI,D
10:45:59,INDF,RG,6575,1,D,XC,PD,D
10:45:52,INDF,RG,6575,1,D,PD,YU,D
10:45:52,INDF,RG,6575,2,D,PD,PD,D
10:45:52,INDF,RG,6575,4,D,PD,CC,D
10:45:47,INDF,RG,6550,1,D,SQ,XC,D
10:45:42,INDF,RG,6575,6,D,PD,CC,D
10:45:42,INDF,RG,6575,2,D,PD,NI,D
10:45:37,INDF,RG,6550,18,D,SQ,BK,F
10:45:32,INDF,RG,6575,1,D,PD,NI,D
10:45:32,INDF,RG,6575,1,D,PD,PD,D
10:45:32,INDF,RG,6575,2,D,PD,PD,D
10:45:32,INDF,RG,6575,3,D,PD,YP,D
10:45:22,INDF,RG,6575,2,D,PD,YP,D
10:45:22,INDF,RG,6575,3,D,PD,GR,D
10:45:22,INDF,RG,6575,3,D,PD,BK,F
10:45:12,INDF,RG,6575,7,D,PD,BK,F
10:45:02,INDF,RG,6575,8,D,PD,BK,F
10:44:58,INDF,RG,6575,18,F,ZP,BK,F
10:44:58,INDF,RG,6575,4,F,ZP,CC,D
10:44:58,INDF,RG,6550,2,D,SQ,YU,D
10:44:52,INDF,RG,6575,7,D,PD,CC,D
10:44:42,INDF,RG,6575,7,D,PD,CC,D
10:44:41,INDF,RG,6550,1,D,SQ,XC,D
10:44:32,INDF,RG,6575,7,D,PD,CC,D
10:44:32,INDF,RG,6575,1,D,PD,BK,F
10:44:26,INDF,RG,6575,14,F,EP,BK,F
10:44:26,INDF,RG,6575,10,F,EP,NI,D
10:44:26,INDF,RG,6575,20,F,EP,CC,D
10:44:26,INDF,RG,6575,2,F,EP,SQ,D
10:44:26,INDF,RG,6575,5,F,EP,YP,D
10:44:26,INDF,RG,6575,3,F,EP,DX,D
10:44:26,INDF,RG,6575,50,F,EP,PD,D
10:44:26,INDF,RG,6575,1,F,EP,GR,D
10:44:26,INDF,RG,6575,20,F,EP,YP,D
10:44:26,INDF,RG,6575,75,F,EP,PD,D
10:44:23,INDF,RG,6575,3,D,KK,PD,D
10:44:23,INDF,RG,6575,2,D,YP,PD,D
10:44:23,INDF,RG,6575,13,D,YP,AG,D
10:44:22,INDF,RG,6575,7,D,PD,AG,D
10:44:15,INDF,RG,6575,1,D,PD,AG,D
10:44:14,INDF,RG,6550,1,D,SQ,XL,D
10:44:12,INDF,RG,6575,4,D,PD,AG,D
10:44:12,INDF,RG,6575,3,D,PD,BK,F
10:44:12,INDF,RG,6575,1,D,PD,DX,D
10:44:02,INDF,RG,6575,2,D,PD,DX,D
10:44:02,INDF,RG,6575,1,D,PD,NI,D
10:44:02,INDF,RG,6575,4,D,PD,BK,F
10:43:52,INDF,RG,6575,7,D,PD,BK,F
10:43:45,INDF,RG,6550,1,D,SQ,AK,F
10:43:42,INDF,RG,6575,8,D,PD,BK,F
10:43:32,INDF,RG,6575,7,D,PD,BK,F
10:43:22,INDF,RG,6575,8,D,PD,BK,F
10:43:15,INDF,RG,6575,1,D,PD,BK,F
10:43:15,INDF,RG,6575,16,D,PD,BK,F
10:43:15,INDF,RG,6575,2,D,PD,OD,D
10:43:12,INDF,RG,6575,7,D,PD,OD,D
10:43:11,INDF,RG,6550,2,D,SQ,AI,D
10:43:08,INDF,RG,6575,1,D,PD,OD,D
10:43:02,INDF,RG,6575,8,D,PD,OD,D
10:42:52,INDF,RG,6575,7,D,PD,OD,D
10:42:52,INDF,RG,6550,12,D,SQ,BK,D
10:42:42,INDF,RG,6575,7,D,PD,OD,D
10:42:32,INDF,RG,6575,8,D,PD,OD,D
10:42:22,INDF,RG,6575,7,D,PD,OD,D
10:42:12,INDF,RG,6575,8,D,PD,OD,D
10:42:09,INDF,RG,6575,10,D,CC,OD,D
10:42:02,INDF,RG,6575,7,D,PD,OD,D
10:41:57,INDF,RG,6575,21,F,ZP,OD,D
10:41:52,INDF,RG,6575,7,D,PD,OD,D
10:41:47,INDF,RG,6550,7,D,SQ,PD,D
10:41:42,INDF,RG,6575,8,D,PD,OD,D
10:41:32,INDF,RG,6575,7,D,PD,OD,D
10:41:26,INDF,RG,6550,1,D,SQ,CC,D
10:41:22,INDF,RG,6575,8,D,PD,OD,D
10:41:12,INDF,RG,6575,7,D,PD,OD,D
10:41:02,INDF,RG,6575,8,D,PD,OD,D
10:40:52,INDF,RG,6575,7,D,PD,OD,D
10:40:46,INDF,RG,6550,1,D,SQ,SQ,D
10:40:42,INDF,RG,6575,7,D,PD,OD,D
10:40:32,INDF,RG,6575,8,D,PD,OD,D
10:40:31,INDF,RG,6550,1,D,SQ,XC,D
10:40:24,INDF,RG,6550,5,D,SQ,PD,D
10:40:22,INDF,RG,6575,7,D,PD,OD,D
10:40:12,INDF,RG,6575,8,D,PD,OD,D
10:40:03,INDF,RG,6575,7,D,PD,OD,D
10:40:03,INDF,RG,6575,118,F,EP,OD,D
10:40:03,INDF,RG,6575,2,F,EP,AZ,D
10:40:03,INDF,RG,6575,36,F,EP,YP,D
10:40:03,INDF,RG,6575,10,F,EP,CC,D
10:40:03,INDF,RG,6575,8,F,EP,XC,D
10:40:03,INDF,RG,6575,1,F,EP,YU,D
10:40:03,INDF,RG,6575,25,F,EP,BK,F
10:39:53,INDF,RG,6550,1,D,SQ,PC,D
10:39:52,INDF,RG,6575,7,D,PD,BK,F
10:39:42,INDF,RG,6575,7,D,PD,BK,F
10:39:42,INDF,RG,6575,1,D,PD,CC,D
10:39:32,INDF,RG,6575,7,D,PD,CC,D
10:39:32,INDF,RG,6575,1,D,BQ,CC,D
10:39:22,INDF,RG,6575,8,D,PD,CC,D
10:39:15,INDF,RG,6575,2,D,XC,CC,D
10:39:12,INDF,RG,6575,7,D,PD,CC,D
10:39:02,INDF,RG,6575,4,D,PD,CC,D
10:39:02,INDF,RG,6575,3,D,PD,GR,D
10:39:02,INDF,RG,6575,1,D,PD,BK,F
10:39:01,INDF,RG,6550,2,D,SQ,PD,D
10:38:52,INDF,RG,6575,7,D,PD,BK,F
10:38:42,INDF,RG,6575,7,D,PD,BK,F
10:38:32,INDF,RG,6575,8,D,PD,BK,F
10:38:22,INDF,RG,6575,7,D,PD,BK,F
10:38:12,INDF,RG,6575,5,D,PD,BK,F
10:38:12,INDF,RG,6575,3,D,PD,BK,F
10:38:09,INDF,RG,6575,10,D,PD,BK,F
10:38:09,INDF,RG,6575,10,D,PD,NI,D
10:38:02,INDF,RG,6575,7,D,PD,NI,D
10:38:00,INDF,RG,6575,22,F,ZP,NI,D
10:37:52,INDF,RG,6575,7,D,PD,NI,D
10:37:42,INDF,RG,6575,8,D,PD,NI,D
10:37:32,INDF,RG,6575,7,D,PD,NI,D
10:37:22,INDF,RG,6575,8,D,PD,NI,D
10:37:12,INDF,RG,6575,7,D,PD,NI,D
10:37:04,INDF,RG,6550,5,D,SQ,YP,D
10:37:02,INDF,RG,6575,8,D,PD,NI,D
10:36:55,INDF,RG,6550,1,D,SQ,YU,D
10:36:55,INDF,RG,6550,5,D,SQ,OD,D
10:36:55,INDF,RG,6550,20,D,SQ,DH,D
10:36:55,INDF,RG,6550,2,D,SQ,HP,D
10:36:55,INDF,RG,6550,1,D,SQ,AZ,D
10:36:55,INDF,RG,6550,10,D,SQ,CC,D
10:36:55,INDF,RG,6550,30,D,SQ,DH,D
10:36:55,INDF,RG,6550,6,D,SQ,PD,D
10:36:55,INDF,RG,6550,25,D,SQ,OD,D
10:36:55,INDF,RG,6550,5,D,SQ,EP,D
10:36:55,INDF,RG,6550,76,D,SQ,NI,D
10:36:55,INDF,RG,6550,10,D,SQ,CC,D
10:36:55,INDF,RG,6550,100,D,SQ,PD,D
10:36:55,INDF,RG,6550,15,D,SQ,YP,D
10:36:55,INDF,RG,6550,1,D,SQ,XC,D
10:36:55,INDF,RG,6550,1,D,SQ,KK,D
10:36:55,INDF,RG,6550,6,D,SQ,CC,D
10:36:55,INDF,RG,6550,7,D,SQ,CC,D
10:36:55,INDF,RG,6550,7,D,SQ,YP,D
10:36:55,INDF,RG,6550,1,D,SQ,XC,D
10:36:55,INDF,RG,6550,20,D,SQ,DH,D
10:36:55,INDF,RG,6550,30,D,SQ,CC,D
10:36:55,INDF,RG,6550,138,D,SQ,CC,D
10:36:55,INDF,RG,6550,3,D,SQ,DR,D
10:36:55,INDF,RG,6550,30,D,SQ,PD,D
10:36:55,INDF,RG,6550,1,D,SQ,NI,D
10:36:55,INDF,RG,6550,2,D,SQ,PD,D
10:36:55,INDF,RG,6550,1,D,SQ,YP,D
10:36:55,INDF,RG,6550,1,D,SQ,PD,D
10:36:55,INDF,RG,6550,1,D,SQ,SQ,D
10:36:55,INDF,RG,6550,6,D,SQ,XC,D
10:36:55,INDF,RG,6550,10,D,SQ,HP,D
10:36:55,INDF,RG,6550,427,D,SQ,RX,F
10:36:55,INDF,RG,6550,4,D,SQ,CC,D
10:36:55,INDF,RG,6550,10,D,SQ,YP,D
10:36:55,INDF,RG,6550,1,D,SQ,AK,F
10:36:55,INDF,RG,6550,33,D,SQ,AK,F
10:36:55,INDF,RG,6550,52,D,SQ,BK,F
10:36:55,INDF,RG,6550,19,D,SQ,BK,F
10:36:55,INDF,RG,6550,413,D,SQ,RX,F
10:36:55,INDF,RG,6550,308,D,SQ,RX,F
10:36:55,INDF,RG,6550,1,D,SQ,AK,F
10:36:55,INDF,RG,6550,32,D,SQ,AK,F
10:36:55,INDF,RG,6550,123,D,SQ,RX,F
10:36:55,INDF,RG,6550,60,D,SQ,CC,F
10:36:55,INDF,RG,6550,18,D,SQ,BK,D
10:36:55,INDF,RG,6550,171,D,SQ,BK,F
10:36:55,INDF,RG,6550,126,D,SQ,BK,F
10:36:55,INDF,RG,6550,14,D,SQ,BK,F
10:36:52,INDF,RG,6550,7,D,PD,BK,F
10:36:51,INDF,RG,6525,128,D,YP,RX,F
10:36:44,INDF,RG,6525,23,D,YP,RX,F
10:36:44,INDF,RG,6525,5,D,EP,RX,F
10:36:44,INDF,RG,6525,1,D,AI,RX,F
10:36:44,INDF,RG,6525,2,D,CD,RX,F
10:36:44,INDF,RG,6525,5,D,YP,RX,F
10:36:44,INDF,RG,6525,3,D,YP,RX,F
10:36:44,INDF,RG,6525,143,D,CC,RX,F
10:36:44,INDF,RG,6525,12,D,CC,BK,F
10:36:42,INDF,RG,6550,7,D,PD,BK,F
10:36:41,INDF,RG,6525,1,D,CC,XC,D
10:36:34,INDF,RG,6525,62,D,CC,AK,F
10:36:32,INDF,RG,6550,8,D,PD,BK,F
10:36:22,INDF,RG,6550,7,D,PD,BK,F
10:36:12,INDF,RG,6550,8,D,PD,BK,F
10:36:02,INDF,RG,6550,7,D,PD,BK,F
10:35:52,INDF,RG,6550,7,D,PD,BK,F
10:35:42,INDF,RG,6550,8,D,PD,CC,D
10:35:41,INDF,RG,6550,4,D,EP,CC,D
10:35:32,INDF,RG,6550,7,D,PD,CC,D
10:35:32,INDF,RG,6525,14,D,CC,BK,F
10:35:30,INDF,RG,6525,1,D,CC,AK,F
10:35:30,INDF,RG,6550,22,F,ZP,CC,D
10:35:22,INDF,RG,6550,8,D,PD,CC,D
10:35:18,INDF,RG,6550,25,D,DH,CC,D
10:35:18,INDF,RG,6550,5,D,DH,CC,D
10:35:12,INDF,RG,6550,7,D,PD,CC,D
10:35:02,INDF,RG,6550,8,D,PD,CC,D
10:35:00,INDF,RG,6550,22,F,ZP,CC,D
10:34:52,INDF,RG,6550,7,D,PD,CC,D
10:34:51,INDF,RG,6525,13,D,CC,BK,F
10:34:42,INDF,RG,6550,7,D,PD,CC,D
10:34:40,INDF,RG,6550,3,D,NI,CC,D
10:34:32,INDF,RG,6550,8,D,PD,CC,D
10:34:31,INDF,RG,6550,1,D,PD,CC,D
10:34:30,INDF,RG,6525,14,D,CC,BK,D
10:34:22,INDF,RG,6550,7,D,PD,CC,D
10:34:20,INDF,RG,6550,73,D,CC,CC,D
10:34:20,INDF,RG,6550,74,D,CC,CC,D
10:34:12,INDF,RG,6550,8,D,PD,OK,D
10:34:02,INDF,RG,6550,7,D,PD,OK,D
10:33:52,INDF,RG,6550,7,D,PD,OK,D
10:33:43,INDF,RG,6525,2,D,CC,DR,D
10:33:42,INDF,RG,6550,8,D,PD,OK,D
10:33:33,INDF,RG,6525,5,D,CC,NI,D
10:33:32,INDF,RG,6550,7,D,PD,OK,D
10:33:25,INDF,RG,6525,14,D,CC,BK,F
10:33:22,INDF,RG,6550,8,D,PD,OK,D
10:33:12,INDF,RG,6550,7,D,PD,OK,D
10:33:10,INDF,RG,6550,19,D,PD,OK,D
10:33:02,INDF,RG,6550,8,D,PD,OK,D
10:33:00,INDF,RG,6525,16,D,CC,RX,F
10:32:58,INDF,RG,6525,1,D,CC,PD,D
10:32:55,INDF,RG,6525,23,D,CC,RX,F
10:32:52,INDF,RG,6550,7,D,PD,OK,D
10:32:48,INDF,RG,6525,1,D,CC,XL,D
10:32:42,INDF,RG,6550,7,D,PD,OK,D
10:32:41,INDF,RG,6525,2,D,CC,CC,D
10:32:34,INDF,RG,6525,15,D,CC,BK,F
10:32:32,INDF,RG,6550,8,D,PD,OK,D
10:32:22,INDF,RG,6550,7,D,PD,OK,D
10:32:12,INDF,RG,6550,8,D,PD,OK,D
10:32:09,INDF,RG,6525,2,D,CC,YU,D
10:32:06,INDF,RG,6525,15,D,CC,RX,F
10:32:02,INDF,RG,6550,7,D,PD,OK,D
10:32:02,INDF,RG,6525,12,D,CC,RX,F
10:32:00,INDF,RG,6525,69,D,CC,CC,D
10:32:00,INDF,RG,6525,63,D,CC,CC,D
10:32:00,INDF,RG,6525,1,D,PD,CC,D
10:32:00,INDF,RG,6525,5,D,PD,CC,D
10:32:00,INDF,RG,6525,2,D,YP,CC,D
10:32:00,INDF,RG,6525,64,F,EP,CC,D
10:31:52,INDF,RG,6550,7,D,PD,OK,D
10:31:42,INDF,RG,6550,8,D,PD,OK,D
10:31:41,INDF,RG,6525,14,F,EP,BK,F
10:31:38,INDF,RG,6525,13,F,EP,RX,F
10:31:32,INDF,RG,6550,7,D,PD,OK,D
10:31:22,INDF,RG,6550,8,D,PD,OK,D
10:31:15,INDF,RG,6525,25,F,EP,RX,F
10:31:12,INDF,RG,6550,7,D,PD,OK,D
10:31:09,INDF,RG,6525,42,F,EP,RX,F
10:31:04,INDF,RG,6525,16,F,EP,BK,F
10:31:02,INDF,RG,6550,8,D,PD,OK,D
10:30:59,INDF,RG,6550,21,F,ZP,OK,D
10:30:52,INDF,RG,6550,7,D,PD,OK,D
10:30:51,INDF,RG,6525,12,F,EP,BK,F
10:30:46,INDF,RG,6525,14,F,EP,BK,D
10:30:42,INDF,RG,6550,7,D,PD,OK,D
10:30:32,INDF,RG,6550,8,D,PD,OK,D
10:30:22,INDF,RG,6550,7,D,PD,OK,D
10:30:12,INDF,RG,6550,8,D,PD,OK,D
10:30:02,INDF,RG,6550,7,D,PD,OK,D
10:29:53,INDF,RG,6525,6,F,BK,PD,D
10:29:52,INDF,RG,6550,7,D,PD,OK,D
10:29:52,INDF,RG,6525,11,F,BK,RX,F
10:29:43,INDF,RG,6550,200,F,EP,OK,D
10:29:42,INDF,RG,6550,8,D,PD,OK,D
10:29:35,INDF,RG,6525,18,F,BK,RX,F
10:29:32,INDF,RG,6550,7,D,PD,OK,D
10:29:23,INDF,RG,6525,49,F,BK,AK,F
10:29:22,INDF,RG,6550,8,D,PD,OK,D
10:29:19,INDF,RG,6525,33,F,BK,RX,F
10:29:12,INDF,RG,6550,7,D,PD,OK,D
10:29:05,INDF,RG,6525,13,F,BK,BK,F
10:29:02,INDF,RG,6550,8,D,PD,OK,D
10:28:59,INDF,RG,6525,37,F,BK,RX,F
10:28:55,INDF,RG,6525,13,F,BK,BK,F
10:28:52,INDF,RG,6550,7,D,PD,OK,D
10:28:42,INDF,RG,6550,7,D,PD,OK,D
10:28:32,INDF,RG,6550,8,D,PD,OK,D
10:28:31,INDF,RG,6550,1,D,NI,OK,D
10:28:22,INDF,RG,6550,7,D,PD,OK,D
10:28:15,INDF,RG,6525,1,F,BK,AK,F
10:28:12,INDF,RG,6550,8,D,PD,OK,D
10:28:09,INDF,RG,6550,19,D,PD,OK,D
10:28:02,INDF,RG,6550,7,D,PD,OK,D
10:27:59,INDF,RG,6550,1,D,YP,OK,D
10:27:55,INDF,RG,6525,1,F,BK,YU,D
10:27:52,INDF,RG,6550,7,D,PD,OK,D
10:27:49,INDF,RG,6550,25,D,YP,OK,D
10:27:42,INDF,RG,6550,8,D,PD,OK,D
10:27:42,INDF,RG,6525,21,F,BK,RX,F
10:27:41,INDF,RG,6525,12,F,BK,BK,D
10:27:37,INDF,RG,6525,11,F,BK,RX,F
10:27:37,INDF,RG,6550,5,D,LG,OK,D
10:27:32,INDF,RG,6550,7,D,PD,OK,D
10:27:22,INDF,RG,6550,8,D,PD,OK,D
10:27:13,INDF,RG,6525,13,F,BK,BK,F
10:27:12,INDF,RG,6550,7,D,PD,OK,D
10:27:11,INDF,RG,6550,100,D,CC,OK,D
10:27:05,INDF,RG,6525,11,F,BK,RX,F
10:27:02,INDF,RG,6550,8,D,PD,OK,D
10:27:00,INDF,RG,6525,13,F,BK,BK,F
10:26:59,INDF,RG,6525,18,F,BK,RX,F
10:26:52,INDF,RG,6550,7,D,PD,OK,D
10:26:42,INDF,RG,6550,7,D,PD,OK,D
10:26:41,INDF,RG,6550,10,D,PD,OK,D
10:26:32,INDF,RG,6550,8,D,PD,OK,D
10:26:30,INDF,RG,6525,19,F,BK,RX,F
10:26:22,INDF,RG,6550,7,D,PD,OK,D
10:26:21,INDF,RG,6525,5,F,BK,PD,D
10:26:20,INDF,RG,6525,16,F,BK,RX,F
10:26:12,INDF,RG,6550,8,D,PD,OK,D
10:26:09,INDF,RG,6525,20,F,BK,BK,F
10:26:02,INDF,RG,6550,7,D,PD,OK,D
10:25:56,INDF,RG,6525,1,F,BK,XC,D
10:25:52,INDF,RG,6550,7,D,PD,OK,D
10:25:48,INDF,RG,6525,22,F,BK,RX,F
10:25:42,INDF,RG,6550,8,D,PD,OK,D
10:25:36,INDF,RG,6550,6,D,XC,OK,D
10:25:32,INDF,RG,6525,2,F,BK,PD,D
10:25:32,INDF,RG,6525,32,F,BK,RX,F
10:25:30,INDF,RG,6550,3,F,ZP,OK,D
10:25:30,INDF,RG,6550,1,D,BQ,OK,D
10:25:30,INDF,RG,6550,1,F,ZP,OK,D
10:25:30,INDF,RG,6550,2,D,PD,OK,D
10:25:26,INDF,RG,6550,5,D,PD,OD,D
10:25:26,INDF,RG,6550,10,D,PD,OD,D
10:25:26,INDF,RG,6550,2,F,ZP,OD,D
10:25:26,INDF,RG,6550,15,F,CC,OD,D
10:25:26,INDF,RG,6550,1,D,AT,OD,D
10:25:26,INDF,RG,6550,1,D,PD,OD,D
10:25:26,INDF,RG,6550,6,D,CC,OD,D
10:25:22,INDF,RG,6575,8,D,PD,NI,D
10:25:21,INDF,RG,6550,1,D,CC,SQ,D
10:25:08,INDF,RG,6550,55,D,CC,DH,D
10:25:08,INDF,RG,6550,7,D,PD,DH,D
10:25:08,INDF,RG,6550,2,F,ZP,DH,D
10:25:06,INDF,RG,6550,5,F,ZP,CC,F
10:25:06,INDF,RG,6550,219,D,CC,CC,F
10:25:06,INDF,RG,6550,41,D,CC,RX,F
10:25:05,INDF,RG,6550,240,D,CC,YP,D
10:25:05,INDF,RG,6550,4,D,YP,YP,D
10:25:05,INDF,RG,6550,33,F,ZP,YP,D
10:25:05,INDF,RG,6550,61,D,KI,YP,D
10:25:05,INDF,RG,6550,2,F,CS,YP,D
10:25:05,INDF,RG,6550,22,F,ZP,YP,D
10:25:05,INDF,RG,6550,1,D,PD,YP,D
10:25:05,INDF,RG,6550,2,D,OD,YP,D
10:25:05,INDF,RG,6550,2,F,ZP,YP,D
10:25:05,INDF,RG,6550,1,F,AK,YP,D
10:25:05,INDF,RG,6550,2,F,ZP,YP,D
10:25:05,INDF,RG,6550,48,D,CC,YP,D
10:25:05,INDF,RG,6550,82,F,EP,YP,D
10:25:03,INDF,RG,6550,118,F,EP,KZ,D
10:25:03,INDF,RG,6550,1,F,CS,KZ,D
10:25:03,INDF,RG,6550,36,F,EP,KZ,D
10:25:02,INDF,RG,6575,8,D,PD,NI,D
10:25:00,INDF,RG,6550,20,F,EP,DR,D
10:25:00,INDF,RG,6575,21,F,ZP,NI,D
10:24:53,INDF,RG,6550,3,F,EP,DR,D
10:24:52,INDF,RG,6575,7,D,PD,NI,D
10:24:51,INDF,RG,6550,1,F,EP,NI,D
10:24:49,INDF,RG,6550,11,F,EP,YB,D
10:24:42,INDF,RG,6550,10,F,EP,DR,D
10:24:42,INDF,RG,6575,5,D,PD,NI,D
10:24:42,INDF,RG,6575,1,D,PD,XC,D
10:24:42,INDF,RG,6575,1,D,PD,BK,D
10:24:32,INDF,RG,6575,8,D,PD,BK,D
10:24:29,INDF,RG,6550,18,F,EP,RX,F
10:24:25,INDF,RG,6550,1,F,EP,PD,D
10:24:22,INDF,RG,6575,1,D,PD,KK,D
10:24:22,INDF,RG,6575,6,D,PD,YP,D
10:24:12,INDF,RG,6575,8,D,PD,YP,D
10:24:02,INDF,RG,6575,1,D,PD,YP,D
10:24:02,INDF,RG,6575,1,D,PD,CC,D
10:24:02,INDF,RG,6575,5,D,PD,PD,D
10:24:02,INDF,RG,6550,100,F,EP,RX,F
10:24:02,INDF,RG,6550,37,F,EP,RX,F
10:23:58,INDF,RG,6550,100,F,EP,SQ,D
10:23:58,INDF,RG,6550,15,F,EP,SQ,D
10:23:55,INDF,RG,6550,48,F,EP,YP,D
10:23:55,INDF,RG,6550,2,F,ZP,YP,D
10:23:55,INDF,RG,6550,10,D,DR,YP,D
10:23:55,INDF,RG,6550,39,D,YP,YP,D
10:23:55,INDF,RG,6550,76,D,CC,YP,D
10:23:52,INDF,RG,6575,7,D,PD,PD,D
10:23:48,INDF,RG,6550,145,D,CC,CC,D
10:23:42,INDF,RG,6575,3,D,PD,PD,D
10:23:42,INDF,RG,6575,5,D,PD,EP,D
10:23:35,INDF,RG,6550,1,D,CC,XC,D
10:23:33,INDF,RG,6550,41,D,CC,AG,F
10:23:22,INDF,RG,6550,237,D,CC,AG,F
10:23:22,INDF,RG,6550,2,F,ZP,AG,F
10:23:22,INDF,RG,6550,4,D,PD,AG,F
10:23:22,INDF,RG,6550,20,D,OD,AG,F
10:23:22,INDF,RG,6550,1,F,ZP,AG,F
10:23:22,INDF,RG,6550,10,F,CC,AG,F
10:23:22,INDF,RG,6550,2,F,CS,AG,F
10:23:22,INDF,RG,6550,4,D,PD,AG,F
10:23:22,INDF,RG,6550,7,F,ZP,AG,F
10:23:22,INDF,RG,6550,30,D,PD,AG,F
10:23:22,INDF,RG,6550,3,F,CS,AG,F
10:23:22,INDF,RG,6550,87,D,CC,AG,F
10:23:22,INDF,RG,6575,8,D,PD,CS,F
10:23:12,INDF,RG,6575,7,D,PD,CS,F
10:23:12,INDF,RG,6550,3,D,CC,CC,D
10:23:09,INDF,RG,6575,19,D,PD,CS,F
10:23:03,INDF,RG,6550,10,D,CC,PD,D
10:23:02,INDF,RG,6575,8,D,PD,CS,F
10:23:00,INDF,RG,6575,22,F,ZP,CS,F
10:22:52,INDF,RG,6575,7,D,PD,CS,F
10:22:45,INDF,RG,6550,9,D,CC,YP,D
10:22:42,INDF,RG,6575,7,D,PD,CS,F
10:22:39,INDF,RG,6550,1,D,CC,NI,D
10:22:32,INDF,RG,6575,8,D,PD,CS,F
10:22:31,INDF,RG,6550,20,D,CC,YP,D
10:22:22,INDF,RG,6575,7,D,PD,CS,F
10:22:12,INDF,RG,6575,8,D,PD,CS,F
10:22:09,INDF,RG,6575,20,D,PD,CS,F
10:22:03,INDF,RG,6575,22,F,ZP,CS,F
10:22:03,INDF,RG,6550,12,D,CC,YP,D
10:22:02,INDF,RG,6575,7,D,PD,CS,F
10:22:00,INDF,RG,6575,21,F,ZP,CS,F
10:22:00,INDF,RG,6550,73,D,CC,CC,D
10:21:52,INDF,RG,6575,7,D,PD,CS,F
10:21:42,INDF,RG,6575,8,D,PD,CS,F
10:21:40,INDF,RG,6550,13,D,CC,BK,D
10:21:32,INDF,RG,6575,5,D,PD,CS,F
10:21:32,INDF,RG,6575,1,D,PD,KK,D
10:21:32,INDF,RG,6575,1,D,PD,PD,D
10:21:22,INDF,RG,6575,8,D,PD,PD,D
10:21:12,INDF,RG,6575,7,D,PD,PD,D
10:21:02,INDF,RG,6575,8,D,PD,PD,D
10:21:02,INDF,RG,6550,5,D,CC,XC,D
10:20:57,INDF,RG,6550,13,D,CC,YP,D
10:20:52,INDF,RG,6575,1,D,PD,AK,F
10:20:52,INDF,RG,6575,6,D,PD,AK,F
10:20:44,INDF,RG,6575,4,D,YP,AK,F
10:20:42,INDF,RG,6575,7,D,PD,AK,F
10:20:32,INDF,RG,6575,8,D,PD,AK,F
10:20:30,INDF,RG,6550,1,D,CC,CC,D
10:20:22,INDF,RG,6575,7,D,PD,AK,F
10:20:12,INDF,RG,6575,5,D,PD,AK,F
10:20:12,INDF,RG,6575,1,D,PD,YU,D
10:20:12,INDF,RG,6575,2,D,PD,NI,D
10:20:02,INDF,RG,6575,7,D,PD,NI,D
10:20:01,INDF,RG,6575,2,D,PD,NI,D
10:19:52,INDF,RG,6575,5,D,PD,NI,D
10:19:52,INDF,RG,6575,2,D,PD,XL,D
10:19:49,INDF,RG,6550,3,D,CC,PD,D
10:19:47,INDF,RG,6575,1,D,PD,XL,D
10:19:47,INDF,RG,6575,2,D,PD,BK,F
10:19:44,INDF,RG,6550,2,D,CC,PD,D
10:19:42,INDF,RG,6575,8,D,PD,BK,F
10:19:33,INDF,RG,6575,2,D,PD,BK,F
10:19:32,INDF,RG,6575,7,D,PD,BK,F
10:19:22,INDF,RG,6575,8,D,PD,BK,F
10:19:20,INDF,RG,6575,2,D,PD,BK,F
10:19:12,INDF,RG,6575,7,D,PD,BK,F
