Time,Stock,Brd,Price,Qty,BT,BC,SC,ST
15:13:34,INDF,RG,6375,3,D,PD,KK,D
15:11:07,INDF,RG,6375,1,D,PD,YP,D
15:11:07,INDF,RG,6375,5,D,PD,YP,D
15:11:07,INDF,RG,6375,1,D,PD,YP,D
15:11:07,INDF,RG,6375,3,D,HP,YP,D
15:07:40,INDF,RG,6375,7,D,HP,YP,D
15:07:27,INDF,RG,6375,8,D,BQ,YP,D
15:06:58,INDF,RG,6375,2,D,PD,YP,D
15:06:58,INDF,RG,6375,1,D,PD,BQ,D
15:05:55,INDF,RG,6375,5,D,PD,BQ,D
15:04:05,INDF,RG,6375,1,D,PD,BQ,D
15:03:55,INDF,RG,6375,10,D,AO,BQ,D
15:03:22,INDF,RG,6375,1,D,PD,BQ,D
15:02:49,INDF,RG,6375,182,D,YP,BQ,D
15:02:12,INDF,RG,6375,18,D,YP,SQ,D
15:01:02,INDF,RG,6375,2,D,CC,SQ,D
15:00:00,INDF,RG,6375,20,D,NI,BK,F
15:00:00,INDF,RG,6375,4,D,PD,BK,F
15:00:00,INDF,RG,6375,50,D,XC,BK,F
15:00:00,INDF,RG,6375,8,D,KK,BK,F
15:00:00,INDF,RG,6375,30,D,YP,BK,F
15:00:00,INDF,RG,6375,7,D,EP,BK,F
15:00:00,INDF,RG,6375,1,D,XC,BK,F
15:00:00,INDF,RG,6375,118,D,PD,BK,F
15:00:00,INDF,RG,6375,15,D,PD,NI,D
15:00:00,INDF,RG,6375,30,D,PD,CC,D
15:00:00,INDF,RG,6375,5,D,PD,CC,D
15:00:00,INDF,RG,6375,2,D,PD,HP,D
15:00:00,INDF,RG,6375,1,D,PD,XC,D
15:00:00,INDF,RG,6375,18,D,PD,YU,F
15:00:00,INDF,RG,6375,43,D,PD,YU,F
15:00:00,INDF,RG,6375,14,D,PD,ZP,F
15:00:00,INDF,RG,6375,338,D,PD,ZP,F
15:00:00,INDF,RG,6375,583,D,PD,GR,D
15:00:00,INDF,RG,6375,10,D,YP,GR,D
15:00:00,INDF,RG,6375,1,D,PD,GR,D
15:00:00,INDF,RG,6375,54,D,KZ,GR,D
15:00:00,INDF,RG,6375,365,F,BK,GR,D
15:00:00,INDF,RG,6375,2,F,BK,ZP,F
15:00:00,INDF,RG,6375,18,F,BK,ZP,F
15:00:00,INDF,RG,6375,301,F,BK,ZP,F
15:00:00,INDF,RG,6375,341,F,BK,ZP,F
15:00:00,INDF,RG,6375,18,F,BK,AK,F
15:00:00,INDF,RG,6375,555,F,AK,AK,F
15:00:00,INDF,RG,6375,138,F,AK,CS,F
15:00:00,INDF,RG,6375,51,D,OD,CS,F
15:00:00,INDF,RG,6375,212,D,PD,CS,F
15:00:00,INDF,RG,6375,7,D,PD,KK,D
15:00:00,INDF,RG,6375,16,D,LG,KK,D
14:48:59,INDF,RG,6375,10,D,YP,AK,F
14:48:53,INDF,RG,6375,4,F,CS,AK,F
14:48:52,INDF,RG,6375,108,F,CS,ZP,F
14:48:48,INDF,RG,6375,7,D,PD,ZP,F
14:48:48,INDF,RG,6375,270,D,PD,CC,F
14:48:48,INDF,RG,6375,90,D,PD,YU,F
14:48:48,INDF,RG,6375,104,D,PD,ZP,F
14:48:48,INDF,RG,6375,7,D,PD,GR,D
14:48:48,INDF,RG,6375,22,D,PD,AK,F
14:48:39,INDF,RG,6375,136,D,PD,AK,F
14:48:39,INDF,RG,6375,5,D,PD,KK,D
14:48:39,INDF,RG,6375,200,D,PD,KK,D
14:48:39,INDF,RG,6375,101,D,PD,ZP,F
14:48:39,INDF,RG,6375,558,D,PD,DR,D
14:48:34,INDF,RG,6350,7,D,YP,PD,D
14:48:11,INDF,RG,6350,1,D,YP,XC,D
14:47:01,INDF,RG,6350,2,D,YP,NI,D
14:46:50,INDF,RG,6375,1,D,PD,DR,D
14:46:14,INDF,RG,6375,31,D,PD,DR,D
14:46:14,INDF,RG,6375,7,D,PD,CC,D
14:46:14,INDF,RG,6375,10,D,PD,PD,D
14:46:14,INDF,RG,6375,3,D,PD,LG,D
14:46:14,INDF,RG,6375,233,D,PD,YU,F
14:46:14,INDF,RG,6375,3,D,PD,CC,F
14:46:14,INDF,RG,6375,13,D,PD,ZP,F
14:45:33,INDF,RG,6350,1,D,YP,NI,D
14:45:18,INDF,RG,6350,14,D,YP,PD,D
14:44:47,INDF,RG,6375,1,D,XC,ZP,F
14:44:46,INDF,RG,6375,300,D,PD,ZP,F
14:43:28,INDF,RG,6375,1,D,XC,ZP,F
14:43:23,INDF,RG,6375,5,D,SQ,ZP,F
14:42:11,INDF,RG,6350,9,D,YP,CC,D
14:42:11,INDF,RG,6350,5,D,LG,CC,D
14:42:11,INDF,RG,6350,1,D,YU,CC,D
14:42:11,INDF,RG,6350,2,D,SQ,CC,D
14:42:11,INDF,RG,6350,1,D,YP,CC,D
14:42:11,INDF,RG,6350,10,D,XA,CC,D
14:42:11,INDF,RG,6350,2,D,CC,CC,D
14:42:11,INDF,RG,6350,1,D,XC,CC,D
14:42:11,INDF,RG,6350,9,D,CC,CC,D
14:41:27,INDF,RG,6375,90,D,PD,ZP,F
14:41:27,INDF,RG,6375,45,D,PD,ZP,F
14:41:27,INDF,RG,6375,128,D,PD,ZP,F
14:41:27,INDF,RG,6375,37,D,PD,AK,F
14:40:50,INDF,RG,6375,2,D,YP,AK,F
14:39:54,INDF,RG,6375,300,D,PD,AK,F
14:39:06,INDF,RG,6375,83,D,EP,AK,F
14:38:26,INDF,RG,6375,10,D,NI,AK,F
14:37:38,INDF,RG,6350,15,D,CC,PD,D
14:35:44,INDF,RG,6375,2,D,YP,AK,F
14:34:54,INDF,RG,6375,200,D,PD,AK,F
14:33:06,INDF,RG,6375,5,D,PD,AK,F
14:32:02,INDF,RG,6375,15,D,CC,AK,F
14:31:42,INDF,RG,6350,2,D,CC,PD,D
14:31:36,INDF,RG,6375,178,D,PD,AK,F
14:31:36,INDF,RG,6375,105,D,PD,ZP,F
14:30:47,INDF,RG,6350,14,D,CC,NI,D
14:30:47,INDF,RG,6350,5,D,YP,NI,D
14:30:47,INDF,RG,6350,1,D,LS,NI,D
14:30:47,INDF,RG,6350,1,D,CC,NI,D
14:30:47,INDF,RG,6350,4,D,GR,NI,D
14:29:40,INDF,RG,6375,9,D,PD,ZP,F
14:29:31,INDF,RG,6375,1,D,CC,ZP,F
14:29:28,INDF,RG,6350,1,D,GR,GR,D
14:27:43,INDF,RG,6350,1,D,GR,OD,D
14:27:43,INDF,RG,6350,1,D,SQ,OD,D
14:27:43,INDF,RG,6350,5,D,XC,OD,D
14:27:43,INDF,RG,6350,1,D,DH,OD,D
14:25:20,INDF,RG,6350,3,D,DH,XC,D
14:25:13,INDF,RG,6375,1,D,GR,ZP,F
14:25:07,INDF,RG,6350,10,D,DH,CC,D
14:25:00,INDF,RG,6350,6,D,DH,ZP,F
14:25:00,INDF,RG,6350,11,D,KK,ZP,F
14:25:00,INDF,RG,6350,7,D,PD,ZP,F
14:25:00,INDF,RG,6350,1,D,YP,ZP,F
14:25:00,INDF,RG,6350,2,D,AZ,ZP,F
14:25:00,INDF,RG,6350,6,D,XC,ZP,F
14:24:56,INDF,RG,6350,4,D,XC,BK,F
14:24:56,INDF,RG,6350,2,D,CC,BK,F
14:24:56,INDF,RG,6350,1,D,NI,BK,F
14:24:56,INDF,RG,6350,6,D,NI,BK,F
14:24:56,INDF,RG,6350,1,D,CC,BK,F
14:24:56,INDF,RG,6350,3,D,SQ,BK,F
14:24:56,INDF,RG,6350,5,D,NI,BK,F
14:24:56,INDF,RG,6350,1,D,CC,BK,F
14:24:51,INDF,RG,6350,4,D,CC,BK,F
14:24:51,INDF,RG,6350,4,D,KK,BK,F
14:24:51,INDF,RG,6350,6,D,XC,BK,F
14:24:51,INDF,RG,6350,1,D,CC,BK,F
14:24:51,INDF,RG,6350,3,D,KK,BK,F
14:24:51,INDF,RG,6350,1,D,YU,BK,F
14:24:51,INDF,RG,6350,1,D,YB,BK,F
14:24:51,INDF,RG,6350,1,D,XC,BK,F
14:24:51,INDF,RG,6350,1,D,PD,BK,F
14:24:51,INDF,RG,6350,1,D,XC,BK,F
14:24:51,INDF,RG,6350,1,D,CC,BK,F
14:24:51,INDF,RG,6350,1,D,PD,BK,F
14:24:46,INDF,RG,6350,1,D,LG,BK,F
14:24:46,INDF,RG,6350,1,D,KK,BK,F
14:24:46,INDF,RG,6350,1,D,KK,BK,F
14:24:46,INDF,RG,6350,1,D,NI,BK,F
14:24:46,INDF,RG,6350,100,D,SQ,BK,F
14:24:46,INDF,RG,6350,14,D,GR,BK,F
14:24:45,INDF,RG,6375,116,F,CS,AK,F
14:24:44,INDF,RG,6375,2,D,AT,BK,F
14:24:44,INDF,RG,6375,2,D,AZ,BK,F
14:24:41,INDF,RG,6375,48,D,AZ,GR,D
14:24:41,INDF,RG,6375,1,D,PD,GR,D
14:24:41,INDF,RG,6375,300,D,PD,GR,D
14:24:41,INDF,RG,6375,5,D,NI,GR,D
14:24:41,INDF,RG,6375,20,D,NI,GR,D
14:24:41,INDF,RG,6375,2,D,XL,GR,D
14:24:41,INDF,RG,6375,12,D,NI,GR,D
14:24:41,INDF,RG,6375,5,D,CC,GR,D
14:24:41,INDF,RG,6375,620,F,BK,GR,D
14:23:30,INDF,RG,6375,1,F,BK,PD,D
14:21:20,INDF,RG,6400,1,D,DH,ZP,F
14:20:54,INDF,RG,6375,6,F,BK,SQ,D
14:20:54,INDF,RG,6375,24,D,PD,SQ,D
14:20:23,INDF,RG,6375,32,D,PD,ZP,F
14:20:23,INDF,RG,6375,4,D,NI,ZP,F
14:20:23,INDF,RG,6375,1,D,LG,ZP,F
14:20:21,INDF,RG,6375,4,D,LG,KK,D
14:18:42,INDF,RG,6375,9,F,BK,YP,D
14:18:42,INDF,RG,6375,69,F,CS,YP,D
14:18:37,INDF,RG,6375,52,F,CS,AK,F
14:18:27,INDF,RG,6375,69,D,PD,AK,F
14:18:27,INDF,RG,6375,2,D,PD,AZ,D
14:18:27,INDF,RG,6375,2,D,PD,AT,D
14:18:27,INDF,RG,6375,8,D,PD,PD,D
14:18:27,INDF,RG,6375,2,D,PD,YP,D
14:18:27,INDF,RG,6375,12,D,PD,PD,D
14:18:27,INDF,RG,6375,100,D,PD,EP,D
14:18:27,INDF,RG,6375,104,D,PD,ZP,F
14:18:27,INDF,RG,6375,535,D,PD,BK,F
14:18:27,INDF,RG,6375,156,D,PD,ZP,F
14:18:27,INDF,RG,6375,310,D,PD,CC,F
14:17:26,INDF,RG,6375,1,D,XC,CC,F
14:15:46,INDF,RG,6375,20,D,XA,CC,F
14:15:10,INDF,RG,6350,1,D,GR,PD,D
14:13:12,INDF,RG,6350,2,D,GR,XC,D
14:12:33,INDF,RG,6350,2,D,GR,PD,D
14:12:20,INDF,RG,6375,267,D,PD,CC,F
14:12:20,INDF,RG,6375,147,D,PD,ZP,F
14:12:20,INDF,RG,6375,86,D,PD,AK,F
14:12:10,INDF,RG,6375,1,D,PD,AK,F
14:12:10,INDF,RG,6375,2,D,PD,ZP,F
14:11:47,INDF,RG,6375,12,D,XC,ZP,F
14:10:30,INDF,RG,6375,1,D,PD,ZP,F
14:08:36,INDF,RG,6350,5,D,GR,PD,D
14:08:35,INDF,RG,6375,1,D,XC,ZP,F
14:08:33,INDF,RG,6375,10,D,GR,ZP,F
14:08:26,INDF,RG,6375,1,D,CC,ZP,F
14:06:29,INDF,RG,6375,1,D,XC,ZP,F
14:05:52,INDF,RG,6375,1,D,PD,ZP,F
14:05:30,INDF,RG,6375,2,D,XC,ZP,F
14:04:55,INDF,RG,6375,100,D,SQ,ZP,F
14:03:33,INDF,RG,6375,2,D,XC,ZP,F
14:02:28,INDF,RG,6375,2,D,YP,ZP,F
14:00:50,INDF,RG,6375,1,D,XC,ZP,F
14:00:41,INDF,RG,6375,1,D,PD,ZP,F
13:59:27,INDF,RG,6375,1,D,CC,ZP,F
13:59:24,INDF,RG,6375,3,D,SQ,ZP,F
13:58:15,INDF,RG,6375,2,D,PD,ZP,F
13:57:50,INDF,RG,6375,2,D,XL,ZP,F
13:56:23,INDF,RG,6375,1,D,XC,ZP,F
13:56:06,INDF,RG,6375,5,D,YU,ZP,F
13:56:04,INDF,RG,6350,46,D,GR,ZP,F
13:56:01,INDF,RG,6375,5,D,YU,ZP,F
13:54:09,INDF,RG,6375,1,D,CC,ZP,F
13:48:55,INDF,RG,6375,5,D,YU,ZP,F
13:48:29,INDF,RG,6350,30,D,GR,XC,D
13:48:29,INDF,RG,6350,2,D,DH,XC,D
13:48:29,INDF,RG,6350,1,D,XC,XC,D
13:48:29,INDF,RG,6350,2,D,NI,XC,D
13:48:29,INDF,RG,6350,1,D,XC,XC,D
13:48:29,INDF,RG,6350,117,D,YP,XC,D
13:47:25,INDF,RG,6375,1,D,XC,ZP,F
13:45:24,INDF,RG,6375,2,D,CC,ZP,F
13:45:07,INDF,RG,6375,5,D,GR,ZP,F
13:45:03,INDF,RG,6375,1,D,OD,ZP,F
13:42:02,INDF,RG,6375,1,D,NI,ZP,F
13:42:00,INDF,RG,6350,7,D,YP,PD,D
13:41:22,INDF,RG,6350,10,D,YP,PD,D
13:41:15,INDF,RG,6350,10,D,YP,XC,D
13:40:15,INDF,RG,6350,162,D,YP,ZP,F
13:40:10,INDF,RG,6350,585,D,YP,IH,D
13:40:06,INDF,RG,6375,10,D,KK,ZP,F
13:40:06,INDF,RG,6375,5,D,KK,AT,D
13:39:22,INDF,RG,6375,5,D,YP,AT,D
13:35:28,INDF,RG,6350,23,D,YP,BK,F
13:35:22,INDF,RG,6350,24,D,YP,BK,F
13:35:17,INDF,RG,6350,62,D,YP,BK,F
13:35:17,INDF,RG,6350,2,D,YB,BK,F
13:35:17,INDF,RG,6350,2,D,DX,BK,F
13:35:17,INDF,RG,6350,25,D,YB,BK,F
13:35:17,INDF,RG,6350,1,D,XC,BK,F
13:35:17,INDF,RG,6350,1,D,XA,BK,F
13:35:17,INDF,RG,6350,1,D,NI,BK,F
13:35:17,INDF,RG,6350,2,D,XC,BK,F
13:35:09,INDF,RG,6375,15,F,BK,AK,F
13:35:09,INDF,RG,6375,1,D,XC,AK,F
13:35:09,INDF,RG,6375,10,D,YP,AK,F
13:35:09,INDF,RG,6375,2,D,YP,AK,F
13:35:09,INDF,RG,6375,124,F,CS,AK,F
13:35:09,INDF,RG,6375,10,D,YP,AK,F
13:35:09,INDF,RG,6375,10,D,CC,AK,F
13:35:09,INDF,RG,6375,2,D,CC,AK,F
13:35:09,INDF,RG,6375,284,F,BK,AK,F
13:35:09,INDF,RG,6375,2,D,XC,AK,F
13:35:09,INDF,RG,6375,40,F,CS,AK,F
13:33:08,INDF,RG,6375,117,F,CS,PD,D
13:32:18,INDF,RG,6375,20,F,CS,YP,D
13:32:08,INDF,RG,6375,140,F,CS,AK,F
13:32:08,INDF,RG,6375,1,D,PC,AK,F
13:32:08,INDF,RG,6375,1,D,PD,AK,F
13:32:08,INDF,RG,6375,1,D,PD,AK,F
13:32:08,INDF,RG,6375,1,D,DH,AK,F
13:32:08,INDF,RG,6375,1,D,PD,AK,F
13:32:08,INDF,RG,6375,3,D,XL,AK,F
13:32:08,INDF,RG,6375,1,D,EP,AK,F
13:32:08,INDF,RG,6375,4,D,PD,AK,F
13:32:08,INDF,RG,6375,5,D,GR,AK,F
13:32:08,INDF,RG,6375,50,D,DH,AK,F
13:32:08,INDF,RG,6375,1,D,PD,AK,F
13:32:08,INDF,RG,6375,1,D,PD,AK,F
13:32:08,INDF,RG,6375,5,D,PD,AK,F
13:32:08,INDF,RG,6375,285,D,DH,AK,F
13:30:17,INDF,RG,6375,1,D,DH,YP,D
13:30:16,INDF,RG,6400,2,D,YP,ZP,F
13:30:10,INDF,RG,6375,1,D,DH,XC,D
13:30:10,INDF,RG,6375,1,D,DH,XC,D
13:30:09,INDF,RG,6375,1,D,DH,XC,D
13:30:07,INDF,RG,6375,1,D,DH,AK,F
13:30:06,INDF,RG,6375,2,D,DH,PD,D
13:30:05,INDF,RG,6375,10,D,DH,PD,D
13:30:05,INDF,RG,6375,35,D,DH,AK,F
13:30:05,INDF,RG,6375,1,D,DH,AK,F
13:30:04,INDF,RG,6375,1,D,DH,AT,D
13:30:03,INDF,RG,6375,1,D,DH,PD,D
13:30:02,INDF,RG,6375,14,D,DH,AT,D
13:30:01,INDF,RG,6375,6,D,DH,PD,D
13:30:01,INDF,RG,6375,1,D,DH,PD,D
13:30:01,INDF,RG,6375,1,D,DH,GR,D
13:30:01,INDF,RG,6375,1,D,DH,PD,D
13:30:01,INDF,RG,6375,130,D,DH,IF,D
13:30:01,INDF,RG,6375,40,D,DH,PD,D
13:30:01,INDF,RG,6375,90,D,DH,ZP,F
13:30:01,INDF,RG,6375,1,D,DH,XC,D
13:30:01,INDF,RG,6375,65,D,DH,YP,D
13:30:01,INDF,RG,6375,20,D,DH,LG,D
13:30:01,INDF,RG,6375,1,D,DH,PD,D
13:30:01,INDF,RG,6375,2,D,DH,ZP,D
13:30:01,INDF,RG,6375,117,D,DH,ZP,F
13:30:01,INDF,RG,6375,96,D,DH,ZP,F
13:30:01,INDF,RG,6375,382,D,DH,YU,F
13:30:01,INDF,RG,6375,89,D,DH,ZP,F
13:30:01,INDF,RG,6375,104,D,DH,CC,D
13:30:01,INDF,RG,6375,2,D,PD,CC,D
13:30:00,INDF,RG,6375,2,D,YB,CC,D
11:28:57,INDF,RG,6375,20,D,YP,CC,D
11:28:43,INDF,RG,6350,1,F,CS,XC,D
11:28:27,INDF,RG,6350,1,F,CS,OD,D
11:28:13,INDF,RG,6350,36,F,CS,ZP,F
11:28:13,INDF,RG,6350,1,F,CS,OD,D
11:21:46,INDF,RG,6350,2,F,CS,PD,D
11:20:12,INDF,RG,6350,5,F,CS,NI,D
11:19:50,INDF,RG,6350,8,F,CS,YP,D
11:19:50,INDF,RG,6350,3,D,PD,YP,D
11:19:50,INDF,RG,6350,1,D,RG,YP,D
11:19:50,INDF,RG,6350,1,D,LS,YP,D
11:19:50,INDF,RG,6350,1,D,NI,YP,D
11:19:50,INDF,RG,6350,1,D,YP,YP,D
11:18:57,INDF,RG,6350,1,D,XL,YP,D
11:18:57,INDF,RG,6350,2,D,YP,YP,D
11:18:57,INDF,RG,6350,14,D,CC,YP,D
11:18:19,INDF,RG,6375,1,F,YP,CC,D
11:18:05,INDF,RG,6350,21,D,CC,DH,D
11:17:34,INDF,RG,6350,2,D,CC,PD,D
11:15:49,INDF,RG,6375,1,D,PD,CC,D
11:13:29,INDF,RG,6350,5,D,CC,KK,D
11:11:57,INDF,RG,6350,1,D,CC,CC,D
11:11:35,INDF,RG,6375,50,D,PD,CC,D
11:07:44,INDF,RG,6375,1,D,EP,CC,D
11:04:54,INDF,RG,6375,1,D,KK,CC,D
11:01:27,INDF,RG,6375,2,D,XC,CC,D
11:01:25,INDF,RG,6375,8,D,YP,CC,D
11:01:24,INDF,RG,6375,1,D,PD,CC,D
10:59:42,INDF,RG,6375,257,F,NI,CC,D
10:59:42,INDF,RG,6375,50,F,NI,KK,D
10:59:42,INDF,RG,6375,6,F,NI,CC,D
10:59:42,INDF,RG,6375,10,F,NI,GR,D
10:59:42,INDF,RG,6375,124,F,NI,ZP,F
10:59:42,INDF,RG,6375,1,F,NI,EP,D
10:59:42,INDF,RG,6375,1,F,NI,XC,D
10:59:42,INDF,RG,6375,10,F,NI,PD,D
10:59:42,INDF,RG,6375,10,F,NI,LG,D
10:59:42,INDF,RG,6375,2,F,NI,CC,D
10:59:42,INDF,RG,6375,8,F,NI,XC,D
10:59:42,INDF,RG,6375,21,F,NI,ZP,F
10:59:14,INDF,RG,6350,3,D,CC,PD,D
10:57:27,INDF,RG,6350,2,D,CC,DH,D
10:55:56,INDF,RG,6350,2,D,CC,CC,D
10:55:56,INDF,RG,6350,8,D,PD,CC,D
10:55:56,INDF,RG,6350,2,D,CC,CC,D
10:55:56,INDF,RG,6350,10,D,YP,CC,D
10:55:56,INDF,RG,6350,1,D,DH,CC,D
10:55:56,INDF,RG,6350,1,D,CC,CC,D
10:55:56,INDF,RG,6350,9,D,SQ,CC,D
10:55:56,INDF,RG,6350,50,D,YP,CC,D
10:55:56,INDF,RG,6350,17,D,YP,CC,D
10:55:35,INDF,RG,6350,4,D,YP,NI,D
10:53:23,INDF,RG,6350,8,D,YP,SQ,D
10:53:23,INDF,RG,6350,20,D,YP,SQ,D
10:53:23,INDF,RG,6350,1,D,YP,SQ,D
10:53:23,INDF,RG,6350,1,D,LS,SQ,D
10:53:23,INDF,RG,6350,4,D,NI,SQ,D
10:53:23,INDF,RG,6350,1,D,PD,SQ,D
10:53:23,INDF,RG,6350,1,D,PD,SQ,D
10:53:23,INDF,RG,6350,1,D,DH,SQ,D
10:53:23,INDF,RG,6350,5,D,NI,SQ,D
10:53:23,INDF,RG,6350,1,D,PD,SQ,D
10:53:23,INDF,RG,6350,8,D,YP,SQ,D
10:53:23,INDF,RG,6350,49,D,YP,SQ,D
10:51:06,INDF,RG,6375,2,D,NI,ZP,F
10:48:27,INDF,RG,6375,76,D,CS,ZP,F
10:48:27,INDF,RG,6375,79,D,CS,ZP,F
10:48:27,INDF,RG,6375,158,D,CS,PD,D
10:48:27,INDF,RG,6375,5,D,CS,XC,D
10:48:27,INDF,RG,6375,32,D,CS,AK,F
10:48:22,INDF,RG,6350,29,D,YP,DH,D
10:48:22,INDF,RG,6350,1,D,PD,DH,D
10:48:22,INDF,RG,6350,5,D,PD,DH,D
10:47:46,INDF,RG,6375,2,D,XC,AK,F
10:47:05,INDF,RG,6375,1,D,NI,AK,F
10:45:37,INDF,RG,6375,1,D,YJ,AK,F
10:45:32,INDF,RG,6375,1,D,PD,AK,F
10:44:42,INDF,RG,6375,2,D,XC,AK,F
10:44:15,INDF,RG,6375,2,D,PD,AK,F
10:44:09,INDF,RG,6375,1,D,CC,AK,F
10:44:01,INDF,RG,6375,1,D,CC,AK,F
10:43:59,INDF,RG,6375,3,D,CC,AK,F
10:43:17,INDF,RG,6375,2,D,XC,AK,F
10:42:01,INDF,RG,6375,20,D,NI,AK,F
10:39:10,INDF,RG,6375,1,D,NI,AK,F
10:38:44,INDF,RG,6375,2,D,CC,AK,F
10:38:09,INDF,RG,6375,1,D,CC,AK,F
10:37:40,INDF,RG,6375,12,D,CC,AK,F
10:35:16,INDF,RG,6375,2,D,CC,AK,F
10:34:06,INDF,RG,6375,2,D,OD,AK,F
10:33:42,INDF,RG,6375,5,D,PD,AK,F
10:31:12,INDF,RG,6375,1,D,XC,AK,F
10:30:27,INDF,RG,6375,4,D,XL,AK,F
10:29:38,INDF,RG,6375,3,D,YP,AK,F
10:28:50,INDF,RG,6375,3,D,XC,AK,F
10:28:44,INDF,RG,6350,2,D,IF,AT,D
10:28:44,INDF,RG,6350,1,D,XC,AT,D
10:28:44,INDF,RG,6350,1,D,PD,AT,D
10:28:44,INDF,RG,6350,1,D,PD,AT,D
10:28:44,INDF,RG,6375,15,D,NI,AK,F
10:26:12,INDF,RG,6375,78,D,YP,AK,F
10:25:11,INDF,RG,6350,4,D,XC,ZP,F
10:25:11,INDF,RG,6350,10,D,KK,ZP,F
10:25:11,INDF,RG,6350,3,D,CC,ZP,F
10:25:11,INDF,RG,6350,1,D,EP,ZP,F
10:25:11,INDF,RG,6350,1,D,PD,ZP,F
10:25:11,INDF,RG,6350,1,D,PD,ZP,F
10:25:11,INDF,RG,6350,5,D,PD,ZP,F
10:25:11,INDF,RG,6350,10,D,PD,ZP,F
10:25:11,INDF,RG,6350,7,D,XL,ZP,F
10:25:11,INDF,RG,6350,1,D,PD,ZP,F
10:25:11,INDF,RG,6350,1,D,YP,ZP,F
10:25:11,INDF,RG,6350,5,D,YP,ZP,F
10:25:10,INDF,RG,6350,1,D,XC,PD,D
10:25:10,INDF,RG,6350,50,D,GR,PD,D
10:25:10,INDF,RG,6350,1,D,PD,PD,D
10:25:10,INDF,RG,6350,5,D,PD,PD,D
10:25:10,INDF,RG,6350,1,D,XC,PD,D
10:25:10,INDF,RG,6350,4,D,CC,PD,D
10:25:10,INDF,RG,6350,1,D,CC,PD,D
10:25:10,INDF,RG,6350,2,D,XC,PD,D
10:25:10,INDF,RG,6350,1,D,KK,PD,D
10:25:10,INDF,RG,6350,1,D,XC,PD,D
10:25:10,INDF,RG,6350,1,D,XL,PD,D
10:25:10,INDF,RG,6350,9,D,YU,PD,D
10:25:04,INDF,RG,6375,1,D,XC,AK,F
10:22:12,INDF,RG,6375,2,D,PD,AK,F
10:19:37,INDF,RG,6350,10,D,YU,XC,D
10:18:52,INDF,RG,6350,1,D,YU,XC,D
10:16:55,INDF,RG,6350,1,D,YU,PD,D
10:15:33,INDF,RG,6375,3,D,PD,AK,F
10:12:53,INDF,RG,6375,2,D,PD,AK,F
10:11:58,INDF,RG,6375,1,D,YP,AK,F
10:10:02,INDF,RG,6350,1,D,YU,PD,D
10:09:31,INDF,RG,6375,3,D,NI,AK,F
10:09:04,INDF,RG,6375,2,D,YP,AK,F
10:07:00,INDF,RG,6375,2,D,PD,AK,F
10:05:28,INDF,RG,6350,1,D,YU,XC,D
10:04:24,INDF,RG,6350,16,D,YU,XC,D
10:04:03,INDF,RG,6350,1,D,YU,PD,D
10:00:33,INDF,RG,6350,60,D,YU,XL,D
10:00:33,INDF,RG,6350,5,D,KK,XL,D
10:00:33,INDF,RG,6350,10,D,NI,XL,D
9:59:50,INDF,RG,6350,5,D,NI,YP,D
9:59:38,INDF,RG,6350,1,D,NI,PD,D
9:59:09,INDF,RG,6375,1,D,XC,AK,F
9:59:04,INDF,RG,6375,5,D,XC,AK,F
9:58:36,INDF,RG,6375,1,D,XC,AK,F
9:58:32,INDF,RG,6350,3,D,NI,XC,D
9:57:59,INDF,RG,6375,4,D,NI,AK,F
9:56:50,INDF,RG,6375,3,D,PD,AK,F
9:56:20,INDF,RG,6375,35,D,DH,AK,F
9:56:03,INDF,RG,6375,30,D,SQ,AK,F
9:55:27,INDF,RG,6375,1,D,YP,AK,F
9:55:10,INDF,RG,6375,10,D,CC,AK,F
9:53:13,INDF,RG,6350,1,D,NI,SQ,D
9:52:47,INDF,RG,6350,25,D,NI,KK,D
9:52:37,INDF,RG,6375,2,D,YB,AK,F
9:51:21,INDF,RG,6375,1,D,PD,AK,F
9:50:55,INDF,RG,6375,1,D,YB,AK,F
9:50:34,INDF,RG,6375,2,D,YB,AK,F
9:50:13,INDF,RG,6375,25,D,YB,AK,F
9:49:06,INDF,RG,6375,20,D,NI,AK,F
9:49:03,INDF,RG,6350,33,D,NI,ZP,F
9:48:58,INDF,RG,6350,55,D,NI,ZP,D
9:48:58,INDF,RG,6350,10,D,AT,ZP,D
9:48:58,INDF,RG,6350,1,D,YP,ZP,D
9:48:58,INDF,RG,6350,1,D,XC,ZP,D
9:48:58,INDF,RG,6350,5,D,CC,ZP,D
9:48:58,INDF,RG,6350,1,D,PD,ZP,D
9:48:58,INDF,RG,6350,5,D,DH,ZP,D
9:48:58,INDF,RG,6350,1,D,YP,ZP,D
9:48:58,INDF,RG,6350,16,D,DH,ZP,D
9:48:10,INDF,RG,6350,43,D,YP,CC,D
9:47:27,INDF,RG,6350,5,D,YP,ZP,F
9:47:27,INDF,RG,6350,3,D,NI,ZP,F
9:47:27,INDF,RG,6350,1,D,GR,ZP,F
9:47:27,INDF,RG,6350,1,D,YP,ZP,F
9:47:27,INDF,RG,6350,1,D,SQ,ZP,F
9:47:27,INDF,RG,6350,80,D,YP,ZP,F
9:47:26,INDF,RG,6350,20,D,YP,CC,D
9:47:26,INDF,RG,6350,50,D,CC,CC,D
9:47:26,INDF,RG,6350,1,D,XC,CC,D
9:47:26,INDF,RG,6350,10,D,NI,CC,D
9:47:26,INDF,RG,6350,20,D,BQ,CC,D
9:47:26,INDF,RG,6350,1,D,PD,CC,D
9:47:26,INDF,RG,6350,1,D,YP,CC,D
9:47:26,INDF,RG,6350,1,D,DR,CC,D
9:47:26,INDF,RG,6350,2,D,GR,CC,D
9:47:26,INDF,RG,6350,5,D,PD,CC,D
9:47:26,INDF,RG,6350,1,D,CC,CC,D
9:47:26,INDF,RG,6350,1,D,KK,CC,D
9:47:26,INDF,RG,6350,1,D,PD,CC,D
9:47:26,INDF,RG,6350,1,D,XC,CC,D
9:47:26,INDF,RG,6350,1,D,CC,CC,D
9:47:26,INDF,RG,6350,5,D,YP,CC,D
9:47:26,INDF,RG,6350,5,D,YP,CC,D
9:47:26,INDF,RG,6350,2,D,XC,CC,D
9:47:26,INDF,RG,6350,14,D,CC,CC,D
9:47:26,INDF,RG,6350,80,D,YP,CC,D
9:47:26,INDF,RG,6350,4,D,NI,CC,D
9:47:26,INDF,RG,6350,1,D,XL,CC,D
9:47:26,INDF,RG,6350,1,D,PD,CC,D
9:47:26,INDF,RG,6350,16,D,XC,CC,D
9:47:26,INDF,RG,6350,16,D,KK,CC,D
9:47:26,INDF,RG,6350,100,D,YP,CC,D
9:47:26,INDF,RG,6350,40,D,YP,CC,D
9:45:59,INDF,RG,6350,5,D,YP,ZP,D
9:44:46,INDF,RG,6375,1,D,NI,AK,F
9:44:43,INDF,RG,6375,32,D,YP,AK,F
9:44:43,INDF,RG,6375,94,D,RF,AK,F
9:44:43,INDF,RG,6375,6,D,RF,XC,D
9:44:32,INDF,RG,6350,33,D,YP,KK,D
9:44:32,INDF,RG,6350,3,D,YP,KK,D
9:44:32,INDF,RG,6350,1,D,YP,KK,D
9:44:32,INDF,RG,6350,8,D,PD,KK,D
9:44:32,INDF,RG,6350,1,D,DH,KK,D
9:44:32,INDF,RG,6350,5,D,CC,KK,D
9:44:32,INDF,RG,6350,4,D,SQ,KK,D
9:43:56,INDF,RG,6375,1,D,PD,XC,D
9:43:44,INDF,RG,6375,2,D,YP,XC,D
9:43:29,INDF,RG,6375,1,D,XC,XC,D
9:42:23,INDF,RG,6350,1,D,SQ,CC,D
9:41:36,INDF,RG,6375,1,D,CC,BK,F
9:41:29,INDF,RG,6375,24,D,XC,BK,F
9:41:07,INDF,RG,6375,10,D,CC,BK,F
9:40:49,INDF,RG,6375,1,D,XC,BK,F
9:40:35,INDF,RG,6375,4,D,PD,BK,F
9:40:10,INDF,RG,6350,1,D,SQ,PD,D
9:40:07,INDF,RG,6350,1,D,SQ,YP,D
9:39:53,INDF,RG,6375,7,D,PD,BK,F
9:38:33,INDF,RG,6375,1,D,YP,BK,F
9:38:33,INDF,RG,6350,4,D,SQ,YP,D
9:37:48,INDF,RG,6350,9,D,SQ,YU,D
9:37:48,INDF,RG,6350,1,D,EP,YU,D
9:37:48,INDF,RG,6350,1,D,EP,YU,D
9:37:48,INDF,RG,6350,2,D,TP,YU,D
9:37:48,INDF,RG,6350,2,D,PD,YU,D
9:37:48,INDF,RG,6350,5,D,PD,YU,D
9:37:48,INDF,RG,6350,5,D,PD,YU,D
9:37:48,INDF,RG,6350,6,D,PD,YU,D
9:37:48,INDF,RG,6350,3,D,PD,YU,D
9:37:48,INDF,RG,6350,2,D,PD,YU,D
9:37:48,INDF,RG,6350,1,D,TP,YU,D
9:37:48,INDF,RG,6350,5,D,PD,YU,D
9:37:48,INDF,RG,6350,12,D,PD,YU,D
9:37:48,INDF,RG,6350,15,D,KK,YU,D
9:37:48,INDF,RG,6350,2,D,KK,YU,D
9:37:48,INDF,RG,6350,2,D,HP,YU,D
9:37:48,INDF,RG,6350,92,D,FS,YU,D
9:37:34,INDF,RG,6350,1,D,FS,XC,D
9:37:01,INDF,RG,6350,5,D,FS,YP,D
9:36:46,INDF,RG,6375,1,D,EP,BK,F
9:36:03,INDF,RG,6375,1,D,PD,BK,F
9:35:21,INDF,RG,6350,5,D,FS,CC,D
9:35:12,INDF,RG,6375,2,D,CC,BK,F
9:35:12,INDF,RG,6375,18,D,CC,CC,F
9:33:45,INDF,RG,6350,1,D,FS,XC,D
9:33:28,INDF,RG,6350,5,D,FS,XC,D
9:33:20,INDF,RG,6375,1,D,XC,CC,F
9:33:06,INDF,RG,6350,2,D,FS,XC,D
9:32:00,INDF,RG,6350,1,D,FS,NI,D
9:31:58,INDF,RG,6375,9,D,YP,CC,F
9:31:58,INDF,RG,6375,31,D,YP,ZP,F
9:30:03,INDF,RG,6375,1,D,PD,ZP,F
9:29:53,INDF,RG,6375,4,D,CC,ZP,F
9:29:48,INDF,RG,6375,3,D,XC,ZP,F
9:29:26,INDF,RG,6375,1,D,YP,ZP,F
9:28:30,INDF,RG,6375,3,D,AT,ZP,F
9:28:05,INDF,RG,6375,1,D,PD,ZP,F
9:27:19,INDF,RG,6375,1,D,PD,ZP,F
9:26:52,INDF,RG,6350,1,D,FS,NI,D
9:25:52,INDF,RG,6350,3,D,FS,DH,D
9:25:36,INDF,RG,6350,1,D,FS,XC,D
9:25:22,INDF,RG,6375,2,D,AT,ZP,F
9:25:21,INDF,RG,6375,5,D,TP,ZP,F
9:24:55,INDF,RG,6375,2,D,XC,ZP,F
9:23:44,INDF,RG,6375,1,D,XC,ZP,F
9:23:26,INDF,RG,6375,5,D,TP,ZP,F
9:23:11,INDF,RG,6375,10,D,CC,ZP,F
9:21:27,INDF,RG,6375,2,D,PD,ZP,F
9:21:18,INDF,RG,6375,1,D,XC,ZP,F
9:20:18,INDF,RG,6375,1,D,NI,ZP,F
9:19:32,INDF,RG,6350,1,D,FS,XC,D
9:18:16,INDF,RG,6350,6,D,FS,SQ,D
9:17:20,INDF,RG,6350,3,D,FS,XL,D
9:17:07,INDF,RG,6375,5,D,DX,ZP,F
9:16:30,INDF,RG,6375,15,D,CC,ZP,F
9:16:07,INDF,RG,6375,1,D,PD,ZP,F
9:16:06,INDF,RG,6375,6,D,XL,ZP,F
9:15:23,INDF,RG,6375,10,D,NI,ZP,F
9:14:43,INDF,RG,6375,10,D,KK,ZP,F
9:14:28,INDF,RG,6375,5,D,KK,AK,F
9:14:00,INDF,RG,6375,15,D,NI,AK,F
9:12:31,INDF,RG,6350,6,D,FS,PD,D
9:11:47,INDF,RG,6375,1,D,YP,AK,F
9:11:27,INDF,RG,6375,1,D,YP,AK,F
9:11:25,INDF,RG,6375,1,D,AI,AK,F
9:10:38,INDF,RG,6350,4,D,FS,PD,D
9:09:56,INDF,RG,6375,5,D,YP,AK,F
9:09:38,INDF,RG,6375,2,D,NI,NI,D
9:08:33,INDF,RG,6375,1,D,PD,NI,D
9:08:25,INDF,RG,6375,2,D,YP,NI,D
9:08:25,INDF,RG,6350,2,D,FS,YP,D
9:08:02,INDF,RG,6375,1,D,CC,NI,D
9:08:00,INDF,RG,6350,8,D,FS,PD,D
9:07:59,INDF,RG,6375,1,D,PD,NI,D
9:07:32,INDF,RG,6350,1,D,FS,XC,D
9:06:04,INDF,RG,6375,50,D,BQ,AK,F
9:06:04,INDF,RG,6375,2,D,DX,AK,F
9:06:04,INDF,RG,6375,1,D,NI,AK,F
9:03:49,INDF,RG,6350,2,D,FS,YP,D
9:03:16,INDF,RG,6400,1,D,YP,SQ,D
9:03:09,INDF,RG,6400,5,D,AT,SQ,D
9:02:55,INDF,RG,6375,5,D,CC,AK,F
9:02:55,INDF,RG,6375,32,D,CC,AK,F
9:02:55,INDF,RG,6375,5,D,NI,AK,F
9:02:55,INDF,RG,6375,93,D,NI,AK,F
9:02:04,INDF,RG,6375,57,D,NI,ZP,F
9:02:04,INDF,RG,6375,5,D,YP,ZP,F
9:02:04,INDF,RG,6375,16,D,YP,ZP,F
9:02:04,INDF,RG,6375,1,D,TP,ZP,F
9:02:04,INDF,RG,6375,1,D,AT,ZP,F
9:02:04,INDF,RG,6375,1,D,XC,ZP,F
9:02:04,INDF,RG,6400,1,D,PD,SQ,D
9:02:04,INDF,RG,6400,1,D,XC,SQ,D
9:02:04,INDF,RG,6400,1,D,YP,SQ,D
9:02:03,INDF,RG,6400,2,D,YP,GR,D
9:02:03,INDF,RG,6400,1,D,YP,GR,D
9:02:03,INDF,RG,6400,4,D,SQ,GR,D
9:02:03,INDF,RG,6400,43,D,BQ,GR,D
9:01:56,INDF,RG,6400,4,D,BQ,XL,D
9:01:39,INDF,RG,6425,7,D,YP,SQ,D
9:01:39,INDF,RG,6425,7,D,YP,SQ,D
9:01:39,INDF,RG,6400,1,D,BQ,XC,D
9:01:38,INDF,RG,6425,92,D,OD,SQ,D
9:01:38,INDF,RG,6425,6,D,OD,PD,D
9:01:38,INDF,RG,6425,10,D,OD,PD,D
9:01:38,INDF,RG,6425,1,D,OD,PD,D
9:01:38,INDF,RG,6425,1,D,OD,PD,D
9:01:38,INDF,RG,6425,49,D,OD,PD,D
9:01:29,INDF,RG,6400,2,D,BQ,CC,D
9:01:29,INDF,RG,6400,4,D,YP,CC,D
9:01:29,INDF,RG,6400,4,D,ZP,CC,D
9:01:05,INDF,RG,6400,32,D,ZP,AK,F
9:01:05,INDF,RG,6400,64,D,ZP,YP,D
9:01:05,INDF,RG,6400,1,D,CC,YP,D
9:01:05,INDF,RG,6400,4,D,CC,YP,D
9:01:05,INDF,RG,6400,1,D,XC,YP,D
9:01:05,INDF,RG,6400,10,D,NI,YP,D
9:01:05,INDF,RG,6400,20,D,YP,YP,D
9:01:01,INDF,RG,6400,30,D,YP,YP,D
9:01:01,INDF,RG,6400,20,D,YP,YP,D
9:01:01,INDF,RG,6400,3,D,YP,YP,D
9:01:01,INDF,RG,6400,1,D,YP,YP,D
9:01:01,INDF,RG,6400,2,D,YP,YP,D
9:01:01,INDF,RG,6400,1,D,YP,YP,D
9:01:01,INDF,RG,6400,1,D,YP,YP,D
9:00:44,INDF,RG,6400,9,D,YP,AK,F
9:00:44,INDF,RG,6400,33,D,CC,AK,F
9:00:14,INDF,RG,6425,1,D,XC,PD,D
9:00:14,INDF,RG,6425,1,D,XC,GR,D
8:59:00,INDF,RG,6400,1,D,CC,AZ,D
8:59:00,INDF,RG,6400,2,D,CC,PD,D
8:59:00,INDF,RG,6400,1,D,CC,PD,D
8:59:00,INDF,RG,6400,1,D,CC,XC,D
8:59:00,INDF,RG,6400,1,D,CC,PD,D
8:59:00,INDF,RG,6400,1,D,CC,PD,D
8:59:00,INDF,RG,6400,6,D,CC,PD,D
8:59:00,INDF,RG,6400,1,D,CC,PD,D
8:59:00,INDF,RG,6400,5,D,CC,PD,D
8:59:00,INDF,RG,6400,3,D,CC,BK,F
8:59:00,INDF,RG,6400,1,D,CC,BK,F
8:59:00,INDF,RG,6400,1,D,CC,CC,D
8:59:00,INDF,RG,6400,1,D,CC,CC,D
8:59:00,INDF,RG,6400,4,D,GR,CC,D
8:59:00,INDF,RG,6400,17,D,CC,CC,D
8:59:00,INDF,RG,6400,1,D,PD,PD,D
8:59:00,INDF,RG,6400,1,D,PD,PD,D
8:59:00,INDF,RG,6400,1,D,PD,ZP,F
8:59:00,INDF,RG,6400,1,D,PD,ZP,F
8:59:00,INDF,RG,6400,2,D,PD,ZP,F
8:59:00,INDF,RG,6400,1,D,PD,ZP,F
8:59:00,INDF,RG,6400,1,D,XC,ZP,F
8:59:00,INDF,RG,6400,1,D,XC,ZP,F
8:59:00,INDF,RG,6400,1,D,XC,ZP,F
8:59:00,INDF,RG,6400,1,D,YB,ZP,F
8:59:00,INDF,RG,6400,1,F,KK,ZP,F
8:59:00,INDF,RG,6400,1,F,KK,ZP,F