Time,Stock,Brd,Price,Qty,BT,BC,SC,ST
15:14:56,INDF,RG,6275,2,D,ZP,PD,D
15:12:06,INDF,RG,6275,10,D,ZP,SQ,D
15:10:34,INDF,RG,6275,10,D,ZP,AT,D
15:09:17,INDF,RG,6275,238,D,ZP,KI,D
15:07:17,INDF,RG,6275,1,D,ZP,KK,D
15:06:01,INDF,RG,6275,50,D,ZP,DR,D
15:05:59,INDF,RG,6275,3,D,ZP,PD,D
15:05:02,INDF,RG,6275,15,D,ZP,CC,D
15:05:00,INDF,RG,6275,45,D,ZP,PD,D
15:05:00,INDF,RG,6275,78,D,ZP,YB,D
15:05:00,INDF,RG,6275,1,D,YP,YB,D
15:05:00,INDF,RG,6275,10,D,DH,YB,D
15:05:00,INDF,RG,6275,11,D,CC,YB,D
15:00:00,INDF,RG,6275,1,D,CC,AT,D
15:00:00,INDF,RG,6275,2,D,CC,AT,D
15:00:00,INDF,RG,6275,1,D,CC,YP,D
15:00:00,INDF,RG,6275,25,D,EP,CC,D
15:00:00,INDF,RG,6275,10,D,SQ,CC,D
15:00:00,INDF,RG,6275,2,D,PD,CC,D
15:00:00,INDF,RG,6275,1,D,GR,CC,D
15:00:00,INDF,RG,6275,5,D,PD,CC,D
15:00:00,INDF,RG,6275,5,D,DR,CC,D
15:00:00,INDF,RG,6275,1,D,LG,CC,D
15:00:00,INDF,RG,6275,51,D,YP,CC,D
15:00:00,INDF,RG,6275,1,D,YP,XC,D
15:00:00,INDF,RG,6275,2,D,YP,YP,D
15:00:00,INDF,RG,6275,10,D,YP,XC,D
15:00:00,INDF,RG,6275,20,D,YP,YP,D
15:00:00,INDF,RG,6275,25,D,YP,AO,D
15:00:00,INDF,RG,6275,1,D,YP,HP,D
15:00:00,INDF,RG,6275,5,D,YP,YP,D
15:00:00,INDF,RG,6275,10,D,YP,YP,D
15:00:00,INDF,RG,6275,75,D,YP,IP,D
15:00:00,INDF,RG,6275,1,D,DH,IP,D
15:00:00,INDF,RG,6275,3,D,PD,IP,D
15:00:00,INDF,RG,6275,1,D,GR,IP,D
15:00:00,INDF,RG,6275,35,D,PD,IP,D
15:00:00,INDF,RG,6275,2,D,AT,IP,D
15:00:00,INDF,RG,6275,123,D,YB,IP,D
15:00:00,INDF,RG,6275,77,D,YB,BK,F
15:00:00,INDF,RG,6275,40,D,PD,BK,F
15:00:00,INDF,RG,6275,1,D,YP,BK,F
15:00:00,INDF,RG,6275,336,D,KK,BK,F
15:00:00,INDF,RG,6275,189,D,KK,AK,F
15:00:00,INDF,RG,6275,2,D,YP,AK,F
15:00:00,INDF,RG,6275,1,D,LG,AK,F
15:00:00,INDF,RG,6275,1,D,CP,AK,F
15:00:00,INDF,RG,6275,1,D,NI,AK,F
15:00:00,INDF,RG,6275,1,D,SQ,AK,F
15:00:00,INDF,RG,6275,1,D,YP,AK,F
15:00:00,INDF,RG,6275,1,D,NI,AK,F
15:00:00,INDF,RG,6275,3,D,PD,AK,F
15:00:00,INDF,RG,6275,2,D,YP,AK,F
15:00:00,INDF,RG,6275,8,D,YP,AK,F
15:00:00,INDF,RG,6275,1,D,PD,AK,F
15:00:00,INDF,RG,6275,5,D,DR,AK,F
15:00:00,INDF,RG,6275,1,D,NI,AK,F
15:00:00,INDF,RG,6275,2,D,CC,AK,F
15:00:00,INDF,RG,6275,200,D,YB,AK,F
15:00:00,INDF,RG,6275,3,D,DR,AK,F
15:00:00,INDF,RG,6275,1,D,TP,AK,F
15:00:00,INDF,RG,6275,8,D,BQ,AK,F
15:00:00,INDF,RG,6275,1,D,XL,AK,F
15:00:00,INDF,RG,6275,1,D,DR,AK,F
15:00:00,INDF,RG,6275,3,D,CC,AK,F
15:00:00,INDF,RG,6275,1,D,KK,AK,F
15:00:00,INDF,RG,6275,5,D,NI,ZP,F
15:00:00,INDF,RG,6275,1,D,PD,ZP,F
15:00:00,INDF,RG,6275,252,D,GR,ZP,F
15:00:00,INDF,RG,6275,107,F,BK,ZP,F
15:00:00,INDF,RG,6275,635,F,CS,ZP,F
15:00:00,INDF,RG,6275,417,F,CS,YU,F
15:00:00,INDF,RG,6275,28,F,KZ,YU,F
15:00:00,INDF,RG,6275,14,F,AK,YU,F
15:00:00,INDF,RG,6275,108,F,AK,YU,F
15:00:00,INDF,RG,6275,272,F,AK,YU,F
15:00:00,INDF,RG,6275,94,F,AK,AK,F
15:00:00,INDF,RG,6275,32,F,AK,AK,F
15:00:00,INDF,RG,6275,150,F,AK,KZ,D
15:00:00,INDF,RG,6275,111,F,AK,KZ,F
15:00:00,INDF,RG,6275,137,F,AK,YU,D
15:00:00,INDF,RG,6275,12,F,AK,YU,D
15:00:00,INDF,RG,6275,42,D,RX,YU,D
15:00:00,INDF,RG,6275,138,D,PD,YU,D
14:49:58,INDF,RG,6275,2,D,KK,BK,F
14:49:57,INDF,RG,6275,3,D,KK,AK,F
14:49:57,INDF,RG,6275,1,D,KK,AK,F
14:49:57,INDF,RG,6275,2,D,KK,AK,F
14:49:56,INDF,RG,6275,34,D,KK,YU,F
14:49:47,INDF,RG,6300,3,F,CS,SQ,D
14:49:45,INDF,RG,6300,1,F,AK,SQ,D
14:49:42,INDF,RG,6275,2,D,KK,BK,F
14:49:41,INDF,RG,6275,6,D,KK,KZ,F
14:49:38,INDF,RG,6300,13,F,CS,SQ,D
14:49:38,INDF,RG,6300,5,F,CS,YP,D
14:49:30,INDF,RG,6300,1,F,AK,YP,D
14:49:30,INDF,RG,6300,1,F,AK,YP,D
14:49:30,INDF,RG,6275,14,D,KK,BK,F
14:49:18,INDF,RG,6275,11,D,KK,BK,F
14:49:16,INDF,RG,6275,28,D,KK,AK,F
14:49:16,INDF,RG,6275,4,D,KK,AK,F
14:49:16,INDF,RG,6275,139,D,KK,BK,F
14:49:15,INDF,RG,6300,1,F,AK,PD,D
14:49:12,INDF,RG,6275,179,D,KK,CC,D
14:49:12,INDF,RG,6275,2,D,XC,CC,D
14:49:12,INDF,RG,6275,350,D,YP,CC,D
14:49:12,INDF,RG,6275,2,D,XC,CC,D
14:49:12,INDF,RG,6275,25,D,YP,CC,D
14:49:12,INDF,RG,6275,3,D,YP,CC,D
14:49:12,INDF,RG,6275,1,D,PD,CC,D
14:49:12,INDF,RG,6275,5,D,PD,CC,D
14:49:12,INDF,RG,6275,10,D,AT,CC,D
14:49:12,INDF,RG,6275,32,D,NI,CC,D
14:49:12,INDF,RG,6275,5,D,YP,CC,D
14:49:12,INDF,RG,6275,100,D,PD,CC,D
14:49:12,INDF,RG,6275,4,D,XC,CC,D
14:49:12,INDF,RG,6275,1,D,XC,CC,D
14:49:12,INDF,RG,6275,20,D,PD,CC,D
14:49:12,INDF,RG,6275,1,D,PD,CC,D
14:49:12,INDF,RG,6275,10,D,PD,CC,D
14:49:12,INDF,RG,6275,2,D,CC,CC,D
14:49:12,INDF,RG,6275,10,D,SQ,CC,D
14:49:12,INDF,RG,6275,1,D,KK,CC,D
14:49:12,INDF,RG,6275,25,D,XC,CC,D
14:49:12,INDF,RG,6275,10,D,CC,CC,D
14:49:12,INDF,RG,6275,90,D,GR,CC,D
14:49:12,INDF,RG,6275,16,D,LG,CC,D
14:49:12,INDF,RG,6275,5,D,XC,CC,D
14:49:12,INDF,RG,6275,1,D,PD,CC,D
14:49:12,INDF,RG,6275,2,D,XC,CC,D
14:49:12,INDF,RG,6275,10,D,OD,CC,D
14:49:12,INDF,RG,6275,5,D,PD,CC,D
14:49:12,INDF,RG,6275,12,D,YP,CC,D
14:49:12,INDF,RG,6275,5,D,CC,CC,D
14:49:12,INDF,RG,6275,1,D,XC,CC,D
14:49:12,INDF,RG,6275,10,D,BQ,CC,D
14:49:12,INDF,RG,6275,5,D,YP,CC,D
14:49:12,INDF,RG,6275,3,D,GR,CC,D
14:49:12,INDF,RG,6275,1,D,CC,CC,D
14:49:12,INDF,RG,6275,3,D,XC,CC,D
14:49:12,INDF,RG,6275,1,D,PD,CC,D
14:49:12,INDF,RG,6275,20,D,AT,CC,D
14:49:12,INDF,RG,6275,40,D,PD,CC,D
14:49:12,INDF,RG,6275,3,D,PD,CC,D
14:49:12,INDF,RG,6275,7,D,PD,CC,D
14:49:12,INDF,RG,6275,18,F,CS,CC,D
14:49:12,INDF,RG,6275,45,D,KZ,CC,D
14:49:12,INDF,RG,6275,332,D,KZ,CC,D
14:49:12,INDF,RG,6275,5,D,KZ,CC,D
14:49:12,INDF,RG,6275,340,D,KZ,CC,D
14:49:12,INDF,RG,6275,74,D,KZ,CC,D
14:49:12,INDF,RG,6275,148,D,KZ,CC,D
14:49:12,INDF,RG,6275,384,D,KZ,CC,D
14:49:12,INDF,RG,6275,167,D,KZ,CC,D
14:49:12,INDF,RG,6275,89,D,KZ,CC,D
14:49:03,INDF,RG,6275,13,D,KZ,BK,F
14:49:01,INDF,RG,6275,6,D,KZ,AK,F
14:49:00,INDF,RG,6300,1,F,AK,CC,D
14:49:00,INDF,RG,6275,1,D,KZ,AK,F
14:48:55,INDF,RG,6275,1,D,KZ,ZP,F
14:48:50,INDF,RG,6275,15,D,KZ,CC,D
14:48:50,INDF,RG,6275,13,D,KZ,KZ,F
14:48:43,INDF,RG,6275,11,D,KZ,BK,F
14:48:32,INDF,RG,6275,30,D,KZ,DR,D
14:48:21,INDF,RG,6275,13,D,KZ,BK,F
14:48:19,INDF,RG,6275,18,D,KZ,BK,F
14:48:19,INDF,RG,6275,2,D,KK,BK,F
14:48:19,INDF,RG,6275,1,D,SQ,BK,F
14:48:19,INDF,RG,6275,1,F,GR,BK,F
14:48:19,INDF,RG,6275,1,F,AK,BK,F
14:48:19,INDF,RG,6275,16,F,CS,BK,F
14:48:19,INDF,RG,6275,19,F,CS,BK,F
14:48:19,INDF,RG,6275,10,D,YP,BK,F
14:48:19,INDF,RG,6275,10,D,SQ,BK,F
14:48:19,INDF,RG,6275,2,F,CS,BK,F
14:48:19,INDF,RG,6275,18,F,CS,BK,F
14:48:18,INDF,RG,6275,15,D,CP,AK,F
14:48:18,INDF,RG,6275,5,D,PD,AK,F
14:48:18,INDF,RG,6275,1,F,AK,AK,F
14:48:18,INDF,RG,6275,2,D,PD,AK,F
14:48:18,INDF,RG,6275,33,F,CS,AK,F
14:48:18,INDF,RG,6275,2,D,PD,AK,F
14:48:18,INDF,RG,6275,5,D,CC,AK,F
14:48:18,INDF,RG,6275,7,D,DR,AK,F
14:48:18,INDF,RG,6275,5,D,DX,AK,F
14:48:18,INDF,RG,6275,2,D,CC,AK,F
14:48:16,INDF,RG,6300,1,D,CC,CC,D
14:48:16,INDF,RG,6275,8,D,CC,AK,F
14:48:16,INDF,RG,6275,27,F,CS,AK,F
14:48:16,INDF,RG,6275,33,F,CS,BK,F
14:48:16,INDF,RG,6275,5,D,KK,BK,F
14:48:16,INDF,RG,6275,5,D,YP,BK,F
14:48:16,INDF,RG,6275,1,D,DX,BK,F
14:48:15,INDF,RG,6300,23,D,KZ,CC,D
14:48:15,INDF,RG,6300,1758,D,KZ,CC,D
14:48:15,INDF,RG,6300,77,D,KZ,CC,D
14:48:15,INDF,RG,6300,103,D,KZ,AK,F
14:48:15,INDF,RG,6300,1530,D,KZ,AK,F
14:48:14,INDF,RG,6300,60,D,KZ,AK,F
14:48:14,INDF,RG,6275,1,D,CC,ZP,F
14:48:14,INDF,RG,6275,1,D,XC,ZP,F
14:48:14,INDF,RG,6275,1,D,DR,ZP,F
14:48:14,INDF,RG,6300,450,D,KZ,AK,F
14:48:14,INDF,RG,6300,140,D,KZ,AK,F
14:48:14,INDF,RG,6300,145,D,KZ,AK,F
14:48:14,INDF,RG,6300,2,D,KZ,ZP,F
14:48:14,INDF,RG,6300,1,D,KZ,KK,D
14:48:14,INDF,RG,6300,2,D,KZ,XA,D
14:48:14,INDF,RG,6300,25,D,KZ,CS,F
14:48:14,INDF,RG,6300,35,D,KZ,CS,F
14:48:14,INDF,RG,6300,66,D,KZ,CS,F
14:48:14,INDF,RG,6300,90,D,KZ,PD,D
14:48:14,INDF,RG,6300,5,D,KZ,CC,D
14:48:14,INDF,RG,6300,1,D,KZ,SQ,D
14:48:14,INDF,RG,6300,51,D,KZ,BK,F
14:48:14,INDF,RG,6300,3,D,KZ,XC,D
14:48:14,INDF,RG,6300,1,D,KZ,KK,D
14:48:14,INDF,RG,6300,4,D,KZ,PD,D
14:48:14,INDF,RG,6300,1,D,KZ,XC,D
14:48:14,INDF,RG,6300,58,D,KZ,YU,F
14:48:14,INDF,RG,6300,2,D,KZ,YU,F
14:48:14,INDF,RG,6300,132,D,KZ,YU,F
14:48:14,INDF,RG,6300,124,D,KZ,CS,F
14:48:14,INDF,RG,6300,29,D,KZ,YU,F
14:48:07,INDF,RG,6275,1,D,DR,KZ,F
14:48:04,INDF,RG,6300,1,F,KZ,YU,F
14:48:02,INDF,RG,6275,1,D,PD,KZ,F
14:48:02,INDF,RG,6275,1,D,SQ,KZ,F
14:48:02,INDF,RG,6275,1,D,SQ,KZ,F
14:48:02,INDF,RG,6275,2,D,PD,KZ,F
14:48:02,INDF,RG,6275,1,D,YP,KZ,F
14:48:02,INDF,RG,6275,1,D,YP,KZ,F
14:48:02,INDF,RG,6275,10,D,DR,KZ,F
14:47:59,INDF,RG,6275,4,D,DR,ZP,F
14:47:59,INDF,RG,6300,25,D,CP,YU,F
14:47:59,INDF,RG,6300,1,F,AK,YU,F
14:47:59,INDF,RG,6300,26,F,KZ,YU,F
14:47:58,INDF,RG,6275,2,D,DR,OD,D
14:47:54,INDF,RG,6300,1,F,KZ,YU,F
14:47:54,INDF,RG,6300,1,F,KZ,YU,F
14:47:48,INDF,RG,6300,25,F,CS,YU,F
14:47:48,INDF,RG,6300,22,F,CS,YU,F
14:47:48,INDF,RG,6300,26,F,CS,YU,F
14:47:48,INDF,RG,6300,5,F,CS,YU,F
14:47:48,INDF,RG,6300,4,F,CS,YU,F
14:47:48,INDF,RG,6300,26,F,CS,YU,F
14:47:48,INDF,RG,6300,6,F,CS,YU,F
14:47:48,INDF,RG,6300,6,F,CS,BK,F
14:47:45,INDF,RG,6300,1,F,AK,BK,F
14:47:33,INDF,RG,6275,23,D,DR,AK,F
14:47:32,INDF,RG,6275,2,D,DR,NI,D
14:47:31,INDF,RG,6300,1,D,PD,BK,F
14:47:23,INDF,RG,6300,1,F,AK,BK,F
14:47:22,INDF,RG,6275,59,D,DR,YU,F
14:47:22,INDF,RG,6275,1,D,PD,YU,F
14:47:22,INDF,RG,6275,10,D,ZP,YU,F
14:47:22,INDF,RG,6275,5,D,SQ,YU,F
14:47:22,INDF,RG,6275,10,D,NI,YU,F
14:47:22,INDF,RG,6275,5,D,DR,YU,F
14:47:22,INDF,RG,6275,6,D,PD,YU,F
14:47:22,INDF,RG,6275,12,D,PD,KZ,F
14:47:15,INDF,RG,6300,1,F,AK,BK,F
14:46:57,INDF,RG,6275,32,D,PD,AK,F
14:46:57,INDF,RG,6275,2,D,XC,AK,F
14:46:57,INDF,RG,6275,50,D,YP,AK,F
14:46:57,INDF,RG,6275,8,D,KZ,AK,F
14:46:57,INDF,RG,6275,69,D,KZ,AK,F
14:46:57,INDF,RG,6275,70,D,KZ,AK,F
14:46:57,INDF,RG,6275,14,D,KZ,AK,F
14:46:57,INDF,RG,6275,44,D,KZ,AK,F
14:46:52,INDF,RG,6275,57,D,KZ,YU,F
14:46:45,INDF,RG,6300,1,F,AK,BK,F
14:46:43,INDF,RG,6300,1,F,CS,BK,F
14:46:37,INDF,RG,6275,10,D,KZ,KZ,F
14:46:37,INDF,RG,6275,1,D,KZ,KZ,F
14:46:30,INDF,RG,6300,1,F,AK,BK,F
14:46:28,INDF,RG,6300,10,D,DH,BK,F
14:46:28,INDF,RG,6300,10,D,KK,BK,F
14:46:25,INDF,RG,6300,1,F,CS,BK,F
14:46:23,INDF,RG,6300,2,F,CS,BK,F
14:46:23,INDF,RG,6275,13,D,KZ,BK,F
14:46:22,INDF,RG,6275,20,D,KZ,YU,F
14:46:22,INDF,RG,6275,43,D,KZ,YU,F
14:46:22,INDF,RG,6275,20,D,CP,YU,F
14:46:22,INDF,RG,6275,4,D,YP,YU,F
14:46:19,INDF,RG,6275,5,D,YP,ZP,F
14:46:18,INDF,RG,6300,14,F,CS,BK,F
14:46:18,INDF,RG,6300,14,F,CS,BK,F
14:46:18,INDF,RG,6300,90,F,CS,BK,F
14:46:18,INDF,RG,6300,21,F,CS,BK,F
14:46:18,INDF,RG,6300,6,F,CS,CC,D
14:46:18,INDF,RG,6300,35,F,CS,CC,D
14:46:03,INDF,RG,6275,1,D,YP,BK,F
14:46:03,INDF,RG,6275,5,D,DH,BK,F
14:46:03,INDF,RG,6275,7,D,GR,BK,F
14:46:00,INDF,RG,6275,3,D,GR,XC,D
14:46:00,INDF,RG,6300,8,D,CP,CC,D
14:45:53,INDF,RG,6275,15,D,GR,YU,F
14:45:53,INDF,RG,6275,10,D,YP,YU,F
14:45:53,INDF,RG,6275,5,D,CC,YU,F
14:45:53,INDF,RG,6275,10,D,NI,YU,F
14:45:53,INDF,RG,6275,10,D,SQ,YU,F
14:45:53,INDF,RG,6275,1,D,PD,YU,F
14:45:53,INDF,RG,6275,1,D,PD,YU,F
14:45:53,INDF,RG,6275,5,D,CC,YU,F
14:45:53,INDF,RG,6275,18,D,AT,YU,F
14:45:53,INDF,RG,6300,3,D,NI,CC,D
14:45:49,INDF,RG,6275,12,D,AT,BK,F
14:45:47,INDF,RG,6275,1,D,YP,KZ,F
14:45:47,INDF,RG,6275,10,D,AZ,KZ,F
14:45:47,INDF,RG,6275,1,D,YP,KZ,F
14:45:45,INDF,RG,6300,1,F,AK,CC,D
14:45:43,INDF,RG,6300,4,F,CS,CC,D
14:45:35,INDF,RG,6300,2,F,CS,CC,D
14:45:27,INDF,RG,6275,1,D,YP,KZ,F
14:45:27,INDF,RG,6275,9,D,DR,KZ,F
14:45:24,INDF,RG,6275,11,D,DR,YU,F
14:45:24,INDF,RG,6275,5,F,CS,YU,F
14:45:24,INDF,RG,6275,5,D,YP,YU,F
14:45:24,INDF,RG,6275,51,D,YP,YU,F
14:45:17,INDF,RG,6275,1,D,YP,ZP,F
14:45:15,INDF,RG,6300,1,F,AK,CC,D
14:45:13,INDF,RG,6300,2,D,OD,CC,D
14:45:09,INDF,RG,6300,1,F,BK,CC,D
14:45:06,INDF,RG,6275,23,D,YP,BK,F
14:45:01,INDF,RG,6275,21,D,YP,BK,F
14:44:58,INDF,RG,6300,2,F,BK,CC,D
14:44:57,INDF,RG,6275,72,D,YP,YU,F
14:44:56,INDF,RG,6300,426,D,OD,CC,D
14:44:56,INDF,RG,6300,11,D,OD,CC,D
14:44:53,INDF,RG,6300,3,D,OD,CC,D
14:44:48,INDF,RG,6300,5,D,XA,CC,D
14:44:45,INDF,RG,6275,2,D,YP,BK,F
14:44:45,INDF,RG,6275,5,D,PD,BK,F
14:44:45,INDF,RG,6275,16,F,CS,BK,F
14:44:45,INDF,RG,6300,1,F,AK,CC,D
14:44:31,INDF,RG,6275,24,F,CS,YU,F
14:44:31,INDF,RG,6275,1,D,PD,YU,F
14:44:31,INDF,RG,6275,7,D,TP,YU,F
14:44:31,INDF,RG,6275,1,D,NI,YU,F
14:44:31,INDF,RG,6275,1,D,GR,YU,F
14:44:31,INDF,RG,6275,10,D,DR,YU,F
14:44:31,INDF,RG,6275,1,D,PD,YU,F
14:44:31,INDF,RG,6275,3,D,YP,YU,F
14:44:31,INDF,RG,6275,1,D,GR,YU,F
14:44:31,INDF,RG,6275,7,D,KK,YU,F
14:44:31,INDF,RG,6300,3,F,CS,CC,D
14:44:31,INDF,RG,6300,3,F,CS,CC,D
14:44:20,INDF,RG,6300,9,D,NI,CC,D
14:44:15,INDF,RG,6300,1,F,AK,CC,D
14:44:12,INDF,RG,6275,6,D,KK,KZ,F
14:44:07,INDF,RG,6300,3,D,OD,CC,D
14:44:04,INDF,RG,6275,6,D,KK,BK,F
14:44:04,INDF,RG,6275,5,D,KK,BK,F
14:44:04,INDF,RG,6275,10,F,CS,BK,F
14:44:03,INDF,RG,6300,1,F,CS,CC,D
14:44:03,INDF,RG,6300,2,F,CS,CC,D
14:44:03,INDF,RG,6275,52,F,CS,YU,F
14:43:59,INDF,RG,6275,12,F,CS,BK,F
14:43:55,INDF,RG,6275,23,F,CS,AK,F
14:43:55,INDF,RG,6275,8,D,KZ,AK,F
14:43:55,INDF,RG,6275,68,D,KZ,AK,F
14:43:55,INDF,RG,6275,54,D,KZ,AK,F
14:43:53,INDF,RG,6275,2,D,KZ,ZP,F
14:43:51,INDF,RG,6300,2,D,DR,CC,D
14:43:37,INDF,RG,6275,6,D,KZ,KZ,F
14:43:37,INDF,RG,6275,6,D,KZ,KZ,F
14:43:37,INDF,RG,6275,1,D,KZ,YU,F
14:43:37,INDF,RG,6275,14,D,KZ,YU,F
14:43:37,INDF,RG,6275,63,D,KZ,YU,F
14:43:33,INDF,RG,6300,10,D,SQ,CC,D
14:43:31,INDF,RG,6275,19,D,KZ,BK,F
14:43:30,INDF,RG,6300,1,F,AK,CC,D
14:43:26,INDF,RG,6300,1,D,CC,CC,D
14:43:20,INDF,RG,6275,5,D,KZ,ZP,F
14:43:09,INDF,RG,6275,16,D,KZ,BK,F
14:43:05,INDF,RG,6300,3,D,OD,CC,D
14:43:05,INDF,RG,6275,7,D,KZ,YU,F
14:43:05,INDF,RG,6275,34,D,KZ,YU,F
14:43:05,INDF,RG,6275,40,D,KZ,YU,F
14:43:02,INDF,RG,6300,1,F,CS,CC,D
14:43:02,INDF,RG,6300,1,F,CS,CC,D
14:43:01,INDF,RG,6300,5,D,DR,CC,D
14:42:52,INDF,RG,6300,1,D,CC,CC,D
14:42:40,INDF,RG,6300,10,D,SQ,CC,D
14:42:36,INDF,RG,6275,2,D,KZ,YU,F
14:42:36,INDF,RG,6275,1,D,CC,YU,F
14:42:36,INDF,RG,6275,20,D,PD,YU,F
14:42:36,INDF,RG,6275,1,D,XC,YU,F
14:42:36,INDF,RG,6275,2,D,SQ,YU,F
14:42:36,INDF,RG,6275,1,D,XC,YU,F
14:42:36,INDF,RG,6275,10,D,PD,YU,F
14:42:36,INDF,RG,6275,1,D,CC,YU,F
14:42:36,INDF,RG,6275,1,F,AK,YU,F
14:42:36,INDF,RG,6275,1,D,YP,YU,F
14:42:36,INDF,RG,6275,29,D,YB,YU,F
14:42:30,INDF,RG,6300,1,F,AK,CC,D
14:42:23,INDF,RG,6275,31,D,YB,BK,F
14:42:07,INDF,RG,6300,4,D,OD,CC,D
14:42:00,INDF,RG,6275,1,D,YB,PD,D
14:41:46,INDF,RG,6275,17,D,YB,BK,F
14:41:46,INDF,RG,6275,3,D,YB,CC,D
14:41:45,INDF,RG,6300,1,F,AK,CC,D
14:41:31,INDF,RG,6275,19,D,YB,YU,D
14:41:31,INDF,RG,6275,10,D,GR,YU,D
14:41:31,INDF,RG,6275,11,D,DR,YU,D
14:41:30,INDF,RG,6275,30,D,DR,YP,D
14:41:23,INDF,RG,6300,14,D,TP,CC,D
14:41:23,INDF,RG,6300,1,D,SQ,CC,D
14:41:10,INDF,RG,6300,1,F,AK,CC,D
14:41:09,INDF,RG,6300,4,D,OD,CC,D
14:40:58,INDF,RG,6300,1,D,CC,CC,D
14:40:46,INDF,RG,6275,29,D,DR,BK,F
14:40:46,INDF,RG,6275,2,D,DR,BK,F
14:40:46,INDF,RG,6275,1,D,NI,BK,F
14:40:46,INDF,RG,6275,1,D,SQ,BK,F
14:40:45,INDF,RG,6300,1,F,AK,CC,D
14:40:21,INDF,RG,6275,1,D,SQ,ZP,F
14:40:20,INDF,RG,6300,25,D,YP,CC,D
14:40:11,INDF,RG,6300,2,D,OD,CC,D
14:40:00,INDF,RG,6300,1,F,AK,CC,D
14:39:56,INDF,RG,6300,4,D,PD,CC,D
14:39:39,INDF,RG,6275,1,D,SQ,PD,D
14:39:26,INDF,RG,6275,1,D,SQ,PD,D
14:39:17,INDF,RG,6275,16,D,SQ,KK,D
14:39:17,INDF,RG,6275,15,D,DR,KK,D
14:39:17,INDF,RG,6275,19,D,YP,KK,D
14:39:15,INDF,RG,6300,1,F,AK,CC,D
14:39:12,INDF,RG,6300,1,D,XC,CC,D
14:39:11,INDF,RG,6300,3,D,OD,CC,D
14:39:09,INDF,RG,6300,12,D,YP,CC,D
14:39:01,INDF,RG,6300,100,D,KK,CC,D
14:38:52,INDF,RG,6300,2,D,KK,CC,D
14:38:45,INDF,RG,6300,1,F,AK,CC,D
14:38:25,INDF,RG,6275,1,D,YP,CC,D
14:38:25,INDF,RG,6275,25,D,SQ,CC,D
14:38:25,INDF,RG,6275,2,D,DR,CC,D
14:38:25,INDF,RG,6275,1,D,PD,CC,D
14:38:25,INDF,RG,6275,3,D,XC,CC,D
14:38:25,INDF,RG,6275,2,D,XC,CC,D
14:38:25,INDF,RG,6275,3,D,PD,CC,D
14:38:15,INDF,RG,6300,1,F,AK,CC,D
14:38:11,INDF,RG,6300,3,D,OD,CC,D
14:37:58,INDF,RG,6300,3,D,PD,CC,D
14:37:34,INDF,RG,6300,4,D,YP,CC,D
14:37:30,INDF,RG,6300,1,F,AK,CC,D
14:37:13,INDF,RG,6300,4,D,OD,CC,D
14:37:00,INDF,RG,6300,1,F,AK,CC,D
14:36:40,INDF,RG,6275,7,D,PD,CC,D
14:36:40,INDF,RG,6275,30,D,CC,CC,D
14:36:35,INDF,RG,6300,3,D,CC,CC,D
14:36:24,INDF,RG,6275,10,D,CC,KZ,F
14:36:24,INDF,RG,6275,62,D,CC,KZ,F
14:36:15,INDF,RG,6300,3,D,OD,CC,D
14:36:02,INDF,RG,6275,218,D,CC,IF,D
14:36:02,INDF,RG,6275,10,D,IP,IF,D
14:36:02,INDF,RG,6275,16,D,PD,IF,D
14:36:02,INDF,RG,6275,2,D,YP,IF,D
14:36:02,INDF,RG,6275,1,D,NI,IF,D
14:36:02,INDF,RG,6275,1,D,PD,IF,D
14:36:02,INDF,RG,6275,1,D,YP,IF,D
14:36:02,INDF,RG,6275,10,D,LG,IF,D
14:36:02,INDF,RG,6275,1,D,CC,IF,D
14:36:02,INDF,RG,6275,1,D,DX,IF,D
14:36:02,INDF,RG,6275,5,D,GR,IF,D
14:36:02,INDF,RG,6275,1,D,XC,IF,D
14:36:02,INDF,RG,6275,3,D,YP,IF,D
14:36:02,INDF,RG,6275,1,D,YP,IF,D
14:36:02,INDF,RG,6275,10,D,CC,IF,D
14:36:02,INDF,RG,6275,1,D,YP,IF,D
14:36:02,INDF,RG,6275,5,D,SQ,IF,D
14:36:02,INDF,RG,6275,5,D,XL,IF,D
14:36:02,INDF,RG,6275,1,D,DR,IF,D
14:36:02,INDF,RG,6275,2,D,YP,IF,D
14:36:02,INDF,RG,6275,10,D,PD,IF,D
14:36:02,INDF,RG,6275,10,D,PD,IF,D
14:36:02,INDF,RG,6275,1,D,OD,IF,D
14:36:02,INDF,RG,6275,1,F,CS,IF,D
14:36:02,INDF,RG,6275,1,D,XC,IF,D
14:36:02,INDF,RG,6275,2,D,YP,IF,D
14:36:02,INDF,RG,6275,3,D,PD,IF,D
14:36:02,INDF,RG,6275,2,D,PD,IF,D
14:36:02,INDF,RG,6275,3,D,DR,IF,D
14:36:02,INDF,RG,6275,10,D,DH,IF,D
14:36:02,INDF,RG,6275,5,D,CC,IF,D
14:36:02,INDF,RG,6275,1,D,NI,IF,D
14:36:02,INDF,RG,6275,2,D,PD,IF,D
14:36:02,INDF,RG,6275,20,D,PD,IF,D
14:36:02,INDF,RG,6275,125,F,CS,IF,D
14:36:02,INDF,RG,6275,4,F,CS,IF,D
14:36:02,INDF,RG,6275,1,D,NI,IF,D
14:36:02,INDF,RG,6275,1,D,NI,IF,D
14:36:02,INDF,RG,6275,25,D,PD,IF,D
14:36:02,INDF,RG,6275,1,D,CC,IF,D
14:36:02,INDF,RG,6275,10,D,XC,IF,D
14:36:02,INDF,RG,6275,200,D,CC,IF,D
14:36:02,INDF,RG,6275,2,D,PD,IF,D
14:36:02,INDF,RG,6275,1,D,CC,IF,D
14:36:02,INDF,RG,6275,2,D,XC,IF,D
14:36:02,INDF,RG,6275,8,D,XC,IF,D
14:36:02,INDF,RG,6275,16,F,KZ,IF,D
14:36:02,INDF,RG,6275,2,F,CS,IF,D
14:36:02,INDF,RG,6275,20,D,DX,IF,D
14:36:02,INDF,RG,6275,5,D,SQ,IF,D
14:36:02,INDF,RG,6275,1,D,SQ,IF,D
14:36:02,INDF,RG,6275,4,F,CS,IF,D
14:36:02,INDF,RG,6275,1,D,YP,IF,D
14:36:02,INDF,RG,6275,2,D,CC,IF,D
14:36:02,INDF,RG,6275,10,D,PD,IF,D
14:36:02,INDF,RG,6275,3,D,PD,IF,D
14:36:02,INDF,RG,6275,1,D,CC,IF,D
14:36:02,INDF,RG,6275,1,D,NI,IF,D
14:36:02,INDF,RG,6275,10,D,YB,IF,D
14:36:02,INDF,RG,6275,1,D,NI,IF,D
14:36:02,INDF,RG,6275,2,D,PD,IF,D
14:36:02,INDF,RG,6275,10,D,BQ,IF,D
14:36:02,INDF,RG,6275,28,D,KZ,IF,D
14:36:02,INDF,RG,6275,243,D,KZ,IF,D
14:36:02,INDF,RG,6275,2,D,KZ,IF,D
14:36:02,INDF,RG,6275,225,D,KZ,IF,D
14:36:02,INDF,RG,6275,7,D,DR,IF,D
14:36:02,INDF,RG,6275,86,D,KZ,IF,D
14:35:58,INDF,RG,6300,4,D,NI,CC,D
14:35:45,INDF,RG,6300,1,F,AK,CC,D
14:35:13,INDF,RG,6300,3,D,OD,CC,D
14:35:06,INDF,RG,6300,2,D,PD,CC,D
14:35:03,INDF,RG,6300,1,D,DH,CC,D
14:34:53,INDF,RG,6300,1,D,KZ,CC,D
14:34:53,INDF,RG,6300,18,D,KZ,CC,D
14:34:50,INDF,RG,6300,120,F,KK,CC,D
14:34:45,INDF,RG,6300,1,F,AK,CC,D
14:34:44,INDF,RG,6300,1,D,PD,CC,D
14:34:35,INDF,RG,6300,1,D,CC,CC,D
14:34:31,INDF,RG,6275,2,D,KZ,PD,D
14:34:31,INDF,RG,6275,8,D,KZ,PD,D
14:34:23,INDF,RG,6300,1,D,KK,CC,D
14:34:15,INDF,RG,6300,4,D,OD,CC,D
14:34:14,INDF,RG,6275,1,D,KZ,EP,D
14:34:14,INDF,RG,6275,4,D,PD,EP,D
14:34:03,INDF,RG,6300,1,D,KZ,CC,D
14:34:03,INDF,RG,6300,1,D,KZ,CC,D
14:33:59,INDF,RG,6275,46,D,PD,AK,F
14:33:59,INDF,RG,6275,53,D,SQ,AK,F
14:33:59,INDF,RG,6275,104,F,CS,AK,F
14:33:59,INDF,RG,6275,40,D,CC,AK,F
14:33:59,INDF,RG,6275,1,D,SQ,AK,F
14:33:59,INDF,RG,6275,2,D,YU,AK,F
14:33:59,INDF,RG,6275,1,D,YP,AK,F
14:33:59,INDF,RG,6275,3,D,XC,AK,F
14:33:59,INDF,RG,6275,4,F,CS,AK,F
14:33:59,INDF,RG,6275,2,D,PD,AK,F
14:33:59,INDF,RG,6275,1,F,CS,AK,F
14:33:59,INDF,RG,6275,8,D,YP,AK,F
14:33:59,INDF,RG,6275,37,F,CS,AK,F
14:33:59,INDF,RG,6275,5,D,CC,AK,F
14:33:59,INDF,RG,6275,100,D,NI,AK,F
14:33:59,INDF,RG,6275,15,D,PD,AK,F
14:33:59,INDF,RG,6275,8,D,PD,AK,F
14:33:59,INDF,RG,6275,32,F,CS,AK,F
14:33:59,INDF,RG,6275,5,D,DR,AK,F
14:33:59,INDF,RG,6275,31,F,CS,AK,F
14:33:59,INDF,RG,6275,20,D,CC,AK,F
14:33:59,INDF,RG,6275,18,F,CS,AK,F
14:33:59,INDF,RG,6275,1,F,CS,AK,F
14:33:59,INDF,RG,6275,10,F,CS,AK,F
14:33:59,INDF,RG,6275,2,F,CS,AK,F
14:33:59,INDF,RG,6275,4,F,CS,AK,F
14:33:59,INDF,RG,6275,17,D,AT,AK,F
14:33:59,INDF,RG,6275,18,F,CS,AK,F
14:33:59,INDF,RG,6275,5,D,PD,AK,F
14:33:59,INDF,RG,6275,34,F,CS,AK,F
14:33:59,INDF,RG,6275,1,D,PD,AK,F
14:33:59,INDF,RG,6275,10,D,YP,AK,F
14:33:59,INDF,RG,6275,1,D,XC,AK,F
14:33:59,INDF,RG,6275,100,D,KZ,AK,F
14:33:53,INDF,RG,6300,6,F,CS,CC,D
14:33:52,INDF,RG,6300,170,D,KZ,CC,D
14:33:52,INDF,RG,6300,893,D,KZ,CC,D
14:33:52,INDF,RG,6300,17,D,KZ,YU,D
14:33:52,INDF,RG,6300,178,D,KZ,YU,F
14:33:52,INDF,RG,6300,10,D,KZ,CC,D
14:33:52,INDF,RG,6300,4,D,KZ,XC,D
14:33:52,INDF,RG,6300,3,D,KZ,ZP,F
14:33:52,INDF,RG,6300,153,D,KZ,YU,F
14:33:52,INDF,RG,6300,10,D,KZ,BK,F
14:33:52,INDF,RG,6300,100,D,KZ,CP,D
14:33:52,INDF,RG,6300,1,D,KZ,PD,D
14:33:52,INDF,RG,6300,17,D,KZ,YU,D
14:33:52,INDF,RG,6300,4,D,KZ,XC,D
14:33:52,INDF,RG,6300,5,D,KZ,XC,D
14:33:52,INDF,RG,6300,3,D,KZ,ZP,F
14:33:52,INDF,RG,6300,25,D,KZ,GR,D
14:33:52,INDF,RG,6300,1,D,KZ,PD,D
14:33:52,INDF,RG,6300,36,D,KZ,YU,F
14:33:52,INDF,RG,6300,14,D,KZ,YU,F
14:33:52,INDF,RG,6300,116,D,KZ,YU,F
14:33:52,INDF,RG,6300,34,D,KZ,AK,F
14:33:52,INDF,RG,6300,33,D,KZ,AK,F
14:33:52,INDF,RG,6300,77,D,KZ,BK,F
14:33:52,INDF,RG,6300,367,D,KZ,YU,F
14:33:52,INDF,RG,6300,31,D,KZ,KZ,F
14:33:52,INDF,RG,6300,18,D,KZ,BK,F
14:33:52,INDF,RG,6300,280,D,KZ,AK,F
14:33:52,INDF,RG,6300,71,D,KZ,AK,F
14:33:52,INDF,RG,6300,295,D,KZ,BK,F
14:33:52,INDF,RG,6300,5,D,KZ,ZP,F
14:33:52,INDF,RG,6300,27,D,KZ,ZP,F
14:33:45,INDF,RG,6275,24,D,KZ,AK,F
14:33:45,INDF,RG,6275,16,D,KZ,AK,F
14:33:45,INDF,RG,6275,118,D,DR,AK,F
14:33:35,INDF,RG,6275,22,D,DR,YU,F
14:33:30,INDF,RG,6300,1,D,PD,ZP,F
14:33:30,INDF,RG,6300,1,F,AK,ZP,F
14:33:22,INDF,RG,6300,3,D,XL,ZP,F
14:33:13,INDF,RG,6300,4,D,OD,ZP,F
14:33:06,INDF,RG,6275,18,D,DR,YU,F
14:32:58,INDF,RG,6275,13,D,DR,BK,F
14:32:55,INDF,RG,6300,1,D,CC,ZP,F
14:32:33,INDF,RG,6275,4,D,DR,YU,F
14:32:33,INDF,RG,6275,18,F,CS,YU,F
14:32:30,INDF,RG,6300,1,F,AK,ZP,F
14:32:19,INDF,RG,6275,1,F,CS,OD,D
14:32:15,INDF,RG,6300,4,D,OD,ZP,F
14:32:08,INDF,RG,6275,19,F,CS,YU,F
14:32:08,INDF,RG,6275,9,D,TP,YU,F
14:31:41,INDF,RG,6275,7,D,TP,YU,F
14:31:41,INDF,RG,6275,19,D,YP,YU,F
14:31:17,INDF,RG,6300,3,D,OD,ZP,F
14:31:15,INDF,RG,6300,1,F,AK,ZP,F
14:31:06,INDF,RG,6275,1,D,YP,ZP,F
14:31:05,INDF,RG,6300,271,F,CS,ZP,F
14:30:46,INDF,RG,6275,26,D,YP,YU,F
14:30:34,INDF,RG,6300,23,F,KZ,ZP,F
14:30:27,INDF,RG,6275,19,D,YP,YU,F
14:30:24,INDF,RG,6275,1,D,YP,ZP,F
14:30:24,INDF,RG,6275,34,D,YP,CC,D
14:30:24,INDF,RG,6275,3,D,CC,CC,D
14:30:17,INDF,RG,6300,3,D,OD,ZP,F
14:30:16,INDF,RG,6275,2,D,CC,XC,D
14:30:03,INDF,RG,6275,5,D,CC,CC,D
14:30:00,INDF,RG,6300,1,F,AK,ZP,F
14:29:53,INDF,RG,6275,16,D,CC,CC,D
14:29:53,INDF,RG,6275,4,F,CS,CC,D
14:29:53,INDF,RG,6275,1,D,PD,CC,D
14:29:53,INDF,RG,6275,16,F,CS,CC,D
14:29:47,INDF,RG,6275,28,F,CS,YU,F
14:29:47,INDF,RG,6275,10,D,YP,YU,F
14:29:46,INDF,RG,6275,2,D,YP,CC,D
14:29:21,INDF,RG,6275,1,D,YP,ZP,F
14:29:19,INDF,RG,6275,7,D,YP,YU,F
14:29:19,INDF,RG,6275,8,D,CC,YU,F
14:29:19,INDF,RG,6275,5,F,KZ,YU,F
14:29:19,INDF,RG,6300,2,D,OD,ZP,F
14:28:45,INDF,RG,6275,6,F,KZ,YU,F
14:28:45,INDF,RG,6275,16,D,CC,YU,F
14:28:45,INDF,RG,6300,1,F,AK,ZP,F
14:28:44,INDF,RG,6275,4,D,CC,BK,F
14:28:44,INDF,RG,6275,4,F,CS,BK,F
14:28:44,INDF,RG,6275,4,F,CS,BK,F
14:28:19,INDF,RG,6300,4,D,OD,ZP,F
14:28:16,INDF,RG,6275,20,F,CS,YU,F
14:28:09,INDF,RG,6300,100,D,NI,ZP,F
14:27:59,INDF,RG,6300,5,D,PD,ZP,F
14:27:43,INDF,RG,6275,12,F,CS,BK,F
14:27:43,INDF,RG,6275,8,D,PD,BK,F
14:27:43,INDF,RG,6275,2,D,SQ,BK,F
14:27:43,INDF,RG,6275,2,F,CS,BK,F
14:27:43,INDF,RG,6275,3,D,YP,BK,F
14:27:39,INDF,RG,6275,46,D,YP,KZ,F
14:27:37,INDF,RG,6300,5,F,CS,ZP,F
14:27:34,INDF,RG,6275,1,D,YP,ZP,F
14:27:30,INDF,RG,6300,1,F,AK,ZP,F
14:27:19,INDF,RG,6300,4,D,OD,ZP,F
14:27:18,INDF,RG,6275,25,D,YP,YU,F
14:27:17,INDF,RG,6300,10,F,CS,ZP,F
14:26:52,INDF,RG,6275,23,D,YP,YU,F
14:26:42,INDF,RG,6275,1,D,YP,ZP,F
14:26:40,INDF,RG,6300,2,D,PD,ZP,F
14:26:30,INDF,RG,6300,5,D,CC,ZP,F
14:26:30,INDF,RG,6300,1,F,AK,ZP,F
14:26:26,INDF,RG,6300,1,D,PD,ZP,F
14:26:22,INDF,RG,6275,20,D,YP,YU,F
14:26:22,INDF,RG,6275,1,D,YP,YU,F
14:26:21,INDF,RG,6300,2,D,OD,ZP,F
14:26:15,INDF,RG,6275,1,D,YP,AK,F
14:26:15,INDF,RG,6275,25,D,GR,AK,F
14:26:15,INDF,RG,6275,2,D,CC,AK,F
14:26:15,INDF,RG,6275,15,D,NI,AK,F
14:26:15,INDF,RG,6275,18,F,CS,AK,F
14:26:15,INDF,RG,6275,50,D,KK,AK,F
14:26:15,INDF,RG,6275,2,D,GR,AK,F
14:26:15,INDF,RG,6275,1,D,PD,AK,F
14:26:15,INDF,RG,6275,15,D,CC,AK,F
14:26:15,INDF,RG,6275,35,F,CS,AK,F
14:25:49,INDF,RG,6275,5,F,CS,YU,F
14:25:49,INDF,RG,6275,1,D,CC,YU,F
14:25:49,INDF,RG,6275,4,D,XC,YU,F
14:25:49,INDF,RG,6275,3,D,YP,YU,F
14:25:49,INDF,RG,6275,14,D,GR,YU,F
14:25:30,INDF,RG,6300,1,F,AK,ZP,F
14:25:28,INDF,RG,6300,1,D,PD,ZP,F
14:25:23,INDF,RG,6300,4,D,OD,ZP,F
14:25:20,INDF,RG,6275,16,D,GR,YU,F
14:25:08,INDF,RG,6300,2,D,XC,ZP,F
14:25:00,INDF,RG,6275,36,D,GR,YU,D
14:24:47,INDF,RG,6275,26,D,GR,YU,F
14:24:45,INDF,RG,6300,1,F,AK,ZP,F
14:24:28,INDF,RG,6275,12,D,GR,BK,F
14:24:21,INDF,RG,6300,3,D,OD,ZP,F
14:24:21,INDF,RG,6275,22,D,GR,YU,F
14:23:55,INDF,RG,6275,2,D,GR,ZP,F
14:23:45,INDF,RG,6300,1,F,AK,ZP,F
14:23:24,INDF,RG,6275,28,D,GR,YU,F
14:23:19,INDF,RG,6300,5,D,OD,ZP,F
14:23:03,INDF,RG,6300,1,D,GR,ZP,F
14:22:55,INDF,RG,6275,4,D,GR,YU,F
14:22:55,INDF,RG,6275,20,D,PD,YU,F
14:22:55,INDF,RG,6275,1,D,XC,YU,F
14:22:55,INDF,RG,6275,1,D,YB,YU,F
14:22:55,INDF,RG,6275,1,D,SQ,YU,F
14:22:45,INDF,RG,6300,1,F,AK,ZP,F
14:22:25,INDF,RG,6275,27,D,SQ,YU,F
14:22:19,INDF,RG,6300,2,D,OD,ZP,F
14:22:07,INDF,RG,6275,2,D,SQ,XC,D
14:22:00,INDF,RG,6300,1,D,YP,ZP,F
14:21:57,INDF,RG,6275,1,D,SQ,ZP,F
14:21:54,INDF,RG,6300,1,D,YP,ZP,F
14:21:54,INDF,RG,6275,19,D,SQ,YU,F
14:21:24,INDF,RG,6275,2,D,PD,KZ,F
14:21:24,INDF,RG,6275,1,D,PD,KZ,F
14:21:24,INDF,RG,6275,1,D,PD,KZ,F
14:21:24,INDF,RG,6275,29,D,YJ,KZ,F
14:21:21,INDF,RG,6300,3,D,OD,ZP,F
14:21:19,INDF,RG,6275,34,D,YJ,YU,F
14:20:25,INDF,RG,6275,1,D,YJ,ZP,F
14:20:23,INDF,RG,6300,1,D,ZP,ZP,F
14:20:21,INDF,RG,6300,4,D,OD,ZP,F
14:20:15,INDF,RG,6300,1,F,AK,ZP,F
14:20:08,INDF,RG,6300,1,D,PD,ZP,F
14:19:53,INDF,RG,6275,1,D,YJ,PD,D
14:19:29,INDF,RG,6275,12,D,YJ,BK,F
14:19:25,INDF,RG,6300,31,D,YP,ZP,F
14:19:23,INDF,RG,6300,4,D,OD,ZP,F
14:19:08,INDF,RG,6300,1,D,YP,ZP,F
14:18:58,INDF,RG,6300,11,F,CS,ZP,F
14:18:56,INDF,RG,6300,5,D,SQ,ZP,F
14:18:31,INDF,RG,6275,1,D,YJ,ZP,F
14:18:30,INDF,RG,6275,170,D,YJ,AK,F
14:18:21,INDF,RG,6300,3,D,OD,ZP,F
14:17:59,INDF,RG,6300,14,F,KZ,ZP,F
14:17:57,INDF,RG,6300,5,F,CS,ZP,F
14:17:54,INDF,RG,6300,302,F,CS,ZP,F
14:17:52,INDF,RG,6275,1,D,YJ,ZP,F
14:17:21,INDF,RG,6300,3,D,OD,ZP,F
14:16:23,INDF,RG,6300,4,D,OD,ZP,F
14:16:11,INDF,RG,6300,3,D,AZ,ZP,F
14:15:25,INDF,RG,6275,2,D,YJ,ZP,F
14:15:25,INDF,RG,6300,2,D,OD,ZP,F
14:15:08,INDF,RG,6300,1,D,CC,ZP,F
14:15:00,INDF,RG,6275,40,D,YJ,YU,D
14:14:53,INDF,RG,6300,1,D,PD,ZP,F
14:14:47,INDF,RG,6300,5,D,CC,ZP,F
14:14:26,INDF,RG,6300,2,D,OD,ZP,F
14:13:24,INDF,RG,6300,1,D,OD,ZP,F
14:12:48,INDF,RG,6275,1,D,YJ,XC,D
14:12:26,INDF,RG,6300,2,D,OD,ZP,F
14:12:26,INDF,RG,6300,1,D,DH,ZP,F
14:12:26,INDF,RG,6275,12,D,YJ,BK,F
14:11:35,INDF,RG,6300,2,D,PD,ZP,F
14:11:28,INDF,RG,6300,2,D,OD,ZP,F
14:10:30,INDF,RG,6300,1,D,OD,ZP,F
14:10:30,INDF,RG,6275,46,D,YJ,AK,F
14:10:30,INDF,RG,6275,8,D,DH,AK,F
14:10:30,INDF,RG,6275,1,D,OD,AK,F
14:10:30,INDF,RG,6275,1,D,YP,AK,F
14:10:30,INDF,RG,6275,8,D,OD,AK,F
14:10:30,INDF,RG,6275,1,D,DR,AK,F
14:10:30,INDF,RG,6275,1,D,DH,AK,F
14:10:30,INDF,RG,6275,18,D,CC,AK,F
14:10:30,INDF,RG,6275,9,D,PD,AK,F
14:10:30,INDF,RG,6275,1,D,DR,AK,F
14:10:30,INDF,RG,6275,10,D,CC,AK,F
14:10:30,INDF,RG,6275,2,D,XC,AK,F
14:10:30,INDF,RG,6275,69,D,DR,AK,F
14:09:49,INDF,RG,6300,5,D,EP,ZP,F
14:09:30,INDF,RG,6300,2,D,OD,ZP,F
14:08:42,INDF,RG,6300,20,D,CC,ZP,F
14:08:28,INDF,RG,6300,1,D,OD,ZP,F
14:08:18,INDF,RG,6275,10,D,DR,CC,D
14:08:18,INDF,RG,6275,27,D,SQ,CC,D
14:08:02,INDF,RG,6275,8,D,SQ,PD,D
14:08:02,INDF,RG,6275,2,D,DH,PD,D
14:07:56,INDF,RG,6275,3,D,DH,CC,D
14:07:56,INDF,RG,6275,1,D,DH,CC,D
14:07:56,INDF,RG,6275,1,D,XC,CC,D
14:07:50,INDF,RG,6300,1,D,PD,ZP,F
14:07:44,INDF,RG,6300,10,D,KK,ZP,F
14:07:11,INDF,RG,6275,1,D,XC,YP,D
14:07:11,INDF,RG,6275,1,D,PD,YP,D
14:07:11,INDF,RG,6275,5,D,DR,YP,D
14:06:40,INDF,RG,6275,35,D,DR,PD,D
14:06:40,INDF,RG,6275,1,D,GR,PD,D
14:06:40,INDF,RG,6275,1,D,XC,PD,D
14:06:40,INDF,RG,6275,7,D,PD,PD,D
14:06:40,INDF,RG,6275,6,D,YP,PD,D
14:06:19,INDF,RG,6275,14,D,YP,KZ,F
14:06:19,INDF,RG,6275,1,D,XC,KZ,F
14:06:19,INDF,RG,6275,1,D,XC,KZ,F
14:06:19,INDF,RG,6275,2,D,XC,KZ,F
14:06:19,INDF,RG,6275,1,D,XC,KZ,F
14:06:19,INDF,RG,6275,10,D,YP,KZ,F
14:06:19,INDF,RG,6275,1,D,PD,KZ,F
14:06:19,INDF,RG,6275,4,F,SQ,KZ,F
14:06:15,INDF,RG,6300,1,D,XC,ZP,F
14:05:38,INDF,RG,6300,1,D,YP,ZP,F
14:05:19,INDF,RG,6275,17,F,SQ,BK,F
14:05:16,INDF,RG,6275,225,F,SQ,CC,D
14:05:12,INDF,RG,6275,34,F,SQ,PD,D
14:04:16,INDF,RG,6275,13,F,SQ,BK,F
14:03:01,INDF,RG,6300,30,D,GR,ZP,F
14:02:15,INDF,RG,6275,185,F,SQ,AK,F
14:00:44,INDF,RG,6275,22,F,SQ,CC,D
14:00:44,INDF,RG,6275,3,D,SQ,CC,D
14:00:44,INDF,RG,6275,12,D,YP,CC,D
13:59:25,INDF,RG,6300,100,D,YP,ZP,F
13:59:03,INDF,RG,6300,1,D,PD,ZP,F
13:58:34,INDF,RG,6300,1,D,XC,ZP,F
13:58:19,INDF,RG,6300,20,D,SQ,ZP,F
13:57:22,INDF,RG,6300,32,D,CC,ZP,F
13:56:49,INDF,RG,6300,9,D,YP,ZP,F
13:56:07,INDF,RG,6300,1,D,XC,ZP,F
13:55:25,INDF,RG,6275,14,D,YP,BK,F
13:55:21,INDF,RG,6275,132,D,YP,BK,F
13:55:19,INDF,RG,6275,92,D,YP,IF,D
13:55:19,INDF,RG,6275,80,D,DR,IF,D
13:55:19,INDF,RG,6275,2,D,YP,IF,D
13:55:19,INDF,RG,6275,2,D,PD,IF,D
13:55:19,INDF,RG,6275,10,D,PD,IF,D
13:55:19,INDF,RG,6275,25,D,GR,IF,D
13:55:19,INDF,RG,6275,8,D,KZ,IF,D
13:55:19,INDF,RG,6275,69,D,KZ,IF,D
13:55:19,INDF,RG,6275,70,D,KZ,IF,D
13:55:19,INDF,RG,6275,14,D,KZ,IF,D
13:55:19,INDF,RG,6275,111,D,KZ,IF,D
13:55:19,INDF,RG,6275,34,D,KZ,IF,D
13:55:19,INDF,RG,6275,43,D,KZ,IF,D
13:55:19,INDF,RG,6275,15,D,YP,IF,D
13:55:19,INDF,RG,6275,10,D,DR,IF,D
13:55:19,INDF,RG,6275,8,D,DR,IF,D
13:55:19,INDF,RG,6275,4,D,AT,IF,D
13:55:19,INDF,RG,6275,4,D,CC,IF,D
13:55:19,INDF,RG,6275,1,D,CC,IF,D
13:55:19,INDF,RG,6275,1,D,YP,IF,D
13:55:19,INDF,RG,6275,3,D,XC,IF,D
13:55:19,INDF,RG,6275,1,D,YP,IF,D
13:55:19,INDF,RG,6275,1,D,NI,IF,D
13:55:19,INDF,RG,6275,2,D,XC,IF,D
13:55:19,INDF,RG,6275,25,D,YP,IF,D
13:55:19,INDF,RG,6275,120,D,YP,IF,D
13:55:19,INDF,RG,6275,10,D,CC,IF,D
13:55:19,INDF,RG,6275,10,D,NI,IF,D
13:55:19,INDF,RG,6275,4,D,XC,IF,D
13:55:19,INDF,RG,6275,2,D,PD,IF,D
13:55:19,INDF,RG,6275,1,D,XC,IF,D
13:55:19,INDF,RG,6275,1,D,XC,IF,D
13:55:19,INDF,RG,6275,3,D,PD,IF,D
13:55:19,INDF,RG,6275,5,D,PD,IF,D
13:55:19,INDF,RG,6275,3,D,PD,IF,D
13:55:19,INDF,RG,6275,8,D,PD,IF,D
13:55:19,INDF,RG,6275,1,D,YP,IF,D
13:55:19,INDF,RG,6275,50,D,YP,IF,D
13:55:19,INDF,RG,6275,2,D,YP,IF,D
13:55:19,INDF,RG,6275,1,D,XC,IF,D
13:55:19,INDF,RG,6275,3,D,XC,IF,D
13:55:19,INDF,RG,6275,1,D,XC,IF,D
13:55:19,INDF,RG,6275,1,D,XC,IF,D
13:55:19,INDF,RG,6275,3,D,PD,IF,D
13:55:19,INDF,RG,6275,1,D,CC,IF,D
13:55:19,INDF,RG,6275,5,D,PD,IF,D
13:55:19,INDF,RG,6275,1,D,PD,IF,D
13:55:19,INDF,RG,6275,1,D,YP,IF,D
13:55:19,INDF,RG,6275,1,D,XC,IF,D
13:55:19,INDF,RG,6275,2,D,YP,IF,D
13:55:19,INDF,RG,6275,30,D,PD,IF,D
13:55:19,INDF,RG,6275,30,D,CC,IF,D
13:55:19,INDF,RG,6275,1,D,YP,IF,D
13:55:19,INDF,RG,6275,1,D,AT,IF,D
13:55:19,INDF,RG,6275,2,D,PD,IF,D
13:55:19,INDF,RG,6275,2,D,YP,IF,D
13:55:19,INDF,RG,6275,1,D,DH,IF,D
13:55:19,INDF,RG,6275,1,D,XL,IF,D
13:55:19,INDF,RG,6275,1,D,PD,IF,D
13:55:19,INDF,RG,6275,3,D,KK,IF,D
13:55:19,INDF,RG,6275,1,D,KZ,IF,D
13:55:19,INDF,RG,6275,9,D,KZ,IF,D
13:55:19,INDF,RG,6275,76,D,KZ,IF,D
13:55:19,INDF,RG,6275,77,D,KZ,IF,D
13:55:19,INDF,RG,6275,16,D,KZ,IF,D
13:55:19,INDF,RG,6275,122,D,KZ,IF,D
13:55:19,INDF,RG,6275,10,D,PD,IF,D
13:55:19,INDF,RG,6275,38,D,KZ,IF,D
13:55:19,INDF,RG,6275,4,D,KK,IF,D
13:55:19,INDF,RG,6275,47,D,KZ,IF,D
13:55:19,INDF,RG,6275,1,D,PD,IF,D
13:55:19,INDF,RG,6275,20,D,DR,IF,D
13:55:19,INDF,RG,6275,159,D,DR,IF,D
13:55:19,INDF,RG,6275,10,D,SQ,IF,D
13:55:19,INDF,RG,6275,10,D,DR,IF,D
13:55:19,INDF,RG,6275,3,D,CC,IF,D
13:55:19,INDF,RG,6275,1,D,PD,IF,D
13:55:19,INDF,RG,6275,12,D,PD,IF,D
13:55:19,INDF,RG,6275,2,D,SQ,IF,D
13:55:19,INDF,RG,6275,1,D,SQ,IF,D
13:55:19,INDF,RG,6275,31,D,XL,IF,D
13:55:19,INDF,RG,6275,12,D,XL,IF,D
13:55:19,INDF,RG,6275,1,D,PD,IF,D
13:55:19,INDF,RG,6275,10,D,PD,IF,D
13:55:19,INDF,RG,6275,10,D,DR,IF,D
13:55:19,INDF,RG,6275,25,D,DR,IF,D
13:55:19,INDF,RG,6275,15,D,DR,IF,D
13:55:19,INDF,RG,6275,3,D,DR,IF,D
13:55:19,INDF,RG,6275,30,D,DR,IF,D
13:55:19,INDF,RG,6275,2,D,DR,IF,D
13:55:19,INDF,RG,6275,17,D,PD,IF,D
13:55:19,INDF,RG,6275,5,D,YU,IF,D
13:55:19,INDF,RG,6275,2,D,PD,IF,D
13:55:19,INDF,RG,6275,10,D,DR,IF,D
13:55:19,INDF,RG,6275,5,D,PD,IF,D
13:55:19,INDF,RG,6275,1,D,SQ,IF,D
13:55:19,INDF,RG,6275,2,D,CP,IF,D
13:55:19,INDF,RG,6275,4,D,PD,IF,D
13:55:19,INDF,RG,6275,1,D,PD,IF,D
13:55:19,INDF,RG,6275,7,D,PD,IF,D
13:55:19,INDF,RG,6275,5,D,PD,IF,D
13:55:19,INDF,RG,6275,13,D,TP,IF,D
13:55:19,INDF,RG,6275,6,D,DH,IF,D
13:55:19,INDF,RG,6275,50,D,KK,IF,D
13:55:19,INDF,RG,6275,1,D,KK,IF,D
13:55:19,INDF,RG,6275,1,D,PD,IF,D
13:55:19,INDF,RG,6275,10,D,KK,IF,D
13:55:19,INDF,RG,6275,4,D,DH,IF,D
13:55:19,INDF,RG,6275,5,D,KK,IF,D
13:55:19,INDF,RG,6275,10,D,PD,IF,D
13:55:19,INDF,RG,6275,1,D,DR,IF,D
13:55:19,INDF,RG,6275,1,D,SQ,IF,D
13:55:19,INDF,RG,6275,15,D,CP,IF,D
13:55:19,INDF,RG,6275,5,D,SQ,IF,D
13:55:19,INDF,RG,6275,200,D,MU,IF,D
13:55:19,INDF,RG,6275,1,D,DH,IF,D
13:55:19,INDF,RG,6275,3,D,XL,IF,D
13:55:19,INDF,RG,6275,1,D,CC,IF,D
13:55:19,INDF,RG,6275,1,D,XC,IF,D
13:55:19,INDF,RG,6275,3,D,YP,IF,D
13:55:19,INDF,RG,6275,1,D,AT,IF,D
13:55:19,INDF,RG,6275,1,D,KK,IF,D
13:55:19,INDF,RG,6275,500,D,AZ,IF,D
13:55:19,INDF,RG,6275,1,D,DH,IF,D
13:55:19,INDF,RG,6275,1,D,KK,IF,D
13:55:19,INDF,RG,6275,20,D,CC,IF,D
13:55:19,INDF,RG,6275,5,D,PD,IF,D
13:55:19,INDF,RG,6275,3,D,PD,IF,D
13:55:19,INDF,RG,6275,1,D,CC,IF,D
13:55:19,INDF,RG,6275,4,D,XC,IF,D
13:55:19,INDF,RG,6275,10,D,PD,IF,D
13:55:19,INDF,RG,6275,3,D,XL,IF,D
13:55:19,INDF,RG,6275,2,D,GR,IF,D
13:55:19,INDF,RG,6275,100,D,GR,IF,D
13:55:19,INDF,RG,6275,2,D,PD,IF,D
13:55:19,INDF,RG,6275,151,D,OD,IF,D
13:55:19,INDF,RG,6300,1,D,PD,ZP,F
13:55:13,INDF,RG,6275,37,D,OD,CC,D
13:55:03,INDF,RG,6275,12,D,OD,CC,D
13:55:03,INDF,RG,6275,2,D,CP,CC,D
13:55:03,INDF,RG,6275,1,D,CC,CC,D
13:55:03,INDF,RG,6275,5,D,YP,CC,D
13:55:03,INDF,RG,6275,10,D,KK,CC,D
13:55:03,INDF,RG,6275,1,D,DR,CC,D
13:55:03,INDF,RG,6275,1,D,NI,CC,D
13:55:03,INDF,RG,6275,5,D,PD,CC,D
13:54:53,INDF,RG,6300,5,D,DR,ZP,F
13:54:36,INDF,RG,6300,20,D,RG,ZP,F
13:53:36,INDF,RG,6300,10,D,ZP,ZP,F
13:53:34,INDF,RG,6275,31,D,LG,BK,F
13:53:30,INDF,RG,6275,69,D,LG,AK,F
13:53:30,INDF,RG,6275,100,D,PD,AK,F
13:53:30,INDF,RG,6275,5,D,HP,AK,F
13:53:30,INDF,RG,6275,1,D,AT,AK,F
13:53:30,INDF,RG,6275,2,D,HP,AK,F
13:53:30,INDF,RG,6275,1,D,CC,AK,F
13:53:30,INDF,RG,6275,1,D,DH,AK,F
13:53:30,INDF,RG,6275,1,D,GR,AK,F
13:53:30,INDF,RG,6275,3,D,PD,AK,F
13:53:30,INDF,RG,6275,3,D,XC,AK,F
13:53:30,INDF,RG,6275,1,D,XC,AK,F
13:53:30,INDF,RG,6275,1,D,YP,AK,F
13:53:18,INDF,RG,6275,4,D,YP,CC,D
13:53:18,INDF,RG,6275,1,D,XC,CC,D
13:53:18,INDF,RG,6275,32,D,SQ,CC,D
13:53:17,INDF,RG,6275,21,D,SQ,BK,F
13:53:14,INDF,RG,6300,7,D,KZ,ZP,F
13:53:14,INDF,RG,6300,58,D,KZ,ZP,F
13:53:14,INDF,RG,6300,59,D,KZ,ZP,F
13:53:14,INDF,RG,6300,12,D,KZ,ZP,F
13:53:14,INDF,RG,6300,94,D,KZ,ZP,F
13:53:14,INDF,RG,6300,29,D,KZ,ZP,F
13:53:14,INDF,RG,6300,36,D,KZ,ZP,F
13:52:18,INDF,RG,6275,13,D,SQ,BK,F
13:52:15,INDF,RG,6275,45,D,SQ,BK,F
13:52:12,INDF,RG,6300,100,D,NI,ZP,F
13:52:09,INDF,RG,6275,89,D,SQ,BK,F
13:52:09,INDF,RG,6275,10,D,PD,BK,F
13:52:09,INDF,RG,6275,3,D,PD,BK,F
13:52:09,INDF,RG,6275,1,D,PD,BK,F
13:52:09,INDF,RG,6275,6,D,CC,BK,F
13:52:09,INDF,RG,6275,28,D,YJ,BK,F
13:52:09,INDF,RG,6275,2,D,XL,BK,F
13:52:09,INDF,RG,6275,2,D,PD,BK,F
13:52:09,INDF,RG,6275,1,D,YP,BK,F
13:52:09,INDF,RG,6275,13,D,XC,BK,F
13:52:09,INDF,RG,6275,1,D,NI,BK,F
13:52:09,INDF,RG,6275,4,D,CC,BK,F
13:52:07,INDF,RG,6275,6,D,CC,AK,F
13:52:07,INDF,RG,6275,5,D,CC,AK,F
13:52:07,INDF,RG,6275,2,D,CC,AK,F
13:52:07,INDF,RG,6275,100,D,SQ,AK,F
13:52:07,INDF,RG,6275,1,D,PD,AK,F
13:52:07,INDF,RG,6275,1,D,NI,AK,F
13:52:07,INDF,RG,6275,45,D,YB,AK,F
13:52:07,INDF,RG,6275,191,D,SQ,AK,F
13:52:07,INDF,RG,6275,7,D,GR,AK,F
13:52:07,INDF,RG,6275,3,D,NI,AK,F
13:52:07,INDF,RG,6275,2,D,NI,BK,F
13:52:07,INDF,RG,6275,5,D,YP,BK,F
13:52:07,INDF,RG,6275,2,D,NI,BK,F
13:52:07,INDF,RG,6275,5,D,YP,BK,F
13:52:07,INDF,RG,6275,10,D,YP,BK,F
13:52:07,INDF,RG,6275,1,D,PD,BK,F
13:52:07,INDF,RG,6275,9,D,CC,BK,F
13:52:07,INDF,RG,6275,30,D,GR,BK,F
13:52:07,INDF,RG,6275,25,D,XC,BK,F
13:52:07,INDF,RG,6275,34,F,CS,BK,F
13:52:07,INDF,RG,6275,34,F,CS,BK,F
13:52:07,INDF,RG,6275,3,D,YJ,BK,F
13:52:07,INDF,RG,6275,2,D,PD,BK,F
13:52:07,INDF,RG,6275,42,F,CS,BK,F
13:52:07,INDF,RG,6275,10,F,CS,BK,F
13:52:07,INDF,RG,6275,1,D,XC,BK,F
13:52:07,INDF,RG,6275,10,D,YP,BK,F
13:52:07,INDF,RG,6275,43,D,KK,BK,F
13:52:07,INDF,RG,6275,5,D,YP,BK,F
13:52:07,INDF,RG,6275,90,D,YP,BK,F
13:52:07,INDF,RG,6275,3,D,YP,BK,F
13:52:07,INDF,RG,6275,1,D,DH,BK,F
13:52:07,INDF,RG,6275,5,D,PD,BK,F
13:52:07,INDF,RG,6275,55,F,CS,BK,F
13:52:07,INDF,RG,6275,4,F,CS,BK,F
13:52:07,INDF,RG,6275,2,F,CS,BK,F
13:52:07,INDF,RG,6275,58,D,LS,BK,F
13:52:07,INDF,RG,6300,26,F,CS,ZP,F
13:52:07,INDF,RG,6300,37,F,CS,ZP,F
13:52:07,INDF,RG,6300,4,F,CS,ZP,F
13:52:06,INDF,RG,6300,36,F,CS,ZP,F
13:52:06,INDF,RG,6300,6,D,OD,ZP,F
13:52:06,INDF,RG,6300,69,D,OD,ZP,F
13:52:06,INDF,RG,6300,6,F,CS,ZP,F
13:52:06,INDF,RG,6300,10,F,CS,ZP,F
13:52:06,INDF,RG,6300,24,F,CS,ZP,F
13:52:06,INDF,RG,6300,1,D,NI,ZP,F
13:52:06,INDF,RG,6300,1,F,CS,ZP,F
13:52:06,INDF,RG,6300,160,D,GR,ZP,F
13:52:06,INDF,RG,6300,4,F,CS,ZP,F
13:52:06,INDF,RG,6300,229,D,KZ,ZP,F
13:52:06,INDF,RG,6300,209,D,KZ,ZP,F
13:52:06,INDF,RG,6300,26,D,KZ,ZP,F
13:52:06,INDF,RG,6300,2,D,KZ,ZP,F
13:52:06,INDF,RG,6300,2,D,XC,ZP,F
13:52:06,INDF,RG,6300,1,D,YP,ZP,F
13:52:06,INDF,RG,6300,3,D,PD,ZP,F
13:52:06,INDF,RG,6300,10,D,PD,ZP,F
13:52:06,INDF,RG,6300,6,F,CS,ZP,F
13:52:06,INDF,RG,6300,21,F,CS,ZP,F
13:52:06,INDF,RG,6300,1,D,EP,ZP,F
13:52:06,INDF,RG,6300,2,F,CS,ZP,F
13:52:06,INDF,RG,6300,18,F,CS,ZP,F
13:52:06,INDF,RG,6300,5,F,CS,ZP,F
13:52:06,INDF,RG,6300,10,D,DR,ZP,F
13:52:06,INDF,RG,6300,1,F,CS,ZP,F
13:52:06,INDF,RG,6300,10,F,CS,ZP,F
13:52:06,INDF,RG,6300,32,D,KZ,ZP,F
13:52:06,INDF,RG,6300,279,D,KZ,ZP,F
13:52:06,INDF,RG,6300,2,D,KZ,ZP,F
13:52:06,INDF,RG,6300,259,D,KZ,ZP,F
13:52:06,INDF,RG,6300,16,F,CS,ZP,F
13:52:06,INDF,RG,6300,2,F,CS,ZP,F
13:52:06,INDF,RG,6300,17,F,CS,ZP,F
13:52:06,INDF,RG,6300,50,D,NI,ZP,F
13:52:06,INDF,RG,6300,1,D,PD,ZP,F
13:52:06,INDF,RG,6300,1,D,CC,ZP,F
13:52:06,INDF,RG,6300,31,F,CS,ZP,F
13:52:06,INDF,RG,6300,8,F,CS,ZP,F
13:52:06,INDF,RG,6300,4,F,CS,ZP,F
13:52:06,INDF,RG,6300,1,D,KZ,ZP,F
13:52:06,INDF,RG,6300,1,F,CS,ZP,F
13:52:06,INDF,RG,6300,10,D,PD,ZP,F
13:52:06,INDF,RG,6300,10,D,DR,ZP,F
13:52:06,INDF,RG,6300,1,D,XC,ZP,F
13:52:06,INDF,RG,6300,5,F,CS,ZP,F
13:52:06,INDF,RG,6300,27,F,CS,ZP,F
13:52:06,INDF,RG,6300,5,F,CS,ZP,F
13:52:06,INDF,RG,6300,15,F,CS,ZP,F
13:52:06,INDF,RG,6300,10,D,NI,ZP,F
13:52:06,INDF,RG,6300,10,F,CS,ZP,F
13:52:06,INDF,RG,6300,5,F,CS,ZP,F
13:52:06,INDF,RG,6300,7,D,AZ,ZP,F
13:52:06,INDF,RG,6300,25,F,CS,ZP,F
13:52:06,INDF,RG,6300,40,D,PD,ZP,F
13:52:06,INDF,RG,6300,40,D,PD,ZP,F
13:52:06,INDF,RG,6300,5,D,XC,ZP,F
13:52:06,INDF,RG,6300,8,D,YP,ZP,F
13:52:06,INDF,RG,6300,1,F,CS,ZP,F
13:52:06,INDF,RG,6300,28,D,KZ,ZP,F
13:52:06,INDF,RG,6300,243,D,KZ,ZP,F
13:52:06,INDF,RG,6300,2,D,KZ,ZP,F
13:52:06,INDF,RG,6300,225,D,KZ,ZP,F
13:52:06,INDF,RG,6300,5,F,CS,ZP,F
13:52:06,INDF,RG,6300,20,F,CS,ZP,F
13:52:06,INDF,RG,6300,15,D,YP,ZP,F
13:52:06,INDF,RG,6300,17,F,CS,ZP,F
13:52:06,INDF,RG,6300,2,F,CS,ZP,F
13:52:06,INDF,RG,6300,3,F,CS,ZP,F
13:52:06,INDF,RG,6300,13,F,CS,ZP,F
13:52:06,INDF,RG,6300,22,F,CS,ZP,F
13:52:06,INDF,RG,6300,50,D,GR,ZP,F
13:52:06,INDF,RG,6300,1,D,YP,ZP,F
13:52:06,INDF,RG,6300,5,D,SQ,ZP,F
13:52:06,INDF,RG,6300,10,D,PD,ZP,F
13:52:06,INDF,RG,6300,18,F,CS,ZP,F
13:52:06,INDF,RG,6300,6,F,CS,ZP,F
13:52:06,INDF,RG,6300,10,D,KZ,ZP,F
13:52:06,INDF,RG,6300,1,D,PD,ZP,F
13:52:06,INDF,RG,6300,84,D,KZ,ZP,F
13:52:06,INDF,RG,6300,85,D,KZ,ZP,F
13:52:06,INDF,RG,6300,18,D,KZ,ZP,F
13:52:06,INDF,RG,6300,135,D,KZ,ZP,F
13:52:06,INDF,RG,6300,42,D,KZ,ZP,F
13:52:06,INDF,RG,6300,52,D,KZ,ZP,F
13:52:06,INDF,RG,6300,1,F,CS,ZP,F
13:52:06,INDF,RG,6300,10,D,DR,ZP,F
13:52:06,INDF,RG,6300,21,F,CS,ZP,F
13:52:06,INDF,RG,6300,2,D,XC,ZP,F
13:52:06,INDF,RG,6300,20,D,DR,ZP,F
13:52:06,INDF,RG,6300,250,D,KK,ZP,F
13:52:06,INDF,RG,6300,1,D,KZ,ZP,F
13:52:06,INDF,RG,6300,100,D,PD,ZP,F
13:52:06,INDF,RG,6300,20,D,HP,ZP,F
13:52:06,INDF,RG,6300,2,D,KZ,ZP,F
13:51:00,INDF,RG,6300,76,D,KZ,YP,D
13:51:00,INDF,RG,6300,18,D,KZ,YP,D
13:51:00,INDF,RG,6300,1,D,KZ,YP,D
13:51:00,INDF,RG,6300,1,D,KZ,YP,D
13:51:00,INDF,RG,6300,1,D,YP,YP,D
13:51:00,INDF,RG,6300,14,F,KZ,YP,D
13:51:00,INDF,RG,6300,29,F,CS,YP,D
13:50:54,INDF,RG,6300,5,F,CS,YP,D
13:50:54,INDF,RG,6300,10,D,KZ,YP,D
13:50:54,INDF,RG,6300,45,D,KZ,YP,D
13:49:51,INDF,RG,6300,5,D,KZ,YP,D
13:49:39,INDF,RG,6325,10,D,IF,ZP,F
13:49:37,INDF,RG,6300,34,D,KZ,AT,D
13:49:37,INDF,RG,6300,6,D,KZ,AT,D
13:48:28,INDF,RG,6300,4,D,KZ,YP,D
13:48:14,INDF,RG,6300,5,D,KZ,CC,D
13:47:42,INDF,RG,6300,5,D,KZ,CC,D
13:46:47,INDF,RG,6300,37,D,KZ,CC,D
13:46:28,INDF,RG,6300,2,D,KZ,XC,D
13:45:41,INDF,RG,6300,5,D,KZ,CC,D
13:44:36,INDF,RG,6300,10,D,KZ,PD,D
13:44:18,INDF,RG,6325,1,D,PD,ZP,F
13:43:10,INDF,RG,6300,5,D,KZ,CC,D
13:42:07,INDF,RG,6300,1,D,KZ,AK,F
13:42:06,INDF,RG,6325,10,F,CS,ZP,F
13:42:06,INDF,RG,6300,1,D,KZ,ZP,F
13:42:06,INDF,RG,6300,4,D,KZ,YU,D
13:42:06,INDF,RG,6300,15,D,KZ,YU,D
13:42:06,INDF,RG,6300,3,D,KZ,BK,F
13:42:06,INDF,RG,6300,100,D,KZ,BK,F
13:42:06,INDF,RG,6300,1,D,KZ,XC,D
13:42:06,INDF,RG,6300,34,D,KZ,NI,D
13:42:06,INDF,RG,6300,26,D,KZ,NI,D
13:42:06,INDF,RG,6300,16,D,KZ,YU,F
13:42:05,INDF,RG,6300,1,D,KZ,YU,F
13:42:05,INDF,RG,6300,31,D,KZ,AK,F
13:42:05,INDF,RG,6300,14,D,KZ,BK,F
13:42:05,INDF,RG,6300,6,D,KZ,CC,D
13:41:54,INDF,RG,6300,40,D,DR,CC,D
13:41:46,INDF,RG,6300,8,D,CC,CC,D
13:41:45,INDF,RG,6300,3,F,CS,CC,D
13:41:45,INDF,RG,6300,1,F,CS,CC,D
13:41:45,INDF,RG,6300,1,F,CS,CC,D
13:41:45,INDF,RG,6300,1,F,CS,CC,D
13:41:45,INDF,RG,6300,1,F,CS,CC,D
13:41:45,INDF,RG,6300,1,F,CS,CC,D
13:41:45,INDF,RG,6300,1,F,CS,CC,D
13:41:45,INDF,RG,6300,1,F,CS,CC,D
13:41:45,INDF,RG,6300,1,F,CS,CC,D
13:41:45,INDF,RG,6300,1,F,CS,CC,D
13:41:45,INDF,RG,6300,1,F,CS,CC,D
13:41:45,INDF,RG,6300,8,F,CS,CC,D
13:41:44,INDF,RG,6300,1,F,CS,CC,D
13:41:44,INDF,RG,6300,2,F,CS,CC,D
13:41:44,INDF,RG,6300,1,F,CS,CC,D
13:41:44,INDF,RG,6300,2,F,CS,CC,D
13:41:44,INDF,RG,6300,1,F,CS,CC,D
13:41:44,INDF,RG,6300,1,F,CS,CC,D
13:41:44,INDF,RG,6300,1,F,CS,CC,D
13:41:44,INDF,RG,6300,1,F,CS,CC,D
13:41:44,INDF,RG,6300,1,F,CS,CC,D
13:41:44,INDF,RG,6300,7,D,OD,CC,D
13:41:44,INDF,RG,6300,4,F,CS,CC,D
13:41:44,INDF,RG,6300,1,F,CS,CC,D
13:41:44,INDF,RG,6300,1,F,CS,CC,D
13:41:44,INDF,RG,6300,1,F,CS,CC,D
13:41:22,INDF,RG,6300,1,F,CS,YU,F
13:41:22,INDF,RG,6300,17,F,CS,YU,F
13:41:22,INDF,RG,6300,118,D,AG,YU,F
13:41:22,INDF,RG,6300,1,D,AG,NI,D
13:41:22,INDF,RG,6300,1,D,AG,PD,D
13:41:22,INDF,RG,6300,37,D,AG,KZ,F
13:41:22,INDF,RG,6300,38,D,AG,BK,F
13:41:22,INDF,RG,6300,3,D,AG,NI,D
13:41:22,INDF,RG,6300,5,D,AG,CC,F
13:41:22,INDF,RG,6300,1,D,AG,ZP,F
13:41:22,INDF,RG,6300,171,D,AG,AK,F
13:41:22,INDF,RG,6300,11,D,AG,BK,F
13:41:22,INDF,RG,6300,2,D,AG,PD,D
13:41:22,INDF,RG,6300,6,D,AG,NI,D
13:41:22,INDF,RG,6300,166,D,AG,YU,F
13:41:22,INDF,RG,6300,1,D,AG,SQ,D
13:41:22,INDF,RG,6300,39,D,AG,YU,F
13:41:07,INDF,RG,6300,5,D,HP,YU,F
13:41:06,INDF,RG,6300,2,F,CS,YU,F
13:41:03,INDF,RG,6300,10,D,YP,YU,F
13:40:59,INDF,RG,6300,1,D,XL,YU,F
13:40:48,INDF,RG,6300,40,F,CS,YU,F
13:40:41,INDF,RG,6300,40,D,KZ,YU,F
13:40:41,INDF,RG,6300,6,D,KZ,YU,F
13:40:41,INDF,RG,6300,5,D,KZ,ZP,F
13:40:41,INDF,RG,6300,31,D,KZ,YU,D
13:40:41,INDF,RG,6300,74,D,KZ,BK,F
13:40:41,INDF,RG,6300,228,D,KZ,CC,D
13:40:41,INDF,RG,6300,3,D,KZ,CC,D
13:40:41,INDF,RG,6300,319,D,KZ,CC,D
13:40:40,INDF,RG,6300,250,D,YP,CC,D
13:40:32,INDF,RG,6300,2,D,XC,CC,D
13:40:15,INDF,RG,6300,30,D,KZ,CC,D
13:40:15,INDF,RG,6300,168,D,KZ,CC,D
13:40:15,INDF,RG,6300,37,D,KZ,AK,F
13:40:15,INDF,RG,6300,8,D,KZ,YU,F
13:40:15,INDF,RG,6300,66,D,KZ,YU,F
13:40:15,INDF,RG,6300,83,D,KZ,YU,F
13:40:15,INDF,RG,6300,21,D,KZ,YU,F
13:40:15,INDF,RG,6300,135,D,KZ,YU,F
13:40:15,INDF,RG,6300,3,D,KZ,YU,F
13:40:15,INDF,RG,6300,1,D,KZ,YU,F
13:40:15,INDF,RG,6300,3,D,KZ,CC,F
13:40:15,INDF,RG,6300,37,D,KZ,AK,F
13:40:15,INDF,RG,6300,62,D,KZ,BK,F
13:40:15,INDF,RG,6300,91,D,KZ,YU,F
13:39:44,INDF,RG,6275,37,D,LS,CC,D
13:39:43,INDF,RG,6300,1,D,XC,YU,F
13:39:43,INDF,RG,6300,292,D,YP,YU,F
13:39:43,INDF,RG,6300,208,D,YP,AK,F
13:39:31,INDF,RG,6300,15,D,DR,AK,F
13:39:30,INDF,RG,6275,37,D,LS,CC,D
13:39:27,INDF,RG,6300,144,F,CS,AK,F
13:39:26,INDF,RG,6300,2,F,CS,AK,F
13:39:26,INDF,RG,6300,2,F,CS,YP,D
13:39:26,INDF,RG,6300,1,F,CS,YP,D
13:39:26,INDF,RG,6300,1,F,CS,BK,F
13:39:24,INDF,RG,6300,3,D,CC,BK,F
13:39:08,INDF,RG,6300,8,D,GR,BK,F
13:39:08,INDF,RG,6300,7,D,GR,BK,F
13:38:55,INDF,RG,6300,3,F,CS,BK,F
13:38:32,INDF,RG,6275,3,D,LS,XC,D
13:38:30,INDF,RG,6300,7,D,NI,BK,F
13:38:21,INDF,RG,6275,11,D,LS,AI,D
13:38:21,INDF,RG,6275,14,D,PD,AI,D
13:38:04,INDF,RG,6275,16,D,PD,CC,D
13:38:04,INDF,RG,6275,10,D,CC,CC,D
13:38:04,INDF,RG,6275,11,D,KZ,CC,D
13:37:55,INDF,RG,6300,20,D,DR,BK,F
13:37:52,INDF,RG,6300,5,D,PD,BK,F
13:37:42,INDF,RG,6300,20,D,YP,BK,F
13:37:24,INDF,RG,6275,1,D,KZ,XC,D
13:37:24,INDF,RG,6300,8,D,KZ,BK,F
13:37:23,INDF,RG,6300,13,D,KZ,BK,F
13:37:23,INDF,RG,6300,1,D,KZ,CC,D
13:37:23,INDF,RG,6300,6,D,KZ,XC,D
13:37:23,INDF,RG,6300,2,D,KZ,KK,D
13:37:23,INDF,RG,6300,48,D,KZ,CS,F
13:37:23,INDF,RG,6300,71,D,KZ,CS,F
13:37:23,INDF,RG,6300,15,D,KZ,CS,F
13:37:23,INDF,RG,6300,112,D,KZ,CS,F
13:37:23,INDF,RG,6300,35,D,KZ,CS,F
13:37:23,INDF,RG,6300,43,D,KZ,CS,F
13:36:06,INDF,RG,6275,37,D,KZ,CC,D
13:35:32,INDF,RG,6275,37,D,KZ,CC,D
13:35:32,INDF,RG,6300,103,D,YP,CS,F
13:35:32,INDF,RG,6300,45,D,YP,KZ,F
13:35:32,INDF,RG,6300,32,D,YP,SQ,D
13:35:09,INDF,RG,6300,8,F,KZ,SQ,D
13:35:07,INDF,RG,6300,1,D,KK,SQ,D
13:35:04,INDF,RG,6300,4,F,KZ,SQ,D
13:35:04,INDF,RG,6300,18,F,KZ,SQ,D
13:34:27,INDF,RG,6300,217,F,CS,SQ,D
13:34:27,INDF,RG,6300,8,F,CS,SQ,D
13:34:26,INDF,RG,6300,3,F,CS,SQ,D
13:34:25,INDF,RG,6300,709,D,IF,SQ,D
13:34:25,INDF,RG,6300,15,D,IF,AZ,D
13:34:25,INDF,RG,6300,5,D,IF,DR,D
13:34:25,INDF,RG,6300,1,D,IF,XC,D
13:34:25,INDF,RG,6300,1,D,IF,ZP,F
13:34:25,INDF,RG,6300,10,D,IF,YU,D
13:34:25,INDF,RG,6300,10,D,IF,LG,D
13:34:25,INDF,RG,6300,13,D,IF,YU,D
13:34:25,INDF,RG,6300,1,D,IF,PD,D
13:34:25,INDF,RG,6300,41,D,IF,YU,F
13:34:25,INDF,RG,6300,12,D,IF,XC,D
13:34:25,INDF,RG,6300,56,D,IF,YU,F
13:34:25,INDF,RG,6300,59,D,IF,YU,F
13:34:25,INDF,RG,6300,14,D,IF,DH,D
13:34:25,INDF,RG,6300,58,D,IF,YU,F
13:34:25,INDF,RG,6300,5,D,IF,CC,D
13:34:25,INDF,RG,6300,61,D,IF,YU,F
13:34:25,INDF,RG,6300,1,D,IF,ZP,F
13:34:25,INDF,RG,6300,1,D,IF,YP,D
13:34:25,INDF,RG,6300,30,D,IF,YU,F
13:34:25,INDF,RG,6300,4,D,IF,ZP,F
13:34:25,INDF,RG,6300,35,D,IF,BK,F
13:34:25,INDF,RG,6300,2,D,IF,PD,D
13:34:25,INDF,RG,6300,25,D,IF,SQ,D
13:34:25,INDF,RG,6300,200,D,IF,YP,D
13:34:25,INDF,RG,6300,8,D,IF,XA,D
13:34:25,INDF,RG,6300,49,D,IF,YP,D
13:33:35,INDF,RG,6300,1,D,DR,YP,D
13:33:35,INDF,RG,6300,9,D,DR,CC,D
13:33:25,INDF,RG,6300,5,D,YP,CC,D
13:32:32,INDF,RG,6300,1,D,DR,CC,D
13:32:32,INDF,RG,6300,22,D,DR,YP,D
13:31:42,INDF,RG,6300,47,D,PD,YP,D
13:31:42,INDF,RG,6300,3,D,PD,PD,D
13:31:32,INDF,RG,6300,5,D,YP,PD,D
13:31:32,INDF,RG,6300,129,D,YP,YP,D
13:31:32,INDF,RG,6300,200,D,YP,DH,D
13:31:32,INDF,RG,6300,14,D,YP,XC,D
13:31:32,INDF,RG,6300,10,D,YP,AZ,D
13:31:32,INDF,RG,6300,3,D,YP,NI,D
13:31:32,INDF,RG,6300,335,D,YP,YJ,D
13:31:32,INDF,RG,6300,6,D,YP,PD,D
13:31:32,INDF,RG,6300,26,D,YP,KZ,F
13:31:32,INDF,RG,6300,1,D,YP,PD,D
13:31:32,INDF,RG,6300,10,D,YP,DR,D
13:31:32,INDF,RG,6300,76,D,YP,BK,F
13:31:32,INDF,RG,6300,185,D,YP,CC,D
13:31:32,INDF,RG,6300,8,D,YU,CC,D
13:30:38,INDF,RG,6275,19,D,KZ,YU,F
13:30:25,INDF,RG,6300,10,D,DR,CC,D
13:30:15,INDF,RG,6275,84,D,KZ,AK,F
13:30:12,INDF,RG,6275,10,D,KZ,CC,D
13:30:12,INDF,RG,6275,1,D,KZ,CC,D
13:30:12,INDF,RG,6275,10,D,KZ,CC,D
13:30:11,INDF,RG,6275,7,D,KZ,YU,F
13:30:11,INDF,RG,6275,160,D,KZ,YU,F
13:30:11,INDF,RG,6275,109,D,KZ,YU,F
13:30:11,INDF,RG,6275,2,D,KZ,YU,F
13:30:11,INDF,RG,6275,1,D,KZ,YU,F
13:30:11,INDF,RG,6275,1,D,KZ,YU,F
13:30:11,INDF,RG,6275,24,D,KZ,YU,F
13:30:11,INDF,RG,6275,1,D,KZ,CC,D
13:30:11,INDF,RG,6275,1,D,KZ,CC,D
13:30:10,INDF,RG,6275,10,D,KZ,CC,D
13:30:10,INDF,RG,6275,1,D,KZ,XC,D
13:30:10,INDF,RG,6300,1,D,XC,CC,D
13:30:09,INDF,RG,6275,5,D,KZ,XC,D
13:30:09,INDF,RG,6275,1,D,KZ,XC,D
13:30:09,INDF,RG,6275,2,D,KZ,XC,D
13:30:08,INDF,RG,6300,4,D,PD,CC,D
13:30:07,INDF,RG,6275,10,D,KZ,YP,D
13:30:07,INDF,RG,6300,3,D,PD,CC,D
13:30:06,INDF,RG,6300,25,D,DR,CC,D
13:30:05,INDF,RG,6275,3,D,KZ,DH,D
13:30:05,INDF,RG,6300,2,D,PD,CC,D
13:30:05,INDF,RG,6300,17,D,DR,CC,D
13:30:05,INDF,RG,6300,1,D,PD,CC,D
13:30:05,INDF,RG,6300,20,D,PD,CC,D
13:30:05,INDF,RG,6300,1,D,DR,CC,D
13:30:04,INDF,RG,6300,1,D,PD,CC,D
13:30:04,INDF,RG,6275,50,D,KZ,PD,D
13:30:04,INDF,RG,6275,10,D,KZ,SQ,D
13:30:04,INDF,RG,6300,1,D,PD,CC,D
13:30:04,INDF,RG,6300,10,D,PD,CC,D
13:30:04,INDF,RG,6275,8,D,KZ,YP,D
13:30:04,INDF,RG,6300,1,D,PD,CC,D
13:30:04,INDF,RG,6300,6,F,AG,CC,D
13:30:04,INDF,RG,6300,20,D,DR,CC,D
13:30:03,INDF,RG,6300,2,D,PD,CC,D
13:30:03,INDF,RG,6300,1,D,TP,CC,D
13:30:03,INDF,RG,6300,1,D,DR,CC,D
13:30:02,INDF,RG,6275,1,D,KZ,PD,D
11:29:49,INDF,RG,6275,5,D,KZ,AK,F
11:29:49,INDF,RG,6275,2,D,KZ,AK,F
11:29:49,INDF,RG,6275,1,D,KZ,AK,F
11:29:43,INDF,RG,6275,6,D,KZ,BK,F
11:29:37,INDF,RG,6275,12,D,KZ,BK,F
11:28:57,INDF,RG,6275,11,D,KZ,BK,F
11:28:49,INDF,RG,6275,41,D,KZ,AK,F
11:28:36,INDF,RG,6275,11,D,KZ,BK,F
11:28:34,INDF,RG,6275,10,D,KZ,AK,F
11:28:34,INDF,RG,6275,6,D,KZ,AK,F
11:27:43,INDF,RG,6275,13,D,KZ,BK,F
11:27:38,INDF,RG,6300,4,F,CS,CC,D
11:27:34,INDF,RG,6275,12,D,KZ,AK,F
11:27:34,INDF,RG,6275,24,D,KZ,AK,F
11:27:26,INDF,RG,6300,10,F,CS,CC,D
11:26:59,INDF,RG,6275,12,D,KZ,BK,F
11:26:38,INDF,RG,6275,12,D,KZ,BK,F
11:26:37,INDF,RG,6300,278,F,CS,CC,D
11:26:05,INDF,RG,6300,3,D,GR,CC,D
11:26:04,INDF,RG,6275,64,D,KZ,AK,F
11:25:27,INDF,RG,6300,1,D,PD,CC,D
11:24:29,INDF,RG,6275,11,D,KZ,BK,F
11:24:22,INDF,RG,6275,23,D,KZ,KZ,F
11:24:22,INDF,RG,6275,11,D,KZ,KZ,F
11:22:55,INDF,RG,6275,12,D,KZ,CC,D
11:22:26,INDF,RG,6275,20,D,KZ,PD,D
11:21:07,INDF,RG,6275,47,D,KZ,KZ,F
11:21:07,INDF,RG,6275,11,D,KZ,KZ,F
11:21:07,INDF,RG,6275,3,D,CC,KZ,F
11:21:07,INDF,RG,6275,1,F,CS,KZ,F
11:21:07,INDF,RG,6275,1,F,CS,KZ,F
11:21:07,INDF,RG,6275,1,F,CS,KZ,F
11:21:07,INDF,RG,6275,1,F,CS,KZ,F
11:21:07,INDF,RG,6275,6,D,KZ,KZ,F
11:21:03,INDF,RG,6275,34,D,KZ,KZ,F
11:21:02,INDF,RG,6275,3,D,KZ,KZ,F
11:21:02,INDF,RG,6275,27,D,KZ,KZ,F
11:21:02,INDF,RG,6275,9,D,KZ,KZ,F
11:21:02,INDF,RG,6275,1,F,CS,KZ,F
11:21:02,INDF,RG,6275,11,D,KZ,KZ,F
11:20:59,INDF,RG,6275,106,D,KZ,AK,F
11:20:59,INDF,RG,6275,66,D,KZ,AK,F
11:20:57,INDF,RG,6300,30,D,SQ,CC,D
11:20:42,INDF,RG,6300,1,D,XC,CC,D
11:20:07,INDF,RG,6300,1,D,PD,CC,D
11:19:18,INDF,RG,6300,1,D,CC,CC,D
11:19:16,INDF,RG,6300,2,D,PD,CC,D
11:18:32,INDF,RG,6300,1,D,CC,CC,D
11:17:47,INDF,RG,6300,1,D,EP,CC,D
11:17:40,INDF,RG,6300,1,D,PD,CC,D
11:17:30,INDF,RG,6300,35,D,PD,CC,D
11:17:15,INDF,RG,6300,1,D,CC,CC,D
11:16:55,INDF,RG,6300,9,D,LG,CC,D
11:15:59,INDF,RG,6300,9,F,KZ,CC,D
11:15:25,INDF,RG,6300,1,D,CC,CC,D
11:15:05,INDF,RG,6300,291,F,CS,CC,D
11:15:05,INDF,RG,6300,28,F,CS,BK,F
11:15:05,INDF,RG,6300,2,F,CS,YU,D
11:14:43,INDF,RG,6300,5,F,CS,YU,D
11:14:26,INDF,RG,6300,11,D,PD,YU,D
11:14:23,INDF,RG,6300,12,F,CS,YU,D
11:14:04,INDF,RG,6300,1,D,OD,YU,D
11:13:19,INDF,RG,6300,1,D,YP,YU,D
11:13:10,INDF,RG,6300,1,D,XC,YU,D
11:13:02,INDF,RG,6300,1,D,OD,YU,D
11:12:34,INDF,RG,6275,86,D,KZ,AK,F
11:12:34,INDF,RG,6275,86,D,KZ,AK,F
11:12:34,INDF,RG,6275,2,D,KZ,AK,F
11:12:34,INDF,RG,6275,1,D,KZ,AK,F
11:12:34,INDF,RG,6275,1,D,KZ,AK,F
11:12:34,INDF,RG,6275,9,D,KZ,AK,F
11:12:34,INDF,RG,6275,5,D,KZ,AK,F
11:12:06,INDF,RG,6300,2,D,OD,YU,D
11:11:08,INDF,RG,6300,1,D,OD,YU,D
11:10:06,INDF,RG,6300,1,D,OD,YU,D
11:09:46,INDF,RG,6300,1,D,KK,YU,D
11:09:08,INDF,RG,6300,1,D,OD,YU,D
11:08:08,INDF,RG,6300,1,D,OD,YU,D
11:07:10,INDF,RG,6300,2,D,OD,YU,D
11:06:31,INDF,RG,6300,5,D,CC,YU,D
11:06:08,INDF,RG,6300,1,D,OD,YU,D
11:05:59,INDF,RG,6275,8,D,KZ,KK,D
11:05:59,INDF,RG,6275,17,D,KZ,KK,D
11:05:59,INDF,RG,6275,10,D,KZ,KK,D
11:05:59,INDF,RG,6275,58,D,KZ,KK,D
11:05:31,INDF,RG,6275,15,D,KZ,YU,D
11:05:31,INDF,RG,6275,35,D,KZ,YU,D
11:05:18,INDF,RG,6275,50,D,KZ,YU,D
11:05:10,INDF,RG,6300,1,D,OD,YU,D
11:04:08,INDF,RG,6300,1,D,OD,NI,D
11:03:48,INDF,RG,6275,23,D,KZ,KZ,F
11:03:48,INDF,RG,6275,127,D,KZ,KZ,F
11:03:41,INDF,RG,6300,1,D,XC,NI,D
11:03:09,INDF,RG,6300,2,D,YP,NI,D
11:03:08,INDF,RG,6300,1,D,OD,NI,D
11:02:59,INDF,RG,6300,5,D,YP,NI,D
11:02:08,INDF,RG,6300,2,D,OD,NI,D
11:01:13,INDF,RG,6300,2,D,CC,NI,D
11:01:06,INDF,RG,6300,1,D,OD,NI,D
11:00:45,INDF,RG,6300,2,D,YJ,NI,D
11:00:27,INDF,RG,6300,10,D,PD,NI,D
11:00:27,INDF,RG,6300,3,D,XC,NI,D
11:00:14,INDF,RG,6275,1,D,KZ,PD,D
11:00:08,INDF,RG,6300,1,D,OD,NI,D
11:00:00,INDF,RG,6300,4,F,BK,NI,D
11:00:00,INDF,RG,6300,9,F,BK,AK,F
10:59:54,INDF,RG,6300,13,F,BK,AK,F
10:59:49,INDF,RG,6275,10,D,KZ,AK,F
10:59:49,INDF,RG,6275,81,D,KZ,AK,F
10:59:49,INDF,RG,6275,1,D,KZ,AK,F
10:59:49,INDF,RG,6275,2,D,KZ,AK,F
10:59:49,INDF,RG,6275,2,D,KZ,AK,F
10:59:49,INDF,RG,6275,5,D,KZ,AK,F
10:59:49,INDF,RG,6275,9,D,KZ,AK,F
10:59:49,INDF,RG,6275,9,D,KZ,AK,F
10:59:49,INDF,RG,6275,1,D,KZ,AK,F
10:59:49,INDF,RG,6275,3,D,KZ,AK,F
10:59:49,INDF,RG,6275,2,D,KZ,AK,F
10:59:14,INDF,RG,6300,1,D,PD,AK,F
10:59:08,INDF,RG,6300,1,D,OD,AK,F
10:58:56,INDF,RG,6300,7,D,YB,AK,F
10:58:15,INDF,RG,6300,11,F,BK,AK,F
10:58:12,INDF,RG,6300,16,F,BK,AK,F
10:58:09,INDF,RG,6275,2,D,KZ,AK,F
10:58:09,INDF,RG,6275,14,D,KZ,AK,F
10:58:09,INDF,RG,6275,14,D,KZ,AK,F
10:58:09,INDF,RG,6275,23,D,KZ,AK,F
10:58:09,INDF,RG,6275,23,D,KZ,AK,F
10:58:09,INDF,RG,6275,4,D,KZ,AK,F
10:58:09,INDF,RG,6275,7,D,KZ,AK,F
10:58:09,INDF,RG,6275,7,D,KZ,AK,F
10:58:09,INDF,RG,6275,7,D,KZ,AK,F
10:58:09,INDF,RG,6275,12,D,KZ,AK,F
10:58:09,INDF,RG,6275,12,D,KZ,AK,F
10:58:09,INDF,RG,6275,1,F,CS,AK,F
10:58:09,INDF,RG,6275,1,F,CS,AK,F
10:58:07,INDF,RG,6300,26,F,BK,AK,F
10:58:06,INDF,RG,6300,1,D,OD,AK,F
10:58:04,INDF,RG,6300,4,F,CS,AK,F
10:58:03,INDF,RG,6275,13,F,BK,BK,F
10:58:03,INDF,RG,6275,1,F,BK,YU,F
10:58:03,INDF,RG,6275,5,D,KZ,YU,F
10:58:03,INDF,RG,6275,42,D,KZ,YU,F
10:58:03,INDF,RG,6275,8,D,KZ,YU,F
10:58:03,INDF,RG,6275,3,D,KZ,ZP,F
10:58:03,INDF,RG,6275,13,D,KZ,BK,F
10:58:03,INDF,RG,6275,5,D,KZ,PD,D
10:58:03,INDF,RG,6275,7,D,KZ,YU,D
10:58:03,INDF,RG,6275,7,D,KZ,YU,D
10:58:03,INDF,RG,6275,2,D,KZ,BK,F
10:58:03,INDF,RG,6275,10,D,KZ,BK,F
10:58:03,INDF,RG,6275,11,D,KZ,CC,F
10:58:03,INDF,RG,6275,4,D,KZ,CC,F
10:58:03,INDF,RG,6275,15,D,KZ,YU,D
10:58:03,INDF,RG,6275,4,D,KZ,YP,D
10:58:03,INDF,RG,6275,11,D,KZ,SQ,D
10:58:03,INDF,RG,6275,33,D,KZ,AK,F
10:58:03,INDF,RG,6275,26,D,KZ,AK,F
10:57:56,INDF,RG,6275,2,D,PD,AK,F
10:57:56,INDF,RG,6275,48,D,PD,CS,F
10:57:50,INDF,RG,6275,2,D,KK,CS,F
10:57:46,INDF,RG,6275,12,F,CS,CS,F
10:57:46,INDF,RG,6275,16,F,BK,CS,F
10:57:44,INDF,RG,6275,8,D,PD,CS,F
10:57:44,INDF,RG,6275,22,D,YP,CS,F
10:57:40,INDF,RG,6275,25,F,BK,CS,F
10:57:37,INDF,RG,6275,4,D,NI,CS,F
10:57:36,INDF,RG,6275,9,D,YP,CS,F
10:57:36,INDF,RG,6275,1,D,YP,PD,D
10:57:36,INDF,RG,6275,1,F,BK,PD,D
10:57:36,INDF,RG,6275,114,F,BK,YU,F
10:57:33,INDF,RG,6275,100,D,PD,YU,F
10:57:33,INDF,RG,6275,42,D,KZ,YU,F
10:57:33,INDF,RG,6275,366,D,KZ,YU,F
10:57:33,INDF,RG,6275,3,D,KZ,YU,F
10:57:33,INDF,RG,6275,339,D,KZ,YU,F
10:57:31,INDF,RG,6275,1,D,PD,YU,F
10:57:30,INDF,RG,6275,1,D,YP,YU,F
10:57:29,INDF,RG,6275,1,D,GR,YU,F
10:57:28,INDF,RG,6275,15,F,BK,YU,F
10:57:27,INDF,RG,6275,5,D,KK,YU,F
10:57:26,INDF,RG,6275,1,D,YP,YU,F
10:57:22,INDF,RG,6275,32,D,PD,YU,F
10:57:19,INDF,RG,6275,1,D,CC,YU,F
10:57:11,INDF,RG,6275,17,F,BK,YU,F
10:57:08,INDF,RG,6275,2,D,OD,YU,F
10:57:07,INDF,RG,6275,53,F,BK,YU,F
10:57:05,INDF,RG,6275,35,D,YP,YU,F
10:57:05,INDF,RG,6275,15,D,YP,YU,F
10:57:04,INDF,RG,6275,82,F,BK,YU,F
10:57:04,INDF,RG,6275,98,F,BK,YU,F
10:57:04,INDF,RG,6275,3,F,BK,XC,D
10:57:04,INDF,RG,6275,18,F,BK,YU,D
10:57:04,INDF,RG,6275,1,F,BK,YU,D
10:57:04,INDF,RG,6275,82,F,BK,YU,F
10:57:04,INDF,RG,6275,25,F,BK,HP,D
10:57:02,INDF,RG,6275,2,F,CS,HP,D
10:57:02,INDF,RG,6275,3,F,CS,HP,D
10:57:02,INDF,RG,6275,72,F,CS,HP,D
10:57:02,INDF,RG,6275,298,D,GR,HP,D
10:57:02,INDF,RG,6275,2,D,GR,ZP,F
10:57:02,INDF,RG,6275,82,D,GR,YU,F
10:57:02,INDF,RG,6275,1,D,GR,SQ,D
10:57:02,INDF,RG,6275,76,D,GR,YU,F
10:57:02,INDF,RG,6275,1,D,GR,PD,D
10:57:02,INDF,RG,6275,1,D,GR,XC,D
10:57:02,INDF,RG,6275,4,D,GR,ZP,F
10:57:02,INDF,RG,6275,6,D,GR,PD,D
10:57:02,INDF,RG,6275,50,D,GR,YU,D
10:57:02,INDF,RG,6275,27,D,GR,BK,F
10:57:02,INDF,RG,6275,85,D,GR,YU,F
10:57:02,INDF,RG,6275,1100,D,GR,YU,F
10:57:02,INDF,RG,6275,267,D,GR,YU,F
10:56:59,INDF,RG,6275,12,D,YP,YU,F
10:56:40,INDF,RG,6275,12,D,YP,YU,F
10:56:39,INDF,RG,6275,10,D,PD,YU,F
10:56:37,INDF,RG,6275,12,F,BK,YU,F
10:56:33,INDF,RG,6275,13,F,BK,YU,F
10:56:32,INDF,RG,6275,97,D,YP,YU,F
10:56:32,INDF,RG,6275,3,D,YP,ZP,F
10:56:27,INDF,RG,6275,11,F,BK,ZP,F
10:56:27,INDF,RG,6275,2,F,BK,BK,F
10:56:23,INDF,RG,6275,20,D,SQ,BK,F
10:56:23,INDF,RG,6275,50,D,YP,BK,F
10:56:12,INDF,RG,6275,1,D,PD,BK,F
10:56:10,INDF,RG,6275,1,D,OD,BK,F
10:56:07,INDF,RG,6275,3,D,PD,BK,F
10:55:47,INDF,RG,6275,1,D,PD,BK,F
10:55:10,INDF,RG,6275,1,D,OD,BK,F
10:55:06,INDF,RG,6250,25,D,PD,YU,F
10:55:06,INDF,RG,6250,1,D,YP,YU,F
10:54:55,INDF,RG,6250,1,D,PD,ZP,F
10:54:48,INDF,RG,6275,4,D,PD,BK,F
10:54:33,INDF,RG,6275,1,D,CC,BK,F
10:54:26,INDF,RG,6275,10,D,ES,BK,F
10:54:10,INDF,RG,6275,1,D,OD,BK,F
10:54:10,INDF,RG,6275,13,F,BK,BK,F
10:54:08,INDF,RG,6275,20,D,CC,BK,F
10:54:01,INDF,RG,6250,1,D,LG,YU,F
10:54:01,INDF,RG,6250,1,D,YP,YU,F
10:54:01,INDF,RG,6250,27,D,LG,YU,F
10:54:00,INDF,RG,6250,1,D,LG,OD,D
10:53:57,INDF,RG,6275,1,D,PD,BK,F
10:53:54,INDF,RG,6275,7,F,KZ,BK,F
10:53:34,INDF,RG,6275,4,F,CS,BK,F
10:53:14,INDF,RG,6275,8,D,PD,BK,F
10:53:12,INDF,RG,6275,2,D,PD,BK,F
10:53:11,INDF,RG,6275,1,D,PD,BK,F
10:53:08,INDF,RG,6275,1,D,OD,BK,F
10:53:04,INDF,RG,6275,13,F,BK,BK,F
10:53:01,INDF,RG,6275,13,F,BK,BK,F
10:52:59,INDF,RG,6250,26,D,LG,YU,F
10:52:58,INDF,RG,6275,17,D,KZ,BK,F
10:52:58,INDF,RG,6275,1,D,KZ,BK,F
10:52:58,INDF,RG,6275,141,D,KZ,BK,F
10:52:58,INDF,RG,6275,61,D,KZ,BK,F
10:52:58,INDF,RG,6275,31,D,KZ,BK,F
10:52:58,INDF,RG,6275,30,D,KZ,AK,F
10:52:58,INDF,RG,6275,30,D,KZ,AK,F
10:52:58,INDF,RG,6275,227,D,KZ,AK,F
10:52:58,INDF,RG,6275,70,D,KZ,AK,F
10:52:58,INDF,RG,6275,88,D,KZ,AK,F
10:52:36,INDF,RG,6250,18,D,LG,BK,F
10:52:35,INDF,RG,6275,4,D,KZ,AK,F
10:52:35,INDF,RG,6275,38,D,KZ,AK,F
10:52:35,INDF,RG,6275,32,D,KZ,AK,F
10:52:35,INDF,RG,6275,8,D,KZ,AK,F
10:52:35,INDF,RG,6275,61,D,KZ,AK,F
10:52:35,INDF,RG,6275,19,D,KZ,AK,F
10:52:35,INDF,RG,6275,23,D,KZ,AK,F
10:52:26,INDF,RG,6275,2,F,CS,AK,F
10:52:22,INDF,RG,6275,4,D,XC,AK,F
10:52:12,INDF,RG,6275,2,D,OD,AK,F
10:52:03,INDF,RG,6250,20,D,LG,YU,F
10:51:41,INDF,RG,6250,1,D,LG,ZP,F
10:51:36,INDF,RG,6275,8,D,YP,AK,F
10:51:10,INDF,RG,6250,23,D,LG,YU,F
10:51:10,INDF,RG,6275,1,D,OD,AK,F
10:51:00,INDF,RG,6250,14,D,LG,BK,F
10:50:59,INDF,RG,6250,1,D,LG,ZP,F
10:50:58,INDF,RG,6250,219,D,LG,YU,D
10:50:11,INDF,RG,6250,27,D,LG,YU,F
10:50:10,INDF,RG,6275,1,D,OD,AK,F
10:50:09,INDF,RG,6275,150,D,DR,AK,F
10:50:09,INDF,RG,6275,2,D,DH,AK,F
10:49:54,INDF,RG,6275,1,D,CC,AK,F
10:49:23,INDF,RG,6275,6,D,PD,AK,F
10:49:18,INDF,RG,6250,13,D,LG,BK,F
10:49:17,INDF,RG,6250,26,D,LG,YU,F
10:49:16,INDF,RG,6275,200,D,CC,AK,F
10:49:08,INDF,RG,6275,1,D,OD,AK,F
10:49:06,INDF,RG,6250,1,D,LG,PD,D
10:48:48,INDF,RG,6275,5,D,XC,AK,F
10:48:46,INDF,RG,6275,1,D,YP,AK,F
10:48:43,INDF,RG,6275,30,D,XA,AK,F
10:48:36,INDF,RG,6275,5,D,YP,AK,F
10:48:30,INDF,RG,6275,1,D,XC,AK,F
10:48:15,INDF,RG,6250,25,D,LG,YU,F
10:48:09,INDF,RG,6250,1,D,LG,ZP,F
10:48:08,INDF,RG,6275,2,D,OD,AK,F
10:47:57,INDF,RG,6275,1,D,KK,AK,F
10:47:56,INDF,RG,6275,6,D,CC,AK,F
10:47:50,INDF,RG,6275,10,D,CC,AK,F
10:47:16,INDF,RG,6250,19,D,LG,YU,F
10:47:08,INDF,RG,6275,1,D,OD,AK,F
10:46:48,INDF,RG,6275,10,D,CC,AK,F
10:46:40,INDF,RG,6275,1,D,XC,AK,F
10:46:23,INDF,RG,6275,12,D,PD,AK,F
10:46:17,INDF,RG,6275,10,D,YP,AK,F
10:46:14,INDF,RG,6250,26,D,LG,YU,F
10:46:08,INDF,RG,6275,1,D,OD,AK,F
10:45:29,INDF,RG,6250,24,D,LG,BK,F
10:45:28,INDF,RG,6275,200,D,CC,AK,F
10:45:23,INDF,RG,6275,163,D,LS,AK,F
10:45:10,INDF,RG,6250,21,D,LG,YU,F
10:45:10,INDF,RG,6250,12,D,LG,BK,F
10:45:10,INDF,RG,6275,2,D,OD,AK,F
10:44:55,INDF,RG,6250,100,D,LG,YU,D
10:44:49,INDF,RG,6275,20,D,CP,AK,F
10:44:39,INDF,RG,6250,18,D,LG,YU,F
10:44:33,INDF,RG,6275,1,D,XL,AK,F
10:44:25,INDF,RG,6250,1,D,LG,ZP,F
10:44:17,INDF,RG,6275,5,D,GR,AK,F
10:44:10,INDF,RG,6275,2,D,OD,AK,F
10:44:00,INDF,RG,6275,3,F,DH,AK,F
10:44:00,INDF,RG,6275,27,F,DH,AK,F
10:43:42,INDF,RG,6250,25,D,LG,BK,F
10:43:42,INDF,RG,6250,26,D,LG,YU,F
10:43:33,INDF,RG,6275,1,D,PD,AK,F
10:43:26,INDF,RG,6275,3,D,PD,AK,F
10:43:23,INDF,RG,6275,8,D,OD,AK,F
10:43:12,INDF,RG,6275,1,D,OD,AK,F
10:42:46,INDF,RG,6275,15,D,PD,AK,F
10:42:46,INDF,RG,6275,15,D,PD,AK,F
10:42:44,INDF,RG,6250,20,D,LG,YU,F
10:42:38,INDF,RG,6275,6,D,XL,AK,F
10:42:23,INDF,RG,6275,6,D,OD,AK,F
10:42:18,INDF,RG,6250,13,D,LG,BK,F
10:42:15,INDF,RG,6275,101,D,CC,AK,F
10:42:15,INDF,RG,6275,99,D,CC,ZP,F
10:42:12,INDF,RG,6275,2,D,OD,ZP,F
10:42:10,INDF,RG,6275,100,D,YP,ZP,F
10:41:57,INDF,RG,6275,12,D,YP,ZP,F
10:41:49,INDF,RG,6275,8,F,KZ,ZP,F
10:41:23,INDF,RG,6250,26,D,LG,YU,F
10:41:22,INDF,RG,6275,14,D,DR,ZP,F
10:41:21,INDF,RG,6275,7,D,OD,ZP,F
10:41:20,INDF,RG,6275,8,D,PD,ZP,F
10:41:14,INDF,RG,6275,1,D,YB,ZP,F
10:41:12,INDF,RG,6275,2,D,OD,ZP,F
10:41:11,INDF,RG,6275,1,D,YP,ZP,F
10:40:38,INDF,RG,6275,1,D,CC,ZP,F
10:40:19,INDF,RG,6275,6,D,OD,ZP,F
10:40:10,INDF,RG,6275,2,D,OD,ZP,F
10:40:02,INDF,RG,6275,1,D,DH,ZP,F
10:39:56,INDF,RG,6275,5,D,YP,ZP,F
10:39:46,INDF,RG,6275,25,D,YP,ZP,F
10:39:43,INDF,RG,6250,1,D,LG,ZP,F
10:39:42,INDF,RG,6275,2,D,PD,ZP,F
10:39:21,INDF,RG,6275,7,D,OD,ZP,F
10:39:12,INDF,RG,6275,2,D,OD,ZP,F
10:38:49,INDF,RG,6275,2,D,XC,ZP,F
10:38:21,INDF,RG,6275,6,D,OD,ZP,F
10:38:12,INDF,RG,6275,2,D,OD,ZP,F
10:37:51,INDF,RG,6275,2,D,SQ,ZP,F
10:37:48,INDF,RG,6275,29,D,KK,ZP,F
10:37:45,INDF,RG,6275,1,D,XC,ZP,F
10:37:25,INDF,RG,6275,1,D,DH,ZP,F
10:37:21,INDF,RG,6275,8,D,OD,ZP,F
10:37:20,INDF,RG,6250,20,D,LG,BK,F
10:37:19,INDF,RG,6275,500,D,PD,ZP,F
10:37:15,INDF,RG,6275,50,D,PD,ZP,F
10:37:12,INDF,RG,6275,2,D,OD,ZP,F
10:36:48,INDF,RG,6275,10,D,GR,ZP,F
10:36:24,INDF,RG,6250,1,D,LG,XC,D
10:36:21,INDF,RG,6275,7,D,OD,ZP,F
10:36:12,INDF,RG,6275,2,D,OD,ZP,F
10:35:43,INDF,RG,6250,26,D,LG,BK,F
10:35:39,INDF,RG,6275,30,D,AZ,ZP,F
10:35:21,INDF,RG,6275,7,D,OD,ZP,F
10:35:20,INDF,RG,6275,25,D,YJ,ZP,F
10:35:14,INDF,RG,6275,1,D,OD,ZP,F
10:35:06,INDF,RG,6275,20,D,PD,ZP,F
10:34:28,INDF,RG,6275,3,D,IF,ZP,F
10:34:21,INDF,RG,6275,7,D,OD,ZP,F
10:34:16,INDF,RG,6275,2,D,OD,ZP,F
10:34:08,INDF,RG,6275,50,D,DH,ZP,F
10:33:56,INDF,RG,6275,10,D,NI,ZP,F
10:33:27,INDF,RG,6250,13,D,LG,BK,F
10:33:20,INDF,RG,6275,2,D,OD,ZP,F
10:33:19,INDF,RG,6275,7,D,OD,ZP,F
10:33:06,INDF,RG,6250,20,D,LG,YP,D
10:32:34,INDF,RG,6250,11,D,LG,BK,F
10:32:32,INDF,RG,6275,60,D,PD,ZP,F
10:32:20,INDF,RG,6275,2,D,OD,ZP,F
10:32:18,INDF,RG,6275,7,D,OD,ZP,F
10:32:10,INDF,RG,6275,10,D,SQ,ZP,F
10:32:06,INDF,RG,6275,20,D,CC,ZP,F
10:31:58,INDF,RG,6275,5,D,PD,ZP,F
10:31:56,INDF,RG,6250,21,D,LG,BK,F
10:31:54,INDF,RG,6275,500,D,PD,ZP,F
10:31:50,INDF,RG,6275,18,D,NI,ZP,F
10:31:49,INDF,RG,6275,9,F,KZ,ZP,F
10:31:22,INDF,RG,6275,2,D,OD,ZP,F
10:31:16,INDF,RG,6275,7,D,OD,ZP,F
10:31:16,INDF,RG,6275,1,D,YP,ZP,F
10:31:09,INDF,RG,6275,46,D,NI,ZP,F
10:30:22,INDF,RG,6275,2,D,OD,ZP,F
10:30:20,INDF,RG,6275,25,D,DH,ZP,F
10:30:18,INDF,RG,6275,7,D,OD,ZP,F
10:30:18,INDF,RG,6275,1,D,XC,ZP,F
10:30:15,INDF,RG,6275,1,D,XC,ZP,F
10:30:13,INDF,RG,6275,3,D,PD,ZP,F
10:30:06,INDF,RG,6275,1,D,XL,ZP,F
10:29:30,INDF,RG,6275,1,D,CC,ZP,F
10:29:22,INDF,RG,6275,1,D,OD,ZP,F
10:29:20,INDF,RG,6275,6,D,OD,ZP,F
10:29:20,INDF,RG,6275,1,D,XC,ZP,F
10:28:59,INDF,RG,6275,1,D,KK,ZP,F
10:28:58,INDF,RG,6250,3,D,LG,XC,D
10:28:57,INDF,RG,6275,1,D,PD,ZP,F
10:28:38,INDF,RG,6275,4,D,PD,ZP,F
10:28:29,INDF,RG,6275,1,D,XC,ZP,F
10:28:24,INDF,RG,6275,2,D,OD,ZP,F
10:28:20,INDF,RG,6275,6,D,OD,ZP,F
10:27:56,INDF,RG,6250,28,D,LG,BK,F
10:27:55,INDF,RG,6250,82,D,LG,NI,D
10:27:55,INDF,RG,6250,10,D,PD,NI,D
10:27:55,INDF,RG,6250,2,D,YP,NI,D
10:27:55,INDF,RG,6250,50,D,PD,NI,D
10:27:55,INDF,RG,6250,5,D,KK,NI,D
10:27:55,INDF,RG,6250,10,D,PD,NI,D
10:27:55,INDF,RG,6250,1,D,YP,NI,D
10:27:55,INDF,RG,6250,10,D,PD,NI,D
10:27:55,INDF,RG,6250,2,D,NI,NI,D
10:27:55,INDF,RG,6250,2,D,XC,NI,D
10:27:55,INDF,RG,6250,67,D,YP,NI,D
10:27:50,INDF,RG,6250,2,D,YP,PD,D
10:27:24,INDF,RG,6275,2,D,OD,ZP,F
10:27:22,INDF,RG,6275,7,D,OD,ZP,F
10:27:05,INDF,RG,6275,2,D,XL,ZP,F
10:26:58,INDF,RG,6275,96,D,DH,ZP,F
10:26:36,INDF,RG,6275,50,D,PD,ZP,F
10:26:24,INDF,RG,6275,7,D,OD,ZP,F
10:26:22,INDF,RG,6275,2,D,OD,ZP,F
10:25:54,INDF,RG,6275,1,D,XC,ZP,F
10:25:24,INDF,RG,6275,2,D,OD,ZP,F
10:25:22,INDF,RG,6275,6,D,OD,ZP,F
10:24:55,INDF,RG,6275,1,D,YP,ZP,F
10:24:40,INDF,RG,6275,5,D,PD,ZP,F
10:24:24,INDF,RG,6275,6,D,OD,ZP,F
10:24:24,INDF,RG,6275,2,D,OD,ZP,F
10:24:02,INDF,RG,6275,1,D,XC,ZP,F
10:23:57,INDF,RG,6250,1,D,YP,XC,D
10:23:49,INDF,RG,6275,1,D,PD,ZP,F
10:23:40,INDF,RG,6275,30,D,NI,ZP,F
10:23:26,INDF,RG,6275,7,D,OD,ZP,F
10:23:23,INDF,RG,6250,8,D,YP,PD,D
10:23:22,INDF,RG,6275,2,D,OD,ZP,F
10:22:52,INDF,RG,6250,12,D,YP,BK,F
10:22:27,INDF,RG,6275,1,D,XC,ZP,F
10:22:24,INDF,RG,6275,7,D,OD,ZP,F
10:22:12,INDF,RG,6275,1,D,AZ,ZP,F
10:21:59,INDF,RG,6275,1,D,NI,ZP,F
10:21:46,INDF,RG,6250,19,D,YP,BK,F
10:21:43,INDF,RG,6250,79,D,YP,BK,F
10:21:42,INDF,RG,6250,10,D,YP,BK,F
10:21:42,INDF,RG,6250,1,D,PD,BK,F
10:21:42,INDF,RG,6250,1,D,PD,BK,F
10:21:42,INDF,RG,6250,25,D,GR,BK,F
10:21:42,INDF,RG,6250,15,D,NI,BK,F
10:21:42,INDF,RG,6250,2,D,YP,BK,F
10:21:42,INDF,RG,6250,2,D,NI,BK,F
10:21:42,INDF,RG,6250,202,D,YU,BK,F
10:21:41,INDF,RG,6250,3101,D,YU,CC,D
10:21:41,INDF,RG,6250,3,D,PD,CC,D
10:21:41,INDF,RG,6250,10,F,AG,CC,D
10:21:41,INDF,RG,6250,10,D,YP,CC,D
10:21:41,INDF,RG,6250,2,D,XC,CC,D
10:21:41,INDF,RG,6250,4,D,KK,CC,D
10:21:41,INDF,RG,6250,1,D,XC,CC,D
10:21:41,INDF,RG,6250,100,D,FZ,CC,D
10:21:41,INDF,RG,6250,1,D,PD,CC,D
10:21:41,INDF,RG,6250,1,D,PD,CC,D
10:21:41,INDF,RG,6250,95,D,TP,CC,D
10:21:41,INDF,RG,6250,1,D,XC,CC,D
10:21:41,INDF,RG,6250,55,D,YU,CC,D
10:21:41,INDF,RG,6250,37,D,YU,CC,D
10:21:41,INDF,RG,6250,15,D,XC,CC,D
10:21:41,INDF,RG,6250,115,D,YU,CC,D
10:21:41,INDF,RG,6250,20,D,CC,CC,D
10:21:41,INDF,RG,6250,2,D,PD,CC,D
10:21:41,INDF,RG,6250,370,D,YU,CC,D
10:21:41,INDF,RG,6250,8,D,NI,CC,D
10:21:41,INDF,RG,6250,16,D,SQ,CC,D
10:21:41,INDF,RG,6250,5,D,PD,CC,D
10:21:41,INDF,RG,6250,20,D,DR,CC,D
10:21:41,INDF,RG,6250,10,D,SQ,CC,D
10:21:41,INDF,RG,6250,1,D,GR,CC,D
10:21:41,INDF,RG,6250,1,D,PD,CC,D
10:21:41,INDF,RG,6250,1,D,YP,CC,D
10:21:41,INDF,RG,6250,1,D,PD,CC,D
10:21:41,INDF,RG,6250,2,D,KK,CC,D
10:21:41,INDF,RG,6250,1,D,OD,CC,D
10:21:41,INDF,RG,6250,1,D,YP,CC,D
10:21:41,INDF,RG,6250,2,D,PD,CC,D
10:21:41,INDF,RG,6250,5,D,GR,CC,D
10:21:41,INDF,RG,6250,1,D,KK,CC,D
10:21:41,INDF,RG,6250,2,D,PD,CC,D
10:21:41,INDF,RG,6250,7,D,XC,CC,D
10:21:41,INDF,RG,6250,1,D,XC,CC,D
10:21:41,INDF,RG,6250,2,D,SQ,CC,D
10:21:41,INDF,RG,6250,1,D,YP,CC,D
10:21:41,INDF,RG,6250,1,D,YP,CC,D
10:21:41,INDF,RG,6250,2,D,DX,CC,D
10:21:41,INDF,RG,6250,20,D,CC,CC,D
10:21:41,INDF,RG,6250,1,D,XC,CC,D
10:21:41,INDF,RG,6250,2,D,EP,CC,D
10:21:41,INDF,RG,6250,5,D,TP,CC,D
10:21:41,INDF,RG,6250,25,D,YP,CC,D
10:21:41,INDF,RG,6250,2,D,DR,CC,D
10:21:41,INDF,RG,6250,10,D,LG,CC,D
10:21:41,INDF,RG,6250,10,D,YP,CC,D
10:21:41,INDF,RG,6250,1,D,XC,CC,D
10:21:41,INDF,RG,6250,1,D,XC,CC,D
10:21:41,INDF,RG,6250,16,D,XC,CC,D
10:21:41,INDF,RG,6250,2,D,CC,CC,D
10:21:41,INDF,RG,6250,7,D,XC,CC,D
10:21:41,INDF,RG,6250,2,D,XA,CC,D
10:21:41,INDF,RG,6250,20,D,NI,CC,D
10:21:41,INDF,RG,6250,4,D,KK,CC,D
10:21:41,INDF,RG,6250,10,D,CC,CC,D
10:21:41,INDF,RG,6250,10,D,CC,CC,D
10:21:41,INDF,RG,6250,5,D,GR,CC,D
10:21:41,INDF,RG,6250,50,D,YP,CC,D
10:21:41,INDF,RG,6250,1,D,YP,CC,D
10:21:41,INDF,RG,6250,1,D,KK,CC,D
10:21:41,INDF,RG,6250,2,D,XC,CC,D
10:21:41,INDF,RG,6250,10,D,XC,CC,D
10:21:41,INDF,RG,6250,1,D,DR,CC,D
10:21:41,INDF,RG,6250,25,D,CC,CC,D
10:21:41,INDF,RG,6250,5,D,AI,CC,D
10:21:41,INDF,RG,6250,9,D,XC,CC,D
10:21:41,INDF,RG,6250,10,D,KK,CC,D
10:21:41,INDF,RG,6250,1,D,PD,CC,D
10:21:41,INDF,RG,6250,1,D,PD,CC,D
10:21:41,INDF,RG,6250,3,D,NI,CC,D
10:21:41,INDF,RG,6250,65,D,XC,CC,D
10:21:41,INDF,RG,6250,2,D,AZ,CC,D
10:21:41,INDF,RG,6250,400,D,ZP,CC,D
10:21:41,INDF,RG,6250,3,D,PD,CC,D
10:21:41,INDF,RG,6250,1,D,AT,CC,D
10:21:41,INDF,RG,6250,1,D,PD,CC,D
10:21:41,INDF,RG,6250,3,D,CC,CC,D
10:21:41,INDF,RG,6250,5,D,CC,CC,D
10:21:41,INDF,RG,6250,1,D,XC,CC,D
10:21:41,INDF,RG,6250,3,D,XC,CC,D
10:21:41,INDF,RG,6250,10,D,DH,CC,D
10:21:41,INDF,RG,6250,50,D,PD,CC,D
10:21:41,INDF,RG,6250,1,D,PD,CC,D
10:21:41,INDF,RG,6250,1,D,KK,CC,D
10:21:41,INDF,RG,6250,2,D,XC,CC,D
10:21:41,INDF,RG,6250,1,D,XC,CC,D
10:21:41,INDF,RG,6250,1,D,PD,CC,D
10:21:41,INDF,RG,6250,3,D,PD,CC,D
10:21:41,INDF,RG,6250,1,D,XC,CC,D
10:21:41,INDF,RG,6250,10,D,DR,CC,D
10:21:41,INDF,RG,6250,1,D,XC,CC,D
10:21:41,INDF,RG,6250,100,D,DH,CC,D
10:21:41,INDF,RG,6250,32,D,SQ,CC,D
10:21:41,INDF,RG,6250,10,D,NI,CC,D
10:21:41,INDF,RG,6250,5,D,XC,CC,D
10:21:41,INDF,RG,6250,300,D,YU,CC,D
10:21:41,INDF,RG,6250,1,D,PD,CC,D
10:21:41,INDF,RG,6250,5,D,DR,CC,D
10:21:41,INDF,RG,6250,10,D,XC,CC,D
10:21:41,INDF,RG,6250,20,D,GR,CC,D
10:21:41,INDF,RG,6250,1,D,OD,CC,D
10:21:41,INDF,RG,6250,2,D,GR,CC,D
10:21:41,INDF,RG,6250,5,D,YP,CC,D
10:21:41,INDF,RG,6250,20,D,YP,CC,D
10:21:41,INDF,RG,6250,1,D,YP,CC,D
10:21:41,INDF,RG,6250,15,D,YP,CC,D
10:21:41,INDF,RG,6250,3,D,YP,CC,D
10:21:41,INDF,RG,6250,8,D,YP,CC,D
10:21:41,INDF,RG,6250,10,D,YP,CC,D
10:21:41,INDF,RG,6250,1,D,YP,CC,D
10:21:41,INDF,RG,6250,1,D,YP,CC,D
10:21:41,INDF,RG,6250,2,D,YP,CC,D
10:21:41,INDF,RG,6250,50,D,YP,CC,D
10:21:41,INDF,RG,6250,31,D,YP,CC,D
10:21:41,INDF,RG,6250,40,F,NI,CC,D
10:21:41,INDF,RG,6250,4,D,YP,CC,D
10:21:41,INDF,RG,6250,1,D,YP,CC,D
10:21:41,INDF,RG,6250,10,D,YP,CC,D
10:21:41,INDF,RG,6250,1,D,YP,CC,D
10:21:41,INDF,RG,6250,1,D,CC,CC,D
10:21:41,INDF,RG,6250,1,F,KK,CC,D
10:21:41,INDF,RG,6250,6,D,CC,CC,D
10:21:41,INDF,RG,6250,25,D,CC,CC,D
10:21:41,INDF,RG,6250,1,D,CC,CC,D
10:21:41,INDF,RG,6250,2,D,YP,CC,D
10:21:41,INDF,RG,6250,5,D,PD,CC,D
10:21:41,INDF,RG,6250,10,D,PD,CC,D
10:21:41,INDF,RG,6250,8,D,CC,CC,D
10:21:41,INDF,RG,6250,2,D,AT,CC,D
10:21:41,INDF,RG,6250,1,D,YP,CC,D
10:21:41,INDF,RG,6250,20,D,SQ,CC,D
10:21:41,INDF,RG,6250,2,D,SQ,CC,D
10:21:41,INDF,RG,6250,5,D,PD,CC,D
10:21:41,INDF,RG,6250,50,D,SQ,CC,D
10:21:41,INDF,RG,6250,200,D,DH,CC,D
10:21:41,INDF,RG,6250,1,D,DH,CC,D
10:21:41,INDF,RG,6250,2,D,CC,CC,D
10:21:41,INDF,RG,6250,2,D,LG,CC,D
10:21:41,INDF,RG,6250,75,D,GR,CC,D
10:21:41,INDF,RG,6250,1,D,YP,CC,D
10:21:41,INDF,RG,6250,3,D,XC,CC,D
10:21:41,INDF,RG,6250,1,D,PD,CC,D
10:21:41,INDF,RG,6250,1,D,PD,CC,D
10:21:41,INDF,RG,6250,9,D,PD,CC,D
10:21:41,INDF,RG,6250,5,D,PD,CC,D
10:21:41,INDF,RG,6250,1,D,YP,CC,D
10:21:41,INDF,RG,6250,5,D,PD,CC,D
10:21:41,INDF,RG,6250,2,D,PD,CC,D
10:21:41,INDF,RG,6250,80,D,IP,CC,D
10:21:41,INDF,RG,6250,2,D,PD,CC,D
10:21:41,INDF,RG,6250,1,D,PD,CC,D
10:21:41,INDF,RG,6250,2,D,PD,CC,D
10:21:41,INDF,RG,6250,20,D,SQ,CC,D
10:21:41,INDF,RG,6250,20,D,SQ,CC,D
10:21:41,INDF,RG,6250,10,D,AT,CC,D
10:21:41,INDF,RG,6250,1,D,DH,CC,D
10:21:41,INDF,RG,6250,5,D,DH,CC,D
10:21:41,INDF,RG,6250,15,D,PD,CC,D
10:21:41,INDF,RG,6250,20,D,DR,CC,D
10:21:41,INDF,RG,6250,10,D,XC,CC,D
10:21:41,INDF,RG,6250,1,D,XC,CC,D
10:21:41,INDF,RG,6250,5,D,AZ,CC,D
10:21:41,INDF,RG,6250,10,D,SQ,CC,D
10:21:41,INDF,RG,6250,50,D,GR,CC,D
10:21:41,INDF,RG,6250,100,D,GR,CC,D
10:21:41,INDF,RG,6250,200,D,YP,CC,D
10:21:41,INDF,RG,6250,1,D,KK,CC,D
10:21:41,INDF,RG,6250,10,D,PD,CC,D
10:21:41,INDF,RG,6250,2,D,PD,CC,D
10:21:41,INDF,RG,6250,3,D,PD,CC,D
10:21:41,INDF,RG,6250,1,D,BQ,CC,D
10:21:41,INDF,RG,6250,2,D,PD,CC,D
10:21:41,INDF,RG,6250,1,D,AZ,CC,D
10:21:41,INDF,RG,6250,1,D,XL,CC,D
10:21:41,INDF,RG,6250,1,D,CC,CC,D
10:21:41,INDF,RG,6250,100,D,YB,CC,D
10:21:41,INDF,RG,6250,3,D,LS,CC,D
10:21:41,INDF,RG,6250,18,D,XC,CC,D
10:21:41,INDF,RG,6250,1,D,XC,CC,D
10:21:41,INDF,RG,6250,2,D,KK,CC,D
10:21:41,INDF,RG,6250,6,D,XC,CC,D
10:21:41,INDF,RG,6250,10,D,AO,CC,D
10:21:41,INDF,RG,6250,2,D,KK,CC,D
10:21:41,INDF,RG,6250,2,D,DH,CC,D
10:21:41,INDF,RG,6250,5,D,SQ,CC,D
10:21:41,INDF,RG,6250,1,D,KK,CC,D
10:21:41,INDF,RG,6250,40,D,TP,CC,D
10:21:41,INDF,RG,6250,10,D,SQ,CC,D
10:21:41,INDF,RG,6250,250,D,SQ,CC,D
10:21:41,INDF,RG,6250,3,D,TP,CC,D
10:21:41,INDF,RG,6250,1,D,XC,CC,D
10:21:41,INDF,RG,6250,1,D,HP,CC,D
10:21:41,INDF,RG,6250,4,D,YU,CC,D
10:21:41,INDF,RG,6250,5,D,PD,CC,D
10:21:41,INDF,RG,6250,1,D,PD,CC,D
10:21:41,INDF,RG,6250,5,D,EP,CC,D
10:21:41,INDF,RG,6250,800,D,CP,CC,D
10:21:41,INDF,RG,6250,2,D,DR,CC,D
10:21:41,INDF,RG,6250,147,D,YJ,CC,D
10:21:35,INDF,RG,6275,1,D,XC,ZP,F
10:21:34,INDF,RG,6250,268,D,YJ,BK,F
10:21:32,INDF,RG,6275,2,D,OD,ZP,F
10:21:32,INDF,RG,6275,2,D,KK,ZP,F
10:21:32,INDF,RG,6275,30,F,CS,ZP,F
10:21:32,INDF,RG,6275,153,D,YP,ZP,F
10:21:32,INDF,RG,6275,19,F,CS,ZP,F
10:21:32,INDF,RG,6275,2,F,CS,ZP,F
10:21:32,INDF,RG,6275,56,D,KZ,ZP,F
10:21:32,INDF,RG,6275,488,D,KZ,ZP,F
10:21:32,INDF,RG,6275,4,D,KZ,ZP,F
10:21:32,INDF,RG,6275,452,D,KZ,ZP,F
10:21:32,INDF,RG,6275,1,D,IF,ZP,F
10:21:32,INDF,RG,6275,12,D,KZ,ZP,F
10:21:32,INDF,RG,6275,102,D,KZ,ZP,F
10:21:32,INDF,RG,6275,88,D,KZ,ZP,F
10:21:32,INDF,RG,6275,21,D,KZ,ZP,F
10:21:32,INDF,RG,6275,51,D,KZ,ZP,F
10:21:32,INDF,RG,6275,164,D,KZ,ZP,F
10:21:32,INDF,RG,6275,63,D,KZ,ZP,F
10:21:32,INDF,RG,6275,2,D,PD,ZP,F
10:21:32,INDF,RG,6275,74,F,CS,ZP,F
10:21:32,INDF,RG,6275,5,D,PD,ZP,F
10:21:32,INDF,RG,6275,1,F,CS,ZP,F
10:21:32,INDF,RG,6275,6,D,PD,ZP,F
10:21:32,INDF,RG,6275,1,D,KK,ZP,F
10:21:32,INDF,RG,6275,1,D,XC,ZP,F
10:21:32,INDF,RG,6275,1,D,PD,ZP,F
10:21:32,INDF,RG,6275,16,D,PD,ZP,F
10:21:32,INDF,RG,6275,1,D,NI,ZP,F
10:21:32,INDF,RG,6275,1,D,PD,ZP,F
10:21:32,INDF,RG,6275,2,F,CS,ZP,F
10:21:32,INDF,RG,6275,1,F,CS,ZP,F
10:21:32,INDF,RG,6275,5,D,YP,ZP,F
10:21:32,INDF,RG,6275,1,D,PD,ZP,F
10:21:32,INDF,RG,6275,15,D,CC,ZP,F
10:21:32,INDF,RG,6275,3,D,YP,ZP,F
10:21:32,INDF,RG,6275,50,D,LG,ZP,F
10:21:32,INDF,RG,6275,10,D,SQ,ZP,F
10:21:32,INDF,RG,6275,2,D,SQ,ZP,F
10:21:32,INDF,RG,6275,1,D,XL,ZP,F
10:21:32,INDF,RG,6275,1,D,XC,ZP,F
10:21:32,INDF,RG,6275,1,D,NI,ZP,F
10:21:32,INDF,RG,6275,4,D,YP,ZP,F
10:21:32,INDF,RG,6275,2,F,CS,ZP,F
10:21:32,INDF,RG,6275,1,D,CC,ZP,F
10:21:32,INDF,RG,6275,1,D,XC,ZP,F
10:21:32,INDF,RG,6275,2,D,NI,ZP,F
10:21:32,INDF,RG,6275,1,F,CS,ZP,F
10:21:32,INDF,RG,6275,5,D,DH,ZP,F
10:21:32,INDF,RG,6275,22,F,CS,ZP,F
10:21:32,INDF,RG,6275,2,D,XC,ZP,F
10:21:32,INDF,RG,6275,1,D,NI,ZP,F
10:21:32,INDF,RG,6275,159,D,YP,ZP,F
10:21:32,INDF,RG,6275,4,D,NI,ZP,F
10:21:32,INDF,RG,6275,2,D,PD,ZP,F
10:21:32,INDF,RG,6275,1,D,SQ,ZP,F
10:21:32,INDF,RG,6275,3,D,PD,ZP,F
10:21:32,INDF,RG,6275,2,D,XC,ZP,F
10:21:32,INDF,RG,6275,10,D,DH,ZP,F
10:21:32,INDF,RG,6275,46,F,CS,ZP,F
10:21:32,INDF,RG,6275,35,D,KZ,ZP,F
10:21:32,INDF,RG,6275,300,D,KZ,ZP,F
10:21:32,INDF,RG,6275,277,D,KZ,ZP,F
10:21:32,INDF,RG,6275,3,D,KZ,ZP,F
10:21:32,INDF,RG,6275,2,D,PD,ZP,F
10:21:32,INDF,RG,6275,1,D,PD,ZP,F
10:21:32,INDF,RG,6275,2,F,CS,ZP,F
10:21:32,INDF,RG,6275,14,D,PD,ZP,F
10:21:32,INDF,RG,6275,10,D,DH,ZP,F
10:21:32,INDF,RG,6275,1,D,YU,ZP,F
10:21:32,INDF,RG,6275,20,F,CS,ZP,F
10:21:32,INDF,RG,6275,5,D,PD,ZP,F
10:21:32,INDF,RG,6275,1,F,CS,ZP,F
10:21:32,INDF,RG,6275,100,D,PD,ZP,F
10:21:32,INDF,RG,6275,2,D,PD,ZP,F
10:21:32,INDF,RG,6275,1,D,NI,ZP,F
10:21:32,INDF,RG,6275,25,D,CC,ZP,F
10:21:32,INDF,RG,6275,1,D,SQ,ZP,F
10:21:32,INDF,RG,6275,1,D,OD,ZP,F
10:21:32,INDF,RG,6275,3,F,CS,ZP,F
10:21:32,INDF,RG,6275,1,D,NI,ZP,F
10:21:32,INDF,RG,6275,2,D,CC,ZP,F
10:21:32,INDF,RG,6275,52,F,CS,ZP,F
10:21:32,INDF,RG,6275,2,D,XC,ZP,F
10:21:32,INDF,RG,6275,2,D,DH,ZP,F
10:21:32,INDF,RG,6275,58,D,AZ,ZP,F
10:21:32,INDF,RG,6275,1,D,PD,ZP,F
10:21:32,INDF,RG,6275,1,D,PD,ZP,F
10:21:32,INDF,RG,6275,36,F,CS,ZP,F
10:21:32,INDF,RG,6275,1,D,NI,ZP,F
10:21:32,INDF,RG,6275,1,D,SQ,ZP,F
10:21:32,INDF,RG,6275,1,D,PD,ZP,F
10:21:32,INDF,RG,6275,1,F,CS,ZP,F
10:21:32,INDF,RG,6275,1,D,XL,ZP,F
10:21:32,INDF,RG,6275,84,F,CS,ZP,F
10:21:32,INDF,RG,6275,2,F,CS,ZP,F
10:21:32,INDF,RG,6275,5,D,CC,ZP,F
10:21:32,INDF,RG,6275,5,D,SQ,ZP,F
10:21:32,INDF,RG,6275,20,D,DR,ZP,F
10:21:32,INDF,RG,6275,1,D,XC,ZP,F
10:21:32,INDF,RG,6275,3,F,CS,ZP,F
10:21:32,INDF,RG,6275,48,D,YP,ZP,F
10:21:32,INDF,RG,6275,7,F,KZ,ZP,F
10:21:32,INDF,RG,6275,2,D,PD,ZP,F
10:21:32,INDF,RG,6275,2,D,DR,ZP,F
10:21:32,INDF,RG,6275,27,D,KZ,ZP,F
10:21:32,INDF,RG,6275,1,F,CS,ZP,F
10:21:32,INDF,RG,6275,231,D,KZ,ZP,F
10:21:32,INDF,RG,6275,213,D,KZ,ZP,F
10:21:32,INDF,RG,6275,2,D,KZ,ZP,F
10:21:32,INDF,RG,6275,42,F,CS,ZP,F
10:21:32,INDF,RG,6275,2,D,PD,ZP,F
10:21:32,INDF,RG,6275,50,D,GR,ZP,F
10:21:32,INDF,RG,6275,15,D,YP,ZP,F
10:21:32,INDF,RG,6275,1,D,NI,ZP,F
10:21:32,INDF,RG,6275,9,D,XC,ZP,F
10:21:32,INDF,RG,6275,1,D,SQ,ZP,F
10:21:32,INDF,RG,6275,4,D,CC,ZP,F
10:21:32,INDF,RG,6275,10,D,KK,ZP,F
10:21:32,INDF,RG,6275,1,D,PD,ZP,F
10:21:32,INDF,RG,6275,4,D,XC,ZP,F
10:21:32,INDF,RG,6275,1,D,KK,ZP,F
10:21:32,INDF,RG,6275,15,D,XC,ZP,F
10:21:32,INDF,RG,6275,2,F,CS,ZP,F
10:21:32,INDF,RG,6275,10,D,CC,ZP,F
10:21:32,INDF,RG,6275,1,D,PD,ZP,F
10:21:32,INDF,RG,6275,84,F,CS,ZP,F
10:21:32,INDF,RG,6275,500,D,CC,ZP,F
10:21:32,INDF,RG,6275,70,D,KK,ZP,F
10:21:32,INDF,RG,6275,1,F,CS,ZP,F
10:21:32,INDF,RG,6275,1,D,SQ,ZP,F
10:21:32,INDF,RG,6275,2,D,CC,ZP,F
10:21:32,INDF,RG,6275,2,D,PD,ZP,F
10:21:32,INDF,RG,6275,1,D,PD,ZP,F
10:21:32,INDF,RG,6275,1,D,YP,ZP,F
10:21:32,INDF,RG,6275,7,D,EP,ZP,F
10:21:32,INDF,RG,6275,2,F,CS,ZP,F
10:21:32,INDF,RG,6275,1,D,XC,ZP,F
10:21:32,INDF,RG,6275,1,F,CS,ZP,F
10:21:32,INDF,RG,6275,1,D,NI,ZP,F
10:21:32,INDF,RG,6275,20,D,YP,ZP,F
10:21:32,INDF,RG,6275,3,D,XC,ZP,F
10:21:32,INDF,RG,6275,1,D,XC,ZP,F
10:21:32,INDF,RG,6275,1,D,XC,ZP,F
10:21:32,INDF,RG,6275,2,D,NI,ZP,F
10:21:32,INDF,RG,6275,61,F,CS,ZP,F
10:21:32,INDF,RG,6275,2,D,YP,ZP,F
10:21:32,INDF,RG,6275,20,D,YP,ZP,F
10:21:32,INDF,RG,6275,2,F,CS,ZP,F
10:21:32,INDF,RG,6275,4,D,XC,ZP,F
10:21:32,INDF,RG,6275,10,D,CC,ZP,F
10:21:32,INDF,RG,6275,1,D,PD,ZP,F
10:21:32,INDF,RG,6275,1,D,SQ,ZP,F
10:21:32,INDF,RG,6275,2,D,NI,ZP,F
10:21:32,INDF,RG,6275,16,D,GR,ZP,F
10:21:32,INDF,RG,6275,25,D,GR,ZP,F
10:21:32,INDF,RG,6275,303,D,KZ,ZP,F
10:21:32,INDF,RG,6275,35,D,KZ,ZP,F
10:21:32,INDF,RG,6275,279,D,KZ,ZP,F
10:21:32,INDF,RG,6275,3,D,KZ,ZP,F
10:21:32,INDF,RG,6275,1,D,XC,ZP,F
10:21:32,INDF,RG,6275,300,D,DR,ZP,F
10:21:32,INDF,RG,6275,5,D,TP,ZP,F
10:21:32,INDF,RG,6275,1,D,XC,ZP,F
10:21:32,INDF,RG,6275,1,F,CS,ZP,F
10:21:32,INDF,RG,6275,53,F,CS,ZP,F
10:21:32,INDF,RG,6275,1,F,CS,ZP,F
10:21:32,INDF,RG,6275,1,D,YP,ZP,F
10:21:32,INDF,RG,6275,4,D,YP,ZP,F
10:21:32,INDF,RG,6275,1,D,KK,ZP,F
10:21:32,INDF,RG,6275,10,D,PD,ZP,F
10:21:32,INDF,RG,6275,1,D,XC,ZP,F
10:21:32,INDF,RG,6275,50,D,SQ,ZP,F
10:21:32,INDF,RG,6275,1,D,XC,ZP,F
10:21:32,INDF,RG,6275,1,F,CS,ZP,F
10:21:32,INDF,RG,6275,3,D,PD,ZP,F
10:21:32,INDF,RG,6275,1,F,CS,ZP,F
10:21:32,INDF,RG,6275,1,D,SQ,ZP,F
10:21:32,INDF,RG,6275,1,D,DH,ZP,F
10:21:32,INDF,RG,6275,2,D,PD,ZP,F
10:21:32,INDF,RG,6275,1,D,PD,ZP,F
10:21:32,INDF,RG,6275,5,D,TP,ZP,F
10:21:32,INDF,RG,6275,100,D,YP,ZP,F
10:21:32,INDF,RG,6275,5,D,KK,ZP,F
10:21:32,INDF,RG,6275,1,D,PD,ZP,F
10:21:32,INDF,RG,6275,1,D,KK,ZP,F
10:21:32,INDF,RG,6275,4,D,CC,ZP,F
10:21:32,INDF,RG,6275,25,D,GR,ZP,F
10:21:32,INDF,RG,6275,1,F,CS,ZP,F
10:21:32,INDF,RG,6275,4,D,XC,ZP,F
10:21:32,INDF,RG,6275,67,F,CS,ZP,F
10:21:32,INDF,RG,6275,1,D,XL,ZP,F
10:21:32,INDF,RG,6275,1,D,SQ,ZP,F
10:21:32,INDF,RG,6275,100,D,GR,ZP,F
10:21:32,INDF,RG,6275,4,D,NI,ZP,F
10:21:32,INDF,RG,6275,2,D,YP,ZP,F
10:21:32,INDF,RG,6275,2,F,CS,ZP,F
10:21:32,INDF,RG,6275,10,D,PD,ZP,F
10:21:32,INDF,RG,6275,4,D,NI,ZP,F
10:21:32,INDF,RG,6275,10,D,CC,ZP,F
10:21:32,INDF,RG,6275,1,D,GR,ZP,F
10:21:32,INDF,RG,6275,1,D,KK,ZP,F
10:21:32,INDF,RG,6275,10,D,EP,ZP,F
10:21:32,INDF,RG,6275,2,D,CC,ZP,F
10:21:32,INDF,RG,6275,1,D,YB,ZP,F
10:21:32,INDF,RG,6275,10,D,SQ,ZP,F
10:21:32,INDF,RG,6275,20,D,YP,ZP,F
10:21:32,INDF,RG,6275,5,D,YP,ZP,F
10:21:32,INDF,RG,6275,18,D,AT,ZP,F
10:21:32,INDF,RG,6275,1,D,XC,ZP,F
10:21:32,INDF,RG,6275,10,D,CC,ZP,F
10:21:32,INDF,RG,6275,1,D,KK,ZP,F
10:21:32,INDF,RG,6275,1,D,XC,ZP,F
10:21:32,INDF,RG,6275,5,D,YP,ZP,F
10:21:32,INDF,RG,6275,2,D,XC,ZP,F
10:21:32,INDF,RG,6275,50,D,CC,ZP,F
10:21:32,INDF,RG,6275,3,D,XC,ZP,F
10:21:32,INDF,RG,6275,3,D,PD,ZP,F
10:21:32,INDF,RG,6275,100,D,KK,ZP,F
10:21:32,INDF,RG,6275,1,D,CC,ZP,F
10:21:32,INDF,RG,6275,2,D,PD,ZP,F
10:21:32,INDF,RG,6275,1,D,CC,ZP,F
10:21:32,INDF,RG,6275,5,D,DH,ZP,F
10:21:32,INDF,RG,6275,50,D,YU,ZP,F
10:21:32,INDF,RG,6275,10,D,NI,ZP,F
10:21:32,INDF,RG,6275,10,D,CC,ZP,F
10:21:32,INDF,RG,6275,20,D,AG,ZP,F
10:21:32,INDF,RG,6275,5,D,PD,ZP,F
10:21:32,INDF,RG,6275,5,D,NI,ZP,F
10:21:32,INDF,RG,6275,15,D,PD,ZP,F
10:21:32,INDF,RG,6275,15,D,CC,ZP,F
10:21:32,INDF,RG,6275,4,D,XC,ZP,F
10:21:32,INDF,RG,6275,2,D,SQ,ZP,F
10:21:32,INDF,RG,6275,3,D,YP,ZP,F
10:21:32,INDF,RG,6275,8,D,PD,ZP,F
10:21:32,INDF,RG,6275,1,D,YP,ZP,F
10:21:32,INDF,RG,6275,1,D,PD,ZP,F
10:21:32,INDF,RG,6275,3,D,PD,ZP,F
10:21:32,INDF,RG,6275,17,D,YP,ZP,F
10:21:32,INDF,RG,6275,2,D,KK,ZP,F
10:21:32,INDF,RG,6275,1,D,YP,ZP,F
10:21:32,INDF,RG,6275,12,D,KZ,ZP,F
10:21:32,INDF,RG,6275,99,D,KZ,ZP,F
10:21:32,INDF,RG,6275,100,D,KZ,ZP,F
10:21:32,INDF,RG,6275,21,D,KZ,ZP,F
10:21:32,INDF,RG,6275,49,D,KZ,ZP,F
10:21:32,INDF,RG,6275,159,D,KZ,ZP,F
10:21:32,INDF,RG,6275,61,D,KZ,ZP,F
10:21:32,INDF,RG,6275,5,D,CC,ZP,F
10:21:32,INDF,RG,6275,1,D,PD,ZP,F
10:21:32,INDF,RG,6275,3,D,YP,ZP,F
10:21:32,INDF,RG,6275,5,D,LG,ZP,F
10:21:32,INDF,RG,6275,1,D,NI,ZP,F
10:21:32,INDF,RG,6275,5,D,PD,ZP,F
10:21:32,INDF,RG,6275,50,D,PD,ZP,F
10:21:32,INDF,RG,6275,100,D,XA,ZP,F
10:21:32,INDF,RG,6275,1,D,XC,ZP,F
10:21:32,INDF,RG,6275,2,D,PD,ZP,F
10:21:32,INDF,RG,6275,13,D,DR,ZP,F
10:21:32,INDF,RG,6275,10,D,EP,ZP,F
10:21:32,INDF,RG,6275,10,D,XC,ZP,F
10:21:32,INDF,RG,6275,2,D,CC,ZP,F
10:21:32,INDF,RG,6275,10,D,YP,ZP,F
10:21:32,INDF,RG,6275,5,D,EP,ZP,F
10:21:32,INDF,RG,6275,10,D,YP,ZP,F
10:21:32,INDF,RG,6275,10,D,PD,ZP,F
10:21:32,INDF,RG,6275,10,D,DH,ZP,F
10:21:32,INDF,RG,6275,5,D,YU,ZP,F
10:21:32,INDF,RG,6275,300,D,YP,ZP,F
10:21:32,INDF,RG,6275,5,D,YP,ZP,F
10:21:32,INDF,RG,6275,1,D,PD,ZP,F
10:21:32,INDF,RG,6275,1,D,NI,ZP,F
10:21:32,INDF,RG,6275,1,D,XC,ZP,F
10:21:32,INDF,RG,6275,50,D,YP,ZP,F
10:21:32,INDF,RG,6275,5,D,PD,ZP,F
10:21:32,INDF,RG,6275,1,D,XC,ZP,F
10:21:32,INDF,RG,6275,10,D,SQ,ZP,F
10:21:32,INDF,RG,6275,1,D,CC,ZP,F
10:21:32,INDF,RG,6275,1,D,CC,ZP,F
10:21:32,INDF,RG,6275,5,D,CC,ZP,F
10:21:32,INDF,RG,6275,2,D,PD,ZP,F
10:21:32,INDF,RG,6275,8,D,PD,ZP,F
10:21:32,INDF,RG,6275,1,D,YP,ZP,F
10:21:32,INDF,RG,6275,5,D,YP,ZP,F
10:21:32,INDF,RG,6275,10,D,XC,ZP,F
10:21:32,INDF,RG,6275,3,D,PD,ZP,F
10:21:32,INDF,RG,6275,5,D,CC,ZP,F
10:21:32,INDF,RG,6275,1,D,LS,ZP,F
10:21:32,INDF,RG,6275,10,D,PD,ZP,F
10:21:32,INDF,RG,6275,2,D,SQ,ZP,F
10:21:32,INDF,RG,6275,5,D,NI,ZP,F
10:21:32,INDF,RG,6275,10,D,CC,ZP,F
10:21:32,INDF,RG,6275,3,D,PD,ZP,F
10:21:32,INDF,RG,6275,1,D,TP,ZP,F
10:21:32,INDF,RG,6275,8,D,XC,ZP,F
10:21:32,INDF,RG,6275,2,D,XC,ZP,F
10:21:32,INDF,RG,6275,3,D,PD,ZP,F
10:21:32,INDF,RG,6275,4,D,XC,ZP,F
10:21:32,INDF,RG,6275,53,D,CC,ZP,F
10:21:27,INDF,RG,6300,7,D,OD,AK,F
10:21:26,INDF,RG,6300,2,D,OD,AK,F
10:20:46,INDF,RG,6275,47,D,CC,AK,F
10:20:46,INDF,RG,6275,10,D,AZ,AK,F
10:20:46,INDF,RG,6275,50,D,YP,AK,F
10:20:46,INDF,RG,6275,11,D,YP,AK,F
10:20:46,INDF,RG,6275,5,D,KK,AK,F
10:20:46,INDF,RG,6275,5,D,XL,AK,F
10:20:46,INDF,RG,6275,1,D,PD,AK,F
10:20:46,INDF,RG,6275,1,D,OD,AK,F
10:20:46,INDF,RG,6275,8,D,YP,AK,F
10:20:46,INDF,RG,6275,155,D,XC,AK,F
10:20:46,INDF,RG,6275,20,D,YJ,AK,F
10:20:46,INDF,RG,6275,2,D,YP,AK,F
10:20:46,INDF,RG,6275,100,D,YP,AK,F
10:20:46,INDF,RG,6275,53,D,XC,AK,F
10:20:46,INDF,RG,6275,16,D,XC,AK,F
10:20:29,INDF,RG,6300,7,D,OD,AK,F
10:20:27,INDF,RG,6300,1,D,XC,AK,F
10:20:24,INDF,RG,6300,1,D,OD,AK,F
10:20:23,INDF,RG,6300,1,D,XC,AK,F
10:20:15,INDF,RG,6300,1,D,XC,AK,F
10:19:46,INDF,RG,6300,1,D,YP,AK,F
10:19:38,INDF,RG,6300,1,D,YP,AK,F
10:19:26,INDF,RG,6300,7,D,OD,AK,F
10:19:26,INDF,RG,6300,1,D,XC,AK,F
10:19:26,INDF,RG,6300,2,D,OD,AK,F
10:19:21,INDF,RG,6300,3,D,XC,AK,F
10:19:02,INDF,RG,6300,1,D,XC,AK,F
10:18:35,INDF,RG,6300,1,D,XC,AK,F
10:18:29,INDF,RG,6300,6,D,OD,AK,F
10:18:28,INDF,RG,6300,2,D,OD,AK,F
10:17:37,INDF,RG,6275,1,D,XC,CC,D
10:17:28,INDF,RG,6300,2,D,OD,AK,F
10:17:27,INDF,RG,6300,6,D,OD,AK,F
10:17:22,INDF,RG,6300,1,D,PD,AK,F
10:17:15,INDF,RG,6300,1,D,XC,AK,F
10:17:12,INDF,RG,6300,1,D,XC,AK,F
10:16:33,INDF,RG,6300,10,D,PD,AK,F
10:16:28,INDF,RG,6300,2,D,OD,AK,F
10:16:25,INDF,RG,6300,7,D,OD,AK,F
10:15:42,INDF,RG,6300,1,D,AT,AK,F
10:15:39,INDF,RG,6300,9,F,KZ,AK,F
10:15:28,INDF,RG,6300,2,D,OD,AK,F
10:15:28,INDF,RG,6300,1,D,PD,AK,F
10:15:22,INDF,RG,6300,6,D,OD,AK,F
10:15:14,INDF,RG,6300,8,D,PD,AK,F
10:14:24,INDF,RG,6300,1,D,OD,AK,F
10:14:22,INDF,RG,6300,6,D,OD,AK,F
10:14:19,INDF,RG,6275,8,D,XC,YU,F
10:14:19,INDF,RG,6275,3,D,PD,YU,F
10:14:19,INDF,RG,6275,6,D,KZ,YU,F
10:14:19,INDF,RG,6275,57,D,KZ,YU,F
10:14:17,INDF,RG,6300,72,D,YP,AK,F
10:14:17,INDF,RG,6300,70,D,YP,YU,F
10:14:17,INDF,RG,6300,8,D,YP,CC,F
10:14:17,INDF,RG,6300,3,D,YP,PD,D
10:14:17,INDF,RG,6300,32,D,YP,YP,D
10:14:17,INDF,RG,6300,92,D,YP,YU,F
10:14:17,INDF,RG,6300,10,D,YP,YP,D
10:14:17,INDF,RG,6300,59,D,YP,YU,F
10:14:17,INDF,RG,6300,32,D,YP,KZ,F
10:14:17,INDF,RG,6300,407,D,YP,YU,F
10:14:17,INDF,RG,6300,14,D,YP,YU,D
10:14:17,INDF,RG,6300,1,D,YP,YU,F
10:13:40,INDF,RG,6275,2,D,KZ,YU,F
10:13:37,INDF,RG,6275,11,D,KZ,BK,F
10:13:22,INDF,RG,6275,1,D,KZ,YU,F
10:13:22,INDF,RG,6300,2,D,OD,YU,F
10:13:20,INDF,RG,6300,6,D,OD,YU,F
10:12:52,INDF,RG,6275,3,D,KZ,YU,F
10:12:50,INDF,RG,6275,19,D,KZ,YU,F
10:12:31,INDF,RG,6275,1,D,KZ,YU,F
10:12:26,INDF,RG,6275,1,D,KZ,YU,F
10:12:26,INDF,RG,6275,3,D,KZ,YU,F
10:12:24,INDF,RG,6300,5,D,OD,YU,F
10:12:24,INDF,RG,6300,2,D,OD,YU,F
10:12:24,INDF,RG,6275,14,D,KZ,YU,F
10:12:24,INDF,RG,6275,2,F,KZ,YU,F
10:12:24,INDF,RG,6275,1,D,HD,YU,F
10:12:24,INDF,RG,6275,1,D,NI,YU,F
10:12:24,INDF,RG,6275,1,D,AT,YU,F
10:12:06,INDF,RG,6300,2,D,XC,YU,F
10:11:50,INDF,RG,6300,1,D,NI,YU,F
10:11:28,INDF,RG,6275,1,D,AT,YU,F
10:11:22,INDF,RG,6275,1,D,AT,YU,F
10:11:22,INDF,RG,6300,1,D,OD,YU,F
10:11:20,INDF,RG,6300,6,D,OD,YU,F
10:11:20,INDF,RG,6275,2,D,AT,YU,F
10:11:20,INDF,RG,6275,1,D,XC,YU,F
10:11:20,INDF,RG,6275,1,D,GR,YU,F
10:11:19,INDF,RG,6275,24,D,GR,YU,F
10:11:16,INDF,RG,6300,2,D,SQ,YU,F
10:10:59,INDF,RG,6300,1,D,PD,YU,F
10:10:25,INDF,RG,6300,1,D,NI,YU,F
10:10:22,INDF,RG,6300,5,D,OD,YU,F
10:10:22,INDF,RG,6300,2,D,OD,YU,F
10:10:14,INDF,RG,6300,1,D,CD,YU,F
10:10:13,INDF,RG,6275,12,D,SQ,YU,F
10:10:13,INDF,RG,6275,16,D,KZ,YU,F
10:10:12,INDF,RG,6300,5,D,CC,YU,F
10:09:45,INDF,RG,6300,10,D,CC,YU,F
10:09:41,INDF,RG,6300,5,D,PD,YU,F
10:09:32,INDF,RG,6300,1,D,XC,YU,F
10:09:24,INDF,RG,6300,5,D,OD,YU,F
10:09:21,INDF,RG,6300,1,D,OD,YU,F
10:08:35,INDF,RG,6275,26,D,KZ,YU,F
10:08:35,INDF,RG,6275,3,D,KZ,YU,F
10:08:24,INDF,RG,6300,7,D,OD,YU,F
10:08:23,INDF,RG,6300,2,D,OD,YU,F
10:08:18,INDF,RG,6300,12,D,XC,YU,F
10:07:31,INDF,RG,6275,29,D,KZ,YU,F
10:07:22,INDF,RG,6300,5,D,OD,YU,F
10:07:21,INDF,RG,6300,1,D,OD,YU,F
10:06:58,INDF,RG,6275,18,D,KZ,YU,F
10:06:22,INDF,RG,6300,6,D,OD,YU,F
10:06:21,INDF,RG,6300,2,D,OD,YU,F
10:06:20,INDF,RG,6300,1,D,GR,YU,F
10:06:04,INDF,RG,6275,18,D,KZ,YU,F
10:05:31,INDF,RG,6275,16,D,KZ,YU,F
10:05:25,INDF,RG,6300,2,D,EP,YU,F
10:05:24,INDF,RG,6300,6,D,OD,YU,F
10:05:19,INDF,RG,6300,2,D,OD,YU,F
10:05:03,INDF,RG,6275,14,D,KZ,YU,F
10:05:03,INDF,RG,6275,7,D,KZ,YU,F
10:04:36,INDF,RG,6300,1,D,PD,YU,F
10:04:26,INDF,RG,6300,5,D,OD,YU,F
10:04:17,INDF,RG,6300,1,D,OD,YU,F
10:04:01,INDF,RG,6275,20,D,KZ,YU,F
10:03:34,INDF,RG,6275,18,D,KZ,YU,F
10:03:26,INDF,RG,6300,5,D,OD,YU,F
10:03:24,INDF,RG,6300,5,D,PD,YU,F
10:03:19,INDF,RG,6300,2,D,OD,YU,F
10:03:14,INDF,RG,6300,4,D,PD,YU,F
10:02:40,INDF,RG,6300,2,D,LS,YU,F
10:02:35,INDF,RG,6275,21,D,KZ,YU,F
10:02:30,INDF,RG,6300,6,D,OD,YU,F
10:02:19,INDF,RG,6300,1,D,OD,YU,F
10:01:50,INDF,RG,6300,4,D,PD,YU,F
10:01:48,INDF,RG,6300,2,D,PD,YU,F
10:01:28,INDF,RG,6300,5,D,OD,YU,F
10:01:19,INDF,RG,6300,2,D,OD,YU,F
10:00:48,INDF,RG,6275,1,D,KZ,PD,D
10:00:26,INDF,RG,6300,6,D,OD,YU,F
10:00:21,INDF,RG,6300,1,D,OD,YU,F
10:00:16,INDF,RG,6275,2,D,KZ,XL,D
9:59:26,INDF,RG,6300,6,D,OD,YU,F
9:59:21,INDF,RG,6300,2,D,OD,YU,F
9:59:15,INDF,RG,6300,1,D,CC,YU,F
9:58:24,INDF,RG,6300,5,D,OD,YU,F
9:58:19,INDF,RG,6300,2,D,OD,YU,F
9:58:15,INDF,RG,6300,25,D,NI,YU,F
9:57:39,INDF,RG,6300,3,D,YP,YU,F
9:57:29,INDF,RG,6300,1,D,CC,YU,F
9:57:26,INDF,RG,6300,5,D,OD,YU,F
9:57:21,INDF,RG,6300,6,D,YP,YU,F
9:57:15,INDF,RG,6300,1,D,OD,YU,F
9:56:54,INDF,RG,6300,5,D,KK,YU,F
9:56:33,INDF,RG,6300,25,D,YP,YU,F
9:56:24,INDF,RG,6300,5,D,OD,YU,F
9:56:13,INDF,RG,6300,2,D,OD,YU,F
9:55:53,INDF,RG,6300,20,D,KZ,YU,F
9:55:53,INDF,RG,6300,4,D,KZ,YU,F
9:55:53,INDF,RG,6300,325,D,KZ,YU,F
9:55:53,INDF,RG,6300,2,D,KZ,ZP,F
9:55:53,INDF,RG,6300,50,D,KZ,FS,D
9:55:53,INDF,RG,6300,10,D,KZ,PD,D
9:55:53,INDF,RG,6300,13,D,KZ,BK,F
9:55:53,INDF,RG,6300,5,D,KZ,BK,F
9:55:53,INDF,RG,6300,50,D,KZ,BK,F
9:55:53,INDF,RG,6300,3,D,KZ,BK,F
9:55:52,INDF,RG,6300,23,D,KZ,BK,F
9:55:52,INDF,RG,6300,200,D,KZ,BK,F
9:55:52,INDF,RG,6300,43,D,KZ,AK,F
9:55:52,INDF,RG,6300,1,D,KZ,ZP,F
9:55:52,INDF,RG,6300,1,D,KZ,ZP,F
9:55:52,INDF,RG,6300,186,D,KZ,CC,D
9:55:52,INDF,RG,6300,38,D,KZ,CC,D
9:55:52,INDF,RG,6300,11,D,KZ,CC,D
9:55:52,INDF,RG,6300,14,D,KZ,CC,D
9:55:35,INDF,RG,6300,3,D,PD,CC,D
9:55:34,INDF,RG,6300,2,D,PD,CC,D
9:55:26,INDF,RG,6300,2,D,YP,CC,D
9:55:22,INDF,RG,6300,7,D,OD,CC,D
9:55:19,INDF,RG,6300,7,F,KZ,CC,D
9:55:13,INDF,RG,6300,1,D,OD,CC,D
9:54:44,INDF,RG,6275,3,D,KZ,PD,D
9:54:29,INDF,RG,6275,15,D,KZ,YP,D
9:54:22,INDF,RG,6275,10,D,KZ,YP,D
9:54:20,INDF,RG,6300,5,D,OD,CC,D
9:54:18,INDF,RG,6300,51,D,DR,CC,D
9:54:15,INDF,RG,6300,2,D,OD,CC,D
9:54:04,INDF,RG,6300,1,D,NI,CC,D
9:54:03,INDF,RG,6275,3,D,KZ,YP,D
9:53:54,INDF,RG,6300,1,D,XC,CC,D
9:53:49,INDF,RG,6300,2,D,AZ,CC,D
9:53:20,INDF,RG,6300,1,D,CC,CC,D
9:53:18,INDF,RG,6300,6,D,OD,CC,D
9:53:15,INDF,RG,6300,2,D,OD,CC,D
9:53:11,INDF,RG,6300,5,D,XC,CC,D
9:53:03,INDF,RG,6300,2,D,PD,CC,D
9:52:56,INDF,RG,6300,1,D,XC,CC,D
9:52:55,INDF,RG,6300,1,D,CC,CC,D
9:52:50,INDF,RG,6300,1,D,GR,CC,D
9:52:49,INDF,RG,6300,1,D,YP,CC,D
9:52:40,INDF,RG,6300,5,D,XC,CC,D
9:52:16,INDF,RG,6300,7,D,OD,CC,D
9:52:13,INDF,RG,6300,1,D,OD,CC,D
9:51:55,INDF,RG,6300,1,D,SQ,CC,D
9:51:37,INDF,RG,6300,2,D,PD,CC,D
9:51:16,INDF,RG,6300,6,D,OD,CC,D
9:51:15,INDF,RG,6300,2,D,OD,CC,D
9:50:53,INDF,RG,6300,88,D,PD,CC,D
9:50:47,INDF,RG,6300,1,D,GR,CC,D
9:50:21,INDF,RG,6300,3,D,XC,CC,D
9:50:18,INDF,RG,6300,10,F,YP,CC,D
9:50:18,INDF,RG,6300,5,D,OD,CC,D
9:50:17,INDF,RG,6300,1,D,OD,CC,D
9:50:06,INDF,RG,6300,5,D,GR,CC,D
9:49:43,INDF,RG,6275,28,D,KZ,BK,F
9:49:16,INDF,RG,6275,1,D,KZ,PD,D
9:49:16,INDF,RG,6300,5,D,OD,CC,D
9:49:15,INDF,RG,6300,2,D,OD,CC,D
9:48:50,INDF,RG,6300,20,D,CC,CC,D
9:48:28,INDF,RG,6300,2,D,XC,CC,D
9:48:25,INDF,RG,6300,7,D,XC,CC,D
9:48:18,INDF,RG,6300,1,D,OD,CC,D
9:48:16,INDF,RG,6300,6,D,OD,CC,D
9:48:10,INDF,RG,6300,1,D,XC,CC,D
9:48:05,INDF,RG,6300,1,D,XC,CC,D
9:47:57,INDF,RG,6275,5,D,KZ,DH,D
9:47:34,INDF,RG,6275,1,D,KZ,YP,D
9:47:22,INDF,RG,6300,1,D,XC,CC,D
9:47:19,INDF,RG,6300,1,D,XC,CC,D
9:47:18,INDF,RG,6300,5,D,OD,CC,D
9:47:18,INDF,RG,6300,2,D,OD,CC,D
9:46:47,INDF,RG,6300,10,D,PD,CC,D
9:46:39,INDF,RG,6300,155,D,PD,CC,D
9:46:24,INDF,RG,6275,17,D,KZ,BK,F
9:46:21,INDF,RG,6275,18,D,KZ,BK,F
9:46:20,INDF,RG,6300,291,D,CC,CC,D
9:46:20,INDF,RG,6300,10,D,CC,CC,F
9:46:20,INDF,RG,6300,400,D,CC,AK,F
9:46:20,INDF,RG,6300,92,D,CC,YP,D
9:46:20,INDF,RG,6300,6,D,OD,YP,D
9:46:18,INDF,RG,6300,2,D,OD,YP,D
9:46:16,INDF,RG,6300,10,D,OD,YP,D
9:46:16,INDF,RG,6300,1,D,XC,YP,D
9:45:20,INDF,RG,6300,1,D,OD,YP,D
9:45:18,INDF,RG,6300,6,D,OD,YP,D
9:44:43,INDF,RG,6275,28,D,KZ,BK,F
9:44:28,INDF,RG,6300,3,D,XC,YP,D
9:44:20,INDF,RG,6300,3,D,DR,YP,D
9:44:18,INDF,RG,6300,2,D,OD,YP,D
9:44:16,INDF,RG,6300,6,D,OD,YP,D
9:44:15,INDF,RG,6300,1,D,CC,YP,D
9:44:15,INDF,RG,6275,42,D,KZ,CC,D
9:44:12,INDF,RG,6300,2,D,YP,YP,D
9:43:54,INDF,RG,6300,5,D,YP,YP,D
9:43:20,INDF,RG,6300,2,D,OD,YP,D
9:43:16,INDF,RG,6275,1,D,KZ,NI,D
9:43:16,INDF,RG,6300,7,D,OD,YP,D
9:43:01,INDF,RG,6300,9,D,NI,YP,D
9:42:44,INDF,RG,6300,2,D,CC,YP,D
9:42:33,INDF,RG,6300,3,D,AZ,YP,D
9:42:27,INDF,RG,6300,10,D,CC,YP,D
9:42:20,INDF,RG,6300,1,D,OD,YP,D
9:42:17,INDF,RG,6275,20,D,KZ,BK,F
9:42:16,INDF,RG,6300,5,D,OD,YP,D
9:42:14,INDF,RG,6275,10,D,KZ,NI,D
9:42:05,INDF,RG,6275,20,D,KZ,GR,D
9:41:53,INDF,RG,6275,12,D,KZ,BK,F
9:41:50,INDF,RG,6300,9,D,NI,YP,D
9:41:43,INDF,RG,6300,1,D,KK,YP,D
9:41:40,INDF,RG,6300,1,D,KK,YP,D
9:41:37,INDF,RG,6300,10,D,NI,YP,D
9:41:32,INDF,RG,6300,1,D,SQ,ZP,F
9:41:31,INDF,RG,6275,13,D,KZ,BK,F
9:41:31,INDF,RG,6275,11,D,KZ,BK,F
9:41:26,INDF,RG,6275,74,D,KZ,BK,F
9:41:21,INDF,RG,6275,23,D,KZ,BK,F
9:41:20,INDF,RG,6275,15,D,KZ,BK,F
9:41:20,INDF,RG,6275,24,D,KZ,BK,F
9:41:20,INDF,RG,6275,1,D,KZ,BK,F
9:41:20,INDF,RG,6275,196,D,KZ,BK,F
9:41:20,INDF,RG,6275,83,D,KZ,BK,F
9:41:16,INDF,RG,6300,1,F,CS,AK,F
9:41:16,INDF,RG,6300,2,F,CS,AK,F
9:41:16,INDF,RG,6300,26,F,CS,AK,F
9:41:16,INDF,RG,6300,3,D,CC,AK,F
9:41:16,INDF,RG,6300,100,D,GR,AK,F
9:41:16,INDF,RG,6300,2,D,OD,AK,F
9:41:16,INDF,RG,6300,7,D,OD,AK,F
9:41:16,INDF,RG,6300,1,D,PD,AK,F
9:41:16,INDF,RG,6300,10,D,PD,AK,F
9:41:16,INDF,RG,6300,21,D,KK,AK,F
9:41:16,INDF,RG,6300,59,D,KK,AK,F
9:41:16,INDF,RG,6300,3,D,KZ,AK,F
9:41:16,INDF,RG,6300,1,D,KZ,AK,F
9:41:16,INDF,RG,6300,29,D,KZ,AK,F
9:41:16,INDF,RG,6300,25,D,KZ,AK,F
9:41:16,INDF,RG,6300,6,D,KZ,AK,F
9:41:16,INDF,RG,6300,14,D,KZ,AK,F
9:41:16,INDF,RG,6300,47,D,KZ,AK,F
9:41:16,INDF,RG,6300,18,D,KZ,AK,F
9:41:16,INDF,RG,6300,1,F,CS,AK,F
9:41:16,INDF,RG,6300,27,F,CS,AK,F
9:41:16,INDF,RG,6300,1,D,KK,AK,F
9:41:16,INDF,RG,6300,1,F,CS,AK,F
9:41:16,INDF,RG,6300,1,D,XC,AK,F
9:41:16,INDF,RG,6300,12,D,XC,AK,F
9:41:16,INDF,RG,6300,80,D,PD,AK,F
9:41:16,INDF,RG,6300,10,F,YP,AK,F
9:41:16,INDF,RG,6300,10,D,PD,AK,F
9:41:16,INDF,RG,6300,38,F,CS,AK,F
9:41:16,INDF,RG,6300,2,F,CS,AK,F
9:41:16,INDF,RG,6300,50,D,PD,AK,F
9:41:16,INDF,RG,6300,9,F,KZ,AK,F
9:41:16,INDF,RG,6300,56,D,KZ,AK,F
9:41:16,INDF,RG,6300,16,D,KZ,PD,D
9:41:16,INDF,RG,6300,280,D,KZ,BK,F
9:41:15,INDF,RG,6300,60,D,KZ,AK,F
9:41:15,INDF,RG,6300,48,D,KZ,AK,F
9:41:15,INDF,RG,6300,347,D,KZ,AK,F
9:41:15,INDF,RG,6300,4,D,KZ,AK,F
9:41:15,INDF,RG,6300,1,D,PD,AK,F
9:41:15,INDF,RG,6300,25,D,PD,AK,F
9:41:15,INDF,RG,6300,15,F,CS,AK,F
9:41:14,INDF,RG,6300,3,F,CS,AK,F
9:41:14,INDF,RG,6300,1,D,YP,AK,F
9:41:14,INDF,RG,6300,5,D,AI,AK,F
9:41:14,INDF,RG,6300,20,D,NI,AK,F
9:41:14,INDF,RG,6300,3,F,CS,AK,F
9:41:14,INDF,RG,6300,1,D,PD,AK,F
9:41:14,INDF,RG,6300,2,D,XC,AK,F
9:41:14,INDF,RG,6300,31,F,CS,AK,F
9:41:14,INDF,RG,6300,5,D,PD,AK,F
9:41:14,INDF,RG,6300,1,F,CS,AK,F
9:41:14,INDF,RG,6300,21,F,CS,AK,F
9:41:14,INDF,RG,6300,5,D,NI,AK,F
9:41:14,INDF,RG,6300,10,D,PD,AK,F
9:41:14,INDF,RG,6300,5,D,PD,AK,F
9:41:14,INDF,RG,6300,1,D,EP,AK,F
9:41:14,INDF,RG,6300,1,D,GR,AK,F
9:41:14,INDF,RG,6300,1,D,NI,AK,F
9:41:14,INDF,RG,6300,5,D,KK,AK,F
9:41:14,INDF,RG,6300,2,D,DR,AK,F
9:41:14,INDF,RG,6300,2,D,CC,AK,F
9:41:14,INDF,RG,6300,10,D,XC,AK,F
9:41:14,INDF,RG,6300,5,D,NI,AK,F
9:41:14,INDF,RG,6300,200,D,YP,AK,F
9:41:14,INDF,RG,6300,8,D,LG,AK,F
9:41:14,INDF,RG,6300,65,F,CS,AK,F
9:41:14,INDF,RG,6300,2,D,CC,AK,F
9:41:14,INDF,RG,6300,5,D,PD,AK,F
9:41:14,INDF,RG,6300,1,D,CC,AK,F
9:41:14,INDF,RG,6300,2,D,YP,AK,F
9:41:14,INDF,RG,6300,1,F,CS,AK,F
9:41:14,INDF,RG,6300,76,D,PD,AK,F
9:41:13,INDF,RG,6300,4,D,PD,CC,D
9:41:13,INDF,RG,6300,2,D,KK,CC,D
9:41:13,INDF,RG,6300,10,D,CC,CC,D
9:41:13,INDF,RG,6300,1,F,CS,CC,D
9:41:13,INDF,RG,6300,1,F,CS,CC,D
9:41:13,INDF,RG,6300,25,D,GR,CC,D
9:41:13,INDF,RG,6300,1,D,XC,CC,D
9:41:13,INDF,RG,6300,10,D,PD,CC,D
9:41:13,INDF,RG,6300,60,D,KI,CC,D
9:41:13,INDF,RG,6300,5,D,YU,CC,D
9:41:13,INDF,RG,6300,113,D,KZ,CC,D
9:41:13,INDF,RG,6300,768,D,KZ,CC,D
9:41:09,INDF,RG,6300,20,D,KZ,NI,D
9:40:34,INDF,RG,6300,37,D,KZ,KZ,F
9:40:24,INDF,RG,6300,5,D,KZ,PD,D
9:40:22,INDF,RG,6325,2,D,OD,ZP,F
9:40:18,INDF,RG,6325,5,D,OD,ZP,F
9:40:06,INDF,RG,6300,15,D,KZ,YP,D
9:39:37,INDF,RG,6300,129,D,KZ,HP,D
9:39:37,INDF,RG,6300,9,D,KZ,HP,D
9:39:37,INDF,RG,6300,162,D,KZ,HP,D
9:39:24,INDF,RG,6325,2,D,OD,ZP,F
9:39:21,INDF,RG,6300,1,D,KZ,PD,D
9:39:18,INDF,RG,6325,7,D,OD,ZP,F
9:38:46,INDF,RG,6300,25,D,KZ,YP,D
9:38:22,INDF,RG,6325,1,D,XC,ZP,F
9:38:20,INDF,RG,6325,1,D,OD,ZP,F
9:38:18,INDF,RG,6325,5,D,OD,ZP,F
9:37:51,INDF,RG,6325,1,D,XC,ZP,F
9:37:18,INDF,RG,6325,2,D,OD,ZP,F
9:37:16,INDF,RG,6325,7,D,OD,ZP,F
9:36:45,INDF,RG,6325,10,D,YP,ZP,F
9:36:18,INDF,RG,6325,10,D,YP,ZP,F
9:36:15,INDF,RG,6325,2,D,OD,ZP,F
9:36:14,INDF,RG,6325,6,D,OD,ZP,F
9:35:15,INDF,RG,6325,2,D,OD,ZP,F
9:35:12,INDF,RG,6325,6,D,OD,ZP,F
9:34:43,INDF,RG,6325,3,D,AI,ZP,F
9:34:36,INDF,RG,6325,1,D,YP,ZP,F
9:34:35,INDF,RG,6325,10,D,CC,ZP,F
9:34:22,INDF,RG,6325,1,D,NI,ZP,F
9:34:15,INDF,RG,6325,1,D,OD,ZP,F
9:34:10,INDF,RG,6325,7,D,OD,ZP,F
9:34:06,INDF,RG,6300,30,D,KZ,CP,D
9:33:55,INDF,RG,6300,30,D,KZ,CP,D
9:33:17,INDF,RG,6325,2,D,OD,ZP,F
9:33:16,INDF,RG,6325,2,D,CC,ZP,F
9:33:08,INDF,RG,6325,5,D,OD,ZP,F
9:32:50,INDF,RG,6325,1,D,PD,ZP,F
9:32:19,INDF,RG,6325,2,D,OD,ZP,F
9:32:06,INDF,RG,6325,6,D,OD,ZP,F
9:31:26,INDF,RG,6325,3,D,KK,ZP,F
9:31:19,INDF,RG,6325,1,D,OD,ZP,F
9:31:06,INDF,RG,6325,7,D,OD,ZP,F
9:30:47,INDF,RG,6325,1,D,PD,ZP,F
9:30:21,INDF,RG,6325,2,D,OD,ZP,F
9:30:02,INDF,RG,6325,6,D,OD,ZP,F
9:29:57,INDF,RG,6300,1,D,KZ,XC,D
9:29:35,INDF,RG,6300,5,D,KZ,PD,D
9:29:23,INDF,RG,6325,2,D,OD,ZP,F
9:29:11,INDF,RG,6325,8,D,HP,ZP,F
9:29:02,INDF,RG,6325,7,D,OD,ZP,F
9:28:38,INDF,RG,6300,35,D,KZ,PD,D
9:28:36,INDF,RG,6325,1,D,PD,ZP,F
9:28:26,INDF,RG,6325,1,D,YP,ZP,F
9:28:23,INDF,RG,6325,2,D,OD,ZP,F
9:28:13,INDF,RG,6300,20,D,KZ,CC,D
9:28:02,INDF,RG,6325,6,D,OD,ZP,F
9:27:40,INDF,RG,6300,4,D,KZ,XL,D
9:27:33,INDF,RG,6325,10,D,YP,ZP,F
9:27:17,INDF,RG,6300,1,D,KZ,ZP,F
9:27:16,INDF,RG,6300,380,D,KZ,AK,F
9:27:16,INDF,RG,6300,1,D,KZ,ZP,F
9:27:16,INDF,RG,6300,60,D,KZ,BK,F
9:27:16,INDF,RG,6300,149,D,KZ,BK,F
9:27:01,INDF,RG,6300,10,D,PD,BK,F
9:26:52,INDF,RG,6300,2,D,NI,BK,F
9:26:51,INDF,RG,6300,10,D,PD,BK,F
9:26:50,INDF,RG,6300,84,D,KI,BK,F
9:26:39,INDF,RG,6275,13,D,KZ,BK,F
9:26:37,INDF,RG,6300,10,D,KI,BK,F
9:26:37,INDF,RG,6300,1,D,KI,ZP,F
9:26:37,INDF,RG,6300,1,D,KI,ZP,F
9:26:37,INDF,RG,6300,1,D,KI,ZP,F
9:26:37,INDF,RG,6300,31,D,KI,AK,F
9:26:36,INDF,RG,6275,55,D,KZ,BK,F
9:26:30,INDF,RG,6275,49,D,KZ,BK,F
9:26:30,INDF,RG,6275,1,D,XC,BK,F
9:26:30,INDF,RG,6275,1,D,XC,BK,F
9:26:30,INDF,RG,6275,50,D,BQ,BK,F
9:26:30,INDF,RG,6275,1,D,PD,BK,F
9:26:30,INDF,RG,6275,112,D,XC,BK,F
9:26:30,INDF,RG,6275,1,D,PD,BK,F
9:26:29,INDF,RG,6300,1,D,OD,AK,F
9:26:29,INDF,RG,6300,76,D,KZ,AK,F
9:26:29,INDF,RG,6300,29,D,KZ,AK,F
9:26:29,INDF,RG,6300,1,D,KZ,ZP,F
9:26:29,INDF,RG,6300,146,D,KZ,AK,F
9:26:29,INDF,RG,6300,4,F,CS,AK,F
9:26:29,INDF,RG,6300,1,F,CS,ZP,F
9:26:29,INDF,RG,6300,2,F,CS,BK,F
9:26:29,INDF,RG,6300,100,D,KZ,BK,F
9:26:29,INDF,RG,6300,14,D,KZ,BK,F
9:26:29,INDF,RG,6300,43,D,KZ,BK,F
9:26:28,INDF,RG,6275,4,D,PD,BK,F
9:26:28,INDF,RG,6275,10,D,DR,BK,F
9:26:28,INDF,RG,6275,25,D,GR,BK,F
9:26:28,INDF,RG,6275,15,D,PD,BK,F
9:26:28,INDF,RG,6275,1,D,NI,BK,F
9:26:28,INDF,RG,6275,5,D,PD,BK,F
9:26:28,INDF,RG,6300,50,D,KZ,BK,F
9:26:28,INDF,RG,6300,7,D,KZ,BK,F
9:26:28,INDF,RG,6300,93,D,KZ,BK,F
9:26:28,INDF,RG,6300,100,D,KZ,BK,F
9:26:27,INDF,RG,6300,71,D,KZ,BK,F
9:26:27,INDF,RG,6300,100,D,KZ,BK,F
9:26:27,INDF,RG,6300,22,D,KZ,BK,F
9:26:27,INDF,RG,6300,78,D,KZ,AK,F
9:26:27,INDF,RG,6300,100,D,KZ,AK,F
9:26:27,INDF,RG,6300,62,D,KZ,AK,F
9:26:26,INDF,RG,6300,38,D,KZ,AK,F
9:26:26,INDF,RG,6300,2,D,PD,AK,F
9:26:26,INDF,RG,6300,2,D,CC,AK,F
9:26:26,INDF,RG,6300,2,D,XC,AK,F
9:26:26,INDF,RG,6300,196,D,CC,AK,F
9:26:26,INDF,RG,6300,240,D,CC,AK,F
9:26:25,INDF,RG,6300,64,D,CC,AK,F
9:26:25,INDF,RG,6300,20,D,SQ,AK,F
9:26:25,INDF,RG,6300,2,D,KZ,AK,F
9:26:25,INDF,RG,6300,130,D,KZ,AK,F
9:26:25,INDF,RG,6300,17,D,KZ,AK,F
9:26:25,INDF,RG,6300,7,D,KZ,AK,F
9:26:25,INDF,RG,6300,114,D,KZ,BK,F
9:26:25,INDF,RG,6325,10,D,PD,ZP,F
9:26:25,INDF,RG,6300,19,D,KZ,BK,F
9:26:25,INDF,RG,6300,3,F,KZ,BK,F
9:26:25,INDF,RG,6300,5,D,SQ,BK,F
9:26:25,INDF,RG,6300,1,D,PD,BK,F
9:26:25,INDF,RG,6300,2,D,DH,BK,F
9:26:25,INDF,RG,6300,3,D,NI,BK,F
9:26:25,INDF,RG,6300,1,D,NI,BK,F
9:26:25,INDF,RG,6300,1,D,PD,BK,F
9:26:25,INDF,RG,6300,5,D,AZ,BK,F
9:26:25,INDF,RG,6300,25,D,PD,BK,F
9:26:25,INDF,RG,6300,15,F,YP,BK,F
9:26:25,INDF,RG,6300,2,D,XC,BK,F
9:26:25,INDF,RG,6300,136,D,AI,BK,F
9:26:24,INDF,RG,6300,240,D,AI,AK,F
9:26:24,INDF,RG,6300,24,D,AI,AK,F
9:26:24,INDF,RG,6300,1,D,PD,AK,F
9:26:24,INDF,RG,6300,4,D,DR,AK,F
9:26:24,INDF,RG,6300,5,D,SQ,AK,F
9:26:24,INDF,RG,6300,5,D,CC,AK,F
9:26:24,INDF,RG,6300,1,D,XC,AK,F
9:26:24,INDF,RG,6300,1,D,KK,AK,F
9:26:24,INDF,RG,6300,10,D,PD,AK,F
9:26:24,INDF,RG,6300,73,D,KZ,AK,F
9:26:24,INDF,RG,6300,100,D,KZ,AK,F
9:26:24,INDF,RG,6300,16,D,KZ,AK,F
9:26:24,INDF,RG,6300,84,D,KZ,BK,F
9:26:24,INDF,RG,6300,100,D,KZ,BK,F
9:26:24,INDF,RG,6300,43,D,KZ,BK,F
9:26:24,INDF,RG,6300,2,D,KZ,BK,F
9:26:24,INDF,RG,6300,100,D,KZ,BK,F
9:26:24,INDF,RG,6300,100,D,KZ,BK,F
9:26:24,INDF,RG,6300,27,F,CS,BK,F
