Time,Stock,Brd,Price,Qty,BT,BC,SC,ST
15:10:57,INDF,RG,6675,1,D,XC,GR,D
15:09:22,INDF,RG,6675,10,D,PD,CS,F
15:08:14,INDF,RG,6675,1,D,YP,CS,F
15:05:00,INDF,RG,6675,20,D,EP,CS,F
15:05:00,INDF,RG,6675,15,D,CP,CS,F
15:00:00,INDF,RG,6675,5,D,YP,CS,F
15:00:00,INDF,RG,6675,5,D,XA,CS,F
15:00:00,INDF,RG,6675,10,D,EP,CS,F
15:00:00,INDF,RG,6675,1,D,YJ,CS,F
15:00:00,INDF,RG,6675,1,D,KK,CS,F
15:00:00,INDF,RG,6675,10,D,PD,CS,F
15:00:00,INDF,RG,6675,114,F,BK,CS,F
15:00:00,INDF,RG,6675,98,F,ZP,CS,F
15:00:00,INDF,RG,6675,288,F,ZP,CS,F
15:00:00,INDF,RG,6675,11,F,ZP,CS,F
15:00:00,INDF,RG,6675,1,F,ZP,CS,F
15:00:00,INDF,RG,6675,382,F,ZP,CS,F
15:00:00,INDF,RG,6675,682,F,ZP,CS,F
15:00:00,INDF,RG,6675,276,F,ZP,CS,F
15:00:00,INDF,RG,6675,167,F,ZP,CS,F
15:00:00,INDF,RG,6675,78,F,ZP,CS,F
15:00:00,INDF,RG,6675,161,F,CS,CS,F
15:00:00,INDF,RG,6675,1,F,CS,AK,F
15:00:00,INDF,RG,6675,150,F,CS,SQ,D
15:00:00,INDF,RG,6675,8,F,CS,CC,D
15:00:00,INDF,RG,6675,1,F,CS,NI,D
15:00:00,INDF,RG,6675,10,F,CS,PD,D
15:00:00,INDF,RG,6675,1,F,CS,PD,D
15:00:00,INDF,RG,6675,3,F,CS,XC,D
15:00:00,INDF,RG,6675,100,F,CS,CC,D
15:00:00,INDF,RG,6675,2,F,CS,YP,D
15:00:00,INDF,RG,6675,2,F,CS,EP,D
15:00:00,INDF,RG,6675,54,F,CS,XC,D
15:00:00,INDF,RG,6675,2,F,CS,YP,D
15:00:00,INDF,RG,6675,2,F,CS,XC,D
15:00:00,INDF,RG,6675,5,F,CS,YP,D
15:00:00,INDF,RG,6675,146,F,CS,YP,D
15:00:00,INDF,RG,6675,350,F,CS,HP,D
15:00:00,INDF,RG,6675,254,F,CS,YP,D
15:00:00,INDF,RG,6675,155,F,CS,CC,D
15:00:00,INDF,RG,6675,30,F,CS,YP,D
15:00:00,INDF,RG,6675,2,F,CS,AZ,D
15:00:00,INDF,RG,6675,2,F,CS,NI,D
15:00:00,INDF,RG,6675,29,F,CS,YP,D
15:00:00,INDF,RG,6675,10,F,CS,PD,D
15:00:00,INDF,RG,6675,20,F,CS,LG,D
15:00:00,INDF,RG,6675,2,F,CS,KK,D
15:00:00,INDF,RG,6675,3,F,CS,AT,D
15:00:00,INDF,RG,6675,10,F,CS,PD,D
15:00:00,INDF,RG,6675,2,F,CS,OD,D
15:00:00,INDF,RG,6675,10,F,CS,CC,D
15:00:00,INDF,RG,6675,1,F,CS,NI,D
15:00:00,INDF,RG,6675,202,F,CS,YP,D
15:00:00,INDF,RG,6675,97,F,ZP,YP,D
15:00:00,INDF,RG,6675,7,F,ZP,KK,D
15:00:00,INDF,RG,6675,1,F,ZP,PD,D
15:00:00,INDF,RG,6675,2,F,ZP,DH,D
15:00:00,INDF,RG,6675,25,F,ZP,RX,F
15:00:00,INDF,RG,6675,10,F,AK,RX,F
15:00:00,INDF,RG,6675,61,F,BK,RX,F
15:00:00,INDF,RG,6675,44,F,BK,RX,F
15:00:00,INDF,RG,6675,3,F,BK,RX,F
15:00:00,INDF,RG,6675,601,F,BK,RX,F
15:00:00,INDF,RG,6675,12,F,BK,RX,F
15:00:00,INDF,RG,6675,301,F,RX,RX,F
15:00:00,INDF,RG,6675,1206,F,RX,BK,F
15:00:00,INDF,RG,6675,97,F,RX,BK,F
15:00:00,INDF,RG,6675,586,F,RX,DX,F
15:00:00,INDF,RG,6675,8,F,AK,DX,F
15:00:00,INDF,RG,6675,107,F,AK,DX,F
15:00:00,INDF,RG,6675,295,F,YU,DX,F
15:00:00,INDF,RG,6675,54,F,YU,DX,D
15:00:00,INDF,RG,6675,19,F,AK,DX,D
15:00:00,INDF,RG,6675,78,D,YU,DX,D
15:00:00,INDF,RG,6675,100,D,YU,CC,D
15:00:00,INDF,RG,6675,413,D,YU,RX,F
15:00:00,INDF,RG,6675,82,D,YU,PD,D
15:00:00,INDF,RG,6675,252,D,YU,KZ,D
15:00:00,INDF,RG,6675,94,D,YU,KZ,D
15:00:00,INDF,RG,6675,4,D,KZ,KZ,D
15:00:00,INDF,RG,6675,6,D,KZ,LG,D
15:00:00,INDF,RG,6675,9,F,KZ,LG,D
15:00:00,INDF,RG,6675,8,F,KZ,LG,D
14:49:58,INDF,RG,6675,1,F,ZP,KK,D
14:49:58,INDF,RG,6675,1,F,ZP,KK,D
14:49:58,INDF,RG,6650,10,D,CC,BK,D
14:49:57,INDF,RG,6675,13,F,ZP,KK,D
14:49:54,INDF,RG,6675,9,F,ZP,KK,D
14:49:54,INDF,RG,6650,18,D,CC,BK,D
14:49:54,INDF,RG,6650,2,F,BK,BK,D
14:49:54,INDF,RG,6650,1,F,ZP,BK,D
14:49:54,INDF,RG,6650,2,F,ZP,BK,D
14:49:53,INDF,RG,6675,2,F,ZP,KK,D
14:49:52,INDF,RG,6675,17,F,KZ,KK,D
14:49:52,INDF,RG,6675,32,F,ZP,KK,D
14:49:51,INDF,RG,6675,5,F,ZP,KK,D
14:49:51,INDF,RG,6675,1,F,ZP,KK,D
14:49:51,INDF,RG,6675,1,F,ZP,KK,D
14:49:51,INDF,RG,6675,2,F,ZP,KK,D
14:49:51,INDF,RG,6675,1,F,ZP,KK,D
14:49:50,INDF,RG,6650,20,F,BK,BK,D
14:49:46,INDF,RG,6650,20,F,BK,BK,D
14:49:46,INDF,RG,6650,1,F,BK,BK,D
14:49:46,INDF,RG,6650,3,F,ZP,BK,D
14:49:46,INDF,RG,6650,3,F,ZP,BK,D
14:49:46,INDF,RG,6650,2,F,ZP,BK,D
14:49:46,INDF,RG,6650,5,F,BK,BK,D
14:49:45,INDF,RG,6675,8,F,KZ,KK,D
14:49:45,INDF,RG,6675,27,F,KZ,KK,D
14:49:44,INDF,RG,6675,28,F,ZP,KK,D
14:49:44,INDF,RG,6675,1,F,ZP,AZ,D
14:49:44,INDF,RG,6675,21,F,ZP,GR,D
14:49:42,INDF,RG,6650,3,F,BK,BK,D
14:49:42,INDF,RG,6650,1,F,ZP,BK,D
14:49:42,INDF,RG,6650,5,F,ZP,BK,D
14:49:42,INDF,RG,6675,29,F,KZ,GR,D
14:49:42,INDF,RG,6675,1,F,KZ,NI,D
14:49:42,INDF,RG,6675,3,F,KZ,PD,D
14:49:42,INDF,RG,6675,5,F,KZ,DH,D
14:49:42,INDF,RG,6675,2,F,KZ,YP,D
14:49:41,INDF,RG,6675,19,F,ZP,YP,D
14:49:40,INDF,RG,6675,20,F,KZ,YP,D
14:49:40,INDF,RG,6675,2,F,ZP,YP,D
14:49:38,INDF,RG,6650,9,F,KZ,BK,D
14:49:35,INDF,RG,6675,3,F,BK,YP,D
14:49:34,INDF,RG,6650,28,F,KZ,BK,D
14:49:33,INDF,RG,6675,4,F,ZP,YP,D
14:49:33,INDF,RG,6675,1,F,ZP,NI,D
14:49:33,INDF,RG,6675,5,F,ZP,YP,D
14:49:32,INDF,RG,6675,5,F,KZ,YP,D
14:49:32,INDF,RG,6675,1,F,KZ,XC,D
14:49:32,INDF,RG,6675,4,F,KZ,PD,D
14:49:32,INDF,RG,6675,2,F,KZ,NI,D
14:49:32,INDF,RG,6675,1,F,KZ,PD,D
14:49:30,INDF,RG,6675,14,F,ZP,PD,D
14:49:30,INDF,RG,6675,40,F,ZP,YP,D
14:49:30,INDF,RG,6675,2,F,ZP,NI,D
14:49:30,INDF,RG,6675,4,F,ZP,YP,D
14:49:30,INDF,RG,6675,1,F,AK,YP,D
14:49:30,INDF,RG,6650,12,F,KZ,BK,D
14:49:29,INDF,RG,6675,1,F,ZP,YP,D
14:49:24,INDF,RG,6675,13,F,KZ,YP,D
14:49:23,INDF,RG,6675,2,F,ZP,YP,D
14:49:21,INDF,RG,6675,5,F,ZP,YP,D
14:49:17,INDF,RG,6675,26,F,KZ,YP,D
14:49:17,INDF,RG,6675,3,F,BK,YP,D
14:49:16,INDF,RG,6675,63,F,ZP,YP,D
14:49:15,INDF,RG,6675,52,F,KZ,YP,D
14:49:15,INDF,RG,6675,1,F,AK,YP,D
14:49:08,INDF,RG,6675,8,F,BK,YP,D
14:49:06,INDF,RG,6675,21,F,ZP,YP,D
14:49:06,INDF,RG,6675,1,F,ZP,KK,D
14:49:06,INDF,RG,6675,2,F,ZP,DR,D
14:49:06,INDF,RG,6675,5,F,ZP,OD,D
14:49:06,INDF,RG,6675,2,F,ZP,ZP,D
14:49:06,INDF,RG,6675,1,F,ZP,PD,D
14:49:06,INDF,RG,6675,15,F,ZP,PD,D
14:49:06,INDF,RG,6675,119,F,ZP,RX,F
14:49:06,INDF,RG,6675,10,F,ZP,KK,D
14:49:06,INDF,RG,6675,1,F,ZP,ZP,D
14:49:06,INDF,RG,6675,97,F,ZP,RX,F
14:49:06,INDF,RG,6650,57,F,KZ,BK,F
14:49:06,INDF,RG,6650,10,F,KZ,DH,D
14:49:06,INDF,RG,6650,10,F,KZ,IF,D
14:49:06,INDF,RG,6650,4,F,KZ,BK,F
14:49:06,INDF,RG,6650,24,F,KZ,DX,F
14:49:01,INDF,RG,6650,5,F,ZP,DX,F
14:49:01,INDF,RG,6650,12,F,BK,DX,F
14:49:00,INDF,RG,6650,2,F,BK,DX,F
14:49:00,INDF,RG,6650,1,F,BK,SQ,D
14:49:00,INDF,RG,6650,1,F,BK,XC,D
14:48:57,INDF,RG,6650,40,F,ZP,BK,D
14:48:57,INDF,RG,6650,6,F,ZP,BK,D
14:48:57,INDF,RG,6650,14,F,KZ,BK,D
14:48:57,INDF,RG,6650,373,F,KZ,BK,D
14:48:38,INDF,RG,6650,28,F,KZ,BK,D
14:48:37,INDF,RG,6650,1,D,AT,BK,D
14:48:28,INDF,RG,6650,57,F,KZ,BK,D
14:48:25,INDF,RG,6625,57,F,BK,BK,D
14:48:25,INDF,RG,6650,48,F,KZ,BK,D
14:48:25,INDF,RG,6650,56,F,KZ,BK,F
14:48:25,INDF,RG,6650,9,F,KZ,CS,F
14:48:23,INDF,RG,6650,22,F,ZP,CS,F
14:48:23,INDF,RG,6625,35,F,BK,BK,D
14:48:21,INDF,RG,6650,1,D,ZP,CS,F
14:48:20,INDF,RG,6625,83,F,BK,PD,D
14:48:19,INDF,RG,6625,239,F,BK,BK,D
14:48:19,INDF,RG,6625,1,F,ZP,BK,D
14:48:19,INDF,RG,6625,1,F,ZP,BK,D
14:48:19,INDF,RG,6625,1,D,ZP,BK,D
14:48:15,INDF,RG,6650,650,F,KZ,CS,F
14:48:14,INDF,RG,6650,2,F,KZ,CS,F
14:48:13,INDF,RG,6650,11,F,ZP,AK,F
14:48:06,INDF,RG,6650,28,F,KZ,AK,F
14:48:04,INDF,RG,6650,13,F,KZ,AK,F
14:48:04,INDF,RG,6650,6,F,ZP,AK,F
14:48:04,INDF,RG,6650,1,F,ZP,AK,F
14:48:04,INDF,RG,6650,2,F,ZP,AK,F
14:48:04,INDF,RG,6650,171,F,BK,AK,F
14:48:03,INDF,RG,6650,3,F,ZP,AK,F
14:48:02,INDF,RG,6650,12,F,KZ,AK,F
14:48:01,INDF,RG,6650,81,F,KZ,AK,F
14:48:01,INDF,RG,6650,3,F,KZ,NI,D
14:48:01,INDF,RG,6650,83,F,KZ,PD,D
14:48:01,INDF,RG,6650,5,F,KZ,YP,D
14:48:01,INDF,RG,6650,4,F,KZ,XL,D
14:48:01,INDF,RG,6650,30,F,KZ,YP,F
14:48:01,INDF,RG,6650,20,F,KZ,CC,D
14:47:59,INDF,RG,6625,19,F,BK,BK,F
14:47:59,INDF,RG,6625,45,F,BK,DX,F
14:47:59,INDF,RG,6625,32,F,KZ,DX,F
14:47:58,INDF,RG,6625,243,F,BK,DX,F
14:47:58,INDF,RG,6625,50,F,BK,PD,D
14:47:58,INDF,RG,6625,70,F,BK,BK,F
14:47:58,INDF,RG,6625,1,F,BK,SQ,D
14:47:58,INDF,RG,6625,58,F,BK,DX,F
14:47:58,INDF,RG,6625,50,F,BK,DR,D
14:47:58,INDF,RG,6625,320,F,BK,BK,F
14:47:58,INDF,RG,6625,208,F,BK,BK,D
14:47:58,INDF,RG,6625,6,F,KZ,BK,D
14:47:57,INDF,RG,6625,172,F,KZ,BK,D
14:47:57,INDF,RG,6625,91,F,KZ,DX,F
14:47:57,INDF,RG,6625,386,F,KZ,BK,F
14:47:57,INDF,RG,6625,177,F,KZ,BK,D
14:47:57,INDF,RG,6625,1,F,KZ,BK,D
14:47:57,INDF,RG,6625,5,F,KZ,BK,D
14:47:57,INDF,RG,6625,19,F,ZP,BK,D
14:47:56,INDF,RG,6625,17,F,BK,BK,D
14:47:55,INDF,RG,6600,3,D,YP,PD,D
14:47:55,INDF,RG,6625,1,F,KZ,BK,D
14:47:53,INDF,RG,6600,5,D,YP,DR,D
14:47:52,INDF,RG,6600,36,D,YP,BK,F
14:47:51,INDF,RG,6625,6,F,KZ,BK,D
14:47:50,INDF,RG,6625,38,F,BK,BK,D
14:47:49,INDF,RG,6625,30,F,KZ,BK,D
14:47:48,INDF,RG,6625,4,F,KZ,BK,D
14:47:48,INDF,RG,6625,2,F,KZ,BK,D
14:47:48,INDF,RG,6625,2,F,KZ,BK,D
14:47:47,INDF,RG,6625,73,F,ZP,BK,D
14:47:47,INDF,RG,6600,8,D,YP,DX,F
14:47:47,INDF,RG,6600,1,D,YP,DX,F
14:47:47,INDF,RG,6600,18,D,YP,DX,F
14:47:47,INDF,RG,6600,5,D,YP,DX,F
14:47:47,INDF,RG,6600,5,D,YP,DX,F
14:47:47,INDF,RG,6600,1,D,CC,DX,F
14:47:47,INDF,RG,6600,10,D,YP,DX,F
14:47:47,INDF,RG,6600,6,D,CC,DX,F
14:47:47,INDF,RG,6600,5,D,CC,DX,F
14:47:47,INDF,RG,6600,15,D,YP,DX,F
14:47:47,INDF,RG,6600,1,D,CC,DX,F
14:47:47,INDF,RG,6600,25,D,CC,DX,F
14:47:47,INDF,RG,6600,10,D,SQ,DX,F
14:47:47,INDF,RG,6600,1,F,CC,DX,F
14:47:47,INDF,RG,6600,1,D,PD,DX,F
14:47:47,INDF,RG,6600,1,D,YP,DX,F
14:47:47,INDF,RG,6600,5,D,CC,DX,F
14:47:47,INDF,RG,6600,1,D,AZ,DX,F
14:47:47,INDF,RG,6600,9,D,PD,DX,F
14:47:45,INDF,RG,6600,1,D,PD,BK,F
14:47:45,INDF,RG,6600,11,D,PD,BK,F
14:47:45,INDF,RG,6625,14,F,BK,BK,D
14:47:43,INDF,RG,6625,12,F,ZP,BK,D
14:47:43,INDF,RG,6625,13,F,BK,BK,D
14:47:42,INDF,RG,6600,3,D,PD,DR,D
14:47:41,INDF,RG,6625,3,F,KZ,BK,D
14:47:41,INDF,RG,6625,6,F,KZ,BK,D
14:47:41,INDF,RG,6625,5,F,KZ,BK,D
14:47:41,INDF,RG,6600,3,D,PD,DR,D
14:47:40,INDF,RG,6600,3,D,PD,BK,F
14:47:40,INDF,RG,6600,10,D,PD,BK,F
14:47:39,INDF,RG,6600,25,D,PD,YP,D
14:47:39,INDF,RG,6600,5,D,PD,YP,D
14:47:39,INDF,RG,6600,5,D,DH,YP,D
14:47:39,INDF,RG,6600,1,D,GR,YP,D
14:47:39,INDF,RG,6600,5,D,XC,YP,D
14:47:39,INDF,RG,6600,8,D,SQ,YP,D
14:47:39,INDF,RG,6600,1,D,PD,YP,D
14:47:39,INDF,RG,6600,1,D,PD,YP,D
14:47:39,INDF,RG,6600,3,D,DR,YP,D
14:47:39,INDF,RG,6600,11,D,XL,YP,D
14:47:37,INDF,RG,6625,12,F,BK,BK,D
14:47:37,INDF,RG,6625,20,D,NI,BK,D
14:47:33,INDF,RG,6625,9,F,ZP,BK,D
14:47:32,INDF,RG,6600,12,D,XL,BK,F
14:47:27,INDF,RG,6600,10,D,XL,BK,F
14:47:27,INDF,RG,6600,1,D,XC,BK,F
14:47:27,INDF,RG,6600,2,D,XC,BK,F
14:47:26,INDF,RG,6625,47,F,ZP,BK,D
14:47:26,INDF,RG,6625,40,F,ZP,BK,F
14:47:23,INDF,RG,6600,2,D,XC,BK,F
14:47:23,INDF,RG,6600,1,D,AT,BK,F
14:47:23,INDF,RG,6600,2,D,DR,BK,F
14:47:23,INDF,RG,6600,7,D,FZ,BK,F
14:47:22,INDF,RG,6600,27,D,FZ,BK,D
14:47:19,INDF,RG,6600,25,D,FZ,BK,F
14:47:19,INDF,RG,6625,8,F,KZ,BK,F
14:47:17,INDF,RG,6600,58,D,FZ,BK,D
14:47:15,INDF,RG,6625,48,F,KZ,BK,F
14:47:15,INDF,RG,6625,3,F,KZ,BK,F
14:47:15,INDF,RG,6625,4,F,KZ,BK,F
14:47:15,INDF,RG,6600,90,D,FZ,DX,F
14:47:12,INDF,RG,6600,14,D,FZ,BK,F
14:47:05,INDF,RG,6625,10,D,YP,BK,F
14:47:03,INDF,RG,6625,1,D,MI,BK,F
14:47:02,INDF,RG,6625,1,D,CC,BK,F
14:46:56,INDF,RG,6600,12,D,FZ,BK,F
14:46:55,INDF,RG,6600,14,D,FZ,BK,F
14:46:49,INDF,RG,6600,24,D,FZ,DX,F
14:46:48,INDF,RG,6600,10,D,FZ,NI,D
14:46:46,INDF,RG,6625,3,D,CC,BK,F
14:46:43,INDF,RG,6600,14,D,FZ,BK,F
14:46:40,INDF,RG,6600,12,D,FZ,BK,F
14:46:38,INDF,RG,6600,53,D,FZ,BK,D
14:46:37,INDF,RG,6625,1,D,PD,BK,F
14:46:36,INDF,RG,6600,12,D,FZ,BK,F
14:46:34,INDF,RG,6600,30,D,FZ,BK,D
14:46:31,INDF,RG,6600,22,D,FZ,BK,F
14:46:29,INDF,RG,6600,34,D,FZ,BK,D
14:46:28,INDF,RG,6625,1,F,AK,BK,F
14:46:28,INDF,RG,6600,50,D,FZ,YP,D
14:46:27,INDF,RG,6600,13,D,FZ,BK,F
14:46:26,INDF,RG,6600,47,D,FZ,BK,F
14:46:25,INDF,RG,6600,40,D,FZ,XC,D
14:46:25,INDF,RG,6600,5,D,FZ,XC,D
14:46:24,INDF,RG,6600,26,D,FZ,BK,D
14:46:23,INDF,RG,6600,2,D,FZ,YB,D
14:46:23,INDF,RG,6600,2,D,FZ,PD,D
14:46:23,INDF,RG,6600,70,D,FZ,CC,D
14:46:23,INDF,RG,6600,14,D,FZ,PD,D
14:46:22,INDF,RG,6600,12,D,FZ,XA,D
14:46:22,INDF,RG,6600,61,D,FZ,BK,D
14:46:20,INDF,RG,6625,15,F,ZP,AK,F
14:46:20,INDF,RG,6625,63,F,ZP,BK,F
14:46:19,INDF,RG,6625,3,F,ZP,BK,F
14:46:19,INDF,RG,6625,10,F,ZP,BK,F
14:46:18,INDF,RG,6625,2,F,ZP,BK,D
14:46:18,INDF,RG,6625,1,F,KZ,BK,D
14:46:18,INDF,RG,6625,5,D,KK,BK,D
14:46:18,INDF,RG,6625,5,D,PD,BK,D
14:46:18,INDF,RG,6625,82,F,KZ,BK,D
14:46:18,INDF,RG,6625,114,F,BK,BK,D
14:46:18,INDF,RG,6625,5,D,PD,BK,D
14:46:18,INDF,RG,6625,86,F,BK,BK,D
14:46:18,INDF,RG,6625,39,F,ZP,BK,D
14:46:17,INDF,RG,6625,68,F,ZP,BK,F
14:46:16,INDF,RG,6625,12,F,ZP,AR,D
14:46:16,INDF,RG,6625,275,F,BK,AR,D
14:46:16,INDF,RG,6625,8,F,KZ,AR,D
14:46:16,INDF,RG,6625,17,F,KZ,AR,D
14:46:16,INDF,RG,6625,2,F,ZP,AR,D
14:46:16,INDF,RG,6625,237,F,KZ,AR,D
14:46:16,INDF,RG,6625,1,D,YP,AR,D
14:46:16,INDF,RG,6625,17,F,ZP,AR,D
14:46:16,INDF,RG,6625,181,F,KZ,AR,D
14:46:16,INDF,RG,6625,61,F,KZ,CC,D
14:46:06,INDF,RG,6625,14,F,KZ,BK,F
14:45:58,INDF,RG,6625,26,F,KZ,BK,D
14:45:56,INDF,RG,6625,123,F,KZ,BK,D
14:45:54,INDF,RG,6650,219,D,DX,DX,F
14:45:54,INDF,RG,6650,15,D,DX,RX,F
14:45:52,INDF,RG,6625,13,F,KZ,BK,F
14:45:50,INDF,RG,6625,109,F,KZ,DX,F
14:45:50,INDF,RG,6625,1,D,XC,DX,F
14:45:50,INDF,RG,6625,10,F,ZP,DX,F
14:45:39,INDF,RG,6625,3,F,ZP,BK,F
14:45:39,INDF,RG,6625,11,F,ZP,BK,F
14:45:39,INDF,RG,6650,6,D,ZP,RX,F
14:45:33,INDF,RG,6625,44,F,ZP,BK,D
14:45:32,INDF,RG,6625,25,F,ZP,PD,D
14:45:32,INDF,RG,6625,30,F,ZP,IF,D
14:45:30,INDF,RG,6650,27,D,YU,RX,F
14:45:29,INDF,RG,6625,14,F,ZP,BK,F
14:45:28,INDF,RG,6625,45,F,ZP,BK,D
14:45:27,INDF,RG,6625,35,F,ZP,IF,D
14:45:26,INDF,RG,6625,90,F,ZP,BK,D
14:45:25,INDF,RG,6625,61,F,ZP,CC,D
14:45:23,INDF,RG,6625,141,F,ZP,BK,D
14:45:23,INDF,RG,6625,10,F,ZP,BK,D
14:45:23,INDF,RG,6625,1,F,KZ,BK,D
14:45:23,INDF,RG,6625,46,F,ZP,BK,D
14:45:23,INDF,RG,6625,277,F,YU,BK,D
14:45:23,INDF,RG,6625,2,F,AK,BK,D
14:45:23,INDF,RG,6625,1,D,PD,BK,D
14:45:23,INDF,RG,6625,220,F,BK,BK,D
14:45:23,INDF,RG,6625,10,D,LG,BK,D
14:45:23,INDF,RG,6625,2,D,KK,BK,D
14:45:23,INDF,RG,6625,2,D,CC,BK,D
14:45:23,INDF,RG,6625,150,D,SQ,BK,D
14:45:23,INDF,RG,6625,1,F,ZP,BK,D
14:45:23,INDF,RG,6625,184,D,DX,BK,D
14:45:23,INDF,RG,6625,22,D,YU,BK,D
14:45:22,INDF,RG,6650,217,F,BK,RX,F
14:45:21,INDF,RG,6650,6,D,ZP,RX,F
14:45:21,INDF,RG,6625,28,D,YU,DX,F
14:45:21,INDF,RG,6625,76,D,IH,DX,F
14:45:20,INDF,RG,6650,91,F,ZP,RX,F
14:45:19,INDF,RG,6625,24,D,IH,PD,D
14:45:19,INDF,RG,6625,8,D,XC,PD,D
14:45:19,INDF,RG,6625,5,D,DH,PD,D
14:45:19,INDF,RG,6625,10,D,GR,PD,D
14:45:19,INDF,RG,6625,820,F,BK,PD,D
14:45:19,INDF,RG,6625,1,D,XC,PD,D
14:45:19,INDF,RG,6625,1,D,NI,PD,D
14:45:19,INDF,RG,6625,1,D,PD,PD,D
14:45:19,INDF,RG,6625,12,D,XC,PD,D
14:45:19,INDF,RG,6625,2,D,KK,PD,D
14:45:19,INDF,RG,6625,1,D,YP,PD,D
14:45:19,INDF,RG,6625,10,D,KK,PD,D
14:45:19,INDF,RG,6625,1,D,XC,PD,D
14:45:19,INDF,RG,6625,1,F,BK,PD,D
14:45:19,INDF,RG,6625,2,D,XC,PD,D
14:45:19,INDF,RG,6625,5,D,CC,PD,D
14:45:19,INDF,RG,6625,5,D,CC,PD,D
14:45:19,INDF,RG,6625,150,D,SQ,PD,D
14:45:19,INDF,RG,6625,1,D,XC,PD,D
14:45:19,INDF,RG,6625,1,D,YP,PD,D
14:45:19,INDF,RG,6625,1,D,YP,PD,D
14:45:19,INDF,RG,6625,3,D,YP,PD,D
14:45:19,INDF,RG,6625,6,F,ZP,PD,D
14:45:19,INDF,RG,6625,3,D,YP,PD,D
14:45:19,INDF,RG,6625,2,D,EP,PD,D
14:45:19,INDF,RG,6625,2,D,YP,PD,D
14:45:19,INDF,RG,6625,1,D,YP,PD,D
14:45:19,INDF,RG,6625,15,F,BK,PD,D
14:45:19,INDF,RG,6625,2,D,EP,PD,D
14:45:19,INDF,RG,6625,3,F,AK,PD,D
14:45:19,INDF,RG,6625,1,D,YP,PD,D
14:45:19,INDF,RG,6625,5,D,KK,PD,D
14:45:19,INDF,RG,6625,10,F,ZP,PD,D
14:45:19,INDF,RG,6625,10,D,LG,PD,D
14:45:19,INDF,RG,6625,4,F,KZ,PD,D
14:45:19,INDF,RG,6625,2,D,XC,PD,D
14:45:19,INDF,RG,6625,2,D,CC,PD,D
14:45:19,INDF,RG,6625,656,F,KZ,PD,D
14:45:19,INDF,RG,6625,1,D,XC,PD,D
14:45:19,INDF,RG,6625,1,D,YP,PD,D
14:45:19,INDF,RG,6625,28,D,YU,PD,D
14:45:19,INDF,RG,6625,2,D,NI,PD,D
14:45:19,INDF,RG,6625,75,D,YP,PD,D
14:45:19,INDF,RG,6625,1,D,OD,PD,D
14:45:19,INDF,RG,6625,15,D,KK,PD,D
14:45:19,INDF,RG,6625,5,D,SQ,PD,D
14:45:19,INDF,RG,6625,1,D,DR,PD,D
14:45:19,INDF,RG,6625,10,F,ZP,PD,D
14:45:19,INDF,RG,6625,10,F,ZP,PD,D
14:45:19,INDF,RG,6625,1,D,PD,PD,D
14:45:19,INDF,RG,6625,23,D,YU,PD,D
14:45:19,INDF,RG,6625,5,D,XC,PD,D
14:45:19,INDF,RG,6625,10,D,YP,PD,D
14:45:19,INDF,RG,6625,1,D,NI,PD,D
14:45:19,INDF,RG,6625,2,D,DR,PD,D
14:45:19,INDF,RG,6625,1,D,SQ,PD,D
14:45:19,INDF,RG,6625,12,F,ZP,PD,D
14:45:19,INDF,RG,6625,50,D,SQ,PD,D
14:45:19,INDF,RG,6625,10,D,PD,PD,D
14:45:19,INDF,RG,6625,12,D,ZP,PD,D
14:45:19,INDF,RG,6625,1,F,KZ,PD,D
14:45:19,INDF,RG,6625,14,D,SQ,PD,D
14:45:19,INDF,RG,6625,102,F,BK,PD,D
14:45:19,INDF,RG,6625,10,F,KZ,PD,D
14:45:19,INDF,RG,6625,7,F,ZP,PD,D
14:45:19,INDF,RG,6625,2,F,KZ,PD,D
14:45:19,INDF,RG,6625,15,F,BK,PD,D
14:45:19,INDF,RG,6625,9,F,ZP,PD,D
14:45:19,INDF,RG,6625,1,D,PD,PD,D
14:45:19,INDF,RG,6625,222,F,YU,PD,D
14:45:19,INDF,RG,6625,15,D,YU,PD,D
14:45:19,INDF,RG,6625,1,D,GR,PD,D
14:45:19,INDF,RG,6625,33,D,PD,PD,D
14:45:19,INDF,RG,6625,151,F,BK,PD,D
14:45:19,INDF,RG,6625,1,D,YP,PD,D
14:45:19,INDF,RG,6625,2,D,CC,PD,D
14:45:19,INDF,RG,6625,50,D,SQ,PD,D
14:45:19,INDF,RG,6625,200,D,SQ,PD,D
14:45:19,INDF,RG,6625,84,F,BK,PD,D
14:45:19,INDF,RG,6625,2,D,PD,PD,D
14:45:19,INDF,RG,6625,47,F,BK,PD,D
14:45:19,INDF,RG,6625,5,D,YP,PD,D
14:45:19,INDF,RG,6625,2,D,PD,PD,D
14:45:19,INDF,RG,6625,59,F,BK,PD,D
14:45:17,INDF,RG,6625,13,F,BK,BK,F
14:45:11,INDF,RG,6625,5,F,BK,CC,D
14:45:11,INDF,RG,6625,10,D,DH,CC,D
14:45:11,INDF,RG,6625,8,D,XC,CC,D
14:45:11,INDF,RG,6625,2,D,PD,CC,D
14:45:11,INDF,RG,6625,10,D,ES,CC,D
14:45:11,INDF,RG,6625,3,D,PD,CC,D
14:45:11,INDF,RG,6625,1,D,SQ,CC,D
14:45:11,INDF,RG,6625,1,D,YP,CC,D
14:45:11,INDF,RG,6625,5,D,CC,CC,D
14:45:11,INDF,RG,6625,16,D,YP,CC,D
14:45:07,INDF,RG,6625,12,D,YP,BK,F
14:44:54,INDF,RG,6625,14,D,YP,BK,F
14:44:54,INDF,RG,6625,8,D,YP,DX,F
14:44:54,INDF,RG,6625,1,D,SQ,DX,F
14:44:54,INDF,RG,6625,1,D,XC,DX,F
14:44:54,INDF,RG,6625,15,D,YP,DX,F
14:44:54,INDF,RG,6625,3,D,CC,DX,F
14:44:54,INDF,RG,6625,10,D,PD,DX,F
14:44:54,INDF,RG,6625,3,D,AT,DX,F
14:44:54,INDF,RG,6625,10,D,YP,DX,F
14:44:54,INDF,RG,6625,29,D,AZ,DX,F
14:44:49,INDF,RG,6625,1,D,AZ,CC,D
14:44:49,INDF,RG,6650,13,F,BK,RX,F
14:44:48,INDF,RG,6625,1,D,AZ,CC,D
14:44:47,INDF,RG,6650,28,F,ZP,RX,F
14:44:46,INDF,RG,6625,4,D,AZ,DR,D
14:44:43,INDF,RG,6625,13,D,AZ,BK,F
14:44:41,INDF,RG,6625,52,D,AZ,CC,D
14:44:41,INDF,RG,6625,9,D,KK,CC,D
14:44:33,INDF,RG,6650,1,D,ZP,RX,F
14:44:30,INDF,RG,6625,1,D,KK,BK,F
14:44:30,INDF,RG,6625,12,D,CC,BK,F
14:44:28,INDF,RG,6625,88,D,CC,DX,F
14:44:28,INDF,RG,6625,1,D,PD,DX,F
14:44:28,INDF,RG,6625,15,D,PD,DX,F
14:44:28,INDF,RG,6625,10,D,PD,DX,F
14:44:28,INDF,RG,6625,1,D,KK,DX,F
14:44:28,INDF,RG,6625,5,D,CC,DX,F
14:44:21,INDF,RG,6625,13,D,CC,BK,F
14:44:10,INDF,RG,6625,7,D,CC,BK,F
14:44:10,INDF,RG,6625,1,D,DX,BK,F
14:44:10,INDF,RG,6625,6,D,YU,BK,F
14:44:06,INDF,RG,6650,26,F,BK,RX,F
14:44:06,INDF,RG,6650,1,F,BK,BK,D
14:44:05,INDF,RG,6625,44,D,YU,CC,D
14:44:05,INDF,RG,6625,17,D,YP,CC,D
14:44:02,INDF,RG,6625,41,D,YP,PD,D
14:44:01,INDF,RG,6650,26,F,BK,BK,D
14:44:00,INDF,RG,6650,45,D,YU,BK,D
14:43:59,INDF,RG,6625,88,D,YP,DX,F
14:43:59,INDF,RG,6625,1,D,PD,DX,F
14:43:59,INDF,RG,6625,1,D,XC,DX,F
14:43:59,INDF,RG,6625,2,D,XC,DX,F
14:43:59,INDF,RG,6625,2,D,PD,DX,F
14:43:59,INDF,RG,6625,5,D,CC,DX,F
14:43:59,INDF,RG,6625,1,D,PD,DX,F
14:43:55,INDF,RG,6625,9,D,PD,BK,F
14:43:55,INDF,RG,6625,3,D,PD,BK,F
14:43:55,INDF,RG,6625,2,D,PD,BK,F
14:43:47,INDF,RG,6625,1,D,PD,IF,D
14:43:47,INDF,RG,6625,3,D,PD,IF,D
14:43:47,INDF,RG,6625,2,D,YP,IF,D
14:43:47,INDF,RG,6625,5,D,KK,IF,D
14:43:47,INDF,RG,6625,9,D,SQ,IF,D
14:43:47,INDF,RG,6650,14,F,BK,BK,D
14:43:43,INDF,RG,6650,13,F,BK,BK,D
14:43:42,INDF,RG,6625,14,D,SQ,BK,F
14:43:40,INDF,RG,6650,45,F,BK,BK,D
14:43:38,INDF,RG,6650,210,D,DX,BK,D
14:43:35,INDF,RG,6650,16,F,BK,BK,D
14:43:34,INDF,RG,6625,27,D,SQ,CC,D
14:43:34,INDF,RG,6625,1,D,YP,CC,D
14:43:34,INDF,RG,6625,1,D,PD,CC,D
14:43:34,INDF,RG,6625,1,D,YP,CC,D
14:43:34,INDF,RG,6625,1,D,YB,CC,D
14:43:34,INDF,RG,6625,1,D,XC,CC,D
14:43:34,INDF,RG,6625,29,D,XC,CC,D
14:43:31,INDF,RG,6650,21,F,BK,BK,D
14:43:29,INDF,RG,6625,14,D,XC,BK,F
14:43:29,INDF,RG,6625,57,D,XC,DX,F
14:43:29,INDF,RG,6625,1,D,PD,DX,F
14:43:29,INDF,RG,6625,1,D,XC,DX,F
14:43:29,INDF,RG,6625,20,D,YP,DX,F
14:43:29,INDF,RG,6625,1,D,PD,DX,F
14:43:29,INDF,RG,6625,1,D,XC,DX,F
14:43:29,INDF,RG,6625,1,D,XC,DX,F
14:43:29,INDF,RG,6625,20,D,PD,DX,F
14:43:29,INDF,RG,6625,2,D,YP,DX,F
14:43:29,INDF,RG,6625,16,D,YP,DX,F
14:43:20,INDF,RG,6625,9,D,YP,BK,F
14:43:20,INDF,RG,6625,4,D,SQ,BK,F
14:43:06,INDF,RG,6650,20,D,CC,BK,D
14:43:05,INDF,RG,6625,7,D,SQ,BK,F
14:43:05,INDF,RG,6625,5,D,DH,BK,F
14:43:02,INDF,RG,6650,23,F,BK,BK,D
14:42:59,INDF,RG,6650,15,F,BK,BK,D
14:42:57,INDF,RG,6625,95,D,DH,DX,F
14:42:57,INDF,RG,6625,2,D,CD,DX,F
14:42:57,INDF,RG,6625,9,D,PD,DX,F
14:42:57,INDF,RG,6625,2,D,YP,DX,F
14:42:55,INDF,RG,6625,3,D,YP,BK,F
14:42:55,INDF,RG,6625,5,D,DR,BK,F
14:42:55,INDF,RG,6625,1,D,YP,BK,F
14:42:55,INDF,RG,6625,5,D,NI,BK,F
14:42:53,INDF,RG,6650,28,F,BK,BK,D
14:42:48,INDF,RG,6650,100,D,BQ,BK,D
14:42:44,INDF,RG,6625,13,D,NI,BK,F
14:42:35,INDF,RG,6650,21,F,BK,BK,D
14:42:30,INDF,RG,6650,24,F,BK,BK,D
14:42:30,INDF,RG,6625,2,D,NI,BK,F
14:42:30,INDF,RG,6625,1,D,YP,BK,F
14:42:30,INDF,RG,6625,8,D,PD,BK,F
14:42:30,INDF,RG,6625,1,D,NI,BK,F
14:42:27,INDF,RG,6625,4,D,NI,DX,F
14:42:27,INDF,RG,6625,96,D,OD,DX,F
14:42:27,INDF,RG,6625,4,D,OD,CC,D
14:42:27,INDF,RG,6625,10,D,GR,CC,D
14:42:27,INDF,RG,6625,5,D,XC,CC,D
14:42:27,INDF,RG,6625,1,D,PD,CC,D
14:42:27,INDF,RG,6625,1,D,YP,CC,D
14:42:27,INDF,RG,6625,5,D,CC,CC,D
14:42:27,INDF,RG,6625,3,D,PD,CC,D
14:42:27,INDF,RG,6625,2,D,EP,CC,D
14:42:27,INDF,RG,6625,1,D,CC,CC,D
14:42:27,INDF,RG,6625,1,D,YP,CC,D
14:42:27,INDF,RG,6625,1,D,XC,CC,D
14:42:27,INDF,RG,6625,1,D,YP,CC,D
14:42:27,INDF,RG,6625,1,D,XC,CC,D
14:42:27,INDF,RG,6625,1,D,SQ,CC,D
14:42:27,INDF,RG,6625,1,D,CP,CC,D
14:42:27,INDF,RG,6625,10,D,XC,CC,D
14:42:27,INDF,RG,6625,10,D,YP,CC,D
14:42:27,INDF,RG,6625,1,D,YP,CC,D
14:42:27,INDF,RG,6625,2,D,XC,CC,D
14:42:19,INDF,RG,6625,1,D,HP,BK,F
14:42:19,INDF,RG,6625,1,D,KK,BK,F
14:42:19,INDF,RG,6625,12,F,BK,BK,F
14:42:10,INDF,RG,6625,12,F,BK,BK,F
14:42:05,INDF,RG,6650,25,F,BK,BK,D
14:42:02,INDF,RG,6650,23,F,BK,BK,D
14:42:01,INDF,RG,6625,18,F,BK,CC,D
14:42:01,INDF,RG,6625,1,D,PD,CC,D
14:42:01,INDF,RG,6625,42,D,CC,CC,D
14:42:01,INDF,RG,6625,41,D,CC,PD,D
14:42:00,INDF,RG,6650,54,D,YU,BK,D
14:41:57,INDF,RG,6650,13,F,BK,BK,D
14:41:56,INDF,RG,6625,12,D,CC,BK,F
14:41:51,INDF,RG,6650,24,F,BK,BK,D
14:41:51,INDF,RG,6650,122,D,DX,BK,D
14:41:51,INDF,RG,6650,15,D,DX,OD,D
14:41:51,INDF,RG,6650,8,D,DX,NI,D
14:41:51,INDF,RG,6650,11,D,DX,DX,F
14:41:48,INDF,RG,6650,28,F,BK,DX,F
14:41:45,INDF,RG,6625,25,D,CC,BK,D
14:41:44,INDF,RG,6625,14,D,CC,BK,F
14:41:43,INDF,RG,6650,27,F,BK,DX,F
14:41:38,INDF,RG,6625,16,D,CC,BK,D
14:41:38,INDF,RG,6625,2,D,XC,BK,D
14:41:38,INDF,RG,6625,2,D,PD,BK,D
14:41:38,INDF,RG,6625,5,D,PD,BK,D
14:41:38,INDF,RG,6625,17,D,YP,BK,D
14:41:37,INDF,RG,6650,28,F,BK,DX,F
14:41:36,INDF,RG,6625,3,D,YP,CC,D
14:41:36,INDF,RG,6625,58,D,CC,CC,D
14:41:35,INDF,RG,6625,60,D,CC,DX,F
14:41:34,INDF,RG,6625,35,D,CC,BK,D
14:41:34,INDF,RG,6625,1,D,CC,BK,D
14:41:34,INDF,RG,6625,2,F,ZP,BK,D
14:41:34,INDF,RG,6625,1,D,YP,BK,D
14:41:34,INDF,RG,6625,1,D,EP,BK,D
14:41:34,INDF,RG,6625,1,D,YP,BK,D
14:41:34,INDF,RG,6625,1,D,PD,BK,D
14:41:34,INDF,RG,6625,1,D,XC,BK,D
14:41:34,INDF,RG,6625,5,D,SQ,BK,D
14:41:34,INDF,RG,6625,1,D,PD,BK,D
14:41:33,INDF,RG,6625,3,D,EP,PD,D
14:41:33,INDF,RG,6625,30,D,NI,PD,D
14:41:33,INDF,RG,6625,2,D,HD,PD,D
14:41:33,INDF,RG,6625,6,D,YP,PD,D
14:41:29,INDF,RG,6625,14,D,YP,BK,F
14:41:18,INDF,RG,6625,14,D,YP,BK,F
14:41:16,INDF,RG,6650,21,F,BK,DX,F
14:41:14,INDF,RG,6625,30,D,YP,BK,D
14:41:14,INDF,RG,6650,19,F,BK,DX,F
14:41:09,INDF,RG,6625,19,D,YP,BK,D
14:41:08,INDF,RG,6625,17,D,YP,DX,F
14:41:08,INDF,RG,6625,5,D,CC,DX,F
14:41:08,INDF,RG,6625,20,D,SQ,DX,F
14:41:08,INDF,RG,6625,30,D,SQ,CC,D
14:41:08,INDF,RG,6625,15,D,YP,CC,D
14:41:08,INDF,RG,6625,1,D,YP,CC,D
14:41:08,INDF,RG,6625,1,F,SQ,CC,D
14:41:08,INDF,RG,6625,2,D,YP,CC,D
14:41:08,INDF,RG,6625,3,F,KZ,CC,D
14:41:08,INDF,RG,6625,9,D,YP,CC,D
14:40:59,INDF,RG,6650,1,D,PD,DX,F
14:40:55,INDF,RG,6625,11,D,YP,BK,D
14:40:55,INDF,RG,6625,5,D,KK,BK,D
14:40:55,INDF,RG,6625,22,F,KZ,BK,D
14:40:54,INDF,RG,6650,27,F,BK,DX,F
14:40:52,INDF,RG,6650,3,F,ZP,DX,F
14:40:52,INDF,RG,6625,6,F,KZ,CC,D
14:40:52,INDF,RG,6625,55,F,KZ,CC,D
14:40:49,INDF,RG,6625,10,F,KZ,YB,D
14:40:41,INDF,RG,6650,13,F,BK,DX,F
14:40:40,INDF,RG,6650,14,D,ZP,DX,F
14:40:35,INDF,RG,6625,33,F,KZ,BK,D
14:40:32,INDF,RG,6625,2,F,KZ,XC,D
14:40:19,INDF,RG,6625,23,F,KZ,BK,D
14:40:19,INDF,RG,6650,19,F,BK,DX,F
14:40:17,INDF,RG,6650,66,D,DX,DX,F
14:40:11,INDF,RG,6625,1,F,KZ,PC,D
14:40:08,INDF,RG,6650,21,F,BK,DX,F
14:40:05,INDF,RG,6625,14,F,KZ,DX,F
14:40:05,INDF,RG,6625,34,F,BK,DX,F
14:39:49,INDF,RG,6650,13,F,BK,DX,F
14:39:45,INDF,RG,6625,19,F,BK,BK,D
14:39:45,INDF,RG,6625,1,D,YP,BK,D
14:39:45,INDF,RG,6625,10,D,PD,BK,D
14:39:45,INDF,RG,6625,1,D,CC,BK,D
14:39:45,INDF,RG,6625,2,D,CC,BK,D
14:39:45,INDF,RG,6625,5,D,PD,BK,D
14:39:45,INDF,RG,6625,18,D,YP,BK,D
14:39:43,INDF,RG,6650,21,F,BK,DX,F
14:39:43,INDF,RG,6650,2,F,BK,RX,F
14:39:42,INDF,RG,6625,33,D,YP,BK,D
14:39:40,INDF,RG,6625,96,D,YP,DX,F
14:39:34,INDF,RG,6650,1,F,BK,RX,F
14:39:34,INDF,RG,6650,1,F,BK,NI,D
14:39:34,INDF,RG,6650,14,F,BK,IF,D
14:39:34,INDF,RG,6625,21,D,YP,BK,D
14:39:32,INDF,RG,6650,2,D,YU,IF,D
14:39:30,INDF,RG,6625,60,D,YP,KK,D
14:39:11,INDF,RG,6625,26,D,YP,BK,D
14:39:11,INDF,RG,6625,1,D,HD,BK,D
14:39:11,INDF,RG,6625,1,D,SQ,BK,D
14:39:11,INDF,RG,6625,17,F,AG,BK,D
14:39:09,INDF,RG,6625,83,F,AG,PD,D
14:39:08,INDF,RG,6625,1,D,PD,BK,D
14:39:08,INDF,RG,6625,10,F,AG,BK,D
14:39:08,INDF,RG,6625,24,D,DH,BK,D
14:39:08,INDF,RG,6625,16,D,DH,DX,F
14:39:08,INDF,RG,6625,50,D,SQ,DX,F
14:39:08,INDF,RG,6625,5,D,PD,DX,F
14:39:08,INDF,RG,6625,1,D,YP,DX,F
14:38:44,INDF,RG,6625,42,D,RF,BK,D
14:38:42,INDF,RG,6625,158,D,RF,DX,F
14:38:42,INDF,RG,6625,2,D,SQ,DX,F
14:38:35,INDF,RG,6650,10,D,HP,IF,D
14:38:31,INDF,RG,6625,29,D,SQ,BK,D
14:38:27,INDF,RG,6650,4,D,ZP,IF,D
14:38:19,INDF,RG,6625,19,D,SQ,BK,D
14:38:19,INDF,RG,6625,10,D,KK,BK,D
14:38:19,INDF,RG,6625,1,D,OD,BK,D
14:38:19,INDF,RG,6625,18,D,YP,BK,D
14:38:19,INDF,RG,6625,44,D,YP,BK,D
14:38:14,INDF,RG,6650,1,F,KZ,RX,F
14:38:14,INDF,RG,6650,13,F,ZP,RX,F
14:38:13,INDF,RG,6650,5,F,ZP,DX,F
14:38:13,INDF,RG,6650,2,F,ZP,DX,F
14:38:12,INDF,RG,6650,7,F,KZ,BK,F
14:38:12,INDF,RG,6650,5,F,KZ,BK,D
14:38:11,INDF,RG,6650,25,F,KZ,BK,D
14:38:11,INDF,RG,6650,1,D,YU,BK,D
14:38:11,INDF,RG,6650,48,F,BK,BK,D
14:38:11,INDF,RG,6650,14,F,BK,BK,D
14:38:11,INDF,RG,6650,42,F,BK,RX,F
14:38:06,INDF,RG,6650,217,F,BK,CC,F
14:38:06,INDF,RG,6650,7,F,KZ,CC,F
14:38:06,INDF,RG,6650,12,F,KZ,CC,F
14:38:06,INDF,RG,6650,29,F,ZP,CC,F
14:38:06,INDF,RG,6650,76,F,ZP,BK,D
14:38:02,INDF,RG,6650,15,F,ZP,RX,F
14:38:02,INDF,RG,6650,16,F,ZP,DR,D
14:38:02,INDF,RG,6650,1,F,ZP,CC,D
14:38:02,INDF,RG,6625,10,D,YP,KK,D
14:38:01,INDF,RG,6625,46,D,YP,BK,D
14:38:01,INDF,RG,6625,1,D,AT,BK,D
14:38:01,INDF,RG,6625,4,D,SQ,BK,D
14:38:01,INDF,RG,6625,1,D,YP,BK,D
14:38:01,INDF,RG,6625,2,D,LG,BK,D
14:38:01,INDF,RG,6625,1,D,LG,BK,D
14:38:01,INDF,RG,6625,10,D,SQ,BK,D
14:38:01,INDF,RG,6625,1,D,PD,BK,D
14:38:01,INDF,RG,6625,1,D,PD,BK,D
14:38:01,INDF,RG,6625,9,D,LG,BK,D
14:38:01,INDF,RG,6625,1,D,LG,BK,D
14:38:01,INDF,RG,6625,15,D,XL,BK,D
14:38:01,INDF,RG,6625,1,D,KK,BK,D
14:37:58,INDF,RG,6650,2,F,KZ,BK,D
14:37:58,INDF,RG,6650,22,D,YU,BK,D
14:37:58,INDF,RG,6650,23,F,BK,BK,D
14:37:52,INDF,RG,6650,11,F,BK,BK,D
14:37:52,INDF,RG,6650,9,F,KZ,BK,D
14:37:52,INDF,RG,6650,8,F,KZ,BK,D
14:37:52,INDF,RG,6650,7,F,KZ,BK,D
14:37:52,INDF,RG,6650,1,D,KK,BK,D
14:37:52,INDF,RG,6650,18,F,RX,BK,D
14:37:49,INDF,RG,6650,92,F,RX,RX,F
14:37:48,INDF,RG,6650,33,F,RX,BK,D
14:37:48,INDF,RG,6650,11,F,ZP,BK,D
14:37:47,INDF,RG,6650,8,F,ZP,RX,F
14:37:47,INDF,RG,6650,13,F,RX,RX,F
14:37:47,INDF,RG,6650,22,F,RX,CC,F
14:37:47,INDF,RG,6650,1,F,ZP,CC,F
14:37:47,INDF,RG,6650,19,F,ZP,CC,F
14:37:47,INDF,RG,6650,142,F,KZ,CC,F
14:37:47,INDF,RG,6650,169,F,BK,CC,F
14:37:47,INDF,RG,6650,5,F,ZP,CC,F
14:37:47,INDF,RG,6650,78,F,BK,CC,F
14:37:47,INDF,RG,6650,48,F,RX,CC,F
14:37:47,INDF,RG,6650,37,F,RX,CC,F
14:37:47,INDF,RG,6650,73,F,RX,CC,F
14:37:47,INDF,RG,6650,5,D,LG,CC,F
14:37:47,INDF,RG,6650,28,D,YU,CC,F
14:37:47,INDF,RG,6650,57,F,RX,CC,F
14:37:47,INDF,RG,6650,1,F,AK,CC,F
14:37:47,INDF,RG,6650,11,F,YU,CC,F
14:37:46,INDF,RG,6650,1,F,YU,BK,D
14:37:46,INDF,RG,6650,90,F,BK,BK,D
14:37:44,INDF,RG,6650,1,F,BK,RX,F
14:37:44,INDF,RG,6650,72,F,BK,DX,F
14:37:43,INDF,RG,6650,4,F,BK,DR,D
14:37:42,INDF,RG,6650,2,F,BK,DR,D
14:37:41,INDF,RG,6650,5,F,BK,RX,F
14:37:40,INDF,RG,6650,5,F,BK,BK,D
14:37:40,INDF,RG,6650,41,D,SQ,BK,D
14:37:37,INDF,RG,6650,8,D,SQ,RX,F
14:37:35,INDF,RG,6650,59,D,SQ,BK,D
14:37:34,INDF,RG,6650,5,D,SQ,RX,F
14:37:31,INDF,RG,6650,45,D,SQ,BK,D
14:37:31,INDF,RG,6650,7,D,SQ,RX,F
14:37:28,INDF,RG,6650,51,D,SQ,BK,D
14:37:25,INDF,RG,6650,4,D,SQ,RX,F
14:37:25,INDF,RG,6650,1,D,YP,RX,F
14:37:25,INDF,RG,6650,3,D,PD,RX,F
14:37:23,INDF,RG,6650,7,D,PD,BK,D
14:37:23,INDF,RG,6650,20,D,NI,BK,D
14:37:23,INDF,RG,6650,19,F,RX,BK,D
14:37:23,INDF,RG,6650,7,F,ZP,BK,D
14:37:23,INDF,RG,6650,13,F,BK,BK,D
14:37:23,INDF,RG,6650,4,F,KZ,BK,D
14:37:21,INDF,RG,6650,7,F,KZ,RX,F
14:37:17,INDF,RG,6650,3,F,KZ,RX,F
14:37:17,INDF,RG,6650,10,F,KZ,RX,F
14:37:17,INDF,RG,6650,10,F,KZ,BK,D
14:37:17,INDF,RG,6650,43,F,RX,BK,D
14:37:15,INDF,RG,6650,33,F,RX,DX,F
14:37:15,INDF,RG,6650,50,D,SQ,DX,F
14:37:15,INDF,RG,6650,1,D,NI,DX,F
14:37:15,INDF,RG,6650,3,F,ZP,DX,F
14:37:15,INDF,RG,6650,23,F,RX,DX,F
14:37:15,INDF,RG,6675,1,D,ZP,RX,F
14:37:14,INDF,RG,6650,8,F,RX,RX,F
14:37:13,INDF,RG,6650,67,F,RX,BK,D
14:37:10,INDF,RG,6650,14,F,RX,RX,F
14:37:07,INDF,RG,6650,37,F,RX,BK,D
14:37:07,INDF,RG,6650,17,F,KZ,BK,D
14:37:03,INDF,RG,6650,3,F,KZ,BK,D
14:37:03,INDF,RG,6650,53,F,KZ,BK,D
14:37:02,INDF,RG,6650,5,F,KZ,YP,D
14:36:59,INDF,RG,6650,8,F,KZ,RX,F
14:36:58,INDF,RG,6650,17,F,KZ,BK,D
14:36:58,INDF,RG,6650,45,F,BK,BK,D
14:36:56,INDF,RG,6650,8,F,BK,RX,F
14:36:53,INDF,RG,6650,50,F,BK,RX,F
14:36:53,INDF,RG,6650,61,F,BK,BK,D
14:36:51,INDF,RG,6650,13,F,BK,PP,D
14:36:51,INDF,RG,6650,2,D,NI,PP,D
14:36:51,INDF,RG,6650,7,F,AK,PP,D
14:36:51,INDF,RG,6650,378,D,SQ,PP,D
14:36:50,INDF,RG,6650,8,D,SQ,RX,F
14:36:47,INDF,RG,6650,64,D,SQ,BK,D
14:36:44,INDF,RG,6650,9,D,SQ,RX,F
14:36:43,INDF,RG,6650,9,D,SQ,RX,F
14:36:43,INDF,RG,6650,32,D,SQ,DX,F
14:36:43,INDF,RG,6650,1,D,YP,DX,F
14:36:43,INDF,RG,6650,39,F,RX,DX,F
14:36:42,INDF,RG,6650,75,F,RX,BK,D
14:36:40,INDF,RG,6650,15,F,RX,RX,F
14:36:36,INDF,RG,6650,8,F,RX,BK,D
14:36:36,INDF,RG,6650,9,F,KZ,BK,D
14:36:36,INDF,RG,6650,23,F,BK,BK,D
14:36:36,INDF,RG,6650,32,F,KZ,BK,D
14:36:32,INDF,RG,6650,50,F,KZ,BK,D
14:36:29,INDF,RG,6650,9,F,KZ,RX,F
14:36:28,INDF,RG,6650,64,F,KZ,BK,D
14:36:28,INDF,RG,6650,6,F,ZP,BK,D
14:36:27,INDF,RG,6650,9,F,ZP,RX,F
14:36:27,INDF,RG,6650,1,F,ZP,RX,F
14:36:27,INDF,RG,6650,1,F,ZP,RX,F
14:36:24,INDF,RG,6650,2,F,ZP,BK,D
14:36:24,INDF,RG,6650,87,F,RX,BK,D
14:36:20,INDF,RG,6650,10,F,RX,RX,F
14:36:18,INDF,RG,6650,82,F,RX,BK,D
14:36:18,INDF,RG,6650,11,F,RX,RX,F
14:36:18,INDF,RG,6650,3,F,ZP,RX,F
14:36:17,INDF,RG,6650,12,F,ZP,DX,F
14:36:17,INDF,RG,6650,24,D,YU,DX,F
14:36:17,INDF,RG,6650,48,F,BK,DX,F
14:36:13,INDF,RG,6650,5,F,BK,YP,D
14:36:13,INDF,RG,6650,19,F,BK,BK,D
14:36:10,INDF,RG,6650,5,F,BK,RX,F
14:36:07,INDF,RG,6650,10,F,BK,RX,F
14:36:07,INDF,RG,6650,15,F,RX,RX,F
14:36:07,INDF,RG,6650,38,F,RX,PD,D
14:36:07,INDF,RG,6650,3,D,CP,PD,D
14:36:05,INDF,RG,6650,1,D,CP,CC,D
14:36:02,INDF,RG,6650,6,D,CP,BK,D
14:36:02,INDF,RG,6650,3,F,AK,BK,D
14:36:02,INDF,RG,6650,191,F,BK,BK,D
14:36:00,INDF,RG,6650,24,F,BK,RX,F
14:35:58,INDF,RG,6675,1,D,ZP,RX,F
14:35:57,INDF,RG,6650,43,F,BK,BK,D
14:35:57,INDF,RG,6650,103,F,YU,BK,D
14:35:57,INDF,RG,6650,54,F,RX,BK,D
14:35:46,INDF,RG,6650,14,F,RX,RX,F
14:35:43,INDF,RG,6650,4,F,RX,DX,F
14:35:43,INDF,RG,6650,91,F,RX,DX,F
14:35:43,INDF,RG,6650,16,F,RX,PD,D
14:35:19,INDF,RG,6650,15,F,RX,RX,F
14:35:17,INDF,RG,6650,24,F,RX,YP,D
14:35:17,INDF,RG,6650,3,D,DR,YP,D
14:35:17,INDF,RG,6650,14,F,BK,YP,D
14:35:17,INDF,RG,6650,9,F,ZP,YP,D
14:35:17,INDF,RG,6650,32,D,YP,YP,D
14:35:17,INDF,RG,6650,39,F,RX,YP,D
14:35:11,INDF,RG,6650,32,F,RX,DX,F
14:35:11,INDF,RG,6650,8,D,ZP,DX,F
14:35:11,INDF,RG,6650,24,F,ZP,DX,F
14:35:11,INDF,RG,6650,28,F,KZ,DX,F
14:35:10,INDF,RG,6650,57,F,KZ,PP,D
14:35:10,INDF,RG,6650,1,F,KZ,PP,D
14:35:10,INDF,RG,6650,92,F,BK,PP,D
14:35:09,INDF,RG,6675,1,D,YP,RX,F
14:35:04,INDF,RG,6650,16,F,BK,DR,D
14:34:48,INDF,RG,6650,160,F,BK,BK,D
14:34:48,INDF,RG,6650,9,F,RX,BK,D
14:34:47,INDF,RG,6675,28,F,BK,RX,F
14:34:45,INDF,RG,6650,18,F,RX,YP,D
14:34:45,INDF,RG,6650,23,F,KZ,YP,D
14:34:45,INDF,RG,6650,31,F,BK,YP,D
14:34:45,INDF,RG,6650,19,F,KZ,YP,D
14:34:45,INDF,RG,6650,2,F,AK,YP,D
14:34:45,INDF,RG,6650,2,F,AK,YP,D
14:34:45,INDF,RG,6650,76,D,SQ,YP,D
14:34:44,INDF,RG,6650,1,D,SQ,CC,D
14:34:44,INDF,RG,6650,61,D,SQ,BK,D
14:34:44,INDF,RG,6650,2,D,YP,BK,D
14:34:44,INDF,RG,6650,28,F,RX,BK,D
14:34:43,INDF,RG,6675,23,F,BK,RX,F
14:34:43,INDF,RG,6650,42,F,RX,DX,F
14:34:43,INDF,RG,6650,39,D,SQ,DX,F
14:34:40,INDF,RG,6675,45,F,BK,RX,F
14:34:39,INDF,RG,6650,44,D,SQ,RX,F
14:34:36,INDF,RG,6650,117,D,SQ,BK,D
14:34:36,INDF,RG,6650,5,D,CC,BK,D
14:34:36,INDF,RG,6650,11,F,BK,BK,D
14:34:34,INDF,RG,6650,113,F,BK,PP,D
14:34:34,INDF,RG,6650,7,D,CC,PP,D
14:34:34,INDF,RG,6650,19,D,ZP,PP,D
14:34:34,INDF,RG,6650,55,F,BK,PP,D
14:34:34,INDF,RG,6650,16,F,ZP,PP,D
14:34:34,INDF,RG,6650,22,F,RX,PP,D
14:34:34,INDF,RG,6650,2,D,PD,PP,D
14:34:34,INDF,RG,6650,40,F,ZP,PP,D
14:34:34,INDF,RG,6650,47,F,RX,PP,D
14:34:34,INDF,RG,6650,10,D,YP,PP,D
14:34:34,INDF,RG,6650,69,F,KZ,PP,D
14:34:33,INDF,RG,6650,20,F,KZ,SQ,D
14:34:30,INDF,RG,6675,25,F,BK,RX,F
14:34:25,INDF,RG,6650,65,F,KZ,RX,F
14:34:23,INDF,RG,6650,72,F,KZ,BK,D
14:34:23,INDF,RG,6650,23,D,KK,BK,D
14:34:23,INDF,RG,6650,2,D,KK,IF,D
14:34:23,INDF,RG,6650,1,D,YU,IF,D
14:34:23,INDF,RG,6650,22,D,SQ,IF,D
14:34:22,INDF,RG,6650,328,D,SQ,PP,D
14:34:22,INDF,RG,6650,27,F,BK,PP,D
14:34:22,INDF,RG,6650,1,D,PD,PP,D
14:34:22,INDF,RG,6650,1,D,GR,PP,D
14:34:22,INDF,RG,6650,42,F,RX,PP,D
14:34:22,INDF,RG,6650,1,D,AT,PP,D
14:34:18,INDF,RG,6650,2,D,AT,RX,F
14:34:18,INDF,RG,6650,9,F,ZP,RX,F
14:34:16,INDF,RG,6650,6,F,ZP,BK,D
14:34:16,INDF,RG,6650,2,F,AK,BK,D
14:34:16,INDF,RG,6650,81,F,RX,BK,D
14:34:15,INDF,RG,6650,8,F,RX,RX,F
14:34:14,INDF,RG,6650,37,F,RX,RX,F
14:34:14,INDF,RG,6650,19,F,YU,RX,F
14:34:14,INDF,RG,6650,66,F,YU,DX,F
14:34:11,INDF,RG,6650,57,F,YU,BK,D
14:34:10,INDF,RG,6650,98,F,YU,PP,D
14:34:10,INDF,RG,6650,1,D,PD,PP,D
14:34:10,INDF,RG,6650,75,F,BK,PP,D
14:34:10,INDF,RG,6650,104,F,RX,PP,D
14:34:10,INDF,RG,6650,5,D,NI,PP,D
14:34:10,INDF,RG,6650,28,F,KZ,PP,D
14:34:10,INDF,RG,6650,1,D,XC,PP,D
14:34:10,INDF,RG,6650,88,F,RX,PP,D
14:34:02,INDF,RG,6675,1,F,ZP,RX,F
14:34:02,INDF,RG,6650,5,F,RX,RX,F
14:34:00,INDF,RG,6650,41,F,RX,PD,D
14:33:52,INDF,RG,6650,16,F,RX,RX,F
14:33:50,INDF,RG,6650,65,F,RX,BK,D
14:33:50,INDF,RG,6650,13,F,ZP,BK,D
14:33:50,INDF,RG,6650,6,D,PD,BK,D
14:33:50,INDF,RG,6650,21,F,BK,BK,D
14:33:50,INDF,RG,6650,5,D,KK,BK,D
14:33:50,INDF,RG,6650,10,D,LG,BK,D
14:33:50,INDF,RG,6650,1,D,OD,BK,D
14:33:50,INDF,RG,6650,1,D,NI,BK,D
14:33:50,INDF,RG,6650,3,D,YU,BK,D
14:33:48,INDF,RG,6650,10,D,YU,RX,F
14:33:47,INDF,RG,6650,14,D,YU,DX,F
14:33:47,INDF,RG,6650,1,D,SQ,DX,F
14:33:47,INDF,RG,6650,73,F,BK,DX,F
14:33:42,INDF,RG,6675,1,F,ZP,RX,F
14:33:36,INDF,RG,6650,22,F,BK,RX,F
14:33:35,INDF,RG,6650,48,F,BK,BK,D
14:33:35,INDF,RG,6650,50,F,RX,BK,D
14:33:31,INDF,RG,6650,26,F,RX,YP,D
14:33:31,INDF,RG,6650,14,F,ZP,YP,D
14:33:31,INDF,RG,6650,200,D,SQ,YP,D
14:33:22,INDF,RG,6675,1,F,ZP,RX,F
14:33:20,INDF,RG,6650,72,D,SQ,DX,F
14:33:10,INDF,RG,6675,1,D,PD,RX,F
14:33:02,INDF,RG,6675,1,F,ZP,RX,F
14:33:00,INDF,RG,6675,2,D,YU,RX,F
14:32:55,INDF,RG,6650,1,D,SQ,KK,D
14:32:51,INDF,RG,6650,77,D,SQ,DX,F
14:32:51,INDF,RG,6650,3,D,YU,DX,F
14:32:49,INDF,RG,6650,25,D,YU,PD,D
14:32:49,INDF,RG,6650,10,D,ZP,PD,D
14:32:49,INDF,RG,6650,1,D,XC,PD,D
14:32:49,INDF,RG,6650,10,D,PD,PD,D
14:32:49,INDF,RG,6650,4,F,BK,PD,D
14:32:42,INDF,RG,6675,1,F,ZP,RX,F
14:32:33,INDF,RG,6675,5,D,YU,RX,F
14:32:22,INDF,RG,6650,15,F,BK,DX,F
14:32:22,INDF,RG,6650,61,F,RX,DX,F
14:32:22,INDF,RG,6675,1,F,ZP,RX,F
14:32:21,INDF,RG,6650,28,F,RX,BK,D
14:32:21,INDF,RG,6650,1,F,KZ,BK,D
14:32:21,INDF,RG,6650,1,F,KZ,BK,D
14:32:21,INDF,RG,6650,4,F,AK,BK,D
14:32:21,INDF,RG,6650,1,F,KZ,BK,D
14:32:21,INDF,RG,6650,6,F,AK,BK,D
14:32:21,INDF,RG,6650,51,F,KZ,BK,D
14:32:21,INDF,RG,6650,8,F,RX,BK,D
14:32:18,INDF,RG,6650,83,F,RX,PD,D
14:32:02,INDF,RG,6675,1,F,ZP,RX,F
14:31:55,INDF,RG,6650,80,F,RX,DX,F
14:31:42,INDF,RG,6675,1,F,ZP,RX,F
14:31:40,INDF,RG,6675,50,D,YU,RX,F
14:31:32,INDF,RG,6675,1,F,ZP,RX,F
14:31:29,INDF,RG,6675,1,D,YP,RX,F
14:31:15,INDF,RG,6675,2,F,AK,RX,F
14:31:15,INDF,RG,6650,4,F,RX,DX,F
14:31:15,INDF,RG,6650,1,D,XC,DX,F
14:31:15,INDF,RG,6650,16,D,PD,DX,F
14:31:11,INDF,RG,6675,1,F,ZP,RX,F
14:31:10,INDF,RG,6675,1,D,XC,RX,F
14:30:56,INDF,RG,6675,20,D,PC,RX,F
14:30:56,INDF,RG,6675,1,D,CC,RX,F
14:30:55,INDF,RG,6650,3,D,PD,RX,F
14:30:53,INDF,RG,6650,1,D,PD,DX,F
14:30:53,INDF,RG,6650,39,F,BK,DX,F
14:30:51,INDF,RG,6675,1,F,ZP,RX,F
14:30:31,INDF,RG,6675,1,F,ZP,RX,F
14:30:24,INDF,RG,6650,21,F,BK,RX,F
14:30:22,INDF,RG,6650,46,F,BK,DX,F
14:30:21,INDF,RG,6675,1,F,ZP,RX,F
14:30:01,INDF,RG,6675,1,F,ZP,RX,F
14:29:57,INDF,RG,6650,20,F,BK,DX,F
14:29:57,INDF,RG,6650,1,D,NI,DX,F
14:29:57,INDF,RG,6650,6,D,LG,DX,F
14:29:53,INDF,RG,6675,13,F,BK,RX,F
14:29:46,INDF,RG,6650,4,D,LG,DR,D
14:29:45,INDF,RG,6650,2,D,YP,DR,D
14:29:45,INDF,RG,6650,2,F,RX,DR,D
14:29:41,INDF,RG,6675,1,F,ZP,RX,F
14:29:38,INDF,RG,6675,3,D,ZP,RX,F
14:29:31,INDF,RG,6675,1,F,ZP,RX,F
14:29:26,INDF,RG,6650,29,F,RX,DX,F
14:29:26,INDF,RG,6650,3,F,RX,DX,F
14:29:24,INDF,RG,6650,1,F,RX,CC,D
14:29:20,INDF,RG,6675,9,D,BQ,RX,F
14:29:20,INDF,RG,6675,1,D,BQ,BK,D
14:29:11,INDF,RG,6675,1,F,ZP,BK,D
14:29:09,INDF,RG,6675,5,D,AZ,BK,D
14:29:01,INDF,RG,6675,1,F,ZP,BK,D
14:28:57,INDF,RG,6650,10,F,RX,IF,D
14:28:56,INDF,RG,6650,22,F,RX,DX,F
14:28:56,INDF,RG,6650,4,F,KZ,DX,F
14:28:55,INDF,RG,6675,30,D,PC,BK,D
14:28:49,INDF,RG,6650,10,F,KZ,IF,D
14:28:41,INDF,RG,6675,1,F,ZP,BK,D
14:28:28,INDF,RG,6650,50,F,KZ,DX,F
14:28:22,INDF,RG,6675,7,D,ZP,BK,D
14:27:54,INDF,RG,6650,40,F,KZ,DX,F
14:27:50,INDF,RG,6675,5,D,AZ,BK,D
14:27:42,INDF,RG,6675,1,D,KK,BK,D
14:27:37,INDF,RG,6675,1,D,ZP,BK,D
14:27:30,INDF,RG,6675,48,D,YU,BK,D
14:27:25,INDF,RG,6650,2,F,KZ,RX,F
14:27:22,INDF,RG,6650,22,F,KZ,DX,F
14:27:22,INDF,RG,6650,14,F,KZ,RX,F
14:27:20,INDF,RG,6675,1,F,ZP,BK,D
14:27:19,INDF,RG,6650,35,F,KZ,BK,D
14:27:19,INDF,RG,6650,3,F,AK,BK,D
14:27:19,INDF,RG,6650,28,F,RX,BK,D
14:27:19,INDF,RG,6650,2,D,PD,BK,D
14:27:19,INDF,RG,6650,19,F,ZP,BK,D
14:27:19,INDF,RG,6650,5,F,ZP,BK,D
14:27:19,INDF,RG,6650,16,F,RX,BK,D
14:27:19,INDF,RG,6650,2,F,RX,RX,F
14:27:16,INDF,RG,6650,15,F,RX,DR,D
14:27:16,INDF,RG,6650,10,F,RX,RX,F
14:27:15,INDF,RG,6675,2,F,AK,BK,D
14:27:15,INDF,RG,6650,46,F,RX,RX,F
14:27:14,INDF,RG,6650,84,F,RX,BK,D
14:27:13,INDF,RG,6650,32,F,RX,PP,D
14:27:13,INDF,RG,6650,2,D,KK,PP,D
14:27:13,INDF,RG,6650,10,D,DH,PP,D
14:27:13,INDF,RG,6650,5,D,PD,PP,D
14:27:13,INDF,RG,6650,1,D,PD,PP,D
14:27:13,INDF,RG,6650,55,F,ZP,PP,D
14:27:13,INDF,RG,6650,295,F,YU,PP,D
14:27:10,INDF,RG,6675,1,F,ZP,BK,D
14:27:05,INDF,RG,6650,6,F,YU,RX,F
14:27:04,INDF,RG,6650,1,F,YU,RX,F
14:27:03,INDF,RG,6650,42,F,YU,BK,D
14:27:03,INDF,RG,6650,8,D,NI,BK,D
14:27:01,INDF,RG,6650,12,D,NI,RX,F
14:27:01,INDF,RG,6650,2,F,BK,RX,F
14:26:59,INDF,RG,6650,110,F,BK,BK,D
14:26:57,INDF,RG,6650,12,F,BK,RX,F
14:26:57,INDF,RG,6650,1,D,YP,RX,F
14:26:57,INDF,RG,6650,42,D,SQ,RX,F
14:26:56,INDF,RG,6650,138,D,SQ,PP,D
14:26:56,INDF,RG,6650,1,D,CC,PP,D
14:26:56,INDF,RG,6650,15,D,ZP,PP,D
14:26:56,INDF,RG,6650,1,D,NI,PP,D
14:26:56,INDF,RG,6650,18,F,ZP,PP,D
14:26:56,INDF,RG,6650,1,D,CC,PP,D
14:26:56,INDF,RG,6650,10,D,DH,PP,D
14:26:56,INDF,RG,6650,4,D,KK,PP,D
14:26:56,INDF,RG,6650,2,D,YP,PP,D
14:26:56,INDF,RG,6650,1,D,YP,PP,D
14:26:56,INDF,RG,6650,166,F,RX,PP,D
14:26:56,INDF,RG,6650,43,F,KZ,PP,D
14:26:54,INDF,RG,6650,15,F,KZ,DX,F
14:26:54,INDF,RG,6650,29,F,RX,DX,F
14:26:50,INDF,RG,6675,1,F,ZP,BK,D
14:26:46,INDF,RG,6650,12,F,RX,RX,F
14:26:45,INDF,RG,6650,97,F,RX,BK,D
14:26:43,INDF,RG,6650,50,F,RX,RX,F
14:26:41,INDF,RG,6650,66,F,RX,PP,D
14:26:41,INDF,RG,6650,122,F,ZP,PP,D
14:26:41,INDF,RG,6650,10,D,GR,PP,D
14:26:41,INDF,RG,6650,1,D,YU,PP,D
14:26:41,INDF,RG,6650,1,D,PD,PP,D
14:26:41,INDF,RG,6650,100,D,BQ,PP,D
14:26:41,INDF,RG,6650,2,D,XC,PP,D
14:26:41,INDF,RG,6650,14,D,ZP,PP,D
14:26:41,INDF,RG,6650,10,D,EP,PP,D
14:26:41,INDF,RG,6650,74,D,BQ,PP,D
14:26:40,INDF,RG,6675,1,F,ZP,BK,D
14:26:30,INDF,RG,6675,1,F,ZP,BK,D
14:26:26,INDF,RG,6650,18,D,BQ,RX,F
14:26:25,INDF,RG,6650,8,D,BQ,DX,F
14:26:25,INDF,RG,6650,6,D,KK,DX,F
14:26:25,INDF,RG,6650,11,F,ZP,DX,F
14:26:25,INDF,RG,6650,2,F,BK,DX,F
14:26:20,INDF,RG,6675,1,F,ZP,BK,D
14:26:10,INDF,RG,6675,1,F,ZP,BK,D
14:25:59,INDF,RG,6650,36,F,BK,DX,F
14:25:49,INDF,RG,6675,1,F,ZP,BK,D
14:25:45,INDF,RG,6650,2,F,BK,YP,D
14:25:39,INDF,RG,6675,1,F,ZP,BK,D
14:25:31,INDF,RG,6650,32,F,BK,DX,F
14:25:30,INDF,RG,6675,37,F,ZP,BK,D
14:25:29,INDF,RG,6675,1,F,ZP,BK,D
14:25:19,INDF,RG,6675,1,F,ZP,BK,D
14:25:14,INDF,RG,6675,3,D,EP,BK,D
14:25:09,INDF,RG,6675,1,F,ZP,BK,D
14:25:06,INDF,RG,6650,5,F,BK,RX,F
14:25:04,INDF,RG,6675,15,D,YP,BK,D
14:25:04,INDF,RG,6650,17,F,BK,IF,D
14:25:04,INDF,RG,6650,8,D,PD,IF,D
14:25:03,INDF,RG,6650,17,D,PD,RX,F
14:24:59,INDF,RG,6675,1,F,ZP,BK,D
14:24:59,INDF,RG,6650,48,D,PD,DX,F
14:24:56,INDF,RG,6650,27,D,PD,PD,D
14:24:56,INDF,RG,6650,56,F,RX,PD,D
14:24:55,INDF,RG,6675,1,D,NI,BK,D
14:24:49,INDF,RG,6675,1,F,ZP,BK,D
14:24:30,INDF,RG,6650,6,F,RX,RX,F
14:24:29,INDF,RG,6675,1,F,ZP,BK,D
14:24:27,INDF,RG,6650,44,F,RX,DX,F
14:24:19,INDF,RG,6675,1,F,ZP,BK,D
14:24:09,INDF,RG,6675,1,F,ZP,BK,D
14:23:59,INDF,RG,6675,1,F,ZP,BK,D
14:23:55,INDF,RG,6650,21,F,RX,RX,F
14:23:53,INDF,RG,6650,26,F,RX,DX,F
14:23:52,INDF,RG,6650,1,F,RX,CC,D
14:23:49,INDF,RG,6675,1,F,ZP,BK,D
14:23:39,INDF,RG,6675,1,F,ZP,BK,D
14:23:29,INDF,RG,6675,1,F,ZP,BK,D
14:23:24,INDF,RG,6650,20,F,RX,DX,F
14:23:24,INDF,RG,6650,5,D,SQ,DX,F
14:23:24,INDF,RG,6650,3,D,YP,DX,F
14:23:24,INDF,RG,6650,1,D,PD,DX,F
14:23:24,INDF,RG,6650,11,D,YU,DX,F
14:23:24,INDF,RG,6675,21,F,ZP,BK,D
14:23:19,INDF,RG,6675,1,F,ZP,BK,D
14:23:09,INDF,RG,6675,1,F,ZP,BK,D
14:23:08,INDF,RG,6650,3,D,YU,YP,D
14:22:59,INDF,RG,6675,1,F,ZP,BK,D
14:22:58,INDF,RG,6675,6,D,ZP,BK,D
14:22:57,INDF,RG,6650,14,D,YU,DX,F
14:22:57,INDF,RG,6650,2,D,PD,DX,F
14:22:57,INDF,RG,6650,1,D,YP,DX,F
14:22:49,INDF,RG,6675,1,F,ZP,BK,D
14:22:42,INDF,RG,6650,2,D,XC,DR,D
14:22:42,INDF,RG,6650,4,D,XL,DR,D
14:22:42,INDF,RG,6650,1,D,PD,DR,D
14:22:34,INDF,RG,6675,38,F,ZP,BK,D
14:22:33,INDF,RG,6650,9,D,PD,RX,F
14:22:33,INDF,RG,6650,16,D,YU,RX,F
14:22:32,INDF,RG,6650,9,D,YU,DX,F
14:22:32,INDF,RG,6650,34,F,ZP,DX,F
14:22:32,INDF,RG,6650,5,F,BK,DX,F
14:22:11,INDF,RG,6675,1,D,GR,BK,D
14:22:03,INDF,RG,6650,26,F,BK,DX,F
14:21:35,INDF,RG,6675,1,F,ZP,BK,D
14:21:30,INDF,RG,6650,2,F,BK,DX,F
14:21:30,INDF,RG,6650,32,F,RX,DX,F
14:21:30,INDF,RG,6650,1,D,PD,DX,F
14:21:30,INDF,RG,6650,9,D,PD,DX,F
14:21:18,INDF,RG,6675,19,D,ZP,BK,D
14:21:16,INDF,RG,6675,6,F,ZP,BK,D
14:21:15,INDF,RG,6675,37,D,YU,BK,D
14:21:15,INDF,RG,6675,7,D,YU,BK,D
14:21:03,INDF,RG,6650,1,D,PD,RX,F
14:21:03,INDF,RG,6650,2,F,AK,RX,F
14:21:03,INDF,RG,6650,2,D,CC,RX,F
14:21:00,INDF,RG,6650,3,F,AK,DX,F
14:21:00,INDF,RG,6650,10,F,ZP,DX,F
14:21:00,INDF,RG,6650,32,F,KZ,DX,F
14:20:59,INDF,RG,6675,1,F,ZP,BK,D
14:20:51,INDF,RG,6650,19,F,KZ,RX,F
14:20:49,INDF,RG,6675,1,F,ZP,BK,D
14:20:48,INDF,RG,6650,2,F,KZ,DR,D
14:20:46,INDF,RG,6650,13,F,KZ,DR,D
14:20:41,INDF,RG,6650,9,F,KZ,XL,D
14:20:39,INDF,RG,6675,1,F,ZP,BK,D
14:20:32,INDF,RG,6675,9,F,ZP,BK,D
14:20:29,INDF,RG,6675,1,F,ZP,BK,D
14:20:28,INDF,RG,6650,30,F,KZ,DX,F
14:20:28,INDF,RG,6650,3,D,KK,DX,F
14:20:28,INDF,RG,6650,1,D,CP,DX,F
14:20:26,INDF,RG,6675,1,D,YP,BK,D
14:20:19,INDF,RG,6675,1,F,ZP,BK,D
14:20:16,INDF,RG,6650,1,F,KZ,YP,D
14:20:09,INDF,RG,6675,1,F,ZP,BK,D
14:20:05,INDF,RG,6675,21,F,ZP,BK,D
14:20:00,INDF,RG,6675,2,D,YU,BK,D
14:19:59,INDF,RG,6675,1,F,ZP,BK,D
14:19:58,INDF,RG,6650,12,F,KZ,DX,F
14:19:58,INDF,RG,6650,6,F,RX,DX,F
14:19:58,INDF,RG,6650,16,F,BK,DX,F
14:19:48,INDF,RG,6675,14,F,ZP,BK,D
14:19:39,INDF,RG,6675,1,F,ZP,BK,D
14:19:30,INDF,RG,6675,1,D,ZP,BK,D
14:19:30,INDF,RG,6650,2,F,BK,RX,F
14:19:29,INDF,RG,6675,1,F,ZP,BK,D
14:19:29,INDF,RG,6675,16,D,ZP,BK,D
14:19:26,INDF,RG,6650,7,F,BK,RX,F
14:19:24,INDF,RG,6650,54,F,BK,DX,F
14:19:19,INDF,RG,6675,1,F,ZP,BK,D
14:19:13,INDF,RG,6650,5,F,BK,RX,F
14:19:11,INDF,RG,6650,2,F,BK,XC,D
14:19:09,INDF,RG,6675,1,F,ZP,BK,D
14:19:00,INDF,RG,6650,5,F,BK,RX,F
14:18:59,INDF,RG,6650,11,F,BK,IF,D
14:18:59,INDF,RG,6650,19,F,KZ,IF,D
14:18:59,INDF,RG,6675,1,F,ZP,BK,D
14:18:53,INDF,RG,6650,20,F,KZ,DX,F
14:18:53,INDF,RG,6650,10,F,BK,DX,F
14:18:52,INDF,RG,6675,14,F,BK,BK,D
14:18:50,INDF,RG,6650,1,F,BK,RX,F
14:18:49,INDF,RG,6675,1,F,ZP,BK,D
14:18:39,INDF,RG,6675,1,F,ZP,BK,D
14:18:37,INDF,RG,6650,1,F,BK,CC,D
14:18:29,INDF,RG,6650,22,F,BK,RX,F
14:18:29,INDF,RG,6675,1,F,ZP,BK,D
14:18:21,INDF,RG,6650,26,F,BK,DX,F
14:18:20,INDF,RG,6650,1,F,BK,CC,D
14:18:19,INDF,RG,6675,1,F,ZP,BK,D
14:18:13,INDF,RG,6650,7,F,BK,YB,D
14:18:09,INDF,RG,6675,1,F,ZP,BK,D
14:17:59,INDF,RG,6675,1,F,ZP,BK,D
14:17:56,INDF,RG,6650,30,F,BK,IF,D
14:17:56,INDF,RG,6650,30,F,BK,DX,F
14:17:56,INDF,RG,6650,20,D,GR,DX,F
14:17:39,INDF,RG,6675,1,F,ZP,BK,D
14:17:30,INDF,RG,6675,53,D,YU,BK,D
14:17:29,INDF,RG,6675,1,F,ZP,BK,D
14:17:25,INDF,RG,6650,7,D,GR,RX,F
14:17:24,INDF,RG,6650,3,D,GR,RX,F
14:17:24,INDF,RG,6650,3,F,AK,RX,F
14:17:23,INDF,RG,6650,36,F,AK,BK,D
14:17:23,INDF,RG,6650,4,D,XC,BK,D
14:17:23,INDF,RG,6650,5,D,NI,BK,D
14:17:23,INDF,RG,6650,12,D,YP,BK,D
14:17:22,INDF,RG,6650,8,D,YP,DX,F
14:17:22,INDF,RG,6650,4,F,RX,DX,F
14:17:22,INDF,RG,6650,1,D,CC,DX,F
14:17:22,INDF,RG,6650,37,D,DH,DX,F
14:16:58,INDF,RG,6650,3,D,DH,RX,F
14:16:57,INDF,RG,6650,24,D,DH,DX,F
14:16:48,INDF,RG,6650,10,D,DH,RX,F
14:16:46,INDF,RG,6650,26,D,DH,PD,D
14:16:46,INDF,RG,6650,1,D,KK,PD,D
14:16:46,INDF,RG,6650,56,D,DX,PD,D
14:16:40,INDF,RG,6650,1,D,DX,HP,D
14:16:35,INDF,RG,6650,13,D,DX,RX,F
14:16:34,INDF,RG,6650,5,D,DX,PD,D
14:16:34,INDF,RG,6650,1,D,PD,PD,D
14:16:34,INDF,RG,6650,1,D,KK,PD,D
14:16:34,INDF,RG,6650,1,F,RX,PD,D
14:16:34,INDF,RG,6650,2,D,PD,PD,D
14:16:34,INDF,RG,6650,15,D,OD,PD,D
14:16:34,INDF,RG,6650,10,F,RX,PD,D
14:16:34,INDF,RG,6650,2,F,AK,PD,D
14:16:34,INDF,RG,6650,63,F,KZ,PD,D
14:16:34,INDF,RG,6675,4,F,ZP,BK,D
14:16:25,INDF,RG,6650,52,F,KZ,RX,F
14:16:23,INDF,RG,6650,6,F,KZ,DX,F
14:16:23,INDF,RG,6650,48,F,RX,DX,F
14:16:20,INDF,RG,6675,2,D,PD,BK,D
14:15:57,INDF,RG,6650,23,F,RX,DX,F
14:15:45,INDF,RG,6675,9,F,ZP,BK,D
14:15:26,INDF,RG,6675,13,F,BK,BK,D
14:15:22,INDF,RG,6650,50,F,RX,DX,F
14:15:12,INDF,RG,6675,3,D,ZP,BK,D
14:14:57,INDF,RG,6650,24,F,RX,DX,F
14:14:46,INDF,RG,6650,8,F,RX,DR,D
14:14:31,INDF,RG,6650,54,F,RX,DX,F
14:14:30,INDF,RG,6675,37,D,ZP,BK,D
14:14:20,INDF,RG,6675,6,F,ZP,BK,D
14:14:19,INDF,RG,6675,50,F,ZP,BK,D
14:13:58,INDF,RG,6650,4,F,RX,DX,F
14:13:58,INDF,RG,6650,2,D,PD,DX,F
14:13:58,INDF,RG,6650,5,D,YP,DX,F
14:13:58,INDF,RG,6650,7,F,YU,DX,F
14:13:45,INDF,RG,6675,30,D,YU,BK,D
14:13:45,INDF,RG,6675,24,D,YU,DX,F
14:13:37,INDF,RG,6650,1,F,YU,RX,F
14:13:36,INDF,RG,6675,4,D,ZP,DX,F
14:13:26,INDF,RG,6650,3,F,YU,RX,F
14:13:24,INDF,RG,6650,25,F,YU,DX,F
14:13:23,INDF,RG,6650,1,F,YU,RX,F
14:13:22,INDF,RG,6650,5,F,YU,CC,D
14:13:20,INDF,RG,6675,2,D,YU,DX,F
14:13:01,INDF,RG,6650,5,F,YU,RX,F
14:12:59,INDF,RG,6650,2,F,YU,RX,F
14:12:58,INDF,RG,6650,42,F,YU,DX,F
14:12:58,INDF,RG,6650,14,F,YU,DR,D
14:12:58,INDF,RG,6650,1,F,YU,CC,D
14:12:46,INDF,RG,6650,28,F,YU,RX,F
14:12:41,INDF,RG,6650,59,F,YU,BK,D
14:12:39,INDF,RG,6650,55,F,YU,PD,D
14:12:32,INDF,RG,6650,12,F,YU,DX,F
14:12:32,INDF,RG,6650,32,D,SQ,DX,F
14:12:17,INDF,RG,6675,2,D,XC,DX,F
14:11:53,INDF,RG,6675,8,D,ZP,DX,F
14:11:49,INDF,RG,6675,13,F,BK,DX,F
14:11:35,INDF,RG,6675,5,D,DH,DX,F
14:11:20,INDF,RG,6650,34,D,SQ,BK,D
14:11:16,INDF,RG,6650,6,D,SQ,RX,F
14:11:15,INDF,RG,6675,46,D,YU,DX,F
14:10:57,INDF,RG,6650,1,D,SQ,RX,F
14:10:55,INDF,RG,6675,5,F,AK,DX,F
14:10:55,INDF,RG,6650,4,D,SQ,RX,F
14:10:54,INDF,RG,6650,38,D,SQ,DX,F
14:10:45,INDF,RG,6650,7,D,SQ,RX,F
14:10:44,INDF,RG,6650,51,D,SQ,BK,D
14:10:44,INDF,RG,6650,12,D,SQ,RX,F
14:10:41,INDF,RG,6650,99,D,SQ,BK,D
14:10:41,INDF,RG,6650,26,D,SQ,RX,F
14:10:41,INDF,RG,6650,24,F,RX,RX,F
14:10:39,INDF,RG,6650,5,F,RX,PP,D
14:10:39,INDF,RG,6650,6,D,ZP,PP,D
14:10:39,INDF,RG,6650,1,D,XC,PP,D
14:10:39,INDF,RG,6650,12,D,ZP,PP,D
14:10:39,INDF,RG,6650,3,D,YP,PP,D
14:10:39,INDF,RG,6650,50,D,YP,PP,D
14:10:39,INDF,RG,6650,92,F,RX,PP,D
14:10:39,INDF,RG,6650,6,D,YP,PP,D
14:10:39,INDF,RG,6650,5,D,CC,PP,D
14:10:39,INDF,RG,6650,1,D,CC,PP,D
14:10:39,INDF,RG,6650,1,D,XC,PP,D
14:10:39,INDF,RG,6650,1,D,NI,PP,D
14:10:39,INDF,RG,6650,5,D,NI,PP,D
14:10:39,INDF,RG,6650,1,D,XC,PP,D
14:10:39,INDF,RG,6650,2,D,XC,PP,D
14:10:39,INDF,RG,6650,1,D,YP,PP,D
14:10:39,INDF,RG,6650,5,D,CC,PP,D
14:10:39,INDF,RG,6650,3,D,XC,PP,D
14:10:39,INDF,RG,6650,10,D,PD,PP,D
14:10:39,INDF,RG,6650,4,D,AZ,PP,D
14:10:39,INDF,RG,6650,50,D,XC,PP,D
14:10:39,INDF,RG,6650,5,D,XC,PP,D
14:10:39,INDF,RG,6650,49,D,XC,PP,D
14:10:39,INDF,RG,6650,5,F,ZP,PP,D
14:10:39,INDF,RG,6650,77,F,KZ,PP,D
14:10:32,INDF,RG,6650,35,F,KZ,RX,F
14:10:30,INDF,RG,6650,36,F,KZ,BK,D
14:10:28,INDF,RG,6650,40,F,KZ,DX,F
14:09:53,INDF,RG,6650,21,F,KZ,DX,F
14:09:21,INDF,RG,6675,17,F,ZP,DX,F
14:09:20,INDF,RG,6675,4,D,NI,DX,F
14:09:19,INDF,RG,6650,1,D,PD,DX,F
14:09:19,INDF,RG,6650,35,D,GR,DX,F
14:08:02,INDF,RG,6675,4,D,ZP,DX,F
14:08:01,INDF,RG,6675,13,F,BK,DX,F
14:07:33,INDF,RG,6650,52,D,GR,BK,D
14:07:30,INDF,RG,6675,50,D,YU,DX,F
14:07:24,INDF,RG,6650,13,D,GR,RX,F
14:07:23,INDF,RG,6650,6,D,GR,RX,F
14:07:22,INDF,RG,6650,45,D,GR,RX,F
14:07:22,INDF,RG,6650,10,D,NI,RX,F
14:07:22,INDF,RG,6650,1,D,PD,RX,F
14:07:22,INDF,RG,6650,5,D,SQ,RX,F
14:07:22,INDF,RG,6650,1,D,PD,RX,F
14:07:22,INDF,RG,6650,3,D,XC,RX,F
14:07:22,INDF,RG,6650,38,F,BK,RX,F
14:07:22,INDF,RG,6650,1,F,BK,CC,D
14:07:21,INDF,RG,6650,75,F,BK,BK,D
14:07:21,INDF,RG,6650,85,F,YU,BK,D
14:07:21,INDF,RG,6650,164,F,YU,PP,D
14:07:21,INDF,RG,6650,236,F,RX,PP,D
14:06:27,INDF,RG,6675,1,D,XC,DX,F
14:06:10,INDF,RG,6675,6,D,ZP,DX,F
14:05:23,INDF,RG,6650,1,F,RX,NI,D
14:05:11,INDF,RG,6650,36,F,RX,BK,D
14:05:10,INDF,RG,6650,7,F,RX,DR,D
14:05:10,INDF,RG,6675,5,F,ZP,DX,F
14:05:07,INDF,RG,6650,100,F,RX,PD,D
14:05:05,INDF,RG,6650,49,F,RX,BK,D
14:05:02,INDF,RG,6675,200,D,PD,DX,F
14:04:58,INDF,RG,6650,4,F,RX,RX,F
14:04:56,INDF,RG,6650,5,F,RX,RX,F
14:04:56,INDF,RG,6650,29,F,RX,BK,D
14:04:55,INDF,RG,6650,13,F,RX,DX,F
14:04:55,INDF,RG,6650,10,D,GR,DX,F
14:04:55,INDF,RG,6650,5,D,XC,DX,F
14:04:55,INDF,RG,6650,12,F,BK,DX,F
14:04:30,INDF,RG,6650,3,F,BK,RX,F
14:04:26,INDF,RG,6650,26,F,BK,DX,F
14:04:18,INDF,RG,6650,1,F,BK,RX,F
14:04:16,INDF,RG,6675,10,D,ZP,DX,F
14:04:08,INDF,RG,6650,3,F,BK,RX,F
14:04:07,INDF,RG,6650,20,F,BK,BK,D
14:04:07,INDF,RG,6650,2,F,BK,RX,F
14:04:05,INDF,RG,6650,22,F,BK,NI,D
14:03:54,INDF,RG,6650,6,F,BK,RX,F
14:03:51,INDF,RG,6650,3,F,BK,DX,F
14:03:51,INDF,RG,6650,39,D,SQ,DX,F
14:03:28,INDF,RG,6650,3,D,SQ,RX,F
14:03:26,INDF,RG,6650,27,D,SQ,DX,F
14:03:12,INDF,RG,6650,3,D,SQ,YB,D
14:03:02,INDF,RG,6650,3,D,SQ,RX,F
14:03:01,INDF,RG,6650,15,D,SQ,DX,F
14:03:01,INDF,RG,6650,5,D,PD,DX,F
14:03:00,INDF,RG,6650,5,D,PD,RX,F
14:03:00,INDF,RG,6650,3,F,BK,RX,F
14:02:59,INDF,RG,6650,39,F,BK,BK,D
14:02:58,INDF,RG,6675,5,D,ZP,DX,F
14:02:54,INDF,RG,6650,30,F,BK,BK,D
14:02:50,INDF,RG,6650,15,F,BK,RX,F
14:02:50,INDF,RG,6650,1,D,YU,RX,F
14:02:50,INDF,RG,6650,163,F,RX,RX,F
14:02:40,INDF,RG,6650,33,F,RX,BK,D
14:02:35,INDF,RG,6650,48,F,RX,DX,F
14:02:01,INDF,RG,6650,28,F,RX,DX,F
14:01:50,INDF,RG,6650,2,F,RX,CC,D
14:00:59,INDF,RG,6675,8,F,ZP,DX,F
14:00:58,INDF,RG,6650,1,F,RX,CC,D
14:00:56,INDF,RG,6650,4,F,RX,PD,D
14:00:55,INDF,RG,6650,20,F,RX,BK,D
14:00:52,INDF,RG,6650,5,F,RX,BK,D
14:00:52,INDF,RG,6650,36,F,BK,BK,D
14:00:50,INDF,RG,6675,50,F,RX,DX,F
14:00:48,INDF,RG,6675,36,D,SQ,DX,F
14:00:48,INDF,RG,6675,64,D,SQ,YP,D
14:00:29,INDF,RG,6650,36,F,BK,DX,F
14:00:06,INDF,RG,6650,11,F,BK,BK,D
14:00:06,INDF,RG,6650,2,F,AK,BK,D
14:00:06,INDF,RG,6650,10,D,LG,BK,D
14:00:06,INDF,RG,6650,9,D,YU,BK,D
14:00:03,INDF,RG,6675,11,F,RX,YP,D
14:00:03,INDF,RG,6675,70,F,RX,KI,D
14:00:01,INDF,RG,6675,10,F,RX,KI,D
14:00:01,INDF,RG,6675,1,F,RX,PD,D
14:00:01,INDF,RG,6675,18,F,RX,DR,D
14:00:01,INDF,RG,6675,2,D,YU,DR,D
14:00:01,INDF,RG,6650,15,D,YU,BK,D
14:00:01,INDF,RG,6650,1,F,AK,BK,D
14:00:01,INDF,RG,6650,10,D,CC,BK,D
14:00:01,INDF,RG,6650,8,D,YU,BK,D
13:59:59,INDF,RG,6650,42,D,YU,DX,F
13:59:59,INDF,RG,6650,1,D,PD,DX,F
13:59:59,INDF,RG,6650,8,D,YU,DX,F
13:59:58,INDF,RG,6675,2,F,BK,CS,F
13:59:55,INDF,RG,6650,5,D,YU,BK,D
13:59:55,INDF,RG,6650,20,D,NI,BK,D
13:59:55,INDF,RG,6650,35,F,KZ,BK,D
13:59:54,INDF,RG,6675,6,F,BK,CS,F
13:59:51,INDF,RG,6675,8,F,ZP,CS,F
13:59:50,INDF,RG,6675,200,D,BQ,CS,F
13:59:39,INDF,RG,6650,2,F,KZ,CC,D
13:59:34,INDF,RG,6675,1,F,BK,CS,F
13:59:33,INDF,RG,6675,8,F,RX,CS,F
13:59:31,INDF,RG,6675,28,F,RX,CS,F
13:59:31,INDF,RG,6675,5,F,ZP,CS,F
13:59:30,INDF,RG,6675,4,F,BK,CS,F
13:59:27,INDF,RG,6650,24,F,KZ,BK,D
13:59:25,INDF,RG,6650,3,F,KZ,DX,F
13:59:25,INDF,RG,6650,6,F,KZ,DX,F
13:59:25,INDF,RG,6650,35,F,KZ,DX,F
13:59:24,INDF,RG,6650,12,F,KZ,BK,D
13:59:21,INDF,RG,6675,14,F,BK,CS,F
13:59:16,INDF,RG,6650,4,F,KZ,DR,D
13:59:16,INDF,RG,6650,1,F,KZ,DR,D
13:59:15,INDF,RG,6675,5,F,AK,CS,F
13:58:58,INDF,RG,6675,6,D,XC,CS,F
13:58:57,INDF,RG,6675,13,F,RX,CS,F
13:58:52,INDF,RG,6650,12,F,KZ,DX,F
13:58:52,INDF,RG,6650,5,F,YU,DX,F
13:58:45,INDF,RG,6675,1,D,ZP,CS,F
13:58:08,INDF,RG,6675,1,D,EP,CS,F
13:57:54,INDF,RG,6650,6,F,YU,YB,D
13:57:47,INDF,RG,6650,20,F,YU,BK,D
13:57:42,INDF,RG,6675,26,F,RX,CS,F
13:57:40,INDF,RG,6675,7,F,RX,CS,F
13:57:33,INDF,RG,6650,22,F,YU,BK,D
13:57:30,INDF,RG,6675,50,D,YU,CS,F
13:57:25,INDF,RG,6675,4,D,XC,CS,F
13:57:24,INDF,RG,6650,3,F,YU,DR,D
13:57:22,INDF,RG,6650,14,F,YU,DR,D
13:56:42,INDF,RG,6675,15,F,RX,CS,F
13:56:42,INDF,RG,6650,14,F,YU,BK,D
13:56:40,INDF,RG,6675,8,D,ZP,CS,F
13:56:32,INDF,RG,6650,26,F,YU,BK,D
13:56:31,INDF,RG,6675,5,F,ZP,CS,F
13:56:30,INDF,RG,6675,8,D,XC,CS,F
13:56:29,INDF,RG,6650,5,F,YU,CC,F
13:56:28,INDF,RG,6675,63,F,RX,CS,F
13:56:18,INDF,RG,6650,1,F,YU,CC,D
13:56:02,INDF,RG,6675,12,F,RX,CS,F
13:56:00,INDF,RG,6675,2,F,RX,CS,F
13:55:51,INDF,RG,6650,3,F,YU,RX,F
13:55:49,INDF,RG,6675,18,F,RX,CS,F
13:55:49,INDF,RG,6650,2,F,YU,NI,D
13:55:06,INDF,RG,6650,1,F,YU,RX,F
13:55:06,INDF,RG,6650,1,F,ZP,RX,F
13:55:04,INDF,RG,6650,15,F,ZP,BK,D
13:55:02,INDF,RG,6650,8,F,ZP,RX,F
13:54:59,INDF,RG,6650,22,F,ZP,BK,D
13:54:59,INDF,RG,6650,44,F,BK,BK,D
13:54:59,INDF,RG,6650,1,F,BK,RX,F
13:54:56,INDF,RG,6650,114,F,BK,RX,F
13:54:56,INDF,RG,6650,2,F,AK,RX,F
13:54:56,INDF,RG,6650,31,F,AK,RX,F
13:54:56,INDF,RG,6650,5,D,CC,RX,F
13:54:56,INDF,RG,6650,51,F,BK,RX,F
13:54:55,INDF,RG,6650,14,F,BK,BK,D
13:54:51,INDF,RG,6650,14,F,BK,BK,D
13:54:51,INDF,RG,6650,10,D,PD,BK,D
13:54:51,INDF,RG,6650,2,D,XC,BK,D
13:54:51,INDF,RG,6650,6,D,YP,BK,D
13:54:51,INDF,RG,6650,50,D,YP,BK,D
13:54:51,INDF,RG,6650,1,D,XC,BK,D
13:54:51,INDF,RG,6650,1,D,PD,BK,D
13:54:51,INDF,RG,6650,5,D,PD,BK,D
13:54:51,INDF,RG,6650,1,D,PD,BK,D
13:54:51,INDF,RG,6650,1,D,XC,BK,D
13:54:51,INDF,RG,6650,1,D,PD,BK,D
13:54:51,INDF,RG,6650,2,D,YP,BK,D
13:54:51,INDF,RG,6650,1,D,PD,BK,D
13:54:51,INDF,RG,6650,5,D,PD,BK,D
13:54:51,INDF,RG,6650,41,F,BK,BK,D
13:54:51,INDF,RG,6650,15,D,ZP,BK,D
13:54:51,INDF,RG,6650,12,D,ZP,BK,D
13:54:51,INDF,RG,6650,11,F,ZP,BK,D
13:54:50,INDF,RG,6675,13,F,BK,CS,F
13:54:50,INDF,RG,6675,32,F,BK,CS,F
13:54:48,INDF,RG,6650,20,F,ZP,PP,D
13:54:48,INDF,RG,6650,10,F,ZP,PP,D
13:54:48,INDF,RG,6650,13,D,YU,PP,D
13:54:48,INDF,RG,6650,103,F,KZ,PP,D
13:54:48,INDF,RG,6650,1,D,PD,PP,D
13:54:48,INDF,RG,6650,1,D,PD,PP,D
13:54:48,INDF,RG,6650,15,D,LG,PP,D
13:54:48,INDF,RG,6650,8,D,SQ,PP,D
13:54:48,INDF,RG,6650,1,D,YP,PP,D
13:54:48,INDF,RG,6650,34,D,DR,PP,D
13:54:48,INDF,RG,6650,1,D,PD,PP,D
13:54:48,INDF,RG,6650,26,D,PD,PP,D
13:54:48,INDF,RG,6650,2,D,PD,PP,D
13:54:48,INDF,RG,6650,1,D,PD,PP,D
13:54:48,INDF,RG,6650,1,D,PD,PP,D
13:54:48,INDF,RG,6650,1,D,EP,PP,D
13:54:48,INDF,RG,6650,50,D,YP,PP,D
13:54:48,INDF,RG,6650,1,D,KK,PP,D
13:54:48,INDF,RG,6650,1,D,YP,PP,D
13:54:48,INDF,RG,6650,20,D,GR,PP,D
13:54:48,INDF,RG,6650,16,D,YU,PP,D
13:54:48,INDF,RG,6650,2,D,SQ,PP,D
13:54:48,INDF,RG,6650,72,D,CP,PP,D
13:54:45,INDF,RG,6675,1,F,AK,CS,F
13:54:44,INDF,RG,6675,1,D,YP,CS,F
13:53:33,INDF,RG,6675,7,F,ZP,CS,F
13:53:25,INDF,RG,6650,2,D,CP,BK,D
13:53:25,INDF,RG,6650,16,F,RX,BK,D
13:53:23,INDF,RG,6675,11,F,BK,CS,F
13:53:23,INDF,RG,6675,3,F,BK,PD,D
13:53:23,INDF,RG,6675,1,F,BK,PD,D
13:53:23,INDF,RG,6675,1,F,BK,PD,D
13:53:23,INDF,RG,6675,8,F,BK,IF,D
13:53:23,INDF,RG,6675,1,F,BK,XC,D
13:53:23,INDF,RG,6675,1,F,BK,IF,D
13:53:23,INDF,RG,6675,14,F,BK,IF,D
13:53:21,INDF,RG,6650,23,F,RX,BK,D
13:53:20,INDF,RG,6675,5,D,YU,IF,D
13:53:20,INDF,RG,6675,40,D,YU,DX,F
13:53:18,INDF,RG,6650,18,F,RX,BK,D
13:53:12,INDF,RG,6650,50,F,RX,YP,D
13:51:52,INDF,RG,6650,11,F,RX,AZ,D
13:51:51,INDF,RG,6650,12,F,RX,BK,D
13:51:49,INDF,RG,6675,29,F,BK,DX,F
13:51:44,INDF,RG,6675,1,F,ZP,DX,F
13:51:43,INDF,RG,6650,3,F,RX,DR,D
13:51:42,INDF,RG,6650,1,F,RX,DR,D
13:51:30,INDF,RG,6675,5,F,ZP,DX,F
13:51:22,INDF,RG,6675,12,F,ZP,DX,F
13:51:02,INDF,RG,6650,17,F,RX,BK,D
13:50:57,INDF,RG,6675,18,F,BK,DX,F
13:50:55,INDF,RG,6650,1,F,RX,CC,D
13:50:52,INDF,RG,6675,13,D,ZP,DX,F
13:50:51,INDF,RG,6675,2,D,ZP,DX,F
13:50:10,INDF,RG,6650,22,F,RX,BK,D
13:50:07,INDF,RG,6650,24,F,RX,NI,D
13:50:03,INDF,RG,6650,22,F,RX,BK,D
13:50:02,INDF,RG,6675,2,D,YU,DX,F
13:50:00,INDF,RG,6675,53,D,YU,DX,F
13:49:36,INDF,RG,6650,4,F,RX,DR,D
13:49:34,INDF,RG,6650,15,F,RX,DR,D
13:49:31,INDF,RG,6675,12,F,BK,DX,F
13:49:31,INDF,RG,6650,22,F,RX,BK,D
13:49:28,INDF,RG,6675,30,F,BK,DX,F
13:49:04,INDF,RG,6675,15,D,ZP,DX,F
13:48:47,INDF,RG,6675,3,D,CC,DX,F
13:48:10,INDF,RG,6675,5,F,ZP,DX,F
13:47:56,INDF,RG,6650,14,F,RX,BK,D
13:47:55,INDF,RG,6675,44,F,RX,DX,F
13:47:49,INDF,RG,6675,4,F,AK,DX,F
13:47:48,INDF,RG,6675,39,F,BK,DX,F
13:46:46,INDF,RG,6675,16,F,RX,DX,F
13:46:42,INDF,RG,6675,1,D,DH,DX,F
13:46:36,INDF,RG,6650,2,F,RX,SQ,D
13:46:26,INDF,RG,6675,1,D,NI,DX,F
13:46:20,INDF,RG,6675,8,F,ZP,DX,F
13:45:52,INDF,RG,6675,45,F,BK,DX,F
13:45:21,INDF,RG,6650,1,F,RX,CC,D
13:45:06,INDF,RG,6675,3,F,BK,DX,F
13:45:06,INDF,RG,6675,18,F,BK,DX,F
13:45:00,INDF,RG,6675,54,D,YU,DX,F
13:44:49,INDF,RG,6650,13,F,RX,PD,D
13:44:49,INDF,RG,6650,25,D,CP,PD,D
13:44:49,INDF,RG,6650,17,F,KZ,PD,D
13:44:42,INDF,RG,6675,1,D,XC,DX,F
13:44:19,INDF,RG,6675,20,D,PC,DX,F
13:44:02,INDF,RG,6675,5,F,ZP,DX,F
13:43:34,INDF,RG,6650,6,F,KZ,DR,D
13:43:30,INDF,RG,6650,1,F,KZ,CC,D
13:43:30,INDF,RG,6650,1,D,LG,CC,D
13:43:24,INDF,RG,6675,4,D,ZP,DX,F
13:42:24,INDF,RG,6675,7,F,RX,DX,F
13:42:24,INDF,RG,6675,5,F,RX,DX,F
13:42:14,INDF,RG,6675,10,D,PD,DX,F
13:41:48,INDF,RG,6650,2,D,SQ,DR,D
13:41:46,INDF,RG,6650,14,D,SQ,DR,D
13:41:42,INDF,RG,6675,2,F,ZP,DX,F
13:41:41,INDF,RG,6675,13,F,BK,DX,F
13:41:40,INDF,RG,6675,10,F,RX,DX,F
13:41:38,INDF,RG,6675,6,F,RX,DX,F
13:41:31,INDF,RG,6675,8,D,ZP,DX,F
13:41:30,INDF,RG,6675,2,D,ZP,DX,F
13:41:28,INDF,RG,6675,8,D,ZP,DX,F
13:40:56,INDF,RG,6675,9,F,RX,DX,F
13:40:54,INDF,RG,6675,12,F,RX,DX,F
13:40:34,INDF,RG,6675,7,F,ZP,DX,F
13:40:30,INDF,RG,6675,20,F,RX,DX,F
13:40:07,INDF,RG,6675,25,F,RX,DX,F
13:40:07,INDF,RG,6675,47,F,RX,DX,F
13:40:03,INDF,RG,6650,1,D,SQ,CC,D
13:40:01,INDF,RG,6675,2,D,YU,DX,F
13:40:01,INDF,RG,6675,47,D,YU,DX,F
13:39:51,INDF,RG,6650,2,D,SQ,PD,D
13:38:32,INDF,RG,6675,15,F,RX,DX,F
13:38:15,INDF,RG,6675,36,F,RX,DX,F
13:38:15,INDF,RG,6675,9,F,RX,CC,D
13:38:15,INDF,RG,6675,10,F,RX,PD,D
13:38:15,INDF,RG,6675,4,F,RX,PD,D
13:38:06,INDF,RG,6675,8,F,ZP,PD,D
13:37:33,INDF,RG,6675,18,F,ZP,PD,D
13:37:33,INDF,RG,6675,1,F,ZP,DR,D
13:37:33,INDF,RG,6675,2,F,ZP,IF,D
13:37:05,INDF,RG,6650,10,D,SQ,PD,D
13:36:56,INDF,RG,6675,13,F,RX,IF,D
13:36:56,INDF,RG,6675,8,F,RX,RX,F
13:36:56,INDF,RG,6675,1,F,RX,NI,D
13:36:56,INDF,RG,6675,2,F,RX,PD,D
13:36:56,INDF,RG,6675,5,F,RX,NI,D
13:36:35,INDF,RG,6675,3,F,ZP,NI,D
13:36:35,INDF,RG,6675,1,F,ZP,XC,D
13:36:35,INDF,RG,6675,5,F,ZP,YB,D
13:36:35,INDF,RG,6675,3,F,ZP,ZP,D
13:36:35,INDF,RG,6675,2,F,ZP,PD,D
13:36:35,INDF,RG,6675,4,F,ZP,GR,D
13:36:17,INDF,RG,6675,14,F,RX,GR,D
13:35:58,INDF,RG,6675,2,F,RX,GR,D
13:35:58,INDF,RG,6675,1,F,RX,XC,D
13:35:58,INDF,RG,6675,10,F,RX,RX,F
13:35:44,INDF,RG,6675,13,F,BK,RX,F
13:35:43,INDF,RG,6675,28,F,RX,RX,F
13:35:40,INDF,RG,6675,35,F,ZP,RX,F
13:35:06,INDF,RG,6675,20,F,RX,RX,F
13:35:06,INDF,RG,6675,13,F,BK,RX,F
13:35:00,INDF,RG,6675,50,D,YU,RX,F
13:34:39,INDF,RG,6650,1,D,SQ,CC,D
13:33:52,INDF,RG,6675,6,D,ZP,RX,F
13:33:48,INDF,RG,6675,4,D,NI,RX,F
13:33:48,INDF,RG,6675,1,D,NI,BK,D
13:33:04,INDF,RG,6675,13,F,BK,BK,D
13:32:29,INDF,RG,6675,12,F,BK,BK,D
13:32:09,INDF,RG,6650,2,D,SQ,DR,D
13:31:54,INDF,RG,6675,13,F,BK,BK,D
13:31:04,INDF,RG,6650,8,D,SQ,DR,D
13:30:31,INDF,RG,6675,24,F,BK,BK,D
13:30:29,INDF,RG,6675,18,F,BK,BK,D
13:30:27,INDF,RG,6650,27,D,SQ,DX,F
13:30:25,INDF,RG,6675,49,F,BK,BK,D
13:30:21,INDF,RG,6675,243,F,BK,BK,D
13:30:16,INDF,RG,6675,5,F,AK,BK,D
13:30:15,INDF,RG,6650,1,D,SQ,NI,F
13:30:14,INDF,RG,6675,121,F,RX,BK,D
13:30:14,INDF,RG,6675,5,F,RX,LG,D
13:30:14,INDF,RG,6675,10,F,RX,PD,D
13:30:14,INDF,RG,6675,36,F,RX,BK,D
13:30:13,INDF,RG,6650,112,D,SQ,DX,F
13:30:13,INDF,RG,6650,13,F,BK,DX,F
13:30:13,INDF,RG,6650,2,D,YP,DX,F
13:30:13,INDF,RG,6650,3,D,PD,DX,F
13:30:13,INDF,RG,6650,4,F,KZ,DX,F
13:30:13,INDF,RG,6650,1,F,KZ,DX,F
13:30:13,INDF,RG,6650,2,D,PD,DX,F
13:30:13,INDF,RG,6650,21,F,KZ,DX,F
13:30:13,INDF,RG,6650,1,D,XC,DX,F
13:30:13,INDF,RG,6650,11,F,KZ,DX,F
13:30:13,INDF,RG,6650,16,D,YP,DX,F
13:30:13,INDF,RG,6650,2,D,NI,DX,F
13:30:13,INDF,RG,6650,5,D,OD,DX,F
13:30:13,INDF,RG,6650,1,D,PD,DX,F
13:30:13,INDF,RG,6650,6,D,CC,DX,F
13:30:13,INDF,RG,6650,190,D,SQ,DX,F
13:30:13,INDF,RG,6650,10,D,LG,DX,F
13:30:13,INDF,RG,6650,10,D,CC,DX,F
13:30:13,INDF,RG,6650,1,D,TP,DX,F
13:30:13,INDF,RG,6650,2,F,ZP,DX,F
13:30:13,INDF,RG,6650,3,F,ZP,DX,F
13:30:13,INDF,RG,6650,167,F,RX,DX,F
13:30:13,INDF,RG,6650,1,D,XC,DX,F
13:30:13,INDF,RG,6650,2,D,PD,DX,F
13:30:13,INDF,RG,6650,2,D,PD,DX,F
13:30:13,INDF,RG,6650,16,D,KK,DX,F
13:30:13,INDF,RG,6650,50,D,YP,DX,F
13:30:13,INDF,RG,6650,50,D,YP,DX,F
13:30:13,INDF,RG,6650,15,D,GR,DX,F
13:30:13,INDF,RG,6650,3,D,CC,DX,F
13:30:13,INDF,RG,6650,78,F,YU,DX,F
13:30:11,INDF,RG,6675,150,D,SQ,BK,D
13:30:09,INDF,RG,6650,3,F,YU,CC,D
13:30:07,INDF,RG,6650,3,F,YU,XC,D
13:30:07,INDF,RG,6650,3,F,YU,XC,D
13:30:07,INDF,RG,6650,10,F,YU,PD,D
13:30:07,INDF,RG,6675,32,F,BK,BK,D
13:30:07,INDF,RG,6650,2,F,YU,PD,D
13:30:06,INDF,RG,6650,2,F,YU,PD,D
13:30:05,INDF,RG,6650,1,F,YU,PD,D
13:30:05,INDF,RG,6675,36,D,KK,BK,D
13:30:05,INDF,RG,6650,1,F,YU,DH,D
13:30:05,INDF,RG,6675,1,D,YP,BK,D
13:30:05,INDF,RG,6650,1,F,YU,AT,D
13:30:04,INDF,RG,6650,1,F,YU,LG,D
13:30:03,INDF,RG,6675,1,D,EP,BK,D
13:30:03,INDF,RG,6650,1,F,YU,PD,D
13:30:03,INDF,RG,6675,3,D,XL,BK,D
13:30:02,INDF,RG,6650,10,F,YU,EP,D
13:30:02,INDF,RG,6675,193,D,PP,BK,D
13:30:02,INDF,RG,6675,2,D,PP,XC,D
13:30:02,INDF,RG,6675,3,D,PP,YP,D
13:30:02,INDF,RG,6675,1,D,PP,NI,D
13:30:02,INDF,RG,6675,2,D,PP,DR,D
13:30:02,INDF,RG,6675,5,D,PP,PD,D
13:30:02,INDF,RG,6675,50,D,PP,YP,D
13:30:02,INDF,RG,6675,1,D,PP,DH,D
13:30:02,INDF,RG,6675,40,D,PP,YP,D
13:30:02,INDF,RG,6675,1,D,PP,PD,D
13:30:02,INDF,RG,6675,7,D,PP,YP,D
13:30:02,INDF,RG,6675,1,D,PP,DR,D
13:30:02,INDF,RG,6675,1,D,PP,PD,D
13:30:02,INDF,RG,6675,15,D,PP,IF,D
13:30:02,INDF,RG,6675,193,D,PP,RX,F
13:30:02,INDF,RG,6675,1,D,PP,NI,D
13:30:02,INDF,RG,6675,4,D,PP,XC,D
13:30:02,INDF,RG,6675,8,D,PP,CC,D
13:30:02,INDF,RG,6675,5,D,PP,CC,D
13:30:02,INDF,RG,6675,2,D,PP,OD,D
13:30:02,INDF,RG,6675,199,D,PP,YP,D
13:30:02,INDF,RG,6650,80,F,YU,GR,D
13:30:02,INDF,RG,6650,20,F,KZ,GR,D
11:29:56,INDF,RG,6650,55,F,KZ,PD,D
11:29:52,INDF,RG,6650,13,F,KZ,BK,D
11:29:50,INDF,RG,6675,6,F,ZP,YP,D
11:29:50,INDF,RG,6650,29,F,KZ,BK,D
11:29:50,INDF,RG,6650,8,D,CC,BK,D
11:29:45,INDF,RG,6675,30,D,CD,YP,D
11:29:35,INDF,RG,6650,14,D,CC,BK,D
11:29:30,INDF,RG,6675,6,F,ZP,YP,D
11:29:26,INDF,RG,6650,12,D,CC,BK,D
11:29:22,INDF,RG,6650,13,D,CC,BK,D
11:29:21,INDF,RG,6675,5,F,BK,YP,D
11:29:21,INDF,RG,6675,20,F,BK,DH,D
11:29:20,INDF,RG,6675,5,F,ZP,YP,D
11:29:19,INDF,RG,6650,3,D,CC,BK,D
11:29:19,INDF,RG,6650,5,D,PD,BK,D
11:29:19,INDF,RG,6650,4,D,CC,BK,D
11:29:16,INDF,RG,6650,11,D,CC,BK,D
11:29:16,INDF,RG,6650,9,F,BK,BK,D
11:29:16,INDF,RG,6650,4,F,BK,RX,F
11:29:13,INDF,RG,6675,15,F,BK,YP,D
11:29:13,INDF,RG,6675,10,F,BK,DX,F
11:29:13,INDF,RG,6650,2,F,BK,RX,F
11:29:12,INDF,RG,6650,22,F,BK,BK,D
11:29:10,INDF,RG,6650,6,F,BK,RX,F
11:29:10,INDF,RG,6650,10,D,SQ,RX,F
11:29:10,INDF,RG,6650,2,D,KK,RX,F
11:29:10,INDF,RG,6650,21,F,RX,RX,F
11:29:09,INDF,RG,6650,37,F,RX,BK,D
11:29:06,INDF,RG,6650,16,F,RX,PD,D
11:28:46,INDF,RG,6650,16,F,RX,BK,D
11:28:42,INDF,RG,6650,12,F,RX,BK,D
11:28:40,INDF,RG,6675,5,F,ZP,DX,F
11:28:32,INDF,RG,6650,22,F,RX,BK,D
11:28:30,INDF,RG,6675,23,F,BK,DX,F
11:28:28,INDF,RG,6650,27,F,RX,BK,D
11:28:04,INDF,RG,6650,24,F,RX,BK,D
11:28:01,INDF,RG,6650,30,F,RX,BK,D
11:27:50,INDF,RG,6675,6,F,ZP,DX,F
11:27:43,INDF,RG,6675,21,F,BK,DX,F
11:27:40,INDF,RG,6650,28,F,RX,BK,D
11:27:35,INDF,RG,6650,20,F,RX,BK,D
11:27:34,INDF,RG,6675,16,F,BK,DX,F
11:27:31,INDF,RG,6650,3,F,RX,RX,F
11:27:28,INDF,RG,6650,28,F,RX,BK,D
11:27:28,INDF,RG,6650,7,F,RX,RX,F
11:27:26,INDF,RG,6675,25,F,BK,DX,F
11:27:25,INDF,RG,6650,31,F,RX,BK,D
11:27:25,INDF,RG,6675,1,D,ZP,DX,F
11:27:25,INDF,RG,6650,7,F,RX,RX,F
11:27:25,INDF,RG,6650,1,D,NI,RX,F
11:27:25,INDF,RG,6650,2,F,KZ,RX,F
11:27:25,INDF,RG,6650,8,F,KZ,RX,F
11:27:23,INDF,RG,6650,49,F,KZ,PD,D
11:27:23,INDF,RG,6650,6,F,KZ,PD,D
11:27:08,INDF,RG,6650,17,F,KZ,BK,D
11:27:08,INDF,RG,6650,21,F,KZ,BK,D
11:27:08,INDF,RG,6650,1,F,AK,BK,D
11:27:08,INDF,RG,6650,1,D,YU,BK,D
11:27:08,INDF,RG,6650,1,D,XC,BK,D
11:27:08,INDF,RG,6650,1,D,YP,BK,D
11:27:06,INDF,RG,6675,16,F,BK,DX,F
11:27:02,INDF,RG,6650,1,D,YP,BK,D
11:27:02,INDF,RG,6650,1,D,XC,BK,D
11:27:02,INDF,RG,6650,2,D,ZP,BK,D
11:27:02,INDF,RG,6650,2,D,XC,BK,D
11:27:02,INDF,RG,6650,19,D,YP,BK,D
11:26:59,INDF,RG,6650,3,D,YP,RX,F
11:26:59,INDF,RG,6650,3,D,CC,RX,F
11:26:59,INDF,RG,6650,2,D,DR,RX,F
11:26:59,INDF,RG,6650,1,D,YP,RX,F
11:26:58,INDF,RG,6675,26,F,BK,DX,F
11:26:58,INDF,RG,6650,1,D,YP,RX,F
11:26:58,INDF,RG,6650,1,D,NI,RX,F
11:26:58,INDF,RG,6650,5,D,SQ,RX,F
11:26:57,INDF,RG,6650,45,D,SQ,BK,D
11:26:56,INDF,RG,6650,55,D,SQ,PD,D
11:26:55,INDF,RG,6650,3,D,SQ,RX,F
11:26:54,INDF,RG,6650,27,D,SQ,DX,F
11:26:44,INDF,RG,6650,7,D,SQ,RX,F
11:26:35,INDF,RG,6650,8,D,SQ,BK,D
11:26:35,INDF,RG,6650,5,D,PD,BK,D
11:26:35,INDF,RG,6650,1,D,PD,BK,D
11:26:35,INDF,RG,6650,39,F,YU,BK,D
11:26:30,INDF,RG,6650,7,F,YU,RX,F
11:26:30,INDF,RG,6675,1,F,AK,DX,F
11:26:30,INDF,RG,6650,55,F,YU,BK,D
11:26:29,INDF,RG,6650,10,F,YU,RX,F
11:26:29,INDF,RG,6650,1,F,YU,CC,D
11:26:28,INDF,RG,6650,26,F,YU,PD,D
11:26:28,INDF,RG,6650,29,F,BK,PD,D
11:26:27,INDF,RG,6650,23,F,BK,DX,F
11:26:12,INDF,RG,6650,2,F,BK,RX,F
11:26:12,INDF,RG,6650,12,F,BK,BK,D
11:26:12,INDF,RG,6650,10,F,KZ,BK,D
11:26:10,INDF,RG,6650,7,F,KZ,RX,F
11:26:07,INDF,RG,6650,56,F,KZ,PD,D
11:26:01,INDF,RG,6650,7,F,KZ,RX,F
11:25:59,INDF,RG,6650,50,F,KZ,BK,D
11:25:58,INDF,RG,6650,7,F,KZ,RX,F
11:25:57,INDF,RG,6650,33,F,KZ,BK,D
11:25:55,INDF,RG,6650,23,F,KZ,DX,F
11:25:44,INDF,RG,6650,3,F,KZ,RX,F
11:25:36,INDF,RG,6650,9,F,KZ,BK,D
11:25:36,INDF,RG,6650,1,D,YP,BK,D
11:25:36,INDF,RG,6650,5,F,ZP,BK,D
11:25:36,INDF,RG,6650,2,D,NI,BK,D
11:25:36,INDF,RG,6650,1,D,PD,BK,D
11:25:36,INDF,RG,6650,1,D,CD,BK,D
11:25:36,INDF,RG,6650,5,D,CC,BK,D
11:25:36,INDF,RG,6650,1,D,YU,BK,D
11:25:36,INDF,RG,6650,3,D,SQ,BK,D
11:25:34,INDF,RG,6650,3,D,SQ,RX,F
11:25:25,INDF,RG,6650,26,D,SQ,DX,F
11:25:19,INDF,RG,6675,1,F,ZP,DX,F
11:25:17,INDF,RG,6650,7,D,SQ,RX,F
11:25:13,INDF,RG,6650,77,D,SQ,BK,D
11:24:52,INDF,RG,6650,26,D,SQ,DX,F
11:24:49,INDF,RG,6675,1,F,ZP,DX,F
11:24:45,INDF,RG,6675,1,F,AK,DX,F
11:24:34,INDF,RG,6650,38,D,SQ,BK,D
11:24:34,INDF,RG,6650,23,F,BK,BK,D
11:24:26,INDF,RG,6650,20,F,BK,DX,F
11:24:19,INDF,RG,6675,1,F,ZP,DX,F
11:24:10,INDF,RG,6650,50,F,BK,BK,D
11:23:49,INDF,RG,6675,1,F,ZP,DX,F
11:23:30,INDF,RG,6650,17,F,BK,BK,D
11:23:30,INDF,RG,6650,75,F,BK,BK,D
11:23:19,INDF,RG,6675,1,F,ZP,DX,F
11:23:18,INDF,RG,6675,14,F,BK,DX,F
11:22:57,INDF,RG,6675,12,F,BK,DX,F
11:22:45,INDF,RG,6675,1,D,XC,DX,F
11:22:39,INDF,RG,6675,1,F,ZP,DX,F
11:22:36,INDF,RG,6650,107,F,BK,BK,D
11:22:34,INDF,RG,6675,12,F,BK,DX,F
11:22:30,INDF,RG,6675,2,F,AK,DX,F
11:22:25,INDF,RG,6650,18,F,BK,DX,F
11:22:25,INDF,RG,6650,9,D,SQ,DX,F
11:22:09,INDF,RG,6675,1,F,ZP,DX,F
11:21:50,INDF,RG,6675,16,F,BK,DX,F
11:21:49,INDF,RG,6650,16,D,SQ,BK,D
11:21:49,INDF,RG,6650,5,D,PD,BK,D
11:21:49,INDF,RG,6650,80,F,RX,BK,D
11:21:39,INDF,RG,6675,1,F,ZP,DX,F
11:21:26,INDF,RG,6675,14,F,BK,DX,F
11:21:11,INDF,RG,6675,1,F,ZP,DX,F
11:20:55,INDF,RG,6675,12,F,BK,DX,F
11:20:51,INDF,RG,6650,1,F,RX,CC,D
11:20:50,INDF,RG,6650,125,F,RX,BK,D
11:20:41,INDF,RG,6675,1,F,ZP,DX,F
11:20:33,INDF,RG,6675,14,F,BK,DX,F
11:20:11,INDF,RG,6675,1,F,ZP,DX,F
11:19:56,INDF,RG,6675,19,F,BK,DX,F
11:19:56,INDF,RG,6650,25,F,RX,DX,F
11:19:50,INDF,RG,6675,1,F,ZP,DX,F
11:19:45,INDF,RG,6675,3,F,AK,DX,F
11:19:31,INDF,RG,6650,1,F,RX,PD,D
11:19:30,INDF,RG,6675,1,D,ZP,DX,F
11:19:25,INDF,RG,6675,6,D,XL,DX,F
11:19:20,INDF,RG,6675,1,F,ZP,DX,F
11:19:13,INDF,RG,6675,23,F,BK,DX,F
11:18:50,INDF,RG,6675,1,F,ZP,DX,F
11:18:45,INDF,RG,6675,1,F,AK,DX,F
11:18:37,INDF,RG,6650,1,F,RX,XC,D
11:18:34,INDF,RG,6675,15,F,BK,DX,F
11:18:20,INDF,RG,6675,1,F,ZP,DX,F
11:18:15,INDF,RG,6675,13,F,BK,DX,F
11:18:09,INDF,RG,6675,5,D,XL,DX,F
11:17:55,INDF,RG,6675,1,F,AK,DX,F
11:17:54,INDF,RG,6650,16,F,RX,DX,F
11:17:50,INDF,RG,6675,1,F,ZP,DX,F
11:17:29,INDF,RG,6675,2,D,NI,DX,F
11:17:21,INDF,RG,6675,26,F,BK,DX,F
11:17:21,INDF,RG,6675,1,F,BK,YU,D
11:17:20,INDF,RG,6675,1,F,ZP,YU,D
11:17:04,INDF,RG,6675,1,D,XL,YU,D
11:16:58,INDF,RG,6650,27,F,RX,DX,F
11:16:50,INDF,RG,6675,1,F,ZP,YU,D
11:16:30,INDF,RG,6675,1,F,ZP,YU,D
11:16:26,INDF,RG,6650,20,F,RX,DX,F
11:16:17,INDF,RG,6650,1,F,RX,CC,D
11:16:12,INDF,RG,6675,5,F,BK,YU,D
11:16:12,INDF,RG,6675,15,F,BK,IF,D
11:16:12,INDF,RG,6675,3,F,BK,RX,F
11:16:00,INDF,RG,6675,1,F,ZP,RX,F
11:15:33,INDF,RG,6650,22,F,RX,DX,F
11:15:30,INDF,RG,6675,1,F,ZP,RX,F
11:15:08,INDF,RG,6650,1,F,RX,CC,D
11:15:07,INDF,RG,6650,26,F,RX,DX,F
11:15:00,INDF,RG,6675,1,F,ZP,RX,F
11:15:00,INDF,RG,6675,2,D,YU,RX,F
11:14:50,INDF,RG,6675,2,F,AK,RX,F
11:14:49,INDF,RG,6675,2,D,ZP,RX,F
11:14:40,INDF,RG,6675,1,F,ZP,RX,F
11:14:33,INDF,RG,6650,18,F,RX,DX,F
11:14:28,INDF,RG,6675,28,F,BK,RX,F
11:14:10,INDF,RG,6675,1,F,ZP,RX,F
11:14:03,INDF,RG,6650,22,F,RX,DX,F
11:13:40,INDF,RG,6675,1,F,ZP,RX,F
11:13:38,INDF,RG,6650,1,F,RX,PD,D
11:13:32,INDF,RG,6650,38,F,RX,DX,F
11:13:20,INDF,RG,6675,1,F,ZP,RX,F
11:13:14,INDF,RG,6650,1,F,RX,PD,D
11:13:00,INDF,RG,6650,21,F,RX,DX,F
11:12:50,INDF,RG,6675,1,F,ZP,RX,F
11:12:34,INDF,RG,6650,16,F,RX,DX,F
11:12:30,INDF,RG,6675,1,F,ZP,RX,F
11:12:06,INDF,RG,6650,16,F,RX,DX,F
11:12:00,INDF,RG,6675,1,F,ZP,RX,F
11:11:42,INDF,RG,6675,16,F,BK,RX,F
11:11:40,INDF,RG,6675,1,F,ZP,RX,F
11:11:39,INDF,RG,6650,21,F,RX,DX,F
11:11:14,INDF,RG,6650,24,F,RX,DX,F
11:11:14,INDF,RG,6650,3,D,CC,DX,F
11:11:14,INDF,RG,6650,1,D,CP,DX,F
11:11:10,INDF,RG,6675,1,F,ZP,RX,F
11:10:50,INDF,RG,6675,1,F,ZP,RX,F
11:10:39,INDF,RG,6650,9,D,CP,DX,F
11:10:39,INDF,RG,6650,12,D,AI,DX,F
11:10:20,INDF,RG,6675,1,F,ZP,RX,F
11:10:04,INDF,RG,6650,23,D,AI,DX,F
11:09:32,INDF,RG,6650,1,D,AI,CC,D
11:09:09,INDF,RG,6650,14,D,AI,DX,F
11:09:09,INDF,RG,6650,5,D,PD,DX,F
11:09:09,INDF,RG,6650,3,D,XL,DX,F
11:08:36,INDF,RG,6650,2,D,XL,DX,F
11:08:36,INDF,RG,6650,2,D,YP,DX,F
11:08:36,INDF,RG,6650,20,F,BK,DX,F
11:08:36,INDF,RG,6650,10,F,BK,YP,D
11:08:11,INDF,RG,6650,28,F,BK,DX,F
11:08:00,INDF,RG,6650,10,F,BK,CC,D
11:07:44,INDF,RG,6650,13,F,BK,DX,F
11:07:44,INDF,RG,6650,17,D,SQ,DX,F
11:07:12,INDF,RG,6650,83,D,SQ,XC,D
11:07:12,INDF,RG,6650,4,D,ZP,XC,D
11:07:12,INDF,RG,6650,10,D,YU,XC,D
11:07:12,INDF,RG,6650,3,F,KZ,XC,D
11:07:12,INDF,RG,6650,5,D,KK,XC,D
11:07:12,INDF,RG,6650,1,F,AK,XC,D
11:07:12,INDF,RG,6650,5,D,KK,XC,D
11:07:12,INDF,RG,6650,2,F,KZ,XC,D
11:07:12,INDF,RG,6650,5,D,CC,XC,D
11:07:12,INDF,RG,6650,1,D,YP,XC,D
11:07:12,INDF,RG,6650,1,D,XC,XC,D
11:07:12,INDF,RG,6650,1,F,KZ,XC,D
11:07:12,INDF,RG,6650,1,D,PD,XC,D
11:07:12,INDF,RG,6650,10,D,KK,XC,D
11:07:12,INDF,RG,6650,2,D,PD,XC,D
11:07:12,INDF,RG,6650,1,F,AK,XC,D
11:07:12,INDF,RG,6650,1,F,AK,XC,D
11:07:12,INDF,RG,6650,1,D,YU,XC,D
11:07:12,INDF,RG,6650,38,F,BK,XC,D
11:07:11,INDF,RG,6650,6,F,BK,DX,F
11:07:11,INDF,RG,6650,8,F,ZP,DX,F
11:07:11,INDF,RG,6650,1,D,YP,DX,F
11:07:09,INDF,RG,6675,17,F,BK,RX,F
11:07:08,INDF,RG,6650,20,D,YP,IF,D
11:07:00,INDF,RG,6675,1,F,ZP,RX,F
11:06:57,INDF,RG,6650,2,D,YP,NI,D
11:06:54,INDF,RG,6675,13,F,BK,RX,F
11:06:51,INDF,RG,6650,77,D,YP,CC,D
11:06:51,INDF,RG,6650,2,D,YP,CC,D
11:06:40,INDF,RG,6650,2,D,YP,DX,F
11:06:40,INDF,RG,6650,1,D,XC,DX,F
11:06:40,INDF,RG,6650,29,F,BK,DX,F
11:06:30,INDF,RG,6675,1,F,ZP,RX,F
11:06:12,INDF,RG,6675,1,F,ZP,RX,F
11:06:06,INDF,RG,6650,22,F,BK,DX,F
11:05:52,INDF,RG,6675,1,F,ZP,RX,F
11:05:37,INDF,RG,6650,15,F,BK,DX,F
11:05:05,INDF,RG,6675,15,F,BK,RX,F
11:05:03,INDF,RG,6650,13,F,BK,DX,F
11:05:03,INDF,RG,6650,14,F,RX,DX,F
11:04:48,INDF,RG,6650,2,F,RX,XC,D
11:04:45,INDF,RG,6650,5,F,RX,CC,D
11:04:42,INDF,RG,6650,1,F,RX,IF,D
11:04:30,INDF,RG,6650,21,F,RX,DX,F
11:04:02,INDF,RG,6650,17,F,RX,DX,F
11:03:56,INDF,RG,6650,2,F,RX,CC,D
11:03:55,INDF,RG,6650,1,F,RX,PD,D
11:03:29,INDF,RG,6650,19,F,RX,DX,F
11:03:12,INDF,RG,6675,19,F,BK,RX,F
11:03:11,INDF,RG,6675,6,F,ZP,RX,F
11:03:08,INDF,RG,6675,34,F,BK,RX,F
11:02:59,INDF,RG,6650,18,F,RX,DX,F
11:02:29,INDF,RG,6650,26,F,RX,DX,F
11:02:06,INDF,RG,6675,12,D,XC,RX,F
11:01:58,INDF,RG,6675,3,F,BK,RX,F
11:01:58,INDF,RG,6675,11,F,BK,DX,F
11:01:56,INDF,RG,6675,20,F,BK,DX,F
11:01:18,INDF,RG,6675,14,F,BK,DX,F
11:01:17,INDF,RG,6650,97,F,RX,CC,D
11:00:43,INDF,RG,6675,4,F,AK,DX,F
11:00:41,INDF,RG,6675,20,F,BK,DX,F
11:00:27,INDF,RG,6650,21,F,RX,DX,F
11:00:27,INDF,RG,6650,5,D,SQ,DX,F
10:59:51,INDF,RG,6675,5,D,CC,DX,F
10:59:34,INDF,RG,6675,1,D,XL,DX,F
10:59:01,INDF,RG,6675,2,D,ZP,DX,F
10:58:45,INDF,RG,6675,30,F,BK,DX,F
10:58:39,INDF,RG,6650,2,D,SQ,CC,D
10:58:28,INDF,RG,6675,21,F,BK,DX,F
10:58:26,INDF,RG,6650,25,D,SQ,DX,F
10:58:14,INDF,RG,6650,1,D,SQ,CC,D
10:58:11,INDF,RG,6675,5,F,ZP,DX,F
10:58:02,INDF,RG,6675,5,D,XC,DX,F
10:57:11,INDF,RG,6675,23,F,BK,DX,F
10:56:58,INDF,RG,6650,24,D,SQ,DX,F
10:56:31,INDF,RG,6650,3,D,SQ,DX,F
10:56:31,INDF,RG,6650,5,D,NI,DX,F
10:56:31,INDF,RG,6650,1,F,KZ,DX,F
10:56:31,INDF,RG,6650,2,D,CC,DX,F
10:56:31,INDF,RG,6650,6,F,KZ,DX,F
10:56:31,INDF,RG,6650,9,F,BK,DX,F
10:55:36,INDF,RG,6675,23,F,BK,DX,F
10:55:07,INDF,RG,6675,1,D,YP,DX,F
10:55:00,INDF,RG,6675,2,D,YU,DX,F
10:54:55,INDF,RG,6675,23,F,BK,DX,F
10:54:52,INDF,RG,6675,22,F,RX,DX,F
10:54:52,INDF,RG,6675,24,F,RX,RX,F
10:54:41,INDF,RG,6675,20,F,ZP,RX,F
10:54:35,INDF,RG,6675,13,F,BK,RX,F
10:54:32,INDF,RG,6675,35,F,BK,RX,F
10:54:31,INDF,RG,6675,1,F,ZP,RX,F
10:54:28,INDF,RG,6675,98,F,RX,RX,F
10:54:28,INDF,RG,6675,297,F,RX,BK,D
10:54:27,INDF,RG,6650,26,F,BK,DX,F
10:54:26,INDF,RG,6675,298,F,YU,BK,D
10:54:25,INDF,RG,6675,1,D,EP,BK,D
10:54:11,INDF,RG,6675,1,F,ZP,BK,D
10:54:04,INDF,RG,6675,20,F,BK,BK,D
10:53:56,INDF,RG,6650,2,F,BK,RX,F
10:53:54,INDF,RG,6650,1,F,BK,DX,F
10:53:54,INDF,RG,6650,20,F,KZ,DX,F
10:53:50,INDF,RG,6675,1,F,ZP,BK,D
10:53:30,INDF,RG,6675,1,F,ZP,BK,D
10:53:28,INDF,RG,6650,2,F,KZ,RX,F
10:53:26,INDF,RG,6650,16,F,KZ,DX,F
10:53:25,INDF,RG,6650,1,F,KZ,RX,F
10:53:22,INDF,RG,6675,2,D,ZP,BK,D
10:53:10,INDF,RG,6675,1,F,ZP,BK,D
10:52:52,INDF,RG,6650,5,F,KZ,RX,F
10:52:51,INDF,RG,6650,22,F,KZ,DX,F
10:52:50,INDF,RG,6675,1,F,ZP,BK,D
10:52:50,INDF,RG,6650,1,F,KZ,CC,D
10:52:30,INDF,RG,6675,1,F,ZP,BK,D
10:52:20,INDF,RG,6650,17,F,KZ,DX,F
10:52:10,INDF,RG,6675,1,F,ZP,BK,D
10:52:05,INDF,RG,6650,1,F,KZ,RX,F
10:52:00,INDF,RG,6675,4,F,AK,BK,D
10:51:56,INDF,RG,6650,3,F,KZ,RX,F
10:51:55,INDF,RG,6650,1,F,KZ,RX,F
10:51:54,INDF,RG,6650,25,F,KZ,DX,F
10:51:50,INDF,RG,6675,10,D,CC,BK,D
10:51:40,INDF,RG,6675,1,F,ZP,BK,D
10:51:23,INDF,RG,6650,1,F,KZ,RX,F
10:51:23,INDF,RG,6675,1,F,ZP,BK,D
10:51:22,INDF,RG,6650,3,F,KZ,RX,F
10:51:21,INDF,RG,6650,32,F,KZ,DX,F
10:51:04,INDF,RG,6650,1,D,XC,RX,F
10:51:03,INDF,RG,6675,1,F,ZP,BK,D
10:50:56,INDF,RG,6650,14,D,XC,RX,F
10:50:56,INDF,RG,6650,3,D,PD,RX,F
10:50:54,INDF,RG,6650,2,D,PD,DX,F
10:50:54,INDF,RG,6650,1,D,NI,DX,F
10:50:54,INDF,RG,6650,1,D,DX,DX,F
10:50:54,INDF,RG,6650,3,D,PD,DX,F
10:50:54,INDF,RG,6650,1,D,GR,DX,F
10:50:54,INDF,RG,6650,1,D,XC,DX,F
10:50:54,INDF,RG,6650,1,D,XC,DX,F
10:50:54,INDF,RG,6650,10,F,YU,DX,F
10:50:43,INDF,RG,6675,1,F,ZP,BK,D
10:50:37,INDF,RG,6675,2,D,XL,BK,D
10:50:24,INDF,RG,6650,16,F,YU,DX,F
10:50:13,INDF,RG,6675,1,F,ZP,BK,D
10:49:53,INDF,RG,6650,17,F,YU,DX,F
10:49:53,INDF,RG,6675,1,F,ZP,BK,D
10:49:33,INDF,RG,6675,1,F,ZP,BK,D
10:49:28,INDF,RG,6650,26,F,YU,DX,F
10:49:13,INDF,RG,6675,1,F,ZP,BK,D
10:49:05,INDF,RG,6675,17,D,XC,BK,D
10:49:01,INDF,RG,6650,15,F,YU,DX,F
10:48:53,INDF,RG,6675,1,F,ZP,BK,D
10:48:44,INDF,RG,6675,17,F,RX,BK,D
10:48:32,INDF,RG,6650,6,F,YU,RX,F
10:48:30,INDF,RG,6650,27,F,YU,DX,F
10:48:22,INDF,RG,6675,1,F,ZP,BK,D
10:48:17,INDF,RG,6675,18,F,RX,BK,D
10:48:02,INDF,RG,6675,1,F,ZP,BK,D
10:47:42,INDF,RG,6675,1,F,ZP,BK,D
10:47:37,INDF,RG,6650,4,F,YU,RX,F
10:47:36,INDF,RG,6650,32,F,YU,GR,D
10:47:35,INDF,RG,6650,3,F,YU,RX,F
10:47:34,INDF,RG,6650,26,F,YU,DX,F
10:47:30,INDF,RG,6650,1,F,YU,CC,D
10:47:24,INDF,RG,6650,1,F,YU,RX,F
10:47:22,INDF,RG,6675,1,F,ZP,BK,D
10:47:10,INDF,RG,6650,2,F,YU,RX,F
10:47:09,INDF,RG,6650,21,F,YU,DX,F
10:46:52,INDF,RG,6675,1,F,ZP,BK,D
10:46:39,INDF,RG,6650,2,F,YU,RX,F
10:46:37,INDF,RG,6650,16,F,YU,DX,F
10:46:32,INDF,RG,6675,1,F,ZP,BK,D
10:46:16,INDF,RG,6650,1,F,YU,RX,F
10:46:14,INDF,RG,6650,1,F,YU,XC,D
10:46:12,INDF,RG,6675,1,F,ZP,BK,D
10:46:10,INDF,RG,6650,3,F,YU,RX,F
10:46:08,INDF,RG,6650,13,F,YU,DX,F
10:46:08,INDF,RG,6650,1,D,GR,DX,F
10:46:08,INDF,RG,6650,12,D,SQ,DX,F
10:46:01,INDF,RG,6650,34,D,SQ,RX,F
10:45:58,INDF,RG,6675,7,D,XC,BK,D
10:45:42,INDF,RG,6675,1,F,ZP,BK,D
10:45:42,INDF,RG,6650,16,D,SQ,DX,F
10:45:22,INDF,RG,6675,1,F,ZP,BK,D
10:45:20,INDF,RG,6650,25,D,SQ,IF,D
10:45:13,INDF,RG,6650,3,D,SQ,DX,F
10:45:13,INDF,RG,6650,1,D,NI,DX,F
10:45:13,INDF,RG,6650,1,D,CC,DX,F
10:45:13,INDF,RG,6650,14,F,RX,DX,F
10:45:02,INDF,RG,6675,1,F,ZP,BK,D
10:44:45,INDF,RG,6675,46,D,KK,BK,D
10:44:45,INDF,RG,6650,21,F,RX,DX,F
10:44:15,INDF,RG,6650,12,F,RX,DX,F
10:44:15,INDF,RG,6650,10,D,PD,DX,F
10:44:15,INDF,RG,6650,2,D,CC,DX,F
10:44:15,INDF,RG,6650,1,D,PD,DX,F
10:44:15,INDF,RG,6650,1,F,BK,DX,F
10:43:47,INDF,RG,6675,100,D,SQ,BK,D
10:43:44,INDF,RG,6650,3,F,BK,RX,F
10:43:43,INDF,RG,6650,20,F,BK,DX,F
10:43:13,INDF,RG,6650,2,F,BK,RX,F
10:43:10,INDF,RG,6650,21,F,BK,DX,F
10:42:48,INDF,RG,6650,15,F,BK,RX,F
10:42:46,INDF,RG,6650,6,F,BK,BK,D
10:42:46,INDF,RG,6650,5,F,ZP,BK,D
10:42:46,INDF,RG,6650,5,D,YP,BK,D
10:42:46,INDF,RG,6650,75,D,YP,BK,D
10:42:46,INDF,RG,6650,6,D,ZP,BK,D
10:42:46,INDF,RG,6650,22,D,CC,BK,D
10:42:45,INDF,RG,6650,2,D,CC,RX,F
10:42:42,INDF,RG,6650,20,D,CC,DX,F
10:42:34,INDF,RG,6650,1,D,CC,RX,F
10:42:32,INDF,RG,6675,1,F,ZP,BK,D
10:42:21,INDF,RG,6675,3,D,YP,BK,D
10:42:21,INDF,RG,6675,2,D,YP,BK,F
10:42:12,INDF,RG,6675,1,F,ZP,BK,F
10:42:11,INDF,RG,6650,4,D,CC,RX,F
10:42:10,INDF,RG,6650,30,D,CC,DX,F
10:42:02,INDF,RG,6650,1,D,CC,CC,D
10:41:42,INDF,RG,6675,1,F,ZP,BK,F
10:41:40,INDF,RG,6650,1,D,CC,RX,F
10:41:39,INDF,RG,6650,1,D,CC,CC,D
10:41:22,INDF,RG,6675,1,F,ZP,BK,F
10:41:17,INDF,RG,6675,5,D,XC,BK,F
10:41:15,INDF,RG,6650,3,D,CC,RX,F
10:41:14,INDF,RG,6650,15,D,CC,DX,F
10:41:14,INDF,RG,6650,6,F,BK,DX,F
10:40:52,INDF,RG,6675,1,F,ZP,BK,F
10:40:51,INDF,RG,6650,3,F,BK,RX,F
10:40:49,INDF,RG,6650,26,F,BK,DX,F
10:40:32,INDF,RG,6675,1,F,ZP,BK,F
10:40:25,INDF,RG,6650,1,F,BK,RX,F
10:40:23,INDF,RG,6650,3,F,BK,RX,F
10:40:22,INDF,RG,6675,1,D,PD,BK,F
10:40:21,INDF,RG,6650,25,F,BK,DX,F
10:40:02,INDF,RG,6675,1,F,ZP,BK,F
10:39:54,INDF,RG,6675,1,D,RG,BK,F
10:39:52,INDF,RG,6650,2,D,LG,RX,F
10:39:48,INDF,RG,6650,8,D,LG,DX,F
10:39:48,INDF,RG,6650,4,D,PD,DX,F
10:39:48,INDF,RG,6650,4,F,KZ,DX,F
10:39:31,INDF,RG,6675,1,F,ZP,BK,F
10:39:30,INDF,RG,6650,2,F,KZ,YP,D
10:39:18,INDF,RG,6650,4,F,KZ,RX,F
10:39:14,INDF,RG,6650,25,F,KZ,DX,F
10:39:14,INDF,RG,6650,1,F,KZ,DX,F
10:39:14,INDF,RG,6650,1,F,KZ,DX,F
10:39:11,INDF,RG,6675,1,F,ZP,BK,F
10:39:01,INDF,RG,6650,2,F,KZ,YP,D
10:38:44,INDF,RG,6650,3,F,KZ,RX,F
10:38:41,INDF,RG,6675,1,F,ZP,BK,F
10:38:41,INDF,RG,6650,5,F,KZ,DX,F
10:38:41,INDF,RG,6650,2,D,PD,DX,F
10:38:41,INDF,RG,6650,10,D,NI,DX,F
10:38:41,INDF,RG,6650,1,D,YU,DX,F
10:38:41,INDF,RG,6650,7,F,BK,DX,F
10:38:23,INDF,RG,6650,1,F,BK,RX,F
10:38:21,INDF,RG,6675,1,F,ZP,BK,F
10:38:07,INDF,RG,6675,2,D,CC,BK,F
10:37:51,INDF,RG,6675,1,F,ZP,BK,F
10:37:42,INDF,RG,6650,7,F,BK,RX,F
10:37:40,INDF,RG,6650,26,F,BK,DX,F
10:37:21,INDF,RG,6675,1,F,ZP,BK,F
10:37:13,INDF,RG,6650,14,F,BK,DX,F
10:37:13,INDF,RG,6650,1,F,AK,DX,F
10:37:13,INDF,RG,6650,5,D,PD,DX,F
10:37:13,INDF,RG,6650,1,F,AK,DX,F
10:37:13,INDF,RG,6650,2,D,PD,DX,F
10:37:13,INDF,RG,6650,3,F,RX,DX,F
10:37:01,INDF,RG,6675,1,F,ZP,BK,F
10:36:56,INDF,RG,6650,2,F,RX,RX,F
10:36:49,INDF,RG,6675,16,F,BK,BK,F
10:36:46,INDF,RG,6650,21,F,RX,RX,F
10:36:42,INDF,RG,6650,114,F,RX,BK,D
10:36:40,INDF,RG,6650,10,F,RX,YP,D
10:36:39,INDF,RG,6650,24,F,RX,DX,F
10:36:32,INDF,RG,6675,1,F,ZP,BK,F
10:36:22,INDF,RG,6650,1,F,RX,CC,D
10:36:13,INDF,RG,6650,19,F,RX,DX,F
10:36:04,INDF,RG,6675,1,F,ZP,BK,F
10:35:46,INDF,RG,6675,1,D,XC,BK,F
10:35:46,INDF,RG,6650,2,F,RX,RX,F
10:35:41,INDF,RG,6675,14,F,BK,BK,F
10:35:38,INDF,RG,6650,1,F,RX,RX,F
10:35:36,INDF,RG,6650,10,F,RX,IF,D
10:35:34,INDF,RG,6675,1,F,ZP,BK,F
10:35:19,INDF,RG,6650,3,F,RX,RX,F
10:35:18,INDF,RG,6650,23,F,RX,DX,F
10:35:16,INDF,RG,6650,1,F,RX,RX,F
10:35:15,INDF,RG,6650,24,F,RX,RX,F
10:35:14,INDF,RG,6675,1,F,ZP,BK,F
10:34:46,INDF,RG,6650,20,F,RX,DX,F
10:34:44,INDF,RG,6675,1,F,ZP,BK,F
10:34:18,INDF,RG,6650,27,F,RX,DX,F
10:34:14,INDF,RG,6675,1,F,ZP,BK,F
10:33:54,INDF,RG,6675,1,F,ZP,BK,F
10:33:49,INDF,RG,6650,16,F,RX,DX,F
10:33:25,INDF,RG,6650,58,F,RX,BK,D
10:33:24,INDF,RG,6675,1,F,ZP,BK,F
10:33:22,INDF,RG,6650,1,F,RX,RX,F
10:33:22,INDF,RG,6675,70,F,RX,BK,F
10:33:21,INDF,RG,6675,8,F,AK,BK,F
10:33:20,INDF,RG,6650,3,F,RX,RX,F
10:33:19,INDF,RG,6650,21,F,RX,DX,F
10:32:54,INDF,RG,6650,1,D,CC,RX,F
10:32:54,INDF,RG,6650,1,F,KZ,RX,F
10:32:54,INDF,RG,6650,2,D,CC,RX,F
10:32:54,INDF,RG,6675,1,F,ZP,BK,F
10:32:51,INDF,RG,6650,1,D,CC,DX,F
10:32:51,INDF,RG,6650,1,F,KZ,DX,F
10:32:51,INDF,RG,6650,10,D,YP,DX,F
10:32:51,INDF,RG,6650,4,F,KZ,DX,F
10:32:51,INDF,RG,6650,8,D,CP,DX,F
10:32:48,INDF,RG,6675,5,D,NI,BK,F
10:32:34,INDF,RG,6675,1,F,ZP,BK,F
10:32:21,INDF,RG,6650,3,D,CP,RX,F
10:32:18,INDF,RG,6650,23,D,CP,DX,F
10:32:04,INDF,RG,6675,1,F,ZP,BK,F
10:31:39,INDF,RG,6675,1,D,XC,BK,F
10:31:34,INDF,RG,6675,1,F,ZP,BK,F
10:31:23,INDF,RG,6650,4,D,CP,RX,F
10:31:17,INDF,RG,6650,4,D,CP,DX,F
10:31:17,INDF,RG,6650,1,D,HD,DX,F
10:31:17,INDF,RG,6650,5,D,CC,DX,F
10:31:17,INDF,RG,6650,1,D,CC,DX,F
10:31:17,INDF,RG,6650,16,F,BK,DX,F
10:31:14,INDF,RG,6675,1,F,ZP,BK,F
10:31:11,INDF,RG,6650,2,F,BK,PD,D
10:30:54,INDF,RG,6650,1,F,BK,CC,D
10:30:53,INDF,RG,6650,29,F,BK,RX,F
10:30:48,INDF,RG,6650,6,F,BK,BK,D
10:30:48,INDF,RG,6650,69,F,KZ,BK,D
10:30:46,INDF,RG,6650,18,F,KZ,DX,F
10:30:43,INDF,RG,6675,1,F,ZP,BK,F
10:30:28,INDF,RG,6675,3,D,ZP,BK,F
10:30:21,INDF,RG,6650,19,F,KZ,DX,F
10:29:52,INDF,RG,6650,15,F,KZ,DX,F
10:29:47,INDF,RG,6675,27,F,BK,BK,F
10:29:27,INDF,RG,6650,19,F,KZ,DX,F
10:29:11,INDF,RG,6675,1,D,CC,BK,F
10:29:01,INDF,RG,6650,15,F,KZ,DX,F
10:28:33,INDF,RG,6650,10,F,KZ,IF,D
10:28:29,INDF,RG,6650,26,F,KZ,DX,F
10:28:11,INDF,RG,6650,3,F,KZ,RX,F
10:28:05,INDF,RG,6675,26,F,BK,BK,F
10:28:01,INDF,RG,6650,3,F,KZ,RX,F
10:28:01,INDF,RG,6650,18,F,KZ,DX,F
10:27:47,INDF,RG,6650,3,F,KZ,BQ,D
10:27:40,INDF,RG,6650,3,F,KZ,BQ,D
10:27:34,INDF,RG,6650,2,F,KZ,RX,F
10:27:31,INDF,RG,6650,15,F,KZ,DX,F
10:27:13,INDF,RG,6650,10,F,KZ,RX,F
10:27:11,INDF,RG,6650,47,F,KZ,BK,D
10:27:11,INDF,RG,6650,35,F,YU,BK,D
10:27:08,INDF,RG,6650,25,F,YU,RX,F
10:27:04,INDF,RG,6650,26,F,YU,DX,F
10:26:05,INDF,RG,6650,24,F,YU,DX,F
10:25:33,INDF,RG,6650,20,F,YU,DX,F
10:25:18,INDF,RG,6650,1,F,YU,CC,D
10:25:02,INDF,RG,6650,14,F,YU,DX,F
10:25:02,INDF,RG,6650,1,D,YP,DX,F
10:25:02,INDF,RG,6650,2,D,CC,DX,F
10:25:02,INDF,RG,6650,1,D,YU,DX,F
10:25:02,INDF,RG,6650,9,F,BK,DX,F
10:24:33,INDF,RG,6650,1,F,BK,CC,D
10:24:32,INDF,RG,6675,25,D,KK,BK,F
10:24:31,INDF,RG,6650,3,F,BK,PD,D
10:24:27,INDF,RG,6650,30,F,BK,DX,F
10:23:59,INDF,RG,6650,7,F,BK,DX,F
10:23:59,INDF,RG,6650,1,F,ZP,DX,F
10:23:59,INDF,RG,6650,7,F,ZP,DX,F
10:23:59,INDF,RG,6650,1,D,NI,DX,F
10:23:41,INDF,RG,6675,24,F,BK,BK,F
10:23:25,INDF,RG,6650,3,D,NI,RX,F
10:23:24,INDF,RG,6650,24,D,NI,DX,F
10:23:22,INDF,RG,6650,2,D,NI,RX,F
10:23:20,INDF,RG,6650,15,D,NI,IF,D
10:23:04,INDF,RG,6650,1,D,NI,AZ,D
10:22:59,INDF,RG,6650,2,D,NI,RX,F
10:22:56,INDF,RG,6675,13,F,BK,BK,F
10:22:49,INDF,RG,6650,11,D,NI,RX,F
10:22:39,INDF,RG,6650,17,D,NI,BK,D
10:22:39,INDF,RG,6650,70,D,SQ,BK,D
10:22:34,INDF,RG,6675,1,D,XL,BK,F
10:22:33,INDF,RG,6650,3,D,SQ,RX,F
10:22:32,INDF,RG,6650,21,D,SQ,DX,F
10:22:03,INDF,RG,6650,2,D,SQ,RX,F
10:22:00,INDF,RG,6650,18,D,SQ,DX,F
10:21:33,INDF,RG,6650,2,D,SQ,RX,F
10:21:31,INDF,RG,6650,20,D,SQ,DX,F
10:21:08,INDF,RG,6650,3,D,SQ,RX,F
10:21:05,INDF,RG,6650,11,D,SQ,DX,F
10:21:05,INDF,RG,6650,6,D,CC,DX,F
10:21:05,INDF,RG,6650,7,D,CC,IF,D
10:20:37,INDF,RG,6650,4,D,CC,RX,F
10:20:36,INDF,RG,6650,30,D,CC,DX,F
10:20:32,INDF,RG,6650,1,D,CC,RX,F
10:20:31,INDF,RG,6675,2,D,YP,BK,F
10:20:01,INDF,RG,6675,2,D,YU,BK,F
10:19:47,INDF,RG,6650,3,D,CC,RX,F
10:19:43,INDF,RG,6650,26,D,CC,DX,F
10:19:34,INDF,RG,6650,1,D,CC,CC,D
10:19:21,INDF,RG,6650,2,D,CC,RX,F
10:19:21,INDF,RG,6650,5,D,PD,RX,F
10:19:20,INDF,RG,6650,2,D,PD,BK,D
10:19:20,INDF,RG,6650,1,D,HP,BK,D
10:19:20,INDF,RG,6650,47,F,BK,BK,D
10:19:20,INDF,RG,6650,1,D,NI,BK,D
10:19:20,INDF,RG,6650,1,D,PD,BK,D
10:19:20,INDF,RG,6650,1,D,PD,BK,D
10:19:20,INDF,RG,6650,4,F,RX,BK,D
10:19:18,INDF,RG,6650,2,F,RX,RX,F
10:19:17,INDF,RG,6650,18,F,RX,DX,F
10:18:46,INDF,RG,6650,3,F,RX,RX,F
10:18:44,INDF,RG,6650,23,F,RX,DX,F
10:18:14,INDF,RG,6650,2,F,RX,RX,F
10:18:12,INDF,RG,6650,16,F,RX,DX,F
10:17:53,INDF,RG,6650,1,F,RX,RX,F
10:17:51,INDF,RG,6650,2,F,RX,PD,D
10:17:40,INDF,RG,6650,4,F,RX,RX,F
10:17:39,INDF,RG,6675,5,D,YP,BK,F
10:17:38,INDF,RG,6650,26,F,RX,DX,F
10:17:15,INDF,RG,6675,1,D,PD,BK,F
10:17:06,INDF,RG,6650,2,F,RX,RX,F
10:17:05,INDF,RG,6650,19,F,RX,DX,F
10:16:35,INDF,RG,6650,3,F,RX,RX,F
10:16:34,INDF,RG,6650,24,F,RX,DX,F
10:16:05,INDF,RG,6650,3,F,RX,RX,F
10:16:02,INDF,RG,6650,26,F,RX,DX,F
10:15:45,INDF,RG,6650,1,F,RX,RX,F
10:15:39,INDF,RG,6650,5,F,RX,TF,D
10:15:35,INDF,RG,6650,8,F,RX,RX,F
10:15:33,INDF,RG,6650,3,F,RX,RX,F
10:15:32,INDF,RG,6650,65,F,RX,BK,D
10:15:31,INDF,RG,6650,24,F,RX,DX,F
10:15:04,INDF,RG,6650,3,F,RX,RX,F
10:15:02,INDF,RG,6650,25,F,RX,DX,F
10:14:34,INDF,RG,6650,3,F,RX,RX,F
10:14:32,INDF,RG,6650,23,F,RX,DX,F
10:13:59,INDF,RG,6650,2,F,RX,RX,F
10:13:57,INDF,RG,6650,19,F,RX,DX,F
10:13:50,INDF,RG,6650,1,F,RX,CC,D
10:13:29,INDF,RG,6650,3,F,RX,RX,F
10:13:28,INDF,RG,6650,23,F,RX,DX,F
10:13:02,INDF,RG,6650,1,F,RX,RX,F
10:12:59,INDF,RG,6650,3,F,RX,PD,D
10:12:56,INDF,RG,6650,1,F,RX,RX,F
10:12:54,INDF,RG,6650,15,F,RX,DX,F
10:12:53,INDF,RG,6650,5,F,RX,RX,F
10:12:53,INDF,RG,6650,5,D,YP,RX,F
10:12:53,INDF,RG,6650,45,F,BK,RX,F
10:12:53,INDF,RG,6650,5,D,PD,RX,F
10:12:53,INDF,RG,6650,1,D,DH,RX,F
10:12:53,INDF,RG,6650,1,D,XC,RX,F
10:12:53,INDF,RG,6650,1,D,CC,RX,F
10:12:53,INDF,RG,6650,10,D,XC,RX,F
10:12:53,INDF,RG,6650,1,D,NI,RX,F
10:12:53,INDF,RG,6650,1,D,XC,RX,F
10:12:53,INDF,RG,6650,4,D,XC,RX,F
10:12:53,INDF,RG,6650,3,D,XC,RX,F
10:12:50,INDF,RG,6650,1,D,XC,BK,D
10:12:50,INDF,RG,6650,11,D,XC,BK,D
10:12:50,INDF,RG,6650,2,D,PD,BK,D
10:12:50,INDF,RG,6650,9,D,ZP,BK,D
10:12:50,INDF,RG,6650,2,D,PD,BK,D
10:12:50,INDF,RG,6650,1,F,AK,BK,D
10:12:50,INDF,RG,6650,1,D,YP,BK,D
10:12:50,INDF,RG,6650,29,D,PD,BK,D
10:12:50,INDF,RG,6650,13,F,BK,BK,D
10:12:50,INDF,RG,6650,15,F,CC,BK,D
10:12:50,INDF,RG,6650,1,D,SQ,BK,D
10:12:48,INDF,RG,6650,2,D,NI,IF,D
10:12:48,INDF,RG,6650,1,F,AK,IF,D
10:12:48,INDF,RG,6650,12,D,SQ,IF,D
10:12:46,INDF,RG,6675,161,F,RX,BK,F
10:12:45,INDF,RG,6675,6,F,AK,BK,F
10:12:27,INDF,RG,6650,17,D,SQ,DX,F
10:12:09,INDF,RG,6650,71,D,SQ,BK,D
10:12:09,INDF,RG,6650,1,D,KK,BK,D
10:12:09,INDF,RG,6650,1,D,YP,BK,D
10:12:09,INDF,RG,6650,11,F,KZ,BK,D
10:12:08,INDF,RG,6675,133,F,RX,BK,F
10:12:07,INDF,RG,6675,1,D,EP,BK,F
10:11:56,INDF,RG,6675,50,D,SQ,BK,F
10:11:53,INDF,RG,6650,14,F,KZ,DX,F
10:11:53,INDF,RG,6650,9,F,KZ,DX,F
10:11:50,INDF,RG,6675,50,D,SQ,BK,F
10:11:32,INDF,RG,6650,2,F,KZ,RX,F
10:11:26,INDF,RG,6650,20,F,KZ,LG,D
10:11:21,INDF,RG,6650,3,F,KZ,RX,F
10:11:20,INDF,RG,6650,5,F,KZ,DX,F
10:11:20,INDF,RG,6650,19,F,KZ,DX,F
10:10:50,INDF,RG,6650,2,F,KZ,RX,F
10:10:47,INDF,RG,6650,17,F,KZ,DX,F
10:10:32,INDF,RG,6650,10,F,KZ,RX,F
10:10:27,INDF,RG,6650,77,F,KZ,BK,D
10:10:22,INDF,RG,6650,3,F,KZ,RX,F
10:10:21,INDF,RG,6650,23,F,KZ,DX,F
10:09:50,INDF,RG,6650,3,F,KZ,RX,F
10:09:47,INDF,RG,6650,2,F,KZ,DX,F
10:09:47,INDF,RG,6650,20,F,KZ,DX,F
10:09:29,INDF,RG,6650,4,F,KZ,RX,F
10:09:21,INDF,RG,6650,32,F,KZ,DX,F
10:09:15,INDF,RG,6650,1,F,KZ,XC,D
10:08:52,INDF,RG,6650,3,F,KZ,RX,F
10:08:51,INDF,RG,6650,2,F,KZ,DX,F
10:08:51,INDF,RG,6650,21,F,YU,DX,F
10:08:22,INDF,RG,6650,1,F,YU,CC,D
10:08:21,INDF,RG,6650,2,F,YU,RX,F
10:08:19,INDF,RG,6650,16,F,YU,DX,F
10:08:00,INDF,RG,6650,2,F,YU,RX,F
10:07:51,INDF,RG,6650,8,F,YU,DX,F
10:07:51,INDF,RG,6650,5,F,ZP,DX,F
10:07:51,INDF,RG,6650,2,D,PD,DX,F
10:07:51,INDF,RG,6650,1,D,YU,DX,F
10:07:51,INDF,RG,6650,5,D,CD,DX,F
10:07:47,INDF,RG,6650,1,D,CD,RX,F
10:07:46,INDF,RG,6650,1,D,CD,PD,D
10:07:33,INDF,RG,6675,2,D,ZP,BK,F
10:07:33,INDF,RG,6675,2,D,ZP,PD,D
10:07:25,INDF,RG,6650,2,D,CD,AZ,D
10:07:22,INDF,RG,6650,4,D,CD,RX,F
10:07:20,INDF,RG,6650,32,D,CD,DX,F
10:06:59,INDF,RG,6650,1,D,CD,CC,D
10:06:23,INDF,RG,6650,24,D,CD,DX,F
10:06:18,INDF,RG,6675,1,D,GR,RX,F
10:06:08,INDF,RG,6650,1,D,CD,PD,D
10:05:59,INDF,RG,6650,73,D,CD,BK,D
10:05:57,INDF,RG,6650,6,D,CD,DX,F
10:05:57,INDF,RG,6650,1,D,EP,DX,F
10:05:57,INDF,RG,6650,1,D,OD,DX,F
10:05:57,INDF,RG,6650,17,D,NI,DX,F
10:05:44,INDF,RG,6650,4,D,NI,KK,F
10:05:29,INDF,RG,6650,24,D,NI,DX,F
10:05:03,INDF,RG,6650,5,D,NI,DX,F
10:05:03,INDF,RG,6650,2,D,CC,DX,F
10:05:03,INDF,RG,6650,1,D,NI,DX,F
10:05:03,INDF,RG,6650,1,D,XC,DX,F
10:05:03,INDF,RG,6650,11,D,XC,DX,F
10:04:32,INDF,RG,6650,4,D,XC,DX,F
10:04:32,INDF,RG,6650,14,D,CC,DX,F
10:04:31,INDF,RG,6650,2,D,CC,PD,D
10:04:05,INDF,RG,6650,4,D,CC,IF,D
10:04:05,INDF,RG,6650,5,D,NI,IF,D
10:04:05,INDF,RG,6650,1,D,CC,IF,D
10:04:02,INDF,RG,6650,2,D,CC,DX,F
10:04:02,INDF,RG,6650,1,D,CC,DX,F
10:04:02,INDF,RG,6650,3,D,XC,DX,F
10:04:02,INDF,RG,6650,1,D,AT,DX,F
10:04:02,INDF,RG,6650,2,D,KK,DX,F
10:04:02,INDF,RG,6650,12,D,YP,DX,F
10:03:44,INDF,RG,6650,10,D,YP,PD,D
10:03:36,INDF,RG,6650,18,D,YP,DX,F
10:03:22,INDF,RG,6675,6,D,XC,RX,F
10:03:14,INDF,RG,6675,25,D,YP,RX,F
10:03:05,INDF,RG,6650,3,D,YP,RX,F
10:03:02,INDF,RG,6650,7,D,YP,DX,F
10:03:02,INDF,RG,6650,20,D,DR,DX,F
10:02:52,INDF,RG,6650,1,D,DR,CC,D
10:02:37,INDF,RG,6650,12,D,DR,RX,F
10:02:36,INDF,RG,6650,72,D,DR,BK,D
10:02:34,INDF,RG,6650,22,D,DR,DX,F
10:02:05,INDF,RG,6650,3,D,DR,RX,F
10:02:03,INDF,RG,6650,25,D,DR,DX,F
10:01:32,INDF,RG,6650,3,D,DR,RX,F
10:01:30,INDF,RG,6650,21,D,DR,DX,F
10:01:07,INDF,RG,6650,3,D,DR,RX,F
10:00:58,INDF,RG,6650,22,D,DR,DX,F
10:00:48,INDF,RG,6675,1,D,NI,RX,F
10:00:48,INDF,RG,6650,10,D,DR,YB,D
10:00:36,INDF,RG,6650,3,D,DR,RX,F
10:00:28,INDF,RG,6650,27,D,DR,DX,F
10:00:24,INDF,RG,6650,1,D,DR,RX,F
10:00:20,INDF,RG,6650,5,D,DR,XC,D
10:00:01,INDF,RG,6650,2,D,DR,RX,F
9:59:58,INDF,RG,6650,18,D,DR,DX,F
9:59:50,INDF,RG,6650,1,D,DR,NI,D
9:59:44,INDF,RG,6650,8,D,DR,RX,F
9:59:42,INDF,RG,6650,10,D,DR,IF,D
9:59:42,INDF,RG,6650,11,D,DR,BK,D
9:59:42,INDF,RG,6650,5,D,YP,BK,D
9:59:42,INDF,RG,6650,5,D,YU,BK,D
9:59:42,INDF,RG,6650,3,D,LG,BK,D
9:59:42,INDF,RG,6650,3,D,YP,BK,D
9:59:42,INDF,RG,6650,1,D,YP,BK,D
9:59:42,INDF,RG,6650,1,D,YP,BK,D
9:59:42,INDF,RG,6650,1,D,HP,BK,D
9:59:42,INDF,RG,6650,1,D,PD,BK,D
9:59:42,INDF,RG,6650,25,D,GR,BK,D
9:59:41,INDF,RG,6650,3,D,GR,RX,F
9:59:39,INDF,RG,6650,20,D,GR,YP,D
9:59:30,INDF,RG,6650,3,D,GR,RX,F
9:59:28,INDF,RG,6650,24,D,GR,DX,F
9:59:03,INDF,RG,6650,2,D,GR,RX,F
9:59:01,INDF,RG,6650,23,D,GR,DX,F
9:59:01,INDF,RG,6650,1,D,AZ,DX,F
9:58:51,INDF,RG,6675,1,D,XC,RX,F
9:58:35,INDF,RG,6650,3,D,OD,RX,F
9:58:33,INDF,RG,6650,7,D,OD,DX,F
9:58:33,INDF,RG,6650,2,D,XC,DX,F
9:58:33,INDF,RG,6650,1,D,XC,DX,F
9:58:33,INDF,RG,6650,16,D,YP,DX,F
9:58:04,INDF,RG,6650,2,D,YP,RX,F
9:58:02,INDF,RG,6650,16,D,YP,DX,F
9:57:51,INDF,RG,6650,2,D,YP,PD,D
9:57:39,INDF,RG,6650,1,D,YP,RX,F
9:57:37,INDF,RG,6650,2,D,YP,SQ,D
9:57:34,INDF,RG,6650,2,D,YP,RX,F
9:57:33,INDF,RG,6650,20,D,YP,DX,F
9:57:24,INDF,RG,6650,3,D,YP,RX,F
9:57:18,INDF,RG,6650,10,D,YP,IF,D
9:57:17,INDF,RG,6650,11,D,YP,NI,D
9:57:16,INDF,RG,6650,1,D,YP,CC,D
9:57:11,INDF,RG,6650,10,D,YP,RX,F
9:57:09,INDF,RG,6650,4,D,YP,BK,D
9:57:09,INDF,RG,6650,1,D,KK,BK,D
9:57:09,INDF,RG,6650,17,D,XC,BK,D
9:57:09,INDF,RG,6650,5,D,NI,BK,D
9:57:09,INDF,RG,6650,10,D,XC,BK,D
9:57:09,INDF,RG,6650,2,D,PD,BK,D
9:57:09,INDF,RG,6650,20,D,CC,BK,D
9:57:04,INDF,RG,6650,23,D,CC,DX,F
9:57:00,INDF,RG,6650,2,D,CC,RX,F
9:56:58,INDF,RG,6650,5,D,CC,XC,D
9:56:58,INDF,RG,6650,10,D,NI,XC,D
9:56:58,INDF,RG,6650,1,D,NI,XC,D
9:56:39,INDF,RG,6650,3,D,NI,RX,F
9:56:38,INDF,RG,6650,23,D,NI,DX,F
9:56:25,INDF,RG,6650,1,D,NI,RX,F
9:56:24,INDF,RG,6650,9,D,NI,CC,D
9:56:10,INDF,RG,6650,12,D,NI,DX,F
9:56:10,INDF,RG,6650,2,D,PD,DX,F
9:56:10,INDF,RG,6650,1,D,PD,DX,F
9:56:10,INDF,RG,6650,1,D,NI,DX,F
9:55:42,INDF,RG,6650,25,D,ES,DX,F
9:55:22,INDF,RG,6675,5,D,CC,RX,F
9:55:16,INDF,RG,6650,5,D,ES,RX,F
9:55:13,INDF,RG,6650,34,D,ES,DX,F
9:54:45,INDF,RG,6650,3,D,ES,RX,F
9:54:44,INDF,RG,6650,25,D,ES,DX,F
9:54:42,INDF,RG,6650,6,D,ES,PD,D
9:54:03,INDF,RG,6650,1,D,ES,RX,F
9:54:02,INDF,RG,6650,3,D,ES,GR,D
9:53:51,INDF,RG,6650,9,D,ES,RX,F
9:53:50,INDF,RG,6650,71,D,ES,BK,D
9:53:47,INDF,RG,6650,27,D,ES,DX,F
9:53:15,INDF,RG,6650,23,D,ES,DX,F
9:53:10,INDF,RG,6650,20,D,ES,YP,D
9:52:46,INDF,RG,6650,7,D,ES,IF,D
9:52:41,INDF,RG,6650,22,D,ES,DX,F
9:52:41,INDF,RG,6650,1,D,ES,PD,D
9:52:13,INDF,RG,6650,36,D,ES,BK,D
9:52:11,INDF,RG,6650,28,D,ES,YP,D
9:52:10,INDF,RG,6650,14,D,ES,DX,F
9:52:10,INDF,RG,6650,8,F,ZP,DX,F
9:52:10,INDF,RG,6650,1,D,YP,DX,F
9:52:10,INDF,RG,6650,1,D,YP,DX,F
9:52:09,INDF,RG,6675,1,D,NI,RX,F
9:52:05,INDF,RG,6675,50,D,SQ,RX,F
9:52:00,INDF,RG,6675,12,D,DR,RX,F
9:51:48,INDF,RG,6650,1,D,YP,CC,D
9:51:47,INDF,RG,6650,36,D,YP,BK,D
9:51:43,INDF,RG,6650,23,D,YP,DX,F
9:51:37,INDF,RG,6650,101,D,YP,BK,D
9:51:34,INDF,RG,6675,78,F,ZP,RX,F
9:51:33,INDF,RG,6650,122,D,YP,RX,F
9:51:33,INDF,RG,6650,1,D,DX,RX,F
9:51:33,INDF,RG,6650,1,D,CC,RX,F
9:51:33,INDF,RG,6650,10,D,YP,RX,F
9:51:33,INDF,RG,6650,1,D,XC,RX,F
9:51:33,INDF,RG,6650,50,D,SQ,RX,F
9:51:33,INDF,RG,6650,1,D,PD,RX,F
9:51:33,INDF,RG,6650,7,D,YP,RX,F
9:51:33,INDF,RG,6650,33,F,KZ,RX,F
9:51:33,INDF,RG,6650,1,D,SQ,RX,F
9:51:33,INDF,RG,6650,8,D,GR,RX,F
9:51:32,INDF,RG,6650,100,D,GR,BK,D
9:51:32,INDF,RG,6650,70,D,CP,BK,D
9:51:32,INDF,RG,6650,20,D,GR,BK,D
9:51:32,INDF,RG,6650,1,D,XC,BK,D
9:51:32,INDF,RG,6650,20,F,BK,BK,D
9:51:32,INDF,RG,6650,1,D,HD,BK,D
9:51:32,INDF,RG,6650,1,D,CC,BK,D
9:51:32,INDF,RG,6650,5,D,YP,BK,D
9:51:32,INDF,RG,6650,40,F,KZ,BK,D
9:51:32,INDF,RG,6650,1,D,NI,BK,D
9:51:32,INDF,RG,6650,15,D,XL,BK,D
9:51:32,INDF,RG,6650,31,F,BK,BK,D
9:51:32,INDF,RG,6650,100,D,CC,BK,D
9:51:32,INDF,RG,6650,2,D,XC,BK,D
9:51:32,INDF,RG,6650,37,F,KZ,BK,D
9:51:29,INDF,RG,6675,1,F,AK,RX,F
9:51:29,INDF,RG,6675,1,F,AK,BK,F
9:51:29,INDF,RG,6675,1,F,AK,BK,F
9:51:29,INDF,RG,6675,78,F,KZ,BK,F
9:51:29,INDF,RG,6675,1,F,AK,BK,F
9:51:29,INDF,RG,6675,3,D,XC,BK,F
9:51:29,INDF,RG,6675,3,D,DR,BK,F
9:51:29,INDF,RG,6675,1,D,YU,BK,F
9:51:29,INDF,RG,6675,1,D,PD,BK,F
9:51:29,INDF,RG,6675,1,D,SQ,BK,F
9:51:29,INDF,RG,6675,1,D,XC,BK,F
9:51:29,INDF,RG,6675,100,D,SQ,BK,F
9:51:29,INDF,RG,6675,37,D,NI,BK,F
9:51:29,INDF,RG,6675,1,D,PD,BK,F
9:51:29,INDF,RG,6675,1,D,YP,BK,F
9:51:29,INDF,RG,6675,185,F,YU,BK,F
9:51:28,INDF,RG,6675,50,F,YU,BK,F
9:51:28,INDF,RG,6675,21,F,BK,BK,F
9:51:28,INDF,RG,6675,50,D,YP,BK,F
9:51:28,INDF,RG,6675,1,D,DX,BK,F
9:51:28,INDF,RG,6675,3,F,KZ,BK,F
9:51:28,INDF,RG,6675,50,F,KZ,BK,F
9:51:28,INDF,RG,6675,3,F,AK,BK,F
9:51:28,INDF,RG,6675,1,F,ZP,BK,F
9:51:28,INDF,RG,6675,5,F,ZP,BK,F
9:51:28,INDF,RG,6675,8,F,ZP,BK,F
9:51:28,INDF,RG,6675,32,F,BK,BK,F
9:51:28,INDF,RG,6675,201,F,KZ,BK,F
9:51:28,INDF,RG,6675,126,F,RX,BK,F
9:51:28,INDF,RG,6675,80,F,BK,BK,F
9:51:28,INDF,RG,6675,347,F,YU,BK,F
9:51:28,INDF,RG,6675,22,F,RX,BK,F
9:51:27,INDF,RG,6675,352,F,RX,BK,D
9:51:26,INDF,RG,6675,101,F,RX,RX,F
9:51:25,INDF,RG,6675,135,F,RX,BK,F
9:51:25,INDF,RG,6675,5,D,YP,BK,F
9:51:25,INDF,RG,6675,8,D,EP,BK,F
9:51:25,INDF,RG,6675,5,D,SQ,BK,F
9:51:25,INDF,RG,6675,1,D,PD,BK,F
9:51:25,INDF,RG,6675,1,D,YP,BK,F
9:51:25,INDF,RG,6675,2,D,CC,BK,F
9:51:25,INDF,RG,6675,8,D,NI,BK,F
9:51:25,INDF,RG,6675,1,D,AZ,BK,F
9:51:25,INDF,RG,6675,1,D,DR,BK,F
9:51:25,INDF,RG,6675,28,F,BK,BK,F
9:51:25,INDF,RG,6675,2,D,CC,BK,F
9:51:25,INDF,RG,6675,10,D,KK,BK,F
9:51:25,INDF,RG,6675,25,D,YP,BK,F
9:51:25,INDF,RG,6675,1,D,PD,BK,F
9:51:25,INDF,RG,6675,8,D,NI,BK,F
9:51:25,INDF,RG,6675,4,D,PD,BK,F
9:51:25,INDF,RG,6675,2,D,HD,BK,F
9:51:25,INDF,RG,6675,10,D,SQ,BK,F
9:51:25,INDF,RG,6675,25,F,BK,BK,F
9:51:25,INDF,RG,6675,3,D,XC,BK,F
9:51:25,INDF,RG,6675,1,D,NI,BK,F
9:51:25,INDF,RG,6675,60,D,DH,BK,F
9:51:25,INDF,RG,6675,17,F,KZ,BK,F
9:51:25,INDF,RG,6675,1,D,PD,BK,F
9:51:25,INDF,RG,6675,1,F,AK,BK,F
9:51:25,INDF,RG,6675,10,D,SQ,BK,F
9:51:25,INDF,RG,6675,1,D,XC,BK,F
9:51:25,INDF,RG,6675,5,D,NI,BK,F
9:51:25,INDF,RG,6675,1,D,PD,BK,F
9:51:25,INDF,RG,6675,1,F,AK,BK,F
9:51:25,INDF,RG,6675,38,F,BK,BK,F
9:51:25,INDF,RG,6675,50,D,PD,BK,F
9:51:25,INDF,RG,6675,98,D,PD,BK,F
9:51:25,INDF,RG,6675,100,D,PD,BK,F
9:51:25,INDF,RG,6675,1,D,CC,BK,F
9:51:25,INDF,RG,6675,7,D,ZP,BK,F
9:51:25,INDF,RG,6675,255,F,YU,BK,F
9:51:25,INDF,RG,6675,1,D,YP,BK,F
9:51:25,INDF,RG,6675,12,F,KZ,BK,F
9:51:25,INDF,RG,6675,24,F,BK,BK,F
9:51:25,INDF,RG,6675,31,D,SQ,BK,F
9:51:23,INDF,RG,6675,14,D,SQ,BK,D
9:51:21,INDF,RG,6675,5,D,SQ,ZP,D
9:51:21,INDF,RG,6675,10,D,PD,ZP,D
9:51:19,INDF,RG,6675,1,F,AK,BK,D
9:51:19,INDF,RG,6675,12,F,KZ,BK,D
9:51:19,INDF,RG,6700,1,F,ZP,RX,F
9:51:15,INDF,RG,6675,27,F,KZ,DX,F
9:51:14,INDF,RG,6675,15,F,KZ,PD,D
9:51:11,INDF,RG,6675,2,F,KZ,PD,D
9:50:59,INDF,RG,6700,1,F,ZP,RX,F
9:50:51,INDF,RG,6675,5,F,KZ,RX,F
9:50:49,INDF,RG,6675,19,F,KZ,DX,F
9:50:33,INDF,RG,6675,9,F,KZ,BK,D
9:50:33,INDF,RG,6675,1,D,YU,BK,D
9:50:33,INDF,RG,6675,4,D,PD,BK,D
9:50:30,INDF,RG,6700,5,D,ZP,RX,F
9:50:29,INDF,RG,6700,1,F,ZP,RX,F
9:50:26,INDF,RG,6675,24,D,CP,EP,D
9:50:21,INDF,RG,6675,13,D,CP,BK,D
9:50:17,INDF,RG,6675,20,D,CP,DX,F
9:50:08,INDF,RG,6700,1,F,ZP,RX,F
9:49:50,INDF,RG,6675,8,D,CP,RX,F
9:49:49,INDF,RG,6675,14,D,CP,BK,D
9:49:44,INDF,RG,6675,38,D,CP,DX,F
9:49:38,INDF,RG,6700,1,F,ZP,RX,F
9:49:34,INDF,RG,6675,1,D,CP,CC,D
9:49:13,INDF,RG,6675,23,D,CP,DX,F
9:49:08,INDF,RG,6700,1,F,ZP,RX,F
9:49:00,INDF,RG,6675,9,D,CP,RX,F
9:48:48,INDF,RG,6700,1,F,ZP,RX,F
9:48:45,INDF,RG,6675,15,D,CP,BK,D
9:48:41,INDF,RG,6675,16,D,CP,BK,D
9:48:39,INDF,RG,6675,34,D,CP,DX,F
9:48:38,INDF,RG,6675,15,D,CP,IF,D
9:48:26,INDF,RG,6675,10,D,CP,ZP,D
9:48:18,INDF,RG,6700,1,F,ZP,RX,F
9:48:13,INDF,RG,6675,15,D,CP,BK,D
9:48:11,INDF,RG,6700,4,F,AK,RX,F
9:48:09,INDF,RG,6675,42,D,CP,RX,F
9:48:06,INDF,RG,6675,3,D,CP,BK,D
9:48:06,INDF,RG,6675,10,F,BK,BK,D
9:48:05,INDF,RG,6675,17,F,BK,DX,F
9:48:05,INDF,RG,6675,1,D,YB,DX,F
9:48:05,INDF,RG,6675,10,F,BK,DX,F
9:47:59,INDF,RG,6675,16,F,BK,BK,D
9:47:59,INDF,RG,6675,1,D,KK,BK,D
9:47:58,INDF,RG,6700,1,F,ZP,RX,F
9:47:55,INDF,RG,6700,14,F,RX,RX,F
9:47:35,INDF,RG,6675,3,D,OD,DX,F
9:47:35,INDF,RG,6675,10,D,NI,DX,F
9:47:35,INDF,RG,6675,5,F,BK,DX,F
9:47:30,INDF,RG,6700,1,D,YB,RX,F
9:47:30,INDF,RG,6675,2,F,BK,XC,D
9:47:28,INDF,RG,6700,1,F,ZP,RX,F
9:47:13,INDF,RG,6675,19,F,BK,BK,D
9:47:13,INDF,RG,6675,3,D,DH,BK,D
9:47:11,INDF,RG,6700,13,F,RX,RX,F
9:47:11,INDF,RG,6700,15,F,RX,PD,D
9:47:04,INDF,RG,6675,7,D,DH,BK,D
9:47:04,INDF,RG,6675,1,D,YU,BK,D
9:47:04,INDF,RG,6675,1,D,YB,BK,D
9:47:04,INDF,RG,6675,1,D,CC,BK,D
9:47:04,INDF,RG,6675,7,F,BK,BK,D
9:47:01,INDF,RG,6700,23,F,BK,PD,D
9:47:01,INDF,RG,6675,21,F,BK,DX,F
9:47:01,INDF,RG,6675,19,D,PD,DX,F
9:46:58,INDF,RG,6700,1,F,ZP,PD,D
9:46:50,INDF,RG,6675,12,D,PD,BK,D
9:46:49,INDF,RG,6700,12,F,RX,PD,D
9:46:38,INDF,RG,6700,1,F,ZP,PD,D
9:46:35,INDF,RG,6700,2,D,CP,PD,D
9:46:33,INDF,RG,6675,16,D,PD,DX,F
9:46:17,INDF,RG,6675,1,D,PD,CC,D
9:46:08,INDF,RG,6700,1,F,ZP,PD,D
9:46:02,INDF,RG,6700,2,D,XC,PD,D
9:45:59,INDF,RG,6675,16,D,PD,BK,D
9:45:56,INDF,RG,6700,14,F,RX,PD,D
9:45:48,INDF,RG,6700,1,F,ZP,PD,D
9:45:44,INDF,RG,6675,2,D,PD,CP,D
9:45:44,INDF,RG,6675,16,D,PD,BK,D
9:45:44,INDF,RG,6700,24,F,BK,PD,D
9:45:41,INDF,RG,6700,3,D,GR,PD,D
9:45:18,INDF,RG,6700,1,F,ZP,PD,D
9:44:58,INDF,RG,6700,1,F,ZP,PD,D
9:44:57,INDF,RG,6700,15,F,RX,PD,D
9:44:47,INDF,RG,6700,19,F,BK,PD,D
9:44:40,INDF,RG,6700,1,D,ZP,PD,D
9:44:39,INDF,RG,6700,8,D,ZP,PD,D
9:44:33,INDF,RG,6675,20,D,PD,BK,D
9:44:31,INDF,RG,6675,2,D,PD,PD,D
