Time,Stock,Brd,Price,Qty,BT,BC,SC,ST
15:14:04,INDF,RG,6475,14,D,CP,CC,D
15:12:39,INDF,RG,6475,1,D,CP,XC,D
15:11:43,INDF,RG,6475,7,D,CP,YP,D
15:11:38,INDF,RG,6475,2,D,CP,XC,D
15:08:36,INDF,RG,6475,10,D,CP,YB,D
15:07:45,INDF,RG,6475,10,D,CP,YB,D
15:06:09,INDF,RG,6475,3,D,CP,YB,D
15:05:24,INDF,RG,6475,1,D,CP,AZ,D
15:05:18,INDF,RG,6475,10,D,CP,CC,D
15:05:02,INDF,RG,6475,23,D,CP,YP,D
15:05:02,INDF,RG,6475,1,D,CC,YP,D
15:05:02,INDF,RG,6475,5,D,YP,YP,D
15:05:02,INDF,RG,6475,2,D,PD,YP,D
15:05:02,INDF,RG,6475,5,D,GR,YP,D
15:05:02,INDF,RG,6475,1,D,PD,YP,D
15:05:02,INDF,RG,6475,38,D,YP,YP,D
15:05:02,INDF,RG,6475,20,D,YP,NI,D
15:00:00,INDF,RG,6475,942,D,YP,MG,D
15:00:00,INDF,RG,6475,58,D,XC,MG,D
15:00:00,INDF,RG,6475,8,D,XC,YU,D
15:00:00,INDF,RG,6475,9,D,XC,CC,D
15:00:00,INDF,RG,6475,5,D,XC,CC,D
15:00:00,INDF,RG,6475,1,D,CC,CG,F
15:00:00,INDF,RG,6475,3,D,PD,CG,F
15:00:00,INDF,RG,6475,1,D,LS,CG,F
15:00:00,INDF,RG,6475,20,D,KK,CG,F
15:00:00,INDF,RG,6475,59,D,ZP,CG,F
15:00:00,INDF,RG,6475,141,D,ZP,CS,F
15:00:00,INDF,RG,6475,10,D,CC,CS,F
15:00:00,INDF,RG,6475,5,D,NI,CS,F
15:00:00,INDF,RG,6475,2,D,PD,CS,F
15:00:00,INDF,RG,6475,3,D,PD,CS,F
15:00:00,INDF,RG,6475,1,D,PD,CS,F
15:00:00,INDF,RG,6475,20,D,SQ,CS,F
15:00:00,INDF,RG,6475,1,D,NI,CS,F
15:00:00,INDF,RG,6475,1,D,PD,CS,F
15:00:00,INDF,RG,6475,1,D,KK,CS,F
15:00:00,INDF,RG,6475,2,D,PD,CS,F
15:00:00,INDF,RG,6475,1,D,NI,CS,F
15:00:00,INDF,RG,6475,1,D,LG,CS,F
15:00:00,INDF,RG,6475,10,D,TP,CS,F
15:00:00,INDF,RG,6475,5,D,SQ,CS,F
15:00:00,INDF,RG,6475,1,D,KK,CS,F
15:00:00,INDF,RG,6475,1,D,KK,CS,F
15:00:00,INDF,RG,6475,10,D,YB,CS,F
15:00:00,INDF,RG,6475,6,D,YP,CS,F
15:00:00,INDF,RG,6475,9,D,YP,OD,D
15:00:00,INDF,RG,6475,324,F,BK,OD,D
15:00:00,INDF,RG,6475,154,F,BK,PD,D
15:00:00,INDF,RG,6475,147,F,AK,PD,D
15:00:00,INDF,RG,6475,22,F,AK,KZ,D
15:00:00,INDF,RG,6475,192,F,AK,LG,D
15:00:00,INDF,RG,6475,67,F,AK,YU,D
15:00:00,INDF,RG,6475,600,F,BK,YU,D
15:00:00,INDF,RG,6475,233,F,BK,YU,D
15:00:00,INDF,RG,6475,23,F,AK,YU,D
15:00:00,INDF,RG,6475,271,F,YU,YU,D
15:00:00,INDF,RG,6475,91,D,OD,YU,D
14:49:11,INDF,RG,6500,15,D,KK,PD,D
14:49:11,INDF,RG,6500,2,D,KK,XC,D
14:49:11,INDF,RG,6500,1,D,KK,YP,D
14:49:11,INDF,RG,6500,2,D,KK,PD,D
14:49:10,INDF,RG,6450,5,D,YP,KZ,D
14:49:10,INDF,RG,6450,3,D,KK,KZ,D
14:49:10,INDF,RG,6450,12,D,KK,KZ,D
14:49:09,INDF,RG,6475,1,D,PD,KZ,D
14:49:09,INDF,RG,6475,1,D,DH,KZ,D
14:49:09,INDF,RG,6475,10,F,BK,KZ,D
14:49:09,INDF,RG,6475,10,D,YP,KZ,D
14:49:09,INDF,RG,6475,8,D,CC,KZ,D
14:49:09,INDF,RG,6475,35,D,YP,KZ,D
14:49:09,INDF,RG,6475,5,D,YP,KZ,D
14:49:09,INDF,RG,6475,12,D,DH,KZ,D
14:49:09,INDF,RG,6475,5,D,YP,KZ,D
14:49:09,INDF,RG,6475,14,F,BK,KZ,D
14:49:09,INDF,RG,6475,7,D,YP,KZ,D
14:49:09,INDF,RG,6475,25,D,YP,KZ,D
14:49:09,INDF,RG,6475,13,D,YP,KZ,D
14:49:00,INDF,RG,6475,1,D,YP,AK,F
14:48:47,INDF,RG,6500,3,D,YP,XC,D
14:48:47,INDF,RG,6500,2,D,YP,SQ,D
14:48:37,INDF,RG,6475,36,D,YP,KZ,D
14:48:37,INDF,RG,6475,80,F,BK,KZ,D
14:48:37,INDF,RG,6475,4,D,CG,KZ,D
14:48:37,INDF,RG,6475,105,D,CG,KZ,D
14:48:37,INDF,RG,6475,1,D,CG,KZ,D
14:48:37,INDF,RG,6475,2,D,YP,KZ,D
14:48:29,INDF,RG,6500,1,F,BK,SQ,D
14:48:29,INDF,RG,6475,2,D,YP,AZ,D
14:48:29,INDF,RG,6475,1,D,YP,AK,F
14:48:29,INDF,RG,6475,16,D,YP,KK,D
14:48:29,INDF,RG,6475,1,D,YP,NI,D
14:48:29,INDF,RG,6475,18,D,YP,CC,D
14:48:29,INDF,RG,6475,2,D,YP,DH,D
14:48:29,INDF,RG,6475,5,D,YP,YP,D
14:48:29,INDF,RG,6475,1,D,YP,AK,F
14:48:29,INDF,RG,6475,60,D,YP,LG,D
14:48:29,INDF,RG,6475,13,D,YP,LG,D
14:48:29,INDF,RG,6475,79,D,YP,LG,D
14:48:28,INDF,RG,6475,7,D,YP,LG,D
14:48:27,INDF,RG,6475,11,F,BK,LG,D
14:48:27,INDF,RG,6475,10,F,BK,LG,D
14:48:26,INDF,RG,6475,5,D,YP,LG,D
14:48:24,INDF,RG,6475,16,F,BK,LG,D
14:48:24,INDF,RG,6475,74,F,AK,LG,D
14:48:22,INDF,RG,6475,153,D,YP,LG,D
14:48:20,INDF,RG,6475,1,D,CG,LG,D
14:48:19,INDF,RG,6475,2,D,CG,LG,D
14:48:19,INDF,RG,6475,8,D,CG,LG,D
14:48:18,INDF,RG,6475,17,D,IF,LG,D
14:48:18,INDF,RG,6475,11,F,BK,LG,D
14:48:15,INDF,RG,6475,15,D,YP,LG,D
14:48:13,INDF,RG,6475,2,F,BK,LG,D
14:48:10,INDF,RG,6475,111,D,CG,LG,D
14:48:10,INDF,RG,6475,5,D,CG,LG,D
14:48:10,INDF,RG,6475,11,F,BK,LG,D
14:48:10,INDF,RG,6475,33,D,YP,LG,D
14:48:09,INDF,RG,6450,3,D,KK,KZ,D
14:48:07,INDF,RG,6475,27,F,BK,LG,D
14:48:04,INDF,RG,6475,13,F,BK,LG,D
14:48:03,INDF,RG,6475,19,D,YP,LG,D
14:48:02,INDF,RG,6475,3,D,CG,LG,D
14:48:01,INDF,RG,6475,57,D,CG,LG,D
14:48:00,INDF,RG,6450,85,D,KK,KZ,D
14:48:00,INDF,RG,6450,2,D,SQ,KZ,D
14:48:00,INDF,RG,6450,1,D,PD,KZ,D
14:48:00,INDF,RG,6450,1,D,PD,KZ,D
14:48:00,INDF,RG,6450,10,D,DH,KZ,D
14:48:00,INDF,RG,6450,5,D,AZ,KZ,D
14:48:00,INDF,RG,6450,50,D,CC,KZ,D
14:48:00,INDF,RG,6450,1,D,PD,KZ,D
14:48:00,INDF,RG,6450,1,D,DR,KZ,D
14:48:00,INDF,RG,6450,1,D,DR,KZ,D
14:48:00,INDF,RG,6450,1,D,PD,KZ,D
14:48:00,INDF,RG,6450,21,D,AZ,KZ,D
14:48:00,INDF,RG,6450,2,D,PD,KZ,D
14:48:00,INDF,RG,6450,1,D,AZ,KZ,D
14:48:00,INDF,RG,6450,1,D,GR,KZ,D
14:47:48,INDF,RG,6475,1,D,CC,LG,D
14:47:48,INDF,RG,6475,12,F,BK,LG,D
14:47:47,INDF,RG,6475,12,F,BK,LG,D
14:47:46,INDF,RG,6475,2,D,XC,LG,D
14:47:45,INDF,RG,6450,4,D,GR,CS,D
14:47:45,INDF,RG,6450,5,D,FS,CS,D
14:47:45,INDF,RG,6450,10,D,EP,CS,D
14:47:45,INDF,RG,6450,1,D,DR,CS,D
14:47:45,INDF,RG,6450,1,D,PD,CS,D
14:47:45,INDF,RG,6450,12,D,YP,CS,D
14:47:45,INDF,RG,6450,10,D,YP,CS,D
14:47:45,INDF,RG,6475,3,D,CG,LG,D
14:47:45,INDF,RG,6475,34,D,CG,LG,D
14:47:45,INDF,RG,6475,42,D,CG,LG,D
14:47:40,INDF,RG,6450,14,D,YP,CS,D
14:47:37,INDF,RG,6475,13,F,BK,LG,D
14:47:36,INDF,RG,6475,12,F,BK,LG,D
14:47:32,INDF,RG,6475,14,F,BK,LG,D
14:47:31,INDF,RG,6450,14,D,YP,CS,D
14:47:31,INDF,RG,6450,50,D,KK,CS,D
14:47:31,INDF,RG,6450,5,D,PO,CS,D
14:47:31,INDF,RG,6450,25,D,YP,CS,D
14:47:31,INDF,RG,6450,3,D,YP,CS,D
14:47:31,INDF,RG,6450,7,D,YP,CS,D
14:47:31,INDF,RG,6450,5,D,CC,CS,D
14:47:31,INDF,RG,6450,2,D,DH,CS,D
14:47:31,INDF,RG,6450,35,D,PD,CS,D
14:47:31,INDF,RG,6450,29,D,PD,CS,D
14:47:31,INDF,RG,6475,10,D,YP,LG,D
14:47:30,INDF,RG,6450,19,D,PD,CS,D
14:47:29,INDF,RG,6450,3,D,PD,CS,D
14:47:28,INDF,RG,6475,3,D,CG,LG,D
14:47:26,INDF,RG,6475,13,F,BK,LG,D
14:47:26,INDF,RG,6475,12,F,BK,LG,D
14:47:25,INDF,RG,6475,52,D,CG,LG,D
14:47:25,INDF,RG,6475,26,D,CG,KZ,D
14:47:16,INDF,RG,6475,11,F,BK,KZ,D
14:47:10,INDF,RG,6475,13,F,BK,KZ,D
14:47:10,INDF,RG,6475,1,D,CG,KZ,D
14:47:09,INDF,RG,6475,1,D,CG,KZ,D
14:47:07,INDF,RG,6475,25,F,BK,KZ,D
14:47:06,INDF,RG,6450,40,D,PD,YP,D
14:47:05,INDF,RG,6450,44,D,PD,KZ,D
14:47:05,INDF,RG,6450,1,D,PD,KZ,D
14:47:05,INDF,RG,6450,10,D,PD,KZ,D
14:47:05,INDF,RG,6450,1,D,HP,KZ,D
14:47:05,INDF,RG,6450,3,D,XC,KZ,D
14:47:05,INDF,RG,6450,8,D,LG,KZ,D
14:47:05,INDF,RG,6450,2,D,SQ,KZ,D
14:47:05,INDF,RG,6450,10,D,XC,KZ,D
14:47:05,INDF,RG,6450,3,D,YP,KZ,D
14:47:05,INDF,RG,6450,25,D,TP,KZ,D
14:47:05,INDF,RG,6450,1,D,DH,KZ,D
14:47:05,INDF,RG,6450,10,D,PD,KZ,D
14:47:05,INDF,RG,6450,10,D,LG,KZ,D
14:47:05,INDF,RG,6450,1,D,NI,KZ,D
14:47:05,INDF,RG,6450,1,D,NI,KZ,D
14:47:05,INDF,RG,6450,10,D,AI,KZ,D
14:47:05,INDF,RG,6450,10,D,YP,KZ,D
14:47:05,INDF,RG,6450,15,D,SQ,KZ,D
14:47:05,INDF,RG,6450,5,D,TP,KZ,D
14:47:05,INDF,RG,6450,19,D,DH,KZ,D
14:47:04,INDF,RG,6475,12,F,BK,KZ,D
14:47:04,INDF,RG,6475,1,F,BK,AK,F
14:47:04,INDF,RG,6475,16,D,CG,CS,D
14:46:54,INDF,RG,6475,14,F,AK,CS,D
14:46:54,INDF,RG,6475,9,F,AK,CS,D
14:46:54,INDF,RG,6475,16,F,AK,EP,D
14:46:50,INDF,RG,6475,11,F,BK,EP,D
14:46:46,INDF,RG,6475,13,F,BK,EP,D
14:46:46,INDF,RG,6475,2,F,BK,CS,D
14:46:42,INDF,RG,6475,3,F,BK,CS,D
14:46:42,INDF,RG,6475,9,F,BK,CS,D
14:46:41,INDF,RG,6475,20,F,BK,CS,D
14:46:41,INDF,RG,6475,1,F,BK,AK,F
14:46:41,INDF,RG,6475,11,F,BK,CS,D
14:46:41,INDF,RG,6475,3,F,BK,CS,D
14:46:39,INDF,RG,6450,6,D,DH,CS,D
14:46:39,INDF,RG,6450,1,D,CC,CS,D
14:46:39,INDF,RG,6450,1,D,YP,CS,D
14:46:39,INDF,RG,6450,5,D,CC,CS,D
14:46:39,INDF,RG,6450,26,D,CC,CS,D
14:46:39,INDF,RG,6450,1,D,PD,CS,D
14:46:39,INDF,RG,6450,10,D,KK,CS,D
14:46:39,INDF,RG,6450,100,D,YP,CS,D
14:46:39,INDF,RG,6450,1,D,NI,CS,D
14:46:39,INDF,RG,6450,176,D,CC,CS,D
14:46:35,INDF,RG,6475,1,D,NI,CS,D
14:46:33,INDF,RG,6475,10,D,PD,CS,D
14:46:29,INDF,RG,6475,5,D,CC,CS,D
14:46:26,INDF,RG,6475,4,F,BK,CS,D
14:46:26,INDF,RG,6475,8,F,BK,CS,D
14:46:18,INDF,RG,6475,3,F,BK,CS,D
14:46:18,INDF,RG,6475,3,F,BK,CS,D
14:46:18,INDF,RG,6475,6,F,BK,KZ,D
14:46:15,INDF,RG,6475,3,D,YP,KZ,D
14:46:06,INDF,RG,6475,1,D,YP,KZ,D
14:46:05,INDF,RG,6475,10,F,BK,KZ,D
14:46:05,INDF,RG,6475,2,F,BK,KZ,D
14:46:05,INDF,RG,6475,3,D,YP,KZ,D
14:46:05,INDF,RG,6475,2,D,YP,KZ,D
14:46:02,INDF,RG,6475,12,F,BK,KZ,D
14:46:01,INDF,RG,6475,2,D,YP,KZ,D
14:46:00,INDF,RG,6450,24,D,CC,KZ,D
14:46:00,INDF,RG,6450,1,D,OD,KZ,D
14:46:00,INDF,RG,6450,1,D,PD,KZ,D
14:46:00,INDF,RG,6450,2,D,YP,KZ,D
14:46:00,INDF,RG,6450,2,D,CC,KZ,D
14:46:00,INDF,RG,6450,2,D,AZ,KZ,D
14:46:00,INDF,RG,6450,5,D,SQ,KZ,D
14:46:00,INDF,RG,6450,23,D,YP,KZ,D
14:46:00,INDF,RG,6450,5,D,YP,KZ,D
14:46:00,INDF,RG,6450,1,D,PD,KZ,D
14:46:00,INDF,RG,6450,2,D,NI,KZ,D
14:46:00,INDF,RG,6450,2,D,DR,KZ,D
14:46:00,INDF,RG,6450,5,D,ID,KZ,D
14:46:00,INDF,RG,6450,3,D,XC,KZ,D
14:46:00,INDF,RG,6450,45,D,CP,KZ,D
14:45:57,INDF,RG,6475,12,F,BK,KZ,D
14:45:54,INDF,RG,6475,14,F,BK,KZ,D
14:45:54,INDF,RG,6475,80,D,XC,KZ,D
14:45:53,INDF,RG,6450,52,D,CP,NI,D
14:45:51,INDF,RG,6475,13,F,BK,KZ,D
14:45:44,INDF,RG,6475,1,D,PD,KZ,D
14:45:35,INDF,RG,6475,11,F,BK,KZ,D
14:45:26,INDF,RG,6475,5,D,KK,KZ,D
14:45:24,INDF,RG,6475,13,F,BK,KZ,D
14:45:23,INDF,RG,6475,5,D,YP,KZ,D
14:45:23,INDF,RG,6475,13,F,BK,KZ,D
14:45:21,INDF,RG,6475,6,D,XC,KZ,D
14:45:20,INDF,RG,6475,41,F,AK,KZ,D
14:45:20,INDF,RG,6475,10,D,CC,KZ,D
14:45:17,INDF,RG,6475,9,F,BK,KZ,D
14:45:17,INDF,RG,6475,1,F,BK,NI,D
14:45:17,INDF,RG,6475,1,F,BK,AK,F
14:45:17,INDF,RG,6475,1,F,BK,PD,D
14:45:17,INDF,RG,6475,6,F,BK,YP,D
14:45:15,INDF,RG,6475,1,F,BK,YP,D
14:45:15,INDF,RG,6475,12,F,BK,CS,D
14:45:15,INDF,RG,6475,16,D,YP,CS,D
14:45:15,INDF,RG,6475,5,D,YP,CS,D
14:45:15,INDF,RG,6475,6,D,YP,AK,F
14:45:15,INDF,RG,6475,8,D,YP,CS,D
14:45:15,INDF,RG,6475,12,D,YP,CS,D
14:45:13,INDF,RG,6475,4,D,BQ,CS,D
14:45:13,INDF,RG,6475,8,D,BQ,CS,D
14:45:13,INDF,RG,6475,6,D,BQ,CS,D
14:45:12,INDF,RG,6475,10,F,BK,CS,D
14:45:12,INDF,RG,6475,10,F,BK,OD,D
14:45:12,INDF,RG,6475,21,F,BK,CS,D
14:45:12,INDF,RG,6475,1,F,BK,CS,D
14:45:12,INDF,RG,6475,24,F,BK,CS,D
14:45:12,INDF,RG,6475,1,F,BK,OD,D
14:45:12,INDF,RG,6475,4,D,CG,CS,D
14:45:11,INDF,RG,6475,5,D,CG,CS,D
14:45:11,INDF,RG,6475,5,D,CG,CS,D
14:45:11,INDF,RG,6475,21,D,CG,CS,D
14:45:11,INDF,RG,6475,4,D,CG,CS,D
14:45:11,INDF,RG,6475,5,D,CG,CS,D
14:45:11,INDF,RG,6475,13,D,CG,CS,D
14:45:11,INDF,RG,6475,162,D,CG,KZ,D
14:45:10,INDF,RG,6450,3,D,CP,CS,D
14:45:10,INDF,RG,6450,10,D,SQ,CS,D
14:45:10,INDF,RG,6450,2,D,DR,CS,D
14:45:10,INDF,RG,6450,1,D,CC,CS,D
14:45:10,INDF,RG,6450,1,D,CC,CS,D
14:45:10,INDF,RG,6450,3,D,PD,CS,D
14:45:10,INDF,RG,6450,1,D,CC,CS,D
14:45:10,INDF,RG,6450,1,D,YP,CS,D
14:45:10,INDF,RG,6450,2,D,AG,CS,D
14:45:10,INDF,RG,6450,30,F,AG,CS,D
14:45:10,INDF,RG,6450,1,D,AI,CS,D
14:45:10,INDF,RG,6450,1,D,LG,CS,D
14:45:10,INDF,RG,6450,7,D,YP,CS,D
14:45:10,INDF,RG,6450,66,D,YP,CS,D
14:45:10,INDF,RG,6450,74,D,YP,CS,D
14:45:10,INDF,RG,6450,49,D,YP,CS,D
14:45:10,INDF,RG,6450,50,D,YP,CS,D
14:45:10,INDF,RG,6450,35,D,YP,CS,D
14:45:10,INDF,RG,6450,15,D,YP,CS,D
14:45:10,INDF,RG,6450,43,D,YP,CS,D
14:45:10,INDF,RG,6450,70,D,YP,CS,D
14:45:10,INDF,RG,6450,10,D,YP,CS,D
14:45:09,INDF,RG,6475,5,D,KK,KZ,D
14:45:04,INDF,RG,6475,1,D,AT,KZ,D
14:44:59,INDF,RG,6475,13,F,BK,KZ,D
14:44:55,INDF,RG,6450,42,D,YP,DX,D
14:44:55,INDF,RG,6450,7,D,YP,DP,D
14:44:51,INDF,RG,6450,6,D,YP,DP,D
14:44:43,INDF,RG,6450,3,D,YP,PD,D
14:44:42,INDF,RG,6450,1,D,YP,DP,D
14:44:41,INDF,RG,6450,6,D,YP,DP,D
14:44:30,INDF,RG,6450,47,D,YP,DX,D
14:44:25,INDF,RG,6475,1,D,CC,KZ,D
14:44:20,INDF,RG,6475,15,F,BK,KZ,D
14:44:18,INDF,RG,6475,5,D,YP,KZ,D
14:44:18,INDF,RG,6475,23,D,YJ,KZ,D
14:44:15,INDF,RG,6475,16,F,BK,KZ,D
14:44:14,INDF,RG,6475,1,D,PD,KZ,D
14:44:11,INDF,RG,6475,27,F,BK,KZ,D
14:44:11,INDF,RG,6475,66,D,NI,KZ,D
14:44:11,INDF,RG,6475,46,D,NI,KZ,D
14:44:10,INDF,RG,6450,150,D,YP,KZ,D
14:44:10,INDF,RG,6450,75,D,YP,KZ,D
14:44:10,INDF,RG,6450,71,D,YP,KZ,D
14:44:00,INDF,RG,6450,3,D,YP,NI,D
14:43:53,INDF,RG,6475,1,D,DH,KZ,D
14:43:52,INDF,RG,6475,13,F,BK,KZ,D
14:43:47,INDF,RG,6475,65,F,BK,KZ,D
14:43:45,INDF,RG,6475,1,D,YP,KZ,D
14:43:42,INDF,RG,6475,194,F,AK,KZ,D
14:43:41,INDF,RG,6475,13,F,BK,KZ,D
14:43:41,INDF,RG,6475,142,F,AK,KZ,D
14:43:41,INDF,RG,6475,358,F,AK,KZ,D
14:43:40,INDF,RG,6475,63,D,DH,KZ,D
14:43:40,INDF,RG,6475,12,D,DH,KZ,D
14:43:40,INDF,RG,6475,40,D,DH,CS,D
14:43:32,INDF,RG,6475,1,D,DH,CS,D
14:43:30,INDF,RG,6475,1,D,CC,CS,D
14:43:19,INDF,RG,6475,2,F,BK,CS,D
14:43:19,INDF,RG,6475,11,F,BK,CS,D
14:43:19,INDF,RG,6475,2,F,BK,CS,D
14:43:16,INDF,RG,6475,1,F,BK,CS,D
14:43:16,INDF,RG,6475,19,F,BK,CS,D
14:43:14,INDF,RG,6475,2,D,YP,CS,D
14:43:14,INDF,RG,6475,2,D,YP,CS,D
14:43:11,INDF,RG,6475,8,F,BK,CS,D
14:43:11,INDF,RG,6475,3,F,BK,CS,D
14:43:11,INDF,RG,6475,2,F,BK,KZ,D
14:43:11,INDF,RG,6475,1,F,BK,YP,D
14:43:11,INDF,RG,6475,26,F,BK,CS,D
14:43:11,INDF,RG,6475,25,F,BK,CS,D
14:43:11,INDF,RG,6475,2,F,BK,AK,F
14:43:11,INDF,RG,6475,2,F,BK,AK,F
14:43:11,INDF,RG,6475,9,F,BK,CS,D
14:43:11,INDF,RG,6475,84,F,BK,DP,D
14:43:11,INDF,RG,6475,20,F,BK,CS,D
14:43:10,INDF,RG,6450,767,D,YP,KZ,D
14:43:10,INDF,RG,6450,279,D,YP,KZ,D
14:43:10,INDF,RG,6450,124,D,YP,KZ,D
14:43:10,INDF,RG,6450,2,D,YP,KZ,D
14:43:10,INDF,RG,6450,16,D,YP,KZ,D
14:43:10,INDF,RG,6450,200,D,SQ,KZ,D
14:43:10,INDF,RG,6450,2,D,PD,KZ,D
14:43:10,INDF,RG,6450,10,D,DH,KZ,D
14:43:10,INDF,RG,6450,5,D,YP,KZ,D
14:43:10,INDF,RG,6450,1,D,IF,KZ,D
14:43:10,INDF,RG,6450,100,D,GR,KZ,D
14:43:10,INDF,RG,6450,5,D,CC,KZ,D
14:43:10,INDF,RG,6450,3,D,CC,KZ,D
14:43:10,INDF,RG,6450,1,D,PD,KZ,D
14:43:10,INDF,RG,6450,1,D,PD,KZ,D
14:43:10,INDF,RG,6450,5,D,PD,KZ,D
14:43:10,INDF,RG,6450,8,D,PD,KZ,D
14:43:10,INDF,RG,6450,15,D,PD,KZ,D
14:43:10,INDF,RG,6450,57,D,YB,KZ,D
14:43:10,INDF,RG,6450,43,D,YB,KZ,D
14:43:10,INDF,RG,6450,20,D,PD,KZ,D
14:43:10,INDF,RG,6450,250,D,CC,KZ,D
14:43:10,INDF,RG,6450,54,D,YB,KZ,D
14:42:47,INDF,RG,6450,46,D,YB,DX,D
14:42:47,INDF,RG,6450,1,D,PD,DX,D
14:42:47,INDF,RG,6450,3,D,PD,DX,D
14:42:37,INDF,RG,6475,5,D,PD,CS,D
14:42:33,INDF,RG,6450,7,D,PD,CS,D
14:42:33,INDF,RG,6450,10,D,DR,CS,D
14:42:33,INDF,RG,6450,84,D,CC,CS,D
14:42:16,INDF,RG,6450,1,D,CC,CC,D
14:42:04,INDF,RG,6450,8,D,CC,XC,D
14:41:45,INDF,RG,6450,2,D,CC,XC,D
14:41:39,INDF,RG,6475,1,D,NI,CS,D
14:41:04,INDF,RG,6450,45,D,CC,DX,D
14:40:48,INDF,RG,6450,31,D,CC,DP,D
14:40:43,INDF,RG,6475,2,D,KK,CS,D
14:40:42,INDF,RG,6475,1,D,NI,CS,D
14:40:41,INDF,RG,6475,1,D,XC,CS,D
14:40:35,INDF,RG,6475,1,D,DH,CS,D
14:40:29,INDF,RG,6475,10,D,KK,CS,D
14:40:24,INDF,RG,6475,1,D,DH,CS,D
14:40:18,INDF,RG,6450,79,D,CC,NI,D
14:40:18,INDF,RG,6450,300,D,YB,NI,D
14:40:18,INDF,RG,6450,1,D,AT,NI,D
14:40:18,INDF,RG,6450,10,D,DH,NI,D
14:40:18,INDF,RG,6450,10,D,TP,NI,D
14:40:07,INDF,RG,6475,85,F,AK,CS,D
14:40:07,INDF,RG,6475,20,F,AK,LG,D
14:40:07,INDF,RG,6475,1,D,CG,LG,D
14:40:07,INDF,RG,6475,33,D,CG,LG,D
14:40:07,INDF,RG,6475,12,D,CG,LG,D
14:40:07,INDF,RG,6475,72,D,CG,LG,D
14:40:07,INDF,RG,6450,11,D,YU,CS,D
14:40:07,INDF,RG,6475,88,F,BK,LG,D
14:40:06,INDF,RG,6475,1,D,CC,LG,D
14:40:06,INDF,RG,6475,10,D,SQ,LG,D
14:40:06,INDF,RG,6475,1,D,PD,LG,D
14:40:06,INDF,RG,6475,11,D,SQ,LG,D
14:40:06,INDF,RG,6475,1,D,YP,LG,D
14:40:06,INDF,RG,6475,2,D,CG,LG,D
14:40:06,INDF,RG,6475,2,D,CG,LG,D
14:40:06,INDF,RG,6475,129,D,CG,LG,D
14:40:06,INDF,RG,6475,5,D,SQ,LG,D
14:40:06,INDF,RG,6475,1,D,CC,LG,D
14:40:06,INDF,RG,6475,5,D,AT,LG,D
14:40:06,INDF,RG,6475,5,D,CG,LG,D
14:40:06,INDF,RG,6475,10,D,NI,LG,D
14:40:06,INDF,RG,6475,1,D,YP,LG,D
14:40:06,INDF,RG,6475,1,D,SQ,LG,D
14:40:06,INDF,RG,6475,1,D,XC,LG,D
14:40:06,INDF,RG,6475,10,D,NI,LG,D
14:40:06,INDF,RG,6475,79,F,BK,LG,D
14:40:06,INDF,RG,6475,1,D,XC,LG,D
14:40:06,INDF,RG,6475,137,D,YJ,LG,D
14:40:06,INDF,RG,6475,50,D,KK,LG,D
14:40:06,INDF,RG,6475,1,D,CC,LG,D
14:40:06,INDF,RG,6475,10,D,NI,LG,D
14:40:06,INDF,RG,6475,26,D,CG,LG,D
14:40:06,INDF,RG,6475,2,D,CG,LG,D
14:40:06,INDF,RG,6475,15,D,YP,LG,D
14:40:06,INDF,RG,6475,1,D,DH,LG,D
14:40:06,INDF,RG,6475,1,F,BK,LG,D
14:40:06,INDF,RG,6475,12,F,BK,LG,D
14:40:06,INDF,RG,6475,1,D,PD,LG,D
14:40:06,INDF,RG,6475,30,D,XC,LG,D
14:40:06,INDF,RG,6475,1,D,CG,LG,D
14:40:06,INDF,RG,6475,48,D,CC,LG,D
14:40:06,INDF,RG,6475,2,D,YP,LG,D
14:40:06,INDF,RG,6475,15,D,NI,LG,D
14:40:06,INDF,RG,6475,5,D,XC,LG,D
14:40:06,INDF,RG,6475,19,D,CG,LG,D
14:40:06,INDF,RG,6475,21,D,YJ,LG,D
14:39:45,INDF,RG,6475,21,D,YJ,CS,D
14:39:23,INDF,RG,6475,38,D,YJ,DX,D
14:39:20,INDF,RG,6475,55,D,YJ,CS,D
14:39:20,INDF,RG,6475,50,D,YP,CS,D
14:39:20,INDF,RG,6475,1,D,CG,CS,D
14:39:20,INDF,RG,6475,16,D,CG,CS,D
14:39:20,INDF,RG,6475,2,D,YP,CS,D
14:39:20,INDF,RG,6475,1,D,NI,CS,D
14:39:20,INDF,RG,6475,2,D,YP,CS,D
14:39:20,INDF,RG,6475,30,F,BK,CS,D
14:39:16,INDF,RG,6475,26,F,BK,NI,D
14:39:16,INDF,RG,6475,2,D,CG,NI,D
14:39:16,INDF,RG,6475,18,D,CG,NI,D
14:39:04,INDF,RG,6475,21,D,CG,CS,D
14:38:23,INDF,RG,6475,20,D,CG,CS,D
14:37:59,INDF,RG,6475,3,D,CG,KZ,D
14:37:49,INDF,RG,6475,14,D,CG,CS,D
14:37:49,INDF,RG,6475,1,D,NI,CS,D
14:37:49,INDF,RG,6475,1,D,CC,CS,D
14:37:49,INDF,RG,6475,30,D,CG,CS,D
14:37:49,INDF,RG,6475,41,D,XA,CS,D
14:37:49,INDF,RG,6475,2,D,CG,CS,D
14:37:49,INDF,RG,6475,18,F,KZ,CS,D
14:37:45,INDF,RG,6475,39,F,KZ,DX,D
14:37:42,INDF,RG,6475,15,F,KZ,CS,D
14:37:29,INDF,RG,6475,21,F,KZ,OD,D
14:37:12,INDF,RG,6475,16,F,KZ,CS,D
14:36:48,INDF,RG,6475,78,F,KZ,CS,D
14:36:48,INDF,RG,6475,5,D,KK,CS,D
14:36:48,INDF,RG,6475,1,D,YP,CS,D
14:36:48,INDF,RG,6475,5,D,YP,CS,D
14:36:48,INDF,RG,6475,32,F,KZ,CS,D
14:36:39,INDF,RG,6475,17,F,KZ,CS,D
14:36:34,INDF,RG,6500,5,D,AI,KZ,D
14:36:11,INDF,RG,6475,1,F,KZ,XC,D
14:36:09,INDF,RG,6475,4,F,KZ,PD,D
14:36:06,INDF,RG,6475,18,F,KZ,CS,D
14:36:05,INDF,RG,6475,61,F,KZ,YP,D
14:36:02,INDF,RG,6475,44,F,KZ,DX,D
14:35:50,INDF,RG,6475,6,F,KZ,DP,D
14:35:38,INDF,RG,6475,2,F,KZ,CS,D
14:35:38,INDF,RG,6475,3,F,KZ,CS,D
14:35:38,INDF,RG,6475,20,D,SQ,CS,D
14:35:38,INDF,RG,6475,10,D,YP,CS,D
14:35:38,INDF,RG,6475,1,D,CG,CS,D
14:35:38,INDF,RG,6475,72,F,BK,CS,D
14:35:37,INDF,RG,6475,28,F,BK,NI,D
14:35:37,INDF,RG,6475,10,D,CC,NI,D
14:35:37,INDF,RG,6475,1,D,DH,NI,D
14:35:37,INDF,RG,6475,22,D,SQ,NI,D
14:35:37,INDF,RG,6475,1,D,CG,NI,D
14:35:37,INDF,RG,6475,23,D,CG,NI,D
14:35:37,INDF,RG,6475,1,D,YP,NI,D
14:35:37,INDF,RG,6475,1,D,CG,NI,D
14:35:37,INDF,RG,6475,1,D,CG,NI,D
14:35:37,INDF,RG,6475,19,D,CG,NI,D
14:35:37,INDF,RG,6475,93,D,CG,NI,D
14:35:29,INDF,RG,6475,11,D,CG,CS,D
14:35:29,INDF,RG,6475,8,F,BK,CS,D
14:34:56,INDF,RG,6475,25,F,CC,YP,D
14:34:46,INDF,RG,6475,11,F,CC,CS,D
14:34:43,INDF,RG,6500,2,D,YP,KZ,D
14:34:41,INDF,RG,6475,24,F,CC,PD,D
14:34:26,INDF,RG,6475,113,F,CC,CS,D
14:34:25,INDF,RG,6475,200,F,CC,NI,D
14:34:18,INDF,RG,6475,15,F,CC,CS,D
14:34:16,INDF,RG,6475,52,F,CC,DX,D
14:34:07,INDF,RG,6475,2,F,CC,SQ,D
14:33:50,INDF,RG,6475,8,F,CC,DP,D
14:33:49,INDF,RG,6475,23,F,CC,NI,D
14:33:34,INDF,RG,6475,50,F,CC,YP,D
14:33:04,INDF,RG,6475,1,F,CC,LG,D
14:33:04,INDF,RG,6475,1,F,CC,LG,D
14:33:04,INDF,RG,6475,1,F,CC,LG,D
14:33:04,INDF,RG,6475,1,F,CC,LG,D
14:33:02,INDF,RG,6475,1,F,CC,KK,D
14:32:59,INDF,RG,6475,64,F,CC,GR,D
14:32:58,INDF,RG,6475,1,F,KZ,GR,D
14:32:58,INDF,RG,6475,1,D,XC,GR,D
14:32:58,INDF,RG,6475,9,F,BK,GR,D
14:32:58,INDF,RG,6475,5,D,CG,GR,D
14:32:58,INDF,RG,6475,20,D,CC,GR,D
14:32:46,INDF,RG,6475,12,F,AK,CS,D
14:32:46,INDF,RG,6475,25,F,AK,DP,D
14:32:46,INDF,RG,6475,3,F,AK,CS,D
14:32:46,INDF,RG,6475,2,F,AK,AK,F
14:32:42,INDF,RG,6475,3,D,CG,CS,D
14:32:42,INDF,RG,6475,8,F,AK,CS,D
14:32:42,INDF,RG,6475,7,F,AK,CS,D
14:32:41,INDF,RG,6475,4,F,AK,CS,D
14:32:41,INDF,RG,6475,2,F,AK,CS,D
14:32:41,INDF,RG,6475,9,F,AK,CS,D
14:32:41,INDF,RG,6475,13,F,AK,DP,D
14:32:41,INDF,RG,6475,11,D,CG,DP,D
14:32:41,INDF,RG,6475,33,F,BK,DP,D
14:32:41,INDF,RG,6475,13,D,CG,DP,D
14:32:40,INDF,RG,6475,1,D,CG,CS,D
14:32:40,INDF,RG,6450,26,D,YU,YP,D
14:32:39,INDF,RG,6450,25,D,YU,CC,D
14:32:39,INDF,RG,6475,37,D,CG,CC,D
14:32:39,INDF,RG,6475,10,D,CG,CC,D
14:32:39,INDF,RG,6475,5,D,CG,PD,D
14:32:39,INDF,RG,6475,45,D,CG,DX,D
14:32:39,INDF,RG,6450,2,D,YU,YP,D
14:32:38,INDF,RG,6450,36,D,YU,CS,D
14:32:38,INDF,RG,6450,20,D,CP,CS,D
14:32:38,INDF,RG,6450,35,D,IH,CS,D
14:32:38,INDF,RG,6475,7,F,KZ,CS,D
14:32:38,INDF,RG,6475,1,D,EP,CS,D
14:32:38,INDF,RG,6475,55,D,PD,CS,D
14:32:38,INDF,RG,6475,5,D,CG,CS,D
14:32:38,INDF,RG,6475,11,D,NI,CS,D
14:32:38,INDF,RG,6475,5,D,YP,CS,D
14:32:38,INDF,RG,6475,5,D,KK,CS,D
14:32:38,INDF,RG,6475,3,D,KK,CS,D
14:32:38,INDF,RG,6475,4,D,CG,CS,D
14:32:38,INDF,RG,6475,10,D,CC,CS,D
14:32:38,INDF,RG,6475,11,D,YP,CS,D
14:32:38,INDF,RG,6475,39,D,YP,CS,D
14:32:38,INDF,RG,6475,7,D,YP,CS,D
14:32:38,INDF,RG,6475,1,D,NI,CS,D
14:32:38,INDF,RG,6475,2,D,AI,CS,D
14:32:38,INDF,RG,6475,3,D,CC,CS,D
14:32:38,INDF,RG,6475,4,D,CG,CS,D
14:32:38,INDF,RG,6475,3,D,CC,CS,D
14:32:38,INDF,RG,6475,5,D,CC,LG,D
14:32:38,INDF,RG,6475,1,D,CC,LG,D
14:32:38,INDF,RG,6475,2,D,EP,LG,D
14:32:38,INDF,RG,6475,156,F,BK,LG,D
14:32:38,INDF,RG,6475,5,D,CC,LG,D
14:32:38,INDF,RG,6475,5,D,NI,LG,D
14:32:38,INDF,RG,6475,17,D,CG,LG,D
14:32:38,INDF,RG,6475,234,D,CG,LG,D
14:32:38,INDF,RG,6475,93,D,CG,LG,D
14:32:38,INDF,RG,6475,50,D,CG,LG,D
14:32:38,INDF,RG,6475,1,D,XC,LG,D
14:32:38,INDF,RG,6475,10,D,PD,LG,D
14:32:38,INDF,RG,6475,16,D,DX,LG,D
14:32:38,INDF,RG,6475,10,D,AI,LG,D
14:32:38,INDF,RG,6475,3,D,XC,LG,D
14:32:38,INDF,RG,6475,10,D,YP,LG,D
14:32:38,INDF,RG,6475,5,D,BQ,LG,D
14:32:38,INDF,RG,6475,5,D,PD,LG,D
14:32:38,INDF,RG,6475,267,F,AK,LG,D
14:32:38,INDF,RG,6475,1,D,XC,LG,D
14:32:38,INDF,RG,6475,1,D,KK,LG,D
14:32:38,INDF,RG,6475,1,D,XA,LG,D
14:32:38,INDF,RG,6475,1,D,CC,LG,D
14:32:38,INDF,RG,6475,128,F,BK,LG,D
14:32:38,INDF,RG,6475,5,D,AT,LG,D
14:32:38,INDF,RG,6475,30,D,OD,LG,D
14:32:38,INDF,RG,6475,10,D,PD,LG,D
14:32:38,INDF,RG,6475,10,D,YP,LG,D
14:32:38,INDF,RG,6475,1,D,YP,LG,D
14:32:38,INDF,RG,6475,10,D,YP,LG,D
14:32:38,INDF,RG,6475,1,D,PD,LG,D
14:32:38,INDF,RG,6475,1,D,YP,LG,D
14:32:38,INDF,RG,6475,1,D,XC,LG,D
14:32:38,INDF,RG,6475,4,D,XC,LG,D
14:32:38,INDF,RG,6475,2,D,YP,LG,D
14:32:38,INDF,RG,6475,1,D,XC,LG,D
14:32:38,INDF,RG,6475,100,D,YP,LG,D
14:32:38,INDF,RG,6475,2,D,PD,LG,D
14:32:38,INDF,RG,6475,1,D,CC,LG,D
14:32:38,INDF,RG,6475,311,F,BK,LG,D
14:32:38,INDF,RG,6475,1,D,PD,LG,D
14:32:38,INDF,RG,6475,10,D,PD,LG,D
14:32:38,INDF,RG,6475,2,D,KK,LG,D
14:32:38,INDF,RG,6475,113,F,BK,LG,D
14:32:38,INDF,RG,6475,129,D,CG,LG,D
14:32:38,INDF,RG,6475,1,D,AT,LG,D
14:32:38,INDF,RG,6475,5,D,CG,LG,D
14:32:38,INDF,RG,6475,350,D,SQ,LG,D
14:32:38,INDF,RG,6475,1,D,GR,LG,D
14:32:38,INDF,RG,6475,5,D,YP,LG,D
14:32:38,INDF,RG,6475,3,D,XC,LG,D
14:32:38,INDF,RG,6475,5,D,XC,LG,D
14:32:38,INDF,RG,6475,13,D,PD,LG,D
14:32:38,INDF,RG,6475,1,D,NI,LG,D
14:32:38,INDF,RG,6475,6,D,NI,LG,D
14:32:38,INDF,RG,6475,500,D,PD,LG,D
14:32:38,INDF,RG,6475,2,D,YP,LG,D
14:32:38,INDF,RG,6475,10,D,AI,LG,D
14:32:38,INDF,RG,6475,1,D,XA,LG,D
14:32:38,INDF,RG,6475,1,D,CC,LG,D
14:32:38,INDF,RG,6475,1,D,PD,LG,D
14:32:38,INDF,RG,6475,3,F,KZ,LG,D
14:32:38,INDF,RG,6475,10,D,LG,LG,D
14:32:38,INDF,RG,6475,3,D,AT,LG,D
14:32:38,INDF,RG,6475,2,D,NI,LG,D
14:32:38,INDF,RG,6475,2,D,NI,LG,D
14:32:38,INDF,RG,6475,10,D,PD,LG,D
14:32:38,INDF,RG,6475,5,D,NI,LG,D
14:32:38,INDF,RG,6475,20,D,GR,LG,D
14:32:38,INDF,RG,6475,150,D,PD,LG,D
14:32:38,INDF,RG,6475,183,D,CC,LG,D
14:32:38,INDF,RG,6475,317,D,CC,LG,D
14:32:38,INDF,RG,6475,48,D,XC,LG,D
14:32:38,INDF,RG,6475,10,D,DR,LG,D
14:32:38,INDF,RG,6475,10,D,DH,LG,D
14:32:38,INDF,RG,6475,31,D,DH,LG,D
14:32:38,INDF,RG,6475,1,D,KK,LG,D
14:32:38,INDF,RG,6475,226,F,KZ,LG,D
14:32:38,INDF,RG,6475,40,D,CC,LG,D
14:32:38,INDF,RG,6475,155,F,KZ,LG,D
14:32:38,INDF,RG,6475,92,F,BK,LG,D
14:32:38,INDF,RG,6475,1,D,PD,LG,D
14:32:38,INDF,RG,6475,1,D,YP,LG,D
14:32:38,INDF,RG,6475,50,F,BK,LG,D
14:32:38,INDF,RG,6475,1,D,SQ,LG,D
14:32:38,INDF,RG,6475,5,D,YP,LG,D
14:32:38,INDF,RG,6475,2,D,XC,LG,D
14:32:38,INDF,RG,6475,60,D,NI,LG,D
14:32:38,INDF,RG,6475,5,D,DR,LG,D
14:32:38,INDF,RG,6475,850,D,SQ,LG,D
14:32:38,INDF,RG,6475,1,D,XC,LG,D
14:32:38,INDF,RG,6475,239,F,KZ,LG,D
14:32:38,INDF,RG,6475,2,D,NI,LG,D
14:32:38,INDF,RG,6475,1,D,CP,LG,D
14:32:38,INDF,RG,6475,1,D,MG,LG,D
14:32:38,INDF,RG,6475,1,D,PD,LG,D
14:32:38,INDF,RG,6475,14,F,BK,LG,D
14:32:38,INDF,RG,6475,5,D,GR,LG,D
14:32:38,INDF,RG,6475,2,D,PD,LG,D
14:32:38,INDF,RG,6475,5,D,PD,LG,D
14:32:38,INDF,RG,6475,5,D,PD,LG,D
14:32:38,INDF,RG,6475,1,D,NI,LG,D
14:32:38,INDF,RG,6475,50,D,CC,LG,D
14:32:38,INDF,RG,6475,5,D,PD,LG,D
14:32:38,INDF,RG,6475,112,F,CS,LG,D
14:32:38,INDF,RG,6475,79,F,BK,LG,D
14:32:38,INDF,RG,6475,1,D,KK,LG,D
14:32:38,INDF,RG,6475,1,D,XC,LG,D
14:32:38,INDF,RG,6475,3,D,PD,LG,D
14:32:38,INDF,RG,6475,45,D,SQ,LG,D
14:32:38,INDF,RG,6475,150,D,AR,LG,D
14:32:38,INDF,RG,6475,20,D,YP,LG,D
14:32:38,INDF,RG,6475,25,D,NI,LG,D
14:32:38,INDF,RG,6475,1,D,CC,LG,D
14:32:38,INDF,RG,6475,25,D,KK,LG,D
14:32:38,INDF,RG,6475,2,F,KZ,LG,D
14:32:38,INDF,RG,6475,4,D,CC,LG,D
14:32:38,INDF,RG,6475,1,D,YP,LG,D
14:32:38,INDF,RG,6475,111,F,KZ,LG,D
14:32:38,INDF,RG,6475,32,F,KZ,LG,D
14:32:38,INDF,RG,6475,1,D,PD,LG,D
14:32:38,INDF,RG,6475,20,D,CC,LG,D
14:32:38,INDF,RG,6475,1,D,NI,LG,D
14:32:38,INDF,RG,6475,50,D,CC,LG,D
14:32:38,INDF,RG,6475,1,D,NI,LG,D
14:32:38,INDF,RG,6475,10,D,OD,LG,D
14:32:38,INDF,RG,6475,1,D,CC,LG,D
14:32:38,INDF,RG,6475,6,D,XC,LG,D
14:32:38,INDF,RG,6475,50,D,DH,LG,D
14:32:38,INDF,RG,6475,20,D,LH,LG,D
14:32:38,INDF,RG,6475,2,D,DH,LG,D
14:32:38,INDF,RG,6475,3,D,XC,LG,D
14:32:38,INDF,RG,6475,1,D,OD,LG,D
14:32:38,INDF,RG,6475,2,D,AT,LG,D
14:32:38,INDF,RG,6475,80,D,LG,LG,D
14:32:38,INDF,RG,6475,1,D,YB,LG,D
14:32:38,INDF,RG,6475,1,D,PD,LG,D
14:32:38,INDF,RG,6475,1,D,XC,LG,D
14:32:38,INDF,RG,6475,3,D,DH,LG,D
14:32:38,INDF,RG,6475,1,D,PD,LG,D
14:32:38,INDF,RG,6475,2,D,NI,LG,D
14:32:38,INDF,RG,6475,925,D,MG,LG,D
14:32:29,INDF,RG,6500,25,D,CG,KZ,D
14:32:23,INDF,RG,6475,200,D,MG,NI,D
14:32:22,INDF,RG,6475,9,D,MG,NI,D
14:32:15,INDF,RG,6475,20,D,MG,AK,F
14:32:14,INDF,RG,6500,2,D,XC,KZ,D
14:32:09,INDF,RG,6500,25,D,CG,KZ,D
14:31:54,INDF,RG,6500,18,D,CG,KZ,D
14:31:39,INDF,RG,6500,12,D,CG,KZ,D
14:31:00,INDF,RG,6475,41,D,MG,DX,D
14:30:49,INDF,RG,6475,2,D,MG,KZ,D
14:30:45,INDF,RG,6475,3,D,MG,AK,F
14:30:28,INDF,RG,6475,23,D,MG,NI,D
14:30:00,INDF,RG,6475,2,D,MG,DP,D
14:29:59,INDF,RG,6475,83,D,MG,CS,D
14:29:56,INDF,RG,6475,192,D,MG,CS,D
14:29:56,INDF,RG,6475,5,D,YP,CS,D
14:29:56,INDF,RG,6475,20,D,YU,CS,D
14:29:56,INDF,RG,6475,10,D,HP,CS,D
14:29:56,INDF,RG,6475,1,D,YB,CS,D
14:29:56,INDF,RG,6475,10,D,PD,CS,D
14:29:56,INDF,RG,6475,1,D,NI,CS,D
14:29:56,INDF,RG,6475,2,D,PD,CS,D
14:29:56,INDF,RG,6475,40,D,DH,CS,D
14:29:56,INDF,RG,6475,5,D,NI,CS,D
14:29:56,INDF,RG,6475,20,D,PD,CS,D
14:29:56,INDF,RG,6475,30,D,DR,CS,D
14:29:56,INDF,RG,6475,1,D,PD,CS,D
14:29:56,INDF,RG,6475,2,D,YP,CS,D
14:29:56,INDF,RG,6475,1,D,PD,CS,D
14:29:56,INDF,RG,6475,10,D,NI,CS,D
14:29:56,INDF,RG,6475,9,D,XC,CS,D
14:29:56,INDF,RG,6475,1,D,CC,CS,D
14:29:56,INDF,RG,6475,55,F,BK,CS,D
14:29:56,INDF,RG,6475,20,D,KK,CS,D
14:29:56,INDF,RG,6475,5,D,PD,CS,D
14:29:56,INDF,RG,6475,2,D,CC,CS,D
14:29:56,INDF,RG,6475,4,D,CG,CS,D
14:29:56,INDF,RG,6475,78,F,BK,CS,D
14:29:56,INDF,RG,6475,82,D,CG,CS,D
14:29:54,INDF,RG,6500,1,D,XC,KZ,D
14:29:33,INDF,RG,6500,5,F,BK,KZ,D
14:29:33,INDF,RG,6500,7,F,BK,CS,D
14:29:30,INDF,RG,6475,3,D,CG,XC,D
14:29:30,INDF,RG,6475,2,D,CG,XC,D
14:29:30,INDF,RG,6475,3,D,CG,AK,F
14:29:14,INDF,RG,6475,1,D,CG,DX,D
14:29:14,INDF,RG,6475,42,D,CG,DX,D
14:28:58,INDF,RG,6500,4,D,PD,CS,D
14:28:55,INDF,RG,6500,10,D,KK,CS,D
14:28:52,INDF,RG,6500,15,F,BK,CS,D
14:28:49,INDF,RG,6475,23,D,CG,NI,D
14:28:08,INDF,RG,6475,19,D,CG,DP,D
14:28:08,INDF,RG,6475,4,D,CG,DP,D
14:28:08,INDF,RG,6475,31,D,CG,DP,D
14:28:04,INDF,RG,6500,5,D,CG,CS,D
14:27:52,INDF,RG,6500,5,F,BK,CS,D
14:27:52,INDF,RG,6500,19,F,BK,NI,D
14:27:41,INDF,RG,6475,4,D,CG,AK,F
14:27:40,INDF,RG,6500,2,D,CC,NI,D
14:27:29,INDF,RG,6475,5,D,CG,ZP,D
14:27:29,INDF,RG,6475,46,D,CG,DX,D
14:27:29,INDF,RG,6500,20,D,CG,NI,D
14:27:09,INDF,RG,6500,16,D,CG,NI,D
14:26:54,INDF,RG,6500,18,D,CG,NI,D
14:26:52,INDF,RG,6500,1,D,PD,NI,D
14:26:49,INDF,RG,6500,22,F,BK,NI,D
14:26:34,INDF,RG,6500,28,D,CG,NI,D
14:26:21,INDF,RG,6475,3,D,CG,DP,D
14:26:20,INDF,RG,6475,2,D,CG,DP,D
14:26:20,INDF,RG,6475,46,F,AK,DP,D
14:26:18,INDF,RG,6475,1,F,AK,YP,D
14:26:17,INDF,RG,6500,4,D,CG,NI,D
14:26:16,INDF,RG,6475,23,F,AK,NI,D
14:26:14,INDF,RG,6500,16,D,CG,NI,D
14:25:54,INDF,RG,6500,15,D,CG,NI,D
14:25:48,INDF,RG,6475,52,F,AK,DX,D
14:25:36,INDF,RG,6500,27,F,BK,NI,D
14:25:34,INDF,RG,6500,17,D,CG,NI,D
14:25:29,INDF,RG,6475,83,F,AK,CS,D
14:25:15,INDF,RG,6500,10,D,AI,NI,D
14:25:13,INDF,RG,6500,5,D,CG,NI,D
14:24:36,INDF,RG,6475,1,F,AK,KK,D
14:24:33,INDF,RG,6475,2,F,AK,PD,D
14:24:27,INDF,RG,6500,3,D,CC,NI,D
14:24:25,INDF,RG,6500,50,D,EP,NI,D
14:24:23,INDF,RG,6475,9,F,AK,NI,D
14:24:23,INDF,RG,6475,5,D,LG,NI,D
14:24:23,INDF,RG,6475,1,D,XC,NI,D
14:24:23,INDF,RG,6475,1,D,YP,NI,D
14:24:23,INDF,RG,6475,1,D,YP,NI,D
14:24:23,INDF,RG,6475,6,D,YP,NI,D
14:24:08,INDF,RG,6475,14,D,YP,DX,D
14:24:08,INDF,RG,6475,1,D,YP,DX,D
14:24:08,INDF,RG,6475,25,F,YP,DX,D
14:23:47,INDF,RG,6475,23,F,YP,NI,D
14:23:29,INDF,RG,6475,3,F,YP,KZ,D
14:23:19,INDF,RG,6500,8,D,SQ,NI,D
14:23:13,INDF,RG,6475,10,F,YP,AK,F
14:22:28,INDF,RG,6475,39,F,YP,DX,D
14:22:28,INDF,RG,6475,2,D,YP,DX,D
14:22:28,INDF,RG,6475,1,D,YP,DX,D
14:22:28,INDF,RG,6475,1,D,YP,DX,D
14:22:26,INDF,RG,6475,4,D,YP,DP,D
14:22:08,INDF,RG,6500,73,D,PD,NI,D
14:21:39,INDF,RG,6500,100,D,PD,NI,D
14:21:27,INDF,RG,6475,5,D,YP,BQ,D
14:21:27,INDF,RG,6475,1,D,YP,BQ,D
14:21:27,INDF,RG,6475,1,D,XC,BQ,D
14:21:27,INDF,RG,6475,4,D,XC,BQ,D
14:21:27,INDF,RG,6475,1,D,XC,BQ,D
14:21:27,INDF,RG,6475,1,D,XC,BQ,D
14:21:27,INDF,RG,6475,1,D,PD,BQ,D
14:21:27,INDF,RG,6475,12,D,CC,BQ,D
14:20:54,INDF,RG,6475,2,D,CC,SQ,D
14:20:54,INDF,RG,6475,1,D,CC,SQ,D
14:20:54,INDF,RG,6475,7,D,CC,SQ,D
14:20:48,INDF,RG,6475,3,D,CC,DX,D
14:20:48,INDF,RG,6475,30,D,PD,DX,D
14:20:48,INDF,RG,6475,10,D,KK,DX,D
14:20:48,INDF,RG,6475,8,D,PD,DX,D
14:20:47,INDF,RG,6475,3,D,PD,NI,D
14:20:38,INDF,RG,6475,45,D,PD,DP,D
14:20:27,INDF,RG,6475,19,D,PD,CS,D
14:20:27,INDF,RG,6475,5,D,PD,CS,D
14:20:27,INDF,RG,6475,1,D,PD,CS,D
14:20:27,INDF,RG,6475,1,D,AZ,CS,D
14:20:27,INDF,RG,6475,1,D,DR,CS,D
14:20:27,INDF,RG,6475,56,F,BK,CS,D
14:19:57,INDF,RG,6500,2,D,XC,NI,D
14:19:54,INDF,RG,6475,3,F,BK,DX,D
14:19:33,INDF,RG,6475,1,F,BK,CC,D
14:19:24,INDF,RG,6475,3,F,BK,DX,D
14:19:22,INDF,RG,6475,23,F,BK,NI,D
14:19:06,INDF,RG,6475,40,F,BK,DX,D
14:19:02,INDF,RG,6475,257,F,BK,CS,D
14:19:02,INDF,RG,6475,16,D,CG,CS,D
14:19:02,INDF,RG,6475,332,D,CG,CS,D
14:18:59,INDF,RG,6500,16,D,CG,NI,D
14:18:53,INDF,RG,6475,5,D,BQ,NI,D
14:18:53,INDF,RG,6475,15,D,SQ,NI,D
14:18:53,INDF,RG,6475,1,D,OD,NI,D
14:18:53,INDF,RG,6475,2,D,CC,NI,D
14:18:51,INDF,RG,6475,3,D,CC,DP,D
14:18:51,INDF,RG,6475,1,F,BK,DP,D
14:18:50,INDF,RG,6475,40,F,BK,DP,D
14:18:44,INDF,RG,6500,17,D,CG,NI,D
14:18:34,INDF,RG,6500,5,D,CG,NI,D
14:18:24,INDF,RG,6500,15,D,CG,NI,D
14:18:16,INDF,RG,6475,30,F,BK,PD,D
14:18:15,INDF,RG,6475,3,F,BK,AK,F
14:18:08,INDF,RG,6500,16,D,CG,NI,D
14:17:58,INDF,RG,6500,30,D,YP,NI,D
14:17:58,INDF,RG,6500,2,D,PD,NI,D
14:17:49,INDF,RG,6500,1,D,XA,NI,D
14:17:49,INDF,RG,6500,14,D,CG,NI,D
14:17:33,INDF,RG,6500,14,D,CG,NI,D
14:17:21,INDF,RG,6475,43,F,BK,DX,D
14:17:14,INDF,RG,6500,12,D,CG,NI,D
14:16:54,INDF,RG,6500,17,D,CG,NI,D
14:16:50,INDF,RG,6475,4,F,BK,DX,D
14:16:39,INDF,RG,6500,1,D,DH,NI,D
14:16:35,INDF,RG,6500,2,D,DR,NI,D
14:16:35,INDF,RG,6500,14,D,CG,NI,D
14:16:24,INDF,RG,6500,5,D,CG,NI,D
14:16:19,INDF,RG,6500,16,D,CG,NI,D
14:16:19,INDF,RG,6475,2,F,BK,KZ,D
14:16:13,INDF,RG,6475,4,F,BK,AK,F
14:15:59,INDF,RG,6500,14,D,CG,NI,D
14:15:44,INDF,RG,6500,18,D,CG,NI,D
14:15:39,INDF,RG,6475,48,F,BK,DX,D
14:15:29,INDF,RG,6500,1,D,DH,NI,D
14:15:26,INDF,RG,6500,13,D,BQ,NI,D
14:15:24,INDF,RG,6500,2,D,CG,NI,D
14:15:24,INDF,RG,6500,12,D,CG,CS,D
14:15:14,INDF,RG,6475,61,F,BK,CS,D
14:15:14,INDF,RG,6475,1,D,PD,CS,D
14:15:14,INDF,RG,6475,1,D,SQ,CS,D
14:15:14,INDF,RG,6475,3,D,PD,CS,D
14:15:14,INDF,RG,6475,1,D,PD,CS,D
14:15:14,INDF,RG,6475,5,D,PD,CS,D
14:15:14,INDF,RG,6475,4,D,PD,CS,D
14:15:14,INDF,RG,6475,1,D,PD,CS,D
14:15:14,INDF,RG,6475,4,D,PD,CS,D
14:15:14,INDF,RG,6475,1,D,DR,CS,D
14:15:14,INDF,RG,6475,1,D,DR,CS,D
14:15:14,INDF,RG,6475,3,D,TP,CS,D
14:15:02,INDF,RG,6500,13,D,CG,CS,D
14:14:54,INDF,RG,6500,20,F,BK,CS,D
14:14:44,INDF,RG,6500,8,D,CG,CS,D
14:14:44,INDF,RG,6500,7,D,CG,CS,D
14:14:31,INDF,RG,6475,7,D,TP,NI,D
14:14:31,INDF,RG,6475,2,D,SQ,NI,D
14:14:31,INDF,RG,6475,1,D,YU,NI,D
14:14:31,INDF,RG,6475,2,D,XC,NI,D
14:14:31,INDF,RG,6475,11,D,YP,NI,D
14:14:29,INDF,RG,6500,12,D,CG,CS,D
14:14:18,INDF,RG,6475,3,D,YP,DX,D
14:14:14,INDF,RG,6500,5,D,CG,CS,D
14:14:09,INDF,RG,6500,13,D,CG,CS,D
14:14:09,INDF,RG,6500,2,D,CG,KK,D
14:13:58,INDF,RG,6475,36,D,YP,DX,D
14:13:58,INDF,RG,6475,1,D,CC,DX,D
14:13:57,INDF,RG,6500,8,F,BK,KK,D
14:13:57,INDF,RG,6500,14,F,BK,CS,D
14:13:54,INDF,RG,6500,18,D,CG,CS,D
14:13:45,INDF,RG,6500,28,D,YU,CS,D
14:13:45,INDF,RG,6500,22,D,YU,CS,D
14:13:43,INDF,RG,6500,5,D,PD,CS,D
14:13:34,INDF,RG,6500,17,D,CG,CS,D
14:13:23,INDF,RG,6475,1,D,CC,DP,D
14:13:23,INDF,RG,6475,1,D,GR,DP,D
14:13:23,INDF,RG,6475,8,D,YP,DP,D
14:13:23,INDF,RG,6475,2,D,CC,DP,D
14:13:23,INDF,RG,6475,29,F,KZ,DP,D
14:13:19,INDF,RG,6500,17,D,CG,CS,D
14:13:10,INDF,RG,6500,4,F,BK,CS,D
14:13:10,INDF,RG,6500,5,F,BK,YP,D
14:13:10,INDF,RG,6500,5,F,BK,PD,D
14:13:10,INDF,RG,6500,3,F,BK,YP,D
14:13:10,INDF,RG,6500,2,F,BK,CS,D
14:12:59,INDF,RG,6500,15,D,CG,CS,D
14:12:53,INDF,RG,6500,2,D,YP,CS,D
14:12:46,INDF,RG,6500,5,D,PD,CS,D
14:12:45,INDF,RG,6475,7,F,KZ,AK,F
14:12:39,INDF,RG,6500,14,D,CG,CS,D
14:12:24,INDF,RG,6500,15,D,CG,CS,D
14:12:20,INDF,RG,6475,50,F,KZ,DX,D
14:12:13,INDF,RG,6500,14,F,BK,CS,D
14:12:13,INDF,RG,6500,8,F,BK,NI,D
14:12:04,INDF,RG,6500,2,D,CG,NI,D
14:12:04,INDF,RG,6500,1,D,CG,NI,D
14:12:04,INDF,RG,6500,12,D,CG,KK,D
14:12:04,INDF,RG,6500,2,D,CG,CS,D
14:11:59,INDF,RG,6475,1,F,KZ,CC,D
14:11:58,INDF,RG,6475,10,F,KZ,XC,D
14:11:53,INDF,RG,6500,1,D,CC,CS,D
14:11:49,INDF,RG,6500,2,D,PD,CS,D
14:11:44,INDF,RG,6500,2,D,CG,CS,D
14:11:44,INDF,RG,6500,13,D,CG,CS,D
14:11:39,INDF,RG,6475,3,F,KZ,DX,D
14:11:28,INDF,RG,6500,18,F,BK,CS,D
14:11:26,INDF,RG,6500,8,D,DH,CS,D
14:11:26,INDF,RG,6500,11,D,DH,CS,D
14:11:22,INDF,RG,6500,3,D,CG,CS,D
14:11:22,INDF,RG,6500,14,D,CG,KZ,D
14:11:21,INDF,RG,6475,10,F,KZ,DP,D
14:11:20,INDF,RG,6475,30,F,KZ,DP,D
14:11:20,INDF,RG,6475,1,D,XC,DP,D
14:11:20,INDF,RG,6475,8,D,XC,DP,D
14:11:05,INDF,RG,6500,11,D,CG,KZ,D
14:11:04,INDF,RG,6500,3,D,CG,KZ,D
14:10:52,INDF,RG,6500,13,F,BK,KZ,D
14:10:49,INDF,RG,6500,14,D,CG,KZ,D
14:10:36,INDF,RG,6475,1,D,XC,PC,D
14:10:35,INDF,RG,6475,11,D,XC,DX,D
14:10:35,INDF,RG,6475,10,D,PD,DX,D
14:10:35,INDF,RG,6475,2,D,XC,DX,D
14:10:35,INDF,RG,6475,2,D,CC,DX,D
14:10:35,INDF,RG,6475,3,D,CC,DX,D
14:10:35,INDF,RG,6475,2,D,CC,DX,D
14:10:35,INDF,RG,6475,1,D,DH,DX,D
14:10:35,INDF,RG,6475,5,D,PD,DX,D
14:10:35,INDF,RG,6475,4,D,CC,DX,D
14:10:29,INDF,RG,6500,15,D,CG,KZ,D
14:10:19,INDF,RG,6500,12,F,BK,KZ,D
14:10:09,INDF,RG,6500,31,D,CG,KZ,D
14:10:04,INDF,RG,6500,5,D,XC,KZ,D
14:09:56,INDF,RG,6475,2,D,NI,PD,D
14:09:56,INDF,RG,6475,5,D,CC,PD,D
14:09:56,INDF,RG,6475,2,D,YP,PD,D
14:09:56,INDF,RG,6475,2,D,XC,PD,D
14:09:56,INDF,RG,6475,1,D,NI,PD,D
14:09:54,INDF,RG,6500,4,D,CG,KZ,D
14:09:49,INDF,RG,6500,14,D,CG,KZ,D
14:09:43,INDF,RG,6475,4,D,NI,AK,F
14:09:43,INDF,RG,6475,1,D,DH,AK,F
14:09:43,INDF,RG,6475,1,D,CC,AK,F
14:09:27,INDF,RG,6500,15,D,CG,KZ,D
14:09:22,INDF,RG,6500,16,F,BK,KZ,D
14:09:09,INDF,RG,6475,2,D,CC,KZ,D
14:09:09,INDF,RG,6475,7,D,CC,NI,D
14:09:09,INDF,RG,6475,16,D,PD,NI,D
14:09:06,INDF,RG,6500,16,D,CG,KZ,D
14:08:56,INDF,RG,6475,4,D,PD,DX,D
14:08:56,INDF,RG,6475,20,D,PD,DX,D
14:08:56,INDF,RG,6475,2,D,TF,DX,D
14:08:56,INDF,RG,6475,1,D,NI,DX,D
14:08:56,INDF,RG,6475,10,D,DH,DX,D
14:08:56,INDF,RG,6475,5,D,DX,DX,D
14:08:56,INDF,RG,6475,2,D,PD,DX,D
14:08:56,INDF,RG,6475,10,D,YP,DX,D
14:08:56,INDF,RG,6475,1,D,YP,DX,D
14:08:48,INDF,RG,6500,12,D,CG,KZ,D
14:08:29,INDF,RG,6500,16,D,CG,KZ,D
14:08:10,INDF,RG,6500,8,D,CG,KZ,D
14:08:10,INDF,RG,6500,1,D,CG,CC,D
14:08:10,INDF,RG,6500,3,D,CG,CS,D
14:08:02,INDF,RG,6500,6,F,BK,CS,D
14:08:02,INDF,RG,6500,17,F,BK,CS,D
14:07:55,INDF,RG,6500,4,D,CG,CS,D
14:07:55,INDF,RG,6500,1,D,CG,CS,D
14:07:54,INDF,RG,6500,17,D,CG,CS,D
14:07:53,INDF,RG,6475,1,D,YP,CS,D
14:07:53,INDF,RG,6475,83,F,KZ,CS,D
14:07:36,INDF,RG,6500,4,D,CG,CS,D
14:07:36,INDF,RG,6500,11,D,CG,CS,D
14:07:18,INDF,RG,6475,6,F,KZ,DP,D
14:07:17,INDF,RG,6500,16,D,CG,CS,D
14:07:15,INDF,RG,6475,47,F,KZ,DX,D
14:07:05,INDF,RG,6500,1,D,YP,CS,D
14:07:03,INDF,RG,6500,2,D,XC,CS,D
14:06:59,INDF,RG,6500,17,D,CG,CS,D
14:06:40,INDF,RG,6500,2,F,BK,CS,D
14:06:40,INDF,RG,6500,7,F,BK,CS,D
14:06:40,INDF,RG,6500,1,F,BK,NI,D
14:06:40,INDF,RG,6500,10,F,BK,CS,D
14:06:39,INDF,RG,6500,1,D,CG,CS,D
14:06:39,INDF,RG,6500,18,D,CG,CS,D
14:06:23,INDF,RG,6475,3,F,KZ,DX,D
14:06:19,INDF,RG,6500,10,D,CG,CS,D
14:06:19,INDF,RG,6500,9,D,CG,CS,D
14:06:08,INDF,RG,6475,5,F,KZ,CC,D
14:05:59,INDF,RG,6500,5,D,CG,CS,D
14:05:59,INDF,RG,6500,11,D,CG,CS,D
14:05:59,INDF,RG,6500,4,D,CG,CS,D
14:05:39,INDF,RG,6500,12,D,CG,CS,D
14:05:39,INDF,RG,6500,3,D,CG,CS,D
14:05:36,INDF,RG,6475,41,F,KZ,DP,D
14:05:35,INDF,RG,6475,1,F,KZ,DP,D
14:05:31,INDF,RG,6500,21,F,BK,CS,D
14:05:29,INDF,RG,6475,20,F,KZ,DX,D
14:05:29,INDF,RG,6475,1,F,KZ,DX,D
14:05:29,INDF,RG,6475,19,D,CP,DX,D
14:05:21,INDF,RG,6500,14,D,CG,CS,D
14:05:04,INDF,RG,6500,15,D,CG,CS,D
14:04:51,INDF,RG,6500,4,D,CC,CS,D
14:04:51,INDF,RG,6500,1,D,CC,PD,D
14:04:51,INDF,RG,6500,1,D,CC,DR,D
14:04:51,INDF,RG,6500,4,D,CC,CS,D
14:04:50,INDF,RG,6475,5,D,CP,KK,D
14:04:44,INDF,RG,6500,23,D,CG,CS,D
14:04:44,INDF,RG,6500,3,F,BK,CS,D
14:04:44,INDF,RG,6500,10,F,BK,CS,D
14:04:27,INDF,RG,6500,12,D,CG,CS,D
14:04:09,INDF,RG,6500,12,D,CG,CS,D
14:03:59,INDF,RG,6500,10,F,BK,CS,D
14:03:59,INDF,RG,6500,2,F,BK,AK,F
14:03:57,INDF,RG,6500,2,F,BK,AK,F
14:03:57,INDF,RG,6500,15,F,BK,CS,D
14:03:52,INDF,RG,6500,5,D,CG,CS,D
14:03:52,INDF,RG,6500,8,D,CG,XC,D
14:03:51,INDF,RG,6475,3,D,CP,DP,D
14:03:50,INDF,RG,6475,39,D,CP,DP,D
14:03:43,INDF,RG,6475,38,D,CP,DX,D
14:03:43,INDF,RG,6500,2,D,CG,XC,D
14:03:43,INDF,RG,6500,3,D,CG,CS,D
14:03:41,INDF,RG,6475,3,D,CP,DX,D
14:03:34,INDF,RG,6500,12,D,CG,CS,D
14:03:14,INDF,RG,6500,15,D,CG,CS,D
14:03:04,INDF,RG,6500,14,F,BK,CS,D
14:02:56,INDF,RG,6500,15,F,BK,CS,D
14:02:56,INDF,RG,6500,1,F,BK,CS,D
14:02:54,INDF,RG,6500,11,D,CG,CS,D
14:02:54,INDF,RG,6500,4,D,CG,CS,D
14:02:39,INDF,RG,6500,5,D,CG,CS,D
14:02:39,INDF,RG,6500,3,D,CG,CS,D
14:02:39,INDF,RG,6500,7,D,CG,CS,D
14:02:19,INDF,RG,6500,10,D,CG,CS,D
14:02:19,INDF,RG,6500,1,D,CG,CS,D
14:02:13,INDF,RG,6500,14,F,BK,CS,D
14:02:05,INDF,RG,6500,12,F,BK,CS,D
14:02:03,INDF,RG,6500,8,D,CG,CS,D
14:02:03,INDF,RG,6500,5,D,CG,CS,D
14:02:03,INDF,RG,6475,45,D,CP,DX,D
14:01:50,INDF,RG,6500,2,D,XA,CS,D
14:01:50,INDF,RG,6500,2,D,XA,CS,D
14:01:50,INDF,RG,6500,4,D,XA,AK,F
14:01:50,INDF,RG,6500,1,D,XA,YP,D
14:01:49,INDF,RG,6475,3,D,CP,KZ,D
14:01:48,INDF,RG,6475,23,D,CP,NI,D
14:01:44,INDF,RG,6500,14,D,CG,YP,D
14:01:44,INDF,RG,6500,1,D,CC,YP,D
14:01:25,INDF,RG,6500,13,D,CG,YP,D
14:01:24,INDF,RG,6500,5,D,CG,YP,D
14:01:21,INDF,RG,6500,13,F,BK,YP,D
14:01:19,INDF,RG,6500,15,F,BK,YP,D
14:01:14,INDF,RG,6500,38,F,AK,YP,D
14:01:14,INDF,RG,6500,1,F,AK,YP,D
14:01:14,INDF,RG,6500,4,F,AK,CS,D
14:01:14,INDF,RG,6500,26,F,AK,CS,D
14:01:14,INDF,RG,6500,16,F,AK,CS,D
14:01:14,INDF,RG,6500,3,F,AK,KK,D
14:01:14,INDF,RG,6500,433,F,AK,KZ,D
14:01:09,INDF,RG,6500,14,D,CG,KZ,D
14:01:01,INDF,RG,6475,3,D,CP,DX,D
14:00:54,INDF,RG,6500,13,D,CG,KZ,D
14:00:34,INDF,RG,6500,17,D,CG,KZ,D
14:00:27,INDF,RG,6500,14,F,BK,KZ,D
14:00:25,INDF,RG,6475,48,D,CP,DX,D
14:00:19,INDF,RG,6500,16,D,CG,KZ,D
13:59:59,INDF,RG,6500,15,D,CG,KZ,D
13:59:45,INDF,RG,6500,12,F,BK,KZ,D
13:59:39,INDF,RG,6500,16,D,CG,KZ,D
13:59:20,INDF,RG,6500,12,D,CG,KZ,D
13:59:14,INDF,RG,6500,5,D,CG,KZ,D
13:59:04,INDF,RG,6500,12,D,CG,KZ,D
13:58:57,INDF,RG,6500,14,F,BK,KZ,D
13:58:47,INDF,RG,6475,31,D,CP,DP,D
13:58:46,INDF,RG,6500,10,D,CG,KZ,D
13:58:40,INDF,RG,6475,40,D,CP,DX,D
13:58:40,INDF,RG,6475,1,D,XC,DX,D
13:58:40,INDF,RG,6475,2,D,PD,DX,D
13:58:40,INDF,RG,6475,2,D,KK,DX,D
13:58:40,INDF,RG,6475,2,F,KZ,DX,D
13:58:38,INDF,RG,6475,7,F,KZ,CS,D
13:58:38,INDF,RG,6475,10,D,CC,CS,D
13:58:38,INDF,RG,6475,1,D,PD,CS,D
13:58:38,INDF,RG,6475,1,D,YP,CS,D
13:58:38,INDF,RG,6475,10,D,LG,CS,D
13:58:38,INDF,RG,6475,10,D,LG,CS,D
13:58:38,INDF,RG,6475,1,D,XC,CS,D
13:58:38,INDF,RG,6475,1,D,NI,CS,D
13:58:38,INDF,RG,6475,1,D,PD,CS,D
13:58:38,INDF,RG,6475,1,D,NI,CS,D
13:58:38,INDF,RG,6475,10,D,AI,CS,D
13:58:38,INDF,RG,6475,1,D,PD,CS,D
13:58:38,INDF,RG,6475,10,D,NI,CS,D
13:58:38,INDF,RG,6475,1,D,PD,CS,D
13:58:38,INDF,RG,6475,22,D,TP,CS,D
13:58:29,INDF,RG,6475,3,D,TP,DX,D
13:58:28,INDF,RG,6500,14,D,CG,KZ,D
13:58:27,INDF,RG,6500,5,D,GR,KZ,D
13:58:19,INDF,RG,6500,13,F,BK,KZ,D
13:58:09,INDF,RG,6500,12,D,CG,KZ,D
13:57:52,INDF,RG,6500,12,D,CG,KZ,D
13:57:35,INDF,RG,6475,30,D,TP,DP,D
13:57:34,INDF,RG,6500,15,D,CG,KZ,D
13:57:31,INDF,RG,6500,13,F,BK,KZ,D
13:57:14,INDF,RG,6500,15,D,CG,KZ,D
13:57:03,INDF,RG,6475,22,D,TP,DX,D
13:57:03,INDF,RG,6475,1,D,PD,DX,D
13:57:03,INDF,RG,6475,1,D,YP,DX,D
13:57:03,INDF,RG,6475,17,D,XC,DX,D
13:56:56,INDF,RG,6500,16,D,CG,KZ,D
13:56:52,INDF,RG,6500,5,D,CG,KZ,D
13:56:52,INDF,RG,6500,12,F,BK,KZ,D
13:56:39,INDF,RG,6500,20,D,CG,KZ,D
13:56:23,INDF,RG,6500,15,D,CG,KZ,D
13:56:06,INDF,RG,6500,11,D,CG,KZ,D
13:56:05,INDF,RG,6500,13,F,BK,KZ,D
13:55:58,INDF,RG,6475,3,D,XC,DX,D
13:55:49,INDF,RG,6500,12,D,CG,KZ,D
13:55:34,INDF,RG,6500,13,D,CG,KZ,D
13:55:23,INDF,RG,6500,15,F,BK,KZ,D
13:55:19,INDF,RG,6475,48,D,XC,DX,D
13:55:14,INDF,RG,6500,16,D,CG,KZ,D
13:55:11,INDF,RG,6500,14,F,BK,KZ,D
13:54:54,INDF,RG,6500,14,D,CG,KZ,D
13:54:44,INDF,RG,6500,5,D,CG,KZ,D
13:54:39,INDF,RG,6475,2,D,XC,KZ,D
13:54:35,INDF,RG,6500,13,D,CG,KZ,D
13:54:25,INDF,RG,6500,13,F,BK,KZ,D
13:54:19,INDF,RG,6500,14,D,CG,KZ,D
13:54:18,INDF,RG,6475,2,D,XC,YB,D
13:53:59,INDF,RG,6500,15,D,CG,KZ,D
13:53:49,INDF,RG,6500,13,F,BK,KZ,D
13:53:45,INDF,RG,6500,74,D,DR,KZ,D
13:53:45,INDF,RG,6500,26,D,DR,DP,D
13:53:43,INDF,RG,6500,12,F,BK,DP,D
13:53:42,INDF,RG,6500,18,D,CG,DP,D
13:53:41,INDF,RG,6500,15,F,BK,DP,D
13:53:38,INDF,RG,6475,10,D,XC,YP,D
13:53:37,INDF,RG,6475,18,D,XC,DX,D
13:53:37,INDF,RG,6475,1,D,PD,DX,D
13:53:37,INDF,RG,6475,1,D,NI,DX,D
13:53:37,INDF,RG,6475,10,D,DH,DX,D
13:53:37,INDF,RG,6475,5,D,SQ,DX,D
13:53:37,INDF,RG,6475,10,D,YP,DX,D
13:53:32,INDF,RG,6500,5,D,SQ,DP,D
13:53:24,INDF,RG,6500,6,D,CG,DP,D
13:53:24,INDF,RG,6500,12,D,CG,PD,D
13:53:24,INDF,RG,6500,2,D,YB,PD,D
13:53:17,INDF,RG,6475,3,D,XC,DX,D
13:53:04,INDF,RG,6500,16,D,CG,PD,D
13:52:52,INDF,RG,6500,15,F,BK,PD,D
13:52:51,INDF,RG,6500,1,D,PD,PD,D
13:52:45,INDF,RG,6500,12,D,CG,PD,D
13:52:44,INDF,RG,6500,5,D,CG,PD,D
13:52:29,INDF,RG,6500,14,D,CG,PD,D
13:52:21,INDF,RG,6500,4,F,BK,PD,D
13:52:21,INDF,RG,6500,1,F,BK,PD,D
13:52:21,INDF,RG,6500,12,F,BK,CS,D
13:52:20,INDF,RG,6475,4,D,XC,CS,D
13:52:20,INDF,RG,6475,10,D,PD,CS,D
13:52:20,INDF,RG,6475,2,D,CC,CS,D
13:52:20,INDF,RG,6475,1,D,PD,CS,D
13:52:20,INDF,RG,6475,10,D,LG,CS,D
13:52:20,INDF,RG,6475,1,D,YP,CS,D
13:52:20,INDF,RG,6475,2,D,DH,CS,D
13:52:20,INDF,RG,6475,1,D,AZ,CS,D
13:52:20,INDF,RG,6475,40,D,YP,CS,D
13:52:20,INDF,RG,6475,1,D,NI,CS,D
13:52:20,INDF,RG,6475,2,D,KK,CS,D
13:52:20,INDF,RG,6475,4,D,PD,CS,D
13:52:20,INDF,RG,6475,1,D,DH,CS,D
13:52:20,INDF,RG,6475,2,D,XC,CS,D
13:52:20,INDF,RG,6475,1,D,PD,CS,D
13:52:20,INDF,RG,6475,1,D,CC,CS,D
13:52:20,INDF,RG,6475,10,D,PD,CS,D
13:52:20,INDF,RG,6475,1,F,KZ,CS,D
13:52:10,INDF,RG,6500,13,D,CG,CS,D
13:52:06,INDF,RG,6500,12,F,BK,CS,D
13:51:57,INDF,RG,6500,12,F,BK,CS,D
13:51:55,INDF,RG,6475,40,F,KZ,DX,D
13:51:54,INDF,RG,6500,10,D,CG,CS,D
13:51:34,INDF,RG,6500,15,D,CG,CS,D
13:51:28,INDF,RG,6475,13,F,KZ,DP,D
13:51:17,INDF,RG,6500,11,F,BK,CS,D
13:51:15,INDF,RG,6500,15,F,BK,CS,D
13:51:14,INDF,RG,6500,15,D,CG,CS,D
13:50:53,INDF,RG,6500,14,D,CG,CS,D
13:50:46,INDF,RG,6500,1,D,CC,CS,D
13:50:37,INDF,RG,6500,12,D,CG,CS,D
13:50:36,INDF,RG,6500,1,D,XC,CS,D
13:50:33,INDF,RG,6475,4,F,KZ,DX,D
13:50:24,INDF,RG,6500,5,D,CG,CS,D
13:50:18,INDF,RG,6500,15,D,CG,CS,D
13:50:17,INDF,RG,6500,18,F,BK,CS,D
13:50:14,INDF,RG,6475,13,F,KZ,DX,D
13:50:14,INDF,RG,6475,32,F,KZ,DX,D
13:50:07,INDF,RG,6500,18,F,BK,CS,D
13:50:06,INDF,RG,6475,22,F,KZ,DP,D
13:50:04,INDF,RG,6475,50,F,KZ,DP,D
13:50:04,INDF,RG,6475,5,D,DH,DP,D
13:50:04,INDF,RG,6475,1,D,GR,DP,D
13:49:59,INDF,RG,6500,15,D,CG,CS,D
13:49:53,INDF,RG,6475,8,D,GR,SQ,D
13:49:39,INDF,RG,6500,14,D,CG,CS,D
13:49:30,INDF,RG,6500,13,F,BK,CS,D
13:49:22,INDF,RG,6500,13,F,BK,CS,D
13:49:21,INDF,RG,6500,12,D,CG,CS,D
13:49:19,INDF,RG,6475,23,D,GR,NI,D
13:49:04,INDF,RG,6500,13,D,CG,CS,D
13:48:49,INDF,RG,6500,16,D,CG,CS,D
13:48:49,INDF,RG,6500,12,F,BK,CS,D
13:48:33,INDF,RG,6500,4,F,BK,CS,D
13:48:33,INDF,RG,6500,9,F,BK,YP,D
13:48:31,INDF,RG,6500,13,D,CG,YP,D
13:48:31,INDF,RG,6475,44,D,GR,DX,D
13:48:28,INDF,RG,6475,22,D,GR,AK,F
13:48:15,INDF,RG,6500,14,D,CG,YP,D
13:48:09,INDF,RG,6500,5,D,CG,YP,D
13:48:01,INDF,RG,6500,13,F,BK,YP,D
13:48:00,INDF,RG,6475,3,D,GR,DX,D
13:47:59,INDF,RG,6500,15,D,CG,YP,D
13:47:52,INDF,RG,6500,1,D,PD,YP,D
13:47:40,INDF,RG,6500,13,D,CG,YP,D
13:47:29,INDF,RG,6475,3,D,GR,KZ,D
13:47:24,INDF,RG,6500,12,D,CG,YP,D
13:47:23,INDF,RG,6500,1,D,NI,YP,D
13:47:12,INDF,RG,6500,3,D,XC,YP,D
13:47:09,INDF,RG,6500,12,D,CG,YP,D
13:47:06,INDF,RG,6500,15,F,BK,YP,D
13:46:54,INDF,RG,6500,13,F,BK,YP,D
13:46:53,INDF,RG,6500,15,D,CG,YP,D
13:46:52,INDF,RG,6475,52,D,GR,DX,D
13:46:36,INDF,RG,6500,4,D,CG,YP,D
13:46:36,INDF,RG,6500,3,D,CG,SQ,D
13:46:36,INDF,RG,6500,5,D,CG,KZ,D
13:46:19,INDF,RG,6500,16,D,CG,KZ,D
13:46:18,INDF,RG,6500,13,F,BK,KZ,D
13:45:59,INDF,RG,6500,5,D,CG,KZ,D
13:45:59,INDF,RG,6500,11,D,CG,KZ,D
13:45:55,INDF,RG,6500,10,D,SQ,KZ,D
13:45:53,INDF,RG,6500,17,F,BK,KZ,D
13:45:46,INDF,RG,6475,23,D,GR,PD,D
13:45:44,INDF,RG,6500,15,D,CG,KZ,D
13:45:29,INDF,RG,6475,3,D,GR,DX,D
13:45:29,INDF,RG,6500,12,D,CG,KZ,D
13:45:28,INDF,RG,6500,13,F,BK,KZ,D
13:45:17,INDF,RG,6500,13,F,BK,KZ,D
13:45:15,INDF,RG,6475,104,D,GR,CS,D
13:45:11,INDF,RG,6475,37,D,GR,DX,D
13:45:09,INDF,RG,6500,14,D,CG,KZ,D
13:44:49,INDF,RG,6500,14,D,CG,KZ,D
13:44:42,INDF,RG,6500,12,F,BK,KZ,D
13:44:39,INDF,RG,6500,9,F,BK,KZ,D
13:44:39,INDF,RG,6500,3,F,BK,CS,D
13:44:38,INDF,RG,6500,2,D,DH,CS,D
13:44:29,INDF,RG,6500,8,D,CG,CS,D
13:44:29,INDF,RG,6500,6,D,CG,CS,D
13:44:11,INDF,RG,6500,11,D,CG,CS,D
13:44:10,INDF,RG,6500,14,D,CC,CS,D
13:43:58,INDF,RG,6475,46,D,GR,NI,D
13:43:54,INDF,RG,6500,12,D,CG,CS,D
13:43:43,INDF,RG,6500,2,D,PD,CS,D
13:43:43,INDF,RG,6500,9,F,BK,CS,D
13:43:43,INDF,RG,6500,4,F,BK,CC,D
13:43:38,INDF,RG,6500,13,F,BK,CC,D
13:43:38,INDF,RG,6500,12,D,CG,CC,D
13:43:34,INDF,RG,6500,5,D,CG,CC,D
13:43:27,INDF,RG,6475,42,D,GR,DX,D
13:43:19,INDF,RG,6500,14,D,CG,CC,D
13:43:10,INDF,RG,6500,12,F,BK,CC,D
13:43:09,INDF,RG,6475,21,D,GR,DP,D
13:43:09,INDF,RG,6500,100,D,XC,CC,D
13:42:59,INDF,RG,6500,14,D,CG,CC,D
13:42:48,INDF,RG,6475,3,D,GR,DX,D
13:42:48,INDF,RG,6500,14,F,BK,CC,D
13:42:43,INDF,RG,6500,8,D,XC,CC,D
13:42:42,INDF,RG,6500,11,F,BK,CC,D
13:42:41,INDF,RG,6500,14,D,CG,CC,D
13:42:41,INDF,RG,6500,114,D,YP,CC,D
13:42:41,INDF,RG,6500,39,D,YP,CS,D
13:42:31,INDF,RG,6500,8,F,BK,CS,D
13:42:31,INDF,RG,6500,8,F,BK,CS,D
13:42:24,INDF,RG,6500,14,D,CG,CS,D
13:42:09,INDF,RG,6500,11,D,CG,CS,D
13:42:01,INDF,RG,6500,2,D,PD,CS,D
13:41:46,INDF,RG,6500,12,D,CG,CS,D
13:41:46,INDF,RG,6500,17,F,BK,CS,D
13:41:45,INDF,RG,6475,52,D,GR,DX,D
13:41:29,INDF,RG,6500,15,D,CG,CS,D
13:41:29,INDF,RG,6500,10,F,BK,CS,D
13:41:29,INDF,RG,6500,3,F,BK,LG,D
13:41:21,INDF,RG,6475,3,D,GR,DP,D
13:41:19,INDF,RG,6475,10,D,GR,DP,D
13:41:19,INDF,RG,6475,1,D,YP,DP,D
13:41:19,INDF,RG,6475,1,D,YP,DP,D
13:41:19,INDF,RG,6475,1,D,CC,DP,D
13:41:19,INDF,RG,6475,1,D,KK,DP,D
13:41:19,INDF,RG,6475,52,D,CC,DP,D
13:41:09,INDF,RG,6500,1,D,CG,LG,D
13:41:09,INDF,RG,6500,4,D,CG,CS,D
13:41:09,INDF,RG,6500,12,D,CG,CS,D
13:40:56,INDF,RG,6500,10,D,PD,CS,D
13:40:54,INDF,RG,6500,13,D,CG,CS,D
13:40:54,INDF,RG,6500,1,D,CG,CS,D
13:40:44,INDF,RG,6500,30,D,SQ,CS,D
13:40:38,INDF,RG,6500,13,D,CG,CS,D
13:40:23,INDF,RG,6500,11,D,CG,CS,D
13:40:23,INDF,RG,6500,5,D,CG,CS,D
13:40:19,INDF,RG,6475,2,D,CC,KZ,D
13:40:07,INDF,RG,6475,4,D,CC,DX,D
13:40:07,INDF,RG,6475,42,D,CC,DX,D
13:40:07,INDF,RG,6475,9,F,AG,DX,D
13:40:06,INDF,RG,6500,17,F,BK,CS,D
13:40:04,INDF,RG,6500,20,D,CG,CS,D
13:39:54,INDF,RG,6500,24,D,CC,CS,D
13:39:54,INDF,RG,6500,2,D,CC,XC,D
13:39:54,INDF,RG,6500,27,D,CC,CS,D
13:39:54,INDF,RG,6500,8,D,CC,CS,D
13:39:54,INDF,RG,6500,33,D,CC,CS,D
13:39:54,INDF,RG,6500,26,D,CC,CS,D
13:39:54,INDF,RG,6500,23,D,CC,CS,D
13:39:54,INDF,RG,6500,57,D,CC,KZ,D
13:39:50,INDF,RG,6500,2,D,DH,KZ,D
13:39:49,INDF,RG,6500,17,D,CG,KZ,D
13:39:41,INDF,RG,6500,153,D,PD,KZ,D
13:39:36,INDF,RG,6475,1,F,AG,PD,D
13:39:29,INDF,RG,6500,14,D,CG,KZ,D
13:39:10,INDF,RG,6500,12,F,BK,KZ,D
13:39:09,INDF,RG,6500,5,D,CG,KZ,D
13:39:09,INDF,RG,6500,15,D,CG,KZ,D
13:38:53,INDF,RG,6500,18,D,CG,KZ,D
13:38:47,INDF,RG,6500,1,D,CC,KZ,D
13:38:32,INDF,RG,6500,15,D,CG,KZ,D
13:38:32,INDF,RG,6500,5,D,CC,KZ,D
13:38:25,INDF,RG,6475,10,F,AG,DX,D
13:38:25,INDF,RG,6475,29,F,AK,DX,D
13:38:15,INDF,RG,6500,18,D,CG,KZ,D
13:37:57,INDF,RG,6500,15,D,CG,KZ,D
13:37:44,INDF,RG,6500,19,F,BK,KZ,D
13:37:38,INDF,RG,6500,17,D,CG,KZ,D
13:37:37,INDF,RG,6475,3,F,AK,DX,D
13:37:31,INDF,RG,6500,15,D,PD,KZ,D
13:37:26,INDF,RG,6500,10,D,NI,KZ,D
13:37:19,INDF,RG,6500,18,D,CG,KZ,D
13:37:09,INDF,RG,6500,5,D,CG,KZ,D
13:37:06,INDF,RG,6475,91,F,AK,CS,D
13:37:01,INDF,RG,6500,17,D,CG,KZ,D
13:36:48,INDF,RG,6500,5,D,PD,KZ,D
13:36:42,INDF,RG,6500,15,D,CG,KZ,D
13:36:41,INDF,RG,6475,42,F,AK,DX,D
13:36:40,INDF,RG,6475,26,F,AK,NI,D
13:36:40,INDF,RG,6475,2,D,CP,NI,D
13:36:40,INDF,RG,6475,2,D,SQ,NI,D
13:36:40,INDF,RG,6475,10,D,YU,NI,D
13:36:40,INDF,RG,6475,1,D,PD,NI,D
13:36:40,INDF,RG,6475,1,D,DH,NI,D
13:36:40,INDF,RG,6475,2,D,OD,NI,D
13:36:40,INDF,RG,6475,2,D,YP,NI,D
13:36:40,INDF,RG,6475,1,D,PD,NI,D
13:36:40,INDF,RG,6475,5,D,PD,NI,D
13:36:40,INDF,RG,6475,1,D,GR,NI,D
13:36:40,INDF,RG,6475,20,D,PD,NI,D
13:36:40,INDF,RG,6475,3,D,CC,NI,D
13:36:40,INDF,RG,6475,24,D,YP,NI,D
13:36:37,INDF,RG,6500,16,F,BK,KZ,D
13:36:25,INDF,RG,6500,5,D,NI,KZ,D
13:36:24,INDF,RG,6500,14,D,CG,KZ,D
13:36:18,INDF,RG,6500,2,D,PD,KZ,D
13:36:09,INDF,RG,6500,1,D,YP,KZ,D
13:36:04,INDF,RG,6500,16,D,CG,KZ,D
13:35:58,INDF,RG,6500,2,D,YP,KZ,D
13:35:47,INDF,RG,6500,12,F,BK,KZ,D
13:35:44,INDF,RG,6500,12,D,CG,KZ,D
13:35:29,INDF,RG,6500,15,D,CG,KZ,D
13:35:09,INDF,RG,6500,17,D,CG,KZ,D
13:35:09,INDF,RG,6500,1,D,CC,KZ,D
13:35:05,INDF,RG,6475,3,D,YP,DX,D
13:34:59,INDF,RG,6500,5,D,CG,KZ,D
13:34:59,INDF,RG,6475,11,D,YP,DX,D
13:34:59,INDF,RG,6475,3,D,PD,DX,D
13:34:59,INDF,RG,6475,1,D,YP,DX,D
13:34:59,INDF,RG,6475,2,D,PD,DX,D
13:34:59,INDF,RG,6475,1,D,SQ,DX,D
13:34:59,INDF,RG,6475,15,D,PD,DX,D
13:34:59,INDF,RG,6475,15,D,PD,DX,D
13:34:52,INDF,RG,6500,18,D,CG,KZ,D
13:34:34,INDF,RG,6500,2,D,CC,KZ,D
13:34:32,INDF,RG,6500,18,D,CG,KZ,D
13:34:29,INDF,RG,6500,4,D,PD,KZ,D
13:34:21,INDF,RG,6500,1,D,CC,KZ,D
13:34:20,INDF,RG,6500,2,D,PD,KZ,D
13:34:16,INDF,RG,6500,1,D,PC,KZ,D
13:34:14,INDF,RG,6500,17,D,CG,KZ,D
13:33:54,INDF,RG,6500,13,D,CG,KZ,D
13:33:50,INDF,RG,6475,46,D,PD,NI,D
13:33:43,INDF,RG,6500,15,D,PD,KZ,D
13:33:43,INDF,RG,6500,12,D,PD,CS,D
13:33:43,INDF,RG,6500,16,D,PD,CS,D
13:33:43,INDF,RG,6500,2,D,PD,CS,D
13:33:43,INDF,RG,6500,10,D,PD,CS,D
13:33:43,INDF,RG,6500,4,D,PD,CS,D
13:33:43,INDF,RG,6500,1,D,PD,CS,D
13:33:43,INDF,RG,6500,9,D,PD,CS,D
13:33:43,INDF,RG,6500,18,D,PD,CS,D
13:33:43,INDF,RG,6500,2,D,PD,YB,D
13:33:43,INDF,RG,6500,1,D,PD,CS,D
13:33:43,INDF,RG,6500,7,D,PD,CS,D
13:33:43,INDF,RG,6500,45,D,PD,CS,D
13:33:43,INDF,RG,6500,165,D,PD,KZ,D
13:33:43,INDF,RG,6475,1,D,PD,PC,D
13:33:34,INDF,RG,6500,16,D,CG,KZ,D
13:33:16,INDF,RG,6475,3,D,PD,DX,D
13:33:16,INDF,RG,6475,5,D,DH,DX,D
13:33:16,INDF,RG,6475,2,D,PD,DX,D
13:33:16,INDF,RG,6475,10,D,CC,DX,D
13:33:16,INDF,RG,6475,24,D,PD,DX,D
13:33:14,INDF,RG,6500,15,D,CG,KZ,D
13:32:55,INDF,RG,6475,5,D,PD,PD,D
13:32:32,INDF,RG,6475,6,D,PD,DP,D
13:32:32,INDF,RG,6475,1,D,PD,DP,D
13:32:32,INDF,RG,6475,8,D,XC,DP,D
13:32:32,INDF,RG,6475,5,D,DX,DP,D
13:32:28,INDF,RG,6475,4,D,DX,DX,D
13:31:51,INDF,RG,6500,1,D,PD,KZ,D
13:31:46,INDF,RG,6475,30,D,DX,DX,D
13:31:20,INDF,RG,6500,30,D,DH,KZ,D
13:31:17,INDF,RG,6500,17,F,BK,KZ,D
13:31:16,INDF,RG,6475,34,D,DX,DP,D
13:30:49,INDF,RG,6500,1,D,XC,CS,D
13:30:33,INDF,RG,6475,27,D,DX,NI,D
13:30:33,INDF,RG,6475,3,D,AT,NI,D
13:30:33,INDF,RG,6475,10,D,TP,NI,D
13:30:33,INDF,RG,6475,35,D,IH,NI,D
13:30:33,INDF,RG,6475,125,D,MG,NI,D
13:30:19,INDF,RG,6475,3,D,MG,KZ,D
13:30:18,INDF,RG,6500,15,F,AK,CS,D
13:30:18,INDF,RG,6500,13,F,AK,CS,D
13:30:18,INDF,RG,6500,4,F,AK,CS,D
13:30:18,INDF,RG,6500,1,F,AK,CS,D
13:30:18,INDF,RG,6500,189,F,AK,KZ,D
13:30:15,INDF,RG,6475,50,D,MG,NI,D
13:30:13,INDF,RG,6475,10,D,MG,AK,F
13:30:13,INDF,RG,6475,1,D,MG,YP,D
13:30:11,INDF,RG,6500,1,D,YP,KZ,D
13:30:10,INDF,RG,6475,7,D,MG,CS,D
13:30:07,INDF,RG,6475,10,D,MG,CC,D
13:30:07,INDF,RG,6475,2,D,MG,PD,D
13:30:06,INDF,RG,6475,4,D,MG,XC,D
13:30:06,INDF,RG,6475,2,D,MG,XC,D
13:30:05,INDF,RG,6475,682,D,MG,CS,D
13:30:04,INDF,RG,6475,12,D,MG,DX,D
13:30:03,INDF,RG,6500,1,D,PD,KZ,D
13:30:03,INDF,RG,6500,10,D,PD,KZ,D
13:30:03,INDF,RG,6500,20,D,KK,KZ,D
13:30:03,INDF,RG,6475,3,D,MG,PD,D
13:30:03,INDF,RG,6475,7,D,MG,GR,D
13:30:03,INDF,RG,6500,3,D,EP,KZ,D
13:30:02,INDF,RG,6500,10,D,TP,KZ,D
11:29:52,INDF,RG,6475,1,D,MG,AK,F
11:29:51,INDF,RG,6475,3,D,MG,DX,D
11:29:15,INDF,RG,6475,1,D,MG,YP,D
11:28:55,INDF,RG,6500,5,F,KZ,KZ,D
11:28:53,INDF,RG,6500,4,D,CG,KZ,D
11:28:53,INDF,RG,6500,1,F,KZ,KZ,D
11:28:53,INDF,RG,6500,73,D,CG,KZ,D
11:28:53,INDF,RG,6500,1,D,CG,KZ,D
11:28:29,INDF,RG,6500,15,D,CG,KZ,D
11:28:29,INDF,RG,6500,19,D,CG,KZ,D
11:28:28,INDF,RG,6500,27,D,CG,KZ,D
11:28:28,INDF,RG,6500,34,D,CG,KZ,D
11:28:16,INDF,RG,6500,3,D,CG,KZ,D
11:28:15,INDF,RG,6500,1,D,CG,KZ,D
11:28:15,INDF,RG,6475,4,D,MG,AK,F
11:28:00,INDF,RG,6475,1,D,MG,AK,F
11:27:53,INDF,RG,6500,35,D,CG,KZ,D
11:27:53,INDF,RG,6500,53,D,CG,KZ,D
11:27:46,INDF,RG,6500,3,D,CG,KZ,D
11:27:45,INDF,RG,6500,1,D,PD,KZ,D
11:27:25,INDF,RG,6500,5,D,GR,KZ,D
11:27:23,INDF,RG,6500,45,D,CG,KZ,D
11:27:15,INDF,RG,6475,2,D,MG,AK,F
11:27:14,INDF,RG,6475,3,D,MG,DX,D
11:26:48,INDF,RG,6500,15,D,CG,KZ,D
11:26:40,INDF,RG,6500,10,D,TP,KZ,D
11:26:30,INDF,RG,6475,2,D,MG,AK,F
11:26:10,INDF,RG,6500,19,D,CG,KZ,D
11:25:47,INDF,RG,6475,2,D,MG,KZ,D
11:25:46,INDF,RG,6500,2,D,YP,KZ,D
11:25:33,INDF,RG,6500,20,D,CG,KZ,D
11:24:59,INDF,RG,6500,3,D,CG,KZ,D
11:24:43,INDF,RG,6475,3,D,MG,DX,D
11:24:34,INDF,RG,6500,1,D,NI,KZ,D
11:23:21,INDF,RG,6500,1,D,PD,KZ,D
11:23:18,INDF,RG,6500,10,D,XC,KZ,D
11:22:59,INDF,RG,6500,100,D,ZP,KZ,D
11:22:00,INDF,RG,6475,4,D,MG,DX,D
11:19:24,INDF,RG,6475,3,D,MG,DX,D
11:18:31,INDF,RG,6500,10,D,PD,KZ,D
11:18:15,INDF,RG,6500,1,D,YP,KZ,D
11:16:38,INDF,RG,6475,40,D,MG,IF,D
11:16:36,INDF,RG,6500,4,D,RG,KZ,D
11:16:12,INDF,RG,6500,1,D,XC,KZ,D
11:15:25,INDF,RG,6500,202,F,AK,KZ,D
11:15:25,INDF,RG,6500,2,F,AK,KZ,D
11:15:25,INDF,RG,6500,1,F,AK,CS,D
11:15:25,INDF,RG,6500,2,F,AK,DX,D
11:15:16,INDF,RG,6500,1,D,KK,DX,D
11:14:51,INDF,RG,6500,1,D,CG,CS,D
11:14:51,INDF,RG,6500,3,D,NI,CS,D
11:14:43,INDF,RG,6525,1,D,DH,YP,D
11:14:41,INDF,RG,6500,1,F,KZ,CS,D
11:14:41,INDF,RG,6500,5,D,YP,CS,D
11:14:41,INDF,RG,6500,2,D,CG,CS,D
11:14:30,INDF,RG,6500,11,D,CG,CS,D
11:14:15,INDF,RG,6500,12,D,CG,CS,D
11:14:15,INDF,RG,6500,3,D,CG,CS,D
11:14:13,INDF,RG,6500,104,F,KZ,CS,D
11:14:13,INDF,RG,6500,1,D,CG,CS,D
11:14:13,INDF,RG,6500,1,D,CG,CS,D
11:14:11,INDF,RG,6500,2,F,KZ,CS,D
11:14:11,INDF,RG,6500,1,F,KZ,CS,D
11:14:11,INDF,RG,6500,1,D,CG,CS,D
11:14:09,INDF,RG,6500,1,D,CG,CS,D
11:14:09,INDF,RG,6500,2,D,DR,CS,D
11:14:09,INDF,RG,6500,1,D,DR,CS,D
11:14:09,INDF,RG,6500,4,D,DR,AK,F
11:14:09,INDF,RG,6500,1,D,DR,XC,D
11:14:09,INDF,RG,6500,1,D,DR,CS,D
11:14:09,INDF,RG,6500,1,D,DR,DX,D
11:13:05,INDF,RG,6500,1,D,YP,DX,D
11:12:45,INDF,RG,6500,1,D,PD,DX,D
11:12:18,INDF,RG,6500,1,D,CG,CS,D
11:12:17,INDF,RG,6500,1,D,CG,CS,D
11:12:07,INDF,RG,6500,1,D,CG,CS,D
11:12:07,INDF,RG,6500,1,D,CG,CS,D
11:11:58,INDF,RG,6500,3,D,PD,CS,D
11:11:23,INDF,RG,6500,1,D,CG,CS,D
11:11:23,INDF,RG,6500,1,D,CG,CS,D
11:11:23,INDF,RG,6500,4,D,DR,CS,D
11:11:23,INDF,RG,6500,2,D,DR,CS,D
11:11:22,INDF,RG,6500,1,D,DR,CS,D
11:11:22,INDF,RG,6500,3,D,DR,KZ,D
11:10:38,INDF,RG,6500,12,F,AK,CS,D
11:10:38,INDF,RG,6500,21,F,AK,OD,D
11:10:35,INDF,RG,6475,3,D,MG,CS,D
11:10:35,INDF,RG,6475,4,D,MG,CS,D
11:10:34,INDF,RG,6500,3,F,AK,CS,D
11:10:34,INDF,RG,6500,13,F,AK,AK,F
11:10:33,INDF,RG,6475,5,D,MG,PD,D
11:10:32,INDF,RG,6475,1,D,MG,CS,D
11:10:32,INDF,RG,6500,1,F,KZ,CS,D
11:10:31,INDF,RG,6500,4,F,AK,AK,F
11:10:31,INDF,RG,6500,16,F,AK,AK,F
11:10:31,INDF,RG,6500,4,F,AK,DX,D
11:10:22,INDF,RG,6525,29,D,ZP,YP,D
11:10:20,INDF,RG,6500,16,D,CG,AK,F
11:10:20,INDF,RG,6500,143,F,CS,AK,F
11:10:20,INDF,RG,6500,95,D,CG,AK,F
11:10:20,INDF,RG,6500,16,D,CG,AK,F
11:10:20,INDF,RG,6500,1,D,XC,AK,F
11:10:20,INDF,RG,6500,1,D,DH,AK,F
11:10:20,INDF,RG,6500,3,D,AT,AK,F
11:10:20,INDF,RG,6500,5,D,YP,AK,F
11:10:20,INDF,RG,6500,3,F,BK,AK,F
11:10:19,INDF,RG,6500,228,F,BK,CS,D
11:10:19,INDF,RG,6500,5,D,CC,CS,D
11:10:19,INDF,RG,6500,1,D,XC,CS,D
11:10:19,INDF,RG,6500,2,D,XC,CS,D
11:10:19,INDF,RG,6500,2,D,YP,CS,D
11:10:19,INDF,RG,6500,1,D,EP,CS,D
11:10:19,INDF,RG,6500,1,D,PD,CS,D
11:10:19,INDF,RG,6500,10,D,YP,CS,D
11:10:19,INDF,RG,6500,2,F,KZ,CS,D
11:10:19,INDF,RG,6500,1,D,XC,CS,D
11:10:19,INDF,RG,6500,8,F,KZ,CS,D
11:10:19,INDF,RG,6500,1,D,SQ,CS,D
11:10:19,INDF,RG,6500,2,F,KZ,CS,D
11:10:19,INDF,RG,6500,14,D,CC,CS,D
11:10:19,INDF,RG,6500,1,D,DH,CS,D
11:10:19,INDF,RG,6500,1,D,CC,CS,D
11:10:19,INDF,RG,6500,1,D,DH,CS,D
11:10:19,INDF,RG,6500,2,D,CG,CS,D
11:10:19,INDF,RG,6500,1,F,KZ,CS,D
11:10:19,INDF,RG,6500,10,D,AI,CS,D
11:10:19,INDF,RG,6500,1,D,SQ,CS,D
11:10:19,INDF,RG,6500,10,D,AI,CS,D
11:10:19,INDF,RG,6500,44,F,KZ,CS,D
11:10:18,INDF,RG,6500,42,F,KZ,LG,D
11:10:18,INDF,RG,6500,59,D,CG,LG,D
11:10:18,INDF,RG,6500,3,D,CG,LG,D
11:10:18,INDF,RG,6500,2,D,XC,LG,D
11:10:18,INDF,RG,6500,2,D,CG,LG,D
11:10:18,INDF,RG,6500,53,D,CG,LG,D
11:10:18,INDF,RG,6500,2,D,CG,LG,D
11:10:18,INDF,RG,6500,13,D,CG,LG,D
11:10:18,INDF,RG,6500,24,D,CG,LG,D
11:10:18,INDF,RG,6500,15,F,BK,LG,D
11:10:18,INDF,RG,6500,271,F,BK,LG,D
11:10:18,INDF,RG,6500,208,D,CG,LG,D
11:10:18,INDF,RG,6500,20,D,YP,LG,D
11:10:18,INDF,RG,6500,16,D,NI,LG,D
11:10:18,INDF,RG,6500,6,D,PD,LG,D
11:10:18,INDF,RG,6500,16,D,NI,LG,D
11:10:18,INDF,RG,6500,15,D,YJ,LG,D
11:10:18,INDF,RG,6500,3,D,XC,LG,D
11:10:18,INDF,RG,6500,5,D,YP,LG,D
11:10:18,INDF,RG,6500,1,D,SQ,LG,D
11:10:18,INDF,RG,6500,2,D,PD,LG,D
11:10:18,INDF,RG,6500,5,D,PD,LG,D
11:10:18,INDF,RG,6500,1,D,XC,LG,D
11:10:18,INDF,RG,6500,1,D,YP,LG,D
11:10:18,INDF,RG,6500,102,F,BK,LG,D
11:10:18,INDF,RG,6500,76,F,AK,LG,D
11:10:18,INDF,RG,6500,5,D,YP,LG,D
11:10:18,INDF,RG,6500,10,D,SQ,LG,D
11:10:18,INDF,RG,6500,2,D,XC,LG,D
11:10:18,INDF,RG,6500,2,D,DH,LG,D
11:10:18,INDF,RG,6500,1,D,NI,LG,D
11:10:18,INDF,RG,6500,1,D,XC,LG,D
11:10:18,INDF,RG,6500,20,D,PD,LG,D
11:10:18,INDF,RG,6500,1,D,XC,LG,D
11:10:18,INDF,RG,6500,5,D,KK,LG,D
11:10:18,INDF,RG,6500,2,D,YP,LG,D
11:10:18,INDF,RG,6500,10,D,NI,LG,D
11:10:18,INDF,RG,6500,1,D,XC,LG,D
11:10:18,INDF,RG,6500,2,D,PD,LG,D
11:10:18,INDF,RG,6500,1,D,DH,LG,D
11:10:18,INDF,RG,6500,10,D,DR,LG,D
11:10:18,INDF,RG,6500,10,D,YP,LG,D
11:10:18,INDF,RG,6500,1,D,XC,LG,D
11:10:18,INDF,RG,6500,1,D,KK,LG,D
11:10:18,INDF,RG,6500,1,D,XC,LG,D
11:10:18,INDF,RG,6500,1,D,PD,LG,D
11:10:18,INDF,RG,6500,52,F,BK,LG,D
11:10:18,INDF,RG,6500,15,D,KK,LG,D
11:10:18,INDF,RG,6500,153,D,YP,LG,D
11:10:18,INDF,RG,6500,5,D,NI,LG,D
11:10:18,INDF,RG,6500,10,D,DR,LG,D
11:10:18,INDF,RG,6500,1,D,DR,LG,D
11:10:18,INDF,RG,6500,9,D,DR,LG,D
11:10:18,INDF,RG,6500,1,D,PD,LG,D
11:10:18,INDF,RG,6500,1,D,YP,LG,D
11:10:18,INDF,RG,6500,100,D,AI,LG,D
11:10:18,INDF,RG,6500,10,D,YP,LG,D
11:10:18,INDF,RG,6500,1,D,CC,LG,D
11:10:18,INDF,RG,6500,1,D,YP,LG,D
11:10:18,INDF,RG,6500,20,D,CC,LG,D
11:10:18,INDF,RG,6500,200,D,SQ,LG,D
11:10:18,INDF,RG,6500,16,D,NI,LG,D
11:10:18,INDF,RG,6500,1,D,DH,LG,D
11:10:18,INDF,RG,6500,20,D,PD,LG,D
11:10:18,INDF,RG,6500,100,D,YP,LG,D
11:10:18,INDF,RG,6500,5,D,YP,LG,D
11:10:18,INDF,RG,6500,10,D,AR,LG,D
11:10:18,INDF,RG,6500,2,D,CC,LG,D
11:10:18,INDF,RG,6500,3,D,PD,LG,D
11:10:18,INDF,RG,6500,1,D,PD,LG,D
11:10:18,INDF,RG,6500,12,D,LG,LG,D
11:10:18,INDF,RG,6500,2,D,AZ,LG,D
11:10:18,INDF,RG,6500,1,D,YP,LG,D
11:10:18,INDF,RG,6500,1,D,PD,LG,D
11:10:18,INDF,RG,6500,3,D,YB,LG,D
11:10:18,INDF,RG,6500,1,D,NI,LG,D
11:10:18,INDF,RG,6500,1,D,AT,LG,D
11:10:18,INDF,RG,6500,1,D,NI,LG,D
11:10:18,INDF,RG,6500,1,D,PD,LG,D
11:10:18,INDF,RG,6500,8,D,YP,LG,D
11:10:18,INDF,RG,6500,2,D,YP,LG,D
11:10:18,INDF,RG,6500,35,D,PD,LG,D
11:10:18,INDF,RG,6500,1,D,PD,LG,D
11:10:18,INDF,RG,6500,2,D,PD,LG,D
11:10:18,INDF,RG,6500,1,D,PD,LG,D
11:10:18,INDF,RG,6500,5,D,NI,LG,D
11:10:18,INDF,RG,6500,1,D,SQ,LG,D
11:10:18,INDF,RG,6500,5,D,YU,LG,D
11:10:18,INDF,RG,6500,12,D,NI,LG,D
11:10:18,INDF,RG,6500,100,D,YP,LG,D
11:10:18,INDF,RG,6500,16,D,PD,LG,D
11:10:18,INDF,RG,6500,5,D,NI,LG,D
11:10:18,INDF,RG,6500,2,D,DR,LG,D
11:10:18,INDF,RG,6500,10,F,CC,LG,D
11:10:18,INDF,RG,6500,10,D,YP,LG,D
11:10:18,INDF,RG,6500,5,D,NI,LG,D
11:10:18,INDF,RG,6500,23,F,BK,LG,D
11:10:18,INDF,RG,6500,1,D,PD,LG,D
11:10:18,INDF,RG,6500,30,D,DR,LG,D
11:10:18,INDF,RG,6500,2,D,OD,LG,D
11:10:18,INDF,RG,6500,2,F,KZ,LG,D
11:10:18,INDF,RG,6500,1,F,KZ,LG,D
11:10:18,INDF,RG,6500,272,F,BK,LG,D
11:10:18,INDF,RG,6500,5,D,CC,LG,D
11:10:18,INDF,RG,6500,1,D,CC,LG,D
11:10:18,INDF,RG,6500,10,D,NI,LG,D
11:10:18,INDF,RG,6500,2,D,XC,LG,D
11:10:18,INDF,RG,6500,1,D,PD,LG,D
11:10:18,INDF,RG,6500,50,D,SQ,LG,D
11:10:18,INDF,RG,6500,41,D,DR,LG,D
11:10:18,INDF,RG,6500,59,D,DR,LG,D
11:10:18,INDF,RG,6500,39,F,KZ,LG,D
11:10:18,INDF,RG,6500,190,F,AK,LG,D
11:10:18,INDF,RG,6500,1,D,XC,LG,D
11:10:18,INDF,RG,6500,223,D,OD,LG,D
11:09:53,INDF,RG,6525,20,D,CG,YP,D
11:09:13,INDF,RG,6525,15,D,CG,YP,D
11:08:52,INDF,RG,6500,3,D,OD,DX,D
11:08:39,INDF,RG,6525,16,D,CG,YP,D
11:08:01,INDF,RG,6525,19,D,CG,YP,D
11:07:33,INDF,RG,6525,17,D,CG,YP,D
11:07:23,INDF,RG,6525,5,D,CG,YP,D
11:07:20,INDF,RG,6525,1,D,KK,YP,D
11:06:53,INDF,RG,6525,16,D,CG,YP,D
11:06:22,INDF,RG,6500,3,D,OD,DX,D
11:06:18,INDF,RG,6525,33,D,CG,YP,D
11:05:38,INDF,RG,6525,19,D,CG,YP,D
11:05:03,INDF,RG,6525,18,D,CG,YP,D
11:05:03,INDF,RG,6525,1,D,CG,XC,D
11:05:00,INDF,RG,6525,3,D,PD,LG,D
11:04:57,INDF,RG,6525,26,D,AI,LG,D
11:04:57,INDF,RG,6525,6,D,AI,LG,D
11:04:57,INDF,RG,6525,181,D,AI,LG,D
11:04:57,INDF,RG,6525,87,D,AI,LG,D
11:04:28,INDF,RG,6525,19,D,CG,LG,D
11:04:13,INDF,RG,6525,5,D,CG,LG,D
11:04:07,INDF,RG,6500,2,D,OD,KZ,D
11:03:53,INDF,RG,6525,16,D,CG,LG,D
11:03:45,INDF,RG,6500,3,D,OD,DX,D
11:03:23,INDF,RG,6525,19,D,CG,LG,D
11:02:45,INDF,RG,6525,19,D,CG,LG,D
11:02:13,INDF,RG,6525,19,D,CG,LG,D
11:01:57,INDF,RG,6525,16,D,SQ,LG,D
11:01:57,INDF,RG,6525,86,D,SQ,LG,D
11:01:57,INDF,RG,6525,7,D,SQ,NI,D
11:01:57,INDF,RG,6525,20,D,SQ,YU,D
11:01:57,INDF,RG,6525,4,D,SQ,AK,F
11:01:57,INDF,RG,6525,29,D,SQ,LG,D
11:01:57,INDF,RG,6525,6,D,SQ,LG,D
11:01:57,INDF,RG,6525,82,D,SQ,LG,D
11:01:35,INDF,RG,6500,266,D,OD,CS,D
11:01:35,INDF,RG,6500,2,D,YP,CS,D
11:01:35,INDF,RG,6500,5,D,YP,CS,D
11:01:35,INDF,RG,6500,10,D,YP,CS,D
11:01:35,INDF,RG,6500,1,D,PD,CS,D
11:01:35,INDF,RG,6500,5,D,IF,CS,D
11:01:35,INDF,RG,6500,5,D,CC,CS,D
11:01:35,INDF,RG,6500,80,D,PD,CS,D
11:01:35,INDF,RG,6500,15,D,CC,CS,D
11:01:35,INDF,RG,6500,15,D,PD,CS,D
11:01:35,INDF,RG,6500,20,D,PD,CS,D
11:01:35,INDF,RG,6500,2,D,PD,CS,D
11:01:35,INDF,RG,6500,1,D,XC,CS,D
11:01:35,INDF,RG,6500,2,D,AT,CS,D
11:01:35,INDF,RG,6500,1,D,DR,CS,D
11:01:35,INDF,RG,6500,201,D,DR,CS,D
11:01:33,INDF,RG,6525,19,D,CG,LG,D
11:01:10,INDF,RG,6500,4,D,DR,DX,D
11:01:03,INDF,RG,6525,19,D,CG,LG,D
11:01:03,INDF,RG,6525,3,D,CG,LG,D
11:00:23,INDF,RG,6525,17,D,CG,LG,D
10:59:43,INDF,RG,6525,22,D,CG,LG,D
10:59:27,INDF,RG,6525,1,D,XC,LG,D
10:59:09,INDF,RG,6525,16,D,CG,LG,D
10:58:38,INDF,RG,6525,2,D,CG,LG,D
10:58:38,INDF,RG,6525,14,D,CG,LG,D
10:58:35,INDF,RG,6500,3,D,DR,DX,D
10:58:05,INDF,RG,6525,22,D,CG,LG,D
10:57:33,INDF,RG,6525,22,D,CG,LG,D
10:57:27,INDF,RG,6525,1,D,XC,LG,D
10:57:26,INDF,RG,6500,9,D,DR,NI,D
10:56:57,INDF,RG,6500,3,D,DR,KZ,D
10:56:53,INDF,RG,6525,17,D,CG,LG,D
10:56:13,INDF,RG,6525,21,D,CG,LG,D
10:55:59,INDF,RG,6500,3,D,DR,DX,D
10:55:46,INDF,RG,6525,16,D,CG,LG,D
10:55:38,INDF,RG,6500,1,D,DR,XC,D
10:55:13,INDF,RG,6500,1,D,DR,NI,D
10:55:13,INDF,RG,6525,20,D,CG,LG,D
10:54:58,INDF,RG,6500,3,D,DR,XC,D
10:54:38,INDF,RG,6525,21,D,CG,LG,D
10:54:25,INDF,RG,6525,5,D,CC,LG,D
10:54:03,INDF,RG,6525,19,D,CG,LG,D
10:53:20,INDF,RG,6525,16,D,CG,LG,D
10:53:19,INDF,RG,6500,3,D,DR,DX,D
10:52:43,INDF,RG,6525,6,D,CG,LG,D
10:52:43,INDF,RG,6525,4,D,CG,LG,D
10:50:40,INDF,RG,6500,4,D,DR,DX,D
10:48:05,INDF,RG,6500,3,D,DR,DX,D
10:46:34,INDF,RG,6525,82,F,KZ,LG,D
10:46:34,INDF,RG,6525,2,F,KZ,KZ,D
10:46:34,INDF,RG,6525,7,F,KZ,CS,D
10:45:38,INDF,RG,6525,2,F,KZ,CS,D
10:45:38,INDF,RG,6525,5,F,KZ,CS,D
10:45:33,INDF,RG,6525,5,D,CG,CS,D
10:45:32,INDF,RG,6525,9,D,PD,CS,D
10:45:32,INDF,RG,6525,9,D,PD,CS,D
10:45:32,INDF,RG,6525,10,D,PD,CS,D
10:45:32,INDF,RG,6525,82,D,PD,KZ,D
10:45:19,INDF,RG,6525,80,F,KZ,KZ,D
10:45:19,INDF,RG,6525,13,F,KZ,CS,D
10:45:18,INDF,RG,6525,3,F,KZ,CS,D
10:45:16,INDF,RG,6525,1,D,CG,CS,D
10:45:16,INDF,RG,6525,4,D,CG,CS,D
10:45:16,INDF,RG,6525,18,F,KZ,CS,D
10:45:16,INDF,RG,6525,14,D,CG,CS,D
10:45:15,INDF,RG,6525,16,D,KK,CS,D
10:45:15,INDF,RG,6525,4,D,KK,AK,F
10:45:15,INDF,RG,6525,3,F,AK,DX,D
10:45:15,INDF,RG,6525,4,F,AK,AK,F
10:45:15,INDF,RG,6525,21,F,AK,CS,D
10:45:15,INDF,RG,6525,2,F,AK,XC,D
10:45:15,INDF,RG,6525,14,F,AK,CS,D
10:45:15,INDF,RG,6525,11,F,AK,CS,D
10:45:15,INDF,RG,6525,1,F,AK,CS,D
10:45:15,INDF,RG,6525,4,F,AK,AK,F
10:45:15,INDF,RG,6525,17,F,AK,CS,D
10:45:15,INDF,RG,6525,3,F,AK,CS,D
10:45:15,INDF,RG,6525,17,F,AK,CS,D
10:45:15,INDF,RG,6525,1,F,AK,XC,D
10:45:14,INDF,RG,6525,4,F,KZ,XC,D
10:45:13,INDF,RG,6525,2,D,CG,CS,D
10:45:13,INDF,RG,6525,85,D,CG,DH,D
10:45:13,INDF,RG,6525,6,D,CG,CS,D
10:45:13,INDF,RG,6525,7,D,CG,CS,D
10:45:13,INDF,RG,6525,49,D,CG,EP,D
10:45:13,INDF,RG,6525,1,D,CG,CS,D
10:45:13,INDF,RG,6525,4,D,CG,CS,D
10:45:13,INDF,RG,6525,24,D,CG,CS,D
10:45:13,INDF,RG,6525,2,D,CG,CS,D
10:45:13,INDF,RG,6525,47,D,CG,KZ,D
10:45:12,INDF,RG,6525,10,D,TP,KZ,D
10:45:12,INDF,RG,6525,1,F,KZ,KZ,D
10:45:11,INDF,RG,6525,15,D,CG,KZ,D
10:45:10,INDF,RG,6525,1,D,NI,KZ,D
10:45:05,INDF,RG,6525,2,F,KZ,KZ,D
10:45:04,INDF,RG,6525,1,F,KZ,KZ,D
10:44:41,INDF,RG,6525,2,D,CG,KZ,D
10:44:40,INDF,RG,6525,91,F,KZ,KZ,D
10:44:39,INDF,RG,6525,1,F,KZ,KZ,D
10:44:38,INDF,RG,6525,21,D,CG,KZ,D
10:44:10,INDF,RG,6525,1,F,KZ,KZ,D
10:44:07,INDF,RG,6525,2,F,KZ,KZ,D
10:44:07,INDF,RG,6525,1,F,KZ,KZ,D
10:44:07,INDF,RG,6525,1,F,KZ,KZ,D
10:43:58,INDF,RG,6525,5,D,CG,KZ,D
10:43:58,INDF,RG,6525,7,D,CG,NI,D
10:43:58,INDF,RG,6525,1,D,CG,CS,D
10:43:24,INDF,RG,6525,20,D,YU,CS,D
10:43:12,INDF,RG,6500,1,D,DR,GR,D
10:42:50,INDF,RG,6500,4,D,DR,DX,D
10:42:37,INDF,RG,6500,2,D,DR,KZ,D
10:42:31,INDF,RG,6525,1,D,XC,CS,D
10:41:50,INDF,RG,6525,1,D,IH,CS,D
10:41:32,INDF,RG,6500,3,D,DR,PD,D
10:40:19,INDF,RG,6500,3,D,DR,DX,D
10:39:53,INDF,RG,6525,1,D,PD,CS,D
10:39:41,INDF,RG,6500,1,D,DR,PD,D
10:37:37,INDF,RG,6500,3,D,DR,DX,D
10:36:21,INDF,RG,6525,1,D,YP,AT,D
10:35:54,INDF,RG,6500,8,D,DR,CS,D
10:35:53,INDF,RG,6525,6,F,AK,CS,D
10:35:53,INDF,RG,6525,2,F,AK,YP,D
10:35:53,INDF,RG,6525,8,F,AK,AK,F
10:35:53,INDF,RG,6525,1,F,AK,ZP,F
10:35:32,INDF,RG,6500,13,D,DR,CS,D
10:35:31,INDF,RG,6525,21,F,AK,AK,F
10:35:31,INDF,RG,6525,4,F,AK,AK,F
10:35:31,INDF,RG,6525,1,F,AK,ZP,F
10:35:23,INDF,RG,6525,55,F,AK,MK,D
10:35:22,INDF,RG,6525,1,F,KZ,MK,D
10:35:22,INDF,RG,6525,2,D,CG,MK,D
10:35:22,INDF,RG,6525,3,D,CG,MK,D
10:35:22,INDF,RG,6525,1,F,KZ,MK,D
10:35:22,INDF,RG,6525,4,D,CG,MK,D
10:35:22,INDF,RG,6525,3,F,KZ,MK,D
10:35:22,INDF,RG,6525,11,F,BK,MK,D
10:35:22,INDF,RG,6525,1,D,XC,MK,D
10:35:09,INDF,RG,6525,2,D,XC,CS,D
10:35:09,INDF,RG,6525,2,D,CG,CS,D
10:35:09,INDF,RG,6525,10,D,DR,CS,D
10:35:09,INDF,RG,6525,3,F,KZ,CS,D
10:35:09,INDF,RG,6525,1,D,CG,CS,D
10:34:58,INDF,RG,6525,3,D,CG,DX,D
10:34:40,INDF,RG,6525,16,D,CG,CS,D
10:34:40,INDF,RG,6525,3,D,CG,CS,D
10:34:10,INDF,RG,6525,2,D,CG,CS,D
10:34:10,INDF,RG,6525,2,D,PD,CS,D
10:34:10,INDF,RG,6525,2,D,CG,CS,D
10:34:10,INDF,RG,6525,1,D,CC,CS,D
10:34:10,INDF,RG,6525,5,F,KZ,CS,D
10:34:10,INDF,RG,6525,1,F,KZ,CS,D
10:34:10,INDF,RG,6525,3,D,CG,CS,D
10:34:10,INDF,RG,6525,3,D,NI,CS,D
10:34:10,INDF,RG,6525,1,D,PD,CS,D
10:34:10,INDF,RG,6525,7,F,KZ,CS,D
10:34:10,INDF,RG,6525,2,F,KZ,CS,D
10:34:10,INDF,RG,6525,9,F,BK,CS,D
10:34:09,INDF,RG,6525,50,F,BK,CC,D
10:33:21,INDF,RG,6525,15,F,BK,PD,D
10:33:08,INDF,RG,6525,18,F,BK,CS,D
10:33:08,INDF,RG,6525,2,D,YP,CS,D
10:33:08,INDF,RG,6525,9,F,KZ,CS,D
10:33:08,INDF,RG,6525,27,D,CG,CS,D
10:32:32,INDF,RG,6550,2,D,PD,CS,D
10:32:25,INDF,RG,6525,4,D,CG,DX,D
10:32:07,INDF,RG,6525,2,D,CG,PD,D
10:31:35,INDF,RG,6525,43,D,CG,CS,D
10:31:35,INDF,RG,6525,2,D,CG,CS,D
10:31:35,INDF,RG,6525,9,D,SQ,CS,D
10:31:35,INDF,RG,6525,1,D,KK,CS,D
10:31:35,INDF,RG,6525,10,D,DR,CS,D
10:31:35,INDF,RG,6525,2,D,CG,CS,D
10:31:35,INDF,RG,6525,10,D,CG,CS,D
10:31:35,INDF,RG,6525,12,D,CG,CS,D
10:31:24,INDF,RG,6525,5,D,CG,EP,D
10:31:24,INDF,RG,6525,2,D,CG,EP,D
10:31:24,INDF,RG,6525,1,D,PD,EP,D
10:30:45,INDF,RG,6525,8,D,CG,AK,F
10:29:54,INDF,RG,6525,3,D,CG,DX,D
10:29:43,INDF,RG,6525,8,D,CG,KK,D
10:29:43,INDF,RG,6525,1,F,KZ,KK,D
10:29:43,INDF,RG,6525,11,D,CG,KK,D
10:29:43,INDF,RG,6525,2,D,CG,KK,D
10:29:43,INDF,RG,6525,7,F,KZ,KK,D
10:29:43,INDF,RG,6525,21,F,KZ,KK,D
10:29:43,INDF,RG,6525,9,F,KZ,KK,D
10:29:43,INDF,RG,6525,141,F,BK,KK,D
10:29:14,INDF,RG,6525,159,F,BK,CS,D
10:29:13,INDF,RG,6525,1,F,BK,KZ,D
10:29:13,INDF,RG,6525,175,F,KZ,KZ,D
10:28:17,INDF,RG,6525,1,F,KZ,DX,D
10:27:23,INDF,RG,6525,1,F,KZ,NI,D
10:27:11,INDF,RG,6525,3,F,KZ,DX,D
10:26:56,INDF,RG,6525,100,F,KZ,AT,D
10:25:49,INDF,RG,6525,11,F,KZ,CC,D
10:25:48,INDF,RG,6525,14,F,KZ,KK,D
10:25:30,INDF,RG,6525,167,F,KZ,KK,D
10:25:30,INDF,RG,6525,21,F,KZ,KK,D
10:25:30,INDF,RG,6525,112,F,CS,KK,D
10:25:19,INDF,RG,6525,80,F,CS,GR,D
10:25:08,INDF,RG,6525,27,F,CS,KZ,D
10:25:08,INDF,RG,6525,24,D,CG,KZ,D
10:25:08,INDF,RG,6525,46,F,BK,KZ,D
10:25:06,INDF,RG,6525,2,F,AK,CS,D
10:25:05,INDF,RG,6525,12,F,AK,CS,D
10:25:05,INDF,RG,6525,3,F,KZ,CS,D
10:25:05,INDF,RG,6525,17,F,CS,CS,D
10:25:04,INDF,RG,6525,318,F,CS,LG,D
10:25:04,INDF,RG,6525,69,F,CS,LG,D
10:25:04,INDF,RG,6525,51,D,CG,LG,D
10:25:04,INDF,RG,6525,10,D,CG,LG,D
10:25:04,INDF,RG,6525,15,D,YP,LG,D
10:25:04,INDF,RG,6525,48,F,KZ,LG,D
10:25:04,INDF,RG,6525,229,F,AK,LG,D
10:25:04,INDF,RG,6525,1,D,KK,LG,D
10:25:04,INDF,RG,6525,158,D,CG,LG,D
10:25:04,INDF,RG,6525,16,D,CC,LG,D
10:25:04,INDF,RG,6525,100,D,SQ,LG,D
10:25:04,INDF,RG,6525,1,D,YP,LG,D
10:25:04,INDF,RG,6525,1,D,XC,LG,D
10:25:04,INDF,RG,6525,1,D,PD,LG,D
10:25:04,INDF,RG,6525,10,D,PD,LG,D
10:25:04,INDF,RG,6525,1,D,XC,LG,D
10:25:04,INDF,RG,6525,1000,D,FZ,LG,D
10:25:04,INDF,RG,6525,2,D,CC,LG,D
10:25:04,INDF,RG,6525,10,D,AT,LG,D
10:25:04,INDF,RG,6525,3,D,XC,LG,D
10:25:04,INDF,RG,6525,1,D,XC,LG,D
10:25:04,INDF,RG,6525,1,D,XC,LG,D
10:25:04,INDF,RG,6525,29,F,KZ,LG,D
10:25:04,INDF,RG,6525,1,F,KZ,LG,D
10:25:04,INDF,RG,6525,18,F,BK,LG,D
10:25:04,INDF,RG,6525,28,F,BK,LG,D
10:25:04,INDF,RG,6525,1,D,CC,LG,D
10:25:04,INDF,RG,6525,2,D,YP,LG,D
10:25:04,INDF,RG,6525,10,D,KK,LG,D
10:25:04,INDF,RG,6525,1,D,LS,LG,D
10:25:04,INDF,RG,6525,1,D,XC,LG,D
10:25:04,INDF,RG,6525,1,D,XC,LG,D
10:25:04,INDF,RG,6525,1,D,DR,LG,D
10:25:04,INDF,RG,6525,37,F,BK,LG,D
10:25:04,INDF,RG,6525,157,F,BK,LG,D
10:25:04,INDF,RG,6525,266,F,BK,LG,D
10:25:04,INDF,RG,6525,1,D,CP,LG,D
10:25:04,INDF,RG,6525,475,D,NI,LG,D
10:25:04,INDF,RG,6525,2,F,KZ,LG,D
10:25:04,INDF,RG,6525,1,D,DH,LG,D
10:25:04,INDF,RG,6525,70,D,YJ,LG,D
10:25:04,INDF,RG,6525,5,D,YP,LG,D
10:25:04,INDF,RG,6525,1,D,PD,LG,D
10:25:04,INDF,RG,6525,20,D,SS,LG,D
10:25:04,INDF,RG,6525,5,D,PD,LG,D
10:25:04,INDF,RG,6525,2,D,CG,LG,D
10:25:04,INDF,RG,6525,5,D,CC,LG,D
10:25:04,INDF,RG,6525,3,D,XC,LG,D
10:25:04,INDF,RG,6525,3,D,YP,LG,D
10:25:04,INDF,RG,6525,2,D,CG,LG,D
10:25:04,INDF,RG,6525,21,D,CG,LG,D
10:25:04,INDF,RG,6525,11,D,YP,LG,D
10:25:04,INDF,RG,6525,2,D,CG,LG,D
10:25:04,INDF,RG,6525,175,D,YJ,LG,D
10:25:04,INDF,RG,6525,4,D,PD,LG,D
10:25:04,INDF,RG,6525,61,F,KZ,LG,D
10:25:04,INDF,RG,6525,162,F,BK,LG,D
10:25:04,INDF,RG,6525,124,F,KZ,LG,D
10:25:04,INDF,RG,6525,401,F,CS,LG,D
10:25:04,INDF,RG,6525,620,F,CS,LG,D
10:25:04,INDF,RG,6525,112,D,CG,LG,D
10:25:04,INDF,RG,6525,7,D,CG,LG,D
10:25:04,INDF,RG,6525,1,D,PD,LG,D
10:25:04,INDF,RG,6525,5,D,BQ,LG,D
10:25:04,INDF,RG,6525,1,D,YP,LG,D
10:25:04,INDF,RG,6525,2,D,DH,LG,D
10:25:04,INDF,RG,6525,4,D,XC,LG,D
10:25:04,INDF,RG,6525,3,D,BQ,LG,D
10:25:04,INDF,RG,6525,98,F,BK,LG,D
10:25:00,INDF,RG,6525,9,F,BK,AK,F
10:24:36,INDF,RG,6550,1,F,CS,CS,D
10:24:34,INDF,RG,6525,3,F,BK,DX,D
10:23:40,INDF,RG,6550,2,D,XC,CS,D
10:23:21,INDF,RG,6550,1,F,CS,CS,D
10:23:19,INDF,RG,6550,2,F,CS,CS,D
10:23:19,INDF,RG,6550,22,F,CS,CS,D
10:23:18,INDF,RG,6550,9,F,CS,CS,D
10:23:18,INDF,RG,6525,40,F,BK,KZ,D
10:23:18,INDF,RG,6525,10,D,AR,KZ,D
10:23:18,INDF,RG,6525,10,D,SQ,KZ,D
10:23:18,INDF,RG,6525,5,D,SQ,KZ,D
10:23:18,INDF,RG,6525,1,D,PD,KZ,D
10:23:18,INDF,RG,6525,3,D,NI,KZ,D
10:23:18,INDF,RG,6525,2,D,CC,KZ,D
10:23:18,INDF,RG,6525,50,D,YJ,KZ,D
10:23:18,INDF,RG,6525,6,D,YU,KZ,D
10:23:18,INDF,RG,6525,58,F,KZ,KZ,D
10:23:17,INDF,RG,6525,35,F,KZ,CS,D
10:23:17,INDF,RG,6525,97,F,AK,CS,D
10:23:17,INDF,RG,6525,131,D,CG,CS,D
10:23:17,INDF,RG,6525,2,D,NI,CS,D
10:23:17,INDF,RG,6525,1,D,PD,CS,D
10:23:17,INDF,RG,6525,1,D,PD,CS,D
10:23:17,INDF,RG,6525,5,D,NI,CS,D
10:23:17,INDF,RG,6525,30,D,NI,CS,D
10:23:17,INDF,RG,6525,10,D,DH,CS,D
10:23:17,INDF,RG,6525,17,D,CG,CS,D
10:23:17,INDF,RG,6525,4,D,CC,CS,D
10:23:17,INDF,RG,6525,1,D,PD,CS,D
10:23:17,INDF,RG,6525,3,D,PD,CS,D
10:23:17,INDF,RG,6525,244,F,BK,CS,D
10:23:16,INDF,RG,6550,1,D,XC,CS,D
10:23:01,INDF,RG,6550,3,D,CG,CS,D
10:23:00,INDF,RG,6550,1,D,NI,CS,D
10:22:49,INDF,RG,6550,9,D,CG,CS,D
10:22:49,INDF,RG,6550,10,D,CG,DR,D
10:22:40,INDF,RG,6550,1,D,CC,DR,D
10:22:13,INDF,RG,6550,4,D,CG,DR,D
10:22:13,INDF,RG,6550,11,D,CG,CS,D
10:22:06,INDF,RG,6525,1,F,BK,DH,D
10:22:01,INDF,RG,6525,4,F,BK,DX,D
10:21:43,INDF,RG,6550,33,D,CG,CS,D
10:21:43,INDF,RG,6550,1,D,CG,CS,D
10:21:23,INDF,RG,6550,4,D,CG,CS,D
10:21:08,INDF,RG,6550,8,D,CG,CS,D
10:21:08,INDF,RG,6550,10,D,CG,CS,D
10:20:53,INDF,RG,6525,33,F,BK,KZ,D
10:20:53,INDF,RG,6525,223,D,EP,KZ,D
10:20:43,INDF,RG,6550,2,D,SQ,CS,D
10:20:33,INDF,RG,6550,15,D,CG,CS,D
10:19:58,INDF,RG,6550,1,D,CG,ZP,F
10:19:58,INDF,RG,6550,15,D,CG,CS,D
10:19:34,INDF,RG,6525,1,D,EP,YP,D
10:19:25,INDF,RG,6525,3,D,EP,DX,D
10:19:19,INDF,RG,6550,6,D,CC,CS,D
10:19:14,INDF,RG,6550,16,D,CG,CS,D
10:18:38,INDF,RG,6550,5,D,CG,CS,D
10:18:38,INDF,RG,6550,12,D,CG,XC,D
10:18:29,INDF,RG,6550,2,D,PD,XC,D
10:18:29,INDF,RG,6550,18,D,PD,CS,D
10:18:09,INDF,RG,6550,15,F,BK,CS,D
10:18:09,INDF,RG,6550,3,F,BK,XC,D
10:18:09,INDF,RG,6550,8,F,BK,CS,D
10:18:06,INDF,RG,6550,11,D,CG,CS,D
10:18:06,INDF,RG,6550,4,D,CG,AK,F
10:17:58,INDF,RG,6550,2,D,CG,AK,F
10:17:58,INDF,RG,6550,1,D,CG,CS,D
10:17:28,INDF,RG,6550,19,D,CG,CS,D
10:16:59,INDF,RG,6525,10,D,EP,YP,D
10:16:56,INDF,RG,6550,6,D,CG,CS,D
10:16:56,INDF,RG,6550,8,D,CG,XC,D
10:16:56,INDF,RG,6550,1,D,XC,XC,D
10:16:51,INDF,RG,6525,3,D,EP,DX,D
10:16:30,INDF,RG,6550,19,D,CG,XC,D
10:16:23,INDF,RG,6550,16,F,BK,XC,D
10:16:22,INDF,RG,6525,81,D,EP,YP,D
10:16:13,INDF,RG,6525,6,D,EP,AK,F
10:16:13,INDF,RG,6550,5,D,CG,XC,D
10:15:56,INDF,RG,6550,1,D,NI,XC,D
10:15:53,INDF,RG,6550,17,D,CG,XC,D
10:15:13,INDF,RG,6550,18,D,CG,XC,D
10:14:46,INDF,RG,6550,15,D,CG,XC,D
10:14:46,INDF,RG,6550,5,D,CG,NI,D
10:14:46,INDF,RG,6550,1,D,CG,CS,D
10:14:45,INDF,RG,6525,2,D,EP,YP,D
10:14:14,INDF,RG,6525,3,D,EP,DX,D
10:14:07,INDF,RG,6550,18,D,CG,CS,D
10:14:02,INDF,RG,6550,2,D,XC,CS,D
10:13:33,INDF,RG,6550,15,D,CG,CS,D
10:12:53,INDF,RG,6550,9,D,CG,CS,D
10:12:53,INDF,RG,6550,11,D,CG,CS,D
10:12:46,INDF,RG,6550,30,F,BK,CS,D
10:12:46,INDF,RG,6550,10,F,BK,CS,D
10:12:44,INDF,RG,6550,5,D,CG,CS,D
10:12:43,INDF,RG,6525,302,D,EP,KZ,D
10:12:18,INDF,RG,6550,21,D,CG,CS,D
10:11:44,INDF,RG,6525,7,D,EP,AK,F
10:11:43,INDF,RG,6550,2,D,CG,CS,D
10:11:43,INDF,RG,6550,1,D,CG,XC,D
10:11:43,INDF,RG,6550,1,D,CG,DX,D
10:11:43,INDF,RG,6550,1,D,CG,GR,D
10:11:43,INDF,RG,6550,1,D,CG,EP,D
10:11:43,INDF,RG,6550,1,D,CG,PD,D
10:11:43,INDF,RG,6550,8,D,CG,CS,D
10:11:36,INDF,RG,6525,4,D,EP,DX,D
10:11:03,INDF,RG,6550,21,D,CG,CS,D
10:10:23,INDF,RG,6550,20,D,CG,CS,D
10:10:05,INDF,RG,6525,1,D,EP,CC,D
10:09:51,INDF,RG,6550,11,F,BK,CS,D
10:09:51,INDF,RG,6550,3,F,BK,CS,D
10:09:48,INDF,RG,6550,16,D,CG,CS,D
10:09:23,INDF,RG,6550,32,F,BK,CS,D
10:09:21,INDF,RG,6550,6,D,CG,CS,D
10:09:21,INDF,RG,6550,11,D,CG,CS,D
10:09:21,INDF,RG,6525,25,D,EP,CC,D
10:09:18,INDF,RG,6550,5,D,CG,CS,D
10:09:01,INDF,RG,6525,3,D,EP,DX,D
10:08:54,INDF,RG,6550,18,D,CG,CS,D
10:08:18,INDF,RG,6550,5,D,CG,CS,D
10:08:18,INDF,RG,6550,5,D,CG,CS,D
10:08:18,INDF,RG,6550,1,D,CG,XC,D
10:08:18,INDF,RG,6550,1,D,CG,KK,D
10:08:18,INDF,RG,6550,6,D,CG,CS,D
10:08:02,INDF,RG,6550,1,D,CC,CS,D
10:07:38,INDF,RG,6550,15,D,CG,CS,D
10:07:08,INDF,RG,6550,4,D,CG,CS,D
10:07:08,INDF,RG,6550,14,D,CG,AG,D
10:06:32,INDF,RG,6550,6,F,BK,AG,D
10:06:32,INDF,RG,6550,9,F,BK,LG,D
10:06:30,INDF,RG,6525,8,D,EP,AK,F
10:06:28,INDF,RG,6550,3,D,CG,LG,D
10:06:28,INDF,RG,6550,2,D,CG,LG,D
10:06:28,INDF,RG,6550,14,D,CG,LG,D
10:06:18,INDF,RG,6525,3,D,EP,DX,D
10:06:08,INDF,RG,6550,5,D,KK,LG,D
10:05:53,INDF,RG,6550,20,D,CG,LG,D
10:05:53,INDF,RG,6550,5,D,CG,LG,D
10:05:18,INDF,RG,6550,20,D,CG,LG,D
10:04:41,INDF,RG,6550,7,D,CG,LG,D
10:04:41,INDF,RG,6550,10,D,CG,LG,D
10:04:03,INDF,RG,6550,16,D,CG,LG,D
10:03:42,INDF,RG,6525,4,D,EP,DX,D
10:03:33,INDF,RG,6550,16,D,CG,LG,D
10:03:28,INDF,RG,6550,5,D,KK,LG,D
10:03:20,INDF,RG,6550,1,D,XC,LG,D
10:03:07,INDF,RG,6550,20,D,CG,LG,D
10:02:45,INDF,RG,6550,11,F,KZ,LG,D
10:02:45,INDF,RG,6550,27,F,KZ,LG,D
10:02:44,INDF,RG,6550,7,F,KZ,LG,D
10:02:44,INDF,RG,6550,2,F,KZ,LG,D
10:02:43,INDF,RG,6550,1,F,KZ,LG,D
10:02:43,INDF,RG,6550,1,F,KZ,LG,D
10:02:40,INDF,RG,6550,3,D,YP,LG,D
10:02:35,INDF,RG,6550,4,D,CC,LG,D
10:02:28,INDF,RG,6550,1,D,CG,LG,D
10:02:28,INDF,RG,6550,2,D,CG,LG,D
10:02:28,INDF,RG,6550,13,D,CG,LG,D
10:02:23,INDF,RG,6550,5,D,CG,LG,D
10:02:18,INDF,RG,6550,1,D,YP,LG,D
10:01:58,INDF,RG,6550,17,D,CG,LG,D
10:01:45,INDF,RG,6525,6,D,EP,AK,F
10:01:23,INDF,RG,6550,21,D,CG,LG,D
10:01:11,INDF,RG,6525,3,D,EP,DX,D
10:00:49,INDF,RG,6550,14,F,BK,LG,D
10:00:49,INDF,RG,6550,18,F,BK,LG,D
10:00:48,INDF,RG,6550,15,D,CG,LG,D
10:00:18,INDF,RG,6550,18,D,CG,LG,D
9:59:49,INDF,RG,6525,1,D,EP,PD,D
9:59:43,INDF,RG,6550,16,D,CG,LG,D
9:59:11,INDF,RG,6550,12,D,CG,LG,D
9:59:11,INDF,RG,6550,2,D,CG,LG,D
9:58:55,INDF,RG,6550,5,D,CG,LG,D
9:58:50,INDF,RG,6550,1,D,DR,LG,D
9:58:39,INDF,RG,6525,3,D,EP,DX,D
9:58:38,INDF,RG,6550,17,D,CG,LG,D
9:58:18,INDF,RG,6550,9,F,BK,LG,D
9:58:18,INDF,RG,6550,7,F,BK,CS,D
9:58:14,INDF,RG,6550,33,F,BK,CS,D
9:58:14,INDF,RG,6550,6,F,BK,DH,D
9:58:12,INDF,RG,6550,4,D,SQ,DH,D
9:58:12,INDF,RG,6550,11,D,SQ,NI,D
9:58:12,INDF,RG,6550,7,D,SQ,NI,D
9:58:12,INDF,RG,6550,478,D,SQ,KK,D
9:58:04,INDF,RG,6550,18,F,BK,KK,D
9:58:03,INDF,RG,6550,4,D,CG,KK,D
9:58:03,INDF,RG,6550,10,D,CG,CC,D
9:58:03,INDF,RG,6550,1,D,CG,CS,D
9:57:28,INDF,RG,6550,18,D,CG,CS,D
9:57:13,INDF,RG,6550,3,F,BK,CS,D
9:57:13,INDF,RG,6550,6,F,BK,CS,D
9:57:13,INDF,RG,6550,5,F,BK,YP,D
9:57:13,INDF,RG,6550,38,F,BK,CS,D
9:57:08,INDF,RG,6550,4,F,AK,CS,D
9:57:08,INDF,RG,6550,33,F,AK,CS,D
9:57:08,INDF,RG,6550,5,F,AK,PD,D
9:57:08,INDF,RG,6550,43,F,AK,CS,D
9:57:08,INDF,RG,6550,2,F,AK,NI,D
9:57:08,INDF,RG,6550,15,F,AK,CS,D
9:57:08,INDF,RG,6550,1,F,AK,PD,D
9:57:08,INDF,RG,6550,11,F,AK,CS,D
9:57:08,INDF,RG,6550,14,F,AK,CS,D
9:57:08,INDF,RG,6550,1,F,AK,YB,D
9:57:08,INDF,RG,6550,27,F,AK,CS,D
9:57:08,INDF,RG,6550,124,F,AK,LG,D
9:57:08,INDF,RG,6550,33,F,AK,CS,D
9:57:08,INDF,RG,6550,1,F,AK,DH,D
9:57:08,INDF,RG,6550,4,F,AK,AK,F
9:57:08,INDF,RG,6550,26,F,AK,LG,D
9:57:08,INDF,RG,6550,1,F,AK,PD,D
9:57:08,INDF,RG,6550,39,F,AK,CS,D
9:57:08,INDF,RG,6550,5,F,AK,YP,D
9:57:08,INDF,RG,6550,55,F,AK,LG,D
9:56:53,INDF,RG,6550,3,D,CG,LG,D
9:56:53,INDF,RG,6550,11,D,CG,LG,D
9:56:28,INDF,RG,6550,53,D,DX,LG,D
9:56:28,INDF,RG,6550,27,D,DX,LG,D
9:56:28,INDF,RG,6550,5,D,DX,YP,D
9:56:28,INDF,RG,6550,5,D,DX,YP,D
9:56:28,INDF,RG,6550,1,D,DX,CS,D
9:56:28,INDF,RG,6550,5,D,DX,YP,D
9:56:28,INDF,RG,6550,4,D,DX,YP,D
9:56:19,INDF,RG,6550,1,D,CG,YP,D
9:56:19,INDF,RG,6550,5,D,CG,YP,D
9:56:19,INDF,RG,6550,13,D,CG,CS,D
9:56:03,INDF,RG,6550,1,D,AT,CS,D
9:56:01,INDF,RG,6525,3,D,EP,DX,D
9:56:00,INDF,RG,6550,1,D,XC,CS,D
9:55:43,INDF,RG,6550,18,D,CG,CS,D
9:55:43,INDF,RG,6550,1,D,CG,YP,D
9:55:29,INDF,RG,6550,5,D,CG,YP,D
9:55:13,INDF,RG,6550,4,D,CG,YP,D
9:55:13,INDF,RG,6550,5,D,CG,YP,D
9:55:13,INDF,RG,6550,5,D,CG,CS,D
9:54:39,INDF,RG,6550,26,F,BK,CS,D
9:54:38,INDF,RG,6550,20,D,CG,CS,D
9:54:38,INDF,RG,6550,1,D,CG,EP,D
9:54:03,INDF,RG,6550,2,D,CG,EP,D
9:54:03,INDF,RG,6550,2,D,CG,CC,D
9:54:03,INDF,RG,6550,14,D,CG,KZ,D
9:53:23,INDF,RG,6525,1,D,EP,PD,D
9:53:23,INDF,RG,6550,15,D,CG,KZ,D
9:53:19,INDF,RG,6525,4,D,EP,DX,D
9:52:53,INDF,RG,6550,21,D,CG,KZ,D
9:52:13,INDF,RG,6550,15,D,CG,KZ,D
9:52:05,INDF,RG,6525,1,D,EP,EP,D
9:52:03,INDF,RG,6550,5,D,CG,KZ,D
9:51:46,INDF,RG,6550,30,D,CG,KZ,D
9:51:17,INDF,RG,6525,9,D,EP,XC,D
9:51:13,INDF,RG,6550,15,D,CG,KZ,D
9:50:51,INDF,RG,6525,1,D,EP,AG,D
9:50:51,INDF,RG,6550,29,F,BK,KZ,D
9:50:48,INDF,RG,6525,184,D,EP,KZ,D
9:50:48,INDF,RG,6525,3,D,EP,DX,D
9:50:44,INDF,RG,6550,1,D,XC,KZ,D
9:50:38,INDF,RG,6550,14,D,CG,KZ,D
9:49:57,INDF,RG,6550,19,D,CG,KZ,D
9:49:28,INDF,RG,6550,18,F,BK,KZ,D
9:49:23,INDF,RG,6550,17,D,CG,KZ,D
9:49:19,INDF,RG,6525,1,D,EP,DH,D
9:49:08,INDF,RG,6550,5,D,DX,KZ,D
9:48:56,INDF,RG,6550,21,F,BK,KZ,D
9:48:55,INDF,RG,6525,400,D,EP,ZP,D
9:48:46,INDF,RG,6550,17,D,CG,KZ,D
9:48:38,INDF,RG,6550,5,D,CG,KZ,D
9:48:13,INDF,RG,6550,15,D,CG,KZ,D
9:48:04,INDF,RG,6525,3,D,EP,DX,D
9:47:41,INDF,RG,6525,5,D,EP,YB,D
9:47:38,INDF,RG,6550,14,D,CG,KZ,D
9:47:29,INDF,RG,6550,2,D,CC,KZ,D
9:47:08,INDF,RG,6550,20,D,CG,KZ,D
9:46:28,INDF,RG,6550,18,D,CG,KZ,D
9:45:52,INDF,RG,6550,20,D,CG,KZ,D
9:45:51,INDF,RG,6525,3,D,EP,AZ,D
9:45:23,INDF,RG,6525,4,D,EP,DX,D
9:45:19,INDF,RG,6550,3,D,PD,KZ,D
9:45:13,INDF,RG,6550,1,D,CG,KZ,D
9:45:13,INDF,RG,6550,21,D,CG,KZ,D
9:44:33,INDF,RG,6550,21,D,CG,KZ,D
9:44:16,INDF,RG,6550,2,D,CC,KZ,D
9:44:10,INDF,RG,6550,1,D,NI,KZ,D
9:44:05,INDF,RG,6525,1,D,EP,CC,D
9:43:52,INDF,RG,6550,17,D,CG,KZ,D
9:43:48,INDF,RG,6525,165,D,EP,KZ,D
9:43:31,INDF,RG,6525,7,D,EP,PD,D
9:43:17,INDF,RG,6550,21,D,CG,KZ,D
9:43:03,INDF,RG,6550,9,D,NI,KZ,D
9:42:49,INDF,RG,6525,3,D,EP,DX,D
9:42:43,INDF,RG,6550,17,D,CG,KZ,D
9:42:12,INDF,RG,6550,45,D,EP,KZ,D
9:42:12,INDF,RG,6550,35,D,EP,CS,D
9:42:12,INDF,RG,6550,4,D,EP,AK,F
9:42:12,INDF,RG,6550,5,D,EP,ZP,F
9:42:12,INDF,RG,6550,11,D,EP,CS,D
9:42:03,INDF,RG,6550,2,D,CG,YP,D
9:42:03,INDF,RG,6550,19,D,CG,CS,D
9:41:40,INDF,RG,6525,1,D,EP,NI,D
9:41:22,INDF,RG,6550,5,D,CG,CS,D
9:41:22,INDF,RG,6550,13,D,CG,LG,D
9:40:54,INDF,RG,6525,2,D,EP,DH,D
9:40:47,INDF,RG,6550,7,D,CG,LG,D
9:40:34,INDF,RG,6550,2,D,PD,LG,D
9:40:18,INDF,RG,6525,97,D,EP,KZ,D
9:40:18,INDF,RG,6525,2,D,CG,KZ,D
9:40:18,INDF,RG,6525,53,D,YJ,KZ,D
9:40:18,INDF,RG,6525,5,D,XC,KZ,D
9:40:18,INDF,RG,6525,10,D,CG,KZ,D
9:40:18,INDF,RG,6525,2,D,CG,KZ,D
9:40:18,INDF,RG,6525,1,D,YP,KZ,D
9:40:18,INDF,RG,6525,1,D,PD,KZ,D
9:40:18,INDF,RG,6525,1,D,NI,DX,D
9:40:18,INDF,RG,6525,2,D,YP,DX,D
9:40:15,INDF,RG,6525,28,D,YP,CS,D
9:40:15,INDF,RG,6525,2,D,CG,CS,D
9:40:15,INDF,RG,6525,1,D,YP,CS,D
9:40:15,INDF,RG,6525,2,D,YP,CS,D
9:40:15,INDF,RG,6525,1,D,PD,CS,D
9:40:15,INDF,RG,6525,1,D,CC,CS,D
9:40:15,INDF,RG,6525,196,D,YP,CS,D
9:40:15,INDF,RG,6525,16,D,CG,CS,D
9:40:15,INDF,RG,6525,3,D,CG,CS,D
9:40:15,INDF,RG,6525,3,F,KZ,CS,D
9:40:15,INDF,RG,6525,2,D,PD,CS,D
9:40:15,INDF,RG,6525,5,F,KZ,CS,D
9:40:15,INDF,RG,6525,5,D,YP,CS,D
9:40:15,INDF,RG,6525,100,D,YJ,CS,D
9:40:15,INDF,RG,6525,57,F,KZ,CS,D
9:40:15,INDF,RG,6525,150,F,CS,CS,D
9:40:10,INDF,RG,6550,10,D,CC,LG,D
9:40:08,INDF,RG,6550,15,D,CG,LG,D
9:39:28,INDF,RG,6550,19,D,CG,LG,D
9:38:53,INDF,RG,6550,19,D,CG,LG,D
9:38:50,INDF,RG,6525,2,F,CS,YP,D
9:38:30,INDF,RG,6525,26,F,CS,AK,F
9:38:24,INDF,RG,6550,5,D,CG,LG,D
9:38:23,INDF,RG,6550,6,D,CG,LG,D
9:38:23,INDF,RG,6550,10,D,CG,LG,D
9:38:16,INDF,RG,6525,1,F,CS,DR,D
9:37:47,INDF,RG,6550,16,D,CG,LG,D
9:37:46,INDF,RG,6525,3,F,CS,DX,D
9:37:40,INDF,RG,6550,1,D,KK,LG,D
9:37:13,INDF,RG,6550,15,D,CG,LG,D
9:36:33,INDF,RG,6550,17,D,CG,LG,D
9:35:57,INDF,RG,6550,19,D,CG,LG,D
9:35:23,INDF,RG,6550,15,D,CG,LG,D
9:35:09,INDF,RG,6525,4,F,CS,DX,D
9:34:58,INDF,RG,6550,3,D,CG,LG,D
9:34:48,INDF,RG,6550,11,D,CG,LG,D
9:34:48,INDF,RG,6550,9,D,CG,LG,D
9:34:10,INDF,RG,6550,18,D,CG,LG,D
9:33:33,INDF,RG,6550,19,D,CG,LG,D
9:33:33,INDF,RG,6550,2,D,CG,CS,D
9:33:15,INDF,RG,6550,4,D,CG,CS,D
9:32:53,INDF,RG,6550,20,D,CG,CS,D
9:32:30,INDF,RG,6550,2,D,DH,CS,D
9:32:30,INDF,RG,6550,3,D,DH,OD,D
9:32:27,INDF,RG,6525,4,F,CS,DX,D
9:32:14,INDF,RG,6550,12,D,CG,CS,D
9:31:35,INDF,RG,6550,1,D,NI,CS,D
9:30:55,INDF,RG,6525,6,F,CS,NI,D
9:30:35,INDF,RG,6525,15,F,CS,PD,D
9:29:58,INDF,RG,6525,1,F,CS,PD,D
9:29:54,INDF,RG,6550,5,D,CG,CS,D
9:29:53,INDF,RG,6525,3,F,CS,DX,D
9:29:53,INDF,RG,6525,148,F,CS,KZ,D
9:29:53,INDF,RG,6525,259,F,BK,KZ,D
9:29:53,INDF,RG,6525,5,F,KZ,KZ,D
9:29:53,INDF,RG,6525,2,F,KZ,KZ,D
9:29:53,INDF,RG,6525,67,F,KZ,KZ,D
9:29:53,INDF,RG,6525,18,F,KZ,KK,D
9:29:53,INDF,RG,6525,36,F,AK,KK,D
9:29:53,INDF,RG,6525,46,D,CG,KK,D
9:28:57,INDF,RG,6525,3,D,CG,CC,D
9:28:02,INDF,RG,6550,1,D,PD,CS,D
9:27:36,INDF,RG,6525,100,D,CG,SQ,D
9:27:19,INDF,RG,6525,3,D,CG,DX,D
9:27:18,INDF,RG,6550,9,D,CG,CS,D
9:27:12,INDF,RG,6550,6,F,BK,CS,D
9:27:12,INDF,RG,6550,13,F,BK,CS,D
9:27:10,INDF,RG,6525,9,D,CG,KK,D
9:26:50,INDF,RG,6550,15,D,CG,CS,D
9:26:40,INDF,RG,6525,1,D,CG,YP,D
9:26:28,INDF,RG,6550,5,D,CG,CS,D
9:26:13,INDF,RG,6550,17,D,CG,CS,D
9:26:13,INDF,RG,6550,1,D,CG,CC,D
9:26:13,INDF,RG,6550,2,D,CG,CS,D
9:25:38,INDF,RG,6550,10,D,CG,AG,D
9:25:38,INDF,RG,6550,4,D,CG,CS,D
9:25:38,INDF,RG,6550,2,D,CG,LG,D
9:25:29,INDF,RG,6525,1,D,CG,PC,D
9:25:03,INDF,RG,6550,12,D,CG,LG,D
9:24:48,INDF,RG,6525,2,D,CG,PC,D
9:24:47,INDF,RG,6550,1,D,NI,LG,D
9:24:43,INDF,RG,6525,1,D,CG,XC,D
9:24:37,INDF,RG,6525,3,D,CG,DX,D
9:24:33,INDF,RG,6550,12,F,BK,LG,D
9:24:29,INDF,RG,6550,15,D,CG,LG,D
9:23:53,INDF,RG,6550,14,D,CG,LG,D
9:23:29,INDF,RG,6550,5,D,AT,LG,D
9:23:13,INDF,RG,6550,14,D,CG,LG,D
9:23:09,INDF,RG,6550,2,D,YP,LG,D
9:23:09,INDF,RG,6550,8,D,YP,LG,D
9:23:01,INDF,RG,6550,1,D,CG,LG,D
9:22:43,INDF,RG,6550,17,D,CG,LG,D
9:22:16,INDF,RG,6550,14,F,BK,LG,D
9:22:15,INDF,RG,6550,10,D,YP,LG,D
9:22:13,INDF,RG,6550,33,F,BK,LG,D
9:22:08,INDF,RG,6550,2,F,AK,LG,D
9:22:08,INDF,RG,6550,36,F,AK,LG,D
9:22:08,INDF,RG,6550,19,F,AK,CS,D
9:22:08,INDF,RG,6550,11,F,AK,CS,D
9:22:08,INDF,RG,6550,1,F,AK,XC,D
9:22:08,INDF,RG,6550,1,F,AK,XC,D
9:22:08,INDF,RG,6550,37,F,AK,CS,D
9:22:08,INDF,RG,6550,38,F,AK,CS,D
9:22:08,INDF,RG,6550,212,F,AK,LG,D
9:22:08,INDF,RG,6550,13,D,CG,LG,D
9:21:57,INDF,RG,6525,4,D,CG,DX,D
9:21:28,INDF,RG,6550,16,D,CG,LG,D
9:21:04,INDF,RG,6550,1,D,DH,LG,D
9:20:58,INDF,RG,6550,21,D,CG,LG,D
9:20:28,INDF,RG,6550,1,D,YP,LG,D
9:20:23,INDF,RG,6550,17,D,CG,LG,D
9:19:59,INDF,RG,6525,1,D,CG,KK,D
9:19:52,INDF,RG,6550,11,D,CG,LG,D
9:19:26,INDF,RG,6525,3,D,CG,DX,D
9:19:18,INDF,RG,6550,14,F,BK,LG,D
9:19:18,INDF,RG,6550,2,F,BK,LG,D
9:19:14,INDF,RG,6550,15,D,CG,LG,D
9:18:47,INDF,RG,6525,1,D,CG,XC,D
9:18:43,INDF,RG,6550,17,D,CG,LG,D
9:18:29,INDF,RG,6525,1,D,CG,XC,D
9:18:08,INDF,RG,6550,20,D,CG,LG,D
9:17:41,INDF,RG,6550,15,D,CG,LG,D
9:17:04,INDF,RG,6550,14,D,CG,LG,D
9:17:01,INDF,RG,6550,1,D,PC,LG,D
9:16:43,INDF,RG,6550,20,F,BK,LG,D
9:16:43,INDF,RG,6550,16,F,BK,LG,D
9:16:40,INDF,RG,6550,45,F,BK,LG,D
9:16:39,INDF,RG,6550,29,F,BK,LG,D
9:16:38,INDF,RG,6525,6,D,CG,YB,D
9:16:38,INDF,RG,6525,9,D,CG,YB,D
9:16:35,INDF,RG,6550,144,F,BK,LG,D
9:16:35,INDF,RG,6550,64,F,BK,LG,D
9:16:34,INDF,RG,6550,81,F,BK,LG,D
9:16:34,INDF,RG,6550,6,F,BK,CS,D
9:16:34,INDF,RG,6550,43,F,BK,CS,D
9:16:33,INDF,RG,6525,104,F,BK,CS,D
9:16:33,INDF,RG,6525,1,F,BK,CS,D
9:16:33,INDF,RG,6525,18,F,BK,CS,D
9:16:33,INDF,RG,6525,21,F,BK,CS,D
9:16:33,INDF,RG,6525,40,F,BK,CS,D
9:16:32,INDF,RG,6525,2,F,BK,XC,D
9:16:32,INDF,RG,6525,6,F,BK,CS,D
9:16:32,INDF,RG,6525,4,F,BK,CS,D
9:16:32,INDF,RG,6525,24,F,BK,CS,D
9:16:32,INDF,RG,6525,2,F,BK,XC,D
9:16:32,INDF,RG,6525,1,F,BK,XC,D
9:16:32,INDF,RG,6525,4,F,BK,CC,D
9:16:32,INDF,RG,6525,11,F,BK,CS,D
9:16:32,INDF,RG,6525,10,F,BK,TP,D
9:16:32,INDF,RG,6525,8,F,BK,CS,D
9:16:32,INDF,RG,6525,3,F,BK,ZP,F
9:16:32,INDF,RG,6525,5,F,BK,NI,D
9:16:32,INDF,RG,6525,28,F,BK,CS,D
9:16:32,INDF,RG,6525,12,F,BK,AK,F
9:16:32,INDF,RG,6525,2,F,BK,DX,D
9:16:32,INDF,RG,6525,103,F,BK,YP,D
9:16:32,INDF,RG,6525,29,F,BK,CS,D
9:16:32,INDF,RG,6525,3,F,BK,NI,D
9:16:32,INDF,RG,6525,26,F,BK,CS,D
9:16:32,INDF,RG,6525,1,F,BK,PD,D
9:16:32,INDF,RG,6525,3,F,BK,PD,D
9:16:32,INDF,RG,6525,7,F,BK,CS,D
9:16:32,INDF,RG,6525,16,F,BK,CS,D
9:16:32,INDF,RG,6525,53,F,BK,CS,D
9:16:32,INDF,RG,6525,1,F,BK,CS,D
9:16:32,INDF,RG,6525,29,F,BK,CS,D
9:16:32,INDF,RG,6525,19,F,BK,CS,D
9:16:32,INDF,RG,6525,2,F,BK,CC,D
9:16:32,INDF,RG,6525,17,F,BK,CS,D
9:16:32,INDF,RG,6525,10,F,BK,PD,D
9:16:32,INDF,RG,6525,20,F,BK,CS,D
9:16:32,INDF,RG,6525,13,F,BK,CS,D
9:16:32,INDF,RG,6525,22,F,BK,CS,D
9:16:32,INDF,RG,6525,141,F,BK,LG,D
9:16:32,INDF,RG,6525,3,F,KZ,LG,D
9:16:32,INDF,RG,6525,162,F,CS,LG,D
9:16:32,INDF,RG,6525,45,F,CS,LG,D
9:16:32,INDF,RG,6525,293,F,AK,LG,D
9:16:32,INDF,RG,6525,146,F,AK,LG,D
9:16:32,INDF,RG,6525,18,F,AK,KZ,D
9:16:32,INDF,RG,6525,1,F,AK,KK,D
9:16:32,INDF,RG,6525,42,F,AK,KZ,D
9:16:28,INDF,RG,6525,1,F,KZ,KZ,D
9:16:28,INDF,RG,6525,16,F,BK,KZ,D
9:16:28,INDF,RG,6525,1,F,KZ,KZ,D
9:16:24,INDF,RG,6525,15,D,CG,KZ,D
9:16:24,INDF,RG,6525,15,F,BK,KZ,D
9:16:22,INDF,RG,6525,1,F,KZ,KZ,D
9:16:19,INDF,RG,6525,152,F,KZ,KZ,D
9:16:17,INDF,RG,6500,1,D,DR,NI,D
9:16:15,INDF,RG,6525,1,F,KZ,KZ,D
9:16:15,INDF,RG,6525,5,F,KZ,KZ,D
9:16:15,INDF,RG,6525,20,F,KZ,GR,D
9:16:14,INDF,RG,6525,3,D,CG,GR,D
9:15:52,INDF,RG,6525,2,D,XC,GR,D
9:15:51,INDF,RG,6525,2,D,SQ,GR,D
9:15:50,INDF,RG,6525,19,D,CG,GR,D
9:15:29,INDF,RG,6525,5,D,YP,GR,D
9:15:13,INDF,RG,6525,18,D,CG,GR,D
9:14:43,INDF,RG,6525,14,D,CG,GR,D
9:14:32,INDF,RG,6525,17,D,LS,GR,D
9:14:32,INDF,RG,6525,13,D,LS,CS,D
9:14:32,INDF,RG,6525,38,D,LS,CS,D
9:14:32,INDF,RG,6525,5,D,LS,CS,D
9:14:32,INDF,RG,6525,14,D,LS,CS,D
9:14:32,INDF,RG,6525,4,D,LS,PD,D
9:14:32,INDF,RG,6525,9,D,LS,CS,D
9:14:30,INDF,RG,6525,1,F,CG,CS,D
9:14:30,INDF,RG,6525,11,F,CG,CS,D
9:14:30,INDF,RG,6525,2,F,CG,ZP,F
9:14:30,INDF,RG,6525,4,F,CG,AK,F
9:14:30,INDF,RG,6525,3,F,CG,AK,F
9:14:30,INDF,RG,6525,1,D,YJ,AK,F
9:14:30,INDF,RG,6525,170,D,YJ,YP,D
9:14:30,INDF,RG,6525,29,D,YJ,CS,D
9:14:28,INDF,RG,6500,1,D,DR,CC,D
9:14:28,INDF,RG,6500,1,D,DR,DX,D
9:14:22,INDF,RG,6525,1,D,IH,CS,D
9:14:11,INDF,RG,6525,16,D,CG,EP,D
9:13:43,INDF,RG,6525,10,D,CG,EP,D
9:12:32,INDF,RG,6525,1,D,DH,EP,D
9:11:08,INDF,RG,6525,1,D,PD,EP,D
9:10:59,INDF,RG,6500,10,D,DR,PD,D
9:10:31,INDF,RG,6500,7,D,DR,KK,D
9:09:39,INDF,RG,6500,1,D,DR,PD,D
9:09:01,INDF,RG,6525,61,F,CC,EP,D
9:08:57,INDF,RG,6525,11,F,CC,EP,D
9:08:55,INDF,RG,6525,226,F,AK,EP,D
9:08:55,INDF,RG,6525,2,D,CG,EP,D
9:08:55,INDF,RG,6525,94,D,CG,EP,D
9:08:55,INDF,RG,6525,1,D,DR,EP,D
9:08:55,INDF,RG,6525,2,D,CG,EP,D
9:08:55,INDF,RG,6525,10,D,BQ,EP,D
9:08:55,INDF,RG,6525,1,D,CC,EP,D
9:08:55,INDF,RG,6525,2,D,CG,EP,D
9:08:55,INDF,RG,6525,1,D,XC,EP,D
9:08:55,INDF,RG,6525,9,D,CG,EP,D
9:08:55,INDF,RG,6525,2,F,CC,EP,D
9:08:55,INDF,RG,6525,77,F,BK,EP,D
9:08:55,INDF,RG,6525,25,F,CG,EP,D
9:08:55,INDF,RG,6525,70,D,CC,EP,D
9:08:55,INDF,RG,6525,2,D,CG,EP,D
9:08:55,INDF,RG,6525,220,F,CG,EP,D
9:08:55,INDF,RG,6525,17,D,CG,EP,D
9:08:55,INDF,RG,6525,1,F,CC,EP,D
9:08:55,INDF,RG,6525,100,D,NI,EP,D
9:08:55,INDF,RG,6525,2,F,CC,EP,D
9:08:55,INDF,RG,6525,20,F,CC,EP,D
9:08:55,INDF,RG,6525,132,F,BK,EP,D
9:08:55,INDF,RG,6525,1,F,CC,EP,D
9:08:55,INDF,RG,6525,13,D,CG,EP,D
9:08:55,INDF,RG,6525,1,F,CC,EP,D
9:08:55,INDF,RG,6525,2,F,CC,EP,D
9:08:55,INDF,RG,6525,33,F,KZ,EP,D
9:08:55,INDF,RG,6525,2,F,CC,EP,D
9:08:55,INDF,RG,6525,15,F,CC,EP,D
9:08:55,INDF,RG,6525,2,F,KZ,EP,D
9:08:55,INDF,RG,6525,16,D,CG,EP,D
9:08:55,INDF,RG,6525,9,F,CC,EP,D
9:08:55,INDF,RG,6525,144,F,AK,EP,D
9:08:55,INDF,RG,6525,5,F,KZ,EP,D
9:08:55,INDF,RG,6525,1,F,KZ,EP,D
9:08:55,INDF,RG,6525,2,D,PC,EP,D
9:08:55,INDF,RG,6525,3,D,CC,EP,D
9:08:55,INDF,RG,6525,2,D,CC,EP,D
9:08:55,INDF,RG,6525,10,D,NI,EP,D
9:08:55,INDF,RG,6525,15,F,KZ,EP,D
9:08:55,INDF,RG,6525,602,F,CS,EP,D
9:08:55,INDF,RG,6525,6,F,BK,EP,D
9:08:53,INDF,RG,6550,4,D,CG,YP,D
9:07:44,INDF,RG,6550,1,D,YP,YP,D
9:06:04,INDF,RG,6550,1,D,PD,YP,D
9:05:09,INDF,RG,6550,1,F,CG,YP,D
9:05:08,INDF,RG,6525,18,F,BK,CC,D
9:04:09,INDF,RG,6525,43,F,BK,CS,D
9:04:09,INDF,RG,6525,15,D,ES,CS,D
9:04:08,INDF,RG,6550,58,F,CC,YP,D
9:04:08,INDF,RG,6575,17,F,CC,YP,D
9:04:06,INDF,RG,6550,24,F,BK,CS,D
9:04:05,INDF,RG,6550,42,D,CG,KZ,D
9:04:05,INDF,RG,6550,2,D,CG,KZ,D
9:04:05,INDF,RG,6550,13,F,BK,KZ,D
9:04:05,INDF,RG,6550,4,D,LG,KZ,D
9:04:05,INDF,RG,6550,2,F,KZ,KZ,D
9:04:05,INDF,RG,6550,200,D,AG,KZ,D
9:04:05,INDF,RG,6550,2,D,CG,KZ,D
9:04:05,INDF,RG,6550,200,D,AG,KZ,D
9:04:05,INDF,RG,6550,16,D,CG,KZ,D
9:04:05,INDF,RG,6550,14,D,CG,KZ,D
9:04:05,INDF,RG,6550,2,D,CG,KZ,D
9:04:05,INDF,RG,6550,21,F,KZ,KZ,D
9:04:05,INDF,RG,6550,2,F,KZ,KZ,D
9:04:05,INDF,RG,6550,82,F,CC,KZ,D
9:04:05,INDF,RG,6550,1,F,KZ,KZ,D
9:04:05,INDF,RG,6550,161,F,BK,KZ,D
9:04:05,INDF,RG,6550,40,F,AK,KZ,D
9:04:05,INDF,RG,6550,161,F,CS,KZ,D
9:03:58,INDF,RG,6575,6,F,CC,YP,D
9:03:57,INDF,RG,6575,12,F,BK,YP,D
9:03:56,INDF,RG,6575,12,F,CC,YP,D
9:03:56,INDF,RG,6575,20,F,CC,AG,D
9:03:56,INDF,RG,6575,1,F,CC,PD,D
9:03:56,INDF,RG,6575,3,F,CC,YP,D
9:03:56,INDF,RG,6575,5,F,CC,YP,D
9:03:55,INDF,RG,6575,1,F,BK,PD,D
9:03:55,INDF,RG,6575,2,F,BK,PD,D
9:03:55,INDF,RG,6575,57,F,BK,YJ,D
9:03:52,INDF,RG,6550,255,F,CS,KZ,D
9:03:52,INDF,RG,6550,6,F,KZ,KZ,D
9:03:52,INDF,RG,6550,15,F,CC,KZ,D
9:03:52,INDF,RG,6550,129,F,AK,KZ,D
9:03:52,INDF,RG,6550,15,D,CG,KZ,D
9:03:52,INDF,RG,6550,2,D,CG,KZ,D
9:03:52,INDF,RG,6550,5,F,AK,KZ,D
9:03:52,INDF,RG,6550,73,D,CG,KZ,D
9:03:50,INDF,RG,6575,2,D,AZ,YJ,D
9:03:27,INDF,RG,6575,1,F,CC,YJ,D
9:03:21,INDF,RG,6575,10,D,NI,YJ,D
9:03:19,INDF,RG,6575,2,F,CC,YJ,D
9:03:16,INDF,RG,6575,15,D,CG,YJ,D
9:02:40,INDF,RG,6575,1,F,CC,YJ,D
9:02:33,INDF,RG,6575,11,F,BK,YJ,D
9:02:30,INDF,RG,6575,6,F,CC,YJ,D
9:02:29,INDF,RG,6575,50,D,CC,YJ,D
9:02:03,INDF,RG,6575,2,D,DH,YJ,D
9:01:44,INDF,RG,6575,2,F,CC,YJ,D
9:01:42,INDF,RG,6575,20,D,KK,YJ,D
9:01:22,INDF,RG,6575,1,F,CC,YJ,D
9:01:20,INDF,RG,6575,12,F,BK,YJ,D
9:01:18,INDF,RG,6575,1,F,CC,YJ,D
9:01:15,INDF,RG,6575,5,F,CC,YJ,D
9:01:15,INDF,RG,6575,28,F,BK,YJ,D
9:01:12,INDF,RG,6575,24,F,CC,YJ,D
9:01:12,INDF,RG,6575,2,F,CC,GR,D
9:01:12,INDF,RG,6550,1,D,CG,XC,D
9:01:12,INDF,RG,6550,1,D,CG,XC,D
9:01:11,INDF,RG,6550,1,D,CG,CS,D
9:01:11,INDF,RG,6550,1,F,BK,CS,D
9:01:11,INDF,RG,6550,2,F,BK,CS,D
9:01:11,INDF,RG,6550,1,F,BK,CS,D
9:01:11,INDF,RG,6550,1,F,BK,CS,D
9:01:11,INDF,RG,6550,2,F,BK,CS,D
9:01:10,INDF,RG,6550,1,F,BK,CS,D
9:01:10,INDF,RG,6550,1,F,CC,CS,D
9:01:10,INDF,RG,6550,1,F,CC,NI,D
9:01:10,INDF,RG,6550,2,F,CC,PD,D
9:01:10,INDF,RG,6550,1,F,CC,GR,D
9:01:10,INDF,RG,6525,15,D,ES,CS,D
9:01:10,INDF,RG,6525,34,D,ES,CS,D
9:01:10,INDF,RG,6525,40,D,ES,NI,D
9:01:10,INDF,RG,6525,20,D,ES,CS,D
9:01:10,INDF,RG,6525,31,D,ES,AK,D
9:01:10,INDF,RG,6525,1,D,ES,ZP,F
9:01:10,INDF,RG,6525,45,D,ES,CS,D
9:01:10,INDF,RG,6525,7,D,ES,CC,D
9:01:10,INDF,RG,6525,19,D,ES,CS,D
9:01:10,INDF,RG,6525,18,D,ES,CS,D
9:01:10,INDF,RG,6525,20,D,ES,CC,D
9:01:10,INDF,RG,6525,35,D,ES,LG,D
9:01:09,INDF,RG,6525,2,F,CS,LG,D
9:01:08,INDF,RG,6525,4,F,KZ,LG,D
9:01:06,INDF,RG,6525,3,F,KZ,LG,D
9:01:06,INDF,RG,6525,1,F,CC,LG,D
9:01:05,INDF,RG,6525,1,F,CS,LG,D
9:01:01,INDF,RG,6525,4,F,KZ,LG,D
9:01:00,INDF,RG,6525,1,F,CC,LG,D
9:01:00,INDF,RG,6525,2,F,CS,LG,D
9:00:55,INDF,RG,6525,6,F,CS,LG,D
9:00:55,INDF,RG,6525,1,F,KZ,LG,D
9:00:54,INDF,RG,6525,4,F,CC,LG,D
9:00:54,INDF,RG,6525,13,F,BK,LG,D
9:00:52,INDF,RG,6525,14,F,CS,LG,D
9:00:51,INDF,RG,6525,5,F,CC,LG,D
9:00:51,INDF,RG,6525,1,F,KZ,LG,D
9:00:51,INDF,RG,6525,1,F,KZ,LG,D
9:00:50,INDF,RG,6525,18,F,BK,LG,D
9:00:48,INDF,RG,6525,3,F,CC,LG,D
9:00:48,INDF,RG,6525,28,F,CS,LG,D
9:00:48,INDF,RG,6525,1,F,KZ,LG,D
9:00:48,INDF,RG,6500,21,D,DR,AK,D
9:00:46,INDF,RG,6525,8,F,CC,LG,D
9:00:46,INDF,RG,6525,8,F,KZ,LG,D
9:00:46,INDF,RG,6525,1,F,KZ,LG,D
9:00:46,INDF,RG,6500,26,D,DR,AK,D
9:00:46,INDF,RG,6500,18,D,DR,AK,D
9:00:46,INDF,RG,6525,5,F,CC,LG,D
9:00:45,INDF,RG,6525,1,F,CS,LG,D
9:00:45,INDF,RG,6525,1,F,KZ,LG,D
9:00:45,INDF,RG,6525,24,F,BK,LG,D
9:00:44,INDF,RG,6525,33,F,CS,LG,D
9:00:44,INDF,RG,6525,13,F,CS,LG,D
9:00:43,INDF,RG,6525,1,F,CC,LG,D
9:00:41,INDF,RG,6525,14,F,CC,LG,D
9:00:39,INDF,RG,6525,3,D,XC,LG,D
9:00:38,INDF,RG,6500,138,D,DR,AI,D
9:00:38,INDF,RG,6500,2,D,DH,AI,D
9:00:37,INDF,RG,6525,1,F,CS,LG,D
9:00:36,INDF,RG,6525,1,F,CC,LG,D
9:00:33,INDF,RG,6525,1,F,CS,LG,D
9:00:31,INDF,RG,6525,1,F,CC,LG,D
9:00:30,INDF,RG,6525,1,F,CS,LG,D
9:00:29,INDF,RG,6525,1,F,CC,LG,D
9:00:29,INDF,RG,6525,15,D,CG,LG,D
9:00:27,INDF,RG,6525,1,F,CC,LG,D
9:00:27,INDF,RG,6525,2,D,NI,LG,D
9:00:26,INDF,RG,6525,1,D,NI,LG,D
9:00:26,INDF,RG,6525,1,F,CS,LG,D
9:00:24,INDF,RG,6525,10,D,CC,LG,D
9:00:24,INDF,RG,6525,1,F,CS,LG,D
9:00:23,INDF,RG,6525,1,F,CC,LG,D
9:00:23,INDF,RG,6525,1,D,NI,LG,D
9:00:22,INDF,RG,6525,5,D,NI,LG,D
9:00:18,INDF,RG,6525,1,F,CS,LG,D
9:00:18,INDF,RG,6525,1,F,CC,LG,D
9:00:18,INDF,RG,6525,1,F,CC,LG,D
9:00:15,INDF,RG,6500,10,D,TP,AK,F
9:00:15,INDF,RG,6500,5,D,DH,AK,F
9:00:15,INDF,RG,6525,1,F,CS,LG,D
9:00:14,INDF,RG,6525,5,F,CC,LG,D
9:00:12,INDF,RG,6525,2,F,CC,LG,D
9:00:11,INDF,RG,6525,50,D,ZP,LG,D
9:00:11,INDF,RG,6525,1,F,CS,LG,D
9:00:10,INDF,RG,6525,1,F,CC,LG,D
9:00:10,INDF,RG,6525,15,D,XC,LG,D
9:00:10,INDF,RG,6525,3,D,SQ,LG,D
9:00:09,INDF,RG,6525,2,F,CS,LG,D
9:00:06,INDF,RG,6525,2,D,AT,LG,D
9:00:04,INDF,RG,6525,1,F,CC,LG,D
9:00:02,INDF,RG,6525,17,D,YP,LG,D
8:55:00,INDF,RG,6525,2,D,SQ,LG,D
8:55:00,INDF,RG,6525,5,D,XC,LG,D
8:55:00,INDF,RG,6525,20,D,NI,LG,D
8:55:00,INDF,RG,6525,1,D,XC,LG,D
8:55:00,INDF,RG,6525,8,D,YP,LG,D
8:55:00,INDF,RG,6525,5,D,YP,LG,D
8:55:00,INDF,RG,6525,5,D,YP,LG,D
8:55:00,INDF,RG,6525,10,D,CC,LG,D
8:55:00,INDF,RG,6525,19,F,NI,LG,D
8:55:00,INDF,RG,6525,43,F,NI,LG,D
8:55:00,INDF,RG,6525,16,D,CC,LG,D
8:55:00,INDF,RG,6525,10,D,CC,LG,D
8:55:00,INDF,RG,6525,2,D,SQ,LG,D
8:55:00,INDF,RG,6525,1,D,PD,LG,D
8:55:00,INDF,RG,6525,2,D,YP,LG,D
8:55:00,INDF,RG,6525,1,D,YP,LG,D
8:55:00,INDF,RG,6525,3,D,PD,LG,D
8:55:00,INDF,RG,6525,16,D,YP,LG,D
8:55:00,INDF,RG,6525,2,D,SQ,LG,D
8:55:00,INDF,RG,6525,1,D,ZP,LG,D
8:55:00,INDF,RG,6525,3,D,XC,LG,D
8:55:00,INDF,RG,6525,6,D,XC,LG,D
8:55:00,INDF,RG,6525,1,D,ZP,LG,D
8:55:00,INDF,RG,6525,2,D,AT,LG,D
8:55:00,INDF,RG,6525,1,D,AT,PD,D
8:55:00,INDF,RG,6525,1,D,AT,PD,D
8:55:00,INDF,RG,6525,7,D,AT,AZ,D
8:55:00,INDF,RG,6525,1,D,XC,AZ,D
8:55:00,INDF,RG,6525,2,D,TP,AZ,D
8:55:00,INDF,RG,6525,8,D,TP,EP,D
8:55:00,INDF,RG,6525,2,D,KK,EP,D
8:55:00,INDF,RG,6525,5,D,YP,EP,D
8:55:00,INDF,RG,6525,4,D,YP,BB,D
8:55:00,INDF,RG,6525,81,D,YP,BB,D
8:55:00,INDF,RG,6525,5,D,YP,BB,D
8:55:00,INDF,RG,6525,10,D,CC,BB,D
8:55:00,INDF,RG,6525,1,D,PD,BB,D
8:55:00,INDF,RG,6525,1,D,PD,BB,D
8:55:00,INDF,RG,6525,2,D,XC,BB,D
8:55:00,INDF,RG,6525,10,F,CC,BB,D
8:55:00,INDF,RG,6525,8,F,CC,BB,D
8:55:00,INDF,RG,6525,8,F,CC,BB,D
8:55:00,INDF,RG,6525,8,F,CS,BB,D
8:55:00,INDF,RG,6525,63,F,CS,BB,D
8:55:00,INDF,RG,6525,145,F,CS,AK,D
8:55:00,INDF,RG,6525,33,D,CG,AK,D
8:55:00,INDF,RG,6525,2,D,CG,AK,D
8:55:00,INDF,RG,6525,58,F,KZ,AK,D
8:55:00,INDF,RG,6525,16,F,KZ,CS,D
8:55:00,INDF,RG,6525,71,F,AK,CS,D