Time,Stock,Brd,Price,Qty,BT,BC,SC,ST
15:11:39,INDF,RG,6125,25,D,EP,AT,D
15:10:30,INDF,RG,6125,11,D,NI,AT,D
15:10:11,INDF,RG,6125,4,D,YP,AT,D
15:09:57,INDF,RG,6125,3,D,YP,CS,F
15:09:30,INDF,RG,6125,8,D,YP,CS,F
15:09:07,INDF,RG,6125,1,D,DH,CS,F
15:08:42,INDF,RG,6125,5,D,YP,CS,F
15:08:24,INDF,RG,6125,100,D,CC,CS,F
15:08:09,INDF,RG,6125,52,D,YP,CS,F
15:07:56,INDF,RG,6125,25,D,NI,CS,F
15:07:49,INDF,RG,6125,25,D,EP,CS,F
15:07:48,INDF,RG,6125,1,D,XC,CS,F
15:06:05,INDF,RG,6125,103,D,YP,CS,F
15:05:55,INDF,RG,6125,2,D,AI,CS,F
15:05:05,INDF,RG,6125,1,D,YP,CS,F
15:05:04,INDF,RG,6125,64,D,YP,CS,F
15:05:04,INDF,RG,6125,36,D,YP,CS,F
15:05:04,INDF,RG,6125,100,D,CC,CS,F
15:05:01,INDF,RG,6125,5,D,CC,CS,F
15:05:00,INDF,RG,6125,200,D,CP,CS,F
15:05:00,INDF,RG,6125,8,D,DH,CS,F
15:00:00,INDF,RG,6125,4,D,CC,CS,F
15:00:00,INDF,RG,6125,12,D,CP,CS,F
15:00:00,INDF,RG,6125,2,D,CC,CS,F
15:00:00,INDF,RG,6125,5,D,CC,CS,F
15:00:00,INDF,RG,6125,2,D,XC,CS,F
15:00:00,INDF,RG,6125,18,D,PD,CS,F
15:00:00,INDF,RG,6125,5,D,NI,CS,F
15:00:00,INDF,RG,6125,100,D,GR,CS,F
15:00:00,INDF,RG,6125,30,D,PD,CS,F
15:00:00,INDF,RG,6125,1,D,YP,CS,F
15:00:00,INDF,RG,6125,134,D,KI,CS,F
15:00:00,INDF,RG,6125,366,D,KI,CS,F
15:00:00,INDF,RG,6125,2,D,CC,CS,F
15:00:00,INDF,RG,6125,1,D,MG,CS,F
15:00:00,INDF,RG,6125,1,D,XC,CS,F
15:00:00,INDF,RG,6125,2,D,KK,CS,F
15:00:00,INDF,RG,6125,1,D,DH,CS,F
15:00:00,INDF,RG,6125,120,D,PD,CS,F
15:00:00,INDF,RG,6125,169,D,YP,CS,F
15:00:00,INDF,RG,6125,31,D,YP,CS,F
15:00:00,INDF,RG,6125,1,D,XC,CS,F
15:00:00,INDF,RG,6125,10,D,YP,CS,F
15:00:00,INDF,RG,6125,5,D,YP,CS,F
15:00:00,INDF,RG,6125,100,D,KK,CS,F
15:00:00,INDF,RG,6125,1,D,LG,CS,F
15:00:00,INDF,RG,6125,2,D,PD,CS,F
15:00:00,INDF,RG,6125,4,D,OD,CS,F
15:00:00,INDF,RG,6125,38,D,KK,CS,F
15:00:00,INDF,RG,6125,2,D,XC,CS,F
15:00:00,INDF,RG,6125,2,D,DH,CS,F
15:00:00,INDF,RG,6125,1,D,KK,CS,F
15:00:00,INDF,RG,6125,2,D,EP,CS,F
15:00:00,INDF,RG,6125,24,D,YP,CS,F
15:00:00,INDF,RG,6125,2,D,KK,CS,F
15:00:00,INDF,RG,6125,1,D,YP,CS,F
15:00:00,INDF,RG,6125,1,D,PD,CS,F
15:00:00,INDF,RG,6125,2,D,YP,CS,F
15:00:00,INDF,RG,6125,17,F,ZP,CS,F
15:00:00,INDF,RG,6125,416,F,ZP,CS,F
15:00:00,INDF,RG,6125,31,F,ZP,CS,F
15:00:00,INDF,RG,6125,296,F,AK,CS,F
15:00:00,INDF,RG,6125,36,F,BK,CS,F
15:00:00,INDF,RG,6125,299,F,CG,CS,F
15:00:00,INDF,RG,6125,1,F,CG,CC,D
15:00:00,INDF,RG,6125,1,F,CG,PD,D
15:00:00,INDF,RG,6125,2,F,CG,YU,D
15:00:00,INDF,RG,6125,10,F,CG,CC,D
15:00:00,INDF,RG,6125,50,F,CG,GR,D
15:00:00,INDF,RG,6125,272,F,CG,ZP,F
15:00:00,INDF,RG,6125,748,F,AK,ZP,F
15:00:00,INDF,RG,6125,240,F,AK,ZP,F
15:00:00,INDF,RG,6125,183,F,AK,BK,F
15:00:00,INDF,RG,6125,141,F,AK,CG,F
15:00:00,INDF,RG,6125,3,F,AK,AK,F
15:00:00,INDF,RG,6125,767,F,AK,RX,F
15:00:00,INDF,RG,6125,3,F,AK,AK,D
15:00:00,INDF,RG,6125,4,F,AK,LG,D
15:00:00,INDF,RG,6125,21,F,AK,LG,D
15:00:00,INDF,RG,6125,246,F,AK,CC,F
15:00:00,INDF,RG,6125,245,F,AK,CC,F
15:00:00,INDF,RG,6125,56,F,AK,CC,F
15:00:00,INDF,RG,6125,110,D,DR,CC,F
15:00:00,INDF,RG,6125,28,F,FS,CC,F
15:00:00,INDF,RG,6125,51,D,LG,CC,F
15:00:00,INDF,RG,6125,5,D,LG,AK,F
15:00:00,INDF,RG,6125,5,D,LG,LG,D
14:49:54,INDF,RG,6125,1,D,KK,ZP,F
14:49:43,INDF,RG,6175,1,F,ZP,KK,D
14:49:37,INDF,RG,6100,21,D,DH,CC,F
14:49:37,INDF,RG,6100,1,D,DR,CC,F
14:49:37,INDF,RG,6100,32,D,SQ,CC,F
14:49:37,INDF,RG,6150,5,F,ZP,CC,F
14:49:34,INDF,RG,6175,109,D,RX,KK,D
14:49:34,INDF,RG,6175,10,D,RX,CC,D
14:49:34,INDF,RG,6175,10,D,RX,YP,D
14:49:34,INDF,RG,6175,16,D,RX,YP,D
14:49:34,INDF,RG,6175,4,D,RX,NI,D
14:49:34,INDF,RG,6175,2,D,RX,PD,D
14:49:34,INDF,RG,6175,100,D,RX,YP,D
14:49:34,INDF,RG,6175,1,D,RX,XC,D
14:49:32,INDF,RG,6150,30,D,RX,GR,D
14:49:32,INDF,RG,6150,3,D,RX,ZP,F
14:49:32,INDF,RG,6150,30,D,RX,DR,D
14:49:32,INDF,RG,6150,39,D,RX,DR,D
14:49:32,INDF,RG,6150,2,D,RX,PD,D
14:49:32,INDF,RG,6150,4,D,RX,PD,D
14:49:32,INDF,RG,6150,2,D,RX,SQ,D
14:49:32,INDF,RG,6150,23,D,RX,CC,F
14:49:23,INDF,RG,6150,21,D,RX,CC,F
14:49:23,INDF,RG,6150,74,D,RX,CC,F
14:49:22,INDF,RG,6125,2,D,RX,YP,D
14:49:15,INDF,RG,6125,2,D,RX,BB,D
14:49:15,INDF,RG,6125,1,D,DH,BB,D
14:49:15,INDF,RG,6125,1,D,PD,BB,D
14:49:15,INDF,RG,6125,26,D,PD,BB,D
14:49:15,INDF,RG,6125,24,D,PD,BB,D
14:49:15,INDF,RG,6125,4,D,EP,BB,D
14:49:14,INDF,RG,6150,11,D,RX,CC,F
14:49:14,INDF,RG,6150,33,D,RX,ZP,F
14:49:14,INDF,RG,6150,2,D,RX,ZP,F
14:49:14,INDF,RG,6150,5,D,RX,EP,D
14:49:14,INDF,RG,6150,2,D,RX,BK,F
14:49:14,INDF,RG,6150,10,D,RX,TP,D
14:49:14,INDF,RG,6150,10,D,RX,AG,D
14:49:14,INDF,RG,6150,2,D,RX,DH,D
14:49:14,INDF,RG,6125,6,D,EP,BB,D
14:49:14,INDF,RG,6125,3,D,PD,BB,D
14:49:10,INDF,RG,6125,3,D,PD,BB,D
14:49:10,INDF,RG,6125,8,D,PD,BB,D
14:49:10,INDF,RG,6125,1,D,SQ,BB,D
14:49:10,INDF,RG,6125,2,D,CC,BB,D
14:49:07,INDF,RG,6125,18,D,CC,CC,F
14:49:07,INDF,RG,6125,1,D,DH,CC,F
14:49:07,INDF,RG,6125,1,D,SQ,CC,F
14:49:07,INDF,RG,6125,10,D,YP,CC,F
14:49:07,INDF,RG,6125,5,D,CC,CC,F
14:49:07,INDF,RG,6125,4,D,OD,CC,F
14:49:07,INDF,RG,6125,10,D,RX,CC,F
14:49:06,INDF,RG,6150,45,D,RX,DH,D
14:49:02,INDF,RG,6125,30,D,RX,ZP,F
14:49:02,INDF,RG,6125,2,D,RX,BB,D
14:49:01,INDF,RG,6125,10,D,RX,BK,F
14:49:00,INDF,RG,6125,4,D,RX,BB,D
14:49:00,INDF,RG,6125,6,D,RX,AK,F
14:49:00,INDF,RG,6125,3,D,RX,AK,F
14:49:00,INDF,RG,6125,1,D,RX,AK,F
14:49:00,INDF,RG,6125,1,D,RX,AK,F
14:49:00,INDF,RG,6125,1,D,RX,AK,F
14:48:56,INDF,RG,6125,5,D,RX,BB,D
14:48:55,INDF,RG,6150,90,D,RX,DH,D
14:48:52,INDF,RG,6125,5,D,RX,BB,D
14:48:51,INDF,RG,6125,10,D,RX,BK,F
14:48:45,INDF,RG,6150,82,D,RX,DH,D
14:48:42,INDF,RG,6125,5,D,RX,BB,D
14:48:38,INDF,RG,6125,3,D,RX,BB,D
14:48:37,INDF,RG,6150,55,D,RX,DH,D
14:48:31,INDF,RG,6125,5,D,RX,BB,D
14:48:30,INDF,RG,6125,4,D,RX,DR,D
14:48:29,INDF,RG,6125,5,D,RX,BB,D
14:48:28,INDF,RG,6150,206,D,RX,DH,D
14:48:27,INDF,RG,6125,18,D,RX,ZP,F
14:48:27,INDF,RG,6125,1,D,HP,ZP,F
14:48:27,INDF,RG,6150,1,D,XC,DH,D
14:48:17,INDF,RG,6125,5,F,BK,BB,D
14:48:17,INDF,RG,6125,5,F,BK,BB,D
14:48:08,INDF,RG,6150,179,D,RX,DH,D
14:48:04,INDF,RG,6125,7,F,BK,BB,D
14:48:04,INDF,RG,6150,1,D,YP,DH,D
14:48:03,INDF,RG,6125,3,F,BK,CC,F
14:48:03,INDF,RG,6125,5,F,ZP,BB,D
14:48:03,INDF,RG,6125,7,F,BK,BB,D
14:48:03,INDF,RG,6125,1,F,ZP,BB,D
14:48:03,INDF,RG,6125,1,F,ZP,BB,D
14:48:03,INDF,RG,6125,1,F,ZP,BB,D
14:47:49,INDF,RG,6150,83,D,RX,DH,D
14:47:47,INDF,RG,6150,2,D,YP,DH,D
14:47:40,INDF,RG,6150,114,D,RX,DH,D
14:47:36,INDF,RG,6150,65,F,AK,DH,D
14:47:29,INDF,RG,6150,115,D,RX,DH,D
14:47:18,INDF,RG,6150,110,D,RX,DH,D
14:47:18,INDF,RG,6150,1,D,RX,PD,D
14:47:18,INDF,RG,6150,1,D,RX,PD,D
14:47:18,INDF,RG,6150,1,D,RX,DH,D
14:47:08,INDF,RG,6150,11,F,BK,KK,D
14:47:07,INDF,RG,6150,9,D,RX,KK,D
14:47:07,INDF,RG,6150,40,D,RX,KK,D
14:47:07,INDF,RG,6150,35,D,RX,KK,D
14:47:04,INDF,RG,6150,10,F,BK,KK,D
14:46:59,INDF,RG,6150,55,D,RX,KK,D
14:46:59,INDF,RG,6150,2,D,RX,PD,D
14:46:59,INDF,RG,6150,64,D,RX,YP,D
14:46:54,INDF,RG,6150,12,F,BK,YP,D
14:46:53,INDF,RG,6125,2,F,AK,LG,D
14:46:52,INDF,RG,6150,29,D,RX,YP,D
14:46:52,INDF,RG,6150,5,D,RX,YP,D
14:46:52,INDF,RG,6150,10,D,RX,CC,D
14:46:52,INDF,RG,6150,1,D,RX,PD,D
14:46:52,INDF,RG,6150,5,D,RX,PD,D
14:46:52,INDF,RG,6150,16,D,RX,YP,D
14:46:52,INDF,RG,6150,24,D,RX,LG,D
14:46:51,INDF,RG,6125,2,D,RX,BB,D
14:46:51,INDF,RG,6125,2,D,RX,BB,D
14:46:51,INDF,RG,6125,5,D,RX,BB,D
14:46:51,INDF,RG,6125,1,D,RX,CC,F
14:46:51,INDF,RG,6125,1,D,RX,AK,F
14:46:51,INDF,RG,6125,6,D,RX,CC,F
14:46:44,INDF,RG,6125,12,F,BK,CC,F
14:46:41,INDF,RG,6125,63,D,RX,CC,F
14:46:41,INDF,RG,6125,10,D,RX,BB,D
14:46:41,INDF,RG,6125,1,D,RX,CC,D
14:46:41,INDF,RG,6125,2,D,RX,CC,D
14:46:41,INDF,RG,6125,30,D,RX,BB,D
14:46:41,INDF,RG,6125,11,D,RX,CC,F
14:46:35,INDF,RG,6100,1,D,SQ,BB,D
14:46:35,INDF,RG,6100,1,D,SQ,BB,D
14:46:35,INDF,RG,6100,1,F,ZP,BB,D
14:46:35,INDF,RG,6100,2,D,YP,BB,D
14:46:35,INDF,RG,6100,1,D,NI,BB,D
14:46:35,INDF,RG,6100,2,D,SQ,BB,D
14:46:35,INDF,RG,6100,1,D,YP,BB,D
14:46:35,INDF,RG,6100,1,D,PD,BB,D
14:46:35,INDF,RG,6100,1,D,SQ,BB,D
14:46:34,INDF,RG,6125,10,F,BK,CC,F
14:46:30,INDF,RG,6125,40,D,RX,CC,F
14:46:27,INDF,RG,6100,1,D,SQ,BB,D
14:46:27,INDF,RG,6100,10,D,YP,BB,D
14:46:27,INDF,RG,6100,9,D,YJ,BB,D
14:46:24,INDF,RG,6125,12,F,BK,CC,F
14:46:22,INDF,RG,6125,61,D,RX,CC,F
14:46:22,INDF,RG,6125,1,D,RX,CC,F
14:46:22,INDF,RG,6125,19,D,RX,ZP,F
14:46:22,INDF,RG,6125,33,D,RX,CC,F
14:46:15,INDF,RG,6125,15,D,YP,CC,F
14:46:12,INDF,RG,6125,11,F,BK,CC,F
14:46:11,INDF,RG,6125,10,D,RX,CC,F
14:46:11,INDF,RG,6125,10,D,RX,BB,D
14:46:11,INDF,RG,6125,14,D,RX,AK,F
14:46:11,INDF,RG,6125,7,D,RX,BB,D
14:46:11,INDF,RG,6125,10,D,RX,BK,F
14:46:11,INDF,RG,6125,7,D,RX,CC,F
14:46:11,INDF,RG,6125,7,D,RX,GR,D
14:46:11,INDF,RG,6125,1,D,RX,YP,D
14:46:11,INDF,RG,6125,18,D,RX,BQ,D
14:46:03,INDF,RG,6125,37,D,RX,BQ,D
14:46:03,INDF,RG,6125,56,D,RX,BQ,D
14:45:54,INDF,RG,6125,94,D,RX,BQ,D
14:45:54,INDF,RG,6125,9,D,RX,ZP,F
14:45:49,INDF,RG,6100,50,D,YJ,BQ,D
14:45:44,INDF,RG,6125,18,F,AK,ZP,F
14:45:44,INDF,RG,6125,18,F,AK,CC,F
14:45:44,INDF,RG,6125,115,D,RX,CC,F
14:45:32,INDF,RG,6125,94,D,RX,CC,F
14:45:32,INDF,RG,6100,1,D,YJ,BB,D
14:45:31,INDF,RG,6125,10,D,GR,CC,F
14:45:23,INDF,RG,6125,81,D,RX,CC,F
14:45:23,INDF,RG,6125,2,D,RX,CC,F
14:45:22,INDF,RG,6125,1,D,KK,CC,F
14:45:15,INDF,RG,6125,34,D,RX,CC,F
14:45:15,INDF,RG,6125,1,D,RX,CC,F
14:45:15,INDF,RG,6125,5,D,RX,NI,D
14:45:15,INDF,RG,6125,100,D,RX,YB,D
14:45:15,INDF,RG,6125,28,D,RX,BB,D
14:45:05,INDF,RG,6125,3,D,RX,BB,D
14:45:05,INDF,RG,6125,33,D,RX,BB,D
14:45:05,INDF,RG,6125,1,D,RX,AK,F
14:45:05,INDF,RG,6125,60,D,RX,YP,D
14:44:55,INDF,RG,6100,3,D,YJ,DP,D
14:44:52,INDF,RG,6125,40,D,RX,YP,D
14:44:52,INDF,RG,6125,29,D,RX,ZP,F
14:44:51,INDF,RG,6100,10,D,YJ,DP,D
14:44:42,INDF,RG,6100,3,D,YJ,DP,D
14:44:41,INDF,RG,6100,3,D,YJ,DP,D
14:44:41,INDF,RG,6100,6,D,EP,DP,D
14:44:37,INDF,RG,6125,10,D,GR,ZP,F
14:44:36,INDF,RG,6100,19,D,EP,BB,D
14:44:36,INDF,RG,6100,1,D,PD,BB,D
14:44:36,INDF,RG,6100,1,D,IF,BB,D
14:44:34,INDF,RG,6125,5,D,PD,ZP,F
14:44:21,INDF,RG,6125,2,D,CC,ZP,F
14:44:19,INDF,RG,6100,1,D,IF,BB,D
14:44:19,INDF,RG,6100,10,D,KK,BB,D
14:44:14,INDF,RG,6125,5,D,PD,ZP,F
14:43:59,INDF,RG,6125,1,D,XC,BQ,D
14:43:41,INDF,RG,6125,1,D,CC,BQ,D
14:43:41,INDF,RG,6125,48,F,BK,BQ,D
14:43:36,INDF,RG,6125,14,F,BK,YP,D
14:43:36,INDF,RG,6125,36,D,RX,YP,D
14:43:36,INDF,RG,6125,50,D,RX,YP,D
14:43:30,INDF,RG,6125,94,D,RX,ZP,F
14:43:30,INDF,RG,6125,121,F,AK,ZP,F
14:43:30,INDF,RG,6125,22,F,AK,CC,F
14:43:30,INDF,RG,6125,5,F,ZP,CC,F
14:43:30,INDF,RG,6125,19,F,BK,CC,F
14:43:29,INDF,RG,6125,28,F,BK,CC,D
14:43:29,INDF,RG,6125,5,F,ZP,CC,D
14:43:29,INDF,RG,6125,7,F,BK,CC,D
14:43:29,INDF,RG,6125,8,F,AK,CC,D
14:43:12,INDF,RG,6125,28,F,AK,PD,D
14:43:12,INDF,RG,6125,22,D,RX,PD,D
14:43:01,INDF,RG,6150,1,F,BK,LG,D
14:43:01,INDF,RG,6150,10,F,BK,PD,D
14:43:01,INDF,RG,6150,1,F,BK,KK,D
14:42:53,INDF,RG,6125,4,D,RX,CC,F
14:42:44,INDF,RG,6125,3,D,RX,BB,D
14:42:44,INDF,RG,6125,12,D,RX,BB,D
14:42:43,INDF,RG,6125,6,D,RX,BB,D
14:42:43,INDF,RG,6125,23,D,RX,BB,D
14:42:43,INDF,RG,6125,1,D,RX,CC,D
14:42:43,INDF,RG,6125,1,D,RX,PD,D
14:42:43,INDF,RG,6125,39,D,RX,CC,F
14:42:43,INDF,RG,6125,23,D,RX,AK,F
14:42:43,INDF,RG,6125,11,D,RX,CC,F
14:42:43,INDF,RG,6125,37,D,RX,CC,F
14:42:43,INDF,RG,6125,31,D,RX,CC,F
14:42:43,INDF,RG,6125,13,D,RX,BK,F
14:42:43,INDF,RG,6125,30,D,RX,CC,F
14:42:43,INDF,RG,6125,15,D,RX,BK,F
14:42:43,INDF,RG,6125,29,D,RX,CC,F
14:42:43,INDF,RG,6125,44,D,RX,YP,D
14:42:43,INDF,RG,6125,20,D,RX,CC,F
14:42:43,INDF,RG,6125,13,D,RX,BK,F
14:42:43,INDF,RG,6125,25,D,RX,CC,F
14:42:43,INDF,RG,6125,5,D,RX,BB,D
14:42:43,INDF,RG,6125,26,D,RX,CC,F
14:42:43,INDF,RG,6125,2,D,RX,BB,D
14:42:43,INDF,RG,6125,26,D,RX,CC,F
14:42:43,INDF,RG,6125,13,D,RX,BK,F
14:42:43,INDF,RG,6125,1,D,RX,AK,F
14:42:43,INDF,RG,6125,31,D,RX,CC,F
14:42:43,INDF,RG,6125,29,D,RX,CC,F
14:42:43,INDF,RG,6125,53,D,RX,ZP,F
14:42:43,INDF,RG,6125,35,D,RX,AK,F
14:42:43,INDF,RG,6125,11,D,RX,BK,F
14:42:43,INDF,RG,6125,8,D,RX,CC,D
14:42:43,INDF,RG,6125,11,D,RX,BK,F
14:42:43,INDF,RG,6125,50,D,RX,GR,D
14:42:43,INDF,RG,6125,1,D,RX,AK,F
14:42:43,INDF,RG,6125,12,D,RX,BK,F
14:42:43,INDF,RG,6125,2,D,RX,NI,D
14:42:43,INDF,RG,6125,1,D,RX,PD,D
14:42:43,INDF,RG,6125,2,D,RX,ZP,F
14:42:43,INDF,RG,6125,20,D,RX,DX,D
14:42:43,INDF,RG,6125,5,D,RX,YP,D
14:42:43,INDF,RG,6125,10,D,RX,AG,D
14:42:43,INDF,RG,6125,1,D,RX,LG,D
14:42:43,INDF,RG,6125,1,D,RX,ZP,F
14:42:43,INDF,RG,6125,14,D,RX,IP,D
14:42:43,INDF,RG,6125,132,D,RX,IP,D
14:42:43,INDF,RG,6125,1,D,RX,KK,D
14:42:43,INDF,RG,6125,61,D,RX,IP,D
14:42:43,INDF,RG,6125,104,D,RX,IP,D
14:42:43,INDF,RG,6125,165,D,RX,IP,D
14:42:43,INDF,RG,6125,10,D,RX,CC,D
14:42:43,INDF,RG,6125,4,D,RX,PD,D
14:42:43,INDF,RG,6125,2,D,RX,XC,D
14:42:43,INDF,RG,6125,10,D,RX,CC,D
14:42:43,INDF,RG,6125,10,D,RX,CC,D
14:42:43,INDF,RG,6125,5,D,RX,PD,D
14:42:43,INDF,RG,6125,25,D,RX,BQ,D
14:42:43,INDF,RG,6125,100,D,RX,BQ,D
14:42:43,INDF,RG,6125,20,D,RX,ID,D
14:42:43,INDF,RG,6125,579,D,RX,AG,D
14:42:40,INDF,RG,6100,33,D,RX,ZP,F
14:42:39,INDF,RG,6100,20,D,RX,BB,D
14:42:35,INDF,RG,6100,11,D,RX,BK,F
14:42:29,INDF,RG,6100,5,D,RX,YP,D
14:42:02,INDF,RG,6100,28,D,RX,BB,D
14:41:59,INDF,RG,6100,100,D,RX,NI,D
14:41:58,INDF,RG,6100,27,D,RX,CC,F
14:41:50,INDF,RG,6100,10,D,RX,BK,F
14:41:46,INDF,RG,6100,17,D,RX,BB,D
14:41:45,INDF,RG,6100,1,D,RX,AK,F
14:41:23,INDF,RG,6100,2,D,RX,CC,D
14:41:07,INDF,RG,6100,2,D,RX,CC,F
14:41:00,INDF,RG,6100,20,D,RX,BB,D
14:40:57,INDF,RG,6100,29,D,RX,BB,D
14:40:53,INDF,RG,6100,50,D,RX,BQ,D
14:40:49,INDF,RG,6100,150,D,RX,BQ,D
14:40:07,INDF,RG,6100,17,D,RX,BB,D
14:39:53,INDF,RG,6100,34,D,RX,BB,D
14:39:20,INDF,RG,6100,18,D,RX,BB,D
14:39:14,INDF,RG,6100,71,D,RX,CC,F
14:39:09,INDF,RG,6100,17,D,RX,KK,D
14:39:09,INDF,RG,6100,1,D,RX,NI,D
14:38:59,INDF,RG,6100,20,D,RX,BQ,D
14:38:55,INDF,RG,6100,100,D,RX,BQ,D
14:38:45,INDF,RG,6100,1,D,RX,AK,F
14:38:37,INDF,RG,6100,17,D,RX,BB,D
14:38:32,INDF,RG,6100,18,D,RX,BB,D
14:38:29,INDF,RG,6100,44,D,RX,CC,F
14:38:01,INDF,RG,6100,60,D,RX,CC,F
14:37:44,INDF,RG,6100,16,D,RX,BB,D
14:37:16,INDF,RG,6100,40,D,RX,CC,F
14:36:30,INDF,RG,6100,25,D,RX,CC,F
14:36:17,INDF,RG,6125,1,D,XC,AG,D
14:35:50,INDF,RG,6100,1,D,RX,CC,F
14:35:08,INDF,RG,6125,4,D,YU,AG,D
14:34:56,INDF,RG,6125,10,D,PD,AG,D
14:34:52,INDF,RG,6125,1,D,OD,AG,D
14:34:27,INDF,RG,6100,10,D,RX,YP,D
14:34:27,INDF,RG,6100,22,D,RX,DP,D
14:34:27,INDF,RG,6100,1,D,RX,PD,D
14:34:27,INDF,RG,6100,40,D,RX,CC,D
14:34:27,INDF,RG,6100,10,D,RX,PD,D
14:34:27,INDF,RG,6100,15,D,RX,CC,F
14:34:27,INDF,RG,6100,1,D,RX,NI,D
14:34:27,INDF,RG,6100,1,D,RX,PD,D
14:34:27,INDF,RG,6100,2,D,RX,CC,D
14:34:27,INDF,RG,6100,1,D,RX,CC,D
14:34:27,INDF,RG,6100,48,D,RX,CC,F
14:34:27,INDF,RG,6100,17,D,RX,CC,F
14:34:27,INDF,RG,6100,22,D,RX,DP,D
14:34:27,INDF,RG,6100,1,D,RX,PD,D
14:34:27,INDF,RG,6100,26,D,RX,CC,F
14:34:27,INDF,RG,6100,10,D,RX,BK,F
14:34:27,INDF,RG,6100,39,D,RX,ZP,F
14:34:27,INDF,RG,6100,78,D,RX,AO,D
14:34:26,INDF,RG,6100,5,D,YP,AO,D
14:34:21,INDF,RG,6100,100,D,YP,AO,D
14:34:07,INDF,RG,6100,1,D,PD,AO,D
14:33:56,INDF,RG,6100,2,D,PD,AO,D
14:33:50,INDF,RG,6075,11,D,YP,CC,F
14:33:50,INDF,RG,6075,13,D,SQ,CC,F
14:33:50,INDF,RG,6100,33,D,YP,AO,D
14:33:38,INDF,RG,6100,30,D,DR,AO,D
14:33:31,INDF,RG,6100,20,D,NI,AO,D
14:33:22,INDF,RG,6100,10,D,GR,AO,D
14:33:16,INDF,RG,6100,20,D,AZ,AO,D
14:33:10,INDF,RG,6075,3,D,SQ,CC,F
14:33:10,INDF,RG,6075,1,D,CC,CC,F
14:33:10,INDF,RG,6075,3,D,PD,CC,F
14:33:07,INDF,RG,6100,5,D,CC,AO,D
14:32:59,INDF,RG,6075,2,D,PD,CC,F
14:32:59,INDF,RG,6075,25,D,OD,CC,F
14:32:59,INDF,RG,6075,50,D,SQ,CC,F
14:32:59,INDF,RG,6075,4,D,OD,CC,F
14:32:49,INDF,RG,6100,2,D,LG,AO,D
14:32:20,INDF,RG,6100,5,D,NI,AO,D
14:32:17,INDF,RG,6100,2,D,YP,AO,D
14:32:17,INDF,RG,6100,1,D,PD,AO,D
14:32:17,INDF,RG,6100,50,D,PD,AO,D
14:32:17,INDF,RG,6100,17,D,SQ,AO,D
14:32:17,INDF,RG,6100,1,D,KK,AO,D
14:32:17,INDF,RG,6100,25,D,ID,AO,D
14:32:17,INDF,RG,6100,5,D,DR,AO,D
14:32:17,INDF,RG,6100,1,D,NI,AO,D
14:32:17,INDF,RG,6100,24,D,PD,AO,D
14:32:17,INDF,RG,6100,1,D,DR,AO,D
14:32:17,INDF,RG,6100,4,D,DR,AO,D
14:32:17,INDF,RG,6100,100,D,KK,AO,D
14:32:17,INDF,RG,6100,1,D,PD,AO,D
14:32:17,INDF,RG,6100,1,D,ZP,AO,D
14:32:17,INDF,RG,6100,2,D,DR,AO,D
14:32:17,INDF,RG,6100,3,D,DH,AO,D
14:32:17,INDF,RG,6100,53,D,YJ,AO,D
14:32:17,INDF,RG,6100,12,F,BK,AO,D
14:32:17,INDF,RG,6100,46,F,AK,AO,D
14:32:17,INDF,RG,6100,340,F,BK,AO,D
14:32:10,INDF,RG,6100,1,F,BK,CC,F
14:31:40,INDF,RG,6100,8,F,BK,YP,D
14:31:20,INDF,RG,6100,25,F,BK,BQ,D
14:31:17,INDF,RG,6100,100,F,BK,BQ,D
14:31:12,INDF,RG,6100,30,F,BK,BQ,D
14:31:09,INDF,RG,6100,96,F,BK,BQ,D
14:31:09,INDF,RG,6100,1,D,PD,BQ,D
14:31:09,INDF,RG,6100,3,D,DR,BQ,D
14:30:41,INDF,RG,6125,10,D,CC,AG,D
14:30:24,INDF,RG,6125,11,F,BK,AG,D
14:30:19,INDF,RG,6100,1,F,BK,BB,D
14:30:19,INDF,RG,6100,2,F,BK,BB,D
14:30:13,INDF,RG,6100,3,F,BK,BB,D
14:30:13,INDF,RG,6100,3,F,BK,BB,D
14:30:11,INDF,RG,6100,4,D,GR,BB,D
14:30:11,INDF,RG,6100,1,D,GR,CC,F
14:30:10,INDF,RG,6100,40,D,CC,CC,F
14:30:10,INDF,RG,6100,15,D,CC,BB,D
14:30:10,INDF,RG,6100,48,D,CC,CC,D
14:30:10,INDF,RG,6100,47,D,CC,AK,F
14:30:05,INDF,RG,6100,1,D,LS,AK,F
14:29:58,INDF,RG,6100,3,D,PD,AK,F
14:29:53,INDF,RG,6100,10,F,BK,BB,D
14:29:48,INDF,RG,6100,26,F,BK,BB,D
14:29:42,INDF,RG,6100,72,F,BK,BB,D
14:29:42,INDF,RG,6100,82,F,BK,BB,D
14:29:42,INDF,RG,6100,4,F,ZP,BB,D
14:29:42,INDF,RG,6100,5,F,ZP,BB,D
14:29:42,INDF,RG,6100,5,F,ZP,BB,D
14:29:42,INDF,RG,6100,31,F,AK,BB,D
14:29:42,INDF,RG,6100,12,F,BK,BB,D
14:29:41,INDF,RG,6100,12,D,RX,BB,D
14:29:41,INDF,RG,6100,38,D,RX,AK,F
14:29:41,INDF,RG,6100,65,D,RX,BB,D
14:29:41,INDF,RG,6100,151,D,RX,BB,D
14:29:41,INDF,RG,6100,29,D,RX,CC,F
14:29:41,INDF,RG,6100,15,D,RX,BK,F
14:29:41,INDF,RG,6100,17,D,RX,CC,F
14:29:41,INDF,RG,6100,15,D,RX,CC,F
14:29:41,INDF,RG,6100,13,D,RX,CC,F
14:29:41,INDF,RG,6100,14,D,RX,BK,F
14:29:41,INDF,RG,6100,18,D,RX,CC,F
14:29:41,INDF,RG,6100,11,D,RX,CC,F
14:29:41,INDF,RG,6100,12,D,RX,CC,F
14:29:41,INDF,RG,6100,16,D,RX,BK,F
14:29:41,INDF,RG,6100,100,D,RX,KK,D
14:29:41,INDF,RG,6100,3,D,RX,CC,D
14:29:41,INDF,RG,6100,2,D,RX,CC,D
14:29:41,INDF,RG,6100,143,D,RX,BB,D
14:29:41,INDF,RG,6100,142,D,RX,BB,D
14:29:41,INDF,RG,6100,4,D,RX,YU,D
14:29:41,INDF,RG,6100,1,D,RX,CC,D
14:29:41,INDF,RG,6100,41,D,RX,DP,D
14:29:41,INDF,RG,6100,112,D,RX,ZP,F
14:29:41,INDF,RG,6100,35,D,RX,AK,F
14:29:41,INDF,RG,6100,1,D,RX,AK,F
14:29:41,INDF,RG,6100,20,D,RX,KK,D
14:29:41,INDF,RG,6100,13,D,RX,BK,F
14:29:41,INDF,RG,6100,32,D,RX,CC,F
14:29:41,INDF,RG,6100,1,D,RX,DH,D
14:29:41,INDF,RG,6100,1,D,RX,KK,D
14:29:41,INDF,RG,6100,13,D,RX,CC,F
14:29:41,INDF,RG,6100,13,D,RX,BK,F
14:29:41,INDF,RG,6100,15,D,RX,BQ,D
14:29:41,INDF,RG,6100,50,D,RX,BQ,D
14:29:41,INDF,RG,6100,13,D,RX,BK,F
14:29:41,INDF,RG,6100,11,D,RX,CC,F
14:29:41,INDF,RG,6100,56,D,RX,AK,F
14:29:41,INDF,RG,6100,122,D,RX,BB,D
14:29:41,INDF,RG,6100,121,D,RX,BB,D
14:29:41,INDF,RG,6100,9,D,RX,LS,D
14:29:02,INDF,RG,6100,5,F,ZP,LS,D
14:28:56,INDF,RG,6075,5,D,OD,DP,D
14:28:48,INDF,RG,6075,2,D,OD,SQ,D
14:28:47,INDF,RG,6075,9,D,OD,CC,F
14:28:45,INDF,RG,6075,1,D,OD,AK,F
14:28:24,INDF,RG,6075,4,D,OD,CC,F
14:28:24,INDF,RG,6075,1,D,CC,CC,F
14:28:24,INDF,RG,6075,1,D,PD,CC,F
14:28:24,INDF,RG,6075,18,D,CC,CC,F
14:28:19,INDF,RG,6075,2,D,CC,PD,D
14:28:19,INDF,RG,6075,8,D,CC,PD,D
14:27:30,INDF,RG,6075,2,D,CC,CC,F
14:27:30,INDF,RG,6075,1,D,PD,CC,F
14:27:30,INDF,RG,6075,10,D,PD,CC,F
14:27:30,INDF,RG,6075,1,D,KK,CC,F
14:27:30,INDF,RG,6075,1,D,PD,CC,F
14:26:58,INDF,RG,6100,3,D,PD,LS,D
14:26:56,INDF,RG,6075,2,D,KK,CC,F
14:26:56,INDF,RG,6075,9,D,TP,CC,F
14:26:54,INDF,RG,6100,1,D,PD,LS,D
14:26:04,INDF,RG,6075,6,D,TP,CC,F
14:26:04,INDF,RG,6075,5,D,NI,CC,F
14:26:04,INDF,RG,6075,2,D,SQ,CC,F
14:26:04,INDF,RG,6075,1,D,PD,CC,F
14:26:04,INDF,RG,6075,3,D,SQ,CC,F
14:26:04,INDF,RG,6075,1,D,NI,CC,F
14:26:04,INDF,RG,6075,1,D,PD,CC,F
14:26:04,INDF,RG,6075,3,D,XC,CC,F
14:26:04,INDF,RG,6075,1,D,PD,CC,F
14:26:04,INDF,RG,6075,21,D,IH,CC,F
14:26:00,INDF,RG,6075,4,D,IH,AK,F
14:26:00,INDF,RG,6075,1,D,CC,AK,F
14:26:00,INDF,RG,6075,1,D,YP,AK,F
14:26:00,INDF,RG,6075,50,D,SQ,AK,F
14:26:00,INDF,RG,6075,15,D,SQ,AK,F
14:26:00,INDF,RG,6075,10,D,CC,AK,F
14:26:00,INDF,RG,6075,1,D,PD,AK,F
14:26:00,INDF,RG,6075,48,D,KK,AK,F
14:25:55,INDF,RG,6100,22,D,PD,LS,D
14:25:55,INDF,RG,6100,20,D,PD,CC,D
14:25:55,INDF,RG,6100,2,D,PD,YP,D
14:25:55,INDF,RG,6100,6,D,PD,BB,D
14:25:28,INDF,RG,6075,2,D,KK,CC,F
14:25:28,INDF,RG,6075,5,D,YP,CC,F
14:25:28,INDF,RG,6075,1,D,PD,CC,F
14:25:28,INDF,RG,6075,5,D,CC,CC,F
14:25:28,INDF,RG,6075,2,D,PD,CC,F
14:25:28,INDF,RG,6075,1,D,PD,CC,F
14:25:28,INDF,RG,6075,4,D,PD,CC,F
14:25:28,INDF,RG,6075,2,D,SQ,CC,F
14:25:28,INDF,RG,6075,1,D,XC,CC,F
14:25:25,INDF,RG,6100,100,D,RO,BB,D
14:25:25,INDF,RG,6100,8,D,PD,BB,D
14:25:17,INDF,RG,6100,1,D,PD,BB,D
14:25:17,INDF,RG,6075,5,D,NI,DP,D
14:25:17,INDF,RG,6100,46,F,AK,BB,D
14:25:17,INDF,RG,6100,12,F,AK,BK,F
14:25:17,INDF,RG,6100,88,F,AK,ZP,F
14:25:17,INDF,RG,6100,25,F,AK,BB,D
14:25:17,INDF,RG,6100,41,F,AK,DP,D
14:25:17,INDF,RG,6100,110,F,AK,PD,D
14:25:17,INDF,RG,6100,1,F,AK,BK,F
14:25:17,INDF,RG,6100,12,F,AK,BK,F
14:25:17,INDF,RG,6100,1,F,AK,PD,D
14:25:17,INDF,RG,6100,6,F,AK,LS,D
14:25:13,INDF,RG,6100,1,D,YP,BK,F
14:25:11,INDF,RG,6100,1,D,PD,BK,F
14:25:10,INDF,RG,6075,5,D,NI,CC,F
14:25:10,INDF,RG,6075,1,D,PD,CC,F
14:25:10,INDF,RG,6075,5,D,PD,CC,F
14:25:10,INDF,RG,6075,1,D,LG,CC,F
14:25:10,INDF,RG,6075,1,D,CC,CC,F
14:25:10,INDF,RG,6075,4,D,CC,CC,F
14:25:09,INDF,RG,6100,1,D,DR,BK,F
14:24:57,INDF,RG,6100,9,F,BK,BK,F
14:24:57,INDF,RG,6100,2,F,BK,BK,F
14:24:48,INDF,RG,6075,6,D,CC,CC,F
14:24:48,INDF,RG,6075,1,D,ZP,CC,F
14:24:34,INDF,RG,6075,2,D,YP,CC,D
14:24:27,INDF,RG,6075,6,D,YP,CC,F
14:24:27,INDF,RG,6075,1,D,NI,CC,F
14:24:27,INDF,RG,6075,1,D,PD,CC,F
14:24:27,INDF,RG,6075,1,D,YP,CC,F
14:24:27,INDF,RG,6075,1,D,OD,CC,F
14:24:15,INDF,RG,6100,9,D,GR,BK,F
14:24:15,INDF,RG,6100,7,D,GR,ZP,F
14:24:09,INDF,RG,6100,1,D,PD,ZP,F
14:24:07,INDF,RG,6075,4,D,OD,BK,F
14:24:07,INDF,RG,6075,8,D,YP,BK,F
14:24:04,INDF,RG,6075,1,D,YP,CC,D
14:23:56,INDF,RG,6075,21,D,YP,CC,F
14:23:26,INDF,RG,6075,4,D,YP,BB,D
14:23:21,INDF,RG,6075,12,D,YP,CC,F
14:23:00,INDF,RG,6075,37,D,YP,CC,F
14:22:57,INDF,RG,6100,25,D,YU,ZP,F
14:22:57,INDF,RG,6100,15,D,YU,BQ,D
14:22:57,INDF,RG,6100,10,D,YU,AK,F
14:22:38,INDF,RG,6075,12,D,YP,BK,F
14:22:33,INDF,RG,6075,5,D,YP,CC,F
14:22:33,INDF,RG,6075,1,D,PD,CC,F
14:22:33,INDF,RG,6075,5,D,PD,CC,F
14:22:33,INDF,RG,6075,1,D,PC,CC,F
14:22:33,INDF,RG,6075,10,D,YP,CC,F
14:22:26,INDF,RG,6100,2,D,OD,AK,F
14:22:25,INDF,RG,6075,4,D,DH,BB,D
14:22:25,INDF,RG,6075,5,D,LG,BB,D
14:22:25,INDF,RG,6075,1,D,CC,BB,D
14:22:25,INDF,RG,6075,1,D,YB,BB,D
14:22:25,INDF,RG,6075,16,D,RX,BB,D
14:22:20,INDF,RG,6100,1,D,DR,AK,F
14:22:17,INDF,RG,6075,76,D,RX,CC,F
14:21:45,INDF,RG,6100,10,D,KK,AK,F
14:21:41,INDF,RG,6100,1,D,XC,AK,F
14:21:32,INDF,RG,6100,1,D,PD,AK,F
14:21:26,INDF,RG,6100,1,D,XC,AK,F
14:21:18,INDF,RG,6100,1,D,KK,AK,F
14:21:18,INDF,RG,6100,1,D,KK,BQ,D
14:21:15,INDF,RG,6075,26,D,RX,CC,F
14:21:14,INDF,RG,6075,11,D,RX,BK,F
14:20:51,INDF,RG,6075,15,D,RX,PD,D
14:20:48,INDF,RG,6100,5,F,ZP,BQ,D
14:20:32,INDF,RG,6075,8,D,RX,CC,F
14:20:24,INDF,RG,6100,2,D,XC,BQ,D
14:20:09,INDF,RG,6075,20,D,RX,CC,F
14:19:58,INDF,RG,6100,2,D,CC,BQ,D
14:19:55,INDF,RG,6075,1,D,RX,YP,D
14:19:50,INDF,RG,6075,48,D,RX,CC,F
14:19:40,INDF,RG,6100,15,D,YP,BQ,D
14:19:28,INDF,RG,6100,25,D,GR,BQ,D
14:19:28,INDF,RG,6100,11,D,GR,BK,F
14:19:28,INDF,RG,6100,14,D,GR,GR,D
14:19:22,INDF,RG,6075,61,D,RX,CC,F
14:19:01,INDF,RG,6100,1,D,KK,GR,D
14:18:49,INDF,RG,6075,68,D,RX,CC,F
14:18:26,INDF,RG,6075,11,D,RX,BK,F
14:18:18,INDF,RG,6100,2,D,CC,GR,D
14:18:16,INDF,RG,6075,40,D,RX,CC,F
14:18:05,INDF,RG,6100,11,F,BK,GR,D
14:18:00,INDF,RG,6075,1,D,RX,AK,F
14:17:52,INDF,RG,6100,2,D,PD,GR,D
14:17:49,INDF,RG,6075,1,D,RX,CC,F
14:16:56,INDF,RG,6075,2,D,RX,PD,D
14:16:48,INDF,RG,6075,2,D,RX,CC,D
14:16:47,INDF,RG,6100,5,D,RO,GR,D
14:16:08,INDF,RG,6075,1,D,RX,CC,D
14:16:04,INDF,RG,6100,15,D,KK,GR,D
14:16:04,INDF,RG,6100,2,D,KK,PD,D
14:16:04,INDF,RG,6100,12,D,KK,BK,F
14:16:04,INDF,RG,6100,3,D,KK,YP,D
14:16:04,INDF,RG,6100,68,D,KK,CC,F
14:15:38,INDF,RG,6075,11,D,RX,CC,F
14:15:31,INDF,RG,6100,2,D,DR,CC,F
14:15:31,INDF,RG,6100,4,D,DR,AT,D
14:15:30,INDF,RG,6075,11,D,RX,BK,F
14:15:25,INDF,RG,6075,30,D,RX,CC,F
14:15:06,INDF,RG,6100,1,D,SQ,AT,D
14:15:06,INDF,RG,6100,4,D,SQ,BQ,D
14:15:05,INDF,RG,6100,2,D,BQ,BQ,D
14:14:43,INDF,RG,6100,2,D,PD,BQ,D
14:14:33,INDF,RG,6075,5,D,RX,CC,F
14:14:06,INDF,RG,6075,28,D,RX,CC,F
14:13:37,INDF,RG,6100,2,D,AI,BQ,D
14:13:37,INDF,RG,6100,48,D,AI,BQ,D
14:13:17,INDF,RG,6075,13,D,RX,CC,F
14:12:53,INDF,RG,6075,12,D,RX,CC,F
14:12:45,INDF,RG,6075,1,D,RX,AK,F
14:12:43,INDF,RG,6100,2,D,YP,BQ,D
14:12:43,INDF,RG,6100,8,D,YP,BK,F
14:12:34,INDF,RG,6100,4,D,KK,BK,F
14:12:34,INDF,RG,6100,6,D,KK,BB,D
14:12:23,INDF,RG,6075,11,D,RX,BK,F
14:12:23,INDF,RG,6075,7,D,RX,CC,F
14:12:20,INDF,RG,6100,1,D,DR,BB,D
14:12:06,INDF,RG,6075,26,D,RX,CC,F
14:11:27,INDF,RG,6075,34,D,RX,CC,F
14:10:45,INDF,RG,6075,12,D,RX,BK,F
14:10:44,INDF,RG,6075,38,D,RX,CC,F
14:10:43,INDF,RG,6100,3,D,PD,BB,D
14:10:25,INDF,RG,6075,1,D,RX,XC,D
14:10:23,INDF,RG,6100,12,F,BK,BB,D
14:10:21,INDF,RG,6100,9,D,NI,BB,D
14:10:21,INDF,RG,6100,1,D,NI,BB,D
14:10:18,INDF,RG,6075,32,D,RX,BB,D
14:10:02,INDF,RG,6075,6,D,RX,CC,F
14:09:46,INDF,RG,6075,4,D,RX,CC,F
14:09:45,INDF,RG,6075,10,D,RX,CC,D
14:09:44,INDF,RG,6100,10,D,AF,BB,D
14:09:44,INDF,RG,6100,20,D,AF,ZP,F
14:09:32,INDF,RG,6075,8,D,RX,CC,F
14:09:19,INDF,RG,6075,35,D,RX,BB,D
14:09:17,INDF,RG,6075,88,D,RX,AK,F
14:09:15,INDF,RG,6075,11,D,RX,BK,F
14:09:02,INDF,RG,6075,15,D,RX,CC,F
14:08:57,INDF,RG,6100,5,D,YP,ZP,F
14:08:51,INDF,RG,6075,33,D,RX,BB,D
14:08:42,INDF,RG,6075,3,D,RX,CC,D
14:08:37,INDF,RG,6075,14,D,RX,CC,F
14:08:34,INDF,RG,6100,2,D,PD,ZP,F
14:08:34,INDF,RG,6100,3,D,PD,AT,D
14:08:15,INDF,RG,6075,1,D,RX,AK,F
14:08:13,INDF,RG,6075,16,D,RX,CC,F
14:07:51,INDF,RG,6075,33,D,RX,BB,D
14:07:44,INDF,RG,6100,1,D,PD,AT,D
14:07:44,INDF,RG,6075,11,D,RX,BK,F
14:07:43,INDF,RG,6100,5,D,SQ,AT,D
14:07:35,INDF,RG,6100,2,D,LG,AT,D
14:07:24,INDF,RG,6100,20,D,XC,AT,D
14:07:23,INDF,RG,6075,34,D,RX,BB,D
14:07:22,INDF,RG,6100,1,D,NI,AT,D
14:07:18,INDF,RG,6075,9,D,RX,CC,F
14:07:17,INDF,RG,6100,8,D,XC,AT,D
14:07:04,INDF,RG,6100,1,D,DR,AT,D
14:06:56,INDF,RG,6075,45,D,RX,CC,F
14:06:44,INDF,RG,6100,10,D,YP,AT,D
14:06:42,INDF,RG,6100,1,D,XC,AT,D
14:06:41,INDF,RG,6100,2,D,XC,AT,D
14:06:34,INDF,RG,6100,10,D,YP,AT,D
14:06:28,INDF,RG,6075,35,D,RX,BB,D
14:06:21,INDF,RG,6075,49,D,RX,CC,F
14:06:10,INDF,RG,6075,11,D,RX,BK,F
14:05:51,INDF,RG,6075,31,D,RX,BB,D
14:05:33,INDF,RG,6075,15,D,RX,CC,F
14:05:14,INDF,RG,6075,14,D,RX,CC,F
14:04:59,INDF,RG,6075,34,D,RX,BB,D
14:04:59,INDF,RG,6075,59,D,RX,CC,F
14:04:49,INDF,RG,6075,10,D,RX,BK,F
14:04:37,INDF,RG,6075,53,D,RX,CC,F
14:04:37,INDF,RG,6100,1,D,CC,AT,D
14:04:28,INDF,RG,6075,34,D,RX,BB,D
14:04:17,INDF,RG,6075,64,D,RX,CC,F
14:04:04,INDF,RG,6100,8,D,XC,AT,D
14:03:51,INDF,RG,6075,1,D,RX,CC,D
14:03:45,INDF,RG,6075,34,D,RX,CC,F
14:03:45,INDF,RG,6075,32,D,DR,CC,F
14:03:34,INDF,RG,6075,18,D,DR,BB,D
14:03:34,INDF,RG,6075,18,D,YU,BB,D
14:03:02,INDF,RG,6100,1,D,XC,AT,D
14:02:56,INDF,RG,6075,34,D,YU,BB,D
14:02:48,INDF,RG,6075,48,D,YU,CC,F
14:02:48,INDF,RG,6075,5,D,PD,CC,F
14:02:48,INDF,RG,6075,5,D,YP,CC,F
14:02:48,INDF,RG,6075,3,F,ZP,CC,F
14:02:42,INDF,RG,6075,1,F,ZP,NI,D
14:02:30,INDF,RG,6075,1,F,ZP,AK,F
14:02:04,INDF,RG,6075,1,F,ZP,BB,D
14:02:04,INDF,RG,6075,1,D,NI,BB,D
14:02:04,INDF,RG,6075,1,D,NI,BB,D
14:02:04,INDF,RG,6075,1,D,NI,BB,D
14:02:04,INDF,RG,6075,5,D,YP,BB,D
14:02:04,INDF,RG,6075,1,D,YP,BB,D
14:02:04,INDF,RG,6075,1,D,YP,BB,D
14:02:04,INDF,RG,6075,1,D,YP,BB,D
14:02:04,INDF,RG,6075,24,D,YP,BB,D
14:01:47,INDF,RG,6075,26,D,YP,CC,F
14:01:47,INDF,RG,6075,1,F,YP,CC,F
14:01:47,INDF,RG,6075,17,D,YP,CC,F
14:01:24,INDF,RG,6075,3,D,YP,BB,D
14:01:24,INDF,RG,6075,10,D,YP,BB,D
14:01:24,INDF,RG,6075,19,D,YP,BB,D
14:01:15,INDF,RG,6075,11,D,YP,CC,F
14:01:15,INDF,RG,6075,10,D,OD,CC,F
14:01:15,INDF,RG,6075,5,D,CC,CC,F
14:01:15,INDF,RG,6075,2,D,XC,CC,F
14:01:15,INDF,RG,6075,5,D,PD,CC,F
14:01:15,INDF,RG,6075,1,D,PD,CC,F
14:01:15,INDF,RG,6075,1,D,SQ,CC,F
14:01:15,INDF,RG,6075,1,D,PD,CC,F
14:01:15,INDF,RG,6075,5,D,SQ,CC,F
14:01:15,INDF,RG,6075,13,D,CC,CC,F
14:00:33,INDF,RG,6075,22,D,CC,BB,D
14:00:33,INDF,RG,6075,1,D,PD,BB,D
14:00:33,INDF,RG,6075,5,D,SQ,BB,D
14:00:33,INDF,RG,6075,1,D,XC,BB,D
14:00:33,INDF,RG,6075,1,D,XC,BB,D
14:00:33,INDF,RG,6075,1,D,PD,BB,D
14:00:33,INDF,RG,6075,2,D,XC,BB,D
14:00:33,INDF,RG,6075,2,D,PD,BB,D
14:00:33,INDF,RG,6075,3,D,PD,BB,D
14:00:31,INDF,RG,6075,2,D,PD,CC,D
14:00:30,INDF,RG,6075,39,D,PD,CC,F
13:59:56,INDF,RG,6075,6,D,PD,BB,D
13:59:56,INDF,RG,6075,28,D,PD,BB,D
13:59:45,INDF,RG,6075,2,D,PD,CC,F
13:59:45,INDF,RG,6075,1,D,PD,CC,F
13:59:45,INDF,RG,6075,4,D,CC,CC,F
13:59:41,INDF,RG,6075,5,D,CC,YP,D
13:59:29,INDF,RG,6075,1,D,CC,CC,F
13:59:29,INDF,RG,6075,1,D,EP,CC,F
13:59:29,INDF,RG,6075,1,D,PD,CC,F
13:59:29,INDF,RG,6075,2,D,PD,CC,F
13:59:29,INDF,RG,6075,4,D,PD,CC,F
13:59:29,INDF,RG,6100,100,D,BQ,AT,D
13:59:09,INDF,RG,6075,23,D,PD,CC,F
13:59:08,INDF,RG,6100,50,D,KK,AT,D
13:59:03,INDF,RG,6100,5,D,YB,AT,D
13:58:59,INDF,RG,6075,21,D,PD,BB,D
13:58:59,INDF,RG,6075,1,D,PD,BB,D
13:58:59,INDF,RG,6075,1,D,PD,BB,D
13:58:59,INDF,RG,6075,1,D,AT,BB,D
13:58:59,INDF,RG,6075,4,D,PD,BB,D
13:58:59,INDF,RG,6075,1,D,PD,BB,D
13:58:59,INDF,RG,6075,3,D,PD,BB,D
13:58:34,INDF,RG,6075,13,D,PD,CC,F
13:58:26,INDF,RG,6075,4,D,PD,BB,D
13:58:26,INDF,RG,6075,1,D,DR,BB,D
13:58:26,INDF,RG,6075,1,D,AT,BB,D
13:58:26,INDF,RG,6075,5,D,PD,BB,D
13:58:26,INDF,RG,6075,3,D,PD,BB,D
13:58:26,INDF,RG,6075,18,D,PD,BB,D
13:58:17,INDF,RG,6075,7,D,PD,CC,F
13:58:17,INDF,RG,6075,5,D,PD,CC,F
13:58:17,INDF,RG,6075,5,D,PD,CC,F
13:58:17,INDF,RG,6075,1,D,PD,CC,F
13:58:17,INDF,RG,6075,2,D,PD,CC,F
13:58:17,INDF,RG,6075,7,D,GR,CC,F
13:58:10,INDF,RG,6100,7,D,DH,AT,D
13:57:47,INDF,RG,6100,1,D,NI,AT,D
13:57:45,INDF,RG,6075,20,D,GR,CC,F
13:57:37,INDF,RG,6075,23,D,GR,BB,D
13:57:37,INDF,RG,6075,12,D,GR,BB,D
13:57:30,INDF,RG,6075,1,D,GR,AK,F
13:57:23,INDF,RG,6075,12,D,GR,CC,F
13:57:23,INDF,RG,6075,4,D,PD,CC,F
13:57:23,INDF,RG,6075,1,D,KK,CC,F
13:57:23,INDF,RG,6075,2,D,KK,CC,F
13:57:23,INDF,RG,6075,49,D,AZ,CC,F
13:57:00,INDF,RG,6100,10,D,AF,AT,D
13:56:58,INDF,RG,6075,32,D,AZ,BB,D
13:56:38,INDF,RG,6100,1,D,EP,AT,D
13:56:34,INDF,RG,6100,1,D,PD,AT,D
13:56:25,INDF,RG,6100,20,D,NI,AT,D
13:56:22,INDF,RG,6075,14,D,AZ,CC,F
13:56:22,INDF,RG,6075,3,D,AZ,CC,F
13:56:22,INDF,RG,6075,1,D,PD,CC,F
13:56:22,INDF,RG,6075,10,D,AZ,CC,F
13:56:22,INDF,RG,6075,1,D,DR,CC,F
13:56:22,INDF,RG,6075,1,D,PD,CC,F
13:56:10,INDF,RG,6075,2,D,PD,BB,D
13:56:10,INDF,RG,6075,8,D,KK,BB,D
13:56:10,INDF,RG,6075,2,D,KK,BB,D
13:56:10,INDF,RG,6075,1,D,KK,BB,D
13:56:10,INDF,RG,6075,8,D,EP,BB,D
13:55:53,INDF,RG,6075,1,D,EP,CC,F
13:55:45,INDF,RG,6100,39,F,AK,AT,D
13:55:45,INDF,RG,6100,25,D,SQ,AT,D
13:55:45,INDF,RG,6100,1,D,XC,AT,D
13:55:45,INDF,RG,6100,666,D,RX,AT,D
13:55:32,INDF,RG,6100,19,D,RX,BB,D
13:54:40,INDF,RG,6100,11,D,RX,BB,D
13:54:15,INDF,RG,6100,1,D,RX,NI,D
13:54:15,INDF,RG,6100,1,D,RX,AK,F
13:54:07,INDF,RG,6100,10,D,RX,BB,D
13:54:04,INDF,RG,6100,20,D,RX,CC,F
13:54:04,INDF,RG,6100,1,D,RX,CC,D
13:54:04,INDF,RG,6100,109,D,RX,CC,F
13:54:04,INDF,RG,6100,67,D,RX,BK,F
13:54:04,INDF,RG,6100,42,D,RX,DP,D
13:54:04,INDF,RG,6100,8,D,RX,BB,D
13:54:04,INDF,RG,6100,8,D,RX,BB,D
13:54:04,INDF,RG,6100,8,D,RX,ZP,F
13:54:04,INDF,RG,6100,29,D,RX,GR,D
13:53:53,INDF,RG,6075,20,D,EP,BB,D
13:53:40,INDF,RG,6075,1,D,EP,XC,D
13:53:37,INDF,RG,6100,1,D,SQ,GR,D
13:53:34,INDF,RG,6075,11,D,EP,BK,F
13:53:32,INDF,RG,6075,22,D,EP,CC,F
13:53:21,INDF,RG,6100,10,D,PD,GR,D
13:53:18,INDF,RG,6075,18,D,EP,BB,D
13:53:12,INDF,RG,6100,3,D,KK,GR,D
13:53:12,INDF,RG,6100,7,D,DR,GR,D
13:53:03,INDF,RG,6100,18,D,DR,BB,D
13:52:41,INDF,RG,6100,20,D,DR,BQ,D
13:52:38,INDF,RG,6100,45,D,DR,BQ,D
13:52:38,INDF,RG,6100,5,F,BK,BQ,D
13:52:37,INDF,RG,6100,14,F,BK,CC,F
13:52:29,INDF,RG,6100,18,F,BK,BB,D
13:52:29,INDF,RG,6100,1,D,XC,BB,D
13:52:29,INDF,RG,6100,1,D,PD,BB,D
13:52:29,INDF,RG,6100,1,D,DR,BB,D
13:52:16,INDF,RG,6100,20,D,DR,BB,D
13:52:15,INDF,RG,6125,1,D,YP,AG,D
13:52:14,INDF,RG,6100,1,D,DR,ZP,F
13:52:14,INDF,RG,6100,2,D,DR,CC,D
13:52:14,INDF,RG,6100,1,D,DR,CC,D
13:52:13,INDF,RG,6100,11,F,BK,AK,F
13:52:13,INDF,RG,6100,1,D,YP,AK,F
13:52:13,INDF,RG,6100,7,F,AK,AK,F
13:52:13,INDF,RG,6100,89,F,AK,BK,F
13:52:13,INDF,RG,6100,3,D,GR,BK,F
13:52:13,INDF,RG,6100,1,D,XC,BK,F
13:52:13,INDF,RG,6100,5,D,SQ,BK,F
13:52:13,INDF,RG,6100,16,D,PD,BK,F
13:52:13,INDF,RG,6100,5,D,PD,BK,F
13:52:13,INDF,RG,6100,1,D,YP,BK,F
13:52:13,INDF,RG,6100,3,D,YP,BK,F
13:52:13,INDF,RG,6100,5,F,ZP,BK,F
13:52:13,INDF,RG,6100,1,D,NI,BK,F
13:52:13,INDF,RG,6100,1,D,XC,BK,F
13:52:13,INDF,RG,6100,110,D,YP,BK,F
13:52:12,INDF,RG,6100,240,D,YP,BK,F
13:52:11,INDF,RG,6100,49,D,YP,ZP,F
13:52:10,INDF,RG,6100,121,D,YP,BK,F
13:52:10,INDF,RG,6100,5,F,ZP,BK,F
13:52:10,INDF,RG,6100,1,D,CC,BK,F
13:52:10,INDF,RG,6100,2,D,PD,BK,F
13:52:10,INDF,RG,6100,10,D,OD,BK,F
13:52:10,INDF,RG,6100,60,D,NI,BK,F
13:52:10,INDF,RG,6100,5,D,GR,BK,F
13:52:10,INDF,RG,6100,25,D,OD,BK,F
13:52:10,INDF,RG,6100,1,D,SQ,BK,F
13:52:10,INDF,RG,6100,10,F,BK,BK,F
13:52:05,INDF,RG,6100,1,F,BK,BK,F
13:52:05,INDF,RG,6100,9,F,AK,BK,F
13:51:52,INDF,RG,6100,6,F,AK,CC,F
13:51:34,INDF,RG,6100,12,F,AK,CC,F
13:51:31,INDF,RG,6100,11,F,AK,BB,D
13:51:31,INDF,RG,6100,8,D,RX,BB,D
13:51:27,INDF,RG,6100,20,D,RX,BB,D
13:50:57,INDF,RG,6100,11,D,RX,CC,F
13:50:54,INDF,RG,6100,5,D,RX,DH,D
13:50:41,INDF,RG,6100,17,D,RX,BB,D
13:50:36,INDF,RG,6100,19,D,RX,BB,D
13:50:28,INDF,RG,6100,11,D,RX,BK,F
13:50:09,INDF,RG,6100,31,D,RX,CC,F
13:50:06,INDF,RG,6100,7,D,RX,PD,D
13:49:58,INDF,RG,6125,1,D,NI,AG,D
13:49:56,INDF,RG,6100,18,D,RX,BB,D
13:49:55,INDF,RG,6125,1,D,XC,AG,D
13:49:49,INDF,RG,6100,20,D,RX,BB,D
13:49:28,INDF,RG,6100,7,D,RX,PD,D
13:49:19,INDF,RG,6100,39,D,RX,CC,F
13:49:15,INDF,RG,6100,1,D,RX,AK,F
13:49:06,INDF,RG,6100,20,D,RX,BB,D
13:48:59,INDF,RG,6100,20,D,RX,BB,D
13:48:45,INDF,RG,6100,4,D,RX,PD,D
13:48:40,INDF,RG,6100,58,D,RX,CC,F
13:48:36,INDF,RG,6100,1,D,RX,AZ,D
13:48:13,INDF,RG,6100,18,D,RX,BB,D
13:48:08,INDF,RG,6100,20,D,RX,BB,D
13:47:55,INDF,RG,6100,22,D,RX,CC,F
13:47:49,INDF,RG,6100,1,D,RX,OD,D
13:47:31,INDF,RG,6100,23,D,RX,CC,F
13:47:24,INDF,RG,6100,21,D,RX,BB,D
13:47:18,INDF,RG,6100,19,D,RX,BB,D
13:47:16,INDF,RG,6100,65,D,RX,ZP,F
13:47:07,INDF,RG,6100,64,D,RX,CC,F
13:46:35,INDF,RG,6100,49,D,RX,CC,F
13:46:29,INDF,RG,6100,20,D,RX,BB,D
13:46:28,INDF,RG,6100,17,D,RX,BB,D
13:46:14,INDF,RG,6100,93,D,RX,CC,F
13:45:41,INDF,RG,6100,19,D,RX,BB,D
13:45:38,INDF,RG,6100,21,D,RX,BB,D
13:45:17,INDF,RG,6100,39,D,RX,CC,F
13:45:15,INDF,RG,6100,1,D,RX,AK,F
13:44:50,INDF,RG,6100,21,D,RX,BB,D
13:44:47,INDF,RG,6100,21,D,RX,BB,D
13:44:47,INDF,RG,6100,4,D,RX,PD,D
13:44:40,INDF,RG,6100,46,D,RX,CC,F
13:43:53,INDF,RG,6100,20,D,RX,BB,D
13:43:53,INDF,RG,6100,18,D,RX,BB,D
13:43:50,INDF,RG,6100,41,D,RX,CC,F
13:43:22,INDF,RG,6075,19,D,EP,CC,F
13:43:22,INDF,RG,6075,1,D,TP,CC,F
13:43:22,INDF,RG,6075,18,D,YU,CC,F
13:43:05,INDF,RG,6075,21,D,YU,BB,D
13:43:03,INDF,RG,6075,18,D,YU,BB,D
13:43:00,INDF,RG,6125,1,D,NI,AG,D
13:42:43,INDF,RG,6075,3,D,YU,CC,F
13:42:43,INDF,RG,6100,10,D,RS,CC,F
13:42:17,INDF,RG,6075,19,D,YU,BB,D
13:42:09,INDF,RG,6075,13,D,YU,BB,D
13:42:09,INDF,RG,6100,1,D,XC,BB,D
13:42:09,INDF,RG,6100,5,D,PD,BB,D
13:42:06,INDF,RG,6100,5,D,PD,CC,F
13:42:06,INDF,RG,6100,1,F,OD,CC,F
13:42:06,INDF,RG,6100,5,D,CC,CC,F
13:42:06,INDF,RG,6100,2,D,EP,CC,F
13:42:06,INDF,RG,6100,6,D,YP,CC,F
13:41:59,INDF,RG,6125,2,D,NI,AG,D
13:41:47,INDF,RG,6100,1,D,YP,SQ,D
13:41:32,INDF,RG,6100,4,D,YP,BB,D
13:41:29,INDF,RG,6100,1,D,YP,AG,D
13:41:29,INDF,RG,6100,5,F,ZP,AG,D
13:41:29,INDF,RG,6100,1,D,PD,AG,D
13:41:29,INDF,RG,6100,3,D,DR,AG,D
13:41:23,INDF,RG,6100,3,D,DR,XC,D
13:41:18,INDF,RG,6100,9,D,DR,BB,D
13:41:16,INDF,RG,6100,15,D,DR,CC,F
13:41:16,INDF,RG,6100,3,D,CC,CC,F
13:40:54,INDF,RG,6100,10,F,BK,BK,F
13:40:54,INDF,RG,6100,19,F,BK,BB,D
13:40:54,INDF,RG,6100,17,F,BK,BB,D
13:40:54,INDF,RG,6100,20,F,BK,DP,D
13:40:52,INDF,RG,6100,1,D,XC,DP,D
13:40:51,INDF,RG,6100,1,D,YP,DP,D
13:40:44,INDF,RG,6075,23,D,YU,CC,F
13:40:41,INDF,RG,6075,20,D,YU,BB,D
13:40:32,INDF,RG,6100,1,D,DX,DP,D
13:40:28,INDF,RG,6100,6,D,PD,DP,D
13:40:28,INDF,RG,6100,2,D,PD,CC,D
13:40:25,INDF,RG,6100,1,D,YP,CC,D
13:40:19,INDF,RG,6075,7,D,YU,BB,D
13:40:19,INDF,RG,6100,5,D,YP,BB,D
13:40:19,INDF,RG,6100,4,D,CC,BB,D
13:40:19,INDF,RG,6100,5,D,PD,BB,D
13:40:19,INDF,RG,6100,7,D,NI,BB,D
13:40:18,INDF,RG,6100,3,D,NI,ZP,F
13:40:12,INDF,RG,6100,17,D,NI,CC,F
13:39:49,INDF,RG,6100,22,D,NI,BB,D
13:39:31,INDF,RG,6100,9,D,NI,ZP,F
13:39:29,INDF,RG,6100,14,D,NI,CC,F
13:39:05,INDF,RG,6100,15,D,NI,BB,D
13:38:55,INDF,RG,6100,17,D,NI,BB,D
13:38:43,INDF,RG,6100,6,D,NI,CC,F
13:38:39,INDF,RG,6100,4,D,NI,PD,D
13:38:27,INDF,RG,6100,13,D,NI,CC,F
13:38:27,INDF,RG,6100,1,D,PD,CC,F
13:38:27,INDF,RG,6100,20,D,NI,CC,F
13:37:47,INDF,RG,6100,37,D,NI,CC,F
13:37:42,INDF,RG,6100,22,D,NI,BB,D
13:37:42,INDF,RG,6100,26,D,NI,BB,D
13:37:42,INDF,RG,6100,11,D,NI,BK,F
13:37:42,INDF,RG,6100,22,D,NI,ZP,F
13:37:42,INDF,RG,6100,10,D,NI,BB,D
13:37:42,INDF,RG,6100,52,D,NI,BB,D
13:37:29,INDF,RG,6075,9,D,YU,CC,F
13:37:28,INDF,RG,6075,18,D,YU,CC,F
13:37:28,INDF,RG,6075,18,D,YU,CC,F
13:37:28,INDF,RG,6100,1,F,ZP,CC,F
13:37:28,INDF,RG,6100,11,F,BK,CC,F
13:37:28,INDF,RG,6100,5,D,KK,CC,F
13:37:28,INDF,RG,6100,1,D,PD,CC,F
13:36:57,INDF,RG,6075,66,D,YU,CC,F
13:36:57,INDF,RG,6075,11,D,YU,CC,F
13:36:57,INDF,RG,6075,11,D,YU,CC,F
13:36:56,INDF,RG,6075,11,D,YU,CC,F
13:36:56,INDF,RG,6075,11,D,YU,CC,F
13:36:56,INDF,RG,6100,5,D,DH,CC,F
13:36:56,INDF,RG,6100,3,D,KK,CC,F
13:36:56,INDF,RG,6100,3,F,BK,CC,F
13:36:54,INDF,RG,6100,29,F,BK,BB,D
13:36:54,INDF,RG,6100,2,D,YP,BB,D
13:36:54,INDF,RG,6100,35,D,YP,BB,D
13:36:54,INDF,RG,6100,2,D,CC,BB,D
13:36:54,INDF,RG,6100,8,D,GR,BB,D
13:36:12,INDF,RG,6100,12,D,GR,BK,F
13:36:12,INDF,RG,6100,1,D,GR,BB,D
13:36:12,INDF,RG,6100,1,D,GR,ZP,F
13:36:12,INDF,RG,6100,17,D,GR,CC,D
13:36:12,INDF,RG,6100,1,D,GR,BB,D
13:36:12,INDF,RG,6100,10,D,GR,ZP,F
13:35:54,INDF,RG,6075,6,D,YU,CC,F
13:35:44,INDF,RG,6075,38,D,YU,BB,D
13:35:39,INDF,RG,6100,15,D,YP,ZP,F
13:35:33,INDF,RG,6100,5,D,YP,BQ,D
13:35:32,INDF,RG,6075,30,D,YU,CC,F
13:35:17,INDF,RG,6100,2,D,LG,BQ,D
13:35:17,INDF,RG,6100,7,D,CC,BQ,D
13:35:17,INDF,RG,6100,6,D,YP,BQ,D
13:35:15,INDF,RG,6100,44,D,YP,PD,D
13:35:15,INDF,RG,6100,5,D,NI,PD,D
13:35:15,INDF,RG,6100,3,D,KK,PD,D
13:35:15,INDF,RG,6100,48,D,YP,PD,D
13:35:11,INDF,RG,6100,2,D,YP,BQ,D
13:35:11,INDF,RG,6100,10,D,DH,BQ,D
13:35:11,INDF,RG,6100,5,D,HP,BQ,D
13:35:11,INDF,RG,6100,1,D,NI,BQ,D
13:35:11,INDF,RG,6100,15,D,YP,BQ,D
13:35:11,INDF,RG,6100,6,F,ZP,BQ,D
13:35:11,INDF,RG,6100,1,D,XC,BQ,D
13:35:11,INDF,RG,6100,2,D,NI,BQ,D
13:35:11,INDF,RG,6100,58,F,BK,BQ,D
13:34:50,INDF,RG,6100,109,F,BK,CC,F
13:34:50,INDF,RG,6100,12,D,YP,CC,F
13:34:03,INDF,RG,6100,1,D,YP,BB,D
13:33:55,INDF,RG,6100,7,D,YP,DP,D
13:33:55,INDF,RG,6100,16,D,NI,DP,D
13:33:54,INDF,RG,6100,1,D,NI,CC,F
13:33:54,INDF,RG,6100,1,D,NI,CC,F
13:33:54,INDF,RG,6100,50,D,YP,CC,F
13:33:54,INDF,RG,6100,3,F,BK,CC,F
13:33:30,INDF,RG,6100,8,F,BK,CC,F
13:32:45,INDF,RG,6100,33,F,BK,YP,D
13:32:45,INDF,RG,6100,6,F,ZP,YP,D
13:32:45,INDF,RG,6100,61,F,AK,YP,D
13:32:04,INDF,RG,6125,1,D,CC,AG,D
13:31:30,INDF,RG,6125,10,F,BK,AG,D
13:31:28,INDF,RG,6125,14,F,BK,AG,D
13:31:27,INDF,RG,6100,21,F,AK,DP,D
13:31:26,INDF,RG,6100,1,F,BK,BB,D
13:31:26,INDF,RG,6100,33,F,BK,ZP,F
13:31:25,INDF,RG,6100,1,F,AK,BB,D
13:31:25,INDF,RG,6100,5,F,AK,LG,D
13:31:25,INDF,RG,6100,16,F,AK,BK,F
13:31:25,INDF,RG,6100,1,F,AK,AK,F
13:31:25,INDF,RG,6100,191,F,AK,AK,F
13:31:25,INDF,RG,6100,2,F,AK,PD,D
13:31:25,INDF,RG,6100,33,F,AK,BK,F
13:31:25,INDF,RG,6100,20,F,AK,DP,D
13:31:25,INDF,RG,6100,50,F,AK,SQ,D
13:31:25,INDF,RG,6100,2,F,AK,CC,D
13:31:25,INDF,RG,6100,261,F,AK,CC,F
13:31:25,INDF,RG,6100,1,F,AK,DR,D
13:31:25,INDF,RG,6100,5,F,AK,KK,D
13:31:25,INDF,RG,6100,17,F,AK,LG,D
13:31:25,INDF,RG,6100,16,F,AK,CC,F
13:31:24,INDF,RG,6100,12,D,RX,CC,F
13:31:24,INDF,RG,6100,1,D,RX,CC,F
13:31:24,INDF,RG,6100,1,D,RX,BB,D
13:31:24,INDF,RG,6100,30,D,RX,ZP,F
13:31:24,INDF,RG,6100,1,D,RX,PD,D
13:31:24,INDF,RG,6100,19,D,RX,CC,D
13:31:24,INDF,RG,6100,1,D,RX,BB,D
13:31:24,INDF,RG,6100,25,D,RX,BQ,D
13:31:24,INDF,RG,6100,100,D,RX,BQ,D
13:31:24,INDF,RG,6100,1,D,RX,CC,D
13:31:24,INDF,RG,6100,15,D,RX,CC,D
13:31:24,INDF,RG,6100,10,D,RX,PD,D
13:31:24,INDF,RG,6100,3,D,RX,YP,D
13:31:24,INDF,RG,6100,1,D,RX,ZP,F
13:31:24,INDF,RG,6100,2,D,RX,XC,D
13:31:24,INDF,RG,6100,1,D,RX,PD,D
13:31:24,INDF,RG,6100,777,D,RX,AT,D
13:31:20,INDF,RG,6100,96,F,AK,AT,D
13:31:07,INDF,RG,6075,129,D,YU,CC,F
13:31:07,INDF,RG,6075,161,D,GR,CC,F
13:30:43,INDF,RG,6100,10,D,PD,AT,D
13:30:17,INDF,RG,6075,32,D,GR,YP,D
13:30:13,INDF,RG,6075,1,D,GR,AK,F
13:30:09,INDF,RG,6075,6,D,GR,CC,D
13:30:09,INDF,RG,6075,1,D,EP,XC,D
13:30:09,INDF,RG,6075,1,D,EP,XC,D
13:30:09,INDF,RG,6075,2,D,XC,XC,D
13:30:09,INDF,RG,6075,3,D,YP,XC,D
13:30:07,INDF,RG,6075,2,D,YP,XC,D
13:30:07,INDF,RG,6075,8,D,CC,XC,D
13:30:07,INDF,RG,6075,1,D,CC,XC,D
13:30:06,INDF,RG,6075,3,D,CC,PD,D
13:30:06,INDF,RG,6075,3,D,CC,CC,D
13:30:05,INDF,RG,6100,8,D,PD,AT,D
13:30:05,INDF,RG,6075,1,D,CC,DR,D
13:30:05,INDF,RG,6075,3,D,CC,DH,D
13:30:04,INDF,RG,6075,18,D,CC,PD,D
13:30:04,INDF,RG,6075,13,D,CC,CC,F
13:30:04,INDF,RG,6075,1,D,YP,CC,F
13:30:04,INDF,RG,6075,8,D,PD,CC,F
13:30:04,INDF,RG,6075,22,D,PD,CC,F
13:30:03,INDF,RG,6100,2,D,PD,AT,D
13:30:03,INDF,RG,6100,1,D,PD,AT,D
13:30:03,INDF,RG,6100,2,D,PD,AT,D
13:30:03,INDF,RG,6100,2,D,KK,AT,D
11:29:54,INDF,RG,6075,1,D,PD,ZP,F
11:29:50,INDF,RG,6075,2,D,PD,BB,D
11:29:50,INDF,RG,6100,20,D,PD,AT,D
11:29:45,INDF,RG,6075,10,D,PD,AK,F
11:29:43,INDF,RG,6075,2,D,PD,ZP,F
11:29:36,INDF,RG,6075,2,D,PD,BB,D
11:29:35,INDF,RG,6100,1,D,DH,AT,D
11:29:35,INDF,RG,6075,1,D,PD,CC,D
11:29:29,INDF,RG,6075,1,D,YP,ZP,F
11:29:14,INDF,RG,6075,9,D,YP,CC,F
11:29:14,INDF,RG,6075,4,F,BK,CC,F
11:29:13,INDF,RG,6075,8,F,BK,ZP,F
11:29:13,INDF,RG,6075,3,D,LG,ZP,F
11:29:04,INDF,RG,6075,3,D,LG,BB,D
11:28:54,INDF,RG,6075,4,D,LG,CC,F
11:28:54,INDF,RG,6075,1,D,CC,CC,F
11:28:54,INDF,RG,6075,7,D,PD,CC,F
11:28:45,INDF,RG,6075,1,D,PD,BB,D
11:28:45,INDF,RG,6075,1,D,PD,BB,D
11:28:36,INDF,RG,6075,11,D,PD,CC,F
11:28:20,INDF,RG,6075,9,D,PD,CC,F
11:28:07,INDF,RG,6075,5,D,PD,CC,F
11:27:56,INDF,RG,6075,7,D,PD,DP,D
11:27:45,INDF,RG,6075,83,D,PD,CP,D
11:27:45,INDF,RG,6075,1,D,YP,CP,D
11:27:45,INDF,RG,6075,1,D,XC,CP,D
11:27:45,INDF,RG,6075,83,F,BK,CP,D
11:27:45,INDF,RG,6075,64,F,AK,CP,D
11:27:45,INDF,RG,6075,100,D,OD,CP,D
11:27:45,INDF,RG,6075,9,D,YP,CP,D
11:27:45,INDF,RG,6075,1,D,NI,CP,D
11:27:45,INDF,RG,6075,8,D,NI,CP,D
11:26:58,INDF,RG,6075,1,D,NI,PD,D
11:26:57,INDF,RG,6075,1,D,NI,PD,D
11:26:57,INDF,RG,6075,5,F,AG,PD,D
11:26:46,INDF,RG,6100,1,D,YP,AT,D
11:26:04,INDF,RG,6075,11,F,AG,AK,F
11:26:04,INDF,RG,6075,1,F,AG,BB,D
11:26:04,INDF,RG,6075,12,F,AG,DP,D
11:26:04,INDF,RG,6075,1,F,AG,BB,D
11:26:04,INDF,RG,6075,20,F,AG,CC,F
11:26:04,INDF,RG,6075,1,D,PD,CC,F
11:26:04,INDF,RG,6075,1,D,PD,ZP,F
11:25:58,INDF,RG,6075,24,D,NI,ZP,F
11:25:58,INDF,RG,6075,23,D,NI,CC,F
11:25:58,INDF,RG,6075,17,D,NI,AK,F
11:25:58,INDF,RG,6075,117,D,NI,CC,F
11:25:58,INDF,RG,6075,31,D,NI,CC,F
11:25:58,INDF,RG,6075,15,D,NI,CC,F
11:25:58,INDF,RG,6075,170,D,NI,CS,F
11:25:58,INDF,RG,6075,10,D,NI,BQ,D
11:25:58,INDF,RG,6075,50,D,NI,BQ,D
11:25:58,INDF,RG,6075,30,D,NI,CC,F
11:25:58,INDF,RG,6075,2,D,NI,BB,D
11:25:58,INDF,RG,6075,11,D,NI,ZP,F
11:25:53,INDF,RG,6075,1,D,EP,ZP,F
11:25:51,INDF,RG,6075,17,D,CC,ZP,F
11:25:51,INDF,RG,6075,2,D,CC,BB,D
11:25:51,INDF,RG,6075,2,D,CC,CC,D
11:25:51,INDF,RG,6075,1,D,CC,CC,D
11:25:51,INDF,RG,6075,3,D,CC,DP,D
11:25:45,INDF,RG,6050,4,D,YU,CC,F
11:25:45,INDF,RG,6050,10,D,CC,CC,F
11:25:45,INDF,RG,6050,1,D,DX,CC,F
11:25:45,INDF,RG,6050,1,D,NI,CC,F
11:25:45,INDF,RG,6050,2,D,PD,CC,F
11:25:45,INDF,RG,6050,33,D,AZ,CC,F
11:25:43,INDF,RG,6050,9,D,AZ,DP,D
11:25:14,INDF,RG,6075,1,D,DH,DP,D
11:24:56,INDF,RG,6050,6,D,AZ,BB,D
11:24:55,INDF,RG,6050,1,D,AZ,AK,F
11:24:48,INDF,RG,6050,8,D,AZ,BB,D
11:24:45,INDF,RG,6050,25,D,AZ,AK,F
11:24:45,INDF,RG,6050,1,D,XC,AK,F
11:24:45,INDF,RG,6050,10,D,IF,AK,F
11:24:44,INDF,RG,6075,1,D,PD,DP,D
11:24:38,INDF,RG,6050,8,D,IF,CC,F
11:24:18,INDF,RG,6050,2,D,IF,CC,F
11:24:18,INDF,RG,6050,10,D,CC,CC,F
11:24:18,INDF,RG,6050,1,D,PD,CC,F
11:24:18,INDF,RG,6050,1,D,XC,CC,F
11:24:18,INDF,RG,6050,2,D,TF,CC,F
11:24:18,INDF,RG,6050,6,D,LG,CC,F
11:24:18,INDF,RG,6050,8,D,CC,CC,F
11:24:09,INDF,RG,6050,2,D,CC,XC,D
11:24:09,INDF,RG,6050,3,D,PD,XC,D
11:24:09,INDF,RG,6050,1,D,DR,XC,D
11:24:09,INDF,RG,6050,1,D,PD,XC,D
11:24:09,INDF,RG,6050,1,D,KK,XC,D
11:24:09,INDF,RG,6050,1,D,EP,XC,D
11:24:09,INDF,RG,6050,1,D,NI,XC,D
11:24:09,INDF,RG,6050,5,D,PD,XC,D
11:24:09,INDF,RG,6050,1,D,EP,XC,D
11:24:09,INDF,RG,6050,1,D,OD,XC,D
11:23:58,INDF,RG,6050,1,D,OD,PD,D
11:23:43,INDF,RG,6050,10,D,DH,CC,F
11:23:43,INDF,RG,6050,3,D,PD,CC,F
11:23:43,INDF,RG,6050,1,D,YP,CC,F
11:23:43,INDF,RG,6050,2,D,PD,CC,F
11:23:43,INDF,RG,6050,1,D,PD,CC,F
11:23:43,INDF,RG,6050,1,D,PD,CC,F
11:23:43,INDF,RG,6050,10,D,YP,CC,F
11:23:43,INDF,RG,6050,6,D,YP,CC,F
11:23:43,INDF,RG,6050,39,D,RO,CC,F
11:23:40,INDF,RG,6075,2,D,NI,DP,D
11:23:30,INDF,RG,6075,1,D,YP,DP,D
11:23:24,INDF,RG,6075,2,D,YP,DP,D
11:23:23,INDF,RG,6075,1,D,PD,DP,D
11:23:03,INDF,RG,6075,1,D,PD,DP,D
11:23:00,INDF,RG,6050,23,D,RO,BB,D
11:22:45,INDF,RG,6050,1,D,RO,CC,F
11:22:45,INDF,RG,6050,9,D,RO,CC,F
11:22:45,INDF,RG,6050,9,D,RO,CC,F
11:22:45,INDF,RG,6050,19,D,RO,CC,F
11:22:45,INDF,RG,6050,2,D,KK,CC,F
11:22:45,INDF,RG,6050,1,D,ES,CC,F
11:22:45,INDF,RG,6075,5,D,GR,CC,F
11:22:45,INDF,RG,6075,1,D,CC,CC,F
11:22:45,INDF,RG,6075,1,D,YP,CC,F
11:22:45,INDF,RG,6075,2,D,NI,CC,F
11:22:44,INDF,RG,6075,22,D,IH,BB,D
11:22:40,INDF,RG,6075,1,D,IH,AK,F
11:22:39,INDF,RG,6075,2,D,IH,ZP,F
11:22:39,INDF,RG,6075,1,D,XC,ZP,F
11:22:39,INDF,RG,6075,1,D,PD,ZP,F
11:22:39,INDF,RG,6075,4,D,YP,ZP,F
11:22:39,INDF,RG,6075,1,D,YP,ZP,F
11:22:39,INDF,RG,6075,10,D,YP,ZP,F
11:22:39,INDF,RG,6075,13,D,PD,ZP,F
11:22:39,INDF,RG,6075,69,D,PD,AT,D
11:22:39,INDF,RG,6075,10,D,GR,AT,D
11:22:39,INDF,RG,6075,20,D,YP,AT,D
11:22:39,INDF,RG,6075,50,D,YP,AT,D
11:22:39,INDF,RG,6075,2,D,KK,AT,D
11:22:39,INDF,RG,6075,16,D,XC,AT,D
11:22:39,INDF,RG,6075,1,D,XC,AT,D
11:22:39,INDF,RG,6075,2,D,SQ,AT,D
11:22:39,INDF,RG,6075,5,D,DX,AT,D
11:22:39,INDF,RG,6075,1,D,AT,AT,D
11:22:39,INDF,RG,6075,25,D,CC,AT,D
11:22:39,INDF,RG,6075,1,D,NI,AT,D
11:22:39,INDF,RG,6075,3,D,NI,AT,D
11:22:39,INDF,RG,6075,1,D,PD,AT,D
11:22:39,INDF,RG,6075,10,D,NI,AT,D
11:22:39,INDF,RG,6075,1000,D,YJ,AT,D
11:22:39,INDF,RG,6075,5,F,ZP,AT,D
11:22:39,INDF,RG,6075,10,D,PD,AT,D
11:22:39,INDF,RG,6075,50,D,YJ,AT,D
11:22:39,INDF,RG,6075,35,D,YP,AT,D
11:22:39,INDF,RG,6075,1,D,XC,AT,D
11:22:39,INDF,RG,6075,5,D,SS,AT,D
11:22:39,INDF,RG,6075,28,F,AK,AT,D
11:22:39,INDF,RG,6075,250,D,AO,AT,D
11:22:05,INDF,RG,6075,22,D,AO,CC,F
11:22:04,INDF,RG,6100,2,D,CC,AT,D
11:21:27,INDF,RG,6075,52,D,AO,CC,F
11:21:10,INDF,RG,6100,1,D,PD,AT,D
11:21:02,INDF,RG,6075,23,D,AO,BB,D
11:20:51,INDF,RG,6075,50,D,AO,NI,D
11:20:43,INDF,RG,6075,22,D,AO,BB,D
11:20:41,INDF,RG,6075,3,D,AO,YP,D
11:20:24,INDF,RG,6075,25,D,AO,CC,F
11:20:01,INDF,RG,6075,13,D,AO,CC,F
11:19:54,INDF,RG,6100,130,D,DR,AT,D
11:19:25,INDF,RG,6075,74,D,AO,CC,F
11:19:15,INDF,RG,6100,1,D,PD,AT,D
11:19:10,INDF,RG,6075,1,D,AO,AK,F
11:19:02,INDF,RG,6075,10,D,AO,BB,D
11:18:41,INDF,RG,6075,9,D,AO,BB,D
11:18:36,INDF,RG,6075,92,D,AO,CC,F
11:18:34,INDF,RG,6100,1,D,NI,AT,D
11:18:22,INDF,RG,6075,2,D,AO,PD,D
11:18:02,INDF,RG,6075,13,D,AO,CC,F
11:17:56,INDF,RG,6075,20,D,AO,YP,D
11:17:36,INDF,RG,6075,16,D,AO,CC,F
11:16:54,INDF,RG,6075,3,D,AO,CC,F
11:16:46,INDF,RG,6075,106,D,AO,AK,F
11:16:45,INDF,RG,6075,2,D,AO,BB,D
11:16:12,INDF,RG,6075,1,D,AO,BB,D
11:16:12,INDF,RG,6075,5,D,AO,BB,D
11:16:12,INDF,RG,6075,18,D,AO,CC,F
11:16:12,INDF,RG,6075,4,D,AO,XC,D
11:16:12,INDF,RG,6075,15,D,AO,ZP,F
11:16:12,INDF,RG,6075,51,D,AO,CC,F
11:16:12,INDF,RG,6075,25,D,AO,BQ,D
11:16:12,INDF,RG,6075,9,D,AO,BB,D
11:16:12,INDF,RG,6075,3,D,AO,BB,D
11:16:12,INDF,RG,6075,20,D,AO,ZP,F
11:16:12,INDF,RG,6075,1,D,AO,CC,D
11:16:12,INDF,RG,6075,40,D,AO,BQ,D
11:16:12,INDF,RG,6050,10,D,ES,BB,D
11:15:51,INDF,RG,6050,39,D,ES,CC,F
11:15:51,INDF,RG,6050,6,D,CC,CC,F
11:15:51,INDF,RG,6050,5,D,YP,CC,F
11:15:51,INDF,RG,6050,1,D,SQ,CC,F
11:15:51,INDF,RG,6050,10,D,YP,CC,F
11:15:51,INDF,RG,6050,1,D,YP,CC,F
11:15:51,INDF,RG,6050,10,D,YP,CC,F
11:15:51,INDF,RG,6050,1,D,XC,CC,F
11:15:51,INDF,RG,6050,1,D,YU,CC,F
11:15:51,INDF,RG,6050,1,D,PD,CC,F
11:15:51,INDF,RG,6050,1,D,PD,CC,F
11:15:51,INDF,RG,6050,1,D,PD,CC,F
11:15:51,INDF,RG,6050,5,D,PD,CC,F
11:15:51,INDF,RG,6050,6,D,CC,CC,F
11:15:51,INDF,RG,6050,1,D,XC,CC,F
11:15:51,INDF,RG,6050,2,D,CC,CC,F
11:15:51,INDF,RG,6050,56,D,YP,CC,F
11:15:47,INDF,RG,6050,9,D,YP,BB,D
11:15:42,INDF,RG,6075,20,D,CC,BQ,D
11:15:35,INDF,RG,6075,10,D,YP,BQ,D
11:15:19,INDF,RG,6050,10,D,YP,BB,D
11:15:01,INDF,RG,6050,5,D,YP,BB,D
11:14:57,INDF,RG,6075,20,D,GR,BQ,D
11:14:52,INDF,RG,6050,14,D,YP,CC,F
11:14:47,INDF,RG,6075,2,D,NI,BQ,D
11:14:39,INDF,RG,6075,8,D,KK,BQ,D
11:14:32,INDF,RG,6050,8,D,YP,BB,D
11:13:59,INDF,RG,6050,18,D,YP,CC,F
11:13:59,INDF,RG,6050,24,D,YP,CC,F
11:13:07,INDF,RG,6050,6,D,YP,CC,F
11:13:07,INDF,RG,6050,5,D,YP,CC,F
11:13:07,INDF,RG,6075,3,D,SQ,CC,F
11:13:06,INDF,RG,6075,5,D,SQ,XC,D
11:12:54,INDF,RG,6075,69,D,SQ,CC,F
11:12:43,INDF,RG,6075,10,D,SQ,KK,D
11:12:41,INDF,RG,6100,6,D,PD,AT,D
11:12:38,INDF,RG,6075,13,D,SQ,ZP,F
11:12:38,INDF,RG,6075,3,D,YP,ZP,F
11:12:38,INDF,RG,6075,50,D,XA,ZP,F
11:12:38,INDF,RG,6075,2,D,YP,ZP,F
11:12:38,INDF,RG,6075,151,D,YP,ZP,F
11:12:16,INDF,RG,6075,8,D,YP,BB,D
11:12:15,INDF,RG,6075,16,D,YP,BB,D
11:12:15,INDF,RG,6075,5,D,YP,BB,D
11:12:15,INDF,RG,6075,6,D,YP,ZP,F
11:12:15,INDF,RG,6075,10,D,YP,BB,D
11:12:15,INDF,RG,6075,2,D,YP,CC,D
11:12:15,INDF,RG,6075,2,D,YP,BB,D
11:12:09,INDF,RG,6050,15,D,YP,CC,F
11:12:09,INDF,RG,6050,2,D,YP,CC,F
11:12:09,INDF,RG,6050,1,D,CC,CC,F
11:12:09,INDF,RG,6050,4,D,YB,CC,F
11:12:09,INDF,RG,6050,4,D,HP,CC,F
11:12:07,INDF,RG,6075,2,D,NI,BB,D
11:11:43,INDF,RG,6050,1,D,DR,CC,F
11:11:39,INDF,RG,6075,1,D,PD,BB,D
11:11:34,INDF,RG,6075,1,D,NI,BB,D
11:11:32,INDF,RG,6075,1,D,PD,BB,D
11:11:29,INDF,RG,6075,17,D,YP,BB,D
11:11:29,INDF,RG,6075,7,D,YP,BB,D
11:11:29,INDF,RG,6075,13,D,YP,BB,D
11:11:29,INDF,RG,6075,11,D,YP,CC,F
11:11:29,INDF,RG,6075,2,D,YP,ZP,F
11:11:29,INDF,RG,6075,5,D,CC,ZP,F
11:11:28,INDF,RG,6075,1,D,PD,ZP,F
11:11:22,INDF,RG,6075,3,D,PD,ZP,F
11:11:22,INDF,RG,6075,12,D,PD,CC,F
11:11:18,INDF,RG,6075,1,D,YP,CC,F
11:11:18,INDF,RG,6075,9,D,YP,CC,F
11:11:17,INDF,RG,6075,1,D,NI,CC,F
11:11:11,INDF,RG,6075,2,D,YJ,CC,F
11:11:11,INDF,RG,6075,25,D,YJ,BB,D
11:11:11,INDF,RG,6075,13,D,YJ,CC,F
11:11:11,INDF,RG,6075,10,D,YJ,BB,D
11:11:06,INDF,RG,6075,1,D,YP,BB,D
11:11:03,INDF,RG,6075,1,D,PD,BB,D
11:10:57,INDF,RG,6075,27,F,AK,BB,D
11:10:57,INDF,RG,6075,15,F,AK,ZP,F
11:10:48,INDF,RG,6075,1,D,EP,ZP,F
11:10:35,INDF,RG,6075,1,D,YP,ZP,F
11:10:24,INDF,RG,6050,15,D,DR,CC,F
11:10:22,INDF,RG,6050,2,D,DR,PD,D
11:09:53,INDF,RG,6050,30,D,DR,BB,D
11:09:50,INDF,RG,6050,15,D,DR,CC,F
11:09:48,INDF,RG,6075,2,D,NI,ZP,F
11:09:44,INDF,RG,6075,1,D,YP,ZP,F
11:09:42,INDF,RG,6075,1,D,PD,ZP,F
11:09:34,INDF,RG,6075,15,D,YP,ZP,F
11:09:20,INDF,RG,6075,1,D,XC,ZP,F
11:09:16,INDF,RG,6050,1,D,DR,CC,D
11:09:12,INDF,RG,6075,10,D,YP,ZP,F
11:09:12,INDF,RG,6075,2,D,YP,CC,D
11:09:12,INDF,RG,6075,1,D,YP,CC,D
11:09:12,INDF,RG,6075,2,D,YP,BB,D
11:09:00,INDF,RG,6050,4,D,DR,CC,F
11:08:48,INDF,RG,6075,10,D,SQ,DP,D
11:08:37,INDF,RG,6050,4,D,DR,CC,F
11:08:32,INDF,RG,6050,36,D,DR,BB,D
11:08:30,INDF,RG,6050,6,D,DR,PD,D
11:08:13,INDF,RG,6050,3,D,DR,CC,F
11:08:11,INDF,RG,6050,60,D,DR,IF,D
11:08:07,INDF,RG,6050,23,D,DR,BB,D
11:08:07,INDF,RG,6050,1,D,YP,BB,D
11:08:07,INDF,RG,6050,5,D,YP,BB,D
11:08:07,INDF,RG,6050,2,D,DX,BB,D
11:08:07,INDF,RG,6050,1,D,GR,BB,D
11:08:02,INDF,RG,6075,1,D,PD,DP,D
11:07:56,INDF,RG,6050,4,D,GR,CC,F
11:07:56,INDF,RG,6050,1,D,CC,CC,F
11:07:56,INDF,RG,6050,1,D,PD,CC,F
11:07:56,INDF,RG,6050,2,D,PD,CC,F
11:07:56,INDF,RG,6050,1,D,CC,CC,F
11:07:33,INDF,RG,6050,20,D,YP,CC,F
11:07:33,INDF,RG,6050,3,D,YP,CC,F
11:07:33,INDF,RG,6050,10,D,PD,CC,F
11:07:33,INDF,RG,6050,1,D,PD,CC,F
11:07:33,INDF,RG,6050,2,D,PD,CC,F
11:07:33,INDF,RG,6050,2,D,AT,CC,F
11:07:33,INDF,RG,6050,1,D,PD,CC,F
11:07:33,INDF,RG,6050,16,D,CC,CC,F
11:07:32,INDF,RG,6050,2,D,CC,CC,F
11:07:32,INDF,RG,6050,2,D,CC,CC,F
11:07:32,INDF,RG,6050,2,D,CC,CC,F
11:07:32,INDF,RG,6050,2,D,CC,CC,F
11:07:32,INDF,RG,6050,2,D,CC,CC,F
11:07:32,INDF,RG,6075,1,D,DX,CC,F
11:07:32,INDF,RG,6075,1,D,YP,CC,F
11:07:31,INDF,RG,6100,5,D,NI,AT,D
11:07:23,INDF,RG,6075,1,D,YP,AT,D
11:07:23,INDF,RG,6075,5,D,IF,AT,D
11:07:23,INDF,RG,6075,1,D,PD,AT,D
11:07:23,INDF,RG,6075,20,D,PD,AT,D
11:07:23,INDF,RG,6075,50,D,CC,AT,D
11:07:23,INDF,RG,6075,10,D,YP,AT,D
11:07:23,INDF,RG,6075,5,D,LG,AT,D
11:07:23,INDF,RG,6075,1,D,YP,AT,D
11:07:23,INDF,RG,6075,2,D,CC,AT,D
11:07:23,INDF,RG,6075,68,F,AK,AT,D
11:07:23,INDF,RG,6075,30,D,YP,AT,D
11:07:23,INDF,RG,6075,2,D,PD,AT,D
11:07:23,INDF,RG,6075,10,D,CC,AT,D
11:07:23,INDF,RG,6075,1,D,PD,AT,D
11:07:23,INDF,RG,6075,2,D,CC,AT,D
11:07:23,INDF,RG,6075,10,D,YP,AT,D
11:07:23,INDF,RG,6075,6,D,CC,AT,D
11:07:23,INDF,RG,6075,1,D,DH,AT,D
11:07:23,INDF,RG,6075,25,D,IH,AT,D
11:07:23,INDF,RG,6075,1,D,PD,AT,D
11:07:23,INDF,RG,6075,11,F,BK,AT,D
11:07:23,INDF,RG,6075,10,D,CP,AT,D
11:07:23,INDF,RG,6075,15,D,DH,AT,D
11:07:23,INDF,RG,6075,1,D,PD,AT,D
11:07:23,INDF,RG,6075,100,D,DX,AT,D
11:07:23,INDF,RG,6075,5,D,PD,AT,D
11:07:23,INDF,RG,6075,1,D,KK,AT,D
11:07:23,INDF,RG,6075,25,D,IH,AT,D
11:07:23,INDF,RG,6075,2,D,OD,AT,D
11:07:23,INDF,RG,6075,1,D,PD,AT,D
11:07:23,INDF,RG,6075,1,D,CC,AT,D
11:07:23,INDF,RG,6075,25,D,BQ,AT,D
11:07:23,INDF,RG,6075,50,D,GR,AT,D
11:07:23,INDF,RG,6075,83,D,YJ,AT,D
11:07:23,INDF,RG,6075,25,D,GR,AT,D
11:07:23,INDF,RG,6075,1,D,YB,AT,D
11:07:23,INDF,RG,6075,3,D,YP,AT,D
11:07:23,INDF,RG,6075,2,D,YP,AT,D
11:07:23,INDF,RG,6075,3,D,EP,AT,D
11:07:23,INDF,RG,6075,5,D,YP,AT,D
11:07:23,INDF,RG,6075,1,D,PD,AT,D
11:07:23,INDF,RG,6075,1,D,SQ,AT,D
11:07:23,INDF,RG,6075,1,D,KK,AT,D
11:07:23,INDF,RG,6075,10,D,CC,AT,D
11:07:23,INDF,RG,6075,5,D,XC,AT,D
11:07:23,INDF,RG,6075,5,F,ZP,AT,D
11:07:23,INDF,RG,6075,40,D,CC,AT,D
11:07:23,INDF,RG,6075,1,D,NI,AT,D
11:07:23,INDF,RG,6075,1,D,PD,AT,D
11:07:23,INDF,RG,6075,10,D,CC,AT,D
11:07:23,INDF,RG,6075,3,D,KK,AT,D
11:07:23,INDF,RG,6075,1,D,PD,AT,D
11:07:23,INDF,RG,6075,1,D,XC,AT,D
11:06:30,INDF,RG,6075,2,D,XC,CC,F
11:06:30,INDF,RG,6075,1,D,PD,CC,F
11:06:30,INDF,RG,6075,5,D,YU,CC,F
11:06:30,INDF,RG,6075,1,D,YP,CC,F
11:06:30,INDF,RG,6075,1,D,PD,CC,F
11:06:30,INDF,RG,6075,5,D,YP,CC,F
11:06:30,INDF,RG,6075,1,D,PD,CC,F
11:06:30,INDF,RG,6075,1,D,PD,CC,F
11:06:30,INDF,RG,6075,10,D,YP,CC,F
11:06:30,INDF,RG,6075,9,D,YJ,CC,F
11:06:10,INDF,RG,6075,28,D,YJ,CC,F
11:05:32,INDF,RG,6075,29,D,YJ,CC,F
11:05:30,INDF,RG,6075,14,D,YJ,BB,D
11:05:11,INDF,RG,6075,20,D,YJ,BB,D
11:05:11,INDF,RG,6075,1,D,CC,BB,D
11:05:11,INDF,RG,6075,10,F,AK,BB,D
11:05:02,INDF,RG,6075,6,F,AK,YB,D
11:05:02,INDF,RG,6075,1,F,AK,EP,D
11:04:55,INDF,RG,6075,1,F,AK,AK,F
11:04:27,INDF,RG,6075,16,F,AK,CC,F
11:03:54,INDF,RG,6075,6,F,AK,CC,F
11:03:54,INDF,RG,6075,3,D,CC,CC,F
11:03:27,INDF,RG,6075,10,D,CC,CC,F
11:02:56,INDF,RG,6075,12,D,CC,CC,F
11:02:56,INDF,RG,6075,13,F,BK,CC,F
11:02:22,INDF,RG,6075,18,F,BK,BB,D
11:02:12,INDF,RG,6075,7,F,BK,CC,F
11:01:59,INDF,RG,6075,12,F,BK,CC,F
11:01:59,INDF,RG,6075,1,D,EP,CC,F
11:01:09,INDF,RG,6075,8,D,PD,CC,F
11:00:48,INDF,RG,6075,10,D,PD,CC,F
11:00:24,INDF,RG,6075,3,D,PD,CC,F
11:00:22,INDF,RG,6100,1,D,KK,AT,D
10:59:46,INDF,RG,6075,1,D,PD,XC,D
10:58:32,INDF,RG,6075,5,D,PD,BB,D
10:58:32,INDF,RG,6075,11,D,PD,BB,D
10:58:32,INDF,RG,6075,21,D,PD,BB,D
10:58:32,INDF,RG,6075,11,D,PD,BB,D
10:58:32,INDF,RG,6075,11,D,PD,DP,D
10:58:32,INDF,RG,6075,7,D,PD,CC,F
10:58:32,INDF,RG,6075,7,D,PD,CC,F
10:58:32,INDF,RG,6075,2,D,PD,CC,F
10:58:32,INDF,RG,6075,3,D,PD,CC,D
10:58:32,INDF,RG,6075,1,D,OD,CC,D
10:58:31,INDF,RG,6075,6,D,CC,CC,D
10:58:31,INDF,RG,6075,1,D,CC,XC,D
10:58:31,INDF,RG,6075,1,D,CC,CC,D
10:58:31,INDF,RG,6075,2,D,CC,CC,D
10:58:31,INDF,RG,6075,1,D,CC,XC,D
10:58:31,INDF,RG,6075,39,D,CC,BB,D
10:58:30,INDF,RG,6075,10,D,XA,BB,D
10:58:30,INDF,RG,6075,22,D,XA,BB,D
10:58:30,INDF,RG,6075,1,D,XA,ZP,F
10:58:30,INDF,RG,6075,2,D,XA,ZP,F
10:58:17,INDF,RG,6075,1,D,NI,ZP,F
10:58:17,INDF,RG,6075,6,D,EP,ZP,F
10:58:17,INDF,RG,6075,15,D,EP,DP,D
10:58:17,INDF,RG,6075,4,D,EP,YP,D
10:58:13,INDF,RG,6075,1,D,YP,YP,D
10:58:12,INDF,RG,6075,2,D,YP,CC,F
10:58:12,INDF,RG,6075,5,D,YP,CC,F
10:58:11,INDF,RG,6075,3,D,DH,CC,F
10:58:11,INDF,RG,6075,1,D,DH,XC,D
10:58:11,INDF,RG,6075,5,D,DH,BQ,D
10:57:59,INDF,RG,6075,5,D,CC,BQ,D
10:57:58,INDF,RG,6075,15,D,CC,BQ,D
10:57:58,INDF,RG,6075,17,D,CC,AK,F
10:57:58,INDF,RG,6075,18,D,CC,BQ,D
10:57:54,INDF,RG,6075,1,D,XC,BQ,D
10:57:41,INDF,RG,6075,2,D,PD,BQ,D
10:57:38,INDF,RG,6075,6,D,DR,BQ,D
10:57:28,INDF,RG,6075,1,D,PD,BQ,D
10:57:25,INDF,RG,6075,72,D,CC,BQ,D
10:57:25,INDF,RG,6075,40,D,CC,CC,F
10:57:25,INDF,RG,6075,12,D,CC,CC,F
10:57:25,INDF,RG,6075,26,D,CC,BB,D
10:57:21,INDF,RG,6050,15,D,CC,CC,F
10:57:10,INDF,RG,6050,9,D,CC,YP,D
10:57:10,INDF,RG,6050,1,D,PD,YP,D
10:57:10,INDF,RG,6050,1,D,PD,YP,D
10:57:10,INDF,RG,6050,5,D,CC,YP,D
10:57:10,INDF,RG,6050,1,D,GR,YP,D
10:57:10,INDF,RG,6050,3,D,CC,YP,D
10:57:07,INDF,RG,6050,17,D,CC,CC,D
10:57:07,INDF,RG,6050,2,D,YP,CC,D
10:57:07,INDF,RG,6050,5,D,CC,CC,D
10:57:07,INDF,RG,6050,1,D,PD,CC,D
10:57:07,INDF,RG,6050,1,D,YU,CC,D
10:57:07,INDF,RG,6050,10,D,CC,CC,D
10:57:07,INDF,RG,6050,3,D,SQ,CC,D
10:57:07,INDF,RG,6050,8,D,YP,CC,D
10:57:07,INDF,RG,6050,1,D,NI,CC,D
10:57:07,INDF,RG,6050,10,D,YP,CC,D
10:57:07,INDF,RG,6050,10,D,GR,CC,D
10:57:07,INDF,RG,6050,4,D,YP,CC,D
10:57:07,INDF,RG,6050,10,D,PD,CC,D
10:57:07,INDF,RG,6050,5,D,KK,CC,D
10:57:07,INDF,RG,6050,5,D,YP,CC,D
10:57:07,INDF,RG,6050,1,D,GR,CC,D
10:57:07,INDF,RG,6050,18,D,SQ,CC,D
10:57:07,INDF,RG,6050,10,D,CC,CC,D
10:57:07,INDF,RG,6050,2,D,IF,CC,D
10:57:07,INDF,RG,6050,2,D,PD,CC,D
10:57:07,INDF,RG,6050,50,F,AG,CC,D
10:57:07,INDF,RG,6050,2,D,AI,CC,D
10:57:07,INDF,RG,6050,2,D,PD,CC,D
10:57:07,INDF,RG,6050,50,D,GR,CC,D
10:57:07,INDF,RG,6050,4,D,CC,CC,D
10:57:07,INDF,RG,6050,2,D,CC,CC,D
10:57:07,INDF,RG,6050,4,D,PD,CC,D
10:57:07,INDF,RG,6050,1,D,PD,CC,D
10:57:07,INDF,RG,6050,1,D,PD,CC,D
10:57:07,INDF,RG,6050,59,D,SQ,CC,D
10:57:05,INDF,RG,6075,2,D,NI,BB,D
10:57:02,INDF,RG,6075,2,D,YP,BB,D
10:56:42,INDF,RG,6050,15,D,SQ,CC,F
10:56:37,INDF,RG,6050,1,D,SQ,PD,D
10:56:35,INDF,RG,6050,25,D,SQ,AT,D
10:56:35,INDF,RG,6050,2,D,YP,AT,D
10:56:35,INDF,RG,6050,1,D,YP,AT,D
10:56:35,INDF,RG,6050,2,D,AG,AT,D
10:56:35,INDF,RG,6050,5,D,EP,AT,D
10:56:35,INDF,RG,6050,1,D,PD,AT,D
10:56:35,INDF,RG,6050,2,D,DX,AT,D
10:56:35,INDF,RG,6050,8,D,DR,AT,D
10:56:35,INDF,RG,6050,3,D,XC,AT,D
10:56:35,INDF,RG,6050,1,D,AI,AT,D
10:56:35,INDF,RG,6050,3,D,OD,AT,D
10:56:35,INDF,RG,6050,1,D,OD,AT,D
10:56:35,INDF,RG,6050,1,D,CC,AT,D
10:56:35,INDF,RG,6050,2,D,YP,AT,D
10:56:35,INDF,RG,6050,25,D,YP,AT,D
10:56:35,INDF,RG,6050,1,D,YP,AT,D
10:56:35,INDF,RG,6050,200,D,YP,AT,D
10:56:35,INDF,RG,6050,3,D,YP,AT,D
10:56:35,INDF,RG,6050,5,D,CC,AT,D
10:56:35,INDF,RG,6050,100,D,CC,AT,D
10:56:35,INDF,RG,6050,2,D,DH,AT,D
10:56:35,INDF,RG,6050,200,D,CC,AT,D
10:56:35,INDF,RG,6050,10,D,GR,AT,D
10:56:35,INDF,RG,6050,1,D,KK,AT,D
10:56:35,INDF,RG,6050,1,D,SQ,AT,D
10:56:35,INDF,RG,6050,2,D,IF,AT,D
10:56:35,INDF,RG,6050,2,D,KK,AT,D
10:56:35,INDF,RG,6050,1,D,PD,AT,D
10:56:35,INDF,RG,6050,1,D,DH,AT,D
10:56:35,INDF,RG,6050,5,D,PD,AT,D
10:56:35,INDF,RG,6050,4,D,GR,AT,D
10:56:35,INDF,RG,6050,5,D,SQ,AT,D
10:56:35,INDF,RG,6050,5,D,PD,AT,D
10:56:35,INDF,RG,6050,1,D,PD,AT,D
10:56:35,INDF,RG,6050,10,D,PD,AT,D
10:56:35,INDF,RG,6050,5,D,PD,AT,D
10:56:35,INDF,RG,6050,5,D,PD,AT,D
10:56:35,INDF,RG,6050,2,D,EP,AT,D
10:56:35,INDF,RG,6050,10,D,AG,AT,D
10:56:35,INDF,RG,6050,1,D,KK,AT,D
10:56:35,INDF,RG,6050,2,D,GR,AT,D
10:56:35,INDF,RG,6050,1,D,DR,AT,D
10:56:35,INDF,RG,6050,3,D,DR,AT,D
10:56:35,INDF,RG,6050,30,D,PD,AT,D
10:56:35,INDF,RG,6050,61,D,IP,AT,D
10:56:19,INDF,RG,6050,16,D,IP,CC,F
10:55:49,INDF,RG,6050,28,D,IP,BB,D
10:55:48,INDF,RG,6050,5,D,IP,CC,F
10:55:47,INDF,RG,6075,2,D,PD,BB,D
10:55:43,INDF,RG,6075,16,D,EP,BB,D
10:55:43,INDF,RG,6075,6,D,EP,DP,D
10:55:43,INDF,RG,6075,3,D,EP,BB,D
10:55:35,INDF,RG,6075,1,D,XC,BB,D
10:55:35,INDF,RG,6075,10,D,PD,BB,D
10:55:33,INDF,RG,6075,1,D,YP,BB,D
10:55:28,INDF,RG,6050,11,D,IP,CC,F
10:55:17,INDF,RG,6075,5,D,CC,BB,D
10:55:14,INDF,RG,6050,15,D,IP,BB,D
10:55:06,INDF,RG,6075,10,D,NI,BB,D
10:54:42,INDF,RG,6050,1,D,IP,CC,F
10:54:42,INDF,RG,6075,5,D,CC,BB,D
10:54:40,INDF,RG,6075,1,D,XC,ZP,F
10:54:31,INDF,RG,6075,1,D,YP,ZP,F
10:54:30,INDF,RG,6050,15,D,IP,CC,F
10:54:29,INDF,RG,6075,5,D,YP,ZP,F
10:54:06,INDF,RG,6075,3,D,NI,ZP,F
10:54:04,INDF,RG,6075,50,D,IH,ZP,F
10:54:03,INDF,RG,6075,25,D,CP,ZP,F
10:53:55,INDF,RG,6075,57,D,DR,ZP,F
10:53:55,INDF,RG,6075,2,D,DR,CC,D
10:53:55,INDF,RG,6075,1,D,DR,CC,D
10:53:55,INDF,RG,6075,40,D,DR,AT,D
10:53:50,INDF,RG,6075,20,D,YP,AT,D
10:53:43,INDF,RG,6075,2,D,DH,AT,D
10:53:39,INDF,RG,6050,9,D,IP,CC,F
10:53:39,INDF,RG,6075,2,D,CC,AT,D
10:53:30,INDF,RG,6075,1,D,PD,AT,D
10:53:21,INDF,RG,6050,4,D,IP,CC,F
10:53:21,INDF,RG,6050,12,D,AT,CC,F
10:53:20,INDF,RG,6075,1,D,YP,AT,D
10:53:15,INDF,RG,6075,4,D,PD,AT,D
10:53:13,INDF,RG,6075,50,D,DR,AT,D
10:53:04,INDF,RG,6075,50,D,PD,AT,D
10:52:51,INDF,RG,6050,3,D,AT,XC,D
10:52:46,INDF,RG,6050,3,D,AT,LG,D
10:52:45,INDF,RG,6075,1,D,PD,AT,D
10:52:41,INDF,RG,6050,12,D,AT,CC,F
10:52:30,INDF,RG,6050,28,D,AT,BB,D
10:52:17,INDF,RG,6050,35,D,AT,BQ,D
10:52:16,INDF,RG,6075,2,D,PD,AT,D
10:52:14,INDF,RG,6050,7,D,AT,BQ,D
10:52:14,INDF,RG,6050,20,D,KK,BQ,D
10:52:14,INDF,RG,6050,50,D,DR,BQ,D
10:52:14,INDF,RG,6050,23,D,KK,BQ,D
10:51:59,INDF,RG,6050,11,D,KK,CC,F
10:51:56,INDF,RG,6050,7,D,KK,YP,D
10:51:55,INDF,RG,6050,2,D,KK,AT,D
10:51:55,INDF,RG,6050,5,D,KK,XA,D
10:51:55,INDF,RG,6050,9,D,KK,CC,D
10:51:55,INDF,RG,6050,2,D,KK,PD,D
10:51:54,INDF,RG,6050,41,D,KK,BB,D
10:51:54,INDF,RG,6050,5,D,CP,BB,D
10:51:50,INDF,RG,6075,11,F,BK,AT,D
10:51:50,INDF,RG,6075,2,D,PD,AT,D
10:51:50,INDF,RG,6075,5,F,ZP,AT,D
10:51:50,INDF,RG,6075,84,F,BK,AT,D
10:51:50,INDF,RG,6075,10,D,LG,AT,D
10:51:50,INDF,RG,6075,1,D,YP,AT,D
10:51:50,INDF,RG,6075,18,D,YP,AT,D
10:51:50,INDF,RG,6075,1,D,PD,AT,D
10:51:50,INDF,RG,6075,2,D,NI,AT,D
10:51:50,INDF,RG,6075,1,D,CC,AT,D
10:51:50,INDF,RG,6075,5,D,YP,AT,D
10:51:50,INDF,RG,6075,2,D,GR,AT,D
10:51:50,INDF,RG,6075,2,D,YP,AT,D
10:51:50,INDF,RG,6075,25,D,GR,AT,D
10:51:50,INDF,RG,6075,5,D,YP,AT,D
10:51:50,INDF,RG,6075,3,D,XC,AT,D
10:51:50,INDF,RG,6075,1,D,CC,AT,D
10:51:50,INDF,RG,6075,5,D,XC,AT,D
10:51:50,INDF,RG,6075,1,D,YP,AT,D
10:51:50,INDF,RG,6075,6,D,CC,AT,D
10:51:50,INDF,RG,6075,5,D,DR,AT,D
10:51:50,INDF,RG,6075,2,D,CC,AT,D
10:51:50,INDF,RG,6075,15,D,CC,AT,D
10:51:50,INDF,RG,6075,1,D,CC,AT,D
10:51:50,INDF,RG,6075,1,D,PD,AT,D
10:51:50,INDF,RG,6075,2,D,PD,AT,D
10:51:50,INDF,RG,6075,10,D,YP,AT,D
10:51:50,INDF,RG,6075,100,D,GR,AT,D
10:51:50,INDF,RG,6075,100,D,LH,AT,D
10:51:50,INDF,RG,6075,10,D,PD,AT,D
10:51:50,INDF,RG,6075,3,D,YP,AT,D
10:51:50,INDF,RG,6075,1,D,NI,AT,D
10:51:50,INDF,RG,6075,10,D,DH,AT,D
10:51:50,INDF,RG,6075,1,D,XC,AT,D
10:51:50,INDF,RG,6075,1,D,DH,AT,D
10:51:50,INDF,RG,6075,10,D,YP,AT,D
10:51:50,INDF,RG,6075,2,D,PD,AT,D
10:51:50,INDF,RG,6075,5,D,PD,AT,D
10:51:50,INDF,RG,6075,30,D,NI,AT,D
10:51:50,INDF,RG,6075,2,D,PD,AT,D
10:51:50,INDF,RG,6075,2,D,YP,AT,D
10:51:50,INDF,RG,6075,1,D,NI,AT,D
10:51:50,INDF,RG,6075,50,F,YP,AT,D
10:51:50,INDF,RG,6075,20,D,SQ,AT,D
10:51:50,INDF,RG,6075,2,D,DH,AT,D
10:51:50,INDF,RG,6075,5,D,YP,AT,D
10:51:50,INDF,RG,6075,33,D,YU,AT,D
10:51:50,INDF,RG,6075,15,D,YP,AT,D
10:51:50,INDF,RG,6075,1,D,NI,AT,D
10:51:50,INDF,RG,6075,2,D,PD,AT,D
10:51:50,INDF,RG,6075,1,D,YP,AT,D
10:51:50,INDF,RG,6075,8,D,LG,AT,D
10:51:50,INDF,RG,6075,50,D,DR,AT,D
10:51:50,INDF,RG,6075,6,D,SQ,AT,D
10:51:50,INDF,RG,6075,8,D,PD,AT,D
10:51:50,INDF,RG,6075,1,D,CC,AT,D
10:51:50,INDF,RG,6075,5,D,XC,AT,D
10:51:50,INDF,RG,6075,10,D,GR,AT,D
10:51:50,INDF,RG,6075,10,D,PD,AT,D
10:51:50,INDF,RG,6075,5,D,EP,AT,D
10:51:50,INDF,RG,6075,20,D,KK,AT,D
10:51:50,INDF,RG,6075,1,D,PD,AT,D
10:51:50,INDF,RG,6075,50,D,PD,AT,D
10:51:50,INDF,RG,6075,1,D,PD,AT,D
10:51:50,INDF,RG,6075,1,D,PD,AT,D
10:51:50,INDF,RG,6075,1,D,SQ,AT,D
10:51:50,INDF,RG,6075,2,D,PD,AT,D
10:51:50,INDF,RG,6075,20,D,CC,AT,D
10:51:50,INDF,RG,6075,2,D,DH,AT,D
10:51:50,INDF,RG,6075,1,D,KK,AT,D
10:51:50,INDF,RG,6075,1,D,YP,AT,D
10:51:50,INDF,RG,6075,1,D,PD,AT,D
10:51:50,INDF,RG,6075,10,D,YP,AT,D
10:51:50,INDF,RG,6075,1,D,PD,AT,D
10:51:50,INDF,RG,6075,1,D,XC,AT,D
10:51:50,INDF,RG,6075,1,D,LG,AT,D
10:51:50,INDF,RG,6075,1,D,YP,AT,D
10:51:50,INDF,RG,6075,1,D,TP,AT,D
10:51:50,INDF,RG,6075,1,D,PD,AT,D
10:51:50,INDF,RG,6075,1,D,YP,AT,D
10:51:50,INDF,RG,6075,2,D,PD,AT,D
10:51:50,INDF,RG,6075,30,D,SQ,AT,D
10:51:50,INDF,RG,6075,500,D,KK,AT,D
10:51:50,INDF,RG,6075,4,D,CC,AT,D
10:51:50,INDF,RG,6075,30,D,NI,AT,D
10:51:50,INDF,RG,6075,100,D,YP,AT,D
10:51:50,INDF,RG,6075,100,D,ZR,AT,D
10:51:50,INDF,RG,6075,5,D,YP,AT,D
10:51:50,INDF,RG,6075,1,D,SQ,AT,D
10:51:50,INDF,RG,6075,1,D,NI,AT,D
10:51:50,INDF,RG,6075,5,D,PD,AT,D
10:51:50,INDF,RG,6075,1,D,PD,AT,D
10:51:50,INDF,RG,6075,10,D,CC,AT,D
10:51:50,INDF,RG,6075,5,D,XC,AT,D
10:51:50,INDF,RG,6075,10,D,CC,AT,D
10:51:50,INDF,RG,6075,1,D,YP,AT,D
10:51:50,INDF,RG,6075,3,D,YP,AT,D
10:51:50,INDF,RG,6075,20,D,NI,AT,D
10:51:50,INDF,RG,6075,100,D,SQ,AT,D
10:51:50,INDF,RG,6075,1,D,CC,AT,D
10:51:50,INDF,RG,6075,5,D,PD,AT,D
10:51:50,INDF,RG,6075,20,D,PD,AT,D
10:51:50,INDF,RG,6075,1,D,PD,AT,D
10:51:50,INDF,RG,6075,1,D,DR,AT,D
10:51:50,INDF,RG,6075,1,D,PD,AT,D
10:51:50,INDF,RG,6075,99,D,PD,AT,D
10:51:50,INDF,RG,6075,5,D,YP,AT,D
10:51:50,INDF,RG,6075,1,D,DH,AT,D
10:51:50,INDF,RG,6075,1,D,NI,AT,D
10:51:50,INDF,RG,6075,1,D,PD,AT,D
10:51:50,INDF,RG,6075,2,D,PD,AT,D
10:51:50,INDF,RG,6075,10,D,GR,AT,D
10:51:50,INDF,RG,6075,25,D,YP,AT,D
10:51:50,INDF,RG,6075,1,D,YP,AT,D
10:51:50,INDF,RG,6075,5,D,GR,AT,D
10:51:50,INDF,RG,6075,2,D,SQ,AT,D
10:51:50,INDF,RG,6075,3,D,YB,AT,D
10:51:50,INDF,RG,6075,9,D,DH,AT,D
10:51:50,INDF,RG,6075,10,D,PD,AT,D
10:51:50,INDF,RG,6075,10,D,YP,AT,D
10:51:50,INDF,RG,6075,5,D,GR,AT,D
10:51:50,INDF,RG,6075,5,D,PD,AT,D
10:51:50,INDF,RG,6075,5,D,SQ,AT,D
10:51:50,INDF,RG,6075,2,D,YP,AT,D
10:51:50,INDF,RG,6075,1,D,PD,AT,D
10:51:50,INDF,RG,6075,1,D,CC,AT,D
10:51:50,INDF,RG,6075,1,D,EP,AT,D
10:51:50,INDF,RG,6075,1,D,AT,AT,D
10:51:50,INDF,RG,6075,2,D,YP,AT,D
10:51:50,INDF,RG,6075,5,D,CC,AT,D
10:51:50,INDF,RG,6075,1,D,PD,AT,D
10:51:50,INDF,RG,6075,50,D,DH,AT,D
10:51:50,INDF,RG,6075,1,D,PD,AT,D
10:51:50,INDF,RG,6075,20,D,PD,AT,D
10:51:50,INDF,RG,6075,1,D,CC,AT,D
10:51:50,INDF,RG,6075,5,D,PD,AT,D
10:51:50,INDF,RG,6075,4,D,PD,AT,D
10:51:50,INDF,RG,6075,10,D,PD,AT,D
10:51:50,INDF,RG,6075,1,D,XC,AT,D
10:51:50,INDF,RG,6075,3,D,AZ,AT,D
10:51:50,INDF,RG,6075,10,D,PD,AT,D
10:51:50,INDF,RG,6075,25,D,CC,AT,D
10:51:50,INDF,RG,6075,1,D,NI,AT,D
10:51:50,INDF,RG,6075,1,D,XC,AT,D
10:51:50,INDF,RG,6075,6,D,CC,AT,D
10:51:50,INDF,RG,6075,1,D,PD,AT,D
10:51:50,INDF,RG,6075,1,D,EP,AT,D
10:51:50,INDF,RG,6075,2,D,YP,AT,D
10:51:50,INDF,RG,6075,1,D,GR,AT,D
10:51:50,INDF,RG,6075,2,D,DH,AT,D
10:51:50,INDF,RG,6075,1,D,YP,AT,D
10:51:50,INDF,RG,6075,1,D,PD,AT,D
10:51:50,INDF,RG,6075,5,D,GR,AT,D
10:51:50,INDF,RG,6075,5,D,GR,AT,D
10:51:50,INDF,RG,6075,2,D,YP,AT,D
10:51:50,INDF,RG,6075,1,D,PD,AT,D
10:51:50,INDF,RG,6075,10,D,CP,AT,D
10:51:50,INDF,RG,6075,9,D,AI,AT,D
10:51:50,INDF,RG,6075,5,D,PD,AT,D
10:51:50,INDF,RG,6075,1,D,CC,AT,D
10:51:50,INDF,RG,6075,2,D,CC,AT,D
10:51:50,INDF,RG,6075,100,D,CC,AT,D
10:51:50,INDF,RG,6075,1,D,NI,AT,D
10:51:50,INDF,RG,6075,1,D,EP,AT,D
10:51:50,INDF,RG,6075,1,D,XC,AT,D
10:51:50,INDF,RG,6075,1150,D,DH,AT,D
10:51:50,INDF,RG,6075,5,D,YP,AT,D
10:51:50,INDF,RG,6075,1,D,YP,AT,D
10:51:50,INDF,RG,6075,1,D,AG,AT,D
10:51:50,INDF,RG,6075,823,D,AI,AT,D
10:51:50,INDF,RG,6075,100,D,NI,AT,D
10:51:50,INDF,RG,6075,1,D,CC,AT,D
10:51:50,INDF,RG,6075,2,D,YP,AT,D
10:51:50,INDF,RG,6075,1,D,YP,AT,D
10:51:50,INDF,RG,6075,5,D,CC,AT,D
10:51:50,INDF,RG,6075,424,D,SQ,AT,D
10:51:38,INDF,RG,6075,23,D,SQ,CC,F
10:51:26,INDF,RG,6075,8,D,SQ,DP,D
10:51:26,INDF,RG,6075,2,D,CC,DP,D
10:51:24,INDF,RG,6075,3,D,CC,DP,D
10:51:17,INDF,RG,6100,10,D,CC,AT,D
10:50:57,INDF,RG,6075,23,D,CC,CC,F
10:50:46,INDF,RG,6100,2,D,PD,AT,D
10:50:33,INDF,RG,6075,33,D,CC,CC,F
10:50:06,INDF,RG,6075,2,D,CC,KK,D
10:49:59,INDF,RG,6075,1,D,CC,AT,D
10:49:59,INDF,RG,6075,1,D,CC,YP,D
10:49:59,INDF,RG,6075,9,D,CC,DR,D
10:49:59,INDF,RG,6075,2,D,CC,HP,D
10:49:59,INDF,RG,6075,5,D,CC,PD,D
10:49:58,INDF,RG,6075,119,D,CC,CC,F
10:49:58,INDF,RG,6075,1,D,GR,CC,F
10:49:58,INDF,RG,6075,1,D,DH,CC,F
10:49:58,INDF,RG,6075,1,D,GR,CC,F
10:49:58,INDF,RG,6075,1,D,GR,CC,F
10:49:58,INDF,RG,6075,1,D,DH,CC,F
10:49:58,INDF,RG,6075,10,D,CC,CC,F
10:49:58,INDF,RG,6075,1,D,GR,CC,F
10:49:58,INDF,RG,6075,1,D,GR,CC,F
10:49:58,INDF,RG,6075,10,D,PD,CC,F
10:49:58,INDF,RG,6075,1,D,KK,CC,F
10:49:58,INDF,RG,6075,20,D,PD,CC,F
10:49:58,INDF,RG,6075,10,D,CC,CC,F
10:49:58,INDF,RG,6075,1,D,CC,CC,F
10:49:58,INDF,RG,6075,1,D,PD,CC,F
10:49:58,INDF,RG,6075,1,D,PD,CC,F
10:49:58,INDF,RG,6075,384,D,PD,CC,F
10:49:58,INDF,RG,6075,100,D,PD,CC,F
10:49:58,INDF,RG,6075,5,D,PD,CC,F
10:49:58,INDF,RG,6075,2,D,LG,CC,F
10:49:58,INDF,RG,6075,1,D,KK,CC,F
10:49:58,INDF,RG,6075,4,D,SQ,CC,F
10:49:58,INDF,RG,6075,13,D,PD,CC,F
10:49:58,INDF,RG,6075,1,D,PD,CC,F
10:49:58,INDF,RG,6075,5,D,PD,CC,F
10:49:58,INDF,RG,6075,10,D,AG,CC,F
10:49:58,INDF,RG,6075,4,D,XC,CC,F
10:49:58,INDF,RG,6075,16,D,KK,CC,F
10:49:58,INDF,RG,6075,1,D,XC,CC,F
10:49:58,INDF,RG,6075,2,D,GR,CC,F
10:49:58,INDF,RG,6075,1,D,AT,CC,F
10:49:58,INDF,RG,6075,1,D,KK,CC,F
10:49:58,INDF,RG,6075,165,D,IP,CC,F
10:49:58,INDF,RG,6075,1,D,XC,CC,F
10:49:58,INDF,RG,6075,5,D,DH,CC,F
10:49:58,INDF,RG,6075,2,D,PD,CC,F
10:49:57,INDF,RG,6100,2,D,PD,AT,D
10:49:57,INDF,RG,6100,1,D,NI,AT,D
10:49:57,INDF,RG,6100,1,D,NI,AT,D
10:49:57,INDF,RG,6100,10,D,GR,AT,D
10:49:57,INDF,RG,6100,10,D,RG,AT,D
10:49:57,INDF,RG,6100,10,D,OD,AT,D
10:49:57,INDF,RG,6100,50,D,CC,AT,D
10:49:57,INDF,RG,6100,10,D,LG,AT,D
10:49:57,INDF,RG,6100,10,D,YP,AT,D
10:49:57,INDF,RG,6100,25,D,CC,AT,D
10:49:57,INDF,RG,6100,4,D,XC,AT,D
10:49:57,INDF,RG,6100,1,D,SQ,AT,D
10:49:57,INDF,RG,6100,1,D,XC,AT,D
10:49:57,INDF,RG,6100,1,D,DR,AT,D
10:49:57,INDF,RG,6100,2,D,NI,AT,D
10:49:57,INDF,RG,6100,1,D,PD,AT,D
10:49:57,INDF,RG,6100,1,D,PD,AT,D
10:49:57,INDF,RG,6100,2,D,PD,AT,D
10:49:57,INDF,RG,6100,10,D,YP,AT,D
10:49:57,INDF,RG,6100,2,D,PD,AT,D
10:49:57,INDF,RG,6100,100,D,LH,AT,D
10:49:57,INDF,RG,6100,5,D,GR,AT,D
10:49:57,INDF,RG,6100,8,D,DH,AT,D
10:49:57,INDF,RG,6100,4,D,CC,AT,D
10:49:57,INDF,RG,6100,3,D,PD,AT,D
10:49:57,INDF,RG,6100,100,F,YP,AT,D
10:49:57,INDF,RG,6100,1,D,CC,AT,D
10:49:57,INDF,RG,6100,3,D,OD,AT,D
10:49:57,INDF,RG,6100,1,D,CC,AT,D
10:49:57,INDF,RG,6100,7,D,PD,AT,D
10:49:57,INDF,RG,6100,1,D,CC,AT,D
10:49:57,INDF,RG,6100,1,D,CP,AT,D
10:49:57,INDF,RG,6100,2,D,NI,AT,D
10:49:57,INDF,RG,6100,1,D,KK,AT,D
10:49:57,INDF,RG,6100,1,D,CC,AT,D
10:49:57,INDF,RG,6100,2,D,DH,AT,D
10:49:57,INDF,RG,6100,1,D,SQ,AT,D
10:49:57,INDF,RG,6100,10,D,PD,AT,D
10:49:57,INDF,RG,6100,20,D,PD,AT,D
10:49:57,INDF,RG,6100,1,D,CC,AT,D
10:49:57,INDF,RG,6100,2,D,CC,AT,D
10:49:57,INDF,RG,6100,16,D,YP,AT,D
10:49:57,INDF,RG,6100,1,D,YP,AT,D
10:49:57,INDF,RG,6100,1,D,PD,AT,D
10:49:57,INDF,RG,6100,5,D,KK,AT,D
10:49:57,INDF,RG,6100,50,F,YP,AT,D
10:49:57,INDF,RG,6100,2,D,SQ,AT,D
10:49:57,INDF,RG,6100,20,D,CD,AT,D
10:49:57,INDF,RG,6100,2,D,CC,AT,D
10:49:57,INDF,RG,6100,5,F,ZP,AT,D
10:49:57,INDF,RG,6100,5,D,OD,AT,D
10:49:57,INDF,RG,6100,1,D,PD,AT,D
10:49:57,INDF,RG,6100,2,D,XC,AT,D
10:49:57,INDF,RG,6100,1,D,XC,AT,D
10:49:57,INDF,RG,6100,20,D,YU,AT,D
10:49:57,INDF,RG,6100,1,D,NI,AT,D
10:49:57,INDF,RG,6100,2,D,YP,AT,D
10:49:57,INDF,RG,6100,3,D,PD,AT,D
10:49:57,INDF,RG,6100,1,D,DH,AT,D
10:49:57,INDF,RG,6100,50,D,NI,AT,D
10:49:57,INDF,RG,6100,1,D,AT,AT,D
10:49:57,INDF,RG,6100,1,D,KK,AT,D
10:49:57,INDF,RG,6100,1,D,PD,AT,D
10:49:57,INDF,RG,6100,5,D,NI,AT,D
10:49:57,INDF,RG,6100,10,D,YU,AT,D
10:49:57,INDF,RG,6100,5,D,CC,AT,D
10:49:57,INDF,RG,6100,1,D,SQ,AT,D
10:49:57,INDF,RG,6100,1,D,XC,AT,D
10:49:57,INDF,RG,6100,3,D,XC,AT,D
10:49:57,INDF,RG,6100,1,D,SQ,AT,D
10:49:57,INDF,RG,6100,5,D,PD,AT,D
10:49:57,INDF,RG,6100,3,D,YP,AT,D
10:49:57,INDF,RG,6100,3,D,CC,AT,D
10:49:57,INDF,RG,6100,5,D,XC,AT,D
10:49:57,INDF,RG,6100,1,D,AZ,AT,D
10:49:57,INDF,RG,6100,2,D,XC,AT,D
10:49:57,INDF,RG,6100,10,D,CC,AT,D
10:49:57,INDF,RG,6100,1,D,YP,AT,D
10:49:57,INDF,RG,6100,2,D,CC,AT,D
10:49:57,INDF,RG,6100,10,D,CC,AT,D
10:49:57,INDF,RG,6100,5,D,PD,AT,D
10:49:57,INDF,RG,6100,6,F,ZP,AT,D
10:49:57,INDF,RG,6100,1,D,CC,AT,D
10:49:57,INDF,RG,6100,5,D,CC,AT,D
10:49:57,INDF,RG,6100,2,D,XC,AT,D
10:49:57,INDF,RG,6100,5,D,KK,AT,D
10:49:57,INDF,RG,6100,1,D,XC,AT,D
10:49:57,INDF,RG,6100,2,D,CC,AT,D
10:49:57,INDF,RG,6100,3,D,SQ,AT,D
10:49:57,INDF,RG,6100,1,D,NI,AT,D
10:49:57,INDF,RG,6100,3,D,EP,AT,D
10:49:57,INDF,RG,6100,5,D,GR,AT,D
10:49:57,INDF,RG,6100,3,D,CC,AT,D
10:49:57,INDF,RG,6100,10,D,YP,AT,D
10:49:57,INDF,RG,6100,1,D,SQ,AT,D
10:49:57,INDF,RG,6100,5,D,OD,AT,D
10:49:57,INDF,RG,6100,25,D,GR,AT,D
10:49:57,INDF,RG,6100,5,D,GR,AT,D
10:49:57,INDF,RG,6100,3,D,NI,AT,D
10:49:57,INDF,RG,6100,2,D,EP,AT,D
10:49:57,INDF,RG,6100,1,D,NI,AT,D
10:49:57,INDF,RG,6100,25,D,IH,AT,D
10:49:57,INDF,RG,6100,1,D,PD,AT,D
10:49:57,INDF,RG,6100,1,D,XC,AT,D
10:49:57,INDF,RG,6100,10,D,PD,AT,D
10:49:57,INDF,RG,6100,2,D,SQ,AT,D
10:49:57,INDF,RG,6100,3,D,XC,AT,D
10:49:57,INDF,RG,6100,4,D,SQ,AT,D
10:49:57,INDF,RG,6100,1,D,PD,AT,D
10:49:57,INDF,RG,6100,9,D,YP,AT,D
10:49:57,INDF,RG,6100,2,D,SS,AT,D
10:49:57,INDF,RG,6100,1,D,DR,AT,D
10:49:57,INDF,RG,6100,1,D,NI,AT,D
10:49:57,INDF,RG,6100,20,D,YP,AT,D
10:49:57,INDF,RG,6100,5,D,NI,AT,D
10:49:57,INDF,RG,6100,1,D,PD,AT,D
10:49:57,INDF,RG,6100,1,D,KK,AT,D
10:49:57,INDF,RG,6100,41,D,NI,AT,D
10:49:57,INDF,RG,6100,1,D,NI,AT,D
10:49:57,INDF,RG,6100,69,F,AK,AT,D
10:49:57,INDF,RG,6100,1,D,PD,AT,D
10:49:57,INDF,RG,6100,10,D,NI,AT,D
10:49:57,INDF,RG,6100,1,D,NI,AT,D
10:49:57,INDF,RG,6100,5,D,XC,AT,D
10:49:57,INDF,RG,6100,1,D,XC,AT,D
10:49:57,INDF,RG,6100,1,D,NI,AT,D
10:49:57,INDF,RG,6100,1,D,PD,AT,D
10:49:57,INDF,RG,6100,5,D,CC,AT,D
10:49:57,INDF,RG,6100,17,D,PD,AT,D
10:49:57,INDF,RG,6100,20,D,XA,AT,D
10:49:57,INDF,RG,6100,1,D,DH,AT,D
10:49:57,INDF,RG,6100,1,D,CC,AT,D
10:49:57,INDF,RG,6100,19,D,PD,AT,D
10:49:57,INDF,RG,6100,5,D,PD,AT,D
10:49:57,INDF,RG,6100,1,D,CC,AT,D
10:49:57,INDF,RG,6100,1,D,KK,AT,D
10:49:57,INDF,RG,6100,1,D,NI,AT,D
10:49:57,INDF,RG,6100,5,D,PD,AT,D
10:49:57,INDF,RG,6100,50,D,DH,AT,D
10:49:57,INDF,RG,6100,1,D,PD,AT,D
10:49:57,INDF,RG,6100,1,D,KK,AT,D
10:49:57,INDF,RG,6100,1,D,KK,AT,D
10:49:57,INDF,RG,6100,7,F,XA,AT,D
10:49:57,INDF,RG,6100,5,D,YP,AT,D
10:49:57,INDF,RG,6100,1,D,NI,AT,D
10:49:57,INDF,RG,6100,10,D,PD,AT,D
10:49:57,INDF,RG,6100,1,D,YP,AT,D
10:49:57,INDF,RG,6100,1,D,PD,AT,D
10:49:57,INDF,RG,6100,2,D,PD,AT,D
10:49:57,INDF,RG,6100,2,D,KK,AT,D
10:49:57,INDF,RG,6100,2,D,PD,AT,D
10:49:57,INDF,RG,6100,18,D,EP,AT,D
10:49:57,INDF,RG,6100,1,D,YP,AT,D
10:49:57,INDF,RG,6100,50,D,PD,AT,D
10:49:57,INDF,RG,6100,4,D,CC,AT,D
10:49:57,INDF,RG,6100,33,D,XC,AT,D
10:49:57,INDF,RG,6100,16,D,PD,AT,D
10:49:57,INDF,RG,6100,50,D,YP,AT,D
10:49:57,INDF,RG,6100,25,D,SQ,AT,D
10:49:57,INDF,RG,6100,4,D,YP,AT,D
10:49:57,INDF,RG,6100,2,D,NI,AT,D
10:49:57,INDF,RG,6100,1,D,YP,AT,D
10:49:57,INDF,RG,6100,3,D,PD,AT,D
10:49:57,INDF,RG,6100,1,D,YU,AT,D
10:49:57,INDF,RG,6100,40,D,YP,AT,D
10:49:57,INDF,RG,6100,8,D,PD,AT,D
10:49:57,INDF,RG,6100,49,D,GR,AT,D
10:49:57,INDF,RG,6100,1,D,PD,AT,D
10:49:57,INDF,RG,6100,10,D,KK,AT,D
10:49:57,INDF,RG,6100,1,D,KK,AT,D
10:49:57,INDF,RG,6100,16,D,CC,AT,D
10:49:57,INDF,RG,6100,1,D,PD,AT,D
10:49:57,INDF,RG,6100,10,D,NI,AT,D
10:49:57,INDF,RG,6100,10,D,PD,AT,D
10:49:57,INDF,RG,6100,1,D,PD,AT,D
10:49:57,INDF,RG,6100,3,D,GR,AT,D
10:49:57,INDF,RG,6100,1,D,PD,AT,D
10:49:57,INDF,RG,6100,1,D,YP,AT,D
10:49:57,INDF,RG,6100,1,D,YP,AT,D
10:49:57,INDF,RG,6100,1,D,PD,AT,D
10:49:57,INDF,RG,6100,16,D,XC,AT,D
10:49:57,INDF,RG,6100,20,D,XA,AT,D
10:49:57,INDF,RG,6100,2,D,SQ,AT,D
10:49:57,INDF,RG,6100,150,F,YU,AT,D
10:49:57,INDF,RG,6100,100,D,YP,AT,D
10:49:57,INDF,RG,6100,1,D,XC,AT,D
10:49:57,INDF,RG,6100,10,D,FZ,AT,D
10:49:57,INDF,RG,6100,1,D,PD,AT,D
10:49:57,INDF,RG,6100,1,D,PD,AT,D
10:49:57,INDF,RG,6100,300,D,SH,AT,D
10:49:57,INDF,RG,6100,100,D,DR,AT,D
10:49:57,INDF,RG,6100,5,D,SQ,AT,D
10:49:57,INDF,RG,6100,2,D,PC,AT,D
10:49:57,INDF,RG,6100,2,D,NI,AT,D
10:49:57,INDF,RG,6100,1,D,PD,AT,D
10:49:57,INDF,RG,6100,1,D,XC,AT,D
10:49:57,INDF,RG,6100,1,D,YP,AT,D
10:49:57,INDF,RG,6100,20,D,GR,AT,D
10:49:57,INDF,RG,6100,1,D,KK,AT,D
10:49:57,INDF,RG,6100,2,D,XC,AT,D
10:49:57,INDF,RG,6100,1,D,PD,AT,D
10:49:57,INDF,RG,6100,5,D,YP,AT,D
10:49:57,INDF,RG,6100,3,D,DH,AT,D
10:49:57,INDF,RG,6100,2,D,OD,AT,D
10:49:57,INDF,RG,6100,1,D,PD,AT,D
10:49:57,INDF,RG,6100,20,D,CP,AT,D
10:49:57,INDF,RG,6100,1,D,XC,AT,D
10:49:57,INDF,RG,6100,25,D,IH,AT,D
10:49:57,INDF,RG,6100,1,D,PD,AT,D
10:49:57,INDF,RG,6100,2,D,IH,AT,D
10:49:57,INDF,RG,6100,4,D,CC,AT,D
10:49:57,INDF,RG,6100,1,D,KK,AT,D
10:49:57,INDF,RG,6100,1,D,PD,AT,D
10:49:57,INDF,RG,6100,10,D,PD,AT,D
10:49:57,INDF,RG,6100,10,D,CP,AT,D
10:49:57,INDF,RG,6100,1,D,CC,AT,D
10:49:57,INDF,RG,6100,8,D,PD,AT,D
10:49:57,INDF,RG,6100,10,D,PD,AT,D
10:49:57,INDF,RG,6100,1,D,CC,AT,D
10:49:57,INDF,RG,6100,2,D,PD,AT,D
10:49:57,INDF,RG,6100,1,D,SQ,AT,D
10:49:57,INDF,RG,6100,100,D,YP,AT,D
10:49:57,INDF,RG,6100,1,D,YP,AT,D
10:49:57,INDF,RG,6100,2,D,SQ,AT,D
10:49:57,INDF,RG,6100,18,D,CC,AT,D
10:49:57,INDF,RG,6100,1,D,XC,AT,D
10:49:57,INDF,RG,6100,1,D,KK,AT,D
10:49:57,INDF,RG,6100,1000,D,EP,AT,D
10:49:57,INDF,RG,6100,5,D,XC,AT,D
10:49:57,INDF,RG,6100,1,D,NI,AT,D
10:49:57,INDF,RG,6100,3,D,KK,AT,D
10:49:57,INDF,RG,6100,1,D,IP,AT,D
10:49:57,INDF,RG,6100,1,D,CC,AT,D
10:49:57,INDF,RG,6100,20,D,KK,AT,D
10:49:57,INDF,RG,6100,1,D,GR,AT,D
10:49:57,INDF,RG,6100,1,D,NI,AT,D
10:49:57,INDF,RG,6100,16,D,PD,AT,D
10:49:57,INDF,RG,6100,1,D,GR,AT,D
10:49:57,INDF,RG,6100,1,D,AZ,AT,D
10:49:57,INDF,RG,6100,1,D,PD,AT,D
10:49:57,INDF,RG,6100,5,D,NI,AT,D
10:49:57,INDF,RG,6100,1000,D,ZP,AT,D
10:49:57,INDF,RG,6100,50,D,SQ,AT,D
10:49:57,INDF,RG,6100,1,D,NI,AT,D
10:49:57,INDF,RG,6100,1,D,XC,AT,D
10:49:57,INDF,RG,6100,1,D,PD,AT,D
10:49:57,INDF,RG,6100,2,D,YP,AT,D
10:49:57,INDF,RG,6100,1,D,CC,AT,D
10:49:57,INDF,RG,6100,1,D,SQ,AT,D
10:49:57,INDF,RG,6100,20,D,NI,AT,D
10:49:57,INDF,RG,6100,5,D,PD,AT,D
10:49:57,INDF,RG,6100,15,D,PD,AT,D
10:49:57,INDF,RG,6100,3,D,PD,AT,D
10:49:57,INDF,RG,6100,1,D,PD,AT,D
10:49:57,INDF,RG,6100,10,D,AG,AT,D
10:49:57,INDF,RG,6100,1,D,PD,AT,D
10:49:57,INDF,RG,6100,1,D,PD,AT,D
10:49:57,INDF,RG,6100,20,D,KI,AT,D
10:49:57,INDF,RG,6100,20,D,KI,AT,D
10:49:57,INDF,RG,6100,20,D,CC,AT,D
10:49:57,INDF,RG,6100,1,D,CC,AT,D
10:49:57,INDF,RG,6100,3,D,XC,AT,D
10:49:57,INDF,RG,6100,10,D,YP,AT,D
10:49:57,INDF,RG,6100,1,D,CC,AT,D
10:49:57,INDF,RG,6100,1,D,YP,AT,D
10:49:57,INDF,RG,6100,2,D,GR,AT,D
10:49:57,INDF,RG,6100,20,D,CC,AT,D
10:49:57,INDF,RG,6100,1,D,YP,AT,D
10:49:57,INDF,RG,6100,1,D,PD,AT,D
10:49:57,INDF,RG,6100,40,D,CC,AT,D
10:49:57,INDF,RG,6100,10,D,DR,AT,D
10:49:57,INDF,RG,6100,30,D,CP,AT,D
10:49:57,INDF,RG,6100,3,D,XC,AT,D
10:49:57,INDF,RG,6100,12,D,PD,AT,D
10:49:57,INDF,RG,6100,30,D,SQ,AT,D
10:49:57,INDF,RG,6100,1,D,YP,AT,D
10:49:57,INDF,RG,6100,3,D,PD,AT,D
10:49:57,INDF,RG,6100,10,D,YP,AT,D
10:49:57,INDF,RG,6100,1,D,NI,AT,D
10:49:57,INDF,RG,6100,70,D,YP,AT,D
10:49:57,INDF,RG,6100,3,D,PD,AT,D
10:49:57,INDF,RG,6100,2,D,NI,AT,D
10:49:57,INDF,RG,6100,2,D,KK,AT,D
10:49:57,INDF,RG,6100,2,D,PD,AT,D
10:49:57,INDF,RG,6100,1,D,XC,AT,D
10:49:57,INDF,RG,6100,2,D,AZ,AT,D
10:49:57,INDF,RG,6100,10,D,ZP,AT,D
10:49:57,INDF,RG,6100,5,D,GR,AT,D
10:49:57,INDF,RG,6100,2,D,YB,AT,D
10:49:57,INDF,RG,6100,2,D,CC,AT,D
10:49:57,INDF,RG,6100,3,D,KK,AT,D
10:49:57,INDF,RG,6100,10,D,YP,AT,D
10:49:57,INDF,RG,6100,1,D,DX,AT,D
10:49:57,INDF,RG,6100,1,D,PD,AT,D
10:49:57,INDF,RG,6100,2,D,YP,AT,D
10:49:57,INDF,RG,6100,1,D,PD,AT,D
10:49:57,INDF,RG,6100,14,D,YP,AT,D
10:49:57,INDF,RG,6100,10,D,YP,AT,D
10:49:57,INDF,RG,6100,2,D,PD,AT,D
10:49:57,INDF,RG,6100,3,D,KK,AT,D
10:49:57,INDF,RG,6100,5,D,GR,AT,D
10:49:57,INDF,RG,6100,2,D,AI,AT,D
10:49:57,INDF,RG,6100,2,D,PD,AT,D
10:49:57,INDF,RG,6100,1,D,KK,AT,D
10:49:57,INDF,RG,6100,1,D,CC,AT,D
10:49:57,INDF,RG,6100,1,D,AT,AT,D
10:49:57,INDF,RG,6100,1,D,PD,AT,D
10:49:57,INDF,RG,6100,1,D,GR,AT,D
10:49:57,INDF,RG,6100,5,D,PD,AT,D
10:49:57,INDF,RG,6100,10,D,CC,AT,D
10:49:57,INDF,RG,6100,30,D,SQ,AT,D
10:49:57,INDF,RG,6100,1,D,KK,AT,D
10:49:57,INDF,RG,6100,1,D,CC,AT,D
10:49:57,INDF,RG,6100,5,D,IF,AT,D
10:49:57,INDF,RG,6100,10,D,NI,AT,D
10:49:57,INDF,RG,6100,10,D,YP,AT,D
10:49:57,INDF,RG,6100,50,D,YP,AT,D
10:49:57,INDF,RG,6100,10,D,NI,AT,D
10:49:57,INDF,RG,6100,2,F,ZP,AT,D
10:49:57,INDF,RG,6100,10,D,YP,AT,D
10:49:57,INDF,RG,6100,2,D,YP,AT,D
10:49:57,INDF,RG,6100,1,D,PD,AT,D
10:49:57,INDF,RG,6100,5,D,PO,AT,D
10:49:57,INDF,RG,6100,1,D,CP,AT,D
10:49:57,INDF,RG,6100,72,D,PD,AT,D
10:49:57,INDF,RG,6100,1,D,PD,AT,D
10:49:57,INDF,RG,6100,1,D,SQ,AT,D
10:49:57,INDF,RG,6100,1,D,PD,AT,D
10:49:57,INDF,RG,6100,1,D,CC,AT,D
10:49:57,INDF,RG,6100,16,D,CC,AT,D
10:49:57,INDF,RG,6100,50,D,DH,AT,D
10:49:57,INDF,RG,6100,10,D,OD,AT,D
10:49:57,INDF,RG,6100,1,D,PD,AT,D
10:49:57,INDF,RG,6100,4,D,PD,AT,D
10:49:57,INDF,RG,6100,1,D,XC,AT,D
10:49:57,INDF,RG,6100,1,D,XC,AT,D
10:49:57,INDF,RG,6100,3,D,DR,AT,D
10:49:57,INDF,RG,6100,20,D,YP,AT,D
10:49:57,INDF,RG,6100,1,D,XC,AT,D
10:49:57,INDF,RG,6100,2,D,AZ,AT,D
10:49:57,INDF,RG,6100,2,D,YP,AT,D
10:49:57,INDF,RG,6100,4,D,PD,AT,D
10:49:57,INDF,RG,6100,1,D,PD,AT,D
10:49:57,INDF,RG,6100,30,D,GR,AT,D
10:49:57,INDF,RG,6100,1,D,PD,AT,D
10:49:57,INDF,RG,6100,20,D,NI,AT,D
10:49:57,INDF,RG,6100,3,D,NI,AT,D
10:49:57,INDF,RG,6100,1,D,XC,AT,D
10:49:57,INDF,RG,6100,1,D,PD,AT,D
10:49:57,INDF,RG,6100,2,D,YP,AT,D
10:49:57,INDF,RG,6100,10,D,EP,AT,D
10:49:57,INDF,RG,6100,1,D,CC,AT,D
10:49:57,INDF,RG,6100,5,D,CC,AT,D
10:49:57,INDF,RG,6100,1,D,NI,AT,D
10:49:57,INDF,RG,6100,3,D,NI,AT,D
10:49:57,INDF,RG,6100,2,D,PD,AT,D
10:49:57,INDF,RG,6100,1,D,PD,AT,D
10:49:57,INDF,RG,6100,1,D,NI,AT,D
10:49:57,INDF,RG,6100,127,D,DH,AT,D
10:49:57,INDF,RG,6100,1,D,PD,AT,D
10:49:57,INDF,RG,6100,1,D,PD,AT,D
10:49:57,INDF,RG,6100,1,D,DH,AT,D
10:49:57,INDF,RG,6100,5,D,DR,AT,D
10:49:57,INDF,RG,6100,1,D,PD,AT,D
10:49:57,INDF,RG,6100,2,D,YP,AT,D
10:49:57,INDF,RG,6100,1,D,YP,AT,D
10:49:57,INDF,RG,6100,1,D,XC,AT,D
10:49:57,INDF,RG,6100,1,D,PD,AT,D
10:49:57,INDF,RG,6100,5,D,PD,AT,D
10:49:57,INDF,RG,6100,5,D,YP,AT,D
10:49:57,INDF,RG,6100,1,D,XC,AT,D
10:49:57,INDF,RG,6100,16,D,NI,AT,D
10:49:57,INDF,RG,6100,1,D,PD,AT,D
10:49:57,INDF,RG,6100,6,D,NI,AT,D
10:49:57,INDF,RG,6100,5,D,GR,AT,D
10:49:57,INDF,RG,6100,1,D,YP,AT,D
10:49:57,INDF,RG,6100,2,D,PD,AT,D
10:49:57,INDF,RG,6100,10,D,KK,AT,D
10:49:57,INDF,RG,6100,10,D,PD,AT,D
10:49:57,INDF,RG,6100,5,D,YP,AT,D
10:49:57,INDF,RG,6100,4,D,YP,AT,D
10:49:57,INDF,RG,6100,50,D,GR,AT,D
10:49:57,INDF,RG,6100,4,D,YP,AT,D
10:49:57,INDF,RG,6100,1,D,CC,AT,D
10:49:57,INDF,RG,6100,500,D,YJ,AT,D
10:49:57,INDF,RG,6100,2,D,DR,AT,D
10:49:57,INDF,RG,6100,2,D,GR,AT,D
10:49:57,INDF,RG,6100,1,D,YP,AT,D
10:49:57,INDF,RG,6100,1,D,YP,AT,D
10:49:57,INDF,RG,6100,5,D,NI,AT,D
10:49:57,INDF,RG,6100,100,D,CC,AT,D
10:49:57,INDF,RG,6100,1,D,SQ,AT,D
10:49:57,INDF,RG,6100,5,D,GR,AT,D
10:49:57,INDF,RG,6100,1,D,PD,AT,D
10:49:57,INDF,RG,6100,5,D,GR,AT,D
10:49:57,INDF,RG,6100,1,D,HP,AT,D
10:49:57,INDF,RG,6100,2,D,NI,AT,D
10:49:57,INDF,RG,6100,1,D,CC,AT,D
10:49:57,INDF,RG,6100,1,D,GR,AT,D
10:49:57,INDF,RG,6100,16,D,PD,AT,D
10:49:57,INDF,RG,6100,2,D,PD,AT,D
10:49:57,INDF,RG,6100,2,D,PD,AT,D
10:49:57,INDF,RG,6100,5,D,YU,AT,D
10:49:57,INDF,RG,6100,1,D,KK,AT,D
10:49:57,INDF,RG,6100,1,D,PD,AT,D
10:49:57,INDF,RG,6100,1,D,PD,AT,D
10:49:57,INDF,RG,6100,50,D,CC,AT,D
10:49:57,INDF,RG,6100,100,D,CC,AT,D
10:49:57,INDF,RG,6100,18,D,CC,AT,D
10:49:57,INDF,RG,6100,1,D,PD,AT,D
10:49:57,INDF,RG,6100,2,D,CC,AT,D
10:49:57,INDF,RG,6100,10,D,GR,AT,D
10:49:57,INDF,RG,6100,33,D,KK,AT,D
10:49:57,INDF,RG,6100,10,D,PD,AT,D
10:49:57,INDF,RG,6100,1,D,DH,AT,D
10:49:57,INDF,RG,6100,3,D,TF,AT,D
10:49:57,INDF,RG,6100,1,D,PD,AT,D
10:49:57,INDF,RG,6100,15,D,YP,AT,D
10:49:57,INDF,RG,6100,2,D,YP,AT,D
10:49:57,INDF,RG,6100,2,D,DX,AT,D
10:49:57,INDF,RG,6100,1,D,PD,AT,D
10:49:57,INDF,RG,6100,5,D,CC,AT,D
10:49:57,INDF,RG,6100,10,D,XA,AT,D
10:49:57,INDF,RG,6100,5,D,ID,AT,D
10:49:57,INDF,RG,6100,1,D,NI,AT,D
10:49:57,INDF,RG,6100,33,D,YP,AT,D
10:49:57,INDF,RG,6100,50,D,YP,AT,D
10:49:57,INDF,RG,6100,1,D,YP,AT,D
10:49:57,INDF,RG,6100,50,F,KK,AT,D
10:49:57,INDF,RG,6100,1,D,YP,AT,D
10:49:57,INDF,RG,6100,1,D,YP,AT,D
10:49:57,INDF,RG,6100,5,D,CC,AT,D
10:49:57,INDF,RG,6100,5,D,CC,AT,D
10:49:57,INDF,RG,6100,40,D,CC,AT,D
10:49:57,INDF,RG,6100,1,D,SQ,AT,D
10:49:57,INDF,RG,6100,1,D,LG,AT,D
10:49:57,INDF,RG,6100,51,D,CC,AT,D
10:49:51,INDF,RG,6125,4,D,XC,AG,D
10:49:50,INDF,RG,6100,28,D,CC,BB,D
10:49:43,INDF,RG,6125,1,D,PD,AG,D
10:48:10,INDF,RG,6125,1,D,PD,AG,D
10:47:59,INDF,RG,6100,14,D,CC,DP,D
10:47:58,INDF,RG,6100,45,D,CC,BB,D
10:47:35,INDF,RG,6125,8,D,YP,AG,D
10:47:17,INDF,RG,6125,1,D,SQ,AG,D
10:47:16,INDF,RG,6100,28,D,CC,BB,D
10:47:16,INDF,RG,6125,1,D,XC,AG,D
10:47:06,INDF,RG,6100,2,D,CC,CC,D
10:47:06,INDF,RG,6100,1,D,CC,CC,D
10:46:55,INDF,RG,6125,2,D,PD,AG,D
10:46:53,INDF,RG,6125,6,D,PD,AG,D
10:46:41,INDF,RG,6125,4,D,PD,AG,D
10:46:11,INDF,RG,6125,10,D,NI,AG,D
10:46:10,INDF,RG,6100,1,D,CC,CC,F
10:45:22,INDF,RG,6100,12,D,CC,CC,F
10:45:18,INDF,RG,6125,1,D,YP,AG,D
10:45:15,INDF,RG,6100,18,D,CC,AK,F
10:45:15,INDF,RG,6100,1,D,CC,AK,F
10:45:15,INDF,RG,6100,10,D,GR,AK,F
10:45:15,INDF,RG,6100,2,D,DH,AK,F
10:45:15,INDF,RG,6100,1,D,KK,AK,F
10:45:15,INDF,RG,6100,10,D,CC,AK,F
10:45:15,INDF,RG,6100,1,D,PD,AK,F
10:45:15,INDF,RG,6100,1,D,KK,AK,F
10:45:15,INDF,RG,6100,11,D,KK,AK,F
10:45:00,INDF,RG,6100,1,D,KK,CC,F
10:44:43,INDF,RG,6100,30,D,KK,BB,D
10:44:26,INDF,RG,6100,8,D,KK,CC,F
10:44:26,INDF,RG,6100,5,D,SQ,CC,F
10:44:26,INDF,RG,6100,2,D,SQ,CC,F
10:44:26,INDF,RG,6100,1,D,PD,CC,F
10:44:26,INDF,RG,6100,1,D,PD,CC,F
10:44:26,INDF,RG,6100,1,D,PD,CC,F
10:44:26,INDF,RG,6100,2,D,GR,CC,F
10:44:26,INDF,RG,6100,1,D,PD,CC,F
10:44:26,INDF,RG,6100,3,D,PD,CC,F
10:44:26,INDF,RG,6100,2,D,PD,CC,F
10:44:26,INDF,RG,6100,3,D,PD,CC,F
10:44:08,INDF,RG,6100,7,D,PD,BB,D
10:44:08,INDF,RG,6100,20,D,PD,BB,D
10:44:08,INDF,RG,6100,1,D,PD,BB,D
10:44:08,INDF,RG,6100,1,D,KK,BB,D
10:44:08,INDF,RG,6100,1,D,PD,BB,D
10:44:08,INDF,RG,6100,1,D,PD,BB,D
10:44:08,INDF,RG,6100,1,D,PD,BB,D
10:44:08,INDF,RG,6100,1,D,PD,BB,D
10:44:08,INDF,RG,6100,4,D,PD,BB,D
10:44:08,INDF,RG,6100,5,D,SQ,BB,D
10:44:08,INDF,RG,6100,1,D,KK,BB,D
10:44:08,INDF,RG,6100,3,D,AG,BB,D
10:44:03,INDF,RG,6125,5,D,GR,AG,D
10:43:55,INDF,RG,6125,1,D,YP,AG,D
10:43:28,INDF,RG,6100,7,D,AG,CC,F
10:43:28,INDF,RG,6100,20,D,SQ,CC,F
10:43:00,INDF,RG,6100,11,D,SQ,AK,F
10:42:54,INDF,RG,6100,5,D,SQ,PD,D
10:42:25,INDF,RG,6100,13,D,SQ,CC,F
10:42:25,INDF,RG,6100,1,D,EP,CC,F
10:42:25,INDF,RG,6100,1,D,EP,CC,F
10:42:25,INDF,RG,6100,1,D,XC,CC,F
10:42:25,INDF,RG,6100,5,D,DR,CC,F
10:42:02,INDF,RG,6100,2,D,AT,BB,D
10:42:02,INDF,RG,6100,27,F,CS,BB,D
10:41:35,INDF,RG,6125,10,D,CC,AG,D
10:41:20,INDF,RG,6100,3,F,CS,CC,F
10:40:59,INDF,RG,6125,15,D,SQ,AG,D
10:40:41,INDF,RG,6125,10,D,CC,AG,D
10:40:14,INDF,RG,6100,9,F,CS,CC,F
10:40:12,INDF,RG,6100,46,F,CS,BB,D
10:40:00,INDF,RG,6100,14,F,CS,CC,F
10:39:47,INDF,RG,6125,81,D,PD,AG,D
10:39:30,INDF,RG,6100,24,F,CS,AK,F
10:39:23,INDF,RG,6100,29,F,CS,BB,D
10:39:08,INDF,RG,6100,1,F,CS,CC,D
10:39:00,INDF,RG,6100,25,F,CS,CC,F
10:38:57,INDF,RG,6125,268,F,AK,AG,D
10:38:57,INDF,RG,6125,8,D,PD,AG,D
10:38:56,INDF,RG,6100,2,F,CS,CC,D
10:37:15,INDF,RG,6100,17,F,CS,AK,F
10:37:08,INDF,RG,6100,10,F,CS,CC,F
10:36:41,INDF,RG,6100,30,F,CS,BB,D
10:36:38,INDF,RG,6100,15,F,CS,CC,F
10:36:34,INDF,RG,6125,5,D,RO,AG,D
10:36:23,INDF,RG,6100,4,F,CS,PD,D
10:36:18,INDF,RG,6100,45,F,CS,BB,D
10:36:15,INDF,RG,6100,8,F,CS,AK,F
10:36:09,INDF,RG,6100,1,F,CS,CC,F
10:34:38,INDF,RG,6100,1,F,CS,SQ,D
10:34:05,INDF,RG,6100,5,F,CS,CC,F
10:33:58,INDF,RG,6100,29,F,CS,BB,D
10:33:46,INDF,RG,6100,1,F,CS,CC,F
10:33:44,INDF,RG,6100,1,F,CS,CC,D
10:32:59,INDF,RG,6100,13,F,CS,CC,F
10:32:27,INDF,RG,6100,45,F,CS,BB,D
10:32:23,INDF,RG,6125,1,D,PC,AG,D
10:32:18,INDF,RG,6125,40,D,CP,AG,D
10:32:06,INDF,RG,6100,8,F,CS,CC,F
10:31:43,INDF,RG,6125,10,D,PD,AG,D
10:31:31,INDF,RG,6125,1,D,DH,AG,D
10:31:30,INDF,RG,6100,16,F,CS,CC,F
10:31:21,INDF,RG,6100,28,F,CS,BB,D
10:31:15,INDF,RG,6100,13,F,CS,DP,D
10:31:12,INDF,RG,6100,1,F,CS,CC,D
10:31:09,INDF,RG,6100,30,F,CS,CC,F
10:31:00,INDF,RG,6100,20,F,CS,BQ,D
10:30:56,INDF,RG,6100,100,F,CS,BQ,D
10:30:48,INDF,RG,6100,3,F,CS,CC,D
10:30:45,INDF,RG,6100,19,F,CS,AK,F
10:30:27,INDF,RG,6100,16,F,CS,CC,F
10:29:52,INDF,RG,6100,27,F,CS,CC,F
10:29:40,INDF,RG,6100,11,F,CS,YP,D
10:29:32,INDF,RG,6100,26,F,CS,CC,F
10:29:12,INDF,RG,6100,26,F,CS,CC,F
10:28:55,INDF,RG,6125,4,D,XC,AG,D
10:28:51,INDF,RG,6100,13,F,CS,CC,F
10:28:44,INDF,RG,6100,29,F,CS,BB,D
10:28:38,INDF,RG,6100,47,F,CS,BB,D
10:28:09,INDF,RG,6125,2,D,NI,AG,D
10:27:29,INDF,RG,6125,2,D,PD,AG,D
10:27:09,INDF,RG,6100,2,F,CS,DP,D
10:27:07,INDF,RG,6100,14,F,CS,DP,D
10:27:00,INDF,RG,6125,10,D,CC,AG,D
10:26:40,INDF,RG,6125,2,D,NI,AG,D
10:26:06,INDF,RG,6100,29,F,CS,BB,D
10:25:45,INDF,RG,6100,6,F,CS,CC,F
10:25:43,INDF,RG,6100,25,F,CS,BQ,D
10:25:39,INDF,RG,6100,100,F,CS,BQ,D
10:25:21,INDF,RG,6100,5,F,CS,PD,D
10:25:20,INDF,RG,6100,37,F,CS,CC,F
10:25:17,INDF,RG,6100,1,F,CS,NI,D
10:24:36,INDF,RG,6100,1,F,CS,CC,D
10:24:36,INDF,RG,6100,47,F,CS,BB,D
10:24:17,INDF,RG,6100,2,F,CS,CC,F
10:23:46,INDF,RG,6125,5,D,PD,AG,D
10:23:44,INDF,RG,6125,2,D,CC,AG,D
10:23:33,INDF,RG,6125,2,D,NI,AG,D
10:23:27,INDF,RG,6100,30,F,CS,BB,D
10:23:14,INDF,RG,6100,1,F,CS,CC,D
10:23:08,INDF,RG,6125,30,D,YP,AG,D
10:22:44,INDF,RG,6100,2,F,CS,CC,D
10:21:46,INDF,RG,6100,2,F,CS,NI,D
10:21:26,INDF,RG,6125,1,D,GR,AG,D
10:21:25,INDF,RG,6100,1,F,CS,YP,D
10:21:24,INDF,RG,6125,2,D,GR,AG,D
10:21:03,INDF,RG,6100,12,F,CS,CC,F
10:20:42,INDF,RG,6100,25,F,CS,BB,D
10:20:42,INDF,RG,6100,5,D,IP,BB,D
10:20:40,INDF,RG,6100,45,D,IP,BB,D
10:20:18,INDF,RG,6125,5,D,YP,AG,D
10:20:08,INDF,RG,6100,22,D,IP,CC,F
10:19:24,INDF,RG,6100,10,D,IP,CC,F
10:19:24,INDF,RG,6100,6,D,DR,CC,F
10:19:22,INDF,RG,6125,5,D,DH,AG,D
10:19:15,INDF,RG,6100,4,D,DR,KK,D
10:19:15,INDF,RG,6100,1,D,SQ,KK,D
10:18:57,INDF,RG,6125,1,D,CC,AG,D
10:18:34,INDF,RG,6100,4,D,SQ,DH,D
10:18:22,INDF,RG,6100,13,D,SQ,CC,F
10:18:21,INDF,RG,6125,100,D,NI,AG,D
10:17:56,INDF,RG,6100,29,D,SQ,BB,D
10:17:39,INDF,RG,6125,5,D,KK,AG,D
10:17:33,INDF,RG,6125,10,D,PD,AG,D
10:16:55,INDF,RG,6125,3,D,XC,AG,D
10:16:53,INDF,RG,6125,1,D,PD,AG,D
10:16:47,INDF,RG,6125,30,D,DR,AG,D
10:16:46,INDF,RG,6100,46,D,SQ,BB,D
10:16:44,INDF,RG,6100,1,D,SQ,PC,D
10:16:44,INDF,RG,6125,10,D,DX,AG,D
10:15:52,INDF,RG,6125,2,D,SS,AG,D
10:15:42,INDF,RG,6100,2,D,SQ,CC,F
10:15:32,INDF,RG,6100,10,D,SQ,CC,F
10:15:28,INDF,RG,6125,81,D,NI,AG,D
10:15:18,INDF,RG,6100,1,D,SQ,CC,D
10:15:17,INDF,RG,6100,30,D,SQ,BB,D
10:15:12,INDF,RG,6100,81,D,SQ,NI,D
10:15:01,INDF,RG,6100,2,D,SQ,CC,D
10:14:30,INDF,RG,6100,2,D,SQ,CC,D
10:14:18,INDF,RG,6125,1,D,PD,AG,D
10:14:07,INDF,RG,6125,1,D,PD,AG,D
10:13:17,INDF,RG,6125,17,D,DH,AG,D
10:13:17,INDF,RG,6125,10,D,PD,AG,D
10:13:17,INDF,RG,6125,25,D,IH,AG,D
10:13:17,INDF,RG,6125,1,D,CC,AG,D
10:13:17,INDF,RG,6125,1,D,PD,AG,D
10:13:17,INDF,RG,6125,23,F,AK,AG,D
10:12:53,INDF,RG,6125,18,F,AK,BB,D
10:12:37,INDF,RG,6125,26,F,AK,BB,D
10:12:35,INDF,RG,6125,1,F,AK,NI,D
10:12:28,INDF,RG,6125,8,F,AK,ZP,F
10:10:54,INDF,RG,6125,5,F,AK,KK,D
10:10:28,INDF,RG,6125,5,F,AK,ZP,F
10:10:02,INDF,RG,6125,10,F,AK,NI,D
10:09:47,INDF,RG,6125,18,F,AK,BQ,D
10:09:47,INDF,RG,6125,15,D,PD,BQ,D
10:09:47,INDF,RG,6125,4,F,ZP,BQ,D
10:09:47,INDF,RG,6125,5,D,GR,BQ,D
10:09:47,INDF,RG,6125,8,D,CC,BQ,D
10:09:35,INDF,RG,6125,7,D,CC,NI,D
10:09:35,INDF,RG,6125,1,D,PD,NI,D
10:09:35,INDF,RG,6125,2,D,CC,NI,D
10:09:13,INDF,RG,6125,5,D,CC,NI,D
10:08:39,INDF,RG,6125,8,D,CC,ZP,F
10:08:39,INDF,RG,6125,1,D,PD,ZP,F
10:08:36,INDF,RG,6125,1,D,PD,EP,D
10:08:36,INDF,RG,6125,5,D,PD,EP,D
10:08:36,INDF,RG,6125,6,F,ZP,EP,D
10:08:36,INDF,RG,6125,13,D,NI,EP,D
10:08:33,INDF,RG,6125,10,D,NI,YP,D
10:07:44,INDF,RG,6125,2,D,NI,YP,D
10:07:43,INDF,RG,6125,5,D,NI,XC,D
10:07:34,INDF,RG,6125,4,D,NI,YP,D
10:07:11,INDF,RG,6125,10,D,NI,CC,D
10:07:11,INDF,RG,6125,2,D,NI,DH,D
10:07:11,INDF,RG,6125,1,D,NI,BB,D
10:07:11,INDF,RG,6125,3,D,NI,ZP,F
10:06:16,INDF,RG,6125,2,D,LG,CC,D
10:05:58,INDF,RG,6125,1,D,PD,CC,D
10:05:53,INDF,RG,6125,35,D,NI,AK,F
10:05:53,INDF,RG,6125,1,D,KK,AK,F
10:05:53,INDF,RG,6125,8,D,YP,AK,F
10:05:27,INDF,RG,6125,2,D,YP,ZP,F
10:05:27,INDF,RG,6125,5,D,YP,ZP,F
10:04:16,INDF,RG,6125,1,D,CC,AK,F
10:04:16,INDF,RG,6125,5,D,YP,AK,F
10:04:16,INDF,RG,6125,1,D,KK,AK,F
10:04:16,INDF,RG,6125,1,D,YP,AK,F
10:04:16,INDF,RG,6125,2,D,EP,AK,F
10:04:16,INDF,RG,6125,2,D,XC,AK,F
10:04:16,INDF,RG,6125,10,D,YP,AK,F
10:04:16,INDF,RG,6125,1,D,PD,AK,F
10:04:16,INDF,RG,6125,50,D,YP,AK,F
10:04:16,INDF,RG,6125,50,D,YU,AK,F
10:04:16,INDF,RG,6125,60,F,AK,AK,F
10:04:16,INDF,RG,6125,26,F,ZP,AK,F
10:04:15,INDF,RG,6125,13,F,ZP,ZP,F
10:03:33,INDF,RG,6125,40,F,ZP,BQ,D
10:03:21,INDF,RG,6125,2,F,ZP,PD,D
10:02:20,INDF,RG,6125,5,F,ZP,CC,D
9:59:00,INDF,RG,6125,4,F,ZP,DH,D
9:59:00,INDF,RG,6125,1,D,CC,DH,D
9:59:00,INDF,RG,6125,1,D,XC,DH,D
9:58:56,INDF,RG,6125,1,D,XC,BQ,D
9:58:56,INDF,RG,6125,2,D,PD,BQ,D
9:58:56,INDF,RG,6125,1,D,DR,BQ,D
9:58:56,INDF,RG,6125,1,D,NI,BQ,D
9:58:56,INDF,RG,6125,1,D,PD,BQ,D
9:58:56,INDF,RG,6125,19,D,SQ,BQ,D
9:57:56,INDF,RG,6125,1,D,SQ,CC,F
9:57:56,INDF,RG,6125,30,D,DR,CC,F
9:57:31,INDF,RG,6100,5,D,SQ,CC,F
9:57:31,INDF,RG,6125,2,D,YP,CC,F
9:57:31,INDF,RG,6125,7,D,YP,CC,F
9:57:31,INDF,RG,6125,6,F,ZP,CC,F
9:57:31,INDF,RG,6125,15,D,CC,CC,F
9:57:23,INDF,RG,6125,5,D,CC,CC,F
9:57:23,INDF,RG,6125,2,D,CC,ZP,F
9:57:05,INDF,RG,6125,1,D,DH,ZP,F
9:57:05,INDF,RG,6125,15,D,DH,AK,F
9:56:53,INDF,RG,6125,2,D,KK,CC,F
9:56:46,INDF,RG,6100,72,D,SQ,CC,F
9:56:40,INDF,RG,6125,6,D,CC,CC,F
9:56:40,INDF,RG,6125,15,D,CC,CC,F
9:56:24,INDF,RG,6125,35,D,YP,CC,F
9:56:14,INDF,RG,6125,1,D,SQ,CC,F
9:55:43,INDF,RG,6125,15,D,OD,CC,F
9:55:30,INDF,RG,6125,2,D,XC,CC,F
9:55:20,INDF,RG,6125,132,D,CC,CC,F
9:55:20,INDF,RG,6125,15,D,CC,AK,F
9:55:20,INDF,RG,6125,22,D,CC,ZP,F
9:55:20,INDF,RG,6125,331,D,CC,TF,D
9:55:19,INDF,RG,6125,15,D,DR,TF,D
9:55:12,INDF,RG,6125,2,D,PD,TF,D
9:55:10,INDF,RG,6125,1,D,OD,TF,D
9:55:02,INDF,RG,6125,15,D,PD,TF,D
9:54:57,INDF,RG,6125,36,D,ZP,TF,D
9:54:57,INDF,RG,6125,21,D,ZP,YP,F
9:54:57,INDF,RG,6125,12,D,ZP,DP,D
9:54:57,INDF,RG,6125,2,D,ZP,PD,D
9:54:57,INDF,RG,6125,1,D,ZP,CC,D
9:54:57,INDF,RG,6125,8,D,ZP,ZP,F
9:54:57,INDF,RG,6125,2,D,ZP,CC,D
9:54:57,INDF,RG,6125,53,D,ZP,BB,D
9:54:57,INDF,RG,6125,30,D,ZP,BB,D
9:53:59,INDF,RG,6100,25,D,SQ,CC,F
9:53:56,INDF,RG,6125,20,D,CC,BB,D
9:53:29,INDF,RG,6100,24,D,SQ,CC,F
9:53:28,INDF,RG,6125,1,D,YP,BB,D
9:53:28,INDF,RG,6125,2,D,YP,DP,D
9:52:57,INDF,RG,6125,10,D,CC,DP,D
9:52:44,INDF,RG,6100,2,D,SQ,CC,F
9:52:44,INDF,RG,6125,1,D,XC,CC,F
9:52:44,INDF,RG,6125,1,D,XC,CC,F
9:52:44,INDF,RG,6125,2,D,CP,CC,F
9:52:44,INDF,RG,6125,1,D,SQ,CC,F
9:52:13,INDF,RG,6125,1,D,YP,CC,F
9:52:13,INDF,RG,6125,6,D,YP,CC,F
9:51:46,INDF,RG,6125,1,D,YP,PD,D
9:51:28,INDF,RG,6125,1,D,YP,CC,D
9:51:26,INDF,RG,6125,2,D,YP,CC,F
9:51:24,INDF,RG,6125,3,D,NI,BQ,D
9:51:24,INDF,RG,6125,1,D,KK,BQ,D
9:51:24,INDF,RG,6125,2,D,PD,BQ,D
9:51:24,INDF,RG,6125,1,D,YP,BQ,D
9:51:24,INDF,RG,6125,1,D,PD,BQ,D
9:51:24,INDF,RG,6125,2,D,NI,BQ,D
9:51:12,INDF,RG,6150,11,D,NI,AT,D
9:51:00,INDF,RG,6125,18,D,NI,YP,D
9:51:00,INDF,RG,6125,1,D,NI,YP,D
9:51:00,INDF,RG,6125,5,F,ZP,YP,D
9:51:00,INDF,RG,6125,76,F,ZP,YP,D
9:50:24,INDF,RG,6125,1,F,ZP,PD,D
9:50:22,INDF,RG,6125,12,F,ZP,ZP,F
9:50:21,INDF,RG,6125,1,F,ZP,SQ,D
9:50:10,INDF,RG,6125,2,F,ZP,CC,D
9:50:02,INDF,RG,6125,19,F,ZP,CC,F
9:49:53,INDF,RG,6125,31,F,ZP,NI,D
9:49:43,INDF,RG,6125,30,F,ZP,PD,D
9:49:22,INDF,RG,6125,15,F,ZP,NI,D
9:49:22,INDF,RG,6125,3,D,YP,NI,D
9:49:22,INDF,RG,6125,5,D,NI,NI,D
9:49:22,INDF,RG,6125,8,D,DH,NI,D
9:49:22,INDF,RG,6125,9,D,YP,NI,D
9:49:07,INDF,RG,6125,3,D,YP,CC,F
9:48:33,INDF,RG,6150,1,D,PD,AT,D
9:48:32,INDF,RG,6125,4,D,YP,CC,F
9:48:13,INDF,RG,6125,4,D,YP,CC,F
9:48:13,INDF,RG,6125,10,D,YP,CC,F
9:47:38,INDF,RG,6125,10,D,CP,NI,D
9:47:38,INDF,RG,6125,5,D,DH,NI,D
9:47:38,INDF,RG,6125,25,D,YP,NI,D
9:47:38,INDF,RG,6125,2,D,PD,NI,D
9:47:38,INDF,RG,6125,8,D,NI,NI,D
9:47:11,INDF,RG,6125,20,D,NI,CC,F
9:46:48,INDF,RG,6125,22,D,NI,CC,F
9:46:48,INDF,RG,6125,2,D,KK,CC,F
9:46:48,INDF,RG,6125,10,D,NI,CC,F
9:46:48,INDF,RG,6125,3,D,YP,CC,F
9:46:23,INDF,RG,6125,10,D,YP,BQ,D
9:46:17,INDF,RG,6125,2,D,YP,CC,F
9:46:17,INDF,RG,6125,4,F,ZP,CC,F
9:45:44,INDF,RG,6125,4,F,ZP,DP,D
9:44:14,INDF,RG,6125,218,F,ZP,TF,D
9:44:14,INDF,RG,6125,100,D,CC,TF,D
9:44:14,INDF,RG,6125,5,D,DH,TF,D
9:44:14,INDF,RG,6125,50,D,NI,TF,D
9:44:14,INDF,RG,6125,10,D,EP,TF,D
9:44:14,INDF,RG,6125,5,D,YP,TF,D
9:44:14,INDF,RG,6125,50,D,NI,TF,D
9:44:14,INDF,RG,6125,1,D,CC,TF,D
9:44:14,INDF,RG,6125,30,F,AK,TF,D
9:44:14,INDF,RG,6125,131,F,BK,TF,D
9:44:14,INDF,RG,6125,10,F,BK,NI,D
9:43:49,INDF,RG,6125,8,F,BK,YP,D
9:43:49,INDF,RG,6125,5,F,ZP,YP,D
9:43:49,INDF,RG,6125,7,F,ZP,YP,D
9:43:35,INDF,RG,6150,11,F,BK,AT,D
9:43:33,INDF,RG,6150,16,F,BK,AT,D
9:43:27,INDF,RG,6125,1,F,BK,ZP,F
9:43:27,INDF,RG,6125,3,F,BK,CC,F
9:43:27,INDF,RG,6125,2,F,BK,AK,F
9:43:27,INDF,RG,6125,1,F,BK,DP,D
9:43:27,INDF,RG,6125,25,F,BK,CC,F
9:43:24,INDF,RG,6125,97,D,KI,CC,F
9:43:24,INDF,RG,6125,67,D,KI,BB,D
9:43:24,INDF,RG,6125,73,D,KI,BB,D
9:43:24,INDF,RG,6125,66,D,KI,BB,D
9:43:24,INDF,RG,6125,72,D,KI,BB,D
9:43:24,INDF,RG,6125,86,D,KI,CC,F
9:43:24,INDF,RG,6125,6,D,KI,CC,F
9:43:24,INDF,RG,6125,10,D,KI,DR,D
9:43:24,INDF,RG,6125,23,D,KI,CC,F
9:43:03,INDF,RG,6100,30,D,SQ,CC,F
9:42:54,INDF,RG,6125,4,D,DH,CC,F
9:42:49,INDF,RG,6125,2,F,BK,CC,F
9:42:49,INDF,RG,6125,10,F,BK,YP,D
9:42:49,INDF,RG,6125,3,F,BK,CC,F
9:42:47,INDF,RG,6125,2,D,YP,CC,F
9:42:47,INDF,RG,6125,17,D,YP,ZP,F
9:42:47,INDF,RG,6125,24,D,YP,CC,F
9:42:47,INDF,RG,6125,12,D,YP,DP,D
9:42:47,INDF,RG,6125,2,D,YP,CC,F
9:42:47,INDF,RG,6125,2,D,YP,CC,F
9:42:47,INDF,RG,6125,13,D,YP,CC,F
9:42:47,INDF,RG,6125,1,D,YP,CC,F
9:42:47,INDF,RG,6125,6,D,YP,CC,F
9:42:47,INDF,RG,6125,10,D,YP,PD,D
9:42:47,INDF,RG,6125,1,D,YP,CC,D
9:42:47,INDF,RG,6125,2,D,YP,AT,D
9:42:47,INDF,RG,6125,9,D,YP,CC,F
9:42:47,INDF,RG,6125,3,D,YP,CC,F
9:42:47,INDF,RG,6125,5,D,YP,CC,F
9:42:47,INDF,RG,6125,74,D,YP,ZP,F
9:42:47,INDF,RG,6125,17,D,YP,AK,F
9:42:45,INDF,RG,6125,13,F,BK,AK,F
9:42:40,INDF,RG,6125,30,F,BK,AK,F
9:42:36,INDF,RG,6125,8,F,BK,AK,F
9:42:36,INDF,RG,6125,1,F,BK,XC,D
9:42:36,INDF,RG,6125,9,F,BK,CC,D
9:42:36,INDF,RG,6125,1,D,EP,CC,D
9:42:36,INDF,RG,6125,304,D,EP,BB,D
9:42:36,INDF,RG,6125,195,D,EP,BB,D
9:42:33,INDF,RG,6100,28,D,SQ,CC,F
9:42:26,INDF,RG,6125,130,F,AK,BB,D
9:42:26,INDF,RG,6125,3,F,AK,AK,F
9:42:26,INDF,RG,6125,1,F,AK,PD,D
9:42:26,INDF,RG,6125,106,F,AK,AT,D
9:42:25,INDF,RG,6100,2,D,SQ,CC,D
9:42:20,INDF,RG,6125,500,D,EP,AT,D
9:42:07,INDF,RG,6100,5,D,SQ,DP,D
9:41:55,INDF,RG,6125,1,D,YP,AT,D
9:41:45,INDF,RG,6125,36,D,XA,AT,D
9:41:13,INDF,RG,6100,50,D,SQ,NI,D
9:41:11,INDF,RG,6100,80,D,SQ,PD,D
9:41:09,INDF,RG,6125,15,D,CC,AT,D
9:41:04,INDF,RG,6125,1,D,PD,AT,D
9:40:59,INDF,RG,6125,1,D,XC,AT,D
9:40:47,INDF,RG,6125,4,D,CC,AT,D
9:39:48,INDF,RG,6125,40,D,NI,AT,D
9:39:45,INDF,RG,6100,1,D,SQ,PD,D
9:39:44,INDF,RG,6125,7,D,YP,AT,D
9:39:44,INDF,RG,6125,11,D,YP,DP,D
9:39:44,INDF,RG,6125,1,D,YP,XC,D
9:39:44,INDF,RG,6125,4,D,YP,DR,D
9:39:44,INDF,RG,6125,14,D,YP,ZP,F
9:39:44,INDF,RG,6125,13,D,YP,BQ,D
9:39:38,INDF,RG,6125,1,D,XC,BQ,D
9:39:37,INDF,RG,6100,15,D,SQ,IF,D
9:39:32,INDF,RG,6125,1,D,CC,BQ,D
9:38:52,INDF,RG,6125,1,D,DR,BQ,D
9:38:49,INDF,RG,6125,1,D,XC,BQ,D
9:38:35,INDF,RG,6125,1,D,DR,BQ,D
9:38:22,INDF,RG,6125,1,D,XC,BQ,D
9:38:19,INDF,RG,6125,50,D,SQ,BQ,D
9:37:47,INDF,RG,6125,1,D,XC,BQ,D
9:37:47,INDF,RG,6125,3,D,KK,BQ,D
9:37:43,INDF,RG,6125,2,D,PD,BQ,D
9:37:36,INDF,RG,6125,25,D,SQ,BQ,D
9:37:36,INDF,RG,6125,15,D,SQ,ZP,F
9:37:36,INDF,RG,6125,5,D,SQ,BB,D
9:37:36,INDF,RG,6125,5,D,SQ,BB,D
9:37:15,INDF,RG,6125,2,D,XA,CC,F
9:37:15,INDF,RG,6125,1,D,KK,CC,F
9:36:37,INDF,RG,6125,1,D,YP,CC,F
9:36:29,INDF,RG,6125,1,D,XA,CC,F
9:36:19,INDF,RG,6125,11,D,PD,CC,F
9:36:19,INDF,RG,6125,19,D,PD,CC,F
9:36:12,INDF,RG,6125,15,D,YP,CC,F
9:35:49,INDF,RG,6125,50,D,YP,CC,F
9:35:49,INDF,RG,6125,15,D,YP,CC,F
9:35:33,INDF,RG,6100,1,D,SQ,CC,D
9:35:17,INDF,RG,6125,8,D,SQ,CC,F
9:35:17,INDF,RG,6125,6,D,SQ,AK,F
9:35:17,INDF,RG,6125,36,D,SQ,CC,F
9:34:56,INDF,RG,6125,87,D,YP,CC,F
9:34:56,INDF,RG,6125,1,D,YP,AK,F
9:34:56,INDF,RG,6125,2,D,YP,DP,D
9:34:56,INDF,RG,6125,30,D,YP,ZP,F
9:34:56,INDF,RG,6125,10,D,YP,AT,D
9:34:51,INDF,RG,6100,2,D,SQ,CC,D
9:34:50,INDF,RG,6100,50,D,SQ,CC,F
9:34:42,INDF,RG,6125,300,D,YP,AT,D
9:34:17,INDF,RG,6100,26,D,SQ,CC,F
9:34:15,INDF,RG,6100,129,D,SQ,AK,F
9:34:01,INDF,RG,6100,38,D,SQ,CC,F
9:34:00,INDF,RG,6100,1,D,SQ,AK,F
9:33:20,INDF,RG,6100,1,D,SQ,CC,F
9:31:46,INDF,RG,6100,4,D,SQ,CC,F
9:31:40,INDF,RG,6100,15,D,SQ,PD,D
9:31:20,INDF,RG,6100,1,D,SQ,CC,F
9:30:53,INDF,RG,6125,30,D,YP,AT,D
9:30:24,INDF,RG,6100,47,D,SQ,CC,F
