Time,Stock,Brd,Price,Qty,BT,BC,SC,ST
15:12:12,ICBP,RG,9500,5,D,YU,NI,D
15:11:57,ICBP,RG,9500,10,D,DX,NI,D
15:06:33,ICBP,RG,9500,5,D,YP,NI,D
15:03:15,ICBP,RG,9500,1,D,XC,NI,D
15:02:59,ICBP,RG,9500,1,D,YB,NI,D
15:01:21,ICBP,RG,9500,10,D,NI,NI,D
15:01:04,ICBP,RG,9500,1,D,SQ,NI,D
15:00:00,ICBP,RG,9500,6,D,YP,NI,D
15:00:00,ICBP,RG,9500,5,D,TP,NI,D
15:00:00,ICBP,RG,9500,26,D,GR,NI,D
15:00:00,ICBP,RG,9500,5,D,TF,NI,D
15:00:00,ICBP,RG,9500,2,D,XC,NI,D
15:00:00,ICBP,RG,9500,1,D,XC,NI,D
15:00:00,ICBP,RG,9500,297,D,KZ,NI,D
15:00:00,ICBP,RG,9500,1,D,KZ,DR,D
15:00:00,ICBP,RG,9500,1,D,KZ,KK,D
15:00:00,ICBP,RG,9500,47,D,KZ,SQ,D
15:00:00,ICBP,RG,9500,1,D,KZ,YP,D
15:00:00,ICBP,RG,9500,15,D,KZ,KK,D
15:00:00,ICBP,RG,9500,10,D,KZ,HP,D
15:00:00,ICBP,RG,9500,10,D,KZ,PD,D
15:00:00,ICBP,RG,9500,100,D,KZ,YP,D
15:00:00,ICBP,RG,9500,3,D,KZ,YP,D
15:00:00,ICBP,RG,9500,57,D,KZ,PD,D
15:00:00,ICBP,RG,9500,20,D,KZ,GR,D
15:00:00,ICBP,RG,9500,3,D,KZ,YP,D
15:00:00,ICBP,RG,9500,50,D,KZ,GR,D
15:00:00,ICBP,RG,9500,50,D,KZ,YP,D
15:00:00,ICBP,RG,9500,2,D,KZ,HP,D
15:00:00,ICBP,RG,9500,20,D,KZ,YP,D
15:00:00,ICBP,RG,9500,1,D,KZ,YP,D
15:00:00,ICBP,RG,9500,2,D,KZ,YP,D
15:00:00,ICBP,RG,9500,2,D,KZ,PD,D
15:00:00,ICBP,RG,9500,3,D,KZ,TP,D
15:00:00,ICBP,RG,9500,10,D,KZ,PD,D
15:00:00,ICBP,RG,9500,10,D,KZ,EP,D
15:00:00,ICBP,RG,9500,1,D,KZ,NI,D
15:00:00,ICBP,RG,9500,2,D,KZ,XC,D
15:00:00,ICBP,RG,9500,1,D,KZ,AI,D
15:00:00,ICBP,RG,9500,1,D,KZ,YP,D
15:00:00,ICBP,RG,9500,147,D,KZ,DH,D
15:00:00,ICBP,RG,9500,2,D,KZ,PD,D
15:00:00,ICBP,RG,9500,2,D,KZ,PD,D
15:00:00,ICBP,RG,9500,1,D,KZ,KK,D
15:00:00,ICBP,RG,9500,1395,D,KZ,NI,D
15:00:00,ICBP,RG,9500,2,D,KZ,CC,D
15:00:00,ICBP,RG,9500,12,D,KZ,GR,D
15:00:00,ICBP,RG,9500,7,D,KZ,YP,D
15:00:00,ICBP,RG,9500,5,D,KZ,YP,D
15:00:00,ICBP,RG,9500,35,D,KZ,KK,D
15:00:00,ICBP,RG,9500,2,D,KZ,PD,D
15:00:00,ICBP,RG,9500,100,D,KZ,GR,D
15:00:00,ICBP,RG,9500,1,D,KZ,AT,D
15:00:00,ICBP,RG,9500,5,D,KZ,YP,D
15:00:00,ICBP,RG,9500,1,D,KZ,YP,D
15:00:00,ICBP,RG,9500,1,D,KZ,GR,D
15:00:00,ICBP,RG,9500,2,D,KZ,XC,D
15:00:00,ICBP,RG,9500,1,D,KZ,YP,D
15:00:00,ICBP,RG,9500,10,D,KZ,YP,D
15:00:00,ICBP,RG,9500,15,D,KZ,NI,D
15:00:00,ICBP,RG,9500,641,D,KZ,NI,D
15:00:00,ICBP,RG,9500,1,D,YP,NI,D
15:00:00,ICBP,RG,9500,162,D,NI,NI,D
15:00:00,ICBP,RG,9500,1580,D,NI,NI,D
15:00:00,ICBP,RG,9500,5,D,NI,GR,D
15:00:00,ICBP,RG,9500,45,D,NI,YP,D
15:00:00,ICBP,RG,9500,2,D,NI,YP,D
15:00:00,ICBP,RG,9500,1,D,NI,CC,D
15:00:00,ICBP,RG,9500,10,D,NI,PD,D
15:00:00,ICBP,RG,9500,9,D,NI,YP,D
15:00:00,ICBP,RG,9500,5,D,NI,KK,D
15:00:00,ICBP,RG,9500,1,D,NI,YP,D
15:00:00,ICBP,RG,9500,50,D,NI,AF,D
15:00:00,ICBP,RG,9500,1,D,NI,PD,D
15:00:00,ICBP,RG,9500,1,D,NI,YP,D
15:00:00,ICBP,RG,9500,1,D,NI,CC,D
15:00:00,ICBP,RG,9500,1,D,NI,AZ,D
15:00:00,ICBP,RG,9500,30,D,NI,CC,D
15:00:00,ICBP,RG,9500,2,D,NI,YP,D
15:00:00,ICBP,RG,9500,5,D,NI,CC,D
15:00:00,ICBP,RG,9500,4,D,NI,PD,D
15:00:00,ICBP,RG,9500,1,D,NI,NI,D
15:00:00,ICBP,RG,9500,1,D,NI,XC,D
15:00:00,ICBP,RG,9500,200,D,NI,RO,D
15:00:00,ICBP,RG,9500,100,D,NI,RO,D
15:00:00,ICBP,RG,9500,50,D,NI,RO,D
15:00:00,ICBP,RG,9500,200,D,NI,RO,D
15:00:00,ICBP,RG,9500,10,D,NI,SQ,D
15:00:00,ICBP,RG,9500,5,D,NI,EP,D
15:00:00,ICBP,RG,9500,5,D,NI,YP,D
15:00:00,ICBP,RG,9500,5,D,NI,YP,D
15:00:00,ICBP,RG,9500,2,D,NI,YP,D
15:00:00,ICBP,RG,9500,324,D,NI,ZP,F
15:00:00,ICBP,RG,9500,1,D,CC,ZP,F
15:00:00,ICBP,RG,9500,18,F,BK,ZP,F
15:00:00,ICBP,RG,9500,90,D,BB,ZP,F
15:00:00,ICBP,RG,9500,1,F,RX,ZP,F
15:00:00,ICBP,RG,9500,168,F,RX,ZP,F
15:00:00,ICBP,RG,9500,96,F,RX,AK,F
15:00:00,ICBP,RG,9500,408,F,RX,KZ,F
15:00:00,ICBP,RG,9500,150,D,RX,KZ,F
15:00:00,ICBP,RG,9500,80,D,CC,KZ,F
15:00:00,ICBP,RG,9500,43,D,IF,KZ,F
15:00:00,ICBP,RG,9500,432,D,OD,KZ,F
15:00:00,ICBP,RG,9500,233,D,OD,YU,F
15:00:00,ICBP,RG,9500,14,D,OD,CC,D
14:49:46,ICBP,RG,9475,50,D,KZ,CP,D
14:49:40,ICBP,RG,9500,9,D,BB,NI,D
14:49:40,ICBP,RG,9500,1,D,BB,NI,D
14:49:39,ICBP,RG,9500,34,D,BB,NI,D
14:49:39,ICBP,RG,9500,34,D,BB,NI,D
14:49:38,ICBP,RG,9500,1,D,BB,NI,D
14:49:38,ICBP,RG,9500,1,D,BB,NI,D
14:49:38,ICBP,RG,9500,1,D,BB,NI,D
14:49:37,ICBP,RG,9500,1,D,BB,NI,D
14:49:37,ICBP,RG,9500,1,D,BB,NI,D
14:49:37,ICBP,RG,9500,53,D,BB,NI,D
14:49:37,ICBP,RG,9500,46,D,BB,NI,D
14:49:36,ICBP,RG,9500,13,D,BB,NI,D
14:49:36,ICBP,RG,9500,124,D,BB,NI,D
14:49:35,ICBP,RG,9500,1,D,BB,NI,D
14:49:35,ICBP,RG,9500,91,D,BB,NI,D
14:49:35,ICBP,RG,9500,1,D,BB,NI,D
14:49:35,ICBP,RG,9500,1,D,BB,NI,D
14:49:34,ICBP,RG,9500,403,D,BB,NI,D
14:49:34,ICBP,RG,9500,1,D,BB,NI,D
14:49:34,ICBP,RG,9500,6,D,RX,NI,D
14:49:34,ICBP,RG,9475,1,D,KZ,RX,D
14:49:33,ICBP,RG,9500,3,D,BB,NI,D
14:49:33,ICBP,RG,9500,1,D,BB,NI,D
14:49:32,ICBP,RG,9500,33,D,BB,NI,D
14:49:32,ICBP,RG,9500,3,D,BB,NI,D
14:49:32,ICBP,RG,9500,14,D,BB,NI,D
14:49:31,ICBP,RG,9500,1,D,BB,NI,D
14:49:31,ICBP,RG,9500,1,D,BB,NI,D
14:49:31,ICBP,RG,9500,30,D,BB,NI,D
14:49:30,ICBP,RG,9500,1,D,BB,NI,D
14:49:30,ICBP,RG,9500,15,D,BB,NI,D
14:49:30,ICBP,RG,9500,12,D,BB,NI,D
14:49:30,ICBP,RG,9500,1,D,BB,NI,D
14:49:29,ICBP,RG,9500,115,D,BB,NI,D
14:49:29,ICBP,RG,9500,1,D,BB,NI,D
14:49:29,ICBP,RG,9500,1,D,BB,NI,D
14:49:29,ICBP,RG,9500,1,D,BB,NI,D
14:49:29,ICBP,RG,9500,1,D,BB,NI,D
14:49:28,ICBP,RG,9500,5,D,BB,NI,D
14:49:26,ICBP,RG,9500,1,D,BB,NI,D
14:49:25,ICBP,RG,9500,41,D,BB,NI,D
14:49:24,ICBP,RG,9500,4,D,BB,NI,D
14:49:23,ICBP,RG,9500,10,D,BB,NI,D
14:49:23,ICBP,RG,9500,12,D,BB,NI,D
14:49:22,ICBP,RG,9500,11,D,BB,NI,D
14:49:21,ICBP,RG,9500,1,D,BB,NI,D
14:49:20,ICBP,RG,9500,30,D,BB,NI,D
14:49:19,ICBP,RG,9500,114,D,BB,NI,D
14:49:19,ICBP,RG,9500,8,D,PD,NI,D
14:49:18,ICBP,RG,9500,3,D,BB,NI,D
14:49:18,ICBP,RG,9500,3,D,BB,NI,D
14:49:18,ICBP,RG,9500,14,D,BB,NI,D
14:49:16,ICBP,RG,9500,1,D,BB,NI,D
14:49:15,ICBP,RG,9500,14,D,BB,NI,D
14:49:15,ICBP,RG,9500,119,D,BB,NI,D
14:49:15,ICBP,RG,9500,4,D,BB,NI,D
14:49:13,ICBP,RG,9500,9,D,BB,NI,D
14:49:13,ICBP,RG,9500,11,D,BB,NI,D
14:49:13,ICBP,RG,9500,36,D,BB,NI,D
14:49:11,ICBP,RG,9500,16,D,BB,NI,D
14:49:11,ICBP,RG,9500,1,D,BB,NI,D
14:49:10,ICBP,RG,9500,1,D,BB,NI,D
14:49:10,ICBP,RG,9500,73,D,BB,NI,D
14:49:09,ICBP,RG,9500,16,D,BB,NI,D
14:49:09,ICBP,RG,9500,4,D,BB,NI,D
14:49:07,ICBP,RG,9500,5,D,RX,NI,D
14:49:06,ICBP,RG,9500,2,D,BB,NI,D
14:49:06,ICBP,RG,9500,18,D,BB,NI,D
14:49:05,ICBP,RG,9500,6,D,BB,NI,D
14:49:05,ICBP,RG,9500,10,D,BB,NI,D
14:49:04,ICBP,RG,9500,16,D,BB,NI,D
14:49:03,ICBP,RG,9500,26,D,BB,NI,D
14:49:03,ICBP,RG,9500,1,D,BB,NI,D
14:49:03,ICBP,RG,9500,69,D,BB,NI,D
14:49:01,ICBP,RG,9500,1,D,BB,NI,D
14:49:01,ICBP,RG,9500,13,D,BB,NI,D
14:49:01,ICBP,RG,9500,37,D,BB,NI,D
14:49:00,ICBP,RG,9500,7,D,BB,NI,D
14:48:57,ICBP,RG,9500,3,D,BB,NI,D
14:48:57,ICBP,RG,9500,104,D,BB,NI,D
14:48:57,ICBP,RG,9500,6,D,BB,NI,D
14:48:56,ICBP,RG,9500,2,D,BB,NI,D
14:48:56,ICBP,RG,9500,28,D,BB,NI,D
14:48:55,ICBP,RG,9500,10,D,BB,NI,D
14:48:54,ICBP,RG,9500,22,D,BB,NI,D
14:48:53,ICBP,RG,9475,1,D,KZ,RX,D
14:48:52,ICBP,RG,9500,8,D,BB,NI,D
14:48:52,ICBP,RG,9500,6,D,BB,NI,D
14:48:51,ICBP,RG,9500,6,D,BB,NI,D
14:48:51,ICBP,RG,9500,2,D,BB,NI,D
14:48:49,ICBP,RG,9500,11,D,BB,NI,D
14:48:48,ICBP,RG,9500,2,D,BB,NI,D
14:48:48,ICBP,RG,9500,28,D,BB,NI,D
14:48:42,ICBP,RG,9500,14,D,BB,NI,D
14:48:35,ICBP,RG,9500,25,D,BB,NI,D
14:48:27,ICBP,RG,9500,2,D,CC,NI,D
14:48:23,ICBP,RG,9500,15,D,BB,NI,D
14:48:17,ICBP,RG,9500,5,D,RX,NI,D
14:48:16,ICBP,RG,9475,2,D,KZ,KK,D
14:48:15,ICBP,RG,9500,13,D,BB,NI,D
14:48:08,ICBP,RG,9500,109,D,BB,NI,D
14:48:08,ICBP,RG,9500,6,D,BB,YP,D
14:47:47,ICBP,RG,9500,5,D,RX,YP,D
14:47:47,ICBP,RG,9475,25,D,KZ,CC,D
14:47:38,ICBP,RG,9475,2,D,KZ,DR,D
14:47:29,ICBP,RG,9475,1,D,KZ,RX,D
14:46:57,ICBP,RG,9500,4,D,RX,YP,D
14:46:57,ICBP,RG,9500,2,D,RX,PD,D
14:46:52,ICBP,RG,9500,2,D,CP,PD,D
14:46:43,ICBP,RG,9475,98,D,KZ,AK,F
14:46:43,ICBP,RG,9475,1,D,KZ,XL,D
14:46:37,ICBP,RG,9475,1,D,KZ,DR,D
14:46:34,ICBP,RG,9500,1,D,BB,PD,D
14:46:34,ICBP,RG,9500,15,D,BB,YP,D
14:46:34,ICBP,RG,9500,87,D,BB,KI,D
14:46:21,ICBP,RG,9475,1,D,KZ,RX,D
14:46:19,ICBP,RG,9500,2,D,BB,KI,D
14:46:17,ICBP,RG,9500,9,D,BB,KI,D
14:46:16,ICBP,RG,9500,8,D,BB,KI,D
14:46:16,ICBP,RG,9500,1,D,BB,PD,D
14:46:16,ICBP,RG,9500,20,D,BB,KK,D
14:46:16,ICBP,RG,9500,1,D,BB,PD,D
14:46:16,ICBP,RG,9500,2,D,BB,CC,D
14:46:13,ICBP,RG,9500,23,D,BB,CC,D
14:46:13,ICBP,RG,9500,15,D,BB,YP,D
14:46:13,ICBP,RG,9500,8,D,BB,DR,D
14:46:13,ICBP,RG,9500,28,D,BB,AK,F
14:46:13,ICBP,RG,9500,34,D,BB,KZ,F
14:46:13,ICBP,RG,9500,1,D,BB,KZ,F
14:46:12,ICBP,RG,9500,44,D,BB,KZ,F
14:46:12,ICBP,RG,9500,14,D,BB,KZ,F
14:46:11,ICBP,RG,9500,37,D,BB,KZ,F
14:46:08,ICBP,RG,9500,6,D,RX,KZ,F
14:46:07,ICBP,RG,9500,9,D,BB,KZ,F
14:46:06,ICBP,RG,9500,1,D,BB,KZ,F
14:46:05,ICBP,RG,9500,35,D,BB,KZ,F
14:46:04,ICBP,RG,9500,19,D,BB,KZ,F
14:46:04,ICBP,RG,9500,14,D,BB,NI,D
14:46:03,ICBP,RG,9500,1,D,BB,NI,D
14:46:02,ICBP,RG,9500,385,D,BB,NI,D
14:45:39,ICBP,RG,9500,5,D,RX,NI,D
14:45:38,ICBP,RG,9475,1,D,KZ,YP,D
14:45:03,ICBP,RG,9475,34,D,KZ,YP,D
14:45:02,ICBP,RG,9475,1,D,KZ,RX,D
14:45:01,ICBP,RG,9475,1,D,KZ,XC,D
14:44:59,ICBP,RG,9475,20,D,KZ,YP,D
14:44:37,ICBP,RG,9500,5,D,RX,NI,D
14:44:25,ICBP,RG,9500,42,F,RX,NI,D
14:44:20,ICBP,RG,9500,1,D,XL,NI,D
14:44:20,ICBP,RG,9500,297,F,YU,NI,D
14:44:20,ICBP,RG,9500,2,F,YU,DX,D
14:44:20,ICBP,RG,9500,5,F,YU,XC,D
14:44:20,ICBP,RG,9500,6,F,YU,NI,D
14:44:20,ICBP,RG,9500,25,F,YU,SQ,D
14:44:20,ICBP,RG,9500,4,F,YU,DR,D
14:44:20,ICBP,RG,9500,1,F,YU,YP,D
14:44:20,ICBP,RG,9500,660,F,YU,NI,D
14:44:17,ICBP,RG,9500,5,D,RX,NI,D
14:43:36,ICBP,RG,9500,104,D,BB,NI,D
14:43:27,ICBP,RG,9475,1,D,KZ,RX,D
14:43:23,ICBP,RG,9500,113,D,BB,NI,D
14:43:23,ICBP,RG,9500,14,D,BB,NI,D
14:43:22,ICBP,RG,9500,32,D,BB,NI,D
14:43:20,ICBP,RG,9500,9,D,BB,NI,D
14:43:18,ICBP,RG,9500,36,D,BB,NI,D
14:43:18,ICBP,RG,9500,1,D,BB,NI,D
14:43:18,ICBP,RG,9500,44,D,BB,NI,D
14:43:17,ICBP,RG,9500,10,D,BB,NI,D
14:43:17,ICBP,RG,9500,2,D,BB,NI,D
14:43:17,ICBP,RG,9500,1,D,BB,NI,D
14:43:16,ICBP,RG,9500,33,D,BB,NI,D
14:43:15,ICBP,RG,9475,153,D,KZ,CC,D
14:43:15,ICBP,RG,9475,103,D,KZ,CC,D
14:43:15,ICBP,RG,9475,46,D,KZ,CC,D
14:43:15,ICBP,RG,9475,11,D,KZ,CC,D
14:43:15,ICBP,RG,9475,2,D,YP,CC,D
14:43:15,ICBP,RG,9475,123,D,YP,CC,D
14:43:15,ICBP,RG,9475,1,D,KK,CC,D
14:43:15,ICBP,RG,9475,38,D,KZ,CC,D
14:43:15,ICBP,RG,9475,150,D,KZ,CC,D
14:43:15,ICBP,RG,9475,1,D,PD,CC,D
14:43:15,ICBP,RG,9475,48,D,KZ,CC,D
14:43:15,ICBP,RG,9475,186,D,KZ,CC,D
14:43:15,ICBP,RG,9475,5,D,YP,CC,D
14:43:15,ICBP,RG,9475,1,D,XC,CC,D
14:43:15,ICBP,RG,9475,2,D,KZ,CC,D
14:43:10,ICBP,RG,9500,36,D,BB,NI,D
14:43:10,ICBP,RG,9500,381,D,BB,NI,D
14:42:59,ICBP,RG,9475,42,D,KZ,XC,D
14:42:59,ICBP,RG,9475,36,D,KZ,XC,D
14:42:54,ICBP,RG,9475,1,D,KZ,NI,D
14:42:22,ICBP,RG,9500,5,D,LG,NI,D
14:42:22,ICBP,RG,9475,1,D,KZ,XL,D
14:42:02,ICBP,RG,9500,1,D,XC,NI,D
14:41:57,ICBP,RG,9475,1,D,KZ,RX,D
14:41:41,ICBP,RG,9500,3,D,AZ,NI,D
14:41:31,ICBP,RG,9500,29,D,YU,NI,D
14:41:15,ICBP,RG,9475,10,D,KZ,CC,D
14:40:35,ICBP,RG,9500,66,D,BB,NI,D
14:40:32,ICBP,RG,9500,20,D,BB,NI,D
14:40:30,ICBP,RG,9500,23,D,BB,NI,D
14:40:29,ICBP,RG,9500,9,D,BB,NI,D
14:40:29,ICBP,RG,9500,1,D,BB,NI,D
14:40:29,ICBP,RG,9500,5,D,BB,NI,D
14:40:28,ICBP,RG,9500,5,D,BB,NI,D
14:40:26,ICBP,RG,9500,20,D,BB,NI,D
14:40:25,ICBP,RG,9500,1,D,BB,NI,D
14:40:24,ICBP,RG,9500,66,D,BB,NI,D
14:40:23,ICBP,RG,9500,26,D,BB,NI,D
14:40:20,ICBP,RG,9500,222,D,BB,NI,D
14:40:18,ICBP,RG,9500,19,D,BB,NI,D
14:40:01,ICBP,RG,9475,5,D,KZ,NI,D
14:40:00,ICBP,RG,9500,18,D,YU,NI,D
14:39:59,ICBP,RG,9500,59,D,PD,NI,D
14:38:58,ICBP,RG,9475,25,D,KZ,YP,D
14:37:35,ICBP,RG,9475,3,D,KZ,XA,D
14:37:26,ICBP,RG,9475,1,D,KZ,XL,D
14:36:28,ICBP,RG,9475,1,D,KZ,PD,D
14:35:35,ICBP,RG,9500,2,D,YU,NI,D
14:35:03,ICBP,RG,9500,50,D,YP,NI,D
14:35:03,ICBP,RG,9500,267,D,BB,NI,D
14:35:03,ICBP,RG,9500,91,D,BB,NI,D
14:35:03,ICBP,RG,9500,107,D,BB,NI,D
14:35:03,ICBP,RG,9500,3,D,BB,NI,D
14:35:03,ICBP,RG,9500,82,D,BB,NI,D
14:35:03,ICBP,RG,9500,78,D,BB,NI,D
14:35:03,ICBP,RG,9500,22,D,BB,NI,D
14:35:03,ICBP,RG,9500,86,D,BB,NI,D
14:35:03,ICBP,RG,9500,23,D,BB,NI,D
14:35:03,ICBP,RG,9500,35,D,BB,NI,D
14:35:03,ICBP,RG,9500,1,D,BB,NI,D
14:35:03,ICBP,RG,9500,4,D,BB,NI,D
14:35:03,ICBP,RG,9500,4,D,BB,NI,D
14:35:03,ICBP,RG,9500,243,D,BB,NI,D
14:35:03,ICBP,RG,9500,941,D,BB,NI,D
14:35:03,ICBP,RG,9500,428,D,OD,NI,D
14:35:03,ICBP,RG,9500,104,D,BB,NI,D
14:34:50,ICBP,RG,9500,32,D,BB,PD,D
14:34:50,ICBP,RG,9500,46,D,KZ,PD,D
14:34:36,ICBP,RG,9500,82,D,KZ,NI,D
14:34:32,ICBP,RG,9500,25,D,KZ,AZ,D
14:34:17,ICBP,RG,9500,50,D,KZ,PD,D
14:34:02,ICBP,RG,9500,1,D,KZ,CC,D
14:34:00,ICBP,RG,9500,50,D,KZ,PD,D
14:34:00,ICBP,RG,9500,2,D,KZ,CC,D
14:34:00,ICBP,RG,9500,294,D,KZ,NI,D
14:34:00,ICBP,RG,9500,130,D,KZ,NI,D
14:33:59,ICBP,RG,9500,1,D,PD,NI,D
14:33:52,ICBP,RG,9500,43,D,RX,NI,D
14:33:52,ICBP,RG,9500,1158,F,YU,NI,D
14:33:52,ICBP,RG,9500,774,D,BB,NI,D
14:33:52,ICBP,RG,9500,397,F,RX,NI,D
14:33:52,ICBP,RG,9500,12,D,YU,NI,D
14:33:52,ICBP,RG,9500,440,D,BB,NI,D
14:33:52,ICBP,RG,9500,807,D,BB,NI,D
14:33:52,ICBP,RG,9500,273,D,BB,NI,D
14:33:52,ICBP,RG,9500,321,D,BB,NI,D
14:33:49,ICBP,RG,9500,2,D,BB,PD,D
14:33:49,ICBP,RG,9500,8,D,BB,PD,D
14:33:49,ICBP,RG,9500,1,D,BB,CC,D
14:33:30,ICBP,RG,9500,40,D,BB,LG,D
14:33:26,ICBP,RG,9500,1,D,BB,TP,D
14:33:23,ICBP,RG,9525,5,D,RX,PD,D
14:33:23,ICBP,RG,9500,15,D,BB,GR,D
14:33:15,ICBP,RG,9500,5,D,BB,PD,D
14:33:15,ICBP,RG,9500,1,D,BB,PD,D
14:33:15,ICBP,RG,9500,2,D,BB,YP,D
14:33:15,ICBP,RG,9500,3,D,BB,RX,D
14:33:15,ICBP,RG,9500,179,D,BB,NI,D
14:33:15,ICBP,RG,9500,236,D,BB,NI,D
14:33:15,ICBP,RG,9500,66,D,BB,NI,D
14:33:15,ICBP,RG,9500,259,D,BB,NI,D
14:33:15,ICBP,RG,9500,10,D,BB,NI,D
14:33:15,ICBP,RG,9500,37,D,BB,AK,F
14:33:15,ICBP,RG,9500,10,D,BB,SQ,D
14:33:15,ICBP,RG,9500,12,D,BB,NI,D
14:33:15,ICBP,RG,9500,105,D,BB,NI,D
14:33:15,ICBP,RG,9500,4,D,BB,NI,D
14:33:15,ICBP,RG,9500,13,D,BB,NI,D
14:33:15,ICBP,RG,9500,13,D,BB,NI,D
14:33:15,ICBP,RG,9500,733,D,BB,NI,D
14:33:15,ICBP,RG,9500,1445,D,BB,NI,D
14:33:15,ICBP,RG,9500,4,D,BB,XL,D
14:33:15,ICBP,RG,9500,2,D,BB,CC,D
14:33:15,ICBP,RG,9500,15,D,BB,YP,D
14:33:15,ICBP,RG,9500,198,D,BB,KZ,F
14:33:15,ICBP,RG,9500,13,D,BB,NI,D
14:33:15,ICBP,RG,9500,29,D,BB,KK,D
14:33:15,ICBP,RG,9500,3,D,BB,XC,D
14:33:15,ICBP,RG,9500,300,D,BB,YU,D
14:33:15,ICBP,RG,9500,1,D,BB,KK,D
14:33:15,ICBP,RG,9500,2,D,BB,CC,D
14:33:15,ICBP,RG,9500,50,D,BB,CC,D
14:33:15,ICBP,RG,9500,50,D,BB,SQ,D
14:33:15,ICBP,RG,9500,9,D,BB,XC,D
14:33:15,ICBP,RG,9500,5,D,BB,PD,D
14:33:15,ICBP,RG,9500,10,D,BB,KI,D
14:33:15,ICBP,RG,9500,10,D,BB,YP,D
14:33:15,ICBP,RG,9500,2,D,BB,PD,D
14:33:15,ICBP,RG,9500,500,D,BB,NI,D
14:33:15,ICBP,RG,9500,5,D,BB,HP,D
14:33:15,ICBP,RG,9500,180,D,BB,KZ,F
14:33:15,ICBP,RG,9500,1,D,BB,XL,D
14:33:15,ICBP,RG,9500,1,D,BB,YP,D
14:33:15,ICBP,RG,9500,8,D,BB,YP,D
14:33:15,ICBP,RG,9475,1,D,KZ,LG,D
14:32:31,ICBP,RG,9475,2,D,KZ,XL,D
14:32:28,ICBP,RG,9475,2,D,KZ,PD,D
14:32:00,ICBP,RG,9475,69,D,KZ,HP,D
14:32:00,ICBP,RG,9475,1,D,PD,HP,D
14:32:00,ICBP,RG,9475,2,D,PD,HP,D
14:32:00,ICBP,RG,9475,5,D,KK,HP,D
14:32:00,ICBP,RG,9475,2,D,YP,HP,D
14:32:00,ICBP,RG,9475,5,D,NI,HP,D
14:32:00,ICBP,RG,9475,16,F,RX,HP,D
14:31:19,ICBP,RG,9500,30,F,AK,YP,D
14:31:19,ICBP,RG,9500,1,F,AK,PD,D
14:31:19,ICBP,RG,9500,2,F,AK,DH,D
14:31:19,ICBP,RG,9500,22,F,AK,YP,D
14:31:19,ICBP,RG,9500,20,F,AK,CC,D
14:31:19,ICBP,RG,9500,3,F,AK,NI,D
14:31:19,ICBP,RG,9500,1,F,AK,YP,D
14:31:19,ICBP,RG,9500,25,F,AK,NI,D
14:31:19,ICBP,RG,9500,2,F,AK,RX,D
14:31:19,ICBP,RG,9500,1,F,AK,CC,D
14:31:19,ICBP,RG,9500,1,F,AK,YP,D
14:31:19,ICBP,RG,9500,1,F,AK,YP,D
14:31:19,ICBP,RG,9500,1,F,AK,DH,D
14:31:19,ICBP,RG,9500,125,F,AK,PD,D
14:31:19,ICBP,RG,9500,4,F,AK,KK,D
14:31:19,ICBP,RG,9500,1,F,AK,KK,D
14:31:19,ICBP,RG,9500,5,F,AK,KK,D
14:31:19,ICBP,RG,9500,55,F,AK,KZ,F
14:31:19,ICBP,RG,9500,81,F,BK,KZ,F
14:31:19,ICBP,RG,9500,15,F,BK,PC,D
14:31:19,ICBP,RG,9500,1,F,BK,KK,D
14:31:19,ICBP,RG,9500,2325,F,BK,NI,D
14:31:19,ICBP,RG,9500,1,F,BK,KK,D
14:31:19,ICBP,RG,9500,30,F,BK,DR,D
14:31:19,ICBP,RG,9500,259,F,BK,CC,D
14:31:19,ICBP,RG,9500,5,D,CC,CC,D
14:30:53,ICBP,RG,9500,200,D,OD,CC,D
14:30:47,ICBP,RG,9500,200,D,OD,CC,D
14:30:44,ICBP,RG,9500,536,F,YU,CC,D
14:30:43,ICBP,RG,9500,42,D,BB,CC,D
14:30:43,ICBP,RG,9500,49,D,BB,CC,D
14:30:43,ICBP,RG,9500,2,D,BB,CC,D
14:30:43,ICBP,RG,9500,13,D,BB,CC,D
14:30:43,ICBP,RG,9500,3,D,BB,CC,D
14:30:43,ICBP,RG,9500,46,D,BB,CC,D
14:30:42,ICBP,RG,9500,100,D,OD,CC,D
14:30:36,ICBP,RG,9500,1,D,BB,CC,D
14:30:36,ICBP,RG,9500,13,D,BB,CC,D
14:30:34,ICBP,RG,9500,3,D,BB,CC,D
14:30:34,ICBP,RG,9500,216,D,BB,CC,D
14:30:34,ICBP,RG,9500,688,D,BB,CC,D
14:30:34,ICBP,RG,9500,44,D,BB,CC,D
14:30:32,ICBP,RG,9500,144,D,BB,CC,D
14:30:32,ICBP,RG,9500,63,D,BB,CC,D
14:30:32,ICBP,RG,9500,22,D,BB,CC,D
14:30:32,ICBP,RG,9500,1037,F,YU,CC,D
14:30:31,ICBP,RG,9500,180,F,YU,CC,D
14:30:31,ICBP,RG,9500,1,F,YU,SQ,D
14:30:31,ICBP,RG,9500,1,F,YU,XC,D
14:30:31,ICBP,RG,9500,2,F,YU,YP,D
14:30:31,ICBP,RG,9500,2,F,YU,YP,D
14:30:31,ICBP,RG,9500,1377,F,YU,DX,D
14:30:30,ICBP,RG,9500,2805,F,BK,DX,D
14:30:30,ICBP,RG,9500,9,D,BB,DX,D
14:30:30,ICBP,RG,9500,19,D,BB,DX,D
14:30:30,ICBP,RG,9500,76,D,BB,DX,D
14:30:30,ICBP,RG,9500,7,D,BB,DX,D
14:30:30,ICBP,RG,9500,8,D,BB,DX,D
14:30:30,ICBP,RG,9500,2,D,BB,DX,D
14:30:30,ICBP,RG,9500,9,D,BB,DX,D
14:30:30,ICBP,RG,9500,2,D,BB,DX,D
14:30:30,ICBP,RG,9500,686,F,YU,DX,D
14:30:30,ICBP,RG,9500,10,F,YU,AZ,D
14:30:30,ICBP,RG,9500,91,F,YU,KZ,F
14:30:30,ICBP,RG,9500,8,F,YU,OD,D
14:30:30,ICBP,RG,9500,4,F,YU,PD,D
14:30:30,ICBP,RG,9500,1,F,YU,LG,D
14:30:30,ICBP,RG,9500,25,F,YU,SQ,D
14:30:30,ICBP,RG,9500,1,F,YU,CC,D
14:30:30,ICBP,RG,9500,5,F,YU,YP,D
14:30:30,ICBP,RG,9500,4,F,YU,NI,D
14:30:30,ICBP,RG,9500,5,F,YU,YP,D
14:30:30,ICBP,RG,9500,46,F,YU,AK,F
14:30:30,ICBP,RG,9500,50,F,YU,PD,D
14:30:30,ICBP,RG,9500,50,F,YU,SQ,D
14:30:30,ICBP,RG,9500,67,F,YU,KZ,F
14:30:30,ICBP,RG,9500,10,F,YU,DH,D
14:30:30,ICBP,RG,9500,1,F,YU,YP,D
14:30:30,ICBP,RG,9500,5,F,YU,XC,D
14:30:30,ICBP,RG,9500,100,F,YU,LS,D
14:30:30,ICBP,RG,9500,2,F,YU,XC,D
14:30:30,ICBP,RG,9500,1,F,YU,YP,D
14:30:30,ICBP,RG,9500,5,F,YU,XC,D
14:30:30,ICBP,RG,9500,2,F,YU,YP,D
14:30:30,ICBP,RG,9500,7,F,YU,NI,D
14:30:30,ICBP,RG,9500,16,F,YU,NI,D
14:30:30,ICBP,RG,9500,20,F,YU,NI,D
14:30:30,ICBP,RG,9500,5,F,YU,YP,D
14:30:30,ICBP,RG,9500,20,F,YU,CC,D
14:30:30,ICBP,RG,9500,3,F,YU,YP,D
14:30:30,ICBP,RG,9500,1,F,YU,YP,D
14:30:30,ICBP,RG,9500,1,F,YU,YP,D
14:30:30,ICBP,RG,9500,1,F,YU,CC,D
14:30:30,ICBP,RG,9500,83,F,YU,KZ,F
14:30:30,ICBP,RG,9500,2,F,YU,XC,D
14:30:30,ICBP,RG,9500,5,F,YU,PD,D
14:30:30,ICBP,RG,9500,1,F,YU,RX,D
14:30:30,ICBP,RG,9500,200,F,YU,ZP,D
14:30:30,ICBP,RG,9500,10,F,YU,YP,D
14:30:30,ICBP,RG,9500,8,F,YU,PD,D
14:30:30,ICBP,RG,9500,1,F,YU,CP,D
14:30:30,ICBP,RG,9500,1,F,YU,PD,D
14:30:30,ICBP,RG,9500,220,F,YU,NI,D
14:30:30,ICBP,RG,9500,5,F,YU,YP,D
14:30:30,ICBP,RG,9500,2,F,YU,CC,D
14:30:30,ICBP,RG,9500,2,F,YU,XL,D
14:30:30,ICBP,RG,9500,4,F,YU,YP,D
14:30:30,ICBP,RG,9500,2,F,YU,OD,D
14:30:30,ICBP,RG,9500,15,F,YU,YP,D
14:30:30,ICBP,RG,9500,12,F,YU,YP,D
14:30:30,ICBP,RG,9500,7,F,YU,PD,D
14:30:30,ICBP,RG,9500,10,F,YU,CC,D
14:30:30,ICBP,RG,9500,2,F,YU,XC,D
14:30:30,ICBP,RG,9500,1,F,YU,PD,D
14:30:30,ICBP,RG,9500,2,F,YU,PD,D
14:30:30,ICBP,RG,9500,1,F,YU,XC,D
14:30:30,ICBP,RG,9500,1,F,YU,DH,D
14:30:30,ICBP,RG,9500,1,F,YU,PD,D
14:30:30,ICBP,RG,9500,10,F,YU,NI,D
14:30:30,ICBP,RG,9500,10,F,YU,YP,D
14:30:30,ICBP,RG,9500,1839,F,YU,NI,D
14:30:21,ICBP,RG,9500,20,D,BB,NI,D
14:30:21,ICBP,RG,9500,1,D,BB,NI,D
14:30:21,ICBP,RG,9500,22,D,BB,NI,D
14:30:21,ICBP,RG,9500,32,D,BB,NI,D
14:30:21,ICBP,RG,9500,2,D,BB,NI,D
14:30:21,ICBP,RG,9500,98,D,BB,NI,D
14:30:21,ICBP,RG,9500,1,D,BB,NI,D
14:30:21,ICBP,RG,9500,18,D,BB,NI,D
14:30:21,ICBP,RG,9500,25,D,BB,NI,D
14:30:21,ICBP,RG,9500,19,D,BB,NI,D
14:30:21,ICBP,RG,9500,3,D,BB,NI,D
14:30:21,ICBP,RG,9500,9,D,BB,NI,D
14:30:21,ICBP,RG,9500,2,D,BB,NI,D
14:30:21,ICBP,RG,9475,100,F,RX,HP,D
14:30:01,ICBP,RG,9500,2,D,BB,NI,D
14:30:01,ICBP,RG,9500,205,F,YU,NI,D
14:30:00,ICBP,RG,9500,27,D,YU,NI,D
14:30:00,ICBP,RG,9500,3,D,YU,YP,D
14:30:00,ICBP,RG,9500,5,D,BB,YP,D
14:30:00,ICBP,RG,9500,6,D,BB,NI,D
14:30:00,ICBP,RG,9500,1,D,BB,GR,D
14:30:00,ICBP,RG,9500,6,D,BB,XC,D
14:30:00,ICBP,RG,9500,1,D,BB,PD,D
14:30:00,ICBP,RG,9500,1,D,BB,AT,D
14:30:00,ICBP,RG,9500,1,D,BB,XC,D
14:30:00,ICBP,RG,9500,50,D,BB,YP,D
14:30:00,ICBP,RG,9500,5,D,BB,PD,D
14:30:00,ICBP,RG,9500,11,D,BB,XC,D
14:30:00,ICBP,RG,9500,9,D,BB,XC,D
14:30:00,ICBP,RG,9500,3,D,BB,CC,D
14:30:00,ICBP,RG,9500,2,D,BB,YP,D
14:30:00,ICBP,RG,9500,1,D,BB,AI,D
14:30:00,ICBP,RG,9500,1,D,BB,KK,D
14:30:00,ICBP,RG,9500,1,D,BB,LG,D
14:30:00,ICBP,RG,9500,11,D,BB,NI,D
14:30:00,ICBP,RG,9500,2,D,BB,NI,D
14:30:00,ICBP,RG,9500,1,D,BB,NI,D
14:30:00,ICBP,RG,9500,4,D,BB,NI,D
14:30:00,ICBP,RG,9500,3,D,BB,NI,D
14:30:00,ICBP,RG,9500,9,D,BB,NI,D
14:29:54,ICBP,RG,9500,19,D,BB,NI,D
14:29:54,ICBP,RG,9500,1,D,BB,NI,D
14:29:54,ICBP,RG,9500,39,D,BB,NI,D
14:29:54,ICBP,RG,9500,208,D,BB,NI,D
14:29:54,ICBP,RG,9500,17,D,BB,NI,D
14:29:54,ICBP,RG,9500,60,D,BB,NI,D
14:29:54,ICBP,RG,9500,1,D,BB,NI,D
14:29:54,ICBP,RG,9500,18,D,BB,NI,D
14:29:54,ICBP,RG,9500,22,D,BB,NI,D
14:29:54,ICBP,RG,9500,2,D,BB,NI,D
14:29:54,ICBP,RG,9500,16,D,BB,NI,D
14:29:54,ICBP,RG,9500,5,D,BB,NI,D
14:29:39,ICBP,RG,9500,1,D,BB,NI,D
14:29:39,ICBP,RG,9500,4,D,BB,NI,D
14:29:37,ICBP,RG,9500,5,D,BB,NI,D
14:29:37,ICBP,RG,9500,2,D,BB,NI,D
14:29:37,ICBP,RG,9500,250,F,YU,NI,D
14:29:35,ICBP,RG,9500,1,D,BB,NI,D
14:29:35,ICBP,RG,9500,8,D,BB,NI,D
14:29:35,ICBP,RG,9500,1,D,BB,NI,D
14:29:35,ICBP,RG,9500,2,D,BB,NI,D
14:29:35,ICBP,RG,9500,5,D,BB,NI,D
14:29:35,ICBP,RG,9500,4,D,BB,NI,D
14:29:35,ICBP,RG,9500,29,D,BB,NI,D
14:29:35,ICBP,RG,9500,5,D,BB,CC,D
14:29:35,ICBP,RG,9500,1,D,BB,CC,D
14:29:35,ICBP,RG,9500,1,D,BB,XC,D
14:29:35,ICBP,RG,9500,4,D,BB,KK,D
14:29:35,ICBP,RG,9500,1,D,BB,XC,D
14:29:35,ICBP,RG,9500,15,D,BB,YP,D
14:29:35,ICBP,RG,9500,2,D,BB,PC,D
14:29:35,ICBP,RG,9500,2,D,BB,XA,D
14:29:35,ICBP,RG,9500,67,D,BB,KK,D
14:29:35,ICBP,RG,9500,5,D,BB,PD,D
14:29:35,ICBP,RG,9500,1,D,BB,NI,D
14:29:35,ICBP,RG,9500,1,D,BB,YP,D
14:29:35,ICBP,RG,9500,20,D,BB,YP,D
14:29:35,ICBP,RG,9500,3,D,BB,XC,D
14:29:35,ICBP,RG,9500,100,D,BB,IH,D
14:29:35,ICBP,RG,9500,2,D,BB,PD,D
14:29:35,ICBP,RG,9500,1,D,BB,YP,D
14:29:35,ICBP,RG,9500,11,D,BB,CC,D
14:29:35,ICBP,RG,9500,5,D,BB,KK,D
14:29:35,ICBP,RG,9500,1,D,BB,NI,D
14:29:35,ICBP,RG,9500,2,D,BB,YP,D
14:29:35,ICBP,RG,9500,2,D,BB,NI,D
14:29:35,ICBP,RG,9500,1,D,BB,PD,D
14:29:35,ICBP,RG,9500,2,D,BB,YP,D
14:29:35,ICBP,RG,9500,11,D,BB,PD,D
14:29:35,ICBP,RG,9500,1,D,BB,XC,D
14:29:35,ICBP,RG,9500,15,D,BB,YP,D
14:29:35,ICBP,RG,9500,2,D,BB,PD,D
14:29:35,ICBP,RG,9500,1,D,BB,KK,D
14:29:35,ICBP,RG,9500,35,D,BB,PD,D
14:29:35,ICBP,RG,9500,80,D,BB,EP,D
14:29:35,ICBP,RG,9500,1,D,BB,AZ,D
14:29:35,ICBP,RG,9500,5,D,BB,KK,D
14:29:35,ICBP,RG,9500,47,D,BB,KK,D
14:29:35,ICBP,RG,9500,2,D,BB,PD,D
14:29:35,ICBP,RG,9500,4,D,BB,OD,D
14:29:28,ICBP,RG,9500,1,D,BB,OD,D
14:29:28,ICBP,RG,9500,1,D,BB,CC,D
14:29:28,ICBP,RG,9500,19,D,BB,CC,D
14:29:28,ICBP,RG,9500,2,D,BB,CC,D
14:29:28,ICBP,RG,9475,7,F,RX,PD,D
14:29:23,ICBP,RG,9500,3,D,BB,CC,D
14:29:23,ICBP,RG,9500,2,D,BB,CC,D
14:29:23,ICBP,RG,9500,1,D,BB,CC,D
14:29:23,ICBP,RG,9500,7,D,BB,CC,D
14:29:21,ICBP,RG,9500,3,D,BB,CC,D
14:29:21,ICBP,RG,9500,1,D,BB,CC,D
14:29:18,ICBP,RG,9500,3,D,BB,CC,D
14:29:18,ICBP,RG,9500,8,D,BB,CC,D
14:29:18,ICBP,RG,9500,10,D,BB,PD,D
14:29:18,ICBP,RG,9500,3,D,BB,YP,D
14:29:18,ICBP,RG,9500,1,D,BB,XC,D
14:29:18,ICBP,RG,9500,10,D,BB,AT,D
14:29:18,ICBP,RG,9500,21,D,BB,NI,D
14:29:18,ICBP,RG,9500,2,D,BB,NI,D
14:29:18,ICBP,RG,9500,2,D,BB,NI,D
14:29:18,ICBP,RG,9500,2,D,BB,NI,D
14:29:18,ICBP,RG,9500,5,D,BB,NI,D
14:29:09,ICBP,RG,9500,8,D,BB,NI,D
14:29:09,ICBP,RG,9500,2,D,BB,NI,D
14:29:09,ICBP,RG,9500,14,D,BB,NI,D
14:29:09,ICBP,RG,9500,5,D,BB,NI,D
14:29:09,ICBP,RG,9500,1,D,BB,NI,D
14:29:09,ICBP,RG,9500,4,D,BB,NI,D
14:29:09,ICBP,RG,9500,1,D,BB,NI,D
14:29:09,ICBP,RG,9500,4,D,BB,NI,D
14:29:09,ICBP,RG,9500,2,D,BB,NI,D
14:29:09,ICBP,RG,9500,2,D,BB,NI,D
14:29:09,ICBP,RG,9500,3,D,BB,NI,D
14:29:09,ICBP,RG,9475,2,F,RX,PD,D
14:29:02,ICBP,RG,9500,2,D,BB,NI,D
14:29:02,ICBP,RG,9500,119,F,YU,NI,D
14:29:01,ICBP,RG,9500,1,D,BB,NI,D
14:29:01,ICBP,RG,9500,2,D,BB,NI,D
14:29:01,ICBP,RG,9500,18,D,BB,NI,D
14:29:01,ICBP,RG,9500,3,D,BB,NI,D
14:29:01,ICBP,RG,9500,1,D,BB,NI,D
14:28:57,ICBP,RG,9500,3,D,BB,NI,D
14:28:57,ICBP,RG,9500,2,D,BB,NI,D
14:28:57,ICBP,RG,9500,2,D,BB,NI,D
14:28:57,ICBP,RG,9500,3,D,BB,NI,D
14:28:57,ICBP,RG,9500,2,D,BB,NI,D
14:28:57,ICBP,RG,9500,1,D,BB,NI,D
14:28:47,ICBP,RG,9500,1,D,BB,NI,D
14:28:47,ICBP,RG,9500,2,D,BB,NI,D
14:28:47,ICBP,RG,9500,5,D,BB,NI,D
14:28:47,ICBP,RG,9500,16,D,BB,NI,D
14:28:47,ICBP,RG,9500,7,D,BB,NI,D
14:28:47,ICBP,RG,9500,1,D,BB,NI,D
14:28:40,ICBP,RG,9500,2,D,BB,NI,D
14:28:40,ICBP,RG,9500,2,D,BB,NI,D
14:28:40,ICBP,RG,9500,2,D,BB,NI,D
14:28:40,ICBP,RG,9500,1,D,BB,NI,D
14:28:37,ICBP,RG,9500,3,D,BB,NI,D
14:28:37,ICBP,RG,9500,3,D,BB,NI,D
14:28:37,ICBP,RG,9500,20,D,BB,NI,D
14:28:37,ICBP,RG,9500,1,D,BB,NI,D
14:28:37,ICBP,RG,9500,2,D,BB,NI,D
14:28:37,ICBP,RG,9500,1,D,BB,NI,D
14:28:37,ICBP,RG,9500,2,D,BB,NI,D
14:28:37,ICBP,RG,9500,1,D,BB,NI,D
14:28:37,ICBP,RG,9500,5,D,BB,NI,D
14:28:37,ICBP,RG,9475,5,F,RX,KK,D
14:28:24,ICBP,RG,9500,4,D,BB,NI,D
14:28:24,ICBP,RG,9500,7,D,BB,NI,D
14:28:24,ICBP,RG,9500,7,D,BB,NI,D
14:28:24,ICBP,RG,9500,2,D,BB,NI,D
14:28:24,ICBP,RG,9500,10,D,BB,NI,D
14:28:24,ICBP,RG,9500,2,D,BB,NI,D
14:28:24,ICBP,RG,9500,1,D,BB,NI,D
14:28:24,ICBP,RG,9500,2,D,BB,NI,D
14:28:24,ICBP,RG,9500,1,D,BB,NI,D
14:28:24,ICBP,RG,9500,2,D,BB,NI,D
14:28:15,ICBP,RG,9500,6,D,BB,NI,D
14:28:15,ICBP,RG,9500,26,D,BB,NI,D
14:28:15,ICBP,RG,9500,2,D,BB,NI,D
14:28:15,ICBP,RG,9500,2,D,YP,NI,D
14:28:12,ICBP,RG,9500,1,D,BB,NI,D
14:28:12,ICBP,RG,9500,8,D,BB,NI,D
14:28:12,ICBP,RG,9500,3,D,BB,NI,D
14:28:12,ICBP,RG,9500,2,D,BB,NI,D
14:28:12,ICBP,RG,9475,15,F,RX,GR,D
14:28:10,ICBP,RG,9500,10,D,BB,NI,D
14:28:10,ICBP,RG,9500,12,D,BB,NI,D
14:28:10,ICBP,RG,9500,1,D,BB,NI,D
14:28:10,ICBP,RG,9500,1,D,BB,NI,D
14:28:09,ICBP,RG,9500,22,F,RX,NI,D
14:28:06,ICBP,RG,9500,36,D,BB,NI,D
14:28:06,ICBP,RG,9500,4,D,BB,NI,D
14:28:05,ICBP,RG,9500,4,D,BB,NI,D
14:28:05,ICBP,RG,9500,4,D,BB,NI,D
14:28:03,ICBP,RG,9500,5,D,BB,NI,D
14:28:03,ICBP,RG,9500,109,F,YU,NI,D
14:28:02,ICBP,RG,9500,2,D,BB,NI,D
14:28:02,ICBP,RG,9500,6,D,BB,NI,D
14:28:02,ICBP,RG,9500,15,D,BB,NI,D
14:28:02,ICBP,RG,9500,2,D,BB,NI,D
14:28:02,ICBP,RG,9500,2,D,BB,NI,D
14:28:02,ICBP,RG,9500,5,D,BB,NI,D
14:28:02,ICBP,RG,9500,1,D,BB,NI,D
14:28:02,ICBP,RG,9500,2,D,BB,NI,D
14:28:02,ICBP,RG,9500,1,D,BB,NI,D
14:28:02,ICBP,RG,9500,1,D,BB,NI,D
14:27:49,ICBP,RG,9500,3,D,BB,NI,D
14:27:49,ICBP,RG,9500,4,D,BB,NI,D
14:27:49,ICBP,RG,9500,25,D,BB,NI,D
14:27:49,ICBP,RG,9500,2,D,BB,NI,D
14:27:49,ICBP,RG,9500,1,D,BB,NI,D
14:27:49,ICBP,RG,9500,4,D,BB,NI,D
14:27:49,ICBP,RG,9500,2,D,BB,NI,D
14:27:49,ICBP,RG,9500,7,D,BB,NI,D
14:27:49,ICBP,RG,9500,3,D,BB,NI,D
14:27:49,ICBP,RG,9500,1,D,BB,NI,D
14:27:29,ICBP,RG,9500,1,D,BB,NI,D
14:27:29,ICBP,RG,9500,1,D,BB,NI,D
14:27:29,ICBP,RG,9500,5,D,BB,NI,D
14:27:29,ICBP,RG,9500,22,D,BB,NI,D
14:27:29,ICBP,RG,9500,1,D,BB,NI,D
14:27:29,ICBP,RG,9500,1,D,BB,NI,D
14:27:29,ICBP,RG,9500,7,D,BB,NI,D
14:27:29,ICBP,RG,9500,1,D,BB,NI,D
14:27:28,ICBP,RG,9475,10,F,RX,PD,D
14:27:22,ICBP,RG,9500,1,D,BB,NI,D
14:27:22,ICBP,RG,9500,2,D,BB,NI,D
14:27:22,ICBP,RG,9500,1,D,BB,NI,D
14:27:22,ICBP,RG,9500,2,D,BB,NI,D
14:27:22,ICBP,RG,9500,4,D,BB,NI,D
14:27:22,ICBP,RG,9500,1,D,BB,NI,D
14:27:22,ICBP,RG,9500,4,D,BB,NI,D
14:27:13,ICBP,RG,9500,25,F,RX,NI,D
14:27:13,ICBP,RG,9500,3,D,BB,NI,D
14:27:13,ICBP,RG,9500,12,D,BB,NI,D
14:27:13,ICBP,RG,9500,3,D,BB,NI,D
14:27:13,ICBP,RG,9500,5,D,BB,NI,D
14:27:07,ICBP,RG,9500,13,D,BB,NI,D
14:27:07,ICBP,RG,9500,2,D,BB,NI,D
14:27:07,ICBP,RG,9500,8,D,BB,NI,D
14:27:07,ICBP,RG,9500,1,D,BB,NI,D
14:27:07,ICBP,RG,9500,4,D,BB,NI,D
14:27:07,ICBP,RG,9500,16,D,BB,NI,D
14:27:07,ICBP,RG,9500,2,D,BB,NI,D
14:27:07,ICBP,RG,9500,1,D,BB,NI,D
14:27:07,ICBP,RG,9500,1,D,BB,NI,D
14:26:59,ICBP,RG,9500,4,D,BB,NI,D
14:26:59,ICBP,RG,9500,28,D,BB,NI,D
14:26:59,ICBP,RG,9500,3,D,BB,NI,D
14:26:59,ICBP,RG,9500,2,D,BB,NI,D
14:26:59,ICBP,RG,9500,1,D,BB,NI,D
14:26:59,ICBP,RG,9500,3,D,BB,NI,D
14:26:59,ICBP,RG,9500,2,D,BB,NI,D
14:26:53,ICBP,RG,9500,4,D,BB,NI,D
14:26:53,ICBP,RG,9500,92,F,YU,NI,D
14:26:52,ICBP,RG,9500,1,D,BB,NI,D
14:26:52,ICBP,RG,9500,6,D,BB,NI,D
14:26:48,ICBP,RG,9500,5,D,BB,NI,D
14:26:48,ICBP,RG,9500,1,D,BB,XC,D
14:26:48,ICBP,RG,9500,3,D,BB,YP,D
14:26:48,ICBP,RG,9500,10,D,BB,DX,D
14:26:48,ICBP,RG,9500,7,D,BB,YP,D
14:26:48,ICBP,RG,9500,2,D,BB,YP,D
14:26:47,ICBP,RG,9500,2,D,BB,DR,D
14:26:47,ICBP,RG,9500,3,D,BB,NI,D
14:26:47,ICBP,RG,9500,2,D,BB,PD,D
14:26:46,ICBP,RG,9500,1,D,BB,PD,D
14:26:46,ICBP,RG,9500,3,D,BB,KK,D
14:26:46,ICBP,RG,9500,1,D,BB,KK,D
14:26:46,ICBP,RG,9500,1,D,BB,KK,D
14:26:46,ICBP,RG,9500,1,D,CC,KK,D
14:26:42,ICBP,RG,9500,1,D,BB,KK,D
14:26:42,ICBP,RG,9500,2,D,BB,YP,D
14:26:42,ICBP,RG,9500,1,D,BB,HP,D
14:26:42,ICBP,RG,9500,1,D,BB,AZ,D
14:26:42,ICBP,RG,9500,1,D,BB,AZ,D
14:26:42,ICBP,RG,9500,5,D,BB,XC,D
14:26:42,ICBP,RG,9500,1,D,BB,YP,D
14:26:42,ICBP,RG,9500,19,D,BB,KK,D
14:26:42,ICBP,RG,9500,4,D,BB,KK,D
14:26:42,ICBP,RG,9500,3,D,BB,KK,D
14:26:42,ICBP,RG,9500,4,D,BB,KK,D
14:26:42,ICBP,RG,9500,3,D,BB,PD,D
14:26:42,ICBP,RG,9500,1,D,BB,PD,D
14:26:42,ICBP,RG,9500,1,D,BB,PD,D
14:26:42,ICBP,RG,9500,2,D,BB,PD,D
14:26:42,ICBP,RG,9500,2,D,BB,PD,D
14:26:42,ICBP,RG,9500,1,D,BB,PD,D
14:26:34,ICBP,RG,9500,3,D,BB,PD,D
14:26:34,ICBP,RG,9500,8,D,BB,PD,D
14:26:34,ICBP,RG,9500,1,D,BB,PD,D
14:26:34,ICBP,RG,9500,4,D,BB,PD,D
14:26:34,ICBP,RG,9500,3,D,BB,PD,D
14:26:34,ICBP,RG,9500,11,D,BB,PD,D
14:26:34,ICBP,RG,9500,1,D,BB,PD,D
14:26:34,ICBP,RG,9500,1,D,BB,PD,D
14:26:34,ICBP,RG,9500,1,D,BB,PD,D
14:26:34,ICBP,RG,9500,1,D,BB,PD,D
14:26:34,ICBP,RG,9475,1,F,RX,YP,D
14:26:34,ICBP,RG,9475,2,D,PD,YP,D
14:26:34,ICBP,RG,9475,15,D,RX,YP,D
14:26:34,ICBP,RG,9475,43,D,KZ,YP,D
14:26:26,ICBP,RG,9500,15,D,BB,PD,D
14:26:26,ICBP,RG,9500,18,D,BB,YP,D
14:26:26,ICBP,RG,9500,3,D,BB,YP,D
14:26:26,ICBP,RG,9500,2,D,BB,YP,D
14:26:26,ICBP,RG,9500,1,D,BB,YP,D
14:26:26,ICBP,RG,9500,1,D,BB,PD,D
14:26:26,ICBP,RG,9500,11,F,RX,SQ,D
14:26:21,ICBP,RG,9500,1,D,NI,SQ,D
14:26:20,ICBP,RG,9500,1,F,YU,SQ,D
14:26:20,ICBP,RG,9500,6,F,YU,TP,D
14:26:20,ICBP,RG,9500,1,F,YU,NI,D
14:26:20,ICBP,RG,9500,23,F,YU,YP,D
14:26:20,ICBP,RG,9500,20,F,YU,AZ,D
14:26:20,ICBP,RG,9500,2,F,YU,PD,D
14:26:20,ICBP,RG,9500,1,F,YU,YP,D
14:26:20,ICBP,RG,9500,1,F,YU,PD,D
14:26:20,ICBP,RG,9500,3,F,YU,RX,D
14:26:20,ICBP,RG,9500,1,F,YU,KK,D
14:26:20,ICBP,RG,9500,2,F,YU,XL,D
14:26:20,ICBP,RG,9500,6,F,YU,PD,D
14:26:20,ICBP,RG,9500,10,F,YU,ZP,D
14:26:20,ICBP,RG,9500,2,F,YU,PD,D
14:26:20,ICBP,RG,9500,3,F,YU,GR,D
14:26:20,ICBP,RG,9500,1,D,BB,GR,D
14:26:20,ICBP,RG,9500,1,D,BB,GR,D
14:26:20,ICBP,RG,9500,1,D,BB,DH,D
14:26:20,ICBP,RG,9500,1,D,BB,YP,D
14:26:20,ICBP,RG,9500,3,D,BB,NI,D
14:26:20,ICBP,RG,9500,1,D,BB,NI,D
14:26:20,ICBP,RG,9500,3,D,BB,NI,D
14:26:20,ICBP,RG,9500,2,D,BB,NI,D
14:26:20,ICBP,RG,9500,2,D,BB,NI,D
14:26:20,ICBP,RG,9500,7,D,BB,NI,D
14:26:10,ICBP,RG,9500,1,D,BB,NI,D
14:26:10,ICBP,RG,9500,16,D,BB,NI,D
14:26:10,ICBP,RG,9500,1,D,BB,NI,D
14:26:07,ICBP,RG,9500,2,D,BB,NI,D
14:26:07,ICBP,RG,9500,4,D,BB,NI,D
14:26:07,ICBP,RG,9500,18,D,BB,NI,D
14:26:07,ICBP,RG,9500,2,D,BB,NI,D
14:26:07,ICBP,RG,9500,1,D,BB,NI,D
14:26:07,ICBP,RG,9500,1,D,BB,NI,D
14:26:07,ICBP,RG,9500,5,D,BB,NI,D
14:26:07,ICBP,RG,9500,11,F,RX,NI,D
14:25:56,ICBP,RG,9500,2,D,BB,NI,D
14:25:55,ICBP,RG,9500,3,D,BB,NI,D
14:25:55,ICBP,RG,9500,1,D,BB,NI,D
14:25:54,ICBP,RG,9500,1,D,BB,NI,D
14:25:54,ICBP,RG,9500,2,D,BB,NI,D
14:25:54,ICBP,RG,9500,2,D,BB,NI,D
14:25:54,ICBP,RG,9500,1,D,BB,NI,D
14:25:54,ICBP,RG,9500,4,D,BB,NI,D
14:25:46,ICBP,RG,9500,11,F,RX,NI,D
14:25:46,ICBP,RG,9500,2,D,BB,NI,D
14:25:46,ICBP,RG,9500,4,D,BB,NI,D
14:25:45,ICBP,RG,9500,2,D,BB,NI,D
14:25:45,ICBP,RG,9500,21,D,BB,NI,D
14:25:45,ICBP,RG,9500,4,D,BB,NI,D
14:25:42,ICBP,RG,9500,3,D,BB,NI,D
14:25:42,ICBP,RG,9500,8,D,BB,NI,D
14:25:42,ICBP,RG,9500,1,D,BB,NI,D
14:25:42,ICBP,RG,9500,11,D,BB,NI,D
14:25:42,ICBP,RG,9500,1,D,BB,NI,D
14:25:42,ICBP,RG,9500,3,D,BB,NI,D
14:25:42,ICBP,RG,9500,4,D,BB,NI,D
14:25:42,ICBP,RG,9500,2,D,BB,NI,D
14:25:32,ICBP,RG,9500,4,D,BB,NI,D
14:25:32,ICBP,RG,9500,34,D,BB,NI,D
14:25:32,ICBP,RG,9500,1,D,BB,NI,D
14:25:32,ICBP,RG,9500,1,D,BB,NI,D
14:25:32,ICBP,RG,9500,5,D,RX,NI,D
14:25:28,ICBP,RG,9500,2,D,BB,NI,D
14:25:28,ICBP,RG,9500,86,F,YU,NI,D
14:25:28,ICBP,RG,9500,2,D,BB,NI,D
14:25:28,ICBP,RG,9500,6,D,BB,NI,D
14:25:28,ICBP,RG,9500,8,D,BB,NI,D
14:25:27,ICBP,RG,9500,2,D,BB,NI,D
14:25:27,ICBP,RG,9500,1,D,BB,NI,D
14:25:27,ICBP,RG,9500,1,D,BB,NI,D
14:25:27,ICBP,RG,9500,3,D,BB,NI,D
14:25:27,ICBP,RG,9500,8,D,BB,NI,D
14:25:27,ICBP,RG,9500,1,D,BB,NI,D
14:25:27,ICBP,RG,9500,1,D,BB,NI,D
14:25:27,ICBP,RG,9500,1,D,BB,NI,D
14:25:27,ICBP,RG,9500,12,F,RX,NI,D
14:25:14,ICBP,RG,9500,1,D,BB,NI,D
14:25:14,ICBP,RG,9500,1,D,BB,NI,D
14:25:14,ICBP,RG,9500,10,D,BB,NI,D
14:25:14,ICBP,RG,9500,4,D,BB,NI,D
14:25:14,ICBP,RG,9500,2,D,BB,NI,D
14:25:05,ICBP,RG,9500,1,D,BB,NI,D
14:25:05,ICBP,RG,9500,3,D,BB,NI,D
14:25:05,ICBP,RG,9500,16,D,BB,NI,D
14:25:05,ICBP,RG,9500,5,D,BB,NI,D
14:25:05,ICBP,RG,9500,1,D,BB,NI,D
14:25:05,ICBP,RG,9500,10,F,RX,NI,D
14:25:01,ICBP,RG,9500,2,D,BB,NI,D
14:25:01,ICBP,RG,9500,2,D,BB,NI,D
14:25:01,ICBP,RG,9500,1,D,BB,NI,D
14:24:55,ICBP,RG,9500,2,D,BB,NI,D
14:24:55,ICBP,RG,9500,2,D,BB,NI,D
14:24:55,ICBP,RG,9500,12,D,BB,NI,D
14:24:55,ICBP,RG,9500,1,D,BB,NI,D
14:24:55,ICBP,RG,9500,4,D,BB,NI,D
14:24:55,ICBP,RG,9500,3,D,BB,NI,D
14:24:55,ICBP,RG,9500,1,D,BB,NI,D
14:24:55,ICBP,RG,9500,2,D,BB,NI,D
14:24:44,ICBP,RG,9500,1,D,BB,NI,D
14:24:44,ICBP,RG,9500,1,D,BB,NI,D
14:24:44,ICBP,RG,9500,1,D,BB,NI,D
14:24:44,ICBP,RG,9500,3,D,BB,NI,D
14:24:44,ICBP,RG,9500,11,D,BB,NI,D
14:24:44,ICBP,RG,9500,2,D,BB,NI,D
14:24:41,ICBP,RG,9500,1,D,BB,NI,D
14:24:41,ICBP,RG,9500,14,D,BB,NI,D
14:24:41,ICBP,RG,9500,11,F,RX,NI,D
14:24:39,ICBP,RG,9500,3,D,BB,NI,D
14:24:39,ICBP,RG,9500,7,D,BB,NI,D
14:24:39,ICBP,RG,9500,1,D,BB,NI,D
14:24:39,ICBP,RG,9500,27,D,BB,NI,D
14:24:39,ICBP,RG,9500,2,D,BB,NI,D
14:24:39,ICBP,RG,9500,3,D,BB,NI,D
14:24:39,ICBP,RG,9500,2,D,BB,NI,D
14:24:39,ICBP,RG,9500,3,D,BB,NI,D
14:24:28,ICBP,RG,9500,7,D,BB,NI,D
14:24:28,ICBP,RG,9500,66,F,YU,NI,D
14:24:27,ICBP,RG,9500,1,D,BB,NI,D
14:24:27,ICBP,RG,9500,3,D,BB,NI,D
14:24:27,ICBP,RG,9500,3,D,BB,NI,D
14:24:27,ICBP,RG,9500,4,D,BB,NI,D
14:24:27,ICBP,RG,9500,2,D,BB,NI,D
14:24:27,ICBP,RG,9500,1,D,BB,NI,D
14:24:27,ICBP,RG,9500,1,D,BB,NI,D
14:24:26,ICBP,RG,9475,5,D,KZ,YP,D
14:24:19,ICBP,RG,9500,3,D,BB,NI,D
14:24:19,ICBP,RG,9500,1,D,BB,NI,D
14:24:19,ICBP,RG,9500,4,D,BB,NI,D
14:24:19,ICBP,RG,9500,20,D,BB,NI,D
14:24:19,ICBP,RG,9500,2,D,BB,NI,D
14:24:19,ICBP,RG,9500,8,D,BB,NI,D
14:24:19,ICBP,RG,9500,1,D,BB,NI,D
14:24:11,ICBP,RG,9500,5,D,BB,NI,D
14:24:11,ICBP,RG,9500,10,D,BB,NI,D
14:24:11,ICBP,RG,9500,57,D,BB,NI,D
14:24:11,ICBP,RG,9500,9,F,RX,NI,D
14:24:11,ICBP,RG,9500,5,D,BB,NI,D
14:24:11,ICBP,RG,9500,10,D,BB,NI,D
14:24:11,ICBP,RG,9500,5,D,BB,NI,D
14:24:11,ICBP,RG,9500,1,D,BB,NI,D
14:24:11,ICBP,RG,9500,7,D,BB,NI,D
14:24:11,ICBP,RG,9500,2,D,BB,NI,D
14:24:11,ICBP,RG,9500,2,D,BB,NI,D
14:24:11,ICBP,RG,9500,1,D,BB,NI,D
14:23:48,ICBP,RG,9500,3,D,BB,NI,D
14:23:48,ICBP,RG,9500,1,D,BB,NI,D
14:23:48,ICBP,RG,9500,76,F,YU,NI,D
14:23:47,ICBP,RG,9500,9,D,BB,NI,D
14:23:47,ICBP,RG,9475,96,D,KZ,YP,D
14:23:47,ICBP,RG,9475,4,D,KZ,YP,D
14:23:46,ICBP,RG,9500,57,F,RX,NI,D
14:23:46,ICBP,RG,9500,2,D,BB,NI,D
14:23:46,ICBP,RG,9500,7,D,BB,NI,D
14:23:46,ICBP,RG,9500,26,D,BB,NI,D
14:23:46,ICBP,RG,9500,1,D,BB,NI,D
14:23:46,ICBP,RG,9500,1,D,BB,NI,D
14:23:46,ICBP,RG,9500,2,D,BB,NI,D
14:23:46,ICBP,RG,9500,1,D,BB,NI,D
14:23:39,ICBP,RG,9500,1,D,BB,NI,D
14:23:39,ICBP,RG,9500,49,F,YU,NI,D
14:23:38,ICBP,RG,9500,2,D,BB,NI,D
14:23:38,ICBP,RG,9500,5,D,BB,NI,D
14:23:38,ICBP,RG,9500,1,D,BB,NI,D
14:23:38,ICBP,RG,9500,1,D,BB,NI,D
14:23:38,ICBP,RG,9500,2,D,BB,NI,D
14:23:38,ICBP,RG,9500,6,D,RX,NI,D
14:23:32,ICBP,RG,9500,4,D,BB,NI,D
14:23:32,ICBP,RG,9500,4,D,BB,NI,D
14:23:32,ICBP,RG,9500,7,D,BB,NI,D
14:23:32,ICBP,RG,9500,45,D,BB,NI,D
14:23:32,ICBP,RG,9500,14,D,BB,NI,D
14:23:32,ICBP,RG,9500,4,D,BB,NI,D
14:23:32,ICBP,RG,9500,5,D,BB,NI,D
14:23:32,ICBP,RG,9500,2,D,BB,NI,D
14:23:32,ICBP,RG,9500,6,D,BB,NI,D
14:23:32,ICBP,RG,9500,2,D,BB,NI,D
14:23:32,ICBP,RG,9500,2,D,BB,NI,D
14:22:48,ICBP,RG,9500,4,D,BB,NI,D
14:22:48,ICBP,RG,9500,1,D,BB,NI,D
14:22:48,ICBP,RG,9500,1,D,BB,NI,D
14:22:43,ICBP,RG,9500,11,D,BB,NI,D
14:22:43,ICBP,RG,9500,1,D,BB,NI,D
14:22:43,ICBP,RG,9500,2,D,BB,NI,D
14:22:43,ICBP,RG,9500,43,F,YU,NI,D
14:22:42,ICBP,RG,9500,1,D,BB,NI,D
14:22:42,ICBP,RG,9500,1,D,BB,NI,D
14:22:42,ICBP,RG,9500,1,D,BB,NI,D
14:22:42,ICBP,RG,9500,2,D,BB,NI,D
14:22:42,ICBP,RG,9500,2,D,BB,NI,D
14:22:42,ICBP,RG,9500,3,D,BB,NI,D
14:22:35,ICBP,RG,9500,10,D,BB,NI,D
14:22:35,ICBP,RG,9500,6,D,BB,NI,D
14:22:33,ICBP,RG,9500,1,D,BB,NI,D
14:22:33,ICBP,RG,9500,3,D,BB,NI,D
14:22:33,ICBP,RG,9500,11,D,BB,NI,D
14:22:33,ICBP,RG,9500,1,D,BB,NI,D
14:22:33,ICBP,RG,9500,1,D,BB,NI,D
14:22:33,ICBP,RG,9500,1,D,BB,NI,D
14:22:33,ICBP,RG,9500,2,D,BB,NI,D
14:22:21,ICBP,RG,9500,2,D,BB,NI,D
14:22:21,ICBP,RG,9500,2,D,BB,NI,D
14:22:21,ICBP,RG,9500,4,D,BB,NI,D
14:22:21,ICBP,RG,9500,17,D,BB,NI,D
14:22:21,ICBP,RG,9500,1,D,BB,NI,D
14:22:21,ICBP,RG,9500,1,D,BB,NI,D
14:22:21,ICBP,RG,9500,1,D,BB,NI,D
14:22:21,ICBP,RG,9500,1,D,BB,NI,D
14:22:21,ICBP,RG,9500,2,D,BB,NI,D
14:22:21,ICBP,RG,9475,34,D,KZ,SQ,D
14:22:21,ICBP,RG,9475,1,D,YP,SQ,D
14:22:21,ICBP,RG,9475,1,D,YU,SQ,D
14:22:15,ICBP,RG,9500,25,F,YU,NI,D
14:22:14,ICBP,RG,9500,3,D,BB,NI,D
14:22:14,ICBP,RG,9500,1,D,BB,NI,D
14:22:14,ICBP,RG,9475,1,D,YU,PD,D
14:22:10,ICBP,RG,9500,1,D,BB,NI,D
14:22:10,ICBP,RG,9500,3,D,BB,NI,D
14:22:10,ICBP,RG,9500,16,D,BB,NI,D
14:22:10,ICBP,RG,9500,1,D,BB,NI,D
14:22:10,ICBP,RG,9500,2,D,BB,NI,D
14:22:10,ICBP,RG,9500,4,D,BB,NI,D
14:22:10,ICBP,RG,9500,2,D,BB,NI,D
14:22:10,ICBP,RG,9500,1,D,BB,NI,D
14:22:10,ICBP,RG,9500,1,D,BB,NI,D
14:22:10,ICBP,RG,9475,11,D,YU,DH,D
14:22:10,ICBP,RG,9475,15,D,OD,DH,D
14:22:00,ICBP,RG,9500,1,D,BB,NI,D
14:22:00,ICBP,RG,9500,1,D,BB,NI,D
14:21:55,ICBP,RG,9500,1,D,BB,NI,D
14:21:55,ICBP,RG,9500,2,D,BB,NI,D
14:21:55,ICBP,RG,9500,4,D,BB,NI,D
14:21:55,ICBP,RG,9500,18,F,YU,NI,D
14:21:54,ICBP,RG,9500,2,D,BB,NI,D
14:21:54,ICBP,RG,9500,5,D,BB,NI,D
14:21:54,ICBP,RG,9500,27,D,BB,NI,D
14:21:54,ICBP,RG,9500,3,D,BB,NI,D
14:21:54,ICBP,RG,9500,1,D,BB,NI,D
14:21:54,ICBP,RG,9500,1,D,BB,NI,D
14:21:54,ICBP,RG,9500,2,D,BB,NI,D
14:21:54,ICBP,RG,9500,5,D,BB,NI,D
14:21:53,ICBP,RG,9475,1,D,OD,NI,D
14:21:35,ICBP,RG,9500,1,D,BB,NI,D
14:21:33,ICBP,RG,9475,1,D,OD,RX,D
14:21:33,ICBP,RG,9500,38,F,YU,NI,D
14:21:32,ICBP,RG,9500,2,D,BB,NI,D
14:21:32,ICBP,RG,9475,81,D,OD,PD,D
14:21:31,ICBP,RG,9500,13,D,BB,NI,D
14:21:31,ICBP,RG,9500,5,D,BB,NI,D
14:21:31,ICBP,RG,9500,2,D,BB,NI,D
14:21:26,ICBP,RG,9500,48,F,YU,NI,D
14:21:25,ICBP,RG,9475,85,D,OD,AK,F
14:21:25,ICBP,RG,9475,3,D,OD,PD,D
14:21:23,ICBP,RG,9500,5,D,BB,NI,D
14:21:23,ICBP,RG,9500,1,D,BB,NI,D
14:21:23,ICBP,RG,9500,20,D,YP,NI,D
14:21:19,ICBP,RG,9500,4,D,BB,NI,D
14:21:19,ICBP,RG,9500,10,D,BB,NI,D
14:21:14,ICBP,RG,9500,28,F,YU,NI,D
14:21:12,ICBP,RG,9500,15,D,BB,NI,D
14:21:06,ICBP,RG,9500,10,F,RX,NI,D
14:21:00,ICBP,RG,9500,10,D,PD,NI,D
14:20:58,ICBP,RG,9500,4,D,BB,NI,D
14:20:58,ICBP,RG,9500,5,D,RX,NI,D
14:20:54,ICBP,RG,9500,13,D,BB,NI,D
14:20:39,ICBP,RG,9500,12,D,BB,NI,D
14:20:39,ICBP,RG,9500,8,F,RX,NI,D
14:20:25,ICBP,RG,9500,23,F,YU,NI,D
14:20:24,ICBP,RG,9500,8,D,BB,NI,D
14:20:17,ICBP,RG,9500,4,D,BB,NI,D
14:20:17,ICBP,RG,9500,8,F,RX,NI,D
14:20:07,ICBP,RG,9500,7,D,BB,NI,D
14:20:05,ICBP,RG,9500,14,D,BB,NI,D
14:20:05,ICBP,RG,9500,20,D,DR,NI,D
14:19:54,ICBP,RG,9500,19,F,YU,NI,D
14:19:53,ICBP,RG,9500,11,F,RX,NI,D
14:19:51,ICBP,RG,9500,5,D,BB,NI,D
14:19:43,ICBP,RG,9500,26,D,BB,NI,D
14:19:30,ICBP,RG,9500,1,D,XC,NI,D
14:19:26,ICBP,RG,9500,2,D,BB,NI,D
14:19:26,ICBP,RG,9500,8,F,RX,NI,D
14:19:15,ICBP,RG,9500,27,F,YU,NI,D
14:19:13,ICBP,RG,9500,58,D,BB,NI,D
14:19:05,ICBP,RG,9500,10,F,RX,NI,D
14:18:48,ICBP,RG,9500,5,D,RX,NI,D
14:18:41,ICBP,RG,9500,14,F,YU,NI,D
14:18:39,ICBP,RG,9500,9,F,RX,NI,D
14:18:30,ICBP,RG,9500,2,D,BB,NI,D
14:18:15,ICBP,RG,9500,32,F,YU,NI,D
14:18:14,ICBP,RG,9500,25,F,RX,NI,D
14:18:13,ICBP,RG,9500,88,D,BB,NI,D
14:17:47,ICBP,RG,9500,3,F,YU,NI,D
14:17:46,ICBP,RG,9475,6,D,OD,NI,D
14:17:25,ICBP,RG,9475,1,D,OD,NI,D
14:17:21,ICBP,RG,9500,6,F,YU,NI,D
14:17:21,ICBP,RG,9475,5,D,OD,DR,D
14:17:10,ICBP,RG,9500,8,F,RX,NI,D
14:17:00,ICBP,RG,9500,2,D,YP,NI,D
14:16:55,ICBP,RG,9500,1,D,BB,NI,D
14:16:50,ICBP,RG,9500,33,F,YU,NI,D
14:16:49,ICBP,RG,9500,90,F,RX,NI,D
14:16:46,ICBP,RG,9500,5,F,YU,NI,D
14:16:46,ICBP,RG,9500,8,D,RX,NI,D
14:16:43,ICBP,RG,9500,4,D,BB,NI,D
14:16:39,ICBP,RG,9500,2,F,YU,NI,D
14:16:39,ICBP,RG,9475,1,D,OD,NI,D
14:16:38,ICBP,RG,9475,1,D,OD,CC,D
14:16:37,ICBP,RG,9500,4,D,YB,NI,D
14:16:22,ICBP,RG,9500,4,F,YU,NI,D
14:16:21,ICBP,RG,9500,8,F,RX,NI,D
14:16:06,ICBP,RG,9500,5,D,RX,NI,D
14:16:01,ICBP,RG,9500,8,F,YU,NI,D
14:16:00,ICBP,RG,9500,34,F,RX,NI,D
14:16:00,ICBP,RG,9500,25,D,YU,NI,D
14:15:55,ICBP,RG,9500,5,D,RX,NI,D
14:15:30,ICBP,RG,9500,5,D,NI,KK,D
14:15:29,ICBP,RG,9475,1,F,YU,YP,D
14:15:21,ICBP,RG,9475,16,F,YU,CC,D
14:15:00,ICBP,RG,9475,1,F,YU,RX,D
14:13:24,ICBP,RG,9475,10,F,YU,PD,D
14:13:23,ICBP,RG,9475,1,F,YU,NI,D
14:13:12,ICBP,RG,9475,1,F,YU,PD,D
14:12:53,ICBP,RG,9475,22,F,YU,SQ,D
14:11:38,ICBP,RG,9475,3,F,YU,NI,D
14:11:38,ICBP,RG,9475,2,D,BB,NI,D
14:11:34,ICBP,RG,9500,4,F,YU,KK,D
14:11:33,ICBP,RG,9475,10,D,BB,YP,D
14:11:24,ICBP,RG,9475,1,D,BB,ZP,D
14:11:09,ICBP,RG,9475,1,D,BB,RX,D
14:11:02,ICBP,RG,9500,1,F,YU,KK,D
14:11:02,ICBP,RG,9500,1,F,YU,XC,D
14:11:02,ICBP,RG,9500,3,F,YU,PD,D
14:11:02,ICBP,RG,9500,1,F,YU,PC,D
14:11:02,ICBP,RG,9500,5,F,YU,GR,D
14:11:02,ICBP,RG,9500,1,F,YU,NI,D
14:11:02,ICBP,RG,9500,2,F,YU,YP,D
14:11:02,ICBP,RG,9500,19,F,YU,AK,F
14:11:02,ICBP,RG,9500,1,F,YU,KK,D
14:11:02,ICBP,RG,9500,6,F,YU,YP,D
14:11:02,ICBP,RG,9500,1,F,YU,CC,D
14:11:02,ICBP,RG,9500,5,F,YU,CC,D
14:11:02,ICBP,RG,9500,1,F,YU,CC,D
14:11:02,ICBP,RG,9500,5,F,YU,CC,D
14:11:02,ICBP,RG,9500,2,F,YU,CC,D
14:11:02,ICBP,RG,9500,2,F,YU,CC,D
14:11:02,ICBP,RG,9500,1,F,YU,CC,D
14:11:02,ICBP,RG,9500,26,F,YU,CC,D
14:11:00,ICBP,RG,9475,250,D,BB,NI,D
14:10:51,ICBP,RG,9500,2,F,YU,CC,D
14:10:49,ICBP,RG,9475,5,D,BB,PD,D
14:10:02,ICBP,RG,9475,1,D,BB,RX,D
14:09:14,ICBP,RG,9500,4,F,YU,CC,D
14:09:14,ICBP,RG,9500,1,F,YU,XC,D
14:09:14,ICBP,RG,9500,4,F,YU,XC,D
14:09:14,ICBP,RG,9500,1,F,YU,XC,D
14:09:14,ICBP,RG,9500,2,F,YU,YP,D
14:09:14,ICBP,RG,9500,2,F,YU,XC,D
14:09:14,ICBP,RG,9500,1,F,YU,XC,D
14:09:14,ICBP,RG,9500,15,F,YU,YP,D
14:09:14,ICBP,RG,9500,10,F,YU,YP,D
14:09:14,ICBP,RG,9500,3,F,YU,YP,D
14:09:14,ICBP,RG,9500,2,F,YU,YP,D
14:09:13,ICBP,RG,9475,88,D,BB,DR,D
14:09:13,ICBP,RG,9475,37,D,BB,DR,D
14:08:11,ICBP,RG,9500,8,F,RX,YP,D
14:08:01,ICBP,RG,9500,2,F,YU,YP,D
14:08:01,ICBP,RG,9500,4,F,YU,SQ,D
14:07:59,ICBP,RG,9475,1,D,BB,XC,D
14:07:32,ICBP,RG,9500,2,F,RX,SQ,D
14:07:32,ICBP,RG,9500,6,F,RX,CC,D
14:07:32,ICBP,RG,9500,3,F,RX,XC,D
14:06:36,ICBP,RG,9500,2,F,RX,XC,D
14:06:36,ICBP,RG,9500,5,F,RX,SQ,D
14:06:36,ICBP,RG,9500,1,F,RX,CC,D
14:06:09,ICBP,RG,9500,10,F,YU,CC,D
14:06:09,ICBP,RG,9500,5,F,YU,CC,D
14:06:09,ICBP,RG,9500,3,F,YU,YP,D
14:06:09,ICBP,RG,9500,1,F,YU,YP,D
14:06:09,ICBP,RG,9500,1,F,YU,BQ,D
14:06:09,ICBP,RG,9500,21,F,YU,YP,D
14:06:08,ICBP,RG,9475,25,D,BB,SQ,D
14:05:59,ICBP,RG,9500,9,D,RX,YP,D
14:05:59,ICBP,RG,9475,4,D,BB,PD,D
14:05:57,ICBP,RG,9500,9,F,RX,YP,D
14:05:57,ICBP,RG,9500,5,F,RX,YP,D
14:05:57,ICBP,RG,9500,12,F,RX,XC,D
14:05:57,ICBP,RG,9500,2,F,RX,XC,D
14:05:57,ICBP,RG,9500,4,F,RX,XC,D
14:05:57,ICBP,RG,9500,17,F,RX,YP,D
14:05:57,ICBP,RG,9500,34,F,RX,YP,D
14:05:55,ICBP,RG,9500,3,F,YU,YP,D
14:05:54,ICBP,RG,9475,1,D,BB,PD,D
14:05:45,ICBP,RG,9500,1,D,BQ,YP,D
14:05:36,ICBP,RG,9500,7,F,RX,YP,D
14:05:36,ICBP,RG,9500,2,F,RX,YP,D
14:05:34,ICBP,RG,9500,4,F,YU,YP,D
14:05:34,ICBP,RG,9475,10,D,BB,SQ,D
14:05:29,ICBP,RG,9500,53,F,YU,YP,D
14:05:29,ICBP,RG,9475,30,D,BB,KZ,F
14:05:29,ICBP,RG,9475,130,D,BB,KZ,F
14:04:54,ICBP,RG,9500,5,F,YU,YP,D
14:04:53,ICBP,RG,9500,13,F,RX,YP,D
14:04:27,ICBP,RG,9475,1,D,BB,RX,D
14:04:21,ICBP,RG,9500,20,F,YU,YP,D
14:04:21,ICBP,RG,9500,1,F,YU,YP,D
14:04:21,ICBP,RG,9500,10,F,YU,YP,D
14:04:21,ICBP,RG,9500,10,F,YU,YP,D
14:04:21,ICBP,RG,9500,6,F,YU,PD,D
14:04:20,ICBP,RG,9475,1,D,BB,SQ,D
14:04:20,ICBP,RG,9475,3,D,BB,SQ,D
14:04:20,ICBP,RG,9475,11,D,BB,SQ,D
14:04:18,ICBP,RG,9500,1,D,BQ,PD,D
14:04:13,ICBP,RG,9500,1,D,XC,PD,D
14:04:13,ICBP,RG,9475,90,D,BB,AK,F
14:04:13,ICBP,RG,9475,24,D,BB,AK,F
14:04:13,ICBP,RG,9475,5,D,BB,SQ,D
14:04:08,ICBP,RG,9500,2,D,RX,PD,D
14:04:08,ICBP,RG,9500,1,D,RX,PD,D
14:04:08,ICBP,RG,9500,2,D,RX,PD,D
14:02:25,ICBP,RG,9500,1,F,YU,PD,D
14:02:25,ICBP,RG,9500,3,F,YU,PD,D
14:02:25,ICBP,RG,9500,2,F,YU,PD,D
14:02:25,ICBP,RG,9500,11,F,YU,PD,D
14:02:25,ICBP,RG,9500,11,F,YU,PD,D
14:02:24,ICBP,RG,9475,65,D,BB,KZ,F
14:02:24,ICBP,RG,9475,26,D,BB,KZ,F
14:02:24,ICBP,RG,9475,66,D,BB,KZ,F
14:02:19,ICBP,RG,9475,25,D,BB,YP,D
14:02:10,ICBP,RG,9475,15,D,BB,XA,D
14:02:10,ICBP,RG,9475,27,D,BB,XA,D
14:02:10,ICBP,RG,9475,20,D,BB,XA,D
14:02:04,ICBP,RG,9475,1,D,BB,GR,D
14:02:00,ICBP,RG,9500,19,D,YU,PD,D
14:02:00,ICBP,RG,9500,5,D,YU,KK,D
14:02:00,ICBP,RG,9500,1,D,YU,PD,D
14:02:00,ICBP,RG,9475,10,D,BB,PD,D
14:01:37,ICBP,RG,9475,2,D,BB,ZP,D
14:01:14,ICBP,RG,9475,1,D,BB,YP,D
14:01:04,ICBP,RG,9475,4,D,BB,NI,D
14:00:32,ICBP,RG,9500,6,F,RX,PD,D
14:00:32,ICBP,RG,9500,5,F,RX,PD,D
14:00:32,ICBP,RG,9500,3,F,RX,PD,D
13:59:52,ICBP,RG,9500,7,F,RX,PD,D
13:59:52,ICBP,RG,9500,1,F,RX,PD,D
13:59:52,ICBP,RG,9500,1,F,RX,KK,D
13:59:52,ICBP,RG,9500,1,F,RX,KK,D
13:59:10,ICBP,RG,9500,1,F,RX,PD,D
13:59:10,ICBP,RG,9500,5,F,RX,NI,D
13:59:10,ICBP,RG,9500,75,F,RX,AT,D
13:59:10,ICBP,RG,9500,3,F,RX,PD,D
13:59:08,ICBP,RG,9500,2,D,RX,PD,D
13:59:08,ICBP,RG,9500,6,D,RX,PD,D
13:58:49,ICBP,RG,9500,10,F,RX,PD,D
13:58:46,ICBP,RG,9475,1,D,BB,XC,D
13:58:21,ICBP,RG,9475,1,D,BB,ES,D
13:58:21,ICBP,RG,9475,2,D,BB,ES,D
13:58:21,ICBP,RG,9475,4,D,BB,ES,D
13:58:11,ICBP,RG,9500,10,F,RX,PD,D
13:57:16,ICBP,RG,9500,5,D,RX,PD,D
13:57:09,ICBP,RG,9475,1,D,BB,LG,D
13:57:04,ICBP,RG,9475,1,D,OD,RX,D
13:54:47,ICBP,RG,9475,10,D,OD,KK,D
13:54:15,ICBP,RG,9475,5,D,OD,SQ,D
13:53:24,ICBP,RG,9475,140,D,OD,KZ,F
13:52:51,ICBP,RG,9475,10,D,OD,PD,D
13:52:41,ICBP,RG,9475,5,D,OD,YB,D
13:52:37,ICBP,RG,9475,1,D,OD,RX,D
13:52:37,ICBP,RG,9475,4,D,OD,NI,D
13:52:27,ICBP,RG,9475,13,D,OD,YP,D
13:52:18,ICBP,RG,9475,11,D,OD,NI,D
13:52:18,ICBP,RG,9475,96,F,YU,NI,D
13:52:18,ICBP,RG,9475,87,F,YU,NI,D
13:52:18,ICBP,RG,9475,23,D,BB,NI,D
13:52:18,ICBP,RG,9475,4,D,BB,NI,D
13:52:18,ICBP,RG,9475,2,D,BB,NI,D
13:52:18,ICBP,RG,9475,95,D,BB,NI,D
13:52:18,ICBP,RG,9475,104,D,BB,NI,D
13:52:18,ICBP,RG,9475,25,D,BB,NI,D
13:52:18,ICBP,RG,9475,38,D,BB,NI,D
13:52:18,ICBP,RG,9475,15,D,BB,NI,D
13:51:46,ICBP,RG,9475,1,D,BB,AZ,D
13:51:33,ICBP,RG,9500,1,D,BQ,PD,D
13:50:36,ICBP,RG,9475,1,D,BB,XL,D
13:49:25,ICBP,RG,9475,21,D,BB,EP,D
13:49:17,ICBP,RG,9475,9,D,BB,PD,D
13:49:04,ICBP,RG,9475,1,D,BB,KK,D
13:49:03,ICBP,RG,9475,1,D,BB,RX,D
13:48:55,ICBP,RG,9475,5,D,BB,GR,D
13:48:30,ICBP,RG,9475,70,D,BB,NI,D
13:48:30,ICBP,RG,9475,81,F,YU,NI,D
13:48:30,ICBP,RG,9475,89,D,BB,NI,D
13:48:30,ICBP,RG,9475,105,D,BB,NI,D
13:48:30,ICBP,RG,9475,1,D,BB,NI,D
13:48:30,ICBP,RG,9475,1,D,XC,NI,D
13:48:30,ICBP,RG,9475,2,D,BB,NI,D
13:48:30,ICBP,RG,9475,39,F,YU,NI,D
13:48:30,ICBP,RG,9475,39,D,KZ,NI,D
13:48:30,ICBP,RG,9475,31,F,YU,NI,D
13:48:30,ICBP,RG,9475,42,F,YU,NI,D
13:47:58,ICBP,RG,9475,30,F,YU,PD,D
13:47:58,ICBP,RG,9475,9,D,BB,PD,D
13:47:56,ICBP,RG,9475,4,D,BB,DR,D
13:47:35,ICBP,RG,9500,2,F,YU,PD,D
13:47:33,ICBP,RG,9475,5,D,BB,YP,D
13:47:08,ICBP,RG,9475,1,D,BB,KK,D
13:46:28,ICBP,RG,9500,2,F,YU,PD,D
13:46:26,ICBP,RG,9475,4,D,BB,YP,D
13:46:20,ICBP,RG,9500,1,D,PD,PD,D
13:45:59,ICBP,RG,9500,3,F,YU,PD,D
13:45:59,ICBP,RG,9500,5,F,YU,GR,D
13:45:59,ICBP,RG,9500,2,F,YU,PD,D
13:45:59,ICBP,RG,9500,2,F,YU,PD,D
13:45:59,ICBP,RG,9500,11,F,YU,GR,D
13:45:59,ICBP,RG,9500,77,F,YU,LG,D
13:45:58,ICBP,RG,9475,53,D,BB,PD,D
13:45:58,ICBP,RG,9475,151,D,KZ,PD,D
13:45:58,ICBP,RG,9475,92,D,BB,PD,D
13:45:58,ICBP,RG,9475,4,D,YU,PD,D
13:45:52,ICBP,RG,9475,1,D,YU,RX,D
13:45:39,ICBP,RG,9500,1,F,YU,LG,D
13:45:38,ICBP,RG,9475,1,D,YU,KK,D
13:45:19,ICBP,RG,9475,1,D,YU,YP,D
13:44:57,ICBP,RG,9475,1,D,YU,CC,D
13:44:56,ICBP,RG,9500,2,F,YU,LG,D
13:44:55,ICBP,RG,9475,2,D,YU,KK,D
13:43:22,ICBP,RG,9500,5,D,XC,LG,D
13:42:59,ICBP,RG,9500,40,F,YU,LG,D
13:42:59,ICBP,RG,9500,3,F,YU,DH,D
13:42:59,ICBP,RG,9475,3,D,YU,KZ,F
13:42:59,ICBP,RG,9475,100,D,CC,KZ,F
13:42:59,ICBP,RG,9475,25,D,OD,KZ,F
13:42:57,ICBP,RG,9475,1,D,OD,RX,D
13:42:17,ICBP,RG,9500,7,F,YU,DH,D
13:42:17,ICBP,RG,9500,6,F,YU,KK,D
13:42:17,ICBP,RG,9500,1,F,YU,EP,D
13:42:17,ICBP,RG,9500,30,F,YU,PC,D
13:42:17,ICBP,RG,9500,14,F,YU,NI,D
13:42:17,ICBP,RG,9500,15,F,YU,KK,D
13:42:17,ICBP,RG,9500,15,F,YU,KK,D
13:42:17,ICBP,RG,9500,1,F,YU,PD,D
13:42:17,ICBP,RG,9500,20,F,YU,CC,D
13:42:17,ICBP,RG,9500,10,F,YU,YP,D
13:42:17,ICBP,RG,9500,1,F,YU,YP,D
13:42:17,ICBP,RG,9500,2,F,YU,SQ,D
13:42:17,ICBP,RG,9500,2,F,YU,PD,D
13:42:17,ICBP,RG,9500,47,F,YU,CC,D
13:42:16,ICBP,RG,9475,76,D,OD,AK,F
13:42:16,ICBP,RG,9475,198,D,OD,IF,D
13:42:16,ICBP,RG,9475,14,D,NI,IF,D
13:42:16,ICBP,RG,9475,235,D,NI,IF,D
13:42:16,ICBP,RG,9475,562,F,YU,IF,D
13:42:16,ICBP,RG,9475,88,F,RX,IF,D
13:42:16,ICBP,RG,9475,7,D,RX,IF,D
13:42:16,ICBP,RG,9475,398,D,BB,IF,D
13:42:16,ICBP,RG,9475,1427,D,BB,IF,D
13:42:16,ICBP,RG,9475,423,F,YU,IF,D
13:42:16,ICBP,RG,9475,29,D,NI,IF,D
13:42:16,ICBP,RG,9475,470,D,NI,IF,D
13:42:16,ICBP,RG,9475,1,D,XC,IF,D
13:42:16,ICBP,RG,9475,5,D,CC,IF,D
13:42:16,ICBP,RG,9475,107,D,KZ,IF,D
13:42:16,ICBP,RG,9475,27,D,KZ,IF,D
13:42:16,ICBP,RG,9475,450,F,YU,IF,D
13:42:16,ICBP,RG,9475,832,D,BB,IF,D
13:42:16,ICBP,RG,9475,1347,D,BB,IF,D
13:42:16,ICBP,RG,9475,100,D,YB,IF,D
13:42:16,ICBP,RG,9475,288,F,YU,IF,D
13:42:16,ICBP,RG,9475,300,D,OD,IF,D
13:42:16,ICBP,RG,9475,164,F,RX,IF,D
13:42:16,ICBP,RG,9475,11,D,RX,IF,D
13:42:16,ICBP,RG,9475,1,D,BB,IF,D
13:42:16,ICBP,RG,9475,388,D,BB,IF,D
13:42:16,ICBP,RG,9475,185,F,YU,IF,D
13:42:16,ICBP,RG,9475,232,D,BB,IF,D
13:42:16,ICBP,RG,9475,56,D,BB,IF,D
13:42:16,ICBP,RG,9475,64,D,BB,IF,D
13:42:16,ICBP,RG,9475,79,D,BB,IF,D
13:42:16,ICBP,RG,9475,60,D,BB,IF,D
13:42:16,ICBP,RG,9475,63,D,BB,IF,D
13:42:16,ICBP,RG,9475,123,F,YU,IF,D
13:42:16,ICBP,RG,9475,113,D,BB,IF,D
13:42:16,ICBP,RG,9475,15,D,YU,IF,D
13:42:16,ICBP,RG,9475,1,D,BB,IF,D
13:42:16,ICBP,RG,9475,12,D,BB,IF,D
13:42:16,ICBP,RG,9475,2,D,BB,IF,D
13:42:16,ICBP,RG,9475,1,D,BB,IF,D
13:42:16,ICBP,RG,9475,12,D,BB,IF,D
13:42:16,ICBP,RG,9475,18,D,BB,IF,D
13:42:16,ICBP,RG,9475,115,F,YU,IF,D
13:42:16,ICBP,RG,9475,335,D,BB,IF,D
13:42:16,ICBP,RG,9475,9,D,RX,IF,D
13:42:16,ICBP,RG,9475,83,F,YU,IF,D
13:42:16,ICBP,RG,9475,180,D,KZ,IF,D
13:42:16,ICBP,RG,9475,41,D,KZ,IF,D
13:42:16,ICBP,RG,9475,162,F,YU,IF,D
13:42:16,ICBP,RG,9475,28,D,NI,IF,D
13:42:16,ICBP,RG,9475,139,D,NI,IF,D
13:41:36,ICBP,RG,9500,4,F,YU,CC,D
13:41:35,ICBP,RG,9475,1,D,NI,RX,D
13:41:35,ICBP,RG,9475,10,D,NI,HP,D
13:41:33,ICBP,RG,9500,4,F,YU,CC,D
13:41:33,ICBP,RG,9500,3,F,YU,XC,D
13:41:33,ICBP,RG,9500,1,F,YU,PD,D
13:41:33,ICBP,RG,9500,52,F,YU,DH,D
13:41:33,ICBP,RG,9500,26,F,YU,KZ,F
13:41:33,ICBP,RG,9500,4,F,YU,PD,D
13:41:33,ICBP,RG,9500,6,F,YU,YP,D
13:41:32,ICBP,RG,9475,1,D,NI,KK,D
13:41:07,ICBP,RG,9500,9,F,RX,YP,D
13:40:46,ICBP,RG,9500,5,F,RX,YP,D
13:40:46,ICBP,RG,9500,1,F,RX,CC,D
13:40:46,ICBP,RG,9500,3,F,RX,DR,D
13:40:46,ICBP,RG,9500,1,F,RX,CC,D
13:40:46,ICBP,RG,9500,1,F,RX,PD,D
13:40:46,ICBP,RG,9500,3,F,RX,YP,D
13:40:46,ICBP,RG,9500,1,F,RX,DH,D
13:40:46,ICBP,RG,9500,10,F,RX,LG,D
13:40:46,ICBP,RG,9500,26,F,RX,NI,D
13:40:45,ICBP,RG,9500,671,F,YU,NI,D
13:40:45,ICBP,RG,9500,87,F,ZP,NI,D
13:40:45,ICBP,RG,9500,87,F,ZP,NI,D
13:40:45,ICBP,RG,9500,27,F,ZP,NI,D
13:40:45,ICBP,RG,9500,27,F,ZP,NI,D
13:40:44,ICBP,RG,9500,1,F,ZP,NI,D
13:40:44,ICBP,RG,9500,1,F,ZP,NI,D
13:40:44,ICBP,RG,9500,4,D,BB,NI,D
13:40:44,ICBP,RG,9500,419,D,BB,NI,D
13:40:44,ICBP,RG,9500,975,D,BB,NI,D
13:40:44,ICBP,RG,9500,2,D,BB,YP,D
13:40:44,ICBP,RG,9500,1,D,BB,PD,D
13:40:44,ICBP,RG,9500,5,D,BB,NI,D
13:40:44,ICBP,RG,9500,5,D,BB,DH,D
13:40:44,ICBP,RG,9500,2,D,BB,YP,D
13:40:44,ICBP,RG,9500,20,D,BB,DH,D
13:40:44,ICBP,RG,9500,1,D,BB,SQ,D
13:40:44,ICBP,RG,9500,1,D,BB,PD,D
13:40:44,ICBP,RG,9500,7,D,BB,EP,D
13:40:44,ICBP,RG,9500,9,D,BB,XC,D
13:40:44,ICBP,RG,9500,10,D,BB,GR,D
13:40:44,ICBP,RG,9500,10,D,BB,DH,D
13:40:44,ICBP,RG,9500,1,D,BB,CC,D
13:40:44,ICBP,RG,9500,5,D,BB,YP,D
13:40:44,ICBP,RG,9500,5,D,BB,XL,D
13:40:44,ICBP,RG,9500,5,D,BB,XC,D
13:40:44,ICBP,RG,9500,15,D,BB,EP,D
13:40:44,ICBP,RG,9500,1,D,BB,KK,D
13:40:44,ICBP,RG,9500,1,D,BB,CC,D
13:40:44,ICBP,RG,9500,10,D,BB,YP,D
13:40:44,ICBP,RG,9500,1,D,BB,PD,D
13:40:44,ICBP,RG,9500,1,D,BB,YP,D
13:40:44,ICBP,RG,9500,200,D,BB,NI,D
13:40:44,ICBP,RG,9500,2,D,BB,PD,D
13:40:44,ICBP,RG,9500,5,D,BB,PD,D
13:40:44,ICBP,RG,9500,1,D,BB,PD,D
13:40:44,ICBP,RG,9500,10,D,BB,KK,D
13:40:44,ICBP,RG,9500,11,D,BB,KK,D
13:40:44,ICBP,RG,9500,3,D,BB,PD,D
13:40:44,ICBP,RG,9500,6,D,BB,LG,D
13:40:44,ICBP,RG,9500,2,D,BB,GR,D
13:40:44,ICBP,RG,9500,1,D,BB,AZ,D
13:40:44,ICBP,RG,9500,5,D,BB,YP,D
13:40:44,ICBP,RG,9500,9,D,BB,DH,D
13:40:44,ICBP,RG,9500,21,D,BB,DR,D
13:40:44,ICBP,RG,9500,100,D,BB,YP,D
13:40:44,ICBP,RG,9500,1,D,BB,PD,D
13:40:44,ICBP,RG,9500,1,D,BB,GR,D
13:40:44,ICBP,RG,9500,5,D,BB,TF,D
13:40:44,ICBP,RG,9500,4,D,BB,OD,D
13:40:44,ICBP,RG,9500,97,D,BB,TF,D
13:40:35,ICBP,RG,9500,1,F,ZP,TF,D
13:40:35,ICBP,RG,9500,1,F,ZP,TF,D
13:40:35,ICBP,RG,9500,8,F,RX,TF,D
13:40:32,ICBP,RG,9500,4,F,YU,TF,D
13:40:31,ICBP,RG,9475,1,D,NI,KK,D
13:40:17,ICBP,RG,9500,1,F,ZP,TF,D
13:40:17,ICBP,RG,9500,1,F,ZP,TF,D
13:40:16,ICBP,RG,9500,8,F,RX,TF,D
13:39:57,ICBP,RG,9500,1,F,ZP,TF,D
13:39:57,ICBP,RG,9500,1,F,ZP,TF,D
13:39:57,ICBP,RG,9500,4,F,YU,TF,D
13:39:56,ICBP,RG,9500,9,F,RX,TF,D
13:39:56,ICBP,RG,9500,1,F,ZP,TF,D
13:39:56,ICBP,RG,9500,1,F,ZP,TF,D
13:39:55,ICBP,RG,9475,1,D,NI,XL,D
13:39:51,ICBP,RG,9500,7,F,YU,TF,D
13:39:50,ICBP,RG,9475,1,D,NI,XC,D
13:39:41,ICBP,RG,9500,1,F,ZP,TF,D
13:39:41,ICBP,RG,9500,2,F,ZP,TF,D
13:39:41,ICBP,RG,9500,1,F,ZP,TF,D
13:39:40,ICBP,RG,9500,5,F,ZP,TF,D
13:39:40,ICBP,RG,9500,5,F,ZP,TF,D
13:39:40,ICBP,RG,9500,3,F,ZP,TF,D
13:39:40,ICBP,RG,9500,3,F,ZP,TF,D
13:39:40,ICBP,RG,9500,56,F,YU,TF,D
13:39:39,ICBP,RG,9475,28,D,NI,YP,D
13:39:27,ICBP,RG,9500,1,F,ZP,TF,D
13:39:27,ICBP,RG,9500,1,F,ZP,TF,D
13:39:26,ICBP,RG,9500,1,F,ZP,TF,D
13:39:26,ICBP,RG,9500,1,F,ZP,TF,D
13:39:26,ICBP,RG,9500,5,D,RX,TF,D
13:39:18,ICBP,RG,9500,15,F,RX,TF,D
13:39:11,ICBP,RG,9500,1,F,ZP,TF,D
13:39:11,ICBP,RG,9500,1,F,ZP,TF,D
13:39:11,ICBP,RG,9475,1,D,NI,KK,D
13:39:02,ICBP,RG,9500,3,F,ZP,TF,D
13:39:02,ICBP,RG,9500,3,F,ZP,TF,D
13:39:02,ICBP,RG,9500,1,D,YP,TF,D
13:38:08,ICBP,RG,9500,28,F,RX,TF,D
13:38:05,ICBP,RG,9500,1,D,PD,TF,D
13:36:36,ICBP,RG,9500,1,F,ZP,TF,D
13:36:36,ICBP,RG,9500,1,F,ZP,TF,D
13:36:35,ICBP,RG,9500,2,F,ZP,TF,D
13:36:35,ICBP,RG,9500,3,F,ZP,TF,D
13:36:35,ICBP,RG,9500,6,F,ZP,TF,D
13:36:35,ICBP,RG,9500,4,F,ZP,TF,D
13:36:35,ICBP,RG,9500,1,F,ZP,KK,D
13:36:35,ICBP,RG,9500,5,F,YU,KK,D
13:36:35,ICBP,RG,9500,1,F,YU,ZP,D
13:36:35,ICBP,RG,9500,13,F,YU,NI,D
13:36:35,ICBP,RG,9500,5,F,ZP,NI,D
13:36:34,ICBP,RG,9500,5,F,ZP,NI,D
13:36:34,ICBP,RG,9475,48,D,NI,NI,D
13:36:34,ICBP,RG,9475,50,D,NI,DR,D
13:36:13,ICBP,RG,9500,5,D,RX,NI,D
13:36:10,ICBP,RG,9500,1,F,ZP,NI,D
13:36:10,ICBP,RG,9500,1,F,ZP,NI,D
13:36:09,ICBP,RG,9500,1,F,ZP,NI,D
13:36:09,ICBP,RG,9500,1,F,ZP,YP,D
13:36:01,ICBP,RG,9500,11,F,YU,YP,D
13:35:59,ICBP,RG,9475,4,D,NI,XC,D
13:34:29,ICBP,RG,9500,2,F,ZP,YP,D
13:34:29,ICBP,RG,9500,2,F,ZP,YP,D
13:34:29,ICBP,RG,9500,2,D,KK,YP,D
13:34:09,ICBP,RG,9500,5,D,RX,YP,D
13:34:00,ICBP,RG,9500,4,F,ZP,YP,D
13:34:00,ICBP,RG,9500,4,F,ZP,YP,D
13:34:00,ICBP,RG,9500,34,F,YU,YP,D
13:33:59,ICBP,RG,9500,5,F,ZP,YP,D
13:33:59,ICBP,RG,9500,5,F,ZP,YP,D
13:33:59,ICBP,RG,9475,95,D,NI,NI,D
13:32:40,ICBP,RG,9500,5,D,RX,YP,D
13:32:07,ICBP,RG,9500,15,F,YU,YP,D
13:32:06,ICBP,RG,9475,1,D,NI,PD,D
13:31:52,ICBP,RG,9500,5,F,YU,YP,D
13:31:52,ICBP,RG,9500,1,F,YU,SQ,D
13:31:52,ICBP,RG,9500,59,F,YU,YP,D
13:31:52,ICBP,RG,9500,22,F,ZP,YP,D
13:31:52,ICBP,RG,9500,22,F,ZP,YP,D
13:31:52,ICBP,RG,9475,90,D,NI,KI,D
13:31:52,ICBP,RG,9475,9,D,KZ,KI,D
13:31:52,ICBP,RG,9475,7,D,KZ,KI,D
13:31:52,ICBP,RG,9475,29,F,YU,KI,D
13:31:52,ICBP,RG,9475,1,D,BB,KI,D
13:31:52,ICBP,RG,9475,43,F,RX,KI,D
13:31:52,ICBP,RG,9475,1,D,BB,KI,D
13:31:52,ICBP,RG,9475,1,D,BB,KI,D
13:31:52,ICBP,RG,9475,1,D,BB,KI,D
13:31:52,ICBP,RG,9475,1,D,BB,KI,D
13:31:52,ICBP,RG,9475,14,F,ZP,KI,D
13:31:52,ICBP,RG,9475,14,F,ZP,KI,D
13:31:52,ICBP,RG,9475,1,F,YU,KI,D
13:31:52,ICBP,RG,9475,2,F,ZP,KI,D
13:31:52,ICBP,RG,9475,2,F,ZP,KI,D
13:31:52,ICBP,RG,9475,2,D,BB,KI,D
13:31:52,ICBP,RG,9475,6,D,BB,KI,D
13:31:52,ICBP,RG,9475,1,D,BB,KI,D
13:31:21,ICBP,RG,9500,2,F,ZP,YP,D
13:31:21,ICBP,RG,9500,2,F,ZP,YP,D
13:31:21,ICBP,RG,9500,10,F,ZP,YP,D
13:31:21,ICBP,RG,9500,10,F,ZP,YP,D
13:31:21,ICBP,RG,9500,38,F,YU,YP,D
13:31:21,ICBP,RG,9500,4,F,YU,CC,D
13:31:21,ICBP,RG,9500,1,F,YU,YP,D
13:31:21,ICBP,RG,9500,1,F,YU,YP,D
13:31:21,ICBP,RG,9500,1,F,YU,LG,D
13:31:21,ICBP,RG,9500,3,F,YU,SQ,D
13:31:21,ICBP,RG,9500,35,F,YU,EP,D
13:31:21,ICBP,RG,9500,1,F,YU,PD,D
13:31:21,ICBP,RG,9500,10,F,YU,YP,D
13:31:21,ICBP,RG,9500,5,F,ZP,YP,D
13:31:21,ICBP,RG,9500,5,F,ZP,YP,D
13:31:21,ICBP,RG,9500,10,F,ZP,YP,D
13:31:21,ICBP,RG,9500,5,F,ZP,DR,D
13:31:21,ICBP,RG,9500,13,F,ZP,NI,D
13:31:21,ICBP,RG,9500,28,F,ZP,NI,D
13:31:21,ICBP,RG,9475,1,F,BK,NI,D
13:31:21,ICBP,RG,9475,5,F,BK,YP,D
13:31:21,ICBP,RG,9475,5,F,BK,CC,D
13:31:21,ICBP,RG,9475,1,F,BK,CC,D
13:31:21,ICBP,RG,9475,5,F,BK,CC,D
13:31:21,ICBP,RG,9475,4,F,BK,CC,D
13:31:21,ICBP,RG,9475,1,F,BK,XC,D
13:31:21,ICBP,RG,9475,50,F,BK,SQ,D
13:31:21,ICBP,RG,9475,10,F,BK,XC,D
13:31:21,ICBP,RG,9475,6,F,BK,SQ,D
13:31:21,ICBP,RG,9475,1,F,BK,SQ,D
13:31:21,ICBP,RG,9475,185,F,BK,KZ,F
13:31:20,ICBP,RG,9475,1,F,ZP,KZ,F
13:31:20,ICBP,RG,9475,1,F,ZP,KZ,F
13:31:20,ICBP,RG,9475,19,F,YU,KZ,F
13:31:20,ICBP,RG,9475,1,F,YU,CC,D
13:31:20,ICBP,RG,9475,4,F,ZP,CC,D
13:31:20,ICBP,RG,9475,3,F,ZP,CC,D
13:31:20,ICBP,RG,9475,1,F,ZP,XC,D
13:31:19,ICBP,RG,9475,4,F,ZP,AK,F
13:31:19,ICBP,RG,9475,4,F,ZP,AK,F
13:31:19,ICBP,RG,9475,29,F,YU,AK,F
13:31:19,ICBP,RG,9475,8,F,ZP,AK,F
13:31:19,ICBP,RG,9475,8,F,ZP,AK,F
13:31:19,ICBP,RG,9475,1,F,ZP,AK,F
13:31:19,ICBP,RG,9475,3,F,ZP,SQ,D
13:31:19,ICBP,RG,9475,2,F,ZP,RX,D
13:31:19,ICBP,RG,9475,5,F,ZP,XC,D
13:31:19,ICBP,RG,9475,2,F,ZP,XC,D
13:31:19,ICBP,RG,9475,1,F,ZP,YP,D
13:31:19,ICBP,RG,9475,20,F,ZP,YP,D
13:31:19,ICBP,RG,9475,1,F,ZP,EP,D
13:31:19,ICBP,RG,9475,2,F,ZP,EP,D
13:31:19,ICBP,RG,9475,24,F,ZP,YP,D
13:31:19,ICBP,RG,9475,1,F,ZP,YP,D
13:31:19,ICBP,RG,9475,2,F,ZP,YP,D
13:31:19,ICBP,RG,9475,6,F,ZP,YP,D
13:31:18,ICBP,RG,9475,8,F,ZP,YP,D
13:31:18,ICBP,RG,9475,8,F,ZP,YP,D
13:31:18,ICBP,RG,9475,8,F,YU,YP,D
13:31:18,ICBP,RG,9475,1,F,YU,YP,D
13:31:18,ICBP,RG,9475,8,F,YU,YP,D
13:31:18,ICBP,RG,9475,10,F,YU,YP,D
13:31:18,ICBP,RG,9475,2,F,YU,PD,D
13:31:18,ICBP,RG,9475,1,F,YU,PD,D
13:31:18,ICBP,RG,9475,2,F,YU,YP,D
13:31:18,ICBP,RG,9475,17,F,YU,PD,D
13:31:18,ICBP,RG,9475,6,F,YU,PD,D
13:31:18,ICBP,RG,9475,20,F,YU,PD,D
13:31:18,ICBP,RG,9475,5,F,YU,PD,D
13:31:18,ICBP,RG,9475,2,F,YU,PD,D
13:31:18,ICBP,RG,9475,20,F,YU,PD,D
13:31:18,ICBP,RG,9475,50,F,YU,PD,D
13:31:18,ICBP,RG,9475,11,F,YU,KK,D
13:31:18,ICBP,RG,9475,1,F,YU,PD,D
13:31:18,ICBP,RG,9475,9,F,YU,PD,D
13:31:18,ICBP,RG,9475,10,F,YU,KK,D
13:31:18,ICBP,RG,9475,15,F,YU,PD,D
13:31:18,ICBP,RG,9475,6,F,YU,KK,D
13:31:18,ICBP,RG,9475,3,F,YU,PD,D
13:31:18,ICBP,RG,9475,5,F,YU,GR,D
13:31:18,ICBP,RG,9475,2,F,YU,KK,D
13:31:18,ICBP,RG,9475,1,F,YU,LG,D
13:31:18,ICBP,RG,9475,11,F,YU,DH,D
13:31:18,ICBP,RG,9475,6,F,YU,DH,D
13:31:18,ICBP,RG,9475,25,F,YU,IF,D
13:31:18,ICBP,RG,9475,80,F,YU,KK,D
13:31:18,ICBP,RG,9475,50,F,YU,KK,D
13:31:18,ICBP,RG,9475,5,F,YU,KK,D
13:31:18,ICBP,RG,9475,5,F,YU,YP,D
13:31:18,ICBP,RG,9475,5,F,ZP,YP,D
13:31:18,ICBP,RG,9475,3,F,ZP,XC,D
13:31:18,ICBP,RG,9475,5,F,ZP,YP,D
13:31:18,ICBP,RG,9475,2,F,ZP,DH,D
13:31:18,ICBP,RG,9475,3,F,ZP,YU,F
13:31:18,ICBP,RG,9475,18,F,ZP,YU,F
13:31:17,ICBP,RG,9475,90,F,ZP,YU,F
13:31:17,ICBP,RG,9475,90,F,ZP,YU,F
13:31:17,ICBP,RG,9475,57,D,NI,YU,F
13:31:17,ICBP,RG,9475,293,D,NI,YU,F
13:31:17,ICBP,RG,9475,90,D,NI,YU,D
13:31:17,ICBP,RG,9475,132,D,NI,KZ,F
13:31:17,ICBP,RG,9475,427,D,NI,SQ,D
13:30:37,ICBP,RG,9475,1,D,PD,SQ,D
13:30:30,ICBP,RG,9475,2,D,XL,SQ,D
13:30:22,ICBP,RG,9475,4,F,ZP,SQ,D
13:30:22,ICBP,RG,9475,4,F,ZP,SQ,D
13:30:22,ICBP,RG,9475,15,F,YU,SQ,D
13:30:20,ICBP,RG,9475,14,F,YU,SQ,D
13:30:14,ICBP,RG,9475,5,F,ZP,SQ,D
13:30:14,ICBP,RG,9475,5,F,ZP,SQ,D
13:30:14,ICBP,RG,9475,31,F,YU,SQ,D
13:30:10,ICBP,RG,9475,5,F,ZP,SQ,D
13:30:09,ICBP,RG,9475,4,F,ZP,SQ,D
13:30:09,ICBP,RG,9475,4,F,ZP,SQ,D
13:30:07,ICBP,RG,9475,4,F,ZP,SQ,D
13:30:07,ICBP,RG,9475,4,F,ZP,SQ,D
13:30:07,ICBP,RG,9475,9,F,YU,SQ,D
13:30:06,ICBP,RG,9475,5,F,ZP,SQ,D
13:30:06,ICBP,RG,9475,5,F,ZP,SQ,D
13:30:06,ICBP,RG,9475,8,D,XL,SQ,D
13:30:06,ICBP,RG,9450,2,D,SQ,CC,D
13:30:05,ICBP,RG,9475,5,F,ZP,SQ,D
13:30:05,ICBP,RG,9475,5,F,ZP,SQ,D
13:30:05,ICBP,RG,9475,5,F,ZP,SQ,D
13:30:05,ICBP,RG,9475,4,F,YU,SQ,D
13:30:05,ICBP,RG,9475,1,D,XC,SQ,D
13:30:04,ICBP,RG,9450,1,D,SQ,YP,D
13:30:04,ICBP,RG,9450,1,D,XC,YP,D
13:30:04,ICBP,RG,9450,3,D,EP,YP,D
13:30:04,ICBP,RG,9475,2,D,XC,SQ,D
13:30:04,ICBP,RG,9450,1,D,EP,SQ,D
13:30:04,ICBP,RG,9475,26,F,YU,SQ,D
13:30:04,ICBP,RG,9475,20,D,CC,SQ,D
13:30:04,ICBP,RG,9475,4,F,ZP,SQ,D
13:30:04,ICBP,RG,9450,1,D,EP,CC,D
13:30:04,ICBP,RG,9450,1,D,CC,CC,D
13:30:04,ICBP,RG,9450,1,D,XC,CC,D
13:30:04,ICBP,RG,9450,6,D,NI,CC,D
13:30:04,ICBP,RG,9475,4,F,ZP,SQ,D
13:30:03,ICBP,RG,9475,7,F,ZP,SQ,D
13:30:03,ICBP,RG,9475,7,F,ZP,SQ,D
13:30:03,ICBP,RG,9475,47,F,YU,SQ,D
13:30:03,ICBP,RG,9475,4,D,XC,SQ,D
13:30:03,ICBP,RG,9450,1,D,NI,XC,D
13:30:03,ICBP,RG,9450,3,D,NI,XC,D
13:30:03,ICBP,RG,9475,1,D,YP,SQ,D
13:30:03,ICBP,RG,9475,2,D,YP,SQ,D
13:30:03,ICBP,RG,9475,13,F,ZP,SQ,D
13:30:03,ICBP,RG,9475,13,F,ZP,SQ,D
13:30:02,ICBP,RG,9450,4,D,NI,YP,D
13:30:02,ICBP,RG,9450,1,D,NI,YP,D
13:30:02,ICBP,RG,9450,10,D,NI,YP,D
13:30:02,ICBP,RG,9475,1,D,YP,SQ,D
13:30:01,ICBP,RG,9475,1,D,AZ,SQ,D
13:30:01,ICBP,RG,9450,1,D,NI,PD,D
13:30:01,ICBP,RG,9475,1,D,PD,SQ,D
13:30:01,ICBP,RG,9450,3,D,NI,PD,D
13:30:01,ICBP,RG,9475,1,D,PD,SQ,D
13:30:01,ICBP,RG,9475,22,D,PD,SQ,D
13:30:01,ICBP,RG,9450,3,D,NI,LG,D
13:30:01,ICBP,RG,9450,6,D,NI,PD,D
13:30:01,ICBP,RG,9450,3,D,NI,PD,D
13:30:01,ICBP,RG,9450,8,D,NI,DH,D
13:30:01,ICBP,RG,9450,60,D,NI,LG,D
13:30:01,ICBP,RG,9475,10,D,AT,SQ,D
13:30:01,ICBP,RG,9450,1,D,NI,AT,D
13:30:01,ICBP,RG,9450,139,D,NI,NI,D
13:30:01,ICBP,RG,9450,1,D,XC,NI,D
11:29:59,ICBP,RG,9475,4,D,BB,SQ,D
11:29:59,ICBP,RG,9450,1,D,XC,KI,D
11:29:59,ICBP,RG,9450,1,D,YP,KI,D
11:29:56,ICBP,RG,9475,5,D,BB,SQ,D
11:29:55,ICBP,RG,9475,2,D,BB,SQ,D
11:29:54,ICBP,RG,9475,1,D,BB,SQ,D
11:29:47,ICBP,RG,9475,16,D,BB,SQ,D
11:29:38,ICBP,RG,9475,8,D,BB,SQ,D
11:29:36,ICBP,RG,9475,2,D,BB,SQ,D
11:29:36,ICBP,RG,9475,8,D,BB,SQ,D
11:29:35,ICBP,RG,9475,9,D,BB,SQ,D
11:29:32,ICBP,RG,9475,1,D,RX,SQ,D
11:29:30,ICBP,RG,9475,2,D,BB,SQ,D
11:29:29,ICBP,RG,9475,11,D,BB,SQ,D
11:29:29,ICBP,RG,9475,15,D,BB,SQ,D
11:29:29,ICBP,RG,9475,8,D,BB,SQ,D
11:29:25,ICBP,RG,9450,1,D,YP,YU,F
11:29:25,ICBP,RG,9450,1,D,CC,YU,F
11:29:25,ICBP,RG,9450,2,D,NI,YU,F
11:29:25,ICBP,RG,9450,8,D,YP,YU,F
11:29:22,ICBP,RG,9475,3,D,BB,SQ,D
11:29:21,ICBP,RG,9475,3,D,BB,SQ,D
11:29:21,ICBP,RG,9450,1,D,YP,DR,D
11:29:09,ICBP,RG,9475,31,D,BB,SQ,D
11:29:07,ICBP,RG,9475,1,F,ZP,SQ,D
11:28:51,ICBP,RG,9450,1,D,YP,XL,D
11:28:40,ICBP,RG,9450,1,D,DH,XL,D
11:28:39,ICBP,RG,9475,2,D,BB,SQ,D
11:28:34,ICBP,RG,9475,22,D,NI,SQ,D
11:28:31,ICBP,RG,9475,1,D,BB,SQ,D
11:28:30,ICBP,RG,9475,1,D,BB,SQ,D
11:28:20,ICBP,RG,9475,1,D,BB,SQ,D
11:28:19,ICBP,RG,9475,1,D,XL,SQ,D
11:28:04,ICBP,RG,9450,5,D,PD,YU,F
11:28:04,ICBP,RG,9450,4,D,CC,YU,F
11:28:03,ICBP,RG,9450,5,D,CC,KZ,F
11:28:03,ICBP,RG,9450,14,D,NI,KZ,F
11:28:03,ICBP,RG,9450,36,D,NI,KZ,F
11:27:57,ICBP,RG,9450,7,D,NI,PD,D
11:27:53,ICBP,RG,9475,66,D,BB,SQ,D
11:27:46,ICBP,RG,9450,1,D,NI,PD,D
11:27:41,ICBP,RG,9450,13,D,NI,SQ,D
11:27:41,ICBP,RG,9450,3,D,NI,DR,D
11:27:21,ICBP,RG,9450,3,D,NI,DR,D
11:27:10,ICBP,RG,9450,7,D,NI,YU,F
11:26:28,ICBP,RG,9450,9,D,NI,AT,D
11:26:09,ICBP,RG,9450,1,D,NI,XC,D
11:25:58,ICBP,RG,9450,25,D,NI,CP,D
11:25:53,ICBP,RG,9450,127,D,NI,KZ,F
11:25:51,ICBP,RG,9450,3,D,NI,YP,D
11:25:51,ICBP,RG,9450,8,D,SQ,YP,D
11:25:50,ICBP,RG,9450,7,D,SQ,CC,D
11:25:50,ICBP,RG,9450,5,D,AI,YU,F
11:25:50,ICBP,RG,9450,2,D,CC,YU,F
11:25:30,ICBP,RG,9475,8,D,BB,SQ,D
11:25:30,ICBP,RG,9475,10,D,YU,SQ,D
11:25:30,ICBP,RG,9475,8,D,XC,SQ,D
11:25:30,ICBP,RG,9475,39,D,KZ,SQ,D
11:25:30,ICBP,RG,9475,170,D,KZ,SQ,D
11:25:30,ICBP,RG,9475,200,D,OD,SQ,D
11:25:30,ICBP,RG,9475,91,F,RX,SQ,D
11:25:30,ICBP,RG,9475,126,D,KZ,SQ,D
11:25:30,ICBP,RG,9475,30,D,KZ,SQ,D
11:25:30,ICBP,RG,9475,1,D,XC,SQ,D
11:25:30,ICBP,RG,9475,2,D,PD,SQ,D
11:25:30,ICBP,RG,9475,14,D,NI,SQ,D
11:25:30,ICBP,RG,9475,235,D,NI,SQ,D
11:25:30,ICBP,RG,9475,71,D,BB,SQ,D
11:25:30,ICBP,RG,9475,3,D,BB,SQ,D
11:25:30,ICBP,RG,9475,393,D,BB,SQ,D
11:25:30,ICBP,RG,9475,324,F,ZP,SQ,D
11:25:30,ICBP,RG,9475,19,D,BB,SQ,D
11:25:30,ICBP,RG,9475,93,D,KZ,SQ,D
11:25:30,ICBP,RG,9475,22,D,KZ,SQ,D
11:25:30,ICBP,RG,9475,10,D,CC,SQ,D
11:25:30,ICBP,RG,9475,367,D,KZ,SQ,D
11:25:30,ICBP,RG,9475,87,D,KZ,SQ,D
11:25:30,ICBP,RG,9475,93,D,BB,SQ,D
11:25:30,ICBP,RG,9475,17,D,BB,SQ,D
11:25:30,ICBP,RG,9475,6,D,XC,SQ,D
11:25:30,ICBP,RG,9475,116,D,KZ,SQ,D
11:25:30,ICBP,RG,9475,27,D,KZ,SQ,D
11:25:30,ICBP,RG,9475,70,D,BB,SQ,D
11:25:30,ICBP,RG,9475,30,D,BB,SQ,D
11:25:30,ICBP,RG,9475,53,D,BB,SQ,D
11:25:30,ICBP,RG,9475,12,D,YU,SQ,D
11:25:30,ICBP,RG,9475,95,F,RX,SQ,D
11:25:30,ICBP,RG,9475,28,D,NI,SQ,D
11:25:30,ICBP,RG,9475,471,D,NI,SQ,D
11:25:30,ICBP,RG,9475,67,D,BB,SQ,D
11:25:30,ICBP,RG,9475,92,D,BB,SQ,D
11:25:30,ICBP,RG,9475,141,D,KZ,SQ,D
11:25:30,ICBP,RG,9475,34,D,KZ,SQ,D
11:25:30,ICBP,RG,9475,131,D,NI,SQ,D
11:25:30,ICBP,RG,9475,82,D,BB,SQ,D
11:25:30,ICBP,RG,9475,5,D,XC,SQ,D
11:25:30,ICBP,RG,9475,1,D,PD,SQ,D
11:25:30,ICBP,RG,9475,15,D,YU,SQ,D
11:25:30,ICBP,RG,9475,10,D,RX,SQ,D
11:25:30,ICBP,RG,9475,1,D,NI,SQ,D
11:25:30,ICBP,RG,9475,117,F,RX,SQ,D
11:25:30,ICBP,RG,9475,259,D,KZ,SQ,D
11:25:30,ICBP,RG,9475,167,D,KZ,SQ,D
11:25:30,ICBP,RG,9475,40,D,KZ,SQ,D
11:25:30,ICBP,RG,9475,4,D,LG,SQ,D
11:25:30,ICBP,RG,9475,200,D,OD,SQ,D
11:25:30,ICBP,RG,9475,1,D,EP,SQ,D
11:25:30,ICBP,RG,9475,2,D,BB,SQ,D
11:25:30,ICBP,RG,9475,1,D,BB,SQ,D
11:25:30,ICBP,RG,9475,510,D,BB,SQ,D
11:25:30,ICBP,RG,9475,15,D,YB,SQ,D
11:25:30,ICBP,RG,9475,5,D,BB,SQ,D
11:25:30,ICBP,RG,9475,419,D,BB,SQ,D
11:25:30,ICBP,RG,9475,854,D,BB,SQ,D
11:25:15,ICBP,RG,9500,2,D,BB,NI,D
11:25:05,ICBP,RG,9500,13,F,RX,NI,D
11:24:52,ICBP,RG,9475,110,D,BB,YP,D
11:24:20,ICBP,RG,9500,8,F,RX,NI,D
11:24:19,ICBP,RG,9500,41,D,KZ,NI,D
11:24:19,ICBP,RG,9500,30,D,KZ,GR,D
11:24:19,ICBP,RG,9500,1,D,KZ,XC,D
11:24:19,ICBP,RG,9500,6,D,KZ,PD,D
11:24:19,ICBP,RG,9500,2,D,KZ,YP,D
11:24:19,ICBP,RG,9500,1,D,KZ,NI,D
11:24:19,ICBP,RG,9500,3,D,KZ,SQ,D
11:24:19,ICBP,RG,9500,5,D,KZ,XA,D
11:24:19,ICBP,RG,9500,17,D,KZ,CC,D
11:24:19,ICBP,RG,9500,20,D,KZ,CC,D
11:24:19,ICBP,RG,9500,1,D,KZ,PD,D
11:24:19,ICBP,RG,9500,30,D,KZ,HP,D
11:24:19,ICBP,RG,9500,100,D,KZ,PD,D
11:24:19,ICBP,RG,9500,30,D,KZ,YP,D
11:24:19,ICBP,RG,9500,5,D,KZ,KK,D
11:24:19,ICBP,RG,9500,1,D,KZ,YP,D
11:24:19,ICBP,RG,9500,30,D,KZ,KI,D
11:24:19,ICBP,RG,9500,2,D,KZ,XC,D
11:24:19,ICBP,RG,9500,3,D,KZ,NI,D
11:24:19,ICBP,RG,9500,6,D,KZ,PD,D
11:24:19,ICBP,RG,9500,2,D,KZ,OD,D
11:24:19,ICBP,RG,9500,1,D,KZ,CC,D
11:24:19,ICBP,RG,9500,1,D,KZ,YP,D
11:24:19,ICBP,RG,9500,5,D,KZ,CC,D
11:24:19,ICBP,RG,9500,5,D,KZ,YJ,D
11:24:19,ICBP,RG,9500,2,D,KZ,YP,D
11:24:19,ICBP,RG,9500,2,D,KZ,PD,D
11:24:19,ICBP,RG,9500,5,D,KZ,XC,D
11:24:19,ICBP,RG,9500,2,D,KZ,PF,D
11:24:19,ICBP,RG,9500,110,D,KZ,PD,D
11:24:19,ICBP,RG,9500,59,D,KZ,CC,D
11:24:19,ICBP,RG,9500,1,D,KZ,CC,D
11:24:19,ICBP,RG,9500,5,D,KZ,XC,D
11:24:19,ICBP,RG,9500,31,D,KZ,HP,D
11:24:19,ICBP,RG,9500,59,D,KZ,HP,D
11:24:19,ICBP,RG,9500,15,D,KZ,PD,D
11:24:19,ICBP,RG,9500,37,D,KZ,CP,D
11:24:19,ICBP,RG,9500,20,D,KZ,PD,D
11:24:19,ICBP,RG,9500,3,D,KZ,FZ,D
11:24:14,ICBP,RG,9500,5,D,RX,FZ,D
11:24:12,ICBP,RG,9475,1,D,BB,DR,D
11:24:11,ICBP,RG,9500,42,F,ZP,FZ,D
11:24:11,ICBP,RG,9500,10,F,ZP,YP,D
11:24:11,ICBP,RG,9500,12,F,ZP,CC,D
11:24:11,ICBP,RG,9500,10,F,ZP,PD,D
11:24:11,ICBP,RG,9500,20,F,ZP,LS,D
11:24:11,ICBP,RG,9500,10,F,ZP,YP,D
11:24:11,ICBP,RG,9500,20,F,ZP,YP,D
11:24:11,ICBP,RG,9500,1,F,ZP,XC,D
11:24:11,ICBP,RG,9500,150,F,ZP,YP,D
11:24:11,ICBP,RG,9500,2,F,ZP,DH,D
11:24:11,ICBP,RG,9500,1,F,ZP,GR,D
11:24:11,ICBP,RG,9500,60,F,ZP,KI,D
11:23:49,ICBP,RG,9500,3,D,XL,KI,D
11:22:54,ICBP,RG,9500,1,D,BQ,KI,D
11:22:14,ICBP,RG,9500,86,F,BK,KI,D
11:22:14,ICBP,RG,9500,1,F,BK,PD,D
11:22:14,ICBP,RG,9500,1,F,BK,PD,D
11:22:14,ICBP,RG,9500,2,F,BK,PD,D
11:22:14,ICBP,RG,9500,2,F,BK,YP,D
11:22:14,ICBP,RG,9500,10,F,BK,AZ,D
11:22:14,ICBP,RG,9500,20,F,BK,KK,D
11:22:14,ICBP,RG,9500,15,F,BK,CD,D
11:22:14,ICBP,RG,9500,1,F,BK,PD,D
11:22:14,ICBP,RG,9500,5,F,BK,CC,D
11:22:14,ICBP,RG,9500,1,F,BK,PD,D
11:22:14,ICBP,RG,9500,2,F,BK,YP,D
11:22:14,ICBP,RG,9500,2,F,BK,KK,D
11:22:14,ICBP,RG,9500,1,F,BK,DX,D
11:22:14,ICBP,RG,9500,1,F,BK,NI,D
11:22:14,ICBP,RG,9500,37,F,BK,CC,D
11:22:14,ICBP,RG,9500,10,F,BK,CC,D
11:22:14,ICBP,RG,9500,2,F,BK,KK,D
11:22:14,ICBP,RG,9500,1,F,BK,KK,D
11:22:14,ICBP,RG,9500,3,F,BK,KK,D
11:22:14,ICBP,RG,9500,30,F,BK,KK,D
11:22:14,ICBP,RG,9500,6,F,BK,YP,D
11:22:14,ICBP,RG,9500,2,F,BK,DR,D
11:22:14,ICBP,RG,9500,3,F,BK,NI,D
11:22:14,ICBP,RG,9500,5,F,BK,OD,D
11:22:14,ICBP,RG,9500,1,F,BK,DR,D
11:22:14,ICBP,RG,9500,1,F,BK,XC,D
11:22:14,ICBP,RG,9500,10,F,BK,CC,D
11:22:14,ICBP,RG,9500,2,F,BK,XC,D
11:22:14,ICBP,RG,9500,10,F,BK,PD,D
11:22:14,ICBP,RG,9500,3,F,BK,GR,D
11:22:14,ICBP,RG,9500,5,F,BK,YP,D
11:22:14,ICBP,RG,9500,1,F,BK,KK,D
11:22:14,ICBP,RG,9500,5,F,BK,KK,D
11:22:14,ICBP,RG,9500,4,F,BK,PD,D
11:22:14,ICBP,RG,9500,2,F,BK,NI,D
11:22:14,ICBP,RG,9500,20,F,BK,YP,D
11:22:14,ICBP,RG,9500,10,F,BK,DH,D
11:22:14,ICBP,RG,9500,3,F,BK,PD,D
11:22:14,ICBP,RG,9500,1,F,BK,PD,D
11:22:14,ICBP,RG,9500,4,F,BK,CC,D
11:22:14,ICBP,RG,9500,1,F,BK,NI,D
11:22:14,ICBP,RG,9500,1,F,BK,SQ,D
11:22:14,ICBP,RG,9500,1,F,BK,KK,D
11:22:14,ICBP,RG,9500,2,F,BK,DR,D
11:22:14,ICBP,RG,9500,5,F,BK,KK,D
11:22:14,ICBP,RG,9500,10,F,BK,YP,D
11:22:14,ICBP,RG,9500,1,F,BK,PD,D
11:22:14,ICBP,RG,9500,3,F,BK,YP,D
11:22:14,ICBP,RG,9500,100,F,BK,EP,D
11:22:14,ICBP,RG,9500,301,F,BK,NI,D
11:22:14,ICBP,RG,9500,2,F,BK,PD,D
11:22:14,ICBP,RG,9500,1,F,BK,GR,D
11:22:14,ICBP,RG,9500,10,F,BK,XC,D
11:22:14,ICBP,RG,9500,5,F,BK,YP,D
11:22:14,ICBP,RG,9500,1,F,BK,DR,D
11:22:14,ICBP,RG,9500,6,F,BK,XL,D
11:22:14,ICBP,RG,9500,1175,F,BK,NI,D
11:22:07,ICBP,RG,9475,1,D,BB,AK,F
11:22:07,ICBP,RG,9500,297,D,BB,NI,D
11:21:55,ICBP,RG,9500,5,D,RX,NI,D
11:21:37,ICBP,RG,9500,1,D,BQ,NI,D
11:21:14,ICBP,RG,9475,6,D,BB,DR,D
11:21:13,ICBP,RG,9500,847,F,BK,NI,D
11:21:13,ICBP,RG,9500,10,F,BK,OD,D
11:21:13,ICBP,RG,9500,10,F,BK,TP,D
11:21:13,ICBP,RG,9500,1,F,BK,YP,D
11:21:13,ICBP,RG,9500,2,F,BK,CC,D
11:21:13,ICBP,RG,9500,4,F,BK,OD,D
11:21:13,ICBP,RG,9500,5,F,BK,PD,D
11:21:13,ICBP,RG,9500,20,F,BK,YP,D
11:21:13,ICBP,RG,9500,4,F,BK,PD,D
11:21:13,ICBP,RG,9500,150,F,BK,IF,D
11:21:13,ICBP,RG,9500,1,F,BK,NI,D
11:21:13,ICBP,RG,9500,20,F,BK,TP,D
11:21:13,ICBP,RG,9500,10,F,BK,YP,D
11:21:13,ICBP,RG,9500,2,F,BK,YP,D
11:21:13,ICBP,RG,9500,1,F,BK,YP,D
11:21:13,ICBP,RG,9500,1,F,BK,YP,D
11:21:13,ICBP,RG,9500,10,F,BK,PD,D
11:21:13,ICBP,RG,9500,1,F,BK,CC,D
11:21:13,ICBP,RG,9500,4,F,BK,ZP,D
11:21:13,ICBP,RG,9500,1,F,BK,PD,D
11:21:13,ICBP,RG,9500,5,F,BK,NI,D
11:21:13,ICBP,RG,9500,5,F,BK,KK,D
11:21:13,ICBP,RG,9500,58,F,BK,DR,D
11:21:13,ICBP,RG,9500,50,F,BK,RG,D
11:21:13,ICBP,RG,9500,48,F,BK,CC,D
11:21:13,ICBP,RG,9500,25,F,BK,NI,D
11:21:13,ICBP,RG,9500,1,F,BK,CC,D
11:21:13,ICBP,RG,9500,1,F,BK,YP,D
11:21:13,ICBP,RG,9500,1,F,BK,XC,D
11:21:13,ICBP,RG,9500,10,F,BK,YP,D
11:21:13,ICBP,RG,9500,1,F,BK,DH,D
11:21:13,ICBP,RG,9500,1,F,BK,PD,D
11:21:13,ICBP,RG,9500,5,F,BK,YU,D
11:21:13,ICBP,RG,9500,10,F,BK,PD,D
11:21:13,ICBP,RG,9500,20,F,BK,YP,D
11:21:13,ICBP,RG,9500,6,F,BK,PD,D
11:21:13,ICBP,RG,9500,10,F,BK,AI,D
11:21:13,ICBP,RG,9500,10,F,BK,KK,D
11:21:13,ICBP,RG,9500,1,F,BK,PD,D
11:21:13,ICBP,RG,9500,20,F,BK,YP,D
11:21:13,ICBP,RG,9500,50,F,BK,CP,D
11:21:13,ICBP,RG,9500,2,F,BK,KK,D
11:21:13,ICBP,RG,9500,80,F,BK,CC,D
11:21:13,ICBP,RG,9500,10,F,BK,YU,D
11:21:13,ICBP,RG,9500,200,F,BK,CC,D
11:21:13,ICBP,RG,9500,7,F,BK,AZ,D
11:21:13,ICBP,RG,9500,1,F,BK,NI,D
11:21:13,ICBP,RG,9500,100,F,BK,SQ,D
11:21:13,ICBP,RG,9500,3,F,BK,KK,D
11:21:13,ICBP,RG,9500,4,F,BK,PD,D
11:21:13,ICBP,RG,9500,5,F,BK,EP,D
11:21:13,ICBP,RG,9500,80,F,BK,KK,D
11:21:13,ICBP,RG,9500,40,F,BK,KK,D
11:21:13,ICBP,RG,9500,20,F,BK,YP,D
11:21:13,ICBP,RG,9500,1,F,BK,KK,D
11:21:13,ICBP,RG,9500,1,F,BK,YP,D
11:21:07,ICBP,RG,9500,1,D,BB,PD,D
11:21:04,ICBP,RG,9500,1,D,BB,PD,D
11:21:04,ICBP,RG,9500,1,D,BB,PD,D
11:20:39,ICBP,RG,9500,1,F,RX,PD,D
11:20:39,ICBP,RG,9500,2,F,RX,PD,D
11:20:39,ICBP,RG,9500,40,F,RX,PD,D
11:20:39,ICBP,RG,9500,25,F,RX,LG,D
11:20:39,ICBP,RG,9500,13,F,RX,DR,D
11:20:39,ICBP,RG,9500,3,F,RX,XC,D
11:20:39,ICBP,RG,9500,2,F,RX,KK,D
11:20:39,ICBP,RG,9500,1,F,RX,NI,D
11:20:39,ICBP,RG,9500,3,F,RX,PD,D
11:20:35,ICBP,RG,9500,7,D,BB,PD,D
11:20:35,ICBP,RG,9500,1,D,BB,NI,D
11:20:35,ICBP,RG,9500,2,D,BB,PD,D
11:20:35,ICBP,RG,9500,5,D,BB,PD,D
11:20:35,ICBP,RG,9500,28,D,BB,CC,D
11:20:35,ICBP,RG,9500,100,D,BB,AK,F
11:20:35,ICBP,RG,9500,53,D,BB,AK,F
11:20:35,ICBP,RG,9500,1,D,BB,XC,D
11:20:35,ICBP,RG,9500,2,D,BB,SQ,D
11:20:35,ICBP,RG,9500,6,D,BB,XC,D
11:20:35,ICBP,RG,9500,20,D,BB,YP,D
11:20:35,ICBP,RG,9500,6,D,BB,GR,D
11:20:35,ICBP,RG,9500,60,D,BB,EP,D
11:20:35,ICBP,RG,9500,1,D,BB,PD,D
11:20:35,ICBP,RG,9500,2,D,BB,XC,D
11:20:35,ICBP,RG,9500,5,D,BB,GR,D
11:20:35,ICBP,RG,9500,2,D,BB,YP,D
11:20:35,ICBP,RG,9500,1,D,BB,XC,D
11:20:35,ICBP,RG,9500,12,D,BB,CC,D
11:20:35,ICBP,RG,9500,1,D,BB,PD,D
11:20:35,ICBP,RG,9500,1,D,BB,CC,D
11:20:35,ICBP,RG,9500,10,D,BB,SQ,D
11:20:35,ICBP,RG,9500,1,D,BB,PD,D
11:20:35,ICBP,RG,9500,20,D,BB,SQ,D
11:20:35,ICBP,RG,9500,5,D,BB,OD,D
11:20:35,ICBP,RG,9500,5,D,BB,PD,D
11:20:35,ICBP,RG,9500,1,D,BB,KK,D
11:20:35,ICBP,RG,9500,3,D,BB,PD,D
11:20:35,ICBP,RG,9500,1,D,BB,XC,D
11:20:35,ICBP,RG,9500,65,D,BB,CC,D
11:20:35,ICBP,RG,9500,120,D,BB,KK,D
11:20:35,ICBP,RG,9500,2,D,BB,YP,D
11:20:35,ICBP,RG,9500,6,D,BB,YP,D
11:20:35,ICBP,RG,9500,3,D,BB,PD,D
11:20:35,ICBP,RG,9500,100,D,BB,PD,D
11:20:35,ICBP,RG,9500,2,D,BB,CC,D
11:20:35,ICBP,RG,9500,30,D,BB,CC,D
11:20:35,ICBP,RG,9500,1,D,BB,PD,D
11:20:35,ICBP,RG,9500,1,D,BB,YP,D
11:20:35,ICBP,RG,9500,5,D,BB,PD,D
11:20:35,ICBP,RG,9500,10,D,BB,CC,D
11:20:35,ICBP,RG,9500,5,D,BB,YP,D
11:20:35,ICBP,RG,9500,500,D,BB,YU,D
11:20:35,ICBP,RG,9500,20,D,BB,KK,D
11:20:35,ICBP,RG,9500,1,D,BB,YP,D
11:20:35,ICBP,RG,9500,12,D,BB,DH,D
11:20:35,ICBP,RG,9500,6,D,BB,DH,D
11:20:35,ICBP,RG,9500,1,D,BB,XC,D
11:20:35,ICBP,RG,9500,5,D,BB,SQ,D
11:20:35,ICBP,RG,9500,1,D,BB,PD,D
11:20:35,ICBP,RG,9500,8,D,BB,PD,D
11:20:35,ICBP,RG,9500,1,D,BB,SQ,D
11:20:35,ICBP,RG,9500,1,D,BB,LG,D
11:20:35,ICBP,RG,9500,1,D,BB,PD,D
11:20:35,ICBP,RG,9500,6,D,BB,PD,D
11:20:35,ICBP,RG,9500,2,D,BB,SQ,D
11:20:35,ICBP,RG,9500,2,D,BB,CC,D
11:20:35,ICBP,RG,9500,47,D,BB,NI,D
11:20:24,ICBP,RG,9475,1,D,BB,AK,F
11:20:24,ICBP,RG,9500,11,F,RX,NI,D
11:19:58,ICBP,RG,9500,4,D,BB,NI,D
11:19:40,ICBP,RG,9500,24,F,RX,NI,D
11:19:39,ICBP,RG,9500,5,D,RX,NI,D
11:19:32,ICBP,RG,9475,7,D,BB,AK,F
11:19:32,ICBP,RG,9500,327,F,ZP,NI,D
11:19:00,ICBP,RG,9475,20,D,BB,KK,D
11:18:39,ICBP,RG,9475,11,D,BB,YP,D
11:18:18,ICBP,RG,9475,100,D,BB,YP,D
11:17:50,ICBP,RG,9475,7,D,BB,AK,F
11:17:50,ICBP,RG,9500,8,F,RX,NI,D
11:17:41,ICBP,RG,9475,20,D,BB,SQ,D
11:17:06,ICBP,RG,9500,20,F,RX,NI,D
11:17:06,ICBP,RG,9500,1,D,XC,NI,D
11:17:00,ICBP,RG,9500,26,D,YU,NI,D
11:16:04,ICBP,RG,9500,1,D,PD,NI,D
11:16:04,ICBP,RG,9475,1,D,BB,YP,D
11:15:43,ICBP,RG,9475,79,D,BB,CC,D
11:15:23,ICBP,RG,9475,85,D,BB,KZ,F
11:15:22,ICBP,RG,9475,4,D,BB,NI,D
11:15:20,ICBP,RG,9500,2,D,KI,NI,D
11:14:58,ICBP,RG,9475,5,D,BB,YP,D
11:14:53,ICBP,RG,9475,100,D,BB,XC,D
11:14:42,ICBP,RG,9475,100,D,BB,NI,D
11:14:27,ICBP,RG,9475,15,D,BB,PD,D
11:14:10,ICBP,RG,9475,1,D,BB,XC,D
11:14:03,ICBP,RG,9475,1,D,BB,PD,D
11:13:50,ICBP,RG,9475,2,D,BB,XC,D
11:13:46,ICBP,RG,9475,7,D,BB,AK,F
11:13:46,ICBP,RG,9500,438,D,BB,NI,D
11:12:35,ICBP,RG,9475,12,D,BB,SQ,D
11:12:18,ICBP,RG,9475,7,D,BB,DR,D
11:12:09,ICBP,RG,9475,1,D,BB,NI,D
11:10:42,ICBP,RG,9475,18,D,BB,AK,F
11:10:42,ICBP,RG,9475,1,D,BB,AK,F
11:10:42,ICBP,RG,9475,19,D,BB,AK,F
11:10:41,ICBP,RG,9500,946,F,BK,NI,D
11:10:41,ICBP,RG,9500,1,F,BK,XC,D
11:10:41,ICBP,RG,9500,7,F,BK,NI,D
11:10:41,ICBP,RG,9500,5,F,BK,OD,D
11:10:41,ICBP,RG,9500,1,F,BK,YP,D
11:10:41,ICBP,RG,9500,610,F,BK,PD,D
11:10:41,ICBP,RG,9500,350,F,BK,YP,D
11:10:41,ICBP,RG,9500,530,F,BK,YP,D
11:10:41,ICBP,RG,9475,1,D,BB,AK,F
11:10:41,ICBP,RG,9475,1,D,BB,AK,F
11:10:41,ICBP,RG,9500,60,D,BB,YP,D
11:10:41,ICBP,RG,9500,19,D,BB,TP,D
11:10:41,ICBP,RG,9500,2,D,BB,YP,D
11:10:41,ICBP,RG,9500,3,D,BB,YP,D
11:10:41,ICBP,RG,9500,20,D,BB,HP,D
11:10:41,ICBP,RG,9500,37,D,BB,SQ,D
11:10:38,ICBP,RG,9475,4,D,BB,PD,D
11:10:38,ICBP,RG,9475,4,F,ZP,PD,D
11:09:24,ICBP,RG,9500,3,D,BB,SQ,D
11:09:24,ICBP,RG,9500,2,D,BB,XC,D
11:09:12,ICBP,RG,9475,7,F,ZP,PD,D
11:09:09,ICBP,RG,9475,4,F,ZP,DR,D
11:09:08,ICBP,RG,9475,9,F,ZP,DR,D
11:09:00,ICBP,RG,9500,2,D,RX,XC,D
11:09:00,ICBP,RG,9500,2,D,RX,XC,D
11:08:41,ICBP,RG,9475,1,F,ZP,AK,F
11:08:40,ICBP,RG,9500,4,F,ZP,XC,D
11:08:40,ICBP,RG,9500,7,F,ZP,XC,D
11:08:40,ICBP,RG,9500,2,F,ZP,NI,D
11:08:40,ICBP,RG,9500,1,F,ZP,CC,D
11:08:40,ICBP,RG,9500,1,F,ZP,PD,D
11:08:40,ICBP,RG,9500,1,F,ZP,YP,D
11:08:40,ICBP,RG,9500,10,F,ZP,PD,D
11:08:40,ICBP,RG,9500,5,F,ZP,PD,D
11:08:25,ICBP,RG,9475,1,F,ZP,YP,D
11:07:56,ICBP,RG,9500,3,D,MU,PD,D
11:07:05,ICBP,RG,9500,10,F,RX,YP,D
11:07:05,ICBP,RG,9500,1,F,RX,DX,D
11:06:29,ICBP,RG,9475,1,F,ZP,AK,F
11:06:29,ICBP,RG,9475,51,F,ZP,KK,D
11:06:28,ICBP,RG,9475,2,F,ZP,AK,F
11:06:27,ICBP,RG,9500,9,F,RX,DX,D
11:06:27,ICBP,RG,9500,1,F,RX,CP,D
11:06:27,ICBP,RG,9500,117,F,RX,YU,F
11:06:24,ICBP,RG,9475,15,F,ZP,AK,F
11:06:24,ICBP,RG,9500,497,F,BK,YU,F
11:06:24,ICBP,RG,9500,50,F,BK,CC,D
11:06:24,ICBP,RG,9500,1,F,BK,PD,D
11:06:24,ICBP,RG,9500,1,F,BK,KK,D
11:06:24,ICBP,RG,9500,7,F,BK,YP,D
11:06:24,ICBP,RG,9500,1,F,BK,TP,D
11:06:24,ICBP,RG,9500,4,F,BK,SQ,D
11:06:24,ICBP,RG,9500,10,F,BK,PD,D
11:06:24,ICBP,RG,9500,3,F,BK,YP,D
11:06:24,ICBP,RG,9500,7,F,BK,PD,D
11:06:24,ICBP,RG,9500,77,F,BK,SQ,D
11:06:24,ICBP,RG,9500,2,F,BK,DR,D
11:06:24,ICBP,RG,9500,300,F,BK,PD,D
11:06:24,ICBP,RG,9500,10,F,BK,GR,D
11:06:24,ICBP,RG,9500,1,F,BK,PD,D
11:06:24,ICBP,RG,9500,2,F,BK,SQ,D
11:06:24,ICBP,RG,9500,1,F,BK,PD,D
11:06:24,ICBP,RG,9500,2,F,BK,CC,D
11:06:24,ICBP,RG,9500,15,F,BK,DH,D
11:06:24,ICBP,RG,9500,1,F,BK,PD,D
11:06:24,ICBP,RG,9500,2,F,BK,XL,D
11:06:24,ICBP,RG,9500,6,F,BK,YP,D
11:06:23,ICBP,RG,9500,4,D,RX,YP,D
11:06:23,ICBP,RG,9500,1,D,RX,KK,D
11:06:17,ICBP,RG,9475,1,F,ZP,AK,F
11:06:16,ICBP,RG,9500,2,F,RX,KK,D
11:06:16,ICBP,RG,9500,2,F,RX,PD,D
11:06:16,ICBP,RG,9500,4,F,RX,CC,D
11:05:58,ICBP,RG,9475,20,F,ZP,BQ,D
11:05:21,ICBP,RG,9475,10,F,ZP,YP,D
11:04:54,ICBP,RG,9475,1,F,ZP,AK,F
11:04:53,ICBP,RG,9475,76,F,ZP,KZ,F
11:04:53,ICBP,RG,9475,4,D,BB,KZ,F
11:04:53,ICBP,RG,9475,12,D,BB,KZ,F
11:04:48,ICBP,RG,9475,1,D,BB,XC,D
11:02:33,ICBP,RG,9475,12,D,BB,RG,D
11:02:33,ICBP,RG,9475,7,D,BB,RG,D
11:02:33,ICBP,RG,9475,16,D,BB,RG,D
11:01:41,ICBP,RG,9475,2,D,BB,NI,D
11:01:41,ICBP,RG,9475,1,D,BB,NI,D
11:00:57,ICBP,RG,9475,2,D,BB,KK,D
11:00:03,ICBP,RG,9475,1,D,BB,YP,D
10:59:38,ICBP,RG,9475,7,D,BB,DR,D
10:58:58,ICBP,RG,9475,3,D,BB,YP,D
10:58:58,ICBP,RG,9475,6,D,BB,YP,D
10:58:58,ICBP,RG,9475,41,D,BB,YP,D
10:57:56,ICBP,RG,9475,51,D,BB,YP,D
10:57:56,ICBP,RG,9475,44,D,BB,YP,D
10:57:56,ICBP,RG,9475,5,D,KZ,YP,D
10:56:33,ICBP,RG,9475,2,D,KZ,DR,D
10:56:32,ICBP,RG,9475,11,D,KZ,DR,D
10:55:02,ICBP,RG,9475,1,D,KZ,OD,D
10:54:14,ICBP,RG,9475,1,D,KZ,XC,D
10:53:15,ICBP,RG,9475,13,D,KZ,NI,D
10:53:10,ICBP,RG,9475,6,D,KZ,PD,D
10:53:01,ICBP,RG,9475,42,D,KZ,NI,D
10:53:01,ICBP,RG,9475,8,D,KZ,NI,D
10:52:19,ICBP,RG,9475,5,D,KZ,KK,D
10:52:16,ICBP,RG,9475,3,D,KZ,CC,D
10:52:10,ICBP,RG,9475,3,D,KZ,KK,D
10:52:10,ICBP,RG,9475,7,D,KZ,KK,D
10:51:41,ICBP,RG,9475,17,D,KZ,BQ,D
10:51:41,ICBP,RG,9475,1,D,AT,BQ,D
10:51:41,ICBP,RG,9475,6,D,YU,BQ,D
10:50:47,ICBP,RG,9475,4,D,YU,PD,D
10:50:17,ICBP,RG,9500,1,D,PD,CC,D
10:49:49,ICBP,RG,9475,3,D,YU,CC,D
10:49:49,ICBP,RG,9475,19,D,YB,CC,D
10:49:47,ICBP,RG,9475,3,D,YB,PD,D
10:49:28,ICBP,RG,9475,20,D,YB,AI,D
10:49:15,ICBP,RG,9500,6,D,XL,CC,D
10:49:00,ICBP,RG,9475,2,D,YB,DH,D
10:48:28,ICBP,RG,9475,1,D,YB,GR,D
10:48:23,ICBP,RG,9475,1,D,YB,YP,D
10:48:16,ICBP,RG,9475,1,D,YB,YU,D
10:48:15,ICBP,RG,9475,53,D,YB,PD,D
10:48:15,ICBP,RG,9475,5,D,PD,PD,D
10:48:15,ICBP,RG,9475,12,D,RX,PD,D
10:48:15,ICBP,RG,9475,9,D,PD,PD,D
10:47:59,ICBP,RG,9475,3,D,PD,GR,D
10:47:59,ICBP,RG,9475,1,D,PD,GR,D
10:47:59,ICBP,RG,9475,1,D,NI,GR,D
10:47:13,ICBP,RG,9475,2,D,NI,GR,D
10:47:11,ICBP,RG,9475,6,D,NI,DR,D
10:47:09,ICBP,RG,9475,1,D,NI,DR,D
10:47:08,ICBP,RG,9475,18,D,NI,NI,D
10:47:08,ICBP,RG,9475,3,D,NI,NI,D
10:46:58,ICBP,RG,9475,97,D,NI,KZ,F
10:46:57,ICBP,RG,9475,5,D,NI,NI,D
10:46:54,ICBP,RG,9475,29,D,NI,DH,D
10:46:49,ICBP,RG,9475,147,D,NI,AK,F
10:46:49,ICBP,RG,9475,89,D,NI,KZ,F
10:46:46,ICBP,RG,9475,64,D,NI,AK,F
10:46:46,ICBP,RG,9475,37,D,NI,NI,D
10:46:46,ICBP,RG,9475,161,D,KZ,NI,D
10:46:46,ICBP,RG,9475,39,D,KZ,NI,D
10:46:46,ICBP,RG,9475,15,D,LG,NI,D
10:46:46,ICBP,RG,9475,368,D,KZ,NI,D
10:46:46,ICBP,RG,9475,87,D,KZ,NI,D
10:46:46,ICBP,RG,9475,13,D,YU,NI,D
10:46:46,ICBP,RG,9475,280,F,RX,NI,D
10:46:46,ICBP,RG,9475,50,D,CC,NI,D
10:46:46,ICBP,RG,9475,185,D,KZ,NI,D
10:46:46,ICBP,RG,9475,44,D,KZ,NI,D
10:46:46,ICBP,RG,9475,42,D,NI,NI,D
10:46:46,ICBP,RG,9475,707,D,NI,NI,D
10:46:46,ICBP,RG,9475,8,D,BB,NI,D
10:46:46,ICBP,RG,9475,194,F,ZP,NI,D
10:46:46,ICBP,RG,9475,4,D,BB,NI,D
10:46:46,ICBP,RG,9475,55,D,BB,NI,D
10:46:46,ICBP,RG,9475,10,D,BB,NI,D
10:46:46,ICBP,RG,9475,20,D,BB,NI,D
10:46:46,ICBP,RG,9475,249,D,BB,NI,D
10:46:46,ICBP,RG,9475,172,D,BB,NI,D
10:46:46,ICBP,RG,9475,74,D,BB,NI,D
10:46:46,ICBP,RG,9475,57,D,BB,NI,D
10:46:46,ICBP,RG,9475,15,D,BB,NI,D
10:46:46,ICBP,RG,9475,1,D,BB,NI,D
10:46:46,ICBP,RG,9475,10,D,RX,NI,D
10:46:46,ICBP,RG,9475,3,D,BB,NI,D
10:46:46,ICBP,RG,9475,2,D,BB,NI,D
10:46:46,ICBP,RG,9475,819,D,BB,NI,D
10:46:46,ICBP,RG,9475,2,D,BB,NI,D
10:46:46,ICBP,RG,9475,464,D,BB,NI,D
10:46:46,ICBP,RG,9475,141,D,BB,NI,D
10:46:46,ICBP,RG,9475,170,D,BB,NI,D
10:46:46,ICBP,RG,9475,4,D,BB,NI,D
10:46:46,ICBP,RG,9475,130,D,BB,NI,D
10:46:46,ICBP,RG,9475,122,D,BB,NI,D
10:46:46,ICBP,RG,9475,33,D,BB,NI,D
10:46:46,ICBP,RG,9475,137,D,BB,NI,D
10:46:46,ICBP,RG,9475,35,D,BB,NI,D
10:46:46,ICBP,RG,9475,41,D,BB,NI,D
10:46:27,ICBP,RG,9500,1,D,BQ,CC,D
10:46:24,ICBP,RG,9475,2,D,BB,GR,D
10:45:58,ICBP,RG,9475,5,D,BB,TP,D
10:45:57,ICBP,RG,9475,1,D,BB,KK,D
10:45:51,ICBP,RG,9475,2,D,BB,GR,D
10:45:51,ICBP,RG,9475,2,D,BB,GR,D
10:45:51,ICBP,RG,9475,6,D,BB,GR,D
10:45:51,ICBP,RG,9475,4,D,BB,GR,D
10:45:51,ICBP,RG,9475,186,D,BB,GR,D
10:45:39,ICBP,RG,9475,96,D,BB,PD,D
10:45:15,ICBP,RG,9475,1,D,BB,YP,D
10:44:43,ICBP,RG,9475,74,D,BB,KI,D
10:44:43,ICBP,RG,9475,205,D,BB,KI,D
10:44:40,ICBP,RG,9475,1,D,BB,AK,F
10:44:40,ICBP,RG,9500,8,F,RX,CC,D
10:44:40,ICBP,RG,9500,4,F,RX,PD,D
10:44:10,ICBP,RG,9475,4,D,BB,AK,F
10:44:10,ICBP,RG,9500,8,F,RX,PD,D
10:44:10,ICBP,RG,9500,1,F,RX,PD,D
10:43:57,ICBP,RG,9475,3,D,BB,DR,D
10:43:56,ICBP,RG,9475,10,D,BB,DR,D
10:43:49,ICBP,RG,9500,1,F,RX,XC,D
10:43:49,ICBP,RG,9500,9,F,RX,YP,D
10:43:44,ICBP,RG,9500,8,D,PD,YP,D
10:43:44,ICBP,RG,9500,2,D,PD,KK,D
10:43:28,ICBP,RG,9500,1,D,RX,KK,D
10:43:28,ICBP,RG,9500,1,D,RX,KK,D
10:43:28,ICBP,RG,9500,4,D,RX,SQ,D
10:43:27,ICBP,RG,9500,16,F,RX,SQ,D
10:43:27,ICBP,RG,9500,5,F,RX,AI,D
10:43:27,ICBP,RG,9500,3,F,RX,XC,D
10:43:27,ICBP,RG,9500,10,F,RX,PD,D
10:43:27,ICBP,RG,9500,12,F,RX,SQ,D
10:43:23,ICBP,RG,9500,3,D,PD,SQ,D
10:43:21,ICBP,RG,9475,2,D,BB,XC,D
10:43:20,ICBP,RG,9475,1,D,BB,CC,D
10:42:51,ICBP,RG,9475,3,D,BB,YP,D
10:42:38,ICBP,RG,9475,19,D,BB,LG,D
10:42:03,ICBP,RG,9475,50,D,BB,YP,D
10:41:36,ICBP,RG,9500,9,F,RX,SQ,D
10:41:15,ICBP,RG,9475,3,D,BB,AK,F
10:41:15,ICBP,RG,9500,5,F,RX,SQ,D
10:41:15,ICBP,RG,9500,2,F,RX,PD,D
10:41:15,ICBP,RG,9500,2,F,RX,PD,D
10:40:55,ICBP,RG,9500,1,F,RX,PD,D
10:40:55,ICBP,RG,9500,2,F,RX,XC,D
10:40:55,ICBP,RG,9500,6,F,RX,YU,D
10:40:35,ICBP,RG,9500,2,F,RX,PD,D
10:40:35,ICBP,RG,9500,2,F,RX,NI,D
10:40:35,ICBP,RG,9500,5,F,RX,LG,D
10:40:35,ICBP,RG,9500,58,F,RX,YU,D
10:40:35,ICBP,RG,9500,10,F,RX,TP,D
10:40:35,ICBP,RG,9500,5,F,RX,KK,D
10:40:29,ICBP,RG,9475,82,D,BB,AK,F
10:40:28,ICBP,RG,9500,19,F,YU,KK,D
10:40:28,ICBP,RG,9500,31,F,YU,YP,D
10:40:25,ICBP,RG,9475,2,D,BB,SQ,D
10:40:13,ICBP,RG,9475,1,D,BB,XA,D
10:39:24,ICBP,RG,9475,1,D,BB,PD,D
10:38:51,ICBP,RG,9475,15,D,BB,SQ,D
10:38:49,ICBP,RG,9475,1,D,BB,PD,D
10:38:33,ICBP,RG,9475,6,D,BB,NI,D
10:38:13,ICBP,RG,9475,1,D,BB,ID,D
10:38:02,ICBP,RG,9475,5,D,BB,SQ,D
10:37:58,ICBP,RG,9475,19,D,BB,NI,D
10:37:51,ICBP,RG,9475,4,D,BB,PD,D
10:37:49,ICBP,RG,9500,1,D,XL,YP,D
10:36:48,ICBP,RG,9475,139,D,BB,KZ,F
10:36:30,ICBP,RG,9475,3,D,BB,PD,D
10:36:20,ICBP,RG,9475,20,D,BB,KK,D
10:35:54,ICBP,RG,9475,2,D,BB,PD,D
10:35:34,ICBP,RG,9475,1,D,BB,CC,D
10:35:24,ICBP,RG,9475,3,D,BB,CC,D
10:34:45,ICBP,RG,9475,6,D,BB,DR,D
10:34:27,ICBP,RG,9475,15,D,BB,PD,D
10:33:32,ICBP,RG,9475,32,D,BB,PD,D
10:32:50,ICBP,RG,9475,1,D,BB,PD,D
10:32:13,ICBP,RG,9475,2,D,BB,YP,D
10:31:49,ICBP,RG,9475,12,D,BB,CC,D
10:31:30,ICBP,RG,9475,200,D,BB,HD,D
10:31:28,ICBP,RG,9475,469,D,BB,EP,D
10:31:28,ICBP,RG,9475,24,D,BB,EP,D
10:31:28,ICBP,RG,9475,111,D,BB,EP,D
10:31:28,ICBP,RG,9475,4,D,BB,EP,D
10:31:28,ICBP,RG,9475,6,D,BB,EP,D
10:31:28,ICBP,RG,9475,91,D,BB,EP,D
10:31:28,ICBP,RG,9475,1,D,BB,EP,D
10:31:28,ICBP,RG,9475,30,D,BB,EP,D
10:31:28,ICBP,RG,9475,31,D,BB,EP,D
10:31:28,ICBP,RG,9475,36,D,BB,EP,D
10:31:28,ICBP,RG,9475,47,D,BB,EP,D
10:31:28,ICBP,RG,9475,12,D,BB,EP,D
10:31:28,ICBP,RG,9475,88,F,ZP,EP,D
10:31:21,ICBP,RG,9475,1,F,ZP,DR,D
10:31:20,ICBP,RG,9475,13,F,ZP,DR,D
10:31:05,ICBP,RG,9500,5,D,LG,YP,D
10:30:03,ICBP,RG,9500,1,D,PD,YP,D
10:29:58,ICBP,RG,9475,276,F,ZP,NI,D
10:29:58,ICBP,RG,9475,13,D,BB,NI,D
10:29:58,ICBP,RG,9475,77,D,BB,NI,D
10:29:58,ICBP,RG,9475,8,D,BB,NI,D
10:29:58,ICBP,RG,9475,126,D,BB,NI,D
10:29:47,ICBP,RG,9475,250,D,BB,NI,D
10:29:42,ICBP,RG,9475,492,D,BB,PD,D
10:29:42,ICBP,RG,9475,116,D,BB,PD,D
10:29:42,ICBP,RG,9475,52,D,BB,PD,D
10:29:39,ICBP,RG,9475,107,D,BB,KZ,F
10:29:38,ICBP,RG,9475,1,D,BB,AK,F
10:29:38,ICBP,RG,9475,2,D,BB,AK,F
10:29:37,ICBP,RG,9475,4,D,BB,AK,F
10:29:37,ICBP,RG,9475,7,D,BB,AK,F
10:29:37,ICBP,RG,9475,53,D,BB,AK,F
10:29:37,ICBP,RG,9475,14,D,BB,AK,F
10:29:36,ICBP,RG,9475,53,D,BB,AK,F
10:29:36,ICBP,RG,9475,28,D,BB,AK,F
10:29:36,ICBP,RG,9475,66,D,BB,AK,F
10:29:36,ICBP,RG,9475,68,D,BB,AK,F
10:29:36,ICBP,RG,9475,50,D,BB,AK,F
10:29:36,ICBP,RG,9475,32,F,RX,AK,F
10:29:36,ICBP,RG,9475,67,F,RX,AK,F
10:29:36,ICBP,RG,9475,12,D,YU,AK,F
10:29:36,ICBP,RG,9475,27,D,KZ,AK,F
10:29:36,ICBP,RG,9475,57,D,KZ,AK,F
10:29:36,ICBP,RG,9475,150,D,KZ,NI,D
10:29:36,ICBP,RG,9475,55,D,KZ,NI,D
10:29:36,ICBP,RG,9475,5,D,XC,NI,D
10:29:36,ICBP,RG,9475,1,D,XL,NI,D
10:29:36,ICBP,RG,9475,807,D,KZ,NI,D
10:29:36,ICBP,RG,9475,192,D,KZ,NI,D
10:29:36,ICBP,RG,9475,242,D,KZ,NI,D
10:29:36,ICBP,RG,9475,1,D,YP,NI,D
10:29:36,ICBP,RG,9475,2,D,PD,NI,D
10:29:36,ICBP,RG,9475,58,D,KZ,NI,D
10:29:36,ICBP,RG,9475,94,F,RX,NI,D
10:29:36,ICBP,RG,9475,287,D,KZ,NI,D
10:29:36,ICBP,RG,9475,68,D,KZ,NI,D
10:29:36,ICBP,RG,9475,693,D,BB,NI,D
10:29:36,ICBP,RG,9475,4,D,BB,NI,D
10:29:36,ICBP,RG,9475,2,D,BB,NI,D
10:29:36,ICBP,RG,9475,1,D,XC,NI,D
10:29:36,ICBP,RG,9475,161,D,KZ,NI,D
10:29:36,ICBP,RG,9475,37,D,KZ,NI,D
10:29:36,ICBP,RG,9475,10,D,CC,NI,D
10:29:36,ICBP,RG,9475,612,D,KZ,NI,D
10:29:36,ICBP,RG,9475,146,D,KZ,NI,D
10:29:36,ICBP,RG,9475,257,F,ZP,NI,D
10:29:36,ICBP,RG,9475,124,D,KZ,NI,D
10:29:36,ICBP,RG,9475,30,D,KZ,NI,D
10:29:36,ICBP,RG,9475,340,F,CS,NI,D
10:29:36,ICBP,RG,9475,110,D,BB,NI,D
10:29:36,ICBP,RG,9475,28,D,BB,NI,D
10:29:36,ICBP,RG,9475,5,D,BB,NI,D
10:29:36,ICBP,RG,9475,3,D,BB,NI,D
10:29:36,ICBP,RG,9475,103,D,BB,NI,D
10:29:36,ICBP,RG,9475,30,D,BB,NI,D
10:29:36,ICBP,RG,9475,169,D,BB,NI,D
10:29:36,ICBP,RG,9475,1,D,NI,NI,D
10:29:36,ICBP,RG,9475,55,D,BB,NI,D
10:29:36,ICBP,RG,9475,117,D,BB,NI,D
10:29:22,ICBP,RG,9475,64,D,BB,AK,F
10:29:22,ICBP,RG,9475,255,D,BB,NI,D
10:29:22,ICBP,RG,9475,115,D,BB,NI,D
10:29:22,ICBP,RG,9475,131,D,BB,NI,D
10:29:22,ICBP,RG,9475,245,D,BB,NI,D
10:29:22,ICBP,RG,9475,1,D,YP,NI,D
10:29:22,ICBP,RG,9475,1,D,PD,NI,D
10:29:22,ICBP,RG,9475,868,D,BB,NI,D
10:29:22,ICBP,RG,9475,5,D,LG,NI,D
10:29:22,ICBP,RG,9475,133,F,RX,NI,D
10:29:22,ICBP,RG,9475,12,D,YU,NI,D
10:29:22,ICBP,RG,9475,28,D,NI,NI,D
10:29:22,ICBP,RG,9475,471,D,NI,NI,D
10:29:22,ICBP,RG,9475,11,D,RX,NI,D
10:29:22,ICBP,RG,9475,3,D,NI,NI,D
10:29:22,ICBP,RG,9475,1,D,YP,NI,D
10:29:22,ICBP,RG,9475,220,F,ZP,NI,D
10:28:59,ICBP,RG,9475,1,F,ZP,KK,D
10:28:54,ICBP,RG,9475,3,D,NI,AK,F
10:28:54,ICBP,RG,9475,1,D,PD,AK,F
10:28:54,ICBP,RG,9475,1,D,XC,AK,F
10:28:54,ICBP,RG,9475,1,D,YP,AK,F
10:28:54,ICBP,RG,9475,2,D,XC,AK,F
10:28:53,ICBP,RG,9475,3,D,XC,KZ,F
10:28:53,ICBP,RG,9475,2,D,YP,KZ,F
10:28:53,ICBP,RG,9475,104,F,RX,KZ,F
10:28:53,ICBP,RG,9475,1,D,XC,KZ,F
10:28:53,ICBP,RG,9475,25,D,YP,KZ,F
10:28:53,ICBP,RG,9475,11,D,YU,KZ,F
10:28:52,ICBP,RG,9475,3,D,YU,SQ,D
10:28:52,ICBP,RG,9475,1,D,PD,SQ,D
10:28:52,ICBP,RG,9475,3,D,CC,SQ,D
10:28:52,ICBP,RG,9475,2,D,PD,SQ,D
10:28:52,ICBP,RG,9475,1,D,XC,SQ,D
10:28:52,ICBP,RG,9475,28,D,NI,SQ,D
10:28:52,ICBP,RG,9475,122,D,NI,SQ,D
10:28:35,ICBP,RG,9500,4,D,RX,YP,D
10:28:27,ICBP,RG,9475,1,D,NI,KK,D
10:28:25,ICBP,RG,9475,2,D,NI,YP,D
10:28:24,ICBP,RG,9475,9,D,NI,AK,F
10:28:23,ICBP,RG,9500,83,F,ZP,YP,D
10:28:23,ICBP,RG,9500,2,F,ZP,KK,D
10:28:23,ICBP,RG,9500,60,F,ZP,NI,D
10:28:23,ICBP,RG,9500,1,F,ZP,NI,D
10:28:23,ICBP,RG,9500,4,F,ZP,YP,D
10:28:23,ICBP,RG,9500,5,F,ZP,PD,D
10:28:23,ICBP,RG,9500,5,F,ZP,PD,D
10:28:23,ICBP,RG,9500,1,F,ZP,YP,D
10:28:23,ICBP,RG,9500,5,F,ZP,DH,D
10:28:23,ICBP,RG,9500,30,F,ZP,KK,D
10:28:23,ICBP,RG,9500,6,F,ZP,AZ,D
10:28:23,ICBP,RG,9500,3,F,ZP,PD,D
10:28:23,ICBP,RG,9500,5,F,ZP,SQ,D
10:28:23,ICBP,RG,9500,10,F,ZP,GR,D
10:28:23,ICBP,RG,9500,1,F,ZP,YP,D
10:28:23,ICBP,RG,9500,3,F,ZP,NI,D
10:28:23,ICBP,RG,9500,2,F,ZP,AG,D
10:28:23,ICBP,RG,9500,1,F,ZP,YP,D
10:28:23,ICBP,RG,9500,104,F,ZP,YU,F
10:28:15,ICBP,RG,9475,3,D,NI,NI,D
10:27:39,ICBP,RG,9475,12,D,NI,YP,D
10:27:24,ICBP,RG,9475,2,D,NI,XC,D
10:26:48,ICBP,RG,9475,1,D,NI,AK,F
10:26:47,ICBP,RG,9500,2,D,YP,YU,F
10:26:18,ICBP,RG,9475,10,D,NI,KK,D
10:25:56,ICBP,RG,9500,4,D,RX,YU,F
10:24:51,ICBP,RG,9475,3,D,NI,AK,F
10:24:51,ICBP,RG,9500,100,D,PD,YU,F
10:24:34,ICBP,RG,9475,1,D,NI,TF,D
10:23:27,ICBP,RG,9500,1,D,BQ,YU,F
10:23:05,ICBP,RG,9475,2,D,NI,XC,D
10:23:03,ICBP,RG,9475,5,D,NI,PD,D
10:22:46,ICBP,RG,9475,5,D,NI,PD,D
10:22:31,ICBP,RG,9475,3,D,NI,XC,D
10:22:09,ICBP,RG,9475,6,D,NI,DR,D
10:22:09,ICBP,RG,9475,2,D,NI,XC,D
10:21:49,ICBP,RG,9475,3,D,NI,AK,F
10:21:48,ICBP,RG,9500,1,D,BQ,YU,F
10:21:05,ICBP,RG,9475,100,D,NI,PD,D
10:21:00,ICBP,RG,9475,5,D,NI,XC,D
10:20:51,ICBP,RG,9475,1,D,NI,PD,D
10:20:37,ICBP,RG,9475,10,D,NI,YP,D
10:20:31,ICBP,RG,9475,1,D,NI,CC,D
10:20:21,ICBP,RG,9500,1,D,PD,YU,F
10:20:00,ICBP,RG,9475,2,D,NI,AK,F
10:20:00,ICBP,RG,9500,1,D,NI,YU,F
10:20:00,ICBP,RG,9500,26,D,YU,YU,F
10:19:52,ICBP,RG,9475,1,D,NI,KK,D
10:19:47,ICBP,RG,9475,16,D,NI,CC,D
10:19:39,ICBP,RG,9475,15,D,NI,YP,D
10:19:09,ICBP,RG,9475,1,D,NI,PD,D
10:18:45,ICBP,RG,9475,2,D,NI,DR,D
10:18:44,ICBP,RG,9475,2,D,NI,AK,F
10:18:44,ICBP,RG,9475,12,D,NI,DR,D
10:18:33,ICBP,RG,9475,103,D,NI,KZ,F
10:17:57,ICBP,RG,9475,8,D,NI,KK,D
10:17:57,ICBP,RG,9475,2,D,XC,KK,D
10:17:55,ICBP,RG,9500,146,F,ZP,YU,F
10:17:54,ICBP,RG,9475,23,D,XC,YP,D
10:17:54,ICBP,RG,9475,6,D,CC,YP,D
10:17:54,ICBP,RG,9475,1,D,BB,YP,D
10:17:54,ICBP,RG,9475,12,D,RX,YP,D
10:17:54,ICBP,RG,9475,5,D,XC,YP,D
10:17:54,ICBP,RG,9475,1,D,BB,YP,D
10:17:54,ICBP,RG,9475,4,D,BB,YP,D
10:17:50,ICBP,RG,9475,20,D,BB,CC,D
10:17:43,ICBP,RG,9475,10,D,BB,YP,D
10:17:33,ICBP,RG,9475,6,D,BB,XL,D
10:16:35,ICBP,RG,9475,600,D,BB,CC,D
10:16:26,ICBP,RG,9475,1,D,BB,CC,D
10:16:12,ICBP,RG,9475,30,D,BB,YP,D
10:16:03,ICBP,RG,9475,10,D,BB,DR,D
10:15:32,ICBP,RG,9500,5,D,RX,YU,F
10:15:31,ICBP,RG,9475,18,D,BB,HP,D
10:15:16,ICBP,RG,9475,20,D,BB,PD,D
10:14:59,ICBP,RG,9475,1,D,BB,EP,D
10:14:29,ICBP,RG,9475,48,D,BB,YP,D
10:14:23,ICBP,RG,9475,3,D,BB,NI,D
10:13:48,ICBP,RG,9475,5,D,BB,XA,D
10:13:15,ICBP,RG,9475,20,D,BB,DX,D
10:12:54,ICBP,RG,9475,6,D,BB,PD,D
10:12:29,ICBP,RG,9475,33,D,BB,PD,D
10:12:25,ICBP,RG,9475,2,D,BB,CC,D
10:12:16,ICBP,RG,9475,1,D,BB,CD,D
10:11:17,ICBP,RG,9475,50,D,BB,CP,D
10:10:33,ICBP,RG,9475,88,D,BB,KZ,F
10:10:11,ICBP,RG,9500,2,D,XC,YU,F
10:09:35,ICBP,RG,9500,5,D,YP,YU,F
10:09:03,ICBP,RG,9500,1,D,PD,YU,F
10:08:59,ICBP,RG,9475,1,D,BB,DR,D
10:08:50,ICBP,RG,9475,9,D,BB,DH,D
10:08:50,ICBP,RG,9475,3,D,SQ,DH,D
10:08:50,ICBP,RG,9475,6,D,KZ,DH,D
10:08:44,ICBP,RG,9475,5,D,KZ,YP,D
10:08:19,ICBP,RG,9475,106,D,KZ,ZP,D
10:08:11,ICBP,RG,9475,62,D,KZ,AK,F
10:08:11,ICBP,RG,9475,43,D,KZ,AK,F
10:08:11,ICBP,RG,9475,40,F,RX,AK,F
10:08:11,ICBP,RG,9475,197,F,RX,YU,D
10:08:11,ICBP,RG,9475,1,D,BB,YU,D
10:08:11,ICBP,RG,9475,51,D,BB,YU,D
10:08:11,ICBP,RG,9475,52,D,BB,YU,D
10:08:11,ICBP,RG,9475,13,D,BB,YU,D
10:08:11,ICBP,RG,9475,9,D,BB,YU,D
10:08:11,ICBP,RG,9475,34,D,BB,YU,D
10:08:11,ICBP,RG,9475,1,D,BB,YU,D
10:08:11,ICBP,RG,9475,535,F,CS,YU,D
10:08:11,ICBP,RG,9475,107,F,ZP,YU,D
10:07:57,ICBP,RG,9500,2,D,PD,YU,F
10:07:53,ICBP,RG,9475,15,F,ZP,AZ,D
10:07:49,ICBP,RG,9500,14,F,RX,YU,F
10:07:37,ICBP,RG,9500,5,D,RX,YU,F
10:07:29,ICBP,RG,9500,164,F,ZP,YU,F
10:07:29,ICBP,RG,9500,10,F,ZP,NI,D
10:07:29,ICBP,RG,9500,2,F,ZP,KK,D
10:07:29,ICBP,RG,9500,38,F,ZP,AK,F
10:07:29,ICBP,RG,9500,9,F,RX,AK,F
10:07:13,ICBP,RG,9475,20,F,ZP,CC,D
10:06:52,ICBP,RG,9475,10,F,ZP,YP,D
10:06:36,ICBP,RG,9475,5,F,ZP,XL,D
10:06:08,ICBP,RG,9475,6,F,ZP,DR,D
10:05:51,ICBP,RG,9500,3,D,YP,AK,F
10:04:59,ICBP,RG,9500,68,F,RX,AK,F
10:04:52,ICBP,RG,9475,1,F,ZP,PD,D
10:04:47,ICBP,RG,9475,14,F,ZP,YU,D
10:04:47,ICBP,RG,9475,1,D,XL,YU,D
10:04:47,ICBP,RG,9475,127,D,BB,YU,D
10:04:47,ICBP,RG,9475,9,D,BB,YU,D
10:04:47,ICBP,RG,9475,34,D,BB,YU,D
10:04:47,ICBP,RG,9475,127,D,BB,YU,D
10:04:47,ICBP,RG,9475,26,D,BB,YU,D
10:04:47,ICBP,RG,9475,290,F,AK,YU,D
10:04:47,ICBP,RG,9475,12,D,YU,YU,D
10:04:47,ICBP,RG,9475,232,D,BB,YU,D
10:04:47,ICBP,RG,9475,70,D,BB,YU,D
10:04:47,ICBP,RG,9475,58,D,BB,YU,D
10:04:23,ICBP,RG,9475,12,D,BB,EP,D
10:04:23,ICBP,RG,9475,15,D,BB,YP,D
10:04:16,ICBP,RG,9475,1,D,BB,YP,D
10:04:13,ICBP,RG,9500,1,D,YP,AK,F
10:04:12,ICBP,RG,9475,1,D,BB,YP,D
10:04:12,ICBP,RG,9475,19,D,BB,YP,D
10:04:08,ICBP,RG,9475,40,D,BB,YP,D
10:04:08,ICBP,RG,9500,3,F,RX,AK,F
10:04:08,ICBP,RG,9500,12,F,RX,NI,D
10:04:03,ICBP,RG,9475,6,D,BB,CP,D
10:04:03,ICBP,RG,9475,4,D,BB,CP,D
10:04:03,ICBP,RG,9475,57,D,BB,KZ,F
10:04:03,ICBP,RG,9475,17,D,BB,KZ,F
10:04:03,ICBP,RG,9475,37,D,BB,KZ,F
10:03:47,ICBP,RG,9475,10,D,BB,EP,D
10:03:00,ICBP,RG,9475,6,D,BB,PD,D
10:02:35,ICBP,RG,9500,1,D,PD,NI,D
10:02:33,ICBP,RG,9475,15,D,BB,DR,D
10:02:33,ICBP,RG,9475,5,D,BB,DR,D
10:02:13,ICBP,RG,9475,2,D,BB,CC,D
10:01:58,ICBP,RG,9475,3,D,BB,XC,D
10:01:55,ICBP,RG,9475,7,D,BB,DH,D
10:01:55,ICBP,RG,9475,13,D,BB,DH,D
10:01:15,ICBP,RG,9475,2,D,BB,PD,D
10:01:15,ICBP,RG,9500,4,D,PD,NI,D
10:00:58,ICBP,RG,9475,1,D,BB,NI,D
10:00:51,ICBP,RG,9475,2,D,BB,KK,D
10:00:25,ICBP,RG,9475,8,D,BB,LG,D
10:00:25,ICBP,RG,9475,1,D,BB,LG,D
10:00:25,ICBP,RG,9475,3,D,BB,LG,D
10:00:25,ICBP,RG,9475,2,D,BB,LG,D
10:00:25,ICBP,RG,9475,11,D,BB,LG,D
10:00:22,ICBP,RG,9475,2,D,BB,AK,F
10:00:21,ICBP,RG,9500,73,F,RX,NI,D
10:00:15,ICBP,RG,9500,1,D,XC,NI,D
10:00:13,ICBP,RG,9475,1,D,BB,XC,D
10:00:07,ICBP,RG,9475,28,D,BB,AK,F
10:00:06,ICBP,RG,9500,1000,F,AK,NI,D
10:00:06,ICBP,RG,9475,1,D,BB,AK,F
10:00:06,ICBP,RG,9500,10,D,SQ,NI,D
10:00:05,ICBP,RG,9475,10,D,BB,CC,D
09:59:46,ICBP,RG,9475,5,D,BB,CC,D
09:59:45,ICBP,RG,9475,4,D,BB,LG,D
09:59:45,ICBP,RG,9475,10,D,BB,PD,D
09:59:17,ICBP,RG,9475,1,D,BB,AK,F
09:59:17,ICBP,RG,9500,11,F,RX,NI,D
09:59:09,ICBP,RG,9475,14,D,BB,XA,D
09:58:58,ICBP,RG,9475,4,D,BB,AK,F
09:58:58,ICBP,RG,9500,156,F,ZP,NI,D
09:58:26,ICBP,RG,9475,2,D,BB,AK,F
09:58:26,ICBP,RG,9500,58,F,RX,NI,D
09:58:22,ICBP,RG,9475,3,D,BB,PD,D
09:58:12,ICBP,RG,9500,9,D,RX,NI,D
09:58:11,ICBP,RG,9475,23,D,BB,AK,F
09:58:10,ICBP,RG,9500,60,F,AK,NI,D
09:58:10,ICBP,RG,9500,5,F,AK,XC,D
09:58:10,ICBP,RG,9500,1,F,AK,YP,D
09:58:10,ICBP,RG,9500,4,F,AK,XC,D
09:58:10,ICBP,RG,9500,10,F,AK,YP,D
09:58:10,ICBP,RG,9500,60,F,AK,NI,D
09:58:10,ICBP,RG,9500,2,F,AK,KK,D
09:58:10,ICBP,RG,9500,1,F,AK,PD,D
09:58:10,ICBP,RG,9500,1,F,AK,NI,D
09:58:10,ICBP,RG,9500,4,F,AK,XL,D
09:58:10,ICBP,RG,9500,1,F,AK,YP,D
09:58:10,ICBP,RG,9500,1,F,AK,PD,D
09:58:10,ICBP,RG,9500,1,F,AK,YP,D
09:58:10,ICBP,RG,9500,4,F,AK,BQ,D
09:58:10,ICBP,RG,9500,50,F,AK,YU,D
09:58:10,ICBP,RG,9500,300,F,AK,CC,D
09:58:10,ICBP,RG,9500,1,F,AK,XC,D
09:58:10,ICBP,RG,9500,100,F,AK,YP,D
09:58:10,ICBP,RG,9500,20,F,AK,YP,D
09:58:10,ICBP,RG,9500,20,F,AK,XC,D
09:58:10,ICBP,RG,9500,1,F,AK,AK,F
09:58:10,ICBP,RG,9500,19,F,AK,DR,D
09:58:10,ICBP,RG,9500,5,F,AK,OD,D
09:58:10,ICBP,RG,9500,12,F,AK,AK,F
09:58:10,ICBP,RG,9500,31,F,AK,AK,F
09:58:10,ICBP,RG,9500,286,F,AK,NI,D
09:57:56,ICBP,RG,9475,1,D,BB,SQ,D
09:57:34,ICBP,RG,9475,1,D,BB,XC,D
09:57:14,ICBP,RG,9475,1,D,BB,NI,D
09:56:25,ICBP,RG,9475,1,D,BB,XC,D
09:56:12,ICBP,RG,9475,5,D,BB,DH,D
09:55:33,ICBP,RG,9475,2,D,BB,DR,D
09:55:32,ICBP,RG,9475,2,D,BB,DR,D
09:55:27,ICBP,RG,9475,3,D,BB,PD,D
09:55:25,ICBP,RG,9475,5,D,BB,GR,D
09:55:00,ICBP,RG,9500,1,D,NI,NI,D
09:54:49,ICBP,RG,9500,1,D,BQ,NI,D
09:54:38,ICBP,RG,9475,1,D,BB,PD,D
09:54:33,ICBP,RG,9475,37,D,BB,KZ,F
09:54:33,ICBP,RG,9475,87,D,BB,KZ,F
09:54:26,ICBP,RG,9475,10,D,BB,PD,D
09:54:15,ICBP,RG,9475,23,D,BB,PD,D
09:54:13,ICBP,RG,9475,1,D,BB,PD,D
09:54:08,ICBP,RG,9475,4,D,BB,SQ,D
09:53:42,ICBP,RG,9475,1,D,BB,XC,D
09:53:30,ICBP,RG,9475,2,D,BB,CC,D
09:53:11,ICBP,RG,9475,2,D,BB,XL,D
09:52:58,ICBP,RG,9475,20,D,BB,PD,D
09:52:49,ICBP,RG,9475,10,D,BB,CC,D
09:52:22,ICBP,RG,9475,2,D,BB,NI,D
09:52:06,ICBP,RG,9475,2,D,BB,AR,D
09:51:26,ICBP,RG,9475,16,D,BB,DR,D
09:51:18,ICBP,RG,9475,2,D,BB,AR,D
09:50:54,ICBP,RG,9475,2,D,BB,AR,D
09:50:49,ICBP,RG,9500,4,D,RX,NI,D
09:50:32,ICBP,RG,9500,10,D,EP,NI,D
09:50:03,ICBP,RG,9475,2,D,BB,AR,D
09:49:45,ICBP,RG,9475,4,D,BB,CC,D
09:49:43,ICBP,RG,9475,3,D,BB,YP,D
09:49:41,ICBP,RG,9475,1,D,BB,NI,D
09:49:39,ICBP,RG,9475,2,D,BB,AR,D
09:49:28,ICBP,RG,9475,2,D,BB,AR,D
09:49:22,ICBP,RG,9500,1,D,YP,NI,D
09:48:54,ICBP,RG,9475,2,D,BB,DR,D
09:48:38,ICBP,RG,9475,13,D,BB,AK,F
09:48:38,ICBP,RG,9500,2,D,YP,NI,D
09:47:51,ICBP,RG,9500,10,D,PD,NI,D
09:47:28,ICBP,RG,9500,1,D,NI,NI,D
09:47:18,ICBP,RG,9500,1,D,XC,NI,D
09:46:58,ICBP,RG,9475,2,D,BB,SQ,D
09:46:38,ICBP,RG,9500,3,D,PD,NI,D
09:46:29,ICBP,RG,9500,1,D,AT,NI,D
09:46:28,ICBP,RG,9475,110,D,BB,KZ,F
09:46:14,ICBP,RG,9475,200,D,BB,YP,D
09:45:55,ICBP,RG,9475,2,D,BB,SQ,D
09:45:34,ICBP,RG,9475,3,D,BB,SQ,D
09:44:42,ICBP,RG,9475,1,D,BB,YP,D
09:44:38,ICBP,RG,9475,5,D,BB,CC,D
09:44:35,ICBP,RG,9475,6,D,BB,PD,D
09:44:30,ICBP,RG,9475,2,D,BB,CC,D
09:44:21,ICBP,RG,9475,11,D,BB,YP,D
09:44:10,ICBP,RG,9475,65,D,BB,DH,D
09:44:09,ICBP,RG,9475,20,D,BB,YB,D
09:43:56,ICBP,RG,9475,4,D,BB,LG,D
09:43:53,ICBP,RG,9475,1,D,BB,PD,D
09:43:49,ICBP,RG,9475,2,D,BB,YP,D
09:43:28,ICBP,RG,9475,22,D,BB,CC,D
09:43:09,ICBP,RG,9475,2,D,BB,DR,D
09:43:08,ICBP,RG,9475,1,D,BB,DR,D
09:43:08,ICBP,RG,9475,1,D,BB,DR,D
09:42:43,ICBP,RG,9500,1,D,PD,NI,D
09:42:20,ICBP,RG,9475,8,F,RX,PD,D
09:42:20,ICBP,RG,9475,9,D,SQ,PD,D
09:42:20,ICBP,RG,9475,4,D,BB,PD,D
09:41:57,ICBP,RG,9475,100,D,BB,SQ,D
09:41:51,ICBP,RG,9475,1,D,BB,YP,D
09:41:29,ICBP,RG,9475,10,D,BB,PD,D
09:41:23,ICBP,RG,9475,1,D,BB,XL,D
09:41:06,ICBP,RG,9475,5,D,BB,YP,D
09:40:45,ICBP,RG,9475,10,D,BB,HP,D
09:40:45,ICBP,RG,9475,1,D,BB,AZ,D
09:40:10,ICBP,RG,9475,200,D,BB,YP,D
09:40:08,ICBP,RG,9475,2,D,BB,XC,D
09:40:03,ICBP,RG,9475,9,D,BB,EP,D
09:40:03,ICBP,RG,9475,75,D,BB,EP,D
09:40:03,ICBP,RG,9475,17,D,BB,EP,D
09:40:03,ICBP,RG,9475,1,D,BB,EP,D
09:40:03,ICBP,RG,9475,69,F,RX,EP,D
09:40:03,ICBP,RG,9475,15,D,GR,EP,D
09:40:03,ICBP,RG,9475,1,D,BB,EP,D
09:40:03,ICBP,RG,9475,1,D,BB,EP,D
09:40:03,ICBP,RG,9475,361,F,AK,EP,D
09:40:03,ICBP,RG,9475,1,D,PD,EP,D
09:40:03,ICBP,RG,9475,2,D,YP,EP,D
09:40:03,ICBP,RG,9475,2,D,BB,EP,D
09:40:03,ICBP,RG,9475,1,D,BB,EP,D
09:40:03,ICBP,RG,9475,1,D,BB,EP,D
09:40:03,ICBP,RG,9475,1,D,BB,EP,D
09:40:03,ICBP,RG,9475,163,D,KZ,EP,D
09:40:03,ICBP,RG,9475,39,D,KZ,EP,D
09:40:03,ICBP,RG,9475,319,F,ZP,EP,D
09:40:03,ICBP,RG,9475,1,D,YP,EP,D
09:40:03,ICBP,RG,9475,1,D,BB,EP,D
09:40:03,ICBP,RG,9475,5,D,TP,EP,D
09:40:03,ICBP,RG,9475,8,D,SQ,EP,D
09:40:03,ICBP,RG,9475,20,F,RX,EP,D
09:40:03,ICBP,RG,9475,12,D,YU,EP,D
09:40:03,ICBP,RG,9475,47,D,KZ,EP,D
09:40:03,ICBP,RG,9475,202,D,KZ,EP,D
09:40:03,ICBP,RG,9475,1,D,BB,EP,D
09:40:03,ICBP,RG,9475,2,D,BB,EP,D
09:40:03,ICBP,RG,9475,1,D,BB,EP,D
09:40:03,ICBP,RG,9475,11,F,ZP,EP,D
09:40:03,ICBP,RG,9475,17,F,RX,EP,D
09:40:03,ICBP,RG,9475,94,F,CS,EP,D
09:38:50,ICBP,RG,9475,16,F,CS,DR,D
09:38:20,ICBP,RG,9475,8,F,CS,XC,D
09:38:08,ICBP,RG,9475,1,F,CS,YP,D
09:38:07,ICBP,RG,9475,10,F,CS,YP,D
09:37:51,ICBP,RG,9475,50,F,CS,CC,D
09:37:48,ICBP,RG,9475,10,F,CS,SQ,D
09:37:32,ICBP,RG,9475,22,F,CS,YP,D
09:37:32,ICBP,RG,9475,5,D,BB,YP,D
09:37:32,ICBP,RG,9475,3,D,BB,YP,D
09:37:23,ICBP,RG,9475,4,D,BB,SQ,D
