Time,Stock,Brd,Price,Qty,BT,BC,SC,ST
15:13:38,ICBP,RG,8850,21,D,ZP,PD,D
15:13:22,ICBP,RG,8850,5,D,ZP,DR,D
15:10:38,ICBP,RG,8850,9,D,ZP,SQ,D
15:08:57,ICBP,RG,8850,4,D,ZP,NI,D
15:08:44,ICBP,RG,8850,1,D,ZP,YP,D
15:08:02,ICBP,RG,8850,161,D,ZP,NI,D
15:07:44,ICBP,RG,8850,1,D,ZP,NI,D
15:05:23,ICBP,RG,8850,1,D,ZP,SQ,D
15:04:34,ICBP,RG,8850,8,D,ZP,XL,D
15:04:09,ICBP,RG,8850,5,D,ZP,YP,D
15:03:56,ICBP,RG,8850,10,D,ZP,YP,D
15:03:25,ICBP,RG,8850,100,D,ZP,PD,D
15:02:11,ICBP,RG,8850,24,D,ZP,SQ,D
15:02:11,ICBP,RG,8850,5,D,PD,SQ,D
15:02:11,ICBP,RG,8850,1,D,XC,SQ,D
15:02:11,ICBP,RG,8850,2,D,YP,SQ,D
15:02:11,ICBP,RG,8850,2,D,GR,SQ,D
15:02:11,ICBP,RG,8850,2,D,XL,SQ,D
15:02:11,ICBP,RG,8850,1,D,CC,SQ,D
15:02:11,ICBP,RG,8850,13,D,YP,SQ,D
15:02:01,ICBP,RG,8850,1,D,YP,PD,D
15:01:27,ICBP,RG,8850,9,D,YP,AK,F
15:01:10,ICBP,RG,8850,1,D,GR,AK,F
15:01:10,ICBP,RG,8850,1,D,XL,AK,F
15:01:10,ICBP,RG,8850,5,D,XC,AK,F
15:01:10,ICBP,RG,8850,4,D,GR,AK,F
15:01:03,ICBP,RG,8850,1,D,XC,AK,F
15:01:03,ICBP,RG,8850,94,F,CS,AK,F
15:01:03,ICBP,RG,8850,549,F,CC,AK,F
15:01:03,ICBP,RG,8850,719,F,CS,AK,F
15:01:03,ICBP,RG,8850,180,F,CS,AK,F
15:00:00,ICBP,RG,8850,150,F,CS,CP,D
15:00:00,ICBP,RG,8850,30,F,CS,CC,D
15:00:00,ICBP,RG,8850,2,F,CS,CC,D
15:00:00,ICBP,RG,8850,357,F,CS,YU,F
15:00:00,ICBP,RG,8850,2,D,PD,YU,F
15:00:00,ICBP,RG,8850,1,D,YP,YU,F
15:00:00,ICBP,RG,8850,19,F,DX,YU,F
15:00:00,ICBP,RG,8850,145,F,DX,ZP,F
15:00:00,ICBP,RG,8850,1,D,PD,ZP,F
15:00:00,ICBP,RG,8850,3,D,XC,ZP,F
15:00:00,ICBP,RG,8850,1,D,SQ,ZP,F
15:00:00,ICBP,RG,8850,4,D,YP,ZP,F
15:00:00,ICBP,RG,8850,20,D,YP,ZP,F
15:00:00,ICBP,RG,8850,1,D,OD,ZP,F
15:00:00,ICBP,RG,8850,5,D,SQ,ZP,F
15:00:00,ICBP,RG,8850,191,F,DX,ZP,F
15:00:00,ICBP,RG,8850,1,D,XC,ZP,F
15:00:00,ICBP,RG,8850,6,D,PD,ZP,F
15:00:00,ICBP,RG,8850,1,D,XL,ZP,F
15:00:00,ICBP,RG,8850,5,D,YP,ZP,F
15:00:00,ICBP,RG,8850,20,D,PD,ZP,F
15:00:00,ICBP,RG,8850,10,D,SQ,ZP,F
15:00:00,ICBP,RG,8850,1,D,XC,ZP,F
15:00:00,ICBP,RG,8850,10,D,YP,ZP,F
15:00:00,ICBP,RG,8850,10,D,XC,ZP,F
15:00:00,ICBP,RG,8850,10,D,LG,ZP,F
15:00:00,ICBP,RG,8850,25,D,DR,ZP,F
15:00:00,ICBP,RG,8850,20,D,XA,ZP,F
15:00:00,ICBP,RG,8850,2,D,YP,ZP,F
15:00:00,ICBP,RG,8850,2,D,EP,ZP,F
15:00:00,ICBP,RG,8850,25,D,CC,ZP,F
15:00:00,ICBP,RG,8850,51,D,PD,ZP,F
15:00:00,ICBP,RG,8850,6,D,PD,AK,F
15:00:00,ICBP,RG,8850,1,D,CC,AK,F
15:00:00,ICBP,RG,8850,20,D,YP,AK,F
15:00:00,ICBP,RG,8850,1,D,EP,AK,F
15:00:00,ICBP,RG,8850,588,F,CC,AK,F
15:00:00,ICBP,RG,8850,6,D,XC,AK,F
15:00:00,ICBP,RG,8850,29,D,XC,AK,F
15:00:00,ICBP,RG,8850,2,D,AZ,AK,F
15:00:00,ICBP,RG,8850,100,D,PD,AK,F
15:00:00,ICBP,RG,8850,15,D,XC,AK,F
15:00:00,ICBP,RG,8850,4,D,XL,AK,F
15:00:00,ICBP,RG,8850,10,D,SQ,AK,F
15:00:00,ICBP,RG,8850,1,D,XC,AK,F
15:00:00,ICBP,RG,8850,8,D,DH,AK,F
15:00:00,ICBP,RG,8850,5,D,XC,AK,F
15:00:00,ICBP,RG,8850,1,D,XL,AK,F
15:00:00,ICBP,RG,8850,99,D,YP,AK,F
15:00:00,ICBP,RG,8850,1,D,KK,AK,F
15:00:00,ICBP,RG,8850,6,D,SQ,AK,F
15:00:00,ICBP,RG,8850,3,D,DH,AK,F
15:00:00,ICBP,RG,8850,10,D,DH,AK,F
15:00:00,ICBP,RG,8850,5,D,YP,AK,F
15:00:00,ICBP,RG,8850,1,D,SQ,AK,F
15:00:00,ICBP,RG,8850,300,D,DR,AK,F
15:00:00,ICBP,RG,8850,1,D,CC,AK,F
15:00:00,ICBP,RG,8850,2,D,EP,AK,F
15:00:00,ICBP,RG,8850,20,D,XA,AK,F
15:00:00,ICBP,RG,8850,1,D,YP,AK,F
15:00:00,ICBP,RG,8850,5,D,YP,AK,F
15:00:00,ICBP,RG,8850,5,D,SQ,AK,F
15:00:00,ICBP,RG,8850,1,D,YP,AK,F
15:00:00,ICBP,RG,8850,1,D,OD,AK,F
15:00:00,ICBP,RG,8850,1,D,CC,AK,F
15:00:00,ICBP,RG,8850,120,D,KK,AK,F
15:00:00,ICBP,RG,8850,2,D,SQ,AK,F
15:00:00,ICBP,RG,8850,48,D,YB,AK,F
15:00:00,ICBP,RG,8850,25,D,KK,AK,F
15:00:00,ICBP,RG,8850,630,F,CC,AK,F
15:00:00,ICBP,RG,8850,85,F,CC,AK,F
15:00:00,ICBP,RG,8850,50,D,YP,AK,F
15:00:00,ICBP,RG,8850,100,D,YP,AK,F
15:00:00,ICBP,RG,8850,4,D,NI,AK,F
15:00:00,ICBP,RG,8850,225,D,GR,AK,F
15:00:00,ICBP,RG,8850,251,D,CD,AK,F
15:00:00,ICBP,RG,8850,325,F,KZ,AK,F
15:00:00,ICBP,RG,8850,15,F,BK,AK,F
15:00:00,ICBP,RG,8850,3,D,KZ,AK,F
15:00:00,ICBP,RG,8850,2712,F,YU,AK,F
15:00:00,ICBP,RG,8850,107,F,YU,YU,F
15:00:00,ICBP,RG,8850,56,F,YU,YU,F
15:00:00,ICBP,RG,8850,79,F,YU,AK,F
15:00:00,ICBP,RG,8850,12,F,YU,BK,F
15:00:00,ICBP,RG,8850,64,F,YU,BK,F
15:00:00,ICBP,RG,8850,366,F,YU,BK,F
15:00:00,ICBP,RG,8850,1036,F,YU,BK,F
15:00:00,ICBP,RG,8850,2,F,YU,BK,F
15:00:00,ICBP,RG,8850,10,F,YU,BK,F
15:00:00,ICBP,RG,8850,60,F,YU,BK,F
15:00:00,ICBP,RG,8850,315,F,YU,BK,F
15:00:00,ICBP,RG,8850,21,F,YU,BK,F
15:00:00,ICBP,RG,8850,8,F,YU,BK,F
15:00:00,ICBP,RG,8850,43,F,YU,BK,F
15:00:00,ICBP,RG,8850,1928,F,YU,BK,F
15:00:00,ICBP,RG,8850,6,F,DX,BK,F
15:00:00,ICBP,RG,8850,210,F,AK,BK,F
15:00:00,ICBP,RG,8850,8,F,AK,ZP,F
15:00:00,ICBP,RG,8850,15,F,AK,ZP,F
15:00:00,ICBP,RG,8850,400,F,AK,BK,F
15:00:00,ICBP,RG,8850,17,F,AK,BK,F
15:00:00,ICBP,RG,8850,7,F,AK,BK,F
15:00:00,ICBP,RG,8850,180,D,BB,BK,F
15:00:00,ICBP,RG,8850,27,D,BB,BK,F
15:00:00,ICBP,RG,8850,9,F,ZP,BK,F
15:00:00,ICBP,RG,8850,51,D,OD,BK,F
15:00:00,ICBP,RG,8850,145,D,OD,BK,F
15:00:00,ICBP,RG,8850,28,F,RX,BK,F
15:00:00,ICBP,RG,8850,1,F,RX,BK,F
15:00:00,ICBP,RG,8850,1280,F,RX,BK,F
15:00:00,ICBP,RG,8850,5,D,RX,BK,F
15:00:00,ICBP,RG,8850,130,D,DX,BK,F
15:00:00,ICBP,RG,8850,17,D,PD,BK,F
14:49:51,ICBP,RG,8875,1,D,YB,BK,F
14:49:47,ICBP,RG,8875,1,D,YB,BK,F
14:49:47,ICBP,RG,8875,3,D,XL,BK,F
14:49:47,ICBP,RG,8875,1,D,XL,BK,F
14:49:45,ICBP,RG,8900,1,F,AK,YU,F
14:49:43,ICBP,RG,8875,14,F,ZP,BK,F
14:49:39,ICBP,RG,8875,9,F,ZP,AK,F
14:49:39,ICBP,RG,8875,1,D,PD,AK,F
14:49:39,ICBP,RG,8875,2,D,YP,AK,F
14:49:39,ICBP,RG,8875,34,D,CP,BK,F
14:49:38,ICBP,RG,8875,14,D,CP,AK,F
14:49:37,ICBP,RG,8900,5,F,ZP,YU,F
14:49:37,ICBP,RG,8900,13,F,ZP,YU,F
14:49:37,ICBP,RG,8900,24,F,ZP,YP,D
14:49:35,ICBP,RG,8875,14,D,CP,AK,F
14:49:35,ICBP,RG,8875,35,D,CP,BK,F
14:49:35,ICBP,RG,8875,8,D,CP,RX,D
14:49:34,ICBP,RG,8875,15,D,CP,AK,F
14:49:34,ICBP,RG,8875,11,D,CP,RX,D
14:49:34,ICBP,RG,8875,15,D,CP,RX,D
14:49:33,ICBP,RG,8875,18,D,CP,RX,D
14:49:32,ICBP,RG,8875,5,D,CP,AK,F
14:49:32,ICBP,RG,8875,17,D,CP,RX,D
14:49:31,ICBP,RG,8875,9,D,CP,AK,F
14:49:31,ICBP,RG,8875,27,D,CP,BK,F
14:49:27,ICBP,RG,8875,23,D,CP,AK,F
14:49:27,ICBP,RG,8875,67,D,CP,BK,F
14:49:26,ICBP,RG,8875,8,D,CP,AK,F
14:49:26,ICBP,RG,8875,26,D,CP,BK,F
14:49:26,ICBP,RG,8875,1,D,CP,AK,F
14:49:26,ICBP,RG,8875,2,D,CP,NI,D
14:49:25,ICBP,RG,8875,3,D,CP,AK,F
14:49:24,ICBP,RG,8875,8,D,CP,RX,D
14:49:24,ICBP,RG,8875,16,D,CP,AK,F
14:49:23,ICBP,RG,8875,10,D,CP,RX,D
14:49:23,ICBP,RG,8875,14,D,CP,BK,F
14:49:23,ICBP,RG,8875,25,D,KK,BK,F
14:49:13,ICBP,RG,8875,1,D,KK,AK,F
14:49:12,ICBP,RG,8900,1,D,CC,YP,D
14:49:12,ICBP,RG,8900,1,D,BB,YP,D
14:49:10,ICBP,RG,8875,24,D,KK,AK,F
14:49:10,ICBP,RG,8875,37,D,YP,AK,F
14:49:10,ICBP,RG,8900,1,D,YP,YP,D
14:49:10,ICBP,RG,8900,4,D,RX,YP,D
14:49:10,ICBP,RG,8900,7,D,DH,YP,D
14:49:10,ICBP,RG,8900,9,D,YB,YP,D
14:49:10,ICBP,RG,8900,1,F,AK,YP,D
14:49:10,ICBP,RG,8900,100,D,PD,YP,D
14:49:10,ICBP,RG,8900,1,D,BB,YP,D
14:49:10,ICBP,RG,8900,61,F,ZP,YP,D
14:49:08,ICBP,RG,8900,1,F,ZP,ZP,F
14:49:00,ICBP,RG,8900,11,F,ZP,AK,F
14:49:00,ICBP,RG,8900,10,D,YP,AK,F
14:49:00,ICBP,RG,8900,2,D,PD,AK,F
14:49:00,ICBP,RG,8925,9,F,DX,NI,D
14:49:00,ICBP,RG,8900,5,D,PD,AK,F
14:49:00,ICBP,RG,8925,33,D,AK,NI,D
14:49:00,ICBP,RG,8925,26,D,AK,NI,D
14:49:00,ICBP,RG,8925,1,D,AK,NI,D
14:49:00,ICBP,RG,8925,9,D,AK,NI,D
14:48:59,ICBP,RG,8925,4,D,XC,NI,D
14:48:46,ICBP,RG,8900,1,D,PD,AK,F
14:48:45,ICBP,RG,8900,2,D,PD,XC,D
14:48:45,ICBP,RG,8900,1,F,AK,XC,D
14:48:45,ICBP,RG,8900,1,D,AK,XC,D
14:48:42,ICBP,RG,8900,1,D,AK,PD,D
14:48:17,ICBP,RG,8900,2,D,AK,AK,F
14:48:17,ICBP,RG,8900,4,D,AK,XC,D
14:48:17,ICBP,RG,8900,1,D,AK,AK,F
14:48:16,ICBP,RG,8900,5,D,AK,NI,D
14:48:04,ICBP,RG,8900,20,D,AK,AK,F
14:48:04,ICBP,RG,8900,1,F,ZP,AK,F
14:48:04,ICBP,RG,8900,3,D,RX,AK,F
14:48:04,ICBP,RG,8925,32,D,KZ,NI,D
14:48:04,ICBP,RG,8925,17,D,KZ,BK,F
14:48:04,ICBP,RG,8925,22,D,KZ,HP,D
14:47:33,ICBP,RG,8875,5,D,YP,AK,F
14:47:32,ICBP,RG,8925,15,F,AK,HP,D
14:47:32,ICBP,RG,8900,1,F,AK,XL,D
14:47:32,ICBP,RG,8875,38,D,YP,AK,F
14:47:31,ICBP,RG,8875,5,D,YP,AZ,D
14:47:31,ICBP,RG,8875,2,D,YP,AK,F
14:47:31,ICBP,RG,8875,113,D,YP,BK,F
14:47:24,ICBP,RG,8850,18,F,BK,AK,F
14:47:24,ICBP,RG,8875,56,F,AK,BK,F
14:47:23,ICBP,RG,8850,20,F,BK,AK,F
14:47:22,ICBP,RG,8875,31,F,AK,YU,F
14:47:22,ICBP,RG,8875,29,F,AK,BK,F
14:47:21,ICBP,RG,8850,104,F,BK,AK,F
14:47:21,ICBP,RG,8850,9,F,DX,AK,F
14:47:21,ICBP,RG,8850,1,D,PD,AK,F
14:47:21,ICBP,RG,8850,20,D,YP,AK,F
14:47:21,ICBP,RG,8850,1,D,YP,AK,F
14:47:21,ICBP,RG,8850,4,D,PD,AK,F
14:47:21,ICBP,RG,8875,240,F,BK,BK,F
14:47:21,ICBP,RG,8875,50,D,KK,BK,F
14:47:21,ICBP,RG,8875,1,D,KK,ZP,F
14:47:21,ICBP,RG,8875,25,D,KK,OD,D
14:47:21,ICBP,RG,8875,11,D,KK,YU,F
14:47:21,ICBP,RG,8875,60,D,KK,RX,D
14:47:21,ICBP,RG,8875,48,D,KK,RX,D
14:47:21,ICBP,RG,8875,21,D,KK,RX,D
14:47:21,ICBP,RG,8875,23,D,KK,RX,D
14:47:21,ICBP,RG,8875,33,D,KK,RX,D
14:47:21,ICBP,RG,8875,55,D,KK,AK,F
14:47:21,ICBP,RG,8875,68,D,KK,BK,F
14:47:17,ICBP,RG,8850,2,D,PD,AK,F
14:47:16,ICBP,RG,8850,8,D,PD,RX,D
14:47:14,ICBP,RG,8850,1,D,PD,AK,F
14:47:14,ICBP,RG,8850,2,D,CP,AK,F
14:47:14,ICBP,RG,8850,8,D,CP,RX,D
14:47:14,ICBP,RG,8850,1,D,YP,RX,D
14:47:14,ICBP,RG,8850,3,D,YP,AK,F
14:47:13,ICBP,RG,8850,6,D,YP,RX,D
14:47:13,ICBP,RG,8850,1,D,PD,RX,D
14:47:13,ICBP,RG,8850,1,D,OD,RX,D
14:47:09,ICBP,RG,8850,3,D,OD,AK,F
14:47:09,ICBP,RG,8850,30,D,XA,AK,F
14:47:09,ICBP,RG,8850,1,F,ZP,AK,F
14:47:09,ICBP,RG,8850,8,F,DX,AK,F
14:47:09,ICBP,RG,8850,1,D,YP,AK,F
14:47:09,ICBP,RG,8850,23,D,AK,AK,F
14:47:09,ICBP,RG,8850,3,D,CC,AK,F
14:47:09,ICBP,RG,8850,11,D,YP,AK,F
14:47:09,ICBP,RG,8875,240,F,BK,BK,F
14:47:06,ICBP,RG,8850,3,D,YP,AK,F
14:47:05,ICBP,RG,8850,10,D,YP,RX,D
14:46:56,ICBP,RG,8850,1,D,YP,AK,F
14:46:56,ICBP,RG,8850,1,F,AK,AK,F
14:46:56,ICBP,RG,8850,1,D,LG,AK,F
14:46:55,ICBP,RG,8850,4,D,LG,RX,D
14:46:55,ICBP,RG,8850,4,D,YP,RX,D
14:46:52,ICBP,RG,8850,6,D,YP,AK,F
14:46:52,ICBP,RG,8850,1,F,ZP,AK,F
14:46:52,ICBP,RG,8850,10,D,YP,AK,F
14:46:52,ICBP,RG,8850,8,D,LG,AK,F
14:46:52,ICBP,RG,8850,2,D,LG,BK,F
14:46:52,ICBP,RG,8850,1,D,YP,BK,F
14:46:52,ICBP,RG,8850,34,F,DX,BK,F
14:46:52,ICBP,RG,8850,1,D,PD,BK,F
14:46:52,ICBP,RG,8850,1,D,BB,BK,F
14:46:52,ICBP,RG,8850,3,F,AK,BK,F
14:46:52,ICBP,RG,8850,22,D,AK,BK,F
14:46:52,ICBP,RG,8850,1,D,PD,BK,F
14:46:52,ICBP,RG,8850,9,F,BK,BK,F
14:46:51,ICBP,RG,8850,4,F,BK,AK,F
14:46:51,ICBP,RG,8850,9,F,BK,RX,D
14:46:51,ICBP,RG,8850,4,F,BK,RX,D
14:46:48,ICBP,RG,8850,11,F,BK,AK,F
14:46:48,ICBP,RG,8850,30,F,BK,BK,F
14:46:48,ICBP,RG,8850,4,F,BK,RX,D
14:46:45,ICBP,RG,8850,4,F,BK,AK,F
14:46:45,ICBP,RG,8850,11,F,BK,RX,D
14:46:36,ICBP,RG,8850,3,F,BK,AK,F
14:46:36,ICBP,RG,8850,9,F,BK,RX,D
14:46:34,ICBP,RG,8850,2,F,BK,AK,F
14:46:34,ICBP,RG,8850,5,F,BK,RX,D
14:46:32,ICBP,RG,8850,1,F,BK,AK,F
14:46:32,ICBP,RG,8875,1,D,SQ,BK,F
14:46:32,ICBP,RG,8850,3,F,BK,RX,D
14:46:31,ICBP,RG,8850,10,F,BK,AK,F
14:46:31,ICBP,RG,8875,30,D,KK,BK,F
14:46:29,ICBP,RG,8850,1,F,BK,AK,F
14:46:28,ICBP,RG,8850,4,F,BK,YP,D
14:46:25,ICBP,RG,8850,3,F,BK,AK,F
14:46:25,ICBP,RG,8850,8,F,BK,RX,D
14:46:23,ICBP,RG,8850,2,F,BK,AK,F
14:46:23,ICBP,RG,8850,7,F,BK,RX,D
14:46:22,ICBP,RG,8850,25,F,BK,AK,F
14:46:22,ICBP,RG,8850,21,F,BK,BK,F
14:46:22,ICBP,RG,8850,1,D,PD,BK,F
14:46:22,ICBP,RG,8850,53,F,AK,BK,F
14:46:21,ICBP,RG,8850,2,F,AK,AK,F
14:46:21,ICBP,RG,8850,4,F,AK,RX,D
14:46:10,ICBP,RG,8850,7,F,AK,AK,F
14:46:10,ICBP,RG,8850,3,D,CC,AK,F
14:46:10,ICBP,RG,8875,30,D,OD,BK,F
14:46:04,ICBP,RG,8875,1,F,AK,BK,F
14:46:03,ICBP,RG,8850,3,D,CC,AK,F
14:46:02,ICBP,RG,8850,4,D,CC,RX,D
14:46:02,ICBP,RG,8850,2,D,HP,RX,D
14:46:02,ICBP,RG,8850,2,D,HP,RX,D
14:45:57,ICBP,RG,8850,2,D,KK,AK,F
14:45:57,ICBP,RG,8875,1,F,AK,BK,F
14:45:57,ICBP,RG,8875,5,D,LG,BK,F
14:45:57,ICBP,RG,8850,1,D,PD,XC,D
14:45:53,ICBP,RG,8850,2,D,YP,AK,F
14:45:53,ICBP,RG,8850,1,D,CC,AK,F
14:45:52,ICBP,RG,8875,9,F,AK,BK,F
14:45:51,ICBP,RG,8850,1,D,CC,AK,F
14:45:51,ICBP,RG,8850,8,F,DX,AK,F
14:45:51,ICBP,RG,8850,2,D,YB,AK,F
14:45:51,ICBP,RG,8850,3,D,NI,AK,F
14:45:51,ICBP,RG,8850,8,D,EP,AK,F
14:45:51,ICBP,RG,8850,32,D,EP,BK,F
14:45:51,ICBP,RG,8850,10,D,CC,BK,F
14:45:51,ICBP,RG,8850,5,D,SQ,BK,F
14:45:51,ICBP,RG,8850,3,D,XC,BK,F
14:45:51,ICBP,RG,8850,1,D,DH,BK,F
14:45:51,ICBP,RG,8850,1,D,XC,BK,F
14:45:51,ICBP,RG,8850,10,D,PD,BK,F
14:45:51,ICBP,RG,8850,3,D,YU,BK,F
14:45:51,ICBP,RG,8850,1,D,YP,BK,F
14:45:51,ICBP,RG,8850,1,D,YP,AK,F
14:45:51,ICBP,RG,8850,1,D,XC,AK,F
14:45:51,ICBP,RG,8850,3,D,XL,AK,F
14:45:50,ICBP,RG,8850,15,D,XL,RX,D
14:45:49,ICBP,RG,8850,1,D,XL,AK,F
14:45:48,ICBP,RG,8850,1,D,XL,RX,D
14:45:48,ICBP,RG,8850,1,D,YP,RX,D
14:45:48,ICBP,RG,8875,1,F,AK,BK,F
14:45:48,ICBP,RG,8875,1,F,ZP,BK,F
14:45:47,ICBP,RG,8850,2,D,YP,AK,F
14:45:47,ICBP,RG,8850,1,D,CC,AK,F
14:45:47,ICBP,RG,8875,9,F,AK,BK,F
14:45:47,ICBP,RG,8850,2,D,CC,AK,F
14:45:47,ICBP,RG,8850,1,D,XL,AK,F
14:45:47,ICBP,RG,8850,1,D,SQ,AK,F
14:45:47,ICBP,RG,8850,1,D,YP,AK,F
14:45:47,ICBP,RG,8850,22,D,PD,AK,F
14:45:47,ICBP,RG,8850,10,D,SQ,BK,F
14:45:47,ICBP,RG,8850,44,D,CP,BK,F
14:45:46,ICBP,RG,8850,10,D,CP,RX,D
14:45:46,ICBP,RG,8850,8,D,CP,RX,D
14:45:46,ICBP,RG,8850,9,D,CP,RX,D
14:45:45,ICBP,RG,8850,1,D,CP,AK,F
14:45:45,ICBP,RG,8875,1,F,AK,BK,F
14:45:45,ICBP,RG,8850,14,D,CP,AK,F
14:45:44,ICBP,RG,8875,21,F,AK,BK,F
14:45:44,ICBP,RG,8875,3,F,AK,CS,F
14:45:44,ICBP,RG,8875,2,F,AK,CS,F
14:45:44,ICBP,RG,8875,4,F,AK,BK,F
14:45:44,ICBP,RG,8875,12,F,AK,YU,F
14:45:43,ICBP,RG,8850,3,D,CP,AK,F
14:45:43,ICBP,RG,8850,9,D,CP,RX,D
14:45:43,ICBP,RG,8850,1,D,CP,AK,F
14:45:43,ICBP,RG,8850,17,D,CP,AK,F
14:45:43,ICBP,RG,8850,1,D,CP,AK,F
14:45:42,ICBP,RG,8875,1,D,YP,YU,F
14:45:42,ICBP,RG,8850,27,D,CP,AK,F
14:45:42,ICBP,RG,8850,56,D,CP,BK,F
14:45:42,ICBP,RG,8850,25,D,SQ,BK,F
14:45:42,ICBP,RG,8850,12,D,YP,BK,F
14:45:42,ICBP,RG,8850,1,D,PD,BK,F
14:45:42,ICBP,RG,8850,1,D,PD,BK,F
14:45:42,ICBP,RG,8850,113,D,YP,BK,F
14:45:42,ICBP,RG,8850,5,D,SQ,BK,F
14:45:42,ICBP,RG,8850,5,D,YP,BK,F
14:45:42,ICBP,RG,8850,5,D,YP,BK,F
14:45:42,ICBP,RG,8850,50,D,LG,BK,F
14:45:42,ICBP,RG,8850,1,D,PD,BK,F
14:45:42,ICBP,RG,8850,10,D,DR,BK,F
14:45:42,ICBP,RG,8850,12,D,PD,BK,F
14:45:42,ICBP,RG,8850,2,D,XL,BK,F
14:45:42,ICBP,RG,8850,3,D,PD,BK,F
14:45:42,ICBP,RG,8850,25,D,GR,BK,F
14:45:42,ICBP,RG,8850,10,D,XC,BK,F
14:45:42,ICBP,RG,8850,20,D,YP,BK,F
14:45:42,ICBP,RG,8850,63,D,YP,BK,F
14:45:42,ICBP,RG,8875,12,D,CC,YU,F
14:45:42,ICBP,RG,8875,1,D,CC,ZP,F
14:45:42,ICBP,RG,8875,1,D,CC,CS,F
14:45:42,ICBP,RG,8850,27,D,YP,YP,D
14:45:41,ICBP,RG,8875,1,D,PD,CS,F
14:45:41,ICBP,RG,8850,108,D,YP,AK,F
14:45:41,ICBP,RG,8875,29,F,BK,AK,F
14:45:41,ICBP,RG,8850,2,D,YP,CS,F
14:45:41,ICBP,RG,8875,1,F,ZP,AK,F
14:45:41,ICBP,RG,8875,10,D,YP,AK,F
14:45:41,ICBP,RG,8875,1,D,PD,AK,F
14:45:41,ICBP,RG,8875,25,D,CS,AK,F
14:45:41,ICBP,RG,8875,2,D,CD,AK,F
14:45:41,ICBP,RG,8875,2,D,NI,AK,F
14:45:41,ICBP,RG,8875,71,F,AK,AK,F
14:45:41,ICBP,RG,8875,2,D,YP,AK,F
14:45:41,ICBP,RG,8875,3,D,DH,AK,F
14:45:41,ICBP,RG,8875,3,D,DX,AK,F
14:45:41,ICBP,RG,8875,1,D,PD,AK,F
14:45:41,ICBP,RG,8875,10,D,CC,AK,F
14:45:41,ICBP,RG,8875,3,D,DR,AK,F
14:45:41,ICBP,RG,8875,1,D,PD,AK,F
14:45:41,ICBP,RG,8875,22,D,AI,AK,F
14:45:41,ICBP,RG,8875,28,D,AI,YP,D
14:45:41,ICBP,RG,8875,11,D,BQ,YP,D
14:45:41,ICBP,RG,8875,1,D,YP,YP,D
14:45:41,ICBP,RG,8875,3,D,XL,YP,D
14:45:41,ICBP,RG,8875,2,D,YP,YP,D
14:45:41,ICBP,RG,8875,1,D,PD,YP,D
14:45:41,ICBP,RG,8875,11,D,GR,YP,D
14:45:41,ICBP,RG,8875,1,D,YP,YP,D
14:45:41,ICBP,RG,8875,100,D,SQ,YP,D
14:45:41,ICBP,RG,8875,20,D,ZP,YP,D
14:45:41,ICBP,RG,8875,5,D,PD,YP,D
14:45:41,ICBP,RG,8875,100,D,YP,YP,D
14:45:41,ICBP,RG,8875,50,D,GR,YP,D
14:45:41,ICBP,RG,8875,1,D,YP,YP,D
14:45:41,ICBP,RG,8875,25,D,YP,YP,D
14:45:41,ICBP,RG,8875,3,D,CC,YP,D
14:45:41,ICBP,RG,8875,5,D,YP,YP,D
14:45:41,ICBP,RG,8875,1,D,XC,YP,D
14:45:41,ICBP,RG,8875,1,D,PD,YP,D
14:45:41,ICBP,RG,8875,10,D,PD,YP,D
14:45:41,ICBP,RG,8875,5,D,YP,YP,D
14:45:41,ICBP,RG,8875,11,D,GR,YP,D
14:45:41,ICBP,RG,8875,6,D,YP,YP,D
14:45:41,ICBP,RG,8875,2,D,XL,YP,D
14:45:41,ICBP,RG,8875,10,D,YP,YP,D
14:45:41,ICBP,RG,8875,25,D,DR,YP,D
14:45:41,ICBP,RG,8875,1,D,EP,YP,D
14:45:41,ICBP,RG,8875,2,D,EP,YP,D
14:45:41,ICBP,RG,8875,115,D,YP,YP,D
14:45:34,ICBP,RG,8875,2,D,YP,AK,F
14:45:33,ICBP,RG,8875,8,D,YP,RX,D
14:45:32,ICBP,RG,8875,4,D,YP,AK,F
14:45:31,ICBP,RG,8875,10,D,YP,RX,D
14:45:31,ICBP,RG,8875,2,D,YP,XC,D
14:45:29,ICBP,RG,8875,1,D,YP,AK,F
14:45:28,ICBP,RG,8900,1,F,AK,YU,F
14:45:27,ICBP,RG,8875,4,D,YP,AK,F
14:45:26,ICBP,RG,8875,7,D,YP,YP,D
14:45:26,ICBP,RG,8900,5,F,AK,YU,F
14:45:26,ICBP,RG,8900,1,F,AK,ZP,F
14:45:26,ICBP,RG,8875,5,D,YP,AK,F
14:45:25,ICBP,RG,8875,15,D,YP,AT,D
14:45:25,ICBP,RG,8875,27,D,YP,AK,F
14:45:25,ICBP,RG,8900,1,F,AK,BK,F
14:45:25,ICBP,RG,8900,10,D,PD,BK,F
14:45:25,ICBP,RG,8900,1,D,BB,BK,F
14:45:25,ICBP,RG,8900,2,F,AK,BK,F
14:45:25,ICBP,RG,8900,50,D,CP,BK,F
14:45:25,ICBP,RG,8900,3,D,RX,BK,F
14:45:25,ICBP,RG,8900,1,D,EP,BK,F
14:45:25,ICBP,RG,8900,1,D,YP,BK,F
14:45:25,ICBP,RG,8900,11,D,AK,BK,F
14:45:19,ICBP,RG,8900,1,D,AK,AK,F
14:45:19,ICBP,RG,8900,3,D,AK,AK,F
14:45:19,ICBP,RG,8900,5,D,AK,YU,D
14:45:18,ICBP,RG,8900,6,D,AK,RX,D
14:45:18,ICBP,RG,8900,1,D,PD,RX,D
14:45:18,ICBP,RG,8900,1,F,AK,RX,D
14:45:17,ICBP,RG,8900,1,F,AK,CS,F
14:45:17,ICBP,RG,8900,1,D,PD,AK,F
14:45:16,ICBP,RG,8900,1,D,YP,CC,D
14:45:12,ICBP,RG,8900,3,D,YP,AK,F
14:45:12,ICBP,RG,8900,6,D,YP,RX,D
14:45:12,ICBP,RG,8900,4,D,CS,RX,D
14:45:10,ICBP,RG,8900,1,D,CS,BQ,D
14:45:09,ICBP,RG,8900,1,D,PD,AK,F
14:45:09,ICBP,RG,8900,12,D,AK,AK,F
14:45:09,ICBP,RG,8900,18,D,AK,AK,F
14:45:09,ICBP,RG,8900,19,F,AK,AK,F
14:45:08,ICBP,RG,8900,6,F,AK,AK,F
14:45:08,ICBP,RG,8900,8,F,AK,RX,D
14:45:08,ICBP,RG,8900,12,F,AK,YU,D
14:45:07,ICBP,RG,8900,1,F,AK,AK,F
14:45:06,ICBP,RG,8925,1,F,AK,RX,D
14:45:06,ICBP,RG,8900,3,F,AK,AK,F
14:45:06,ICBP,RG,8900,2,D,YP,AK,F
14:45:06,ICBP,RG,8900,1,D,AG,AK,F
14:45:06,ICBP,RG,8900,2,D,BB,AK,F
14:45:06,ICBP,RG,8900,2,D,NI,AK,F
14:45:06,ICBP,RG,8900,3,F,AK,AK,F
14:45:06,ICBP,RG,8900,1,D,PD,AK,F
14:45:06,ICBP,RG,8900,1,D,PD,AK,F
14:45:06,ICBP,RG,8900,2,D,YP,AK,F
14:45:06,ICBP,RG,8900,3,D,KK,AK,F
14:45:06,ICBP,RG,8900,4,D,OD,AK,F
14:45:06,ICBP,RG,8900,3,D,DX,AK,F
14:45:06,ICBP,RG,8900,1,D,YP,AK,F
14:45:06,ICBP,RG,8900,2,D,XC,AK,F
14:45:06,ICBP,RG,8900,2,D,YP,AK,F
14:45:06,ICBP,RG,8900,3,D,XL,AK,F
14:45:06,ICBP,RG,8925,1,F,AK,RX,D
14:45:06,ICBP,RG,8900,2,D,XL,CS,F
14:45:06,ICBP,RG,8925,5,F,AK,RX,D
14:45:05,ICBP,RG,8900,1,D,YP,BK,F
14:45:05,ICBP,RG,8900,3,D,XC,BK,F
14:45:05,ICBP,RG,8900,1,D,YP,BK,F
14:45:05,ICBP,RG,8900,92,D,YP,BK,F
14:45:00,ICBP,RG,8900,3,D,YP,AK,F
14:45:00,ICBP,RG,8925,1,F,AK,RX,D
14:45:00,ICBP,RG,8900,9,D,YP,RX,D
14:44:51,ICBP,RG,8900,3,D,YP,AK,F
14:44:51,ICBP,RG,8900,9,D,YP,RX,D
14:44:50,ICBP,RG,8900,3,D,YP,AK,F
14:44:50,ICBP,RG,8925,1,F,AK,RX,D
14:44:50,ICBP,RG,8900,8,D,YP,RX,D
14:44:45,ICBP,RG,8900,1,D,YP,AK,F
14:44:44,ICBP,RG,8925,2,F,AK,RX,D
14:44:44,ICBP,RG,8900,32,D,YP,AK,F
14:44:44,ICBP,RG,8925,4,F,AK,RX,D
14:44:43,ICBP,RG,8925,1,F,AK,RX,D
14:44:43,ICBP,RG,8900,40,D,YP,BK,F
14:44:43,ICBP,RG,8900,19,D,NI,BK,F
14:44:43,ICBP,RG,8900,4,D,PD,BK,F
14:44:43,ICBP,RG,8900,6,D,PD,BK,F
14:44:43,ICBP,RG,8900,10,D,CC,BK,F
14:44:43,ICBP,RG,8900,5,D,SQ,BK,F
14:44:43,ICBP,RG,8900,8,F,ZP,BK,F
14:44:39,ICBP,RG,8925,1,F,AK,RX,D
14:44:39,ICBP,RG,8900,4,F,ZP,AK,F
14:44:38,ICBP,RG,8900,10,F,ZP,YP,D
14:44:38,ICBP,RG,8900,1,F,ZP,AK,F
14:44:38,ICBP,RG,8900,5,F,ZP,CS,F
14:44:31,ICBP,RG,8900,3,F,ZP,AK,F
14:44:30,ICBP,RG,8900,3,F,ZP,RX,D
14:44:30,ICBP,RG,8900,1,D,HP,RX,D
14:44:30,ICBP,RG,8900,1,D,AT,RX,D
14:44:30,ICBP,RG,8900,2,D,SQ,RX,D
14:44:30,ICBP,RG,8900,1,D,NI,RX,D
14:44:23,ICBP,RG,8900,1,D,PD,AK,F
14:44:23,ICBP,RG,8900,2,D,GR,AK,F
14:44:23,ICBP,RG,8925,5,F,AK,RX,D
14:44:23,ICBP,RG,8925,3,F,AK,ZP,F
14:44:23,ICBP,RG,8900,1,D,CC,AK,F
14:44:23,ICBP,RG,8900,1,D,CC,AK,F
14:44:23,ICBP,RG,8900,6,D,XL,AK,F
14:44:23,ICBP,RG,8900,1,D,XC,AK,F
14:44:23,ICBP,RG,8900,5,D,OD,AK,F
14:44:23,ICBP,RG,8900,14,D,KZ,AK,F
14:44:23,ICBP,RG,8900,2,D,XC,AK,F
14:44:23,ICBP,RG,8900,1,D,XC,AK,F
14:44:23,ICBP,RG,8900,1,D,PD,AK,F
14:44:23,ICBP,RG,8900,2,D,PD,AK,F
14:44:23,ICBP,RG,8900,1,D,XL,AK,F
14:44:22,ICBP,RG,8900,1,D,PD,BK,F
14:44:22,ICBP,RG,8900,10,D,SQ,BK,F
14:44:22,ICBP,RG,8900,94,D,SQ,BK,F
14:44:22,ICBP,RG,8900,3,D,SQ,AK,F
14:44:21,ICBP,RG,8925,1,F,AK,ZP,F
14:44:21,ICBP,RG,8900,3,D,SQ,RX,D
14:44:21,ICBP,RG,8900,5,D,SQ,RX,D
14:44:12,ICBP,RG,8900,4,D,SQ,AK,F
14:44:11,ICBP,RG,8900,1,D,SQ,YP,D
14:44:11,ICBP,RG,8900,10,D,IF,YP,D
14:44:11,ICBP,RG,8900,1,D,XC,YP,D
14:44:01,ICBP,RG,8900,1,D,XC,PD,D
14:43:54,ICBP,RG,8900,3,D,HP,AK,F
14:43:53,ICBP,RG,8900,9,D,HP,RX,D
14:43:51,ICBP,RG,8900,28,D,HP,AK,F
14:43:51,ICBP,RG,8900,13,D,HP,AK,F
14:43:51,ICBP,RG,8900,84,D,HP,BK,F
14:43:51,ICBP,RG,8900,1,D,YP,BK,F
14:43:51,ICBP,RG,8900,3,D,XC,BK,F
14:43:51,ICBP,RG,8900,15,D,YP,BK,F
14:43:51,ICBP,RG,8900,20,D,YP,BK,F
14:43:51,ICBP,RG,8900,5,D,YP,AK,F
14:43:50,ICBP,RG,8900,1,D,YP,RX,D
14:43:50,ICBP,RG,8900,14,D,CC,RX,D
14:43:49,ICBP,RG,8900,4,D,CC,AK,F
14:43:49,ICBP,RG,8900,1,D,CC,RX,D
14:43:49,ICBP,RG,8900,11,F,ZP,RX,D
14:43:49,ICBP,RG,8900,23,F,ZP,AK,F
14:43:48,ICBP,RG,8925,1,F,ZP,BK,F
14:43:48,ICBP,RG,8925,3,F,ZP,BK,F
14:43:48,ICBP,RG,8925,3,D,PD,BK,F
14:43:48,ICBP,RG,8925,1,D,KK,BK,F
14:43:48,ICBP,RG,8925,2,F,AK,BK,F
14:43:48,ICBP,RG,8925,12,D,YP,BK,F
14:43:48,ICBP,RG,8925,2,D,CC,BK,F
14:43:48,ICBP,RG,8925,5,D,NI,BK,F
14:43:48,ICBP,RG,8925,10,D,KK,BK,F
14:43:48,ICBP,RG,8925,2,D,CC,BK,F
14:43:48,ICBP,RG,8925,1,D,XC,BK,F
14:43:48,ICBP,RG,8925,2,D,AT,BK,F
14:43:48,ICBP,RG,8925,2,D,XC,BK,F
14:43:48,ICBP,RG,8925,5,F,ZP,BK,F
14:43:48,ICBP,RG,8925,1,D,NI,BK,F
14:43:48,ICBP,RG,8925,10,D,CC,BK,F
14:43:48,ICBP,RG,8925,3,D,PD,BK,F
14:43:48,ICBP,RG,8925,3,F,ZP,BK,F
14:43:46,ICBP,RG,8925,42,F,ZP,AK,F
14:43:46,ICBP,RG,8925,112,D,CP,AK,F
14:43:46,ICBP,RG,8925,88,D,CP,BK,F
14:43:46,ICBP,RG,8925,2,D,CC,BK,F
14:43:46,ICBP,RG,8925,5,D,PD,BK,F
14:43:46,ICBP,RG,8925,3,D,PD,BK,F
14:43:46,ICBP,RG,8925,1,D,PD,BK,F
14:43:46,ICBP,RG,8925,1,D,PD,BK,F
14:43:46,ICBP,RG,8925,5,D,PD,BK,F
14:43:46,ICBP,RG,8925,5,D,PD,BK,F
14:43:46,ICBP,RG,8925,31,F,ZP,BK,F
14:43:46,ICBP,RG,8925,37,D,PD,BK,F
14:43:46,ICBP,RG,8925,2,D,PD,BK,F
14:43:46,ICBP,RG,8925,1,D,YP,BK,F
14:43:46,ICBP,RG,8925,1,D,PD,BK,F
14:43:46,ICBP,RG,8925,14,D,KZ,BK,F
14:43:46,ICBP,RG,8925,1,D,PD,BK,F
14:43:46,ICBP,RG,8925,1,D,PD,BK,F
14:43:46,ICBP,RG,8925,1,D,KK,BK,F
14:43:46,ICBP,RG,8925,5,D,GR,BK,F
14:43:46,ICBP,RG,8925,10,D,DR,BK,F
14:43:46,ICBP,RG,8925,1,D,CP,BK,F
14:43:46,ICBP,RG,8925,42,F,ZP,BK,F
14:43:46,ICBP,RG,8950,2,F,AK,AK,F
14:43:46,ICBP,RG,8950,52,D,AK,AK,F
14:43:46,ICBP,RG,8950,1,F,ZP,AK,F
14:43:46,ICBP,RG,8950,5,D,PD,AK,F
14:43:46,ICBP,RG,8950,3,D,XL,AK,F
14:43:46,ICBP,RG,8950,17,D,CS,AK,F
14:43:46,ICBP,RG,8950,9,F,ZP,AK,F
14:43:46,ICBP,RG,8950,62,F,ZP,YU,F
14:43:46,ICBP,RG,8950,4,D,DH,YU,F
14:43:46,ICBP,RG,8950,2,F,ZP,YU,F
14:43:46,ICBP,RG,8950,16,D,CS,YU,F
14:43:46,ICBP,RG,8950,33,D,AK,YU,F
14:43:45,ICBP,RG,8950,30,D,AK,AK,F
14:43:45,ICBP,RG,8950,3,D,AK,AK,F
14:43:45,ICBP,RG,8950,5,D,AK,AK,F
14:43:45,ICBP,RG,8950,53,D,CS,AK,F
14:43:45,ICBP,RG,8950,2,F,ZP,AK,F
14:43:45,ICBP,RG,8950,1,F,ZP,AK,F
14:43:45,ICBP,RG,8950,1,D,BB,AK,F
14:43:45,ICBP,RG,8950,2,F,AK,AK,F
14:43:45,ICBP,RG,8950,11,D,CS,AK,F
14:43:45,ICBP,RG,8950,14,D,KZ,AK,F
14:43:45,ICBP,RG,8950,9,D,KZ,RX,D
14:43:45,ICBP,RG,8950,9,D,KZ,AK,F
14:43:45,ICBP,RG,8950,29,D,KZ,AK,F
14:43:45,ICBP,RG,8950,45,D,KZ,AK,F
14:43:44,ICBP,RG,8950,99,D,KZ,BK,F
14:43:44,ICBP,RG,8950,13,D,KZ,AK,F
14:43:44,ICBP,RG,8950,2,D,CC,AK,F
14:43:44,ICBP,RG,8950,7,D,CS,AK,F
14:43:44,ICBP,RG,8950,1,D,CS,AK,F
14:43:44,ICBP,RG,8950,2,F,AK,AK,F
14:43:44,ICBP,RG,8950,5,F,ZP,AK,F
14:43:44,ICBP,RG,8950,5,D,AK,AK,F
14:43:44,ICBP,RG,8950,80,D,AK,AK,F
14:43:44,ICBP,RG,8950,141,D,AK,BK,F
14:43:44,ICBP,RG,8950,5,D,KZ,BK,F
14:43:44,ICBP,RG,8950,1,D,NI,BK,F
14:43:44,ICBP,RG,8950,1,D,CC,BK,F
14:43:44,ICBP,RG,8950,1,D,SQ,BK,F
14:43:44,ICBP,RG,8950,1,D,PD,BK,F
14:43:44,ICBP,RG,8950,53,F,ZP,BK,F
14:43:44,ICBP,RG,8950,3,D,CS,BK,F
14:43:44,ICBP,RG,8950,2,D,YP,BK,F
14:43:44,ICBP,RG,8950,32,F,ZP,BK,F
14:43:44,ICBP,RG,8950,5,F,ZP,AK,F
14:43:43,ICBP,RG,8950,5,F,ZP,BK,F
14:43:43,ICBP,RG,8950,8,F,ZP,RX,D
14:43:43,ICBP,RG,8950,1,D,AK,RX,D
14:43:42,ICBP,RG,8950,5,D,CS,AK,F
14:43:42,ICBP,RG,8950,4,F,ZP,AK,F
14:43:41,ICBP,RG,8950,28,F,ZP,AK,F
14:43:40,ICBP,RG,8950,3,F,ZP,AK,F
14:43:39,ICBP,RG,8950,8,F,ZP,RX,D
14:43:32,ICBP,RG,8950,3,F,ZP,AK,F
14:43:32,ICBP,RG,8950,9,F,ZP,RX,D
14:43:30,ICBP,RG,8975,1,D,AK,BK,F
14:43:29,ICBP,RG,8950,3,F,ZP,AK,F
14:43:28,ICBP,RG,8950,8,F,ZP,CS,F
14:43:20,ICBP,RG,8950,1,F,ZP,AK,F
14:43:20,ICBP,RG,8950,2,D,OD,AK,F
14:43:20,ICBP,RG,8950,8,D,OD,RX,D
14:43:20,ICBP,RG,8950,3,D,PD,RX,D
14:43:19,ICBP,RG,8950,3,D,PD,AK,F
14:43:19,ICBP,RG,8950,7,D,PD,RX,D
14:43:19,ICBP,RG,8950,2,D,CS,RX,D
14:43:12,ICBP,RG,8950,4,D,CS,AK,F
14:43:12,ICBP,RG,8950,10,D,CS,RX,D
14:42:53,ICBP,RG,8950,3,D,CS,AK,F
14:42:52,ICBP,RG,8950,4,D,CS,RX,D
14:42:52,ICBP,RG,8950,2,D,CS,RX,D
14:42:52,ICBP,RG,8950,5,F,ZP,RX,D
14:42:51,ICBP,RG,8950,3,F,ZP,AK,F
14:42:50,ICBP,RG,8950,9,F,ZP,RX,D
14:42:36,ICBP,RG,8950,6,F,ZP,AK,F
14:42:35,ICBP,RG,8950,8,F,ZP,RX,D
14:42:35,ICBP,RG,8950,9,F,ZP,RX,D
14:42:30,ICBP,RG,8950,5,F,ZP,AK,F
14:42:30,ICBP,RG,8950,2,F,ZP,RX,D
14:42:30,ICBP,RG,8950,12,D,CS,RX,D
14:42:30,ICBP,RG,8950,2,F,ZP,RX,D
14:42:30,ICBP,RG,8950,3,F,ZP,AK,F
14:42:29,ICBP,RG,8950,9,F,ZP,RX,D
14:42:23,ICBP,RG,8950,34,F,ZP,AK,F
14:42:23,ICBP,RG,8950,1,F,ZP,NI,D
14:42:23,ICBP,RG,8950,3,F,ZP,RX,D
14:42:23,ICBP,RG,8950,4,D,XC,RX,D
14:42:23,ICBP,RG,8950,1,F,ZP,RX,D
14:42:23,ICBP,RG,8950,1,F,ZP,RX,D
14:42:23,ICBP,RG,8950,1,D,AK,RX,D
14:42:23,ICBP,RG,8975,5,D,XL,BK,F
14:42:23,ICBP,RG,8950,85,D,AK,AK,F
14:42:02,ICBP,RG,8950,12,D,AK,AK,F
14:42:01,ICBP,RG,8975,35,D,YP,BK,F
14:41:57,ICBP,RG,8950,3,D,AK,AK,F
14:41:57,ICBP,RG,8950,9,D,AK,RX,D
14:41:55,ICBP,RG,8950,4,D,AK,AK,F
14:41:55,ICBP,RG,8950,10,D,AK,RX,D
14:41:54,ICBP,RG,8950,3,D,AK,PD,D
14:41:53,ICBP,RG,8950,2,D,AK,AK,F
14:41:52,ICBP,RG,8975,6,D,XC,BK,F
14:41:50,ICBP,RG,8950,4,D,AK,AK,F
14:41:50,ICBP,RG,8950,10,D,AK,RX,D
14:41:50,ICBP,RG,8950,1,D,YP,RX,D
14:41:50,ICBP,RG,8950,1,D,CS,RX,D
14:41:47,ICBP,RG,8950,7,D,CS,AK,F
14:41:47,ICBP,RG,8950,2,D,CS,CS,F
14:41:47,ICBP,RG,8950,5,D,CS,CS,F
14:41:47,ICBP,RG,8950,1,F,ZP,CS,F
14:41:47,ICBP,RG,8950,5,D,CS,CS,F
14:41:47,ICBP,RG,8950,9,D,CS,RX,D
14:41:45,ICBP,RG,8950,1,F,ZP,AK,F
14:41:45,ICBP,RG,8950,1,F,ZP,AK,F
14:41:45,ICBP,RG,8950,5,D,CS,XC,D
14:41:16,ICBP,RG,8950,1,D,CS,AK,F
14:41:15,ICBP,RG,8975,2,F,ZP,BK,F
14:41:09,ICBP,RG,8950,1,D,CS,XC,D
14:40:55,ICBP,RG,8950,11,D,CS,AK,F
14:40:54,ICBP,RG,8950,1,D,CS,RX,D
14:40:54,ICBP,RG,8950,1,D,CS,RX,D
14:40:54,ICBP,RG,8950,30,F,ZP,RX,D
14:40:53,ICBP,RG,8950,11,F,ZP,AK,F
14:40:53,ICBP,RG,8950,1,D,NI,AK,F
14:40:53,ICBP,RG,8950,2,D,XC,AK,F
14:40:53,ICBP,RG,8950,1,D,CS,AK,F
14:40:52,ICBP,RG,8950,1,D,CS,RX,D
14:40:52,ICBP,RG,8950,1,D,CS,RX,D
14:40:52,ICBP,RG,8950,1,D,CS,RX,D
14:40:52,ICBP,RG,8950,7,D,CS,RX,D
14:40:52,ICBP,RG,8950,12,D,CS,RX,D
14:40:52,ICBP,RG,8950,2,D,YP,RX,D
14:40:52,ICBP,RG,8950,5,D,BB,RX,D
14:40:52,ICBP,RG,8950,2,D,CP,RX,D
14:40:52,ICBP,RG,8950,1,F,AK,RX,D
14:40:52,ICBP,RG,8950,14,D,RX,RX,D
14:40:52,ICBP,RG,8950,1,F,AK,RX,D
14:40:51,ICBP,RG,8950,1,F,AK,AK,F
14:40:51,ICBP,RG,8950,3,F,AK,AK,F
14:40:51,ICBP,RG,8950,1,D,AK,AK,F
14:40:50,ICBP,RG,8950,2,D,KK,RX,D
14:40:50,ICBP,RG,8950,12,D,KZ,RX,D
14:40:49,ICBP,RG,8950,9,D,KZ,AK,F
14:40:49,ICBP,RG,8950,28,D,KZ,RX,D
14:40:49,ICBP,RG,8950,5,D,KZ,AK,F
14:40:48,ICBP,RG,8950,14,D,KZ,RX,D
14:40:46,ICBP,RG,8950,3,D,KZ,AK,F
14:40:46,ICBP,RG,8950,10,D,KZ,CC,D
14:40:36,ICBP,RG,8950,2,D,KZ,AK,F
14:40:36,ICBP,RG,8975,4,D,BB,BK,F
14:40:34,ICBP,RG,8950,48,D,KZ,AK,F
14:40:34,ICBP,RG,8950,27,F,ZP,AK,F
14:40:34,ICBP,RG,8950,2,F,ZP,XC,D
14:40:34,ICBP,RG,8950,33,F,ZP,LG,D
14:40:34,ICBP,RG,8950,62,F,ZP,LG,D
14:40:34,ICBP,RG,8950,69,F,ZP,LG,D
14:40:34,ICBP,RG,8950,60,D,AK,LG,D
14:40:30,ICBP,RG,8975,1,F,ZP,BK,F
14:40:30,ICBP,RG,8950,1,D,AK,AK,F
14:40:29,ICBP,RG,8975,2,D,RX,BK,F
14:40:27,ICBP,RG,8950,1,D,AK,AK,F
14:40:16,ICBP,RG,8950,5,D,AK,AK,F
14:40:15,ICBP,RG,8950,2,D,AK,AK,F
14:40:15,ICBP,RG,8975,11,F,AK,BK,F
14:40:06,ICBP,RG,8950,1,D,AK,AK,F
14:40:04,ICBP,RG,8950,20,D,AK,AK,F
14:40:04,ICBP,RG,8950,1,D,AK,AK,F
14:40:04,ICBP,RG,8950,7,D,AK,AK,F
14:40:04,ICBP,RG,8975,51,F,ZP,BK,F
14:40:01,ICBP,RG,8975,2,D,RX,BK,F
14:39:56,ICBP,RG,8950,1,D,AK,AK,F
14:39:55,ICBP,RG,8950,1,D,AK,AK,F
14:39:55,ICBP,RG,8975,2,F,ZP,BK,F
14:39:35,ICBP,RG,8950,1,D,AK,AK,F
14:39:34,ICBP,RG,8975,3,D,CS,BK,F
14:39:31,ICBP,RG,8950,1,D,AK,AK,F
14:39:30,ICBP,RG,8975,1,F,AK,BK,F
14:39:18,ICBP,RG,8975,1,D,AK,BK,F
14:39:04,ICBP,RG,8950,17,D,AK,AK,F
14:39:04,ICBP,RG,8950,16,D,AK,AK,F
14:39:04,ICBP,RG,8975,36,F,ZP,BK,F
14:38:42,ICBP,RG,8950,77,D,AK,AK,F
14:38:42,ICBP,RG,8975,29,D,CS,BK,F
14:38:42,ICBP,RG,8975,70,D,KK,BK,F
14:38:42,ICBP,RG,8975,3,D,KK,ZP,F
14:38:42,ICBP,RG,8975,87,D,KK,YU,F
14:38:42,ICBP,RG,8975,17,D,KK,RX,D
14:38:42,ICBP,RG,8975,23,D,KK,RX,D
14:38:40,ICBP,RG,8975,2,F,ZP,RX,D
14:38:39,ICBP,RG,8950,9,D,AK,AK,F
14:38:39,ICBP,RG,8975,27,D,CS,RX,D
14:38:24,ICBP,RG,8950,18,D,AK,AK,F
14:38:24,ICBP,RG,8950,2,D,AK,AK,F
14:38:24,ICBP,RG,8975,6,F,ZP,RX,D
14:38:24,ICBP,RG,8975,45,F,ZP,RX,D
14:37:47,ICBP,RG,8975,1,F,ZP,RX,D
14:37:24,ICBP,RG,8950,14,D,AK,AK,F
14:37:24,ICBP,RG,8975,10,F,ZP,RX,D
14:37:24,ICBP,RG,8975,31,F,ZP,RX,D
14:37:16,ICBP,RG,8950,1,D,AK,AK,F
14:37:15,ICBP,RG,8975,2,F,ZP,RX,D
14:37:08,ICBP,RG,8950,2,D,AK,PD,D
14:36:51,ICBP,RG,8950,1,D,AK,AK,F
14:36:51,ICBP,RG,8975,2,D,RX,RX,D
14:36:44,ICBP,RG,8950,25,D,AK,AK,F
14:36:44,ICBP,RG,8975,13,D,CS,RX,D
14:36:44,ICBP,RG,8975,1,D,CS,NI,D
14:36:44,ICBP,RG,8975,15,D,CS,BK,F
14:36:44,ICBP,RG,8975,39,F,ZP,BK,F
14:36:44,ICBP,RG,8975,6,D,BB,BK,F
14:36:37,ICBP,RG,8950,6,D,AK,AK,F
14:36:37,ICBP,RG,8975,44,D,EP,BK,F
14:36:11,ICBP,RG,8975,2,D,RX,BK,F
14:36:09,ICBP,RG,8975,1,F,ZP,BK,F
14:36:09,ICBP,RG,8975,42,D,KZ,BK,F
14:36:09,ICBP,RG,8975,13,D,KZ,CS,F
14:36:09,ICBP,RG,8975,12,D,KZ,RX,D
14:36:09,ICBP,RG,8975,19,D,KZ,RX,D
14:36:09,ICBP,RG,8975,29,D,KZ,RX,D
14:36:09,ICBP,RG,8975,38,D,KZ,RX,D
14:36:09,ICBP,RG,8975,34,D,KZ,RX,D
14:36:09,ICBP,RG,8975,1,D,KZ,NI,D
14:36:09,ICBP,RG,8975,1,D,KZ,PD,D
14:36:09,ICBP,RG,8975,16,D,KZ,AK,F
14:36:07,ICBP,RG,8950,9,D,AK,RX,D
14:36:04,ICBP,RG,8975,37,F,ZP,AK,F
14:35:24,ICBP,RG,8975,27,F,ZP,AK,F
14:35:24,ICBP,RG,8975,14,F,ZP,AK,F
14:35:01,ICBP,RG,8950,2,D,AK,AK,F
14:35:00,ICBP,RG,8975,5,F,AK,AK,F
14:34:51,ICBP,RG,8975,2,D,RX,AK,F
14:34:43,ICBP,RG,8950,83,D,AK,AK,F
14:34:42,ICBP,RG,8975,4,D,CS,AK,F
14:34:42,ICBP,RG,8975,1,D,CS,ZP,F
14:34:42,ICBP,RG,8975,9,D,CS,CS,F
14:34:42,ICBP,RG,8975,5,D,CS,YU,F
14:34:42,ICBP,RG,8975,3,D,CS,BK,F
14:34:42,ICBP,RG,8975,2,D,CS,BK,F
14:34:42,ICBP,RG,8975,223,D,AK,BK,F
14:34:42,ICBP,RG,8950,8,D,AK,AK,F
14:34:42,ICBP,RG,8975,25,D,CS,BK,F
14:34:30,ICBP,RG,8975,1,F,AK,BK,F
14:34:15,ICBP,RG,8950,1,D,AK,AK,F
14:34:14,ICBP,RG,8975,1,F,ZP,BK,F
14:33:52,ICBP,RG,8950,3,D,AK,AK,F
14:33:51,ICBP,RG,8950,10,D,AK,BK,F
14:33:43,ICBP,RG,8950,1,D,AK,XC,D
14:33:16,ICBP,RG,8950,1,D,AK,AK,F
14:33:15,ICBP,RG,8975,1,D,AK,BK,F
14:32:39,ICBP,RG,8975,2,D,RX,BK,F
14:32:37,ICBP,RG,8950,11,D,AK,AK,F
14:32:37,ICBP,RG,8975,31,D,CS,BK,F
14:32:33,ICBP,RG,8975,2,F,AK,BK,F
14:32:16,ICBP,RG,8950,1,D,AK,AK,F
14:32:16,ICBP,RG,8975,1,D,CC,BK,F
14:32:06,ICBP,RG,8975,1,F,ZP,BK,F
14:31:28,ICBP,RG,8950,3,D,AK,AK,F
14:31:27,ICBP,RG,8975,9,D,BB,BK,F
14:30:53,ICBP,RG,8950,1,D,AK,AK,F
14:30:53,ICBP,RG,8975,3,D,RX,BK,F
14:30:52,ICBP,RG,8950,1,D,AK,AK,F
14:30:52,ICBP,RG,8975,4,D,LS,BK,F
14:30:49,ICBP,RG,8950,1,D,AK,AK,F
14:30:48,ICBP,RG,8975,3,F,AK,BK,F
14:29:48,ICBP,RG,8950,1,D,AK,AK,F
14:29:47,ICBP,RG,8950,1,D,AK,DH,D
14:29:30,ICBP,RG,8950,1,D,AK,SQ,D
14:29:11,ICBP,RG,8950,1,D,AK,XL,D
14:28:49,ICBP,RG,8950,1,D,AK,AK,F
14:28:48,ICBP,RG,8975,3,F,AK,BK,F
14:28:32,ICBP,RG,8950,1,D,AK,AK,F
14:28:32,ICBP,RG,8950,1,D,AK,NI,D
14:28:11,ICBP,RG,8950,16,D,AK,AK,F
14:28:10,ICBP,RG,8950,50,D,AK,YP,D
14:27:49,ICBP,RG,8950,1,D,AK,AK,F
14:27:48,ICBP,RG,8975,2,D,AK,BK,F
14:27:38,ICBP,RG,8950,1,D,AK,AK,F
14:27:37,ICBP,RG,8975,2,D,RX,BK,F
14:27:02,ICBP,RG,8950,1,D,AK,AK,F
14:27:02,ICBP,RG,8975,5,D,YB,BK,F
14:26:51,ICBP,RG,8950,14,D,AK,AK,F
14:26:50,ICBP,RG,8950,2,D,AK,KK,D
14:26:50,ICBP,RG,8950,40,D,AK,KK,D
14:26:16,ICBP,RG,8950,1,D,AK,AK,F
14:26:15,ICBP,RG,8975,3,F,AK,BK,F
14:26:10,ICBP,RG,8950,1,D,AK,AK,F
14:26:10,ICBP,RG,8950,1,D,AK,PD,D
14:25:58,ICBP,RG,8950,33,D,AK,AK,F
14:25:58,ICBP,RG,8975,38,D,YP,BK,F
14:25:58,ICBP,RG,8975,3,D,YP,ZP,F
14:25:58,ICBP,RG,8975,1,D,YP,DH,D
14:25:58,ICBP,RG,8975,6,D,YP,YU,F
14:25:58,ICBP,RG,8975,52,D,YP,BK,F
14:25:45,ICBP,RG,8950,1,D,AK,AK,F
14:25:45,ICBP,RG,8975,2,D,RX,BK,F
14:25:30,ICBP,RG,8975,1,F,AK,BK,F
14:25:14,ICBP,RG,8950,33,D,AK,AK,F
14:25:14,ICBP,RG,8975,1,D,KK,BK,F
14:25:14,ICBP,RG,8975,99,D,KZ,BK,F
14:25:12,ICBP,RG,8950,41,D,AK,AK,F
14:25:12,ICBP,RG,8950,4,D,CS,AK,F
14:25:12,ICBP,RG,8950,11,D,CS,AK,F
14:25:12,ICBP,RG,8950,12,D,CS,AK,F
14:25:12,ICBP,RG,8950,7,D,CS,AK,F
14:25:12,ICBP,RG,8950,1,D,CS,AK,F
14:25:12,ICBP,RG,8950,13,D,DR,AK,F
14:25:12,ICBP,RG,8975,8,F,ZP,BK,F
14:25:12,ICBP,RG,8975,1,F,AK,BK,F
14:25:11,ICBP,RG,8975,14,D,CS,BK,F
14:25:11,ICBP,RG,8975,2,F,AK,BK,F
14:25:11,ICBP,RG,8975,131,F,ZP,BK,F
14:25:11,ICBP,RG,8975,12,D,CS,BK,F
14:25:11,ICBP,RG,8975,1,F,AK,BK,F
14:25:11,ICBP,RG,8975,2,F,AK,BK,F
14:25:11,ICBP,RG,8975,2,F,ZP,BK,F
14:25:11,ICBP,RG,8975,7,D,CS,BK,F
14:25:11,ICBP,RG,8975,17,D,CS,BK,F
14:25:11,ICBP,RG,8975,11,D,CS,BK,F
14:25:11,ICBP,RG,8975,1,D,CS,BK,F
14:25:11,ICBP,RG,8975,56,D,AK,BK,F
14:25:11,ICBP,RG,8975,1,D,AK,NI,D
14:25:11,ICBP,RG,8975,1,D,AK,YU,F
14:25:11,ICBP,RG,8975,4,D,AK,CS,F
14:25:11,ICBP,RG,8975,15,D,AK,ZP,F
14:25:11,ICBP,RG,8975,3,D,AK,BK,F
14:25:11,ICBP,RG,8975,64,D,AK,AK,F
14:25:11,ICBP,RG,8975,65,D,AK,AK,F
14:25:11,ICBP,RG,8975,364,D,AK,BK,F
14:25:11,ICBP,RG,8975,1,F,ZP,BK,F
14:24:53,ICBP,RG,8950,1,D,DR,AK,F
14:24:52,ICBP,RG,8950,1,D,DR,DR,D
14:24:08,ICBP,RG,8950,1,D,DR,AK,F
14:24:08,ICBP,RG,8975,2,D,NI,BK,F
14:24:08,ICBP,RG,8975,3,D,BB,BK,F
14:24:04,ICBP,RG,8950,1,D,DR,AK,F
14:24:04,ICBP,RG,8975,2,D,RX,BK,F
14:23:39,ICBP,RG,8950,7,D,DR,AK,F
14:23:38,ICBP,RG,8975,22,D,CS,BK,F
14:23:34,ICBP,RG,8950,1,D,DR,AK,F
14:23:33,ICBP,RG,8975,3,F,AK,BK,F
14:23:03,ICBP,RG,8950,1,D,DR,AK,F
14:23:02,ICBP,RG,8975,1,F,ZP,BK,F
14:22:10,ICBP,RG,8950,31,D,DR,AK,F
14:22:09,ICBP,RG,8975,26,F,AK,BK,F
14:22:09,ICBP,RG,8975,5,F,AK,XC,D
14:22:09,ICBP,RG,8975,2,F,AK,XC,D
14:22:09,ICBP,RG,8975,1,F,AK,PD,D
14:22:09,ICBP,RG,8975,1,F,AK,PD,D
14:22:09,ICBP,RG,8975,2,F,AK,YP,D
14:22:09,ICBP,RG,8975,28,F,AK,NI,D
14:22:09,ICBP,RG,8975,30,F,AK,NI,D
14:22:03,ICBP,RG,8950,1,D,DR,AK,F
14:22:03,ICBP,RG,8950,2,D,DR,XC,D
14:22:01,ICBP,RG,8950,1,D,DR,AK,F
14:22:00,ICBP,RG,8975,2,F,AK,NI,D
14:21:36,ICBP,RG,8950,1,D,DR,AK,F
14:21:35,ICBP,RG,8975,4,D,RX,NI,D
14:21:25,ICBP,RG,8950,29,D,DR,AK,F
14:21:25,ICBP,RG,8950,88,D,DR,BK,F
14:21:21,ICBP,RG,8950,2,D,DR,AK,F
14:21:20,ICBP,RG,8950,310,D,DR,AK,F
14:21:20,ICBP,RG,8975,6,F,AK,NI,D
14:21:20,ICBP,RG,8975,2,F,ZP,BK,F
14:21:20,ICBP,RG,8975,12,F,AK,BK,F
14:21:20,ICBP,RG,8975,24,F,AK,BK,F
14:21:20,ICBP,RG,8950,130,D,DR,YU,F
14:21:20,ICBP,RG,8975,31,F,AK,BK,F
14:21:20,ICBP,RG,8975,18,F,AK,BK,F
14:21:20,ICBP,RG,8975,16,D,CS,BK,F
14:21:20,ICBP,RG,8950,6,D,DR,CS,F
14:21:20,ICBP,RG,8950,1,D,DR,CS,F
14:21:20,ICBP,RG,8950,98,D,DR,AK,F
14:21:20,ICBP,RG,8950,2,D,DR,KK,D
14:21:20,ICBP,RG,8950,1,D,DR,BK,F
14:21:20,ICBP,RG,8950,2,D,DR,PD,D
14:21:20,ICBP,RG,8950,1,D,DR,CS,F
14:21:20,ICBP,RG,8950,1,D,DR,CS,F
14:21:20,ICBP,RG,8950,6,D,DR,CS,F
14:21:20,ICBP,RG,8950,1,D,DR,CS,F
14:21:20,ICBP,RG,8950,3,D,DR,CS,F
14:21:20,ICBP,RG,8950,1,D,DR,CS,F
14:21:20,ICBP,RG,8950,1,D,DR,CS,F
14:21:20,ICBP,RG,8950,4,D,DR,CS,F
14:21:20,ICBP,RG,8950,1,D,DR,CS,F
14:21:20,ICBP,RG,8950,49,D,DR,AK,F
14:21:20,ICBP,RG,8950,4,D,DR,CS,F
14:21:20,ICBP,RG,8950,47,D,DR,RX,D
14:21:20,ICBP,RG,8950,96,D,DR,RX,D
14:21:20,ICBP,RG,8950,62,D,DR,RX,D
14:21:20,ICBP,RG,8950,156,D,DR,RX,D
14:21:20,ICBP,RG,8950,134,D,DR,RX,D
14:21:20,ICBP,RG,8950,28,D,DR,NI,D
14:21:20,ICBP,RG,8950,139,D,DR,AK,F
14:21:20,ICBP,RG,8950,34,D,DR,AK,F
14:21:20,ICBP,RG,8950,504,D,DR,BK,F
14:21:20,ICBP,RG,8950,12,D,DR,YU,F
14:21:20,ICBP,RG,8950,4,D,DR,ZP,F
14:21:20,ICBP,RG,8950,1,D,DR,CS,F
14:21:20,ICBP,RG,8950,52,D,DR,AK,F
14:21:20,ICBP,RG,8950,3,D,DR,CS,F
14:21:20,ICBP,RG,8950,522,D,DR,YU,D
14:20:30,ICBP,RG,8925,1,F,ZP,AK,F
14:20:29,ICBP,RG,8950,1,F,AK,YU,D
14:20:29,ICBP,RG,8925,1,F,ZP,AK,F
14:20:29,ICBP,RG,8950,2,F,AK,YU,D
14:20:29,ICBP,RG,8925,4,F,ZP,YP,D
14:20:19,ICBP,RG,8925,1,F,ZP,AK,F
14:20:18,ICBP,RG,8950,2,D,RX,YU,D
14:20:01,ICBP,RG,8925,1,D,YP,AK,F
14:20:00,ICBP,RG,8950,2,D,RX,YU,D
14:19:48,ICBP,RG,8925,2,D,DR,AK,F
14:19:47,ICBP,RG,8925,8,D,DR,RX,D
14:19:41,ICBP,RG,8925,3,D,DR,AK,F
14:19:40,ICBP,RG,8950,1,F,AK,YU,D
14:19:40,ICBP,RG,8925,8,D,DR,RX,D
14:19:38,ICBP,RG,8925,4,D,DR,AK,F
14:19:37,ICBP,RG,8925,10,D,DR,RX,D
14:19:26,ICBP,RG,8925,2,D,DR,AK,F
14:19:25,ICBP,RG,8925,8,D,DR,RX,D
14:19:21,ICBP,RG,8925,63,D,DR,AK,F
14:19:21,ICBP,RG,8925,189,D,DR,BK,F
14:19:20,ICBP,RG,8925,2,D,DR,AK,F
14:19:20,ICBP,RG,8950,4,D,XC,YU,D
14:19:19,ICBP,RG,8925,3,D,DR,AK,F
14:19:19,ICBP,RG,8950,1,F,ZP,YU,D
14:19:19,ICBP,RG,8925,9,D,DR,RX,D
14:19:18,ICBP,RG,8925,3,D,DR,AK,F
14:19:18,ICBP,RG,8925,9,D,DR,RX,D
14:19:05,ICBP,RG,8925,1,D,DR,AK,F
14:19:04,ICBP,RG,8925,3,D,DR,EP,D
14:18:57,ICBP,RG,8925,3,D,DR,AK,F
14:18:57,ICBP,RG,8925,10,D,DR,RX,D
14:18:51,ICBP,RG,8925,3,D,DR,AK,F
14:18:51,ICBP,RG,8925,9,D,DR,RX,D
14:18:27,ICBP,RG,8925,5,D,DR,AK,F
14:18:26,ICBP,RG,8925,15,D,DR,CS,F
14:18:26,ICBP,RG,8925,7,D,DR,AK,F
14:18:25,ICBP,RG,8925,19,D,DR,RX,D
14:18:21,ICBP,RG,8925,10,D,DR,AK,F
14:18:20,ICBP,RG,8925,30,D,DR,RX,D
14:18:19,ICBP,RG,8925,11,D,DR,AK,F
14:18:18,ICBP,RG,8925,21,D,DR,RX,D
14:18:18,ICBP,RG,8925,12,D,DR,RX,D
14:18:17,ICBP,RG,8925,3,D,DR,AK,F
14:18:17,ICBP,RG,8925,8,D,DR,RX,D
14:18:17,ICBP,RG,8925,3,D,DR,CC,D
14:17:55,ICBP,RG,8925,2,D,DR,AK,F
14:17:54,ICBP,RG,8950,6,D,CC,YU,D
14:17:23,ICBP,RG,8925,1,D,DR,AK,F
14:17:22,ICBP,RG,8950,1,F,ZP,YU,D
14:16:54,ICBP,RG,8925,2,D,DR,AK,F
14:16:53,ICBP,RG,8925,4,D,DR,AK,F
14:16:53,ICBP,RG,8950,7,F,AK,YU,D
14:16:52,ICBP,RG,8925,11,D,DR,RX,D
14:16:40,ICBP,RG,8925,6,D,DR,AK,F
14:16:39,ICBP,RG,8925,9,D,DR,RX,D
14:16:39,ICBP,RG,8925,9,D,DR,RX,D
14:16:37,ICBP,RG,8925,2,D,DR,AK,F
14:16:37,ICBP,RG,8925,8,D,DR,RX,D
14:16:37,ICBP,RG,8925,3,D,DR,AK,F
14:16:36,ICBP,RG,8925,8,D,DR,RX,D
14:16:08,ICBP,RG,8925,3,D,DR,AK,F
14:16:08,ICBP,RG,8925,9,D,DR,RX,D
14:16:08,ICBP,RG,8925,3,D,DR,AK,F
14:16:07,ICBP,RG,8925,10,D,DR,RX,D
14:15:51,ICBP,RG,8925,3,D,DR,AK,F
14:15:51,ICBP,RG,8925,8,D,DR,RX,D
14:15:39,ICBP,RG,8925,3,D,DR,AK,F
14:15:39,ICBP,RG,8925,8,D,DR,RX,D
14:15:29,ICBP,RG,8925,3,D,DR,AK,F
14:15:29,ICBP,RG,8925,10,D,DR,RX,D
14:15:27,ICBP,RG,8925,3,D,DR,AK,F
14:15:26,ICBP,RG,8925,8,D,DR,RX,D
14:15:11,ICBP,RG,8925,3,D,DR,AK,F
14:15:10,ICBP,RG,8925,10,D,DR,RX,D
14:15:03,ICBP,RG,8925,3,D,DR,AK,F
14:15:02,ICBP,RG,8925,9,D,DR,RX,D
14:14:59,ICBP,RG,8925,3,D,DR,AK,F
14:14:58,ICBP,RG,8925,8,D,DR,RX,D
14:14:57,ICBP,RG,8925,9,D,DR,AK,F
14:14:56,ICBP,RG,8925,28,D,DR,NI,D
14:14:50,ICBP,RG,8925,3,D,DR,AK,F
14:14:50,ICBP,RG,8925,9,D,DR,BK,F
14:14:49,ICBP,RG,8925,4,D,DR,AK,F
14:14:48,ICBP,RG,8925,12,D,DR,RX,D
14:14:42,ICBP,RG,8925,3,D,DR,AK,F
14:14:41,ICBP,RG,8925,8,D,DR,RX,D
14:14:31,ICBP,RG,8925,2,D,DR,AK,F
14:14:31,ICBP,RG,8925,8,D,DR,RX,D
14:14:30,ICBP,RG,8925,5,D,DR,AK,F
14:14:29,ICBP,RG,8925,13,D,DR,CC,D
14:14:25,ICBP,RG,8950,2,D,YU,YU,D
14:14:24,ICBP,RG,8925,3,D,DR,AK,F
14:14:24,ICBP,RG,8925,9,D,DR,RX,D
14:14:21,ICBP,RG,8925,66,D,DR,AK,F
14:14:20,ICBP,RG,8925,197,D,DR,BK,F
14:14:18,ICBP,RG,8925,4,D,DR,AK,F
14:14:18,ICBP,RG,8925,11,D,DR,RX,D
14:14:12,ICBP,RG,8925,3,D,DR,AK,F
14:14:12,ICBP,RG,8925,9,D,DR,RX,D
14:13:53,ICBP,RG,8925,16,D,DR,AK,F
14:13:53,ICBP,RG,8950,50,D,CC,YU,D
14:13:50,ICBP,RG,8925,3,D,DR,AK,F
14:13:49,ICBP,RG,8925,9,D,DR,RX,D
14:13:44,ICBP,RG,8925,6,D,DR,AK,F
14:13:43,ICBP,RG,8925,8,D,DR,RX,D
14:13:43,ICBP,RG,8925,9,D,DR,RX,D
14:13:42,ICBP,RG,8925,3,D,DR,AK,F
14:13:41,ICBP,RG,8925,8,D,DR,RX,D
14:13:38,ICBP,RG,8925,3,D,DR,AK,F
14:13:37,ICBP,RG,8925,9,D,DR,RX,D
14:13:24,ICBP,RG,8925,3,D,DR,AK,F
14:13:23,ICBP,RG,8925,10,D,DR,RX,D
14:13:17,ICBP,RG,8925,3,D,DR,AK,F
14:13:16,ICBP,RG,8925,8,D,DR,RX,D
14:13:08,ICBP,RG,8925,3,D,DR,AK,F
14:13:07,ICBP,RG,8925,9,D,DR,RX,D
14:13:03,ICBP,RG,8925,1,D,DR,AK,F
14:13:02,ICBP,RG,8925,3,D,DR,EP,D
14:12:58,ICBP,RG,8925,3,D,DR,AK,F
14:12:57,ICBP,RG,8925,10,D,DR,RX,D
14:12:52,ICBP,RG,8925,3,D,DR,AK,F
14:12:52,ICBP,RG,8925,8,D,DR,RX,D
14:12:11,ICBP,RG,8925,27,D,DR,AK,F
14:11:51,ICBP,RG,8925,13,D,DR,RX,D
14:11:50,ICBP,RG,8925,19,D,DR,RX,D
14:11:48,ICBP,RG,8925,19,D,DR,RX,D
14:11:46,ICBP,RG,8925,8,D,DR,RX,D
14:11:45,ICBP,RG,8925,23,D,DR,RX,D
14:11:41,ICBP,RG,8925,65,D,DR,AK,F
14:11:41,ICBP,RG,8925,194,D,DR,BK,F
14:11:41,ICBP,RG,8925,134,D,DR,AK,F
14:11:37,ICBP,RG,8925,9,D,DR,RX,D
14:11:31,ICBP,RG,8950,18,D,CS,YU,D
14:11:31,ICBP,RG,8950,73,F,ZP,YU,D
14:11:31,ICBP,RG,8950,1,F,ZP,YU,D
14:11:31,ICBP,RG,8950,2,D,LS,YU,D
14:11:31,ICBP,RG,8950,1,F,ZP,YU,D
14:11:31,ICBP,RG,8950,1,D,SQ,YU,D
14:11:31,ICBP,RG,8950,2,F,AK,YU,D
14:11:31,ICBP,RG,8950,1,D,CS,YU,D
14:11:31,ICBP,RG,8950,1,D,CS,XL,D
14:11:28,ICBP,RG,8950,1,D,AK,CS,F
14:11:28,ICBP,RG,8950,57,D,AK,AK,F
14:11:27,ICBP,RG,8950,122,D,AK,BK,F
14:11:26,ICBP,RG,8950,28,D,AK,YU,F
14:11:26,ICBP,RG,8950,1,D,HP,YU,F
14:11:26,ICBP,RG,8950,50,F,ZP,YU,F
14:11:26,ICBP,RG,8950,1,D,AK,YU,F
14:11:26,ICBP,RG,8950,5,D,CS,YU,F
14:11:26,ICBP,RG,8950,22,D,CS,YU,F
14:11:26,ICBP,RG,8950,1,F,ZP,YU,F
14:11:26,ICBP,RG,8950,5,F,ZP,YU,F
14:11:26,ICBP,RG,8950,42,F,ZP,AK,F
14:11:26,ICBP,RG,8950,14,D,CS,AK,F
14:11:26,ICBP,RG,8950,3,F,AK,AK,F
14:11:26,ICBP,RG,8950,1,F,ZP,AK,F
14:11:26,ICBP,RG,8950,1,D,YP,AK,F
14:11:26,ICBP,RG,8950,1,D,CS,AK,F
14:11:26,ICBP,RG,8950,45,D,AK,AK,F
14:11:20,ICBP,RG,8950,6,D,AK,CS,F
14:11:20,ICBP,RG,8950,150,D,AK,YP,D
14:11:14,ICBP,RG,8950,137,D,AK,BK,F
14:11:14,ICBP,RG,8950,29,D,AK,RX,D
14:11:11,ICBP,RG,8950,1,D,AK,AK,F
14:11:11,ICBP,RG,8950,1,D,AK,AK,F
14:11:11,ICBP,RG,8950,1,D,LS,AK,F
14:11:11,ICBP,RG,8950,5,D,XL,AK,F
14:11:11,ICBP,RG,8950,1,D,KK,AK,F
14:11:11,ICBP,RG,8950,15,F,ZP,AK,F
14:11:10,ICBP,RG,8950,9,F,ZP,RX,D
14:11:10,ICBP,RG,8950,11,F,ZP,RX,D
14:11:10,ICBP,RG,8950,29,F,ZP,RX,D
14:11:04,ICBP,RG,8950,18,F,ZP,RX,D
14:11:04,ICBP,RG,8950,4,F,ZP,RX,D
14:11:03,ICBP,RG,8950,1,F,ZP,NI,D
14:11:03,ICBP,RG,8950,1,D,CS,NI,D
14:10:56,ICBP,RG,8950,4,D,CS,AK,F
14:10:55,ICBP,RG,8950,11,D,CS,RX,D
14:10:40,ICBP,RG,8950,3,D,CS,AK,F
14:10:39,ICBP,RG,8950,9,D,CS,RX,D
14:10:30,ICBP,RG,8950,3,D,CS,AK,F
14:10:29,ICBP,RG,8975,10,D,IF,BK,F
14:10:26,ICBP,RG,8950,3,D,RX,AK,F
14:10:18,ICBP,RG,8950,6,D,RX,RX,D
14:10:18,ICBP,RG,8950,2,D,BB,RX,D
14:10:11,ICBP,RG,8950,14,D,BB,AK,F
14:10:11,ICBP,RG,8950,6,D,CP,AK,F
14:10:11,ICBP,RG,8950,17,D,CS,AK,F
14:10:11,ICBP,RG,8950,1,F,AK,AK,F
14:10:11,ICBP,RG,8950,2,D,AK,AK,F
14:10:11,ICBP,RG,8950,1,F,ZP,AK,F
14:10:11,ICBP,RG,8950,1,D,KK,AK,F
14:10:11,ICBP,RG,8950,7,F,DX,AK,F
14:10:11,ICBP,RG,8950,1,D,PD,AK,F
14:10:11,ICBP,RG,8950,1,D,CS,AK,F
14:10:11,ICBP,RG,8950,14,D,KZ,AK,F
14:10:10,ICBP,RG,8950,2,D,KZ,CC,D
14:10:09,ICBP,RG,8975,45,D,KZ,BK,F
14:10:09,ICBP,RG,8975,115,D,KZ,YU,F
14:10:09,ICBP,RG,8975,6,D,KZ,CS,F
14:10:09,ICBP,RG,8975,10,D,KZ,ZP,F
14:10:09,ICBP,RG,8975,17,D,KZ,AK,F
14:10:02,ICBP,RG,8950,3,D,KZ,AK,F
14:10:01,ICBP,RG,8950,8,D,KZ,RX,D
14:10:01,ICBP,RG,8950,1,D,KZ,AK,F
14:10:00,ICBP,RG,8975,3,F,AK,AK,F
14:09:50,ICBP,RG,8950,5,D,KZ,AK,F
14:09:49,ICBP,RG,8950,15,D,KZ,RX,D
14:09:46,ICBP,RG,8950,3,D,KZ,AK,F
14:09:45,ICBP,RG,8950,9,D,KZ,RX,D
14:09:42,ICBP,RG,8950,11,D,KZ,AK,F
14:09:42,ICBP,RG,8975,1,F,ZP,AK,F
14:09:42,ICBP,RG,8950,22,D,KZ,RX,D
14:09:42,ICBP,RG,8950,5,D,PD,RX,D
14:09:42,ICBP,RG,8950,7,D,CS,RX,D
14:09:41,ICBP,RG,8950,7,D,CS,AK,F
14:09:41,ICBP,RG,8950,6,D,CS,RX,D
14:09:41,ICBP,RG,8950,13,F,ZP,RX,D
14:09:26,ICBP,RG,8950,22,F,ZP,AK,F
14:08:59,ICBP,RG,8950,17,F,ZP,PD,D
14:08:57,ICBP,RG,8950,5,F,ZP,RX,D
14:08:57,ICBP,RG,8950,1,D,CS,RX,D
14:08:57,ICBP,RG,8950,3,D,CS,RX,D
14:08:56,ICBP,RG,8950,2,D,CS,NI,D
14:08:56,ICBP,RG,8950,12,D,CS,NI,D
14:08:56,ICBP,RG,8950,28,D,CS,NI,D
14:08:38,ICBP,RG,8950,6,D,CS,AK,F
14:08:38,ICBP,RG,8950,1,D,XC,AK,F
14:08:38,ICBP,RG,8950,6,D,RX,AK,F
14:08:38,ICBP,RG,8950,57,F,ZP,AK,F
14:08:38,ICBP,RG,8950,1,D,CS,AK,F
14:08:38,ICBP,RG,8950,1,F,ZP,AK,F
14:08:38,ICBP,RG,8950,1,F,AK,AK,F
14:08:37,ICBP,RG,8950,10,D,CS,ZP,F
14:08:27,ICBP,RG,8950,4,D,CS,RX,D
14:08:27,ICBP,RG,8950,1,F,ZP,RX,D
14:08:27,ICBP,RG,8950,5,D,KZ,RX,D
14:08:19,ICBP,RG,8950,8,D,KZ,RX,D
14:08:14,ICBP,RG,8975,2,D,RX,AK,F
14:07:56,ICBP,RG,8950,58,D,KZ,BK,F
14:07:56,ICBP,RG,8950,127,D,AK,BK,F
14:07:55,ICBP,RG,8975,3,D,PD,AK,F
14:07:47,ICBP,RG,8975,1,F,ZP,AK,F
14:07:47,ICBP,RG,8950,94,D,AK,AK,F
14:07:47,ICBP,RG,8950,6,F,ZP,AK,F
14:07:47,ICBP,RG,8950,8,F,ZP,RX,D
14:07:38,ICBP,RG,8950,1,F,ZP,XC,D
14:07:35,ICBP,RG,8950,1,F,ZP,XC,D
14:07:08,ICBP,RG,8950,16,F,ZP,XC,D
14:06:57,ICBP,RG,8950,19,F,ZP,BK,F
14:06:57,ICBP,RG,8950,2,D,PD,BK,F
14:06:57,ICBP,RG,8950,1,F,ZP,BK,F
14:06:57,ICBP,RG,8950,1,D,CS,BK,F
14:06:57,ICBP,RG,8950,1,F,ZP,BK,F
14:06:57,ICBP,RG,8950,48,F,ZP,BK,F
14:06:56,ICBP,RG,8950,14,F,ZP,AK,F
14:06:56,ICBP,RG,8950,1,D,AK,AK,F
14:06:56,ICBP,RG,8950,1,F,AK,AK,F
14:06:56,ICBP,RG,8950,10,D,CS,AK,F
14:06:56,ICBP,RG,8950,55,D,AK,AK,F
14:06:36,ICBP,RG,8950,1,D,AK,XL,D
14:06:30,ICBP,RG,8975,1,F,AK,AK,F
14:06:14,ICBP,RG,8950,28,D,AK,NI,D
14:06:11,ICBP,RG,8950,99,D,AK,AK,F
14:05:43,ICBP,RG,8950,27,D,AK,XL,D
14:05:16,ICBP,RG,8975,2,D,RX,AK,F
14:05:15,ICBP,RG,8950,4,D,AK,XC,D
14:05:11,ICBP,RG,8950,58,D,AK,AK,F
14:04:59,ICBP,RG,8950,40,D,AK,NI,D
14:04:23,ICBP,RG,8950,4,D,AK,XC,D
14:04:11,ICBP,RG,8950,59,D,AK,AK,F
14:04:04,ICBP,RG,8950,126,D,AK,BK,F
14:03:58,ICBP,RG,8950,53,D,AK,BK,F
14:03:58,ICBP,RG,8950,1,D,AK,BK,F
14:03:58,ICBP,RG,8950,1,F,AK,BK,F
14:03:58,ICBP,RG,8950,1,F,ZP,BK,F
14:03:58,ICBP,RG,8950,1,D,NI,BK,F
14:03:58,ICBP,RG,8950,6,F,DX,BK,F
14:03:58,ICBP,RG,8950,5,D,GR,BK,F
14:03:58,ICBP,RG,8950,3,D,BB,BK,F
14:03:58,ICBP,RG,8950,20,D,SQ,BK,F
14:03:58,ICBP,RG,8950,1,D,PD,BK,F
14:03:58,ICBP,RG,8950,42,F,ZP,BK,F
14:03:58,ICBP,RG,8950,56,F,ZP,BK,F
14:03:58,ICBP,RG,8950,17,D,XC,BK,F
14:03:58,ICBP,RG,8950,3,D,XC,BK,F
14:03:58,ICBP,RG,8950,5,D,XC,BK,F
14:03:57,ICBP,RG,8975,1,F,AK,AK,F
14:03:57,ICBP,RG,8975,3,D,AK,CS,F
14:03:57,ICBP,RG,8975,630,D,AK,SQ,D
14:03:56,ICBP,RG,8975,11,D,PD,SQ,D
14:03:56,ICBP,RG,8950,1,D,XC,AK,F
14:03:56,ICBP,RG,8950,2,D,XC,AK,F
14:03:56,ICBP,RG,8950,2,D,OD,AK,F
14:03:42,ICBP,RG,8950,15,D,OD,RX,D
14:03:41,ICBP,RG,8950,13,D,OD,AK,F
14:03:32,ICBP,RG,8950,28,D,OD,RX,D
14:03:31,ICBP,RG,8950,11,D,OD,RX,D
14:03:29,ICBP,RG,8950,12,D,OD,AK,F
14:03:28,ICBP,RG,8950,36,D,OD,RX,D
14:03:26,ICBP,RG,8950,12,D,OD,AK,F
14:03:25,ICBP,RG,8950,23,D,OD,RX,D
14:03:25,ICBP,RG,8950,13,D,OD,CS,F
14:03:04,ICBP,RG,8975,1,F,ZP,SQ,D
14:03:04,ICBP,RG,8975,1,D,KK,SQ,D
14:02:56,ICBP,RG,8950,9,D,OD,RX,D
14:02:37,ICBP,RG,8950,8,D,OD,RX,D
14:02:30,ICBP,RG,8975,1,F,AK,SQ,D
14:02:26,ICBP,RG,8950,1,D,OD,XL,D
14:01:44,ICBP,RG,8950,1,D,OD,YP,D
14:01:23,ICBP,RG,8950,7,D,OD,EP,D
14:01:21,ICBP,RG,8975,7,D,BB,SQ,D
14:00:57,ICBP,RG,8950,1,D,OD,CC,D
14:00:48,ICBP,RG,8950,12,D,OD,YP,D
14:00:33,ICBP,RG,8950,2,D,OD,CC,D
14:00:30,ICBP,RG,8975,1,F,AK,SQ,D
14:00:25,ICBP,RG,8975,1,F,ZP,SQ,D
13:59:15,ICBP,RG,8975,1,F,AK,SQ,D
13:59:00,ICBP,RG,8950,9,D,OD,RX,D
13:58:56,ICBP,RG,8950,9,D,OD,RX,D
13:58:50,ICBP,RG,8950,10,D,OD,RX,D
13:58:46,ICBP,RG,8950,145,D,OD,BK,F
13:58:40,ICBP,RG,8950,80,D,OD,YP,D
13:58:28,ICBP,RG,8975,2,D,YP,SQ,D
13:58:17,ICBP,RG,8950,10,D,OD,XC,D
13:58:08,ICBP,RG,8975,1,F,ZP,SQ,D
13:57:58,ICBP,RG,8950,6,D,OD,DH,D
13:57:55,ICBP,RG,8975,1,F,AK,SQ,D
13:57:54,ICBP,RG,8950,8,D,OD,RX,D
13:57:30,ICBP,RG,8950,8,D,OD,RX,D
13:56:45,ICBP,RG,8975,1,F,AK,SQ,D
13:56:23,ICBP,RG,8975,1,F,ZP,SQ,D
13:56:23,ICBP,RG,8950,9,D,OD,RX,D
13:56:22,ICBP,RG,8950,5,D,OD,RX,D
13:56:22,ICBP,RG,8950,3,D,NI,RX,D
13:56:15,ICBP,RG,8950,3,D,NI,YB,D
13:56:11,ICBP,RG,8950,17,D,NI,RX,D
13:56:11,ICBP,RG,8950,8,D,NI,RX,D
13:56:05,ICBP,RG,8950,14,D,NI,CS,F
13:55:47,ICBP,RG,8950,6,D,NI,ZP,F
13:55:34,ICBP,RG,8975,3,D,YU,SQ,D
13:54:49,ICBP,RG,8975,2,D,PD,SQ,D
13:54:41,ICBP,RG,8950,8,D,NI,RX,D
13:54:13,ICBP,RG,8950,8,D,NI,RX,D
13:54:09,ICBP,RG,8950,8,D,NI,RX,D
13:53:51,ICBP,RG,8950,8,D,NI,RX,D
13:53:34,ICBP,RG,8950,8,D,NI,RX,D
13:53:25,ICBP,RG,8950,18,D,NI,SQ,D
13:53:18,ICBP,RG,8950,8,D,NI,RX,D
13:53:15,ICBP,RG,8950,8,D,NI,BK,F
13:53:13,ICBP,RG,8950,4,D,NI,PD,D
13:53:07,ICBP,RG,8975,5,D,YP,SQ,D
13:52:47,ICBP,RG,8950,8,D,NI,RX,D
13:52:35,ICBP,RG,8975,1,F,ZP,SQ,D
13:52:33,ICBP,RG,8950,8,D,NI,RX,D
13:52:13,ICBP,RG,8950,9,D,NI,RX,D
13:51:42,ICBP,RG,8950,8,D,NI,RX,D
13:51:40,ICBP,RG,8950,1,D,NI,XC,D
13:50:54,ICBP,RG,8950,28,D,NI,RX,D
13:50:50,ICBP,RG,8950,15,D,NI,RX,D
13:50:49,ICBP,RG,8950,20,D,NI,RX,D
13:50:49,ICBP,RG,8950,12,D,NI,RX,D
13:50:38,ICBP,RG,8950,33,D,NI,RX,D
13:50:36,ICBP,RG,8950,8,D,NI,RX,D
13:50:34,ICBP,RG,8975,1,D,EP,SQ,D
13:49:58,ICBP,RG,8950,161,D,NI,BK,F
13:49:56,ICBP,RG,8975,26,D,CS,SQ,D
13:49:56,ICBP,RG,8975,10,D,CS,SQ,D
13:49:56,ICBP,RG,8975,1,F,AK,SQ,D
13:49:56,ICBP,RG,8975,1,F,AK,SQ,D
13:49:56,ICBP,RG,8975,4,F,ZP,SQ,D
13:49:56,ICBP,RG,8975,57,F,ZP,SQ,D
13:49:56,ICBP,RG,8975,3,D,RX,SQ,D
13:49:56,ICBP,RG,8975,1,D,CS,SQ,D
13:49:56,ICBP,RG,8975,14,D,CS,SQ,D
13:49:56,ICBP,RG,8975,8,F,DX,SQ,D
13:49:56,ICBP,RG,8975,10,D,CS,SQ,D
13:49:56,ICBP,RG,8975,1,D,XC,SQ,D
13:49:56,ICBP,RG,8975,54,F,ZP,SQ,D
13:49:56,ICBP,RG,8975,9,D,CS,SQ,D
13:49:56,ICBP,RG,8975,39,F,ZP,SQ,D
13:49:56,ICBP,RG,8975,1,D,LG,SQ,D
13:49:56,ICBP,RG,8975,14,D,CS,SQ,D
13:49:56,ICBP,RG,8975,1,F,ZP,SQ,D
13:49:56,ICBP,RG,8975,1,D,CS,SQ,D
13:49:56,ICBP,RG,8975,23,D,CS,SQ,D
13:49:56,ICBP,RG,8975,1,D,AK,SQ,D
13:49:56,ICBP,RG,8975,799,D,AK,SQ,D
13:49:56,ICBP,RG,8975,15,D,CS,SQ,D
13:49:56,ICBP,RG,8975,65,F,ZP,SQ,D
13:49:56,ICBP,RG,8975,26,D,CS,SQ,D
13:49:56,ICBP,RG,8975,2,D,PD,SQ,D
13:49:56,ICBP,RG,8975,8,D,CS,SQ,D
13:49:56,ICBP,RG,8975,4,D,DR,SQ,D
13:49:56,ICBP,RG,8975,1,D,CS,SQ,D
13:49:56,ICBP,RG,8975,5,D,CS,SQ,D
13:49:56,ICBP,RG,8975,2,D,RX,SQ,D
13:49:56,ICBP,RG,8975,2,D,AK,SQ,D
13:49:56,ICBP,RG,8975,10,D,YP,SQ,D
13:49:56,ICBP,RG,8975,3,D,KK,SQ,D
13:49:56,ICBP,RG,8975,1,F,AK,SQ,D
13:49:56,ICBP,RG,8975,1,F,ZP,SQ,D
13:49:56,ICBP,RG,8975,54,F,ZP,SQ,D
13:49:56,ICBP,RG,8975,1,F,ZP,SQ,D
13:49:56,ICBP,RG,8975,53,D,KZ,SQ,D
13:49:56,ICBP,RG,8975,51,F,ZP,SQ,D
13:49:56,ICBP,RG,8975,4,D,CP,SQ,D
13:49:56,ICBP,RG,8975,6,D,EP,SQ,D
13:49:56,ICBP,RG,8975,1,D,CS,SQ,D
13:49:56,ICBP,RG,8975,10,D,XC,SQ,D
13:49:56,ICBP,RG,8975,1,D,RX,SQ,D
13:49:56,ICBP,RG,8975,1,F,ZP,SQ,D
13:49:56,ICBP,RG,8975,13,D,CS,SQ,D
13:49:56,ICBP,RG,8975,59,F,ZP,SQ,D
13:49:56,ICBP,RG,8975,2,D,GR,SQ,D
13:49:56,ICBP,RG,8975,1,D,BB,SQ,D
13:49:56,ICBP,RG,8975,1,F,ZP,SQ,D
13:49:56,ICBP,RG,8975,1,D,RX,SQ,D
13:49:56,ICBP,RG,8975,64,F,ZP,SQ,D
13:49:56,ICBP,RG,8975,1,F,AK,SQ,D
13:49:56,ICBP,RG,8975,2,D,CS,SQ,D
13:49:56,ICBP,RG,8975,3,D,CS,SQ,D
13:49:56,ICBP,RG,8975,67,D,AK,SQ,D
13:49:15,ICBP,RG,9000,1,F,AK,NI,D
13:48:36,ICBP,RG,8975,99,D,AK,AK,F
13:48:36,ICBP,RG,8975,13,D,AK,CS,F
13:48:36,ICBP,RG,9000,1,F,ZP,NI,D
13:48:11,ICBP,RG,8975,1,D,AK,NI,D
13:47:42,ICBP,RG,9000,1,F,AK,NI,D
13:47:41,ICBP,RG,9000,2,D,BB,NI,D
13:47:21,ICBP,RG,9000,2,D,RX,NI,D
13:46:35,ICBP,RG,8975,5,D,AK,SS,D
13:46:19,ICBP,RG,9000,22,D,KZ,NI,D
13:46:19,ICBP,RG,9000,26,D,KZ,KK,D
13:46:19,ICBP,RG,9000,5,D,KZ,CC,D
13:46:19,ICBP,RG,9000,10,D,KZ,PD,D
13:46:19,ICBP,RG,9000,4,D,KZ,XC,D
13:46:10,ICBP,RG,9000,1,F,AK,XC,D
13:46:09,ICBP,RG,9000,5,D,CS,XC,D
13:46:09,ICBP,RG,9000,8,D,CS,XC,D
13:46:09,ICBP,RG,9000,1,D,CS,DH,D
13:46:09,ICBP,RG,9000,19,D,CS,CC,D
13:45:30,ICBP,RG,8975,17,D,AK,BQ,D
13:45:30,ICBP,RG,8975,1,F,ZP,BQ,D
13:45:30,ICBP,RG,8975,2,D,YB,BQ,D
13:44:45,ICBP,RG,9000,1,F,AK,CC,D
13:44:00,ICBP,RG,8975,1,D,EP,BK,F
13:44:00,ICBP,RG,8975,1,D,EP,BK,F
13:44:00,ICBP,RG,8975,1,D,AK,BK,F
13:44:00,ICBP,RG,8975,4,F,DX,BK,F
13:43:42,ICBP,RG,8975,3,F,DX,RX,D
13:43:42,ICBP,RG,8975,1,D,RX,RX,D
13:43:42,ICBP,RG,8975,6,D,CS,RX,D
13:43:41,ICBP,RG,9000,1,F,ZP,YP,D
13:43:41,ICBP,RG,8975,1,D,CS,RX,D
13:43:41,ICBP,RG,8975,1,D,CS,RX,D
13:43:41,ICBP,RG,8975,12,D,AK,RX,D
13:43:25,ICBP,RG,9000,1,F,AK,PD,D
13:43:25,ICBP,RG,8975,44,D,AK,RX,D
13:43:17,ICBP,RG,8975,9,D,AK,XC,D
13:43:16,ICBP,RG,8975,17,D,AK,RX,D
13:43:15,ICBP,RG,8975,23,D,AK,RX,D
13:43:15,ICBP,RG,8975,31,D,AK,RX,D
13:43:10,ICBP,RG,8975,18,D,AK,RX,D
13:43:02,ICBP,RG,8975,8,D,AK,RX,D
13:42:13,ICBP,RG,9000,1,F,ZP,CC,D
13:41:53,ICBP,RG,8975,23,D,AK,YP,D
13:41:52,ICBP,RG,8975,2,D,AK,XC,D
13:41:33,ICBP,RG,8975,13,D,AK,RX,D
13:41:21,ICBP,RG,8975,6,D,AK,RX,D
13:41:21,ICBP,RG,8975,1,D,AK,RX,D
13:41:21,ICBP,RG,8975,9,D,KZ,RX,D
13:41:12,ICBP,RG,8975,10,D,KZ,RX,D
13:41:10,ICBP,RG,8975,16,D,KZ,PD,D
13:41:09,ICBP,RG,9000,2,D,RX,CC,D
13:39:55,ICBP,RG,8975,4,D,KZ,PD,D
13:39:11,ICBP,RG,9000,1,F,ZP,CC,D
13:39:03,ICBP,RG,9000,4,F,AK,CC,D
13:38:55,ICBP,RG,8975,2,D,KZ,PD,D
13:38:53,ICBP,RG,8975,8,D,KZ,RX,D
13:38:36,ICBP,RG,8975,8,D,KZ,RX,D
13:37:33,ICBP,RG,9000,1,F,ZP,CC,D
13:37:21,ICBP,RG,8975,39,D,KZ,KK,D
13:37:21,ICBP,RG,8975,2,F,ZP,KK,D
13:37:21,ICBP,RG,8975,1,F,ZP,KK,D
13:37:21,ICBP,RG,8975,1,D,CS,KK,D
13:37:21,ICBP,RG,8975,7,F,ZP,KK,D
13:36:45,ICBP,RG,9000,1,D,YB,CC,D
13:36:45,ICBP,RG,9000,1,D,YB,YP,D
13:36:45,ICBP,RG,9000,1,D,YB,SQ,D
13:35:23,ICBP,RG,9000,2,D,RX,PD,D
13:35:17,ICBP,RG,8975,28,F,ZP,NI,D
13:34:46,ICBP,RG,8975,7,F,ZP,BK,F
13:34:38,ICBP,RG,8975,1,F,ZP,XC,D
13:34:20,ICBP,RG,8975,1,F,ZP,XC,D
13:33:10,ICBP,RG,8975,10,F,ZP,YP,D
13:32:12,ICBP,RG,8975,28,F,ZP,NI,D
13:32:09,ICBP,RG,9000,1,D,OD,PD,D
13:31:41,ICBP,RG,8950,10,D,NI,YP,D
13:30:07,ICBP,RG,8950,1,D,NI,YP,D
13:30:06,ICBP,RG,9000,2,D,AK,PD,D
13:30:06,ICBP,RG,9000,50,D,AK,GR,D
13:30:06,ICBP,RG,9000,440,D,AK,AZ,D
13:30:06,ICBP,RG,8975,1,D,AK,XC,D
13:30:04,ICBP,RG,8950,2,D,NI,XC,D
13:30:04,ICBP,RG,9000,3,D,XC,AZ,D
13:30:03,ICBP,RG,9000,4,F,AK,AZ,D
13:30:03,ICBP,RG,8950,1,D,NI,XC,D
13:30:03,ICBP,RG,8950,5,D,NI,CS,F
13:30:03,ICBP,RG,8950,3,D,NI,XC,D
13:30:03,ICBP,RG,8975,1,D,AK,YP,D
13:30:02,ICBP,RG,8950,5,D,NI,YP,D
13:30:02,ICBP,RG,9000,2,D,XL,AZ,D
13:30:02,ICBP,RG,8950,5,D,NI,OD,D
13:30:02,ICBP,RG,8975,5,D,YP,KK,D
13:30:02,ICBP,RG,8950,10,D,NI,LG,D
13:30:02,ICBP,RG,8950,18,D,NI,NI,D
13:30:02,ICBP,RG,8950,1,D,PD,NI,D
13:30:02,ICBP,RG,8950,9,D,PD,NI,D
13:30:01,ICBP,RG,9000,1,D,PD,AZ,D
13:30:01,ICBP,RG,8950,1,D,PD,PD,D
13:30:01,ICBP,RG,8950,1,F,ZP,PD,D
13:30:01,ICBP,RG,8950,1,D,PD,SQ,D
13:30:01,ICBP,RG,8950,1,D,PD,SQ,D
13:30:01,ICBP,RG,8950,1,F,SQ,SQ,D
13:30:01,ICBP,RG,8950,1,F,SQ,AT,D
13:30:01,ICBP,RG,8950,1,D,DH,DH,D
13:30:01,ICBP,RG,8950,4,D,DH,DH,D
13:30:01,ICBP,RG,8950,2,D,YU,DH,D
13:30:01,ICBP,RG,8950,1,D,YU,SQ,D
13:30:01,ICBP,RG,8925,18,D,DR,KI,D
13:30:01,ICBP,RG,8950,2,D,BB,KI,D
13:30:01,ICBP,RG,8950,12,D,CS,KI,D
13:30:01,ICBP,RG,8950,10,D,AZ,KI,D
13:30:01,ICBP,RG,8950,1,D,EP,KI,D
13:30:01,ICBP,RG,8950,1,D,IF,KI,D
13:30:01,ICBP,RG,8950,2,D,RX,KI,D
13:30:01,ICBP,RG,8950,3,D,AK,KI,D
13:30:01,ICBP,RG,8950,1,F,ZP,KI,D
13:30:01,ICBP,RG,8950,1,D,CS,KI,D
13:30:01,ICBP,RG,8950,6,F,DX,KI,D
13:30:01,ICBP,RG,8950,3,D,KZ,KI,D
13:30:01,ICBP,RG,8950,15,F,ZP,KI,D
13:30:01,ICBP,RG,8950,11,F,ZP,IF,D
11:29:57,ICBP,RG,8950,6,F,ZP,BK,F
11:29:55,ICBP,RG,8950,9,F,ZP,BK,F
11:29:55,ICBP,RG,8950,1,D,AZ,BK,F
11:29:55,ICBP,RG,8950,1,D,CS,BK,F
11:29:55,ICBP,RG,8950,5,D,CS,BK,F
11:29:55,ICBP,RG,8950,7,D,CS,BK,F
11:29:50,ICBP,RG,8975,1,D,CS,BK,F
11:29:50,ICBP,RG,8975,1,F,ZP,BK,F
11:29:50,ICBP,RG,8975,1,F,ZP,BK,F
11:29:50,ICBP,RG,8975,5,F,ZP,BK,F
11:29:50,ICBP,RG,8975,1,D,CS,BK,F
11:29:50,ICBP,RG,9000,23,D,AK,AZ,D
11:29:50,ICBP,RG,9000,6,D,AK,AZ,D
11:29:37,ICBP,RG,8975,12,D,AK,BK,F
11:29:35,ICBP,RG,9000,13,D,AK,AZ,D
11:29:32,ICBP,RG,9000,8,D,AK,AZ,D
11:29:31,ICBP,RG,9000,1,D,RX,YP,D
11:29:30,ICBP,RG,9000,1,F,ZP,YP,D
11:29:10,ICBP,RG,8975,2,D,AK,YP,D
11:29:05,ICBP,RG,8975,8,D,AK,YU,F
11:29:05,ICBP,RG,8975,8,D,AK,CS,F
11:29:05,ICBP,RG,8975,1,D,AK,YU,F
11:29:05,ICBP,RG,8975,11,D,AK,RX,D
11:29:05,ICBP,RG,8975,9,D,AK,RX,D
11:29:05,ICBP,RG,8975,1,D,AK,BK,F
11:29:05,ICBP,RG,8975,4,D,AK,CS,F
11:29:05,ICBP,RG,8975,19,D,AK,AK,F
11:29:05,ICBP,RG,8975,8,D,AK,AK,F
11:29:05,ICBP,RG,8975,20,D,AK,BK,F
11:28:54,ICBP,RG,8975,1,D,AK,BK,F
11:28:54,ICBP,RG,8975,1,D,RX,BK,F
11:27:50,ICBP,RG,8975,1,F,ZP,BK,F
11:27:50,ICBP,RG,8975,147,D,AK,BK,F
11:27:50,ICBP,RG,8975,2,D,AK,ZP,F
11:27:50,ICBP,RG,8975,1,D,AK,YP,D
11:27:50,ICBP,RG,8975,10,D,AK,NI,D
11:27:50,ICBP,RG,8975,5,D,AK,NI,D
11:27:45,ICBP,RG,8950,16,F,AK,BK,F
11:27:42,ICBP,RG,8950,18,F,AK,BK,F
11:27:27,ICBP,RG,8975,1,D,RX,XL,D
11:27:22,ICBP,RG,8950,14,F,AK,BK,F
11:27:22,ICBP,RG,8950,2,D,CS,BK,F
11:27:22,ICBP,RG,8950,3,F,AK,BK,F
11:27:22,ICBP,RG,8950,15,D,KZ,BK,F
11:27:20,ICBP,RG,8975,2,D,AK,XL,D
11:27:20,ICBP,RG,8975,1,D,AK,XL,D
11:27:20,ICBP,RG,8975,1,D,AK,NI,D
11:27:20,ICBP,RG,8975,2,D,AK,YP,D
11:27:20,ICBP,RG,8975,20,D,AK,HP,D
11:27:20,ICBP,RG,8975,5,D,AK,GR,D
11:27:20,ICBP,RG,8975,3,D,AK,CC,D
11:27:20,ICBP,RG,8975,1,D,AK,XC,D
11:27:20,ICBP,RG,8975,23,D,AK,KK,D
11:27:20,ICBP,RG,8975,7,D,AK,XL,D
11:27:20,ICBP,RG,8975,1,D,AK,CC,D
11:27:20,ICBP,RG,8975,12,D,AK,BK,F
11:27:03,ICBP,RG,8950,25,D,KZ,BK,F
11:26:56,ICBP,RG,8975,2,D,BB,BK,F
11:26:45,ICBP,RG,8950,16,D,KZ,BK,F
11:26:16,ICBP,RG,8975,2,D,RX,BK,F
11:26:11,ICBP,RG,8975,24,F,AK,BK,F
11:26:11,ICBP,RG,8950,1,F,AK,CS,F
11:26:11,ICBP,RG,8950,1,F,AK,YP,D
11:26:10,ICBP,RG,8925,8,D,DR,YU,F
11:26:10,ICBP,RG,8925,5,D,DR,CS,F
11:26:10,ICBP,RG,8925,52,D,DR,YU,F
11:26:10,ICBP,RG,8925,3,D,DR,CS,F
11:26:10,ICBP,RG,8925,1,D,DR,CS,F
11:26:10,ICBP,RG,8925,157,D,DR,YU,F
11:26:10,ICBP,RG,8925,15,D,DR,RX,D
11:26:10,ICBP,RG,8925,8,D,DR,RX,D
11:26:10,ICBP,RG,8925,8,D,DR,RX,D
11:26:10,ICBP,RG,8925,23,D,DR,RX,D
11:26:10,ICBP,RG,8925,1,D,DR,XC,D
11:26:10,ICBP,RG,8925,1,D,DR,CS,F
11:26:10,ICBP,RG,8925,2,D,DR,CS,F
11:26:10,ICBP,RG,8925,4,D,DR,CC,D
11:26:10,ICBP,RG,8925,40,D,DR,CC,D
11:26:10,ICBP,RG,8925,1,D,DR,YP,D
11:26:10,ICBP,RG,8925,2,D,DR,CS,F
11:26:10,ICBP,RG,8925,1,D,DR,CS,F
11:26:10,ICBP,RG,8925,24,D,DR,RX,D
11:26:10,ICBP,RG,8925,14,D,DR,RX,D
11:26:10,ICBP,RG,8925,55,D,DR,RX,D
11:26:10,ICBP,RG,8925,32,D,DR,RX,D
11:26:10,ICBP,RG,8925,30,D,DR,RX,D
11:26:10,ICBP,RG,8925,1,D,DR,ZP,F
11:26:10,ICBP,RG,8925,34,D,DR,AK,F
11:26:10,ICBP,RG,8925,1,D,DR,CS,F
11:26:10,ICBP,RG,8925,2,D,DR,CS,F
11:26:10,ICBP,RG,8925,2,D,DR,CS,F
11:26:10,ICBP,RG,8925,232,D,DR,BK,F
11:26:10,ICBP,RG,8900,11,F,ZP,RX,D
11:26:07,ICBP,RG,8900,10,F,ZP,RX,D
11:26:07,ICBP,RG,8900,1,D,DR,RX,D
11:26:05,ICBP,RG,8900,11,D,DR,BK,F
11:26:05,ICBP,RG,8900,1,D,KZ,BK,F
11:26:05,ICBP,RG,8900,33,D,ZP,BK,F
11:25:45,ICBP,RG,8925,1,D,AK,BK,F
11:25:34,ICBP,RG,8925,9,D,XC,BK,F
11:25:34,ICBP,RG,8925,2,D,XC,YU,F
11:25:33,ICBP,RG,8900,2,D,ZP,ZP,F
11:25:27,ICBP,RG,8925,1,F,AK,YU,F
11:25:27,ICBP,RG,8900,5,D,ZP,BK,F
11:25:26,ICBP,RG,8925,1,F,AK,YU,F
11:25:26,ICBP,RG,8900,34,D,ZP,BK,F
11:25:26,ICBP,RG,8925,1,D,YB,YU,F
11:25:24,ICBP,RG,8925,1,D,RX,YU,F
11:25:15,ICBP,RG,8925,1,F,ZP,YU,F
11:24:43,ICBP,RG,8925,1,F,AK,YU,F
11:24:43,ICBP,RG,8900,51,D,ZP,BK,F
11:24:24,ICBP,RG,8925,2,F,AK,YU,F
11:24:24,ICBP,RG,8900,38,D,ZP,BK,F
11:23:25,ICBP,RG,8925,2,F,AK,YU,F
11:23:25,ICBP,RG,8900,70,D,ZP,BK,F
11:23:12,ICBP,RG,8900,3,D,ZP,CC,D
11:22:29,ICBP,RG,8900,10,D,ZP,RX,D
11:22:26,ICBP,RG,8925,3,F,AK,YU,F
11:22:25,ICBP,RG,8900,82,D,ZP,BK,F
11:22:23,ICBP,RG,8900,9,D,ZP,RX,D
11:22:13,ICBP,RG,8900,8,D,ZP,RX,D
11:22:12,ICBP,RG,8925,1,F,AK,YU,F
11:22:12,ICBP,RG,8900,12,D,ZP,RX,D
11:22:08,ICBP,RG,8925,1,F,ZP,YU,F
11:22:04,ICBP,RG,8925,1,F,AK,YU,F
11:22:04,ICBP,RG,8900,49,D,ZP,BK,F
11:21:24,ICBP,RG,8925,3,F,AK,YU,F
11:21:23,ICBP,RG,8900,62,D,ZP,BK,F
11:21:23,ICBP,RG,8925,2,D,CC,YU,F
11:20:33,ICBP,RG,8925,2,D,KK,YU,F
11:20:07,ICBP,RG,8925,1,D,OD,YU,F
11:19:58,ICBP,RG,8925,3,D,XC,YU,F
11:19:55,ICBP,RG,8925,1,D,YP,YU,F
11:19:44,ICBP,RG,8925,1,F,AK,YU,F
11:19:44,ICBP,RG,8900,32,D,ZP,BK,F
11:19:44,ICBP,RG,8900,1,D,PD,BK,F
11:19:44,ICBP,RG,8900,30,D,DH,BK,F
11:19:44,ICBP,RG,8900,1,D,XL,BK,F
11:19:44,ICBP,RG,8900,44,D,YP,BK,F
11:19:25,ICBP,RG,8900,8,D,YP,RX,D
11:19:20,ICBP,RG,8900,8,D,YP,RX,D
11:19:07,ICBP,RG,8925,1,D,YB,YU,F
11:19:04,ICBP,RG,8900,9,D,YP,RX,D
11:18:39,ICBP,RG,8900,1,D,YP,YP,D
11:18:33,ICBP,RG,8900,5,D,YP,YP,D
11:18:33,ICBP,RG,8900,8,D,YP,RX,D
11:17:57,ICBP,RG,8900,6,D,YP,BK,F
11:17:40,ICBP,RG,8900,8,D,YP,RX,D
11:17:39,ICBP,RG,8900,3,D,YP,RX,D
11:17:39,ICBP,RG,8900,5,D,EP,RX,D
11:16:58,ICBP,RG,8900,15,D,EP,YP,D
11:16:58,ICBP,RG,8900,2,D,YP,YP,D
11:16:58,ICBP,RG,8900,1,D,PD,YP,D
11:16:58,ICBP,RG,8900,1,D,PD,YP,D
11:16:58,ICBP,RG,8900,2,D,YP,YP,D
11:16:26,ICBP,RG,8900,2,D,YP,DX,D
11:16:17,ICBP,RG,8900,12,D,YP,RX,D
11:16:15,ICBP,RG,8900,13,D,YP,RX,D
11:16:15,ICBP,RG,8900,20,D,YP,RX,D
11:16:08,ICBP,RG,8925,10,F,YU,YU,F
11:16:08,ICBP,RG,8925,6,F,YU,ZP,F
11:16:08,ICBP,RG,8925,2,F,YU,CS,F
11:16:08,ICBP,RG,8925,3,F,YU,AK,F
11:16:07,ICBP,RG,8900,51,D,YP,BK,F
11:16:07,ICBP,RG,8900,34,D,YB,BK,F
11:16:07,ICBP,RG,8900,1,D,YP,BK,F
11:16:07,ICBP,RG,8900,1,D,PD,BK,F
11:16:07,ICBP,RG,8900,1,D,YP,BK,F
11:16:07,ICBP,RG,8900,2,D,XA,BK,F
11:16:07,ICBP,RG,8900,1,D,OD,BK,F
11:16:07,ICBP,RG,8900,5,D,CC,BK,F
11:16:07,ICBP,RG,8900,16,D,OD,BK,F
11:16:04,ICBP,RG,8925,22,F,YU,AK,F
11:16:04,ICBP,RG,8900,20,D,OD,RX,D
11:16:03,ICBP,RG,8900,36,D,OD,BK,F
11:16:03,ICBP,RG,8900,5,D,YP,BK,F
11:16:03,ICBP,RG,8900,2,D,PD,BK,F
11:16:03,ICBP,RG,8900,1,D,PD,BK,F
11:16:03,ICBP,RG,8900,2,D,SQ,BK,F
11:16:03,ICBP,RG,8900,1,D,PD,BK,F
11:16:03,ICBP,RG,8900,25,D,CC,BK,F
11:16:03,ICBP,RG,8900,15,F,ZP,BK,F
11:16:03,ICBP,RG,8900,19,D,KZ,BK,F
11:16:03,ICBP,RG,8900,1,D,DR,BK,F
11:16:03,ICBP,RG,8900,9,D,PD,BK,F
11:16:00,ICBP,RG,8900,10,D,PD,RX,D
11:15:58,ICBP,RG,8925,1,D,CS,BK,F
11:15:58,ICBP,RG,8925,1,F,ZP,BK,F
11:15:58,ICBP,RG,8925,15,F,AK,BK,F
11:15:58,ICBP,RG,8925,1,F,AK,RX,D
11:15:58,ICBP,RG,8925,7,D,CS,RX,D
11:15:55,ICBP,RG,8975,2,F,AK,BK,F
11:15:55,ICBP,RG,8975,3,F,AK,BK,F
11:15:55,ICBP,RG,8925,5,F,BK,YU,D
11:15:55,ICBP,RG,8925,49,F,ZP,YU,D
11:15:55,ICBP,RG,8925,22,F,YU,YU,D
11:15:55,ICBP,RG,8925,2,D,RX,YU,D
11:15:55,ICBP,RG,8925,6,F,YU,YU,D
11:15:55,ICBP,RG,8925,212,D,AK,YU,D
11:15:55,ICBP,RG,8925,53,D,KZ,YU,D
11:15:55,ICBP,RG,8925,1,F,ZP,YU,D
11:15:55,ICBP,RG,8925,1,F,AK,YU,D
11:15:55,ICBP,RG,8925,13,D,SQ,YU,D
11:15:55,ICBP,RG,8925,1,D,CS,YU,D
11:15:55,ICBP,RG,8925,9,F,AK,YU,D
11:15:55,ICBP,RG,8925,5,D,CS,YU,D
11:15:55,ICBP,RG,8925,3,D,BB,YU,D
11:15:55,ICBP,RG,8925,1,D,OD,YU,D
11:15:55,ICBP,RG,8925,3,D,CS,YU,D
11:15:55,ICBP,RG,8925,15,F,YU,YU,D
11:15:55,ICBP,RG,8925,1,F,ZP,YU,D
11:15:55,ICBP,RG,8925,98,D,AK,YU,D
11:15:41,ICBP,RG,8975,1,F,AK,BK,F
11:15:41,ICBP,RG,8925,8,D,AK,RX,D
11:15:24,ICBP,RG,8925,2,D,AK,PD,D
11:14:36,ICBP,RG,8925,8,D,AK,RX,D
11:14:07,ICBP,RG,8925,8,D,AK,RX,D
11:13:40,ICBP,RG,8925,5,D,AK,NI,D
11:13:17,ICBP,RG,8925,8,D,AK,RX,D
11:12:04,ICBP,RG,8925,8,D,AK,RX,D
11:12:01,ICBP,RG,8925,96,D,AK,BK,F
11:11:58,ICBP,RG,8925,29,D,AK,BK,F
11:11:58,ICBP,RG,8925,1,F,ZP,BK,F
11:11:58,ICBP,RG,8925,12,D,YP,BK,F
11:11:58,ICBP,RG,8925,8,F,YU,BK,F
11:11:58,ICBP,RG,8925,48,F,ZP,BK,F
11:11:58,ICBP,RG,8925,3,D,KZ,BK,F
11:11:58,ICBP,RG,8925,2,D,EP,BK,F
11:11:58,ICBP,RG,8925,20,D,PD,BK,F
11:11:58,ICBP,RG,8925,2,D,BB,BK,F
11:11:53,ICBP,RG,8950,1,D,AK,AK,F
11:11:53,ICBP,RG,8950,25,F,YU,AK,F
11:11:53,ICBP,RG,8950,4,D,YB,AK,F
11:11:53,ICBP,RG,8950,1,D,YB,YU,D
11:11:53,ICBP,RG,8950,1,F,ZP,YU,D
11:11:53,ICBP,RG,8950,2,D,RX,YU,D
11:11:53,ICBP,RG,8950,6,D,CS,YU,D
11:11:53,ICBP,RG,8950,1,D,CS,YU,D
11:11:53,ICBP,RG,8950,240,D,AK,YU,D
11:11:53,ICBP,RG,8950,1,D,AK,YU,D
11:11:53,ICBP,RG,8950,45,D,KZ,YU,D
11:11:53,ICBP,RG,8950,1,F,ZP,YU,D
11:11:53,ICBP,RG,8950,3,D,BB,YU,D
11:11:53,ICBP,RG,8950,1,F,ZP,YU,D
11:11:53,ICBP,RG,8950,198,D,AK,YU,D
11:11:43,ICBP,RG,8975,1,F,ZP,BK,F
11:11:35,ICBP,RG,8950,1,D,AK,ZP,F
11:11:03,ICBP,RG,8975,30,F,YU,BK,F
11:10:53,ICBP,RG,8950,1,D,AK,NI,D
11:10:46,ICBP,RG,8950,9,D,AK,RX,D
11:10:21,ICBP,RG,8950,6,D,AK,XC,D
11:10:08,ICBP,RG,8950,6,D,AK,BK,F
11:10:04,ICBP,RG,8950,8,D,AK,RX,D
11:09:58,ICBP,RG,8950,2,D,AK,KK,D
11:09:56,ICBP,RG,8975,56,F,YU,BK,F
11:09:52,ICBP,RG,8950,5,D,AK,PD,D
11:09:50,ICBP,RG,8950,118,D,AK,BK,F
11:09:49,ICBP,RG,8950,370,D,AK,YU,D
11:09:18,ICBP,RG,8975,1,D,YP,BK,F
11:08:43,ICBP,RG,8950,3,D,AK,PD,D
11:07:01,ICBP,RG,8975,1,D,XC,BK,F
11:06:03,ICBP,RG,8975,11,F,YU,BK,F
11:06:00,ICBP,RG,8950,1,D,AK,XC,D
11:05:20,ICBP,RG,8950,39,D,AK,YU,F
11:05:20,ICBP,RG,8950,3,D,CS,YU,F
11:05:20,ICBP,RG,8950,3,D,RX,YU,F
11:04:36,ICBP,RG,8925,5,D,AK,YU,D
11:04:20,ICBP,RG,8925,10,D,AK,BK,F
11:04:20,ICBP,RG,8925,2,D,AK,BK,F
11:04:20,ICBP,RG,8925,6,D,CS,BK,F
11:04:20,ICBP,RG,8925,1,F,ZP,BK,F
11:04:20,ICBP,RG,8925,17,F,YU,BK,F
11:04:20,ICBP,RG,8925,10,D,CC,BK,F
11:04:20,ICBP,RG,8925,2,D,KZ,BK,F
11:04:20,ICBP,RG,8925,22,F,ZP,BK,F
11:04:18,ICBP,RG,8925,24,F,ZP,BK,F
11:04:18,ICBP,RG,8925,5,D,CC,BK,F
11:04:18,ICBP,RG,8925,45,F,ZP,BK,F
11:04:18,ICBP,RG,8925,50,D,YP,BK,F
11:04:13,ICBP,RG,8950,11,D,NI,YU,D
11:04:13,ICBP,RG,8950,5,D,XA,YU,D
11:04:13,ICBP,RG,8950,8,D,CS,YU,D
11:04:13,ICBP,RG,8950,1,D,CS,YU,D
11:04:13,ICBP,RG,8950,60,F,ZP,YU,D
11:04:13,ICBP,RG,8950,1,F,ZP,YU,D
11:04:13,ICBP,RG,8950,1,D,NI,YU,D
11:04:13,ICBP,RG,8950,1,D,RX,YU,D
11:04:13,ICBP,RG,8950,23,F,YU,YU,D
11:04:13,ICBP,RG,8950,1,F,ZP,YU,D
11:04:13,ICBP,RG,8950,60,F,ZP,YU,D
11:04:13,ICBP,RG,8950,5,D,CS,YU,D
11:04:13,ICBP,RG,8950,1,D,AK,YU,D
11:04:13,ICBP,RG,8950,236,D,AK,YU,D
11:04:13,ICBP,RG,8950,1,F,ZP,YU,D
11:04:13,ICBP,RG,8950,5,D,CS,YU,D
11:04:13,ICBP,RG,8950,1,D,BB,YU,D
11:04:13,ICBP,RG,8950,1,F,ZP,YU,D
11:04:13,ICBP,RG,8950,1,D,AK,YU,D
11:04:13,ICBP,RG,8950,1,D,CS,YU,D
11:04:13,ICBP,RG,8950,53,D,KZ,YU,D
11:04:13,ICBP,RG,8950,53,F,ZP,YU,D
11:04:13,ICBP,RG,8950,100,D,AK,YU,D
11:04:07,ICBP,RG,8950,2,D,AK,YP,D
11:03:11,ICBP,RG,8950,1,D,AK,PD,D
11:03:01,ICBP,RG,8975,1,F,ZP,BK,F
11:02:58,ICBP,RG,8975,5,D,CC,BK,F
11:02:21,ICBP,RG,8975,45,D,KZ,BK,F
11:02:19,ICBP,RG,8950,6,D,AK,BK,F
11:00:43,ICBP,RG,8975,1,F,ZP,ZP,F
11:00:28,ICBP,RG,8950,1,D,AK,BQ,D
10:58:33,ICBP,RG,8975,1,F,ZP,YP,D
10:57:41,ICBP,RG,8975,2,F,YU,YP,D
10:57:41,ICBP,RG,8975,1,F,YU,KK,D
10:57:41,ICBP,RG,8975,1,F,YU,PD,D
10:57:41,ICBP,RG,8975,1,F,YU,YU,F
10:57:41,ICBP,RG,8975,5,F,YU,CS,F
10:57:41,ICBP,RG,8975,56,F,YU,BK,F
10:57:39,ICBP,RG,8950,126,D,AK,YU,D
10:57:17,ICBP,RG,8975,1,D,XC,BK,F
10:57:04,ICBP,RG,8950,20,D,AK,HP,D
10:55:42,ICBP,RG,8975,1,D,XC,BK,F
10:55:32,ICBP,RG,8975,1,F,ZP,BK,F
10:55:32,ICBP,RG,8950,13,D,AK,HP,D
10:55:12,ICBP,RG,8950,20,D,AK,SQ,D
10:54:32,ICBP,RG,8950,6,D,AK,BK,F
10:53:01,ICBP,RG,8975,1,D,GR,BK,F
10:52:40,ICBP,RG,8975,2,D,PD,BK,F
10:52:20,ICBP,RG,8950,1,D,AK,XC,D
10:50:42,ICBP,RG,8950,110,D,AK,BK,F
10:50:39,ICBP,RG,8950,8,D,AK,YU,D
10:50:37,ICBP,RG,8950,81,D,AK,BK,F
10:50:37,ICBP,RG,8950,4,D,CS,BK,F
10:50:37,ICBP,RG,8950,4,D,BB,BK,F
10:50:34,ICBP,RG,8950,5,D,XC,YU,D
10:50:34,ICBP,RG,8950,1,F,ZP,YU,D
10:50:34,ICBP,RG,8950,1,F,ZP,YU,D
10:50:34,ICBP,RG,8950,8,D,CS,YU,D
10:50:34,ICBP,RG,8950,1,D,AK,YU,D
10:50:34,ICBP,RG,8950,28,D,HD,YU,D
10:50:34,ICBP,RG,8950,16,F,YU,YU,D
10:50:34,ICBP,RG,8950,5,D,CS,YU,D
10:50:34,ICBP,RG,8950,1,F,ZP,YU,D
10:50:34,ICBP,RG,8950,4,D,YP,YU,D
10:50:34,ICBP,RG,8950,20,D,EP,YU,D
10:50:34,ICBP,RG,8950,222,D,AK,YU,D
10:50:34,ICBP,RG,8950,5,D,RX,YU,D
10:50:34,ICBP,RG,8950,2,D,KK,YU,D
10:50:34,ICBP,RG,8950,234,D,AK,YU,D
10:50:34,ICBP,RG,8950,1,D,BB,YU,D
10:50:34,ICBP,RG,8950,1438,D,CC,YU,D
10:49:56,ICBP,RG,8975,30,D,PD,BK,F
10:49:49,ICBP,RG,8975,25,D,YP,BK,F
10:49:01,ICBP,RG,8975,1,D,RX,BK,F
10:48:42,ICBP,RG,8975,5,D,YP,BK,F
10:48:30,ICBP,RG,8975,1,F,ZP,BK,F
10:48:30,ICBP,RG,8975,14,F,YU,BK,F
10:48:30,ICBP,RG,8975,324,F,YU,YU,F
10:48:30,ICBP,RG,8975,65,F,YU,BK,F
10:48:30,ICBP,RG,8975,3,F,YU,YU,F
10:48:30,ICBP,RG,8975,35,F,YU,CC,D
10:48:05,ICBP,RG,8975,50,D,GR,CC,D
10:47:59,ICBP,RG,8975,15,D,CC,CC,D
10:47:59,ICBP,RG,8975,9,D,CC,RX,D
10:47:59,ICBP,RG,8975,15,D,CC,RX,D
10:47:59,ICBP,RG,8975,19,D,CC,RX,D
10:47:59,ICBP,RG,8975,215,D,CC,BK,F
10:47:59,ICBP,RG,8975,1,D,CC,BK,F
10:47:59,ICBP,RG,8975,1,D,CC,YU,F
10:47:59,ICBP,RG,8975,225,D,CC,YU,D
10:47:58,ICBP,RG,8975,1,D,OD,YU,D
10:47:28,ICBP,RG,8975,81,F,YU,YU,D
10:46:32,ICBP,RG,8975,193,D,CC,YU,D
10:46:32,ICBP,RG,8975,295,D,CC,BK,F
10:46:32,ICBP,RG,8975,12,D,CC,OD,D
10:46:14,ICBP,RG,8975,38,F,YU,OD,D
10:46:14,ICBP,RG,8975,38,F,YU,BK,F
10:46:14,ICBP,RG,8975,1,D,YP,BK,F
10:46:12,ICBP,RG,8975,283,D,CC,BK,F
10:46:12,ICBP,RG,8975,217,D,CC,YU,D
10:46:02,ICBP,RG,8975,142,F,AK,YU,D
10:46:02,ICBP,RG,8975,1,D,AK,YU,D
10:46:02,ICBP,RG,8975,2,F,AK,YU,D
10:46:02,ICBP,RG,8975,1,F,AK,YU,D
10:46:02,ICBP,RG,8975,1,F,ZP,YU,D
10:46:02,ICBP,RG,8975,2,D,CS,YU,D
10:46:02,ICBP,RG,8975,1,F,ZP,YU,D
10:46:02,ICBP,RG,8975,1,D,CS,YU,D
10:46:02,ICBP,RG,8975,1,D,CS,YU,D
10:46:02,ICBP,RG,8975,2,D,CS,YU,D
10:46:02,ICBP,RG,8975,2,D,CS,YU,D
10:46:02,ICBP,RG,8975,2,D,CS,YU,D
10:46:02,ICBP,RG,8975,125,D,CC,YU,D
10:45:55,ICBP,RG,8975,8,D,CC,YU,F
10:45:55,ICBP,RG,8975,2,D,CC,ZP,F
10:45:55,ICBP,RG,8975,322,D,CC,BK,F
10:45:55,ICBP,RG,8975,2,D,CC,BK,F
10:45:55,ICBP,RG,8975,4,D,CC,YU,F
10:45:55,ICBP,RG,8975,3,D,CC,CS,F
10:45:55,ICBP,RG,8975,34,D,CC,YU,F
10:45:46,ICBP,RG,8950,3,D,CC,PD,D
10:45:41,ICBP,RG,8975,100,D,DX,YU,F
10:45:26,ICBP,RG,8975,203,D,CC,YU,F
10:45:26,ICBP,RG,8975,4,D,CC,CS,F
10:45:26,ICBP,RG,8975,6,D,CC,YU,F
10:45:26,ICBP,RG,8975,2,D,CC,BK,F
10:45:26,ICBP,RG,8975,2,D,CC,CS,F
10:45:26,ICBP,RG,8975,3,D,CC,ZP,F
10:45:26,ICBP,RG,8975,1,D,CC,PD,D
10:45:26,ICBP,RG,8975,1,D,CC,YP,D
10:45:26,ICBP,RG,8975,10,D,CC,CC,D
10:45:26,ICBP,RG,8975,2,D,CC,NI,D
10:45:26,ICBP,RG,8975,500,D,CC,YU,D
10:45:26,ICBP,RG,8975,3,D,CC,YP,D
10:45:26,ICBP,RG,8975,9,D,CC,DH,D
10:45:26,ICBP,RG,8975,275,D,CC,BK,F
10:45:26,ICBP,RG,8975,1,D,CC,CS,F
10:45:26,ICBP,RG,8975,36,D,CC,CP,D
10:44:36,ICBP,RG,8975,47,D,KZ,CP,D
10:44:35,ICBP,RG,8975,1,F,ZP,CP,D
10:44:21,ICBP,RG,8950,12,D,CC,OD,D
10:43:41,ICBP,RG,8950,10,D,CC,DH,D
10:42:43,ICBP,RG,8950,17,D,CC,YU,F
10:42:42,ICBP,RG,8950,1,D,CC,YP,D
10:42:42,ICBP,RG,8950,12,D,CC,YU,F
10:42:42,ICBP,RG,8950,1,D,CC,BK,F
10:42:42,ICBP,RG,8950,4,D,CC,CS,F
10:42:42,ICBP,RG,8950,1,D,CC,CS,F
10:42:42,ICBP,RG,8950,20,D,CC,RX,D
10:42:42,ICBP,RG,8950,30,D,CC,RX,D
10:42:42,ICBP,RG,8950,49,D,CC,RX,D
10:42:42,ICBP,RG,8950,42,D,CC,RX,D
10:42:42,ICBP,RG,8950,15,D,CC,RX,D
10:42:42,ICBP,RG,8950,298,D,CC,BK,F
10:42:42,ICBP,RG,8950,6,D,CC,ZP,F
10:42:42,ICBP,RG,8950,6,D,CC,YU,F
10:42:42,ICBP,RG,8950,2,D,CC,CS,F
10:42:42,ICBP,RG,8950,1,D,CC,CS,F
10:42:42,ICBP,RG,8950,1,D,CC,CS,F
10:42:42,ICBP,RG,8950,31,D,CC,BK,F
10:42:10,ICBP,RG,8925,9,D,YP,RX,D
10:41:43,ICBP,RG,8900,1,D,PD,XC,D
10:41:43,ICBP,RG,8900,1,D,KK,XC,D
10:41:43,ICBP,RG,8900,1,D,NI,XC,D
10:40:50,ICBP,RG,8900,2,D,CC,YP,D
10:40:50,ICBP,RG,8900,5,D,YP,YP,D
10:40:50,ICBP,RG,8900,1,D,CC,YP,D
10:40:50,ICBP,RG,8900,2,D,CC,YP,D
10:40:50,ICBP,RG,8900,8,D,CC,YP,D
10:40:50,ICBP,RG,8900,2,D,HP,YP,D
10:40:50,ICBP,RG,8900,17,D,YP,YP,D
10:40:49,ICBP,RG,8900,3,D,YP,PD,D
10:40:49,ICBP,RG,8900,1,D,PD,PD,D
10:40:49,ICBP,RG,8900,7,D,DR,PD,D
10:40:49,ICBP,RG,8900,13,D,DR,YP,D
10:40:49,ICBP,RG,8900,1,D,YP,YP,D
10:40:49,ICBP,RG,8900,1,D,YP,YP,D
10:40:49,ICBP,RG,8900,1,D,NI,YP,D
10:40:49,ICBP,RG,8900,2,D,XL,YP,D
10:40:49,ICBP,RG,8900,1,D,NI,YP,D
10:40:49,ICBP,RG,8900,2,D,DR,YP,D
10:40:49,ICBP,RG,8900,1,D,PD,YP,D
10:40:49,ICBP,RG,8900,1,D,XL,YP,D
10:40:49,ICBP,RG,8900,1,D,YB,YP,D
10:40:49,ICBP,RG,8900,100,D,DH,YP,D
10:40:49,ICBP,RG,8900,15,D,YP,YP,D
10:40:49,ICBP,RG,8900,1,D,KK,YP,D
10:40:49,ICBP,RG,8900,1,D,PD,YP,D
10:40:49,ICBP,RG,8900,2,D,DH,YP,D
10:40:49,ICBP,RG,8900,1,D,YP,YP,D
10:40:49,ICBP,RG,8900,100,D,CC,YP,D
10:40:49,ICBP,RG,8900,1,D,CC,YP,D
10:40:49,ICBP,RG,8900,10,D,EP,YP,D
10:40:49,ICBP,RG,8900,100,D,YP,YP,D
10:40:49,ICBP,RG,8925,4,F,YU,YP,D
10:40:49,ICBP,RG,8925,5,D,YP,YP,D
10:40:49,ICBP,RG,8925,1,D,PD,YP,D
10:40:49,ICBP,RG,8925,10,D,YP,YP,D
10:40:49,ICBP,RG,8925,1,F,ZP,YP,D
10:40:49,ICBP,RG,8925,1,D,AK,YP,D
10:40:49,ICBP,RG,8925,25,D,YP,YP,D
10:40:49,ICBP,RG,8925,1,D,BB,YP,D
10:40:40,ICBP,RG,8925,1,D,BB,KK,D
10:40:36,ICBP,RG,8925,1,D,BB,YP,D
10:40:36,ICBP,RG,8925,9,F,YU,YP,D
10:40:32,ICBP,RG,8925,8,F,YU,RX,D
10:40:00,ICBP,RG,8925,13,F,YU,YP,D
10:40:00,ICBP,RG,8925,1,F,ZP,YP,D
10:40:00,ICBP,RG,8925,195,D,AK,YP,D
10:39:56,ICBP,RG,8925,70,D,AK,YP,D
10:38:57,ICBP,RG,8925,6,D,AK,BK,F
10:38:51,ICBP,RG,8950,298,F,YU,BK,F
10:38:51,ICBP,RG,8950,27,F,YU,YU,F
10:38:51,ICBP,RG,8950,25,F,YU,AK,F
10:38:51,ICBP,RG,8950,1,F,YU,CS,F
10:38:51,ICBP,RG,8950,2,F,YU,ZP,F
10:38:51,ICBP,RG,8950,4,F,YU,CS,F
10:38:51,ICBP,RG,8950,6,F,YU,CC,D
10:38:12,ICBP,RG,8925,74,D,AK,BK,F
10:38:12,ICBP,RG,8925,1,F,ZP,BK,F
10:38:12,ICBP,RG,8925,3,D,AT,BK,F
10:38:12,ICBP,RG,8925,1,D,PD,BK,F
10:38:12,ICBP,RG,8925,1,D,XC,BK,F
10:38:12,ICBP,RG,8925,8,D,XL,BK,F
10:38:09,ICBP,RG,8925,1,D,XL,CC,D
10:37:56,ICBP,RG,8925,2,D,XL,BK,F
10:37:56,ICBP,RG,8925,48,F,ZP,BK,F
10:37:56,ICBP,RG,8925,2,D,GR,BK,F
10:37:56,ICBP,RG,8925,1,D,KK,BK,F
10:37:56,ICBP,RG,8925,1,D,KK,BK,F
10:37:56,ICBP,RG,8925,1,D,XC,BK,F
10:37:56,ICBP,RG,8925,20,D,KZ,BK,F
10:37:56,ICBP,RG,8925,43,F,ZP,BK,F
10:37:56,ICBP,RG,8925,20,D,CC,BK,F
10:37:56,ICBP,RG,8925,10,D,CC,BK,F
10:37:56,ICBP,RG,8925,2,D,NI,BK,F
10:37:56,ICBP,RG,8925,1,D,YP,BK,F
10:37:56,ICBP,RG,8925,1,D,PD,BK,F
10:37:56,ICBP,RG,8925,1,D,CC,BK,F
10:37:56,ICBP,RG,8925,15,D,PD,BK,F
10:37:56,ICBP,RG,8925,1,D,CC,BK,F
10:37:56,ICBP,RG,8925,15,D,CC,BK,F
10:37:56,ICBP,RG,8925,10,D,EP,BK,F
10:37:56,ICBP,RG,8925,1,D,YB,BK,F
10:37:56,ICBP,RG,8925,80,D,YP,BK,F
10:37:54,ICBP,RG,8950,1,D,AK,AK,F
10:37:54,ICBP,RG,8950,10,D,CS,AK,F
10:37:54,ICBP,RG,8950,1,D,CS,AK,F
10:37:54,ICBP,RG,8950,31,F,ZP,AK,F
10:37:54,ICBP,RG,8950,27,F,ZP,BK,F
10:37:54,ICBP,RG,8950,1,F,ZP,BK,F
10:37:54,ICBP,RG,8950,1,F,ZP,BK,F
10:37:54,ICBP,RG,8950,57,D,KZ,BK,F
10:37:54,ICBP,RG,8950,2,D,YP,BK,F
10:37:54,ICBP,RG,8950,8,D,CS,BK,F
10:37:54,ICBP,RG,8950,144,D,AK,BK,F
10:37:54,ICBP,RG,8950,128,D,AK,AK,F
10:37:54,ICBP,RG,8950,2,D,NI,AK,F
10:37:54,ICBP,RG,8950,3,D,YP,AK,F
10:37:54,ICBP,RG,8950,1,F,ZP,AK,F
10:37:54,ICBP,RG,8950,1,D,AK,AK,F
10:37:54,ICBP,RG,8950,1,D,XC,AK,F
10:37:54,ICBP,RG,8950,1,D,CS,AK,F
10:37:54,ICBP,RG,8950,4,D,CS,AK,F
10:37:54,ICBP,RG,8950,57,F,ZP,AK,F
10:37:54,ICBP,RG,8950,160,D,AK,AK,F
10:37:53,ICBP,RG,8950,59,D,AK,BK,F
10:37:53,ICBP,RG,8950,5,D,CS,BK,F
10:37:53,ICBP,RG,8950,1,D,BB,BK,F
10:37:53,ICBP,RG,8950,1,D,AK,BK,F
10:37:53,ICBP,RG,8950,1,F,ZP,BK,F
10:37:53,ICBP,RG,8950,4,F,ZP,BK,F
10:37:53,ICBP,RG,8950,1,D,XC,BK,F
10:37:53,ICBP,RG,8950,11,D,CC,BK,F
10:37:53,ICBP,RG,8950,1,D,XC,BK,F
10:37:53,ICBP,RG,8950,1,D,OD,BK,F
10:37:53,ICBP,RG,8950,2,D,GR,BK,F
10:37:53,ICBP,RG,8950,1,D,CS,BK,F
10:37:53,ICBP,RG,8950,1,F,ZP,BK,F
10:37:53,ICBP,RG,8950,100,D,PD,BK,F
10:37:53,ICBP,RG,8950,6,D,CS,BK,F
10:37:53,ICBP,RG,8950,10,D,YP,BK,F
10:37:53,ICBP,RG,8950,32,D,XL,BK,F
10:37:53,ICBP,RG,8950,68,D,XL,BK,F
10:37:53,ICBP,RG,8950,5,D,CC,BK,F
10:37:53,ICBP,RG,8950,1,D,XC,BK,F
10:37:53,ICBP,RG,8950,40,F,ZP,BK,F
10:37:53,ICBP,RG,8950,5,D,XL,BK,F
10:37:53,ICBP,RG,8950,7,D,CS,BK,F
10:37:53,ICBP,RG,8950,114,D,DR,BK,F
10:37:53,ICBP,RG,8950,3,D,DR,DH,D
10:37:51,ICBP,RG,8975,71,F,YU,CP,D
10:37:49,ICBP,RG,8950,240,D,DR,BK,F
10:37:49,ICBP,RG,8950,143,D,DR,BK,F
10:37:49,ICBP,RG,8950,2,D,PD,BK,F
10:37:49,ICBP,RG,8950,59,F,ZP,BK,F
10:37:49,ICBP,RG,8950,161,D,DR,BK,F
10:37:47,ICBP,RG,8950,1000,D,DR,NI,D
10:35:37,ICBP,RG,8975,1,D,GR,CP,D
10:35:03,ICBP,RG,8975,1,F,ZP,CP,D
10:34:38,ICBP,RG,8950,15,D,DR,XL,D
10:32:47,ICBP,RG,8975,1,F,ZP,CP,D
10:32:28,ICBP,RG,8950,1,D,DR,YP,D
10:32:00,ICBP,RG,8950,1,D,DR,PD,D
10:31:06,ICBP,RG,8950,6,D,DR,BK,F
10:30:31,ICBP,RG,8950,2,D,DR,XC,D
10:30:02,ICBP,RG,8950,70,D,DR,BK,F
10:29:56,ICBP,RG,8950,106,D,DR,BK,F
10:29:55,ICBP,RG,8975,1,F,ZP,CP,D
10:29:55,ICBP,RG,8975,253,F,YU,CP,D
10:29:49,ICBP,RG,8950,20,D,DR,YP,D
10:28:56,ICBP,RG,8950,9,D,DR,YP,D
10:28:55,ICBP,RG,8950,55,D,DR,BK,F
10:28:54,ICBP,RG,8975,96,F,YU,CP,D
10:28:46,ICBP,RG,8950,148,D,DR,BK,F
10:28:45,ICBP,RG,8975,1,D,CS,CP,D
10:28:45,ICBP,RG,8975,237,D,AK,CP,D
10:28:45,ICBP,RG,8975,2,D,CS,CP,D
10:28:45,ICBP,RG,8975,1,D,CS,CP,D
10:28:45,ICBP,RG,8975,1,F,ZP,CP,D
10:28:45,ICBP,RG,8975,9,D,CS,CP,D
10:28:45,ICBP,RG,8975,1,D,CS,CP,D
10:28:45,ICBP,RG,8975,11,D,BB,CP,D
10:28:45,ICBP,RG,8975,2,D,EP,CP,D
10:28:45,ICBP,RG,8975,51,D,KZ,CP,D
10:28:45,ICBP,RG,8975,1,D,AK,CP,D
10:28:45,ICBP,RG,8975,1,D,AK,CP,D
10:28:45,ICBP,RG,8975,8,D,RX,CP,D
10:28:45,ICBP,RG,8975,124,F,YU,CP,D
10:28:45,ICBP,RG,8975,42,F,ZP,CP,D
10:28:45,ICBP,RG,8975,61,F,ZP,CP,D
10:28:45,ICBP,RG,8975,142,F,ZP,CP,D
10:28:45,ICBP,RG,8975,7,F,ZP,CP,D
10:28:45,ICBP,RG,8975,3,D,CS,CP,D
10:28:45,ICBP,RG,8975,6,D,CS,CP,D
10:28:45,ICBP,RG,8975,1,D,CS,CP,D
10:28:45,ICBP,RG,8975,236,D,AK,CP,D
10:28:45,ICBP,RG,8975,44,D,AK,CP,D
10:28:39,ICBP,RG,8975,52,D,AK,RX,D
10:28:39,ICBP,RG,8975,70,D,AK,RX,D
10:28:39,ICBP,RG,8975,107,D,AK,RX,D
10:28:39,ICBP,RG,8975,175,D,AK,RX,D
10:28:39,ICBP,RG,8975,153,D,AK,RX,D
10:28:35,ICBP,RG,8975,5,D,AK,NI,D
10:28:08,ICBP,RG,8975,10,D,AK,YP,D
10:27:40,ICBP,RG,9000,1,D,NI,BK,F
10:27:23,ICBP,RG,9000,3,D,AK,BK,F
10:27:23,ICBP,RG,9000,2,D,RX,BK,F
10:26:50,ICBP,RG,8975,18,D,AK,YU,F
10:26:50,ICBP,RG,8975,5,D,AK,CS,F
10:26:50,ICBP,RG,8975,4,D,AK,CS,F
10:26:50,ICBP,RG,8975,1,D,AK,BK,F
10:26:50,ICBP,RG,8975,10,D,AK,XC,D
10:26:50,ICBP,RG,8975,2,D,AK,SQ,D
10:26:50,ICBP,RG,8975,1,D,AK,XC,D
10:26:50,ICBP,RG,8975,2,D,AK,ZP,F
10:26:50,ICBP,RG,8975,29,D,AK,YU,F
10:26:50,ICBP,RG,8975,5,D,AK,CS,F
10:26:50,ICBP,RG,8975,5,D,AK,CS,F
10:26:50,ICBP,RG,8975,223,D,AK,YU,F
10:26:50,ICBP,RG,8975,1,D,AK,PD,D
10:26:50,ICBP,RG,8975,5,D,AK,YP,D
10:26:50,ICBP,RG,8975,10,D,AK,RX,D
10:26:50,ICBP,RG,8975,14,D,AK,RX,D
10:26:50,ICBP,RG,8975,21,D,AK,RX,D
10:26:50,ICBP,RG,8975,35,D,AK,RX,D
10:26:50,ICBP,RG,8975,30,D,AK,RX,D
10:26:50,ICBP,RG,8975,51,D,AK,AK,F
10:26:50,ICBP,RG,8975,114,D,AK,BK,F
10:26:50,ICBP,RG,8975,78,D,AK,BK,F
10:26:47,ICBP,RG,8950,2,D,DR,CC,D
10:26:11,ICBP,RG,8950,5,D,DR,NI,D
10:26:00,ICBP,RG,8975,1,D,PD,BK,F
10:25:57,ICBP,RG,8975,5,D,YU,BK,F
10:25:38,ICBP,RG,8975,1,F,ZP,BK,F
10:24:10,ICBP,RG,8950,5,D,DR,SQ,D
10:23:47,ICBP,RG,8950,1,D,DR,EP,D
10:23:43,ICBP,RG,8950,12,D,DR,PD,D
10:23:40,ICBP,RG,8975,1,F,ZP,BK,F
10:23:16,ICBP,RG,8975,2,D,RX,BK,F
10:23:14,ICBP,RG,8975,10,D,EP,BK,F
10:22:07,ICBP,RG,8975,2,D,YP,BK,F
10:22:07,ICBP,RG,8975,4,D,YP,GR,D
10:22:00,ICBP,RG,8950,6,D,DR,BK,F
10:21:08,ICBP,RG,8950,1,D,DR,CP,D
10:21:01,ICBP,RG,8975,1,F,ZP,GR,D
10:20:06,ICBP,RG,8975,15,D,KZ,GR,D
10:20:06,ICBP,RG,8975,2,D,KZ,KK,D
10:20:06,ICBP,RG,8975,1,D,KZ,ZP,F
10:20:06,ICBP,RG,8975,20,D,KZ,YU,F
10:20:06,ICBP,RG,8975,4,D,KZ,CS,F
10:20:06,ICBP,RG,8975,3,D,KZ,CS,F
10:19:25,ICBP,RG,8975,1,D,RX,BK,F
10:18:35,ICBP,RG,8975,1,F,ZP,PD,D
10:18:05,ICBP,RG,8975,1,D,RX,PD,D
10:17:58,ICBP,RG,8975,2,D,CC,PD,D
10:17:58,ICBP,RG,8975,23,D,CC,EP,D
10:17:58,ICBP,RG,8975,75,D,CC,BK,F
10:17:51,ICBP,RG,8975,1,F,AK,BK,F
10:17:50,ICBP,RG,8950,30,D,DR,PD,D
10:17:14,ICBP,RG,8975,1,D,RX,BK,F
10:17:10,ICBP,RG,8975,2,D,YP,BK,F
10:17:07,ICBP,RG,8975,1,D,XC,BK,F
10:16:59,ICBP,RG,8975,2,D,XC,BK,F
10:16:23,ICBP,RG,8975,2,F,AK,BK,F
10:16:23,ICBP,RG,8950,6,D,DR,NI,D
10:16:13,ICBP,RG,8975,99,F,YU,BK,F
10:16:11,ICBP,RG,8975,17,F,AK,BK,F
10:16:11,ICBP,RG,8950,375,D,DR,XA,D
10:16:01,ICBP,RG,8975,1,D,XC,BK,F
10:15:59,ICBP,RG,8950,9,D,DR,XC,D
10:15:59,ICBP,RG,8975,15,D,PD,BK,F
10:15:51,ICBP,RG,8975,56,D,KZ,BK,F
10:15:50,ICBP,RG,8975,17,F,BK,BK,F
10:15:50,ICBP,RG,8975,3,F,BK,CS,F
10:15:50,ICBP,RG,8975,8,F,BK,YU,F
10:15:50,ICBP,RG,8975,1,F,BK,ZP,F
10:15:50,ICBP,RG,8975,4,F,BK,CS,F
10:15:50,ICBP,RG,8975,34,F,BK,XL,D
10:15:50,ICBP,RG,8975,173,F,BK,YU,F
10:15:50,ICBP,RG,8975,1,F,ZP,YU,F
10:15:50,ICBP,RG,8975,231,F,BK,YU,F
10:15:50,ICBP,RG,8975,1,F,BK,XL,D
10:15:50,ICBP,RG,8975,8,F,BK,CC,D
10:15:50,ICBP,RG,8975,1,D,PD,CC,D
10:15:20,ICBP,RG,8975,5,D,PD,CC,D
10:14:59,ICBP,RG,8950,1,D,DR,ZP,F
10:13:35,ICBP,RG,8975,1,F,ZP,CC,D
10:13:23,ICBP,RG,8975,2,D,YP,CC,D
10:12:56,ICBP,RG,8950,6,D,DR,BK,F
10:12:49,ICBP,RG,8975,1,D,YP,CC,D
10:12:18,ICBP,RG,8975,10,D,PD,CC,D
10:11:49,ICBP,RG,8975,2,D,PD,CC,D
10:11:35,ICBP,RG,8975,1,F,ZP,CC,D
10:10:43,ICBP,RG,8975,1,D,XL,CC,D
10:10:06,ICBP,RG,8975,1,D,YP,CC,D
10:09:51,ICBP,RG,8975,1,D,NI,CC,D
10:09:36,ICBP,RG,8975,5,D,YP,CC,D
10:09:31,ICBP,RG,8975,61,F,YU,CC,D
10:09:31,ICBP,RG,8975,43,F,YU,BK,F
10:09:25,ICBP,RG,8975,240,F,BK,BK,F
10:09:25,ICBP,RG,8975,3,D,PD,BK,F
10:09:23,ICBP,RG,8975,2,D,AI,BK,F
10:09:01,ICBP,RG,8975,5,D,CC,BK,F
10:08:32,ICBP,RG,8975,1,F,ZP,BK,F
10:08:23,ICBP,RG,8950,5,D,DR,YP,D
10:08:02,ICBP,RG,8950,23,D,DR,YU,F
10:08:02,ICBP,RG,8950,3,D,DR,CS,F
10:08:02,ICBP,RG,8950,1,D,DR,CS,F
10:08:02,ICBP,RG,8950,2,D,DR,YP,D
10:08:02,ICBP,RG,8950,1,D,DR,YP,D
10:08:02,ICBP,RG,8950,2,D,DR,SQ,D
10:08:02,ICBP,RG,8950,2,D,DR,CS,F
10:08:02,ICBP,RG,8950,1,D,DR,CS,F
10:08:02,ICBP,RG,8950,5,D,DR,YP,D
10:08:02,ICBP,RG,8950,1,D,DR,ZP,F
10:08:02,ICBP,RG,8950,1,D,DR,CS,F
10:08:02,ICBP,RG,8950,1,D,DR,CS,F
10:08:02,ICBP,RG,8950,1,D,DR,CS,F
10:08:02,ICBP,RG,8950,365,D,DR,BK,F
10:08:02,ICBP,RG,8950,3,D,DR,BK,F
10:08:02,ICBP,RG,8950,12,D,DR,YU,F
10:08:02,ICBP,RG,8950,18,D,DR,AK,F
10:07:54,ICBP,RG,8925,3,D,YP,SQ,D
10:07:16,ICBP,RG,8950,1,D,PD,AK,F
10:06:35,ICBP,RG,8950,2,D,SQ,AK,F
10:06:29,ICBP,RG,8925,6,D,YP,PD,D
10:06:17,ICBP,RG,8950,1,D,PD,AK,F
10:06:10,ICBP,RG,8925,1,D,YP,YP,D
10:06:08,ICBP,RG,8950,1,D,PD,AK,F
10:06:01,ICBP,RG,8925,1,D,YP,KK,D
10:06:00,ICBP,RG,8950,1,D,KK,AK,F
10:05:54,ICBP,RG,8925,1,D,YP,BQ,D
10:05:36,ICBP,RG,8950,2,D,PD,ZP,F
10:05:36,ICBP,RG,8950,3,D,PD,CS,F
10:05:21,ICBP,RG,8950,1,D,YP,CS,F
10:05:07,ICBP,RG,8925,7,D,YP,CC,D
10:05:07,ICBP,RG,8925,1,D,YP,YP,D
10:05:06,ICBP,RG,8950,9,D,CS,BK,F
10:05:06,ICBP,RG,8950,25,D,CC,BK,F
10:05:06,ICBP,RG,8950,1,F,ZP,BK,F
10:05:06,ICBP,RG,8950,30,D,KK,BK,F
10:05:06,ICBP,RG,8950,1,D,CS,BK,F
10:05:06,ICBP,RG,8950,4,D,XL,BK,F
10:05:03,ICBP,RG,8950,60,D,XL,BK,F
10:05:03,ICBP,RG,8950,26,D,XL,RX,D
10:05:03,ICBP,RG,8950,10,D,XL,RX,D
10:05:03,ICBP,RG,8950,25,D,KZ,RX,D
10:05:03,ICBP,RG,8950,34,D,KZ,RX,D
10:05:03,ICBP,RG,8950,1,D,YP,RX,D
10:05:03,ICBP,RG,8950,1,D,AK,RX,D
10:05:03,ICBP,RG,8950,3,D,BB,RX,D
10:05:03,ICBP,RG,8950,1,D,NI,RX,D
10:05:03,ICBP,RG,8950,1,F,ZP,RX,D
10:05:03,ICBP,RG,8950,1,D,YP,RX,D
10:05:03,ICBP,RG,8950,11,D,CC,RX,D
10:05:03,ICBP,RG,8950,39,D,CC,RX,D
10:05:03,ICBP,RG,8950,1,D,SQ,RX,D
10:05:03,ICBP,RG,8950,21,F,YU,RX,D
10:05:03,ICBP,RG,8950,10,D,DH,RX,D
10:05:03,ICBP,RG,8950,5,D,YP,RX,D
10:05:03,ICBP,RG,8950,1,D,YP,RX,D
10:05:03,ICBP,RG,8950,10,D,XL,RX,D
10:05:03,ICBP,RG,8950,76,D,XL,RX,D
10:04:34,ICBP,RG,8975,1,D,XC,ZP,F
10:04:34,ICBP,RG,8975,3,D,XC,CS,F
10:04:34,ICBP,RG,8975,5,D,XC,YU,D
10:03:12,ICBP,RG,8975,1,D,PD,YU,D
10:02:47,ICBP,RG,8950,1,D,XL,ZP,F
10:02:43,ICBP,RG,8950,13,D,XL,BK,F
10:02:43,ICBP,RG,8950,7,F,DX,BK,F
10:02:43,ICBP,RG,8950,10,D,BQ,BK,F
10:02:43,ICBP,RG,8950,4,D,KZ,BK,F
10:02:43,ICBP,RG,8950,10,D,LS,BK,F
10:02:43,ICBP,RG,8950,2,D,CC,BK,F
10:02:43,ICBP,RG,8950,1,D,SQ,BK,F
10:02:43,ICBP,RG,8950,5,D,CC,BK,F
10:02:43,ICBP,RG,8950,5,D,YP,BK,F
10:02:43,ICBP,RG,8950,8,F,ZP,BK,F
10:02:40,ICBP,RG,8950,12,F,ZP,BK,F
10:02:40,ICBP,RG,8950,1,D,NI,BK,F
10:02:40,ICBP,RG,8950,5,D,CC,BK,F
10:02:40,ICBP,RG,8950,1,D,YP,BK,F
10:02:40,ICBP,RG,8950,1,D,PD,BK,F
10:02:40,ICBP,RG,8950,5,D,YP,BK,F
10:02:40,ICBP,RG,8950,10,D,YP,BK,F
10:02:40,ICBP,RG,8950,100,D,XL,BK,F
10:02:40,ICBP,RG,8950,1,D,DX,BK,F
10:02:40,ICBP,RG,8950,3,D,KZ,BK,F
10:02:40,ICBP,RG,8950,3,D,KK,BK,F
10:02:40,ICBP,RG,8950,33,D,CC,BK,F
10:02:38,ICBP,RG,8975,408,F,YU,YU,D
10:02:36,ICBP,RG,8950,217,D,CC,BK,F
10:02:36,ICBP,RG,8950,1,D,YP,BK,F
10:02:36,ICBP,RG,8950,1,D,SQ,BK,F
10:02:36,ICBP,RG,8950,5,D,AT,BK,F
10:02:36,ICBP,RG,8950,5,D,PD,BK,F
10:02:36,ICBP,RG,8950,1,D,CC,BK,F
10:02:36,ICBP,RG,8950,10,D,EP,BK,F
10:02:36,ICBP,RG,8950,11,D,YP,BK,F
10:02:34,ICBP,RG,8975,512,D,AK,YU,D
10:02:34,ICBP,RG,8975,1,D,AK,YU,D
10:02:34,ICBP,RG,8975,1,F,ZP,YU,D
10:02:34,ICBP,RG,8975,1,F,ZP,YU,D
10:02:34,ICBP,RG,8975,3,D,XC,YU,D
10:02:34,ICBP,RG,8975,7,D,CS,YU,D
10:02:34,ICBP,RG,8975,61,F,ZP,YU,D
10:02:33,ICBP,RG,8975,1,D,CS,BK,F
10:02:33,ICBP,RG,8975,7,D,RX,BK,F
10:02:33,ICBP,RG,8975,1,F,ZP,BK,F
10:02:33,ICBP,RG,8975,1,D,XC,BK,F
10:02:33,ICBP,RG,8975,1,D,CC,BK,F
10:02:33,ICBP,RG,8975,3,D,OD,BK,F
10:02:33,ICBP,RG,8975,6,D,CS,BK,F
10:02:33,ICBP,RG,8975,142,D,AK,BK,F
10:02:31,ICBP,RG,8975,38,D,AK,YU,F
10:02:30,ICBP,RG,8975,47,D,AK,AI,D
10:02:30,ICBP,RG,8975,1,D,AK,AI,D
10:02:30,ICBP,RG,8975,50,D,KZ,AI,D
10:02:30,ICBP,RG,8975,2,D,YP,AI,D
10:02:30,ICBP,RG,8975,1,D,YP,BK,F
10:02:30,ICBP,RG,8975,1,D,XC,BK,F
10:02:30,ICBP,RG,8975,4,D,CP,BK,F
10:02:30,ICBP,RG,8975,7,D,BB,BK,F
10:02:30,ICBP,RG,8975,22,F,YU,BK,F
10:02:30,ICBP,RG,8975,10,D,KK,BK,F
10:02:30,ICBP,RG,8975,195,D,AK,BK,F
10:02:30,ICBP,RG,8975,193,D,AK,BK,F
10:02:30,ICBP,RG,8975,1,D,AK,BK,F
10:02:30,ICBP,RG,8975,1,F,ZP,BK,F
10:02:30,ICBP,RG,8975,1,D,PD,BK,F
10:02:30,ICBP,RG,8975,2,D,PD,BK,F
10:02:30,ICBP,RG,8975,1,D,CC,BK,F
10:02:30,ICBP,RG,8975,1,F,ZP,BK,F
10:02:30,ICBP,RG,8975,9,D,XC,BK,F
10:02:30,ICBP,RG,8975,1,D,XC,BK,F
10:02:30,ICBP,RG,8975,1,D,SQ,BK,F
10:02:30,ICBP,RG,8975,1,D,SQ,BK,F
10:02:30,ICBP,RG,8975,1,D,PD,BK,F
10:02:30,ICBP,RG,8975,5,D,KZ,BK,F
10:02:30,ICBP,RG,8975,1,D,KK,BK,F
10:02:30,ICBP,RG,8975,63,F,ZP,BK,F
10:02:30,ICBP,RG,8975,226,D,DR,BK,F
10:02:27,ICBP,RG,8975,1500,D,DR,YU,D
10:02:14,ICBP,RG,9000,1,F,ZP,BK,F
10:02:12,ICBP,RG,8975,25,D,DR,CC,D
10:01:14,ICBP,RG,8975,6,D,DR,BK,F
10:01:12,ICBP,RG,9000,3,D,YP,BK,F
09:59:43,ICBP,RG,9000,3,D,PD,BK,F
09:58:31,ICBP,RG,9000,1,F,ZP,BK,F
09:58:05,ICBP,RG,9000,1,F,ZP,BK,F
09:57:30,ICBP,RG,8975,2,D,DR,SQ,D
09:57:14,ICBP,RG,8975,5,D,DR,XC,D
09:56:47,ICBP,RG,8975,1,D,DR,YP,D
09:54:29,ICBP,RG,9000,1,D,XC,BK,F
09:54:05,ICBP,RG,9000,151,F,YU,BK,F
09:52:57,ICBP,RG,9000,45,F,YU,BK,F
09:52:57,ICBP,RG,9000,4,F,YU,BK,F
09:52:57,ICBP,RG,9000,5,F,YU,PD,D
09:52:57,ICBP,RG,9000,31,F,YU,YU,F
09:52:57,ICBP,RG,9000,3,F,YU,ZP,F
09:52:57,ICBP,RG,9000,55,F,YU,AZ,D
09:52:53,ICBP,RG,8975,59,D,DR,BK,F
09:52:49,ICBP,RG,9000,6,D,CS,AZ,D
09:52:49,ICBP,RG,9000,1,F,ZP,AZ,D
09:52:49,ICBP,RG,9000,45,F,ZP,AZ,D
09:52:49,ICBP,RG,9000,1,D,RX,AZ,D
09:52:49,ICBP,RG,9000,1,D,YP,AZ,D
09:52:49,ICBP,RG,9000,2,D,DH,AZ,D
09:52:49,ICBP,RG,9000,30,D,YP,AZ,D
09:52:49,ICBP,RG,9000,1,D,CS,AZ,D
09:52:49,ICBP,RG,9000,5,D,CS,AZ,D
09:52:49,ICBP,RG,9000,1,F,ZP,AZ,D
09:52:49,ICBP,RG,9000,62,F,ZP,AZ,D
09:52:49,ICBP,RG,9000,62,D,KZ,AZ,D
09:52:49,ICBP,RG,9000,20,F,YU,AZ,D
09:52:49,ICBP,RG,9000,440,D,AK,AZ,D
09:52:49,ICBP,RG,9000,1,D,AK,AZ,D
09:52:49,ICBP,RG,9000,9,D,CS,AZ,D
09:52:49,ICBP,RG,9000,1,F,ZP,AZ,D
09:52:49,ICBP,RG,9000,1,D,AK,AZ,D
09:52:49,ICBP,RG,9000,1,F,ZP,AZ,D
09:52:49,ICBP,RG,9000,8,F,YU,AZ,D
09:52:49,ICBP,RG,9000,3,D,RX,AZ,D
09:52:49,ICBP,RG,9000,1,D,DR,AZ,D
09:52:49,ICBP,RG,9000,1,F,ZP,AZ,D
09:52:49,ICBP,RG,9000,57,F,ZP,AZ,D
09:52:49,ICBP,RG,9000,3,D,SQ,AZ,D
09:52:49,ICBP,RG,9000,4,D,CS,AZ,D
09:52:49,ICBP,RG,9000,1,D,CS,AZ,D
09:52:49,ICBP,RG,9000,10,D,XA,AZ,D
09:52:49,ICBP,RG,9000,167,D,AK,AZ,D
09:52:45,ICBP,RG,9000,26,D,AK,RX,D
09:52:45,ICBP,RG,9000,34,D,AK,RX,D
09:52:45,ICBP,RG,9000,1,D,XC,RX,D
09:52:45,ICBP,RG,9000,2,D,CS,RX,D
09:52:45,ICBP,RG,9000,2,D,CS,RX,D
09:52:45,ICBP,RG,9000,5,D,SQ,RX,D
09:52:45,ICBP,RG,9000,1,D,BB,RX,D
09:52:45,ICBP,RG,9000,8,D,BQ,RX,D
09:52:45,ICBP,RG,9000,3,D,CS,RX,D
09:52:45,ICBP,RG,9000,32,D,NI,RX,D
09:52:45,ICBP,RG,9000,87,D,NI,RX,D
09:52:45,ICBP,RG,9000,76,D,NI,RX,D
09:51:45,ICBP,RG,9025,1,F,ZP,YP,D
09:51:40,ICBP,RG,9025,1,D,RX,YP,D
09:50:42,ICBP,RG,9000,8,D,NI,CC,D
09:50:37,ICBP,RG,9025,1,D,BB,YP,D
09:50:15,ICBP,RG,9000,8,D,NI,XC,D
09:50:11,ICBP,RG,9025,1,D,YP,YP,D
09:49:56,ICBP,RG,9025,1,F,ZP,YP,D
09:49:28,ICBP,RG,9000,1,D,NI,OD,D
09:49:11,ICBP,RG,9000,20,D,NI,PD,D
09:49:10,ICBP,RG,9000,1,D,NI,PD,D
09:48:24,ICBP,RG,9000,1,D,NI,XC,D
09:48:13,ICBP,RG,9000,2,D,NI,XC,D
09:48:10,ICBP,RG,9000,5,D,NI,KK,D
09:47:44,ICBP,RG,9000,145,D,NI,PD,D
09:47:15,ICBP,RG,9000,114,D,NI,NI,D
09:47:15,ICBP,RG,9000,2,D,PD,NI,D
09:47:15,ICBP,RG,9000,1,D,YP,NI,D
09:47:15,ICBP,RG,9000,1,F,ZP,NI,D
09:47:15,ICBP,RG,9000,3,D,RX,NI,D
09:47:15,ICBP,RG,9000,16,F,YU,NI,D
09:47:15,ICBP,RG,9000,62,F,ZP,NI,D
09:47:15,ICBP,RG,9000,200,D,AK,NI,D
09:47:08,ICBP,RG,9025,1,D,RX,YP,D
09:47:07,ICBP,RG,9000,7,D,AK,BK,F
09:46:40,ICBP,RG,9000,2,D,AK,CC,D
09:46:27,ICBP,RG,9000,27,D,AK,NI,D
09:46:27,ICBP,RG,9000,1,D,AK,NI,D
09:46:27,ICBP,RG,9000,1,D,AK,NI,D
09:46:27,ICBP,RG,9000,1,F,YU,NI,D
09:46:13,ICBP,RG,9000,2,F,YU,YP,D
09:46:10,ICBP,RG,9000,2,F,YU,SQ,D
09:46:10,ICBP,RG,9000,1,D,CS,SQ,D
09:46:10,ICBP,RG,9000,1,F,ZP,SQ,D
09:46:10,ICBP,RG,9000,4,D,CS,SQ,D
09:46:10,ICBP,RG,9000,2,D,YP,SQ,D
09:45:35,ICBP,RG,9000,2,D,YP,PD,D
09:45:26,ICBP,RG,9025,1,F,ZP,YP,D
09:43:36,ICBP,RG,9025,1,F,AK,YP,D
09:43:36,ICBP,RG,9000,27,D,YP,PD,D
09:43:21,ICBP,RG,9025,1,F,ZP,YP,D
09:42:07,ICBP,RG,9025,1,D,EP,YP,D
09:41:52,ICBP,RG,9025,19,F,AK,YP,D
09:41:51,ICBP,RG,9000,5,D,YP,CC,D
09:41:26,ICBP,RG,9025,27,D,KZ,YP,D
09:41:25,ICBP,RG,9025,5,D,PD,YP,D
09:41:25,ICBP,RG,9025,5,D,PD,PD,D
09:40:39,ICBP,RG,9025,10,F,AK,XL,D
09:40:39,ICBP,RG,9025,20,F,AK,PD,D
09:40:39,ICBP,RG,9025,12,F,AK,BK,F
09:40:39,ICBP,RG,9025,10,F,AK,YP,D
09:40:39,ICBP,RG,9025,1,F,AK,NI,D
09:40:39,ICBP,RG,9025,1,F,AK,XC,D
09:40:39,ICBP,RG,9025,5,F,AK,YP,D
09:40:39,ICBP,RG,9025,1,F,AK,YP,D
09:40:31,ICBP,RG,9000,1,D,YP,YP,D
09:39:55,ICBP,RG,9000,10,D,YP,ZP,D
09:39:36,ICBP,RG,9000,3,D,YP,ZP,F
09:39:36,ICBP,RG,9000,13,D,YP,RX,D
09:39:36,ICBP,RG,9000,1,D,YP,BK,F
09:39:36,ICBP,RG,9000,5,D,YP,PD,D
09:39:36,ICBP,RG,9000,126,D,YP,BK,F
09:39:16,ICBP,RG,9000,80,F,BK,BK,F
09:39:16,ICBP,RG,9000,160,F,BK,YU,F
09:39:16,ICBP,RG,9000,5,D,CC,YU,F
09:38:44,ICBP,RG,9000,183,F,BK,YU,F
09:38:44,ICBP,RG,9000,57,F,BK,AZ,D
09:38:44,ICBP,RG,9000,1,D,BQ,AZ,D
09:38:25,ICBP,RG,9000,67,F,YU,AZ,D
09:38:25,ICBP,RG,9000,4,F,YU,YP,D
09:38:25,ICBP,RG,9000,3,F,YU,NI,D
09:38:25,ICBP,RG,9000,13,F,YU,BK,F
09:38:25,ICBP,RG,9000,4,F,YU,KK,D
09:38:25,ICBP,RG,9000,20,F,YU,XC,D
09:38:25,ICBP,RG,9000,5,F,YU,YP,D
09:38:24,ICBP,RG,9000,1,F,ZP,YP,D
09:38:24,ICBP,RG,8975,287,D,DR,BK,F
09:38:24,ICBP,RG,8975,6,D,DR,YP,D
09:38:24,ICBP,RG,8975,1,D,DR,NI,D
09:38:24,ICBP,RG,8975,5,D,DR,AZ,D
09:38:24,ICBP,RG,8975,1,D,DR,IF,D
09:38:24,ICBP,RG,8975,1,D,DR,BK,F
09:38:24,ICBP,RG,8975,1,D,DR,ZP,F
09:38:24,ICBP,RG,8975,231,D,DR,BK,F
09:38:24,ICBP,RG,8975,11,D,DR,RX,D
09:38:24,ICBP,RG,8975,30,D,DR,RX,D
09:38:24,ICBP,RG,8975,22,D,DR,RX,D
09:38:24,ICBP,RG,8975,15,D,DR,RX,D
09:38:24,ICBP,RG,8975,18,D,DR,RX,D
09:38:24,ICBP,RG,8975,47,D,DR,BK,F
09:38:12,ICBP,RG,8975,3,D,NI,BK,F
09:37:50,ICBP,RG,8975,1,D,YP,BK,F
09:37:28,ICBP,RG,8975,3,D,CC,BK,F
09:37:24,ICBP,RG,8975,1,D,YP,BK,F
09:36:54,ICBP,RG,8975,1,D,CC,BK,F
09:36:33,ICBP,RG,8975,2,D,XC,BK,F
09:36:30,ICBP,RG,8975,25,D,CC,BK,F
09:36:29,ICBP,RG,8975,145,D,PD,BK,F
09:36:25,ICBP,RG,8975,105,F,YU,BK,F
09:36:25,ICBP,RG,8975,2,F,YU,ZP,F
09:35:54,ICBP,RG,8975,1,D,PD,AZ,D
09:35:44,ICBP,RG,8950,63,D,YP,BK,F
09:35:42,ICBP,RG,8975,3,D,LS,AZ,D
09:35:31,ICBP,RG,8950,10,D,YP,RX,D
09:35:30,ICBP,RG,8975,1,D,PD,AZ,D
09:35:30,ICBP,RG,8950,10,D,YP,RX,D
09:35:30,ICBP,RG,8950,6,D,YP,RX,D
09:35:30,ICBP,RG,8950,2,D,TF,RX,D
09:35:24,ICBP,RG,8975,2,D,CD,AZ,D
09:35:24,ICBP,RG,8975,8,D,AK,AZ,D
09:35:22,ICBP,RG,9000,61,F,YU,BK,F
09:35:22,ICBP,RG,9000,1,F,YU,ZP,D
09:35:22,ICBP,RG,9000,6,F,YU,BK,F
09:35:22,ICBP,RG,9000,44,F,YU,YU,F
09:35:22,ICBP,RG,9000,64,F,YU,AK,F
09:35:22,ICBP,RG,9000,3,F,YU,ZP,F
09:35:20,ICBP,RG,8975,8,D,AK,RX,D
09:35:19,ICBP,RG,8975,4,D,AK,AK,F
09:35:19,ICBP,RG,8975,39,D,AK,YU,F
09:35:18,ICBP,RG,8975,90,D,AK,AK,F
09:35:18,ICBP,RG,8975,69,D,AK,BK,F
09:35:15,ICBP,RG,8975,162,D,AK,BK,F
09:35:15,ICBP,RG,8975,1,F,ZP,BK,F
09:35:15,ICBP,RG,8975,5,D,CC,BK,F
09:35:15,ICBP,RG,8975,100,D,OD,BK,F
09:35:15,ICBP,RG,8975,3,D,CC,BK,F
09:35:15,ICBP,RG,8975,2,D,CC,BK,F
09:35:15,ICBP,RG,8975,21,F,YU,BK,F
09:35:15,ICBP,RG,8975,100,D,XL,BK,F
09:35:15,ICBP,RG,8975,1,D,NI,BK,F
09:35:15,ICBP,RG,8975,1,D,LG,BK,F
09:35:15,ICBP,RG,8975,1,D,SQ,BK,F
09:35:15,ICBP,RG,8975,3,D,KZ,BK,F
09:35:15,ICBP,RG,8975,1,D,OD,BK,F
09:35:15,ICBP,RG,8975,53,F,ZP,BK,F
09:35:15,ICBP,RG,8975,50,D,CC,BK,F
09:35:15,ICBP,RG,8975,10,D,DR,BK,F
09:35:15,ICBP,RG,8975,6,D,OD,BK,F
09:35:15,ICBP,RG,8975,1,D,KK,BK,F
09:35:15,ICBP,RG,8975,5,D,KZ,BK,F
09:35:15,ICBP,RG,8975,2,D,KZ,CC,D
09:35:15,ICBP,RG,8975,8,D,XC,CC,D
09:35:14,ICBP,RG,8975,2,D,XC,RX,D
09:35:14,ICBP,RG,8975,5,D,AT,RX,D
09:35:14,ICBP,RG,8975,1,D,YB,RX,D
09:35:11,ICBP,RG,9000,1,D,CS,BK,F
09:35:11,ICBP,RG,9000,2,D,OD,BK,F
09:35:11,ICBP,RG,9000,3,D,BB,BK,F
09:35:11,ICBP,RG,9000,1,F,ZP,BK,F
09:35:11,ICBP,RG,9000,1,F,ZP,BK,F
09:35:11,ICBP,RG,9000,1,D,PD,BK,F
09:35:11,ICBP,RG,9000,103,D,SQ,BK,F
09:35:11,ICBP,RG,9000,4,D,CS,BK,F
09:35:11,ICBP,RG,9000,175,D,SQ,BK,F
09:35:11,ICBP,RG,9000,5,D,CS,BK,F
09:35:11,ICBP,RG,9000,1,D,XC,BK,F
09:35:11,ICBP,RG,9000,19,D,KZ,BK,F
09:35:11,ICBP,RG,9000,8,D,KZ,AK,F
09:35:11,ICBP,RG,9000,21,D,KZ,CC,D
09:35:11,ICBP,RG,9000,1,F,ZP,CC,D
09:35:11,ICBP,RG,9000,1,D,AK,CC,D
09:35:11,ICBP,RG,9000,12,D,OD,CC,D
09:35:11,ICBP,RG,9000,1,D,PD,CC,D
09:35:11,ICBP,RG,9000,227,D,AK,CC,D
09:35:11,ICBP,RG,9000,1,D,XC,CC,D
09:35:11,ICBP,RG,9000,135,D,YP,CC,D
09:35:11,ICBP,RG,9000,5,D,YP,CC,D
09:35:11,ICBP,RG,9000,100,D,YP,CC,D
09:35:11,ICBP,RG,9000,48,F,ZP,CC,D
09:35:11,ICBP,RG,9000,1,F,ZP,CC,D
09:35:11,ICBP,RG,9000,1,D,CS,CC,D
09:35:11,ICBP,RG,9000,10,D,YP,CC,D
09:35:11,ICBP,RG,9000,7,D,CS,CC,D
09:35:11,ICBP,RG,9000,1,D,AZ,CC,D
09:35:11,ICBP,RG,9000,1,D,AK,CC,D
09:35:11,ICBP,RG,9000,1,D,CS,CC,D
09:35:11,ICBP,RG,9000,265,D,AK,CC,D
09:35:11,ICBP,RG,9000,261,F,YU,CC,D
09:34:53,ICBP,RG,9000,8,F,YU,RX,D
09:34:47,ICBP,RG,9000,10,F,YU,RX,D
09:33:42,ICBP,RG,9000,8,F,YU,RX,D
09:33:33,ICBP,RG,9000,113,F,YU,BK,F
09:33:28,ICBP,RG,9000,123,F,YU,BK,F
09:33:26,ICBP,RG,9000,138,F,YU,XL,D
09:33:26,ICBP,RG,9000,1,D,YP,XL,D
09:33:26,ICBP,RG,9000,3,D,BB,XL,D
09:33:26,ICBP,RG,9000,2,D,DR,XL,D
09:33:26,ICBP,RG,9000,12,D,CC,XL,D
09:33:26,ICBP,RG,9000,1,D,NI,XL,D
09:33:26,ICBP,RG,9000,2,D,LG,XL,D
09:33:26,ICBP,RG,9000,2,D,SQ,XL,D
09:33:26,ICBP,RG,9000,1,D,YP,XL,D
09:33:26,ICBP,RG,9000,1,D,SQ,XL,D
09:33:26,ICBP,RG,9000,6,F,DX,XL,D
09:33:26,ICBP,RG,9000,2,D,XC,XL,D
09:33:26,ICBP,RG,9000,5,D,LS,XL,D
09:33:26,ICBP,RG,9000,1,D,AZ,XL,D
09:33:26,ICBP,RG,9000,5,D,XC,XL,D
09:33:26,ICBP,RG,9000,1,D,PD,XL,D
09:33:26,ICBP,RG,9000,1,D,XC,XL,D
09:33:26,ICBP,RG,9000,22,D,CC,XL,D
09:33:26,ICBP,RG,9000,3,D,SQ,XL,D
09:33:26,ICBP,RG,9000,2,D,YP,XL,D
09:33:26,ICBP,RG,9000,2,D,PD,XL,D
09:33:26,ICBP,RG,9000,3,D,YP,XL,D
09:33:26,ICBP,RG,9000,3,D,XL,XL,D
09:33:26,ICBP,RG,9000,10,D,TF,XL,D
09:33:26,ICBP,RG,9000,2,D,GR,XL,D
09:33:26,ICBP,RG,9000,1,D,OD,XL,D
09:33:26,ICBP,RG,9000,40,F,ZP,XL,D
09:33:26,ICBP,RG,9000,1,D,NI,XL,D
09:33:26,ICBP,RG,9000,10,D,OD,XL,D
09:33:26,ICBP,RG,9000,1,F,YU,XL,D
09:33:26,ICBP,RG,9000,2,D,CC,XL,D
09:33:26,ICBP,RG,9000,1,D,CC,XL,D
09:33:26,ICBP,RG,9000,10,D,KK,XL,D
09:33:26,ICBP,RG,9000,1,D,YP,XL,D
09:33:26,ICBP,RG,9000,3,D,XA,XL,D
09:33:26,ICBP,RG,9000,20,D,KZ,XL,D
09:33:26,ICBP,RG,9000,179,D,DH,XL,D
09:33:17,ICBP,RG,9000,118,D,DH,BK,F
09:33:16,ICBP,RG,9000,8,D,DH,RX,D
09:33:15,ICBP,RG,9000,50,D,DH,YP,D
09:32:51,ICBP,RG,9000,8,D,DH,RX,D
09:32:30,ICBP,RG,9025,1,F,ZP,BK,F
09:32:15,ICBP,RG,9000,155,D,DH,YU,D
09:31:39,ICBP,RG,9000,45,D,DH,XC,D
09:31:22,ICBP,RG,9000,10,D,DH,CC,D
09:31:17,ICBP,RG,9000,3,D,DH,PD,D
09:30:51,ICBP,RG,9025,1,D,XC,BK,F
09:30:41,ICBP,RG,9000,108,D,DH,BK,F
09:30:35,ICBP,RG,9025,1,F,ZP,BK,F
09:30:19,ICBP,RG,9000,1,D,DH,PD,D
09:29:46,ICBP,RG,9025,5,D,XC,BK,F
09:29:14,ICBP,RG,9025,1,D,XL,BK,F
09:29:11,ICBP,RG,9000,25,D,DH,OD,D
09:28:51,ICBP,RG,9025,19,D,YP,BK,F
09:28:51,ICBP,RG,9025,2,D,YP,BK,F
09:28:51,ICBP,RG,9025,33,D,YP,YU,F
09:28:51,ICBP,RG,9025,46,D,YP,AK,F
09:28:35,ICBP,RG,9000,6,D,DH,PD,D
09:27:47,ICBP,RG,9000,1,D,DH,GR,D
09:27:30,ICBP,RG,9025,9,D,YP,AK,F
09:27:30,ICBP,RG,9025,1,D,YP,ZP,F
09:27:28,ICBP,RG,9000,64,D,DH,BK,F
09:27:25,ICBP,RG,9000,35,D,DH,PD,D
09:27:25,ICBP,RG,9000,555,D,DH,BK,F
09:27:20,ICBP,RG,9025,1,F,ZP,ZP,F
09:27:20,ICBP,RG,9025,1,D,CS,AK,F
09:27:20,ICBP,RG,9025,1,D,XC,YU,D
09:27:20,ICBP,RG,9025,142,F,AK,YU,D
09:27:20,ICBP,RG,9025,1,D,XC,YU,D
09:27:20,ICBP,RG,9025,1,F,ZP,YU,D
09:27:20,ICBP,RG,9025,1,D,DR,YU,D
09:27:20,ICBP,RG,9025,5,D,RX,YU,D
09:27:20,ICBP,RG,9025,60,F,ZP,YU,D
09:27:20,ICBP,RG,9025,4,D,CS,YU,D
09:27:20,ICBP,RG,9025,3,D,PD,YU,D
09:27:20,ICBP,RG,9025,1,D,CS,YU,D
09:27:20,ICBP,RG,9025,9,D,CS,YU,D
09:27:20,ICBP,RG,9025,410,F,BK,YU,D
09:27:20,ICBP,RG,9025,1,D,XL,YU,D
09:27:20,ICBP,RG,9025,1,D,PD,YU,D
09:27:20,ICBP,RG,9025,46,D,KZ,YU,D
09:27:20,ICBP,RG,9025,1,D,AK,YU,D
09:27:20,ICBP,RG,9025,1,D,BB,YU,D
09:27:20,ICBP,RG,9025,5,D,YP,YU,D
09:27:20,ICBP,RG,9025,246,D,AK,YU,D
09:27:20,ICBP,RG,9025,1,F,ZP,YU,D
09:27:20,ICBP,RG,9025,5,D,YP,YU,D
09:27:20,ICBP,RG,9025,2,D,DR,YU,D
09:27:20,ICBP,RG,9025,6,D,CS,YU,D
09:27:20,ICBP,RG,9025,2,D,CS,YU,D
09:27:20,ICBP,RG,9025,2,D,CS,YU,D
09:27:20,ICBP,RG,9025,1,F,ZP,YU,D
09:27:20,ICBP,RG,9025,1,F,ZP,YU,D
09:27:20,ICBP,RG,9025,45,F,ZP,YU,D
09:27:20,ICBP,RG,9025,1,D,CS,YU,D
09:27:20,ICBP,RG,9025,6,D,CS,YU,D
09:27:20,ICBP,RG,9025,2,D,XC,YU,D
09:27:20,ICBP,RG,9025,1,D,KK,YU,D
09:27:20,ICBP,RG,9025,1,F,ZP,YU,D
09:27:20,ICBP,RG,9025,5,D,CS,YU,D
09:27:20,ICBP,RG,9025,1,D,CS,YU,D
09:27:20,ICBP,RG,9025,824,D,AK,YU,D
09:26:16,ICBP,RG,9050,1,F,ZP,BK,F
09:25:51,ICBP,RG,9050,1,D,XC,BK,F
09:25:12,ICBP,RG,9050,5,D,YP,BK,F
09:25:05,ICBP,RG,9050,1,D,DR,BK,F
09:24:53,ICBP,RG,9050,20,D,PD,BK,F
09:24:41,ICBP,RG,9050,5,D,CC,BK,F
09:24:21,ICBP,RG,9050,10,D,PD,BK,F
09:24:20,ICBP,RG,9025,8,D,AK,BK,F
09:23:49,ICBP,RG,9050,1,D,DR,BK,F
09:23:13,ICBP,RG,9025,10,D,AK,SQ,D
09:23:07,ICBP,RG,9025,1,D,AK,SQ,D
09:22:39,ICBP,RG,9025,1,D,AK,PD,D
09:22:38,ICBP,RG,9050,1,D,CC,BK,F
09:22:31,ICBP,RG,9025,2,D,AK,SQ,D
09:22:27,ICBP,RG,9025,5,D,AK,GR,D
09:22:27,ICBP,RG,9025,10,D,AK,XC,D
09:21:56,ICBP,RG,9025,20,D,AK,XC,D
09:21:19,ICBP,RG,9050,5,D,YP,BK,F
09:21:09,ICBP,RG,9025,1,D,AK,NI,D
09:20:07,ICBP,RG,9025,3,D,AK,DR,D
09:20:07,ICBP,RG,9025,14,D,AK,BK,F
09:20:07,ICBP,RG,9025,2,D,AK,BK,F
09:20:07,ICBP,RG,9025,1,D,YP,BK,F
09:20:07,ICBP,RG,9025,10,D,CS,BK,F
09:20:07,ICBP,RG,9025,1,F,ZP,BK,F
09:20:07,ICBP,RG,9025,20,D,CP,BK,F
09:20:07,ICBP,RG,9025,1,D,CS,BK,F
09:20:07,ICBP,RG,9025,2,D,LS,BK,F
09:20:07,ICBP,RG,9025,1,F,ZP,BK,F
09:20:07,ICBP,RG,9025,1,D,RX,BK,F
09:20:07,ICBP,RG,9025,2,D,XL,BK,F
09:20:07,ICBP,RG,9025,39,F,ZP,BK,F
09:20:07,ICBP,RG,9025,1,F,ZP,BK,F
09:20:07,ICBP,RG,9025,2,D,CS,BK,F
09:20:07,ICBP,RG,9025,2,D,CS,BK,F
09:20:05,ICBP,RG,9025,6,D,CS,AK,F
09:20:05,ICBP,RG,9025,6,D,BB,AK,F
09:20:05,ICBP,RG,9025,3,D,CS,AK,F
09:20:05,ICBP,RG,9025,2,D,CS,AK,F
09:20:05,ICBP,RG,9025,5,D,RX,BK,F
09:20:05,ICBP,RG,9025,5,D,YP,BK,F
09:20:05,ICBP,RG,9025,1,D,AK,BK,F
09:20:05,ICBP,RG,9025,1,D,AK,BK,F
09:20:05,ICBP,RG,9025,63,D,KZ,BK,F
09:20:05,ICBP,RG,9025,120,D,AK,BK,F
09:20:05,ICBP,RG,9025,34,D,AK,AK,F
09:20:05,ICBP,RG,9025,405,D,AK,NI,D
09:20:05,ICBP,RG,9025,230,D,AK,NI,D
09:20:05,ICBP,RG,9025,42,F,ZP,NI,D
09:20:05,ICBP,RG,9025,52,F,ZP,NI,D
09:20:05,ICBP,RG,9025,1,F,ZP,NI,D
09:20:05,ICBP,RG,9025,3,F,ZP,NI,D
09:20:05,ICBP,RG,9025,12,D,CS,NI,D
09:20:05,ICBP,RG,9025,5,D,DR,NI,D
09:19:58,ICBP,RG,9025,10,D,DR,SQ,D
09:19:41,ICBP,RG,9050,58,D,KZ,BK,F
09:19:40,ICBP,RG,9050,2,F,ZP,BK,F
09:19:40,ICBP,RG,9050,1,F,ZP,NI,D
09:19:40,ICBP,RG,9050,10,F,ZP,SQ,D
09:19:40,ICBP,RG,9050,14,F,ZP,AO,D
09:19:25,ICBP,RG,9050,4,D,XC,AO,D
09:19:18,ICBP,RG,9050,2,D,KK,AO,D
09:19:18,ICBP,RG,9025,1,D,DR,CC,D
09:19:12,ICBP,RG,9050,5,D,NI,BK,F
09:18:33,ICBP,RG,9050,1,F,ZP,BK,F
09:18:17,ICBP,RG,9050,1,D,RX,BK,F
09:17:04,ICBP,RG,9050,1,D,PD,BK,F
09:16:59,ICBP,RG,9050,1,D,EP,BK,F
09:16:07,ICBP,RG,9050,1,D,RX,BK,F
09:15:55,ICBP,RG,9025,161,D,DR,BK,F
09:15:52,ICBP,RG,9025,763,D,DR,YU,D
09:15:47,ICBP,RG,9025,2,D,DR,PD,D
09:15:28,ICBP,RG,9025,5,D,DR,DR,D
09:15:13,ICBP,RG,9025,1,D,DR,TF,D
09:15:04,ICBP,RG,9050,20,D,CC,BK,F
09:14:55,ICBP,RG,9025,58,D,DR,DX,F
09:14:52,ICBP,RG,9025,86,D,DR,BK,F
09:14:50,ICBP,RG,9025,84,D,DR,BK,F
09:14:46,ICBP,RG,9050,2,F,ZP,BK,F
09:14:46,ICBP,RG,9025,9,D,DR,DX,F
09:14:46,ICBP,RG,9025,13,D,DR,YU,F
09:14:46,ICBP,RG,9050,1,F,ZP,BK,F
09:14:46,ICBP,RG,9025,8,D,DR,DX,F
09:14:46,ICBP,RG,9025,47,D,DR,XC,D
09:14:46,ICBP,RG,9025,1,D,DR,XC,D
09:14:46,ICBP,RG,9025,7,D,DR,NI,D
09:14:46,ICBP,RG,9025,1,D,DR,BK,F
09:14:46,ICBP,RG,9025,20,D,DR,SQ,D
09:14:46,ICBP,RG,9025,26,D,DR,YU,F
09:14:46,ICBP,RG,9025,25,D,DR,DX,F
09:14:46,ICBP,RG,9025,2,D,DR,CC,D
09:14:46,ICBP,RG,9025,5,D,DR,YP,D
09:14:46,ICBP,RG,9025,1,D,DR,PD,D
09:14:46,ICBP,RG,9025,1,D,DR,XC,D
09:14:46,ICBP,RG,9025,27,D,DR,AK,F
09:14:46,ICBP,RG,9025,31,D,DR,DX,F
09:14:46,ICBP,RG,9025,602,D,DR,YU,F
09:14:46,ICBP,RG,9025,11,D,DR,DX,F
09:14:46,ICBP,RG,9025,10,D,DR,RX,D
09:14:46,ICBP,RG,9025,14,D,DR,RX,D
09:14:46,ICBP,RG,9025,21,D,DR,RX,D
09:14:46,ICBP,RG,9025,35,D,DR,RX,D
09:14:46,ICBP,RG,9025,30,D,DR,RX,D
09:14:46,ICBP,RG,9025,9,D,DR,DX,F
09:14:46,ICBP,RG,9025,50,D,DR,YP,D
09:14:46,ICBP,RG,9025,8,D,DR,DX,F
09:14:46,ICBP,RG,9025,115,D,DR,BK,F
09:14:46,ICBP,RG,9025,9,D,DR,DX,F
09:14:46,ICBP,RG,9025,7,D,DR,NI,D
09:14:46,ICBP,RG,9025,1,D,DR,NI,D
09:14:46,ICBP,RG,9025,1,D,DR,NI,D
09:14:46,ICBP,RG,9025,9,D,DR,PD,D
09:14:46,ICBP,RG,9025,19,D,DR,DX,F
09:14:46,ICBP,RG,9025,149,D,DR,BK,F
09:14:46,ICBP,RG,9000,13,D,DH,DX,F
09:14:46,ICBP,RG,9000,7,D,DH,DX,F
