Time,Stock,Brd,Price,Qty,BT,BC,SC,ST
15:14:11,ICBP,RG,8750,4,D,XC,KK,D
15:14:09,ICBP,RG,8750,1,F,ZP,KK,D
15:14:02,ICBP,RG,8750,1,D,XL,KK,D
15:13:45,ICBP,RG,8750,1,D,XC,KK,D
15:09:29,ICBP,RG,8750,3,D,YP,KK,D
15:08:30,ICBP,RG,8750,1,F,ZP,KK,D
15:08:23,ICBP,RG,8750,2,D,PD,KK,D
15:07:01,ICBP,RG,8750,1,D,XC,KK,D
15:06:06,ICBP,RG,8750,1,D,CC,KK,D
15:05:37,ICBP,RG,8750,1,D,EP,KK,D
15:01:26,ICBP,RG,8750,1,D,PD,KK,D
15:01:12,ICBP,RG,8750,1,F,ZP,KK,D
15:01:09,ICBP,RG,8750,1,D,KK,KK,D
15:01:04,ICBP,RG,8750,1,F,ZP,KK,D
15:00:00,ICBP,RG,8750,2,F,AK,CC,D
15:00:00,ICBP,RG,8750,7,F,AK,CC,D
15:00:00,ICBP,RG,8750,256,F,AK,BK,F
15:00:00,ICBP,RG,8750,112,F,CS,BK,F
15:00:00,ICBP,RG,8750,117,F,CS,ZP,F
15:00:00,ICBP,RG,8750,3,D,CC,ZP,F
15:00:00,ICBP,RG,8750,10,D,KK,ZP,F
15:00:00,ICBP,RG,8750,10,D,XC,ZP,F
15:00:00,ICBP,RG,8750,191,F,AK,ZP,F
15:00:00,ICBP,RG,8750,1,D,YP,ZP,F
15:00:00,ICBP,RG,8750,5,D,PD,ZP,F
15:00:00,ICBP,RG,8750,5,D,PD,ZP,F
15:00:00,ICBP,RG,8750,5,D,XC,ZP,F
15:00:00,ICBP,RG,8750,10,D,PD,ZP,F
15:00:00,ICBP,RG,8750,1,D,PD,ZP,F
15:00:00,ICBP,RG,8750,2,D,PD,ZP,F
15:00:00,ICBP,RG,8750,1,D,CC,ZP,F
15:00:00,ICBP,RG,8750,2,D,PD,ZP,F
15:00:00,ICBP,RG,8750,1,D,DH,ZP,F
15:00:00,ICBP,RG,8750,1,D,CC,ZP,F
15:00:00,ICBP,RG,8750,1,D,YP,ZP,F
15:00:00,ICBP,RG,8750,1,D,XC,ZP,F
15:00:00,ICBP,RG,8750,1,D,CC,ZP,F
15:00:00,ICBP,RG,8750,10,D,PD,ZP,F
15:00:00,ICBP,RG,8750,1,D,SQ,ZP,F
15:00:00,ICBP,RG,8750,1,D,XC,ZP,F
15:00:00,ICBP,RG,8750,12,D,NI,ZP,F
15:00:00,ICBP,RG,8750,1,D,PD,ZP,F
15:00:00,ICBP,RG,8750,5,D,PD,ZP,F
15:00:00,ICBP,RG,8750,1,D,XA,ZP,F
15:00:00,ICBP,RG,8750,10,D,PD,ZP,F
15:00:00,ICBP,RG,8750,1,D,AT,ZP,F
15:00:00,ICBP,RG,8750,20,D,PD,ZP,F
15:00:00,ICBP,RG,8750,7,D,XC,ZP,F
15:00:00,ICBP,RG,8750,1,D,PD,ZP,F
15:00:00,ICBP,RG,8750,3,D,CC,ZP,F
15:00:00,ICBP,RG,8750,1,D,TP,ZP,F
15:00:00,ICBP,RG,8750,4,D,AZ,ZP,F
15:00:00,ICBP,RG,8750,1,D,KK,ZP,F
15:00:00,ICBP,RG,8750,2,D,CC,ZP,F
15:00:00,ICBP,RG,8750,173,F,BK,ZP,F
15:00:00,ICBP,RG,8750,2,D,PD,ZP,F
15:00:00,ICBP,RG,8750,1,D,NI,ZP,F
15:00:00,ICBP,RG,8750,56,D,YP,ZP,F
15:00:00,ICBP,RG,8750,23,F,ZP,ZP,F
15:00:00,ICBP,RG,8750,62,F,ZP,ZP,F
15:00:00,ICBP,RG,8750,154,F,ZP,BK,F
15:00:00,ICBP,RG,8750,76,F,ZP,BK,F
15:00:00,ICBP,RG,8750,237,F,ZP,CS,F
15:00:00,ICBP,RG,8750,4,F,BK,CS,F
15:00:00,ICBP,RG,8750,57,F,CS,CS,F
15:00:00,ICBP,RG,8750,19,F,CS,CS,F
15:00:00,ICBP,RG,8750,12,F,AK,CS,F
15:00:00,ICBP,RG,8750,163,F,AK,CS,F
15:00:00,ICBP,RG,8750,38,F,AK,CS,F
15:00:00,ICBP,RG,8750,64,F,AK,CS,F
15:00:00,ICBP,RG,8750,36,F,AK,CS,F
15:00:00,ICBP,RG,8750,40,F,YU,CS,F
15:00:00,ICBP,RG,8750,347,D,OD,CS,F
15:00:00,ICBP,RG,8750,22,D,OD,AK,F
15:00:00,ICBP,RG,8750,31,D,OD,AK,F
15:00:00,ICBP,RG,8750,562,D,PD,AK,F
15:00:00,ICBP,RG,8750,14,D,PD,CC,D
15:00:00,ICBP,RG,8750,1,D,PD,KK,D
15:00:00,ICBP,RG,8750,4,D,PD,AK,F
15:00:00,ICBP,RG,8750,10,D,PD,AK,F
15:00:00,ICBP,RG,8750,300,D,PD,RX,F
15:00:00,ICBP,RG,8750,22,D,PD,AK,F
15:00:00,ICBP,RG,8750,100,D,PD,AK,F
15:00:00,ICBP,RG,8750,21,D,PD,AK,F
15:00:00,ICBP,RG,8750,197,D,PD,YU,F
15:00:00,ICBP,RG,8750,2,D,PD,YU,F
15:00:00,ICBP,RG,8750,2,D,PD,YU,F
15:00:00,ICBP,RG,8750,2,D,PD,YU,F
15:00:00,ICBP,RG,8750,7,D,PD,AK,F
14:49:53,ICBP,RG,8775,3,F,BK,BK,F
14:49:53,ICBP,RG,8800,1,F,ZP,BK,F
14:49:50,ICBP,RG,8800,1,F,ZP,AK,F
14:49:48,ICBP,RG,8775,4,F,BK,BK,F
14:49:45,ICBP,RG,8775,1,F,BK,AK,F
14:49:45,ICBP,RG,8775,2,F,BK,AK,F
14:49:38,ICBP,RG,8800,3,F,ZP,AK,F
14:49:38,ICBP,RG,8800,1,F,ZP,AK,F
14:49:30,ICBP,RG,8775,1,F,BK,AK,F
14:49:30,ICBP,RG,8775,1,F,BK,AK,F
14:49:26,ICBP,RG,8775,3,F,BK,BK,F
14:49:24,ICBP,RG,8775,1,F,BK,AK,F
14:49:22,ICBP,RG,8825,17,F,ZP,AK,F
14:49:16,ICBP,RG,8775,3,F,BK,BK,F
14:49:15,ICBP,RG,8775,1,F,BK,AK,F
14:49:15,ICBP,RG,8775,1,F,BK,AK,F
14:49:13,ICBP,RG,8825,63,D,BB,AK,F
14:49:13,ICBP,RG,8825,21,D,BB,AK,F
14:49:12,ICBP,RG,8825,6,D,BB,AK,F
14:49:11,ICBP,RG,8825,4,F,ZP,AK,F
14:49:11,ICBP,RG,8825,1,F,ZP,PD,D
14:49:11,ICBP,RG,8825,3,F,ZP,XC,D
14:49:11,ICBP,RG,8825,2,F,ZP,OD,D
14:49:11,ICBP,RG,8825,9,F,ZP,YP,D
14:49:11,ICBP,RG,8800,2,D,BB,AK,F
14:49:10,ICBP,RG,8800,15,D,BB,AK,F
14:49:10,ICBP,RG,8800,6,D,BB,BK,F
14:49:10,ICBP,RG,8800,19,D,BB,BK,F
14:49:10,ICBP,RG,8800,7,D,BB,AK,F
14:49:09,ICBP,RG,8775,6,F,BK,BK,F
14:49:06,ICBP,RG,8800,5,D,BB,AK,F
14:49:05,ICBP,RG,8800,20,D,BB,AK,F
14:49:05,ICBP,RG,8800,4,D,BB,AK,F
14:49:05,ICBP,RG,8775,11,F,BK,BK,F
14:49:00,ICBP,RG,8825,14,F,ZP,YP,D
14:49:00,ICBP,RG,8800,4,F,ZP,AK,F
14:49:00,ICBP,RG,8825,7,D,BB,YP,D
14:49:00,ICBP,RG,8825,7,D,BB,YP,D
14:49:00,ICBP,RG,8800,2,D,BB,BK,F
14:49:00,ICBP,RG,8800,2,D,BB,BK,F
14:48:48,ICBP,RG,8825,3,D,BB,YP,D
14:48:48,ICBP,RG,8825,3,D,BB,YP,D
14:48:48,ICBP,RG,8825,1,D,BB,XC,D
14:48:48,ICBP,RG,8825,4,D,BB,YP,D
14:48:48,ICBP,RG,8825,2,D,BB,YP,D
14:48:47,ICBP,RG,8800,3,D,BB,AK,F
14:48:47,ICBP,RG,8800,1,D,BB,AK,F
14:48:46,ICBP,RG,8775,5,F,BK,ZP,F
14:48:45,ICBP,RG,8800,1,D,BB,ZP,F
14:48:45,ICBP,RG,8800,1,F,CS,ZP,F
14:48:45,ICBP,RG,8800,1,F,CS,ZP,F
14:48:45,ICBP,RG,8800,1,F,CS,ZP,F
14:48:45,ICBP,RG,8800,2,D,XC,ZP,F
14:48:45,ICBP,RG,8800,1,D,BB,ZP,F
14:48:39,ICBP,RG,8800,1,D,BB,YP,D
14:48:36,ICBP,RG,8825,9,D,BB,YP,D
14:48:36,ICBP,RG,8825,9,D,BB,YP,D
14:48:35,ICBP,RG,8825,1,D,LG,YP,D
14:48:29,ICBP,RG,8825,7,D,BB,YP,D
14:48:29,ICBP,RG,8825,10,D,BB,YP,D
14:48:15,ICBP,RG,8825,8,F,ZP,YP,D
14:48:15,ICBP,RG,8825,1,F,ZP,BQ,D
14:48:15,ICBP,RG,8825,4,F,ZP,AK,F
14:48:15,ICBP,RG,8825,2,F,ZP,YP,D
14:48:15,ICBP,RG,8825,7,F,ZP,DR,D
14:48:15,ICBP,RG,8775,21,F,BK,SA,D
14:48:15,ICBP,RG,8800,1,F,BK,SA,D
14:48:15,ICBP,RG,8800,1,D,XA,SA,D
14:48:15,ICBP,RG,8800,2,D,BB,SA,D
14:48:15,ICBP,RG,8800,1,D,BB,SA,D
14:48:15,ICBP,RG,8800,1,F,CS,SA,D
14:48:15,ICBP,RG,8800,2,D,XC,SA,D
14:48:15,ICBP,RG,8800,1,D,XC,SA,D
14:48:13,ICBP,RG,8825,5,D,BB,DR,D
14:48:13,ICBP,RG,8825,1,D,BB,CC,D
14:48:13,ICBP,RG,8825,1,D,BB,XC,D
14:48:09,ICBP,RG,8825,3,D,BB,XC,D
14:48:09,ICBP,RG,8825,1,D,BB,PD,D
14:48:09,ICBP,RG,8825,1,D,BB,CC,D
14:48:09,ICBP,RG,8825,3,D,BB,YP,D
14:48:09,ICBP,RG,8825,10,D,BB,DX,D
14:48:09,ICBP,RG,8825,1,D,BB,PD,D
14:48:09,ICBP,RG,8825,3,D,BB,YP,D
14:48:02,ICBP,RG,8825,6,D,BB,YP,D
14:47:54,ICBP,RG,8825,6,D,BB,YP,D
14:47:54,ICBP,RG,8825,10,D,BB,YP,D
14:47:54,ICBP,RG,8825,1,D,BB,XC,D
14:47:54,ICBP,RG,8825,15,D,BB,CC,D
14:47:54,ICBP,RG,8825,3,D,BB,XC,D
14:47:43,ICBP,RG,8825,10,D,BB,DH,D
14:47:43,ICBP,RG,8825,1,D,BB,CC,D
14:47:43,ICBP,RG,8825,5,D,BB,CC,D
14:47:43,ICBP,RG,8825,1,D,BB,XC,D
14:47:43,ICBP,RG,8825,3,D,BB,CC,D
14:47:43,ICBP,RG,8800,7,D,BB,AK,F
14:47:43,ICBP,RG,8800,2,D,BB,GR,D
14:47:43,ICBP,RG,8800,8,D,BB,BK,F
14:47:43,ICBP,RG,8800,1,D,BB,AK,F
14:47:43,ICBP,RG,8800,1,D,BB,AK,F
14:47:43,ICBP,RG,8800,1,D,BB,AK,F
14:47:40,ICBP,RG,8800,2,F,ZP,AK,F
14:47:40,ICBP,RG,8800,19,F,ZP,YP,D
14:47:40,ICBP,RG,8800,13,F,ZP,AK,F
14:47:40,ICBP,RG,8800,4,F,ZP,AK,F
14:47:26,ICBP,RG,8800,2,D,XC,YP,D
14:47:07,ICBP,RG,8800,3,D,BB,YP,D
14:47:07,ICBP,RG,8800,10,D,BB,PD,D
14:47:07,ICBP,RG,8800,1,D,BB,LS,D
14:47:07,ICBP,RG,8800,1,D,BB,AK,F
14:47:07,ICBP,RG,8800,3,D,BB,AK,F
14:47:07,ICBP,RG,8800,5,D,BB,AK,F
14:47:07,ICBP,RG,8800,13,D,BB,BK,F
14:46:54,ICBP,RG,8800,10,D,BB,BK,F
14:46:54,ICBP,RG,8800,35,D,BB,AK,F
14:46:53,ICBP,RG,8775,7,F,BK,BK,F
14:46:35,ICBP,RG,8775,2,F,BK,DH,D
14:46:30,ICBP,RG,8775,8,F,BK,BK,F
14:46:17,ICBP,RG,8800,39,D,BB,AK,F
14:46:00,ICBP,RG,8800,45,D,BB,AK,F
14:45:57,ICBP,RG,8775,9,F,BK,BK,F
14:45:35,ICBP,RG,8775,8,F,BK,BK,F
14:45:30,ICBP,RG,8775,9,F,BK,BK,F
14:45:24,ICBP,RG,8825,1,D,BB,CC,D
14:45:24,ICBP,RG,8825,28,D,BB,AK,F
14:45:23,ICBP,RG,8825,13,F,ZP,AK,F
14:45:11,ICBP,RG,8775,7,F,BK,BK,F
14:45:08,ICBP,RG,8775,8,F,BK,BK,F
14:45:06,ICBP,RG,8825,40,D,BB,AK,F
14:44:50,ICBP,RG,8775,7,F,BK,BK,F
14:44:47,ICBP,RG,8825,24,F,ZP,AK,F
14:44:47,ICBP,RG,8800,1,F,ZP,PD,D
14:44:45,ICBP,RG,8800,1,D,PD,NI,D
14:44:45,ICBP,RG,8800,4,D,PD,XC,D
14:44:45,ICBP,RG,8800,1,D,CC,XC,D
14:44:45,ICBP,RG,8800,5,D,BB,XC,D
14:44:44,ICBP,RG,8800,2,D,BB,BK,F
14:44:44,ICBP,RG,8800,5,F,CS,BK,F
14:44:44,ICBP,RG,8800,1,F,CS,BK,F
14:44:44,ICBP,RG,8800,1,D,KK,BK,F
14:44:38,ICBP,RG,8800,8,D,KK,BK,F
14:44:35,ICBP,RG,8825,36,D,BB,AK,F
14:44:26,ICBP,RG,8800,1,D,KK,KK,D
14:44:19,ICBP,RG,8825,19,D,BB,AK,F
14:44:19,ICBP,RG,8825,18,D,BB,OD,D
14:44:19,ICBP,RG,8825,1,D,BB,YP,D
14:44:19,ICBP,RG,8825,1,D,BB,GR,D
14:44:19,ICBP,RG,8825,1,D,BB,PD,D
14:44:19,ICBP,RG,8825,2,D,BB,PD,D
14:44:19,ICBP,RG,8825,1,D,BB,XC,D
14:44:19,ICBP,RG,8825,7,D,BB,SQ,D
14:44:10,ICBP,RG,8800,1,D,KK,XC,D
14:44:06,ICBP,RG,8825,3,F,ZP,SQ,D
14:44:06,ICBP,RG,8825,10,F,ZP,CC,D
14:44:06,ICBP,RG,8825,5,F,ZP,CC,D
14:44:06,ICBP,RG,8825,8,F,ZP,CD,D
14:44:05,ICBP,RG,8825,15,D,PD,CD,D
14:44:05,ICBP,RG,8825,5,D,PD,DR,D
14:44:05,ICBP,RG,8825,1,D,PD,LG,D
14:43:59,ICBP,RG,8800,1,D,KK,CC,D
14:43:59,ICBP,RG,8800,1,F,BK,CC,D
14:43:59,ICBP,RG,8800,5,F,CS,CC,D
14:43:59,ICBP,RG,8800,1,F,CS,CC,D
14:43:59,ICBP,RG,8800,2,D,KK,CC,D
14:43:45,ICBP,RG,8825,4,D,BB,LG,D
14:43:45,ICBP,RG,8825,1,D,BB,SQ,D
14:43:45,ICBP,RG,8825,5,D,BB,YP,D
14:43:45,ICBP,RG,8825,5,D,BB,YP,D
14:43:45,ICBP,RG,8825,2,D,BB,PD,D
14:43:45,ICBP,RG,8825,20,D,BB,EP,D
14:43:33,ICBP,RG,8800,10,D,KK,YP,D
14:43:19,ICBP,RG,8825,30,D,BB,EP,D
14:43:19,ICBP,RG,8825,1,D,BB,LS,D
14:43:19,ICBP,RG,8825,1,D,BB,XC,D
14:43:19,ICBP,RG,8825,2,D,BB,XC,D
14:43:19,ICBP,RG,8825,12,D,BB,YP,D
14:42:55,ICBP,RG,8825,39,D,BB,YP,D
14:42:39,ICBP,RG,8825,36,F,ZP,YP,D
14:42:31,ICBP,RG,8775,4,F,BK,LG,D
14:42:24,ICBP,RG,8825,42,D,BB,YP,D
14:42:01,ICBP,RG,8825,43,D,BB,YP,D
14:41:34,ICBP,RG,8825,42,D,BB,YP,D
14:41:09,ICBP,RG,8800,2,D,BB,BK,F
14:41:09,ICBP,RG,8800,20,D,BB,PD,D
14:41:09,ICBP,RG,8800,3,D,BB,CC,F
14:41:09,ICBP,RG,8800,1,D,BB,XC,D
14:41:09,ICBP,RG,8800,20,D,BB,ZP,D
14:40:44,ICBP,RG,8800,30,D,BB,ZP,D
14:40:44,ICBP,RG,8800,1,D,BB,AK,F
14:40:44,ICBP,RG,8800,1,D,BB,XC,D
14:40:44,ICBP,RG,8800,8,D,BB,BK,F
14:40:30,ICBP,RG,8800,9,D,OD,BK,F
14:40:17,ICBP,RG,8800,12,F,ZP,BK,F
14:40:13,ICBP,RG,8800,3,F,ZP,BK,F
14:40:13,ICBP,RG,8800,8,F,ZP,XL,D
14:40:13,ICBP,RG,8800,2,F,ZP,CC,F
14:40:13,ICBP,RG,8800,16,F,ZP,AK,F
14:40:12,ICBP,RG,8800,31,D,BB,AK,F
14:40:12,ICBP,RG,8800,21,D,BB,AK,F
14:40:11,ICBP,RG,8800,3,D,PD,AK,F
14:40:11,ICBP,RG,8800,3,D,PD,PD,D
14:40:11,ICBP,RG,8800,4,D,PD,XC,D
14:40:11,ICBP,RG,8800,7,D,PD,AK,F
14:40:11,ICBP,RG,8800,1,D,PD,XC,D
14:40:11,ICBP,RG,8800,2,D,PD,AK,F
14:39:56,ICBP,RG,8800,40,D,BB,AK,F
14:39:21,ICBP,RG,8775,10,F,BK,SQ,D
14:39:08,ICBP,RG,8800,53,D,BB,AK,F
14:39:08,ICBP,RG,8800,27,D,BB,AK,F
14:39:08,ICBP,RG,8800,10,D,BB,BK,F
14:38:57,ICBP,RG,8800,1,D,EP,BK,F
14:38:24,ICBP,RG,8800,1,F,ZP,BK,F
14:38:24,ICBP,RG,8800,1,F,ZP,AK,F
14:38:24,ICBP,RG,8800,4,F,ZP,AK,F
14:38:24,ICBP,RG,8800,4,F,ZP,AK,F
14:38:24,ICBP,RG,8800,14,F,ZP,AK,F
14:38:24,ICBP,RG,8800,4,F,ZP,AK,F
14:38:24,ICBP,RG,8800,4,F,ZP,AK,F
14:38:23,ICBP,RG,8800,39,D,BB,AK,F
14:38:07,ICBP,RG,8800,1,D,XC,AK,F
14:38:01,ICBP,RG,8800,58,D,BB,AK,F
14:37:57,ICBP,RG,8800,15,D,PD,AK,F
14:37:37,ICBP,RG,8800,41,D,BB,AK,F
14:37:10,ICBP,RG,8800,20,D,PD,AK,F
14:36:54,ICBP,RG,8800,32,F,ZP,AK,F
14:36:54,ICBP,RG,8800,4,F,ZP,OD,D
14:36:49,ICBP,RG,8800,14,D,BB,OD,D
14:36:49,ICBP,RG,8800,169,D,BB,RX,F
14:36:48,ICBP,RG,8800,31,F,ZP,RX,F
14:36:48,ICBP,RG,8800,28,F,ZP,BK,F
14:36:47,ICBP,RG,8775,3,F,BK,PD,D
14:36:47,ICBP,RG,8800,19,D,BB,BK,F
14:36:47,ICBP,RG,8800,30,D,BB,AK,F
14:36:47,ICBP,RG,8800,6,D,BB,AK,F
14:36:47,ICBP,RG,8800,172,D,BB,AK,F
14:36:11,ICBP,RG,8800,9,D,BB,AK,F
14:36:11,ICBP,RG,8800,22,D,OD,AK,F
14:36:11,ICBP,RG,8800,4,D,OD,AK,F
14:36:10,ICBP,RG,8800,1,D,OD,XC,D
14:36:10,ICBP,RG,8800,4,D,OD,AK,F
14:36:10,ICBP,RG,8800,1,D,OD,XC,D
14:36:10,ICBP,RG,8800,2,D,OD,OD,D
14:36:10,ICBP,RG,8800,4,D,OD,AK,F
14:36:10,ICBP,RG,8800,2,D,OD,OD,D
14:35:57,ICBP,RG,8800,1,F,CS,OD,D
14:35:57,ICBP,RG,8800,2,F,CS,OD,D
14:35:57,ICBP,RG,8800,3,F,CS,OD,D
14:35:57,ICBP,RG,8800,3,D,BB,OD,D
14:35:57,ICBP,RG,8800,3,D,BB,OD,D
14:35:57,ICBP,RG,8800,1,D,CC,OD,D
14:35:57,ICBP,RG,8800,1,F,CS,OD,D
14:35:57,ICBP,RG,8800,1,F,CS,OD,D
14:35:57,ICBP,RG,8800,1,F,CS,OD,D
14:35:53,ICBP,RG,8800,2,F,CS,BK,F
14:35:53,ICBP,RG,8800,1,D,OD,BK,F
14:35:53,ICBP,RG,8800,2,D,BB,BK,F
14:35:51,ICBP,RG,8800,15,D,BB,KK,D
14:35:51,ICBP,RG,8800,32,D,BB,KK,D
14:35:51,ICBP,RG,8800,2,F,BK,KK,D
14:35:51,ICBP,RG,8800,1,F,ZP,KK,D
14:35:51,ICBP,RG,8800,2,F,ZP,YP,D
14:35:45,ICBP,RG,8800,7,F,ZP,YP,D
14:35:45,ICBP,RG,8800,1,F,CS,YP,D
14:35:45,ICBP,RG,8800,1,F,CS,YP,D
14:35:45,ICBP,RG,8800,1,F,CS,YP,D
14:35:26,ICBP,RG,8800,1,F,CS,BK,F
14:35:26,ICBP,RG,8800,4,D,OD,BK,F
14:35:26,ICBP,RG,8825,44,F,ZP,YP,D
14:35:25,ICBP,RG,8825,12,F,ZP,YP,D
14:35:25,ICBP,RG,8825,14,F,ZP,XC,D
14:35:25,ICBP,RG,8825,5,F,ZP,KK,D
14:35:25,ICBP,RG,8825,10,F,ZP,SQ,D
14:35:25,ICBP,RG,8825,8,F,ZP,YP,D
14:35:24,ICBP,RG,8825,2,D,BB,YP,D
14:35:24,ICBP,RG,8825,1,D,BB,XC,D
14:35:24,ICBP,RG,8825,1,D,BB,PD,D
14:35:24,ICBP,RG,8825,3,D,BB,PD,D
14:35:24,ICBP,RG,8825,1,D,BB,YP,D
14:35:24,ICBP,RG,8825,10,D,BB,IF,D
14:35:24,ICBP,RG,8825,12,D,BB,XC,D
14:35:24,ICBP,RG,8825,40,D,BB,DH,D
14:35:24,ICBP,RG,8825,1,D,BB,PD,D
14:35:24,ICBP,RG,8825,1,D,BB,PD,D
14:35:24,ICBP,RG,8825,1,D,BB,PD,D
14:35:24,ICBP,RG,8825,1,D,BB,XC,D
14:35:24,ICBP,RG,8825,8,D,BB,YP,D
14:35:24,ICBP,RG,8825,1,D,BB,KK,D
14:35:24,ICBP,RG,8825,1,D,BB,PD,D
14:35:24,ICBP,RG,8825,1,D,BB,XC,D
14:35:24,ICBP,RG,8825,50,D,BB,YP,D
14:35:24,ICBP,RG,8825,3,D,BB,XC,D
14:35:24,ICBP,RG,8825,30,D,BB,CC,D
14:35:24,ICBP,RG,8825,1,D,BB,YP,D
14:35:24,ICBP,RG,8825,2,D,BB,YP,D
14:35:24,ICBP,RG,8825,2,D,BB,XC,D
14:35:24,ICBP,RG,8825,8,D,BB,DH,D
14:35:24,ICBP,RG,8825,8,D,BB,SQ,D
14:35:24,ICBP,RG,8825,8,D,BB,XC,D
14:35:24,ICBP,RG,8825,22,D,BB,YP,D
14:35:24,ICBP,RG,8825,5,D,BB,KK,D
14:35:24,ICBP,RG,8825,1,D,BB,XC,D
14:35:24,ICBP,RG,8825,5,D,BB,CC,D
14:35:24,ICBP,RG,8825,50,D,BB,GR,D
14:35:24,ICBP,RG,8825,2,D,BB,KK,D
14:35:24,ICBP,RG,8825,2,D,BB,AZ,D
14:35:24,ICBP,RG,8825,10,D,BB,PD,D
14:35:19,ICBP,RG,8800,17,D,OD,OD,D
14:35:08,ICBP,RG,8825,90,D,BB,PD,D
14:35:08,ICBP,RG,8825,3,D,BB,PD,D
14:35:08,ICBP,RG,8825,12,D,BB,GR,D
14:35:08,ICBP,RG,8825,25,D,BB,PD,D
14:35:08,ICBP,RG,8825,1,D,BB,NI,D
14:35:08,ICBP,RG,8825,1,D,BB,DR,D
14:35:08,ICBP,RG,8825,5,D,BB,YP,D
14:35:08,ICBP,RG,8825,100,D,BB,RX,F
14:35:08,ICBP,RG,8825,2,D,BB,XC,D
14:35:08,ICBP,RG,8825,1,D,BB,OD,D
14:35:08,ICBP,RG,8825,5,D,BB,YP,D
14:35:08,ICBP,RG,8825,30,D,BB,CC,D
14:35:08,ICBP,RG,8825,6,D,BB,GR,D
14:34:42,ICBP,RG,8825,1,D,PD,GR,D
14:34:36,ICBP,RG,8825,28,F,ZP,GR,D
14:34:07,ICBP,RG,8825,15,D,PD,GR,D
14:34:07,ICBP,RG,8825,1,D,PD,XL,D
14:34:07,ICBP,RG,8825,2,D,PD,CC,D
14:34:07,ICBP,RG,8825,1,D,PD,YP,D
14:34:07,ICBP,RG,8825,1,D,PD,XC,D
14:34:00,ICBP,RG,8800,11,D,OD,YP,D
14:33:58,ICBP,RG,8800,5,D,OD,YP,D
14:33:58,ICBP,RG,8800,1,D,OD,XC,D
14:33:44,ICBP,RG,8800,1,D,OD,XC,D
14:33:43,ICBP,RG,8800,10,D,OD,NI,D
14:32:46,ICBP,RG,8800,10,D,OD,LG,D
14:32:01,ICBP,RG,8825,1,D,OD,XC,D
14:32:00,ICBP,RG,8825,1,D,YP,CC,D
14:32:00,ICBP,RG,8825,1,D,YP,AZ,D
14:32:00,ICBP,RG,8825,10,D,YP,PD,D
14:32:00,ICBP,RG,8825,1,D,YP,YP,D
14:32:00,ICBP,RG,8825,1,D,YP,CC,D
14:32:00,ICBP,RG,8825,5,D,YP,PD,D
14:32:00,ICBP,RG,8825,1,D,YP,XC,D
14:32:00,ICBP,RG,8825,1,D,YP,PD,D
14:32:00,ICBP,RG,8825,35,D,YP,DX,D
14:32:00,ICBP,RG,8825,33,F,ZP,DX,D
14:31:59,ICBP,RG,8825,32,F,ZP,DX,D
14:31:59,ICBP,RG,8825,1,F,ZP,PD,D
14:31:59,ICBP,RG,8825,1,F,ZP,XC,D
14:31:59,ICBP,RG,8825,1,F,ZP,KK,D
14:31:59,ICBP,RG,8825,1,F,ZP,GR,D
14:31:59,ICBP,RG,8825,3,F,ZP,DR,D
14:31:58,ICBP,RG,8800,5,D,OD,AK,F
14:31:58,ICBP,RG,8800,1,D,OD,AK,F
14:31:58,ICBP,RG,8800,9,D,OD,BK,F
14:31:58,ICBP,RG,8800,1,D,OD,AK,F
14:31:58,ICBP,RG,8800,2,D,OD,CC,F
14:31:58,ICBP,RG,8800,11,D,OD,AK,F
14:31:58,ICBP,RG,8800,1,D,OD,AK,F
14:31:58,ICBP,RG,8800,5,D,OD,AK,F
14:31:58,ICBP,RG,8800,79,D,OD,AK,F
14:31:58,ICBP,RG,8800,10,D,OD,YP,D
14:31:58,ICBP,RG,8800,10,D,OD,PD,D
14:31:58,ICBP,RG,8800,10,D,OD,DH,D
14:31:58,ICBP,RG,8800,9,D,OD,BK,F
14:31:58,ICBP,RG,8800,9,D,OD,OD,D
14:31:58,ICBP,RG,8800,9,D,OD,OD,D
14:31:58,ICBP,RG,8800,4,D,OD,XC,D
14:31:58,ICBP,RG,8800,5,D,OD,LG,D
14:31:58,ICBP,RG,8800,2,D,OD,LS,D
14:31:58,ICBP,RG,8800,4,D,OD,AK,F
14:31:58,ICBP,RG,8800,2,D,OD,CC,D
14:31:58,ICBP,RG,8800,3,D,OD,BK,F
14:31:58,ICBP,RG,8800,5,D,OD,BK,F
14:31:58,ICBP,RG,8800,100,D,OD,RX,F
14:31:58,ICBP,RG,8800,95,D,OD,IH,D
14:31:51,ICBP,RG,8800,5,D,XL,IH,D
14:31:51,ICBP,RG,8800,2,D,XL,AK,F
14:31:18,ICBP,RG,8800,5,D,GR,AK,F
14:31:09,ICBP,RG,8800,2,D,CC,AK,F
14:31:08,ICBP,RG,8800,19,D,PD,AK,F
14:30:48,ICBP,RG,8800,11,F,ZP,AK,F
14:30:48,ICBP,RG,8800,2,F,ZP,PD,D
14:30:48,ICBP,RG,8800,3,F,ZP,XC,D
14:30:48,ICBP,RG,8800,4,F,ZP,XC,D
14:30:48,ICBP,RG,8800,2,F,ZP,NI,D
14:30:48,ICBP,RG,8800,5,F,ZP,MU,D
14:30:48,ICBP,RG,8800,5,F,ZP,XC,D
14:30:48,ICBP,RG,8800,3,F,ZP,BQ,D
14:30:48,ICBP,RG,8800,2,F,ZP,GR,D
14:30:48,ICBP,RG,8800,5,F,ZP,AK,F
14:30:48,ICBP,RG,8800,6,F,ZP,AK,F
14:30:48,ICBP,RG,8800,2,F,ZP,XC,D
14:30:48,ICBP,RG,8800,1,F,ZP,NI,D
14:30:48,ICBP,RG,8800,1,F,ZP,AK,F
14:30:48,ICBP,RG,8800,1,F,ZP,XC,D
14:30:48,ICBP,RG,8800,3,F,ZP,XC,D
14:30:48,ICBP,RG,8800,1,F,ZP,AK,F
14:30:47,ICBP,RG,8800,5,F,CS,AK,F
14:30:47,ICBP,RG,8800,6,D,BB,AK,F
14:30:47,ICBP,RG,8800,1,D,BB,CP,D
14:30:47,ICBP,RG,8800,5,D,BB,AK,F
14:30:47,ICBP,RG,8800,1,D,BB,XC,D
14:30:47,ICBP,RG,8800,1,D,BB,XC,D
14:30:47,ICBP,RG,8800,5,D,BB,PD,D
14:30:47,ICBP,RG,8800,1,D,BB,XC,D
14:30:47,ICBP,RG,8800,1,D,BB,NI,D
14:30:47,ICBP,RG,8800,100,D,BB,RX,F
14:30:47,ICBP,RG,8800,29,D,BB,EP,D
14:30:47,ICBP,RG,8800,1,D,BB,LG,D
14:30:47,ICBP,RG,8800,18,D,BB,CC,D
14:30:47,ICBP,RG,8800,4,D,BB,AK,F
14:30:47,ICBP,RG,8800,3,D,BB,AK,F
14:30:47,ICBP,RG,8800,4,D,BB,AK,F
14:30:47,ICBP,RG,8800,186,D,BB,AK,F
14:30:27,ICBP,RG,8800,9,F,ZP,AK,F
14:30:23,ICBP,RG,8800,4,D,BB,AK,F
14:29:30,ICBP,RG,8775,10,F,BK,CC,D
14:29:05,ICBP,RG,8800,4,F,BK,AK,F
14:28:54,ICBP,RG,8775,5,F,BK,CC,D
14:28:27,ICBP,RG,8800,36,F,ZP,AK,F
14:28:11,ICBP,RG,8775,26,F,BK,AK,F
14:28:11,ICBP,RG,8800,20,D,PD,AK,F
14:28:10,ICBP,RG,8775,26,F,BK,AK,F
14:28:10,ICBP,RG,8775,25,F,BK,SQ,D
14:27:23,ICBP,RG,8800,2,D,PD,AK,F
14:27:11,ICBP,RG,8775,13,F,BK,LG,D
14:26:41,ICBP,RG,8800,3,F,CS,AK,F
14:26:26,ICBP,RG,8775,1,F,BK,YP,D
14:26:17,ICBP,RG,8775,1,F,BK,PD,D
14:25:55,ICBP,RG,8775,15,F,BK,YP,D
14:25:28,ICBP,RG,8800,1,D,KK,AK,F
14:25:20,ICBP,RG,8800,29,F,ZP,AK,F
14:25:20,ICBP,RG,8800,75,F,ZP,AK,F
14:25:20,ICBP,RG,8800,143,D,OD,AK,F
14:25:20,ICBP,RG,8800,20,D,OD,KK,D
14:25:20,ICBP,RG,8800,5,D,OD,KK,D
14:25:20,ICBP,RG,8800,1,D,OD,YP,D
14:25:20,ICBP,RG,8800,5,D,OD,SQ,D
14:25:20,ICBP,RG,8800,4,D,OD,XC,D
14:25:20,ICBP,RG,8800,10,D,OD,CC,D
14:25:20,ICBP,RG,8800,1,D,OD,XC,D
14:25:20,ICBP,RG,8800,1,D,OD,XC,D
14:25:20,ICBP,RG,8800,3,D,OD,PD,D
14:25:09,ICBP,RG,8800,9,F,ZP,PD,D
14:25:09,ICBP,RG,8800,2,F,ZP,XC,D
14:25:09,ICBP,RG,8800,1,F,ZP,XC,D
14:25:09,ICBP,RG,8800,1,F,ZP,KK,D
14:25:09,ICBP,RG,8800,2,F,ZP,PD,D
14:25:09,ICBP,RG,8800,28,F,ZP,YP,D
14:25:08,ICBP,RG,8800,2,D,BB,YP,D
14:25:08,ICBP,RG,8800,1,D,BB,NI,D
14:25:08,ICBP,RG,8800,1,D,BB,PD,D
14:25:08,ICBP,RG,8800,5,D,BB,YP,D
14:25:08,ICBP,RG,8800,20,D,BB,PD,D
14:25:08,ICBP,RG,8800,2,D,BB,XC,D
14:25:08,ICBP,RG,8800,5,D,BB,XC,D
14:25:08,ICBP,RG,8800,30,D,BB,DH,D
14:25:08,ICBP,RG,8800,1,D,BB,CP,D
14:25:08,ICBP,RG,8800,10,D,BB,NI,D
14:25:08,ICBP,RG,8800,1,D,BB,PD,D
14:25:08,ICBP,RG,8800,6,D,BB,YP,D
14:25:08,ICBP,RG,8800,3,D,BB,YP,D
14:25:08,ICBP,RG,8800,5,D,BB,PD,D
14:25:08,ICBP,RG,8800,15,D,BB,ZP,D
14:25:08,ICBP,RG,8800,10,D,BB,XC,D
14:25:08,ICBP,RG,8800,21,D,BB,NI,D
14:25:08,ICBP,RG,8800,26,D,BB,DR,D
14:25:08,ICBP,RG,8800,2,D,BB,AZ,D
14:25:08,ICBP,RG,8800,20,D,BB,XC,D
14:25:08,ICBP,RG,8800,5,D,BB,CC,D
14:25:08,ICBP,RG,8800,1,D,BB,CC,D
14:25:08,ICBP,RG,8800,21,D,BB,XC,D
14:25:08,ICBP,RG,8800,1,D,BB,SQ,D
14:25:08,ICBP,RG,8800,1,D,BB,PD,D
14:25:08,ICBP,RG,8800,1,D,BB,PD,D
14:25:08,ICBP,RG,8800,30,D,BB,XC,D
14:25:08,ICBP,RG,8800,1,D,BB,NI,D
14:25:08,ICBP,RG,8800,4,D,BB,XC,D
14:25:08,ICBP,RG,8800,2,D,BB,XL,D
14:25:08,ICBP,RG,8800,1,D,BB,XC,D
14:25:08,ICBP,RG,8800,2,D,BB,CC,D
14:25:08,ICBP,RG,8800,2,D,BB,PD,D
14:25:08,ICBP,RG,8800,2,D,BB,CC,D
14:25:08,ICBP,RG,8800,2,D,BB,PD,D
14:25:08,ICBP,RG,8800,10,D,BB,NI,D
14:25:08,ICBP,RG,8800,5,D,BB,GR,D
14:25:08,ICBP,RG,8800,25,D,BB,XC,D
14:25:08,ICBP,RG,8800,3,D,BB,PD,D
14:25:08,ICBP,RG,8800,1,D,BB,GR,D
14:25:08,ICBP,RG,8800,12,D,BB,XC,D
14:25:08,ICBP,RG,8800,15,D,BB,XL,D
14:25:08,ICBP,RG,8800,1,D,BB,XC,D
14:25:08,ICBP,RG,8800,8,D,BB,NI,D
14:25:08,ICBP,RG,8800,10,D,BB,YP,D
14:25:08,ICBP,RG,8800,2,D,BB,YP,D
14:25:08,ICBP,RG,8800,1,D,BB,YP,D
14:25:08,ICBP,RG,8800,1,D,BB,YP,D
14:25:08,ICBP,RG,8800,10,D,BB,YP,D
14:25:08,ICBP,RG,8800,1,D,BB,YP,D
14:25:08,ICBP,RG,8800,13,D,BB,CC,D
14:25:08,ICBP,RG,8800,1,D,BB,XC,D
14:25:08,ICBP,RG,8800,5,D,BB,XC,D
14:25:08,ICBP,RG,8800,3,D,BB,XC,D
14:25:08,ICBP,RG,8800,12,D,BB,XC,D
14:25:08,ICBP,RG,8800,1,D,BB,CC,D
14:25:08,ICBP,RG,8800,4,D,BB,PD,D
14:25:08,ICBP,RG,8800,53,D,BB,KK,D
14:25:05,ICBP,RG,8800,7,D,PD,KK,D
14:25:05,ICBP,RG,8800,7,D,PD,KK,D
14:25:05,ICBP,RG,8800,6,D,PD,KK,D
14:24:43,ICBP,RG,8800,6,F,ZP,KK,D
14:24:43,ICBP,RG,8800,1,F,ZP,PD,D
14:24:43,ICBP,RG,8800,75,F,ZP,PD,D
14:24:43,ICBP,RG,8800,60,F,ZP,AT,D
14:24:43,ICBP,RG,8800,1,F,ZP,PD,D
14:24:43,ICBP,RG,8800,6,F,ZP,CP,D
14:24:43,ICBP,RG,8800,2,F,ZP,PD,D
14:24:43,ICBP,RG,8800,15,F,ZP,PD,D
14:24:42,ICBP,RG,8800,12,D,OD,DR,D
14:24:42,ICBP,RG,8800,5,D,OD,DH,D
14:24:42,ICBP,RG,8800,30,D,OD,YU,D
14:24:42,ICBP,RG,8800,2,D,OD,KK,D
14:24:42,ICBP,RG,8800,1,D,OD,PD,D
14:24:42,ICBP,RG,8800,1,D,OD,XC,D
14:24:42,ICBP,RG,8800,20,D,OD,CC,D
14:24:42,ICBP,RG,8800,1,D,OD,KK,D
14:24:42,ICBP,RG,8800,12,D,OD,DR,D
14:24:42,ICBP,RG,8800,1,D,OD,YP,D
14:24:42,ICBP,RG,8800,7,D,OD,PD,D
14:24:42,ICBP,RG,8800,8,D,OD,YP,D
14:24:28,ICBP,RG,8775,2,F,BK,NI,D
14:24:20,ICBP,RG,8775,50,F,BK,YP,D
14:23:38,ICBP,RG,8800,43,D,BB,YP,D
14:23:38,ICBP,RG,8800,1,D,BB,PD,D
14:23:38,ICBP,RG,8800,30,D,BB,OD,D
14:23:38,ICBP,RG,8800,5,D,BB,PD,D
14:23:38,ICBP,RG,8800,10,D,BB,TP,D
14:23:38,ICBP,RG,8800,4,D,BB,XC,D
14:23:38,ICBP,RG,8800,11,D,BB,NI,D
14:23:38,ICBP,RG,8800,1,D,BB,XC,D
14:23:38,ICBP,RG,8800,30,D,BB,NI,D
14:23:38,ICBP,RG,8800,1,D,BB,PD,D
14:23:38,ICBP,RG,8800,1,D,BB,YP,D
14:23:38,ICBP,RG,8800,1,D,BB,SQ,D
14:23:38,ICBP,RG,8800,1,D,BB,PD,D
14:23:38,ICBP,RG,8800,10,D,BB,YP,D
14:23:38,ICBP,RG,8800,1,D,BB,PD,D
14:23:38,ICBP,RG,8800,9,D,BB,XC,D
14:23:38,ICBP,RG,8800,1,D,BB,PD,D
14:23:38,ICBP,RG,8800,5,D,BB,GR,D
14:23:38,ICBP,RG,8800,1,D,BB,PD,D
14:23:38,ICBP,RG,8800,6,D,BB,NI,D
14:23:38,ICBP,RG,8800,25,D,BB,YP,D
14:23:38,ICBP,RG,8800,1,D,BB,KK,D
14:23:38,ICBP,RG,8800,5,D,BB,XC,D
14:23:38,ICBP,RG,8800,6,D,BB,XC,D
14:23:38,ICBP,RG,8800,5,D,BB,XC,D
14:23:38,ICBP,RG,8800,5,D,BB,KK,D
14:23:38,ICBP,RG,8800,8,D,BB,YP,D
14:23:38,ICBP,RG,8800,250,D,BB,YP,D
14:23:38,ICBP,RG,8800,1,D,BB,CC,D
14:23:38,ICBP,RG,8800,5,D,BB,XC,D
14:23:38,ICBP,RG,8800,1,D,BB,EP,D
14:23:38,ICBP,RG,8800,516,D,BB,YJ,D
14:22:53,ICBP,RG,8775,3,F,BK,SQ,D
14:22:28,ICBP,RG,8800,50,F,ZP,YJ,D
14:22:04,ICBP,RG,8800,20,D,PD,YJ,D
14:21:22,ICBP,RG,8800,100,D,OD,BK,F
14:21:22,ICBP,RG,8800,21,D,OD,BK,F
14:21:22,ICBP,RG,8800,5,D,OD,LG,D
14:21:22,ICBP,RG,8800,1,D,OD,YP,D
14:21:22,ICBP,RG,8800,3,D,OD,PD,D
14:21:22,ICBP,RG,8800,6,D,OD,XC,D
14:21:22,ICBP,RG,8800,1,D,OD,AT,D
14:21:22,ICBP,RG,8800,3,D,OD,XC,D
14:21:22,ICBP,RG,8800,1,D,OD,XC,D
14:21:22,ICBP,RG,8800,3,D,OD,PD,D
14:21:22,ICBP,RG,8800,10,D,OD,CC,D
14:21:22,ICBP,RG,8800,1,D,OD,NI,D
14:21:22,ICBP,RG,8800,1,D,OD,DR,D
14:21:22,ICBP,RG,8800,9,D,OD,CC,D
14:21:22,ICBP,RG,8800,1,D,OD,PD,D
14:21:22,ICBP,RG,8800,1,D,OD,CC,D
14:20:43,ICBP,RG,8800,3,F,ZP,CC,D
14:20:43,ICBP,RG,8800,2,F,ZP,XC,D
14:20:43,ICBP,RG,8800,1,F,ZP,PD,D
14:20:43,ICBP,RG,8800,20,F,ZP,YP,D
14:20:43,ICBP,RG,8800,1,F,ZP,NI,D
14:20:43,ICBP,RG,8800,5,F,ZP,XC,D
14:20:43,ICBP,RG,8800,5,F,ZP,CC,D
14:20:43,ICBP,RG,8800,1,F,ZP,TP,D
14:20:43,ICBP,RG,8800,2,F,ZP,YP,D
14:20:43,ICBP,RG,8800,50,F,ZP,YP,D
14:20:43,ICBP,RG,8800,4,F,ZP,XC,D
14:20:43,ICBP,RG,8800,1,F,ZP,XC,D
14:20:43,ICBP,RG,8800,4,F,ZP,KK,D
14:20:43,ICBP,RG,8800,10,F,ZP,KK,D
14:20:43,ICBP,RG,8800,2,F,ZP,CP,D
14:20:43,ICBP,RG,8800,10,F,ZP,XC,D
14:20:43,ICBP,RG,8800,20,F,ZP,SQ,D
14:20:43,ICBP,RG,8800,1,F,ZP,NI,D
14:20:43,ICBP,RG,8800,1,F,ZP,CC,D
14:20:43,ICBP,RG,8800,9,F,ZP,XL,D
14:20:42,ICBP,RG,8775,1,F,BK,AK,F
14:20:42,ICBP,RG,8775,1,F,BK,AK,F
14:20:42,ICBP,RG,8775,3,F,BK,AK,F
14:20:42,ICBP,RG,8775,4,F,BK,AK,F
14:20:42,ICBP,RG,8775,33,F,BK,AK,F
14:20:42,ICBP,RG,8775,1,F,BK,AK,F
14:20:42,ICBP,RG,8775,4,F,BK,AK,F
14:20:42,ICBP,RG,8775,1,F,BK,AK,F
14:20:42,ICBP,RG,8775,5,F,BK,AK,F
14:20:42,ICBP,RG,8775,5,F,BK,AK,F
14:20:42,ICBP,RG,8775,5,F,BK,AK,F
14:20:42,ICBP,RG,8775,147,F,BK,AK,F
14:20:42,ICBP,RG,8775,80,F,BK,YP,D
14:20:42,ICBP,RG,8775,10,F,BK,GR,D
14:20:42,ICBP,RG,8775,2,F,BK,PD,D
14:20:42,ICBP,RG,8775,1,F,BK,AK,F
14:20:42,ICBP,RG,8775,4,F,BK,AK,F
14:20:42,ICBP,RG,8775,5,F,BK,AK,F
14:20:42,ICBP,RG,8775,1,F,BK,XC,D
14:20:42,ICBP,RG,8775,57,F,BK,BK,F
14:20:42,ICBP,RG,8775,220,F,BK,DX,D
14:20:42,ICBP,RG,8775,12,F,BK,CC,D
14:20:42,ICBP,RG,8775,1,F,BK,XC,D
14:20:42,ICBP,RG,8775,25,F,BK,NI,D
14:20:42,ICBP,RG,8775,1,F,BK,XC,D
14:20:42,ICBP,RG,8775,17,F,BK,PD,D
14:20:42,ICBP,RG,8775,1,F,BK,KK,D
14:20:42,ICBP,RG,8775,1,F,BK,AK,F
14:20:42,ICBP,RG,8775,4,F,BK,AK,F
14:20:42,ICBP,RG,8775,5,F,BK,AK,F
14:20:42,ICBP,RG,8775,26,F,BK,AK,F
14:20:42,ICBP,RG,8775,43,F,BK,BK,F
14:20:42,ICBP,RG,8775,4,F,BK,AK,F
14:20:42,ICBP,RG,8775,274,F,BK,AK,F
14:20:23,ICBP,RG,8775,7,F,ZP,AK,F
14:20:11,ICBP,RG,8775,46,F,ZP,AK,F
14:19:29,ICBP,RG,8775,19,D,PD,AK,F
14:18:57,ICBP,RG,8750,1,D,OD,PD,D
14:18:01,ICBP,RG,8750,125,D,OD,EP,D
14:17:58,ICBP,RG,8775,22,D,BB,AK,F
14:17:58,ICBP,RG,8775,10,D,BB,DR,D
14:17:58,ICBP,RG,8775,5,D,BB,CC,F
14:17:58,ICBP,RG,8775,20,D,BB,OD,D
14:17:58,ICBP,RG,8775,1,D,BB,AK,F
14:17:58,ICBP,RG,8775,4,D,BB,AK,F
14:17:58,ICBP,RG,8775,5,D,BB,AK,F
14:17:58,ICBP,RG,8775,62,D,BB,RX,F
14:15:59,ICBP,RG,8775,20,D,PD,RX,F
14:15:25,ICBP,RG,8775,16,F,ZP,RX,F
14:15:14,ICBP,RG,8750,1,D,OD,XC,D
14:14:56,ICBP,RG,8750,2,D,OD,NI,D
14:14:33,ICBP,RG,8775,2,D,PD,RX,F
14:14:33,ICBP,RG,8775,18,D,PD,BK,F
14:14:13,ICBP,RG,8750,25,D,OD,YP,D
14:14:08,ICBP,RG,8775,28,F,ZP,BK,F
14:14:08,ICBP,RG,8775,4,F,ZP,AK,F
14:14:08,ICBP,RG,8775,1,F,ZP,AK,F
14:14:08,ICBP,RG,8775,7,F,ZP,AK,F
14:14:08,ICBP,RG,8775,5,F,ZP,AK,F
14:14:08,ICBP,RG,8775,10,F,ZP,CC,D
14:14:08,ICBP,RG,8775,2,F,ZP,CS,F
14:12:35,ICBP,RG,8750,1,D,OD,XC,D
14:12:28,ICBP,RG,8775,1,D,OD,CS,F
14:12:21,ICBP,RG,8775,81,D,DH,CS,F
14:12:21,ICBP,RG,8775,1,D,DH,YP,D
14:12:21,ICBP,RG,8775,1,D,DH,CC,D
14:12:21,ICBP,RG,8775,10,D,DH,PD,D
14:12:21,ICBP,RG,8775,7,D,DH,XC,D
14:12:01,ICBP,RG,8775,3,D,YB,XC,D
14:11:59,ICBP,RG,8775,19,D,DH,XC,D
14:11:59,ICBP,RG,8775,1,D,DH,AK,F
14:11:59,ICBP,RG,8775,4,D,DH,AK,F
14:11:59,ICBP,RG,8775,5,D,DH,AK,F
14:11:59,ICBP,RG,8775,90,D,DH,DR,D
14:11:59,ICBP,RG,8775,5,D,DH,CC,F
14:11:59,ICBP,RG,8775,1,D,DH,AK,F
14:11:34,ICBP,RG,8775,29,D,BB,AK,F
14:11:34,ICBP,RG,8775,89,D,BB,BK,F
14:11:34,ICBP,RG,8775,4,D,BB,AK,F
14:11:34,ICBP,RG,8775,7,D,BB,YP,D
14:10:50,ICBP,RG,8750,18,D,OD,DH,D
14:10:20,ICBP,RG,8775,5,F,ZP,YP,D
14:09:36,ICBP,RG,8775,29,F,ZP,YP,D
14:09:29,ICBP,RG,8775,10,D,CC,YP,D
14:09:29,ICBP,RG,8775,10,D,CC,YP,D
14:09:29,ICBP,RG,8775,2,D,CC,YP,D
14:09:29,ICBP,RG,8775,2,F,CS,YP,D
14:09:29,ICBP,RG,8775,64,D,BB,YP,D
14:09:29,ICBP,RG,8775,64,D,BB,YP,D
14:09:29,ICBP,RG,8775,22,F,ZP,YP,D
14:09:29,ICBP,RG,8775,35,D,OD,YP,D
14:09:20,ICBP,RG,8775,70,D,OD,YP,D
14:09:09,ICBP,RG,8800,20,D,PD,XL,D
14:08:55,ICBP,RG,8800,30,F,ZP,XL,D
14:08:55,ICBP,RG,8800,2,F,ZP,YP,D
14:08:55,ICBP,RG,8800,10,F,ZP,PD,D
14:08:51,ICBP,RG,8775,1,D,OD,OD,D
14:08:44,ICBP,RG,8800,10,D,BB,PD,D
14:08:44,ICBP,RG,8800,60,D,BB,YP,D
14:08:44,ICBP,RG,8800,8,D,BB,XC,D
14:08:44,ICBP,RG,8800,1,D,BB,PD,D
14:08:44,ICBP,RG,8800,15,D,BB,YP,D
14:08:44,ICBP,RG,8800,5,D,BB,AZ,D
14:08:44,ICBP,RG,8800,6,D,BB,XC,D
14:08:44,ICBP,RG,8800,4,D,BB,XC,D
14:08:44,ICBP,RG,8800,2,D,BB,CC,D
14:08:44,ICBP,RG,8800,1,D,BB,XC,D
14:08:44,ICBP,RG,8800,1,D,BB,XC,D
14:08:44,ICBP,RG,8800,50,D,BB,YP,D
14:08:44,ICBP,RG,8800,5,D,BB,XC,D
14:08:44,ICBP,RG,8800,3,D,BB,YP,D
14:08:44,ICBP,RG,8800,2,D,BB,PD,D
14:08:44,ICBP,RG,8800,1,D,BB,PD,D
14:08:44,ICBP,RG,8800,1,D,BB,YP,D
14:08:44,ICBP,RG,8800,16,D,BB,YP,D
14:08:12,ICBP,RG,8775,6,D,OD,PD,D
14:06:47,ICBP,RG,8775,37,D,OD,XC,D
14:06:11,ICBP,RG,8800,19,D,PD,YP,D
14:05:55,ICBP,RG,8775,1,D,OD,PD,D
14:05:26,ICBP,RG,8800,8,F,ZP,YP,D
14:05:26,ICBP,RG,8800,18,F,ZP,GR,D
14:05:00,ICBP,RG,8775,1,D,BB,PD,D
14:04:55,ICBP,RG,8800,7,D,BB,GR,D
14:04:55,ICBP,RG,8800,50,D,BB,XC,D
14:04:55,ICBP,RG,8800,5,D,BB,AO,D
14:04:55,ICBP,RG,8800,1,D,BB,SQ,D
14:04:55,ICBP,RG,8800,20,D,BB,SQ,D
14:04:55,ICBP,RG,8800,11,D,BB,PD,D
14:04:26,ICBP,RG,8775,2,D,BB,AK,F
14:04:25,ICBP,RG,8775,2,D,BB,AK,F
14:04:25,ICBP,RG,8775,11,D,BB,YP,D
14:04:25,ICBP,RG,8775,1,F,CS,YP,D
14:04:24,ICBP,RG,8775,1,F,CS,YP,D
14:04:24,ICBP,RG,8775,2,D,XC,YP,D
14:04:24,ICBP,RG,8775,1,D,PD,YP,D
14:04:24,ICBP,RG,8775,3,D,BB,YP,D
14:04:24,ICBP,RG,8775,1,F,ZP,YP,D
14:04:24,ICBP,RG,8775,3,D,BB,YP,D
14:04:24,ICBP,RG,8775,2,F,CS,YP,D
14:04:24,ICBP,RG,8775,3,D,DH,YP,D
14:03:19,ICBP,RG,8800,14,D,PD,PD,D
14:03:19,ICBP,RG,8800,2,D,PD,YP,D
14:03:19,ICBP,RG,8800,4,D,PD,PD,D
14:01:33,ICBP,RG,8775,1,D,DH,YP,D
14:01:06,ICBP,RG,8775,21,D,DH,YP,D
14:01:06,ICBP,RG,8775,5,F,ZP,YP,D
14:01:06,ICBP,RG,8775,24,D,BB,YP,D
14:00:53,ICBP,RG,8775,5,D,BB,KK,D
14:00:19,ICBP,RG,8800,6,F,ZP,PD,D
14:00:19,ICBP,RG,8800,5,F,ZP,YP,D
14:00:16,ICBP,RG,8800,15,D,PD,YP,D
14:00:16,ICBP,RG,8800,1,D,PD,XC,D
14:00:16,ICBP,RG,8800,1,D,PD,EP,D
14:00:16,ICBP,RG,8800,2,D,PD,SQ,D
14:00:16,ICBP,RG,8800,1,D,PD,XC,D
14:00:12,ICBP,RG,8775,10,D,BB,PD,D
14:00:05,ICBP,RG,8800,4,F,ZP,XC,D
14:00:05,ICBP,RG,8800,5,F,ZP,NI,D
14:00:05,ICBP,RG,8800,2,F,ZP,YP,D
14:00:05,ICBP,RG,8800,12,F,ZP,PD,D
14:00:05,ICBP,RG,8800,3,F,ZP,PD,D
14:00:05,ICBP,RG,8800,4,F,ZP,CC,D
14:00:05,ICBP,RG,8775,3,D,BB,BK,F
14:00:05,ICBP,RG,8775,2,F,CS,BK,F
14:00:05,ICBP,RG,8775,1,F,CS,BK,F
14:00:05,ICBP,RG,8775,8,D,BB,BK,F
14:00:02,ICBP,RG,8800,46,F,ZP,CC,D
14:00:02,ICBP,RG,8800,5,F,ZP,DR,D
14:00:02,ICBP,RG,8800,2,F,ZP,XC,D
14:00:02,ICBP,RG,8800,7,F,ZP,YP,D
14:00:01,ICBP,RG,8800,2,F,ZP,YP,D
14:00:01,ICBP,RG,8800,1,F,ZP,XC,D
14:00:01,ICBP,RG,8800,46,F,ZP,NI,D
14:00:01,ICBP,RG,8775,91,D,BB,AK,F
14:00:01,ICBP,RG,8775,1,D,BB,AK,F
14:00:01,ICBP,RG,8775,3,D,BB,AK,F
14:00:01,ICBP,RG,8775,27,D,BB,AK,F
14:00:01,ICBP,RG,8775,1,D,BB,AK,F
14:00:01,ICBP,RG,8775,1,D,BB,AK,F
14:00:01,ICBP,RG,8775,3,D,BB,AK,F
14:00:01,ICBP,RG,8775,3,D,BB,AK,F
14:00:01,ICBP,RG,8775,3,D,BB,AK,F
14:00:01,ICBP,RG,8775,3,D,BB,AK,F
14:00:01,ICBP,RG,8775,1,D,BB,PD,D
14:00:01,ICBP,RG,8775,1,D,BB,AK,F
14:00:01,ICBP,RG,8775,1,D,BB,AK,F
14:00:01,ICBP,RG,8775,3,D,BB,AK,F
14:00:01,ICBP,RG,8775,3,D,BB,AK,F
14:00:01,ICBP,RG,8775,7,D,BB,AK,F
14:00:01,ICBP,RG,8775,4,D,BB,AK,F
14:00:01,ICBP,RG,8775,2,D,BB,CC,F
14:00:01,ICBP,RG,8775,4,D,BB,PD,D
14:00:01,ICBP,RG,8775,23,D,BB,AK,F
14:00:01,ICBP,RG,8775,122,D,BB,BK,F
14:00:01,ICBP,RG,8775,50,D,BB,AK,F
14:00:01,ICBP,RG,8775,135,D,BB,AK,F
14:00:01,ICBP,RG,8775,170,D,BB,AK,F
13:59:43,ICBP,RG,8750,12,D,OD,BK,F
13:59:39,ICBP,RG,8750,23,D,OD,BK,F
13:59:37,ICBP,RG,8775,9,F,ZP,AK,F
13:59:36,ICBP,RG,8775,18,F,ZP,AK,F
13:59:36,ICBP,RG,8775,19,F,ZP,AK,F
13:59:36,ICBP,RG,8775,17,F,ZP,AK,F
13:59:36,ICBP,RG,8775,4,D,BB,AK,F
13:59:36,ICBP,RG,8750,27,D,OD,BK,F
13:59:36,ICBP,RG,8775,2,F,ZP,BK,F
13:59:36,ICBP,RG,8775,4,F,ZP,AK,F
13:59:35,ICBP,RG,8775,4,F,ZP,AK,F
13:59:35,ICBP,RG,8775,15,F,ZP,GR,D
13:59:35,ICBP,RG,8775,2,F,CS,GR,D
13:59:35,ICBP,RG,8775,2,F,CS,GR,D
13:59:35,ICBP,RG,8775,1,F,CS,GR,D
13:59:35,ICBP,RG,8775,1,F,CS,GR,D
13:59:35,ICBP,RG,8775,1,F,CS,GR,D
13:59:35,ICBP,RG,8775,1,F,CS,GR,D
13:59:35,ICBP,RG,8775,2,F,CS,GR,D
13:59:34,ICBP,RG,8775,83,D,BB,GR,D
13:59:34,ICBP,RG,8775,4,F,BK,GR,D
13:59:34,ICBP,RG,8775,65,D,BB,GR,D
13:59:34,ICBP,RG,8775,1,F,CS,GR,D
13:59:34,ICBP,RG,8775,1,F,CS,GR,D
13:59:34,ICBP,RG,8775,1,F,CS,GR,D
13:59:34,ICBP,RG,8775,1,F,CS,GR,D
13:59:34,ICBP,RG,8775,19,F,ZP,GR,D
13:59:07,ICBP,RG,8775,2,F,ZP,PD,D
13:58:48,ICBP,RG,8775,8,F,ZP,BK,F
13:58:48,ICBP,RG,8775,1,F,CS,BK,F
13:58:48,ICBP,RG,8775,3,D,OD,BK,F
13:58:45,ICBP,RG,8800,42,D,BB,NI,D
13:58:40,ICBP,RG,8775,15,D,OD,DH,D
13:58:16,ICBP,RG,8775,2,D,OD,KK,D
13:58:11,ICBP,RG,8775,1,D,OD,LS,D
13:58:08,ICBP,RG,8775,1,D,OD,PD,D
13:57:58,ICBP,RG,8775,13,D,OD,BK,F
13:57:56,ICBP,RG,8775,9,D,OD,BK,F
13:57:54,ICBP,RG,8800,21,D,BB,NI,D
13:57:52,ICBP,RG,8775,6,D,OD,BK,F
13:57:52,ICBP,RG,8775,19,D,BB,BK,F
13:57:50,ICBP,RG,8775,5,D,BB,PD,D
13:57:47,ICBP,RG,8775,24,D,BB,BK,F
13:57:46,ICBP,RG,8775,100,D,BB,RX,F
13:57:42,ICBP,RG,8775,47,D,BB,RX,F
13:57:42,ICBP,RG,8775,4,F,BK,RX,F
13:57:42,ICBP,RG,8775,1,F,CS,RX,F
13:57:42,ICBP,RG,8775,23,D,BB,RX,F
13:57:42,ICBP,RG,8775,40,F,ZP,RX,F
13:57:42,ICBP,RG,8775,85,D,BB,RX,F
13:57:05,ICBP,RG,8800,20,D,PD,NI,D
13:57:02,ICBP,RG,8800,22,D,BB,NI,D
13:57:02,ICBP,RG,8800,1,D,BB,SQ,D
13:57:02,ICBP,RG,8800,5,D,BB,YP,D
13:57:02,ICBP,RG,8800,5,D,BB,PD,D
13:57:02,ICBP,RG,8800,6,D,BB,NI,D
13:57:02,ICBP,RG,8800,5,D,BB,CC,D
13:56:29,ICBP,RG,8775,15,D,BB,KK,D
13:56:08,ICBP,RG,8800,1,D,BB,CC,D
13:56:08,ICBP,RG,8800,42,D,BB,PD,D
13:55:39,ICBP,RG,8775,50,D,BB,XL,D
13:55:36,ICBP,RG,8800,63,D,IH,PD,D
13:55:36,ICBP,RG,8800,25,D,IH,GR,D
13:55:36,ICBP,RG,8800,6,D,IH,XC,D
13:55:36,ICBP,RG,8800,5,D,IH,YP,D
13:55:36,ICBP,RG,8800,20,D,IH,PD,D
13:55:36,ICBP,RG,8800,10,D,IH,YP,D
13:55:36,ICBP,RG,8800,1,D,IH,PD,D
13:55:36,ICBP,RG,8800,1,D,IH,PD,D
13:55:36,ICBP,RG,8800,1,D,IH,SQ,D
13:55:36,ICBP,RG,8800,2,D,IH,YP,D
13:55:36,ICBP,RG,8800,5,D,IH,CC,D
13:55:36,ICBP,RG,8800,5,D,IH,PD,D
13:55:36,ICBP,RG,8800,1,D,IH,PD,D
13:55:36,ICBP,RG,8800,1,D,IH,OD,D
13:55:36,ICBP,RG,8800,50,D,IH,YP,D
13:55:36,ICBP,RG,8800,4,D,IH,KK,D
13:55:24,ICBP,RG,8800,11,F,ZP,KK,D
13:55:24,ICBP,RG,8800,4,F,ZP,KK,D
13:55:18,ICBP,RG,8800,6,D,BB,KK,D
13:55:18,ICBP,RG,8800,5,D,BB,CC,D
13:55:18,ICBP,RG,8800,2,D,BB,GR,D
13:55:18,ICBP,RG,8800,1,D,BB,YP,D
13:55:18,ICBP,RG,8800,27,D,BB,ES,D
13:54:44,ICBP,RG,8800,23,F,ZP,ES,D
13:54:44,ICBP,RG,8800,25,F,ZP,ES,D
13:54:43,ICBP,RG,8775,11,D,BB,YP,D
13:54:28,ICBP,RG,8800,25,D,BB,ES,D
13:54:28,ICBP,RG,8800,8,D,BB,XC,D
13:54:28,ICBP,RG,8800,9,D,BB,YP,D
13:54:14,ICBP,RG,8775,100,D,BB,PD,D
13:54:04,ICBP,RG,8800,19,D,PD,YP,D
13:54:02,ICBP,RG,8775,1,D,BB,XC,D
13:53:38,ICBP,RG,8800,42,D,BB,YP,D
13:52:48,ICBP,RG,8800,41,D,BB,YP,D
13:52:48,ICBP,RG,8800,2,D,BB,DH,D
13:52:20,ICBP,RG,8775,5,D,BB,CC,D
13:51:57,ICBP,RG,8800,3,F,ZP,DH,D
13:51:57,ICBP,RG,8800,5,F,ZP,IF,D
13:51:57,ICBP,RG,8800,2,F,ZP,YP,D
13:51:57,ICBP,RG,8800,1,F,ZP,YP,D
13:51:57,ICBP,RG,8800,3,F,ZP,PD,D
13:51:57,ICBP,RG,8800,20,F,ZP,CC,D
13:51:56,ICBP,RG,8800,10,D,BB,OD,D
13:51:56,ICBP,RG,8800,29,D,BB,PD,D
13:51:47,ICBP,RG,8800,25,F,ZP,PD,D
13:51:45,ICBP,RG,8775,201,D,BB,AK,F
13:51:45,ICBP,RG,8775,8,D,BB,BK,F
13:51:45,ICBP,RG,8775,4,D,BB,AK,F
13:51:34,ICBP,RG,8750,5,D,OD,AK,F
13:51:33,ICBP,RG,8750,20,D,OD,AK,F
13:51:30,ICBP,RG,8750,10,D,OD,PD,D
13:51:09,ICBP,RG,8800,8,D,BB,PD,D
13:51:09,ICBP,RG,8800,1,D,BB,XC,D
13:51:09,ICBP,RG,8800,5,D,BB,CP,D
13:51:09,ICBP,RG,8800,9,D,BB,CC,D
13:51:09,ICBP,RG,8800,2,D,BB,SQ,D
13:51:09,ICBP,RG,8800,1,D,BB,XC,D
13:51:09,ICBP,RG,8800,1,D,BB,PD,D
13:51:09,ICBP,RG,8800,7,D,BB,XC,D
13:51:09,ICBP,RG,8800,5,D,BB,DR,D
13:51:06,ICBP,RG,8800,20,D,PD,DR,D
13:50:23,ICBP,RG,8800,12,D,BB,PD,D
13:50:23,ICBP,RG,8800,27,D,BB,XC,D
13:50:19,ICBP,RG,8800,6,F,ZP,XC,D
13:50:19,ICBP,RG,8775,13,F,ZP,AK,F
13:49:55,ICBP,RG,8800,9,F,ZP,XC,D
13:49:55,ICBP,RG,8800,1,F,ZP,XC,D
13:49:55,ICBP,RG,8800,1,F,ZP,XC,D
13:49:55,ICBP,RG,8800,33,F,ZP,YP,D
13:49:55,ICBP,RG,8775,16,F,ZP,AK,F
13:49:55,ICBP,RG,8775,24,F,ZP,AK,F
13:49:55,ICBP,RG,8775,4,F,ZP,AK,F
13:49:55,ICBP,RG,8750,8,D,OD,AK,F
13:49:54,ICBP,RG,8775,10,F,ZP,AK,F
13:49:54,ICBP,RG,8775,3,F,ZP,AK,F
13:49:54,ICBP,RG,8775,6,F,ZP,AK,F
13:49:54,ICBP,RG,8775,4,F,ZP,AK,F
13:49:54,ICBP,RG,8775,1,F,ZP,AK,F
13:49:54,ICBP,RG,8775,3,F,ZP,AK,F
13:49:54,ICBP,RG,8775,1,F,CS,AK,F
13:49:54,ICBP,RG,8775,2,F,CS,AK,F
13:49:54,ICBP,RG,8775,1,D,BB,AK,F
13:49:54,ICBP,RG,8775,4,D,BB,AK,F
13:49:54,ICBP,RG,8775,6,D,BB,KK,D
13:49:54,ICBP,RG,8775,20,D,BB,YP,D
13:49:54,ICBP,RG,8775,3,D,BB,XC,D
13:49:54,ICBP,RG,8775,1,D,BB,AK,F
13:49:54,ICBP,RG,8775,4,D,BB,AK,F
13:49:54,ICBP,RG,8775,119,D,BB,AK,F
13:49:54,ICBP,RG,8775,39,D,BB,BK,F
13:49:54,ICBP,RG,8775,1,D,BB,PD,D
13:49:54,ICBP,RG,8775,51,D,BB,AK,F
13:49:54,ICBP,RG,8775,5,D,BB,KK,D
13:49:54,ICBP,RG,8775,10,D,BB,DR,D
13:49:54,ICBP,RG,8775,1,D,BB,XC,D
13:49:54,ICBP,RG,8775,1,D,BB,AK,F
13:49:54,ICBP,RG,8775,16,D,BB,YP,D
13:49:54,ICBP,RG,8775,5,D,BB,YP,D
13:49:54,ICBP,RG,8775,10,D,BB,YP,D
13:49:54,ICBP,RG,8775,10,D,BB,YP,D
13:49:54,ICBP,RG,8775,1,D,BB,CC,D
13:49:54,ICBP,RG,8775,36,D,BB,BK,F
13:49:54,ICBP,RG,8775,30,D,BB,DR,D
13:49:54,ICBP,RG,8775,1,D,BB,CC,D
13:49:54,ICBP,RG,8775,1,D,BB,YP,D
13:49:54,ICBP,RG,8775,10,D,BB,PD,D
13:49:54,ICBP,RG,8775,5,D,BB,CC,F
13:49:54,ICBP,RG,8775,1,D,BB,XL,D
13:49:54,ICBP,RG,8775,10,D,BB,PD,D
13:49:54,ICBP,RG,8775,3,D,BB,AK,F
13:49:54,ICBP,RG,8775,103,D,BB,YP,D
13:49:54,ICBP,RG,8775,35,D,BB,BK,F
13:49:54,ICBP,RG,8775,1,D,BB,PD,D
13:49:54,ICBP,RG,8775,7,D,BB,NI,D
13:49:54,ICBP,RG,8775,10,D,BB,NI,D
13:49:54,ICBP,RG,8775,4,D,BB,AK,F
13:49:54,ICBP,RG,8775,1,D,BB,AK,F
13:49:54,ICBP,RG,8775,1,D,BB,PD,D
13:49:54,ICBP,RG,8775,3,D,BB,AK,F
13:49:54,ICBP,RG,8775,1,D,BB,YP,D
13:49:54,ICBP,RG,8775,4,D,BB,CC,D
13:49:54,ICBP,RG,8775,15,D,BB,BK,F
13:49:44,ICBP,RG,8775,5,D,XC,BK,F
13:49:38,ICBP,RG,8750,1,D,OD,PD,D
13:49:37,ICBP,RG,8775,14,D,BB,BK,F
13:49:37,ICBP,RG,8775,28,D,BB,CC,D
13:48:46,ICBP,RG,8775,22,D,BB,CC,D
13:48:46,ICBP,RG,8775,7,D,BB,YP,D
13:48:46,ICBP,RG,8775,1,D,BB,DR,D
13:48:46,ICBP,RG,8775,4,D,BB,AK,F
13:48:46,ICBP,RG,8775,2,D,BB,AK,F
13:48:46,ICBP,RG,8775,5,D,BB,AK,F
13:48:23,ICBP,RG,8775,20,D,PD,AK,F
13:47:57,ICBP,RG,8775,38,D,BB,AK,F
13:47:36,ICBP,RG,8775,5,F,CS,AK,F
13:47:29,ICBP,RG,8750,2,D,OD,XC,D
13:47:23,ICBP,RG,8775,25,F,ZP,AK,F
13:47:11,ICBP,RG,8775,44,D,BB,AK,F
13:46:18,ICBP,RG,8775,15,D,BB,AK,F
13:46:18,ICBP,RG,8775,1,D,BB,AK,F
13:46:18,ICBP,RG,8775,4,D,BB,AK,F
13:46:18,ICBP,RG,8775,1,D,BB,SQ,D
13:46:18,ICBP,RG,8775,1,D,BB,AK,F
13:46:18,ICBP,RG,8775,4,D,BB,AK,F
13:46:18,ICBP,RG,8775,18,D,BB,RX,F
13:45:26,ICBP,RG,8775,20,D,PD,RX,F
13:45:26,ICBP,RG,8775,44,D,BB,RX,F
13:45:24,ICBP,RG,8775,12,F,ZP,RX,F
13:44:52,ICBP,RG,8750,2,D,OD,XC,D
13:44:34,ICBP,RG,8775,6,D,BB,RX,F
13:44:34,ICBP,RG,8775,31,D,BB,BK,F
13:44:34,ICBP,RG,8775,3,D,BB,YP,D
13:44:01,ICBP,RG,8775,4,F,ZP,YP,D
13:44:01,ICBP,RG,8775,4,F,ZP,YP,D
13:44:01,ICBP,RG,8775,7,F,ZP,YP,D
13:44:01,ICBP,RG,8775,1,F,ZP,YP,D
13:44:01,ICBP,RG,8775,1,F,ZP,YP,D
13:44:01,ICBP,RG,8775,10,F,ZP,YP,D
13:44:01,ICBP,RG,8775,1,F,ZP,YP,D
13:44:01,ICBP,RG,8775,1,F,ZP,CC,D
13:44:01,ICBP,RG,8775,1,F,ZP,XC,D
13:44:01,ICBP,RG,8775,3,F,ZP,XC,D
13:44:01,ICBP,RG,8775,3,F,ZP,XC,D
13:44:01,ICBP,RG,8775,1,F,ZP,XC,D
13:44:01,ICBP,RG,8775,1,F,ZP,XC,D
13:44:01,ICBP,RG,8775,2,F,ZP,XC,D
13:44:01,ICBP,RG,8775,1,F,ZP,XC,D
13:43:46,ICBP,RG,8775,2,D,BB,XC,D
13:43:46,ICBP,RG,8775,1,D,BB,XC,D
13:43:46,ICBP,RG,8775,1,D,BB,XC,D
13:43:46,ICBP,RG,8775,8,D,BB,XC,D
13:43:46,ICBP,RG,8775,1,D,BB,XC,D
13:43:46,ICBP,RG,8775,29,D,BB,XC,D
13:43:09,ICBP,RG,8750,20,D,OD,PD,D
13:42:55,ICBP,RG,8775,1,D,BB,XC,D
13:42:55,ICBP,RG,8775,1,D,BB,XC,D
13:42:55,ICBP,RG,8775,1,D,BB,CC,F
13:42:55,ICBP,RG,8775,1,D,BB,PD,D
13:42:55,ICBP,RG,8775,5,D,BB,KK,D
13:42:55,ICBP,RG,8775,35,D,BB,PD,D
13:42:44,ICBP,RG,8750,1,D,OD,NI,D
13:42:18,ICBP,RG,8775,5,D,PD,PD,D
13:42:18,ICBP,RG,8775,1,D,PD,DH,D
13:42:18,ICBP,RG,8775,11,D,PD,PD,D
13:42:18,ICBP,RG,8775,2,D,PD,AZ,D
13:42:14,ICBP,RG,8750,3,D,OD,PD,D
13:42:02,ICBP,RG,8775,3,D,BB,AZ,D
13:42:02,ICBP,RG,8775,11,D,BB,PD,D
13:42:02,ICBP,RG,8775,3,D,BB,SQ,D
13:42:02,ICBP,RG,8775,10,D,BB,PD,D
13:42:02,ICBP,RG,8775,1,D,BB,PD,D
13:42:02,ICBP,RG,8775,1,D,BB,DR,D
13:42:02,ICBP,RG,8775,1,D,BB,AZ,D
13:42:02,ICBP,RG,8775,1,D,BB,AZ,D
13:42:02,ICBP,RG,8775,14,D,BB,GR,D
13:41:09,ICBP,RG,8775,40,D,BB,GR,D
13:40:21,ICBP,RG,8775,38,D,BB,GR,D
13:40:20,ICBP,RG,8775,20,F,ZP,GR,D
13:39:36,ICBP,RG,8775,46,D,BB,GR,D
13:39:05,ICBP,RG,8775,20,D,PD,GR,D
13:38:41,ICBP,RG,8775,39,D,BB,GR,D
13:38:07,ICBP,RG,8775,27,F,ZP,GR,D
13:37:54,ICBP,RG,8775,20,D,BB,GR,D
13:37:54,ICBP,RG,8775,2,D,BB,DR,D
13:37:54,ICBP,RG,8775,2,D,BB,PD,D
13:37:54,ICBP,RG,8775,20,D,BB,GR,D
13:37:01,ICBP,RG,8775,30,D,BB,GR,D
13:37:01,ICBP,RG,8775,1,D,BB,KK,D
13:37:01,ICBP,RG,8775,14,D,BB,XC,D
13:36:21,ICBP,RG,8775,2,D,PD,XC,D
13:36:21,ICBP,RG,8775,11,D,PD,GR,D
13:36:21,ICBP,RG,8775,1,D,PD,XC,D
13:36:21,ICBP,RG,8775,1,D,PD,YP,D
13:36:21,ICBP,RG,8775,1,D,PD,DR,D
13:36:21,ICBP,RG,8775,4,D,PD,AT,D
13:36:08,ICBP,RG,8775,6,D,BB,AT,D
13:36:08,ICBP,RG,8775,12,D,BB,BK,F
13:36:08,ICBP,RG,8750,10,D,BB,BK,F
13:36:07,ICBP,RG,8750,5,D,BB,AK,F
13:36:07,ICBP,RG,8750,10,D,BB,BK,F
13:35:25,ICBP,RG,8750,14,F,ZP,BK,F
13:35:25,ICBP,RG,8750,6,F,ZP,AK,F
13:35:25,ICBP,RG,8750,10,F,ZP,PD,D
13:35:15,ICBP,RG,8750,6,D,BB,YP,D
13:35:15,ICBP,RG,8750,3,D,BB,AK,F
13:35:15,ICBP,RG,8750,1,D,BB,AK,F
13:35:15,ICBP,RG,8750,1,D,BB,AK,F
13:35:15,ICBP,RG,8750,4,D,BB,AK,F
13:35:15,ICBP,RG,8750,5,D,BB,EP,D
13:35:15,ICBP,RG,8750,6,D,BB,AK,F
13:35:15,ICBP,RG,8750,19,D,BB,BK,F
13:34:50,ICBP,RG,8750,2,D,NI,BK,F
13:34:22,ICBP,RG,8750,11,D,BB,BK,F
13:34:22,ICBP,RG,8750,3,D,BB,AK,F
13:34:22,ICBP,RG,8750,13,D,BB,AK,F
13:34:22,ICBP,RG,8750,2,D,BB,AK,F
13:34:22,ICBP,RG,8750,6,D,BB,AK,F
13:34:22,ICBP,RG,8750,8,D,BB,BK,F
13:33:49,ICBP,RG,8750,2,D,CC,BK,F
13:33:30,ICBP,RG,8750,7,D,BB,BK,F
13:33:30,ICBP,RG,8750,4,D,BB,YP,D
13:33:14,ICBP,RG,8750,3,D,PD,YP,D
13:33:14,ICBP,RG,8750,1,D,PD,YP,D
13:33:14,ICBP,RG,8750,16,D,PD,AK,F
13:32:41,ICBP,RG,8750,5,D,BB,AK,F
13:31:46,ICBP,RG,8750,1,D,BB,AK,F
13:31:39,ICBP,RG,8725,1,D,OD,AK,F
13:31:37,ICBP,RG,8750,1,D,PD,AK,F
13:31:33,ICBP,RG,8725,4,D,OD,AK,F
13:31:32,ICBP,RG,8725,19,D,OD,AK,F
13:31:32,ICBP,RG,8725,9,D,OD,AK,F
13:31:32,ICBP,RG,8725,1,D,PD,AK,F
13:31:32,ICBP,RG,8725,1,D,NI,AK,F
13:31:32,ICBP,RG,8725,1,D,XC,AK,F
13:31:32,ICBP,RG,8725,4,D,XC,AK,F
13:31:32,ICBP,RG,8725,2,D,XC,AK,F
13:31:32,ICBP,RG,8725,1,D,XC,AK,F
13:31:31,ICBP,RG,8725,1,D,XC,XC,D
13:31:05,ICBP,RG,8750,14,F,ZP,AK,F
13:30:36,ICBP,RG,8750,1,D,PD,XC,D
13:30:36,ICBP,RG,8750,2,D,PD,AK,F
13:30:36,ICBP,RG,8750,7,D,PD,AK,F
13:30:36,ICBP,RG,8750,10,D,PD,AK,F
13:30:15,ICBP,RG,8725,4,D,XC,AK,F
13:30:14,ICBP,RG,8750,11,D,YP,AK,F
13:30:10,ICBP,RG,8750,1,D,XC,AK,F
13:30:09,ICBP,RG,8750,1,D,XC,AK,F
13:30:07,ICBP,RG,8725,4,D,XC,AK,F
13:30:07,ICBP,RG,8725,2,D,XC,AK,F
13:30:07,ICBP,RG,8725,1,D,XL,AK,F
13:30:07,ICBP,RG,8725,12,F,ZP,AK,F
13:30:07,ICBP,RG,8750,13,D,PD,AK,F
13:30:07,ICBP,RG,8750,1,D,PD,AK,F
13:30:06,ICBP,RG,8775,2,D,CC,AK,F
13:30:05,ICBP,RG,8750,4,D,PD,AK,F
13:30:05,ICBP,RG,8750,1,D,PD,AK,F
13:30:05,ICBP,RG,8750,1,D,OD,AK,F
13:30:05,ICBP,RG,8750,1,D,PD,AK,F
13:30:05,ICBP,RG,8750,1,D,PD,AK,F
13:30:05,ICBP,RG,8750,1,D,KK,AK,F
13:30:05,ICBP,RG,8750,1,D,BB,AK,F
13:30:05,ICBP,RG,8750,1,D,NI,AK,F
13:30:05,ICBP,RG,8750,3,F,CS,AK,F
13:30:05,ICBP,RG,8750,3,D,PD,AK,F
13:30:05,ICBP,RG,8750,1,F,ZP,AK,F
13:30:05,ICBP,RG,8750,3,F,ZP,AK,F
13:30:04,ICBP,RG,8750,9,F,ZP,SQ,D
13:30:04,ICBP,RG,8750,1,F,CS,SQ,D
13:30:04,ICBP,RG,8750,40,D,BB,SQ,D
13:30:03,ICBP,RG,8750,1,D,BB,PD,D
13:30:03,ICBP,RG,8750,13,D,BB,AK,F
13:30:02,ICBP,RG,8750,10,D,BB,PD,D
13:30:02,ICBP,RG,8750,1,D,BB,PD,D
13:30:02,ICBP,RG,8775,3,D,SQ,AK,F
13:30:02,ICBP,RG,8775,1,D,PD,AK,F
13:30:01,ICBP,RG,8775,1,D,KK,AK,F
13:30:01,ICBP,RG,8750,1,D,BB,LG,D
13:30:01,ICBP,RG,8775,2,D,DR,AK,F
11:29:59,ICBP,RG,8775,2,D,BB,AK,F
11:29:55,ICBP,RG,8775,1,F,ZP,CS,F
11:29:51,ICBP,RG,8750,1,D,BB,AK,F
11:29:50,ICBP,RG,8775,1,F,ZP,CS,F
11:29:41,ICBP,RG,8775,4,F,ZP,CS,F
11:29:41,ICBP,RG,8750,8,D,BB,BK,F
11:29:33,ICBP,RG,8775,1,D,BB,CS,F
11:29:32,ICBP,RG,8750,5,D,BB,EP,D
11:29:30,ICBP,RG,8775,20,F,ZP,CS,F
11:29:16,ICBP,RG,8750,4,D,BB,BK,F
11:29:16,ICBP,RG,8750,4,D,BB,BK,F
11:29:00,ICBP,RG,8750,2,D,BB,AK,F
11:28:54,ICBP,RG,8750,8,D,BB,BK,F
11:28:45,ICBP,RG,8750,1,D,BB,AK,F
11:28:45,ICBP,RG,8750,3,D,BB,AK,F
11:28:32,ICBP,RG,8750,1,D,BB,AK,F
11:28:31,ICBP,RG,8750,8,D,BB,BK,F
11:28:30,ICBP,RG,8775,5,D,BB,CS,F
11:28:20,ICBP,RG,8750,12,D,BB,XC,D
11:28:15,ICBP,RG,8750,1,D,BB,AK,F
11:28:15,ICBP,RG,8750,2,D,BB,AK,F
11:28:04,ICBP,RG,8775,7,D,PD,CS,F
11:28:03,ICBP,RG,8750,8,D,BB,BK,F
11:28:00,ICBP,RG,8750,1,D,BB,AK,F
11:27:59,ICBP,RG,8750,1,D,BB,YP,D
11:27:33,ICBP,RG,8750,9,D,BB,BK,F
11:27:15,ICBP,RG,8750,2,D,BB,AK,F
11:27:15,ICBP,RG,8750,2,D,BB,AK,F
11:27:09,ICBP,RG,8750,1,D,BB,BK,F
11:27:09,ICBP,RG,8750,6,D,OD,BK,F
11:27:02,ICBP,RG,8750,1,D,OD,AK,F
11:26:46,ICBP,RG,8750,9,D,OD,BK,F
11:26:45,ICBP,RG,8750,1,D,OD,AK,F
11:26:33,ICBP,RG,8775,5,D,BB,CS,F
11:26:30,ICBP,RG,8750,1,D,OD,AK,F
11:26:15,ICBP,RG,8750,1,D,OD,AK,F
11:25:32,ICBP,RG,8750,2,D,OD,LS,D
11:25:28,ICBP,RG,8750,12,D,OD,YP,D
11:25:22,ICBP,RG,8775,11,F,ZP,CS,F
11:25:15,ICBP,RG,8750,2,D,OD,AK,F
11:25:02,ICBP,RG,8750,1,D,OD,AK,F
11:25:00,ICBP,RG,8750,2,D,OD,AK,F
11:24:45,ICBP,RG,8750,1,D,OD,AK,F
11:24:40,ICBP,RG,8775,1,D,BB,CS,F
11:24:40,ICBP,RG,8775,15,D,BB,AK,F
11:24:02,ICBP,RG,8750,1,D,OD,AK,F
11:23:45,ICBP,RG,8750,3,D,OD,AK,F
11:23:30,ICBP,RG,8750,1,D,OD,AK,F
11:23:11,ICBP,RG,8775,7,D,PD,AK,F
11:23:11,ICBP,RG,8775,1,D,PD,AK,F
11:23:00,ICBP,RG,8750,9,D,OD,AK,F
11:22:55,ICBP,RG,8775,8,F,ZP,AK,F
11:22:55,ICBP,RG,8775,2,F,ZP,AK,F
11:22:55,ICBP,RG,8775,21,F,ZP,BK,F
11:22:52,ICBP,RG,8775,20,D,BB,BK,F
11:22:52,ICBP,RG,8775,22,D,BB,AK,F
11:22:52,ICBP,RG,8775,2,D,BB,AK,F
11:22:52,ICBP,RG,8775,1,D,BB,AK,F
11:22:22,ICBP,RG,8750,13,D,OD,AK,F
11:22:22,ICBP,RG,8750,17,D,OD,AK,F
11:22:20,ICBP,RG,8750,17,D,OD,LG,D
11:22:20,ICBP,RG,8750,61,D,OD,LG,D
11:22:15,ICBP,RG,8750,2,D,OD,AK,F
11:21:17,ICBP,RG,8750,1,D,OD,AK,F
11:21:01,ICBP,RG,8800,4,D,BB,YP,D
11:21:01,ICBP,RG,8775,2,D,BB,AK,F
11:21:00,ICBP,RG,8775,18,D,BB,AK,F
11:21:00,ICBP,RG,8775,2,D,BB,AK,F
11:21:00,ICBP,RG,8775,19,D,BB,GR,D
11:20:58,ICBP,RG,8775,1,D,PD,GR,D
11:20:53,ICBP,RG,8775,1,D,PD,PD,D
11:20:53,ICBP,RG,8775,1,F,CS,PD,D
11:20:24,ICBP,RG,8800,4,F,ZP,YP,D
11:19:14,ICBP,RG,8800,16,F,ZP,YP,D
11:19:13,ICBP,RG,8800,8,D,BB,YP,D
11:19:12,ICBP,RG,8775,8,D,BB,AK,F
11:19:12,ICBP,RG,8775,1,D,BB,DR,D
11:19:12,ICBP,RG,8775,1,D,BB,PD,D
11:19:12,ICBP,RG,8775,2,D,BB,AK,F
11:19:12,ICBP,RG,8775,11,D,BB,BK,F
11:19:12,ICBP,RG,8775,1,D,BB,AK,F
11:19:12,ICBP,RG,8775,1,D,BB,CC,D
11:19:12,ICBP,RG,8775,14,D,BB,PD,D
11:19:12,ICBP,RG,8775,1,D,BB,CC,D
11:19:07,ICBP,RG,8750,1,D,OD,DH,D
11:18:26,ICBP,RG,8750,32,D,OD,YP,D
11:18:04,ICBP,RG,8775,3,D,PD,BK,F
11:18:04,ICBP,RG,8775,4,D,PD,YP,D
11:17:59,ICBP,RG,8750,2,D,OD,XL,D
11:17:38,ICBP,RG,8750,1,D,OD,PD,D
11:17:22,ICBP,RG,8775,22,F,ZP,YP,D
11:17:13,ICBP,RG,8775,34,D,BB,YP,D
11:17:13,ICBP,RG,8775,10,D,BB,YP,D
11:17:13,ICBP,RG,8775,20,D,BB,CC,D
11:17:13,ICBP,RG,8775,2,D,BB,YP,D
11:17:13,ICBP,RG,8775,2,D,BB,YP,D
11:17:13,ICBP,RG,8775,4,D,BB,CC,D
11:17:13,ICBP,RG,8775,10,D,BB,YP,D
11:17:13,ICBP,RG,8775,2,D,BB,AK,F
11:17:13,ICBP,RG,8775,2,D,BB,AK,F
11:17:13,ICBP,RG,8775,2,D,BB,EP,D
11:17:11,ICBP,RG,8750,9,D,BB,AK,F
11:16:58,ICBP,RG,8750,12,D,BB,AK,F
11:16:56,ICBP,RG,8750,17,D,BB,CC,D
11:16:55,ICBP,RG,8750,1,D,BB,CC,D
11:16:55,ICBP,RG,8750,2,D,BB,CC,D
11:16:43,ICBP,RG,8750,3,D,YP,PD,D
11:16:43,ICBP,RG,8750,1,D,BB,PD,D
11:15:32,ICBP,RG,8775,3,D,YP,EP,D
11:15:32,ICBP,RG,8775,1,D,YP,AK,F
11:15:23,ICBP,RG,8775,2,F,ZP,AK,F
11:15:23,ICBP,RG,8775,2,F,ZP,AK,F
11:15:23,ICBP,RG,8775,7,F,ZP,BK,F
11:15:19,ICBP,RG,8750,1,D,BB,CC,F
11:15:19,ICBP,RG,8750,26,D,BB,AK,F
11:15:19,ICBP,RG,8750,1,F,CS,AK,F
11:15:19,ICBP,RG,8750,1,F,CS,AK,F
11:15:19,ICBP,RG,8750,1,F,CS,AK,F
11:15:18,ICBP,RG,8750,1,F,CS,AK,F
11:15:18,ICBP,RG,8750,2,D,BB,AK,F
11:15:18,ICBP,RG,8750,17,D,BB,AK,F
11:15:17,ICBP,RG,8750,7,F,ZP,AK,F
11:15:17,ICBP,RG,8750,19,F,ZP,AK,F
11:15:17,ICBP,RG,8750,1,D,BB,AK,F
11:15:07,ICBP,RG,8775,10,D,BB,BK,F
11:15:07,ICBP,RG,8775,10,D,BB,NI,D
11:15:07,ICBP,RG,8775,67,D,BB,RX,F
11:15:02,ICBP,RG,8750,1,D,BB,AK,F
11:15:01,ICBP,RG,8750,7,D,BB,AK,F
11:14:54,ICBP,RG,8750,5,D,BB,AK,F
11:14:53,ICBP,RG,8750,1,D,BB,AK,F
11:14:52,ICBP,RG,8750,1,D,BB,AK,F
11:14:51,ICBP,RG,8750,29,D,BB,BK,F
11:14:50,ICBP,RG,8750,5,D,BB,AK,F
11:14:49,ICBP,RG,8750,1,D,BB,AK,F
11:14:48,ICBP,RG,8750,1,D,BB,DH,D
11:14:47,ICBP,RG,8750,1,D,BB,XC,D
11:14:39,ICBP,RG,8750,3,D,BB,GR,D
11:14:39,ICBP,RG,8750,4,F,BK,GR,D
11:14:39,ICBP,RG,8750,1,F,CS,GR,D
11:13:49,ICBP,RG,8775,17,F,ZP,RX,F
11:13:48,ICBP,RG,8750,5,D,BB,AK,F
11:13:48,ICBP,RG,8750,2,D,BB,AK,F
11:13:47,ICBP,RG,8750,7,D,BB,YP,D
11:13:47,ICBP,RG,8750,16,D,BB,BK,F
11:13:47,ICBP,RG,8750,7,D,BB,AK,F
11:13:47,ICBP,RG,8750,5,D,BB,AK,F
11:13:10,ICBP,RG,8750,8,D,PD,AK,F
11:12:00,ICBP,RG,8725,3,F,ZP,AK,F
11:11:39,ICBP,RG,8750,16,D,BB,AK,F
11:11:38,ICBP,RG,8750,15,D,BB,PD,D
11:11:38,ICBP,RG,8750,20,D,BB,OD,D
11:11:38,ICBP,RG,8750,4,D,BB,CC,D
11:11:38,ICBP,RG,8750,24,D,BB,BK,F
11:11:38,ICBP,RG,8750,6,D,BB,AK,F
11:10:19,ICBP,RG,8750,4,F,ZP,AK,F
11:09:51,ICBP,RG,8750,1,F,CS,CC,D
11:09:51,ICBP,RG,8750,1,F,CS,CC,D
11:09:51,ICBP,RG,8750,1,F,CS,CC,D
11:08:22,ICBP,RG,8775,16,F,ZP,RX,F
11:08:22,ICBP,RG,8775,3,F,ZP,KK,D
11:08:16,ICBP,RG,8750,2,F,ZP,AK,F
11:08:16,ICBP,RG,8750,2,F,ZP,AK,F
11:08:10,ICBP,RG,8775,2,D,BB,KK,D
11:08:10,ICBP,RG,8775,10,D,BB,CC,D
11:08:10,ICBP,RG,8775,3,D,BB,XC,D
11:08:10,ICBP,RG,8775,4,D,BB,DH,D
11:08:10,ICBP,RG,8775,1,D,BB,LG,D
11:08:10,ICBP,RG,8775,5,D,BB,DH,D
11:08:10,ICBP,RG,8775,1,D,BB,XC,D
11:08:10,ICBP,RG,8775,2,D,BB,YP,D
11:08:10,ICBP,RG,8775,2,D,BB,XC,D
11:08:10,ICBP,RG,8775,1,D,BB,NI,D
11:08:10,ICBP,RG,8775,1,D,BB,PD,D
11:08:10,ICBP,RG,8775,1,D,BB,NI,D
11:08:10,ICBP,RG,8775,2,D,BB,PD,D
11:08:10,ICBP,RG,8775,4,D,BB,BK,F
11:08:10,ICBP,RG,8775,7,D,BB,PD,D
11:08:10,ICBP,RG,8775,10,D,BB,GR,D
11:08:10,ICBP,RG,8775,2,D,BB,PD,D
11:08:10,ICBP,RG,8775,2,D,BB,PD,D
11:08:10,ICBP,RG,8775,12,D,BB,CC,D
11:08:10,ICBP,RG,8750,4,D,BB,AK,F
11:08:10,ICBP,RG,8750,7,D,BB,BK,F
11:08:08,ICBP,RG,8750,8,D,PD,BK,F
11:07:04,ICBP,RG,8750,1,D,BB,BK,F
11:07:03,ICBP,RG,8750,12,D,BB,AK,F
11:07:03,ICBP,RG,8750,2,D,BB,AK,F
11:07:02,ICBP,RG,8750,2,D,BB,KK,D
11:07:02,ICBP,RG,8750,23,D,BB,BK,F
11:07:02,ICBP,RG,8750,4,D,BB,AK,F
11:07:02,ICBP,RG,8750,1,D,BB,YP,D
11:05:26,ICBP,RG,8750,2,F,ZP,YP,D
11:05:26,ICBP,RG,8750,17,F,ZP,BK,F
11:04:49,ICBP,RG,8750,15,D,BB,BK,F
11:04:49,ICBP,RG,8750,26,D,BB,AK,F
11:04:49,ICBP,RG,8750,43,D,BB,AK,F
11:03:50,ICBP,RG,8750,7,D,PD,AK,F
11:02:27,ICBP,RG,8750,34,F,ZP,AK,F
11:02:25,ICBP,RG,8725,1,F,ZP,KK,D
11:02:25,ICBP,RG,8725,100,D,OD,KK,D
11:02:25,ICBP,RG,8725,91,D,OD,KK,D
11:02:25,ICBP,RG,8750,8,D,BB,KK,D
11:02:08,ICBP,RG,8775,5,D,OD,CC,D
11:01:54,ICBP,RG,8775,3,F,ZP,CC,D
11:01:54,ICBP,RG,8775,10,F,ZP,YP,D
11:01:54,ICBP,RG,8775,15,F,ZP,PD,D
11:01:24,ICBP,RG,8775,25,D,BB,PD,D
11:01:24,ICBP,RG,8775,1,D,BB,AK,F
11:01:24,ICBP,RG,8775,1,D,BB,XC,D
11:01:24,ICBP,RG,8775,2,D,BB,AK,F
11:01:24,ICBP,RG,8775,2,D,BB,AK,F
11:01:24,ICBP,RG,8775,92,D,BB,AK,F
11:00:58,ICBP,RG,8775,23,F,ZP,AK,F
11:00:58,ICBP,RG,8750,3,F,ZP,AK,F
11:00:57,ICBP,RG,8750,12,F,ZP,AK,F
11:00:57,ICBP,RG,8750,24,D,BB,AK,F
11:00:55,ICBP,RG,8750,221,D,BB,AK,F
11:00:55,ICBP,RG,8750,2,D,BB,AK,F
11:00:54,ICBP,RG,8750,17,F,ZP,AK,F
11:00:54,ICBP,RG,8750,15,D,BB,AK,F
11:00:53,ICBP,RG,8750,61,D,BB,AK,F
11:00:51,ICBP,RG,8750,2,F,CS,AK,F
11:00:51,ICBP,RG,8750,2,F,CS,AK,F
11:00:51,ICBP,RG,8750,4,D,BB,AK,F
11:00:50,ICBP,RG,8750,2,D,BB,AK,F
11:00:50,ICBP,RG,8750,21,D,BB,RX,F
11:00:50,ICBP,RG,8750,1,F,CS,RX,F
11:00:50,ICBP,RG,8750,1,F,CS,RX,F
11:00:49,ICBP,RG,8750,1,F,CS,RX,F
11:00:49,ICBP,RG,8750,1,F,CS,RX,F
11:00:49,ICBP,RG,8750,1,F,CS,RX,F
11:00:49,ICBP,RG,8750,1,F,CS,RX,F
11:00:49,ICBP,RG,8750,1,D,PD,RX,F
11:00:49,ICBP,RG,8750,3,D,BB,RX,F
11:00:49,ICBP,RG,8750,5,D,YP,RX,F
11:00:49,ICBP,RG,8750,1,D,BB,RX,F
11:00:49,ICBP,RG,8750,1,F,CS,RX,F
11:00:49,ICBP,RG,8750,1,F,CS,RX,F
11:00:18,ICBP,RG,8775,4,F,ZP,AK,F
11:00:04,ICBP,RG,8775,2,D,XC,AK,F
10:59:33,ICBP,RG,8775,22,F,ZP,AK,F
10:58:13,ICBP,RG,8775,8,D,PD,AK,F
10:57:53,ICBP,RG,8775,20,F,ZP,AK,F
10:57:52,ICBP,RG,8775,19,D,BB,AK,F
10:57:52,ICBP,RG,8775,1,D,BB,AK,F
10:57:52,ICBP,RG,8775,2,D,BB,AK,F
10:57:52,ICBP,RG,8775,3,D,BB,AK,F
10:57:52,ICBP,RG,8775,1,D,BB,LS,D
10:57:52,ICBP,RG,8775,5,D,BB,NI,D
10:57:52,ICBP,RG,8775,1,D,BB,SQ,D
10:57:52,ICBP,RG,8775,8,D,BB,YP,D
10:57:52,ICBP,RG,8775,2,D,BB,YP,D
10:57:52,ICBP,RG,8775,6,D,BB,BK,F
10:57:52,ICBP,RG,8775,1,D,BB,AK,F
10:57:52,ICBP,RG,8775,2,D,BB,AK,F
10:57:52,ICBP,RG,8775,2,D,BB,AK,F
10:57:52,ICBP,RG,8775,1,D,BB,NI,D
10:57:52,ICBP,RG,8775,20,D,BB,XC,D
10:57:52,ICBP,RG,8775,4,D,BB,XC,D
10:57:52,ICBP,RG,8775,21,D,BB,BK,F
10:57:52,ICBP,RG,8775,15,D,BB,YP,D
10:57:52,ICBP,RG,8775,8,D,BB,RX,F
10:56:48,ICBP,RG,8750,65,D,BB,BK,F
10:56:48,ICBP,RG,8750,30,D,BB,AK,F
10:56:47,ICBP,RG,8750,1,D,BB,AK,F
10:56:46,ICBP,RG,8750,14,D,BB,AK,F
10:56:46,ICBP,RG,8750,2,D,BB,AK,F
10:56:45,ICBP,RG,8750,2,D,BB,AK,F
10:56:12,ICBP,RG,8775,1,D,PD,RX,F
10:56:10,ICBP,RG,8750,2,D,BB,AK,F
10:56:09,ICBP,RG,8750,2,D,BB,YP,D
10:55:57,ICBP,RG,8750,2,D,BB,AK,F
10:55:56,ICBP,RG,8750,1,D,BB,SQ,D
10:55:41,ICBP,RG,8775,1,D,XC,RX,F
10:55:17,ICBP,RG,8775,5,F,ZP,RX,F
10:53:06,ICBP,RG,8775,7,D,PD,RX,F
10:53:03,ICBP,RG,8775,30,F,ZP,RX,F
10:53:02,ICBP,RG,8750,1,D,BB,AK,F
10:52:54,ICBP,RG,8775,48,D,BB,RX,F
10:52:54,ICBP,RG,8775,10,D,BB,EP,D
10:52:54,ICBP,RG,8775,5,D,BB,PD,D
10:52:54,ICBP,RG,8775,13,D,BB,BK,F
10:52:54,ICBP,RG,8775,42,D,BB,YP,D
10:52:46,ICBP,RG,8750,4,D,BB,AK,F
10:52:30,ICBP,RG,8750,2,D,BB,AK,F
10:52:30,ICBP,RG,8750,1,F,CS,AK,F
10:52:30,ICBP,RG,8750,1,F,CS,AK,F
10:52:30,ICBP,RG,8750,1,F,CS,AK,F
10:52:16,ICBP,RG,8775,1,D,YP,YP,D
10:51:57,ICBP,RG,8775,1,D,PD,YP,D
10:51:42,ICBP,RG,8750,1,F,CS,AK,F
10:51:42,ICBP,RG,8750,15,D,BB,YP,D
10:51:42,ICBP,RG,8750,4,F,BK,YP,D
10:51:42,ICBP,RG,8750,29,D,XC,YP,D
10:51:42,ICBP,RG,8750,1,F,CS,YP,D
10:51:42,ICBP,RG,8750,1,F,CS,YP,D
10:50:52,ICBP,RG,8775,15,F,ZP,YP,D
10:50:46,ICBP,RG,8750,1,F,ZP,CC,F
10:50:46,ICBP,RG,8750,1,F,CS,CC,F
10:50:46,ICBP,RG,8750,2,D,BB,AK,F
10:50:39,ICBP,RG,8750,1,D,BB,CC,F
10:50:39,ICBP,RG,8750,22,D,BB,AK,F
10:50:39,ICBP,RG,8750,23,D,BB,AK,F
10:50:39,ICBP,RG,8750,25,D,BB,BK,F
10:50:19,ICBP,RG,8750,2,F,ZP,BK,F
10:50:19,ICBP,RG,8750,2,F,ZP,XC,D
10:50:19,ICBP,RG,8750,27,F,ZP,BK,F
10:50:19,ICBP,RG,8750,1,F,ZP,CD,D
10:50:10,ICBP,RG,8725,9,D,OD,AK,F
10:50:10,ICBP,RG,8725,4,D,BB,AK,F
10:50:09,ICBP,RG,8725,2,D,TP,AK,F
10:50:09,ICBP,RG,8725,2,D,XC,AK,F
10:50:09,ICBP,RG,8725,1,D,YP,AK,F
10:50:09,ICBP,RG,8725,1,D,XC,AK,F
10:50:09,ICBP,RG,8725,3,D,YB,AK,F
10:50:09,ICBP,RG,8725,6,D,YP,AK,F
10:50:08,ICBP,RG,8725,4,D,YP,YP,D
10:50:08,ICBP,RG,8725,5,D,CC,YP,D
10:50:08,ICBP,RG,8725,29,D,BB,YP,D
10:50:08,ICBP,RG,8725,34,F,ZP,YP,D
10:50:08,ICBP,RG,8725,7,D,DR,YP,D
10:50:08,ICBP,RG,8725,1,D,PD,YP,D
10:50:08,ICBP,RG,8725,3,D,PD,YP,D
10:50:08,ICBP,RG,8725,5,D,XC,YP,D
10:50:08,ICBP,RG,8725,2,D,PD,YP,D
10:50:08,ICBP,RG,8725,1,D,CC,YP,D
10:50:08,ICBP,RG,8725,2,D,PD,YP,D
10:50:08,ICBP,RG,8725,1,D,NI,YP,D
10:50:08,ICBP,RG,8725,5,D,GR,YP,D
10:50:08,ICBP,RG,8725,1,D,PD,YP,D
10:50:08,ICBP,RG,8725,3,D,SQ,YP,D
10:50:08,ICBP,RG,8725,5,D,EP,YP,D
10:50:08,ICBP,RG,8725,2,D,NI,YP,D
10:50:08,ICBP,RG,8725,1,D,NI,YP,D
10:50:08,ICBP,RG,8725,2,D,PD,YP,D
10:50:08,ICBP,RG,8725,2,D,PD,YP,D
10:50:08,ICBP,RG,8725,1,D,LS,YP,D
10:50:08,ICBP,RG,8725,1,D,YP,YP,D
10:50:08,ICBP,RG,8725,2,D,KK,YP,D
10:50:08,ICBP,RG,8725,2,D,PD,YP,D
10:50:08,ICBP,RG,8725,79,D,IH,YP,D
10:49:56,ICBP,RG,8725,7,D,IH,YP,D
10:48:22,ICBP,RG,8725,10,D,IH,YP,D
10:48:14,ICBP,RG,8725,1,D,IH,PD,D
10:48:12,ICBP,RG,8750,8,D,PD,GR,D
10:47:59,ICBP,RG,8750,1,F,CS,GR,D
10:47:58,ICBP,RG,8750,1,D,BB,GR,D
10:47:58,ICBP,RG,8750,4,D,BB,NI,D
10:47:58,ICBP,RG,8750,5,D,BB,DR,D
10:47:58,ICBP,RG,8750,1,D,BB,AK,F
10:47:58,ICBP,RG,8750,2,D,BB,AK,F
10:47:58,ICBP,RG,8750,2,D,BB,AK,F
10:47:58,ICBP,RG,8750,40,D,BB,AK,F
10:47:58,ICBP,RG,8750,28,D,BB,BK,F
10:47:58,ICBP,RG,8750,37,D,BB,AK,F
10:47:58,ICBP,RG,8750,3,D,BB,RX,F
10:47:47,ICBP,RG,8725,3,D,IH,AK,F
10:47:47,ICBP,RG,8725,1,D,NI,AK,F
10:47:46,ICBP,RG,8725,1,D,NI,AK,F
10:47:46,ICBP,RG,8725,21,D,NI,AK,F
10:47:46,ICBP,RG,8750,1,D,YP,RX,F
10:47:45,ICBP,RG,8725,21,D,NI,AK,F
10:47:45,ICBP,RG,8725,4,D,NI,AK,F
10:47:32,ICBP,RG,8725,1,D,NI,AK,F
10:47:06,ICBP,RG,8725,1,D,NI,YP,D
10:46:05,ICBP,RG,8750,2,D,NI,RX,F
10:45:19,ICBP,RG,8750,1,F,CS,RX,F
10:45:18,ICBP,RG,8750,7,F,ZP,RX,F
10:44:00,ICBP,RG,8725,4,D,NI,AK,F
10:43:47,ICBP,RG,8725,1,D,NI,AK,F
10:43:47,ICBP,RG,8750,40,F,ZP,RX,F
10:43:08,ICBP,RG,8750,8,D,PD,RX,F
10:42:58,ICBP,RG,8750,38,D,BB,RX,F
10:42:58,ICBP,RG,8750,2,D,BB,DH,D
10:42:58,ICBP,RG,8750,26,D,BB,BK,F
10:42:58,ICBP,RG,8750,1,D,BB,XC,D
10:42:58,ICBP,RG,8750,26,D,BB,BK,F
10:42:58,ICBP,RG,8750,28,D,BB,PD,D
10:42:31,ICBP,RG,8750,22,D,BB,PD,D
10:42:31,ICBP,RG,8750,5,D,BB,YP,D
10:42:31,ICBP,RG,8750,2,D,BB,AK,F
10:42:31,ICBP,RG,8750,4,D,BB,XC,D
10:42:31,ICBP,RG,8750,10,D,BB,EP,D
10:42:31,ICBP,RG,8750,2,D,BB,AK,F
10:42:09,ICBP,RG,8725,1,D,NI,AK,F
10:42:07,ICBP,RG,8725,6,D,NI,CC,D
10:41:49,ICBP,RG,8725,1,D,NI,AK,F
10:41:48,ICBP,RG,8725,2,D,NI,AK,F
10:41:48,ICBP,RG,8725,6,D,NI,AK,F
10:41:47,ICBP,RG,8725,15,D,NI,AK,F
10:41:46,ICBP,RG,8725,15,D,NI,AK,F
10:41:46,ICBP,RG,8725,15,D,NI,AK,F
10:41:45,ICBP,RG,8725,15,D,NI,AK,F
10:41:45,ICBP,RG,8725,7,D,NI,AK,F
10:41:17,ICBP,RG,8725,1,D,NI,AK,F
10:40:25,ICBP,RG,8750,9,F,ZP,AK,F
10:38:50,ICBP,RG,8725,9,D,NI,NI,D
10:38:37,ICBP,RG,8750,7,D,PD,AK,F
10:38:13,ICBP,RG,8750,1,D,YU,AK,F
10:38:03,ICBP,RG,8750,7,D,BB,AK,F
10:38:03,ICBP,RG,8750,16,D,BB,BK,F
10:37:27,ICBP,RG,8725,2,D,NI,YP,D
10:35:23,ICBP,RG,8750,20,F,ZP,BK,F
10:35:18,ICBP,RG,8750,46,D,BB,BK,F
10:35:17,ICBP,RG,8750,2,D,BB,AK,F
10:35:17,ICBP,RG,8750,32,D,BB,AK,F
10:35:17,ICBP,RG,8750,2,D,BB,AK,F
10:35:16,ICBP,RG,8750,5,D,BB,AK,F
10:35:16,ICBP,RG,8750,2,D,BB,RX,F
10:35:15,ICBP,RG,8750,1,F,CS,RX,F
10:35:15,ICBP,RG,8750,1,F,CS,RX,F
10:35:15,ICBP,RG,8750,1,F,CS,RX,F
10:35:15,ICBP,RG,8750,2,F,CS,RX,F
10:35:15,ICBP,RG,8750,11,D,BB,RX,F
10:35:15,ICBP,RG,8750,1,F,CS,RX,F
10:35:15,ICBP,RG,8750,1,F,CS,RX,F
10:35:15,ICBP,RG,8750,11,F,ZP,RX,F
10:35:15,ICBP,RG,8750,1,F,CS,RX,F
10:35:15,ICBP,RG,8750,68,D,BB,RX,F
10:35:03,ICBP,RG,8750,3,D,BB,YP,D
10:35:03,ICBP,RG,8750,1,F,CS,YP,D
10:35:03,ICBP,RG,8750,1,D,CC,YP,D
10:35:03,ICBP,RG,8775,16,F,ZP,YP,D
10:35:00,ICBP,RG,8750,1,F,CS,XL,D
10:35:00,ICBP,RG,8750,2,D,BB,XL,D
10:34:44,ICBP,RG,8750,3,D,BB,CC,D
10:33:46,ICBP,RG,8750,41,D,BB,HP,D
10:33:46,ICBP,RG,8750,9,F,ZP,HP,D
10:33:46,ICBP,RG,8750,1,F,CS,HP,D
10:33:46,ICBP,RG,8750,2,F,CS,HP,D
10:33:46,ICBP,RG,8750,26,D,BB,HP,D
10:33:46,ICBP,RG,8750,21,D,OD,HP,D
10:33:15,ICBP,RG,8750,1,D,OD,XC,D
10:33:13,ICBP,RG,8775,8,D,PD,YP,D
10:33:05,ICBP,RG,8775,7,D,BB,YP,D
10:33:05,ICBP,RG,8775,1,D,BB,EP,D
10:33:05,ICBP,RG,8775,2,D,BB,YP,D
10:33:05,ICBP,RG,8775,2,D,BB,PD,D
10:33:05,ICBP,RG,8775,1,D,BB,XC,D
10:33:05,ICBP,RG,8775,1,D,BB,AK,F
10:33:05,ICBP,RG,8775,2,D,BB,AK,F
10:33:05,ICBP,RG,8775,6,D,BB,XC,D
10:33:05,ICBP,RG,8775,2,D,BB,AK,F
10:33:05,ICBP,RG,8775,8,D,BB,HP,D
10:32:55,ICBP,RG,8775,1,D,YP,HP,D
10:32:08,ICBP,RG,8750,2,D,OD,YP,D
10:31:59,ICBP,RG,8750,1,D,OD,XC,D
10:31:32,ICBP,RG,8750,1,D,OD,AK,F
10:30:25,ICBP,RG,8775,13,F,ZP,HP,D
10:30:00,ICBP,RG,8750,20,D,OD,AK,F
10:29:30,ICBP,RG,8750,9,D,OD,AK,F
10:28:19,ICBP,RG,8775,15,F,ZP,HP,D
10:28:19,ICBP,RG,8750,6,D,OD,AK,F
10:28:18,ICBP,RG,8750,1,D,OD,CC,D
10:28:18,ICBP,RG,8750,7,D,OD,YP,D
10:28:18,ICBP,RG,8750,21,D,OD,BK,F
10:28:18,ICBP,RG,8750,3,D,OD,AK,F
10:28:18,ICBP,RG,8750,3,D,OD,AK,F
10:28:18,ICBP,RG,8750,4,D,OD,BK,F
10:28:08,ICBP,RG,8750,9,D,PD,BK,F
10:27:41,ICBP,RG,8750,10,D,XC,AK,F
10:27:33,ICBP,RG,8725,1,D,NI,YP,D
10:27:27,ICBP,RG,8750,1,D,BB,AK,F
10:27:27,ICBP,RG,8750,48,D,BB,RX,F
10:27:15,ICBP,RG,8750,16,F,BK,RX,F
10:27:11,ICBP,RG,8750,15,F,ZP,RX,F
10:27:00,ICBP,RG,8725,13,D,NI,AK,F
10:25:54,ICBP,RG,8750,5,D,PD,RX,F
10:25:26,ICBP,RG,8750,8,F,BK,RX,F
10:25:23,ICBP,RG,8750,8,F,ZP,RX,F
10:25:23,ICBP,RG,8750,20,F,ZP,BK,F
10:25:23,ICBP,RG,8750,3,F,ZP,EP,D
10:25:23,ICBP,RG,8750,9,F,ZP,YP,D
10:25:23,ICBP,RG,8750,1,F,ZP,OD,D
10:25:23,ICBP,RG,8750,4,F,ZP,AK,F
10:25:23,ICBP,RG,8750,20,F,ZP,BK,F
10:25:23,ICBP,RG,8750,4,F,ZP,AK,F
10:24:35,ICBP,RG,8750,14,F,BK,AK,F
10:24:32,ICBP,RG,8750,3,F,BK,AK,F
10:24:32,ICBP,RG,8750,12,F,BK,HP,D
10:24:30,ICBP,RG,8725,9,D,NI,AK,F
10:24:30,ICBP,RG,8750,1,D,XC,HP,D
10:24:29,ICBP,RG,8725,15,D,NI,AK,F
10:24:27,ICBP,RG,8725,15,D,NI,AK,F
10:24:27,ICBP,RG,8750,25,F,BK,HP,D
10:24:26,ICBP,RG,8725,15,D,NI,AK,F
10:24:25,ICBP,RG,8725,15,D,NI,AK,F
10:24:24,ICBP,RG,8725,15,D,NI,AK,F
10:24:24,ICBP,RG,8725,252,D,NI,NI,D
10:24:24,ICBP,RG,8725,5,D,PD,NI,D
10:24:24,ICBP,RG,8725,43,D,OD,NI,D
10:24:23,ICBP,RG,8750,22,F,ZP,HP,D
10:23:51,ICBP,RG,8750,3,D,CC,HP,D
10:23:39,ICBP,RG,8750,9,D,PD,HP,D
10:22:44,ICBP,RG,8750,1,D,CC,HP,D
10:22:37,ICBP,RG,8750,27,D,BB,HP,D
10:22:37,ICBP,RG,8750,4,D,BB,AK,F
10:22:37,ICBP,RG,8750,15,D,BB,BK,F
10:22:29,ICBP,RG,8750,5,D,PD,BK,F
10:21:09,ICBP,RG,8775,1,D,CC,HP,D
10:20:58,ICBP,RG,8725,3,D,OD,PD,D
10:20:51,ICBP,RG,8775,19,D,BB,HP,D
10:20:50,ICBP,RG,8750,3,D,BB,AK,F
10:20:50,ICBP,RG,8750,18,D,BB,BK,F
10:20:50,ICBP,RG,8750,8,D,BB,BK,F
10:20:47,ICBP,RG,8725,3,D,OD,PD,D
10:20:42,ICBP,RG,8725,30,D,OD,PD,D
10:20:25,ICBP,RG,8750,3,F,ZP,BK,F
10:20:17,ICBP,RG,8750,2,D,YP,BK,F
10:20:12,ICBP,RG,8750,18,F,ZP,AK,F
10:19:05,ICBP,RG,8725,13,D,OD,AK,F
10:19:05,ICBP,RG,8725,8,D,OD,AK,F
10:19:05,ICBP,RG,8725,2,D,DR,AK,F
10:19:05,ICBP,RG,8725,7,D,PD,AK,F
10:19:04,ICBP,RG,8750,9,D,PD,AK,F
10:19:04,ICBP,RG,8725,3,D,PD,AK,F
10:19:04,ICBP,RG,8725,1,D,PD,AK,F
10:19:04,ICBP,RG,8725,2,D,KK,AK,F
10:19:04,ICBP,RG,8725,2,D,PD,AK,F
10:19:04,ICBP,RG,8725,1,D,YB,AK,F
10:19:04,ICBP,RG,8725,2,D,PD,AK,F
10:19:04,ICBP,RG,8725,6,D,IF,AK,F
10:19:03,ICBP,RG,8725,9,D,IF,AK,F
10:19:03,ICBP,RG,8725,2,D,CC,AK,F
10:19:03,ICBP,RG,8725,6,F,ZP,AK,F
10:19:02,ICBP,RG,8725,5,F,ZP,AK,F
10:19:02,ICBP,RG,8725,12,D,OD,AK,F
10:19:01,ICBP,RG,8725,17,D,OD,AK,F
10:19:00,ICBP,RG,8750,1,D,BB,AK,F
10:18:20,ICBP,RG,8750,1,D,XC,AK,F
10:18:11,ICBP,RG,8750,2,D,NI,AK,F
10:17:17,ICBP,RG,8750,5,D,CC,AK,F
10:17:13,ICBP,RG,8750,46,F,ZP,AK,F
10:17:13,ICBP,RG,8750,29,F,ZP,AK,F
10:17:12,ICBP,RG,8750,1,F,CS,AK,F
10:17:12,ICBP,RG,8750,1,F,CS,AK,F
10:17:11,ICBP,RG,8750,23,F,ZP,ZP,F
10:17:11,ICBP,RG,8750,183,D,BB,ZP,F
10:17:11,ICBP,RG,8750,200,D,OD,ZP,F
10:17:11,ICBP,RG,8750,1,D,PD,ZP,F
10:17:11,ICBP,RG,8750,4,F,BK,ZP,F
10:17:11,ICBP,RG,8750,2,D,BB,ZP,F
10:17:11,ICBP,RG,8750,153,D,BB,ZP,F
10:17:11,ICBP,RG,8750,200,D,OD,ZP,F
10:17:11,ICBP,RG,8750,2,D,BB,ZP,F
10:16:56,ICBP,RG,8775,1,D,NI,HP,D
10:16:41,ICBP,RG,8750,10,D,BB,ZP,F
10:16:39,ICBP,RG,8775,42,D,BB,HP,D
10:15:00,ICBP,RG,8750,7,D,BB,ZP,F
10:14:59,ICBP,RG,8775,26,D,BB,AK,F
10:14:46,ICBP,RG,8750,2,D,BB,AK,F
10:14:46,ICBP,RG,8750,6,D,BB,ZP,F
10:14:45,ICBP,RG,8750,5,D,BB,AK,F
10:14:43,ICBP,RG,8750,11,D,BB,AK,F
10:14:43,ICBP,RG,8750,5,D,BB,ZP,F
10:14:42,ICBP,RG,8750,18,D,BB,AK,F
10:14:41,ICBP,RG,8750,18,D,BB,AK,F
10:14:41,ICBP,RG,8750,5,D,BB,ZP,F
10:14:40,ICBP,RG,8750,4,D,BB,AK,F
10:14:40,ICBP,RG,8750,10,D,XL,AK,F
10:14:40,ICBP,RG,8750,1,D,YP,AK,F
10:14:40,ICBP,RG,8750,1,D,OD,AK,F
10:14:40,ICBP,RG,8750,2,D,PD,AK,F
10:14:38,ICBP,RG,8750,8,D,PD,AK,F
10:14:38,ICBP,RG,8750,10,F,ZP,AK,F
10:14:37,ICBP,RG,8750,18,F,ZP,AK,F
10:14:37,ICBP,RG,8750,1,F,ZP,SQ,D
10:14:24,ICBP,RG,8775,10,D,PD,AK,F
10:14:16,ICBP,RG,8750,1,F,ZP,DH,D
10:14:07,ICBP,RG,8750,18,F,ZP,AK,F
10:14:06,ICBP,RG,8750,18,F,ZP,AK,F
10:14:05,ICBP,RG,8775,30,D,DH,AK,F
10:14:04,ICBP,RG,8800,25,F,ZP,YP,D
10:14:04,ICBP,RG,8775,1,F,ZP,ZP,F
10:14:03,ICBP,RG,8775,1,D,BB,ZP,F
10:14:03,ICBP,RG,8775,3,F,ZP,ZP,F
10:14:02,ICBP,RG,8775,2,F,ZP,AK,F
10:14:02,ICBP,RG,8750,6,F,ZP,AK,F
10:14:02,ICBP,RG,8750,3,D,PD,AK,F
10:14:02,ICBP,RG,8775,7,D,BB,AK,F
10:14:02,ICBP,RG,8775,1,F,CS,AK,F
10:14:02,ICBP,RG,8775,1,F,CS,AK,F
10:14:02,ICBP,RG,8775,1,F,CS,ZP,F
10:14:02,ICBP,RG,8775,1,F,CS,ZP,F
10:14:02,ICBP,RG,8775,1,F,CS,ZP,F
10:14:02,ICBP,RG,8775,1,F,CS,ZP,F
10:14:02,ICBP,RG,8775,1,F,CS,ZP,F
10:14:01,ICBP,RG,8775,1,F,CS,ZP,F
10:14:01,ICBP,RG,8775,1,F,CS,ZP,F
10:14:01,ICBP,RG,8775,15,D,CC,ZP,F
10:14:00,ICBP,RG,8775,35,D,CC,HP,D
10:14:00,ICBP,RG,8775,26,D,BB,HP,D
10:14:00,ICBP,RG,8775,33,D,BB,HP,D
10:14:00,ICBP,RG,8775,1,F,CS,HP,D
10:14:00,ICBP,RG,8775,5,F,ZP,HP,D
10:13:49,ICBP,RG,8775,2,F,ZP,KK,D
10:13:14,ICBP,RG,8775,4,F,ZP,ZP,F
10:13:14,ICBP,RG,8775,1,F,CS,ZP,F
10:13:13,ICBP,RG,8775,10,D,BB,YP,D
10:13:10,ICBP,RG,8800,9,D,PD,YP,D
10:12:47,ICBP,RG,8775,7,D,BB,ZP,F
10:12:45,ICBP,RG,8775,15,D,BB,YP,D
10:12:37,ICBP,RG,8775,1,D,BB,XC,D
10:12:22,ICBP,RG,8775,9,D,BB,ZP,F
10:12:21,ICBP,RG,8775,13,D,BB,ZP,F
10:12:21,ICBP,RG,8775,22,D,BB,ZP,F
10:12:21,ICBP,RG,8800,22,F,ZP,YP,D
10:12:20,ICBP,RG,8800,44,F,ZP,YP,D
10:12:20,ICBP,RG,8800,21,F,ZP,YP,D
10:12:20,ICBP,RG,8775,1,D,BB,CC,F
10:12:20,ICBP,RG,8775,10,D,BB,CC,D
10:12:20,ICBP,RG,8775,1,D,BB,AK,F
10:12:20,ICBP,RG,8775,3,D,BB,AK,F
10:12:20,ICBP,RG,8775,2,D,BB,AK,F
10:12:20,ICBP,RG,8775,2,D,BB,AK,F
10:12:20,ICBP,RG,8775,1,D,BB,KK,D
10:12:20,ICBP,RG,8775,1,D,BB,AK,F
10:12:20,ICBP,RG,8775,10,D,BB,CC,D
10:12:20,ICBP,RG,8775,10,D,BB,PD,D
10:12:20,ICBP,RG,8775,10,D,BB,KK,D
10:12:20,ICBP,RG,8775,100,D,BB,RX,F
10:12:20,ICBP,RG,8775,3,D,BB,PD,D
10:12:20,ICBP,RG,8775,2,D,BB,XC,D
10:12:20,ICBP,RG,8775,1,D,BB,XC,D
10:12:20,ICBP,RG,8775,40,D,BB,AK,F
10:12:20,ICBP,RG,8775,2,D,BB,KK,D
10:12:20,ICBP,RG,8775,1,D,BB,PD,D
10:12:20,ICBP,RG,8775,88,D,BB,ZP,F
10:12:20,ICBP,RG,8775,25,D,BB,YP,D
10:12:20,ICBP,RG,8775,1,D,BB,PD,D
10:12:20,ICBP,RG,8775,5,D,BB,XC,D
10:12:20,ICBP,RG,8775,4,D,BB,HP,D
10:12:20,ICBP,RG,8775,96,D,BB,HP,D
10:12:20,ICBP,RG,8775,6,D,BB,AK,F
10:12:20,ICBP,RG,8775,15,D,BB,AK,F
10:12:14,ICBP,RG,8750,3,F,BK,ZP,F
10:12:14,ICBP,RG,8750,1,D,XC,ZP,F
10:12:06,ICBP,RG,8750,20,D,BB,ZP,F
10:12:04,ICBP,RG,8775,75,D,BB,AK,F
10:12:04,ICBP,RG,8775,9,D,BB,YP,D
10:12:04,ICBP,RG,8775,16,D,BB,XA,D
10:11:49,ICBP,RG,8750,4,D,BB,ZP,F
10:11:47,ICBP,RG,8775,14,F,ZP,XA,D
10:11:45,ICBP,RG,8775,4,D,CC,XA,D
10:10:34,ICBP,RG,8750,7,D,BB,ZP,F
10:10:34,ICBP,RG,8750,17,D,BB,PD,D
10:10:34,ICBP,RG,8750,1,D,CC,PD,D
10:10:34,ICBP,RG,8750,1,F,CS,PD,D
10:10:34,ICBP,RG,8750,1,F,CS,PD,D
10:10:34,ICBP,RG,8750,1,D,PD,PD,D
10:10:34,ICBP,RG,8750,4,D,PD,PD,D
10:10:33,ICBP,RG,8750,1,D,PD,ZP,F
10:10:33,ICBP,RG,8750,5,D,YP,ZP,F
10:10:33,ICBP,RG,8750,1,D,BB,ZP,F
10:10:33,ICBP,RG,8750,3,D,BB,ZP,F
10:10:32,ICBP,RG,8775,2,D,BB,XA,D
10:10:32,ICBP,RG,8775,5,D,BB,AK,F
10:10:32,ICBP,RG,8775,2,D,BB,AK,F
10:10:32,ICBP,RG,8775,1,D,BB,AK,F
10:10:32,ICBP,RG,8775,1,D,BB,AK,F
10:10:32,ICBP,RG,8775,2,D,BB,AK,F
10:10:32,ICBP,RG,8775,1,D,BB,CC,F
10:10:32,ICBP,RG,8775,2,D,BB,SQ,D
10:10:32,ICBP,RG,8775,1,D,BB,LS,D
10:10:32,ICBP,RG,8775,26,D,BB,PD,D
10:10:24,ICBP,RG,8775,3,F,ZP,PD,D
10:10:12,ICBP,RG,8750,4,D,BB,ZP,F
10:10:11,ICBP,RG,8775,1,F,ZP,PD,D
10:10:11,ICBP,RG,8775,1,F,ZP,PD,D
10:10:11,ICBP,RG,8775,1,F,ZP,DR,D
10:10:11,ICBP,RG,8775,5,F,ZP,YB,D
10:10:11,ICBP,RG,8775,1,F,ZP,NI,D
10:10:11,ICBP,RG,8775,1,F,ZP,AK,F
10:10:11,ICBP,RG,8775,10,F,ZP,GR,D
10:09:48,ICBP,RG,8750,4,D,BB,ZP,F
10:09:39,ICBP,RG,8750,10,D,BB,GR,D
10:09:15,ICBP,RG,8750,1,D,BB,AK,F
10:09:02,ICBP,RG,8750,1,D,BB,AK,F
10:08:58,ICBP,RG,8775,9,D,PD,GR,D
10:08:58,ICBP,RG,8750,1,D,BB,ZP,F
10:08:55,ICBP,RG,8750,3,D,BB,ZP,F
10:08:49,ICBP,RG,8775,44,D,BB,GR,D
10:08:30,ICBP,RG,8750,2,D,BB,AK,F
10:08:23,ICBP,RG,8775,57,F,ZP,GR,D
10:08:17,ICBP,RG,8750,9,D,BB,EP,D
10:07:01,ICBP,RG,8775,41,D,BB,GR,D
10:07:01,ICBP,RG,8775,1,D,BB,AK,F
10:06:55,ICBP,RG,8750,1,D,BB,XC,D
10:06:35,ICBP,RG,8775,21,F,ZP,AK,F
10:06:35,ICBP,RG,8775,1,F,ZP,ZP,F
10:06:30,ICBP,RG,8750,2,D,BB,AK,F
10:06:15,ICBP,RG,8750,2,D,BB,AK,F
10:05:59,ICBP,RG,8775,2,D,PD,ZP,F
10:05:19,ICBP,RG,8775,44,D,BB,ZP,F
10:05:18,ICBP,RG,8750,30,D,BB,KK,D
10:04:28,ICBP,RG,8750,3,D,BB,NI,D
10:04:21,ICBP,RG,8750,3,D,BB,ZP,F
10:04:20,ICBP,RG,8750,9,D,BB,YP,D
10:03:57,ICBP,RG,8750,5,D,BB,YP,D
10:03:33,ICBP,RG,8750,3,D,BB,ZP,F
10:03:33,ICBP,RG,8775,7,D,BB,ZP,F
10:03:33,ICBP,RG,8775,35,D,BB,AK,F
10:03:20,ICBP,RG,8775,1,D,PD,AK,F
10:03:06,ICBP,RG,8775,9,D,PD,AK,F
10:03:02,ICBP,RG,8750,3,D,BB,ZP,F
10:02:58,ICBP,RG,8750,3,D,BB,YP,D
10:02:24,ICBP,RG,8775,1,D,CC,AK,F
10:01:52,ICBP,RG,8750,10,D,BB,ZP,F
10:01:51,ICBP,RG,8775,11,D,BB,AK,F
10:01:51,ICBP,RG,8775,1,D,BB,PD,D
10:01:51,ICBP,RG,8775,17,D,BB,YP,D
10:01:51,ICBP,RG,8775,4,D,BB,YP,D
10:01:51,ICBP,RG,8775,2,D,BB,PD,D
10:01:51,ICBP,RG,8775,1,D,BB,AK,F
10:01:51,ICBP,RG,8775,1,D,BB,AK,F
10:01:51,ICBP,RG,8775,2,D,BB,AK,F
10:01:51,ICBP,RG,8775,1,D,BB,AK,F
10:01:51,ICBP,RG,8775,2,D,BB,AK,F
10:01:51,ICBP,RG,8775,3,D,BB,GR,D
10:01:51,ICBP,RG,8750,1,D,BB,AK,F
10:01:50,ICBP,RG,8750,6,D,BB,ZP,F
10:01:49,ICBP,RG,8750,2,D,BB,AK,F
10:01:48,ICBP,RG,8750,21,D,BB,KK,D
10:01:48,ICBP,RG,8750,7,F,ZP,KK,D
10:01:40,ICBP,RG,8750,1,F,ZP,AK,F
10:01:39,ICBP,RG,8750,3,F,ZP,ZP,F
10:01:38,ICBP,RG,8750,1,F,ZP,PD,D
10:01:34,ICBP,RG,8750,2,F,ZP,PD,D
10:01:31,ICBP,RG,8750,1,F,ZP,AK,F
10:01:30,ICBP,RG,8750,7,F,ZP,ZP,F
10:01:29,ICBP,RG,8750,3,F,ZP,AK,F
10:01:28,ICBP,RG,8750,30,F,ZP,YP,D
10:00:54,ICBP,RG,8750,2,F,ZP,SQ,D
10:00:10,ICBP,RG,8750,1,F,ZP,AK,F
10:00:09,ICBP,RG,8750,5,F,ZP,ZP,F
10:00:07,ICBP,RG,8750,6,F,ZP,ZP,F
10:00:07,ICBP,RG,8750,4,F,BK,ZP,F
10:00:07,ICBP,RG,8750,6,F,BK,AK,F
10:00:07,ICBP,RG,8750,8,F,BK,RO,D
10:00:01,ICBP,RG,8775,1,D,BB,GR,D
10:00:01,ICBP,RG,8775,3,D,BB,XC,D
10:00:01,ICBP,RG,8775,2,D,BB,CC,F
10:00:01,ICBP,RG,8775,5,D,BB,CC,D
10:00:01,ICBP,RG,8775,3,D,BB,DR,D
10:00:01,ICBP,RG,8775,30,D,BB,CC,D
9:59:11,ICBP,RG,8750,1,F,BK,CC,D
9:58:56,ICBP,RG,8750,4,F,BK,AK,F
9:58:56,ICBP,RG,8750,1,F,BK,PD,D
9:58:52,ICBP,RG,8750,1,F,BK,ZP,F
9:58:49,ICBP,RG,8750,1,F,BK,AK,F
9:58:48,ICBP,RG,8750,3,F,BK,ZP,F
9:58:48,ICBP,RG,8750,1,F,BK,PD,D
9:58:45,ICBP,RG,8750,5,F,BK,AK,F
9:58:28,ICBP,RG,8750,1,F,BK,AK,F
9:58:27,ICBP,RG,8750,2,F,BK,KK,D
9:58:15,ICBP,RG,8750,6,F,BK,ZP,F
9:58:15,ICBP,RG,8750,3,D,IH,ZP,F
9:58:14,ICBP,RG,8750,3,D,IH,AK,F
9:58:14,ICBP,RG,8775,44,D,BB,CC,D
9:58:09,ICBP,RG,8750,3,D,IH,ZP,F
9:58:05,ICBP,RG,8775,10,D,PD,CC,D
9:58:04,ICBP,RG,8750,4,D,IH,ZP,F
9:58:02,ICBP,RG,8750,17,D,IH,KK,D
9:57:52,ICBP,RG,8750,6,D,IH,ZP,F
9:57:50,ICBP,RG,8750,18,D,IH,LS,D
9:57:26,ICBP,RG,8750,1,D,IH,PD,D
9:57:11,ICBP,RG,8750,1,D,IH,SQ,D
9:56:55,ICBP,RG,8750,1,D,IH,XC,D
9:56:37,ICBP,RG,8750,3,D,IH,ZP,F
9:56:36,ICBP,RG,8750,7,D,IH,ZP,F
9:56:35,ICBP,RG,8750,13,D,IH,PD,D
9:56:27,ICBP,RG,8775,35,D,BB,CC,D
9:56:11,ICBP,RG,8750,4,D,IH,ZP,F
9:56:04,ICBP,RG,8750,15,D,IH,CC,D
9:55:12,ICBP,RG,8750,1,D,IH,YP,D
9:55:12,ICBP,RG,8750,1,F,CS,YP,D
9:55:09,ICBP,RG,8750,1,D,BB,YP,D
9:55:09,ICBP,RG,8750,1,D,BB,SQ,D
9:54:49,ICBP,RG,8750,1,F,CS,PD,D
9:54:44,ICBP,RG,8775,11,D,BB,CC,D
9:54:44,ICBP,RG,8775,26,D,BB,RX,F
9:54:29,ICBP,RG,8750,1,D,BB,XC,D
9:53:40,ICBP,RG,8750,1,D,BB,AK,F
9:53:40,ICBP,RG,8750,11,D,BB,ZP,F
9:53:40,ICBP,RG,8750,3,D,BB,AK,F
9:53:33,ICBP,RG,8750,1,D,BB,AK,F
9:53:32,ICBP,RG,8750,10,D,BB,KK,D
9:53:32,ICBP,RG,8750,16,D,BB,AK,F
9:53:32,ICBP,RG,8750,1,D,BB,AK,F
9:53:32,ICBP,RG,8750,2,D,BB,ZP,F
9:53:16,ICBP,RG,8725,5,D,OD,AK,F
9:53:15,ICBP,RG,8750,11,D,BB,ZP,F
9:53:15,ICBP,RG,8750,2,D,BB,AK,F
9:53:15,ICBP,RG,8750,54,D,BB,AK,F
9:53:15,ICBP,RG,8750,6,D,BB,ZP,F
9:53:06,ICBP,RG,8725,1,D,OD,AK,F
9:53:05,ICBP,RG,8750,4,D,PD,ZP,F
9:53:05,ICBP,RG,8750,5,D,PD,DH,D
9:52:45,ICBP,RG,8750,3,D,BB,DH,D
9:52:45,ICBP,RG,8750,1,F,CS,DH,D
9:52:45,ICBP,RG,8750,1,D,BB,DH,D
9:52:23,ICBP,RG,8750,2,D,BB,ZP,F
9:52:23,ICBP,RG,8750,1,D,XL,ZP,F
9:52:19,ICBP,RG,8750,5,D,BB,AK,F
9:52:19,ICBP,RG,8750,1,D,BB,LS,D
9:51:31,ICBP,RG,8750,1,D,XC,LS,D
9:51:15,ICBP,RG,8750,1,D,XC,YP,D
9:51:12,ICBP,RG,8750,8,D,XC,ZP,F
9:51:11,ICBP,RG,8775,40,D,BB,RX,F
9:50:53,ICBP,RG,8725,4,D,OD,ZP,F
9:50:52,ICBP,RG,8725,20,D,OD,ZP,F
9:50:50,ICBP,RG,8750,2,D,GR,YP,D
9:50:50,ICBP,RG,8750,1,F,CS,YP,D
9:50:50,ICBP,RG,8750,17,D,BB,YP,D
9:50:50,ICBP,RG,8750,4,F,BK,YP,D
9:50:50,ICBP,RG,8750,1,F,CS,YP,D
9:50:50,ICBP,RG,8750,32,F,ZP,YP,D
9:50:50,ICBP,RG,8750,15,F,BK,YP,D
9:50:50,ICBP,RG,8750,28,D,BB,YP,D
9:50:14,ICBP,RG,8750,3,D,BB,ZP,F
9:50:13,ICBP,RG,8750,7,D,BB,YP,D
9:50:13,ICBP,RG,8750,8,D,BB,YP,D
9:48:59,ICBP,RG,8750,5,D,BB,ZP,F
9:48:54,ICBP,RG,8750,4,D,BB,LS,D
9:48:54,ICBP,RG,8750,14,F,BK,LS,D
9:48:53,ICBP,RG,8750,4,F,BK,ZP,F
9:48:32,ICBP,RG,8750,15,F,ZP,YP,D
9:48:15,ICBP,RG,8750,8,F,ZP,ZP,F
9:48:14,ICBP,RG,8775,34,D,BB,RX,F
9:48:14,ICBP,RG,8775,4,D,BB,YP,D
9:48:14,ICBP,RG,8775,1,D,BB,YP,D
9:48:14,ICBP,RG,8775,1,D,BB,PD,D
9:48:14,ICBP,RG,8775,20,D,BB,OD,D
9:48:14,ICBP,RG,8775,10,D,BB,GR,D
9:48:14,ICBP,RG,8775,2,D,BB,XC,D
9:48:14,ICBP,RG,8775,1,D,BB,LS,D
9:48:14,ICBP,RG,8775,9,D,BB,ZP,F
9:48:14,ICBP,RG,8775,2,D,BB,XC,D
9:48:14,ICBP,RG,8775,1,D,BB,PD,D
9:48:14,ICBP,RG,8775,1,D,BB,AK,F
9:48:14,ICBP,RG,8775,1,D,BB,AK,F
9:48:14,ICBP,RG,8775,2,D,BB,AK,F
9:48:10,ICBP,RG,8775,2,D,PD,AK,F
9:48:10,ICBP,RG,8775,2,D,PD,AK,F
9:48:10,ICBP,RG,8775,2,D,PD,AK,F
9:48:10,ICBP,RG,8775,1,D,PD,AK,F
9:48:10,ICBP,RG,8775,1,D,PD,AK,F
9:48:10,ICBP,RG,8775,1,D,PD,AK,F
9:47:39,ICBP,RG,8750,1,D,YP,LS,D
9:47:12,ICBP,RG,8750,6,D,BB,ZP,F
9:47:12,ICBP,RG,8750,12,D,BB,AK,F
9:47:02,ICBP,RG,8725,5,D,OD,ZP,F
9:47:01,ICBP,RG,8725,26,D,OD,ZP,F
9:47:00,ICBP,RG,8750,1,F,CS,RX,F
9:47:00,ICBP,RG,8750,1,F,CS,RX,F
9:47:00,ICBP,RG,8750,6,D,XC,RX,F
9:47:00,ICBP,RG,8750,41,D,BB,RX,F
9:47:00,ICBP,RG,8750,2,D,XC,RX,F
9:47:00,ICBP,RG,8750,2,D,PD,RX,F
9:47:00,ICBP,RG,8750,1,F,CS,RX,F
9:47:00,ICBP,RG,8750,1,D,CC,RX,F
9:47:00,ICBP,RG,8750,2,D,PD,RX,F
9:47:00,ICBP,RG,8750,1,F,CS,RX,F
9:47:00,ICBP,RG,8750,46,F,ZP,RX,F
9:47:00,ICBP,RG,8750,8,F,BK,RX,F
9:47:00,ICBP,RG,8750,1,D,PD,RX,F
9:47:00,ICBP,RG,8750,17,D,BB,RX,F
9:46:52,ICBP,RG,8750,4,D,BB,ZP,F
9:46:33,ICBP,RG,8750,12,D,BB,XC,D
9:46:23,ICBP,RG,8750,4,D,BB,ZP,F
9:46:22,ICBP,RG,8775,6,D,PD,AK,F
9:46:18,ICBP,RG,8750,4,D,BB,ZP,F
9:46:17,ICBP,RG,8750,7,D,BB,AT,D
9:46:17,ICBP,RG,8750,10,D,BB,AT,D
9:46:16,ICBP,RG,8750,10,D,BB,GR,D
9:46:02,ICBP,RG,8750,1,D,BB,AK,F
9:45:36,ICBP,RG,8750,6,D,BB,XC,D
9:45:17,ICBP,RG,8750,2,D,BB,KK,D
9:43:07,ICBP,RG,8750,4,D,BB,ZP,F
9:43:05,ICBP,RG,8775,9,D,PD,AK,F
9:43:02,ICBP,RG,8750,3,D,BB,ZP,F
9:43:02,ICBP,RG,8750,6,D,BB,YP,D
9:43:02,ICBP,RG,8750,1,F,CS,YP,D
9:43:02,ICBP,RG,8750,1,F,CS,YP,D
9:43:02,ICBP,RG,8750,2,D,KK,YP,D
9:43:02,ICBP,RG,8750,6,F,ZP,PD,D
9:42:26,ICBP,RG,8750,2,F,ZP,XC,D
9:41:48,ICBP,RG,8750,4,F,ZP,ZP,F
9:41:45,ICBP,RG,8750,14,F,ZP,XC,D
9:41:40,ICBP,RG,8750,8,F,ZP,ZP,F
9:41:37,ICBP,RG,8750,3,F,ZP,ZP,F
9:41:37,ICBP,RG,8750,1,F,CS,ZP,F
9:41:37,ICBP,RG,8750,37,D,DR,ZP,F
9:41:36,ICBP,RG,8750,23,D,DR,LG,D
9:41:36,ICBP,RG,8750,1,D,CC,LG,D
9:41:36,ICBP,RG,8750,42,D,BB,LG,D
9:41:36,ICBP,RG,8750,144,D,BB,LG,D
9:40:00,ICBP,RG,8750,6,D,BB,AK,F
9:38:57,ICBP,RG,8775,2,D,YP,AK,F
9:38:40,ICBP,RG,8750,2,D,BB,YP,D
9:38:28,ICBP,RG,8750,5,D,BB,ZP,F
9:38:28,ICBP,RG,8750,57,F,ZP,ZP,F
9:38:28,ICBP,RG,8750,1,D,LS,ZP,F
9:38:28,ICBP,RG,8750,4,D,XC,ZP,F
9:38:28,ICBP,RG,8750,2,D,DH,ZP,F
9:38:28,ICBP,RG,8750,57,D,CC,ZP,F
9:38:28,ICBP,RG,8750,1,D,PD,ZP,F
9:38:28,ICBP,RG,8750,2,D,YP,ZP,F
9:38:28,ICBP,RG,8750,1,D,OD,ZP,F
9:38:28,ICBP,RG,8750,100,D,OD,ZP,F
9:38:28,ICBP,RG,8750,39,D,BB,ZP,F
9:38:28,ICBP,RG,8750,180,D,BB,ZP,F
9:38:28,ICBP,RG,8750,149,D,BB,ZP,F
9:38:28,ICBP,RG,8750,65,F,ZP,ZP,F
9:38:28,ICBP,RG,8750,4,D,XL,ZP,F
9:38:28,ICBP,RG,8750,1,D,CC,ZP,F
9:38:28,ICBP,RG,8750,1,D,PD,ZP,F
9:38:28,ICBP,RG,8750,10,D,YP,ZP,F
9:38:28,ICBP,RG,8750,1,D,XC,ZP,F
9:38:28,ICBP,RG,8750,1,D,YP,ZP,F
9:38:28,ICBP,RG,8750,72,D,BB,ZP,F
9:38:28,ICBP,RG,8750,131,D,BB,ZP,F
9:38:28,ICBP,RG,8750,41,D,OD,ZP,F
9:38:12,ICBP,RG,8775,9,D,PD,ZP,F
9:38:01,ICBP,RG,8775,8,F,ZP,ZP,F
9:38:01,ICBP,RG,8775,58,D,OD,ZP,F
9:37:48,ICBP,RG,8800,12,F,ZP,YP,D
9:37:34,ICBP,RG,8775,2,D,OD,PD,D
9:37:06,ICBP,RG,8775,40,D,OD,PD,D
9:36:42,ICBP,RG,8800,2,F,ZP,YP,D
9:36:42,ICBP,RG,8800,1,F,ZP,CC,D
9:36:42,ICBP,RG,8775,11,F,ZP,ZP,F
9:36:40,ICBP,RG,8775,2,F,ZP,ZP,F
9:36:40,ICBP,RG,8775,1,F,CS,ZP,F
9:36:40,ICBP,RG,8775,1,F,CS,ZP,F
9:36:40,ICBP,RG,8775,1,F,CS,ZP,F
9:36:40,ICBP,RG,8775,1,F,CS,ZP,F
9:36:40,ICBP,RG,8775,1,F,CS,ZP,F
9:36:40,ICBP,RG,8775,4,F,ZP,ZP,F
9:36:40,ICBP,RG,8775,1,F,CS,ZP,F
9:36:40,ICBP,RG,8775,1,F,CS,ZP,F
9:36:40,ICBP,RG,8775,5,D,PD,ZP,F
9:36:40,ICBP,RG,8775,1,D,PD,ZP,F
9:36:40,ICBP,RG,8775,1,F,CS,ZP,F
9:36:40,ICBP,RG,8775,13,D,XC,ZP,F
9:36:39,ICBP,RG,8775,1,D,XC,PD,D
9:36:34,ICBP,RG,8800,8,D,BB,CC,D
9:36:34,ICBP,RG,8800,1,D,BB,PD,D
9:36:34,ICBP,RG,8800,3,D,BB,PD,D
9:36:34,ICBP,RG,8800,10,D,BB,PD,D
9:36:34,ICBP,RG,8800,1,D,BB,PD,D
9:36:34,ICBP,RG,8800,1,D,BB,PD,D
9:36:34,ICBP,RG,8800,1,D,BB,PD,D
9:36:34,ICBP,RG,8800,5,D,BB,SQ,D
9:36:34,ICBP,RG,8800,50,D,BB,YP,D
9:36:34,ICBP,RG,8800,2,D,BB,PD,D
9:36:34,ICBP,RG,8800,33,D,BB,YP,D
9:36:33,ICBP,RG,8775,5,D,XC,KK,D
9:36:09,ICBP,RG,8775,2,D,XC,PD,D
9:35:39,ICBP,RG,8775,1,D,XC,LS,D
9:35:23,ICBP,RG,8800,1,F,ZP,YP,D
9:35:09,ICBP,RG,8775,8,D,XC,ZP,F
9:35:03,ICBP,RG,8775,5,D,XC,YP,D
9:34:54,ICBP,RG,8775,6,D,XC,YP,D
9:34:49,ICBP,RG,8800,5,D,NI,YP,D
9:34:46,ICBP,RG,8775,9,D,XC,YP,D
9:34:44,ICBP,RG,8775,7,D,XC,ZP,F
9:34:43,ICBP,RG,8775,9,D,XC,ZP,F
9:34:43,ICBP,RG,8775,5,D,CC,ZP,F
9:34:43,ICBP,RG,8775,3,D,YP,ZP,F
9:34:43,ICBP,RG,8775,7,D,YP,KK,D
9:34:43,ICBP,RG,8775,35,D,BB,KK,D
9:34:43,ICBP,RG,8775,1,F,CS,KK,D
9:34:43,ICBP,RG,8775,1,F,CS,KK,D
9:34:43,ICBP,RG,8775,2,D,XC,KK,D
9:34:43,ICBP,RG,8775,4,F,BK,KK,D
9:34:43,ICBP,RG,8775,10,F,ZP,KK,D
9:34:26,ICBP,RG,8775,4,F,ZP,XC,D
9:34:08,ICBP,RG,8775,9,F,ZP,ZP,F
9:34:08,ICBP,RG,8800,10,F,ZP,YP,D
9:34:08,ICBP,RG,8800,1,F,ZP,DH,D
9:34:08,ICBP,RG,8800,5,F,ZP,SQ,D
9:34:08,ICBP,RG,8800,1,F,ZP,PD,D
9:34:08,ICBP,RG,8800,9,F,ZP,CC,D
9:33:48,ICBP,RG,8775,3,F,ZP,CC,D
9:33:17,ICBP,RG,8800,9,D,PD,CC,D
9:32:57,ICBP,RG,8775,2,F,ZP,ZP,F
9:32:40,ICBP,RG,8775,1,F,ZP,NI,D
9:32:26,ICBP,RG,8775,9,F,ZP,ZP,F
9:32:22,ICBP,RG,8800,10,D,PD,CC,D
9:32:14,ICBP,RG,8800,10,D,AI,CC,D
9:31:59,ICBP,RG,8775,4,F,ZP,XC,D
9:31:48,ICBP,RG,8775,1,F,ZP,XL,D
9:31:42,ICBP,RG,8800,1,D,YP,CC,D
9:31:11,ICBP,RG,8775,10,F,ZP,ZP,F
9:31:08,ICBP,RG,8775,20,F,ZP,YP,D
9:30:20,ICBP,RG,8800,5,F,ZP,CC,D
9:30:16,ICBP,RG,8800,2,D,XC,CC,D
9:30:15,ICBP,RG,8775,4,F,ZP,AK,F
9:30:15,ICBP,RG,8775,2,D,BB,AK,F
9:30:10,ICBP,RG,8775,7,D,BB,ZP,F
9:30:08,ICBP,RG,8775,3,D,BB,PD,D
9:30:05,ICBP,RG,8800,11,D,PD,CC,D
9:30:04,ICBP,RG,8800,1,D,PD,CC,D
9:30:03,ICBP,RG,8775,2,D,BB,NI,D
9:30:01,ICBP,RG,8775,8,D,BB,ZP,F
9:30:00,ICBP,RG,8775,13,D,BB,ZP,F
9:30:00,ICBP,RG,8775,1,F,CS,ZP,F
9:29:53,ICBP,RG,8800,17,F,ZP,CC,D
9:29:53,ICBP,RG,8800,1,F,ZP,CC,D
9:29:53,ICBP,RG,8800,1,F,ZP,YP,D
9:29:53,ICBP,RG,8800,1,F,ZP,GR,D
9:29:53,ICBP,RG,8800,1,F,ZP,CC,D
9:29:53,ICBP,RG,8800,10,F,ZP,SQ,D
9:29:53,ICBP,RG,8800,5,F,ZP,PD,D
9:29:53,ICBP,RG,8800,2,F,ZP,PD,D
9:29:53,ICBP,RG,8800,2,F,ZP,GR,D
9:29:53,ICBP,RG,8800,21,F,ZP,KK,D
9:29:53,ICBP,RG,8800,1,F,ZP,PD,D
9:29:53,ICBP,RG,8800,2,F,ZP,PD,D
9:29:51,ICBP,RG,8775,1,F,CS,ZP,F
9:29:51,ICBP,RG,8775,12,D,OD,ZP,F
9:29:50,ICBP,RG,8775,30,D,OD,XC,D
9:29:11,ICBP,RG,8775,3,D,OD,YP,D
9:29:03,ICBP,RG,8775,4,D,OD,SQ,D
9:28:39,ICBP,RG,8775,6,D,OD,XC,D
9:28:11,ICBP,RG,8775,7,D,OD,ZP,F
9:28:09,ICBP,RG,8800,3,D,PD,PD,D
9:28:09,ICBP,RG,8800,6,D,PD,PD,D
9:28:00,ICBP,RG,8775,10,D,OD,AG,F
9:27:59,ICBP,RG,8775,2,D,OD,KK,D
9:27:54,ICBP,RG,8775,8,D,OD,ZP,F
9:27:53,ICBP,RG,8775,15,D,OD,ZP,F
9:27:53,ICBP,RG,8775,2,D,OD,PD,D
9:27:53,ICBP,RG,8775,1,D,OD,PD,D
9:27:46,ICBP,RG,8775,1,D,KK,PD,D
9:27:46,ICBP,RG,8775,1,D,KK,PD,D
9:27:26,ICBP,RG,8775,1,D,NI,DR,D
9:27:18,ICBP,RG,8750,26,D,OD,ZP,F
9:27:17,ICBP,RG,8750,33,D,OD,ZP,F
9:27:17,ICBP,RG,8750,36,F,ZP,ZP,F
9:27:17,ICBP,RG,8750,37,D,BB,ZP,F
9:27:16,ICBP,RG,8775,99,D,BB,DR,D
9:27:16,ICBP,RG,8775,5,D,BB,YP,D
9:27:16,ICBP,RG,8775,1,D,BB,XC,D
9:27:16,ICBP,RG,8775,13,D,BB,DR,D
9:27:16,ICBP,RG,8775,1,D,BB,DX,D
9:27:16,ICBP,RG,8775,29,D,BB,AK,F
9:27:16,ICBP,RG,8775,2,D,BB,PD,D
9:27:16,ICBP,RG,8775,1,D,BB,AK,F
9:27:16,ICBP,RG,8775,1,D,BB,AK,F
9:27:16,ICBP,RG,8775,1,D,BB,DH,D
9:27:16,ICBP,RG,8775,100,D,BB,RX,F
9:27:16,ICBP,RG,8775,6,D,BB,CC,D
9:27:16,ICBP,RG,8775,5,D,BB,XC,D
9:27:16,ICBP,RG,8775,3,D,BB,YP,D
9:27:16,ICBP,RG,8775,4,D,BB,NI,D
9:27:16,ICBP,RG,8775,2,D,BB,XC,D
9:27:16,ICBP,RG,8775,2,D,BB,YP,D
9:27:16,ICBP,RG,8775,1,D,BB,PD,D
9:27:16,ICBP,RG,8775,8,D,BB,ZP,F
9:27:16,ICBP,RG,8775,4,D,BB,GR,D
9:27:16,ICBP,RG,8775,1,D,BB,XC,D
9:27:16,ICBP,RG,8775,10,D,BB,AI,D
9:27:16,ICBP,RG,8775,50,D,BB,OD,D
9:27:16,ICBP,RG,8775,1,D,BB,YP,D
9:27:16,ICBP,RG,8775,1,D,BB,AK,F
9:27:16,ICBP,RG,8775,1,D,BB,AK,F
9:27:16,ICBP,RG,8775,50,D,BB,GR,D
9:27:16,ICBP,RG,8775,1,D,BB,XC,D
9:27:16,ICBP,RG,8775,8,D,BB,ZP,F
9:27:16,ICBP,RG,8775,2,D,BB,AK,F
9:27:16,ICBP,RG,8775,3,D,BB,NI,D
9:27:16,ICBP,RG,8775,1,D,BB,AK,F
9:27:16,ICBP,RG,8775,10,D,BB,KK,D
9:27:16,ICBP,RG,8775,6,D,BB,PD,D
9:27:16,ICBP,RG,8775,10,D,BB,KK,D
9:27:16,ICBP,RG,8775,50,D,BB,NI,D
9:27:16,ICBP,RG,8775,2,D,BB,CC,D
9:27:16,ICBP,RG,8775,5,D,BB,KK,D
9:26:17,ICBP,RG,8775,3,D,XC,KK,D
9:25:03,ICBP,RG,8775,1,D,NI,KK,D
9:24:10,ICBP,RG,8750,11,D,BB,ZP,F
9:24:08,ICBP,RG,8750,18,D,BB,XC,D
9:24:08,ICBP,RG,8750,22,D,OD,XC,D
9:23:53,ICBP,RG,8750,7,D,OD,ZP,F
9:23:52,ICBP,RG,8750,20,D,OD,PD,D
9:23:39,ICBP,RG,8775,1,D,PD,KK,D
9:23:38,ICBP,RG,8750,10,D,OD,ZP,F
9:23:37,ICBP,RG,8750,41,D,OD,YP,D
9:23:10,ICBP,RG,8775,1,D,PD,XC,D
9:23:10,ICBP,RG,8775,2,D,PD,AK,F
9:23:10,ICBP,RG,8775,5,D,PD,DH,D
9:23:10,ICBP,RG,8775,1,D,PD,YP,D
9:21:23,ICBP,RG,8775,1,D,XC,YP,D
9:20:40,ICBP,RG,8775,1,D,XL,AK,F
9:20:28,ICBP,RG,8750,10,D,BB,XC,D
9:20:19,ICBP,RG,8750,6,D,BB,SQ,D
9:20:15,ICBP,RG,8750,2,D,BB,XC,D
9:19:56,ICBP,RG,8750,12,D,BB,ZP,F
9:19:56,ICBP,RG,8750,8,D,BB,ZP,F
9:19:55,ICBP,RG,8750,18,D,BB,AK,F
9:19:55,ICBP,RG,8750,9,D,BB,ZP,F
9:19:55,ICBP,RG,8750,5,D,BB,ZP,F
9:19:54,ICBP,RG,8750,35,D,BB,LG,D
9:19:54,ICBP,RG,8750,2,F,CS,LG,D
9:19:54,ICBP,RG,8750,2,F,CS,LG,D
9:19:54,ICBP,RG,8750,1,F,CS,LG,D
9:19:54,ICBP,RG,8750,1,F,CS,LG,D
9:19:54,ICBP,RG,8750,2,F,CS,LG,D
9:19:54,ICBP,RG,8750,8,D,BB,LG,D
9:19:54,ICBP,RG,8750,1,F,ZP,LG,D
9:19:44,ICBP,RG,8750,8,F,ZP,ZP,F
9:19:43,ICBP,RG,8750,9,F,ZP,XC,D
9:19:43,ICBP,RG,8750,1,F,CS,XC,D
9:19:27,ICBP,RG,8750,2,D,BB,YP,D
9:19:12,ICBP,RG,8750,3,D,BB,AI,D
9:19:10,ICBP,RG,8750,1,D,BB,PD,D
9:18:57,ICBP,RG,8750,1,F,CS,PD,D
9:18:57,ICBP,RG,8775,10,D,PD,AK,F
9:18:51,ICBP,RG,8750,1,F,CS,AI,D
9:18:51,ICBP,RG,8750,1,F,CS,AI,D
9:18:43,ICBP,RG,8750,1,D,BB,XC,D
9:18:32,ICBP,RG,8750,6,D,BB,ZP,F
9:18:32,ICBP,RG,8750,8,D,BB,OD,D
9:18:32,ICBP,RG,8725,11,D,OD,ZP,F
9:18:31,ICBP,RG,8750,2,F,CS,OD,D
9:18:31,ICBP,RG,8750,1,F,CS,OD,D
9:18:31,ICBP,RG,8750,1,F,CS,OD,D
9:18:31,ICBP,RG,8750,1,F,CS,OD,D
9:18:31,ICBP,RG,8750,1,F,CS,OD,D
9:18:31,ICBP,RG,8750,1,D,PD,OD,D
9:18:31,ICBP,RG,8750,21,D,BB,OD,D
9:18:31,ICBP,RG,8750,1,F,CS,OD,D
9:18:31,ICBP,RG,8750,13,F,ZP,OD,D
9:18:20,ICBP,RG,8775,1,D,XL,AK,F
9:18:14,ICBP,RG,8750,7,F,ZP,ZP,F
9:18:13,ICBP,RG,8750,8,F,ZP,PD,D
9:17:45,ICBP,RG,8750,2,F,ZP,XL,D
9:17:34,ICBP,RG,8750,10,F,ZP,DH,D
9:17:17,ICBP,RG,8750,7,F,ZP,YP,D
9:17:17,ICBP,RG,8750,1,F,CS,YP,D
9:17:17,ICBP,RG,8750,1,D,XC,YP,D
9:16:36,ICBP,RG,8750,12,D,MG,NI,D
9:16:36,ICBP,RG,8750,4,D,MG,ZP,F
9:16:32,ICBP,RG,8725,3,D,OD,XC,D
9:16:23,ICBP,RG,8725,1,D,OD,XC,D
9:15:46,ICBP,RG,8725,8,D,OD,ZP,F
9:15:46,ICBP,RG,8750,3,D,BB,ZP,F
9:15:45,ICBP,RG,8750,13,D,BB,AK,F
9:15:44,ICBP,RG,8750,1,D,BB,AK,F
9:15:43,ICBP,RG,8750,11,D,PD,AK,F
9:15:43,ICBP,RG,8750,1,F,CS,ZP,F
9:15:43,ICBP,RG,8775,1,F,CS,AK,F
9:15:43,ICBP,RG,8750,3,D,BB,SQ,D
9:15:37,ICBP,RG,8775,1,D,PD,AK,F
9:15:10,ICBP,RG,8725,9,D,OD,ZP,F
9:15:08,ICBP,RG,8750,4,D,BB,PD,D
9:15:08,ICBP,RG,8750,2,D,BB,NI,D
9:15:08,ICBP,RG,8750,5,D,BB,KK,D
9:15:08,ICBP,RG,8750,10,D,BB,GR,D
9:15:08,ICBP,RG,8750,1,D,BB,CC,F
9:15:08,ICBP,RG,8750,4,D,BB,ZP,F
9:15:08,ICBP,RG,8750,1,D,BB,PD,D
9:15:08,ICBP,RG,8750,1,D,BB,XA,D
9:14:34,ICBP,RG,8750,1,D,NI,XA,D
9:13:26,ICBP,RG,8750,1,D,BB,XA,D
9:13:19,ICBP,RG,8725,14,D,OD,ZP,F
9:13:18,ICBP,RG,8750,9,D,PD,XA,D
9:13:15,ICBP,RG,8725,49,D,OD,CC,D
9:13:14,ICBP,RG,8725,7,D,OD,PD,D
9:13:03,ICBP,RG,8750,3,D,XC,XA,D
9:11:51,ICBP,RG,8750,2,D,PD,PD,D
9:11:30,ICBP,RG,8775,15,D,BB,AK,F
9:11:30,ICBP,RG,8775,1,D,BB,YP,D
9:11:29,ICBP,RG,8750,1,D,BB,YP,D
9:11:29,ICBP,RG,8750,3,D,BB,BK,F
9:11:29,ICBP,RG,8750,23,D,BB,AK,F
9:11:28,ICBP,RG,8750,6,D,BB,AK,F
9:11:28,ICBP,RG,8750,33,D,BB,ZP,F
9:11:28,ICBP,RG,8750,2,D,BB,NI,D
9:11:22,ICBP,RG,8725,1,D,OD,PD,D
9:11:08,ICBP,RG,8725,7,D,OD,ZP,F
9:11:08,ICBP,RG,8725,1,D,PD,ZP,F
9:11:08,ICBP,RG,8725,1,D,PD,ZP,F
9:11:08,ICBP,RG,8725,8,D,BB,ZP,F
9:11:08,ICBP,RG,8725,10,D,PD,ZP,F
9:11:08,ICBP,RG,8725,1,D,XC,ZP,F
9:11:08,ICBP,RG,8725,2,D,CC,ZP,F
9:11:08,ICBP,RG,8725,2,D,KK,ZP,F
9:11:08,ICBP,RG,8725,2,D,EP,ZP,F
9:11:08,ICBP,RG,8750,4,F,ZP,NI,D
9:11:08,ICBP,RG,8750,1,D,CC,NI,D
9:11:08,ICBP,RG,8750,5,D,BB,NI,D
9:10:39,ICBP,RG,8750,1,D,BB,PD,D
9:10:39,ICBP,RG,8750,4,F,ZP,PD,D
9:10:30,ICBP,RG,8750,10,F,ZP,YP,D
9:10:10,ICBP,RG,8750,4,F,ZP,AK,F
9:10:10,ICBP,RG,8750,24,D,BB,AK,F
9:10:07,ICBP,RG,8750,49,D,BB,AK,F
9:10:07,ICBP,RG,8750,32,F,ZP,AK,F
9:10:07,ICBP,RG,8750,3,D,KK,AK,F
9:10:07,ICBP,RG,8750,150,D,OD,AK,F
9:10:07,ICBP,RG,8750,6,D,BB,AK,F
9:09:44,ICBP,RG,8775,1,D,BB,YP,D
9:09:44,ICBP,RG,8775,1,D,BB,YP,D
9:09:44,ICBP,RG,8775,9,D,BB,NI,D
9:09:44,ICBP,RG,8775,3,D,BB,PD,D
9:09:25,ICBP,RG,8750,2,D,BB,PD,D
9:09:14,ICBP,RG,8750,1,D,BB,YP,D
9:09:14,ICBP,RG,8750,1,F,ZP,YP,D
9:09:05,ICBP,RG,8750,1,F,ZP,PD,D
9:08:34,ICBP,RG,8750,20,F,ZP,NI,D
9:08:16,ICBP,RG,8750,1,F,ZP,XC,D
9:08:06,ICBP,RG,8775,1,D,PD,PD,D
9:08:06,ICBP,RG,8775,2,D,PD,AK,F
9:08:06,ICBP,RG,8775,1,D,PD,AK,F
9:08:06,ICBP,RG,8775,1,D,PD,KK,D
9:08:06,ICBP,RG,8775,1,D,PD,YP,D
9:08:06,ICBP,RG,8775,1,D,PD,AK,F
9:08:06,ICBP,RG,8775,3,D,PD,AK,F
9:08:05,ICBP,RG,8750,1,F,ZP,PD,D
9:07:54,ICBP,RG,8750,1,F,ZP,NI,D
9:07:37,ICBP,RG,8750,17,F,ZP,AK,F
9:07:37,ICBP,RG,8750,2,D,YP,AK,F
9:07:37,ICBP,RG,8750,1,D,XC,AK,F
9:07:37,ICBP,RG,8750,1,D,AT,AK,F
9:07:37,ICBP,RG,8750,1,D,PD,AK,F
9:07:37,ICBP,RG,8750,1,D,YP,AK,F
9:07:36,ICBP,RG,8750,5,D,YP,ZP,F
9:07:36,ICBP,RG,8750,2,D,XC,ZP,F
9:07:36,ICBP,RG,8750,2,D,AT,ZP,F
9:07:36,ICBP,RG,8750,32,F,ZP,ZP,F
9:07:36,ICBP,RG,8750,2,D,NI,ZP,F
9:07:36,ICBP,RG,8750,3,D,YP,ZP,F
9:07:36,ICBP,RG,8750,83,D,BB,ZP,F
9:07:36,ICBP,RG,8750,1,D,NI,ZP,F
9:07:36,ICBP,RG,8750,1,D,XC,ZP,F
9:07:36,ICBP,RG,8750,10,D,KK,ZP,F
9:07:36,ICBP,RG,8750,3,F,ZP,ZP,F
9:07:36,ICBP,RG,8750,32,F,ZP,ZP,F
9:07:36,ICBP,RG,8750,14,D,BB,ZP,F
9:07:36,ICBP,RG,8750,10,D,PD,ZP,F
9:07:36,ICBP,RG,8750,10,D,IF,ZP,F
9:07:36,ICBP,RG,8750,28,D,YP,ZP,F
9:07:36,ICBP,RG,8750,10,D,CC,ZP,F
9:07:36,ICBP,RG,8750,3,D,PD,ZP,F
9:07:36,ICBP,RG,8750,2,D,CC,ZP,F
9:07:36,ICBP,RG,8750,1,D,CC,ZP,F
9:07:36,ICBP,RG,8750,1,D,SQ,ZP,F
9:07:36,ICBP,RG,8750,1,D,DH,ZP,F
9:07:36,ICBP,RG,8750,1,D,EP,ZP,F
9:07:36,ICBP,RG,8750,3,D,KK,ZP,F
9:07:36,ICBP,RG,8750,100,D,XL,ZP,F
9:07:36,ICBP,RG,8750,1,D,PD,ZP,F
9:07:36,ICBP,RG,8750,9,D,XC,ZP,F
9:07:36,ICBP,RG,8750,5,D,AZ,ZP,F
9:07:36,ICBP,RG,8750,11,D,PD,ZP,F
9:07:36,ICBP,RG,8750,1,D,PD,ZP,F
9:07:36,ICBP,RG,8750,11,D,XL,ZP,F
9:07:36,ICBP,RG,8750,2,D,XC,ZP,F
9:07:03,ICBP,RG,8775,1,D,PD,AK,F
9:06:23,ICBP,RG,8775,1,D,YP,AK,F
9:05:57,ICBP,RG,8775,1,D,YP,AK,F
9:05:27,ICBP,RG,8775,3,D,KK,AK,F
9:05:23,ICBP,RG,8775,10,D,CC,AK,F
9:05:04,ICBP,RG,8775,1,D,KK,AK,F
9:05:00,ICBP,RG,8775,5,D,PD,AK,F
9:04:10,ICBP,RG,8775,1,D,NI,AK,F
9:04:10,ICBP,RG,8775,6,D,XC,AK,F
9:04:10,ICBP,RG,8775,1,D,CC,AK,F
9:04:10,ICBP,RG,8775,5,D,KK,AK,F
9:04:10,ICBP,RG,8775,10,D,PD,AK,F
9:04:10,ICBP,RG,8775,1,D,PD,AK,F
9:04:10,ICBP,RG,8775,2,D,YP,AK,F
9:04:10,ICBP,RG,8775,4,F,BK,AK,F
9:04:10,ICBP,RG,8775,35,F,ZP,AK,F
9:04:10,ICBP,RG,8775,31,D,BB,AK,F
9:04:10,ICBP,RG,8775,117,D,OD,AK,F
9:03:55,ICBP,RG,8800,100,D,IH,PD,D
9:03:44,ICBP,RG,8775,2,D,OD,YP,D
9:03:26,ICBP,RG,8775,25,D,OD,CC,D
9:03:09,ICBP,RG,8800,9,D,PD,PD,D
9:03:02,ICBP,RG,8775,3,D,OD,DR,D
9:03:02,ICBP,RG,8775,1,D,OD,AK,F
9:03:00,ICBP,RG,8775,1,D,OD,AK,F
9:02:54,ICBP,RG,8775,10,D,OD,PD,D
9:02:35,ICBP,RG,8775,2,D,OD,PD,D
9:02:13,ICBP,RG,8775,6,D,OD,XC,D
9:01:56,ICBP,RG,8775,1,D,OD,YP,D
9:01:47,ICBP,RG,8775,10,D,OD,PD,D
9:01:39,ICBP,RG,8800,1,D,YP,PD,D
9:01:34,ICBP,RG,8775,2,D,OD,NI,D
9:01:21,ICBP,RG,8800,5,D,YP,PD,D
9:01:15,ICBP,RG,8800,7,D,YB,PD,D
9:01:15,ICBP,RG,8800,12,D,YB,SQ,D
9:01:15,ICBP,RG,8800,6,D,YB,XC,D
9:01:15,ICBP,RG,8800,1,D,YB,XC,D
9:01:15,ICBP,RG,8800,1,D,YB,YB,D
9:01:15,ICBP,RG,8800,7,D,YB,ZP,D
9:01:15,ICBP,RG,8800,1,D,PD,ZP,D
9:01:15,ICBP,RG,8800,2,D,AK,ZP,D
9:01:15,ICBP,RG,8800,1,D,AK,PD,D
9:01:15,ICBP,RG,8800,4,D,AK,DH,D
9:01:14,ICBP,RG,8775,2,D,OD,XC,D
9:01:03,ICBP,RG,8775,24,D,OD,AK,F
9:01:02,ICBP,RG,8775,1,D,OD,PD,D
9:01:02,ICBP,RG,8775,1,D,OD,CC,D
9:01:02,ICBP,RG,8775,7,D,OD,CC,D
9:01:02,ICBP,RG,8775,1,D,OD,XC,D
9:01:02,ICBP,RG,8775,6,D,OD,PD,D
9:01:02,ICBP,RG,8775,2,D,OD,YP,D
9:01:02,ICBP,RG,8775,4,D,OD,YP,D
9:01:02,ICBP,RG,8775,1,D,OD,YP,D
9:01:02,ICBP,RG,8775,1,D,OD,PD,D
9:01:02,ICBP,RG,8775,2,D,OD,PD,D
9:01:02,ICBP,RG,8775,5,D,OD,CC,D
9:01:02,ICBP,RG,8775,13,D,OD,LG,D
9:00:57,ICBP,RG,8750,2,D,XC,YP,D
9:00:55,ICBP,RG,8750,1,D,XC,XC,D
9:00:45,ICBP,RG,8775,1,D,AK,LG,D
9:00:38,ICBP,RG,8775,10,D,PD,LG,D
9:00:27,ICBP,RG,8775,1,D,AK,LG,D
9:00:27,ICBP,RG,8750,1,D,XC,XC,D
9:00:24,ICBP,RG,8750,1,D,XC,XC,D
9:00:20,ICBP,RG,8775,1,D,XC,LG,D
9:00:15,ICBP,RG,8775,1,D,AK,LG,D
9:00:14,ICBP,RG,8775,10,D,PD,LG,D
9:00:09,ICBP,RG,8775,3,D,PD,LG,D
8:59:00,ICBP,RG,8775,1,D,PD,LG,D
8:59:00,ICBP,RG,8775,4,D,DR,LG,D
8:59:00,ICBP,RG,8775,1,D,DR,GR,D
8:59:00,ICBP,RG,8775,4,D,DR,PD,D
8:59:00,ICBP,RG,8775,1,D,DR,XC,D
8:59:00,ICBP,RG,8775,1,D,XC,XC,D
8:59:00,ICBP,RG,8775,1,D,SQ,XC,D
8:59:00,ICBP,RG,8775,2,F,ZP,XC,D
8:59:00,ICBP,RG,8775,4,F,ZP,XC,D
8:59:00,ICBP,RG,8775,2,F,ZP,PD,D
8:59:00,ICBP,RG,8775,5,F,ZP,KK,D
8:59:00,ICBP,RG,8775,5,D,DH,KK,D
8:59:00,ICBP,RG,8775,1,F,ZP,KK,D
8:59:00,ICBP,RG,8775,2,F,ZP,AZ,D
8:59:00,ICBP,RG,8775,4,F,ZP,PD,D
8:59:00,ICBP,RG,8775,1,F,BK,PD,D
8:59:00,ICBP,RG,8775,10,F,YU,KK,D
8:59:00,ICBP,RG,8775,8,F,YU,SQ,D
8:59:00,ICBP,RG,8775,5,F,YU,CC,D
8:59:00,ICBP,RG,8775,1,F,YU,PD,D
8:59:00,ICBP,RG,8775,5,F,YU,CC,D
8:59:00,ICBP,RG,8775,1,F,YU,XC,D
8:59:00,ICBP,RG,8775,1,D,AK,XC,D
8:59:00,ICBP,RG,8775,2,D,AK,PD,D
8:59:00,ICBP,RG,8775,1,D,AK,PD,D
8:59:00,ICBP,RG,8775,1,D,AK,GR,D
8:59:00,ICBP,RG,8775,1,D,AK,XC,D
8:59:00,ICBP,RG,8775,1,D,AK,XC,D
8:59:00,ICBP,RG,8775,1,F,AK,PC,D
8:59:00,ICBP,RG,8775,1,F,AK,XC,D
8:59:00,ICBP,RG,8775,8,F,AK,XL,D
8:59:00,ICBP,RG,8775,4,D,BB,XL,D
8:59:00,ICBP,RG,8775,3,D,BB,PD,D
8:59:00,ICBP,RG,8775,29,D,BB,NI,D
8:59:00,ICBP,RG,8775,6,D,AK,NI,D
8:59:00,ICBP,RG,8775,9,F,AK,NI,D