Time,Stock,Brd,Price,Qty,BT,BC,SC,ST
15:13:48,ICBP,RG,8625,1,F,KZ,YP,D
15:13:47,ICBP,RG,8625,2,D,AZ,YP,D
15:09:34,ICBP,RG,8625,1,D,XC,YP,D
15:02:36,ICBP,RG,8625,5,D,YP,YP,D
15:00:00,ICBP,RG,8625,1,D,KK,YP,D
15:00:00,ICBP,RG,8625,29,F,BK,YP,D
15:00:00,ICBP,RG,8625,30,F,BK,XC,D
15:00:00,ICBP,RG,8625,2,F,BK,XL,D
15:00:00,ICBP,RG,8625,2,F,BK,YP,D
15:00:00,ICBP,RG,8625,3,F,BK,EP,D
15:00:00,ICBP,RG,8625,2,F,BK,PD,D
15:00:00,ICBP,RG,8625,6,F,BK,XC,D
15:00:00,ICBP,RG,8625,1,F,BK,EP,D
15:00:00,ICBP,RG,8625,10,F,BK,SQ,D
15:00:00,ICBP,RG,8625,2,F,BK,CC,D
15:00:00,ICBP,RG,8625,154,F,BK,DH,D
15:00:00,ICBP,RG,8625,6,F,BK,SQ,D
15:00:00,ICBP,RG,8625,25,F,BK,NI,D
15:00:00,ICBP,RG,8625,2,F,BK,PD,D
15:00:00,ICBP,RG,8625,2,F,BK,DH,D
15:00:00,ICBP,RG,8625,20,F,BK,GR,D
15:00:00,ICBP,RG,8625,1,F,BK,AI,D
15:00:00,ICBP,RG,8625,10,F,BK,SQ,D
15:00:00,ICBP,RG,8625,2,F,BK,YP,D
15:00:00,ICBP,RG,8625,2,F,BK,YP,D
15:00:00,ICBP,RG,8625,3,F,BK,XC,D
15:00:00,ICBP,RG,8625,101,F,BK,XA,D
15:00:00,ICBP,RG,8625,45,F,AK,XA,D
15:00:00,ICBP,RG,8625,81,F,AK,XA,D
15:00:00,ICBP,RG,8625,50,F,AK,XC,D
15:00:00,ICBP,RG,8625,2,F,AK,DH,D
15:00:00,ICBP,RG,8625,1,F,AK,AT,D
15:00:00,ICBP,RG,8625,25,F,AK,GR,D
15:00:00,ICBP,RG,8625,58,F,AK,CC,D
15:00:00,ICBP,RG,8625,35,F,AK,AO,D
15:00:00,ICBP,RG,8625,5,F,AK,AO,D
15:00:00,ICBP,RG,8625,70,F,AK,YB,D
15:00:00,ICBP,RG,8625,55,F,AK,CC,D
15:00:00,ICBP,RG,8625,2,F,AK,GR,D
15:00:00,ICBP,RG,8625,342,F,AK,CS,F
15:00:00,ICBP,RG,8625,198,F,CS,CS,F
15:00:00,ICBP,RG,8625,297,F,CS,CS,F
15:00:00,ICBP,RG,8625,296,F,CS,CS,F
15:00:00,ICBP,RG,8625,576,F,CS,CS,F
15:00:00,ICBP,RG,8625,45,F,KZ,CS,F
15:00:00,ICBP,RG,8625,70,F,KZ,CS,F
15:00:00,ICBP,RG,8625,22,F,KZ,CC,F
15:00:00,ICBP,RG,8625,456,F,KZ,CC,F
15:00:00,ICBP,RG,8625,134,F,KZ,AK,F
15:00:00,ICBP,RG,8625,214,F,KZ,AK,F
15:00:00,ICBP,RG,8625,119,F,KZ,KZ,D
15:00:00,ICBP,RG,8625,627,F,KZ,KZ,D
15:00:00,ICBP,RG,8625,66,F,KZ,KZ,D
15:00:00,ICBP,RG,8625,70,F,KZ,KZ,D
15:00:00,ICBP,RG,8625,207,F,KZ,KZ,D
15:00:00,ICBP,RG,8625,59,F,KZ,KZ,D
15:00:00,ICBP,RG,8625,448,F,AK,KZ,D
15:00:00,ICBP,RG,8625,1,F,AK,KZ,D
15:00:00,ICBP,RG,8625,52,F,YU,KZ,D
15:00:00,ICBP,RG,8625,32,F,YU,BK,F
15:00:00,ICBP,RG,8625,96,F,YU,BK,F
15:00:00,ICBP,RG,8625,97,F,YU,BK,F
15:00:00,ICBP,RG,8625,101,F,YU,CS,D
15:00:00,ICBP,RG,8625,200,F,YU,CS,D
15:00:00,ICBP,RG,8625,74,F,YU,CS,D
15:00:00,ICBP,RG,8625,8,F,YU,ZP,F
15:00:00,ICBP,RG,8625,9,F,YU,ZP,F
15:00:00,ICBP,RG,8625,73,F,YU,AK,D
15:00:00,ICBP,RG,8625,50,F,YU,AK,D
15:00:00,ICBP,RG,8625,58,F,YU,AK,F
15:00:00,ICBP,RG,8625,20,F,YU,AK,F
15:00:00,ICBP,RG,8625,68,F,YU,CC,D
15:00:00,ICBP,RG,8625,72,F,YU,AK,F
15:00:00,ICBP,RG,8625,22,F,YU,AK,F
15:00:00,ICBP,RG,8625,140,F,YU,PD,D
15:00:00,ICBP,RG,8625,370,F,YU,PD,D
15:00:00,ICBP,RG,8625,180,F,YU,PD,D
15:00:00,ICBP,RG,8625,180,F,YU,PD,D
15:00:00,ICBP,RG,8625,180,F,YU,PD,D
15:00:00,ICBP,RG,8625,14,D,YU,PD,D
14:49:59,ICBP,RG,8600,1,F,KZ,AK,F
14:49:58,ICBP,RG,8600,66,F,KZ,OD,D
14:49:58,ICBP,RG,8600,2,F,KZ,OD,D
14:49:58,ICBP,RG,8600,5,F,KZ,OD,D
14:49:54,ICBP,RG,8600,3,F,KZ,AK,F
14:49:54,ICBP,RG,8600,2,F,KZ,AK,F
14:49:54,ICBP,RG,8600,1,F,KZ,AK,F
14:49:53,ICBP,RG,8600,1,F,KZ,YP,D
14:49:32,ICBP,RG,8600,1,F,KZ,BQ,D
14:49:30,ICBP,RG,8600,22,F,KZ,AK,F
14:49:28,ICBP,RG,8625,29,F,AK,DH,D
14:49:26,ICBP,RG,8600,11,F,KZ,ZP,F
14:49:14,ICBP,RG,8600,14,F,KZ,AK,F
14:49:14,ICBP,RG,8600,8,F,KZ,AK,F
14:49:14,ICBP,RG,8600,4,F,KZ,AK,F
14:49:13,ICBP,RG,8625,31,F,AK,DH,D
14:49:08,ICBP,RG,8600,12,F,KZ,ZP,F
14:49:08,ICBP,RG,8600,2,F,KZ,BB,D
14:49:05,ICBP,RG,8600,2,F,KZ,BB,D
14:48:55,ICBP,RG,8600,7,F,KZ,BK,F
14:48:36,ICBP,RG,8625,25,F,AK,DH,D
14:48:10,ICBP,RG,8600,1,F,KZ,BQ,D
14:48:06,ICBP,RG,8625,35,F,AK,DH,D
14:48:04,ICBP,RG,8625,46,D,KZ,DH,D
14:48:04,ICBP,RG,8625,1,D,KZ,XC,D
14:48:04,ICBP,RG,8625,2,D,KZ,XC,D
14:48:04,ICBP,RG,8625,2,D,KZ,PD,D
14:48:04,ICBP,RG,8625,8,D,KZ,PD,D
14:48:04,ICBP,RG,8625,4,D,KZ,KK,D
14:48:04,ICBP,RG,8625,3,D,KZ,PD,D
14:48:04,ICBP,RG,8625,2,D,KZ,CC,D
14:48:04,ICBP,RG,8625,2,D,KZ,PD,D
14:48:04,ICBP,RG,8625,5,D,KZ,YP,D
14:48:04,ICBP,RG,8625,20,D,KZ,DR,D
14:48:04,ICBP,RG,8625,1,D,KZ,XL,D
14:48:04,ICBP,RG,8625,1,D,KZ,YP,D
14:48:04,ICBP,RG,8625,12,D,KZ,YP,D
14:48:04,ICBP,RG,8625,2,D,KZ,CC,D
14:48:04,ICBP,RG,8625,3,D,KZ,CC,D
14:48:04,ICBP,RG,8625,1,D,KZ,PD,D
14:48:04,ICBP,RG,8625,5,D,KZ,PD,D
14:48:04,ICBP,RG,8625,2,D,KZ,KK,D
14:48:04,ICBP,RG,8625,3,D,KZ,YP,D
14:48:04,ICBP,RG,8625,11,D,KZ,DH,D
14:48:04,ICBP,RG,8625,8,D,KZ,PD,D
14:48:04,ICBP,RG,8625,3,D,KZ,SQ,D
14:47:55,ICBP,RG,8600,1,F,KZ,BQ,D
14:47:43,ICBP,RG,8625,31,F,AK,SQ,D
14:47:28,ICBP,RG,8600,8,F,KZ,BK,F
14:47:15,ICBP,RG,8625,23,D,CC,SQ,D
14:47:08,ICBP,RG,8625,1,F,AK,SQ,D
14:47:06,ICBP,RG,8625,17,F,AK,SQ,D
14:47:06,ICBP,RG,8625,1,F,AK,YP,D
14:47:06,ICBP,RG,8625,5,F,AK,YP,D
14:47:06,ICBP,RG,8625,31,F,AK,GR,D
14:46:51,ICBP,RG,8600,105,F,KZ,PD,D
14:46:51,ICBP,RG,8600,11,F,KZ,PD,D
14:46:51,ICBP,RG,8600,18,F,KZ,PD,D
14:46:51,ICBP,RG,8600,385,F,YU,PD,D
14:46:21,ICBP,RG,8625,22,F,AK,GR,D
14:46:08,ICBP,RG,8600,2,F,YU,BQ,D
14:45:55,ICBP,RG,8625,40,F,AK,GR,D
14:45:52,ICBP,RG,8600,288,F,YU,PD,D
14:45:52,ICBP,RG,8600,1,D,KZ,PD,D
14:45:52,ICBP,RG,8600,6,F,KZ,PD,D
14:45:52,ICBP,RG,8600,1,F,KZ,PD,D
14:45:52,ICBP,RG,8600,1,F,KZ,PD,D
14:45:52,ICBP,RG,8600,8,F,KZ,PD,D
14:45:52,ICBP,RG,8600,210,F,CC,PD,D
14:45:52,ICBP,RG,8600,4,D,KZ,PD,D
14:45:39,ICBP,RG,8600,12,D,KZ,XA,D
14:45:39,ICBP,RG,8600,2,D,KZ,XA,D
14:45:09,ICBP,RG,8625,7,F,YU,GR,D
14:45:09,ICBP,RG,8625,1,F,YU,PD,D
14:45:09,ICBP,RG,8625,10,F,YU,OD,D
14:45:09,ICBP,RG,8625,2,F,YU,PD,D
14:45:09,ICBP,RG,8625,9,F,YU,KK,D
14:45:09,ICBP,RG,8625,2,F,YU,PD,D
14:45:09,ICBP,RG,8625,1,F,YU,YP,D
14:45:09,ICBP,RG,8625,6,F,YU,YP,D
14:45:09,ICBP,RG,8625,1,F,YU,YP,D
14:45:09,ICBP,RG,8625,1,F,YU,OD,D
14:45:09,ICBP,RG,8625,10,F,YU,YP,D
14:45:09,ICBP,RG,8625,1,F,YU,PD,D
14:45:09,ICBP,RG,8625,1,F,YU,PD,D
14:45:09,ICBP,RG,8625,2,F,YU,SQ,D
14:45:09,ICBP,RG,8625,10,F,YU,NI,D
14:45:09,ICBP,RG,8625,2,F,YU,PD,D
14:45:09,ICBP,RG,8625,4,F,YU,KK,D
14:45:09,ICBP,RG,8625,1,F,YU,PD,D
14:45:09,ICBP,RG,8625,5,F,YU,CC,D
14:45:09,ICBP,RG,8625,2,F,YU,SQ,D
14:45:09,ICBP,RG,8625,5,F,YU,NI,D
14:45:09,ICBP,RG,8625,3,F,YU,XC,D
14:45:09,ICBP,RG,8625,1,F,YU,YP,D
14:45:09,ICBP,RG,8625,1,F,YU,XC,D
14:45:09,ICBP,RG,8625,10,F,YU,KK,D
14:45:09,ICBP,RG,8625,5,F,YU,CC,D
14:45:09,ICBP,RG,8625,2,F,YU,OD,D
14:45:09,ICBP,RG,8625,1,F,YU,YP,D
14:45:06,ICBP,RG,8600,64,F,YU,CS,F
14:45:05,ICBP,RG,8600,1,F,AK,CS,F
14:45:05,ICBP,RG,8600,145,F,YU,CS,F
14:45:05,ICBP,RG,8600,104,F,YU,CS,F
14:45:05,ICBP,RG,8600,1,F,AK,CS,F
14:45:05,ICBP,RG,8600,249,F,YU,CS,F
14:45:05,ICBP,RG,8600,60,F,KZ,CS,F
14:45:05,ICBP,RG,8600,86,F,AK,CS,F
14:45:05,ICBP,RG,8600,247,F,AK,CS,F
14:45:05,ICBP,RG,8600,2,F,AK,CS,F
14:45:05,ICBP,RG,8600,72,F,AK,CS,F
14:45:05,ICBP,RG,8600,10,F,AK,CS,F
14:45:04,ICBP,RG,8600,95,F,AK,CS,F
14:45:04,ICBP,RG,8600,33,F,AK,CS,F
14:45:04,ICBP,RG,8600,41,F,AK,CS,F
14:45:04,ICBP,RG,8600,190,D,BB,CS,F
14:45:04,ICBP,RG,8600,500,D,BB,CS,F
14:45:04,ICBP,RG,8600,86,D,BB,AK,F
14:45:04,ICBP,RG,8600,12,D,BB,GR,D
14:45:04,ICBP,RG,8600,39,D,BB,AK,F
14:45:04,ICBP,RG,8600,100,D,BB,OD,D
14:45:04,ICBP,RG,8600,8,D,BB,BB,D
14:45:04,ICBP,RG,8600,10,D,BB,PD,D
14:45:04,ICBP,RG,8600,1,D,BB,CC,F
14:45:04,ICBP,RG,8600,161,D,BB,CS,F
14:44:52,ICBP,RG,8600,116,F,YU,CS,F
14:44:51,ICBP,RG,8600,60,F,CC,CS,F
14:44:50,ICBP,RG,8600,4,F,AK,CS,F
14:44:49,ICBP,RG,8600,100,D,KZ,CS,F
14:44:47,ICBP,RG,8600,27,F,AK,CS,F
14:44:45,ICBP,RG,8600,30,F,CC,CS,F
14:44:37,ICBP,RG,8600,2,F,YU,CS,F
14:44:37,ICBP,RG,8600,16,F,YU,KK,D
14:44:34,ICBP,RG,8600,24,F,CC,KK,D
14:44:34,ICBP,RG,8600,1,F,CC,PD,D
14:44:34,ICBP,RG,8600,2,F,CC,SQ,D
14:44:34,ICBP,RG,8600,5,F,CC,YP,D
14:44:34,ICBP,RG,8600,1,F,CC,PD,D
14:44:34,ICBP,RG,8600,4,F,AK,PD,D
14:44:34,ICBP,RG,8600,36,F,AK,YU,D
14:44:26,ICBP,RG,8600,14,F,CC,YU,D
14:44:26,ICBP,RG,8600,3,F,CC,CC,D
14:44:26,ICBP,RG,8600,5,F,CC,PD,D
14:44:15,ICBP,RG,8600,1,F,CC,PD,D
14:44:15,ICBP,RG,8600,1,F,CC,BK,F
14:44:15,ICBP,RG,8600,6,F,CC,YP,D
14:44:14,ICBP,RG,8600,1,D,NI,YP,D
14:44:04,ICBP,RG,8600,43,F,CC,YP,D
14:44:04,ICBP,RG,8600,55,F,CC,AK,F
14:44:04,ICBP,RG,8600,1,F,CC,PD,D
14:44:04,ICBP,RG,8600,12,F,CC,AK,F
14:43:56,ICBP,RG,8600,46,F,YU,AK,F
14:43:56,ICBP,RG,8600,1,F,YU,KK,D
14:43:56,ICBP,RG,8600,4,F,YU,CC,D
14:43:56,ICBP,RG,8600,3,F,YU,XC,D
14:43:56,ICBP,RG,8600,8,F,YU,BK,F
14:43:56,ICBP,RG,8600,171,F,YU,LG,D
14:43:54,ICBP,RG,8600,29,D,KZ,LG,D
14:43:54,ICBP,RG,8600,57,D,KZ,LG,D
14:43:52,ICBP,RG,8600,8,F,AK,LG,D
14:43:50,ICBP,RG,8600,17,F,AK,LG,D
14:43:50,ICBP,RG,8600,18,F,BK,LG,D
14:43:50,ICBP,RG,8600,100,F,BK,LG,D
14:43:50,ICBP,RG,8600,100,F,BK,LG,D
14:43:50,ICBP,RG,8600,4,F,BK,NI,D
14:43:50,ICBP,RG,8600,7,F,BK,PD,D
14:43:50,ICBP,RG,8600,35,F,BK,ZP,D
14:43:50,ICBP,RG,8600,5,F,BK,EP,D
14:43:50,ICBP,RG,8600,1,F,BK,SQ,D
14:43:50,ICBP,RG,8600,3,F,BK,DH,D
14:43:50,ICBP,RG,8600,8,F,BK,BK,F
14:43:50,ICBP,RG,8600,15,F,BK,EP,D
14:43:50,ICBP,RG,8600,10,F,BK,DR,D
14:43:50,ICBP,RG,8600,3,F,BK,KK,D
14:43:50,ICBP,RG,8600,5,F,BK,YP,D
14:43:50,ICBP,RG,8600,31,F,BK,BB,D
14:43:50,ICBP,RG,8600,67,F,BK,AK,F
14:43:50,ICBP,RG,8600,243,F,BK,CS,F
14:43:49,ICBP,RG,8600,14,D,KZ,CS,F
14:43:49,ICBP,RG,8600,243,F,YU,CS,F
14:43:49,ICBP,RG,8600,1,F,YU,CC,F
14:43:49,ICBP,RG,8600,5,F,YU,DH,D
14:43:49,ICBP,RG,8600,117,F,YU,AK,F
14:43:49,ICBP,RG,8600,74,F,YU,AK,F
14:43:49,ICBP,RG,8600,25,F,YU,LG,D
14:43:48,ICBP,RG,8600,36,F,CC,LG,D
14:43:48,ICBP,RG,8600,39,F,BK,LG,D
14:43:48,ICBP,RG,8600,84,F,BK,LG,D
14:43:47,ICBP,RG,8600,13,F,AK,LG,D
14:43:47,ICBP,RG,8600,3,F,AK,LG,D
14:43:47,ICBP,RG,8600,18,F,AK,LG,D
14:43:46,ICBP,RG,8600,82,F,AK,LG,D
14:43:46,ICBP,RG,8600,100,F,AK,LG,D
14:43:46,ICBP,RG,8600,100,F,AK,LG,D
14:43:46,ICBP,RG,8600,205,F,AK,OD,D
14:43:46,ICBP,RG,8600,196,F,AK,OD,D
14:42:51,ICBP,RG,8600,4,F,YU,OD,D
14:42:51,ICBP,RG,8600,5,F,YU,PD,D
14:42:51,ICBP,RG,8600,10,F,YU,CD,D
14:42:51,ICBP,RG,8600,6,F,YU,CC,D
14:42:51,ICBP,RG,8600,35,F,YU,PD,D
14:42:44,ICBP,RG,8600,110,D,KZ,PD,D
14:42:44,ICBP,RG,8600,3,F,YU,PD,D
14:42:41,ICBP,RG,8600,25,F,YU,PD,D
14:42:41,ICBP,RG,8575,25,F,KZ,BB,D
14:42:39,ICBP,RG,8600,98,D,KZ,PD,D
14:42:38,ICBP,RG,8600,1,F,AK,PD,D
14:42:27,ICBP,RG,8575,1,F,KZ,YP,D
14:42:25,ICBP,RG,8600,71,F,YU,PD,D
14:42:23,ICBP,RG,8575,9,F,KZ,BK,F
14:42:21,ICBP,RG,8600,124,D,BB,PD,D
14:42:19,ICBP,RG,8575,1,F,KZ,YP,D
14:42:17,ICBP,RG,8600,10,F,YU,PD,D
14:42:16,ICBP,RG,8600,23,D,CC,PD,D
14:42:00,ICBP,RG,8600,3,D,SQ,PD,D
14:41:33,ICBP,RG,8600,8,F,YU,PD,D
14:41:30,ICBP,RG,8575,183,F,KZ,AK,F
14:41:29,ICBP,RG,8575,10,F,KZ,EP,D
14:41:15,ICBP,RG,8575,1,F,KZ,XL,D
14:40:25,ICBP,RG,8575,1,F,KZ,PD,D
14:39:57,ICBP,RG,8600,8,F,YU,PD,D
14:39:57,ICBP,RG,8600,61,F,YU,AK,F
14:39:57,ICBP,RG,8600,10,F,YU,NI,D
14:39:57,ICBP,RG,8600,155,F,YU,LG,D
14:39:54,ICBP,RG,8575,160,F,KZ,PD,D
14:39:54,ICBP,RG,8575,1,D,XC,PD,D
14:39:54,ICBP,RG,8575,1,F,KZ,PD,D
14:39:54,ICBP,RG,8575,65,F,KZ,PD,D
14:39:54,ICBP,RG,8575,292,D,BB,PD,D
14:39:14,ICBP,RG,8600,11,D,AZ,LG,D
14:38:08,ICBP,RG,8600,1,F,AK,LG,D
14:38:04,ICBP,RG,8600,64,D,KZ,LG,D
14:37:19,ICBP,RG,8575,3,D,BB,YP,D
14:36:50,ICBP,RG,8600,3,D,YP,LG,D
14:36:44,ICBP,RG,8600,50,D,KZ,LG,D
14:36:43,ICBP,RG,8600,1,D,BB,LG,D
14:36:37,ICBP,RG,8600,3,D,OD,LG,D
14:36:27,ICBP,RG,8575,2,D,BB,PD,D
14:36:24,ICBP,RG,8600,212,F,YU,LG,D
14:36:24,ICBP,RG,8600,44,F,YU,AK,F
14:36:24,ICBP,RG,8600,5,F,YU,YP,D
14:36:24,ICBP,RG,8600,2,F,YU,XC,D
14:36:24,ICBP,RG,8600,3,F,YU,BK,F
14:36:24,ICBP,RG,8600,38,F,YU,YP,D
14:36:19,ICBP,RG,8600,26,F,CC,YP,D
14:36:18,ICBP,RG,8575,519,D,BB,PD,D
14:36:10,ICBP,RG,8600,3,F,YU,YP,D
14:36:07,ICBP,RG,8600,22,F,CC,YP,D
14:35:57,ICBP,RG,8600,11,F,CC,YP,D
14:35:57,ICBP,RG,8600,16,F,CC,YP,D
14:35:50,ICBP,RG,8600,42,F,CC,YP,D
14:35:42,ICBP,RG,8600,42,F,CC,YP,D
14:35:42,ICBP,RG,8600,3,F,CC,SQ,D
14:35:42,ICBP,RG,8600,6,F,CC,AK,F
14:35:17,ICBP,RG,8600,3,D,OD,AK,F
14:34:51,ICBP,RG,8575,7,D,BB,BB,D
14:34:42,ICBP,RG,8600,3,D,OD,AK,F
14:34:29,ICBP,RG,8600,47,D,KZ,AK,F
14:34:08,ICBP,RG,8600,38,F,YU,AK,F
14:34:08,ICBP,RG,8600,9,F,YU,BK,F
14:34:08,ICBP,RG,8600,202,F,YU,PD,D
14:34:03,ICBP,RG,8600,317,D,BB,PD,D
14:34:03,ICBP,RG,8600,1,D,BB,PD,D
14:34:03,ICBP,RG,8600,48,D,BB,AK,F
14:34:03,ICBP,RG,8600,1,D,BB,NI,D
14:34:03,ICBP,RG,8600,8,D,BB,BK,F
14:34:03,ICBP,RG,8600,12,D,BB,CC,D
14:34:03,ICBP,RG,8600,83,D,BB,OD,D
14:33:42,ICBP,RG,8600,5,D,OD,OD,D
14:33:15,ICBP,RG,8575,15,D,BB,OD,D
14:33:08,ICBP,RG,8600,1,F,AK,OD,D
14:33:05,ICBP,RG,8600,59,F,YU,OD,D
14:33:01,ICBP,RG,8600,130,F,BK,OD,D
14:33:00,ICBP,RG,8600,22,F,YU,OD,D
14:33:00,ICBP,RG,8600,8,F,YU,BK,F
14:33:00,ICBP,RG,8600,5,F,YU,YU,F
14:32:57,ICBP,RG,8575,151,D,BB,PD,D
14:32:57,ICBP,RG,8575,1,D,YP,PD,D
14:32:57,ICBP,RG,8575,15,F,KZ,PD,D
14:32:57,ICBP,RG,8575,1,F,KZ,PD,D
14:32:57,ICBP,RG,8575,2,F,KZ,PD,D
14:32:57,ICBP,RG,8575,2,F,KZ,PD,D
14:32:57,ICBP,RG,8575,1,F,KZ,PD,D
14:32:57,ICBP,RG,8575,1,F,KZ,PD,D
14:32:57,ICBP,RG,8575,345,F,KZ,PD,D
14:32:50,ICBP,RG,8575,2,F,KZ,PD,D
14:32:44,ICBP,RG,8600,4,D,OD,YU,F
14:32:33,ICBP,RG,8575,18,F,KZ,OD,D
14:32:28,ICBP,RG,8600,25,D,LG,YU,F
14:32:24,ICBP,RG,8600,46,D,KZ,YU,F
14:32:08,ICBP,RG,8600,1,D,EP,YU,F
14:31:54,ICBP,RG,8600,36,F,YU,YU,F
14:31:54,ICBP,RG,8600,500,F,YU,LG,D
14:31:54,ICBP,RG,8600,1,F,YU,XC,D
14:31:54,ICBP,RG,8600,10,F,YU,SQ,D
14:31:54,ICBP,RG,8600,8,F,YU,BK,F
14:31:54,ICBP,RG,8600,203,F,YU,YP,D
14:31:54,ICBP,RG,8600,44,D,KZ,YP,D
14:31:50,ICBP,RG,8600,3,F,AK,YP,D
14:31:50,ICBP,RG,8600,500,F,AK,OD,D
14:31:50,ICBP,RG,8600,6,F,AK,ZP,F
14:31:50,ICBP,RG,8600,10,F,AK,OD,D
14:31:50,ICBP,RG,8600,1,F,AK,PD,D
14:31:50,ICBP,RG,8600,50,F,AK,AK,F
14:31:50,ICBP,RG,8600,47,F,AK,AK,F
14:31:50,ICBP,RG,8600,1,F,AK,XC,D
14:31:50,ICBP,RG,8600,1,F,AK,KK,D
14:31:50,ICBP,RG,8600,17,F,AK,BB,D
14:31:50,ICBP,RG,8600,8,F,AK,BK,F
14:31:50,ICBP,RG,8600,500,F,AK,CS,F
14:31:50,ICBP,RG,8600,231,F,AK,BK,F
14:31:47,ICBP,RG,8600,30,F,YU,BK,F
14:31:45,ICBP,RG,8575,39,F,KZ,AK,F
14:31:45,ICBP,RG,8575,12,F,KZ,AK,F
14:31:42,ICBP,RG,8600,4,D,OD,BK,F
14:31:42,ICBP,RG,8575,8,F,KZ,BK,F
14:31:37,ICBP,RG,8600,11,F,YU,BK,F
14:31:33,ICBP,RG,8575,21,F,KZ,OD,D
14:30:42,ICBP,RG,8600,4,D,OD,BK,F
14:30:36,ICBP,RG,8600,8,F,YU,BK,F
14:30:31,ICBP,RG,8575,17,F,KZ,OD,D
14:29:50,ICBP,RG,8600,3,F,YU,BK,F
14:29:46,ICBP,RG,8575,8,F,KZ,BK,F
14:29:44,ICBP,RG,8600,5,D,OD,BK,F
14:29:35,ICBP,RG,8600,10,F,YU,BK,F
14:29:33,ICBP,RG,8575,18,F,KZ,OD,D
14:29:08,ICBP,RG,8600,1,F,AK,BK,F
14:28:48,ICBP,RG,8575,2,F,KZ,YP,D
14:28:44,ICBP,RG,8600,4,D,OD,BK,F
14:28:38,ICBP,RG,8600,10,F,YU,BK,F
14:28:33,ICBP,RG,8575,19,F,KZ,OD,D
14:28:31,ICBP,RG,8575,40,F,KZ,OD,D
14:28:10,ICBP,RG,8575,7,F,KZ,BK,F
14:28:08,ICBP,RG,8575,3,F,KZ,PD,D
14:27:52,ICBP,RG,8575,4,F,KZ,PD,D
14:27:44,ICBP,RG,8600,4,D,OD,BK,F
14:27:31,ICBP,RG,8575,19,F,KZ,OD,D
14:26:42,ICBP,RG,8600,5,D,OD,BK,F
14:26:31,ICBP,RG,8575,18,F,KZ,OD,D
14:26:16,ICBP,RG,8575,5,F,KZ,BK,F
14:26:16,ICBP,RG,8575,3,F,KZ,BK,F
14:26:11,ICBP,RG,8575,15,F,KZ,SQ,D
14:25:53,ICBP,RG,8575,23,F,KZ,GR,D
14:25:53,ICBP,RG,8575,34,F,BK,GR,D
14:25:44,ICBP,RG,8600,4,D,OD,BK,F
14:25:31,ICBP,RG,8575,1,F,BK,XC,D
14:25:29,ICBP,RG,8575,19,F,BK,OD,D
14:25:11,ICBP,RG,8600,1,D,BB,BK,F
14:25:05,ICBP,RG,8600,125,F,YU,BK,F
14:25:05,ICBP,RG,8600,49,F,YU,AK,F
14:25:05,ICBP,RG,8600,5,F,YU,KK,D
14:25:05,ICBP,RG,8600,1,F,YU,PD,D
14:25:05,ICBP,RG,8600,1,F,YU,NI,D
14:25:05,ICBP,RG,8600,80,F,YU,LG,D
14:25:02,ICBP,RG,8575,11,F,BK,PD,D
14:25:02,ICBP,RG,8575,174,F,AK,PD,D
14:25:02,ICBP,RG,8575,14,F,CC,PD,D
14:25:02,ICBP,RG,8575,5,D,AZ,PD,D
14:25:02,ICBP,RG,8575,2,D,NI,PD,D
14:25:02,ICBP,RG,8575,25,F,PD,PD,D
14:25:02,ICBP,RG,8575,1,F,KZ,PD,D
14:25:02,ICBP,RG,8575,2,D,YP,PD,D
14:25:02,ICBP,RG,8575,5,F,KZ,PD,D
14:25:02,ICBP,RG,8575,15,D,XC,PD,D
14:25:02,ICBP,RG,8575,1,F,KZ,PD,D
14:25:02,ICBP,RG,8575,2,F,KZ,PD,D
14:25:02,ICBP,RG,8575,4,F,KZ,PD,D
14:25:02,ICBP,RG,8575,5,D,PD,PD,D
14:25:02,ICBP,RG,8575,4,F,KZ,PD,D
14:25:02,ICBP,RG,8575,16,F,KZ,PD,D
14:25:02,ICBP,RG,8575,44,F,KZ,PD,D
14:25:02,ICBP,RG,8575,45,F,KZ,PD,D
14:25:02,ICBP,RG,8575,1,D,XL,PD,D
14:25:02,ICBP,RG,8575,122,F,KZ,PD,D
14:25:02,ICBP,RG,8575,21,F,KZ,PD,D
14:24:42,ICBP,RG,8600,4,D,OD,LG,D
14:24:29,ICBP,RG,8575,17,F,KZ,OD,D
14:24:08,ICBP,RG,8600,1,F,AK,LG,D
14:23:42,ICBP,RG,8600,4,D,OD,LG,D
14:23:27,ICBP,RG,8575,17,F,KZ,OD,D
14:22:44,ICBP,RG,8600,5,D,OD,LG,D
14:22:29,ICBP,RG,8575,20,F,KZ,OD,D
14:21:42,ICBP,RG,8600,16,F,YP,LG,D
14:21:40,ICBP,RG,8600,4,D,OD,LG,D
14:21:27,ICBP,RG,8575,20,F,KZ,OD,D
14:20:40,ICBP,RG,8600,5,D,OD,LG,D
14:20:39,ICBP,RG,8600,181,F,YU,LG,D
14:20:39,ICBP,RG,8600,6,F,YU,ZP,F
14:20:39,ICBP,RG,8600,26,F,YU,AK,F
14:20:34,ICBP,RG,8575,415,F,KZ,PD,D
14:20:34,ICBP,RG,8575,16,F,KZ,PD,D
14:20:34,ICBP,RG,8575,35,F,KZ,PD,D
14:20:34,ICBP,RG,8575,53,F,KZ,PD,D
14:20:25,ICBP,RG,8575,3,F,KZ,OD,D
14:20:25,ICBP,RG,8575,15,F,KZ,OD,D
14:19:53,ICBP,RG,8600,1,F,AK,AK,F
14:19:38,ICBP,RG,8600,4,D,OD,AK,F
14:19:27,ICBP,RG,8575,17,F,KZ,OD,D
14:18:50,ICBP,RG,8600,5,D,PD,AK,F
14:18:36,ICBP,RG,8600,4,D,OD,AK,F
14:18:27,ICBP,RG,8575,17,F,KZ,OD,D
14:17:36,ICBP,RG,8600,5,D,OD,AK,F
14:17:27,ICBP,RG,8575,19,F,KZ,OD,D
14:16:53,ICBP,RG,8600,2,D,NI,AK,F
14:16:38,ICBP,RG,8600,4,D,OD,AK,F
14:16:27,ICBP,RG,8575,21,F,KZ,OD,D
14:15:50,ICBP,RG,8575,11,F,KZ,PD,D
14:15:40,ICBP,RG,8600,3,D,OD,AK,F
14:15:25,ICBP,RG,8575,17,F,KZ,OD,D
14:14:53,ICBP,RG,8600,1,F,AK,AK,F
14:14:40,ICBP,RG,8600,4,D,OD,AK,F
14:14:25,ICBP,RG,8575,15,F,KZ,OD,D
14:13:38,ICBP,RG,8600,4,D,OD,AK,F
14:13:25,ICBP,RG,8575,10,F,KZ,OD,D
14:13:25,ICBP,RG,8575,6,F,CS,OD,D
14:12:40,ICBP,RG,8600,3,D,OD,AK,F
14:12:32,ICBP,RG,8600,7,F,AK,AK,F
14:12:32,ICBP,RG,8600,8,F,AK,BK,F
14:12:32,ICBP,RG,8600,5,F,AK,FZ,D
14:12:32,ICBP,RG,8600,48,F,AK,CS,F
14:12:30,ICBP,RG,8600,102,F,BK,CS,F
14:12:29,ICBP,RG,8600,350,F,YU,CS,F
14:12:29,ICBP,RG,8600,100,F,YU,YP,D
14:12:29,ICBP,RG,8600,1,F,YU,SQ,D
14:12:29,ICBP,RG,8600,1,F,YU,PD,D
14:12:29,ICBP,RG,8600,49,F,YU,AK,F
14:12:29,ICBP,RG,8600,135,F,YU,LG,D
14:12:27,ICBP,RG,8600,365,D,BB,LG,D
14:12:27,ICBP,RG,8600,36,D,BB,AK,F
14:12:27,ICBP,RG,8600,9,D,BB,BK,F
14:12:27,ICBP,RG,8600,370,D,BB,BK,F
14:12:27,ICBP,RG,8600,13,D,BB,AZ,D
14:12:27,ICBP,RG,8600,23,D,BB,XC,D
14:12:27,ICBP,RG,8600,6,D,BB,ZP,F
14:12:27,ICBP,RG,8600,100,D,BB,PD,D
14:12:27,ICBP,RG,8600,1,D,BB,BB,D
14:12:27,ICBP,RG,8600,42,D,BB,AK,F
14:12:27,ICBP,RG,8600,467,D,BB,YU,F
14:12:27,ICBP,RG,8600,1,D,BB,NI,D
14:12:27,ICBP,RG,8600,5,D,BB,XC,D
14:12:27,ICBP,RG,8600,8,D,BB,SQ,D
14:12:27,ICBP,RG,8600,8,D,BB,ZP,F
14:12:27,ICBP,RG,8600,41,D,BB,AK,F
14:12:27,ICBP,RG,8600,5,D,BB,AK,F
14:12:25,ICBP,RG,8575,17,F,CS,OD,D
14:11:40,ICBP,RG,8600,4,D,OD,AK,F
14:11:24,ICBP,RG,8575,17,F,CS,OD,D
14:10:42,ICBP,RG,8600,4,D,OD,AK,F
14:10:38,ICBP,RG,8600,1,F,AK,AK,F
14:10:22,ICBP,RG,8575,17,F,CS,OD,D
14:09:40,ICBP,RG,8600,4,D,OD,AK,F
14:09:21,ICBP,RG,8575,17,F,CS,OD,D
14:09:07,ICBP,RG,8575,1,F,CS,BQ,D
14:08:45,ICBP,RG,8600,35,F,YU,AK,F
14:08:45,ICBP,RG,8600,200,F,YU,OD,D
14:08:45,ICBP,RG,8600,8,F,YU,BK,F
14:08:45,ICBP,RG,8600,327,F,YU,CS,F
14:08:41,ICBP,RG,8575,217,F,CS,BK,F
14:08:41,ICBP,RG,8575,93,F,KZ,BK,F
14:08:41,ICBP,RG,8575,190,F,KZ,BK,F
14:08:40,ICBP,RG,8575,168,F,KZ,PD,D
14:08:40,ICBP,RG,8575,66,F,KZ,PD,D
14:08:40,ICBP,RG,8575,208,F,AK,PD,D
14:08:40,ICBP,RG,8575,73,F,AK,PD,D
14:08:40,ICBP,RG,8575,4,F,AK,PD,D
14:08:36,ICBP,RG,8600,3,D,OD,CS,F
14:08:35,ICBP,RG,8600,2,D,PD,CS,F
14:08:24,ICBP,RG,8600,9,F,YU,CS,F
14:08:20,ICBP,RG,8575,5,F,AK,OD,D
14:08:20,ICBP,RG,8575,11,F,CS,OD,D
14:08:05,ICBP,RG,8600,1,D,OD,CS,F
14:07:34,ICBP,RG,8600,4,D,OD,CS,F
14:07:28,ICBP,RG,8575,1,F,CS,BQ,D
14:07:27,ICBP,RG,8600,8,F,YU,CS,F
14:07:22,ICBP,RG,8575,16,F,CS,OD,D
14:06:34,ICBP,RG,8600,3,D,OD,CS,F
14:06:24,ICBP,RG,8575,17,F,CS,OD,D
14:05:42,ICBP,RG,8600,27,F,YU,CS,F
14:05:37,ICBP,RG,8600,48,F,CC,CS,F
14:05:37,ICBP,RG,8600,1,F,YU,CS,F
14:05:34,ICBP,RG,8600,4,D,OD,CS,F
14:05:30,ICBP,RG,8600,1,F,YU,CS,F
14:05:25,ICBP,RG,8600,1,F,YU,CS,F
14:05:24,ICBP,RG,8575,16,F,CS,OD,D
14:05:23,ICBP,RG,8600,1,F,AK,CS,F
14:04:34,ICBP,RG,8600,4,D,OD,CS,F
14:04:30,ICBP,RG,8575,30,F,CS,CC,D
14:04:21,ICBP,RG,8600,56,F,YU,CS,F
14:04:21,ICBP,RG,8600,5,F,YU,KK,D
14:04:15,ICBP,RG,8600,1,F,CC,CC,F
14:04:15,ICBP,RG,8600,16,F,CC,OD,D
14:04:15,ICBP,RG,8600,35,F,CC,XC,D
14:04:15,ICBP,RG,8600,57,F,CC,CS,F
14:04:07,ICBP,RG,8600,1,F,YU,CS,F
14:04:04,ICBP,RG,8600,10,F,CC,CS,F
14:03:57,ICBP,RG,8600,9,F,YU,CS,F
14:03:52,ICBP,RG,8600,25,F,CC,CS,F
14:03:41,ICBP,RG,8600,12,F,YU,CS,F
14:03:37,ICBP,RG,8600,40,F,AK,CS,F
14:03:34,ICBP,RG,8600,10,D,SQ,CS,F
14:03:32,ICBP,RG,8600,3,D,OD,CS,F
14:03:20,ICBP,RG,8600,9,D,DH,CS,F
14:02:51,ICBP,RG,8600,33,F,AK,CS,F
14:02:37,ICBP,RG,8600,87,F,BK,CS,F
14:02:34,ICBP,RG,8600,54,F,YU,CS,F
14:02:34,ICBP,RG,8600,150,F,YU,CS,F
14:02:33,ICBP,RG,8600,16,F,YU,OD,D
14:02:33,ICBP,RG,8600,134,F,YU,CS,F
14:02:31,ICBP,RG,8600,39,F,CC,CS,F
14:02:27,ICBP,RG,8600,327,F,YU,CS,F
14:02:26,ICBP,RG,8600,394,F,YU,CS,F
14:02:26,ICBP,RG,8600,53,F,YU,CS,F
14:02:26,ICBP,RG,8600,53,F,YU,CS,F
14:02:26,ICBP,RG,8600,53,F,YU,CS,F
14:02:21,ICBP,RG,8600,420,F,BK,CS,F
14:02:21,ICBP,RG,8600,27,F,BK,CS,F
14:02:21,ICBP,RG,8600,430,F,BK,CS,F
14:02:20,ICBP,RG,8600,27,F,BK,CS,F
14:02:20,ICBP,RG,8600,43,F,AK,CS,F
14:02:20,ICBP,RG,8600,397,F,AK,CS,F
14:02:19,ICBP,RG,8600,103,F,AK,CS,F
14:02:19,ICBP,RG,8600,23,F,AK,AK,F
14:02:19,ICBP,RG,8600,4,D,OD,AK,F
14:02:19,ICBP,RG,8600,20,D,BB,AK,F
14:02:19,ICBP,RG,8600,6,D,BB,ZP,F
14:02:19,ICBP,RG,8600,15,D,BB,OD,D
14:02:19,ICBP,RG,8600,5,D,BB,KK,D
14:02:19,ICBP,RG,8600,8,D,BB,BK,F
14:02:19,ICBP,RG,8600,1,D,BB,AO,D
14:02:19,ICBP,RG,8600,10,D,BB,PD,D
14:02:19,ICBP,RG,8600,5,D,BB,PD,D
14:02:19,ICBP,RG,8600,1,D,BB,NI,D
14:02:19,ICBP,RG,8600,51,D,BB,AK,F
14:02:19,ICBP,RG,8600,7,D,BB,ZP,F
14:02:19,ICBP,RG,8600,100,D,BB,YP,D
14:02:19,ICBP,RG,8600,8,D,BB,PD,D
14:02:19,ICBP,RG,8600,73,D,BB,AK,F
14:02:19,ICBP,RG,8600,1,D,BB,KK,D
14:02:19,ICBP,RG,8600,1,D,BB,XC,D
14:02:19,ICBP,RG,8600,10,D,BB,DH,D
14:02:19,ICBP,RG,8600,8,D,BB,BK,F
14:02:19,ICBP,RG,8600,12,D,BB,PD,D
14:02:19,ICBP,RG,8600,689,D,BB,YU,F
14:02:19,ICBP,RG,8600,3,D,BB,BB,D
14:02:19,ICBP,RG,8600,10,D,BB,CC,D
14:02:19,ICBP,RG,8600,115,D,BB,AK,F
14:02:19,ICBP,RG,8600,200,D,BB,OD,D
14:02:19,ICBP,RG,8600,141,D,BB,CS,F
14:01:32,ICBP,RG,8600,4,D,OD,CS,F
14:01:26,ICBP,RG,8600,9,F,YU,CS,F
14:01:24,ICBP,RG,8575,16,F,CS,OD,D
14:01:09,ICBP,RG,8575,1,F,CS,CC,D
14:00:53,ICBP,RG,8600,1,F,AK,CS,F
14:00:30,ICBP,RG,8600,4,D,OD,CS,F
14:00:24,ICBP,RG,8600,7,F,YU,CS,F
14:00:22,ICBP,RG,8575,18,F,CS,OD,D
14:00:02,ICBP,RG,8600,9,F,YU,CS,F
13:59:55,ICBP,RG,8600,20,D,KK,CS,F
13:59:30,ICBP,RG,8600,3,D,OD,CS,F
13:59:26,ICBP,RG,8600,8,F,YU,CS,F
13:59:18,ICBP,RG,8575,16,F,CS,OD,D
13:58:28,ICBP,RG,8600,4,D,OD,CS,F
13:58:18,ICBP,RG,8575,16,F,CS,OD,D
13:58:16,ICBP,RG,8575,4,F,CS,NI,D
13:58:05,ICBP,RG,8600,33,F,YU,CS,F
13:57:59,ICBP,RG,8600,93,F,BK,CS,F
13:57:26,ICBP,RG,8600,4,D,OD,CS,F
13:57:20,ICBP,RG,8575,17,F,CS,OD,D
13:56:43,ICBP,RG,8600,1,D,YP,CS,F
13:56:26,ICBP,RG,8600,3,D,OD,CS,F
13:56:18,ICBP,RG,8575,17,F,CS,OD,D
13:55:38,ICBP,RG,8600,2,D,XC,CS,F
13:55:38,ICBP,RG,8600,1,F,AK,CS,F
13:55:26,ICBP,RG,8600,4,D,OD,CS,F
13:55:14,ICBP,RG,8575,16,F,CS,OD,D
13:54:26,ICBP,RG,8600,4,D,OD,CS,F
13:54:05,ICBP,RG,8600,143,F,CC,CS,F
13:53:59,ICBP,RG,8600,2,F,PD,CS,F
13:53:59,ICBP,RG,8600,8,F,PD,BB,D
13:53:50,ICBP,RG,8600,10,F,PD,BB,D
13:53:21,ICBP,RG,8600,82,F,CC,CS,F
13:53:16,ICBP,RG,8600,3,D,OD,CS,F
13:53:16,ICBP,RG,8600,48,F,YU,CS,F
13:53:16,ICBP,RG,8600,367,F,YU,CS,F
13:53:15,ICBP,RG,8600,17,F,YU,OD,D
13:53:15,ICBP,RG,8600,8,F,YU,BK,F
13:53:15,ICBP,RG,8600,36,F,YU,AK,F
13:53:15,ICBP,RG,8600,39,F,YU,AK,F
13:53:15,ICBP,RG,8600,39,F,YU,AK,F
13:53:15,ICBP,RG,8600,38,F,YU,AK,F
13:53:15,ICBP,RG,8600,190,F,YU,CS,F
13:53:12,ICBP,RG,8600,1,F,AK,CS,F
13:53:12,ICBP,RG,8600,119,F,AK,CS,F
13:53:12,ICBP,RG,8600,57,F,CC,CS,F
13:53:10,ICBP,RG,8600,133,F,AK,CS,F
13:53:10,ICBP,RG,8600,1,F,AK,PD,D
13:53:10,ICBP,RG,8600,6,F,AK,XL,D
13:53:10,ICBP,RG,8600,1,F,AK,EP,D
13:53:10,ICBP,RG,8600,17,F,AK,OD,D
13:53:10,ICBP,RG,8600,15,F,AK,YP,D
13:53:07,ICBP,RG,8600,85,D,BB,YP,D
13:53:07,ICBP,RG,8600,2,D,BB,XC,D
13:53:07,ICBP,RG,8600,8,D,BB,ZP,F
13:53:07,ICBP,RG,8600,500,D,BB,CS,F
13:53:07,ICBP,RG,8600,1,D,BB,PD,D
13:53:07,ICBP,RG,8600,200,D,BB,OD,D
13:53:07,ICBP,RG,8600,34,D,BB,AK,F
13:53:07,ICBP,RG,8600,1,D,BB,YP,D
13:53:07,ICBP,RG,8600,5,D,BB,SQ,D
13:53:07,ICBP,RG,8600,5,D,BB,BK,F
13:53:07,ICBP,RG,8600,500,D,BB,LG,D
13:53:07,ICBP,RG,8600,3,D,BB,KK,D
13:53:07,ICBP,RG,8600,3,D,BB,PD,D
13:53:07,ICBP,RG,8600,54,D,BB,AK,F
13:53:07,ICBP,RG,8600,39,D,BB,AK,F
13:53:07,ICBP,RG,8600,2,D,BB,YB,D
13:53:07,ICBP,RG,8600,29,D,BB,BB,D
13:53:07,ICBP,RG,8600,29,D,BB,AK,F
13:53:00,ICBP,RG,8600,12,F,CC,AK,F
13:53:00,ICBP,RG,8600,9,F,CC,BK,F
13:53:00,ICBP,RG,8600,10,F,CC,PD,D
13:53:00,ICBP,RG,8600,31,F,CC,LG,D
13:52:52,ICBP,RG,8600,9,F,CC,LG,D
13:52:43,ICBP,RG,8600,9,F,CC,LG,D
13:52:30,ICBP,RG,8600,3,D,OD,LG,D
13:52:08,ICBP,RG,8575,16,F,CS,OD,D
13:51:32,ICBP,RG,8600,4,D,OD,LG,D
13:51:23,ICBP,RG,8600,1,F,AK,LG,D
13:51:10,ICBP,RG,8575,16,F,CS,OD,D
13:50:30,ICBP,RG,8600,4,D,OD,LG,D
13:50:08,ICBP,RG,8575,14,F,CS,OD,D
13:50:01,ICBP,RG,8575,1,F,CS,YB,D
13:49:48,ICBP,RG,8575,10,F,CS,PD,D
13:49:32,ICBP,RG,8600,99,F,BK,LG,D
13:49:31,ICBP,RG,8600,140,F,YU,LG,D
13:49:31,ICBP,RG,8600,5,F,YU,PD,D
13:49:31,ICBP,RG,8600,8,F,YU,BK,F
13:49:31,ICBP,RG,8600,15,F,YU,CC,D
13:49:31,ICBP,RG,8600,1,F,YU,GR,D
13:49:31,ICBP,RG,8600,4,F,YU,YP,D
13:49:31,ICBP,RG,8600,33,F,YU,AK,F
13:49:31,ICBP,RG,8600,15,F,YU,YP,D
13:49:31,ICBP,RG,8600,42,F,YU,AK,F
13:49:31,ICBP,RG,8600,203,F,YU,CS,F
13:49:30,ICBP,RG,8600,156,F,AK,CS,F
13:49:30,ICBP,RG,8600,10,F,AK,PD,D
13:49:30,ICBP,RG,8600,9,F,AK,BK,F
13:49:30,ICBP,RG,8600,200,F,AK,LG,D
13:49:30,ICBP,RG,8600,4,F,AK,XL,D
13:49:30,ICBP,RG,8600,453,F,AK,YU,F
13:49:30,ICBP,RG,8600,4,D,OD,YU,F
13:49:11,ICBP,RG,8600,7,F,YU,YU,F
13:49:08,ICBP,RG,8575,15,F,CS,OD,D
13:49:03,ICBP,RG,8600,1,F,YU,YU,F
13:49:00,ICBP,RG,8575,2,F,CS,KK,D
13:48:47,ICBP,RG,8600,3,F,YU,YU,F
13:48:45,ICBP,RG,8575,7,F,CS,BK,F
13:48:35,ICBP,RG,8600,1,F,YU,YU,F
13:48:32,ICBP,RG,8600,3,D,OD,YU,F
13:48:30,ICBP,RG,8575,4,F,CS,BK,F
13:48:10,ICBP,RG,8575,15,F,CS,OD,D
13:47:56,ICBP,RG,8575,2,F,CS,XC,D
13:47:30,ICBP,RG,8600,4,D,OD,YU,F
13:47:22,ICBP,RG,8575,8,F,CS,BK,F
13:47:10,ICBP,RG,8575,17,F,CS,OD,D
13:47:09,ICBP,RG,8575,3,F,CS,KK,D
13:46:34,ICBP,RG,8600,3,D,OD,YU,F
13:46:10,ICBP,RG,8575,15,F,CS,OD,D
13:46:08,ICBP,RG,8600,1,F,AK,YU,F
13:45:51,ICBP,RG,8575,8,F,CS,BK,F
13:45:35,ICBP,RG,8600,4,D,OD,YU,F
13:45:10,ICBP,RG,8575,2,F,CS,OD,D
13:45:10,ICBP,RG,8575,15,F,CS,OD,D
13:45:05,ICBP,RG,8600,2,D,XC,YU,F
13:44:37,ICBP,RG,8600,4,D,OD,YU,F
13:44:10,ICBP,RG,8575,16,F,CS,OD,D
13:43:35,ICBP,RG,8600,3,D,OD,YU,F
13:43:12,ICBP,RG,8575,20,F,CS,OD,D
13:42:55,ICBP,RG,8575,7,F,CS,XC,D
13:42:35,ICBP,RG,8600,4,D,OD,YU,F
13:42:13,ICBP,RG,8575,2,F,CS,NI,D
13:42:12,ICBP,RG,8575,17,F,CS,OD,D
13:41:58,ICBP,RG,8575,10,F,CS,NI,D
13:41:43,ICBP,RG,8575,7,F,CS,ZP,F
13:41:33,ICBP,RG,8600,4,D,OD,YU,F
13:41:14,ICBP,RG,8575,1,F,CS,XA,D
13:41:14,ICBP,RG,8575,16,F,CS,OD,D
13:40:31,ICBP,RG,8600,3,D,OD,YU,F
13:40:26,ICBP,RG,8600,91,F,YU,YU,F
13:40:26,ICBP,RG,8600,1,F,YU,GR,D
13:40:26,ICBP,RG,8600,43,F,YU,CC,D
13:40:26,ICBP,RG,8600,100,F,YU,LG,D
13:40:26,ICBP,RG,8600,8,F,YU,BK,F
13:40:26,ICBP,RG,8600,7,F,YU,BK,F
13:40:26,ICBP,RG,8600,42,F,YU,AK,F
13:40:26,ICBP,RG,8600,9,F,YU,BK,F
13:40:26,ICBP,RG,8600,165,F,YU,OD,D
13:40:26,ICBP,RG,8600,5,F,YU,SQ,D
13:40:26,ICBP,RG,8600,8,F,YU,BK,F
13:40:26,ICBP,RG,8600,1,F,YU,SQ,D
13:40:26,ICBP,RG,8600,6,F,YU,SQ,D
13:40:26,ICBP,RG,8600,20,F,YU,SQ,D
13:40:26,ICBP,RG,8600,1,F,YU,BB,D
13:40:26,ICBP,RG,8600,19,F,YU,YP,D
13:40:26,ICBP,RG,8600,1,F,YU,YP,D
13:40:26,ICBP,RG,8600,3,F,YU,YP,D
13:40:26,ICBP,RG,8600,11,F,YU,ZP,F
13:40:26,ICBP,RG,8600,3,F,YU,CC,D
13:40:26,ICBP,RG,8600,1,F,YU,CC,D
13:40:26,ICBP,RG,8600,74,F,YU,CS,F
13:40:19,ICBP,RG,8575,253,F,CS,BK,F
13:40:19,ICBP,RG,8575,30,D,PD,BK,F
13:40:19,ICBP,RG,8575,217,D,BB,BK,F
13:40:18,ICBP,RG,8575,500,D,BB,BK,F
13:40:18,ICBP,RG,8600,67,F,YU,CS,F
13:40:18,ICBP,RG,8600,3,F,YU,XC,D
13:40:18,ICBP,RG,8600,3,F,YU,XC,D
13:40:18,ICBP,RG,8600,2,F,YU,XC,D
13:40:18,ICBP,RG,8600,1,F,YU,XC,D
13:40:18,ICBP,RG,8600,48,F,YU,AK,F
13:40:18,ICBP,RG,8600,38,F,YU,CC,D
13:40:17,ICBP,RG,8575,72,D,BB,BK,F
13:40:17,ICBP,RG,8575,49,F,AK,BK,F
13:40:17,ICBP,RG,8575,1,D,PD,BK,F
13:40:17,ICBP,RG,8575,147,F,BK,BK,F
13:40:17,ICBP,RG,8575,1,D,XC,BK,F
13:40:17,ICBP,RG,8575,9,D,DH,BK,F
13:40:17,ICBP,RG,8575,20,F,KZ,BK,F
13:40:17,ICBP,RG,8575,134,F,KZ,BK,F
13:40:17,ICBP,RG,8575,30,F,KZ,BK,F
13:40:17,ICBP,RG,8575,18,F,KZ,BK,F
13:40:17,ICBP,RG,8575,19,F,KZ,BK,F
13:40:16,ICBP,RG,8575,25,F,KZ,BK,F
13:40:16,ICBP,RG,8575,14,F,KZ,BK,F
13:40:16,ICBP,RG,8575,1,F,KZ,BK,F
13:40:16,ICBP,RG,8575,5,D,BB,BK,F
13:40:16,ICBP,RG,8575,94,F,KZ,BK,F
13:40:16,ICBP,RG,8575,9,F,KZ,BK,F
13:40:16,ICBP,RG,8575,8,F,KZ,BK,F
13:40:16,ICBP,RG,8575,1,F,KZ,BK,F
13:40:16,ICBP,RG,8575,2,F,KZ,BK,F
13:40:16,ICBP,RG,8575,17,F,KZ,BK,F
13:40:16,ICBP,RG,8575,5,F,KZ,BK,F
13:40:16,ICBP,RG,8575,22,F,KZ,BK,F
13:40:16,ICBP,RG,8575,297,F,KZ,BK,F
13:40:16,ICBP,RG,8575,15,F,KZ,OD,D
13:40:07,ICBP,RG,8575,10,F,KZ,NI,D
13:39:41,ICBP,RG,8575,8,F,KZ,BK,F
13:39:31,ICBP,RG,8600,4,D,OD,CC,D
13:39:16,ICBP,RG,8575,17,F,KZ,OD,D
13:38:49,ICBP,RG,8575,5,F,KZ,PD,D
13:38:34,ICBP,RG,8600,4,D,OD,CC,D
13:38:16,ICBP,RG,8575,8,F,KZ,BK,F
13:38:16,ICBP,RG,8575,16,F,KZ,OD,D
13:38:03,ICBP,RG,8575,2,F,KZ,DH,D
13:37:34,ICBP,RG,8575,4,F,KZ,YP,D
13:37:34,ICBP,RG,8575,9,F,KZ,YP,D
13:37:31,ICBP,RG,8600,4,D,OD,CC,D
13:37:22,ICBP,RG,8575,16,F,KZ,CC,D
13:37:03,ICBP,RG,8575,8,F,KZ,BK,F
13:36:29,ICBP,RG,8600,4,D,OD,CC,D
13:36:15,ICBP,RG,8600,8,F,PD,CC,D
13:36:15,ICBP,RG,8600,2,F,PD,AK,F
13:35:48,ICBP,RG,8575,8,F,KZ,BK,F
13:35:27,ICBP,RG,8600,4,D,OD,AK,F
13:34:39,ICBP,RG,8575,8,F,KZ,BK,F
13:34:23,ICBP,RG,8600,4,D,OD,AK,F
13:34:23,ICBP,RG,8600,1,F,AK,AK,F
13:33:41,ICBP,RG,8600,25,F,PD,AK,F
13:33:21,ICBP,RG,8600,4,D,OD,AK,F
13:32:57,ICBP,RG,8600,5,D,PD,AK,F
13:32:27,ICBP,RG,8600,25,F,AK,AK,F
13:32:19,ICBP,RG,8600,4,D,OD,AK,F
13:32:01,ICBP,RG,8600,1,D,NI,AK,F
13:31:45,ICBP,RG,8600,27,F,AK,AK,F
13:31:33,ICBP,RG,8600,1,D,AI,AK,F
13:31:24,ICBP,RG,8600,26,F,AK,AK,F
13:31:19,ICBP,RG,8600,4,D,OD,AK,F
13:30:41,ICBP,RG,8600,1,D,XL,AK,F
13:30:39,ICBP,RG,8600,32,F,AK,AK,F
13:30:28,ICBP,RG,8600,2,D,OD,AK,F
13:30:14,ICBP,RG,8575,2,F,KZ,YP,D
13:30:14,ICBP,RG,8600,37,F,YU,AK,F
13:30:14,ICBP,RG,8600,55,F,YU,PD,D
13:30:14,ICBP,RG,8600,1,F,YU,PD,D
13:30:14,ICBP,RG,8600,5,F,YU,PD,D
13:30:14,ICBP,RG,8600,17,F,YU,BB,D
13:30:11,ICBP,RG,8600,69,F,AK,BB,D
13:30:11,ICBP,RG,8600,45,F,AK,PD,D
13:30:11,ICBP,RG,8600,2,F,AK,KK,D
13:30:11,ICBP,RG,8600,1,F,AK,PD,D
13:30:11,ICBP,RG,8600,1,F,AK,PD,D
13:30:11,ICBP,RG,8600,1,F,AK,PD,D
13:30:11,ICBP,RG,8600,2,F,AK,PD,D
13:30:11,ICBP,RG,8600,89,F,AK,YP,D
13:30:08,ICBP,RG,8600,19,F,YU,YP,D
13:30:08,ICBP,RG,8600,2,F,YU,YP,D
13:30:08,ICBP,RG,8600,1,F,YU,PD,D
13:30:08,ICBP,RG,8600,1,F,YU,PD,D
13:30:08,ICBP,RG,8600,24,F,YU,AZ,D
13:30:08,ICBP,RG,8600,127,F,YU,YU,F
13:30:05,ICBP,RG,8600,5,D,KK,YU,F
13:30:05,ICBP,RG,8600,8,D,DH,YU,F
13:30:05,ICBP,RG,8575,50,F,KZ,XC,D
13:30:05,ICBP,RG,8600,3,D,XC,YU,F
13:30:04,ICBP,RG,8575,4,F,KZ,XC,D
13:30:04,ICBP,RG,8600,22,F,YU,YU,F
13:30:04,ICBP,RG,8600,10,F,YU,SF,D
13:30:04,ICBP,RG,8600,1,F,YU,EP,D
13:30:04,ICBP,RG,8600,5,F,YU,NI,D
13:30:04,ICBP,RG,8600,5,F,YU,YP,D
13:30:04,ICBP,RG,8600,117,F,YU,OD,D
13:30:04,ICBP,RG,8575,5,F,KZ,DR,D
13:30:04,ICBP,RG,8600,1,D,XC,OD,D
13:30:04,ICBP,RG,8575,112,F,KZ,AK,F
13:30:03,ICBP,RG,8600,3,D,PD,OD,D
13:30:03,ICBP,RG,8600,50,D,PD,OD,D
13:30:03,ICBP,RG,8600,34,D,PD,OD,D
13:30:03,ICBP,RG,8600,16,D,PD,CS,F
13:30:02,ICBP,RG,8600,84,D,PD,CS,F
13:30:02,ICBP,RG,8600,32,D,PD,ZP,D
13:30:02,ICBP,RG,8575,1,F,KZ,AK,F
13:30:02,ICBP,RG,8575,8,F,KZ,PD,D
13:30:01,ICBP,RG,8575,2,F,KZ,PD,D
11:29:47,ICBP,RG,8600,7,D,BB,ZP,D
11:29:45,ICBP,RG,8575,5,F,KZ,AK,F
11:29:45,ICBP,RG,8575,1,F,KZ,AK,F
11:29:30,ICBP,RG,8575,3,F,KZ,AK,F
11:29:19,ICBP,RG,8575,1,F,KZ,AK,F
11:29:19,ICBP,RG,8575,1,F,KZ,AK,F
11:29:18,ICBP,RG,8600,6,D,YP,ZP,D
11:29:14,ICBP,RG,8600,2,D,OD,ZP,D
11:29:10,ICBP,RG,8600,1,D,PD,ZP,D
11:29:09,ICBP,RG,8600,2,D,BB,ZP,D
11:29:09,ICBP,RG,8600,10,D,BB,CC,D
11:29:09,ICBP,RG,8600,31,D,BB,CC,D
11:29:00,ICBP,RG,8600,1,F,AK,CC,D
11:28:16,ICBP,RG,8600,3,D,OD,CC,D
11:28:07,ICBP,RG,8600,63,F,YU,CC,D
11:28:07,ICBP,RG,8600,50,F,YU,YP,D
11:28:07,ICBP,RG,8600,3,F,YU,DH,D
11:28:07,ICBP,RG,8600,2,F,YU,PD,D
11:27:59,ICBP,RG,8600,1,D,BB,EP,D
11:27:59,ICBP,RG,8600,13,D,BB,SQ,D
11:27:59,ICBP,RG,8600,1,D,BB,PD,D
11:27:59,ICBP,RG,8600,13,D,BB,NI,D
11:27:59,ICBP,RG,8600,6,D,BB,CC,D
11:27:59,ICBP,RG,8600,1,D,BB,XL,D
11:27:59,ICBP,RG,8600,8,D,BB,PD,D
11:27:59,ICBP,RG,8600,1,D,BB,KK,D
11:27:59,ICBP,RG,8600,5,D,BB,NI,D
11:27:59,ICBP,RG,8600,10,D,BB,DR,D
11:27:59,ICBP,RG,8600,10,D,BB,KK,D
11:27:59,ICBP,RG,8600,10,D,BB,PD,D
11:27:59,ICBP,RG,8600,1,D,BB,PD,D
11:27:59,ICBP,RG,8600,1,D,BB,XC,D
11:27:59,ICBP,RG,8600,50,D,BB,KK,D
11:27:59,ICBP,RG,8600,2,D,BB,XL,D
11:27:59,ICBP,RG,8600,1,D,BB,XC,D
11:27:59,ICBP,RG,8600,1,D,BB,XC,D
11:27:59,ICBP,RG,8600,1,D,BB,YP,D
11:27:59,ICBP,RG,8600,10,D,BB,PD,D
11:27:59,ICBP,RG,8600,15,D,BB,GR,D
11:27:59,ICBP,RG,8600,99,D,BB,OD,D
11:27:29,ICBP,RG,8600,4,D,YP,OD,D
11:27:18,ICBP,RG,8600,2,D,OD,OD,D
11:26:27,ICBP,RG,8600,9,D,DH,OD,D
11:26:20,ICBP,RG,8600,5,D,YP,OD,D
11:26:16,ICBP,RG,8600,3,D,OD,OD,D
11:25:54,ICBP,RG,8600,83,F,YU,OD,D
11:25:54,ICBP,RG,8600,11,F,YU,OD,D
11:25:50,ICBP,RG,8600,194,F,YU,OD,D
11:25:50,ICBP,RG,8600,99,F,YU,SQ,D
11:25:50,ICBP,RG,8600,1,F,YU,XC,D
11:25:50,ICBP,RG,8600,6,F,YU,GR,D
11:25:50,ICBP,RG,8600,30,F,YU,PD,D
11:25:50,ICBP,RG,8600,2,F,YU,SQ,D
11:25:50,ICBP,RG,8600,13,F,YU,XL,D
11:25:50,ICBP,RG,8600,5,F,YU,NI,D
11:25:50,ICBP,RG,8600,7,F,YU,ZP,F
11:25:50,ICBP,RG,8600,5,F,YU,DH,D
11:25:50,ICBP,RG,8600,16,F,YU,CC,D
11:25:50,ICBP,RG,8600,3,F,YU,YP,D
11:25:50,ICBP,RG,8600,20,F,YU,YP,D
11:25:50,ICBP,RG,8600,6,F,YU,ZP,F
11:25:50,ICBP,RG,8600,8,F,YU,ZP,F
11:25:50,ICBP,RG,8600,2,F,YU,XC,D
11:25:50,ICBP,RG,8600,1,F,YU,XC,D
11:25:50,ICBP,RG,8600,5,F,YU,LG,D
11:25:50,ICBP,RG,8600,100,F,YU,LG,D
11:25:50,ICBP,RG,8600,100,F,YU,LG,D
11:25:50,ICBP,RG,8600,50,F,YU,OD,D
11:25:46,ICBP,RG,8575,8,F,AK,AK,F
11:25:46,ICBP,RG,8575,2,F,AK,OD,D
11:25:46,ICBP,RG,8575,7,F,AK,YP,D
11:25:46,ICBP,RG,8575,27,F,AK,LG,D
11:25:46,ICBP,RG,8575,173,F,BK,LG,D
11:25:46,ICBP,RG,8575,10,F,BK,CC,D
11:25:46,ICBP,RG,8575,27,F,BK,PD,D
11:25:46,ICBP,RG,8575,10,F,BK,DX,D
11:25:46,ICBP,RG,8575,100,F,BK,SQ,D
11:25:46,ICBP,RG,8575,200,F,BK,GR,D
11:25:46,ICBP,RG,8575,20,F,BK,YP,D
11:25:46,ICBP,RG,8575,1,F,BK,YP,D
11:25:46,ICBP,RG,8575,1,F,BK,PD,D
11:25:46,ICBP,RG,8575,37,F,BK,YP,D
11:25:46,ICBP,RG,8575,2,F,BK,PD,D
11:25:46,ICBP,RG,8575,1,F,BK,XC,D
11:25:46,ICBP,RG,8575,1,F,BK,DR,D
11:25:46,ICBP,RG,8575,3,F,BK,PD,D
11:25:46,ICBP,RG,8575,77,F,BK,YU,F
11:25:46,ICBP,RG,8575,27,F,BK,BK,F
11:25:46,ICBP,RG,8575,3,F,BK,XC,D
11:25:46,ICBP,RG,8575,7,F,BK,BK,F
11:25:45,ICBP,RG,8575,15,F,KZ,BK,F
11:25:44,ICBP,RG,8575,11,F,BK,BK,F
11:25:44,ICBP,RG,8575,1,F,BK,XC,D
11:25:44,ICBP,RG,8575,5,F,BK,NI,D
11:25:44,ICBP,RG,8575,2,F,BK,NI,D
11:25:44,ICBP,RG,8575,2,F,BK,DR,D
11:25:44,ICBP,RG,8575,2,F,BK,PD,D
11:25:44,ICBP,RG,8575,9,F,BK,NI,D
11:25:44,ICBP,RG,8575,10,F,BK,PD,D
11:25:44,ICBP,RG,8575,205,F,BK,OD,D
11:25:44,ICBP,RG,8575,15,F,BK,PD,D
11:25:44,ICBP,RG,8575,49,F,BK,XC,D
11:25:44,ICBP,RG,8575,6,F,BK,XC,D
11:25:44,ICBP,RG,8575,15,F,BK,DR,D
11:25:44,ICBP,RG,8575,5,F,BK,GR,D
11:25:44,ICBP,RG,8575,20,F,BK,KK,D
11:25:44,ICBP,RG,8575,1,F,BK,BQ,D
11:25:44,ICBP,RG,8575,50,F,BK,XA,D
11:25:44,ICBP,RG,8575,100,F,BK,YP,D
11:25:44,ICBP,RG,8575,10,F,BK,PD,D
11:25:44,ICBP,RG,8575,5,F,BK,CC,D
11:25:44,ICBP,RG,8575,1,F,BK,XC,D
11:25:44,ICBP,RG,8575,100,F,BK,OD,D
11:25:44,ICBP,RG,8575,8,F,BK,CC,D
11:25:44,ICBP,RG,8575,3,F,BK,CC,D
11:25:44,ICBP,RG,8575,5,F,BK,GR,D
11:25:44,ICBP,RG,8575,24,F,BK,AK,F
11:25:44,ICBP,RG,8575,8,F,BK,PD,D
11:25:44,ICBP,RG,8575,40,F,BK,OD,D
11:25:44,ICBP,RG,8575,3,F,BK,PD,D
11:25:44,ICBP,RG,8575,24,F,BK,AK,F
11:25:44,ICBP,RG,8575,1,F,BK,CC,D
11:25:44,ICBP,RG,8575,7,F,BK,NI,D
11:25:44,ICBP,RG,8575,100,F,BK,LG,D
11:25:44,ICBP,RG,8575,100,F,BK,LG,D
11:25:44,ICBP,RG,8575,53,F,BK,YU,F
11:25:43,ICBP,RG,8575,192,F,KZ,YU,F
11:25:43,ICBP,RG,8575,45,F,KZ,OD,D
11:25:41,ICBP,RG,8575,5,F,KZ,OD,D
11:25:41,ICBP,RG,8575,3,F,KZ,NI,D
11:25:41,ICBP,RG,8575,7,F,KZ,NI,D
11:25:41,ICBP,RG,8575,6,F,KZ,AK,F
11:25:41,ICBP,RG,8575,4,F,KZ,AK,F
11:25:41,ICBP,RG,8575,11,F,KZ,AK,F
11:25:32,ICBP,RG,8575,4,F,YU,AK,F
11:25:32,ICBP,RG,8575,6,F,YU,BB,D
11:25:32,ICBP,RG,8575,5,F,YU,CC,D
11:25:32,ICBP,RG,8575,100,F,YU,LG,D
11:25:32,ICBP,RG,8575,51,F,YU,YU,F
11:25:30,ICBP,RG,8575,215,D,BB,YU,F
11:25:30,ICBP,RG,8575,2,D,BB,YP,D
11:25:30,ICBP,RG,8575,1,D,BB,PD,D
11:25:30,ICBP,RG,8575,36,D,BB,AK,F
11:25:30,ICBP,RG,8575,44,D,BB,DR,D
11:25:27,ICBP,RG,8550,2,F,KZ,NI,D
11:25:24,ICBP,RG,8550,7,F,KZ,BK,F
11:25:16,ICBP,RG,8575,2,D,OD,DR,D
11:24:46,ICBP,RG,8575,16,F,YU,DR,D
11:24:45,ICBP,RG,8550,6,F,KZ,AK,F
11:24:45,ICBP,RG,8550,1,D,YP,AK,F
11:24:45,ICBP,RG,8550,30,F,CS,AK,F
11:24:27,ICBP,RG,8575,10,F,YU,DR,D
11:24:22,ICBP,RG,8575,7,F,YU,DR,D
11:24:22,ICBP,RG,8550,28,F,CS,AK,F
11:24:18,ICBP,RG,8550,8,F,CS,BK,F
11:24:15,ICBP,RG,8550,14,F,CS,AK,F
11:24:14,ICBP,RG,8575,2,D,OD,DR,D
11:23:57,ICBP,RG,8575,10,F,YU,DR,D
11:23:52,ICBP,RG,8550,10,F,CS,AK,F
11:23:23,ICBP,RG,8575,2,F,YU,DR,D
11:23:18,ICBP,RG,8550,8,F,CS,BK,F
11:23:16,ICBP,RG,8575,2,D,OD,DR,D
11:22:41,ICBP,RG,8575,7,F,YU,DR,D
11:22:37,ICBP,RG,8550,21,F,CS,AK,F
11:22:34,ICBP,RG,8575,10,F,YU,DR,D
11:22:29,ICBP,RG,8575,1,D,PD,DR,D
11:22:29,ICBP,RG,8575,10,D,XC,DR,D
11:22:27,ICBP,RG,8550,23,F,CS,BB,D
11:22:20,ICBP,RG,8575,22,F,YU,DR,D
11:22:20,ICBP,RG,8575,2,D,OD,DR,D
11:22:15,ICBP,RG,8550,35,F,CS,AK,F
11:22:14,ICBP,RG,8575,10,F,YU,DR,D
11:22:14,ICBP,RG,8550,9,F,CS,BK,F
11:22:11,ICBP,RG,8575,7,F,KZ,DR,D
11:22:11,ICBP,RG,8575,5,F,KZ,DR,D
11:22:11,ICBP,RG,8575,1,F,KZ,DR,D
11:22:11,ICBP,RG,8575,25,F,KZ,DR,D
11:21:41,ICBP,RG,8575,22,F,YU,DR,D
11:21:34,ICBP,RG,8550,40,F,CS,PD,D
11:21:26,ICBP,RG,8575,2,F,YU,DR,D
11:21:20,ICBP,RG,8575,3,D,OD,DR,D
11:21:10,ICBP,RG,8575,2,F,YU,DR,D
11:21:08,ICBP,RG,8550,7,F,CS,BK,F
11:20:23,ICBP,RG,8550,2,F,CS,PD,D
11:20:21,ICBP,RG,8575,4,F,KZ,DR,D
11:20:18,ICBP,RG,8575,2,D,OD,DR,D
11:19:41,ICBP,RG,8550,2,F,CS,BK,F
11:19:41,ICBP,RG,8550,6,D,BB,BK,F
11:19:36,ICBP,RG,8575,22,F,YU,DR,D
11:19:31,ICBP,RG,8575,3,F,KZ,DR,D
11:19:31,ICBP,RG,8575,23,F,KZ,DR,D
11:19:31,ICBP,RG,8575,23,F,KZ,DR,D
11:19:31,ICBP,RG,8575,1,F,KZ,DR,D
11:19:25,ICBP,RG,8575,6,F,KZ,DR,D
11:19:25,ICBP,RG,8575,2,F,KZ,AK,F
11:19:24,ICBP,RG,8575,24,F,YU,AK,F
11:19:23,ICBP,RG,8575,2,F,KZ,AK,F
11:19:21,ICBP,RG,8575,1,F,KZ,AK,F
11:19:21,ICBP,RG,8575,4,F,KZ,AK,F
11:19:21,ICBP,RG,8575,5,F,KZ,XL,D
11:19:21,ICBP,RG,8575,37,F,KZ,AK,F
11:19:19,ICBP,RG,8575,3,D,OD,FS,D
11:19:14,ICBP,RG,8575,7,F,YU,FS,D
11:19:11,ICBP,RG,8575,37,F,KZ,FS,D
11:18:54,ICBP,RG,8575,1,D,PD,FS,D
11:18:47,ICBP,RG,8575,3,D,SQ,FS,D
11:18:46,ICBP,RG,8575,40,F,YU,FS,D
11:18:45,ICBP,RG,8550,24,D,BB,AK,F
11:18:45,ICBP,RG,8550,50,D,BB,OD,D
11:18:31,ICBP,RG,8575,2,F,KZ,FS,D
11:18:24,ICBP,RG,8575,6,F,YU,FS,D
11:18:19,ICBP,RG,8575,2,D,OD,FS,D
11:18:18,ICBP,RG,8575,19,F,YP,FS,D
11:18:06,ICBP,RG,8575,1,F,AK,FS,D
11:17:35,ICBP,RG,8575,16,F,YU,FS,D
11:17:30,ICBP,RG,8550,29,D,BB,AK,F
11:17:18,ICBP,RG,8550,8,D,BB,BK,F
11:17:17,ICBP,RG,8575,2,D,OD,FS,D
11:17:17,ICBP,RG,8575,13,F,YU,FS,D
11:17:11,ICBP,RG,8575,38,F,KZ,FS,D
11:17:04,ICBP,RG,8550,8,D,BB,BK,F
11:17:01,ICBP,RG,8575,10,F,KZ,FS,D
11:16:22,ICBP,RG,8575,40,F,YU,FS,D
11:16:21,ICBP,RG,8550,57,D,BB,AK,F
11:16:21,ICBP,RG,8575,31,F,KZ,FS,D
11:16:19,ICBP,RG,8575,3,D,OD,FS,D
11:16:07,ICBP,RG,8575,26,F,YU,FS,D
11:16:01,ICBP,RG,8575,30,F,KZ,FS,D
11:16:00,ICBP,RG,8550,27,D,BB,AK,F
11:15:41,ICBP,RG,8550,1,D,BB,PD,D
11:15:17,ICBP,RG,8575,2,D,OD,FS,D
11:15:03,ICBP,RG,8550,1,D,BB,OD,D
11:14:55,ICBP,RG,8575,11,F,YU,FS,D
11:14:55,ICBP,RG,8550,30,D,BB,YP,D
11:14:50,ICBP,RG,8550,2,D,BB,PD,D
11:14:39,ICBP,RG,8550,2,D,BB,PD,D
11:14:28,ICBP,RG,8550,2,D,BB,PD,D
11:14:21,ICBP,RG,8575,28,F,YU,FS,D
11:14:19,ICBP,RG,8550,47,D,BB,BB,D
11:14:17,ICBP,RG,8550,2,D,BB,PD,D
11:14:15,ICBP,RG,8575,2,D,OD,FS,D
11:14:08,ICBP,RG,8575,2,F,YU,FS,D
11:14:05,ICBP,RG,8550,2,D,BB,PD,D
11:13:54,ICBP,RG,8550,2,D,BB,PD,D
11:13:54,ICBP,RG,8550,9,D,BB,BK,F
11:13:43,ICBP,RG,8550,2,D,BB,PD,D
11:13:32,ICBP,RG,8550,2,D,BB,PD,D
11:13:32,ICBP,RG,8575,11,F,YU,FS,D
11:13:30,ICBP,RG,8550,28,D,BB,AK,F
11:13:22,ICBP,RG,8575,12,F,YU,FS,D
11:13:21,ICBP,RG,8575,9,F,KZ,FS,D
11:13:21,ICBP,RG,8575,1,F,KZ,FS,D
11:13:21,ICBP,RG,8575,4,F,KZ,FS,D
11:13:21,ICBP,RG,8575,2,F,KZ,FS,D
11:13:20,ICBP,RG,8550,2,D,BB,PD,D
11:13:16,ICBP,RG,8575,1,F,YU,FS,D
11:13:11,ICBP,RG,8575,2,D,OD,FS,D
11:13:10,ICBP,RG,8550,2,D,BB,PD,D
11:13:00,ICBP,RG,8575,2,F,YU,FS,D
11:12:58,ICBP,RG,8550,2,D,BB,PD,D
11:12:47,ICBP,RG,8550,2,D,BB,PD,D
11:12:37,ICBP,RG,8550,7,D,BB,ZP,F
11:12:35,ICBP,RG,8550,2,D,BB,PD,D
11:12:28,ICBP,RG,8575,9,F,YU,FS,D
11:12:27,ICBP,RG,8575,11,D,XC,FS,D
11:12:24,ICBP,RG,8550,2,D,BB,PD,D
11:12:20,ICBP,RG,8550,2,D,BB,XC,D
11:12:18,ICBP,RG,8575,2,F,YU,FS,D
11:12:13,ICBP,RG,8550,2,D,BB,PD,D
11:12:09,ICBP,RG,8575,2,D,OD,FS,D
11:12:01,ICBP,RG,8550,2,D,BB,PD,D
11:11:55,ICBP,RG,8575,2,F,YU,FS,D
11:11:51,ICBP,RG,8550,2,D,BB,PD,D
11:11:39,ICBP,RG,8550,2,D,BB,PD,D
11:11:28,ICBP,RG,8550,2,D,BB,PD,D
11:11:16,ICBP,RG,8550,2,D,BB,PD,D
11:11:11,ICBP,RG,8575,2,D,OD,FS,D
11:11:05,ICBP,RG,8550,2,D,BB,PD,D
11:10:58,ICBP,RG,8575,7,F,YU,FS,D
11:10:54,ICBP,RG,8550,2,D,BB,PD,D
11:10:54,ICBP,RG,8575,6,D,YP,FS,D
11:10:53,ICBP,RG,8550,8,D,BB,BK,F
11:10:53,ICBP,RG,8575,8,F,YU,FS,D
11:10:51,ICBP,RG,8575,35,F,KZ,FS,D
11:10:51,ICBP,RG,8575,4,F,KZ,FS,D
11:10:43,ICBP,RG,8550,2,D,BB,PD,D
11:10:42,ICBP,RG,8550,8,D,BB,BK,F
11:10:42,ICBP,RG,8550,2,D,BB,PD,D
11:10:31,ICBP,RG,8550,2,D,BB,PD,D
11:10:24,ICBP,RG,8575,8,D,YP,FS,D
11:10:20,ICBP,RG,8550,2,D,BB,PD,D
11:10:17,ICBP,RG,8575,64,F,YU,FS,D
11:10:15,ICBP,RG,8550,28,D,BB,AK,F
11:10:11,ICBP,RG,8575,47,F,AK,FS,D
11:10:11,ICBP,RG,8575,57,F,KZ,FS,D
11:10:11,ICBP,RG,8575,4,F,KZ,FS,D
11:10:09,ICBP,RG,8550,2,D,BB,PD,D
11:10:06,ICBP,RG,8575,12,D,XL,FS,D
11:10:03,ICBP,RG,8575,154,F,YU,FS,D
11:09:57,ICBP,RG,8575,512,F,YU,FS,D
11:09:53,ICBP,RG,8550,2,D,BB,PD,D
11:09:52,ICBP,RG,8550,15,D,BB,OD,D
11:09:52,ICBP,RG,8550,5,F,YU,OD,D
11:09:52,ICBP,RG,8550,8,F,KZ,OD,D
11:09:52,ICBP,RG,8550,2,D,OD,OD,D
11:09:52,ICBP,RG,8550,1,D,YU,OD,D
11:09:52,ICBP,RG,8550,7,F,KZ,OD,D
11:09:52,ICBP,RG,8550,23,F,KZ,OD,D
11:09:52,ICBP,RG,8550,1,D,CC,OD,D
11:09:52,ICBP,RG,8550,1,F,AK,OD,D
11:09:52,ICBP,RG,8550,5,D,YP,OD,D
11:09:52,ICBP,RG,8550,1,D,XL,OD,D
11:09:52,ICBP,RG,8550,1,F,KZ,OD,D
11:09:52,ICBP,RG,8550,1,F,KZ,OD,D
11:09:52,ICBP,RG,8550,3,F,KZ,OD,D
11:09:52,ICBP,RG,8550,1,F,KZ,OD,D
11:09:52,ICBP,RG,8550,1,F,KZ,OD,D
11:09:52,ICBP,RG,8550,2,F,KZ,OD,D
11:09:52,ICBP,RG,8550,12,D,GR,OD,D
11:09:52,ICBP,RG,8550,6,D,GR,OD,D
11:09:52,ICBP,RG,8550,3,D,YP,OD,D
11:09:52,ICBP,RG,8550,12,D,DH,OD,D
11:09:52,ICBP,RG,8550,5,D,YU,OD,D
11:09:52,ICBP,RG,8550,4,F,KZ,OD,D
11:09:52,ICBP,RG,8550,1,D,PD,OD,D
11:09:52,ICBP,RG,8550,2,F,KZ,OD,D
11:09:52,ICBP,RG,8550,1,D,PD,OD,D
11:09:52,ICBP,RG,8550,55,F,KZ,OD,D
11:09:52,ICBP,RG,8550,8,F,KZ,OD,D
11:09:52,ICBP,RG,8550,281,D,BB,OD,D
11:09:52,ICBP,RG,8550,1,F,KZ,OD,D
11:09:52,ICBP,RG,8550,1,F,KZ,OD,D
11:09:52,ICBP,RG,8550,4,D,CC,OD,D
11:09:52,ICBP,RG,8550,6,F,KZ,OD,D
11:09:52,ICBP,RG,8550,15,F,KZ,OD,D
11:09:52,ICBP,RG,8550,2,F,KZ,OD,D
11:09:52,ICBP,RG,8550,143,F,AK,OD,D
11:09:52,ICBP,RG,8550,22,F,KZ,OD,D
11:09:52,ICBP,RG,8550,33,F,KZ,OD,D
11:09:52,ICBP,RG,8550,7,F,KZ,OD,D
11:09:52,ICBP,RG,8550,31,F,KZ,OD,D
11:09:52,ICBP,RG,8550,11,F,KZ,OD,D
11:09:52,ICBP,RG,8550,6,F,KZ,OD,D
11:09:52,ICBP,RG,8550,5,D,YP,OD,D
11:09:52,ICBP,RG,8550,1,D,XC,OD,D
11:09:52,ICBP,RG,8550,5,F,CC,OD,D
11:09:52,ICBP,RG,8550,1,D,XC,OD,D
11:09:52,ICBP,RG,8550,1,D,KK,OD,D
11:09:52,ICBP,RG,8550,5,F,KZ,OD,D
11:09:52,ICBP,RG,8550,58,F,KZ,OD,D
11:09:52,ICBP,RG,8550,1,F,KZ,OD,D
11:09:52,ICBP,RG,8550,1,F,KZ,OD,D
11:09:52,ICBP,RG,8550,28,F,KZ,OD,D
11:09:52,ICBP,RG,8550,3,F,KZ,OD,D
11:09:52,ICBP,RG,8550,58,F,KZ,OD,D
11:09:52,ICBP,RG,8550,5,F,KZ,OD,D
11:09:52,ICBP,RG,8550,1,F,KZ,OD,D
11:09:52,ICBP,RG,8550,41,F,KZ,OD,D
11:09:52,ICBP,RG,8550,6,D,DH,OD,D
11:09:52,ICBP,RG,8550,1,D,CC,OD,D
11:09:52,ICBP,RG,8550,92,F,KZ,OD,D
11:09:52,ICBP,RG,8550,389,F,KZ,OD,D
11:09:52,ICBP,RG,8550,2,D,XL,OD,D
11:09:52,ICBP,RG,8550,246,D,BB,OD,D
11:09:46,ICBP,RG,8550,2,D,BB,PD,D
11:09:35,ICBP,RG,8550,2,D,BB,PD,D
11:09:35,ICBP,RG,8575,16,F,YU,FS,D
11:09:31,ICBP,RG,8575,33,F,KZ,FS,D
11:09:24,ICBP,RG,8550,2,D,BB,PD,D
11:09:12,ICBP,RG,8550,2,D,BB,PD,D
11:09:12,ICBP,RG,8575,19,F,YU,FS,D
11:09:11,ICBP,RG,8550,1,D,BB,XL,D
11:09:11,ICBP,RG,8575,37,F,KZ,FS,D
11:09:05,ICBP,RG,8575,2,D,OD,FS,D
11:09:04,ICBP,RG,8575,1,F,YU,FS,D
11:09:01,ICBP,RG,8550,2,D,BB,PD,D
11:08:58,ICBP,RG,8550,1,D,BB,PD,D
11:08:50,ICBP,RG,8550,2,D,BB,PD,D
11:08:43,ICBP,RG,8575,21,F,YU,FS,D
11:08:39,ICBP,RG,8550,2,D,BB,PD,D
11:08:39,ICBP,RG,8550,50,D,BB,OD,D
11:08:27,ICBP,RG,8550,2,D,BB,PD,D
11:08:16,ICBP,RG,8550,2,D,BB,PD,D
11:08:11,ICBP,RG,8575,4,F,KZ,FS,D
11:08:07,ICBP,RG,8575,2,D,OD,FS,D
11:08:05,ICBP,RG,8550,2,D,BB,PD,D
11:08:02,ICBP,RG,8575,6,F,YU,FS,D
11:07:55,ICBP,RG,8575,17,F,YU,FS,D
11:07:54,ICBP,RG,8550,2,D,BB,PD,D
11:07:52,ICBP,RG,8550,49,D,BB,AK,F
11:07:42,ICBP,RG,8550,2,D,BB,PD,D
11:07:37,ICBP,RG,8575,5,F,YU,FS,D
11:07:32,ICBP,RG,8550,8,D,BB,BK,F
11:07:31,ICBP,RG,8550,2,D,BB,PD,D
11:07:21,ICBP,RG,8575,6,F,YU,FS,D
11:07:20,ICBP,RG,8550,2,D,BB,PD,D
11:07:18,ICBP,RG,8550,1,D,BB,PD,D
11:07:13,ICBP,RG,8575,19,F,YU,FS,D
11:07:11,ICBP,RG,8575,11,F,KZ,FS,D
11:07:11,ICBP,RG,8575,1,F,KZ,FS,D
11:07:11,ICBP,RG,8575,7,F,KZ,FS,D
11:07:09,ICBP,RG,8550,2,D,BB,PD,D
11:07:07,ICBP,RG,8575,2,D,OD,FS,D
11:07:06,ICBP,RG,8550,34,D,BB,AK,F
11:06:57,ICBP,RG,8550,2,D,BB,PD,D
11:06:48,ICBP,RG,8575,2,F,YU,FS,D
11:06:46,ICBP,RG,8550,2,D,BB,PD,D
11:06:35,ICBP,RG,8550,2,D,BB,PD,D
11:06:23,ICBP,RG,8550,2,D,BB,PD,D
11:06:21,ICBP,RG,8575,2,F,YU,FS,D
11:06:16,ICBP,RG,8575,8,F,YU,FS,D
11:06:12,ICBP,RG,8550,2,D,BB,PD,D
11:06:11,ICBP,RG,8575,19,F,KZ,FS,D
11:06:09,ICBP,RG,8575,2,D,OD,FS,D
11:06:02,ICBP,RG,8575,1,F,YU,FS,D
11:06:01,ICBP,RG,8550,2,D,BB,PD,D
11:05:50,ICBP,RG,8550,2,D,BB,PD,D
11:05:43,ICBP,RG,8575,2,F,YU,FS,D
11:05:38,ICBP,RG,8550,2,D,BB,PD,D
11:05:27,ICBP,RG,8550,2,D,BB,PD,D
11:05:18,ICBP,RG,8575,1,F,YU,FS,D
11:05:16,ICBP,RG,8550,2,D,BB,PD,D
11:05:12,ICBP,RG,8575,3,F,YU,FS,D
11:05:11,ICBP,RG,8575,8,F,KZ,FS,D
11:05:08,ICBP,RG,8575,2,F,YU,FS,D
11:05:07,ICBP,RG,8575,2,D,OD,FS,D
11:05:05,ICBP,RG,8550,2,D,BB,PD,D
11:04:56,ICBP,RG,8575,1,F,YU,FS,D
11:04:53,ICBP,RG,8550,2,D,BB,PD,D
11:04:48,ICBP,RG,8550,1,D,BB,DH,D
11:04:42,ICBP,RG,8550,2,D,BB,PD,D
11:04:34,ICBP,RG,8575,5,F,YU,FS,D
11:04:31,ICBP,RG,8550,2,D,BB,PD,D
11:04:31,ICBP,RG,8550,1,D,BB,DH,D
11:04:30,ICBP,RG,8550,30,D,BB,AK,F
11:04:21,ICBP,RG,8575,6,F,KZ,FS,D
11:04:20,ICBP,RG,8550,2,D,BB,PD,D
11:04:15,ICBP,RG,8550,8,D,BB,BK,F
11:04:09,ICBP,RG,8575,2,D,OD,FS,D
11:04:08,ICBP,RG,8550,2,D,BB,PD,D
11:04:03,ICBP,RG,8550,4,D,BB,HP,D
11:04:01,ICBP,RG,8575,7,F,KZ,FS,D
11:03:58,ICBP,RG,8550,3,D,BB,YP,D
11:03:57,ICBP,RG,8550,2,D,BB,PD,D
11:03:46,ICBP,RG,8550,2,D,BB,PD,D
11:03:34,ICBP,RG,8550,2,D,BB,PD,D
11:03:23,ICBP,RG,8550,2,D,BB,PD,D
11:03:12,ICBP,RG,8550,2,D,BB,PD,D
11:03:09,ICBP,RG,8575,2,D,OD,FS,D
11:03:01,ICBP,RG,8550,2,D,BB,PD,D
11:03:01,ICBP,RG,8575,1,F,KZ,FS,D
11:02:49,ICBP,RG,8550,2,D,BB,PD,D
11:02:38,ICBP,RG,8550,2,D,BB,PD,D
11:02:33,ICBP,RG,8550,1,D,BB,PD,D
11:02:31,ICBP,RG,8550,8,D,BB,BK,F
11:02:27,ICBP,RG,8550,2,D,BB,PD,D
11:02:16,ICBP,RG,8550,2,D,BB,PD,D
11:02:07,ICBP,RG,8575,2,D,OD,FS,D
11:02:06,ICBP,RG,8575,1,F,AK,FS,D
11:02:04,ICBP,RG,8550,2,D,BB,PD,D
11:02:01,ICBP,RG,8575,18,F,KZ,FS,D
11:01:53,ICBP,RG,8550,2,D,BB,PD,D
11:01:42,ICBP,RG,8550,2,D,BB,PD,D
11:01:39,ICBP,RG,8550,7,D,BB,BK,F
11:01:31,ICBP,RG,8550,2,D,BB,PD,D
11:01:30,ICBP,RG,8550,11,D,BB,ZP,F
11:01:19,ICBP,RG,8550,2,D,BB,PD,D
11:01:08,ICBP,RG,8550,2,D,BB,PD,D
11:01:05,ICBP,RG,8575,3,D,OD,FS,D
11:00:57,ICBP,RG,8550,2,D,BB,PD,D
11:00:45,ICBP,RG,8550,2,D,BB,PD,D
11:00:34,ICBP,RG,8550,2,D,BB,PD,D
11:00:30,ICBP,RG,8550,30,D,BB,AK,F
11:00:23,ICBP,RG,8550,2,D,BB,PD,D
11:00:12,ICBP,RG,8550,2,D,BB,PD,D
11:00:03,ICBP,RG,8550,1,D,BB,NI,D
11:00:03,ICBP,RG,8575,2,D,OD,FS,D
11:00:00,ICBP,RG,8550,2,D,BB,PD,D
10:59:49,ICBP,RG,8550,2,D,BB,PD,D
10:59:38,ICBP,RG,8550,2,D,BB,PD,D
10:59:27,ICBP,RG,8550,2,D,BB,PD,D
10:59:19,ICBP,RG,8575,2,D,NI,FS,D
10:59:15,ICBP,RG,8550,2,D,BB,PD,D
10:59:04,ICBP,RG,8550,2,D,BB,PD,D
10:58:59,ICBP,RG,8575,2,D,OD,FS,D
10:58:56,ICBP,RG,8550,8,D,BB,BK,F
10:58:53,ICBP,RG,8550,2,D,BB,PD,D
10:58:43,ICBP,RG,8550,30,D,BB,AK,F
10:58:43,ICBP,RG,8550,1,F,KZ,AK,F
10:58:43,ICBP,RG,8550,25,D,BB,AK,F
10:58:41,ICBP,RG,8550,1,D,BB,PD,D
10:58:41,ICBP,RG,8550,1,F,KZ,PD,D
10:58:30,ICBP,RG,8550,1,D,CC,PD,D
10:58:30,ICBP,RG,8550,1,D,NI,PD,D
10:58:19,ICBP,RG,8550,1,D,NI,PD,D
10:58:19,ICBP,RG,8550,1,D,PD,PD,D
10:58:08,ICBP,RG,8550,2,D,PD,PD,D
10:58:08,ICBP,RG,8550,6,D,PD,YP,D
10:58:00,ICBP,RG,8550,1,D,PD,BB,D
10:58:00,ICBP,RG,8550,1,F,KZ,BB,D
10:58:00,ICBP,RG,8550,1,F,YU,BB,D
10:58:00,ICBP,RG,8550,19,F,KZ,BB,D
10:58:00,ICBP,RG,8550,1,F,YU,BB,D
10:58:00,ICBP,RG,8550,30,F,YU,BB,D
10:57:59,ICBP,RG,8575,2,D,OD,FS,D
10:57:56,ICBP,RG,8550,2,F,YU,PD,D
10:57:47,ICBP,RG,8550,8,F,YU,BK,F
10:57:45,ICBP,RG,8550,2,F,YU,PD,D
10:57:34,ICBP,RG,8550,2,F,YU,PD,D
10:57:30,ICBP,RG,8550,31,F,YU,AK,F
10:57:23,ICBP,RG,8550,2,F,YU,PD,D
10:57:17,ICBP,RG,8550,4,F,YU,PD,D
10:57:11,ICBP,RG,8550,2,F,YU,PD,D
10:57:05,ICBP,RG,8550,18,F,YU,YP,D
10:57:00,ICBP,RG,8550,2,F,YU,PD,D
10:56:57,ICBP,RG,8575,2,D,OD,FS,D
10:56:56,ICBP,RG,8550,100,F,YU,LG,D
10:56:56,ICBP,RG,8550,5,F,YU,YP,D
10:56:55,ICBP,RG,8550,18,F,YU,LG,D
10:56:55,ICBP,RG,8550,7,F,KZ,LG,D
10:56:55,ICBP,RG,8550,65,F,KZ,LG,D
10:56:55,ICBP,RG,8550,7,F,KZ,LG,D
10:56:55,ICBP,RG,8550,3,F,KZ,LG,D
10:56:54,ICBP,RG,8550,68,F,KZ,LG,D
10:56:54,ICBP,RG,8550,18,F,KZ,LG,D
10:56:54,ICBP,RG,8550,3,D,XC,LG,D
10:56:54,ICBP,RG,8550,1,D,XC,LG,D
10:56:54,ICBP,RG,8550,8,F,KZ,LG,D
10:56:54,ICBP,RG,8550,2,F,AK,LG,D
10:56:52,ICBP,RG,8550,100,F,AK,LG,D
10:56:51,ICBP,RG,8550,7,F,AK,ZP,F
10:56:51,ICBP,RG,8550,2,F,AK,PD,D
10:56:49,ICBP,RG,8550,2,F,AK,PD,D
10:56:46,ICBP,RG,8550,50,F,AK,NI,D
10:56:38,ICBP,RG,8550,2,F,AK,PD,D
10:56:36,ICBP,RG,8550,2,F,AK,PD,D
10:56:26,ICBP,RG,8550,2,F,AK,PD,D
10:56:21,ICBP,RG,8550,8,F,AK,BK,F
10:56:15,ICBP,RG,8550,2,F,AK,PD,D
10:56:04,ICBP,RG,8550,2,F,AK,PD,D
10:55:55,ICBP,RG,8575,2,D,OD,FS,D
10:55:52,ICBP,RG,8550,2,F,AK,PD,D
10:55:46,ICBP,RG,8550,4,F,AK,PD,D
10:55:41,ICBP,RG,8550,2,F,AK,PD,D
10:55:30,ICBP,RG,8550,2,F,AK,PD,D
10:55:19,ICBP,RG,8550,2,F,AK,PD,D
10:55:07,ICBP,RG,8550,2,F,AK,PD,D
10:54:56,ICBP,RG,8550,2,F,AK,PD,D
10:54:55,ICBP,RG,8575,2,D,OD,FS,D
10:54:45,ICBP,RG,8550,2,F,AK,PD,D
10:54:34,ICBP,RG,8550,2,F,AK,PD,D
10:54:22,ICBP,RG,8550,2,F,AK,PD,D
10:54:11,ICBP,RG,8550,2,F,AK,PD,D
10:54:06,ICBP,RG,8575,1,F,AK,FS,D
10:54:00,ICBP,RG,8550,2,F,AK,PD,D
10:53:58,ICBP,RG,8550,33,F,AK,AK,F
10:53:58,ICBP,RG,8550,2,F,AK,PD,D
10:53:53,ICBP,RG,8575,2,D,OD,FS,D
10:53:49,ICBP,RG,8550,50,F,AK,OD,D
10:53:49,ICBP,RG,8550,2,F,AK,PD,D
10:53:38,ICBP,RG,8550,9,F,AK,BK,F
10:53:37,ICBP,RG,8550,2,F,AK,PD,D
10:53:26,ICBP,RG,8550,2,F,AK,PD,D
10:53:17,ICBP,RG,8550,2,F,AK,PD,D
10:53:15,ICBP,RG,8550,1,F,AK,PD,D
10:53:15,ICBP,RG,8550,1,F,KZ,PD,D
10:53:03,ICBP,RG,8550,2,F,KZ,PD,D
10:52:55,ICBP,RG,8575,2,D,OD,FS,D
10:52:52,ICBP,RG,8550,2,F,KZ,PD,D
10:52:41,ICBP,RG,8550,2,F,KZ,PD,D
10:52:30,ICBP,RG,8550,2,F,KZ,PD,D
10:52:18,ICBP,RG,8550,2,F,KZ,PD,D
10:52:07,ICBP,RG,8550,1,F,KZ,PD,D
10:52:07,ICBP,RG,8550,1,F,KZ,PD,D
10:52:07,ICBP,RG,8550,11,F,KZ,NI,D
10:51:57,ICBP,RG,8575,2,D,OD,FS,D
10:51:56,ICBP,RG,8550,2,F,KZ,PD,D
10:51:45,ICBP,RG,8550,2,F,KZ,PD,D
10:51:42,ICBP,RG,8550,1,F,KZ,YU,F
10:51:42,ICBP,RG,8550,33,F,KZ,YU,F
10:51:33,ICBP,RG,8550,2,F,KZ,PD,D
10:51:22,ICBP,RG,8550,2,F,KZ,PD,D
10:51:11,ICBP,RG,8550,2,F,KZ,PD,D
10:51:11,ICBP,RG,8575,24,F,KZ,FS,D
10:51:00,ICBP,RG,8550,2,F,KZ,PD,D
10:50:57,ICBP,RG,8575,2,D,OD,FS,D
10:50:48,ICBP,RG,8550,2,F,KZ,PD,D
10:50:45,ICBP,RG,8550,15,F,KZ,AK,F
10:50:45,ICBP,RG,8550,5,F,KZ,AK,F
10:50:45,ICBP,RG,8550,9,F,KZ,AK,F
10:50:45,ICBP,RG,8550,1,F,CC,AK,F
10:50:45,ICBP,RG,8550,1,F,KZ,AK,F
10:50:43,ICBP,RG,8550,1,F,KZ,CC,D
10:50:37,ICBP,RG,8550,1,F,KZ,PD,D
10:50:37,ICBP,RG,8550,1,F,KZ,PD,D
10:50:26,ICBP,RG,8550,2,F,KZ,PD,D
10:50:15,ICBP,RG,8550,1,F,KZ,AK,F
10:50:15,ICBP,RG,8550,54,F,KZ,AK,F
10:50:14,ICBP,RG,8550,2,F,KZ,PD,D
10:50:11,ICBP,RG,8575,18,F,KZ,FS,D
10:50:11,ICBP,RG,8550,1,F,KZ,PD,D
10:50:08,ICBP,RG,8550,1,F,KZ,NI,D
10:50:08,ICBP,RG,8550,1,F,KZ,NI,D
10:50:08,ICBP,RG,8550,1,F,KZ,NI,D
10:50:03,ICBP,RG,8550,1,F,KZ,PD,D
10:50:03,ICBP,RG,8550,1,F,KZ,PD,D
10:49:59,ICBP,RG,8575,2,D,OD,FS,D
10:49:52,ICBP,RG,8550,2,F,KZ,PD,D
10:49:41,ICBP,RG,8550,2,F,KZ,PD,D
10:49:29,ICBP,RG,8550,2,F,KZ,PD,D
10:49:18,ICBP,RG,8550,1,F,KZ,PD,D
10:49:18,ICBP,RG,8550,1,F,KZ,PD,D
10:49:07,ICBP,RG,8550,2,F,KZ,PD,D
10:49:01,ICBP,RG,8550,4,F,KZ,PD,D
10:49:01,ICBP,RG,8575,2,D,OD,FS,D
10:48:56,ICBP,RG,8550,2,F,KZ,PD,D
10:48:44,ICBP,RG,8550,1,F,KZ,PD,D
10:48:44,ICBP,RG,8550,1,F,KZ,PD,D
10:48:39,ICBP,RG,8550,25,F,KZ,AI,D
10:48:36,ICBP,RG,8575,1,F,AK,FS,D
10:48:33,ICBP,RG,8550,1,F,KZ,PD,D
10:48:33,ICBP,RG,8550,1,F,KZ,PD,D
10:48:22,ICBP,RG,8550,2,F,KZ,PD,D
10:48:11,ICBP,RG,8550,2,F,KZ,PD,D
10:48:06,ICBP,RG,8550,6,F,KZ,YP,D
10:48:03,ICBP,RG,8575,2,D,OD,FS,D
10:47:59,ICBP,RG,8550,2,F,KZ,PD,D
10:47:48,ICBP,RG,8550,2,F,KZ,PD,D
10:47:37,ICBP,RG,8550,2,F,KZ,PD,D
10:47:28,ICBP,RG,8550,2,F,KZ,NI,D
10:47:25,ICBP,RG,8550,2,F,KZ,PD,D
10:47:14,ICBP,RG,8550,2,F,KZ,PD,D
10:47:06,ICBP,RG,8550,2,F,KZ,XC,D
10:47:05,ICBP,RG,8575,2,D,OD,FS,D
10:47:03,ICBP,RG,8550,2,F,KZ,PD,D
10:47:00,ICBP,RG,8550,28,F,KZ,AK,F
10:46:52,ICBP,RG,8550,2,F,KZ,PD,D
10:46:51,ICBP,RG,8550,5,F,KZ,PD,D
10:46:41,ICBP,RG,8550,6,F,KZ,ZP,F
10:46:40,ICBP,RG,8550,2,F,KZ,PD,D
10:46:29,ICBP,RG,8550,2,F,KZ,PD,D
10:46:20,ICBP,RG,8550,11,F,KZ,LG,D
10:46:20,ICBP,RG,8550,1,F,KZ,LG,D
10:46:20,ICBP,RG,8550,23,D,CC,LG,D
10:46:20,ICBP,RG,8550,24,D,YP,LG,D
10:46:20,ICBP,RG,8550,5,F,YU,LG,D
10:46:20,ICBP,RG,8550,1,F,YU,LG,D
10:46:20,ICBP,RG,8550,13,F,KZ,LG,D
10:46:20,ICBP,RG,8550,22,F,KZ,LG,D
10:46:18,ICBP,RG,8550,2,F,KZ,PD,D
10:46:17,ICBP,RG,8550,7,F,KZ,LG,D
10:46:17,ICBP,RG,8550,93,F,KZ,LG,D
10:46:15,ICBP,RG,8550,51,F,KZ,LG,D
10:46:15,ICBP,RG,8550,49,F,YU,LG,D
10:46:13,ICBP,RG,8550,100,F,YU,LG,D
10:46:12,ICBP,RG,8550,100,F,YU,LG,D
10:46:07,ICBP,RG,8550,2,F,YU,PD,D
10:46:03,ICBP,RG,8575,2,D,OD,FS,D
10:46:01,ICBP,RG,8550,97,F,YU,LG,D
10:46:01,ICBP,RG,8550,3,F,KZ,LG,D
10:45:59,ICBP,RG,8550,46,F,KZ,LG,D
10:45:59,ICBP,RG,8550,54,F,CS,LG,D
10:45:55,ICBP,RG,8550,2,F,CS,PD,D
10:45:44,ICBP,RG,8550,2,F,CS,PD,D
10:45:35,ICBP,RG,8550,1,F,CS,CC,D
10:45:33,ICBP,RG,8550,2,F,CS,PD,D
10:45:21,ICBP,RG,8550,2,F,CS,PD,D
10:45:10,ICBP,RG,8550,2,F,CS,PD,D
10:45:05,ICBP,RG,8575,2,D,OD,FS,D
10:44:59,ICBP,RG,8550,2,F,CS,PD,D
10:44:48,ICBP,RG,8550,2,F,CS,PD,D
10:44:36,ICBP,RG,8550,2,F,CS,PD,D
10:44:30,ICBP,RG,8550,29,F,CS,AK,F
10:44:27,ICBP,RG,8550,63,F,CS,XL,D
10:44:25,ICBP,RG,8550,2,F,CS,PD,D
10:44:14,ICBP,RG,8550,2,F,CS,PD,D
10:44:03,ICBP,RG,8550,2,F,CS,PD,D
10:44:03,ICBP,RG,8575,1,D,OD,FS,D
10:43:51,ICBP,RG,8550,2,F,CS,PD,D
10:43:40,ICBP,RG,8550,2,F,CS,PD,D
10:43:29,ICBP,RG,8550,2,F,CS,PD,D
10:43:29,ICBP,RG,8550,1,F,CS,YU,D
10:43:20,ICBP,RG,8550,5,F,CS,KK,D
10:43:18,ICBP,RG,8550,1,F,CS,PD,D
10:43:18,ICBP,RG,8550,1,F,KZ,PD,D
10:43:06,ICBP,RG,8550,2,F,KZ,PD,D
10:43:03,ICBP,RG,8575,2,D,OD,FS,D
10:42:55,ICBP,RG,8550,2,F,KZ,PD,D
10:42:44,ICBP,RG,8550,2,F,KZ,PD,D
10:42:32,ICBP,RG,8550,2,F,KZ,PD,D
10:42:21,ICBP,RG,8550,2,F,KZ,PD,D
10:42:16,ICBP,RG,8550,47,F,KZ,AK,F
10:42:16,ICBP,RG,8550,1,F,KZ,AK,F
10:42:16,ICBP,RG,8550,2,F,KZ,AK,F
10:42:15,ICBP,RG,8550,3,F,KZ,AK,F
10:42:15,ICBP,RG,8550,1,D,NI,AK,F
10:42:15,ICBP,RG,8550,1,D,XC,AK,F
10:42:15,ICBP,RG,8550,5,F,KZ,AK,F
10:42:15,ICBP,RG,8550,4,D,YP,AK,F
10:42:15,ICBP,RG,8550,6,D,YP,AK,F
10:42:15,ICBP,RG,8550,1,F,KZ,AK,F
10:42:15,ICBP,RG,8550,2,F,KZ,AK,F
10:42:15,ICBP,RG,8550,5,F,KZ,AK,F
10:42:10,ICBP,RG,8550,2,F,KZ,PD,D
10:42:03,ICBP,RG,8575,2,D,OD,FS,D
10:42:00,ICBP,RG,8550,10,F,KZ,ZP,F
10:41:59,ICBP,RG,8550,2,F,KZ,PD,D
10:41:47,ICBP,RG,8550,2,F,KZ,PD,D
10:41:36,ICBP,RG,8550,2,F,KZ,PD,D
10:41:25,ICBP,RG,8550,1,F,KZ,PD,D
10:41:25,ICBP,RG,8550,1,F,CC,PD,D
10:41:14,ICBP,RG,8550,2,D,SQ,PD,D
10:41:09,ICBP,RG,8550,3,D,SQ,OD,D
10:41:09,ICBP,RG,8550,1,F,KZ,OD,D
10:41:09,ICBP,RG,8550,1,F,KZ,OD,D
10:41:09,ICBP,RG,8550,8,F,KZ,OD,D
10:41:09,ICBP,RG,8550,1,D,SQ,OD,D
10:41:09,ICBP,RG,8550,2,F,KZ,OD,D
10:41:09,ICBP,RG,8550,3,F,KZ,OD,D
10:41:09,ICBP,RG,8550,31,F,KZ,OD,D
10:41:02,ICBP,RG,8550,2,F,KZ,PD,D
10:41:01,ICBP,RG,8575,1,D,OD,FS,D
10:40:52,ICBP,RG,8575,2,D,NI,FS,D
10:40:51,ICBP,RG,8550,2,F,KZ,PD,D
10:40:44,ICBP,RG,8550,23,F,KZ,LG,D
10:40:44,ICBP,RG,8550,3,F,KZ,LG,D
10:40:44,ICBP,RG,8550,1,F,KZ,LG,D
10:40:44,ICBP,RG,8550,1,F,KZ,LG,D
10:40:44,ICBP,RG,8550,5,F,KZ,LG,D
10:40:44,ICBP,RG,8550,4,F,KZ,LG,D
10:40:44,ICBP,RG,8550,16,F,KZ,LG,D
10:40:44,ICBP,RG,8550,3,D,PD,LG,D
10:40:44,ICBP,RG,8550,35,F,KZ,LG,D
10:40:44,ICBP,RG,8550,9,F,KZ,LG,D
10:40:40,ICBP,RG,8550,2,F,KZ,PD,D
10:40:29,ICBP,RG,8550,2,F,KZ,PD,D
10:40:17,ICBP,RG,8550,2,F,KZ,PD,D
10:40:06,ICBP,RG,8550,2,F,KZ,PD,D
10:40:03,ICBP,RG,8575,2,D,OD,FS,D
10:40:00,ICBP,RG,8550,29,F,KZ,AK,F
10:39:55,ICBP,RG,8550,2,F,KZ,PD,D
10:39:51,ICBP,RG,8575,1,F,AK,FS,D
10:39:43,ICBP,RG,8550,2,F,KZ,PD,D
10:39:38,ICBP,RG,8550,110,F,KZ,BK,F
10:39:38,ICBP,RG,8550,1,F,YU,BK,F
10:39:38,ICBP,RG,8550,133,F,CS,BK,F
10:39:38,ICBP,RG,8550,240,F,AK,BK,F
10:39:38,ICBP,RG,8550,16,F,KZ,BK,F
10:39:36,ICBP,RG,8550,3,F,KZ,NI,D
10:39:36,ICBP,RG,8550,29,F,KZ,NI,D
10:39:36,ICBP,RG,8550,10,D,DR,NI,D
10:39:36,ICBP,RG,8550,21,F,YU,NI,D
10:39:36,ICBP,RG,8550,40,F,KZ,NI,D
10:39:36,ICBP,RG,8550,185,F,KZ,NI,D
10:39:36,ICBP,RG,8550,58,F,KZ,NI,D
10:39:36,ICBP,RG,8550,354,F,YU,NI,D
10:39:32,ICBP,RG,8550,2,F,YU,PD,D
10:39:32,ICBP,RG,8550,2,F,YU,PD,D
10:39:21,ICBP,RG,8550,2,F,YU,PD,D
10:39:10,ICBP,RG,8550,2,F,YU,PD,D
10:39:05,ICBP,RG,8575,2,D,OD,FS,D
10:38:58,ICBP,RG,8550,2,F,YU,PD,D
10:38:47,ICBP,RG,8550,2,F,YU,PD,D
10:38:44,ICBP,RG,8550,21,F,YU,YP,D
10:38:44,ICBP,RG,8550,4,F,KZ,YP,D
10:38:36,ICBP,RG,8550,2,F,KZ,PD,D
10:38:25,ICBP,RG,8550,2,F,KZ,PD,D
10:38:13,ICBP,RG,8550,2,F,KZ,PD,D
10:38:03,ICBP,RG,8575,1,D,OD,FS,D
10:38:02,ICBP,RG,8550,2,F,KZ,PD,D
10:37:51,ICBP,RG,8550,2,F,KZ,PD,D
10:37:45,ICBP,RG,8550,9,F,KZ,AK,F
10:37:45,ICBP,RG,8550,2,F,KZ,AK,F
10:37:45,ICBP,RG,8550,2,F,KZ,AK,F
10:37:45,ICBP,RG,8550,15,F,KZ,AK,F
10:37:40,ICBP,RG,8550,2,F,KZ,PD,D
10:37:28,ICBP,RG,8550,2,F,KZ,PD,D
10:37:17,ICBP,RG,8550,1,F,KZ,PD,D
10:37:17,ICBP,RG,8550,1,F,KZ,PD,D
10:37:13,ICBP,RG,8550,8,F,KZ,XC,D
10:37:06,ICBP,RG,8550,2,F,KZ,PD,D
10:37:05,ICBP,RG,8575,2,D,OD,FS,D
10:36:54,ICBP,RG,8550,2,F,KZ,PD,D
10:36:43,ICBP,RG,8550,2,F,KZ,PD,D
10:36:32,ICBP,RG,8550,2,F,KZ,PD,D
10:36:21,ICBP,RG,8550,2,F,CS,PD,D
10:36:15,ICBP,RG,8550,1,F,CS,XC,D
10:36:09,ICBP,RG,8550,2,F,CS,PD,D
10:36:07,ICBP,RG,8575,2,D,OD,FS,D
10:35:58,ICBP,RG,8550,2,F,CS,PD,D
10:35:47,ICBP,RG,8550,2,F,CS,PD,D
10:35:36,ICBP,RG,8550,2,F,CS,PD,D
10:35:24,ICBP,RG,8550,2,F,CS,PD,D
10:35:16,ICBP,RG,8550,59,F,CS,YP,D
10:35:15,ICBP,RG,8550,29,F,CS,AK,F
10:35:13,ICBP,RG,8550,2,F,CS,PD,D
10:35:09,ICBP,RG,8575,1,D,OD,FS,D
10:35:02,ICBP,RG,8550,2,F,CS,PD,D
10:34:51,ICBP,RG,8550,2,F,CS,PD,D
10:34:39,ICBP,RG,8550,2,F,CS,PD,D
10:34:28,ICBP,RG,8550,2,F,CS,PD,D
10:34:17,ICBP,RG,8550,2,F,CS,PD,D
10:34:11,ICBP,RG,8575,2,D,OD,FS,D
10:34:06,ICBP,RG,8550,58,F,CS,AK,F
10:34:06,ICBP,RG,8550,5,F,KZ,AK,F
10:34:06,ICBP,RG,8550,13,F,KZ,AK,F
10:34:05,ICBP,RG,8550,2,F,KZ,PD,D
10:33:54,ICBP,RG,8550,2,F,KZ,PD,D
10:33:43,ICBP,RG,8550,2,F,KZ,PD,D
10:33:32,ICBP,RG,8550,2,F,KZ,PD,D
10:33:20,ICBP,RG,8550,2,F,KZ,PD,D
10:33:13,ICBP,RG,8575,2,D,OD,FS,D
10:33:09,ICBP,RG,8550,2,F,KZ,PD,D
10:32:58,ICBP,RG,8550,2,F,KZ,PD,D
10:32:47,ICBP,RG,8550,2,F,KZ,PD,D
10:32:35,ICBP,RG,8550,2,F,KZ,PD,D
10:32:24,ICBP,RG,8550,2,F,KZ,PD,D
10:32:15,ICBP,RG,8575,1,D,OD,FS,D
10:32:13,ICBP,RG,8550,2,F,KZ,PD,D
10:32:11,ICBP,RG,8575,79,F,KZ,FS,D
10:32:01,ICBP,RG,8550,2,F,KZ,PD,D
10:31:50,ICBP,RG,8550,2,F,KZ,PD,D
10:31:39,ICBP,RG,8550,2,F,KZ,PD,D
10:31:28,ICBP,RG,8550,2,F,KZ,PD,D
10:31:19,ICBP,RG,8550,4,F,KZ,PD,D
10:31:16,ICBP,RG,8550,2,F,KZ,PD,D
10:31:15,ICBP,RG,8575,2,D,OD,FS,D
10:31:11,ICBP,RG,8575,13,F,KZ,FS,D
10:31:05,ICBP,RG,8550,2,F,KZ,PD,D
10:30:54,ICBP,RG,8550,2,F,KZ,PD,D
10:30:43,ICBP,RG,8550,2,F,KZ,PD,D
10:30:31,ICBP,RG,8550,2,F,KZ,PD,D
10:30:20,ICBP,RG,8550,2,F,KZ,PD,D
10:30:14,ICBP,RG,8550,2,F,KZ,KI,D
10:30:13,ICBP,RG,8575,2,D,OD,FS,D
10:30:09,ICBP,RG,8550,2,F,KZ,PD,D
10:30:08,ICBP,RG,8550,1,F,KZ,YP,D
10:30:08,ICBP,RG,8550,24,F,KZ,YP,D
10:30:03,ICBP,RG,8575,1,D,PD,FS,D
10:29:58,ICBP,RG,8550,2,F,KZ,PD,D
10:29:46,ICBP,RG,8550,2,F,KZ,PD,D
10:29:45,ICBP,RG,8550,29,F,KZ,AK,F
10:29:35,ICBP,RG,8550,1,F,KZ,PD,D
10:29:35,ICBP,RG,8550,1,D,PD,PD,D
10:29:35,ICBP,RG,8550,5,F,KZ,PD,D
10:29:35,ICBP,RG,8550,1,D,NI,PD,D
10:29:35,ICBP,RG,8550,2,D,CC,PD,D
10:29:35,ICBP,RG,8550,1,F,KZ,PD,D
10:29:35,ICBP,RG,8550,1,F,KZ,PD,D
10:29:24,ICBP,RG,8550,2,F,KZ,PD,D
10:29:12,ICBP,RG,8550,2,F,KZ,PD,D
10:29:11,ICBP,RG,8575,1,D,OD,FS,D
10:29:01,ICBP,RG,8550,2,F,KZ,PD,D
10:28:56,ICBP,RG,8575,2,D,SQ,FS,D
10:28:50,ICBP,RG,8550,2,F,KZ,PD,D
10:28:39,ICBP,RG,8550,2,F,KZ,PD,D
10:28:32,ICBP,RG,8550,1,F,KZ,YP,D
10:28:27,ICBP,RG,8550,1,F,KZ,PD,D
10:28:27,ICBP,RG,8550,1,D,PD,PD,D
10:28:16,ICBP,RG,8550,2,D,PD,PD,D
10:28:09,ICBP,RG,8575,2,D,OD,FS,D
10:28:05,ICBP,RG,8550,1,F,KZ,PD,D
10:28:05,ICBP,RG,8550,1,F,KZ,PD,D
10:27:54,ICBP,RG,8550,1,F,CC,PD,D
10:27:54,ICBP,RG,8550,1,D,CP,PD,D
10:27:42,ICBP,RG,8550,2,D,CP,PD,D
10:27:36,ICBP,RG,8550,3,D,CP,YP,D
10:27:31,ICBP,RG,8550,2,D,CP,PD,D
10:27:28,ICBP,RG,8550,3,D,CP,LG,D
10:27:28,ICBP,RG,8550,2,F,KZ,LG,D
10:27:28,ICBP,RG,8550,7,D,SQ,LG,D
10:27:28,ICBP,RG,8550,1,D,OD,LG,D
10:27:28,ICBP,RG,8550,1,D,YP,LG,D
10:27:28,ICBP,RG,8550,4,F,KZ,LG,D
10:27:28,ICBP,RG,8550,5,D,LG,LG,D
10:27:28,ICBP,RG,8550,58,F,KZ,LG,D
10:27:28,ICBP,RG,8550,1,D,PD,LG,D
10:27:28,ICBP,RG,8550,10,D,YP,LG,D
10:27:28,ICBP,RG,8550,8,F,KZ,LG,D
10:27:27,ICBP,RG,8550,24,F,KZ,LG,D
10:27:27,ICBP,RG,8550,1,F,KZ,LG,D
10:27:27,ICBP,RG,8550,1,F,KZ,LG,D
10:27:27,ICBP,RG,8550,1,D,XC,LG,D
10:27:27,ICBP,RG,8550,1,D,PD,LG,D
10:27:27,ICBP,RG,8550,3,F,KZ,LG,D
10:27:27,ICBP,RG,8550,5,D,YP,LG,D
10:27:27,ICBP,RG,8550,1,F,KZ,LG,D
10:27:27,ICBP,RG,8550,1,F,AK,LG,D
10:27:27,ICBP,RG,8550,9,F,KZ,LG,D
10:27:27,ICBP,RG,8550,13,D,YP,LG,D
10:27:23,ICBP,RG,8550,12,D,YP,LG,D
10:27:23,ICBP,RG,8550,33,F,KZ,LG,D
10:27:23,ICBP,RG,8550,47,F,KZ,LG,D
10:27:23,ICBP,RG,8550,8,F,YU,LG,D
10:27:22,ICBP,RG,8550,12,F,YU,OD,D
10:27:22,ICBP,RG,8550,1,F,YU,OD,D
10:27:22,ICBP,RG,8550,5,F,KZ,OD,D
10:27:22,ICBP,RG,8550,13,F,KZ,OD,D
10:27:22,ICBP,RG,8550,174,F,KZ,OD,D
10:27:21,ICBP,RG,8575,2,D,PD,FS,D
10:27:20,ICBP,RG,8550,2,F,KZ,PD,D
10:27:17,ICBP,RG,8550,26,F,KZ,OD,D
10:27:17,ICBP,RG,8550,179,F,YU,OD,D
10:27:09,ICBP,RG,8550,2,F,YU,PD,D
10:27:07,ICBP,RG,8575,2,D,OD,FS,D
10:26:57,ICBP,RG,8550,2,F,YU,PD,D
10:26:46,ICBP,RG,8550,2,F,YU,PD,D
10:26:45,ICBP,RG,8550,13,F,YU,CC,D
10:26:37,ICBP,RG,8550,5,F,YU,OD,D
10:26:35,ICBP,RG,8550,2,F,YU,PD,D
10:26:23,ICBP,RG,8550,2,F,YU,PD,D
10:26:20,ICBP,RG,8550,1,F,YU,NI,D
10:26:12,ICBP,RG,8550,2,F,YU,PD,D
10:26:09,ICBP,RG,8575,2,D,OD,FS,D
10:26:01,ICBP,RG,8550,2,F,YU,PD,D
10:25:52,ICBP,RG,8550,100,F,YU,OD,D
10:25:50,ICBP,RG,8550,2,F,YU,PD,D
10:25:45,ICBP,RG,8550,100,F,YU,LG,D
10:25:45,ICBP,RG,8550,1,F,YU,CC,D
10:25:45,ICBP,RG,8550,32,F,YU,AK,F
10:25:43,ICBP,RG,8550,48,F,YU,LG,D
10:25:43,ICBP,RG,8550,1,D,GR,LG,D
10:25:43,ICBP,RG,8550,5,D,YP,LG,D
10:25:43,ICBP,RG,8550,46,F,KZ,LG,D
10:25:39,ICBP,RG,8550,12,F,KZ,LG,D
10:25:39,ICBP,RG,8550,5,D,PD,LG,D
10:25:39,ICBP,RG,8550,8,F,KZ,LG,D
10:25:39,ICBP,RG,8550,4,F,KZ,LG,D
10:25:39,ICBP,RG,8550,23,F,KZ,LG,D
10:25:39,ICBP,RG,8550,48,F,KZ,LG,D
10:25:38,ICBP,RG,8550,2,F,KZ,PD,D
10:25:27,ICBP,RG,8550,2,F,KZ,PD,D
10:25:16,ICBP,RG,8550,2,F,KZ,PD,D
10:25:14,ICBP,RG,8550,7,F,KZ,ZP,F
10:25:07,ICBP,RG,8575,1,D,OD,FS,D
10:25:05,ICBP,RG,8550,2,F,KZ,PD,D
10:24:53,ICBP,RG,8550,2,F,KZ,PD,D
10:24:42,ICBP,RG,8550,2,F,KZ,PD,D
10:24:31,ICBP,RG,8550,2,F,KZ,PD,D
10:24:20,ICBP,RG,8550,2,F,KZ,PD,D
10:24:19,ICBP,RG,8550,17,F,KZ,GR,D
10:24:19,ICBP,RG,8550,20,F,AK,GR,D
10:24:10,ICBP,RG,8550,11,F,AK,NI,D
10:24:09,ICBP,RG,8575,2,D,OD,FS,D
10:24:08,ICBP,RG,8550,2,F,AK,PD,D
10:24:06,ICBP,RG,8575,1,F,AK,FS,D
10:23:57,ICBP,RG,8550,2,F,AK,PD,D
10:23:46,ICBP,RG,8550,2,F,AK,PD,D
10:23:34,ICBP,RG,8550,2,F,AK,PD,D
10:23:23,ICBP,RG,8550,2,F,AK,PD,D
10:23:12,ICBP,RG,8550,2,F,AK,PD,D
10:23:09,ICBP,RG,8575,2,D,OD,FS,D
10:23:01,ICBP,RG,8550,2,F,AK,PD,D
10:22:49,ICBP,RG,8550,2,F,AK,PD,D
10:22:42,ICBP,RG,8550,100,F,AK,LG,D
10:22:38,ICBP,RG,8550,2,F,AK,PD,D
10:22:30,ICBP,RG,8550,36,F,AK,AK,F
10:22:27,ICBP,RG,8550,2,F,AK,PD,D
10:22:16,ICBP,RG,8550,2,F,AK,PD,D
10:22:15,ICBP,RG,8575,10,D,SQ,FS,D
10:22:09,ICBP,RG,8575,1,D,OD,FS,D
10:22:04,ICBP,RG,8550,2,F,AK,PD,D
10:21:58,ICBP,RG,8550,1,F,AK,XC,D
10:21:53,ICBP,RG,8550,2,F,AK,PD,D
10:21:42,ICBP,RG,8550,2,F,AK,PD,D
10:21:30,ICBP,RG,8550,2,F,AK,PD,D
10:21:19,ICBP,RG,8550,2,F,AK,PD,D
10:21:10,ICBP,RG,8575,2,D,OD,FS,D
10:21:08,ICBP,RG,8550,2,F,AK,PD,D
10:20:57,ICBP,RG,8550,2,F,AK,PD,D
10:20:49,ICBP,RG,8550,3,F,AK,DH,D
10:20:45,ICBP,RG,8550,2,F,AK,PD,D
10:20:34,ICBP,RG,8550,2,F,AK,PD,D
10:20:23,ICBP,RG,8550,2,F,AK,PD,D
10:20:12,ICBP,RG,8550,2,F,AK,PD,D
10:20:08,ICBP,RG,8575,2,D,OD,FS,D
10:20:00,ICBP,RG,8550,2,F,AK,PD,D
10:20:00,ICBP,RG,8575,3,D,XC,FS,D
10:19:50,ICBP,RG,8550,66,F,AK,AK,F
10:19:49,ICBP,RG,8550,2,F,AK,PD,D
10:19:38,ICBP,RG,8550,2,F,AK,PD,D
10:19:27,ICBP,RG,8550,2,F,AK,PD,D
10:19:15,ICBP,RG,8550,2,F,AK,PD,D
10:19:15,ICBP,RG,8550,18,F,AK,AK,F
10:19:15,ICBP,RG,8550,19,F,KZ,AK,F
10:19:09,ICBP,RG,8575,1,D,OD,FS,D
10:19:04,ICBP,RG,8550,2,F,KZ,PD,D
10:19:00,ICBP,RG,8550,1,F,KZ,NI,D
10:18:53,ICBP,RG,8550,2,F,KZ,PD,D
10:18:41,ICBP,RG,8550,2,F,KZ,PD,D
10:18:33,ICBP,RG,8550,32,F,KZ,LG,D
10:18:33,ICBP,RG,8550,1,D,PD,LG,D
10:18:33,ICBP,RG,8550,3,D,YP,LG,D
10:18:33,ICBP,RG,8550,2,F,KZ,LG,D
10:18:33,ICBP,RG,8550,12,F,KZ,LG,D
10:18:33,ICBP,RG,8550,2,D,XL,LG,D
10:18:33,ICBP,RG,8550,1,D,YP,LG,D
10:18:33,ICBP,RG,8550,1,D,OD,LG,D
10:18:33,ICBP,RG,8550,46,D,NI,LG,D
10:18:30,ICBP,RG,8550,2,D,NI,PD,D
10:18:19,ICBP,RG,8550,2,D,NI,PD,D
10:18:10,ICBP,RG,8575,2,D,OD,FS,D
10:18:08,ICBP,RG,8550,2,D,NI,PD,D
10:18:02,ICBP,RG,8550,61,D,NI,PD,D
10:18:02,ICBP,RG,8550,1,D,PD,PD,D
10:18:02,ICBP,RG,8550,1,D,KK,PD,D
10:18:02,ICBP,RG,8550,1,D,XL,PD,D
10:18:02,ICBP,RG,8550,2,D,XL,PD,D
10:18:02,ICBP,RG,8550,1,F,KZ,PD,D
10:18:02,ICBP,RG,8550,1,F,KZ,PD,D
10:18:02,ICBP,RG,8550,13,F,KZ,PD,D
10:18:02,ICBP,RG,8550,51,F,KZ,PD,D
10:18:02,ICBP,RG,8550,1,D,CC,PD,D
10:18:02,ICBP,RG,8550,10,F,KZ,PD,D
10:18:02,ICBP,RG,8550,3,D,AT,PD,D
10:18:02,ICBP,RG,8550,10,D,XC,PD,D
10:18:02,ICBP,RG,8550,1,D,CC,PD,D
10:18:02,ICBP,RG,8550,1,D,NI,PD,D
10:18:02,ICBP,RG,8550,10,D,SQ,PD,D
10:18:02,ICBP,RG,8550,3,F,KZ,PD,D
10:18:02,ICBP,RG,8550,2,F,KZ,PD,D
10:18:01,ICBP,RG,8550,1,F,KZ,XL,D
10:17:56,ICBP,RG,8550,1,F,KZ,PD,D
10:17:56,ICBP,RG,8550,1,F,KZ,PD,D
10:17:45,ICBP,RG,8550,1,F,KZ,PD,D
10:17:45,ICBP,RG,8550,1,F,KZ,PD,D
10:17:34,ICBP,RG,8550,2,F,KZ,PD,D
10:17:23,ICBP,RG,8550,1,F,KZ,PD,D
10:17:23,ICBP,RG,8550,1,D,XC,PD,D
10:17:21,ICBP,RG,8575,4,F,KZ,FS,D
10:17:16,ICBP,RG,8550,10,F,KZ,OD,D
10:17:16,ICBP,RG,8550,50,D,CC,OD,D
10:17:16,ICBP,RG,8550,5,F,KZ,OD,D
10:17:16,ICBP,RG,8550,4,F,KZ,OD,D
10:17:16,ICBP,RG,8550,31,F,KZ,OD,D
10:17:14,ICBP,RG,8575,2,D,OD,FS,D
10:17:11,ICBP,RG,8550,2,F,KZ,PD,D
10:17:11,ICBP,RG,8575,1,F,KZ,FS,D
10:17:00,ICBP,RG,8550,2,F,KZ,PD,D
10:16:49,ICBP,RG,8550,2,F,KZ,PD,D
10:16:41,ICBP,RG,8575,2,F,KZ,FS,D
10:16:38,ICBP,RG,8550,2,F,KZ,PD,D
10:16:26,ICBP,RG,8550,2,F,KZ,PD,D
10:16:21,ICBP,RG,8575,1,F,KZ,FS,D
10:16:15,ICBP,RG,8550,2,F,KZ,PD,D
10:16:12,ICBP,RG,8575,1,D,OD,FS,D
10:16:04,ICBP,RG,8550,2,F,KZ,PD,D
10:16:01,ICBP,RG,8575,12,F,KZ,FS,D
10:15:52,ICBP,RG,8550,2,F,KZ,PD,D
10:15:51,ICBP,RG,8575,2,F,KZ,FS,D
10:15:41,ICBP,RG,8550,2,F,KZ,PD,D
10:15:41,ICBP,RG,8575,7,F,KZ,FS,D
10:15:30,ICBP,RG,8550,2,F,KZ,PD,D
10:15:19,ICBP,RG,8550,2,F,KZ,PD,D
10:15:13,ICBP,RG,8575,2,D,OD,FS,D
10:15:07,ICBP,RG,8550,1,F,KZ,PD,D
10:15:07,ICBP,RG,8550,1,D,PD,PD,D
10:15:00,ICBP,RG,8550,1,F,AK,AK,F
10:15:00,ICBP,RG,8550,5,D,PD,AK,F
10:15:00,ICBP,RG,8550,21,D,YP,AK,F
10:14:56,ICBP,RG,8550,2,D,YP,PD,D
10:14:45,ICBP,RG,8550,2,D,YP,KK,D
10:14:45,ICBP,RG,8550,2,D,XL,PD,D
10:14:41,ICBP,RG,8550,1,D,XL,NI,D
10:14:41,ICBP,RG,8575,2,F,KZ,FS,D
10:14:35,ICBP,RG,8550,1,D,XL,LG,D
10:14:35,ICBP,RG,8550,3,D,GR,LG,D
10:14:35,ICBP,RG,8550,1,D,YP,LG,D
10:14:35,ICBP,RG,8550,8,F,KZ,LG,D
10:14:35,ICBP,RG,8550,38,F,KZ,LG,D
10:14:35,ICBP,RG,8550,49,F,KZ,LG,D
10:14:34,ICBP,RG,8550,2,F,KZ,PD,D
10:14:30,ICBP,RG,8550,3,F,KZ,XL,D
10:14:22,ICBP,RG,8550,2,F,KZ,PD,D
10:14:14,ICBP,RG,8550,43,F,KZ,LG,D
10:14:14,ICBP,RG,8550,10,F,KZ,LG,D
10:14:14,ICBP,RG,8550,47,F,KZ,LG,D
10:14:12,ICBP,RG,8575,1,D,OD,FS,D
10:14:11,ICBP,RG,8550,100,F,KZ,LG,D
10:14:11,ICBP,RG,8550,2,F,KZ,PD,D
10:14:07,ICBP,RG,8550,49,F,KZ,LG,D
10:14:07,ICBP,RG,8550,51,F,YU,LG,D
10:14:00,ICBP,RG,8550,2,F,YU,PD,D
10:13:49,ICBP,RG,8550,2,F,YU,PD,D
10:13:37,ICBP,RG,8550,2,F,YU,PD,D
10:13:34,ICBP,RG,8550,2,F,YU,CC,D
10:13:26,ICBP,RG,8550,2,F,YU,PD,D
10:13:25,ICBP,RG,8575,1,D,PD,FS,D
10:13:15,ICBP,RG,8550,2,F,YU,PD,D
10:13:15,ICBP,RG,8575,2,D,OD,FS,D
10:13:03,ICBP,RG,8550,2,F,YU,PD,D
10:12:52,ICBP,RG,8550,2,F,YU,PD,D
10:12:46,ICBP,RG,8550,6,F,YU,YP,D
10:12:41,ICBP,RG,8550,2,F,YU,PD,D
10:12:30,ICBP,RG,8550,2,F,YU,PD,D
10:12:18,ICBP,RG,8550,2,F,YU,PD,D
10:12:16,ICBP,RG,8575,1,D,OD,FS,D
10:12:11,ICBP,RG,8575,12,F,KZ,FS,D
10:12:09,ICBP,RG,8550,3,F,YU,YP,D
10:12:07,ICBP,RG,8550,2,F,YU,PD,D
10:12:01,ICBP,RG,8575,33,F,KZ,FS,D
10:12:00,ICBP,RG,8550,25,F,YU,AK,F
10:11:56,ICBP,RG,8550,2,F,YU,PD,D
10:11:45,ICBP,RG,8550,2,F,YU,PD,D
10:11:33,ICBP,RG,8550,2,F,YU,PD,D
10:11:31,ICBP,RG,8575,6,F,KZ,FS,D
10:11:30,ICBP,RG,8550,80,F,YU,NI,D
10:11:22,ICBP,RG,8550,2,F,YU,PD,D
10:11:16,ICBP,RG,8575,2,D,OD,FS,D
10:11:15,ICBP,RG,8550,10,F,YU,YP,D
10:11:11,ICBP,RG,8550,2,F,YU,PD,D
10:11:11,ICBP,RG,8575,1,F,KZ,FS,D
10:11:00,ICBP,RG,8550,2,F,YU,PD,D
10:10:51,ICBP,RG,8575,1,F,KZ,FS,D
10:10:48,ICBP,RG,8550,2,F,YU,PD,D
10:10:41,ICBP,RG,8575,5,F,KZ,FS,D
10:10:37,ICBP,RG,8550,2,F,YU,PD,D
10:10:31,ICBP,RG,8575,46,F,KZ,FS,D
10:10:26,ICBP,RG,8550,2,F,YU,PD,D
10:10:18,ICBP,RG,8575,1,D,OD,FS,D
10:10:14,ICBP,RG,8550,2,F,YU,PD,D
10:10:03,ICBP,RG,8550,2,F,YU,PD,D
10:09:52,ICBP,RG,8550,2,F,YU,PD,D
10:09:41,ICBP,RG,8550,2,F,YU,PD,D
10:09:38,ICBP,RG,8550,4,F,YU,PD,D
10:09:31,ICBP,RG,8575,1,F,KZ,FS,D
10:09:30,ICBP,RG,8550,3,F,YU,AK,F
10:09:30,ICBP,RG,8550,22,F,KZ,AK,F
10:09:29,ICBP,RG,8550,2,F,KZ,PD,D
10:09:28,ICBP,RG,8550,12,F,KZ,SQ,D
10:09:18,ICBP,RG,8575,2,D,OD,FS,D
10:09:18,ICBP,RG,8550,2,F,KZ,PD,D
10:09:07,ICBP,RG,8550,2,F,KZ,PD,D
10:08:56,ICBP,RG,8550,2,F,KZ,PD,D
10:08:51,ICBP,RG,8575,13,F,YU,FS,D
10:08:44,ICBP,RG,8550,2,F,KZ,PD,D
10:08:38,ICBP,RG,8550,2,F,KZ,DH,D
10:08:36,ICBP,RG,8550,2,F,KZ,PD,D
10:08:33,ICBP,RG,8550,2,F,KZ,PD,D
10:08:22,ICBP,RG,8550,2,F,KZ,PD,D
10:08:18,ICBP,RG,8575,2,D,OD,FS,D
10:08:11,ICBP,RG,8550,2,F,KZ,PD,D
10:07:59,ICBP,RG,8550,2,F,KZ,PD,D
10:07:51,ICBP,RG,8575,1,F,AK,FS,D
10:07:48,ICBP,RG,8550,2,F,KZ,PD,D
10:07:37,ICBP,RG,8550,2,F,KZ,PD,D
10:07:25,ICBP,RG,8550,2,F,KZ,PD,D
10:07:16,ICBP,RG,8575,1,D,OD,FS,D
10:07:15,ICBP,RG,8550,26,F,KZ,AK,F
10:07:14,ICBP,RG,8550,2,F,KZ,PD,D
10:07:09,ICBP,RG,8575,1,F,YU,FS,D
10:07:03,ICBP,RG,8550,2,F,KZ,PD,D
10:07:01,ICBP,RG,8575,4,F,KZ,FS,D
10:06:59,ICBP,RG,8550,1,F,KZ,PD,D
10:06:52,ICBP,RG,8550,2,F,KZ,PD,D
10:06:51,ICBP,RG,8575,2,F,KZ,FS,D
10:06:40,ICBP,RG,8550,2,F,KZ,PD,D
10:06:32,ICBP,RG,8550,6,F,KZ,ZP,F
10:06:29,ICBP,RG,8550,2,F,KZ,PD,D
10:06:21,ICBP,RG,8575,2,F,KZ,FS,D
10:06:18,ICBP,RG,8550,2,F,KZ,PD,D
10:06:16,ICBP,RG,8575,2,D,OD,FS,D
10:06:07,ICBP,RG,8550,2,F,KZ,PD,D
10:06:01,ICBP,RG,8575,1,F,KZ,FS,D
10:05:55,ICBP,RG,8550,2,F,KZ,PD,D
10:05:44,ICBP,RG,8550,2,F,KZ,PD,D
10:05:41,ICBP,RG,8575,6,F,KZ,FS,D
10:05:33,ICBP,RG,8550,2,F,KZ,PD,D
10:05:31,ICBP,RG,8575,15,F,KZ,FS,D
10:05:24,ICBP,RG,8575,17,F,YU,FS,D
10:05:21,ICBP,RG,8550,1,F,KZ,PD,D
10:05:21,ICBP,RG,8550,1,F,KZ,PD,D
10:05:21,ICBP,RG,8575,49,F,KZ,FS,D
10:05:14,ICBP,RG,8575,1,D,OD,FS,D
10:05:10,ICBP,RG,8550,2,F,KZ,PD,D
10:05:00,ICBP,RG,8550,28,F,KZ,AK,F
10:04:59,ICBP,RG,8550,2,F,KZ,PD,D
10:04:48,ICBP,RG,8550,2,F,KZ,PD,D
10:04:36,ICBP,RG,8550,2,F,AK,PD,D
10:04:25,ICBP,RG,8550,2,F,AK,PD,D
10:04:21,ICBP,RG,8575,2,F,KZ,FS,D
10:04:14,ICBP,RG,8575,2,D,OD,FS,D
10:04:14,ICBP,RG,8550,2,F,AK,PD,D
10:04:03,ICBP,RG,8550,2,F,AK,PD,D
10:03:51,ICBP,RG,8550,2,F,AK,PD,D
10:03:40,ICBP,RG,8550,2,F,AK,PD,D
10:03:40,ICBP,RG,8575,13,F,YU,FS,D
10:03:34,ICBP,RG,8550,2,F,AK,CP,D
10:03:32,ICBP,RG,8550,50,F,AK,OD,D
10:03:29,ICBP,RG,8550,2,F,AK,PD,D
10:03:18,ICBP,RG,8550,2,F,AK,PD,D
10:03:14,ICBP,RG,8575,1,D,OD,FS,D
10:03:06,ICBP,RG,8550,2,F,AK,PD,D
10:02:55,ICBP,RG,8550,2,F,AK,PD,D
10:02:45,ICBP,RG,8550,27,F,AK,AK,F
10:02:44,ICBP,RG,8550,2,F,AK,PD,D
10:02:32,ICBP,RG,8550,2,F,AK,PD,D
10:02:21,ICBP,RG,8550,2,F,AK,PD,D
10:02:14,ICBP,RG,8575,2,D,OD,FS,D
10:02:10,ICBP,RG,8550,2,F,AK,PD,D
10:01:59,ICBP,RG,8550,2,F,AK,PD,D
10:01:57,ICBP,RG,8575,2,D,XL,FS,D
10:01:47,ICBP,RG,8550,2,F,AK,PD,D
10:01:46,ICBP,RG,8575,14,D,SQ,FS,D
10:01:36,ICBP,RG,8550,2,F,AK,PD,D
10:01:25,ICBP,RG,8550,2,F,AK,PD,D
10:01:14,ICBP,RG,8575,2,D,OD,FS,D
10:01:14,ICBP,RG,8550,2,F,AK,PD,D
10:01:02,ICBP,RG,8550,2,F,AK,PD,D
10:00:59,ICBP,RG,8575,27,F,YU,FS,D
10:00:51,ICBP,RG,8550,2,F,AK,PD,D
10:00:40,ICBP,RG,8550,2,F,AK,PD,D
10:00:36,ICBP,RG,8575,1,F,AK,FS,D
10:00:29,ICBP,RG,8550,2,F,AK,PD,D
10:00:21,ICBP,RG,8575,17,F,KZ,FS,D
10:00:17,ICBP,RG,8550,2,F,AK,PD,D
10:00:14,ICBP,RG,8550,3,F,AK,EP,D
10:00:13,ICBP,RG,8550,1,F,AK,CC,D
10:00:12,ICBP,RG,8575,1,D,OD,FS,D
10:00:11,ICBP,RG,8550,6,F,AK,ZP,F
10:00:06,ICBP,RG,8550,2,F,AK,PD,D
9:59:56,ICBP,RG,8550,2,F,AK,XL,D
9:59:55,ICBP,RG,8550,2,F,AK,PD,D
9:59:43,ICBP,RG,8550,2,F,AK,PD,D
9:59:32,ICBP,RG,8550,2,F,AK,PD,D
9:59:30,ICBP,RG,8550,27,F,AK,AK,F
9:59:21,ICBP,RG,8550,2,F,AK,PD,D
9:59:21,ICBP,RG,8575,29,F,KZ,FS,D
9:59:12,ICBP,RG,8575,1,F,YU,FS,D
9:59:10,ICBP,RG,8575,2,D,OD,FS,D
9:59:10,ICBP,RG,8550,2,F,AK,PD,D
9:59:01,ICBP,RG,8550,141,F,AK,PD,D
9:58:58,ICBP,RG,8550,2,F,AK,PD,D
9:58:56,ICBP,RG,8550,1,F,AK,XC,D
9:58:51,ICBP,RG,8575,14,F,KZ,FS,D
9:58:47,ICBP,RG,8550,2,F,AK,PD,D
9:58:36,ICBP,RG,8550,2,F,AK,PD,D
9:58:32,ICBP,RG,8550,1,F,AK,XC,D
9:58:25,ICBP,RG,8550,2,F,AK,PD,D
9:58:21,ICBP,RG,8575,3,F,KZ,FS,D
9:58:13,ICBP,RG,8550,2,F,AK,PD,D
9:58:12,ICBP,RG,8575,1,D,OD,FS,D
9:58:11,ICBP,RG,8575,5,F,KZ,FS,D
9:58:02,ICBP,RG,8550,2,F,AK,PD,D
9:58:01,ICBP,RG,8575,5,F,KZ,FS,D
9:57:51,ICBP,RG,8550,2,F,AK,PD,D
9:57:40,ICBP,RG,8550,2,F,AK,PD,D
9:57:28,ICBP,RG,8550,2,F,AK,PD,D
9:57:17,ICBP,RG,8550,2,F,AK,PD,D
9:57:12,ICBP,RG,8575,2,D,OD,FS,D
9:57:06,ICBP,RG,8550,2,F,AK,PD,D
9:56:54,ICBP,RG,8550,46,F,AK,OD,D
9:56:54,ICBP,RG,8550,3,D,PD,OD,D
9:56:54,ICBP,RG,8550,4,F,KZ,OD,D
9:56:54,ICBP,RG,8550,49,F,KZ,OD,D
9:56:54,ICBP,RG,8550,13,F,KZ,OD,D
9:56:54,ICBP,RG,8550,14,F,KZ,OD,D
9:56:54,ICBP,RG,8550,76,F,CS,OD,D
9:56:54,ICBP,RG,8550,2,F,CS,PD,D
9:56:43,ICBP,RG,8575,1,D,YP,FS,D
9:56:43,ICBP,RG,8550,2,F,CS,PD,D
9:56:32,ICBP,RG,8550,2,F,CS,PD,D
9:56:21,ICBP,RG,8550,2,F,CS,PD,D
9:56:20,ICBP,RG,8550,39,F,CS,CC,D
9:56:20,ICBP,RG,8550,10,D,CP,CC,D
9:56:20,ICBP,RG,8550,6,F,KZ,CC,D
9:56:20,ICBP,RG,8550,1,F,KZ,CC,D
9:56:20,ICBP,RG,8550,1,F,KZ,CC,D
9:56:20,ICBP,RG,8550,1,D,PD,CC,D
9:56:20,ICBP,RG,8550,1,D,CC,CC,D
9:56:20,ICBP,RG,8550,1,F,KZ,CC,D
9:56:20,ICBP,RG,8550,3,D,PD,CC,D
9:56:20,ICBP,RG,8550,3,F,KZ,CC,D
9:56:20,ICBP,RG,8550,3,F,KZ,CC,D
9:56:20,ICBP,RG,8550,8,F,KZ,CC,D
9:56:20,ICBP,RG,8550,11,F,KZ,CC,D
9:56:20,ICBP,RG,8550,7,F,KZ,CC,D
9:56:20,ICBP,RG,8550,85,F,KZ,CC,D
9:56:20,ICBP,RG,8550,20,D,DR,CC,D
9:56:14,ICBP,RG,8575,1,D,OD,FS,D
9:56:09,ICBP,RG,8550,2,D,DR,PD,D
9:55:58,ICBP,RG,8550,2,D,DR,PD,D
9:55:47,ICBP,RG,8550,2,D,DR,PD,D
9:55:36,ICBP,RG,8550,2,D,DR,PD,D
9:55:24,ICBP,RG,8550,2,D,DR,PD,D
9:55:16,ICBP,RG,8575,2,D,OD,FS,D
9:55:13,ICBP,RG,8550,2,D,DR,PD,D
9:55:02,ICBP,RG,8550,2,D,DR,PD,D
9:54:51,ICBP,RG,8550,2,D,DR,PD,D
9:54:39,ICBP,RG,8550,2,D,DR,PD,D
9:54:28,ICBP,RG,8550,2,D,DR,PD,D
9:54:17,ICBP,RG,8550,2,D,DR,PD,D
9:54:14,ICBP,RG,8575,2,D,OD,FS,D
9:54:05,ICBP,RG,8550,2,D,DR,PD,D
9:53:54,ICBP,RG,8550,2,D,DR,PD,D
9:53:43,ICBP,RG,8550,2,D,DR,PD,D
9:53:41,ICBP,RG,8575,9,F,KZ,FS,D
9:53:41,ICBP,RG,8575,19,F,KZ,FS,D
9:53:41,ICBP,RG,8575,3,F,KZ,FS,D
9:53:39,ICBP,RG,8550,4,D,DR,YP,D
9:53:34,ICBP,RG,8550,25,D,DR,XA,D
9:53:32,ICBP,RG,8550,2,D,DR,PD,D
9:53:20,ICBP,RG,8550,2,D,DR,PD,D
9:53:18,ICBP,RG,8550,1,D,DR,NI,D
9:53:12,ICBP,RG,8575,1,D,OD,FS,D
9:53:12,ICBP,RG,8550,6,D,DR,DH,D
9:53:09,ICBP,RG,8550,2,D,DR,PD,D
9:53:01,ICBP,RG,8575,81,F,KZ,FS,D
9:53:01,ICBP,RG,8575,2,F,KZ,FS,D
9:53:01,ICBP,RG,8575,4,F,KZ,FS,D
9:53:01,ICBP,RG,8575,4,F,KZ,FS,D
9:52:58,ICBP,RG,8550,2,D,DR,PD,D
9:52:51,ICBP,RG,8575,46,F,KZ,FS,D
9:52:51,ICBP,RG,8575,5,F,KZ,PD,D
9:52:51,ICBP,RG,8575,12,F,KZ,AK,F
9:52:51,ICBP,RG,8575,4,F,KZ,AK,F
9:52:51,ICBP,RG,8575,12,F,KZ,AK,F
9:52:51,ICBP,RG,8575,20,F,KZ,AK,F
9:52:47,ICBP,RG,8550,2,D,DR,PD,D
9:52:42,ICBP,RG,8575,87,F,AK,AK,F
9:52:41,ICBP,RG,8575,26,D,PD,AK,F
9:52:41,ICBP,RG,8575,100,D,PD,LG,D
9:52:41,ICBP,RG,8575,12,D,PD,DR,D
9:52:41,ICBP,RG,8575,2,D,PD,AT,D
9:52:41,ICBP,RG,8575,31,D,PD,AK,F
9:52:41,ICBP,RG,8575,43,D,PD,AK,F
9:52:41,ICBP,RG,8575,2,D,PD,PD,D
9:52:41,ICBP,RG,8575,26,D,PD,XL,D
9:52:41,ICBP,RG,8575,169,D,PD,YU,F
9:52:41,ICBP,RG,8575,1,D,PD,YP,D
9:52:41,ICBP,RG,8575,10,D,PD,CC,D
9:52:41,ICBP,RG,8575,33,D,PD,AK,F
9:52:41,ICBP,RG,8575,45,D,PD,OD,D
9:52:35,ICBP,RG,8550,2,D,DR,PD,D
9:52:24,ICBP,RG,8550,2,D,DR,PD,D
9:52:18,ICBP,RG,8550,1,D,DR,DH,D
9:52:13,ICBP,RG,8550,2,D,DR,PD,D
9:52:12,ICBP,RG,8575,2,D,OD,OD,D
9:52:07,ICBP,RG,8550,30,D,DR,YP,D
9:52:01,ICBP,RG,8550,2,D,DR,PD,D
9:51:50,ICBP,RG,8550,2,D,DR,PD,D
9:51:46,ICBP,RG,8550,3,D,DR,YP,D
9:51:39,ICBP,RG,8550,2,D,DR,PD,D
9:51:31,ICBP,RG,8550,50,D,DR,OD,D
9:51:28,ICBP,RG,8550,2,D,DR,PD,D
9:51:16,ICBP,RG,8550,2,D,DR,PD,D
9:51:12,ICBP,RG,8575,1,D,OD,OD,D
9:51:05,ICBP,RG,8550,2,D,DR,PD,D
9:51:00,ICBP,RG,8550,4,D,DR,AK,F
9:51:00,ICBP,RG,8550,2,F,KZ,AK,F
9:51:00,ICBP,RG,8550,3,F,KZ,AK,F
9:51:00,ICBP,RG,8550,4,F,KZ,AK,F
9:51:00,ICBP,RG,8550,11,F,KZ,AK,F
9:51:00,ICBP,RG,8550,5,F,KZ,AK,F
9:50:54,ICBP,RG,8550,2,F,KZ,PD,D
9:50:43,ICBP,RG,8550,2,F,KZ,PD,D
9:50:38,ICBP,RG,8550,7,F,KZ,YP,D
9:50:21,ICBP,RG,8575,2,F,KZ,OD,D
9:50:21,ICBP,RG,8575,2,F,KZ,PD,D
9:50:21,ICBP,RG,8575,8,F,KZ,BB,D
9:50:20,ICBP,RG,8550,2,F,KZ,PD,D
9:50:14,ICBP,RG,8575,1,D,OD,BB,D
9:50:14,ICBP,RG,8575,1,D,OD,GR,D
9:50:10,ICBP,RG,8575,2,D,XL,GR,D
9:50:10,ICBP,RG,8575,1,D,XL,IF,D
9:50:09,ICBP,RG,8550,2,F,KZ,PD,D
9:49:58,ICBP,RG,8550,2,F,KZ,PD,D
9:49:46,ICBP,RG,8550,2,F,KZ,PD,D
9:49:35,ICBP,RG,8550,2,F,KZ,PD,D
9:49:24,ICBP,RG,8550,2,F,KZ,PD,D
9:49:16,ICBP,RG,8575,1,D,OD,IF,D
9:49:16,ICBP,RG,8550,1,F,KZ,YP,D
9:49:12,ICBP,RG,8550,2,F,KZ,PD,D
9:49:10,ICBP,RG,8550,3,F,KZ,TP,D
9:49:01,ICBP,RG,8550,2,F,KZ,PD,D
9:48:50,ICBP,RG,8550,2,F,KZ,PD,D
9:48:47,ICBP,RG,8550,6,F,KZ,PD,D
9:48:47,ICBP,RG,8550,83,F,KZ,PD,D
9:48:47,ICBP,RG,8550,10,D,YP,PD,D
9:48:47,ICBP,RG,8550,1,D,PD,PD,D
9:48:47,ICBP,RG,8550,1,D,EP,PD,D
9:48:47,ICBP,RG,8550,1,D,PD,PD,D
9:48:47,ICBP,RG,8550,1,F,YU,PD,D
9:48:47,ICBP,RG,8550,5,F,KZ,PD,D
9:48:47,ICBP,RG,8550,5,F,KZ,PD,D
9:48:47,ICBP,RG,8550,10,F,KZ,PD,D
9:48:47,ICBP,RG,8550,57,F,KZ,PD,D
9:48:47,ICBP,RG,8550,3,F,YU,PD,D
9:48:47,ICBP,RG,8550,28,F,YU,PD,D
9:48:39,ICBP,RG,8550,2,F,YU,PD,D
9:48:32,ICBP,RG,8550,8,F,YU,XC,D
9:48:27,ICBP,RG,8550,2,F,YU,PD,D
9:48:22,ICBP,RG,8550,28,F,YU,AK,F
9:48:18,ICBP,RG,8575,2,D,OD,IF,D
9:48:18,ICBP,RG,8550,3,F,YU,BQ,D
9:48:16,ICBP,RG,8550,2,F,YU,PD,D
9:48:16,ICBP,RG,8550,1,F,YU,KK,D
9:48:15,ICBP,RG,8550,31,F,YU,AK,F
9:48:05,ICBP,RG,8550,2,F,YU,PD,D
9:47:58,ICBP,RG,8550,8,F,YU,BB,D
9:47:54,ICBP,RG,8550,2,F,YU,YP,D
9:47:54,ICBP,RG,8550,2,F,YU,PD,D
9:47:42,ICBP,RG,8550,2,F,YU,PD,D
9:47:31,ICBP,RG,8550,2,F,YU,PD,D
9:47:20,ICBP,RG,8550,2,F,YU,PD,D
9:47:16,ICBP,RG,8575,1,D,OD,IF,D
9:47:09,ICBP,RG,8550,2,F,YU,PD,D
9:46:57,ICBP,RG,8550,2,F,YU,PD,D
9:46:54,ICBP,RG,8550,10,F,YU,YP,D
9:46:46,ICBP,RG,8550,2,F,YU,PD,D
9:46:36,ICBP,RG,8550,10,F,KZ,CC,D
9:46:35,ICBP,RG,8550,2,F,KZ,PD,D
9:46:23,ICBP,RG,8550,2,F,KZ,PD,D
9:46:14,ICBP,RG,8575,2,D,OD,IF,D
9:46:12,ICBP,RG,8550,2,F,KZ,PD,D
9:46:01,ICBP,RG,8550,2,F,KZ,PD,D
9:45:56,ICBP,RG,8550,1,F,KZ,CC,D
9:45:50,ICBP,RG,8550,2,F,KZ,PD,D
9:45:38,ICBP,RG,8550,2,F,KZ,PD,D
9:45:27,ICBP,RG,8550,2,F,KZ,PD,D
9:45:21,ICBP,RG,8550,2,F,KZ,XC,D
9:45:21,ICBP,RG,8550,10,F,KZ,PD,D
9:45:21,ICBP,RG,8550,43,F,KZ,PD,D
9:45:21,ICBP,RG,8550,1,D,XL,PD,D
9:45:21,ICBP,RG,8550,5,D,NI,PD,D
9:45:21,ICBP,RG,8550,11,F,CS,PD,D
9:45:16,ICBP,RG,8550,2,F,CS,PD,D
9:45:14,ICBP,RG,8575,2,D,OD,IF,D
9:45:05,ICBP,RG,8550,70,F,CS,PD,D
9:45:05,ICBP,RG,8550,2,F,CS,PD,D
9:44:53,ICBP,RG,8550,2,F,CS,PD,D
9:44:53,ICBP,RG,8550,64,F,CS,PD,D
9:44:53,ICBP,RG,8550,6,F,CS,PD,D
9:44:42,ICBP,RG,8550,2,F,CS,PD,D
9:44:31,ICBP,RG,8550,2,F,CS,PD,D
9:44:20,ICBP,RG,8550,2,F,CS,PD,D
9:44:14,ICBP,RG,8575,2,D,OD,IF,D
9:44:08,ICBP,RG,8550,2,F,CS,PD,D
9:43:57,ICBP,RG,8550,2,F,CS,PD,D
9:43:47,ICBP,RG,8550,40,F,CS,AK,F
9:43:46,ICBP,RG,8550,2,F,CS,PD,D
9:43:35,ICBP,RG,8550,16,F,CS,XL,D
9:43:34,ICBP,RG,8550,2,F,CS,PD,D
9:43:23,ICBP,RG,8550,2,F,CS,PD,D
9:43:14,ICBP,RG,8575,2,D,OD,IF,D
9:43:12,ICBP,RG,8550,2,F,CS,PD,D
9:43:01,ICBP,RG,8550,2,F,CS,PD,D
9:42:49,ICBP,RG,8550,2,F,CS,PD,D
9:42:38,ICBP,RG,8550,2,F,CS,PD,D
9:42:32,ICBP,RG,8550,7,F,CS,BB,D
9:42:30,ICBP,RG,8575,2,D,PD,IF,D
9:42:27,ICBP,RG,8550,10,F,CS,TP,D
9:42:27,ICBP,RG,8550,2,F,CS,PD,D
9:42:24,ICBP,RG,8550,47,F,CS,OD,D
9:42:24,ICBP,RG,8550,1,F,AK,OD,D
9:42:24,ICBP,RG,8550,2,F,KZ,OD,D
9:42:24,ICBP,RG,8550,5,D,PD,OD,D
9:42:24,ICBP,RG,8550,1,F,KZ,OD,D
9:42:24,ICBP,RG,8550,1,D,CC,OD,D
9:42:24,ICBP,RG,8550,1,F,KZ,OD,D
9:42:24,ICBP,RG,8550,22,F,KZ,OD,D
9:42:24,ICBP,RG,8550,1,F,KZ,OD,D
9:42:24,ICBP,RG,8550,19,F,KZ,OD,D
9:42:16,ICBP,RG,8550,2,F,KZ,PD,D
9:42:14,ICBP,RG,8575,1,D,OD,IF,D
9:42:14,ICBP,RG,8575,2,D,OD,YP,D
9:42:04,ICBP,RG,8550,2,F,KZ,PD,D
9:41:56,ICBP,RG,8550,2,F,KZ,PD,D
9:41:53,ICBP,RG,8550,2,F,KZ,PD,D
9:41:49,ICBP,RG,8550,6,F,KZ,CC,D
9:41:44,ICBP,RG,8550,83,F,KZ,SQ,D
9:41:44,ICBP,RG,8550,1,D,XC,SQ,D
9:41:44,ICBP,RG,8550,4,D,PD,SQ,D
9:41:44,ICBP,RG,8550,2,D,AZ,SQ,D
9:41:44,ICBP,RG,8550,1,D,NI,SQ,D
9:41:44,ICBP,RG,8550,1,D,PD,SQ,D
9:41:44,ICBP,RG,8550,6,D,GR,SQ,D
9:41:44,ICBP,RG,8550,4,F,KZ,SQ,D
9:41:44,ICBP,RG,8550,1,F,AK,SQ,D
9:41:44,ICBP,RG,8550,5,F,KZ,SQ,D
9:41:44,ICBP,RG,8550,6,F,KZ,SQ,D
9:41:44,ICBP,RG,8550,12,F,KZ,SQ,D
9:41:44,ICBP,RG,8550,16,F,KZ,SQ,D
9:41:44,ICBP,RG,8550,2,F,KZ,SQ,D
9:41:44,ICBP,RG,8550,1,F,KZ,SQ,D
9:41:44,ICBP,RG,8550,2,F,KZ,SQ,D
9:41:44,ICBP,RG,8550,1,F,KZ,SQ,D
9:41:44,ICBP,RG,8550,9,F,KZ,SQ,D
9:41:44,ICBP,RG,8550,1,D,AR,SQ,D
9:41:44,ICBP,RG,8550,1,F,KZ,SQ,D
9:41:42,ICBP,RG,8550,2,F,KZ,PD,D
9:41:31,ICBP,RG,8550,2,F,KZ,PD,D
9:41:19,ICBP,RG,8550,1,F,KZ,PD,D
9:41:19,ICBP,RG,8550,1,F,KZ,PD,D
9:41:14,ICBP,RG,8575,1,D,OD,YP,D
9:41:14,ICBP,RG,8575,1,D,OD,AK,F
9:41:12,ICBP,RG,8550,9,F,KZ,PD,D
9:41:12,ICBP,RG,8550,16,F,KZ,PD,D
9:41:08,ICBP,RG,8550,2,F,KZ,PD,D
9:41:02,ICBP,RG,8550,30,F,KZ,YP,D
9:40:57,ICBP,RG,8550,2,F,KZ,PD,D
9:40:45,ICBP,RG,8550,2,F,KZ,PD,D
9:40:34,ICBP,RG,8550,2,F,KZ,PD,D
9:40:23,ICBP,RG,8550,2,F,KZ,PD,D
9:40:21,ICBP,RG,8575,1,F,KZ,AK,F
9:40:18,ICBP,RG,8550,8,F,KZ,CS,F
9:40:18,ICBP,RG,8550,47,D,CC,CS,F
9:40:16,ICBP,RG,8575,2,D,OD,AK,F
9:40:14,ICBP,RG,8550,1,D,CC,EP,D
9:40:12,ICBP,RG,8550,2,D,CC,PD,D
9:40:00,ICBP,RG,8550,2,D,CC,PD,D
9:39:56,ICBP,RG,8550,10,D,CC,KK,D
9:39:49,ICBP,RG,8550,2,D,CC,PD,D
9:39:46,ICBP,RG,8550,36,D,CC,LG,D
9:39:46,ICBP,RG,8550,2,F,KZ,LG,D
9:39:46,ICBP,RG,8550,2,F,YU,LG,D
9:39:46,ICBP,RG,8550,5,D,YP,LG,D
9:39:46,ICBP,RG,8550,26,F,YU,LG,D
9:39:46,ICBP,RG,8550,2,F,KZ,LG,D
9:39:46,ICBP,RG,8550,2,F,KZ,LG,D
9:39:46,ICBP,RG,8550,5,F,KZ,LG,D
9:39:46,ICBP,RG,8550,10,D,AZ,LG,D
9:39:46,ICBP,RG,8550,10,F,KZ,LG,D
9:39:45,ICBP,RG,8550,1,F,KZ,DH,D
9:39:41,ICBP,RG,8550,8,F,KZ,LG,D
9:39:41,ICBP,RG,8550,17,F,KZ,LG,D
9:39:41,ICBP,RG,8550,40,F,KZ,LG,D
9:39:41,ICBP,RG,8550,35,F,KZ,LG,D
9:39:38,ICBP,RG,8550,2,F,KZ,PD,D
9:39:27,ICBP,RG,8550,2,F,KZ,PD,D
9:39:15,ICBP,RG,8550,2,F,KZ,PD,D
9:39:14,ICBP,RG,8575,3,D,OD,AK,F
9:39:14,ICBP,RG,8550,1,F,KZ,PD,D
9:39:14,ICBP,RG,8550,1,F,KZ,PD,D
9:39:11,ICBP,RG,8550,1,F,KZ,SQ,D
9:39:04,ICBP,RG,8550,2,F,KZ,PD,D
9:38:53,ICBP,RG,8550,2,F,KZ,PD,D
9:38:51,ICBP,RG,8550,8,F,KZ,ZP,F
9:38:48,ICBP,RG,8550,93,F,KZ,CS,F
9:38:41,ICBP,RG,8550,2,F,KZ,PD,D
9:38:36,ICBP,RG,8550,5,F,KZ,AZ,D
9:38:30,ICBP,RG,8550,2,F,KZ,PD,D
9:38:24,ICBP,RG,8550,11,F,KZ,XL,D
9:38:19,ICBP,RG,8550,2,F,KZ,PD,D
9:38:17,ICBP,RG,8550,2,F,KZ,PD,D
9:38:16,ICBP,RG,8550,4,F,KZ,SQ,D
9:38:16,ICBP,RG,8575,2,D,OD,AK,F
9:38:08,ICBP,RG,8550,2,F,KZ,PD,D
9:37:56,ICBP,RG,8550,2,F,KZ,PD,D
9:37:45,ICBP,RG,8550,2,F,KZ,PD,D
9:37:34,ICBP,RG,8550,2,F,KZ,PD,D
9:37:23,ICBP,RG,8550,2,F,KZ,PD,D
9:37:14,ICBP,RG,8575,2,D,OD,AK,F
9:37:11,ICBP,RG,8550,2,F,KZ,PD,D
9:37:08,ICBP,RG,8550,5,F,KZ,BB,D
9:37:06,ICBP,RG,8575,1,D,AZ,AK,F
9:37:00,ICBP,RG,8550,2,F,KZ,PD,D
9:36:49,ICBP,RG,8550,2,F,KZ,PD,D
9:36:38,ICBP,RG,8550,2,F,KZ,PD,D
9:36:35,ICBP,RG,8550,15,F,KZ,NI,D
9:36:35,ICBP,RG,8550,19,F,YU,NI,D
9:36:32,ICBP,RG,8575,21,F,KZ,AK,F
9:36:32,ICBP,RG,8575,21,F,KZ,AK,F
9:36:31,ICBP,RG,8575,1,F,KZ,AK,F
9:36:31,ICBP,RG,8575,7,F,KZ,AK,F
9:36:31,ICBP,RG,8575,2,F,KZ,AK,F
9:36:31,ICBP,RG,8575,8,F,KZ,AK,F
9:36:29,ICBP,RG,8550,1,F,YU,XC,D
9:36:26,ICBP,RG,8550,2,F,YU,PD,D
9:36:21,ICBP,RG,8550,99,F,YU,CS,F
9:36:16,ICBP,RG,8575,2,D,OD,AK,F
9:36:15,ICBP,RG,8550,2,F,YU,PD,D
9:36:04,ICBP,RG,8550,2,F,YU,PD,D
9:35:53,ICBP,RG,8550,10,F,YU,YP,D
9:35:52,ICBP,RG,8550,2,F,YU,PD,D
9:35:41,ICBP,RG,8550,2,F,YU,PD,D
9:35:30,ICBP,RG,8550,2,F,YU,PD,D
9:35:23,ICBP,RG,8550,2,F,YU,PD,D
9:35:19,ICBP,RG,8550,2,F,YU,PD,D
9:35:16,ICBP,RG,8575,2,D,OD,AK,F
9:35:07,ICBP,RG,8550,2,F,YU,PD,D
9:35:00,ICBP,RG,8550,2,F,YU,PD,D
9:34:56,ICBP,RG,8550,2,F,YU,PD,D
9:34:45,ICBP,RG,8550,2,F,YU,PD,D
9:34:38,ICBP,RG,8550,1,F,YU,XL,D
9:34:37,ICBP,RG,8550,2,F,YU,PD,D
9:34:34,ICBP,RG,8550,2,F,YU,PD,D
9:34:22,ICBP,RG,8550,2,F,YU,PD,D
9:34:21,ICBP,RG,8575,5,F,KZ,AK,F
9:34:21,ICBP,RG,8575,15,F,KZ,AK,F
9:34:21,ICBP,RG,8575,1,F,KZ,CC,F
9:34:21,ICBP,RG,8575,15,F,KZ,LG,D
9:34:14,ICBP,RG,8550,2,F,YU,PD,D
9:34:11,ICBP,RG,8550,2,F,YU,PD,D
9:34:11,ICBP,RG,8575,14,F,KZ,LG,D
9:34:11,ICBP,RG,8575,2,F,KZ,LG,D
9:34:08,ICBP,RG,8550,68,F,YU,CS,F
9:34:03,ICBP,RG,8550,19,F,YU,CC,D
9:34:00,ICBP,RG,8550,2,F,YU,PD,D
9:33:55,ICBP,RG,8575,1,D,XC,LG,D
9:33:52,ICBP,RG,8550,2,F,YU,PD,D
9:33:49,ICBP,RG,8550,2,F,YU,PD,D
9:33:41,ICBP,RG,8575,2,F,KZ,LG,D
9:33:41,ICBP,RG,8575,19,F,KZ,LG,D
9:33:37,ICBP,RG,8550,13,F,YU,PD,D
9:33:37,ICBP,RG,8550,2,F,YU,PD,D
9:33:29,ICBP,RG,8550,2,F,YU,PD,D
9:33:26,ICBP,RG,8550,2,F,YU,PD,D
9:33:15,ICBP,RG,8550,2,F,YU,PD,D
9:33:06,ICBP,RG,8550,2,F,YU,PD,D
9:33:03,ICBP,RG,8550,2,F,YU,PD,D
9:32:52,ICBP,RG,8550,2,F,YU,PD,D
9:32:51,ICBP,RG,8550,5,F,YU,YP,D
9:32:44,ICBP,RG,8550,2,F,YU,PD,D
9:32:41,ICBP,RG,8550,2,F,YU,PD,D
9:32:41,ICBP,RG,8575,6,F,KZ,LG,D
9:32:41,ICBP,RG,8575,14,F,KZ,LG,D
9:32:37,ICBP,RG,8550,19,F,YU,CS,F
9:32:37,ICBP,RG,8550,4,D,DH,CS,F
9:32:37,ICBP,RG,8550,1,D,PD,CS,F
9:32:37,ICBP,RG,8550,29,F,AK,CS,F
9:32:35,ICBP,RG,8575,27,F,KZ,LG,D
9:32:35,ICBP,RG,8575,8,F,KZ,AK,F
9:32:34,ICBP,RG,8575,25,F,YU,AK,F
9:32:34,ICBP,RG,8575,15,F,YU,ZP,F
9:32:34,ICBP,RG,8575,86,F,YU,LG,D
9:32:30,ICBP,RG,8550,2,F,AK,PD,D
9:32:27,ICBP,RG,8550,5,F,AK,KK,D
9:32:21,ICBP,RG,8550,1,F,AK,PD,D
9:32:16,ICBP,RG,8550,1,F,AK,CC,D
9:32:15,ICBP,RG,8575,14,D,PD,LG,D
9:32:15,ICBP,RG,8575,2,D,PD,BB,D
9:32:15,ICBP,RG,8575,2,D,PD,PD,D
9:32:15,ICBP,RG,8575,1,D,PD,PD,D
9:32:15,ICBP,RG,8575,2,D,PD,PD,D
9:32:09,ICBP,RG,8550,50,F,AK,OD,D
9:32:07,ICBP,RG,8550,2,F,AK,PD,D
9:31:58,ICBP,RG,8550,2,F,AK,PD,D
9:31:56,ICBP,RG,8550,2,F,AK,PD,D
9:31:45,ICBP,RG,8550,2,F,AK,PD,D
9:31:44,ICBP,RG,8550,7,F,AK,BB,D
9:31:35,ICBP,RG,8550,2,F,AK,PD,D
9:31:33,ICBP,RG,8550,2,F,AK,PD,D
9:31:22,ICBP,RG,8550,2,F,AK,PD,D
9:31:21,ICBP,RG,8550,37,F,AK,CS,F
9:31:13,ICBP,RG,8550,2,F,AK,PD,D
9:31:12,ICBP,RG,8550,3,F,AK,YP,D
9:31:11,ICBP,RG,8550,2,F,AK,PD,D
9:31:00,ICBP,RG,8550,2,F,AK,PD,D
9:30:59,ICBP,RG,8550,10,F,AK,PD,D
9:30:50,ICBP,RG,8550,1,F,AK,PD,D
9:30:49,ICBP,RG,8550,19,F,AK,PD,D
9:30:49,ICBP,RG,8550,1,D,PD,PD,D
9:30:49,ICBP,RG,8550,1,D,CC,PD,D
9:30:49,ICBP,RG,8550,3,D,YP,PD,D
9:30:49,ICBP,RG,8550,1,D,PD,PD,D
9:30:49,ICBP,RG,8550,1,F,YU,PD,D
9:30:49,ICBP,RG,8550,1,D,CC,PD,D
9:30:49,ICBP,RG,8550,4,D,KK,PD,D
9:30:49,ICBP,RG,8550,10,F,YU,PD,D
9:30:49,ICBP,RG,8550,1,D,KK,PD,D
9:30:49,ICBP,RG,8550,1,D,KK,PD,D
9:30:49,ICBP,RG,8550,1,D,KK,PD,D
9:30:49,ICBP,RG,8550,1,D,NI,PD,D
9:30:49,ICBP,RG,8550,2,D,XC,PD,D
9:30:49,ICBP,RG,8550,5,D,XL,PD,D
9:30:49,ICBP,RG,8550,7,D,XL,PD,D
9:30:49,ICBP,RG,8550,1,D,DH,PD,D
9:30:49,ICBP,RG,8550,1,D,PD,PD,D
9:30:49,ICBP,RG,8550,1,D,YP,PD,D
9:30:49,ICBP,RG,8550,3,D,EP,PD,D
9:30:49,ICBP,RG,8550,2,D,YP,PD,D
9:30:49,ICBP,RG,8550,1,F,KZ,PD,D
9:30:49,ICBP,RG,8550,2,F,KZ,PD,D
9:30:49,ICBP,RG,8550,23,F,KZ,PD,D
9:30:49,ICBP,RG,8550,7,F,KZ,PD,D
9:30:48,ICBP,RG,8550,1,D,OD,PD,D
9:30:48,ICBP,RG,8550,1,D,PD,PD,D
9:30:37,ICBP,RG,8550,2,D,PD,PD,D
9:30:28,ICBP,RG,8550,4,D,YP,YP,D
9:30:28,ICBP,RG,8550,1,D,YP,PD,D
9:30:28,ICBP,RG,8550,1,D,PD,PD,D
9:30:28,ICBP,RG,8550,1,D,XC,PD,D
9:30:27,ICBP,RG,8575,1,D,YP,PD,D
9:30:27,ICBP,RG,8550,2,D,NI,PD,D
9:30:26,ICBP,RG,8575,26,F,KZ,BK,F
9:30:26,ICBP,RG,8575,116,F,YU,BK,F
9:30:26,ICBP,RG,8575,182,F,KZ,BK,F
9:30:26,ICBP,RG,8575,1,D,CC,BK,F
9:30:26,ICBP,RG,8575,1,D,YP,BK,F
9:30:26,ICBP,RG,8575,1,F,KZ,BK,F
9:30:26,ICBP,RG,8575,5,D,CC,BK,F
9:30:26,ICBP,RG,8575,4,F,KZ,BK,F
9:30:26,ICBP,RG,8575,10,F,KZ,BK,F
9:30:26,ICBP,RG,8575,25,F,CS,BK,F
9:30:26,ICBP,RG,8575,2,F,CS,PD,D
9:30:26,ICBP,RG,8575,59,F,CS,LG,D
9:30:26,ICBP,RG,8575,2,D,EP,LG,D
9:30:26,ICBP,RG,8575,20,F,KZ,LG,D
9:30:26,ICBP,RG,8575,1,D,CC,LG,D
9:30:26,ICBP,RG,8575,7,D,XC,LG,D
9:30:26,ICBP,RG,8575,8,F,KZ,LG,D
9:30:26,ICBP,RG,8575,3,D,YP,LG,D
9:30:25,ICBP,RG,8575,17,D,YP,LG,D
9:30:25,ICBP,RG,8575,2,D,YP,LG,D
9:30:25,ICBP,RG,8575,3,F,KZ,LG,D
9:30:25,ICBP,RG,8575,78,F,CS,LG,D
9:30:22,ICBP,RG,8575,89,F,CS,LG,D
9:30:22,ICBP,RG,8575,1,F,KZ,LG,D
9:30:22,ICBP,RG,8575,3,F,KZ,LG,D
9:30:22,ICBP,RG,8575,7,F,KZ,LG,D
9:30:22,ICBP,RG,8575,34,F,KZ,AK,F
9:30:22,ICBP,RG,8575,2,D,XC,AK,F
9:30:22,ICBP,RG,8575,10,F,KZ,AK,F
9:30:20,ICBP,RG,8575,87,F,KZ,CS,F
9:30:20,ICBP,RG,8575,2,F,KZ,CS,F
9:30:20,ICBP,RG,8575,122,F,KZ,CS,F
9:30:20,ICBP,RG,8575,100,F,KZ,LG,D
9:30:19,ICBP,RG,8575,3,F,KZ,CS,F
9:30:19,ICBP,RG,8575,100,F,KZ,LG,D
9:30:15,ICBP,RG,8575,7,F,KZ,PD,D
9:30:14,ICBP,RG,8575,2,F,KZ,PD,D
9:30:12,ICBP,RG,8575,21,F,KZ,BK,F
9:30:12,ICBP,RG,8575,1,F,AK,BK,F
9:30:12,ICBP,RG,8575,5,F,KZ,BK,F
9:30:12,ICBP,RG,8575,3,D,XL,BK,F
9:30:12,ICBP,RG,8575,10,D,OD,BK,F
9:30:12,ICBP,RG,8575,45,F,KZ,BK,F
9:30:12,ICBP,RG,8575,21,F,KZ,BK,F
9:30:12,ICBP,RG,8575,1,D,CC,BK,F
9:30:12,ICBP,RG,8575,117,F,YU,BK,F
9:30:12,ICBP,RG,8575,231,F,AK,BK,F
9:30:12,ICBP,RG,8575,2,D,EP,BK,F
9:30:12,ICBP,RG,8575,2,D,AZ,BK,F
9:30:12,ICBP,RG,8575,1,D,KK,BK,F
9:30:12,ICBP,RG,8575,40,D,NI,BK,F
9:30:12,ICBP,RG,8575,60,D,NI,CS,F
9:30:12,ICBP,RG,8575,2,D,PD,CS,F
9:30:12,ICBP,RG,8575,1,D,PD,CS,F
9:30:12,ICBP,RG,8575,1,D,KK,CS,F
9:30:12,ICBP,RG,8575,1,D,CC,CS,F
9:30:12,ICBP,RG,8575,1,D,NI,CS,F
9:30:12,ICBP,RG,8575,1,D,CC,CS,F
9:30:12,ICBP,RG,8575,5,D,AZ,CS,F
9:30:12,ICBP,RG,8575,4,D,XL,CS,F
9:30:12,ICBP,RG,8575,1,D,XC,CS,F
9:30:12,ICBP,RG,8575,1,D,AT,CS,F
9:30:12,ICBP,RG,8575,2,D,PD,CS,F
9:30:12,ICBP,RG,8575,5,D,LG,CS,F
9:30:11,ICBP,RG,8575,7,D,LG,BK,F
9:30:11,ICBP,RG,8575,1,D,PD,BK,F
9:30:11,ICBP,RG,8575,8,D,YP,BK,F
9:30:11,ICBP,RG,8575,100,D,CC,BK,F
9:30:11,ICBP,RG,8575,2,D,DH,BK,F
9:30:11,ICBP,RG,8575,12,D,LG,BK,F
9:30:11,ICBP,RG,8575,370,D,YP,BK,F
9:30:10,ICBP,RG,8575,39,D,YP,XL,D
9:30:05,ICBP,RG,8575,2,D,YP,PD,D
9:30:03,ICBP,RG,8575,2,D,YP,PD,D
9:29:52,ICBP,RG,8575,2,D,YP,PD,D
9:29:42,ICBP,RG,8575,2,D,YP,PD,D
9:29:41,ICBP,RG,8575,2,D,YP,PD,D
9:29:29,ICBP,RG,8575,2,D,YP,PD,D
9:29:19,ICBP,RG,8575,2,D,YP,PD,D
9:29:18,ICBP,RG,8575,2,D,YP,PD,D
9:29:07,ICBP,RG,8575,2,D,YP,PD,D
9:28:56,ICBP,RG,8575,2,D,YP,PD,D
9:28:56,ICBP,RG,8575,2,D,YP,PD,D
9:28:44,ICBP,RG,8575,1,D,YP,PD,D
9:28:44,ICBP,RG,8575,2,D,YP,PD,D
9:28:42,ICBP,RG,8575,24,D,YP,NI,D
9:28:34,ICBP,RG,8575,2,D,YP,PD,D
9:28:33,ICBP,RG,8575,2,D,YP,PD,D
9:28:28,ICBP,RG,8575,38,D,YP,PD,D
9:28:28,ICBP,RG,8575,1,F,KZ,PD,D
9:28:28,ICBP,RG,8575,10,D,DX,PD,D
9:28:28,ICBP,RG,8575,1,F,KZ,PD,D
9:28:28,ICBP,RG,8575,2,F,KZ,PD,D
9:28:28,ICBP,RG,8575,3,F,KZ,PD,D
9:28:28,ICBP,RG,8575,1,D,PD,PD,D
9:28:28,ICBP,RG,8575,2,D,CC,PD,D
9:28:28,ICBP,RG,8575,5,F,KZ,PD,D
9:28:28,ICBP,RG,8575,7,F,KZ,PD,D
9:28:22,ICBP,RG,8575,2,F,KZ,PD,D
9:28:19,ICBP,RG,8575,14,F,KZ,OD,D
9:28:19,ICBP,RG,8575,2,F,KZ,OD,D
9:28:19,ICBP,RG,8575,3,F,KZ,OD,D
9:28:19,ICBP,RG,8575,1,F,KZ,OD,D
9:28:13,ICBP,RG,8575,6,F,KZ,PD,D
9:28:13,ICBP,RG,8575,22,F,KZ,PD,D
9:28:13,ICBP,RG,8575,5,D,YP,PD,D
9:28:13,ICBP,RG,8575,26,F,KZ,PD,D
9:28:13,ICBP,RG,8575,11,F,KZ,PD,D
9:28:11,ICBP,RG,8575,2,F,KZ,PD,D
9:28:11,ICBP,RG,8575,2,F,KZ,PD,D
9:27:59,ICBP,RG,8575,2,F,KZ,PD,D
9:27:48,ICBP,RG,8575,2,F,KZ,PD,D
9:27:48,ICBP,RG,8575,2,F,KZ,PD,D
9:27:44,ICBP,RG,8575,3,F,KZ,XC,D
9:27:37,ICBP,RG,8575,2,F,KZ,PD,D
9:27:26,ICBP,RG,8575,2,F,KZ,PD,D
9:27:25,ICBP,RG,8575,2,F,KZ,PD,D
9:27:14,ICBP,RG,8575,2,F,KZ,PD,D
9:27:12,ICBP,RG,8575,25,F,KZ,CS,F
9:27:12,ICBP,RG,8575,10,F,KZ,CS,F
9:27:12,ICBP,RG,8575,46,F,KZ,CS,F
9:27:12,ICBP,RG,8575,11,D,NI,CS,F
9:27:12,ICBP,RG,8575,4,D,NI,CS,F
9:27:10,ICBP,RG,8575,1,D,NI,YP,D
9:27:03,ICBP,RG,8575,2,D,NI,PD,D
9:27:03,ICBP,RG,8575,2,D,NI,PD,D
9:26:52,ICBP,RG,8575,2,D,NI,PD,D
9:26:50,ICBP,RG,8575,30,D,NI,OD,D
9:26:48,ICBP,RG,8600,3,D,XL,CS,F
9:26:47,ICBP,RG,8575,7,D,NI,BB,D
9:26:40,ICBP,RG,8575,2,D,NI,PD,D
9:26:40,ICBP,RG,8575,2,D,NI,PD,D
9:26:29,ICBP,RG,8575,2,D,NI,PD,D
9:26:18,ICBP,RG,8575,2,D,NI,PD,D
9:26:17,ICBP,RG,8600,1,D,YP,CS,F
9:26:17,ICBP,RG,8600,2,D,YP,PD,D
9:26:17,ICBP,RG,8575,2,D,NI,PD,D
9:26:07,ICBP,RG,8575,2,D,NI,PD,D
9:25:55,ICBP,RG,8575,2,D,NI,PD,D
9:25:55,ICBP,RG,8575,2,D,NI,PD,D
9:25:44,ICBP,RG,8575,2,D,NI,PD,D
9:25:33,ICBP,RG,8575,2,D,NI,PD,D
9:25:32,ICBP,RG,8575,2,D,NI,PD,D
9:25:21,ICBP,RG,8575,2,D,NI,PD,D
9:25:10,ICBP,RG,8575,2,D,NI,PD,D
9:25:09,ICBP,RG,8575,2,D,NI,PD,D
9:24:59,ICBP,RG,8575,2,D,NI,PD,D
9:24:56,ICBP,RG,8575,24,D,NI,PD,D
9:24:56,ICBP,RG,8575,1,F,KZ,PD,D
9:24:56,ICBP,RG,8575,1,D,PD,PD,D
9:24:56,ICBP,RG,8575,1,F,KZ,PD,D
9:24:56,ICBP,RG,8575,1,F,KZ,PD,D
9:24:56,ICBP,RG,8575,4,F,KZ,PD,D
9:24:56,ICBP,RG,8575,1,D,YP,PD,D
9:24:53,ICBP,RG,8575,9,D,YP,YP,D
9:24:53,ICBP,RG,8575,14,F,KZ,YP,D
9:24:53,ICBP,RG,8575,2,F,KZ,YP,D
9:24:48,ICBP,RG,8575,2,F,KZ,PD,D
9:24:47,ICBP,RG,8575,2,F,KZ,PD,D
9:24:36,ICBP,RG,8575,2,F,KZ,PD,D
9:24:25,ICBP,RG,8575,2,F,KZ,PD,D
9:24:24,ICBP,RG,8575,1,F,KZ,PD,D
9:24:08,ICBP,RG,8575,5,F,KZ,PD,D
9:24:05,ICBP,RG,8600,2,D,XL,PD,D
9:24:05,ICBP,RG,8600,1,D,XL,PD,D
9:24:03,ICBP,RG,8575,2,F,KZ,PD,D
9:24:01,ICBP,RG,8575,2,F,KZ,PD,D
9:24:00,ICBP,RG,8575,1,F,KZ,NI,D
9:23:59,ICBP,RG,8575,17,F,KZ,CS,F
9:23:59,ICBP,RG,8575,25,F,KZ,CS,F
9:23:51,ICBP,RG,8575,2,F,KZ,PD,D
9:23:40,ICBP,RG,8575,2,F,KZ,PD,D
9:23:38,ICBP,RG,8575,2,F,KZ,PD,D
9:23:36,ICBP,RG,8575,1,F,KZ,PD,D
9:23:29,ICBP,RG,8575,2,F,KZ,PD,D
9:23:18,ICBP,RG,8575,2,F,KZ,PD,D
9:23:16,ICBP,RG,8575,1,F,KZ,PD,D
9:23:06,ICBP,RG,8600,1,D,PD,PD,D
9:23:06,ICBP,RG,8575,2,F,KZ,PD,D
9:22:55,ICBP,RG,8575,2,F,KZ,PD,D
9:22:53,ICBP,RG,8575,2,F,KZ,PD,D
9:22:47,ICBP,RG,8575,22,F,KZ,CS,F
9:22:44,ICBP,RG,8575,2,F,KZ,PD,D
9:22:32,ICBP,RG,8575,2,F,KZ,PD,D
9:22:30,ICBP,RG,8575,2,F,KZ,PD,D
9:22:21,ICBP,RG,8575,2,F,KZ,PD,D
9:22:10,ICBP,RG,8575,2,F,KZ,PD,D
9:22:08,ICBP,RG,8575,8,F,KZ,CS,F
9:22:08,ICBP,RG,8575,2,F,KZ,PD,D
9:21:59,ICBP,RG,8575,2,F,KZ,PD,D
9:21:53,ICBP,RG,8575,3,F,KZ,CS,F
9:21:51,ICBP,RG,8575,17,F,KZ,YP,D
9:21:47,ICBP,RG,8575,2,F,KZ,PD,D
9:21:46,ICBP,RG,8575,4,F,KZ,BB,D
9:21:45,ICBP,RG,8575,32,F,KZ,CS,F
9:21:45,ICBP,RG,8575,1,D,CC,CS,F
9:21:45,ICBP,RG,8575,8,D,CC,CS,F
9:21:45,ICBP,RG,8600,10,D,NI,BK,F
9:21:45,ICBP,RG,8600,5,D,CC,BK,F
9:21:45,ICBP,RG,8600,1,F,CC,BK,F
9:21:45,ICBP,RG,8600,116,D,YP,BK,F
9:21:45,ICBP,RG,8600,1,D,NI,BK,F
9:21:45,ICBP,RG,8600,1,D,KK,BK,F
9:21:45,ICBP,RG,8600,4,F,KZ,BK,F
9:21:45,ICBP,RG,8600,2,F,KZ,BK,F
9:21:45,ICBP,RG,8600,1,F,KZ,BK,F
9:21:45,ICBP,RG,8600,84,F,CS,BK,F
9:21:45,ICBP,RG,8600,84,F,CS,BK,F
9:21:45,ICBP,RG,8600,1,F,KZ,BK,F
9:21:45,ICBP,RG,8600,18,F,KZ,BK,F
9:21:45,ICBP,RG,8600,200,F,YP,BK,F
9:21:45,ICBP,RG,8600,3,F,KZ,BK,F
9:21:45,ICBP,RG,8600,2,F,KZ,PD,D
9:21:44,ICBP,RG,8600,15,F,KZ,BK,F
9:21:44,ICBP,RG,8600,2,F,KZ,BK,F
9:21:44,ICBP,RG,8600,1,D,AO,BK,F
9:21:44,ICBP,RG,8600,1,F,KZ,BK,F
9:21:44,ICBP,RG,8600,2,F,KZ,BK,F
9:21:44,ICBP,RG,8600,3,F,KZ,BK,F
9:21:44,ICBP,RG,8600,1,F,KZ,BK,F
9:21:44,ICBP,RG,8600,4,F,KZ,BK,F
9:21:44,ICBP,RG,8600,31,F,YU,BK,F
9:21:44,ICBP,RG,8600,19,F,AK,BK,F
9:21:44,ICBP,RG,8600,27,F,KZ,BK,F
9:21:44,ICBP,RG,8600,4,F,KZ,BK,F
9:21:44,ICBP,RG,8600,102,F,YU,BK,F
9:21:44,ICBP,RG,8600,10,F,YU,XC,D
9:21:43,ICBP,RG,8600,106,F,YU,BK,F
9:21:42,ICBP,RG,8600,89,F,YU,BK,F
9:21:42,ICBP,RG,8600,3,F,KZ,BK,F
9:21:42,ICBP,RG,8600,4,F,KZ,BK,F
9:21:42,ICBP,RG,8600,1,D,PD,BK,F
9:21:42,ICBP,RG,8600,9,F,YU,BK,F
9:21:41,ICBP,RG,8600,4,F,YU,DH,D
9:21:41,ICBP,RG,8600,15,F,YU,BK,F
9:21:41,ICBP,RG,8600,14,F,KZ,BK,F
9:21:41,ICBP,RG,8600,77,F,YU,BK,F
9:21:40,ICBP,RG,8600,6,F,YU,PD,D
9:21:36,ICBP,RG,8600,2,F,YU,PD,D
9:21:25,ICBP,RG,8600,1,F,YU,XC,D
9:21:25,ICBP,RG,8600,2,F,YU,PD,D
9:21:22,ICBP,RG,8600,2,F,YU,PD,D
9:21:14,ICBP,RG,8600,2,F,YU,PD,D
9:21:02,ICBP,RG,8600,2,F,YU,PD,D
9:20:51,ICBP,RG,8600,2,F,YU,PD,D
9:20:41,ICBP,RG,8625,19,F,YU,CS,F
9:20:41,ICBP,RG,8625,2,F,YU,PD,D
9:20:41,ICBP,RG,8625,9,F,YU,OD,D
9:20:40,ICBP,RG,8600,2,F,YU,PD,D
9:20:37,ICBP,RG,8600,2,F,YU,PD,D
9:20:29,ICBP,RG,8600,2,F,YU,PD,D
9:20:17,ICBP,RG,8600,2,F,YU,PD,D
9:20:14,ICBP,RG,8600,2,F,YU,PD,D
9:20:06,ICBP,RG,8600,2,F,YU,PD,D
9:20:03,ICBP,RG,8625,7,D,XL,OD,D
9:19:55,ICBP,RG,8600,2,F,YU,PD,D
9:19:52,ICBP,RG,8600,55,F,YU,CS,F
9:19:52,ICBP,RG,8600,8,F,KZ,CS,F
9:19:52,ICBP,RG,8600,1,F,KZ,CS,F
9:19:52,ICBP,RG,8600,2,F,KZ,CS,F
9:19:52,ICBP,RG,8600,51,F,CS,CS,F
9:19:51,ICBP,RG,8600,2,F,CS,PD,D
9:19:43,ICBP,RG,8600,2,F,CS,PD,D
9:19:33,ICBP,RG,8600,12,F,CS,YP,D
9:19:32,ICBP,RG,8600,2,F,CS,PD,D
9:19:29,ICBP,RG,8600,2,F,CS,PD,D
9:19:21,ICBP,RG,8600,2,F,CS,PD,D
9:19:10,ICBP,RG,8600,2,F,CS,PD,D
9:19:06,ICBP,RG,8600,2,F,CS,PD,D
9:18:58,ICBP,RG,8600,2,F,CS,PD,D
9:18:56,ICBP,RG,8625,13,F,YU,OD,D
9:18:47,ICBP,RG,8600,2,F,CS,PD,D
9:18:43,ICBP,RG,8600,2,F,CS,PD,D
9:18:36,ICBP,RG,8600,1,F,CS,PD,D
9:18:36,ICBP,RG,8600,1,F,CS,PD,D
9:18:25,ICBP,RG,8600,2,F,CS,PD,D
9:18:20,ICBP,RG,8600,2,F,CS,PD,D
9:18:15,ICBP,RG,8600,25,F,CS,KK,D
9:18:13,ICBP,RG,8600,2,F,CS,PD,D
9:18:02,ICBP,RG,8600,2,F,CS,PD,D
9:17:58,ICBP,RG,8600,2,F,CS,PD,D
9:17:51,ICBP,RG,8600,2,F,CS,PD,D
9:17:41,ICBP,RG,8600,3,F,CS,CC,D
9:17:40,ICBP,RG,8600,2,F,CS,PD,D
9:17:35,ICBP,RG,8600,2,F,CS,PD,D
9:17:28,ICBP,RG,8600,2,F,CS,PD,D
9:17:13,ICBP,RG,8600,2,F,CS,PD,D
9:17:12,ICBP,RG,8625,21,F,YU,OD,D
9:17:12,ICBP,RG,8625,2,F,YU,PD,D
9:17:12,ICBP,RG,8625,1,F,YU,BB,D
9:17:07,ICBP,RG,8600,2,F,CS,PD,D
9:16:55,ICBP,RG,8600,2,F,CS,PD,D
9:16:51,ICBP,RG,8600,2,F,CS,PD,D
9:16:50,ICBP,RG,8600,3,F,CS,KK,D
9:16:45,ICBP,RG,8600,1,F,CS,XC,D
9:16:44,ICBP,RG,8600,2,F,CS,PD,D
9:16:33,ICBP,RG,8600,2,F,CS,PD,D
9:16:28,ICBP,RG,8600,2,F,CS,PD,D
9:16:22,ICBP,RG,8600,2,F,CS,PD,D
9:16:10,ICBP,RG,8600,2,F,CS,PD,D
9:16:05,ICBP,RG,8600,2,F,CS,PD,D
9:15:59,ICBP,RG,8600,2,F,CS,PD,D
9:15:55,ICBP,RG,8600,11,F,CS,CC,D
9:15:48,ICBP,RG,8600,2,F,BK,PD,D
9:15:47,ICBP,RG,8600,23,F,BK,PD,D
9:15:26,ICBP,RG,8600,18,F,BK,CS,F
9:15:25,ICBP,RG,8625,2,F,AK,PD,D
9:15:25,ICBP,RG,8625,1,F,AK,NI,D
9:15:25,ICBP,RG,8625,9,F,AK,CC,D
9:15:25,ICBP,RG,8600,2,F,BK,PD,D
9:15:24,ICBP,RG,8625,11,F,YU,CC,D
9:15:24,ICBP,RG,8625,1,F,YU,BB,D
9:15:24,ICBP,RG,8625,2,F,YU,CS,F
9:15:24,ICBP,RG,8625,34,F,YU,AK,F
9:15:14,ICBP,RG,8600,2,F,BK,PD,D
9:15:03,ICBP,RG,8600,2,F,BK,PD,D
9:14:50,ICBP,RG,8625,1,F,AK,AK,F
9:14:48,ICBP,RG,8625,2,D,PD,AK,F
9:14:20,ICBP,RG,8625,3,D,YP,AK,F
9:14:20,ICBP,RG,8625,2,D,YP,XL,D
9:14:04,ICBP,RG,8600,150,F,BK,SQ,D
9:14:04,ICBP,RG,8625,1,F,AK,BB,D
9:14:04,ICBP,RG,8625,1,F,AK,XC,D
9:14:04,ICBP,RG,8625,39,F,AK,CS,F
9:14:04,ICBP,RG,8625,5,F,AK,AZ,D
9:14:04,ICBP,RG,8625,42,F,AK,AK,F
9:14:04,ICBP,RG,8625,21,F,AK,YU,D
9:13:42,ICBP,RG,8625,13,F,YU,YU,D
9:12:36,ICBP,RG,8600,1,F,BK,YU,D
9:11:56,ICBP,RG,8625,16,F,YU,YU,D
9:11:56,ICBP,RG,8625,2,F,YU,BB,D
9:11:56,ICBP,RG,8625,51,F,YU,AK,F
9:11:56,ICBP,RG,8625,3,F,YU,BQ,D
9:11:53,ICBP,RG,8600,73,F,BK,CS,F
9:11:30,ICBP,RG,8600,1,F,BK,BB,D
9:11:26,ICBP,RG,8600,4,F,BK,OD,D
9:11:21,ICBP,RG,8625,38,F,AK,BQ,D
9:11:21,ICBP,RG,8625,200,F,YP,BQ,D
9:11:17,ICBP,RG,8600,1,F,BK,NI,D
9:10:44,ICBP,RG,8600,1,F,BK,CC,D
9:10:39,ICBP,RG,8600,2,F,BK,BB,D
9:10:21,ICBP,RG,8600,7,F,BK,CS,F
