Time,Stock,Brd,Price,Qty,BT,BC,SC,ST
15:14:22,ICBP,RG,7425,35,D,EP,YP,D
15:14:05,ICBP,RG,7425,2,D,NI,YP,D
15:13:46,ICBP,RG,7425,1,D,PD,YP,D
15:13:27,ICBP,RG,7425,2,D,CC,YP,D
15:12:47,ICBP,RG,7425,1,D,PD,YP,D
15:11:59,ICBP,RG,7425,3,D,NI,YP,D
15:11:25,ICBP,RG,7425,3,D,NI,YP,D
15:10:37,ICBP,RG,7425,18,D,NI,YP,D
15:10:37,ICBP,RG,7425,3,D,NI,YP,D
15:10:37,ICBP,RG,7425,6,D,NI,YP,D
15:10:37,ICBP,RG,7425,32,D,NI,YP,D
15:10:37,ICBP,RG,7425,150,D,NI,LG,D
15:10:37,ICBP,RG,7425,2,D,NI,GR,D
15:10:37,ICBP,RG,7425,1,D,NI,NI,D
15:10:37,ICBP,RG,7425,30,D,NI,YP,D
15:10:37,ICBP,RG,7425,1,D,NI,GR,D
15:10:37,ICBP,RG,7425,5,D,NI,YP,D
15:10:37,ICBP,RG,7425,1,D,NI,NI,D
15:10:37,ICBP,RG,7425,100,D,NI,LG,D
15:10:37,ICBP,RG,7425,31,D,NI,LG,D
15:07:45,ICBP,RG,7425,1,D,XL,LG,D
15:06:50,ICBP,RG,7425,3,D,YP,LG,D
15:06:33,ICBP,RG,7425,5,D,PD,LG,D
15:06:22,ICBP,RG,7425,2,D,YP,LG,D
15:05:10,ICBP,RG,7425,10,D,NI,LG,D
15:05:02,ICBP,RG,7425,2,D,SQ,LG,D
15:04:54,ICBP,RG,7425,3,D,EP,LG,D
15:04:23,ICBP,RG,7425,2,D,SQ,LG,D
15:04:20,ICBP,RG,7425,1,D,XC,LG,D
15:04:19,ICBP,RG,7425,1,D,CC,LG,D
15:03:52,ICBP,RG,7425,5,D,DR,LG,D
15:03:27,ICBP,RG,7425,15,D,XC,LG,D
15:02:16,ICBP,RG,7425,8,D,CC,LG,D
15:02:08,ICBP,RG,7425,2,F,KZ,LG,D
15:02:07,ICBP,RG,7425,5,D,XC,LG,D
15:02:03,ICBP,RG,7425,1,F,KZ,LG,D
15:02:02,ICBP,RG,7425,1,F,KZ,LG,D
15:02:01,ICBP,RG,7425,2,D,OD,LG,D
15:02:01,ICBP,RG,7425,1,D,OD,NI,D
15:02:01,ICBP,RG,7425,1,D,OD,RG,D
15:01:57,ICBP,RG,7425,1,D,YP,RG,D
15:01:01,ICBP,RG,7425,23,D,XC,RG,D
15:01:01,ICBP,RG,7425,1,D,XC,GR,D
15:01:01,ICBP,RG,7425,26,D,XC,PD,D
15:00:00,ICBP,RG,7425,1,D,YP,PD,D
15:00:00,ICBP,RG,7425,5,D,YP,PD,D
15:00:00,ICBP,RG,7425,68,F,KZ,PD,D
15:00:00,ICBP,RG,7425,90,F,KZ,CC,F
15:00:00,ICBP,RG,7425,142,F,KZ,LG,D
15:00:00,ICBP,RG,7425,108,F,KZ,LG,D
15:00:00,ICBP,RG,7425,298,F,KZ,SQ,D
15:00:00,ICBP,RG,7425,14,D,PD,SQ,D
15:00:00,ICBP,RG,7425,1,D,KK,SQ,D
15:00:00,ICBP,RG,7425,1,D,KK,SQ,D
15:00:00,ICBP,RG,7425,5,D,CC,SQ,D
15:00:00,ICBP,RG,7425,181,F,KZ,SQ,D
15:00:00,ICBP,RG,7425,100,F,KZ,PD,D
15:00:00,ICBP,RG,7425,9,F,KZ,LG,D
15:00:00,ICBP,RG,7425,241,F,KZ,LG,D
15:00:00,ICBP,RG,7425,2,F,KZ,XC,D
15:00:00,ICBP,RG,7425,3,F,KZ,LS,D
15:00:00,ICBP,RG,7425,71,F,KZ,CC,D
15:00:00,ICBP,RG,7425,79,F,KZ,CC,D
15:00:00,ICBP,RG,7425,6,F,KZ,YP,D
15:00:00,ICBP,RG,7425,132,F,KZ,CS,F
15:00:00,ICBP,RG,7425,182,F,KZ,CS,F
15:00:00,ICBP,RG,7425,306,F,KZ,CS,F
15:00:00,ICBP,RG,7425,66,F,KZ,CS,F
15:00:00,ICBP,RG,7425,15,F,KZ,YP,D
15:00:00,ICBP,RG,7425,4,F,KZ,PD,D
15:00:00,ICBP,RG,7425,1,F,KZ,CC,D
15:00:00,ICBP,RG,7425,27,F,KZ,PD,D
15:00:00,ICBP,RG,7425,1,F,KZ,YP,D
15:00:00,ICBP,RG,7425,3,F,KZ,LS,D
15:00:00,ICBP,RG,7425,20,F,KZ,DR,D
15:00:00,ICBP,RG,7425,30,F,KZ,CC,D
15:00:00,ICBP,RG,7425,10,F,KZ,PD,D
15:00:00,ICBP,RG,7425,24,F,KZ,YP,D
15:00:00,ICBP,RG,7425,1,D,CC,YP,D
15:00:00,ICBP,RG,7425,15,D,CC,MK,D
15:00:00,ICBP,RG,7425,1,D,CC,NI,D
15:00:00,ICBP,RG,7425,3,D,CC,DR,D
15:00:00,ICBP,RG,7425,1,D,XC,DR,D
15:00:00,ICBP,RG,7425,1,D,XC,NI,D
15:00:00,ICBP,RG,7425,3,D,XC,MK,D
15:00:00,ICBP,RG,7425,1,D,YP,MK,D
15:00:00,ICBP,RG,7425,2,D,GR,MK,D
15:00:00,ICBP,RG,7425,9,D,YP,MK,D
15:00:00,ICBP,RG,7425,1,D,YP,NI,D
15:00:00,ICBP,RG,7425,6,D,YP,DR,D
15:00:00,ICBP,RG,7425,11,D,YP,PD,D
15:00:00,ICBP,RG,7425,1,D,YP,NI,D
15:00:00,ICBP,RG,7425,2,D,YP,XC,D
15:00:00,ICBP,RG,7425,8,D,YP,SQ,D
15:00:00,ICBP,RG,7425,1,D,KK,SQ,D
15:00:00,ICBP,RG,7425,1,D,YP,SQ,D
15:00:00,ICBP,RG,7425,1,D,CC,NI,D
15:00:00,ICBP,RG,7425,1,D,CC,XL,D
15:00:00,ICBP,RG,7425,2,F,YU,XL,D
15:00:00,ICBP,RG,7425,9,F,YU,NI,D
15:00:00,ICBP,RG,7425,10,F,YU,YP,D
15:00:00,ICBP,RG,7425,100,F,YU,YP,D
15:00:00,ICBP,RG,7425,3,F,YU,PD,D
15:00:00,ICBP,RG,7425,1,F,YU,YP,D
15:00:00,ICBP,RG,7425,20,F,YU,IF,D
15:00:00,ICBP,RG,7425,1,F,YU,XL,D
15:00:00,ICBP,RG,7425,3,F,YU,KK,D
15:00:00,ICBP,RG,7425,1,F,YU,PD,D
15:00:00,ICBP,RG,7425,1,F,YU,YP,D
15:00:00,ICBP,RG,7425,5,F,YU,CC,D
15:00:00,ICBP,RG,7425,1,F,YU,ZP,F
15:00:00,ICBP,RG,7425,101,F,YU,ZP,F
15:00:00,ICBP,RG,7425,284,F,YU,BK,F
15:00:00,ICBP,RG,7425,36,F,RX,BK,F
15:00:00,ICBP,RG,7425,392,F,ZP,BK,F
15:00:00,ICBP,RG,7425,3,F,ZP,BK,F
15:00:00,ICBP,RG,7425,396,F,ZP,OD,D
15:00:00,ICBP,RG,7425,46,F,RX,OD,D
15:00:00,ICBP,RG,7425,34,F,ZP,OD,D
15:00:00,ICBP,RG,7425,79,F,RX,OD,D
15:00:00,ICBP,RG,7425,367,F,AK,OD,D
15:00:00,ICBP,RG,7425,55,F,AK,YU,F
15:00:00,ICBP,RG,7425,104,F,AK,BB,D
15:00:00,ICBP,RG,7425,19,F,AK,RX,D
15:00:00,ICBP,RG,7425,18,F,AK,AK,F
15:00:00,ICBP,RG,7425,89,F,AK,AK,F
15:00:00,ICBP,RG,7425,121,F,KZ,AK,F
15:00:00,ICBP,RG,7425,943,F,KZ,SQ,D
15:00:00,ICBP,RG,7425,424,F,CS,SQ,D
15:00:00,ICBP,RG,7425,495,D,BB,SQ,D
15:00:00,ICBP,RG,7425,5,D,BB,CC,F
15:00:00,ICBP,RG,7425,50,F,ZP,CC,F
15:00:00,ICBP,RG,7425,20,F,ZP,YU,F
15:00:00,ICBP,RG,7425,30,F,ZP,YU,F
15:00:00,ICBP,RG,7425,77,F,ZP,YU,F
15:00:00,ICBP,RG,7425,82,F,ZP,YU,F
15:00:00,ICBP,RG,7425,143,F,ZP,YU,F
15:00:00,ICBP,RG,7425,127,F,ZP,YU,F
15:00:00,ICBP,RG,7425,100,F,ZP,LG,D
15:00:00,ICBP,RG,7425,29,F,ZP,YU,D
15:00:00,ICBP,RG,7425,1,F,AK,YU,D
15:00:00,ICBP,RG,7425,14,F,AK,YU,D
15:00:00,ICBP,RG,7425,42,F,ZP,YU,D
14:49:59,ICBP,RG,7400,3,F,KZ,ZP,F
14:49:58,ICBP,RG,7425,1,F,ZP,LS,D
14:49:56,ICBP,RG,7400,18,F,KZ,YU,F
14:49:54,ICBP,RG,7425,1,F,ZP,LS,D
14:49:54,ICBP,RG,7425,1,F,ZP,PD,D
14:49:52,ICBP,RG,7425,1,F,ZP,LS,D
14:49:52,ICBP,RG,7400,6,F,KZ,ZP,F
14:49:51,ICBP,RG,7400,3,F,KZ,ZP,F
14:49:41,ICBP,RG,7400,75,F,KZ,IF,D
14:49:37,ICBP,RG,7400,1,F,KZ,ZP,F
14:49:34,ICBP,RG,7400,3,F,KZ,RX,D
14:49:34,ICBP,RG,7400,2,F,KZ,RX,D
14:49:33,ICBP,RG,7400,4,F,ZP,RX,D
14:49:33,ICBP,RG,7400,3,D,PD,RX,D
14:49:33,ICBP,RG,7400,2,D,CC,RX,D
14:49:33,ICBP,RG,7400,1,D,XA,RX,D
14:49:30,ICBP,RG,7400,2,D,XA,RX,D
14:49:30,ICBP,RG,7400,1,D,XC,RX,D
14:49:30,ICBP,RG,7400,1,D,YP,RX,D
14:49:24,ICBP,RG,7425,1,F,ZP,LG,D
14:49:22,ICBP,RG,7400,2,D,PD,RX,D
14:49:22,ICBP,RG,7400,2,D,CC,RX,D
14:49:17,ICBP,RG,7400,2,D,CC,YP,D
14:49:17,ICBP,RG,7400,5,D,CC,YP,D
14:49:17,ICBP,RG,7400,3,D,CC,YP,D
14:49:15,ICBP,RG,7425,4,F,ZP,LG,D
14:49:15,ICBP,RG,7425,1,F,ZP,XC,D
14:49:15,ICBP,RG,7425,10,F,ZP,XC,D
14:49:15,ICBP,RG,7425,1,F,ZP,AT,D
14:49:15,ICBP,RG,7425,14,F,ZP,YP,D
14:49:10,ICBP,RG,7425,11,D,BB,YP,D
14:49:10,ICBP,RG,7425,1,D,BB,CC,D
14:49:10,ICBP,RG,7425,20,D,BB,SQ,D
14:49:10,ICBP,RG,7425,8,D,BB,YU,F
14:49:10,ICBP,RG,7425,9,D,BB,ZP,F
14:49:09,ICBP,RG,7425,18,D,BB,ZP,F
14:49:09,ICBP,RG,7425,34,D,BB,CC,D
14:49:01,ICBP,RG,7400,2,D,CC,BK,F
14:48:59,ICBP,RG,7400,10,D,CC,YU,F
14:48:59,ICBP,RG,7400,2,D,PD,YU,F
14:48:59,ICBP,RG,7400,2,D,PD,YU,F
14:48:50,ICBP,RG,7400,1,D,PD,CC,F
14:48:50,ICBP,RG,7400,3,D,XC,CC,F
14:48:50,ICBP,RG,7400,5,D,XL,CC,F
14:48:50,ICBP,RG,7400,6,D,NI,CC,F
14:48:50,ICBP,RG,7400,20,D,AT,CC,F
14:48:50,ICBP,RG,7400,15,F,ZP,CC,F
14:48:48,ICBP,RG,7425,3,D,PD,CC,D
14:48:48,ICBP,RG,7400,7,F,ZP,RX,D
14:48:47,ICBP,RG,7400,11,F,ZP,ZP,F
14:48:47,ICBP,RG,7400,1,D,PD,ZP,F
14:48:47,ICBP,RG,7425,4,F,ZP,CC,D
14:48:41,ICBP,RG,7400,2,D,PD,PD,D
14:48:34,ICBP,RG,7400,3,D,PD,RX,D
14:48:34,ICBP,RG,7400,1,D,YP,RX,D
14:48:32,ICBP,RG,7400,1,D,YP,ZP,F
14:48:30,ICBP,RG,7400,3,D,YP,YU,F
14:48:30,ICBP,RG,7400,3,D,LG,YU,F
14:48:30,ICBP,RG,7400,2,F,ZP,YU,F
14:48:23,ICBP,RG,7400,4,F,ZP,RX,D
14:48:18,ICBP,RG,7425,1,D,PD,CC,D
14:48:18,ICBP,RG,7400,17,F,ZP,ZP,F
14:48:09,ICBP,RG,7425,1,D,YP,CC,D
14:48:04,ICBP,RG,7400,76,F,ZP,KZ,D
14:48:04,ICBP,RG,7400,9,F,KZ,KZ,D
14:47:58,ICBP,RG,7400,7,F,KZ,RX,D
14:47:54,ICBP,RG,7400,4,F,KZ,RX,D
14:47:48,ICBP,RG,7400,1,F,KZ,CS,D
14:47:48,ICBP,RG,7400,2,F,KZ,CS,D
14:47:47,ICBP,RG,7425,16,D,DR,CC,D
14:47:47,ICBP,RG,7425,2,D,DR,CC,D
14:47:44,ICBP,RG,7400,6,F,KZ,KZ,D
14:47:40,ICBP,RG,7400,5,F,KZ,CS,D
14:47:39,ICBP,RG,7400,8,F,KZ,ZP,F
14:47:39,ICBP,RG,7400,244,F,KZ,KZ,D
14:47:39,ICBP,RG,7400,9,F,ZP,KZ,D
14:47:38,ICBP,RG,7400,20,F,ZP,CS,D
14:47:38,ICBP,RG,7400,8,F,ZP,CS,D
14:47:32,ICBP,RG,7425,8,D,DR,CC,D
14:47:32,ICBP,RG,7425,1,D,DR,CC,D
14:47:31,ICBP,RG,7400,13,F,ZP,CS,D
14:47:30,ICBP,RG,7425,12,D,DR,CC,D
14:47:30,ICBP,RG,7425,1,D,DR,CC,D
14:47:30,ICBP,RG,7400,10,F,ZP,CC,F
14:47:28,ICBP,RG,7400,25,F,ZP,ZP,F
14:47:28,ICBP,RG,7400,33,F,ZP,CS,D
14:47:28,ICBP,RG,7400,7,D,BB,CS,D
14:47:28,ICBP,RG,7400,14,D,BB,CS,D
14:47:25,ICBP,RG,7400,1,D,BB,PD,D
14:47:24,ICBP,RG,7400,4,D,BB,RX,D
14:47:22,ICBP,RG,7400,3,D,BB,XC,D
14:47:17,ICBP,RG,7400,8,D,BB,PD,D
14:47:15,ICBP,RG,7400,15,D,BB,XC,D
14:47:14,ICBP,RG,7400,30,D,BB,KZ,D
14:47:14,ICBP,RG,7400,7,D,BB,KZ,D
14:47:12,ICBP,RG,7400,11,D,BB,CS,D
14:47:12,ICBP,RG,7400,5,D,BB,CS,D
14:47:08,ICBP,RG,7400,10,D,BB,CS,D
14:47:08,ICBP,RG,7400,14,D,BB,CS,D
14:47:07,ICBP,RG,7400,19,D,BB,CS,D
14:47:07,ICBP,RG,7400,23,D,BB,CS,D
14:47:04,ICBP,RG,7425,9,F,ZP,CC,D
14:46:48,ICBP,RG,7400,43,D,BB,ZP,F
14:46:48,ICBP,RG,7400,14,D,BB,CS,D
14:46:40,ICBP,RG,7400,27,D,BB,CS,D
14:46:34,ICBP,RG,7425,127,F,AK,CC,D
14:46:17,ICBP,RG,7400,12,D,BB,CS,D
14:46:17,ICBP,RG,7400,12,F,ZP,CS,D
14:46:13,ICBP,RG,7425,1,D,YP,CC,D
14:46:11,ICBP,RG,7425,6,D,CC,CC,D
14:46:05,ICBP,RG,7425,4,D,PD,CC,D
14:45:50,ICBP,RG,7425,2,D,PD,CC,D
14:45:44,ICBP,RG,7425,25,D,YP,CC,D
14:45:28,ICBP,RG,7425,1,F,ZP,CC,D
14:45:17,ICBP,RG,7400,1,F,ZP,PD,D
14:45:16,ICBP,RG,7425,217,D,BB,CC,D
14:45:16,ICBP,RG,7425,48,D,BB,CC,F
14:45:16,ICBP,RG,7425,2,D,BB,CC,D
14:45:16,ICBP,RG,7425,17,D,BB,RX,D
14:45:16,ICBP,RG,7425,21,D,BB,CS,D
14:45:16,ICBP,RG,7425,30,D,BB,CC,F
14:45:16,ICBP,RG,7425,74,D,BB,LG,D
14:45:00,ICBP,RG,7425,1,D,PD,LG,D
14:44:54,ICBP,RG,7425,7,F,ZP,LG,D
14:44:48,ICBP,RG,7425,1,F,AK,LG,D
14:44:47,ICBP,RG,7400,8,F,ZP,CC,D
14:44:42,ICBP,RG,7425,3,D,DR,LG,D
14:44:32,ICBP,RG,7400,44,F,ZP,CS,D
14:44:29,ICBP,RG,7400,10,F,ZP,YP,D
14:44:18,ICBP,RG,7425,42,D,DR,LG,D
14:44:04,ICBP,RG,7400,27,F,ZP,PD,D
14:44:04,ICBP,RG,7400,198,F,KZ,PD,D
14:43:59,ICBP,RG,7400,1,F,KZ,PD,D
14:43:55,ICBP,RG,7425,5,D,YP,LG,D
14:43:25,ICBP,RG,7400,2,F,KZ,PD,D
14:42:58,ICBP,RG,7400,15,F,KZ,YP,D
14:42:48,ICBP,RG,7400,50,F,KZ,KK,D
14:42:37,ICBP,RG,7400,2,F,KZ,PD,D
14:42:27,ICBP,RG,7425,4,D,DR,LG,D
14:42:11,ICBP,RG,7425,1,D,XL,LG,D
14:42:02,ICBP,RG,7425,46,D,DR,LG,D
14:42:01,ICBP,RG,7400,4,F,KZ,CC,D
14:41:58,ICBP,RG,7400,1,F,KZ,DH,D
14:41:57,ICBP,RG,7425,16,D,YP,LG,D
14:41:57,ICBP,RG,7425,4,D,YP,RX,D
14:41:46,ICBP,RG,7400,2,F,KZ,PD,D
14:41:31,ICBP,RG,7425,8,D,XC,RX,D
14:41:30,ICBP,RG,7400,15,F,KZ,DH,D
14:40:47,ICBP,RG,7400,2,F,KZ,PD,D
14:40:43,ICBP,RG,7425,6,D,XL,RX,D
14:40:36,ICBP,RG,7425,2,D,PD,RX,D
14:40:36,ICBP,RG,7425,8,D,PD,RX,D
14:40:27,ICBP,RG,7400,6,F,KZ,YU,D
14:40:26,ICBP,RG,7425,1,D,SQ,RX,D
14:40:19,ICBP,RG,7425,4,F,ZP,RX,D
14:40:18,ICBP,RG,7425,25,F,AK,RX,D
14:40:18,ICBP,RG,7425,12,F,AK,YU,F
14:40:18,ICBP,RG,7425,58,F,AK,CS,D
14:40:18,ICBP,RG,7425,40,F,AK,CS,D
14:40:18,ICBP,RG,7425,65,F,AK,CS,D
14:40:16,ICBP,RG,7400,1,F,KZ,YP,D
14:39:55,ICBP,RG,7425,8,D,BB,CS,D
14:39:54,ICBP,RG,7425,5,F,CS,CS,D
14:39:54,ICBP,RG,7425,92,F,CS,ZP,F
14:39:54,ICBP,RG,7425,2,F,CS,XC,D
14:39:54,ICBP,RG,7425,2,F,CS,YP,D
14:39:54,ICBP,RG,7425,161,F,CS,BK,F
14:39:54,ICBP,RG,7425,20,F,CS,SQ,D
14:39:54,ICBP,RG,7425,9,F,CS,YP,D
14:39:54,ICBP,RG,7425,90,F,CS,CS,D
14:39:54,ICBP,RG,7425,15,F,CS,YP,D
14:39:54,ICBP,RG,7425,18,F,CS,YU,F
14:39:54,ICBP,RG,7425,1,F,CS,XL,D
14:39:54,ICBP,RG,7425,1,F,CS,XC,D
14:39:54,ICBP,RG,7425,17,F,CS,YU,F
14:39:54,ICBP,RG,7425,5,F,CS,XC,D
14:39:54,ICBP,RG,7425,125,F,CS,KZ,D
14:39:54,ICBP,RG,7425,120,F,CS,CS,D
14:39:54,ICBP,RG,7425,17,F,CS,CS,D
14:39:54,ICBP,RG,7425,2,F,CS,YP,D
14:39:54,ICBP,RG,7425,10,F,CS,KK,D
14:39:54,ICBP,RG,7425,8,F,CS,RX,D
14:39:54,ICBP,RG,7425,22,F,CS,DH,D
14:39:54,ICBP,RG,7425,32,F,CS,CC,D
14:39:54,ICBP,RG,7425,1,F,CS,GR,D
14:39:54,ICBP,RG,7425,2,F,CS,PD,D
14:39:54,ICBP,RG,7425,250,F,CS,LG,D
14:39:54,ICBP,RG,7425,1,F,CS,XC,D
14:39:54,ICBP,RG,7425,15,F,CS,PD,D
14:39:54,ICBP,RG,7425,45,F,CS,YU,F
14:39:54,ICBP,RG,7425,5,F,CS,SQ,D
14:39:54,ICBP,RG,7425,27,F,CS,CS,D
14:39:54,ICBP,RG,7425,10,F,CS,YP,D
14:39:54,ICBP,RG,7425,100,F,CS,YP,D
14:39:54,ICBP,RG,7425,1,F,CS,YP,D
14:39:54,ICBP,RG,7425,8,F,CS,CC,D
14:39:54,ICBP,RG,7425,6,F,CS,RX,D
14:39:54,ICBP,RG,7425,26,F,CS,RX,D
14:39:54,ICBP,RG,7425,1,F,CS,NI,D
14:39:54,ICBP,RG,7425,94,F,CS,BK,F
14:39:54,ICBP,RG,7425,398,F,CS,BK,F
14:39:54,ICBP,RG,7425,17,F,CS,YU,F
14:39:54,ICBP,RG,7425,25,F,CS,CC,F
14:39:54,ICBP,RG,7425,54,F,CS,CS,D
14:39:54,ICBP,RG,7425,20,F,CS,YU,F
14:39:54,ICBP,RG,7425,100,F,CS,PD,D
14:39:54,ICBP,RG,7425,1,F,CS,CS,D
14:39:54,ICBP,RG,7425,15,F,CS,RX,D
14:39:54,ICBP,RG,7425,2,F,CS,BK,F
14:39:54,ICBP,RG,7425,20,F,CS,LG,D
14:39:54,ICBP,RG,7425,31,F,CS,CS,D
14:39:53,ICBP,RG,7425,77,F,CS,CS,D
14:39:53,ICBP,RG,7425,19,F,CS,YU,F
14:39:53,ICBP,RG,7425,4,F,CS,YP,D
14:39:53,ICBP,RG,7425,40,F,CS,YP,D
14:39:53,ICBP,RG,7425,543,F,CS,SQ,D
14:39:52,ICBP,RG,7400,55,F,KZ,CS,D
14:39:52,ICBP,RG,7400,146,F,KZ,CS,D
14:39:52,ICBP,RG,7400,39,F,KZ,CS,D
14:39:52,ICBP,RG,7400,13,D,CC,CS,D
14:39:52,ICBP,RG,7400,8,D,CC,BK,F
14:39:52,ICBP,RG,7400,9,D,PD,BK,F
14:39:52,ICBP,RG,7400,35,D,PD,BK,F
14:39:52,ICBP,RG,7400,1,D,XC,BK,F
14:39:52,ICBP,RG,7400,26,F,ZP,BK,F
14:39:52,ICBP,RG,7400,1,D,DR,BK,F
14:39:52,ICBP,RG,7400,1,D,AT,BK,F
14:39:52,ICBP,RG,7400,5,D,YP,BK,F
14:39:52,ICBP,RG,7400,2,F,KZ,BK,F
14:39:52,ICBP,RG,7400,500,F,KZ,BK,F
14:39:52,ICBP,RG,7400,1,D,PD,BK,F
14:39:52,ICBP,RG,7400,8,F,KZ,BK,F
14:39:52,ICBP,RG,7400,124,F,KZ,BK,F
14:39:52,ICBP,RG,7400,3,D,XC,BK,F
14:39:52,ICBP,RG,7400,175,F,ZP,BK,F
14:39:52,ICBP,RG,7400,14,F,ZP,BK,F
14:39:52,ICBP,RG,7400,564,F,KZ,BK,F
14:39:52,ICBP,RG,7400,5,D,NI,BK,F
14:39:52,ICBP,RG,7400,8,D,YP,BK,F
14:39:52,ICBP,RG,7400,5,D,YP,BK,F
14:39:52,ICBP,RG,7400,94,F,ZP,BK,F
14:39:52,ICBP,RG,7400,50,D,YP,BK,F
14:39:52,ICBP,RG,7400,3,D,CC,BK,F
14:39:52,ICBP,RG,7400,3,D,XC,BK,F
14:39:52,ICBP,RG,7400,30,D,PD,BK,F
14:39:52,ICBP,RG,7400,1,D,KK,BK,F
14:39:52,ICBP,RG,7400,1,D,SQ,BK,F
14:39:52,ICBP,RG,7400,2,D,YP,BK,F
14:39:52,ICBP,RG,7400,2,D,CC,BK,F
14:39:52,ICBP,RG,7400,66,F,ZP,BK,F
14:39:52,ICBP,RG,7400,500,F,KZ,BK,F
14:39:52,ICBP,RG,7400,67,D,YP,BK,F
14:39:52,ICBP,RG,7400,1,D,PD,BK,F
14:39:52,ICBP,RG,7400,15,D,DR,BK,F
14:39:52,ICBP,RG,7400,1,D,PD,BK,F
14:39:52,ICBP,RG,7400,10,F,ZP,BK,F
14:39:52,ICBP,RG,7400,26,D,DR,BK,F
14:39:51,ICBP,RG,7400,35,D,DR,CS,D
14:39:51,ICBP,RG,7400,48,D,DR,CS,D
14:39:51,ICBP,RG,7400,20,D,DR,PD,D
14:39:51,ICBP,RG,7400,8,D,PD,PD,D
14:39:51,ICBP,RG,7400,7,F,ZP,PD,D
14:39:51,ICBP,RG,7400,1,D,AT,PD,D
14:39:51,ICBP,RG,7400,2,D,PD,PD,D
14:39:51,ICBP,RG,7400,22,D,IH,PD,D
14:39:51,ICBP,RG,7400,10,D,YP,PD,D
14:39:51,ICBP,RG,7400,1,D,XC,PD,D
14:39:51,ICBP,RG,7400,33,D,YP,PD,D
14:39:51,ICBP,RG,7400,51,F,ZP,PD,D
14:39:51,ICBP,RG,7400,1,D,XC,PD,D
14:39:51,ICBP,RG,7400,5,D,PD,PD,D
14:39:51,ICBP,RG,7400,1,D,PD,PD,D
14:39:51,ICBP,RG,7400,4,D,CC,PD,D
14:39:51,ICBP,RG,7400,1,D,NI,PD,D
14:39:51,ICBP,RG,7400,43,F,ZP,PD,D
14:39:51,ICBP,RG,7400,10,D,XC,PD,D
14:39:51,ICBP,RG,7400,1,D,NI,PD,D
14:39:50,ICBP,RG,7425,1,D,XC,SQ,D
14:39:35,ICBP,RG,7400,4,D,NI,ZP,F
14:39:35,ICBP,RG,7400,2,D,YP,ZP,F
14:39:35,ICBP,RG,7400,3,D,YP,ZP,F
14:39:30,ICBP,RG,7425,106,F,YU,SQ,D
14:39:24,ICBP,RG,7400,1,D,YP,PD,D
14:39:05,ICBP,RG,7400,1,D,YP,KK,D
14:39:01,ICBP,RG,7400,50,D,YP,CC,F
14:39:00,ICBP,RG,7425,73,F,YU,SQ,D
14:38:59,ICBP,RG,7400,10,D,YP,CC,D
14:38:33,ICBP,RG,7400,4,D,YP,ZP,F
14:38:31,ICBP,RG,7400,2,D,YP,PD,D
14:38:29,ICBP,RG,7425,13,D,YP,SQ,D
14:38:09,ICBP,RG,7400,5,D,YP,RX,D
14:38:08,ICBP,RG,7400,2,D,YP,PD,D
14:38:07,ICBP,RG,7400,9,D,YP,RX,D
14:38:04,ICBP,RG,7400,16,D,YP,RX,D
14:38:03,ICBP,RG,7400,5,D,YP,SQ,D
14:38:00,ICBP,RG,7400,46,D,YP,CC,F
14:37:49,ICBP,RG,7400,10,D,YP,CC,D
14:37:42,ICBP,RG,7400,1,D,YP,LG,D
14:37:36,ICBP,RG,7400,4,D,YP,RX,D
14:37:16,ICBP,RG,7400,31,D,YP,PD,D
14:37:16,ICBP,RG,7400,65,D,PD,PD,D
14:37:16,ICBP,RG,7400,1,D,PD,PD,D
14:37:16,ICBP,RG,7400,8,F,ZP,PD,D
14:37:16,ICBP,RG,7400,1,D,PD,PD,D
14:37:16,ICBP,RG,7400,10,D,YP,PD,D
14:37:16,ICBP,RG,7400,105,F,ZP,PD,D
14:37:15,ICBP,RG,7400,2,F,ZP,PD,D
14:37:00,ICBP,RG,7425,163,F,YU,SQ,D
14:37:00,ICBP,RG,7400,19,F,ZP,CC,D
14:37:00,ICBP,RG,7400,14,F,ZP,CC,D
14:37:00,ICBP,RG,7400,4,F,KZ,CC,D
14:36:55,ICBP,RG,7425,7,D,HP,SQ,D
14:36:54,ICBP,RG,7425,9,F,ZP,SQ,D
14:36:53,ICBP,RG,7425,7,F,ZP,SQ,D
14:36:53,ICBP,RG,7400,63,F,KZ,CS,D
14:36:53,ICBP,RG,7425,50,D,SQ,SQ,D
14:36:51,ICBP,RG,7400,11,F,KZ,YP,D
14:36:43,ICBP,RG,7425,12,F,ZP,SQ,D
14:36:38,ICBP,RG,7425,12,D,DR,SQ,D
14:36:17,ICBP,RG,7400,2,F,KZ,PD,D
14:36:10,ICBP,RG,7400,6,F,KZ,RX,D
14:36:08,ICBP,RG,7425,4,F,ZP,SQ,D
14:36:08,ICBP,RG,7425,5,F,ZP,PD,D
14:36:05,ICBP,RG,7425,15,D,PD,PD,D
14:36:05,ICBP,RG,7425,15,D,PD,CS,D
14:35:55,ICBP,RG,7425,4,D,XL,CS,D
14:35:53,ICBP,RG,7425,9,F,ZP,CS,D
14:35:53,ICBP,RG,7425,14,F,ZP,YU,F
14:35:51,ICBP,RG,7400,246,F,KZ,CS,D
14:35:48,ICBP,RG,7400,14,F,KZ,XC,D
14:35:20,ICBP,RG,7400,1,F,KZ,PD,D
14:35:15,ICBP,RG,7425,1,D,XC,YU,F
14:35:04,ICBP,RG,7425,3,D,PD,YU,F
14:35:01,ICBP,RG,7400,10,F,KZ,SQ,D
14:35:00,ICBP,RG,7425,11,F,YU,YU,F
14:35:00,ICBP,RG,7425,2,F,YU,BK,F
14:35:00,ICBP,RG,7425,103,F,YU,PD,D
14:34:55,ICBP,RG,7400,1,F,KZ,YP,D
14:34:48,ICBP,RG,7400,2,F,KZ,AZ,D
14:34:46,ICBP,RG,7425,11,D,YP,PD,D
14:34:28,ICBP,RG,7400,6,F,KZ,AZ,D
14:34:21,ICBP,RG,7400,82,F,KZ,PD,D
14:34:15,ICBP,RG,7400,4,F,KZ,XL,D
14:34:11,ICBP,RG,7400,2,F,KZ,PD,D
14:33:56,ICBP,RG,7425,3,D,XC,PD,D
14:33:43,ICBP,RG,7425,25,D,PD,PD,D
14:33:40,ICBP,RG,7425,1,D,BQ,PD,D
14:33:33,ICBP,RG,7400,5,F,KZ,XC,D
14:33:28,ICBP,RG,7400,4,F,KZ,RX,D
14:33:25,ICBP,RG,7425,50,D,YP,PD,D
14:33:17,ICBP,RG,7425,9,D,DR,PD,D
14:33:11,ICBP,RG,7400,2,F,KZ,PD,D
14:33:01,ICBP,RG,7400,91,F,KZ,BK,F
14:33:00,ICBP,RG,7425,19,F,YU,PD,D
14:33:00,ICBP,RG,7425,1,F,YU,CP,D
14:33:00,ICBP,RG,7425,115,F,YU,LG,D
14:32:59,ICBP,RG,7400,673,F,KZ,AK,F
14:32:59,ICBP,RG,7400,1,D,CC,AK,F
14:32:59,ICBP,RG,7400,2,D,XC,AK,F
14:32:59,ICBP,RG,7400,10,D,PD,AK,F
14:32:59,ICBP,RG,7400,20,D,NI,AK,F
14:32:59,ICBP,RG,7400,9,D,XC,AK,F
14:32:59,ICBP,RG,7400,5,D,NI,AK,F
14:32:59,ICBP,RG,7400,13,D,XC,AK,F
14:32:59,ICBP,RG,7400,20,D,YP,AK,F
14:32:59,ICBP,RG,7400,1,D,NI,AK,F
14:32:59,ICBP,RG,7400,1,D,YP,AK,F
14:32:59,ICBP,RG,7400,5,D,KK,AK,F
14:32:59,ICBP,RG,7400,40,D,NI,AK,F
14:32:59,ICBP,RG,7400,6,D,PD,AK,F
14:32:59,ICBP,RG,7400,6,D,YP,AK,F
14:32:59,ICBP,RG,7400,4,D,CC,AK,F
14:32:59,ICBP,RG,7400,1,D,NI,AK,F
14:32:59,ICBP,RG,7400,1,D,CC,AK,F
14:32:59,ICBP,RG,7400,30,F,AK,AK,F
14:32:59,ICBP,RG,7400,20,D,YP,AK,F
14:32:59,ICBP,RG,7400,1,D,XC,AK,F
14:32:59,ICBP,RG,7400,6,D,XL,AK,F
14:32:59,ICBP,RG,7400,4,F,ZP,AK,F
14:32:59,ICBP,RG,7400,5,D,XC,AK,F
14:32:59,ICBP,RG,7400,12,F,ZP,AK,F
14:32:59,ICBP,RG,7400,1,D,YP,AK,F
14:32:59,ICBP,RG,7400,1,D,YP,AK,F
14:32:59,ICBP,RG,7400,5,D,NI,AK,F
14:32:59,ICBP,RG,7400,5,D,KK,AK,F
14:32:59,ICBP,RG,7400,1,D,CC,AK,F
14:32:59,ICBP,RG,7400,1,D,XC,AK,F
14:32:59,ICBP,RG,7400,1,D,KK,AK,F
14:32:59,ICBP,RG,7400,1,D,XC,AK,F
14:32:59,ICBP,RG,7400,1,D,XC,AK,F
14:32:59,ICBP,RG,7400,2,D,YP,AK,F
14:32:59,ICBP,RG,7400,3,D,GR,AK,F
14:32:59,ICBP,RG,7400,82,F,ZP,AK,F
14:32:58,ICBP,RG,7400,50,F,ZP,CS,D
14:32:58,ICBP,RG,7400,43,D,BB,CS,D
14:32:56,ICBP,RG,7425,17,F,ZP,LG,D
14:32:54,ICBP,RG,7400,20,D,BB,CC,F
14:32:54,ICBP,RG,7400,158,D,BB,KZ,D
14:32:52,ICBP,RG,7400,15,D,BB,CC,F
14:32:49,ICBP,RG,7400,2,D,BB,BK,F
14:32:43,ICBP,RG,7425,6,F,ZP,LG,D
14:32:42,ICBP,RG,7400,34,D,BB,NI,D
14:32:31,ICBP,RG,7400,20,D,BB,NI,D
14:32:13,ICBP,RG,7425,5,F,ZP,LG,D
14:32:11,ICBP,RG,7400,2,D,BB,PD,D
14:32:10,ICBP,RG,7425,5,D,CC,LG,D
14:32:10,ICBP,RG,7425,1,D,CC,LG,D
14:32:03,ICBP,RG,7400,1,D,BB,YP,D
14:31:58,ICBP,RG,7400,8,D,BB,PD,D
14:31:58,ICBP,RG,7425,1,F,ZP,LG,D
14:31:58,ICBP,RG,7425,5,F,ZP,SQ,D
14:31:58,ICBP,RG,7425,6,F,ZP,ZP,F
14:31:58,ICBP,RG,7425,16,F,ZP,ZP,F
14:31:57,ICBP,RG,7425,3,D,DR,ZP,F
14:31:57,ICBP,RG,7425,34,D,DR,CS,D
14:31:57,ICBP,RG,7425,20,D,DR,CS,D
14:31:57,ICBP,RG,7425,6,D,DR,EP,D
14:31:57,ICBP,RG,7425,2,D,DR,SQ,D
14:31:57,ICBP,RG,7425,2,D,DR,PD,D
14:31:57,ICBP,RG,7425,8,D,DR,PD,D
14:31:57,ICBP,RG,7425,3,D,DR,BQ,D
14:31:57,ICBP,RG,7425,27,D,DR,YU,F
14:31:57,ICBP,RG,7425,30,D,DR,KZ,D
14:31:56,ICBP,RG,7400,221,D,BB,PD,D
14:31:55,ICBP,RG,7400,5,D,BB,XL,D
14:31:48,ICBP,RG,7425,2,D,YP,KZ,D
14:31:46,ICBP,RG,7400,13,D,BB,LG,D
14:31:23,ICBP,RG,7400,4,D,BB,RX,D
14:31:19,ICBP,RG,7400,5,D,BB,PD,D
14:31:09,ICBP,RG,7400,1,D,BB,PD,D
14:31:01,ICBP,RG,7425,1,D,CC,KZ,D
14:30:54,ICBP,RG,7425,30,D,PD,KZ,D
14:30:33,ICBP,RG,7400,221,D,BB,PD,D
14:30:23,ICBP,RG,7425,50,D,PD,KZ,D
14:30:13,ICBP,RG,7400,2,D,BB,PD,D
14:30:00,ICBP,RG,7425,6,F,YU,KZ,D
14:30:00,ICBP,RG,7425,6,F,YU,TF,D
14:30:00,ICBP,RG,7425,21,F,YU,XC,D
14:30:00,ICBP,RG,7425,1,F,YU,CC,D
14:30:00,ICBP,RG,7425,54,F,YU,CS,D
14:29:35,ICBP,RG,7400,20,D,BB,PD,D
14:29:24,ICBP,RG,7425,6,D,YP,CS,D
14:29:12,ICBP,RG,7400,2,D,BB,PD,D
14:29:11,ICBP,RG,7425,9,F,AK,CS,D
14:29:11,ICBP,RG,7425,66,D,BB,CS,D
14:29:11,ICBP,RG,7425,2,D,BB,GR,D
14:29:11,ICBP,RG,7425,27,D,BB,YU,F
14:29:11,ICBP,RG,7425,56,D,BB,ZP,F
14:29:11,ICBP,RG,7425,23,D,BB,BK,F
14:28:59,ICBP,RG,7400,1,D,BB,XC,D
14:28:36,ICBP,RG,7400,10,D,BB,ZP,F
14:28:30,ICBP,RG,7425,1,D,NI,BK,F
14:28:27,ICBP,RG,7400,1,D,BB,XC,D
14:28:12,ICBP,RG,7425,1,D,YP,BK,F
14:28:11,ICBP,RG,7400,2,D,BB,PD,D
14:28:00,ICBP,RG,7425,66,F,YU,BK,F
14:28:00,ICBP,RG,7425,1,F,YU,KK,D
14:28:00,ICBP,RG,7425,16,F,YU,RX,D
14:28:00,ICBP,RG,7425,28,F,YU,RX,D
14:28:00,ICBP,RG,7425,6,F,YU,NI,D
14:27:54,ICBP,RG,7425,14,D,DR,NI,D
14:27:54,ICBP,RG,7425,1,D,DR,YU,F
14:27:24,ICBP,RG,7400,5,D,BB,SQ,D
14:27:14,ICBP,RG,7400,18,D,BB,ZP,F
14:27:13,ICBP,RG,7400,1,D,BB,PD,D
14:27:07,ICBP,RG,7400,7,D,BB,YP,D
14:27:03,ICBP,RG,7425,36,D,DR,YU,F
14:27:03,ICBP,RG,7425,33,D,DR,CS,D
14:27:03,ICBP,RG,7425,25,D,DR,CS,D
14:27:03,ICBP,RG,7425,20,D,DR,YP,D
14:27:03,ICBP,RG,7425,20,D,DR,SQ,D
14:27:03,ICBP,RG,7425,7,D,DR,CC,D
14:27:00,ICBP,RG,7400,36,D,BB,CC,D
14:26:10,ICBP,RG,7400,2,D,BB,PD,D
14:26:01,ICBP,RG,7400,71,D,BB,BK,F
14:26:00,ICBP,RG,7425,9,F,YU,CC,D
14:26:00,ICBP,RG,7425,1,F,YU,KK,D
14:26:00,ICBP,RG,7425,1,F,YU,YP,D
14:26:00,ICBP,RG,7425,43,F,YU,CS,D
14:26:00,ICBP,RG,7425,2,F,YU,YP,D
14:26:00,ICBP,RG,7425,2,F,YU,BK,F
14:26:00,ICBP,RG,7425,34,F,YU,YU,F
14:26:00,ICBP,RG,7425,50,F,YU,CS,D
14:26:00,ICBP,RG,7425,22,F,YU,PD,D
14:26:00,ICBP,RG,7425,1,D,NI,PD,D
14:25:56,ICBP,RG,7400,70,D,BB,CS,D
14:25:46,ICBP,RG,7425,2,D,PD,PD,D
14:25:21,ICBP,RG,7400,2,D,BB,PD,D
14:25:20,ICBP,RG,7425,40,F,AK,PD,D
14:25:13,ICBP,RG,7425,2,D,XC,PD,D
14:25:00,ICBP,RG,7425,10,D,PD,PD,D
14:24:59,ICBP,RG,7425,142,F,AK,PD,D
14:24:57,ICBP,RG,7400,11,D,BB,ZP,F
14:24:51,ICBP,RG,7400,2,D,BB,PD,D
14:23:58,ICBP,RG,7400,49,D,BB,CS,D
14:23:58,ICBP,RG,7400,1,D,NI,CS,D
14:23:58,ICBP,RG,7400,1,D,JB,CS,D
14:23:58,ICBP,RG,7400,20,F,ZP,CS,D
14:23:58,ICBP,RG,7400,3,D,XC,CS,D
14:23:58,ICBP,RG,7400,11,D,DR,CS,D
14:23:32,ICBP,RG,7400,1,D,DR,PD,D
14:23:29,ICBP,RG,7400,11,D,DR,ZP,F
14:23:26,ICBP,RG,7425,1,D,PD,PD,D
14:23:11,ICBP,RG,7425,1,D,PD,PD,D
14:22:59,ICBP,RG,7425,1,D,PD,GR,D
14:22:57,ICBP,RG,7400,2,D,DR,NI,D
14:22:57,ICBP,RG,7400,1,D,XL,NI,D
14:22:57,ICBP,RG,7400,1,D,XC,NI,D
14:22:57,ICBP,RG,7400,1,D,YP,NI,D
14:22:57,ICBP,RG,7400,1,D,YP,NI,D
14:22:57,ICBP,RG,7400,14,F,ZP,NI,D
14:22:55,ICBP,RG,7400,20,F,ZP,PD,D
14:22:47,ICBP,RG,7400,7,F,ZP,PD,D
14:22:43,ICBP,RG,7400,6,F,ZP,RX,D
14:22:39,ICBP,RG,7400,1,F,ZP,RX,D
14:22:39,ICBP,RG,7400,6,D,DR,RX,D
14:22:36,ICBP,RG,7400,348,D,DR,BK,F
14:22:36,ICBP,RG,7400,2,D,XC,BK,F
14:22:36,ICBP,RG,7400,2,F,KZ,BK,F
14:22:36,ICBP,RG,7400,3,D,XC,BK,F
14:22:36,ICBP,RG,7400,2,F,KZ,BK,F
14:22:36,ICBP,RG,7400,1,D,KK,BK,F
14:22:36,ICBP,RG,7400,1,D,YP,BK,F
14:22:36,ICBP,RG,7400,7,D,YP,BK,F
14:22:36,ICBP,RG,7400,2,D,XC,BK,F
14:22:36,ICBP,RG,7400,3,D,YP,BK,F
14:22:36,ICBP,RG,7400,1,D,PD,BK,F
14:22:36,ICBP,RG,7400,2,D,CC,BK,F
14:22:36,ICBP,RG,7400,12,F,KZ,BK,F
14:22:36,ICBP,RG,7400,20,D,YP,BK,F
14:22:36,ICBP,RG,7400,30,F,KZ,BK,F
14:22:36,ICBP,RG,7400,15,F,ZP,BK,F
14:22:35,ICBP,RG,7400,9,F,ZP,RX,D
14:22:35,ICBP,RG,7400,62,F,ZP,BK,F
14:22:35,ICBP,RG,7400,23,F,KZ,BK,F
14:22:35,ICBP,RG,7400,553,F,KZ,BK,F
14:22:35,ICBP,RG,7400,110,F,ZP,BK,F
14:22:35,ICBP,RG,7400,337,F,CC,BK,F
14:22:34,ICBP,RG,7400,454,F,CC,BK,F
14:22:34,ICBP,RG,7400,16,F,ZP,BK,F
14:22:34,ICBP,RG,7400,8,D,CC,BK,F
14:22:34,ICBP,RG,7400,4,F,KZ,BK,F
14:22:34,ICBP,RG,7400,1,D,SQ,BK,F
14:22:34,ICBP,RG,7400,5,D,KK,BK,F
14:22:34,ICBP,RG,7400,76,F,KZ,BK,F
14:22:34,ICBP,RG,7400,16,F,ZP,BK,F
14:22:34,ICBP,RG,7400,5,D,NI,BK,F
14:22:34,ICBP,RG,7400,30,F,YU,BK,F
14:22:34,ICBP,RG,7400,72,F,ZP,BK,F
14:22:34,ICBP,RG,7400,313,F,KZ,BK,F
14:22:33,ICBP,RG,7400,10,F,KZ,BK,F
14:22:33,ICBP,RG,7400,4,D,PD,BK,F
14:22:33,ICBP,RG,7400,56,F,ZP,BK,F
14:22:33,ICBP,RG,7400,325,D,BB,BK,F
14:22:33,ICBP,RG,7400,40,F,YU,BK,F
14:22:33,ICBP,RG,7400,2,D,CC,BK,F
14:22:33,ICBP,RG,7400,5,D,XC,BK,F
14:22:33,ICBP,RG,7400,84,F,ZP,BK,F
14:22:33,ICBP,RG,7400,474,F,KZ,BK,F
14:22:32,ICBP,RG,7400,2,F,KZ,KK,D
14:22:18,ICBP,RG,7425,1,F,AK,GR,D
14:22:12,ICBP,RG,7400,2,F,KZ,PD,D
14:22:00,ICBP,RG,7425,18,F,YU,GR,D
14:22:00,ICBP,RG,7425,93,F,YU,CS,D
14:22:00,ICBP,RG,7425,26,F,YU,CS,D
14:21:49,ICBP,RG,7400,10,F,KZ,RX,D
14:21:44,ICBP,RG,7400,5,F,KZ,SQ,D
14:21:39,ICBP,RG,7400,1,F,KZ,DX,D
14:21:39,ICBP,RG,7400,69,F,KZ,CS,D
14:21:39,ICBP,RG,7400,116,F,ZP,CS,D
14:21:39,ICBP,RG,7400,84,F,CS,CS,D
14:21:24,ICBP,RG,7400,10,F,CS,ZP,F
14:21:10,ICBP,RG,7400,2,F,CS,PD,D
14:20:55,ICBP,RG,7400,2,F,CS,BK,F
14:20:29,ICBP,RG,7425,8,F,ZP,CS,D
14:20:28,ICBP,RG,7400,67,F,CS,CS,D
14:20:21,ICBP,RG,7425,10,D,YP,CS,D
14:20:16,ICBP,RG,7400,1,F,CS,XL,D
14:20:12,ICBP,RG,7400,2,F,CS,PD,D
14:20:01,ICBP,RG,7425,5,F,ZP,CS,D
14:20:01,ICBP,RG,7425,8,F,ZP,LG,D
14:20:00,ICBP,RG,7425,92,F,YU,LG,D
14:20:00,ICBP,RG,7425,1,F,YU,NI,D
14:20:00,ICBP,RG,7425,1,F,YU,YP,D
14:20:00,ICBP,RG,7425,37,F,YU,BK,F
14:19:33,ICBP,RG,7425,20,D,YP,BK,F
14:19:26,ICBP,RG,7400,6,F,CS,RX,D
14:19:25,ICBP,RG,7400,1,F,CS,PD,D
14:19:23,ICBP,RG,7425,1,D,PD,BK,F
14:19:20,ICBP,RG,7400,2,F,CS,AT,D
14:18:57,ICBP,RG,7400,4,F,CS,LG,D
14:18:49,ICBP,RG,7400,1,F,CS,DH,D
14:18:34,ICBP,RG,7400,4,F,CS,RX,D
14:18:28,ICBP,RG,7425,15,F,ZP,BK,F
14:18:24,ICBP,RG,7400,134,F,CS,KZ,D
14:18:19,ICBP,RG,7400,2,F,CS,PD,D
14:18:00,ICBP,RG,7425,131,F,YU,BK,F
14:17:49,ICBP,RG,7400,2,F,CS,PD,D
14:17:34,ICBP,RG,7400,5,F,CS,NI,D
14:17:05,ICBP,RG,7425,5,D,PD,BK,F
14:16:29,ICBP,RG,7400,2,F,CS,PD,D
14:16:00,ICBP,RG,7425,52,F,YU,BK,F
14:16:00,ICBP,RG,7425,40,F,YU,KZ,D
14:15:46,ICBP,RG,7425,3,D,CC,KZ,D
14:15:26,ICBP,RG,7400,1,F,CS,PD,D
14:15:22,ICBP,RG,7425,1,F,DH,KZ,D
14:14:59,ICBP,RG,7400,76,F,CS,CS,D
14:14:55,ICBP,RG,7400,1,F,CS,AZ,D
14:14:30,ICBP,RG,7400,2,F,CS,PD,D
14:14:20,ICBP,RG,7400,2,F,CS,PD,D
14:14:00,ICBP,RG,7425,60,F,YU,KZ,D
14:14:00,ICBP,RG,7425,9,F,YU,RX,D
14:14:00,ICBP,RG,7425,4,F,YU,YP,D
14:14:00,ICBP,RG,7425,48,F,YU,CS,D
14:13:47,ICBP,RG,7425,11,D,CC,CS,D
14:13:35,ICBP,RG,7425,8,F,ZP,CS,D
14:13:16,ICBP,RG,7425,1,D,PD,CS,D
14:13:10,ICBP,RG,7400,1,F,CS,PD,D
14:13:10,ICBP,RG,7400,1,D,SQ,PD,D
14:12:39,ICBP,RG,7425,10,D,DR,CS,D
14:12:14,ICBP,RG,7400,2,D,SQ,PD,D
14:12:13,ICBP,RG,7425,10,D,CC,CS,D
14:12:13,ICBP,RG,7425,10,F,ZP,CS,D
14:12:12,ICBP,RG,7400,2,D,SQ,KK,D
14:12:12,ICBP,RG,7400,21,F,ZP,KK,D
14:12:12,ICBP,RG,7400,40,F,YU,KK,D
14:12:12,ICBP,RG,7400,1,D,YP,KK,D
14:12:12,ICBP,RG,7400,1,D,YU,KK,D
14:12:12,ICBP,RG,7400,35,F,ZP,KK,D
14:12:01,ICBP,RG,7425,34,F,ZP,CS,D
14:12:01,ICBP,RG,7425,5,F,ZP,YU,F
14:12:00,ICBP,RG,7425,28,F,YU,YU,F
14:12:00,ICBP,RG,7425,13,F,YU,RX,D
14:12:00,ICBP,RG,7425,28,F,YU,ZP,F
14:12:00,ICBP,RG,7425,10,F,YU,NI,D
14:12:00,ICBP,RG,7425,2,F,YU,CC,D
14:12:00,ICBP,RG,7425,3,F,YU,EP,D
14:12:00,ICBP,RG,7425,20,F,YU,CP,D
14:12:00,ICBP,RG,7425,20,F,YU,XC,D
14:12:00,ICBP,RG,7425,16,F,YU,CC,D
14:12:00,ICBP,RG,7425,12,F,YU,CS,D
14:12:00,ICBP,RG,7425,39,F,YU,CS,D
14:12:00,ICBP,RG,7425,63,F,YU,CS,D
14:11:13,ICBP,RG,7400,1,F,ZP,PD,D
14:10:48,ICBP,RG,7425,3,D,CC,CS,D
14:10:48,ICBP,RG,7425,8,D,DR,CS,D
14:10:48,ICBP,RG,7425,10,D,DR,CC,D
14:10:48,ICBP,RG,7425,6,D,DR,EP,D
14:10:48,ICBP,RG,7425,31,D,DR,CC,F
14:10:17,ICBP,RG,7400,2,F,ZP,PD,D
14:09:37,ICBP,RG,7400,2,F,ZP,PD,D
14:09:34,ICBP,RG,7425,5,D,DH,CC,F
14:09:30,ICBP,RG,7425,3,D,CC,CC,F
14:09:00,ICBP,RG,7425,5,F,YU,CC,F
14:09:00,ICBP,RG,7425,1,F,YU,TP,D
14:09:00,ICBP,RG,7425,5,F,YU,RX,D
14:09:00,ICBP,RG,7425,1,F,YU,YP,D
14:09:00,ICBP,RG,7425,49,F,YU,CC,F
14:09:00,ICBP,RG,7425,1,F,YU,XC,D
14:09:00,ICBP,RG,7425,56,F,YU,XC,D
14:09:00,ICBP,RG,7400,14,F,ZP,CC,D
14:09:00,ICBP,RG,7400,18,F,KZ,CC,D
14:08:45,ICBP,RG,7425,4,D,YP,XC,D
14:08:45,ICBP,RG,7425,9,D,YP,ZP,F
14:08:41,ICBP,RG,7425,5,F,ZP,ZP,F
14:08:40,ICBP,RG,7425,10,D,YP,ZP,F
14:08:38,ICBP,RG,7400,8,F,KZ,RX,D
14:08:38,ICBP,RG,7400,9,F,KZ,RX,D
14:08:37,ICBP,RG,7425,17,D,BB,ZP,F
14:08:36,ICBP,RG,7400,2,F,KZ,ZP,F
14:08:35,ICBP,RG,7400,2,F,KZ,PD,D
14:08:28,ICBP,RG,7425,2,F,ZP,ZP,F
14:08:28,ICBP,RG,7425,5,F,ZP,BK,F
14:08:27,ICBP,RG,7400,30,F,KZ,BK,F
14:08:27,ICBP,RG,7400,14,F,KZ,DH,D
14:08:26,ICBP,RG,7425,18,F,ZP,BK,F
14:08:26,ICBP,RG,7400,322,F,KZ,YP,D
14:08:26,ICBP,RG,7400,13,F,ZP,YP,D
14:08:26,ICBP,RG,7400,10,D,CC,YP,D
14:08:26,ICBP,RG,7400,8,D,XL,YP,D
14:08:26,ICBP,RG,7400,1,D,OD,YP,D
14:08:26,ICBP,RG,7400,1,D,KK,YP,D
14:08:26,ICBP,RG,7400,1,D,XC,YP,D
14:08:26,ICBP,RG,7400,1,D,NI,YP,D
14:08:26,ICBP,RG,7400,5,D,GR,YP,D
14:08:26,ICBP,RG,7400,1,D,CC,YP,D
14:08:26,ICBP,RG,7400,1,D,KK,YP,D
14:08:26,ICBP,RG,7400,1,D,YP,YP,D
14:08:26,ICBP,RG,7400,1,D,XC,YP,D
14:08:26,ICBP,RG,7400,4,D,HD,YP,D
14:08:26,ICBP,RG,7400,40,F,ZP,YP,D
14:08:26,ICBP,RG,7400,161,D,BB,YP,D
14:08:16,ICBP,RG,7425,1,D,YP,BK,F
14:07:45,ICBP,RG,7400,1,D,BB,XL,D
14:07:30,ICBP,RG,7400,7,D,BB,XC,D
14:07:18,ICBP,RG,7400,2,D,BB,PD,D
14:07:03,ICBP,RG,7425,10,F,ZP,BK,F
14:07:03,ICBP,RG,7425,2,F,ZP,BK,F
14:07:00,ICBP,RG,7425,30,F,YU,YU,F
14:07:00,ICBP,RG,7425,2,F,YU,CC,D
14:07:00,ICBP,RG,7425,3,F,YU,XL,D
14:07:00,ICBP,RG,7425,37,F,YU,CS,D
14:07:00,ICBP,RG,7425,20,F,YU,XC,D
14:07:00,ICBP,RG,7425,3,F,YU,XA,D
14:06:58,ICBP,RG,7425,7,F,ZP,XA,D
14:06:58,ICBP,RG,7425,1,F,ZP,CS,D
14:06:54,ICBP,RG,7400,25,D,BB,PD,D
14:06:41,ICBP,RG,7425,25,D,KK,CS,D
14:06:31,ICBP,RG,7425,7,F,ZP,CS,D
14:06:30,ICBP,RG,7425,22,D,DR,CS,D
14:06:12,ICBP,RG,7400,1,D,BB,PD,D
14:05:39,ICBP,RG,7425,18,F,ZP,CS,D
14:05:39,ICBP,RG,7425,60,D,DR,CS,D
14:05:39,ICBP,RG,7425,2,D,DR,YP,D
14:05:39,ICBP,RG,7425,33,D,DR,YU,F
14:05:39,ICBP,RG,7425,34,D,DR,CS,D
14:05:39,ICBP,RG,7425,1,D,DR,YP,D
14:05:39,ICBP,RG,7425,7,D,DR,XL,D
14:05:39,ICBP,RG,7425,15,D,DR,XA,D
14:05:39,ICBP,RG,7425,20,D,DR,CS,D
14:05:39,ICBP,RG,7425,21,D,DR,LG,D
14:05:28,ICBP,RG,7425,5,F,ZP,LG,D
14:05:28,ICBP,RG,7400,2,D,BB,XC,D
14:05:23,ICBP,RG,7400,3,D,BB,XC,D
14:05:11,ICBP,RG,7400,2,D,BB,PD,D
14:04:21,ICBP,RG,7425,7,F,ZP,LG,D
14:04:20,ICBP,RG,7400,32,D,BB,PD,D
14:04:13,ICBP,RG,7400,2,D,BB,PD,D
14:04:00,ICBP,RG,7425,67,F,YU,LG,D
14:04:00,ICBP,RG,7425,4,F,YU,PD,D
14:04:00,ICBP,RG,7425,14,F,YU,RX,D
14:04:00,ICBP,RG,7425,19,F,YU,RX,D
14:04:00,ICBP,RG,7425,48,F,YU,CS,D
14:04:00,ICBP,RG,7400,47,D,BB,CC,F
14:03:43,ICBP,RG,7425,6,F,ZP,CS,D
14:03:27,ICBP,RG,7425,3,D,NI,CS,D
14:03:22,ICBP,RG,7400,2,D,BB,PD,D
14:03:13,ICBP,RG,7425,10,D,CC,CS,D
14:02:54,ICBP,RG,7400,5,D,BB,YP,D
14:02:29,ICBP,RG,7400,1,D,BB,PD,D
14:02:23,ICBP,RG,7425,9,F,ZP,CS,D
14:02:18,ICBP,RG,7400,25,D,BB,PD,D
14:02:08,ICBP,RG,7425,6,F,ZP,CS,D
14:02:02,ICBP,RG,7425,10,D,NI,CS,D
14:02:01,ICBP,RG,7425,21,F,ZP,CS,D
14:02:00,ICBP,RG,7425,48,F,YU,CS,D
14:02:00,ICBP,RG,7425,9,F,YU,RX,D
14:02:00,ICBP,RG,7425,29,F,YU,CS,D
14:01:39,ICBP,RG,7400,2,D,BB,PD,D
14:01:19,ICBP,RG,7400,4,D,BB,RX,D
14:01:17,ICBP,RG,7400,3,D,BB,XC,D
14:01:17,ICBP,RG,7400,4,D,DR,XC,D
14:00:53,ICBP,RG,7400,1,D,DR,XC,D
14:00:44,ICBP,RG,7400,7,D,DR,KK,D
14:00:14,ICBP,RG,7400,2,D,DR,PD,D
14:00:01,ICBP,RG,7425,1,D,CC,CS,D
14:00:00,ICBP,RG,7425,1,F,YU,CS,D
14:00:00,ICBP,RG,7425,51,F,YU,CS,D
14:00:00,ICBP,RG,7425,1,F,YU,XC,D
14:00:00,ICBP,RG,7425,15,F,YU,YP,D
14:00:00,ICBP,RG,7425,1,F,YU,NI,D
14:00:00,ICBP,RG,7425,1,F,YU,DR,D
14:00:00,ICBP,RG,7425,9,F,YU,ZP,F
14:00:00,ICBP,RG,7425,26,F,YU,CS,D
13:59:56,ICBP,RG,7400,14,D,DR,CS,D
13:59:56,ICBP,RG,7400,2,D,OD,CS,D
13:59:56,ICBP,RG,7400,2,D,XL,CS,D
13:59:56,ICBP,RG,7400,67,D,DR,CS,D
13:59:40,ICBP,RG,7425,3,D,SQ,CS,D
13:59:40,ICBP,RG,7425,7,D,SQ,AZ,D
13:59:12,ICBP,RG,7400,2,D,DR,PD,D
13:58:41,ICBP,RG,7425,12,F,ZP,AZ,D
13:58:37,ICBP,RG,7425,1,F,NI,AZ,D
13:58:24,ICBP,RG,7425,1,D,YP,AZ,D
13:58:16,ICBP,RG,7400,1,D,DR,PD,D
13:58:01,ICBP,RG,7425,4,F,ZP,AZ,D
13:58:01,ICBP,RG,7425,11,F,ZP,CC,F
13:58:01,ICBP,RG,7425,2,F,ZP,GR,D
13:58:01,ICBP,RG,7425,26,F,ZP,CS,D
13:58:00,ICBP,RG,7425,14,F,YU,CS,D
13:58:00,ICBP,RG,7425,75,F,YU,BK,F
13:58:00,ICBP,RG,7425,2,F,YU,BK,F
13:58:00,ICBP,RG,7425,6,F,YU,ZP,F
13:57:12,ICBP,RG,7400,2,D,DR,PD,D
13:56:26,ICBP,RG,7400,2,D,DR,PD,D
13:56:01,ICBP,RG,7425,18,F,ZP,ZP,F
13:56:00,ICBP,RG,7425,49,F,YU,ZP,F
13:56:00,ICBP,RG,7425,43,F,YU,CS,D
13:56:00,ICBP,RG,7425,78,F,YU,IF,D
13:56:00,ICBP,RG,7425,14,F,YU,CS,D
13:56:00,ICBP,RG,7425,89,F,YU,KZ,D
13:55:19,ICBP,RG,7400,2,D,DR,PD,D
13:55:12,ICBP,RG,7425,2,D,SQ,KZ,D
13:55:12,ICBP,RG,7425,8,D,SQ,CS,D
13:55:00,ICBP,RG,7425,2,D,AT,CS,D
13:54:49,ICBP,RG,7425,22,F,BK,CS,D
13:54:49,ICBP,RG,7425,8,F,BK,LG,D
13:54:49,ICBP,RG,7425,38,F,BK,YU,F
13:54:49,ICBP,RG,7425,8,F,BK,RX,D
13:54:49,ICBP,RG,7425,4,F,BK,RX,D
13:54:49,ICBP,RG,7425,19,F,BK,CS,D
13:54:49,ICBP,RG,7425,9,F,BK,LG,D
13:54:42,ICBP,RG,7425,63,F,BK,LG,D
13:54:35,ICBP,RG,7425,28,F,BK,LG,D
13:54:35,ICBP,RG,7425,5,F,BK,PC,D
13:54:35,ICBP,RG,7425,44,F,BK,CS,D
13:54:24,ICBP,RG,7425,1,F,BK,CS,D
13:54:24,ICBP,RG,7425,35,F,BK,YU,F
13:54:24,ICBP,RG,7425,1,F,BK,KK,D
13:54:24,ICBP,RG,7425,14,F,BK,CS,D
13:54:24,ICBP,RG,7425,25,F,BK,CC,D
13:54:24,ICBP,RG,7425,100,F,BK,CS,D
13:54:22,ICBP,RG,7400,1,D,DR,PD,D
13:54:19,ICBP,RG,7400,120,D,DR,KZ,D
13:54:17,ICBP,RG,7425,55,F,CC,CS,D
13:54:17,ICBP,RG,7425,48,F,CC,SS,D
13:54:15,ICBP,RG,7425,3,F,ZP,SS,D
13:54:00,ICBP,RG,7425,117,F,YU,SS,D
13:53:57,ICBP,RG,7425,5,D,XL,SS,D
13:53:37,ICBP,RG,7425,10,D,YP,SS,D
13:53:29,ICBP,RG,7400,5,D,DR,FS,D
13:53:16,ICBP,RG,7400,38,D,DR,BK,F
13:53:12,ICBP,RG,7400,2,D,DR,PD,D
13:52:58,ICBP,RG,7425,1,D,SQ,SS,D
13:52:51,ICBP,RG,7425,1,D,PD,SS,D
13:52:44,ICBP,RG,7425,15,F,ZP,SS,D
13:52:44,ICBP,RG,7425,1,F,ZP,CS,D
13:52:30,ICBP,RG,7425,1,D,PD,CS,D
13:52:24,ICBP,RG,7425,1,D,PD,CS,D
13:52:17,ICBP,RG,7400,30,D,DR,CC,D
13:52:12,ICBP,RG,7400,2,D,DR,PD,D
13:52:12,ICBP,RG,7425,1,D,PD,CS,D
13:52:04,ICBP,RG,7425,1,D,PD,CS,D
13:51:55,ICBP,RG,7425,1,D,PD,CS,D
13:51:53,ICBP,RG,7425,4,F,CC,CS,D
13:51:53,ICBP,RG,7425,18,F,CC,CS,D
13:51:34,ICBP,RG,7425,5,D,GR,CS,D
13:51:24,ICBP,RG,7425,7,F,CC,CS,D
13:51:24,ICBP,RG,7425,63,F,CC,CS,D
13:51:24,ICBP,RG,7425,2,F,CC,PD,D
13:51:24,ICBP,RG,7425,4,F,CC,YP,D
13:51:24,ICBP,RG,7425,2,F,CC,YP,D
13:51:24,ICBP,RG,7425,100,F,CC,LG,D
13:51:24,ICBP,RG,7425,6,F,CC,RX,D
13:51:24,ICBP,RG,7425,17,F,CC,RX,D
13:51:24,ICBP,RG,7425,7,F,CC,RX,D
13:51:24,ICBP,RG,7425,40,F,CC,CS,D
13:51:21,ICBP,RG,7425,1,D,DH,CS,D
13:51:11,ICBP,RG,7400,2,F,ZP,PD,D
13:51:01,ICBP,RG,7425,3,D,NI,CS,D
13:51:00,ICBP,RG,7425,37,F,YU,CS,D
13:51:00,ICBP,RG,7425,42,F,YU,KZ,D
13:50:41,ICBP,RG,7425,4,D,CC,KZ,D
13:50:38,ICBP,RG,7400,4,F,ZP,GR,D
13:50:38,ICBP,RG,7400,15,D,FZ,GR,D
13:50:38,ICBP,RG,7400,36,F,AK,GR,D
13:50:38,ICBP,RG,7400,2,D,JB,GR,D
13:50:38,ICBP,RG,7400,7,F,CC,GR,D
13:50:38,ICBP,RG,7400,3,D,NI,GR,D
13:50:38,ICBP,RG,7400,50,D,SQ,GR,D
13:50:38,ICBP,RG,7400,20,D,SQ,GR,D
13:50:38,ICBP,RG,7400,5,D,NI,GR,D
13:50:38,ICBP,RG,7400,1,D,PD,GR,D
13:50:38,ICBP,RG,7400,5,F,KZ,GR,D
13:50:38,ICBP,RG,7400,1,D,XC,GR,D
13:50:38,ICBP,RG,7400,9,F,KZ,GR,D
13:50:38,ICBP,RG,7400,3,F,KZ,GR,D
13:50:38,ICBP,RG,7400,15,D,CC,GR,D
13:50:38,ICBP,RG,7400,5,D,PD,GR,D
13:50:38,ICBP,RG,7400,1,F,KZ,GR,D
13:50:38,ICBP,RG,7400,1,D,NI,GR,D
13:50:38,ICBP,RG,7400,17,F,KZ,GR,D
13:50:26,ICBP,RG,7400,13,F,KZ,CC,D
13:50:14,ICBP,RG,7400,1,F,KZ,PD,D
13:49:47,ICBP,RG,7400,6,F,KZ,YP,D
13:49:47,ICBP,RG,7400,1,D,XC,YP,D
13:49:47,ICBP,RG,7400,1,F,KZ,YP,D
13:49:47,ICBP,RG,7400,1,D,AT,YP,D
13:49:47,ICBP,RG,7400,1,F,KZ,YP,D
13:49:47,ICBP,RG,7400,6,F,ZP,YP,D
13:49:47,ICBP,RG,7400,1,D,NI,YP,D
13:49:47,ICBP,RG,7400,11,F,ZP,YP,D
13:49:29,ICBP,RG,7425,5,D,CC,KZ,D
13:49:12,ICBP,RG,7400,2,F,ZP,PD,D
13:48:51,ICBP,RG,7425,5,D,NI,KZ,D
13:48:33,ICBP,RG,7425,1,F,AK,KZ,D
13:48:24,ICBP,RG,7425,12,D,DR,KZ,D
13:48:12,ICBP,RG,7400,2,F,ZP,PD,D
13:48:11,ICBP,RG,7400,1,F,ZP,YP,D
13:48:11,ICBP,RG,7400,1,D,XC,YP,D
13:48:11,ICBP,RG,7400,23,F,ZP,YP,D
13:48:11,ICBP,RG,7400,4,D,SQ,YP,D
13:48:11,ICBP,RG,7400,8,F,KZ,YP,D
13:48:11,ICBP,RG,7425,7,D,PD,KZ,D
13:47:43,ICBP,RG,7425,26,F,AK,KZ,D
13:47:43,ICBP,RG,7425,1,F,AK,YP,D
13:47:43,ICBP,RG,7425,51,F,AK,AK,F
13:47:41,ICBP,RG,7425,133,D,DR,AK,F
13:47:24,ICBP,RG,7400,2,F,KZ,PD,D
13:47:09,ICBP,RG,7400,81,F,KZ,PD,D
13:47:09,ICBP,RG,7400,57,F,ZP,PD,D
13:47:09,ICBP,RG,7400,61,D,BB,PD,D
13:47:09,ICBP,RG,7400,1,D,KK,PD,D
13:47:09,ICBP,RG,7400,5,F,KZ,PD,D
13:47:09,ICBP,RG,7400,16,F,ZP,PD,D
13:47:01,ICBP,RG,7400,3,F,ZP,YP,D
13:46:48,ICBP,RG,7400,4,F,ZP,KK,D
13:46:30,ICBP,RG,7400,1,F,ZP,PD,D
13:46:29,ICBP,RG,7425,26,F,YU,AK,F
13:46:29,ICBP,RG,7425,19,F,YU,BK,F
13:46:29,ICBP,RG,7425,55,F,YU,CS,D
13:46:29,ICBP,RG,7425,10,F,YU,LG,D
13:46:29,ICBP,RG,7425,11,F,YU,ZP,F
13:46:29,ICBP,RG,7425,1,F,YU,XC,D
13:46:29,ICBP,RG,7425,1,F,YU,YP,D
13:46:29,ICBP,RG,7425,1,F,YU,XC,D
13:46:29,ICBP,RG,7425,4,F,YU,RX,D
13:46:29,ICBP,RG,7425,32,F,YU,CS,D
13:46:29,ICBP,RG,7425,3,F,YU,RX,D
13:46:29,ICBP,RG,7425,20,F,YU,YP,D
13:46:29,ICBP,RG,7425,36,F,YU,YU,F
13:46:29,ICBP,RG,7425,16,F,YU,CS,D
13:46:29,ICBP,RG,7425,14,F,YU,YP,D
13:46:29,ICBP,RG,7425,2,F,YU,BK,F
13:46:29,ICBP,RG,7425,4,F,YU,RX,D
13:46:29,ICBP,RG,7425,9,F,YU,ZP,F
13:46:29,ICBP,RG,7425,5,F,YU,RX,D
13:46:29,ICBP,RG,7425,11,F,YU,RX,D
13:46:29,ICBP,RG,7425,5,F,YU,PD,D
13:46:29,ICBP,RG,7425,45,F,YU,CS,D
13:46:29,ICBP,RG,7425,7,F,YU,ZP,F
13:46:29,ICBP,RG,7425,3,F,YU,CS,D
13:46:19,ICBP,RG,7425,2,D,BB,CS,D
13:45:47,ICBP,RG,7400,5,F,ZP,NI,D
13:45:38,ICBP,RG,7400,4,F,ZP,RX,D
13:45:20,ICBP,RG,7400,79,F,ZP,YP,D
13:45:20,ICBP,RG,7400,3,D,OD,YP,D
13:45:20,ICBP,RG,7400,10,D,SQ,YP,D
13:45:20,ICBP,RG,7400,108,F,KZ,YP,D
13:45:18,ICBP,RG,7400,14,F,KZ,RX,D
13:45:17,ICBP,RG,7400,2,F,KZ,PD,D
13:45:15,ICBP,RG,7400,24,F,KZ,BK,F
13:45:14,ICBP,RG,7400,75,F,KZ,CS,D
13:45:13,ICBP,RG,7400,79,F,KZ,CS,D
13:45:13,ICBP,RG,7400,2,D,OD,CS,D
13:45:13,ICBP,RG,7400,130,D,NI,CS,D
13:45:10,ICBP,RG,7400,15,D,NI,MU,D
13:45:09,ICBP,RG,7400,4,D,NI,RX,D
13:45:07,ICBP,RG,7400,15,D,NI,PD,D
13:45:04,ICBP,RG,7400,4,D,NI,RX,D
13:44:41,ICBP,RG,7400,10,D,NI,XC,D
13:44:28,ICBP,RG,7400,22,D,NI,CS,D
13:44:28,ICBP,RG,7400,8,D,XL,CS,D
13:44:28,ICBP,RG,7400,20,D,XL,CS,D
13:44:28,ICBP,RG,7400,4,D,HD,CS,D
13:44:17,ICBP,RG,7400,2,D,HD,PD,D
13:43:42,ICBP,RG,7400,25,D,HD,CC,D
13:43:24,ICBP,RG,7400,2,D,HD,PD,D
13:43:07,ICBP,RG,7400,15,D,HD,SQ,D
13:42:30,ICBP,RG,7400,2,D,HD,PD,D
13:42:07,ICBP,RG,7400,10,D,HD,RX,D
13:42:05,ICBP,RG,7400,7,D,HD,RX,D
13:42:05,ICBP,RG,7400,8,D,HD,RX,D
13:42:02,ICBP,RG,7425,2,D,XC,CS,D
13:42:00,ICBP,RG,7400,4,D,HD,EP,D
13:41:26,ICBP,RG,7400,1,D,HD,PD,D
13:41:15,ICBP,RG,7425,2,D,YP,CS,D
13:40:53,ICBP,RG,7425,1,D,YP,CS,D
13:40:18,ICBP,RG,7400,2,D,HD,PD,D
13:39:52,ICBP,RG,7425,2,D,PD,CS,D
13:39:47,ICBP,RG,7400,62,D,HD,CS,D
13:39:45,ICBP,RG,7400,10,D,HD,SQ,D
13:39:19,ICBP,RG,7400,2,D,HD,PD,D
13:39:14,ICBP,RG,7425,5,D,OD,CS,D
13:39:14,ICBP,RG,7425,4,D,OD,CS,D
13:39:14,ICBP,RG,7425,11,D,OD,CS,D
13:38:41,ICBP,RG,7425,11,D,YJ,CS,D
13:38:34,ICBP,RG,7400,1,D,HD,YP,D
13:38:29,ICBP,RG,7400,2,D,HD,PD,D
13:38:15,ICBP,RG,7425,7,D,XC,CS,D
13:38:05,ICBP,RG,7425,5,D,DR,CS,D
13:37:38,ICBP,RG,7425,1,D,BQ,CS,D
13:37:29,ICBP,RG,7425,71,D,DR,CS,D
13:37:29,ICBP,RG,7425,4,D,DR,BK,F
13:37:14,ICBP,RG,7400,1,D,HD,PD,D
13:37:09,ICBP,RG,7425,20,D,NI,BK,F
13:37:09,ICBP,RG,7425,20,D,NI,YU,F
13:36:38,ICBP,RG,7400,3,D,HD,AT,D
13:36:16,ICBP,RG,7400,2,D,HD,PD,D
13:35:29,ICBP,RG,7425,3,D,XL,YU,F
13:35:20,ICBP,RG,7400,2,D,HD,PD,D
13:35:13,ICBP,RG,7400,1,D,HD,XC,D
13:34:42,ICBP,RG,7425,33,D,KK,YU,F
13:34:42,ICBP,RG,7425,5,D,KK,RX,D
13:34:42,ICBP,RG,7425,50,D,KK,YP,D
13:34:42,ICBP,RG,7425,7,D,KK,ZP,F
13:34:42,ICBP,RG,7425,15,D,KK,YP,D
13:34:42,ICBP,RG,7425,221,D,KK,PD,D
13:34:42,ICBP,RG,7425,22,D,KK,CS,D
13:34:42,ICBP,RG,7425,17,D,KK,CS,D
13:34:42,ICBP,RG,7425,10,D,KK,CC,F
13:34:18,ICBP,RG,7425,7,D,NI,CC,F
13:34:12,ICBP,RG,7400,2,D,HD,PD,D
13:34:01,ICBP,RG,7425,5,D,XC,CC,F
13:33:56,ICBP,RG,7425,7,D,DR,CC,F
13:33:47,ICBP,RG,7425,1,D,NI,CC,F
13:33:44,ICBP,RG,7425,8,D,DR,CC,F
13:33:44,ICBP,RG,7425,72,D,DR,YU,F
13:33:13,ICBP,RG,7400,1,D,HD,PD,D
13:33:12,ICBP,RG,7425,2,D,PD,YU,F
13:33:04,ICBP,RG,7425,1,D,NI,YU,F
13:32:56,ICBP,RG,7425,22,D,NI,YU,F
13:32:56,ICBP,RG,7425,3,D,NI,LG,D
13:32:27,ICBP,RG,7425,1,D,BQ,LG,D
13:32:24,ICBP,RG,7400,2,D,HD,PD,D
13:32:19,ICBP,RG,7425,1,D,NI,LG,D
13:31:55,ICBP,RG,7425,1,D,BQ,LG,D
13:31:51,ICBP,RG,7425,2,D,XC,LG,D
13:31:43,ICBP,RG,7400,2,D,HD,PD,D
13:31:28,ICBP,RG,7400,25,D,HD,BK,F
13:31:28,ICBP,RG,7400,1,F,ZP,BK,F
13:31:28,ICBP,RG,7400,5,D,NI,BK,F
13:31:27,ICBP,RG,7425,92,F,ZP,LG,D
13:31:27,ICBP,RG,7425,10,F,ZP,CS,D
13:31:27,ICBP,RG,7425,6,F,ZP,YP,D
13:31:27,ICBP,RG,7425,10,F,ZP,CS,D
13:31:27,ICBP,RG,7425,18,F,ZP,ZP,F
13:31:27,ICBP,RG,7425,10,F,ZP,KZ,D
13:31:19,ICBP,RG,7425,15,F,ZP,KZ,D
13:31:15,ICBP,RG,7425,101,D,DR,AK,F
13:31:15,ICBP,RG,7425,6,F,ZP,AK,F
13:31:15,ICBP,RG,7425,40,F,KZ,AK,F
13:31:13,ICBP,RG,7425,59,F,KZ,AK,F
13:31:13,ICBP,RG,7425,13,D,DR,AK,F
13:31:13,ICBP,RG,7425,5,D,RO,AK,F
13:31:13,ICBP,RG,7425,14,F,ZP,AK,F
13:31:13,ICBP,RG,7425,94,F,AK,AK,F
13:31:13,ICBP,RG,7425,19,F,ZP,AK,F
13:31:13,ICBP,RG,7425,36,D,DR,AK,F
13:31:03,ICBP,RG,7425,67,D,DR,AI,D
13:31:03,ICBP,RG,7425,4,D,DR,AI,D
13:31:03,ICBP,RG,7425,19,F,KZ,AI,D
13:30:56,ICBP,RG,7450,3,F,KZ,XA,D
13:30:55,ICBP,RG,7450,13,F,KZ,XA,D
13:30:52,ICBP,RG,7450,8,F,KZ,XA,D
13:30:49,ICBP,RG,7450,5,F,KZ,XA,D
13:30:46,ICBP,RG,7425,1,F,KZ,XL,D
13:30:45,ICBP,RG,7450,3,F,KZ,XA,D
13:30:42,ICBP,RG,7450,2,F,KZ,XA,D
13:30:39,ICBP,RG,7450,2,F,KZ,XA,D
13:30:36,ICBP,RG,7450,4,F,KZ,XA,D
13:30:33,ICBP,RG,7450,10,F,ZP,XA,D
13:30:31,ICBP,RG,7450,89,F,KZ,XA,D
13:30:31,ICBP,RG,7450,2,F,KZ,PD,D
13:30:31,ICBP,RG,7450,2,F,KZ,DH,D
13:30:31,ICBP,RG,7450,20,F,KZ,XC,D
13:30:31,ICBP,RG,7450,10,F,KZ,XC,D
13:30:31,ICBP,RG,7450,15,F,KZ,DR,D
13:30:29,ICBP,RG,7450,17,F,ZP,DR,D
13:30:28,ICBP,RG,7425,200,F,KZ,HD,D
13:30:27,ICBP,RG,7450,50,F,ZP,DR,D
13:30:25,ICBP,RG,7400,5,D,YP,YP,D
13:30:25,ICBP,RG,7400,4,D,YP,YP,D
13:30:25,ICBP,RG,7425,16,F,KZ,YP,D
13:30:24,ICBP,RG,7425,240,F,KZ,AK,F
13:30:24,ICBP,RG,7425,23,F,KZ,YU,F
13:30:24,ICBP,RG,7425,8,F,KZ,CS,D
13:30:24,ICBP,RG,7425,1,F,KZ,YP,D
13:30:21,ICBP,RG,7425,382,F,KZ,AK,F
13:30:21,ICBP,RG,7425,4,F,KZ,XC,D
13:30:21,ICBP,RG,7425,31,F,KZ,KZ,D
13:30:21,ICBP,RG,7425,1,F,KZ,ZP,F
13:30:21,ICBP,RG,7425,1,F,KZ,DH,D
13:30:21,ICBP,RG,7425,3,F,KZ,CC,D
13:30:21,ICBP,RG,7425,28,F,KZ,CC,D
13:30:18,ICBP,RG,7400,1,D,YP,PD,D
13:30:18,ICBP,RG,7400,1,D,YP,PD,D
13:30:18,ICBP,RG,7425,51,F,ZP,CC,D
13:30:17,ICBP,RG,7425,89,F,KZ,CC,D
13:30:17,ICBP,RG,7425,1,F,KZ,CC,D
13:30:17,ICBP,RG,7425,3,F,KZ,EP,D
13:30:17,ICBP,RG,7425,5,F,KZ,KK,D
13:30:17,ICBP,RG,7425,2,F,KZ,PD,D
13:30:17,ICBP,RG,7425,10,F,KZ,LG,D
13:30:17,ICBP,RG,7425,2,F,KZ,YB,D
13:30:17,ICBP,RG,7425,2,F,KZ,GR,D
13:30:17,ICBP,RG,7425,75,F,KZ,IF,D
13:30:17,ICBP,RG,7425,5,F,KZ,YP,D
13:30:17,ICBP,RG,7425,1,F,KZ,NI,D
13:30:17,ICBP,RG,7425,3,F,KZ,XL,D
13:30:17,ICBP,RG,7425,100,F,KZ,LG,D
13:30:17,ICBP,RG,7425,100,F,KZ,LG,D
13:30:17,ICBP,RG,7425,2,F,KZ,GR,D
13:30:17,ICBP,RG,7425,10,F,KZ,CC,F
13:30:17,ICBP,RG,7425,50,F,KZ,PD,D
13:30:17,ICBP,RG,7425,7,F,KZ,XL,D
13:30:17,ICBP,RG,7425,1,F,KZ,NI,D
13:30:17,ICBP,RG,7425,100,F,KZ,LG,D
13:30:17,ICBP,RG,7425,50,F,KZ,YU,D
13:30:17,ICBP,RG,7425,10,F,KZ,YP,D
13:30:17,ICBP,RG,7425,84,F,KZ,BK,F
13:30:16,ICBP,RG,7400,1,D,YP,XL,D
13:30:15,ICBP,RG,7400,1,D,YP,YP,D
13:30:15,ICBP,RG,7400,20,D,YP,YP,D
13:30:15,ICBP,RG,7400,9,D,YP,YP,D
13:30:15,ICBP,RG,7400,3,D,YP,YP,D
13:30:15,ICBP,RG,7400,5,D,YP,YP,D
13:30:15,ICBP,RG,7400,8,D,YP,CS,D
13:30:15,ICBP,RG,7400,6,D,YP,CC,D
13:30:15,ICBP,RG,7400,1,D,YP,XC,D
13:30:15,ICBP,RG,7400,2,D,YP,XC,D
13:30:15,ICBP,RG,7400,16,D,YP,XC,D
13:30:14,ICBP,RG,7400,2,D,YP,XC,D
13:30:14,ICBP,RG,7400,11,D,YP,XC,D
13:30:14,ICBP,RG,7400,4,D,YP,XC,D
13:30:14,ICBP,RG,7400,4,D,YP,XC,D
13:30:14,ICBP,RG,7400,10,D,YP,XC,D
13:30:14,ICBP,RG,7400,140,D,YP,XC,D
13:30:12,ICBP,RG,7400,28,F,AK,XC,D
13:30:11,ICBP,RG,7400,20,D,XL,XC,D
13:30:10,ICBP,RG,7400,1,F,KK,XC,D
13:30:09,ICBP,RG,7400,4,D,CC,XC,D
13:30:09,ICBP,RG,7400,6,F,AK,XC,D
13:30:09,ICBP,RG,7400,1,D,CC,XC,D
13:30:08,ICBP,RG,7400,2,D,CC,XC,D
13:30:07,ICBP,RG,7400,2,D,PD,XC,D
13:30:07,ICBP,RG,7400,6,D,PD,XC,D
13:30:06,ICBP,RG,7400,19,F,KZ,XC,D
13:30:06,ICBP,RG,7400,97,F,KZ,KZ,D
13:30:06,ICBP,RG,7400,9,F,KZ,ZP,F
13:30:06,ICBP,RG,7400,107,F,KZ,YU,F
13:30:06,ICBP,RG,7400,2,F,KZ,XC,D
13:30:06,ICBP,RG,7400,1,F,KZ,PD,D
13:30:06,ICBP,RG,7400,43,F,KZ,PD,D
13:30:06,ICBP,RG,7400,5,F,KZ,CC,D
13:30:06,ICBP,RG,7400,8,F,KZ,RX,D
13:30:06,ICBP,RG,7400,14,F,KZ,RX,D
13:30:06,ICBP,RG,7400,28,F,KZ,LG,D
13:30:06,ICBP,RG,7400,167,F,KZ,CC,F
13:30:06,ICBP,RG,7400,3,D,XC,CC,F
13:30:06,ICBP,RG,7400,3,D,XC,CC,F
13:30:06,ICBP,RG,7400,2,D,XC,CC,F
13:30:06,ICBP,RG,7375,3,F,ZP,CC,D
13:30:05,ICBP,RG,7400,1,D,CC,CC,F
13:30:05,ICBP,RG,7400,2,D,XC,CC,F
13:30:05,ICBP,RG,7400,1,D,XC,CC,F
13:30:05,ICBP,RG,7400,2,D,XC,CC,F
13:30:05,ICBP,RG,7375,1,F,ZP,PD,D
13:30:05,ICBP,RG,7400,3,D,XC,CC,F
13:30:04,ICBP,RG,7400,16,F,ZP,CC,F
13:30:04,ICBP,RG,7400,1,F,ZP,PD,D
13:30:04,ICBP,RG,7400,6,F,ZP,PD,D
13:30:04,ICBP,RG,7400,1,F,ZP,PD,D
13:30:04,ICBP,RG,7400,2,F,ZP,SQ,D
13:30:04,ICBP,RG,7400,10,F,ZP,YU,D
13:30:04,ICBP,RG,7400,10,F,ZP,TP,D
13:30:04,ICBP,RG,7400,5,F,ZP,RX,D
13:30:04,ICBP,RG,7400,1,F,ZP,PD,D
13:30:04,ICBP,RG,7400,19,F,ZP,CC,F
13:30:04,ICBP,RG,7400,2,F,ZP,BK,F
13:30:04,ICBP,RG,7400,2,F,ZP,PD,D
13:30:04,ICBP,RG,7400,11,F,ZP,CS,D
13:30:04,ICBP,RG,7400,2,F,ZP,CS,D
13:30:04,ICBP,RG,7400,3,F,ZP,CS,D
13:30:04,ICBP,RG,7400,2,F,ZP,CS,D
13:30:04,ICBP,RG,7400,7,F,ZP,CS,D
13:30:04,ICBP,RG,7400,10,F,ZP,YP,D
13:30:04,ICBP,RG,7400,28,F,ZP,CS,D
13:30:04,ICBP,RG,7375,18,F,ZP,BK,F
13:30:04,ICBP,RG,7400,1,D,PD,CS,D
13:30:04,ICBP,RG,7400,3,D,PD,CS,D
13:30:04,ICBP,RG,7400,1,D,PD,CS,D
13:30:04,ICBP,RG,7400,3,F,KZ,CS,D
13:30:04,ICBP,RG,7400,1,D,PD,CS,D
13:30:04,ICBP,RG,7400,1,D,KK,CS,D
13:30:03,ICBP,RG,7400,1,D,KK,CS,D
13:30:03,ICBP,RG,7400,5,D,AG,CS,D
13:30:03,ICBP,RG,7375,5,F,ZP,PD,D
13:30:03,ICBP,RG,7375,1,F,ZP,PD,D
13:30:03,ICBP,RG,7400,2,D,PD,CS,D
13:30:03,ICBP,RG,7400,3,D,PD,CS,D
13:30:03,ICBP,RG,7400,4,D,PD,CS,D
13:30:03,ICBP,RG,7375,46,F,ZP,CC,F
13:30:03,ICBP,RG,7400,1,D,PD,PD,D
13:30:02,ICBP,RG,7400,1,D,PD,PD,D
13:30:02,ICBP,RG,7400,1,D,SQ,PD,D
13:30:02,ICBP,RG,7400,29,D,CC,CS,D
13:30:02,ICBP,RG,7400,15,D,CC,CS,D
13:30:02,ICBP,RG,7400,1,D,CC,CS,D
13:30:02,ICBP,RG,7400,2,D,PD,CS,D
13:30:02,ICBP,RG,7400,2,D,PD,CS,D
13:30:02,ICBP,RG,7400,4,D,PD,CS,D
13:30:02,ICBP,RG,7400,9,D,DH,CS,D
13:30:02,ICBP,RG,7400,38,D,DH,CS,D
13:30:02,ICBP,RG,7400,10,D,DH,YP,D
13:30:02,ICBP,RG,7400,64,D,DH,BK,F
13:30:02,ICBP,RG,7400,8,D,DH,RX,D
13:30:02,ICBP,RG,7400,7,D,DH,YP,D
13:30:02,ICBP,RG,7400,2,D,DH,YP,D
13:30:02,ICBP,RG,7400,2,D,CC,YP,D
13:30:01,ICBP,RG,7400,1,D,PD,YP,D
13:30:01,ICBP,RG,7400,2,D,SQ,YP,D
13:30:01,ICBP,RG,7400,1,D,PD,YP,D
13:30:01,ICBP,RG,7400,3,D,PD,XC,D
13:30:01,ICBP,RG,7400,6,D,PD,CS,D
13:30:01,ICBP,RG,7400,1,D,PD,CS,D
13:30:01,ICBP,RG,7400,1,D,KK,CS,D
13:30:01,ICBP,RG,7400,9,D,KK,CS,D
13:30:01,ICBP,RG,7400,2,D,DX,CS,D
13:30:01,ICBP,RG,7400,3,D,KK,CS,D
13:30:01,ICBP,RG,7400,5,D,SQ,YP,D
13:30:01,ICBP,RG,7400,1,D,PD,YP,D
13:30:01,ICBP,RG,7400,9,D,GR,YP,D
13:30:01,ICBP,RG,7400,1,D,GR,XC,D
13:30:01,ICBP,RG,7400,10,D,GR,CS,D
13:30:01,ICBP,RG,7400,1,D,GR,CS,D
13:30:01,ICBP,RG,7400,5,D,KK,CS,D
13:30:01,ICBP,RG,7375,2,F,ZP,YU,D
13:30:01,ICBP,RG,7375,1,F,ZP,PD,D
13:30:01,ICBP,RG,7375,15,F,ZP,YJ,D
13:30:01,ICBP,RG,7375,1,F,ZP,YJ,D
13:30:01,ICBP,RG,7400,1,D,PD,CS,D
13:30:01,ICBP,RG,7400,17,D,KI,CS,D
13:30:01,ICBP,RG,7400,3,D,KI,CS,D
13:30:01,ICBP,RG,7400,31,D,KI,CS,D
13:30:01,ICBP,RG,7400,57,D,KI,YP,D
11:29:55,ICBP,RG,7400,43,D,YP,YP,D
11:29:55,ICBP,RG,7400,1,D,YP,YP,D
11:29:55,ICBP,RG,7400,11,D,YP,PD,D
11:29:55,ICBP,RG,7400,2,D,YP,CS,D
11:29:55,ICBP,RG,7400,8,D,YP,CS,D
11:29:43,ICBP,RG,7400,4,D,DR,CS,D
11:29:43,ICBP,RG,7400,6,D,DR,CS,D
11:29:43,ICBP,RG,7400,10,D,BB,CS,D
11:29:43,ICBP,RG,7400,5,D,BB,NI,D
11:29:43,ICBP,RG,7400,13,D,BB,DH,D
11:29:32,ICBP,RG,7375,1,F,CC,RX,D
11:29:29,ICBP,RG,7375,1,F,CC,PD,D
11:29:28,ICBP,RG,7400,7,D,DR,DH,D
11:29:28,ICBP,RG,7400,2,D,DR,CC,D
11:29:27,ICBP,RG,7375,1,F,CC,RX,D
11:29:27,ICBP,RG,7400,102,D,DR,SQ,D
11:29:17,ICBP,RG,7400,1,D,XC,SQ,D
11:28:57,ICBP,RG,7400,53,D,BB,SQ,D
11:28:31,ICBP,RG,7375,2,F,CC,RX,D
11:28:18,ICBP,RG,7375,2,F,CC,PD,D
11:27:48,ICBP,RG,7400,5,F,ZP,SQ,D
11:27:46,ICBP,RG,7400,4,D,DR,SQ,D
11:27:38,ICBP,RG,7375,1,F,CC,RX,D
11:27:37,ICBP,RG,7375,2,F,CC,PD,D
11:27:33,ICBP,RG,7400,7,F,ZP,SQ,D
11:27:31,ICBP,RG,7400,28,D,BB,SQ,D
11:27:31,ICBP,RG,7400,1,D,BB,NI,D
11:27:18,ICBP,RG,7400,5,F,ZP,NI,D
11:27:16,ICBP,RG,7400,4,D,CC,NI,D
11:27:16,ICBP,RG,7400,5,D,CC,TP,D
11:27:16,ICBP,RG,7400,1,D,CC,XC,D
11:27:01,ICBP,RG,7375,1,F,CC,RX,D
11:26:58,ICBP,RG,7400,7,F,ZP,NI,D
11:26:57,ICBP,RG,7400,18,D,PD,NI,D
11:26:57,ICBP,RG,7400,4,D,PD,XC,D
11:26:57,ICBP,RG,7400,15,D,PD,CC,D
11:26:57,ICBP,RG,7400,3,D,PD,CC,D
11:26:57,ICBP,RG,7400,10,D,PD,CS,D
11:26:44,ICBP,RG,7400,1,D,BQ,CS,D
11:26:43,ICBP,RG,7400,3,F,ZP,CS,D
11:26:43,ICBP,RG,7400,3,F,ZP,CS,D
11:26:41,ICBP,RG,7400,16,D,YJ,CS,D
11:26:34,ICBP,RG,7375,2,F,CC,PD,D
11:26:32,ICBP,RG,7375,3,F,CC,XC,D
11:26:30,ICBP,RG,7375,2,F,CC,RX,D
11:26:13,ICBP,RG,7375,50,F,CC,YP,D
11:25:54,ICBP,RG,7375,1,F,CC,RX,D
11:25:48,ICBP,RG,7375,1,F,CC,YP,D
11:25:44,ICBP,RG,7375,1,F,CC,PD,D
11:25:44,ICBP,RG,7400,20,D,OD,CS,D
11:25:16,ICBP,RG,7375,1,F,CC,RX,D
11:25:14,ICBP,RG,7400,1,D,PD,CS,D
11:25:06,ICBP,RG,7400,10,D,CC,CS,D
11:24:46,ICBP,RG,7375,1,F,CC,RX,D
11:24:40,ICBP,RG,7400,8,F,ZP,CS,D
11:24:39,ICBP,RG,7375,10,F,CC,XL,D
11:24:38,ICBP,RG,7375,2,F,CC,PD,D
11:24:05,ICBP,RG,7375,1,F,CC,RX,D
11:23:48,ICBP,RG,7400,6,F,ZP,CS,D
11:23:48,ICBP,RG,7400,10,F,ZP,CC,F
11:23:47,ICBP,RG,7400,10,D,PD,CC,F
11:23:47,ICBP,RG,7400,1,D,PD,NI,D
11:23:47,ICBP,RG,7400,8,D,PD,CS,D
11:23:47,ICBP,RG,7400,12,D,PD,CC,F
11:23:31,ICBP,RG,7375,2,F,CC,PD,D
11:23:01,ICBP,RG,7400,1,D,BQ,CC,F
11:22:45,ICBP,RG,7375,2,F,CC,RX,D
11:22:43,ICBP,RG,7375,1,F,CC,RX,D
11:22:30,ICBP,RG,7400,2,F,ZP,CC,F
11:22:30,ICBP,RG,7400,2,F,ZP,BK,F
11:22:30,ICBP,RG,7400,2,F,ZP,CC,F
11:22:30,ICBP,RG,7375,221,F,CC,PD,D
11:22:23,ICBP,RG,7375,31,F,CC,BK,F
11:22:22,ICBP,RG,7375,81,F,CC,CS,D
11:22:18,ICBP,RG,7400,3,D,PD,CC,F
11:22:12,ICBP,RG,7375,2,F,CC,PD,D
11:21:52,ICBP,RG,7400,1,D,NI,CC,F
11:21:29,ICBP,RG,7400,1,D,PD,CC,F
11:21:27,ICBP,RG,7375,1,F,CC,RX,D
11:21:21,ICBP,RG,7400,2,D,PD,CC,F
11:21:16,ICBP,RG,7375,1,F,CC,PD,D
11:21:16,ICBP,RG,7375,2,F,CC,BK,F
11:21:06,ICBP,RG,7375,3,F,CC,RX,D
11:21:03,ICBP,RG,7375,1,F,CC,PD,D
11:20:59,ICBP,RG,7375,5,F,CC,TP,D
11:20:59,ICBP,RG,7375,152,F,CC,CS,D
11:20:59,ICBP,RG,7375,40,F,ZP,CS,D
11:20:59,ICBP,RG,7375,42,D,BB,CS,D
11:20:40,ICBP,RG,7400,1,D,PD,CC,F
11:20:40,ICBP,RG,7400,1,D,PD,CS,D
11:20:34,ICBP,RG,7375,37,D,BB,XC,D
11:20:17,ICBP,RG,7400,4,D,YP,CS,D
11:20:00,ICBP,RG,7400,7,F,ZP,CS,D
11:19:59,ICBP,RG,7375,2,D,BB,EP,D
11:19:48,ICBP,RG,7400,5,F,ZP,CS,D
11:19:47,ICBP,RG,7375,4,D,BB,EP,D
11:19:42,ICBP,RG,7400,4,F,ZP,CS,D
11:19:42,ICBP,RG,7400,7,F,ZP,BK,F
11:19:41,ICBP,RG,7400,6,D,PD,BK,F
11:19:28,ICBP,RG,7375,2,D,BB,XC,D
11:19:11,ICBP,RG,7375,1,D,BB,NI,D
11:18:59,ICBP,RG,7400,1,F,AK,BK,F
11:18:58,ICBP,RG,7400,5,D,GR,BK,F
11:18:43,ICBP,RG,7400,1,D,YP,BK,F
11:18:41,ICBP,RG,7400,10,D,PD,BK,F
11:18:31,ICBP,RG,7400,1,D,XC,BK,F
11:17:58,ICBP,RG,7400,6,F,ZP,BK,F
11:17:56,ICBP,RG,7375,10,D,BB,CC,F
11:17:41,ICBP,RG,7400,7,D,PD,BK,F
11:16:55,ICBP,RG,7400,1,D,CC,BK,F
11:16:44,ICBP,RG,7400,13,D,CC,BK,F
11:16:20,ICBP,RG,7400,2,D,DH,BK,F
11:16:04,ICBP,RG,7400,1,D,BQ,BK,F
11:15:57,ICBP,RG,7400,26,F,ZP,BK,F
11:15:56,ICBP,RG,7400,5,D,DH,BK,F
11:15:33,ICBP,RG,7400,1,D,PD,BK,F
11:14:18,ICBP,RG,7400,33,F,ZP,BK,F
11:14:17,ICBP,RG,7375,16,D,BB,PD,D
11:14:17,ICBP,RG,7375,2,F,CC,PD,D
11:14:17,ICBP,RG,7375,203,D,LG,PD,D
11:13:56,ICBP,RG,7400,140,D,DR,BK,F
11:13:56,ICBP,RG,7400,3,D,DR,CS,D
11:13:56,ICBP,RG,7400,14,D,DR,CS,D
11:13:56,ICBP,RG,7400,7,D,DR,CS,D
11:13:56,ICBP,RG,7400,25,D,DR,CS,D
11:13:56,ICBP,RG,7400,15,D,DR,SQ,D
11:13:40,ICBP,RG,7400,10,D,SQ,SQ,D
11:13:16,ICBP,RG,7400,11,D,CC,SQ,D
11:13:15,ICBP,RG,7400,5,D,PD,SQ,D
11:13:15,ICBP,RG,7400,1,D,PD,SQ,D
11:12:59,ICBP,RG,7400,1,D,KK,SQ,D
11:12:46,ICBP,RG,7400,5,D,PD,SQ,D
11:12:41,ICBP,RG,7400,1,D,PD,SQ,D
11:12:22,ICBP,RG,7400,19,D,OD,SQ,D
11:12:13,ICBP,RG,7400,15,D,DR,SQ,D
11:11:21,ICBP,RG,7400,1,D,PD,SQ,D
11:11:21,ICBP,RG,7400,4,D,PD,SQ,D
11:10:54,ICBP,RG,7375,46,D,LG,PD,D
11:10:10,ICBP,RG,7375,2,D,LG,YP,D
11:09:47,ICBP,RG,7400,5,D,PD,SQ,D
11:09:09,ICBP,RG,7400,4,D,PD,SQ,D
11:08:56,ICBP,RG,7400,2,D,NI,SQ,D
11:08:48,ICBP,RG,7400,2,D,BQ,SQ,D
11:08:31,ICBP,RG,7400,1,D,YP,SQ,D
11:08:29,ICBP,RG,7375,10,D,LG,CC,D
11:08:14,ICBP,RG,7375,5,D,LG,SQ,D
11:07:47,ICBP,RG,7400,2,D,PD,SQ,D
11:06:50,ICBP,RG,7400,10,D,CC,SQ,D
11:06:11,ICBP,RG,7400,5,D,YP,SQ,D
11:06:10,ICBP,RG,7400,10,D,YP,SQ,D
11:06:04,ICBP,RG,7400,2,D,DR,SQ,D
11:06:03,ICBP,RG,7400,1,D,KK,SQ,D
11:06:00,ICBP,RG,7375,1,D,LG,GR,D
11:05:52,ICBP,RG,7375,1,D,LG,PD,D
11:05:34,ICBP,RG,7375,2,D,LG,XL,D
11:05:29,ICBP,RG,7375,1,D,PD,BK,F
11:05:27,ICBP,RG,7375,10,F,CC,CC,D
11:05:27,ICBP,RG,7375,41,F,CC,RX,D
11:05:27,ICBP,RG,7375,13,F,CC,RX,D
11:05:27,ICBP,RG,7375,39,F,CC,CS,D
11:05:27,ICBP,RG,7375,149,F,CC,BK,F
11:05:27,ICBP,RG,7375,32,F,CC,YU,F
11:05:27,ICBP,RG,7375,10,F,CC,PD,D
11:05:27,ICBP,RG,7375,2,F,CC,XC,D
11:05:27,ICBP,RG,7375,3,F,CC,BK,F
11:05:27,ICBP,RG,7375,13,F,CC,CS,D
11:05:27,ICBP,RG,7375,1,F,CC,CS,D
11:05:10,ICBP,RG,7375,2,D,GR,CS,D
11:05:09,ICBP,RG,7375,1,D,EP,CS,D
11:05:05,ICBP,RG,7350,8,D,CC,BK,F
11:05:03,ICBP,RG,7375,5,D,TP,CS,D
11:05:00,ICBP,RG,7375,4,D,PD,CS,D
11:05:00,ICBP,RG,7350,8,D,CC,YP,D
11:04:56,ICBP,RG,7350,10,D,CC,BK,F
11:04:53,ICBP,RG,7350,3,D,CC,RX,D
11:04:51,ICBP,RG,7350,1,D,CC,XC,D
11:04:50,ICBP,RG,7350,1,D,CC,BK,F
11:04:50,ICBP,RG,7350,1,D,YP,BK,F
11:04:50,ICBP,RG,7350,1,D,XC,BK,F
11:04:50,ICBP,RG,7350,2,D,GR,BK,F
11:04:50,ICBP,RG,7350,1,D,AT,BK,F
11:04:50,ICBP,RG,7350,5,D,LG,BK,F
11:04:50,ICBP,RG,7350,3,D,PD,BK,F
11:04:50,ICBP,RG,7350,7,D,CC,BK,F
11:04:48,ICBP,RG,7350,4,D,CC,YP,D
11:04:47,ICBP,RG,7350,9,D,CC,BK,F
11:04:47,ICBP,RG,7350,1,D,PD,BK,F
11:04:46,ICBP,RG,7375,32,F,ZP,BK,F
11:04:41,ICBP,RG,7375,13,F,ZP,RX,D
11:04:41,ICBP,RG,7375,39,F,ZP,CS,D
11:04:41,ICBP,RG,7375,13,F,ZP,CS,D
11:04:41,ICBP,RG,7375,31,F,ZP,BK,F
11:04:41,ICBP,RG,7375,1,D,CC,BK,F
11:04:41,ICBP,RG,7375,1,D,OD,BK,F
11:04:41,ICBP,RG,7375,4,D,YP,BK,F
11:04:41,ICBP,RG,7375,25,D,XC,BK,F
11:04:41,ICBP,RG,7375,10,D,TP,BK,F
11:04:41,ICBP,RG,7375,10,D,XC,BK,F
11:04:41,ICBP,RG,7375,1,D,PD,BK,F
11:04:41,ICBP,RG,7375,2,D,XC,BK,F
11:04:41,ICBP,RG,7375,2,D,CC,BK,F
11:04:41,ICBP,RG,7375,1,D,PD,BK,F
11:04:41,ICBP,RG,7375,10,D,PD,BK,F
11:04:41,ICBP,RG,7375,1,D,SQ,BK,F
11:04:41,ICBP,RG,7375,2,D,XC,BK,F
11:04:41,ICBP,RG,7375,1,D,EP,BK,F
11:04:41,ICBP,RG,7375,5,D,DX,BK,F
11:04:41,ICBP,RG,7375,15,D,NI,BK,F
11:04:41,ICBP,RG,7375,10,D,XL,BK,F
11:04:41,ICBP,RG,7375,1,D,XC,BK,F
11:04:41,ICBP,RG,7375,1,D,YP,BK,F
11:04:41,ICBP,RG,7375,33,D,HD,BK,F
11:04:40,ICBP,RG,7375,32,D,HD,BK,F
11:04:39,ICBP,RG,7375,40,D,HD,NI,D
11:04:39,ICBP,RG,7375,95,D,HD,BK,F
11:04:39,ICBP,RG,7375,4,D,XL,BK,F
11:04:39,ICBP,RG,7375,15,D,NI,BK,F
11:04:39,ICBP,RG,7375,10,D,YP,BK,F
11:04:39,ICBP,RG,7375,1,D,XC,BK,F
11:04:39,ICBP,RG,7375,65,D,NI,BK,F
11:04:39,ICBP,RG,7375,10,D,YP,BK,F
11:04:39,ICBP,RG,7375,160,D,AZ,BK,F
11:04:39,ICBP,RG,7375,1,D,PD,BK,F
11:04:39,ICBP,RG,7375,1,D,XC,BK,F
11:04:39,ICBP,RG,7375,5,D,XC,BK,F
11:04:39,ICBP,RG,7375,16,D,YB,BK,F
11:04:39,ICBP,RG,7375,2,D,YP,BK,F
11:04:39,ICBP,RG,7375,2,D,PD,BK,F
11:04:39,ICBP,RG,7375,2,D,GR,BK,F
11:04:39,ICBP,RG,7375,100,D,SQ,BK,F
11:04:39,ICBP,RG,7375,20,D,SQ,BK,F
11:04:39,ICBP,RG,7375,2,D,GR,BK,F
11:04:39,ICBP,RG,7375,1,D,XL,BK,F
11:04:39,ICBP,RG,7375,1,D,PD,BK,F
11:04:39,ICBP,RG,7375,1,D,PD,BK,F
11:04:39,ICBP,RG,7375,1,D,PD,BK,F
11:04:39,ICBP,RG,7375,1,D,PD,BK,F
11:04:39,ICBP,RG,7375,1,D,PD,BK,F
11:04:39,ICBP,RG,7375,5,D,XC,BK,F
11:04:39,ICBP,RG,7375,1,D,YP,BK,F
11:04:39,ICBP,RG,7375,1,D,PD,BK,F
11:04:39,ICBP,RG,7375,1,D,PD,BK,F
11:04:39,ICBP,RG,7375,1,D,YP,BK,F
11:04:39,ICBP,RG,7375,10,D,YP,BK,F
11:04:39,ICBP,RG,7375,3,D,XC,BK,F
11:04:39,ICBP,RG,7375,3,D,SQ,BK,F
11:04:39,ICBP,RG,7375,5,D,CD,BK,F
11:04:39,ICBP,RG,7375,2,D,CC,BK,F
11:04:39,ICBP,RG,7375,1,D,NI,BK,F
11:04:39,ICBP,RG,7375,7,D,LG,BK,F
11:04:39,ICBP,RG,7375,25,D,XA,BK,F
11:04:39,ICBP,RG,7375,1,D,PD,BK,F
11:04:39,ICBP,RG,7375,4,D,GR,BK,F
11:04:39,ICBP,RG,7375,2,D,SQ,BK,F
11:04:39,ICBP,RG,7375,10,D,PD,BK,F
11:04:39,ICBP,RG,7375,7,D,YP,BK,F
11:04:39,ICBP,RG,7375,1,D,YP,BK,F
11:04:39,ICBP,RG,7375,2,D,XC,BK,F
11:04:39,ICBP,RG,7375,4,D,PD,BK,F
11:04:39,ICBP,RG,7375,2,D,GR,BK,F
11:04:39,ICBP,RG,7375,1,D,PD,BK,F
11:04:39,ICBP,RG,7375,1,D,PD,BK,F
11:04:39,ICBP,RG,7375,2,D,PD,BK,F
11:04:39,ICBP,RG,7375,27,D,DR,BK,F
11:04:39,ICBP,RG,7375,4,D,XC,BK,F
11:04:39,ICBP,RG,7375,1,D,CC,BK,F
11:04:39,ICBP,RG,7375,1,D,YP,BK,F
11:04:39,ICBP,RG,7375,50,D,YP,BK,F
11:04:39,ICBP,RG,7375,2,D,NI,BK,F
11:04:39,ICBP,RG,7375,1,D,XC,BK,F
11:04:39,ICBP,RG,7375,1,D,CC,BK,F
11:04:39,ICBP,RG,7375,8,D,YP,BK,F
11:04:39,ICBP,RG,7375,1,D,YP,BK,F
11:04:39,ICBP,RG,7375,10,D,SQ,BK,F
11:04:39,ICBP,RG,7375,3,D,XC,BK,F
11:04:39,ICBP,RG,7375,1,D,YB,BK,F
11:04:39,ICBP,RG,7375,5,D,PD,BK,F
11:04:39,ICBP,RG,7375,3,D,BQ,BK,F
11:04:39,ICBP,RG,7375,2,D,PD,BK,F
11:04:39,ICBP,RG,7375,10,D,NI,BK,F
11:04:39,ICBP,RG,7375,10,D,SQ,BK,F
11:04:39,ICBP,RG,7375,5,D,CC,BK,F
11:04:39,ICBP,RG,7375,2,D,YP,BK,F
11:04:39,ICBP,RG,7375,1,D,XC,BK,F
11:04:39,ICBP,RG,7375,2,D,XC,BK,F
11:04:39,ICBP,RG,7375,3,D,XC,BK,F
11:04:39,ICBP,RG,7375,1,D,YP,BK,F
11:04:39,ICBP,RG,7375,1,D,OD,BK,F
11:04:39,ICBP,RG,7375,10,D,HD,BK,F
11:04:39,ICBP,RG,7375,6,D,PD,BK,F
11:04:39,ICBP,RG,7375,1,D,YP,BK,F
11:04:39,ICBP,RG,7375,2,D,NI,BK,F
11:04:39,ICBP,RG,7375,5,D,KK,BK,F
11:04:39,ICBP,RG,7375,1,D,EP,BK,F
11:04:37,ICBP,RG,7400,10,D,SQ,SQ,D
11:04:36,ICBP,RG,7400,63,F,AK,SQ,D
11:04:36,ICBP,RG,7400,179,F,AK,SQ,D
11:04:36,ICBP,RG,7400,18,F,ZP,SQ,D
11:04:36,ICBP,RG,7400,35,D,DR,SQ,D
11:04:36,ICBP,RG,7400,9,D,YP,SQ,D
11:04:36,ICBP,RG,7400,3,D,CC,SQ,D
11:04:36,ICBP,RG,7400,2,D,YP,SQ,D
11:04:36,ICBP,RG,7400,1,D,PD,SQ,D
11:04:36,ICBP,RG,7400,10,D,CC,SQ,D
11:04:36,ICBP,RG,7400,50,D,SQ,SQ,D
11:04:36,ICBP,RG,7400,30,D,YP,SQ,D
11:04:36,ICBP,RG,7400,6,D,YP,SQ,D
11:04:36,ICBP,RG,7400,22,F,ZP,SQ,D
11:04:36,ICBP,RG,7400,1,D,NI,SQ,D
11:04:36,ICBP,RG,7400,123,F,ZP,SQ,D
11:04:36,ICBP,RG,7400,3,D,XL,SQ,D
11:04:36,ICBP,RG,7400,8,D,XC,SQ,D
11:04:36,ICBP,RG,7400,2,D,PD,SQ,D
11:04:36,ICBP,RG,7400,50,D,SQ,SQ,D
11:04:36,ICBP,RG,7400,3,D,YP,SQ,D
11:04:36,ICBP,RG,7400,1,D,PD,SQ,D
11:04:36,ICBP,RG,7400,5,D,NI,SQ,D
11:04:36,ICBP,RG,7400,1,D,YP,SQ,D
11:04:36,ICBP,RG,7400,7,D,AZ,SQ,D
11:04:36,ICBP,RG,7400,5,D,DH,SQ,D
11:04:36,ICBP,RG,7400,1,D,PD,SQ,D
11:04:36,ICBP,RG,7400,2,D,XC,SQ,D
11:04:36,ICBP,RG,7400,5,D,XC,SQ,D
11:04:36,ICBP,RG,7400,1,D,YP,SQ,D
11:04:36,ICBP,RG,7400,1,D,PD,SQ,D
11:04:36,ICBP,RG,7400,1,D,XC,SQ,D
11:04:36,ICBP,RG,7400,1,D,CC,SQ,D
11:04:36,ICBP,RG,7400,2,D,GR,SQ,D
11:04:36,ICBP,RG,7400,10,D,GR,SQ,D
11:04:36,ICBP,RG,7400,2,D,EP,SQ,D
11:04:36,ICBP,RG,7400,5,D,NI,SQ,D
11:04:36,ICBP,RG,7400,5,D,XC,SQ,D
11:04:36,ICBP,RG,7400,12,D,CC,SQ,D
11:04:36,ICBP,RG,7400,1,F,ZP,SQ,D
11:04:36,ICBP,RG,7400,1,D,SQ,SQ,D
11:04:36,ICBP,RG,7400,4,D,PD,SQ,D
11:04:36,ICBP,RG,7400,10,D,XC,SQ,D
11:04:36,ICBP,RG,7400,1,D,NI,SQ,D
11:04:36,ICBP,RG,7400,2,D,XC,SQ,D
11:04:36,ICBP,RG,7400,500,D,BB,SQ,D
11:04:36,ICBP,RG,7400,5,D,PD,SQ,D
11:04:36,ICBP,RG,7400,2,D,AT,SQ,D
11:04:36,ICBP,RG,7400,5,D,YP,SQ,D
11:04:36,ICBP,RG,7400,6,D,PD,SQ,D
11:04:36,ICBP,RG,7400,4,D,XA,SQ,D
11:04:36,ICBP,RG,7400,6,D,YP,SQ,D
11:04:36,ICBP,RG,7400,8,D,GR,SQ,D
11:04:36,ICBP,RG,7400,1,D,XC,SQ,D
11:04:36,ICBP,RG,7400,2,D,GR,SQ,D
11:04:36,ICBP,RG,7400,2,D,CC,SQ,D
11:04:36,ICBP,RG,7400,1,D,PD,SQ,D
11:04:36,ICBP,RG,7400,5,D,PD,SQ,D
11:04:36,ICBP,RG,7400,10,D,XL,SQ,D
11:04:36,ICBP,RG,7400,1,D,SQ,SQ,D
11:04:36,ICBP,RG,7400,5,D,AI,SQ,D
11:04:36,ICBP,RG,7400,1,D,XC,SQ,D
11:04:36,ICBP,RG,7400,2,D,SQ,SQ,D
11:04:36,ICBP,RG,7400,424,F,ZP,SQ,D
11:04:36,ICBP,RG,7400,100,D,PD,SQ,D
11:04:36,ICBP,RG,7400,4,D,XC,SQ,D
11:04:36,ICBP,RG,7400,1,D,TP,SQ,D
11:04:36,ICBP,RG,7400,1,D,AT,SQ,D
11:04:36,ICBP,RG,7400,5,D,PD,SQ,D
11:04:36,ICBP,RG,7400,25,D,NI,SQ,D
11:04:36,ICBP,RG,7400,6,D,YP,SQ,D
11:04:36,ICBP,RG,7400,10,D,TP,SQ,D
11:04:36,ICBP,RG,7400,3,D,NI,SQ,D
11:04:36,ICBP,RG,7400,1,D,KK,SQ,D
11:04:36,ICBP,RG,7400,500,D,YP,SQ,D
11:04:36,ICBP,RG,7400,2,D,ZP,SQ,D
11:04:36,ICBP,RG,7400,7,D,PD,SQ,D
11:04:36,ICBP,RG,7400,5,D,XL,SQ,D
11:04:36,ICBP,RG,7400,1,D,XC,SQ,D
11:04:36,ICBP,RG,7400,1,F,ZP,SQ,D
11:04:36,ICBP,RG,7400,1,D,PD,SQ,D
11:04:36,ICBP,RG,7400,5,D,XC,SQ,D
11:04:36,ICBP,RG,7400,1,D,XL,SQ,D
11:04:36,ICBP,RG,7400,1,D,YP,SQ,D
11:04:36,ICBP,RG,7400,2,D,YJ,SQ,D
11:04:36,ICBP,RG,7400,10,D,YP,SQ,D
11:04:36,ICBP,RG,7400,1,D,PD,SQ,D
11:04:36,ICBP,RG,7400,700,D,GR,SQ,D
11:04:36,ICBP,RG,7400,1,D,PD,SQ,D
11:04:36,ICBP,RG,7400,1,D,AT,SQ,D
11:04:36,ICBP,RG,7400,10,D,YP,SQ,D
11:04:36,ICBP,RG,7400,1,D,CC,SQ,D
11:04:36,ICBP,RG,7400,1,D,PD,SQ,D
11:04:36,ICBP,RG,7400,1,D,YP,SQ,D
11:04:36,ICBP,RG,7400,2,D,GR,SQ,D
11:04:36,ICBP,RG,7400,1,D,EP,SQ,D
11:04:36,ICBP,RG,7400,53,D,XC,SQ,D
11:04:36,ICBP,RG,7400,1,D,KK,SQ,D
11:04:36,ICBP,RG,7400,2,D,GR,SQ,D
11:04:36,ICBP,RG,7400,10,D,KK,SQ,D
11:04:36,ICBP,RG,7400,15,D,PD,SQ,D
11:04:36,ICBP,RG,7400,1,D,XL,SQ,D
11:04:36,ICBP,RG,7400,5,D,SQ,SQ,D
11:04:36,ICBP,RG,7400,409,F,AK,SQ,D
11:04:36,ICBP,RG,7400,50,D,AZ,SQ,D
11:04:36,ICBP,RG,7400,5,D,CC,SQ,D
11:04:36,ICBP,RG,7400,50,D,LG,SQ,D
11:04:36,ICBP,RG,7400,1,D,PD,SQ,D
11:04:36,ICBP,RG,7400,1,D,CC,SQ,D
11:04:36,ICBP,RG,7400,15,D,PD,SQ,D
11:04:36,ICBP,RG,7400,2,D,PD,SQ,D
11:04:36,ICBP,RG,7400,1,D,YP,SQ,D
11:04:36,ICBP,RG,7400,1,D,PD,SQ,D
11:04:36,ICBP,RG,7400,7,D,PD,SQ,D
11:04:36,ICBP,RG,7400,10,D,YP,SQ,D
11:04:36,ICBP,RG,7400,1,D,CC,SQ,D
11:04:36,ICBP,RG,7400,1,D,YP,SQ,D
11:04:36,ICBP,RG,7400,1,D,AT,SQ,D
11:04:36,ICBP,RG,7400,1,D,OD,SQ,D
11:04:36,ICBP,RG,7400,1,D,PD,SQ,D
11:04:36,ICBP,RG,7400,2,D,XC,SQ,D
11:04:36,ICBP,RG,7400,1,D,XC,SQ,D
11:04:36,ICBP,RG,7400,10,D,CC,SQ,D
11:04:36,ICBP,RG,7400,2,D,PD,SQ,D
11:04:36,ICBP,RG,7400,1,D,YP,SQ,D
11:04:36,ICBP,RG,7400,50,D,CC,SQ,D
11:04:36,ICBP,RG,7400,10,D,YP,SQ,D
11:04:36,ICBP,RG,7400,15,D,YP,SQ,D
11:04:36,ICBP,RG,7400,2,D,NI,SQ,D
11:04:36,ICBP,RG,7400,1,D,XC,SQ,D
11:04:36,ICBP,RG,7400,2,D,EP,SQ,D
11:04:36,ICBP,RG,7400,5,D,XC,SQ,D
11:04:36,ICBP,RG,7400,3,D,PD,SQ,D
11:04:36,ICBP,RG,7400,2,D,NI,SQ,D
11:04:36,ICBP,RG,7400,1,D,CC,SQ,D
11:04:36,ICBP,RG,7400,1,D,KK,SQ,D
11:04:36,ICBP,RG,7400,2,D,PD,SQ,D
11:04:36,ICBP,RG,7400,2,D,SQ,SQ,D
11:04:36,ICBP,RG,7400,1,D,PD,SQ,D
11:04:36,ICBP,RG,7400,2,D,XC,SQ,D
11:04:36,ICBP,RG,7400,1,D,YP,SQ,D
11:04:36,ICBP,RG,7400,2,D,KK,SQ,D
11:04:36,ICBP,RG,7400,2,D,PD,SQ,D
11:04:36,ICBP,RG,7400,2,D,DH,SQ,D
11:04:36,ICBP,RG,7400,5,D,LG,SQ,D
11:04:36,ICBP,RG,7400,15,D,EP,SQ,D
11:04:36,ICBP,RG,7400,25,D,DR,SQ,D
11:04:36,ICBP,RG,7400,5,D,XC,SQ,D
11:04:36,ICBP,RG,7400,5,D,SQ,SQ,D
11:04:36,ICBP,RG,7400,4,D,PD,SQ,D
11:04:36,ICBP,RG,7400,4,D,XC,SQ,D
11:04:36,ICBP,RG,7400,2,D,XC,SQ,D
11:04:36,ICBP,RG,7400,100,D,CP,SQ,D
11:04:36,ICBP,RG,7400,1,D,PD,SQ,D
11:04:36,ICBP,RG,7400,5,D,YP,SQ,D
11:04:36,ICBP,RG,7400,5,D,LG,SQ,D
11:04:36,ICBP,RG,7400,100,D,MG,SQ,D
11:04:36,ICBP,RG,7400,5,D,XL,SQ,D
11:04:36,ICBP,RG,7400,4,D,YP,SQ,D
11:04:36,ICBP,RG,7400,2,D,LG,SQ,D
11:04:36,ICBP,RG,7425,1,D,BQ,YU,F
11:04:31,ICBP,RG,7400,1,D,LG,GR,D
11:04:30,ICBP,RG,7400,1,D,LG,RX,D
11:04:27,ICBP,RG,7400,3,D,LG,XC,D
11:04:27,ICBP,RG,7400,1,D,AZ,XC,D
11:04:27,ICBP,RG,7400,1,D,YP,XC,D
11:03:52,ICBP,RG,7400,1,D,YP,RX,D
11:03:48,ICBP,RG,7400,8,D,YP,BK,F
11:03:42,ICBP,RG,7400,16,D,YP,BK,F
11:03:39,ICBP,RG,7400,49,D,YP,YP,D
11:03:39,ICBP,RG,7400,1,D,DR,YP,D
11:03:39,ICBP,RG,7400,5,D,PD,YP,D
11:03:39,ICBP,RG,7400,4,D,GR,YP,D
11:03:39,ICBP,RG,7400,1,D,YP,YP,D
11:03:39,ICBP,RG,7400,1,D,PD,YP,D
11:03:39,ICBP,RG,7400,30,D,NI,YP,D
11:03:39,ICBP,RG,7400,3,D,PD,YP,D
11:03:39,ICBP,RG,7400,1,D,YP,YP,D
11:03:39,ICBP,RG,7400,1,D,YP,YP,D
11:03:39,ICBP,RG,7400,1,D,YP,YP,D
11:03:39,ICBP,RG,7400,7,D,CC,YP,D
11:03:39,ICBP,RG,7400,1,D,CC,YP,D
11:03:39,ICBP,RG,7400,1,D,YP,YP,D
11:03:39,ICBP,RG,7400,5,D,BQ,YP,D
11:03:39,ICBP,RG,7400,2,D,XC,YP,D
11:03:39,ICBP,RG,7400,9,D,XA,YP,D
11:03:28,ICBP,RG,7400,10,D,XA,BK,F
11:03:28,ICBP,RG,7400,3,D,XA,RX,D
11:03:25,ICBP,RG,7400,3,D,XA,BK,F
11:03:25,ICBP,RG,7400,2,D,AT,BK,F
11:03:25,ICBP,RG,7400,3,D,XC,BK,F
11:03:25,ICBP,RG,7400,3,D,XC,BK,F
11:03:25,ICBP,RG,7400,3,D,CC,BK,F
11:03:22,ICBP,RG,7400,16,D,CC,RX,D
11:03:21,ICBP,RG,7400,11,D,CC,BK,F
11:03:21,ICBP,RG,7400,14,D,PD,BK,F
11:03:21,ICBP,RG,7400,1,D,YP,BK,F
11:03:21,ICBP,RG,7400,1,D,YU,BK,F
11:03:21,ICBP,RG,7400,1,D,OD,BK,F
11:03:21,ICBP,RG,7400,8,D,PD,BK,F
11:03:21,ICBP,RG,7400,7,D,XC,BK,F
11:03:20,ICBP,RG,7400,3,D,XC,RX,D
11:03:20,ICBP,RG,7400,1,D,NI,RX,D
11:03:20,ICBP,RG,7400,3,D,YP,RX,D
11:03:19,ICBP,RG,7425,227,D,BB,YU,F
11:03:19,ICBP,RG,7425,13,D,BB,RX,D
11:03:19,ICBP,RG,7425,1,D,BB,DH,D
11:03:19,ICBP,RG,7425,9,D,BB,PD,D
11:03:09,ICBP,RG,7400,1,D,YP,RX,D
11:02:40,ICBP,RG,7400,2,D,YP,CC,D
11:02:34,ICBP,RG,7400,1,D,YP,RX,D
11:02:32,ICBP,RG,7400,14,D,SQ,BK,F
11:02:29,ICBP,RG,7400,6,D,SQ,BK,F
11:02:29,ICBP,RG,7400,15,D,OD,BK,F
11:02:28,ICBP,RG,7400,1,D,OD,XC,D
11:02:27,ICBP,RG,7425,1,D,PD,PD,D
11:02:25,ICBP,RG,7400,4,D,OD,BK,F
11:02:25,ICBP,RG,7400,2,D,YP,BK,F
11:02:25,ICBP,RG,7400,3,D,YP,BK,F
11:02:25,ICBP,RG,7400,1,D,YP,BK,F
11:02:25,ICBP,RG,7400,77,D,XC,BK,F
11:02:25,ICBP,RG,7400,10,D,SQ,BK,F
11:02:25,ICBP,RG,7400,12,D,NI,BK,F
11:02:24,ICBP,RG,7400,1,D,NI,YP,D
11:02:23,ICBP,RG,7400,4,D,NI,RX,D
11:02:22,ICBP,RG,7425,36,F,AK,PD,D
11:02:22,ICBP,RG,7425,175,F,AK,PD,D
11:02:21,ICBP,RG,7425,1,F,AK,CS,D
11:02:21,ICBP,RG,7425,1,F,AK,CS,D
11:02:21,ICBP,RG,7425,1,F,AK,CS,D
11:02:21,ICBP,RG,7425,2,F,AK,CC,D
11:02:21,ICBP,RG,7425,10,F,AK,CC,D
11:02:20,ICBP,RG,7425,1,F,AK,CC,D
11:02:20,ICBP,RG,7425,2,F,AK,CC,D
11:02:20,ICBP,RG,7425,1,F,AK,CS,D
11:02:20,ICBP,RG,7425,1,F,AK,CS,D
11:02:20,ICBP,RG,7400,8,D,NI,BK,F
11:02:20,ICBP,RG,7400,9,D,XC,BK,F
11:02:20,ICBP,RG,7400,30,D,PD,BK,F
11:02:20,ICBP,RG,7400,10,D,YP,BK,F
11:02:20,ICBP,RG,7400,5,D,SQ,BK,F
11:02:20,ICBP,RG,7400,3,D,BQ,BK,F
11:02:20,ICBP,RG,7400,1,D,XC,BK,F
11:02:19,ICBP,RG,7425,1,D,XL,BK,F
11:02:19,ICBP,RG,7425,2,F,ZP,BK,F
11:02:19,ICBP,RG,7425,1,F,ZP,DR,D
11:02:18,ICBP,RG,7425,2,F,ZP,CS,D
11:02:18,ICBP,RG,7425,57,F,ZP,CC,F
11:02:17,ICBP,RG,7425,42,F,ZP,LG,D
11:02:17,ICBP,RG,7425,6,F,ZP,LG,D
11:02:17,ICBP,RG,7425,14,F,ZP,LG,D
11:02:17,ICBP,RG,7425,20,D,SQ,LG,D
11:02:17,ICBP,RG,7425,18,D,CC,LG,D
11:02:15,ICBP,RG,7425,15,D,CC,BK,F
11:02:15,ICBP,RG,7425,1,D,GR,BK,F
11:02:15,ICBP,RG,7425,5,D,XC,BK,F
11:02:15,ICBP,RG,7425,97,D,SQ,BK,F
11:02:13,ICBP,RG,7425,3,D,SQ,CS,D
11:02:13,ICBP,RG,7425,36,F,AK,CS,D
11:02:13,ICBP,RG,7425,10,D,DR,CS,D
11:02:13,ICBP,RG,7425,15,D,DR,CS,D
11:02:12,ICBP,RG,7425,2,D,XC,BK,F
11:02:12,ICBP,RG,7425,5,D,YP,BK,F
11:02:12,ICBP,RG,7425,10,D,IN,BK,F
11:02:12,ICBP,RG,7425,1,D,NI,BK,F
11:02:12,ICBP,RG,7425,15,D,PD,BK,F
11:02:12,ICBP,RG,7425,47,F,ZP,BK,F
11:02:12,ICBP,RG,7425,400,D,IF,BK,F
11:02:12,ICBP,RG,7425,1,D,PD,BK,F
11:02:12,ICBP,RG,7425,2,D,CC,BK,F
11:02:12,ICBP,RG,7425,1,D,PD,BK,F
11:02:12,ICBP,RG,7425,16,F,ZP,BK,F
11:02:12,ICBP,RG,7425,10,F,ZP,BK,F
11:02:12,ICBP,RG,7425,10,D,XA,BK,F
11:02:12,ICBP,RG,7425,21,F,ZP,BK,F
11:02:12,ICBP,RG,7425,3,D,CC,BK,F
11:02:12,ICBP,RG,7425,4,D,PD,BK,F
11:02:12,ICBP,RG,7425,10,F,ZP,BK,F
11:02:12,ICBP,RG,7425,250,D,BB,BK,F
11:02:12,ICBP,RG,7425,100,D,NI,BK,F
11:02:12,ICBP,RG,7425,5,D,KK,BK,F
11:02:12,ICBP,RG,7425,5,D,XC,BK,F
11:02:12,ICBP,RG,7425,1,D,XC,BK,F
11:02:12,ICBP,RG,7425,1,D,PD,BK,F
11:02:12,ICBP,RG,7425,5,D,PD,BK,F
11:02:12,ICBP,RG,7425,8,D,XC,BK,F
11:02:12,ICBP,RG,7425,10,D,XL,BK,F
11:02:12,ICBP,RG,7425,5,D,YP,BK,F
11:02:12,ICBP,RG,7425,1,D,XC,BK,F
11:02:12,ICBP,RG,7425,51,F,ZP,BK,F
11:01:57,ICBP,RG,7425,2,F,ZP,XL,D
11:01:42,ICBP,RG,7425,4,F,ZP,RX,D
11:01:40,ICBP,RG,7425,2,F,ZP,RX,D
11:01:36,ICBP,RG,7425,3,F,ZP,YU,F
11:01:36,ICBP,RG,7425,8,F,ZP,YU,F
11:00:49,ICBP,RG,7425,5,F,ZP,EP,D
11:00:49,ICBP,RG,7425,1,D,YP,EP,D
11:00:45,ICBP,RG,7425,2,D,YP,CC,D
11:00:45,ICBP,RG,7425,10,F,ZP,CC,D
11:00:43,ICBP,RG,7450,44,D,DR,DR,D
11:00:40,ICBP,RG,7425,1,F,ZP,RX,D
11:00:35,ICBP,RG,7425,1,F,ZP,YU,F
11:00:35,ICBP,RG,7425,1,D,DH,YU,F
11:00:35,ICBP,RG,7425,1,D,CC,YU,F
11:00:35,ICBP,RG,7425,5,D,CC,YU,F
11:00:35,ICBP,RG,7425,1,F,AK,YU,F
11:00:34,ICBP,RG,7425,12,F,AK,LG,D
11:00:24,ICBP,RG,7425,14,F,AK,PD,D
10:59:49,ICBP,RG,7425,1,F,AK,RX,D
10:59:48,ICBP,RG,7425,17,F,AK,CS,D
10:59:48,ICBP,RG,7425,19,F,CS,CS,D
10:59:45,ICBP,RG,7450,10,D,PD,DR,D
10:59:31,ICBP,RG,7450,1,D,BQ,DR,D
10:59:26,ICBP,RG,7425,109,F,CS,CS,D
10:59:03,ICBP,RG,7425,13,F,CS,YU,F
10:59:00,ICBP,RG,7425,5,F,CS,NI,D
10:58:59,ICBP,RG,7425,106,F,CS,LG,D
10:58:57,ICBP,RG,7425,1,F,CS,RX,D
10:58:51,ICBP,RG,7425,12,F,CS,CC,D
10:58:43,ICBP,RG,7425,3,F,CS,DH,D
10:58:19,ICBP,RG,7425,2,F,CS,XC,D
10:58:05,ICBP,RG,7450,1,D,CP,DR,D
10:58:02,ICBP,RG,7450,2,D,DR,DR,D
10:58:00,ICBP,RG,7425,2,F,CS,BK,F
10:57:51,ICBP,RG,7425,1,F,CS,YP,D
10:57:51,ICBP,RG,7450,2,D,PD,DR,D
10:57:38,ICBP,RG,7425,11,F,CS,YU,F
10:57:26,ICBP,RG,7425,5,F,CS,XC,D
10:57:25,ICBP,RG,7425,2,F,CS,HP,D
10:57:15,ICBP,RG,7425,1,F,CS,RX,D
10:57:09,ICBP,RG,7425,3,F,CS,XC,D
10:57:06,ICBP,RG,7425,11,F,CS,YU,F
10:56:53,ICBP,RG,7425,12,F,CS,CC,D
10:56:29,ICBP,RG,7425,1,F,CS,RX,D
10:56:20,ICBP,RG,7425,1,F,CS,PD,D
10:56:17,ICBP,RG,7425,1,F,CS,YP,D
10:56:14,ICBP,RG,7425,10,F,CS,PD,D
10:56:05,ICBP,RG,7425,1,F,CS,YP,D
10:56:00,ICBP,RG,7425,10,F,CS,PD,D
10:55:53,ICBP,RG,7425,5,F,CS,NI,D
10:55:52,ICBP,RG,7425,10,F,CS,PD,D
10:55:33,ICBP,RG,7425,12,F,CS,YU,F
10:55:31,ICBP,RG,7425,1,F,CS,RX,D
10:55:31,ICBP,RG,7425,3,D,PD,RX,D
10:55:16,ICBP,RG,7425,2,D,PD,PD,D
10:55:16,ICBP,RG,7425,3,F,ZP,PD,D
10:55:16,ICBP,RG,7425,23,F,ZP,LG,D
10:55:16,ICBP,RG,7425,1,D,CC,LG,D
10:55:16,ICBP,RG,7425,1,D,XC,LG,D
10:55:16,ICBP,RG,7425,30,D,CC,LG,D
10:55:16,ICBP,RG,7425,57,F,ZP,LG,D
10:55:16,ICBP,RG,7425,107,D,DR,LG,D
10:55:13,ICBP,RG,7425,1,D,DR,RX,D
10:55:02,ICBP,RG,7425,1,D,DR,DH,D
10:54:57,ICBP,RG,7425,11,D,DR,CC,D
10:54:56,ICBP,RG,7450,47,D,DR,DR,D
10:54:45,ICBP,RG,7425,1,D,DR,RX,D
10:54:01,ICBP,RG,7425,12,D,DR,YU,F
10:53:56,ICBP,RG,7425,1,D,DR,RX,D
10:53:44,ICBP,RG,7425,47,D,DR,CS,D
10:53:44,ICBP,RG,7450,1,D,PD,DR,D
10:53:38,ICBP,RG,7425,1,D,DR,CC,D
10:53:35,ICBP,RG,7425,5,D,DR,NI,D
10:53:28,ICBP,RG,7425,11,D,DR,YU,F
10:53:18,ICBP,RG,7425,2,D,DR,YP,D
10:53:16,ICBP,RG,7425,134,D,DR,CS,D
10:53:15,ICBP,RG,7425,1,D,DR,DR,D
10:53:13,ICBP,RG,7450,3,D,PD,DR,D
10:53:12,ICBP,RG,7425,5,D,DR,NI,D
10:53:03,ICBP,RG,7425,14,D,DR,CC,D
10:52:35,ICBP,RG,7425,10,D,DR,YU,F
10:52:24,ICBP,RG,7450,1,D,DR,DR,D
10:52:11,ICBP,RG,7425,1,D,DR,RX,D
10:52:01,ICBP,RG,7425,10,D,DR,NI,D
10:51:45,ICBP,RG,7425,4,D,DR,BK,F
10:51:45,ICBP,RG,7425,34,F,ZP,BK,F
10:51:45,ICBP,RG,7425,2,D,XC,BK,F
10:51:45,ICBP,RG,7425,18,D,XL,BK,F
10:51:45,ICBP,RG,7425,9,D,XL,PD,D
10:51:45,ICBP,RG,7425,1,D,XC,PD,D
10:51:45,ICBP,RG,7425,24,F,ZP,PD,D
10:51:45,ICBP,RG,7425,187,D,BB,PD,D
10:51:41,ICBP,RG,7425,10,D,BB,YU,F
10:51:32,ICBP,RG,7450,2,D,XC,DR,D
10:51:20,ICBP,RG,7425,1,D,BB,RX,D
10:51:15,ICBP,RG,7425,1,D,BB,XL,D
10:51:05,ICBP,RG,7425,13,D,BB,CC,D
10:51:03,ICBP,RG,7425,2,D,BB,XL,D
10:51:00,ICBP,RG,7425,2,D,BB,PD,D
10:50:32,ICBP,RG,7425,1,D,BB,RX,D
10:50:20,ICBP,RG,7425,1,D,BB,XC,D
10:50:13,ICBP,RG,7425,32,D,BB,GR,F
10:50:13,ICBP,RG,7425,1,D,XC,GR,F
10:50:13,ICBP,RG,7425,11,D,CC,GR,F
10:50:13,ICBP,RG,7425,6,D,LG,GR,F
10:50:05,ICBP,RG,7425,3,D,LG,NI,D
10:50:05,ICBP,RG,7450,1,D,PD,DR,D
10:50:05,ICBP,RG,7450,1,D,LG,DR,D
10:49:54,ICBP,RG,7425,16,D,LG,XC,D
10:49:54,ICBP,RG,7425,12,D,DR,XC,D
10:49:50,ICBP,RG,7425,36,D,DR,EP,D
10:49:50,ICBP,RG,7425,64,D,CC,EP,D
10:49:47,ICBP,RG,7425,1,D,CC,RX,D
10:49:39,ICBP,RG,7425,1,D,CC,XC,D
10:49:25,ICBP,RG,7450,2,D,LG,DR,D
10:49:25,ICBP,RG,7450,26,D,LG,YU,F
10:49:12,ICBP,RG,7425,3,D,CC,PD,D
10:49:07,ICBP,RG,7425,1,D,CC,RX,D
10:49:07,ICBP,RG,7425,11,D,CC,CC,D
10:49:00,ICBP,RG,7425,10,D,CC,YU,F
10:48:40,ICBP,RG,7425,1,D,CC,RX,D
10:48:31,ICBP,RG,7425,1,D,CC,XC,D
10:48:25,ICBP,RG,7425,7,D,CC,KK,D
10:48:25,ICBP,RG,7425,1,D,YP,KK,D
10:48:25,ICBP,RG,7425,1,D,KK,KK,D
10:48:25,ICBP,RG,7425,7,D,PD,KK,D
10:48:25,ICBP,RG,7425,3,D,YP,KK,D
10:48:25,ICBP,RG,7425,1,D,DH,KK,D
10:48:25,ICBP,RG,7425,5,D,NI,KK,D
10:48:25,ICBP,RG,7425,10,D,CC,KK,D
10:48:25,ICBP,RG,7425,1,D,YP,KK,D
10:48:25,ICBP,RG,7425,12,D,CC,KK,D
10:48:25,ICBP,RG,7425,1,D,YP,KK,D
10:48:25,ICBP,RG,7425,4,D,NI,KK,D
10:48:25,ICBP,RG,7425,47,D,XC,KK,D
10:47:52,ICBP,RG,7425,23,D,XC,YP,D
10:47:52,ICBP,RG,7425,2,D,CC,YP,D
10:47:33,ICBP,RG,7425,1,D,CC,IF,D
10:47:33,ICBP,RG,7425,10,D,XC,IF,D
10:47:33,ICBP,RG,7425,2,D,YP,IF,D
10:47:33,ICBP,RG,7425,62,F,ZP,IF,D
10:47:13,ICBP,RG,7425,13,F,ZP,CC,D
10:47:04,ICBP,RG,7450,5,D,CC,YU,F
10:46:56,ICBP,RG,7425,1,F,ZP,RX,D
10:46:56,ICBP,RG,7425,7,D,NI,RX,D
10:46:50,ICBP,RG,7425,11,D,NI,CS,D
10:46:50,ICBP,RG,7425,29,F,ZP,CS,D
10:46:50,ICBP,RG,7425,18,D,BB,CS,D
10:46:44,ICBP,RG,7425,12,D,BB,YU,F
10:46:37,ICBP,RG,7425,2,D,BB,YP,D
10:46:33,ICBP,RG,7425,7,D,BB,RX,D
10:46:32,ICBP,RG,7425,1,D,BB,RX,D
10:46:28,ICBP,RG,7425,172,D,BB,CS,D
10:46:23,ICBP,RG,7425,38,D,BB,YP,D
10:46:23,ICBP,RG,7425,2,D,XC,YP,D
10:46:23,ICBP,RG,7425,1,D,PD,YP,D
10:46:23,ICBP,RG,7425,1,D,YP,YP,D
10:46:23,ICBP,RG,7425,2,D,PD,YP,D
10:46:23,ICBP,RG,7425,1,D,NI,YP,D
10:46:23,ICBP,RG,7425,1,D,SQ,YP,D
10:46:23,ICBP,RG,7425,3,D,SQ,YP,D
10:46:23,ICBP,RG,7425,1,F,ZP,YP,D
10:46:11,ICBP,RG,7425,8,F,ZP,YU,F
10:46:07,ICBP,RG,7425,1,F,ZP,YP,D
10:46:07,ICBP,RG,7425,2,D,AT,YP,D
10:46:07,ICBP,RG,7425,1,D,XL,YP,D
10:46:07,ICBP,RG,7425,10,D,AT,YP,D
10:46:07,ICBP,RG,7425,33,F,AK,YP,D
10:46:07,ICBP,RG,7425,53,D,PD,YP,D
10:46:03,ICBP,RG,7425,1,D,PD,RX,D
10:45:55,ICBP,RG,7425,46,D,PD,PD,D
10:45:55,ICBP,RG,7425,36,D,GR,PD,D
10:45:55,ICBP,RG,7425,2,D,CC,PD,D
10:45:55,ICBP,RG,7425,1,D,PD,PD,D
10:45:55,ICBP,RG,7425,2,D,PD,PD,D
10:45:55,ICBP,RG,7425,50,D,PD,PD,D
10:45:55,ICBP,RG,7425,84,D,YP,PD,D
10:45:45,ICBP,RG,7450,1,D,BQ,YU,F
10:45:34,ICBP,RG,7450,1,D,XL,YU,F
10:45:34,ICBP,RG,7425,1,D,YP,RX,D
10:45:28,ICBP,RG,7425,5,D,YP,RX,D
10:45:23,ICBP,RG,7425,11,D,YP,CC,D
10:45:19,ICBP,RG,7425,2,D,YP,RX,D
10:45:17,ICBP,RG,7425,7,D,YP,YU,F
10:45:17,ICBP,RG,7425,1,F,CC,YU,F
10:44:41,ICBP,RG,7450,2,D,XC,YU,F
10:44:20,ICBP,RG,7425,10,F,CC,DH,D
10:44:19,ICBP,RG,7450,2,D,YP,YU,F
10:44:19,ICBP,RG,7450,1,D,YP,YP,D
10:44:17,ICBP,RG,7425,8,F,CC,XC,D
10:44:12,ICBP,RG,7450,1,F,YP,YP,D
10:43:53,ICBP,RG,7450,8,D,SQ,YP,D
10:43:52,ICBP,RG,7425,2,F,CC,YU,F
10:43:52,ICBP,RG,7425,2,D,CC,YU,F
10:43:52,ICBP,RG,7425,4,F,ZP,YU,F
10:43:33,ICBP,RG,7425,10,F,ZP,CC,D
10:43:33,ICBP,RG,7425,1,D,PD,CC,D
10:43:33,ICBP,RG,7425,3,F,ZP,CC,D
10:43:33,ICBP,RG,7425,8,F,ZP,XC,D
10:43:16,ICBP,RG,7425,1,F,ZP,RX,D
10:42:53,ICBP,RG,7425,8,F,ZP,YU,F
10:42:33,ICBP,RG,7425,8,F,ZP,RX,D
10:42:27,ICBP,RG,7425,3,F,ZP,RX,D
10:42:19,ICBP,RG,7425,1,F,ZP,XL,D
10:41:53,ICBP,RG,7425,9,F,ZP,YU,F
10:41:33,ICBP,RG,7425,11,F,ZP,CC,D
10:41:28,ICBP,RG,7425,1,F,ZP,XL,D
10:41:28,ICBP,RG,7425,1,F,ZP,XL,D
10:41:26,ICBP,RG,7425,11,F,ZP,YU,F
10:41:11,ICBP,RG,7450,2,D,XC,GR,D
10:41:06,ICBP,RG,7450,1,D,NI,GR,D
10:41:00,ICBP,RG,7425,1,F,ZP,PD,D
10:40:53,ICBP,RG,7450,1,D,XL,GR,D
10:40:31,ICBP,RG,7425,1,F,ZP,RX,D
10:40:26,ICBP,RG,7425,8,D,LG,YU,F
10:40:22,ICBP,RG,7450,1,D,YP,GR,D
10:40:19,ICBP,RG,7425,28,D,LG,BK,F
10:39:57,ICBP,RG,7425,10,D,LG,YU,F
10:39:39,ICBP,RG,7425,11,D,LG,CC,D
10:39:38,ICBP,RG,7450,3,D,PD,YU,F
10:39:14,ICBP,RG,7450,5,D,YP,YU,F
10:39:06,ICBP,RG,7425,10,D,LG,KK,D
10:39:02,ICBP,RG,7425,11,D,LG,YU,F
10:38:53,ICBP,RG,7425,1,D,LG,RX,D
10:38:44,ICBP,RG,7425,8,D,LG,YP,D
10:38:40,ICBP,RG,7425,10,D,LG,PD,D
10:38:30,ICBP,RG,7425,3,D,LG,YU,F
10:38:30,ICBP,RG,7425,1,D,PD,YU,F
10:38:30,ICBP,RG,7425,1,D,NI,YU,F
10:38:30,ICBP,RG,7425,6,F,ZP,YU,F
10:38:29,ICBP,RG,7450,1,D,NI,YU,F
10:38:27,ICBP,RG,7425,49,F,ZP,CS,D
10:38:26,ICBP,RG,7425,2,F,ZP,PD,D
10:38:16,ICBP,RG,7425,5,F,ZP,NI,D
10:38:16,ICBP,RG,7425,195,D,DR,NI,D
10:38:02,ICBP,RG,7425,4,D,DR,RX,D
10:38:01,ICBP,RG,7425,159,D,DR,CS,D
10:37:53,ICBP,RG,7450,9,D,DR,YU,F
10:37:52,ICBP,RG,7425,1,D,DR,RX,D
10:37:41,ICBP,RG,7425,11,D,DR,CC,D
10:37:23,ICBP,RG,7425,9,D,DR,YU,F
10:37:21,ICBP,RG,7450,1,D,XC,YU,F
10:37:11,ICBP,RG,7425,1,D,DR,RX,D
10:37:05,ICBP,RG,7425,7,D,DR,YU,F
10:36:31,ICBP,RG,7425,5,D,DR,XC,D
10:35:43,ICBP,RG,7425,14,D,DR,CC,D
10:35:15,ICBP,RG,7450,1,D,DR,YU,F
10:35:06,ICBP,RG,7450,1,D,XC,YU,F
10:34:57,ICBP,RG,7425,2,D,DR,NI,D
10:34:56,ICBP,RG,7450,4,D,PD,YU,F
10:34:27,ICBP,RG,7450,5,D,PD,YU,F
10:34:25,ICBP,RG,7450,4,D,NI,YU,F
10:34:25,ICBP,RG,7450,2,D,NI,XC,D
10:34:25,ICBP,RG,7450,4,D,NI,OD,D
10:34:02,ICBP,RG,7450,1,D,BQ,OD,D
10:33:45,ICBP,RG,7425,13,D,DR,CC,D
10:33:39,ICBP,RG,7425,7,D,DR,YP,D
10:33:39,ICBP,RG,7425,88,F,ZP,YP,D
10:33:39,ICBP,RG,7425,5,D,KZ,YP,D
10:33:20,ICBP,RG,7425,1,D,KZ,YP,D
10:33:20,ICBP,RG,7450,2,D,XL,OD,D
10:33:17,ICBP,RG,7425,1,D,KZ,XL,D
10:33:02,ICBP,RG,7425,15,D,KZ,NI,D
10:32:53,ICBP,RG,7425,2,D,KZ,BK,F
10:32:51,ICBP,RG,7425,20,D,KZ,YP,D
10:32:38,ICBP,RG,7425,2,D,KZ,XC,D
10:32:37,ICBP,RG,7425,1,D,KZ,PD,D
10:32:28,ICBP,RG,7425,10,D,KZ,PD,D
10:32:10,ICBP,RG,7425,17,D,KZ,BK,F
10:32:08,ICBP,RG,7450,3,D,DR,OD,D
10:32:08,ICBP,RG,7450,264,D,DR,SQ,D
10:31:53,ICBP,RG,7425,10,D,KZ,CC,D
10:31:52,ICBP,RG,7425,43,D,KZ,YP,D
10:31:52,ICBP,RG,7425,44,D,KZ,BK,F
10:31:51,ICBP,RG,7425,301,D,KZ,ZP,D
10:31:51,ICBP,RG,7425,10,D,SQ,ZP,D
10:31:51,ICBP,RG,7425,50,D,XC,ZP,D
10:31:51,ICBP,RG,7425,1,F,ZP,ZP,D
10:31:51,ICBP,RG,7425,1,D,YP,ZP,D
10:31:51,ICBP,RG,7425,1,D,CC,ZP,D
10:31:51,ICBP,RG,7425,50,D,XC,ZP,D
10:31:51,ICBP,RG,7425,1,D,NI,ZP,D
10:31:51,ICBP,RG,7425,127,F,ZP,ZP,D
10:31:51,ICBP,RG,7425,6,F,ZP,ZP,D
10:31:51,ICBP,RG,7425,42,F,CS,ZP,D
10:31:44,ICBP,RG,7450,4,D,XC,SQ,D
10:31:41,ICBP,RG,7425,1,F,CS,EP,D
10:31:28,ICBP,RG,7450,13,F,ZP,SQ,D
10:31:23,ICBP,RG,7425,84,F,CS,PD,D
10:31:17,ICBP,RG,7450,2,D,YP,SQ,D
10:31:03,ICBP,RG,7450,1,D,PD,SQ,D
10:30:53,ICBP,RG,7450,9,F,ZP,SQ,D
10:30:52,ICBP,RG,7425,1,F,CS,XC,D
10:30:51,ICBP,RG,7425,30,F,CS,EP,D
10:30:50,ICBP,RG,7450,33,F,ZP,SQ,D
10:30:49,ICBP,RG,7425,200,F,CS,CC,D
10:30:30,ICBP,RG,7425,3,F,CS,XL,D
10:30:28,ICBP,RG,7425,5,F,CS,KK,D
10:30:10,ICBP,RG,7425,3,F,CS,XC,D
10:30:03,ICBP,RG,7425,12,F,CS,CC,D
10:29:50,ICBP,RG,7450,1,D,NI,SQ,D
10:29:36,ICBP,RG,7425,8,F,CS,YP,D
10:29:36,ICBP,RG,7450,1,D,DR,SQ,D
10:29:23,ICBP,RG,7425,1,F,CS,GR,D
10:29:10,ICBP,RG,7425,1,F,CS,PD,D
10:29:00,ICBP,RG,7425,3,F,CS,CC,D
10:28:52,ICBP,RG,7425,2,F,CS,XC,D
10:28:45,ICBP,RG,7425,2,F,CS,CC,D
10:28:29,ICBP,RG,7425,1,F,CS,SQ,D
10:28:25,ICBP,RG,7450,3,D,PD,SQ,D
10:28:06,ICBP,RG,7425,1,F,CS,XC,D
10:28:05,ICBP,RG,7425,11,F,CS,CC,D
10:27:30,ICBP,RG,7450,2,D,DH,SQ,D
10:27:29,ICBP,RG,7425,1,F,CS,DR,D
10:27:24,ICBP,RG,7425,17,F,CS,CC,D
10:27:20,ICBP,RG,7450,1,D,NI,SQ,D
10:27:18,ICBP,RG,7450,4,D,DR,SQ,D
10:27:09,ICBP,RG,7450,1,D,BQ,SQ,D
10:26:30,ICBP,RG,7450,1,D,KK,SQ,D
10:26:19,ICBP,RG,7425,15,F,CS,XL,D
10:26:08,ICBP,RG,7450,6,F,ZP,SQ,D
10:26:07,ICBP,RG,7425,13,F,CS,CC,D
10:26:06,ICBP,RG,7450,3,D,XL,SQ,D
10:26:04,ICBP,RG,7450,5,D,XC,SQ,D
10:25:58,ICBP,RG,7425,9,F,CS,PD,D
10:25:48,ICBP,RG,7450,6,F,ZP,SQ,D
10:25:47,ICBP,RG,7450,7,F,ZP,SQ,D
10:25:46,ICBP,RG,7425,39,F,CS,BK,F
10:25:44,ICBP,RG,7425,76,F,CS,XA,D
10:25:44,ICBP,RG,7425,124,F,CC,XA,D
10:25:37,ICBP,RG,7425,141,F,CC,YP,D
10:25:37,ICBP,RG,7425,18,F,ZP,YP,D
10:25:37,ICBP,RG,7425,2,D,GR,YP,D
10:25:37,ICBP,RG,7425,39,D,KZ,YP,D
10:25:21,ICBP,RG,7425,25,D,KZ,YP,D
10:25:13,ICBP,RG,7425,1,D,KZ,PD,D
10:24:56,ICBP,RG,7425,1,D,KZ,PD,D
10:24:38,ICBP,RG,7425,1,D,KZ,OD,D
10:24:30,ICBP,RG,7425,2,D,KZ,YP,D
10:24:25,ICBP,RG,7425,1,D,KZ,CC,D
10:24:09,ICBP,RG,7425,12,D,KZ,CC,D
10:23:53,ICBP,RG,7425,1,D,KZ,PD,D
10:23:48,ICBP,RG,7450,27,D,CC,SQ,D
10:23:20,ICBP,RG,7425,1,D,KZ,PD,D
10:23:05,ICBP,RG,7425,1,D,KZ,YP,D
10:23:01,ICBP,RG,7425,4,D,KZ,KK,D
10:22:55,ICBP,RG,7425,1,D,KZ,GR,D
10:22:39,ICBP,RG,7450,2,D,PD,SQ,D
10:22:19,ICBP,RG,7450,14,D,OD,SQ,D
10:22:15,ICBP,RG,7425,10,D,KZ,CC,D
10:21:56,ICBP,RG,7450,1,D,HP,SQ,D
10:21:47,ICBP,RG,7450,1,D,PD,SQ,D
10:21:47,ICBP,RG,7450,34,D,OD,SQ,D
10:21:27,ICBP,RG,7450,1,D,HP,SQ,D
10:21:22,ICBP,RG,7450,1,D,NI,SQ,D
10:21:17,ICBP,RG,7450,2,D,NI,SQ,D
10:20:39,ICBP,RG,7450,1,D,PD,SQ,D
10:20:30,ICBP,RG,7425,18,D,KZ,CC,D
10:20:19,ICBP,RG,7450,2,D,DH,SQ,D
10:20:08,ICBP,RG,7425,1,D,KZ,NI,D
10:19:30,ICBP,RG,7450,1,D,PD,SQ,D
10:18:59,ICBP,RG,7450,46,F,CS,SQ,D
10:18:59,ICBP,RG,7450,15,F,CS,YB,D
10:18:59,ICBP,RG,7450,10,F,CS,RX,D
10:18:59,ICBP,RG,7450,5,F,CS,YP,D
10:18:59,ICBP,RG,7450,10,F,CS,XC,D
10:18:59,ICBP,RG,7450,21,F,CS,RX,D
10:18:59,ICBP,RG,7450,5,F,CS,XC,D
10:18:59,ICBP,RG,7450,5,F,CS,YP,D
10:18:59,ICBP,RG,7450,1,F,CS,PD,D
10:18:59,ICBP,RG,7450,30,F,CS,SQ,D
10:18:59,ICBP,RG,7450,1,F,CS,AZ,D
10:18:59,ICBP,RG,7450,20,F,CS,EP,D
10:18:59,ICBP,RG,7450,45,F,CS,PD,D
10:18:59,ICBP,RG,7450,100,F,CS,YP,D
10:18:59,ICBP,RG,7450,10,F,CS,CC,D
10:18:59,ICBP,RG,7450,32,F,CS,CC,D
10:18:59,ICBP,RG,7450,2,F,CS,DR,D
10:18:59,ICBP,RG,7450,2,F,CS,GR,D
10:18:59,ICBP,RG,7450,25,F,CS,PD,D
10:18:59,ICBP,RG,7450,1,F,CS,XC,D
10:18:59,ICBP,RG,7450,1,F,CS,XC,D
10:18:59,ICBP,RG,7450,50,F,CS,AZ,D
10:18:59,ICBP,RG,7450,1,F,CS,PD,D
10:18:59,ICBP,RG,7450,47,F,CS,PD,D
10:18:59,ICBP,RG,7450,1,F,CS,YP,D
10:18:59,ICBP,RG,7450,2,F,CS,YP,D
10:18:59,ICBP,RG,7450,5,F,CS,YP,D
10:18:59,ICBP,RG,7450,1,F,CS,YP,D
10:18:59,ICBP,RG,7450,181,F,CS,PD,D
10:18:59,ICBP,RG,7450,40,F,CS,PD,D
10:18:59,ICBP,RG,7450,150,F,CS,CC,D
10:18:59,ICBP,RG,7450,1,F,CS,PD,D
10:18:59,ICBP,RG,7450,125,F,CS,KI,D
10:18:59,ICBP,RG,7450,14,F,CS,RX,D
10:18:59,ICBP,RG,7450,1,F,CS,YP,D
10:18:59,ICBP,RG,7450,28,F,CS,EP,D
10:18:59,ICBP,RG,7450,10,F,CS,DH,D
10:18:59,ICBP,RG,7450,1,F,CS,XC,D
10:18:59,ICBP,RG,7450,104,F,CS,BK,F
10:18:59,ICBP,RG,7450,108,F,CS,YU,F
10:18:59,ICBP,RG,7450,93,F,CS,HD,D
10:18:57,ICBP,RG,7425,36,D,KZ,OD,D
10:18:57,ICBP,RG,7425,3,F,CC,OD,D
10:18:57,ICBP,RG,7425,61,F,ZP,OD,D
10:18:54,ICBP,RG,7425,21,F,ZP,CC,D
10:18:54,ICBP,RG,7425,4,F,ZP,CC,D
10:18:54,ICBP,RG,7425,51,D,KZ,CC,D
10:18:52,ICBP,RG,7425,66,D,KZ,PD,D
10:18:52,ICBP,RG,7425,155,D,KZ,PD,D
10:18:35,ICBP,RG,7425,12,D,KZ,CS,D
10:18:35,ICBP,RG,7425,13,D,KZ,CC,D
10:18:35,ICBP,RG,7425,422,F,AK,SQ,D
10:18:34,ICBP,RG,7425,220,F,CC,SQ,D
10:18:34,ICBP,RG,7425,1,D,YP,SQ,D
10:18:34,ICBP,RG,7425,49,D,DR,SQ,D
10:18:34,ICBP,RG,7425,155,D,KZ,SQ,D
10:18:34,ICBP,RG,7425,48,F,ZP,SQ,D
10:18:34,ICBP,RG,7425,105,D,KZ,SQ,D
10:18:31,ICBP,RG,7425,4,D,KZ,CC,D
10:18:17,ICBP,RG,7425,9,D,KZ,BK,F
10:18:11,ICBP,RG,7425,23,D,KZ,BK,F
10:18:07,ICBP,RG,7425,14,D,KZ,BK,F
10:18:07,ICBP,RG,7425,104,D,KZ,BK,F
10:18:06,ICBP,RG,7425,51,D,KZ,BK,F
10:18:06,ICBP,RG,7425,1,D,NI,BK,F
10:18:06,ICBP,RG,7425,13,F,CC,BK,F
10:18:05,ICBP,RG,7425,297,F,CC,YP,D
10:18:05,ICBP,RG,7425,113,F,ZP,YP,D
10:18:05,ICBP,RG,7425,90,F,ZP,YP,D
10:18:03,ICBP,RG,7425,15,F,ZP,BK,F
10:18:03,ICBP,RG,7425,10,F,ZP,MU,D
10:18:00,ICBP,RG,7425,16,F,ZP,CC,D
10:18:00,ICBP,RG,7425,5,F,ZP,CC,D
10:18:00,ICBP,RG,7425,4,D,KZ,CC,D
10:17:59,ICBP,RG,7425,51,D,KZ,BK,F
10:17:57,ICBP,RG,7425,100,D,KZ,NI,D
10:17:57,ICBP,RG,7425,55,D,KZ,NI,D
10:17:54,ICBP,RG,7425,100,D,KZ,BK,F
10:17:49,ICBP,RG,7450,6,D,XC,HD,D
10:17:49,ICBP,RG,7425,460,D,KZ,BK,F
10:17:48,ICBP,RG,7425,23,D,KZ,CS,D
10:17:48,ICBP,RG,7425,7,D,KZ,CS,D
10:17:47,ICBP,RG,7425,26,D,KZ,CS,D
10:17:47,ICBP,RG,7425,87,D,KZ,BK,F
10:17:47,ICBP,RG,7425,172,D,KZ,BK,F
10:17:47,ICBP,RG,7425,9,D,KZ,CS,D
10:17:47,ICBP,RG,7425,1,D,KZ,CC,D
10:17:47,ICBP,RG,7425,13,D,KZ,CC,D
10:17:47,ICBP,RG,7425,14,D,KZ,CS,D
10:17:47,ICBP,RG,7425,752,D,KZ,SQ,D
10:17:46,ICBP,RG,7425,54,F,AK,SQ,D
10:17:46,ICBP,RG,7425,1,D,NI,SQ,D
10:17:46,ICBP,RG,7425,1,D,CC,SQ,D
10:17:46,ICBP,RG,7425,5,D,PD,SQ,D
10:17:46,ICBP,RG,7425,10,D,XC,SQ,D
10:17:46,ICBP,RG,7425,1,D,NI,SQ,D
10:17:46,ICBP,RG,7425,2,D,AT,SQ,D
10:17:46,ICBP,RG,7425,1,D,PD,SQ,D
10:17:46,ICBP,RG,7425,2,D,CC,SQ,D
10:17:46,ICBP,RG,7425,155,D,KZ,SQ,D
10:17:46,ICBP,RG,7425,299,F,ZP,SQ,D
10:17:46,ICBP,RG,7425,155,D,KZ,SQ,D
10:17:46,ICBP,RG,7425,10,D,OD,SQ,D
10:17:46,ICBP,RG,7425,1,D,SQ,SQ,D
10:17:46,ICBP,RG,7425,1,D,NI,SQ,D
10:17:46,ICBP,RG,7425,2,D,NI,SQ,D
10:17:46,ICBP,RG,7425,1,D,PD,SQ,D
10:17:46,ICBP,RG,7425,10,D,DX,SQ,D
10:17:46,ICBP,RG,7425,6,D,PD,SQ,D
10:17:46,ICBP,RG,7425,5,D,YP,SQ,D
10:17:46,ICBP,RG,7425,10,D,YP,SQ,D
10:17:46,ICBP,RG,7425,2,D,XC,SQ,D
10:17:46,ICBP,RG,7425,12,F,ZP,SQ,D
10:17:46,ICBP,RG,7425,25,D,EP,SQ,D
10:17:46,ICBP,RG,7425,5,D,GR,SQ,D
10:17:46,ICBP,RG,7425,50,D,YP,SQ,D
10:17:46,ICBP,RG,7425,30,D,YP,SQ,D
10:17:46,ICBP,RG,7425,13,F,CC,SQ,D
10:17:46,ICBP,RG,7425,5,F,ZP,SQ,D
10:17:46,ICBP,RG,7425,100,D,CC,SQ,D
10:17:46,ICBP,RG,7425,10,D,CC,SQ,D
10:17:46,ICBP,RG,7425,1,D,XC,SQ,D
10:17:46,ICBP,RG,7425,4,D,XC,SQ,D
10:17:46,ICBP,RG,7425,2,D,PD,SQ,D
10:17:46,ICBP,RG,7425,2,D,SQ,SQ,D
10:17:46,ICBP,RG,7425,10,D,YP,SQ,D
10:17:46,ICBP,RG,7425,1,D,XC,SQ,D
10:17:46,ICBP,RG,7425,3,D,PD,SQ,D
10:17:46,ICBP,RG,7425,1,D,KK,SQ,D
10:17:46,ICBP,RG,7425,1,D,PD,SQ,D
10:17:46,ICBP,RG,7425,1,D,NI,SQ,D
10:17:46,ICBP,RG,7425,1,D,KK,SQ,D
10:17:46,ICBP,RG,7425,1,D,CC,SQ,D
10:17:46,ICBP,RG,7425,1,D,XC,SQ,D
10:17:46,ICBP,RG,7425,5,D,XL,SQ,D
10:17:46,ICBP,RG,7425,34,F,AK,SQ,D
10:17:46,ICBP,RG,7425,21,F,ZP,SQ,D
10:17:46,ICBP,RG,7425,1,D,PD,SQ,D
10:17:46,ICBP,RG,7425,5,D,YP,SQ,D
10:17:46,ICBP,RG,7425,10,D,RO,SQ,D
10:17:46,ICBP,RG,7425,5,D,XC,SQ,D
10:17:46,ICBP,RG,7425,20,D,YP,SQ,D
10:17:46,ICBP,RG,7425,10,D,DR,SQ,D
10:17:46,ICBP,RG,7425,1,D,CC,SQ,D
10:17:46,ICBP,RG,7425,2,D,YP,SQ,D
10:17:46,ICBP,RG,7425,1,D,YP,SQ,D
10:17:46,ICBP,RG,7425,13,D,XC,SQ,D
10:17:46,ICBP,RG,7425,1,D,XC,SQ,D
10:17:46,ICBP,RG,7425,2,F,ZP,SQ,D
10:17:46,ICBP,RG,7425,104,F,AK,SQ,D
10:17:43,ICBP,RG,7425,8,F,AK,BK,F
10:17:43,ICBP,RG,7425,1,F,AK,XL,D
10:17:42,ICBP,RG,7425,27,F,AK,PD,D
10:17:13,ICBP,RG,7450,43,D,DR,HD,D
10:17:06,ICBP,RG,7425,2,F,AK,XC,D
10:17:04,ICBP,RG,7425,16,F,AK,BK,F
10:17:00,ICBP,RG,7425,26,F,AK,YP,D
10:16:52,ICBP,RG,7450,4,D,YP,HD,D
10:16:38,ICBP,RG,7425,6,F,AK,PD,D
10:16:37,ICBP,RG,7425,9,F,AK,KK,D
10:16:32,ICBP,RG,7450,2,D,XC,HD,D
10:16:31,ICBP,RG,7425,1,F,AK,XL,D
10:16:30,ICBP,RG,7425,12,F,AK,BK,F
10:16:28,ICBP,RG,7425,1,F,AK,XL,D
10:16:27,ICBP,RG,7425,5,F,AK,YP,D
10:16:25,ICBP,RG,7425,11,F,AK,CC,D
10:16:15,ICBP,RG,7425,10,F,AK,BK,F
10:16:11,ICBP,RG,7425,27,F,AK,BK,F
10:16:09,ICBP,RG,7425,3,F,AK,YP,D
10:16:06,ICBP,RG,7425,50,F,AK,YU,D
10:16:06,ICBP,RG,7425,83,F,AK,BK,F
10:16:01,ICBP,RG,7425,6,F,AK,MG,D
10:16:01,ICBP,RG,7425,1,D,PD,MG,D
10:16:01,ICBP,RG,7425,1,D,PD,MG,D
10:16:01,ICBP,RG,7425,2,D,PD,MG,D
10:16:01,ICBP,RG,7425,13,D,YP,MG,D
10:16:01,ICBP,RG,7425,9,D,OD,MG,D
10:16:01,ICBP,RG,7425,81,D,YP,MG,D
10:16:01,ICBP,RG,7425,20,D,PD,MG,D
10:16:01,ICBP,RG,7425,2,D,SQ,MG,D
10:16:01,ICBP,RG,7425,1,D,PD,MG,D
10:16:01,ICBP,RG,7425,1,D,XL,MG,D
10:16:01,ICBP,RG,7425,10,D,NI,MG,D
10:16:01,ICBP,RG,7425,3,D,ZP,MG,D
10:16:01,ICBP,RG,7425,1,D,PD,MG,D
10:16:01,ICBP,RG,7425,3,D,XC,MG,D
10:16:01,ICBP,RG,7425,10,D,NI,MG,D
10:16:01,ICBP,RG,7425,3,D,YP,MG,D
10:16:01,ICBP,RG,7425,5,D,YP,MG,D
10:16:01,ICBP,RG,7425,10,D,XL,MG,D
10:16:01,ICBP,RG,7425,10,D,DR,MG,D
10:16:01,ICBP,RG,7425,4,D,PD,MG,D
10:16:01,ICBP,RG,7425,4,D,PD,MG,D
10:16:01,ICBP,RG,7425,3,D,ZP,MG,D
10:16:01,ICBP,RG,7425,1,D,YP,MG,D
10:16:01,ICBP,RG,7425,34,D,DH,MG,D
10:16:01,ICBP,RG,7425,1,D,CC,MG,D
10:16:01,ICBP,RG,7425,2,D,PD,MG,D
10:16:01,ICBP,RG,7425,1,D,GR,MG,D
10:16:01,ICBP,RG,7425,1,D,OD,MG,D
10:16:01,ICBP,RG,7425,1,D,XC,MG,D
10:16:01,ICBP,RG,7425,1,D,DX,MG,D
10:16:01,ICBP,RG,7425,2,D,AT,MG,D
10:16:01,ICBP,RG,7425,1,D,XC,MG,D
10:16:01,ICBP,RG,7425,32,D,CC,MG,D
10:16:01,ICBP,RG,7425,5,D,PD,MG,D
10:16:01,ICBP,RG,7425,1,D,DR,MG,D
10:16:01,ICBP,RG,7425,1,D,PD,MG,D
10:16:01,ICBP,RG,7425,2,D,YP,MG,D
10:16:01,ICBP,RG,7425,2,D,XC,MG,D
10:16:01,ICBP,RG,7425,134,F,CS,MG,D
10:16:00,ICBP,RG,7425,1,F,CS,EP,D
10:15:57,ICBP,RG,7425,4,F,CS,RX,D
10:15:55,ICBP,RG,7425,18,F,CS,BK,F
10:15:52,ICBP,RG,7425,56,F,CS,BK,F
10:15:50,ICBP,RG,7425,70,F,CS,BK,F
10:15:49,ICBP,RG,7425,57,F,CS,YP,D
10:15:49,ICBP,RG,7425,2,D,SQ,YP,D
10:15:49,ICBP,RG,7425,1,D,YP,YP,D
10:15:49,ICBP,RG,7425,1,D,CC,YP,D
10:15:49,ICBP,RG,7425,1,D,YP,YP,D
10:15:49,ICBP,RG,7425,14,D,HP,YP,D
10:15:49,ICBP,RG,7425,5,D,XC,YP,D
10:15:49,ICBP,RG,7425,1,D,OD,YP,D
10:15:49,ICBP,RG,7425,3,D,PD,YP,D
10:15:49,ICBP,RG,7425,3,D,NI,YP,D
10:15:49,ICBP,RG,7425,1,D,NI,YP,D
10:15:49,ICBP,RG,7425,2,D,DR,YP,D
10:15:49,ICBP,RG,7425,1,D,KK,YP,D
10:15:49,ICBP,RG,7425,10,D,CC,YP,D
10:15:49,ICBP,RG,7425,1,D,XC,YP,D
10:15:49,ICBP,RG,7425,1,D,XC,YP,D
10:15:49,ICBP,RG,7425,2,D,YP,YP,D
10:15:49,ICBP,RG,7425,5,D,SQ,YP,D
10:15:49,ICBP,RG,7425,80,D,SQ,YP,D
10:15:49,ICBP,RG,7425,1,D,CC,YP,D
10:15:49,ICBP,RG,7425,1,D,PD,YP,D
10:15:49,ICBP,RG,7425,3,D,XL,YP,D
10:15:49,ICBP,RG,7425,2,D,XC,YP,D
10:15:49,ICBP,RG,7425,2,D,PD,YP,D
10:15:49,ICBP,RG,7425,1,D,XC,YP,D
10:15:49,ICBP,RG,7425,5,D,YP,YP,D
10:15:49,ICBP,RG,7425,10,D,GR,YP,D
10:15:49,ICBP,RG,7425,1,D,PD,YP,D
10:15:49,ICBP,RG,7425,10,D,KK,YP,D
10:15:49,ICBP,RG,7425,155,D,KZ,YP,D
10:15:49,ICBP,RG,7425,1,D,OD,YP,D
10:15:49,ICBP,RG,7425,70,D,PD,YP,D
10:15:49,ICBP,RG,7425,3,D,XC,YP,D
10:15:49,ICBP,RG,7425,1,D,DH,YP,D
10:15:49,ICBP,RG,7425,10,D,XC,YP,D
10:15:49,ICBP,RG,7425,6,D,PD,YP,D
10:15:49,ICBP,RG,7425,35,D,YP,YP,D
10:15:49,ICBP,RG,7425,1,D,PD,YP,D
10:15:49,ICBP,RG,7425,1,D,YP,YP,D
10:15:49,ICBP,RG,7425,2,D,PD,YP,D
10:15:49,ICBP,RG,7425,1,D,YP,YP,D
10:15:49,ICBP,RG,7425,1,D,XL,YP,D
10:15:49,ICBP,RG,7425,1,D,GR,YP,D
10:15:49,ICBP,RG,7425,3,D,XC,YP,D
10:15:49,ICBP,RG,7425,10,D,XC,YP,D
10:15:49,ICBP,RG,7425,9,F,ZP,YP,D
10:15:49,ICBP,RG,7425,38,D,KZ,YP,D
10:15:07,ICBP,RG,7425,5,D,KZ,KK,D
10:15:06,ICBP,RG,7425,12,D,KZ,DR,D
10:14:39,ICBP,RG,7425,1,D,KZ,EP,D
10:14:31,ICBP,RG,7450,22,D,PD,HD,D
10:14:31,ICBP,RG,7450,1,D,YP,HD,D
10:14:29,ICBP,RG,7425,9,D,KZ,CC,D
10:14:24,ICBP,RG,7450,1,D,BQ,HD,D
10:14:07,ICBP,RG,7425,2,D,KZ,XL,D
10:14:02,ICBP,RG,7425,12,D,KZ,DR,D
10:13:51,ICBP,RG,7425,8,D,KZ,BK,F
10:13:51,ICBP,RG,7425,7,D,KZ,BK,F
10:13:47,ICBP,RG,7425,116,D,KZ,BK,F
10:13:47,ICBP,RG,7425,16,D,KZ,RX,D
10:13:45,ICBP,RG,7450,28,F,ZP,HD,D
10:13:45,ICBP,RG,7450,10,F,ZP,YP,D
10:13:45,ICBP,RG,7450,18,F,ZP,PD,D
10:13:44,ICBP,RG,7425,26,D,KZ,OD,D
10:13:44,ICBP,RG,7425,1,D,XL,OD,D
10:13:44,ICBP,RG,7425,1,D,ZP,OD,D
10:13:44,ICBP,RG,7425,10,D,KK,OD,D
10:13:44,ICBP,RG,7425,8,F,ZP,OD,D
10:13:44,ICBP,RG,7425,10,D,YP,OD,D
10:13:44,ICBP,RG,7425,1,D,NI,OD,D
10:13:44,ICBP,RG,7425,2,D,YP,OD,D
10:13:44,ICBP,RG,7425,1,D,PD,OD,D
10:13:44,ICBP,RG,7425,5,D,LG,OD,D
10:13:44,ICBP,RG,7425,3,D,PD,OD,D
10:13:44,ICBP,RG,7425,64,F,ZP,OD,D
10:13:44,ICBP,RG,7425,70,D,SQ,OD,D
10:13:44,ICBP,RG,7425,1,D,PD,OD,D
10:13:44,ICBP,RG,7425,1,D,SQ,OD,D
10:13:44,ICBP,RG,7425,100,D,MG,OD,D
10:13:44,ICBP,RG,7425,1,D,CC,OD,D
10:13:44,ICBP,RG,7425,3,D,YP,OD,D
10:13:44,ICBP,RG,7425,13,D,XC,OD,D
10:13:44,ICBP,RG,7425,1,D,XC,OD,D
10:13:44,ICBP,RG,7425,11,D,XC,OD,D
10:13:44,ICBP,RG,7425,14,D,KK,OD,D
10:13:44,ICBP,RG,7425,10,D,CC,OD,D
10:13:44,ICBP,RG,7425,7,F,ZP,OD,D
10:13:44,ICBP,RG,7425,1,D,YP,OD,D
10:13:44,ICBP,RG,7425,2,D,XC,OD,D
10:13:44,ICBP,RG,7425,1,D,PD,OD,D
10:13:44,ICBP,RG,7425,35,D,EP,OD,D
10:13:44,ICBP,RG,7425,7,D,SQ,OD,D
10:13:44,ICBP,RG,7425,10,D,LG,OD,D
10:13:44,ICBP,RG,7425,1,D,AZ,OD,D
10:13:44,ICBP,RG,7425,7,D,LG,OD,D
10:13:44,ICBP,RG,7425,20,D,JB,OD,D
10:13:44,ICBP,RG,7425,1,D,XC,OD,D
10:13:44,ICBP,RG,7425,3,D,XC,OD,D
10:13:44,ICBP,RG,7425,4,D,CC,OD,D
10:13:44,ICBP,RG,7425,92,D,SQ,OD,D
10:13:44,ICBP,RG,7425,45,F,ZP,OD,D
10:13:44,ICBP,RG,7425,3,D,PD,OD,D
10:13:44,ICBP,RG,7425,86,D,KZ,OD,D
10:13:44,ICBP,RG,7425,163,D,KZ,OD,D
10:13:44,ICBP,RG,7425,5,D,YP,OD,D
10:13:44,ICBP,RG,7425,2,D,AT,OD,D
10:13:44,ICBP,RG,7425,35,F,ZP,OD,D
10:13:44,ICBP,RG,7425,15,D,PD,OD,D
10:13:44,ICBP,RG,7425,1,D,PD,OD,D
10:13:44,ICBP,RG,7425,7,D,YP,OD,D
10:13:44,ICBP,RG,7425,11,D,SQ,OD,D
10:13:44,ICBP,RG,7425,95,F,ZP,OD,D
10:13:44,ICBP,RG,7425,3,D,PD,OD,D
10:13:44,ICBP,RG,7425,5,D,OD,OD,D
10:13:44,ICBP,RG,7425,1,D,PD,OD,D
10:13:44,ICBP,RG,7425,2,D,PD,OD,D
10:13:44,ICBP,RG,7425,20,D,CC,OD,D
10:13:44,ICBP,RG,7425,3,D,XC,OD,D
10:13:44,ICBP,RG,7425,1,D,YP,OD,D
10:13:44,ICBP,RG,7425,2,D,CC,OD,D
10:13:44,ICBP,RG,7425,6,F,ZP,OD,D
10:13:44,ICBP,RG,7425,2,D,YP,OD,D
10:13:44,ICBP,RG,7425,5,D,YP,OD,D
10:13:44,ICBP,RG,7425,5,D,CC,OD,D
10:13:44,ICBP,RG,7425,1,D,XC,OD,D
10:13:44,ICBP,RG,7425,2,D,XC,OD,D
10:13:44,ICBP,RG,7425,30,D,PD,OD,D
10:13:44,ICBP,RG,7425,5,D,YP,OD,D
10:13:44,ICBP,RG,7425,25,D,XA,OD,D
10:13:44,ICBP,RG,7425,38,F,ZP,OD,D
10:13:44,ICBP,RG,7425,2,D,NI,OD,D
10:13:44,ICBP,RG,7425,2,D,PD,OD,D
10:13:44,ICBP,RG,7425,1,D,KK,OD,D
10:13:44,ICBP,RG,7425,15,D,PD,OD,D
10:13:44,ICBP,RG,7425,46,F,ZP,OD,D
10:13:44,ICBP,RG,7425,155,D,KZ,OD,D
10:13:44,ICBP,RG,7425,139,F,ZP,OD,D
10:13:44,ICBP,RG,7425,146,D,MG,OD,D
10:13:38,ICBP,RG,7450,1,D,PD,PD,D
10:13:14,ICBP,RG,7450,1,D,CC,PD,D
10:13:13,ICBP,RG,7450,15,F,ZP,PD,D
10:13:08,ICBP,RG,7450,30,D,DR,PD,D
10:13:08,ICBP,RG,7450,20,D,DR,CC,F
10:12:43,ICBP,RG,7450,15,F,ZP,CC,F
10:12:39,ICBP,RG,7425,11,D,MG,CC,D
10:12:31,ICBP,RG,7425,1,D,MG,YP,D
10:12:31,ICBP,RG,7425,1,D,MG,XC,D
10:11:59,ICBP,RG,7425,20,D,MG,PD,D
10:11:52,ICBP,RG,7425,10,D,MG,XL,D
10:11:51,ICBP,RG,7425,5,D,MG,EP,D
10:11:46,ICBP,RG,7450,2,D,NI,CC,F
10:11:33,ICBP,RG,7450,8,D,DH,CC,F
10:11:16,ICBP,RG,7450,1,D,XC,CC,F
10:10:49,ICBP,RG,7425,12,D,MG,CC,D
10:10:22,ICBP,RG,7450,1,D,CC,BK,F
10:10:08,ICBP,RG,7450,1,D,XC,BK,F
10:09:46,ICBP,RG,7425,5,D,MG,PD,D
10:08:55,ICBP,RG,7425,12,D,MG,CC,D
10:08:37,ICBP,RG,7450,2,D,PD,BK,F
10:08:22,ICBP,RG,7450,4,D,MK,BK,F
10:08:07,ICBP,RG,7450,10,D,YP,BK,F
10:08:07,ICBP,RG,7450,2,D,PD,BK,F
10:08:01,ICBP,RG,7450,1,D,YP,BK,F
10:07:45,ICBP,RG,7450,1,D,PD,BK,F
10:07:31,ICBP,RG,7425,42,D,MG,DH,D
10:07:08,ICBP,RG,7450,1,F,AK,BK,F
10:06:56,ICBP,RG,7425,11,D,MG,CC,D
10:06:16,ICBP,RG,7450,50,D,YP,BK,F
10:06:00,ICBP,RG,7450,1,D,PD,BK,F
10:05:58,ICBP,RG,7450,37,D,DH,BK,F
10:05:58,ICBP,RG,7450,3,D,DH,KK,D
10:05:54,ICBP,RG,7425,5,D,MG,YU,D
10:05:52,ICBP,RG,7450,1,D,XL,KK,D
10:05:45,ICBP,RG,7450,1,D,PD,KK,D
10:05:45,ICBP,RG,7450,20,D,AT,KK,D
10:05:28,ICBP,RG,7450,2,D,XL,KK,D
10:05:23,ICBP,RG,7425,13,D,MG,BK,F
10:05:22,ICBP,RG,7450,50,D,NI,KK,D
10:04:59,ICBP,RG,7450,1,D,CC,KK,D
10:04:58,ICBP,RG,7425,13,D,MG,CC,D
10:04:58,ICBP,RG,7425,8,D,MG,BK,F
10:04:53,ICBP,RG,7450,5,D,CC,KK,D
10:04:50,ICBP,RG,7450,5,D,XC,KK,D
10:04:07,ICBP,RG,7450,1,D,DH,KK,D
10:03:58,ICBP,RG,7450,10,D,CC,KK,D
10:03:51,ICBP,RG,7425,1,D,MG,EP,D
10:03:03,ICBP,RG,7450,20,D,YB,KK,D
10:03:02,ICBP,RG,7425,11,D,MG,CC,D
10:03:00,ICBP,RG,7450,3,D,GR,KK,D
10:02:38,ICBP,RG,7450,2,D,PD,KK,D
10:02:18,ICBP,RG,7425,221,D,MG,PD,D
10:02:13,ICBP,RG,7450,2,D,YP,KK,D
10:01:59,ICBP,RG,7425,1,D,MG,XL,D
10:01:45,ICBP,RG,7450,1,D,BQ,KK,D
10:01:45,ICBP,RG,7450,10,D,AT,KK,D
10:01:45,ICBP,RG,7450,54,F,ZP,KK,D
10:01:45,ICBP,RG,7450,37,D,YP,KK,D
10:01:44,ICBP,RG,7450,10,D,YP,GR,D
10:01:39,ICBP,RG,7450,7,D,YP,XC,D
10:01:22,ICBP,RG,7450,12,D,YP,BK,F
10:01:20,ICBP,RG,7450,28,D,YP,YU,F
10:01:17,ICBP,RG,7450,6,D,YP,YP,D
10:01:17,ICBP,RG,7450,3,F,CS,YP,D
10:01:15,ICBP,RG,7450,13,F,CS,BK,F
10:01:12,ICBP,RG,7450,33,F,CS,BK,F
10:01:11,ICBP,RG,7450,240,F,CS,SQ,D
10:01:11,ICBP,RG,7450,1,D,PD,SQ,D
10:01:11,ICBP,RG,7450,1,D,XL,SQ,D
10:01:11,ICBP,RG,7450,1,D,YP,SQ,D
10:01:11,ICBP,RG,7450,1,D,PD,SQ,D
10:01:11,ICBP,RG,7450,1,D,YP,SQ,D
10:01:11,ICBP,RG,7450,5,F,ZP,SQ,D
10:01:04,ICBP,RG,7450,13,F,ZP,CC,D
10:00:59,ICBP,RG,7450,15,F,ZP,BK,F
10:00:55,ICBP,RG,7450,13,F,ZP,CC,D
10:00:53,ICBP,RG,7450,2,F,ZP,PD,D
10:00:51,ICBP,RG,7475,1,D,PD,YP,D
10:00:46,ICBP,RG,7450,27,F,CS,EP,D
10:00:45,ICBP,RG,7450,12,F,CS,BK,F
10:00:44,ICBP,RG,7450,2,F,CS,YP,D
10:00:40,ICBP,RG,7450,25,F,CS,BK,F
10:00:40,ICBP,RG,7450,2,F,CS,XC,D
10:00:39,ICBP,RG,7450,20,F,CS,YU,D
10:00:39,ICBP,RG,7450,69,F,CS,BK,F
10:00:38,ICBP,RG,7450,40,F,CS,YP,D
10:00:38,ICBP,RG,7450,18,F,CS,BK,F
10:00:37,ICBP,RG,7450,5,F,CS,XC,D
10:00:35,ICBP,RG,7450,105,F,CS,BK,F
10:00:34,ICBP,RG,7450,208,F,CS,AK,F
10:00:34,ICBP,RG,7450,83,F,ZP,AK,F
10:00:34,ICBP,RG,7450,209,D,DR,AK,F
10:00:33,ICBP,RG,7450,8,D,DR,BK,F
10:00:33,ICBP,RG,7450,16,D,DR,BK,F
10:00:33,ICBP,RG,7450,8,F,ZP,BK,F
10:00:33,ICBP,RG,7450,9,D,XC,BK,F
10:00:33,ICBP,RG,7450,2,D,XC,BK,F
10:00:33,ICBP,RG,7450,5,D,CC,BK,F
10:00:33,ICBP,RG,7450,10,D,CC,BK,F
10:00:33,ICBP,RG,7450,1,D,KK,BK,F
10:00:33,ICBP,RG,7450,1,D,XC,BK,F
10:00:33,ICBP,RG,7450,53,F,ZP,BK,F
10:00:33,ICBP,RG,7450,16,F,ZP,YU,F
10:00:29,ICBP,RG,7450,10,F,ZP,RF,D
10:00:29,ICBP,RG,7475,61,F,ZP,YP,D
10:00:29,ICBP,RG,7450,1,F,ZP,CC,D
10:00:28,ICBP,RG,7450,7,F,ZP,AK,F
10:00:28,ICBP,RG,7450,493,F,CS,AK,F
10:00:28,ICBP,RG,7450,36,F,CS,BK,F
10:00:28,ICBP,RG,7450,66,D,CC,BK,F
10:00:25,ICBP,RG,7475,6,F,ZP,YP,D
10:00:25,ICBP,RG,7450,1,D,CC,AK,F
10:00:25,ICBP,RG,7450,8,F,ZP,AK,F
10:00:25,ICBP,RG,7450,10,D,NI,AK,F
10:00:25,ICBP,RG,7450,3,D,CC,AK,F
10:00:25,ICBP,RG,7450,30,F,YP,AK,F
10:00:25,ICBP,RG,7450,1,D,CC,AK,F
10:00:25,ICBP,RG,7450,15,D,DR,AK,F
10:00:25,ICBP,RG,7450,50,D,SQ,AK,F
10:00:25,ICBP,RG,7450,10,F,ZP,AK,F
10:00:25,ICBP,RG,7450,42,D,DR,AK,F
10:00:25,ICBP,RG,7450,2,D,XC,AK,F
10:00:25,ICBP,RG,7450,5,D,YP,AK,F
10:00:25,ICBP,RG,7450,10,D,PD,AK,F
10:00:25,ICBP,RG,7450,20,D,CC,AK,F
10:00:25,ICBP,RG,7450,20,D,DR,AK,F
10:00:25,ICBP,RG,7450,2,D,PD,AK,F
10:00:25,ICBP,RG,7450,15,D,GR,AK,F
10:00:25,ICBP,RG,7450,1,D,EP,AK,F
10:00:25,ICBP,RG,7450,10,D,KK,AK,F
10:00:25,ICBP,RG,7450,5,D,PD,AK,F
10:00:25,ICBP,RG,7450,2,D,YP,AK,F
10:00:25,ICBP,RG,7450,4,D,PD,AK,F
10:00:25,ICBP,RG,7450,8,D,EP,AK,F
10:00:25,ICBP,RG,7450,15,F,ZP,AK,F
10:00:25,ICBP,RG,7450,27,D,YP,AK,F
10:00:25,ICBP,RG,7450,10,F,KK,AK,F
10:00:25,ICBP,RG,7450,1,D,BQ,AK,F
10:00:25,ICBP,RG,7450,2,D,YP,AK,F
10:00:25,ICBP,RG,7450,2,D,CC,AK,F
10:00:25,ICBP,RG,7450,10,D,CC,AK,F
10:00:25,ICBP,RG,7450,3,D,CC,AK,F
10:00:25,ICBP,RG,7450,1,D,XL,AK,F
10:00:25,ICBP,RG,7450,5,D,NI,AK,F
10:00:25,ICBP,RG,7450,10,D,CC,AK,F
10:00:25,ICBP,RG,7450,103,F,ZP,AK,F
10:00:25,ICBP,RG,7450,28,F,AK,AK,F
10:00:25,ICBP,RG,7450,4,F,ZP,AK,F
10:00:25,ICBP,RG,7450,5,F,AK,AK,F
10:00:24,ICBP,RG,7450,403,F,AK,AK,F
10:00:24,ICBP,RG,7450,1,F,ZP,AK,F
10:00:24,ICBP,RG,7450,96,D,DR,AK,F
10:00:24,ICBP,RG,7450,10,D,DR,YU,D
10:00:07,ICBP,RG,7450,5,D,DR,DH,D
10:00:06,ICBP,RG,7450,2,D,DR,XC,D
10:00:03,ICBP,RG,7475,26,D,KK,YP,D
9:59:57,ICBP,RG,7450,10,D,DR,GR,D
9:59:42,ICBP,RG,7450,5,D,DR,MK,D
9:59:32,ICBP,RG,7450,14,D,DR,CC,D
9:59:26,ICBP,RG,7475,1,D,BQ,YP,D
9:59:25,ICBP,RG,7450,1,D,DR,PD,D
9:59:23,ICBP,RG,7450,1,D,DR,AT,D
9:59:22,ICBP,RG,7450,1,D,DR,KK,D
9:59:17,ICBP,RG,7450,2,D,DR,PD,D
9:59:15,ICBP,RG,7450,1,D,DR,XC,D
9:59:09,ICBP,RG,7450,10,D,DR,CC,D
9:59:06,ICBP,RG,7475,15,D,PD,YP,D
9:59:03,ICBP,RG,7450,11,D,DR,CC,D
9:58:50,ICBP,RG,7450,2,D,DR,YP,D
9:58:40,ICBP,RG,7450,1,D,DR,CC,D
9:58:20,ICBP,RG,7450,2,D,DR,YP,D
9:57:55,ICBP,RG,7450,2,D,DR,YP,D
9:57:35,ICBP,RG,7475,1,D,XC,YP,D
9:57:30,ICBP,RG,7450,7,D,DR,HP,D
9:57:25,ICBP,RG,7450,1,D,DR,SQ,D
9:57:25,ICBP,RG,7450,2,D,DR,OD,D
9:57:20,ICBP,RG,7450,20,D,DR,PD,D
9:57:17,ICBP,RG,7475,2,D,XL,YP,D
9:57:14,ICBP,RG,7450,12,D,DR,CC,D
9:57:06,ICBP,RG,7475,1,D,XC,YP,D
9:56:58,ICBP,RG,7475,2,F,ZP,YP,D
9:56:58,ICBP,RG,7475,1,F,ZP,YP,D
9:56:58,ICBP,RG,7475,2,F,ZP,YP,D
9:56:58,ICBP,RG,7475,3,F,ZP,PD,D
9:56:57,ICBP,RG,7450,40,D,DR,PD,D
9:56:45,ICBP,RG,7475,8,D,HP,PD,D
9:56:44,ICBP,RG,7450,1,D,DR,PD,D
9:56:16,ICBP,RG,7475,5,F,ZP,PD,D
9:56:15,ICBP,RG,7450,10,D,DR,EP,D
9:55:56,ICBP,RG,7450,3,D,DR,XC,D
9:55:46,ICBP,RG,7475,8,D,PD,PD,D
9:55:39,ICBP,RG,7450,5,D,DR,NI,D
9:55:26,ICBP,RG,7475,7,D,XC,PD,D
9:55:24,ICBP,RG,7450,1,D,DR,CC,D
9:55:23,ICBP,RG,7475,5,D,YP,PD,D
9:55:20,ICBP,RG,7475,1,D,PD,PD,D
9:54:45,ICBP,RG,7475,5,F,ZP,PD,D
9:54:43,ICBP,RG,7475,19,F,ZP,PD,D
9:54:42,ICBP,RG,7475,8,F,ZP,PD,D
9:54:42,ICBP,RG,7475,50,F,ZP,EP,D
9:54:42,ICBP,RG,7475,25,F,ZP,EP,D
9:54:42,ICBP,RG,7475,1,F,ZP,CC,D
9:54:42,ICBP,RG,7475,3,F,ZP,KK,D
9:54:42,ICBP,RG,7475,3,F,ZP,KK,D
9:54:42,ICBP,RG,7475,45,F,ZP,YP,D
9:54:42,ICBP,RG,7475,10,F,ZP,YP,D
9:54:42,ICBP,RG,7475,1,F,ZP,KK,D
9:54:42,ICBP,RG,7475,1,F,ZP,XC,D
9:54:42,ICBP,RG,7475,1,F,ZP,PD,D
9:54:42,ICBP,RG,7475,2,F,ZP,GR,D
9:54:42,ICBP,RG,7475,1,F,ZP,PD,D
9:54:42,ICBP,RG,7475,1,F,ZP,PD,D
9:54:42,ICBP,RG,7475,1,F,ZP,XC,D
9:54:41,ICBP,RG,7450,1,D,DR,AK,F
9:54:41,ICBP,RG,7450,13,D,DR,PD,D
9:54:41,ICBP,RG,7450,21,D,DR,BK,F
9:54:41,ICBP,RG,7450,71,D,DR,YU,F
9:54:41,ICBP,RG,7450,38,D,DR,YU,F
9:54:41,ICBP,RG,7450,1,F,ZP,YU,F
9:54:40,ICBP,RG,7450,7,F,AK,YP,D
9:54:40,ICBP,RG,7450,16,F,AK,RX,D
9:54:40,ICBP,RG,7450,10,F,AK,PD,D
9:54:40,ICBP,RG,7450,2,F,AK,XL,D
9:54:40,ICBP,RG,7450,1,F,AK,YP,D
9:54:40,ICBP,RG,7450,20,F,AK,PD,D
9:54:40,ICBP,RG,7450,1,F,AK,YP,D
9:54:40,ICBP,RG,7450,13,F,AK,CC,D
9:54:40,ICBP,RG,7450,2,F,AK,PD,D
9:54:40,ICBP,RG,7450,1,F,AK,PD,D
9:54:40,ICBP,RG,7450,23,F,AK,KI,D
9:54:40,ICBP,RG,7450,2,D,EP,KI,D
9:54:40,ICBP,RG,7450,1,D,EP,XL,D
9:54:40,ICBP,RG,7450,330,D,EP,YU,F
9:54:40,ICBP,RG,7450,20,D,EP,CC,D
9:54:40,ICBP,RG,7450,13,D,EP,PD,D
