Time,Stock,Brd,Price,Qty,BT,BC,SC,ST
15:14:41,ICBP,RG,7400,2,D,SQ,CC,D
15:14:19,ICBP,RG,7400,8,D,YP,CC,D
15:14:02,ICBP,RG,7400,3,D,PD,CC,D
15:13:13,ICBP,RG,7400,1,D,XC,CC,D
15:12:51,ICBP,RG,7400,1,D,SQ,CC,D
15:12:41,ICBP,RG,7400,50,D,NI,CC,D
15:12:40,ICBP,RG,7400,100,D,OD,CC,D
15:12:22,ICBP,RG,7400,6,D,XC,CC,D
15:11:20,ICBP,RG,7400,6,D,PD,CC,D
15:11:19,ICBP,RG,7400,2,D,CC,CC,D
15:11:12,ICBP,RG,7400,1,D,XC,CC,D
15:11:08,ICBP,RG,7400,1,D,XC,CC,D
15:11:04,ICBP,RG,7400,19,D,PD,CC,D
15:10:45,ICBP,RG,7400,1,D,XC,CC,D
15:10:37,ICBP,RG,7400,1081,D,PD,CC,D
15:10:14,ICBP,RG,7400,1,D,NI,CC,D
15:10:09,ICBP,RG,7400,5,D,LS,CC,D
15:09:39,ICBP,RG,7400,1,D,AT,CC,D
15:09:35,ICBP,RG,7400,1,D,XC,CC,D
15:09:31,ICBP,RG,7400,10,D,PD,CC,D
15:09:12,ICBP,RG,7400,3,D,YP,CC,D
15:08:45,ICBP,RG,7400,1,D,XC,CC,D
15:08:09,ICBP,RG,7400,1,D,YP,CC,D
15:07:59,ICBP,RG,7400,3,D,PD,CC,D
15:07:54,ICBP,RG,7400,200,D,CC,CC,D
15:07:34,ICBP,RG,7400,25,D,YP,CC,D
15:07:33,ICBP,RG,7400,5,D,PD,CC,D
15:07:32,ICBP,RG,7400,27,D,XL,CC,D
15:07:15,ICBP,RG,7400,2,D,YP,CC,D
15:07:13,ICBP,RG,7400,102,D,CC,CC,D
15:06:48,ICBP,RG,7400,13,D,NI,CC,D
15:06:19,ICBP,RG,7400,20,D,CC,CC,D
15:05:46,ICBP,RG,7400,1,D,CC,CC,D
15:05:41,ICBP,RG,7400,2,D,YP,CC,D
15:05:36,ICBP,RG,7400,2,D,KK,CC,D
15:05:35,ICBP,RG,7400,3,D,SQ,CC,D
15:05:10,ICBP,RG,7400,2,D,SQ,CC,D
15:04:42,ICBP,RG,7400,10,D,AF,CC,D
15:04:41,ICBP,RG,7400,100,D,KK,CC,D
15:04:40,ICBP,RG,7400,10,D,YP,CC,D
15:04:36,ICBP,RG,7400,1149,D,CC,CC,D
15:04:36,ICBP,RG,7400,7,D,CC,CC,F
15:04:36,ICBP,RG,7400,3,D,CC,CC,D
15:04:36,ICBP,RG,7400,100,D,CC,YP,D
15:04:36,ICBP,RG,7400,1,D,CC,YP,D
15:04:36,ICBP,RG,7400,230,D,CC,CC,D
15:04:24,ICBP,RG,7400,3,D,XC,CC,D
15:04:16,ICBP,RG,7400,1,D,XL,CC,D
15:04:12,ICBP,RG,7400,10,D,HP,CC,D
15:03:41,ICBP,RG,7400,10,D,GR,CC,D
15:03:35,ICBP,RG,7400,1,D,PD,CC,D
15:03:32,ICBP,RG,7400,679,D,AZ,CC,D
15:03:29,ICBP,RG,7400,408,D,AZ,CC,D
15:03:25,ICBP,RG,7400,1,D,YP,CC,D
15:03:24,ICBP,RG,7400,10,D,YP,CC,D
15:03:21,ICBP,RG,7400,1,D,XC,CC,D
15:02:32,ICBP,RG,7400,1,D,XC,CC,D
15:02:21,ICBP,RG,7400,81,F,AK,CC,D
15:02:20,ICBP,RG,7400,300,D,YU,CC,D
15:02:20,ICBP,RG,7400,3,D,XL,CC,D
15:02:06,ICBP,RG,7400,2,F,AK,CC,D
15:02:05,ICBP,RG,7400,7,D,KK,CC,D
15:02:03,ICBP,RG,7400,1,D,XC,CC,D
15:02:01,ICBP,RG,7400,1,D,PD,CC,D
15:01:58,ICBP,RG,7400,1,D,XC,CC,D
15:01:56,ICBP,RG,7400,1,F,AK,CC,D
15:01:55,ICBP,RG,7400,2,D,CC,CC,D
15:01:36,ICBP,RG,7400,27,F,AK,CC,D
15:01:35,ICBP,RG,7400,100,D,AI,CC,D
15:00:00,ICBP,RG,7400,5,D,YP,CC,D
15:00:00,ICBP,RG,7400,5,D,PD,CC,D
15:00:00,ICBP,RG,7400,1,D,PD,CC,D
15:00:00,ICBP,RG,7400,2,D,KK,CC,D
15:00:00,ICBP,RG,7400,1,D,YP,CC,D
15:00:00,ICBP,RG,7400,1,F,AK,CC,D
15:00:00,ICBP,RG,7400,1,F,AK,CC,D
15:00:00,ICBP,RG,7400,103,F,AK,CC,D
15:00:00,ICBP,RG,7400,1,F,AK,XC,D
15:00:00,ICBP,RG,7400,20,F,AK,YP,D
15:00:00,ICBP,RG,7400,2,F,AK,CC,D
15:00:00,ICBP,RG,7400,100,F,AK,CC,D
15:00:00,ICBP,RG,7400,2,F,AK,XC,D
15:00:00,ICBP,RG,7400,2,F,AK,GR,D
15:00:00,ICBP,RG,7400,14,F,AK,CC,D
15:00:00,ICBP,RG,7400,1,F,AK,CC,D
15:00:00,ICBP,RG,7400,3,F,AK,CC,D
15:00:00,ICBP,RG,7400,10,D,SQ,CC,D
15:00:00,ICBP,RG,7400,75,F,AK,CC,D
15:00:00,ICBP,RG,7400,73,F,AK,CC,D
15:00:00,ICBP,RG,7400,50,F,AK,CC,D
15:00:00,ICBP,RG,7400,987,F,AK,CC,D
15:00:00,ICBP,RG,7400,273,F,ZP,CC,D
15:00:00,ICBP,RG,7400,52,D,YU,CC,D
15:00:00,ICBP,RG,7400,15,F,BK,CC,D
15:00:00,ICBP,RG,7400,27,D,KZ,CC,D
15:00:00,ICBP,RG,7400,75,D,KZ,CC,D
15:00:00,ICBP,RG,7400,74,D,KZ,CC,D
15:00:00,ICBP,RG,7400,2,D,KZ,SQ,D
15:00:00,ICBP,RG,7400,60,D,KZ,ES,D
15:00:00,ICBP,RG,7400,3,D,KZ,KK,D
15:00:00,ICBP,RG,7400,20,D,KZ,CC,D
15:00:00,ICBP,RG,7400,29,D,KZ,YP,D
15:00:00,ICBP,RG,7400,4,D,KZ,YP,D
15:00:00,ICBP,RG,7400,10,D,KZ,KK,D
15:00:00,ICBP,RG,7400,50,D,KZ,OD,D
15:00:00,ICBP,RG,7400,100,D,KZ,YP,D
15:00:00,ICBP,RG,7400,3,D,KZ,YP,D
15:00:00,ICBP,RG,7400,30,D,KZ,GR,D
15:00:00,ICBP,RG,7400,3,D,KZ,CC,D
15:00:00,ICBP,RG,7400,200,D,KZ,YP,D
15:00:00,ICBP,RG,7400,1,D,KZ,YP,D
15:00:00,ICBP,RG,7400,97,D,KZ,CC,D
15:00:00,ICBP,RG,7400,1,D,KZ,XC,D
15:00:00,ICBP,RG,7400,1,D,KZ,CC,D
15:00:00,ICBP,RG,7400,34,D,KZ,CP,D
15:00:00,ICBP,RG,7400,51,D,KZ,YU,D
15:00:00,ICBP,RG,7400,362,D,KZ,ZP,F
15:00:00,ICBP,RG,7400,6,D,KZ,ZP,F
15:00:00,ICBP,RG,7400,344,D,KZ,ZP,F
15:00:00,ICBP,RG,7400,199,D,KZ,ZP,F
15:00:00,ICBP,RG,7400,11,D,KZ,ZP,F
15:00:00,ICBP,RG,7400,10,D,KZ,ZP,F
15:00:00,ICBP,RG,7400,250,D,KZ,PD,D
15:00:00,ICBP,RG,7400,284,F,BB,PD,D
15:00:00,ICBP,RG,7400,1,F,AK,PD,D
15:00:00,ICBP,RG,7400,187,D,AK,PD,D
15:00:00,ICBP,RG,7400,148,F,ZP,PD,D
15:00:00,ICBP,RG,7400,380,F,YU,PD,D
15:00:00,ICBP,RG,7400,743,D,YU,PD,D
15:00:00,ICBP,RG,7400,43,D,YU,BK,F
15:00:00,ICBP,RG,7400,88,D,OD,BK,F
15:00:00,ICBP,RG,7400,778,D,OD,ZP,F
15:00:00,ICBP,RG,7400,321,D,PD,ZP,F
15:00:00,ICBP,RG,7400,8,D,PD,LG,D
14:49:55,ICBP,RG,7375,3,D,NI,CC,D
14:49:52,ICBP,RG,7350,1,D,SQ,ZP,F
14:49:40,ICBP,RG,7375,1,D,NI,ZP,F
14:49:36,ICBP,RG,7350,2,D,SQ,XC,D
14:49:36,ICBP,RG,7375,1,D,NI,ZP,F
14:49:34,ICBP,RG,7350,30,D,SQ,RX,D
14:49:30,ICBP,RG,7375,2,F,BK,RX,D
14:49:29,ICBP,RG,7375,40,D,CC,RX,D
14:49:29,ICBP,RG,7375,25,D,CC,SQ,D
14:49:28,ICBP,RG,7350,14,D,SQ,RX,D
14:49:27,ICBP,RG,7350,1,D,SQ,KK,D
14:49:26,ICBP,RG,7375,2,D,XC,NI,D
14:49:26,ICBP,RG,7375,1,D,XC,ZP,F
14:49:26,ICBP,RG,7375,7,D,XC,RX,D
14:49:22,ICBP,RG,7375,1,F,ZP,RX,D
14:49:22,ICBP,RG,7375,1,F,ZP,RX,D
14:49:17,ICBP,RG,7375,2,D,SQ,RX,D
14:49:17,ICBP,RG,7350,24,D,SQ,RX,D
14:49:16,ICBP,RG,7350,4,D,SQ,BK,F
14:49:09,ICBP,RG,7350,1,D,SQ,ZP,F
14:49:09,ICBP,RG,7375,1,D,CC,ZP,F
14:49:09,ICBP,RG,7375,49,D,CC,YP,D
14:49:06,ICBP,RG,7350,13,D,SQ,RX,D
14:49:00,ICBP,RG,7350,1,D,SQ,ZP,F
14:49:00,ICBP,RG,7350,9,D,SQ,BK,F
14:49:00,ICBP,RG,7375,1,D,PD,YP,D
14:49:00,ICBP,RG,7375,49,D,PD,YP,D
14:48:58,ICBP,RG,7350,29,D,SQ,RX,D
14:48:58,ICBP,RG,7375,1,D,PD,YP,D
14:48:56,ICBP,RG,7375,1,F,ZP,YP,D
14:48:53,ICBP,RG,7375,15,F,ZP,YP,D
14:48:53,ICBP,RG,7375,1,F,ZP,YP,D
14:48:53,ICBP,RG,7350,40,D,SQ,ZP,F
14:48:52,ICBP,RG,7375,3,F,ZP,YP,D
14:48:52,ICBP,RG,7375,3,F,ZP,YP,D
14:48:52,ICBP,RG,7350,96,D,SQ,ZP,F
14:48:47,ICBP,RG,7350,25,D,SQ,RX,D
14:48:43,ICBP,RG,7375,1,D,CC,YP,D
14:48:42,ICBP,RG,7375,26,D,NI,YP,D
14:48:42,ICBP,RG,7375,16,D,NI,ZP,F
14:48:42,ICBP,RG,7375,8,D,NI,CC,F
14:48:36,ICBP,RG,7350,49,D,SQ,RX,D
14:48:35,ICBP,RG,7375,9,D,CC,CC,F
14:48:27,ICBP,RG,7375,10,D,PD,CC,F
14:48:24,ICBP,RG,7375,2,D,HP,CC,F
14:48:13,ICBP,RG,7350,43,D,SQ,RX,D
14:48:10,ICBP,RG,7375,34,D,KZ,CC,F
14:48:10,ICBP,RG,7375,11,D,KZ,ZP,F
14:48:10,ICBP,RG,7375,15,D,KZ,BK,F
14:48:10,ICBP,RG,7375,25,D,KZ,YP,D
14:48:10,ICBP,RG,7375,61,D,KZ,ZP,F
14:48:10,ICBP,RG,7375,4,D,KZ,ZP,F
14:48:10,ICBP,RG,7375,1,D,KZ,ZP,F
14:48:10,ICBP,RG,7375,1,D,KZ,ZP,F
14:48:10,ICBP,RG,7375,230,D,KZ,NI,D
14:48:08,ICBP,RG,7375,1,D,HP,NI,D
14:48:06,ICBP,RG,7375,1,D,XC,NI,D
14:48:04,ICBP,RG,7375,5,D,PD,NI,D
14:48:02,ICBP,RG,7375,5,D,EP,NI,D
14:48:01,ICBP,RG,7375,3,D,LG,NI,D
14:48:00,ICBP,RG,7350,1,D,SQ,ZP,F
14:48:00,ICBP,RG,7350,1,D,SQ,ZP,F
14:47:54,ICBP,RG,7350,35,D,SQ,RX,D
14:47:53,ICBP,RG,7350,1,D,SQ,ZP,F
14:47:52,ICBP,RG,7375,3,D,GR,NI,D
14:47:52,ICBP,RG,7375,6,F,ZP,NI,D
14:47:52,ICBP,RG,7375,1,D,YP,NI,D
14:47:52,ICBP,RG,7375,4,D,NI,NI,D
14:47:52,ICBP,RG,7375,10,D,SQ,NI,D
14:47:52,ICBP,RG,7375,21,F,ZP,NI,D
14:47:52,ICBP,RG,7375,5,D,YU,NI,D
14:47:52,ICBP,RG,7375,5,D,NI,NI,D
14:47:52,ICBP,RG,7375,20,D,CC,NI,D
14:47:52,ICBP,RG,7375,2,D,CC,NI,D
14:47:52,ICBP,RG,7375,3,D,SQ,NI,D
14:47:52,ICBP,RG,7375,10,D,XC,NI,D
14:47:52,ICBP,RG,7375,1,D,YP,NI,D
14:47:52,ICBP,RG,7375,1,D,KK,NI,D
14:47:52,ICBP,RG,7375,163,D,KZ,NI,D
14:47:48,ICBP,RG,7375,9,D,KZ,BK,F
14:47:48,ICBP,RG,7375,46,D,KZ,ZP,F
14:47:39,ICBP,RG,7375,18,D,KZ,RX,D
14:47:35,ICBP,RG,7400,1,D,PD,CC,D
14:47:32,ICBP,RG,7375,1,D,KZ,CS,D
14:47:32,ICBP,RG,7375,1,D,KZ,ZP,F
14:47:32,ICBP,RG,7375,1,D,KZ,ZP,F
14:47:32,ICBP,RG,7375,129,D,KZ,ZP,F
14:47:32,ICBP,RG,7375,20,D,SQ,ZP,F
14:47:32,ICBP,RG,7375,58,D,KZ,ZP,F
14:47:32,ICBP,RG,7375,18,F,BK,ZP,F
14:47:32,ICBP,RG,7375,2,D,XC,ZP,F
14:47:32,ICBP,RG,7375,5,D,PD,ZP,F
14:47:32,ICBP,RG,7375,28,D,CC,ZP,F
14:47:32,ICBP,RG,7375,2,D,YP,ZP,F
14:47:32,ICBP,RG,7375,5,D,SQ,ZP,F
14:47:32,ICBP,RG,7375,2,D,PD,ZP,F
14:47:32,ICBP,RG,7375,1,D,XL,ZP,F
14:47:32,ICBP,RG,7375,1,F,ZP,ZP,F
14:47:32,ICBP,RG,7375,2,D,XC,ZP,F
14:47:32,ICBP,RG,7375,1,D,YP,ZP,F
14:47:32,ICBP,RG,7375,6,D,SQ,ZP,F
14:47:32,ICBP,RG,7375,10,D,XC,ZP,F
14:47:32,ICBP,RG,7375,35,D,YP,ZP,F
14:47:32,ICBP,RG,7375,1,D,CC,ZP,F
14:47:32,ICBP,RG,7375,1,D,XL,ZP,F
14:47:32,ICBP,RG,7375,2,D,PD,ZP,F
14:47:32,ICBP,RG,7375,71,D,KZ,ZP,F
14:47:30,ICBP,RG,7375,25,D,KZ,RX,D
14:47:28,ICBP,RG,7400,9,F,BK,CC,D
14:47:27,ICBP,RG,7375,1,D,KZ,CS,D
14:47:27,ICBP,RG,7375,1,D,KZ,CS,D
14:47:24,ICBP,RG,7375,8,D,KZ,BK,F
14:47:21,ICBP,RG,7375,2,D,KZ,CC,D
14:47:20,ICBP,RG,7375,17,D,KZ,RX,D
14:47:12,ICBP,RG,7375,101,D,KZ,ZP,F
14:47:11,ICBP,RG,7375,3,D,KZ,ZP,F
14:47:11,ICBP,RG,7375,23,D,KZ,RX,D
14:47:02,ICBP,RG,7375,2,D,KZ,CS,D
14:47:01,ICBP,RG,7375,107,D,KZ,CC,D
14:47:01,ICBP,RG,7375,5,D,YP,CC,D
14:47:01,ICBP,RG,7375,57,D,KZ,CC,D
14:47:01,ICBP,RG,7375,1,D,DR,CC,D
14:47:01,ICBP,RG,7375,5,D,CC,CC,D
14:47:01,ICBP,RG,7375,1,D,GR,CC,D
14:47:01,ICBP,RG,7375,1,D,YP,CC,D
14:47:01,ICBP,RG,7375,6,D,PD,CC,D
14:47:01,ICBP,RG,7375,1,D,XC,CC,D
14:47:01,ICBP,RG,7375,1,D,YP,CC,D
14:47:01,ICBP,RG,7375,1,D,KK,CC,D
14:47:01,ICBP,RG,7375,5,D,DH,CC,D
14:47:01,ICBP,RG,7375,1,D,XC,CC,D
14:47:01,ICBP,RG,7375,5,D,CC,CC,D
14:47:01,ICBP,RG,7375,1,D,SQ,CC,D
14:47:01,ICBP,RG,7375,1,D,GR,CC,D
14:47:01,ICBP,RG,7375,1,D,RO,CC,D
14:47:01,ICBP,RG,7375,14,D,CC,PD,D
14:47:01,ICBP,RG,7375,6,D,CC,RX,D
14:47:01,ICBP,RG,7375,1,D,LS,RX,D
14:47:01,ICBP,RG,7375,1,D,XC,RX,D
14:47:01,ICBP,RG,7375,1,D,XC,RX,D
14:47:01,ICBP,RG,7375,9,D,YP,RX,D
14:46:57,ICBP,RG,7375,1,D,YP,ZP,F
14:46:57,ICBP,RG,7375,2,D,CC,ZP,F
14:46:57,ICBP,RG,7375,5,D,YU,ZP,F
14:46:57,ICBP,RG,7375,5,D,CC,ZP,F
14:46:57,ICBP,RG,7375,1,D,KK,ZP,F
14:46:57,ICBP,RG,7375,5,D,YP,BK,F
14:46:57,ICBP,RG,7375,3,D,NI,BK,F
14:46:56,ICBP,RG,7375,7,D,NI,ZP,F
14:46:56,ICBP,RG,7375,34,D,SQ,ZP,F
14:46:56,ICBP,RG,7375,1,D,XC,ZP,F
14:46:56,ICBP,RG,7375,1,D,DR,ZP,F
14:46:56,ICBP,RG,7375,9,D,YP,ZP,F
14:46:55,ICBP,RG,7375,2,D,YP,DP,D
14:46:53,ICBP,RG,7375,1,D,YP,ZP,F
14:46:53,ICBP,RG,7375,8,D,YP,RX,D
14:46:53,ICBP,RG,7375,2,D,KK,RX,D
14:46:53,ICBP,RG,7375,7,D,CS,RX,D
14:46:50,ICBP,RG,7400,7,F,BK,CC,D
14:46:50,ICBP,RG,7375,5,D,CS,YP,D
14:46:47,ICBP,RG,7375,1,D,XC,DP,D
14:46:47,ICBP,RG,7375,1,D,XC,DP,D
14:46:47,ICBP,RG,7375,2,D,CC,DP,D
14:46:47,ICBP,RG,7375,1,D,YP,DP,D
14:46:47,ICBP,RG,7375,2,D,EP,DP,D
14:46:47,ICBP,RG,7375,1,D,XL,DP,D
14:46:45,ICBP,RG,7375,2,D,XL,RX,D
14:46:45,ICBP,RG,7375,7,D,XC,RX,D
14:46:43,ICBP,RG,7375,1,D,XC,RX,D
14:46:43,ICBP,RG,7375,5,D,CC,RX,D
14:46:43,ICBP,RG,7375,6,D,DH,RX,D
14:46:39,ICBP,RG,7375,4,D,DH,ZP,F
14:46:39,ICBP,RG,7375,2,D,NI,ZP,F
14:46:39,ICBP,RG,7375,11,F,ZP,ZP,F
14:46:39,ICBP,RG,7375,4,F,ZP,ZP,F
14:46:38,ICBP,RG,7375,5,F,ZP,ZP,F
14:46:38,ICBP,RG,7375,5,D,YP,ZP,F
14:46:38,ICBP,RG,7375,1,D,YP,ZP,F
14:46:38,ICBP,RG,7375,33,D,YP,ZP,F
14:46:36,ICBP,RG,7375,3,D,YP,CS,D
14:46:34,ICBP,RG,7375,20,D,YP,RX,D
14:46:32,ICBP,RG,7375,3,D,YP,DP,D
14:46:32,ICBP,RG,7400,3,F,CS,CC,D
14:46:30,ICBP,RG,7375,8,D,YP,DP,D
14:46:26,ICBP,RG,7400,1,D,DX,CC,D
14:46:25,ICBP,RG,7375,8,D,YP,BK,F
14:46:25,ICBP,RG,7375,18,D,YP,RX,D
14:46:22,ICBP,RG,7375,57,D,YP,ZP,F
14:46:17,ICBP,RG,7375,22,D,YP,RX,D
14:46:16,ICBP,RG,7375,4,D,YP,ZP,F
14:46:07,ICBP,RG,7375,4,D,YP,ZP,F
14:46:07,ICBP,RG,7375,8,F,BK,ZP,F
14:46:07,ICBP,RG,7375,21,F,ZP,ZP,F
14:46:07,ICBP,RG,7375,17,D,CS,ZP,F
14:46:07,ICBP,RG,7375,3,D,KZ,ZP,F
14:46:06,ICBP,RG,7375,24,D,KZ,RX,D
14:45:59,ICBP,RG,7375,8,D,KZ,BK,F
14:45:59,ICBP,RG,7400,1,D,PD,CC,D
14:45:56,ICBP,RG,7400,7,D,CP,CC,D
14:45:55,ICBP,RG,7375,25,D,KZ,RX,D
14:45:47,ICBP,RG,7375,45,D,KZ,ZP,F
14:45:44,ICBP,RG,7375,24,D,KZ,RX,D
14:45:34,ICBP,RG,7400,1,D,YB,CC,D
14:45:33,ICBP,RG,7375,25,D,KZ,RX,D
14:45:32,ICBP,RG,7400,7,F,BK,CC,D
14:45:27,ICBP,RG,7375,51,D,KZ,ZP,F
14:45:26,ICBP,RG,7375,1,D,KZ,ZP,F
14:45:26,ICBP,RG,7400,19,F,ZP,CC,D
14:45:24,ICBP,RG,7375,1,D,KZ,ZP,F
14:45:22,ICBP,RG,7375,17,D,KZ,RX,D
14:45:20,ICBP,RG,7400,5,D,YP,CC,D
14:45:16,ICBP,RG,7400,10,D,KI,CC,D
14:45:11,ICBP,RG,7375,50,D,KZ,ZP,F
14:45:07,ICBP,RG,7400,1,D,KK,CC,D
14:44:58,ICBP,RG,7375,2,D,KZ,XC,D
14:44:51,ICBP,RG,7375,40,D,KZ,ZP,F
14:44:50,ICBP,RG,7375,1,D,KZ,KK,D
14:44:45,ICBP,RG,7400,8,F,BK,CC,D
14:44:38,ICBP,RG,7375,20,D,KZ,CC,D
14:44:33,ICBP,RG,7400,10,D,PD,CC,D
14:44:33,ICBP,RG,7375,52,D,KZ,ZP,F
14:44:28,ICBP,RG,7375,2,D,KZ,DP,D
14:44:23,ICBP,RG,7375,3,D,KZ,ZP,F
14:44:21,ICBP,RG,7375,3,D,KZ,YP,D
14:44:16,ICBP,RG,7400,1,D,PD,CC,D
14:44:15,ICBP,RG,7375,38,D,KZ,ZP,F
14:44:15,ICBP,RG,7375,20,D,KZ,YP,D
14:44:15,ICBP,RG,7400,15,D,YP,CC,D
14:44:09,ICBP,RG,7400,19,F,ZP,CC,D
14:44:08,ICBP,RG,7400,146,D,CC,CC,D
14:44:08,ICBP,RG,7400,143,D,CC,RX,D
14:44:08,ICBP,RG,7400,1,D,CC,ZP,F
14:44:08,ICBP,RG,7400,6,D,CC,CS,D
14:44:08,ICBP,RG,7400,21,D,CC,BK,F
14:44:08,ICBP,RG,7400,1,D,CC,ZP,F
14:44:08,ICBP,RG,7400,100,D,CC,YP,D
14:44:08,ICBP,RG,7400,11,D,CC,ZP,F
14:44:08,ICBP,RG,7400,7,D,CC,BK,F
14:44:08,ICBP,RG,7400,64,D,CC,BK,F
14:44:04,ICBP,RG,7400,8,F,BK,BK,F
14:43:57,ICBP,RG,7375,34,D,KZ,ZP,F
14:43:56,ICBP,RG,7400,31,D,CC,BK,F
14:43:55,ICBP,RG,7400,1,D,CC,BK,F
14:43:53,ICBP,RG,7375,7,D,KZ,BK,F
14:43:44,ICBP,RG,7375,4,D,KZ,ZP,F
14:43:43,ICBP,RG,7375,34,D,KZ,DX,D
14:43:43,ICBP,RG,7375,466,D,KZ,DX,D
14:43:43,ICBP,RG,7375,8,D,KK,DX,D
14:43:43,ICBP,RG,7375,12,D,KK,DX,D
14:43:43,ICBP,RG,7375,15,D,KK,DX,D
14:43:43,ICBP,RG,7375,15,D,PD,DX,D
14:43:43,ICBP,RG,7375,200,D,ES,DX,D
14:43:43,ICBP,RG,7375,2,D,YP,DX,D
14:43:43,ICBP,RG,7375,1,D,KK,DX,D
14:43:43,ICBP,RG,7375,5,D,NI,DX,D
14:43:43,ICBP,RG,7375,26,D,XC,DX,D
14:43:43,ICBP,RG,7375,42,D,XC,DX,D
14:43:43,ICBP,RG,7375,20,D,CC,DX,D
14:43:43,ICBP,RG,7375,1,D,DH,DX,D
14:43:43,ICBP,RG,7375,8,F,ZP,DX,D
14:43:43,ICBP,RG,7375,135,D,KZ,DX,D
14:43:39,ICBP,RG,7400,276,D,KZ,BK,F
14:43:39,ICBP,RG,7400,22,D,KZ,ZP,F
14:43:39,ICBP,RG,7400,6,D,KZ,ZP,F
14:43:39,ICBP,RG,7400,1,D,KZ,ZP,F
14:43:39,ICBP,RG,7400,1,D,KZ,ZP,F
14:43:39,ICBP,RG,7400,9,D,KZ,ZP,F
14:43:38,ICBP,RG,7400,5,F,ZP,ZP,F
14:43:25,ICBP,RG,7375,7,D,KZ,BK,F
14:43:24,ICBP,RG,7400,12,D,KZ,ZP,F
14:43:24,ICBP,RG,7400,180,D,KZ,RX,D
14:43:24,ICBP,RG,7400,128,D,KZ,CC,F
14:43:23,ICBP,RG,7375,26,D,KZ,ZP,F
14:43:22,ICBP,RG,7400,8,F,BK,CC,F
14:43:03,ICBP,RG,7375,21,D,KZ,RX,D
14:42:58,ICBP,RG,7400,19,D,CC,CC,F
14:42:54,ICBP,RG,7375,8,D,KZ,BK,F
14:42:54,ICBP,RG,7400,1,D,LS,CC,F
14:42:53,ICBP,RG,7375,21,D,KZ,RX,D
14:42:44,ICBP,RG,7375,8,D,KZ,DP,D
14:42:43,ICBP,RG,7375,23,D,KZ,RX,D
14:42:41,ICBP,RG,7400,8,F,BK,CC,F
14:42:37,ICBP,RG,7400,2,D,DR,CC,F
14:42:32,ICBP,RG,7400,6,F,ZP,CC,F
14:42:30,ICBP,RG,7375,7,D,KZ,BK,F
14:42:18,ICBP,RG,7400,37,D,CC,CC,F
14:42:15,ICBP,RG,7400,2,D,PD,CC,F
14:42:15,ICBP,RG,7375,22,D,KZ,RX,D
14:42:12,ICBP,RG,7375,30,D,KZ,CC,D
14:42:11,ICBP,RG,7400,3,D,XL,CC,F
14:42:04,ICBP,RG,7375,74,D,KZ,RX,D
14:42:01,ICBP,RG,7375,8,D,KZ,BK,F
14:41:56,ICBP,RG,7375,32,D,KZ,DR,D
14:41:56,ICBP,RG,7375,8,F,BK,DR,D
14:41:56,ICBP,RG,7375,1,D,DX,DR,D
14:41:56,ICBP,RG,7375,2,D,XC,DR,D
14:41:56,ICBP,RG,7375,7,D,LG,DR,D
14:41:46,ICBP,RG,7375,19,D,LG,RX,D
14:41:38,ICBP,RG,7375,7,D,LG,BK,F
14:41:37,ICBP,RG,7375,59,D,LG,RX,D
14:41:30,ICBP,RG,7400,34,D,YU,CC,F
14:41:09,ICBP,RG,7375,7,D,LG,RX,D
14:41:04,ICBP,RG,7375,8,D,LG,BK,F
14:41:02,ICBP,RG,7400,12,D,CC,CC,F
14:41:02,ICBP,RG,7375,4,D,LG,YP,D
14:41:02,ICBP,RG,7400,38,D,CC,CC,F
14:41:01,ICBP,RG,7375,3,D,LG,XC,D
14:40:45,ICBP,RG,7375,38,D,LG,RX,D
14:40:37,ICBP,RG,7375,8,D,LG,BK,F
14:40:26,ICBP,RG,7375,40,D,LG,RX,D
14:40:20,ICBP,RG,7375,2,D,LG,YP,D
14:40:07,ICBP,RG,7375,46,D,LG,RX,D
14:40:05,ICBP,RG,7375,8,D,LG,BK,F
14:39:54,ICBP,RG,7400,1,D,NI,CC,F
14:39:46,ICBP,RG,7400,34,D,CC,CC,F
14:39:32,ICBP,RG,7375,53,D,LG,YU,D
14:39:32,ICBP,RG,7400,1,D,YU,CC,F
14:39:31,ICBP,RG,7375,14,D,LG,YU,D
14:39:19,ICBP,RG,7375,16,D,LG,RX,D
14:39:15,ICBP,RG,7375,2,D,LG,XL,D
14:39:08,ICBP,RG,7375,46,D,LG,RX,D
14:39:01,ICBP,RG,7375,35,D,LG,YU,D
14:39:00,ICBP,RG,7400,1,D,PD,CC,F
14:38:38,ICBP,RG,7375,37,D,LG,RX,D
14:38:32,ICBP,RG,7375,17,D,LG,DX,D
14:38:32,ICBP,RG,7375,24,D,LG,DX,D
14:38:32,ICBP,RG,7375,27,F,ZP,DX,D
14:38:32,ICBP,RG,7375,51,D,YU,DX,D
14:38:32,ICBP,RG,7375,7,D,YU,DX,D
14:38:32,ICBP,RG,7375,4,D,AT,DX,D
14:38:32,ICBP,RG,7375,1,D,YP,DX,D
14:38:32,ICBP,RG,7375,1,D,XC,DX,D
14:38:32,ICBP,RG,7375,10,D,SQ,DX,D
14:38:32,ICBP,RG,7375,1,D,CC,DX,D
14:38:32,ICBP,RG,7375,5,D,CC,DX,D
14:38:32,ICBP,RG,7375,2,D,PD,DX,D
14:38:32,ICBP,RG,7375,10,D,YP,DX,D
14:38:32,ICBP,RG,7375,2,D,YP,DX,D
14:38:32,ICBP,RG,7375,3,D,SQ,DX,D
14:38:32,ICBP,RG,7375,71,D,YU,DX,D
14:38:32,ICBP,RG,7375,6,F,CS,DX,D
14:38:32,ICBP,RG,7375,14,D,CS,DX,D
14:38:32,ICBP,RG,7375,4,D,CS,DX,D
14:38:32,ICBP,RG,7375,11,F,BK,DX,D
14:38:32,ICBP,RG,7375,125,D,KZ,DX,D
14:38:32,ICBP,RG,7375,103,D,KZ,DX,D
14:38:30,ICBP,RG,7400,33,D,CC,CC,F
14:38:29,ICBP,RG,7375,5,D,KZ,NI,D
14:38:13,ICBP,RG,7375,49,D,KZ,RX,D
14:38:10,ICBP,RG,7400,1,D,YP,CC,F
14:38:04,ICBP,RG,7375,17,D,KZ,DX,D
14:38:04,ICBP,RG,7375,163,D,KZ,DX,D
14:38:04,ICBP,RG,7375,1,D,YP,DX,D
14:38:04,ICBP,RG,7375,2,D,XC,DX,D
14:38:04,ICBP,RG,7375,4,D,CC,DX,D
14:38:04,ICBP,RG,7375,10,D,KK,DX,D
14:38:04,ICBP,RG,7375,1,D,KK,DX,D
14:38:04,ICBP,RG,7375,1,D,XC,DX,D
14:38:04,ICBP,RG,7375,10,D,YP,DX,D
14:38:04,ICBP,RG,7375,7,D,PD,DX,D
14:38:04,ICBP,RG,7375,2,D,XC,DX,D
14:38:04,ICBP,RG,7375,20,D,KK,DX,D
14:38:04,ICBP,RG,7375,3,F,ZP,DX,D
14:38:04,ICBP,RG,7375,2,F,ZP,DX,D
14:38:04,ICBP,RG,7375,1,D,AG,DX,D
14:38:04,ICBP,RG,7375,4,F,ZP,DX,D
14:38:04,ICBP,RG,7375,2,D,PD,DX,D
14:38:04,ICBP,RG,7375,4,D,KZ,DX,D
14:38:04,ICBP,RG,7375,138,D,KZ,DX,D
14:38:04,ICBP,RG,7375,103,D,KZ,DX,D
14:38:01,ICBP,RG,7375,13,D,KZ,PD,D
14:37:41,ICBP,RG,7375,30,D,KZ,RX,D
14:37:33,ICBP,RG,7375,29,D,KZ,ZP,D
14:37:20,ICBP,RG,7375,14,D,KZ,RX,D
14:37:14,ICBP,RG,7400,35,D,CC,CC,F
14:37:11,ICBP,RG,7375,15,D,KZ,RX,D
14:37:04,ICBP,RG,7375,3,D,KZ,GR,D
14:37:01,ICBP,RG,7375,14,D,KZ,RX,D
14:37:00,ICBP,RG,7375,42,D,KZ,YU,D
14:37:00,ICBP,RG,7375,3,D,YP,YU,D
14:37:00,ICBP,RG,7375,100,D,LG,YU,D
14:37:00,ICBP,RG,7375,1,D,YP,YU,D
14:37:00,ICBP,RG,7375,5,D,DH,YU,D
14:37:00,ICBP,RG,7375,1,D,CC,YU,D
14:37:00,ICBP,RG,7375,1,D,YP,YU,D
14:37:00,ICBP,RG,7375,1,D,PD,YU,D
14:37:00,ICBP,RG,7375,2,D,YP,YU,D
14:37:00,ICBP,RG,7375,2,D,XL,YU,D
14:37:00,ICBP,RG,7375,2,D,NI,YU,D
14:37:00,ICBP,RG,7375,1,D,GR,YU,D
14:37:00,ICBP,RG,7375,1,D,PD,YU,D
14:37:00,ICBP,RG,7375,3,D,OD,YU,D
14:37:00,ICBP,RG,7375,5,D,SQ,YU,D
14:37:00,ICBP,RG,7375,8,D,SQ,YU,D
14:36:52,ICBP,RG,7375,12,D,SQ,RX,D
14:36:52,ICBP,RG,7375,1,D,YP,RX,D
14:36:43,ICBP,RG,7375,1,D,CS,RX,D
14:36:43,ICBP,RG,7375,5,D,CS,RX,D
14:36:43,ICBP,RG,7375,6,D,CS,RX,D
14:36:43,ICBP,RG,7375,6,D,CS,RX,D
14:36:43,ICBP,RG,7375,3,D,XL,RX,D
14:36:43,ICBP,RG,7375,1,D,PD,RX,D
14:36:43,ICBP,RG,7375,7,D,PD,RX,D
14:36:43,ICBP,RG,7375,10,D,KK,RX,D
14:36:43,ICBP,RG,7375,2,D,CC,RX,D
14:36:43,ICBP,RG,7375,2,D,YP,RX,D
14:36:43,ICBP,RG,7375,5,D,LG,RX,D
14:36:43,ICBP,RG,7375,16,F,ZP,RX,D
14:36:43,ICBP,RG,7375,2,D,KK,RX,D
14:36:43,ICBP,RG,7375,40,D,CC,BK,F
14:36:43,ICBP,RG,7375,1,D,XC,BK,F
14:36:43,ICBP,RG,7375,14,F,BK,BK,F
14:36:43,ICBP,RG,7375,10,D,CS,BK,F
14:36:43,ICBP,RG,7375,34,D,YU,BK,F
14:36:43,ICBP,RG,7375,29,D,YU,BK,F
14:36:43,ICBP,RG,7375,24,D,YU,BK,F
14:36:43,ICBP,RG,7375,24,D,YU,BK,F
14:36:43,ICBP,RG,7375,3,D,CS,BK,F
14:36:43,ICBP,RG,7375,321,D,KZ,BK,F
14:36:41,ICBP,RG,7375,500,D,KZ,BK,F
14:36:40,ICBP,RG,7375,500,D,KZ,BK,F
14:36:37,ICBP,RG,7375,4,D,KZ,XC,D
14:36:00,ICBP,RG,7375,57,D,KZ,RX,D
14:35:54,ICBP,RG,7400,32,D,CC,CC,F
14:35:40,ICBP,RG,7375,11,D,KZ,RX,D
14:35:38,ICBP,RG,7400,1,D,KK,CC,F
14:35:09,ICBP,RG,7400,1,D,PD,CC,F
14:35:01,ICBP,RG,7400,1,D,YP,CC,F
14:35:00,ICBP,RG,7400,71,D,YU,CC,F
14:35:00,ICBP,RG,7400,1,D,YU,CC,F
14:35:00,ICBP,RG,7400,16,D,YU,ZP,F
14:34:56,ICBP,RG,7400,5,D,GR,ZP,F
14:34:56,ICBP,RG,7400,6,D,GR,ZP,F
14:34:56,ICBP,RG,7400,9,D,GR,CC,D
14:34:46,ICBP,RG,7400,2,D,CC,CC,D
14:34:33,ICBP,RG,7400,2,D,YP,CC,D
14:34:33,ICBP,RG,7400,1300,D,KZ,CC,D
14:34:29,ICBP,RG,7400,170,D,RF,CC,D
14:34:26,ICBP,RG,7400,90,D,RF,CC,D
14:34:25,ICBP,RG,7400,1,F,CS,CC,D
14:34:25,ICBP,RG,7400,2,F,CS,CC,D
14:34:25,ICBP,RG,7400,2,F,CS,CC,D
14:34:25,ICBP,RG,7400,1,F,CS,CC,D
14:34:25,ICBP,RG,7400,6,D,CS,CC,D
14:34:24,ICBP,RG,7400,1,F,CS,CC,D
14:34:24,ICBP,RG,7400,1,F,CS,CC,D
14:34:24,ICBP,RG,7400,1,F,CS,CC,D
14:34:24,ICBP,RG,7400,1,F,CS,CC,D
14:34:24,ICBP,RG,7400,8,D,CS,CC,D
14:34:24,ICBP,RG,7400,1,D,CC,CC,D
14:34:24,ICBP,RG,7400,32,D,CC,CC,D
14:34:24,ICBP,RG,7400,50,F,BK,CC,D
14:34:24,ICBP,RG,7400,2,F,ZP,CC,D
14:34:24,ICBP,RG,7400,3,F,ZP,CC,D
14:34:24,ICBP,RG,7400,4,F,CS,CC,D
14:34:24,ICBP,RG,7400,2,F,CS,CC,D
14:34:24,ICBP,RG,7400,1,F,CS,CC,D
14:34:24,ICBP,RG,7400,4,D,CS,CC,D
14:34:24,ICBP,RG,7400,304,D,KZ,CC,D
14:34:22,ICBP,RG,7400,39,D,KZ,ZP,F
14:34:22,ICBP,RG,7400,4,D,KZ,PD,D
14:34:22,ICBP,RG,7400,41,D,KZ,ZP,F
14:34:22,ICBP,RG,7400,112,D,KZ,CC,F
14:34:22,ICBP,RG,7400,20,D,AF,CC,F
14:34:20,ICBP,RG,7400,5,F,BK,CC,F
14:34:20,ICBP,RG,7400,3,F,BK,CS,D
14:34:20,ICBP,RG,7400,4,D,KK,PD,D
14:34:20,ICBP,RG,7400,1,D,KK,ZP,F
14:34:20,ICBP,RG,7400,1,D,KK,ZP,F
14:34:20,ICBP,RG,7400,4,D,KK,YU,D
14:34:19,ICBP,RG,7400,1,D,PD,YU,D
14:34:17,ICBP,RG,7400,13,F,ZP,YU,D
14:34:16,ICBP,RG,7400,10,D,XC,YU,D
14:34:16,ICBP,RG,7400,46,D,XC,ZP,F
14:34:09,ICBP,RG,7400,5,D,DH,ZP,F
14:34:08,ICBP,RG,7400,4,D,CS,ZP,F
14:34:08,ICBP,RG,7400,1,D,SQ,ZP,F
14:34:08,ICBP,RG,7400,39,D,SQ,CC,F
14:34:08,ICBP,RG,7400,1,F,CS,CC,F
14:34:04,ICBP,RG,7400,10,D,KK,CC,F
14:34:04,ICBP,RG,7400,50,D,PD,CC,F
14:34:00,ICBP,RG,7400,46,D,YU,CC,F
14:33:53,ICBP,RG,7400,1,D,YP,CC,F
14:33:47,ICBP,RG,7400,50,D,CC,CC,F
14:33:40,ICBP,RG,7400,3,F,ZP,CC,F
14:33:39,ICBP,RG,7400,186,D,KZ,CC,F
14:33:39,ICBP,RG,7400,4,D,KZ,CS,D
14:33:39,ICBP,RG,7400,41,D,KZ,ZP,F
14:33:38,ICBP,RG,7400,7,F,BK,ZP,F
14:33:35,ICBP,RG,7400,40,D,OD,ZP,F
14:33:27,ICBP,RG,7375,10,D,KZ,HP,D
14:33:25,ICBP,RG,7400,1,D,YP,ZP,F
14:33:24,ICBP,RG,7400,20,D,YP,ZP,F
14:33:24,ICBP,RG,7400,2,D,KZ,ZP,F
14:33:24,ICBP,RG,7400,24,D,KZ,YU,D
14:33:24,ICBP,RG,7400,30,D,KZ,PD,D
14:33:24,ICBP,RG,7400,98,D,KZ,RX,D
14:33:24,ICBP,RG,7400,1,D,KZ,CC,D
14:33:24,ICBP,RG,7400,15,D,KZ,DP,D
14:33:24,ICBP,RG,7400,19,D,KZ,YU,D
14:33:24,ICBP,RG,7400,32,D,KZ,ZP,F
14:33:24,ICBP,RG,7400,7,D,KZ,CS,D
14:33:24,ICBP,RG,7400,2,D,KZ,ZP,F
14:33:24,ICBP,RG,7400,3,D,KZ,ZP,F
14:33:24,ICBP,RG,7400,1,D,KZ,ZP,F
14:33:24,ICBP,RG,7400,24,D,KZ,ZP,F
14:33:24,ICBP,RG,7400,4,D,KZ,ZP,F
14:33:23,ICBP,RG,7400,4,F,CS,ZP,F
14:33:23,ICBP,RG,7400,13,D,CS,ZP,F
14:33:22,ICBP,RG,7400,2,D,CC,ZP,F
14:33:22,ICBP,RG,7400,55,D,CC,CC,F
14:33:22,ICBP,RG,7400,44,D,CC,ZP,F
14:33:22,ICBP,RG,7400,5,D,CC,CC,D
14:33:22,ICBP,RG,7400,2,D,CC,XL,D
14:33:22,ICBP,RG,7400,5,D,CC,OD,D
14:33:22,ICBP,RG,7400,1,D,CC,XC,D
14:33:22,ICBP,RG,7400,14,D,CC,XC,D
14:33:22,ICBP,RG,7400,2,D,CC,GR,D
14:33:22,ICBP,RG,7400,1,D,CC,YP,D
14:33:22,ICBP,RG,7400,50,D,CC,YP,D
14:33:22,ICBP,RG,7400,2,D,CC,GR,D
14:33:22,ICBP,RG,7400,2,D,CC,GR,D
14:33:22,ICBP,RG,7400,1,D,CC,XC,D
14:33:22,ICBP,RG,7400,19,D,CC,KK,D
14:33:22,ICBP,RG,7400,748,D,CC,CC,D
14:33:20,ICBP,RG,7400,37,D,CC,CC,D
14:33:04,ICBP,RG,7400,1,D,XC,CC,D
14:32:49,ICBP,RG,7375,1,D,KZ,EP,D
14:32:47,ICBP,RG,7375,10,D,KZ,GR,D
14:32:38,ICBP,RG,7375,1,D,KZ,PD,D
14:32:31,ICBP,RG,7400,2,D,CC,CC,D
14:32:27,ICBP,RG,7400,1,D,CC,CC,D
14:32:24,ICBP,RG,7400,10,D,SQ,CC,D
14:32:21,ICBP,RG,7400,1,D,XC,CC,D
14:32:16,ICBP,RG,7375,7,D,KZ,XL,D
14:32:07,ICBP,RG,7400,1,D,YP,CC,D
14:32:02,ICBP,RG,7400,34,D,CC,CC,D
14:32:01,ICBP,RG,7400,1,F,AK,CC,D
14:31:59,ICBP,RG,7400,50,D,CC,CC,D
14:31:52,ICBP,RG,7400,3,D,XC,CC,D
14:31:36,ICBP,RG,7400,1,D,XC,CC,D
14:31:23,ICBP,RG,7400,1,F,AK,CC,D
14:31:23,ICBP,RG,7400,1,D,SQ,CC,D
14:31:14,ICBP,RG,7400,50,D,LG,CC,D
14:31:02,ICBP,RG,7400,1,F,AK,CC,D
14:31:00,ICBP,RG,7400,57,D,YU,CC,D
14:30:48,ICBP,RG,7375,17,D,KZ,ZP,F
14:30:48,ICBP,RG,7375,4,D,KZ,OD,D
14:30:48,ICBP,RG,7375,25,D,KZ,YU,D
14:30:48,ICBP,RG,7375,5,D,KZ,PD,D
14:30:48,ICBP,RG,7375,27,D,KZ,RX,D
14:30:47,ICBP,RG,7375,5,D,KK,RX,D
14:30:46,ICBP,RG,7375,2,D,HP,RX,D
14:30:46,ICBP,RG,7375,41,D,RF,RX,D
14:30:46,ICBP,RG,7375,24,D,RF,ZP,F
14:30:46,ICBP,RG,7375,24,D,RF,YU,D
14:30:46,ICBP,RG,7375,1,D,RF,XC,D
14:30:46,ICBP,RG,7375,21,D,RF,ZP,F
14:30:46,ICBP,RG,7375,19,D,RF,ZP,F
14:30:46,ICBP,RG,7375,1,D,RF,ZP,F
14:30:46,ICBP,RG,7375,1,D,RF,ZP,F
14:30:46,ICBP,RG,7375,1,D,RF,ZP,F
14:30:46,ICBP,RG,7375,27,D,RF,ZP,F
14:30:46,ICBP,RG,7375,10,D,RF,YU,D
14:30:45,ICBP,RG,7375,1,D,YP,YU,D
14:30:44,ICBP,RG,7375,7,D,CS,YU,D
14:30:44,ICBP,RG,7375,2,D,RF,YU,D
14:30:44,ICBP,RG,7375,29,D,RF,ZP,F
14:30:44,ICBP,RG,7375,59,D,RF,CC,F
14:30:44,ICBP,RG,7375,35,D,CC,CC,F
14:30:41,ICBP,RG,7375,2,D,HP,CC,F
14:30:41,ICBP,RG,7375,3,D,XL,CC,F
14:30:40,ICBP,RG,7375,2,D,YP,CC,F
14:30:38,ICBP,RG,7375,1,D,KK,CC,F
14:30:27,ICBP,RG,7375,3,D,TP,CC,F
14:30:26,ICBP,RG,7375,20,D,KK,CC,F
14:30:23,ICBP,RG,7375,1,D,XC,CC,F
14:30:20,ICBP,RG,7375,222,D,EP,CC,F
14:30:20,ICBP,RG,7375,1,D,EP,CC,F
14:30:20,ICBP,RG,7375,18,D,EP,YU,D
14:30:20,ICBP,RG,7375,1,D,EP,CC,D
14:30:20,ICBP,RG,7375,2,D,EP,GR,D
14:30:20,ICBP,RG,7375,56,D,EP,RX,D
14:30:14,ICBP,RG,7375,5,F,CS,RX,D
14:30:14,ICBP,RG,7375,50,D,CC,RX,D
14:30:13,ICBP,RG,7375,1,D,CC,RX,D
14:30:13,ICBP,RG,7375,1,D,YP,RX,D
14:30:06,ICBP,RG,7375,8,D,YP,RX,D
14:30:03,ICBP,RG,7375,2,D,PD,RX,D
14:29:56,ICBP,RG,7375,170,D,RF,RX,D
14:29:54,ICBP,RG,7375,90,D,RF,RX,D
14:29:54,ICBP,RG,7375,7,D,PD,RX,D
14:29:51,ICBP,RG,7375,3,D,YP,RX,D
14:29:43,ICBP,RG,7375,1,D,CC,RX,D
14:29:43,ICBP,RG,7375,24,D,YP,RX,D
14:29:43,ICBP,RG,7375,27,D,YP,ZP,F
14:29:43,ICBP,RG,7375,22,D,YP,YU,D
14:29:43,ICBP,RG,7375,1,D,YP,PD,D
14:29:43,ICBP,RG,7375,1,D,YP,KK,D
14:29:43,ICBP,RG,7375,2,D,YP,GR,D
14:29:43,ICBP,RG,7375,2,D,YP,SQ,D
14:29:43,ICBP,RG,7375,88,D,YP,CC,D
14:29:43,ICBP,RG,7375,2,D,YP,CS,D
14:29:43,ICBP,RG,7375,31,D,YP,CS,F
14:29:42,ICBP,RG,7350,45,D,SQ,PD,D
14:29:27,ICBP,RG,7375,100,D,GR,CS,F
14:29:26,ICBP,RG,7375,22,D,CS,CS,F
14:29:26,ICBP,RG,7375,33,D,CC,CS,F
14:29:23,ICBP,RG,7375,170,D,RF,CS,F
14:29:21,ICBP,RG,7375,90,D,RF,CS,F
14:29:00,ICBP,RG,7375,24,D,YU,CS,F
14:28:47,ICBP,RG,7350,6,D,SQ,DP,D
14:28:47,ICBP,RG,7350,1,D,SQ,XL,D
14:28:44,ICBP,RG,7350,40,D,SQ,CC,D
14:28:33,ICBP,RG,7350,2,D,SQ,DR,D
14:28:31,ICBP,RG,7350,13,D,SQ,BK,F
14:28:31,ICBP,RG,7350,34,D,SQ,CC,D
14:28:31,ICBP,RG,7350,8,D,SQ,CS,D
14:28:31,ICBP,RG,7350,314,D,SQ,CC,D
14:28:31,ICBP,RG,7350,206,D,SQ,CC,D
14:28:31,ICBP,RG,7350,983,D,SQ,CC,D
14:28:30,ICBP,RG,7350,88,D,SQ,XL,D
14:28:30,ICBP,RG,7350,221,D,SQ,ZP,F
14:28:30,ICBP,RG,7350,1,D,SQ,CC,F
14:28:30,ICBP,RG,7350,118,D,SQ,RX,D
14:28:30,ICBP,RG,7350,20,D,SQ,YU,D
14:28:30,ICBP,RG,7350,343,D,SQ,CC,D
14:28:30,ICBP,RG,7350,397,D,SQ,CC,D
14:28:30,ICBP,RG,7350,34,D,SQ,BK,F
14:28:30,ICBP,RG,7350,188,D,SQ,ZP,F
14:28:30,ICBP,RG,7350,20,D,SQ,KK,D
14:28:30,ICBP,RG,7350,4,D,SQ,ZP,F
14:28:30,ICBP,RG,7350,5,D,SQ,ZP,F
14:28:30,ICBP,RG,7350,105,D,SQ,CS,F
14:28:30,ICBP,RG,7350,5,D,SQ,OD,D
14:28:30,ICBP,RG,7350,4,D,SQ,ZP,F
14:28:30,ICBP,RG,7350,2,D,SQ,CC,D
14:28:30,ICBP,RG,7350,10,D,SQ,DP,D
14:28:30,ICBP,RG,7350,6,D,SQ,CS,D
14:28:30,ICBP,RG,7350,100,D,SQ,CC,D
14:28:30,ICBP,RG,7350,420,D,SQ,CC,D
14:28:30,ICBP,RG,7350,5,D,SQ,DP,D
14:28:30,ICBP,RG,7350,2,D,SQ,PD,D
14:28:30,ICBP,RG,7350,64,D,SQ,ZP,F
14:28:30,ICBP,RG,7350,34,D,SQ,DX,D
14:28:30,ICBP,RG,7350,475,D,SQ,DX,D
14:28:30,ICBP,RG,7350,277,D,SQ,DX,D
14:28:30,ICBP,RG,7350,206,D,SQ,DX,D
14:28:30,ICBP,RG,7350,44,D,SQ,SQ,D
14:28:30,ICBP,RG,7350,170,D,SQ,ZP,F
14:28:30,ICBP,RG,7350,5,D,SQ,YB,D
14:28:30,ICBP,RG,7350,32,D,SQ,BK,F
14:28:30,ICBP,RG,7350,5,D,SQ,CS,D
14:28:30,ICBP,RG,7350,35,D,SQ,YU,D
14:28:30,ICBP,RG,7350,4,D,SQ,CS,D
14:28:30,ICBP,RG,7350,1000,D,SQ,RX,D
14:28:30,ICBP,RG,7350,1,D,SQ,XC,D
14:28:30,ICBP,RG,7350,2,D,SQ,ZP,F
14:28:30,ICBP,RG,7350,8,D,SQ,CS,D
14:28:30,ICBP,RG,7350,2,D,SQ,ZP,F
14:28:30,ICBP,RG,7350,9,D,SQ,KK,D
14:28:30,ICBP,RG,7350,20,D,SQ,YU,D
14:28:30,ICBP,RG,7350,3,D,SQ,ZP,F
14:28:30,ICBP,RG,7350,130,D,SQ,ZP,F
14:28:30,ICBP,RG,7350,3,D,SQ,PD,D
14:28:30,ICBP,RG,7350,43,D,SQ,BK,F
14:28:30,ICBP,RG,7350,5,D,SQ,ZP,F
14:28:30,ICBP,RG,7350,2,D,SQ,CS,D
14:28:30,ICBP,RG,7350,2,D,SQ,CS,D
14:28:30,ICBP,RG,7350,68,D,SQ,DX,D
14:28:30,ICBP,RG,7350,949,D,SQ,DX,D
14:28:30,ICBP,RG,7350,553,D,SQ,DX,D
14:28:30,ICBP,RG,7350,412,D,SQ,DX,D
14:28:30,ICBP,RG,7350,6,D,SQ,ZP,F
14:28:30,ICBP,RG,7350,5,D,SQ,OD,D
14:28:30,ICBP,RG,7350,3,D,SQ,EP,D
14:28:30,ICBP,RG,7350,24,D,SQ,KK,D
14:28:30,ICBP,RG,7350,34,D,SQ,BK,F
14:28:30,ICBP,RG,7350,443,D,SQ,CC,D
14:28:27,ICBP,RG,7350,1,D,PD,CC,D
14:28:21,ICBP,RG,7325,11,D,YU,RX,D
14:28:21,ICBP,RG,7350,5,D,XC,CC,D
14:28:18,ICBP,RG,7325,35,D,YU,PD,D
14:28:18,ICBP,RG,7325,1,D,YP,PD,D
14:28:18,ICBP,RG,7325,5,D,PD,PD,D
14:28:18,ICBP,RG,7325,2,D,SQ,PD,D
14:28:18,ICBP,RG,7325,1,D,PD,PD,D
14:28:18,ICBP,RG,7325,1,D,YP,PD,D
14:28:18,ICBP,RG,7325,1,D,XC,PD,D
14:28:18,ICBP,RG,7325,20,D,CC,PD,D
14:28:18,ICBP,RG,7325,1,D,YP,PD,D
14:28:18,ICBP,RG,7325,1,D,YP,PD,D
14:28:18,ICBP,RG,7325,1,D,YP,PD,D
14:28:18,ICBP,RG,7325,61,D,CC,PD,D
14:28:10,ICBP,RG,7350,34,D,CC,CC,D
14:28:08,ICBP,RG,7325,13,D,CC,RX,D
14:28:08,ICBP,RG,7325,126,D,CC,CC,D
14:28:08,ICBP,RG,7325,20,D,SQ,CC,D
14:28:08,ICBP,RG,7325,100,D,XC,CC,D
14:28:08,ICBP,RG,7325,1,D,YP,CC,D
14:28:08,ICBP,RG,7325,2,D,XC,CC,D
14:28:08,ICBP,RG,7325,13,D,PD,CC,D
14:28:08,ICBP,RG,7325,5,D,YP,CC,D
14:28:08,ICBP,RG,7325,10,D,GR,CC,D
14:28:08,ICBP,RG,7325,10,D,CC,CC,D
14:28:08,ICBP,RG,7325,1,D,CC,CC,D
14:28:08,ICBP,RG,7325,12,D,CC,CC,D
14:27:57,ICBP,RG,7350,1,D,NI,CC,D
14:27:54,ICBP,RG,7325,38,D,CC,CC,D
14:27:54,ICBP,RG,7325,2,D,NI,CC,D
14:27:54,ICBP,RG,7325,1,D,PD,CC,D
14:27:54,ICBP,RG,7325,100,D,YP,CC,D
14:27:54,ICBP,RG,7325,45,D,CC,CC,D
14:27:54,ICBP,RG,7350,1,D,XC,CC,D
14:27:53,ICBP,RG,7350,3,D,LG,CC,D
14:27:49,ICBP,RG,7350,21,F,AK,CC,D
14:27:48,ICBP,RG,7350,2,D,PD,CC,D
14:27:47,ICBP,RG,7350,294,D,CC,CC,D
14:27:41,ICBP,RG,7350,15,D,EP,CC,D
14:27:39,ICBP,RG,7350,1,D,XC,CC,D
14:27:33,ICBP,RG,7350,10,D,KK,CC,D
14:27:30,ICBP,RG,7350,10,D,GR,CC,D
14:27:14,ICBP,RG,7325,5,D,CC,YP,D
14:27:14,ICBP,RG,7325,20,D,PD,YP,D
14:27:14,ICBP,RG,7325,50,D,YP,YP,D
14:27:14,ICBP,RG,7325,12,D,YP,YP,D
14:27:14,ICBP,RG,7325,20,D,DH,YP,D
14:27:14,ICBP,RG,7325,3,D,YP,YP,D
14:27:14,ICBP,RG,7325,23,D,EP,YP,D
14:27:02,ICBP,RG,7350,6,F,AK,CC,D
14:27:00,ICBP,RG,7350,58,D,YU,CC,D
14:27:00,ICBP,RG,7325,27,D,EP,YU,D
14:27:00,ICBP,RG,7325,2,D,GR,YU,D
14:27:00,ICBP,RG,7325,25,D,YP,YU,D
14:27:00,ICBP,RG,7325,3,D,XC,YU,D
14:26:55,ICBP,RG,7350,1,D,KK,CC,D
14:26:52,ICBP,RG,7350,3,F,AK,CC,D
14:26:52,ICBP,RG,7325,5,D,YP,YP,D
14:26:52,ICBP,RG,7325,10,D,YP,YP,D
14:26:52,ICBP,RG,7325,5,D,YP,YP,D
14:26:52,ICBP,RG,7350,31,D,CC,CC,D
14:26:44,ICBP,RG,7325,10,D,YP,DH,D
14:26:44,ICBP,RG,7325,10,D,SQ,DH,D
14:26:35,ICBP,RG,7350,1,F,AK,CC,D
14:26:35,ICBP,RG,7350,5,D,XC,CC,D
14:26:33,ICBP,RG,7350,10,D,PD,CC,D
14:26:17,ICBP,RG,7350,1,F,AK,CC,D
14:26:16,ICBP,RG,7350,2,D,XC,CC,D
14:26:16,ICBP,RG,7350,13,D,KK,CC,D
14:26:12,ICBP,RG,7350,1,D,HP,CC,D
14:25:55,ICBP,RG,7350,10,D,NI,CC,D
14:25:55,ICBP,RG,7350,1,D,NI,CC,F
14:25:50,ICBP,RG,7350,2,D,XC,YU,D
14:25:49,ICBP,RG,7350,1,D,XC,YU,D
14:25:49,ICBP,RG,7350,2,D,CC,YU,D
14:25:45,ICBP,RG,7350,1,F,AK,YU,D
14:25:44,ICBP,RG,7350,1,D,NI,YU,D
14:25:43,ICBP,RG,7350,1,D,XC,YU,D
14:25:42,ICBP,RG,7350,1,D,XC,YU,D
14:25:41,ICBP,RG,7350,5,D,KK,YU,D
14:25:40,ICBP,RG,7350,5,D,DR,YU,D
14:25:40,ICBP,RG,7350,1,D,YP,YU,D
14:25:39,ICBP,RG,7350,1,F,AK,YU,D
14:25:38,ICBP,RG,7350,3,D,CC,YU,D
14:25:37,ICBP,RG,7350,2,D,YP,YU,D
14:25:37,ICBP,RG,7350,3,D,YP,CC,D
14:25:37,ICBP,RG,7350,1,F,AK,CC,D
14:25:36,ICBP,RG,7350,34,D,CC,CC,D
14:25:34,ICBP,RG,7350,10,D,NI,CC,D
14:25:30,ICBP,RG,7350,1,F,AK,CC,D
14:25:29,ICBP,RG,7350,23,F,AK,CC,D
14:25:27,ICBP,RG,7350,271,D,GR,CC,D
14:25:27,ICBP,RG,7350,3,D,GR,CS,D
14:25:27,ICBP,RG,7350,72,D,GR,ZP,F
14:25:27,ICBP,RG,7350,3,D,GR,CS,D
14:25:27,ICBP,RG,7350,151,D,GR,CC,D
14:25:27,ICBP,RG,7350,1,D,PD,CC,D
14:25:26,ICBP,RG,7350,2,D,AT,CC,D
14:25:21,ICBP,RG,7350,1,D,CC,CC,D
14:25:20,ICBP,RG,7350,1,D,XC,CC,D
14:25:16,ICBP,RG,7350,1,F,AK,CC,D
14:25:15,ICBP,RG,7350,5,D,KK,CC,D
14:25:10,ICBP,RG,7350,1,D,SQ,CC,D
14:25:10,ICBP,RG,7350,1,D,CC,CC,D
14:25:08,ICBP,RG,7350,1,D,CC,CC,D
14:25:06,ICBP,RG,7350,5,D,YP,CC,D
14:25:06,ICBP,RG,7325,1,D,YP,XL,D
14:25:02,ICBP,RG,7350,1,D,XC,CC,D
14:25:01,ICBP,RG,7350,1,D,LG,CC,D
14:24:53,ICBP,RG,7350,5,D,XL,CC,D
14:24:52,ICBP,RG,7325,1,D,YP,PD,D
14:24:51,ICBP,RG,7350,1,F,AK,CC,D
14:24:50,ICBP,RG,7350,4,D,NI,CC,D
14:24:46,ICBP,RG,7350,1,D,XC,CC,D
14:24:38,ICBP,RG,7350,5,D,YP,CC,D
14:24:32,ICBP,RG,7350,2,D,XC,CC,D
14:24:30,ICBP,RG,7350,2,D,CC,CC,D
14:24:29,ICBP,RG,7350,1,F,AK,CC,D
14:24:28,ICBP,RG,7350,1,D,YP,CC,D
14:24:28,ICBP,RG,7350,3,D,XC,CC,D
14:24:26,ICBP,RG,7350,5,D,YP,CC,D
14:24:23,ICBP,RG,7350,3,D,XC,CC,D
14:24:21,ICBP,RG,7350,1,D,XC,CC,D
14:24:18,ICBP,RG,7350,1,F,AK,CC,D
14:24:16,ICBP,RG,7350,33,D,CC,CC,D
14:24:10,ICBP,RG,7350,1,F,AK,CC,D
14:24:08,ICBP,RG,7350,20,F,AK,CC,D
14:24:08,ICBP,RG,7350,20,D,XA,CC,D
14:24:07,ICBP,RG,7350,116,D,CC,CC,D
14:24:07,ICBP,RG,7350,8,D,CC,BK,F
14:24:07,ICBP,RG,7350,177,D,CC,CC,D
14:24:03,ICBP,RG,7350,50,D,AT,CC,D
14:24:00,ICBP,RG,7350,1,D,KK,CC,D
14:24:00,ICBP,RG,7350,2,D,CC,CC,D
14:24:00,ICBP,RG,7325,3,D,YP,YU,D
14:24:00,ICBP,RG,7325,1,D,YP,YU,D
14:24:00,ICBP,RG,7325,30,D,YP,YU,D
14:24:00,ICBP,RG,7325,1,D,AZ,YU,D
14:24:00,ICBP,RG,7325,10,D,YP,YU,D
14:24:00,ICBP,RG,7350,25,D,YU,CC,D
14:23:59,ICBP,RG,7350,2,D,CC,CC,D
14:23:59,ICBP,RG,7350,1,D,XC,CC,D
14:23:47,ICBP,RG,7350,2,D,KK,CC,D
14:23:43,ICBP,RG,7350,1,D,PD,CC,D
14:23:40,ICBP,RG,7350,1,F,AK,CC,D
14:23:38,ICBP,RG,7350,1,D,XC,CC,D
14:23:34,ICBP,RG,7350,5,D,YP,CC,D
14:23:33,ICBP,RG,7350,1,D,LG,CC,D
14:23:32,ICBP,RG,7325,2,D,YP,NI,D
14:23:31,ICBP,RG,7350,200,D,LG,CC,D
14:23:30,ICBP,RG,7350,1,D,XC,CC,D
14:23:26,ICBP,RG,7350,50,D,YP,CC,D
14:23:19,ICBP,RG,7350,2,D,AI,CC,D
14:23:07,ICBP,RG,7325,2,D,YP,DP,D
14:23:02,ICBP,RG,7350,33,D,CC,CC,D
14:23:01,ICBP,RG,7350,9,D,PD,CC,D
14:23:00,ICBP,RG,7350,16,D,YU,CC,D
14:23:00,ICBP,RG,7350,15,D,YU,PD,D
14:23:00,ICBP,RG,7350,2,D,YU,XC,D
14:23:00,ICBP,RG,7350,3,D,YU,DP,D
14:23:00,ICBP,RG,7350,21,D,YU,ZP,F
14:22:56,ICBP,RG,7350,10,D,CC,ZP,F
14:22:54,ICBP,RG,7325,3,D,YP,PD,D
14:22:49,ICBP,RG,7325,1,D,YP,NI,D
14:22:46,ICBP,RG,7325,2,D,YP,YP,D
14:22:43,ICBP,RG,7350,15,D,GR,ZP,F
14:22:40,ICBP,RG,7325,1,D,YP,CC,D
14:22:35,ICBP,RG,7350,5,D,CC,ZP,F
14:22:31,ICBP,RG,7350,5,D,XC,ZP,F
14:22:30,ICBP,RG,7350,1,D,XC,ZP,F
14:22:27,ICBP,RG,7350,2,D,PD,ZP,F
14:22:27,ICBP,RG,7350,1,D,XC,ZP,F
14:22:20,ICBP,RG,7350,4,D,CC,ZP,F
14:22:19,ICBP,RG,7350,1,D,PD,ZP,F
14:22:10,ICBP,RG,7350,20,D,YJ,ZP,F
14:22:05,ICBP,RG,7350,7,D,XC,ZP,F
14:22:00,ICBP,RG,7325,68,D,YP,YU,D
14:21:54,ICBP,RG,7350,10,D,SQ,ZP,F
14:21:53,ICBP,RG,7350,5,D,YP,ZP,F
14:21:53,ICBP,RG,7350,10,D,CC,ZP,F
14:21:51,ICBP,RG,7350,2,D,DR,ZP,F
14:21:51,ICBP,RG,7350,4,D,DR,KK,D
14:21:51,ICBP,RG,7350,5,D,DR,NI,D
14:21:51,ICBP,RG,7350,1,D,DR,ZP,F
14:21:51,ICBP,RG,7350,2,D,DR,ZP,F
14:21:51,ICBP,RG,7350,1,D,DR,ZP,F
14:21:51,ICBP,RG,7350,1,D,DR,PD,D
14:21:51,ICBP,RG,7350,1,D,DR,PD,D
14:21:51,ICBP,RG,7350,3,D,DR,PD,D
14:21:48,ICBP,RG,7350,1,D,XC,PD,D
14:21:47,ICBP,RG,7325,2,D,YP,DP,D
14:21:45,ICBP,RG,7350,1,D,CC,PD,D
14:21:45,ICBP,RG,7350,28,D,CC,ZP,F
14:21:45,ICBP,RG,7350,25,D,XC,ZP,F
14:21:44,ICBP,RG,7350,1,D,NI,ZP,F
14:21:43,ICBP,RG,7350,12,D,YP,ZP,F
14:21:43,ICBP,RG,7350,2,D,YP,DP,D
14:21:41,ICBP,RG,7350,1,D,CP,DP,D
14:21:26,ICBP,RG,7350,1,D,EP,CS,D
14:21:26,ICBP,RG,7350,2,D,EP,CS,D
14:21:26,ICBP,RG,7350,8,D,EP,DX,D
14:21:25,ICBP,RG,7350,1,D,PD,DX,D
14:21:21,ICBP,RG,7350,1,D,DH,DX,D
14:21:12,ICBP,RG,7350,7,D,XC,DX,D
14:21:05,ICBP,RG,7350,10,D,DH,DX,D
14:21:01,ICBP,RG,7350,7,D,RF,DX,D
14:21:01,ICBP,RG,7350,163,D,RF,DX,D
14:21:01,ICBP,RG,7350,1,D,XC,DX,D
14:21:00,ICBP,RG,7350,90,D,RF,DX,D
14:20:58,ICBP,RG,7325,11,D,YP,XC,D
14:20:53,ICBP,RG,7350,1,D,NI,DX,D
14:20:44,ICBP,RG,7350,1,F,AK,DX,D
14:20:43,ICBP,RG,7350,1,D,OD,DX,D
14:20:43,ICBP,RG,7325,3,D,YP,XC,D
14:20:43,ICBP,RG,7325,3,D,YP,NI,D
14:20:32,ICBP,RG,7350,29,D,CC,DX,D
14:20:26,ICBP,RG,7325,1,D,YP,OD,D
14:20:25,ICBP,RG,7350,50,D,LG,DX,D
14:20:24,ICBP,RG,7350,1,D,YP,DX,D
14:20:22,ICBP,RG,7350,100,D,TP,DX,D
14:20:15,ICBP,RG,7350,38,D,CC,DX,D
14:20:15,ICBP,RG,7350,277,D,CC,DX,D
14:20:15,ICBP,RG,7350,4,D,CC,DX,D
14:20:00,ICBP,RG,7350,94,D,YU,DX,D
14:19:49,ICBP,RG,7350,1,D,NI,DX,D
14:19:46,ICBP,RG,7350,1,D,XC,DX,D
14:19:45,ICBP,RG,7350,1,D,XL,DX,D
14:19:42,ICBP,RG,7350,5,D,XC,DX,D
14:19:34,ICBP,RG,7350,1,D,KK,DX,D
14:19:33,ICBP,RG,7350,10,D,SQ,DX,D
14:19:31,ICBP,RG,7350,89,D,YP,DX,D
14:19:31,ICBP,RG,7350,75,D,YP,YU,D
14:19:31,ICBP,RG,7350,136,D,YP,ZP,F
14:19:29,ICBP,RG,7350,1,D,XC,ZP,F
14:19:12,ICBP,RG,7350,34,D,CC,ZP,F
14:19:09,ICBP,RG,7350,1,D,NI,ZP,F
14:19:05,ICBP,RG,7350,1,D,XC,ZP,F
14:19:04,ICBP,RG,7350,10,D,XC,ZP,F
14:19:03,ICBP,RG,7350,2,D,SQ,ZP,F
14:19:01,ICBP,RG,7350,1,D,YP,ZP,F
14:19:00,ICBP,RG,7325,91,D,YP,YU,D
14:19:00,ICBP,RG,7325,6,D,YP,YU,D
14:18:47,ICBP,RG,7350,3,D,AT,ZP,F
14:18:47,ICBP,RG,7350,1,D,XC,ZP,F
14:18:45,ICBP,RG,7350,4,D,XC,ZP,F
14:18:38,ICBP,RG,7350,5,D,YP,ZP,F
14:18:32,ICBP,RG,7350,4,D,KK,ZP,F
14:18:32,ICBP,RG,7350,1,D,KK,CS,D
14:18:24,ICBP,RG,7350,3,D,NI,CS,D
14:18:24,ICBP,RG,7350,6,D,NI,ZP,F
14:18:24,ICBP,RG,7350,1,D,NI,CC,D
14:18:19,ICBP,RG,7350,1,D,PD,CC,D
14:17:51,ICBP,RG,7350,2,D,CC,PD,D
14:17:51,ICBP,RG,7350,20,D,CC,YU,D
14:17:51,ICBP,RG,7350,7,D,CC,ZP,F
14:17:51,ICBP,RG,7350,8,D,CC,YP,D
14:17:36,ICBP,RG,7350,1,D,XC,YP,D
14:17:35,ICBP,RG,7350,5,D,DH,YP,D
14:17:33,ICBP,RG,7350,1,D,XC,YP,D
14:17:32,ICBP,RG,7350,1,D,SQ,YP,D
14:17:28,ICBP,RG,7325,13,D,YP,XL,D
14:17:24,ICBP,RG,7350,13,D,YB,YP,D
14:17:23,ICBP,RG,7350,1,D,YP,YP,D
14:17:22,ICBP,RG,7350,1,D,XC,YP,D
14:17:19,ICBP,RG,7350,2,D,PD,YP,D
14:17:18,ICBP,RG,7350,1,D,KK,YP,D
14:17:17,ICBP,RG,7350,1,D,XC,YP,D
14:17:17,ICBP,RG,7350,165,D,LG,YP,D
14:17:17,ICBP,RG,7350,20,D,LG,CC,D
14:17:17,ICBP,RG,7350,79,D,LG,ZP,F
14:17:12,ICBP,RG,7350,3,D,XC,ZP,F
14:17:12,ICBP,RG,7350,14,D,PD,ZP,F
14:17:12,ICBP,RG,7350,11,D,PD,PD,D
14:17:09,ICBP,RG,7350,27,D,YB,PD,D
14:17:04,ICBP,RG,7350,62,D,GR,PD,D
14:17:04,ICBP,RG,7350,5,D,GR,CS,D
14:17:04,ICBP,RG,7350,1,D,GR,CS,D
14:17:04,ICBP,RG,7350,32,D,GR,BK,F
14:17:01,ICBP,RG,7350,3,D,SQ,BK,F
14:17:01,ICBP,RG,7350,1,D,SQ,PD,D
14:17:01,ICBP,RG,7350,6,D,SQ,ZP,F
14:17:01,ICBP,RG,7350,7,D,PD,ZP,F
14:16:58,ICBP,RG,7350,15,D,OD,ZP,F
14:16:54,ICBP,RG,7350,5,D,YP,ZP,F
14:16:51,ICBP,RG,7350,3,D,DR,ZP,F
14:16:47,ICBP,RG,7350,1,D,PD,ZP,F
14:16:47,ICBP,RG,7350,13,D,PD,ZP,F
14:16:38,ICBP,RG,7350,1,D,PD,ZP,F
14:16:37,ICBP,RG,7325,7,D,YP,XC,D
14:16:36,ICBP,RG,7350,1,D,EP,ZP,F
14:16:33,ICBP,RG,7325,1,D,YP,XL,D
14:16:33,ICBP,RG,7325,3,D,YP,PD,D
14:16:31,ICBP,RG,7350,34,D,CC,ZP,F
14:16:31,ICBP,RG,7350,2,D,CC,ZP,F
14:16:23,ICBP,RG,7325,9,D,YP,PD,D
14:16:23,ICBP,RG,7350,302,D,CC,CC,F
14:16:06,ICBP,RG,7325,10,D,YP,PD,D
14:16:00,ICBP,RG,7325,54,D,YP,YU,D
14:15:58,ICBP,RG,7350,5,D,DH,CC,F
14:15:57,ICBP,RG,7350,1,D,YP,CC,F
14:15:56,ICBP,RG,7350,7,D,XC,CC,F
14:15:49,ICBP,RG,7350,1,D,XC,CC,F
14:15:46,ICBP,RG,7350,6,D,EP,CC,F
14:15:43,ICBP,RG,7350,1,D,XC,CC,F
14:15:39,ICBP,RG,7350,5,D,CC,CC,F
14:15:37,ICBP,RG,7350,10,D,CC,CC,F
14:15:35,ICBP,RG,7350,1,D,XL,CC,F
14:15:33,ICBP,RG,7350,12,D,XC,CC,F
14:15:30,ICBP,RG,7350,10,D,XC,CC,F
14:15:30,ICBP,RG,7350,6,D,YP,CC,F
14:15:24,ICBP,RG,7350,1,D,XC,CC,F
14:15:23,ICBP,RG,7350,5,D,YP,CC,F
14:15:13,ICBP,RG,7350,31,D,CC,CC,F
14:15:13,ICBP,RG,7350,3,D,PD,CC,F
14:15:13,ICBP,RG,7350,1,D,PD,CC,F
14:15:06,ICBP,RG,7350,5,D,YP,CC,F
14:14:59,ICBP,RG,7350,9,D,YP,CC,F
14:14:53,ICBP,RG,7350,2,D,PD,CC,F
14:14:50,ICBP,RG,7325,1,D,YP,PD,D
14:14:50,ICBP,RG,7325,3,D,YP,LG,D
14:14:39,ICBP,RG,7325,2,D,YP,PD,D
14:14:37,ICBP,RG,7350,1,D,IF,CC,F
14:14:30,ICBP,RG,7350,5,D,CC,CC,F
14:14:28,ICBP,RG,7350,10,D,DX,CC,F
14:14:23,ICBP,RG,7325,50,D,YP,YP,D
14:14:22,ICBP,RG,7350,5,D,PD,CC,F
14:14:18,ICBP,RG,7350,3,D,NI,CC,F
14:14:18,ICBP,RG,7350,6,D,RF,CC,F
14:14:18,ICBP,RG,7350,95,D,RF,BK,F
14:14:18,ICBP,RG,7350,69,D,RF,CS,F
14:14:16,ICBP,RG,7350,36,D,RF,CS,F
14:14:16,ICBP,RG,7350,2,D,RF,CC,F
14:14:16,ICBP,RG,7350,14,D,RF,DP,D
14:14:16,ICBP,RG,7350,1,D,RF,PD,D
14:14:16,ICBP,RG,7350,37,D,RF,ZP,F
14:14:09,ICBP,RG,7350,5,D,YP,ZP,F
14:14:08,ICBP,RG,7325,3,D,YP,PD,D
14:14:08,ICBP,RG,7350,2,D,PD,ZP,F
14:14:07,ICBP,RG,7350,50,D,YP,ZP,F
14:14:07,ICBP,RG,7350,10,D,XC,ZP,F
14:14:04,ICBP,RG,7350,10,D,YP,ZP,F
14:14:03,ICBP,RG,7325,10,D,YP,BK,F
14:14:02,ICBP,RG,7350,1,D,YP,ZP,F
14:14:02,ICBP,RG,7350,3,D,PD,ZP,F
14:14:00,ICBP,RG,7325,34,D,YP,YU,D
14:14:00,ICBP,RG,7325,5,D,LG,YU,D
14:14:00,ICBP,RG,7325,18,D,YP,YU,D
14:13:56,ICBP,RG,7350,73,D,GR,ZP,F
14:13:55,ICBP,RG,7350,32,D,CC,ZP,F
14:13:48,ICBP,RG,7350,170,D,RF,ZP,F
14:13:47,ICBP,RG,7350,5,D,GR,ZP,F
14:13:46,ICBP,RG,7350,10,D,YP,ZP,F
14:13:46,ICBP,RG,7350,60,D,RF,ZP,F
14:13:46,ICBP,RG,7350,3,D,RF,CS,D
14:13:46,ICBP,RG,7350,13,D,RF,ZP,F
14:13:46,ICBP,RG,7350,13,D,RF,ZP,F
14:13:46,ICBP,RG,7350,1,D,RF,CS,D
14:13:45,ICBP,RG,7350,1,D,YP,CS,D
14:13:43,ICBP,RG,7350,3,D,PD,DX,D
14:13:43,ICBP,RG,7350,5,D,YP,DX,D
14:13:41,ICBP,RG,7350,1,D,NI,DX,D
14:13:41,ICBP,RG,7325,31,D,YP,XC,D
14:13:40,ICBP,RG,7350,2,D,NI,DX,D
14:13:39,ICBP,RG,7350,3,D,OD,DX,D
14:13:36,ICBP,RG,7350,1,D,PD,DX,D
14:13:33,ICBP,RG,7350,1,D,CC,DX,D
14:13:32,ICBP,RG,7350,1,D,CC,DX,D
14:13:32,ICBP,RG,7350,1,D,CC,DX,D
14:13:25,ICBP,RG,7350,65,D,BB,DX,D
14:13:17,ICBP,RG,7350,2,D,PD,DX,D
14:12:58,ICBP,RG,7350,10,D,GR,DX,D
14:12:58,ICBP,RG,7350,9,D,AZ,DX,D
14:12:58,ICBP,RG,7325,1,D,YP,DP,D
14:12:58,ICBP,RG,7325,2,D,LG,DP,D
14:12:58,ICBP,RG,7325,3,D,YP,DP,D
14:12:58,ICBP,RG,7325,1,D,YP,ZP,F
14:12:58,ICBP,RG,7350,1,D,DH,DX,D
14:12:56,ICBP,RG,7350,5,D,XC,DX,D
14:12:44,ICBP,RG,7350,1,D,PD,DX,D
14:12:40,ICBP,RG,7325,1,D,YP,BK,F
14:12:40,ICBP,RG,7325,1,D,YP,BK,F
14:12:40,ICBP,RG,7325,1,D,YP,BK,F
14:12:40,ICBP,RG,7325,7,D,PD,BK,F
14:12:40,ICBP,RG,7325,1,D,YP,BK,F
14:12:39,ICBP,RG,7350,5,D,YP,DX,D
14:12:38,ICBP,RG,7325,3,D,LG,YP,D
14:12:38,ICBP,RG,7325,1,D,XC,YP,D
14:12:38,ICBP,RG,7325,1,D,PD,YP,D
14:12:38,ICBP,RG,7325,1,D,PD,PD,D
14:12:37,ICBP,RG,7325,4,D,PD,EP,D
14:12:37,ICBP,RG,7325,1,D,PD,EP,D
14:12:37,ICBP,RG,7325,5,D,PD,EP,D
14:12:37,ICBP,RG,7325,1,D,PD,EP,D
14:12:37,ICBP,RG,7325,5,D,PD,EP,D
14:12:37,ICBP,RG,7325,1,D,PD,EP,D
14:12:37,ICBP,RG,7325,2,D,SQ,EP,D
14:12:37,ICBP,RG,7325,1,D,GR,EP,D
14:12:37,ICBP,RG,7325,2,D,GR,DR,D
14:12:37,ICBP,RG,7325,1,D,GR,PD,D
14:12:37,ICBP,RG,7325,1,D,YU,PD,D
14:12:31,ICBP,RG,7350,1,D,DH,DX,D
14:12:23,ICBP,RG,7350,15,D,AI,DX,D
14:12:23,ICBP,RG,7350,1,D,XC,DX,D
14:12:23,ICBP,RG,7350,3,D,SQ,DX,D
14:12:09,ICBP,RG,7350,10,D,CC,DX,D
14:12:07,ICBP,RG,7350,1,D,YP,DX,D
14:12:05,ICBP,RG,7350,2,D,CC,DX,D
14:12:04,ICBP,RG,7350,31,D,NI,DX,D
14:12:01,ICBP,RG,7350,1,D,CC,DX,D
14:12:01,ICBP,RG,7350,2,F,AK,DX,D
14:12:01,ICBP,RG,7350,29,D,YU,DX,D
14:12:01,ICBP,RG,7350,2,D,YU,DX,D
14:12:01,ICBP,RG,7350,38,D,YU,DX,D
14:12:01,ICBP,RG,7350,1,D,NI,DX,D
14:12:01,ICBP,RG,7350,15,D,YP,DX,D
14:12:01,ICBP,RG,7350,1,D,YU,DX,D
14:12:01,ICBP,RG,7350,2,D,YP,DX,D
14:12:01,ICBP,RG,7350,1,D,PD,DX,D
14:12:01,ICBP,RG,7350,1,D,YP,DX,D
14:12:01,ICBP,RG,7350,1,D,NI,DX,D
14:12:01,ICBP,RG,7350,1,F,AK,DX,D
14:12:01,ICBP,RG,7350,51,D,CC,DX,D
14:12:01,ICBP,RG,7350,89,D,CC,DX,D
14:12:00,ICBP,RG,7350,76,D,CC,YU,D
14:11:56,ICBP,RG,7350,1,D,CC,YP,D
14:11:49,ICBP,RG,7350,2,D,CC,PD,D
14:11:46,ICBP,RG,7350,100,D,CC,KK,D
14:11:45,ICBP,RG,7375,5,D,EP,ZP,F
14:11:45,ICBP,RG,7350,12,D,CC,KK,D
14:11:45,ICBP,RG,7350,1,F,AK,KK,D
14:11:45,ICBP,RG,7375,10,D,PD,ZP,F
14:11:44,ICBP,RG,7375,1,D,CC,ZP,F
14:11:34,ICBP,RG,7350,5,D,CS,ZP,F
14:11:34,ICBP,RG,7350,5,F,CS,ZP,F
14:11:34,ICBP,RG,7350,1,F,AK,ZP,F
14:11:34,ICBP,RG,7350,30,D,CC,ZP,F
14:11:33,ICBP,RG,7350,2,D,CC,ZP,F
14:11:33,ICBP,RG,7350,1,F,AK,ZP,F
14:11:33,ICBP,RG,7350,1,F,AK,ZP,F
14:11:33,ICBP,RG,7350,2,F,AK,ZP,F
14:11:33,ICBP,RG,7350,1,D,XC,CS,D
14:11:33,ICBP,RG,7350,10,D,NI,CS,D
14:11:33,ICBP,RG,7350,150,D,KK,CC,D
14:11:33,ICBP,RG,7350,8,F,BK,CC,D
14:11:33,ICBP,RG,7350,175,F,AK,CC,D
14:11:33,ICBP,RG,7350,8,D,XC,CC,D
14:11:33,ICBP,RG,7350,2,D,DX,CC,D
14:11:33,ICBP,RG,7350,2,D,NI,CC,D
14:11:33,ICBP,RG,7350,10,D,CC,CC,D
14:11:33,ICBP,RG,7350,10,D,CC,CC,D
14:11:33,ICBP,RG,7350,10,D,XL,CC,D
14:11:33,ICBP,RG,7350,9,D,CS,CC,D
14:11:33,ICBP,RG,7350,1,D,YP,CC,D
14:11:33,ICBP,RG,7350,1,D,YP,CC,D
14:11:33,ICBP,RG,7350,388,D,CP,CC,D
14:11:33,ICBP,RG,7350,1,D,XC,CC,D
14:11:33,ICBP,RG,7350,10,D,AI,CC,D
14:11:33,ICBP,RG,7350,21,F,ZP,CC,D
14:11:33,ICBP,RG,7350,1,D,NI,CC,D
14:11:33,ICBP,RG,7350,6,D,XL,CC,D
14:11:33,ICBP,RG,7350,6,F,ZP,CC,D
14:11:33,ICBP,RG,7350,1,D,YP,CC,D
14:11:33,ICBP,RG,7350,14,D,XC,CC,D
14:11:33,ICBP,RG,7350,1,D,PD,CC,D
14:11:33,ICBP,RG,7350,1,D,XC,CC,D
14:11:33,ICBP,RG,7350,1,D,XC,CC,D
14:11:33,ICBP,RG,7350,40,D,YU,CC,D
14:11:33,ICBP,RG,7350,1,D,CC,CC,D
14:11:33,ICBP,RG,7350,136,D,YP,CC,D
14:11:33,ICBP,RG,7350,10,D,YP,CC,D
14:11:33,ICBP,RG,7350,1,D,XC,CC,D
14:11:33,ICBP,RG,7350,180,D,YJ,CC,D
14:11:33,ICBP,RG,7350,5,D,SQ,CC,D
14:11:33,ICBP,RG,7350,10,D,XA,CC,D
14:11:33,ICBP,RG,7350,1,D,NI,CC,D
14:11:33,ICBP,RG,7350,5,D,OD,CC,D
14:11:33,ICBP,RG,7350,1,D,PD,CC,D
14:11:33,ICBP,RG,7350,2,D,DH,CC,D
14:11:33,ICBP,RG,7350,1,D,YP,CC,D
14:11:33,ICBP,RG,7350,10,D,NI,CC,D
14:11:33,ICBP,RG,7350,1,D,YP,CC,D
14:11:33,ICBP,RG,7350,15,D,PD,CC,D
14:11:33,ICBP,RG,7350,15,D,YP,CC,D
14:11:33,ICBP,RG,7350,2,D,PD,CC,D
14:11:33,ICBP,RG,7350,1,D,XC,CC,D
14:11:33,ICBP,RG,7350,1,D,NI,CC,D
14:11:33,ICBP,RG,7350,1,D,XC,CC,D
14:11:33,ICBP,RG,7350,15,D,PD,CC,D
14:11:33,ICBP,RG,7350,100,D,YP,CC,D
14:11:33,ICBP,RG,7350,1,D,SQ,CC,D
14:11:33,ICBP,RG,7350,2,D,CC,CC,D
14:11:33,ICBP,RG,7350,10,D,YP,CC,D
14:11:33,ICBP,RG,7350,2,D,CC,CC,D
14:11:33,ICBP,RG,7350,1,D,XC,CC,D
14:11:33,ICBP,RG,7350,2,D,AI,CC,D
14:11:33,ICBP,RG,7350,5,D,CC,CC,D
14:11:33,ICBP,RG,7350,6,D,CS,CC,D
14:11:33,ICBP,RG,7350,5,D,NI,CC,D
14:11:33,ICBP,RG,7350,28,D,YU,CC,D
14:11:33,ICBP,RG,7350,5,D,XC,CC,D
14:11:33,ICBP,RG,7350,1,D,YP,CC,D
14:11:33,ICBP,RG,7350,1,D,YP,CC,D
14:11:33,ICBP,RG,7350,8,D,KK,CC,D
14:11:33,ICBP,RG,7350,15,D,AZ,CC,D
14:11:33,ICBP,RG,7350,1,D,CC,CC,D
14:11:33,ICBP,RG,7350,2,D,CP,CC,D
14:11:33,ICBP,RG,7350,6,D,YP,CC,D
14:11:33,ICBP,RG,7350,8,D,PD,CC,D
14:11:33,ICBP,RG,7350,1,D,YP,CC,D
14:11:33,ICBP,RG,7350,1,D,YP,CC,D
14:11:33,ICBP,RG,7350,14,D,NI,CC,D
14:11:33,ICBP,RG,7350,2,D,PD,CC,D
14:11:33,ICBP,RG,7350,4,F,CS,CC,D
14:11:33,ICBP,RG,7350,1,D,DH,CC,D
14:11:33,ICBP,RG,7350,2,D,PD,CC,D
14:11:33,ICBP,RG,7350,3,D,CC,CC,D
14:11:33,ICBP,RG,7350,136,D,OD,CC,D
14:11:33,ICBP,RG,7350,5,D,CC,CC,D
14:11:33,ICBP,RG,7350,1,D,SQ,CC,D
14:11:33,ICBP,RG,7350,1,D,XL,CC,D
14:11:33,ICBP,RG,7350,5,D,PD,CC,D
14:11:33,ICBP,RG,7350,200,D,NI,CC,D
14:11:33,ICBP,RG,7350,1,D,CC,CC,D
14:11:33,ICBP,RG,7350,54,D,YU,CC,D
14:11:33,ICBP,RG,7350,20,D,NI,CC,D
14:11:33,ICBP,RG,7350,1,D,NI,CC,D
14:11:33,ICBP,RG,7350,408,D,TP,CC,D
14:11:33,ICBP,RG,7350,1,D,XC,CC,D
14:11:33,ICBP,RG,7350,2,D,XC,CC,D
14:11:33,ICBP,RG,7350,1,D,NI,CC,D
14:11:33,ICBP,RG,7350,10,D,PD,CC,D
14:11:33,ICBP,RG,7350,1,D,YP,CC,D
14:11:33,ICBP,RG,7350,1,D,GR,CC,D
14:11:33,ICBP,RG,7350,2,D,KK,CC,D
14:11:33,ICBP,RG,7350,1,D,CC,CC,D
14:11:33,ICBP,RG,7350,1,D,YP,CC,D
14:11:33,ICBP,RG,7350,3,D,XC,CC,D
14:11:33,ICBP,RG,7350,1,D,SQ,CC,D
14:11:33,ICBP,RG,7350,1,D,PD,CC,D
14:11:33,ICBP,RG,7350,13,D,CS,CC,D
14:11:33,ICBP,RG,7350,1,D,CC,CC,D
14:11:33,ICBP,RG,7350,1,D,XC,CC,D
14:11:33,ICBP,RG,7350,1,D,XC,CC,D
14:11:33,ICBP,RG,7350,10,D,YP,CC,D
14:11:33,ICBP,RG,7350,1,D,YU,CC,D
14:11:33,ICBP,RG,7350,1,D,CC,CC,D
14:11:33,ICBP,RG,7350,5,D,OD,CC,D
14:11:33,ICBP,RG,7350,5,D,OD,CC,D
14:11:33,ICBP,RG,7350,1,D,PC,CC,D
14:11:33,ICBP,RG,7350,1,D,CC,CC,D
14:11:33,ICBP,RG,7350,25,D,CC,CC,D
14:11:33,ICBP,RG,7350,5,D,PD,CC,D
14:11:33,ICBP,RG,7350,2,D,NI,CC,D
14:11:33,ICBP,RG,7350,4,D,XC,CC,D
14:11:33,ICBP,RG,7350,50,D,YP,CC,D
14:11:33,ICBP,RG,7350,4,D,NI,CC,D
14:11:33,ICBP,RG,7350,3,F,ZP,CC,D
14:11:33,ICBP,RG,7350,5,D,PD,CC,D
14:11:33,ICBP,RG,7350,10,D,NI,CC,D
14:11:33,ICBP,RG,7350,1,D,PD,CC,D
14:11:33,ICBP,RG,7350,1,D,PD,CC,D
14:11:33,ICBP,RG,7350,1,D,CC,CC,D
14:11:33,ICBP,RG,7350,1,D,YP,CC,D
14:11:33,ICBP,RG,7350,100,D,SQ,CC,D
14:11:33,ICBP,RG,7350,2,D,EP,CC,D
14:11:33,ICBP,RG,7350,1,F,ZP,CC,D
14:11:33,ICBP,RG,7350,2,D,GR,CC,D
14:11:33,ICBP,RG,7350,4,D,XC,CC,D
14:11:33,ICBP,RG,7350,1,D,YP,CC,D
14:11:33,ICBP,RG,7350,5,D,OD,CC,D
14:11:33,ICBP,RG,7350,1,D,YP,CC,D
14:11:33,ICBP,RG,7350,5,D,YP,CC,D
14:11:33,ICBP,RG,7350,28,D,LS,CC,D
14:11:33,ICBP,RG,7350,1,D,NI,CC,D
14:11:33,ICBP,RG,7350,25,F,ZP,CC,D
14:11:33,ICBP,RG,7350,1,D,PD,CC,D
14:11:33,ICBP,RG,7350,10,D,EP,CC,D
14:11:33,ICBP,RG,7350,1,D,KK,CC,D
14:11:33,ICBP,RG,7350,1,D,XC,CC,D
14:11:33,ICBP,RG,7350,2,D,GR,CC,D
14:11:33,ICBP,RG,7350,1,D,KK,CC,D
14:11:33,ICBP,RG,7350,1,D,NI,CC,D
14:11:33,ICBP,RG,7350,4,D,YP,CC,D
14:11:33,ICBP,RG,7350,5,D,CC,CC,D
14:11:33,ICBP,RG,7350,10,D,SF,CC,D
14:11:33,ICBP,RG,7350,1,D,XL,CC,D
14:11:33,ICBP,RG,7350,1,D,SQ,CC,D
14:11:33,ICBP,RG,7350,100,D,CC,CC,D
14:11:33,ICBP,RG,7350,1,D,PD,CC,D
14:11:33,ICBP,RG,7350,3,D,OD,CC,D
14:11:33,ICBP,RG,7350,2,D,CC,CC,D
14:11:33,ICBP,RG,7350,100,D,YP,CC,D
14:11:33,ICBP,RG,7350,50,D,YP,CC,D
14:11:33,ICBP,RG,7350,2,D,KK,CC,D
14:11:33,ICBP,RG,7350,3,D,CC,CC,D
14:11:33,ICBP,RG,7350,4,D,NI,CC,D
14:11:33,ICBP,RG,7350,1,D,PD,CC,D
14:11:33,ICBP,RG,7350,1,D,DR,CC,D
14:11:33,ICBP,RG,7350,6,D,CC,CC,D
14:11:33,ICBP,RG,7350,13,D,NI,CC,D
14:11:33,ICBP,RG,7350,1,D,LG,CC,D
14:11:33,ICBP,RG,7350,10,D,CC,CC,D
14:11:33,ICBP,RG,7350,1,D,XC,CC,D
14:11:33,ICBP,RG,7350,1,D,YP,CC,D
14:11:33,ICBP,RG,7350,200,D,YP,CC,D
14:11:33,ICBP,RG,7350,5,D,KK,CC,D
14:11:33,ICBP,RG,7350,100,D,CC,CC,D
14:11:33,ICBP,RG,7350,1,D,PD,CC,D
14:11:33,ICBP,RG,7350,2,D,TP,CC,D
14:11:33,ICBP,RG,7350,1,D,KK,CC,D
14:11:33,ICBP,RG,7350,1,D,XC,CC,D
14:11:33,ICBP,RG,7350,10,D,NI,CC,D
14:11:33,ICBP,RG,7350,1,D,YP,CC,D
14:11:33,ICBP,RG,7350,10,D,CC,CC,D
14:11:33,ICBP,RG,7350,2,D,PD,CC,D
14:11:33,ICBP,RG,7350,5,D,SQ,CC,D
14:11:33,ICBP,RG,7350,259,D,DH,CC,D
14:11:33,ICBP,RG,7350,1,D,YP,CC,D
14:11:33,ICBP,RG,7350,1,D,YP,CC,D
14:11:33,ICBP,RG,7350,15,D,XC,CC,D
14:11:33,ICBP,RG,7350,1,D,YP,CC,D
14:11:33,ICBP,RG,7350,10,D,YP,CC,D
14:11:33,ICBP,RG,7350,2,D,YP,CC,D
14:11:33,ICBP,RG,7350,27,D,YP,CC,D
14:11:33,ICBP,RG,7350,5,D,YP,CC,D
14:11:33,ICBP,RG,7350,1,D,YP,CC,D
14:11:33,ICBP,RG,7350,15,D,YP,CC,D
14:11:33,ICBP,RG,7350,200,D,YP,CC,D
14:11:33,ICBP,RG,7350,5,D,YP,CC,D
14:11:33,ICBP,RG,7350,5,D,CC,CC,D
14:11:33,ICBP,RG,7350,5,D,YP,CC,D
14:11:33,ICBP,RG,7350,5,D,CC,CC,D
14:11:33,ICBP,RG,7350,1,D,YP,CC,D
14:11:33,ICBP,RG,7350,2,D,CC,CC,D
14:11:33,ICBP,RG,7350,5,D,XC,CC,D
14:11:33,ICBP,RG,7350,50,D,XC,CC,D
14:11:33,ICBP,RG,7350,1,D,XC,CC,D
14:11:33,ICBP,RG,7350,1,D,XC,CC,D
14:11:33,ICBP,RG,7350,1,D,PD,CC,D
14:11:33,ICBP,RG,7350,1,D,KK,CC,D
14:11:33,ICBP,RG,7350,10,D,KK,CC,D
14:11:33,ICBP,RG,7350,11,D,CC,CC,D
14:11:33,ICBP,RG,7350,1,D,XL,CC,D
14:11:33,ICBP,RG,7350,1,D,XC,CC,D
14:11:33,ICBP,RG,7350,1,D,XC,CC,D
14:11:33,ICBP,RG,7350,10,D,PD,CC,D
14:11:33,ICBP,RG,7350,3,D,PD,CC,D
14:11:33,ICBP,RG,7350,5,D,SQ,CC,D
14:11:33,ICBP,RG,7350,2,D,PD,CC,D
14:11:33,ICBP,RG,7350,1,D,PD,CC,D
14:11:33,ICBP,RG,7350,5,D,HP,CC,D
14:11:33,ICBP,RG,7350,100,F,DH,CC,D
14:11:33,ICBP,RG,7350,1,D,PD,CC,D
14:11:33,ICBP,RG,7350,10,D,PD,CC,D
14:11:33,ICBP,RG,7350,1,D,SQ,CC,D
14:11:33,ICBP,RG,7350,31,D,PD,CC,D
14:11:33,ICBP,RG,7350,2,D,PD,CC,D
14:11:33,ICBP,RG,7350,35,D,PD,CC,D
14:11:33,ICBP,RG,7350,1,D,PD,CC,D
14:11:33,ICBP,RG,7350,200,D,PD,CC,D
14:11:33,ICBP,RG,7350,5,D,GR,CC,D
14:11:33,ICBP,RG,7350,2,D,GR,CC,D
14:11:33,ICBP,RG,7350,2,D,EP,CC,D
14:11:33,ICBP,RG,7350,500,D,CP,CC,D
14:11:33,ICBP,RG,7350,5,D,EP,CC,D
14:11:33,ICBP,RG,7350,4,D,YP,CC,D
14:11:33,ICBP,RG,7350,6,D,YP,CC,D
14:11:33,ICBP,RG,7350,1,D,PD,CC,D
14:11:33,ICBP,RG,7350,5,D,KK,CC,D
14:11:33,ICBP,RG,7350,1,D,YP,CC,D
14:11:33,ICBP,RG,7350,1,D,SQ,CC,D
14:11:33,ICBP,RG,7350,10,D,EP,CC,D
14:11:33,ICBP,RG,7350,1,D,YP,CC,D
14:11:33,ICBP,RG,7350,5,D,PD,CC,D
14:11:33,ICBP,RG,7350,5,D,SQ,CC,D
14:11:33,ICBP,RG,7350,2,D,YP,CC,D
14:11:33,ICBP,RG,7350,5,D,YP,CC,D
14:11:33,ICBP,RG,7350,7,D,YU,CC,D
14:11:33,ICBP,RG,7350,1,D,XL,CC,D
14:11:33,ICBP,RG,7350,30,D,CC,CC,D
14:11:33,ICBP,RG,7350,5,D,KK,CC,D
14:11:33,ICBP,RG,7350,300,D,CC,CC,D
14:11:33,ICBP,RG,7350,2,D,NI,CC,D
14:11:33,ICBP,RG,7350,2,D,NI,CC,D
14:11:33,ICBP,RG,7350,3,D,YP,CC,D
14:11:33,ICBP,RG,7350,1,D,XC,CC,D
14:11:33,ICBP,RG,7350,1000,D,CC,CC,D
14:11:33,ICBP,RG,7350,5,D,XC,CC,D
14:11:33,ICBP,RG,7350,5,D,AI,CC,D
14:11:33,ICBP,RG,7350,5,D,YP,CC,D
14:11:33,ICBP,RG,7350,1,D,XC,CC,D
14:11:33,ICBP,RG,7350,1,D,CC,CC,D
14:11:33,ICBP,RG,7350,50,D,NI,CC,D
14:11:33,ICBP,RG,7350,2,D,PD,CC,D
14:11:33,ICBP,RG,7350,1,D,NI,CC,D
14:11:33,ICBP,RG,7350,1,D,PD,CC,D
14:11:33,ICBP,RG,7350,1,D,XC,CC,D
14:11:33,ICBP,RG,7350,50,D,YP,CC,D
14:11:33,ICBP,RG,7350,1,D,PD,CC,D
14:11:33,ICBP,RG,7350,20,D,DH,CC,D
14:11:33,ICBP,RG,7350,23,D,XC,CC,D
14:11:33,ICBP,RG,7350,1,D,DH,CC,D
14:11:33,ICBP,RG,7350,2,D,LS,CC,D
14:11:33,ICBP,RG,7350,1,D,XC,CC,D
14:11:33,ICBP,RG,7350,1,D,XC,CC,D
14:11:33,ICBP,RG,7350,5,D,YP,CC,D
14:11:33,ICBP,RG,7350,5,D,PD,CC,D
14:11:33,ICBP,RG,7350,1,D,CC,CC,D
14:11:33,ICBP,RG,7350,2,D,PD,CC,D
14:11:33,ICBP,RG,7350,1,D,YP,CC,D
14:11:33,ICBP,RG,7350,5,D,YP,CC,D
14:11:33,ICBP,RG,7350,1,D,YU,CC,D
14:11:33,ICBP,RG,7350,2,D,YP,CC,D
14:11:33,ICBP,RG,7350,1,D,KK,CC,D
14:11:33,ICBP,RG,7350,20,D,YP,CC,D
14:11:33,ICBP,RG,7350,1,D,YP,CC,D
14:11:33,ICBP,RG,7350,10,D,SQ,CC,D
14:11:33,ICBP,RG,7350,2,D,GR,CC,D
14:11:33,ICBP,RG,7350,1,D,ZP,CC,D
14:11:33,ICBP,RG,7350,1,D,AZ,CC,D
14:11:33,ICBP,RG,7350,2,D,KK,CC,D
14:11:33,ICBP,RG,7350,2,D,YP,CC,D
14:11:33,ICBP,RG,7350,10,D,OD,CC,D
14:11:33,ICBP,RG,7350,1,D,PD,CC,D
14:11:33,ICBP,RG,7350,2,D,SQ,CC,D
14:11:33,ICBP,RG,7350,5,D,DH,CC,D
14:11:33,ICBP,RG,7350,5,D,KK,CC,D
14:11:33,ICBP,RG,7350,500,D,YU,CC,D
14:11:33,ICBP,RG,7350,3,D,XC,CC,D
14:11:33,ICBP,RG,7350,10,D,OD,CC,D
14:11:33,ICBP,RG,7350,2,D,YP,CC,D
14:11:33,ICBP,RG,7350,9,D,XC,CC,D
14:11:33,ICBP,RG,7350,1,D,SQ,CC,D
14:11:33,ICBP,RG,7350,1,D,NI,CC,D
14:11:33,ICBP,RG,7350,1,D,PD,CC,D
14:11:33,ICBP,RG,7350,10,D,SQ,CC,D
14:11:33,ICBP,RG,7350,50,D,CC,CC,D
14:11:33,ICBP,RG,7350,2,D,YP,CC,D
14:11:33,ICBP,RG,7350,3,D,GR,CC,D
14:11:33,ICBP,RG,7350,5,D,SQ,CC,D
14:11:33,ICBP,RG,7350,3,D,PD,CC,D
14:11:33,ICBP,RG,7350,1,D,NI,CC,D
14:11:33,ICBP,RG,7350,1,D,XC,CC,D
14:11:33,ICBP,RG,7350,10,D,YP,CC,D
14:11:33,ICBP,RG,7350,5,D,NI,CC,D
14:11:33,ICBP,RG,7350,1,D,CC,CC,D
14:11:33,ICBP,RG,7350,1,D,YP,CC,D
14:11:33,ICBP,RG,7350,1,D,KK,CC,D
14:11:33,ICBP,RG,7350,5,D,PD,CC,D
14:11:33,ICBP,RG,7350,1,D,YP,CC,D
14:11:33,ICBP,RG,7350,5,D,SQ,CC,D
14:11:33,ICBP,RG,7350,1,D,XC,CC,D
14:11:33,ICBP,RG,7350,3,D,NI,CC,D
14:11:33,ICBP,RG,7350,679,D,DR,CC,D
14:11:33,ICBP,RG,7350,5,D,YP,CC,D
14:11:33,ICBP,RG,7350,20,D,PD,CC,D
14:11:33,ICBP,RG,7350,5,D,YP,CC,D
14:11:33,ICBP,RG,7350,2,D,YU,CC,D
14:11:33,ICBP,RG,7350,100,D,CC,CC,D
14:11:33,ICBP,RG,7350,1,D,TP,CC,D
14:11:33,ICBP,RG,7350,1,D,PD,CC,D
14:11:33,ICBP,RG,7350,25,D,CC,CC,D
14:11:33,ICBP,RG,7350,2,D,XC,CC,D
14:11:33,ICBP,RG,7350,1,D,PD,CC,D
14:11:33,ICBP,RG,7350,10,D,SQ,CC,D
14:11:33,ICBP,RG,7350,2,D,NI,CC,D
14:11:33,ICBP,RG,7350,1,D,XC,CC,D
14:11:33,ICBP,RG,7350,10,D,PD,CC,D
14:11:33,ICBP,RG,7350,15,D,YP,CC,D
14:11:33,ICBP,RG,7350,5,D,YP,CC,D
14:11:33,ICBP,RG,7350,1,D,XC,CC,D
14:11:33,ICBP,RG,7350,200,D,YJ,CC,D
14:11:33,ICBP,RG,7350,1,D,PC,CC,D
14:11:33,ICBP,RG,7350,1,D,XC,CC,D
14:11:33,ICBP,RG,7350,5,D,PD,CC,D
14:11:33,ICBP,RG,7350,27,D,CP,CC,D
14:11:33,ICBP,RG,7350,1,D,CC,CC,D
14:11:33,ICBP,RG,7350,2,D,XC,CC,D
14:11:33,ICBP,RG,7350,18,D,EP,CC,D
14:11:33,ICBP,RG,7350,15,D,CC,CC,D
14:11:33,ICBP,RG,7350,18,D,EP,CC,D
14:11:33,ICBP,RG,7350,25,D,AZ,CC,D
14:11:33,ICBP,RG,7350,50,D,KI,CC,D
14:11:33,ICBP,RG,7350,2,D,NI,CC,D
14:11:33,ICBP,RG,7350,22,D,XC,CC,D
14:11:33,ICBP,RG,7350,20,D,CC,CC,D
14:11:33,ICBP,RG,7350,1,D,DH,CC,D
14:11:33,ICBP,RG,7350,1,D,XC,CC,D
14:11:33,ICBP,RG,7350,20,D,PD,CC,D
14:11:33,ICBP,RG,7350,114,D,GR,CC,D
14:11:32,ICBP,RG,7375,1,D,PD,ZP,F
14:11:22,ICBP,RG,7350,11,D,GR,BK,F
14:11:22,ICBP,RG,7375,2,D,PD,ZP,F
14:11:21,ICBP,RG,7375,1,D,CC,ZP,F
14:11:21,ICBP,RG,7375,1,D,XC,ZP,F
14:11:19,ICBP,RG,7375,3,D,XC,ZP,F
14:11:17,ICBP,RG,7375,30,D,CC,ZP,F
14:11:17,ICBP,RG,7375,2,D,EP,ZP,F
14:11:02,ICBP,RG,7375,10,D,YP,ZP,F
14:10:59,ICBP,RG,7375,10,D,AI,ZP,F
14:10:54,ICBP,RG,7375,19,D,DR,ZP,F
14:10:50,ICBP,RG,7375,2,D,PD,ZP,F
14:10:47,ICBP,RG,7375,5,D,PD,ZP,F
14:10:41,ICBP,RG,7350,6,D,GR,PD,D
14:10:37,ICBP,RG,7375,1,D,XC,ZP,F
14:10:29,ICBP,RG,7375,1,D,YP,ZP,F
14:10:29,ICBP,RG,7375,1,D,XC,ZP,F
14:10:24,ICBP,RG,7350,8,D,GR,BK,F
14:10:19,ICBP,RG,7350,1,D,GR,ZP,F
14:10:14,ICBP,RG,7350,10,D,GR,KK,D
14:10:02,ICBP,RG,7375,30,D,CC,ZP,F
14:09:57,ICBP,RG,7350,2,D,GR,YP,D
14:09:46,ICBP,RG,7350,1,D,GR,ZP,F
14:09:38,ICBP,RG,7375,2,D,YP,ZP,F
14:09:30,ICBP,RG,7350,3,D,GR,CC,D
14:09:30,ICBP,RG,7350,1,D,GR,XC,D
14:09:26,ICBP,RG,7375,2,D,XC,ZP,F
14:09:18,ICBP,RG,7350,43,D,GR,YP,D
14:09:18,ICBP,RG,7350,1,D,PD,YP,D
14:09:18,ICBP,RG,7350,46,D,NI,YP,D
14:09:18,ICBP,RG,7375,25,D,PD,ZP,F
14:09:10,ICBP,RG,7350,2,D,NI,PD,D
14:09:09,ICBP,RG,7350,1,D,NI,CC,D
14:09:03,ICBP,RG,7375,2,D,XC,ZP,F
14:09:02,ICBP,RG,7350,1,D,NI,BK,F
14:09:02,ICBP,RG,7350,1,D,YP,BK,F
14:09:02,ICBP,RG,7350,5,D,CC,BK,F
14:09:02,ICBP,RG,7350,1,D,PD,BK,F
14:09:02,ICBP,RG,7350,1,D,NI,BK,F
14:09:02,ICBP,RG,7350,1,D,YP,BK,F
14:09:02,ICBP,RG,7350,1,D,GR,BK,F
14:08:58,ICBP,RG,7350,1,D,GR,DP,D
14:08:58,ICBP,RG,7350,2,D,GR,XL,D
14:08:58,ICBP,RG,7350,3,D,EP,XL,D
14:08:58,ICBP,RG,7350,1,D,XC,XL,D
14:08:58,ICBP,RG,7350,1,D,CC,XL,D
14:08:58,ICBP,RG,7350,1,D,YP,XL,D
14:08:58,ICBP,RG,7350,7,D,AR,XL,D
14:08:48,ICBP,RG,7350,34,D,AR,DX,D
14:08:48,ICBP,RG,7350,9,D,AR,DX,D
14:08:48,ICBP,RG,7350,3,D,DR,DX,D
14:08:48,ICBP,RG,7350,1,D,XC,DX,D
14:08:48,ICBP,RG,7350,1,D,PD,DX,D
14:08:48,ICBP,RG,7350,8,D,YP,DX,D
14:08:48,ICBP,RG,7350,3,D,XC,DX,D
14:08:48,ICBP,RG,7350,1,D,NI,DX,D
14:08:48,ICBP,RG,7350,1,D,YP,DX,D
14:08:48,ICBP,RG,7350,2,D,CC,DX,D
14:08:48,ICBP,RG,7350,1,D,SQ,DX,D
14:08:48,ICBP,RG,7350,2,D,YP,DX,D
14:08:48,ICBP,RG,7350,5,D,MG,DX,D
14:08:48,ICBP,RG,7350,1,D,PD,DX,D
14:08:48,ICBP,RG,7350,10,D,GR,DX,D
14:08:48,ICBP,RG,7350,5,D,YP,DX,D
14:08:48,ICBP,RG,7350,5,D,YP,DX,D
14:08:48,ICBP,RG,7350,5,D,LG,DX,D
14:08:48,ICBP,RG,7350,2,D,GR,DX,D
14:08:48,ICBP,RG,7350,2,D,NI,DX,D
14:08:48,ICBP,RG,7350,2,D,XL,DX,D
14:08:48,ICBP,RG,7350,1,D,IP,DX,D
14:08:48,ICBP,RG,7350,2,D,EP,DX,D
14:08:48,ICBP,RG,7350,10,D,YP,DX,D
14:08:48,ICBP,RG,7350,50,D,CC,DX,D
14:08:48,ICBP,RG,7350,3,D,YP,DX,D
14:08:48,ICBP,RG,7350,2,D,YP,DX,D
14:08:48,ICBP,RG,7350,17,D,PD,DX,D
14:08:48,ICBP,RG,7350,5,D,CC,DX,D
14:08:48,ICBP,RG,7350,30,D,CC,DX,D
14:08:48,ICBP,RG,7350,10,D,CC,DX,D
14:08:48,ICBP,RG,7350,1,D,YP,DX,D
14:08:48,ICBP,RG,7350,250,D,LG,DX,D
14:08:48,ICBP,RG,7350,8,D,AZ,DX,D
14:08:48,ICBP,RG,7350,10,D,XC,DX,D
14:08:48,ICBP,RG,7350,7,D,EP,DX,D
14:08:48,ICBP,RG,7350,43,D,EP,DX,D
14:08:48,ICBP,RG,7350,1,D,CC,DX,D
14:08:48,ICBP,RG,7350,5,D,PD,DX,D
14:08:48,ICBP,RG,7350,2,D,OD,DX,D
14:08:48,ICBP,RG,7350,10,D,DR,DX,D
14:08:48,ICBP,RG,7350,2,D,CC,DX,D
14:08:48,ICBP,RG,7350,50,D,DR,DX,D
14:08:48,ICBP,RG,7350,1,D,YB,DX,D
14:08:48,ICBP,RG,7350,1,D,PD,DX,D
14:08:48,ICBP,RG,7350,50,D,YP,DX,D
14:08:48,ICBP,RG,7350,10,D,YP,DX,D
14:08:48,ICBP,RG,7350,5,D,YP,DX,D
14:08:48,ICBP,RG,7350,1,D,AZ,DX,D
14:08:48,ICBP,RG,7350,1,D,KK,DX,D
14:08:48,ICBP,RG,7350,2,D,GR,DX,D
14:08:48,ICBP,RG,7350,5,D,YP,DX,D
14:08:48,ICBP,RG,7350,1,D,NI,DX,D
14:08:48,ICBP,RG,7350,20,D,YP,DX,D
14:08:48,ICBP,RG,7350,1,D,YP,DX,D
14:08:48,ICBP,RG,7350,10,D,DH,DX,D
14:08:48,ICBP,RG,7350,10,D,XC,DX,D
14:08:48,ICBP,RG,7350,1,D,NI,DX,D
14:08:48,ICBP,RG,7350,45,D,YP,DX,D
14:08:48,ICBP,RG,7350,5,D,YP,DX,D
14:08:48,ICBP,RG,7350,5,D,YP,DX,D
14:08:48,ICBP,RG,7350,1,D,LG,DX,D
14:08:48,ICBP,RG,7350,2,D,YP,DX,D
14:08:48,ICBP,RG,7350,1,D,YP,DX,D
14:08:48,ICBP,RG,7350,1,D,CC,DX,D
14:08:48,ICBP,RG,7350,2,D,SQ,DX,D
14:08:48,ICBP,RG,7350,5,D,YP,DX,D
14:08:48,ICBP,RG,7350,2,D,GR,DX,D
14:08:48,ICBP,RG,7350,1,D,GR,DX,D
14:08:48,ICBP,RG,7350,1,D,PD,DX,D
14:08:48,ICBP,RG,7350,1,D,YP,DX,D
14:08:48,ICBP,RG,7350,1,D,LG,DX,D
14:08:48,ICBP,RG,7350,1,D,PD,DX,D
14:08:48,ICBP,RG,7350,2,D,SQ,DX,D
14:08:48,ICBP,RG,7350,10,D,GR,DX,D
14:08:48,ICBP,RG,7350,1,D,PD,DX,D
14:08:48,ICBP,RG,7350,6,D,PD,DX,D
14:08:48,ICBP,RG,7350,50,D,PD,DX,D
14:08:48,ICBP,RG,7350,4,D,EP,DX,D
14:08:48,ICBP,RG,7350,1,D,YP,DX,D
14:08:48,ICBP,RG,7350,3,D,EP,DX,D
14:08:48,ICBP,RG,7350,1,D,EP,DX,D
14:08:48,ICBP,RG,7350,2,D,PD,DX,D
14:08:48,ICBP,RG,7350,1,D,SQ,DX,D
14:08:48,ICBP,RG,7350,1,D,PD,DX,D
14:08:48,ICBP,RG,7350,5,D,PD,DX,D
14:08:48,ICBP,RG,7350,90,D,IF,DX,D
14:08:48,ICBP,RG,7375,6,D,YU,ZP,F
14:08:48,ICBP,RG,7375,3,D,YU,YU,D
14:08:43,ICBP,RG,7375,22,D,CC,YU,D
14:08:43,ICBP,RG,7375,7,D,CC,YU,D
14:08:41,ICBP,RG,7375,5,D,PD,YU,D
14:08:09,ICBP,RG,7350,2,D,IF,PD,D
14:08:04,ICBP,RG,7375,8,D,YP,YU,D
14:08:04,ICBP,RG,7375,17,D,YP,YU,D
14:07:56,ICBP,RG,7375,6,D,CC,YU,D
14:07:56,ICBP,RG,7375,19,D,CC,YU,D
14:07:56,ICBP,RG,7375,2,D,CC,CS,D
14:07:56,ICBP,RG,7375,1,D,CC,ZP,F
14:07:56,ICBP,RG,7375,12,D,CC,DX,D
14:07:51,ICBP,RG,7350,350,D,IF,RX,D
14:07:51,ICBP,RG,7350,58,D,IF,RX,D
14:07:51,ICBP,RG,7350,10,D,KK,RX,D
14:07:51,ICBP,RG,7350,30,D,PD,RX,D
14:07:51,ICBP,RG,7350,20,D,PD,RX,D
14:07:51,ICBP,RG,7350,2,D,PD,RX,D
14:07:51,ICBP,RG,7350,4,D,GR,RX,D
14:07:51,ICBP,RG,7350,50,D,PD,RX,D
14:07:51,ICBP,RG,7350,490,D,MG,RX,D
14:07:47,ICBP,RG,7350,11,D,MG,BK,F
14:07:38,ICBP,RG,7375,5,D,YP,DX,D
14:07:30,ICBP,RG,7375,17,D,YP,DX,D
14:07:30,ICBP,RG,7375,123,D,YP,DX,D
14:07:27,ICBP,RG,7375,35,D,CC,DX,D
14:07:19,ICBP,RG,7350,200,D,MG,CC,D
14:07:15,ICBP,RG,7375,2,D,CC,DX,D
14:07:13,ICBP,RG,7350,7,D,MG,DP,D
14:07:10,ICBP,RG,7375,170,D,RF,DX,D
14:07:08,ICBP,RG,7375,90,D,RF,DX,D
14:06:58,ICBP,RG,7350,62,D,MG,CC,D
14:06:57,ICBP,RG,7350,1,D,MG,ZP,F
14:06:53,ICBP,RG,7375,7,D,PD,DX,D
14:06:52,ICBP,RG,7375,2,D,OD,DX,D
14:06:46,ICBP,RG,7350,9,D,MG,BK,F
14:06:41,ICBP,RG,7375,10,D,GR,DX,D
14:06:36,ICBP,RG,7375,5,D,XC,DX,D
14:06:35,ICBP,RG,7375,25,D,YP,DX,D
14:06:30,ICBP,RG,7350,8,D,MG,PD,D
14:06:24,ICBP,RG,7350,5,D,MG,NI,D
14:06:21,ICBP,RG,7375,6,D,CC,DX,D
14:06:21,ICBP,RG,7375,127,D,CC,DX,D
14:06:18,ICBP,RG,7375,13,D,XC,DX,D
14:06:18,ICBP,RG,7375,10,D,YP,DX,D
14:06:18,ICBP,RG,7375,10,D,PD,DX,D
14:06:14,ICBP,RG,7375,2,D,NI,DX,D
14:06:13,ICBP,RG,7375,5,D,XC,DX,D
14:06:09,ICBP,RG,7375,28,D,CC,DX,D
14:06:03,ICBP,RG,7375,2,D,PD,DX,D
14:06:01,ICBP,RG,7350,10,D,MG,DH,D
14:06:00,ICBP,RG,7350,41,D,MG,YU,D
14:05:50,ICBP,RG,7350,8,D,MG,BK,F
14:05:50,ICBP,RG,7350,5,D,MG,YP,D
14:05:23,ICBP,RG,7350,8,D,MG,DP,D
14:05:23,ICBP,RG,7375,5,D,XC,DX,D
14:05:23,ICBP,RG,7375,1,F,AK,DX,D
14:05:22,ICBP,RG,7375,1,D,EP,DX,D
14:05:05,ICBP,RG,7375,2,F,AK,DX,D
14:05:03,ICBP,RG,7375,50,D,CC,DX,D
14:05:02,ICBP,RG,7375,1,D,XC,DX,D
14:05:01,ICBP,RG,7375,2,D,PD,DX,D
14:04:59,ICBP,RG,7375,10,D,YP,DX,D
14:04:54,ICBP,RG,7350,9,D,MG,BK,F
14:04:44,ICBP,RG,7375,8,D,SS,DX,D
14:04:44,ICBP,RG,7375,2,D,SS,DX,D
14:04:37,ICBP,RG,7375,1,D,PD,DX,D
14:04:33,ICBP,RG,7375,1,D,NI,DX,D
14:04:31,ICBP,RG,7350,5,D,MG,XC,D
14:04:30,ICBP,RG,7350,6,D,MG,KK,D
14:04:29,ICBP,RG,7350,1,D,MG,YP,D
14:04:29,ICBP,RG,7350,4,D,MG,NI,D
14:04:29,ICBP,RG,7350,5,D,MG,PD,D
14:04:29,ICBP,RG,7350,17,D,MG,PD,D
14:04:29,ICBP,RG,7350,70,D,MG,CC,D
14:04:29,ICBP,RG,7350,18,D,MG,SQ,D
14:04:28,ICBP,RG,7375,1,D,YP,DX,D
14:04:17,ICBP,RG,7375,100,D,IU,DX,D
14:04:17,ICBP,RG,7375,1,D,YP,DX,D
14:04:17,ICBP,RG,7375,10,D,PD,DX,D
14:04:17,ICBP,RG,7375,2,D,CC,DX,D
14:04:17,ICBP,RG,7375,20,D,PD,DX,D
14:04:17,ICBP,RG,7375,2,D,YP,DX,D
14:04:17,ICBP,RG,7375,34,D,CC,DX,D
14:04:17,ICBP,RG,7375,1,D,XC,DX,D
14:04:17,ICBP,RG,7375,1,D,KK,DX,D
14:04:17,ICBP,RG,7375,4,D,YP,DX,D
14:04:17,ICBP,RG,7375,1,D,CC,DX,D
14:04:17,ICBP,RG,7375,9,D,CC,DX,D
14:04:17,ICBP,RG,7375,4,D,NI,DX,D
14:04:17,ICBP,RG,7375,1,D,NI,DX,D
14:04:17,ICBP,RG,7375,11,F,ZP,DX,D
14:04:10,ICBP,RG,7375,4,F,ZP,BK,F
14:04:10,ICBP,RG,7375,3,F,ZP,BK,F
14:04:07,ICBP,RG,7375,1,F,ZP,CS,D
14:03:47,ICBP,RG,7375,24,F,ZP,ZP,F
14:03:47,ICBP,RG,7375,1,D,XL,ZP,F
14:03:47,ICBP,RG,7375,5,D,EP,ZP,F
14:03:47,ICBP,RG,7375,2,D,KK,ZP,F
14:03:47,ICBP,RG,7375,3,D,CC,ZP,F
14:03:47,ICBP,RG,7375,5,D,KK,ZP,F
14:03:47,ICBP,RG,7375,3,D,NI,ZP,F
14:03:47,ICBP,RG,7375,1,D,CC,ZP,F
14:03:47,ICBP,RG,7375,1,D,PD,ZP,F
14:03:47,ICBP,RG,7375,2,D,CC,ZP,F
14:03:47,ICBP,RG,7375,30,D,YB,ZP,F
14:03:47,ICBP,RG,7375,10,D,CC,ZP,F
14:03:47,ICBP,RG,7375,1,D,YP,ZP,F
14:03:47,ICBP,RG,7375,1,D,XC,ZP,F
14:03:47,ICBP,RG,7375,1,D,PD,ZP,F
14:03:47,ICBP,RG,7375,1,D,YP,ZP,F
14:03:47,ICBP,RG,7375,1,D,XC,ZP,F
14:03:47,ICBP,RG,7375,20,D,CC,ZP,F
14:03:47,ICBP,RG,7375,3,D,EP,ZP,F
14:03:47,ICBP,RG,7375,1,D,XC,ZP,F
14:03:47,ICBP,RG,7375,8,D,XC,ZP,F
14:03:47,ICBP,RG,7375,1,D,DR,ZP,F
14:03:47,ICBP,RG,7375,10,D,LG,ZP,F
14:03:47,ICBP,RG,7375,1,D,NI,ZP,F
14:03:47,ICBP,RG,7375,1,D,KK,ZP,F
14:03:47,ICBP,RG,7375,13,D,PD,ZP,F
14:03:47,ICBP,RG,7375,71,D,PD,ZP,F
14:03:47,ICBP,RG,7375,33,D,YP,ZP,F
14:03:47,ICBP,RG,7375,5,D,YP,ZP,F
14:03:47,ICBP,RG,7375,10,D,XC,ZP,F
14:03:47,ICBP,RG,7375,6,D,ZR,ZP,F
14:03:47,ICBP,RG,7375,3,D,YP,ZP,F
14:03:47,ICBP,RG,7375,50,D,YP,ZP,F
14:03:47,ICBP,RG,7375,1,D,XC,ZP,F
14:03:47,ICBP,RG,7375,1,D,PD,ZP,F
14:03:47,ICBP,RG,7375,194,D,YP,ZP,F
14:03:47,ICBP,RG,7375,7,D,YP,ZP,F
14:03:47,ICBP,RG,7375,1,D,YP,ZP,F
14:03:47,ICBP,RG,7375,5,D,YP,CS,D
14:03:46,ICBP,RG,7375,4,D,YP,RX,D
14:03:46,ICBP,RG,7375,1,D,PD,RX,D
14:03:46,ICBP,RG,7375,1,D,NI,RX,D
14:03:46,ICBP,RG,7375,1,D,CC,RX,D
14:03:46,ICBP,RG,7375,1,D,XC,RX,D
14:03:46,ICBP,RG,7375,6,D,PD,RX,D
14:03:46,ICBP,RG,7375,1,D,PD,RX,D
14:03:46,ICBP,RG,7375,2,D,TP,RX,D
14:03:46,ICBP,RG,7375,1,D,YP,RX,D
14:03:46,ICBP,RG,7375,20,D,TP,RX,D
14:03:46,ICBP,RG,7375,11,D,XC,RX,D
14:03:46,ICBP,RG,7375,2,D,DH,RX,D
14:03:46,ICBP,RG,7375,5,D,YP,RX,D
14:03:46,ICBP,RG,7375,1,D,PD,RX,D
14:03:46,ICBP,RG,7375,1,D,GR,RX,D
14:03:46,ICBP,RG,7375,1,D,CC,RX,D
14:03:46,ICBP,RG,7375,5,D,NI,RX,D
14:03:46,ICBP,RG,7375,1,D,YP,RX,D
14:03:46,ICBP,RG,7375,1,D,XC,RX,D
14:03:46,ICBP,RG,7375,100,D,CC,RX,D
14:03:46,ICBP,RG,7375,10,D,SQ,RX,D
14:03:46,ICBP,RG,7375,1,D,CC,RX,D
14:03:46,ICBP,RG,7375,1,D,XC,RX,D
14:03:46,ICBP,RG,7375,1,D,YP,RX,D
14:03:46,ICBP,RG,7375,1,D,YP,RX,D
14:03:46,ICBP,RG,7375,1,D,YP,RX,D
14:03:46,ICBP,RG,7375,2,D,YP,RX,D
14:03:46,ICBP,RG,7375,6,D,YP,RX,D
14:03:46,ICBP,RG,7375,3,D,YP,RX,D
14:03:46,ICBP,RG,7375,5,D,YP,RX,D
14:03:46,ICBP,RG,7375,1,D,YP,RX,D
14:03:46,ICBP,RG,7375,1,D,YP,RX,D
14:03:46,ICBP,RG,7375,100,D,PD,RX,D
14:03:46,ICBP,RG,7375,50,D,CC,RX,D
14:03:46,ICBP,RG,7375,1,D,CC,RX,D
14:03:46,ICBP,RG,7375,2,D,XL,RX,D
14:03:46,ICBP,RG,7375,2,D,XC,RX,D
14:03:46,ICBP,RG,7375,1,D,CC,RX,D
14:03:46,ICBP,RG,7375,1,D,KK,RX,D
14:03:46,ICBP,RG,7375,1,D,XC,RX,D
14:03:46,ICBP,RG,7375,1,D,XC,RX,D
14:03:46,ICBP,RG,7375,2,D,XC,RX,D
14:03:46,ICBP,RG,7375,2,D,XC,RX,D
14:03:46,ICBP,RG,7375,15,D,XC,RX,D
14:03:46,ICBP,RG,7375,5,D,XC,RX,D
14:03:46,ICBP,RG,7375,5,D,GR,RX,D
14:03:46,ICBP,RG,7375,1,D,PD,RX,D
14:03:46,ICBP,RG,7375,1,D,CC,RX,D
14:03:46,ICBP,RG,7375,2,D,SQ,RX,D
14:03:46,ICBP,RG,7375,1,D,PD,RX,D
14:03:46,ICBP,RG,7375,9,D,PD,RX,D
14:03:46,ICBP,RG,7375,1,D,PD,RX,D
14:03:46,ICBP,RG,7375,5,D,PD,RX,D
14:03:46,ICBP,RG,7375,2,D,KK,RX,D
14:03:46,ICBP,RG,7375,1,D,PD,RX,D
14:03:46,ICBP,RG,7375,1,D,PD,RX,D
14:03:46,ICBP,RG,7375,1,D,PD,RX,D
14:03:46,ICBP,RG,7375,1,D,PD,RX,D
14:03:46,ICBP,RG,7375,10,D,KK,RX,D
14:03:46,ICBP,RG,7375,75,D,BQ,RX,D
14:03:46,ICBP,RG,7375,2,D,PD,RX,D
14:03:46,ICBP,RG,7375,12,D,PD,RX,D
14:03:46,ICBP,RG,7375,1,D,PD,RX,D
14:03:46,ICBP,RG,7375,1,D,PD,RX,D
14:03:46,ICBP,RG,7375,16,D,PD,RX,D
14:03:46,ICBP,RG,7375,2,D,PD,RX,D
14:03:46,ICBP,RG,7375,5,D,PD,RX,D
14:03:46,ICBP,RG,7375,1,D,PD,RX,D
14:03:46,ICBP,RG,7375,3,D,PD,RX,D
14:03:46,ICBP,RG,7375,5,D,SQ,RX,D
14:03:46,ICBP,RG,7375,1,D,GR,RX,D
14:03:46,ICBP,RG,7375,10,D,SQ,RX,D
14:03:46,ICBP,RG,7375,1,D,PD,RX,D
14:03:46,ICBP,RG,7375,2,D,GR,RX,D
14:03:46,ICBP,RG,7375,60,D,XA,RX,D
14:03:46,ICBP,RG,7375,5,D,HP,RX,D
14:03:46,ICBP,RG,7375,10,D,YU,RX,D
14:03:46,ICBP,RG,7375,1,D,RO,RX,D
14:03:46,ICBP,RG,7375,1,D,YP,RX,D
14:03:46,ICBP,RG,7375,1,D,PD,RX,D
14:03:46,ICBP,RG,7375,12,D,CC,RX,D
14:03:46,ICBP,RG,7375,5,D,YP,RX,D
14:03:46,ICBP,RG,7375,1,D,SQ,RX,D
14:03:46,ICBP,RG,7375,1,D,XC,RX,D
14:03:46,ICBP,RG,7375,38,D,XC,RX,D
14:03:46,ICBP,RG,7375,10,D,YP,RX,D
14:03:46,ICBP,RG,7375,5,D,YP,RX,D
14:03:46,ICBP,RG,7375,3,D,OD,RX,D
14:03:46,ICBP,RG,7375,1,D,YP,RX,D
14:03:46,ICBP,RG,7375,40,D,SQ,RX,D
14:03:46,ICBP,RG,7375,10,D,NI,RX,D
14:03:46,ICBP,RG,7375,10,D,XC,RX,D
14:03:46,ICBP,RG,7375,1,D,PD,RX,D
14:03:46,ICBP,RG,7375,1,D,PD,RX,D
14:03:46,ICBP,RG,7375,1,D,PD,RX,D
14:03:46,ICBP,RG,7375,2,D,GR,RX,D
14:03:46,ICBP,RG,7375,1,D,PD,RX,D
14:03:46,ICBP,RG,7375,5,D,YP,RX,D
14:03:46,ICBP,RG,7375,2,D,YP,RX,D
14:03:46,ICBP,RG,7375,10,D,OD,RX,D
14:03:46,ICBP,RG,7375,1,D,YP,RX,D
14:03:46,ICBP,RG,7375,1,D,KK,RX,D
14:03:46,ICBP,RG,7375,2,D,GR,RX,D
14:03:46,ICBP,RG,7375,1,D,PD,RX,D
14:03:46,ICBP,RG,7375,1,D,NI,RX,D
14:03:46,ICBP,RG,7375,1,D,XC,RX,D
14:03:46,ICBP,RG,7375,1,D,NI,RX,D
14:03:46,ICBP,RG,7375,1,D,XC,RX,D
14:03:46,ICBP,RG,7375,1000,D,CC,RX,D
14:03:46,ICBP,RG,7375,1,D,XC,RX,D
14:03:46,ICBP,RG,7375,1,D,XC,RX,D
14:03:46,ICBP,RG,7375,1,D,PD,RX,D
14:03:46,ICBP,RG,7375,2,D,PD,RX,D
14:03:46,ICBP,RG,7375,1,D,PD,RX,D
14:03:46,ICBP,RG,7375,3,D,CC,RX,D
14:03:46,ICBP,RG,7375,1,D,CC,RX,D
14:03:46,ICBP,RG,7375,6,D,PD,RX,D
14:03:46,ICBP,RG,7375,1,D,PD,RX,D
14:03:46,ICBP,RG,7375,1,D,SQ,RX,D
14:03:46,ICBP,RG,7375,5,D,CC,RX,D
14:03:46,ICBP,RG,7375,1,D,YP,RX,D
14:03:46,ICBP,RG,7375,3,D,PD,RX,D
14:03:46,ICBP,RG,7375,1,D,PD,RX,D
14:03:46,ICBP,RG,7375,5,D,PD,RX,D
14:03:46,ICBP,RG,7375,1,D,PD,RX,D
14:03:46,ICBP,RG,7375,2,D,XC,RX,D
14:03:46,ICBP,RG,7375,10,D,YP,RX,D
14:03:46,ICBP,RG,7375,38,D,PD,RX,D
14:03:43,ICBP,RG,7375,1,D,PD,XC,D
14:03:43,ICBP,RG,7400,2,D,PD,CC,D
14:03:42,ICBP,RG,7375,3,D,PD,XC,D
14:03:41,ICBP,RG,7400,25,D,CC,CC,D
14:03:41,ICBP,RG,7375,5,D,PD,ZP,F
14:03:40,ICBP,RG,7375,3,D,PD,BK,F
14:03:40,ICBP,RG,7375,1,D,XC,BK,F
14:03:40,ICBP,RG,7375,30,D,PD,BK,F
14:03:40,ICBP,RG,7375,4,D,NI,BK,F
14:03:40,ICBP,RG,7375,5,D,YU,BK,F
14:03:40,ICBP,RG,7375,1,D,DH,BK,F
14:03:40,ICBP,RG,7375,500,D,DR,BK,F
14:03:40,ICBP,RG,7375,1,D,XC,BK,F
14:03:40,ICBP,RG,7375,1,D,XC,BK,F
14:03:40,ICBP,RG,7375,1,D,PD,BK,F
14:03:40,ICBP,RG,7375,1,D,PD,BK,F
14:03:40,ICBP,RG,7375,70,D,SQ,BK,F
14:03:40,ICBP,RG,7375,3,D,PD,BK,F
14:03:40,ICBP,RG,7375,5,D,XC,BK,F
14:03:40,ICBP,RG,7375,2,D,PD,BK,F
14:03:40,ICBP,RG,7375,3,D,AZ,BK,F
14:03:40,ICBP,RG,7375,2,D,YP,BK,F
14:03:40,ICBP,RG,7375,1,D,KK,BK,F
14:03:40,ICBP,RG,7375,1,D,NI,BK,F
14:03:40,ICBP,RG,7375,1,D,PD,BK,F
14:03:40,ICBP,RG,7375,5,D,PD,BK,F
14:03:40,ICBP,RG,7375,5,D,EP,BK,F
14:03:40,ICBP,RG,7375,15,D,PD,BK,F
14:03:40,ICBP,RG,7375,1,D,XC,BK,F
14:03:40,ICBP,RG,7375,1,D,NI,BK,F
14:03:40,ICBP,RG,7375,3,D,PD,BK,F
14:03:40,ICBP,RG,7375,1,D,XC,BK,F
14:03:40,ICBP,RG,7375,1,D,YP,BK,F
14:03:40,ICBP,RG,7375,5,D,YP,BK,F
14:03:40,ICBP,RG,7375,2,D,YP,BK,F
14:03:40,ICBP,RG,7375,5,D,DH,BK,F
14:03:40,ICBP,RG,7375,1,D,DR,BK,F
14:03:40,ICBP,RG,7375,5,D,SQ,BK,F
14:03:40,ICBP,RG,7375,1,D,PD,BK,F
14:03:40,ICBP,RG,7375,10,D,OD,BK,F
14:03:40,ICBP,RG,7375,1,D,PD,BK,F
14:03:40,ICBP,RG,7375,1,D,PD,BK,F
14:03:40,ICBP,RG,7375,10,D,CC,BK,F
14:03:40,ICBP,RG,7375,1,D,YP,BK,F
14:03:40,ICBP,RG,7375,1,D,KK,BK,F
14:03:40,ICBP,RG,7375,5,D,GR,BK,F
14:03:40,ICBP,RG,7375,5,D,KK,BK,F
14:03:40,ICBP,RG,7375,5,D,SQ,BK,F
14:03:40,ICBP,RG,7375,10,D,YP,BK,F
14:03:40,ICBP,RG,7375,20,D,PD,BK,F
14:03:40,ICBP,RG,7375,1,D,YP,BK,F
14:03:40,ICBP,RG,7375,5,D,XC,BK,F
14:03:40,ICBP,RG,7375,1,D,KK,BK,F
14:03:40,ICBP,RG,7375,2,D,PD,BK,F
14:03:40,ICBP,RG,7375,3,D,NI,BK,F
14:03:40,ICBP,RG,7375,300,D,SQ,BK,F
14:03:40,ICBP,RG,7375,1,D,SQ,BK,F
14:03:40,ICBP,RG,7375,3,D,XC,BK,F
14:03:40,ICBP,RG,7375,300,D,GR,BK,F
14:03:40,ICBP,RG,7375,1,D,DH,BK,F
14:03:40,ICBP,RG,7375,1,D,YU,BK,F
14:03:40,ICBP,RG,7375,1,D,YP,BK,F
14:03:40,ICBP,RG,7375,1,D,KK,BK,F
14:03:40,ICBP,RG,7375,1,D,CC,BK,F
14:03:40,ICBP,RG,7375,1,D,YP,BK,F
14:03:40,ICBP,RG,7375,7,D,PD,BK,F
14:03:40,ICBP,RG,7375,1,D,XC,BK,F
14:03:40,ICBP,RG,7375,2,D,GR,BK,F
14:03:40,ICBP,RG,7375,1,D,XC,BK,F
14:03:40,ICBP,RG,7375,2,D,PD,BK,F
14:03:40,ICBP,RG,7375,10,D,NI,BK,F
14:03:40,ICBP,RG,7375,1,D,YP,BK,F
14:03:40,ICBP,RG,7375,17,D,EP,BK,F
14:03:40,ICBP,RG,7375,17,D,EP,BK,F
14:03:40,ICBP,RG,7375,5,D,PD,BK,F
14:03:40,ICBP,RG,7375,10,D,PD,BK,F
14:03:40,ICBP,RG,7375,20,D,CC,BK,F
14:03:40,ICBP,RG,7375,1,D,PD,BK,F
14:03:40,ICBP,RG,7375,20,D,LG,BK,F
14:03:40,ICBP,RG,7375,20,D,PD,BK,F
14:03:40,ICBP,RG,7375,3,D,NI,BK,F
14:03:40,ICBP,RG,7375,35,D,DR,BK,F
14:03:40,ICBP,RG,7375,1,D,GR,BK,F
14:03:40,ICBP,RG,7375,10,D,YP,BK,F
14:03:40,ICBP,RG,7375,1,D,DH,BK,F
14:03:40,ICBP,RG,7375,2,D,GR,BK,F
14:03:40,ICBP,RG,7375,3,D,CC,BK,F
14:03:40,ICBP,RG,7375,10,D,SQ,BK,F
14:03:40,ICBP,RG,7375,10,D,PD,BK,F
14:03:40,ICBP,RG,7375,1,D,XC,BK,F
14:03:40,ICBP,RG,7375,5,D,SQ,BK,F
14:03:40,ICBP,RG,7375,7,D,XL,BK,F
14:03:40,ICBP,RG,7375,100,D,NI,BK,F
14:03:40,ICBP,RG,7375,5,D,SQ,BK,F
14:03:40,ICBP,RG,7375,5,D,PD,BK,F
14:03:40,ICBP,RG,7375,2,D,PD,BK,F
14:03:40,ICBP,RG,7375,1,D,PD,BK,F
14:03:40,ICBP,RG,7375,1,D,YP,BK,F
14:03:40,ICBP,RG,7375,4,D,DH,BK,F
14:03:40,ICBP,RG,7375,11,D,PD,BK,F
14:03:40,ICBP,RG,7375,5,D,CC,BK,F
14:03:40,ICBP,RG,7375,1,D,PD,BK,F
14:03:40,ICBP,RG,7375,100,D,CC,BK,F
14:03:40,ICBP,RG,7375,2,D,GR,BK,F
14:03:40,ICBP,RG,7375,5,D,XL,BK,F
14:03:40,ICBP,RG,7375,1,D,PD,BK,F
14:03:40,ICBP,RG,7375,5,D,YP,BK,F
14:03:40,ICBP,RG,7375,1,D,PD,BK,F
14:03:40,ICBP,RG,7375,10,D,GR,BK,F
14:03:40,ICBP,RG,7375,2,D,XC,BK,F
14:03:40,ICBP,RG,7375,18,D,XL,BK,F
14:03:40,ICBP,RG,7375,5,D,GR,BK,F
14:03:40,ICBP,RG,7375,2,D,NI,BK,F
14:03:40,ICBP,RG,7375,5,D,YP,BK,F
14:03:40,ICBP,RG,7375,1,D,YP,BK,F
14:03:40,ICBP,RG,7375,2,D,GR,BK,F
14:03:40,ICBP,RG,7375,2,D,PD,BK,F
14:03:40,ICBP,RG,7375,2,D,PD,BK,F
14:03:40,ICBP,RG,7375,2,D,YP,BK,F
14:03:40,ICBP,RG,7375,1,D,CC,BK,F
14:03:40,ICBP,RG,7375,10,D,PD,BK,F
14:03:40,ICBP,RG,7375,2,D,YP,BK,F
14:03:40,ICBP,RG,7375,1,D,YP,BK,F
14:03:40,ICBP,RG,7375,1,D,YP,BK,F
14:03:40,ICBP,RG,7375,100,D,CC,BK,F
14:03:40,ICBP,RG,7375,10,D,SQ,BK,F
14:03:40,ICBP,RG,7375,50,D,EP,BK,F
14:03:40,ICBP,RG,7375,5,D,SQ,BK,F
14:03:40,ICBP,RG,7375,1,D,NI,BK,F
14:03:40,ICBP,RG,7375,10,D,YP,BK,F
14:03:40,ICBP,RG,7375,1,D,CC,BK,F
14:03:40,ICBP,RG,7375,1,D,PD,BK,F
14:03:40,ICBP,RG,7375,20,D,PD,BK,F
14:03:40,ICBP,RG,7375,13,D,PD,BK,F
14:03:40,ICBP,RG,7375,136,D,AZ,BK,F
14:03:40,ICBP,RG,7375,40,D,YP,BK,F
14:03:40,ICBP,RG,7375,2,D,XC,BK,F
14:03:40,ICBP,RG,7375,50,D,YP,BK,F
14:03:40,ICBP,RG,7375,5,D,YP,BK,F
14:03:40,ICBP,RG,7375,4,D,YP,BK,F
14:03:40,ICBP,RG,7375,2,D,GR,BK,F
14:03:40,ICBP,RG,7375,800,D,PD,BK,F
14:03:40,ICBP,RG,7375,1,D,SQ,BK,F
14:03:40,ICBP,RG,7375,10,D,PD,BK,F
14:03:40,ICBP,RG,7375,1,D,YP,BK,F
14:03:40,ICBP,RG,7375,100,D,DR,BK,F
14:03:40,ICBP,RG,7375,10,D,YP,BK,F
14:03:40,ICBP,RG,7375,2,D,PD,BK,F
14:03:40,ICBP,RG,7375,10,D,LS,BK,F
14:03:40,ICBP,RG,7375,5,D,SQ,BK,F
14:03:40,ICBP,RG,7375,30,D,YP,BK,F
14:03:40,ICBP,RG,7375,1,D,PD,BK,F
14:03:40,ICBP,RG,7375,1,D,NI,BK,F
14:03:40,ICBP,RG,7375,4,D,YP,BK,F
14:03:40,ICBP,RG,7375,1,D,YP,BK,F
14:03:40,ICBP,RG,7375,50,D,YP,BK,F
14:03:40,ICBP,RG,7375,100,D,YP,BK,F
14:03:40,ICBP,RG,7375,1,D,CC,BK,F
14:03:40,ICBP,RG,7375,1,D,YP,BK,F
14:03:40,ICBP,RG,7375,1,D,PD,BK,F
14:03:40,ICBP,RG,7375,3,D,LG,BK,F
14:03:40,ICBP,RG,7375,3,D,CC,BK,F
14:03:40,ICBP,RG,7375,3,D,AT,BK,F
14:03:40,ICBP,RG,7375,2,D,SQ,BK,F
14:03:40,ICBP,RG,7375,40,D,RF,BK,F
14:03:40,ICBP,RG,7375,5,D,PD,BK,F
14:03:40,ICBP,RG,7375,1,D,PD,BK,F
14:03:40,ICBP,RG,7375,1,D,YP,BK,F
14:03:40,ICBP,RG,7375,1,D,PD,BK,F
14:03:40,ICBP,RG,7375,1,D,EP,BK,F
14:03:40,ICBP,RG,7375,5,D,PD,BK,F
14:03:40,ICBP,RG,7375,10,D,PD,BK,F
14:03:40,ICBP,RG,7375,33,D,PD,BK,F
14:03:39,ICBP,RG,7400,25,D,AT,CC,D
14:03:39,ICBP,RG,7375,17,D,PD,YP,D
14:03:39,ICBP,RG,7375,2,D,GR,YP,D
14:03:39,ICBP,RG,7375,1,D,GR,YP,D
14:03:38,ICBP,RG,7400,119,F,YU,CC,D
14:03:38,ICBP,RG,7375,1,D,GR,PD,D
14:03:38,ICBP,RG,7375,2,D,AZ,PD,D
14:03:37,ICBP,RG,7400,13,D,CS,CC,D
14:03:37,ICBP,RG,7400,4,D,XC,CC,D
14:03:37,ICBP,RG,7400,1,D,PD,CC,D
14:03:37,ICBP,RG,7400,3,F,CS,CC,D
14:03:37,ICBP,RG,7400,29,D,YU,CC,D
14:03:37,ICBP,RG,7400,1,D,KK,CC,D
14:03:37,ICBP,RG,7400,2,D,XC,CC,D
14:03:37,ICBP,RG,7400,5,D,XA,CC,D
14:03:37,ICBP,RG,7400,25,D,PD,CC,D
14:03:37,ICBP,RG,7400,4,D,YP,CC,D
14:03:37,ICBP,RG,7400,48,D,EP,CC,D
14:03:37,ICBP,RG,7400,34,D,PD,CC,D
14:03:37,ICBP,RG,7400,15,D,LG,CC,D
14:03:37,ICBP,RG,7400,1,D,XL,CC,D
14:03:37,ICBP,RG,7400,2,D,XC,CC,D
14:03:37,ICBP,RG,7400,5,F,CS,CC,D
14:03:37,ICBP,RG,7400,1,D,PD,CC,D
14:03:37,ICBP,RG,7400,4,D,XC,CC,D
14:03:37,ICBP,RG,7400,5,D,YP,CC,D
14:03:37,ICBP,RG,7400,9,D,PD,CC,D
14:03:37,ICBP,RG,7400,3,D,YP,CC,D
14:03:37,ICBP,RG,7400,46,F,BK,CC,D
14:03:37,ICBP,RG,7400,2,D,SQ,CC,D
14:03:37,ICBP,RG,7400,5,D,DR,CC,D
14:03:37,ICBP,RG,7400,1,D,GR,CC,D
14:03:37,ICBP,RG,7400,20,D,KK,CC,D
14:03:37,ICBP,RG,7400,1,D,YP,CC,D
14:03:37,ICBP,RG,7400,1,D,NI,CC,D
14:03:37,ICBP,RG,7400,12,D,CC,CC,D
14:03:37,ICBP,RG,7400,10,D,NI,CC,D
14:03:37,ICBP,RG,7400,1,D,KK,CC,D
14:03:37,ICBP,RG,7400,5,D,YP,CC,D
14:03:37,ICBP,RG,7400,500,D,NI,CC,D
14:03:37,ICBP,RG,7400,14,D,CC,CC,D
14:03:37,ICBP,RG,7400,2,D,XC,CC,D
14:03:37,ICBP,RG,7400,4,D,XC,CC,D
14:03:37,ICBP,RG,7400,75,D,AZ,CC,D
14:03:37,ICBP,RG,7400,1,D,XC,CC,D
14:03:37,ICBP,RG,7400,16,D,CS,CC,D
14:03:37,ICBP,RG,7400,5,D,GR,CC,D
14:03:37,ICBP,RG,7400,1,D,CC,CC,D
14:03:37,ICBP,RG,7400,5,D,AZ,CC,D
14:03:37,ICBP,RG,7400,1,D,XC,CC,D
14:03:37,ICBP,RG,7400,3,D,CC,CC,D
14:03:37,ICBP,RG,7400,1,D,PD,CC,D
14:03:37,ICBP,RG,7400,20,D,YP,CC,D
14:03:37,ICBP,RG,7400,1,D,PD,CC,D
14:03:37,ICBP,RG,7400,1,D,PD,CC,D
14:03:37,ICBP,RG,7400,1,D,XC,CC,D
14:03:37,ICBP,RG,7400,2,F,CS,CC,D
14:03:37,ICBP,RG,7400,2,D,CC,CC,D
14:03:37,ICBP,RG,7400,3,D,EP,CC,D
14:03:37,ICBP,RG,7400,10,D,CC,CC,D
14:03:37,ICBP,RG,7400,4,D,AO,CC,D
14:03:37,ICBP,RG,7400,1,D,GR,CC,D
14:03:37,ICBP,RG,7400,2,D,DH,CC,D
14:03:37,ICBP,RG,7400,1,D,XC,CC,D
14:03:37,ICBP,RG,7400,5,D,CS,CC,D
14:03:37,ICBP,RG,7400,1,D,PD,CC,D
14:03:37,ICBP,RG,7400,3,D,XC,CC,D
14:03:37,ICBP,RG,7400,1,D,XC,CC,D
14:03:37,ICBP,RG,7400,8,F,ZP,CC,D
14:03:37,ICBP,RG,7400,2,D,CC,CC,D
14:03:37,ICBP,RG,7400,1,D,XC,CC,D
14:03:37,ICBP,RG,7400,5,F,CS,CC,D
14:03:37,ICBP,RG,7400,43,D,YU,CC,D
14:03:37,ICBP,RG,7400,2,D,XC,CC,D
14:03:37,ICBP,RG,7400,1,D,XC,CC,D
14:03:37,ICBP,RG,7400,1,D,YP,CC,D
14:03:37,ICBP,RG,7400,4,D,PD,CC,D
14:03:37,ICBP,RG,7400,11,D,CS,CC,D
14:03:37,ICBP,RG,7400,2,D,DH,CC,D
14:03:37,ICBP,RG,7400,2,D,PD,CC,D
14:03:37,ICBP,RG,7400,434,F,YU,CC,D
14:03:37,ICBP,RG,7400,2,D,XL,CC,D
14:03:37,ICBP,RG,7400,2,D,PD,CC,D
14:03:37,ICBP,RG,7400,20,D,EP,CC,D
14:03:37,ICBP,RG,7400,1,D,YP,CC,D
14:03:37,ICBP,RG,7400,1,D,PD,CC,D
14:03:37,ICBP,RG,7400,33,D,PD,CC,D
14:03:37,ICBP,RG,7400,34,D,YU,CC,D
14:03:37,ICBP,RG,7400,1,D,PD,CC,D
14:03:37,ICBP,RG,7400,4,D,DH,CC,D
14:03:37,ICBP,RG,7400,2,D,XC,CC,D
14:03:37,ICBP,RG,7400,1,D,CC,CC,D
14:03:37,ICBP,RG,7400,5,D,SQ,CC,D
14:03:37,ICBP,RG,7400,1,D,PD,CC,D
14:03:37,ICBP,RG,7400,1,D,YP,CC,D
14:03:37,ICBP,RG,7400,1,D,DR,CC,D
14:03:37,ICBP,RG,7400,100,D,YP,CC,D
14:03:37,ICBP,RG,7400,5,D,XC,CC,D
14:03:37,ICBP,RG,7400,1,D,DR,CC,D
14:03:37,ICBP,RG,7400,20,D,YP,CC,D
14:03:37,ICBP,RG,7400,1,D,YP,CC,D
14:03:37,ICBP,RG,7400,10,D,YP,CC,D
14:03:37,ICBP,RG,7400,1,D,XC,CC,D
14:03:37,ICBP,RG,7400,2,D,AT,CC,D
14:03:37,ICBP,RG,7400,1,D,XC,CC,D
14:03:37,ICBP,RG,7400,4,F,CS,CC,D
14:03:37,ICBP,RG,7400,20,F,ZP,CC,D
14:03:37,ICBP,RG,7400,9,F,ZP,CC,D
14:03:37,ICBP,RG,7400,4,D,YP,CC,D
14:03:37,ICBP,RG,7400,28,D,CC,CC,D
14:03:37,ICBP,RG,7400,13,D,CS,CC,D
14:03:37,ICBP,RG,7400,39,F,BK,CC,D
14:03:37,ICBP,RG,7400,50,D,OD,CC,D
14:03:37,ICBP,RG,7400,2,D,XC,CC,D
14:03:37,ICBP,RG,7400,5,D,YP,CC,D
14:03:37,ICBP,RG,7400,500,D,RF,CC,D
14:03:37,ICBP,RG,7400,30,D,SQ,CC,D
14:03:37,ICBP,RG,7400,100,D,PD,CC,D
14:03:37,ICBP,RG,7400,1,D,CC,CC,D
14:03:37,ICBP,RG,7400,7,D,XL,CC,D
14:03:37,ICBP,RG,7400,1,D,PD,CC,D
14:03:37,ICBP,RG,7400,1,D,XC,CC,D
14:03:37,ICBP,RG,7400,3,D,NI,CC,D
14:03:37,ICBP,RG,7400,1,D,PD,CC,D
14:03:37,ICBP,RG,7400,7,D,CC,CC,D
14:03:37,ICBP,RG,7400,15,D,YP,CC,D
14:03:37,ICBP,RG,7400,10,D,EP,CC,D
14:03:37,ICBP,RG,7400,1,D,PD,CC,D
14:03:37,ICBP,RG,7400,1,D,PD,CC,D
14:03:37,ICBP,RG,7400,2,D,XC,CC,D
14:03:37,ICBP,RG,7400,5,D,XC,CC,D
14:03:37,ICBP,RG,7400,2,D,YP,CC,D
14:03:37,ICBP,RG,7400,2,D,DH,CC,D
14:03:37,ICBP,RG,7400,1,D,PD,CC,D
14:03:37,ICBP,RG,7400,2,D,EP,CC,D
14:03:37,ICBP,RG,7400,6,D,DH,CC,D
14:03:37,ICBP,RG,7400,35,D,YP,CC,D
14:03:37,ICBP,RG,7400,3,D,KK,CC,D
14:03:37,ICBP,RG,7400,12,F,ZP,CC,D
14:03:37,ICBP,RG,7400,2,D,CC,CC,D
14:03:37,ICBP,RG,7400,5,D,CC,CC,D
14:03:37,ICBP,RG,7400,1,D,HP,CC,D
14:03:37,ICBP,RG,7400,1,D,YP,CC,D
14:03:37,ICBP,RG,7400,1,D,XC,CC,D
14:03:37,ICBP,RG,7400,20,D,KK,CC,D
14:03:37,ICBP,RG,7400,70,D,AZ,CC,D
14:03:37,ICBP,RG,7400,1,D,OD,CC,D
14:03:37,ICBP,RG,7400,26,F,ZP,CC,D
14:03:37,ICBP,RG,7400,185,F,ZP,CC,D
14:03:37,ICBP,RG,7400,1000,D,CC,CC,D
14:03:37,ICBP,RG,7400,1,D,PD,CC,D
14:03:37,ICBP,RG,7400,1,D,PD,CC,D
14:03:37,ICBP,RG,7400,1,D,PD,CC,D
14:03:37,ICBP,RG,7400,55,D,SQ,CC,D
14:03:37,ICBP,RG,7400,10,D,PD,CC,D
14:03:37,ICBP,RG,7400,1,D,PD,CC,D
14:03:37,ICBP,RG,7400,1,D,CC,CC,D
14:03:37,ICBP,RG,7400,1,D,DH,CC,D
14:03:37,ICBP,RG,7400,1,D,YP,CC,D
14:03:37,ICBP,RG,7400,1,D,YP,CC,D
14:03:37,ICBP,RG,7400,2,D,TP,CC,D
14:03:37,ICBP,RG,7400,10,D,SQ,CC,D
14:03:37,ICBP,RG,7400,1,D,PD,CC,D
14:03:37,ICBP,RG,7400,2,D,NI,CC,D
14:03:37,ICBP,RG,7400,39,F,BK,CC,D
14:03:37,ICBP,RG,7400,1,D,BQ,CC,D
14:03:37,ICBP,RG,7400,1,D,CC,CC,D
14:03:37,ICBP,RG,7400,10,D,ZP,CC,D
14:03:37,ICBP,RG,7400,2,D,KK,CC,D
14:03:37,ICBP,RG,7400,2,D,PD,CC,D
14:03:37,ICBP,RG,7400,1,D,XC,CC,D
14:03:37,ICBP,RG,7400,1,D,XC,CC,D
14:03:37,ICBP,RG,7400,5,D,YP,CC,D
14:03:37,ICBP,RG,7400,4,D,NI,CC,D
14:03:37,ICBP,RG,7400,1,D,KK,CC,D
14:03:37,ICBP,RG,7400,1,D,PD,CC,D
14:03:37,ICBP,RG,7400,1,D,XC,CC,D
14:03:37,ICBP,RG,7400,1,D,YP,CC,D
14:03:37,ICBP,RG,7400,3,D,XC,CC,D
14:03:37,ICBP,RG,7400,1,D,NI,CC,D
14:03:37,ICBP,RG,7400,1,D,PD,CC,D
14:03:37,ICBP,RG,7400,9,D,PD,CC,D
14:03:37,ICBP,RG,7400,2,F,CS,CC,D
14:03:37,ICBP,RG,7400,1,D,YP,CC,D
14:03:37,ICBP,RG,7400,2,D,XC,CC,D
14:03:37,ICBP,RG,7400,1,D,PD,CC,D
14:03:37,ICBP,RG,7400,1,D,KK,CC,D
14:03:37,ICBP,RG,7400,5,D,DX,CC,D
14:03:37,ICBP,RG,7400,5,D,XC,CC,D
14:03:37,ICBP,RG,7400,10,D,NI,CC,D
14:03:37,ICBP,RG,7400,4,D,XC,CC,D
14:03:37,ICBP,RG,7400,10,D,PD,CC,D
14:03:37,ICBP,RG,7400,5,D,DR,CC,D
14:03:37,ICBP,RG,7400,1,D,XC,CC,D
14:03:37,ICBP,RG,7400,202,D,YP,CC,D
14:03:37,ICBP,RG,7400,1,D,YP,CC,D
14:03:37,ICBP,RG,7400,25,D,YU,CC,D
14:03:37,ICBP,RG,7400,3,D,NI,CC,D
14:03:37,ICBP,RG,7400,20,D,NI,CC,D
14:03:37,ICBP,RG,7400,1,D,KK,CC,D
14:03:37,ICBP,RG,7400,2,D,OD,CC,D
14:03:37,ICBP,RG,7400,1,D,XC,CC,D
14:03:37,ICBP,RG,7400,1,D,NI,CC,D
14:03:37,ICBP,RG,7400,20,D,XA,CC,D
14:03:37,ICBP,RG,7400,2,D,XC,CC,D
14:03:37,ICBP,RG,7400,20,D,LG,CC,D
14:03:37,ICBP,RG,7400,3,D,PD,CC,D
14:03:37,ICBP,RG,7400,33,F,BK,CC,D
14:03:37,ICBP,RG,7400,1,D,XC,CC,D
14:03:37,ICBP,RG,7400,2,D,CC,CC,D
14:03:37,ICBP,RG,7400,1,D,YP,CC,D
14:03:37,ICBP,RG,7400,1,D,PD,CC,D
14:03:37,ICBP,RG,7400,9,D,CC,CC,D
14:03:37,ICBP,RG,7400,3,D,KK,CC,D
14:03:37,ICBP,RG,7400,6,D,PD,CC,D
14:03:37,ICBP,RG,7400,100,D,CC,CC,D
14:03:37,ICBP,RG,7400,2,D,XC,CC,D
14:03:37,ICBP,RG,7400,1,D,EP,CC,D
14:03:37,ICBP,RG,7400,4,D,AG,CC,D
14:03:37,ICBP,RG,7400,1,D,KK,CC,D
14:03:37,ICBP,RG,7400,6,D,XC,CC,D
14:03:37,ICBP,RG,7400,2,D,PD,CC,D
14:03:37,ICBP,RG,7400,24,D,YU,CC,D
14:03:37,ICBP,RG,7400,1000,D,CC,CC,D
14:03:37,ICBP,RG,7400,10,D,EP,CC,D
14:03:37,ICBP,RG,7400,20,D,NI,CC,D
14:03:37,ICBP,RG,7400,2,D,PD,CC,D
14:03:37,ICBP,RG,7400,1,D,XL,CC,D
14:03:37,ICBP,RG,7400,2,D,OD,CC,D
14:03:37,ICBP,RG,7400,15,D,OD,CC,D
14:03:37,ICBP,RG,7400,13,D,SQ,CC,D
14:03:37,ICBP,RG,7400,1,D,YP,CC,D
14:03:37,ICBP,RG,7400,5,D,NI,CC,D
14:03:37,ICBP,RG,7400,133,D,PD,CC,D
14:03:37,ICBP,RG,7400,15,D,OD,CC,D
14:03:37,ICBP,RG,7400,5,D,YP,CC,D
14:03:37,ICBP,RG,7400,2,D,YP,CC,D
14:03:37,ICBP,RG,7400,1,D,YP,CC,D
14:03:37,ICBP,RG,7400,2,D,YP,CC,D
14:03:37,ICBP,RG,7400,1,D,YP,CC,D
14:03:37,ICBP,RG,7400,20,D,YP,CC,D
14:03:37,ICBP,RG,7400,1,D,YP,CC,D
14:03:37,ICBP,RG,7400,1,D,YP,CC,D
14:03:37,ICBP,RG,7400,5,D,YP,CC,D
14:03:37,ICBP,RG,7400,5,D,YP,CC,D
14:03:37,ICBP,RG,7400,2,D,YP,CC,D
14:03:37,ICBP,RG,7400,1,D,YP,CC,D
14:03:37,ICBP,RG,7400,1,D,YP,CC,D
14:03:37,ICBP,RG,7400,6,F,YP,CC,D
14:03:37,ICBP,RG,7400,1,D,YP,CC,D
14:03:37,ICBP,RG,7400,1,D,YP,CC,D
14:03:37,ICBP,RG,7400,4,D,YP,CC,D
14:03:37,ICBP,RG,7400,1,D,YP,CC,D
14:03:37,ICBP,RG,7400,1,D,NI,CC,D
14:03:37,ICBP,RG,7400,1,D,YP,CC,D
14:03:37,ICBP,RG,7400,50,D,NI,CC,D
14:03:37,ICBP,RG,7400,10,D,YP,CC,D
14:03:37,ICBP,RG,7400,2,D,YP,CC,D
14:03:37,ICBP,RG,7400,3,D,YP,CC,D
14:03:37,ICBP,RG,7400,1,D,YP,CC,D
14:03:37,ICBP,RG,7400,2163,D,YP,CC,D
14:03:37,ICBP,RG,7400,10,D,CC,CC,D
14:03:37,ICBP,RG,7400,1,D,YP,CC,D
14:03:37,ICBP,RG,7400,5,D,CC,CC,D
14:03:37,ICBP,RG,7400,1,D,CC,CC,D
14:03:37,ICBP,RG,7400,2,D,XL,CC,D
14:03:37,ICBP,RG,7400,5,D,CC,CC,D
14:03:37,ICBP,RG,7400,1,D,XL,CC,D
14:03:37,ICBP,RG,7400,10,D,XL,CC,D
14:03:37,ICBP,RG,7400,2,D,XL,CC,D
14:03:37,ICBP,RG,7400,5,D,CC,CC,D
14:03:37,ICBP,RG,7400,34,F,BK,CC,D
14:03:37,ICBP,RG,7400,1,D,PD,CC,D
14:03:37,ICBP,RG,7400,1,D,XC,CC,D
14:03:37,ICBP,RG,7400,1,D,XL,CC,D
14:03:37,ICBP,RG,7400,3,D,XC,CC,D
14:03:37,ICBP,RG,7400,1,D,XC,CC,D
14:03:37,ICBP,RG,7400,20,D,XC,CC,D
14:03:37,ICBP,RG,7400,1,D,XC,CC,D
14:03:37,ICBP,RG,7400,2,D,PD,CC,D
14:03:37,ICBP,RG,7400,1,D,XC,CC,D
14:03:37,ICBP,RG,7400,3,D,CC,CC,D
14:03:37,ICBP,RG,7400,3,D,XC,CC,D
14:03:37,ICBP,RG,7400,5,D,CC,CC,D
14:03:37,ICBP,RG,7400,1,D,KK,CC,D
14:03:37,ICBP,RG,7400,2,D,KK,CC,D
14:03:37,ICBP,RG,7400,100,D,KK,CC,D
14:03:37,ICBP,RG,7400,1,D,KK,CC,D
14:03:37,ICBP,RG,7400,17,D,XC,CC,D
14:03:37,ICBP,RG,7400,3,D,CC,CC,D
14:03:37,ICBP,RG,7400,1,D,CC,CC,D
14:03:37,ICBP,RG,7400,1,D,XC,CC,D
14:03:37,ICBP,RG,7400,2,D,XC,CC,D
14:03:37,ICBP,RG,7400,1,D,XC,CC,D
14:03:37,ICBP,RG,7400,2,D,XC,CC,D
14:03:37,ICBP,RG,7400,1,D,XC,CC,D
14:03:37,ICBP,RG,7400,1,D,XC,CC,D
14:03:37,ICBP,RG,7400,1,D,XC,CC,D
14:03:37,ICBP,RG,7400,1,D,XC,CC,D
14:03:37,ICBP,RG,7400,1,D,XC,CC,D
14:03:37,ICBP,RG,7400,2,D,XL,CC,D
14:03:37,ICBP,RG,7400,14,D,XL,CC,D
14:03:37,ICBP,RG,7400,4,D,XC,CC,D
14:03:37,ICBP,RG,7400,1,D,XC,CC,D
14:03:37,ICBP,RG,7400,1,D,XC,CC,D
14:03:37,ICBP,RG,7400,1,D,XC,CC,D
14:03:37,ICBP,RG,7400,2,D,XC,CC,D
14:03:37,ICBP,RG,7400,1,D,XC,CC,D
14:03:37,ICBP,RG,7400,5,D,XC,CC,D
14:03:37,ICBP,RG,7400,3,D,XC,CC,D
14:03:37,ICBP,RG,7400,2,D,XC,CC,D
14:03:37,ICBP,RG,7400,5,D,XC,CC,D
14:03:37,ICBP,RG,7400,1,D,XC,CC,D
14:03:37,ICBP,RG,7400,54,D,PD,CC,D
14:03:37,ICBP,RG,7400,1,D,PD,CC,D
14:03:37,ICBP,RG,7400,1,D,PD,CC,D
14:03:37,ICBP,RG,7400,1,D,CC,CC,D
14:03:37,ICBP,RG,7400,2,D,KK,CC,D
14:03:37,ICBP,RG,7400,3,D,CC,CC,D
14:03:37,ICBP,RG,7400,1,D,AT,CC,D
14:03:37,ICBP,RG,7400,3,D,KK,CC,D
14:03:37,ICBP,RG,7400,4,D,PD,CC,D
14:03:37,ICBP,RG,7400,2,D,PD,CC,D
14:03:37,ICBP,RG,7400,35,D,SQ,CC,D
14:03:37,ICBP,RG,7400,5,D,SQ,CC,D
14:03:37,ICBP,RG,7400,1,D,PD,CC,D
14:03:37,ICBP,RG,7400,3,D,PD,CC,D
14:03:37,ICBP,RG,7400,4500,D,EP,CC,D
14:03:37,ICBP,RG,7400,1,D,PD,CC,D
14:03:37,ICBP,RG,7400,1,D,PD,CC,D
14:03:37,ICBP,RG,7400,1,D,PD,CC,D
14:03:37,ICBP,RG,7400,3,D,PD,CC,D
14:03:37,ICBP,RG,7400,4,D,HP,CC,D
14:03:37,ICBP,RG,7400,5,D,HP,CC,D
14:03:37,ICBP,RG,7400,1,D,PD,CC,D
14:03:37,ICBP,RG,7400,16,D,KK,CC,D
14:03:37,ICBP,RG,7400,1,D,DH,CC,D
14:03:37,ICBP,RG,7400,1,D,SQ,CC,D
14:03:37,ICBP,RG,7400,2,D,PD,CC,D
14:03:37,ICBP,RG,7400,14,D,PD,CC,D
14:03:37,ICBP,RG,7400,1,D,KK,CC,D
14:03:37,ICBP,RG,7400,1,D,PD,CC,D
14:03:37,ICBP,RG,7400,5,D,KK,CC,D
14:03:37,ICBP,RG,7400,5,D,KK,CC,D
14:03:37,ICBP,RG,7400,1,D,KK,CC,D
14:03:37,ICBP,RG,7400,2,D,AZ,CC,D
14:03:37,ICBP,RG,7400,1,D,PD,CC,D
14:03:37,ICBP,RG,7400,2,D,PD,CC,D
14:03:37,ICBP,RG,7400,3,D,PD,CC,D
14:03:37,ICBP,RG,7400,1,D,KK,CC,D
14:03:37,ICBP,RG,7400,1,D,PD,CC,D
14:03:37,ICBP,RG,7400,5,D,PD,CC,D
14:03:37,ICBP,RG,7400,5,D,PD,CC,D
14:03:37,ICBP,RG,7400,1,D,KK,CC,D
14:03:37,ICBP,RG,7400,2,D,CC,CC,D
14:03:37,ICBP,RG,7400,14,D,DR,CC,D
14:03:37,ICBP,RG,7400,2,D,KK,CC,D
14:03:37,ICBP,RG,7400,2,D,PD,CC,D
14:03:37,ICBP,RG,7400,3,D,KK,CC,D
14:03:37,ICBP,RG,7400,100,D,GR,CC,D
14:03:37,ICBP,RG,7400,7,D,KK,CC,D
14:03:37,ICBP,RG,7400,5,D,PD,CC,D
14:03:37,ICBP,RG,7400,2,D,PD,CC,D
14:03:37,ICBP,RG,7400,1,D,PD,CC,D
14:03:37,ICBP,RG,7400,5,D,PD,CC,D
14:03:37,ICBP,RG,7400,1,D,PD,CC,D
14:03:37,ICBP,RG,7400,1,D,PD,CC,D
14:03:37,ICBP,RG,7400,1,D,DH,CC,D
14:03:37,ICBP,RG,7400,1,D,ZP,CC,D
14:03:37,ICBP,RG,7400,1,D,DH,CC,D
14:03:37,ICBP,RG,7400,1,D,DH,CC,D
14:03:37,ICBP,RG,7400,2,D,DH,CC,D
14:03:37,ICBP,RG,7400,1,D,DH,CC,D
14:03:37,ICBP,RG,7400,2,D,ZP,CC,D
14:03:37,ICBP,RG,7400,5,D,GR,CC,D
14:03:37,ICBP,RG,7400,2,D,AT,CC,D
14:03:37,ICBP,RG,7400,1,D,HP,CC,D
14:03:37,ICBP,RG,7400,1,D,EP,CC,D
14:03:37,ICBP,RG,7400,2,D,PD,CC,D
14:03:37,ICBP,RG,7400,2,D,TP,CC,D
14:03:37,ICBP,RG,7400,10,D,PD,CC,D
14:03:37,ICBP,RG,7400,10,D,ZP,CC,D
14:03:37,ICBP,RG,7400,50,D,PD,CC,D
14:03:37,ICBP,RG,7400,2,D,PD,CC,D
14:03:37,ICBP,RG,7400,1,D,IF,CC,D
14:03:37,ICBP,RG,7400,20,D,EP,CC,D
14:03:37,ICBP,RG,7400,3,D,CS,CC,D
14:03:37,ICBP,RG,7400,8,D,GR,CC,D
14:03:37,ICBP,RG,7400,35,D,PD,CC,D
14:03:37,ICBP,RG,7400,10,D,YP,CC,D
14:03:37,ICBP,RG,7400,1,D,XC,CC,D
14:03:37,ICBP,RG,7400,1,D,PD,CC,D
14:03:37,ICBP,RG,7400,25,D,YP,CC,D
14:03:37,ICBP,RG,7400,10,D,XC,CC,D
14:03:37,ICBP,RG,7400,1,D,PD,CC,D
14:03:37,ICBP,RG,7400,100,D,XC,CC,D
14:03:37,ICBP,RG,7400,1,D,XC,CC,D
14:03:37,ICBP,RG,7400,2,D,XC,CC,D
14:03:37,ICBP,RG,7400,1,D,PD,CC,D
14:03:37,ICBP,RG,7400,1,D,XL,CC,D
14:03:37,ICBP,RG,7400,1,D,XC,CC,D
14:03:37,ICBP,RG,7400,5,D,NI,CC,D
14:03:37,ICBP,RG,7400,5,D,NI,CC,D
14:03:37,ICBP,RG,7400,1,D,AI,CC,D
14:03:37,ICBP,RG,7400,1,D,DX,CC,D
14:03:37,ICBP,RG,7400,1,D,DH,CC,D
14:03:37,ICBP,RG,7400,1,D,EP,CC,D
14:03:37,ICBP,RG,7400,2,D,CC,CC,D
14:03:37,ICBP,RG,7400,1,D,YP,CC,D
14:03:37,ICBP,RG,7400,1,D,PD,CC,D
14:03:37,ICBP,RG,7400,2,D,YP,CC,D
14:03:37,ICBP,RG,7400,1,D,CC,CC,D
14:03:37,ICBP,RG,7400,2,D,PD,CC,D
14:03:37,ICBP,RG,7400,10,D,NI,CC,D
14:03:37,ICBP,RG,7400,2,D,PD,CC,D
14:03:37,ICBP,RG,7400,1,D,XC,CC,D
14:03:37,ICBP,RG,7400,5,D,YP,CC,D
14:03:37,ICBP,RG,7400,3,D,NI,CC,D
14:03:37,ICBP,RG,7400,2,D,DR,CC,D
14:03:37,ICBP,RG,7400,2,D,XL,CC,D
14:03:37,ICBP,RG,7400,10,D,SQ,CC,D
14:03:37,ICBP,RG,7400,5,D,PD,CC,D
14:03:37,ICBP,RG,7400,5,D,PD,CC,D
14:03:37,ICBP,RG,7400,5,D,NI,CC,D
14:03:37,ICBP,RG,7400,1,D,KK,CC,D
14:03:37,ICBP,RG,7400,1,D,PD,CC,D
14:03:37,ICBP,RG,7400,2,D,CC,CC,D
14:03:37,ICBP,RG,7400,9,D,EP,CC,D
14:03:37,ICBP,RG,7400,16,D,NI,CC,D
14:03:37,ICBP,RG,7400,10,D,NI,CC,D
14:03:37,ICBP,RG,7400,1,D,YP,CC,D
14:03:37,ICBP,RG,7400,1,D,PD,CC,D
14:03:37,ICBP,RG,7400,2,D,GR,CC,D
14:03:37,ICBP,RG,7400,31,D,DR,CC,D
14:03:37,ICBP,RG,7400,1,D,XC,CC,D
14:03:37,ICBP,RG,7400,20,D,NI,CC,D
14:03:37,ICBP,RG,7400,4,D,YU,CC,D
14:03:37,ICBP,RG,7400,2,D,YP,CC,D
14:03:37,ICBP,RG,7400,1,D,XC,CC,D
14:03:37,ICBP,RG,7400,2,D,DH,CC,D
14:03:37,ICBP,RG,7400,3,D,SQ,CC,D
14:03:37,ICBP,RG,7400,10,D,KK,CC,D
14:03:37,ICBP,RG,7400,5,D,YU,CC,D
14:03:37,ICBP,RG,7400,5,D,PD,CC,D
14:03:37,ICBP,RG,7400,1,D,XC,CC,D
14:03:37,ICBP,RG,7400,2,D,NI,CC,D
14:03:37,ICBP,RG,7400,10,D,XC,CC,D
14:03:37,ICBP,RG,7400,3,D,XC,CC,D
14:03:37,ICBP,RG,7400,10,D,YP,CC,D
14:03:37,ICBP,RG,7400,2,D,KK,CC,D
14:03:37,ICBP,RG,7400,4,D,XC,CC,D
14:03:37,ICBP,RG,7400,1,D,NI,CC,D
14:03:37,ICBP,RG,7400,5,D,PD,CC,D
14:03:37,ICBP,RG,7400,1,D,PD,CC,D
14:03:37,ICBP,RG,7400,1,D,YP,CC,D
14:03:37,ICBP,RG,7400,50,D,NI,CC,D
14:03:37,ICBP,RG,7400,2,D,AZ,CC,D
14:03:37,ICBP,RG,7400,7,D,CC,CC,D
14:03:37,ICBP,RG,7400,6,D,YP,CC,D
14:03:37,ICBP,RG,7400,1,D,DR,CC,D
14:03:37,ICBP,RG,7400,5,D,PD,CC,D
14:03:37,ICBP,RG,7400,2,D,PD,CC,D
14:03:37,ICBP,RG,7400,1,D,PD,CC,D
14:03:37,ICBP,RG,7400,200,D,CC,CC,D
14:03:37,ICBP,RG,7400,2,D,NI,CC,D
14:03:37,ICBP,RG,7400,50,D,YP,CC,D
14:03:37,ICBP,RG,7400,1,D,DR,CC,D
14:03:37,ICBP,RG,7400,2,D,YP,CC,D
14:03:37,ICBP,RG,7400,118,D,CC,CC,D
14:03:37,ICBP,RG,7400,1,D,OD,CC,D
14:03:37,ICBP,RG,7400,10,D,XC,CC,D
14:03:37,ICBP,RG,7400,700,D,CC,CC,D
14:03:37,ICBP,RG,7400,5,D,NI,CC,D
14:03:37,ICBP,RG,7400,10,D,YP,CC,D
14:03:37,ICBP,RG,7400,1,D,SQ,CC,D
14:03:37,ICBP,RG,7400,1,D,PD,CC,D
14:03:37,ICBP,RG,7400,1,D,NI,CC,D
14:03:37,ICBP,RG,7400,10,D,NI,CC,D
14:03:37,ICBP,RG,7400,20,D,NI,CC,D
14:03:37,ICBP,RG,7400,30,D,SQ,CC,D
14:03:37,ICBP,RG,7400,1,D,CC,CC,D
14:03:37,ICBP,RG,7400,1,D,YP,CC,D
14:03:35,ICBP,RG,7425,34,D,CC,CS,F
14:03:33,ICBP,RG,7425,4,F,YU,CS,F
14:03:33,ICBP,RG,7425,98,D,PD,CS,F
14:03:33,ICBP,RG,7425,5,D,PD,ZP,F
14:03:33,ICBP,RG,7425,72,D,PD,CC,D
14:03:32,ICBP,RG,7400,20,D,CC,ZP,F
14:03:24,ICBP,RG,7425,10,D,CC,CC,D
14:03:13,ICBP,RG,7425,2,F,YU,CC,D
14:03:12,ICBP,RG,7400,17,D,CC,ZP,F
14:03:09,ICBP,RG,7425,1,F,YU,CC,D
14:03:09,ICBP,RG,7425,5,D,PD,CC,D
14:03:05,ICBP,RG,7400,10,D,CC,BK,F
14:03:01,ICBP,RG,7425,7,F,YU,CC,D
14:03:00,ICBP,RG,7400,1,D,CC,PD,D
14:03:00,ICBP,RG,7400,52,D,CC,YU,D
14:03:00,ICBP,RG,7400,2,D,PD,YU,D
14:03:00,ICBP,RG,7425,3,D,SQ,CC,D
14:02:53,ICBP,RG,7425,3,F,YU,CC,D
14:02:52,ICBP,RG,7400,7,D,PD,ZP,F
14:02:52,ICBP,RG,7400,2,D,CC,ZP,F
14:02:52,ICBP,RG,7400,1,D,CP,ZP,F
14:02:52,ICBP,RG,7400,10,D,PD,ZP,F
14:02:52,ICBP,RG,7400,13,D,CC,ZP,F
14:02:48,ICBP,RG,7425,5,F,YU,CC,D
14:02:48,ICBP,RG,7400,1,D,CC,ZP,F
14:02:47,ICBP,RG,7425,10,D,SQ,CC,D
14:02:39,ICBP,RG,7425,15,D,YB,CC,D
14:02:34,ICBP,RG,7425,1,D,XC,CC,D
14:02:34,ICBP,RG,7400,17,D,CC,ZP,F
14:02:29,ICBP,RG,7425,2,D,PD,CC,D
14:02:29,ICBP,RG,7425,3,F,YU,CC,D
14:02:28,ICBP,RG,7400,24,D,CC,XC,D
14:02:26,ICBP,RG,7425,2,D,XC,CC,D
14:02:22,ICBP,RG,7425,4,F,YU,CC,D
14:02:21,ICBP,RG,7400,7,D,CC,BK,F
14:02:19,ICBP,RG,7425,28,D,CC,CC,D
14:02:19,ICBP,RG,7425,112,F,YU,CC,D
14:02:18,ICBP,RG,7425,13,F,ZP,CC,D
14:02:18,ICBP,RG,7400,34,D,CC,DX,D
14:02:18,ICBP,RG,7400,404,D,CC,DX,D
14:02:18,ICBP,RG,7400,10,D,PD,DX,D
14:02:18,ICBP,RG,7400,1,D,OD,DX,D
14:02:18,ICBP,RG,7400,60,D,CC,DX,D
14:02:18,ICBP,RG,7400,277,D,CC,DX,D
14:02:18,ICBP,RG,7400,173,D,CC,DX,D
14:02:18,ICBP,RG,7400,3,D,PD,DX,D
14:02:18,ICBP,RG,7400,2,D,KK,DX,D
14:02:18,ICBP,RG,7400,1,D,NI,DX,D
14:02:18,ICBP,RG,7400,3,D,CC,DX,D
14:02:18,ICBP,RG,7400,1,D,CC,DX,D
14:02:18,ICBP,RG,7400,1,D,PD,DX,D
14:02:18,ICBP,RG,7400,20,D,AN,DX,D
14:02:18,ICBP,RG,7400,1,D,IF,DX,D
14:02:18,ICBP,RG,7400,1,D,XC,DX,D
14:02:17,ICBP,RG,7425,2,F,YU,CC,D
14:02:16,ICBP,RG,7400,10,D,GR,ZP,F
14:02:16,ICBP,RG,7400,1,D,PD,ZP,F
14:02:16,ICBP,RG,7400,1,D,CC,ZP,F
14:02:16,ICBP,RG,7400,1,D,PD,ZP,F
14:02:16,ICBP,RG,7400,1,D,YP,ZP,F
14:02:16,ICBP,RG,7400,3,D,PD,ZP,F
14:02:16,ICBP,RG,7400,1,D,YP,ZP,F
14:02:10,ICBP,RG,7425,5,D,YP,CC,D
14:01:58,ICBP,RG,7425,2,F,YU,CC,D
14:01:57,ICBP,RG,7400,15,D,YP,ZP,F
14:01:49,ICBP,RG,7425,2,F,YU,CC,D
14:01:48,ICBP,RG,7400,20,D,YP,GR,D
14:01:43,ICBP,RG,7425,2,F,YU,CC,D
14:01:42,ICBP,RG,7400,13,D,YP,ZP,F
14:01:33,ICBP,RG,7425,1,F,YU,CC,D
14:01:32,ICBP,RG,7400,8,D,YP,BK,F
14:01:31,ICBP,RG,7425,1,D,PD,CC,D
14:01:30,ICBP,RG,7425,2,D,BQ,CC,D
14:01:24,ICBP,RG,7425,2,F,YU,CC,D
14:01:22,ICBP,RG,7400,13,D,YP,ZP,F
14:01:12,ICBP,RG,7425,1,D,NI,CC,D
14:01:04,ICBP,RG,7425,5,F,YU,CC,D
14:01:03,ICBP,RG,7425,28,D,CC,CC,D
14:01:03,ICBP,RG,7400,18,D,YP,ZP,F
14:01:01,ICBP,RG,7400,1,D,YP,ZP,F
14:01:01,ICBP,RG,7425,29,F,YU,CC,D
14:01:00,ICBP,RG,7400,119,D,YP,YU,D
14:01:00,ICBP,RG,7425,95,D,YU,CC,D
14:01:00,ICBP,RG,7425,24,D,YU,CC,D
14:01:00,ICBP,RG,7400,22,D,YP,YU,D
14:00:46,ICBP,RG,7425,2,F,YU,CC,D
14:00:44,ICBP,RG,7400,18,D,YP,ZP,F
14:00:41,ICBP,RG,7425,3,F,YU,CC,D
14:00:40,ICBP,RG,7400,18,D,YP,CS,D
14:00:39,ICBP,RG,7425,10,D,XC,CC,D
14:00:34,ICBP,RG,7425,4,F,YU,CC,D
14:00:33,ICBP,RG,7400,9,D,YP,BK,F
14:00:30,ICBP,RG,7425,32,D,YP,CC,D
14:00:29,ICBP,RG,7425,5,F,YU,CC,D
14:00:27,ICBP,RG,7400,18,D,YP,ZP,F
14:00:21,ICBP,RG,7425,3,F,ZP,CC,D
14:00:11,ICBP,RG,7425,1,F,YU,CC,D
14:00:10,ICBP,RG,7400,7,D,YP,ZP,F
14:00:10,ICBP,RG,7400,4,D,XC,ZP,F
14:00:10,ICBP,RG,7400,7,D,CC,ZP,F
14:00:10,ICBP,RG,7400,5,D,CC,NI,D
14:00:04,ICBP,RG,7400,1,D,CC,ZP,F
14:00:04,ICBP,RG,7425,10,F,ZP,CC,D
13:59:54,ICBP,RG,7425,3,F,YU,CC,D
13:59:53,ICBP,RG,7400,17,D,CC,ZP,F
13:59:53,ICBP,RG,7400,1,D,XC,ZP,F
13:59:53,ICBP,RG,7400,1,D,PD,ZP,F
13:59:49,ICBP,RG,7425,6,F,YU,CC,D
13:59:48,ICBP,RG,7400,3,D,PD,XC,D
13:59:45,ICBP,RG,7425,35,D,CC,CC,D
13:59:45,ICBP,RG,7425,3,F,CS,CC,D
13:59:45,ICBP,RG,7400,6,D,PD,BK,F
13:59:45,ICBP,RG,7400,1,D,DX,BK,F
13:59:45,ICBP,RG,7425,4,D,XC,CC,D
13:59:44,ICBP,RG,7400,2,D,SQ,DP,D
13:59:44,ICBP,RG,7425,1,F,YU,CC,D
13:59:43,ICBP,RG,7400,2,D,SQ,DP,D
13:59:34,ICBP,RG,7425,7,F,CS,CC,D
13:59:34,ICBP,RG,7425,2,F,YU,CC,D
13:59:33,ICBP,RG,7400,19,D,SQ,ZP,F
13:59:23,ICBP,RG,7425,2,F,CS,CC,D
13:59:23,ICBP,RG,7425,3,F,CS,CC,D
13:59:17,ICBP,RG,7425,2,F,YU,CC,D
13:59:15,ICBP,RG,7400,7,D,SQ,PD,D
13:59:14,ICBP,RG,7425,7,F,CS,CC,D
13:59:14,ICBP,RG,7425,2,F,YU,CC,D
13:59:12,ICBP,RG,7400,22,D,SQ,ZP,F
13:59:12,ICBP,RG,7425,6,F,YU,CC,D
13:59:11,ICBP,RG,7400,30,D,SQ,CC,D
13:59:06,ICBP,RG,7425,12,F,ZP,CC,D
13:59:06,ICBP,RG,7425,1,F,ZP,CC,D
13:59:05,ICBP,RG,7425,2,F,ZP,CC,D
13:59:03,ICBP,RG,7425,4,F,CS,CC,D
13:59:01,ICBP,RG,7425,5,F,YU,CC,D
13:59:00,ICBP,RG,7400,45,D,SQ,YU,D
13:58:54,ICBP,RG,7425,2,F,YU,CC,D
13:58:53,ICBP,RG,7400,6,D,SQ,ZP,F
13:58:53,ICBP,RG,7400,1,D,PD,ZP,F
13:58:53,ICBP,RG,7400,2,D,PD,ZP,F
13:58:53,ICBP,RG,7400,4,D,NI,ZP,F
13:58:53,ICBP,RG,7400,5,D,PD,ZP,F
13:58:53,ICBP,RG,7400,1,D,SQ,ZP,F
13:58:53,ICBP,RG,7425,4,F,CS,CC,D
13:58:51,ICBP,RG,7425,13,F,YU,CC,D
13:58:50,ICBP,RG,7400,1,D,SQ,ZP,F
13:58:46,ICBP,RG,7425,17,F,ZP,CC,D
13:58:44,ICBP,RG,7425,89,D,DP,CC,D
13:58:42,ICBP,RG,7425,4,F,CS,CC,D
13:58:35,ICBP,RG,7425,2,F,YU,CC,D
13:58:33,ICBP,RG,7400,1,D,SQ,ZP,F
13:58:33,ICBP,RG,7400,1,D,XC,ZP,F
13:58:33,ICBP,RG,7400,2,D,CP,ZP,F
13:58:33,ICBP,RG,7400,1,D,YP,ZP,F
13:58:33,ICBP,RG,7400,1,D,NI,ZP,F
13:58:33,ICBP,RG,7400,2,D,PD,ZP,F
13:58:33,ICBP,RG,7400,1,D,CS,ZP,F
13:58:33,ICBP,RG,7400,2,D,DR,ZP,F
13:58:33,ICBP,RG,7400,2,F,CS,ZP,F
13:58:33,ICBP,RG,7400,1,D,XC,ZP,F
13:58:33,ICBP,RG,7400,7,D,SQ,ZP,F
13:58:33,ICBP,RG,7425,30,F,YU,CC,D
13:58:32,ICBP,RG,7425,37,F,ZP,CC,D
13:58:32,ICBP,RG,7425,4,F,CS,CC,D
13:58:31,ICBP,RG,7425,200,D,YP,CC,D
13:58:29,ICBP,RG,7425,34,D,CC,CC,D
13:58:29,ICBP,RG,7425,2,F,YU,CC,D
13:58:28,ICBP,RG,7400,11,D,SQ,BK,F
13:58:27,ICBP,RG,7400,1,D,SQ,ZP,F
13:58:27,ICBP,RG,7400,1,D,SQ,ZP,F
13:58:27,ICBP,RG,7425,43,F,YU,CC,D
13:58:26,ICBP,RG,7425,387,D,DP,CC,D
13:58:22,ICBP,RG,7425,4,F,CS,CC,D
13:58:19,ICBP,RG,7425,3,F,YU,CC,D
13:58:17,ICBP,RG,7400,10,D,SQ,ZP,F
13:58:17,ICBP,RG,7400,1,D,PD,ZP,F
13:58:17,ICBP,RG,7400,5,D,NI,ZP,F
13:58:17,ICBP,RG,7400,1,D,XC,ZP,F
13:58:17,ICBP,RG,7400,1,D,PD,ZP,F
13:58:17,ICBP,RG,7400,1,D,PD,ZP,F
13:58:12,ICBP,RG,7425,4,F,CS,CC,D
13:58:03,ICBP,RG,7425,17,F,YU,CC,D
13:58:02,ICBP,RG,7400,2,D,PD,ZP,F
13:58:02,ICBP,RG,7425,87,F,ZP,CC,D
13:58:02,ICBP,RG,7425,4,F,CS,CC,D
13:58:00,ICBP,RG,7425,64,D,YU,CC,D
13:57:59,ICBP,RG,7425,2,F,YU,CC,D
13:57:57,ICBP,RG,7400,3,D,PD,ZP,F
13:57:57,ICBP,RG,7400,4,D,YB,ZP,F
13:57:57,ICBP,RG,7400,2,D,YP,ZP,F
13:57:57,ICBP,RG,7400,1,D,SQ,ZP,F
13:57:57,ICBP,RG,7400,1,D,HP,ZP,F
13:57:57,ICBP,RG,7400,3,F,CS,ZP,F
13:57:51,ICBP,RG,7425,5,F,CS,CC,D
13:57:50,ICBP,RG,7425,2,F,YU,CC,D
13:57:49,ICBP,RG,7400,4,D,CS,DP,D
13:57:40,ICBP,RG,7425,4,F,CS,CC,D
13:57:37,ICBP,RG,7425,2,D,CC,CC,D
13:57:31,ICBP,RG,7425,1,F,YU,CC,D
13:57:30,ICBP,RG,7400,3,D,CS,ZP,F
13:57:30,ICBP,RG,7400,1,D,KK,ZP,F
13:57:29,ICBP,RG,7425,8,F,CS,CC,D
13:57:16,ICBP,RG,7425,13,F,YU,CC,D
13:57:14,ICBP,RG,7425,67,D,LS,CC,D
13:57:09,ICBP,RG,7425,31,D,CC,CC,D
13:57:08,ICBP,RG,7425,9,F,CS,CC,D
13:57:03,ICBP,RG,7425,10,D,YU,CC,D
13:57:02,ICBP,RG,7425,9,F,YU,CC,D
13:57:00,ICBP,RG,7400,7,D,KK,YU,D
13:57:00,ICBP,RG,7400,1,D,DH,YU,D
13:57:00,ICBP,RG,7400,1,D,PD,YU,D
13:57:00,ICBP,RG,7400,1,D,PD,YU,D
13:57:00,ICBP,RG,7400,4,D,NI,YU,D
13:57:00,ICBP,RG,7400,2,D,PD,YU,D
13:57:00,ICBP,RG,7400,3,D,EP,YU,D
13:57:00,ICBP,RG,7400,2,D,XC,YU,D
13:57:00,ICBP,RG,7400,6,D,CS,YU,D
13:57:00,ICBP,RG,7400,5,D,XA,YU,D
13:57:00,ICBP,RG,7400,1,D,XC,YU,D
13:57:00,ICBP,RG,7400,1,D,PD,YU,D
13:57:00,ICBP,RG,7400,2,D,YP,YU,D
13:57:00,ICBP,RG,7400,2,F,CS,YU,D
13:57:00,ICBP,RG,7400,1,D,CC,YU,D
13:57:00,ICBP,RG,7400,4,D,CS,YU,D
13:57:00,ICBP,RG,7400,1,D,XC,YU,D
13:57:00,ICBP,RG,7400,1,D,DH,YU,D
13:57:00,ICBP,RG,7400,1,D,BQ,YU,D
13:57:00,ICBP,RG,7400,5,D,CC,YU,D
13:57:00,ICBP,RG,7400,8,D,DH,YU,D
13:56:47,ICBP,RG,7425,7,D,YP,CC,D
13:56:46,ICBP,RG,7425,8,F,CS,CC,D
13:56:25,ICBP,RG,7425,8,F,CS,CC,D
13:56:25,ICBP,RG,7425,6,F,YU,CC,D
13:56:23,ICBP,RG,7425,2,D,PD,CC,D
13:56:23,ICBP,RG,7425,1,D,CC,CC,D
13:56:05,ICBP,RG,7425,8,F,CS,CC,D
13:56:00,ICBP,RG,7425,39,D,YU,CC,D
13:55:59,ICBP,RG,7425,5,F,YU,CC,D
13:55:58,ICBP,RG,7400,3,D,DH,ZP,F
13:55:58,ICBP,RG,7400,1,D,NI,ZP,F
13:55:58,ICBP,RG,7400,1,D,PD,ZP,F
13:55:49,ICBP,RG,7425,31,D,CC,CC,D
13:55:45,ICBP,RG,7425,8,F,CS,CC,D
13:55:24,ICBP,RG,7425,8,F,CS,CC,D
13:55:19,ICBP,RG,7425,6,F,YU,CC,D
13:55:18,ICBP,RG,7425,40,F,ZP,CC,D
13:55:04,ICBP,RG,7425,12,F,CS,CC,D
13:55:01,ICBP,RG,7425,11,F,YU,CC,D
13:55:00,ICBP,RG,7400,4,D,CS,YU,D
13:55:00,ICBP,RG,7400,3,D,PD,YU,D
13:55:00,ICBP,RG,7400,3,F,CS,YU,D
