Time,Stock,Brd,Price,Qty,BT,BC,SC,ST
15:14:55,ICBP,RG,8725,1,D,PD,MG,D
15:13:51,ICBP,RG,8725,1,D,PD,MG,D
15:07:39,ICBP,RG,8725,1,D,GR,MG,D
15:01:00,ICBP,RG,8725,1,D,AZ,MG,D
15:00:00,ICBP,RG,8725,97,F,DX,MG,D
15:00:00,ICBP,RG,8725,1,D,YP,MG,D
15:00:00,ICBP,RG,8725,1,D,DH,MG,D
15:00:00,ICBP,RG,8725,11,F,DX,MG,D
15:00:00,ICBP,RG,8725,1,F,DX,XC,D
15:00:00,ICBP,RG,8725,20,F,DX,EP,D
15:00:00,ICBP,RG,8725,25,F,DX,YJ,D
15:00:00,ICBP,RG,8725,172,F,DX,YJ,D
15:00:00,ICBP,RG,8725,1,F,DX,XC,D
15:00:00,ICBP,RG,8725,103,F,DX,YJ,D
15:00:00,ICBP,RG,8725,10,F,DX,MG,D
15:00:00,ICBP,RG,8725,50,F,DX,YP,D
15:00:00,ICBP,RG,8725,10,F,DX,YP,D
15:00:00,ICBP,RG,8725,30,F,DX,YP,D
15:00:00,ICBP,RG,8725,50,F,DX,YP,D
15:00:00,ICBP,RG,8725,2,F,DX,XC,D
15:00:00,ICBP,RG,8725,1,F,DX,YP,D
15:00:00,ICBP,RG,8725,15,F,DX,YP,D
15:00:00,ICBP,RG,8725,1,F,DX,YP,D
15:00:00,ICBP,RG,8725,100,F,DX,YJ,D
15:00:00,ICBP,RG,8725,1,F,DX,YP,D
15:00:00,ICBP,RG,8725,1,F,DX,YP,D
15:00:00,ICBP,RG,8725,10,F,DX,ZP,D
15:00:00,ICBP,RG,8725,25,F,DX,KK,D
15:00:00,ICBP,RG,8725,100,F,DX,YP,D
15:00:00,ICBP,RG,8725,10,F,DX,KK,D
15:00:00,ICBP,RG,8725,300,F,DX,NI,D
15:00:00,ICBP,RG,8725,40,F,DX,XA,D
15:00:00,ICBP,RG,8725,10,F,DX,YP,D
15:00:00,ICBP,RG,8725,5,F,DX,YP,D
15:00:00,ICBP,RG,8725,10,F,DX,YP,D
15:00:00,ICBP,RG,8725,10,F,DX,YP,D
15:00:00,ICBP,RG,8725,10,F,DX,YP,D
15:00:00,ICBP,RG,8725,50,F,DX,YP,D
15:00:00,ICBP,RG,8725,5,F,DX,YP,D
15:00:00,ICBP,RG,8725,3,F,DX,SQ,D
15:00:00,ICBP,RG,8725,163,F,DX,AK,F
15:00:00,ICBP,RG,8725,4,F,DX,CC,D
15:00:00,ICBP,RG,8725,1,F,DX,YP,D
15:00:00,ICBP,RG,8725,3,F,DX,PD,D
15:00:00,ICBP,RG,8725,1,F,DX,NI,D
15:00:00,ICBP,RG,8725,60,F,DX,YB,D
15:00:00,ICBP,RG,8725,20,F,DX,YP,D
15:00:00,ICBP,RG,8725,3,F,DX,XL,D
15:00:00,ICBP,RG,8725,10,F,DX,YP,D
15:00:00,ICBP,RG,8725,1,F,DX,KK,D
15:00:00,ICBP,RG,8725,50,F,DX,YP,D
15:00:00,ICBP,RG,8725,1,F,DX,DH,D
15:00:00,ICBP,RG,8725,384,F,DX,CS,F
15:00:00,ICBP,RG,8725,250,F,DX,YJ,D
15:00:00,ICBP,RG,8725,1174,F,DX,KI,D
15:00:00,ICBP,RG,8725,200,F,DX,YU,D
15:00:00,ICBP,RG,8725,224,F,DX,EP,D
15:00:00,ICBP,RG,8725,55,F,DX,YP,D
15:00:00,ICBP,RG,8725,47,F,DX,YP,D
15:00:00,ICBP,RG,8725,30,F,DX,CC,D
15:00:00,ICBP,RG,8725,97,F,DX,YP,D
15:00:00,ICBP,RG,8725,132,F,DX,YJ,D
15:00:00,ICBP,RG,8725,461,F,DX,CS,F
15:00:00,ICBP,RG,8725,461,F,DX,CS,F
15:00:00,ICBP,RG,8725,5,F,DX,CC,D
15:00:00,ICBP,RG,8725,500,F,DX,KI,D
15:00:00,ICBP,RG,8725,500,F,DX,KI,D
15:00:00,ICBP,RG,8725,237,F,DX,KZ,F
15:00:00,ICBP,RG,8725,21,F,DX,CC,D
15:00:00,ICBP,RG,8725,1,F,DX,XC,D
15:00:00,ICBP,RG,8725,100,F,DX,DH,D
15:00:00,ICBP,RG,8725,30,F,DX,KK,D
15:00:00,ICBP,RG,8725,4,F,DX,XC,D
15:00:00,ICBP,RG,8725,100,F,DX,DH,D
15:00:00,ICBP,RG,8725,5,F,DX,CC,D
15:00:00,ICBP,RG,8725,1,F,DX,XC,D
15:00:00,ICBP,RG,8725,418,F,DX,MG,D
15:00:00,ICBP,RG,8725,128,F,DX,ZP,F
15:00:00,ICBP,RG,8725,5,F,DX,ZP,F
15:00:00,ICBP,RG,8725,151,F,DX,YU,F
15:00:00,ICBP,RG,8725,65,F,DX,ZP,F
15:00:00,ICBP,RG,8725,919,F,RX,ZP,F
15:00:00,ICBP,RG,8725,278,F,RX,AK,F
15:00:00,ICBP,RG,8725,1,F,RX,PD,D
15:00:00,ICBP,RG,8725,1500,F,RX,PD,D
15:00:00,ICBP,RG,8725,639,F,RX,DX,F
15:00:00,ICBP,RG,8725,144,F,RX,KZ,D
15:00:00,ICBP,RG,8725,116,F,RX,KZ,D
15:00:00,ICBP,RG,8725,1054,F,RX,BK,F
15:00:00,ICBP,RG,8725,2050,F,RX,BK,F
15:00:00,ICBP,RG,8725,5,D,PD,BK,F
15:00:00,ICBP,RG,8725,14,D,PD,BK,F
15:00:00,ICBP,RG,8725,639,F,DX,BK,F
15:00:00,ICBP,RG,8725,18,D,KZ,BK,F
15:00:00,ICBP,RG,8725,86,F,AK,BK,F
15:00:00,ICBP,RG,8725,174,D,DH,BK,F
15:00:00,ICBP,RG,8725,3,D,ZP,BK,F
15:00:00,ICBP,RG,8725,386,D,PD,BK,F
15:00:00,ICBP,RG,8725,7,D,PD,CC,F
15:00:00,ICBP,RG,8725,1,D,PD,KK,D
15:00:00,ICBP,RG,8725,24,D,PD,BB,D
15:00:00,ICBP,RG,8725,37,D,PD,NI,D
15:00:00,ICBP,RG,8725,93,D,PD,YU,D
14:49:56,ICBP,RG,8625,1,D,XA,ZP,F
14:49:56,ICBP,RG,8625,5,D,XA,ZP,F
14:49:54,ICBP,RG,8650,10,D,YP,KZ,F
14:49:53,ICBP,RG,8625,1,D,XA,ZP,F
14:49:50,ICBP,RG,8625,13,D,XA,ZP,F
14:49:49,ICBP,RG,8625,21,D,XA,ZP,F
14:49:49,ICBP,RG,8625,5,D,KK,ZP,F
14:49:48,ICBP,RG,8650,46,F,DX,KZ,F
14:49:41,ICBP,RG,8650,14,F,DX,ZP,F
14:49:35,ICBP,RG,8650,15,F,DX,TP,D
14:49:33,ICBP,RG,8650,22,F,DX,RX,D
14:49:31,ICBP,RG,8675,18,F,DX,YJ,D
14:49:31,ICBP,RG,8675,22,F,DX,YP,D
14:49:27,ICBP,RG,8650,3,F,DX,RX,D
14:49:25,ICBP,RG,8650,4,F,DX,ZP,F
14:49:23,ICBP,RG,8675,79,D,PD,YP,D
14:49:23,ICBP,RG,8675,3,D,PD,GR,D
14:49:23,ICBP,RG,8675,3,D,PD,SQ,D
14:49:23,ICBP,RG,8675,2,D,PD,DH,D
14:49:23,ICBP,RG,8675,5,D,PD,NI,D
14:49:17,ICBP,RG,8675,5,F,DX,NI,D
14:49:17,ICBP,RG,8675,2,F,DX,NI,D
14:49:17,ICBP,RG,8675,1,F,DX,YP,D
14:49:11,ICBP,RG,8650,33,D,PD,BB,D
14:49:09,ICBP,RG,8650,21,D,PD,BB,D
14:49:01,ICBP,RG,8650,44,D,PD,ZP,F
14:49:01,ICBP,RG,8650,5,D,PD,YP,D
14:49:01,ICBP,RG,8650,30,D,PD,BB,D
14:49:01,ICBP,RG,8650,1,D,PD,XC,D
14:49:01,ICBP,RG,8650,3,D,PD,RX,D
14:49:01,ICBP,RG,8650,15,D,PD,RX,D
14:49:01,ICBP,RG,8650,1,D,PD,XL,D
14:49:01,ICBP,RG,8650,49,D,PD,KZ,F
14:49:01,ICBP,RG,8650,51,D,PD,KZ,F
14:49:01,ICBP,RG,8650,1,D,PD,YP,D
14:49:01,ICBP,RG,8650,154,D,PD,KZ,F
14:48:57,ICBP,RG,8625,7,F,DX,RX,D
14:48:55,ICBP,RG,8625,5,F,DX,BB,D
14:48:48,ICBP,RG,8650,206,D,PD,KZ,F
14:48:48,ICBP,RG,8650,2,D,PD,PD,D
14:48:48,ICBP,RG,8650,4,D,PD,KZ,F
14:48:48,ICBP,RG,8650,142,D,PD,ZP,F
14:48:48,ICBP,RG,8650,146,D,PD,KZ,F
14:48:46,ICBP,RG,8625,1,F,DX,RX,D
14:48:44,ICBP,RG,8625,6,F,DX,RX,D
14:48:43,ICBP,RG,8625,5,F,DX,BB,D
14:48:43,ICBP,RG,8625,2,D,YP,BB,D
14:48:43,ICBP,RG,8625,2,D,AT,BB,D
14:48:34,ICBP,RG,8625,48,D,AT,ZP,F
14:48:34,ICBP,RG,8625,27,F,DX,ZP,F
14:48:34,ICBP,RG,8625,34,F,DX,ZP,F
14:48:33,ICBP,RG,8625,2,F,DX,RX,D
14:48:31,ICBP,RG,8625,4,F,DX,RX,D
14:48:24,ICBP,RG,8625,1,D,CC,RX,D
14:48:24,ICBP,RG,8625,1,F,DX,RX,D
14:48:23,ICBP,RG,8650,1,D,ZP,KZ,F
14:48:22,ICBP,RG,8625,6,F,DX,RX,D
14:48:14,ICBP,RG,8625,8,F,DX,YP,F
14:48:13,ICBP,RG,8625,7,F,DX,RX,D
14:48:06,ICBP,RG,8625,13,F,DX,ZP,F
14:48:06,ICBP,RG,8625,1,D,XC,ZP,F
14:48:06,ICBP,RG,8625,12,D,PD,ZP,F
14:48:06,ICBP,RG,8625,1,D,XC,ZP,F
14:48:06,ICBP,RG,8625,39,F,DX,ZP,F
14:48:06,ICBP,RG,8625,10,D,NI,ZP,F
14:48:06,ICBP,RG,8625,26,D,PD,ZP,F
14:48:05,ICBP,RG,8650,103,D,PD,KZ,F
14:48:05,ICBP,RG,8650,297,D,PD,KZ,F
14:48:04,ICBP,RG,8650,18,F,DX,KZ,F
14:48:04,ICBP,RG,8650,4,F,DX,NI,D
14:48:04,ICBP,RG,8650,10,F,DX,PD,D
14:48:04,ICBP,RG,8650,16,F,DX,KZ,F
14:48:02,ICBP,RG,8625,6,D,PD,RX,D
14:47:55,ICBP,RG,8625,1,D,PD,DR,D
14:47:53,ICBP,RG,8625,6,D,PD,RX,D
14:47:45,ICBP,RG,8625,2,D,PD,DR,D
14:47:43,ICBP,RG,8625,7,D,PD,RX,D
14:47:40,ICBP,RG,8625,10,D,PD,RX,D
14:47:37,ICBP,RG,8650,42,F,DX,KZ,F
14:47:30,ICBP,RG,8650,193,D,PD,KZ,F
14:47:30,ICBP,RG,8650,2,D,PD,TP,D
14:47:30,ICBP,RG,8650,177,D,PD,KZ,F
14:47:30,ICBP,RG,8650,128,D,PD,BB,D
14:47:30,ICBP,RG,8625,2,D,PD,DR,D
14:47:15,ICBP,RG,8625,5,D,PD,RX,D
14:47:06,ICBP,RG,8650,30,F,DX,BB,D
14:47:04,ICBP,RG,8650,1,D,ZP,BB,D
14:47:03,ICBP,RG,8625,17,D,PD,RX,D
14:46:54,ICBP,RG,8625,93,D,PD,ZP,F
14:46:41,ICBP,RG,8625,13,D,PD,RX,D
14:46:34,ICBP,RG,8650,1,D,CC,BB,D
14:46:21,ICBP,RG,8625,3,D,PD,RX,D
14:46:17,ICBP,RG,8625,9,D,PD,BB,D
14:46:17,ICBP,RG,8625,50,D,CC,BB,D
14:46:17,ICBP,RG,8625,31,D,YP,BB,D
14:46:17,ICBP,RG,8625,41,F,DX,BB,D
14:46:15,ICBP,RG,8650,13,F,DX,BB,D
14:46:15,ICBP,RG,8650,7,F,DX,KZ,F
14:46:12,ICBP,RG,8625,5,F,DX,RX,D
14:45:56,ICBP,RG,8650,1,D,NI,KZ,F
14:45:49,ICBP,RG,8625,7,F,DX,ZP,F
14:45:49,ICBP,RG,8625,49,D,LG,ZP,F
14:45:38,ICBP,RG,8625,1,D,LG,RX,D
14:45:38,ICBP,RG,8625,35,F,DX,RX,D
14:45:38,ICBP,RG,8625,64,D,PD,RX,D
14:45:29,ICBP,RG,8625,336,D,PD,BB,D
14:45:29,ICBP,RG,8625,1,D,ZP,BB,D
14:45:29,ICBP,RG,8625,5,D,PD,BB,D
14:45:29,ICBP,RG,8625,4,D,YP,BB,D
14:45:23,ICBP,RG,8625,4,D,YP,XC,D
14:45:18,ICBP,RG,8625,2,D,YP,PD,D
14:45:15,ICBP,RG,8650,30,F,DX,KZ,F
14:45:14,ICBP,RG,8625,1,D,YP,XL,D
14:45:06,ICBP,RG,8625,9,D,YP,ZP,F
14:45:06,ICBP,RG,8625,8,D,YU,ZP,F
14:44:55,ICBP,RG,8625,67,D,YU,ZP,F
14:44:54,ICBP,RG,8625,25,D,YU,DX,D
14:44:54,ICBP,RG,8625,18,F,DX,DX,D
14:44:54,ICBP,RG,8625,12,D,YP,DX,D
14:44:41,ICBP,RG,8650,30,F,DX,KZ,F
14:44:30,ICBP,RG,8625,3,D,YP,DX,D
14:44:30,ICBP,RG,8625,5,D,KK,DX,D
14:44:30,ICBP,RG,8625,32,D,KI,DX,D
14:44:16,ICBP,RG,8625,85,D,KI,ZP,F
14:44:15,ICBP,RG,8650,30,F,DX,KZ,F
14:44:09,ICBP,RG,8625,30,D,KI,LG,D
14:44:06,ICBP,RG,8625,40,D,KI,LG,D
14:43:48,ICBP,RG,8650,30,D,NI,KZ,F
14:43:47,ICBP,RG,8650,48,F,DX,KZ,F
14:43:14,ICBP,RG,8650,36,F,DX,KZ,F
14:43:14,ICBP,RG,8650,4,F,DX,RX,D
14:42:53,ICBP,RG,8625,62,D,KI,ZP,F
14:42:52,ICBP,RG,8625,53,D,KI,DX,D
14:42:46,ICBP,RG,8650,20,F,DX,RX,D
14:42:41,ICBP,RG,8650,1,D,PD,RX,D
14:41:59,ICBP,RG,8625,91,D,KI,SQ,D
14:41:55,ICBP,RG,8625,4,D,KI,DR,D
14:41:55,ICBP,RG,8625,20,D,KI,SQ,D
14:41:53,ICBP,RG,8625,80,D,KI,ZP,F
14:41:53,ICBP,RG,8625,2,D,NI,ZP,F
14:41:53,ICBP,RG,8625,7,F,DX,ZP,F
14:41:53,ICBP,RG,8625,32,D,AT,ZP,F
14:41:26,ICBP,RG,8650,1,D,XL,RX,D
14:41:17,ICBP,RG,8625,18,D,AT,DX,D
14:41:17,ICBP,RG,8625,29,D,PD,DX,D
14:41:09,ICBP,RG,8650,24,D,PD,RX,D
14:41:09,ICBP,RG,8650,3,D,PD,CC,D
14:41:06,ICBP,RG,8650,2,D,PD,CC,D
14:41:06,ICBP,RG,8650,5,D,PD,CC,D
14:41:06,ICBP,RG,8650,2,D,PD,YP,D
14:41:06,ICBP,RG,8650,9,D,PD,LG,D
14:40:38,ICBP,RG,8625,40,D,PD,BB,D
14:40:30,ICBP,RG,8625,5,D,PD,PD,D
14:40:28,ICBP,RG,8625,1,D,PD,BB,D
14:40:28,ICBP,RG,8650,19,D,PD,LG,D
14:40:28,ICBP,RG,8650,101,D,PD,CS,F
14:40:28,ICBP,RG,8650,50,D,PD,RX,D
14:40:28,ICBP,RG,8650,176,D,PD,KZ,F
14:40:28,ICBP,RG,8650,3,D,PD,DR,D
14:40:28,ICBP,RG,8650,151,D,PD,KZ,F
14:40:18,ICBP,RG,8625,2,D,PD,BB,D
14:40:11,ICBP,RG,8625,1,D,PD,BB,D
14:40:06,ICBP,RG,8625,1,D,PD,BB,D
14:39:58,ICBP,RG,8625,33,D,PD,BB,D
14:39:55,ICBP,RG,8625,100,D,PD,RX,D
14:39:55,ICBP,RG,8625,16,D,PD,BB,D
14:39:45,ICBP,RG,8625,43,D,PD,DX,D
14:39:44,ICBP,RG,8625,2,D,PD,BB,D
14:39:29,ICBP,RG,8625,2,D,PD,BB,D
14:39:22,ICBP,RG,8625,8,D,PD,BB,D
14:38:40,ICBP,RG,8625,5,D,PD,BB,D
14:38:35,ICBP,RG,8625,6,D,PD,BB,D
14:38:34,ICBP,RG,8625,6,D,PD,CP,D
14:38:34,ICBP,RG,8625,9,F,DX,CP,D
14:38:26,ICBP,RG,8625,5,F,DX,IF,D
14:38:18,ICBP,RG,8625,3,F,DX,DR,D
14:38:17,ICBP,RG,8625,11,F,DX,BB,D
14:38:17,ICBP,RG,8625,6,D,CC,BB,D
14:38:16,ICBP,RG,8625,1,D,CC,DR,D
14:38:14,ICBP,RG,8625,2,D,CC,BB,D
14:38:13,ICBP,RG,8625,41,D,CC,DX,D
14:38:13,ICBP,RG,8625,1,D,PD,DX,D
14:38:13,ICBP,RG,8625,10,F,DX,DX,D
14:38:03,ICBP,RG,8625,2,F,DX,BB,D
14:37:56,ICBP,RG,8625,2,F,DX,BB,D
14:37:44,ICBP,RG,8625,3,F,DX,BB,D
14:37:34,ICBP,RG,8625,2,F,DX,BB,D
14:37:16,ICBP,RG,8625,35,F,DX,BB,D
14:36:37,ICBP,RG,8625,18,F,DX,DX,D
14:36:37,ICBP,RG,8625,4,D,PD,DX,D
14:36:37,ICBP,RG,8625,19,F,DX,DX,D
14:36:33,ICBP,RG,8625,8,F,DX,BB,D
14:36:33,ICBP,RG,8625,88,F,DX,BB,D
14:36:33,ICBP,RG,8625,8,D,PD,BB,D
14:36:28,ICBP,RG,8625,192,D,PD,ZP,F
14:36:28,ICBP,RG,8625,1,D,NI,ZP,F
14:36:28,ICBP,RG,8625,3,D,PD,ZP,F
14:36:28,ICBP,RG,8625,1,D,CC,ZP,F
14:36:28,ICBP,RG,8625,12,F,DX,ZP,F
14:36:28,ICBP,RG,8625,5,F,DX,SQ,D
14:36:28,ICBP,RG,8625,10,D,YP,SQ,D
14:36:28,ICBP,RG,8625,8,F,DX,SQ,D
14:36:28,ICBP,RG,8625,12,F,DX,SQ,D
14:36:28,ICBP,RG,8625,26,F,DX,SQ,D
14:36:28,ICBP,RG,8625,23,F,DX,SQ,D
14:36:28,ICBP,RG,8625,13,D,YP,SQ,D
14:36:28,ICBP,RG,8625,1,D,PD,SQ,D
14:36:28,ICBP,RG,8625,19,F,DX,SQ,D
14:36:28,ICBP,RG,8625,6,F,DX,SQ,D
14:36:28,ICBP,RG,8625,5,D,XC,SQ,D
14:36:28,ICBP,RG,8625,2,D,YU,SQ,D
14:36:23,ICBP,RG,8625,40,D,YU,SQ,D
14:36:22,ICBP,RG,8625,7,D,YU,BB,D
14:36:21,ICBP,RG,8625,4,D,YU,DR,D
14:36:04,ICBP,RG,8625,1,D,YU,BB,D
14:36:03,ICBP,RG,8625,6,D,YU,PD,D
14:35:48,ICBP,RG,8625,11,D,YU,BB,D
14:35:10,ICBP,RG,8625,10,D,YU,CC,D
14:35:07,ICBP,RG,8625,18,D,YU,BB,D
14:34:58,ICBP,RG,8625,1,D,YU,DX,D
14:34:58,ICBP,RG,8625,45,F,DX,DX,D
14:34:57,ICBP,RG,8625,41,F,DX,BB,D
14:34:57,ICBP,RG,8625,2,D,KK,BB,D
14:34:22,ICBP,RG,8625,8,D,KK,BB,D
14:34:22,ICBP,RG,8625,5,D,KI,BB,D
14:34:21,ICBP,RG,8625,130,D,KI,SQ,D
14:34:18,ICBP,RG,8625,4,D,KI,BB,D
14:34:18,ICBP,RG,8625,40,D,KI,SQ,D
14:34:02,ICBP,RG,8625,3,D,KI,BB,D
14:33:45,ICBP,RG,8625,34,D,KI,BB,D
14:33:35,ICBP,RG,8625,117,D,KI,ZP,F
14:33:35,ICBP,RG,8625,3,D,KI,BB,D
14:33:25,ICBP,RG,8625,18,D,KI,BB,D
14:33:24,ICBP,RG,8625,2,D,KI,BB,D
14:33:24,ICBP,RG,8625,56,D,KI,DX,D
14:33:05,ICBP,RG,8625,1,D,KI,BB,D
14:33:04,ICBP,RG,8625,3,D,KI,BB,D
14:32:49,ICBP,RG,8625,2,D,KI,BB,D
14:32:39,ICBP,RG,8625,10,D,KI,BB,D
14:32:29,ICBP,RG,8625,30,D,KI,LG,D
14:32:27,ICBP,RG,8625,4,D,KI,BB,D
14:32:08,ICBP,RG,8650,1,D,CC,ZP,F
14:32:07,ICBP,RG,8625,3,D,KI,BB,D
14:31:54,ICBP,RG,8625,16,D,KI,BB,D
14:31:49,ICBP,RG,8625,3,D,KI,BB,D
14:31:49,ICBP,RG,8625,13,D,KI,DX,D
14:31:49,ICBP,RG,8625,6,D,BQ,DX,D
14:31:49,ICBP,RG,8625,35,D,MG,DX,D
14:31:37,ICBP,RG,8625,9,D,MG,BB,D
14:31:37,ICBP,RG,8625,1,D,MG,YP,D
14:31:06,ICBP,RG,8625,6,D,MG,BB,D
14:31:06,ICBP,RG,8625,5,D,MG,PD,D
14:30:40,ICBP,RG,8625,3,D,MG,BB,D
14:30:39,ICBP,RG,8625,4,D,MG,DR,D
14:30:38,ICBP,RG,8625,2,D,MG,BB,D
14:30:25,ICBP,RG,8625,15,D,MG,BB,D
14:30:15,ICBP,RG,8625,4,D,MG,BB,D
14:30:14,ICBP,RG,8625,44,D,MG,DX,D
14:29:57,ICBP,RG,8625,1,D,MG,BB,D
14:29:56,ICBP,RG,8625,5,D,MG,BB,D
14:29:28,ICBP,RG,8625,3,D,MG,BB,D
14:29:27,ICBP,RG,8625,44,D,MG,BB,D
14:29:04,ICBP,RG,8625,119,D,MG,ZP,F
14:29:04,ICBP,RG,8625,39,F,DX,ZP,F
14:29:01,ICBP,RG,8625,3,F,DX,BB,D
14:28:55,ICBP,RG,8625,13,F,DX,BB,D
14:28:54,ICBP,RG,8625,2,F,DX,PD,D
14:28:37,ICBP,RG,8625,7,F,DX,BB,D
14:28:36,ICBP,RG,8625,13,F,DX,DX,D
14:28:36,ICBP,RG,8625,5,D,YP,DX,D
14:28:36,ICBP,RG,8625,3,D,YP,DX,D
14:28:36,ICBP,RG,8625,19,D,YB,DX,D
14:28:33,ICBP,RG,8625,5,D,YB,DR,D
14:28:30,ICBP,RG,8625,6,D,YB,BB,D
14:28:30,ICBP,RG,8625,8,D,YB,XC,D
14:28:29,ICBP,RG,8625,7,D,YB,XC,D
14:28:10,ICBP,RG,8625,15,D,YB,BB,D
14:27:25,ICBP,RG,8625,3,D,YB,BB,D
14:27:13,ICBP,RG,8625,17,D,YB,BB,D
14:27:02,ICBP,RG,8625,54,D,YB,DX,D
14:26:58,ICBP,RG,8625,1,D,YB,BB,D
14:26:57,ICBP,RG,8625,11,D,YB,BB,D
14:26:30,ICBP,RG,8625,10,D,YB,XC,D
14:26:22,ICBP,RG,8625,3,D,YB,BB,D
14:26:12,ICBP,RG,8625,1,D,YB,BB,D
14:26:11,ICBP,RG,8625,5,D,YB,BB,D
14:25:58,ICBP,RG,8625,1,D,YB,XL,D
14:25:56,ICBP,RG,8625,8,D,YB,BB,D
14:25:33,ICBP,RG,8625,12,D,YB,BB,D
14:25:24,ICBP,RG,8625,7,D,YB,BB,D
14:25:23,ICBP,RG,8625,46,D,YB,DX,D
14:25:10,ICBP,RG,8625,8,D,YB,BB,D
14:24:41,ICBP,RG,8625,5,D,YB,BB,D
14:24:32,ICBP,RG,8625,3,D,YB,BB,D
14:24:22,ICBP,RG,8625,36,D,YB,BB,D
14:24:12,ICBP,RG,8625,3,D,YB,XC,D
14:23:50,ICBP,RG,8625,6,D,YB,DX,D
14:23:50,ICBP,RG,8625,1,D,NI,DX,D
14:23:50,ICBP,RG,8625,2,D,NI,DX,D
14:23:50,ICBP,RG,8625,8,D,XC,DX,D
14:23:50,ICBP,RG,8625,1,D,XC,DX,D
14:23:50,ICBP,RG,8625,25,D,YP,DX,D
14:23:50,ICBP,RG,8625,1,D,YP,DX,D
14:23:45,ICBP,RG,8625,5,D,PD,BB,D
14:23:45,ICBP,RG,8625,1,D,CC,BB,D
14:23:45,ICBP,RG,8625,1,D,PD,BB,D
14:23:45,ICBP,RG,8625,1,D,XC,BB,D
14:23:45,ICBP,RG,8625,1,D,XC,BB,D
14:23:45,ICBP,RG,8625,1,D,XC,BB,D
14:23:45,ICBP,RG,8625,2,D,PD,BB,D
14:23:45,ICBP,RG,8625,2,D,CC,BB,D
14:23:45,ICBP,RG,8625,1,D,KK,BB,D
14:23:45,ICBP,RG,8625,7,D,KI,BB,D
14:23:45,ICBP,RG,8625,12,D,PD,BB,D
14:23:31,ICBP,RG,8625,6,D,PD,BK,F
14:23:31,ICBP,RG,8625,3,D,DH,BK,F
14:23:31,ICBP,RG,8625,228,D,MG,BK,F
14:23:30,ICBP,RG,8625,12,D,MG,BB,D
14:23:29,ICBP,RG,8625,3,D,MG,DR,D
14:23:25,ICBP,RG,8625,50,D,MG,RX,D
14:23:23,ICBP,RG,8625,7,D,MG,BB,D
14:23:23,ICBP,RG,8625,1,D,PD,BB,D
14:23:23,ICBP,RG,8625,13,D,YP,BB,D
14:23:23,ICBP,RG,8625,1,D,YP,XC,D
14:22:32,ICBP,RG,8625,6,D,YP,BB,D
14:22:32,ICBP,RG,8625,5,D,KI,BB,D
14:22:17,ICBP,RG,8625,9,D,KI,BB,D
14:22:17,ICBP,RG,8625,47,D,KI,DX,D
14:22:03,ICBP,RG,8625,10,D,KI,BB,D
14:22:02,ICBP,RG,8625,5,D,KI,DR,D
14:21:38,ICBP,RG,8625,5,D,KI,BB,D
14:21:37,ICBP,RG,8625,4,D,KI,YP,D
14:21:32,ICBP,RG,8625,10,D,KI,BB,D
14:21:09,ICBP,RG,8625,11,D,KI,BB,D
14:20:52,ICBP,RG,8625,14,D,KI,BB,D
14:20:42,ICBP,RG,8625,51,D,KI,DX,D
14:20:32,ICBP,RG,8625,1,D,KI,BB,D
14:20:31,ICBP,RG,8625,17,D,KI,BB,D
14:20:31,ICBP,RG,8650,1,D,YP,ZP,F
14:20:15,ICBP,RG,8650,18,D,PD,ZP,F
14:20:12,ICBP,RG,8650,18,D,PD,ZP,F
14:20:07,ICBP,RG,8625,37,D,KI,BB,D
14:20:06,ICBP,RG,8625,39,D,KI,YP,D
14:19:19,ICBP,RG,8625,5,D,KI,BB,D
14:19:09,ICBP,RG,8625,94,D,KI,ZP,F
14:19:09,ICBP,RG,8625,9,D,KI,BB,D
14:19:08,ICBP,RG,8650,7,D,PD,ZP,F
14:19:08,ICBP,RG,8625,53,D,KI,DX,D
14:18:48,ICBP,RG,8625,2,D,KI,BB,D
14:18:39,ICBP,RG,8625,18,D,KI,PD,D
14:17:30,ICBP,RG,8625,48,D,KI,DX,D
14:17:27,ICBP,RG,8625,1,D,KI,XC,D
14:16:52,ICBP,RG,8625,8,D,KI,NI,D
14:16:01,ICBP,RG,8625,14,D,KI,RX,D
14:15:57,ICBP,RG,8625,50,D,KI,RX,D
14:15:52,ICBP,RG,8625,204,D,KI,ZP,F
14:15:51,ICBP,RG,8625,48,D,KI,DX,D
14:15:28,ICBP,RG,8625,4,D,KI,DR,D
14:15:26,ICBP,RG,8625,1,D,KI,DR,D
14:14:52,ICBP,RG,8625,6,D,KI,OD,D
14:14:17,ICBP,RG,8625,41,D,KI,DX,D
14:14:14,ICBP,RG,8625,4,D,KI,DR,D
14:13:41,ICBP,RG,8625,4,D,KI,PD,D
14:13:33,ICBP,RG,8625,50,D,KI,RX,D
14:13:32,ICBP,RG,8625,67,D,KI,CC,D
14:12:46,ICBP,RG,8625,44,D,KI,DX,D
14:11:13,ICBP,RG,8625,30,D,KI,DX,D
14:11:13,ICBP,RG,8625,10,D,KK,DX,D
14:11:13,ICBP,RG,8625,2,D,PD,DX,D
14:11:13,ICBP,RG,8625,10,D,YP,DX,D
14:11:13,ICBP,RG,8625,3,D,XC,DX,D
14:10:21,ICBP,RG,8625,50,D,DH,ZP,F
14:10:21,ICBP,RG,8625,1,D,CC,ZP,F
14:10:21,ICBP,RG,8625,25,D,YJ,ZP,F
14:10:04,ICBP,RG,8625,23,D,YJ,OD,D
14:09:57,ICBP,RG,8650,1,D,OD,ZP,F
14:09:45,ICBP,RG,8650,18,D,PD,ZP,F
14:09:37,ICBP,RG,8625,56,D,YJ,DX,D
14:09:34,ICBP,RG,8625,93,D,YJ,SQ,D
14:09:10,ICBP,RG,8625,103,D,YJ,SQ,D
14:09:10,ICBP,RG,8625,15,D,XC,SQ,D
14:09:10,ICBP,RG,8625,1,D,PD,SQ,D
14:09:10,ICBP,RG,8625,11,D,EP,SQ,D
14:09:08,ICBP,RG,8625,5,D,EP,PD,D
14:09:03,ICBP,RG,8625,34,D,EP,SQ,D
14:09:03,ICBP,RG,8625,14,D,DH,SQ,D
14:08:29,ICBP,RG,8625,3,D,DH,NI,D
14:08:14,ICBP,RG,8650,10,D,MG,ZP,F
14:08:02,ICBP,RG,8625,5,D,DH,PD,D
14:07:59,ICBP,RG,8625,28,D,DH,DX,D
14:07:59,ICBP,RG,8625,13,D,YJ,DX,D
14:07:44,ICBP,RG,8625,1,D,YJ,DR,D
14:07:43,ICBP,RG,8625,1,D,YJ,DR,D
14:07:21,ICBP,RG,8650,30,D,YP,ZP,F
14:06:47,ICBP,RG,8650,1,D,NI,ZP,F
14:06:26,ICBP,RG,8625,3,D,YJ,DR,D
14:06:21,ICBP,RG,8625,47,D,YJ,DX,D
14:06:04,ICBP,RG,8625,2,D,YJ,PD,D
14:05:34,ICBP,RG,8650,8,D,LG,ZP,F
14:04:46,ICBP,RG,8625,51,D,YJ,DX,D
14:03:57,ICBP,RG,8625,132,D,YJ,ZP,F
14:03:57,ICBP,RG,8625,50,D,YP,ZP,F
14:03:57,ICBP,RG,8625,500,D,YJ,ZP,F
14:03:57,ICBP,RG,8625,101,D,YP,ZP,F
14:03:12,ICBP,RG,8625,40,D,YP,DX,D
14:03:10,ICBP,RG,8625,4,D,YP,KK,D
14:02:57,ICBP,RG,8625,3,D,YP,PD,D
14:01:37,ICBP,RG,8625,55,D,YP,DX,D
14:01:26,ICBP,RG,8650,1,D,XC,ZP,F
14:00:21,ICBP,RG,8625,84,D,YP,ZP,F
14:00:09,ICBP,RG,8625,13,D,YP,YB,D
14:00:09,ICBP,RG,8625,1,D,YP,YB,D
14:00:09,ICBP,RG,8625,50,D,DH,YB,D
14:00:09,ICBP,RG,8625,224,D,EP,YB,D
14:00:09,ICBP,RG,8625,62,D,DH,YB,D
14:00:01,ICBP,RG,8625,38,D,DH,DX,D
14:00:01,ICBP,RG,8625,10,D,YP,DX,D
13:59:28,ICBP,RG,8625,1,D,NI,XC,D
13:58:38,ICBP,RG,8625,1,D,NI,NI,D
13:58:29,ICBP,RG,8625,8,D,NI,DX,D
13:58:29,ICBP,RG,8625,10,D,DR,DX,D
13:58:29,ICBP,RG,8625,33,D,YP,DX,D
13:57:27,ICBP,RG,8625,12,D,YP,RX,D
13:57:16,ICBP,RG,8650,1,D,NI,ZP,F
13:56:58,ICBP,RG,8650,1,D,NI,ZP,F
13:56:55,ICBP,RG,8625,5,D,YP,DX,D
13:56:55,ICBP,RG,8625,35,D,YP,DX,D
13:56:35,ICBP,RG,8625,10,D,YP,RX,D
13:55:18,ICBP,RG,8650,1,D,PD,ZP,F
13:55:18,ICBP,RG,8625,5,D,YP,DX,D
13:55:18,ICBP,RG,8625,50,D,YP,DX,D
13:55:09,ICBP,RG,8650,1,D,YP,DX,D
13:54:05,ICBP,RG,8700,9,F,DX,ZP,F
13:53:56,ICBP,RG,8700,6,F,DX,ZP,F
13:53:56,ICBP,RG,8700,3,F,DX,XC,D
13:53:46,ICBP,RG,8600,49,D,MG,ZP,F
13:53:45,ICBP,RG,8600,69,D,MG,ZP,F
13:53:45,ICBP,RG,8600,237,F,BK,ZP,F
13:53:39,ICBP,RG,8575,118,D,NI,ZP,F
13:53:39,ICBP,RG,8575,3,D,PD,ZP,F
13:53:39,ICBP,RG,8575,1,D,KK,ZP,F
13:53:39,ICBP,RG,8575,1,D,XC,ZP,F
13:53:39,ICBP,RG,8575,1,D,YP,ZP,F
13:53:39,ICBP,RG,8575,1,D,YP,ZP,F
13:53:39,ICBP,RG,8575,5,D,YP,ZP,F
13:53:39,ICBP,RG,8575,3,D,PD,ZP,F
13:53:39,ICBP,RG,8575,5,D,PD,ZP,F
13:53:39,ICBP,RG,8575,25,D,YP,ZP,F
13:53:39,ICBP,RG,8575,1,D,PD,ZP,F
13:53:39,ICBP,RG,8575,1,D,GR,ZP,F
13:53:39,ICBP,RG,8575,1,D,PD,ZP,F
13:53:39,ICBP,RG,8575,5,D,KK,ZP,F
13:53:39,ICBP,RG,8575,1,D,NI,ZP,F
13:53:39,ICBP,RG,8575,1,D,KK,ZP,F
13:53:39,ICBP,RG,8575,1,D,XC,ZP,F
13:53:39,ICBP,RG,8575,30,D,YP,ZP,F
13:53:39,ICBP,RG,8575,1,D,PD,ZP,F
13:53:39,ICBP,RG,8575,100,D,NI,ZP,F
13:53:39,ICBP,RG,8575,1,D,YP,ZP,F
13:53:39,ICBP,RG,8575,10,D,YP,ZP,F
13:53:39,ICBP,RG,8575,2,D,NI,ZP,F
13:53:39,ICBP,RG,8575,5,D,AG,ZP,F
13:53:39,ICBP,RG,8575,1,D,GR,ZP,F
13:53:39,ICBP,RG,8575,10,D,YP,ZP,F
13:53:39,ICBP,RG,8575,2,D,PD,ZP,F
13:53:39,ICBP,RG,8575,196,D,KK,ZP,F
13:53:39,ICBP,RG,8600,100,D,YJ,ZP,F
13:53:39,ICBP,RG,8750,1285,D,SQ,ZP,F
13:53:37,ICBP,RG,8750,1164,D,SQ,PD,D
13:53:37,ICBP,RG,8750,3,D,SQ,PD,D
13:53:37,ICBP,RG,8750,15,D,SQ,YP,D
13:53:37,ICBP,RG,8750,5,D,SQ,PD,D
13:53:37,ICBP,RG,8750,1,D,SQ,YP,D
13:53:37,ICBP,RG,8750,1,D,SQ,XL,D
13:53:37,ICBP,RG,8750,5,D,SQ,PD,D
13:53:37,ICBP,RG,8750,1,D,SQ,XC,D
13:53:37,ICBP,RG,8750,12,D,SQ,DX,D
13:53:37,ICBP,RG,8750,3,D,SQ,PD,D
13:53:37,ICBP,RG,8750,1,D,SQ,GR,D
13:53:37,ICBP,RG,8750,1,D,SQ,PD,D
13:53:37,ICBP,RG,8750,3,D,SQ,YP,D
13:53:37,ICBP,RG,8750,5,D,SQ,PD,D
13:53:37,ICBP,RG,8750,2,D,SQ,YP,D
13:53:37,ICBP,RG,8750,3,D,SQ,PD,D
13:53:37,ICBP,RG,8750,46,D,SQ,PD,D
13:53:37,ICBP,RG,8750,1,D,SQ,LS,D
13:53:37,ICBP,RG,8750,1,D,SQ,XC,D
13:53:37,ICBP,RG,8750,100,D,SQ,DH,D
13:53:37,ICBP,RG,8750,2,D,SQ,XL,D
13:53:37,ICBP,RG,8750,1,D,SQ,AT,D
13:53:37,ICBP,RG,8750,6,D,SQ,YP,D
13:53:37,ICBP,RG,8750,25,D,SQ,DR,D
13:53:37,ICBP,RG,8750,13,D,SQ,YP,D
13:53:37,ICBP,RG,8750,9,D,SQ,EP,D
13:53:37,ICBP,RG,8750,198,D,SQ,EP,D
13:53:37,ICBP,RG,8750,2,D,SQ,AI,D
13:53:37,ICBP,RG,8750,50,D,SQ,AI,D
13:53:37,ICBP,RG,8750,5,D,SQ,SQ,D
13:53:37,ICBP,RG,8750,1,D,SQ,GR,D
13:53:37,ICBP,RG,8750,5,D,SQ,PD,D
13:53:37,ICBP,RG,8750,100,D,SQ,DH,D
13:53:37,ICBP,RG,8750,2,D,SQ,YP,D
13:53:37,ICBP,RG,8750,2,D,SQ,YP,D
13:53:37,ICBP,RG,8750,191,D,SQ,KI,D
13:53:37,ICBP,RG,8750,13,D,SQ,XC,D
13:53:37,ICBP,RG,8750,50,D,SQ,EP,D
13:53:37,ICBP,RG,8750,9,D,SQ,XA,D
13:53:37,ICBP,RG,8750,50,D,SQ,AI,D
13:53:37,ICBP,RG,8750,1,D,SQ,YB,D
13:53:37,ICBP,RG,8750,10,D,SQ,DR,D
13:53:37,ICBP,RG,8750,5,D,SQ,DR,D
13:53:37,ICBP,RG,8750,500,D,SQ,KI,D
13:53:37,ICBP,RG,8750,6,D,SQ,YP,D
13:53:37,ICBP,RG,8750,564,D,SQ,KI,D
13:53:37,ICBP,RG,8750,700,D,SQ,YJ,D
13:53:37,ICBP,RG,8750,11,D,SQ,XA,D
13:53:37,ICBP,RG,8750,1,D,SQ,NI,D
13:53:37,ICBP,RG,8750,50,D,SQ,DH,D
13:53:37,ICBP,RG,8750,5,D,SQ,XL,D
13:53:37,ICBP,RG,8750,25,D,SQ,DR,D
13:53:37,ICBP,RG,8750,2,D,SQ,KK,D
13:53:37,ICBP,RG,8750,19,D,SQ,XA,D
13:53:37,ICBP,RG,8750,14,D,SQ,XA,D
13:53:37,ICBP,RG,8750,15,D,SQ,XA,D
13:53:37,ICBP,RG,8750,1,D,SQ,AT,D
13:53:37,ICBP,RG,8750,3,D,SQ,PD,D
13:53:37,ICBP,RG,8750,10,D,SQ,XA,D
13:53:37,ICBP,RG,8750,50,D,SQ,YP,D
13:53:37,ICBP,RG,8750,50,D,SQ,YP,D
13:53:37,ICBP,RG,8750,50,D,SQ,YP,D
13:53:37,ICBP,RG,8725,750,D,SQ,YJ,D
13:53:37,ICBP,RG,8725,25,D,SQ,YP,D
13:53:37,ICBP,RG,8725,40,D,SQ,AI,D
13:53:37,ICBP,RG,8725,1,D,SQ,YP,D
13:53:37,ICBP,RG,8725,36,D,SQ,YU,D
13:53:37,ICBP,RG,8725,45,D,SQ,YU,D
13:53:37,ICBP,RG,8725,64,D,SQ,YU,D
13:53:37,ICBP,RG,8725,2,D,SQ,AZ,D
13:53:37,ICBP,RG,8725,97,D,SQ,YU,D
13:53:37,ICBP,RG,8725,92,D,SQ,YU,D
13:53:37,ICBP,RG,8725,10,D,SQ,DR,D
13:53:37,ICBP,RG,8725,230,D,SQ,EP,D
13:53:37,ICBP,RG,8725,116,D,SQ,YU,D
13:53:37,ICBP,RG,8725,5,D,SQ,PD,D
13:53:37,ICBP,RG,8725,13,D,SQ,XA,D
13:53:37,ICBP,RG,8725,17,D,SQ,XA,D
13:53:37,ICBP,RG,8725,10,D,SQ,DR,D
13:53:37,ICBP,RG,8725,1,D,SQ,YP,D
13:53:37,ICBP,RG,8725,14,D,SQ,YP,D
13:53:37,ICBP,RG,8725,11,D,SQ,YP,D
13:53:37,ICBP,RG,8725,25,D,SQ,YP,D
13:53:37,ICBP,RG,8725,5,D,SQ,XA,D
13:53:37,ICBP,RG,8725,12,D,SQ,XA,D
13:53:37,ICBP,RG,8725,10,D,SQ,KK,D
13:53:37,ICBP,RG,8725,5,D,SQ,PD,D
13:53:37,ICBP,RG,8725,5,D,SQ,SQ,D
13:53:37,ICBP,RG,8725,10,D,SQ,YP,D
13:53:37,ICBP,RG,8725,15,D,SQ,YP,D
13:53:37,ICBP,RG,8725,15,D,SQ,YP,D
13:53:37,ICBP,RG,8725,100,D,SQ,KK,D
13:53:37,ICBP,RG,8725,10,D,SQ,YP,D
13:53:37,ICBP,RG,8725,10,D,SQ,YP,D
13:53:37,ICBP,RG,8725,6,D,SQ,YP,D
13:53:37,ICBP,RG,8725,25,D,SQ,YP,D
13:53:37,ICBP,RG,8725,9,D,SQ,YP,D
13:53:37,ICBP,RG,8725,3,D,SQ,XC,D
13:53:37,ICBP,RG,8725,400,D,SQ,YJ,D
13:53:37,ICBP,RG,8725,311,D,SQ,KI,D
13:53:37,ICBP,RG,8725,400,D,SQ,YJ,D
13:53:37,ICBP,RG,8725,8,D,SQ,XA,D
13:53:37,ICBP,RG,8725,7,D,SQ,XA,D
13:53:37,ICBP,RG,8725,6,D,SQ,XA,D
13:53:37,ICBP,RG,8725,100,D,SQ,CC,D
13:53:37,ICBP,RG,8725,10,D,SQ,XC,D
13:53:37,ICBP,RG,8725,218,D,SQ,KI,D
13:53:37,ICBP,RG,8725,10,D,SQ,PD,D
13:53:37,ICBP,RG,8725,6,D,SQ,XA,D
13:53:37,ICBP,RG,8725,300,D,SQ,YB,D
13:53:37,ICBP,RG,8725,270,D,SQ,KI,D
13:53:37,ICBP,RG,8725,5,D,SQ,CC,D
13:53:37,ICBP,RG,8725,16,D,SQ,XA,D
13:53:37,ICBP,RG,8725,2,D,SQ,XC,D
13:53:37,ICBP,RG,8725,69,D,SQ,CC,D
13:53:37,ICBP,RG,8725,10,D,SQ,XA,D
13:53:37,ICBP,RG,8725,89,D,SQ,YP,D
13:53:37,ICBP,RG,8725,15,D,SQ,YP,D
13:53:37,ICBP,RG,8725,51,D,SQ,KK,D
13:53:37,ICBP,RG,8700,1,D,SQ,YP,D
13:53:37,ICBP,RG,8700,100,D,SQ,YP,D
13:53:37,ICBP,RG,8700,40,D,SQ,AI,D
13:53:37,ICBP,RG,8700,1,D,SQ,YP,D
13:53:37,ICBP,RG,8700,1,D,SQ,XC,D
13:53:37,ICBP,RG,8700,40,D,SQ,KZ,F
13:53:37,ICBP,RG,8700,20,D,SQ,OD,D
13:53:37,ICBP,RG,8700,10,D,SQ,DH,D
13:53:37,ICBP,RG,8700,750,D,SQ,YJ,D
13:53:37,ICBP,RG,8700,2,D,SQ,AZ,D
13:53:37,ICBP,RG,8700,10,D,SQ,EP,D
13:53:37,ICBP,RG,8700,10,D,SQ,KK,D
13:53:37,ICBP,RG,8700,15,D,SQ,KK,D
13:53:37,ICBP,RG,8700,1,D,SQ,YP,D
13:53:37,ICBP,RG,8700,2,D,SQ,YP,D
13:53:37,ICBP,RG,8700,50,D,SQ,YP,D
13:53:37,ICBP,RG,8700,2,D,SQ,SQ,D
13:53:37,ICBP,RG,8700,2,D,SQ,YP,D
13:53:37,ICBP,RG,8700,5,D,SQ,CC,D
13:53:37,ICBP,RG,8700,2,D,SQ,KK,D
13:53:37,ICBP,RG,8700,25,D,SQ,YP,D
13:53:37,ICBP,RG,8700,2,D,SQ,PD,D
13:53:37,ICBP,RG,8700,50,D,SQ,MG,D
13:53:37,ICBP,RG,8700,113,D,SQ,MG,D
13:53:37,ICBP,RG,8700,19,D,SQ,MG,D
13:53:37,ICBP,RG,8700,20,D,SQ,YP,D
13:53:37,ICBP,RG,8700,11,D,SQ,MG,D
13:53:37,ICBP,RG,8700,500,D,SQ,MG,D
13:53:37,ICBP,RG,8700,300,D,SQ,YB,D
13:53:37,ICBP,RG,8700,4,D,SQ,SQ,D
13:53:37,ICBP,RG,8700,10,D,SQ,YP,D
13:53:37,ICBP,RG,8700,1,D,SQ,YP,D
13:53:37,ICBP,RG,8700,2,D,SQ,PD,D
13:53:37,ICBP,RG,8700,20,D,SQ,PD,D
13:53:37,ICBP,RG,8700,4,D,SQ,NI,D
13:53:37,ICBP,RG,8700,30,D,SQ,YP,D
13:53:37,ICBP,RG,8700,5,D,SQ,PD,D
13:53:37,ICBP,RG,8700,1,D,SQ,XC,D
13:53:37,ICBP,RG,8675,19,D,SQ,XC,D
13:53:37,ICBP,RG,8675,2,D,SQ,NI,D
13:53:37,ICBP,RG,8675,2,D,SQ,CC,D
13:53:37,ICBP,RG,8675,200,D,SQ,YJ,D
13:53:37,ICBP,RG,8675,14,D,SQ,PD,D
13:53:37,ICBP,RG,8675,1,D,SQ,YP,D
13:53:37,ICBP,RG,8675,1,D,SQ,XC,D
13:53:37,ICBP,RG,8675,15,D,SQ,YP,D
13:53:37,ICBP,RG,8675,6,D,SQ,PD,D
13:53:37,ICBP,RG,8675,41,D,SQ,KZ,F
13:53:37,ICBP,RG,8675,20,D,SQ,YP,D
13:53:37,ICBP,RG,8675,105,D,SQ,YB,D
13:53:37,ICBP,RG,8675,195,D,SQ,YB,D
13:53:37,ICBP,RG,8675,2,D,SQ,CC,D
13:53:37,ICBP,RG,8675,2,D,SQ,YP,D
13:53:37,ICBP,RG,8675,31,D,SQ,MG,D
13:53:37,ICBP,RG,8675,2,D,SQ,XC,D
13:53:37,ICBP,RG,8675,1,D,SQ,PD,D
13:53:37,ICBP,RG,8675,276,D,SQ,MG,D
13:53:37,ICBP,RG,8650,39,D,SQ,KZ,F
13:53:37,ICBP,RG,8650,160,D,SQ,KZ,F
13:53:37,ICBP,RG,8650,200,D,SQ,KZ,F
13:53:37,ICBP,RG,8650,6,D,SQ,SQ,D
13:53:37,ICBP,RG,8650,20,D,SQ,NI,D
13:53:37,ICBP,RG,8650,2,D,SQ,XC,D
13:53:37,ICBP,RG,8650,162,D,SQ,KZ,F
13:53:37,ICBP,RG,8650,325,D,SQ,KZ,F
13:53:37,ICBP,RG,8650,2,D,SQ,KK,D
13:53:37,ICBP,RG,8650,30,D,SQ,LG,D
13:53:37,ICBP,RG,8650,60,D,SQ,LG,D
13:53:37,ICBP,RG,8650,10,D,SQ,NI,D
13:53:37,ICBP,RG,8650,30,D,SQ,LG,D
13:53:37,ICBP,RG,8650,12,D,SQ,KK,D
13:53:37,ICBP,RG,8650,2,D,SQ,XC,D
13:53:37,ICBP,RG,8650,4,D,SQ,SQ,D
13:53:37,ICBP,RG,8650,130,D,SQ,SQ,D
13:53:37,ICBP,RG,8650,40,D,SQ,SQ,D
13:53:37,ICBP,RG,8650,1,D,SQ,XC,D
13:53:37,ICBP,RG,8650,40,D,SQ,IF,D
13:53:37,ICBP,RG,8650,19,D,SQ,PD,D
13:53:37,ICBP,RG,8625,54,D,SQ,ZP,F
13:53:37,ICBP,RG,8625,12,D,SQ,YP,D
13:53:37,ICBP,RG,8625,3,D,SQ,PD,D
13:53:37,ICBP,RG,8625,1,D,SQ,SQ,D
13:53:37,ICBP,RG,8625,21,D,SQ,YP,D
13:53:37,ICBP,RG,8625,635,D,SQ,ZP,F
13:53:37,ICBP,RG,8600,233,D,SQ,ZP,F
13:53:36,ICBP,RG,8600,12,D,PD,ZP,F
13:53:36,ICBP,RG,8600,3,D,PD,DR,D
13:53:28,ICBP,RG,8600,3,F,DX,ZP,F
13:53:28,ICBP,RG,8600,3,F,DX,DR,D
13:53:27,ICBP,RG,8575,132,D,KK,ZP,F
13:53:15,ICBP,RG,8625,750,D,YJ,ZP,F
13:53:02,ICBP,RG,8600,8,F,DX,ZP,F
13:53:02,ICBP,RG,8600,1,F,DX,DR,D
13:52:58,ICBP,RG,8600,1,D,YP,DR,D
13:52:44,ICBP,RG,8625,615,D,PD,ZP,F
13:52:44,ICBP,RG,8625,40,D,PD,PD,D
13:52:44,ICBP,RG,8625,2,D,PD,SQ,D
13:52:44,ICBP,RG,8625,3,D,PD,YP,D
13:52:44,ICBP,RG,8625,130,D,PD,SQ,D
13:52:44,ICBP,RG,8625,40,D,PD,SQ,D
13:52:44,ICBP,RG,8625,1,D,PD,NI,D
13:52:44,ICBP,RG,8625,30,D,PD,YP,D
13:52:44,ICBP,RG,8625,50,D,PD,CC,D
13:52:44,ICBP,RG,8625,13,D,PD,ZP,F
13:52:44,ICBP,RG,8600,50,D,PD,DX,D
13:52:44,ICBP,RG,8600,12,D,PD,NI,D
13:52:44,ICBP,RG,8600,10,D,PD,PD,D
13:52:44,ICBP,RG,8600,10,D,PD,DH,D
13:52:44,ICBP,RG,8600,83,D,PD,ZP,F
13:52:44,ICBP,RG,8600,4,D,PD,DR,D
13:52:44,ICBP,RG,8600,71,D,PD,SQ,D
13:52:11,ICBP,RG,8575,3,D,KK,DR,D
13:52:10,ICBP,RG,8600,18,F,DX,SQ,D
13:52:10,ICBP,RG,8575,1,D,KK,DR,D
13:52:04,ICBP,RG,8575,44,D,KK,DX,D
13:51:56,ICBP,RG,8600,10,D,LG,SQ,D
13:51:37,ICBP,RG,8600,6,F,DX,SQ,D
13:50:50,ICBP,RG,8575,4,D,KK,DR,D
13:50:49,ICBP,RG,8600,1,D,XC,SQ,D
13:50:33,ICBP,RG,8575,43,D,KK,DX,D
13:50:25,ICBP,RG,8575,57,D,KK,ZP,F
13:49:45,ICBP,RG,8575,2,D,KK,PD,D
13:49:28,ICBP,RG,8575,1,D,KK,XC,D
13:48:59,ICBP,RG,8575,43,D,KK,DX,D
13:48:51,ICBP,RG,8600,18,D,PD,SQ,D
13:48:41,ICBP,RG,8600,1,D,XC,SQ,D
13:48:34,ICBP,RG,8600,5,D,DH,SQ,D
13:48:01,ICBP,RG,8575,10,D,KK,CC,D
13:47:50,ICBP,RG,8575,6,D,KK,PD,D
13:47:21,ICBP,RG,8575,55,D,KK,DX,D
13:46:28,ICBP,RG,8575,1,D,KK,YP,D
13:46:23,ICBP,RG,8575,1,D,KK,XC,D
13:45:42,ICBP,RG,8575,49,D,KK,DX,D
13:45:33,ICBP,RG,8600,2,D,NI,SQ,D
13:45:32,ICBP,RG,8600,2,D,XC,SQ,D
13:44:26,ICBP,RG,8575,2,D,KK,DR,D
13:44:24,ICBP,RG,8575,1,D,KK,DR,D
13:44:06,ICBP,RG,8575,48,D,KK,DX,D
13:44:03,ICBP,RG,8600,2,D,YP,SQ,D
13:43:02,ICBP,RG,8575,3,D,KK,DR,D
13:42:33,ICBP,RG,8575,40,D,KK,DX,D
13:41:28,ICBP,RG,8600,1,D,PD,SQ,D
13:41:25,ICBP,RG,8600,5,D,KK,SQ,D
13:41:01,ICBP,RG,8575,52,D,KK,DX,D
13:40:52,ICBP,RG,8575,4,D,KK,PD,D
13:40:50,ICBP,RG,8600,1,D,XC,SQ,D
13:40:38,ICBP,RG,8600,2,D,PD,SQ,D
13:40:35,ICBP,RG,8600,1,D,XC,SQ,D
13:39:25,ICBP,RG,8575,51,D,KK,DX,D
13:39:06,ICBP,RG,8600,6,D,NI,SQ,D
13:38:35,ICBP,RG,8575,23,D,KK,MK,D
13:38:20,ICBP,RG,8600,10,D,YP,SQ,D
13:38:09,ICBP,RG,8600,8,D,YP,SQ,D
13:38:09,ICBP,RG,8600,2,D,YP,ZP,F
13:37:51,ICBP,RG,8600,1,D,PD,ZP,F
13:37:46,ICBP,RG,8575,43,D,KK,DX,D
13:37:32,ICBP,RG,8600,15,D,YP,ZP,F
13:37:07,ICBP,RG,8600,3,D,YP,ZP,F
13:37:04,ICBP,RG,8600,1,D,PD,ZP,F
13:36:53,ICBP,RG,8575,3,D,KK,PD,D
13:36:37,ICBP,RG,8600,1,D,YP,ZP,F
13:36:09,ICBP,RG,8575,56,D,KK,DX,D
13:36:09,ICBP,RG,8600,5,D,XL,ZP,F
13:35:09,ICBP,RG,8575,1,D,KK,XL,D
13:35:06,ICBP,RG,8600,1,D,KK,ZP,F
13:34:58,ICBP,RG,8575,1,D,KK,CC,D
13:34:42,ICBP,RG,8575,16,D,KK,DX,D
13:34:38,ICBP,RG,8575,51,D,KK,DX,D
13:32:54,ICBP,RG,8600,15,D,YP,DX,D
13:32:51,ICBP,RG,8600,14,D,PD,DX,D
13:32:51,ICBP,RG,8600,4,D,PD,AK,F
13:32:40,ICBP,RG,8600,1,D,XC,AK,F
13:32:06,ICBP,RG,8600,1,D,XC,AK,F
13:32:05,ICBP,RG,8600,1,D,PD,AK,F
13:31:42,ICBP,RG,8600,1,D,DH,AK,F
13:31:36,ICBP,RG,8575,29,D,KK,DX,D
13:31:19,ICBP,RG,8600,1,D,PD,DX,D
13:31:06,ICBP,RG,8600,1,D,DR,DX,D
13:31:06,ICBP,RG,8600,9,D,DR,ZP,F
13:30:59,ICBP,RG,8600,60,D,AI,ZP,F
13:30:59,ICBP,RG,8600,8,D,AI,DR,D
13:30:59,ICBP,RG,8600,7,D,AI,YP,D
13:30:59,ICBP,RG,8600,5,D,AI,PD,D
13:30:51,ICBP,RG,8600,1,D,DH,CC,D
13:30:40,ICBP,RG,8600,4,D,AT,PD,D
13:30:16,ICBP,RG,8600,3,D,YP,PD,D
13:30:15,ICBP,RG,8600,1,D,YP,PD,D
13:30:15,ICBP,RG,8600,1,D,NI,PD,D
13:30:14,ICBP,RG,8600,70,D,YP,ZP,F
13:30:14,ICBP,RG,8600,1,D,YP,ZP,F
13:30:13,ICBP,RG,8600,10,D,YP,ZP,F
13:30:13,ICBP,RG,8600,1,D,YP,ZP,F
13:30:13,ICBP,RG,8600,1,D,YP,ZP,F
13:30:12,ICBP,RG,8600,5,D,YP,ZP,F
13:30:10,ICBP,RG,8600,1,D,CC,ZP,F
13:30:10,ICBP,RG,8600,7,D,PD,ZP,F
13:30:10,ICBP,RG,8600,1,D,PD,ZP,F
13:30:10,ICBP,RG,8600,1,D,PD,ZP,F
13:30:09,ICBP,RG,8600,4,D,PD,ZP,F
13:30:09,ICBP,RG,8600,1,D,PD,PD,D
13:30:08,ICBP,RG,8600,1,D,PD,PD,D
13:30:07,ICBP,RG,8625,1,D,XL,ZP,F
13:30:07,ICBP,RG,8625,2,D,PD,ZP,F
13:30:07,ICBP,RG,8600,3,D,PD,PD,D
13:30:07,ICBP,RG,8600,1,D,XC,PD,D
13:30:07,ICBP,RG,8600,1,D,XC,PD,D
13:30:07,ICBP,RG,8600,1,D,XL,PD,D
13:30:07,ICBP,RG,8600,1,D,XL,XC,D
13:30:07,ICBP,RG,8600,1,D,XL,XC,D
13:30:07,ICBP,RG,8600,1,D,XC,XC,D
13:30:07,ICBP,RG,8600,2,D,PD,XC,D
13:30:07,ICBP,RG,8600,1,D,XC,XC,D
13:30:07,ICBP,RG,8600,1,D,XC,XC,D
13:30:07,ICBP,RG,8600,10,D,DH,XC,D
13:30:07,ICBP,RG,8600,5,D,CC,XC,D
13:30:07,ICBP,RG,8600,1,D,PD,XC,D
13:30:05,ICBP,RG,8625,1,D,PD,ZP,F
13:30:05,ICBP,RG,8625,3,D,PD,ZP,F
13:30:05,ICBP,RG,8600,1,D,PD,LG,D
13:30:05,ICBP,RG,8625,1,D,CC,ZP,F
13:30:04,ICBP,RG,8600,1,D,XL,PD,D
13:30:04,ICBP,RG,8600,1,D,XL,PD,D
13:30:04,ICBP,RG,8600,3,D,XL,PD,D
13:30:04,ICBP,RG,8600,1,D,EP,PD,D
13:30:04,ICBP,RG,8600,4,D,EP,PD,D
13:30:03,ICBP,RG,8600,10,D,EP,PD,D
13:30:03,ICBP,RG,8600,1,D,KK,PD,D
13:30:03,ICBP,RG,8600,5,D,DR,PD,D
13:30:03,ICBP,RG,8600,4,D,PD,PD,D
13:30:03,ICBP,RG,8600,1,D,PD,PD,D
13:30:03,ICBP,RG,8600,1,D,CC,PD,D
13:30:03,ICBP,RG,8600,1,D,PD,PD,D
13:30:03,ICBP,RG,8600,3,D,PD,PD,D
13:30:03,ICBP,RG,8600,1,D,PD,PD,D
13:30:03,ICBP,RG,8600,1,D,KK,PD,D
13:30:03,ICBP,RG,8600,1,D,KK,PD,D
13:30:03,ICBP,RG,8600,1,D,DR,PD,D
13:30:03,ICBP,RG,8600,1,D,KK,PD,D
13:30:03,ICBP,RG,8625,1,D,PD,ZP,F
13:30:03,ICBP,RG,8600,1,D,PD,IF,D
13:30:03,ICBP,RG,8600,2,D,KK,IF,D
13:30:03,ICBP,RG,8600,1,D,PD,IF,D
13:30:03,ICBP,RG,8600,1,D,KK,IF,D
13:30:02,ICBP,RG,8600,1,D,KK,PD,D
13:30:01,ICBP,RG,8600,1,D,PD,DX,D
13:30:01,ICBP,RG,8600,12,D,PD,DX,D
11:29:54,ICBP,RG,8600,1,D,PD,ZP,F
11:29:53,ICBP,RG,8600,2,D,PD,ZP,F
11:29:41,ICBP,RG,8575,13,D,KK,ZP,F
11:29:31,ICBP,RG,8575,35,D,KK,RX,F
11:29:29,ICBP,RG,8575,31,D,KK,ZP,F
11:29:29,ICBP,RG,8600,10,D,DR,ZP,F
11:29:29,ICBP,RG,8600,2,D,XC,ZP,F
11:29:29,ICBP,RG,8600,1,D,PD,ZP,F
11:29:29,ICBP,RG,8600,1,D,YP,ZP,F
11:29:29,ICBP,RG,8600,2,D,YP,ZP,F
11:29:15,ICBP,RG,8600,18,D,YP,RX,F
11:28:55,ICBP,RG,8600,10,D,YP,RX,F
11:28:55,ICBP,RG,8600,1,D,CC,RX,F
11:28:55,ICBP,RG,8600,2,D,YP,RX,F
11:28:55,ICBP,RG,8600,1,D,XC,RX,F
11:28:55,ICBP,RG,8600,3,D,PD,RX,F
11:28:55,ICBP,RG,8600,1,D,YP,RX,F
11:28:55,ICBP,RG,8600,4,D,XL,RX,F
11:28:55,ICBP,RG,8600,1,D,YP,RX,F
11:28:55,ICBP,RG,8600,1,D,PD,RX,F
11:28:32,ICBP,RG,8600,1,D,CC,DR,D
11:28:30,ICBP,RG,8600,2,D,CC,RX,F
11:28:30,ICBP,RG,8600,7,D,PD,RX,F
11:28:30,ICBP,RG,8600,10,D,EP,RX,F
11:28:30,ICBP,RG,8600,1,D,YP,RX,F
11:28:30,ICBP,RG,8600,10,D,KK,RX,F
11:28:30,ICBP,RG,8600,1,D,XL,RX,F
11:28:30,ICBP,RG,8600,1,D,PD,RX,F
11:28:30,ICBP,RG,8600,15,D,XA,RX,F
11:28:30,ICBP,RG,8600,1,D,XC,RX,F
11:28:30,ICBP,RG,8600,3,D,EP,RX,F
11:28:30,ICBP,RG,8600,3,D,NI,RX,F
11:28:30,ICBP,RG,8600,1,D,PD,RX,F
11:28:30,ICBP,RG,8600,1,D,XC,RX,F
11:28:30,ICBP,RG,8600,1,D,SQ,RX,F
11:28:30,ICBP,RG,8600,1,D,YP,RX,F
11:28:30,ICBP,RG,8600,8,D,KK,RX,F
11:28:30,ICBP,RG,8600,2,D,HP,RX,F
11:28:30,ICBP,RG,8600,1,D,YP,RX,F
11:28:30,ICBP,RG,8600,1,D,PD,RX,F
11:28:30,ICBP,RG,8600,20,D,YP,RX,F
11:28:30,ICBP,RG,8600,32,D,TP,RX,F
11:28:13,ICBP,RG,8600,11,D,TP,YB,D
11:26:19,ICBP,RG,8600,23,D,TP,RX,F
11:26:10,ICBP,RG,8600,28,D,TP,YP,D
11:25:54,ICBP,RG,8600,26,D,TP,RX,F
11:25:54,ICBP,RG,8600,9,D,TP,OD,D
11:25:53,ICBP,RG,8600,5,D,TP,DR,D
11:24:42,ICBP,RG,8600,1,D,TP,DH,D
11:24:35,ICBP,RG,8600,1,D,TP,XL,D
11:23:29,ICBP,RG,8600,1,D,TP,DR,D
11:23:28,ICBP,RG,8600,13,D,TP,ZP,F
11:23:28,ICBP,RG,8600,1,D,SQ,ZP,F
11:23:28,ICBP,RG,8600,2,D,AZ,ZP,F
11:23:28,ICBP,RG,8600,1,D,PD,ZP,F
11:23:28,ICBP,RG,8600,3,D,OD,ZP,F
11:23:27,ICBP,RG,8600,4,D,OD,DR,D
11:23:20,ICBP,RG,8600,10,D,OD,YP,D
11:21:54,ICBP,RG,8600,25,D,OD,RX,F
11:21:23,ICBP,RG,8600,12,D,OD,RX,F
11:21:23,ICBP,RG,8600,5,D,SQ,RX,F
11:21:23,ICBP,RG,8600,2,D,YP,RX,F
11:21:23,ICBP,RG,8600,1,D,PD,RX,F
11:21:23,ICBP,RG,8600,4,D,SQ,RX,F
11:20:53,ICBP,RG,8600,1,D,SQ,RX,F
11:20:53,ICBP,RG,8600,1,D,PD,RX,F
11:20:53,ICBP,RG,8600,2,D,YP,RX,F
11:20:53,ICBP,RG,8600,2,D,XC,RX,F
11:20:53,ICBP,RG,8600,2,D,XC,RX,F
11:20:53,ICBP,RG,8600,1,D,SQ,RX,F
11:20:53,ICBP,RG,8600,10,D,PD,RX,F
11:20:53,ICBP,RG,8600,2,D,YP,RX,F
11:20:52,ICBP,RG,8600,18,D,YP,ZP,F
11:20:52,ICBP,RG,8600,20,D,YP,ZP,F
11:20:52,ICBP,RG,8600,2,D,PD,ZP,F
11:20:52,ICBP,RG,8600,6,D,XC,ZP,F
11:20:27,ICBP,RG,8600,13,D,XC,RX,F
11:20:27,ICBP,RG,8600,1,D,PD,RX,F
11:20:27,ICBP,RG,8600,1,D,KK,RX,F
11:20:27,ICBP,RG,8600,5,D,KK,RX,F
11:20:27,ICBP,RG,8600,1,D,NI,RX,F
11:20:01,ICBP,RG,8600,1,D,XC,RX,F
11:20:01,ICBP,RG,8600,1,D,PD,RX,F
11:20:01,ICBP,RG,8600,41,D,EP,RX,F
11:19:55,ICBP,RG,8600,130,D,EP,SQ,D
11:19:51,ICBP,RG,8600,53,D,EP,ZP,F
11:19:50,ICBP,RG,8600,6,D,EP,SQ,D
11:19:50,ICBP,RG,8600,6,D,XC,SQ,D
11:19:50,ICBP,RG,8600,1,D,XL,SQ,D
11:19:50,ICBP,RG,8600,1,D,PD,SQ,D
11:19:50,ICBP,RG,8600,1,D,PD,SQ,D
11:19:50,ICBP,RG,8600,10,D,NI,SQ,D
11:19:50,ICBP,RG,8600,1,D,YP,SQ,D
11:19:50,ICBP,RG,8600,5,D,YP,SQ,D
11:19:50,ICBP,RG,8600,2,D,SQ,SQ,D
11:19:50,ICBP,RG,8600,7,D,LG,SQ,D
11:19:40,ICBP,RG,8600,43,D,LG,RX,F
11:19:40,ICBP,RG,8600,1,D,XC,RX,F
11:19:40,ICBP,RG,8600,1,D,XC,RX,F
11:19:40,ICBP,RG,8600,1,D,YP,RX,F
11:19:40,ICBP,RG,8600,1,D,CC,RX,F
11:19:40,ICBP,RG,8600,2,D,NI,RX,F
11:19:40,ICBP,RG,8600,3,D,NI,RX,F
11:19:40,ICBP,RG,8600,1,D,PD,RX,F
11:19:40,ICBP,RG,8600,3,D,OD,RX,F
11:19:18,ICBP,RG,8600,2,D,OD,NI,D
11:19:18,ICBP,RG,8600,1,D,NI,NI,D
11:19:18,ICBP,RG,8600,1,D,PD,NI,D
11:19:18,ICBP,RG,8600,1,D,DR,NI,D
11:19:18,ICBP,RG,8600,1,D,XC,NI,D
11:19:18,ICBP,RG,8600,3,D,CC,NI,D
11:19:18,ICBP,RG,8600,1,D,YP,NI,D
11:19:18,ICBP,RG,8600,1,D,YP,NI,D
11:19:18,ICBP,RG,8600,1,D,PD,NI,D
11:19:18,ICBP,RG,8600,1,D,PD,NI,D
11:19:18,ICBP,RG,8600,1,D,CC,NI,D
11:19:18,ICBP,RG,8600,1,D,GR,NI,D
11:19:18,ICBP,RG,8600,1,D,XC,NI,D
11:19:18,ICBP,RG,8600,20,D,OD,NI,D
11:19:18,ICBP,RG,8600,5,D,XC,NI,D
11:19:18,ICBP,RG,8600,5,D,YP,NI,D
11:19:18,ICBP,RG,8600,12,D,NI,NI,D
11:19:18,ICBP,RG,8600,6,D,EP,NI,D
11:19:18,ICBP,RG,8600,2,D,HP,NI,D
11:19:18,ICBP,RG,8600,1,D,PD,NI,D
11:19:18,ICBP,RG,8600,1,D,PD,NI,D
11:19:18,ICBP,RG,8600,1,D,PD,NI,D
11:19:18,ICBP,RG,8600,2,D,YP,NI,D
11:19:18,ICBP,RG,8600,1,D,PD,NI,D
11:19:18,ICBP,RG,8600,1,D,XC,NI,D
11:19:18,ICBP,RG,8600,3,D,NI,NI,D
11:19:18,ICBP,RG,8600,5,D,YP,NI,D
11:19:18,ICBP,RG,8600,5,D,SQ,NI,D
11:19:18,ICBP,RG,8600,2,D,KK,NI,D
11:19:18,ICBP,RG,8600,21,D,XA,NI,D
11:19:10,ICBP,RG,8600,119,D,XA,RX,F
11:18:46,ICBP,RG,8600,10,D,XA,ZP,F
11:18:46,ICBP,RG,8600,1,D,XC,ZP,F
11:18:46,ICBP,RG,8600,1,D,PD,ZP,F
11:18:46,ICBP,RG,8600,6,D,CC,ZP,F
11:18:46,ICBP,RG,8600,1,D,XC,ZP,F
11:18:46,ICBP,RG,8600,20,D,CC,ZP,F
11:18:46,ICBP,RG,8600,5,D,GR,ZP,F
11:18:46,ICBP,RG,8600,1,D,XC,ZP,F
11:18:46,ICBP,RG,8600,4,D,PD,ZP,F
11:18:42,ICBP,RG,8600,14,D,PD,RX,F
11:18:42,ICBP,RG,8600,1,D,DR,RX,F
11:18:42,ICBP,RG,8600,1,D,PD,RX,F
11:18:42,ICBP,RG,8600,20,D,GR,RX,F
11:18:42,ICBP,RG,8600,1,D,NI,RX,F
11:18:42,ICBP,RG,8600,5,D,CC,RX,F
11:18:42,ICBP,RG,8600,5,D,AZ,RX,F
11:18:42,ICBP,RG,8600,1,D,PD,RX,F
11:18:42,ICBP,RG,8600,2,D,XC,RX,F
11:18:42,ICBP,RG,8600,1,D,XC,RX,F
11:18:42,ICBP,RG,8600,1,D,XC,RX,F
11:18:42,ICBP,RG,8600,4,D,XC,RX,F
11:18:42,ICBP,RG,8600,5,D,PD,RX,F
11:18:42,ICBP,RG,8600,2,D,NI,RX,F
11:18:42,ICBP,RG,8600,20,D,SQ,RX,F
11:18:42,ICBP,RG,8600,1,D,YP,RX,F
11:18:42,ICBP,RG,8600,15,D,PD,RX,F
11:18:42,ICBP,RG,8600,9,D,NI,RX,F
11:18:42,ICBP,RG,8600,1,D,KK,RX,F
11:18:42,ICBP,RG,8600,3,D,PD,RX,F
11:18:42,ICBP,RG,8600,5,D,PD,RX,F
11:18:42,ICBP,RG,8600,1,D,PD,RX,F
11:18:42,ICBP,RG,8600,1,D,CC,RX,F
11:18:42,ICBP,RG,8600,15,D,KK,RX,F
11:18:42,ICBP,RG,8600,20,D,YP,RX,F
11:18:42,ICBP,RG,8600,1,D,TP,RX,F
11:18:42,ICBP,RG,8600,2,D,DH,RX,F
11:18:42,ICBP,RG,8600,1,D,YB,RX,F
11:18:09,ICBP,RG,8625,2,D,NI,ZP,F
11:16:32,ICBP,RG,8600,98,D,YU,RX,F
11:16:13,ICBP,RG,8600,4,D,YU,DR,D
11:16:12,ICBP,RG,8600,1,D,YU,DR,D
11:15:49,ICBP,RG,8625,15,D,PD,ZP,F
11:15:36,ICBP,RG,8600,85,D,YU,RX,F
11:15:13,ICBP,RG,8600,4,D,YU,YP,D
11:14:18,ICBP,RG,8600,27,D,YU,RX,F
11:13:50,ICBP,RG,8625,1,D,YP,ZP,F
11:13:27,ICBP,RG,8600,5,D,YU,DR,D
11:13:24,ICBP,RG,8600,14,D,YU,ZP,F
11:13:20,ICBP,RG,8600,45,D,YU,RX,F
11:13:17,ICBP,RG,8600,47,D,YU,ZP,F
11:13:15,ICBP,RG,8600,3,D,YU,PD,D
11:12:52,ICBP,RG,8600,117,D,YU,SQ,D
11:12:52,ICBP,RG,8600,1,D,DR,SQ,D
11:12:52,ICBP,RG,8600,5,D,DH,SQ,D
11:12:52,ICBP,RG,8600,1,D,YP,SQ,D
11:12:52,ICBP,RG,8600,1,D,YP,SQ,D
11:12:52,ICBP,RG,8600,2,D,PD,SQ,D
11:12:52,ICBP,RG,8600,1,D,PD,SQ,D
11:12:52,ICBP,RG,8600,2,D,SQ,SQ,D
11:12:46,ICBP,RG,8600,27,D,SQ,SQ,D
11:12:46,ICBP,RG,8600,13,D,NI,SQ,D
11:12:37,ICBP,RG,8600,2,D,NI,YP,D
11:11:42,ICBP,RG,8600,38,D,NI,RX,F
11:11:28,ICBP,RG,8625,1,D,PD,ZP,F
11:11:16,ICBP,RG,8600,1,D,NI,KK,D
11:10:21,ICBP,RG,8600,19,D,NI,RX,F
11:09:58,ICBP,RG,8600,2,D,NI,YP,D
11:09:32,ICBP,RG,8625,3,D,PD,ZP,F
11:09:23,ICBP,RG,8600,40,D,NI,RX,F
11:09:23,ICBP,RG,8600,3,D,NI,PD,D
11:08:52,ICBP,RG,8600,2,D,NI,PD,D
11:08:38,ICBP,RG,8600,30,D,NI,ZP,F
11:06:44,ICBP,RG,8600,13,D,NI,RX,F
11:06:10,ICBP,RG,8600,4,D,NI,DR,D
11:06:08,ICBP,RG,8600,1,D,NI,DR,D
11:05:51,ICBP,RG,8600,48,D,NI,RX,F
11:05:33,ICBP,RG,8600,1,D,NI,YP,D
11:04:38,ICBP,RG,8600,79,D,NI,RX,F
11:04:23,ICBP,RG,8625,18,D,PD,ZP,F
11:03:49,ICBP,RG,8600,27,D,NI,RX,F
11:03:47,ICBP,RG,8600,64,D,NI,RX,F
11:03:26,ICBP,RG,8600,6,D,NI,DR,D
11:03:25,ICBP,RG,8600,44,D,NI,ZP,F
11:02:55,ICBP,RG,8600,19,D,NI,RX,F
11:02:36,ICBP,RG,8600,3,D,NI,PD,D
11:02:10,ICBP,RG,8600,160,D,NI,AK,F
11:01:56,ICBP,RG,8600,28,D,NI,ZP,F
11:01:56,ICBP,RG,8600,60,D,NI,SQ,D
11:01:39,ICBP,RG,8600,38,D,NI,ZP,F
11:01:38,ICBP,RG,8600,141,D,NI,RX,F
11:01:37,ICBP,RG,8600,114,D,NI,SQ,D
11:01:37,ICBP,RG,8600,5,D,PD,SQ,D
11:01:37,ICBP,RG,8600,1,D,YP,SQ,D
11:01:37,ICBP,RG,8600,10,D,XA,SQ,D
11:01:33,ICBP,RG,8600,20,D,XA,SQ,D
11:01:33,ICBP,RG,8600,5,D,XC,SQ,D
11:01:33,ICBP,RG,8600,15,D,YB,SQ,D
11:01:15,ICBP,RG,8600,53,D,YB,RX,F
11:01:11,ICBP,RG,8625,3,D,DR,ZP,F
11:01:01,ICBP,RG,8625,5,D,KK,ZP,F
11:00:43,ICBP,RG,8600,37,D,YB,RX,F
11:00:40,ICBP,RG,8625,1,D,XC,ZP,F
11:00:10,ICBP,RG,8625,2,D,EP,ZP,F
10:59:39,ICBP,RG,8625,18,D,PD,ZP,F
10:59:14,ICBP,RG,8625,1,D,KK,ZP,F
10:58:53,ICBP,RG,8625,1,D,KK,ZP,F
10:58:10,ICBP,RG,8600,19,D,YB,RX,F
10:57:52,ICBP,RG,8600,2,D,YB,YB,D
10:57:18,ICBP,RG,8600,1,D,YB,XC,D
10:57:14,ICBP,RG,8600,28,D,YB,ZP,F
10:57:13,ICBP,RG,8600,88,D,YB,RX,F
10:56:58,ICBP,RG,8600,2,D,YB,XC,D
10:56:46,ICBP,RG,8600,6,D,YB,PD,D
10:56:44,ICBP,RG,8600,5,D,YB,DR,D
10:56:13,ICBP,RG,8600,22,D,YB,RX,F
10:55:25,ICBP,RG,8600,7,D,YB,DR,D
10:55:07,ICBP,RG,8600,15,D,YB,RX,F
10:55:07,ICBP,RG,8600,1,D,XL,RX,F
10:55:06,ICBP,RG,8600,1,D,XL,DR,D
10:55:06,ICBP,RG,8600,4,D,DH,DR,D
10:54:27,ICBP,RG,8600,90,D,DH,RX,F
10:54:08,ICBP,RG,8600,1,D,DH,PD,D
10:53:38,ICBP,RG,8600,5,D,DH,RX,F
10:53:38,ICBP,RG,8600,1,D,PD,RX,F
10:53:38,ICBP,RG,8600,16,D,XA,RX,F
10:53:05,ICBP,RG,8625,1,D,YP,ZP,F
10:51:15,ICBP,RG,8625,5,D,YP,ZP,F
10:51:11,ICBP,RG,8625,2,D,YP,ZP,F
10:50:14,ICBP,RG,8625,1,D,PD,ZP,F
10:50:08,ICBP,RG,8625,50,D,GR,ZP,F
10:50:08,ICBP,RG,8600,14,D,XA,RX,F
10:50:08,ICBP,RG,8600,6,D,YP,RX,F
10:50:08,ICBP,RG,8600,5,D,PD,RX,F
10:50:08,ICBP,RG,8600,1,D,PD,RX,F
10:49:55,ICBP,RG,8625,2,D,PD,ZP,F
10:49:14,ICBP,RG,8600,4,D,PD,RX,F
10:49:14,ICBP,RG,8600,1,D,AT,RX,F
10:49:14,ICBP,RG,8600,6,D,DX,RX,F
10:49:14,ICBP,RG,8600,1,D,CC,RX,F
10:49:14,ICBP,RG,8600,1,D,YP,RX,F
10:49:14,ICBP,RG,8600,14,D,DR,RX,F
10:48:20,ICBP,RG,8600,11,D,DR,RX,F
10:48:20,ICBP,RG,8600,10,D,DR,RX,F
10:48:20,ICBP,RG,8600,14,D,YP,RX,F
10:48:16,ICBP,RG,8600,1,D,YP,DR,D
10:48:04,ICBP,RG,8600,30,D,YP,PD,D
10:47:37,ICBP,RG,8625,2,D,XC,ZP,F
10:46:45,ICBP,RG,8600,4,D,YP,DR,D
10:46:43,ICBP,RG,8600,1,D,YP,DR,D
10:46:43,ICBP,RG,8625,18,D,PD,ZP,F
10:46:13,ICBP,RG,8625,10,D,YP,ZP,F
10:45:58,ICBP,RG,8625,18,D,PD,ZP,F
10:45:54,ICBP,RG,8625,11,D,PD,ZP,F
10:45:54,ICBP,RG,8625,7,D,PD,AK,F
10:45:06,ICBP,RG,8600,5,D,YP,DR,D
10:44:37,ICBP,RG,8600,8,D,YP,RX,F
10:44:37,ICBP,RG,8600,30,D,XA,RX,F
10:44:37,ICBP,RG,8600,11,D,YP,RX,F
10:44:35,ICBP,RG,8600,3,D,YP,XC,D
10:44:04,ICBP,RG,8600,36,D,YP,ZP,F
10:44:04,ICBP,RG,8600,9,D,EP,ZP,F
10:42:52,ICBP,RG,8625,3,D,KK,AK,F
10:41:58,ICBP,RG,8625,1,D,XC,AK,F
10:41:54,ICBP,RG,8600,55,D,EP,ZP,F
10:40:14,ICBP,RG,8600,84,D,EP,RX,F
10:40:12,ICBP,RG,8600,59,D,EP,RX,F
10:40:12,ICBP,RG,8600,155,D,YJ,RX,F
10:39:53,ICBP,RG,8625,10,D,CC,AK,F
10:39:51,ICBP,RG,8625,1,D,XC,AK,F
10:37:35,ICBP,RG,8600,37,D,YJ,RX,F
10:36:55,ICBP,RG,8600,5,D,YJ,DR,D
10:36:51,ICBP,RG,8625,1,D,XC,AK,F
10:36:39,ICBP,RG,8625,2,D,YP,AK,F
10:35:57,ICBP,RG,8600,42,D,YJ,RX,F
10:35:46,ICBP,RG,8625,1,D,NI,AK,F
10:35:17,ICBP,RG,8600,54,D,YJ,RX,F
10:35:06,ICBP,RG,8600,5,D,YJ,DR,D
10:34:05,ICBP,RG,8600,8,D,YJ,RX,F
10:33:58,ICBP,RG,8625,10,D,KK,ZP,F
10:33:25,ICBP,RG,8625,1,D,ZP,ZP,F
10:33:12,ICBP,RG,8625,1,D,DH,ZP,F
10:33:05,ICBP,RG,8625,50,D,AI,ZP,F
10:32:46,ICBP,RG,8625,1,D,PD,ZP,F
10:31:58,ICBP,RG,8625,18,D,PD,ZP,F
10:31:08,ICBP,RG,8600,148,D,YJ,RX,F
10:30:52,ICBP,RG,8600,239,D,YJ,ZP,F
10:30:52,ICBP,RG,8625,2,D,PD,ZP,F
10:29:59,ICBP,RG,8600,20,D,YJ,RX,F
10:28:44,ICBP,RG,8625,10,D,XC,ZP,F
10:28:23,ICBP,RG,8625,3,D,NI,ZP,F
10:28:04,ICBP,RG,8600,1,D,YJ,DR,D
10:28:02,ICBP,RG,8625,10,D,XC,ZP,F
10:27:11,ICBP,RG,8600,22,D,YJ,RX,F
10:26:29,ICBP,RG,8600,14,D,YJ,RX,F
10:26:29,ICBP,RG,8600,8,D,YP,RX,F
10:25:50,ICBP,RG,8625,1,D,PD,ZP,F
10:25:47,ICBP,RG,8600,21,D,YP,RX,F
10:25:46,ICBP,RG,8600,5,D,YP,DR,D
10:25:28,ICBP,RG,8600,5,D,YP,KK,D
10:25:09,ICBP,RG,8600,11,D,YP,RX,F
10:25:09,ICBP,RG,8600,10,D,YP,RX,F
10:24:39,ICBP,RG,8600,6,D,YP,CC,D
10:24:13,ICBP,RG,8600,23,D,YP,RX,F
10:24:07,ICBP,RG,8600,2,D,YP,YP,D
10:23:35,ICBP,RG,8600,9,D,YP,PD,D
10:23:35,ICBP,RG,8600,31,D,MG,PD,D
10:23:25,ICBP,RG,8600,6,D,MG,DR,D
10:23:09,ICBP,RG,8600,24,D,MG,RX,F
10:22:46,ICBP,RG,8600,20,D,MG,PD,D
10:22:02,ICBP,RG,8600,15,D,MG,NI,D
10:22:00,ICBP,RG,8600,87,D,MG,RX,F
10:21:58,ICBP,RG,8625,18,D,PD,ZP,F
10:21:38,ICBP,RG,8600,11,D,MG,NI,D
10:21:25,ICBP,RG,8625,4,D,XC,ZP,F
10:21:09,ICBP,RG,8600,19,D,MG,RX,F
10:20:30,ICBP,RG,8625,1,D,CC,ZP,F
10:20:16,ICBP,RG,8600,11,D,MG,RX,F
10:20:11,ICBP,RG,8625,241,D,MG,ZP,F
10:20:11,ICBP,RG,8625,2,D,MG,NI,D
10:20:11,ICBP,RG,8625,257,D,MG,GW,F
10:20:04,ICBP,RG,8625,2,D,YP,GW,F
10:20:04,ICBP,RG,8625,1,D,PD,GW,F
10:20:04,ICBP,RG,8625,1,D,XC,GW,F
10:20:04,ICBP,RG,8625,1,D,KK,GW,F
10:20:04,ICBP,RG,8625,5,D,SQ,GW,F
10:20:04,ICBP,RG,8625,100,D,DH,GW,F
10:20:04,ICBP,RG,8625,1,D,XC,GW,F
10:20:04,ICBP,RG,8625,20,D,YP,GW,F
10:20:04,ICBP,RG,8625,2,D,YP,GW,F
10:20:04,ICBP,RG,8625,1,D,YP,GW,F
10:20:04,ICBP,RG,8625,1,D,PD,GW,F
10:20:04,ICBP,RG,8625,18,D,PD,GW,F
10:20:04,ICBP,RG,8625,3,D,XC,GW,F
10:20:04,ICBP,RG,8625,30,D,XA,GW,F
10:20:04,ICBP,RG,8625,1,D,XC,GW,F
10:20:04,ICBP,RG,8625,300,D,YB,GW,F
10:20:04,ICBP,RG,8625,3,D,XC,GW,F
10:20:04,ICBP,RG,8625,53,D,YJ,GW,F
10:19:53,ICBP,RG,8625,38,D,YJ,RX,F
10:19:51,ICBP,RG,8650,2,D,PD,ZP,F
10:19:11,ICBP,RG,8625,5,D,YJ,PD,D
10:19:10,ICBP,RG,8625,29,D,YJ,RX,F
10:19:07,ICBP,RG,8625,1,D,YJ,PD,D
10:18:56,ICBP,RG,8625,130,D,YJ,SQ,D
10:18:50,ICBP,RG,8625,4,D,YJ,XC,D
10:18:47,ICBP,RG,8625,40,D,YJ,SQ,D
10:18:38,ICBP,RG,8625,31,D,YJ,RX,F
10:18:09,ICBP,RG,8625,69,D,YJ,ZP,F
10:18:09,ICBP,RG,8625,100,D,KK,ZP,F
10:18:09,ICBP,RG,8625,1,D,YP,ZP,F
10:18:09,ICBP,RG,8625,2,D,YP,ZP,F
10:18:09,ICBP,RG,8625,132,D,KI,ZP,F
10:18:03,ICBP,RG,8625,59,D,KI,RX,F
10:17:48,ICBP,RG,8650,10,D,GR,ZP,F
10:16:57,ICBP,RG,8625,30,D,KI,RX,F
10:16:39,ICBP,RG,8650,1,D,PD,ZP,F
10:16:24,ICBP,RG,8625,30,D,KI,RX,F
10:16:22,ICBP,RG,8625,43,D,KI,ZP,F
10:15:49,ICBP,RG,8625,39,D,KI,RX,F
10:15:47,ICBP,RG,8625,2,D,KI,DR,D
10:15:43,ICBP,RG,8625,270,D,KI,GW,F
10:15:43,ICBP,RG,8625,230,D,YJ,GW,F
10:15:10,ICBP,RG,8625,50,D,YJ,CC,D
10:14:07,ICBP,RG,8625,1,D,YJ,XC,D
10:13:46,ICBP,RG,8625,76,D,YJ,RX,F
10:13:26,ICBP,RG,8625,3,D,YJ,DR,D
10:11:45,ICBP,RG,8625,2,D,YJ,XL,D
10:11:41,ICBP,RG,8625,5,D,YJ,EP,D
10:11:39,ICBP,RG,8650,18,D,PD,ZP,F
10:11:14,ICBP,RG,8650,2,D,EP,ZP,F
10:10:41,ICBP,RG,8650,4,D,EP,ZP,F
10:09:49,ICBP,RG,8650,1,D,PD,ZP,F
10:09:48,ICBP,RG,8650,7,D,KK,ZP,F
10:09:44,ICBP,RG,8650,3,D,EP,ZP,F
10:08:16,ICBP,RG,8650,2,D,PD,ZP,F
10:07:48,ICBP,RG,8650,300,D,YB,ZP,F
10:07:44,ICBP,RG,8625,33,D,YJ,ZP,F
10:07:44,ICBP,RG,8625,10,D,PD,ZP,F
10:07:44,ICBP,RG,8625,50,D,AI,ZP,F
10:07:44,ICBP,RG,8625,200,D,CC,ZP,F
10:07:44,ICBP,RG,8625,1,D,YB,ZP,F
10:07:44,ICBP,RG,8625,30,D,XA,ZP,F
10:07:44,ICBP,RG,8625,1,D,XC,ZP,F
10:07:44,ICBP,RG,8625,3,D,PD,ZP,F
10:07:44,ICBP,RG,8625,30,D,XA,ZP,F
10:07:44,ICBP,RG,8625,1,D,SQ,ZP,F
10:07:44,ICBP,RG,8625,8,D,CC,ZP,F
10:07:44,ICBP,RG,8625,50,D,EP,ZP,F
10:07:44,ICBP,RG,8625,10,D,XC,ZP,F
10:07:44,ICBP,RG,8625,1,D,AT,ZP,F
10:07:44,ICBP,RG,8625,5,D,PD,ZP,F
10:07:44,ICBP,RG,8625,30,D,YP,ZP,F
10:07:44,ICBP,RG,8625,10,D,DR,ZP,F
10:07:44,ICBP,RG,8625,5,D,DR,ZP,F
10:07:44,ICBP,RG,8625,52,D,KI,ZP,F
10:07:44,ICBP,RG,8625,93,D,KI,ZP,F
10:07:27,ICBP,RG,8625,500,D,KI,GW,F
10:06:46,ICBP,RG,8625,40,D,KI,ZP,F
10:06:44,ICBP,RG,8625,230,D,KI,ZP,F
10:06:12,ICBP,RG,8625,85,D,KI,DX,D
10:06:12,ICBP,RG,8625,20,D,YP,DX,D
10:06:12,ICBP,RG,8625,535,D,YJ,DX,D
10:06:12,ICBP,RG,8625,165,D,YJ,DX,D
10:06:12,ICBP,RG,8625,6,D,YP,DX,D
10:06:12,ICBP,RG,8625,200,D,YJ,DX,D
10:06:12,ICBP,RG,8625,479,D,KI,DX,D
10:06:12,ICBP,RG,8650,1,D,PD,ZP,F
10:05:38,ICBP,RG,8650,3,D,KK,ZP,F
10:05:11,ICBP,RG,8650,27,D,YU,ZP,F
10:04:04,ICBP,RG,8625,1,D,KI,PD,D
10:03:45,ICBP,RG,8650,1,D,PD,ZP,F
10:03:07,ICBP,RG,8625,1,D,KI,XC,D
10:01:53,ICBP,RG,8650,1,D,KK,ZP,F
10:01:10,ICBP,RG,8650,4,D,PD,ZP,F
10:00:26,ICBP,RG,8625,1,D,KI,OD,D
9:59:41,ICBP,RG,8650,1,D,AT,YP,D
9:59:20,ICBP,RG,8625,2,D,KI,CC,D
9:58:12,ICBP,RG,8625,16,D,KI,ZP,F
9:57:47,ICBP,RG,8600,91,D,MG,ZP,F
9:57:46,ICBP,RG,8600,185,D,MG,ZP,F
9:57:46,ICBP,RG,8600,50,D,YP,ZP,F
9:57:46,ICBP,RG,8600,50,D,YP,ZP,F
9:57:46,ICBP,RG,8600,50,D,YP,ZP,F
9:57:46,ICBP,RG,8600,160,F,BK,ZP,F
9:57:46,ICBP,RG,8600,15,D,YP,ZP,F
9:57:40,ICBP,RG,8575,499,D,KK,ZP,F
9:57:40,ICBP,RG,8575,1,D,YP,ZP,F
9:57:40,ICBP,RG,8575,1,D,YP,ZP,F
9:57:40,ICBP,RG,8575,10,D,SQ,ZP,F
9:57:40,ICBP,RG,8575,1,D,PD,ZP,F
9:57:40,ICBP,RG,8575,5,D,PD,ZP,F
9:57:40,ICBP,RG,8575,5,D,CC,ZP,F
9:57:40,ICBP,RG,8575,1,D,YP,ZP,F
9:57:40,ICBP,RG,8575,1,D,CC,ZP,F
9:57:40,ICBP,RG,8575,3,D,CC,ZP,F
9:57:40,ICBP,RG,8575,1,D,SQ,ZP,F
9:57:40,ICBP,RG,8575,5,D,AG,ZP,F
9:57:40,ICBP,RG,8575,5,D,GR,ZP,F
9:57:40,ICBP,RG,8575,5,D,CC,ZP,F
9:57:40,ICBP,RG,8575,2,D,CC,ZP,F
9:57:40,ICBP,RG,8575,89,D,YP,ZP,F
9:57:40,ICBP,RG,8600,51,D,KK,ZP,F
9:57:40,ICBP,RG,8600,1,D,PD,ZP,F
9:57:40,ICBP,RG,8600,1,D,XL,ZP,F
9:57:40,ICBP,RG,8600,20,D,CC,ZP,F
9:57:40,ICBP,RG,8600,5,D,XL,ZP,F
9:57:40,ICBP,RG,8600,1,D,XC,ZP,F
9:57:40,ICBP,RG,8600,1,D,CC,ZP,F
9:57:40,ICBP,RG,8600,1,D,CC,ZP,F
9:57:40,ICBP,RG,8600,50,D,CC,ZP,F
9:57:40,ICBP,RG,8600,46,D,YP,ZP,F
9:57:40,ICBP,RG,8750,1059,D,SQ,ZP,F
9:57:39,ICBP,RG,8750,1000,D,SQ,GW,F
9:57:39,ICBP,RG,8750,4,D,SQ,YP,D
9:57:39,ICBP,RG,8750,1146,D,SQ,PD,D
9:57:39,ICBP,RG,8750,5,D,SQ,PD,D
9:57:39,ICBP,RG,8750,1,D,SQ,PD,D
9:57:39,ICBP,RG,8750,5,D,SQ,PD,D
9:57:39,ICBP,RG,8750,2,D,SQ,YP,D
9:57:39,ICBP,RG,8750,50,D,SQ,AI,D
9:57:39,ICBP,RG,8750,2,D,SQ,YP,D
9:57:39,ICBP,RG,8750,12,D,SQ,XA,D
9:57:39,ICBP,RG,8750,7,D,SQ,XA,D
9:57:39,ICBP,RG,8750,10,D,SQ,PD,D
9:57:39,ICBP,RG,8750,8,D,SQ,XA,D
9:57:39,ICBP,RG,8750,5,D,SQ,PD,D
9:57:39,ICBP,RG,8750,2,D,SQ,YP,D
9:57:39,ICBP,RG,8750,10,D,SQ,PD,D
9:57:39,ICBP,RG,8750,2,D,SQ,PD,D
9:57:39,ICBP,RG,8750,100,D,SQ,DH,D
9:57:39,ICBP,RG,8750,2,D,SQ,YP,D
9:57:39,ICBP,RG,8750,50,D,SQ,EP,D
9:57:39,ICBP,RG,8750,205,D,SQ,EP,D
9:57:39,ICBP,RG,8750,50,D,SQ,YP,D
9:57:39,ICBP,RG,8750,2,D,SQ,XL,D
9:57:39,ICBP,RG,8750,15,D,SQ,XA,D
9:57:39,ICBP,RG,8750,1,D,SQ,PD,D
9:57:39,ICBP,RG,8750,13,D,SQ,YP,D
9:57:39,ICBP,RG,8750,10,D,SQ,DR,D
9:57:39,ICBP,RG,8750,750,D,SQ,YJ,D
9:57:39,ICBP,RG,8725,50,D,SQ,AI,D
9:57:39,ICBP,RG,8725,334,D,SQ,KI,D
9:57:39,ICBP,RG,8725,15,D,SQ,YP,D
9:57:39,ICBP,RG,8725,15,D,SQ,YP,D
9:57:39,ICBP,RG,8725,15,D,SQ,YP,D
9:57:39,ICBP,RG,8725,24,D,SQ,YP,D
9:57:39,ICBP,RG,8725,31,D,SQ,YP,D
9:57:39,ICBP,RG,8725,31,D,SQ,YP,D
9:57:39,ICBP,RG,8725,19,D,SQ,YP,D
9:57:39,ICBP,RG,8725,2,D,SQ,LG,D
9:57:39,ICBP,RG,8725,9,D,SQ,XA,D
9:57:39,ICBP,RG,8725,8,D,SQ,XA,D
9:57:39,ICBP,RG,8725,20,D,SQ,CC,D
9:57:39,ICBP,RG,8725,122,D,SQ,KI,D
9:57:39,ICBP,RG,8725,10,D,SQ,YP,D
9:57:39,ICBP,RG,8725,378,D,SQ,KI,D
9:57:39,ICBP,RG,8725,50,D,SQ,YP,D
9:57:39,ICBP,RG,8725,25,D,SQ,MK,D
9:57:39,ICBP,RG,8725,200,D,SQ,YJ,D
9:57:39,ICBP,RG,8725,10,D,SQ,XC,D
9:57:39,ICBP,RG,8725,30,D,SQ,XA,D
9:57:39,ICBP,RG,8725,500,D,SQ,KI,D
9:57:39,ICBP,RG,8725,50,D,SQ,YP,D
9:57:39,ICBP,RG,8725,10,D,SQ,DR,D
9:57:39,ICBP,RG,8725,50,D,SQ,YP,D
9:57:39,ICBP,RG,8700,232,D,SQ,KI,D
9:57:39,ICBP,RG,8700,215,D,SQ,KI,D
9:57:39,ICBP,RG,8700,100,D,SQ,KK,D
9:57:39,ICBP,RG,8700,267,D,SQ,KI,D
9:57:39,ICBP,RG,8700,10,D,SQ,YP,D
9:57:39,ICBP,RG,8700,3,D,SQ,NI,D
9:57:39,ICBP,RG,8700,3,D,SQ,PD,D
9:57:39,ICBP,RG,8700,500,D,SQ,GW,F
9:57:39,ICBP,RG,8700,1000,D,SQ,ZP,F
9:57:39,ICBP,RG,8675,50,D,SQ,YP,D
9:57:39,ICBP,RG,8675,100,D,SQ,YP,D
9:57:39,ICBP,RG,8675,100,D,SQ,GW,F
9:57:39,ICBP,RG,8675,36,D,SQ,YP,D
9:57:39,ICBP,RG,8675,25,D,SQ,MG,D
9:57:39,ICBP,RG,8675,294,D,SQ,MG,D
9:57:39,ICBP,RG,8675,95,D,SQ,MG,D
9:57:39,ICBP,RG,8675,150,D,SQ,GW,F
9:57:39,ICBP,RG,8675,500,D,SQ,MG,D
9:57:39,ICBP,RG,8650,2,D,SQ,XC,D
9:57:39,ICBP,RG,8650,10,D,SQ,KK,D
9:57:39,ICBP,RG,8650,24,D,SQ,BK,F
9:57:39,ICBP,RG,8650,416,D,SQ,KZ,F
9:57:39,ICBP,RG,8650,301,D,SQ,KZ,F
9:57:39,ICBP,RG,8650,143,D,SQ,KZ,F
9:57:39,ICBP,RG,8650,574,D,SQ,KZ,F
9:57:39,ICBP,RG,8650,30,D,SQ,LG,D
9:57:39,ICBP,RG,8650,139,D,SQ,BK,F
9:57:39,ICBP,RG,8650,38,D,SQ,BK,F
9:57:39,ICBP,RG,8650,1400,D,SQ,GW,F
9:57:39,ICBP,RG,8650,49,D,SQ,ZP,F
9:57:39,ICBP,RG,8650,7,D,SQ,KK,D
9:57:39,ICBP,RG,8625,382,D,SQ,ZP,F
9:57:39,ICBP,RG,8625,1,D,SQ,CC,D
9:57:39,ICBP,RG,8625,55,D,SQ,BK,F
9:57:39,ICBP,RG,8625,11,D,SQ,YP,D
9:57:39,ICBP,RG,8625,6,D,SQ,RX,F
9:57:39,ICBP,RG,8625,52,D,SQ,BK,F
9:57:39,ICBP,RG,8625,1,D,SQ,PD,D
9:57:39,ICBP,RG,8625,100,D,SQ,GW,F
9:57:39,ICBP,RG,8625,2,D,SQ,NI,D
9:57:39,ICBP,RG,8625,79,D,SQ,BK,F
9:57:39,ICBP,RG,8625,392,D,SQ,RX,F
9:57:39,ICBP,RG,8625,2,D,SQ,DH,D
9:57:39,ICBP,RG,8625,14,D,SQ,BK,F
9:57:39,ICBP,RG,8625,150,D,SQ,GW,F
9:57:39,ICBP,RG,8625,2,D,SQ,OD,D
9:57:39,ICBP,RG,8625,32,D,SQ,BK,F
9:57:39,ICBP,RG,8625,110,D,SQ,ZP,F
9:57:39,ICBP,RG,8625,260,D,SQ,ZP,F
9:57:34,ICBP,RG,8600,4,D,YP,BK,F
9:57:34,ICBP,RG,8600,2,D,PD,BK,F
9:57:34,ICBP,RG,8600,1,D,PD,BK,F
9:57:34,ICBP,RG,8600,1,D,PD,BK,F
9:57:31,ICBP,RG,8600,1,D,XC,RX,F
9:57:31,ICBP,RG,8600,1,D,XC,RX,F
9:57:31,ICBP,RG,8600,5,D,PD,RX,F
9:57:31,ICBP,RG,8600,1,D,NI,RX,F
9:57:31,ICBP,RG,8600,2,D,XC,RX,F
9:57:31,ICBP,RG,8600,1,D,AT,RX,F
9:57:31,ICBP,RG,8600,1,D,CC,RX,F
9:57:31,ICBP,RG,8600,1,D,XC,RX,F
9:57:31,ICBP,RG,8600,2,D,YP,RX,F
9:57:31,ICBP,RG,8600,5,D,OD,RX,F
9:57:31,ICBP,RG,8600,1,D,LG,RX,F
9:57:31,ICBP,RG,8600,1,D,KI,RX,F
9:57:17,ICBP,RG,8600,43,D,KI,PD,D
9:56:55,ICBP,RG,8600,8,D,KI,BK,F
9:56:52,ICBP,RG,8600,13,D,KI,BK,F
9:56:47,ICBP,RG,8600,35,D,KI,ZP,F
9:56:47,ICBP,RG,8600,36,D,PD,ZP,F
9:56:47,ICBP,RG,8600,48,D,PD,BK,F
9:56:44,ICBP,RG,8600,70,D,PD,AK,F
9:56:44,ICBP,RG,8600,201,D,PD,ZP,F
9:56:44,ICBP,RG,8600,105,D,PD,BK,F
9:56:43,ICBP,RG,8600,66,D,PD,ZP,F
9:56:42,ICBP,RG,8600,620,D,PD,ZP,F
9:56:42,ICBP,RG,8600,2,D,YP,ZP,F
9:56:42,ICBP,RG,8600,2,D,YP,ZP,F
9:56:42,ICBP,RG,8600,5,D,CC,ZP,F
9:56:42,ICBP,RG,8600,5,D,ZP,ZP,F
9:56:42,ICBP,RG,8600,1,D,SQ,ZP,F
9:56:42,ICBP,RG,8600,5,D,PD,ZP,F
9:56:42,ICBP,RG,8600,1,D,YP,ZP,F
9:56:42,ICBP,RG,8600,1,D,CC,ZP,F
9:56:42,ICBP,RG,8600,1,D,XC,ZP,F
9:56:42,ICBP,RG,8600,1,D,XC,ZP,F
9:56:42,ICBP,RG,8600,1,D,PD,ZP,F
9:56:42,ICBP,RG,8600,5,D,SQ,ZP,F
9:56:42,ICBP,RG,8600,1,D,YP,ZP,F
9:56:42,ICBP,RG,8600,2,D,XC,ZP,F
9:56:42,ICBP,RG,8600,2,D,YP,ZP,F
9:56:42,ICBP,RG,8600,20,D,XC,ZP,F
9:56:42,ICBP,RG,8600,1,D,XC,ZP,F
9:56:42,ICBP,RG,8600,1,D,XC,ZP,F
9:56:42,ICBP,RG,8600,2,D,CC,ZP,F
9:56:42,ICBP,RG,8600,3,D,XC,ZP,F
9:56:42,ICBP,RG,8600,1,D,SQ,ZP,F
9:56:42,ICBP,RG,8600,1,D,GR,ZP,F
9:56:42,ICBP,RG,8600,50,D,AI,ZP,F
9:56:42,ICBP,RG,8600,3,D,PD,ZP,F
9:56:42,ICBP,RG,8600,1,D,AZ,ZP,F
9:56:42,ICBP,RG,8600,1,D,YP,ZP,F
9:56:42,ICBP,RG,8600,50,D,YP,ZP,F
9:56:42,ICBP,RG,8600,5,D,CC,ZP,F
9:56:42,ICBP,RG,8600,5,D,YP,ZP,F
9:56:42,ICBP,RG,8600,30,D,XA,ZP,F
9:56:42,ICBP,RG,8600,4,D,XC,ZP,F
9:56:42,ICBP,RG,8600,2,D,YP,ZP,F
9:56:42,ICBP,RG,8600,165,D,KI,ZP,F
9:56:42,ICBP,RG,8600,19,D,KI,RX,F
9:56:12,ICBP,RG,8625,10,D,DR,ZP,F
9:55:58,ICBP,RG,8600,19,D,KI,RX,F
9:55:14,ICBP,RG,8600,16,D,KI,RX,F
9:55:14,ICBP,RG,8600,13,D,KI,BK,F
9:55:11,ICBP,RG,8600,16,D,KI,BK,F
9:55:10,ICBP,RG,8625,5,D,CC,ZP,F
9:55:09,ICBP,RG,8600,130,D,KI,SQ,D
9:55:05,ICBP,RG,8600,40,D,KI,SQ,D
9:54:41,ICBP,RG,8600,16,D,KI,RX,F
9:54:37,ICBP,RG,8600,8,D,KI,BK,F
9:54:34,ICBP,RG,8600,54,D,KI,ZP,F
9:54:15,ICBP,RG,8625,1,D,PD,ZP,F
9:54:07,ICBP,RG,8600,19,D,KI,RX,F
9:53:56,ICBP,RG,8600,7,D,KI,NI,D
9:53:33,ICBP,RG,8600,200,D,KI,GW,F
9:53:31,ICBP,RG,8600,8,D,KI,RX,F
9:53:27,ICBP,RG,8600,50,D,KI,ZP,F
9:53:22,ICBP,RG,8600,4,D,KI,XC,D
9:52:04,ICBP,RG,8600,5,D,KI,PD,D
9:51:38,ICBP,RG,8600,1,D,KI,BQ,D
9:51:36,ICBP,RG,8600,93,D,KI,RX,F
9:51:16,ICBP,RG,8600,2,D,KI,CC,D
9:51:00,ICBP,RG,8600,3,D,KI,NI,D
9:49:22,ICBP,RG,8600,74,D,KI,RX,F
9:49:16,ICBP,RG,8600,7,D,KI,YP,D
9:48:16,ICBP,RG,8600,30,D,KI,RX,F
9:48:13,ICBP,RG,8600,1,D,KI,ZP,F
9:48:13,ICBP,RG,8600,45,D,YP,ZP,F
9:47:50,ICBP,RG,8600,5,D,YP,RX,F
9:47:50,ICBP,RG,8600,50,D,YP,RX,F
9:47:50,ICBP,RG,8600,29,D,YP,RX,F
9:47:47,ICBP,RG,8600,2,D,YP,YP,D
9:47:13,ICBP,RG,8600,17,D,YP,RX,F
9:46:56,ICBP,RG,8625,2,D,YP,ZP,F
9:46:11,ICBP,RG,8625,50,D,AI,ZP,F
9:45:34,ICBP,RG,8625,4,D,XC,ZP,F
9:44:15,ICBP,RG,8625,1,D,CC,ZP,F
9:43:57,ICBP,RG,8625,5,D,XC,ZP,F
9:43:14,ICBP,RG,8600,2,D,YP,XC,D
9:43:12,ICBP,RG,8625,6,D,SQ,ZP,F
9:42:16,ICBP,RG,8600,25,D,MG,DH,D
9:42:00,ICBP,RG,8600,46,D,MG,ZP,F
9:41:58,ICBP,RG,8600,200,D,MG,DH,D
9:41:43,ICBP,RG,8600,48,D,MG,ZP,F
9:41:20,ICBP,RG,8600,95,D,MG,ZP,F
9:41:19,ICBP,RG,8625,8,D,XA,ZP,F
9:41:19,ICBP,RG,8625,6,D,SQ,ZP,F
9:41:19,ICBP,RG,8625,20,D,CC,ZP,F
9:41:19,ICBP,RG,8625,122,D,KI,ZP,F
9:40:44,ICBP,RG,8625,378,D,KI,ZP,F
9:40:44,ICBP,RG,8625,30,D,XA,ZP,F
9:40:44,ICBP,RG,8625,2,D,YP,ZP,F
9:40:44,ICBP,RG,8625,50,D,YP,ZP,F
9:40:44,ICBP,RG,8625,10,D,YP,ZP,F
9:40:44,ICBP,RG,8625,30,D,DH,ZP,F
9:39:13,ICBP,RG,8650,1,D,YP,KK,D
9:39:01,ICBP,RG,8650,2,D,PD,KK,D
9:38:38,ICBP,RG,8625,1,D,DH,XC,D
9:37:57,ICBP,RG,8625,19,D,DH,GW,F
9:37:57,ICBP,RG,8625,50,D,EP,GW,F
9:37:57,ICBP,RG,8625,10,D,YP,GW,F
9:37:57,ICBP,RG,8625,200,D,YJ,GW,F
9:37:57,ICBP,RG,8625,205,D,EP,GW,F
9:37:57,ICBP,RG,8625,16,D,KI,GW,F
9:37:52,ICBP,RG,8625,484,D,KI,ZP,F
9:37:52,ICBP,RG,8625,10,D,XC,ZP,F
9:37:52,ICBP,RG,8625,100,D,DH,ZP,F
9:37:52,ICBP,RG,8625,2,D,YP,ZP,F
9:37:52,ICBP,RG,8625,50,D,YP,ZP,F
9:37:52,ICBP,RG,8625,500,D,MG,ZP,F
9:37:52,ICBP,RG,8625,50,D,YP,ZP,F
9:36:55,ICBP,RG,8600,70,F,BK,ZP,F
9:36:54,ICBP,RG,8575,11,D,YP,ZP,F
9:36:54,ICBP,RG,8575,1,D,PD,ZP,F
9:36:54,ICBP,RG,8575,5,D,KK,ZP,F
9:36:54,ICBP,RG,8575,1,D,PD,ZP,F
9:36:54,ICBP,RG,8575,1,D,PD,ZP,F
9:36:54,ICBP,RG,8575,32,D,AZ,ZP,F
9:36:53,ICBP,RG,8575,168,D,AZ,ZP,F
9:36:53,ICBP,RG,8575,100,D,KK,ZP,F
9:36:53,ICBP,RG,8575,20,D,DR,ZP,F
9:36:53,ICBP,RG,8575,1,D,DR,ZP,F
9:36:53,ICBP,RG,8575,10,D,DR,ZP,F
9:36:53,ICBP,RG,8600,1,D,XC,ZP,F
9:36:53,ICBP,RG,8600,2,D,YP,ZP,F
9:36:53,ICBP,RG,8600,1,D,YP,ZP,F
9:36:53,ICBP,RG,8600,1,D,YP,ZP,F
9:36:53,ICBP,RG,8600,10,D,KK,ZP,F
9:36:53,ICBP,RG,8600,1,D,NI,ZP,F
9:36:53,ICBP,RG,8600,6,D,DX,ZP,F
9:36:53,ICBP,RG,8600,2,D,YP,ZP,F
9:36:53,ICBP,RG,8600,2,D,SQ,ZP,F
9:36:53,ICBP,RG,8600,10,D,DR,ZP,F
9:36:53,ICBP,RG,8600,1,D,YU,ZP,F
9:36:53,ICBP,RG,8600,56,D,NI,ZP,F
9:36:53,ICBP,RG,8600,8,D,CC,ZP,F
9:36:53,ICBP,RG,8600,5,D,PD,ZP,F
9:36:53,ICBP,RG,8600,1,D,PD,ZP,F
9:36:53,ICBP,RG,8600,1,D,PD,ZP,F
9:36:53,ICBP,RG,8600,1,D,YP,ZP,F
9:36:53,ICBP,RG,8600,5,D,XC,ZP,F
9:36:53,ICBP,RG,8600,1,D,PD,ZP,F
9:36:53,ICBP,RG,8600,2,D,XL,ZP,F
9:36:53,ICBP,RG,8600,30,D,XA,ZP,F
9:36:53,ICBP,RG,8600,79,D,HD,ZP,F
9:36:53,ICBP,RG,8750,32,D,SQ,ZP,F
9:36:52,ICBP,RG,8750,374,D,SQ,KZ,F
9:36:52,ICBP,RG,8750,1122,D,SQ,PD,D
9:36:52,ICBP,RG,8750,17,D,SQ,KZ,F
9:36:52,ICBP,RG,8750,50,D,SQ,DH,D
9:36:52,ICBP,RG,8750,33,D,SQ,KZ,F
9:36:52,ICBP,RG,8750,100,D,SQ,DH,D
9:36:52,ICBP,RG,8750,5,D,SQ,KZ,F
9:36:52,ICBP,RG,8750,4,D,SQ,YP,D
9:36:52,ICBP,RG,8750,11,D,SQ,XA,D
9:36:52,ICBP,RG,8750,150,D,SQ,KZ,F
9:36:52,ICBP,RG,8750,50,D,SQ,EP,D
9:36:52,ICBP,RG,8750,100,D,SQ,AI,D
9:36:52,ICBP,RG,8750,192,D,SQ,YJ,D
9:36:52,ICBP,RG,8750,5,D,SQ,XL,D
9:36:52,ICBP,RG,8750,10,D,SQ,YP,D
9:36:52,ICBP,RG,8750,15,D,SQ,XA,D
9:36:52,ICBP,RG,8750,25,D,SQ,DR,D
9:36:52,ICBP,RG,8750,2,D,SQ,YP,D
9:36:52,ICBP,RG,8750,50,D,SQ,YP,D
9:36:52,ICBP,RG,8750,1,D,SQ,YP,D
9:36:52,ICBP,RG,8725,200,D,SQ,KI,D
9:36:52,ICBP,RG,8725,4,D,SQ,KZ,F
9:36:52,ICBP,RG,8725,227,D,SQ,KI,D
9:36:52,ICBP,RG,8725,208,D,SQ,KI,D
9:36:52,ICBP,RG,8725,7,D,SQ,XC,D
9:36:52,ICBP,RG,8725,40,D,SQ,KI,D
9:36:52,ICBP,RG,8725,325,D,SQ,KI,D
9:36:52,ICBP,RG,8725,203,D,SQ,EP,D
9:36:52,ICBP,RG,8725,29,D,SQ,YP,D
9:36:52,ICBP,RG,8725,50,D,SQ,YP,D
9:36:52,ICBP,RG,8725,300,D,SQ,KI,D
9:36:52,ICBP,RG,8725,50,D,SQ,YP,D
9:36:52,ICBP,RG,8725,50,D,SQ,YP,D
9:36:52,ICBP,RG,8725,100,D,SQ,CC,D
9:36:52,ICBP,RG,8725,2,D,SQ,KZ,F
9:36:52,ICBP,RG,8725,116,D,SQ,KZ,F
9:36:52,ICBP,RG,8725,3,D,SQ,KZ,F
9:36:52,ICBP,RG,8725,1,D,SQ,KZ,F
9:36:52,ICBP,RG,8725,1,D,SQ,YP,D
9:36:52,ICBP,RG,8725,1,D,SQ,KZ,F
9:36:52,ICBP,RG,8725,3,D,SQ,CC,D
9:36:52,ICBP,RG,8725,40,D,SQ,KZ,F
9:36:52,ICBP,RG,8725,20,D,SQ,CC,D
9:36:52,ICBP,RG,8725,100,D,SQ,GW,F
9:36:52,ICBP,RG,8725,16,D,SQ,KZ,F
9:36:52,ICBP,RG,8725,50,D,SQ,YP,D
9:36:52,ICBP,RG,8725,117,D,SQ,KZ,F
9:36:52,ICBP,RG,8725,304,D,SQ,KZ,F
9:36:52,ICBP,RG,8725,50,D,SQ,YP,D
9:36:52,ICBP,RG,8700,1,D,SQ,KZ,F
9:36:52,ICBP,RG,8700,3,D,SQ,PD,D
9:36:52,ICBP,RG,8700,177,D,SQ,KZ,F
9:36:52,ICBP,RG,8700,300,D,SQ,YB,D
9:36:52,ICBP,RG,8700,10,D,SQ,YP,D
9:36:52,ICBP,RG,8700,25,D,SQ,PD,D
9:36:52,ICBP,RG,8700,38,D,SQ,KZ,F
9:36:52,ICBP,RG,8700,3,D,SQ,KZ,F
9:36:52,ICBP,RG,8700,527,D,SQ,KZ,F
9:36:52,ICBP,RG,8700,5,D,SQ,YP,D
9:36:52,ICBP,RG,8650,36,D,SQ,BK,F
9:36:52,ICBP,RG,8650,5,D,SQ,KK,D
9:36:52,ICBP,RG,8650,1,D,SQ,XC,D
9:36:52,ICBP,RG,8650,8,D,SQ,YP,D
9:36:52,ICBP,RG,8650,8,D,SQ,NI,D
9:36:52,ICBP,RG,8650,700,D,SQ,GW,F
9:36:52,ICBP,RG,8650,10,D,SQ,KK,D
9:36:52,ICBP,RG,8650,5,D,SQ,YP,D
9:36:52,ICBP,RG,8650,320,D,SQ,BK,F
9:36:52,ICBP,RG,8650,10,D,SQ,KK,D
9:36:52,ICBP,RG,8650,350,D,SQ,GW,F
9:36:52,ICBP,RG,8650,96,D,SQ,KZ,F
9:36:52,ICBP,RG,8650,57,D,SQ,ZP,F
9:36:52,ICBP,RG,8650,263,D,SQ,KZ,F
9:36:52,ICBP,RG,8625,8,D,SQ,XC,D
9:36:52,ICBP,RG,8625,11,D,SQ,NI,D
9:36:52,ICBP,RG,8625,115,D,SQ,BK,F
9:36:52,ICBP,RG,8625,294,D,SQ,RX,F
9:36:52,ICBP,RG,8625,600,D,SQ,GW,F
9:36:52,ICBP,RG,8625,146,D,SQ,BK,F
9:36:52,ICBP,RG,8625,255,D,SQ,ZP,F
9:36:52,ICBP,RG,8625,316,D,SQ,BK,F
9:36:52,ICBP,RG,8625,332,D,SQ,ZP,F
9:36:46,ICBP,RG,8600,8,D,HD,BK,F
9:36:43,ICBP,RG,8600,18,D,HD,BK,F
9:36:38,ICBP,RG,8600,45,D,HD,ZP,F
9:36:38,ICBP,RG,8600,1,D,YP,ZP,F
9:36:38,ICBP,RG,8600,10,D,SQ,ZP,F
9:36:38,ICBP,RG,8600,1,D,KK,ZP,F
9:36:37,ICBP,RG,8600,1,D,KK,BK,F
9:36:37,ICBP,RG,8600,10,D,NI,BK,F
9:36:37,ICBP,RG,8600,9,D,YP,BK,F
9:36:37,ICBP,RG,8600,7,D,YP,AT,D
9:36:33,ICBP,RG,8600,34,D,YP,ZP,F
9:36:33,ICBP,RG,8600,1,D,PD,ZP,F
9:36:33,ICBP,RG,8600,4,D,NI,ZP,F
9:36:33,ICBP,RG,8600,18,D,XA,ZP,F
9:36:32,ICBP,RG,8600,2,D,XA,BK,F
9:36:32,ICBP,RG,8600,30,D,DR,BK,F
9:36:28,ICBP,RG,8600,2,D,DR,ZP,F
9:36:28,ICBP,RG,8600,9,D,XL,ZP,F
9:36:28,ICBP,RG,8600,2,D,PD,ZP,F
9:36:28,ICBP,RG,8600,2,D,CC,ZP,F
9:36:28,ICBP,RG,8600,12,D,YP,ZP,F
9:36:28,ICBP,RG,8600,13,D,YP,ZP,F
9:36:28,ICBP,RG,8600,17,D,XA,ZP,F
9:36:27,ICBP,RG,8600,3,D,XA,BK,F
9:36:27,ICBP,RG,8600,31,D,KI,BK,F
9:36:27,ICBP,RG,8600,57,D,KI,ZP,F
9:36:26,ICBP,RG,8600,112,D,KI,SQ,D
9:36:26,ICBP,RG,8600,1,D,YP,SQ,D
9:36:26,ICBP,RG,8600,5,D,PD,SQ,D
9:36:26,ICBP,RG,8600,12,D,DH,SQ,D
9:36:24,ICBP,RG,8600,3,D,DH,RX,F
9:36:24,ICBP,RG,8600,2,D,CC,RX,F
9:36:24,ICBP,RG,8600,2,D,LG,RX,F
9:36:24,ICBP,RG,8600,2,D,PD,RX,F
9:36:24,ICBP,RG,8600,3,D,NI,RX,F
9:36:24,ICBP,RG,8600,2,D,PD,RX,F
9:36:24,ICBP,RG,8600,10,D,YJ,RX,F
9:36:23,ICBP,RG,8600,8,D,YJ,BK,F
9:36:19,ICBP,RG,8600,35,D,YJ,BK,F
9:36:16,ICBP,RG,8600,161,D,YJ,BK,F
9:36:15,ICBP,RG,8600,40,D,YJ,SQ,D
9:36:13,ICBP,RG,8600,496,D,YJ,GW,F
9:36:13,ICBP,RG,8600,1,D,SQ,GW,F
9:36:13,ICBP,RG,8600,5,D,KK,GW,F
9:36:13,ICBP,RG,8600,5,D,MU,GW,F
9:36:13,ICBP,RG,8600,203,D,KI,GW,F
9:36:09,ICBP,RG,8600,5,D,KI,XC,D
9:36:06,ICBP,RG,8625,10,D,YP,ZP,F
9:36:05,ICBP,RG,8600,9,D,KI,BK,F
9:36:01,ICBP,RG,8600,10,D,KI,BK,F
9:35:58,ICBP,RG,8600,10,D,KI,HP,D
9:35:58,ICBP,RG,8600,36,D,KI,BK,F
9:35:54,ICBP,RG,8600,162,D,KI,BK,F
9:35:50,ICBP,RG,8625,202,D,PD,ZP,F
9:35:50,ICBP,RG,8625,920,D,PD,ZP,F
9:35:28,ICBP,RG,8600,9,D,KI,BK,F
9:35:24,ICBP,RG,8600,31,D,KI,YP,D
9:35:16,ICBP,RG,8600,20,D,KI,RX,F
9:35:04,ICBP,RG,8600,5,D,KI,BK,F
9:35:04,ICBP,RG,8600,2,D,YP,BK,F
9:35:04,ICBP,RG,8600,2,D,YP,BK,F
9:35:01,ICBP,RG,8600,11,D,YP,BK,F
9:34:56,ICBP,RG,8600,37,D,YP,BK,F
9:34:56,ICBP,RG,8600,29,D,YP,BK,F
9:34:54,ICBP,RG,8625,2,D,YP,ZP,F
9:34:54,ICBP,RG,8625,300,D,KI,ZP,F
9:34:54,ICBP,RG,8625,2,D,PD,ZP,F
9:34:54,ICBP,RG,8625,10,D,TP,ZP,F
9:34:54,ICBP,RG,8625,50,D,EP,ZP,F
9:34:54,ICBP,RG,8625,2,D,XC,ZP,F
9:34:54,ICBP,RG,8625,14,D,DH,ZP,F
9:34:42,ICBP,RG,8625,12,D,DH,NI,D
9:34:35,ICBP,RG,8625,12,D,DH,BK,F
9:34:32,ICBP,RG,8625,18,D,DH,RX,F
9:34:29,ICBP,RG,8625,22,D,DH,BK,F
9:34:25,ICBP,RG,8625,22,D,DH,BK,F
9:34:25,ICBP,RG,8625,15,D,XA,BK,F
9:34:25,ICBP,RG,8625,1,D,PD,BK,F
9:34:25,ICBP,RG,8625,1,D,YU,BK,F
9:34:25,ICBP,RG,8625,50,D,AI,BK,F
9:34:25,ICBP,RG,8625,38,D,DH,BK,F
9:34:20,ICBP,RG,8625,12,D,DH,ZP,F
9:34:20,ICBP,RG,8625,1,D,YP,ZP,F
9:34:20,ICBP,RG,8625,50,D,AI,ZP,F
9:34:20,ICBP,RG,8625,2,D,YP,ZP,F
9:34:20,ICBP,RG,8625,300,D,YB,ZP,F
9:34:20,ICBP,RG,8625,1,D,CC,ZP,F
9:34:20,ICBP,RG,8625,2,D,XC,ZP,F
9:34:20,ICBP,RG,8625,1,D,LG,ZP,F
9:34:20,ICBP,RG,8625,3,D,XC,ZP,F
9:34:20,ICBP,RG,8625,10,D,PD,ZP,F
9:34:20,ICBP,RG,8625,50,D,YP,ZP,F
9:34:20,ICBP,RG,8625,300,D,KI,ZP,F
9:34:20,ICBP,RG,8625,50,D,YP,ZP,F
9:34:20,ICBP,RG,8625,80,D,EP,ZP,F
9:34:20,ICBP,RG,8625,123,D,EP,PD,D
9:34:20,ICBP,RG,8625,177,D,YJ,PD,D
9:33:31,ICBP,RG,8650,2,D,PD,KZ,F
9:32:52,ICBP,RG,8625,7,D,YJ,XC,D
9:31:31,ICBP,RG,8625,2,D,YJ,XL,D
9:30:54,ICBP,RG,8650,1,D,XC,KZ,F
9:30:28,ICBP,RG,8650,10,D,XA,KZ,F
9:30:16,ICBP,RG,8650,1,D,PD,KZ,F
9:30:01,ICBP,RG,8650,2,D,PD,KZ,F
9:29:27,ICBP,RG,8625,6,D,YJ,DR,D
9:28:23,ICBP,RG,8650,1,D,SQ,KZ,F
9:28:05,ICBP,RG,8650,50,D,YP,KZ,F
9:28:05,ICBP,RG,8650,50,D,YP,KZ,F
9:27:58,ICBP,RG,8650,50,D,YP,KZ,F
9:27:55,ICBP,RG,8750,164,D,SQ,KZ,F
9:27:54,ICBP,RG,8750,9,D,SQ,XA,D
9:27:54,ICBP,RG,8750,3,D,SQ,PD,D
9:27:54,ICBP,RG,8750,50,D,SQ,DH,D
9:27:54,ICBP,RG,8750,30,D,SQ,XA,D
9:27:54,ICBP,RG,8750,311,D,SQ,PD,D
9:27:54,ICBP,RG,8750,124,D,SQ,PD,D
9:27:54,ICBP,RG,8725,19,D,SQ,YJ,D
9:27:54,ICBP,RG,8725,10,D,SQ,XA,D
9:27:54,ICBP,RG,8725,304,D,SQ,YJ,D
9:27:54,ICBP,RG,8725,50,D,SQ,YP,D
9:27:54,ICBP,RG,8725,35,D,SQ,YJ,D
9:27:54,ICBP,RG,8700,1,D,SQ,XC,D
9:27:54,ICBP,RG,8700,1,D,SQ,KZ,F
9:27:54,ICBP,RG,8675,11,D,SQ,KZ,F
9:27:54,ICBP,RG,8675,34,D,SQ,ZP,F
9:27:54,ICBP,RG,8675,283,D,SQ,KZ,F
9:27:54,ICBP,RG,8675,850,D,SQ,GW,F
9:27:54,ICBP,RG,8650,101,D,SQ,KZ,F
9:27:54,ICBP,RG,8650,400,D,SQ,GW,F
9:27:54,ICBP,RG,8650,3,D,SQ,BK,F
9:27:54,ICBP,RG,8650,38,D,SQ,KZ,F
9:27:54,ICBP,RG,8650,10,D,SQ,KZ,F
9:27:54,ICBP,RG,8650,218,D,SQ,ZP,F
9:27:54,ICBP,RG,8650,32,D,SQ,BK,F
9:27:54,ICBP,RG,8650,534,D,SQ,ZP,F
9:27:54,ICBP,RG,8650,375,D,SQ,KZ,F
9:27:27,ICBP,RG,8625,8,D,YJ,BK,F
9:27:25,ICBP,RG,8625,11,D,YJ,BK,F
9:27:20,ICBP,RG,8625,52,D,YJ,BK,F
9:27:14,ICBP,RG,8625,240,D,YJ,BK,F
9:27:10,ICBP,RG,8725,200,D,SQ,YJ,D
9:27:10,ICBP,RG,8725,10,D,SQ,XA,D
9:27:10,ICBP,RG,8725,16,D,SQ,KZ,F
9:27:10,ICBP,RG,8725,300,D,SQ,YB,D
9:27:10,ICBP,RG,8725,50,D,SQ,YP,D
9:27:10,ICBP,RG,8650,349,D,SQ,RX,F
9:27:10,ICBP,RG,8650,20,D,SQ,KZ,F
9:27:10,ICBP,RG,8650,500,D,SQ,GW,F
9:27:10,ICBP,RG,8650,75,D,SQ,KZ,F
9:27:10,ICBP,RG,8650,515,D,SQ,KZ,F
9:27:10,ICBP,RG,8650,169,D,SQ,ZP,F
9:27:10,ICBP,RG,8650,100,D,SQ,BK,F
9:27:10,ICBP,RG,8650,219,D,SQ,ZP,F
9:27:10,ICBP,RG,8650,304,D,SQ,BK,F
9:27:10,ICBP,RG,8650,53,D,SQ,KZ,F
9:27:10,ICBP,RG,8650,120,D,SQ,ZP,F
9:27:05,ICBP,RG,8625,12,D,YJ,BK,F
9:27:01,ICBP,RG,8650,50,D,YP,ZP,F
9:26:57,ICBP,RG,8625,16,D,YJ,BK,F
9:26:53,ICBP,RG,8625,16,D,YJ,BK,F
9:26:52,ICBP,RG,8650,1,D,BQ,ZP,F
9:26:50,ICBP,RG,8625,72,D,YJ,BK,F
9:26:49,ICBP,RG,8650,300,D,YB,ZP,F
9:26:45,ICBP,RG,8625,32,D,YJ,BK,F
9:26:43,ICBP,RG,8650,50,D,YP,ZP,F
9:26:42,ICBP,RG,8625,99,D,YJ,BK,F
9:26:42,ICBP,RG,8625,2,D,YP,BK,F
9:26:41,ICBP,RG,8650,3,F,BK,CC,D
9:26:39,ICBP,RG,8750,237,D,SQ,PD,D
9:26:39,ICBP,RG,8750,2,D,SQ,XL,D
9:26:39,ICBP,RG,8725,21,D,SQ,YP,D
9:26:39,ICBP,RG,8700,493,D,SQ,YB,D
9:26:39,ICBP,RG,8650,28,D,SQ,KZ,F
9:26:39,ICBP,RG,8650,111,D,SQ,BK,F
9:26:39,ICBP,RG,8650,103,D,SQ,KZ,F
9:26:39,ICBP,RG,8650,400,D,SQ,GW,F
9:26:39,ICBP,RG,8650,1,D,SQ,KZ,F
9:26:39,ICBP,RG,8650,359,D,SQ,BK,F
9:26:39,ICBP,RG,8650,241,D,SQ,ZP,F
9:26:39,ICBP,RG,8650,741,D,SQ,ZP,F
9:26:39,ICBP,RG,8650,263,D,SQ,KZ,F
9:26:09,ICBP,RG,8600,21,D,YP,ZP,F
9:26:09,ICBP,RG,8600,64,D,YB,ZP,F
9:26:07,ICBP,RG,8600,236,D,YB,ZP,F
9:26:07,ICBP,RG,8600,191,D,YB,ZP,F
9:26:06,ICBP,RG,8750,12,D,SQ,YP,D
9:26:06,ICBP,RG,8750,10,D,SQ,DR,D
9:26:06,ICBP,RG,8750,440,D,SQ,PD,D
9:26:06,ICBP,RG,8750,90,D,SQ,EP,D
9:26:06,ICBP,RG,8750,10,D,SQ,PD,D
9:26:06,ICBP,RG,8750,100,D,SQ,EP,D
9:26:06,ICBP,RG,8750,350,D,SQ,YJ,D
9:26:06,ICBP,RG,8725,20,D,SQ,KZ,F
9:26:06,ICBP,RG,8725,59,D,SQ,YP,D
9:26:06,ICBP,RG,8725,77,D,SQ,KZ,F
9:26:06,ICBP,RG,8725,230,D,SQ,KI,D
9:26:06,ICBP,RG,8725,91,D,SQ,KZ,F
9:26:06,ICBP,RG,8725,272,D,SQ,KI,D
9:26:06,ICBP,RG,8725,16,D,SQ,KZ,F
9:26:06,ICBP,RG,8725,50,D,SQ,YP,D
9:26:06,ICBP,RG,8700,36,D,SQ,KZ,F
9:26:06,ICBP,RG,8700,107,D,SQ,YB,D
9:26:06,ICBP,RG,8700,1,D,SQ,YP,D
9:26:06,ICBP,RG,8675,134,D,SQ,KZ,F
9:26:06,ICBP,RG,8675,333,D,SQ,KZ,F
9:26:06,ICBP,RG,8675,1000,D,SQ,GW,F
9:26:06,ICBP,RG,8650,350,D,SQ,GW,F
9:26:06,ICBP,RG,8650,52,D,SQ,ZP,F
9:26:06,ICBP,RG,8650,738,D,SQ,KZ,F
9:26:06,ICBP,RG,8625,383,D,SQ,ZP,F
9:26:06,ICBP,RG,8625,39,D,SQ,BK,F
9:25:54,ICBP,RG,8625,7,D,CC,BK,F
9:25:45,ICBP,RG,8600,8,D,YB,BK,F
9:25:42,ICBP,RG,8600,17,D,YB,BK,F
9:25:39,ICBP,RG,8600,84,D,YB,BK,F
9:25:39,ICBP,RG,8600,1,D,CC,BK,F
9:25:39,ICBP,RG,8600,1,D,XC,BK,F
9:25:37,ICBP,RG,8625,11,D,PD,BK,F
9:25:37,ICBP,RG,8625,300,D,PD,GW,F
9:25:33,ICBP,RG,8625,2,D,PD,NI,D
9:25:32,ICBP,RG,8625,21,D,PD,BK,F
9:25:31,ICBP,RG,8625,152,D,PD,AK,F
9:25:30,ICBP,RG,8625,130,D,PD,SQ,D
9:25:29,ICBP,RG,8625,8,D,PD,BK,F
9:25:26,ICBP,RG,8625,8,D,PD,BK,F
9:25:25,ICBP,RG,8625,40,D,PD,SQ,D
9:24:34,ICBP,RG,8650,3,D,XC,KZ,F
9:24:20,ICBP,RG,8625,7,D,PD,BK,F
9:24:18,ICBP,RG,8625,23,D,PD,BK,F
9:24:16,ICBP,RG,8625,400,D,PD,ZP,F
9:24:16,ICBP,RG,8625,10,D,PD,XC,D
9:24:08,ICBP,RG,8600,23,F,DX,BK,F
9:24:06,ICBP,RG,8600,28,F,DX,ZP,F
9:24:05,ICBP,RG,8600,25,F,DX,ZP,F
9:24:04,ICBP,RG,8600,47,F,DX,ZP,F
9:24:04,ICBP,RG,8600,3,D,NI,ZP,F
9:24:04,ICBP,RG,8600,1,D,YP,ZP,F
9:24:04,ICBP,RG,8600,1,D,YP,ZP,F
9:24:04,ICBP,RG,8600,1,D,PD,ZP,F
9:24:04,ICBP,RG,8600,1,D,PD,ZP,F
9:24:04,ICBP,RG,8600,5,D,KK,ZP,F
9:24:04,ICBP,RG,8600,5,D,XL,ZP,F
9:24:04,ICBP,RG,8600,1,D,XC,ZP,F
9:24:04,ICBP,RG,8600,5,D,KK,ZP,F
9:24:04,ICBP,RG,8600,1,D,KK,ZP,F
9:24:04,ICBP,RG,8600,1,D,NI,ZP,F
9:24:04,ICBP,RG,8600,1,D,PD,ZP,F
9:24:04,ICBP,RG,8600,10,D,SQ,ZP,F
9:24:04,ICBP,RG,8600,5,D,XL,ZP,F
9:24:04,ICBP,RG,8600,27,D,YP,ZP,F
9:24:04,ICBP,RG,8600,1,D,XC,ZP,F
9:24:04,ICBP,RG,8600,1,D,YP,ZP,F
9:24:04,ICBP,RG,8600,5,D,KK,ZP,F
9:24:04,ICBP,RG,8600,5,D,SQ,ZP,F
9:24:04,ICBP,RG,8600,1,D,YP,ZP,F
9:24:04,ICBP,RG,8600,1,D,GR,ZP,F
9:24:04,ICBP,RG,8600,9,D,YP,ZP,F
9:24:04,ICBP,RG,8600,16,D,YP,BK,F
9:24:04,ICBP,RG,8600,2,D,XC,BK,F
9:24:04,ICBP,RG,8600,5,D,XC,BK,F
9:24:04,ICBP,RG,8600,1,D,SQ,BK,F
9:24:04,ICBP,RG,8600,101,D,NI,BK,F
9:24:00,ICBP,RG,8600,399,D,NI,BK,F
9:24:00,ICBP,RG,8600,10,D,XA,BK,F
9:24:00,ICBP,RG,8600,15,D,KK,BK,F
9:24:00,ICBP,RG,8600,2,D,KK,BK,F
9:24:00,ICBP,RG,8600,1,D,PD,BK,F
9:24:00,ICBP,RG,8600,1,D,YP,BK,F
9:24:00,ICBP,RG,8600,10,D,XA,BK,F
9:24:00,ICBP,RG,8600,11,D,XC,BK,F
9:24:00,ICBP,RG,8600,1,D,XC,BK,F
9:24:00,ICBP,RG,8600,5,D,YP,BK,F
9:24:00,ICBP,RG,8600,6,D,KK,BK,F
9:24:00,ICBP,RG,8600,1,D,XC,BK,F
9:24:00,ICBP,RG,8600,3,D,XL,BK,F
9:24:00,ICBP,RG,8600,5,D,PD,BK,F
9:24:00,ICBP,RG,8600,5,D,YP,BK,F
9:24:00,ICBP,RG,8600,1,D,XC,BK,F
9:24:00,ICBP,RG,8600,1,D,GR,BK,F
9:24:00,ICBP,RG,8600,1,D,PD,BK,F
9:24:00,ICBP,RG,8600,5,D,YP,BK,F
9:24:00,ICBP,RG,8600,5,D,PD,BK,F
9:24:00,ICBP,RG,8600,1,D,YP,BK,F
9:24:00,ICBP,RG,8600,2,D,XL,BK,F
9:24:00,ICBP,RG,8600,20,D,XA,BK,F
9:24:00,ICBP,RG,8600,1,D,PD,BK,F
9:24:00,ICBP,RG,8600,1,D,PD,BK,F
9:24:00,ICBP,RG,8600,1,D,XC,BK,F
9:24:00,ICBP,RG,8600,10,D,XA,BK,F
9:24:00,ICBP,RG,8600,10,D,SQ,BK,F
9:24:00,ICBP,RG,8600,1,D,YP,BK,F
9:24:00,ICBP,RG,8600,1,D,XC,BK,F
9:24:00,ICBP,RG,8600,1,D,PD,BK,F
9:24:00,ICBP,RG,8600,50,D,YP,BK,F
9:24:00,ICBP,RG,8600,1,D,KK,BK,F
9:24:00,ICBP,RG,8600,1,D,DH,BK,F
9:24:00,ICBP,RG,8600,2,D,HP,BK,F
9:24:00,ICBP,RG,8600,1,D,YP,BK,F
9:24:00,ICBP,RG,8600,1,D,PD,BK,F
9:24:00,ICBP,RG,8600,3,D,YP,BK,F
9:23:57,ICBP,RG,8600,28,D,YP,ZP,F
9:23:57,ICBP,RG,8600,25,D,KK,ZP,F
9:23:57,ICBP,RG,8600,1,D,YP,ZP,F
9:23:57,ICBP,RG,8600,1,D,XC,ZP,F
9:23:57,ICBP,RG,8600,10,D,YP,ZP,F
9:23:57,ICBP,RG,8600,1,D,YP,ZP,F
9:23:57,ICBP,RG,8600,20,D,CC,ZP,F
9:23:57,ICBP,RG,8600,5,D,YP,ZP,F
9:23:57,ICBP,RG,8600,6,D,YP,ZP,F
9:23:56,ICBP,RG,8600,6,D,YP,ZP,F
9:23:56,ICBP,RG,8600,1,D,YP,ZP,F
9:23:56,ICBP,RG,8600,1,D,YP,ZP,F
9:23:56,ICBP,RG,8600,3,D,SQ,ZP,F
9:23:56,ICBP,RG,8600,2,D,SQ,ZP,F
9:23:56,ICBP,RG,8600,2,D,YP,ZP,F
9:23:56,ICBP,RG,8600,10,D,YP,ZP,F
9:23:56,ICBP,RG,8600,1,D,YP,ZP,F
9:23:56,ICBP,RG,8600,1,D,PD,ZP,F
9:23:56,ICBP,RG,8600,1,D,YP,ZP,F
9:23:56,ICBP,RG,8600,100,D,YP,ZP,F
9:23:56,ICBP,RG,8600,1,D,CC,ZP,F
9:23:56,ICBP,RG,8600,5,D,PD,ZP,F
9:23:56,ICBP,RG,8600,1,D,PD,ZP,F
9:23:56,ICBP,RG,8600,5,D,KK,ZP,F
9:23:56,ICBP,RG,8600,10,D,KK,ZP,F
9:23:56,ICBP,RG,8600,5,D,PD,ZP,F
9:23:56,ICBP,RG,8600,20,D,KK,ZP,F
9:23:56,ICBP,RG,8600,1,D,XC,ZP,F
9:23:56,ICBP,RG,8600,286,D,YJ,ZP,F
9:23:55,ICBP,RG,8750,20,D,SQ,BK,F
9:23:55,ICBP,RG,8750,1,D,SQ,NI,D
9:23:55,ICBP,RG,8750,4,D,SQ,NI,D
9:23:55,ICBP,RG,8750,211,D,SQ,PD,D
9:23:55,ICBP,RG,8750,12,D,SQ,PD,D
9:23:55,ICBP,RG,8750,39,D,SQ,PD,D
9:23:55,ICBP,RG,8750,91,D,SQ,PD,D
9:23:55,ICBP,RG,8750,5,D,SQ,PD,D
9:23:55,ICBP,RG,8750,50,D,SQ,EP,D
9:23:55,ICBP,RG,8750,12,D,SQ,PD,D
9:23:55,ICBP,RG,8750,58,D,SQ,PD,D
9:23:55,ICBP,RG,8750,16,D,SQ,PD,D
9:23:55,ICBP,RG,8750,150,D,SQ,PD,D
9:23:55,ICBP,RG,8750,45,D,SQ,PD,D
9:23:55,ICBP,RG,8750,22,D,SQ,PD,D
9:23:55,ICBP,RG,8750,3,D,SQ,XC,D
9:23:55,ICBP,RG,8750,38,D,SQ,PD,D
9:23:55,ICBP,RG,8750,2,D,SQ,PD,D
9:23:55,ICBP,RG,8750,98,D,SQ,KI,D
9:23:55,ICBP,RG,8750,53,D,SQ,PD,D
9:23:55,ICBP,RG,8750,131,D,SQ,PD,D
9:23:55,ICBP,RG,8750,102,D,SQ,PD,D
9:23:55,ICBP,RG,8750,121,D,SQ,PD,D
9:23:55,ICBP,RG,8750,1,D,SQ,YP,D
9:23:55,ICBP,RG,8750,50,D,SQ,YU,D
9:23:55,ICBP,RG,8750,10,D,SQ,XA,D
9:23:55,ICBP,RG,8750,1,D,SQ,PD,D
9:23:55,ICBP,RG,8750,8,D,SQ,XC,D
9:23:55,ICBP,RG,8750,30,D,SQ,GW,F
9:23:55,ICBP,RG,8750,1,D,SQ,LS,D
9:23:55,ICBP,RG,8750,1,D,SQ,XC,D
9:23:55,ICBP,RG,8750,1,D,SQ,YP,D
9:23:55,ICBP,RG,8750,30,D,SQ,YP,D
9:23:55,ICBP,RG,8750,2,D,SQ,CC,D
9:23:55,ICBP,RG,8750,6,D,SQ,XL,D
9:23:55,ICBP,RG,8750,2,D,SQ,DH,D
9:23:55,ICBP,RG,8750,1,D,SQ,PD,D
9:23:55,ICBP,RG,8750,1,D,SQ,PD,D
9:23:55,ICBP,RG,8750,3,D,SQ,YB,D
9:23:55,ICBP,RG,8750,17,D,SQ,YJ,D
9:23:55,ICBP,RG,8725,300,D,SQ,YB,D
9:23:55,ICBP,RG,8725,60,D,SQ,GW,F
9:23:55,ICBP,RG,8725,1,D,SQ,YP,D
9:23:55,ICBP,RG,8725,10,D,SQ,XA,D
9:23:55,ICBP,RG,8725,1,D,SQ,PD,D
9:23:55,ICBP,RG,8725,1,D,SQ,YB,D
9:23:55,ICBP,RG,8700,1,D,SQ,XC,D
9:23:55,ICBP,RG,8700,400,D,SQ,EP,D
9:23:55,ICBP,RG,8700,1,D,SQ,NI,D
9:23:55,ICBP,RG,8700,2,D,SQ,KZ,F
9:23:55,ICBP,RG,8700,6,D,SQ,KK,D
9:23:55,ICBP,RG,8700,4,D,SQ,KZ,F
9:23:55,ICBP,RG,8700,14,D,SQ,CC,D
9:23:55,ICBP,RG,8700,1,D,SQ,KZ,F
9:23:55,ICBP,RG,8700,3,D,SQ,KZ,F
9:23:55,ICBP,RG,8700,10,D,SQ,PD,D
9:23:55,ICBP,RG,8700,1,D,SQ,KZ,F
9:23:55,ICBP,RG,8700,5,D,SQ,SQ,D
9:23:55,ICBP,RG,8700,1,D,SQ,KZ,F
9:23:55,ICBP,RG,8700,1,D,SQ,YP,D
9:23:55,ICBP,RG,8700,2,D,SQ,KZ,F
9:23:55,ICBP,RG,8700,4,D,SQ,NI,D
9:23:55,ICBP,RG,8700,1,D,SQ,KZ,F
9:23:55,ICBP,RG,8700,1,D,SQ,XC,D
9:23:55,ICBP,RG,8700,6,D,SQ,NI,D
9:23:55,ICBP,RG,8700,4,D,SQ,KZ,F
9:23:55,ICBP,RG,8700,5,D,SQ,KZ,F
9:23:55,ICBP,RG,8700,10,D,SQ,GW,F
9:23:55,ICBP,RG,8700,1,D,SQ,YP,D
9:23:55,ICBP,RG,8700,7,D,SQ,KK,D
9:23:55,ICBP,RG,8675,2,D,SQ,DR,D
9:23:55,ICBP,RG,8675,14,D,SQ,KZ,F
9:23:55,ICBP,RG,8675,50,D,SQ,CC,D
9:23:55,ICBP,RG,8675,9,D,SQ,PD,D
9:23:55,ICBP,RG,8675,9,D,SQ,BK,F
9:23:55,ICBP,RG,8675,1,D,SQ,PD,D
9:23:55,ICBP,RG,8675,7,D,SQ,KZ,F
9:23:55,ICBP,RG,8675,20,D,SQ,GW,F
9:23:55,ICBP,RG,8675,15,D,SQ,KZ,F
9:23:55,ICBP,RG,8675,19,D,SQ,NI,D
9:23:55,ICBP,RG,8650,80,D,SQ,GW,F
9:23:55,ICBP,RG,8650,2,D,SQ,KZ,F
9:23:55,ICBP,RG,8650,5,D,SQ,XC,D
9:23:55,ICBP,RG,8650,30,D,SQ,LG,D
9:23:55,ICBP,RG,8650,2,D,SQ,KZ,F
9:23:55,ICBP,RG,8650,2,D,SQ,KZ,F
9:23:55,ICBP,RG,8650,4,D,SQ,KZ,F
9:23:55,ICBP,RG,8650,64,D,SQ,BK,F
9:23:55,ICBP,RG,8650,2,D,SQ,KZ,F
9:23:55,ICBP,RG,8650,15,D,SQ,KZ,F
9:23:55,ICBP,RG,8650,1,D,SQ,KZ,F
9:23:55,ICBP,RG,8650,9,D,SQ,BK,F
9:23:55,ICBP,RG,8650,19,D,SQ,KZ,F
9:23:55,ICBP,RG,8650,22,D,SQ,ZP,F
9:23:55,ICBP,RG,8650,1,D,SQ,KZ,F
9:23:55,ICBP,RG,8650,13,D,SQ,BK,F
9:23:55,ICBP,RG,8650,30,D,SQ,GW,F
9:23:55,ICBP,RG,8650,40,D,SQ,GW,F
9:23:55,ICBP,RG,8650,1,D,SQ,KZ,F
9:23:55,ICBP,RG,8650,1,D,SQ,DR,D
9:23:55,ICBP,RG,8650,29,D,SQ,LG,D
9:23:55,ICBP,RG,8650,20,D,SQ,KZ,F
9:23:55,ICBP,RG,8650,8,D,SQ,KZ,F
9:23:55,ICBP,RG,8650,9,D,SQ,GW,F
9:23:55,ICBP,RG,8625,110,D,SQ,BK,F
9:23:55,ICBP,RG,8625,170,D,SQ,GW,F
9:23:55,ICBP,RG,8625,1,D,SQ,YP,D
9:23:55,ICBP,RG,8625,105,D,SQ,ZP,F
9:23:55,ICBP,RG,8625,221,D,SQ,BK,F
9:23:55,ICBP,RG,8625,25,D,SQ,ZP,F
9:23:48,ICBP,RG,8625,160,D,YB,ZP,F
9:23:48,ICBP,RG,8625,108,D,YB,BK,F
9:23:48,ICBP,RG,8625,32,D,YB,AK,F
9:23:42,ICBP,RG,8600,1,D,YJ,PD,D
9:23:35,ICBP,RG,8600,4,D,YJ,YP,D
9:23:24,ICBP,RG,8600,10,D,YJ,BK,F
9:23:20,ICBP,RG,8600,10,D,YJ,BK,F
9:23:17,ICBP,RG,8600,36,D,YJ,BK,F
9:23:14,ICBP,RG,8600,3,D,YJ,ZP,F
9:23:14,ICBP,RG,8600,10,D,DH,ZP,F
9:23:14,ICBP,RG,8600,10,D,DR,ZP,F
9:23:14,ICBP,RG,8600,10,D,KI,ZP,F
9:23:14,ICBP,RG,8600,139,D,KI,BK,F
9:23:11,ICBP,RG,8600,23,D,KI,ZP,F
9:23:10,ICBP,RG,8600,48,D,KI,ZP,F
9:23:09,ICBP,RG,8600,52,D,KI,ZP,F
9:23:09,ICBP,RG,8625,1,D,XC,ZP,F
9:23:09,ICBP,RG,8625,11,F,DX,ZP,F
9:23:09,ICBP,RG,8625,4,F,DX,ZP,F
9:23:08,ICBP,RG,8625,8,F,DX,BK,F
9:23:08,ICBP,RG,8625,4,D,PD,BK,F
9:23:08,ICBP,RG,8625,1,D,PD,BK,F
9:23:08,ICBP,RG,8625,2,D,XC,BK,F
9:23:08,ICBP,RG,8625,22,F,DX,BK,F
9:23:08,ICBP,RG,8625,34,F,DX,BK,F
9:23:08,ICBP,RG,8625,1,D,DR,BK,F
9:23:08,ICBP,RG,8625,44,F,DX,BK,F
9:23:08,ICBP,RG,8625,2,D,SQ,BK,F
9:23:08,ICBP,RG,8625,5,D,KK,BK,F
9:23:08,ICBP,RG,8625,10,D,XA,BK,F
9:23:08,ICBP,RG,8625,1,D,NI,BK,F
9:23:08,ICBP,RG,8625,10,D,XL,BK,F
9:23:08,ICBP,RG,8625,6,D,CC,BK,F
9:23:08,ICBP,RG,8625,1,D,PD,BK,F
9:23:08,ICBP,RG,8625,2,D,XC,BK,F
9:23:08,ICBP,RG,8625,5,D,KK,BK,F
9:23:08,ICBP,RG,8625,39,F,DX,BK,F
9:23:08,ICBP,RG,8625,43,F,DX,BK,F
9:23:08,ICBP,RG,8625,35,F,DX,AK,F
9:23:08,ICBP,RG,8625,12,D,CC,AK,F
9:23:08,ICBP,RG,8625,28,D,CC,BK,F
9:23:08,ICBP,RG,8625,1,D,NI,BK,F
9:23:08,ICBP,RG,8625,211,D,PD,BK,F
9:22:50,ICBP,RG,8625,12,D,PD,XC,D
9:22:02,ICBP,RG,8625,8,D,PD,BK,F
9:22:00,ICBP,RG,8625,31,D,PD,ZP,F
9:21:22,ICBP,RG,8625,17,D,PD,BK,F
9:21:18,ICBP,RG,8625,70,D,PD,GW,F
9:20:32,ICBP,RG,8625,3,D,PD,XC,D
9:20:24,ICBP,RG,8650,1,D,PD,GW,F
9:20:21,ICBP,RG,8625,1,D,PD,YP,D
9:19:31,ICBP,RG,8625,3,D,PD,NI,D
9:19:27,ICBP,RG,8625,8,D,PD,BK,F
9:19:26,ICBP,RG,8625,1,D,PD,PD,D
9:19:00,ICBP,RG,8650,1,D,PD,GW,F
9:18:37,ICBP,RG,8625,7,D,PD,BK,F
9:18:36,ICBP,RG,8650,2,D,XC,GW,F
9:18:35,ICBP,RG,8625,44,D,PD,ZP,F
9:18:32,ICBP,RG,8625,7,D,PD,BK,F
9:18:29,ICBP,RG,8650,17,D,PD,GW,F
9:18:29,ICBP,RG,8650,6,D,PD,KZ,F
9:18:29,ICBP,RG,8650,24,D,PD,KZ,F
9:18:23,ICBP,RG,8625,16,D,PD,BK,F
9:18:18,ICBP,RG,8625,17,D,PD,BK,F
9:18:16,ICBP,RG,8625,23,D,PD,ZP,F
9:18:16,ICBP,RG,8625,110,D,PD,SQ,D
9:17:55,ICBP,RG,8650,2,D,YP,KZ,F
9:17:53,ICBP,RG,8625,15,D,PD,BK,F
9:17:52,ICBP,RG,8625,30,D,PD,SQ,D
9:17:49,ICBP,RG,8650,2,D,KK,KZ,F
9:17:27,ICBP,RG,8650,1,D,PD,GW,F
9:16:45,ICBP,RG,8625,10,D,PD,BK,F
9:16:39,ICBP,RG,8625,10,D,PD,XC,D
9:16:36,ICBP,RG,8650,5,D,KK,GW,F
9:16:17,ICBP,RG,8625,2,D,PD,PD,D
9:16:15,ICBP,RG,8625,38,D,PD,ZP,F
9:15:19,ICBP,RG,8650,1,D,CC,GW,F
9:14:52,ICBP,RG,8650,1,D,PD,GW,F
9:14:20,ICBP,RG,8625,13,D,PD,BK,F
9:14:19,ICBP,RG,8625,40,D,PD,GW,F
9:14:18,ICBP,RG,8650,1,D,NI,GW,F
9:14:15,ICBP,RG,8625,16,D,PD,BK,F
9:14:13,ICBP,RG,8650,1,D,XC,GW,F
9:14:11,ICBP,RG,8625,19,D,PD,BK,F
9:14:09,ICBP,RG,8625,78,D,PD,ZP,F
9:14:08,ICBP,RG,8625,18,D,PD,BK,F
9:14:05,ICBP,RG,8625,80,D,PD,GW,F
9:13:49,ICBP,RG,8625,10,D,PD,PD,D
9:13:42,ICBP,RG,8625,11,D,PD,CS,F
9:13:42,ICBP,RG,8625,1,D,PD,CS,F
9:13:39,ICBP,RG,8650,1,D,CC,KZ,F
9:13:39,ICBP,RG,8650,1,D,CC,KZ,F
9:13:39,ICBP,RG,8650,8,D,CC,SQ,D
9:13:32,ICBP,RG,8625,14,D,PD,CS,F
9:13:24,ICBP,RG,8625,23,D,PD,ZP,F
9:13:23,ICBP,RG,8625,84,D,PD,ZP,F
9:13:23,ICBP,RG,8625,2,D,XC,ZP,F
9:13:23,ICBP,RG,8625,10,D,NI,ZP,F
9:13:23,ICBP,RG,8625,2,D,NI,ZP,F
9:13:23,ICBP,RG,8625,2,D,DH,ZP,F
9:13:23,ICBP,RG,8625,92,F,DX,ZP,F
9:13:23,ICBP,RG,8625,5,D,YP,ZP,F
9:13:23,ICBP,RG,8625,43,D,KI,ZP,F
9:12:22,ICBP,RG,8625,1,D,KI,PD,D
9:12:22,ICBP,RG,8625,29,D,KI,CC,D
9:12:08,ICBP,RG,8625,25,D,KI,LG,D
9:11:35,ICBP,RG,8625,1,D,KI,XC,D
9:10:48,ICBP,RG,8625,4,D,KI,CS,F
9:10:48,ICBP,RG,8625,1,D,KI,CS,F
9:10:18,ICBP,RG,8625,6,D,KI,CS,F
9:10:16,ICBP,RG,8625,10,D,KI,GW,F
9:09:48,ICBP,RG,8625,3,D,KI,CS,F
9:09:38,ICBP,RG,8625,2,D,KI,CS,F
9:09:34,ICBP,RG,8625,20,D,KI,ZP,F
9:09:33,ICBP,RG,8625,10,D,KI,CS,F
9:09:33,ICBP,RG,8625,6,D,KI,CS,F
9:09:33,ICBP,RG,8625,20,D,KI,GW,F
9:09:27,ICBP,RG,8625,14,D,KI,CS,F
9:09:25,ICBP,RG,8625,40,D,KI,GW,F
9:09:25,ICBP,RG,8625,1,D,KI,DH,D
9:09:23,ICBP,RG,8625,9,D,KI,CS,F
9:09:23,ICBP,RG,8625,11,D,KI,CS,F
9:09:23,ICBP,RG,8625,25,D,KI,BK,F
9:09:23,ICBP,RG,8625,6,D,KI,CS,F
9:09:23,ICBP,RG,8625,13,D,KI,ZP,F
9:09:22,ICBP,RG,8600,23,D,KI,ZP,F
9:09:19,ICBP,RG,8625,18,D,EP,ZP,F
9:09:19,ICBP,RG,8625,72,D,EP,ZP,F
9:09:13,ICBP,RG,8625,30,D,YU,ZP,F
9:09:06,ICBP,RG,8625,5,D,YU,PD,D
9:09:05,ICBP,RG,8625,1,D,YU,DH,D
9:09:01,ICBP,RG,8625,1,D,YU,CS,F
9:09:01,ICBP,RG,8625,13,D,YU,CS,F
9:09:00,ICBP,RG,8625,5,D,KK,CS,F
9:08:57,ICBP,RG,8600,5,D,KI,PD,D
9:08:57,ICBP,RG,8600,1,D,DR,PD,D
9:08:56,ICBP,RG,8600,24,D,DR,ZP,F
9:08:56,ICBP,RG,8625,5,D,KK,ZP,F
9:08:56,ICBP,RG,8625,1,D,XC,ZP,F
9:08:56,ICBP,RG,8625,1,D,GR,ZP,F
9:08:56,ICBP,RG,8625,3,F,DX,ZP,F
9:08:55,ICBP,RG,8625,20,F,DX,GW,F
9:08:55,ICBP,RG,8625,2,F,DX,CS,F
9:08:45,ICBP,RG,8625,20,F,DX,GW,F
9:08:44,ICBP,RG,8625,2,F,DX,CS,F
9:08:40,ICBP,RG,8650,1,D,MG,SQ,D
9:08:35,ICBP,RG,8625,1,F,DX,CS,F
9:08:32,ICBP,RG,8625,1,F,DX,CS,F
9:08:31,ICBP,RG,8625,15,F,DX,CS,F
9:08:31,ICBP,RG,8625,6,F,DX,CS,F
9:08:30,ICBP,RG,8625,2,F,DX,GW,F
9:08:30,ICBP,RG,8625,8,D,EP,GW,F
9:08:25,ICBP,RG,8625,2,D,EP,CS,F
9:08:25,ICBP,RG,8625,2,D,EP,CS,F
9:08:24,ICBP,RG,8625,88,D,EP,KK,D
9:08:24,ICBP,RG,8625,1,D,KK,KK,D
9:08:24,ICBP,RG,8625,10,D,YP,KK,D
9:08:24,ICBP,RG,8625,5,D,PD,KK,D
9:08:24,ICBP,RG,8625,2,D,PD,KK,D
9:08:24,ICBP,RG,8625,2,D,XA,KK,D
9:08:24,ICBP,RG,8625,2,D,XA,KK,D
9:08:16,ICBP,RG,8625,8,D,XA,GW,F
9:08:16,ICBP,RG,8625,2,D,EP,GW,F
9:08:15,ICBP,RG,8625,2,D,EP,CS,F
9:08:05,ICBP,RG,8625,5,D,EP,CS,F
9:08:05,ICBP,RG,8625,6,D,EP,CS,F
9:08:02,ICBP,RG,8650,1,D,XC,SQ,D
9:07:58,ICBP,RG,8625,1,D,EP,PD,D
9:07:56,ICBP,RG,8625,34,D,EP,KK,D
9:07:56,ICBP,RG,8625,17,D,CC,KK,D
9:07:35,ICBP,RG,8625,1,D,CC,CS,F
9:07:18,ICBP,RG,8625,2,D,CC,CS,F
9:07:17,ICBP,RG,8625,10,F,BK,GW,F
9:06:45,ICBP,RG,8625,2,F,BK,CS,F
9:06:39,ICBP,RG,8625,10,F,BK,YP,D
9:06:25,ICBP,RG,8625,3,F,BK,CS,F
9:06:19,ICBP,RG,8625,10,F,BK,GW,F
9:06:12,ICBP,RG,8650,1,D,GR,SQ,D
9:05:44,ICBP,RG,8625,1,F,BK,CS,F
9:05:41,ICBP,RG,8625,5,F,BK,OD,D
9:05:24,ICBP,RG,8625,2,D,YP,CS,F
9:05:24,ICBP,RG,8625,1,D,XC,CS,F
9:05:15,ICBP,RG,8625,1,D,XC,PD,D
9:05:15,ICBP,RG,8625,6,D,KK,PD,D
9:05:15,ICBP,RG,8625,1,D,XL,PD,D
9:05:15,ICBP,RG,8625,1,D,YP,PD,D
9:05:15,ICBP,RG,8625,5,D,PD,PD,D
9:05:15,ICBP,RG,8625,1,D,NI,PD,D
9:02:36,ICBP,RG,8625,1,D,SQ,CS,F
9:02:32,ICBP,RG,8625,1,D,PD,CS,F
9:02:32,ICBP,RG,8625,2,D,PD,CS,F
9:02:29,ICBP,RG,8650,3,D,PD,SQ,D
9:02:29,ICBP,RG,8650,6,D,CC,SQ,D
9:02:28,ICBP,RG,8650,1,D,CC,KZ,F
9:02:27,ICBP,RG,8650,2,D,CC,CS,F
9:02:26,ICBP,RG,8650,1,D,CC,KZ,F
9:02:24,ICBP,RG,8650,1,D,PD,KZ,F
9:02:24,ICBP,RG,8650,5,D,PD,SQ,D
9:02:24,ICBP,RG,8650,2,D,CC,SQ,D
9:02:24,ICBP,RG,8650,1,D,DX,SQ,D
9:02:24,ICBP,RG,8650,1,D,CC,SQ,D
9:02:24,ICBP,RG,8650,1,D,XL,SQ,D
9:02:21,ICBP,RG,8650,1,D,XL,KZ,F
9:02:11,ICBP,RG,8650,1,D,PD,CS,F
9:02:01,ICBP,RG,8675,1,D,PD,CS,F
9:01:54,ICBP,RG,8675,1,D,PD,KZ,F
9:01:54,ICBP,RG,8675,1,D,CC,KZ,F
9:01:54,ICBP,RG,8675,1,D,EP,KZ,F
9:01:53,ICBP,RG,8675,2,D,EP,CS,F
9:01:52,ICBP,RG,8675,1,D,EP,KZ,F
9:01:51,ICBP,RG,8675,1,D,EP,GW,F
9:01:51,ICBP,RG,8675,6,D,AT,GW,F
9:01:51,ICBP,RG,8675,1,D,XL,GW,F
9:01:51,ICBP,RG,8675,1,D,PD,GW,F
9:01:51,ICBP,RG,8675,1,D,PD,GW,F
9:01:46,ICBP,RG,8700,1,D,XL,KK,D
9:01:31,ICBP,RG,8675,2,D,CC,KZ,F
9:01:30,ICBP,RG,8675,1,D,CC,CS,F
9:01:25,ICBP,RG,8700,3,D,XC,KK,D
9:01:11,ICBP,RG,8675,1,D,CC,CS,F
9:01:06,ICBP,RG,8675,1,D,PD,KZ,F
9:01:05,ICBP,RG,8675,1,D,PD,YP,D
9:01:05,ICBP,RG,8675,1,D,PD,YP,D
9:01:04,ICBP,RG,8675,1,D,EP,NI,D
9:00:45,ICBP,RG,8675,1,D,EP,PD,D
9:00:41,ICBP,RG,8675,1,D,KK,CS,F
9:00:35,ICBP,RG,8675,1,D,PD,KZ,F
9:00:33,ICBP,RG,8675,1,D,PD,CS,F
9:00:33,ICBP,RG,8675,1,D,KK,CC,D
9:00:33,ICBP,RG,8675,1,D,PD,CC,D
9:00:28,ICBP,RG,8675,1,D,XC,KZ,F
9:00:24,ICBP,RG,8675,1,D,XC,KZ,F
9:00:23,ICBP,RG,8675,3,D,XC,XC,D
9:00:04,ICBP,RG,8675,1,D,XC,CS,F
8:59:00,ICBP,RG,8675,2,D,XC,DH,D
8:59:00,ICBP,RG,8675,3,D,XC,XL,D
8:59:00,ICBP,RG,8675,1,D,XC,GR,D
8:59:00,ICBP,RG,8675,1,D,XC,PD,D
8:59:00,ICBP,RG,8675,1,D,XC,PD,D
8:59:00,ICBP,RG,8675,3,D,XC,PD,D
8:59:00,ICBP,RG,8675,1,D,XC,PD,D
8:59:00,ICBP,RG,8675,1,D,XC,KZ,F
8:59:00,ICBP,RG,8675,2,D,XC,KZ,F
8:59:00,ICBP,RG,8675,4,D,XC,KZ,F
8:59:00,ICBP,RG,8675,2,D,XC,KZ,F
8:59:00,ICBP,RG,8675,7,D,XC,KZ,F
8:59:00,ICBP,RG,8675,7,D,XC,PD,D
8:59:00,ICBP,RG,8675,1,D,XC,PD,D
8:59:00,ICBP,RG,8675,7,D,PD,PD,D
8:59:00,ICBP,RG,8675,1,D,PD,CS,F
8:59:00,ICBP,RG,8675,1,D,PD,CS,F
8:59:00,ICBP,RG,8675,1,D,PD,CS,F
8:59:00,ICBP,RG,8675,3,D,XL,CS,F
8:59:00,ICBP,RG,8675,3,D,PD,CS,F
8:59:00,ICBP,RG,8675,1,D,PD,GW,F
8:59:00,ICBP,RG,8675,1,F,DX,GW,F
8:59:00,ICBP,RG,8675,7,F,DX,GW,F
8:59:00,ICBP,RG,8675,1,F,DX,GW,F
8:59:00,ICBP,RG,8675,3,F,DX,CS,F