Time,Stock,Brd,Price,Qty,BT,BC,SC,ST
15:11:37,ICBP,RG,8725,1,F,ZP,YP,D
15:11:37,ICBP,RG,8725,5,D,XC,YP,D
15:09:16,ICBP,RG,8725,1,F,ZP,YP,D
15:09:16,ICBP,RG,8725,5,D,KK,YP,D
15:06:46,ICBP,RG,8725,5,D,YP,YP,D
15:06:06,ICBP,RG,8725,1,F,ZP,YP,D
15:06:06,ICBP,RG,8725,5,D,NI,YP,D
15:05:21,ICBP,RG,8725,1,F,ZP,YP,D
15:05:20,ICBP,RG,8725,2,D,XC,YP,D
15:01:22,ICBP,RG,8725,1,F,ZP,YP,D
15:01:22,ICBP,RG,8725,5,D,XC,YP,D
15:01:04,ICBP,RG,8725,4,F,ZP,YP,D
15:01:04,ICBP,RG,8725,27,D,KZ,YP,D
15:01:01,ICBP,RG,8725,1,F,ZP,YP,D
15:01:00,ICBP,RG,8725,1,F,ZP,YP,D
15:01:00,ICBP,RG,8725,11,F,ZP,YP,D
15:00:00,ICBP,RG,8725,6,D,XC,YP,D
15:00:00,ICBP,RG,8725,1,D,NI,YP,D
15:00:00,ICBP,RG,8725,25,D,YP,YP,D
15:00:00,ICBP,RG,8725,4,D,PD,YP,D
15:00:00,ICBP,RG,8725,2,D,CC,YP,D
15:00:00,ICBP,RG,8725,1,D,PD,YP,D
15:00:00,ICBP,RG,8725,3,D,XC,YP,D
15:00:00,ICBP,RG,8725,5,D,YP,YP,D
15:00:00,ICBP,RG,8725,13,D,YP,YP,D
15:00:00,ICBP,RG,8725,69,F,ZP,YP,D
15:00:00,ICBP,RG,8725,311,F,ZP,YP,D
15:00:00,ICBP,RG,8725,97,F,ZP,YP,D
15:00:00,ICBP,RG,8725,234,F,AK,YP,D
15:00:00,ICBP,RG,8725,50,F,AK,ZP,D
15:00:00,ICBP,RG,8725,1,F,AK,YP,D
15:00:00,ICBP,RG,8725,3,F,AK,CC,D
15:00:00,ICBP,RG,8725,15,F,AK,GR,D
15:00:00,ICBP,RG,8725,1,F,AK,CC,D
15:00:00,ICBP,RG,8725,10,F,AK,EP,D
15:00:00,ICBP,RG,8725,5,F,AK,EP,D
15:00:00,ICBP,RG,8725,1,F,AK,GR,D
15:00:00,ICBP,RG,8725,1,F,AK,EP,D
15:00:00,ICBP,RG,8725,5,F,AK,YP,D
15:00:00,ICBP,RG,8725,2,F,AK,YP,D
15:00:00,ICBP,RG,8725,3,F,AK,PD,D
15:00:00,ICBP,RG,8725,1,F,AK,EP,D
15:00:00,ICBP,RG,8725,25,F,AK,GR,D
15:00:00,ICBP,RG,8725,4,F,AK,PD,D
15:00:00,ICBP,RG,8725,11,F,AK,YP,D
15:00:00,ICBP,RG,8725,9,F,YU,YP,D
15:00:00,ICBP,RG,8725,5,F,YU,YP,D
15:00:00,ICBP,RG,8725,1,F,YU,YP,D
15:00:00,ICBP,RG,8725,1,F,YU,CC,D
15:00:00,ICBP,RG,8725,11,F,YU,XC,D
15:00:00,ICBP,RG,8725,3,F,YU,PD,D
15:00:00,ICBP,RG,8725,4,F,YU,SQ,D
15:00:00,ICBP,RG,8725,1,F,YU,SQ,D
15:00:00,ICBP,RG,8725,5,F,YU,GR,D
15:00:00,ICBP,RG,8725,1,F,YU,YP,D
15:00:00,ICBP,RG,8725,2,F,YU,PD,D
15:00:00,ICBP,RG,8725,11,F,YU,KK,D
15:00:00,ICBP,RG,8725,1,F,YU,XL,D
15:00:00,ICBP,RG,8725,58,F,YU,CC,D
15:00:00,ICBP,RG,8725,1,F,YU,PD,D
15:00:00,ICBP,RG,8725,1,F,YU,OD,D
15:00:00,ICBP,RG,8725,76,F,YU,OD,D
15:00:00,ICBP,RG,8725,10,F,YU,DX,D
15:00:00,ICBP,RG,8725,5,F,YU,YP,D
15:00:00,ICBP,RG,8725,5,F,YU,YP,D
15:00:00,ICBP,RG,8725,3,F,YU,YP,D
15:00:00,ICBP,RG,8725,1,F,YU,KK,D
15:00:00,ICBP,RG,8725,10,F,YU,SQ,D
15:00:00,ICBP,RG,8725,21,F,YU,KZ,D
15:00:00,ICBP,RG,8725,548,F,YU,CS,F
15:00:00,ICBP,RG,8725,27,D,BK,CS,F
15:00:00,ICBP,RG,8725,2,D,BK,DX,D
15:00:00,ICBP,RG,8725,150,D,BK,CC,D
15:00:00,ICBP,RG,8725,65,F,BK,CC,D
15:00:00,ICBP,RG,8725,120,D,CS,CC,D
15:00:00,ICBP,RG,8725,265,F,DX,CC,D
15:00:00,ICBP,RG,8725,329,F,DX,YU,F
15:00:00,ICBP,RG,8725,541,D,LG,YU,F
15:00:00,ICBP,RG,8725,33,D,LG,BQ,D
15:00:00,ICBP,RG,8725,5,D,LG,ZP,D
15:00:00,ICBP,RG,8725,5,D,LG,ZP,D
15:00:00,ICBP,RG,8725,2,D,LG,YU,D
14:49:57,ICBP,RG,8725,6,F,ZP,OD,D
14:49:56,ICBP,RG,8725,36,F,YU,OD,D
14:49:50,ICBP,RG,8725,1,F,ZP,OD,D
14:49:42,ICBP,RG,8725,12,F,ZP,OD,D
14:49:41,ICBP,RG,8725,33,F,YU,OD,D
14:49:30,ICBP,RG,8725,10,F,YU,OD,D
14:49:30,ICBP,RG,8725,37,F,ZP,OD,D
14:49:24,ICBP,RG,8725,63,F,YU,OD,D
14:49:04,ICBP,RG,8700,9,F,YU,DR,D
14:49:04,ICBP,RG,8700,3,F,BK,DR,D
14:48:57,ICBP,RG,8725,48,F,AK,OD,D
14:48:57,ICBP,RG,8725,60,F,YU,OD,D
14:48:38,ICBP,RG,8725,10,F,BK,OD,D
14:48:32,ICBP,RG,8725,50,F,ZP,OD,D
14:48:32,ICBP,RG,8725,72,F,YU,OD,D
14:48:28,ICBP,RG,8700,5,F,AK,EP,D
14:48:22,ICBP,RG,8700,3,F,BK,YU,F
14:48:07,ICBP,RG,8700,23,F,AK,YU,F
14:48:07,ICBP,RG,8700,7,F,AK,PD,D
14:48:00,ICBP,RG,8700,18,F,YU,PD,D
14:47:45,ICBP,RG,8675,15,F,YU,DR,D
14:47:34,ICBP,RG,8675,16,F,YU,DR,D
14:47:34,ICBP,RG,8675,2,D,SQ,DR,D
14:47:28,ICBP,RG,8700,3,D,YP,DR,D
14:47:15,ICBP,RG,8700,9,F,BK,DR,D
14:47:09,ICBP,RG,8700,36,F,AK,DR,D
14:46:42,ICBP,RG,8725,51,D,PD,OD,D
14:46:15,ICBP,RG,8725,73,F,ZP,OD,D
14:46:15,ICBP,RG,8700,4,F,ZP,DR,D
14:46:12,ICBP,RG,8725,1,D,CC,OD,D
14:46:05,ICBP,RG,8725,10,F,BK,OD,D
14:45:55,ICBP,RG,8725,40,F,ZP,OD,D
14:45:55,ICBP,RG,8725,2,F,ZP,CC,D
14:45:55,ICBP,RG,8725,1,F,ZP,PD,D
14:45:55,ICBP,RG,8725,1,F,ZP,LG,D
14:45:55,ICBP,RG,8725,2,F,ZP,LG,D
14:45:55,ICBP,RG,8725,10,F,ZP,CC,D
14:45:55,ICBP,RG,8725,1,F,ZP,YP,D
14:45:55,ICBP,RG,8725,1,F,ZP,LG,D
14:45:55,ICBP,RG,8725,1,F,ZP,OD,D
14:45:55,ICBP,RG,8725,1,F,ZP,XL,D
14:45:55,ICBP,RG,8725,58,F,ZP,XC,D
14:45:55,ICBP,RG,8700,28,F,AK,YU,F
14:45:50,ICBP,RG,8675,5,D,PD,DR,D
14:45:40,ICBP,RG,8675,160,D,PD,DX,D
14:45:24,ICBP,RG,8725,42,F,ZP,XC,D
14:45:24,ICBP,RG,8725,10,F,ZP,PD,D
14:45:24,ICBP,RG,8725,3,F,ZP,YP,D
14:45:24,ICBP,RG,8725,12,F,ZP,XC,D
14:45:24,ICBP,RG,8725,2,F,ZP,YP,D
14:45:24,ICBP,RG,8725,1,F,ZP,YP,D
14:45:24,ICBP,RG,8725,16,F,ZP,YP,D
14:45:24,ICBP,RG,8725,5,F,ZP,PD,D
14:45:24,ICBP,RG,8725,46,F,ZP,OD,D
14:45:24,ICBP,RG,8700,1,F,ZP,SQ,D
14:45:24,ICBP,RG,8700,14,F,ZP,YB,D
14:45:15,ICBP,RG,8700,35,D,YP,YB,D
14:45:05,ICBP,RG,8700,9,F,BK,YB,D
14:45:00,ICBP,RG,8700,42,F,AK,YB,D
14:44:43,ICBP,RG,8700,84,F,AK,DX,D
14:44:34,ICBP,RG,8725,17,D,CC,OD,D
14:44:32,ICBP,RG,8725,12,D,CC,OD,D
14:44:30,ICBP,RG,8700,3,F,AK,CS,F
14:44:30,ICBP,RG,8700,47,F,AK,DR,D
14:44:30,ICBP,RG,8700,3,F,AK,DR,D
14:44:24,ICBP,RG,8700,17,F,AK,DR,D
14:44:24,ICBP,RG,8700,7,F,AK,CS,F
14:44:24,ICBP,RG,8700,5,F,AK,YP,D
14:44:24,ICBP,RG,8700,3,F,AK,YP,D
14:44:24,ICBP,RG,8700,6,F,AK,CC,D
14:44:24,ICBP,RG,8700,4,F,AK,YU,F
14:44:24,ICBP,RG,8700,25,F,AK,YU,F
14:44:24,ICBP,RG,8700,25,F,AK,YU,F
14:44:24,ICBP,RG,8700,5,F,AK,YP,D
14:44:24,ICBP,RG,8700,1,F,AK,EP,D
14:44:24,ICBP,RG,8700,2,F,AK,CS,F
14:44:24,ICBP,RG,8700,5,F,AK,CS,F
14:44:24,ICBP,RG,8700,111,F,AK,DR,D
14:44:24,ICBP,RG,8700,1,F,AK,XC,D
14:44:24,ICBP,RG,8700,225,F,AK,OD,D
14:44:23,ICBP,RG,8700,75,F,ZP,OD,D
14:44:23,ICBP,RG,8700,45,F,ZP,OD,D
14:44:23,ICBP,RG,8700,46,F,ZP,DX,D
14:44:23,ICBP,RG,8675,221,D,PD,DX,D
14:44:20,ICBP,RG,8700,57,D,NI,DX,D
14:44:12,ICBP,RG,8675,100,D,PD,YU,D
14:44:07,ICBP,RG,8700,1,D,PD,DX,D
14:43:44,ICBP,RG,8675,24,D,PD,YU,F
14:43:44,ICBP,RG,8675,4,F,YU,YU,F
14:43:30,ICBP,RG,8675,34,F,YU,CC,D
14:43:30,ICBP,RG,8675,58,F,AK,CC,D
14:43:30,ICBP,RG,8675,29,F,YU,CC,D
14:43:30,ICBP,RG,8675,1,D,PD,CC,D
14:43:30,ICBP,RG,8675,33,F,YU,CC,D
14:43:30,ICBP,RG,8675,33,F,BK,CC,D
14:43:30,ICBP,RG,8675,9,F,BK,CC,D
14:43:30,ICBP,RG,8675,32,F,ZP,CC,D
14:43:15,ICBP,RG,8675,10,F,ZP,CS,F
14:43:02,ICBP,RG,8700,1,D,PD,DX,D
14:43:00,ICBP,RG,8675,1,F,ZP,CC,D
14:42:50,ICBP,RG,8675,81,F,ZP,DR,D
14:42:50,ICBP,RG,8675,9,F,BK,DR,D
14:42:48,ICBP,RG,8675,7,F,BK,DR,D
14:42:17,ICBP,RG,8700,1,D,PD,DX,D
14:42:17,ICBP,RG,8700,1,D,CC,DX,D
14:41:58,ICBP,RG,8675,4,F,BK,PD,D
14:41:45,ICBP,RG,8675,103,F,BK,DR,D
14:41:38,ICBP,RG,8675,1,F,BK,AZ,D
14:41:36,ICBP,RG,8675,66,F,BK,DX,D
14:41:36,ICBP,RG,8675,34,F,YU,DX,D
14:41:36,ICBP,RG,8675,21,F,YU,DX,D
14:41:36,ICBP,RG,8675,3,F,CC,DX,D
14:41:36,ICBP,RG,8675,30,F,YU,DX,D
14:41:36,ICBP,RG,8675,1,D,YP,DX,D
14:41:36,ICBP,RG,8675,32,D,NI,DX,D
14:41:36,ICBP,RG,8675,60,F,AK,DX,D
14:41:36,ICBP,RG,8675,27,F,AK,YU,F
14:40:17,ICBP,RG,8675,25,F,AK,MU,D
14:39:34,ICBP,RG,8675,43,F,AK,OD,D
14:39:34,ICBP,RG,8675,166,F,ZP,OD,D
14:39:34,ICBP,RG,8675,91,F,CS,OD,D
14:39:34,ICBP,RG,8675,45,F,CS,OD,D
14:39:23,ICBP,RG,8675,24,F,CS,YU,F
14:39:10,ICBP,RG,8675,100,F,CS,YU,D
14:39:06,ICBP,RG,8675,100,F,CS,CC,D
14:39:00,ICBP,RG,8675,26,F,YU,AK,F
14:39:00,ICBP,RG,8675,31,F,YU,AK,F
14:39:00,ICBP,RG,8675,1,D,XC,AK,F
14:39:00,ICBP,RG,8675,26,F,YU,AK,F
14:39:00,ICBP,RG,8675,1,D,CC,AK,F
14:39:00,ICBP,RG,8675,13,F,BK,AK,F
14:39:00,ICBP,RG,8675,36,F,YU,AK,F
14:39:00,ICBP,RG,8675,2,D,PD,AK,F
14:39:00,ICBP,RG,8675,21,F,YU,AK,F
14:39:00,ICBP,RG,8675,26,F,YU,AK,F
14:39:00,ICBP,RG,8675,33,F,YU,AK,F
14:39:00,ICBP,RG,8675,21,F,YU,AK,F
14:39:00,ICBP,RG,8675,58,F,AK,AK,F
14:39:00,ICBP,RG,8675,401,F,ZP,AK,F
14:39:00,ICBP,RG,8675,16,D,NI,AK,F
14:39:00,ICBP,RG,8675,32,D,NI,AK,F
14:39:00,ICBP,RG,8675,16,F,BK,AK,F
14:39:00,ICBP,RG,8675,460,F,CS,AK,F
14:39:00,ICBP,RG,8675,151,F,BK,AK,F
14:39:00,ICBP,RG,8675,294,F,BK,CC,D
14:38:59,ICBP,RG,8675,30,F,BK,DR,D
14:38:59,ICBP,RG,8675,10,F,CS,DR,D
14:38:14,ICBP,RG,8675,49,F,CS,DR,D
14:38:06,ICBP,RG,8675,12,F,CS,XC,D
14:37:47,ICBP,RG,8675,100,F,CS,YU,D
14:37:04,ICBP,RG,8700,16,D,NI,DX,D
14:36:15,ICBP,RG,8700,133,D,PD,DX,D
14:36:15,ICBP,RG,8700,1,D,PD,EP,D
14:36:15,ICBP,RG,8700,3,D,PD,CS,F
14:36:15,ICBP,RG,8700,86,D,PD,DR,D
14:35:54,ICBP,RG,8700,25,D,NI,DR,D
14:35:54,ICBP,RG,8700,7,D,NI,YU,F
14:35:42,ICBP,RG,8675,286,F,CS,DX,D
14:35:28,ICBP,RG,8700,16,D,NI,YU,F
14:35:16,ICBP,RG,8700,2,F,ZP,CS,F
14:35:16,ICBP,RG,8700,4,F,ZP,CS,F
14:35:16,ICBP,RG,8700,3,F,ZP,CS,F
14:35:16,ICBP,RG,8700,92,F,ZP,OD,D
14:35:15,ICBP,RG,8700,5,F,CC,OD,D
14:35:15,ICBP,RG,8700,28,F,YU,OD,D
14:35:15,ICBP,RG,8700,5,D,YP,OD,D
14:35:15,ICBP,RG,8700,9,D,XC,OD,D
14:35:15,ICBP,RG,8700,25,F,YU,OD,D
14:35:15,ICBP,RG,8700,29,D,CC,OD,D
14:35:15,ICBP,RG,8700,20,D,CC,OD,D
14:35:15,ICBP,RG,8700,25,F,YU,OD,D
14:35:15,ICBP,RG,8700,1,D,EP,OD,D
14:35:15,ICBP,RG,8700,11,F,BK,OD,D
14:35:15,ICBP,RG,8700,50,F,ZP,OD,D
14:35:15,ICBP,RG,8700,45,F,ZP,OD,D
14:35:05,ICBP,RG,8700,16,F,ZP,YU,F
14:35:05,ICBP,RG,8700,12,F,YU,YU,F
14:34:37,ICBP,RG,8700,5,F,YU,AT,D
14:34:37,ICBP,RG,8700,15,F,AK,AT,D
14:34:20,ICBP,RG,8700,17,F,AK,DR,D
14:34:20,ICBP,RG,8700,17,F,ZP,DR,D
14:34:11,ICBP,RG,8725,1,D,LS,OD,D
14:33:51,ICBP,RG,8700,100,F,ZP,YU,D
14:33:45,ICBP,RG,8700,50,F,ZP,AT,D
14:33:42,ICBP,RG,8700,60,F,ZP,SQ,D
14:33:38,ICBP,RG,8700,1,F,ZP,PD,D
14:33:35,ICBP,RG,8700,80,F,ZP,LG,D
14:33:35,ICBP,RG,8700,30,F,YU,LG,D
14:33:35,ICBP,RG,8700,11,F,BK,LG,D
14:33:35,ICBP,RG,8700,35,F,YU,LG,D
14:33:35,ICBP,RG,8700,16,D,NI,LG,D
14:33:35,ICBP,RG,8700,40,F,YU,LG,D
14:33:35,ICBP,RG,8700,33,F,YU,LG,D
14:33:35,ICBP,RG,8700,5,D,YP,LG,D
14:33:35,ICBP,RG,8700,1,D,YP,LG,D
14:33:35,ICBP,RG,8700,74,F,YU,LG,D
14:33:33,ICBP,RG,8700,100,F,YU,YU,D
14:33:18,ICBP,RG,8700,33,F,YU,DR,D
14:33:10,ICBP,RG,8700,1,F,YU,YP,D
14:32:51,ICBP,RG,8700,234,F,YU,DX,D
14:32:34,ICBP,RG,8700,55,F,YU,AT,D
14:32:26,ICBP,RG,8700,68,F,YU,CC,D
14:32:26,ICBP,RG,8700,11,F,ZP,CC,D
14:32:26,ICBP,RG,8700,21,F,AK,CC,D
14:32:10,ICBP,RG,8700,1,F,AK,GR,D
14:31:51,ICBP,RG,8700,8,F,AK,YU,D
14:31:51,ICBP,RG,8700,10,F,BK,YU,D
14:31:51,ICBP,RG,8700,32,F,ZP,YU,D
14:30:48,ICBP,RG,8700,50,F,ZP,YU,D
14:30:41,ICBP,RG,8700,1,F,ZP,YP,D
14:30:39,ICBP,RG,8700,12,F,ZP,PD,D
14:30:32,ICBP,RG,8725,1,D,YP,OD,D
14:30:24,ICBP,RG,8725,5,F,BK,OD,D
14:30:23,ICBP,RG,8700,100,F,ZP,YU,D
14:30:22,ICBP,RG,8725,63,F,BK,OD,D
14:30:19,ICBP,RG,8700,100,F,ZP,YU,D
14:30:19,ICBP,RG,8725,155,F,BK,OD,D
14:30:19,ICBP,RG,8725,45,F,BK,OD,D
14:30:13,ICBP,RG,8700,10,F,BK,PD,D
14:30:13,ICBP,RG,8700,5,F,BK,DR,D
14:30:13,ICBP,RG,8700,3,F,BK,PD,D
14:30:13,ICBP,RG,8700,2,F,BK,ZP,D
14:30:13,ICBP,RG,8700,1,F,BK,PD,D
14:30:13,ICBP,RG,8700,3,F,BK,CC,D
14:30:13,ICBP,RG,8700,20,F,BK,CC,D
14:30:13,ICBP,RG,8700,1,F,BK,CC,D
14:30:13,ICBP,RG,8700,32,F,BK,XL,D
14:30:13,ICBP,RG,8700,1,F,BK,PD,D
14:30:13,ICBP,RG,8700,5,F,BK,PD,D
14:30:13,ICBP,RG,8700,2,F,BK,GR,D
14:30:13,ICBP,RG,8700,2,F,BK,SQ,D
14:30:13,ICBP,RG,8700,1,F,BK,SQ,D
14:30:13,ICBP,RG,8700,2,F,BK,YP,D
14:30:13,ICBP,RG,8700,192,F,BK,YP,D
14:30:13,ICBP,RG,8700,84,F,AK,YP,D
14:30:13,ICBP,RG,8700,99,F,ZP,YP,D
14:30:13,ICBP,RG,8700,5,F,ZP,GR,D
14:30:13,ICBP,RG,8700,2,F,ZP,PD,D
14:30:13,ICBP,RG,8700,14,F,ZP,XC,D
14:30:13,ICBP,RG,8700,1,F,ZP,CC,D
14:30:13,ICBP,RG,8700,1,F,ZP,KK,D
14:30:13,ICBP,RG,8700,2,F,ZP,XC,D
14:30:13,ICBP,RG,8700,35,F,ZP,FZ,D
14:30:13,ICBP,RG,8700,1,F,ZP,XC,D
14:30:13,ICBP,RG,8700,1,F,ZP,YP,D
14:30:13,ICBP,RG,8700,2,F,ZP,PD,D
14:30:13,ICBP,RG,8700,1,F,ZP,PD,D
14:30:13,ICBP,RG,8700,5,F,ZP,DR,D
14:30:13,ICBP,RG,8700,40,F,ZP,CC,D
14:30:13,ICBP,RG,8700,5,F,ZP,XL,D
14:30:13,ICBP,RG,8700,6,F,ZP,PD,D
14:30:13,ICBP,RG,8700,1,F,ZP,XC,D
14:30:13,ICBP,RG,8700,1,F,ZP,HP,D
14:30:13,ICBP,RG,8700,6,F,ZP,CC,D
14:30:13,ICBP,RG,8700,2,F,ZP,XC,D
14:30:13,ICBP,RG,8700,1,F,ZP,CC,D
14:30:13,ICBP,RG,8700,3,F,ZP,YP,D
14:30:13,ICBP,RG,8700,185,F,ZP,OD,D
14:30:13,ICBP,RG,8700,115,F,BK,OD,D
14:30:13,ICBP,RG,8700,45,F,BK,OD,D
14:30:13,ICBP,RG,8700,10,F,BK,YP,D
14:30:13,ICBP,RG,8700,1,F,BK,DR,D
14:30:08,ICBP,RG,8675,8,F,AK,CS,F
14:30:08,ICBP,RG,8675,10,F,AK,GR,D
14:30:08,ICBP,RG,8675,5,F,AK,DR,D
14:30:08,ICBP,RG,8675,2,F,AK,ZP,D
14:30:08,ICBP,RG,8675,1,F,AK,AZ,D
14:30:08,ICBP,RG,8675,24,F,BK,AZ,D
14:30:08,ICBP,RG,8675,200,F,BK,EP,D
14:30:08,ICBP,RG,8675,100,F,BK,KK,D
14:30:08,ICBP,RG,8675,5,F,BK,XL,D
14:30:08,ICBP,RG,8675,10,F,BK,YP,D
14:30:08,ICBP,RG,8675,1,F,BK,YP,D
14:30:08,ICBP,RG,8675,2,F,BK,XC,D
14:30:08,ICBP,RG,8675,1,F,BK,XC,D
14:30:08,ICBP,RG,8675,2,F,BK,PD,D
14:30:08,ICBP,RG,8675,10,F,BK,PD,D
14:30:08,ICBP,RG,8675,1,F,BK,PD,D
14:30:08,ICBP,RG,8675,1,F,BK,SQ,D
14:30:08,ICBP,RG,8675,10,F,BK,GR,D
14:30:08,ICBP,RG,8675,5,F,BK,SQ,D
14:30:08,ICBP,RG,8675,1,F,BK,SQ,D
14:30:08,ICBP,RG,8675,3,F,BK,AZ,D
14:30:08,ICBP,RG,8675,1,F,BK,EP,D
14:30:08,ICBP,RG,8675,3,F,BK,KK,D
14:30:08,ICBP,RG,8675,5,F,BK,PD,D
14:30:08,ICBP,RG,8675,4,F,BK,XC,D
14:30:08,ICBP,RG,8675,15,F,BK,XL,D
14:30:08,ICBP,RG,8675,4,F,BK,PD,D
14:30:08,ICBP,RG,8675,3,F,BK,PD,D
14:30:08,ICBP,RG,8675,100,F,BK,CC,D
14:30:08,ICBP,RG,8675,1,F,BK,PD,D
14:30:08,ICBP,RG,8675,100,F,BK,CC,D
14:30:08,ICBP,RG,8675,283,F,BK,OD,D
14:30:06,ICBP,RG,8650,258,F,AK,DR,D
14:30:06,ICBP,RG,8650,113,F,AK,DR,D
14:30:06,ICBP,RG,8675,17,F,AK,OD,D
14:30:06,ICBP,RG,8675,45,F,AK,OD,D
14:30:06,ICBP,RG,8675,113,F,AK,YP,D
14:30:06,ICBP,RG,8650,100,F,AK,DX,D
14:30:06,ICBP,RG,8650,6,F,AK,SQ,D
14:30:06,ICBP,RG,8650,214,F,AK,CC,D
14:30:06,ICBP,RG,8650,117,F,AK,DX,D
14:30:06,ICBP,RG,8650,108,F,AK,DR,D
14:30:06,ICBP,RG,8650,600,F,BK,DR,D
14:30:06,ICBP,RG,8650,3,F,BK,CS,F
14:30:06,ICBP,RG,8650,95,F,BK,CC,D
14:30:06,ICBP,RG,8650,205,F,BK,CC,D
14:30:06,ICBP,RG,8650,8,F,BK,CS,F
14:30:06,ICBP,RG,8650,280,F,BK,DX,D
14:30:06,ICBP,RG,8650,1,F,BK,PD,D
14:30:06,ICBP,RG,8650,6,F,BK,YU,F
14:30:06,ICBP,RG,8650,17,F,AK,YU,F
14:30:06,ICBP,RG,8650,2,F,AK,NI,D
14:30:06,ICBP,RG,8650,86,F,AK,DX,D
14:30:06,ICBP,RG,8650,178,F,BK,DX,D
14:30:06,ICBP,RG,8650,10,F,BK,GR,D
14:30:06,ICBP,RG,8650,14,F,BK,YU,F
14:30:06,ICBP,RG,8650,209,F,BK,DX,D
14:30:06,ICBP,RG,8650,89,F,BK,CC,D
14:30:05,ICBP,RG,8650,111,F,BK,CC,D
14:30:05,ICBP,RG,8650,5,F,BK,PD,D
14:30:05,ICBP,RG,8650,384,F,BK,DX,D
14:30:05,ICBP,RG,8650,117,F,BK,DX,D
14:30:05,ICBP,RG,8650,300,F,BK,OD,D
14:30:05,ICBP,RG,8650,45,F,BK,OD,D
14:30:05,ICBP,RG,8650,38,F,BK,AT,D
14:30:05,ICBP,RG,8650,38,F,AK,AT,D
14:30:05,ICBP,RG,8650,69,F,AK,AT,D
14:30:05,ICBP,RG,8650,259,F,AK,DX,D
14:30:05,ICBP,RG,8650,5,F,AK,KK,D
14:30:05,ICBP,RG,8650,20,F,AK,CC,D
14:30:05,ICBP,RG,8650,180,F,BK,CC,D
14:30:05,ICBP,RG,8650,170,F,BK,DX,D
14:30:05,ICBP,RG,8650,72,F,BK,DX,D
14:30:05,ICBP,RG,8650,78,F,BK,DR,D
14:30:04,ICBP,RG,8650,12,F,BK,DR,D
14:30:01,ICBP,RG,8650,49,F,BK,DR,D
14:30:00,ICBP,RG,8625,73,F,ZP,CC,D
14:30:00,ICBP,RG,8625,144,F,BK,CC,D
14:28:39,ICBP,RG,8650,11,F,BK,DR,D
14:28:35,ICBP,RG,8650,13,F,BK,DR,D
14:28:34,ICBP,RG,8625,26,F,BK,YU,F
14:28:29,ICBP,RG,8650,23,F,BK,DR,D
14:28:26,ICBP,RG,8625,100,F,BK,YU,D
14:27:50,ICBP,RG,8650,4,D,CC,DR,D
14:27:50,ICBP,RG,8650,11,D,CC,DR,D
14:27:30,ICBP,RG,8650,11,F,BK,DR,D
14:27:25,ICBP,RG,8650,12,F,BK,DR,D
14:27:22,ICBP,RG,8650,47,F,BK,DR,D
14:27:19,ICBP,RG,8625,20,F,BK,OD,D
14:27:19,ICBP,RG,8625,21,F,BK,OD,D
14:27:19,ICBP,RG,8625,259,F,BK,OD,D
14:27:19,ICBP,RG,8625,45,F,BK,OD,D
14:27:12,ICBP,RG,8625,5,F,BK,XC,D
14:26:41,ICBP,RG,8625,1,F,BK,XC,D
14:26:33,ICBP,RG,8650,9,F,BK,DR,D
14:26:31,ICBP,RG,8625,27,F,BK,YU,F
14:26:31,ICBP,RG,8625,3,F,AK,YU,F
14:25:12,ICBP,RG,8625,3,F,AK,CC,D
14:25:11,ICBP,RG,8650,3,D,YP,DR,D
14:24:36,ICBP,RG,8650,12,F,BK,DR,D
14:24:34,ICBP,RG,8625,40,F,AK,GR,D
14:24:30,ICBP,RG,8650,1,D,PD,DR,D
14:24:26,ICBP,RG,8650,10,D,AZ,DR,D
14:23:53,ICBP,RG,8650,1,D,SQ,DR,D
14:23:42,ICBP,RG,8650,2,D,XC,DR,D
14:23:14,ICBP,RG,8650,3,D,KK,DR,D
14:22:48,ICBP,RG,8650,10,F,BK,DR,D
14:22:46,ICBP,RG,8650,17,F,BK,DR,D
14:22:41,ICBP,RG,8650,69,F,BK,DR,D
14:22:40,ICBP,RG,8625,19,F,AK,OD,D
14:22:40,ICBP,RG,8625,91,F,ZP,OD,D
14:22:40,ICBP,RG,8625,190,F,BK,OD,D
14:22:40,ICBP,RG,8625,45,F,BK,OD,D
14:22:35,ICBP,RG,8650,20,F,BK,DR,D
14:22:33,ICBP,RG,8650,25,D,YP,DR,D
14:22:31,ICBP,RG,8650,19,F,BK,DR,D
14:22:31,ICBP,RG,8625,55,F,BK,YU,D
14:22:31,ICBP,RG,8625,45,D,PD,YU,D
14:22:27,ICBP,RG,8650,15,F,BK,DR,D
14:22:26,ICBP,RG,8625,1,D,PD,YP,D
14:22:24,ICBP,RG,8650,15,F,BK,DR,D
14:22:24,ICBP,RG,8650,3,F,BK,CS,F
14:22:24,ICBP,RG,8650,26,F,BK,CC,D
14:22:23,ICBP,RG,8625,177,D,PD,YU,D
14:22:21,ICBP,RG,8625,23,F,BK,YU,D
14:22:15,ICBP,RG,8625,2,F,BK,CS,F
14:22:15,ICBP,RG,8625,3,F,BK,CS,F
14:22:15,ICBP,RG,8625,2,F,BK,CS,F
14:22:15,ICBP,RG,8625,26,F,BK,CC,D
14:22:10,ICBP,RG,8625,169,F,AK,CC,D
14:22:10,ICBP,RG,8625,39,F,BK,CC,D
14:22:10,ICBP,RG,8625,5,F,BK,CS,F
14:22:10,ICBP,RG,8625,12,F,BK,YU,F
14:22:07,ICBP,RG,8625,16,F,AK,YU,F
14:22:07,ICBP,RG,8625,15,F,AK,YU,F
14:22:07,ICBP,RG,8625,34,F,AK,IF,D
14:22:07,ICBP,RG,8625,192,F,BK,IF,D
14:22:06,ICBP,RG,8625,433,F,ZP,IF,D
14:22:06,ICBP,RG,8625,1029,F,BK,IF,D
14:22:06,ICBP,RG,8600,3,D,PD,CS,F
14:22:06,ICBP,RG,8625,1,D,PD,IF,D
14:22:06,ICBP,RG,8625,18,F,BK,IF,D
14:22:06,ICBP,RG,8625,1,D,XC,IF,D
14:22:06,ICBP,RG,8625,25,D,YP,IF,D
14:22:06,ICBP,RG,8625,198,F,BK,IF,D
14:22:06,ICBP,RG,8625,223,D,PD,IF,D
14:22:06,ICBP,RG,8625,17,F,BK,IF,D
14:22:06,ICBP,RG,8625,20,D,YP,IF,D
14:22:06,ICBP,RG,8625,432,F,BK,IF,D
14:22:06,ICBP,RG,8625,459,F,BK,IF,D
14:22:06,ICBP,RG,8625,32,D,NI,IF,D
14:22:06,ICBP,RG,8625,20,D,YP,IF,D
14:22:06,ICBP,RG,8625,1,F,CC,IF,D
14:22:06,ICBP,RG,8625,107,F,BK,IF,D
14:22:06,ICBP,RG,8625,1,D,YP,IF,D
14:22:06,ICBP,RG,8625,413,F,BK,IF,D
14:22:06,ICBP,RG,8625,269,F,AK,IF,D
14:22:06,ICBP,RG,8625,175,F,ZP,IF,D
14:22:06,ICBP,RG,8625,1,D,PD,IF,D
14:22:06,ICBP,RG,8625,16,D,NI,IF,D
14:22:06,ICBP,RG,8625,5,F,BK,IF,D
14:22:06,ICBP,RG,8625,10,D,XC,IF,D
14:22:06,ICBP,RG,8625,2,D,NI,IF,D
14:22:06,ICBP,RG,8625,1,D,XA,IF,D
14:22:06,ICBP,RG,8625,3,D,CC,IF,D
14:22:06,ICBP,RG,8625,4,D,XC,IF,D
14:22:06,ICBP,RG,8625,1,D,YU,IF,D
14:22:06,ICBP,RG,8625,395,F,BK,IF,D
14:22:06,ICBP,RG,8625,30,D,CC,IF,D
14:22:06,ICBP,RG,8625,20,D,CC,IF,D
14:22:06,ICBP,RG,8625,10,D,YP,IF,D
14:22:06,ICBP,RG,8625,50,D,SA,IF,D
14:22:06,ICBP,RG,8625,5,D,KK,IF,D
14:22:06,ICBP,RG,8625,3,D,CC,IF,D
14:22:06,ICBP,RG,8625,10,D,YP,IF,D
14:22:06,ICBP,RG,8625,5,D,YP,IF,D
14:22:06,ICBP,RG,8625,1,D,NI,IF,D
14:22:06,ICBP,RG,8625,19,F,BK,IF,D
14:22:06,ICBP,RG,8625,2,D,PD,IF,D
14:22:06,ICBP,RG,8625,307,F,CS,IF,D
14:22:02,ICBP,RG,8650,50,D,LG,CC,D
14:21:43,ICBP,RG,8650,2,D,PD,CC,D
14:20:33,ICBP,RG,8650,1,D,YP,CC,D
14:20:23,ICBP,RG,8650,22,F,ZP,CC,D
14:20:18,ICBP,RG,8625,3,F,CS,DR,D
14:19:58,ICBP,RG,8625,10,F,CS,YP,D
14:19:35,ICBP,RG,8625,20,F,CS,YP,D
14:18:58,ICBP,RG,8650,1,D,CC,CC,D
14:18:48,ICBP,RG,8650,98,F,ZP,CC,D
14:18:48,ICBP,RG,8650,2,F,ZP,ZP,D
14:18:48,ICBP,RG,8650,3,F,ZP,CS,F
14:18:48,ICBP,RG,8625,8,F,CS,CS,F
14:18:48,ICBP,RG,8625,212,F,CS,OD,D
14:18:48,ICBP,RG,8625,377,F,BK,OD,D
14:18:48,ICBP,RG,8625,85,F,BK,OD,D
14:18:48,ICBP,RG,8625,1,D,KK,OD,D
14:18:48,ICBP,RG,8625,1,D,XC,OD,D
14:18:48,ICBP,RG,8625,1,D,XC,OD,D
14:18:48,ICBP,RG,8625,18,F,BK,OD,D
14:18:48,ICBP,RG,8625,1,D,XC,OD,D
14:18:48,ICBP,RG,8625,13,D,AT,OD,D
14:18:48,ICBP,RG,8625,1,D,YP,OD,D
14:18:48,ICBP,RG,8625,157,F,AK,OD,D
14:18:48,ICBP,RG,8625,1,D,PD,OD,D
14:18:48,ICBP,RG,8625,10,D,YP,OD,D
14:18:48,ICBP,RG,8625,16,D,NI,OD,D
14:18:48,ICBP,RG,8625,1,D,AZ,OD,D
14:18:48,ICBP,RG,8625,1,D,YP,OD,D
14:18:48,ICBP,RG,8625,20,F,BK,OD,D
14:18:48,ICBP,RG,8625,227,F,BK,OD,D
14:18:48,ICBP,RG,8625,223,D,PD,OD,D
14:18:48,ICBP,RG,8625,123,F,CC,OD,D
14:18:48,ICBP,RG,8625,10,D,YP,OD,D
14:18:48,ICBP,RG,8625,1,D,XC,OD,D
14:18:45,ICBP,RG,8625,1,D,PD,OD,D
14:18:45,ICBP,RG,8625,7,D,PD,OD,D
14:18:45,ICBP,RG,8625,1,D,DH,OD,D
14:18:45,ICBP,RG,8625,1,D,CC,OD,D
14:18:45,ICBP,RG,8625,16,F,BK,OD,D
14:18:45,ICBP,RG,8625,1,F,CC,OD,D
14:18:45,ICBP,RG,8625,10,D,XC,OD,D
14:18:45,ICBP,RG,8625,20,D,AZ,OD,D
14:18:45,ICBP,RG,8625,3,D,YP,OD,D
14:18:45,ICBP,RG,8625,165,F,ZP,OD,D
14:17:57,ICBP,RG,8650,1,D,CC,XC,D
14:17:20,ICBP,RG,8650,1,D,NI,XC,D
14:17:20,ICBP,RG,8650,2,D,NI,NI,D
14:15:50,ICBP,RG,8650,1,F,ZP,NI,D
14:15:50,ICBP,RG,8650,15,F,ZP,CC,D
14:15:50,ICBP,RG,8650,7,F,ZP,CS,F
14:15:50,ICBP,RG,8650,39,F,ZP,PD,D
14:15:49,ICBP,RG,8650,9,D,PD,PD,D
14:15:49,ICBP,RG,8650,200,D,PD,YU,D
14:15:49,ICBP,RG,8650,14,D,PD,PD,D
14:15:47,ICBP,RG,8650,13,D,RX,PD,D
14:15:43,ICBP,RG,8625,8,F,ZP,DR,D
14:15:43,ICBP,RG,8625,5,D,KK,DR,D
14:15:43,ICBP,RG,8625,1,D,YP,DR,D
14:15:43,ICBP,RG,8625,1,D,XC,DR,D
14:15:43,ICBP,RG,8625,2,D,PD,DR,D
14:15:43,ICBP,RG,8625,9,F,BK,DR,D
14:15:43,ICBP,RG,8625,174,F,BK,DR,D
14:15:20,ICBP,RG,8650,26,F,ZP,PD,D
14:13:49,ICBP,RG,8650,1,D,RX,PD,D
14:13:47,ICBP,RG,8650,11,F,BK,PD,D
14:13:27,ICBP,RG,8650,25,D,RX,PD,D
14:13:17,ICBP,RG,8650,2,D,PC,PD,D
14:13:06,ICBP,RG,8650,2,D,RX,PD,D
14:13:04,ICBP,RG,8650,14,F,BK,PD,D
14:13:03,ICBP,RG,8650,2,D,RX,PD,D
14:13:02,ICBP,RG,8650,10,D,RX,PD,D
14:13:01,ICBP,RG,8650,16,F,BK,PD,D
14:13:00,ICBP,RG,8650,84,F,ZP,PD,D
14:13:00,ICBP,RG,8650,6,F,ZP,OD,D
14:13:00,ICBP,RG,8625,277,F,BK,CC,D
14:12:43,ICBP,RG,8650,1,D,XC,OD,D
14:12:17,ICBP,RG,8650,1,D,XC,OD,D
14:12:15,ICBP,RG,8650,2,D,RX,OD,D
14:12:11,ICBP,RG,8650,16,D,NI,OD,D
14:12:06,ICBP,RG,8650,4,D,GR,OD,D
14:11:56,ICBP,RG,8650,23,D,RX,OD,D
14:11:55,ICBP,RG,8625,2,F,BK,CC,D
14:11:48,ICBP,RG,8650,223,D,PD,OD,D
14:11:39,ICBP,RG,8650,1,D,XC,OD,D
14:11:15,ICBP,RG,8650,1,D,RX,OD,D
14:10:51,ICBP,RG,8625,3,F,BK,PD,D
14:10:37,ICBP,RG,8650,2,D,PD,OD,D
14:10:34,ICBP,RG,8650,1,D,RX,OD,D
14:10:32,ICBP,RG,8650,11,F,BK,OD,D
14:10:25,ICBP,RG,8650,1,D,RX,OD,D
14:10:21,ICBP,RG,8650,3,D,RX,OD,D
14:10:19,ICBP,RG,8650,4,F,ZP,OD,D
14:10:19,ICBP,RG,8650,24,F,ZP,OD,D
14:10:03,ICBP,RG,8625,11,F,BK,CS,F
14:08:24,ICBP,RG,8650,1,D,OD,OD,D
14:07:42,ICBP,RG,8650,2,D,NI,OD,D
14:07:24,ICBP,RG,8650,1,D,NI,OD,D
14:07:16,ICBP,RG,8650,11,F,BK,OD,D
14:06:41,ICBP,RG,8625,110,F,BK,PD,D
14:06:35,ICBP,RG,8625,2,F,BK,LG,D
14:06:07,ICBP,RG,8625,1,F,BK,BQ,D
14:05:18,ICBP,RG,8650,6,F,ZP,OD,D
14:05:18,ICBP,RG,8650,44,F,ZP,CC,D
14:05:08,ICBP,RG,8625,2,F,BK,PD,D
14:03:52,ICBP,RG,8625,1,F,BK,BQ,D
14:03:37,ICBP,RG,8625,100,F,BK,YU,D
14:03:00,ICBP,RG,8625,50,F,BK,CC,D
14:03:00,ICBP,RG,8625,23,F,AK,CC,D
14:03:00,ICBP,RG,8625,141,F,BK,CC,D
14:02:52,ICBP,RG,8650,5,D,CC,CC,D
14:01:25,ICBP,RG,8625,1,F,BK,DR,D
14:00:22,ICBP,RG,8650,13,F,ZP,CC,D
13:59:34,ICBP,RG,8650,45,F,ZP,CC,D
13:59:34,ICBP,RG,8650,2,F,ZP,CC,D
13:59:34,ICBP,RG,8650,1,F,ZP,CC,D
13:59:34,ICBP,RG,8650,39,F,ZP,CC,D
13:59:34,ICBP,RG,8650,335,D,PD,CC,D
13:58:34,ICBP,RG,8625,1,F,BK,ZP,D
13:57:36,ICBP,RG,8625,1,F,BK,SQ,D
13:56:54,ICBP,RG,8650,10,D,NI,CC,D
13:56:49,ICBP,RG,8650,1,D,CC,CC,D
13:55:50,ICBP,RG,8650,1,D,PD,CC,D
13:54:48,ICBP,RG,8650,5,D,CC,CC,D
13:54:47,ICBP,RG,8625,69,F,BK,YU,D
13:54:47,ICBP,RG,8625,28,D,CC,YU,D
13:54:47,ICBP,RG,8625,3,D,CC,YU,D
13:54:45,ICBP,RG,8650,21,F,BK,CC,D
13:54:42,ICBP,RG,8625,16,D,CC,YU,D
13:54:42,ICBP,RG,8625,84,F,ZP,YU,D
13:53:55,ICBP,RG,8650,20,D,CC,CC,D
13:51:50,ICBP,RG,8625,3,F,CC,YP,D
13:51:45,ICBP,RG,8625,4,D,GR,YP,D
13:51:37,ICBP,RG,8625,6,F,CC,CS,F
13:51:37,ICBP,RG,8625,8,F,CC,CC,D
13:51:29,ICBP,RG,8625,16,F,BK,CC,D
13:51:25,ICBP,RG,8625,20,D,YP,CC,D
13:51:24,ICBP,RG,8625,2,D,PD,CC,D
13:51:23,ICBP,RG,8625,22,F,BK,CC,D
13:51:21,ICBP,RG,8625,40,F,AK,CC,D
13:51:21,ICBP,RG,8625,20,F,AK,DR,D
13:51:21,ICBP,RG,8625,28,F,AK,PD,D
13:51:11,ICBP,RG,8625,16,F,BK,PD,D
13:51:09,ICBP,RG,8625,2,D,YP,PD,D
13:51:07,ICBP,RG,8625,53,F,BK,PD,D
13:51:05,ICBP,RG,8625,11,F,AK,PD,D
13:51:05,ICBP,RG,8625,15,F,AK,OD,D
13:51:05,ICBP,RG,8625,240,F,BK,OD,D
13:51:05,ICBP,RG,8625,5,D,NI,OD,D
13:50:24,ICBP,RG,8625,10,F,BK,OD,D
13:50:19,ICBP,RG,8625,24,F,ZP,OD,D
13:50:02,ICBP,RG,8625,1,D,AR,OD,D
13:49:59,ICBP,RG,8625,5,F,AK,OD,D
13:49:59,ICBP,RG,8625,4,F,AK,OD,D
13:49:00,ICBP,RG,8625,1,D,PD,OD,D
13:48:55,ICBP,RG,8625,2,D,NI,OD,D
13:48:45,ICBP,RG,8625,1,D,XC,OD,D
13:48:24,ICBP,RG,8625,1,D,YP,OD,D
13:48:21,ICBP,RG,8625,1,D,YP,OD,D
13:48:20,ICBP,RG,8625,10,D,YP,OD,D
13:48:18,ICBP,RG,8625,2,D,YP,OD,D
13:48:12,ICBP,RG,8625,3,D,YP,OD,D
13:48:11,ICBP,RG,8625,11,F,BK,OD,D
13:48:10,ICBP,RG,8625,3,D,CC,OD,D
13:48:07,ICBP,RG,8625,6,D,KK,OD,D
13:48:07,ICBP,RG,8625,4,D,KK,BK,F
13:47:52,ICBP,RG,8625,2,D,KK,BK,F
13:47:52,ICBP,RG,8625,3,D,KK,PD,D
13:47:37,ICBP,RG,8625,22,F,BK,PD,D
13:47:34,ICBP,RG,8625,77,F,ZP,PD,D
13:47:27,ICBP,RG,8625,3,D,TP,PD,D
13:47:14,ICBP,RG,8625,5,D,XC,PD,D
13:47:14,ICBP,RG,8625,5,D,XC,CS,F
13:47:14,ICBP,RG,8625,1,D,XC,CS,F
13:47:14,ICBP,RG,8625,12,D,XC,OD,D
13:46:45,ICBP,RG,8625,5,D,EP,OD,D
13:46:41,ICBP,RG,8625,10,F,BK,OD,D
13:46:40,ICBP,RG,8625,1,D,KK,OD,D
13:46:39,ICBP,RG,8625,5,D,KK,OD,D
13:46:36,ICBP,RG,8625,10,F,BK,OD,D
13:46:36,ICBP,RG,8625,1,D,SQ,OD,D
13:46:33,ICBP,RG,8625,35,F,BK,OD,D
13:46:31,ICBP,RG,8625,6,D,CC,OD,D
13:46:28,ICBP,RG,8625,170,D,NI,OD,D
13:46:02,ICBP,RG,8625,10,D,KK,OD,D
13:46:01,ICBP,RG,8625,10,D,KK,OD,D
13:45:53,ICBP,RG,8625,10,D,NI,OD,D
13:45:51,ICBP,RG,8625,15,F,BK,OD,D
13:45:51,ICBP,RG,8625,3,F,BK,OD,D
13:45:43,ICBP,RG,8625,31,F,BK,OD,D
13:45:42,ICBP,RG,8625,11,F,ZP,OD,D
13:45:42,ICBP,RG,8625,3,F,ZP,CS,F
13:45:42,ICBP,RG,8625,2,F,ZP,CS,F
13:45:42,ICBP,RG,8625,145,F,ZP,IF,D
13:45:34,ICBP,RG,8625,13,F,BK,IF,D
13:45:32,ICBP,RG,8625,29,F,BK,IF,D
13:45:32,ICBP,RG,8625,10,D,XC,IF,D
13:45:31,ICBP,RG,8625,61,F,AK,IF,D
13:45:31,ICBP,RG,8625,71,F,ZP,IF,D
13:45:31,ICBP,RG,8625,3,D,SQ,IF,D
13:45:31,ICBP,RG,8625,14,F,BK,IF,D
13:45:31,ICBP,RG,8625,366,F,BK,IF,D
13:45:31,ICBP,RG,8625,485,F,BK,IF,D
13:45:31,ICBP,RG,8625,2,D,YP,IF,D
13:45:31,ICBP,RG,8625,1,D,AZ,IF,D
13:45:31,ICBP,RG,8625,43,F,CC,IF,D
13:45:31,ICBP,RG,8625,71,F,AK,IF,D
13:45:31,ICBP,RG,8625,367,F,ZP,IF,D
13:45:31,ICBP,RG,8625,1,D,NI,IF,D
13:45:31,ICBP,RG,8625,165,F,BK,IF,D
13:45:31,ICBP,RG,8625,100,D,LG,IF,D
13:45:31,ICBP,RG,8625,2,D,DH,IF,D
13:45:31,ICBP,RG,8625,1,D,PD,IF,D
13:45:31,ICBP,RG,8625,1,D,XC,IF,D
13:45:31,ICBP,RG,8625,2,D,XC,IF,D
13:45:31,ICBP,RG,8625,2,D,XC,IF,D
13:45:31,ICBP,RG,8625,10,D,CC,IF,D
13:45:31,ICBP,RG,8625,5,F,BK,IF,D
13:45:31,ICBP,RG,8625,1,D,PD,IF,D
13:45:31,ICBP,RG,8625,3,F,CC,IF,D
13:45:31,ICBP,RG,8625,10,F,BK,IF,D
13:45:31,ICBP,RG,8625,47,F,BK,IF,D
13:45:31,ICBP,RG,8625,14,F,BK,IF,D
13:45:31,ICBP,RG,8625,1,D,XL,IF,D
13:45:31,ICBP,RG,8625,1,D,YP,IF,D
13:45:31,ICBP,RG,8625,3,D,XL,IF,D
13:45:31,ICBP,RG,8625,153,F,BK,IF,D
13:45:31,ICBP,RG,8625,354,F,BK,IF,D
13:45:31,ICBP,RG,8625,2,D,XC,IF,D
13:45:31,ICBP,RG,8625,1,D,XC,IF,D
13:45:31,ICBP,RG,8625,2,D,XC,IF,D
13:45:31,ICBP,RG,8625,268,F,CS,IF,D
13:45:31,ICBP,RG,8625,1,D,CC,IF,D
13:45:31,ICBP,RG,8625,71,F,ZP,IF,D
13:45:31,ICBP,RG,8625,2,D,CC,IF,D
13:45:31,ICBP,RG,8625,1,D,YP,IF,D
13:45:31,ICBP,RG,8625,1,D,PD,IF,D
13:45:31,ICBP,RG,8625,2,D,XL,IF,D
13:45:31,ICBP,RG,8625,1,D,PD,IF,D
13:45:31,ICBP,RG,8625,3,D,PC,IF,D
13:45:31,ICBP,RG,8625,200,D,EP,IF,D
13:45:31,ICBP,RG,8625,100,D,KK,IF,D
13:45:31,ICBP,RG,8625,1,D,SQ,IF,D
13:45:31,ICBP,RG,8625,10,D,YP,IF,D
13:45:31,ICBP,RG,8625,1,D,YP,IF,D
13:45:31,ICBP,RG,8625,5,D,YP,IF,D
13:45:31,ICBP,RG,8625,1,D,LG,IF,D
13:45:31,ICBP,RG,8625,25,D,YP,IF,D
13:45:31,ICBP,RG,8625,1,D,XC,IF,D
13:45:31,ICBP,RG,8625,10,D,YP,IF,D
13:45:31,ICBP,RG,8625,5,D,YP,IF,D
13:45:31,ICBP,RG,8625,4,D,SQ,IF,D
13:45:31,ICBP,RG,8625,1,D,PD,IF,D
13:45:31,ICBP,RG,8625,10,F,AG,IF,D
13:45:31,ICBP,RG,8625,15,D,YP,IF,D
13:45:31,ICBP,RG,8625,300,D,YP,IF,D
13:45:31,ICBP,RG,8625,1,D,PD,IF,D
13:45:31,ICBP,RG,8625,1,D,YP,IF,D
13:45:31,ICBP,RG,8625,11,F,BK,IF,D
13:45:31,ICBP,RG,8625,1,D,CC,IF,D
13:45:31,ICBP,RG,8625,50,D,NI,IF,D
13:45:31,ICBP,RG,8625,2,D,PD,IF,D
13:45:31,ICBP,RG,8625,2,D,YP,IF,D
13:45:31,ICBP,RG,8625,190,F,BK,IF,D
13:45:31,ICBP,RG,8625,1,D,XC,IF,D
13:45:31,ICBP,RG,8625,1,D,CC,IF,D
13:45:31,ICBP,RG,8625,20,D,YP,IF,D
13:45:31,ICBP,RG,8625,2,D,YP,IF,D
13:45:31,ICBP,RG,8625,1,D,CC,IF,D
13:45:31,ICBP,RG,8625,10,D,PD,IF,D
13:45:31,ICBP,RG,8625,1,D,YP,IF,D
13:45:31,ICBP,RG,8625,2,D,PD,IF,D
13:45:31,ICBP,RG,8625,1,D,PD,IF,D
13:45:31,ICBP,RG,8625,3,D,DR,IF,D
13:45:31,ICBP,RG,8625,42,D,NI,IF,D
13:45:31,ICBP,RG,8625,7,D,YP,IF,D
13:45:31,ICBP,RG,8625,3,D,NI,IF,D
13:45:31,ICBP,RG,8625,2,D,CC,IF,D
13:45:31,ICBP,RG,8625,1,D,XL,IF,D
13:45:31,ICBP,RG,8625,20,D,YP,IF,D
13:45:31,ICBP,RG,8625,1,D,XL,IF,D
13:45:31,ICBP,RG,8625,42,D,NI,IF,D
13:45:31,ICBP,RG,8625,1,D,YP,IF,D
13:45:31,ICBP,RG,8625,50,D,KK,IF,D
13:45:31,ICBP,RG,8625,2,D,YP,IF,D
13:45:31,ICBP,RG,8625,10,D,YP,IF,D
13:45:31,ICBP,RG,8625,2,D,YP,IF,D
13:45:31,ICBP,RG,8625,1,D,NI,IF,D
13:45:31,ICBP,RG,8625,10,D,PD,IF,D
13:45:31,ICBP,RG,8625,2,D,YP,IF,D
13:45:31,ICBP,RG,8625,1,D,PD,IF,D
13:45:31,ICBP,RG,8625,2,D,YP,IF,D
13:45:31,ICBP,RG,8625,1,D,KK,IF,D
13:45:31,ICBP,RG,8625,1,D,XC,IF,D
13:45:31,ICBP,RG,8625,29,D,KK,IF,D
13:45:31,ICBP,RG,8625,12,F,BK,IF,D
13:45:31,ICBP,RG,8625,3,D,PD,IF,D
13:45:31,ICBP,RG,8625,10,D,PD,IF,D
13:45:31,ICBP,RG,8625,10,D,PD,IF,D
13:45:31,ICBP,RG,8625,1,D,CC,IF,D
13:45:31,ICBP,RG,8625,15,D,LG,IF,D
13:45:31,ICBP,RG,8625,3,F,AI,IF,D
13:45:31,ICBP,RG,8625,1,D,XL,IF,D
13:45:31,ICBP,RG,8625,3,F,BK,IF,D
13:45:31,ICBP,RG,8625,5,D,NI,IF,D
13:45:31,ICBP,RG,8625,1,D,DH,IF,D
13:45:31,ICBP,RG,8625,50,D,YP,IF,D
13:45:31,ICBP,RG,8625,42,D,NI,IF,D
13:45:31,ICBP,RG,8625,1,D,XC,IF,D
13:45:31,ICBP,RG,8625,5,D,XC,IF,D
13:45:31,ICBP,RG,8625,3,D,XL,IF,D
13:45:31,ICBP,RG,8625,3,D,XC,IF,D
13:45:31,ICBP,RG,8625,8,D,PD,IF,D
13:45:31,ICBP,RG,8625,1,D,CC,IF,D
13:45:31,ICBP,RG,8625,285,F,BK,IF,D
13:45:24,ICBP,RG,8650,24,F,ZP,CC,D
13:45:11,ICBP,RG,8650,50,D,CC,CC,D
13:45:06,ICBP,RG,8650,32,D,NI,CC,D
13:44:52,ICBP,RG,8650,10,D,PD,CC,D
13:44:31,ICBP,RG,8650,5,D,YP,CC,D
13:44:09,ICBP,RG,8650,47,F,ZP,CC,D
13:44:09,ICBP,RG,8650,16,F,ZP,YU,D
13:43:58,ICBP,RG,8650,84,D,YP,YU,D
13:43:58,ICBP,RG,8650,9,D,YP,BK,F
13:43:58,ICBP,RG,8650,2,D,YP,CS,F
13:43:58,ICBP,RG,8650,4,D,YP,CS,F
13:43:58,ICBP,RG,8650,1,D,YP,CS,F
13:43:58,ICBP,RG,8650,10,D,YP,OD,D
13:43:43,ICBP,RG,8650,32,D,NI,OD,D
13:43:14,ICBP,RG,8650,1,D,AZ,OD,D
13:42:21,ICBP,RG,8650,1,D,XL,OD,D
13:42:09,ICBP,RG,8625,9,F,BK,BK,F
13:41:44,ICBP,RG,8650,235,F,CC,OD,D
13:41:44,ICBP,RG,8650,10,F,BK,OD,D
13:41:44,ICBP,RG,8650,9,F,BK,OD,D
13:41:44,ICBP,RG,8650,2,D,NI,OD,D
13:41:42,ICBP,RG,8650,14,D,NI,OD,D
13:41:42,ICBP,RG,8650,1,D,SQ,OD,D
13:41:42,ICBP,RG,8650,1,D,LG,OD,D
13:41:42,ICBP,RG,8650,2,D,XL,OD,D
13:41:42,ICBP,RG,8650,16,D,NI,OD,D
13:41:42,ICBP,RG,8650,1,D,GR,OD,D
13:41:42,ICBP,RG,8650,10,D,PD,OD,D
13:41:24,ICBP,RG,8650,2,D,NI,YU,D
13:41:24,ICBP,RG,8650,2,D,XC,YU,D
13:41:24,ICBP,RG,8650,7,D,XL,YU,D
13:41:24,ICBP,RG,8650,13,F,BK,YU,D
13:41:24,ICBP,RG,8650,10,D,YP,YU,D
13:41:24,ICBP,RG,8650,23,F,CC,YU,D
13:41:24,ICBP,RG,8650,1,D,XL,YU,D
13:41:24,ICBP,RG,8650,2,D,PD,YU,D
13:41:24,ICBP,RG,8650,9,D,AT,YU,D
13:41:24,ICBP,RG,8650,10,D,PD,YU,D
13:41:24,ICBP,RG,8650,16,D,NI,YU,D
13:41:24,ICBP,RG,8650,5,F,BK,YU,D
13:41:13,ICBP,RG,8650,57,F,BK,CC,D
13:41:13,ICBP,RG,8650,30,F,AK,CC,D
13:41:13,ICBP,RG,8650,19,F,BK,CC,D
13:41:13,ICBP,RG,8650,68,F,ZP,CC,D
13:41:13,ICBP,RG,8650,26,F,CS,CC,D
13:40:55,ICBP,RG,8650,2,F,CS,PD,D
13:40:36,ICBP,RG,8675,5,D,YU,YP,D
13:40:35,ICBP,RG,8650,100,F,CS,YU,D
13:40:22,ICBP,RG,8675,9,F,ZP,YP,D
13:39:49,ICBP,RG,8675,1,D,XL,YP,D
13:39:17,ICBP,RG,8675,58,F,ZP,YP,D
13:39:17,ICBP,RG,8650,220,F,CS,PD,D
13:37:38,ICBP,RG,8650,100,F,CS,YU,D
13:37:37,ICBP,RG,8650,3,F,CS,KK,D
13:37:20,ICBP,RG,8675,65,F,ZP,YP,D
13:35:36,ICBP,RG,8675,16,F,BK,YP,D
13:35:30,ICBP,RG,8675,25,F,BK,YP,D
13:35:26,ICBP,RG,8650,5,F,AK,CS,F
13:35:26,ICBP,RG,8650,75,F,AK,OD,D
13:35:26,ICBP,RG,8650,44,F,BK,OD,D
13:35:24,ICBP,RG,8650,181,F,BK,OD,D
13:35:24,ICBP,RG,8650,45,F,BK,OD,D
13:35:24,ICBP,RG,8650,3,F,BK,CS,F
13:35:24,ICBP,RG,8650,2,F,BK,CS,F
13:35:24,ICBP,RG,8650,9,F,BK,BK,F
13:35:24,ICBP,RG,8650,28,F,ZP,CC,D
13:35:17,ICBP,RG,8625,4,F,BK,PD,D
13:35:15,ICBP,RG,8650,19,F,BK,CC,D
13:35:13,ICBP,RG,8650,25,F,BK,CC,D
13:35:10,ICBP,RG,8650,28,F,ZP,CC,D
13:35:10,ICBP,RG,8650,3,F,ZP,CS,F
13:35:10,ICBP,RG,8650,27,F,ZP,YU,D
13:35:10,ICBP,RG,8650,80,F,AK,YU,D
13:35:09,ICBP,RG,8650,21,F,BK,YU,D
13:35:08,ICBP,RG,8650,72,F,CC,YU,D
13:35:08,ICBP,RG,8650,69,F,CC,CC,D
13:35:01,ICBP,RG,8650,18,F,BK,CC,D
13:34:56,ICBP,RG,8650,17,F,BK,CC,D
13:34:52,ICBP,RG,8650,68,F,BK,CC,D
13:34:50,ICBP,RG,8650,28,F,ZP,CC,D
13:34:50,ICBP,RG,8650,3,F,ZP,CS,F
13:34:50,ICBP,RG,8650,2,F,ZP,XL,D
13:34:50,ICBP,RG,8650,10,F,ZP,BK,F
13:34:50,ICBP,RG,8650,1,F,ZP,XL,D
13:34:50,ICBP,RG,8650,3,F,ZP,CS,F
13:34:50,ICBP,RG,8650,1,F,ZP,YP,D
13:34:50,ICBP,RG,8650,10,F,ZP,PD,D
13:34:50,ICBP,RG,8650,66,F,ZP,OD,D
13:34:50,ICBP,RG,8650,234,F,BK,OD,D
13:34:50,ICBP,RG,8650,45,F,BK,OD,D
13:34:50,ICBP,RG,8650,3,F,BK,CS,F
13:34:50,ICBP,RG,8650,218,F,BK,GR,D
13:34:49,ICBP,RG,8650,73,F,CC,GR,D
13:34:42,ICBP,RG,8650,14,F,CC,GR,D
13:34:33,ICBP,RG,8650,82,F,CC,GR,D
13:34:33,ICBP,RG,8650,8,D,NI,GR,D
13:34:31,ICBP,RG,8650,1,D,OD,GR,D
13:34:17,ICBP,RG,8650,26,F,CC,GR,D
13:34:15,ICBP,RG,8650,8,D,NI,GR,D
13:34:02,ICBP,RG,8650,1,D,AZ,GR,D
13:33:04,ICBP,RG,8650,3,D,GR,GR,D
13:31:47,ICBP,RG,8650,7,D,XL,GR,D
13:31:38,ICBP,RG,8650,1,D,XC,GR,D
13:30:23,ICBP,RG,8650,10,D,KK,GR,D
13:30:15,ICBP,RG,8650,89,F,ZP,GR,D
13:30:13,ICBP,RG,8650,2,D,XL,GR,D
13:30:11,ICBP,RG,8650,2,D,XL,GR,D
13:30:11,ICBP,RG,8650,1,D,YP,GR,D
13:30:11,ICBP,RG,8650,1,D,YP,GR,D
13:30:10,ICBP,RG,8650,1,D,XL,GR,D
13:30:10,ICBP,RG,8650,3,D,XL,GR,D
13:30:08,ICBP,RG,8650,11,D,YP,GR,D
13:30:05,ICBP,RG,8650,1,D,PD,GR,D
13:30:05,ICBP,RG,8650,2,D,XC,GR,D
13:30:05,ICBP,RG,8650,1,D,XC,GR,D
13:30:05,ICBP,RG,8650,1,D,XC,GR,D
13:30:05,ICBP,RG,8650,3,D,DR,GR,D
13:30:04,ICBP,RG,8650,14,F,BK,GR,D
13:30:04,ICBP,RG,8650,8,D,XA,GR,D
13:30:04,ICBP,RG,8650,2,D,XC,GR,D
13:30:04,ICBP,RG,8650,1,D,XC,GR,D
13:30:04,ICBP,RG,8650,147,F,AK,GR,D
13:30:03,ICBP,RG,8650,1,D,XC,GR,D
13:30:03,ICBP,RG,8650,1,D,CC,GR,D
13:30:02,ICBP,RG,8650,5,D,CC,GR,D
13:30:01,ICBP,RG,8650,2,D,PD,GR,D
13:30:01,ICBP,RG,8650,50,D,DX,GR,D
13:30:01,ICBP,RG,8650,20,D,PD,GR,D
13:30:01,ICBP,RG,8650,1,D,PD,GR,D
13:30:01,ICBP,RG,8650,5,D,PD,GR,D
13:30:01,ICBP,RG,8650,1,D,PD,GR,D
13:30:01,ICBP,RG,8650,3,D,PD,GR,D
13:30:01,ICBP,RG,8650,1,D,PD,GR,D
13:30:01,ICBP,RG,8625,99,F,BK,PD,D
13:30:01,ICBP,RG,8625,10,F,BK,PD,D
13:30:01,ICBP,RG,8625,30,D,SQ,PD,D
13:30:01,ICBP,RG,8625,2,D,XL,PD,D
13:30:01,ICBP,RG,8625,2,D,YP,PD,D
13:30:01,ICBP,RG,8625,12,D,AZ,PD,D
13:30:01,ICBP,RG,8650,103,D,ZP,GR,D
13:30:01,ICBP,RG,8650,1,D,SQ,GR,D
13:30:01,ICBP,RG,8650,1,D,SQ,GR,D
13:30:01,ICBP,RG,8650,11,D,EP,GR,D
13:30:01,ICBP,RG,8650,50,D,YU,GR,D
13:30:01,ICBP,RG,8650,10,D,KK,GR,D
13:30:01,ICBP,RG,8650,3,D,XC,GR,D
13:30:01,ICBP,RG,8650,1,D,CC,GR,D
13:30:01,ICBP,RG,8650,1,D,XL,GR,D
13:30:01,ICBP,RG,8650,22,D,KK,GR,D
13:30:01,ICBP,RG,8650,5,D,GR,GR,D
13:30:01,ICBP,RG,8650,25,D,YP,GR,D
13:30:01,ICBP,RG,8650,35,D,NI,GR,D
11:29:50,ICBP,RG,8675,1,D,XL,YP,D
11:29:40,ICBP,RG,8650,1,D,NI,CC,D
11:29:26,ICBP,RG,8650,6,D,NI,OD,D
11:29:26,ICBP,RG,8650,2,D,PD,OD,D
11:29:26,ICBP,RG,8650,163,F,ZP,OD,D
11:29:26,ICBP,RG,8650,20,D,KK,OD,D
11:29:26,ICBP,RG,8650,16,D,NI,OD,D
11:29:26,ICBP,RG,8650,1,D,SQ,OD,D
11:29:26,ICBP,RG,8650,25,D,EP,OD,D
11:29:26,ICBP,RG,8650,2,D,CC,OD,D
11:29:26,ICBP,RG,8650,6,D,XC,OD,D
11:29:26,ICBP,RG,8650,8,D,NI,OD,D
11:29:26,ICBP,RG,8650,23,F,BK,OD,D
11:29:26,ICBP,RG,8650,22,F,AK,OD,D
11:29:26,ICBP,RG,8650,6,F,BK,OD,D
11:29:24,ICBP,RG,8650,4,F,BK,OD,D
11:29:24,ICBP,RG,8650,10,F,BK,OD,D
11:29:24,ICBP,RG,8650,14,D,CC,OD,D
11:29:24,ICBP,RG,8650,17,D,CC,OD,D
11:29:21,ICBP,RG,8675,91,F,ZP,YP,D
11:29:20,ICBP,RG,8675,1,D,XC,YP,D
11:29:03,ICBP,RG,8650,2,D,CC,BK,F
11:29:03,ICBP,RG,8650,7,F,ZP,BK,F
11:29:03,ICBP,RG,8650,2,D,NI,BK,F
11:28:28,ICBP,RG,8650,5,D,NI,XC,D
11:28:26,ICBP,RG,8675,1,D,KK,YP,D
11:28:08,ICBP,RG,8675,9,F,BK,YP,D
11:27:58,ICBP,RG,8675,1,D,XL,YP,D
11:27:28,ICBP,RG,8675,104,F,ZP,YP,D
11:27:28,ICBP,RG,8675,4,F,ZP,YP,D
11:27:28,ICBP,RG,8675,2,F,ZP,XC,D
11:27:28,ICBP,RG,8675,1,F,ZP,XC,D
11:26:43,ICBP,RG,8675,2,F,BK,XC,D
11:26:43,ICBP,RG,8675,8,F,BK,KK,D
11:25:23,ICBP,RG,8675,22,F,ZP,KK,D
11:25:23,ICBP,RG,8675,7,F,ZP,XC,D
11:25:21,ICBP,RG,8675,9,F,BK,XC,D
11:24:43,ICBP,RG,8675,51,F,ZP,XC,D
11:23:41,ICBP,RG,8675,10,F,BK,YU,D
11:23:32,ICBP,RG,8675,2,D,CC,YU,D
11:23:25,ICBP,RG,8675,1,D,GR,YU,D
11:22:38,ICBP,RG,8675,9,F,BK,YU,D
11:22:37,ICBP,RG,8675,78,F,ZP,YU,D
11:22:37,ICBP,RG,8675,1,F,ZP,LG,D
11:22:37,ICBP,RG,8675,1,F,ZP,YP,D
11:22:37,ICBP,RG,8675,4,F,ZP,PD,D
11:22:11,ICBP,RG,8675,30,D,PD,PD,D
11:22:09,ICBP,RG,8650,1,D,NI,BQ,D
11:22:04,ICBP,RG,8675,10,F,BK,PD,D
11:20:19,ICBP,RG,8675,14,F,BK,PD,D
11:20:17,ICBP,RG,8675,22,F,ZP,PD,D
11:20:17,ICBP,RG,8650,8,D,NI,OD,D
11:19:57,ICBP,RG,8650,9,F,BK,OD,D
11:19:53,ICBP,RG,8650,20,D,YP,OD,D
11:19:51,ICBP,RG,8650,16,D,NI,OD,D
11:19:45,ICBP,RG,8650,16,D,NI,OD,D
11:19:42,ICBP,RG,8650,14,F,BK,OD,D
11:19:40,ICBP,RG,8650,24,F,BK,OD,D
11:19:39,ICBP,RG,8650,32,F,ZP,OD,D
11:19:38,ICBP,RG,8650,161,F,BK,OD,D
11:19:38,ICBP,RG,8650,45,F,BK,OD,D
11:19:38,ICBP,RG,8650,294,F,BK,OD,D
11:19:38,ICBP,RG,8650,1,D,PD,OD,D
11:19:37,ICBP,RG,8650,1,D,YP,OD,D
11:19:24,ICBP,RG,8650,2,D,LS,OD,D
11:19:12,ICBP,RG,8650,2,D,DH,OD,D
11:18:40,ICBP,RG,8650,45,F,AK,OD,D
11:18:40,ICBP,RG,8650,3,F,AK,KK,D
11:18:40,ICBP,RG,8650,43,F,AK,PD,D
11:18:40,ICBP,RG,8650,67,F,BK,PD,D
11:18:40,ICBP,RG,8650,100,F,BK,CC,D
11:18:40,ICBP,RG,8650,4,F,BK,BK,F
11:18:40,ICBP,RG,8650,177,F,BK,YP,D
11:18:36,ICBP,RG,8650,42,D,NI,YP,D
11:18:27,ICBP,RG,8650,206,F,BK,YP,D
11:18:27,ICBP,RG,8650,2,F,BK,BK,F
11:18:27,ICBP,RG,8650,10,F,BK,CC,D
11:18:27,ICBP,RG,8650,49,F,BK,XC,D
11:18:27,ICBP,RG,8650,2,F,BK,CS,F
11:18:27,ICBP,RG,8650,2,F,BK,CS,F
11:18:27,ICBP,RG,8650,110,F,BK,PD,D
11:18:27,ICBP,RG,8650,2,F,BK,CS,F
11:18:27,ICBP,RG,8650,100,F,BK,CC,D
11:18:27,ICBP,RG,8650,2,F,BK,CS,F
11:18:27,ICBP,RG,8650,3,F,BK,CS,F
11:18:27,ICBP,RG,8650,12,F,BK,YU,D
11:18:27,ICBP,RG,8650,188,F,BK,YU,D
11:18:27,ICBP,RG,8650,11,F,BK,PD,D
11:18:27,ICBP,RG,8650,3,F,BK,CS,F
11:18:27,ICBP,RG,8650,110,F,BK,PD,D
11:18:27,ICBP,RG,8650,1,F,BK,CS,F
11:18:27,ICBP,RG,8650,50,F,BK,DH,D
11:18:27,ICBP,RG,8650,10,F,BK,PD,D
11:18:27,ICBP,RG,8650,1,F,BK,CS,F
11:18:27,ICBP,RG,8650,3,F,BK,CS,F
11:18:27,ICBP,RG,8650,123,F,BK,OD,D
11:18:26,ICBP,RG,8650,177,F,AK,OD,D
11:18:26,ICBP,RG,8650,45,F,AK,OD,D
11:18:26,ICBP,RG,8650,10,F,AK,BK,F
11:18:26,ICBP,RG,8650,1,F,AK,LG,D
11:18:26,ICBP,RG,8650,58,F,AK,YP,D
11:18:26,ICBP,RG,8650,41,F,ZP,YP,D
11:18:26,ICBP,RG,8650,40,F,BK,YP,D
11:18:18,ICBP,RG,8650,28,F,CC,YP,D
11:18:06,ICBP,RG,8650,17,F,BK,YP,D
11:18:03,ICBP,RG,8625,8,D,AZ,BK,F
11:18:03,ICBP,RG,8625,2,D,YP,BK,F
11:18:00,ICBP,RG,8650,70,F,BK,YP,D
11:17:52,ICBP,RG,8650,50,D,YP,YP,D
11:17:44,ICBP,RG,8625,1,D,PD,YU,D
11:17:44,ICBP,RG,8625,12,D,XL,YU,D
11:17:44,ICBP,RG,8625,2,D,XL,YU,D
11:17:44,ICBP,RG,8625,2,D,SQ,YU,D
11:17:44,ICBP,RG,8625,1,D,PD,YU,D
11:17:44,ICBP,RG,8625,20,D,YP,YU,D
11:17:44,ICBP,RG,8625,3,D,DR,YU,D
11:17:44,ICBP,RG,8625,50,D,TP,YU,D
11:17:44,ICBP,RG,8625,1,D,SQ,YU,D
11:17:44,ICBP,RG,8625,1,D,YP,YU,D
11:17:44,ICBP,RG,8625,2,D,XC,YU,D
11:17:44,ICBP,RG,8625,20,F,BK,YU,D
11:17:06,ICBP,RG,8625,80,F,BK,CC,D
11:16:43,ICBP,RG,8650,5,D,GR,YP,D
11:16:42,ICBP,RG,8650,16,D,NI,YP,D
11:16:26,ICBP,RG,8650,28,F,ZP,YP,D
11:16:12,ICBP,RG,8650,1,D,XL,YP,D
11:15:56,ICBP,RG,8625,9,F,BK,CS,F
11:15:32,ICBP,RG,8625,13,F,BK,PD,D
11:15:23,ICBP,RG,8650,16,F,ZP,YP,D
11:15:22,ICBP,RG,8650,9,F,BK,YP,D
11:15:15,ICBP,RG,8625,2,F,BK,KK,D
11:15:01,ICBP,RG,8650,2,D,CC,YP,D
11:15:00,ICBP,RG,8650,6,D,CC,YP,D
11:13:00,ICBP,RG,8650,10,D,CC,YP,D
11:12:25,ICBP,RG,8650,2,D,EP,YP,D
11:12:13,ICBP,RG,8625,1,F,BK,XC,D
11:12:00,ICBP,RG,8625,1,F,BK,YP,D
11:11:17,ICBP,RG,8625,9,F,BK,BK,F
11:10:13,ICBP,RG,8650,10,F,BK,YP,D
11:10:09,ICBP,RG,8625,1,F,BK,PD,D
11:09:36,ICBP,RG,8625,100,F,BK,YU,D
11:09:30,ICBP,RG,8625,100,F,BK,YU,D
11:09:07,ICBP,RG,8625,6,F,BK,NI,D
11:09:03,ICBP,RG,8650,2,D,AZ,YP,D
11:08:54,ICBP,RG,8650,1,D,PD,YP,D
11:08:27,ICBP,RG,8650,2,D,PD,YP,D
11:07:49,ICBP,RG,8650,3,D,YP,YP,D
11:07:13,ICBP,RG,8650,1,D,NI,YP,D
11:06:57,ICBP,RG,8650,1,D,NI,YP,D
11:06:56,ICBP,RG,8625,80,F,BK,DH,D
11:06:17,ICBP,RG,8650,6,D,YP,YP,D
11:06:16,ICBP,RG,8625,10,F,BK,CS,F
11:05:14,ICBP,RG,8650,1,D,XC,YP,D
11:04:36,ICBP,RG,8650,11,F,BK,YP,D
11:04:31,ICBP,RG,8650,1,D,CC,YP,D
11:03:28,ICBP,RG,8625,10,F,BK,BK,F
11:02:01,ICBP,RG,8625,7,F,BK,XC,D
11:02:00,ICBP,RG,8650,1,D,IF,YP,D
11:01:59,ICBP,RG,8625,3,F,BK,PD,D
11:01:15,ICBP,RG,8650,2,D,XC,YP,D
11:01:06,ICBP,RG,8650,2,D,XC,YP,D
10:59:40,ICBP,RG,8650,3,D,XL,YP,D
10:59:04,ICBP,RG,8625,1,F,BK,EP,D
10:57:49,ICBP,RG,8650,1,D,CC,YP,D
10:56:57,ICBP,RG,8625,15,F,BK,PD,D
10:55:44,ICBP,RG,8650,1,D,SQ,YP,D
10:54:49,ICBP,RG,8625,35,F,BK,YP,D
10:54:41,ICBP,RG,8650,2,D,CC,YP,D
10:54:19,ICBP,RG,8650,2,D,PD,YP,D
10:54:19,ICBP,RG,8650,8,D,NI,YP,D
10:54:15,ICBP,RG,8625,5,F,BK,KK,D
10:54:11,ICBP,RG,8650,16,D,NI,YP,D
10:54:07,ICBP,RG,8650,4,D,YP,YP,D
10:53:50,ICBP,RG,8650,16,D,NI,YP,D
10:53:50,ICBP,RG,8650,4,D,YU,YP,D
10:53:50,ICBP,RG,8650,3,D,YU,CS,F
10:53:50,ICBP,RG,8650,4,D,YU,YU,D
10:53:35,ICBP,RG,8650,6,D,YP,YU,D
10:53:10,ICBP,RG,8650,1,D,PD,YU,D
10:52:17,ICBP,RG,8650,1,D,XC,YU,D
10:51:58,ICBP,RG,8650,2,D,CC,YU,D
10:51:42,ICBP,RG,8650,31,F,ZP,YU,D
10:51:16,ICBP,RG,8650,2,D,XC,YU,D
10:50:43,ICBP,RG,8650,1,D,GR,YU,D
10:50:22,ICBP,RG,8650,52,F,ZP,YU,D
10:50:22,ICBP,RG,8650,1,F,ZP,PD,D
10:49:59,ICBP,RG,8650,2,D,XC,PD,D
10:49:55,ICBP,RG,8625,33,F,BK,KK,D
10:49:55,ICBP,RG,8625,7,F,ZP,KK,D
10:49:31,ICBP,RG,8650,168,F,CC,YP,D
10:49:09,ICBP,RG,8650,1,D,PC,YP,D
10:49:06,ICBP,RG,8650,8,D,NI,YP,D
10:48:56,ICBP,RG,8650,8,D,NI,YP,D
10:48:34,ICBP,RG,8650,16,D,NI,YP,D
10:48:34,ICBP,RG,8650,8,D,NI,YP,D
10:48:34,ICBP,RG,8650,10,F,BK,YP,D
10:48:34,ICBP,RG,8650,80,F,AK,YP,D
10:48:34,ICBP,RG,8650,149,F,BK,YP,D
10:48:34,ICBP,RG,8650,44,F,ZP,YP,D
10:48:34,ICBP,RG,8650,8,D,NI,YP,D
10:47:32,ICBP,RG,8675,19,F,BK,PD,D
10:47:30,ICBP,RG,8650,9,F,AK,BK,F
10:47:30,ICBP,RG,8650,1,F,AK,PD,D
10:47:30,ICBP,RG,8650,57,F,AK,PD,D
10:47:27,ICBP,RG,8650,9,F,CC,PD,D
10:47:27,ICBP,RG,8650,6,F,CC,XC,D
10:47:27,ICBP,RG,8650,3,F,CC,CC,D
10:47:27,ICBP,RG,8650,86,F,CC,PD,D
10:47:24,ICBP,RG,8650,8,D,NI,PD,D
10:47:21,ICBP,RG,8650,16,F,AK,PD,D
10:47:21,ICBP,RG,8650,5,F,AK,EP,D
10:47:21,ICBP,RG,8650,61,F,AK,OD,D
10:47:21,ICBP,RG,8650,15,D,GR,OD,D
10:47:19,ICBP,RG,8625,4,F,ZP,XC,D
10:47:18,ICBP,RG,8650,32,F,ZP,OD,D
10:47:18,ICBP,RG,8650,33,F,CC,OD,D
10:47:17,ICBP,RG,8650,8,D,NI,OD,D
10:47:06,ICBP,RG,8650,100,F,CC,OD,D
10:47:04,ICBP,RG,8650,15,D,GR,OD,D
10:47:01,ICBP,RG,8650,8,D,NI,OD,D
10:47:00,ICBP,RG,8650,5,D,PD,OD,D
10:46:59,ICBP,RG,8650,7,F,CC,OD,D
10:46:52,ICBP,RG,8650,6,D,YP,OD,D
10:46:45,ICBP,RG,8650,8,D,NI,OD,D
10:46:43,ICBP,RG,8650,1,D,PD,OD,D
10:46:39,ICBP,RG,8650,1,D,HP,OD,D
10:46:39,ICBP,RG,8650,19,D,HP,OD,D
10:46:35,ICBP,RG,8650,1,D,PD,OD,D
10:46:19,ICBP,RG,8650,8,D,NI,OD,D
10:45:38,ICBP,RG,8650,10,D,PD,OD,D
10:44:59,ICBP,RG,8650,5,D,SQ,OD,D
10:44:42,ICBP,RG,8650,1,D,PC,OD,D
10:44:10,ICBP,RG,8625,12,F,ZP,XC,D
10:43:41,ICBP,RG,8625,1,F,ZP,EP,D
10:43:30,ICBP,RG,8625,1,F,ZP,OD,D
10:43:23,ICBP,RG,8625,1,F,ZP,YP,D
10:43:16,ICBP,RG,8625,1,F,ZP,BQ,D
10:42:40,ICBP,RG,8650,1,D,CC,OD,D
10:42:40,ICBP,RG,8650,5,F,CC,AK,F
10:42:40,ICBP,RG,8650,1,D,KK,AK,F
10:42:40,ICBP,RG,8650,5,D,EP,AK,F
10:42:40,ICBP,RG,8650,1,D,XC,YU,D
10:42:40,ICBP,RG,8650,5,D,GR,YU,D
10:42:40,ICBP,RG,8650,38,F,ZP,YU,D
10:42:40,ICBP,RG,8650,1,D,XC,YU,D
10:42:40,ICBP,RG,8650,10,D,AZ,YU,D
10:42:40,ICBP,RG,8650,2,D,LG,YU,D
10:42:40,ICBP,RG,8650,28,F,CC,YU,D
10:42:40,ICBP,RG,8650,15,F,CS,YU,D
10:42:32,ICBP,RG,8650,200,F,CS,YU,D
10:42:27,ICBP,RG,8650,1,F,CS,AK,F
10:42:26,ICBP,RG,8650,2,F,CS,AK,F
10:42:26,ICBP,RG,8650,4,F,CS,AK,F
10:42:26,ICBP,RG,8650,6,F,CS,AK,F
10:42:26,ICBP,RG,8650,2,F,CS,AK,F
10:42:26,ICBP,RG,8650,14,F,CS,AK,F
10:42:26,ICBP,RG,8650,2,F,CS,AK,F
10:42:26,ICBP,RG,8650,248,F,CS,YP,D
10:42:26,ICBP,RG,8650,4,F,CC,YP,D
10:42:26,ICBP,RG,8650,1,D,XC,YP,D
10:42:26,ICBP,RG,8650,10,F,BK,YP,D
10:42:26,ICBP,RG,8650,1,D,PD,YP,D
10:42:26,ICBP,RG,8650,1,D,NI,YP,D
10:42:26,ICBP,RG,8650,1,D,YP,YP,D
10:42:26,ICBP,RG,8650,36,F,AK,YP,D
10:42:26,ICBP,RG,8650,10,F,BK,YP,D
10:42:26,ICBP,RG,8650,521,F,CS,YP,D
10:42:26,ICBP,RG,8650,13,F,BK,YP,D
10:42:26,ICBP,RG,8650,154,F,ZP,YP,D
10:41:14,ICBP,RG,8650,1,F,ZP,PD,D
10:41:12,ICBP,RG,8650,1,F,ZP,BQ,D
10:41:06,ICBP,RG,8650,1,F,ZP,KK,D
10:40:31,ICBP,RG,8675,4,D,YP,PD,D
10:40:21,ICBP,RG,8675,7,F,BK,PD,D
10:40:21,ICBP,RG,8675,3,F,BK,AT,D
10:40:19,ICBP,RG,8675,3,F,ZP,AT,D
10:40:19,ICBP,RG,8675,5,F,ZP,HP,D
10:40:03,ICBP,RG,8675,1,D,PD,YP,D
10:39:58,ICBP,RG,8675,1,D,KK,YP,D
10:39:42,ICBP,RG,8650,2,F,ZP,PD,D
10:39:19,ICBP,RG,8650,10,F,ZP,PD,D
10:36:25,ICBP,RG,8675,3,D,DH,YP,D
10:35:39,ICBP,RG,8675,15,F,BK,YP,D
10:35:39,ICBP,RG,8675,2,F,BK,SQ,D
10:35:39,ICBP,RG,8675,1,F,BK,YP,D
10:35:39,ICBP,RG,8675,1,F,BK,PD,D
10:35:39,ICBP,RG,8675,1,F,BK,AT,D
10:35:37,ICBP,RG,8675,94,F,ZP,AT,D
10:35:36,ICBP,RG,8675,12,D,SQ,AT,D
10:35:28,ICBP,RG,8675,20,F,BK,AT,D
10:35:23,ICBP,RG,8675,15,F,BK,AT,D
10:35:17,ICBP,RG,8675,15,F,BK,AT,D
10:35:17,ICBP,RG,8675,61,F,BK,CC,D
10:35:16,ICBP,RG,8675,139,F,ZP,CC,D
10:35:16,ICBP,RG,8675,100,F,ZP,YU,D
10:35:16,ICBP,RG,8675,153,F,ZP,OD,D
10:34:58,ICBP,RG,8675,1,D,XC,OD,D
10:34:57,ICBP,RG,8675,6,D,XC,OD,D
10:34:38,ICBP,RG,8675,21,F,BK,OD,D
10:34:35,ICBP,RG,8650,100,F,ZP,YU,D
10:34:08,ICBP,RG,8675,2,D,YP,OD,D
10:33:44,ICBP,RG,8675,1,D,XL,OD,D
10:32:36,ICBP,RG,8675,14,F,BK,OD,D
10:32:34,ICBP,RG,8650,50,F,ZP,KK,D
10:32:26,ICBP,RG,8675,17,F,BK,OD,D
10:32:21,ICBP,RG,8675,38,F,BK,OD,D
10:32:16,ICBP,RG,8650,100,F,ZP,YU,D
10:32:15,ICBP,RG,8675,47,F,BK,OD,D
10:32:15,ICBP,RG,8675,42,F,BK,OD,D
10:32:13,ICBP,RG,8650,19,F,ZP,XC,D
10:32:13,ICBP,RG,8650,13,F,ZP,NI,D
10:32:12,ICBP,RG,8650,153,F,BK,OD,D
10:32:12,ICBP,RG,8650,86,F,AK,OD,D
10:32:08,ICBP,RG,8650,61,F,BK,OD,D
10:32:08,ICBP,RG,8650,45,F,BK,OD,D
10:32:08,ICBP,RG,8650,3,F,BK,XL,D
10:32:08,ICBP,RG,8650,66,F,BK,PD,D
10:32:08,ICBP,RG,8650,1,F,BK,YP,D
10:32:08,ICBP,RG,8650,6,F,BK,XL,D
10:32:08,ICBP,RG,8650,73,F,BK,YP,D
10:32:08,ICBP,RG,8650,66,F,BK,PD,D
10:32:08,ICBP,RG,8650,10,F,BK,PD,D
10:32:08,ICBP,RG,8650,169,F,BK,CC,D
10:32:08,ICBP,RG,8650,331,F,BK,CC,D
10:32:08,ICBP,RG,8650,110,F,BK,OD,D
10:32:06,ICBP,RG,8625,1,F,AK,SQ,D
10:32:06,ICBP,RG,8625,200,F,AK,CC,D
10:32:06,ICBP,RG,8625,1,F,AK,YP,D
10:32:06,ICBP,RG,8625,4,F,AK,KK,D
10:32:06,ICBP,RG,8625,86,F,AK,BK,D
10:32:06,ICBP,RG,8625,300,F,AK,OD,D
10:32:06,ICBP,RG,8625,45,F,AK,OD,D
10:32:06,ICBP,RG,8625,110,F,AK,PD,D
10:32:06,ICBP,RG,8625,56,F,AK,YP,D
10:32:06,ICBP,RG,8625,1,F,AK,XC,D
10:32:06,ICBP,RG,8625,301,F,AK,BK,D
10:32:06,ICBP,RG,8625,127,F,BK,BK,D
10:32:06,ICBP,RG,8625,373,F,BK,GR,D
10:32:06,ICBP,RG,8625,500,F,BK,GR,D
10:32:06,ICBP,RG,8625,74,F,BK,GR,D
10:32:06,ICBP,RG,8625,500,F,BK,GR,D
10:32:05,ICBP,RG,8625,42,F,ZP,GR,D
10:31:43,ICBP,RG,8600,10,D,SQ,BK,D
10:31:43,ICBP,RG,8600,5,D,PD,BK,D
10:31:43,ICBP,RG,8600,5,D,KK,BK,D
10:31:43,ICBP,RG,8600,2,D,PD,BK,D
10:31:43,ICBP,RG,8600,1,D,KK,BK,D
10:31:43,ICBP,RG,8600,1,D,SQ,BK,D
10:31:43,ICBP,RG,8600,1,D,PD,BK,D
10:31:43,ICBP,RG,8600,1,D,PD,BK,D
10:31:41,ICBP,RG,8625,2,D,KK,GR,D
10:31:40,ICBP,RG,8625,1,D,NI,GR,D
10:31:36,ICBP,RG,8625,2,D,SQ,GR,D
10:30:57,ICBP,RG,8625,11,F,BK,GR,D
10:30:56,ICBP,RG,8600,1,D,PD,BK,D
10:30:56,ICBP,RG,8600,20,D,SQ,BK,D
10:30:41,ICBP,RG,8625,2,D,CC,GR,D
10:30:40,ICBP,RG,8625,5,D,GR,GR,D
10:30:16,ICBP,RG,8625,15,D,GR,GR,D
10:30:09,ICBP,RG,8625,10,F,BK,GR,D
10:30:05,ICBP,RG,8600,25,D,SQ,BK,D
10:30:04,ICBP,RG,8625,14,F,BK,GR,D
10:30:04,ICBP,RG,8625,100,D,OD,GR,D
10:29:53,ICBP,RG,8600,7,D,SQ,YP,D
10:29:40,ICBP,RG,8600,10,D,SQ,YP,D
10:29:39,ICBP,RG,8600,10,D,SQ,BK,D
10:29:37,ICBP,RG,8600,1,D,SQ,CC,D
10:29:34,ICBP,RG,8600,127,D,SQ,YP,D
10:29:34,ICBP,RG,8600,5,D,PD,YP,D
10:29:34,ICBP,RG,8600,5,D,PD,YP,D
10:29:34,ICBP,RG,8600,5,D,PD,YP,D
10:29:34,ICBP,RG,8600,1,D,PD,YP,D
10:29:34,ICBP,RG,8600,25,D,GR,YP,D
10:29:34,ICBP,RG,8600,1,D,XC,YP,D
10:29:34,ICBP,RG,8600,25,D,AZ,YP,D
10:29:34,ICBP,RG,8600,10,D,EP,YP,D
10:29:34,ICBP,RG,8600,2,D,SQ,YP,D
10:29:24,ICBP,RG,8600,5,D,SQ,EP,D
10:29:14,ICBP,RG,8600,1,D,SQ,YP,D
10:29:12,ICBP,RG,8600,1,D,SQ,PD,D
10:28:59,ICBP,RG,8600,1,D,SQ,BK,D
10:28:59,ICBP,RG,8600,1,D,CC,BK,D
10:28:59,ICBP,RG,8600,20,D,CC,BK,D
10:28:59,ICBP,RG,8600,2,D,NI,BK,D
10:28:46,ICBP,RG,8625,1,D,GR,GR,D
10:28:31,ICBP,RG,8625,61,D,CC,GR,D
10:28:19,ICBP,RG,8625,25,D,YP,GR,D
10:28:06,ICBP,RG,8600,25,D,FZ,BK,D
10:28:01,ICBP,RG,8625,10,D,NI,GR,D
10:27:54,ICBP,RG,8625,2,D,XC,GR,D
10:27:39,ICBP,RG,8625,1,D,XL,GR,D
10:27:32,ICBP,RG,8625,2,D,ZP,GR,D
10:27:32,ICBP,RG,8625,14,D,YP,GR,D
10:27:32,ICBP,RG,8625,3,D,CC,GR,D
10:27:32,ICBP,RG,8625,2,D,YP,GR,D
10:27:32,ICBP,RG,8625,15,F,BK,GR,D
10:27:32,ICBP,RG,8625,10,F,BK,GR,D
10:27:32,ICBP,RG,8625,54,F,ZP,GR,D
10:27:25,ICBP,RG,8625,21,F,CC,BK,D
10:27:25,ICBP,RG,8625,1,D,YJ,BK,D
10:26:16,ICBP,RG,8650,3,D,CC,OD,D
10:26:14,ICBP,RG,8650,1,D,DH,OD,D
10:26:11,ICBP,RG,8650,8,D,CC,OD,D
10:25:24,ICBP,RG,8650,1,D,XC,OD,D
10:25:15,ICBP,RG,8650,1,D,XC,OD,D
10:23:53,ICBP,RG,8650,1,D,CC,OD,D
10:23:10,ICBP,RG,8600,2,D,FZ,PD,D
10:23:07,ICBP,RG,8625,1,D,YP,AK,F
10:23:07,ICBP,RG,8625,11,F,BK,AK,F
10:23:06,ICBP,RG,8625,41,F,BK,YU,D
10:23:06,ICBP,RG,8625,1,D,YJ,YU,D
10:23:06,ICBP,RG,8625,57,F,ZP,YU,D
10:23:06,ICBP,RG,8625,1,D,XL,YU,D
10:23:00,ICBP,RG,8625,1,F,CC,YP,D
10:23:00,ICBP,RG,8625,60,F,CC,BK,D
10:22:51,ICBP,RG,8625,15,F,ZP,BK,D
10:22:51,ICBP,RG,8625,51,F,ZP,OD,D
10:22:51,ICBP,RG,8625,240,F,BK,OD,D
10:22:50,ICBP,RG,8625,1,D,YJ,OD,D
10:22:41,ICBP,RG,8625,8,D,IF,OD,D
10:22:41,ICBP,RG,8625,2,D,IF,OD,D
10:22:27,ICBP,RG,8625,1,D,YJ,OD,D
10:21:38,ICBP,RG,8600,8,D,FZ,PD,D
10:21:38,ICBP,RG,8600,5,D,XC,PD,D
10:21:38,ICBP,RG,8600,1,D,PD,PD,D
10:21:38,ICBP,RG,8600,5,D,CP,PD,D
10:21:37,ICBP,RG,8625,42,F,BK,OD,D
10:21:37,ICBP,RG,8625,5,F,BK,PD,D
10:21:37,ICBP,RG,8625,66,F,BK,PD,D
10:21:37,ICBP,RG,8625,21,F,BK,AT,D
10:21:37,ICBP,RG,8625,50,F,BK,CC,D
10:21:37,ICBP,RG,8625,56,F,BK,BK,D
10:21:19,ICBP,RG,8600,1,D,CP,XC,D
10:21:19,ICBP,RG,8600,1,D,YP,XC,D
10:21:06,ICBP,RG,8625,1,D,YU,BK,D
10:21:01,ICBP,RG,8625,20,D,YP,DH,D
10:20:59,ICBP,RG,8625,5,D,YP,DH,D
10:20:56,ICBP,RG,8625,5,F,ZP,DH,D
10:20:56,ICBP,RG,8625,77,F,ZP,OD,D
10:20:56,ICBP,RG,8625,100,D,PD,OD,D
10:20:55,ICBP,RG,8625,5,D,SQ,OD,D
10:20:44,ICBP,RG,8625,2,D,SQ,OD,D
10:20:38,ICBP,RG,8625,116,D,YP,OD,D
10:20:38,ICBP,RG,8625,29,D,YP,OD,D
10:20:16,ICBP,RG,8625,1,D,NI,OD,D
10:20:08,ICBP,RG,8625,1,D,XC,OD,D
10:19:54,ICBP,RG,8625,14,D,OD,OD,D
10:19:54,ICBP,RG,8625,132,D,OD,BK,D
10:19:54,ICBP,RG,8625,154,D,OD,CC,D
10:19:54,ICBP,RG,8625,6,D,YP,CC,D
10:19:50,ICBP,RG,8600,15,D,YP,BK,D
10:19:30,ICBP,RG,8600,15,D,YP,BK,D
10:19:23,ICBP,RG,8625,3,D,KK,CC,D
10:19:16,ICBP,RG,8625,1,D,XC,CC,D
10:19:14,ICBP,RG,8600,4,D,YP,XL,D
10:19:14,ICBP,RG,8600,3,D,YP,KK,D
10:19:13,ICBP,RG,8600,15,D,YP,BK,D
10:19:13,ICBP,RG,8600,21,D,YP,SQ,D
10:19:10,ICBP,RG,8625,2,D,CC,CC,D
10:19:09,ICBP,RG,8625,1,D,PD,CC,D
10:19:09,ICBP,RG,8625,11,D,XC,CC,D
10:19:09,ICBP,RG,8625,10,D,CC,CC,D
10:19:09,ICBP,RG,8625,12,D,PD,CC,D
10:19:05,ICBP,RG,8625,6,D,PD,YU,D
10:19:05,ICBP,RG,8625,5,D,YP,YU,D
10:19:05,ICBP,RG,8625,1,D,YP,YU,D
10:19:05,ICBP,RG,8625,10,D,OD,YU,D
10:19:05,ICBP,RG,8625,1,D,XC,YU,D
10:19:05,ICBP,RG,8625,5,D,XC,YU,D
10:19:05,ICBP,RG,8625,10,D,KK,YU,D
10:19:05,ICBP,RG,8625,5,D,CC,YU,D
10:19:05,ICBP,RG,8625,3,D,PD,YU,D
10:19:05,ICBP,RG,8625,1,D,PD,YU,D
10:19:05,ICBP,RG,8625,1,D,CC,YU,D
10:19:05,ICBP,RG,8625,63,F,ZP,YU,D
10:19:05,ICBP,RG,8625,20,D,YP,YU,D
10:19:05,ICBP,RG,8625,3,D,PD,YU,D
10:19:05,ICBP,RG,8625,20,D,CC,YU,D
10:19:05,ICBP,RG,8625,3,D,PD,YU,D
10:19:05,ICBP,RG,8625,1,D,NI,YU,D
10:19:05,ICBP,RG,8625,35,D,YP,YU,D
10:19:05,ICBP,RG,8625,80,D,CC,YU,D
10:19:05,ICBP,RG,8625,1,D,SQ,YU,D
10:19:05,ICBP,RG,8625,1,D,XC,YU,D
10:19:05,ICBP,RG,8625,25,D,YP,YU,D
10:19:05,ICBP,RG,8625,1,D,XC,YU,D
10:19:05,ICBP,RG,8625,1,D,YP,YU,D
10:19:05,ICBP,RG,8625,5,D,XA,YU,D
10:19:05,ICBP,RG,8625,1,D,XC,YU,D
10:19:05,ICBP,RG,8625,1,D,XL,YU,D
10:19:05,ICBP,RG,8625,2,D,XC,YU,D
10:19:05,ICBP,RG,8625,1,D,NI,YU,D
10:19:05,ICBP,RG,8625,1,D,YP,YU,D
10:19:05,ICBP,RG,8625,12,D,PD,YU,D
10:19:05,ICBP,RG,8625,1,D,PD,YU,D
10:19:05,ICBP,RG,8625,20,D,CC,YU,D
10:19:05,ICBP,RG,8625,2,D,YP,YU,D
10:19:05,ICBP,RG,8625,8,D,NI,YU,D
10:19:05,ICBP,RG,8625,1,D,NI,YU,D
10:19:05,ICBP,RG,8625,3,D,YP,YU,D
10:19:05,ICBP,RG,8625,10,D,CC,YU,D
10:19:05,ICBP,RG,8625,3,D,XC,YU,D
10:19:05,ICBP,RG,8625,2,D,YP,YU,D
10:19:05,ICBP,RG,8625,5,D,YP,YU,D
10:19:05,ICBP,RG,8625,20,F,ZP,YU,D
10:18:59,ICBP,RG,8625,3,F,ZP,BK,D
10:18:59,ICBP,RG,8625,1,D,GR,BK,D
10:18:59,ICBP,RG,8625,1,D,XC,BK,D
10:18:59,ICBP,RG,8625,1,D,GR,BK,D
10:18:59,ICBP,RG,8625,4,D,CC,BK,D
10:18:56,ICBP,RG,8625,1,D,CC,AK,F
10:18:56,ICBP,RG,8625,16,F,BK,AK,F
10:18:56,ICBP,RG,8625,1,D,PD,AK,F
10:18:56,ICBP,RG,8625,2,D,YP,AK,F
10:18:56,ICBP,RG,8625,5,D,NI,AK,F
10:18:56,ICBP,RG,8625,1,D,NI,AK,F
10:18:56,ICBP,RG,8625,10,D,PD,AK,F
10:18:56,ICBP,RG,8625,2,D,CC,AK,F
10:18:56,ICBP,RG,8625,3,D,NI,AK,F
10:18:56,ICBP,RG,8625,2,D,YP,AK,F
10:18:50,ICBP,RG,8650,66,F,ZP,OD,D
10:18:49,ICBP,RG,8625,18,D,YP,CC,D
10:18:49,ICBP,RG,8625,100,D,YP,CC,D
10:18:49,ICBP,RG,8625,18,D,CC,CC,D
10:18:49,ICBP,RG,8625,1,D,KK,CC,D
10:18:49,ICBP,RG,8625,10,D,YP,CC,D
10:18:49,ICBP,RG,8625,1,D,YP,CC,D
10:18:49,ICBP,RG,8625,10,D,XL,CC,D
10:18:49,ICBP,RG,8625,1,D,CC,CC,D
10:18:49,ICBP,RG,8625,1,D,CC,CC,D
10:18:49,ICBP,RG,8625,1,D,PD,CC,D
10:18:49,ICBP,RG,8625,20,D,YP,CC,D
10:18:49,ICBP,RG,8625,119,D,YP,CC,D
10:18:48,ICBP,RG,8625,9,D,YP,BK,D
10:18:42,ICBP,RG,8625,66,D,YP,PD,D
10:18:38,ICBP,RG,8625,6,D,YP,BK,D
10:18:38,ICBP,RG,8625,1,D,NI,BK,D
10:18:38,ICBP,RG,8625,2,D,YP,BK,D
10:18:26,ICBP,RG,8625,5,D,YP,BK,D
10:18:26,ICBP,RG,8625,1,D,YP,BK,D
10:18:26,ICBP,RG,8625,4,D,PC,BK,D
10:18:25,ICBP,RG,8650,48,F,ZP,OD,D
10:18:13,ICBP,RG,8625,6,D,PC,BK,D
10:18:13,ICBP,RG,8625,4,D,SQ,BK,D
10:18:13,ICBP,RG,8625,1,D,KK,BK,D
10:18:13,ICBP,RG,8625,1,D,YP,BK,D
10:18:03,ICBP,RG,8625,1,D,NI,BK,D
10:18:03,ICBP,RG,8625,5,D,DH,BK,D
10:18:03,ICBP,RG,8625,1,D,XC,BK,D
10:18:03,ICBP,RG,8625,1,D,YB,BK,D
10:18:03,ICBP,RG,8625,3,D,YP,BK,D
10:17:49,ICBP,RG,8625,2,D,YP,BK,D
10:17:49,ICBP,RG,8625,2,D,CC,BK,D
10:17:49,ICBP,RG,8625,1,D,XL,BK,D
10:17:49,ICBP,RG,8625,5,D,XL,BK,D
10:17:39,ICBP,RG,8625,4,D,XL,BK,D
10:17:39,ICBP,RG,8625,1,D,XL,BK,D
10:17:39,ICBP,RG,8625,6,D,XL,BK,D
10:17:35,ICBP,RG,8650,3,D,XL,OD,D
10:17:27,ICBP,RG,8650,50,D,YP,OD,D
10:17:25,ICBP,RG,8625,1,D,YP,BK,D
10:17:25,ICBP,RG,8625,5,D,DR,BK,D
10:17:25,ICBP,RG,8625,1,D,XC,BK,D
10:17:25,ICBP,RG,8625,1,D,XL,BK,D
10:17:25,ICBP,RG,8625,2,D,YP,BK,D
10:17:25,ICBP,RG,8625,1,D,YP,BK,D
10:17:25,ICBP,RG,8625,1,D,YP,BK,D
10:17:25,ICBP,RG,8625,1,D,KK,BK,D
10:17:25,ICBP,RG,8625,1,D,PD,BK,D
10:17:25,ICBP,RG,8625,1,D,PD,BK,D
10:17:13,ICBP,RG,8625,2,D,PD,CC,D
10:17:13,ICBP,RG,8625,3,D,PD,PD,D
10:17:12,ICBP,RG,8625,10,D,PD,BK,D
10:17:12,ICBP,RG,8625,2,D,PD,YP,D
10:16:58,ICBP,RG,8625,2,D,PD,PD,D
10:16:56,ICBP,RG,8625,5,D,PD,BK,D
10:16:56,ICBP,RG,8625,10,D,PD,BK,D
10:16:52,ICBP,RG,8625,10,D,PD,PD,D
10:16:50,ICBP,RG,8625,9,D,PD,BK,D
10:16:37,ICBP,RG,8625,10,D,PD,BK,D
10:16:29,ICBP,RG,8625,11,D,PD,BK,D
10:16:27,ICBP,RG,8650,1,D,NI,OD,D
10:16:17,ICBP,RG,8650,2,D,BQ,OD,D
10:16:17,ICBP,RG,8625,13,D,PD,YP,D
10:16:17,ICBP,RG,8625,1,D,PD,YP,D
10:16:17,ICBP,RG,8625,1,D,KK,YP,D
10:16:17,ICBP,RG,8625,5,D,SQ,YP,D
10:16:17,ICBP,RG,8625,1,D,PD,YP,D
10:16:17,ICBP,RG,8625,3,D,SQ,DR,D
10:16:17,ICBP,RG,8625,2,D,PD,DR,D
10:16:17,ICBP,RG,8625,2,D,PD,DR,D
10:16:17,ICBP,RG,8625,5,D,DR,DR,D
10:16:17,ICBP,RG,8625,1,D,XC,DR,D
10:16:17,ICBP,RG,8625,4,D,EP,DR,D
10:16:17,ICBP,RG,8625,3,D,EP,DR,D
10:16:17,ICBP,RG,8625,3,D,SQ,DR,D
10:16:16,ICBP,RG,8625,10,D,EP,BK,D
10:16:16,ICBP,RG,8625,1,D,DR,BK,D
10:16:05,ICBP,RG,8650,5,D,PD,OD,D
10:16:05,ICBP,RG,8650,11,D,PD,OD,D
10:15:49,ICBP,RG,8650,1,D,XC,OD,D
10:15:26,ICBP,RG,8650,1,D,YP,OD,D
10:15:23,ICBP,RG,8650,1,D,YP,OD,D
10:15:07,ICBP,RG,8650,3,D,CC,OD,D
10:15:07,ICBP,RG,8650,11,D,YP,OD,D
10:15:07,ICBP,RG,8650,2,D,OD,OD,D
10:15:07,ICBP,RG,8650,15,F,ZP,OD,D
10:15:04,ICBP,RG,8650,23,F,ZP,YU,D
10:15:04,ICBP,RG,8650,9,F,BK,YU,D
10:15:04,ICBP,RG,8650,68,F,CS,YU,D
10:15:02,ICBP,RG,8650,10,F,CS,GR,D
10:14:59,ICBP,RG,8650,102,F,CS,BK,D
10:14:59,ICBP,RG,8650,1,D,XC,BK,D
10:14:59,ICBP,RG,8650,10,D,KK,BK,D
10:14:59,ICBP,RG,8650,1,D,SQ,BK,D
10:14:59,ICBP,RG,8650,1,D,YP,BK,D
10:14:59,ICBP,RG,8650,3,D,RO,BK,D
10:14:59,ICBP,RG,8650,11,D,GR,BK,D
10:14:59,ICBP,RG,8650,5,D,XL,BK,D
10:14:59,ICBP,RG,8650,1,D,PD,BK,D
10:14:59,ICBP,RG,8650,3,D,DX,BK,D
10:14:59,ICBP,RG,8650,2,D,XC,BK,D
10:14:59,ICBP,RG,8650,29,D,DX,BK,D
10:14:59,ICBP,RG,8650,5,D,GR,BK,D
10:14:59,ICBP,RG,8650,1,D,YP,BK,D
10:14:59,ICBP,RG,8650,1,D,GR,BK,D
10:14:59,ICBP,RG,8650,1,D,XC,BK,D
10:14:59,ICBP,RG,8650,6,D,XC,BK,D
10:14:59,ICBP,RG,8650,3,D,YP,BK,D
10:14:59,ICBP,RG,8650,1,D,AI,BK,D
10:14:59,ICBP,RG,8650,1,D,XC,BK,D
10:14:59,ICBP,RG,8650,5,D,XC,BK,D
10:14:59,ICBP,RG,8650,15,D,LG,BK,D
10:14:59,ICBP,RG,8650,1,D,DH,BK,D
10:14:59,ICBP,RG,8650,1,D,YP,BK,D
10:14:59,ICBP,RG,8650,5,D,YP,BK,D
10:14:59,ICBP,RG,8650,4,D,DX,BK,D
10:14:59,ICBP,RG,8650,2,D,CC,BK,D
10:14:59,ICBP,RG,8650,1,D,CC,BK,D
10:14:59,ICBP,RG,8650,1,D,YP,BK,D
10:14:59,ICBP,RG,8650,5,D,XL,BK,D
10:14:59,ICBP,RG,8650,10,D,YP,BK,D
10:14:59,ICBP,RG,8650,5,D,YP,BK,D
10:14:59,ICBP,RG,8650,5,D,CP,BK,D
10:14:59,ICBP,RG,8650,2,D,NI,BK,D
10:14:36,ICBP,RG,8675,1,D,XL,OD,D
10:14:25,ICBP,RG,8650,20,D,NI,BK,D
10:14:03,ICBP,RG,8650,2,D,NI,XL,D
10:14:01,ICBP,RG,8650,5,D,NI,BK,D
10:14:01,ICBP,RG,8650,1,D,BQ,BK,D
10:14:01,ICBP,RG,8650,3,D,PD,BK,D
10:14:01,ICBP,RG,8650,3,D,SQ,BK,D
10:14:00,ICBP,RG,8650,1,D,SQ,AK,F
10:14:00,ICBP,RG,8650,1,D,SQ,AK,F
10:14:00,ICBP,RG,8650,2,D,PD,AK,F
10:14:00,ICBP,RG,8650,1,D,YP,AK,F
10:14:00,ICBP,RG,8650,20,D,YP,AK,F
10:14:00,ICBP,RG,8650,1,D,PD,AK,F
10:14:00,ICBP,RG,8650,4,F,ZP,AK,F
10:13:56,ICBP,RG,8675,1,D,XC,OD,D
10:13:37,ICBP,RG,8675,1,F,ZP,OD,D
10:13:37,ICBP,RG,8675,40,F,ZP,CC,D
10:13:37,ICBP,RG,8650,25,F,ZP,YU,D
10:13:37,ICBP,RG,8650,13,F,BK,YU,D
10:13:37,ICBP,RG,8650,2,D,CC,YU,D
10:13:37,ICBP,RG,8650,7,D,XC,YU,D
10:13:37,ICBP,RG,8650,2,D,NI,YU,D
10:13:37,ICBP,RG,8650,5,D,NI,YU,D
10:13:37,ICBP,RG,8650,1,D,PD,YU,D
10:13:37,ICBP,RG,8650,1,D,XL,YU,D
10:13:37,ICBP,RG,8650,2,D,CC,YU,D
10:13:37,ICBP,RG,8650,2,D,XC,YU,D
10:13:37,ICBP,RG,8650,5,D,AZ,YU,D
10:13:37,ICBP,RG,8650,100,D,OD,YU,D
10:13:37,ICBP,RG,8650,1,D,XC,YU,D
10:13:37,ICBP,RG,8650,1,D,PD,YU,D
10:13:37,ICBP,RG,8650,1,D,XC,YU,D
10:13:37,ICBP,RG,8650,32,D,YP,YU,D
10:13:32,ICBP,RG,8650,18,D,YP,BK,D
10:13:17,ICBP,RG,8650,1,D,YP,NI,D
10:13:12,ICBP,RG,8650,13,D,YP,BK,D
10:12:51,ICBP,RG,8650,11,D,YP,BK,D
10:12:49,ICBP,RG,8675,10,D,NI,CC,D
10:12:34,ICBP,RG,8675,27,F,ZP,CC,D
10:12:30,ICBP,RG,8650,11,D,YP,BK,D
10:12:05,ICBP,RG,8650,10,D,YP,YP,D
10:11:58,ICBP,RG,8650,4,D,YP,BK,D
10:11:58,ICBP,RG,8650,1,D,PD,BK,D
10:11:58,ICBP,RG,8650,10,D,CC,BK,D
10:11:58,ICBP,RG,8650,1,D,PD,BK,D
10:11:58,ICBP,RG,8650,3,D,YP,BK,D
10:11:27,ICBP,RG,8650,2,D,YP,BK,D
10:11:27,ICBP,RG,8650,1,D,CC,BK,D
10:11:27,ICBP,RG,8650,2,D,YP,BK,D
10:11:27,ICBP,RG,8650,1,D,XC,BK,D
10:11:27,ICBP,RG,8650,13,D,YP,BK,D
10:10:53,ICBP,RG,8650,12,D,YP,BK,D
10:10:53,ICBP,RG,8650,5,D,YP,BK,D
10:10:48,ICBP,RG,8650,1,D,YP,YU,D
10:10:48,ICBP,RG,8650,5,D,PD,YU,D
10:10:48,ICBP,RG,8650,1,D,YP,YU,D
10:10:48,ICBP,RG,8650,1,D,DH,YU,D
10:10:48,ICBP,RG,8650,5,D,KK,YU,D
10:10:48,ICBP,RG,8650,1,D,PD,YU,D
10:10:48,ICBP,RG,8650,36,D,PD,YU,D
10:10:42,ICBP,RG,8650,9,D,PD,BK,D
10:10:34,ICBP,RG,8650,1,D,PD,PD,D
10:10:20,ICBP,RG,8675,20,F,ZP,CC,D
10:09:55,ICBP,RG,8675,1,D,CC,CC,D
10:09:32,ICBP,RG,8675,1,D,SQ,CC,D
10:08:53,ICBP,RG,8675,34,F,ZP,CC,D
10:08:53,ICBP,RG,8675,2,D,PD,CC,D
10:08:47,ICBP,RG,8675,2,D,PD,CC,D
10:08:24,ICBP,RG,8675,5,D,XL,CC,D
10:08:17,ICBP,RG,8650,16,D,PD,YP,D
10:08:00,ICBP,RG,8650,2,D,PD,XL,D
10:07:48,ICBP,RG,8675,29,F,ZP,CC,D
10:07:48,ICBP,RG,8675,129,F,BK,CC,D
10:07:48,ICBP,RG,8675,2,F,BK,XL,D
10:07:48,ICBP,RG,8675,1,F,BK,XC,D
10:07:48,ICBP,RG,8675,118,F,BK,BK,D
10:07:48,ICBP,RG,8675,92,F,BK,YU,D
10:07:41,ICBP,RG,8650,10,D,PD,BK,D
10:07:26,ICBP,RG,8650,12,D,PD,BK,D
10:07:24,ICBP,RG,8675,5,D,XL,YU,D
10:07:17,ICBP,RG,8650,11,D,PD,TP,D
10:07:10,ICBP,RG,8650,3,D,PD,BK,D
10:07:10,ICBP,RG,8650,12,F,BK,BK,D
10:06:59,ICBP,RG,8675,1,D,AZ,YU,D
10:06:58,ICBP,RG,8675,2,D,XC,YU,D
10:06:40,ICBP,RG,8675,58,F,BK,DR,D
10:06:40,ICBP,RG,8675,1,F,ZP,DR,D
10:06:40,ICBP,RG,8675,10,D,PD,DR,D
10:06:35,ICBP,RG,8700,26,F,ZP,BK,D
10:06:28,ICBP,RG,8650,14,F,BK,BK,D
10:06:15,ICBP,RG,8650,10,F,BK,BK,D
10:06:04,ICBP,RG,8650,11,F,BK,BK,D
10:05:51,ICBP,RG,8650,11,F,BK,BK,D
10:05:47,ICBP,RG,8700,1,D,PD,BK,D
10:05:20,ICBP,RG,8700,1,D,YP,BK,D
10:05:20,ICBP,RG,8700,23,F,ZP,BK,D
10:05:18,ICBP,RG,8650,9,F,BK,BK,D
10:05:18,ICBP,RG,8650,5,F,BK,XL,D
10:05:09,ICBP,RG,8650,2,F,BK,BK,D
10:05:09,ICBP,RG,8650,2,F,XA,BK,D
10:05:09,ICBP,RG,8650,6,D,YP,BK,D
10:04:59,ICBP,RG,8650,4,D,YP,BK,D
10:04:59,ICBP,RG,8650,1,D,PD,BK,D
10:04:59,ICBP,RG,8650,5,D,YP,BK,D
10:04:46,ICBP,RG,8650,15,D,YP,BK,D
10:04:46,ICBP,RG,8650,5,D,YP,DH,D
10:04:46,ICBP,RG,8650,1,D,PD,DH,D
10:04:35,ICBP,RG,8650,1,D,XC,CC,D
10:04:35,ICBP,RG,8650,3,D,XL,CC,D
10:04:35,ICBP,RG,8650,1,D,XL,CC,D
10:04:35,ICBP,RG,8650,2,D,LG,CC,D
10:04:35,ICBP,RG,8650,4,D,XL,CC,D
10:04:35,ICBP,RG,8650,1,D,YP,CC,D
10:04:35,ICBP,RG,8650,1,D,YP,CC,D
10:04:35,ICBP,RG,8650,3,D,YP,CC,D
10:04:35,ICBP,RG,8650,1,D,KK,CC,D
10:04:35,ICBP,RG,8650,12,D,CC,CC,D
10:04:35,ICBP,RG,8650,5,D,PD,CC,D
10:04:35,ICBP,RG,8650,1,D,PD,CC,D
10:04:35,ICBP,RG,8650,1,D,PD,CC,D
10:04:35,ICBP,RG,8650,3,D,PD,CC,D
10:04:35,ICBP,RG,8650,7,D,PD,CC,D
10:04:35,ICBP,RG,8650,4,D,PD,CC,D
10:04:32,ICBP,RG,8650,12,D,SQ,BK,D
10:04:24,ICBP,RG,8650,3,D,SQ,BK,D
10:04:24,ICBP,RG,8650,7,D,XC,BK,D
10:04:12,ICBP,RG,8650,3,D,XC,BK,D
10:04:12,ICBP,RG,8650,2,D,SQ,BK,D
10:04:12,ICBP,RG,8650,9,D,PD,BK,D
10:04:10,ICBP,RG,8650,5,D,PD,XC,D
10:04:03,ICBP,RG,8650,9,D,PD,BK,D
10:03:56,ICBP,RG,8650,11,D,PD,BK,D
10:03:46,ICBP,RG,8650,1,D,PD,AT,D
10:03:45,ICBP,RG,8650,15,D,PD,BK,D
10:03:42,ICBP,RG,8675,1,D,CC,AK,F
10:03:42,ICBP,RG,8675,9,F,BK,AK,F
10:03:42,ICBP,RG,8675,28,F,ZP,AK,F
10:03:40,ICBP,RG,8675,9,F,ZP,YU,D
10:03:40,ICBP,RG,8675,191,F,CS,YU,D
10:03:37,ICBP,RG,8675,10,F,CS,BK,D
10:03:31,ICBP,RG,8675,1,D,PD,AK,F
10:03:31,ICBP,RG,8675,10,D,NI,AK,F
10:03:31,ICBP,RG,8675,2,D,KK,AK,F
10:03:31,ICBP,RG,8675,1,D,KK,AK,F
10:03:31,ICBP,RG,8675,2,D,CC,AK,F
10:03:31,ICBP,RG,8675,1,D,XC,AK,F
10:03:31,ICBP,RG,8675,10,D,XC,AK,F
10:03:31,ICBP,RG,8675,1,D,YP,AK,F
10:03:31,ICBP,RG,8675,11,F,BK,AK,F
10:03:31,ICBP,RG,8675,4,D,NI,AK,F
10:03:31,ICBP,RG,8675,19,D,XC,AK,F
10:03:31,ICBP,RG,8675,1,D,NI,AK,F
10:03:31,ICBP,RG,8675,1,D,XL,AK,F
10:03:31,ICBP,RG,8700,8,F,ZP,BK,D
10:03:31,ICBP,RG,8675,78,F,ZP,CC,D
10:03:31,ICBP,RG,8675,215,F,BK,CC,D
10:03:31,ICBP,RG,8675,149,F,CS,CC,D
10:03:31,ICBP,RG,8675,58,F,AK,CC,D
10:03:03,ICBP,RG,8700,1,D,PD,BK,D
10:02:44,ICBP,RG,8700,9,F,BK,BK,D
10:02:23,ICBP,RG,8700,1,F,BK,BK,D
10:02:23,ICBP,RG,8700,9,F,BK,YU,D
10:02:19,ICBP,RG,8700,29,F,ZP,YU,D
10:02:19,ICBP,RG,8700,22,F,BK,YU,D
10:02:18,ICBP,RG,8675,150,F,AK,BK,D
10:01:50,ICBP,RG,8700,1,D,CC,YU,D
10:01:40,ICBP,RG,8700,11,F,BK,YU,D
10:01:39,ICBP,RG,8700,34,F,ZP,YU,D
10:01:13,ICBP,RG,8700,10,F,BK,YU,D
10:01:10,ICBP,RG,8700,9,F,BK,YU,D
10:01:10,ICBP,RG,8675,10,F,AK,YP,D
10:01:08,ICBP,RG,8700,50,D,YP,YU,D
10:00:25,ICBP,RG,8700,9,F,BK,YU,D
10:00:23,ICBP,RG,8700,6,F,ZP,YU,D
10:00:19,ICBP,RG,8675,20,F,AK,YP,D
09:59:21,ICBP,RG,8700,11,F,BK,YU,D
09:59:18,ICBP,RG,8700,9,F,BK,YU,D
09:59:13,ICBP,RG,8700,34,F,BK,YU,D
09:59:12,ICBP,RG,8675,35,F,AK,AK,F
09:59:11,ICBP,RG,8675,130,F,AK,XC,D
09:59:10,ICBP,RG,8700,10,F,BK,YU,D
09:59:10,ICBP,RG,8675,3,F,AK,EP,D
09:59:10,ICBP,RG,8675,24,F,ZP,EP,D
09:59:10,ICBP,RG,8675,4,D,XC,EP,D
09:59:01,ICBP,RG,8700,29,F,ZP,YU,D
09:59:01,ICBP,RG,8700,6,F,ZP,AT,D
09:59:01,ICBP,RG,8700,1,F,ZP,DR,D
09:59:01,ICBP,RG,8700,4,F,ZP,BK,D
09:58:49,ICBP,RG,8700,5,F,BK,BK,D
09:58:49,ICBP,RG,8700,5,F,BK,NI,D
09:58:46,ICBP,RG,8675,5,D,XC,PD,D
09:58:46,ICBP,RG,8675,1,D,KK,PD,D
09:58:46,ICBP,RG,8675,2,D,CC,PD,D
09:58:46,ICBP,RG,8675,1,D,YP,PD,D
09:58:46,ICBP,RG,8675,1,D,XC,PD,D
09:58:46,ICBP,RG,8675,3,D,PD,PD,D
09:58:46,ICBP,RG,8675,1,D,GR,PD,D
09:58:46,ICBP,RG,8675,1,D,CC,PD,D
09:58:46,ICBP,RG,8675,2,D,NI,PD,D
09:58:46,ICBP,RG,8675,2,D,PD,PD,D
09:58:32,ICBP,RG,8675,2,D,PD,PD,D
09:58:32,ICBP,RG,8675,10,D,CC,PD,D
09:58:32,ICBP,RG,8675,3,D,YP,PD,D
09:57:30,ICBP,RG,8700,20,D,XC,PD,D
09:57:30,ICBP,RG,8700,2,F,BK,YP,D
09:57:30,ICBP,RG,8700,1,F,BK,PD,D
09:57:30,ICBP,RG,8700,2,F,BK,LG,D
09:57:30,ICBP,RG,8700,5,F,BK,CC,D
09:57:28,ICBP,RG,8700,11,F,BK,CC,D
09:57:27,ICBP,RG,8700,81,F,ZP,CC,D
09:57:18,ICBP,RG,8675,1,D,YP,XC,D
09:57:17,ICBP,RG,8675,1,D,YP,BQ,D
09:57:15,ICBP,RG,8700,1,D,PD,CC,D
09:56:42,ICBP,RG,8675,5,D,YP,NI,D
09:56:42,ICBP,RG,8675,1,D,YP,NI,D
09:56:42,ICBP,RG,8675,2,F,BK,NI,D
09:56:17,ICBP,RG,8700,5,D,SQ,CC,D
09:56:12,ICBP,RG,8675,1,F,BK,BQ,D
09:55:28,ICBP,RG,8700,1,D,XC,CC,D
09:55:19,ICBP,RG,8700,93,F,ZP,CC,D
09:54:41,ICBP,RG,8675,16,F,BK,LG,D
09:53:51,ICBP,RG,8700,3,D,XL,CC,D
09:53:47,ICBP,RG,8700,108,F,AK,BK,D
09:53:47,ICBP,RG,8700,34,F,AK,OD,D
09:53:45,ICBP,RG,8700,28,F,ZP,OD,D
09:53:45,ICBP,RG,8700,238,F,BK,OD,D
09:53:45,ICBP,RG,8700,45,F,BK,OD,D
09:53:45,ICBP,RG,8700,24,F,BK,YP,D
09:53:45,ICBP,RG,8700,2,F,BK,YP,D
09:53:45,ICBP,RG,8700,10,F,BK,EP,D
09:53:45,ICBP,RG,8700,1,F,BK,XC,D
09:53:45,ICBP,RG,8700,50,F,BK,YP,D
09:53:45,ICBP,RG,8700,242,F,BK,BK,D
09:53:45,ICBP,RG,8700,257,F,BK,XC,D
09:53:45,ICBP,RG,8675,22,F,BK,BK,D
09:53:33,ICBP,RG,8675,1,F,BK,NI,D
09:53:10,ICBP,RG,8675,21,F,BK,BK,D
09:52:47,ICBP,RG,8675,11,F,BK,BK,D
09:52:47,ICBP,RG,8675,3,D,PD,BK,D
09:52:23,ICBP,RG,8675,13,D,PD,BK,D
09:52:08,ICBP,RG,8675,13,D,PD,CC,D
09:52:02,ICBP,RG,8675,6,D,PD,DX,D
09:52:01,ICBP,RG,8675,2,D,PD,BK,D
09:52:01,ICBP,RG,8675,1,D,XL,BK,D
09:52:01,ICBP,RG,8675,1,D,XL,BK,D
09:52:01,ICBP,RG,8675,1,D,PD,BK,D
09:52:01,ICBP,RG,8675,1,D,NI,BK,D
09:52:01,ICBP,RG,8675,7,D,DH,BK,D
09:51:43,ICBP,RG,8675,1,D,DH,XL,D
09:51:23,ICBP,RG,8675,2,D,DH,BK,D
09:51:23,ICBP,RG,8675,1,D,NI,BK,D
09:51:23,ICBP,RG,8675,1,D,YP,BK,D
09:51:23,ICBP,RG,8675,3,D,AG,BK,D
09:51:23,ICBP,RG,8675,16,F,BK,BK,D
09:51:11,ICBP,RG,8700,8,F,ZP,XC,D
09:50:53,ICBP,RG,8700,89,F,ZP,AK,F
09:50:53,ICBP,RG,8700,1,F,CC,AK,F
09:50:49,ICBP,RG,8675,21,F,BK,BK,D
09:50:46,ICBP,RG,8675,54,F,BK,BK,D
09:50:46,ICBP,RG,8675,5,D,YP,BK,D
09:50:46,ICBP,RG,8675,1,D,PD,BK,D
09:50:46,ICBP,RG,8675,1,D,PD,BK,D
09:50:46,ICBP,RG,8675,19,D,CC,BK,D
09:50:46,ICBP,RG,8675,2,D,XC,BK,D
09:50:46,ICBP,RG,8675,1,D,PD,BK,D
09:50:46,ICBP,RG,8675,3,D,KK,BK,D
09:50:46,ICBP,RG,8675,1,D,NI,BK,D
09:50:46,ICBP,RG,8675,1,D,NI,BK,D
09:50:46,ICBP,RG,8675,1,D,CC,BK,D
09:50:46,ICBP,RG,8675,2,D,SQ,BK,D
09:50:46,ICBP,RG,8675,2,D,YP,BK,D
09:50:46,ICBP,RG,8675,5,D,YP,BK,D
09:50:46,ICBP,RG,8675,1,D,XC,BK,D
09:50:46,ICBP,RG,8675,1,D,YP,BK,D
09:50:46,ICBP,RG,8675,1,D,AI,BK,D
09:50:46,ICBP,RG,8675,1,D,YP,BK,D
09:50:46,ICBP,RG,8675,3,D,PD,BK,D
09:50:46,ICBP,RG,8675,1,D,PD,BK,D
09:50:46,ICBP,RG,8675,1,D,YP,BK,D
09:50:46,ICBP,RG,8675,2,D,SQ,BK,D
09:50:46,ICBP,RG,8675,2,D,PD,BK,D
09:50:46,ICBP,RG,8675,9,D,CC,BK,D
09:50:46,ICBP,RG,8675,6,D,CC,BK,D
09:50:46,ICBP,RG,8675,100,D,PD,BK,D
09:50:46,ICBP,RG,8675,3,D,XC,BK,D
09:50:46,ICBP,RG,8675,1,D,PD,BK,D
09:50:46,ICBP,RG,8675,10,D,XC,BK,D
09:50:46,ICBP,RG,8675,1,D,NI,BK,D
09:50:46,ICBP,RG,8675,1,D,XC,BK,D
09:50:46,ICBP,RG,8675,87,F,BK,BK,D
09:50:46,ICBP,RG,8675,5,D,YP,BK,D
09:50:46,ICBP,RG,8675,3,D,XC,BK,D
09:50:46,ICBP,RG,8675,3,F,ZP,BK,D
09:50:46,ICBP,RG,8675,5,D,KK,BK,D
09:50:46,ICBP,RG,8675,1,D,XC,BK,D
09:50:46,ICBP,RG,8675,3,D,XL,BK,D
09:50:46,ICBP,RG,8675,1,D,XL,BK,D
09:50:46,ICBP,RG,8675,1,D,XC,BK,D
09:50:46,ICBP,RG,8675,1,D,YP,BK,D
09:50:46,ICBP,RG,8675,2,D,YP,BK,D
09:50:46,ICBP,RG,8675,1,D,PD,BK,D
09:50:46,ICBP,RG,8675,3,D,PD,BK,D
09:50:46,ICBP,RG,8675,6,D,EP,BK,D
09:50:46,ICBP,RG,8675,20,D,SQ,BK,D
09:50:46,ICBP,RG,8675,1,D,PD,BK,D
09:50:46,ICBP,RG,8675,2,D,PD,BK,D
09:50:46,ICBP,RG,8675,20,D,KK,BK,D
09:50:46,ICBP,RG,8675,1,D,PD,BK,D
09:50:46,ICBP,RG,8675,15,D,GR,BK,D
09:50:46,ICBP,RG,8700,259,F,AK,OD,D
09:50:46,ICBP,RG,8700,1,D,CC,OD,D
09:50:46,ICBP,RG,8700,89,F,BK,OD,D
09:50:46,ICBP,RG,8700,5,D,NI,OD,D
09:50:46,ICBP,RG,8700,1,D,NI,OD,D
09:50:46,ICBP,RG,8700,5,D,YP,OD,D
09:50:46,ICBP,RG,8700,2,D,CC,OD,D
09:50:46,ICBP,RG,8700,1,D,XC,OD,D
09:50:46,ICBP,RG,8700,1,D,PD,OD,D
09:50:46,ICBP,RG,8700,11,D,XL,OD,D
09:50:46,ICBP,RG,8700,10,D,YP,OD,D
09:50:46,ICBP,RG,8700,1,D,PD,OD,D
09:50:46,ICBP,RG,8700,5,D,EP,OD,D
09:50:46,ICBP,RG,8700,1,D,XC,OD,D
09:50:46,ICBP,RG,8700,1,D,XC,OD,D
09:50:46,ICBP,RG,8700,1,D,YP,OD,D
09:50:46,ICBP,RG,8700,155,F,CS,OD,D
09:50:46,ICBP,RG,8700,1,D,CC,OD,D
09:50:46,ICBP,RG,8700,67,F,BK,OD,D
09:50:46,ICBP,RG,8700,2,D,PD,OD,D
09:50:46,ICBP,RG,8700,1,D,XC,OD,D
09:50:46,ICBP,RG,8700,10,F,BK,OD,D
09:50:46,ICBP,RG,8700,2,D,ZP,OD,D
09:50:46,ICBP,RG,8700,34,D,YP,OD,D
09:50:46,ICBP,RG,8700,1,D,YP,OD,D
09:50:46,ICBP,RG,8700,2,D,PD,OD,D
09:50:46,ICBP,RG,8700,3,F,CC,OD,D
09:50:46,ICBP,RG,8700,1,D,SQ,OD,D
09:50:46,ICBP,RG,8700,1,D,YP,OD,D
09:50:46,ICBP,RG,8700,1,D,XL,OD,D
09:50:46,ICBP,RG,8700,14,D,YP,OD,D
09:50:46,ICBP,RG,8700,10,F,BK,OD,D
09:50:46,ICBP,RG,8700,7,D,CC,OD,D
09:50:46,ICBP,RG,8700,10,D,CC,OD,D
09:50:46,ICBP,RG,8700,1,D,PD,OD,D
09:50:46,ICBP,RG,8700,23,F,ZP,OD,D
09:50:46,ICBP,RG,8700,8,D,XC,OD,D
09:50:46,ICBP,RG,8700,30,D,YP,OD,D
09:50:46,ICBP,RG,8700,5,D,YP,OD,D
09:50:46,ICBP,RG,8700,1,D,CC,OD,D
09:50:46,ICBP,RG,8700,22,F,AK,OD,D
09:50:46,ICBP,RG,8700,5,D,ZP,OD,D
09:50:46,ICBP,RG,8700,10,F,BK,OD,D
09:50:46,ICBP,RG,8700,128,F,ZP,OD,D
09:50:46,ICBP,RG,8700,5,D,AZ,OD,D
09:50:46,ICBP,RG,8700,1,D,XC,OD,D
09:50:46,ICBP,RG,8700,78,F,BK,OD,D
09:50:46,ICBP,RG,8700,5,D,XL,OD,D
09:50:46,ICBP,RG,8700,1,D,PD,OD,D
09:50:46,ICBP,RG,8700,3,D,YP,OD,D
09:50:46,ICBP,RG,8700,1,D,XL,OD,D
09:50:46,ICBP,RG,8700,5,D,CC,OD,D
09:50:46,ICBP,RG,8700,2,D,SQ,OD,D
09:50:46,ICBP,RG,8700,2,D,GR,OD,D
09:50:46,ICBP,RG,8700,2,D,NI,OD,D
09:50:46,ICBP,RG,8700,1,D,YP,OD,D
09:50:46,ICBP,RG,8700,145,D,OD,OD,D
09:50:44,ICBP,RG,8700,16,D,OD,BK,D
09:50:44,ICBP,RG,8700,2,D,AG,BK,D
09:50:44,ICBP,RG,8700,1,D,XC,BK,D
09:50:44,ICBP,RG,8700,20,D,CC,BK,D
09:50:44,ICBP,RG,8700,1,D,KK,BK,D
09:50:44,ICBP,RG,8700,1,D,XL,BK,D
09:50:44,ICBP,RG,8700,2,D,SQ,BK,D
09:50:44,ICBP,RG,8700,1,D,XC,BK,D
09:50:44,ICBP,RG,8700,10,D,KK,BK,D
09:50:44,ICBP,RG,8700,1,D,KK,BK,D
09:50:44,ICBP,RG,8700,1,D,KK,BK,D
09:50:44,ICBP,RG,8700,2,D,PD,BK,D
09:50:44,ICBP,RG,8700,3,D,DH,BK,D
09:50:43,ICBP,RG,8725,28,F,ZP,BK,D
09:50:43,ICBP,RG,8725,5,F,ZP,XC,D
09:50:43,ICBP,RG,8700,47,D,DH,OD,D
09:50:43,ICBP,RG,8700,2,D,YP,OD,D
09:50:43,ICBP,RG,8700,1,D,YP,OD,D
09:50:43,ICBP,RG,8700,20,D,SQ,OD,D
09:50:43,ICBP,RG,8700,110,F,BK,OD,D
09:50:34,ICBP,RG,8725,5,F,BK,XC,D
09:50:34,ICBP,RG,8725,4,F,BK,ES,D
09:50:19,ICBP,RG,8700,11,F,BK,BK,D
09:50:16,ICBP,RG,8725,18,F,ZP,ES,D
09:48:28,ICBP,RG,8725,1,D,PD,ES,D
09:47:55,ICBP,RG,8700,11,F,BK,CC,D
09:47:26,ICBP,RG,8700,1,F,BK,LG,D
09:47:25,ICBP,RG,8700,4,F,BK,KK,D
09:47:06,ICBP,RG,8700,14,F,BK,BK,D
09:47:03,ICBP,RG,8700,1,F,BK,YP,D
09:47:02,ICBP,RG,8700,1,F,BK,CC,D
09:47:02,ICBP,RG,8700,2,D,YP,CC,D
09:47:02,ICBP,RG,8700,1,D,NI,CC,D
09:47:02,ICBP,RG,8700,2,D,YP,CC,D
09:47:02,ICBP,RG,8700,1,D,XC,CC,D
09:47:02,ICBP,RG,8700,2,D,AT,CC,D
09:47:02,ICBP,RG,8700,1,D,XC,CC,D
09:47:02,ICBP,RG,8700,5,D,YP,CC,D
09:47:02,ICBP,RG,8700,52,F,AK,CC,D
09:46:04,ICBP,RG,8700,3,F,AK,NI,D
09:45:52,ICBP,RG,8725,10,F,BK,ES,D
09:45:24,ICBP,RG,8725,7,F,ZP,ES,D
09:44:44,ICBP,RG,8725,46,F,ZP,ES,D
09:42:47,ICBP,RG,8700,1,F,AK,LG,D
09:41:46,ICBP,RG,8725,9,F,BK,ES,D
09:41:08,ICBP,RG,8700,50,F,AK,YU,D
09:40:41,ICBP,RG,8700,13,F,AK,PD,D
09:40:39,ICBP,RG,8725,5,D,PD,ES,D
09:39:00,ICBP,RG,8725,13,D,CC,ES,D
09:38:20,ICBP,RG,8725,1,D,PD,ES,D
09:38:09,ICBP,RG,8725,1,D,XC,ES,D
09:38:00,ICBP,RG,8725,19,D,CC,ES,D
09:37:49,ICBP,RG,8725,9,F,BK,ES,D
09:35:06,ICBP,RG,8700,5,F,AK,LS,D
09:34:58,ICBP,RG,8700,25,F,AK,CC,D
09:34:52,ICBP,RG,8725,1,D,XC,ES,D
09:33:38,ICBP,RG,8725,10,F,BK,ES,D
09:32:07,ICBP,RG,8700,1,F,AK,YP,D
09:32:00,ICBP,RG,8700,5,F,AK,XC,D
09:31:31,ICBP,RG,8700,15,F,AK,DH,D
09:30:32,ICBP,RG,8725,4,D,PD,ES,D
09:29:55,ICBP,RG,8725,1,D,PD,ES,D
09:29:50,ICBP,RG,8725,1,D,XC,ES,D
09:29:40,ICBP,RG,8725,1,D,CC,ES,D
09:28:56,ICBP,RG,8725,1,D,PD,ES,D
09:28:50,ICBP,RG,8725,2,D,XL,ES,D
09:27:56,ICBP,RG,8700,1,F,AK,GR,D
09:27:56,ICBP,RG,8700,1,F,AK,YP,D
09:26:40,ICBP,RG,8700,1,F,AK,PD,D
09:26:13,ICBP,RG,8700,4,F,AK,CC,D
09:25:22,ICBP,RG,8700,5,F,AK,YP,D
09:25:07,ICBP,RG,8700,2,F,AK,XC,D
09:24:44,ICBP,RG,8700,5,F,AK,PD,D
09:23:43,ICBP,RG,8700,20,F,AK,YP,D
09:22:42,ICBP,RG,8725,1,D,LG,ES,D
09:22:23,ICBP,RG,8725,2,D,PD,ES,D
09:21:45,ICBP,RG,8700,12,F,AK,BK,D
09:21:40,ICBP,RG,8700,28,F,AK,BK,D
09:21:36,ICBP,RG,8725,30,F,ZP,ES,D
09:21:36,ICBP,RG,8725,103,F,CS,ES,D
09:21:36,ICBP,RG,8725,1,D,PD,AK,F
09:21:36,ICBP,RG,8725,1,D,XC,AK,F
09:21:36,ICBP,RG,8725,83,F,ZP,AK,F
09:21:36,ICBP,RG,8725,13,F,ZP,OD,D
09:21:36,ICBP,RG,8725,1,D,PD,OD,D
09:21:36,ICBP,RG,8725,1,D,YP,OD,D
09:21:36,ICBP,RG,8725,93,F,CS,OD,D
09:21:36,ICBP,RG,8725,1,D,DH,OD,D
09:21:36,ICBP,RG,8725,1,D,YP,OD,D
09:21:36,ICBP,RG,8725,9,D,YP,OD,D
09:21:36,ICBP,RG,8725,15,D,CC,OD,D
09:21:36,ICBP,RG,8725,2,D,LG,OD,D
09:21:36,ICBP,RG,8725,93,F,CS,OD,D
09:21:36,ICBP,RG,8725,11,D,YP,OD,D
09:21:36,ICBP,RG,8725,40,D,RX,OD,D
09:21:36,ICBP,RG,8725,20,F,BK,OD,D
09:21:35,ICBP,RG,8725,12,F,BK,OD,D
09:21:35,ICBP,RG,8725,33,F,AK,OD,D
09:21:13,ICBP,RG,8725,13,F,AK,BK,D
09:21:10,ICBP,RG,8725,3,F,AK,SQ,D
09:21:02,ICBP,RG,8725,14,F,AK,BK,D
09:20:54,ICBP,RG,8725,11,F,AK,BK,D
09:20:51,ICBP,RG,8725,1,F,AK,YP,D
09:20:50,ICBP,RG,8725,25,F,AK,GR,D
09:20:48,ICBP,RG,8725,10,F,AK,BK,D
09:20:39,ICBP,RG,8725,14,F,AK,BK,D
09:20:34,ICBP,RG,8725,10,F,ZP,BK,D
09:20:27,ICBP,RG,8725,10,F,ZP,BK,D
09:20:18,ICBP,RG,8725,10,F,ZP,BK,D
09:20:13,ICBP,RG,8725,10,F,ZP,BK,D
09:20:08,ICBP,RG,8725,10,F,ZP,AK,F
09:20:08,ICBP,RG,8725,9,F,ZP,AK,F
09:20:08,ICBP,RG,8725,68,F,ZP,CC,D
09:20:07,ICBP,RG,8725,11,F,ZP,BK,D
09:20:01,ICBP,RG,8725,1,F,ZP,PD,D
09:19:57,ICBP,RG,8725,10,F,ZP,KK,D
09:19:39,ICBP,RG,8750,3,D,RX,LS,D
09:19:19,ICBP,RG,8725,50,F,ZP,BK,D
09:19:14,ICBP,RG,8725,21,F,ZP,BK,D
09:19:05,ICBP,RG,8750,1,D,XL,LS,D
09:18:45,ICBP,RG,8750,10,F,BK,LS,D
09:18:28,ICBP,RG,8725,1,F,ZP,BQ,D
09:17:58,ICBP,RG,8750,3,D,RX,LS,D
09:17:38,ICBP,RG,8750,2,D,SQ,LS,D
09:17:33,ICBP,RG,8750,50,D,OD,LS,D
09:16:46,ICBP,RG,8750,1,D,XC,LS,D
09:15:54,ICBP,RG,8750,2,D,NI,LS,D
09:15:47,ICBP,RG,8750,7,D,RX,LS,D
09:15:47,ICBP,RG,8750,9,D,RX,CC,D
09:15:43,ICBP,RG,8750,7,F,BK,CC,D
09:15:43,ICBP,RG,8750,2,F,BK,GR,D
09:15:43,ICBP,RG,8750,1,F,BK,YP,D
09:15:16,ICBP,RG,8725,1,F,AK,PD,D
09:15:16,ICBP,RG,8725,3,F,AK,KK,D
09:15:16,ICBP,RG,8725,10,F,AK,KK,D
09:15:16,ICBP,RG,8725,5,F,AK,GR,D
09:15:16,ICBP,RG,8725,1,F,AK,CC,D
09:15:16,ICBP,RG,8725,1,F,AK,CC,D
09:15:16,ICBP,RG,8725,2,F,AK,XL,D
09:15:16,ICBP,RG,8725,1,F,AK,CC,D
09:15:16,ICBP,RG,8725,87,F,AK,BK,D
09:15:16,ICBP,RG,8725,2,F,AK,PD,D
09:15:16,ICBP,RG,8725,13,F,AK,GR,D
09:15:16,ICBP,RG,8725,60,F,AK,BK,D
09:15:16,ICBP,RG,8725,203,F,AK,OD,D
09:14:42,ICBP,RG,8700,4,F,AK,PD,D
09:14:11,ICBP,RG,8700,11,F,AK,BK,D
09:14:07,ICBP,RG,8700,21,F,AK,BK,D
09:14:06,ICBP,RG,8725,3,D,RX,OD,D
09:14:04,ICBP,RG,8725,57,D,YP,OD,D
09:14:04,ICBP,RG,8700,1,F,AK,PD,D
09:13:44,ICBP,RG,8725,1,D,RX,OD,D
09:13:42,ICBP,RG,8725,10,D,YP,OD,D
09:12:41,ICBP,RG,8725,11,F,BK,OD,D
09:12:33,ICBP,RG,8700,2,F,AK,PD,D
09:12:30,ICBP,RG,8725,1,D,RX,OD,D
09:12:26,ICBP,RG,8725,6,D,NI,OD,D
09:12:24,ICBP,RG,8725,1,D,CC,OD,D
09:12:14,ICBP,RG,8725,1,D,YP,OD,D
09:11:28,ICBP,RG,8700,1,F,AK,HP,D
09:11:20,ICBP,RG,8725,1,D,RX,OD,D
09:11:18,ICBP,RG,8725,1,D,PD,OD,D
09:11:17,ICBP,RG,8725,4,D,YP,OD,D
09:11:17,ICBP,RG,8725,6,D,YP,OD,D
09:10:41,ICBP,RG,8725,4,D,KK,OD,D
09:10:12,ICBP,RG,8725,10,F,BK,OD,D
09:10:03,ICBP,RG,8700,31,F,AK,OD,D
09:10:03,ICBP,RG,8700,5,D,RX,OD,D
09:10:03,ICBP,RG,8700,64,F,BK,OD,D
09:09:59,ICBP,RG,8700,2,F,BK,CC,D
09:09:39,ICBP,RG,8700,2,F,BK,YP,D
09:09:07,ICBP,RG,8700,4,F,BK,PD,D
09:08:24,ICBP,RG,8700,1,F,BK,SQ,D
09:08:19,ICBP,RG,8700,1,F,BK,XC,D
09:08:19,ICBP,RG,8700,1,F,AK,XC,D
09:07:55,ICBP,RG,8700,1,F,AK,PD,D
09:07:50,ICBP,RG,8725,1,D,RX,OD,D
09:07:48,ICBP,RG,8725,10,F,BK,OD,D
09:07:18,ICBP,RG,8700,5,F,AK,XL,D
09:07:06,ICBP,RG,8725,10,D,NI,OD,D
09:07:06,ICBP,RG,8725,1,D,CC,OD,D
09:06:36,ICBP,RG,8725,1,D,CC,OD,D
09:05:33,ICBP,RG,8725,2,D,XC,OD,D
09:05:33,ICBP,RG,8725,2,D,XC,PD,D
09:05:29,ICBP,RG,8725,1,D,CC,PD,D
09:05:19,ICBP,RG,8700,26,F,AK,AK,F
09:05:19,ICBP,RG,8700,5,D,RX,AK,F
09:05:15,ICBP,RG,8700,74,F,AK,BK,D
09:05:15,ICBP,RG,8700,2,F,AK,YP,D
09:05:12,ICBP,RG,8700,3,D,XC,YP,D
09:05:11,ICBP,RG,8700,5,D,YP,YP,D
09:05:10,ICBP,RG,8700,10,F,BK,YP,D
09:05:06,ICBP,RG,8700,1,D,RX,BK,D
09:05:05,ICBP,RG,8700,4,D,RX,BK,D
09:05:04,ICBP,RG,8700,17,F,BK,BK,D
09:05:03,ICBP,RG,8675,1,D,GR,KK,D
09:05:02,ICBP,RG,8700,50,F,BK,BK,D
09:05:02,ICBP,RG,8700,31,F,BK,LS,D
09:04:58,ICBP,RG,8700,29,F,ZP,LS,D
09:04:22,ICBP,RG,8700,1,F,AK,NI,D
09:04:22,ICBP,RG,8700,1,F,AK,XC,D
09:04:22,ICBP,RG,8700,61,F,AK,BK,D
09:04:22,ICBP,RG,8700,300,F,AK,OD,D
09:04:22,ICBP,RG,8700,24,F,AK,OD,D
09:03:39,ICBP,RG,8700,1,D,YP,OD,D
09:03:30,ICBP,RG,8700,1,D,XL,OD,D
09:03:29,ICBP,RG,8700,10,F,BK,OD,D
09:03:27,ICBP,RG,8700,9,F,AK,OD,D
09:03:27,ICBP,RG,8700,3,F,AK,OD,D
09:03:27,ICBP,RG,8700,1,F,AK,XC,D
09:03:27,ICBP,RG,8700,7,F,AK,BK,D
09:03:03,ICBP,RG,8700,29,F,AK,BK,D
09:02:32,ICBP,RG,8700,1,F,BK,BK,D
09:02:32,ICBP,RG,8700,9,F,BK,YP,D
09:02:29,ICBP,RG,8700,3,F,AK,YP,D
09:02:29,ICBP,RG,8700,3,F,AK,XL,D
09:02:29,ICBP,RG,8700,1,F,AK,DR,D
09:02:29,ICBP,RG,8700,25,F,AK,BK,D
09:02:03,ICBP,RG,8700,5,D,YP,BK,D
09:01:51,ICBP,RG,8700,16,F,AK,BK,D
09:01:51,ICBP,RG,8700,1,F,AK,XC,D
09:01:51,ICBP,RG,8700,8,F,AK,OD,D
09:01:30,ICBP,RG,8700,6,D,YP,OD,D
09:01:30,ICBP,RG,8700,7,D,CC,OD,D
09:01:26,ICBP,RG,8700,10,F,BK,OD,D
09:01:23,ICBP,RG,8700,24,F,AK,OD,D
09:01:10,ICBP,RG,8700,5,D,YP,OD,D
09:00:56,ICBP,RG,8675,5,D,GR,YP,D
09:00:48,ICBP,RG,8700,2,D,CC,OD,D
09:00:45,ICBP,RG,8700,5,D,YP,OD,D
09:00:11,ICBP,RG,8700,2,D,CC,OD,D
09:00:11,ICBP,RG,8700,7,F,BK,OD,D
09:00:09,ICBP,RG,8700,5,D,YP,OD,D
09:00:08,ICBP,RG,8700,3,D,PD,OD,D
09:00:07,ICBP,RG,8700,1,D,XC,OD,D
09:00:07,ICBP,RG,8700,1,D,XC,OD,D
09:00:07,ICBP,RG,8675,4,D,GR,XC,D
09:00:07,ICBP,RG,8675,1,D,SQ,XC,D
08:59:00,ICBP,RG,8700,2,F,BK,OD,D
08:59:00,ICBP,RG,8700,11,F,BK,OD,D
08:59:00,ICBP,RG,8700,4,F,BK,OD,D
08:59:00,ICBP,RG,8700,1,F,BK,OD,D
08:59:00,ICBP,RG,8700,5,F,BK,OD,D
08:59:00,ICBP,RG,8700,34,F,BK,OD,D
08:59:00,ICBP,RG,8700,5,D,PD,OD,D
08:59:00,ICBP,RG,8700,102,F,BK,OD,D
08:59:00,ICBP,RG,8700,5,D,CC,OD,D
08:59:00,ICBP,RG,8700,1,D,XL,OD,D
08:59:00,ICBP,RG,8700,29,D,XL,OD,D
08:59:00,ICBP,RG,8700,1,D,XL,OD,D
08:59:00,ICBP,RG,8700,14,D,YP,OD,D
08:59:00,ICBP,RG,8700,1,D,YP,OD,D
08:59:00,ICBP,RG,8700,1,D,XL,OD,D
08:59:00,ICBP,RG,8700,1,D,XC,OD,D
08:59:00,ICBP,RG,8700,42,D,OD,OD,D
08:59:00,ICBP,RG,8700,1,D,OD,XC,D
08:59:00,ICBP,RG,8700,2,D,OD,XL,D
08:59:00,ICBP,RG,8700,2,D,OD,XC,D
08:59:00,ICBP,RG,8700,2,D,OD,KK,D
08:59:00,ICBP,RG,8700,50,D,OD,CC,D
08:59:00,ICBP,RG,8700,7,D,OD,PD,D
08:59:00,ICBP,RG,8700,10,D,OD,CC,D
08:59:00,ICBP,RG,8700,1,D,OD,YP,D
08:59:00,ICBP,RG,8700,1,D,OD,PD,D
08:59:00,ICBP,RG,8700,13,D,OD,PD,D
08:59:00,ICBP,RG,8700,1,D,OD,PD,D
08:59:00,ICBP,RG,8700,1,D,OD,PD,D
08:59:00,ICBP,RG,8700,1,D,OD,XC,D
08:59:00,ICBP,RG,8700,4,D,OD,XC,D
08:59:00,ICBP,RG,8700,91,D,OD,YP,D
08:59:00,ICBP,RG,8700,25,D,DR,YP,D
08:59:00,ICBP,RG,8700,1,D,KK,YP,D
08:59:00,ICBP,RG,8700,5,D,KK,YP,D
08:59:00,ICBP,RG,8700,1,D,CC,YP,D
08:59:00,ICBP,RG,8700,1,D,YP,YP,D
08:59:00,ICBP,RG,8700,1,D,YP,YP,D
08:59:00,ICBP,RG,8700,2,D,CC,YP,D
08:59:00,ICBP,RG,8700,10,D,AZ,YP,D
08:59:00,ICBP,RG,8700,3,D,PD,YP,D
08:59:00,ICBP,RG,8700,1,D,PD,YP,D
08:59:00,ICBP,RG,8700,3,D,PD,YP,D
08:59:00,ICBP,RG,8700,2,D,CC,YP,D
08:59:00,ICBP,RG,8700,1,D,CC,YP,D
08:59:00,ICBP,RG,8700,1,D,PD,YP,D
08:59:00,ICBP,RG,8700,1,D,DH,YP,D
08:59:00,ICBP,RG,8700,1,D,NI,YP,D
08:59:00,ICBP,RG,8700,6,D,NI,BK,D
08:59:00,ICBP,RG,8700,2,D,NI,BK,D
08:59:00,ICBP,RG,8700,5,D,NI,BK,D
08:59:00,ICBP,RG,8700,3,D,XL,BK,D
08:59:00,ICBP,RG,8700,3,D,XL,BK,D
08:59:00,ICBP,RG,8700,1,D,XL,BK,D
08:59:00,ICBP,RG,8700,3,D,XL,BK,D
08:59:00,ICBP,RG,8700,1,D,XL,BK,D
08:59:00,ICBP,RG,8700,7,D,PD,BK,D
08:59:00,ICBP,RG,8700,2,D,PD,BK,D
08:59:00,ICBP,RG,8700,3,D,XL,BK,D
08:59:00,ICBP,RG,8700,40,F,ZP,BK,D
08:59:00,ICBP,RG,8700,43,F,ZP,BK,D
08:59:00,ICBP,RG,8700,10,F,ZP,BK,D
08:59:00,ICBP,RG,8700,1,F,ZP,DR,D
08:59:00,ICBP,RG,8700,4,F,BK,DR,D
