Time,Stock,Brd,Price,Qty,BT,BC,SC,ST
15:14:10,ICBP,RG,9600,1,D,YP,CC,D
15:13:10,ICBP,RG,9600,1,D,XC,IF,D
15:12:48,ICBP,RG,9600,230,F,KZ,IF,D
15:11:07,ICBP,RG,9600,1,D,IF,IF,D
15:10:31,ICBP,RG,9600,1,D,DH,IF,D
15:10:28,ICBP,RG,9600,1,D,YP,IF,D
15:10:28,ICBP,RG,9600,50,D,CC,IF,D
15:10:28,ICBP,RG,9600,216,F,KZ,IF,D
15:07:42,ICBP,RG,9600,5,F,KZ,YP,D
15:07:22,ICBP,RG,9600,5,F,KZ,YP,D
15:06:50,ICBP,RG,9600,2774,F,KZ,OD,D
15:05:42,ICBP,RG,9600,6,D,AZ,OD,D
15:05:39,ICBP,RG,9600,1,D,YP,OD,D
15:05:39,ICBP,RG,9600,297,F,KZ,OD,D
15:04:45,ICBP,RG,9600,20,F,KZ,CC,D
15:04:39,ICBP,RG,9600,1,F,KZ,PC,D
15:04:39,ICBP,RG,9600,6232,F,KZ,OD,D
15:04:12,ICBP,RG,9600,218,F,KZ,OD,D
15:04:12,ICBP,RG,9600,10,F,KZ,OD,D
15:04:12,ICBP,RG,9600,500,D,CD,OD,D
15:04:12,ICBP,RG,9600,250,D,CD,OD,D
15:04:12,ICBP,RG,9600,2790,F,KZ,OD,D
15:04:11,ICBP,RG,9600,1,F,KZ,CC,D
15:04:00,ICBP,RG,9600,1,F,KZ,CC,D
15:02:46,ICBP,RG,9600,1,F,KZ,XC,D
15:02:46,ICBP,RG,9600,30,F,KZ,CC,D
15:02:46,ICBP,RG,9600,1,F,KZ,XC,D
15:02:46,ICBP,RG,9600,1,F,KZ,YP,D
15:02:46,ICBP,RG,9600,1,F,KZ,XC,D
15:02:46,ICBP,RG,9600,9620,F,KZ,OD,D
15:01:39,ICBP,RG,9600,89,F,KZ,OD,D
15:01:34,ICBP,RG,9600,27,F,KZ,OD,D
15:01:34,ICBP,RG,9600,2,F,KZ,OD,D
15:01:34,ICBP,RG,9600,6,F,KZ,OD,D
15:01:34,ICBP,RG,9600,27,F,KZ,OD,D
15:01:34,ICBP,RG,9600,1,D,CC,OD,D
15:01:34,ICBP,RG,9600,1,F,KZ,OD,D
15:01:34,ICBP,RG,9600,1,D,XA,OD,D
15:01:34,ICBP,RG,9600,3,F,KZ,OD,D
15:01:34,ICBP,RG,9600,11,F,KZ,OD,D
15:01:34,ICBP,RG,9600,9,F,KZ,OD,D
15:01:34,ICBP,RG,9600,10,D,KK,OD,D
15:01:34,ICBP,RG,9600,1,F,KZ,OD,D
15:01:34,ICBP,RG,9600,22,F,KZ,OD,D
15:01:34,ICBP,RG,9600,16,F,KZ,OD,D
15:01:34,ICBP,RG,9600,154,F,KZ,OD,D
15:01:01,ICBP,RG,9600,3,F,KZ,YP,D
15:00:00,ICBP,RG,9600,15,F,KZ,YP,D
15:00:00,ICBP,RG,9600,1,F,KZ,KK,D
15:00:00,ICBP,RG,9600,8,F,KZ,YP,D
15:00:00,ICBP,RG,9600,10,F,KZ,YP,D
15:00:00,ICBP,RG,9600,1,F,KZ,CC,D
15:00:00,ICBP,RG,9600,5,F,KZ,YP,D
15:00:00,ICBP,RG,9600,20,F,KZ,YP,D
15:00:00,ICBP,RG,9600,2,F,KZ,KK,D
15:00:00,ICBP,RG,9600,23,F,KZ,KK,D
15:00:00,ICBP,RG,9600,1,F,KZ,KK,D
15:00:00,ICBP,RG,9600,23,F,KZ,YP,D
15:00:00,ICBP,RG,9600,10,F,KZ,XC,D
15:00:00,ICBP,RG,9600,2,F,KZ,SQ,D
15:00:00,ICBP,RG,9600,1,F,KZ,KK,D
15:00:00,ICBP,RG,9600,2,F,KZ,CC,F
15:00:00,ICBP,RG,9600,1,F,KZ,DR,D
15:00:00,ICBP,RG,9600,1,F,KZ,EP,D
15:00:00,ICBP,RG,9600,20,F,KZ,NI,D
15:00:00,ICBP,RG,9600,5,F,KZ,OD,D
15:00:00,ICBP,RG,9600,1,F,KZ,YP,D
15:00:00,ICBP,RG,9600,9,F,KZ,DR,D
15:00:00,ICBP,RG,9600,1,F,KZ,DR,D
15:00:00,ICBP,RG,9600,1,F,KZ,DR,D
15:00:00,ICBP,RG,9600,5,F,KZ,DR,D
15:00:00,ICBP,RG,9600,25,F,KZ,DR,D
15:00:00,ICBP,RG,9600,13,F,KZ,DR,D
15:00:00,ICBP,RG,9600,58,F,KZ,DR,D
15:00:00,ICBP,RG,9600,260,F,KZ,DR,D
15:00:00,ICBP,RG,9600,1,D,PD,DR,D
15:00:00,ICBP,RG,9600,854,F,YU,DR,D
15:00:00,ICBP,RG,9600,388,F,AK,DR,D
15:00:00,ICBP,RG,9600,6,D,AZ,DR,D
15:00:00,ICBP,RG,9600,57,D,CS,DR,D
15:00:00,ICBP,RG,9600,2,D,CS,CC,D
15:00:00,ICBP,RG,9600,1,D,CS,YP,D
15:00:00,ICBP,RG,9600,60,D,CS,TP,D
15:00:00,ICBP,RG,9600,165,F,CS,TP,D
15:00:00,ICBP,RG,9600,30,F,CS,OD,D
15:00:00,ICBP,RG,9600,1,F,CS,CC,D
15:00:00,ICBP,RG,9600,26,F,CS,YP,D
15:00:00,ICBP,RG,9600,100,F,CS,PD,D
15:00:00,ICBP,RG,9600,68,F,CS,OD,D
15:00:00,ICBP,RG,9600,432,F,ZP,OD,D
15:00:00,ICBP,RG,9600,1,F,ZP,XC,D
15:00:00,ICBP,RG,9600,5,F,ZP,PD,D
15:00:00,ICBP,RG,9600,20,F,ZP,YP,D
15:00:00,ICBP,RG,9600,1,F,ZP,CC,D
15:00:00,ICBP,RG,9600,5,F,ZP,DR,D
15:00:00,ICBP,RG,9600,69,F,ZP,AK,F
15:00:00,ICBP,RG,9600,1,F,ZP,AK,F
15:00:00,ICBP,RG,9600,20,F,ZP,AK,F
15:00:00,ICBP,RG,9600,128,F,ZP,AK,F
15:00:00,ICBP,RG,9600,128,F,CS,AK,F
15:00:00,ICBP,RG,9600,213,F,AK,AK,F
15:00:00,ICBP,RG,9600,1,F,AK,BK,F
15:00:00,ICBP,RG,9600,74,F,AK,BK,F
15:00:00,ICBP,RG,9600,45,F,AK,BK,F
15:00:00,ICBP,RG,9600,10,F,AK,ZP,F
15:00:00,ICBP,RG,9600,66,F,AK,OD,D
15:00:00,ICBP,RG,9600,17,F,AK,AK,F
15:00:00,ICBP,RG,9600,11,F,AK,AK,F
15:00:00,ICBP,RG,9600,1,F,AK,AK,F
15:00:00,ICBP,RG,9600,3,F,AK,AK,F
15:00:00,ICBP,RG,9600,23,D,NI,AK,F
15:00:00,ICBP,RG,9600,64,D,NI,AK,F
15:00:00,ICBP,RG,9600,9,D,NI,YU,D
15:00:00,ICBP,RG,9600,7,D,LG,YU,D
14:49:45,ICBP,RG,9575,4,F,KZ,AK,F
14:49:45,ICBP,RG,9575,1,F,KZ,AK,F
14:49:30,ICBP,RG,9575,1,F,KZ,AK,F
14:49:30,ICBP,RG,9575,1,F,KZ,AK,F
14:49:15,ICBP,RG,9575,3,F,KZ,AK,F
14:49:15,ICBP,RG,9575,1,F,KZ,AK,F
14:49:15,ICBP,RG,9575,1,F,KZ,AK,F
14:49:15,ICBP,RG,9600,1,F,KZ,DR,D
14:49:15,ICBP,RG,9600,1,F,AK,DR,D
14:49:03,ICBP,RG,9600,6,F,KZ,DR,D
14:49:02,ICBP,RG,9600,29,F,AK,DR,D
14:49:01,ICBP,RG,9575,1,F,KZ,AK,F
14:49:01,ICBP,RG,9575,7,F,KZ,BK,F
14:49:00,ICBP,RG,9600,5,F,ZP,DR,D
14:49:00,ICBP,RG,9600,3,F,ZP,DR,D
14:49:00,ICBP,RG,9600,1,F,KZ,DR,D
14:49:00,ICBP,RG,9600,9,F,AK,DR,D
14:49:00,ICBP,RG,9600,5,F,AK,DR,D
14:49:00,ICBP,RG,9600,3,F,AK,DR,D
14:49:00,ICBP,RG,9600,1,F,AK,DR,D
14:49:00,ICBP,RG,9600,1,F,AK,DR,D
14:49:00,ICBP,RG,9600,1,F,AK,DR,D
14:48:55,ICBP,RG,9575,1,F,KZ,ZP,F
14:48:54,ICBP,RG,9600,1,F,KZ,DR,D
14:48:52,ICBP,RG,9600,1,F,AK,DR,D
14:48:52,ICBP,RG,9600,2,F,KZ,DR,D
14:48:52,ICBP,RG,9600,7,F,ZP,DR,D
14:48:50,ICBP,RG,9600,2,F,ZP,DR,D
14:48:47,ICBP,RG,9600,7,F,KZ,DR,D
14:48:47,ICBP,RG,9600,25,F,AK,DR,D
14:48:45,ICBP,RG,9600,13,F,KZ,DR,D
14:48:45,ICBP,RG,9600,45,F,ZP,DR,D
14:48:43,ICBP,RG,9600,8,F,KZ,DR,D
14:48:42,ICBP,RG,9600,16,F,ZP,DR,D
14:48:42,ICBP,RG,9600,3,F,ZP,DR,D
14:48:42,ICBP,RG,9600,9,F,ZP,CC,D
14:48:41,ICBP,RG,9575,1,F,KZ,ZP,F
14:48:40,ICBP,RG,9600,1,F,KZ,CC,D
14:48:40,ICBP,RG,9600,2,F,ZP,CC,D
14:48:40,ICBP,RG,9600,1,F,ZP,CC,D
14:48:40,ICBP,RG,9600,5,F,ZP,PD,D
14:48:36,ICBP,RG,9600,1,F,ZP,PD,D
14:48:36,ICBP,RG,9600,8,F,ZP,PD,D
14:48:35,ICBP,RG,9575,2,F,KZ,PD,D
14:48:33,ICBP,RG,9600,1,F,KZ,PD,D
14:48:33,ICBP,RG,9575,1,F,KZ,AK,F
14:48:33,ICBP,RG,9600,9,F,ZP,PD,D
14:48:31,ICBP,RG,9575,2,F,KZ,AK,F
14:48:31,ICBP,RG,9600,2,F,KZ,PD,D
14:48:30,ICBP,RG,9600,8,F,ZP,PD,D
14:48:29,ICBP,RG,9600,2,F,KZ,PD,D
14:48:26,ICBP,RG,9600,3,F,KZ,PD,D
14:48:26,ICBP,RG,9575,2,F,KZ,AK,F
14:48:26,ICBP,RG,9600,11,F,ZP,PD,D
14:48:26,ICBP,RG,9600,1,F,ZP,XC,D
14:48:26,ICBP,RG,9600,1,F,ZP,LG,D
14:48:22,ICBP,RG,9575,4,F,KZ,AK,F
14:48:21,ICBP,RG,9575,8,F,KZ,XC,D
14:48:21,ICBP,RG,9600,21,F,ZP,AK,F
14:48:21,ICBP,RG,9575,1,F,KZ,ZP,F
14:48:20,ICBP,RG,9575,1,F,KZ,AK,F
14:48:20,ICBP,RG,9575,4,F,CS,AK,F
14:48:20,ICBP,RG,9600,29,F,ZP,AK,F
14:48:20,ICBP,RG,9600,7,F,KZ,AK,F
14:48:20,ICBP,RG,9575,2,F,CS,AK,F
14:48:20,ICBP,RG,9600,10,F,ZP,AK,F
14:48:18,ICBP,RG,9575,1,F,CS,AK,F
14:48:17,ICBP,RG,9575,9,F,CS,BK,F
14:48:15,ICBP,RG,9575,3,F,CS,AK,F
14:48:13,ICBP,RG,9600,22,F,KZ,AK,F
14:48:13,ICBP,RG,9575,1,F,CS,AK,F
14:48:13,ICBP,RG,9600,10,F,ZP,AK,F
14:48:05,ICBP,RG,9575,4,F,CS,AK,F
14:48:05,ICBP,RG,9575,11,F,ZP,AK,F
14:48:05,ICBP,RG,9600,79,F,KZ,AK,F
14:48:05,ICBP,RG,9600,1,F,KZ,AK,F
14:48:05,ICBP,RG,9600,1,F,KZ,AK,F
14:48:05,ICBP,RG,9600,2,F,KZ,AK,F
14:48:05,ICBP,RG,9600,21,F,KZ,AK,F
14:47:55,ICBP,RG,9575,1,F,ZP,DR,D
14:47:55,ICBP,RG,9575,1,F,ZP,DR,D
14:47:55,ICBP,RG,9575,1,F,ZP,DR,D
14:47:55,ICBP,RG,9575,1,F,ZP,AK,F
14:47:55,ICBP,RG,9575,9,F,ZP,DR,D
14:47:54,ICBP,RG,9575,4,F,ZP,AK,F
14:47:52,ICBP,RG,9600,5,F,CS,AK,F
14:47:52,ICBP,RG,9600,13,F,CS,AK,F
14:47:52,ICBP,RG,9600,10,F,CS,AK,F
14:47:52,ICBP,RG,9575,6,F,ZP,AK,F
14:47:52,ICBP,RG,9600,45,F,AK,AK,F
14:47:41,ICBP,RG,9575,1,F,ZP,AK,F
14:47:41,ICBP,RG,9575,5,F,ZP,DR,D
14:47:39,ICBP,RG,9575,1,F,ZP,AK,F
14:47:39,ICBP,RG,9575,5,F,ZP,DR,D
14:47:22,ICBP,RG,9575,1,F,ZP,AK,F
14:47:21,ICBP,RG,9575,1,F,ZP,DR,D
14:47:21,ICBP,RG,9575,1,F,ZP,DR,D
14:47:21,ICBP,RG,9575,9,F,ZP,DR,D
14:47:21,ICBP,RG,9575,1,F,ZP,DR,D
14:47:02,ICBP,RG,9600,5,D,PD,AK,F
14:46:45,ICBP,RG,9600,5,F,AK,AK,F
14:46:40,ICBP,RG,9600,3,D,XC,AK,F
14:46:35,ICBP,RG,9600,280,D,PD,AK,F
14:46:19,ICBP,RG,9600,6,F,KZ,AK,F
14:46:17,ICBP,RG,9600,68,F,KZ,AK,F
14:46:17,ICBP,RG,9600,3,F,KZ,XC,D
14:46:17,ICBP,RG,9600,1,F,KZ,BK,F
14:46:17,ICBP,RG,9600,25,F,KZ,YP,D
14:46:17,ICBP,RG,9600,1,F,KZ,PD,D
14:46:17,ICBP,RG,9600,13,F,KZ,DR,D
14:46:17,ICBP,RG,9600,7,F,KZ,DR,D
14:46:17,ICBP,RG,9600,68,F,KZ,DR,D
14:46:15,ICBP,RG,9600,61,F,AK,DR,D
14:46:15,ICBP,RG,9600,1,F,AK,DR,D
14:46:15,ICBP,RG,9600,9,F,AK,DR,D
14:46:15,ICBP,RG,9600,3,F,AK,CC,F
14:46:15,ICBP,RG,9600,6,F,AK,NI,D
14:46:15,ICBP,RG,9600,9,F,AK,AK,F
14:46:15,ICBP,RG,9600,11,F,AK,ZP,F
14:46:15,ICBP,RG,9600,1,F,AK,PD,D
14:46:15,ICBP,RG,9600,2,F,AK,AK,F
14:46:15,ICBP,RG,9600,1,F,AK,KK,D
14:46:15,ICBP,RG,9600,1,F,AK,BK,F
14:46:15,ICBP,RG,9600,10,F,AK,PD,D
14:46:15,ICBP,RG,9600,1,F,AK,YP,D
14:46:15,ICBP,RG,9600,413,F,AK,AK,F
14:46:15,ICBP,RG,9600,10,F,AK,LG,D
14:46:15,ICBP,RG,9600,7,F,AK,AK,F
14:46:15,ICBP,RG,9600,2,F,AK,AK,F
14:46:15,ICBP,RG,9600,11,F,AK,AK,F
14:46:15,ICBP,RG,9600,3,F,AK,AK,F
14:46:15,ICBP,RG,9600,10,F,AK,BK,F
14:46:15,ICBP,RG,9600,7,F,AK,YP,D
14:46:15,ICBP,RG,9575,1,D,PD,AK,F
14:46:15,ICBP,RG,9600,1,F,AK,YP,D
14:46:13,ICBP,RG,9575,3,D,PD,ZP,F
14:46:04,ICBP,RG,9575,3,D,PD,AK,F
14:46:04,ICBP,RG,9575,13,D,PD,YP,D
14:46:04,ICBP,RG,9575,6,F,AK,YP,D
14:46:00,ICBP,RG,9575,4,F,AK,AK,F
14:45:58,ICBP,RG,9575,11,F,AK,AK,F
14:45:58,ICBP,RG,9600,78,F,AK,YP,D
14:45:58,ICBP,RG,9575,1,F,AK,AK,F
14:45:58,ICBP,RG,9575,1,D,PD,AK,F
14:45:58,ICBP,RG,9575,10,F,CS,BK,F
14:45:45,ICBP,RG,9575,2,F,CS,AK,F
14:45:45,ICBP,RG,9575,18,F,CS,AK,F
14:45:34,ICBP,RG,9575,1,F,CS,PD,D
14:45:30,ICBP,RG,9575,2,F,CS,AK,F
14:45:30,ICBP,RG,9575,1,F,CS,AK,F
14:45:30,ICBP,RG,9575,6,F,KZ,AK,F
14:45:30,ICBP,RG,9600,14,F,AK,YP,D
14:45:23,ICBP,RG,9600,4,F,ZP,YP,D
14:45:14,ICBP,RG,9575,5,F,KZ,EP,D
14:45:04,ICBP,RG,9575,5,F,KZ,XC,D
14:45:00,ICBP,RG,9575,8,F,KZ,AK,F
14:44:57,ICBP,RG,9575,1,F,KZ,DR,D
14:44:51,ICBP,RG,9575,3,F,KZ,BK,F
14:44:51,ICBP,RG,9575,6,F,ZP,BK,F
14:44:49,ICBP,RG,9575,2,F,ZP,DR,D
14:44:46,ICBP,RG,9575,1,F,ZP,PD,D
14:44:45,ICBP,RG,9575,2,F,ZP,AK,F
14:44:45,ICBP,RG,9575,5,F,ZP,AK,F
14:44:45,ICBP,RG,9600,24,F,AK,YP,D
14:44:43,ICBP,RG,9575,2,F,ZP,DR,D
14:44:42,ICBP,RG,9575,2,F,ZP,DR,D
14:44:36,ICBP,RG,9575,9,F,ZP,ZP,F
14:44:32,ICBP,RG,9575,9,F,ZP,AK,F
14:44:32,ICBP,RG,9575,52,F,ZP,DR,D
14:44:32,ICBP,RG,9575,1,F,KZ,DR,D
14:44:23,ICBP,RG,9575,2,F,AK,NI,D
14:44:15,ICBP,RG,9575,9,F,KZ,AK,F
14:43:49,ICBP,RG,9575,1,F,KZ,AK,F
14:43:49,ICBP,RG,9575,9,F,KZ,BK,F
14:42:45,ICBP,RG,9575,2,F,KZ,AK,F
14:42:45,ICBP,RG,9575,14,F,KZ,AK,F
14:42:43,ICBP,RG,9575,6,F,KZ,AK,F
14:42:43,ICBP,RG,9600,38,F,ZP,YP,D
14:42:41,ICBP,RG,9575,1,F,KZ,CC,D
14:42:37,ICBP,RG,9575,9,F,KZ,AK,F
14:42:36,ICBP,RG,9575,53,F,KZ,ZP,D
14:42:32,ICBP,RG,9575,10,F,KZ,DR,D
14:42:31,ICBP,RG,9575,6,F,KZ,DR,D
14:42:31,ICBP,RG,9575,1,F,KZ,CC,D
14:42:31,ICBP,RG,9575,2,F,KZ,AK,F
14:42:31,ICBP,RG,9575,3,F,KZ,BK,F
14:42:31,ICBP,RG,9575,7,F,CS,BK,F
14:42:30,ICBP,RG,9575,2,F,CS,DR,D
14:42:30,ICBP,RG,9575,11,F,CS,AK,F
14:42:30,ICBP,RG,9575,3,D,PD,AK,F
14:42:30,ICBP,RG,9575,98,D,PD,DR,D
14:42:30,ICBP,RG,9600,4,F,AK,YP,D
14:42:30,ICBP,RG,9575,1,D,PD,AK,F
14:42:30,ICBP,RG,9575,8,D,PD,DR,D
14:42:13,ICBP,RG,9575,64,D,PD,AK,F
14:42:12,ICBP,RG,9600,459,D,PD,YP,D
14:42:06,ICBP,RG,9575,48,D,PD,AK,F
14:42:06,ICBP,RG,9600,348,D,PD,YP,D
14:41:31,ICBP,RG,9575,5,D,PD,AK,F
14:41:31,ICBP,RG,9600,36,F,ZP,YP,D
14:41:26,ICBP,RG,9575,1,D,PD,AK,F
14:41:26,ICBP,RG,9575,9,D,PD,BK,F
14:41:15,ICBP,RG,9600,2,F,AK,YP,D
14:41:00,ICBP,RG,9575,2,D,PD,AK,F
14:41:00,ICBP,RG,9575,11,D,PD,AK,F
14:41:00,ICBP,RG,9575,2,D,PD,ZP,F
14:40:58,ICBP,RG,9575,1,D,PD,AK,F
14:40:58,ICBP,RG,9575,4,D,PD,ZP,F
14:40:58,ICBP,RG,9575,4,D,PD,DR,D
14:40:30,ICBP,RG,9575,1,D,PD,AK,F
14:40:29,ICBP,RG,9575,8,D,PD,BK,F
14:40:28,ICBP,RG,9575,1,D,PD,AK,F
14:40:28,ICBP,RG,9600,7,F,ZP,YP,D
14:40:18,ICBP,RG,9575,5,D,PD,AK,F
14:40:18,ICBP,RG,9600,36,F,ZP,YP,D
14:40:16,ICBP,RG,9575,9,D,PD,AK,F
14:40:14,ICBP,RG,9600,60,F,CS,YP,D
14:39:59,ICBP,RG,9575,7,D,PD,CC,D
14:39:27,ICBP,RG,9575,8,D,PD,BK,F
14:39:24,ICBP,RG,9575,1,D,PD,CC,D
14:39:17,ICBP,RG,9575,2,D,PD,AK,F
14:39:17,ICBP,RG,9600,9,D,CC,YP,D
14:39:04,ICBP,RG,9575,1,D,PD,CC,D
14:38:57,ICBP,RG,9575,33,D,PD,AK,F
14:38:57,ICBP,RG,9600,248,D,CD,YP,D
14:38:48,ICBP,RG,9575,11,D,PD,ZP,F
14:38:45,ICBP,RG,9575,1,D,PD,AK,F
14:38:45,ICBP,RG,9575,6,D,PD,AK,F
14:38:45,ICBP,RG,9575,27,D,PD,AK,F
14:38:23,ICBP,RG,9575,1,D,PD,XC,D
14:38:23,ICBP,RG,9575,5,D,PD,BK,F
14:38:23,ICBP,RG,9575,1,D,YP,BK,F
14:38:23,ICBP,RG,9575,1,D,CC,BK,F
14:38:23,ICBP,RG,9575,1,D,YP,BK,F
14:38:23,ICBP,RG,9575,1,F,KZ,BK,F
14:37:49,ICBP,RG,9575,10,F,KZ,SQ,D
14:37:47,ICBP,RG,9575,1,F,KZ,AK,F
14:37:47,ICBP,RG,9575,11,F,ZP,AK,F
14:37:47,ICBP,RG,9575,25,F,ZP,DR,D
14:37:47,ICBP,RG,9575,1,F,KZ,DR,D
14:37:47,ICBP,RG,9575,3,F,AK,DR,D
14:37:47,ICBP,RG,9575,48,F,KZ,DR,D
14:37:40,ICBP,RG,9575,4,F,KZ,DR,D
14:37:33,ICBP,RG,9575,6,F,KZ,DR,D
14:37:27,ICBP,RG,9575,4,F,KZ,DR,D
14:37:26,ICBP,RG,9575,5,F,KZ,AK,F
14:37:26,ICBP,RG,9575,1,F,AK,AK,F
14:37:26,ICBP,RG,9575,22,F,AK,CC,D
14:37:26,ICBP,RG,9575,18,F,ZP,CC,D
14:37:24,ICBP,RG,9575,1,F,ZP,DR,D
14:37:23,ICBP,RG,9575,3,F,ZP,AK,F
14:37:22,ICBP,RG,9575,3,F,ZP,BK,F
14:37:22,ICBP,RG,9575,5,F,CS,BK,F
14:36:32,ICBP,RG,9575,3,F,CS,PD,D
14:36:14,ICBP,RG,9575,7,F,CS,BK,F
14:36:14,ICBP,RG,9575,2,F,CS,BK,F
14:36:09,ICBP,RG,9575,1,F,CS,KK,D
14:35:11,ICBP,RG,9575,5,F,CS,BK,F
14:35:11,ICBP,RG,9575,3,F,CS,BK,F
14:35:05,ICBP,RG,9575,4,F,CS,DR,D
14:35:05,ICBP,RG,9575,4,F,AK,DR,D
14:35:04,ICBP,RG,9575,5,F,AK,DR,D
14:35:03,ICBP,RG,9575,2,F,AK,AK,F
14:35:03,ICBP,RG,9575,15,F,AK,AK,F
14:35:03,ICBP,RG,9575,104,F,AK,DR,D
14:35:03,ICBP,RG,9575,1,F,AK,DR,D
14:35:03,ICBP,RG,9575,6,F,AK,DR,D
14:34:54,ICBP,RG,9575,1,F,AK,AK,F
14:34:54,ICBP,RG,9575,1,F,KZ,AK,F
14:34:54,ICBP,RG,9575,5,D,NI,AK,F
14:34:54,ICBP,RG,9575,7,F,KZ,AK,F
14:34:54,ICBP,RG,9575,4,F,ZP,AK,F
14:34:54,ICBP,RG,9575,3,F,ZP,AK,F
14:34:54,ICBP,RG,9575,15,F,ZP,AK,F
14:34:54,ICBP,RG,9575,1,F,KZ,AK,F
14:34:53,ICBP,RG,9575,35,F,KZ,CC,D
14:34:53,ICBP,RG,9575,1,F,AK,CC,D
14:34:53,ICBP,RG,9575,84,F,KZ,CC,D
14:34:34,ICBP,RG,9575,6,F,KZ,ZP,F
14:34:05,ICBP,RG,9575,1,F,KZ,AK,F
14:34:05,ICBP,RG,9575,8,F,KZ,BK,F
14:34:00,ICBP,RG,9575,4,F,KZ,AK,F
14:34:00,ICBP,RG,9600,25,F,AK,YP,D
14:33:55,ICBP,RG,9575,6,F,KZ,AK,F
14:33:55,ICBP,RG,9600,50,D,YP,YP,D
14:33:15,ICBP,RG,9575,2,F,KZ,AK,F
14:33:15,ICBP,RG,9575,10,F,KZ,AK,F
14:32:47,ICBP,RG,9575,1,F,KZ,AK,F
14:32:47,ICBP,RG,9575,10,F,KZ,BK,F
14:32:39,ICBP,RG,9575,1,F,KZ,AK,F
14:32:39,ICBP,RG,9575,7,F,KZ,ZP,F
14:32:39,ICBP,RG,9575,1,F,CS,ZP,F
14:32:30,ICBP,RG,9600,3,F,AK,YP,D
14:32:15,ICBP,RG,9600,9,F,AK,YP,D
14:32:15,ICBP,RG,9600,1,F,AK,NI,D
14:32:15,ICBP,RG,9600,10,F,AK,CC,D
14:32:15,ICBP,RG,9600,2,F,AK,KK,D
14:32:15,ICBP,RG,9600,1,F,AK,YP,D
14:32:15,ICBP,RG,9600,4,F,AK,XL,D
14:31:01,ICBP,RG,9575,2,F,CS,HP,D
14:31:01,ICBP,RG,9575,1,F,CS,HP,D
14:31:00,ICBP,RG,9600,6,F,AK,XL,D
14:31:00,ICBP,RG,9600,6,F,AK,DH,D
14:31:00,ICBP,RG,9600,1,F,AK,XC,D
14:31:00,ICBP,RG,9600,2,F,AK,SQ,D
14:31:00,ICBP,RG,9600,6,F,AK,AK,F
14:30:56,ICBP,RG,9600,1,D,CC,AK,F
14:30:01,ICBP,RG,9600,5,D,EP,AK,F
14:30:01,ICBP,RG,9600,1,D,EP,AK,F
14:30:01,ICBP,RG,9600,1,D,EP,PD,D
14:30:01,ICBP,RG,9600,1,D,EP,PD,D
14:30:01,ICBP,RG,9600,2,D,EP,PD,D
14:30:01,ICBP,RG,9600,1,D,EP,PD,D
14:30:01,ICBP,RG,9600,5,D,EP,YP,D
14:30:01,ICBP,RG,9600,5,D,EP,YU,D
14:30:01,ICBP,RG,9600,30,D,EP,ZP,D
14:30:01,ICBP,RG,9600,2,D,EP,AT,D
14:30:01,ICBP,RG,9600,7,D,EP,CC,D
14:30:01,ICBP,RG,9600,5,D,EP,KK,D
14:30:01,ICBP,RG,9600,5,D,EP,BK,F
14:30:01,ICBP,RG,9600,1,D,EP,CC,D
14:30:01,ICBP,RG,9600,100,D,EP,SQ,D
14:30:01,ICBP,RG,9600,2,D,EP,PD,D
14:29:33,ICBP,RG,9600,2,F,AK,PD,D
14:29:11,ICBP,RG,9575,10,F,CS,SQ,D
14:28:32,ICBP,RG,9575,2,F,CS,SQ,D
14:28:22,ICBP,RG,9575,1,F,AK,ZP,F
14:27:45,ICBP,RG,9600,6,F,AK,PD,D
14:27:45,ICBP,RG,9600,25,F,AK,CC,D
14:27:45,ICBP,RG,9600,5,F,AK,DR,D
14:26:29,ICBP,RG,9575,15,F,AK,GR,D
14:26:18,ICBP,RG,9600,2,F,AK,DR,D
14:25:41,ICBP,RG,9550,13,D,PD,XL,D
14:25:34,ICBP,RG,9575,4,F,AK,AK,F
14:25:34,ICBP,RG,9575,11,F,AK,AK,F
14:25:34,ICBP,RG,9575,9,F,AK,AK,F
14:25:34,ICBP,RG,9575,38,D,CD,AK,F
14:25:34,ICBP,RG,9575,2,D,CD,AK,F
14:25:34,ICBP,RG,9575,7,D,CD,ZP,F
14:25:34,ICBP,RG,9575,58,D,CD,AK,F
14:25:34,ICBP,RG,9575,13,D,CD,BK,F
14:25:34,ICBP,RG,9575,10,D,CD,DR,D
14:25:34,ICBP,RG,9575,6,D,CD,DR,D
14:25:34,ICBP,RG,9575,113,D,CD,DR,D
14:25:26,ICBP,RG,9575,9,F,ZP,DR,D
14:25:26,ICBP,RG,9575,9,F,ZP,DR,D
14:25:26,ICBP,RG,9575,1,F,ZP,DR,D
14:25:26,ICBP,RG,9575,3,F,ZP,AK,F
14:25:26,ICBP,RG,9575,2,F,ZP,AK,F
14:25:26,ICBP,RG,9575,5,F,ZP,ZP,F
14:24:36,ICBP,RG,9575,6,F,CS,AK,F
14:24:36,ICBP,RG,9575,8,F,CS,AK,F
14:24:36,ICBP,RG,9575,10,F,ZP,AK,F
14:24:27,ICBP,RG,9575,5,F,ZP,YP,D
14:24:07,ICBP,RG,9575,7,F,ZP,AK,F
14:23:46,ICBP,RG,9575,1,F,ZP,HP,D
14:23:46,ICBP,RG,9575,2,F,CS,HP,D
14:23:29,ICBP,RG,9575,1,F,CS,XC,D
14:23:29,ICBP,RG,9575,3,F,CS,XC,D
14:23:29,ICBP,RG,9575,21,F,ZP,XC,D
14:23:06,ICBP,RG,9575,6,F,ZP,AK,F
14:23:06,ICBP,RG,9575,37,F,ZP,AK,F
14:23:06,ICBP,RG,9575,12,F,AK,AK,F
14:23:06,ICBP,RG,9575,21,F,CS,AK,F
14:23:06,ICBP,RG,9575,12,D,PD,AK,F
14:23:06,ICBP,RG,9575,5,D,PD,XL,D
14:23:06,ICBP,RG,9575,9,D,PD,BK,F
14:23:06,ICBP,RG,9575,17,D,PD,BK,F
14:23:06,ICBP,RG,9575,1,D,PD,BK,F
14:23:06,ICBP,RG,9575,120,D,PD,DR,D
14:23:06,ICBP,RG,9575,9,D,PD,DR,D
14:23:06,ICBP,RG,9575,8,D,PD,DR,D
14:23:06,ICBP,RG,9575,3,D,PD,AK,F
14:23:06,ICBP,RG,9575,6,D,PD,DR,D
14:23:06,ICBP,RG,9575,5,D,PD,ZP,F
14:23:06,ICBP,RG,9575,193,D,PD,AK,F
14:23:03,ICBP,RG,9575,2,F,AK,AK,F
14:22:19,ICBP,RG,9550,3,D,PD,DR,D
14:22:19,ICBP,RG,9550,2,D,PD,ZP,F
14:22:18,ICBP,RG,9550,6,D,PD,ZP,F
14:22:16,ICBP,RG,9550,2,D,PD,DR,D
14:22:15,ICBP,RG,9550,5,D,PD,YP,D
14:22:14,ICBP,RG,9550,14,D,PD,AK,F
14:22:14,ICBP,RG,9575,1,D,DX,AK,F
14:22:03,ICBP,RG,9550,4,D,PD,DR,D
14:22:02,ICBP,RG,9550,9,D,PD,DR,D
14:22:02,ICBP,RG,9550,3,F,KZ,DR,D
14:22:02,ICBP,RG,9550,44,F,KZ,DR,D
14:21:59,ICBP,RG,9550,1,F,KZ,DR,D
14:21:22,ICBP,RG,9550,25,F,KZ,GR,D
14:20:33,ICBP,RG,9550,2,F,KZ,NI,D
14:20:33,ICBP,RG,9550,3,F,ZP,NI,D
14:20:21,ICBP,RG,9550,1,F,ZP,ZP,F
14:20:21,ICBP,RG,9550,7,D,PD,ZP,F
14:19:30,ICBP,RG,9550,4,D,PD,DR,D
14:19:28,ICBP,RG,9550,4,D,PD,DR,D
14:19:28,ICBP,RG,9575,4,F,AK,AK,F
14:19:28,ICBP,RG,9575,2,F,AK,DR,D
14:19:28,ICBP,RG,9575,2,F,AK,DR,D
14:19:28,ICBP,RG,9575,1,F,CS,DR,D
14:19:27,ICBP,RG,9575,1,D,XC,DR,D
14:19:27,ICBP,RG,9575,15,D,PD,DR,D
14:19:27,ICBP,RG,9575,32,F,ZP,DR,D
14:19:27,ICBP,RG,9575,1,F,CS,DR,D
14:19:27,ICBP,RG,9575,4,F,CS,DR,D
14:19:27,ICBP,RG,9575,3,F,CS,DR,D
14:19:26,ICBP,RG,9575,1,F,ZP,DR,D
14:19:21,ICBP,RG,9575,2,F,ZP,PD,D
14:18:59,ICBP,RG,9575,1,F,ZP,PD,D
14:18:07,ICBP,RG,9575,1,F,ZP,PD,D
14:17:58,ICBP,RG,9575,1,F,ZP,ZP,F
14:17:48,ICBP,RG,9600,1,F,AK,DR,D
14:17:35,ICBP,RG,9575,2,F,ZP,YP,D
14:17:30,ICBP,RG,9575,1,F,ZP,AK,F
14:17:30,ICBP,RG,9575,5,F,ZP,YB,D
14:17:17,ICBP,RG,9575,5,F,ZP,ZP,D
14:16:46,ICBP,RG,9575,1,F,ZP,CC,D
14:16:46,ICBP,RG,9575,1,F,BK,CC,D
14:16:43,ICBP,RG,9575,1,F,BK,YP,D
14:16:07,ICBP,RG,9575,2,F,BK,ZP,F
14:15:37,ICBP,RG,9600,121,D,PD,DR,D
14:15:37,ICBP,RG,9600,1,D,PD,GR,D
14:15:37,ICBP,RG,9600,1,D,PD,PD,D
14:15:37,ICBP,RG,9600,4,D,PD,YP,D
14:15:37,ICBP,RG,9600,5,D,PD,AK,F
14:15:37,ICBP,RG,9600,1,D,PD,AK,F
14:15:37,ICBP,RG,9600,3,D,PD,BK,F
14:15:37,ICBP,RG,9600,3,D,PD,YP,D
14:15:37,ICBP,RG,9600,2,D,PD,AK,F
14:15:37,ICBP,RG,9600,7,D,PD,AK,F
14:15:37,ICBP,RG,9600,9,D,PD,BK,F
14:15:37,ICBP,RG,9600,1,D,PD,CC,D
14:15:37,ICBP,RG,9600,4,D,PD,XC,D
14:15:37,ICBP,RG,9600,1,D,PD,XC,D
14:15:37,ICBP,RG,9600,5,D,PD,XC,D
14:15:37,ICBP,RG,9600,1,D,PD,YP,D
14:15:37,ICBP,RG,9600,3,D,PD,XC,D
14:15:37,ICBP,RG,9600,1,D,PD,YP,D
14:15:37,ICBP,RG,9600,3,D,PD,YP,D
14:15:37,ICBP,RG,9600,1,D,PD,YP,D
14:15:37,ICBP,RG,9600,1,D,PD,PD,D
14:15:37,ICBP,RG,9600,80,D,PD,DR,D
14:15:30,ICBP,RG,9600,1,F,AK,DR,D
14:15:19,ICBP,RG,9575,7,F,BK,CC,D
14:15:17,ICBP,RG,9575,9,F,BK,DR,D
14:15:17,ICBP,RG,9575,7,F,CS,DR,D
14:15:17,ICBP,RG,9575,3,F,CS,DR,D
14:15:04,ICBP,RG,9600,75,F,AK,DR,D
14:14:19,ICBP,RG,9575,4,F,CS,CC,D
14:14:19,ICBP,RG,9575,3,F,CS,CC,D
14:14:19,ICBP,RG,9575,18,F,AK,CC,D
14:14:12,ICBP,RG,9575,3,F,AK,ZP,F
14:14:09,ICBP,RG,9575,6,F,AK,DR,D
14:13:42,ICBP,RG,9575,5,F,AK,PD,D
14:13:35,ICBP,RG,9575,5,F,AK,DR,D
14:13:15,ICBP,RG,9600,1,F,AK,DR,D
14:13:01,ICBP,RG,9575,88,F,AK,DR,D
14:13:01,ICBP,RG,9575,10,F,AK,AZ,D
14:12:58,ICBP,RG,9575,1,F,AK,CC,D
14:12:58,ICBP,RG,9575,5,F,ZP,CC,D
14:12:58,ICBP,RG,9575,7,F,CS,CC,D
14:12:58,ICBP,RG,9575,7,F,CS,CC,D
14:12:31,ICBP,RG,9575,2,F,CS,SQ,D
14:11:45,ICBP,RG,9600,1,F,AK,DR,D
14:11:25,ICBP,RG,9575,1,F,CS,NI,D
14:11:20,ICBP,RG,9575,3,F,AK,AK,F
14:11:20,ICBP,RG,9575,2,F,AK,PD,D
14:11:20,ICBP,RG,9575,1,F,AK,DR,D
14:11:20,ICBP,RG,9575,9,F,AK,BK,F
14:11:20,ICBP,RG,9575,5,F,AK,CC,F
14:11:20,ICBP,RG,9575,8,F,AK,AK,F
14:11:20,ICBP,RG,9575,64,F,AK,AK,F
14:11:20,ICBP,RG,9575,5,F,AK,DR,D
14:11:20,ICBP,RG,9575,5,F,AK,DR,D
14:11:20,ICBP,RG,9575,51,F,AK,DR,D
14:11:20,ICBP,RG,9575,18,F,AK,DR,D
14:11:20,ICBP,RG,9575,5,F,AK,DR,D
14:11:20,ICBP,RG,9575,2,F,AK,DR,D
14:11:20,ICBP,RG,9575,2,F,AK,DR,D
14:11:20,ICBP,RG,9575,1,F,AK,NI,D
14:11:20,ICBP,RG,9575,3,F,AK,AI,D
14:11:20,ICBP,RG,9575,2,F,AK,EP,D
14:11:20,ICBP,RG,9575,20,F,AK,YP,D
14:11:20,ICBP,RG,9575,1,F,AK,CC,D
14:11:20,ICBP,RG,9575,5,F,AK,GR,D
14:11:20,ICBP,RG,9575,1,F,AK,AK,F
14:11:20,ICBP,RG,9550,27,D,PD,AK,F
14:11:20,ICBP,RG,9575,10,F,ZP,AK,F
14:11:20,ICBP,RG,9575,1,F,ZP,AK,F
14:11:20,ICBP,RG,9575,1,F,ZP,CC,D
14:11:20,ICBP,RG,9575,1,F,ZP,GR,D
14:11:20,ICBP,RG,9575,10,F,ZP,YP,D
14:11:20,ICBP,RG,9575,4,F,ZP,KK,D
14:11:20,ICBP,RG,9575,6,F,AK,KK,D
14:11:20,ICBP,RG,9575,7,F,AK,ZP,F
14:11:20,ICBP,RG,9575,10,F,AK,YP,D
14:11:20,ICBP,RG,9575,1,F,AK,LG,D
14:11:20,ICBP,RG,9575,3,F,AK,NI,D
14:11:20,ICBP,RG,9575,10,F,AK,YJ,D
14:11:20,ICBP,RG,9575,5,F,AK,AK,F
14:11:20,ICBP,RG,9575,1,F,AK,AK,F
14:11:20,ICBP,RG,9575,44,F,AK,DR,D
14:11:20,ICBP,RG,9575,167,F,AK,SQ,D
14:11:15,ICBP,RG,9550,3,D,PD,ZP,F
14:11:13,ICBP,RG,9550,1,D,PD,ZP,F
14:10:18,ICBP,RG,9575,16,F,ZP,SQ,D
14:10:18,ICBP,RG,9550,47,D,PD,AK,F
14:10:18,ICBP,RG,9550,1,D,PD,CC,D
14:10:18,ICBP,RG,9550,6,D,PD,DR,D
14:10:18,ICBP,RG,9550,4,D,PD,DR,D
14:10:18,ICBP,RG,9550,24,D,PD,DR,D
14:10:18,ICBP,RG,9550,1,D,PD,NI,D
14:10:18,ICBP,RG,9550,7,D,PD,DR,D
14:10:18,ICBP,RG,9550,2,D,PD,AK,F
14:10:18,ICBP,RG,9550,2,D,PD,AK,F
14:10:18,ICBP,RG,9550,1,D,PD,CC,F
14:10:18,ICBP,RG,9550,6,D,PD,ZP,F
14:10:18,ICBP,RG,9550,2,D,PD,PD,D
14:10:18,ICBP,RG,9550,100,D,PD,YP,D
14:10:18,ICBP,RG,9550,49,D,PD,BK,F
14:10:18,ICBP,RG,9550,1,D,PD,BK,F
14:10:18,ICBP,RG,9550,1,D,PD,DR,D
14:10:18,ICBP,RG,9550,88,D,PD,DR,D
14:10:06,ICBP,RG,9525,3,F,CS,ZP,F
14:10:06,ICBP,RG,9525,4,F,ZP,ZP,F
14:10:02,ICBP,RG,9525,10,F,ZP,BK,F
14:08:31,ICBP,RG,9550,2,F,AK,DR,D
14:08:30,ICBP,RG,9525,1,F,ZP,CC,D
14:08:01,ICBP,RG,9525,8,F,ZP,BK,F
14:08:00,ICBP,RG,9525,8,F,ZP,AK,F
14:07:34,ICBP,RG,9550,13,F,AK,DR,D
14:07:34,ICBP,RG,9550,4,F,AK,ZP,F
14:07:34,ICBP,RG,9550,20,F,AK,AK,F
14:07:34,ICBP,RG,9550,3,F,AK,AK,F
14:07:34,ICBP,RG,9550,3,F,AK,DR,D
14:07:34,ICBP,RG,9550,6,F,AK,DR,D
14:07:30,ICBP,RG,9525,1,D,DR,AK,F
14:07:30,ICBP,RG,9525,1,F,KZ,AK,F
14:07:30,ICBP,RG,9525,1,D,YP,AK,F
14:07:30,ICBP,RG,9525,2,F,KZ,AK,F
14:07:30,ICBP,RG,9525,6,D,YP,AK,F
14:07:30,ICBP,RG,9525,2,F,KZ,AK,F
14:07:30,ICBP,RG,9525,5,D,CC,AK,F
14:07:30,ICBP,RG,9525,1,F,KZ,AK,F
14:07:30,ICBP,RG,9525,2,D,CC,AK,F
14:07:30,ICBP,RG,9525,1,D,XC,AK,F
14:07:30,ICBP,RG,9525,1,F,KZ,AK,F
14:07:14,ICBP,RG,9525,1,F,KZ,DH,D
14:07:00,ICBP,RG,9525,1,F,KZ,AK,F
14:06:35,ICBP,RG,9525,7,F,KZ,DR,D
14:06:32,ICBP,RG,9525,1,F,KZ,DR,D
14:06:32,ICBP,RG,9525,4,F,KZ,DR,D
14:06:32,ICBP,RG,9525,1,D,CC,DR,D
14:06:29,ICBP,RG,9525,2,D,CC,DR,D
14:06:28,ICBP,RG,9525,4,D,CC,DR,D
14:06:13,ICBP,RG,9525,43,D,CC,DR,D
14:06:13,ICBP,RG,9525,1,D,PD,DR,D
14:06:13,ICBP,RG,9525,8,D,KK,DR,D
14:06:12,ICBP,RG,9525,2,D,KK,DR,D
14:06:12,ICBP,RG,9525,2,D,YP,DR,D
14:06:12,ICBP,RG,9525,1,D,YP,DR,D
14:06:12,ICBP,RG,9525,1,D,XC,DR,D
14:06:12,ICBP,RG,9525,4,D,SQ,DR,D
14:06:12,ICBP,RG,9525,2,D,KK,DR,D
14:06:12,ICBP,RG,9525,2,D,DR,DR,D
14:06:12,ICBP,RG,9525,1,D,XC,DR,D
14:06:12,ICBP,RG,9525,2,D,XL,DR,D
14:06:12,ICBP,RG,9525,1,D,DR,DR,D
14:06:12,ICBP,RG,9525,37,F,KZ,DR,D
14:06:12,ICBP,RG,9525,9,D,YP,DR,D
14:06:12,ICBP,RG,9525,4,D,EP,DR,D
14:05:39,ICBP,RG,9525,6,D,EP,BK,F
14:05:39,ICBP,RG,9525,1,D,PD,BK,F
14:05:39,ICBP,RG,9525,1,D,XC,BK,F
14:05:39,ICBP,RG,9525,1,D,CC,BK,F
14:05:25,ICBP,RG,9525,4,D,CC,XL,D
14:05:25,ICBP,RG,9525,3,D,YP,XL,D
14:05:25,ICBP,RG,9525,12,D,ZP,XL,D
14:05:25,ICBP,RG,9525,2,D,PD,XL,D
14:05:25,ICBP,RG,9525,1,D,EP,XL,D
14:05:25,ICBP,RG,9525,1,D,CC,XL,D
14:05:25,ICBP,RG,9525,3,D,PD,XL,D
14:05:05,ICBP,RG,9525,2,D,PD,PD,D
14:04:36,ICBP,RG,9525,2,D,PD,XC,D
14:04:15,ICBP,RG,9525,3,D,PD,AK,F
14:04:15,ICBP,RG,9525,6,D,YP,AK,F
14:04:04,ICBP,RG,9525,4,D,YP,ZP,F
14:04:03,ICBP,RG,9525,4,D,YP,ZP,F
14:03:52,ICBP,RG,9550,2,F,AK,DR,D
14:03:52,ICBP,RG,9550,8,F,AK,DR,D
14:03:51,ICBP,RG,9550,1,F,AK,DR,D
14:03:51,ICBP,RG,9550,7,F,AK,DR,D
14:03:51,ICBP,RG,9550,10,F,AK,DR,D
14:03:51,ICBP,RG,9525,11,D,YP,DR,D
14:03:51,ICBP,RG,9550,6,F,AK,DR,D
14:03:51,ICBP,RG,9550,8,F,CS,DR,D
14:03:51,ICBP,RG,9550,7,D,CC,DR,D
14:03:51,ICBP,RG,9550,5,F,KZ,DR,D
14:03:51,ICBP,RG,9550,1,F,KZ,DR,D
14:03:51,ICBP,RG,9550,2,D,PD,DR,D
14:03:51,ICBP,RG,9550,11,F,CS,DR,D
14:03:51,ICBP,RG,9550,5,F,KZ,DR,D
14:03:51,ICBP,RG,9550,35,F,ZP,DR,D
14:03:51,ICBP,RG,9550,1,F,KZ,DR,D
14:03:51,ICBP,RG,9550,17,F,KZ,DR,D
14:03:51,ICBP,RG,9550,2,D,YP,DR,D
14:03:50,ICBP,RG,9550,7,D,YP,DR,D
14:03:50,ICBP,RG,9550,2,D,YP,DR,D
14:03:45,ICBP,RG,9550,2,D,YP,AK,F
14:03:45,ICBP,RG,9575,1,F,AK,SQ,D
14:02:57,ICBP,RG,9550,10,D,YP,BK,F
14:01:54,ICBP,RG,9550,9,D,YP,ZP,F
14:01:45,ICBP,RG,9550,20,D,YP,AK,F
14:01:45,ICBP,RG,9550,2,F,KZ,AK,F
14:01:45,ICBP,RG,9550,2,F,KZ,AK,F
14:01:45,ICBP,RG,9575,1,F,AK,SQ,D
14:01:06,ICBP,RG,9550,5,F,KZ,DR,D
14:00:32,ICBP,RG,9550,9,F,KZ,NI,D
14:00:32,ICBP,RG,9550,20,F,ZP,NI,D
14:00:32,ICBP,RG,9550,16,F,CS,NI,D
14:00:32,ICBP,RG,9550,4,F,KZ,NI,D
14:00:32,ICBP,RG,9550,1,F,ZP,NI,D
14:00:30,ICBP,RG,9550,9,F,ZP,BK,F
14:00:27,ICBP,RG,9550,2,F,ZP,YP,D
13:59:21,ICBP,RG,9550,7,F,ZP,AK,F
13:59:21,ICBP,RG,9550,3,F,KZ,AK,F
13:58:47,ICBP,RG,9550,2,F,KZ,DR,D
13:58:45,ICBP,RG,9550,5,F,KZ,DR,D
13:58:40,ICBP,RG,9550,34,F,KZ,DR,D
13:58:39,ICBP,RG,9550,11,F,KZ,DR,D
13:58:39,ICBP,RG,9550,21,F,KZ,DR,D
13:58:39,ICBP,RG,9550,1,F,AK,DR,D
13:58:39,ICBP,RG,9550,5,F,CS,DR,D
13:58:39,ICBP,RG,9550,33,F,AK,DR,D
13:58:34,ICBP,RG,9550,21,F,AK,PD,D
13:58:34,ICBP,RG,9550,3,D,CC,PD,D
13:58:34,ICBP,RG,9550,20,F,KZ,PD,D
13:58:34,ICBP,RG,9550,6,F,KZ,DR,D
13:58:34,ICBP,RG,9550,2,F,AK,DR,D
13:58:33,ICBP,RG,9550,1,F,AK,DR,D
13:58:33,ICBP,RG,9550,2,F,AK,DR,D
13:58:31,ICBP,RG,9550,1,F,AK,DR,D
13:58:31,ICBP,RG,9550,3,F,AK,DR,D
13:58:15,ICBP,RG,9550,1,F,AK,AK,F
13:58:15,ICBP,RG,9575,1,F,AK,SQ,D
13:57:57,ICBP,RG,9550,4,F,AK,ZP,F
13:57:56,ICBP,RG,9550,9,F,AK,BK,F
13:57:55,ICBP,RG,9550,4,F,AK,ZP,F
13:57:43,ICBP,RG,9550,46,F,AK,ZP,D
13:57:15,ICBP,RG,9550,7,F,AK,AK,F
13:56:42,ICBP,RG,9550,8,F,AK,IF,D
13:56:42,ICBP,RG,9550,5,F,AK,CC,D
13:56:15,ICBP,RG,9550,3,F,AK,AK,F
13:56:15,ICBP,RG,9550,23,F,AK,AK,F
13:56:15,ICBP,RG,9575,31,F,AK,SQ,D
13:56:03,ICBP,RG,9550,11,F,AK,DR,D
13:56:03,ICBP,RG,9550,7,F,AK,DR,D
13:56:03,ICBP,RG,9550,45,F,AK,DR,D
13:56:03,ICBP,RG,9550,11,F,CS,DR,D
13:56:03,ICBP,RG,9550,28,F,ZP,DR,D
13:56:03,ICBP,RG,9550,7,F,CS,DR,D
13:56:03,ICBP,RG,9550,7,F,KZ,DR,D
13:56:03,ICBP,RG,9550,12,F,ZP,DR,D
13:56:02,ICBP,RG,9550,7,F,ZP,DR,D
13:56:01,ICBP,RG,9550,1,F,ZP,DR,D
13:55:45,ICBP,RG,9550,9,F,ZP,ZP,F
13:55:15,ICBP,RG,9550,9,F,ZP,BK,F
13:55:08,ICBP,RG,9550,1,F,ZP,AK,F
13:55:08,ICBP,RG,9550,2,D,XC,AK,F
13:55:08,ICBP,RG,9550,2,F,KZ,AK,F
13:55:08,ICBP,RG,9550,5,D,GR,AK,F
13:55:08,ICBP,RG,9550,56,F,KZ,AK,F
13:55:08,ICBP,RG,9575,1,D,CC,SQ,D
13:54:43,ICBP,RG,9550,2,F,KZ,YP,D
13:53:09,ICBP,RG,9550,1,F,KZ,DR,D
13:52:43,ICBP,RG,9550,7,F,KZ,CC,D
13:52:43,ICBP,RG,9550,6,F,KZ,CC,D
13:52:43,ICBP,RG,9550,20,F,KZ,CC,D
13:52:43,ICBP,RG,9550,2,D,PD,CC,D
13:52:43,ICBP,RG,9550,1,D,PD,CC,D
13:52:43,ICBP,RG,9550,7,D,YP,CC,D
13:52:43,ICBP,RG,9550,16,F,CS,CC,D
13:52:43,ICBP,RG,9550,1,D,PD,CC,D
13:52:43,ICBP,RG,9550,7,F,CS,CC,D
13:52:43,ICBP,RG,9550,3,F,KZ,CC,D
13:52:43,ICBP,RG,9550,7,F,ZP,CC,D
13:52:43,ICBP,RG,9550,9,F,CS,CC,D
13:52:43,ICBP,RG,9550,68,F,AK,CC,D
13:52:29,ICBP,RG,9550,5,F,AK,YJ,D
13:52:17,ICBP,RG,9550,10,F,AK,BK,F
13:51:01,ICBP,RG,9550,47,F,AK,DR,D
13:50:59,ICBP,RG,9550,40,F,AK,DR,D
13:50:59,ICBP,RG,9550,16,F,ZP,DR,D
13:50:52,ICBP,RG,9550,2,F,ZP,DR,D
13:50:50,ICBP,RG,9550,3,F,ZP,DR,D
13:50:41,ICBP,RG,9550,2,F,ZP,DR,D
13:50:40,ICBP,RG,9550,6,F,ZP,DR,D
13:50:36,ICBP,RG,9550,2,F,ZP,DR,D
13:50:35,ICBP,RG,9550,6,F,ZP,DR,D
13:49:45,ICBP,RG,9550,17,F,ZP,YP,D
13:49:35,ICBP,RG,9550,9,F,ZP,BK,F
13:49:24,ICBP,RG,9550,8,F,ZP,LG,D
13:49:24,ICBP,RG,9550,5,F,CS,LG,D
13:49:24,ICBP,RG,9550,7,D,KK,LG,D
13:49:00,ICBP,RG,9550,3,D,KK,YP,D
13:49:00,ICBP,RG,9550,1,D,YP,YP,D
13:49:00,ICBP,RG,9550,6,F,AK,YP,D
13:48:37,ICBP,RG,9550,6,F,AK,ZP,F
13:48:14,ICBP,RG,9550,5,F,AK,DR,D
13:48:14,ICBP,RG,9550,1,F,AK,DR,D
13:48:14,ICBP,RG,9550,4,F,AK,DR,D
13:48:14,ICBP,RG,9550,7,F,AK,DR,D
13:48:14,ICBP,RG,9550,5,F,AK,DR,D
13:48:14,ICBP,RG,9550,1,F,AK,DR,D
13:48:14,ICBP,RG,9550,1,D,AZ,DR,D
13:48:14,ICBP,RG,9550,1,D,EP,DR,D
13:48:14,ICBP,RG,9550,1,D,XC,DR,D
13:48:14,ICBP,RG,9550,1,F,KZ,DR,D
13:48:14,ICBP,RG,9550,2,D,EP,DR,D
13:48:14,ICBP,RG,9550,3,F,KZ,DR,D
13:48:14,ICBP,RG,9550,3,F,KZ,DR,D
13:48:14,ICBP,RG,9550,1,F,KZ,DR,D
13:48:14,ICBP,RG,9550,5,D,CC,DR,D
13:48:14,ICBP,RG,9550,10,D,MG,DR,D
13:48:14,ICBP,RG,9550,3,F,ZP,DR,D
13:48:14,ICBP,RG,9550,3,F,KZ,DR,D
13:48:14,ICBP,RG,9550,2,F,KZ,DR,D
13:48:14,ICBP,RG,9550,75,F,KZ,DR,D
13:48:14,ICBP,RG,9550,6,F,KZ,DR,D
13:48:13,ICBP,RG,9550,1,F,KZ,DR,D
13:48:06,ICBP,RG,9550,6,F,KZ,ZP,F
13:47:21,ICBP,RG,9550,30,F,KZ,AK,F
13:46:49,ICBP,RG,9550,9,F,KZ,BK,F
13:45:40,ICBP,RG,9550,36,F,KZ,AK,F
13:45:40,ICBP,RG,9550,3,F,KZ,AK,F
13:45:40,ICBP,RG,9550,2,F,KZ,AK,F
13:45:40,ICBP,RG,9550,6,D,EP,AK,F
13:45:40,ICBP,RG,9550,44,F,KZ,AK,F
13:45:35,ICBP,RG,9575,1,D,PD,SQ,D
13:45:30,ICBP,RG,9550,5,F,KZ,AK,F
13:45:18,ICBP,RG,9550,1,F,KZ,DR,D
13:45:18,ICBP,RG,9550,9,D,YP,DR,D
13:45:18,ICBP,RG,9550,5,D,XL,DR,D
13:45:18,ICBP,RG,9550,5,D,GR,DR,D
13:45:18,ICBP,RG,9550,1,D,GR,DR,D
13:45:06,ICBP,RG,9550,8,D,GR,AK,F
13:45:03,ICBP,RG,9575,3,D,YP,SQ,D
13:44:05,ICBP,RG,9575,1,D,CC,SQ,D
13:44:01,ICBP,RG,9575,1,F,KZ,SQ,D
13:44:01,ICBP,RG,9575,1,D,XC,SQ,D
13:43:55,ICBP,RG,9575,1,D,XC,SQ,D
13:43:53,ICBP,RG,9575,27,F,KZ,SQ,D
13:43:52,ICBP,RG,9575,5,D,RO,SQ,D
13:43:34,ICBP,RG,9550,2,D,GR,DR,D
13:43:33,ICBP,RG,9550,2,D,GR,DR,D
13:43:32,ICBP,RG,9550,7,D,GR,DR,D
13:43:32,ICBP,RG,9550,5,D,SQ,DR,D
13:43:32,ICBP,RG,9550,3,D,PD,DR,D
13:43:32,ICBP,RG,9550,1,D,XC,DR,D
13:43:32,ICBP,RG,9550,2,D,PD,DR,D
13:43:32,ICBP,RG,9550,10,D,CC,DR,D
13:43:32,ICBP,RG,9550,79,D,KK,DR,D
13:43:30,ICBP,RG,9550,4,D,KK,DR,D
13:43:30,ICBP,RG,9550,3,D,NI,DR,D
13:43:30,ICBP,RG,9550,2,D,YP,DR,D
13:42:58,ICBP,RG,9575,2,F,KZ,SQ,D
13:42:58,ICBP,RG,9575,10,F,CS,SQ,D
13:42:58,ICBP,RG,9575,15,F,KZ,SQ,D
13:42:58,ICBP,RG,9575,64,F,KZ,SQ,D
13:42:58,ICBP,RG,9575,13,F,KZ,SQ,D
13:42:58,ICBP,RG,9575,5,D,NI,SQ,D
13:42:58,ICBP,RG,9575,10,D,PD,SQ,D
13:42:58,ICBP,RG,9575,11,F,KZ,SQ,D
13:42:58,ICBP,RG,9575,1,D,PD,SQ,D
13:42:58,ICBP,RG,9575,1,F,KZ,SQ,D
13:42:58,ICBP,RG,9575,5,F,KZ,SQ,D
13:42:58,ICBP,RG,9575,8,F,KZ,SQ,D
13:42:58,ICBP,RG,9575,28,F,AK,SQ,D
13:42:58,ICBP,RG,9575,3,F,KZ,SQ,D
13:42:58,ICBP,RG,9575,11,F,CS,SQ,D
13:42:58,ICBP,RG,9575,17,F,AK,SQ,D
13:42:58,ICBP,RG,9575,1,F,KZ,SQ,D
13:42:58,ICBP,RG,9575,1,F,AK,SQ,D
13:42:58,ICBP,RG,9575,36,F,KZ,SQ,D
13:42:55,ICBP,RG,9600,1,D,BQ,DR,D
13:42:54,ICBP,RG,9575,3,F,KZ,DR,D
13:42:54,ICBP,RG,9575,5,F,KZ,DR,D
13:42:53,ICBP,RG,9575,4,F,KZ,DR,D
13:42:17,ICBP,RG,9575,16,F,KZ,YP,D
13:41:47,ICBP,RG,9575,2,F,KZ,NI,D
13:41:47,ICBP,RG,9575,11,F,CS,NI,D
13:41:47,ICBP,RG,9575,7,F,KZ,NI,D
13:41:47,ICBP,RG,9575,5,F,ZP,NI,D
13:41:46,ICBP,RG,9600,2,D,YP,DR,D
13:41:44,ICBP,RG,9575,17,F,ZP,DR,D
13:41:44,ICBP,RG,9575,54,F,KZ,DR,D
13:41:44,ICBP,RG,9575,44,F,ZP,DR,D
13:41:44,ICBP,RG,9575,2,F,ZP,DR,D
13:41:43,ICBP,RG,9575,2,F,ZP,DR,D
13:41:38,ICBP,RG,9575,26,F,ZP,AH,F
13:40:55,ICBP,RG,9575,3,F,ZP,XL,D
13:40:26,ICBP,RG,9575,11,F,ZP,DR,D
13:40:26,ICBP,RG,9575,7,F,ZP,DR,D
13:40:25,ICBP,RG,9575,15,F,ZP,PD,D
13:40:24,ICBP,RG,9600,3,F,KZ,DR,D
13:40:07,ICBP,RG,9575,5,F,ZP,YB,D
13:39:32,ICBP,RG,9600,1,D,BQ,DR,D
13:38:19,ICBP,RG,9600,5,F,KZ,DR,D
13:38:19,ICBP,RG,9600,2,F,KZ,DR,D
13:37:37,ICBP,RG,9575,10,F,ZP,YB,D
13:37:31,ICBP,RG,9600,1,D,PD,DR,D
13:36:09,ICBP,RG,9575,4,F,ZP,YP,D
13:35:38,ICBP,RG,9575,6,F,ZP,CC,D
13:35:22,ICBP,RG,9575,44,F,ZP,AK,F
13:35:22,ICBP,RG,9575,36,F,KZ,AK,F
13:35:22,ICBP,RG,9575,1,F,AK,AK,F
13:35:22,ICBP,RG,9575,16,F,AK,AK,F
13:35:22,ICBP,RG,9575,1,D,XC,AK,F
13:35:22,ICBP,RG,9575,3,D,XC,AK,F
13:35:22,ICBP,RG,9575,1,D,XL,AK,F
13:35:22,ICBP,RG,9575,1,F,NI,AK,F
13:35:22,ICBP,RG,9600,7,F,ZP,DR,D
13:35:11,ICBP,RG,9575,1,F,NI,CC,D
13:33:17,ICBP,RG,9600,9,F,ZP,DR,D
13:33:17,ICBP,RG,9600,12,F,ZP,DR,D
13:32:34,ICBP,RG,9575,4,F,NI,KK,D
13:32:34,ICBP,RG,9575,1,D,XL,KK,D
13:32:34,ICBP,RG,9575,1,D,PD,KK,D
13:32:34,ICBP,RG,9575,1,D,PD,KK,D
13:32:34,ICBP,RG,9575,3,D,NI,KK,D
13:32:27,ICBP,RG,9575,1,D,CC,DR,D
13:32:16,ICBP,RG,9575,1,F,KZ,DR,D
13:32:00,ICBP,RG,9575,13,F,KZ,DR,D
13:32:00,ICBP,RG,9575,1,D,XC,DR,D
13:32:00,ICBP,RG,9575,26,F,KZ,DR,D
13:31:58,ICBP,RG,9575,1,F,KZ,DR,D
13:31:48,ICBP,RG,9575,1,F,KZ,KK,D
13:31:28,ICBP,RG,9575,1,F,KZ,YP,D
13:31:18,ICBP,RG,9575,5,F,KZ,DR,D
13:31:13,ICBP,RG,9575,5,F,KZ,DR,D
13:31:09,ICBP,RG,9575,7,F,KZ,DR,D
13:31:00,ICBP,RG,9575,13,F,KZ,DR,D
13:31:00,ICBP,RG,9575,5,D,GR,DR,D
13:31:00,ICBP,RG,9575,11,F,CS,DR,D
13:31:00,ICBP,RG,9575,1,D,XL,DR,D
13:31:00,ICBP,RG,9575,9,F,CS,DR,D
13:31:00,ICBP,RG,9575,5,D,XC,DR,D
13:31:00,ICBP,RG,9575,31,F,KZ,DR,D
13:30:19,ICBP,RG,9600,1,F,KZ,DR,D
13:30:19,ICBP,RG,9600,2,F,KZ,PD,D
13:30:14,ICBP,RG,9600,5,F,KZ,PD,D
13:30:09,ICBP,RG,9600,3,F,KZ,PD,D
13:30:09,ICBP,RG,9600,1,F,KZ,PD,D
13:30:09,ICBP,RG,9600,1,F,KZ,PD,D
13:30:09,ICBP,RG,9600,2,F,KZ,DH,D
13:30:09,ICBP,RG,9600,1,F,KZ,DH,D
13:30:06,ICBP,RG,9575,4,F,KZ,AK,F
13:30:06,ICBP,RG,9575,14,F,KZ,AK,F
13:30:06,ICBP,RG,9575,3,F,KZ,CC,D
13:30:04,ICBP,RG,9575,1,F,KZ,CC,D
13:30:04,ICBP,RG,9575,1,F,KZ,CC,D
13:30:04,ICBP,RG,9600,17,F,AK,DH,D
13:30:04,ICBP,RG,9600,10,F,AK,NI,D
13:30:04,ICBP,RG,9600,10,F,AK,CP,D
13:30:03,ICBP,RG,9600,1,D,YP,CP,D
13:30:03,ICBP,RG,9600,2,F,AK,CP,D
13:30:03,ICBP,RG,9575,6,F,KZ,XC,D
13:30:03,ICBP,RG,9575,14,F,KZ,YP,D
13:30:03,ICBP,RG,9600,1,D,CC,CP,D
13:30:03,ICBP,RG,9575,5,F,KZ,YP,D
13:30:03,ICBP,RG,9575,7,F,KZ,XC,D
13:30:03,ICBP,RG,9575,1,F,KZ,YP,D
13:30:03,ICBP,RG,9600,6,F,AK,CP,D
13:30:03,ICBP,RG,9600,100,F,AK,AH,D
13:30:03,ICBP,RG,9600,10,F,AK,YP,D
13:30:03,ICBP,RG,9600,1,F,AK,YP,D
13:30:03,ICBP,RG,9600,2,F,AK,NI,D
13:30:03,ICBP,RG,9600,9,F,AK,YP,D
13:30:03,ICBP,RG,9600,5,F,AK,PD,D
13:30:03,ICBP,RG,9600,10,F,AK,KK,D
13:30:03,ICBP,RG,9600,3,F,AK,PD,D
13:30:03,ICBP,RG,9575,1,F,KZ,XC,D
13:30:02,ICBP,RG,9600,1,D,XC,PD,D
13:30:02,ICBP,RG,9575,1,F,KZ,XL,D
13:30:02,ICBP,RG,9575,11,F,KZ,YP,D
13:30:02,ICBP,RG,9575,8,F,CS,YP,D
13:30:02,ICBP,RG,9575,31,D,YP,YP,D
13:30:02,ICBP,RG,9575,10,D,GR,YP,D
13:30:02,ICBP,RG,9575,1,D,XC,YP,D
13:30:02,ICBP,RG,9575,8,F,CS,YP,D
13:30:02,ICBP,RG,9575,1,D,YP,YP,D
13:30:02,ICBP,RG,9575,9,F,CS,YP,D
13:30:02,ICBP,RG,9575,26,F,KZ,YP,D
13:30:02,ICBP,RG,9575,8,F,CS,YP,D
13:30:02,ICBP,RG,9575,32,F,KZ,YP,D
13:30:02,ICBP,RG,9575,100,D,GR,YP,D
13:30:02,ICBP,RG,9575,2,F,KZ,YP,D
13:30:02,ICBP,RG,9575,6,F,KZ,YP,D
13:30:02,ICBP,RG,9575,13,F,ZP,YP,D
13:30:02,ICBP,RG,9575,3,F,KZ,YP,D
13:30:02,ICBP,RG,9575,1,D,XC,YP,D
13:30:02,ICBP,RG,9575,7,F,KZ,YP,D
13:30:02,ICBP,RG,9575,1,D,PD,YP,D
13:30:02,ICBP,RG,9575,22,F,KZ,YP,D
13:30:02,ICBP,RG,9600,1,F,AK,YP,D
13:30:01,ICBP,RG,9600,2,D,PD,YP,D
13:30:01,ICBP,RG,9600,2,D,PD,YP,D
13:30:01,ICBP,RG,9600,1,D,PD,PD,D
13:30:01,ICBP,RG,9575,6,F,KZ,PD,D
13:30:01,ICBP,RG,9575,24,F,KZ,PD,D
13:30:01,ICBP,RG,9575,3,F,KZ,PD,D
13:30:01,ICBP,RG,9575,2,F,KZ,PD,D
13:30:01,ICBP,RG,9575,2,F,KZ,PD,D
13:30:01,ICBP,RG,9575,3,F,ZP,PD,D
13:30:01,ICBP,RG,9600,1,D,PD,PD,D
13:30:01,ICBP,RG,9575,1,F,ZP,KK,D
13:30:01,ICBP,RG,9575,1,F,ZP,DH,D
13:30:01,ICBP,RG,9575,1,F,ZP,PD,D
13:30:01,ICBP,RG,9575,2,F,ZP,EP,D
13:30:01,ICBP,RG,9575,6,F,ZP,AZ,D
13:30:01,ICBP,RG,9575,18,F,KZ,AZ,D
13:30:01,ICBP,RG,9575,6,F,KZ,EP,D
13:30:01,ICBP,RG,9575,10,F,KZ,TP,D
11:29:49,ICBP,RG,9575,1,F,KZ,AK,F
11:29:35,ICBP,RG,9600,1,F,AK,DR,D
11:29:34,ICBP,RG,9575,1,F,BK,AK,F
11:29:24,ICBP,RG,9600,3,F,KZ,DR,D
11:29:24,ICBP,RG,9600,1,F,KZ,DR,D
11:29:24,ICBP,RG,9600,2,F,KZ,DR,D
11:29:21,ICBP,RG,9575,9,F,BK,BK,F
11:29:19,ICBP,RG,9575,1,F,BK,AK,F
11:29:15,ICBP,RG,9575,2,F,BK,AK,F
11:29:15,ICBP,RG,9600,8,F,AK,DR,D
11:29:00,ICBP,RG,9600,2,F,AK,DR,D
11:28:53,ICBP,RG,9575,1,F,BK,AK,F
11:28:15,ICBP,RG,9600,9,F,AK,DR,D
11:28:00,ICBP,RG,9600,2,F,AK,DR,D
11:27:43,ICBP,RG,9575,9,F,BK,BK,F
11:27:00,ICBP,RG,9600,9,F,AK,DR,D
11:26:45,ICBP,RG,9575,1,F,BK,AK,F
11:26:45,ICBP,RG,9575,7,F,BK,AK,F
11:26:45,ICBP,RG,9600,1,F,AK,DR,D
11:26:35,ICBP,RG,9600,4,F,AK,DR,D
11:26:34,ICBP,RG,9575,11,F,BK,AK,F
11:26:12,ICBP,RG,9575,10,F,BK,BK,F
11:26:04,ICBP,RG,9575,2,F,BK,AK,F
11:25:53,ICBP,RG,9575,3,F,BK,AK,F
11:25:45,ICBP,RG,9600,9,F,AK,DR,D
11:25:34,ICBP,RG,9600,1,D,EP,DR,D
11:25:00,ICBP,RG,9600,1,F,AK,DR,D
11:24:53,ICBP,RG,9575,1,F,BK,AK,F
11:24:49,ICBP,RG,9575,1,F,BK,AK,F
11:24:49,ICBP,RG,9575,3,F,KZ,AK,F
11:24:45,ICBP,RG,9575,8,F,KZ,BK,F
11:24:19,ICBP,RG,9575,2,F,AK,AK,F
11:24:08,ICBP,RG,9575,1,F,AK,AK,F
11:23:15,ICBP,RG,9600,8,F,KZ,DR,D
11:23:15,ICBP,RG,9600,1,F,AK,DR,D
11:23:08,ICBP,RG,9575,1,F,AK,AK,F
11:23:04,ICBP,RG,9575,10,F,AK,BK,F
11:22:26,ICBP,RG,9575,2,F,AK,YP,D
11:22:26,ICBP,RG,9575,6,F,KZ,YP,D
11:22:17,ICBP,RG,9575,1,F,KZ,OD,D
11:22:03,ICBP,RG,9575,1,F,KZ,YP,D
11:21:57,ICBP,RG,9575,1,F,KZ,NI,D
11:21:30,ICBP,RG,9575,1,F,KZ,AK,F
11:21:30,ICBP,RG,9600,3,F,KZ,DR,D
11:21:30,ICBP,RG,9600,1,F,AK,DR,D
11:21:27,ICBP,RG,9575,1,F,KZ,NI,D
11:20:46,ICBP,RG,9575,9,F,KZ,AK,F
11:20:46,ICBP,RG,9600,110,F,KZ,DR,D
11:20:44,ICBP,RG,9600,3,F,KZ,DR,D
11:20:39,ICBP,RG,9575,1,F,KZ,AK,F
11:20:39,ICBP,RG,9600,3,F,KZ,DR,D
11:20:39,ICBP,RG,9600,4,F,KZ,DR,D
11:20:35,ICBP,RG,9575,18,F,KZ,AK,F
11:20:34,ICBP,RG,9600,172,F,AK,DR,D
11:20:34,ICBP,RG,9600,136,F,AK,RG,D
11:20:34,ICBP,RG,9600,5,F,AK,YP,D
11:20:34,ICBP,RG,9600,10,F,AK,ZP,D
11:20:34,ICBP,RG,9600,1,F,AK,NI,D
11:20:34,ICBP,RG,9600,1,F,AK,YP,D
11:20:34,ICBP,RG,9600,7,F,AK,DR,D
11:20:34,ICBP,RG,9600,1,F,AK,AK,F
11:20:34,ICBP,RG,9600,4,F,AK,AK,F
11:20:34,ICBP,RG,9600,4,F,AK,AK,F
11:20:34,ICBP,RG,9600,10,F,AK,BK,F
11:20:34,ICBP,RG,9600,1,F,AK,AK,F
11:20:34,ICBP,RG,9575,5,F,KZ,AK,F
11:20:06,ICBP,RG,9600,1,D,NI,YP,D
11:19:59,ICBP,RG,9600,3,F,KZ,YP,D
11:19:59,ICBP,RG,9600,1,F,KZ,YP,D
11:19:56,ICBP,RG,9575,9,F,KZ,BK,F
11:19:40,ICBP,RG,9575,5,F,KZ,XC,D
11:19:23,ICBP,RG,9575,1,F,KZ,AK,F
11:18:45,ICBP,RG,9600,1,F,AK,YP,D
11:18:29,ICBP,RG,9600,1,F,KZ,YP,D
11:18:29,ICBP,RG,9600,4,F,KZ,YP,D
11:18:24,ICBP,RG,9575,9,F,KZ,BK,F
11:18:00,ICBP,RG,9600,9,F,KZ,YP,D
11:18:00,ICBP,RG,9600,14,F,AK,YP,D
11:18:00,ICBP,RG,9600,31,F,AK,DR,D
11:17:39,ICBP,RG,9600,1,D,BQ,DR,D
11:16:16,ICBP,RG,9575,5,F,KZ,YP,D
11:16:10,ICBP,RG,9600,1,F,AK,DR,D
11:16:09,ICBP,RG,9600,5,F,KZ,DR,D
11:16:09,ICBP,RG,9600,3,F,KZ,DR,D
11:16:04,ICBP,RG,9575,8,F,KZ,AK,F
11:14:32,ICBP,RG,9600,1,D,YP,DR,D
11:13:53,ICBP,RG,9600,5,D,SQ,DR,D
11:13:23,ICBP,RG,9575,3,F,KZ,AK,F
11:13:04,ICBP,RG,9600,2,F,KZ,DR,D
11:11:56,ICBP,RG,9575,10,F,KZ,YP,D
11:11:49,ICBP,RG,9575,6,F,KZ,AK,F
11:11:30,ICBP,RG,9600,1,F,AK,DR,D
11:10:59,ICBP,RG,9575,2,F,KZ,XC,D
11:10:21,ICBP,RG,9575,5,F,KZ,GR,D
11:08:00,ICBP,RG,9600,11,F,AK,DR,D
11:08:00,ICBP,RG,9600,1,F,AK,AK,F
11:08:00,ICBP,RG,9600,3,F,AK,AK,F
11:08:00,ICBP,RG,9600,3,F,AK,AK,F
11:08:00,ICBP,RG,9600,15,F,AK,AK,F
11:07:30,ICBP,RG,9600,5,D,CC,AK,F
11:07:18,ICBP,RG,9600,1,D,YP,AK,F
11:07:04,ICBP,RG,9575,1,F,KZ,YP,D
11:06:39,ICBP,RG,9575,1,F,KZ,AK,F
11:06:37,ICBP,RG,9575,3,F,KZ,CC,D
11:06:37,ICBP,RG,9575,3,D,EP,CC,D
11:06:37,ICBP,RG,9575,1,D,PD,CC,D
11:06:37,ICBP,RG,9575,5,D,PD,CC,D
11:06:13,ICBP,RG,9575,6,D,PD,YP,D
11:05:23,ICBP,RG,9575,1,D,PD,PD,D
11:04:32,ICBP,RG,9575,1,D,PD,YP,D
11:04:31,ICBP,RG,9600,1,D,YP,AK,F
11:03:34,ICBP,RG,9575,1,D,PD,YP,D
11:03:32,ICBP,RG,9575,5,D,PD,CC,D
11:02:08,ICBP,RG,9575,2,D,PD,AK,F
11:01:34,ICBP,RG,9575,8,D,LG,AK,F
11:00:43,ICBP,RG,9600,2,D,CC,AK,F
11:00:34,ICBP,RG,9600,5,D,PD,AK,F
11:00:14,ICBP,RG,9575,1,D,LG,OD,D
10:59:35,ICBP,RG,9575,1,D,LG,PD,D
10:58:14,ICBP,RG,9575,18,F,KZ,NI,D
10:57:24,ICBP,RG,9575,5,F,KZ,CC,D
10:57:08,ICBP,RG,9575,1,F,KZ,PD,D
10:54:42,ICBP,RG,9600,1,F,KZ,AK,F
10:54:41,ICBP,RG,9600,5,F,BK,AK,F
10:54:38,ICBP,RG,9600,29,F,KZ,AK,F
10:54:36,ICBP,RG,9600,100,F,BK,AK,F
10:54:36,ICBP,RG,9600,4,F,KZ,AK,F
10:54:34,ICBP,RG,9600,12,F,ZP,AK,F
10:54:34,ICBP,RG,9600,96,F,KZ,AK,F
10:54:33,ICBP,RG,9600,31,F,BK,AK,F
10:54:33,ICBP,RG,9600,10,F,BK,KK,D
10:54:33,ICBP,RG,9600,25,F,BK,PF,D
10:54:33,ICBP,RG,9600,2,F,BK,XL,D
10:54:33,ICBP,RG,9600,1,F,BK,PD,D
10:54:33,ICBP,RG,9600,1,F,BK,AK,F
10:54:33,ICBP,RG,9600,1,F,BK,AK,F
10:54:33,ICBP,RG,9600,1,F,BK,AK,F
10:54:33,ICBP,RG,9600,4,F,BK,AK,F
10:54:33,ICBP,RG,9600,2,F,BK,AK,F
10:54:33,ICBP,RG,9600,2,F,BK,AK,F
10:54:33,ICBP,RG,9600,5,F,BK,CC,F
10:54:33,ICBP,RG,9600,15,F,BK,BK,F
10:54:33,ICBP,RG,9600,22,F,BK,BK,F
10:54:33,ICBP,RG,9600,78,F,BK,DR,D
10:54:33,ICBP,RG,9600,100,F,BK,DR,D
10:54:32,ICBP,RG,9600,37,F,KZ,DR,D
10:54:31,ICBP,RG,9600,10,D,CC,DR,D
10:54:31,ICBP,RG,9600,10,D,CC,DR,D
10:54:31,ICBP,RG,9600,13,D,CC,AK,F
10:54:31,ICBP,RG,9600,167,D,CC,AK,F
10:54:23,ICBP,RG,9600,18,D,NI,AK,F
10:54:19,ICBP,RG,9575,3,F,KZ,AK,F
10:53:54,ICBP,RG,9575,7,F,KZ,PD,D
10:52:53,ICBP,RG,9575,1,F,KZ,AK,F
10:51:49,ICBP,RG,9575,4,F,KZ,AK,F
10:51:43,ICBP,RG,9600,8,F,CS,YP,D
10:51:43,ICBP,RG,9575,2,F,KZ,AK,F
10:51:43,ICBP,RG,9575,5,D,YP,AK,F
10:51:43,ICBP,RG,9575,5,D,YP,AK,F
10:51:43,ICBP,RG,9575,25,D,GR,AK,F
10:51:43,ICBP,RG,9575,5,D,XL,AK,F
10:51:43,ICBP,RG,9575,1,D,KK,AK,F
10:51:43,ICBP,RG,9600,7,F,AK,YP,D
10:51:42,ICBP,RG,9600,16,F,KZ,YP,D
10:51:42,ICBP,RG,9600,70,F,KZ,YP,D
10:51:42,ICBP,RG,9600,3,F,KZ,YP,D
10:51:42,ICBP,RG,9600,8,F,AK,YP,D
10:51:42,ICBP,RG,9600,10,F,KZ,YP,D
10:51:42,ICBP,RG,9600,1,F,KZ,YP,D
10:51:42,ICBP,RG,9600,7,F,KZ,YP,D
10:51:42,ICBP,RG,9600,21,F,ZP,YP,D
10:51:42,ICBP,RG,9600,1,D,PD,YP,D
10:51:42,ICBP,RG,9600,5,F,CS,YP,D
10:51:42,ICBP,RG,9600,1,D,YP,YP,D
10:51:42,ICBP,RG,9600,1,F,AK,YP,D
10:51:42,ICBP,RG,9600,2,F,KZ,YP,D
10:51:42,ICBP,RG,9600,8,F,ZP,YP,D
10:51:42,ICBP,RG,9600,7,F,KZ,YP,D
10:51:42,ICBP,RG,9600,23,F,AK,YP,D
10:51:42,ICBP,RG,9600,2,F,KZ,YP,D
10:51:42,ICBP,RG,9600,10,F,CS,YP,D
10:51:42,ICBP,RG,9600,10,F,KZ,YP,D
10:51:42,ICBP,RG,9600,7,F,KZ,YP,D
10:51:42,ICBP,RG,9600,42,F,KZ,YP,D
10:51:31,ICBP,RG,9600,20,F,KZ,YP,D
10:51:31,ICBP,RG,9600,5,F,KZ,YP,D
10:51:29,ICBP,RG,9600,1,F,KZ,KK,D
10:51:29,ICBP,RG,9600,11,F,ZP,KK,D
10:51:24,ICBP,RG,9625,9,F,KZ,CC,D
10:51:04,ICBP,RG,9600,5,F,ZP,DR,D
10:51:02,ICBP,RG,9600,8,F,ZP,DR,D
10:50:59,ICBP,RG,9600,1,F,ZP,SQ,D
10:50:56,ICBP,RG,9600,2,F,KZ,CC,D
10:50:56,ICBP,RG,9600,9,F,AK,CC,D
10:50:56,ICBP,RG,9600,4,F,KZ,CC,D
10:50:30,ICBP,RG,9600,9,F,KZ,BK,F
10:50:15,ICBP,RG,9600,1,F,KZ,PD,D
10:50:08,ICBP,RG,9600,1,F,KZ,AK,F
10:50:04,ICBP,RG,9600,10,F,KZ,AK,F
10:50:04,ICBP,RG,9625,4,F,KZ,CC,D
10:49:19,ICBP,RG,9600,2,F,KZ,AK,F
10:49:19,ICBP,RG,9600,1,F,KZ,AK,F
10:47:50,ICBP,RG,9600,27,F,KZ,DR,D
10:47:49,ICBP,RG,9600,1,F,KZ,DR,D
10:47:23,ICBP,RG,9600,1,F,KZ,AK,F
10:46:57,ICBP,RG,9600,8,F,KZ,BK,F
10:46:20,ICBP,RG,9625,2,D,PD,CC,D
10:45:49,ICBP,RG,9600,4,F,KZ,AK,F
10:45:28,ICBP,RG,9600,5,F,KZ,SQ,D
10:45:06,ICBP,RG,9600,3,F,KZ,DR,D
10:45:04,ICBP,RG,9625,1,D,BQ,CC,D
10:44:53,ICBP,RG,9600,6,F,KZ,DR,D
10:44:53,ICBP,RG,9600,6,F,KZ,DR,D
10:44:53,ICBP,RG,9600,12,F,KZ,AK,F
10:44:52,ICBP,RG,9600,15,F,KZ,DR,D
10:44:38,ICBP,RG,9600,1,F,KZ,AK,F
10:44:19,ICBP,RG,9600,3,F,KZ,AK,F
10:43:38,ICBP,RG,9600,8,F,KZ,BK,F
10:43:35,ICBP,RG,9600,11,F,KZ,DR,D
10:43:35,ICBP,RG,9600,1,F,AK,DR,D
10:43:35,ICBP,RG,9600,1,F,KZ,DR,D
10:43:35,ICBP,RG,9600,20,F,KZ,DR,D
10:43:35,ICBP,RG,9600,41,F,AK,DR,D
10:43:34,ICBP,RG,9600,1,F,AK,AK,F
10:43:34,ICBP,RG,9600,10,F,AK,AK,F
10:43:34,ICBP,RG,9600,10,F,AK,AK,F
10:43:34,ICBP,RG,9600,6,F,AK,DR,D
10:43:34,ICBP,RG,9600,1,F,KZ,DR,D
10:43:34,ICBP,RG,9600,28,F,KZ,DR,D
10:43:34,ICBP,RG,9600,56,F,KZ,DR,D
10:43:34,ICBP,RG,9600,56,F,KZ,DR,D
10:43:34,ICBP,RG,9600,8,F,CS,DR,D
10:43:34,ICBP,RG,9600,2,F,ZP,DR,D
10:43:34,ICBP,RG,9600,1,F,AK,DR,D
10:43:34,ICBP,RG,9600,5,F,KZ,DR,D
10:42:53,ICBP,RG,9600,1,F,KZ,AK,F
10:42:46,ICBP,RG,9600,3,F,KZ,AK,F
10:42:46,ICBP,RG,9600,5,F,AK,AK,F
10:42:46,ICBP,RG,9625,1,D,BQ,CC,D
10:42:19,ICBP,RG,9600,4,F,AK,AK,F
10:41:59,ICBP,RG,9600,1,F,KZ,PD,D
10:41:41,ICBP,RG,9600,2,F,KZ,DR,D
10:41:40,ICBP,RG,9600,4,F,KZ,DR,D
10:41:40,ICBP,RG,9600,25,F,ZP,DR,D
10:41:40,ICBP,RG,9600,1,D,XC,DR,D
10:41:40,ICBP,RG,9600,2,F,KZ,DR,D
10:41:40,ICBP,RG,9600,11,F,KZ,DR,D
10:41:39,ICBP,RG,9600,9,F,KZ,DR,D
10:41:39,ICBP,RG,9600,3,F,KZ,AK,F
10:41:39,ICBP,RG,9600,3,F,AK,AK,F
10:41:38,ICBP,RG,9600,32,F,AK,AK,F
10:41:38,ICBP,RG,9600,49,F,AK,DR,D
10:41:38,ICBP,RG,9600,1,F,KZ,DR,D
10:41:38,ICBP,RG,9600,1,F,KZ,DR,D
10:41:38,ICBP,RG,9600,6,F,CS,DR,D
10:41:38,ICBP,RG,9600,28,F,KZ,DR,D
10:41:38,ICBP,RG,9600,42,F,KZ,DR,D
10:41:34,ICBP,RG,9600,1,F,KZ,PD,D
10:41:23,ICBP,RG,9600,1,F,KZ,AK,F
10:41:07,ICBP,RG,9600,10,F,KZ,CC,D
10:41:05,ICBP,RG,9600,2,F,KZ,PD,D
10:40:49,ICBP,RG,9600,4,F,KZ,AK,F
10:40:11,ICBP,RG,9600,1,F,KZ,YP,D
10:40:09,ICBP,RG,9600,9,F,KZ,BK,F
10:40:04,ICBP,RG,9600,42,F,KZ,IF,D
10:40:04,ICBP,RG,9600,7,F,CS,IF,D
10:40:04,ICBP,RG,9600,1,F,AK,IF,D
10:39:57,ICBP,RG,9600,6,F,CS,CC,D
10:39:57,ICBP,RG,9600,3,F,KZ,CC,D
10:39:57,ICBP,RG,9600,10,F,AK,CC,D
10:39:57,ICBP,RG,9600,6,F,KZ,CC,D
10:39:57,ICBP,RG,9600,23,F,ZP,CC,D
10:39:57,ICBP,RG,9600,2,F,KZ,CC,D
10:39:55,ICBP,RG,9600,2,F,KZ,YP,D
10:39:55,ICBP,RG,9600,3,F,KZ,YP,D
10:39:53,ICBP,RG,9600,1,F,KZ,AK,F
10:38:39,ICBP,RG,9600,1,F,KZ,XC,D
10:38:38,ICBP,RG,9600,1,F,KZ,AK,F
10:38:08,ICBP,RG,9600,1,F,CS,XC,D
10:37:34,ICBP,RG,9600,7,F,CS,AK,F
10:37:34,ICBP,RG,9600,1,F,KZ,AK,F
10:37:23,ICBP,RG,9600,1,F,KZ,DR,D
10:36:58,ICBP,RG,9600,9,F,KZ,AK,F
10:36:58,ICBP,RG,9600,1,F,KZ,AK,F
10:36:58,ICBP,RG,9600,11,F,AK,AK,F
10:36:58,ICBP,RG,9600,1,F,AK,AK,F
10:36:58,ICBP,RG,9600,36,F,KZ,AK,F
10:36:58,ICBP,RG,9600,26,F,KZ,DR,D
10:36:58,ICBP,RG,9600,187,F,AK,DR,D
10:36:58,ICBP,RG,9600,5,F,CS,DR,D
10:36:58,ICBP,RG,9600,16,F,ZP,DR,D
10:36:36,ICBP,RG,9600,1,F,ZP,DH,D
10:36:32,ICBP,RG,9600,10,F,ZP,BK,F
10:35:49,ICBP,RG,9600,19,F,ZP,NI,D
10:35:49,ICBP,RG,9600,1,F,ZP,NI,D
10:35:31,ICBP,RG,9600,1,F,AK,DR,D
10:35:31,ICBP,RG,9600,25,D,YB,DR,D
10:35:31,ICBP,RG,9600,10,F,KZ,DR,D
10:35:31,ICBP,RG,9600,33,D,XC,DR,D
10:35:31,ICBP,RG,9600,30,F,KZ,DR,D
10:35:31,ICBP,RG,9600,69,F,KZ,DR,D
10:35:30,ICBP,RG,9600,9,F,KZ,DR,D
10:35:17,ICBP,RG,9600,3,F,KZ,PD,D
10:35:05,ICBP,RG,9600,1,F,KZ,XL,D
10:34:46,ICBP,RG,9600,25,F,KZ,XC,D
10:34:23,ICBP,RG,9600,2,F,KZ,AK,F
10:33:56,ICBP,RG,9600,1,F,KZ,NI,D
10:32:34,ICBP,RG,9600,2,F,KZ,AK,F
10:32:34,ICBP,RG,9600,4,F,KZ,AK,F
10:32:28,ICBP,RG,9600,4,F,KZ,PD,D
10:31:57,ICBP,RG,9600,2,F,KZ,DR,D
10:31:56,ICBP,RG,9600,9,F,KZ,DR,D
10:31:43,ICBP,RG,9600,4,F,KZ,DR,D
10:31:41,ICBP,RG,9600,5,F,KZ,DR,D
10:31:41,ICBP,RG,9600,1,D,KK,DR,D
10:31:41,ICBP,RG,9600,1,D,XC,DR,D
10:31:41,ICBP,RG,9600,2,D,YU,DR,D
10:31:40,ICBP,RG,9600,1,D,YU,PD,D
10:31:17,ICBP,RG,9600,2,D,YU,DR,D
10:31:07,ICBP,RG,9600,1,D,YP,AK,F
10:31:07,ICBP,RG,9600,3,D,CD,AG,D
10:30:31,ICBP,RG,9600,3,D,CD,AK,F
10:30:31,ICBP,RG,9600,19,D,CD,AK,F
10:30:31,ICBP,RG,9600,5,D,NI,AK,F
10:30:31,ICBP,RG,9625,11,F,CS,CC,D
10:30:31,ICBP,RG,9625,1,F,AK,CC,D
10:30:31,ICBP,RG,9625,8,F,AK,CC,D
10:30:31,ICBP,RG,9625,1,F,KZ,CC,D
10:30:31,ICBP,RG,9625,6,D,NI,CC,D
10:30:31,ICBP,RG,9625,1,D,PD,CC,D
10:30:31,ICBP,RG,9625,15,F,ZP,CC,D
10:30:31,ICBP,RG,9625,5,D,XL,CC,D
10:30:31,ICBP,RG,9625,6,F,CS,CC,D
10:30:31,ICBP,RG,9625,1,F,AK,CC,D
10:30:31,ICBP,RG,9625,18,F,AK,CC,D
10:30:31,ICBP,RG,9625,60,F,ZP,CC,D
10:30:31,ICBP,RG,9625,49,F,KZ,CC,D
10:30:31,ICBP,RG,9625,10,F,CS,CC,D
10:30:31,ICBP,RG,9625,3,F,CS,CC,D
10:30:31,ICBP,RG,9625,1,F,AK,CC,D
10:30:31,ICBP,RG,9625,10,F,AK,CC,D
10:30:31,ICBP,RG,9625,6,F,CS,CC,D
10:30:31,ICBP,RG,9625,15,F,AK,CC,D
10:30:25,ICBP,RG,9625,1,F,AK,AK,F
10:30:24,ICBP,RG,9650,5,F,KZ,YP,D
10:30:19,ICBP,RG,9625,4,F,AK,AK,F
10:30:09,ICBP,RG,9650,1,F,KZ,YP,D
10:30:08,ICBP,RG,9625,3,F,AK,DR,D
10:29:25,ICBP,RG,9625,1,F,AK,NI,D
10:29:09,ICBP,RG,9625,1,F,AK,AK,F
10:29:08,ICBP,RG,9625,1,F,AK,AK,F
10:28:52,ICBP,RG,9625,1,F,AK,PD,D
10:28:46,ICBP,RG,9625,5,F,AK,XL,D
10:28:15,ICBP,RG,9625,2,F,AK,AK,F
10:28:15,ICBP,RG,9650,16,F,KZ,YP,D
10:28:15,ICBP,RG,9625,6,F,AK,AK,F
10:28:15,ICBP,RG,9650,58,F,AK,YP,D
10:28:09,ICBP,RG,9625,1,F,AK,CC,D
10:28:04,ICBP,RG,9625,1,F,AK,AK,F
10:28:04,ICBP,RG,9625,4,F,AK,AK,F
10:27:23,ICBP,RG,9625,1,F,AK,AK,F
10:26:41,ICBP,RG,9650,11,F,KZ,YP,D
10:26:39,ICBP,RG,9650,4,F,KZ,YP,D
10:26:37,ICBP,RG,9650,1,F,KZ,YP,D
10:26:37,ICBP,RG,9625,3,F,AK,AK,F
10:26:36,ICBP,RG,9625,14,F,AK,AK,F
10:26:36,ICBP,RG,9650,14,D,YP,YP,D
10:26:36,ICBP,RG,9650,1,D,YP,XA,D
10:26:36,ICBP,RG,9650,5,D,YP,LG,D
10:26:36,ICBP,RG,9650,2,D,YP,YP,D
10:26:36,ICBP,RG,9650,1,D,YP,EP,D
10:26:36,ICBP,RG,9650,1,D,YP,YP,D
10:26:36,ICBP,RG,9650,4,D,YP,XC,D
10:26:36,ICBP,RG,9650,5,D,YP,KK,D
10:26:36,ICBP,RG,9650,17,D,YP,SQ,D
10:26:21,ICBP,RG,9650,8,F,KZ,SQ,D
10:26:19,ICBP,RG,9650,1,F,KZ,SQ,D
10:26:17,ICBP,RG,9625,30,F,AK,YP,D
10:26:04,ICBP,RG,9625,4,F,AK,AK,F
10:25:47,ICBP,RG,9650,2,F,KZ,SQ,D
10:25:47,ICBP,RG,9650,1,F,KZ,KK,D
10:25:47,ICBP,RG,9650,1,F,KZ,YP,D
10:25:47,ICBP,RG,9650,3,F,KZ,CC,D
10:25:47,ICBP,RG,9650,7,F,KZ,CC,D
10:25:44,ICBP,RG,9625,40,F,AK,YP,D
10:25:38,ICBP,RG,9625,1,F,AK,AK,F
10:25:06,ICBP,RG,9625,2,F,AK,DR,D
10:24:56,ICBP,RG,9625,1,F,AK,AK,F
10:24:56,ICBP,RG,9625,9,F,AK,AK,F
10:24:55,ICBP,RG,9650,5,F,KZ,CC,D
10:24:55,ICBP,RG,9650,1,F,KZ,YP,D
10:24:55,ICBP,RG,9650,7,F,KZ,YP,D
10:24:53,ICBP,RG,9625,13,F,AK,DR,D
10:24:52,ICBP,RG,9625,15,F,AK,DR,D
10:24:50,ICBP,RG,9625,19,F,AK,YP,D
10:23:32,ICBP,RG,9650,5,F,KZ,YP,D
10:23:30,ICBP,RG,9650,38,F,KZ,YP,D
10:23:30,ICBP,RG,9650,1,F,KZ,AG,D
10:23:28,ICBP,RG,9625,2,F,AK,AK,F
10:23:27,ICBP,RG,9625,15,F,AK,AK,F
10:23:27,ICBP,RG,9625,22,F,AK,DR,D
10:23:27,ICBP,RG,9625,28,F,ZP,DR,D
10:23:27,ICBP,RG,9625,1,D,YP,DR,D
10:23:27,ICBP,RG,9625,5,F,CS,DR,D
10:23:27,ICBP,RG,9625,3,F,CS,DR,D
10:23:27,ICBP,RG,9625,1,D,PD,DR,D
10:23:27,ICBP,RG,9625,6,F,CS,DR,D
10:23:27,ICBP,RG,9625,5,D,XL,DR,D
10:23:27,ICBP,RG,9625,4,F,CS,DR,D
10:23:27,ICBP,RG,9625,28,F,ZP,DR,D
10:23:27,ICBP,RG,9625,2,F,CS,DR,D
10:23:27,ICBP,RG,9625,3,F,CS,DR,D
10:23:27,ICBP,RG,9625,2,D,XL,DR,D
10:23:27,ICBP,RG,9625,3,F,CS,DR,D
10:23:27,ICBP,RG,9625,5,F,CS,DR,D
10:23:27,ICBP,RG,9625,10,D,KK,DR,D
10:23:27,ICBP,RG,9625,5,F,CS,DR,D
10:23:27,ICBP,RG,9625,1,D,PD,DR,D
10:23:27,ICBP,RG,9625,5,D,YP,DR,D
10:23:27,ICBP,RG,9625,2,D,CC,DR,D
10:22:49,ICBP,RG,9625,7,D,CC,AK,F
10:22:36,ICBP,RG,9650,2,F,KZ,AG,D
10:22:34,ICBP,RG,9650,2,F,KZ,AG,D
10:22:30,ICBP,RG,9625,1,D,CC,AK,F
10:22:30,ICBP,RG,9625,2,D,CC,AK,F
10:22:30,ICBP,RG,9625,1,F,AK,AK,F
10:22:30,ICBP,RG,9625,1,F,AK,AK,F
10:22:30,ICBP,RG,9625,5,F,AK,AK,F
10:22:30,ICBP,RG,9650,1,F,AK,AG,D
10:21:42,ICBP,RG,9625,2,F,AK,AK,F
10:21:41,ICBP,RG,9625,1,F,AK,DR,D
10:21:41,ICBP,RG,9625,2,F,AK,DR,D
10:21:39,ICBP,RG,9650,2,F,KZ,AG,D
10:21:37,ICBP,RG,9650,11,F,KZ,AG,D
10:21:35,ICBP,RG,9625,7,F,AK,DR,D
10:21:35,ICBP,RG,9625,16,F,ZP,DR,D
10:21:35,ICBP,RG,9625,27,D,NI,DR,D
10:21:17,ICBP,RG,9650,2,F,KZ,AG,D
10:21:17,ICBP,RG,9650,18,F,KZ,AG,D
10:21:14,ICBP,RG,9625,10,D,NI,AK,F
10:21:13,ICBP,RG,9625,66,D,NI,DR,D
10:20:46,ICBP,RG,9650,1,F,KZ,AG,D
10:20:45,ICBP,RG,9650,4,F,KZ,AG,D
10:20:43,ICBP,RG,9625,17,D,NI,YP,D
10:20:13,ICBP,RG,9625,1,D,NI,NI,D
10:20:04,ICBP,RG,9650,3,F,KZ,AG,D
10:20:02,ICBP,RG,9625,12,D,NI,AK,F
10:18:36,ICBP,RG,9650,1,F,KZ,AG,D
10:18:34,ICBP,RG,9625,4,D,NI,AK,F
10:17:53,ICBP,RG,9625,1,D,NI,AK,F
10:15:41,ICBP,RG,9625,164,D,NI,DR,D
10:15:30,ICBP,RG,9650,2,D,XL,AG,D
10:14:20,ICBP,RG,9625,10,D,NI,YP,D
10:14:17,ICBP,RG,9625,16,D,NI,XL,D
10:13:42,ICBP,RG,9625,66,D,NI,DR,D
10:13:41,ICBP,RG,9625,4,D,NI,DR,D
10:13:31,ICBP,RG,9625,1,D,NI,TF,D
10:12:34,ICBP,RG,9625,4,D,NI,DR,D
10:12:21,ICBP,RG,9625,10,D,NI,XC,D
10:12:13,ICBP,RG,9625,1,D,NI,PD,D
10:12:12,ICBP,RG,9625,2,D,NI,XC,D
10:12:08,ICBP,RG,9625,4,D,NI,XC,D
10:12:07,ICBP,RG,9625,2,D,NI,YP,D
10:11:45,ICBP,RG,9625,4,D,NI,DR,D
10:11:43,ICBP,RG,9650,2,F,AK,AG,D
10:11:43,ICBP,RG,9650,46,F,AK,AG,D
10:11:43,ICBP,RG,9625,1,D,NI,PD,D
10:10:51,ICBP,RG,9625,73,D,NI,GR,D
10:10:51,ICBP,RG,9625,4,F,CS,GR,D
10:10:51,ICBP,RG,9625,3,F,ZP,GR,D
10:10:16,ICBP,RG,9625,1,F,ZP,PD,D
10:09:37,ICBP,RG,9625,13,F,ZP,YP,D
10:09:37,ICBP,RG,9625,3,D,NI,YP,D
10:09:32,ICBP,RG,9625,1,D,NI,XC,D
10:08:24,ICBP,RG,9625,45,D,NI,YP,D
10:07:12,ICBP,RG,9650,2,D,PD,AG,D
10:07:00,ICBP,RG,9625,25,D,NI,PD,D
10:06:39,ICBP,RG,9650,1,D,BQ,LG,D
10:06:29,ICBP,RG,9625,1,D,NI,KK,D
10:06:17,ICBP,RG,9625,50,D,NI,YP,D
10:06:07,ICBP,RG,9625,1,D,NI,DR,D
10:05:58,ICBP,RG,9625,4,D,NI,DR,D
10:05:58,ICBP,RG,9625,5,D,NI,DR,D
10:05:35,ICBP,RG,9625,5,D,NI,AG,D
10:05:29,ICBP,RG,9625,5,D,NI,AG,D
10:04:37,ICBP,RG,9625,2,D,NI,AG,D
10:04:04,ICBP,RG,9625,3,D,NI,AZ,D
10:00:11,ICBP,RG,9625,1,D,NI,PD,D
10:00:08,ICBP,RG,9625,2,D,NI,XC,D
10:00:03,ICBP,RG,9625,1,D,NI,KK,D
09:59:49,ICBP,RG,9625,5,D,NI,AT,D
09:59:22,ICBP,RG,9625,69,D,NI,AK,F
09:59:22,ICBP,RG,9625,3,D,NI,AK,F
09:59:22,ICBP,RG,9625,1,D,NI,AK,F
09:59:22,ICBP,RG,9625,15,D,NI,NI,D
09:59:22,ICBP,RG,9625,10,D,NI,PD,D
09:59:22,ICBP,RG,9625,4,D,NI,DH,D
09:59:22,ICBP,RG,9625,1,D,NI,PD,D
09:59:22,ICBP,RG,9625,3,D,NI,AK,F
09:59:22,ICBP,RG,9625,1,D,NI,PD,D
09:59:22,ICBP,RG,9625,1,D,NI,YP,D
09:59:22,ICBP,RG,9625,3,D,NI,CC,D
09:59:22,ICBP,RG,9625,1,D,NI,AK,F
09:59:22,ICBP,RG,9625,1,D,NI,AK,F
09:59:22,ICBP,RG,9625,5,D,NI,XC,D
09:59:22,ICBP,RG,9625,1,D,NI,KK,D
09:59:22,ICBP,RG,9625,10,D,NI,AK,F
09:59:22,ICBP,RG,9625,100,D,NI,YB,D
09:59:22,ICBP,RG,9625,112,D,NI,DR,D
09:58:35,ICBP,RG,9600,1,F,KZ,AK,F
09:58:35,ICBP,RG,9625,10,D,YP,DR,D
09:57:29,ICBP,RG,9625,7,F,ZP,DR,D
09:55:26,ICBP,RG,9625,5,F,ZP,DR,D
09:54:24,ICBP,RG,9625,1,D,KK,DR,D
09:53:58,ICBP,RG,9600,3,F,KZ,AK,F
09:53:58,ICBP,RG,9600,3,F,KZ,AK,F
09:53:58,ICBP,RG,9600,10,F,KZ,CC,D
09:53:58,ICBP,RG,9600,1,F,KZ,NI,D
09:53:58,ICBP,RG,9600,1,F,KZ,AK,F
09:53:58,ICBP,RG,9600,1,F,KZ,SQ,D
09:53:58,ICBP,RG,9600,67,F,KZ,DR,D
09:53:56,ICBP,RG,9600,68,F,BK,DR,D
09:53:56,ICBP,RG,9600,103,F,BK,BK,F
09:53:56,ICBP,RG,9600,1,F,BK,AK,F
09:53:56,ICBP,RG,9600,1,F,BK,AK,F
09:53:56,ICBP,RG,9600,3,F,BK,AK,F
09:53:56,ICBP,RG,9600,3,F,BK,AK,F
09:53:56,ICBP,RG,9600,3,F,BK,AK,F
09:53:56,ICBP,RG,9600,2,F,BK,CC,F
09:53:56,ICBP,RG,9600,12,F,BK,DR,D
09:53:56,ICBP,RG,9600,188,F,BK,BK,F
09:53:56,ICBP,RG,9600,168,F,BK,DR,D
09:53:56,ICBP,RG,9600,23,F,KZ,DR,D
09:53:56,ICBP,RG,9600,24,F,KZ,DR,D
09:53:52,ICBP,RG,9600,71,F,BK,AK,F
09:53:51,ICBP,RG,9600,100,D,LS,AK,F
09:52:37,ICBP,RG,9575,8,F,KZ,YP,D
09:52:37,ICBP,RG,9575,1,F,ZP,YP,D
09:52:37,ICBP,RG,9575,1,D,PD,YP,D
09:52:37,ICBP,RG,9575,5,D,YP,YP,D
09:52:37,ICBP,RG,9575,10,F,KZ,YP,D
09:52:22,ICBP,RG,9575,1,F,KZ,PD,D
09:51:52,ICBP,RG,9575,2,F,KZ,PD,D
09:51:22,ICBP,RG,9600,3,D,YB,AK,F
09:51:22,ICBP,RG,9600,2,D,YB,DR,D
09:51:03,ICBP,RG,9575,1,F,KZ,XC,D
09:50:50,ICBP,RG,9575,1,F,KZ,AI,D
09:50:50,ICBP,RG,9575,3,D,PD,AI,D
09:50:50,ICBP,RG,9575,2,D,PD,AI,D
09:50:27,ICBP,RG,9600,8,F,AK,YP,D
09:50:27,ICBP,RG,9600,2,F,ZP,YP,D
09:50:27,ICBP,RG,9600,14,F,ZP,YP,D
09:50:27,ICBP,RG,9600,1,F,AK,YP,D
09:50:27,ICBP,RG,9600,3,F,KZ,YP,D
09:50:27,ICBP,RG,9600,10,F,AK,YP,D
09:50:27,ICBP,RG,9600,91,F,KZ,YP,D
09:50:27,ICBP,RG,9600,239,F,BK,YP,D
09:50:03,ICBP,RG,9600,32,F,BK,DR,D
09:50:03,ICBP,RG,9600,7,F,KZ,DR,D
09:50:03,ICBP,RG,9600,4,F,KZ,DR,D
09:50:03,ICBP,RG,9600,9,F,ZP,DR,D
09:50:03,ICBP,RG,9600,2,D,AZ,DR,D
09:50:03,ICBP,RG,9600,2,D,YP,DR,D
09:50:03,ICBP,RG,9600,1,D,YP,DR,D
09:49:01,ICBP,RG,9625,2,F,KZ,DR,D
09:49:01,ICBP,RG,9625,4,F,KZ,DR,D
09:49:01,ICBP,RG,9625,1,F,KZ,DR,D
09:49:00,ICBP,RG,9600,4,D,YP,AK,F
09:49:00,ICBP,RG,9600,3,D,PD,AK,F
09:49:00,ICBP,RG,9600,30,D,DH,AK,F
09:49:00,ICBP,RG,9600,14,F,KZ,AK,F
09:49:00,ICBP,RG,9600,2,D,PD,AK,F
09:49:00,ICBP,RG,9625,5,F,CS,AK,F
09:49:00,ICBP,RG,9625,4,F,ZP,AK,F
09:49:00,ICBP,RG,9625,2,F,KZ,AK,F
09:49:00,ICBP,RG,9625,2,F,KZ,AK,F
09:49:00,ICBP,RG,9625,6,F,CS,AK,F
09:49:00,ICBP,RG,9625,4,F,KZ,AK,F
09:49:00,ICBP,RG,9625,3,D,PD,AK,F
09:49:00,ICBP,RG,9625,25,D,PD,AK,F
09:49:00,ICBP,RG,9625,2,D,PD,AK,F
09:49:00,ICBP,RG,9625,3,F,KZ,AK,F
09:49:00,ICBP,RG,9650,6,D,YP,DR,D
09:49:00,ICBP,RG,9650,1,D,YP,AK,F
09:49:00,ICBP,RG,9650,12,D,YP,DR,D
09:49:00,ICBP,RG,9650,12,D,YP,DR,D
09:49:00,ICBP,RG,9650,13,D,YP,AK,F
09:48:43,ICBP,RG,9625,7,F,KZ,YP,D
09:46:16,ICBP,RG,9650,10,F,AK,AK,F
09:46:16,ICBP,RG,9650,1,F,KZ,AK,F
09:46:16,ICBP,RG,9650,5,D,CC,AK,F
09:46:16,ICBP,RG,9650,18,F,KZ,AK,F
09:46:16,ICBP,RG,9650,58,F,KZ,AK,F
09:46:16,ICBP,RG,9650,5,F,CS,AK,F
09:46:16,ICBP,RG,9650,1,F,AK,AK,F
09:46:16,ICBP,RG,9650,13,F,AK,AK,F
09:46:16,ICBP,RG,9650,1,D,YP,AK,F
09:46:16,ICBP,RG,9650,15,D,DR,AK,F
09:46:16,ICBP,RG,9650,1,F,CS,AK,F
09:46:16,ICBP,RG,9650,4,F,CS,AK,F
09:46:16,ICBP,RG,9650,10,D,KK,AK,F
09:46:16,ICBP,RG,9650,6,F,ZP,AK,F
09:46:16,ICBP,RG,9650,2,F,CS,AK,F
09:46:16,ICBP,RG,9650,7,F,CS,AK,F
09:46:16,ICBP,RG,9650,1,D,KK,AK,F
09:46:16,ICBP,RG,9650,3,D,PD,AK,F
09:46:16,ICBP,RG,9650,1,F,AK,AK,F
09:46:16,ICBP,RG,9650,1,F,AK,AK,F
09:46:16,ICBP,RG,9650,11,F,AK,AK,F
09:46:16,ICBP,RG,9650,10,F,AK,AK,F
09:46:16,ICBP,RG,9650,2,D,PD,AK,F
09:46:16,ICBP,RG,9650,1,F,KZ,AK,F
09:46:16,ICBP,RG,9650,22,F,KZ,AK,F
09:46:16,ICBP,RG,9650,33,F,KZ,AK,F
09:46:16,ICBP,RG,9650,22,F,ZP,AK,F
09:46:16,ICBP,RG,9650,50,F,KZ,AK,F
09:46:16,ICBP,RG,9650,52,F,KZ,AK,F
09:46:16,ICBP,RG,9650,71,F,KZ,AK,F
09:46:12,ICBP,RG,9675,3,D,YP,YP,D
09:46:03,ICBP,RG,9650,3,F,KZ,XC,D
09:45:57,ICBP,RG,9650,1,F,KZ,AI,D
09:45:48,ICBP,RG,9650,5,F,KZ,DH,D
09:45:40,ICBP,RG,9650,1,F,KZ,PD,D
09:45:31,ICBP,RG,9650,1,F,KZ,PD,D
09:45:20,ICBP,RG,9650,1,F,KZ,XC,D
09:45:17,ICBP,RG,9675,1,D,AI,PD,D
09:45:12,ICBP,RG,9650,3,F,KZ,ZP,D
09:45:08,ICBP,RG,9650,5,F,KZ,GR,D
09:45:06,ICBP,RG,9650,10,F,KZ,DR,D
09:45:06,ICBP,RG,9650,14,F,KZ,DR,D
09:45:06,ICBP,RG,9650,2,F,KZ,DR,D
09:45:06,ICBP,RG,9650,1,F,KZ,PD,D
09:45:06,ICBP,RG,9650,11,F,KZ,DR,D
09:45:05,ICBP,RG,9650,1,F,KZ,AK,F
09:45:05,ICBP,RG,9650,1,F,KZ,AK,F
09:45:05,ICBP,RG,9650,3,F,KZ,AK,F
09:45:05,ICBP,RG,9650,5,F,KZ,AK,F
09:45:05,ICBP,RG,9650,228,F,KZ,DR,D
09:45:05,ICBP,RG,9650,110,F,KZ,DR,D
09:45:05,ICBP,RG,9650,158,F,AK,DR,D
09:45:05,ICBP,RG,9650,4,F,CS,DR,D
09:45:05,ICBP,RG,9650,10,F,ZP,DR,D
09:45:05,ICBP,RG,9650,77,F,KZ,DR,D
09:44:43,ICBP,RG,9650,2,F,KZ,CP,D
09:44:37,ICBP,RG,9650,1,F,KZ,DH,D
09:44:31,ICBP,RG,9650,30,F,KZ,YP,D
09:44:18,ICBP,RG,9650,1,F,KZ,CC,D
09:44:11,ICBP,RG,9650,3,F,KZ,XC,D
09:44:10,ICBP,RG,9650,1,F,KZ,YP,D
09:43:58,ICBP,RG,9650,1,F,KZ,XC,D
09:43:50,ICBP,RG,9650,2,F,KZ,XL,D
09:43:47,ICBP,RG,9650,1,F,KZ,XC,D
09:43:44,ICBP,RG,9650,2,F,KZ,AK,F
09:43:44,ICBP,RG,9650,20,F,KZ,CC,D
09:43:15,ICBP,RG,9650,2,F,KZ,DH,D
09:43:06,ICBP,RG,9650,1,F,KZ,AK,F
09:43:06,ICBP,RG,9650,5,F,KZ,SQ,D
09:42:47,ICBP,RG,9650,6,F,KZ,DR,D
09:42:04,ICBP,RG,9650,2,F,KZ,OD,D
09:42:03,ICBP,RG,9650,3,F,KZ,AK,F
09:42:03,ICBP,RG,9650,6,F,KZ,AK,F
09:42:03,ICBP,RG,9650,8,D,YP,AK,F
09:42:03,ICBP,RG,9650,9,D,YP,AK,F
09:42:03,ICBP,RG,9650,1,D,YP,XL,D
09:42:03,ICBP,RG,9650,35,D,YP,AI,D
09:42:03,ICBP,RG,9650,1,D,YP,PD,D
09:42:03,ICBP,RG,9650,24,D,YP,KK,D
09:42:03,ICBP,RG,9650,2,D,YP,YP,D
09:42:03,ICBP,RG,9650,1,D,YP,KK,D
09:42:03,ICBP,RG,9650,1,D,YP,PD,D
09:42:03,ICBP,RG,9650,15,D,YP,SQ,D
09:42:03,ICBP,RG,9650,1,D,YP,XC,D
09:42:03,ICBP,RG,9650,1,D,YP,SQ,D
09:42:03,ICBP,RG,9650,1,D,YP,YP,D
09:42:01,ICBP,RG,9650,1,F,KZ,YP,D
09:42:01,ICBP,RG,9650,10,F,KZ,KK,D
09:42:01,ICBP,RG,9650,1,F,KZ,XC,D
09:42:01,ICBP,RG,9650,1,F,KZ,EP,D
09:42:01,ICBP,RG,9650,5,F,KZ,AO,D
09:42:01,ICBP,RG,9650,2,F,KZ,CC,D
09:42:01,ICBP,RG,9650,1,F,KZ,EP,D
09:42:01,ICBP,RG,9650,12,F,KZ,CC,D
09:42:01,ICBP,RG,9650,1,F,KZ,NI,D
09:42:01,ICBP,RG,9650,43,F,KZ,CP,D
09:42:01,ICBP,RG,9650,34,F,KZ,CP,D
09:42:01,ICBP,RG,9650,23,F,KZ,CP,D
09:42:01,ICBP,RG,9650,1,F,KZ,PD,D
09:42:01,ICBP,RG,9650,1,F,KZ,CC,D
09:42:01,ICBP,RG,9650,4,F,KZ,PD,D
09:42:01,ICBP,RG,9650,4,F,KZ,PD,D
09:42:01,ICBP,RG,9650,25,F,KZ,YP,D
09:42:01,ICBP,RG,9650,17,F,KZ,YJ,D
09:42:01,ICBP,RG,9650,13,F,KZ,YJ,D
09:42:01,ICBP,RG,9650,5,F,KZ,AT,D
09:42:01,ICBP,RG,9650,1,F,KZ,OD,D
09:42:01,ICBP,RG,9650,10,F,KZ,YP,D
09:42:01,ICBP,RG,9650,4,F,KZ,CC,D
09:41:59,ICBP,RG,9650,100,D,YP,SQ,D
09:41:53,ICBP,RG,9625,1,F,KZ,XC,D
09:41:31,ICBP,RG,9625,8,F,KZ,AK,F
09:41:31,ICBP,RG,9625,2,F,KZ,AK,F
09:41:31,ICBP,RG,9625,2,F,KZ,AK,F
09:41:27,ICBP,RG,9600,22,F,BK,DR,D
09:41:27,ICBP,RG,9600,5,F,CS,DR,D
09:41:27,ICBP,RG,9600,347,F,BK,DR,D
09:41:27,ICBP,RG,9625,145,F,BK,BK,F
09:41:27,ICBP,RG,9625,11,F,BK,AK,F
09:41:27,ICBP,RG,9625,15,F,BK,NI,D
09:41:27,ICBP,RG,9625,10,F,BK,NI,D
09:41:27,ICBP,RG,9625,20,F,BK,AZ,D
09:41:27,ICBP,RG,9625,5,F,BK,PD,D
09:41:27,ICBP,RG,9625,1,F,BK,PD,D
09:41:27,ICBP,RG,9625,1,F,BK,KK,D
09:41:27,ICBP,RG,9625,1,F,BK,PD,D
09:41:27,ICBP,RG,9625,1,F,BK,KK,D
09:41:27,ICBP,RG,9625,1,F,BK,LG,D
09:41:27,ICBP,RG,9625,3,F,BK,SQ,D
09:41:27,ICBP,RG,9625,5,F,BK,NI,D
09:41:27,ICBP,RG,9625,1,F,BK,YP,D
09:41:27,ICBP,RG,9625,5,F,BK,CC,D
09:41:27,ICBP,RG,9625,2,F,BK,PD,D
09:41:27,ICBP,RG,9625,2,F,BK,PD,D
09:41:27,ICBP,RG,9625,349,F,BK,SQ,D
09:41:26,ICBP,RG,9625,151,F,AK,SQ,D
09:41:26,ICBP,RG,9625,1,F,AK,CC,D
09:41:26,ICBP,RG,9625,9,F,AK,YP,D
09:41:26,ICBP,RG,9625,2,F,AK,PD,D
09:41:26,ICBP,RG,9625,2,F,AK,XL,D
09:41:26,ICBP,RG,9625,10,F,AK,LS,D
09:41:26,ICBP,RG,9625,2,F,AK,SQ,D
09:41:26,ICBP,RG,9625,1,F,AK,XC,D
09:41:26,ICBP,RG,9625,7,F,AK,KK,D
09:41:26,ICBP,RG,9625,5,F,AK,CC,D
09:41:26,ICBP,RG,9625,1,F,AK,PD,D
09:41:26,ICBP,RG,9625,7,F,AK,SQ,D
09:41:26,ICBP,RG,9600,2,F,BK,AK,F
09:41:26,ICBP,RG,9600,28,F,BK,AK,F
09:41:26,ICBP,RG,9600,7,F,BK,NI,D
09:41:26,ICBP,RG,9600,5,F,BK,PD,D
09:41:26,ICBP,RG,9600,1,F,BK,PD,D
09:41:26,ICBP,RG,9600,5,F,BK,YU,D
09:41:26,ICBP,RG,9600,2,F,BK,XC,D
09:41:26,ICBP,RG,9600,3,F,BK,NI,D
09:41:26,ICBP,RG,9600,2,F,BK,GR,D
09:41:26,ICBP,RG,9600,1,F,BK,YU,D
09:41:26,ICBP,RG,9600,1,F,BK,XC,D
09:41:26,ICBP,RG,9600,20,F,BK,CC,D
09:41:26,ICBP,RG,9600,10,F,BK,YP,D
09:41:26,ICBP,RG,9600,1,F,BK,PD,D
09:41:26,ICBP,RG,9600,8,F,BK,SQ,D
09:41:26,ICBP,RG,9600,1,F,BK,PD,D
09:41:26,ICBP,RG,9600,15,F,BK,PD,D
09:41:26,ICBP,RG,9600,20,F,BK,GR,D
09:41:26,ICBP,RG,9600,6,F,BK,NI,D
09:41:26,ICBP,RG,9600,5,F,BK,SQ,D
09:41:26,ICBP,RG,9600,3,F,BK,DH,D
09:41:26,ICBP,RG,9600,25,F,BK,YP,D
09:41:26,ICBP,RG,9600,5,F,BK,XC,D
09:41:26,ICBP,RG,9600,10,F,BK,ES,D
09:41:26,ICBP,RG,9600,5,F,BK,AR,D
09:41:26,ICBP,RG,9600,1,F,BK,YP,D
09:41:26,ICBP,RG,9600,25,F,BK,TP,D
09:41:26,ICBP,RG,9600,1,F,BK,YP,D
09:41:26,ICBP,RG,9600,1,F,BK,PD,D
09:41:26,ICBP,RG,9600,1,F,BK,XC,D
09:41:26,ICBP,RG,9600,4,F,BK,CC,D
09:41:26,ICBP,RG,9600,3,F,BK,CC,D
09:41:26,ICBP,RG,9600,1,F,BK,DR,D
09:41:26,ICBP,RG,9600,7,F,BK,CC,D
09:41:26,ICBP,RG,9600,3,F,BK,YP,D
09:41:26,ICBP,RG,9600,5,F,BK,PD,D
09:41:26,ICBP,RG,9600,60,F,BK,YP,D
09:41:26,ICBP,RG,9600,8,F,BK,NI,D
09:41:26,ICBP,RG,9600,3,F,BK,PD,D
09:41:26,ICBP,RG,9600,1,F,BK,PD,D
09:41:26,ICBP,RG,9600,3,F,BK,CC,D
09:41:26,ICBP,RG,9600,1,F,BK,NI,D
09:41:26,ICBP,RG,9600,5,F,BK,XA,D
09:41:26,ICBP,RG,9600,3,F,BK,YP,D
09:41:26,ICBP,RG,9600,2,F,BK,YP,D
09:41:26,ICBP,RG,9600,10,F,BK,YP,D
09:41:26,ICBP,RG,9600,322,F,BK,DR,D
09:41:26,ICBP,RG,9600,19,F,BK,DR,D
09:41:26,ICBP,RG,9600,189,F,BK,DR,D
09:41:26,ICBP,RG,9600,3,F,BK,YP,D
09:41:26,ICBP,RG,9600,5,F,BK,KK,D
09:41:26,ICBP,RG,9600,150,F,BK,YP,D
09:41:26,ICBP,RG,9600,231,F,BK,SQ,D
09:41:25,ICBP,RG,9600,100,D,YP,SQ,D
09:41:16,ICBP,RG,9600,10,F,ZP,SQ,D
09:41:16,ICBP,RG,9575,3,F,KZ,AK,F
09:41:16,ICBP,RG,9575,5,F,ZP,AK,F
09:41:16,ICBP,RG,9575,4,F,BK,AK,F
09:41:16,ICBP,RG,9575,30,F,BK,PD,D
09:41:16,ICBP,RG,9575,20,F,BK,CC,D
09:41:16,ICBP,RG,9575,15,F,BK,KK,D
09:41:16,ICBP,RG,9575,4,F,BK,YP,D
09:41:16,ICBP,RG,9575,5,F,BK,YP,D
09:41:16,ICBP,RG,9575,3,F,BK,YP,D
09:41:16,ICBP,RG,9575,1,F,BK,AK,F
09:41:16,ICBP,RG,9575,1,F,BK,AK,F
09:41:16,ICBP,RG,9575,2,F,BK,DH,D
09:41:16,ICBP,RG,9575,263,F,BK,SQ,D
09:39:45,ICBP,RG,9550,5,F,KZ,XC,D
09:39:00,ICBP,RG,9550,2,F,KZ,DH,D
09:38:30,ICBP,RG,9550,3,F,KZ,PD,D
09:38:30,ICBP,RG,9550,2,F,ZP,PD,D
09:37:12,ICBP,RG,9575,1,F,KZ,SQ,D
09:37:12,ICBP,RG,9575,1,D,XC,SQ,D
09:37:12,ICBP,RG,9575,5,D,YP,SQ,D
09:37:12,ICBP,RG,9575,6,F,CS,SQ,D
09:37:12,ICBP,RG,9575,4,F,CS,SQ,D
09:37:12,ICBP,RG,9575,1,D,YP,SQ,D
09:37:12,ICBP,RG,9575,1,F,CS,SQ,D
09:37:12,ICBP,RG,9575,3,F,CS,SQ,D
09:37:12,ICBP,RG,9575,3,F,CS,SQ,D
09:37:12,ICBP,RG,9575,13,F,ZP,SQ,D
09:37:12,ICBP,RG,9575,6,F,CS,SQ,D
09:37:12,ICBP,RG,9575,10,F,AK,SQ,D
09:37:12,ICBP,RG,9575,5,D,YP,SQ,D
09:37:12,ICBP,RG,9575,1,F,AK,SQ,D
09:37:12,ICBP,RG,9575,1,D,PD,SQ,D
09:37:12,ICBP,RG,9575,11,F,KZ,SQ,D
09:36:58,ICBP,RG,9575,57,F,KZ,YP,D
09:36:58,ICBP,RG,9575,5,F,KZ,YP,D
09:36:58,ICBP,RG,9575,38,F,AK,YP,D
09:36:23,ICBP,RG,9575,6,F,AK,DR,D
09:36:20,ICBP,RG,9575,1,F,AK,YP,D
09:35:52,ICBP,RG,9575,1,F,AK,DR,D
09:35:44,ICBP,RG,9575,12,F,AK,AK,F
09:35:44,ICBP,RG,9575,6,F,AK,DR,D
09:35:43,ICBP,RG,9575,1,F,AK,AK,F
09:35:43,ICBP,RG,9575,9,F,ZP,AK,F
09:35:41,ICBP,RG,9575,7,F,ZP,DR,D
09:35:35,ICBP,RG,9575,61,F,BK,DR,D
09:35:35,ICBP,RG,9575,1,F,CS,DR,D
09:35:35,ICBP,RG,9575,3,F,CS,DR,D
09:35:35,ICBP,RG,9575,15,F,KZ,DR,D
09:33:48,ICBP,RG,9575,3,F,KZ,YP,D
09:33:35,ICBP,RG,9575,30,F,KZ,CC,D
09:32:37,ICBP,RG,9575,1,F,KZ,XL,D
09:32:12,ICBP,RG,9575,24,F,KZ,YP,D
09:32:12,ICBP,RG,9575,6,F,KZ,YP,D
09:31:46,ICBP,RG,9575,1,F,KZ,PD,D
09:31:46,ICBP,RG,9575,1,F,KZ,YP,D
09:31:46,ICBP,RG,9575,4,F,KZ,PD,D
09:31:46,ICBP,RG,9575,19,F,KZ,YP,D
09:31:41,ICBP,RG,9575,3,F,KZ,YP,D
09:31:41,ICBP,RG,9575,3,F,KZ,YP,D
09:31:41,ICBP,RG,9575,1,F,KZ,XC,D
09:31:41,ICBP,RG,9575,1,F,KZ,NI,D
09:31:41,ICBP,RG,9575,12,F,KZ,CC,F
09:31:41,ICBP,RG,9575,9,F,KZ,CC,F
09:31:41,ICBP,RG,9575,1,F,KZ,LG,D
09:31:41,ICBP,RG,9575,5,F,KZ,CC,D
09:31:41,ICBP,RG,9575,2,F,KZ,XC,D
09:31:41,ICBP,RG,9575,28,F,KZ,DH,D
09:31:41,ICBP,RG,9575,10,F,KZ,ES,D
09:31:41,ICBP,RG,9575,8,F,KZ,KK,D
09:31:41,ICBP,RG,9575,21,F,KZ,KK,D
09:31:36,ICBP,RG,9575,1,D,NI,KK,D
09:31:17,ICBP,RG,9550,1,F,BK,PD,D
09:31:17,ICBP,RG,9550,1,F,BK,XC,D
09:31:17,ICBP,RG,9550,163,F,BK,BK,F
09:31:17,ICBP,RG,9550,16,F,BK,DR,D
09:31:17,ICBP,RG,9550,18,F,BK,DR,D
09:31:17,ICBP,RG,9550,13,F,BK,DR,D
09:31:17,ICBP,RG,9550,4,F,BK,DR,D
09:31:17,ICBP,RG,9550,4,F,BK,DR,D
09:31:16,ICBP,RG,9550,13,F,AK,DR,D
09:31:16,ICBP,RG,9550,189,F,BK,DR,D
09:31:16,ICBP,RG,9550,51,F,BK,SQ,D
09:31:10,ICBP,RG,9550,10,D,NI,SQ,D
09:30:15,ICBP,RG,9550,29,F,AK,SQ,D
09:29:59,ICBP,RG,9525,52,F,BK,DX,D
09:29:36,ICBP,RG,9525,1,F,BK,YP,D
09:29:24,ICBP,RG,9525,10,F,ZP,YB,D
09:29:12,ICBP,RG,9525,1,F,ZP,PD,D
09:28:38,ICBP,RG,9525,3,F,KZ,XL,D
09:28:20,ICBP,RG,9525,4,F,KZ,KK,D
09:28:20,ICBP,RG,9525,9,F,KZ,KK,D
09:28:13,ICBP,RG,9525,16,F,KZ,DR,D
09:28:13,ICBP,RG,9525,10,D,KK,DR,D
09:28:13,ICBP,RG,9525,10,D,NI,DR,D
09:28:13,ICBP,RG,9525,2,D,DH,DR,D
09:28:13,ICBP,RG,9525,5,D,XC,DR,D
09:28:13,ICBP,RG,9525,2,D,XC,DR,D
09:28:13,ICBP,RG,9525,10,D,KK,DR,D
09:28:13,ICBP,RG,9525,26,D,NI,DR,D
09:28:13,ICBP,RG,9525,1,D,PD,DR,D
09:28:12,ICBP,RG,9525,6,F,KZ,DR,D
09:27:37,ICBP,RG,9525,2,F,KZ,DR,D
09:27:36,ICBP,RG,9525,4,F,KZ,YP,D
09:27:36,ICBP,RG,9525,7,F,KZ,DR,D
09:27:36,ICBP,RG,9525,5,F,KZ,DR,D
09:27:36,ICBP,RG,9525,3,D,AZ,DR,D
09:27:17,ICBP,RG,9550,4,F,AK,SQ,D
09:27:17,ICBP,RG,9550,50,F,AK,SQ,D
09:27:16,ICBP,RG,9550,7,F,CS,SQ,D
09:27:16,ICBP,RG,9550,7,F,KZ,SQ,D
09:27:16,ICBP,RG,9550,20,D,PD,SQ,D
09:27:16,ICBP,RG,9550,1,D,PD,SQ,D
09:27:16,ICBP,RG,9550,2,F,KZ,SQ,D
09:27:16,ICBP,RG,9550,6,F,CS,SQ,D
09:27:16,ICBP,RG,9550,5,F,KZ,SQ,D
09:27:16,ICBP,RG,9550,6,F,ZP,SQ,D
09:27:16,ICBP,RG,9550,1,F,AK,SQ,D
09:27:16,ICBP,RG,9550,8,F,CS,SQ,D
09:27:16,ICBP,RG,9550,49,F,KZ,SQ,D
09:27:16,ICBP,RG,9550,13,F,ZP,SQ,D
09:27:16,ICBP,RG,9550,132,F,AK,SQ,D
09:27:16,ICBP,RG,9550,3,F,CS,SQ,D
09:27:16,ICBP,RG,9550,8,F,KZ,SQ,D
09:27:16,ICBP,RG,9550,4,F,CS,SQ,D
09:27:16,ICBP,RG,9550,1,D,PD,SQ,D
09:27:16,ICBP,RG,9550,10,F,KZ,SQ,D
09:27:16,ICBP,RG,9550,6,F,ZP,SQ,D
09:27:16,ICBP,RG,9550,10,D,CC,SQ,D
09:27:16,ICBP,RG,9550,1,D,YP,SQ,D
09:27:16,ICBP,RG,9550,1,D,KK,SQ,D
09:27:16,ICBP,RG,9550,10,D,YP,SQ,D
09:27:16,ICBP,RG,9550,1,D,YP,SQ,D
09:27:16,ICBP,RG,9550,5,D,CC,SQ,D
09:27:16,ICBP,RG,9550,4,F,KZ,SQ,D
09:27:16,ICBP,RG,9550,11,D,XC,SQ,D
09:27:16,ICBP,RG,9550,4,F,KZ,SQ,D
09:27:16,ICBP,RG,9550,10,D,NI,SQ,D
09:27:16,ICBP,RG,9550,4,F,KZ,SQ,D
09:27:16,ICBP,RG,9550,6,D,XC,SQ,D
09:26:40,ICBP,RG,9550,2,D,XC,YP,D
09:26:12,ICBP,RG,9550,2,D,XC,YP,D
09:26:12,ICBP,RG,9550,3,F,KZ,YP,D
09:25:43,ICBP,RG,9550,7,F,KZ,CC,D
09:25:43,ICBP,RG,9550,30,D,YP,CC,D
09:25:43,ICBP,RG,9550,1,F,KZ,CC,D
09:25:43,ICBP,RG,9550,1,D,XC,CC,D
09:25:43,ICBP,RG,9550,1,F,KZ,CC,D
09:25:43,ICBP,RG,9550,1,F,KZ,CC,D
09:25:43,ICBP,RG,9550,5,D,LG,CC,D
09:25:32,ICBP,RG,9550,1,F,KZ,NI,D
09:24:52,ICBP,RG,9550,1,D,YP,YP,D
09:24:52,ICBP,RG,9550,3,F,KZ,YP,D
09:24:52,ICBP,RG,9550,10,D,KK,YP,D
09:24:52,ICBP,RG,9550,1,D,HP,YP,D
09:24:36,ICBP,RG,9550,1,D,HP,CC,D
09:24:02,ICBP,RG,9550,2,D,HP,PD,D
09:23:22,ICBP,RG,9550,5,D,PD,ES,D
09:23:22,ICBP,RG,9550,5,F,KZ,ES,D
09:22:58,ICBP,RG,9575,1,D,DH,DR,D
09:21:54,ICBP,RG,9575,25,F,ZP,BK,F
09:21:54,ICBP,RG,9575,2,F,CS,BK,F
09:21:54,ICBP,RG,9575,6,F,CS,BK,F
09:21:54,ICBP,RG,9575,1,F,AK,BK,F
09:21:54,ICBP,RG,9575,1,D,PD,BK,F
09:21:54,ICBP,RG,9575,1,F,KZ,BK,F
09:21:54,ICBP,RG,9575,1,D,LS,BK,F
09:21:54,ICBP,RG,9575,3,F,KZ,BK,F
09:21:54,ICBP,RG,9575,10,D,CC,BK,F
09:21:54,ICBP,RG,9575,3,F,KZ,BK,F
09:21:54,ICBP,RG,9575,1,F,CS,BK,F
09:21:54,ICBP,RG,9575,3,F,KZ,BK,F
09:21:54,ICBP,RG,9575,1,F,KZ,SQ,D
09:21:54,ICBP,RG,9575,10,F,CS,SQ,D
09:21:54,ICBP,RG,9575,5,D,XL,SQ,D
09:21:54,ICBP,RG,9575,1,D,YP,SQ,D
09:21:54,ICBP,RG,9575,1,F,KZ,SQ,D
09:21:54,ICBP,RG,9575,2,F,KZ,SQ,D
09:21:54,ICBP,RG,9575,5,D,YP,SQ,D
09:21:54,ICBP,RG,9575,1,F,AK,SQ,D
09:21:54,ICBP,RG,9575,91,F,KZ,SQ,D
09:21:54,ICBP,RG,9575,14,F,CS,SQ,D
09:21:54,ICBP,RG,9575,303,F,AK,SQ,D
09:21:54,ICBP,RG,9575,5,D,LG,SQ,D
09:21:54,ICBP,RG,9575,1,D,XC,SQ,D
09:21:54,ICBP,RG,9575,13,F,ZP,SQ,D
09:21:54,ICBP,RG,9575,1,D,NI,SQ,D
09:21:54,ICBP,RG,9575,5,D,YU,SQ,D
09:21:54,ICBP,RG,9575,14,F,ZP,SQ,D
09:21:54,ICBP,RG,9575,15,F,CS,SQ,D
09:21:54,ICBP,RG,9575,1,F,AK,SQ,D
09:21:54,ICBP,RG,9575,10,F,KZ,SQ,D
09:21:54,ICBP,RG,9575,1,F,ZP,SQ,D
09:21:52,ICBP,RG,9575,1,F,ZP,PD,D
09:21:20,ICBP,RG,9600,1,D,BQ,SQ,D
09:21:02,ICBP,RG,9575,3,F,ZP,AK,F
09:20:04,ICBP,RG,9600,1,D,NI,SQ,D
09:19:42,ICBP,RG,9575,3,F,ZP,CC,D
09:19:21,ICBP,RG,9600,7,F,KZ,SQ,D
09:19:10,ICBP,RG,9600,1,D,XL,SQ,D
09:19:01,ICBP,RG,9600,1,F,KZ,SQ,D
09:18:28,ICBP,RG,9575,3,F,ZP,XL,D
09:18:28,ICBP,RG,9575,14,F,CS,XL,D
09:18:28,ICBP,RG,9575,2,D,LG,XL,D
09:18:17,ICBP,RG,9575,3,D,LG,AK,F
09:18:17,ICBP,RG,9575,2,F,KZ,AK,F
09:18:17,ICBP,RG,9575,1,F,KZ,AK,F
09:18:16,ICBP,RG,9600,1,F,KZ,SQ,D
09:17:36,ICBP,RG,9575,1,F,KZ,YP,D
09:17:33,ICBP,RG,9575,5,F,KZ,CC,D
09:17:11,ICBP,RG,9600,32,F,KZ,SQ,D
09:17:10,ICBP,RG,9575,2,F,KZ,CP,D
09:17:10,ICBP,RG,9575,33,F,KZ,CP,D
09:16:56,ICBP,RG,9600,1,F,KZ,SQ,D
09:16:56,ICBP,RG,9600,2,F,KZ,SQ,D
09:16:49,ICBP,RG,9575,5,F,KZ,CC,D
09:16:46,ICBP,RG,9575,3,F,KZ,CC,D
09:15:23,ICBP,RG,9575,20,F,KZ,PD,D
09:14:55,ICBP,RG,9575,2,F,KZ,XC,D
09:14:39,ICBP,RG,9575,2,F,KZ,YP,D
09:14:39,ICBP,RG,9575,1,F,ZP,YP,D
09:13:54,ICBP,RG,9575,6,F,ZP,AZ,D
09:13:54,ICBP,RG,9575,4,F,AK,AZ,D
09:13:21,ICBP,RG,9575,117,F,AK,DR,D
09:12:45,ICBP,RG,9575,1,F,AK,PD,D
09:12:35,ICBP,RG,9575,10,F,AK,DR,D
09:12:25,ICBP,RG,9575,2,F,AK,PD,D
09:12:11,ICBP,RG,9575,30,F,AK,KK,D
09:12:08,ICBP,RG,9575,5,F,AK,DR,D
09:12:08,ICBP,RG,9575,2,F,ZP,DR,D
09:12:08,ICBP,RG,9575,4,F,ZP,SQ,D
09:12:08,ICBP,RG,9575,1,F,CS,SQ,D
09:12:03,ICBP,RG,9575,9,F,CS,DR,D
09:11:39,ICBP,RG,9600,1,D,YP,SQ,D
09:11:17,ICBP,RG,9575,3,F,CS,PD,D
09:11:04,ICBP,RG,9600,3,D,CC,SQ,D
09:10:29,ICBP,RG,9600,1,D,XL,SQ,D
09:10:18,ICBP,RG,9600,2,D,AZ,SQ,D
09:09:58,ICBP,RG,9600,5,D,PD,SQ,D
09:09:15,ICBP,RG,9600,20,D,NI,SQ,D
09:08:51,ICBP,RG,9600,1,D,XC,SQ,D
09:08:10,ICBP,RG,9600,2,D,NI,SQ,D
09:08:08,ICBP,RG,9575,2,F,CS,PD,D
09:07:55,ICBP,RG,9575,1,F,KZ,YP,D
09:07:55,ICBP,RG,9575,1,F,KZ,YP,D
09:07:55,ICBP,RG,9575,2,D,XC,YP,D
09:07:55,ICBP,RG,9575,1,F,KZ,YP,D
09:07:55,ICBP,RG,9575,1,F,KZ,YP,D
09:07:55,ICBP,RG,9575,8,F,ZP,YP,D
09:07:55,ICBP,RG,9575,1,F,KZ,YP,D
09:07:55,ICBP,RG,9600,2,F,AK,SQ,D
09:07:55,ICBP,RG,9600,26,F,AK,SQ,D
09:07:27,ICBP,RG,9575,1,F,KZ,NI,D
09:07:04,ICBP,RG,9575,2,F,KZ,PD,D
09:07:04,ICBP,RG,9575,8,D,KK,PD,D
09:07:02,ICBP,RG,9575,2,D,KK,GR,D
09:07:02,ICBP,RG,9575,1,F,KZ,GR,D
09:07:02,ICBP,RG,9575,2,D,KK,GR,D
09:07:02,ICBP,RG,9575,1,F,KZ,GR,D
09:07:02,ICBP,RG,9575,1,F,CS,GR,D
09:07:02,ICBP,RG,9575,3,F,ZP,GR,D
09:06:59,ICBP,RG,9575,1,F,ZP,AK,F
09:06:59,ICBP,RG,9575,1,F,AK,AK,F
09:06:59,ICBP,RG,9600,3,D,NI,SQ,D
09:06:35,ICBP,RG,9600,1,D,XA,SQ,D
09:06:34,ICBP,RG,9600,1,D,NI,SQ,D
09:06:16,ICBP,RG,9600,2,F,KZ,SQ,D
09:06:16,ICBP,RG,9600,5,D,PD,SQ,D
09:06:16,ICBP,RG,9600,6,F,KZ,SQ,D
09:06:16,ICBP,RG,9600,1,D,PD,SQ,D
09:06:16,ICBP,RG,9600,7,F,ZP,SQ,D
09:06:16,ICBP,RG,9600,2,D,PD,SQ,D
09:06:16,ICBP,RG,9600,9,F,KZ,SQ,D
09:06:16,ICBP,RG,9600,3,F,KZ,SQ,D
09:06:16,ICBP,RG,9600,9,F,CS,SQ,D
09:06:08,ICBP,RG,9625,5,D,CC,SQ,D
09:06:05,ICBP,RG,9625,1,D,XL,SQ,D
09:05:47,ICBP,RG,9625,4,D,HP,SQ,D
09:05:37,ICBP,RG,9600,5,F,AK,YP,D
09:05:34,ICBP,RG,9600,2,F,AK,YP,D
09:05:13,ICBP,RG,9600,1,F,AK,CC,D
09:05:10,ICBP,RG,9600,5,F,AK,GR,D
09:05:02,ICBP,RG,9600,3,F,AK,GR,D
09:05:02,ICBP,RG,9600,6,D,YP,GR,D
09:05:02,ICBP,RG,9600,5,F,KZ,GR,D
09:05:02,ICBP,RG,9600,6,F,CS,GR,D
09:05:02,ICBP,RG,9600,5,F,CS,GR,D
09:05:02,ICBP,RG,9600,5,D,YP,GR,D
09:05:02,ICBP,RG,9600,2,F,KZ,GR,D
09:05:02,ICBP,RG,9600,4,D,CC,GR,D
09:05:02,ICBP,RG,9600,2,D,CC,GR,D
09:05:02,ICBP,RG,9600,1,F,KZ,GR,D
09:05:02,ICBP,RG,9600,1,D,PD,GR,D
09:05:02,ICBP,RG,9600,6,F,KZ,GR,D
09:05:02,ICBP,RG,9600,4,F,AK,GR,D
09:04:47,ICBP,RG,9600,1,F,AK,SQ,D
09:04:29,ICBP,RG,9600,16,F,AK,PD,D
09:04:29,ICBP,RG,9600,1,F,KZ,PD,D
09:04:29,ICBP,RG,9600,3,F,KZ,PD,D
09:04:26,ICBP,RG,9600,4,F,KZ,YP,D
09:04:26,ICBP,RG,9600,1,F,CS,YP,D
09:04:26,ICBP,RG,9600,5,F,CS,YP,D
09:04:26,ICBP,RG,9600,1,F,AK,YP,D
09:04:26,ICBP,RG,9600,2,F,AK,YP,D
09:04:26,ICBP,RG,9600,6,F,KZ,YP,D
09:04:26,ICBP,RG,9600,8,F,ZP,YP,D
09:04:26,ICBP,RG,9600,3,F,KZ,YP,D
09:04:10,ICBP,RG,9600,5,F,KZ,CC,D
09:03:52,ICBP,RG,9600,5,F,KZ,CC,D
09:03:51,ICBP,RG,9600,1,F,KZ,XC,D
09:03:40,ICBP,RG,9600,1,F,KZ,AK,F
09:03:40,ICBP,RG,9625,3,D,LG,SQ,D
09:03:36,ICBP,RG,9625,26,F,KZ,SQ,D
09:03:36,ICBP,RG,9625,4,F,KZ,SQ,D
09:03:36,ICBP,RG,9625,3,F,KZ,YP,D
09:03:32,ICBP,RG,9600,6,F,BK,CC,D
09:03:32,ICBP,RG,9600,5,F,AK,CC,D
09:03:32,ICBP,RG,9600,9,D,PD,CC,D
09:03:32,ICBP,RG,9625,1,D,YP,YP,D
09:03:23,ICBP,RG,9600,1,D,PD,XC,D
09:03:23,ICBP,RG,9600,20,D,PD,YP,D
09:03:23,ICBP,RG,9600,10,D,PD,DH,D
09:03:23,ICBP,RG,9600,10,D,PD,KK,D
09:03:22,ICBP,RG,9600,1,D,YP,PD,D
09:03:22,ICBP,RG,9600,1,D,YP,PD,D
09:03:22,ICBP,RG,9600,3,D,YP,LG,D
09:03:21,ICBP,RG,9600,2,F,KZ,LG,D
09:03:21,ICBP,RG,9600,5,F,KZ,LG,D
09:03:21,ICBP,RG,9600,1,F,KZ,YP,D
09:03:21,ICBP,RG,9600,1,F,KZ,PD,D
09:03:21,ICBP,RG,9600,2,F,KZ,CC,D
09:03:20,ICBP,RG,9600,8,F,KZ,CC,D
09:03:18,ICBP,RG,9600,1,D,XC,CC,D
09:03:18,ICBP,RG,9575,1,F,AK,XC,D
09:03:17,ICBP,RG,9600,5,F,KZ,CC,D
09:03:17,ICBP,RG,9600,6,F,AK,CC,D
09:03:17,ICBP,RG,9600,1,F,AK,CC,D
09:03:17,ICBP,RG,9600,3,F,AK,SQ,D
09:03:17,ICBP,RG,9600,1,F,AK,EP,D
09:03:17,ICBP,RG,9600,7,F,AK,YP,D
09:03:17,ICBP,RG,9600,3,F,AK,YU,D
09:03:17,ICBP,RG,9600,9,F,AK,AI,D
09:03:12,ICBP,RG,9575,6,F,AK,DH,D
09:03:12,ICBP,RG,9575,4,F,KZ,DH,D
09:03:03,ICBP,RG,9575,16,F,AK,YB,D
09:03:03,ICBP,RG,9575,2,F,AK,CC,F
09:03:03,ICBP,RG,9575,3,F,AK,SQ,D
09:03:03,ICBP,RG,9575,3,F,AK,YP,D
09:03:03,ICBP,RG,9575,55,F,AK,YP,D
09:03:03,ICBP,RG,9575,11,F,ZP,YP,D
09:02:44,ICBP,RG,9575,20,D,YP,YP,D
09:02:25,ICBP,RG,9575,10,D,YP,YP,D
09:02:22,ICBP,RG,9550,14,F,AK,KK,D
09:02:22,ICBP,RG,9550,1,F,KZ,KK,D
09:02:15,ICBP,RG,9575,1,D,YP,YP,D
09:02:02,ICBP,RG,9575,3,D,XC,YP,D
09:01:54,ICBP,RG,9550,4,F,CS,PD,D
09:01:54,ICBP,RG,9550,4,F,KZ,PD,D
09:01:52,ICBP,RG,9575,4,D,PD,CC,D
09:01:26,ICBP,RG,9575,1,F,YU,CC,D
09:01:26,ICBP,RG,9575,2,F,YU,PD,D
09:01:26,ICBP,RG,9550,2,F,YU,SQ,D
09:01:26,ICBP,RG,9550,3,F,YU,BK,F
09:01:26,ICBP,RG,9550,4,F,CS,BK,F
09:01:26,ICBP,RG,9550,7,F,KZ,BK,F
09:01:25,ICBP,RG,9550,12,F,KZ,BK,F
09:01:23,ICBP,RG,9550,10,F,ZP,BK,F
09:01:23,ICBP,RG,9550,28,F,YU,BK,F
09:01:23,ICBP,RG,9550,17,F,KZ,BK,F
09:01:23,ICBP,RG,9550,5,F,KZ,XL,D
09:01:23,ICBP,RG,9550,131,F,KZ,DR,D
09:01:22,ICBP,RG,9550,3,F,YU,DR,D
09:01:21,ICBP,RG,9550,18,F,YU,DR,D
09:01:21,ICBP,RG,9550,5,F,KZ,DR,D
09:01:19,ICBP,RG,9550,7,F,YU,DR,D
09:01:19,ICBP,RG,9550,7,F,YU,DR,D
09:01:19,ICBP,RG,9550,2,F,YU,YP,D
09:01:19,ICBP,RG,9550,1,F,YU,YP,D
09:01:19,ICBP,RG,9550,3,F,YU,YP,D
09:01:19,ICBP,RG,9550,28,F,YU,YP,D
09:01:19,ICBP,RG,9550,1,F,YU,GR,D
09:01:19,ICBP,RG,9550,1,F,YU,YP,D
09:01:19,ICBP,RG,9550,3,F,YU,PD,D
09:01:19,ICBP,RG,9550,10,F,YU,YP,D
09:01:19,ICBP,RG,9550,7,F,YU,PD,D
09:01:19,ICBP,RG,9525,16,D,XC,XL,D
09:01:18,ICBP,RG,9550,7,F,YU,PD,D
09:01:17,ICBP,RG,9525,82,D,XC,BK,F
09:01:17,ICBP,RG,9525,3,D,XC,YP,D
09:01:17,ICBP,RG,9525,82,D,XC,BK,F
09:01:17,ICBP,RG,9525,164,D,XC,DR,D
09:01:17,ICBP,RG,9525,8,D,XC,DR,D
09:01:17,ICBP,RG,9525,5,D,XC,DR,D
09:01:17,ICBP,RG,9525,21,D,XC,DR,D
09:01:17,ICBP,RG,9525,14,D,XC,DR,D
09:00:36,ICBP,RG,9525,1,F,YU,DR,D
09:00:31,ICBP,RG,9525,1,D,PD,DR,D
09:00:15,ICBP,RG,9525,2,F,KZ,DR,D
09:00:14,ICBP,RG,9525,1,F,YU,DR,D
09:00:13,ICBP,RG,9525,3,F,YU,DR,D
09:00:13,ICBP,RG,9525,4,F,KZ,DR,D
09:00:11,ICBP,RG,9550,14,F,YU,PD,D
09:00:11,ICBP,RG,9550,20,F,KZ,PD,D
09:00:09,ICBP,RG,9525,1,F,KZ,PD,D
09:00:09,ICBP,RG,9525,1,F,ZP,PD,D
09:00:08,ICBP,RG,9525,2,F,CS,PD,D
09:00:07,ICBP,RG,9550,2,F,YU,PD,D
09:00:07,ICBP,RG,9500,5,D,YP,XC,D
09:00:07,ICBP,RG,9500,31,D,YP,XC,D
09:00:07,ICBP,RG,9500,2,D,PD,XC,D
09:00:07,ICBP,RG,9500,3,D,PD,XC,D
09:00:07,ICBP,RG,9500,4,D,AZ,XC,D
09:00:07,ICBP,RG,9500,5,D,AZ,XC,D
09:00:07,ICBP,RG,9500,4,D,AO,XC,D
09:00:07,ICBP,RG,9525,1,F,KZ,XC,D
09:00:07,ICBP,RG,9525,1,F,YU,XC,D
09:00:07,ICBP,RG,9525,1,F,ZP,XC,D
09:00:04,ICBP,RG,9525,2,D,TP,YB,D
09:00:01,ICBP,RG,9550,1,D,CC,XC,D
08:59:00,ICBP,RG,9525,3,D,TP,YP,D
08:59:00,ICBP,RG,9525,1,D,CC,YP,D
08:59:00,ICBP,RG,9525,1,D,XL,YP,D
08:59:00,ICBP,RG,9525,6,D,XL,YP,D
08:59:00,ICBP,RG,9525,1,D,XL,YP,D
08:59:00,ICBP,RG,9525,4,D,YP,YP,D
08:59:00,ICBP,RG,9525,6,D,CC,YP,D
08:59:00,ICBP,RG,9525,1,D,PD,YP,D
08:59:00,ICBP,RG,9525,1,D,XL,YP,D
08:59:00,ICBP,RG,9525,1,F,KZ,YP,D
08:59:00,ICBP,RG,9525,1,F,KZ,YP,D
08:59:00,ICBP,RG,9525,1,F,KZ,YP,D
08:59:00,ICBP,RG,9525,2,F,KZ,YP,D
08:59:00,ICBP,RG,9525,2,F,KZ,YP,D
08:59:00,ICBP,RG,9525,1,F,KZ,YP,D
08:59:00,ICBP,RG,9525,6,F,KZ,YP,D
08:59:00,ICBP,RG,9525,2,F,KZ,YP,D
08:59:00,ICBP,RG,9525,1,F,KZ,YP,D
08:59:00,ICBP,RG,9525,6,F,KZ,YP,D
08:59:00,ICBP,RG,9525,3,D,PD,YP,D
08:59:00,ICBP,RG,9525,1,D,PD,XC,D
08:59:00,ICBP,RG,9525,8,D,PD,PD,D
08:59:00,ICBP,RG,9525,3,D,PD,PD,D
08:59:00,ICBP,RG,9525,1,D,PD,DR,D
08:59:00,ICBP,RG,9525,1,D,PD,DR,D
08:59:00,ICBP,RG,9525,1,D,PD,DR,D
08:59:00,ICBP,RG,9525,1,D,PD,PD,D
08:59:00,ICBP,RG,9525,1,D,PD,CC,D
08:59:00,ICBP,RG,9525,2,D,PD,YP,D
08:59:00,ICBP,RG,9525,3,F,CS,YP,D
08:59:00,ICBP,RG,9525,1,F,AK,YP,D
08:59:00,ICBP,RG,9525,1,F,CS,YP,D
08:59:00,ICBP,RG,9525,1,F,CS,YP,D
08:59:00,ICBP,RG,9525,1,F,CS,CC,D
08:59:00,ICBP,RG,9525,1,F,YU,PD,D
08:59:00,ICBP,RG,9525,1,F,YU,CC,D
08:59:00,ICBP,RG,9525,2,F,YU,PD,D
08:59:00,ICBP,RG,9525,1,F,YU,PD,D
08:59:00,ICBP,RG,9525,1,F,YU,PD,D
08:59:00,ICBP,RG,9525,3,F,YU,YB,D
08:59:00,ICBP,RG,9525,1,F,YU,YB,D
08:59:00,ICBP,RG,9525,1,F,YU,XC,D
08:59:00,ICBP,RG,9525,2,F,YU,XC,D
08:59:00,ICBP,RG,9525,1,F,YU,SQ,D
08:59:00,ICBP,RG,9525,2,F,YU,SQ,D
08:59:00,ICBP,RG,9525,2,F,YU,SQ,D
