Time,Stock,Brd,Price,Qty,BT,BC,SC,ST
15:14:51,ICBP,RG,7250,5,D,YP,LG,D
15:14:49,ICBP,RG,7250,1,D,XC,LG,D
15:14:44,ICBP,RG,7250,75,D,XC,LG,D
15:14:42,ICBP,RG,7250,1,D,XC,LG,D
15:14:39,ICBP,RG,7250,100,D,CC,LG,D
15:14:35,ICBP,RG,7250,10,D,NI,LG,D
15:14:26,ICBP,RG,7250,1,D,NI,LG,D
15:14:26,ICBP,RG,7250,1,D,NI,LG,D
15:14:24,ICBP,RG,7250,1,D,AI,LG,D
15:14:14,ICBP,RG,7250,1,D,NI,LG,D
15:14:11,ICBP,RG,7250,1,D,NI,LG,D
15:14:00,ICBP,RG,7250,1,D,XC,LG,D
15:13:58,ICBP,RG,7250,3,D,PD,LG,D
15:13:55,ICBP,RG,7250,15,D,DH,LG,D
15:13:55,ICBP,RG,7250,1,D,XC,LG,D
15:13:51,ICBP,RG,7250,1,D,NI,LG,D
15:13:44,ICBP,RG,7250,5,D,LG,LG,D
15:13:43,ICBP,RG,7250,20,D,KK,LG,D
15:13:40,ICBP,RG,7250,50,D,PD,LG,D
15:13:33,ICBP,RG,7250,1,D,YP,LG,D
15:13:31,ICBP,RG,7250,2,D,XC,LG,D
15:13:23,ICBP,RG,7250,5,D,YP,LG,D
15:13:09,ICBP,RG,7250,17,D,AZ,LG,D
15:13:09,ICBP,RG,7250,10,D,YP,LG,D
15:13:04,ICBP,RG,7250,10,D,YP,LG,D
15:12:54,ICBP,RG,7250,1,D,PD,LG,D
15:12:53,ICBP,RG,7250,5,D,LG,LG,D
15:12:52,ICBP,RG,7250,35,D,CC,LG,D
15:12:52,ICBP,RG,7250,4,D,PD,LG,D
15:12:50,ICBP,RG,7250,12,D,SQ,LG,D
15:12:43,ICBP,RG,7250,3,D,PD,LG,D
15:12:42,ICBP,RG,7250,2,D,YP,LG,D
15:12:33,ICBP,RG,7250,10,D,YU,LG,D
15:12:30,ICBP,RG,7250,4,D,YP,LG,D
15:12:23,ICBP,RG,7250,10,D,YP,LG,D
15:12:23,ICBP,RG,7250,1,D,PD,LG,D
15:12:18,ICBP,RG,7250,1,D,XL,LG,D
15:12:17,ICBP,RG,7250,13,D,YP,LG,D
15:12:06,ICBP,RG,7250,10,D,YP,LG,D
15:12:05,ICBP,RG,7250,2,D,XC,LG,D
15:12:03,ICBP,RG,7250,13,D,YP,LG,D
15:12:01,ICBP,RG,7250,2,D,XL,LG,D
15:12:01,ICBP,RG,7250,20,D,YP,LG,D
15:12:00,ICBP,RG,7250,1,D,PD,LG,D
15:11:58,ICBP,RG,7250,1,D,YP,LG,D
15:11:57,ICBP,RG,7250,5,D,CC,LG,D
15:11:57,ICBP,RG,7250,4,D,XC,LG,D
15:11:56,ICBP,RG,7250,1,D,PD,LG,D
15:11:54,ICBP,RG,7250,2,D,KK,LG,D
15:11:54,ICBP,RG,7250,20,D,YU,LG,D
15:11:51,ICBP,RG,7250,1,D,XL,LG,D
15:11:50,ICBP,RG,7250,1,D,PD,LG,D
15:11:50,ICBP,RG,7250,1,D,NI,LG,D
15:11:49,ICBP,RG,7250,1,D,XC,LG,D
15:11:44,ICBP,RG,7250,15,D,YP,LG,D
15:11:43,ICBP,RG,7250,1,D,PD,LG,D
15:11:43,ICBP,RG,7250,1,D,PD,LG,D
15:11:42,ICBP,RG,7250,1,D,PD,LG,D
15:11:41,ICBP,RG,7250,4,D,CC,LG,D
15:11:40,ICBP,RG,7250,10,D,YP,LG,D
15:11:38,ICBP,RG,7250,15,D,YU,LG,D
15:11:34,ICBP,RG,7250,1,D,XC,LG,D
15:11:29,ICBP,RG,7250,1,D,XC,LG,D
15:11:21,ICBP,RG,7250,17,D,CC,LG,D
15:11:20,ICBP,RG,7250,5,D,LG,LG,D
15:11:17,ICBP,RG,7250,1,D,SQ,LG,D
15:11:17,ICBP,RG,7250,10,D,SQ,LG,D
15:11:16,ICBP,RG,7250,1,D,XC,LG,D
15:11:16,ICBP,RG,7250,1,D,NI,LG,D
15:11:02,ICBP,RG,7250,3,D,YP,LG,D
15:10:59,ICBP,RG,7250,2,D,PD,LG,D
15:10:57,ICBP,RG,7250,1,D,XC,LG,D
15:10:57,ICBP,RG,7250,1,D,PD,LG,D
15:10:57,ICBP,RG,7250,1,D,XC,LG,D
15:10:57,ICBP,RG,7250,20,D,DH,LG,D
15:10:57,ICBP,RG,7250,45,D,YP,LG,D
15:10:57,ICBP,RG,7250,1,D,NI,LG,D
15:10:57,ICBP,RG,7250,1,D,XC,LG,D
15:10:57,ICBP,RG,7250,1,D,YP,LG,D
15:10:57,ICBP,RG,7250,3,D,NI,LG,D
15:10:57,ICBP,RG,7250,2,D,YP,LG,D
15:10:57,ICBP,RG,7250,3,D,XC,LG,D
15:10:57,ICBP,RG,7250,2,D,AT,LG,D
15:10:57,ICBP,RG,7250,1,D,SQ,LG,D
15:10:57,ICBP,RG,7250,2,D,CC,LG,D
15:10:57,ICBP,RG,7250,10,D,PD,LG,D
15:10:57,ICBP,RG,7250,9,D,PD,LG,D
15:10:57,ICBP,RG,7250,2,D,XC,LG,D
15:10:57,ICBP,RG,7250,1,D,PD,LG,D
15:10:57,ICBP,RG,7250,20,D,PD,LG,D
15:10:57,ICBP,RG,7250,3,D,NI,LG,D
15:10:57,ICBP,RG,7250,10,D,EP,LG,D
15:10:57,ICBP,RG,7250,1,D,XL,LG,D
15:10:57,ICBP,RG,7250,10,D,DR,LG,D
15:10:57,ICBP,RG,7250,13,D,PD,LG,D
15:10:57,ICBP,RG,7250,2,D,XL,LG,D
15:10:57,ICBP,RG,7250,1595,F,ZP,LG,D
15:10:57,ICBP,RG,7250,200,D,XL,LG,D
15:10:57,ICBP,RG,7250,3,D,XC,LG,D
15:10:57,ICBP,RG,7250,2,D,YP,LG,D
15:10:57,ICBP,RG,7250,30,D,YP,LG,D
15:10:57,ICBP,RG,7250,200,D,OD,LG,D
15:10:57,ICBP,RG,7250,150,D,CC,LG,D
15:10:57,ICBP,RG,7250,7,D,CC,LG,D
15:10:57,ICBP,RG,7250,3,D,YP,LG,D
15:10:57,ICBP,RG,7250,10,D,CC,LG,D
15:10:57,ICBP,RG,7250,5,D,YP,LG,D
15:10:57,ICBP,RG,7250,2,D,YP,LG,D
15:10:57,ICBP,RG,7250,200,D,CC,LG,D
15:10:57,ICBP,RG,7250,3,D,GR,LG,D
15:10:57,ICBP,RG,7250,400,D,DR,LG,D
15:10:57,ICBP,RG,7250,1,D,SQ,LG,D
15:10:57,ICBP,RG,7250,10,D,PD,LG,D
15:10:57,ICBP,RG,7250,1,D,KK,LG,D
15:10:57,ICBP,RG,7250,4,D,AZ,LG,D
15:10:57,ICBP,RG,7250,5,D,PD,LG,D
15:10:57,ICBP,RG,7250,8,D,XC,LG,D
15:10:57,ICBP,RG,7250,1,D,NI,LG,D
15:10:57,ICBP,RG,7250,2,D,XL,LG,D
15:10:57,ICBP,RG,7250,10,D,YP,LG,D
15:10:57,ICBP,RG,7250,2,D,NI,LG,D
15:10:57,ICBP,RG,7250,98,D,XC,LG,D
15:10:57,ICBP,RG,7250,5,D,XL,LG,D
15:10:57,ICBP,RG,7250,1,D,DX,LG,D
15:10:57,ICBP,RG,7250,1,D,XC,LG,D
15:10:57,ICBP,RG,7250,1,D,YP,LG,D
15:10:57,ICBP,RG,7250,2,D,PD,LG,D
15:10:57,ICBP,RG,7250,2,D,YP,LG,D
15:10:57,ICBP,RG,7250,3,D,KK,LG,D
15:10:57,ICBP,RG,7250,5,D,PD,LG,D
15:10:57,ICBP,RG,7250,1,D,YP,LG,D
15:10:57,ICBP,RG,7250,5,D,CC,LG,D
15:10:57,ICBP,RG,7250,1,D,XC,LG,D
15:10:57,ICBP,RG,7250,9,D,YP,LG,D
15:10:57,ICBP,RG,7250,1,D,YP,LG,D
15:10:57,ICBP,RG,7250,5,D,CP,LG,D
15:10:57,ICBP,RG,7250,10,D,SQ,LG,D
15:10:57,ICBP,RG,7250,2,D,SQ,LG,D
15:10:57,ICBP,RG,7250,2,D,PD,LG,D
15:10:57,ICBP,RG,7250,5,D,DR,LG,D
15:10:57,ICBP,RG,7250,500,D,OD,LG,D
15:10:57,ICBP,RG,7250,14,D,XC,LG,D
15:10:57,ICBP,RG,7250,1,D,CC,LG,D
15:10:57,ICBP,RG,7250,5,D,SQ,LG,D
15:10:57,ICBP,RG,7250,50,D,OD,LG,D
15:10:57,ICBP,RG,7250,1,D,PD,LG,D
15:10:57,ICBP,RG,7250,2,D,YP,LG,D
15:10:57,ICBP,RG,7250,100,D,OD,LG,D
15:10:57,ICBP,RG,7250,1,D,XL,LG,D
15:10:57,ICBP,RG,7250,1,D,XC,LG,D
15:10:57,ICBP,RG,7250,2,D,XC,LG,D
15:10:57,ICBP,RG,7250,19,D,DR,LG,D
15:10:57,ICBP,RG,7250,1,D,PD,LG,D
15:10:57,ICBP,RG,7250,3,D,CC,LG,D
15:10:57,ICBP,RG,7250,10,D,YP,LG,D
15:10:57,ICBP,RG,7250,1,D,XC,LG,D
15:10:57,ICBP,RG,7250,1,D,YP,LG,D
15:10:57,ICBP,RG,7250,2,D,EP,LG,D
15:10:57,ICBP,RG,7250,6,D,GR,LG,D
15:10:57,ICBP,RG,7250,119,D,CC,LG,D
15:10:57,ICBP,RG,7250,131,D,CC,LG,D
15:10:57,ICBP,RG,7250,46,D,XC,LG,D
15:10:57,ICBP,RG,7250,5,D,XC,LG,D
15:10:57,ICBP,RG,7250,1,D,PD,LG,D
15:10:57,ICBP,RG,7250,1,D,NI,LG,D
15:10:57,ICBP,RG,7250,1,D,YP,LG,D
15:10:57,ICBP,RG,7250,1,D,YP,LG,D
15:10:57,ICBP,RG,7250,3,D,CC,LG,D
15:10:57,ICBP,RG,7250,1,D,XC,LG,D
15:10:57,ICBP,RG,7250,1,D,NI,LG,D
15:10:57,ICBP,RG,7250,5,D,XC,LG,D
15:10:57,ICBP,RG,7250,5,D,OD,LG,D
15:10:57,ICBP,RG,7250,1,D,LG,LG,D
15:10:57,ICBP,RG,7250,1,D,KK,LG,D
15:10:57,ICBP,RG,7250,1,D,YP,LG,D
15:10:57,ICBP,RG,7250,5,D,AG,LG,D
15:10:57,ICBP,RG,7250,1,D,NI,LG,D
15:10:57,ICBP,RG,7250,7,D,HP,LG,D
15:10:57,ICBP,RG,7250,2,D,PD,LG,D
15:10:57,ICBP,RG,7250,1,D,PD,LG,D
15:10:57,ICBP,RG,7250,2,D,XC,LG,D
15:10:57,ICBP,RG,7250,69,D,AZ,LG,D
15:10:57,ICBP,RG,7250,500,D,AI,LG,D
15:10:57,ICBP,RG,7250,100,D,PD,LG,D
15:10:57,ICBP,RG,7250,5,D,OD,LG,D
15:10:57,ICBP,RG,7250,1,D,CC,LG,D
15:10:57,ICBP,RG,7250,5,D,CC,LG,D
15:10:57,ICBP,RG,7250,98,D,PD,LG,D
15:10:27,ICBP,RG,7250,2,D,PD,EP,D
15:10:27,ICBP,RG,7250,1,D,XC,EP,D
15:10:27,ICBP,RG,7250,9,D,NI,EP,D
15:10:02,ICBP,RG,7250,4,D,NI,CC,D
15:09:45,ICBP,RG,7250,15,D,NI,YP,D
15:09:35,ICBP,RG,7250,1,D,NI,PD,D
15:08:23,ICBP,RG,7250,12,D,NI,SQ,D
15:08:23,ICBP,RG,7250,4,D,NI,CC,D
15:08:17,ICBP,RG,7250,30,D,NI,CC,D
15:08:15,ICBP,RG,7250,12,D,NI,EP,D
15:08:13,ICBP,RG,7250,13,D,NI,YP,D
15:08:13,ICBP,RG,7250,5,D,OD,YP,D
15:08:13,ICBP,RG,7250,1,D,PD,YP,D
15:08:13,ICBP,RG,7250,1,D,EP,YP,D
15:08:13,ICBP,RG,7250,10,D,CC,YP,D
15:08:13,ICBP,RG,7250,1,D,PD,YP,D
15:08:13,ICBP,RG,7250,1,D,CC,YP,D
15:08:13,ICBP,RG,7250,1,D,XL,YP,D
15:08:13,ICBP,RG,7250,200,D,YP,YP,D
15:08:13,ICBP,RG,7250,1,D,GR,YP,D
15:08:13,ICBP,RG,7250,20,D,OD,YP,D
15:08:13,ICBP,RG,7250,1,D,XC,YP,D
15:08:13,ICBP,RG,7250,6,D,OK,YP,D
15:08:11,ICBP,RG,7250,100,D,OK,CC,D
15:08:09,ICBP,RG,7250,50,D,OK,NI,D
15:07:59,ICBP,RG,7250,4,D,OK,CC,D
15:07:57,ICBP,RG,7250,1,D,OK,YP,D
15:07:45,ICBP,RG,7250,4,D,OK,PD,D
15:07:41,ICBP,RG,7250,35,D,OK,PD,D
15:07:41,ICBP,RG,7250,1,D,CC,PD,D
15:07:41,ICBP,RG,7250,15,D,NI,PD,D
15:07:41,ICBP,RG,7250,4,D,XC,PD,D
15:07:41,ICBP,RG,7250,1,D,CC,PD,D
15:07:41,ICBP,RG,7250,2,D,XC,PD,D
15:07:41,ICBP,RG,7250,1,D,XC,PD,D
15:07:41,ICBP,RG,7250,2,D,YP,PD,D
15:07:41,ICBP,RG,7250,10,D,YP,PD,D
15:07:41,ICBP,RG,7250,100,D,AZ,PD,D
15:07:41,ICBP,RG,7250,30,D,CC,PD,D
15:07:41,ICBP,RG,7250,7,D,XC,PD,D
15:07:41,ICBP,RG,7250,1,D,GR,PD,D
15:07:41,ICBP,RG,7250,2,D,CC,PD,D
15:07:41,ICBP,RG,7250,3,D,PD,PD,D
15:07:41,ICBP,RG,7250,1,D,YP,PD,D
15:07:41,ICBP,RG,7250,6,D,LG,PD,D
15:07:41,ICBP,RG,7250,4,D,NI,PD,D
15:07:41,ICBP,RG,7250,1,D,LG,PD,D
15:07:41,ICBP,RG,7250,2,D,PD,PD,D
15:07:41,ICBP,RG,7250,11,D,HP,PD,D
15:07:41,ICBP,RG,7250,1,D,YP,PD,D
15:07:41,ICBP,RG,7250,200,D,CP,PD,D
15:07:41,ICBP,RG,7250,13,D,PD,PD,D
15:07:41,ICBP,RG,7250,1,D,CC,PD,D
15:07:41,ICBP,RG,7250,1,D,XC,PD,D
15:07:41,ICBP,RG,7250,1,D,NI,PD,D
15:07:41,ICBP,RG,7250,3,D,PD,PD,D
15:07:41,ICBP,RG,7250,1,D,SQ,PD,D
15:07:41,ICBP,RG,7250,1,D,CC,PD,D
15:07:41,ICBP,RG,7250,2,D,YP,PD,D
15:07:41,ICBP,RG,7250,3,D,CC,PD,D
15:07:41,ICBP,RG,7250,3,D,NI,PD,D
15:07:41,ICBP,RG,7250,7,D,AT,PD,D
15:07:41,ICBP,RG,7250,15,D,YP,PD,D
15:07:41,ICBP,RG,7250,400,D,RO,PD,D
15:07:41,ICBP,RG,7250,10,D,CC,PD,D
15:07:41,ICBP,RG,7250,2,D,XC,PD,D
15:07:41,ICBP,RG,7250,5,D,CC,PD,D
15:07:41,ICBP,RG,7250,1,D,XC,PD,D
15:07:41,ICBP,RG,7250,10,D,YP,PD,D
15:07:41,ICBP,RG,7250,1,D,YP,PD,D
15:07:41,ICBP,RG,7250,1,D,YP,PD,D
15:07:41,ICBP,RG,7250,1,D,XC,PD,D
15:07:41,ICBP,RG,7250,5,D,NI,PD,D
15:07:41,ICBP,RG,7250,10,D,YP,PD,D
15:07:41,ICBP,RG,7250,1,D,KK,PD,D
15:07:41,ICBP,RG,7250,5,D,XC,PD,D
15:07:41,ICBP,RG,7250,4,D,DR,PD,D
15:07:41,ICBP,RG,7250,5,D,SQ,PD,D
15:07:41,ICBP,RG,7250,1,D,PD,PD,D
15:07:41,ICBP,RG,7250,5,D,EP,PD,D
15:07:41,ICBP,RG,7250,30,D,PD,PD,D
15:07:41,ICBP,RG,7250,15,D,XL,PD,D
15:07:41,ICBP,RG,7250,9,D,PD,PD,D
15:07:41,ICBP,RG,7250,150,D,SQ,PD,D
15:07:41,ICBP,RG,7250,3,D,XC,PD,D
15:07:41,ICBP,RG,7250,1,D,PD,PD,D
15:07:41,ICBP,RG,7250,1,D,DR,PD,D
15:07:41,ICBP,RG,7250,10,D,CC,PD,D
15:07:41,ICBP,RG,7250,11,D,XL,PD,D
15:07:41,ICBP,RG,7250,9,D,CC,PD,D
15:07:41,ICBP,RG,7250,10,D,YP,PD,D
15:07:41,ICBP,RG,7250,40,D,YP,PD,D
15:07:41,ICBP,RG,7250,20,D,DR,PD,D
15:07:41,ICBP,RG,7250,5,D,XL,PD,D
15:07:41,ICBP,RG,7250,20,D,CC,PD,D
15:07:41,ICBP,RG,7250,10,D,PD,PD,D
15:07:41,ICBP,RG,7250,1,D,XC,PD,D
15:07:41,ICBP,RG,7250,15,D,KK,PD,D
15:07:41,ICBP,RG,7250,5,D,CC,PD,D
15:07:41,ICBP,RG,7250,1,D,PD,PD,D
15:07:41,ICBP,RG,7250,1,D,PD,PD,D
15:07:41,ICBP,RG,7250,174,D,RO,PD,D
15:07:41,ICBP,RG,7250,120,D,YP,PD,D
15:07:41,ICBP,RG,7250,1,D,LG,PD,D
15:07:41,ICBP,RG,7250,10,D,NI,PD,D
15:07:41,ICBP,RG,7250,98,D,GR,PD,D
15:07:41,ICBP,RG,7250,14,D,YP,PD,D
15:07:41,ICBP,RG,7250,10,D,YP,PD,D
15:07:41,ICBP,RG,7250,5,D,YP,PD,D
15:07:41,ICBP,RG,7250,10,D,GR,PD,D
15:07:41,ICBP,RG,7250,5,D,YP,PD,D
15:07:41,ICBP,RG,7250,3,D,PD,PD,D
15:07:41,ICBP,RG,7250,10,D,LG,PD,D
15:07:41,ICBP,RG,7250,1,D,SQ,PD,D
15:07:41,ICBP,RG,7250,20,D,CC,PD,D
15:07:41,ICBP,RG,7250,30,D,NI,PD,D
15:07:41,ICBP,RG,7250,14,D,XL,PD,D
15:07:41,ICBP,RG,7250,50,D,AG,PD,D
15:07:41,ICBP,RG,7250,5,D,DH,PD,D
15:07:41,ICBP,RG,7250,20,D,DX,PD,D
15:07:41,ICBP,RG,7250,2,D,PD,PD,D
15:07:41,ICBP,RG,7250,1,D,XC,PD,D
15:07:41,ICBP,RG,7250,1,D,PD,PD,D
15:07:41,ICBP,RG,7250,3,D,NI,PD,D
15:07:41,ICBP,RG,7250,5,D,CC,PD,D
15:07:41,ICBP,RG,7250,5,D,CC,PD,D
15:07:41,ICBP,RG,7250,3,D,PD,PD,D
15:07:41,ICBP,RG,7250,1,D,AZ,PD,D
15:07:41,ICBP,RG,7250,2,D,YP,PD,D
15:07:41,ICBP,RG,7250,10,D,YP,PD,D
15:07:41,ICBP,RG,7250,15,D,YP,PD,D
15:07:41,ICBP,RG,7250,1,D,PD,PD,D
15:07:41,ICBP,RG,7250,5,D,YP,PD,D
15:07:41,ICBP,RG,7250,2000,F,ZP,PD,D
15:07:41,ICBP,RG,7250,2,D,YP,PD,D
15:07:41,ICBP,RG,7250,1,D,XC,PD,D
15:07:41,ICBP,RG,7250,2,D,YP,PD,D
15:07:41,ICBP,RG,7250,3,D,YP,PD,D
15:07:41,ICBP,RG,7250,4,D,LG,PD,D
15:07:41,ICBP,RG,7250,4,D,XC,PD,D
15:07:41,ICBP,RG,7250,34,D,XC,PD,D
15:07:41,ICBP,RG,7250,8,D,XC,PD,D
15:07:41,ICBP,RG,7250,5,D,XC,PD,D
15:07:41,ICBP,RG,7250,1,D,XC,PD,D
15:07:41,ICBP,RG,7250,10,D,XC,PD,D
15:07:41,ICBP,RG,7250,10,D,DH,PD,D
15:07:41,ICBP,RG,7250,3,D,XC,PD,D
15:07:41,ICBP,RG,7250,5,D,SQ,PD,D
15:07:41,ICBP,RG,7250,2,D,XC,PD,D
15:07:41,ICBP,RG,7250,12,D,XC,PD,D
15:07:41,ICBP,RG,7250,1,D,XC,PD,D
15:07:41,ICBP,RG,7250,14,D,XC,PD,D
15:07:41,ICBP,RG,7250,1,D,XC,PD,D
15:07:41,ICBP,RG,7250,1,D,XC,PD,D
15:07:41,ICBP,RG,7250,1,D,PD,PD,D
15:07:41,ICBP,RG,7250,5,D,PD,PD,D
15:07:41,ICBP,RG,7250,1,D,PD,PD,D
15:07:41,ICBP,RG,7250,2,D,AZ,PD,D
15:07:41,ICBP,RG,7250,1,D,EP,PD,D
15:07:41,ICBP,RG,7250,25,D,EP,PD,D
15:07:41,ICBP,RG,7250,1,D,EP,PD,D
15:07:41,ICBP,RG,7250,1,D,YB,PD,D
15:07:41,ICBP,RG,7250,10,D,YP,PD,D
15:07:41,ICBP,RG,7250,15,D,NI,PD,D
15:07:41,ICBP,RG,7250,2,D,PD,PD,D
15:07:41,ICBP,RG,7250,10,D,GR,PD,D
15:07:41,ICBP,RG,7250,10,D,CC,PD,D
15:07:41,ICBP,RG,7250,1,D,PD,PD,D
15:07:41,ICBP,RG,7250,1,D,XL,PD,D
15:07:41,ICBP,RG,7250,2,D,NI,PD,D
15:07:41,ICBP,RG,7250,2,D,CC,PD,D
15:07:41,ICBP,RG,7250,5,D,CC,PD,D
15:07:41,ICBP,RG,7250,137,D,YP,PD,D
15:07:41,ICBP,RG,7250,1,D,NI,PD,D
15:07:41,ICBP,RG,7250,1,D,YU,PD,D
15:07:41,ICBP,RG,7250,1,D,KK,PD,D
15:07:41,ICBP,RG,7250,50,D,GR,PD,D
15:07:41,ICBP,RG,7250,10,D,YP,PD,D
15:07:41,ICBP,RG,7250,1,D,KK,PD,D
15:07:41,ICBP,RG,7250,10,D,TP,PD,D
15:07:41,ICBP,RG,7250,1,D,KK,PD,D
15:07:41,ICBP,RG,7250,1,D,YP,PD,D
15:07:41,ICBP,RG,7250,2,D,YP,PD,D
15:07:41,ICBP,RG,7250,10,D,KK,PD,D
15:07:41,ICBP,RG,7250,13,D,YP,PD,D
15:07:41,ICBP,RG,7250,20,D,YP,PD,D
15:07:41,ICBP,RG,7250,1,D,PD,PD,D
15:07:41,ICBP,RG,7250,10,D,NI,PD,D
15:07:41,ICBP,RG,7250,8,D,EP,PD,D
15:07:41,ICBP,RG,7250,10,D,YP,PD,D
15:07:41,ICBP,RG,7250,10,D,GR,PD,D
15:07:41,ICBP,RG,7250,5,D,DR,PD,D
15:07:41,ICBP,RG,7250,17,D,NI,PD,D
15:07:41,ICBP,RG,7250,2,D,CC,PD,D
15:07:41,ICBP,RG,7250,1,D,CC,PD,D
15:07:41,ICBP,RG,7250,50,D,KK,PD,D
15:07:41,ICBP,RG,7250,2,D,YP,PD,D
15:07:41,ICBP,RG,7250,50,D,YP,PD,D
15:07:41,ICBP,RG,7250,1,D,YP,PD,D
15:07:41,ICBP,RG,7250,5,D,YP,PD,D
15:07:41,ICBP,RG,7250,11,D,PD,PD,D
15:07:41,ICBP,RG,7250,30,D,TP,PD,D
15:07:41,ICBP,RG,7250,1,D,PD,PD,D
15:07:41,ICBP,RG,7250,500,D,CC,PD,D
15:07:41,ICBP,RG,7250,100,D,SQ,PD,D
15:07:41,ICBP,RG,7250,1,D,NI,PD,D
15:07:41,ICBP,RG,7250,2,D,PD,PD,D
15:07:41,ICBP,RG,7250,362,F,CS,PD,D
15:07:41,ICBP,RG,7250,10,D,NI,PD,D
15:07:41,ICBP,RG,7250,589,F,CS,PD,D
15:07:41,ICBP,RG,7250,589,F,CS,PD,D
15:07:41,ICBP,RG,7250,1,D,DR,PD,D
15:07:41,ICBP,RG,7250,3,D,SQ,PD,D
15:07:41,ICBP,RG,7250,5,D,LG,PD,D
15:07:41,ICBP,RG,7250,1,D,YP,PD,D
15:07:41,ICBP,RG,7250,7,D,YP,PD,D
15:07:41,ICBP,RG,7250,2,D,KK,PD,D
15:07:41,ICBP,RG,7250,1,D,XC,PD,D
15:07:41,ICBP,RG,7250,1,D,PD,PD,D
15:07:41,ICBP,RG,7250,3,D,YP,PD,D
15:07:41,ICBP,RG,7250,20,D,YP,PD,D
15:07:41,ICBP,RG,7250,1,D,XC,PD,D
15:07:41,ICBP,RG,7250,2,D,NI,PD,D
15:07:41,ICBP,RG,7250,2,D,NI,PD,D
15:07:41,ICBP,RG,7250,1,D,XC,PD,D
15:07:41,ICBP,RG,7250,10,D,YP,PD,D
15:07:41,ICBP,RG,7250,1,D,PD,PD,D
15:07:41,ICBP,RG,7250,10,D,KK,PD,D
15:07:41,ICBP,RG,7250,1,D,XC,PD,D
15:07:41,ICBP,RG,7250,9,D,SQ,PD,D
15:07:41,ICBP,RG,7250,1,D,PD,PD,D
15:07:41,ICBP,RG,7250,1,D,YP,PD,D
15:07:41,ICBP,RG,7250,100,D,DH,PD,D
15:07:41,ICBP,RG,7250,1,D,PD,PD,D
15:07:41,ICBP,RG,7250,2,D,TF,PD,D
15:07:41,ICBP,RG,7250,1,D,PD,PD,D
15:07:41,ICBP,RG,7250,1,D,XC,PD,D
15:07:41,ICBP,RG,7250,2,D,YP,PD,D
15:07:41,ICBP,RG,7250,7,D,FS,PD,D
15:07:25,ICBP,RG,7250,2,D,FS,CC,D
15:07:20,ICBP,RG,7250,1,D,FS,XC,D
15:07:12,ICBP,RG,7250,4,D,FS,YP,D
15:06:56,ICBP,RG,7250,8,D,FS,PD,D
15:06:24,ICBP,RG,7250,200,D,FS,YP,D
15:06:13,ICBP,RG,7250,2,D,FS,GR,D
15:06:04,ICBP,RG,7250,10,D,FS,PD,D
15:05:54,ICBP,RG,7250,1,D,FS,PD,D
15:05:53,ICBP,RG,7250,1,D,FS,PD,D
15:05:41,ICBP,RG,7250,20,D,FS,ZP,D
15:05:33,ICBP,RG,7250,8,D,FS,XC,D
15:05:31,ICBP,RG,7250,10,D,FS,YP,D
15:05:26,ICBP,RG,7250,5,D,FS,YP,D
15:05:16,ICBP,RG,7250,5,D,FS,CC,D
15:04:59,ICBP,RG,7250,5,D,FS,NI,D
15:04:44,ICBP,RG,7250,200,D,FS,YP,D
15:04:31,ICBP,RG,7250,2,D,FS,YP,D
15:04:30,ICBP,RG,7250,7,D,FS,DH,D
15:04:16,ICBP,RG,7250,2,D,FS,NI,D
15:04:16,ICBP,RG,7250,2,D,NI,NI,D
15:04:16,ICBP,RG,7250,2,D,NI,NI,D
15:04:16,ICBP,RG,7250,1,D,XC,NI,D
15:04:16,ICBP,RG,7250,1,D,NI,NI,D
15:04:16,ICBP,RG,7250,18,D,IU,NI,D
15:04:05,ICBP,RG,7250,7,D,IU,XC,D
15:03:59,ICBP,RG,7250,1,D,IU,YP,D
15:03:55,ICBP,RG,7250,1,D,IU,YP,D
15:03:50,ICBP,RG,7250,5,D,IU,PD,D
15:03:44,ICBP,RG,7250,23,D,IU,EP,D
15:03:00,ICBP,RG,7250,3,D,IU,DR,D
15:02:38,ICBP,RG,7250,42,D,IU,YP,D
15:02:38,ICBP,RG,7250,10,D,PD,YP,D
15:02:38,ICBP,RG,7250,4,D,XL,YP,D
15:02:38,ICBP,RG,7250,25,D,AI,YP,D
15:02:38,ICBP,RG,7250,3,D,XC,YP,D
15:02:38,ICBP,RG,7250,2,D,YP,YP,D
15:02:38,ICBP,RG,7250,4,D,YP,YP,D
15:02:38,ICBP,RG,7250,3,D,YP,YP,D
15:02:38,ICBP,RG,7250,1,D,XL,YP,D
15:02:38,ICBP,RG,7250,6,D,NI,YP,D
15:02:32,ICBP,RG,7250,3,D,NI,PD,D
15:02:29,ICBP,RG,7250,1,D,NI,XC,D
15:02:29,ICBP,RG,7250,2,D,XC,XC,D
15:02:20,ICBP,RG,7250,8,D,XC,YP,D
15:02:20,ICBP,RG,7250,1,D,AI,YP,D
15:02:20,ICBP,RG,7250,1,D,CC,YP,D
15:02:20,ICBP,RG,7250,50,D,CC,YP,D
15:02:20,ICBP,RG,7250,2,D,PD,YP,D
15:02:20,ICBP,RG,7250,1,D,XC,YP,D
15:02:20,ICBP,RG,7250,10,D,CC,YP,D
15:02:20,ICBP,RG,7250,1,D,CC,YP,D
15:02:20,ICBP,RG,7250,10,D,CC,YP,D
15:02:20,ICBP,RG,7250,2,D,DR,YP,D
15:02:20,ICBP,RG,7250,3,D,PD,YP,D
15:02:20,ICBP,RG,7250,10,D,YB,YP,D
15:02:20,ICBP,RG,7250,101,D,DH,YP,D
15:02:14,ICBP,RG,7250,1,D,DH,XC,D
15:02:12,ICBP,RG,7250,2,D,DH,KK,D
15:01:52,ICBP,RG,7250,1,D,DH,YP,D
15:01:39,ICBP,RG,7250,6,D,DH,YP,D
15:01:25,ICBP,RG,7250,14,D,DH,PD,D
15:01:25,ICBP,RG,7250,5,D,DH,PD,D
15:01:25,ICBP,RG,7250,2,D,KK,PD,D
15:01:25,ICBP,RG,7250,1,D,XC,PD,D
15:01:25,ICBP,RG,7250,1,D,CC,PD,D
15:01:25,ICBP,RG,7250,1,D,NI,PD,D
15:01:25,ICBP,RG,7250,4,D,XL,PD,D
15:01:18,ICBP,RG,7250,3,D,XL,PD,D
15:01:18,ICBP,RG,7250,1,D,AZ,PD,D
15:01:18,ICBP,RG,7250,4,D,CC,PD,D
15:01:18,ICBP,RG,7250,4,D,KK,PD,D
15:01:03,ICBP,RG,7250,2,D,KK,PD,D
15:01:00,ICBP,RG,7250,1,D,KK,DH,D
15:01:00,ICBP,RG,7250,6,D,KK,KK,D
15:00:00,ICBP,RG,7250,8,D,KK,NI,D
15:00:00,ICBP,RG,7250,4,D,KK,XC,D
15:00:00,ICBP,RG,7250,1,D,XL,XC,D
15:00:00,ICBP,RG,7250,5,D,YB,XC,D
15:00:00,ICBP,RG,7250,1,D,YB,XC,D
15:00:00,ICBP,RG,7250,3,D,YB,DR,D
15:00:00,ICBP,RG,7250,1,D,YB,NI,D
15:00:00,ICBP,RG,7250,10,D,NI,NI,D
15:00:00,ICBP,RG,7250,2,D,NI,LG,D
15:00:00,ICBP,RG,7250,3,D,CC,LG,D
15:00:00,ICBP,RG,7250,47,D,CC,HP,D
15:00:00,ICBP,RG,7250,6,D,YP,HP,D
15:00:00,ICBP,RG,7250,6,D,PD,HP,D
15:00:00,ICBP,RG,7250,44,D,IF,HP,D
15:00:00,ICBP,RG,7250,7,D,PD,HP,D
15:00:00,ICBP,RG,7250,2,D,DH,HP,D
15:00:00,ICBP,RG,7250,7,D,XC,HP,D
15:00:00,ICBP,RG,7250,20,D,YP,HP,D
15:00:00,ICBP,RG,7250,1,D,NI,HP,D
15:00:00,ICBP,RG,7250,2,D,XC,HP,D
15:00:00,ICBP,RG,7250,2,D,CC,HP,D
15:00:00,ICBP,RG,7250,6,D,SQ,HP,D
15:00:00,ICBP,RG,7250,7,D,SQ,AZ,D
15:00:00,ICBP,RG,7250,1,D,SQ,PD,D
15:00:00,ICBP,RG,7250,4,D,SQ,NI,D
15:00:00,ICBP,RG,7250,5,D,SQ,ZP,D
15:00:00,ICBP,RG,7250,15,D,SQ,CC,D
15:00:00,ICBP,RG,7250,15,D,SQ,CC,D
15:00:00,ICBP,RG,7250,2,D,SQ,PD,D
15:00:00,ICBP,RG,7250,1,D,SQ,SQ,D
15:00:00,ICBP,RG,7250,10,D,SQ,PD,D
15:00:00,ICBP,RG,7250,3,D,SQ,DH,D
15:00:00,ICBP,RG,7250,85,D,SQ,AK,D
15:00:00,ICBP,RG,7250,535,D,SQ,AK,D
15:00:00,ICBP,RG,7250,1,D,DR,AK,D
15:00:00,ICBP,RG,7250,2,D,DH,AK,D
15:00:00,ICBP,RG,7250,3,D,KK,AK,D
15:00:00,ICBP,RG,7250,1,D,YJ,AK,D
15:00:00,ICBP,RG,7250,99,D,YJ,AK,D
15:00:00,ICBP,RG,7250,5,D,YP,AK,D
15:00:00,ICBP,RG,7250,29,D,GR,AK,D
15:00:00,ICBP,RG,7250,1,D,GR,AK,D
15:00:00,ICBP,RG,7250,10,D,YP,AK,D
15:00:00,ICBP,RG,7250,100,D,AI,AK,D
15:00:00,ICBP,RG,7250,4,D,YP,AK,D
15:00:00,ICBP,RG,7250,8,D,YP,AK,D
15:00:00,ICBP,RG,7250,2,D,YP,AK,D
15:00:00,ICBP,RG,7250,2,D,PD,AK,D
15:00:00,ICBP,RG,7250,1,D,XC,AK,D
15:00:00,ICBP,RG,7250,2,D,XC,AK,D
15:00:00,ICBP,RG,7250,4,D,PD,AK,D
15:00:00,ICBP,RG,7250,1,D,XL,AK,D
15:00:00,ICBP,RG,7250,16,D,CC,AK,D
15:00:00,ICBP,RG,7250,1,D,CC,AI,D
15:00:00,ICBP,RG,7250,3,D,CC,CC,D
15:00:00,ICBP,RG,7250,1,D,NI,CC,D
15:00:00,ICBP,RG,7250,1,D,XC,CC,D
15:00:00,ICBP,RG,7250,1,D,AZ,CC,D
15:00:00,ICBP,RG,7250,1,D,YP,CC,D
15:00:00,ICBP,RG,7250,3,D,KK,CC,D
15:00:00,ICBP,RG,7250,22,D,KK,OD,D
15:00:00,ICBP,RG,7250,2,D,XL,OD,D
15:00:00,ICBP,RG,7250,1,D,PD,OD,D
15:00:00,ICBP,RG,7250,1,D,XC,OD,D
15:00:00,ICBP,RG,7250,1,D,XC,OD,D
15:00:00,ICBP,RG,7250,1,D,YU,OD,D
15:00:00,ICBP,RG,7250,59,D,NI,OD,D
15:00:00,ICBP,RG,7250,10,D,SQ,OD,D
15:00:00,ICBP,RG,7250,2,D,NI,OD,D
15:00:00,ICBP,RG,7250,2,D,XC,OD,D
15:00:00,ICBP,RG,7250,100,D,YU,OD,D
15:00:00,ICBP,RG,7250,1,D,DH,OD,D
15:00:00,ICBP,RG,7250,7,D,LG,OD,D
15:00:00,ICBP,RG,7250,20,D,DR,OD,D
15:00:00,ICBP,RG,7250,1,D,PD,OD,D
15:00:00,ICBP,RG,7250,5,D,DH,OD,D
15:00:00,ICBP,RG,7250,13,D,PD,OD,D
15:00:00,ICBP,RG,7250,6,D,XC,OD,D
15:00:00,ICBP,RG,7250,10,D,PD,OD,D
15:00:00,ICBP,RG,7250,1,D,XC,OD,D
15:00:00,ICBP,RG,7250,1,D,XC,OD,D
15:00:00,ICBP,RG,7250,2,D,NI,OD,D
15:00:00,ICBP,RG,7250,100,D,YP,OD,D
15:00:00,ICBP,RG,7250,5,D,PD,OD,D
15:00:00,ICBP,RG,7250,4,D,YP,OD,D
15:00:00,ICBP,RG,7250,1,D,XC,OD,D
15:00:00,ICBP,RG,7250,71,D,SQ,OD,D
15:00:00,ICBP,RG,7250,5,D,PD,OD,D
15:00:00,ICBP,RG,7250,1,D,PD,OD,D
15:00:00,ICBP,RG,7250,1,D,DR,OD,D
15:00:00,ICBP,RG,7250,1,D,KK,OD,D
15:00:00,ICBP,RG,7250,6,D,YP,OD,D
15:00:00,ICBP,RG,7250,1,D,PD,OD,D
15:00:00,ICBP,RG,7250,69,D,XL,OD,D
15:00:00,ICBP,RG,7250,1,D,NI,OD,D
15:00:00,ICBP,RG,7250,15,D,AT,OD,D
15:00:00,ICBP,RG,7250,1,D,XC,OD,D
15:00:00,ICBP,RG,7250,10,D,DH,OD,D
15:00:00,ICBP,RG,7250,1,D,NI,OD,D
15:00:00,ICBP,RG,7250,5,D,YP,OD,D
15:00:00,ICBP,RG,7250,1,D,XC,OD,D
15:00:00,ICBP,RG,7250,2,D,NI,OD,D
15:00:00,ICBP,RG,7250,10,D,YP,OD,D
15:00:00,ICBP,RG,7250,1,D,XC,OD,D
15:00:00,ICBP,RG,7250,3,D,CC,OD,D
15:00:00,ICBP,RG,7250,1,D,YP,OD,D
15:00:00,ICBP,RG,7250,1,D,XC,OD,D
15:00:00,ICBP,RG,7250,30,D,SQ,OD,D
15:00:00,ICBP,RG,7250,7,D,YP,OD,D
15:00:00,ICBP,RG,7250,10,D,GR,OD,D
15:00:00,ICBP,RG,7250,10,D,PC,OD,D
15:00:00,ICBP,RG,7250,1,D,YP,OD,D
15:00:00,ICBP,RG,7250,2,D,CC,OD,D
15:00:00,ICBP,RG,7250,100,D,YU,OD,D
15:00:00,ICBP,RG,7250,2,D,XL,OD,D
15:00:00,ICBP,RG,7250,1,D,XC,OD,D
15:00:00,ICBP,RG,7250,5,D,DH,OD,D
15:00:00,ICBP,RG,7250,1,D,XL,OD,D
15:00:00,ICBP,RG,7250,5,D,CC,OD,D
15:00:00,ICBP,RG,7250,5,D,DR,OD,D
15:00:00,ICBP,RG,7250,1,D,XC,OD,D
15:00:00,ICBP,RG,7250,1,D,OD,OD,D
15:00:00,ICBP,RG,7250,2,D,PD,OD,D
15:00:00,ICBP,RG,7250,32,D,YP,OD,D
15:00:00,ICBP,RG,7250,5,D,YP,OD,D
15:00:00,ICBP,RG,7250,2,D,YP,YP,D
15:00:00,ICBP,RG,7250,1,D,YP,PD,D
15:00:00,ICBP,RG,7250,11,D,YP,YP,D
15:00:00,ICBP,RG,7250,10,D,YP,YP,D
15:00:00,ICBP,RG,7250,8,D,YP,SQ,D
15:00:00,ICBP,RG,7250,1,D,YP,CC,D
15:00:00,ICBP,RG,7250,1,D,YP,YP,D
15:00:00,ICBP,RG,7250,1,D,YP,YP,D
15:00:00,ICBP,RG,7250,10,D,YP,NI,D
15:00:00,ICBP,RG,7250,1,D,YP,SQ,D
15:00:00,ICBP,RG,7250,2,D,YP,YP,D
15:00:00,ICBP,RG,7250,5,D,YP,XC,D
15:00:00,ICBP,RG,7250,284,D,YP,AK,D
15:00:00,ICBP,RG,7250,126,D,YP,AK,D
15:00:00,ICBP,RG,7250,2,D,NI,AK,D
15:00:00,ICBP,RG,7250,35,D,KK,AK,D
15:00:00,ICBP,RG,7250,10,D,YP,AK,D
15:00:00,ICBP,RG,7250,40,D,YP,AK,D
15:00:00,ICBP,RG,7250,10,D,OD,AK,D
15:00:00,ICBP,RG,7250,1,D,PD,AK,D
15:00:00,ICBP,RG,7250,1,D,YP,AK,D
15:00:00,ICBP,RG,7250,1,D,GR,AK,D
15:00:00,ICBP,RG,7250,10,D,PD,AK,D
15:00:00,ICBP,RG,7250,15,D,SQ,AK,D
15:00:00,ICBP,RG,7250,2,D,PD,AK,D
15:00:00,ICBP,RG,7250,2,D,YP,AK,D
15:00:00,ICBP,RG,7250,14,D,NI,AK,D
15:00:00,ICBP,RG,7250,2,D,CC,AK,D
15:00:00,ICBP,RG,7250,100,D,DH,AK,D
15:00:00,ICBP,RG,7250,30,D,PD,AK,D
15:00:00,ICBP,RG,7250,50,D,GR,AK,D
15:00:00,ICBP,RG,7250,1,D,NI,AK,D
15:00:00,ICBP,RG,7250,5,D,DR,AK,D
15:00:00,ICBP,RG,7250,10,D,EP,AK,D
15:00:00,ICBP,RG,7250,4,D,PD,AK,D
15:00:00,ICBP,RG,7250,8,D,CC,AK,D
15:00:00,ICBP,RG,7250,1,D,YP,AK,D
15:00:00,ICBP,RG,7250,100,D,SQ,AK,D
15:00:00,ICBP,RG,7250,300,D,DX,AK,D
15:00:00,ICBP,RG,7250,2,D,YP,AK,D
15:00:00,ICBP,RG,7250,1,D,XC,AK,D
15:00:00,ICBP,RG,7250,25,D,CC,AK,D
15:00:00,ICBP,RG,7250,3,D,DH,AK,D
15:00:00,ICBP,RG,7250,20,D,XC,AK,D
15:00:00,ICBP,RG,7250,100,D,DR,AK,D
15:00:00,ICBP,RG,7250,5,D,SQ,AK,D
15:00:00,ICBP,RG,7250,3,D,CC,AK,D
15:00:00,ICBP,RG,7250,2,D,XC,AK,D
15:00:00,ICBP,RG,7250,1,D,XC,AK,D
15:00:00,ICBP,RG,7250,7,D,CC,AK,D
15:00:00,ICBP,RG,7250,5,D,YP,AK,D
15:00:00,ICBP,RG,7250,1,D,DH,AK,D
15:00:00,ICBP,RG,7250,8,D,EP,AK,D
15:00:00,ICBP,RG,7250,1,D,CC,AK,D
15:00:00,ICBP,RG,7250,1,D,YP,AK,D
15:00:00,ICBP,RG,7250,14,D,CC,AK,D
15:00:00,ICBP,RG,7250,8,D,KK,AK,D
15:00:00,ICBP,RG,7250,20,D,RG,AK,D
15:00:00,ICBP,RG,7250,10,D,GR,AK,D
15:00:00,ICBP,RG,7250,305,F,CS,AK,D
15:00:00,ICBP,RG,7250,75,F,CS,AK,D
15:00:00,ICBP,RG,7250,439,F,CS,AK,D
15:00:00,ICBP,RG,7250,73,F,CS,AK,D
15:00:00,ICBP,RG,7250,420,F,CS,AK,D
15:00:00,ICBP,RG,7250,1,F,CS,PD,D
15:00:00,ICBP,RG,7250,1,F,CS,XC,D
15:00:00,ICBP,RG,7250,20,F,CS,YP,D
15:00:00,ICBP,RG,7250,4,F,CS,GR,D
15:00:00,ICBP,RG,7250,2,F,CS,KK,D
15:00:00,ICBP,RG,7250,139,F,CS,HP,D
15:00:00,ICBP,RG,7250,11,F,CS,HP,D
15:00:00,ICBP,RG,7250,32,F,CS,CC,F
15:00:00,ICBP,RG,7250,42,F,CS,AK,D
15:00:00,ICBP,RG,7250,271,F,CS,AK,D
15:00:00,ICBP,RG,7250,66,F,CS,AK,D
15:00:00,ICBP,RG,7250,75,F,CS,AK,D
15:00:00,ICBP,RG,7250,5,F,CS,OD,D
15:00:00,ICBP,RG,7250,5,F,CS,NI,D
15:00:00,ICBP,RG,7250,5,F,CS,SQ,D
15:00:00,ICBP,RG,7250,75,F,CS,AK,D
15:00:00,ICBP,RG,7250,1,D,YP,AK,D
15:00:00,ICBP,RG,7250,1,D,YP,AK,D
15:00:00,ICBP,RG,7250,3,D,YP,AK,D
15:00:00,ICBP,RG,7250,5,D,TF,AK,D
15:00:00,ICBP,RG,7250,2,D,XC,AK,D
15:00:00,ICBP,RG,7250,2,D,LG,AK,D
15:00:00,ICBP,RG,7250,1,D,NI,AK,D
15:00:00,ICBP,RG,7250,5,D,CC,AK,D
15:00:00,ICBP,RG,7250,1,D,YP,AK,D
15:00:00,ICBP,RG,7250,1,D,YP,AK,D
15:00:00,ICBP,RG,7250,1,D,YP,AK,D
15:00:00,ICBP,RG,7250,1,D,YP,AK,D
15:00:00,ICBP,RG,7250,1,D,KK,AK,D
15:00:00,ICBP,RG,7250,1,D,CC,AK,D
15:00:00,ICBP,RG,7250,3,D,GR,AK,D
15:00:00,ICBP,RG,7250,2,D,PD,AK,D
15:00:00,ICBP,RG,7250,1,D,EP,AK,D
15:00:00,ICBP,RG,7250,2,D,GR,AK,D
15:00:00,ICBP,RG,7250,189,F,CS,AK,D
15:00:00,ICBP,RG,7250,15,F,CS,DR,D
15:00:00,ICBP,RG,7250,20,F,CS,OD,D
15:00:00,ICBP,RG,7250,30,F,CS,PD,D
15:00:00,ICBP,RG,7250,95,F,CS,YP,D
15:00:00,ICBP,RG,7250,124,F,CS,YP,D
15:00:00,ICBP,RG,7250,2,F,CS,PD,D
15:00:00,ICBP,RG,7250,1,F,CS,YP,D
15:00:00,ICBP,RG,7250,2,F,CS,XL,D
15:00:00,ICBP,RG,7250,20,F,CS,OD,D
15:00:00,ICBP,RG,7250,20,F,CS,CC,D
15:00:00,ICBP,RG,7250,1,F,CS,PD,D
15:00:00,ICBP,RG,7250,2,F,CS,PD,D
15:00:00,ICBP,RG,7250,50,F,CS,KK,D
15:00:00,ICBP,RG,7250,33,F,CS,KK,D
15:00:00,ICBP,RG,7250,5,F,CS,YP,D
15:00:00,ICBP,RG,7250,5,F,CS,KK,D
15:00:00,ICBP,RG,7250,3,F,CS,PD,D
15:00:00,ICBP,RG,7250,4,F,CS,CC,D
15:00:00,ICBP,RG,7250,55,F,CS,DR,D
15:00:00,ICBP,RG,7250,258,F,CS,DX,D
15:00:00,ICBP,RG,7250,585,F,CS,DX,D
15:00:00,ICBP,RG,7250,585,F,CS,DX,D
15:00:00,ICBP,RG,7250,2,D,YP,DX,D
15:00:00,ICBP,RG,7250,1,D,XC,DX,D
15:00:00,ICBP,RG,7250,40,D,MK,DX,D
15:00:00,ICBP,RG,7250,1,D,NI,DX,D
15:00:00,ICBP,RG,7250,1,D,NI,DX,D
15:00:00,ICBP,RG,7250,1,D,YP,DX,D
15:00:00,ICBP,RG,7250,1,D,YP,DX,D
15:00:00,ICBP,RG,7250,7,D,KK,DX,D
15:00:00,ICBP,RG,7250,8,D,AZ,DX,D
15:00:00,ICBP,RG,7250,24,D,CC,DX,D
15:00:00,ICBP,RG,7250,2,D,AZ,DX,D
15:00:00,ICBP,RG,7250,1,D,YP,DX,D
15:00:00,ICBP,RG,7250,200,F,BK,DX,D
15:00:00,ICBP,RG,7250,1,D,YP,DX,D
15:00:00,ICBP,RG,7250,61,F,BK,DX,D
15:00:00,ICBP,RG,7250,221,F,BK,DX,D
15:00:00,ICBP,RG,7250,3,F,BK,ZP,D
15:00:00,ICBP,RG,7250,25,F,BK,KK,D
15:00:00,ICBP,RG,7250,11,F,BK,XC,D
15:00:00,ICBP,RG,7250,1,F,BK,XC,D
15:00:00,ICBP,RG,7250,6,F,BK,DR,D
15:00:00,ICBP,RG,7250,2,F,BK,AI,D
15:00:00,ICBP,RG,7250,830,F,BK,CC,D
15:00:00,ICBP,RG,7250,250,F,BK,DR,D
15:00:00,ICBP,RG,7250,3,F,BK,XC,D
15:00:00,ICBP,RG,7250,1,F,BK,XC,D
15:00:00,ICBP,RG,7250,933,F,BK,YP,D
15:00:00,ICBP,RG,7250,10,D,YP,YP,D
15:00:00,ICBP,RG,7250,2,D,KK,YP,D
15:00:00,ICBP,RG,7250,12,F,ZP,YP,D
15:00:00,ICBP,RG,7250,43,F,BK,YP,D
15:00:00,ICBP,RG,7250,10,F,BK,KK,D
15:00:00,ICBP,RG,7250,200,F,BK,EP,D
15:00:00,ICBP,RG,7250,110,F,BK,DX,D
15:00:00,ICBP,RG,7250,5,F,BK,CC,D
15:00:00,ICBP,RG,7250,200,F,BK,EP,D
15:00:00,ICBP,RG,7250,200,F,BK,EP,D
15:00:00,ICBP,RG,7250,11,F,BK,EP,D
15:00:00,ICBP,RG,7250,23,F,BK,EP,D
15:00:00,ICBP,RG,7250,7,F,BK,EP,D
15:00:00,ICBP,RG,7250,59,F,CS,EP,D
15:00:00,ICBP,RG,7250,7,F,CS,CC,D
15:00:00,ICBP,RG,7250,229,F,CS,DX,F
15:00:00,ICBP,RG,7250,50,F,CS,OD,D
15:00:00,ICBP,RG,7250,33,F,CS,OD,D
15:00:00,ICBP,RG,7250,117,F,DX,OD,D
15:00:00,ICBP,RG,7250,135,F,DX,OD,D
15:00:00,ICBP,RG,7250,40,F,DX,OD,D
15:00:00,ICBP,RG,7250,20,F,DX,OD,D
15:00:00,ICBP,RG,7250,511,F,DX,AK,F
15:00:00,ICBP,RG,7250,35,F,DX,OD,D
15:00:00,ICBP,RG,7250,379,F,DX,LG,D
15:00:00,ICBP,RG,7250,67,F,DX,LG,D
15:00:00,ICBP,RG,7250,34,F,DX,LG,D
15:00:00,ICBP,RG,7250,249,F,DX,IP,D
15:00:00,ICBP,RG,7250,17,F,DX,IP,D
15:00:00,ICBP,RG,7250,4,F,DX,IP,D
15:00:00,ICBP,RG,7250,74,F,ZP,IP,D
15:00:00,ICBP,RG,7250,90,F,ZP,IP,D
15:00:00,ICBP,RG,7250,447,F,ZP,PD,D
15:00:00,ICBP,RG,7250,303,F,ZP,PD,D
15:00:00,ICBP,RG,7250,396,F,ZP,DX,F
15:00:00,ICBP,RG,7250,574,F,ZP,DX,F
15:00:00,ICBP,RG,7250,457,F,ZP,DX,F
15:00:00,ICBP,RG,7250,1290,F,ZP,DX,F
15:00:00,ICBP,RG,7250,297,F,ZP,YU,F
15:00:00,ICBP,RG,7250,2477,F,ZP,KZ,F
15:00:00,ICBP,RG,7250,32,F,AK,KZ,F
15:00:00,ICBP,RG,7250,345,F,AK,KZ,D
15:00:00,ICBP,RG,7250,171,F,AK,KZ,D
15:00:00,ICBP,RG,7250,22,F,AK,CS,F
15:00:00,ICBP,RG,7250,1,F,AK,CS,F
15:00:00,ICBP,RG,7250,261,F,AK,PD,D
15:00:00,ICBP,RG,7250,39,D,OD,PD,D
15:00:00,ICBP,RG,7250,380,D,YU,PD,D
15:00:00,ICBP,RG,7250,600,D,OD,PD,D
15:00:00,ICBP,RG,7250,3,D,DX,PD,D
14:49:59,ICBP,RG,7250,1,D,PD,AK,D
14:49:59,ICBP,RG,7250,10,D,YP,AK,D
14:49:57,ICBP,RG,7250,165,F,BK,AK,D
14:49:57,ICBP,RG,7250,7,D,YP,AK,D
14:49:52,ICBP,RG,7225,126,D,RO,PD,D
14:49:52,ICBP,RG,7225,1,D,XC,PD,D
14:49:52,ICBP,RG,7225,1,D,PD,PD,D
14:49:52,ICBP,RG,7225,35,D,CC,PD,D
14:49:52,ICBP,RG,7225,1,D,CC,PD,D
14:49:52,ICBP,RG,7225,3,D,PD,PD,D
14:49:52,ICBP,RG,7225,5,D,YP,PD,D
14:49:52,ICBP,RG,7225,1,D,BQ,PD,D
14:49:52,ICBP,RG,7225,1,F,ZP,PD,D
14:49:52,ICBP,RG,7225,1,D,XC,PD,D
14:49:52,ICBP,RG,7225,600,D,PD,PD,D
14:49:52,ICBP,RG,7225,1,D,YP,PD,D
14:49:52,ICBP,RG,7225,20,D,SQ,PD,D
14:49:52,ICBP,RG,7225,3,D,AT,PD,D
14:49:52,ICBP,RG,7225,10,D,YP,PD,D
14:49:52,ICBP,RG,7225,2,D,HP,PD,D
14:49:52,ICBP,RG,7225,2,D,PD,PD,D
14:49:52,ICBP,RG,7225,1,D,YP,PD,D
14:49:52,ICBP,RG,7225,2,D,PD,PD,D
14:49:52,ICBP,RG,7225,70,D,YP,PD,D
14:49:52,ICBP,RG,7225,100,D,YP,PD,D
14:49:52,ICBP,RG,7225,17,D,NI,PD,D
14:49:52,ICBP,RG,7225,2,D,SQ,PD,D
14:49:52,ICBP,RG,7225,1,D,PD,PD,D
14:49:52,ICBP,RG,7225,2,D,YP,PD,D
14:49:52,ICBP,RG,7225,168,D,BQ,PD,D
14:49:52,ICBP,RG,7225,100,D,YP,PD,D
14:49:52,ICBP,RG,7225,50,D,YP,PD,D
14:49:52,ICBP,RG,7225,5,D,YP,PD,D
14:49:52,ICBP,RG,7225,1,D,YP,PD,D
14:49:52,ICBP,RG,7225,1,D,YP,PD,D
14:49:52,ICBP,RG,7225,100,D,KK,PD,D
14:49:52,ICBP,RG,7225,20,D,YP,PD,D
14:49:52,ICBP,RG,7225,104,D,YP,PD,D
14:49:52,ICBP,RG,7225,4,D,YP,PD,D
14:49:52,ICBP,RG,7225,20,F,BK,PD,D
14:49:52,ICBP,RG,7225,19,D,NI,PD,D
14:49:50,ICBP,RG,7250,19,F,BK,AK,D
14:49:49,ICBP,RG,7250,2,D,CC,AK,D
14:49:49,ICBP,RG,7225,1,D,NI,IP,D
14:49:49,ICBP,RG,7225,5,D,XL,IP,D
14:49:49,ICBP,RG,7225,5,D,YP,IP,D
14:49:49,ICBP,RG,7225,5,D,YP,IP,D
14:49:49,ICBP,RG,7225,50,D,MG,IP,D
14:49:49,ICBP,RG,7225,3,D,NI,IP,D
14:49:46,ICBP,RG,7225,1,D,KK,DX,F
14:49:46,ICBP,RG,7225,1,D,KK,DX,F
14:49:46,ICBP,RG,7250,25,D,ZP,AK,D
14:49:45,ICBP,RG,7225,8,D,KK,DX,F
14:49:45,ICBP,RG,7225,5,D,DH,DX,F
14:49:45,ICBP,RG,7225,15,D,PD,DX,F
14:49:45,ICBP,RG,7225,1,D,CC,DX,F
14:49:44,ICBP,RG,7250,2,D,PD,AK,D
14:49:42,ICBP,RG,7250,2,D,PD,AK,D
14:49:41,ICBP,RG,7225,1,D,CC,XC,D
14:49:40,ICBP,RG,7250,3,D,NI,AK,D
14:49:33,ICBP,RG,7225,1,D,CC,LG,D
14:49:33,ICBP,RG,7250,1,D,XL,AK,D
14:49:32,ICBP,RG,7250,7,F,BK,AK,D
14:49:29,ICBP,RG,7250,26,F,BK,AK,D
14:49:27,ICBP,RG,7250,9,F,DX,AK,D
14:49:27,ICBP,RG,7250,1,D,XL,AK,D
14:49:26,ICBP,RG,7225,9,D,RG,BB,D
14:49:25,ICBP,RG,7250,49,F,BK,AK,D
14:49:25,ICBP,RG,7250,133,F,BK,AK,D
14:49:25,ICBP,RG,7250,151,F,BK,AK,D
14:49:25,ICBP,RG,7250,5,F,BK,NI,D
14:49:25,ICBP,RG,7250,2,F,BK,DH,D
14:49:22,ICBP,RG,7225,16,D,RG,BB,D
14:49:22,ICBP,RG,7225,97,F,BK,IP,D
14:49:22,ICBP,RG,7225,5,F,BK,PD,D
14:49:22,ICBP,RG,7225,15,F,BK,YP,D
14:49:22,ICBP,RG,7225,2,F,BK,DX,F
14:49:22,ICBP,RG,7225,1,F,BK,DX,F
14:49:22,ICBP,RG,7225,1,F,BK,DX,F
14:49:22,ICBP,RG,7225,4,F,BK,DX,F
14:49:22,ICBP,RG,7225,1,F,BK,XC,D
14:49:22,ICBP,RG,7225,2,F,BK,IF,D
14:49:22,ICBP,RG,7225,5,F,BK,OD,D
14:49:22,ICBP,RG,7225,10,F,BK,PD,D
14:49:22,ICBP,RG,7225,1,F,BK,DH,D
14:49:22,ICBP,RG,7225,85,F,BK,AK,D
14:49:22,ICBP,RG,7225,133,F,BK,AK,D
14:49:22,ICBP,RG,7225,151,F,BK,AK,D
14:49:22,ICBP,RG,7225,1732,F,BK,DX,D
14:49:22,ICBP,RG,7225,1,F,ZP,DX,D
14:49:22,ICBP,RG,7225,5,D,YP,DX,D
14:49:21,ICBP,RG,7225,500,D,YP,DX,D
14:49:21,ICBP,RG,7225,1,D,PD,DX,D
14:49:21,ICBP,RG,7200,12,D,RO,NI,D
14:49:21,ICBP,RG,7225,1,D,PD,DX,D
14:49:20,ICBP,RG,7225,4,D,XC,DX,D
14:49:20,ICBP,RG,7225,16,F,BK,DX,D
14:49:20,ICBP,RG,7225,150,D,DR,DX,D
14:49:19,ICBP,RG,7225,3,D,SQ,DX,D
14:49:19,ICBP,RG,7200,1,D,RO,XL,D
14:49:19,ICBP,RG,7225,10,D,CC,DX,D
14:49:18,ICBP,RG,7225,32,D,XA,DX,D
14:49:17,ICBP,RG,7225,10,D,YP,DX,D
14:49:16,ICBP,RG,7225,7,D,XL,DX,D
14:49:16,ICBP,RG,7225,87,D,XL,BB,D
14:49:16,ICBP,RG,7225,6,D,XL,DX,D
14:49:16,ICBP,RG,7225,1,D,YP,DX,D
14:49:15,ICBP,RG,7225,1,D,CC,DX,D
14:49:15,ICBP,RG,7225,10,D,CC,DX,D
14:49:13,ICBP,RG,7225,1,D,YP,DX,D
14:49:13,ICBP,RG,7225,1,D,NI,DX,D
14:49:13,ICBP,RG,7225,1,D,AZ,DX,D
14:49:13,ICBP,RG,7225,12,D,YP,DX,D
14:49:11,ICBP,RG,7225,6,F,BK,DX,D
14:49:11,ICBP,RG,7225,1,D,NI,DX,D
14:49:10,ICBP,RG,7200,8,D,RO,PD,D
14:49:09,ICBP,RG,7225,10,D,PD,DX,D
14:49:09,ICBP,RG,7225,7,F,BK,DX,D
14:49:09,ICBP,RG,7200,11,D,RO,BB,D
14:49:08,ICBP,RG,7225,1,D,XC,DX,D
14:49:08,ICBP,RG,7225,10,D,YP,DX,D
14:49:08,ICBP,RG,7225,2,D,YP,DX,D
14:49:07,ICBP,RG,7225,10,D,CC,DX,D
14:49:06,ICBP,RG,7225,1,D,LS,DX,D
14:49:06,ICBP,RG,7225,3,D,PD,DX,D
14:49:05,ICBP,RG,7225,17,F,BK,DX,D
14:49:04,ICBP,RG,7225,1,D,KK,DX,D
14:49:04,ICBP,RG,7200,41,D,RO,AK,F
14:49:04,ICBP,RG,7225,20,D,YP,DX,D
14:49:04,ICBP,RG,7225,1,D,HP,DX,D
14:49:04,ICBP,RG,7225,1,D,CC,DX,D
14:49:03,ICBP,RG,7225,1,D,PD,DX,D
14:49:03,ICBP,RG,7200,26,D,RO,BB,D
14:49:02,ICBP,RG,7225,2,D,XC,DX,D
14:49:02,ICBP,RG,7225,21,F,BK,DX,D
14:49:02,ICBP,RG,7225,1,D,PD,DX,D
14:49:02,ICBP,RG,7200,50,D,RO,YP,D
14:49:02,ICBP,RG,7225,3,D,XL,DX,D
14:49:01,ICBP,RG,7225,5,D,PD,DX,D
14:49:00,ICBP,RG,7225,1,F,ZP,DX,D
14:49:00,ICBP,RG,7225,1,F,ZP,DX,D
14:49:00,ICBP,RG,7200,2,D,RO,AK,D
14:49:00,ICBP,RG,7200,1,D,RO,AK,D
14:49:00,ICBP,RG,7200,1,D,RO,AK,D
14:49:00,ICBP,RG,7200,1,D,RO,AK,D
14:49:00,ICBP,RG,7200,2,D,RO,AK,D
14:49:00,ICBP,RG,7200,1,D,RO,AK,D
14:49:00,ICBP,RG,7200,8,D,RO,AK,D
14:49:00,ICBP,RG,7200,5,D,RO,AK,D
14:49:00,ICBP,RG,7200,4,D,RO,AK,D
14:49:00,ICBP,RG,7200,3,D,RO,AK,D
14:49:00,ICBP,RG,7200,5,D,RO,AK,D
14:49:00,ICBP,RG,7200,13,D,RO,AK,D
14:48:59,ICBP,RG,7225,1,D,EP,DX,D
14:48:58,ICBP,RG,7225,109,F,BK,DX,D
14:48:57,ICBP,RG,7225,1,D,SQ,DX,D
14:48:57,ICBP,RG,7225,10,D,YP,DX,D
14:48:57,ICBP,RG,7200,8,D,RO,GR,D
14:48:57,ICBP,RG,7225,32,D,EP,DX,D
14:48:56,ICBP,RG,7225,5,D,XC,DX,D
14:48:55,ICBP,RG,7225,3,D,CC,DX,D
14:48:55,ICBP,RG,7200,557,D,RO,PD,D
14:48:55,ICBP,RG,7200,1,D,YP,PD,D
14:48:55,ICBP,RG,7200,2,D,XC,PD,D
14:48:55,ICBP,RG,7200,10,D,NI,PD,D
14:48:55,ICBP,RG,7200,3,D,XL,PD,D
14:48:55,ICBP,RG,7200,1,D,PD,PD,D
14:48:55,ICBP,RG,7200,10,D,PD,PD,D
14:48:55,ICBP,RG,7200,6,D,YP,PD,D
14:48:55,ICBP,RG,7200,1,D,PD,PD,D
14:48:55,ICBP,RG,7200,100,D,NI,PD,D
14:48:55,ICBP,RG,7200,5,D,PD,PD,D
14:48:55,ICBP,RG,7200,1,D,YP,PD,D
14:48:55,ICBP,RG,7200,128,D,YP,PD,D
14:48:54,ICBP,RG,7225,1,F,ZP,DX,D
14:48:54,ICBP,RG,7225,5,D,CC,DX,D
14:48:54,ICBP,RG,7225,100,D,KK,DX,D
14:48:53,ICBP,RG,7225,2,D,YP,DX,D
14:48:53,ICBP,RG,7225,23,F,BK,DX,D
14:48:53,ICBP,RG,7225,2,F,ZP,DX,D
14:48:52,ICBP,RG,7225,1,D,SQ,DX,D
14:48:52,ICBP,RG,7225,100,D,CC,DX,D
14:48:50,ICBP,RG,7225,2,D,LS,DX,D
14:48:49,ICBP,RG,7225,200,D,DH,DX,D
14:48:49,ICBP,RG,7225,5,D,CC,DX,D
14:48:49,ICBP,RG,7225,5,D,SQ,DX,D
14:48:49,ICBP,RG,7200,19,D,YP,BB,D
14:48:47,ICBP,RG,7225,1,D,NI,DX,D
14:48:46,ICBP,RG,7225,5,D,EP,DX,D
14:48:45,ICBP,RG,7225,1,D,CC,DX,D
14:48:45,ICBP,RG,7225,1,D,PD,DX,D
14:48:45,ICBP,RG,7225,2,D,XC,DX,D
14:48:44,ICBP,RG,7225,7,D,CC,DX,D
14:48:44,ICBP,RG,7225,1,D,PD,DX,D
14:48:43,ICBP,RG,7225,1,D,XC,DX,D
14:48:43,ICBP,RG,7225,5,D,YP,DX,D
14:48:42,ICBP,RG,7225,3,D,YP,DX,D
14:48:42,ICBP,RG,7225,5,D,PD,DX,D
14:48:39,ICBP,RG,7225,10,D,YP,DX,D
14:48:38,ICBP,RG,7225,100,D,YP,DX,D
14:48:38,ICBP,RG,7225,74,D,YP,DX,D
14:48:37,ICBP,RG,7225,5,D,KK,DX,D
14:48:36,ICBP,RG,7225,50,D,YP,DX,D
14:48:36,ICBP,RG,7225,30,D,XA,DX,D
14:48:36,ICBP,RG,7225,5,D,XC,DX,D
14:48:34,ICBP,RG,7225,5,D,PD,DX,D
14:48:33,ICBP,RG,7225,3,F,ZP,DX,D
14:48:33,ICBP,RG,7225,1,D,PD,DX,D
14:48:33,ICBP,RG,7225,1,D,PD,DX,D
14:48:31,ICBP,RG,7225,1,D,DR,DX,D
14:48:31,ICBP,RG,7225,5,D,PD,DX,D
14:48:29,ICBP,RG,7225,100,D,OD,DX,D
14:48:29,ICBP,RG,7225,1,D,PD,DX,D
14:48:27,ICBP,RG,7225,10,D,YP,DX,D
14:48:26,ICBP,RG,7225,1,D,KK,DX,D
14:48:25,ICBP,RG,7225,10,D,XL,DX,D
14:48:25,ICBP,RG,7225,1,D,XC,DX,D
14:48:23,ICBP,RG,7225,12,D,DR,DX,D
14:48:23,ICBP,RG,7225,1,D,GR,DX,D
14:48:22,ICBP,RG,7225,3,D,YP,DX,D
14:48:21,ICBP,RG,7225,14,D,NI,DX,D
14:48:20,ICBP,RG,7225,1,D,XC,DX,D
14:48:17,ICBP,RG,7225,1,D,YP,DX,D
14:48:17,ICBP,RG,7225,1,D,XL,DX,D
14:48:17,ICBP,RG,7225,30,D,PD,DX,D
14:48:16,ICBP,RG,7225,10,D,EP,DX,D
14:48:15,ICBP,RG,7225,4,D,XC,DX,D
14:48:15,ICBP,RG,7225,10,D,CC,DX,D
14:48:15,ICBP,RG,7225,5,D,PD,DX,D
14:48:14,ICBP,RG,7200,752,D,YP,KZ,D
14:48:14,ICBP,RG,7225,2087,F,BK,DX,D
14:48:14,ICBP,RG,7225,413,F,BK,DX,D
14:48:13,ICBP,RG,7225,1,D,NI,DX,D
14:48:13,ICBP,RG,7225,1,D,RG,DX,D
14:48:13,ICBP,RG,7225,55,D,PD,DX,D
14:48:13,ICBP,RG,7225,1,D,DH,DX,D
14:48:12,ICBP,RG,7225,138,D,XA,DX,D
14:48:11,ICBP,RG,7225,1,D,PD,DX,D
14:48:11,ICBP,RG,7225,4,D,YP,DX,D
14:48:11,ICBP,RG,7225,5,D,YP,DX,D
14:48:11,ICBP,RG,7225,4,D,XL,DX,D
14:48:10,ICBP,RG,7225,1,D,PD,DX,D
14:48:10,ICBP,RG,7225,15,D,YP,DX,D
14:48:10,ICBP,RG,7225,10,D,PD,DX,D
14:48:10,ICBP,RG,7225,10,D,YP,DX,D
14:48:10,ICBP,RG,7225,141,D,NI,DX,D
14:48:10,ICBP,RG,7225,2,D,YP,DX,D
14:48:10,ICBP,RG,7225,25,D,NI,DX,D
14:48:10,ICBP,RG,7225,1,D,YP,DX,D
14:48:10,ICBP,RG,7225,100,D,YP,DX,D
14:48:10,ICBP,RG,7225,72,D,YP,DX,D
14:48:10,ICBP,RG,7225,28,D,YP,DX,D
14:48:10,ICBP,RG,7225,1,D,YP,DX,D
14:48:10,ICBP,RG,7225,1,D,YP,DX,D
14:48:10,ICBP,RG,7225,1,D,KK,DX,D
14:48:10,ICBP,RG,7225,5,D,YP,DX,D
14:48:10,ICBP,RG,7225,1,D,ZP,DX,D
14:48:10,ICBP,RG,7225,5,D,YP,DX,D
14:48:10,ICBP,RG,7225,1,F,ZP,DX,D
14:48:10,ICBP,RG,7225,2,F,ZP,DX,D
14:48:10,ICBP,RG,7225,7,F,ZP,DX,D
14:48:10,ICBP,RG,7225,10,D,XC,DX,D
14:48:10,ICBP,RG,7225,183,D,YP,DX,D
14:48:09,ICBP,RG,7250,10,F,ZP,DX,F
14:48:02,ICBP,RG,7225,11,D,YP,AK,D
14:48:01,ICBP,RG,7225,1,D,YP,AK,D
14:48:01,ICBP,RG,7225,3,D,YP,AK,D
14:48:01,ICBP,RG,7225,3,D,YP,AK,D
14:48:01,ICBP,RG,7225,85,D,YP,AK,D
14:48:01,ICBP,RG,7225,300,D,YP,LG,D
14:48:01,ICBP,RG,7225,8,D,YP,CC,D
14:48:01,ICBP,RG,7225,38,D,YP,AK,D
14:48:01,ICBP,RG,7225,9,D,YP,AK,D
14:48:01,ICBP,RG,7225,6,D,YP,AK,D
14:48:01,ICBP,RG,7225,11,D,YP,AK,D
14:48:01,ICBP,RG,7225,1,D,YP,YP,D
14:48:01,ICBP,RG,7225,95,D,YP,PD,D
14:48:01,ICBP,RG,7225,47,D,YP,BB,D
14:48:01,ICBP,RG,7225,2,D,YP,PD,D
14:48:01,ICBP,RG,7225,102,D,YP,YP,D
14:48:01,ICBP,RG,7225,484,D,YP,AK,D
14:48:01,ICBP,RG,7200,213,D,YP,KZ,F
14:48:01,ICBP,RG,7200,1,D,YP,KZ,F
14:48:01,ICBP,RG,7200,1,D,XC,KZ,F
14:48:01,ICBP,RG,7200,1,D,YP,KZ,F
14:48:01,ICBP,RG,7200,5,D,YP,KZ,F
14:48:01,ICBP,RG,7200,15,D,YP,KZ,F
14:48:01,ICBP,RG,7200,1,D,XC,KZ,F
14:48:01,ICBP,RG,7200,10,D,PD,KZ,F
14:48:01,ICBP,RG,7200,5,D,PD,KZ,F
14:48:01,ICBP,RG,7200,2,D,PD,KZ,F
14:48:01,ICBP,RG,7200,1,D,SQ,KZ,F
14:48:01,ICBP,RG,7200,1,D,LG,KZ,F
14:48:01,ICBP,RG,7200,1,D,LG,KZ,F
14:48:01,ICBP,RG,7200,2,D,GR,KZ,F
14:48:01,ICBP,RG,7200,2,D,DR,KZ,F
14:48:01,ICBP,RG,7200,1,D,YP,KZ,F
14:48:01,ICBP,RG,7200,5,D,YP,KZ,F
14:48:01,ICBP,RG,7200,1,D,PD,KZ,F
14:48:01,ICBP,RG,7200,25,F,YO,KZ,F
14:48:01,ICBP,RG,7200,1,D,XL,KZ,F
14:48:01,ICBP,RG,7200,5,D,XA,KZ,F
14:48:01,ICBP,RG,7200,8,D,XA,KZ,F
14:48:01,ICBP,RG,7200,2,D,XA,KZ,F
14:48:01,ICBP,RG,7200,4,D,EP,KZ,F
14:48:01,ICBP,RG,7200,2,D,YP,KZ,F
14:48:01,ICBP,RG,7200,10,D,YP,KZ,F
14:48:01,ICBP,RG,7200,1,D,SQ,KZ,F
14:48:01,ICBP,RG,7200,5,D,XC,KZ,F
14:48:01,ICBP,RG,7200,9,D,IP,KZ,F
14:48:01,ICBP,RG,7200,11,D,IP,KZ,F
14:48:01,ICBP,RG,7200,3,D,SQ,KZ,F
14:48:01,ICBP,RG,7200,3,D,SQ,KZ,F
14:48:01,ICBP,RG,7200,1,D,XA,KZ,F
14:48:01,ICBP,RG,7200,2,D,PD,KZ,F
14:48:01,ICBP,RG,7200,2,D,YP,KZ,F
14:48:01,ICBP,RG,7200,33,D,LG,KZ,F
14:48:00,ICBP,RG,7200,167,D,LG,KZ,D
14:48:00,ICBP,RG,7200,10,D,CC,KZ,D
14:48:00,ICBP,RG,7200,2,D,NI,KZ,D
14:48:00,ICBP,RG,7200,2,D,GR,KZ,D
14:48:00,ICBP,RG,7200,1,D,NI,KZ,D
14:48:00,ICBP,RG,7200,2,D,AI,KZ,D
14:48:00,ICBP,RG,7200,1,D,YP,KZ,D
14:48:00,ICBP,RG,7200,1,D,YP,KZ,D
14:48:00,ICBP,RG,7200,2,D,YP,KZ,D
14:48:00,ICBP,RG,7200,30,D,YP,KZ,D
14:48:00,ICBP,RG,7200,1,D,YP,KZ,D
14:48:00,ICBP,RG,7200,28,D,YP,KZ,D
14:48:00,ICBP,RG,7200,3,D,PD,KZ,D
14:48:00,ICBP,RG,7200,2,D,YP,KZ,D
14:48:00,ICBP,RG,7200,1,D,SQ,KZ,D
14:48:00,ICBP,RG,7200,50,D,YP,KZ,D
14:48:00,ICBP,RG,7200,10,D,YB,KZ,D
14:48:00,ICBP,RG,7200,5,D,CC,KZ,D
14:48:00,ICBP,RG,7200,1,D,SQ,KZ,D
14:48:00,ICBP,RG,7200,3,D,CC,KZ,D
14:48:00,ICBP,RG,7200,1,D,YP,KZ,D
14:48:00,ICBP,RG,7200,12,D,YP,KZ,D
14:48:00,ICBP,RG,7200,98,D,YP,KZ,D
14:48:00,ICBP,RG,7225,1,D,XC,AK,D
14:48:00,ICBP,RG,7225,5,D,YP,AK,D
14:48:00,ICBP,RG,7200,8,D,YP,KZ,D
14:47:59,ICBP,RG,7225,5,D,YP,AK,D
14:47:59,ICBP,RG,7225,12,D,YP,AK,D
14:47:57,ICBP,RG,7225,1,D,NI,AK,D
14:47:56,ICBP,RG,7225,10,D,YP,AK,D
14:47:54,ICBP,RG,7225,5,D,XC,AK,D
14:47:53,ICBP,RG,7225,5,D,AZ,AK,D
14:47:52,ICBP,RG,7225,5,D,PD,AK,D
14:47:52,ICBP,RG,7225,5,D,CC,AK,D
14:47:52,ICBP,RG,7225,1,D,YP,AK,D
14:47:51,ICBP,RG,7225,3,D,PD,AK,D
14:47:51,ICBP,RG,7225,7,D,PD,AK,D
14:47:51,ICBP,RG,7225,2,D,LS,AK,D
14:47:50,ICBP,RG,7225,124,D,YP,AK,D
14:47:50,ICBP,RG,7225,17,D,YP,AK,D
14:47:49,ICBP,RG,7225,1,D,YP,AK,D
14:47:47,ICBP,RG,7225,10,D,CC,AK,D
14:47:46,ICBP,RG,7225,10,D,KK,AK,D
14:47:46,ICBP,RG,7225,1,F,ZP,AK,D
14:47:45,ICBP,RG,7225,75,D,CC,AK,D
14:47:44,ICBP,RG,7225,2,D,PD,AK,D
14:47:43,ICBP,RG,7225,1,D,PD,AK,D
14:47:43,ICBP,RG,7225,25,D,ID,AK,D
14:47:43,ICBP,RG,7225,1,D,NI,AK,D
14:47:42,ICBP,RG,7225,4,D,PD,AK,D
14:47:42,ICBP,RG,7225,4,D,YP,AK,D
14:47:42,ICBP,RG,7225,2,D,YP,YP,D
14:47:42,ICBP,RG,7225,2,D,YP,PD,D
14:47:42,ICBP,RG,7225,2,D,YP,CS,D
14:47:42,ICBP,RG,7225,1,D,XC,CS,D
14:47:42,ICBP,RG,7225,1,D,NI,CS,D
14:47:41,ICBP,RG,7225,1,D,AZ,CS,D
14:47:39,ICBP,RG,7225,1,D,PD,CS,D
14:47:39,ICBP,RG,7225,5,D,XC,CS,D
14:47:38,ICBP,RG,7225,1,D,AT,CS,D
14:47:38,ICBP,RG,7225,1,D,PD,PD,D
14:47:37,ICBP,RG,7225,1,D,CC,PD,D
14:47:37,ICBP,RG,7225,2,D,PD,PD,D
14:47:37,ICBP,RG,7225,10,D,NI,CC,D
14:47:37,ICBP,RG,7225,1,D,NI,YP,D
14:47:37,ICBP,RG,7225,5,D,NI,YP,D
14:47:37,ICBP,RG,7225,9,D,KK,YP,D
14:47:37,ICBP,RG,7225,4,D,KK,KK,D
14:47:37,ICBP,RG,7225,46,D,YP,AK,D
14:47:37,ICBP,RG,7225,31,D,YP,AK,D
14:47:37,ICBP,RG,7225,11,D,YP,AK,D
14:47:37,ICBP,RG,7225,8,D,YP,AK,D
14:47:37,ICBP,RG,7225,4,D,YP,AK,D
14:47:36,ICBP,RG,7225,3,D,YP,AK,D
14:47:36,ICBP,RG,7225,5,D,YP,AK,D
14:47:36,ICBP,RG,7225,2,D,YP,AK,D
14:47:35,ICBP,RG,7225,1,D,KK,AK,D
14:47:34,ICBP,RG,7225,9,D,LG,AK,D
14:47:34,ICBP,RG,7225,1,D,LG,AK,D
14:47:34,ICBP,RG,7225,8,D,GR,AK,D
14:47:34,ICBP,RG,7225,12,D,GR,KZ,D
14:47:33,ICBP,RG,7225,50,D,YP,KZ,D
14:47:33,ICBP,RG,7225,1,D,NI,KZ,D
14:47:33,ICBP,RG,7200,2,D,YP,PD,D
14:47:33,ICBP,RG,7200,1,D,YP,CC,D
14:47:32,ICBP,RG,7225,10,D,KK,KZ,D
14:47:32,ICBP,RG,7225,1,D,PD,KZ,D
14:47:31,ICBP,RG,7225,2,D,YP,KZ,D
14:47:29,ICBP,RG,7225,5,D,KK,KZ,D
14:47:29,ICBP,RG,7225,4,D,KK,KZ,D
14:47:29,ICBP,RG,7225,10,D,PD,KZ,D
14:47:29,ICBP,RG,7225,3,D,DR,KZ,D
14:47:29,ICBP,RG,7225,1,D,XC,KZ,D
14:47:29,ICBP,RG,7225,3,D,YP,KZ,D
14:47:28,ICBP,RG,7225,10,D,YP,KZ,D
14:47:28,ICBP,RG,7225,194,F,BK,KZ,D
14:47:28,ICBP,RG,7225,4,D,CC,KZ,D
14:47:27,ICBP,RG,7225,100,D,NI,KZ,D
14:47:26,ICBP,RG,7225,5,D,DH,KZ,D
14:47:26,ICBP,RG,7200,5,D,YP,YU,D
14:47:26,ICBP,RG,7225,100,D,YP,KZ,D
14:47:26,ICBP,RG,7225,8,F,BK,KZ,D
14:47:25,ICBP,RG,7225,139,F,AK,KZ,D
14:47:25,ICBP,RG,7225,54,F,AK,KZ,F
14:47:25,ICBP,RG,7225,34,F,AK,KZ,F
14:47:25,ICBP,RG,7225,2,F,AK,NI,D
14:47:25,ICBP,RG,7225,3,F,AK,CS,D
14:47:25,ICBP,RG,7225,85,F,AK,AK,D
14:47:25,ICBP,RG,7225,542,F,AK,AK,D
14:47:25,ICBP,RG,7225,133,F,AK,AK,D
14:47:25,ICBP,RG,7225,151,F,AK,AK,D
14:47:25,ICBP,RG,7225,2,F,AK,DX,F
14:47:25,ICBP,RG,7225,23,F,AK,DX,F
14:47:25,ICBP,RG,7225,26,F,AK,DX,F
14:47:25,ICBP,RG,7225,77,F,AK,BB,D
14:47:25,ICBP,RG,7225,40,F,AK,CS,D
14:47:25,ICBP,RG,7225,2,F,AK,CS,D
14:47:25,ICBP,RG,7225,37,F,AK,DX,F
14:47:25,ICBP,RG,7225,25,F,AK,CS,D
14:47:25,ICBP,RG,7225,4,F,AK,CS,D
14:47:25,ICBP,RG,7225,10,F,AK,YU,F
14:47:25,ICBP,RG,7225,827,F,AK,CC,D
14:47:25,ICBP,RG,7225,15,F,AK,KZ,D
14:47:25,ICBP,RG,7225,14,F,AK,KZ,D
14:47:25,ICBP,RG,7225,5,D,GR,KZ,D
14:47:24,ICBP,RG,7225,30,D,CC,KZ,D
14:47:23,ICBP,RG,7225,2,D,XC,KZ,D
14:47:22,ICBP,RG,7225,10,D,YP,KZ,F
14:47:21,ICBP,RG,7225,10,D,CC,KZ,F
14:47:19,ICBP,RG,7225,10,D,GR,KZ,F
14:47:19,ICBP,RG,7225,4,D,YP,KZ,F
14:47:19,ICBP,RG,7225,5,D,XC,KZ,F
14:47:19,ICBP,RG,7200,21,D,YP,CS,D
14:47:15,ICBP,RG,7225,100,D,NI,KZ,F
14:47:15,ICBP,RG,7200,20,D,YP,YP,D
14:47:15,ICBP,RG,7225,1,D,IF,KZ,F
14:47:13,ICBP,RG,7225,1,D,PD,KZ,F
14:47:13,ICBP,RG,7225,2,D,YP,KZ,F
14:47:13,ICBP,RG,7225,25,D,DR,KZ,F
14:47:10,ICBP,RG,7200,10,D,YP,DH,D
14:47:09,ICBP,RG,7225,30,D,YP,KZ,F
14:47:09,ICBP,RG,7200,14,D,YP,CS,D
14:47:09,ICBP,RG,7200,6,D,YP,CS,D
14:47:07,ICBP,RG,7200,15,D,YP,DX,F
14:47:07,ICBP,RG,7200,1,D,LG,DX,F
14:47:07,ICBP,RG,7200,1,D,YP,DX,F
14:47:07,ICBP,RG,7200,3,D,YP,DX,F
14:47:07,ICBP,RG,7200,1,D,CC,DX,F
14:47:07,ICBP,RG,7200,1,D,YP,DX,F
14:47:07,ICBP,RG,7200,1,D,CC,DX,F
14:47:07,ICBP,RG,7200,1,D,KK,DX,F
14:47:07,ICBP,RG,7200,1,D,LG,DX,F
14:47:07,ICBP,RG,7200,1,D,YP,DX,F
14:47:06,ICBP,RG,7225,50,D,AZ,KZ,F
14:47:06,ICBP,RG,7225,20,D,YP,KZ,F
14:47:04,ICBP,RG,7225,5,D,EP,KZ,F
14:47:03,ICBP,RG,7225,2,D,YP,KZ,F
14:47:03,ICBP,RG,7225,5,D,SQ,KZ,F
14:47:03,ICBP,RG,7225,1,D,KK,KZ,F
14:47:03,ICBP,RG,7225,28,D,YU,KZ,F
14:47:02,ICBP,RG,7200,9,D,YP,PD,D
14:47:02,ICBP,RG,7200,5,D,KK,PD,D
14:47:02,ICBP,RG,7225,3,D,NI,KZ,F
14:47:00,ICBP,RG,7225,2,D,PD,KZ,F
14:47:00,ICBP,RG,7200,20,D,KK,XA,D
14:47:00,ICBP,RG,7200,20,D,DH,XA,D
14:47:00,ICBP,RG,7200,5,D,GR,XA,D
14:47:00,ICBP,RG,7200,5,D,PD,XA,D
14:47:00,ICBP,RG,7200,10,D,EP,XA,D
14:47:00,ICBP,RG,7200,65,D,SQ,XA,D
14:47:00,ICBP,RG,7200,1,D,PD,XA,D
14:47:00,ICBP,RG,7200,10,D,PD,XA,D
14:47:00,ICBP,RG,7200,3,D,PD,XA,D
14:47:00,ICBP,RG,7200,61,D,IP,XA,D
14:47:00,ICBP,RG,7200,29,D,IP,CS,D
14:46:59,ICBP,RG,7200,7,D,IP,CC,D
14:46:59,ICBP,RG,7200,2,D,CC,CC,D
14:46:59,ICBP,RG,7200,4,D,GR,CC,D
14:46:56,ICBP,RG,7225,9,D,RG,KZ,F
14:46:53,ICBP,RG,7225,3,D,YP,KZ,F
14:46:51,ICBP,RG,7225,1,D,KK,KZ,F
14:46:51,ICBP,RG,7225,14,D,XL,KZ,F
14:46:51,ICBP,RG,7225,1,D,YP,KZ,F
14:46:50,ICBP,RG,7225,7,D,XA,KZ,F
14:46:48,ICBP,RG,7225,15,D,PD,KZ,F
14:46:47,ICBP,RG,7225,3,D,PD,KZ,F
14:46:46,ICBP,RG,7225,7,D,PD,KZ,F
14:46:46,ICBP,RG,7225,10,D,EP,KZ,F
14:46:45,ICBP,RG,7225,20,D,YP,KZ,F
14:46:45,ICBP,RG,7225,3,D,PD,KZ,F
14:46:44,ICBP,RG,7225,14,D,HP,KZ,F
14:46:44,ICBP,RG,7225,1,D,YP,KZ,F
14:46:43,ICBP,RG,7225,1,D,YP,KZ,F
14:46:43,ICBP,RG,7225,16,D,DH,KZ,F
14:46:42,ICBP,RG,7225,1,D,CC,KZ,F
14:46:41,ICBP,RG,7225,1,D,XC,KZ,F
14:46:41,ICBP,RG,7225,1,D,YP,KZ,F
14:46:41,ICBP,RG,7225,3,D,PD,KZ,F
14:46:41,ICBP,RG,7225,1,D,CC,KZ,F
14:46:41,ICBP,RG,7225,3,D,PD,KZ,F
14:46:41,ICBP,RG,7225,10,D,PD,KZ,F
14:46:41,ICBP,RG,7225,10,D,CC,KZ,F
14:46:41,ICBP,RG,7225,1,D,CC,KZ,F
14:46:41,ICBP,RG,7225,1,D,EP,KZ,F
14:46:41,ICBP,RG,7225,15,D,CC,KZ,F
14:46:41,ICBP,RG,7225,10,D,YP,KZ,F
14:46:41,ICBP,RG,7225,2,D,PD,KZ,F
14:46:41,ICBP,RG,7225,45,D,YP,KZ,F
14:46:41,ICBP,RG,7225,4,D,YP,CS,D
14:46:41,ICBP,RG,7225,1,D,YP,CS,D
14:46:40,ICBP,RG,7225,2,D,YP,YP,D
14:46:40,ICBP,RG,7225,1,D,XC,YP,D
14:46:40,ICBP,RG,7225,4,D,PD,YP,D
14:46:40,ICBP,RG,7225,1,D,PD,YP,D
14:46:40,ICBP,RG,7225,1,D,XC,YP,D
14:46:40,ICBP,RG,7225,1,D,YP,YP,D
14:46:40,ICBP,RG,7225,1,D,NI,YP,D
14:46:40,ICBP,RG,7225,12,D,PD,YP,D
14:46:40,ICBP,RG,7225,1,D,PD,YP,D
14:46:40,ICBP,RG,7225,1,D,KK,YP,D
14:46:40,ICBP,RG,7225,1,D,BQ,YP,D
14:46:40,ICBP,RG,7225,4,D,GR,YP,D
14:46:40,ICBP,RG,7225,1,D,GR,EP,D
14:46:40,ICBP,RG,7225,23,D,PD,EP,D
14:46:40,ICBP,RG,7225,2,D,PD,KZ,D
14:46:40,ICBP,RG,7225,5,D,TP,KZ,D
14:46:40,ICBP,RG,7225,1,D,CC,KZ,D
14:46:40,ICBP,RG,7225,100,D,PD,KZ,D
14:46:40,ICBP,RG,7225,5,D,GR,KZ,D
14:46:40,ICBP,RG,7225,10,D,KK,KZ,D
14:46:40,ICBP,RG,7225,8,D,DR,KZ,D
14:46:40,ICBP,RG,7225,1,D,YP,KZ,D
14:46:40,ICBP,RG,7225,1,D,XC,KZ,D
14:46:40,ICBP,RG,7225,25,D,YP,KZ,D
14:46:40,ICBP,RG,7225,10,D,YP,KZ,D
14:46:40,ICBP,RG,7225,1,D,PD,KZ,D
14:46:40,ICBP,RG,7225,50,D,CC,KZ,D
14:46:40,ICBP,RG,7225,3,D,YP,KZ,D
14:46:40,ICBP,RG,7225,25,D,KK,KZ,D
14:46:40,ICBP,RG,7225,5,D,YP,KZ,D
14:46:40,ICBP,RG,7225,20,D,NI,KZ,D
14:46:40,ICBP,RG,7225,5,D,PD,KZ,D
14:46:40,ICBP,RG,7225,1,D,YP,KZ,D
14:46:40,ICBP,RG,7225,2,D,YP,KZ,D
14:46:40,ICBP,RG,7225,10,D,XL,KZ,D
14:46:40,ICBP,RG,7225,1,D,PD,KZ,D
14:46:40,ICBP,RG,7225,200,D,SQ,KZ,D
14:46:40,ICBP,RG,7225,1,D,DH,KZ,D
14:46:40,ICBP,RG,7225,2,D,HP,KZ,D
14:46:40,ICBP,RG,7225,50,D,KK,KZ,D
14:46:40,ICBP,RG,7225,2,D,SQ,KZ,D
14:46:40,ICBP,RG,7225,3,D,NI,KZ,D
14:46:40,ICBP,RG,7225,43,D,XL,KZ,D
14:46:40,ICBP,RG,7225,5,D,YP,KZ,D
14:46:40,ICBP,RG,7225,63,D,YJ,KZ,D
14:46:40,ICBP,RG,7250,1,D,XC,KZ,D
14:46:40,ICBP,RG,7225,70,D,YJ,BB,D
14:46:39,ICBP,RG,7225,7,D,YJ,KZ,D
14:46:38,ICBP,RG,7225,14,D,YJ,CS,D
14:46:38,ICBP,RG,7225,78,D,YJ,SQ,D
14:46:38,ICBP,RG,7225,32,D,YU,SQ,D
14:46:37,ICBP,RG,7225,18,D,YU,YP,D
14:46:37,ICBP,RG,7225,5,D,PD,YP,D
14:46:37,ICBP,RG,7225,5,D,PD,YP,D
14:46:37,ICBP,RG,7225,25,D,XC,YP,D
14:46:37,ICBP,RG,7225,2,D,XC,PD,D
14:46:36,ICBP,RG,7225,1,D,XC,PD,D
14:46:36,ICBP,RG,7225,1,D,AI,PD,D
14:46:36,ICBP,RG,7225,50,D,GR,PD,D
14:46:36,ICBP,RG,7225,25,D,YP,PD,D
14:46:36,ICBP,RG,7225,5,D,YP,PD,D
14:46:36,ICBP,RG,7225,1,D,NI,PD,D
14:46:36,ICBP,RG,7225,50,D,CC,PD,D
14:46:36,ICBP,RG,7225,2,D,YP,PD,D
14:46:34,ICBP,RG,7225,1,D,YP,KZ,D
14:46:33,ICBP,RG,7225,2,D,YP,CS,D
14:46:33,ICBP,RG,7225,4,D,XL,CS,D
14:46:32,ICBP,RG,7250,1,D,XC,KZ,D
14:46:32,ICBP,RG,7225,1,D,XL,CS,D
14:46:32,ICBP,RG,7225,2,D,XC,CS,D
14:46:32,ICBP,RG,7225,13,F,BK,CS,D
14:46:32,ICBP,RG,7225,143,F,BK,KZ,D
14:46:32,ICBP,RG,7225,1,D,CC,KZ,D
14:46:32,ICBP,RG,7225,9,D,YP,KZ,D
14:46:32,ICBP,RG,7225,2,D,GR,KZ,D
14:46:32,ICBP,RG,7225,1,D,XC,KZ,D
14:46:32,ICBP,RG,7225,5,D,PD,KZ,D
14:46:32,ICBP,RG,7225,2,D,SQ,KZ,D
14:46:32,ICBP,RG,7225,5,D,XC,KZ,D
14:46:32,ICBP,RG,7225,40,D,PD,KZ,D
14:46:32,ICBP,RG,7225,5,D,CC,KZ,D
14:46:32,ICBP,RG,7225,10,D,PD,KZ,D
14:46:32,ICBP,RG,7225,10,D,CC,KZ,D
14:46:32,ICBP,RG,7225,5,D,PD,KZ,D
14:46:32,ICBP,RG,7225,1,D,YP,KZ,D
14:46:32,ICBP,RG,7225,100,D,CC,KZ,D
14:46:32,ICBP,RG,7225,1,F,ZP,KZ,D
14:46:32,ICBP,RG,7225,50,D,YP,KZ,D
14:46:32,ICBP,RG,7225,6,D,YP,KZ,D
14:46:32,ICBP,RG,7225,1,D,DH,KZ,D
14:46:32,ICBP,RG,7225,1,D,PD,KZ,D
14:46:32,ICBP,RG,7225,5,D,LG,KZ,D
14:46:32,ICBP,RG,7225,100,D,NI,KZ,D
14:46:32,ICBP,RG,7225,50,D,SQ,KZ,D
14:46:32,ICBP,RG,7225,10,D,DR,KZ,D
14:46:32,ICBP,RG,7225,1,D,CC,KZ,D
14:46:32,ICBP,RG,7225,5,D,YP,KZ,D
14:46:32,ICBP,RG,7225,1,D,XC,KZ,D
14:46:32,ICBP,RG,7225,45,D,XC,KZ,D
14:46:32,ICBP,RG,7225,5,D,YP,KZ,D
14:46:32,ICBP,RG,7225,46,D,IF,KZ,D
14:46:32,ICBP,RG,7225,14,D,IF,KZ,D
14:46:31,ICBP,RG,7225,40,D,IF,KZ,D
14:46:31,ICBP,RG,7225,40,D,SQ,KZ,D
14:46:31,ICBP,RG,7225,1,D,NI,KZ,D
14:46:31,ICBP,RG,7225,1,D,NI,KZ,D
14:46:31,ICBP,RG,7225,1,D,PD,KZ,D
14:46:31,ICBP,RG,7225,150,D,CC,KZ,D
14:46:31,ICBP,RG,7225,1,D,NI,KZ,D
14:46:31,ICBP,RG,7225,18,D,LG,KZ,D
14:46:31,ICBP,RG,7225,1,D,YP,KZ,D
14:46:31,ICBP,RG,7225,50,D,CC,KZ,D
14:46:31,ICBP,RG,7225,1,D,NI,KZ,D
14:46:31,ICBP,RG,7225,100,D,SQ,KZ,D
14:46:31,ICBP,RG,7225,13,D,KK,KZ,D
14:46:31,ICBP,RG,7225,5,D,LS,KZ,D
14:46:31,ICBP,RG,7225,25,D,XC,KZ,D
14:46:31,ICBP,RG,7225,5,D,PD,KZ,D
14:46:31,ICBP,RG,7225,1,D,YP,KZ,D
14:46:31,ICBP,RG,7225,2,D,GR,KZ,D
14:46:31,ICBP,RG,7225,1,D,KK,KZ,D
14:46:31,ICBP,RG,7225,157,D,DR,KZ,D
14:46:31,ICBP,RG,7225,8,D,DR,KZ,F
14:46:31,ICBP,RG,7225,35,D,PD,KZ,F
14:46:31,ICBP,RG,7225,1,D,EP,KZ,F
14:46:31,ICBP,RG,7225,5,D,GR,KZ,F
14:46:31,ICBP,RG,7225,1,D,CC,KZ,F
14:46:31,ICBP,RG,7225,1,D,NI,KZ,F
14:46:31,ICBP,RG,7225,3,D,YP,KZ,F
14:46:31,ICBP,RG,7225,5,D,YP,KZ,F
14:46:31,ICBP,RG,7225,10,D,YP,KZ,F
14:46:31,ICBP,RG,7225,2,D,XC,KZ,F
14:46:31,ICBP,RG,7225,1,D,YP,KZ,F
14:46:31,ICBP,RG,7225,309,D,YP,KZ,F
14:46:31,ICBP,RG,7225,275,D,YP,KZ,F
14:46:30,ICBP,RG,7225,11,D,YP,KZ,D
14:46:30,ICBP,RG,7225,329,D,YP,KZ,D
14:46:30,ICBP,RG,7225,76,D,YP,XC,D
14:46:30,ICBP,RG,7225,2,D,GR,XC,D
14:46:30,ICBP,RG,7225,5,D,PD,XC,D
14:46:30,ICBP,RG,7225,15,D,CC,XC,D
14:46:30,ICBP,RG,7225,10,D,PD,XC,D
14:46:30,ICBP,RG,7225,50,D,YP,XC,D
14:46:30,ICBP,RG,7225,2,D,OD,XC,D
14:46:30,ICBP,RG,7225,2,D,PD,XC,D
14:46:30,ICBP,RG,7225,30,D,CC,XC,D
14:46:30,ICBP,RG,7225,25,D,XC,XC,D
14:46:30,ICBP,RG,7225,5,D,PD,XC,D
14:46:30,ICBP,RG,7225,3,D,YP,XC,D
14:46:30,ICBP,RG,7225,15,D,CP,XC,D
14:46:30,ICBP,RG,7225,10,D,CC,XC,D
14:46:30,ICBP,RG,7225,5,D,RO,XC,D
14:46:30,ICBP,RG,7225,5,D,PD,XC,D
14:46:30,ICBP,RG,7225,10,D,KK,XC,D
14:46:30,ICBP,RG,7225,2,D,CC,XC,D
14:46:30,ICBP,RG,7225,1,D,PD,XC,D
14:46:30,ICBP,RG,7225,1,D,YP,XC,D
14:46:30,ICBP,RG,7225,5,D,YP,XC,D
14:46:30,ICBP,RG,7225,50,D,DR,XC,D
14:46:30,ICBP,RG,7225,1,D,YP,XC,D
14:46:30,ICBP,RG,7225,1,D,PD,XC,D
14:46:30,ICBP,RG,7225,10,D,EP,XC,D
14:46:30,ICBP,RG,7225,2,D,NI,XC,D
14:46:30,ICBP,RG,7225,3,D,YP,XC,D
14:46:30,ICBP,RG,7225,50,D,YP,XC,D
14:46:30,ICBP,RG,7225,50,D,YP,XC,D
14:46:30,ICBP,RG,7225,1,D,LG,XC,D
14:46:30,ICBP,RG,7225,3,D,ZP,XC,D
14:46:30,ICBP,RG,7225,1,D,SQ,XC,D
14:46:30,ICBP,RG,7225,3,D,PD,XC,D
14:46:30,ICBP,RG,7225,30,D,PD,XC,D
14:46:30,ICBP,RG,7225,1,D,YP,XC,D
14:46:30,ICBP,RG,7225,5,D,YP,XC,D
14:46:30,ICBP,RG,7225,1,D,XC,XC,D
14:46:30,ICBP,RG,7225,1,D,LG,XC,D
14:46:30,ICBP,RG,7225,100,D,LG,XC,D
14:46:30,ICBP,RG,7225,1,D,NI,XC,D
14:46:30,ICBP,RG,7225,1,D,XC,XC,D
14:46:30,ICBP,RG,7225,200,D,SQ,XC,D
14:46:30,ICBP,RG,7225,73,D,NI,XC,D
14:46:30,ICBP,RG,7225,1,D,PD,XC,D
14:46:30,ICBP,RG,7225,1,D,NI,XC,D
14:46:30,ICBP,RG,7225,1,D,EP,XC,D
14:46:30,ICBP,RG,7225,5,D,OD,XC,D
14:46:30,ICBP,RG,7225,1,D,PD,XC,D
14:46:30,ICBP,RG,7225,3,D,PD,XC,D
14:46:30,ICBP,RG,7225,2,D,YP,XC,D
14:46:30,ICBP,RG,7225,1,D,YP,XC,D
14:46:30,ICBP,RG,7225,58,D,XC,XC,D
14:46:30,ICBP,RG,7225,150,D,YP,XC,D
14:46:30,ICBP,RG,7225,5,D,XC,XC,D
14:46:30,ICBP,RG,7225,50,D,DH,XC,D
14:46:30,ICBP,RG,7225,2,D,SQ,XC,D
14:46:30,ICBP,RG,7225,2,D,YP,XC,D
14:46:30,ICBP,RG,7225,3,D,CC,XC,D
14:46:30,ICBP,RG,7225,1,D,SQ,XC,D
14:46:30,ICBP,RG,7225,1,D,LG,XC,D
14:46:30,ICBP,RG,7225,1,D,PD,XC,D
14:46:30,ICBP,RG,7225,1,D,PD,XC,D
14:46:30,ICBP,RG,7225,5,D,PD,XC,D
14:46:30,ICBP,RG,7225,2,D,CC,XC,D
14:46:30,ICBP,RG,7225,4,D,XL,XC,D
14:46:30,ICBP,RG,7225,50,D,PD,XC,D
14:46:30,ICBP,RG,7225,2,D,YP,XC,D
14:46:30,ICBP,RG,7225,1,D,XC,XC,D
14:46:30,ICBP,RG,7225,5,D,KK,XC,D
14:46:30,ICBP,RG,7225,1,D,YP,XC,D
14:46:30,ICBP,RG,7225,20,D,KK,XC,D
14:46:30,ICBP,RG,7225,1,D,CC,XC,D
14:46:30,ICBP,RG,7225,2,D,YP,XC,D
14:46:30,ICBP,RG,7225,14,D,XL,XC,D
14:46:30,ICBP,RG,7225,1,D,CC,XC,D
14:46:30,ICBP,RG,7225,2,D,GR,XC,D
14:46:30,ICBP,RG,7225,1,D,XL,XC,D
14:46:30,ICBP,RG,7225,1,D,OD,XC,D
14:46:30,ICBP,RG,7225,5,D,CC,XC,D
14:46:30,ICBP,RG,7225,1,D,PD,XC,D
14:46:30,ICBP,RG,7225,1,D,YP,XC,D
14:46:30,ICBP,RG,7225,1,D,YP,XC,D
14:46:30,ICBP,RG,7225,5,D,NI,XC,D
14:46:30,ICBP,RG,7225,3,D,HP,XC,D
14:46:30,ICBP,RG,7225,10,D,NI,XC,D
14:46:30,ICBP,RG,7225,15,D,PD,XC,D
14:46:30,ICBP,RG,7225,153,D,CC,XC,D
14:46:30,ICBP,RG,7225,2,D,CC,XC,D
14:46:30,ICBP,RG,7225,10,D,EP,XC,D
14:46:30,ICBP,RG,7225,1,D,PD,XC,D
14:46:30,ICBP,RG,7225,2,D,PD,XC,D
14:46:30,ICBP,RG,7225,19,D,PD,XC,D
14:46:30,ICBP,RG,7225,10,D,PD,XC,D
14:46:30,ICBP,RG,7225,1,D,NI,XC,D
14:46:30,ICBP,RG,7225,1,D,HD,XC,D
14:46:30,ICBP,RG,7225,5,D,NI,XC,D
14:46:30,ICBP,RG,7225,2,D,CC,XC,D
14:46:30,ICBP,RG,7225,10,D,YP,XC,D
14:46:30,ICBP,RG,7225,1,D,YU,XC,D
14:46:30,ICBP,RG,7225,1,D,YP,XC,D
14:46:30,ICBP,RG,7225,70,D,PD,XC,D
14:46:30,ICBP,RG,7225,5,D,CC,XC,D
14:46:30,ICBP,RG,7225,5,D,PD,XC,D
14:46:30,ICBP,RG,7225,1,D,XL,XC,D
14:46:30,ICBP,RG,7225,2,D,XC,XC,D
14:46:30,ICBP,RG,7225,50,D,AZ,XC,D
14:46:30,ICBP,RG,7225,10,D,DX,XC,D
14:46:30,ICBP,RG,7225,7,D,YP,XC,D
14:46:30,ICBP,RG,7225,1,D,DH,XC,D
14:46:30,ICBP,RG,7225,1,D,XC,XC,D
14:46:30,ICBP,RG,7225,2,D,YP,XC,D
14:46:30,ICBP,RG,7225,28,D,YU,XC,D
14:46:30,ICBP,RG,7225,1,D,CC,XC,D
14:46:30,ICBP,RG,7225,5,D,CC,XC,D
14:46:30,ICBP,RG,7225,2,D,NI,XC,D
14:46:30,ICBP,RG,7225,5,D,DR,XC,D
14:46:30,ICBP,RG,7225,50,D,XC,XC,D
14:46:30,ICBP,RG,7225,1,F,ZP,XC,D
14:46:30,ICBP,RG,7225,1,F,ZP,XC,D
14:46:30,ICBP,RG,7225,6,F,ZP,XC,D
14:46:30,ICBP,RG,7225,5,D,YP,XC,D
14:46:30,ICBP,RG,7225,1,D,YP,XC,D
14:46:30,ICBP,RG,7225,2,D,YP,XC,D
14:46:30,ICBP,RG,7225,5,D,GR,XC,D
14:46:30,ICBP,RG,7225,25,F,AG,XC,D
14:46:30,ICBP,RG,7225,1,D,PD,XC,D
14:46:30,ICBP,RG,7225,90,D,XA,XC,D
14:46:30,ICBP,RG,7225,5,D,YP,XC,D
14:46:30,ICBP,RG,7225,1,D,YP,XC,D
14:46:30,ICBP,RG,7225,27,D,YP,XC,D
14:46:30,ICBP,RG,7225,1,D,YP,XC,D
14:46:30,ICBP,RG,7225,3,D,XC,XC,D
14:46:30,ICBP,RG,7225,50,D,DH,XC,D
14:46:30,ICBP,RG,7225,967,D,YP,XC,D
14:46:30,ICBP,RG,7250,9,F,BK,KZ,D
14:46:28,ICBP,RG,7225,16,D,YP,CS,D
14:46:27,ICBP,RG,7250,7,F,DX,KZ,D
14:46:26,ICBP,RG,7250,1,D,SQ,KZ,D
14:46:26,ICBP,RG,7250,9,F,BK,KZ,D
14:46:26,ICBP,RG,7250,1,D,YP,KZ,D
14:46:26,ICBP,RG,7225,5,D,YP,TP,D
14:46:25,ICBP,RG,7225,8,D,YP,XC,D
14:46:22,ICBP,RG,7250,51,F,BK,KZ,D
14:46:22,ICBP,RG,7250,1,D,EP,KZ,D
14:46:21,ICBP,RG,7225,4,D,YP,KZ,D
14:46:21,ICBP,RG,7225,10,D,CC,KZ,D
14:46:21,ICBP,RG,7225,5,D,PD,KZ,D
14:46:21,ICBP,RG,7225,32,D,PD,KZ,D
14:46:21,ICBP,RG,7225,18,D,PD,KZ,F
14:46:21,ICBP,RG,7225,1,D,PD,KZ,F
14:46:21,ICBP,RG,7225,1,D,AZ,KZ,F
14:46:21,ICBP,RG,7225,1,D,DH,KZ,F
14:46:21,ICBP,RG,7225,1,D,PD,KZ,F
14:46:21,ICBP,RG,7225,15,D,YP,KZ,F
14:46:21,ICBP,RG,7225,10,D,CC,KZ,F
14:46:21,ICBP,RG,7225,15,D,CC,KZ,F
14:46:21,ICBP,RG,7225,1,D,CC,KZ,F
14:46:21,ICBP,RG,7225,1,D,PD,KZ,F
14:46:21,ICBP,RG,7225,5,D,YP,KZ,F
14:46:21,ICBP,RG,7225,2,D,YU,KZ,F
14:46:21,ICBP,RG,7225,5,D,IN,KZ,F
14:46:21,ICBP,RG,7225,1,D,XC,KZ,F
14:46:21,ICBP,RG,7225,3,D,XL,KZ,F
14:46:21,ICBP,RG,7225,1,D,PD,KZ,F
14:46:21,ICBP,RG,7225,1,D,PD,KZ,F
14:46:21,ICBP,RG,7225,7,D,YP,KZ,F
14:46:21,ICBP,RG,7225,15,D,XL,KZ,F
14:46:21,ICBP,RG,7225,34,D,PD,KZ,F
14:46:21,ICBP,RG,7225,1,D,XC,KZ,F
14:46:21,ICBP,RG,7225,1,D,XC,KZ,F
14:46:21,ICBP,RG,7225,1,D,NI,KZ,F
14:46:21,ICBP,RG,7225,1,D,EP,KZ,F
14:46:21,ICBP,RG,7225,10,D,OD,KZ,F
14:46:21,ICBP,RG,7225,3,D,XC,KZ,F
14:46:21,ICBP,RG,7225,1,D,XC,KZ,F
14:46:21,ICBP,RG,7225,1,D,CC,KZ,F
14:46:21,ICBP,RG,7225,1,D,YP,KZ,F
14:46:21,ICBP,RG,7225,5,D,YP,KZ,F
14:46:21,ICBP,RG,7225,10,D,CC,KZ,F
14:46:21,ICBP,RG,7225,1,D,CC,KZ,F
14:46:21,ICBP,RG,7225,2,D,CC,KZ,F
14:46:21,ICBP,RG,7225,5,D,YP,KZ,F
14:46:21,ICBP,RG,7225,43,D,LG,KZ,F
14:46:20,ICBP,RG,7225,7,D,LG,KZ,D
14:46:20,ICBP,RG,7225,18,D,YP,KZ,D
14:46:19,ICBP,RG,7250,1,D,CC,KZ,D
14:46:19,ICBP,RG,7225,28,D,YP,DX,F
14:46:17,ICBP,RG,7225,28,D,YP,CS,D
14:46:13,ICBP,RG,7250,2,D,NI,KZ,D
14:46:12,ICBP,RG,7250,2,D,CC,KZ,D
14:46:12,ICBP,RG,7250,1,D,IF,KZ,D
14:46:12,ICBP,RG,7225,1,D,YP,XC,D
14:46:12,ICBP,RG,7250,1,D,PD,KZ,D
14:46:12,ICBP,RG,7250,2,D,PD,KZ,D
14:46:11,ICBP,RG,7250,3,D,XL,KZ,D
14:46:07,ICBP,RG,7250,9,F,BK,KZ,D
14:46:06,ICBP,RG,7250,100,D,NI,KZ,D
14:46:06,ICBP,RG,7250,3,D,PD,KZ,D
14:46:05,ICBP,RG,7250,1,D,XC,KZ,D
14:46:04,ICBP,RG,7250,100,D,XC,KZ,D
14:46:03,ICBP,RG,7250,1,D,YP,KZ,D
14:46:02,ICBP,RG,7250,5,D,XC,KZ,D
14:46:01,ICBP,RG,7250,20,D,CC,KZ,D
14:45:57,ICBP,RG,7225,28,D,YP,CS,D
14:45:55,ICBP,RG,7250,1,D,XL,KZ,D
14:45:54,ICBP,RG,7225,5,D,YP,GR,D
14:45:54,ICBP,RG,7250,13,D,YU,KZ,D
14:45:51,ICBP,RG,7250,2,D,HP,KZ,D
14:45:48,ICBP,RG,7250,5,D,NI,KZ,D
14:45:46,ICBP,RG,7225,10,D,YP,CC,D
14:45:46,ICBP,RG,7250,1,D,PD,KZ,D
14:45:46,ICBP,RG,7250,4,D,XC,KZ,D
14:45:44,ICBP,RG,7225,1,D,YP,EP,D
14:45:43,ICBP,RG,7250,50,D,EL,KZ,D
14:45:39,ICBP,RG,7225,61,D,YP,BB,D
14:45:38,ICBP,RG,7250,2,D,PD,KZ,D
14:45:38,ICBP,RG,7250,5,D,PD,DX,D
14:45:38,ICBP,RG,7250,10,D,PD,CS,D
14:45:38,ICBP,RG,7250,3,D,PD,CS,D
14:45:37,ICBP,RG,7250,2,D,SQ,CS,D
14:45:37,ICBP,RG,7225,26,D,YP,CS,D
14:45:33,ICBP,RG,7225,2,D,YP,PD,D
14:45:31,ICBP,RG,7250,1,D,CC,CS,D
14:45:30,ICBP,RG,7250,4,D,NI,CS,D
14:45:30,ICBP,RG,7250,6,D,NI,IP,D
14:45:29,ICBP,RG,7250,1,D,XC,IP,D
14:45:29,ICBP,RG,7250,1,D,PD,IP,D
14:45:27,ICBP,RG,7250,25,D,XC,IP,D
14:45:25,ICBP,RG,7250,1,D,XC,IP,D
14:45:24,ICBP,RG,7250,1,D,XC,IP,D
14:45:23,ICBP,RG,7225,10,D,YP,CC,D
14:45:21,ICBP,RG,7250,9,D,DH,IP,D
14:45:21,ICBP,RG,7250,1,D,SQ,IP,D
14:45:18,ICBP,RG,7250,1,D,SQ,IP,D
14:45:17,ICBP,RG,7225,12,D,YP,CS,D
14:45:16,ICBP,RG,7225,4,D,YP,CS,D
14:45:16,ICBP,RG,7225,50,D,YP,CS,D
14:45:16,ICBP,RG,7225,6,D,YP,CS,D
14:45:15,ICBP,RG,7250,2,D,XC,IP,D
14:45:15,ICBP,RG,7250,1,D,DH,IP,D
14:45:14,ICBP,RG,7250,1,D,GR,IP,D
14:45:13,ICBP,RG,7250,1,D,PD,IP,D
14:45:12,ICBP,RG,7250,1,D,PD,IP,D
14:45:10,ICBP,RG,7250,7,D,EP,IP,D
14:45:10,ICBP,RG,7250,1,D,PD,IP,D
14:45:10,ICBP,RG,7250,7,F,BK,IP,D
14:45:08,ICBP,RG,7225,214,D,YP,EP,D
14:45:07,ICBP,RG,7250,1,D,XC,IP,D
14:45:06,ICBP,RG,7250,4,D,CP,IP,D
14:45:05,ICBP,RG,7250,8,F,BK,IP,D
14:45:03,ICBP,RG,7250,4,D,PD,IP,D
14:45:02,ICBP,RG,7250,5,D,YU,IP,D
14:45:02,ICBP,RG,7250,1,D,GR,IP,D
14:45:00,ICBP,RG,7250,7,F,BK,IP,D
14:45:00,ICBP,RG,7250,1,F,BK,YP,D
14:44:59,ICBP,RG,7250,3,D,NI,YP,D
14:44:59,ICBP,RG,7250,27,D,NI,YP,D
14:44:59,ICBP,RG,7250,11,D,PD,YP,D
14:44:58,ICBP,RG,7250,10,D,YU,YP,D
14:44:58,ICBP,RG,7225,2,D,YP,PD,D
14:44:57,ICBP,RG,7250,8,F,BK,YP,D
14:44:54,ICBP,RG,7250,9,F,BK,YP,D
14:44:53,ICBP,RG,7225,6,D,YP,PD,D
14:44:52,ICBP,RG,7250,10,D,YU,YP,D
14:44:51,ICBP,RG,7250,1,D,YP,YP,D
14:44:51,ICBP,RG,7250,5,D,GR,YP,D
14:44:51,ICBP,RG,7250,27,F,BK,YP,D
14:44:49,ICBP,RG,7250,2,D,NI,YP,D
14:44:48,ICBP,RG,7250,7,D,CC,YP,D
14:44:47,ICBP,RG,7250,100,D,TP,YP,D
14:44:46,ICBP,RG,7225,64,D,YP,BB,D
14:44:45,ICBP,RG,7250,9,F,BK,YP,D
14:44:44,ICBP,RG,7250,1,D,YP,YP,D
14:44:41,ICBP,RG,7250,2,D,DX,YP,D
14:44:40,ICBP,RG,7250,13,F,BK,YP,D
14:44:38,ICBP,RG,7250,1,D,XC,YP,D
14:44:37,ICBP,RG,7250,1,D,XC,YP,D
14:44:37,ICBP,RG,7250,26,F,BK,YP,D
14:44:37,ICBP,RG,7250,10,F,BK,KZ,D
14:44:37,ICBP,RG,7250,2,F,BK,PD,D
14:44:37,ICBP,RG,7250,18,F,BK,CS,D
14:44:37,ICBP,RG,7225,12,D,YP,EP,D
14:44:34,ICBP,RG,7250,9,D,YP,CS,D
14:44:34,ICBP,RG,7250,10,D,YP,CS,D
14:44:34,ICBP,RG,7250,21,D,YP,CS,D
14:44:34,ICBP,RG,7250,13,D,YP,CS,D
14:44:34,ICBP,RG,7250,7,D,YP,YP,D
14:44:34,ICBP,RG,7250,3,D,YP,DX,F
14:44:34,ICBP,RG,7250,8,D,YP,DX,F
14:44:34,ICBP,RG,7250,12,D,YP,DX,F
14:44:34,ICBP,RG,7250,57,D,YP,AK,D
14:44:34,ICBP,RG,7250,10,D,YB,AK,D
14:44:33,ICBP,RG,7250,1,D,NI,AK,D
14:44:33,ICBP,RG,7250,4,D,NI,AK,D
14:44:33,ICBP,RG,7250,5,D,YB,AK,D
14:44:31,ICBP,RG,7250,51,F,BK,AK,D
14:44:31,ICBP,RG,7250,16,F,BK,AK,D
14:44:31,ICBP,RG,7250,14,F,BK,AK,D
14:44:31,ICBP,RG,7250,10,F,BK,AK,D
14:44:31,ICBP,RG,7250,9,F,BK,AK,D
14:44:31,ICBP,RG,7250,19,F,BK,AK,D
14:44:31,ICBP,RG,7250,17,F,BK,AK,D
14:44:31,ICBP,RG,7250,13,F,BK,DX,F
14:44:30,ICBP,RG,7250,2,D,YP,DX,F
14:44:30,ICBP,RG,7225,412,D,YP,AK,D
14:44:30,ICBP,RG,7225,2,D,PD,AK,D
14:44:30,ICBP,RG,7225,1,D,CC,AK,D
14:44:30,ICBP,RG,7225,10,D,SQ,AK,D
14:44:30,ICBP,RG,7225,1,D,XC,AK,D
14:44:30,ICBP,RG,7225,2,D,YP,AK,D
14:44:30,ICBP,RG,7225,5,D,PD,AK,D
14:44:30,ICBP,RG,7225,3,D,CC,AK,D
14:44:30,ICBP,RG,7225,1,D,YP,AK,D
14:44:30,ICBP,RG,7225,50,D,CC,AK,D
14:44:30,ICBP,RG,7225,1,D,XC,AK,D
14:44:30,ICBP,RG,7225,5,D,EP,AK,D
14:44:30,ICBP,RG,7225,10,D,CC,AK,D
14:44:30,ICBP,RG,7225,1,D,SQ,AK,D
14:44:30,ICBP,RG,7225,5,D,YP,AK,D
14:44:30,ICBP,RG,7225,50,D,YP,AK,D
14:44:30,ICBP,RG,7225,1,D,XC,AK,D
14:44:30,ICBP,RG,7225,1,D,PD,AK,D
14:44:30,ICBP,RG,7225,40,D,XC,AK,D
14:44:30,ICBP,RG,7225,8,D,PD,AK,D
14:44:30,ICBP,RG,7225,1,D,PD,AK,D
14:44:30,ICBP,RG,7225,5,D,CC,AK,D
14:44:30,ICBP,RG,7225,1,D,XL,AK,D
14:44:30,ICBP,RG,7225,10,D,KK,AK,D
14:44:30,ICBP,RG,7225,1,D,DH,AK,D
14:44:30,ICBP,RG,7225,5,D,XC,AK,D
14:44:30,ICBP,RG,7225,10,D,KK,AK,D
14:44:30,ICBP,RG,7225,45,D,XC,AK,D
14:44:30,ICBP,RG,7225,56,D,XC,AK,D
14:44:28,ICBP,RG,7250,1,F,BK,DX,F
14:44:28,ICBP,RG,7250,15,F,BK,DX,F
14:44:28,ICBP,RG,7250,6,F,BK,CC,F
14:44:28,ICBP,RG,7250,49,F,BK,AK,F
14:44:27,ICBP,RG,7250,1,D,YP,AK,F
14:44:25,ICBP,RG,7250,177,D,FS,AK,F
14:44:25,ICBP,RG,7250,1,D,FS,YP,D
14:44:25,ICBP,RG,7250,372,D,FS,CC,D
14:44:25,ICBP,RG,7250,10,D,LG,CC,D
14:44:25,ICBP,RG,7250,5,D,CC,CC,D
14:44:24,ICBP,RG,7250,1,D,XC,CC,D
14:44:21,ICBP,RG,7250,5,D,KK,CC,D
14:44:18,ICBP,RG,7225,45,D,XC,CS,D
14:44:18,ICBP,RG,7250,100,D,TP,CC,D
14:44:13,ICBP,RG,7250,4,D,XC,CC,D
14:44:12,ICBP,RG,7225,5,D,XC,CC,D
14:44:09,ICBP,RG,7250,1,D,PD,CC,D
14:44:07,ICBP,RG,7225,133,D,XC,YP,D
14:44:03,ICBP,RG,7225,16,D,XC,AK,D
14:44:03,ICBP,RG,7225,6,D,YP,AK,D
14:44:03,ICBP,RG,7225,1,D,NI,AK,D
14:44:03,ICBP,RG,7225,5,D,YP,AK,D
14:44:03,ICBP,RG,7225,14,D,PD,AK,D
14:44:03,ICBP,RG,7250,5,D,SQ,CC,D
14:44:03,ICBP,RG,7225,86,D,PD,AK,D
14:44:03,ICBP,RG,7225,1,D,CC,AK,D
14:44:03,ICBP,RG,7225,10,D,YP,AK,D
14:44:03,ICBP,RG,7225,25,D,XC,AK,D
14:44:03,ICBP,RG,7225,10,D,SQ,AK,D
14:44:03,ICBP,RG,7225,1,D,YP,AK,D
14:44:03,ICBP,RG,7225,1,D,CC,AK,D
14:44:03,ICBP,RG,7225,1,D,YP,AK,D
14:44:03,ICBP,RG,7225,3,D,CC,AK,D
14:44:03,ICBP,RG,7225,5,D,XL,AK,D
14:44:03,ICBP,RG,7225,1,D,HP,AK,D
14:44:03,ICBP,RG,7225,1,D,CC,AK,D
14:44:03,ICBP,RG,7225,1,D,YP,AK,D
14:44:03,ICBP,RG,7225,2,D,GR,AK,D
14:44:03,ICBP,RG,7225,1,D,CC,AK,D
14:44:03,ICBP,RG,7225,27,D,XL,AK,D
14:44:03,ICBP,RG,7225,2,D,KK,AK,D
14:44:03,ICBP,RG,7225,30,D,YP,AK,D
14:44:03,ICBP,RG,7225,13,D,YP,AK,D
14:44:03,ICBP,RG,7225,1,D,CC,AK,D
14:44:03,ICBP,RG,7225,1,D,XL,AK,D
14:44:03,ICBP,RG,7225,1,D,XC,AK,D
14:44:03,ICBP,RG,7225,1,D,XL,AK,D
14:44:03,ICBP,RG,7225,46,D,YP,AK,D
14:44:03,ICBP,RG,7225,66,D,YP,AK,D
14:44:03,ICBP,RG,7225,75,D,YP,AK,D
14:44:03,ICBP,RG,7250,46,D,CC,CC,D
14:44:03,ICBP,RG,7250,4,D,CC,CC,D
14:44:00,ICBP,RG,7225,21,D,YP,CC,D
14:44:00,ICBP,RG,7225,3,D,CC,CC,D
14:44:00,ICBP,RG,7225,25,D,YP,CC,D
14:44:00,ICBP,RG,7225,7,D,CC,CC,D
14:44:00,ICBP,RG,7225,14,D,XC,CC,D
14:44:00,ICBP,RG,7225,1,D,NI,CC,D
14:44:00,ICBP,RG,7225,1,D,NI,CC,D
14:44:00,ICBP,RG,7225,8,D,YP,CC,D
14:44:00,ICBP,RG,7250,3,D,NI,CC,D
14:44:00,ICBP,RG,7225,12,D,YP,NI,D
14:43:57,ICBP,RG,7250,1,D,AT,CC,D
14:43:56,ICBP,RG,7250,100,D,GR,CC,D
14:43:55,ICBP,RG,7225,4,D,YP,XC,D
14:43:55,ICBP,RG,7250,4,D,XC,CC,D
14:43:53,ICBP,RG,7250,1,D,CC,CC,D
14:43:53,ICBP,RG,7250,1,D,PD,CC,D
14:43:52,ICBP,RG,7225,6,D,YP,BB,D
14:43:52,ICBP,RG,7225,3,D,SQ,BB,D
14:43:52,ICBP,RG,7225,10,D,SQ,BB,D
14:43:52,ICBP,RG,7225,1,D,YP,BB,D
14:43:52,ICBP,RG,7225,1,D,YP,BB,D
14:43:52,ICBP,RG,7225,2,D,CC,BB,D
14:43:52,ICBP,RG,7225,5,D,AZ,BB,D
14:43:52,ICBP,RG,7225,5,D,YP,BB,D
14:43:52,ICBP,RG,7225,1,D,KK,BB,D
14:43:52,ICBP,RG,7225,20,D,CC,BB,D
14:43:52,ICBP,RG,7225,3,D,DH,BB,D
14:43:52,ICBP,RG,7225,3,D,CC,BB,D
14:43:52,ICBP,RG,7225,2,D,YP,BB,D
14:43:51,ICBP,RG,7250,40,D,CC,CC,D
14:43:50,ICBP,RG,7250,2,D,CC,CC,D
14:43:49,ICBP,RG,7250,1,D,XC,CC,D
14:43:49,ICBP,RG,7250,5,D,KK,CC,D
14:43:48,ICBP,RG,7250,3,D,YP,CC,D
14:43:46,ICBP,RG,7250,2,D,XL,CC,D
14:43:44,ICBP,RG,7250,5,D,CC,CC,D
14:43:43,ICBP,RG,7225,1,D,YP,DR,D
14:43:43,ICBP,RG,7225,1,D,YU,DR,D
14:43:42,ICBP,RG,7250,6,D,RG,CC,D
14:43:40,ICBP,RG,7225,19,D,YU,AK,D
14:43:40,ICBP,RG,7225,1,D,YP,AK,D
14:43:40,ICBP,RG,7225,1,D,AG,AK,D
14:43:40,ICBP,RG,7225,2,D,GR,AK,D
14:43:40,ICBP,RG,7225,10,D,YP,AK,D
14:43:40,ICBP,RG,7225,1,D,XL,AK,D
14:43:40,ICBP,RG,7225,1,D,XC,AK,D
14:43:40,ICBP,RG,7225,2,D,HP,AK,D
14:43:40,ICBP,RG,7225,1,D,PD,AK,D
14:43:40,ICBP,RG,7225,1,D,NI,AK,D
14:43:40,ICBP,RG,7225,1,D,XL,AK,D
14:43:40,ICBP,RG,7225,1,D,DH,AK,D
14:43:40,ICBP,RG,7225,1,D,DH,AK,D
14:43:40,ICBP,RG,7225,3,D,HP,AK,D
14:43:40,ICBP,RG,7225,50,D,CC,AK,D
14:43:40,ICBP,RG,7225,5,D,XL,AK,D
14:43:40,ICBP,RG,7225,2,D,YP,AK,D
14:43:40,ICBP,RG,7225,3,D,YP,AK,D
14:43:40,ICBP,RG,7225,2,D,GR,AK,D
14:43:40,ICBP,RG,7225,5,D,YP,AK,D
14:43:40,ICBP,RG,7225,5,D,YP,AK,D
14:43:40,ICBP,RG,7225,1,D,KK,AK,D
14:43:40,ICBP,RG,7225,10,D,ZP,AK,D
14:43:40,ICBP,RG,7225,15,D,YP,AK,D
14:43:40,ICBP,RG,7225,14,D,YP,AK,D
14:43:40,ICBP,RG,7225,1,D,YP,AK,D
14:43:40,ICBP,RG,7225,1,D,XC,AK,D
14:43:40,ICBP,RG,7225,5,D,IF,AK,D
14:43:40,ICBP,RG,7225,1,D,PD,AK,D
14:43:40,ICBP,RG,7225,1,D,XC,AK,D
14:43:40,ICBP,RG,7225,1,D,MK,AK,D
14:43:40,ICBP,RG,7225,5,D,PD,AK,D
14:43:40,ICBP,RG,7225,5,D,AZ,AK,D
14:43:40,ICBP,RG,7225,5,D,XC,AK,D
14:43:40,ICBP,RG,7225,3,D,PD,AK,D
14:43:40,ICBP,RG,7225,2,D,XC,AK,D
14:43:40,ICBP,RG,7225,3,D,CC,AK,D
14:43:40,ICBP,RG,7225,1,D,CC,AK,D
14:43:40,ICBP,RG,7225,1,D,CC,AK,D
14:43:40,ICBP,RG,7225,1,D,XC,AK,D
14:43:40,ICBP,RG,7225,33,D,KK,AK,D
14:43:40,ICBP,RG,7225,1,D,YP,AK,D
14:43:40,ICBP,RG,7225,1,D,YP,AK,D
14:43:40,ICBP,RG,7225,5,D,ZP,AK,D
14:43:40,ICBP,RG,7225,115,D,PD,AK,D
14:43:38,ICBP,RG,7225,46,D,PD,CS,D
14:43:37,ICBP,RG,7250,1,D,XL,CC,D
14:43:37,ICBP,RG,7225,2,D,PD,CC,D
14:43:36,ICBP,RG,7250,10,D,PD,CC,D
14:43:36,ICBP,RG,7250,2,D,CC,CC,D
14:43:35,ICBP,RG,7250,27,D,YP,CC,D
14:43:34,ICBP,RG,7250,1,D,TF,CC,D
14:43:34,ICBP,RG,7250,7,D,XC,CC,D
14:43:32,ICBP,RG,7250,1,D,NI,CC,D
14:43:28,ICBP,RG,7250,36,D,YJ,CC,D
14:43:28,ICBP,RG,7250,139,D,YJ,KZ,F
14:43:27,ICBP,RG,7250,45,D,AK,KZ,F
14:43:26,ICBP,RG,7225,237,D,PD,AK,D
14:43:26,ICBP,RG,7250,1,D,GR,KZ,F
14:43:25,ICBP,RG,7225,64,D,PD,AK,D
14:43:24,ICBP,RG,7250,1,D,NI,KZ,F
14:43:24,ICBP,RG,7225,250,D,PD,PD,D
14:43:22,ICBP,RG,7225,40,D,PD,AK,D
14:43:22,ICBP,RG,7225,246,D,PD,AK,D
14:43:22,ICBP,RG,7225,50,D,YP,AK,D
14:43:22,ICBP,RG,7225,1,D,DR,AK,D
14:43:22,ICBP,RG,7225,1,D,PD,AK,D
14:43:22,ICBP,RG,7225,1,D,CC,AK,D
14:43:22,ICBP,RG,7225,1,D,YP,AK,D
14:43:22,ICBP,RG,7225,20,D,XA,AK,D
14:43:22,ICBP,RG,7225,12,D,YP,AK,D
14:43:22,ICBP,RG,7225,1,D,PD,AK,D
14:43:22,ICBP,RG,7225,1,D,YP,AK,D
14:43:22,ICBP,RG,7225,1,D,CC,AK,D
14:43:22,ICBP,RG,7225,5,D,CC,AK,D
14:43:22,ICBP,RG,7225,30,D,XA,AK,D
14:43:22,ICBP,RG,7225,1,D,NI,AK,D
14:43:22,ICBP,RG,7225,30,D,XA,AK,D
14:43:22,ICBP,RG,7225,4,D,SQ,AK,D
14:43:22,ICBP,RG,7225,20,D,PD,AK,D
14:43:22,ICBP,RG,7225,2,D,GR,AK,D
14:43:22,ICBP,RG,7225,34,D,EP,AK,D
14:43:22,ICBP,RG,7225,66,D,EP,AK,D
14:43:22,ICBP,RG,7225,1,D,NI,AK,D
14:43:22,ICBP,RG,7225,5,D,KK,AK,D
14:43:22,ICBP,RG,7225,1,D,YP,AK,D
14:43:22,ICBP,RG,7225,1,D,PD,AK,D
14:43:22,ICBP,RG,7225,3,D,HP,AK,D
14:43:22,ICBP,RG,7225,25,D,PD,AK,D
14:43:22,ICBP,RG,7225,2,D,YP,AK,D
14:43:22,ICBP,RG,7225,11,D,PD,AK,D
14:43:22,ICBP,RG,7225,2,D,PD,AK,D
14:43:22,ICBP,RG,7225,73,D,YP,AK,D
14:43:22,ICBP,RG,7225,27,D,YP,AK,D
14:43:22,ICBP,RG,7225,5,D,PD,AK,D
14:43:22,ICBP,RG,7225,1,D,YP,AK,D
14:43:22,ICBP,RG,7225,20,D,YP,AK,D
14:43:22,ICBP,RG,7225,75,D,DH,AK,D
14:43:21,ICBP,RG,7250,12,D,PD,KZ,F
14:43:21,ICBP,RG,7250,100,D,XA,KZ,F
14:43:20,ICBP,RG,7250,1,D,PD,KZ,F
14:43:18,ICBP,RG,7250,70,D,CC,KZ,F
14:43:12,ICBP,RG,7250,1,D,YP,KZ,F
14:43:11,ICBP,RG,7225,1,D,DH,OD,D
14:43:03,ICBP,RG,7250,10,D,DX,KZ,F
14:42:59,ICBP,RG,7225,1,D,DH,XC,D
14:42:58,ICBP,RG,7225,123,D,DH,BB,D
14:42:58,ICBP,RG,7225,10,D,GR,BB,D
14:42:58,ICBP,RG,7225,1,D,XC,BB,D
14:42:58,ICBP,RG,7225,10,D,XA,BB,D
14:42:58,ICBP,RG,7225,4,D,XC,BB,D
14:42:58,ICBP,RG,7225,3,D,XC,BB,D
14:42:58,ICBP,RG,7225,36,D,DH,BB,D
14:42:58,ICBP,RG,7250,50,D,KI,KZ,F
14:42:58,ICBP,RG,7250,1,D,YP,KZ,F
14:42:57,ICBP,RG,7225,20,D,DH,PD,D
14:42:54,ICBP,RG,7250,1,D,KK,KZ,F
14:42:54,ICBP,RG,7250,4,D,PD,KZ,F
14:42:53,ICBP,RG,7250,20,D,YP,KZ,F
14:42:52,ICBP,RG,7250,1,D,XL,KZ,F
14:42:51,ICBP,RG,7250,4,D,KK,KZ,F
14:42:49,ICBP,RG,7225,83,D,DH,AK,D
14:42:49,ICBP,RG,7250,2,D,XC,KZ,F
14:42:48,ICBP,RG,7250,54,D,CC,KZ,F
14:42:48,ICBP,RG,7250,1,D,CC,CC,D
14:42:48,ICBP,RG,7250,2,D,CC,CS,D
14:42:48,ICBP,RG,7250,5,D,CC,CS,D
14:42:48,ICBP,RG,7250,45,D,CC,BB,D
14:42:48,ICBP,RG,7250,32,D,CC,DX,F
14:42:48,ICBP,RG,7250,11,D,CC,DX,F
14:42:48,ICBP,RG,7250,7,D,PD,DX,F
14:42:45,ICBP,RG,7250,2,D,PD,DX,F
14:42:45,ICBP,RG,7250,10,D,XL,DX,F
14:42:40,ICBP,RG,7250,1,D,RO,DX,F
14:42:39,ICBP,RG,7250,1,D,NI,DX,F
14:42:39,ICBP,RG,7250,5,D,PD,CS,D
14:42:39,ICBP,RG,7225,15,D,DH,PD,D
14:42:39,ICBP,RG,7225,50,D,DH,PD,D
14:42:38,ICBP,RG,7225,96,D,DH,BB,D
14:42:38,ICBP,RG,7225,1,D,XL,BB,D
14:42:38,ICBP,RG,7225,2,D,YP,BB,D
14:42:38,ICBP,RG,7225,1,D,PD,BB,D
14:42:38,ICBP,RG,7225,1,D,YP,BB,D
14:42:38,ICBP,RG,7225,2,D,GR,BB,D
14:42:38,ICBP,RG,7225,20,D,YP,BB,D
14:42:38,ICBP,RG,7225,4,D,GR,BB,D
14:42:38,ICBP,RG,7225,3,D,YP,BB,D
14:42:38,ICBP,RG,7225,1,D,YP,BB,D
14:42:38,ICBP,RG,7225,10,D,YP,BB,D
14:42:38,ICBP,RG,7225,1,D,YP,BB,D
14:42:38,ICBP,RG,7225,2,D,YP,BB,D
14:42:38,ICBP,RG,7225,5,D,CC,BB,D
14:42:38,ICBP,RG,7225,1,D,PD,BB,D
14:42:38,ICBP,RG,7225,9,D,SQ,BB,D
14:42:38,ICBP,RG,7225,5,D,PD,BB,D
14:42:38,ICBP,RG,7225,4,D,EP,BB,D
14:42:38,ICBP,RG,7225,10,D,CC,BB,D
14:42:38,ICBP,RG,7225,97,D,IP,BB,D
14:42:37,ICBP,RG,7250,28,D,ES,CS,D
14:42:37,ICBP,RG,7250,102,D,ES,KZ,D
14:42:37,ICBP,RG,7250,1,D,NI,KZ,D
14:42:35,ICBP,RG,7250,1,D,PD,KZ,D
14:42:32,ICBP,RG,7250,5,D,XC,KZ,D
14:42:31,ICBP,RG,7250,5,D,XC,KZ,D
14:42:30,ICBP,RG,7250,5,D,SQ,KZ,D
14:42:30,ICBP,RG,7250,153,D,CC,KZ,D
14:42:30,ICBP,RG,7250,27,D,YP,KZ,D
14:42:30,ICBP,RG,7250,1,D,PD,KZ,D
14:42:30,ICBP,RG,7250,10,D,CC,KZ,D
14:42:30,ICBP,RG,7250,1,D,XC,KZ,D
14:42:30,ICBP,RG,7250,5,D,EP,KZ,D
14:42:30,ICBP,RG,7250,10,D,SQ,KZ,D
14:42:30,ICBP,RG,7250,1,D,PD,KZ,D
14:42:30,ICBP,RG,7250,15,D,YP,KZ,D
14:42:30,ICBP,RG,7250,1,D,PD,KZ,D
14:42:30,ICBP,RG,7250,1,D,YP,KZ,D
14:42:30,ICBP,RG,7250,7,D,CC,KZ,D
14:42:30,ICBP,RG,7250,25,D,PD,KZ,D
14:42:30,ICBP,RG,7250,1,D,XC,KZ,D
14:42:30,ICBP,RG,7250,44,D,TP,KZ,D
14:42:30,ICBP,RG,7250,4,D,TP,KK,D
14:42:30,ICBP,RG,7250,9,D,TP,YP,D
14:42:30,ICBP,RG,7250,3,D,TP,PD,D
14:42:29,ICBP,RG,7250,4,D,TP,PD,D
14:42:29,ICBP,RG,7250,36,D,TP,KZ,D
14:42:28,ICBP,RG,7250,1,D,TP,CS,D
14:42:28,ICBP,RG,7250,36,D,TP,AK,F
14:42:28,ICBP,RG,7250,10,D,TP,CS,D
14:42:27,ICBP,RG,7250,3,D,TP,AK,D
14:42:27,ICBP,RG,7250,2,D,PD,AK,D
14:42:27,ICBP,RG,7250,1,D,PD,AK,D
14:42:27,ICBP,RG,7250,2,D,XC,AK,D
14:42:27,ICBP,RG,7250,100,D,EP,AK,D
14:42:27,ICBP,RG,7250,5,D,OD,AK,D
14:42:27,ICBP,RG,7250,10,D,YU,AK,D
14:42:27,ICBP,RG,7250,10,D,NI,AK,D
14:42:27,ICBP,RG,7250,10,D,SQ,AK,D
14:42:27,ICBP,RG,7250,2,D,XC,AK,D
14:42:27,ICBP,RG,7250,1,D,XC,AK,D
14:42:27,ICBP,RG,7250,10,D,XC,AK,D
14:42:27,ICBP,RG,7250,20,D,CC,AK,D
14:42:27,ICBP,RG,7250,1,D,XC,AK,D
14:42:27,ICBP,RG,7250,5,D,YU,AK,D
14:42:27,ICBP,RG,7250,10,D,DX,AK,D
14:42:27,ICBP,RG,7250,1,D,KK,AK,D
14:42:27,ICBP,RG,7250,1,D,YP,AK,D
14:42:27,ICBP,RG,7250,2,D,DR,AK,D
14:42:27,ICBP,RG,7250,1,D,OD,AK,D
14:42:27,ICBP,RG,7250,5,D,XC,AK,D
14:42:27,ICBP,RG,7250,5,D,XC,PD,D
14:42:27,ICBP,RG,7250,1,D,NI,PD,D
14:42:27,ICBP,RG,7250,3,D,CC,PD,D
14:42:27,ICBP,RG,7250,1,D,YP,PD,D
14:42:27,ICBP,RG,7250,1,D,YP,PD,D
14:42:27,ICBP,RG,7250,2,D,BQ,PD,D
14:42:27,ICBP,RG,7250,1,D,DR,PD,D
14:42:27,ICBP,RG,7250,5,D,PD,PD,D
14:42:27,ICBP,RG,7250,1,D,SQ,PD,D
14:42:27,ICBP,RG,7250,8,D,AK,PD,D
14:42:27,ICBP,RG,7250,2,D,PD,PD,D
14:42:27,ICBP,RG,7250,1,D,PD,NI,D
14:42:27,ICBP,RG,7250,1,D,NI,NI,D
14:42:27,ICBP,RG,7250,4,D,NI,YP,D
14:42:27,ICBP,RG,7250,9,D,NI,CS,D
14:42:27,ICBP,RG,7250,1,D,YP,CS,D
14:42:27,ICBP,RG,7250,4,D,DX,CS,D
14:42:26,ICBP,RG,7250,1,D,CC,KZ,F
14:42:26,ICBP,RG,7250,5,D,IF,KZ,F
14:42:26,ICBP,RG,7250,1,D,OD,KZ,F
14:42:26,ICBP,RG,7250,68,D,YP,KZ,F
14:42:26,ICBP,RG,7250,10,D,PD,KZ,F
14:42:26,ICBP,RG,7250,7,D,GR,KZ,F
14:42:26,ICBP,RG,7250,25,D,YP,KZ,F
14:42:26,ICBP,RG,7250,18,D,CC,KZ,F
14:42:26,ICBP,RG,7250,3,D,CC,KZ,F
14:42:26,ICBP,RG,7250,1,D,EP,KZ,F
14:42:26,ICBP,RG,7250,1,D,GR,KZ,F
14:42:26,ICBP,RG,7250,1,D,DH,KZ,F
14:42:26,ICBP,RG,7250,1,D,NI,KZ,F
14:42:26,ICBP,RG,7250,3,D,XC,KZ,F
14:42:26,ICBP,RG,7250,1,D,PD,KZ,F
14:42:26,ICBP,RG,7250,5,D,OD,KZ,F
14:42:26,ICBP,RG,7250,1,D,XC,KZ,F
14:42:26,ICBP,RG,7250,1,D,YU,KZ,F
14:42:26,ICBP,RG,7250,4,F,ZP,KZ,F
14:42:26,ICBP,RG,7250,2,D,YP,KZ,F
14:42:26,ICBP,RG,7250,2,D,XC,KZ,F
14:42:26,ICBP,RG,7250,2,D,NI,KZ,F
14:42:26,ICBP,RG,7250,1,D,NI,KZ,F
14:42:26,ICBP,RG,7250,20,D,PD,KZ,F
14:42:26,ICBP,RG,7250,5,D,YU,KZ,F
14:42:26,ICBP,RG,7250,20,D,CC,KZ,F
14:42:26,ICBP,RG,7250,1,D,DR,KZ,F
14:42:26,ICBP,RG,7250,5,D,CC,KZ,F
14:42:26,ICBP,RG,7250,2,D,PD,KZ,F
14:42:26,ICBP,RG,7250,1,D,XC,KZ,F
14:42:26,ICBP,RG,7250,2,D,PD,KZ,F
14:42:26,ICBP,RG,7250,1,D,KK,KZ,F
14:42:26,ICBP,RG,7250,2,D,XC,KZ,F
14:42:26,ICBP,RG,7250,33,D,YP,KZ,F
14:42:26,ICBP,RG,7250,50,D,YP,KZ,F
14:42:26,ICBP,RG,7250,15,D,YP,KZ,F
14:42:26,ICBP,RG,7250,5,D,CC,KZ,F
14:42:26,ICBP,RG,7250,1,D,CC,KZ,F
14:42:26,ICBP,RG,7250,5,D,CC,KZ,F
14:42:26,ICBP,RG,7250,10,D,NI,KZ,F
14:42:26,ICBP,RG,7250,1,D,PD,KZ,F
14:42:26,ICBP,RG,7250,10,D,PD,KZ,F
14:42:26,ICBP,RG,7250,1,D,DR,KZ,F
14:42:26,ICBP,RG,7250,7,D,GR,KZ,F
14:42:26,ICBP,RG,7250,1,D,PD,KZ,F
14:42:26,ICBP,RG,7250,5,F,ZP,KZ,F
14:42:26,ICBP,RG,7250,32,F,ZP,KZ,F
14:42:26,ICBP,RG,7250,5,D,KK,KZ,F
14:42:26,ICBP,RG,7250,50,D,CC,KZ,F
14:42:26,ICBP,RG,7250,1,D,XC,KZ,F
14:42:26,ICBP,RG,7250,1,D,XC,KZ,F
14:42:26,ICBP,RG,7250,2,D,KK,KZ,F
14:42:26,ICBP,RG,7250,50,D,CC,KZ,F
14:42:26,ICBP,RG,7250,100,F,EP,KZ,F
14:42:26,ICBP,RG,7250,2,D,SQ,KZ,F
14:42:26,ICBP,RG,7250,10,D,YP,KZ,F
14:42:26,ICBP,RG,7250,37,D,YP,KZ,F
14:42:26,ICBP,RG,7250,300,D,YP,KZ,F
14:42:26,ICBP,RG,7250,1,D,PD,KZ,F
14:42:26,ICBP,RG,7250,8,D,XL,KZ,F
14:42:26,ICBP,RG,7250,20,D,YP,KZ,F
14:42:26,ICBP,RG,7250,1,D,XC,KZ,F
14:42:26,ICBP,RG,7250,3,D,NI,KZ,F
14:42:26,ICBP,RG,7250,1,D,YP,KZ,F
14:42:26,ICBP,RG,7250,1,D,TF,KZ,F
14:42:26,ICBP,RG,7250,5,D,CC,KZ,F
14:42:26,ICBP,RG,7250,1,D,CC,KZ,F
14:42:26,ICBP,RG,7250,46,D,PD,KZ,F
14:42:26,ICBP,RG,7250,14,D,PD,KK,D
14:42:26,ICBP,RG,7250,5,D,XC,KK,D
14:42:26,ICBP,RG,7250,5,D,PD,KK,D
14:42:26,ICBP,RG,7250,3,D,YP,KK,D
14:42:26,ICBP,RG,7250,1,D,PD,KK,D
14:42:26,ICBP,RG,7250,1,D,SQ,KK,D
14:42:26,ICBP,RG,7250,36,D,YP,KK,D
14:42:23,ICBP,RG,7275,1,D,XL,SQ,D
14:42:21,ICBP,RG,7250,4,D,YP,KZ,D
14:42:21,ICBP,RG,7250,38,D,XC,KZ,D
14:42:21,ICBP,RG,7250,11,D,XA,KZ,D
14:42:21,ICBP,RG,7250,3,D,SQ,KZ,D
14:42:21,ICBP,RG,7250,70,D,SQ,KZ,D
14:42:21,ICBP,RG,7250,30,D,PD,KZ,D
14:42:21,ICBP,RG,7250,5,D,PD,KZ,D
14:42:21,ICBP,RG,7250,100,D,OD,KZ,D
14:42:21,ICBP,RG,7250,2,D,XC,KZ,D
14:42:21,ICBP,RG,7250,100,D,GR,KZ,D
14:42:21,ICBP,RG,7250,2,D,PD,KZ,D
14:42:21,ICBP,RG,7250,3,D,SQ,KZ,D
14:42:21,ICBP,RG,7250,5,D,YP,KZ,D
14:42:21,ICBP,RG,7250,50,D,NI,KZ,D
14:42:21,ICBP,RG,7250,20,D,NI,KZ,F
14:42:21,ICBP,RG,7250,5,D,CC,KZ,F
14:42:21,ICBP,RG,7250,1,D,XC,KZ,F
14:42:21,ICBP,RG,7250,1,D,YP,KZ,F
14:42:21,ICBP,RG,7250,1,D,XC,KZ,F
14:42:21,ICBP,RG,7250,5,D,XL,KZ,F
14:42:21,ICBP,RG,7250,2,D,YP,KZ,F
14:42:21,ICBP,RG,7250,10,D,YB,KZ,F
14:42:21,ICBP,RG,7250,2,D,YP,KZ,F
14:42:21,ICBP,RG,7250,50,D,CC,KZ,F
14:42:21,ICBP,RG,7250,1,D,SQ,KZ,F
14:42:21,ICBP,RG,7250,2,D,BQ,KZ,F
14:42:21,ICBP,RG,7250,1,D,NI,KZ,F
14:42:21,ICBP,RG,7250,1,D,YP,KZ,F
14:42:21,ICBP,RG,7250,1,D,XC,KZ,F
14:42:21,ICBP,RG,7250,5,D,YP,KZ,F
14:42:21,ICBP,RG,7250,15,D,KK,KZ,F
14:42:21,ICBP,RG,7250,3,D,XC,KZ,F
14:42:21,ICBP,RG,7250,2,D,XC,KZ,F
14:42:21,ICBP,RG,7250,2,D,CC,KZ,F
14:42:21,ICBP,RG,7250,4,D,CC,KZ,F
14:42:21,ICBP,RG,7250,1,D,XC,KZ,F
14:42:21,ICBP,RG,7250,50,D,YP,KZ,F
14:42:21,ICBP,RG,7250,1,D,SQ,KZ,F
14:42:21,ICBP,RG,7250,2,D,PD,KZ,F
14:42:21,ICBP,RG,7250,1,D,PD,KZ,F
14:42:21,ICBP,RG,7250,3,D,HP,KZ,F
14:42:21,ICBP,RG,7250,2,D,HP,KZ,F
14:42:21,ICBP,RG,7250,5,D,XL,KZ,F
14:42:21,ICBP,RG,7250,200,D,DH,KZ,F
14:42:21,ICBP,RG,7250,17,D,GR,KZ,F
14:42:20,ICBP,RG,7250,13,D,GR,LG,D
14:42:20,ICBP,RG,7250,20,D,PD,LG,D
14:42:20,ICBP,RG,7250,5,D,AG,LG,D
14:42:20,ICBP,RG,7250,5,D,XC,LG,D
14:42:20,ICBP,RG,7250,2,D,YP,LG,D
14:42:20,ICBP,RG,7250,1,D,PD,LG,D
14:42:20,ICBP,RG,7250,1,D,CC,LG,D
14:42:20,ICBP,RG,7250,6,D,PD,LG,D
14:42:20,ICBP,RG,7250,1,D,YP,LG,D
14:42:20,ICBP,RG,7250,1,D,PD,LG,D
14:42:20,ICBP,RG,7250,7,D,YP,LG,D
14:42:20,ICBP,RG,7250,4,D,PD,LG,D
14:42:20,ICBP,RG,7250,5,D,YP,LG,D
14:42:20,ICBP,RG,7250,5,D,NI,LG,D
14:42:20,ICBP,RG,7250,2,D,XC,LG,D
14:42:20,ICBP,RG,7250,1,D,SQ,LG,D
14:42:20,ICBP,RG,7250,1,D,SQ,LG,D
14:42:20,ICBP,RG,7250,20,D,XC,LG,D
14:42:20,ICBP,RG,7250,1,D,PD,LG,D
14:42:20,ICBP,RG,7250,5,D,PD,LG,D
14:42:20,ICBP,RG,7250,1,D,GR,LG,D
14:42:20,ICBP,RG,7250,1,D,KK,LG,D
14:42:20,ICBP,RG,7250,50,D,CC,LG,D
14:42:20,ICBP,RG,7250,1,D,DR,LG,D
14:42:20,ICBP,RG,7250,10,D,PD,LG,D
14:42:20,ICBP,RG,7250,5,D,YP,LG,D
14:42:20,ICBP,RG,7250,1,D,CC,LG,D
14:42:20,ICBP,RG,7250,2,D,YP,LG,D
14:42:20,ICBP,RG,7250,10,D,PD,LG,D
14:42:20,ICBP,RG,7250,3,D,CC,LG,D
14:42:20,ICBP,RG,7250,2,D,PD,LG,D
14:42:20,ICBP,RG,7250,1,D,NI,LG,D
14:42:20,ICBP,RG,7250,7,D,XL,LG,D
14:42:20,ICBP,RG,7250,6,D,XL,KZ,D
14:42:20,ICBP,RG,7250,2,D,AZ,KZ,D
14:42:20,ICBP,RG,7250,50,D,KK,KZ,D
14:42:20,ICBP,RG,7250,10,D,DH,KZ,D
14:42:20,ICBP,RG,7250,5,D,PD,KZ,D
14:42:20,ICBP,RG,7250,5,D,YP,KZ,D
14:42:20,ICBP,RG,7250,5,D,XC,KZ,D
14:42:20,ICBP,RG,7250,5,D,YP,KZ,D
14:42:20,ICBP,RG,7250,1,D,YP,KZ,D
14:42:20,ICBP,RG,7250,1,D,NI,KZ,D
14:42:20,ICBP,RG,7250,2,D,KK,KZ,D
14:42:20,ICBP,RG,7250,1,D,NI,KZ,D
14:42:20,ICBP,RG,7250,3,D,MK,KZ,D
14:42:20,ICBP,RG,7250,5,D,GR,KZ,D
14:42:20,ICBP,RG,7250,25,D,XC,KZ,D
14:42:20,ICBP,RG,7250,10,D,TP,KZ,D
14:42:20,ICBP,RG,7250,1,D,PD,KZ,D
14:42:20,ICBP,RG,7250,3,D,PD,KZ,D
14:42:20,ICBP,RG,7250,1,D,CC,KZ,D
14:42:20,ICBP,RG,7250,5,D,YP,KZ,D
14:42:20,ICBP,RG,7250,2,D,XC,KZ,D
14:42:20,ICBP,RG,7250,1,D,NI,KZ,D
14:42:20,ICBP,RG,7250,1,D,NI,KZ,D
14:42:20,ICBP,RG,7250,3,D,MU,KZ,D
14:42:20,ICBP,RG,7250,2,D,NI,KZ,D
14:42:20,ICBP,RG,7250,5,D,XC,KZ,D
14:42:20,ICBP,RG,7250,6,D,DR,KZ,D
14:42:20,ICBP,RG,7250,2,D,GR,KZ,D
14:42:20,ICBP,RG,7250,1,D,CC,KZ,D
14:42:20,ICBP,RG,7250,5,D,NI,KZ,D
14:42:20,ICBP,RG,7250,1,D,YP,KZ,D
14:42:20,ICBP,RG,7250,1,D,SQ,KZ,D
14:42:20,ICBP,RG,7250,1,D,HP,KZ,D
14:42:20,ICBP,RG,7250,50,D,KI,KZ,D
14:42:20,ICBP,RG,7250,1,D,DR,KZ,D
14:42:20,ICBP,RG,7250,20,D,TP,KZ,D
14:42:20,ICBP,RG,7250,2,D,CC,KZ,D
14:42:20,ICBP,RG,7250,1,D,YP,KZ,D
14:42:20,ICBP,RG,7250,2,D,CC,KZ,D
14:42:20,ICBP,RG,7250,10,D,YB,KZ,D
14:42:20,ICBP,RG,7250,300,D,YP,KZ,D
14:42:20,ICBP,RG,7250,1,D,NI,KZ,D
14:42:20,ICBP,RG,7250,5,D,CC,KZ,D
14:42:20,ICBP,RG,7250,1,D,YP,KZ,D
14:42:20,ICBP,RG,7250,2,D,SQ,KZ,D
14:42:20,ICBP,RG,7250,1,D,XL,KZ,D
14:42:20,ICBP,RG,7250,1,D,PD,KZ,D
14:42:20,ICBP,RG,7250,1,D,NI,KZ,D
14:42:20,ICBP,RG,7250,10,D,CC,KZ,D
14:42:20,ICBP,RG,7250,2,D,HP,KZ,D
14:42:20,ICBP,RG,7250,10,D,HP,KZ,D
14:42:20,ICBP,RG,7250,1,D,YJ,KZ,D
14:42:20,ICBP,RG,7250,5,D,XC,KZ,D
14:42:20,ICBP,RG,7250,5,D,YP,KZ,D
14:42:20,ICBP,RG,7250,10,D,XC,KZ,D
14:42:20,ICBP,RG,7250,50,D,YP,KZ,D
14:42:20,ICBP,RG,7250,1,D,XC,KZ,D
14:42:20,ICBP,RG,7250,1,D,PD,KZ,D
14:42:20,ICBP,RG,7250,100,D,PD,KZ,D
14:42:20,ICBP,RG,7250,159,D,PD,KZ,D
14:42:19,ICBP,RG,7250,5,D,PD,KZ,D
14:42:18,ICBP,RG,7250,5,D,PD,PD,D
14:42:18,ICBP,RG,7250,8,D,PD,PD,D
14:42:16,ICBP,RG,7250,323,D,PD,KZ,D
14:42:16,ICBP,RG,7250,3,D,YP,KZ,D
14:42:16,ICBP,RG,7250,10,D,GR,KZ,D
14:42:16,ICBP,RG,7250,2,D,NI,KZ,D
14:42:16,ICBP,RG,7250,2,D,KK,KZ,D
14:42:16,ICBP,RG,7250,1,D,XC,KZ,D
14:42:16,ICBP,RG,7250,10,D,ID,KZ,D
14:42:16,ICBP,RG,7250,2,D,XC,KZ,D
14:42:16,ICBP,RG,7250,9,D,RB,KZ,D
14:42:16,ICBP,RG,7250,1,D,DH,KZ,D
14:42:16,ICBP,RG,7250,5,D,CC,KZ,D
14:42:16,ICBP,RG,7250,2,D,CP,KZ,D
14:42:16,ICBP,RG,7250,1,D,PD,KZ,D
14:42:16,ICBP,RG,7250,10,D,YP,KZ,D
14:42:16,ICBP,RG,7250,10,D,PD,KZ,D
14:42:16,ICBP,RG,7250,2,D,PD,KZ,D
14:42:16,ICBP,RG,7250,1,D,YP,KZ,D
14:42:16,ICBP,RG,7250,200,D,SQ,KZ,D
14:42:16,ICBP,RG,7250,5,D,PD,KZ,D
14:42:16,ICBP,RG,7250,10,D,SQ,KZ,D
14:42:16,ICBP,RG,7250,13,D,CC,KZ,D
14:42:16,ICBP,RG,7250,5,D,PD,KZ,D
14:42:16,ICBP,RG,7250,1,D,PD,KZ,D
14:42:16,ICBP,RG,7250,35,D,YP,KZ,D
14:42:16,ICBP,RG,7250,1,D,YP,KZ,D
14:42:16,ICBP,RG,7250,1,D,GR,KZ,D
14:42:16,ICBP,RG,7250,1,D,KK,KZ,D
14:42:16,ICBP,RG,7250,1,D,EP,KZ,D
14:42:16,ICBP,RG,7250,137,D,GR,KZ,D
14:42:16,ICBP,RG,7250,100,D,NI,KZ,D
14:42:16,ICBP,RG,7250,2,D,YP,KZ,D
14:42:16,ICBP,RG,7250,2,D,YP,KZ,D
14:42:16,ICBP,RG,7250,15,D,DH,KZ,D
14:42:16,ICBP,RG,7250,5,D,PD,KZ,D
14:42:16,ICBP,RG,7250,10,D,YP,KZ,D
14:42:16,ICBP,RG,7250,67,D,AZ,KZ,D
14:42:16,ICBP,RG,7275,5,D,TP,SQ,D
14:42:14,ICBP,RG,7250,1,D,AZ,CS,D
14:42:14,ICBP,RG,7250,2,D,YP,CS,D
14:42:14,ICBP,RG,7250,1,D,NI,CS,D
14:42:14,ICBP,RG,7250,5,D,OD,CS,D
14:42:14,ICBP,RG,7250,3,D,CC,CS,D
14:42:14,ICBP,RG,7250,1,D,SQ,CS,D
14:42:14,ICBP,RG,7250,3,D,XC,CS,D
14:42:14,ICBP,RG,7250,5,D,PD,CS,D
14:42:14,ICBP,RG,7250,15,D,EP,CS,D
14:42:11,ICBP,RG,7250,2,D,GR,NI,D
14:42:11,ICBP,RG,7250,100,D,CC,NI,D
14:42:11,ICBP,RG,7250,1,D,YP,NI,D
14:42:11,ICBP,RG,7250,1,D,XC,NI,D
14:42:11,ICBP,RG,7250,20,D,XC,NI,D
14:42:11,ICBP,RG,7250,3,D,DR,NI,D
14:42:10,ICBP,RG,7275,74,D,DX,SQ,D
14:42:08,ICBP,RG,7250,1,D,DR,YP,D
14:42:07,ICBP,RG,7250,17,D,DR,CP,D
14:42:07,ICBP,RG,7250,50,D,DR,DH,D
14:42:06,ICBP,RG,7250,6,D,DR,YP,D
14:42:04,ICBP,RG,7250,23,D,DR,CS,D
14:42:04,ICBP,RG,7250,5,D,OD,CS,D
14:42:04,ICBP,RG,7250,25,D,YP,CS,D
14:42:04,ICBP,RG,7250,1,D,YP,PD,D
14:42:04,ICBP,RG,7250,1,D,YP,CS,D
14:42:04,ICBP,RG,7250,33,D,YP,CS,D
14:42:04,ICBP,RG,7250,1,D,YP,CS,D
14:42:03,ICBP,RG,7250,7,D,YP,NI,D
14:42:03,ICBP,RG,7250,45,D,PD,NI,D
14:42:03,ICBP,RG,7250,5,D,YP,NI,D
14:42:03,ICBP,RG,7250,1,D,CC,NI,D
14:42:03,ICBP,RG,7250,2,D,OD,NI,D
14:42:03,ICBP,RG,7250,10,D,SQ,NI,D
14:42:03,ICBP,RG,7250,1,D,XC,NI,D
14:42:03,ICBP,RG,7250,10,D,YP,NI,D
14:42:03,ICBP,RG,7250,54,D,XC,NI,D
14:42:03,ICBP,RG,7250,5,D,EP,NI,D
14:42:03,ICBP,RG,7250,35,D,EP,BB,D
14:42:03,ICBP,RG,7250,5,D,YP,BB,D
14:42:03,ICBP,RG,7250,1,D,SQ,BB,D
14:42:03,ICBP,RG,7250,1,D,SQ,BB,D
14:42:03,ICBP,RG,7250,35,D,PD,BB,D
14:42:03,ICBP,RG,7250,5,D,YP,BB,D
14:42:03,ICBP,RG,7250,5,D,CC,BB,D
14:42:03,ICBP,RG,7250,1,D,KK,BB,D
14:42:03,ICBP,RG,7250,1,D,EP,BB,D
14:42:03,ICBP,RG,7250,1,D,DH,BB,D
14:42:03,ICBP,RG,7250,1,D,AI,BB,D
14:42:03,ICBP,RG,7250,1,D,XC,BB,D
14:42:03,ICBP,RG,7250,5,D,SQ,BB,D
14:42:03,ICBP,RG,7250,3,D,SQ,BB,D
14:42:03,ICBP,RG,7250,4,D,YP,BB,D
14:42:03,ICBP,RG,7250,1,D,YP,BB,D
14:42:03,ICBP,RG,7250,1,D,NI,BB,D
14:42:03,ICBP,RG,7250,80,D,ZP,BB,D
14:42:03,ICBP,RG,7250,1,D,YP,BB,D
14:42:03,ICBP,RG,7250,50,D,YP,BB,D
14:42:03,ICBP,RG,7250,3,D,SQ,BB,D
14:42:03,ICBP,RG,7250,2,D,YP,BB,D
14:42:03,ICBP,RG,7250,1,D,DR,BB,D
14:42:03,ICBP,RG,7250,1,D,XC,BB,D
14:42:03,ICBP,RG,7250,1,D,YP,BB,D
14:42:03,ICBP,RG,7250,8,D,KK,BB,D
14:42:03,ICBP,RG,7250,2,D,XC,BB,D
14:42:03,ICBP,RG,7250,1,D,PD,BB,D
14:42:03,ICBP,RG,7250,2,D,CC,BB,D
14:42:03,ICBP,RG,7250,1,D,PD,BB,D
14:42:03,ICBP,RG,7250,1,D,XC,BB,D
14:42:03,ICBP,RG,7250,5,D,PD,BB,D
14:42:03,ICBP,RG,7250,3,D,KK,BB,D
14:42:03,ICBP,RG,7250,2,D,XC,BB,D
14:42:03,ICBP,RG,7250,1,D,CP,BB,D
14:42:03,ICBP,RG,7250,1,D,XC,BB,D
14:42:03,ICBP,RG,7250,6,D,NI,BB,D
14:42:03,ICBP,RG,7250,1,D,YP,BB,D
14:42:03,ICBP,RG,7250,10,D,PD,BB,D
14:42:03,ICBP,RG,7250,1,D,NI,BB,D
14:42:03,ICBP,RG,7250,1,D,XC,BB,D
14:42:03,ICBP,RG,7250,10,D,SQ,BB,D
14:42:03,ICBP,RG,7250,1,D,DH,BB,D
14:42:03,ICBP,RG,7250,20,D,DH,BB,D
14:42:03,ICBP,RG,7250,1,D,GR,BB,D
14:42:03,ICBP,RG,7250,1,D,GR,BB,D
14:42:03,ICBP,RG,7250,2,D,PD,BB,D
14:42:03,ICBP,RG,7250,5,D,CC,BB,D
14:42:03,ICBP,RG,7250,5,D,XC,BB,D
14:42:03,ICBP,RG,7250,1,D,KK,BB,D
14:42:03,ICBP,RG,7250,1,D,YP,BB,D
14:42:03,ICBP,RG,7250,1,D,XC,BB,D
14:42:03,ICBP,RG,7250,2,D,GR,BB,D
14:42:03,ICBP,RG,7250,2,D,YP,BB,D
14:42:03,ICBP,RG,7250,5,D,SQ,BB,D
14:42:03,ICBP,RG,7250,5,D,HP,BB,D
14:42:03,ICBP,RG,7250,30,D,LG,BB,D
14:42:03,ICBP,RG,7250,5,D,YP,BB,D
14:42:03,ICBP,RG,7250,5,D,EP,BB,D
14:42:03,ICBP,RG,7250,3,D,NI,BB,D
14:42:03,ICBP,RG,7250,10,D,KK,BB,D
14:42:03,ICBP,RG,7250,25,D,ES,BB,D
14:42:03,ICBP,RG,7250,5,D,SQ,BB,D
14:42:03,ICBP,RG,7250,2,D,PD,BB,D
14:42:03,ICBP,RG,7250,1,D,PD,BB,D
14:42:03,ICBP,RG,7250,1,D,YP,BB,D
14:42:03,ICBP,RG,7250,25,D,ES,BB,D
14:42:03,ICBP,RG,7250,2,D,LS,BB,D
14:42:03,ICBP,RG,7250,1,D,XC,BB,D
14:42:03,ICBP,RG,7250,1,D,PD,BB,D
14:42:03,ICBP,RG,7250,3,D,LG,BB,D
14:42:03,ICBP,RG,7250,30,D,DR,BB,D
14:42:03,ICBP,RG,7250,5,D,CC,BB,D
14:42:03,ICBP,RG,7250,1,D,PD,BB,D
14:42:03,ICBP,RG,7250,3,D,XC,BB,D
14:42:03,ICBP,RG,7250,20,D,LG,BB,D
14:42:03,ICBP,RG,7250,10,D,PD,BB,D
14:42:03,ICBP,RG,7250,1,D,YP,BB,D
14:42:03,ICBP,RG,7250,2,D,YP,BB,D
14:42:03,ICBP,RG,7250,1,D,YP,BB,D
14:42:03,ICBP,RG,7250,10,D,EP,BB,D
14:42:03,ICBP,RG,7250,906,D,EP,BB,D
14:42:03,ICBP,RG,7250,139,D,EP,BB,D
14:42:03,ICBP,RG,7250,108,D,EP,BB,D
14:42:03,ICBP,RG,7250,25,D,EP,BB,D
14:42:03,ICBP,RG,7250,27,D,EP,BB,D
14:42:03,ICBP,RG,7250,62,D,EP,BB,D
14:42:02,ICBP,RG,7275,5,D,ZP,SQ,D
14:42:02,ICBP,RG,7275,5,D,FS,SQ,D
14:42:01,ICBP,RG,7250,20,D,EP,YP,D
14:42:01,ICBP,RG,7250,1,D,EP,XC,D
14:42:01,ICBP,RG,7250,5,D,EP,DH,D
14:42:01,ICBP,RG,7250,28,D,EP,DX,F
14:42:00,ICBP,RG,7250,45,D,EP,SQ,D
14:42:00,ICBP,RG,7250,1102,D,EP,CC,D
14:41:59,ICBP,RG,7250,44,D,EP,AK,D
14:41:58,ICBP,RG,7250,1,D,EP,YP,D
14:41:58,ICBP,RG,7250,2487,D,EP,SQ,D
14:41:58,ICBP,RG,7250,1,D,AG,SQ,D
14:41:58,ICBP,RG,7250,1,D,NI,SQ,D
14:41:58,ICBP,RG,7250,5,D,PD,SQ,D
14:41:58,ICBP,RG,7250,1,D,KK,SQ,D
14:41:58,ICBP,RG,7250,3,D,LG,SQ,D
14:41:58,ICBP,RG,7250,1,D,KK,SQ,D
14:41:58,ICBP,RG,7250,25,D,YP,SQ,D
14:41:58,ICBP,RG,7250,208,D,YP,SQ,D
14:41:58,ICBP,RG,7250,3,D,YP,SQ,D
14:41:58,ICBP,RG,7250,5,D,XL,SQ,D
14:41:58,ICBP,RG,7250,5,D,SQ,SQ,D
14:41:58,ICBP,RG,7250,5,D,DH,SQ,D
14:41:58,ICBP,RG,7250,1,D,PD,SQ,D
14:41:58,ICBP,RG,7250,1,D,SQ,SQ,D
14:41:58,ICBP,RG,7250,1,D,YP,SQ,D
14:41:58,ICBP,RG,7250,1,D,YU,SQ,D
14:41:58,ICBP,RG,7250,100,D,SQ,SQ,D
14:41:58,ICBP,RG,7250,2,D,RG,SQ,D
14:41:58,ICBP,RG,7250,1,D,PD,SQ,D
14:41:58,ICBP,RG,7250,3,D,HP,SQ,D
14:41:58,ICBP,RG,7250,2,D,YP,SQ,D
14:41:58,ICBP,RG,7250,1,D,PD,SQ,D
14:41:58,ICBP,RG,7250,1,D,NI,SQ,D
14:41:58,ICBP,RG,7250,5,D,CC,SQ,D
14:41:58,ICBP,RG,7250,1,D,NI,SQ,D
14:41:58,ICBP,RG,7250,1,D,YP,SQ,D
14:41:58,ICBP,RG,7250,1,D,NI,SQ,D
14:41:58,ICBP,RG,7250,2,D,GR,SQ,D
14:41:58,ICBP,RG,7250,2,D,YP,SQ,D
14:41:58,ICBP,RG,7250,50,D,NI,SQ,D
14:41:58,ICBP,RG,7250,1,D,PD,SQ,D
14:41:58,ICBP,RG,7250,50,D,XL,SQ,D
14:41:58,ICBP,RG,7250,1,D,PD,SQ,D
14:41:58,ICBP,RG,7250,3,D,CC,SQ,D
14:41:58,ICBP,RG,7250,5,D,YP,SQ,D
14:41:58,ICBP,RG,7250,1,D,PD,SQ,D
14:41:58,ICBP,RG,7250,50,D,NI,SQ,D
14:41:58,ICBP,RG,7250,4,D,CC,SQ,D
14:41:58,ICBP,RG,7250,1,D,DH,SQ,D
14:41:58,ICBP,RG,7250,5,D,YU,SQ,D
14:41:58,ICBP,RG,7250,10,D,SQ,SQ,D
14:41:58,ICBP,RG,7250,3,D,HP,SQ,D
14:41:58,ICBP,RG,7250,2,D,KK,SQ,D
14:41:58,ICBP,RG,7250,1,D,CC,SQ,D
14:41:58,ICBP,RG,7250,5,D,KK,SQ,D
14:41:58,ICBP,RG,7250,5,D,CC,SQ,D
14:41:58,ICBP,RG,7250,300,D,PD,SQ,D
14:41:58,ICBP,RG,7250,5,D,XL,SQ,D
14:41:58,ICBP,RG,7250,2,D,GR,SQ,D
14:41:58,ICBP,RG,7250,10,D,GR,SQ,D
14:41:58,ICBP,RG,7250,1,D,PD,SQ,D
14:41:58,ICBP,RG,7250,5,D,NI,SQ,D
14:41:58,ICBP,RG,7250,3,D,GR,SQ,D
14:41:58,ICBP,RG,7250,1,D,XC,SQ,D
14:41:58,ICBP,RG,7250,1,D,CC,SQ,D
14:41:58,ICBP,RG,7250,50,D,YU,SQ,D
14:41:58,ICBP,RG,7250,20,D,EP,SQ,D
14:41:58,ICBP,RG,7250,1,D,XC,SQ,D
14:41:58,ICBP,RG,7250,100,D,CC,SQ,D
14:41:58,ICBP,RG,7250,1,D,PD,SQ,D
14:41:58,ICBP,RG,7250,5,D,YP,SQ,D
14:41:58,ICBP,RG,7250,1,D,XL,SQ,D
14:41:58,ICBP,RG,7250,1,D,CC,SQ,D
14:41:58,ICBP,RG,7250,200,D,KK,SQ,D
14:41:58,ICBP,RG,7250,10,D,YP,SQ,D
14:41:58,ICBP,RG,7250,1,D,YP,SQ,D
14:41:58,ICBP,RG,7250,5,D,SQ,SQ,D
14:41:58,ICBP,RG,7250,5,D,CC,SQ,D
14:41:58,ICBP,RG,7250,50,D,AG,SQ,D
14:41:58,ICBP,RG,7250,5,D,YP,SQ,D
14:41:58,ICBP,RG,7250,4,D,XL,SQ,D
14:41:58,ICBP,RG,7250,50,D,BQ,SQ,D
14:41:58,ICBP,RG,7250,10,D,SQ,SQ,D
14:41:58,ICBP,RG,7250,20,D,YP,SQ,D
14:41:58,ICBP,RG,7250,5,D,XL,SQ,D
14:41:58,ICBP,RG,7250,200,D,YP,SQ,D
14:41:58,ICBP,RG,7250,2,D,YP,SQ,D
14:41:58,ICBP,RG,7250,1,D,CC,SQ,D
14:41:58,ICBP,RG,7250,1,D,XC,SQ,D
14:41:58,ICBP,RG,7250,1,D,XC,SQ,D
14:41:58,ICBP,RG,7250,1,D,AT,SQ,D
14:41:58,ICBP,RG,7250,2,D,PD,SQ,D
14:41:58,ICBP,RG,7250,1,D,NI,SQ,D
14:41:58,ICBP,RG,7250,1,D,DH,SQ,D
14:41:58,ICBP,RG,7250,2,D,YP,SQ,D
14:41:58,ICBP,RG,7250,1,D,PD,SQ,D
14:41:58,ICBP,RG,7250,1,D,PD,SQ,D
14:41:58,ICBP,RG,7250,4,D,YP,SQ,D
14:41:58,ICBP,RG,7250,10,D,CC,SQ,D
14:41:58,ICBP,RG,7250,1,D,CP,SQ,D
14:41:58,ICBP,RG,7250,1,D,XC,SQ,D
14:41:58,ICBP,RG,7250,20,D,KK,SQ,D
14:41:58,ICBP,RG,7250,5,D,CC,SQ,D
14:41:58,ICBP,RG,7250,2,D,PD,SQ,D
14:41:58,ICBP,RG,7250,3,D,PD,SQ,D
14:41:58,ICBP,RG,7250,15,D,NI,SQ,D
14:41:58,ICBP,RG,7250,1,D,KK,SQ,D
14:41:58,ICBP,RG,7250,10,D,XC,SQ,D
14:41:58,ICBP,RG,7250,2,D,SQ,SQ,D
14:41:58,ICBP,RG,7250,10,D,YP,SQ,D
14:41:58,ICBP,RG,7250,5,D,YP,SQ,D
14:41:58,ICBP,RG,7250,5,D,YP,SQ,D
14:41:58,ICBP,RG,7250,100,D,SQ,SQ,D
14:41:58,ICBP,RG,7250,1,D,PD,SQ,D
14:41:58,ICBP,RG,7250,1,D,LG,SQ,D
14:41:58,ICBP,RG,7250,1,D,XC,SQ,D
14:41:58,ICBP,RG,7250,1,D,XC,SQ,D
14:41:58,ICBP,RG,7250,1,D,PD,SQ,D
14:41:58,ICBP,RG,7250,4,D,YP,SQ,D
14:41:58,ICBP,RG,7250,100,D,NI,SQ,D
14:41:58,ICBP,RG,7250,1,D,XL,SQ,D
14:41:58,ICBP,RG,7250,11,D,YP,SQ,D
14:41:58,ICBP,RG,7250,7,D,CC,SQ,D
14:41:58,ICBP,RG,7250,1,D,YP,SQ,D
14:41:58,ICBP,RG,7250,1,D,XC,SQ,D
14:41:58,ICBP,RG,7250,1,D,YP,SQ,D
14:41:58,ICBP,RG,7250,2,D,XC,SQ,D
14:41:58,ICBP,RG,7250,20,D,LG,SQ,D
14:41:58,ICBP,RG,7250,2,D,GR,SQ,D
14:41:58,ICBP,RG,7250,8,D,YP,SQ,D
14:41:58,ICBP,RG,7250,1,D,KK,SQ,D
14:41:58,ICBP,RG,7250,50,D,YP,SQ,D
14:41:58,ICBP,RG,7250,2,D,KK,SQ,D
14:41:58,ICBP,RG,7250,13,D,PD,SQ,D
14:41:58,ICBP,RG,7250,15,D,CC,SQ,D
14:41:58,ICBP,RG,7250,11,D,NI,SQ,D
14:41:58,ICBP,RG,7250,5,D,PD,SQ,D
14:41:58,ICBP,RG,7250,5,D,YP,SQ,D
14:41:58,ICBP,RG,7250,1,D,KK,SQ,D
14:41:58,ICBP,RG,7250,5,D,XL,SQ,D
14:41:58,ICBP,RG,7250,350,D,TP,SQ,D
14:41:58,ICBP,RG,7250,1,D,XC,SQ,D
14:41:58,ICBP,RG,7250,1,D,DH,SQ,D
14:41:58,ICBP,RG,7250,10,D,LG,SQ,D
14:41:58,ICBP,RG,7250,1,D,YP,SQ,D
14:41:58,ICBP,RG,7250,10,D,YP,SQ,D
14:41:58,ICBP,RG,7250,2,D,XC,SQ,D
14:41:58,ICBP,RG,7250,1,D,YP,SQ,D
14:41:58,ICBP,RG,7250,1,D,YP,CC,D
14:41:55,ICBP,RG,7250,20,D,SQ,AK,D
14:41:55,ICBP,RG,7250,3,D,CC,AK,D
14:41:55,ICBP,RG,7250,1,D,YP,AK,D
14:41:55,ICBP,RG,7250,5,D,NI,AK,D
14:41:55,ICBP,RG,7250,4,D,XC,AK,D
14:41:55,ICBP,RG,7250,1,D,YP,AK,D
14:41:55,ICBP,RG,7250,45,D,DH,AK,D
14:41:53,ICBP,RG,7250,55,D,DH,AK,D
14:41:53,ICBP,RG,7250,3,D,HP,AK,D
14:41:53,ICBP,RG,7250,5,D,YP,AK,D
14:41:53,ICBP,RG,7250,20,D,PC,AK,D
14:41:53,ICBP,RG,7250,5,D,YP,AK,D
14:41:53,ICBP,RG,7250,1,D,NI,AK,D
14:41:53,ICBP,RG,7250,2,D,YP,AK,D
14:41:53,ICBP,RG,7250,1,D,PD,AK,D
14:41:53,ICBP,RG,7250,50,D,AI,AK,D
14:41:53,ICBP,RG,7250,1,D,PD,AK,D
14:41:53,ICBP,RG,7250,1,D,PD,AK,D
14:41:53,ICBP,RG,7250,2,D,KK,AK,D
14:41:53,ICBP,RG,7250,2,D,GR,AK,D
14:41:53,ICBP,RG,7250,5,D,PD,AK,D
14:41:53,ICBP,RG,7250,14,D,YP,AK,D
14:41:53,ICBP,RG,7250,10,D,YP,SQ,D
14:41:53,ICBP,RG,7250,3,D,YP,XC,D
14:41:52,ICBP,RG,7275,3,D,YP,SQ,D
14:41:48,ICBP,RG,7250,6,D,YP,YP,D
14:41:46,ICBP,RG,7250,67,D,YP,KZ,F
14:41:46,ICBP,RG,7250,1,D,KK,KZ,F
14:41:46,ICBP,RG,7250,83,D,CC,KZ,F
14:41:46,ICBP,RG,7250,1,D,XC,KZ,F
14:41:46,ICBP,RG,7250,2,D,YP,KZ,F
14:41:46,ICBP,RG,7250,1,D,XC,KZ,F
14:41:46,ICBP,RG,7250,1,D,PD,KZ,F
14:41:46,ICBP,RG,7250,1,D,NI,KZ,F
14:41:46,ICBP,RG,7250,5,D,YP,KZ,F
14:41:46,ICBP,RG,7250,1,D,YP,KZ,F
14:41:46,ICBP,RG,7250,1,D,NI,KZ,F
14:41:46,ICBP,RG,7250,5,D,YU,KZ,F
14:41:46,ICBP,RG,7250,5,D,YP,KZ,F
14:41:46,ICBP,RG,7250,1,D,XC,KZ,F
14:41:46,ICBP,RG,7250,5,D,CC,KZ,F
14:41:46,ICBP,RG,7250,300,D,HP,KZ,F
14:41:46,ICBP,RG,7250,2,D,XC,KZ,F
14:41:46,ICBP,RG,7250,1,D,SQ,KZ,F
14:41:46,ICBP,RG,7250,1,D,PD,KZ,F
14:41:46,ICBP,RG,7250,1,D,YP,KZ,F
14:41:46,ICBP,RG,7250,1,D,PD,KZ,F
14:41:46,ICBP,RG,7250,8,D,GR,KZ,F
14:41:46,ICBP,RG,7250,1,D,NI,KZ,F
14:41:46,ICBP,RG,7250,1,D,YP,KZ,F
14:41:46,ICBP,RG,7250,1,D,YP,KZ,F
14:41:46,ICBP,RG,7250,1,D,PD,KZ,F
14:41:46,ICBP,RG,7250,10,D,CC,KZ,F
14:41:46,ICBP,RG,7250,1,D,YU,KZ,F
14:41:46,ICBP,RG,7250,1,D,PD,KZ,F
14:41:46,ICBP,RG,7250,4,D,XL,KZ,F
14:41:46,ICBP,RG,7250,6,D,PD,KZ,F
14:41:46,ICBP,RG,7250,3,D,YP,KZ,F
14:41:46,ICBP,RG,7250,1,D,GR,KZ,F
14:41:46,ICBP,RG,7250,1,D,PD,KZ,F
14:41:46,ICBP,RG,7250,5,D,LG,KZ,F
14:41:46,ICBP,RG,7250,10,D,GR,KZ,F
14:41:46,ICBP,RG,7250,1,D,YP,KZ,F
14:41:46,ICBP,RG,7250,5,D,PF,KZ,F
14:41:46,ICBP,RG,7250,8,D,CC,KZ,F
14:41:43,ICBP,RG,7250,2,D,CC,CS,D
14:41:43,ICBP,RG,7250,1,D,PD,CS,D
14:41:43,ICBP,RG,7250,1,D,PD,CS,D
14:41:43,ICBP,RG,7250,10,D,PD,CS,D
14:41:43,ICBP,RG,7250,1,D,KK,CS,D
14:41:43,ICBP,RG,7250,20,D,YP,CS,D
14:41:43,ICBP,RG,7250,10,D,XA,CS,D
14:41:43,ICBP,RG,7250,1,D,YP,CS,D
14:41:43,ICBP,RG,7250,1,D,YP,CS,D
14:41:43,ICBP,RG,7250,1,D,ZP,CS,D
14:41:43,ICBP,RG,7250,5,D,PD,CS,D
14:41:43,ICBP,RG,7250,11,D,YU,CS,D
14:41:41,ICBP,RG,7275,35,D,CC,SQ,D
14:41:39,ICBP,RG,7275,300,D,AI,SQ,D
14:41:38,ICBP,RG,7250,14,D,YU,AK,D
14:41:38,ICBP,RG,7250,28,D,YP,AK,D
14:41:38,ICBP,RG,7250,7,D,YP,AK,D
14:41:38,ICBP,RG,7250,10,D,DH,AK,D
14:41:38,ICBP,RG,7250,1,D,YP,AK,D
14:41:38,ICBP,RG,7250,5,D,NI,AK,D
14:41:38,ICBP,RG,7250,3,D,PD,AK,D
14:41:38,ICBP,RG,7250,1,D,YP,AK,D
14:41:38,ICBP,RG,7250,4,D,YP,AK,D
14:41:38,ICBP,RG,7250,10,D,CC,AK,D
14:41:38,ICBP,RG,7250,1,D,YP,AK,D
14:41:38,ICBP,RG,7250,1,D,XC,AK,D
14:41:38,ICBP,RG,7250,20,D,YP,AK,D
14:41:38,ICBP,RG,7250,3,D,DH,AK,D
14:41:38,ICBP,RG,7250,1,D,DH,AK,D
14:41:38,ICBP,RG,7250,10,D,YP,AK,D
14:41:38,ICBP,RG,7250,5,D,CC,AK,D
14:41:38,ICBP,RG,7250,10,D,PD,AK,D
14:41:38,ICBP,RG,7250,10,D,NI,AK,D
14:41:38,ICBP,RG,7250,2,D,GR,AK,D
14:41:38,ICBP,RG,7250,1,D,SQ,AK,D
14:41:38,ICBP,RG,7250,1,D,SQ,AK,D
14:41:38,ICBP,RG,7250,1,D,SQ,AK,D
14:41:38,ICBP,RG,7250,10,D,YP,AK,D
14:41:38,ICBP,RG,7250,1,D,KK,AK,D
14:41:38,ICBP,RG,7250,1,D,YP,AK,D
14:41:38,ICBP,RG,7250,2,D,YP,AK,D
14:41:38,ICBP,RG,7250,1,D,XC,AK,D
14:41:38,ICBP,RG,7250,2,D,CC,AK,D
14:41:38,ICBP,RG,7250,9,D,YP,AK,D
14:41:38,ICBP,RG,7250,1,D,YP,AK,D
14:41:38,ICBP,RG,7250,2,D,YP,AK,D
14:41:38,ICBP,RG,7250,1,D,CC,AK,D
14:41:38,ICBP,RG,7250,2,D,PD,AK,D
14:41:38,ICBP,RG,7250,1,D,YP,AK,D
14:41:37,ICBP,RG,7250,4,D,YP,AK,D
14:41:37,ICBP,RG,7250,100,D,CC,AK,D
14:41:37,ICBP,RG,7250,80,D,CC,AK,D
14:41:36,ICBP,RG,7275,28,D,PD,SQ,D
14:41:32,ICBP,RG,7250,20,D,CC,AK,D
14:41:32,ICBP,RG,7250,46,D,CC,AK,D
14:41:32,ICBP,RG,7250,1,D,CC,YP,D
14:41:32,ICBP,RG,7275,5,D,YP,SQ,D
14:41:28,ICBP,RG,7250,7,D,CC,XC,D
14:41:28,ICBP,RG,7275,250,D,YP,SQ,D
14:41:22,ICBP,RG,7275,3,D,NI,SQ,D
14:41:21,ICBP,RG,7250,1,D,CC,DX,F
14:41:21,ICBP,RG,7250,26,D,CC,DX,F
14:41:19,ICBP,RG,7250,3,D,CC,XC,D
14:41:18,ICBP,RG,7250,9,D,CC,BB,D
14:41:18,ICBP,RG,7275,3,D,SQ,SQ,D
14:41:15,ICBP,RG,7275,5,D,PD,SQ,D
14:41:14,ICBP,RG,7275,100,F,EP,SQ,D
14:41:13,ICBP,RG,7275,10,D,NI,SQ,D
14:41:12,ICBP,RG,7275,5,D,XC,SQ,D
14:41:10,ICBP,RG,7250,17,D,CC,AK,D
14:41:10,ICBP,RG,7250,30,D,YP,AK,D
14:41:10,ICBP,RG,7250,9,D,DR,AK,D
14:41:10,ICBP,RG,7250,1,D,KK,AK,D
14:41:10,ICBP,RG,7250,30,D,YP,AK,D
14:41:10,ICBP,RG,7250,40,D,LG,AK,D
14:41:10,ICBP,RG,7250,2,D,CC,AK,D
14:41:10,ICBP,RG,7250,1,D,PD,AK,D
14:41:10,ICBP,RG,7250,5,D,SQ,AK,D
14:41:10,ICBP,RG,7250,1,D,PD,AK,D
14:41:10,ICBP,RG,7250,2,D,OD,AK,D
14:41:10,ICBP,RG,7250,37,D,SQ,AK,D
14:41:10,ICBP,RG,7275,4,D,XC,SQ,D
14:41:10,ICBP,RG,7250,63,D,SQ,AK,D
14:41:10,ICBP,RG,7250,1,D,SQ,AK,D
14:41:10,ICBP,RG,7250,1,D,PD,AK,D
14:41:10,ICBP,RG,7250,2,D,KK,AK,D
14:41:10,ICBP,RG,7250,3,D,OD,AK,D
14:41:10,ICBP,RG,7250,1,D,PD,AK,D
14:41:10,ICBP,RG,7250,1,D,DH,AK,D
14:41:10,ICBP,RG,7250,5,D,CP,AK,D
14:41:10,ICBP,RG,7250,1,D,PD,AK,D
14:41:10,ICBP,RG,7250,5,D,CC,AK,D
14:41:10,ICBP,RG,7250,1,D,CP,AK,D
14:41:10,ICBP,RG,7250,2,D,KK,AK,D
14:41:10,ICBP,RG,7250,6,D,ES,AK,D
14:41:09,ICBP,RG,7250,13,D,ES,YP,D
14:41:09,ICBP,RG,7250,3,D,ES,AT,D
14:41:08,ICBP,RG,7275,2,D,PD,SQ,D
14:41:08,ICBP,RG,7250,1,D,ES,NI,D
14:41:08,ICBP,RG,7250,30,D,ES,PD,D
14:41:08,ICBP,RG,7250,147,D,ES,AK,F
14:41:08,ICBP,RG,7250,69,D,IP,AK,F
14:41:08,ICBP,RG,7250,4,D,GR,AK,F
14:41:08,ICBP,RG,7250,200,D,EP,AK,F
14:41:08,ICBP,RG,7250,9,D,AT,AK,F
14:41:08,ICBP,RG,7275,1,D,YP,SQ,D
14:41:06,ICBP,RG,7275,8,D,NI,SQ,D
14:41:06,ICBP,RG,7275,10,D,YP,SQ,D
14:41:06,ICBP,RG,7275,10,D,SQ,SQ,D
14:41:06,ICBP,RG,7275,10,D,CC,SQ,D
14:41:05,ICBP,RG,7275,2,D,KK,SQ,D
14:41:01,ICBP,RG,7275,50,D,TP,SQ,D
14:41:01,ICBP,RG,7275,1,D,XC,SQ,D
14:40:59,ICBP,RG,7275,152,D,CC,SQ,D
14:40:58,ICBP,RG,7275,5,D,YP,SQ,D
14:40:58,ICBP,RG,7275,1,D,XC,SQ,D
14:40:58,ICBP,RG,7275,1,D,YP,SQ,D
14:40:58,ICBP,RG,7275,2,D,YP,SQ,D
14:40:58,ICBP,RG,7275,2,D,YP,SQ,D
14:40:58,ICBP,RG,7275,10,D,PD,SQ,D
14:40:58,ICBP,RG,7275,1,D,PD,SQ,D
14:40:58,ICBP,RG,7275,18,F,ZP,SQ,D
14:40:58,ICBP,RG,7275,5,D,YU,SQ,D
14:40:58,ICBP,RG,7275,4,D,XC,SQ,D
14:40:58,ICBP,RG,7275,20,D,CC,SQ,D
14:40:58,ICBP,RG,7275,1,D,XC,SQ,D
14:40:58,ICBP,RG,7275,2,D,YP,SQ,D
14:40:58,ICBP,RG,7275,3,D,CC,SQ,D
14:40:58,ICBP,RG,7275,1,D,OD,SQ,D
14:40:58,ICBP,RG,7275,1,D,YP,SQ,D
14:40:58,ICBP,RG,7275,1,D,KK,SQ,D
14:40:58,ICBP,RG,7275,151,D,CC,SQ,D
14:40:58,ICBP,RG,7275,10,D,EP,SQ,D
14:40:58,ICBP,RG,7275,40,D,CC,SQ,D
14:40:58,ICBP,RG,7275,3,D,XC,SQ,D
14:40:58,ICBP,RG,7275,1,D,PD,SQ,D
14:40:58,ICBP,RG,7275,1,D,PD,SQ,D
14:40:58,ICBP,RG,7275,4,F,ZP,SQ,D
14:40:58,ICBP,RG,7275,10,D,SQ,SQ,D
14:40:58,ICBP,RG,7275,47,D,YP,SQ,D
14:40:58,ICBP,RG,7275,3,F,ZP,SQ,D
14:40:58,ICBP,RG,7275,2,D,PD,SQ,D
14:40:58,ICBP,RG,7275,5,D,TP,SQ,D
14:40:58,ICBP,RG,7275,5,D,YP,SQ,D
14:40:58,ICBP,RG,7275,1,D,XC,SQ,D
14:40:58,ICBP,RG,7275,1,D,CC,SQ,D
14:40:58,ICBP,RG,7275,5,D,PD,SQ,D
14:40:58,ICBP,RG,7275,1,D,YP,SQ,D
14:40:58,ICBP,RG,7275,10,D,YP,SQ,D
14:40:58,ICBP,RG,7275,2,D,PD,SQ,D
14:40:58,ICBP,RG,7275,10,D,ZP,SQ,D
14:40:58,ICBP,RG,7275,1,D,CC,SQ,D
14:40:58,ICBP,RG,7275,2,D,XC,SQ,D
14:40:58,ICBP,RG,7275,10,D,PD,SQ,D
14:40:58,ICBP,RG,7275,1,D,NI,SQ,D
14:40:58,ICBP,RG,7275,5,D,YP,SQ,D
14:40:58,ICBP,RG,7275,10,D,KK,SQ,D
14:40:58,ICBP,RG,7275,2,D,YP,SQ,D
14:40:58,ICBP,RG,7275,1,D,YP,SQ,D
14:40:58,ICBP,RG,7275,10,D,CC,SQ,D
14:40:58,ICBP,RG,7275,6,D,YP,SQ,D
14:40:58,ICBP,RG,7275,1,D,PD,SQ,D
14:40:58,ICBP,RG,7275,1,D,YP,SQ,D
14:40:58,ICBP,RG,7275,1,D,DH,SQ,D
14:40:58,ICBP,RG,7275,10,D,XL,SQ,D
14:40:58,ICBP,RG,7275,111,D,YP,SQ,D
14:40:58,ICBP,RG,7275,7,D,BQ,SQ,D
14:40:58,ICBP,RG,7275,50,D,YP,SQ,D
14:40:58,ICBP,RG,7275,1,D,XC,SQ,D
14:40:58,ICBP,RG,7275,3,D,EP,SQ,D
14:40:58,ICBP,RG,7275,2,D,PD,SQ,D
14:40:58,ICBP,RG,7275,50,D,YP,SQ,D
14:40:58,ICBP,RG,7275,1,D,XC,SQ,D
14:40:58,ICBP,RG,7275,10,D,YP,SQ,D
