Time,Stock,Brd,Price,Qty,BT,BC,SC,ST
15:12:09,ICBP,RG,8525,3,D,CC,CC,D
15:11:54,ICBP,RG,8525,7,D,CC,DR,D
15:09:02,ICBP,RG,8525,1,D,CC,XC,D
15:08:08,ICBP,RG,8525,10,D,CC,CC,D
15:05:20,ICBP,RG,8525,1,D,CC,NI,D
15:05:03,ICBP,RG,8525,16,D,CC,CC,D
15:05:03,ICBP,RG,8525,2,D,YP,CC,D
15:05:03,ICBP,RG,8525,2,D,XC,CC,D
15:05:03,ICBP,RG,8525,1,D,XC,CC,D
15:05:03,ICBP,RG,8525,1,D,KK,CC,D
15:05:03,ICBP,RG,8525,1,D,AZ,CC,D
15:05:03,ICBP,RG,8525,2,F,CS,CC,D
15:02:30,ICBP,RG,8525,1,F,CS,XC,D
15:02:13,ICBP,RG,8525,1,F,CS,XL,D
15:02:11,ICBP,RG,8525,9,F,CS,SQ,D
15:00:00,ICBP,RG,8525,3,F,CS,HP,D
15:00:00,ICBP,RG,8525,6,F,CS,XL,D
15:00:00,ICBP,RG,8525,2,F,CS,NI,D
15:00:00,ICBP,RG,8525,1,F,CS,AZ,D
15:00:00,ICBP,RG,8525,6,F,CS,YU,D
15:00:00,ICBP,RG,8525,9,F,CS,ZP,F
15:00:00,ICBP,RG,8525,4,F,CS,ZP,F
15:00:00,ICBP,RG,8525,72,F,CS,BK,F
15:00:00,ICBP,RG,8525,466,F,CS,CD,D
15:00:00,ICBP,RG,8525,1,D,XL,CD,D
15:00:00,ICBP,RG,8525,4,D,LG,CD,D
15:00:00,ICBP,RG,8525,2,D,LG,DX,F
15:00:00,ICBP,RG,8525,1,D,XL,DX,F
15:00:00,ICBP,RG,8525,1,D,NI,DX,F
15:00:00,ICBP,RG,8525,25,D,DR,DX,F
15:00:00,ICBP,RG,8525,300,D,SQ,DX,F
15:00:00,ICBP,RG,8525,5,D,XC,DX,F
15:00:00,ICBP,RG,8525,12,D,PD,DX,F
15:00:00,ICBP,RG,8525,1,D,SQ,DX,F
15:00:00,ICBP,RG,8525,1,D,XC,DX,F
15:00:00,ICBP,RG,8525,1,D,YP,DX,F
15:00:00,ICBP,RG,8525,10,D,XA,DX,F
15:00:00,ICBP,RG,8525,10,D,YP,DX,F
15:00:00,ICBP,RG,8525,3,D,XC,DX,F
15:00:00,ICBP,RG,8525,20,D,AZ,DX,F
15:00:00,ICBP,RG,8525,10,D,YP,DX,F
15:00:00,ICBP,RG,8525,10,D,DR,DX,F
15:00:00,ICBP,RG,8525,1,D,AZ,DX,F
15:00:00,ICBP,RG,8525,5,D,XC,DX,F
15:00:00,ICBP,RG,8525,5,D,SQ,DX,F
15:00:00,ICBP,RG,8525,20,D,YP,DX,F
15:00:00,ICBP,RG,8525,2,D,XL,DX,F
15:00:00,ICBP,RG,8525,10,D,YP,DX,F
15:00:00,ICBP,RG,8525,5,D,NI,DX,F
15:00:00,ICBP,RG,8525,3,D,AZ,DX,F
15:00:00,ICBP,RG,8525,5,D,PD,DX,F
15:00:00,ICBP,RG,8525,1,D,NI,DX,F
15:00:00,ICBP,RG,8525,1,D,YP,DX,F
15:00:00,ICBP,RG,8525,1,D,XC,DX,F
15:00:00,ICBP,RG,8525,3,D,YP,KZ,D
15:00:00,ICBP,RG,8525,2,D,AI,KZ,D
15:00:00,ICBP,RG,8525,2,D,LG,KZ,D
15:00:00,ICBP,RG,8525,1,D,XC,KZ,D
15:00:00,ICBP,RG,8525,3,D,CC,KZ,D
15:00:00,ICBP,RG,8525,50,D,AG,KZ,D
15:00:00,ICBP,RG,8525,29,D,KK,KZ,D
15:00:00,ICBP,RG,8525,25,D,YP,KZ,D
15:00:00,ICBP,RG,8525,1,D,DH,KZ,D
15:00:00,ICBP,RG,8525,5,D,LG,KZ,D
15:00:00,ICBP,RG,8525,1,D,XL,KZ,D
15:00:00,ICBP,RG,8525,1,D,DH,KZ,D
15:00:00,ICBP,RG,8525,12,D,CC,KZ,D
15:00:00,ICBP,RG,8525,1,D,AT,KZ,D
15:00:00,ICBP,RG,8525,14,F,DX,KZ,D
15:00:00,ICBP,RG,8525,15,F,DX,OD,D
15:00:00,ICBP,RG,8525,298,F,BK,OD,D
15:00:00,ICBP,RG,8525,89,F,BK,OD,D
15:00:00,ICBP,RG,8525,302,F,BK,OD,D
15:00:00,ICBP,RG,8525,7,F,BK,BK,D
15:00:00,ICBP,RG,8525,1,F,BK,BK,F
15:00:00,ICBP,RG,8525,69,F,BK,BK,F
15:00:00,ICBP,RG,8525,4,F,BK,DX,F
15:00:00,ICBP,RG,8525,215,F,BK,DX,F
15:00:00,ICBP,RG,8525,32,F,BK,BB,D
15:00:00,ICBP,RG,8525,15,F,BK,AK,F
15:00:00,ICBP,RG,8525,242,F,BK,AK,F
15:00:00,ICBP,RG,8525,8,F,BK,AK,F
15:00:00,ICBP,RG,8525,2,F,DX,AK,F
15:00:00,ICBP,RG,8525,1,F,DX,AK,F
15:00:00,ICBP,RG,8525,9,F,ZP,AK,F
15:00:00,ICBP,RG,8525,16,F,ZP,AK,F
15:00:00,ICBP,RG,8525,39,F,ZP,ZP,F
15:00:00,ICBP,RG,8525,1,F,ZP,YU,D
15:00:00,ICBP,RG,8525,19,F,ZP,YU,D
15:00:00,ICBP,RG,8525,1,D,AZ,YU,D
15:00:00,ICBP,RG,8525,323,F,RX,YU,D
15:00:00,ICBP,RG,8525,131,D,DR,YU,D
15:00:00,ICBP,RG,8525,200,D,YU,YU,D
15:00:00,ICBP,RG,8525,36,F,ZP,YU,D
15:00:00,ICBP,RG,8525,85,D,LG,YU,D
14:49:55,ICBP,RG,8525,3,D,XC,CS,F
14:49:54,ICBP,RG,8525,4,F,BK,CS,F
14:49:50,ICBP,RG,8525,6,F,BK,CS,F
14:49:49,ICBP,RG,8500,14,D,XL,DX,F
14:49:49,ICBP,RG,8500,2,D,XC,DX,F
14:49:49,ICBP,RG,8500,18,D,CC,DX,F
14:49:49,ICBP,RG,8525,2,D,CC,CS,F
14:49:49,ICBP,RG,8500,2,D,CC,DX,F
14:49:48,ICBP,RG,8500,2,D,CC,DX,F
14:49:45,ICBP,RG,8500,1,D,CC,AK,F
14:49:45,ICBP,RG,8500,1,D,YP,AK,F
14:49:34,ICBP,RG,8500,1,D,YP,RX,D
14:49:34,ICBP,RG,8500,1,D,YP,RX,D
14:49:34,ICBP,RG,8500,2,D,PD,RX,D
14:49:34,ICBP,RG,8500,8,D,PD,RX,D
14:49:31,ICBP,RG,8525,1,D,XC,CS,F
14:49:31,ICBP,RG,8500,2,D,PD,ZP,F
14:49:30,ICBP,RG,8500,1,D,PD,ZP,F
14:49:29,ICBP,RG,8500,3,D,PD,RX,D
14:49:27,ICBP,RG,8525,13,F,DX,CS,F
14:49:27,ICBP,RG,8500,2,D,PD,BK,F
14:49:24,ICBP,RG,8525,4,F,BK,CS,F
14:49:21,ICBP,RG,8525,4,F,ZP,CS,F
14:49:21,ICBP,RG,8525,2,F,ZP,DX,F
14:49:21,ICBP,RG,8525,7,F,ZP,DX,F
14:49:20,ICBP,RG,8525,1,D,XC,DX,F
14:49:19,ICBP,RG,8500,4,D,PD,RX,D
14:49:17,ICBP,RG,8525,6,F,BK,DX,F
14:49:17,ICBP,RG,8525,6,F,DX,DX,F
14:49:17,ICBP,RG,8525,15,D,YP,DX,F
14:49:17,ICBP,RG,8525,35,D,YP,DX,F
14:49:15,ICBP,RG,8500,30,D,PD,BB,D
14:49:15,ICBP,RG,8500,30,D,DR,BB,D
14:49:15,ICBP,RG,8500,1,D,DH,BB,D
14:49:15,ICBP,RG,8500,1,D,HP,BB,D
14:49:15,ICBP,RG,8500,2,D,YP,BB,D
14:49:15,ICBP,RG,8500,1,D,XC,BB,D
14:49:15,ICBP,RG,8500,1,D,DH,BB,D
14:49:15,ICBP,RG,8500,10,D,NI,BB,D
14:49:15,ICBP,RG,8500,2,D,EP,BB,D
14:49:15,ICBP,RG,8500,5,D,KK,BB,D
14:49:10,ICBP,RG,8500,1,D,KK,BB,D
14:49:10,ICBP,RG,8500,4,D,KK,RX,D
14:49:10,ICBP,RG,8525,6,D,PC,DX,F
14:49:08,ICBP,RG,8525,11,D,PD,DX,F
14:49:08,ICBP,RG,8525,4,F,BK,DX,F
14:49:06,ICBP,RG,8525,1,D,BB,DX,F
14:49:05,ICBP,RG,8500,5,D,NI,DX,F
14:49:05,ICBP,RG,8500,2,D,XC,DX,F
14:49:05,ICBP,RG,8500,1,D,XC,DX,F
14:49:05,ICBP,RG,8500,2,D,XC,DX,F
14:49:04,ICBP,RG,8500,6,D,XL,BB,D
14:49:04,ICBP,RG,8500,1,D,CC,BB,D
14:49:04,ICBP,RG,8500,8,D,AG,BB,D
14:49:04,ICBP,RG,8500,10,D,AG,BK,F
14:49:03,ICBP,RG,8525,18,F,BK,DX,F
14:49:03,ICBP,RG,8525,56,F,BK,DX,F
14:49:03,ICBP,RG,8525,2,F,BK,BK,F
14:49:03,ICBP,RG,8525,11,F,BK,DX,F
14:49:03,ICBP,RG,8525,2,F,BK,ZP,F
14:49:02,ICBP,RG,8500,6,D,AG,BK,F
14:49:00,ICBP,RG,8500,1,D,AG,AK,D
14:49:00,ICBP,RG,8500,1,D,AG,AK,D
14:49:00,ICBP,RG,8500,7,D,AG,AK,D
14:49:00,ICBP,RG,8500,17,D,AG,AK,D
14:49:00,ICBP,RG,8500,2,D,LG,AK,D
14:49:00,ICBP,RG,8500,10,D,LG,AK,D
14:49:00,ICBP,RG,8500,1,D,DR,AK,D
14:49:00,ICBP,RG,8500,3,D,AT,AK,D
14:49:00,ICBP,RG,8500,5,D,AT,AK,D
14:49:00,ICBP,RG,8500,2,D,AT,AK,F
14:49:00,ICBP,RG,8500,3,D,YU,AK,F
14:49:00,ICBP,RG,8500,1,D,YU,AK,D
14:49:00,ICBP,RG,8500,9,D,YU,AK,D
14:49:00,ICBP,RG,8500,1,D,YU,AK,D
14:49:00,ICBP,RG,8500,1,D,YU,AK,D
14:49:00,ICBP,RG,8500,1,D,YU,AK,D
14:48:59,ICBP,RG,8500,3,D,YU,RX,D
14:48:59,ICBP,RG,8500,5,D,YU,AK,D
14:48:59,ICBP,RG,8500,1,D,YU,AK,D
14:48:59,ICBP,RG,8500,1,D,YU,AK,D
14:48:59,ICBP,RG,8500,2,D,YU,AK,D
14:48:58,ICBP,RG,8525,1,F,BK,ZP,F
14:48:58,ICBP,RG,8525,4,F,BK,BB,D
14:48:58,ICBP,RG,8525,1,F,BK,ZP,F
14:48:58,ICBP,RG,8525,3,F,BK,ZP,F
14:48:58,ICBP,RG,8525,1,F,BK,ZP,F
14:48:58,ICBP,RG,8525,2,F,BK,AK,D
14:48:55,ICBP,RG,8500,1,D,YU,AK,D
14:48:55,ICBP,RG,8525,4,D,EP,AK,D
14:48:55,ICBP,RG,8525,6,D,EP,AK,D
14:48:55,ICBP,RG,8500,11,D,YU,CS,F
14:48:55,ICBP,RG,8500,5,D,LS,CS,F
14:48:55,ICBP,RG,8500,1,D,YP,CS,F
14:48:55,ICBP,RG,8500,1,D,YP,CS,F
14:48:55,ICBP,RG,8500,1,D,PD,CS,F
14:48:55,ICBP,RG,8500,10,D,PD,CS,F
14:48:55,ICBP,RG,8500,1,D,PD,CS,F
14:48:55,ICBP,RG,8500,2,D,PD,CS,F
14:48:55,ICBP,RG,8500,2,D,YP,CS,F
14:48:55,ICBP,RG,8500,3,D,PD,CS,F
14:48:55,ICBP,RG,8500,6,D,PD,CS,F
14:48:55,ICBP,RG,8500,3,D,PD,CS,F
14:48:55,ICBP,RG,8500,10,D,PD,CS,F
14:48:55,ICBP,RG,8500,1,D,ZP,CS,F
14:48:55,ICBP,RG,8500,5,D,YP,CS,F
14:48:55,ICBP,RG,8500,1,D,PD,CS,F
14:48:55,ICBP,RG,8500,20,D,PD,CS,F
14:48:55,ICBP,RG,8500,3,D,KK,CS,F
14:48:55,ICBP,RG,8500,50,D,DX,CS,F
14:48:55,ICBP,RG,8500,2,D,KK,CS,F
14:48:55,ICBP,RG,8500,5,D,SQ,CS,F
14:48:55,ICBP,RG,8500,1,D,KK,CS,F
14:48:55,ICBP,RG,8500,1,D,DH,CS,F
14:48:55,ICBP,RG,8500,5,D,DR,CS,F
14:48:55,ICBP,RG,8500,1,D,EP,CS,F
14:48:55,ICBP,RG,8500,1,D,EP,CS,F
14:48:55,ICBP,RG,8500,5,D,IF,CS,F
14:48:55,ICBP,RG,8500,14,D,YP,CS,F
14:48:55,ICBP,RG,8500,1,D,DR,CS,F
14:48:55,ICBP,RG,8500,1,D,XL,CS,F
14:48:55,ICBP,RG,8500,2,D,AZ,CS,F
14:48:55,ICBP,RG,8500,5,D,YP,CS,F
14:48:55,ICBP,RG,8500,5,D,PD,CS,F
14:48:55,ICBP,RG,8500,1,D,PD,CS,F
14:48:55,ICBP,RG,8500,3,D,XC,CS,F
14:48:55,ICBP,RG,8500,2,D,CP,CS,F
14:48:55,ICBP,RG,8500,1,D,XC,CS,F
14:48:55,ICBP,RG,8500,1,D,YP,CS,F
14:48:55,ICBP,RG,8500,10,D,YP,CS,F
14:48:55,ICBP,RG,8500,3,D,CC,CS,F
14:48:55,ICBP,RG,8500,40,D,TP,CS,F
14:48:55,ICBP,RG,8500,1,D,XC,CS,F
14:48:55,ICBP,RG,8500,1,D,XC,CS,F
14:48:55,ICBP,RG,8500,1,D,XC,CS,F
14:48:55,ICBP,RG,8500,5,D,XL,CS,F
14:48:55,ICBP,RG,8500,250,D,CC,CS,F
14:48:55,ICBP,RG,8500,1,D,XC,CS,F
14:48:55,ICBP,RG,8500,1,D,NI,CS,F
14:48:55,ICBP,RG,8500,1,D,PD,CS,F
14:48:55,ICBP,RG,8500,10,D,NI,CS,F
14:48:55,ICBP,RG,8500,1,D,XL,CS,F
14:48:55,ICBP,RG,8500,2,D,SQ,CS,F
14:48:55,ICBP,RG,8500,15,D,YP,CS,F
14:48:55,ICBP,RG,8500,2,D,XC,CS,F
14:48:55,ICBP,RG,8500,5,D,YP,CS,F
14:48:55,ICBP,RG,8500,1,D,XL,CS,F
14:48:55,ICBP,RG,8500,1,D,XC,CS,F
14:48:55,ICBP,RG,8500,1,D,XC,CS,F
14:48:55,ICBP,RG,8500,1,D,DH,CS,F
14:48:55,ICBP,RG,8500,2,D,DX,CS,F
14:48:55,ICBP,RG,8500,1,D,KK,CS,F
14:48:55,ICBP,RG,8500,1,D,CC,CS,F
14:48:55,ICBP,RG,8500,2,D,PD,CS,F
14:48:55,ICBP,RG,8500,1,D,ZP,CS,F
14:48:55,ICBP,RG,8500,100,D,KK,CS,F
14:48:55,ICBP,RG,8500,2,D,XC,CS,F
14:48:55,ICBP,RG,8500,100,D,YP,CS,F
14:48:55,ICBP,RG,8500,5,D,PD,CS,F
14:48:54,ICBP,RG,8500,10,D,GR,CS,F
14:48:54,ICBP,RG,8500,3,D,NI,CS,F
14:48:54,ICBP,RG,8500,2,D,XL,CS,F
14:48:54,ICBP,RG,8500,1,D,NI,CS,F
14:48:54,ICBP,RG,8500,100,D,PD,CS,F
14:48:54,ICBP,RG,8500,2,D,NI,CS,F
14:48:54,ICBP,RG,8500,1,D,YP,CS,F
14:48:54,ICBP,RG,8500,1,D,CC,CS,F
14:48:54,ICBP,RG,8500,5,D,PD,CS,F
14:48:54,ICBP,RG,8500,1,D,NI,CS,F
14:48:54,ICBP,RG,8500,2,D,GR,CS,F
14:48:54,ICBP,RG,8500,5,D,XC,CS,F
14:48:54,ICBP,RG,8500,10,D,YP,CS,F
14:48:54,ICBP,RG,8500,2,D,YP,CS,F
14:48:54,ICBP,RG,8500,1,D,XC,CS,F
14:48:54,ICBP,RG,8500,20,D,TP,CS,F
14:48:54,ICBP,RG,8500,1,D,SQ,CS,F
14:48:54,ICBP,RG,8500,1,D,PD,CS,F
14:48:54,ICBP,RG,8500,5,D,XC,CS,F
14:48:54,ICBP,RG,8500,10,D,PD,CS,F
14:48:54,ICBP,RG,8500,2,D,XL,CS,F
14:48:54,ICBP,RG,8500,10,D,CC,CS,F
14:48:54,ICBP,RG,8500,1,D,XL,CS,F
14:48:54,ICBP,RG,8500,1,D,EP,CS,F
14:48:54,ICBP,RG,8500,1,D,GR,CS,F
14:48:54,ICBP,RG,8500,75,D,OD,CS,F
14:48:54,ICBP,RG,8500,1,D,CP,CS,F
14:48:54,ICBP,RG,8500,15,D,KK,CS,F
14:48:54,ICBP,RG,8500,1,D,NI,CS,F
14:48:54,ICBP,RG,8500,2,D,YU,CS,F
14:48:54,ICBP,RG,8500,1,D,XL,CS,F
14:48:54,ICBP,RG,8500,11,D,CP,CS,F
14:48:54,ICBP,RG,8500,40,D,PD,CS,F
14:48:54,ICBP,RG,8500,1,D,PD,CS,F
14:48:54,ICBP,RG,8500,3,D,YP,CS,F
14:48:54,ICBP,RG,8500,2,D,CC,CS,F
14:48:54,ICBP,RG,8500,20,D,PD,CS,F
14:48:54,ICBP,RG,8500,50,D,DH,CS,F
14:48:54,ICBP,RG,8500,1,D,XC,CS,F
14:48:54,ICBP,RG,8500,1,D,PD,CS,F
14:48:54,ICBP,RG,8500,12,D,XC,CS,F
14:48:54,ICBP,RG,8500,2,D,SQ,CS,F
14:48:54,ICBP,RG,8500,4,D,PD,CS,F
14:48:54,ICBP,RG,8500,5,D,PD,CS,F
14:48:54,ICBP,RG,8500,1,D,PD,CS,F
14:48:54,ICBP,RG,8500,5,D,KK,CS,F
14:48:54,ICBP,RG,8500,12,D,XL,CS,F
14:48:54,ICBP,RG,8500,1,D,PD,CS,F
14:48:54,ICBP,RG,8500,2,D,XC,CS,F
14:48:54,ICBP,RG,8500,2,D,NI,CS,F
14:48:54,ICBP,RG,8500,4,D,XL,CS,F
14:48:54,ICBP,RG,8500,1,D,CC,CS,F
14:48:54,ICBP,RG,8500,10,D,XC,CS,F
14:48:54,ICBP,RG,8500,5,D,YP,CS,F
14:48:54,ICBP,RG,8500,4,D,SQ,CS,F
14:48:54,ICBP,RG,8500,10,D,TP,CS,F
14:48:54,ICBP,RG,8500,30,D,PD,CS,F
14:48:54,ICBP,RG,8500,2,D,YP,CS,F
14:48:54,ICBP,RG,8500,2,D,CP,CS,F
14:48:54,ICBP,RG,8500,2,F,SQ,CS,F
14:48:54,ICBP,RG,8500,5,D,PD,CS,F
14:48:54,ICBP,RG,8500,1,D,XC,CS,F
14:48:54,ICBP,RG,8500,10,D,YU,CS,F
14:48:54,ICBP,RG,8500,1,D,LG,CS,F
14:48:54,ICBP,RG,8500,10,D,CC,CS,F
14:48:54,ICBP,RG,8500,1,D,PD,CS,F
14:48:54,ICBP,RG,8500,5,D,ZP,CS,F
14:48:54,ICBP,RG,8500,1,D,EP,CS,F
14:48:54,ICBP,RG,8500,1,D,XC,CS,F
14:48:54,ICBP,RG,8500,1,D,XC,CS,F
14:48:54,ICBP,RG,8500,1,D,YP,CS,F
14:48:54,ICBP,RG,8500,1,D,YP,CS,F
14:48:54,ICBP,RG,8500,10,D,NI,CS,F
14:48:54,ICBP,RG,8500,1,D,GR,CS,F
14:48:54,ICBP,RG,8500,1,D,YP,CS,F
14:48:54,ICBP,RG,8500,3,D,GR,CS,F
14:48:54,ICBP,RG,8500,2,D,YP,CS,F
14:48:54,ICBP,RG,8500,10,D,KK,CS,F
14:48:54,ICBP,RG,8500,1,D,XC,CS,F
14:48:54,ICBP,RG,8500,3,D,XL,CS,F
14:48:54,ICBP,RG,8500,1,D,NI,CS,F
14:48:54,ICBP,RG,8500,4,D,YP,CS,F
14:48:54,ICBP,RG,8500,2,D,KK,CS,F
14:48:54,ICBP,RG,8500,1,D,YP,CS,F
14:48:54,ICBP,RG,8500,5,D,XC,CS,F
14:48:54,ICBP,RG,8500,10,D,GR,CS,F
14:48:54,ICBP,RG,8500,1,D,XL,CS,F
14:48:54,ICBP,RG,8500,1,D,CC,CS,F
14:48:54,ICBP,RG,8500,2,D,XL,CS,F
14:48:54,ICBP,RG,8500,2,D,XL,CS,F
14:48:54,ICBP,RG,8500,10,D,CC,CS,F
14:48:54,ICBP,RG,8500,10,D,YP,CS,F
14:48:54,ICBP,RG,8500,2,D,SQ,CS,F
14:48:54,ICBP,RG,8500,1,D,XC,CS,F
14:48:54,ICBP,RG,8500,2,D,PD,CS,F
14:48:54,ICBP,RG,8500,1,D,PD,CS,F
14:48:54,ICBP,RG,8500,2,D,KK,CS,F
14:48:54,ICBP,RG,8500,1,D,XC,CS,F
14:48:54,ICBP,RG,8500,1,D,YP,CS,F
14:48:54,ICBP,RG,8500,1,D,EP,CS,F
14:48:54,ICBP,RG,8500,10,D,RO,CS,F
14:48:54,ICBP,RG,8500,3,D,XC,CS,F
14:48:54,ICBP,RG,8500,6,D,XL,CS,F
14:48:54,ICBP,RG,8500,10,D,SQ,CS,F
14:48:54,ICBP,RG,8500,1,D,YP,CS,F
14:48:54,ICBP,RG,8500,5,D,YP,CS,F
14:48:54,ICBP,RG,8500,5,D,PD,CS,F
14:48:54,ICBP,RG,8500,2,D,PD,CS,F
14:48:54,ICBP,RG,8500,1,D,YP,CS,F
14:48:54,ICBP,RG,8500,5,D,YP,CS,F
14:48:54,ICBP,RG,8500,10,D,PD,CS,F
14:48:54,ICBP,RG,8500,12,D,GR,CS,F
14:48:54,ICBP,RG,8500,2,D,PD,CS,F
14:48:54,ICBP,RG,8500,15,D,XC,CS,F
14:48:54,ICBP,RG,8500,1,D,XC,CS,F
14:48:54,ICBP,RG,8500,5,D,PD,CS,F
14:48:54,ICBP,RG,8525,8,F,BK,CS,F
14:48:54,ICBP,RG,8525,1,D,XC,CS,F
14:48:54,ICBP,RG,8525,1,D,KK,CS,F
14:48:54,ICBP,RG,8525,271,F,CC,CS,F
14:48:54,ICBP,RG,8525,5,D,EP,CS,F
14:48:54,ICBP,RG,8525,24,D,XC,CS,F
14:48:54,ICBP,RG,8525,10,F,BK,CS,F
14:48:54,ICBP,RG,8525,1,D,XL,CS,F
14:48:54,ICBP,RG,8525,1,D,LG,CS,F
14:48:54,ICBP,RG,8525,25,D,YP,CS,F
14:48:54,ICBP,RG,8525,20,D,CC,CS,F
14:48:54,ICBP,RG,8525,10,D,CC,CS,F
14:48:54,ICBP,RG,8525,5,D,XC,CS,F
14:48:54,ICBP,RG,8525,15,D,PD,CS,F
14:48:54,ICBP,RG,8525,2,D,BB,CS,F
14:48:54,ICBP,RG,8525,1,D,YP,CS,F
14:48:54,ICBP,RG,8525,3,D,YP,CS,F
14:48:54,ICBP,RG,8525,2,D,BK,CS,F
14:48:54,ICBP,RG,8525,303,F,BK,CS,F
14:48:53,ICBP,RG,8525,79,F,BK,DX,F
14:48:52,ICBP,RG,8525,20,F,BK,BB,D
14:48:50,ICBP,RG,8525,4,F,BK,RX,D
14:48:50,ICBP,RG,8525,2,F,BK,AK,D
14:48:49,ICBP,RG,8550,2,D,XL,DX,F
14:48:45,ICBP,RG,8525,3,F,BK,AK,F
14:48:45,ICBP,RG,8525,1,F,BK,AK,F
14:48:41,ICBP,RG,8525,2,F,BK,RX,D
14:48:40,ICBP,RG,8525,10,F,BK,BK,F
14:48:39,ICBP,RG,8525,22,F,BK,AK,D
14:48:39,ICBP,RG,8525,2,F,BK,RX,D
14:48:36,ICBP,RG,8525,11,F,BK,BB,D
14:48:35,ICBP,RG,8550,4,D,YP,DX,F
14:48:35,ICBP,RG,8525,1,F,BK,AK,D
14:48:35,ICBP,RG,8525,4,D,XL,AK,D
14:48:31,ICBP,RG,8550,2,D,BK,DX,F
14:48:28,ICBP,RG,8525,1,D,XL,BB,D
14:48:28,ICBP,RG,8525,17,D,ID,BB,D
14:48:28,ICBP,RG,8525,4,D,ID,RX,D
14:48:22,ICBP,RG,8550,6,F,DX,DX,F
14:48:19,ICBP,RG,8525,2,D,ID,AK,D
14:48:18,ICBP,RG,8525,3,D,ID,RX,D
14:48:15,ICBP,RG,8525,20,D,ID,BB,D
14:48:14,ICBP,RG,8525,156,D,ID,DX,D
14:48:12,ICBP,RG,8550,1,D,BB,DX,F
14:48:10,ICBP,RG,8525,22,D,ID,AK,D
14:48:10,ICBP,RG,8525,1,D,ID,AK,D
14:48:10,ICBP,RG,8525,10,D,ID,BK,F
14:48:08,ICBP,RG,8525,3,D,ID,RX,D
14:48:04,ICBP,RG,8525,104,D,ID,KZ,D
14:48:04,ICBP,RG,8525,14,D,ID,KZ,D
14:48:04,ICBP,RG,8525,9,D,ID,KZ,D
14:48:01,ICBP,RG,8525,3,D,ID,AK,D
14:48:01,ICBP,RG,8525,103,D,ID,BB,D
14:48:01,ICBP,RG,8525,2,D,BK,BB,D
14:48:01,ICBP,RG,8525,2,F,ZP,BB,D
14:48:01,ICBP,RG,8525,2,D,BB,BB,D
14:48:01,ICBP,RG,8525,1,F,ZP,BB,D
14:48:01,ICBP,RG,8525,1,D,BB,BB,D
14:48:01,ICBP,RG,8525,2,D,XC,BB,D
14:48:01,ICBP,RG,8525,5,D,XC,BB,D
14:48:01,ICBP,RG,8525,5,F,ZP,BB,D
14:48:01,ICBP,RG,8525,30,D,YU,BB,D
14:48:00,ICBP,RG,8525,1,D,YU,AK,D
14:48:00,ICBP,RG,8525,3,D,YU,AK,F
14:48:00,ICBP,RG,8525,5,D,YU,AK,F
14:48:00,ICBP,RG,8525,1,D,YU,AK,F
14:47:59,ICBP,RG,8525,4,D,YU,RX,D
14:47:58,ICBP,RG,8550,1,D,BK,DX,F
14:47:55,ICBP,RG,8550,9,D,ZP,DX,F
14:47:55,ICBP,RG,8550,4,D,ZP,DX,F
14:47:50,ICBP,RG,8525,6,D,YU,BK,F
14:47:50,ICBP,RG,8525,3,D,CP,BK,F
14:47:50,ICBP,RG,8525,4,D,CP,RX,D
14:47:47,ICBP,RG,8525,1,D,CP,CS,D
14:47:47,ICBP,RG,8525,2,D,CP,AK,D
14:47:47,ICBP,RG,8525,13,D,YP,AK,D
14:47:46,ICBP,RG,8550,2,F,ZP,DX,F
14:47:45,ICBP,RG,8525,75,D,YP,AK,D
14:47:45,ICBP,RG,8525,8,D,YP,AK,D
14:47:45,ICBP,RG,8525,1,D,YP,AK,F
14:47:41,ICBP,RG,8550,14,D,ZP,DX,F
14:47:40,ICBP,RG,8525,3,D,YP,RX,D
14:47:39,ICBP,RG,8550,5,D,ZP,DX,F
14:47:37,ICBP,RG,8525,5,D,XC,CS,D
14:47:31,ICBP,RG,8525,1,D,BK,RX,D
14:47:31,ICBP,RG,8525,3,F,CS,RX,D
14:47:30,ICBP,RG,8525,26,F,CS,AK,D
14:47:30,ICBP,RG,8525,2,F,CS,AK,F
14:47:30,ICBP,RG,8550,15,F,AK,DX,F
14:47:30,ICBP,RG,8550,2,F,AK,DX,F
14:47:30,ICBP,RG,8550,1,F,AK,ZP,F
14:47:30,ICBP,RG,8550,52,F,AK,DX,F
14:47:30,ICBP,RG,8550,3,F,AK,AK,F
14:47:30,ICBP,RG,8525,1,F,CS,CS,D
14:47:30,ICBP,RG,8550,158,D,CC,AK,F
14:47:30,ICBP,RG,8550,1,D,BB,AK,F
14:47:24,ICBP,RG,8525,2,F,CS,CS,D
14:47:24,ICBP,RG,8525,2,F,CS,CS,D
14:47:24,ICBP,RG,8525,3,F,CS,CS,D
14:47:24,ICBP,RG,8525,1,F,CS,CS,D
14:47:22,ICBP,RG,8525,3,F,CS,RX,D
14:47:22,ICBP,RG,8525,4,F,CS,AK,D
14:47:21,ICBP,RG,8550,20,D,ZP,AK,F
14:47:15,ICBP,RG,8525,10,F,CS,BK,F
14:47:15,ICBP,RG,8525,1,F,CS,AK,D
14:47:12,ICBP,RG,8525,5,F,CS,RX,D
14:47:11,ICBP,RG,8525,1,F,CS,CS,D
14:47:03,ICBP,RG,8525,1,F,CS,CS,D
14:47:03,ICBP,RG,8525,7,F,CS,CS,D
14:47:00,ICBP,RG,8525,5,F,CS,RX,D
14:47:00,ICBP,RG,8525,2,F,CS,AK,F
14:46:53,ICBP,RG,8525,62,F,CS,DX,F
14:46:49,ICBP,RG,8525,4,F,CS,RX,D
14:46:48,ICBP,RG,8525,10,F,CS,BK,F
14:46:45,ICBP,RG,8525,1,F,CS,AK,F
14:46:42,ICBP,RG,8550,9,D,ZP,AK,F
14:46:39,ICBP,RG,8525,30,F,CS,KZ,D
14:46:39,ICBP,RG,8525,1,D,XC,KZ,D
14:46:39,ICBP,RG,8525,1,F,ZP,KZ,D
14:46:39,ICBP,RG,8525,24,D,CC,KZ,D
14:46:39,ICBP,RG,8525,8,D,CC,KZ,D
14:46:39,ICBP,RG,8525,2,D,CC,KZ,D
14:46:38,ICBP,RG,8525,3,D,CC,RX,D
14:46:33,ICBP,RG,8525,11,D,CC,CS,D
14:46:30,ICBP,RG,8525,5,D,CC,AK,F
14:46:29,ICBP,RG,8525,1,D,CC,PD,D
14:46:28,ICBP,RG,8525,1,D,CC,AK,D
14:46:27,ICBP,RG,8525,4,D,CC,RX,D
14:46:19,ICBP,RG,8550,12,D,ZP,AK,F
14:46:16,ICBP,RG,8525,5,D,CC,RX,D
14:46:14,ICBP,RG,8525,34,D,CC,KZ,D
14:46:14,ICBP,RG,8525,54,D,CC,KZ,D
14:46:14,ICBP,RG,8525,6,D,CC,KZ,D
14:46:14,ICBP,RG,8525,5,D,PD,KZ,D
14:46:14,ICBP,RG,8525,1,F,ZP,KZ,D
14:46:14,ICBP,RG,8525,1,D,YP,KZ,D
14:46:14,ICBP,RG,8525,2,D,LG,KZ,D
14:46:12,ICBP,RG,8525,11,F,BK,BK,F
14:46:11,ICBP,RG,8525,21,F,BK,DX,F
14:46:11,ICBP,RG,8525,8,F,BK,DX,F
14:46:10,ICBP,RG,8525,63,F,BK,DX,F
14:46:10,ICBP,RG,8525,361,F,BK,BB,D
14:46:05,ICBP,RG,8525,4,F,BK,RX,D
14:46:04,ICBP,RG,8525,13,F,BK,DX,F
14:46:04,ICBP,RG,8525,172,F,CS,DX,F
14:46:04,ICBP,RG,8525,5,D,XC,DX,F
14:46:04,ICBP,RG,8525,2,D,BK,DX,F
14:46:04,ICBP,RG,8525,1,F,ZP,DX,F
14:46:04,ICBP,RG,8525,32,D,ZP,DX,F
14:46:04,ICBP,RG,8525,3,D,YP,DX,F
14:46:04,ICBP,RG,8525,1,D,SQ,DX,F
14:46:04,ICBP,RG,8525,1,D,DH,DX,F
14:46:04,ICBP,RG,8525,200,D,SQ,DX,F
14:46:04,ICBP,RG,8525,10,D,KK,DX,F
14:46:04,ICBP,RG,8525,1,D,PD,DX,F
14:46:04,ICBP,RG,8525,1,D,BB,DX,F
14:46:04,ICBP,RG,8525,1,F,ZP,DX,F
14:46:04,ICBP,RG,8525,1,D,BK,DX,F
14:46:04,ICBP,RG,8525,74,F,CS,DX,F
14:46:04,ICBP,RG,8525,1,D,BB,DX,F
14:46:04,ICBP,RG,8525,1,D,KK,DX,F
14:46:04,ICBP,RG,8525,11,D,CC,DX,F
14:46:04,ICBP,RG,8525,5,D,LS,DX,F
14:46:04,ICBP,RG,8525,100,D,CC,DX,F
14:46:04,ICBP,RG,8525,1,D,YP,DX,F
14:46:04,ICBP,RG,8525,10,D,PD,DX,F
14:46:04,ICBP,RG,8525,1,D,XC,DX,F
14:46:04,ICBP,RG,8525,5,D,CC,DX,F
14:46:04,ICBP,RG,8525,8,D,YP,DX,F
14:46:04,ICBP,RG,8525,2,D,DR,DX,F
14:46:04,ICBP,RG,8525,71,D,YP,DX,F
14:46:04,ICBP,RG,8550,200,D,ZP,AK,F
14:46:01,ICBP,RG,8525,9,D,YP,BK,F
14:46:01,ICBP,RG,8550,1,D,BK,AK,F
14:46:00,ICBP,RG,8525,3,D,YP,AK,F
14:46:00,ICBP,RG,8525,1,D,YP,AK,D
14:45:55,ICBP,RG,8525,4,D,YP,RX,D
14:45:53,ICBP,RG,8525,4,D,YP,CS,D
14:45:53,ICBP,RG,8525,12,D,YP,CS,D
14:45:45,ICBP,RG,8525,3,D,YP,AK,F
14:45:44,ICBP,RG,8525,2,D,YP,RX,D
14:45:36,ICBP,RG,8550,1,D,BK,AK,F
14:45:36,ICBP,RG,8525,4,D,YP,RX,D
14:45:33,ICBP,RG,8525,37,D,YP,DX,F
14:45:33,ICBP,RG,8525,10,D,CC,DX,F
14:45:33,ICBP,RG,8525,1,D,XL,DX,F
14:45:33,ICBP,RG,8525,10,D,DH,DX,F
14:45:33,ICBP,RG,8525,2,D,PD,DX,F
14:45:33,ICBP,RG,8525,1,D,PD,DX,F
14:45:33,ICBP,RG,8525,1,D,PD,DX,F
14:45:26,ICBP,RG,8525,2,D,PD,RX,D
14:45:26,ICBP,RG,8525,1,D,DH,RX,D
14:45:25,ICBP,RG,8525,1,D,DH,BK,F
14:45:25,ICBP,RG,8525,8,D,EP,BK,F
14:45:18,ICBP,RG,8550,13,D,ZP,AK,F
14:45:14,ICBP,RG,8550,1,D,BK,AK,F
14:45:00,ICBP,RG,8525,5,D,EP,AK,F
14:44:55,ICBP,RG,8550,1,D,BK,AK,F
14:44:55,ICBP,RG,8525,7,D,EP,XL,D
14:44:53,ICBP,RG,8550,120,D,YU,AK,F
14:44:35,ICBP,RG,8550,14,D,ZP,AK,F
14:44:27,ICBP,RG,8525,10,D,SQ,BK,F
14:44:15,ICBP,RG,8525,1,D,SQ,AK,D
14:44:15,ICBP,RG,8525,4,D,SQ,AK,F
14:44:15,ICBP,RG,8525,1,D,SQ,AK,D
14:44:00,ICBP,RG,8525,17,D,SQ,AK,D
14:44:00,ICBP,RG,8525,4,D,XL,AK,D
14:44:00,ICBP,RG,8525,1,D,PD,AK,D
14:44:00,ICBP,RG,8525,3,D,PD,AK,D
14:44:00,ICBP,RG,8525,5,D,KK,AK,D
14:44:00,ICBP,RG,8525,5,D,PD,AK,D
14:44:00,ICBP,RG,8525,2,D,XC,AK,D
14:44:00,ICBP,RG,8525,1,D,SQ,AK,D
14:44:00,ICBP,RG,8525,11,F,BK,AK,D
14:44:00,ICBP,RG,8525,74,F,BK,AK,D
14:44:00,ICBP,RG,8525,5,F,BK,AK,F
14:43:30,ICBP,RG,8525,210,F,BK,AK,D
14:43:30,ICBP,RG,8525,1,D,XC,AK,D
14:43:23,ICBP,RG,8550,1,F,AK,AK,F
14:43:23,ICBP,RG,8550,1,F,AK,CS,D
14:43:23,ICBP,RG,8550,3,F,AK,ZP,F
14:43:23,ICBP,RG,8550,1,F,AK,ZP,F
14:43:23,ICBP,RG,8550,1,F,AK,CS,D
14:43:23,ICBP,RG,8550,1,F,AK,CS,D
14:43:23,ICBP,RG,8550,3,F,AK,CS,D
14:43:23,ICBP,RG,8550,1,F,AK,CS,D
14:43:23,ICBP,RG,8550,15,F,AK,CS,D
14:43:23,ICBP,RG,8550,1,F,AK,CS,D
14:43:23,ICBP,RG,8550,1,F,CS,CS,D
14:43:23,ICBP,RG,8550,17,F,AK,DX,F
14:43:23,ICBP,RG,8550,1,D,BB,DX,F
14:43:23,ICBP,RG,8550,3,F,ZP,DX,F
14:43:23,ICBP,RG,8550,3,D,XC,DX,F
14:43:23,ICBP,RG,8550,1,D,SQ,DX,F
14:43:23,ICBP,RG,8550,3,D,BB,DX,F
14:43:23,ICBP,RG,8550,2,F,ZP,DX,F
14:43:23,ICBP,RG,8550,5,D,YP,DX,F
14:43:23,ICBP,RG,8550,1,D,YP,DX,F
14:43:23,ICBP,RG,8550,3,F,ZP,DX,F
14:43:23,ICBP,RG,8550,68,D,ZP,DX,F
14:43:23,ICBP,RG,8550,10,D,PD,DX,F
14:43:23,ICBP,RG,8550,2,D,BK,DX,F
14:43:23,ICBP,RG,8550,9,F,ZP,DX,F
14:43:23,ICBP,RG,8550,8,F,ZP,DX,F
14:43:23,ICBP,RG,8550,6,F,DX,DX,F
14:43:23,ICBP,RG,8550,8,F,ZP,DX,F
14:43:23,ICBP,RG,8550,6,D,CC,DX,F
14:43:23,ICBP,RG,8550,29,D,DX,DX,F
14:43:23,ICBP,RG,8550,6,F,DX,DX,F
14:43:23,ICBP,RG,8550,9,D,KK,DX,F
14:43:22,ICBP,RG,8575,7,D,ZP,CS,D
14:43:22,ICBP,RG,8575,2,D,ZP,CS,D
14:43:20,ICBP,RG,8550,1,D,KK,AK,D
14:43:20,ICBP,RG,8550,5,D,BB,AK,D
14:43:20,ICBP,RG,8550,4,D,CC,AK,D
14:43:20,ICBP,RG,8550,7,D,CC,AK,D
14:43:15,ICBP,RG,8550,11,D,CC,AK,D
14:43:15,ICBP,RG,8550,3,D,CC,AK,F
14:43:10,ICBP,RG,8550,1,D,CC,DR,D
14:43:00,ICBP,RG,8550,1,D,CC,AK,D
14:43:00,ICBP,RG,8550,35,D,CC,AK,D
14:42:59,ICBP,RG,8550,7,D,CC,CS,D
14:42:59,ICBP,RG,8550,33,D,CC,KZ,D
14:42:59,ICBP,RG,8550,4,D,CC,KZ,D
14:42:54,ICBP,RG,8550,290,D,CC,KZ,D
14:42:54,ICBP,RG,8550,41,D,CC,KZ,D
14:42:54,ICBP,RG,8550,1,D,CC,KZ,D
14:42:51,ICBP,RG,8550,3,D,CC,CS,D
14:42:51,ICBP,RG,8550,92,D,CC,DX,F
14:42:51,ICBP,RG,8550,7,D,BK,DX,F
14:42:51,ICBP,RG,8550,231,D,CC,DX,F
14:42:51,ICBP,RG,8550,7,F,ZP,DX,F
14:42:51,ICBP,RG,8550,298,F,CS,DX,F
14:42:51,ICBP,RG,8550,1,D,CC,DX,F
14:42:51,ICBP,RG,8550,1,D,XC,DX,F
14:42:51,ICBP,RG,8550,1,F,ZP,DX,F
14:42:51,ICBP,RG,8550,9,F,DX,DX,F
14:42:51,ICBP,RG,8550,353,D,YU,DX,F
14:42:51,ICBP,RG,8575,2,D,XL,DX,F
14:42:50,ICBP,RG,8575,27,D,ZP,DX,F
14:42:49,ICBP,RG,8550,29,D,YU,KZ,D
14:42:45,ICBP,RG,8550,8,D,YU,AK,D
14:42:45,ICBP,RG,8550,10,D,YU,AK,D
14:42:45,ICBP,RG,8550,3,F,ZP,AK,D
14:42:39,ICBP,RG,8550,1,F,ZP,AK,D
14:42:38,ICBP,RG,8575,4,D,BB,DX,F
14:42:29,ICBP,RG,8550,4,F,ZP,CS,D
14:42:29,ICBP,RG,8550,2,F,ZP,CS,D
14:42:29,ICBP,RG,8550,1,D,BB,CS,D
14:42:29,ICBP,RG,8550,23,D,ZP,CS,D
14:42:15,ICBP,RG,8550,2,D,ZP,AK,D
14:42:15,ICBP,RG,8550,5,D,ZP,AK,D
14:42:15,ICBP,RG,8550,1,F,ZP,AK,D
14:42:15,ICBP,RG,8550,4,F,DX,AK,D
14:42:15,ICBP,RG,8550,3,F,DX,AK,D
14:42:15,ICBP,RG,8550,8,F,ZP,AK,D
14:42:15,ICBP,RG,8550,3,D,CC,AK,D
14:42:03,ICBP,RG,8575,4,D,PD,DX,F
14:42:03,ICBP,RG,8575,35,D,CC,DX,F
14:42:03,ICBP,RG,8575,2,D,CC,EP,D
14:42:03,ICBP,RG,8575,8,D,CC,BK,F
14:42:03,ICBP,RG,8575,11,D,CC,BK,F
14:42:03,ICBP,RG,8575,69,D,CC,DX,F
14:42:03,ICBP,RG,8575,10,D,CC,BK,F
14:42:03,ICBP,RG,8575,10,D,CC,BK,F
14:42:03,ICBP,RG,8575,1,D,CC,ZP,F
14:42:03,ICBP,RG,8575,3,D,CC,ZP,F
14:42:03,ICBP,RG,8575,15,D,CC,BK,F
14:42:03,ICBP,RG,8575,58,D,CC,DX,F
14:42:03,ICBP,RG,8575,2,D,CC,CS,D
14:42:03,ICBP,RG,8575,210,D,CC,KZ,D
14:42:00,ICBP,RG,8550,2,D,CC,AK,D
14:42:00,ICBP,RG,8550,63,D,CC,DX,D
14:41:57,ICBP,RG,8550,9,D,CC,BK,F
14:41:55,ICBP,RG,8550,1,D,CC,ZP,F
14:41:55,ICBP,RG,8550,2,D,CC,CS,D
14:41:53,ICBP,RG,8550,79,D,CC,DX,F
14:41:52,ICBP,RG,8550,1,D,CC,ZP,F
14:41:49,ICBP,RG,8550,24,D,CC,BB,D
14:41:49,ICBP,RG,8550,89,F,CS,BB,D
14:41:49,ICBP,RG,8550,6,F,ZP,BB,D
14:41:49,ICBP,RG,8550,1,D,YP,BB,D
14:41:49,ICBP,RG,8550,8,F,DX,BB,D
14:41:49,ICBP,RG,8550,68,F,CS,BB,D
14:41:45,ICBP,RG,8550,64,F,CS,AK,D
14:41:45,ICBP,RG,8550,3,D,BK,AK,D
14:41:45,ICBP,RG,8550,1,D,PD,AK,D
14:41:45,ICBP,RG,8550,1,D,XC,AK,D
14:41:43,ICBP,RG,8550,2,D,NI,CP,D
14:41:43,ICBP,RG,8550,10,F,ZP,CP,D
14:41:25,ICBP,RG,8550,7,F,DX,BK,F
14:41:25,ICBP,RG,8550,3,F,ZP,BK,F
14:41:25,ICBP,RG,8550,1,D,DH,BK,F
14:41:16,ICBP,RG,8575,33,D,ZP,KZ,D
14:41:15,ICBP,RG,8550,1,D,DH,AK,D
14:41:15,ICBP,RG,8575,5,D,ZP,KZ,D
14:41:15,ICBP,RG,8575,1,D,ZP,KZ,D
14:41:05,ICBP,RG,8550,3,D,DH,ZP,F
14:41:05,ICBP,RG,8550,5,D,DH,AK,D
14:41:05,ICBP,RG,8550,37,F,CS,AK,D
14:41:00,ICBP,RG,8550,9,F,CS,BK,F
14:41:00,ICBP,RG,8550,204,F,CS,AK,F
14:41:00,ICBP,RG,8550,57,D,CC,AK,F
14:41:00,ICBP,RG,8550,3,D,CC,ZP,F
14:41:00,ICBP,RG,8550,15,D,CC,AK,D
14:41:00,ICBP,RG,8550,27,D,CC,AK,D
14:41:00,ICBP,RG,8550,4,D,CC,CS,D
14:40:53,ICBP,RG,8550,59,D,CC,DX,F
14:40:46,ICBP,RG,8575,2,D,XL,KZ,D
14:40:45,ICBP,RG,8550,4,D,CC,AK,D
14:40:45,ICBP,RG,8575,31,D,ZP,KZ,D
14:40:45,ICBP,RG,8575,3,D,ZP,AK,F
14:40:45,ICBP,RG,8575,5,D,ZP,AK,F
14:40:45,ICBP,RG,8575,1,D,ZP,KZ,D
14:40:22,ICBP,RG,8550,11,D,CC,BK,F
14:40:13,ICBP,RG,8550,79,D,CC,DX,F
14:40:05,ICBP,RG,8550,9,D,CC,BK,F
14:39:48,ICBP,RG,8550,61,D,CC,DX,D
14:39:31,ICBP,RG,8550,2,D,CC,CS,D
14:39:30,ICBP,RG,8550,33,D,CC,AK,D
14:39:30,ICBP,RG,8550,7,D,CC,AK,D
14:39:30,ICBP,RG,8550,12,D,CC,AK,F
14:39:15,ICBP,RG,8550,1,D,CC,AK,D
14:39:15,ICBP,RG,8550,12,D,CC,AK,D
14:39:14,ICBP,RG,8575,20,D,ZP,KZ,D
14:39:14,ICBP,RG,8575,8,D,ZP,BB,D
14:39:14,ICBP,RG,8575,10,D,ZP,BK,F
14:39:10,ICBP,RG,8550,9,D,CC,BK,F
14:38:58,ICBP,RG,8550,1,D,CC,AK,D
14:38:57,ICBP,RG,8550,6,D,CC,SQ,D
14:38:45,ICBP,RG,8550,41,D,CC,AK,D
14:38:45,ICBP,RG,8550,9,D,CC,AK,D
14:38:41,ICBP,RG,8575,1,D,ZP,CS,D
14:38:39,ICBP,RG,8575,23,D,ZP,CS,D
14:38:39,ICBP,RG,8575,2,D,ZP,CS,D
14:38:39,ICBP,RG,8575,17,D,ZP,DX,F
14:38:30,ICBP,RG,8550,1,D,CC,AK,D
14:38:30,ICBP,RG,8550,15,D,CC,AK,D
14:38:12,ICBP,RG,8550,11,D,CC,BK,F
14:38:11,ICBP,RG,8550,8,D,CC,AK,D
14:38:10,ICBP,RG,8550,3,D,CC,BK,F
14:38:10,ICBP,RG,8550,6,D,BK,BK,F
14:38:10,ICBP,RG,8550,1,D,BK,CS,D
14:38:10,ICBP,RG,8550,15,D,XL,CS,D
14:38:10,ICBP,RG,8550,1,D,HP,CS,D
14:38:10,ICBP,RG,8550,10,F,ZP,CS,D
14:38:10,ICBP,RG,8550,3,D,LH,CS,D
14:38:05,ICBP,RG,8550,7,D,LH,AK,D
14:38:05,ICBP,RG,8550,7,D,BB,AK,D
14:38:05,ICBP,RG,8550,10,D,LH,AK,D
14:38:05,ICBP,RG,8550,8,F,DX,AK,D
14:38:05,ICBP,RG,8550,4,F,CS,AK,D
14:38:00,ICBP,RG,8550,7,F,CS,AK,F
14:37:48,ICBP,RG,8550,52,F,CS,DX,D
14:37:45,ICBP,RG,8550,14,F,CS,AK,D
14:37:30,ICBP,RG,8550,3,F,CS,AK,D
14:37:27,ICBP,RG,8550,6,F,CS,PD,D
14:37:19,ICBP,RG,8550,9,F,CS,BK,F
14:37:05,ICBP,RG,8575,12,D,ZP,DX,F
14:37:00,ICBP,RG,8550,58,F,CS,AK,D
14:37:00,ICBP,RG,8550,16,F,CS,AK,D
14:36:45,ICBP,RG,8550,2,F,CS,AK,D
14:36:45,ICBP,RG,8550,3,F,CS,AK,D
14:36:39,ICBP,RG,8575,52,D,LG,DX,F
14:36:39,ICBP,RG,8575,1,D,LG,ZP,F
14:36:39,ICBP,RG,8575,10,D,LG,BK,F
14:36:39,ICBP,RG,8575,1,D,LG,AK,D
14:36:39,ICBP,RG,8575,3,D,LG,ZP,F
14:36:39,ICBP,RG,8575,3,D,LG,CS,D
14:36:39,ICBP,RG,8575,24,D,LG,DX,F
14:36:34,ICBP,RG,8575,15,D,ZP,DX,F
14:36:33,ICBP,RG,8550,12,F,CS,DX,F
14:36:33,ICBP,RG,8550,51,F,ZP,DX,F
14:36:33,ICBP,RG,8550,4,F,ZP,DX,F
14:36:26,ICBP,RG,8575,2,F,ZP,DX,F
14:36:25,ICBP,RG,8550,9,D,YP,BK,F
14:36:06,ICBP,RG,8550,3,D,YP,BK,F
14:36:06,ICBP,RG,8550,6,F,ZP,BK,F
14:36:04,ICBP,RG,8575,4,F,ZP,DX,F
14:36:00,ICBP,RG,8550,2,D,CP,AK,D
14:36:00,ICBP,RG,8550,6,D,XL,AK,D
14:36:00,ICBP,RG,8550,8,F,DX,AK,D
14:36:00,ICBP,RG,8550,19,D,ZP,AK,D
14:35:59,ICBP,RG,8575,2,F,ZP,DX,F
14:35:59,ICBP,RG,8550,1,D,ZP,ZP,F
14:35:54,ICBP,RG,8550,12,D,ZP,AK,D
14:35:54,ICBP,RG,8575,4,F,ZP,DX,F
14:35:54,ICBP,RG,8550,1,D,ZP,ZP,F
14:35:49,ICBP,RG,8550,1,D,ZP,CS,D
14:35:49,ICBP,RG,8550,1,D,ZP,CS,D
14:35:49,ICBP,RG,8575,2,F,ZP,DX,F
14:35:48,ICBP,RG,8575,1,D,XL,DX,F
14:35:48,ICBP,RG,8550,40,D,ZP,DX,D
14:35:48,ICBP,RG,8550,2,F,ZP,DX,D
14:35:48,ICBP,RG,8550,4,F,ZP,DX,D
14:35:45,ICBP,RG,8550,2,F,ZP,AK,D
14:35:42,ICBP,RG,8550,1,F,ZP,PD,D
14:35:30,ICBP,RG,8550,1,D,BB,AK,D
14:35:24,ICBP,RG,8575,5,F,ZP,DX,F
14:35:21,ICBP,RG,8575,3,F,ZP,DX,F
14:35:21,ICBP,RG,8575,18,F,ZP,CS,D
14:35:21,ICBP,RG,8575,25,F,ZP,NI,D
14:35:20,ICBP,RG,8550,3,D,BB,BK,F
14:35:20,ICBP,RG,8550,1,D,PD,BK,F
14:35:20,ICBP,RG,8550,6,F,ZP,BK,F
14:35:19,ICBP,RG,8550,2,F,ZP,KZ,D
14:35:19,ICBP,RG,8550,7,F,DX,KZ,D
14:35:19,ICBP,RG,8550,2,D,BK,KZ,D
14:35:19,ICBP,RG,8550,194,F,CS,KZ,D
14:35:19,ICBP,RG,8550,95,D,CC,KZ,D
14:35:19,ICBP,RG,8550,42,D,CC,KZ,D
14:35:19,ICBP,RG,8550,30,D,CC,KZ,D
14:35:18,ICBP,RG,8550,4,D,KK,DX,F
14:35:18,ICBP,RG,8550,8,F,ZP,DX,F
14:35:18,ICBP,RG,8550,2,D,NI,DX,F
14:35:18,ICBP,RG,8550,18,D,NI,DX,F
14:35:18,ICBP,RG,8550,8,F,DX,DX,F
14:35:18,ICBP,RG,8550,8,F,ZP,DX,F
14:35:18,ICBP,RG,8550,10,D,KK,DX,F
14:35:18,ICBP,RG,8550,7,F,DX,DX,F
14:35:18,ICBP,RG,8550,1,D,CC,DX,F
14:35:18,ICBP,RG,8550,5,F,CS,DX,F
14:35:18,ICBP,RG,8575,10,F,ZP,NI,D
14:35:17,ICBP,RG,8575,2,F,ZP,NI,D
14:35:16,ICBP,RG,8575,3,F,ZP,NI,D
14:35:15,ICBP,RG,8550,99,F,CS,AK,D
14:35:15,ICBP,RG,8550,14,F,CS,AK,D
14:35:04,ICBP,RG,8550,10,F,CS,BK,F
14:35:04,ICBP,RG,8575,3,F,ZP,NI,D
14:35:00,ICBP,RG,8575,2,F,ZP,NI,D
14:35:00,ICBP,RG,8575,29,D,ZP,NI,D
14:34:59,ICBP,RG,8550,5,F,CS,AK,D
14:34:58,ICBP,RG,8550,3,F,CS,ZP,F
14:34:47,ICBP,RG,8575,2,D,CC,NI,D
14:34:33,ICBP,RG,8575,5,F,ZP,NI,D
14:34:32,ICBP,RG,8575,2,F,ZP,NI,D
14:34:28,ICBP,RG,8575,2,F,ZP,NI,D
14:34:28,ICBP,RG,8575,51,D,ZP,NI,D
14:34:27,ICBP,RG,8575,7,D,BK,NI,D
14:34:15,ICBP,RG,8550,10,F,CS,AK,D
14:34:14,ICBP,RG,8575,2,F,ZP,NI,D
14:34:11,ICBP,RG,8575,10,D,SQ,NI,D
14:34:02,ICBP,RG,8550,11,F,CS,BK,F
14:34:01,ICBP,RG,8575,2,F,ZP,NI,D
14:34:00,ICBP,RG,8550,4,F,CS,CS,D
14:33:57,ICBP,RG,8550,2,F,CS,BK,F
14:33:57,ICBP,RG,8550,8,F,CS,BK,F
14:33:52,ICBP,RG,8575,3,F,ZP,NI,D
14:33:51,ICBP,RG,8550,2,F,CS,CS,D
14:33:51,ICBP,RG,8550,26,D,CC,CS,D
14:33:49,ICBP,RG,8575,6,F,ZP,NI,D
14:33:48,ICBP,RG,8550,50,D,CC,DX,D
14:33:45,ICBP,RG,8575,2,F,ZP,NI,D
14:33:34,ICBP,RG,8575,2,F,ZP,NI,D
14:33:34,ICBP,RG,8575,4,F,ZP,NI,D
14:33:31,ICBP,RG,8575,3,F,ZP,NI,D
14:33:30,ICBP,RG,8550,48,D,CC,AK,D
14:33:30,ICBP,RG,8550,10,D,CC,AK,D
14:33:30,ICBP,RG,8550,17,D,CC,AK,D
14:33:15,ICBP,RG,8550,2,D,CC,AK,D
14:33:15,ICBP,RG,8550,1,D,CC,AK,D
14:33:05,ICBP,RG,8550,2,D,CC,CS,D
14:32:55,ICBP,RG,8575,3,F,ZP,NI,D
14:32:54,ICBP,RG,8575,25,D,ZP,NI,D
14:32:53,ICBP,RG,8575,6,D,ZP,NI,D
14:32:49,ICBP,RG,8575,2,F,ZP,NI,D
14:32:44,ICBP,RG,8550,10,D,CC,BK,F
14:32:40,ICBP,RG,8575,2,F,ZP,NI,D
14:32:40,ICBP,RG,8575,1,D,CC,NI,D
14:32:23,ICBP,RG,8575,6,F,ZP,NI,D
14:32:23,ICBP,RG,8575,49,D,ZP,NI,D
14:31:49,ICBP,RG,8575,5,F,ZP,NI,D
14:31:49,ICBP,RG,8575,2,F,ZP,NI,D
14:31:48,ICBP,RG,8550,60,D,CC,DX,D
14:31:42,ICBP,RG,8575,1,F,ZP,NI,D
14:31:23,ICBP,RG,8550,1,D,CC,ZP,F
14:31:23,ICBP,RG,8575,5,D,JB,NI,D
14:31:09,ICBP,RG,8575,3,F,ZP,NI,D
14:31:04,ICBP,RG,8575,13,F,ZP,NI,D
14:31:04,ICBP,RG,8575,20,F,ZP,NI,D
14:31:01,ICBP,RG,8575,11,F,ZP,NI,D
14:31:00,ICBP,RG,8550,35,D,CC,CS,D
14:31:00,ICBP,RG,8550,4,D,CC,CS,D
14:31:00,ICBP,RG,8575,11,D,CC,NI,D
14:31:00,ICBP,RG,8575,1,D,CC,CS,D
14:31:00,ICBP,RG,8575,1,D,CC,XC,D
14:31:00,ICBP,RG,8575,16,D,CC,AK,D
14:31:00,ICBP,RG,8575,11,D,CC,AK,D
14:31:00,ICBP,RG,8575,47,D,CC,AK,D
14:31:00,ICBP,RG,8575,3,D,CC,XC,D
14:31:00,ICBP,RG,8575,2,D,CC,AK,D
14:31:00,ICBP,RG,8575,1,D,CC,AK,D
14:31:00,ICBP,RG,8575,18,D,CC,AK,D
14:31:00,ICBP,RG,8575,12,D,CC,AK,D
14:31:00,ICBP,RG,8575,2,D,CC,AK,D
14:31:00,ICBP,RG,8575,51,D,CC,AK,D
14:31:00,ICBP,RG,8575,5,D,CC,AK,F
14:31:00,ICBP,RG,8575,5,D,CC,YP,D
14:31:00,ICBP,RG,8575,94,D,CC,AK,F
14:31:00,ICBP,RG,8575,2,D,CC,AK,F
14:31:00,ICBP,RG,8575,100,D,CC,YP,D
14:31:00,ICBP,RG,8575,12,D,CC,XC,D
14:30:54,ICBP,RG,8575,2,F,ZP,XC,D
14:30:51,ICBP,RG,8575,1,F,ZP,XC,D
14:30:51,ICBP,RG,8575,1,F,ZP,DX,F
14:30:50,ICBP,RG,8575,1,D,ZP,DX,F
14:30:50,ICBP,RG,8575,5,D,ZP,PD,D
14:30:50,ICBP,RG,8575,3,D,ZP,CC,D
14:30:50,ICBP,RG,8575,12,D,ZP,XC,D
14:30:49,ICBP,RG,8575,7,D,ZP,XC,D
14:30:23,ICBP,RG,8575,3,F,ZP,XC,D
14:30:22,ICBP,RG,8575,1,F,ZP,XC,D
14:30:18,ICBP,RG,8575,2,F,ZP,KZ,D
14:30:17,ICBP,RG,8575,8,D,ZP,KZ,D
14:30:17,ICBP,RG,8575,7,D,ZP,KZ,D
14:30:17,ICBP,RG,8575,1,D,ZP,KZ,D
14:30:17,ICBP,RG,8575,2,D,ZP,XC,D
14:30:17,ICBP,RG,8575,20,D,ZP,YP,D
14:30:17,ICBP,RG,8575,14,D,ZP,XC,D
14:30:00,ICBP,RG,8550,3,D,CC,ZP,F
14:29:43,ICBP,RG,8575,6,F,ZP,XC,D
14:29:40,ICBP,RG,8575,2,F,ZP,XC,D
14:29:40,ICBP,RG,8550,5,D,CC,DX,D
14:29:40,ICBP,RG,8550,1,D,XC,DX,D
14:29:40,ICBP,RG,8550,9,F,ZP,DX,D
14:29:40,ICBP,RG,8550,10,D,KK,DX,D
14:29:40,ICBP,RG,8550,1,F,ZP,DX,D
14:29:40,ICBP,RG,8550,7,D,BB,DX,D
14:29:40,ICBP,RG,8550,7,F,DX,DX,D
14:29:40,ICBP,RG,8550,1,F,ZP,DX,D
14:29:40,ICBP,RG,8550,7,F,ZP,DX,D
14:29:40,ICBP,RG,8550,6,D,BK,DX,D
14:29:40,ICBP,RG,8550,8,F,CS,DX,D
14:29:32,ICBP,RG,8550,10,F,CS,YP,D
14:29:00,ICBP,RG,8550,3,F,CS,AK,D
14:28:55,ICBP,RG,8575,6,D,XL,XC,D
14:28:16,ICBP,RG,8550,1,F,CS,NI,D
14:28:08,ICBP,RG,8550,2,F,CS,XL,D
14:27:42,ICBP,RG,8550,1,F,CS,AK,D
14:27:41,ICBP,RG,8575,3,D,ZP,XC,D
14:27:25,ICBP,RG,8575,19,D,ZP,XC,D
14:27:25,ICBP,RG,8575,10,D,ZP,DX,F
14:27:17,ICBP,RG,8550,5,F,CS,XC,D
14:27:14,ICBP,RG,8575,4,D,BK,DX,F
14:27:14,ICBP,RG,8575,3,D,BK,DX,F
14:26:38,ICBP,RG,8575,2,D,XC,DX,F
14:26:37,ICBP,RG,8575,4,D,PD,DX,F
14:26:20,ICBP,RG,8550,50,F,CS,DX,D
14:26:15,ICBP,RG,8550,1,F,CS,AK,D
14:26:05,ICBP,RG,8550,85,F,CS,AK,D
14:26:05,ICBP,RG,8550,21,F,CS,AK,D
14:26:05,ICBP,RG,8550,1,F,ZP,AK,D
14:26:05,ICBP,RG,8550,13,F,DX,AK,D
14:26:05,ICBP,RG,8550,3,D,BB,AK,D
14:26:05,ICBP,RG,8550,8,F,ZP,AK,D
14:26:05,ICBP,RG,8550,9,F,ZP,AK,D
14:26:05,ICBP,RG,8550,13,F,ZP,AK,D
14:26:05,ICBP,RG,8550,14,F,ZP,AK,D
14:26:05,ICBP,RG,8550,49,F,ZP,AK,D
14:26:05,ICBP,RG,8550,2,F,ZP,AK,D
14:26:05,ICBP,RG,8550,178,F,CC,AK,D
14:25:56,ICBP,RG,8550,13,F,CC,CC,D
14:23:00,ICBP,RG,8550,47,F,CC,DX,D
14:22:46,ICBP,RG,8550,2,F,CC,YP,D
14:21:15,ICBP,RG,8550,1,F,CC,NI,D
14:20:56,ICBP,RG,8575,1,D,KK,DX,F
14:20:45,ICBP,RG,8575,10,D,XC,DX,F
14:20:31,ICBP,RG,8550,90,F,CC,OD,D
14:20:31,ICBP,RG,8550,1,F,ZP,OD,D
14:19:55,ICBP,RG,8575,4,D,XC,DX,F
14:18:44,ICBP,RG,8575,11,F,BK,DX,F
14:18:38,ICBP,RG,8575,25,F,BK,DX,F
14:18:38,ICBP,RG,8575,1,F,BK,XC,D
14:18:38,ICBP,RG,8575,1,F,BK,XC,D
14:18:34,ICBP,RG,8550,1,F,BK,CS,D
14:18:32,ICBP,RG,8550,1,F,ZP,AK,D
14:18:32,ICBP,RG,8550,6,F,ZP,AK,F
14:18:32,ICBP,RG,8550,1,F,ZP,BK,F
14:18:32,ICBP,RG,8550,1,F,ZP,ZP,F
14:18:32,ICBP,RG,8550,10,F,ZP,KZ,D
14:18:32,ICBP,RG,8550,9,F,ZP,KZ,D
14:18:32,ICBP,RG,8550,2,F,ZP,KZ,D
14:18:32,ICBP,RG,8550,2,F,ZP,KZ,D
14:18:32,ICBP,RG,8550,1,F,ZP,KZ,D
14:18:32,ICBP,RG,8550,2,F,ZP,KZ,D
14:18:32,ICBP,RG,8550,1,F,ZP,KZ,D
14:18:32,ICBP,RG,8550,2,F,ZP,PD,D
14:18:32,ICBP,RG,8550,69,F,ZP,DX,D
14:18:31,ICBP,RG,8550,54,F,BK,DX,D
14:18:30,ICBP,RG,8550,5,F,ZP,CC,D
14:18:30,ICBP,RG,8550,5,F,ZP,CC,D
14:18:30,ICBP,RG,8550,4,F,ZP,CS,D
14:18:30,ICBP,RG,8550,30,F,ZP,DX,D
14:18:29,ICBP,RG,8550,3,F,ZP,DX,D
14:18:29,ICBP,RG,8550,19,F,BK,DX,D
14:18:29,ICBP,RG,8550,10,F,BK,KK,D
14:18:29,ICBP,RG,8550,48,F,BK,DX,D
14:18:29,ICBP,RG,8550,1,F,BK,CS,D
14:18:29,ICBP,RG,8550,1,F,BK,CS,D
14:18:29,ICBP,RG,8550,1,F,BK,LG,D
14:18:29,ICBP,RG,8550,2,F,BK,PD,D
14:18:29,ICBP,RG,8550,50,F,BK,DR,D
14:18:29,ICBP,RG,8550,2,F,BK,CS,D
14:18:29,ICBP,RG,8550,6,F,BK,CS,D
14:18:29,ICBP,RG,8550,2,F,BK,CS,D
14:18:29,ICBP,RG,8550,7,F,BK,CS,D
14:18:29,ICBP,RG,8550,3,F,BK,CS,D
14:18:29,ICBP,RG,8550,1,F,BK,CS,D
14:18:29,ICBP,RG,8550,3,F,BK,CS,D
14:18:29,ICBP,RG,8550,5,F,BK,CS,D
14:18:29,ICBP,RG,8550,1,F,BK,CS,D
14:18:29,ICBP,RG,8550,1,F,BK,AK,F
14:18:29,ICBP,RG,8550,2,F,BK,AK,F
14:18:29,ICBP,RG,8550,20,F,BK,KK,F
14:18:29,ICBP,RG,8550,18,F,BK,DX,F
14:18:29,ICBP,RG,8550,9,F,BK,DX,F
14:18:29,ICBP,RG,8550,57,F,BK,DX,F
14:18:29,ICBP,RG,8550,11,F,BK,DX,F
14:18:25,ICBP,RG,8550,3,F,ZP,DX,F
14:18:25,ICBP,RG,8550,9,F,ZP,DX,F
14:18:24,ICBP,RG,8550,22,F,ZP,DX,F
14:18:24,ICBP,RG,8550,68,F,ZP,DX,F
14:18:23,ICBP,RG,8525,1,F,BK,CS,D
14:18:23,ICBP,RG,8525,1,F,BK,ZP,F
14:18:23,ICBP,RG,8525,6,F,BK,AK,D
14:18:23,ICBP,RG,8525,18,F,BK,AK,D
14:18:23,ICBP,RG,8525,73,F,BK,AK,D
14:18:23,ICBP,RG,8525,25,F,ZP,AK,D
14:18:23,ICBP,RG,8525,18,F,ZP,AK,D
14:18:23,ICBP,RG,8525,1,F,ZP,AK,D
14:18:23,ICBP,RG,8525,1,F,ZP,AK,F
14:18:23,ICBP,RG,8525,3,F,ZP,AK,F
14:18:23,ICBP,RG,8525,1,F,ZP,CS,D
14:18:23,ICBP,RG,8525,14,F,ZP,CS,D
14:18:23,ICBP,RG,8525,1,F,ZP,CS,D
14:18:23,ICBP,RG,8525,1,F,ZP,CS,D
14:18:23,ICBP,RG,8525,1,F,ZP,CS,D
14:18:23,ICBP,RG,8525,3,F,ZP,CS,D
14:18:22,ICBP,RG,8525,1,F,ZP,CS,D
14:18:22,ICBP,RG,8525,2,F,BK,CS,D
14:18:22,ICBP,RG,8525,4,F,BK,CS,D
14:18:22,ICBP,RG,8525,2,F,BK,CS,D
14:18:22,ICBP,RG,8525,10,F,BK,BK,F
14:18:22,ICBP,RG,8525,62,F,BK,DX,F
14:18:22,ICBP,RG,8525,2,F,BK,PD,D
14:18:22,ICBP,RG,8525,1,F,BK,CS,D
14:18:22,ICBP,RG,8525,2,F,BK,CS,D
14:18:22,ICBP,RG,8525,6,F,BK,CS,D
14:18:22,ICBP,RG,8525,9,F,BK,CS,D
14:18:22,ICBP,RG,8525,1,F,BK,CS,D
14:18:22,ICBP,RG,8525,1,F,BK,CS,D
14:18:22,ICBP,RG,8525,222,F,BK,KZ,D
14:18:22,ICBP,RG,8525,30,F,BK,KZ,D
14:18:22,ICBP,RG,8525,2,F,BK,AK,F
14:18:22,ICBP,RG,8525,5,F,BK,AK,F
14:18:22,ICBP,RG,8525,17,F,BK,BK,F
14:18:22,ICBP,RG,8525,25,F,BK,BK,F
14:18:22,ICBP,RG,8525,97,F,BK,BB,D
14:18:21,ICBP,RG,8525,7,F,ZP,BB,D
14:18:21,ICBP,RG,8525,500,F,BK,BB,D
14:18:21,ICBP,RG,8525,99,F,CC,BB,D
14:18:21,ICBP,RG,8525,158,F,BK,BB,D
14:18:21,ICBP,RG,8525,11,F,BK,DX,F
14:18:21,ICBP,RG,8525,18,F,BK,KZ,D
14:18:21,ICBP,RG,8525,75,F,BK,AK,D
14:18:21,ICBP,RG,8525,3,F,BK,ZP,F
14:18:21,ICBP,RG,8525,1,F,BK,CS,D
14:18:21,ICBP,RG,8525,8,F,BK,DX,F
14:18:21,ICBP,RG,8525,1,F,BK,CS,D
14:18:21,ICBP,RG,8525,1,F,BK,CS,D
14:18:21,ICBP,RG,8525,18,F,BK,BK,F
14:18:21,ICBP,RG,8525,2,F,BK,AK,D
14:18:21,ICBP,RG,8525,8,F,BK,AK,D
14:18:21,ICBP,RG,8525,1,F,BK,AK,D
14:18:21,ICBP,RG,8525,1,F,BK,AK,D
14:18:21,ICBP,RG,8525,47,F,BK,AK,D
14:18:21,ICBP,RG,8525,75,F,BK,AK,D
14:18:21,ICBP,RG,8525,10,F,BK,AK,D
14:18:21,ICBP,RG,8525,10,F,BK,AK,D
14:18:21,ICBP,RG,8525,2,F,BK,AK,F
14:18:21,ICBP,RG,8525,2,F,BK,AK,F
14:18:21,ICBP,RG,8525,15,F,BK,AK,D
14:18:21,ICBP,RG,8525,3,F,BK,AK,F
14:18:21,ICBP,RG,8525,4,F,BK,AK,F
14:18:21,ICBP,RG,8525,2,F,BK,AK,D
14:18:21,ICBP,RG,8525,1,F,BK,AK,D
14:18:21,ICBP,RG,8525,23,F,BK,BK,F
14:18:20,ICBP,RG,8525,32,F,BK,BK,F
14:18:20,ICBP,RG,8525,226,F,BK,KZ,D
14:18:20,ICBP,RG,8525,32,F,BK,KZ,D
14:18:20,ICBP,RG,8525,19,F,BK,KZ,D
14:18:20,ICBP,RG,8525,191,F,BK,CS,F
14:18:20,ICBP,RG,8525,1,D,SQ,CS,F
14:18:19,ICBP,RG,8525,241,D,YP,CS,F
14:18:19,ICBP,RG,8525,42,D,YP,BK,F
14:18:19,ICBP,RG,8525,20,D,YP,DX,F
14:18:19,ICBP,RG,8525,70,D,YP,DX,F
14:18:19,ICBP,RG,8525,2,D,YP,BK,F
14:18:19,ICBP,RG,8525,64,D,YP,DX,F
14:18:19,ICBP,RG,8525,61,D,YP,DX,F
14:18:08,ICBP,RG,8525,4,D,XC,DX,F
14:18:08,ICBP,RG,8525,1,D,XC,CS,D
14:17:54,ICBP,RG,8525,3,D,XC,CS,D
14:17:54,ICBP,RG,8525,1,D,XC,CS,D
14:17:54,ICBP,RG,8525,3,D,XC,CS,D
14:17:54,ICBP,RG,8525,1,D,XC,CS,D
14:17:39,ICBP,RG,8500,1,D,PD,YP,D
14:17:20,ICBP,RG,8525,10,F,ZP,CS,D
14:17:20,ICBP,RG,8525,8,F,ZP,CS,D
14:17:20,ICBP,RG,8525,25,F,ZP,DX,F
14:17:05,ICBP,RG,8500,3,D,PD,AK,D
14:17:05,ICBP,RG,8500,1,D,PD,BB,D
14:17:05,ICBP,RG,8500,1,D,YP,BB,D
14:17:05,ICBP,RG,8500,1,D,PD,BB,D
14:17:05,ICBP,RG,8500,1,D,YP,BB,D
14:17:05,ICBP,RG,8500,4,D,PD,BB,D
14:17:00,ICBP,RG,8500,26,D,PD,AK,D
14:17:00,ICBP,RG,8500,1,D,PD,AK,D
14:17:00,ICBP,RG,8500,1,D,PD,AK,D
14:17:00,ICBP,RG,8500,1,D,PD,AK,D
14:16:52,ICBP,RG,8500,2,D,DH,BB,D
14:16:52,ICBP,RG,8500,2,D,DH,BB,D
14:16:52,ICBP,RG,8500,1,D,XC,BB,D
14:16:52,ICBP,RG,8500,1,D,KK,BB,D
14:16:52,ICBP,RG,8525,36,F,CC,DX,F
14:16:48,ICBP,RG,8525,10,D,PD,DX,F
14:16:46,ICBP,RG,8525,2,D,PD,DX,F
14:16:41,ICBP,RG,8525,1,D,NI,DX,F
14:16:41,ICBP,RG,8500,1,D,KK,BB,D
14:16:41,ICBP,RG,8500,10,D,EP,BB,D
14:16:41,ICBP,RG,8500,1,D,YB,BB,D
14:16:41,ICBP,RG,8500,100,D,YP,BB,D
14:16:26,ICBP,RG,8525,3,F,AK,DX,F
14:16:26,ICBP,RG,8525,87,F,AK,DX,F
14:16:26,ICBP,RG,8525,3,F,AK,ZP,F
14:16:26,ICBP,RG,8525,1,F,AK,ZP,F
14:16:26,ICBP,RG,8525,3,F,AK,ZP,F
14:16:26,ICBP,RG,8525,1,F,AK,ZP,F
14:16:25,ICBP,RG,8525,4,F,AK,AK,F
14:16:25,ICBP,RG,8525,6,F,DX,AK,F
14:16:25,ICBP,RG,8525,7,D,BK,AK,F
14:16:25,ICBP,RG,8525,7,F,DX,AK,F
14:16:25,ICBP,RG,8525,4,F,ZP,AK,F
14:16:25,ICBP,RG,8525,38,F,CS,AK,F
14:16:25,ICBP,RG,8525,1,D,PD,AK,F
14:16:25,ICBP,RG,8525,3,F,ZP,AK,F
14:16:25,ICBP,RG,8525,1,D,PD,AK,F
14:16:25,ICBP,RG,8525,7,F,ZP,AK,F
14:16:25,ICBP,RG,8525,19,F,ZP,AK,F
14:16:25,ICBP,RG,8525,1,D,PD,AK,F
14:16:25,ICBP,RG,8525,11,D,XC,AK,F
14:16:25,ICBP,RG,8525,25,D,YU,AK,F
14:16:25,ICBP,RG,8525,6,F,DX,AK,F
14:16:25,ICBP,RG,8525,1,D,XC,AK,F
14:16:25,ICBP,RG,8525,1,D,XC,AK,F
14:16:25,ICBP,RG,8525,1,D,XC,AK,F
14:16:25,ICBP,RG,8525,27,F,ZP,AK,F
14:16:25,ICBP,RG,8525,10,D,PD,AK,F
14:16:25,ICBP,RG,8525,55,F,ZP,AK,F
14:16:25,ICBP,RG,8525,30,D,XC,AK,F
14:16:25,ICBP,RG,8525,1,D,NI,AK,F
14:16:25,ICBP,RG,8525,7,F,DX,AK,F
14:16:25,ICBP,RG,8525,4,F,CC,AK,F
14:16:25,ICBP,RG,8525,1,F,ZP,AK,F
14:16:25,ICBP,RG,8525,1,D,PD,AK,F
14:16:25,ICBP,RG,8525,3,D,XC,AK,F
14:16:25,ICBP,RG,8525,5,D,KK,AK,F
14:16:25,ICBP,RG,8525,1,D,CC,AK,F
14:16:25,ICBP,RG,8525,29,F,ZP,AK,F
14:16:25,ICBP,RG,8525,5,D,LG,AK,F
14:16:25,ICBP,RG,8525,16,F,ZP,AK,F
14:16:25,ICBP,RG,8525,1,F,ZP,AK,F
14:16:25,ICBP,RG,8525,1,F,ZP,AK,F
14:16:25,ICBP,RG,8525,7,F,DX,AK,F
14:16:25,ICBP,RG,8525,7,D,BK,AK,F
14:16:25,ICBP,RG,8525,25,D,CC,AK,F
14:16:25,ICBP,RG,8525,223,D,CC,CS,F
14:16:25,ICBP,RG,8525,10,D,YP,CS,F
14:16:25,ICBP,RG,8525,129,F,CS,CS,F
14:16:25,ICBP,RG,8525,3,D,BB,CS,F
14:16:25,ICBP,RG,8525,7,D,BB,CS,F
14:16:25,ICBP,RG,8525,1,D,XC,CS,F
14:16:25,ICBP,RG,8525,3,F,ZP,CS,F
14:16:25,ICBP,RG,8525,3,D,PD,CS,F
14:16:25,ICBP,RG,8525,11,D,YP,CS,F
14:16:25,ICBP,RG,8525,1,D,LG,CS,F
14:16:25,ICBP,RG,8525,30,D,CC,CS,F
14:16:25,ICBP,RG,8525,3,D,PD,CS,F
14:16:25,ICBP,RG,8525,5,D,XC,CS,F
14:16:25,ICBP,RG,8525,10,D,LH,CS,F
14:16:25,ICBP,RG,8525,8,F,DX,CS,F
14:16:25,ICBP,RG,8525,64,F,ZP,CS,F
14:16:25,ICBP,RG,8525,10,D,EP,CS,F
14:16:25,ICBP,RG,8525,1,D,XC,CS,F
14:16:25,ICBP,RG,8525,61,F,ZP,CS,F
14:16:25,ICBP,RG,8525,175,D,CC,CS,F
14:16:20,ICBP,RG,8525,58,D,CC,AK,D
14:16:14,ICBP,RG,8525,1,D,CC,AK,D
14:16:13,ICBP,RG,8525,25,D,CC,CS,D
14:15:50,ICBP,RG,8525,228,D,CC,AK,D
14:15:46,ICBP,RG,8525,4,D,CC,CS,D
14:15:44,ICBP,RG,8550,2,D,XC,DX,F
14:15:35,ICBP,RG,8525,7,D,CC,AK,D
14:15:31,ICBP,RG,8525,2,D,CC,CS,D
14:15:15,ICBP,RG,8525,8,D,CC,AK,F
14:14:00,ICBP,RG,8525,71,D,CC,BB,D
14:14:00,ICBP,RG,8525,10,F,CS,BB,D
14:13:45,ICBP,RG,8525,1,F,CS,AK,F
14:13:30,ICBP,RG,8525,1,F,CS,AK,D
14:12:33,ICBP,RG,8525,15,F,CS,DX,F
14:12:30,ICBP,RG,8525,3,F,CS,AK,D
14:12:15,ICBP,RG,8525,7,F,CS,AK,D
14:12:10,ICBP,RG,8525,25,F,CS,CS,D
14:12:10,ICBP,RG,8525,16,F,CS,CC,D
14:12:10,ICBP,RG,8525,5,D,BK,CC,D
14:12:10,ICBP,RG,8525,2,D,XC,CC,D
14:12:10,ICBP,RG,8525,8,F,DX,CC,D
14:12:10,ICBP,RG,8525,10,F,ZP,CC,D
14:12:10,ICBP,RG,8525,24,D,LS,CC,D
14:12:10,ICBP,RG,8525,1,F,ZP,CC,D
14:12:10,ICBP,RG,8525,15,F,ZP,CC,D
14:12:10,ICBP,RG,8525,100,D,YU,CC,D
14:12:10,ICBP,RG,8525,1,F,ZP,CC,D
14:12:10,ICBP,RG,8525,31,F,ZP,CC,D
14:12:01,ICBP,RG,8525,10,F,ZP,AK,D
14:12:01,ICBP,RG,8525,2,D,CP,AK,D
14:12:01,ICBP,RG,8525,1,D,KK,AK,D
14:12:01,ICBP,RG,8525,23,F,ZP,AK,D
14:12:01,ICBP,RG,8525,38,F,CS,AK,D
14:12:01,ICBP,RG,8550,64,D,CC,DX,F
14:12:01,ICBP,RG,8550,54,D,CC,DX,F
14:12:01,ICBP,RG,8550,91,D,CC,DX,F
14:12:01,ICBP,RG,8550,10,D,CC,BK,F
14:11:30,ICBP,RG,8525,12,F,CS,AK,F
14:11:11,ICBP,RG,8525,1,F,CS,AK,D
14:11:11,ICBP,RG,8525,42,F,CS,DX,F
14:10:59,ICBP,RG,8525,4,F,CS,LG,D
14:10:45,ICBP,RG,8525,1,F,CS,AK,D
14:10:31,ICBP,RG,8550,3,D,PD,BK,F
14:10:30,ICBP,RG,8525,45,F,CS,AK,D
14:10:30,ICBP,RG,8525,1,D,XC,AK,D
14:10:30,ICBP,RG,8525,7,F,DX,AK,D
14:10:30,ICBP,RG,8525,11,D,BB,AK,D
14:10:30,ICBP,RG,8525,1,D,NI,AK,D
14:10:30,ICBP,RG,8525,4,F,YP,AK,D
14:10:30,ICBP,RG,8525,1,D,KK,AK,D
14:10:30,ICBP,RG,8525,6,D,BB,AK,D
14:10:30,ICBP,RG,8525,30,D,OD,AK,D
14:10:30,ICBP,RG,8525,2,F,ZP,AK,D
14:10:30,ICBP,RG,8525,18,F,ZP,AK,D
14:10:30,ICBP,RG,8525,16,F,ZP,AK,D
14:10:30,ICBP,RG,8525,1,D,PD,AK,D
14:10:30,ICBP,RG,8525,1,D,CC,AK,D
14:10:30,ICBP,RG,8525,1,D,CC,AK,D
14:10:30,ICBP,RG,8525,50,D,XL,AK,D
14:10:30,ICBP,RG,8525,1,D,YP,AK,D
14:10:30,ICBP,RG,8525,15,F,ZP,AK,D
14:10:30,ICBP,RG,8525,7,F,DX,AK,D
14:10:30,ICBP,RG,8525,1,D,CC,AK,D
14:10:30,ICBP,RG,8525,2,F,ZP,AK,D
14:10:30,ICBP,RG,8525,1,D,PD,AK,D
14:10:30,ICBP,RG,8525,10,F,ZP,AK,D
14:10:14,ICBP,RG,8550,3,F,DX,BK,F
14:10:11,ICBP,RG,8525,1,F,ZP,CS,D
14:10:11,ICBP,RG,8525,2,F,CC,CS,D
14:09:50,ICBP,RG,8525,1,F,CC,AK,D
14:09:37,ICBP,RG,8550,26,D,NI,BK,F
14:09:37,ICBP,RG,8550,1,D,NI,CS,D
14:09:37,ICBP,RG,8550,36,D,NI,BK,F
14:09:37,ICBP,RG,8550,1,D,NI,ZP,F
14:09:37,ICBP,RG,8550,1,D,NI,ZP,F
14:09:37,ICBP,RG,8550,3,D,NI,ZP,F
14:09:37,ICBP,RG,8550,1,D,NI,CS,D
14:09:37,ICBP,RG,8550,31,D,NI,AK,D
14:09:24,ICBP,RG,8525,10,F,CC,CS,D
14:09:19,ICBP,RG,8525,3,F,CC,PD,D
14:09:13,ICBP,RG,8525,42,F,CC,AK,D
14:09:13,ICBP,RG,8525,1,F,CC,ZP,F
14:09:11,ICBP,RG,8525,39,F,CC,DX,F
14:09:10,ICBP,RG,8525,1,F,CC,ZP,F
14:09:00,ICBP,RG,8525,3,F,CC,ZP,F
14:08:57,ICBP,RG,8525,3,F,CC,ZP,F
14:08:45,ICBP,RG,8525,1,F,CC,XC,D
14:08:45,ICBP,RG,8525,3,F,CC,AK,F
14:08:35,ICBP,RG,8525,9,F,CC,AK,D
14:08:35,ICBP,RG,8525,90,F,CC,AK,D
14:08:23,ICBP,RG,8550,4,F,DX,AK,D
14:08:00,ICBP,RG,8525,1,F,CC,AK,D
14:07:44,ICBP,RG,8525,9,F,CC,BK,F
14:07:31,ICBP,RG,8525,38,F,CC,DX,F
14:07:15,ICBP,RG,8525,21,F,CC,CS,D
14:07:09,ICBP,RG,8525,5,F,CC,YP,D
14:07:05,ICBP,RG,8525,2,F,CC,AK,D
14:07:05,ICBP,RG,8525,2,D,AI,AK,D
14:07:05,ICBP,RG,8525,71,F,CS,AK,D
14:07:00,ICBP,RG,8525,10,F,CS,BK,F
14:06:45,ICBP,RG,8525,67,F,CS,AK,D
14:06:16,ICBP,RG,8525,1,F,CS,AK,D
14:06:15,ICBP,RG,8525,3,F,CS,PD,D
14:06:15,ICBP,RG,8550,2,D,XL,AK,D
14:05:59,ICBP,RG,8525,1,F,CS,KZ,D
14:05:59,ICBP,RG,8525,2,D,AZ,KZ,D
14:05:59,ICBP,RG,8525,4,D,XC,KZ,D
14:05:59,ICBP,RG,8525,1,D,DR,KZ,D
14:05:59,ICBP,RG,8525,11,F,DX,KZ,D
14:05:59,ICBP,RG,8525,1,D,PD,KZ,D
14:05:59,ICBP,RG,8525,1,D,XC,KZ,D
14:05:59,ICBP,RG,8525,5,F,ZP,KZ,D
14:05:59,ICBP,RG,8525,14,F,ZP,KZ,D
14:05:59,ICBP,RG,8525,10,D,PD,KZ,D
14:05:59,ICBP,RG,8525,35,F,ZP,KZ,D
14:05:59,ICBP,RG,8525,14,F,ZP,KZ,D
14:05:56,ICBP,RG,8525,3,F,ZP,DX,F
14:05:56,ICBP,RG,8525,31,F,CS,DX,F
14:05:55,ICBP,RG,8550,4,D,LS,AK,D
14:05:55,ICBP,RG,8550,8,D,LS,AK,F
14:05:29,ICBP,RG,8525,8,F,CS,KZ,D
14:05:20,ICBP,RG,8550,8,D,LS,AK,F
14:05:11,ICBP,RG,8525,2,F,CS,CS,D
14:05:02,ICBP,RG,8525,9,F,CS,BK,F
14:05:00,ICBP,RG,8525,5,F,CS,AK,D
14:05:00,ICBP,RG,8525,3,D,YP,AK,D
14:05:00,ICBP,RG,8525,1,D,YP,AK,D
14:05:00,ICBP,RG,8525,23,D,YP,AK,D
14:04:30,ICBP,RG,8525,2,D,YP,CS,D
14:04:30,ICBP,RG,8525,1,F,DX,CS,D
14:04:30,ICBP,RG,8525,7,F,DX,DX,F
14:04:30,ICBP,RG,8525,1,D,XC,DX,F
14:04:30,ICBP,RG,8525,16,F,ZP,DX,F
14:04:30,ICBP,RG,8525,1,D,YP,DX,F
14:04:30,ICBP,RG,8525,1,D,HP,DX,F
14:04:30,ICBP,RG,8525,1,D,PD,DX,F
14:04:30,ICBP,RG,8525,9,D,YP,DX,F
14:04:29,ICBP,RG,8525,11,D,YP,DX,D
14:04:29,ICBP,RG,8525,100,D,YP,DX,D
14:04:29,ICBP,RG,8525,7,F,DX,DX,D
14:04:29,ICBP,RG,8525,10,D,CP,DX,D
14:04:29,ICBP,RG,8525,5,D,LG,DX,D
14:04:29,ICBP,RG,8525,5,D,BB,DX,D
14:04:29,ICBP,RG,8525,4,D,YP,DX,D
14:04:29,ICBP,RG,8525,5,D,PD,DX,D
14:04:29,ICBP,RG,8525,2,D,BB,DX,D
14:04:29,ICBP,RG,8525,50,F,ZP,DX,D
14:04:29,ICBP,RG,8525,1,F,ZP,DX,D
14:04:25,ICBP,RG,8550,1,D,PD,AK,F
14:04:20,ICBP,RG,8525,9,F,ZP,AK,D
14:04:11,ICBP,RG,8525,33,F,ZP,DX,F
14:04:11,ICBP,RG,8525,6,F,ZP,DX,F
14:04:08,ICBP,RG,8525,10,F,ZP,BK,F
14:04:00,ICBP,RG,8525,10,F,ZP,AK,D
14:03:50,ICBP,RG,8525,3,F,ZP,AK,D
14:03:44,ICBP,RG,8525,18,F,ZP,KZ,D
14:03:44,ICBP,RG,8525,78,F,CS,KZ,D
14:03:44,ICBP,RG,8525,8,D,CC,KZ,D
14:03:44,ICBP,RG,8525,57,D,YU,KZ,D
14:03:44,ICBP,RG,8525,50,D,YU,CC,D
14:03:44,ICBP,RG,8525,22,D,YU,KZ,D
14:03:39,ICBP,RG,8525,13,D,YU,KZ,D
14:03:24,ICBP,RG,8525,3,D,YU,EP,D
14:03:21,ICBP,RG,8525,5,D,YU,AK,F
14:03:20,ICBP,RG,8525,1,D,DH,CS,D
14:03:20,ICBP,RG,8525,1,D,XC,CS,D
14:03:20,ICBP,RG,8525,3,F,ZP,CS,D
14:03:20,ICBP,RG,8525,7,F,DX,CS,D
14:03:20,ICBP,RG,8525,1,D,XC,CS,D
14:03:20,ICBP,RG,8525,13,F,ZP,CS,D
14:03:20,ICBP,RG,8525,1,D,XA,CS,D
14:03:20,ICBP,RG,8525,1,D,EP,CS,D
14:03:20,ICBP,RG,8525,2,D,RO,CS,D
14:03:20,ICBP,RG,8550,1,D,XL,AK,F
14:03:11,ICBP,RG,8525,3,D,OD,DX,F
14:03:11,ICBP,RG,8525,10,D,PD,DX,F
14:03:11,ICBP,RG,8525,2,D,PD,DX,F
14:03:11,ICBP,RG,8525,25,F,CS,DX,F
14:03:09,ICBP,RG,8525,12,F,CS,CS,D
14:03:08,ICBP,RG,8525,77,F,CS,EP,D
14:02:51,ICBP,RG,8525,3,F,CS,ZP,F
14:02:14,ICBP,RG,8525,1,F,CS,ZP,F
14:02:03,ICBP,RG,8525,5,F,CS,AK,F
14:02:00,ICBP,RG,8525,25,F,CS,AK,D
14:02:00,ICBP,RG,8525,6,F,ZP,AK,D
14:02:00,ICBP,RG,8525,47,D,OD,AK,D
14:01:59,ICBP,RG,8525,10,D,OD,BK,F
14:01:34,ICBP,RG,8550,10,D,XL,AK,F
14:01:24,ICBP,RG,8550,1,D,DR,AK,F
14:01:22,ICBP,RG,8525,10,D,OD,BK,F
14:01:20,ICBP,RG,8525,33,D,OD,AK,D
14:01:20,ICBP,RG,8525,8,F,DX,AK,D
14:01:20,ICBP,RG,8525,7,F,ZP,AK,D
14:01:20,ICBP,RG,8525,10,D,PD,AK,D
14:01:20,ICBP,RG,8525,30,D,CC,AK,D
14:01:20,ICBP,RG,8525,5,D,LG,AK,D
14:01:20,ICBP,RG,8525,30,D,SQ,AK,D
14:01:20,ICBP,RG,8525,1,D,CC,AK,D
14:01:20,ICBP,RG,8525,1,F,ZP,AK,D
14:01:20,ICBP,RG,8525,2,D,XC,AK,D
14:01:20,ICBP,RG,8525,3,D,NI,AK,D
14:01:20,ICBP,RG,8525,100,D,DR,AK,D
14:01:20,ICBP,RG,8525,1,F,ZP,AK,D
14:01:20,ICBP,RG,8525,4,F,DX,AK,D
14:01:05,ICBP,RG,8550,1,D,CC,AK,F
14:01:00,ICBP,RG,8525,2,F,DX,AK,D
14:01:00,ICBP,RG,8525,4,D,XC,AK,D
14:01:00,ICBP,RG,8525,1,F,ZP,AK,D
14:01:00,ICBP,RG,8525,1,D,PD,AK,D
14:01:00,ICBP,RG,8525,9,F,CC,AK,D
14:00:46,ICBP,RG,8525,2,F,CC,CS,D
14:00:45,ICBP,RG,8525,12,F,CC,AK,D
14:00:45,ICBP,RG,8525,1,D,CC,AK,D
14:00:45,ICBP,RG,8525,10,D,LH,AK,D
14:00:45,ICBP,RG,8525,7,F,CS,AK,D
14:00:45,ICBP,RG,8525,2,F,CS,AK,F
14:00:45,ICBP,RG,8525,2,F,CS,AK,D
14:00:40,ICBP,RG,8550,15,D,PD,AK,F
14:00:11,ICBP,RG,8525,4,F,CS,CS,D
14:00:11,ICBP,RG,8525,37,F,CS,DX,F
14:00:05,ICBP,RG,8525,9,F,CS,AK,D
14:00:00,ICBP,RG,8525,3,F,CS,AK,F
13:59:45,ICBP,RG,8525,12,F,CS,AK,D
13:59:33,ICBP,RG,8550,25,D,EP,AK,F
13:59:15,ICBP,RG,8525,3,F,CS,AK,D
13:59:00,ICBP,RG,8525,10,F,CS,BK,F
13:58:31,ICBP,RG,8525,10,F,CS,BK,F
13:58:13,ICBP,RG,8525,1,F,CS,XC,D
13:57:56,ICBP,RG,8525,3,F,CS,SQ,D
13:57:56,ICBP,RG,8525,27,F,ZP,SQ,D
13:57:56,ICBP,RG,8525,7,D,XC,SQ,D
13:57:50,ICBP,RG,8525,1,D,XC,AK,D
13:57:49,ICBP,RG,8550,3,D,XL,AK,F
13:57:45,ICBP,RG,8525,3,D,XC,AK,F
13:57:45,ICBP,RG,8525,1,D,XC,AK,D
13:57:44,ICBP,RG,8550,10,D,SQ,AK,F
13:57:28,ICBP,RG,8550,20,F,YP,AK,F
13:57:27,ICBP,RG,8525,31,D,XC,CS,D
13:57:18,ICBP,RG,8525,12,D,XC,CS,D
13:57:11,ICBP,RG,8525,38,D,XC,DX,F
13:56:56,ICBP,RG,8550,11,D,XC,AK,F
13:56:50,ICBP,RG,8525,3,D,XC,AK,F
13:56:50,ICBP,RG,8525,26,D,XC,AK,D
13:56:20,ICBP,RG,8525,10,D,XC,BK,F
13:56:20,ICBP,RG,8525,8,D,XC,AK,D
13:56:00,ICBP,RG,8525,9,D,XC,BK,F
13:56:00,ICBP,RG,8525,1,D,XC,AK,D
13:55:54,ICBP,RG,8525,23,D,XC,KZ,D
13:55:54,ICBP,RG,8525,3,D,BB,KZ,D
13:55:54,ICBP,RG,8525,6,D,BB,KZ,D
13:55:54,ICBP,RG,8525,1,F,ZP,KZ,D
13:55:54,ICBP,RG,8525,9,F,DX,KZ,D
13:55:54,ICBP,RG,8525,57,F,ZP,KZ,D
13:55:51,ICBP,RG,8525,37,F,ZP,DX,F
13:55:51,ICBP,RG,8525,49,F,ZP,DX,F
13:55:50,ICBP,RG,8525,77,F,ZP,AK,D
13:55:50,ICBP,RG,8525,22,F,ZP,AK,D
13:55:50,ICBP,RG,8525,5,D,SQ,AK,D
13:55:50,ICBP,RG,8525,3,D,YP,AK,D
13:55:50,ICBP,RG,8525,1,D,XL,AK,D
13:55:50,ICBP,RG,8525,1,D,XC,AK,D
13:55:50,ICBP,RG,8525,1,D,LG,AK,D
13:55:50,ICBP,RG,8525,8,D,XL,AK,D
13:55:50,ICBP,RG,8525,3,D,KK,AK,D
13:55:50,ICBP,RG,8525,5,D,PD,AK,D
13:55:50,ICBP,RG,8525,5,D,XC,AK,D
13:55:50,ICBP,RG,8525,1,D,HP,AK,D
13:55:50,ICBP,RG,8525,10,D,NI,AK,D
13:55:50,ICBP,RG,8525,1,D,PD,AK,D
13:55:50,ICBP,RG,8525,2,D,IH,AK,D
13:55:50,ICBP,RG,8525,5,D,NI,AK,D
13:55:50,ICBP,RG,8525,3,D,XC,AK,D
13:55:50,ICBP,RG,8525,80,D,YU,AK,D
13:55:50,ICBP,RG,8525,1,D,XL,AK,D
13:55:50,ICBP,RG,8525,5,D,XL,AK,D
13:55:50,ICBP,RG,8525,2,D,XC,AK,D
13:55:50,ICBP,RG,8525,1,D,XC,AK,D
13:55:50,ICBP,RG,8525,6,D,XL,AK,D
13:55:50,ICBP,RG,8525,5,D,XC,AK,D
13:55:50,ICBP,RG,8525,2,D,XC,AK,D
13:55:50,ICBP,RG,8525,25,D,AG,AK,D
13:55:50,ICBP,RG,8525,1,D,LG,AK,D
13:55:50,ICBP,RG,8525,35,D,OD,AK,D
13:55:44,ICBP,RG,8550,5,D,SQ,AK,F
13:55:15,ICBP,RG,8525,1,D,OD,AK,F
13:54:16,ICBP,RG,8525,4,D,OD,AK,F
13:54:15,ICBP,RG,8525,60,D,OD,DX,F
13:54:15,ICBP,RG,8525,1,D,PD,DX,F
13:54:15,ICBP,RG,8525,5,D,YP,DX,F
13:54:13,ICBP,RG,8525,5,D,YP,CS,F
13:54:13,ICBP,RG,8525,2,D,PD,CS,F
13:54:13,ICBP,RG,8525,1,D,PD,CS,F
13:54:13,ICBP,RG,8525,6,D,PD,CS,F
13:54:13,ICBP,RG,8525,2,D,KK,CS,F
13:54:13,ICBP,RG,8525,30,D,DX,CS,F
13:54:13,ICBP,RG,8525,3,D,EP,CS,F
13:54:13,ICBP,RG,8525,1,D,EP,CS,F
13:54:13,ICBP,RG,8525,58,D,TP,CS,F
13:54:13,ICBP,RG,8525,5,D,GR,CS,F
13:54:13,ICBP,RG,8525,2,D,YP,CS,F
13:54:13,ICBP,RG,8525,3,D,AZ,CS,F
13:54:13,ICBP,RG,8525,5,D,XL,CS,F
13:54:13,ICBP,RG,8525,2,D,AZ,CS,F
13:54:13,ICBP,RG,8525,1,D,PD,CS,F
13:54:13,ICBP,RG,8525,37,D,XL,CS,F
13:54:13,ICBP,RG,8525,50,D,AT,CS,F
13:54:13,ICBP,RG,8525,2,D,KK,CS,F
13:54:13,ICBP,RG,8525,4,D,GR,CS,F
13:54:13,ICBP,RG,8525,2,D,AZ,CS,F
13:54:13,ICBP,RG,8525,10,D,YP,CS,F
13:54:13,ICBP,RG,8525,5,D,PD,CS,F
13:54:13,ICBP,RG,8525,13,D,PD,CS,F
13:54:13,ICBP,RG,8525,4,D,XC,CS,F
13:54:13,ICBP,RG,8525,3,D,XC,CS,F
13:54:13,ICBP,RG,8525,1,D,SQ,CS,F
13:54:13,ICBP,RG,8525,1,D,CC,CS,F
13:54:13,ICBP,RG,8525,3,D,XC,CS,F
13:54:13,ICBP,RG,8525,3,D,DR,CS,F
13:54:13,ICBP,RG,8525,1,D,XC,CS,F
13:54:13,ICBP,RG,8525,1,D,PD,CS,F
13:54:13,ICBP,RG,8525,1,D,XC,CS,F
13:54:13,ICBP,RG,8525,1,D,XC,CS,F
13:54:13,ICBP,RG,8525,1,D,PD,CS,F
13:54:13,ICBP,RG,8525,4,D,PD,CS,F
13:54:13,ICBP,RG,8525,2,D,DH,CS,F
13:54:13,ICBP,RG,8525,5,D,XC,CS,F
13:54:13,ICBP,RG,8525,36,D,XC,CS,F
13:54:13,ICBP,RG,8525,1,D,XC,CS,F
13:54:13,ICBP,RG,8525,1,D,PD,CS,F
13:54:13,ICBP,RG,8525,5,D,YP,CS,F
13:54:13,ICBP,RG,8525,1,D,NI,CS,F
13:54:13,ICBP,RG,8525,5,D,XC,CS,F
13:54:13,ICBP,RG,8525,5,D,PD,CS,F
13:54:13,ICBP,RG,8525,1,D,KK,CS,F
13:54:13,ICBP,RG,8525,5,D,YP,CS,F
13:54:13,ICBP,RG,8525,1,D,CC,CS,F
13:54:13,ICBP,RG,8525,1,D,MG,CS,F
13:54:13,ICBP,RG,8525,1,D,XC,CS,F
13:54:13,ICBP,RG,8525,5,D,XC,CS,F
13:54:13,ICBP,RG,8525,3,D,XC,CS,F
13:54:13,ICBP,RG,8525,2,D,PD,CS,F
13:54:13,ICBP,RG,8525,1,D,YP,CS,F
13:54:13,ICBP,RG,8525,6,D,XA,CS,F
13:54:13,ICBP,RG,8525,2,D,PD,CS,F
13:54:13,ICBP,RG,8525,1,D,XC,CS,F
13:54:13,ICBP,RG,8525,2,D,YP,CS,F
13:54:13,ICBP,RG,8525,10,D,YP,CS,F
13:54:13,ICBP,RG,8525,1,D,GR,CS,F
13:54:13,ICBP,RG,8525,3,D,YP,CS,F
13:54:13,ICBP,RG,8525,1,D,CC,CS,F
13:54:13,ICBP,RG,8525,16,D,YP,CS,F
13:54:13,ICBP,RG,8525,1,D,XC,CS,F
13:54:13,ICBP,RG,8525,2,D,YP,CS,F
13:54:13,ICBP,RG,8525,1,D,XC,CS,F
13:54:13,ICBP,RG,8525,10,D,YP,CS,F
13:54:13,ICBP,RG,8525,10,D,CC,CS,F
13:54:13,ICBP,RG,8525,1,D,PD,CS,F
13:54:13,ICBP,RG,8525,5,D,PD,CS,F
13:54:13,ICBP,RG,8525,1,D,PD,CS,F
13:54:13,ICBP,RG,8525,5,D,KK,CS,F
13:54:13,ICBP,RG,8525,1,D,YP,CS,F
13:54:13,ICBP,RG,8525,10,D,LG,CS,F
13:54:13,ICBP,RG,8525,100,D,XL,CS,F
13:54:13,ICBP,RG,8525,1,D,XC,CS,F
13:54:13,ICBP,RG,8525,2,D,XC,CS,F
13:54:13,ICBP,RG,8525,1,D,YP,CS,F
13:54:13,ICBP,RG,8525,1,D,YP,CS,F
13:54:13,ICBP,RG,8525,5,D,KK,CS,F
13:54:13,ICBP,RG,8525,2,D,EP,CS,F
13:54:13,ICBP,RG,8525,5,D,PD,CS,F
13:54:13,ICBP,RG,8525,5,D,XL,CS,F
13:54:13,ICBP,RG,8525,1,D,XC,CS,F
13:54:13,ICBP,RG,8525,1,D,PD,CS,F
13:54:13,ICBP,RG,8525,2,D,KK,CS,F
13:54:13,ICBP,RG,8525,3,D,LG,CS,F
13:54:13,ICBP,RG,8525,1,D,XL,CS,F
13:54:13,ICBP,RG,8525,81,D,XL,CS,F
13:54:13,ICBP,RG,8525,2,D,KK,CS,F
13:54:13,ICBP,RG,8525,2,D,XL,CS,F
13:54:13,ICBP,RG,8525,3,D,YP,CS,F
13:54:13,ICBP,RG,8525,1,D,YP,CS,F
13:54:13,ICBP,RG,8525,10,D,NI,CS,F
13:54:13,ICBP,RG,8525,10,D,XL,CS,F
13:54:13,ICBP,RG,8525,1,D,YP,CS,F
13:54:13,ICBP,RG,8525,5,D,SQ,CS,F
13:54:13,ICBP,RG,8525,5,D,XC,CS,F
13:54:13,ICBP,RG,8525,65,D,AZ,CS,F
13:54:10,ICBP,RG,8525,13,D,AZ,XC,D
13:54:08,ICBP,RG,8550,2,D,XL,AK,F
13:54:05,ICBP,RG,8550,20,D,PD,AK,F
13:53:49,ICBP,RG,8525,9,D,AZ,BK,F
13:53:46,ICBP,RG,8550,1,D,CC,AK,F
13:53:45,ICBP,RG,8525,33,D,AZ,AK,D
13:53:35,ICBP,RG,8525,42,D,AZ,DX,F
13:53:31,ICBP,RG,8525,1,D,AZ,ZP,F
13:53:23,ICBP,RG,8525,1,D,AZ,PD,D
13:53:21,ICBP,RG,8525,1,D,AZ,AK,D
13:53:12,ICBP,RG,8525,11,D,AZ,BK,F
13:52:45,ICBP,RG,8525,12,D,AZ,AK,D
13:52:30,ICBP,RG,8550,2,D,EP,AK,F
13:52:30,ICBP,RG,8525,9,D,AZ,AK,D
13:52:12,ICBP,RG,8550,1,D,XL,AK,F
13:51:55,ICBP,RG,8525,50,D,AZ,SA,D
13:51:51,ICBP,RG,8525,1,D,AZ,PD,D
13:51:30,ICBP,RG,8525,3,D,AZ,AK,F
13:51:28,ICBP,RG,8525,4,D,AZ,BK,F
13:51:28,ICBP,RG,8525,5,D,YP,BK,F
13:50:41,ICBP,RG,8525,10,D,YP,BK,F
13:50:30,ICBP,RG,8525,81,D,YP,AK,D
13:50:15,ICBP,RG,8525,4,D,YP,AK,D
13:50:15,ICBP,RG,8525,10,D,YP,AK,D
13:50:15,ICBP,RG,8525,5,D,DH,AK,D
13:50:15,ICBP,RG,8525,3,D,YP,AK,D
13:50:15,ICBP,RG,8525,2,D,YP,AK,D
13:50:15,ICBP,RG,8525,2,D,YP,AK,D
13:50:15,ICBP,RG,8525,10,D,PD,AK,D
13:50:15,ICBP,RG,8525,1,D,OD,AK,D
13:50:15,ICBP,RG,8525,3,D,XC,AK,D
13:50:15,ICBP,RG,8525,1,D,EP,AK,D
13:50:15,ICBP,RG,8525,6,D,XC,AK,D
13:50:15,ICBP,RG,8525,1,D,NI,AK,D
13:50:15,ICBP,RG,8525,1,D,YP,AK,D
13:50:15,ICBP,RG,8525,5,D,PD,AK,D
13:50:15,ICBP,RG,8525,3,D,GR,AK,D
13:50:15,ICBP,RG,8525,23,D,OD,AK,D
13:50:15,ICBP,RG,8525,167,D,ZP,AK,D
13:50:00,ICBP,RG,8525,1,D,ZP,XL,D
13:50:00,ICBP,RG,8525,4,D,ZP,AK,D
13:49:59,ICBP,RG,8525,12,D,ZP,PD,D
13:49:35,ICBP,RG,8550,3,D,PD,AK,F
13:49:33,ICBP,RG,8575,96,F,ZP,KZ,D
13:49:33,ICBP,RG,8575,25,F,ZP,KZ,D
13:49:33,ICBP,RG,8575,3,F,ZP,XL,D
13:49:33,ICBP,RG,8575,15,F,ZP,AK,D
13:49:33,ICBP,RG,8550,1,F,ZP,ZP,F
13:49:33,ICBP,RG,8550,3,F,ZP,ZP,F
13:49:33,ICBP,RG,8550,47,F,ZP,AK,F
13:49:33,ICBP,RG,8550,10,F,ZP,CS,D
13:49:33,ICBP,RG,8550,4,F,ZP,CS,D
13:49:33,ICBP,RG,8550,2,F,ZP,CS,D
13:49:33,ICBP,RG,8550,1,F,ZP,CS,D
13:49:33,ICBP,RG,8550,7,F,DX,AK,F
13:49:33,ICBP,RG,8550,13,F,ZP,AK,F
13:49:33,ICBP,RG,8550,1,D,OD,AK,F
13:49:33,ICBP,RG,8550,18,D,LH,AK,F
13:49:33,ICBP,RG,8550,8,D,LH,AK,F
13:49:33,ICBP,RG,8550,3,D,YP,AK,F
13:49:33,ICBP,RG,8550,2,D,DH,AK,F
13:49:33,ICBP,RG,8550,8,D,DH,CS,D
13:49:33,ICBP,RG,8550,2,D,XC,CS,D
13:49:33,ICBP,RG,8550,6,D,XC,CS,D
13:49:33,ICBP,RG,8550,1,D,XC,CS,D
13:49:33,ICBP,RG,8550,14,D,XC,BB,D
13:49:33,ICBP,RG,8550,19,F,DX,BB,D
13:49:33,ICBP,RG,8550,8,D,BB,BB,D
13:49:33,ICBP,RG,8550,21,D,BB,BB,D
13:49:33,ICBP,RG,8550,1,D,XC,BB,D
13:49:33,ICBP,RG,8550,155,F,CS,BB,D
13:49:33,ICBP,RG,8550,1,D,XC,BB,D
13:49:33,ICBP,RG,8550,1,D,LG,BB,D
13:49:33,ICBP,RG,8550,1,D,PD,BB,D
13:49:33,ICBP,RG,8550,7,F,DX,BB,D
13:49:33,ICBP,RG,8550,1,F,ZP,BB,D
13:49:33,ICBP,RG,8550,1,D,XC,BB,D
13:49:33,ICBP,RG,8550,7,F,DX,BB,D
13:49:33,ICBP,RG,8550,1,D,XC,BB,D
13:49:33,ICBP,RG,8550,1,D,XC,BB,D
13:49:33,ICBP,RG,8550,1,D,YU,BB,D
13:49:33,ICBP,RG,8550,5,D,XC,BB,D
13:49:33,ICBP,RG,8550,1,D,XC,BB,D
13:49:33,ICBP,RG,8550,3,D,EP,BB,D
13:49:33,ICBP,RG,8550,1,D,XC,BB,D
13:49:33,ICBP,RG,8550,10,F,DX,BB,D
13:49:33,ICBP,RG,8550,5,D,PD,BB,D
13:49:33,ICBP,RG,8550,15,F,ZP,BB,D
13:49:33,ICBP,RG,8550,1,F,ZP,BB,D
13:49:33,ICBP,RG,8550,5,D,NI,BB,D
13:49:33,ICBP,RG,8550,4,F,CC,BB,D
13:49:33,ICBP,RG,8550,9,F,ZP,BB,D
13:49:33,ICBP,RG,8550,148,F,CS,BB,D
13:49:33,ICBP,RG,8550,2,D,CC,BB,D
13:49:33,ICBP,RG,8550,8,F,DX,BB,D
13:49:33,ICBP,RG,8550,7,F,DX,BB,D
13:49:33,ICBP,RG,8550,3,D,DR,BB,D
13:49:33,ICBP,RG,8550,65,F,ZP,BB,D
13:49:33,ICBP,RG,8550,500,D,OD,BB,D
13:49:33,ICBP,RG,8550,10,F,DX,BB,D
13:49:33,ICBP,RG,8550,1,D,XC,BB,D
13:49:33,ICBP,RG,8550,16,F,ZP,BB,D
13:49:33,ICBP,RG,8550,37,F,ZP,BB,D
13:49:33,ICBP,RG,8550,10,F,ZP,BB,D
13:49:33,ICBP,RG,8550,32,F,ZP,BB,D
13:49:33,ICBP,RG,8550,81,F,ZP,BB,D
13:49:33,ICBP,RG,8550,52,F,ZP,BB,D
13:49:33,ICBP,RG,8550,38,F,CS,BB,D
13:49:33,ICBP,RG,8550,10,D,YP,BB,D
13:49:33,ICBP,RG,8550,5,F,ZP,BB,D
13:49:33,ICBP,RG,8550,1,D,HP,BB,D
13:49:33,ICBP,RG,8550,10,F,ZP,BB,D
13:49:33,ICBP,RG,8550,12,D,XC,BB,D
13:49:33,ICBP,RG,8550,50,F,ZP,BB,D
13:49:33,ICBP,RG,8550,500,D,GR,BB,D
13:49:33,ICBP,RG,8550,1,D,YP,BB,D
13:49:33,ICBP,RG,8550,1,D,PD,BB,D
13:49:33,ICBP,RG,8550,160,F,CS,BB,D
13:49:33,ICBP,RG,8550,10,D,CC,BB,D
13:49:33,ICBP,RG,8550,1,D,LG,BB,D
13:49:33,ICBP,RG,8550,3,D,XC,BB,D
13:49:33,ICBP,RG,8550,6,D,XC,BB,D
13:49:33,ICBP,RG,8550,3,D,YP,BB,D
13:49:33,ICBP,RG,8550,10,D,XC,BB,D
13:49:33,ICBP,RG,8550,1,D,KK,BB,D
13:49:33,ICBP,RG,8550,1,D,DR,BB,D
13:49:33,ICBP,RG,8550,14,F,ZP,BB,D
13:49:33,ICBP,RG,8550,42,D,YU,BB,D
13:49:30,ICBP,RG,8550,17,D,YU,AK,D
13:49:23,ICBP,RG,8550,3,D,YU,CS,D
13:49:22,ICBP,RG,8575,2,F,ZP,AK,D
13:49:09,ICBP,RG,8550,9,D,YU,BK,F
13:48:45,ICBP,RG,8550,1,D,YU,AK,D
13:48:22,ICBP,RG,8575,1,D,OD,AK,D
13:48:15,ICBP,RG,8575,11,F,ZP,AK,D
13:48:15,ICBP,RG,8575,7,F,ZP,AK,D
13:48:15,ICBP,RG,8575,5,F,ZP,KZ,D
13:48:15,ICBP,RG,8550,8,D,YU,AK,D
13:48:15,ICBP,RG,8550,20,D,YU,AK,D
13:48:15,ICBP,RG,8550,13,F,ZP,AK,D
13:48:15,ICBP,RG,8550,46,F,ZP,AK,D
13:48:15,ICBP,RG,8550,88,F,CS,AK,D
13:48:15,ICBP,RG,8550,32,F,CS,AK,D
13:48:15,ICBP,RG,8550,32,F,CS,AK,D
13:48:15,ICBP,RG,8550,15,F,ZP,AK,D
13:48:14,ICBP,RG,8575,4,F,ZP,KZ,D
13:48:14,ICBP,RG,8550,10,F,ZP,BK,F
13:48:04,ICBP,RG,8550,1,F,ZP,AK,D
13:48:04,ICBP,RG,8575,4,F,ZP,KZ,D
13:48:04,ICBP,RG,8575,1,F,ZP,AK,D
13:48:04,ICBP,RG,8575,16,F,ZP,CS,F
13:48:04,ICBP,RG,8550,48,F,ZP,KZ,D
13:48:04,ICBP,RG,8550,1,D,CC,KZ,D
13:48:04,ICBP,RG,8550,2,D,XC,KZ,D
13:48:04,ICBP,RG,8550,100,D,CC,KZ,D
13:48:04,ICBP,RG,8550,2,D,XL,KZ,D
13:48:04,ICBP,RG,8550,1,D,XC,KZ,D
13:48:04,ICBP,RG,8550,1,D,XC,KZ,D
13:48:04,ICBP,RG,8550,2,D,XC,KZ,D
13:48:04,ICBP,RG,8550,1,D,XC,KZ,D
13:48:04,ICBP,RG,8550,2,D,CC,KZ,D
13:48:04,ICBP,RG,8550,2,D,XC,KZ,D
13:48:04,ICBP,RG,8550,1,D,XC,KZ,D
13:48:04,ICBP,RG,8550,1,D,XC,KZ,D
13:48:04,ICBP,RG,8550,1,D,CC,KZ,D
13:48:04,ICBP,RG,8550,1,D,XL,KZ,D
13:48:04,ICBP,RG,8550,12,D,CC,KZ,D
13:48:04,ICBP,RG,8550,4,D,DR,KZ,D
13:48:04,ICBP,RG,8550,2,D,BB,KZ,D
13:48:04,ICBP,RG,8550,5,D,BB,KZ,D
13:48:04,ICBP,RG,8550,1,D,CC,KZ,D
13:48:04,ICBP,RG,8550,7,D,XL,KZ,D
13:48:04,ICBP,RG,8550,3,D,XL,AK,F
13:48:04,ICBP,RG,8550,6,D,BB,AK,F
13:48:04,ICBP,RG,8550,1,D,CC,AK,F
13:48:04,ICBP,RG,8550,1,D,KK,AK,F
13:48:04,ICBP,RG,8550,3,D,PD,AK,F
13:48:04,ICBP,RG,8550,50,D,PD,AK,F
13:48:04,ICBP,RG,8550,1,D,PD,AK,F
13:48:04,ICBP,RG,8550,5,D,YP,AK,F
13:48:04,ICBP,RG,8550,2,D,PD,AK,F
13:48:04,ICBP,RG,8550,3,D,YP,AK,F
13:48:04,ICBP,RG,8550,4,D,YP,AK,F
13:48:04,ICBP,RG,8550,2,D,KK,AK,F
13:48:04,ICBP,RG,8550,3,D,YP,AK,F
13:48:04,ICBP,RG,8550,4,D,PD,AK,F
13:48:04,ICBP,RG,8550,2,D,PD,AK,F
13:48:04,ICBP,RG,8550,1,D,PD,AK,F
13:48:04,ICBP,RG,8550,1,D,YP,AK,F
13:48:04,ICBP,RG,8550,8,D,KK,AK,F
13:48:04,ICBP,RG,8550,1,D,PD,AK,F
13:48:04,ICBP,RG,8550,40,D,YP,AK,F
13:48:04,ICBP,RG,8550,6,D,YP,AK,F
13:48:04,ICBP,RG,8550,5,D,PD,AK,F
13:48:04,ICBP,RG,8550,2,D,PD,AK,F
13:48:04,ICBP,RG,8550,1,D,KK,AK,F
13:48:04,ICBP,RG,8550,2,D,KK,AK,F
13:48:04,ICBP,RG,8550,5,D,KK,AK,F
13:48:04,ICBP,RG,8550,100,D,KK,AK,F
13:48:04,ICBP,RG,8550,1,D,KK,AK,F
13:48:04,ICBP,RG,8550,1,D,KK,AK,F
13:48:04,ICBP,RG,8550,2,D,DX,AK,F
13:48:04,ICBP,RG,8550,5,D,EP,AK,F
13:48:04,ICBP,RG,8550,7,D,EP,AK,F
13:48:04,ICBP,RG,8550,1,D,DH,AK,F
13:48:04,ICBP,RG,8550,5,D,GR,AK,F
13:48:04,ICBP,RG,8550,1,D,EP,AK,F
13:48:04,ICBP,RG,8550,181,D,EP,AK,F
13:48:02,ICBP,RG,8550,1,D,EP,AK,D
13:48:02,ICBP,RG,8550,1,D,EP,AK,D
13:48:02,ICBP,RG,8550,4,D,EP,AK,D
13:48:02,ICBP,RG,8550,1,D,EP,AK,D
13:48:01,ICBP,RG,8550,15,D,EP,XL,D
13:48:01,ICBP,RG,8550,1,D,EP,AK,D
13:48:01,ICBP,RG,8550,2,D,EP,AK,D
13:48:01,ICBP,RG,8550,1,D,EP,AK,D
13:48:00,ICBP,RG,8550,3,D,EP,AK,D
13:48:00,ICBP,RG,8550,11,D,EP,AK,D
13:48:00,ICBP,RG,8550,5,D,EP,AK,D
13:48:00,ICBP,RG,8550,47,D,EP,DX,F
13:48:00,ICBP,RG,8550,19,D,EP,AK,D
13:48:00,ICBP,RG,8550,4,D,EP,AK,D
13:48:00,ICBP,RG,8550,4,D,EP,AK,D
13:48:00,ICBP,RG,8550,1,D,XL,AK,D
13:47:52,ICBP,RG,8550,1,D,XL,CS,D
13:47:52,ICBP,RG,8550,4,D,XC,CS,D
13:47:52,ICBP,RG,8550,5,D,YP,CS,D
13:47:52,ICBP,RG,8550,21,D,NI,CS,D
13:47:46,ICBP,RG,8575,50,D,EP,CS,F
13:47:45,ICBP,RG,8550,1,D,NI,AK,D
13:47:45,ICBP,RG,8550,1,D,NI,AK,D
13:47:30,ICBP,RG,8550,1,D,NI,AK,D
13:47:30,ICBP,RG,8550,1,D,NI,AK,D
13:47:30,ICBP,RG,8550,2,D,NI,AK,D
13:47:30,ICBP,RG,8550,2,D,NI,AK,D
13:47:29,ICBP,RG,8575,5,D,PD,CS,F
13:47:22,ICBP,RG,8575,2,F,ZP,CS,F
13:47:15,ICBP,RG,8550,1,D,NI,AK,D
13:47:15,ICBP,RG,8550,1,D,DR,AK,D
13:47:15,ICBP,RG,8550,1,D,YU,AK,D
13:47:08,ICBP,RG,8550,4,D,YU,AK,F
13:47:00,ICBP,RG,8550,1,D,YU,AK,D
13:47:00,ICBP,RG,8550,4,D,YU,AK,D
13:47:00,ICBP,RG,8550,1,D,LG,AK,D
13:47:00,ICBP,RG,8550,1,D,LG,AK,D
13:47:00,ICBP,RG,8550,2,D,LG,AK,D
13:46:56,ICBP,RG,8550,2,D,LG,CS,D
13:46:56,ICBP,RG,8550,5,D,XC,CS,D
13:46:56,ICBP,RG,8550,1,D,XC,CS,D
13:46:56,ICBP,RG,8550,4,D,EP,CS,D
13:46:55,ICBP,RG,8550,6,D,EP,BK,F
13:46:55,ICBP,RG,8550,1,D,PD,BK,F
13:46:55,ICBP,RG,8550,2,F,ZP,BK,F
13:46:45,ICBP,RG,8550,2,F,ZP,AK,D
13:46:40,ICBP,RG,8550,1,F,ZP,ZP,F
13:46:34,ICBP,RG,8575,5,D,XL,CS,F
13:46:30,ICBP,RG,8550,1,F,ZP,AK,D
13:46:30,ICBP,RG,8550,1,F,ZP,AK,D
13:46:30,ICBP,RG,8550,6,F,ZP,AK,D
13:46:30,ICBP,RG,8550,5,F,CS,AK,D
13:46:30,ICBP,RG,8550,2,F,CS,AK,D
13:46:30,ICBP,RG,8550,3,F,CS,AK,D
13:46:28,ICBP,RG,8550,1,F,CS,XC,D
13:46:20,ICBP,RG,8550,1,F,CS,AK,D
13:46:20,ICBP,RG,8550,45,F,CS,DX,F
13:46:00,ICBP,RG,8550,1,F,CS,AK,D
13:46:00,ICBP,RG,8550,1,F,CS,AK,D
13:45:50,ICBP,RG,8550,1,F,CS,XC,D
13:45:45,ICBP,RG,8550,2,F,CS,AK,D
13:45:38,ICBP,RG,8550,11,F,CS,BK,F
13:45:30,ICBP,RG,8550,1,F,CS,AK,D
13:45:30,ICBP,RG,8550,1,F,CS,AK,D
13:45:30,ICBP,RG,8550,1,F,CS,AK,D
13:45:29,ICBP,RG,8550,3,F,CS,CS,D
13:45:15,ICBP,RG,8550,11,F,CS,AK,D
13:45:15,ICBP,RG,8550,4,F,CS,AK,D
13:45:10,ICBP,RG,8550,1,F,CS,AK,D
13:45:09,ICBP,RG,8575,14,D,PD,CS,F
13:45:06,ICBP,RG,8550,1,F,CS,AK,D
13:45:05,ICBP,RG,8550,27,F,CS,CC,D
13:45:05,ICBP,RG,8550,1,D,HP,CC,D
13:45:05,ICBP,RG,8550,1,D,AZ,CC,D
13:45:05,ICBP,RG,8550,1,F,ZP,CC,D
13:45:00,ICBP,RG,8550,2,F,CS,AK,D
13:44:58,ICBP,RG,8550,3,F,CS,ZP,F
13:44:46,ICBP,RG,8550,1,F,CS,AK,D
13:44:45,ICBP,RG,8550,1,F,CS,AK,D
13:44:45,ICBP,RG,8550,1,F,CS,AK,D
13:44:45,ICBP,RG,8550,1,F,CS,AK,D
13:44:45,ICBP,RG,8550,18,F,CS,AK,D
13:44:45,ICBP,RG,8550,6,F,CS,AK,D
13:44:43,ICBP,RG,8550,3,F,CS,AK,D
13:44:42,ICBP,RG,8550,49,F,CS,CC,D
13:44:42,ICBP,RG,8550,1,D,XC,CC,D
13:44:42,ICBP,RG,8550,1,F,ZP,CC,D
13:44:42,ICBP,RG,8550,1,D,XC,CC,D
13:44:42,ICBP,RG,8550,21,F,CS,CC,D
13:44:30,ICBP,RG,8550,3,F,CS,AK,D
13:44:28,ICBP,RG,8550,10,F,CS,BK,F
13:44:15,ICBP,RG,8550,2,F,CS,AK,D
13:44:15,ICBP,RG,8550,1,F,CS,AK,D
13:44:07,ICBP,RG,8550,1,F,CS,AK,D
13:44:07,ICBP,RG,8550,1,F,CS,AK,D
13:44:06,ICBP,RG,8550,5,F,CS,CS,D
13:44:00,ICBP,RG,8575,2,D,YP,CS,F
13:44:00,ICBP,RG,8550,5,F,CS,AK,D
13:44:00,ICBP,RG,8550,1,F,CS,AK,D
13:43:52,ICBP,RG,8575,1,F,ZP,CS,F
13:43:50,ICBP,RG,8550,2,F,CS,AK,D
13:43:40,ICBP,RG,8575,2,D,NI,CS,F
13:43:36,ICBP,RG,8550,2,F,CS,PD,D
13:43:30,ICBP,RG,8550,7,F,CS,AK,D
13:43:30,ICBP,RG,8550,1,F,CS,AK,D
13:43:29,ICBP,RG,8550,9,F,CS,BK,F
13:43:20,ICBP,RG,8550,21,F,CS,AK,D
13:43:20,ICBP,RG,8550,1,F,ZP,AK,D
13:43:20,ICBP,RG,8550,5,F,CS,AK,D
13:43:15,ICBP,RG,8550,1,F,CS,AK,D
13:43:15,ICBP,RG,8550,1,F,CS,AK,D
13:42:54,ICBP,RG,8550,10,F,CS,AK,D
13:42:53,ICBP,RG,8575,58,D,YP,CS,F
13:42:50,ICBP,RG,8550,11,F,CS,AK,D
13:42:50,ICBP,RG,8550,1,F,CS,AK,D
13:42:16,ICBP,RG,8550,2,F,CS,CS,D
13:42:16,ICBP,RG,8550,13,D,XC,CS,D
13:42:16,ICBP,RG,8550,21,F,CS,CS,D
13:41:52,ICBP,RG,8575,1,F,ZP,CS,F
13:41:23,ICBP,RG,8550,1,F,CS,ZP,F
13:41:15,ICBP,RG,8550,16,F,CS,AK,D
13:41:15,ICBP,RG,8550,1,F,ZP,AK,D
13:41:15,ICBP,RG,8550,21,F,CS,AK,D
13:41:15,ICBP,RG,8550,1,D,YP,AK,D
13:41:15,ICBP,RG,8550,3,D,DX,AK,D
13:41:15,ICBP,RG,8550,5,D,LG,AK,D
13:41:15,ICBP,RG,8550,1,D,PD,AK,D
13:41:15,ICBP,RG,8550,2,D,AZ,AK,D
13:41:15,ICBP,RG,8550,1,D,CC,AK,D
13:41:15,ICBP,RG,8550,10,D,YP,AK,D
13:41:15,ICBP,RG,8550,5,D,PD,AK,D
13:41:15,ICBP,RG,8550,5,D,CC,AK,D
13:41:15,ICBP,RG,8550,12,D,LG,AK,D
13:41:15,ICBP,RG,8550,9,D,EP,AK,D
13:41:02,ICBP,RG,8550,1,D,EP,BQ,D
13:41:00,ICBP,RG,8550,2,D,EP,AK,D
13:41:00,ICBP,RG,8550,1,D,PD,AK,D
13:41:00,ICBP,RG,8550,1,D,KK,AK,D
13:41:00,ICBP,RG,8550,11,D,KK,AK,D
13:41:00,ICBP,RG,8550,5,D,XC,AK,D
13:41:00,ICBP,RG,8550,1,F,ZP,AK,D
13:41:00,ICBP,RG,8550,3,F,ZP,AK,D
13:41:00,ICBP,RG,8550,12,D,SQ,AK,D
13:41:00,ICBP,RG,8550,1,D,DH,AK,D
13:41:00,ICBP,RG,8550,1,D,PD,AK,D
13:41:00,ICBP,RG,8550,1,D,XC,AK,D
13:41:00,ICBP,RG,8550,2,D,DR,AK,D
13:41:00,ICBP,RG,8550,1,D,XC,AK,D
13:41:00,ICBP,RG,8550,1,D,PD,AK,D
13:41:00,ICBP,RG,8550,3,D,PD,AK,D
13:40:54,ICBP,RG,8550,1,D,PD,AK,D
13:40:53,ICBP,RG,8550,4,D,PD,YP,D
13:40:53,ICBP,RG,8550,20,D,YP,YP,D
13:40:53,ICBP,RG,8550,58,D,YP,YP,D
13:40:53,ICBP,RG,8550,3,D,NI,YP,D
13:40:53,ICBP,RG,8550,20,D,NI,YP,D
13:40:53,ICBP,RG,8550,10,D,CC,YP,D
13:40:53,ICBP,RG,8550,2,D,XC,YP,D
13:40:53,ICBP,RG,8550,10,D,KK,YP,D
13:40:53,ICBP,RG,8550,1,D,CC,YP,D
13:40:53,ICBP,RG,8550,23,F,ZP,YP,D
13:40:53,ICBP,RG,8550,2,D,NI,YP,D
13:40:53,ICBP,RG,8550,25,D,YU,YP,D
13:40:53,ICBP,RG,8550,4,F,ZP,YP,D
13:40:53,ICBP,RG,8550,5,D,KK,YP,D
13:40:53,ICBP,RG,8550,10,D,YP,YP,D
13:40:53,ICBP,RG,8550,3,F,ZP,YP,D
13:40:49,ICBP,RG,8550,6,F,ZP,KZ,D
13:40:49,ICBP,RG,8550,44,F,CS,KZ,D
13:40:49,ICBP,RG,8550,8,F,ZP,KZ,D
13:40:49,ICBP,RG,8550,1,D,AZ,KZ,D
13:40:49,ICBP,RG,8550,31,F,CS,KZ,D
13:40:49,ICBP,RG,8550,1,D,XC,KZ,D
13:40:49,ICBP,RG,8550,5,D,LG,KZ,D
13:40:49,ICBP,RG,8550,1,D,XC,KZ,D
13:40:49,ICBP,RG,8550,1,D,CC,KZ,D
13:40:49,ICBP,RG,8550,5,D,XL,KZ,D
13:40:49,ICBP,RG,8550,15,D,XC,KZ,D
13:40:49,ICBP,RG,8550,5,D,EP,KZ,D
13:40:49,ICBP,RG,8550,5,D,NI,KZ,D
13:40:49,ICBP,RG,8550,6,F,ZP,KZ,D
13:40:49,ICBP,RG,8550,19,F,ZP,KZ,D
13:40:49,ICBP,RG,8550,9,F,ZP,KZ,D
13:40:45,ICBP,RG,8550,11,F,ZP,AK,D
13:40:45,ICBP,RG,8550,3,F,ZP,AK,D
13:40:30,ICBP,RG,8550,1,F,ZP,AK,D
13:40:30,ICBP,RG,8550,8,F,ZP,AK,D
13:40:15,ICBP,RG,8550,23,F,ZP,AK,D
13:40:00,ICBP,RG,8550,1,F,ZP,AK,D
13:40:00,ICBP,RG,8550,1,F,ZP,AK,D
13:40:00,ICBP,RG,8550,1,F,ZP,AK,D
13:40:00,ICBP,RG,8550,3,F,ZP,AK,D
13:40:00,ICBP,RG,8550,87,F,ZP,AK,D
13:40:00,ICBP,RG,8550,27,F,ZP,AK,D
13:40:00,ICBP,RG,8575,107,F,CS,CS,F
13:40:00,ICBP,RG,8575,9,F,CS,DX,F
13:40:00,ICBP,RG,8575,100,F,CS,XL,D
13:40:00,ICBP,RG,8575,14,F,CS,YP,D
13:40:00,ICBP,RG,8575,2,F,CS,YP,D
13:40:00,ICBP,RG,8575,3,F,CS,AK,F
13:40:00,ICBP,RG,8575,41,F,CS,DX,D
13:40:00,ICBP,RG,8575,7,F,CS,DX,F
13:40:00,ICBP,RG,8575,1,F,CS,ZP,F
13:40:00,ICBP,RG,8575,62,F,CS,DX,F
13:40:00,ICBP,RG,8575,1,F,CS,BK,F
13:40:00,ICBP,RG,8575,3,F,CS,ZP,F
13:40:00,ICBP,RG,8575,9,F,CS,BK,F
13:40:00,ICBP,RG,8575,32,F,CS,DX,F
13:40:00,ICBP,RG,8550,3,F,ZP,AK,D
13:40:00,ICBP,RG,8550,1,F,ZP,AK,D
13:39:55,ICBP,RG,8550,10,F,ZP,BK,F
13:39:46,ICBP,RG,8550,1,F,ZP,BQ,D
13:39:30,ICBP,RG,8550,4,F,ZP,AK,D
13:39:30,ICBP,RG,8550,1,F,ZP,AK,D
13:39:30,ICBP,RG,8550,1,F,ZP,AK,D
13:39:27,ICBP,RG,8575,2,F,ZP,DX,F
13:39:26,ICBP,RG,8550,12,F,ZP,HP,D
13:38:45,ICBP,RG,8550,1,F,ZP,AK,D
13:38:45,ICBP,RG,8550,1,F,ZP,AK,D
13:38:45,ICBP,RG,8550,1,F,ZP,AK,D
13:38:35,ICBP,RG,8550,4,F,ZP,BB,D
13:38:35,ICBP,RG,8550,3,F,ZP,AK,D
13:38:30,ICBP,RG,8550,1,F,ZP,AK,D
13:38:30,ICBP,RG,8550,2,F,ZP,AK,D
13:38:30,ICBP,RG,8550,3,F,ZP,AK,D
13:38:24,ICBP,RG,8550,7,F,ZP,BB,D
13:38:18,ICBP,RG,8550,6,F,ZP,AK,D
13:38:18,ICBP,RG,8550,8,D,CC,AK,D
13:38:17,ICBP,RG,8550,1,D,CC,BB,D
13:38:11,ICBP,RG,8550,1,D,CC,XC,D
13:37:45,ICBP,RG,8550,1,D,OD,AK,D
13:37:37,ICBP,RG,8550,1,D,XC,BB,D
13:37:37,ICBP,RG,8550,11,D,KK,BB,D
13:37:30,ICBP,RG,8550,9,D,KK,AK,D
13:37:30,ICBP,RG,8550,1,D,NI,AK,D
13:37:30,ICBP,RG,8550,14,D,KI,AK,D
13:37:16,ICBP,RG,8550,11,D,KI,BB,D
13:37:16,ICBP,RG,8550,5,D,GR,BB,D
13:37:16,ICBP,RG,8550,1,D,XC,BB,D
13:37:16,ICBP,RG,8550,1,D,NI,BB,D
13:37:16,ICBP,RG,8550,1,D,SQ,BB,D
13:37:16,ICBP,RG,8550,1,D,MG,BB,D
13:37:16,ICBP,RG,8550,1,D,SQ,BB,D
13:37:16,ICBP,RG,8550,2,D,XC,BB,D
13:37:16,ICBP,RG,8550,2,D,PD,BB,D
13:37:16,ICBP,RG,8550,1,D,SQ,BB,D
13:37:08,ICBP,RG,8550,1,D,SQ,BB,D
13:37:08,ICBP,RG,8550,48,D,SQ,AK,D
13:37:08,ICBP,RG,8550,4,D,CP,AK,D
13:37:07,ICBP,RG,8575,2,F,ZP,DX,F
13:36:50,ICBP,RG,8550,1,D,CP,XC,D
13:36:40,ICBP,RG,8550,1,D,HP,BB,D
13:36:36,ICBP,RG,8575,2,D,XL,DX,F
13:36:26,ICBP,RG,8550,2,D,XL,BB,D
13:36:15,ICBP,RG,8550,1,D,XL,AK,D
13:36:15,ICBP,RG,8550,3,D,SQ,AK,D
13:35:45,ICBP,RG,8550,26,D,SQ,BB,D
13:35:45,ICBP,RG,8550,1,D,SQ,BB,D
13:35:45,ICBP,RG,8550,52,D,SQ,AK,D
13:35:38,ICBP,RG,8575,2,D,DR,DX,F
13:35:36,ICBP,RG,8550,18,D,SQ,BB,D
13:35:36,ICBP,RG,8550,1,D,XC,BB,D
13:35:36,ICBP,RG,8550,3,D,CC,BB,D
13:35:35,ICBP,RG,8575,2,D,PD,DX,F
13:35:35,ICBP,RG,8550,2,D,CC,AK,D
13:35:35,ICBP,RG,8550,15,D,YP,AK,D
13:35:35,ICBP,RG,8550,1,D,XC,AK,D
13:35:35,ICBP,RG,8550,8,D,YU,AK,D
13:35:35,ICBP,RG,8550,17,D,YU,AK,D
13:35:20,ICBP,RG,8550,1,D,YU,BB,D
13:35:15,ICBP,RG,8550,2,D,YU,AK,D
13:35:02,ICBP,RG,8575,1,F,ZP,DX,F
13:33:49,ICBP,RG,8550,3,D,YU,BB,D
13:33:38,ICBP,RG,8575,5,D,NI,DX,F
13:32:33,ICBP,RG,8550,4,D,YU,BB,D
13:32:25,ICBP,RG,8550,5,D,YU,BB,D
13:32:25,ICBP,RG,8575,8,F,ZP,DX,F
13:32:19,ICBP,RG,8550,11,D,YU,DX,F
13:31:59,ICBP,RG,8550,1,D,YU,BB,D
13:31:57,ICBP,RG,8575,3,D,PD,DX,F
13:31:22,ICBP,RG,8550,2,D,YU,YJ,D
13:31:05,ICBP,RG,8550,1,D,YU,AK,D
13:30:12,ICBP,RG,8575,5,D,PD,DX,F
13:30:11,ICBP,RG,8575,7,D,PD,DX,F
13:30:11,ICBP,RG,8575,7,D,PD,CS,D
13:30:11,ICBP,RG,8575,5,F,ZP,CS,D
13:30:11,ICBP,RG,8575,5,F,ZP,CS,D
13:30:11,ICBP,RG,8575,1,F,ZP,CS,D
13:30:11,ICBP,RG,8575,1,F,ZP,CS,D
13:30:11,ICBP,RG,8575,1,F,ZP,CS,D
13:30:11,ICBP,RG,8575,37,F,ZP,DX,F
13:30:08,ICBP,RG,8575,2,D,XL,DX,F
13:30:08,ICBP,RG,8550,5,D,YU,AK,F
13:30:07,ICBP,RG,8575,3,D,XL,DX,F
13:30:06,ICBP,RG,8550,3,D,YU,XC,D
13:30:06,ICBP,RG,8550,1,D,YU,XC,D
13:30:06,ICBP,RG,8550,2,D,YU,XC,D
13:30:06,ICBP,RG,8575,5,F,ZP,DX,F
13:30:06,ICBP,RG,8575,5,F,ZP,CS,D
13:30:06,ICBP,RG,8575,5,F,ZP,CS,D
13:30:06,ICBP,RG,8575,2,F,ZP,CS,D
13:30:06,ICBP,RG,8575,24,F,ZP,DX,D
13:30:06,ICBP,RG,8575,1,F,ZP,BK,F
13:30:06,ICBP,RG,8575,2,F,ZP,CS,D
13:30:06,ICBP,RG,8575,18,F,ZP,KZ,D
13:30:06,ICBP,RG,8550,2,D,YU,AK,D
13:30:05,ICBP,RG,8550,5,D,YU,XC,D
13:30:05,ICBP,RG,8575,10,D,LS,KZ,D
13:30:05,ICBP,RG,8550,12,D,YU,AK,D
13:30:05,ICBP,RG,8550,8,D,YU,AK,D
13:30:05,ICBP,RG,8550,1,D,YU,AK,D
13:30:05,ICBP,RG,8550,6,D,YU,AK,D
13:30:05,ICBP,RG,8550,5,D,SQ,AK,D
13:30:05,ICBP,RG,8550,28,D,KI,AK,D
13:30:05,ICBP,RG,8550,2,D,YP,AK,D
13:30:04,ICBP,RG,8575,1,D,LG,KZ,D
13:30:04,ICBP,RG,8575,96,F,CS,KZ,D
13:30:04,ICBP,RG,8575,17,F,CS,KZ,D
13:30:04,ICBP,RG,8575,10,F,CS,KZ,D
13:30:04,ICBP,RG,8575,1,F,CS,CS,D
13:30:03,ICBP,RG,8550,8,D,YP,AK,F
13:30:03,ICBP,RG,8575,1,D,XL,CS,D
13:30:03,ICBP,RG,8575,4,D,XL,CS,D
13:30:02,ICBP,RG,8550,1,D,PD,PD,D
13:30:02,ICBP,RG,8575,1,D,PD,CS,D
13:30:02,ICBP,RG,8575,1,D,PD,CS,D
13:30:02,ICBP,RG,8550,1,D,CC,YP,D
13:30:02,ICBP,RG,8550,1,D,YP,YP,D
13:30:02,ICBP,RG,8550,2,D,LG,YP,D
13:30:02,ICBP,RG,8575,1,D,PD,CS,D
13:30:02,ICBP,RG,8575,3,D,YP,CS,D
13:30:02,ICBP,RG,8575,4,D,YP,CS,D
13:30:02,ICBP,RG,8575,1,D,YP,CS,D
13:30:02,ICBP,RG,8575,1,D,YP,CS,D
13:30:02,ICBP,RG,8575,5,D,YP,CS,D
13:30:02,ICBP,RG,8575,2,D,YP,CS,D
13:30:02,ICBP,RG,8575,11,D,YP,CS,D
13:30:02,ICBP,RG,8575,7,D,YP,CS,D
13:30:02,ICBP,RG,8575,10,D,YP,BK,F
13:30:02,ICBP,RG,8575,4,D,YP,CS,D
13:30:02,ICBP,RG,8575,2,D,YP,CS,D
13:30:02,ICBP,RG,8575,1,D,YP,CS,D
13:30:02,ICBP,RG,8575,1,D,YP,CS,D
13:30:02,ICBP,RG,8575,2,D,YP,CS,D
13:30:02,ICBP,RG,8575,6,D,YP,CS,D
13:30:02,ICBP,RG,8575,2,D,YP,CS,D
13:30:02,ICBP,RG,8575,38,D,YP,DX,F
13:30:02,ICBP,RG,8550,2,D,LG,PD,D
13:30:02,ICBP,RG,8575,3,D,XL,DX,F
13:30:02,ICBP,RG,8575,1,D,PD,DX,F
13:30:02,ICBP,RG,8550,1,D,LG,PD,D
13:30:01,ICBP,RG,8575,5,D,PD,DX,F
13:30:01,ICBP,RG,8575,18,D,PD,DX,F
13:30:01,ICBP,RG,8575,1,D,PD,SQ,D
13:30:01,ICBP,RG,8575,1,D,PD,CS,D
13:30:01,ICBP,RG,8550,2,D,YP,SQ,D
13:30:01,ICBP,RG,8550,2,D,PD,DH,D
13:30:01,ICBP,RG,8550,1,D,XC,DH,D
13:30:01,ICBP,RG,8550,2,D,XC,DH,D
13:30:01,ICBP,RG,8550,3,D,XC,GR,D
13:30:01,ICBP,RG,8550,1,D,XC,GR,D
13:30:01,ICBP,RG,8550,2,D,LG,GR,D
13:30:01,ICBP,RG,8550,4,D,AZ,GR,D
13:30:01,ICBP,RG,8575,2,D,GR,CS,D
13:30:01,ICBP,RG,8575,2,D,GR,CS,D
13:30:01,ICBP,RG,8575,1,D,GR,CS,D
13:30:01,ICBP,RG,8575,6,D,GR,CS,D
13:30:01,ICBP,RG,8575,3,D,GR,CS,D
13:30:01,ICBP,RG,8575,1,D,GR,DX,D
11:29:48,ICBP,RG,8550,1,D,AZ,AK,D
11:29:45,ICBP,RG,8550,2,D,XL,BK,F
11:29:45,ICBP,RG,8550,1,D,NI,BK,F
11:29:45,ICBP,RG,8550,3,D,PD,BK,F
11:29:45,ICBP,RG,8550,4,D,YP,BK,F
11:29:37,ICBP,RG,8550,1,D,YP,CS,D
11:29:37,ICBP,RG,8550,1,D,XC,CS,D
11:29:37,ICBP,RG,8550,10,D,XC,CS,D
11:29:37,ICBP,RG,8550,5,D,PD,CS,D
11:29:37,ICBP,RG,8550,2,D,ZP,CS,D
11:29:15,ICBP,RG,8550,1,D,ZP,AK,F
11:29:07,ICBP,RG,8575,17,D,PD,DX,D
11:29:05,ICBP,RG,8575,2,D,YP,DX,D
11:29:05,ICBP,RG,8575,3,D,YP,ZP,F
11:29:03,ICBP,RG,8550,54,D,ZP,AK,D
11:28:48,ICBP,RG,8550,9,D,ZP,AK,D
11:28:33,ICBP,RG,8550,12,D,ZP,AK,D
11:28:30,ICBP,RG,8550,1,D,ZP,AK,F
11:28:30,ICBP,RG,8550,1,D,ZP,AK,F
11:27:49,ICBP,RG,8575,1,D,PD,AK,D
11:27:30,ICBP,RG,8550,2,D,ZP,AK,F
11:27:18,ICBP,RG,8550,63,D,ZP,AK,D
11:27:04,ICBP,RG,8550,1,D,ZP,AK,D
11:26:38,ICBP,RG,8575,13,F,CS,AK,D
11:26:38,ICBP,RG,8575,1,F,CS,AK,F
11:26:38,ICBP,RG,8575,1,F,CS,AK,F
11:26:38,ICBP,RG,8575,20,F,CS,BK,F
11:26:38,ICBP,RG,8575,1,F,CS,BK,F
11:26:38,ICBP,RG,8575,22,F,CS,BK,F
11:26:38,ICBP,RG,8575,48,F,CS,DX,F
11:26:38,ICBP,RG,8575,1,F,CS,ZP,F
11:26:38,ICBP,RG,8575,1,F,CS,CS,D
11:26:38,ICBP,RG,8575,1,F,CS,CS,D
11:26:38,ICBP,RG,8575,58,F,CS,DX,F
11:26:38,ICBP,RG,8575,59,F,CS,DX,F
11:26:38,ICBP,RG,8575,1,F,CS,ZP,F
11:26:38,ICBP,RG,8575,12,F,CS,AK,F
11:26:26,ICBP,RG,8550,35,D,ZP,AK,D
11:26:25,ICBP,RG,8550,10,D,ZP,NI,D
11:26:15,ICBP,RG,8550,10,D,ZP,BK,F
11:26:15,ICBP,RG,8550,1,D,ZP,AK,F
11:26:00,ICBP,RG,8550,1,D,ZP,AK,F
11:25:58,ICBP,RG,8550,9,D,ZP,BK,F
11:25:19,ICBP,RG,8550,1,D,ZP,AK,D
11:25:03,ICBP,RG,8550,9,D,ZP,BK,F
11:25:00,ICBP,RG,8550,1,D,ZP,AK,F
11:24:51,ICBP,RG,8550,9,D,ZP,BK,F
11:24:45,ICBP,RG,8550,2,D,ZP,AK,F
11:24:03,ICBP,RG,8550,1,D,ZP,AK,F
11:24:00,ICBP,RG,8550,1,D,ZP,AK,F
11:23:45,ICBP,RG,8550,10,D,ZP,BK,F
11:23:19,ICBP,RG,8550,11,D,ZP,BK,F
11:23:00,ICBP,RG,8550,1,D,ZP,AK,F
11:23:00,ICBP,RG,8550,2,D,ZP,AK,F
11:22:38,ICBP,RG,8575,3,D,PD,AK,F
11:22:22,ICBP,RG,8550,9,D,ZP,BK,F
11:22:18,ICBP,RG,8550,231,D,ZP,AK,D
11:22:18,ICBP,RG,8550,9,D,OD,AK,D
11:22:02,ICBP,RG,8575,1,D,PD,AK,F
11:21:46,ICBP,RG,8550,2,D,OD,AK,D
11:21:45,ICBP,RG,8550,2,D,OD,AK,F
11:20:31,ICBP,RG,8575,6,D,XC,AK,F
11:19:40,ICBP,RG,8575,168,F,CS,AK,F
11:19:40,ICBP,RG,8575,1,F,CS,CS,D
11:19:40,ICBP,RG,8575,9,F,CS,CS,D
11:19:40,ICBP,RG,8575,1,F,CS,ZP,F
11:19:40,ICBP,RG,8575,3,F,CS,ZP,F
11:19:40,ICBP,RG,8575,1,F,CS,CS,D
11:19:40,ICBP,RG,8575,1,F,CS,CS,D
11:19:40,ICBP,RG,8575,26,F,CS,DX,D
11:19:39,ICBP,RG,8575,1,D,BB,AK,F
11:19:39,ICBP,RG,8575,2,F,ZP,AK,F
11:19:39,ICBP,RG,8575,15,D,XC,AK,F
11:19:39,ICBP,RG,8575,6,F,ZP,AK,F
11:19:39,ICBP,RG,8575,50,D,KI,AK,F
11:19:39,ICBP,RG,8575,1,D,CC,AK,F
11:19:39,ICBP,RG,8575,1,D,PD,AK,F
11:19:39,ICBP,RG,8575,2,D,AZ,AK,F
11:19:39,ICBP,RG,8575,5,D,XL,AK,F
11:19:39,ICBP,RG,8575,1,D,PD,AK,F
11:19:39,ICBP,RG,8575,2,D,DX,AK,F
11:19:39,ICBP,RG,8575,1,F,ZP,AK,F
11:19:39,ICBP,RG,8575,2,F,ZP,AK,F
11:19:39,ICBP,RG,8575,1,D,BB,AK,F
11:19:39,ICBP,RG,8575,1,D,XC,AK,F
11:19:39,ICBP,RG,8575,20,D,EP,AK,F
11:19:39,ICBP,RG,8575,1,F,ZP,AK,F
11:19:39,ICBP,RG,8575,1,D,SQ,AK,F
11:19:39,ICBP,RG,8575,15,D,XC,AK,F
11:19:39,ICBP,RG,8575,7,F,ZP,AK,F
11:19:39,ICBP,RG,8575,11,F,ZP,SQ,D
11:19:39,ICBP,RG,8575,40,F,CS,SQ,D
11:19:39,ICBP,RG,8575,2,F,ZP,SQ,D
11:19:39,ICBP,RG,8575,1,D,XL,SQ,D
11:19:21,ICBP,RG,8575,1,D,XL,CS,D
11:19:10,ICBP,RG,8575,3,D,XL,SQ,D
11:19:10,ICBP,RG,8575,12,F,ZP,SQ,D
11:18:51,ICBP,RG,8575,2,F,ZP,AK,F
11:18:51,ICBP,RG,8575,23,F,CS,AK,F
11:18:51,ICBP,RG,8575,4,F,CS,CS,D
11:18:51,ICBP,RG,8575,6,F,CS,CS,D
11:18:51,ICBP,RG,8575,2,D,BB,CS,D
11:18:50,ICBP,RG,8575,6,D,BB,KZ,D
11:18:50,ICBP,RG,8575,1,D,XC,KZ,D
11:18:50,ICBP,RG,8575,37,F,ZP,KZ,D
11:18:50,ICBP,RG,8575,44,F,ZP,KZ,D
11:18:50,ICBP,RG,8575,66,F,CC,KZ,D
11:18:45,ICBP,RG,8575,22,F,CC,KZ,D
11:18:36,ICBP,RG,8575,4,F,CC,AK,F
11:18:35,ICBP,RG,8575,13,F,CC,KZ,D
11:18:04,ICBP,RG,8600,15,D,XA,EP,D
11:17:35,ICBP,RG,8575,5,F,CC,CC,D
11:16:49,ICBP,RG,8575,1,F,CC,AK,F
11:16:49,ICBP,RG,8575,4,F,CC,AK,F
11:16:49,ICBP,RG,8575,10,F,CC,XC,D
11:16:48,ICBP,RG,8575,5,F,CC,CS,D
11:16:42,ICBP,RG,8575,2,F,CC,CS,D
11:16:20,ICBP,RG,8575,20,F,CC,DX,D
11:15:49,ICBP,RG,8575,6,F,CC,AK,F
11:15:49,ICBP,RG,8575,3,F,CC,AK,F
11:15:49,ICBP,RG,8575,43,F,CC,CP,D
11:15:17,ICBP,RG,8575,3,F,CC,PD,D
11:15:17,ICBP,RG,8575,8,F,ZP,PD,D
11:15:17,ICBP,RG,8575,1,F,ZP,PD,D
11:15:06,ICBP,RG,8600,14,D,PD,EP,D
11:14:37,ICBP,RG,8575,6,F,ZP,AZ,D
11:14:37,ICBP,RG,8575,4,D,BB,AZ,D
11:13:23,ICBP,RG,8575,3,D,BB,XC,D
11:13:23,ICBP,RG,8575,6,F,CS,CS,D
11:13:00,ICBP,RG,8575,25,F,CS,DX,D
11:12:22,ICBP,RG,8575,5,F,CS,GR,D
11:11:43,ICBP,RG,8575,1,F,CS,XC,D
11:10:47,ICBP,RG,8575,9,F,CS,DX,F
11:09:33,ICBP,RG,8600,2,D,PD,EP,D
11:09:29,ICBP,RG,8575,1,F,CS,PD,D
11:08:53,ICBP,RG,8575,1,D,SQ,PD,D
11:08:32,ICBP,RG,8575,14,D,SQ,BQ,D
11:07:33,ICBP,RG,8550,4,D,OD,XC,D
11:07:31,ICBP,RG,8575,141,F,ZP,CS,F
11:07:30,ICBP,RG,8600,14,F,CS,EP,D
11:07:30,ICBP,RG,8575,1,F,CS,CS,D
11:07:30,ICBP,RG,8575,8,F,CS,CS,D
11:07:30,ICBP,RG,8575,1,F,CS,CS,D
11:07:30,ICBP,RG,8575,16,F,ZP,CS,D
11:07:30,ICBP,RG,8575,1,F,ZP,CS,D
11:07:30,ICBP,RG,8575,1,F,ZP,CS,D
11:07:30,ICBP,RG,8575,1,F,ZP,AK,F
11:07:30,ICBP,RG,8575,5,F,ZP,AK,F
11:07:30,ICBP,RG,8575,135,F,ZP,AK,D
11:07:30,ICBP,RG,8575,47,F,BK,AK,D
11:07:30,ICBP,RG,8575,2,F,BK,AK,F
11:07:30,ICBP,RG,8575,1,F,BK,AK,F
11:07:30,ICBP,RG,8575,1,F,BK,AK,F
11:07:30,ICBP,RG,8575,1,F,BK,ZP,F
11:07:30,ICBP,RG,8575,3,F,BK,ZP,F
11:07:30,ICBP,RG,8575,1,F,BK,CS,D
11:07:30,ICBP,RG,8575,13,F,BK,CS,D
11:07:30,ICBP,RG,8575,1,F,BK,CS,D
11:07:30,ICBP,RG,8575,107,F,BK,KZ,D
11:07:30,ICBP,RG,8575,8,F,BK,KZ,D
11:07:30,ICBP,RG,8575,14,F,BK,KZ,D
11:07:30,ICBP,RG,8575,3,F,BK,CS,D
11:07:30,ICBP,RG,8575,1,F,BK,DR,D
11:07:30,ICBP,RG,8575,37,F,BK,DX,F
11:07:30,ICBP,RG,8575,15,F,ZP,DX,F
11:07:30,ICBP,RG,8575,1,F,ZP,XC,D
11:07:29,ICBP,RG,8575,10,F,BK,BK,F
11:07:29,ICBP,RG,8575,73,F,BK,DX,F
11:07:29,ICBP,RG,8575,2,F,BK,DH,D
11:07:29,ICBP,RG,8575,40,F,BK,DX,D
11:07:29,ICBP,RG,8575,2,F,BK,PD,D
11:07:29,ICBP,RG,8575,98,F,BK,KZ,D
11:07:29,ICBP,RG,8575,14,F,BK,KZ,D
11:07:29,ICBP,RG,8575,1,F,BK,KZ,D
11:07:29,ICBP,RG,8575,7,D,YU,KZ,D
11:07:29,ICBP,RG,8575,5,D,YU,PD,D
11:07:29,ICBP,RG,8575,1,D,YU,CC,F
11:07:29,ICBP,RG,8575,72,D,YU,DX,F
11:07:29,ICBP,RG,8575,1,D,YU,DR,D
11:07:29,ICBP,RG,8575,14,D,YU,SQ,D
11:07:26,ICBP,RG,8575,4,F,ZP,DX,D
11:07:25,ICBP,RG,8575,19,F,ZP,DX,D
11:07:25,ICBP,RG,8575,1,F,ZP,AK,F
11:07:25,ICBP,RG,8575,7,F,ZP,DX,D
11:07:25,ICBP,RG,8575,19,F,BK,DX,D
11:07:25,ICBP,RG,8575,10,F,BK,BK,F
11:07:25,ICBP,RG,8575,1,F,BK,AK,F
11:07:25,ICBP,RG,8575,1,F,BK,AK,F
11:07:25,ICBP,RG,8575,1,F,BK,AK,F
11:07:25,ICBP,RG,8575,28,F,BK,BK,F
11:07:25,ICBP,RG,8575,1,F,BK,AK,D
11:07:25,ICBP,RG,8575,1,F,BK,AK,D
11:07:25,ICBP,RG,8575,65,F,BK,AK,D
11:07:25,ICBP,RG,8575,65,F,BK,AK,D
11:07:25,ICBP,RG,8575,27,F,BK,DX,F
11:07:25,ICBP,RG,8575,21,F,BK,DX,F
11:07:23,ICBP,RG,8575,44,F,BK,DX,F
11:07:23,ICBP,RG,8575,59,F,BK,DX,F
11:07:23,ICBP,RG,8575,60,F,BK,DX,F
11:07:23,ICBP,RG,8575,1,F,BK,BK,F
11:07:23,ICBP,RG,8575,1,F,BK,AK,F
11:07:23,ICBP,RG,8575,1,F,BK,AK,F
11:07:23,ICBP,RG,8575,21,F,BK,BK,F
11:07:23,ICBP,RG,8575,1,F,BK,ZP,F
11:07:23,ICBP,RG,8575,3,F,BK,ZP,F
11:07:23,ICBP,RG,8575,49,F,BK,AK,F
11:07:15,ICBP,RG,8575,50,D,YU,AK,F
11:07:15,ICBP,RG,8575,1,D,YU,ZP,F
11:07:15,ICBP,RG,8575,3,D,YU,ZP,F
11:07:15,ICBP,RG,8575,146,D,YU,DX,F
11:07:03,ICBP,RG,8550,10,D,OD,BK,F
11:06:34,ICBP,RG,8550,3,D,OD,AK,D
11:04:29,ICBP,RG,8550,2,D,OD,AK,F
11:04:28,ICBP,RG,8550,10,D,OD,BK,F
11:03:25,ICBP,RG,8550,1,D,OD,PD,D
11:02:00,ICBP,RG,8550,9,D,OD,BK,F
11:01:26,ICBP,RG,8550,6,D,OD,AK,F
11:01:26,ICBP,RG,8575,40,D,SQ,DX,F
11:01:09,ICBP,RG,8550,2,D,OD,PD,D
11:00:45,ICBP,RG,8550,1,D,OD,AK,F
11:00:33,ICBP,RG,8550,14,D,OD,AK,D
11:00:33,ICBP,RG,8550,5,D,XC,AK,D
11:00:33,ICBP,RG,8550,10,D,XC,AK,D
11:00:33,ICBP,RG,8550,4,D,XL,AK,D
11:00:33,ICBP,RG,8550,3,D,EP,AK,D
11:00:33,ICBP,RG,8550,6,D,XC,AK,D
11:00:33,ICBP,RG,8550,1,D,LG,AK,D
11:00:33,ICBP,RG,8550,1,D,PD,AK,D
11:00:33,ICBP,RG,8550,5,D,YP,AK,D
11:00:33,ICBP,RG,8550,1,D,XL,AK,D
11:00:33,ICBP,RG,8550,29,D,DX,AK,D
11:00:33,ICBP,RG,8550,30,D,EP,AK,D
11:00:33,ICBP,RG,8550,2,D,XC,AK,D
11:00:33,ICBP,RG,8550,2,D,PD,AK,D
11:00:33,ICBP,RG,8550,1,D,NI,AK,D
11:00:33,ICBP,RG,8550,5,D,XC,AK,D
11:00:33,ICBP,RG,8550,25,D,GR,AK,D
11:00:33,ICBP,RG,8550,14,F,ZP,AK,D
11:00:33,ICBP,RG,8550,1,D,YP,AK,D
11:00:33,ICBP,RG,8550,1,D,PD,AK,D
11:00:33,ICBP,RG,8550,1,D,PD,AK,D
11:00:33,ICBP,RG,8550,231,D,ZP,AK,D
11:00:09,ICBP,RG,8575,15,D,PD,DX,F
10:59:23,ICBP,RG,8550,10,D,ZP,BK,F
10:58:53,ICBP,RG,8550,3,D,ZP,ZP,F
10:58:39,ICBP,RG,8575,2,D,PD,DX,F
10:58:15,ICBP,RG,8550,1,D,ZP,AK,F
10:57:14,ICBP,RG,8550,10,D,ZP,BK,F
10:56:30,ICBP,RG,8575,5,D,YJ,DX,F
10:56:19,ICBP,RG,8550,3,D,ZP,AK,D
10:56:05,ICBP,RG,8550,1,D,ZP,ZP,F
10:55:30,ICBP,RG,8550,1,D,ZP,AK,F
10:55:02,ICBP,RG,8550,10,D,ZP,BK,F
10:54:58,ICBP,RG,8550,93,D,ZP,DH,D
10:53:25,ICBP,RG,8550,132,D,ZP,YP,D
10:53:12,ICBP,RG,8550,5,D,ZP,BK,F
10:53:12,ICBP,RG,8550,1,D,CC,BK,F
10:53:12,ICBP,RG,8550,1,D,XC,BK,F
10:53:12,ICBP,RG,8550,1,D,NI,BK,F
10:53:12,ICBP,RG,8550,2,D,XC,BK,F
10:52:30,ICBP,RG,8550,1,D,XL,AK,F
10:52:12,ICBP,RG,8575,4,D,BB,AK,F
10:52:12,ICBP,RG,8575,19,F,ZP,AK,F
10:52:12,ICBP,RG,8575,8,F,CS,AK,F
10:52:12,ICBP,RG,8575,31,F,CS,AK,F
10:52:12,ICBP,RG,8575,4,D,PD,AK,F
10:52:12,ICBP,RG,8575,11,F,ZP,AK,F
10:52:12,ICBP,RG,8575,10,D,PD,AK,F
10:52:12,ICBP,RG,8575,27,F,CS,AK,F
10:52:12,ICBP,RG,8575,1,F,ZP,AK,F
10:52:12,ICBP,RG,8575,2,D,XC,AK,F
10:52:12,ICBP,RG,8575,1,F,ZP,AK,F
10:52:12,ICBP,RG,8575,8,F,ZP,AK,F
10:52:12,ICBP,RG,8575,18,D,LG,AK,F
10:52:06,ICBP,RG,8575,4,D,LG,AK,F
10:52:06,ICBP,RG,8575,2,D,LG,AK,F
10:52:05,ICBP,RG,8575,66,D,LG,KZ,D
10:52:05,ICBP,RG,8575,13,F,CS,KZ,D
10:52:05,ICBP,RG,8575,7,F,CS,KZ,D
10:52:05,ICBP,RG,8575,11,F,CS,KZ,D
10:52:05,ICBP,RG,8575,5,F,CS,AK,F
10:52:05,ICBP,RG,8575,7,D,AZ,AK,F
10:52:05,ICBP,RG,8575,1,D,XC,AK,F
10:52:05,ICBP,RG,8575,5,D,BB,AK,F
10:52:05,ICBP,RG,8575,8,D,XL,AK,F
10:52:05,ICBP,RG,8575,10,D,XL,AK,F
10:52:05,ICBP,RG,8575,1,F,ZP,AK,F
10:52:05,ICBP,RG,8575,3,F,CC,AK,F
10:52:05,ICBP,RG,8575,45,F,CC,CS,D
10:52:05,ICBP,RG,8575,32,F,CS,CS,D
10:52:05,ICBP,RG,8575,1,F,CC,CS,D
10:52:05,ICBP,RG,8575,4,D,BB,CS,D
10:52:05,ICBP,RG,8575,40,F,ZP,CS,D
10:52:05,ICBP,RG,8575,16,F,ZP,CS,D
10:52:05,ICBP,RG,8575,100,D,YU,CS,D
10:52:05,ICBP,RG,8575,5,D,AZ,CS,D
10:52:05,ICBP,RG,8575,13,F,ZP,CS,D
10:52:05,ICBP,RG,8575,10,F,ZP,CS,D
10:52:05,ICBP,RG,8575,11,F,ZP,CS,D
10:52:05,ICBP,RG,8575,4,F,ZP,CS,D
10:52:05,ICBP,RG,8575,1,D,NI,CS,D
10:52:05,ICBP,RG,8575,6,D,XL,CS,D
10:52:05,ICBP,RG,8575,15,D,XC,CS,D
10:52:05,ICBP,RG,8575,3,D,PD,CS,D
10:51:54,ICBP,RG,8600,29,D,YU,EP,D
10:51:54,ICBP,RG,8600,2,D,YU,XC,D
10:51:54,ICBP,RG,8600,5,D,YU,XC,D
10:51:54,ICBP,RG,8600,20,D,YU,KK,D
10:51:54,ICBP,RG,8600,30,D,YU,YB,D
10:51:54,ICBP,RG,8600,13,D,YU,SQ,D
10:51:54,ICBP,RG,8600,1,D,YU,DX,F
10:51:16,ICBP,RG,8575,1,D,PD,CC,D
10:51:03,ICBP,RG,8575,1,D,PD,BK,F
10:51:03,ICBP,RG,8575,1,D,XC,BK,F
10:51:03,ICBP,RG,8575,7,F,ZP,BK,F
10:51:03,ICBP,RG,8575,1,D,CC,BK,F
10:51:03,ICBP,RG,8575,1,F,ZP,BK,F
10:49:35,ICBP,RG,8575,10,F,ZP,BK,F
10:49:30,ICBP,RG,8575,1,D,XC,DX,D
10:49:30,ICBP,RG,8575,1,D,CC,DX,D
10:49:30,ICBP,RG,8575,6,D,CC,DX,D
10:49:30,ICBP,RG,8575,1,D,PD,DX,D
10:49:30,ICBP,RG,8575,6,F,ZP,DX,D
10:49:30,ICBP,RG,8575,1,D,EP,DX,D
10:49:30,ICBP,RG,8575,4,D,XL,DX,D
10:49:30,ICBP,RG,8575,1,D,YP,DX,D
10:49:30,ICBP,RG,8575,1,D,CC,DX,D
10:49:30,ICBP,RG,8575,2,D,AG,DX,D
10:48:33,ICBP,RG,8575,29,D,AG,CS,D
10:48:33,ICBP,RG,8575,100,D,YU,CS,D
10:48:33,ICBP,RG,8575,1,F,ZP,CS,D
10:48:33,ICBP,RG,8575,2,D,NI,CS,D
10:48:33,ICBP,RG,8575,8,F,CS,CS,D
10:48:24,ICBP,RG,8575,9,F,CS,DX,F
10:47:53,ICBP,RG,8575,1,F,CS,BQ,D
10:47:39,ICBP,RG,8575,10,F,CS,BK,F
10:47:16,ICBP,RG,8575,83,F,CS,AK,D
10:47:16,ICBP,RG,8575,1,D,YP,AK,D
10:47:16,ICBP,RG,8575,3,D,BB,AK,D
10:47:16,ICBP,RG,8575,9,F,ZP,AK,D
10:47:16,ICBP,RG,8575,1,F,ZP,AK,D
10:47:16,ICBP,RG,8575,20,F,CS,AK,D
10:47:16,ICBP,RG,8575,22,F,CS,AK,D
10:47:16,ICBP,RG,8575,12,F,CS,AK,D
10:47:16,ICBP,RG,8575,30,F,CS,AK,D
10:47:16,ICBP,RG,8575,51,F,CS,AK,D
10:47:16,ICBP,RG,8575,100,F,CS,AK,D
10:47:16,ICBP,RG,8575,1,F,ZP,AK,D
10:47:16,ICBP,RG,8575,5,D,KK,AK,D
10:47:16,ICBP,RG,8575,5,D,DR,AK,D
10:47:16,ICBP,RG,8575,9,F,ZP,AK,D
10:47:15,ICBP,RG,8575,12,F,ZP,KZ,D
10:47:15,ICBP,RG,8575,5,D,BB,KZ,D
10:47:15,ICBP,RG,8575,7,F,ZP,KZ,D
10:47:15,ICBP,RG,8575,3,F,ZP,KZ,D
10:47:15,ICBP,RG,8575,7,F,ZP,KZ,D
10:47:15,ICBP,RG,8575,5,D,XC,KZ,D
10:47:15,ICBP,RG,8575,9,F,ZP,KZ,D
10:47:15,ICBP,RG,8575,23,F,CC,KZ,D
10:47:15,ICBP,RG,8575,7,D,BK,KZ,D
10:47:15,ICBP,RG,8575,3,D,BK,KZ,D
10:47:15,ICBP,RG,8575,1,D,CC,KZ,D
10:47:15,ICBP,RG,8575,2,F,ZP,KZ,D
10:47:15,ICBP,RG,8575,10,F,ZP,KZ,D
10:46:16,ICBP,RG,8575,10,F,ZP,BK,F
10:46:15,ICBP,RG,8575,2,F,ZP,AK,F
10:46:14,ICBP,RG,8575,1,F,ZP,BQ,D
10:46:05,ICBP,RG,8575,10,F,ZP,PD,D
10:46:04,ICBP,RG,8575,3,F,ZP,AK,D
10:45:55,ICBP,RG,8575,3,F,ZP,ZP,F
10:45:36,ICBP,RG,8600,8,D,PD,DX,F
10:45:36,ICBP,RG,8600,3,D,PD,XA,D
10:45:36,ICBP,RG,8600,3,D,PD,SQ,D
10:44:31,ICBP,RG,8575,13,F,ZP,DX,F
10:44:30,ICBP,RG,8575,20,F,ZP,DX,D
10:44:22,ICBP,RG,8575,1,F,ZP,XC,D
10:44:16,ICBP,RG,8575,11,F,ZP,BK,F
10:44:15,ICBP,RG,8575,1,F,ZP,AK,F
10:43:49,ICBP,RG,8575,1,F,ZP,YP,D
10:43:13,ICBP,RG,8575,1,D,YU,ZP,F
10:43:06,ICBP,RG,8575,10,D,YU,BK,F
10:43:06,ICBP,RG,8575,1,D,YU,ZP,F
10:43:00,ICBP,RG,8575,10,D,YU,YP,D
10:41:58,ICBP,RG,8575,2,D,YU,CC,D
10:41:00,ICBP,RG,8575,1,D,YU,AK,F
10:40:51,ICBP,RG,8575,11,D,YU,BK,F
10:40:15,ICBP,RG,8575,9,D,YU,BK,F
10:39:30,ICBP,RG,8575,19,D,YU,DX,D
10:38:54,ICBP,RG,8575,10,D,YU,YP,D
10:38:45,ICBP,RG,8575,8,D,YU,AK,F
10:38:02,ICBP,RG,8575,9,D,YU,BK,F
10:37:36,ICBP,RG,8575,1,D,YU,AK,F
10:37:35,ICBP,RG,8575,8,D,YU,DX,F
10:37:35,ICBP,RG,8575,1,D,BB,DX,F
10:37:23,ICBP,RG,8575,1,D,BB,CC,D
10:37:23,ICBP,RG,8575,6,F,ZP,CC,D
10:37:06,ICBP,RG,8575,4,F,ZP,BK,F
10:37:06,ICBP,RG,8575,6,F,CS,BK,F
10:36:45,ICBP,RG,8575,1,F,CS,AK,F
10:36:27,ICBP,RG,8575,6,F,CS,DX,F
10:35:49,ICBP,RG,8575,3,F,CS,AK,D
10:35:43,ICBP,RG,8575,10,F,CS,DX,F
10:35:35,ICBP,RG,8575,11,F,CS,KZ,D
10:35:35,ICBP,RG,8575,11,F,CS,KZ,D
10:35:35,ICBP,RG,8575,18,F,CS,KZ,D
10:35:35,ICBP,RG,8575,3,F,CS,KZ,D
10:35:35,ICBP,RG,8575,2,F,CS,KZ,D
10:35:35,ICBP,RG,8575,1,F,ZP,KZ,D
10:35:35,ICBP,RG,8575,1,D,YP,KZ,D
10:35:35,ICBP,RG,8575,2,F,ZP,KZ,D
10:35:20,ICBP,RG,8575,5,F,ZP,CS,D
10:35:20,ICBP,RG,8575,23,F,CS,CS,D
10:35:20,ICBP,RG,8575,15,F,CS,CS,D
10:35:20,ICBP,RG,8575,13,F,CS,CS,D
10:35:20,ICBP,RG,8575,2,D,PD,CS,D
10:35:20,ICBP,RG,8575,4,F,CS,CS,D
10:35:20,ICBP,RG,8575,14,F,CS,KZ,D
10:35:20,ICBP,RG,8575,16,F,CS,KZ,D
10:35:20,ICBP,RG,8575,1,F,CS,KZ,D
10:35:20,ICBP,RG,8575,39,F,CS,KZ,D
10:35:20,ICBP,RG,8575,1,F,CS,KZ,D
10:35:20,ICBP,RG,8575,2,D,PD,KZ,D
10:35:20,ICBP,RG,8575,2,F,ZP,KZ,D
10:35:20,ICBP,RG,8575,1,D,CC,KZ,D
10:35:20,ICBP,RG,8575,1,D,YP,KZ,D
10:35:20,ICBP,RG,8575,7,F,ZP,KZ,D
10:35:20,ICBP,RG,8575,2,F,ZP,KZ,D
10:35:19,ICBP,RG,8575,22,F,ZP,AK,F
10:35:19,ICBP,RG,8575,1,F,CS,AK,F
10:35:19,ICBP,RG,8575,18,F,CS,AK,F
10:35:19,ICBP,RG,8575,16,F,ZP,AK,F
10:35:19,ICBP,RG,8575,12,F,CS,AK,F
10:35:19,ICBP,RG,8575,30,F,CS,AK,F
10:35:19,ICBP,RG,8575,65,F,CS,AK,F
10:35:19,ICBP,RG,8575,22,F,CS,AK,F
10:35:19,ICBP,RG,8575,3,F,CS,AK,F
10:35:19,ICBP,RG,8575,19,F,CS,AK,F
10:35:19,ICBP,RG,8575,35,F,CS,AK,F
10:35:19,ICBP,RG,8575,1,F,CS,AK,F
10:35:19,ICBP,RG,8575,3,F,CS,AK,F
10:35:19,ICBP,RG,8575,28,F,CS,AK,F
10:35:19,ICBP,RG,8575,40,F,CS,AK,F
10:35:19,ICBP,RG,8575,11,F,CS,AK,F
10:35:19,ICBP,RG,8575,22,F,CS,AK,F
10:35:19,ICBP,RG,8575,12,F,CS,AK,F
10:35:19,ICBP,RG,8575,7,F,CS,AK,F
10:35:19,ICBP,RG,8575,8,F,ZP,AK,F
10:35:19,ICBP,RG,8575,17,F,ZP,AK,F
10:35:19,ICBP,RG,8575,16,D,BK,AK,F
10:35:19,ICBP,RG,8575,12,D,LG,AK,F
10:35:19,ICBP,RG,8575,37,D,LG,AK,F
10:35:19,ICBP,RG,8575,15,F,ZP,AK,F
10:35:19,ICBP,RG,8575,100,D,YU,AK,F
10:35:19,ICBP,RG,8575,16,F,ZP,AK,F
10:35:19,ICBP,RG,8575,6,F,ZP,AK,F
10:35:19,ICBP,RG,8575,23,F,CS,AK,F
10:35:18,ICBP,RG,8575,22,F,CS,AK,D
10:35:18,ICBP,RG,8575,22,F,CS,AK,D
10:35:18,ICBP,RG,8575,32,F,CS,AK,D
10:35:18,ICBP,RG,8575,5,F,CS,AK,D
10:35:18,ICBP,RG,8575,24,D,LG,AK,D
10:35:18,ICBP,RG,8575,75,D,LG,AK,D
10:35:18,ICBP,RG,8575,2,F,ZP,AK,D
10:35:18,ICBP,RG,8575,11,F,CS,AK,D
10:35:18,ICBP,RG,8575,16,F,CS,AK,D
10:35:18,ICBP,RG,8575,27,F,CS,AK,D
10:35:18,ICBP,RG,8575,40,F,CS,AK,D
10:35:18,ICBP,RG,8575,13,F,CS,AK,D
10:35:18,ICBP,RG,8575,46,F,CS,AK,D
10:35:18,ICBP,RG,8575,12,F,CS,AK,D
10:34:55,ICBP,RG,8575,1,F,CS,BK,F
10:34:55,ICBP,RG,8575,5,F,CS,BK,F
10:34:55,ICBP,RG,8575,4,F,CS,BK,F
10:34:55,ICBP,RG,8575,3,F,CS,YP,D
10:34:38,ICBP,RG,8575,4,F,CS,YP,D
10:34:38,ICBP,RG,8600,1,D,XC,SQ,D
10:34:38,ICBP,RG,8600,2,D,XC,XC,D
10:34:38,ICBP,RG,8600,1,D,XC,XC,D
10:34:30,ICBP,RG,8575,1,F,CS,AK,F
10:34:30,ICBP,RG,8575,8,F,CS,DX,D
10:34:30,ICBP,RG,8575,8,D,BB,DX,D
10:34:30,ICBP,RG,8575,6,D,BK,DX,D
10:33:51,ICBP,RG,8575,10,D,BK,BK,F
10:33:10,ICBP,RG,8600,4,D,BB,XC,D
10:33:10,ICBP,RG,8600,1,D,BB,YP,D
10:33:10,ICBP,RG,8600,2,D,BB,PD,D
10:33:10,ICBP,RG,8600,1,D,BB,DX,F
10:33:06,ICBP,RG,8600,1,D,XC,DX,F
10:32:40,ICBP,RG,8600,4,D,BK,DX,F
10:32:40,ICBP,RG,8600,5,D,BK,KK,D
10:31:47,ICBP,RG,8600,30,D,XC,KK,D
10:31:22,ICBP,RG,8575,3,D,BK,YP,D
10:31:22,ICBP,RG,8575,3,F,ZP,YP,D
10:31:15,ICBP,RG,8575,5,F,ZP,YP,D
10:31:10,ICBP,RG,8575,5,F,ZP,YP,D
10:31:06,ICBP,RG,8575,5,F,ZP,YP,D
10:31:05,ICBP,RG,8575,15,F,ZP,KZ,D
10:31:05,ICBP,RG,8575,68,F,ZP,KZ,D
10:31:05,ICBP,RG,8575,7,F,ZP,KZ,D
10:31:05,ICBP,RG,8575,3,F,ZP,KZ,D
10:31:05,ICBP,RG,8575,8,F,CS,KZ,D
10:31:01,ICBP,RG,8575,5,F,CS,YP,D
10:30:55,ICBP,RG,8575,1,F,CS,AK,F
10:30:54,ICBP,RG,8575,58,F,CS,CS,D
10:30:54,ICBP,RG,8575,15,F,ZP,CS,D
10:30:54,ICBP,RG,8575,9,F,ZP,CS,D
10:30:54,ICBP,RG,8575,4,D,BB,CS,D
10:30:54,ICBP,RG,8575,7,F,CS,CS,D
10:30:54,ICBP,RG,8575,28,F,CS,CS,D
10:30:54,ICBP,RG,8575,19,D,YU,CS,D
10:30:14,ICBP,RG,8600,14,D,PD,KK,D
10:29:40,ICBP,RG,8575,25,D,YU,DX,D
10:29:07,ICBP,RG,8600,1,D,PD,KK,D
10:28:33,ICBP,RG,8600,32,D,PP,KK,D
10:28:33,ICBP,RG,8600,7,D,PP,XL,D
10:28:33,ICBP,RG,8600,94,D,PP,YP,D
10:27:48,ICBP,RG,8600,1,D,KK,YP,D
10:27:47,ICBP,RG,8600,9,D,BK,YP,D
10:27:40,ICBP,RG,8600,1,D,XL,YP,D
10:26:20,ICBP,RG,8575,19,D,YU,DX,D
10:23:36,ICBP,RG,8575,5,D,YU,YP,D
10:23:31,ICBP,RG,8600,10,D,BK,YP,D
10:23:00,ICBP,RG,8575,23,D,YU,DX,D
10:22:26,ICBP,RG,8600,3,D,BB,YP,D
10:21:48,ICBP,RG,8575,1,D,YU,XC,D
10:20:39,ICBP,RG,8575,8,D,YU,XC,D
10:20:12,ICBP,RG,8600,7,D,XL,YP,D
10:18:58,ICBP,RG,8600,5,D,BB,YP,D
10:18:58,ICBP,RG,8575,2,D,BB,AK,D
10:18:55,ICBP,RG,8575,32,D,YU,CS,D
10:18:55,ICBP,RG,8575,4,D,YU,AK,F
10:18:55,ICBP,RG,8575,1,D,YU,AK,F
10:18:55,ICBP,RG,8575,1,D,YU,XC,D
10:18:55,ICBP,RG,8575,58,D,YU,DX,F
10:18:55,ICBP,RG,8575,4,D,YU,YP,D
10:18:42,ICBP,RG,8575,16,F,ZP,YP,D
10:18:42,ICBP,RG,8575,1,F,ZP,BK,F
10:18:42,ICBP,RG,8575,88,F,ZP,AK,D
10:18:42,ICBP,RG,8575,128,F,ZP,AK,D
10:18:42,ICBP,RG,8575,1,F,ZP,ZP,F
10:18:42,ICBP,RG,8575,2,F,ZP,AK,F
10:18:42,ICBP,RG,8575,1,F,ZP,AK,F
10:18:42,ICBP,RG,8575,27,F,ZP,CS,D
10:18:42,ICBP,RG,8575,3,F,ZP,PD,D
10:18:42,ICBP,RG,8575,52,F,ZP,CS,D
10:18:42,ICBP,RG,8575,3,F,ZP,DX,F
10:18:42,ICBP,RG,8575,5,F,ZP,DX,F
10:18:42,ICBP,RG,8575,4,F,ZP,DX,D
10:18:41,ICBP,RG,8575,22,F,BK,DX,D
10:18:41,ICBP,RG,8575,60,F,BK,DX,F
10:18:41,ICBP,RG,8575,10,F,BK,PD,D
10:18:41,ICBP,RG,8575,6,F,BK,DX,F
10:18:41,ICBP,RG,8575,18,F,BK,CS,D
10:18:41,ICBP,RG,8575,1,F,BK,AK,D
10:18:41,ICBP,RG,8575,44,F,BK,DX,D
10:18:41,ICBP,RG,8575,10,F,BK,CC,D
10:18:41,ICBP,RG,8575,1,F,BK,ZP,F
10:18:41,ICBP,RG,8575,1,F,BK,AK,D
10:18:41,ICBP,RG,8575,6,F,BK,XC,D
10:18:41,ICBP,RG,8575,92,F,BK,CS,F
10:18:41,ICBP,RG,8575,64,F,BK,DX,F
10:18:41,ICBP,RG,8575,3,F,BK,ZP,F
10:18:41,ICBP,RG,8575,10,F,BK,SQ,D
10:18:41,ICBP,RG,8575,10,F,BK,BK,F
10:18:41,ICBP,RG,8575,67,F,BK,AK,D
10:18:41,ICBP,RG,8575,2,F,BK,EP,D
10:18:41,ICBP,RG,8575,2,F,BK,EP,D
10:18:41,ICBP,RG,8575,2,F,BK,AK,F
10:18:41,ICBP,RG,8575,1,F,BK,AK,F
10:18:41,ICBP,RG,8575,10,F,BK,BK,F
10:18:41,ICBP,RG,8575,10,F,BK,BK,F
10:18:41,ICBP,RG,8575,1,F,BK,AK,F
10:18:41,ICBP,RG,8575,1,F,BK,AK,F
10:18:41,ICBP,RG,8575,46,F,BK,CS,F
10:18:41,ICBP,RG,8575,1,D,XC,CS,F
10:18:00,ICBP,RG,8575,16,F,ZP,CS,F
10:17:56,ICBP,RG,8575,1,D,XL,CS,F
10:17:37,ICBP,RG,8575,31,F,SQ,CS,F
10:17:37,ICBP,RG,8575,224,F,SQ,AK,D
10:17:37,ICBP,RG,8575,46,F,SQ,DX,F
10:17:37,ICBP,RG,8575,113,F,SQ,CS,F
10:17:37,ICBP,RG,8575,65,F,SQ,YP,D
10:17:37,ICBP,RG,8575,10,F,SQ,BK,F
10:17:37,ICBP,RG,8575,21,F,SQ,DX,D
10:17:37,ICBP,RG,8575,30,F,SQ,NI,D
10:17:37,ICBP,RG,8575,11,F,SQ,BK,F
10:17:37,ICBP,RG,8575,104,F,SQ,CS,F
10:17:37,ICBP,RG,8575,11,F,SQ,PD,D
10:17:37,ICBP,RG,8575,3,F,SQ,ZP,F
10:17:37,ICBP,RG,8575,10,F,SQ,BK,F
10:17:37,ICBP,RG,8575,1,F,SQ,ZP,F
10:17:37,ICBP,RG,8575,52,F,SQ,DX,F
10:17:37,ICBP,RG,8575,2,F,SQ,AK,F
10:17:37,ICBP,RG,8575,1,F,SQ,AK,F
10:17:37,ICBP,RG,8575,10,F,SQ,BK,F
10:17:37,ICBP,RG,8575,1,F,SQ,BK,F
10:17:37,ICBP,RG,8575,21,F,SQ,DX,D
10:17:37,ICBP,RG,8575,57,F,SQ,DX,F
10:17:37,ICBP,RG,8575,11,F,SQ,BK,F
10:17:37,ICBP,RG,8575,65,F,SQ,AK,F
10:17:17,ICBP,RG,8550,12,F,CS,AO,D
10:17:08,ICBP,RG,8575,1,D,SQ,AK,F
10:16:56,ICBP,RG,8550,26,F,CS,AK,D
10:16:55,ICBP,RG,8575,9,D,XC,AK,F
10:16:51,ICBP,RG,8575,1,D,YP,AK,F
10:16:48,ICBP,RG,8550,9,F,CS,BK,F
10:16:48,ICBP,RG,8550,1,F,CS,BK,F
10:16:07,ICBP,RG,8575,1,F,ZP,AK,F
10:15:51,ICBP,RG,8575,14,D,PD,AK,F
10:15:34,ICBP,RG,8550,12,F,CS,AZ,D
10:15:30,ICBP,RG,8550,2,F,CS,AK,F
10:15:11,ICBP,RG,8550,10,F,CS,BK,F
10:14:45,ICBP,RG,8550,1,F,CS,AK,F
10:14:33,ICBP,RG,8550,13,F,CS,AK,D
10:14:33,ICBP,RG,8550,5,D,YP,AK,D
10:14:33,ICBP,RG,8550,5,D,XC,AK,D
10:14:33,ICBP,RG,8550,1,F,ZP,AK,D
10:14:33,ICBP,RG,8550,7,F,ZP,AK,D
10:14:33,ICBP,RG,8550,25,D,SQ,AK,D
10:14:33,ICBP,RG,8550,3,F,ZP,AK,D
10:14:00,ICBP,RG,8550,1,F,ZP,AK,F
10:13:53,ICBP,RG,8575,2,D,XC,AK,F
10:13:41,ICBP,RG,8550,1,F,ZP,SQ,D
10:12:44,ICBP,RG,8550,11,F,ZP,BK,F
10:12:21,ICBP,RG,8575,30,F,YP,AK,F
10:11:37,ICBP,RG,8550,1,F,ZP,AK,F
10:11:37,ICBP,RG,8550,13,F,ZP,CC,D
10:11:36,ICBP,RG,8575,1,D,NI,AK,F
10:11:25,ICBP,RG,8550,2,F,ZP,BK,F
10:11:25,ICBP,RG,8550,8,D,BK,BK,F
10:11:22,ICBP,RG,8575,9,D,BK,AK,F
10:11:11,ICBP,RG,8575,3,D,BB,AK,F
10:11:11,ICBP,RG,8575,5,D,YP,AK,F
10:10:18,ICBP,RG,8550,2,D,BK,AK,F
10:09:25,ICBP,RG,8550,9,F,BK,BK,F
10:08:55,ICBP,RG,8575,1,D,PD,AK,F
10:08:06,ICBP,RG,8550,9,F,BK,BK,F
10:07:54,ICBP,RG,8550,1,F,BK,PD,D
10:07:28,ICBP,RG,8550,2,F,BK,XL,D
10:06:29,ICBP,RG,8575,1,D,NI,AK,F
10:06:08,ICBP,RG,8575,10,D,BK,AK,F
10:05:34,ICBP,RG,8550,2,F,BK,AK,D
10:05:30,ICBP,RG,8575,1,D,YP,AK,F
10:05:28,ICBP,RG,8550,11,F,BK,BK,F
10:05:23,ICBP,RG,8575,1,D,NI,AK,F
10:05:17,ICBP,RG,8550,48,F,BK,AK,D
10:05:16,ICBP,RG,8575,10,D,CC,AK,F
10:04:40,ICBP,RG,8575,21,D,YP,AK,F
10:04:40,ICBP,RG,8575,4,D,YP,AK,F
10:04:40,ICBP,RG,8575,3,D,YP,AK,F
10:04:40,ICBP,RG,8575,9,D,YP,BK,F
10:04:40,ICBP,RG,8575,21,D,YP,DX,D
10:04:40,ICBP,RG,8575,8,D,YP,YP,D
10:04:40,ICBP,RG,8575,7,D,YP,DX,F
10:04:40,ICBP,RG,8575,2,D,YP,XC,D
10:04:40,ICBP,RG,8575,5,D,YP,SQ,D
10:04:40,ICBP,RG,8575,3,D,YP,LG,D
10:04:40,ICBP,RG,8575,17,D,YP,DX,D
10:03:52,ICBP,RG,8575,4,D,BB,DX,D
10:02:28,ICBP,RG,8550,20,F,BK,DR,D
10:02:22,ICBP,RG,8550,9,F,BK,BK,F
10:01:41,ICBP,RG,8550,1,F,BK,BQ,D
10:01:40,ICBP,RG,8550,6,F,BK,PD,D
10:01:30,ICBP,RG,8575,4,D,BK,DX,D
10:01:30,ICBP,RG,8575,2,D,BK,PD,D
10:01:30,ICBP,RG,8575,3,D,BK,KK,D
10:01:30,ICBP,RG,8575,2,D,BK,DX,D
10:01:21,ICBP,RG,8550,10,F,BK,BK,F
10:01:05,ICBP,RG,8575,1,D,PD,DX,D
10:01:01,ICBP,RG,8575,1,F,BK,DX,D
10:00:57,ICBP,RG,8575,14,D,PD,DX,D
10:00:17,ICBP,RG,8550,2,F,BK,XC,D
09:59:47,ICBP,RG,8575,3,D,PD,DX,D
09:59:24,ICBP,RG,8575,23,D,CC,DX,D
09:59:24,ICBP,RG,8575,1,D,CC,XC,D
09:59:24,ICBP,RG,8575,26,D,CC,CS,F
09:59:20,ICBP,RG,8550,5,F,BK,SQ,D
09:58:12,ICBP,RG,8550,20,F,BK,AZ,D
09:57:06,ICBP,RG,8550,10,F,BK,NI,D
09:56:53,ICBP,RG,8550,20,F,BK,LG,D
09:56:37,ICBP,RG,8550,15,F,BK,PD,D
09:56:37,ICBP,RG,8550,56,F,ZP,PD,D
09:56:37,ICBP,RG,8550,59,F,CC,PD,D
09:56:23,ICBP,RG,8575,3,D,PD,CS,F
09:55:56,ICBP,RG,8575,1,D,GR,CS,F
09:55:53,ICBP,RG,8575,4,D,PD,CS,F
09:55:24,ICBP,RG,8575,1,D,PD,CS,F
09:55:00,ICBP,RG,8575,1,D,XL,CS,F
09:54:50,ICBP,RG,8550,10,F,CC,XC,D
09:54:14,ICBP,RG,8550,298,F,CC,AI,D
09:54:14,ICBP,RG,8550,1,F,ZP,AI,D
09:54:14,ICBP,RG,8550,1,F,ZP,AI,D
09:53:16,ICBP,RG,8550,3,F,CS,AZ,D
09:53:16,ICBP,RG,8550,1,D,BB,AZ,D
09:53:16,ICBP,RG,8550,1,F,CS,AZ,D
09:53:11,ICBP,RG,8575,1,D,XC,CS,F
09:52:00,ICBP,RG,8550,2,F,CS,LG,D
09:51:49,ICBP,RG,8575,3,D,YP,CS,F
09:51:36,ICBP,RG,8550,10,F,CC,BK,F
09:51:36,ICBP,RG,8550,16,F,CC,CS,F
09:51:33,ICBP,RG,8550,3,D,BB,CS,F
09:51:24,ICBP,RG,8550,5,D,CC,CS,F
09:51:22,ICBP,RG,8550,45,F,CC,CS,F
09:51:20,ICBP,RG,8550,12,D,YP,CS,F
09:51:16,ICBP,RG,8550,10,D,AT,CS,F
09:51:15,ICBP,RG,8550,33,F,CC,CS,F
09:51:14,ICBP,RG,8575,43,F,ZP,CS,F
09:51:14,ICBP,RG,8575,23,D,PD,CS,F
09:51:14,ICBP,RG,8575,1,D,PD,XC,D
09:51:14,ICBP,RG,8575,30,D,PD,OD,D
09:51:14,ICBP,RG,8575,1,D,PD,SQ,D
09:51:14,ICBP,RG,8575,1,D,PD,XC,D
09:51:14,ICBP,RG,8575,1,D,PD,MK,D
09:51:14,ICBP,RG,8575,2,D,PD,YP,D
09:51:14,ICBP,RG,8575,1,D,PD,XC,D
09:51:14,ICBP,RG,8575,24,D,PD,DX,D
09:51:14,ICBP,RG,8575,10,D,PD,DH,D
09:51:14,ICBP,RG,8575,6,D,PD,XC,D
09:51:14,ICBP,RG,8575,1,D,PD,PD,D
09:51:14,ICBP,RG,8575,19,D,PD,DX,F
09:51:14,ICBP,RG,8575,2,D,PD,AK,F
09:51:14,ICBP,RG,8575,1,D,PD,AK,F
09:51:14,ICBP,RG,8575,20,D,PD,DX,D
09:51:14,ICBP,RG,8575,3,D,PD,PD,D
09:51:14,ICBP,RG,8575,1,D,PD,AK,F
09:51:14,ICBP,RG,8575,2,D,PD,AK,F
09:51:14,ICBP,RG,8575,94,D,PD,CS,F
09:51:14,ICBP,RG,8575,43,D,PD,DX,F
09:51:14,ICBP,RG,8550,1,D,PD,PD,D
09:51:01,ICBP,RG,8550,1,D,AT,AK,F
09:51:01,ICBP,RG,8550,1,D,AT,AK,F
09:51:01,ICBP,RG,8550,3,D,AT,ZP,F
09:51:01,ICBP,RG,8550,10,D,AT,BK,F
09:50:56,ICBP,RG,8550,20,F,ZP,AK,F
09:50:55,ICBP,RG,8550,47,F,ZP,AK,F
09:50:55,ICBP,RG,8550,42,F,CC,AK,F
09:50:55,ICBP,RG,8550,1,F,CC,AK,F
09:50:55,ICBP,RG,8550,1,F,CC,AK,F
09:50:55,ICBP,RG,8550,4,F,CC,DX,F
09:50:55,ICBP,RG,8550,6,F,CC,DX,F
