Time,Stock,Brd,Price,Qty,BT,BC,SC,ST
15:12:54,ICBP,RG,8700,5,D,YP,CC,D
15:11:51,ICBP,RG,8700,37,D,DR,CC,D
15:11:43,ICBP,RG,8700,10,D,YP,CC,D
15:09:56,ICBP,RG,8700,1,D,XC,CC,D
15:09:37,ICBP,RG,8700,1,D,XC,CC,D
15:08:35,ICBP,RG,8700,1,D,YP,CC,D
15:07:24,ICBP,RG,8700,1,D,SQ,CC,D
15:00:00,ICBP,RG,8700,4,D,PD,CC,D
15:00:00,ICBP,RG,8700,1,D,XL,CC,D
15:00:00,ICBP,RG,8700,5,D,YP,CC,D
15:00:00,ICBP,RG,8700,1,D,PD,CC,D
15:00:00,ICBP,RG,8700,10,D,NI,CC,D
15:00:00,ICBP,RG,8700,7,D,PD,CC,D
15:00:00,ICBP,RG,8700,1,D,YP,CC,D
15:00:00,ICBP,RG,8700,56,D,YP,CC,D
15:00:00,ICBP,RG,8700,203,F,BK,CC,D
15:00:00,ICBP,RG,8700,79,F,ZP,CC,D
15:00:00,ICBP,RG,8700,2,F,ZP,YP,D
15:00:00,ICBP,RG,8700,5,F,ZP,NI,D
15:00:00,ICBP,RG,8700,90,F,ZP,CC,D
15:00:00,ICBP,RG,8700,26,F,ZP,CC,D
15:00:00,ICBP,RG,8700,14,F,ZP,CC,D
15:00:00,ICBP,RG,8700,161,F,ZP,CC,D
15:00:00,ICBP,RG,8700,209,F,YU,CC,D
15:00:00,ICBP,RG,8700,36,F,YU,CC,D
15:00:00,ICBP,RG,8700,36,F,AK,CC,D
15:00:00,ICBP,RG,8700,1,F,AK,XC,D
15:00:00,ICBP,RG,8700,2,F,AK,YP,D
15:00:00,ICBP,RG,8700,2,F,AK,KK,D
15:00:00,ICBP,RG,8700,2,F,AK,GR,D
15:00:00,ICBP,RG,8700,2,F,AK,CC,D
15:00:00,ICBP,RG,8700,281,F,AK,BK,F
15:00:00,ICBP,RG,8700,8,F,AK,YU,F
15:00:00,ICBP,RG,8700,18,F,AK,AK,F
15:00:00,ICBP,RG,8700,5,F,AK,AK,F
15:00:00,ICBP,RG,8700,1,F,AK,KK,D
15:00:00,ICBP,RG,8700,7,F,AK,AK,F
15:00:00,ICBP,RG,8700,29,F,AK,PD,D
15:00:00,ICBP,RG,8700,99,F,YU,PD,D
15:00:00,ICBP,RG,8700,858,F,YU,PD,D
15:00:00,ICBP,RG,8700,67,F,YU,YU,D
14:49:59,ICBP,RG,8675,1,F,ZP,AK,F
14:49:59,ICBP,RG,8675,4,F,ZP,AK,D
14:49:58,ICBP,RG,8675,2,F,ZP,AK,D
14:49:57,ICBP,RG,8700,9,F,ZP,CC,D
14:49:57,ICBP,RG,8700,5,F,BK,CC,D
14:49:56,ICBP,RG,8675,10,F,ZP,AK,D
14:49:55,ICBP,RG,8700,21,F,YU,CC,D
14:49:55,ICBP,RG,8675,1,F,ZP,AK,D
14:49:54,ICBP,RG,8700,3,F,BK,CC,D
14:49:54,ICBP,RG,8700,18,F,YU,CC,D
14:49:53,ICBP,RG,8700,3,F,ZP,CC,D
14:49:49,ICBP,RG,8700,3,F,BK,CC,D
14:49:46,ICBP,RG,8700,4,F,BK,CC,D
14:49:45,ICBP,RG,8700,10,F,ZP,CC,D
14:49:38,ICBP,RG,8675,3,F,ZP,XC,D
14:49:37,ICBP,RG,8700,2,D,CC,CC,D
14:49:35,ICBP,RG,8700,3,F,BK,CC,D
14:49:32,ICBP,RG,8700,3,F,BK,CC,D
14:49:31,ICBP,RG,8675,19,F,ZP,AK,F
14:49:30,ICBP,RG,8675,3,F,ZP,AK,F
14:49:30,ICBP,RG,8675,1,F,ZP,AK,F
14:49:29,ICBP,RG,8700,21,F,YU,CC,D
14:49:25,ICBP,RG,8700,11,F,ZP,CC,D
14:49:20,ICBP,RG,8675,12,F,ZP,YU,F
14:49:15,ICBP,RG,8675,1,F,ZP,AK,F
14:49:11,ICBP,RG,8675,1,F,ZP,BB,D
14:49:02,ICBP,RG,8700,16,F,YU,CC,D
14:49:00,ICBP,RG,8675,2,F,ZP,AK,F
14:49:00,ICBP,RG,8675,1,F,ZP,AK,F
14:48:49,ICBP,RG,8700,9,F,YU,CC,D
14:48:45,ICBP,RG,8675,7,F,ZP,AK,F
14:48:39,ICBP,RG,8700,23,F,ZP,CC,D
14:48:35,ICBP,RG,8700,16,F,YU,CC,D
14:48:30,ICBP,RG,8675,1,F,ZP,BB,D
14:48:23,ICBP,RG,8700,20,F,YU,CC,D
14:48:11,ICBP,RG,8675,5,F,ZP,AK,F
14:48:11,ICBP,RG,8675,1,F,ZP,AK,F
14:48:10,ICBP,RG,8700,8,F,BK,CC,D
14:48:08,ICBP,RG,8700,20,F,YU,CC,D
14:48:00,ICBP,RG,8675,1,F,ZP,AK,F
14:47:48,ICBP,RG,8700,8,F,YU,CC,D
14:47:45,ICBP,RG,8675,3,F,ZP,AK,F
14:47:40,ICBP,RG,8700,9,F,BK,CC,D
14:47:38,ICBP,RG,8675,15,F,ZP,YP,D
14:47:37,ICBP,RG,8700,27,F,YU,CC,D
14:47:20,ICBP,RG,8675,1,F,ZP,OD,D
14:47:10,ICBP,RG,8700,21,F,ZP,CC,D
14:47:08,ICBP,RG,8700,1,D,XC,CC,D
14:47:05,ICBP,RG,8700,16,F,YU,CC,D
14:46:58,ICBP,RG,8675,2,F,ZP,BB,D
14:46:45,ICBP,RG,8700,10,F,YU,CC,D
14:46:44,ICBP,RG,8700,1,D,NI,CC,D
14:46:36,ICBP,RG,8700,20,F,YU,CC,D
14:46:27,ICBP,RG,8700,20,F,YU,CC,D
14:45:45,ICBP,RG,8675,27,F,YU,AK,F
14:45:34,ICBP,RG,8700,21,F,YU,CC,D
14:45:22,ICBP,RG,8700,20,F,ZP,CC,D
14:45:06,ICBP,RG,8700,16,F,YU,CC,D
14:44:46,ICBP,RG,8675,2,F,YU,BB,D
14:44:39,ICBP,RG,8700,10,F,YU,CC,D
14:44:34,ICBP,RG,8700,5,F,YU,KK,D
14:44:34,ICBP,RG,8700,15,F,YU,AK,F
14:44:32,ICBP,RG,8700,4,F,YU,AK,F
14:44:32,ICBP,RG,8700,7,F,YU,AK,F
14:44:32,ICBP,RG,8700,9,F,YU,AK,D
14:44:10,ICBP,RG,8700,10,F,YU,AK,D
14:44:00,ICBP,RG,8675,6,F,YU,AK,F
14:43:44,ICBP,RG,8700,26,F,ZP,AK,D
14:43:43,ICBP,RG,8700,24,F,YU,AK,D
14:43:09,ICBP,RG,8700,9,F,YU,AK,D
14:43:07,ICBP,RG,8700,5,D,CC,AK,D
14:42:42,ICBP,RG,8675,25,F,YU,KK,D
14:42:39,ICBP,RG,8700,20,F,YU,AK,D
14:42:23,ICBP,RG,8700,30,F,YU,AK,D
14:41:51,ICBP,RG,8700,1,D,NI,AK,D
14:41:42,ICBP,RG,8700,20,F,YU,AK,D
14:41:22,ICBP,RG,8700,27,F,YU,AK,D
14:40:49,ICBP,RG,8700,16,F,YU,AK,D
14:40:18,ICBP,RG,8700,10,F,YU,AK,D
14:40:18,ICBP,RG,8700,13,F,ZP,AK,D
14:40:13,ICBP,RG,8700,10,F,YU,AK,D
14:39:50,ICBP,RG,8700,8,F,YU,AK,D
14:39:32,ICBP,RG,8700,1,D,KK,AK,D
14:39:30,ICBP,RG,8675,10,F,YU,YU,D
14:39:30,ICBP,RG,8675,3,F,YU,YU,D
14:39:22,ICBP,RG,8700,6,F,YU,AK,D
14:39:22,ICBP,RG,8700,2,F,YU,AK,F
14:39:14,ICBP,RG,8675,3,F,YU,AK,D
14:39:12,ICBP,RG,8700,5,F,YU,AK,F
14:39:12,ICBP,RG,8700,1,F,YU,XC,D
14:38:55,ICBP,RG,8675,8,F,YU,AK,D
14:38:54,ICBP,RG,8675,1,F,YU,AK,D
14:38:53,ICBP,RG,8700,1,F,ZP,BB,D
14:38:53,ICBP,RG,8700,5,F,ZP,KK,D
14:38:53,ICBP,RG,8700,3,F,ZP,GR,D
14:38:53,ICBP,RG,8700,10,F,ZP,SQ,D
14:38:53,ICBP,RG,8675,6,F,YU,AK,D
14:38:52,ICBP,RG,8675,1,F,YU,PD,D
14:38:52,ICBP,RG,8675,8,F,YU,AK,D
14:38:51,ICBP,RG,8700,5,F,YU,SQ,D
14:38:51,ICBP,RG,8700,2,F,YU,PD,D
14:38:51,ICBP,RG,8700,3,F,YU,YB,D
14:38:51,ICBP,RG,8700,2,F,YU,CC,D
14:38:51,ICBP,RG,8700,2,F,YU,AG,D
14:38:51,ICBP,RG,8700,3,F,YU,AG,D
14:38:51,ICBP,RG,8700,17,F,YU,CC,D
14:38:27,ICBP,RG,8675,1,F,YU,AK,D
14:38:27,ICBP,RG,8675,4,D,GR,AK,D
14:38:26,ICBP,RG,8700,12,F,YU,CC,D
14:38:09,ICBP,RG,8675,4,D,GR,AK,D
14:38:08,ICBP,RG,8700,9,F,YU,CC,D
14:37:59,ICBP,RG,8675,3,D,GR,AK,D
14:37:58,ICBP,RG,8700,6,F,YU,CC,D
14:37:34,ICBP,RG,8675,2,D,GR,AK,D
14:37:33,ICBP,RG,8700,6,F,YU,CC,D
14:37:07,ICBP,RG,8675,5,D,GR,AK,D
14:37:07,ICBP,RG,8700,12,F,YU,CC,D
14:35:21,ICBP,RG,8675,6,D,GR,AK,D
14:35:20,ICBP,RG,8700,12,F,ZP,CC,D
14:34:40,ICBP,RG,8675,8,D,GR,AK,D
14:34:39,ICBP,RG,8700,20,F,YU,CC,D
14:34:19,ICBP,RG,8675,1,D,GR,AK,D
14:34:18,ICBP,RG,8675,2,D,GR,PD,D
14:34:16,ICBP,RG,8675,15,D,GR,AK,D
14:34:15,ICBP,RG,8700,6,F,ZP,CC,D
14:34:15,ICBP,RG,8700,15,F,ZP,SQ,D
14:34:15,ICBP,RG,8700,7,F,ZP,AK,F
14:34:15,ICBP,RG,8700,6,F,ZP,AK,F
14:34:13,ICBP,RG,8675,15,D,GR,AK,D
14:34:12,ICBP,RG,8675,3,D,GR,AK,F
14:34:12,ICBP,RG,8675,34,D,GR,AK,F
14:34:12,ICBP,RG,8675,2,D,GR,AK,D
14:34:12,ICBP,RG,8675,28,D,GR,AK,D
14:34:12,ICBP,RG,8675,20,D,GR,SQ,D
14:34:12,ICBP,RG,8675,1,D,GR,YP,D
14:34:12,ICBP,RG,8675,11,D,GR,YU,D
14:34:12,ICBP,RG,8675,7,D,GR,YU,D
14:34:12,ICBP,RG,8675,21,D,GR,AK,F
14:34:12,ICBP,RG,8675,8,D,GR,CS,F
14:34:08,ICBP,RG,8650,3,D,IF,AK,D
14:34:07,ICBP,RG,8675,9,F,BK,CS,F
14:34:05,ICBP,RG,8650,6,D,IF,AK,D
14:34:04,ICBP,RG,8675,12,F,BK,CS,F
14:34:02,ICBP,RG,8650,2,D,IF,AK,D
14:34:02,ICBP,RG,8650,1,D,SQ,AK,D
14:34:02,ICBP,RG,8650,1,D,KK,AK,D
14:34:02,ICBP,RG,8650,1,D,NI,AK,D
14:34:02,ICBP,RG,8650,5,D,PD,AK,D
14:34:01,ICBP,RG,8675,24,F,ZP,CS,F
14:34:00,ICBP,RG,8650,5,D,PD,AK,D
14:34:00,ICBP,RG,8650,1,D,XL,AK,D
14:34:00,ICBP,RG,8650,1,D,YP,AK,D
14:34:00,ICBP,RG,8650,1,D,CC,AK,D
14:34:00,ICBP,RG,8650,1,D,XC,AK,D
14:34:00,ICBP,RG,8650,2,D,XC,AK,D
14:34:00,ICBP,RG,8650,1,D,SQ,AK,D
14:34:00,ICBP,RG,8650,1,D,SQ,AK,D
14:33:59,ICBP,RG,8675,11,F,BK,CS,F
14:33:59,ICBP,RG,8675,20,F,YU,CS,F
14:33:55,ICBP,RG,8650,7,D,SQ,AK,D
14:33:54,ICBP,RG,8650,1,D,SQ,AK,D
14:33:54,ICBP,RG,8650,10,D,DR,AK,D
14:33:54,ICBP,RG,8650,2,D,AT,AK,D
14:33:54,ICBP,RG,8650,1,D,YU,AK,D
14:33:54,ICBP,RG,8650,1,D,PD,AK,D
14:33:54,ICBP,RG,8650,5,D,IN,AK,D
14:33:54,ICBP,RG,8650,1,D,YP,AK,D
14:33:54,ICBP,RG,8650,1,D,XC,AK,D
14:33:54,ICBP,RG,8650,1,D,YP,AK,D
14:33:54,ICBP,RG,8650,1,D,CC,AK,D
14:33:54,ICBP,RG,8650,1,D,CC,AK,D
14:33:54,ICBP,RG,8650,1,D,BQ,AK,D
14:33:54,ICBP,RG,8650,7,D,NI,AK,D
14:33:53,ICBP,RG,8675,12,F,BK,CS,F
14:33:53,ICBP,RG,8675,5,F,BK,AK,F
14:33:53,ICBP,RG,8675,2,F,ZP,AK,F
14:33:53,ICBP,RG,8675,15,F,ZP,SQ,D
14:33:53,ICBP,RG,8675,3,F,ZP,SQ,D
14:33:53,ICBP,RG,8675,7,F,ZP,SQ,D
14:33:53,ICBP,RG,8675,5,F,ZP,XC,D
14:33:53,ICBP,RG,8675,6,F,ZP,AK,F
14:33:53,ICBP,RG,8675,1,F,ZP,BB,D
14:33:53,ICBP,RG,8675,7,F,ZP,AK,F
14:33:53,ICBP,RG,8675,31,F,ZP,YP,D
14:33:52,ICBP,RG,8650,63,D,NI,AK,D
14:33:52,ICBP,RG,8650,5,D,YP,AK,D
14:33:52,ICBP,RG,8650,4,D,LS,AK,D
14:33:52,ICBP,RG,8650,10,D,DH,AK,D
14:33:52,ICBP,RG,8650,6,D,XC,AK,D
14:33:52,ICBP,RG,8650,1,D,PD,AK,D
14:33:52,ICBP,RG,8650,2,D,GR,AK,D
14:33:52,ICBP,RG,8650,1,D,XC,AK,D
14:33:52,ICBP,RG,8650,1,D,AZ,AK,D
14:33:52,ICBP,RG,8650,2,D,PD,AK,D
14:33:52,ICBP,RG,8650,1,D,KK,AK,D
14:33:52,ICBP,RG,8650,2,F,XA,AK,D
14:33:52,ICBP,RG,8650,3,D,KK,AK,D
14:33:52,ICBP,RG,8650,1,D,KK,AK,D
14:33:52,ICBP,RG,8650,1,D,EP,AK,D
14:33:52,ICBP,RG,8650,2,D,YB,AK,D
14:33:52,ICBP,RG,8650,1,D,CC,AK,D
14:33:52,ICBP,RG,8650,1,D,NI,AK,D
14:33:52,ICBP,RG,8650,8,D,CC,AK,D
14:33:52,ICBP,RG,8650,5,D,XC,AK,D
14:33:52,ICBP,RG,8650,2,D,PD,AK,D
14:33:52,ICBP,RG,8650,7,D,NI,AK,D
14:33:51,ICBP,RG,8675,69,D,GR,YP,D
14:33:51,ICBP,RG,8675,10,D,GR,YU,D
14:33:51,ICBP,RG,8675,7,D,GR,AK,F
14:33:51,ICBP,RG,8675,214,D,GR,YP,D
14:33:32,ICBP,RG,8650,1,D,NI,PD,D
14:32:34,ICBP,RG,8650,18,D,NI,AK,D
14:32:33,ICBP,RG,8650,40,D,NI,AK,F
14:32:30,ICBP,RG,8650,7,D,NI,AK,D
14:32:29,ICBP,RG,8675,17,F,ZP,YP,D
14:32:26,ICBP,RG,8650,1,D,NI,XC,D
14:32:15,ICBP,RG,8650,1,D,NI,AK,D
14:32:14,ICBP,RG,8650,1,D,NI,BB,D
14:32:10,ICBP,RG,8675,1,D,PD,YP,D
14:32:01,ICBP,RG,8650,5,D,NI,AK,D
14:32:00,ICBP,RG,8650,12,D,NI,YU,D
14:31:42,ICBP,RG,8650,1,D,NI,AK,D
14:31:41,ICBP,RG,8675,1,D,BQ,YP,D
14:31:31,ICBP,RG,8650,3,D,NI,AK,D
14:31:30,ICBP,RG,8650,8,D,NI,AK,F
14:31:27,ICBP,RG,8650,9,D,NI,AK,D
14:31:26,ICBP,RG,8675,20,F,YU,YP,D
14:30:38,ICBP,RG,8650,13,D,NI,AK,D
14:30:36,ICBP,RG,8675,30,D,YP,YP,D
14:30:26,ICBP,RG,8650,2,D,NI,AK,D
14:30:24,ICBP,RG,8675,6,F,ZP,YP,D
14:29:31,ICBP,RG,8650,4,D,NI,AK,D
14:29:30,ICBP,RG,8650,9,D,NI,AK,F
14:29:15,ICBP,RG,8650,1,D,NI,AK,D
14:29:13,ICBP,RG,8650,2,D,NI,BB,D
14:29:11,ICBP,RG,8650,7,D,NI,AK,D
14:29:09,ICBP,RG,8675,16,F,ZP,YP,D
14:29:01,ICBP,RG,8650,5,D,NI,AK,D
14:29:00,ICBP,RG,8650,6,D,NI,DR,D
14:29:00,ICBP,RG,8650,7,D,NI,YU,D
14:28:47,ICBP,RG,8650,9,D,NI,AK,D
14:28:46,ICBP,RG,8675,20,F,YU,YP,D
14:28:01,ICBP,RG,8650,4,D,NI,AK,D
14:28:00,ICBP,RG,8650,10,D,NI,YU,D
14:26:18,ICBP,RG,8650,9,D,NI,AK,D
14:26:17,ICBP,RG,8675,20,F,YU,YP,D
14:25:34,ICBP,RG,8650,1,D,NI,BB,D
14:25:19,ICBP,RG,8650,5,D,NI,AK,D
14:25:18,ICBP,RG,8675,11,F,ZP,YP,D
14:24:32,ICBP,RG,8675,1,D,XC,YP,D
14:24:01,ICBP,RG,8650,10,D,NI,AK,D
14:24:00,ICBP,RG,8650,23,D,NI,AK,F
14:23:47,ICBP,RG,8650,1,D,NI,AK,D
14:23:46,ICBP,RG,8675,1,D,XC,YP,D
14:23:24,ICBP,RG,8650,10,D,NI,AK,D
14:23:23,ICBP,RG,8675,24,F,ZP,YP,D
14:23:22,ICBP,RG,8675,1,D,XC,YP,D
14:23:19,ICBP,RG,8650,1,D,NI,AK,D
14:23:18,ICBP,RG,8675,2,D,YP,YP,D
14:23:01,ICBP,RG,8650,6,D,NI,AK,D
14:23:00,ICBP,RG,8650,14,D,NI,YU,D
14:22:34,ICBP,RG,8650,30,D,NI,AK,D
14:22:33,ICBP,RG,8650,70,D,NI,YP,D
14:22:13,ICBP,RG,8650,4,D,NI,AK,D
14:22:12,ICBP,RG,8675,10,D,YP,YP,D
14:20:28,ICBP,RG,8650,2,D,NI,AK,D
14:20:27,ICBP,RG,8675,5,F,ZP,YP,D
14:20:27,ICBP,RG,8675,4,F,ZP,AK,D
14:20:27,ICBP,RG,8675,8,F,ZP,AK,F
14:20:27,ICBP,RG,8675,2,F,ZP,AK,D
14:20:27,ICBP,RG,8675,1,F,ZP,BB,D
14:20:27,ICBP,RG,8675,4,F,ZP,AK,F
14:20:19,ICBP,RG,8650,22,D,NI,AK,D
14:20:18,ICBP,RG,8650,51,D,NI,YU,D
14:19:20,ICBP,RG,8650,1,D,NI,AK,D
14:19:19,ICBP,RG,8650,2,D,NI,XC,D
14:18:14,ICBP,RG,8650,1,D,NI,BB,D
14:17:46,ICBP,RG,8650,5,D,NI,AK,D
14:17:44,ICBP,RG,8675,3,D,GR,AK,F
14:17:44,ICBP,RG,8675,2,D,GR,BB,D
14:17:44,ICBP,RG,8675,7,D,GR,AK,F
14:17:00,ICBP,RG,8650,5,D,NI,AK,D
14:17:00,ICBP,RG,8650,10,D,NI,YU,D
14:16:14,ICBP,RG,8650,4,D,NI,AK,D
14:16:13,ICBP,RG,8675,10,D,DR,AK,F
14:15:31,ICBP,RG,8650,3,D,NI,AK,D
14:15:30,ICBP,RG,8650,8,D,NI,AK,F
14:15:27,ICBP,RG,8650,2,D,NI,AK,D
14:15:27,ICBP,RG,8675,3,F,ZP,PD,D
14:15:27,ICBP,RG,8675,5,F,ZP,AK,D
14:15:27,ICBP,RG,8675,8,F,ZP,AK,F
14:15:27,ICBP,RG,8675,1,F,ZP,SQ,D
14:15:27,ICBP,RG,8675,3,F,ZP,YU,D
14:15:25,ICBP,RG,8650,4,D,NI,AK,D
14:15:24,ICBP,RG,8650,3,D,NI,XC,D
14:15:24,ICBP,RG,8650,2,D,PD,XC,D
14:15:24,ICBP,RG,8650,5,D,PD,XC,D
14:15:19,ICBP,RG,8650,7,D,YP,AK,D
14:15:19,ICBP,RG,8650,1,D,CC,AK,D
14:15:19,ICBP,RG,8650,6,D,CC,AK,D
14:15:18,ICBP,RG,8675,4,D,YP,YU,D
14:15:18,ICBP,RG,8675,7,D,YP,AK,F
14:15:18,ICBP,RG,8675,15,D,YP,SQ,D
14:15:18,ICBP,RG,8675,13,D,YP,AK,F
14:15:18,ICBP,RG,8675,1,D,YP,AK,D
14:15:18,ICBP,RG,8675,4,D,YP,AK,D
14:15:18,ICBP,RG,8675,3,D,YP,BB,D
14:15:18,ICBP,RG,8675,3,D,YP,KK,D
14:15:06,ICBP,RG,8650,1,D,CC,AK,D
14:15:05,ICBP,RG,8675,1,D,PD,KK,D
14:14:40,ICBP,RG,8650,1,D,CC,XC,D
14:14:21,ICBP,RG,8650,2,D,CC,AK,D
14:14:20,ICBP,RG,8650,1,D,YP,PD,D
14:14:20,ICBP,RG,8650,1,D,DH,PD,D
14:14:20,ICBP,RG,8650,3,D,SQ,PD,D
14:13:56,ICBP,RG,8650,1,D,SQ,AK,D
14:13:55,ICBP,RG,8650,1,D,SQ,PD,D
14:13:55,ICBP,RG,8650,1,D,PD,PD,D
14:13:35,ICBP,RG,8650,1,D,PD,AK,D
14:13:34,ICBP,RG,8675,2,D,PD,KK,D
14:12:40,ICBP,RG,8650,1,D,PD,AK,D
14:12:39,ICBP,RG,8675,1,D,PD,KK,D
14:12:34,ICBP,RG,8675,1,D,PD,KK,D
14:12:29,ICBP,RG,8675,1,D,PD,KK,D
14:12:24,ICBP,RG,8650,1,D,PD,AK,D
14:12:23,ICBP,RG,8675,1,D,PD,KK,D
14:12:08,ICBP,RG,8650,1,D,PD,AK,D
14:12:08,ICBP,RG,8650,5,D,PD,AK,D
14:12:08,ICBP,RG,8650,2,D,XL,AK,D
14:12:07,ICBP,RG,8650,1,D,XC,AK,D
14:12:07,ICBP,RG,8650,10,D,YP,AK,D
14:12:06,ICBP,RG,8700,8,F,ZP,AK,F
14:12:06,ICBP,RG,8700,3,F,ZP,CC,F
14:12:06,ICBP,RG,8700,7,F,ZP,YU,F
14:12:06,ICBP,RG,8650,2,D,YP,AT,D
14:12:06,ICBP,RG,8650,88,D,YP,AK,D
14:12:06,ICBP,RG,8650,1,D,PD,AK,D
14:12:05,ICBP,RG,8700,15,F,ZP,YU,F
14:12:05,ICBP,RG,8700,7,F,ZP,AK,F
14:12:05,ICBP,RG,8700,3,F,ZP,OD,D
14:12:05,ICBP,RG,8675,1,D,YP,AK,F
14:12:05,ICBP,RG,8675,1,D,XC,AK,F
14:12:05,ICBP,RG,8675,31,F,ZP,AK,F
14:12:05,ICBP,RG,8675,1,D,NI,AK,F
14:12:05,ICBP,RG,8675,2,D,YP,AK,F
14:12:05,ICBP,RG,8675,20,D,CC,AK,F
14:12:05,ICBP,RG,8675,26,F,ZP,AK,F
14:12:05,ICBP,RG,8675,5,D,PD,AK,F
14:12:05,ICBP,RG,8675,79,F,YU,AK,F
14:12:05,ICBP,RG,8675,41,F,YU,AK,F
14:12:05,ICBP,RG,8675,60,F,YU,AK,D
14:12:05,ICBP,RG,8675,43,D,CC,AK,D
14:12:04,ICBP,RG,8675,7,D,CC,AK,D
14:12:04,ICBP,RG,8675,10,D,CC,AK,F
14:12:04,ICBP,RG,8675,2,D,CC,AK,F
14:12:04,ICBP,RG,8675,2,D,PD,AK,F
14:12:04,ICBP,RG,8675,1,D,AN,AK,F
14:12:04,ICBP,RG,8675,5,D,DH,AK,F
14:12:04,ICBP,RG,8675,36,F,YU,AK,F
14:12:04,ICBP,RG,8675,2,D,XL,AK,F
14:12:04,ICBP,RG,8675,1,D,NI,AK,F
14:12:04,ICBP,RG,8675,37,F,YU,AK,F
14:12:04,ICBP,RG,8675,10,D,ES,AK,F
14:12:04,ICBP,RG,8675,39,F,YU,AK,F
14:12:04,ICBP,RG,8675,1,D,YP,AK,F
14:12:04,ICBP,RG,8675,2,D,YP,AK,F
14:12:04,ICBP,RG,8675,32,F,YU,AK,F
14:12:04,ICBP,RG,8675,12,F,ZP,AK,F
14:12:04,ICBP,RG,8675,5,D,XC,AK,F
14:12:04,ICBP,RG,8675,1,D,PD,AK,F
14:12:04,ICBP,RG,8675,33,F,YU,AK,F
14:12:04,ICBP,RG,8675,9,F,ZP,AK,F
14:12:03,ICBP,RG,8675,103,F,ZP,AK,D
14:12:02,ICBP,RG,8700,18,F,ZP,OD,D
14:12:02,ICBP,RG,8675,10,F,ZP,AK,F
14:12:02,ICBP,RG,8675,25,F,ZP,AK,F
14:12:02,ICBP,RG,8675,1,D,YB,AK,F
14:12:02,ICBP,RG,8675,28,F,YU,AK,F
14:12:02,ICBP,RG,8675,50,D,DH,AK,F
14:12:02,ICBP,RG,8675,1,D,XC,AK,F
14:12:02,ICBP,RG,8675,31,F,YU,AK,F
14:12:02,ICBP,RG,8675,1,D,XC,AK,F
14:12:02,ICBP,RG,8675,80,D,PD,AK,F
14:12:02,ICBP,RG,8675,1,D,XC,AK,F
14:12:02,ICBP,RG,8675,2,D,XC,AK,F
14:12:02,ICBP,RG,8675,10,D,YP,AK,F
14:12:01,ICBP,RG,8675,8,D,YP,AK,D
14:12:00,ICBP,RG,8675,12,D,YP,AK,D
14:12:00,ICBP,RG,8675,12,D,YP,YU,D
14:11:59,ICBP,RG,8675,8,D,YP,YB,D
14:11:59,ICBP,RG,8675,26,D,HP,YB,D
14:11:49,ICBP,RG,8675,4,D,HP,AK,D
14:11:48,ICBP,RG,8700,9,F,YU,OD,D
14:11:33,ICBP,RG,8675,1,D,HP,AK,D
14:11:32,ICBP,RG,8675,2,D,HP,PD,D
14:11:31,ICBP,RG,8700,1,D,PD,OD,D
14:11:16,ICBP,RG,8675,17,D,HP,AK,D
14:11:15,ICBP,RG,8675,39,D,HP,AK,F
14:11:07,ICBP,RG,8675,4,D,HP,AK,D
14:11:06,ICBP,RG,8700,6,F,YU,OD,D
14:11:06,ICBP,RG,8700,3,F,YU,BB,D
14:11:00,ICBP,RG,8675,4,D,HP,AK,D
14:10:59,ICBP,RG,8700,6,D,SQ,BB,D
14:10:59,ICBP,RG,8700,1,D,SQ,PD,D
14:10:59,ICBP,RG,8700,3,D,SQ,PD,D
14:10:30,ICBP,RG,8675,2,D,HP,AK,D
14:10:30,ICBP,RG,8675,1,D,HP,AK,D
14:10:28,ICBP,RG,8675,6,F,YU,YU,F
14:10:24,ICBP,RG,8675,3,F,YU,AK,D
14:10:23,ICBP,RG,8700,1,F,ZP,XC,D
14:10:23,ICBP,RG,8700,6,F,ZP,NI,D
14:08:46,ICBP,RG,8675,3,F,YU,AK,D
14:08:45,ICBP,RG,8675,7,F,YU,AK,F
14:06:55,ICBP,RG,8675,6,F,YU,AK,D
14:06:55,ICBP,RG,8675,6,F,YU,SQ,D
14:06:55,ICBP,RG,8675,1,D,PD,SQ,D
14:06:55,ICBP,RG,8675,8,F,ZP,SQ,D
14:06:53,ICBP,RG,8675,1,F,ZP,XL,D
14:05:20,ICBP,RG,8675,4,F,ZP,AK,D
14:05:19,ICBP,RG,8700,9,F,ZP,NI,D
14:03:13,ICBP,RG,8675,5,F,ZP,AK,D
14:03:12,ICBP,RG,8675,6,F,ZP,AK,F
14:03:12,ICBP,RG,8675,2,D,PD,AK,F
14:03:12,ICBP,RG,8675,2,D,YP,AK,F
14:03:12,ICBP,RG,8675,1,F,ZP,AK,F
14:02:16,ICBP,RG,8675,9,F,ZP,AK,D
14:02:15,ICBP,RG,8675,20,F,ZP,AK,F
14:02:09,ICBP,RG,8675,3,F,ZP,AK,D
14:02:08,ICBP,RG,8675,8,F,ZP,KK,D
14:00:19,ICBP,RG,8675,2,F,ZP,AK,D
14:00:17,ICBP,RG,8700,5,F,ZP,NI,D
14:00:14,ICBP,RG,8675,1,F,ZP,AK,D
14:00:13,ICBP,RG,8675,1,F,ZP,YP,D
14:00:01,ICBP,RG,8675,2,F,ZP,AK,D
14:00:00,ICBP,RG,8675,6,F,ZP,AK,F
13:59:07,ICBP,RG,8675,7,F,ZP,AK,D
13:59:05,ICBP,RG,8700,5,F,ZP,NI,D
13:59:05,ICBP,RG,8700,1,F,ZP,YP,D
13:59:05,ICBP,RG,8700,6,F,ZP,YU,D
13:59:05,ICBP,RG,8700,4,F,ZP,YU,D
13:58:38,ICBP,RG,8700,1,D,YP,YU,D
13:58:31,ICBP,RG,8675,18,F,ZP,AK,D
13:58:30,ICBP,RG,8675,18,F,ZP,AK,F
13:58:30,ICBP,RG,8675,24,F,YU,AK,F
13:58:10,ICBP,RG,8675,7,F,YU,AK,D
13:58:09,ICBP,RG,8675,15,F,YU,SQ,D
13:58:08,ICBP,RG,8675,7,F,YU,AK,D
13:58:06,ICBP,RG,8700,6,F,ZP,YU,D
13:58:06,ICBP,RG,8700,11,F,ZP,CC,D
13:57:31,ICBP,RG,8675,3,F,YU,AK,D
13:57:30,ICBP,RG,8675,7,F,YU,AK,F
13:57:26,ICBP,RG,8675,1,F,YU,AK,D
13:57:24,ICBP,RG,8700,1,D,XL,CC,D
13:57:01,ICBP,RG,8675,3,F,YU,AK,D
13:57:00,ICBP,RG,8675,7,F,YU,AK,F
13:56:44,ICBP,RG,8675,8,F,YU,AK,D
13:56:44,ICBP,RG,8675,26,F,YU,AK,D
13:56:44,ICBP,RG,8675,8,F,YU,AK,D
13:56:43,ICBP,RG,8675,4,F,YU,KK,D
13:56:43,ICBP,RG,8675,1,D,CP,KK,D
13:56:43,ICBP,RG,8675,78,F,YU,KK,D
13:56:43,ICBP,RG,8675,2,D,YP,KK,D
13:56:43,ICBP,RG,8675,3,F,YP,KK,D
13:56:43,ICBP,RG,8675,1,D,XC,KK,D
13:56:43,ICBP,RG,8675,1,D,XC,KK,D
13:56:43,ICBP,RG,8675,2,D,XC,KK,D
13:56:43,ICBP,RG,8675,2,D,XC,KK,D
13:56:43,ICBP,RG,8675,1,D,XC,KK,D
13:56:43,ICBP,RG,8675,5,F,BK,KK,D
13:56:16,ICBP,RG,8675,3,F,BK,AK,D
13:56:15,ICBP,RG,8700,1,F,YU,OD,D
13:56:15,ICBP,RG,8700,2,F,YU,SQ,D
13:56:15,ICBP,RG,8700,2,F,YU,YP,D
13:56:15,ICBP,RG,8700,2,F,YU,YU,D
13:55:42,ICBP,RG,8675,3,F,BK,AK,D
13:55:41,ICBP,RG,8700,6,F,YU,YU,D
13:55:25,ICBP,RG,8675,1,F,BK,AK,D
13:55:24,ICBP,RG,8700,2,D,PD,YU,D
13:55:00,ICBP,RG,8675,5,F,BK,AK,D
13:55:00,ICBP,RG,8675,11,F,BK,YU,D
13:54:43,ICBP,RG,8675,3,F,BK,AK,D
13:54:42,ICBP,RG,8700,9,F,YU,PD,D
13:52:54,ICBP,RG,8675,9,F,BK,AK,D
13:52:53,ICBP,RG,8700,20,F,YU,PD,D
13:51:41,ICBP,RG,8675,3,F,BK,AK,D
13:51:39,ICBP,RG,8700,7,D,XL,PD,D
13:50:01,ICBP,RG,8675,3,F,BK,AK,D
13:50:00,ICBP,RG,8675,6,F,BK,YU,D
13:49:05,ICBP,RG,8675,1,F,BK,AK,D
13:49:05,ICBP,RG,8675,1,D,XL,AK,D
13:49:05,ICBP,RG,8675,1,D,XL,AK,D
13:49:04,ICBP,RG,8700,8,F,BK,PD,D
13:49:01,ICBP,RG,8675,1,D,XC,AK,D
13:49:01,ICBP,RG,8675,1,D,XC,AK,D
13:49:01,ICBP,RG,8675,2,D,SQ,AK,D
13:49:00,ICBP,RG,8675,8,D,SQ,YU,D
13:49:00,ICBP,RG,8675,1,D,PD,YU,D
13:49:00,ICBP,RG,8675,1,D,PD,YU,D
13:48:57,ICBP,RG,8675,1,D,KK,AK,D
13:48:57,ICBP,RG,8675,1,D,PD,AK,D
13:48:57,ICBP,RG,8675,5,D,DH,AK,D
13:48:56,ICBP,RG,8675,5,D,DH,SQ,D
13:48:56,ICBP,RG,8675,1,D,PD,SQ,D
13:48:56,ICBP,RG,8675,1,D,PD,SQ,D
13:48:56,ICBP,RG,8675,8,D,PD,SQ,D
13:48:18,ICBP,RG,8675,3,D,PD,AK,D
13:48:16,ICBP,RG,8700,8,F,BK,PD,D
13:48:11,ICBP,RG,8675,1,D,KK,AK,D
13:48:11,ICBP,RG,8675,1,D,PD,AK,D
13:48:11,ICBP,RG,8675,1,D,GR,AK,D
13:48:11,ICBP,RG,8675,1,D,EP,AK,D
13:48:09,ICBP,RG,8675,9,D,EP,YU,F
13:48:09,ICBP,RG,8675,1,D,PC,YU,F
13:47:25,ICBP,RG,8675,2,D,PC,AK,D
13:47:25,ICBP,RG,8675,1,D,XC,AK,D
13:47:25,ICBP,RG,8675,1,D,CC,AK,D
13:47:25,ICBP,RG,8675,1,D,YP,AK,D
13:47:23,ICBP,RG,8700,8,D,EP,PD,D
13:47:23,ICBP,RG,8700,2,D,EP,BK,F
13:47:06,ICBP,RG,8675,8,F,ZP,AK,D
13:47:05,ICBP,RG,8675,20,F,ZP,AK,F
13:46:31,ICBP,RG,8675,19,F,ZP,AK,D
13:46:30,ICBP,RG,8675,11,F,ZP,AK,F
13:46:30,ICBP,RG,8675,5,D,YP,AK,F
13:46:30,ICBP,RG,8675,1,D,SQ,AK,F
13:46:30,ICBP,RG,8675,1,D,NI,AK,F
13:46:30,ICBP,RG,8675,1,D,XC,AK,F
13:46:30,ICBP,RG,8675,25,D,DH,AK,F
13:46:14,ICBP,RG,8675,4,D,DH,AK,D
13:46:12,ICBP,RG,8700,8,D,SQ,BK,F
13:45:37,ICBP,RG,8675,8,D,DH,AK,D
13:45:37,ICBP,RG,8700,20,F,YU,BK,F
13:45:28,ICBP,RG,8675,1,D,DH,AK,D
13:45:27,ICBP,RG,8700,3,D,XC,BK,F
13:45:21,ICBP,RG,8675,4,D,DH,AK,D
13:45:20,ICBP,RG,8700,9,F,ZP,BK,F
13:44:30,ICBP,RG,8675,4,D,DH,AK,D
13:44:30,ICBP,RG,8675,8,D,DH,AK,F
13:43:38,ICBP,RG,8675,1,D,DH,XC,D
13:43:04,ICBP,RG,8675,1,D,DH,AK,D
13:43:03,ICBP,RG,8675,1,D,DH,PD,D
13:43:01,ICBP,RG,8675,4,D,DH,AK,D
13:43:00,ICBP,RG,8675,11,D,DH,YU,D
13:41:59,ICBP,RG,8675,1,D,DH,AK,D
13:41:58,ICBP,RG,8700,1,D,NI,BK,F
13:40:26,ICBP,RG,8675,1,D,DH,PD,D
13:40:22,ICBP,RG,8675,9,D,DH,AK,D
13:40:21,ICBP,RG,8700,10,F,ZP,BK,F
13:40:21,ICBP,RG,8700,11,F,ZP,BK,F
13:40:09,ICBP,RG,8675,9,D,DH,AK,D
13:40:08,ICBP,RG,8700,20,D,GR,BK,F
13:40:01,ICBP,RG,8675,8,D,DH,AK,D
13:40:00,ICBP,RG,8675,12,D,DH,YU,D
13:40:00,ICBP,RG,8675,7,D,DH,YU,D
13:39:34,ICBP,RG,8675,1,D,DH,AK,D
13:39:33,ICBP,RG,8700,2,D,PD,BK,F
13:39:13,ICBP,RG,8675,2,D,DH,AK,D
13:39:11,ICBP,RG,8675,5,D,DH,SQ,D
13:39:09,ICBP,RG,8675,8,D,DH,AK,D
13:39:08,ICBP,RG,8700,8,D,TP,BK,F
13:39:08,ICBP,RG,8700,12,D,TP,GR,D
13:38:17,ICBP,RG,8675,5,D,DH,AK,D
13:38:16,ICBP,RG,8675,10,D,DH,SQ,D
13:36:49,ICBP,RG,8675,2,D,DH,AK,D
13:36:48,ICBP,RG,8700,5,F,YU,GR,D
13:35:52,ICBP,RG,8675,2,D,DH,AK,D
13:35:51,ICBP,RG,8675,5,D,DH,DR,D
13:35:28,ICBP,RG,8675,5,D,DH,AK,D
13:35:27,ICBP,RG,8700,11,F,ZP,GR,D
13:32:42,ICBP,RG,8675,4,D,DH,AK,D
13:32:41,ICBP,RG,8675,9,D,DH,OD,D
13:32:01,ICBP,RG,8675,6,D,DH,AK,D
13:32:00,ICBP,RG,8675,16,D,DH,YU,D
13:31:46,ICBP,RG,8675,1,D,DH,AK,D
13:31:45,ICBP,RG,8675,2,D,PD,AK,D
13:31:45,ICBP,RG,8675,1,D,XC,AK,D
13:31:45,ICBP,RG,8675,1,F,ZP,AK,D
13:31:44,ICBP,RG,8675,10,F,ZP,OD,D
13:31:24,ICBP,RG,8675,3,F,ZP,AK,D
13:31:23,ICBP,RG,8675,8,F,ZP,YU,F
13:30:25,ICBP,RG,8675,4,F,ZP,AK,D
13:30:24,ICBP,RG,8700,10,F,ZP,GR,D
13:30:16,ICBP,RG,8675,14,F,ZP,AK,D
13:30:15,ICBP,RG,8675,1,F,ZP,AK,D
13:30:15,ICBP,RG,8675,4,F,ZP,YP,D
13:30:14,ICBP,RG,8700,28,F,ZP,GR,D
13:30:14,ICBP,RG,8675,2,F,ZP,YP,D
13:30:13,ICBP,RG,8675,15,F,ZP,AK,D
13:30:13,ICBP,RG,8675,1,F,ZP,AK,D
13:30:13,ICBP,RG,8675,37,F,ZP,YP,D
13:30:08,ICBP,RG,8675,4,F,ZP,AK,D
13:30:08,ICBP,RG,8675,1,D,PD,AK,D
13:30:08,ICBP,RG,8675,1,D,XL,AK,D
13:30:08,ICBP,RG,8675,1,D,DH,AK,D
13:30:08,ICBP,RG,8675,1,D,XC,AK,D
13:30:07,ICBP,RG,8675,11,F,YU,AK,D
13:30:07,ICBP,RG,8675,13,F,YU,AK,D
13:30:07,ICBP,RG,8675,19,F,YU,AK,D
13:30:07,ICBP,RG,8675,5,D,PD,AK,D
13:30:07,ICBP,RG,8675,1,D,PD,AK,D
13:30:07,ICBP,RG,8675,13,F,YU,AK,D
13:30:07,ICBP,RG,8675,15,F,YU,AK,D
13:30:07,ICBP,RG,8675,1,D,PD,AK,D
13:30:07,ICBP,RG,8675,10,D,DH,AK,D
13:30:07,ICBP,RG,8675,13,F,YU,AK,D
13:30:05,ICBP,RG,8675,3,F,YU,AK,F
13:30:05,ICBP,RG,8675,1,D,PD,AK,F
13:30:05,ICBP,RG,8675,5,D,CC,AK,F
13:30:05,ICBP,RG,8675,9,F,YU,AK,F
13:30:05,ICBP,RG,8675,1,F,YU,XC,D
13:30:05,ICBP,RG,8675,1,F,YU,XC,D
13:30:04,ICBP,RG,8675,2,F,YU,XC,D
13:30:04,ICBP,RG,8700,2,D,SQ,GR,D
13:30:04,ICBP,RG,8675,1,F,YU,SQ,D
13:30:04,ICBP,RG,8700,1,D,OD,GR,D
13:30:04,ICBP,RG,8700,2,D,CC,GR,D
13:30:03,ICBP,RG,8675,5,F,YU,AG,D
13:30:03,ICBP,RG,8675,20,D,MK,AG,D
13:30:03,ICBP,RG,8700,1,D,XL,GR,D
13:30:03,ICBP,RG,8700,140,F,YU,GR,D
13:30:03,ICBP,RG,8675,5,D,MK,YU,D
13:30:03,ICBP,RG,8675,6,F,YU,YU,D
13:30:03,ICBP,RG,8675,7,F,YU,YU,D
13:30:03,ICBP,RG,8675,24,F,YU,AK,F
13:30:03,ICBP,RG,8675,11,F,YU,KK,D
13:30:03,ICBP,RG,8675,2,F,YU,PD,D
13:30:01,ICBP,RG,8675,1,F,YU,KK,D
13:30:01,ICBP,RG,8675,4,F,YU,PD,D
11:29:51,ICBP,RG,8675,1,F,YU,AK,F
11:29:46,ICBP,RG,8675,1,F,YU,AK,D
11:29:45,ICBP,RG,8675,1,F,YU,AK,F
11:29:31,ICBP,RG,8675,2,F,YU,SQ,D
11:28:52,ICBP,RG,8675,4,F,YU,AK,D
11:28:51,ICBP,RG,8675,9,F,YU,AK,F
11:28:46,ICBP,RG,8675,2,F,YU,AK,D
11:28:45,ICBP,RG,8675,4,F,YU,AK,F
11:28:36,ICBP,RG,8675,1,F,YU,AK,F
11:28:31,ICBP,RG,8675,2,F,YU,AK,D
11:28:30,ICBP,RG,8675,1,F,YU,SQ,D
11:28:30,ICBP,RG,8675,2,F,YU,AK,F
11:28:22,ICBP,RG,8675,1,F,YU,AK,D
11:28:21,ICBP,RG,8675,2,F,YU,AK,F
11:28:15,ICBP,RG,8675,1,F,YU,AK,F
11:28:08,ICBP,RG,8675,1,F,YU,AK,F
11:28:07,ICBP,RG,8675,1,F,YU,AK,D
11:28:06,ICBP,RG,8675,1,F,YU,SQ,D
11:28:01,ICBP,RG,8675,1,F,YU,AK,D
11:28:00,ICBP,RG,8675,2,F,YU,YU,D
11:27:56,ICBP,RG,8675,1,F,YU,AK,F
11:27:56,ICBP,RG,8675,1,F,YU,AK,D
11:27:55,ICBP,RG,8675,1,F,YU,YP,D
11:26:53,ICBP,RG,8675,3,F,YU,AK,D
11:26:52,ICBP,RG,8700,9,F,YU,GR,D
11:25:59,ICBP,RG,8675,1,F,YU,AK,D
11:25:59,ICBP,RG,8675,1,D,DH,AK,D
11:25:59,ICBP,RG,8675,1,F,BK,AK,D
11:25:58,ICBP,RG,8675,5,F,BK,YP,D
11:25:57,ICBP,RG,8675,3,F,BK,AK,D
11:25:55,ICBP,RG,8700,7,F,YU,GR,D
11:25:52,ICBP,RG,8675,8,F,BK,AK,D
11:25:51,ICBP,RG,8675,8,F,BK,AK,F
11:25:51,ICBP,RG,8675,11,F,ZP,AK,F
11:25:47,ICBP,RG,8675,7,F,ZP,AK,D
11:25:46,ICBP,RG,8675,17,F,ZP,AK,F
11:25:33,ICBP,RG,8675,2,F,ZP,AK,D
11:25:32,ICBP,RG,8675,5,F,ZP,PD,D
11:25:28,ICBP,RG,8675,1,F,ZP,AK,D
11:25:26,ICBP,RG,8675,2,F,ZP,BB,D
11:25:22,ICBP,RG,8675,2,F,ZP,AK,D
11:25:21,ICBP,RG,8675,4,F,ZP,AK,F
11:25:21,ICBP,RG,8675,4,F,ZP,AK,D
11:25:19,ICBP,RG,8700,10,F,ZP,GR,D
11:25:11,ICBP,RG,8675,8,F,ZP,AK,D
11:25:11,ICBP,RG,8675,5,D,EP,AK,D
11:25:10,ICBP,RG,8675,1,D,EP,CC,D
11:25:10,ICBP,RG,8675,2,D,CC,CC,D
11:25:10,ICBP,RG,8675,10,D,GR,CC,D
11:25:10,ICBP,RG,8675,1,D,YP,CC,D
11:25:10,ICBP,RG,8675,1,D,YU,CC,D
11:25:10,ICBP,RG,8675,7,D,SQ,CC,D
11:25:10,ICBP,RG,8675,3,D,YP,CC,D
11:25:10,ICBP,RG,8675,3,D,AZ,CC,D
11:25:10,ICBP,RG,8675,1,D,NI,CC,D
11:25:10,ICBP,RG,8675,1,D,KK,CC,D
11:25:01,ICBP,RG,8675,1,D,NI,AK,D
11:25:01,ICBP,RG,8675,1,D,PD,AK,D
11:25:01,ICBP,RG,8675,1,D,KK,AK,D
11:25:00,ICBP,RG,8675,2,D,KK,AK,F
11:25:00,ICBP,RG,8675,4,D,XC,AK,F
11:25:00,ICBP,RG,8675,2,D,XC,AK,F
11:24:53,ICBP,RG,8675,3,D,XC,AK,D
11:24:52,ICBP,RG,8700,6,F,YU,GR,D
11:24:16,ICBP,RG,8675,2,D,XC,AK,D
11:24:15,ICBP,RG,8675,3,D,XC,AK,F
11:24:15,ICBP,RG,8675,1,F,BK,AK,F
11:24:01,ICBP,RG,8675,6,F,BK,AK,D
11:24:00,ICBP,RG,8675,14,F,BK,YU,D
11:23:47,ICBP,RG,8675,3,F,BK,AK,D
11:23:45,ICBP,RG,8700,8,F,YU,GR,D
11:23:19,ICBP,RG,8675,6,F,BK,AK,D
11:23:18,ICBP,RG,8700,14,F,ZP,GR,D
11:23:16,ICBP,RG,8675,2,F,BK,AK,D
11:23:15,ICBP,RG,8675,5,F,BK,AK,F
11:22:37,ICBP,RG,8675,10,F,BK,AK,D
11:22:36,ICBP,RG,8675,22,F,BK,AK,F
11:22:14,ICBP,RG,8675,3,F,BK,AK,D
11:22:13,ICBP,RG,8700,9,F,YU,GR,D
11:21:38,ICBP,RG,8675,5,F,BK,AK,D
11:21:37,ICBP,RG,8675,11,F,BK,CC,D
11:21:34,ICBP,RG,8675,1,F,BK,AK,D
11:21:33,ICBP,RG,8700,1,D,PD,GR,D
11:21:14,ICBP,RG,8675,2,F,BK,AK,D
11:21:14,ICBP,RG,8700,6,F,YU,GR,D
11:20:25,ICBP,RG,8675,1,F,BK,AK,D
11:20:24,ICBP,RG,8675,3,F,BK,BB,D
11:20:20,ICBP,RG,8675,3,F,BK,AK,D
11:20:19,ICBP,RG,8700,7,F,ZP,GR,D
11:20:15,ICBP,RG,8675,4,F,BK,AK,D
11:20:14,ICBP,RG,8675,8,F,BK,AK,F
11:20:14,ICBP,RG,8675,3,F,BK,AK,D
11:20:13,ICBP,RG,8700,7,F,YU,GR,D
11:18:41,ICBP,RG,8675,8,F,BK,AK,D
11:18:40,ICBP,RG,8700,19,F,ZP,GR,D
11:17:51,ICBP,RG,8675,5,F,BK,AK,D
11:17:50,ICBP,RG,8700,11,F,YU,GR,D
11:17:27,ICBP,RG,8675,14,F,BK,AK,D
11:17:26,ICBP,RG,8675,21,F,BK,PD,D
11:17:26,ICBP,RG,8675,1,D,PD,PD,D
11:17:26,ICBP,RG,8675,5,D,PD,PD,D
11:17:26,ICBP,RG,8675,1,D,XL,PD,D
11:17:26,ICBP,RG,8675,5,D,LG,PD,D
11:17:16,ICBP,RG,8675,2,D,LG,AK,D
11:17:15,ICBP,RG,8675,3,D,LG,AK,F
11:17:15,ICBP,RG,8675,1,D,XC,AK,F
11:17:15,ICBP,RG,8675,1,D,XC,AK,F
11:17:01,ICBP,RG,8675,1,D,PD,AK,D
11:17:01,ICBP,RG,8675,3,F,ZP,AK,D
11:17:00,ICBP,RG,8675,1,F,ZP,YU,D
11:17:00,ICBP,RG,8675,1,D,XC,YU,D
11:17:00,ICBP,RG,8675,8,D,PD,YU,D
11:16:56,ICBP,RG,8675,5,D,PD,AK,D
11:16:54,ICBP,RG,8700,11,F,BK,GR,D
11:16:53,ICBP,RG,8675,4,D,PD,AK,D
11:16:52,ICBP,RG,8700,9,F,BK,GR,D
11:16:50,ICBP,RG,8675,8,D,PD,AK,D
11:16:50,ICBP,RG,8675,1,D,PD,AK,D
11:16:50,ICBP,RG,8675,2,D,YP,AK,D
11:16:50,ICBP,RG,8675,1,D,PD,AK,D
11:16:50,ICBP,RG,8675,1,D,EP,AK,D
11:16:50,ICBP,RG,8675,3,D,SQ,AK,D
11:16:49,ICBP,RG,8700,38,F,BK,GR,D
11:16:46,ICBP,RG,8675,7,D,SQ,AK,D
11:16:46,ICBP,RG,8675,16,F,ZP,AK,D
11:16:46,ICBP,RG,8675,1,D,SQ,AK,D
11:16:46,ICBP,RG,8675,2,D,PD,AK,D
11:16:46,ICBP,RG,8675,1,D,NI,AK,D
11:16:46,ICBP,RG,8675,1,D,YP,AK,D
11:16:46,ICBP,RG,8675,2,D,CC,AK,D
11:16:46,ICBP,RG,8675,50,D,YP,AK,D
11:16:46,ICBP,RG,8675,19,D,EP,AK,D
11:16:46,ICBP,RG,8675,8,D,YP,AK,D
11:16:44,ICBP,RG,8675,2,D,YP,DH,D
11:16:44,ICBP,RG,8675,100,D,DX,DH,D
11:16:44,ICBP,RG,8675,1,D,XC,DH,D
11:16:44,ICBP,RG,8675,5,D,MU,DH,D
11:16:44,ICBP,RG,8675,4,D,PD,DH,D
11:16:44,ICBP,RG,8675,5,D,PD,DH,D
11:16:44,ICBP,RG,8675,80,F,YU,DH,D
11:16:44,ICBP,RG,8675,25,F,ZP,DH,D
11:16:44,ICBP,RG,8675,3,D,CC,DH,D
11:16:44,ICBP,RG,8675,25,D,IH,DH,D
11:16:16,ICBP,RG,8675,5,D,IH,AK,D
11:16:15,ICBP,RG,8700,10,F,YU,GR,D
11:16:07,ICBP,RG,8675,14,D,IH,AK,D
11:16:06,ICBP,RG,8675,34,D,IH,AK,F
11:15:24,ICBP,RG,8675,9,D,IH,AK,D
11:15:23,ICBP,RG,8700,20,F,YU,GR,D
11:15:09,ICBP,RG,8675,2,D,IH,AK,D
11:15:07,ICBP,RG,8700,6,D,PD,GR,D
11:14:43,ICBP,RG,8675,5,D,IH,AK,D
11:14:42,ICBP,RG,8700,10,F,YU,GR,D
11:13:21,ICBP,RG,8675,3,D,IH,AK,D
11:13:20,ICBP,RG,8700,8,F,YU,GR,D
11:12:33,ICBP,RG,8675,1,D,IH,AK,D
11:12:31,ICBP,RG,8675,2,D,IH,XC,D
11:12:31,ICBP,RG,8675,1,D,YP,XC,D
11:11:00,ICBP,RG,8675,3,D,YP,AK,D
11:11:00,ICBP,RG,8675,6,D,YP,YU,D
11:11:00,ICBP,RG,8675,1,D,GR,YU,D
11:10:30,ICBP,RG,8675,1,D,GR,AK,D
11:10:30,ICBP,RG,8675,1,D,CC,AK,D
11:10:30,ICBP,RG,8675,1,D,CC,BB,D
11:10:30,ICBP,RG,8675,4,D,YP,BB,D
11:08:12,ICBP,RG,8675,1,D,YP,AK,D
11:08:11,ICBP,RG,8675,1,D,YP,XC,D
11:07:52,ICBP,RG,8675,1,D,PD,AK,D
11:07:52,ICBP,RG,8675,13,F,ZP,AK,D
11:07:51,ICBP,RG,8675,34,F,ZP,AK,F
11:07:31,ICBP,RG,8675,7,F,ZP,AK,D
11:07:30,ICBP,RG,8675,16,F,ZP,AK,F
11:05:16,ICBP,RG,8675,2,F,ZP,AK,D
11:05:15,ICBP,RG,8675,3,F,ZP,AK,F
11:05:01,ICBP,RG,8675,4,F,ZP,AK,D
11:05:00,ICBP,RG,8675,10,F,ZP,YU,D
11:04:08,ICBP,RG,8675,8,F,ZP,AK,D
11:04:07,ICBP,RG,8700,20,F,YU,GR,D
11:04:07,ICBP,RG,8675,1,F,ZP,AK,D
11:04:05,ICBP,RG,8675,2,F,ZP,PD,D
11:04:05,ICBP,RG,8675,2,F,ZP,AK,D
11:04:05,ICBP,RG,8675,1,D,XC,AK,D
11:04:05,ICBP,RG,8675,6,D,OD,AK,D
11:04:04,ICBP,RG,8675,20,D,OD,NI,D
11:02:11,ICBP,RG,8700,1,D,PD,GR,D
10:59:52,ICBP,RG,8675,14,D,OD,AK,D
10:59:51,ICBP,RG,8675,20,D,OD,AK,F
10:59:51,ICBP,RG,8675,1,D,XC,AK,F
10:59:51,ICBP,RG,8675,1,D,NI,AK,F
10:59:51,ICBP,RG,8675,11,F,ZP,AK,F
10:58:51,ICBP,RG,8675,2,F,ZP,AK,D
10:58:51,ICBP,RG,8675,3,F,ZP,PD,D
10:56:41,ICBP,RG,8675,4,F,ZP,AK,D
10:56:40,ICBP,RG,8700,10,F,YU,GR,D
10:56:33,ICBP,RG,8675,9,F,ZP,AK,D
10:56:31,ICBP,RG,8675,20,F,ZP,CC,D
10:55:39,ICBP,RG,8675,3,F,ZP,AK,D
10:55:37,ICBP,RG,8700,7,F,YU,GR,D
10:54:33,ICBP,RG,8675,3,F,ZP,AK,D
10:54:32,ICBP,RG,8700,9,F,YU,GR,D
10:53:35,ICBP,RG,8675,3,F,ZP,AK,D
10:53:34,ICBP,RG,8675,14,F,ZP,AK,D
10:53:34,ICBP,RG,8675,1,D,XC,AK,D
10:53:34,ICBP,RG,8675,1,D,XC,AK,D
10:53:34,ICBP,RG,8675,5,F,ZP,AK,D
10:53:34,ICBP,RG,8675,3,F,ZP,AK,D
10:53:34,ICBP,RG,8700,7,F,YU,GR,D
10:53:33,ICBP,RG,8675,55,F,ZP,YP,D
10:52:31,ICBP,RG,8675,3,F,ZP,AK,D
10:52:29,ICBP,RG,8700,7,F,YU,GR,D
10:52:25,ICBP,RG,8675,3,F,ZP,AK,D
10:52:25,ICBP,RG,8675,5,D,YP,AK,D
10:52:24,ICBP,RG,8700,19,F,ZP,GR,D
10:51:59,ICBP,RG,8675,1,D,YP,AK,D
10:51:58,ICBP,RG,8700,1,D,SQ,GR,D
10:51:57,ICBP,RG,8675,3,D,YP,AK,D
10:51:55,ICBP,RG,8700,5,F,YU,GR,D
10:51:55,ICBP,RG,8700,3,F,YU,AK,F
10:51:52,ICBP,RG,8675,9,D,YP,AK,D
10:51:51,ICBP,RG,8700,8,F,YU,AK,F
10:51:51,ICBP,RG,8700,12,F,YU,AK,F
10:51:16,ICBP,RG,8675,3,D,YP,AK,D
10:51:15,ICBP,RG,8675,7,D,YP,AK,F
10:50:56,ICBP,RG,8675,3,D,YP,AK,D
10:50:54,ICBP,RG,8700,7,F,YU,AK,F
10:50:24,ICBP,RG,8675,18,D,YP,AK,D
10:50:22,ICBP,RG,8700,11,F,ZP,AK,F
10:50:22,ICBP,RG,8700,1,F,ZP,XC,D
10:50:22,ICBP,RG,8700,14,F,ZP,CC,D
10:50:22,ICBP,RG,8700,1,F,ZP,XC,D
10:50:22,ICBP,RG,8700,9,F,ZP,YU,D
10:50:22,ICBP,RG,8700,1,F,ZP,XC,D
10:50:22,ICBP,RG,8700,1,F,ZP,XC,D
10:50:22,ICBP,RG,8700,5,F,ZP,SQ,D
10:50:02,ICBP,RG,8675,21,D,YP,AK,D
10:50:02,ICBP,RG,8675,1,D,GR,AK,D
10:50:02,ICBP,RG,8675,2,D,YP,AK,D
10:50:02,ICBP,RG,8675,1,D,PD,AK,D
10:50:02,ICBP,RG,8675,1,D,PD,AK,D
10:50:02,ICBP,RG,8675,4,D,XC,AK,D
10:50:02,ICBP,RG,8675,45,F,BK,AK,D
10:50:01,ICBP,RG,8675,55,F,BK,AI,D
10:50:01,ICBP,RG,8675,1,D,PD,AI,D
10:50:01,ICBP,RG,8675,1,D,PD,AI,D
10:50:01,ICBP,RG,8675,2,D,PD,AI,D
10:50:01,ICBP,RG,8675,2,D,DR,AI,D
10:50:01,ICBP,RG,8675,7,D,DH,AI,D
10:50:01,ICBP,RG,8675,1,D,CC,AI,D
10:50:01,ICBP,RG,8675,1,D,PD,AI,D
10:50:01,ICBP,RG,8675,2,D,KK,AI,D
10:50:01,ICBP,RG,8675,1,D,XC,AI,D
10:50:01,ICBP,RG,8675,1,D,YP,AI,D
10:50:01,ICBP,RG,8675,31,F,BK,AI,D
10:50:01,ICBP,RG,8675,2,D,PD,AI,D
10:50:01,ICBP,RG,8675,68,D,NI,AI,D
10:49:54,ICBP,RG,8675,3,D,NI,AK,D
10:49:53,ICBP,RG,8700,7,F,YU,SQ,D
10:49:30,ICBP,RG,8675,1,D,NI,AK,D
10:49:30,ICBP,RG,8675,3,D,NI,AK,F
10:49:00,ICBP,RG,8675,2,D,NI,AK,D
10:49:00,ICBP,RG,8675,5,D,NI,YU,D
10:48:59,ICBP,RG,8700,6,F,YU,SQ,D
10:48:56,ICBP,RG,8700,13,F,ZP,SQ,D
10:47:56,ICBP,RG,8700,8,F,YU,SQ,D
10:47:54,ICBP,RG,8700,2,D,CC,SQ,D
10:47:49,ICBP,RG,8675,10,D,NI,DR,D
10:47:25,ICBP,RG,8700,7,F,YU,SQ,D
10:47:06,ICBP,RG,8675,24,D,NI,AK,F
10:46:49,ICBP,RG,8700,10,D,GR,SQ,D
10:46:20,ICBP,RG,8700,8,F,YU,SQ,D
10:46:00,ICBP,RG,8675,10,D,NI,YU,D
10:45:21,ICBP,RG,8700,5,F,ZP,SQ,D
10:44:44,ICBP,RG,8700,9,F,YU,SQ,D
10:43:16,ICBP,RG,8700,15,F,ZP,SQ,D
10:43:16,ICBP,RG,8700,1,F,ZP,BB,D
10:43:16,ICBP,RG,8700,3,F,ZP,AK,F
10:43:16,ICBP,RG,8700,1,F,ZP,AK,D
10:43:16,ICBP,RG,8700,9,F,YU,AK,D
10:43:15,ICBP,RG,8675,4,D,NI,AK,F
10:42:58,ICBP,RG,8700,1,D,EP,AK,D
10:42:49,ICBP,RG,8700,20,D,CC,AK,D
10:42:44,ICBP,RG,8700,20,F,YU,AK,D
10:42:17,ICBP,RG,8675,23,D,NI,CC,D
10:42:15,ICBP,RG,8700,9,F,YU,AK,D
10:41:22,ICBP,RG,8700,1,D,EP,AK,D
10:41:10,ICBP,RG,8700,7,F,YU,AK,D
10:41:07,ICBP,RG,8675,9,D,NI,AK,D
10:41:06,ICBP,RG,8675,27,D,NI,AK,F
10:40:18,ICBP,RG,8700,4,F,ZP,AK,D
10:40:18,ICBP,RG,8700,2,F,ZP,YU,D
10:40:11,ICBP,RG,8675,3,D,NI,AK,D
10:40:10,ICBP,RG,8700,3,F,YU,YU,D
10:40:10,ICBP,RG,8700,3,F,YU,YU,D
10:40:10,ICBP,RG,8700,2,F,YU,BK,F
10:40:07,ICBP,RG,8675,2,D,NI,AK,D
10:40:05,ICBP,RG,8700,4,D,PD,BK,F
10:39:11,ICBP,RG,8675,3,D,NI,AK,D
10:39:10,ICBP,RG,8700,8,F,YU,BK,F
10:39:06,ICBP,RG,8675,5,D,NI,AK,D
10:39:05,ICBP,RG,8700,11,F,ZP,BK,F
10:38:48,ICBP,RG,8675,1,D,NI,AK,D
10:38:48,ICBP,RG,8700,2,D,YP,BK,F
10:38:00,ICBP,RG,8675,1,D,NI,YP,D
10:37:07,ICBP,RG,8675,1,D,NI,AK,D
10:37:06,ICBP,RG,8700,1,D,EP,BK,F
10:36:38,ICBP,RG,8675,4,D,NI,AK,D
10:36:37,ICBP,RG,8700,10,F,YU,BK,F
10:36:21,ICBP,RG,8675,8,D,NI,AK,D
10:36:20,ICBP,RG,8700,20,D,YP,BK,F
10:35:17,ICBP,RG,8675,8,D,NI,AK,D
10:35:16,ICBP,RG,8700,18,F,ZP,BK,F
10:35:05,ICBP,RG,8675,4,D,NI,AK,D
10:35:04,ICBP,RG,8675,10,D,NI,SQ,D
10:34:56,ICBP,RG,8675,4,D,NI,AK,D
10:34:55,ICBP,RG,8700,9,F,YU,BK,F
10:34:52,ICBP,RG,8675,2,D,NI,AK,D
10:34:51,ICBP,RG,8675,5,D,NI,YP,D
10:34:24,ICBP,RG,8675,3,D,NI,AK,D
10:34:23,ICBP,RG,8700,5,F,YU,BK,F
10:33:47,ICBP,RG,8675,4,D,NI,AK,D
10:33:46,ICBP,RG,8700,10,F,YU,BK,F
10:33:13,ICBP,RG,8675,2,D,NI,AK,D
10:33:12,ICBP,RG,8700,6,D,PD,BK,F
10:32:57,ICBP,RG,8675,1,D,NI,AK,D
10:32:56,ICBP,RG,8700,1,D,XL,BK,F
10:32:22,ICBP,RG,8675,4,D,NI,AK,D
10:32:21,ICBP,RG,8700,10,F,YU,BK,F
10:32:03,ICBP,RG,8675,10,D,NI,AK,D
10:32:02,ICBP,RG,8675,8,D,NI,AK,F
10:32:01,ICBP,RG,8700,16,F,ZP,BK,F
10:32:01,ICBP,RG,8675,3,D,NI,AK,D
10:32:00,ICBP,RG,8675,6,D,NI,YU,D
10:31:25,ICBP,RG,8675,9,D,NI,AK,D
10:31:24,ICBP,RG,8675,20,D,NI,DH,D
10:31:21,ICBP,RG,8675,3,D,NI,AK,D
10:31:20,ICBP,RG,8700,9,F,YU,BK,F
10:31:16,ICBP,RG,8675,7,D,NI,AK,D
10:31:15,ICBP,RG,8675,15,D,NI,AK,F
10:31:01,ICBP,RG,8675,9,D,NI,AK,D
10:31:00,ICBP,RG,8675,22,D,NI,YU,D
10:30:19,ICBP,RG,8675,3,D,NI,AK,D
10:30:17,ICBP,RG,8700,6,F,ZP,BK,F
10:29:35,ICBP,RG,8675,4,D,NI,AK,D
10:29:34,ICBP,RG,8700,10,D,KK,BK,F
10:29:31,ICBP,RG,8675,1,D,NI,AK,D
10:29:30,ICBP,RG,8675,3,D,NI,AK,F
10:29:18,ICBP,RG,8675,3,D,NI,AK,D
10:29:16,ICBP,RG,8700,5,D,SQ,BK,F
10:27:45,ICBP,RG,8675,1,D,NI,PD,D
10:26:38,ICBP,RG,8675,1,D,NI,PD,D
10:26:09,ICBP,RG,8675,1,D,NI,AK,D
10:26:08,ICBP,RG,8700,1,D,PD,BK,F
10:25:20,ICBP,RG,8675,3,D,NI,AK,D
10:25:19,ICBP,RG,8700,7,F,ZP,BK,F
10:21:37,ICBP,RG,8675,5,D,NI,AK,D
10:21:36,ICBP,RG,8675,12,D,NI,KK,D
10:21:31,ICBP,RG,8675,5,D,NI,AK,D
10:21:30,ICBP,RG,8675,12,D,NI,KK,D
10:20:42,ICBP,RG,8675,1,D,NI,AK,D
10:20:41,ICBP,RG,8700,2,D,LG,BK,F
10:20:26,ICBP,RG,8675,1,D,NI,AK,D
10:20:25,ICBP,RG,8700,2,D,XC,BK,F
10:20:17,ICBP,RG,8675,2,D,NI,AK,D
10:20:16,ICBP,RG,8700,6,F,ZP,BK,F
10:20:04,ICBP,RG,8675,1,D,NI,AK,D
10:20:03,ICBP,RG,8700,2,D,LS,BK,F
10:19:08,ICBP,RG,8675,2,D,NI,AK,D
10:19:07,ICBP,RG,8675,5,D,NI,XC,D
10:18:30,ICBP,RG,8675,5,D,NI,AK,D
10:18:29,ICBP,RG,8675,1,D,NI,AK,D
10:18:29,ICBP,RG,8675,11,D,NI,AK,F
10:18:28,ICBP,RG,8700,3,D,AT,BK,F
10:16:27,ICBP,RG,8675,1,D,NI,AK,D
10:16:26,ICBP,RG,8675,1,D,NI,PD,D
10:15:24,ICBP,RG,8675,2,D,NI,AK,D
10:15:23,ICBP,RG,8700,4,F,ZP,BK,F
10:15:00,ICBP,RG,8675,2,D,NI,AK,D
10:15:00,ICBP,RG,8675,6,D,NI,YU,D
10:14:40,ICBP,RG,8675,6,D,NI,AK,D
10:14:39,ICBP,RG,8700,14,F,ZP,BK,F
10:14:31,ICBP,RG,8675,2,D,NI,AK,D
10:14:31,ICBP,RG,8675,3,D,NI,XC,D
10:14:31,ICBP,RG,8675,1,D,NI,XC,D
10:14:30,ICBP,RG,8675,5,D,NI,AK,D
10:14:29,ICBP,RG,8675,12,D,NI,AK,D
10:14:29,ICBP,RG,8675,1,D,LS,AK,D
10:14:29,ICBP,RG,8675,5,D,YP,AK,D
10:14:29,ICBP,RG,8675,1,D,YP,AK,D
10:14:29,ICBP,RG,8675,1,D,XC,AK,D
10:14:29,ICBP,RG,8675,7,D,EP,AK,D
10:14:29,ICBP,RG,8675,4,D,YP,AK,D
10:14:29,ICBP,RG,8700,11,F,ZP,BK,F
10:14:29,ICBP,RG,8700,2,F,ZP,BB,D
10:14:28,ICBP,RG,8675,25,D,YP,PD,D
10:14:28,ICBP,RG,8675,10,D,YP,CC,D
10:14:28,ICBP,RG,8675,61,D,YP,AK,D
10:14:28,ICBP,RG,8700,18,F,ZP,AK,D
10:14:27,ICBP,RG,8700,8,F,ZP,AK,D
10:14:26,ICBP,RG,8700,61,F,ZP,AK,F
10:14:26,ICBP,RG,8700,30,F,BK,AK,F
10:14:26,ICBP,RG,8700,19,F,ZP,AK,F
10:14:26,ICBP,RG,8700,130,D,YP,AK,F
10:11:49,ICBP,RG,8700,1,D,PD,AK,D
10:11:48,ICBP,RG,8725,2,D,NI,BK,F
10:11:30,ICBP,RG,8700,1,D,PD,AK,D
10:11:30,ICBP,RG,8700,3,D,YP,AK,D
10:11:29,ICBP,RG,8700,2,D,GR,YP,D
10:11:29,ICBP,RG,8700,8,F,BK,YP,D
10:10:59,ICBP,RG,8700,1,F,BK,AK,D
10:10:58,ICBP,RG,8700,1,F,BK,PD,D
10:10:44,ICBP,RG,8700,12,F,BK,AK,D
10:10:44,ICBP,RG,8700,9,F,ZP,AK,D
10:10:42,ICBP,RG,8700,5,F,ZP,PD,D
10:10:42,ICBP,RG,8700,3,D,YP,PD,D
10:10:42,ICBP,RG,8700,11,D,XC,PD,D
10:10:42,ICBP,RG,8700,4,D,DH,PD,D
10:10:42,ICBP,RG,8700,2,D,XC,PD,D
10:10:42,ICBP,RG,8700,1,D,PD,PD,D
10:10:42,ICBP,RG,8700,1,D,DH,PD,D
10:10:42,ICBP,RG,8700,2,D,OD,PD,D
10:10:42,ICBP,RG,8700,5,D,XC,PD,D
10:10:42,ICBP,RG,8700,1,D,PD,PD,D
10:10:42,ICBP,RG,8700,1,D,CC,PD,D
10:10:42,ICBP,RG,8700,5,D,YU,PD,D
10:10:42,ICBP,RG,8700,1,D,OD,PD,D
10:10:42,ICBP,RG,8700,1,D,YP,PD,D
10:10:42,ICBP,RG,8700,1,D,PD,PD,D
10:10:42,ICBP,RG,8700,1,D,YP,PD,D
10:10:42,ICBP,RG,8700,1,D,PD,PD,D
10:10:42,ICBP,RG,8700,4,F,ZP,PD,D
10:10:24,ICBP,RG,8700,3,F,ZP,AK,D
10:10:23,ICBP,RG,8725,7,F,ZP,BK,F
10:10:22,ICBP,RG,8700,1,F,ZP,AK,D
10:10:21,ICBP,RG,8700,1,F,ZP,XC,D
10:10:00,ICBP,RG,8725,1,D,XC,BK,F
10:09:18,ICBP,RG,8700,3,F,ZP,AK,D
10:09:16,ICBP,RG,8700,7,F,ZP,YU,F
10:08:55,ICBP,RG,8700,2,F,ZP,AK,D
10:08:54,ICBP,RG,8700,5,F,ZP,NI,D
10:08:14,ICBP,RG,8700,9,F,ZP,AK,D
10:08:12,ICBP,RG,8725,21,F,ZP,BK,F
10:07:20,ICBP,RG,8700,5,F,ZP,AK,D
10:07:19,ICBP,RG,8700,10,F,ZP,KK,D
10:07:15,ICBP,RG,8725,1,F,YU,BK,F
10:07:13,ICBP,RG,8700,14,F,YU,AK,D
10:07:13,ICBP,RG,8700,12,F,BK,AK,D
10:07:13,ICBP,RG,8700,5,D,PD,AK,D
10:07:13,ICBP,RG,8700,15,F,ZP,AK,D
10:07:12,ICBP,RG,8700,44,F,ZP,BK,F
10:07:12,ICBP,RG,8700,1,D,PD,BK,F
10:07:12,ICBP,RG,8700,62,F,YU,BK,F
10:07:11,ICBP,RG,8700,1,F,YU,AK,D
10:07:11,ICBP,RG,8700,108,D,XC,AK,D
10:07:10,ICBP,RG,8725,12,F,ZP,BK,F
10:07:10,ICBP,RG,8725,2,F,ZP,DR,D
10:07:10,ICBP,RG,8700,12,D,XC,BK,F
10:07:10,ICBP,RG,8700,107,F,YU,BK,F
10:07:10,ICBP,RG,8700,3,D,XC,BK,F
10:07:10,ICBP,RG,8700,118,F,BK,BK,F
10:06:22,ICBP,RG,8700,1,F,BK,EP,D
10:05:39,ICBP,RG,8700,4,F,BK,AK,D
10:05:38,ICBP,RG,8725,10,F,YU,DR,D
10:05:36,ICBP,RG,8700,6,F,BK,AK,D
10:05:36,ICBP,RG,8725,12,F,YU,DR,D
10:05:36,ICBP,RG,8725,2,F,YU,BK,F
10:05:32,ICBP,RG,8700,16,F,BK,AK,D
10:05:31,ICBP,RG,8725,6,F,ZP,BK,F
10:05:31,ICBP,RG,8725,8,F,ZP,YU,F
10:05:31,ICBP,RG,8725,22,F,ZP,AI,D
10:05:30,ICBP,RG,8700,4,F,BK,AK,D
10:05:29,ICBP,RG,8725,8,F,YU,AI,D
10:05:29,ICBP,RG,8725,1,F,YU,BK,F
10:05:28,ICBP,RG,8700,4,F,BK,AK,D
10:05:27,ICBP,RG,8725,7,F,YU,BK,F
10:05:27,ICBP,RG,8725,2,F,YU,CC,D
10:05:26,ICBP,RG,8700,6,F,BK,AK,D
10:05:25,ICBP,RG,8725,3,F,YU,CC,D
10:05:25,ICBP,RG,8725,8,F,YU,BK,F
10:05:25,ICBP,RG,8725,2,F,YU,CC,D
10:05:25,ICBP,RG,8725,1,F,YU,CC,F
10:05:24,ICBP,RG,8700,4,F,BK,AK,D
10:05:23,ICBP,RG,8725,7,F,YU,CC,F
10:05:23,ICBP,RG,8725,3,F,YU,BK,F
10:05:22,ICBP,RG,8700,10,F,BK,AK,D
10:05:21,ICBP,RG,8700,13,F,BK,AK,D
10:05:21,ICBP,RG,8725,5,F,YU,BK,F
10:05:21,ICBP,RG,8725,5,F,YU,BB,D
10:05:21,ICBP,RG,8725,11,F,YU,YU,D
10:05:21,ICBP,RG,8725,3,F,YU,AK,F
10:05:20,ICBP,RG,8700,6,F,BK,AK,D
10:05:20,ICBP,RG,8725,4,F,ZP,AK,F
10:05:20,ICBP,RG,8725,3,F,ZP,AK,F
10:05:20,ICBP,RG,8725,9,F,ZP,YU,F
10:05:20,ICBP,RG,8725,15,F,ZP,BK,F
10:05:20,ICBP,RG,8725,3,F,YU,BK,F
10:05:20,ICBP,RG,8725,10,F,YU,AK,F
10:05:19,ICBP,RG,8700,41,F,BK,AK,D
10:05:19,ICBP,RG,8700,15,F,BK,AK,D
10:05:19,ICBP,RG,8700,2,D,PD,AK,D
10:05:19,ICBP,RG,8700,30,F,YU,AK,D
10:05:18,ICBP,RG,8700,10,F,YU,AK,F
10:05:18,ICBP,RG,8700,24,F,YU,AK,F
10:05:18,ICBP,RG,8700,6,F,ZP,AK,F
10:05:18,ICBP,RG,8725,112,F,BK,AK,F
10:05:18,ICBP,RG,8725,54,F,ZP,AK,F
10:05:17,ICBP,RG,8700,114,F,ZP,AK,D
10:05:17,ICBP,RG,8700,1,D,GR,AK,D
10:05:17,ICBP,RG,8700,1,D,CP,AK,D
10:05:17,ICBP,RG,8700,10,D,CC,AK,D
10:05:17,ICBP,RG,8700,15,D,NI,AK,D
10:05:17,ICBP,RG,8700,35,F,YU,AK,D
10:05:17,ICBP,RG,8700,80,F,YU,AK,D
10:05:17,ICBP,RG,8700,70,F,YU,AK,D
10:05:16,ICBP,RG,8700,8,F,YU,YP,D
10:05:16,ICBP,RG,8700,2,D,CC,YP,D
10:05:16,ICBP,RG,8700,1,D,PD,YP,D
10:05:16,ICBP,RG,8700,95,F,ZP,YP,D
10:05:16,ICBP,RG,8700,1,D,YP,YP,D
10:05:16,ICBP,RG,8700,1,D,XL,YP,D
10:05:16,ICBP,RG,8700,1,D,PD,YP,D
10:05:16,ICBP,RG,8700,2,D,XC,YP,D
10:05:16,ICBP,RG,8700,1,D,PD,YP,D
10:05:16,ICBP,RG,8700,25,D,YP,YP,D
10:05:16,ICBP,RG,8700,1,D,PD,YP,D
10:05:16,ICBP,RG,8700,1,D,CC,YP,D
10:05:16,ICBP,RG,8700,2,D,YP,YP,D
10:05:16,ICBP,RG,8700,11,D,KK,YP,D
10:05:16,ICBP,RG,8700,2,D,PD,YP,D
10:05:16,ICBP,RG,8700,1,D,XC,YP,D
10:05:16,ICBP,RG,8700,20,D,KK,YP,D
10:05:16,ICBP,RG,8700,6,D,KK,YP,D
10:05:16,ICBP,RG,8700,4,D,XL,YP,D
10:05:16,ICBP,RG,8700,1,D,SQ,YP,D
10:05:16,ICBP,RG,8700,5,D,PD,YP,D
10:05:16,ICBP,RG,8700,1,D,CC,YP,D
10:05:16,ICBP,RG,8700,1,D,PD,YP,D
10:05:16,ICBP,RG,8700,20,F,ZP,YP,D
10:05:16,ICBP,RG,8700,1,D,PD,YP,D
10:05:16,ICBP,RG,8700,8,D,CC,YP,D
10:05:16,ICBP,RG,8700,5,D,PD,YP,D
10:05:16,ICBP,RG,8700,5,D,YP,YP,D
10:05:16,ICBP,RG,8700,1,D,KK,YP,D
10:05:16,ICBP,RG,8700,3,D,PD,YP,D
10:05:16,ICBP,RG,8700,1,D,CC,YP,D
10:05:16,ICBP,RG,8700,1,D,PD,YP,D
10:05:16,ICBP,RG,8700,39,F,YU,YP,D
10:05:16,ICBP,RG,8700,35,F,BK,YP,D
10:05:16,ICBP,RG,8700,1,D,PD,YP,D
10:05:16,ICBP,RG,8700,140,F,YU,YP,D
10:05:16,ICBP,RG,8700,306,D,NI,YP,D
10:05:01,ICBP,RG,8700,1,D,NI,AK,D
10:05:00,ICBP,RG,8700,3,D,NI,AK,F
10:04:21,ICBP,RG,8700,1,D,NI,EP,D
10:04:19,ICBP,RG,8700,2,D,NI,AK,D
10:04:18,ICBP,RG,8700,4,D,NI,YP,D
10:03:32,ICBP,RG,8700,2,D,NI,AK,D
10:03:31,ICBP,RG,8700,4,D,NI,YP,D
10:03:16,ICBP,RG,8700,1,D,NI,AK,D
10:03:15,ICBP,RG,8700,3,D,NI,AK,F
10:00:52,ICBP,RG,8700,2,D,NI,AK,D
10:00:51,ICBP,RG,8700,4,D,NI,XC,D
10:00:26,ICBP,RG,8700,4,D,NI,AK,D
10:00:24,ICBP,RG,8725,11,F,ZP,AK,F
10:00:01,ICBP,RG,8700,6,D,NI,AK,D
10:00:00,ICBP,RG,8700,12,D,NI,YU,D
9:59:51,ICBP,RG,8700,1,D,NI,AK,D
9:59:50,ICBP,RG,8700,4,D,NI,AK,F
9:58:48,ICBP,RG,8700,5,D,NI,AK,D
9:58:47,ICBP,RG,8725,10,D,SQ,AK,F
9:58:12,ICBP,RG,8700,1,D,NI,AK,D
9:58:11,ICBP,RG,8700,3,D,NI,PD,D
9:57:46,ICBP,RG,8700,1,D,NI,XC,D
9:57:36,ICBP,RG,8700,2,D,NI,AK,D
9:57:34,ICBP,RG,8700,5,D,NI,XC,D
9:57:01,ICBP,RG,8700,2,D,NI,AK,D
9:57:00,ICBP,RG,8700,3,D,NI,AK,F
9:56:17,ICBP,RG,8700,2,D,NI,AK,D
9:56:16,ICBP,RG,8725,5,D,EP,AK,F
9:56:11,ICBP,RG,8700,2,D,NI,AK,D
9:56:10,ICBP,RG,8725,5,F,YU,AK,F
9:55:29,ICBP,RG,8725,1,D,PD,AK,F
9:55:25,ICBP,RG,8700,3,D,NI,AK,D
9:55:24,ICBP,RG,8725,5,F,ZP,AK,F
9:54:26,ICBP,RG,8700,2,D,NI,YP,D
9:53:45,ICBP,RG,8700,1,D,NI,AK,D
9:53:44,ICBP,RG,8725,1,D,XC,AK,F
9:53:08,ICBP,RG,8725,1,D,XL,AK,F
9:52:46,ICBP,RG,8700,1,D,NI,AK,D
9:52:45,ICBP,RG,8700,2,D,NI,CC,D
9:52:15,ICBP,RG,8700,1,D,NI,AK,D
9:52:14,ICBP,RG,8725,1,D,DX,AK,F
9:51:52,ICBP,RG,8725,1,D,XL,AK,F
9:51:01,ICBP,RG,8700,3,D,NI,AK,D
9:51:00,ICBP,RG,8700,7,D,NI,AK,F
9:50:23,ICBP,RG,8700,3,D,NI,AK,D
9:50:22,ICBP,RG,8725,8,F,ZP,AK,F
9:50:07,ICBP,RG,8700,1,D,NI,AK,D
9:50:06,ICBP,RG,8700,2,D,NI,XC,D
9:50:01,ICBP,RG,8700,5,D,NI,AK,D
9:50:00,ICBP,RG,8700,10,D,NI,YU,D
9:49:43,ICBP,RG,8700,1,D,NI,PD,D
9:49:16,ICBP,RG,8700,1,D,NI,AK,D
9:49:14,ICBP,RG,8700,2,D,NI,YP,D
9:48:20,ICBP,RG,8700,1,D,NI,AK,D
9:48:19,ICBP,RG,8725,3,D,PD,AK,F
9:48:15,ICBP,RG,8700,1,D,NI,AK,D
9:48:14,ICBP,RG,8700,1,D,NI,EP,D
9:48:10,ICBP,RG,8700,1,D,NI,AK,D
9:48:09,ICBP,RG,8700,3,D,NI,CC,D
9:48:01,ICBP,RG,8700,1,D,NI,CC,D
9:47:30,ICBP,RG,8700,5,D,NI,AK,D
9:47:28,ICBP,RG,8725,11,F,ZP,AK,F
9:47:28,ICBP,RG,8725,1,F,ZP,BB,D
9:47:27,ICBP,RG,8700,10,D,NI,AK,D
9:47:25,ICBP,RG,8700,22,D,NI,XL,D
9:47:21,ICBP,RG,8700,1,D,NI,XC,D
9:47:03,ICBP,RG,8700,1,D,NI,AK,D
9:47:01,ICBP,RG,8700,1,D,NI,XC,D
9:46:49,ICBP,RG,8700,21,D,NI,AK,D
9:46:49,ICBP,RG,8700,3,F,YU,AK,D
9:46:47,ICBP,RG,8700,24,F,YU,YP,D
9:46:47,ICBP,RG,8700,23,F,YU,YP,D
9:46:47,ICBP,RG,8700,9,F,ZP,YP,D
9:46:30,ICBP,RG,8700,6,F,ZP,AK,D
9:46:30,ICBP,RG,8700,5,D,CC,AK,D
9:46:30,ICBP,RG,8700,2,D,XC,AK,D
9:46:30,ICBP,RG,8700,4,F,YU,AK,D
9:46:29,ICBP,RG,8700,37,F,YU,YP,D
9:46:29,ICBP,RG,8700,1,D,XC,YP,D
9:46:29,ICBP,RG,8700,2,D,YP,YP,D
9:46:14,ICBP,RG,8700,1,D,YP,CC,D
9:45:18,ICBP,RG,8700,1,D,YP,AK,D
9:45:18,ICBP,RG,8700,1,D,YP,AK,D
9:45:17,ICBP,RG,8725,4,F,ZP,AK,F
9:43:19,ICBP,RG,8700,9,D,YP,AK,D
9:43:19,ICBP,RG,8700,5,D,KK,AK,D
9:43:19,ICBP,RG,8700,1,D,AG,AK,D
9:43:19,ICBP,RG,8700,3,D,XL,AK,D
9:43:19,ICBP,RG,8700,20,D,KK,AK,D
9:43:19,ICBP,RG,8700,10,D,DH,AK,D
9:43:19,ICBP,RG,8700,1,D,XC,AK,D
9:43:19,ICBP,RG,8700,1,D,XC,AK,D
9:43:19,ICBP,RG,8700,1,D,XL,AK,D
9:43:19,ICBP,RG,8700,1,D,AT,AK,D
9:43:18,ICBP,RG,8725,1,D,XC,BK,F
9:43:18,ICBP,RG,8725,1,D,XC,BK,F
9:43:18,ICBP,RG,8725,6,D,YU,BK,F
9:43:18,ICBP,RG,8725,22,F,YU,BK,F
9:43:18,ICBP,RG,8725,10,D,KK,BK,F
9:43:18,ICBP,RG,8725,1,D,CP,BK,F
9:43:18,ICBP,RG,8725,1,D,XC,BK,F
9:43:18,ICBP,RG,8725,1,D,XC,BK,F
9:43:18,ICBP,RG,8725,2,D,KK,BK,F
9:43:18,ICBP,RG,8725,33,F,YU,BK,F
9:43:18,ICBP,RG,8725,44,F,ZP,BK,F
9:43:17,ICBP,RG,8725,1,F,ZP,AK,D
9:43:17,ICBP,RG,8725,1,D,PD,AK,D
9:43:17,ICBP,RG,8725,2,D,XC,AK,D
9:43:17,ICBP,RG,8725,5,D,AI,AK,D
9:43:17,ICBP,RG,8725,3,D,YP,AK,D
9:43:17,ICBP,RG,8725,2,D,PS,AK,D
9:43:17,ICBP,RG,8725,25,D,AI,AK,D
9:43:17,ICBP,RG,8725,1,D,PD,AK,D
9:43:17,ICBP,RG,8725,4,D,XL,AK,D
9:43:17,ICBP,RG,8725,2,D,PD,AK,D
9:43:17,ICBP,RG,8725,1,D,CC,AK,D
9:43:17,ICBP,RG,8725,1,D,XC,AK,D
9:43:17,ICBP,RG,8725,18,F,YU,AK,D
9:43:16,ICBP,RG,8725,20,F,YU,BK,F
9:43:16,ICBP,RG,8725,17,F,BK,BK,F
9:43:16,ICBP,RG,8725,2,D,PD,BK,F
9:43:16,ICBP,RG,8725,20,F,YU,BK,F
9:43:16,ICBP,RG,8725,17,D,XC,BK,F
9:43:16,ICBP,RG,8725,75,D,DH,BK,F
9:43:16,ICBP,RG,8725,1,D,PD,BK,F
9:43:16,ICBP,RG,8725,1,D,EP,BK,F
9:43:16,ICBP,RG,8725,70,F,ZP,BK,F
9:43:16,ICBP,RG,8725,17,F,YU,BK,F
9:43:15,ICBP,RG,8725,3,F,YU,AK,F
9:41:08,ICBP,RG,8750,5,D,YP,AK,D
9:40:18,ICBP,RG,8750,6,F,ZP,AK,D
9:39:45,ICBP,RG,8725,3,F,YU,AK,F
9:39:17,ICBP,RG,8750,4,D,KK,AK,D
9:38:54,ICBP,RG,8750,1,D,XC,AK,D
9:37:12,ICBP,RG,8750,2,D,XC,AK,D
9:36:33,ICBP,RG,8750,1,D,PD,AK,D
9:35:58,ICBP,RG,8725,5,F,YU,AT,D
9:35:58,ICBP,RG,8750,1,D,XC,AK,D
9:35:42,ICBP,RG,8750,15,D,PD,AK,D
9:35:23,ICBP,RG,8750,7,F,ZP,AK,D
9:35:18,ICBP,RG,8725,1,F,YU,PD,D
9:34:56,ICBP,RG,8725,33,D,AI,AK,D
9:34:09,ICBP,RG,8750,1,D,AT,AK,D
9:34:09,ICBP,RG,8750,12,F,ZP,AK,D
9:34:09,ICBP,RG,8750,3,F,ZP,PD,D
9:34:08,ICBP,RG,8750,3,F,ZP,PD,D
9:34:08,ICBP,RG,8750,2,F,ZP,YP,D
9:34:08,ICBP,RG,8750,4,F,ZP,CC,D
9:34:08,ICBP,RG,8750,1,F,ZP,XC,D
9:34:08,ICBP,RG,8750,20,F,ZP,KK,D
9:34:08,ICBP,RG,8750,40,F,ZP,YP,D
9:34:08,ICBP,RG,8750,14,F,ZP,NI,D
9:34:08,ICBP,RG,8750,1,F,ZP,BB,D
9:34:08,ICBP,RG,8750,7,F,ZP,YU,F
9:34:08,ICBP,RG,8750,3,F,ZP,AK,F
9:34:08,ICBP,RG,8750,4,F,ZP,AK,F
9:33:14,ICBP,RG,8725,1,D,AI,BB,D
9:31:43,ICBP,RG,8750,1,D,PD,AK,F
9:31:00,ICBP,RG,8750,2,D,XC,AK,F
9:31:00,ICBP,RG,8750,1,D,DR,AK,F
9:30:11,ICBP,RG,8725,9,D,AI,AK,D
9:28:48,ICBP,RG,8750,4,D,XC,AK,F
9:28:35,ICBP,RG,8750,17,D,CC,AK,F
9:28:00,ICBP,RG,8725,5,D,AI,AK,D
9:28:00,ICBP,RG,8725,2,D,AI,AK,F
9:28:00,ICBP,RG,8725,1,D,GR,AK,F
9:28:00,ICBP,RG,8725,8,F,YU,AK,F
9:27:57,ICBP,RG,8725,5,F,YU,AK,D
9:27:56,ICBP,RG,8725,11,F,YU,OD,D
9:26:45,ICBP,RG,8725,1,F,YU,BB,D
9:25:46,ICBP,RG,8750,1,D,PD,AK,F
9:25:16,ICBP,RG,8725,2,F,YU,AK,D
9:25:15,ICBP,RG,8725,1,F,YU,AK,F
9:25:15,ICBP,RG,8725,2,F,BK,AK,F
9:24:58,ICBP,RG,8725,1,F,BK,AK,D
9:24:57,ICBP,RG,8725,2,F,BK,PD,D
9:24:36,ICBP,RG,8725,2,F,BK,PD,D
9:20:50,ICBP,RG,8725,10,F,BK,YP,D
9:20:49,ICBP,RG,8725,2,F,BK,PD,D
9:20:20,ICBP,RG,8725,1,F,BK,BB,D
9:18:21,ICBP,RG,8725,9,F,BK,PD,D
9:18:21,ICBP,RG,8725,1,D,CC,PD,D
9:16:53,ICBP,RG,8750,7,D,PD,AK,F
9:15:28,ICBP,RG,8725,3,D,MG,NI,D
9:14:22,ICBP,RG,8725,5,D,MG,EP,D
9:13:56,ICBP,RG,8725,2,D,MG,GR,D
9:13:31,ICBP,RG,8725,73,F,ZP,GR,D
9:13:31,ICBP,RG,8725,1,D,YP,GR,D
9:13:31,ICBP,RG,8725,1,D,SQ,GR,D
9:13:31,ICBP,RG,8725,2,D,SQ,GR,D
9:13:31,ICBP,RG,8725,2,D,YP,GR,D
9:13:31,ICBP,RG,8725,1,D,DH,GR,D
9:13:31,ICBP,RG,8725,5,D,NI,GR,D
9:13:31,ICBP,RG,8725,33,F,YU,GR,D
9:13:31,ICBP,RG,8725,52,F,YU,GR,D
9:13:31,ICBP,RG,8725,82,F,BK,GR,D
9:13:31,ICBP,RG,8725,27,F,YU,GR,D
9:13:31,ICBP,RG,8725,166,F,YU,GR,D
9:13:31,ICBP,RG,8725,80,F,YU,GR,D
9:13:31,ICBP,RG,8725,475,D,NI,GR,D
9:12:55,ICBP,RG,8750,7,D,XC,AK,F
9:12:07,ICBP,RG,8725,3,D,NI,PD,D
9:11:33,ICBP,RG,8750,1,D,XC,AK,F
9:10:27,ICBP,RG,8750,8,F,YU,AK,F
9:10:25,ICBP,RG,8750,6,F,ZP,AK,F
9:10:03,ICBP,RG,8750,7,F,YU,AK,F
9:10:02,ICBP,RG,8750,6,F,YU,AK,F
9:10:00,ICBP,RG,8750,29,F,ZP,AK,F
9:09:51,ICBP,RG,8750,1,D,XC,AK,F
9:09:49,ICBP,RG,8750,7,F,YU,AK,F
9:09:46,ICBP,RG,8750,4,D,XC,AK,F
9:09:45,ICBP,RG,8750,4,F,YU,AK,F
9:09:45,ICBP,RG,8750,6,F,YU,XC,D
9:09:43,ICBP,RG,8750,9,F,YU,XC,D
9:09:41,ICBP,RG,8750,1,F,ZP,XC,D
9:09:40,ICBP,RG,8750,1,D,KK,XC,D
9:08:25,ICBP,RG,8775,9,F,YU,YP,D
9:08:22,ICBP,RG,8775,110,D,PD,YP,D
9:07:55,ICBP,RG,8725,3,D,NI,PD,D
9:07:54,ICBP,RG,8725,4,D,NI,GR,D
9:07:21,ICBP,RG,8725,15,D,NI,XC,D
9:07:21,ICBP,RG,8725,14,F,YU,XC,D
9:07:21,ICBP,RG,8725,7,F,ZP,XC,D
9:06:46,ICBP,RG,8725,13,F,ZP,YP,D
9:06:46,ICBP,RG,8725,14,F,YU,YP,D
9:06:46,ICBP,RG,8725,1,D,XC,YP,D
9:06:46,ICBP,RG,8725,2,F,ZP,YP,D
9:06:46,ICBP,RG,8725,20,D,EP,YP,D
9:06:46,ICBP,RG,8725,10,D,KK,YP,D
9:06:46,ICBP,RG,8725,2,D,CC,YP,D
9:06:46,ICBP,RG,8725,1,D,PD,YP,D
9:05:37,ICBP,RG,8725,5,D,PD,YP,D
9:02:56,ICBP,RG,8725,1,D,PD,NI,D
9:02:29,ICBP,RG,8775,7,F,YU,AK,F
9:02:29,ICBP,RG,8775,12,F,ZP,AK,F
9:02:29,ICBP,RG,8775,12,D,CD,AK,F
9:02:14,ICBP,RG,8800,1,D,RX,SQ,D
9:02:13,ICBP,RG,8800,2,F,YU,SQ,D
9:02:13,ICBP,RG,8800,5,F,YU,SQ,D
9:02:13,ICBP,RG,8800,2,F,YU,SQ,D
9:02:11,ICBP,RG,8800,8,D,RX,SQ,D
9:02:10,ICBP,RG,8800,5,F,YU,SQ,D
9:02:10,ICBP,RG,8800,3,F,YU,XC,D
9:02:10,ICBP,RG,8800,1,F,YU,PD,D
9:02:08,ICBP,RG,8775,2,D,CD,XC,D
9:02:08,ICBP,RG,8775,3,D,CD,NI,D
9:02:08,ICBP,RG,8775,2,D,CD,AK,F
9:02:08,ICBP,RG,8775,1,D,CD,XC,D
9:02:08,ICBP,RG,8775,7,D,CD,AK,F
9:02:08,ICBP,RG,8775,1,D,CD,CC,F
9:02:08,ICBP,RG,8775,3,D,CD,AK,F
9:02:08,ICBP,RG,8775,1,D,CD,BB,D
9:02:08,ICBP,RG,8775,2,D,CD,YP,D
9:02:08,ICBP,RG,8775,5,D,CD,YP,D
9:02:08,ICBP,RG,8775,2,D,CD,YP,D
9:02:08,ICBP,RG,8775,9,D,CD,SQ,D
9:01:58,ICBP,RG,8750,18,F,YU,KK,D
9:01:58,ICBP,RG,8750,4,D,XC,KK,D
9:01:58,ICBP,RG,8750,4,D,RX,KK,D
9:01:58,ICBP,RG,8750,15,F,YU,KK,D
9:01:58,ICBP,RG,8750,1,D,CC,KK,D
9:01:58,ICBP,RG,8750,6,D,RX,KK,D
9:01:58,ICBP,RG,8750,5,F,ZP,KK,D
9:01:58,ICBP,RG,8750,1,D,PD,KK,D
9:01:58,ICBP,RG,8750,20,D,NI,KK,D
9:01:58,ICBP,RG,8750,1,D,PD,KK,D
9:01:52,ICBP,RG,8775,1,D,RX,SQ,D
9:01:49,ICBP,RG,8750,1,D,PD,XC,D
9:01:49,ICBP,RG,8750,1,D,XL,XC,D
9:01:49,ICBP,RG,8750,1,D,XC,XC,D
9:01:49,ICBP,RG,8750,1,D,XC,XC,D
9:01:49,ICBP,RG,8750,1,D,PD,XC,D
9:01:36,ICBP,RG,8775,1,D,RX,SQ,D
9:01:32,ICBP,RG,8775,5,D,XC,SQ,D
9:00:46,ICBP,RG,8775,1,D,RX,SQ,D
9:00:46,ICBP,RG,8775,1,D,XC,PD,D
9:00:45,ICBP,RG,8750,1,D,XC,AK,F
9:00:44,ICBP,RG,8775,2,D,BQ,PD,D
9:00:33,ICBP,RG,8775,1,D,RX,PD,D
9:00:18,ICBP,RG,8750,5,D,BQ,XC,D
9:00:15,ICBP,RG,8750,1,D,DH,XC,D
9:00:08,ICBP,RG,8775,1,D,PD,PD,D
8:59:00,ICBP,RG,8750,1,D,DH,PD,D
8:59:00,ICBP,RG,8750,1,D,DH,PD,D
8:59:00,ICBP,RG,8750,1,D,HP,XC,D
8:59:00,ICBP,RG,8750,1,D,HP,XC,D
8:59:00,ICBP,RG,8750,1,D,HP,KK,D
8:59:00,ICBP,RG,8750,1,D,XC,KK,D
8:59:00,ICBP,RG,8750,1,D,SQ,KK,D
8:59:00,ICBP,RG,8750,2,F,ZP,KK,D
8:59:00,ICBP,RG,8750,1,F,ZP,KK,D
8:59:00,ICBP,RG,8750,1,F,YU,KK,D
8:59:00,ICBP,RG,8750,3,F,YU,KK,D
8:59:00,ICBP,RG,8750,2,F,YU,PD,D
8:59:00,ICBP,RG,8750,3,D,RX,PD,D
8:59:00,ICBP,RG,8750,3,F,YU,PD,D
8:59:00,ICBP,RG,8750,1,F,YU,PD,D