Time,Stock,Brd,Price,Qty,BT,BC,SC,ST
15:14:43,ICBP,RG,8725,1,D,XL,PD,D
15:14:41,ICBP,RG,8725,4,D,PD,PD,D
15:14:41,ICBP,RG,8725,11,D,PD,CC,D
15:14:37,ICBP,RG,8725,1,D,AG,CC,D
15:11:50,ICBP,RG,8725,2,D,YP,XA,D
15:11:37,ICBP,RG,8725,1,D,EP,PD,D
15:10:54,ICBP,RG,8725,1,D,CC,PD,D
15:10:23,ICBP,RG,8725,1,D,YP,PD,D
15:09:21,ICBP,RG,8725,20,D,CC,KK,D
15:08:57,ICBP,RG,8725,1,D,XL,GR,D
15:08:24,ICBP,RG,8725,1,D,GR,GR,D
15:08:18,ICBP,RG,8725,1,D,MK,GR,D
15:07:37,ICBP,RG,8725,1,D,XC,GR,D
15:07:28,ICBP,RG,8725,1,D,YP,GR,D
15:05:56,ICBP,RG,8725,1,D,XC,GR,D
15:04:41,ICBP,RG,8725,1,D,HP,GR,D
15:04:35,ICBP,RG,8725,1,D,PD,GR,D
15:04:09,ICBP,RG,8725,1,D,PD,GR,D
15:04:08,ICBP,RG,8725,25,D,CC,GR,D
15:03:48,ICBP,RG,8725,7,D,YP,GR,D
15:03:48,ICBP,RG,8725,5,D,YP,GR,D
15:03:48,ICBP,RG,8725,10,D,YP,PD,D
15:03:48,ICBP,RG,8725,78,D,YP,YP,D
15:02:17,ICBP,RG,8725,1,D,XC,YP,D
15:02:04,ICBP,RG,8725,3,D,GR,YP,D
15:02:01,ICBP,RG,8725,5,D,PD,YP,D
15:01:50,ICBP,RG,8725,24,D,YP,YP,D
15:01:42,ICBP,RG,8725,32,D,YP,YP,D
15:01:40,ICBP,RG,8725,5,D,YP,YP,D
15:01:00,ICBP,RG,8725,1,D,XC,YP,D
15:00:00,ICBP,RG,8725,14,D,MG,YP,D
15:00:00,ICBP,RG,8725,5,D,SQ,YP,D
15:00:00,ICBP,RG,8725,1,D,XC,YP,D
15:00:00,ICBP,RG,8725,3,D,CC,YP,D
15:00:00,ICBP,RG,8725,146,F,AK,YP,D
15:00:00,ICBP,RG,8725,644,F,BK,YP,D
15:00:00,ICBP,RG,8725,136,F,BK,YP,D
15:00:00,ICBP,RG,8725,36,F,ZP,YP,D
15:00:00,ICBP,RG,8725,13,D,YU,YP,D
15:00:00,ICBP,RG,8725,53,F,CC,YP,D
15:00:00,ICBP,RG,8725,20,F,CC,YP,D
15:00:00,ICBP,RG,8725,5,F,CC,YP,D
15:00:00,ICBP,RG,8725,2,F,CC,PD,D
15:00:00,ICBP,RG,8725,3,F,CC,GR,D
15:00:00,ICBP,RG,8725,100,F,CC,PD,D
15:00:00,ICBP,RG,8725,20,F,CC,XA,D
15:00:00,ICBP,RG,8725,59,F,CC,AZ,D
15:00:00,ICBP,RG,8725,51,D,PD,AZ,D
15:00:00,ICBP,RG,8725,6,D,PD,YP,D
15:00:00,ICBP,RG,8725,1,D,PD,YP,D
15:00:00,ICBP,RG,8725,1,D,PD,NI,D
15:00:00,ICBP,RG,8725,1,D,PD,CC,D
15:00:00,ICBP,RG,8725,25,D,PD,YP,D
15:00:00,ICBP,RG,8725,303,D,PD,CS,F
15:00:00,ICBP,RG,8725,1,D,PD,YP,D
15:00:00,ICBP,RG,8725,1,D,PD,YP,D
15:00:00,ICBP,RG,8725,75,D,PD,TP,D
15:00:00,ICBP,RG,8725,15,D,PD,KK,D
15:00:00,ICBP,RG,8725,3,D,PD,YP,D
15:00:00,ICBP,RG,8725,35,D,PD,AZ,D
15:00:00,ICBP,RG,8725,25,D,PD,YP,D
15:00:00,ICBP,RG,8725,1,D,PD,YP,D
15:00:00,ICBP,RG,8725,31,D,PD,SQ,D
15:00:00,ICBP,RG,8725,7,D,PD,YP,D
15:00:00,ICBP,RG,8725,58,D,PD,YP,D
15:00:00,ICBP,RG,8725,1,D,PD,CC,D
15:00:00,ICBP,RG,8725,3,D,PD,DR,D
15:00:00,ICBP,RG,8725,1,D,PD,NI,D
15:00:00,ICBP,RG,8725,1,D,PD,YP,D
15:00:00,ICBP,RG,8725,1,D,PD,NI,D
15:00:00,ICBP,RG,8725,20,D,PD,YP,D
15:00:00,ICBP,RG,8725,5,D,PD,XA,D
15:00:00,ICBP,RG,8725,20,D,PD,YP,D
15:00:00,ICBP,RG,8725,50,D,PD,YP,D
15:00:00,ICBP,RG,8725,10,D,PD,SQ,D
15:00:00,ICBP,RG,8725,3,D,PD,YP,D
15:00:00,ICBP,RG,8725,1,D,PD,CC,D
15:00:00,ICBP,RG,8725,1,D,PD,PD,D
15:00:00,ICBP,RG,8725,100,D,PD,YB,D
15:00:00,ICBP,RG,8725,10,D,PD,KK,D
15:00:00,ICBP,RG,8725,5,D,PD,OD,D
15:00:00,ICBP,RG,8725,1,D,PD,YP,D
15:00:00,ICBP,RG,8725,200,D,PD,YP,D
15:00:00,ICBP,RG,8725,3,D,PD,YP,D
15:00:00,ICBP,RG,8725,5,D,PD,CC,D
15:00:00,ICBP,RG,8725,10,D,PD,KK,D
15:00:00,ICBP,RG,8725,45,D,PD,PD,D
15:00:00,ICBP,RG,8725,4,D,PD,XC,D
15:00:00,ICBP,RG,8725,1,D,PD,YP,D
15:00:00,ICBP,RG,8725,10,D,PD,XC,D
15:00:00,ICBP,RG,8725,20,D,PD,CC,D
15:00:00,ICBP,RG,8725,1,D,PD,YP,D
15:00:00,ICBP,RG,8725,5,D,PD,PD,D
15:00:00,ICBP,RG,8725,10,D,PD,PD,D
15:00:00,ICBP,RG,8725,2,D,PD,YP,D
15:00:00,ICBP,RG,8725,1,D,PD,XL,D
15:00:00,ICBP,RG,8725,10,D,PD,YP,D
15:00:00,ICBP,RG,8725,1,D,PD,YP,D
15:00:00,ICBP,RG,8725,200,D,PD,ES,D
15:00:00,ICBP,RG,8725,1,D,PD,GR,D
15:00:00,ICBP,RG,8725,2,D,PD,PD,D
15:00:00,ICBP,RG,8725,10,D,PD,PD,D
15:00:00,ICBP,RG,8725,18,D,PD,GR,D
15:00:00,ICBP,RG,8725,16,D,PD,NI,D
15:00:00,ICBP,RG,8725,3,D,PD,YP,D
15:00:00,ICBP,RG,8725,1,D,PD,YP,D
15:00:00,ICBP,RG,8725,20,D,PD,FZ,D
15:00:00,ICBP,RG,8725,20,D,PD,XA,D
15:00:00,ICBP,RG,8725,30,D,PD,XA,D
15:00:00,ICBP,RG,8725,2,D,PD,YP,D
15:00:00,ICBP,RG,8725,1,D,PD,SQ,D
15:00:00,ICBP,RG,8725,72,D,PD,AZ,D
15:00:00,ICBP,RG,8725,559,D,PD,CS,F
15:00:00,ICBP,RG,8725,15,D,PD,XA,D
15:00:00,ICBP,RG,8725,20,D,PD,XA,D
15:00:00,ICBP,RG,8725,300,D,PD,YB,D
15:00:00,ICBP,RG,8725,1,D,PD,YP,D
15:00:00,ICBP,RG,8725,70,D,PD,AN,D
15:00:00,ICBP,RG,8725,400,D,PD,RO,D
15:00:00,ICBP,RG,8725,10,D,PD,XA,D
15:00:00,ICBP,RG,8725,120,D,PD,YP,D
15:00:00,ICBP,RG,8725,2,D,PD,PD,D
15:00:00,ICBP,RG,8725,5,D,PD,DH,D
15:00:00,ICBP,RG,8725,100,D,PD,YP,D
15:00:00,ICBP,RG,8725,18,D,PD,YP,D
15:00:00,ICBP,RG,8725,10,D,PD,SQ,D
15:00:00,ICBP,RG,8725,15,D,PD,YB,D
15:00:00,ICBP,RG,8725,18,D,PD,DR,D
15:00:00,ICBP,RG,8725,15,D,PD,XA,D
15:00:00,ICBP,RG,8725,20,D,PD,XA,D
15:00:00,ICBP,RG,8725,1,D,PD,AI,D
15:00:00,ICBP,RG,8725,1,D,PD,NI,D
15:00:00,ICBP,RG,8725,1,D,PD,CP,D
15:00:00,ICBP,RG,8725,1,D,PD,AZ,D
15:00:00,ICBP,RG,8725,100,D,PD,YP,D
15:00:00,ICBP,RG,8725,240,D,PD,DR,D
15:00:00,ICBP,RG,8725,10,D,PD,DR,D
15:00:00,ICBP,RG,8725,6,D,PD,DR,D
15:00:00,ICBP,RG,8725,5,D,PD,TF,D
15:00:00,ICBP,RG,8725,200,D,PD,RF,D
15:00:00,ICBP,RG,8725,2,D,PD,YP,D
15:00:00,ICBP,RG,8725,50,D,PD,YP,D
15:00:00,ICBP,RG,8725,1,D,PD,PD,D
15:00:00,ICBP,RG,8725,13,D,PD,YP,D
15:00:00,ICBP,RG,8725,45,D,PD,KZ,F
15:00:00,ICBP,RG,8725,13,D,PD,OD,D
15:00:00,ICBP,RG,8725,12,D,PD,BB,D
15:00:00,ICBP,RG,8725,16,D,PD,LG,D
14:49:59,ICBP,RG,8650,50,F,CC,DR,D
14:49:54,ICBP,RG,8625,1,D,SQ,KZ,F
14:49:49,ICBP,RG,8650,3,D,XL,DR,D
14:49:42,ICBP,RG,8650,20,D,YP,DR,D
14:49:42,ICBP,RG,8650,21,F,CC,DR,D
14:49:37,ICBP,RG,8675,50,F,CC,FS,D
14:49:34,ICBP,RG,8650,6,F,CC,CC,D
14:49:34,ICBP,RG,8650,23,F,CC,YP,D
14:49:29,ICBP,RG,8625,1,D,SQ,KZ,F
14:49:29,ICBP,RG,8650,1,D,XL,YP,D
14:49:23,ICBP,RG,8650,4,D,XL,YP,D
14:49:22,ICBP,RG,8625,2,D,SQ,EP,D
14:49:18,ICBP,RG,8625,1,D,SQ,BB,D
14:49:18,ICBP,RG,8625,5,D,DH,BB,D
14:49:18,ICBP,RG,8625,1,D,LG,BB,D
14:49:18,ICBP,RG,8625,2,D,OD,BB,D
14:49:18,ICBP,RG,8625,10,D,YP,BB,D
14:49:18,ICBP,RG,8625,50,D,DX,BB,D
14:49:18,ICBP,RG,8625,31,D,DX,BB,D
14:49:14,ICBP,RG,8625,8,D,DX,BB,D
14:49:14,ICBP,RG,8625,1,D,DX,BB,D
14:49:07,ICBP,RG,8625,2,D,DX,BB,D
14:49:07,ICBP,RG,8625,18,D,DX,BB,D
14:49:07,ICBP,RG,8625,1,D,DX,BB,D
14:49:04,ICBP,RG,8650,2,D,PD,YP,D
14:49:04,ICBP,RG,8650,1,D,PD,BB,D
14:49:00,ICBP,RG,8625,1,D,DX,AK,D
14:49:00,ICBP,RG,8625,5,D,DX,AK,D
14:49:00,ICBP,RG,8625,2,D,DX,AK,D
14:48:44,ICBP,RG,8625,10,D,DX,SQ,D
14:48:42,ICBP,RG,8650,1,D,XL,AK,D
14:48:42,ICBP,RG,8650,1,D,XL,PD,D
14:48:42,ICBP,RG,8650,1,D,XL,PD,D
14:48:42,ICBP,RG,8650,1,D,XL,PD,D
14:48:42,ICBP,RG,8650,1,D,XL,BB,D
14:48:39,ICBP,RG,8625,1,D,DX,PD,D
14:48:34,ICBP,RG,8625,5,D,DX,XL,D
14:48:27,ICBP,RG,8625,5,D,DX,KZ,F
14:48:27,ICBP,RG,8625,2,D,DX,KZ,F
14:48:27,ICBP,RG,8650,1,D,CC,BB,D
14:48:26,ICBP,RG,8625,32,D,DX,CS,D
14:48:13,ICBP,RG,8625,22,D,DX,PP,D
14:48:12,ICBP,RG,8625,40,D,DX,CC,D
14:48:05,ICBP,RG,8650,2,D,NI,BB,D
14:48:01,ICBP,RG,8650,1,D,XA,BB,D
14:48:01,ICBP,RG,8650,1,D,XA,BB,D
14:47:55,ICBP,RG,8625,14,D,DX,BK,F
14:47:55,ICBP,RG,8625,1,D,PD,BK,F
14:47:55,ICBP,RG,8625,1,D,YP,BK,F
14:47:55,ICBP,RG,8625,4,D,XA,BK,F
14:47:55,ICBP,RG,8625,1,D,XA,BK,F
14:47:55,ICBP,RG,8625,1,D,XC,BK,F
14:47:55,ICBP,RG,8625,123,F,BK,BK,F
14:47:55,ICBP,RG,8625,1,D,XC,BK,F
14:47:55,ICBP,RG,8625,30,D,KK,BK,F
14:47:55,ICBP,RG,8625,10,D,EP,BK,F
14:47:50,ICBP,RG,8650,1,D,CC,BK,F
14:47:50,ICBP,RG,8650,2,D,XL,BK,F
14:47:50,ICBP,RG,8650,2,D,XA,BK,F
14:47:50,ICBP,RG,8650,1,D,XL,BK,F
14:47:46,ICBP,RG,8675,6,F,ZP,BK,F
14:47:45,ICBP,RG,8700,1,F,ZP,AZ,D
14:47:41,ICBP,RG,8675,2,D,XA,AK,F
14:47:41,ICBP,RG,8675,656,F,KZ,AK,F
14:47:41,ICBP,RG,8675,335,F,KZ,PD,D
14:47:41,ICBP,RG,8675,201,F,KZ,PD,D
14:47:41,ICBP,RG,8675,4,D,XC,PD,D
14:47:41,ICBP,RG,8675,3,D,DH,PD,D
14:47:41,ICBP,RG,8675,3,F,ZP,PD,D
14:47:41,ICBP,RG,8675,169,F,CS,PD,D
14:47:41,ICBP,RG,8675,76,F,CS,PD,D
14:47:41,ICBP,RG,8675,2,F,ZP,PD,D
14:47:41,ICBP,RG,8675,7,F,ZP,PD,D
14:47:41,ICBP,RG,8675,6,F,ZP,PD,D
14:47:41,ICBP,RG,8675,421,F,KZ,PD,D
14:47:41,ICBP,RG,8675,44,F,KZ,PD,D
14:47:41,ICBP,RG,8675,16,F,KZ,PD,D
14:47:41,ICBP,RG,8675,22,F,KZ,PD,D
14:47:41,ICBP,RG,8675,22,F,KZ,PD,D
14:47:41,ICBP,RG,8675,103,F,KZ,PD,D
14:47:41,ICBP,RG,8675,121,F,KZ,PD,D
14:47:41,ICBP,RG,8675,16,F,KZ,PD,D
14:47:41,ICBP,RG,8675,5,F,KZ,PD,D
14:47:41,ICBP,RG,8675,73,F,KZ,PD,D
14:47:41,ICBP,RG,8675,39,F,KZ,PD,D
14:47:41,ICBP,RG,8675,7,F,ZP,PD,D
14:47:41,ICBP,RG,8675,8,F,CC,PD,D
14:47:41,ICBP,RG,8700,7,F,ZP,AZ,D
14:47:36,ICBP,RG,8700,2,F,ZP,AZ,D
14:47:32,ICBP,RG,8700,18,D,IF,AZ,D
14:47:32,ICBP,RG,8700,32,D,IF,XA,D
14:47:30,ICBP,RG,8700,18,F,AK,XA,D
14:47:30,ICBP,RG,8700,2,F,AK,YB,D
14:47:30,ICBP,RG,8700,1,F,AK,PD,D
14:47:30,ICBP,RG,8700,15,F,AK,YP,D
14:47:27,ICBP,RG,8675,29,F,CC,BK,D
14:47:15,ICBP,RG,8675,50,F,CC,FS,D
14:47:03,ICBP,RG,8700,3,D,XL,YP,D
14:46:56,ICBP,RG,8700,1,F,ZP,YP,D
14:46:53,ICBP,RG,8675,13,F,CC,BB,D
14:46:53,ICBP,RG,8675,7,F,ZP,BB,D
14:46:52,ICBP,RG,8675,2,F,KZ,AK,D
14:46:52,ICBP,RG,8675,29,F,KZ,BB,D
14:46:52,ICBP,RG,8675,1,F,KZ,OD,D
14:46:52,ICBP,RG,8675,5,F,KZ,CC,D
14:46:52,ICBP,RG,8675,5,F,KZ,XA,D
14:46:52,ICBP,RG,8675,10,F,KZ,CC,D
14:46:52,ICBP,RG,8675,4,F,KZ,YP,D
14:46:52,ICBP,RG,8675,1,F,KZ,NI,D
14:46:52,ICBP,RG,8675,1,F,KZ,YP,D
14:46:52,ICBP,RG,8675,2,F,KZ,YP,D
14:46:52,ICBP,RG,8675,29,F,KZ,OD,D
14:46:52,ICBP,RG,8675,25,F,KZ,YP,D
14:46:52,ICBP,RG,8675,10,F,KZ,OD,D
14:46:52,ICBP,RG,8675,10,F,KZ,KK,D
14:46:52,ICBP,RG,8675,3,F,KZ,BQ,D
14:46:52,ICBP,RG,8675,2,F,KZ,KZ,F
14:46:52,ICBP,RG,8675,1,F,KZ,CC,D
14:46:52,ICBP,RG,8675,25,F,KZ,SQ,D
14:46:52,ICBP,RG,8675,3,F,KZ,XC,D
14:46:52,ICBP,RG,8675,1,F,KZ,YP,D
14:46:52,ICBP,RG,8675,10,F,KZ,YP,D
14:46:52,ICBP,RG,8675,40,F,KZ,YP,D
14:46:52,ICBP,RG,8675,11,F,KZ,XA,D
14:46:52,ICBP,RG,8675,9,F,KZ,XA,D
14:46:52,ICBP,RG,8675,10,F,KZ,KK,D
14:46:52,ICBP,RG,8675,10,F,KZ,XA,D
14:46:52,ICBP,RG,8675,2,F,KZ,NI,D
14:46:52,ICBP,RG,8675,2,F,KZ,ZP,D
14:46:52,ICBP,RG,8675,2,F,KZ,KK,D
14:46:52,ICBP,RG,8675,1,F,KZ,YP,D
14:46:52,ICBP,RG,8675,1,F,KZ,PD,D
14:46:52,ICBP,RG,8675,1,F,KZ,YP,D
14:46:52,ICBP,RG,8675,1,F,KZ,YP,D
14:46:52,ICBP,RG,8675,1,F,KZ,PD,D
14:46:52,ICBP,RG,8675,100,F,KZ,YP,D
14:46:52,ICBP,RG,8675,10,F,KZ,YP,D
14:46:52,ICBP,RG,8675,120,F,KZ,AZ,D
14:46:52,ICBP,RG,8675,20,F,KZ,ID,D
14:46:52,ICBP,RG,8675,2,F,KZ,YP,D
14:46:52,ICBP,RG,8675,17,F,KZ,YP,D
14:46:45,ICBP,RG,8650,3,F,AK,BQ,D
14:46:39,ICBP,RG,8650,5,F,KZ,BB,D
14:46:39,ICBP,RG,8650,58,F,KZ,BB,D
14:46:39,ICBP,RG,8650,1,F,KZ,BB,D
14:46:38,ICBP,RG,8650,12,D,OD,BB,D
14:46:38,ICBP,RG,8650,2,D,OD,AK,D
14:46:38,ICBP,RG,8650,51,D,OD,BB,D
14:46:38,ICBP,RG,8650,4,D,OD,KZ,F
14:46:38,ICBP,RG,8650,6,D,OD,KZ,F
14:46:38,ICBP,RG,8650,10,D,OD,XA,D
14:46:38,ICBP,RG,8650,1,D,OD,CP,D
14:46:34,ICBP,RG,8650,1,F,KZ,YP,D
14:46:34,ICBP,RG,8650,62,F,KZ,BB,D
14:46:34,ICBP,RG,8650,45,F,KZ,BB,D
14:46:34,ICBP,RG,8650,10,F,KZ,KZ,F
14:46:34,ICBP,RG,8650,1,F,KZ,CS,D
14:46:34,ICBP,RG,8650,5,F,KZ,XA,D
14:46:34,ICBP,RG,8650,14,F,KZ,AK,D
14:46:34,ICBP,RG,8650,1,F,KZ,NI,D
14:46:34,ICBP,RG,8650,2,F,KZ,KZ,F
14:46:32,ICBP,RG,8650,3,F,ZP,BK,D
14:46:31,ICBP,RG,8650,9,F,ZP,BK,D
14:46:31,ICBP,RG,8650,20,F,AK,BK,D
14:46:31,ICBP,RG,8650,47,F,AK,LG,D
14:46:30,ICBP,RG,8650,1,F,ZP,LG,D
14:46:30,ICBP,RG,8650,3,D,CC,LG,D
14:46:30,ICBP,RG,8650,34,F,AK,LG,D
14:46:30,ICBP,RG,8650,8,F,AK,CS,D
14:46:30,ICBP,RG,8650,7,F,AK,BB,D
14:46:30,ICBP,RG,8650,81,F,AK,BB,D
14:46:30,ICBP,RG,8650,36,F,BK,BB,D
14:46:30,ICBP,RG,8650,98,F,BK,BB,D
14:46:30,ICBP,RG,8650,3,F,BK,KZ,F
14:46:30,ICBP,RG,8650,6,F,BK,KZ,F
14:46:30,ICBP,RG,8650,200,F,BK,LG,D
14:46:30,ICBP,RG,8650,100,F,BK,LG,D
14:46:30,ICBP,RG,8650,20,F,BK,LG,D
14:46:30,ICBP,RG,8650,37,F,BK,BK,D
14:46:30,ICBP,RG,8650,99,D,CC,BK,D
14:46:30,ICBP,RG,8650,1,D,CC,NI,D
14:46:30,ICBP,RG,8650,8,D,CC,AK,D
14:46:30,ICBP,RG,8650,5,D,CC,KZ,F
14:46:30,ICBP,RG,8650,4,D,CC,KK,F
14:46:30,ICBP,RG,8650,120,D,CC,BK,D
14:46:30,ICBP,RG,8650,3,D,CC,BQ,D
14:46:30,ICBP,RG,8650,26,D,CC,OD,D
14:46:25,ICBP,RG,8650,2,D,MK,OD,D
14:46:25,ICBP,RG,8650,10,D,MK,YP,D
14:46:25,ICBP,RG,8650,4,D,MK,IF,D
14:46:25,ICBP,RG,8650,2,D,MK,KZ,F
14:46:25,ICBP,RG,8650,32,D,MK,CS,D
14:46:24,ICBP,RG,8650,6,D,XL,CS,D
14:46:23,ICBP,RG,8625,41,F,KZ,CS,D
14:46:23,ICBP,RG,8650,3,F,ZP,CS,D
14:46:23,ICBP,RG,8625,5,F,KZ,CS,D
14:46:23,ICBP,RG,8625,25,F,KZ,BK,D
14:46:21,ICBP,RG,8625,89,F,KZ,BB,D
14:46:20,ICBP,RG,8625,19,F,KZ,BK,D
14:46:12,ICBP,RG,8625,20,F,KZ,BK,D
14:46:08,ICBP,RG,8650,3,F,ZP,CS,D
14:46:07,ICBP,RG,8625,10,F,KZ,BK,D
14:46:07,ICBP,RG,8625,2,D,PD,BK,D
14:46:07,ICBP,RG,8625,1,D,XC,BK,D
14:46:07,ICBP,RG,8625,1,D,XL,BK,D
14:46:07,ICBP,RG,8625,1,D,CC,BK,D
14:46:07,ICBP,RG,8625,1,D,CC,BK,D
14:46:06,ICBP,RG,8650,3,F,ZP,CS,D
14:46:03,ICBP,RG,8625,1,D,CC,CS,D
14:46:03,ICBP,RG,8625,8,D,CC,CS,D
14:46:03,ICBP,RG,8625,2,D,NI,CS,D
14:46:03,ICBP,RG,8625,6,D,GR,CS,D
14:46:03,ICBP,RG,8625,48,F,KZ,CS,D
14:45:57,ICBP,RG,8625,42,F,KZ,PD,D
14:45:57,ICBP,RG,8625,47,F,KZ,PD,D
14:45:57,ICBP,RG,8625,5,F,KZ,PD,D
14:45:57,ICBP,RG,8625,21,F,KZ,PD,D
14:45:57,ICBP,RG,8625,10,D,XC,PD,D
14:45:57,ICBP,RG,8625,4,F,CS,PD,D
14:45:57,ICBP,RG,8625,1,F,CS,PD,D
14:45:57,ICBP,RG,8625,5,D,XC,PD,D
14:45:57,ICBP,RG,8625,23,D,CC,PD,D
14:45:56,ICBP,RG,8625,2,D,CC,PD,D
14:45:56,ICBP,RG,8625,2,D,CC,PD,D
14:45:56,ICBP,RG,8625,2,D,CC,PD,D
14:45:56,ICBP,RG,8625,12,D,CC,PD,D
14:45:56,ICBP,RG,8625,15,D,CC,PD,D
14:45:56,ICBP,RG,8625,1,D,CC,PD,D
14:45:56,ICBP,RG,8625,9,D,CC,PD,D
14:45:56,ICBP,RG,8625,6,D,CC,PD,D
14:45:55,ICBP,RG,8650,1,D,XL,CS,D
14:45:55,ICBP,RG,8625,19,D,CC,BK,D
14:45:51,ICBP,RG,8650,3,F,ZP,CS,D
14:45:51,ICBP,RG,8625,13,D,CC,AK,D
14:45:43,ICBP,RG,8625,19,D,CC,BK,D
14:45:33,ICBP,RG,8625,11,D,CC,BK,D
14:45:33,ICBP,RG,8625,3,D,CC,BK,D
14:45:32,ICBP,RG,8625,5,F,ZP,SQ,D
14:45:30,ICBP,RG,8650,3,F,ZP,CS,D
14:45:30,ICBP,RG,8650,31,D,LG,CS,D
14:45:15,ICBP,RG,8625,15,F,ZP,BK,D
14:45:15,ICBP,RG,8625,15,D,SQ,BK,D
14:45:11,ICBP,RG,8650,3,F,ZP,CS,D
14:45:08,ICBP,RG,8625,12,D,SQ,BK,D
14:44:59,ICBP,RG,8625,11,D,SQ,BK,D
14:44:57,ICBP,RG,8650,10,D,XC,CS,D
14:44:54,ICBP,RG,8650,1,F,ZP,CS,D
14:44:51,ICBP,RG,8625,64,D,SQ,CS,D
14:44:51,ICBP,RG,8625,48,D,SQ,CS,D
14:44:51,ICBP,RG,8625,1,D,XC,CS,D
14:44:51,ICBP,RG,8625,2,D,NI,CS,D
14:44:48,ICBP,RG,8625,1,D,NI,SQ,D
14:44:48,ICBP,RG,8625,1,D,XA,SQ,D
14:44:48,ICBP,RG,8625,1,D,XL,SQ,D
14:44:48,ICBP,RG,8625,4,D,XL,SQ,D
14:44:48,ICBP,RG,8625,2,F,ZP,SQ,D
14:44:48,ICBP,RG,8625,6,F,CC,SQ,D
14:44:48,ICBP,RG,8625,3,D,CC,SQ,D
14:44:48,ICBP,RG,8625,7,D,CC,SQ,D
14:44:45,ICBP,RG,8625,25,D,CC,BK,D
14:44:36,ICBP,RG,8650,2,F,ZP,CS,D
14:44:35,ICBP,RG,8625,15,D,CC,BK,D
14:44:33,ICBP,RG,8650,3,D,CC,CS,D
14:44:32,ICBP,RG,8650,13,F,ZP,CS,D
14:44:30,ICBP,RG,8650,2,F,ZP,CS,D
14:44:28,ICBP,RG,8625,39,D,CC,PP,D
14:44:26,ICBP,RG,8625,14,D,CC,BK,D
14:44:21,ICBP,RG,8650,1,F,ZP,CS,D
14:44:21,ICBP,RG,8650,5,D,XC,CS,D
14:44:14,ICBP,RG,8650,6,D,SQ,CS,D
14:44:10,ICBP,RG,8625,15,D,CC,BK,D
14:44:10,ICBP,RG,8625,10,F,CS,BK,D
14:44:10,ICBP,RG,8625,2,F,ZP,BK,D
14:44:10,ICBP,RG,8650,33,D,YP,CS,D
14:44:03,ICBP,RG,8650,10,D,PD,CS,D
14:44:03,ICBP,RG,8650,2,F,ZP,CS,D
14:44:00,ICBP,RG,8650,5,F,CS,CS,D
14:44:00,ICBP,RG,8650,3,F,CS,CS,D
14:43:53,ICBP,RG,8625,25,D,OD,BK,D
14:43:50,ICBP,RG,8650,15,F,ZP,CS,D
14:43:48,ICBP,RG,8625,5,D,OD,XA,D
14:43:45,ICBP,RG,8650,2,F,ZP,CS,D
14:43:45,ICBP,RG,8650,1,F,ZP,BB,D
14:43:44,ICBP,RG,8625,14,D,OD,BK,D
14:43:32,ICBP,RG,8625,18,D,OD,CC,D
14:43:31,ICBP,RG,8625,3,D,OD,CC,D
14:43:27,ICBP,RG,8625,21,D,OD,BK,D
14:43:27,ICBP,RG,8625,5,F,CS,BK,D
14:43:26,ICBP,RG,8650,2,F,ZP,BB,D
14:43:26,ICBP,RG,8625,55,F,CS,BB,D
14:43:17,ICBP,RG,8625,36,F,CS,BB,D
14:43:17,ICBP,RG,8625,1,F,ZP,BB,D
14:43:17,ICBP,RG,8625,24,D,OD,BB,D
14:43:10,ICBP,RG,8625,3,D,OD,BQ,D
14:43:09,ICBP,RG,8650,51,D,YP,BB,D
14:43:06,ICBP,RG,8650,3,F,ZP,BB,D
14:43:01,ICBP,RG,8650,66,D,YP,BB,D
14:43:01,ICBP,RG,8625,59,D,OD,BB,D
14:43:01,ICBP,RG,8625,1,D,OD,CC,D
14:42:54,ICBP,RG,8650,11,D,CC,BB,D
14:42:54,ICBP,RG,8650,8,D,CC,AK,D
14:42:54,ICBP,RG,8650,2,D,CC,YP,D
14:42:54,ICBP,RG,8650,2,D,CC,NI,D
14:42:54,ICBP,RG,8650,2,D,CC,CC,D
14:42:54,ICBP,RG,8650,1,D,CC,YP,D
14:42:54,ICBP,RG,8650,15,D,CC,LG,D
14:42:54,ICBP,RG,8650,34,D,CC,BK,D
14:42:54,ICBP,RG,8650,42,D,CC,LG,D
14:42:53,ICBP,RG,8650,3,D,CC,LG,D
14:42:52,ICBP,RG,8625,24,D,OD,BK,D
14:42:46,ICBP,RG,8650,1,F,ZP,LG,D
14:42:38,ICBP,RG,8625,7,D,OD,PP,D
14:42:38,ICBP,RG,8625,1,F,ZP,PP,D
14:42:38,ICBP,RG,8625,40,F,AK,PP,D
14:42:33,ICBP,RG,8625,2,F,AK,YP,D
14:42:21,ICBP,RG,8625,1,F,AK,DR,D
14:42:19,ICBP,RG,8625,127,F,AK,CS,D
14:42:19,ICBP,RG,8625,80,F,CC,CS,D
14:42:16,ICBP,RG,8625,1,F,CC,NI,D
14:42:13,ICBP,RG,8625,4,F,CC,PD,D
14:42:09,ICBP,RG,8650,100,F,CC,LG,D
14:41:58,ICBP,RG,8650,4,F,CC,LG,D
14:41:58,ICBP,RG,8650,30,F,CC,PP,D
14:41:58,ICBP,RG,8650,1,F,CC,KZ,F
14:41:58,ICBP,RG,8650,20,F,CC,PP,D
14:41:58,ICBP,RG,8650,45,F,CC,BK,D
14:41:47,ICBP,RG,8650,4,F,ZP,BK,D
14:41:21,ICBP,RG,8650,65,D,CC,BK,D
14:41:21,ICBP,RG,8650,28,D,CC,BB,D
14:41:21,ICBP,RG,8650,1,D,CC,NI,D
14:41:21,ICBP,RG,8650,5,D,CC,BB,D
14:41:21,ICBP,RG,8650,43,D,CC,BB,D
14:41:19,ICBP,RG,8650,3,D,CC,BB,D
14:41:14,ICBP,RG,8625,29,F,CC,BK,D
14:41:05,ICBP,RG,8625,14,F,CC,PP,D
14:41:02,ICBP,RG,8625,22,F,CC,BK,D
14:41:02,ICBP,RG,8650,5,F,ZP,BB,D
14:40:54,ICBP,RG,8625,13,F,CC,BK,D
14:40:36,ICBP,RG,8625,24,F,CC,BK,D
14:40:28,ICBP,RG,8625,12,F,CC,BK,D
14:40:15,ICBP,RG,8625,16,F,CC,BK,D
14:40:08,ICBP,RG,8625,29,F,CC,OD,D
14:40:02,ICBP,RG,8625,29,F,CC,OD,D
14:39:59,ICBP,RG,8625,72,F,CC,BB,D
14:39:58,ICBP,RG,8625,2,F,CC,YP,D
14:39:53,ICBP,RG,8625,190,F,CC,CS,D
14:39:51,ICBP,RG,8625,30,F,CC,BB,D
14:39:47,ICBP,RG,8650,1,D,XL,BB,D
14:39:29,ICBP,RG,8650,1,D,KK,BB,D
14:38:54,ICBP,RG,8650,1,D,OD,BB,D
14:38:54,ICBP,RG,8650,4,D,OD,XC,D
14:38:21,ICBP,RG,8625,3,F,CC,XL,D
14:37:56,ICBP,RG,8625,2,F,CC,BQ,D
14:37:42,ICBP,RG,8625,3,F,ZP,CS,D
14:37:40,ICBP,RG,8625,17,F,ZP,CS,D
14:37:39,ICBP,RG,8625,1,F,ZP,CS,D
14:37:39,ICBP,RG,8625,1,F,ZP,CS,D
14:37:39,ICBP,RG,8625,7,F,ZP,CC,D
14:37:39,ICBP,RG,8625,1,F,ZP,KZ,F
14:37:39,ICBP,RG,8625,5,F,ZP,CS,D
14:37:39,ICBP,RG,8625,5,F,ZP,PP,D
14:37:38,ICBP,RG,8625,45,F,AK,PP,D
14:37:38,ICBP,RG,8625,10,F,AK,AK,D
14:37:38,ICBP,RG,8625,1,F,AK,YP,D
14:37:38,ICBP,RG,8625,1,F,AK,KZ,F
14:37:38,ICBP,RG,8625,178,F,AK,BK,D
14:37:38,ICBP,RG,8625,51,F,AK,PD,D
14:37:38,ICBP,RG,8625,24,F,CC,PD,D
14:37:38,ICBP,RG,8625,1,F,CC,PD,D
14:37:30,ICBP,RG,8625,81,F,CC,PD,D
14:37:26,ICBP,RG,8625,2,F,AK,PD,D
14:37:26,ICBP,RG,8625,9,F,AK,PD,D
14:37:26,ICBP,RG,8625,33,F,AK,PD,D
14:37:26,ICBP,RG,8625,88,D,DH,PD,D
14:37:26,ICBP,RG,8625,4,D,DH,PD,D
14:37:26,ICBP,RG,8625,5,D,DH,PD,D
14:37:26,ICBP,RG,8625,5,D,DH,PD,D
14:37:26,ICBP,RG,8625,18,D,DH,PD,D
14:37:14,ICBP,RG,8625,1,D,NI,PD,D
14:37:07,ICBP,RG,8625,1,D,OD,PD,D
14:36:57,ICBP,RG,8625,1,D,XC,PD,D
14:36:47,ICBP,RG,8625,1,D,XL,PD,D
14:36:47,ICBP,RG,8625,3,F,ZP,PD,D
14:36:46,ICBP,RG,8625,2,F,ZP,PD,D
14:36:46,ICBP,RG,8625,1,F,ZP,PD,D
14:36:46,ICBP,RG,8625,2,F,ZP,PD,D
14:36:46,ICBP,RG,8625,3,D,AT,PD,D
14:36:46,ICBP,RG,8625,1,F,ZP,PD,D
14:36:46,ICBP,RG,8625,1,D,XC,PD,D
14:36:46,ICBP,RG,8625,15,F,CS,PD,D
14:36:46,ICBP,RG,8625,3,F,ZP,PD,D
14:36:46,ICBP,RG,8625,2,D,XL,PD,D
14:36:46,ICBP,RG,8625,3,D,XL,PD,D
14:36:46,ICBP,RG,8625,15,D,PD,PD,D
14:36:46,ICBP,RG,8625,3,D,OD,PD,D
14:36:46,ICBP,RG,8625,1,D,OD,PD,D
14:36:46,ICBP,RG,8625,13,D,OD,PD,D
14:36:45,ICBP,RG,8650,37,D,CC,PD,D
14:36:45,ICBP,RG,8650,2,D,CC,PD,D
14:36:45,ICBP,RG,8650,3,D,CC,PD,D
14:36:45,ICBP,RG,8650,3,D,CC,PD,D
14:36:45,ICBP,RG,8650,16,D,CC,PD,D
14:36:45,ICBP,RG,8650,19,D,CC,PD,D
14:36:45,ICBP,RG,8650,2,D,CC,PD,D
14:36:45,ICBP,RG,8650,1,D,CC,PD,D
14:36:45,ICBP,RG,8650,11,D,CC,PD,D
14:36:45,ICBP,RG,8650,8,D,CC,PD,D
14:36:45,ICBP,RG,8650,1,D,CC,KZ,F
14:36:45,ICBP,RG,8650,1,D,CC,KZ,F
14:36:45,ICBP,RG,8650,10,D,CC,BK,D
14:36:45,ICBP,RG,8650,10,D,CC,YP,D
14:36:45,ICBP,RG,8650,7,D,CC,YP,D
14:36:45,ICBP,RG,8650,4,D,CC,CS,D
14:36:45,ICBP,RG,8650,1,D,CC,YP,D
14:36:45,ICBP,RG,8650,1,D,CC,YP,D
14:36:45,ICBP,RG,8650,2,D,CC,LG,D
14:36:06,ICBP,RG,8650,5,D,XC,LG,D
14:35:45,ICBP,RG,8650,1,D,NI,LG,D
14:35:35,ICBP,RG,8650,1,D,XL,LG,D
14:35:04,ICBP,RG,8625,69,D,OD,PD,D
14:35:04,ICBP,RG,8625,43,D,OD,PD,D
14:35:04,ICBP,RG,8625,75,D,OD,PD,D
14:35:04,ICBP,RG,8625,1,D,XL,PD,D
14:35:04,ICBP,RG,8625,2,F,ZP,PD,D
14:35:04,ICBP,RG,8625,1,D,XC,PD,D
14:35:04,ICBP,RG,8625,47,F,AK,PD,D
14:35:04,ICBP,RG,8625,14,F,AK,PD,D
14:35:04,ICBP,RG,8625,182,F,AK,PD,D
14:35:04,ICBP,RG,8625,6,F,AK,PD,D
14:35:04,ICBP,RG,8625,8,F,AK,PD,D
14:35:04,ICBP,RG,8625,8,F,AK,PD,D
14:35:04,ICBP,RG,8625,38,F,AK,PD,D
14:35:04,ICBP,RG,8625,27,F,AK,PD,D
14:35:04,ICBP,RG,8625,3,F,CC,PD,D
14:35:04,ICBP,RG,8625,1,F,ZP,PD,D
14:35:04,ICBP,RG,8625,2,F,ZP,PD,D
14:35:04,ICBP,RG,8625,13,F,CS,PD,D
14:35:04,ICBP,RG,8625,5,F,CS,PD,D
14:35:04,ICBP,RG,8625,2,F,CS,PD,D
14:35:03,ICBP,RG,8625,27,F,CS,PD,D
14:35:03,ICBP,RG,8625,19,F,CS,PD,D
14:34:59,ICBP,RG,8650,7,D,XL,LG,D
14:34:54,ICBP,RG,8650,3,D,KK,LG,D
14:34:40,ICBP,RG,8650,1,D,YP,LG,D
14:34:40,ICBP,RG,8650,4,D,YP,CS,D
14:34:37,ICBP,RG,8650,4,D,PD,BQ,D
14:34:20,ICBP,RG,8675,3,D,XC,YP,D
14:34:20,ICBP,RG,8675,2,D,XC,KK,D
14:34:20,ICBP,RG,8650,1,D,XC,KZ,F
14:34:20,ICBP,RG,8650,2,D,XC,KZ,F
14:34:20,ICBP,RG,8650,1,D,XC,KZ,F
14:34:20,ICBP,RG,8650,2,D,XC,KZ,F
14:34:19,ICBP,RG,8650,3,D,XC,CS,D
14:34:13,ICBP,RG,8625,93,F,CS,RX,D
14:34:13,ICBP,RG,8625,280,F,CS,RX,D
14:34:13,ICBP,RG,8625,13,F,CS,RX,D
14:34:13,ICBP,RG,8625,1,D,YP,RX,D
14:34:13,ICBP,RG,8625,11,D,XL,RX,D
14:34:13,ICBP,RG,8625,100,D,FS,RX,D
14:34:13,ICBP,RG,8625,86,D,OD,RX,D
14:34:13,ICBP,RG,8625,300,F,AK,RX,D
14:34:13,ICBP,RG,8625,1,F,CS,RX,D
14:34:08,ICBP,RG,8650,11,F,ZP,RX,D
14:34:08,ICBP,RG,8650,67,F,AK,RX,D
14:34:08,ICBP,RG,8650,369,F,BK,RX,D
14:34:08,ICBP,RG,8650,278,F,CS,RX,D
14:34:08,ICBP,RG,8650,673,F,KZ,RX,D
14:34:08,ICBP,RG,8650,20,F,ZP,RX,D
14:34:08,ICBP,RG,8650,5,F,ZP,RX,D
14:34:08,ICBP,RG,8650,19,F,ZP,RX,D
14:34:08,ICBP,RG,8650,278,F,CS,RX,D
14:34:04,ICBP,RG,8675,4,D,XL,KK,D
14:34:03,ICBP,RG,8675,1,D,YP,KK,D
14:33:53,ICBP,RG,8675,11,F,BK,KK,D
14:33:48,ICBP,RG,8675,28,F,BK,KK,D
14:33:44,ICBP,RG,8650,1,F,CS,CC,D
14:33:43,ICBP,RG,8675,97,F,BK,KK,D
14:33:43,ICBP,RG,8675,5,F,BK,NI,D
14:33:43,ICBP,RG,8675,5,F,BK,NI,D
14:33:43,ICBP,RG,8675,2,F,BK,AI,D
14:33:43,ICBP,RG,8675,3,F,BK,YB,D
14:33:43,ICBP,RG,8675,1,F,BK,PD,D
14:33:43,ICBP,RG,8675,29,F,BK,OD,D
14:33:43,ICBP,RG,8675,2,F,BK,PD,D
14:33:43,ICBP,RG,8675,1,F,BK,YP,D
14:33:43,ICBP,RG,8675,3,F,BK,HP,D
14:33:38,ICBP,RG,8650,5,F,AK,BB,D
14:33:38,ICBP,RG,8650,1,F,AK,CS,D
14:33:38,ICBP,RG,8650,1,F,AK,KZ,F
14:33:38,ICBP,RG,8650,15,F,AK,BK,D
14:33:38,ICBP,RG,8650,10,F,AK,BQ,D
14:33:38,ICBP,RG,8650,1,F,AK,YP,D
14:33:38,ICBP,RG,8650,1,F,AK,CC,D
14:33:38,ICBP,RG,8650,15,F,AK,ID,D
14:33:38,ICBP,RG,8650,25,F,AK,ID,D
14:33:38,ICBP,RG,8650,1,F,AK,NI,D
14:33:38,ICBP,RG,8650,1,F,AK,XC,D
14:33:38,ICBP,RG,8650,38,F,AK,KK,D
14:33:38,ICBP,RG,8650,1,F,AK,YP,D
14:33:38,ICBP,RG,8650,20,F,AK,LG,D
14:33:38,ICBP,RG,8650,3,F,AK,CC,D
14:33:38,ICBP,RG,8650,100,F,AK,YB,D
14:33:38,ICBP,RG,8650,3,F,AK,KK,D
14:33:38,ICBP,RG,8650,1,F,AK,KK,D
14:33:38,ICBP,RG,8650,4,F,AK,BQ,D
14:33:38,ICBP,RG,8650,1,F,AK,PD,D
14:33:38,ICBP,RG,8650,150,F,AK,LG,D
14:33:38,ICBP,RG,8650,25,F,AK,LG,D
14:33:38,ICBP,RG,8650,29,F,AK,OD,D
14:33:38,ICBP,RG,8650,98,F,AK,CC,D
14:33:37,ICBP,RG,8650,102,F,BK,CC,D
14:33:37,ICBP,RG,8650,5,F,BK,YP,D
14:33:37,ICBP,RG,8650,5,F,BK,GR,D
14:33:37,ICBP,RG,8650,45,F,BK,YP,D
14:33:37,ICBP,RG,8650,25,F,BK,KK,D
14:33:37,ICBP,RG,8650,10,F,BK,XA,D
14:33:37,ICBP,RG,8650,39,F,BK,PD,D
14:33:37,ICBP,RG,8650,32,F,BK,PD,D
14:33:36,ICBP,RG,8625,46,F,AK,AK,D
14:33:36,ICBP,RG,8625,1,F,AK,CS,D
14:33:36,ICBP,RG,8625,1,F,AK,CS,D
14:33:36,ICBP,RG,8625,1,F,AK,CS,D
14:33:36,ICBP,RG,8625,6,F,AK,KZ,F
14:33:36,ICBP,RG,8625,20,F,AK,CC,D
14:33:36,ICBP,RG,8625,5,F,AK,KZ,F
14:33:36,ICBP,RG,8625,26,F,AK,BK,D
14:33:35,ICBP,RG,8625,95,F,AK,BK,D
14:33:35,ICBP,RG,8625,2,F,AK,AZ,D
14:33:35,ICBP,RG,8625,366,F,AK,BB,D
14:33:35,ICBP,RG,8625,1,F,AK,EP,D
14:33:35,ICBP,RG,8625,8,F,AK,KZ,F
14:33:35,ICBP,RG,8625,2,F,AK,EP,D
14:33:35,ICBP,RG,8625,1,F,AK,CC,D
14:33:35,ICBP,RG,8625,1,F,AK,PD,D
14:33:35,ICBP,RG,8625,1,F,AK,CS,D
14:33:35,ICBP,RG,8625,1,F,AK,KZ,F
14:33:35,ICBP,RG,8625,4,F,AK,CS,D
14:33:35,ICBP,RG,8625,18,F,AK,OD,D
14:33:35,ICBP,RG,8625,11,F,AK,OD,D
14:33:35,ICBP,RG,8625,5,F,AK,AZ,D
14:33:35,ICBP,RG,8625,48,F,AK,CS,D
14:33:35,ICBP,RG,8625,43,F,AK,CS,D
14:33:35,ICBP,RG,8625,20,F,AK,CS,D
14:33:35,ICBP,RG,8625,45,F,AK,CS,D
14:33:35,ICBP,RG,8625,35,F,AK,CS,D
14:33:35,ICBP,RG,8625,4,F,AK,CS,D
14:33:35,ICBP,RG,8625,2,F,AK,CS,D
14:33:35,ICBP,RG,8625,27,F,AK,SQ,D
14:33:35,ICBP,RG,8625,32,F,AK,CS,D
14:33:35,ICBP,RG,8625,28,F,AK,CS,D
14:33:35,ICBP,RG,8625,31,F,AK,CS,D
14:33:35,ICBP,RG,8625,230,F,AK,BB,D
14:33:35,ICBP,RG,8625,66,F,AK,BB,D
14:33:35,ICBP,RG,8625,11,F,AK,BB,D
14:33:35,ICBP,RG,8625,47,F,AK,BB,D
14:33:34,ICBP,RG,8625,30,F,AK,BB,D
14:33:34,ICBP,RG,8625,114,F,BK,BB,D
14:33:34,ICBP,RG,8625,124,F,AK,BB,D
14:33:34,ICBP,RG,8625,1,F,AK,CS,D
14:33:34,ICBP,RG,8625,1,F,AK,CS,D
14:33:34,ICBP,RG,8625,12,F,AK,AK,D
14:33:34,ICBP,RG,8625,12,F,AK,AK,D
14:33:34,ICBP,RG,8625,1,F,AK,KZ,F
14:33:34,ICBP,RG,8625,289,F,AK,BK,D
14:33:34,ICBP,RG,8625,4,F,AK,KZ,F
14:33:34,ICBP,RG,8625,2,F,AK,KZ,F
14:33:34,ICBP,RG,8625,7,F,AK,KZ,F
14:33:34,ICBP,RG,8625,47,F,AK,CS,D
14:33:34,ICBP,RG,8625,36,D,OD,CS,D
14:33:34,ICBP,RG,8625,3,D,OD,CS,D
14:33:34,ICBP,RG,8625,2,D,OD,CS,D
14:33:34,ICBP,RG,8625,19,D,OD,BB,D
14:33:34,ICBP,RG,8625,10,D,OD,CS,D
14:33:34,ICBP,RG,8625,48,D,OD,LG,D
14:33:32,ICBP,RG,8600,12,F,KZ,BK,D
14:33:25,ICBP,RG,8600,11,F,KZ,BK,D
14:33:20,ICBP,RG,8600,11,F,KZ,BK,D
14:33:19,ICBP,RG,8625,13,F,ZP,LG,D
14:33:17,ICBP,RG,8625,2,F,ZP,LG,D
14:33:06,ICBP,RG,8600,21,F,KZ,BK,D
14:32:57,ICBP,RG,8600,30,F,KZ,PP,D
14:32:51,ICBP,RG,8600,2,F,KZ,BK,D
14:32:51,ICBP,RG,8600,13,D,YB,BK,D
14:32:42,ICBP,RG,8600,2,D,YB,BK,D
14:32:42,ICBP,RG,8600,1,D,CC,BK,D
14:32:42,ICBP,RG,8600,13,D,YP,BK,D
14:32:37,ICBP,RG,8625,14,F,ZP,LG,D
14:32:35,ICBP,RG,8600,2,D,YP,LG,D
14:32:27,ICBP,RG,8600,18,D,YP,BK,D
14:32:21,ICBP,RG,8600,20,D,YP,PP,D
14:32:16,ICBP,RG,8600,18,D,YP,BK,D
14:32:05,ICBP,RG,8600,14,D,YP,BK,D
14:32:05,ICBP,RG,8600,2,D,YP,BK,D
14:31:56,ICBP,RG,8600,3,D,YP,BK,D
14:31:56,ICBP,RG,8600,1,D,XC,BK,D
14:31:56,ICBP,RG,8600,2,D,DR,BK,D
14:31:56,ICBP,RG,8600,1,D,PD,BK,D
14:31:56,ICBP,RG,8600,5,D,TP,BK,D
14:31:56,ICBP,RG,8600,2,D,PD,BK,D
14:31:48,ICBP,RG,8600,2,D,XC,BK,D
14:31:48,ICBP,RG,8600,2,D,NI,BK,D
14:31:48,ICBP,RG,8600,6,D,PD,BK,D
14:31:44,ICBP,RG,8600,1,D,PD,XL,D
14:31:42,ICBP,RG,8600,12,D,PD,BK,D
14:31:38,ICBP,RG,8600,10,D,PD,BK,D
14:31:37,ICBP,RG,8600,71,D,PD,CS,D
14:31:37,ICBP,RG,8600,10,D,YP,CS,D
14:31:37,ICBP,RG,8600,5,D,YP,CS,D
14:31:37,ICBP,RG,8600,12,D,YP,CS,D
14:31:37,ICBP,RG,8600,7,D,XC,CS,D
14:31:37,ICBP,RG,8600,4,D,NI,CS,D
14:31:37,ICBP,RG,8600,1,D,LG,CS,D
14:31:37,ICBP,RG,8600,100,D,YB,CS,D
14:31:37,ICBP,RG,8600,3,D,YP,CS,D
14:31:30,ICBP,RG,8600,2,D,YP,BK,D
14:31:30,ICBP,RG,8600,1,D,CC,BK,D
14:31:30,ICBP,RG,8600,7,D,XC,BK,D
14:31:28,ICBP,RG,8600,1,D,XC,XC,D
14:31:27,ICBP,RG,8600,3,D,XC,BK,D
14:31:27,ICBP,RG,8600,1,F,ZP,BK,D
14:31:27,ICBP,RG,8600,1,D,PD,BK,D
14:31:27,ICBP,RG,8600,5,D,NI,BK,D
14:31:22,ICBP,RG,8600,10,D,NI,BK,D
14:31:21,ICBP,RG,8625,6,D,YP,LG,D
14:31:17,ICBP,RG,8600,5,D,NI,BK,D
14:31:17,ICBP,RG,8600,5,D,SQ,BK,D
14:31:08,ICBP,RG,8600,13,F,CC,BK,D
14:31:06,ICBP,RG,8600,1,F,CC,CC,D
14:31:02,ICBP,RG,8600,13,F,CC,BK,D
14:30:56,ICBP,RG,8600,10,F,CC,BK,D
14:30:52,ICBP,RG,8600,11,F,CC,BK,D
14:30:43,ICBP,RG,8600,14,F,CC,BK,D
14:30:41,ICBP,RG,8600,10,F,CC,BK,D
14:30:34,ICBP,RG,8600,11,F,CC,BK,D
14:30:32,ICBP,RG,8600,3,F,CC,HP,D
14:30:29,ICBP,RG,8600,10,F,CC,BK,D
14:30:29,ICBP,RG,8625,2,F,ZP,LG,D
14:30:28,ICBP,RG,8625,2,D,CC,LG,D
14:30:25,ICBP,RG,8600,4,F,CC,BK,D
14:30:25,ICBP,RG,8600,2,D,XC,BK,D
14:30:25,ICBP,RG,8600,2,D,NI,BK,D
14:30:25,ICBP,RG,8600,1,D,PD,BK,D
14:30:25,ICBP,RG,8600,3,D,XC,BK,D
14:30:25,ICBP,RG,8600,1,D,NI,BK,D
14:30:19,ICBP,RG,8600,2,D,NI,BK,D
14:30:19,ICBP,RG,8600,9,D,PD,BK,D
14:30:13,ICBP,RG,8600,1,D,PD,BK,D
14:30:13,ICBP,RG,8600,1,D,NI,BK,D
14:30:13,ICBP,RG,8600,4,D,CC,BK,D
14:30:13,ICBP,RG,8600,1,D,YP,BK,D
14:30:13,ICBP,RG,8600,5,D,CC,BK,D
14:30:10,ICBP,RG,8600,5,D,CC,BK,D
14:30:10,ICBP,RG,8600,3,D,KK,BK,D
14:30:10,ICBP,RG,8600,2,D,GR,BK,D
14:30:01,ICBP,RG,8600,3,D,GR,BB,D
14:30:01,ICBP,RG,8600,1,D,XL,BB,D
14:30:01,ICBP,RG,8600,1,D,XC,BB,D
14:30:01,ICBP,RG,8600,1,D,CC,BB,D
14:30:01,ICBP,RG,8600,29,D,XL,BB,D
14:30:01,ICBP,RG,8600,3,D,SQ,BB,D
14:30:01,ICBP,RG,8600,1,D,XL,BB,D
14:30:01,ICBP,RG,8600,1,D,NI,BB,D
14:30:01,ICBP,RG,8600,2,D,XC,BB,D
14:30:01,ICBP,RG,8600,2,D,DH,BB,D
14:30:01,ICBP,RG,8600,5,D,XL,BB,D
14:30:01,ICBP,RG,8600,1,D,YP,BB,D
14:30:01,ICBP,RG,8600,1,D,NI,BB,D
14:30:01,ICBP,RG,8600,10,D,XC,BB,D
14:30:01,ICBP,RG,8600,2,D,AZ,BB,D
14:30:01,ICBP,RG,8600,100,D,SQ,BB,D
14:30:01,ICBP,RG,8600,2,D,XC,BB,D
14:30:01,ICBP,RG,8600,2,D,YP,BB,D
14:30:01,ICBP,RG,8600,1,D,XL,BB,D
14:30:01,ICBP,RG,8600,1,D,YP,BB,D
14:30:01,ICBP,RG,8600,5,D,YP,BB,D
14:30:00,ICBP,RG,8600,5,D,YP,BK,D
14:30:00,ICBP,RG,8600,9,F,CS,BK,D
14:29:59,ICBP,RG,8625,2,D,XC,LG,D
14:29:58,ICBP,RG,8600,143,F,CS,BB,D
14:29:58,ICBP,RG,8600,2,D,XC,BB,D
14:29:58,ICBP,RG,8600,170,F,CS,BB,D
14:29:58,ICBP,RG,8600,26,F,CC,BB,D
14:29:55,ICBP,RG,8600,14,F,CC,BK,D
14:29:48,ICBP,RG,8625,5,F,ZP,LG,D
14:29:45,ICBP,RG,8600,15,F,CC,BK,D
14:29:40,ICBP,RG,8600,14,F,CC,BK,D
14:29:36,ICBP,RG,8600,16,F,CC,BK,D
14:29:30,ICBP,RG,8600,9,F,CC,BK,D
14:29:24,ICBP,RG,8600,11,F,CC,BK,D
14:29:19,ICBP,RG,8600,9,F,CC,BK,D
14:29:13,ICBP,RG,8600,15,F,CC,BK,D
14:29:06,ICBP,RG,8600,11,F,CC,BK,D
14:29:04,ICBP,RG,8625,5,D,YP,LG,D
14:28:38,ICBP,RG,8625,1,D,XC,LG,D
14:28:20,ICBP,RG,8625,1,D,XC,LG,D
14:28:20,ICBP,RG,8625,1,F,ZP,LG,D
14:28:18,ICBP,RG,8600,10,F,CC,BB,D
14:28:18,ICBP,RG,8600,200,F,CC,BB,D
14:28:18,ICBP,RG,8600,2,D,LG,BB,D
14:28:18,ICBP,RG,8600,2,D,XC,BB,D
14:28:18,ICBP,RG,8600,1,D,XC,BB,D
14:28:18,ICBP,RG,8600,3,D,PD,BB,D
14:28:18,ICBP,RG,8600,3,D,PD,BB,D
14:28:18,ICBP,RG,8600,1,D,XC,BB,D
14:28:18,ICBP,RG,8600,1,D,XC,BB,D
14:28:18,ICBP,RG,8600,14,D,OD,BB,D
14:28:18,ICBP,RG,8625,1,D,YP,LG,D
14:28:14,ICBP,RG,8625,1,D,XC,LG,D
14:28:11,ICBP,RG,8600,60,D,OD,BK,D
14:28:07,ICBP,RG,8600,11,D,OD,CS,D
14:28:07,ICBP,RG,8600,1,D,OD,CS,D
14:28:07,ICBP,RG,8625,10,D,PD,LG,D
14:28:07,ICBP,RG,8625,1,D,XC,LG,D
14:28:07,ICBP,RG,8625,2,F,ZP,LG,D
14:28:07,ICBP,RG,8625,2,F,ZP,LG,D
14:28:07,ICBP,RG,8625,5,D,YP,LG,D
14:28:07,ICBP,RG,8625,6,F,ZP,LG,D
14:28:07,ICBP,RG,8625,3,D,XC,LG,D
14:28:07,ICBP,RG,8625,3,D,YP,LG,D
14:28:07,ICBP,RG,8625,3,F,ZP,LG,D
14:28:07,ICBP,RG,8625,5,D,PD,LG,D
14:28:07,ICBP,RG,8625,5,D,CC,LG,D
14:28:07,ICBP,RG,8625,4,F,CS,LG,D
14:28:07,ICBP,RG,8625,1,D,LG,LG,D
14:28:07,ICBP,RG,8625,1,D,PD,LG,D
14:28:07,ICBP,RG,8625,25,D,GR,LG,D
14:28:07,ICBP,RG,8625,3,D,DR,LG,D
14:28:07,ICBP,RG,8625,3,D,PD,LG,D
14:28:07,ICBP,RG,8625,3,F,ZP,LG,D
14:28:07,ICBP,RG,8625,6,D,PD,LG,D
14:28:07,ICBP,RG,8625,1,D,NI,LG,D
14:28:07,ICBP,RG,8625,2,F,ZP,LG,D
14:28:07,ICBP,RG,8625,52,F,KZ,LG,D
14:28:04,ICBP,RG,8625,1,F,KZ,YP,D
14:28:02,ICBP,RG,8625,35,F,KZ,LG,D
14:28:00,ICBP,RG,8625,100,F,KZ,LG,D
14:27:56,ICBP,RG,8625,47,F,KZ,CS,D
14:27:56,ICBP,RG,8625,60,F,KZ,PD,D
14:27:56,ICBP,RG,8625,53,F,KZ,PD,D
14:27:56,ICBP,RG,8625,6,F,KZ,PD,D
14:27:56,ICBP,RG,8625,86,F,KZ,PD,D
14:27:56,ICBP,RG,8625,2,F,KZ,PD,D
14:27:56,ICBP,RG,8625,3,F,KZ,PD,D
14:27:56,ICBP,RG,8625,3,F,KZ,PD,D
14:27:56,ICBP,RG,8625,18,F,KZ,PD,D
14:27:56,ICBP,RG,8625,21,F,KZ,PD,D
14:27:55,ICBP,RG,8625,2,F,KZ,PD,D
14:27:55,ICBP,RG,8625,1,F,KZ,PD,D
14:27:55,ICBP,RG,8625,13,F,KZ,PD,D
14:27:55,ICBP,RG,8625,9,F,KZ,PD,D
14:27:39,ICBP,RG,8625,4,F,KZ,CS,D
14:27:37,ICBP,RG,8625,48,F,KZ,BK,D
14:27:29,ICBP,RG,8650,1,F,ZP,PD,D
14:27:22,ICBP,RG,8625,93,F,KZ,LG,D
14:27:22,ICBP,RG,8625,6,F,ZP,LG,D
14:27:22,ICBP,RG,8625,10,D,PD,LG,D
14:27:22,ICBP,RG,8625,1,D,XC,LG,D
14:27:22,ICBP,RG,8625,3,F,ZP,LG,D
14:27:22,ICBP,RG,8625,8,F,CS,LG,D
14:27:22,ICBP,RG,8625,1,D,XC,LG,D
14:27:22,ICBP,RG,8625,7,F,ZP,LG,D
14:27:22,ICBP,RG,8625,20,D,KK,LG,D
14:27:22,ICBP,RG,8625,1,D,AT,LG,D
14:27:07,ICBP,RG,8625,9,D,AT,CS,D
14:27:07,ICBP,RG,8625,95,F,CC,CS,D
14:27:06,ICBP,RG,8625,5,F,CC,AK,D
14:27:06,ICBP,RG,8625,56,F,CC,AK,D
14:27:00,ICBP,RG,8625,44,F,CC,BK,D
14:27:00,ICBP,RG,8625,2,D,XC,BK,D
14:27:00,ICBP,RG,8625,12,D,XL,BK,D
14:26:51,ICBP,RG,8650,3,D,YB,PD,D
14:26:37,ICBP,RG,8625,8,D,XL,BK,D
14:26:37,ICBP,RG,8625,21,D,YP,BK,D
14:26:36,ICBP,RG,8625,52,D,YP,AZ,D
14:26:18,ICBP,RG,8650,2,D,DR,PD,D
14:26:17,ICBP,RG,8625,29,D,YP,BK,D
14:25:34,ICBP,RG,8650,1,D,YP,PD,D
14:25:32,ICBP,RG,8650,6,D,XC,PD,D
14:25:32,ICBP,RG,8650,4,D,XC,PD,D
14:25:32,ICBP,RG,8650,1,D,XC,PD,D
14:25:18,ICBP,RG,8625,13,D,YP,CS,D
14:25:18,ICBP,RG,8625,10,D,CC,CS,D
14:25:18,ICBP,RG,8625,2,D,CC,CS,D
14:25:18,ICBP,RG,8625,1,F,ZP,CS,D
14:25:18,ICBP,RG,8625,4,F,ZP,CS,D
14:25:18,ICBP,RG,8625,2,D,XC,CS,D
14:25:18,ICBP,RG,8625,11,F,CS,CS,D
14:25:18,ICBP,RG,8625,9,D,NI,CS,D
14:25:18,ICBP,RG,8625,1,D,NI,CS,D
14:25:18,ICBP,RG,8625,3,D,XL,CS,D
14:25:18,ICBP,RG,8625,25,D,XL,BK,D
14:25:18,ICBP,RG,8625,11,D,IF,BK,D
14:25:18,ICBP,RG,8625,1,D,KK,BK,D
14:25:18,ICBP,RG,8625,2,D,YP,BK,D
14:25:18,ICBP,RG,8625,5,D,AZ,BK,D
14:25:18,ICBP,RG,8625,1,D,NI,BK,D
14:25:18,ICBP,RG,8625,6,D,XC,BK,D
14:25:18,ICBP,RG,8625,2,F,ZP,BK,D
14:25:18,ICBP,RG,8625,5,D,AZ,BK,D
14:25:18,ICBP,RG,8625,22,D,OD,BK,D
14:25:17,ICBP,RG,8650,2,D,XL,PD,D
14:25:11,ICBP,RG,8625,29,D,OD,OD,D
14:25:08,ICBP,RG,8625,32,D,OD,BB,D
14:25:08,ICBP,RG,8625,63,F,AK,BB,D
14:25:08,ICBP,RG,8625,117,D,OD,BB,D
14:25:08,ICBP,RG,8625,7,F,ZP,BB,D
14:25:08,ICBP,RG,8625,53,F,CC,BB,D
14:25:02,ICBP,RG,8625,47,F,CC,PD,D
14:25:02,ICBP,RG,8625,13,F,ZP,PD,D
14:25:02,ICBP,RG,8625,21,D,CC,PD,D
14:25:02,ICBP,RG,8625,3,D,CC,PD,D
14:25:02,ICBP,RG,8625,1,D,PD,PD,D
14:25:02,ICBP,RG,8625,4,D,XC,PD,D
14:25:02,ICBP,RG,8625,1,D,LG,PD,D
14:25:02,ICBP,RG,8625,2,F,ZP,PD,D
14:25:02,ICBP,RG,8625,17,D,IF,PD,D
14:25:02,ICBP,RG,8625,5,F,CS,PD,D
14:25:02,ICBP,RG,8625,67,F,KZ,PD,D
14:25:02,ICBP,RG,8625,10,F,KZ,PD,D
14:24:56,ICBP,RG,8650,9,F,ZP,PD,D
14:24:49,ICBP,RG,8625,29,F,KZ,OD,D
14:24:49,ICBP,RG,8625,1,F,KZ,KZ,F
14:24:48,ICBP,RG,8625,35,F,KZ,BK,D
14:24:40,ICBP,RG,8625,2,F,KZ,KZ,F
14:24:40,ICBP,RG,8625,6,F,KZ,KZ,F
14:24:40,ICBP,RG,8625,2,F,KZ,KZ,F
14:24:40,ICBP,RG,8650,6,D,XC,PD,D
14:24:19,ICBP,RG,8625,140,F,KZ,CS,D
14:24:12,ICBP,RG,8650,10,F,ZP,PD,D
14:24:04,ICBP,RG,8625,54,F,KZ,BK,D
14:23:50,ICBP,RG,8625,1,F,KZ,PD,D
14:23:22,ICBP,RG,8625,50,F,KZ,BK,D
14:23:12,ICBP,RG,8625,29,F,KZ,OD,D
14:23:05,ICBP,RG,8625,22,F,KZ,OD,D
14:23:05,ICBP,RG,8625,7,D,YP,OD,D
14:22:50,ICBP,RG,8625,3,D,YP,BK,D
14:22:50,ICBP,RG,8625,2,D,XC,BK,D
14:22:50,ICBP,RG,8625,2,F,ZP,BK,D
14:22:50,ICBP,RG,8625,33,F,AK,BK,D
14:22:49,ICBP,RG,8625,1,F,AK,XC,D
14:22:40,ICBP,RG,8625,140,F,AK,BB,D
14:22:39,ICBP,RG,8625,16,F,AK,PP,D
14:22:39,ICBP,RG,8625,14,D,YB,PP,D
14:22:25,ICBP,RG,8625,2,D,YB,YP,D
14:22:05,ICBP,RG,8625,20,D,YB,PP,D
14:21:57,ICBP,RG,8650,2,D,XC,PD,D
14:21:35,ICBP,RG,8625,64,D,YB,CS,D
14:21:35,ICBP,RG,8625,28,F,CC,CS,D
14:21:35,ICBP,RG,8625,1,D,YP,CS,D
14:21:35,ICBP,RG,8625,25,D,YJ,CS,D
14:21:35,ICBP,RG,8625,2,F,ZP,CS,D
14:21:35,ICBP,RG,8625,11,F,CC,CS,D
14:21:24,ICBP,RG,8650,1,D,XL,PD,D
14:21:03,ICBP,RG,8625,3,F,CC,KZ,F
14:21:03,ICBP,RG,8625,1,F,CC,KZ,F
14:21:03,ICBP,RG,8625,1,F,CC,KZ,F
14:21:03,ICBP,RG,8625,1,F,CC,KZ,F
14:21:03,ICBP,RG,8625,4,F,CC,KZ,F
14:21:03,ICBP,RG,8625,6,F,CC,KZ,F
14:21:03,ICBP,RG,8650,1,D,PD,PD,D
14:21:01,ICBP,RG,8625,73,F,CC,BB,D
14:21:01,ICBP,RG,8625,5,D,EP,BB,D
14:21:01,ICBP,RG,8625,8,F,CS,BB,D
14:21:01,ICBP,RG,8625,2,D,XC,BB,D
14:21:01,ICBP,RG,8625,3,F,ZP,BB,D
14:21:01,ICBP,RG,8625,2,D,XL,BB,D
14:21:01,ICBP,RG,8625,10,D,CC,BB,D
14:21:01,ICBP,RG,8625,63,F,AK,BB,D
14:21:01,ICBP,RG,8625,27,D,OD,BB,D
14:20:44,ICBP,RG,8650,1,F,ZP,PD,D
14:20:41,ICBP,RG,8625,17,D,OD,YP,D
14:20:26,ICBP,RG,8650,1,D,XC,PD,D
14:20:21,ICBP,RG,8650,5,F,ZP,PD,D
14:19:48,ICBP,RG,8650,1,D,KK,PD,D
14:19:32,ICBP,RG,8625,5,D,OD,AR,D
14:18:54,ICBP,RG,8625,37,D,OD,CS,D
14:18:54,ICBP,RG,8625,85,D,OD,CS,D
14:18:11,ICBP,RG,8650,2,D,XC,PD,D
14:17:51,ICBP,RG,8625,33,D,OD,AK,D
14:17:51,ICBP,RG,8625,2,F,ZP,AK,D
14:17:51,ICBP,RG,8625,2,D,XL,AK,D
14:17:51,ICBP,RG,8625,28,D,PD,AK,D
14:17:44,ICBP,RG,8625,1,D,PD,LG,D
14:17:13,ICBP,RG,8625,4,D,PD,PD,D
14:16:58,ICBP,RG,8625,1,D,PD,KZ,F
14:16:56,ICBP,RG,8625,16,D,PD,PD,D
14:16:56,ICBP,RG,8625,1,D,LG,PD,D
14:16:56,ICBP,RG,8625,12,F,ZP,PD,D
14:16:56,ICBP,RG,8625,8,F,CS,PD,D
14:16:56,ICBP,RG,8625,44,F,CC,PD,D
14:16:56,ICBP,RG,8625,100,F,CC,PD,D
14:16:56,ICBP,RG,8625,6,F,CC,PD,D
14:16:56,ICBP,RG,8625,2,D,NI,PD,D
14:16:56,ICBP,RG,8625,1,D,CC,PD,D
14:16:56,ICBP,RG,8625,1,D,PD,PD,D
14:16:56,ICBP,RG,8625,10,D,LG,PD,D
14:16:56,ICBP,RG,8625,1,D,BQ,PD,D
14:16:56,ICBP,RG,8625,3,D,LG,PD,D
14:16:56,ICBP,RG,8625,116,F,KZ,PD,D
14:16:56,ICBP,RG,8625,4,F,KZ,PD,D
14:16:56,ICBP,RG,8625,6,F,KZ,PD,D
14:16:56,ICBP,RG,8625,40,F,KZ,PD,D
14:16:56,ICBP,RG,8625,5,F,KZ,PD,D
14:16:56,ICBP,RG,8625,33,F,KZ,PD,D
14:16:56,ICBP,RG,8625,3,F,KZ,PD,D
14:16:56,ICBP,RG,8625,1,F,KZ,PD,D
14:16:56,ICBP,RG,8625,22,F,KZ,PD,D
14:16:56,ICBP,RG,8625,15,F,KZ,PD,D
14:16:46,ICBP,RG,8625,1,F,KZ,KZ,F
14:16:14,ICBP,RG,8625,101,F,KZ,CS,D
14:15:50,ICBP,RG,8625,2,F,KZ,BQ,D
14:15:18,ICBP,RG,8625,10,F,KZ,AG,D
14:15:10,ICBP,RG,8625,25,F,KZ,DR,D
14:14:58,ICBP,RG,8625,6,F,KZ,NI,D
14:14:22,ICBP,RG,8625,10,F,KZ,YP,D
14:14:16,ICBP,RG,8625,20,F,KZ,YP,D
14:14:13,ICBP,RG,8625,24,F,KZ,LG,D
14:14:13,ICBP,RG,8625,56,F,CC,LG,D
14:14:13,ICBP,RG,8625,20,F,CS,LG,D
14:14:06,ICBP,RG,8625,15,F,CS,LG,D
14:14:06,ICBP,RG,8650,1,D,PD,PD,D
14:14:01,ICBP,RG,8625,20,F,CS,LG,D
14:13:58,ICBP,RG,8625,6,F,CS,DH,D
14:13:57,ICBP,RG,8625,120,F,CS,CS,D
14:13:57,ICBP,RG,8625,1,D,CC,CS,D
14:13:57,ICBP,RG,8625,9,F,CS,LG,D
14:13:57,ICBP,RG,8625,1,D,XC,LG,D
14:13:57,ICBP,RG,8625,1,F,ZP,LG,D
14:13:57,ICBP,RG,8625,1,D,NI,LG,D
14:13:57,ICBP,RG,8625,118,D,OD,LG,D
14:13:57,ICBP,RG,8625,1,F,ZP,LG,D
14:13:57,ICBP,RG,8625,1,D,XL,LG,D
14:13:57,ICBP,RG,8625,5,D,GR,LG,D
14:13:57,ICBP,RG,8625,8,F,CS,LG,D
14:13:57,ICBP,RG,8625,1,F,ZP,LG,D
14:13:57,ICBP,RG,8625,4,F,AK,LG,D
14:13:47,ICBP,RG,8650,1,D,XL,PD,D
14:13:47,ICBP,RG,8625,30,F,AK,BB,D
14:13:47,ICBP,RG,8625,1,F,ZP,BB,D
14:13:47,ICBP,RG,8625,3,D,NI,BB,D
14:13:47,ICBP,RG,8625,1,D,PD,BB,D
14:13:47,ICBP,RG,8625,1,D,YP,BB,D
14:13:47,ICBP,RG,8625,29,F,CC,BB,D
14:13:30,ICBP,RG,8625,30,F,CC,PP,D
14:13:06,ICBP,RG,8625,3,F,CC,BB,D
14:12:58,ICBP,RG,8625,10,F,CC,YP,D
14:12:16,ICBP,RG,8625,20,F,CC,PP,D
14:11:55,ICBP,RG,8650,10,D,BQ,PD,D
14:11:33,ICBP,RG,8650,3,D,PD,PD,D
14:11:33,ICBP,RG,8650,1,D,PD,PD,D
14:11:33,ICBP,RG,8650,2,D,PD,PD,D
14:11:33,ICBP,RG,8650,2,D,PD,PD,D
14:11:33,ICBP,RG,8650,1,D,PD,PD,D
14:11:00,ICBP,RG,8650,11,F,CC,PD,D
14:11:00,ICBP,RG,8650,15,F,CC,PD,D
14:11:00,ICBP,RG,8650,1,F,CC,PD,D
14:11:00,ICBP,RG,8650,8,F,CC,PD,D
14:11:00,ICBP,RG,8650,6,F,CC,PD,D
14:11:00,ICBP,RG,8650,38,F,CC,AN,D
14:11:00,ICBP,RG,8650,43,F,CC,BB,D
14:09:52,ICBP,RG,8650,1,D,IF,BB,D
14:09:50,ICBP,RG,8625,2,F,CC,XC,D
14:09:47,ICBP,RG,8625,18,F,CC,YP,D
14:09:42,ICBP,RG,8625,2,F,CC,YP,D
14:09:31,ICBP,RG,8625,4,F,CC,PD,D
14:09:31,ICBP,RG,8625,130,F,CC,PD,D
14:09:31,ICBP,RG,8625,81,F,CC,PD,D
14:09:31,ICBP,RG,8625,100,F,CC,PD,D
14:09:31,ICBP,RG,8625,5,F,CC,PD,D
14:09:31,ICBP,RG,8625,10,F,CC,PD,D
14:09:31,ICBP,RG,8625,6,F,CC,PD,D
14:09:31,ICBP,RG,8625,33,F,CC,PD,D
14:09:31,ICBP,RG,8625,3,F,CC,PD,D
14:09:31,ICBP,RG,8625,40,F,CC,PD,D
14:09:31,ICBP,RG,8625,1,F,CC,PD,D
14:09:31,ICBP,RG,8625,22,F,CC,PD,D
14:09:31,ICBP,RG,8625,15,F,CC,PD,D
14:09:24,ICBP,RG,8625,2,F,CC,YP,D
14:09:21,ICBP,RG,8625,25,F,CC,DX,D
14:08:34,ICBP,RG,8625,10,F,CC,YP,D
14:08:25,ICBP,RG,8625,8,F,CC,XL,D
14:08:23,ICBP,RG,8650,3,D,XC,BB,D
14:08:07,ICBP,RG,8650,1,D,CC,BB,D
14:08:04,ICBP,RG,8650,1,D,XC,BB,D
14:07:49,ICBP,RG,8650,1,D,XL,BB,D
14:07:47,ICBP,RG,8650,1,D,XC,BB,D
14:07:47,ICBP,RG,8625,2,F,CC,YP,D
14:07:16,ICBP,RG,8650,10,D,CC,BB,D
14:07:10,ICBP,RG,8650,2,D,XC,BB,D
14:07:00,ICBP,RG,8650,1,D,NI,BB,D
14:06:54,ICBP,RG,8625,1,F,CC,XL,D
14:06:30,ICBP,RG,8650,10,D,PD,BB,D
14:06:10,ICBP,RG,8625,2,F,CC,AZ,D
14:05:35,ICBP,RG,8625,4,F,CC,XC,D
14:05:35,ICBP,RG,8625,1,F,ZP,XC,D
14:05:35,ICBP,RG,8625,1,D,YP,XC,D
14:05:21,ICBP,RG,8650,7,D,OD,BB,D
14:05:21,ICBP,RG,8650,50,D,OD,BB,D
14:05:21,ICBP,RG,8650,29,D,OD,BB,D
14:05:14,ICBP,RG,8625,6,F,AK,BK,D
14:05:14,ICBP,RG,8625,4,F,AK,BK,D
14:05:14,ICBP,RG,8625,3,F,AK,GR,D
14:05:14,ICBP,RG,8625,13,F,AK,AK,D
14:05:14,ICBP,RG,8625,11,F,AK,BB,D
14:05:14,ICBP,RG,8625,1,F,AK,KZ,F
14:05:14,ICBP,RG,8625,2,D,YP,KZ,F
14:05:14,ICBP,RG,8625,1,D,YP,KZ,F
14:05:14,ICBP,RG,8625,4,D,YP,CS,D
14:05:14,ICBP,RG,8625,24,D,YP,CS,D
14:05:14,ICBP,RG,8625,3,D,YP,BB,D
14:05:14,ICBP,RG,8625,23,D,YP,PD,D
14:04:55,ICBP,RG,8625,1,D,BQ,PD,D
14:04:46,ICBP,RG,8625,1,F,ZP,PD,D
14:04:46,ICBP,RG,8625,1,F,ZP,PD,D
14:04:46,ICBP,RG,8625,1,D,GR,PD,D
14:04:46,ICBP,RG,8625,1,F,ZP,PD,D
14:04:46,ICBP,RG,8625,1,D,XC,PD,D
14:04:46,ICBP,RG,8625,20,F,CC,PD,D
14:04:46,ICBP,RG,8625,10,F,CC,PD,D
14:04:46,ICBP,RG,8625,1,F,CS,PD,D
14:04:46,ICBP,RG,8625,3,F,CS,PD,D
14:04:46,ICBP,RG,8625,42,D,LG,PD,D
14:04:46,ICBP,RG,8625,6,D,LG,PD,D
14:04:46,ICBP,RG,8625,72,D,LG,PD,D
14:04:46,ICBP,RG,8625,2,D,LG,PD,D
14:04:46,ICBP,RG,8625,3,D,LG,PD,D
14:04:46,ICBP,RG,8625,2,D,LG,PD,D
14:04:46,ICBP,RG,8625,15,D,LG,PD,D
14:04:46,ICBP,RG,8625,19,D,LG,PD,D
14:04:46,ICBP,RG,8625,1,D,LG,PD,D
14:04:46,ICBP,RG,8625,1,D,LG,PD,D
14:04:46,ICBP,RG,8625,11,D,LG,PD,D
14:04:46,ICBP,RG,8625,7,D,LG,PD,D
14:04:45,ICBP,RG,8625,9,D,LG,CC,D
14:04:40,ICBP,RG,8625,10,D,LG,NI,D
14:04:40,ICBP,RG,8625,2,F,CC,NI,D
14:04:26,ICBP,RG,8625,2,F,CC,YP,D
14:03:56,ICBP,RG,8650,4,D,DH,BB,D
14:03:56,ICBP,RG,8650,2,D,DH,ZP,D
14:03:56,ICBP,RG,8650,5,D,DH,OD,D
14:03:56,ICBP,RG,8650,1,D,DH,PD,D
14:03:56,ICBP,RG,8650,5,D,DH,AG,D
14:03:56,ICBP,RG,8650,10,D,DH,DH,D
14:03:56,ICBP,RG,8650,1,D,DH,NI,D
14:03:56,ICBP,RG,8650,1,D,DH,KZ,F
14:03:56,ICBP,RG,8650,6,D,DH,PD,D
14:03:56,ICBP,RG,8650,5,D,DH,CC,D
14:03:56,ICBP,RG,8650,1,D,DH,YP,D
14:03:56,ICBP,RG,8650,1,D,DH,YP,D
14:03:56,ICBP,RG,8650,2,D,DH,XA,D
14:03:56,ICBP,RG,8650,1,D,DH,AZ,D
14:03:56,ICBP,RG,8650,10,D,DH,DR,D
14:03:56,ICBP,RG,8650,29,D,DH,OD,D
14:03:56,ICBP,RG,8650,1,D,DH,YP,D
14:03:56,ICBP,RG,8650,5,D,DH,EP,D
14:03:56,ICBP,RG,8650,2,D,DH,YP,D
14:03:56,ICBP,RG,8650,3,D,DH,BQ,D
14:03:56,ICBP,RG,8650,1,D,DH,YP,D
14:03:56,ICBP,RG,8650,1,D,DH,DH,D
14:03:56,ICBP,RG,8650,3,D,DH,CC,D
14:03:51,ICBP,RG,8650,1,D,PD,CC,D
14:03:51,ICBP,RG,8625,1,F,ZP,LS,D
14:03:51,ICBP,RG,8625,2,D,YP,LS,D
14:03:51,ICBP,RG,8625,1,F,ZP,LS,D
14:03:51,ICBP,RG,8625,1,F,ZP,LS,D
14:03:51,ICBP,RG,8625,10,D,YP,LS,D
14:03:51,ICBP,RG,8625,10,D,PD,LS,D
14:03:51,ICBP,RG,8625,2,F,CS,LS,D
14:03:51,ICBP,RG,8625,1,F,CS,LS,D
14:03:51,ICBP,RG,8625,118,D,OD,LS,D
14:03:51,ICBP,RG,8625,5,D,YP,LS,D
14:03:51,ICBP,RG,8625,1,F,ZP,LS,D
14:03:51,ICBP,RG,8625,4,D,XC,LS,D
14:03:51,ICBP,RG,8625,87,F,CC,LS,D
14:03:51,ICBP,RG,8625,60,F,CC,LS,D
14:03:51,ICBP,RG,8625,3,F,CS,LS,D
14:03:51,ICBP,RG,8625,78,F,KZ,LS,D
14:03:45,ICBP,RG,8650,1,D,BQ,CC,D
14:03:43,ICBP,RG,8625,2,F,KZ,YP,D
14:03:15,ICBP,RG,8650,4,D,PD,YP,D
14:02:52,ICBP,RG,8625,1,F,KZ,YP,D
14:02:35,ICBP,RG,8650,2,D,PD,CC,D
14:02:29,ICBP,RG,8625,20,F,KZ,PP,D
14:02:04,ICBP,RG,8625,15,F,KZ,AK,D
14:02:04,ICBP,RG,8625,68,F,KZ,CS,D
14:02:04,ICBP,RG,8625,59,F,KZ,PD,D
14:02:04,ICBP,RG,8625,7,F,KZ,PD,D
14:02:04,ICBP,RG,8625,61,F,KZ,PD,D
14:02:01,ICBP,RG,8625,7,D,PD,PD,D
14:01:51,ICBP,RG,8625,3,F,CS,PD,D
14:01:51,ICBP,RG,8625,1,D,YP,PD,D
14:01:51,ICBP,RG,8625,82,D,OD,PD,D
14:01:51,ICBP,RG,8625,2,D,OD,PD,D
14:01:51,ICBP,RG,8625,2,D,OD,PD,D
14:01:51,ICBP,RG,8625,1,F,CC,PD,D
14:01:51,ICBP,RG,8625,3,F,CC,PD,D
14:01:50,ICBP,RG,8625,18,F,CC,PD,D
14:01:50,ICBP,RG,8625,22,F,CC,PD,D
14:01:50,ICBP,RG,8625,2,F,CC,PD,D
14:01:50,ICBP,RG,8625,1,F,CC,PD,D
14:01:50,ICBP,RG,8625,13,F,CC,PD,D
14:01:50,ICBP,RG,8625,2,F,CC,PD,D
14:01:50,ICBP,RG,8625,7,F,ZP,PD,D
14:01:36,ICBP,RG,8625,10,F,AK,PD,D
14:01:36,ICBP,RG,8625,64,F,AK,CS,D
14:01:36,ICBP,RG,8625,12,F,AK,AK,D
14:01:36,ICBP,RG,8625,3,F,AK,CS,D
14:01:36,ICBP,RG,8625,4,F,AK,BB,D
14:01:36,ICBP,RG,8625,1,F,AK,KZ,F
14:01:36,ICBP,RG,8625,78,F,AK,PD,D
14:01:36,ICBP,RG,8625,26,F,AK,PD,D
14:01:36,ICBP,RG,8625,65,F,AK,PD,D
14:01:36,ICBP,RG,8625,9,F,AK,PD,D
14:01:36,ICBP,RG,8625,115,F,AK,PD,D
14:01:36,ICBP,RG,8625,3,F,AK,PD,D
14:01:36,ICBP,RG,8625,4,F,AK,PD,D
14:01:36,ICBP,RG,8625,4,F,AK,PD,D
14:01:36,ICBP,RG,8625,25,F,AK,PD,D
14:01:36,ICBP,RG,8625,30,F,AK,PD,D
14:01:36,ICBP,RG,8625,3,F,AK,PD,D
14:01:36,ICBP,RG,8625,1,F,AK,PD,D
14:01:36,ICBP,RG,8625,17,F,AK,PD,D
14:01:36,ICBP,RG,8625,12,F,AK,PD,D
14:01:36,ICBP,RG,8625,38,F,AK,BB,D
14:01:36,ICBP,RG,8625,1,F,AK,KZ,F
14:01:36,ICBP,RG,8625,12,F,AK,AK,D
14:01:36,ICBP,RG,8625,20,F,AK,BB,D
14:01:36,ICBP,RG,8625,6,F,AK,CC,D
14:01:36,ICBP,RG,8625,20,F,AK,CC,D
14:01:36,ICBP,RG,8625,1,F,AK,YP,D
14:01:36,ICBP,RG,8625,29,F,AK,OD,D
14:01:36,ICBP,RG,8625,85,F,AK,PP,D
14:01:36,ICBP,RG,8625,50,D,OD,PP,D
14:01:36,ICBP,RG,8625,1,D,OD,YP,D
14:01:36,ICBP,RG,8625,10,D,OD,XA,D
14:01:36,ICBP,RG,8625,1,D,OD,AZ,D
14:01:36,ICBP,RG,8625,56,D,OD,CC,D
14:01:26,ICBP,RG,8625,86,D,OD,CC,D
14:01:25,ICBP,RG,8625,1,D,PD,CC,D
14:00:33,ICBP,RG,8600,1,F,CC,XC,D
14:00:25,ICBP,RG,8625,57,F,CC,CC,D
14:00:25,ICBP,RG,8625,2,F,CC,YP,D
14:00:25,ICBP,RG,8625,5,F,CC,GR,D
14:00:25,ICBP,RG,8625,5,F,CC,EP,D
14:00:25,ICBP,RG,8625,31,F,CC,YU,D
14:00:01,ICBP,RG,8625,100,F,CC,YU,D
13:59:56,ICBP,RG,8600,10,F,CC,YP,D
13:59:31,ICBP,RG,8600,1,F,CC,AT,D
13:59:31,ICBP,RG,8625,1,D,LG,YU,D
13:59:28,ICBP,RG,8600,16,F,CC,SQ,D
13:59:28,ICBP,RG,8600,33,F,CS,SQ,D
13:59:03,ICBP,RG,8600,1,F,CS,YP,D
13:58:52,ICBP,RG,8600,2,F,CS,XL,D
13:58:14,ICBP,RG,8600,38,F,CS,PD,D
13:58:14,ICBP,RG,8600,4,F,CS,PD,D
13:58:14,ICBP,RG,8600,43,F,CS,PD,D
13:58:14,ICBP,RG,8600,55,F,CS,PD,D
13:58:14,ICBP,RG,8600,1,F,CS,PD,D
13:58:14,ICBP,RG,8600,2,F,CS,PD,D
13:58:14,ICBP,RG,8600,2,F,ZP,PD,D
13:58:14,ICBP,RG,8600,1,F,ZP,PD,D
13:58:14,ICBP,RG,8600,11,F,ZP,PD,D
13:58:14,ICBP,RG,8600,2,F,CS,PD,D
13:58:14,ICBP,RG,8600,2,F,CS,PD,D
13:58:14,ICBP,RG,8600,14,F,AK,PD,D
13:58:14,ICBP,RG,8600,1,F,AK,PD,D
13:58:14,ICBP,RG,8600,9,F,AK,PD,D
13:58:14,ICBP,RG,8600,3,F,AK,PD,D
13:58:14,ICBP,RG,8600,3,F,CS,PD,D
13:58:04,ICBP,RG,8600,2,F,AK,YP,D
13:58:04,ICBP,RG,8600,6,F,AK,BB,D
13:58:04,ICBP,RG,8600,1,F,AK,OD,D
13:58:04,ICBP,RG,8600,33,F,AK,BB,D
13:58:04,ICBP,RG,8600,1,F,AK,KZ,F
13:58:04,ICBP,RG,8600,1,F,AK,NI,D
13:58:04,ICBP,RG,8600,2,F,AK,ZP,D
13:58:04,ICBP,RG,8600,3,F,AK,XC,D
13:58:04,ICBP,RG,8600,1,F,AK,XC,D
13:58:04,ICBP,RG,8600,250,F,AK,LG,D
13:58:04,ICBP,RG,8600,29,F,AK,OD,D
13:58:04,ICBP,RG,8600,102,F,AK,PD,D
13:58:04,ICBP,RG,8600,19,F,AK,PD,D
13:58:04,ICBP,RG,8600,98,F,KZ,PD,D
13:58:04,ICBP,RG,8600,12,F,KZ,PD,D
13:58:04,ICBP,RG,8600,132,F,KZ,PD,D
13:58:04,ICBP,RG,8600,3,F,KZ,PD,D
13:58:04,ICBP,RG,8600,6,F,KZ,PD,D
13:58:04,ICBP,RG,8600,5,F,KZ,PD,D
13:58:04,ICBP,RG,8600,33,F,KZ,PD,D
13:58:04,ICBP,RG,8600,40,F,KZ,PD,D
13:58:04,ICBP,RG,8600,3,F,KZ,PD,D
13:58:04,ICBP,RG,8600,2,F,KZ,PD,D
13:58:04,ICBP,RG,8600,9,F,KZ,PD,D
13:58:04,ICBP,RG,8600,14,D,OD,PD,D
13:58:04,ICBP,RG,8600,16,D,OD,PD,D
13:58:04,ICBP,RG,8600,88,D,OD,LG,D
13:57:40,ICBP,RG,8600,66,F,BK,LG,D
13:57:39,ICBP,RG,8600,74,F,AK,LG,D
13:57:38,ICBP,RG,8600,47,F,BK,LG,D
13:57:38,ICBP,RG,8600,20,F,BK,LG,D
13:57:38,ICBP,RG,8600,4,F,BK,BQ,D
13:57:38,ICBP,RG,8600,131,F,BK,PP,D
13:57:38,ICBP,RG,8600,50,F,BK,PP,D
13:57:38,ICBP,RG,8600,2,F,BK,YP,D
13:57:35,ICBP,RG,8575,101,F,AK,BK,D
13:57:35,ICBP,RG,8575,5,F,AK,CS,D
13:57:35,ICBP,RG,8575,2,F,AK,KZ,F
13:57:35,ICBP,RG,8575,5,F,AK,XC,D
13:57:35,ICBP,RG,8575,7,F,AK,KZ,F
13:57:35,ICBP,RG,8575,173,F,AK,CS,D
13:57:35,ICBP,RG,8575,72,F,AK,BK,D
13:57:35,ICBP,RG,8575,13,F,AK,AK,D
13:57:35,ICBP,RG,8575,70,F,AK,LG,D
13:57:35,ICBP,RG,8575,80,F,BK,LG,D
13:57:35,ICBP,RG,8575,6,F,BK,XC,D
13:57:35,ICBP,RG,8575,3,F,BK,KZ,F
13:57:35,ICBP,RG,8575,237,F,BK,BB,D
13:57:35,ICBP,RG,8575,103,F,AK,BB,D
13:57:35,ICBP,RG,8575,244,F,AK,BB,D
13:57:35,ICBP,RG,8575,1,F,AK,KZ,F
13:57:35,ICBP,RG,8575,74,F,AK,BK,D
13:57:35,ICBP,RG,8575,4,F,AK,CS,D
13:57:35,ICBP,RG,8575,74,F,AK,BB,D
13:57:35,ICBP,RG,8575,187,F,AK,BB,D
13:57:35,ICBP,RG,8575,2,F,AK,ZP,D
13:57:35,ICBP,RG,8575,62,F,AK,BK,D
13:57:35,ICBP,RG,8575,1,F,AK,KZ,F
13:57:35,ICBP,RG,8575,219,F,AK,BB,D
13:57:35,ICBP,RG,8575,29,F,AK,BK,D
13:57:34,ICBP,RG,8575,39,F,AK,BK,D
13:57:34,ICBP,RG,8575,5,F,AK,CS,D
13:57:34,ICBP,RG,8575,1,F,AK,CS,D
13:57:34,ICBP,RG,8575,8,F,AK,CS,D
13:57:34,ICBP,RG,8575,2,F,AK,CS,D
13:57:34,ICBP,RG,8575,2,F,AK,YP,D
13:57:34,ICBP,RG,8575,2,F,AK,CS,D
13:57:34,ICBP,RG,8575,47,F,AK,CS,D
13:57:34,ICBP,RG,8575,2,F,AK,CS,D
13:57:34,ICBP,RG,8575,67,F,AK,BB,D
13:57:34,ICBP,RG,8575,129,F,AK,BK,D
13:57:34,ICBP,RG,8575,95,F,AK,PD,D
13:57:34,ICBP,RG,8575,101,F,AK,PD,D
13:57:34,ICBP,RG,8575,8,F,AK,PD,D
13:57:34,ICBP,RG,8575,11,F,AK,PD,D
13:57:34,ICBP,RG,8575,20,F,AK,PD,D
13:57:34,ICBP,RG,8575,35,F,AK,PD,D
13:57:34,ICBP,RG,8575,84,F,AK,PD,D
13:57:34,ICBP,RG,8575,4,F,AK,PD,D
13:57:34,ICBP,RG,8575,6,F,AK,PD,D
13:57:34,ICBP,RG,8575,95,F,AK,CS,D
13:57:34,ICBP,RG,8575,6,F,AK,PD,D
13:57:34,ICBP,RG,8575,35,F,AK,PD,D
13:57:34,ICBP,RG,8575,42,F,AK,PD,D
13:57:34,ICBP,RG,8575,4,F,AK,PD,D
13:57:34,ICBP,RG,8575,20,F,AK,CS,D
13:57:34,ICBP,RG,8575,27,F,AK,CS,D
13:57:34,ICBP,RG,8575,2,F,AK,PD,D
13:57:34,ICBP,RG,8575,24,F,AK,PD,D
13:57:34,ICBP,RG,8575,17,F,AK,PD,D
13:57:34,ICBP,RG,8575,4,F,AK,KZ,F
13:57:34,ICBP,RG,8575,5,F,AK,BB,D
13:57:34,ICBP,RG,8575,29,F,AK,OD,D
13:57:34,ICBP,RG,8575,1,F,AK,XC,D
13:57:34,ICBP,RG,8575,1,F,AK,CS,D
13:57:34,ICBP,RG,8575,3,F,AK,CS,D
13:57:34,ICBP,RG,8575,18,F,AK,AK,D
13:57:34,ICBP,RG,8575,73,F,AK,BK,D
13:57:34,ICBP,RG,8575,118,D,OD,BK,D
13:57:33,ICBP,RG,8575,1,D,YP,BK,D
13:57:20,ICBP,RG,8550,131,D,LS,PP,D
13:57:14,ICBP,RG,8575,1,D,PD,BK,D
13:56:56,ICBP,RG,8575,2,D,XL,BK,D
13:56:43,ICBP,RG,8550,206,D,LS,CS,D
13:56:27,ICBP,RG,8575,15,D,YP,BK,D
13:56:15,ICBP,RG,8575,1,D,XC,BK,D
13:56:13,ICBP,RG,8575,14,D,XC,BK,D
13:56:12,ICBP,RG,8550,3,D,LS,EP,D
13:56:07,ICBP,RG,8575,5,F,CC,BK,D
13:55:49,ICBP,RG,8575,3,D,YP,BK,D
13:55:45,ICBP,RG,8575,1,D,XC,BK,D
13:55:45,ICBP,RG,8550,44,D,LS,AK,D
13:55:45,ICBP,RG,8550,1,D,YP,AK,D
13:55:45,ICBP,RG,8550,5,D,XL,AK,D
13:55:45,ICBP,RG,8550,1,D,YP,AK,D
13:55:45,ICBP,RG,8550,20,D,KK,AK,D
13:55:45,ICBP,RG,8550,2,D,CC,AK,D
13:55:22,ICBP,RG,8575,1,D,NI,BK,D
13:55:20,ICBP,RG,8550,3,D,EP,LG,D
13:55:20,ICBP,RG,8550,11,D,CC,LG,D
13:55:20,ICBP,RG,8550,1,D,CC,LG,D
13:55:19,ICBP,RG,8575,4,D,XC,BK,D
13:55:16,ICBP,RG,8550,10,D,CC,PP,D
13:55:16,ICBP,RG,8550,1,D,PD,PP,D
13:55:16,ICBP,RG,8550,1,D,NI,PP,D
13:55:16,ICBP,RG,8550,2,D,KK,PP,D
13:55:16,ICBP,RG,8550,1,D,YP,PP,D
13:55:16,ICBP,RG,8550,1,D,YP,PP,D
13:55:16,ICBP,RG,8550,3,D,XL,PP,D
13:55:16,ICBP,RG,8550,2,D,LG,PP,D
13:55:16,ICBP,RG,8550,9,F,BK,PP,D
13:55:15,ICBP,RG,8550,15,F,BK,LG,D
13:55:07,ICBP,RG,8575,15,F,CC,BK,D
13:55:07,ICBP,RG,8575,11,F,CC,CS,D
13:54:57,ICBP,RG,8575,3,F,CC,CS,D
13:54:57,ICBP,RG,8575,4,F,CC,KZ,F
13:54:50,ICBP,RG,8575,1,D,XL,KZ,F
13:54:50,ICBP,RG,8550,20,F,BK,PP,D
13:54:37,ICBP,RG,8550,24,F,BK,XC,D
13:54:33,ICBP,RG,8575,1,D,YP,KZ,F
13:54:00,ICBP,RG,8550,14,F,BK,AK,D
13:53:04,ICBP,RG,8550,4,F,BK,CC,D
13:52:47,ICBP,RG,8550,12,F,BK,EP,D
13:51:55,ICBP,RG,8550,1,F,BK,XC,D
13:51:44,ICBP,RG,8550,1,F,BK,XC,D
13:51:44,ICBP,RG,8575,1,D,PD,KZ,F
13:51:39,ICBP,RG,8550,132,F,BK,BB,D
13:51:31,ICBP,RG,8575,1,D,CC,KZ,F
13:51:27,ICBP,RG,8575,1,D,PD,KZ,F
13:51:18,ICBP,RG,8575,1,D,PD,BB,D
13:51:18,ICBP,RG,8575,4,D,DH,BB,D
13:51:14,ICBP,RG,8550,89,F,BK,BB,D
13:50:45,ICBP,RG,8575,6,D,XC,AK,F
13:50:45,ICBP,RG,8575,6,F,ZP,AK,F
13:50:45,ICBP,RG,8575,1,D,XL,AK,F
13:50:45,ICBP,RG,8575,3,D,GR,AK,F
13:50:45,ICBP,RG,8575,1,D,GR,AK,F
13:50:45,ICBP,RG,8575,2,D,XC,AK,F
13:50:45,ICBP,RG,8575,10,F,CS,AK,F
13:50:45,ICBP,RG,8575,3,D,KK,AK,F
13:50:45,ICBP,RG,8575,2,D,YP,AK,F
13:50:45,ICBP,RG,8575,1,D,XC,AK,F
13:50:45,ICBP,RG,8575,1,D,XL,AK,F
13:50:45,ICBP,RG,8575,1,D,XC,AK,F
13:50:45,ICBP,RG,8575,1,D,XC,AK,F
13:50:45,ICBP,RG,8575,12,D,XL,AK,F
13:50:45,ICBP,RG,8575,1,D,YP,AK,F
13:50:45,ICBP,RG,8575,10,D,AZ,AK,F
13:50:45,ICBP,RG,8575,7,F,CC,AK,F
13:50:45,ICBP,RG,8575,1,F,ZP,AK,F
13:50:45,ICBP,RG,8575,32,F,AK,AK,F
13:50:45,ICBP,RG,8575,1,F,ZP,AK,F
13:50:45,ICBP,RG,8575,29,F,CC,AK,F
13:50:45,ICBP,RG,8575,1,D,SQ,AK,F
13:50:45,ICBP,RG,8575,2,D,YJ,AK,F
13:50:45,ICBP,RG,8575,1,F,ZP,AK,F
13:50:45,ICBP,RG,8575,10,D,XC,AK,F
13:50:45,ICBP,RG,8575,15,D,XC,AK,F
13:50:45,ICBP,RG,8575,29,F,CS,CS,D
13:50:45,ICBP,RG,8575,112,F,CS,PD,D
13:50:45,ICBP,RG,8575,20,F,KZ,PD,D
13:50:45,ICBP,RG,8575,151,F,KZ,PD,D
13:50:45,ICBP,RG,8575,16,F,KZ,PD,D
13:50:40,ICBP,RG,8575,3,F,KZ,BQ,D
13:50:39,ICBP,RG,8575,1,F,KZ,CC,D
13:50:33,ICBP,RG,8600,9,D,XC,BK,D
13:50:32,ICBP,RG,8575,81,F,KZ,PD,D
13:50:32,ICBP,RG,8575,93,F,KZ,PD,D
13:50:32,ICBP,RG,8575,10,F,KZ,PD,D
13:50:32,ICBP,RG,8575,50,F,KZ,PD,D
13:50:32,ICBP,RG,8575,1,F,ZP,PD,D
13:50:32,ICBP,RG,8575,5,D,AR,PD,D
13:50:32,ICBP,RG,8575,1,D,XC,PD,D
13:50:32,ICBP,RG,8575,2,D,PD,PD,D
13:50:32,ICBP,RG,8575,1,D,XL,PD,D
13:50:32,ICBP,RG,8575,3,D,CC,PD,D
13:50:32,ICBP,RG,8575,10,D,LG,PD,D
13:50:32,ICBP,RG,8575,4,D,YP,PD,D
13:50:32,ICBP,RG,8575,1,D,YP,PD,D
13:50:32,ICBP,RG,8575,2,D,PD,PD,D
13:50:32,ICBP,RG,8575,5,D,YP,PD,D
13:50:32,ICBP,RG,8575,4,D,XC,PD,D
13:50:32,ICBP,RG,8575,1,D,NI,PD,D
13:50:32,ICBP,RG,8575,1,D,XL,PD,D
13:50:32,ICBP,RG,8575,2,D,KK,PD,D
13:50:32,ICBP,RG,8575,1,D,YP,PD,D
13:50:32,ICBP,RG,8575,11,D,YB,PD,D
13:50:32,ICBP,RG,8575,3,D,YB,PD,D
13:50:32,ICBP,RG,8575,4,D,YB,PD,D
13:50:32,ICBP,RG,8575,4,D,YB,PD,D
13:50:32,ICBP,RG,8575,26,D,YB,PD,D
13:50:32,ICBP,RG,8575,32,D,YB,PD,D
13:50:32,ICBP,RG,8575,3,D,YB,PD,D
13:50:32,ICBP,RG,8575,1,D,YB,PD,D
13:50:31,ICBP,RG,8575,16,D,YB,PD,D
13:50:31,ICBP,RG,8575,2,D,CC,PD,D
13:50:31,ICBP,RG,8575,10,D,CC,PD,D
13:50:31,ICBP,RG,8575,1,D,XC,PD,D
13:50:31,ICBP,RG,8575,2,D,XL,PD,D
13:50:22,ICBP,RG,8600,3,D,XL,BK,D
13:50:19,ICBP,RG,8600,2,D,GR,BK,D
13:50:16,ICBP,RG,8600,1,D,CC,BK,D
13:50:13,ICBP,RG,8575,10,D,XL,BB,D
13:50:13,ICBP,RG,8575,5,D,YP,BB,D
13:50:13,ICBP,RG,8575,5,D,SQ,BB,D
13:50:13,ICBP,RG,8575,1,D,YP,BB,D
13:50:13,ICBP,RG,8575,1,D,PD,BB,D
13:50:13,ICBP,RG,8575,89,F,CS,BB,D
13:50:13,ICBP,RG,8575,1,D,XC,BB,D
13:50:13,ICBP,RG,8575,1,D,XC,BB,D
13:50:13,ICBP,RG,8575,1,D,KK,BB,D
13:50:13,ICBP,RG,8575,1,D,YP,BB,D
13:50:13,ICBP,RG,8575,1,D,PD,BB,D
13:50:13,ICBP,RG,8575,1,D,XL,BB,D
13:50:13,ICBP,RG,8575,3,D,YP,BB,D
13:50:13,ICBP,RG,8575,20,F,AK,BB,D
13:49:59,ICBP,RG,8575,159,F,AK,CS,D
13:49:48,ICBP,RG,8600,5,D,YP,BK,D
13:49:27,ICBP,RG,8600,1,D,YP,BK,D
13:49:11,ICBP,RG,8600,1,D,PD,BK,D
13:48:46,ICBP,RG,8600,6,D,SQ,BK,D
13:48:34,ICBP,RG,8575,12,F,AK,BB,D
13:47:47,ICBP,RG,8575,131,F,AK,PP,D
13:47:44,ICBP,RG,8600,1,D,XC,BK,D
13:47:36,ICBP,RG,8600,1,D,KK,BK,D
13:47:31,ICBP,RG,8600,5,D,YP,BK,D
13:47:26,ICBP,RG,8600,2,D,CC,BK,D
13:47:23,ICBP,RG,8600,3,D,XC,BK,D
13:47:00,ICBP,RG,8600,10,D,YP,BK,D
13:46:47,ICBP,RG,8600,2,D,XC,BK,D
13:46:38,ICBP,RG,8600,2,D,YJ,BK,D
13:46:29,ICBP,RG,8600,6,D,PD,BK,D
13:46:29,ICBP,RG,8600,3,D,PD,BQ,D
13:46:29,ICBP,RG,8600,4,D,PD,BB,D
13:46:29,ICBP,RG,8600,4,D,PD,KZ,F
13:46:29,ICBP,RG,8600,2,D,PD,KZ,F
13:46:29,ICBP,RG,8600,1,D,PD,KZ,F
13:46:02,ICBP,RG,8575,84,F,AK,BB,D
13:45:50,ICBP,RG,8600,2,D,CC,BB,D
13:45:47,ICBP,RG,8600,2,F,ZP,AK,F
13:45:47,ICBP,RG,8600,1,D,PD,AK,F
13:45:47,ICBP,RG,8600,10,D,XC,AK,F
13:45:47,ICBP,RG,8600,5,D,YP,AK,F
13:45:47,ICBP,RG,8600,1,D,XC,AK,F
13:45:47,ICBP,RG,8600,7,F,ZP,AK,F
13:45:47,ICBP,RG,8600,5,F,CS,AK,F
13:45:47,ICBP,RG,8600,1,D,XL,AK,F
13:45:47,ICBP,RG,8600,2,D,AZ,AK,F
13:45:47,ICBP,RG,8600,91,F,CS,AK,F
13:45:47,ICBP,RG,8600,4,F,CS,AK,F
13:45:47,ICBP,RG,8600,1,D,XL,AK,F
13:45:47,ICBP,RG,8600,1,D,XC,AK,F
13:45:47,ICBP,RG,8600,1,D,PD,AK,F
13:45:47,ICBP,RG,8600,10,D,GR,AK,F
13:45:47,ICBP,RG,8600,1,D,XL,AK,F
13:45:47,ICBP,RG,8600,2,D,NI,AK,F
13:45:47,ICBP,RG,8600,33,D,XC,AK,F
13:45:47,ICBP,RG,8600,1,D,XC,AK,F
13:45:47,ICBP,RG,8600,1,D,YP,AK,F
13:45:47,ICBP,RG,8600,1,D,XL,AK,F
13:45:47,ICBP,RG,8600,1,D,XC,AK,F
13:45:47,ICBP,RG,8600,1,D,XL,AK,F
13:45:47,ICBP,RG,8600,1,D,XC,AK,F
13:45:47,ICBP,RG,8600,5,D,NI,AK,F
13:45:47,ICBP,RG,8600,1,F,ZP,AK,F
13:45:47,ICBP,RG,8600,18,D,XC,AK,F
13:45:47,ICBP,RG,8600,1,F,ZP,AK,F
13:45:47,ICBP,RG,8600,1,D,LG,AK,F
13:45:47,ICBP,RG,8600,1,F,ZP,AK,F
13:45:47,ICBP,RG,8600,26,F,KZ,AK,F
13:45:47,ICBP,RG,8600,35,F,KZ,CS,D
13:45:47,ICBP,RG,8600,81,F,KZ,PD,D
13:45:47,ICBP,RG,8600,100,F,KZ,PD,D
13:45:47,ICBP,RG,8600,10,F,KZ,PD,D
13:45:47,ICBP,RG,8600,110,F,KZ,PD,D
13:45:47,ICBP,RG,8600,6,D,XC,PD,D
13:45:47,ICBP,RG,8600,14,F,CC,PD,D
13:45:47,ICBP,RG,8600,4,F,CC,PD,D
13:45:43,ICBP,RG,8600,29,F,CC,OD,D
13:45:40,ICBP,RG,8625,1,D,XL,YU,D
13:45:30,ICBP,RG,8600,30,F,CC,PP,D
13:45:10,ICBP,RG,8600,6,F,CC,EP,D
13:45:07,ICBP,RG,8600,20,F,CC,PP,D
13:45:06,ICBP,RG,8600,131,F,CC,PP,D
13:44:55,ICBP,RG,8600,2,F,CC,YP,D
13:44:52,ICBP,RG,8600,7,F,CC,CS,D
13:44:52,ICBP,RG,8600,4,F,ZP,CS,D
13:44:52,ICBP,RG,8600,99,F,AK,CS,D
13:44:51,ICBP,RG,8600,2,F,AK,EP,D
13:44:46,ICBP,RG,8600,5,F,AK,KK,D
13:44:44,ICBP,RG,8625,3,D,XL,YU,D
13:44:20,ICBP,RG,8600,1,F,AK,YP,D
13:44:14,ICBP,RG,8600,10,F,AK,CC,D
13:44:08,ICBP,RG,8625,5,D,YP,YU,D
13:43:47,ICBP,RG,8600,10,F,AK,XA,D
13:43:08,ICBP,RG,8600,28,F,AK,XC,D
13:43:08,ICBP,RG,8600,2,F,CS,XC,D
13:43:08,ICBP,RG,8600,5,F,CS,XC,D
13:43:08,ICBP,RG,8600,45,D,YU,XC,D
13:42:50,ICBP,RG,8600,2,D,YU,YP,D
13:41:56,ICBP,RG,8600,67,D,YU,CC,D
13:41:08,ICBP,RG,8600,3,D,YU,XL,D
13:41:05,ICBP,RG,8600,10,D,YU,SQ,D
13:40:01,ICBP,RG,8600,3,D,YU,BQ,D
13:40:01,ICBP,RG,8600,54,D,YU,NI,D
13:40:01,ICBP,RG,8600,4,D,YU,BB,D
13:40:01,ICBP,RG,8600,1,D,YU,PD,D
13:40:01,ICBP,RG,8600,10,D,YU,BK,D
13:40:01,ICBP,RG,8600,258,D,YU,BB,D
13:40:01,ICBP,RG,8600,13,D,YU,AK,D
13:40:01,ICBP,RG,8600,80,D,YU,CS,D
13:40:01,ICBP,RG,8600,81,D,YU,BB,D
13:40:01,ICBP,RG,8600,50,D,YU,PP,D
13:40:01,ICBP,RG,8600,62,D,YU,PD,D
13:40:01,ICBP,RG,8600,72,D,YU,PD,D
13:40:01,ICBP,RG,8600,7,D,YU,PD,D
13:40:01,ICBP,RG,8600,83,D,YU,PD,D
13:40:01,ICBP,RG,8600,2,D,YU,PD,D
13:40:01,ICBP,RG,8600,3,D,YU,PD,D
13:40:01,ICBP,RG,8600,3,D,YU,PD,D
13:40:01,ICBP,RG,8600,17,D,YU,PD,D
13:40:01,ICBP,RG,8600,21,D,YU,PD,D
13:40:01,ICBP,RG,8600,2,D,YU,PD,D
13:40:01,ICBP,RG,8600,1,D,YU,PD,D
13:40:01,ICBP,RG,8600,12,D,YU,PD,D
13:40:01,ICBP,RG,8600,8,D,YU,PD,D
13:40:01,ICBP,RG,8600,26,D,YU,CS,D
13:39:29,ICBP,RG,8600,1,D,NI,BB,D
13:39:17,ICBP,RG,8575,1,F,AK,XL,D
13:39:02,ICBP,RG,8600,3,D,XC,BB,D
13:38:53,ICBP,RG,8600,10,D,CC,CC,D
13:38:53,ICBP,RG,8600,2,D,CC,CS,D
13:38:37,ICBP,RG,8575,2,F,AK,PD,D
13:37:53,ICBP,RG,8575,1,F,AK,XL,D
13:37:53,ICBP,RG,8575,1,D,KK,XL,D
13:37:53,ICBP,RG,8575,5,D,GR,XL,D
13:37:53,ICBP,RG,8575,1,D,XL,XL,D
13:37:53,ICBP,RG,8575,1,D,CC,XL,D
13:37:53,ICBP,RG,8575,12,D,KK,XL,D
13:37:53,ICBP,RG,8575,5,D,YP,XL,D
13:37:53,ICBP,RG,8575,2,D,NI,XL,D
13:37:46,ICBP,RG,8600,2,D,YU,YP,D
13:37:46,ICBP,RG,8600,125,D,YU,LG,D
13:37:46,ICBP,RG,8600,15,D,YU,LG,D
13:37:46,ICBP,RG,8600,10,D,YU,CS,D
13:37:46,ICBP,RG,8600,3,D,YU,CS,D
13:37:46,ICBP,RG,8600,41,D,YU,PD,D
13:37:46,ICBP,RG,8600,4,D,YU,PD,D
13:37:27,ICBP,RG,8600,1,D,XL,PD,D
13:37:25,ICBP,RG,8600,1,D,XC,PD,D
13:37:09,ICBP,RG,8600,1,D,XL,PD,D
13:37:02,ICBP,RG,8600,2,D,YP,PD,D
13:36:59,ICBP,RG,8600,1,D,YP,PD,D
13:36:57,ICBP,RG,8600,5,D,GR,PD,D
13:36:57,ICBP,RG,8600,33,F,CC,PD,D
13:36:57,ICBP,RG,8600,5,F,CC,PD,D
13:36:57,ICBP,RG,8600,53,F,CC,PD,D
13:36:57,ICBP,RG,8600,2,F,CS,PD,D
13:36:57,ICBP,RG,8600,1,F,ZP,PD,D
13:36:57,ICBP,RG,8600,1,F,ZP,PD,D
13:36:57,ICBP,RG,8600,2,F,ZP,PD,D
13:36:57,ICBP,RG,8600,2,F,CS,PD,D
13:36:57,ICBP,RG,8600,4,F,CS,PD,D
13:36:57,ICBP,RG,8600,7,D,YU,PD,D
13:36:57,ICBP,RG,8600,14,D,YU,PD,D
13:36:57,ICBP,RG,8600,1,D,YU,PD,D
13:36:56,ICBP,RG,8600,8,D,YU,PD,D
13:36:56,ICBP,RG,8600,5,D,YU,PD,D
13:36:52,ICBP,RG,8625,9,D,EP,YU,D
13:36:52,ICBP,RG,8625,2,D,EP,YP,D
13:36:52,ICBP,RG,8625,2,D,EP,BQ,D
13:36:41,ICBP,RG,8600,20,D,YU,AK,D
13:36:41,ICBP,RG,8600,1,D,YU,DH,D
13:36:41,ICBP,RG,8600,2,D,YU,CC,D
13:36:41,ICBP,RG,8600,61,D,YU,BB,D
13:36:41,ICBP,RG,8600,1,D,YU,CS,D
13:36:41,ICBP,RG,8600,46,D,YU,CS,D
13:36:41,ICBP,RG,8600,4,D,YU,XC,D
13:36:41,ICBP,RG,8600,2,D,YU,XC,D
13:36:41,ICBP,RG,8600,3,D,YU,BB,D
13:36:41,ICBP,RG,8600,1,D,YU,BB,D
13:36:41,ICBP,RG,8600,8,D,YU,KK,D
13:36:41,ICBP,RG,8600,13,D,YU,AK,D
13:36:41,ICBP,RG,8600,2,D,YU,NI,D
13:36:41,ICBP,RG,8600,1,D,YU,BQ,D
13:36:37,ICBP,RG,8600,1,D,XL,BQ,D
13:36:37,ICBP,RG,8600,1,D,XL,AK,D
13:36:32,ICBP,RG,8600,1,D,PD,AK,D
13:36:32,ICBP,RG,8600,5,D,PD,AK,D
13:36:20,ICBP,RG,8600,1,D,XC,AK,D
13:36:15,ICBP,RG,8600,1,D,CC,AK,D
13:36:02,ICBP,RG,8600,1,D,XC,AK,D
13:35:36,ICBP,RG,8600,1,D,XC,AK,D
13:35:34,ICBP,RG,8600,2,D,DH,AK,D
13:35:34,ICBP,RG,8600,4,D,DH,KZ,F
13:35:34,ICBP,RG,8600,1,D,DH,KZ,F
13:35:34,ICBP,RG,8600,1,D,DH,KZ,F
13:35:34,ICBP,RG,8600,1,D,DH,KZ,F
13:35:34,ICBP,RG,8600,1,D,DH,CS,D
13:35:08,ICBP,RG,8600,2,D,YP,CS,D
13:34:49,ICBP,RG,8575,127,F,CC,PD,D
13:34:49,ICBP,RG,8575,52,F,CC,PD,D
13:34:49,ICBP,RG,8575,99,D,YP,PD,D
13:34:49,ICBP,RG,8575,1,D,YP,PD,D
13:34:49,ICBP,RG,8575,1,D,PD,PD,D
13:34:49,ICBP,RG,8575,1,D,YP,PD,D
13:34:49,ICBP,RG,8575,12,F,BK,PD,D
13:34:49,ICBP,RG,8575,169,F,BK,PD,D
13:34:49,ICBP,RG,8575,4,F,BK,PD,D
13:34:48,ICBP,RG,8575,6,F,BK,PD,D
13:34:48,ICBP,RG,8575,6,F,BK,PD,D
13:34:48,ICBP,RG,8575,33,F,BK,PD,D
13:34:48,ICBP,RG,8575,40,F,BK,PD,D
13:34:48,ICBP,RG,8575,3,F,BK,PD,D
13:34:48,ICBP,RG,8575,2,F,BK,PD,D
13:34:48,ICBP,RG,8575,23,F,BK,PD,D
13:34:48,ICBP,RG,8575,16,F,BK,PD,D
13:34:43,ICBP,RG,8600,2,D,YB,PD,D
13:34:26,ICBP,RG,8600,3,D,PD,PD,D
13:34:22,ICBP,RG,8575,6,F,BK,XL,D
13:34:21,ICBP,RG,8600,1,D,XL,PD,D
13:34:18,ICBP,RG,8600,2,D,YP,PD,D
13:34:16,ICBP,RG,8600,45,D,YP,PD,D
13:34:16,ICBP,RG,8600,5,D,YP,PD,D
13:34:16,ICBP,RG,8600,4,D,YP,PD,D
13:34:16,ICBP,RG,8600,4,D,YP,PD,D
13:34:11,ICBP,RG,8600,12,D,KK,PD,D
13:34:11,ICBP,RG,8600,1,D,XC,PD,D
13:33:57,ICBP,RG,8600,10,D,XC,PD,D
13:33:57,ICBP,RG,8600,2,D,XC,PD,D
13:33:28,ICBP,RG,8600,1,D,XC,PD,D
13:33:19,ICBP,RG,8600,1,D,SQ,PD,D
13:33:18,ICBP,RG,8575,1,F,BK,XC,D
13:33:00,ICBP,RG,8600,2,F,CS,PD,D
13:33:00,ICBP,RG,8600,1,F,ZP,PD,D
13:33:00,ICBP,RG,8600,26,F,CC,PD,D
13:33:00,ICBP,RG,8600,3,F,CC,PD,D
13:33:00,ICBP,RG,8600,1,F,CC,PD,D
13:33:00,ICBP,RG,8600,10,F,CC,PD,D
13:33:00,ICBP,RG,8600,1,D,KK,PD,D
13:33:00,ICBP,RG,8600,3,F,CS,PD,D
13:33:00,ICBP,RG,8600,4,D,NI,PD,D
13:33:00,ICBP,RG,8600,1,D,XC,PD,D
13:32:59,ICBP,RG,8600,1,D,PD,PD,D
13:32:59,ICBP,RG,8600,1,D,XC,PD,D
13:32:59,ICBP,RG,8600,3,D,NI,PD,D
13:32:59,ICBP,RG,8600,1,D,KK,PD,D
13:32:59,ICBP,RG,8600,1,D,XC,PD,D
13:32:59,ICBP,RG,8600,6,D,PD,PD,D
13:32:58,ICBP,RG,8625,1,D,YP,CS,D
13:32:53,ICBP,RG,8625,1,D,XC,CS,D
13:32:53,ICBP,RG,8625,4,D,XC,EP,D
13:32:46,ICBP,RG,8625,1,F,ZP,EP,D
13:32:44,ICBP,RG,8625,2,D,PD,AK,F
13:32:44,ICBP,RG,8625,100,F,CC,AK,F
13:32:44,ICBP,RG,8625,3,D,PD,AK,F
13:32:44,ICBP,RG,8625,104,F,AK,AK,F
13:32:44,ICBP,RG,8625,3,F,CS,AK,F
13:32:44,ICBP,RG,8625,1,F,CS,AK,F
13:32:44,ICBP,RG,8625,72,F,KZ,AK,F
13:32:44,ICBP,RG,8625,320,F,KZ,LS,D
13:32:44,ICBP,RG,8625,145,F,BK,LS,D
13:32:44,ICBP,RG,8625,8,F,ZP,LS,D
13:32:44,ICBP,RG,8625,27,F,CS,LS,D
13:32:44,ICBP,RG,8625,10,F,CS,RO,D
13:32:28,ICBP,RG,8625,3,F,CS,BQ,D
13:32:27,ICBP,RG,8650,1,D,XC,AN,D
13:32:11,ICBP,RG,8650,1,D,KK,AN,D
13:32:09,ICBP,RG,8650,10,F,BK,AN,D
13:32:04,ICBP,RG,8650,32,F,BK,AN,D
13:32:02,ICBP,RG,8625,20,F,CS,YP,D
13:32:00,ICBP,RG,8625,10,F,CS,KK,D
13:32:00,ICBP,RG,8650,18,D,YP,AN,D
13:32:00,ICBP,RG,8650,1,D,YP,YP,D
13:32:00,ICBP,RG,8650,30,D,YP,OD,D
13:32:00,ICBP,RG,8650,3,D,YP,SQ,D
13:32:00,ICBP,RG,8650,12,D,YP,NI,D
13:32:00,ICBP,RG,8650,15,D,YP,CC,D
13:32:00,ICBP,RG,8650,1,D,YP,YP,D
13:32:00,ICBP,RG,8650,20,D,YP,XL,D
13:31:59,ICBP,RG,8650,2,F,BK,XL,D
13:31:59,ICBP,RG,8650,29,F,BK,OD,D
13:31:59,ICBP,RG,8650,1,F,BK,PD,D
13:31:58,ICBP,RG,8625,25,F,CS,YP,D
13:31:56,ICBP,RG,8625,150,F,CS,HP,D
13:31:55,ICBP,RG,8650,1,D,CC,PD,D
13:31:50,ICBP,RG,8625,27,F,CS,PP,D
13:31:50,ICBP,RG,8625,3,F,ZP,PP,D
13:31:48,ICBP,RG,8650,2,D,DH,PD,D
13:31:41,ICBP,RG,8650,1,D,XC,PD,D
13:31:30,ICBP,RG,8650,10,F,BK,PD,D
13:31:30,ICBP,RG,8650,3,F,BK,PD,D
13:31:30,ICBP,RG,8650,4,F,BK,PD,D
13:31:30,ICBP,RG,8650,2,F,BK,PD,D
13:31:27,ICBP,RG,8650,1,D,YP,PD,D
13:31:27,ICBP,RG,8650,1,D,XC,PD,D
13:31:27,ICBP,RG,8625,7,F,ZP,KK,D
13:31:27,ICBP,RG,8625,1,F,CS,KK,D
13:31:27,ICBP,RG,8625,1,F,CS,KK,D
13:31:27,ICBP,RG,8625,1,F,CS,KK,D
13:31:25,ICBP,RG,8650,14,F,BK,PD,D
13:31:23,ICBP,RG,8650,11,F,BK,PD,D
13:31:23,ICBP,RG,8650,30,F,BK,PD,D
13:31:23,ICBP,RG,8650,2,F,BK,PD,D
13:31:23,ICBP,RG,8650,1,F,BK,PD,D
13:31:23,ICBP,RG,8650,16,F,BK,PD,D
13:31:23,ICBP,RG,8650,11,F,BK,PD,D
13:31:20,ICBP,RG,8625,1,F,BK,KZ,F
13:31:20,ICBP,RG,8625,7,F,BK,KZ,F
13:31:20,ICBP,RG,8625,1,F,BK,KZ,F
13:31:20,ICBP,RG,8625,1,F,BK,PD,D
13:31:20,ICBP,RG,8625,39,F,BK,YP,D
13:31:19,ICBP,RG,8625,11,F,ZP,YP,D
13:31:18,ICBP,RG,8625,1,D,XC,YP,D
13:31:16,ICBP,RG,8625,49,F,BK,YP,D
13:31:16,ICBP,RG,8625,100,F,BK,OD,D
13:31:16,ICBP,RG,8625,10,F,BK,MG,D
13:31:16,ICBP,RG,8625,5,F,BK,YP,D
13:31:16,ICBP,RG,8625,10,F,BK,CP,D
13:31:16,ICBP,RG,8625,5,F,BK,YP,D
13:31:16,ICBP,RG,8625,5,F,BK,AZ,D
13:31:16,ICBP,RG,8625,22,F,BK,KK,D
13:31:16,ICBP,RG,8625,2,F,BK,CC,D
13:31:16,ICBP,RG,8625,1,F,BK,YP,D
13:31:16,ICBP,RG,8625,30,F,BK,CC,D
13:31:16,ICBP,RG,8625,13,F,BK,GR,D
13:31:16,ICBP,RG,8625,1,F,BK,YP,D
13:31:16,ICBP,RG,8625,42,F,BK,DH,D
13:31:16,ICBP,RG,8625,18,F,BK,YP,D
13:31:16,ICBP,RG,8625,29,F,BK,OD,D
13:31:16,ICBP,RG,8625,6,F,BK,PD,D
13:31:16,ICBP,RG,8625,9,F,BK,PD,D
13:31:16,ICBP,RG,8625,50,F,BK,PD,D
13:31:16,ICBP,RG,8625,8,F,BK,PD,D
13:31:16,ICBP,RG,8625,61,F,BK,PD,D
13:31:16,ICBP,RG,8625,5,F,BK,PD,D
13:31:16,ICBP,RG,8625,2,F,BK,PD,D
13:31:16,ICBP,RG,8625,33,F,BK,PD,D
13:31:16,ICBP,RG,8625,22,F,BK,PD,D
13:31:13,ICBP,RG,8600,2,F,AK,KZ,F
13:31:13,ICBP,RG,8600,7,F,AK,CS,D
13:31:13,ICBP,RG,8600,1,F,AK,XC,D
13:31:13,ICBP,RG,8600,5,F,AK,CC,D
13:31:13,ICBP,RG,8600,1,F,AK,PD,D
13:31:13,ICBP,RG,8600,34,F,AK,PP,D
13:31:13,ICBP,RG,8600,5,F,AK,CC,D
13:31:13,ICBP,RG,8600,1,F,AK,KZ,F
13:31:13,ICBP,RG,8600,1,F,AK,KZ,F
13:31:13,ICBP,RG,8600,1,F,AK,YU,D
13:31:13,ICBP,RG,8600,1,F,AK,YP,D
13:31:13,ICBP,RG,8600,1,F,AK,PD,D
13:31:13,ICBP,RG,8600,1,F,AK,GR,D
13:31:13,ICBP,RG,8600,5,F,AK,AI,D
13:31:13,ICBP,RG,8600,3,F,AK,SQ,D
13:31:13,ICBP,RG,8600,1,F,AK,PD,D
13:31:13,ICBP,RG,8600,559,F,AK,CC,D
13:31:13,ICBP,RG,8600,500,F,BK,CC,D
13:31:12,ICBP,RG,8600,500,F,BK,CC,D
13:31:12,ICBP,RG,8600,500,F,BK,CC,D
13:31:12,ICBP,RG,8600,278,F,BK,CC,D
13:31:12,ICBP,RG,8600,1,F,BK,YP,D
13:31:12,ICBP,RG,8600,15,F,BK,YP,D
13:31:12,ICBP,RG,8600,3,F,BK,BQ,D
13:31:12,ICBP,RG,8600,5,F,BK,AZ,D
13:31:12,ICBP,RG,8600,6,F,BK,AZ,D
13:31:12,ICBP,RG,8600,1,F,BK,SQ,D
13:31:12,ICBP,RG,8600,10,F,BK,PD,D
13:31:12,ICBP,RG,8600,10,F,BK,YP,D
13:31:12,ICBP,RG,8600,5,F,BK,LG,D
13:31:12,ICBP,RG,8600,150,F,BK,PD,D
13:31:12,ICBP,RG,8600,1,F,BK,OD,D
13:31:12,ICBP,RG,8600,15,F,BK,ZP,D
13:31:11,ICBP,RG,8600,35,F,BK,ZP,D
13:31:11,ICBP,RG,8600,26,F,BK,NI,D
13:31:09,ICBP,RG,8600,14,F,BK,NI,D
13:31:09,ICBP,RG,8600,29,F,BK,OD,D
13:31:09,ICBP,RG,8600,4,F,BK,EP,D
13:31:09,ICBP,RG,8600,9,F,BK,YP,D
13:31:09,ICBP,RG,8600,9,F,BK,PD,D
13:31:09,ICBP,RG,8600,14,F,BK,PD,D
13:31:09,ICBP,RG,8600,12,F,BK,PD,D
13:31:09,ICBP,RG,8600,75,F,BK,PD,D
13:31:09,ICBP,RG,8600,91,F,BK,PD,D
13:31:09,ICBP,RG,8600,7,F,BK,PD,D
13:31:09,ICBP,RG,8600,3,F,BK,PD,D
13:31:09,ICBP,RG,8600,39,F,BK,PD,D
13:31:07,ICBP,RG,8575,2,F,BK,KZ,F
13:31:07,ICBP,RG,8575,1,F,BK,BB,D
13:31:07,ICBP,RG,8575,95,F,BK,CS,D
13:31:07,ICBP,RG,8575,99,F,BK,BB,D
13:31:07,ICBP,RG,8575,2,F,BK,BB,D
13:31:07,ICBP,RG,8575,2,F,BK,XC,D
13:31:07,ICBP,RG,8575,5,F,BK,CC,D
13:31:07,ICBP,RG,8575,8,F,BK,YP,D
13:31:07,ICBP,RG,8575,22,F,BK,YP,D
13:31:07,ICBP,RG,8575,25,F,BK,DX,D
13:31:07,ICBP,RG,8575,35,F,BK,LG,D
13:31:07,ICBP,RG,8575,1,F,BK,KZ,F
13:31:07,ICBP,RG,8575,1,F,BK,KZ,F
13:31:07,ICBP,RG,8575,5,F,BK,BQ,D
13:31:07,ICBP,RG,8575,1,F,BK,YP,D
13:31:07,ICBP,RG,8575,4,F,BK,AI,D
13:31:07,ICBP,RG,8575,182,F,BK,PD,D
13:31:07,ICBP,RG,8575,118,F,BK,PD,D
13:31:07,ICBP,RG,8575,2,F,BK,CC,D
13:31:07,ICBP,RG,8575,150,F,BK,LG,D
13:31:07,ICBP,RG,8575,1,F,BK,YP,D
13:31:07,ICBP,RG,8575,10,F,BK,AG,D
13:31:07,ICBP,RG,8575,219,F,BK,LG,D
13:31:06,ICBP,RG,8575,31,F,BK,LG,D
13:31:06,ICBP,RG,8575,1,F,BK,PD,D
13:31:06,ICBP,RG,8575,2,F,BK,PD,D
13:31:06,ICBP,RG,8575,1,F,BK,PD,D
13:31:06,ICBP,RG,8575,16,F,BK,PD,D
13:31:06,ICBP,RG,8575,99,F,BK,PD,D
13:31:06,ICBP,RG,8575,9,F,BK,PD,D
13:31:06,ICBP,RG,8575,109,F,BK,PD,D
13:31:06,ICBP,RG,8575,2,F,BK,PD,D
13:31:06,ICBP,RG,8575,3,F,BK,PD,D
13:31:06,ICBP,RG,8575,3,F,BK,PD,D
13:31:06,ICBP,RG,8575,20,F,BK,PD,D
13:31:06,ICBP,RG,8575,24,F,BK,PD,D
13:31:06,ICBP,RG,8575,2,F,BK,PD,D
13:31:06,ICBP,RG,8575,1,F,BK,PD,D
13:31:06,ICBP,RG,8575,13,F,BK,PD,D
13:31:06,ICBP,RG,8575,9,F,BK,PD,D
13:31:06,ICBP,RG,8575,1,F,BK,PD,D
13:31:06,ICBP,RG,8575,1,F,BK,XA,D
13:31:06,ICBP,RG,8575,5,F,BK,KK,D
13:31:06,ICBP,RG,8575,189,F,BK,PD,D
13:31:04,ICBP,RG,8575,96,F,BK,PD,D
13:31:04,ICBP,RG,8575,6,F,BK,PD,D
13:31:04,ICBP,RG,8575,10,F,BK,PD,D
13:31:04,ICBP,RG,8575,9,F,BK,PD,D
13:31:04,ICBP,RG,8575,53,F,BK,PD,D
13:31:04,ICBP,RG,8575,64,F,BK,PD,D
13:31:04,ICBP,RG,8575,5,F,BK,PD,D
13:31:04,ICBP,RG,8575,2,F,BK,PD,D
13:31:04,ICBP,RG,8575,35,F,BK,PD,D
13:31:04,ICBP,RG,8575,25,F,BK,PD,D
13:31:04,ICBP,RG,8575,12,F,BK,EP,D
13:31:04,ICBP,RG,8575,46,F,BK,BK,D
13:31:04,ICBP,RG,8575,29,F,BK,OD,D
13:31:04,ICBP,RG,8575,1,F,BK,NI,D
13:31:04,ICBP,RG,8575,46,F,BK,BK,D
13:31:04,ICBP,RG,8575,10,F,BK,YP,D
13:31:04,ICBP,RG,8575,2,F,BK,AZ,D
13:31:04,ICBP,RG,8575,45,F,BK,BK,D
13:31:04,ICBP,RG,8575,4,F,BK,BK,D
13:31:03,ICBP,RG,8550,20,F,BK,PP,D
13:31:02,ICBP,RG,8550,35,F,BK,CS,D
13:31:02,ICBP,RG,8550,68,F,BK,CS,D
13:31:02,ICBP,RG,8550,1,F,BK,XC,D
13:31:02,ICBP,RG,8550,1,F,BK,CC,D
13:31:02,ICBP,RG,8550,1,F,BK,XC,D
13:31:02,ICBP,RG,8550,12,F,BK,AK,D
13:31:02,ICBP,RG,8550,3,F,BK,XC,D
13:31:02,ICBP,RG,8550,6,F,BK,YP,D
13:31:02,ICBP,RG,8550,4,F,BK,KZ,F
13:31:02,ICBP,RG,8550,5,F,BK,KZ,F
13:31:02,ICBP,RG,8550,43,F,BK,CS,D
13:31:02,ICBP,RG,8550,4,F,BK,EP,D
13:31:02,ICBP,RG,8550,3,F,BK,YP,D
13:31:02,ICBP,RG,8550,3,F,BK,PD,D
13:31:02,ICBP,RG,8550,1,F,BK,SQ,D
13:31:02,ICBP,RG,8550,1,F,BK,PD,D
13:31:02,ICBP,RG,8550,5,F,BK,GR,D
13:31:02,ICBP,RG,8550,5,F,BK,KZ,F
13:31:02,ICBP,RG,8550,3,F,BK,DH,D
13:31:02,ICBP,RG,8550,10,F,BK,PD,D
13:31:02,ICBP,RG,8550,25,F,BK,LG,D
13:31:02,ICBP,RG,8550,10,F,BK,CC,D
13:31:02,ICBP,RG,8550,159,F,BK,PD,D
13:31:02,ICBP,RG,8550,171,F,BK,PD,D
13:31:02,ICBP,RG,8550,17,F,BK,PD,D
13:31:02,ICBP,RG,8550,194,F,BK,PD,D
13:31:02,ICBP,RG,8550,5,F,BK,PD,D
13:31:02,ICBP,RG,8550,7,F,BK,PD,D
13:31:02,ICBP,RG,8550,6,F,BK,PD,D
13:31:02,ICBP,RG,8550,38,F,BK,PD,D
13:31:02,ICBP,RG,8550,46,F,BK,PD,D
13:31:02,ICBP,RG,8550,4,F,BK,PD,D
13:31:02,ICBP,RG,8550,2,F,BK,PD,D
13:31:02,ICBP,RG,8550,27,F,BK,PD,D
13:31:02,ICBP,RG,8550,19,F,BK,PD,D
13:31:02,ICBP,RG,8550,2,F,BK,CS,D
13:31:02,ICBP,RG,8550,470,F,BK,BB,D
13:31:02,ICBP,RG,8550,25,F,BK,LG,D
13:31:02,ICBP,RG,8550,15,F,BK,GR,D
13:31:02,ICBP,RG,8550,1,F,BK,YP,D
13:31:02,ICBP,RG,8550,4,F,BK,AZ,D
13:31:02,ICBP,RG,8550,2,F,BK,CS,D
13:31:02,ICBP,RG,8550,20,F,BK,PD,D
13:31:02,ICBP,RG,8550,29,F,BK,OD,D
13:31:02,ICBP,RG,8550,2,F,BK,CS,D
13:31:02,ICBP,RG,8550,9,F,BK,NI,D
13:31:02,ICBP,RG,8550,1,F,BK,BB,D
13:31:02,ICBP,RG,8550,3,F,BK,CC,D
13:31:02,ICBP,RG,8550,104,F,BK,LG,D
13:31:02,ICBP,RG,8550,1,F,BK,CS,D
13:31:02,ICBP,RG,8550,1,F,BK,KZ,F
13:31:02,ICBP,RG,8550,8,F,BK,AZ,D
13:31:02,ICBP,RG,8550,1,F,BK,CS,D
13:31:02,ICBP,RG,8550,5,F,BK,BB,D
13:31:02,ICBP,RG,8550,4,F,BK,BB,D
13:31:02,ICBP,RG,8550,1,F,BK,CS,D
13:31:02,ICBP,RG,8550,5,F,BK,BQ,D
13:31:02,ICBP,RG,8550,2,F,BK,CS,D
13:31:02,ICBP,RG,8550,14,F,BK,CC,D
13:31:02,ICBP,RG,8550,69,F,BK,PD,D
13:31:02,ICBP,RG,8550,53,F,BK,PD,D
13:31:02,ICBP,RG,8550,29,F,BK,OD,D
13:31:02,ICBP,RG,8550,1,F,BK,CS,D
13:31:02,ICBP,RG,8550,2,F,BK,CS,D
13:31:02,ICBP,RG,8550,1,F,BK,YP,D
13:31:02,ICBP,RG,8550,4,F,BK,KZ,F
13:31:02,ICBP,RG,8550,15,F,BK,AZ,D
13:31:02,ICBP,RG,8550,2,F,BK,CS,D
13:31:02,ICBP,RG,8550,45,F,BK,BK,D
13:31:02,ICBP,RG,8550,2,F,BK,BB,D
13:31:02,ICBP,RG,8550,1,F,BK,CS,D
13:31:02,ICBP,RG,8550,1,F,BK,KZ,F
13:31:02,ICBP,RG,8550,86,F,BK,BK,D
13:31:02,ICBP,RG,8550,200,F,BK,LG,D
13:31:02,ICBP,RG,8550,1,F,BK,KZ,F
13:31:02,ICBP,RG,8550,2,F,BK,CS,D
13:31:02,ICBP,RG,8550,55,F,BK,BK,D
13:31:02,ICBP,RG,8550,5,D,XL,BK,D
13:30:11,ICBP,RG,8525,1,D,TP,XC,D
13:30:10,ICBP,RG,8550,1,D,XC,BK,D
13:30:10,ICBP,RG,8525,5,D,TP,XL,D
13:30:09,ICBP,RG,8550,1,D,XL,BK,D
13:30:08,ICBP,RG,8525,1,D,PD,XC,D
13:30:08,ICBP,RG,8525,2,D,NI,XC,D
13:30:08,ICBP,RG,8525,1,D,NI,XC,D
13:30:08,ICBP,RG,8525,1,D,PD,XC,D
13:30:08,ICBP,RG,8550,5,D,YP,BK,D
13:30:08,ICBP,RG,8550,1,D,XC,BK,D
13:30:08,ICBP,RG,8525,3,D,PD,XC,D
13:30:08,ICBP,RG,8525,2,D,LS,XC,D
13:30:08,ICBP,RG,8525,1,D,DX,XC,D
13:30:08,ICBP,RG,8525,1,D,DX,XC,D
13:30:07,ICBP,RG,8525,2,D,DX,XC,D
13:30:07,ICBP,RG,8525,1,D,DX,XC,D
13:30:07,ICBP,RG,8525,1,D,DX,XC,D
13:30:06,ICBP,RG,8550,1,D,XC,BK,D
13:30:06,ICBP,RG,8525,1,D,DX,YP,D
13:30:06,ICBP,RG,8550,1,D,XC,BK,D
13:30:06,ICBP,RG,8550,1,D,XC,CS,D
13:30:06,ICBP,RG,8525,1,D,DX,XC,D
13:30:06,ICBP,RG,8525,2,D,DX,XL,D
13:30:06,ICBP,RG,8525,4,F,CS,XL,D
13:30:06,ICBP,RG,8525,2,F,CS,YP,D
13:30:06,ICBP,RG,8525,3,F,ZP,YP,D
13:30:06,ICBP,RG,8550,1,F,AK,CS,D
13:30:06,ICBP,RG,8550,5,F,AK,CC,D
13:30:06,ICBP,RG,8550,3,F,AK,BQ,D
13:30:06,ICBP,RG,8550,86,F,AK,BK,D
13:30:06,ICBP,RG,8550,9,F,AK,PD,D
13:30:06,ICBP,RG,8525,8,F,ZP,AK,D
13:30:06,ICBP,RG,8525,7,D,YP,AK,D
13:30:06,ICBP,RG,8525,16,D,YP,AK,D
13:30:05,ICBP,RG,8525,4,D,YP,CC,D
13:30:05,ICBP,RG,8550,1,D,XL,PD,D
13:30:05,ICBP,RG,8525,3,D,YP,CC,D
13:30:05,ICBP,RG,8525,2,D,YP,YP,D
13:30:04,ICBP,RG,8525,2,D,YP,KZ,F
13:30:04,ICBP,RG,8550,5,D,XL,PD,D
13:30:03,ICBP,RG,8525,5,D,YP,CC,D
13:30:03,ICBP,RG,8525,18,D,YP,LG,D
13:30:03,ICBP,RG,8525,5,D,NI,LG,D
13:30:03,ICBP,RG,8525,5,D,EP,LG,D
13:30:03,ICBP,RG,8525,52,F,KZ,LG,D
13:30:02,ICBP,RG,8525,19,F,KZ,CC,D
13:30:02,ICBP,RG,8550,25,D,DX,PD,D
13:30:02,ICBP,RG,8525,1,F,KZ,AK,D
13:30:01,ICBP,RG,8525,1,F,KZ,PD,D
13:30:01,ICBP,RG,8525,15,F,KZ,PD,D
13:30:01,ICBP,RG,8550,1,D,PD,PD,D
13:30:01,ICBP,RG,8525,3,F,KZ,PD,D
13:30:01,ICBP,RG,8525,3,F,KZ,PD,D
13:30:01,ICBP,RG,8525,3,F,KZ,PD,D
13:30:01,ICBP,RG,8525,22,F,KZ,PD,D
13:30:01,ICBP,RG,8550,1,D,PD,PD,D
13:30:01,ICBP,RG,8525,2,F,KZ,PD,D
13:30:01,ICBP,RG,8550,2,D,PD,PD,D
13:30:01,ICBP,RG,8550,4,D,PD,PD,D
13:30:01,ICBP,RG,8525,12,F,KZ,PD,D
13:30:01,ICBP,RG,8525,10,F,KZ,PD,D
13:30:01,ICBP,RG,8525,8,F,KZ,PD,D
13:30:01,ICBP,RG,8525,1,F,KZ,KK,D
13:30:01,ICBP,RG,8525,33,F,KZ,PD,D
13:30:01,ICBP,RG,8525,6,F,KZ,AZ,D
13:30:01,ICBP,RG,8525,1,F,KZ,SQ,D
13:30:01,ICBP,RG,8525,29,F,KZ,DH,D
13:30:01,ICBP,RG,8525,1,D,ZP,DH,D
13:30:01,ICBP,RG,8525,1,D,ZP,SQ,D
13:30:01,ICBP,RG,8525,2,D,ZP,DH,D
13:30:01,ICBP,RG,8550,1,D,GR,PD,D
13:30:01,ICBP,RG,8525,2,D,ZP,KK,D
13:30:01,ICBP,RG,8525,1,D,ZP,KK,D
11:29:57,ICBP,RG,8525,10,D,ZP,BK,D
11:29:52,ICBP,RG,8525,13,D,ZP,PP,D
11:29:52,ICBP,RG,8525,1,D,PD,PP,D
11:29:52,ICBP,RG,8525,60,D,ZP,PP,D
11:29:52,ICBP,RG,8525,5,D,GR,PP,D
11:29:52,ICBP,RG,8525,4,D,KK,PP,D
11:29:52,ICBP,RG,8525,1,D,PD,PP,D
11:29:52,ICBP,RG,8525,6,F,CS,PP,D
11:29:52,ICBP,RG,8525,2,D,KK,PP,D
11:29:52,ICBP,RG,8525,1,D,SQ,PP,D
11:29:49,ICBP,RG,8525,1,D,SQ,AK,D
11:29:47,ICBP,RG,8525,10,D,SQ,BK,D
11:29:45,ICBP,RG,8525,3,D,SQ,BB,D
11:29:45,ICBP,RG,8525,7,D,LG,BB,D
11:29:45,ICBP,RG,8525,12,D,YP,BB,D
11:29:45,ICBP,RG,8525,2,F,CS,BB,D
11:29:42,ICBP,RG,8525,11,F,CS,BB,D
11:29:38,ICBP,RG,8525,1,F,CS,YP,D
11:29:28,ICBP,RG,8525,1,F,CS,KZ,F
11:29:28,ICBP,RG,8525,1,F,CS,KZ,F
11:29:28,ICBP,RG,8525,1,F,CS,KZ,F
11:29:28,ICBP,RG,8525,1,F,CS,KZ,F
11:29:28,ICBP,RG,8525,1,F,CS,KZ,F
11:29:26,ICBP,RG,8525,11,F,CS,BK,D
11:29:24,ICBP,RG,8525,63,F,CS,LG,D
11:29:24,ICBP,RG,8525,211,F,BK,LG,D
11:29:24,ICBP,RG,8525,5,F,CS,LG,D
11:29:24,ICBP,RG,8525,2,D,SQ,LG,D
11:29:24,ICBP,RG,8525,1,D,PD,LG,D
11:29:24,ICBP,RG,8525,1,D,CC,LG,D
11:29:24,ICBP,RG,8525,1,D,PD,LG,D
11:29:24,ICBP,RG,8525,2,D,YP,LG,D
11:29:24,ICBP,RG,8525,3,F,ZP,LG,D
11:29:24,ICBP,RG,8525,31,D,LG,LG,D
11:29:24,ICBP,RG,8525,1,D,PD,LG,D
11:29:24,ICBP,RG,8525,8,D,KK,LG,D
11:29:24,ICBP,RG,8525,1,D,YP,LG,D
11:29:24,ICBP,RG,8525,1,D,EP,LG,D
11:29:24,ICBP,RG,8525,1,D,PD,LG,D
11:29:24,ICBP,RG,8525,23,D,YP,LG,D
11:29:24,ICBP,RG,8525,2,D,NI,LG,D
11:29:24,ICBP,RG,8525,43,F,CC,LG,D
11:29:21,ICBP,RG,8525,200,F,CC,PD,D
11:29:20,ICBP,RG,8525,10,F,CC,BK,D
11:29:20,ICBP,RG,8525,5,F,CC,BB,D
11:29:07,ICBP,RG,8525,18,F,CC,SQ,D
11:29:04,ICBP,RG,8525,28,F,CC,BB,D
11:28:58,ICBP,RG,8525,11,F,CC,BK,D
11:28:52,ICBP,RG,8525,38,F,CC,BB,D
11:28:49,ICBP,RG,8525,13,F,CC,AK,D
11:28:48,ICBP,RG,8525,9,F,CC,BK,D
11:28:39,ICBP,RG,8525,2,F,CC,BQ,D
11:28:34,ICBP,RG,8525,3,F,CC,AK,D
11:28:34,ICBP,RG,8525,2,F,CC,AK,D
11:28:26,ICBP,RG,8525,10,F,CC,BK,D
11:28:22,ICBP,RG,8525,2,F,CC,BQ,D
11:28:15,ICBP,RG,8525,10,F,CC,BK,D
11:28:12,ICBP,RG,8525,9,F,CC,BK,D
11:27:56,ICBP,RG,8525,13,F,CC,BB,D
11:27:51,ICBP,RG,8525,11,F,CC,BK,D
11:27:41,ICBP,RG,8550,1,D,BQ,PD,D
11:27:40,ICBP,RG,8525,11,F,CC,BK,D
11:27:34,ICBP,RG,8525,13,F,CC,AK,D
11:27:31,ICBP,RG,8525,10,F,CC,PD,D
11:27:30,ICBP,RG,8525,54,F,CC,BB,D
11:27:27,ICBP,RG,8525,13,F,CC,BB,D
11:27:27,ICBP,RG,8525,66,F,BK,BB,D
11:27:25,ICBP,RG,8525,10,F,BK,BK,D
11:27:15,ICBP,RG,8525,9,F,BK,CS,D
11:27:13,ICBP,RG,8525,9,F,BK,BK,D
11:27:05,ICBP,RG,8550,1,D,YP,PD,D
11:27:03,ICBP,RG,8525,9,F,BK,BK,D
11:26:47,ICBP,RG,8525,10,F,BK,BK,D
11:26:36,ICBP,RG,8525,1,F,BK,YP,D
11:26:30,ICBP,RG,8525,29,F,BK,OD,D
11:26:30,ICBP,RG,8525,12,F,BK,AK,D
11:26:29,ICBP,RG,8525,10,F,BK,BK,D
11:26:28,ICBP,RG,8525,2,F,BK,BQ,D
11:26:23,ICBP,RG,8525,29,F,BK,OD,D
11:26:19,ICBP,RG,8525,29,F,BK,OD,D
11:26:18,ICBP,RG,8525,10,F,BK,BK,D
11:26:17,ICBP,RG,8525,2,F,BK,BQ,D
11:26:13,ICBP,RG,8525,11,F,BK,BK,D
11:26:01,ICBP,RG,8550,4,D,PD,PD,D
11:25:54,ICBP,RG,8525,5,F,BK,BQ,D
11:25:51,ICBP,RG,8525,11,F,BK,BK,D
11:25:51,ICBP,RG,8550,12,F,BK,PD,D
11:25:49,ICBP,RG,8550,11,F,BK,PD,D
11:25:44,ICBP,RG,8525,9,F,BK,BK,D
11:25:43,ICBP,RG,8550,84,F,BK,PD,D
11:25:42,ICBP,RG,8525,6,F,BK,PD,D
11:25:42,ICBP,RG,8525,81,F,BK,PD,D
11:25:42,ICBP,RG,8525,10,F,BK,PD,D
11:25:42,ICBP,RG,8525,4,F,BK,PD,D
11:25:42,ICBP,RG,8525,5,F,BK,PD,D
11:25:42,ICBP,RG,8525,33,F,BK,PD,D
11:25:42,ICBP,RG,8525,100,F,BK,PD,D
11:25:42,ICBP,RG,8525,40,F,BK,PD,D
11:25:42,ICBP,RG,8525,75,F,BK,PD,D
11:25:42,ICBP,RG,8525,55,F,AK,PD,D
11:25:42,ICBP,RG,8525,3,F,AK,PD,D
11:25:42,ICBP,RG,8525,1,F,AK,PD,D
11:25:42,ICBP,RG,8525,22,F,AK,PD,D
11:25:42,ICBP,RG,8525,15,F,AK,PD,D
11:25:35,ICBP,RG,8550,16,F,BK,PD,D
11:25:33,ICBP,RG,8550,31,F,BK,PD,D
11:25:31,ICBP,RG,8525,10,F,AK,BB,D
11:25:31,ICBP,RG,8525,10,D,KK,BB,D
11:25:31,ICBP,RG,8525,4,F,ZP,BB,D
11:25:31,ICBP,RG,8525,134,F,KZ,BB,D
11:25:31,ICBP,RG,8525,9,D,PD,BB,D
11:25:23,ICBP,RG,8525,16,D,PD,BK,D
11:25:06,ICBP,RG,8525,13,D,PD,BK,D
11:24:58,ICBP,RG,8525,5,D,PD,AZ,D
11:24:53,ICBP,RG,8550,14,F,BK,PD,D
11:24:51,ICBP,RG,8550,13,F,BK,PD,D
11:24:48,ICBP,RG,8550,64,F,BK,PD,D
11:24:47,ICBP,RG,8525,7,D,PD,BB,D
11:24:47,ICBP,RG,8525,1,D,HP,BB,D
11:24:47,ICBP,RG,8525,95,F,CS,BB,D
11:24:47,ICBP,RG,8525,10,D,CC,BB,D
11:24:47,ICBP,RG,8525,1,D,AI,BB,D
11:24:47,ICBP,RG,8525,1,D,CC,BB,D
11:24:47,ICBP,RG,8525,1,D,NI,BB,D
11:24:47,ICBP,RG,8525,2,D,YP,BB,D
11:24:47,ICBP,RG,8525,3,F,CS,BB,D
11:24:47,ICBP,RG,8525,10,D,NI,BB,D
11:24:47,ICBP,RG,8525,1,D,PD,BB,D
11:24:47,ICBP,RG,8525,10,D,EP,BB,D
11:24:47,ICBP,RG,8525,2,F,ZP,BB,D
11:24:47,ICBP,RG,8525,11,D,DH,BB,D
11:24:47,ICBP,RG,8525,2,D,KK,BB,D
11:24:47,ICBP,RG,8525,2,F,CS,BB,D
11:24:47,ICBP,RG,8525,2,D,KK,BB,D
11:24:47,ICBP,RG,8525,1,D,YP,BB,D
11:24:47,ICBP,RG,8525,10,D,EP,BB,D
11:24:47,ICBP,RG,8525,1,D,PD,BB,D
11:24:47,ICBP,RG,8525,2,F,CS,BB,D
11:24:47,ICBP,RG,8525,2,D,YP,BB,D
11:24:47,ICBP,RG,8525,200,D,AI,BB,D
11:24:47,ICBP,RG,8525,20,D,AN,BB,D
11:24:47,ICBP,RG,8525,2,D,SQ,BB,D
11:24:47,ICBP,RG,8525,1,D,PD,BB,D
11:24:47,ICBP,RG,8525,12,F,ZP,BB,D
11:24:47,ICBP,RG,8525,3,F,CS,BB,D
11:24:47,ICBP,RG,8525,5,D,EP,BB,D
11:24:47,ICBP,RG,8525,1,D,DR,BB,D
11:24:47,ICBP,RG,8525,10,D,YP,BB,D
11:24:47,ICBP,RG,8525,1,D,YP,BB,D
11:24:47,ICBP,RG,8525,1,D,KK,BB,D
11:24:47,ICBP,RG,8525,1,D,CC,BB,D
11:24:47,ICBP,RG,8525,20,D,XA,BB,D
11:24:47,ICBP,RG,8525,46,D,AI,BB,D
11:24:46,ICBP,RG,8525,13,D,AI,BK,D
11:24:39,ICBP,RG,8525,11,D,AI,CS,D
11:24:31,ICBP,RG,8525,161,D,AI,BB,D
11:24:29,ICBP,RG,8525,11,D,AI,CS,D
11:24:28,ICBP,RG,8525,105,D,AI,BB,D
11:24:24,ICBP,RG,8525,20,D,AI,BK,D
11:24:20,ICBP,RG,8525,18,D,AI,CS,D
11:24:07,ICBP,RG,8525,13,D,AI,BK,D
11:24:00,ICBP,RG,8550,4,D,SQ,CS,D
11:23:59,ICBP,RG,8525,2,D,AI,CS,D
11:23:59,ICBP,RG,8525,19,D,AI,CS,D
11:23:57,ICBP,RG,8550,1,D,EP,CS,D
11:23:44,ICBP,RG,8525,18,D,AI,BK,D
11:23:28,ICBP,RG,8525,36,D,AI,CS,D
11:23:17,ICBP,RG,8525,16,D,AI,BK,D
11:23:00,ICBP,RG,8525,1,D,AI,CC,D
11:22:48,ICBP,RG,8525,10,D,AI,BK,D
11:22:48,ICBP,RG,8525,6,D,YP,BK,D
11:22:48,ICBP,RG,8525,2,F,CS,BK,D
11:22:48,ICBP,RG,8525,1,D,YP,BK,D
11:22:48,ICBP,RG,8525,7,D,DR,BK,D
11:22:38,ICBP,RG,8525,2,D,DR,CS,D
11:22:38,ICBP,RG,8525,16,D,DR,CS,D
11:22:38,ICBP,RG,8525,20,D,KK,CS,D
11:22:38,ICBP,RG,8525,10,D,NI,CS,D
11:22:38,ICBP,RG,8525,1,D,KK,CS,D
11:22:38,ICBP,RG,8525,4,D,YP,CS,D
11:22:16,ICBP,RG,8525,11,D,YP,GR,D
11:22:16,ICBP,RG,8525,7,D,DH,GR,D
11:22:16,ICBP,RG,8525,1,D,DH,GR,D
11:22:16,ICBP,RG,8525,1,F,CS,GR,D
11:22:14,ICBP,RG,8550,1,D,YP,CS,D
11:22:06,ICBP,RG,8525,1,F,CS,BK,D
11:22:06,ICBP,RG,8525,1,D,YP,BK,D
11:22:06,ICBP,RG,8525,25,F,BK,BK,D
11:21:53,ICBP,RG,8525,12,F,BK,AZ,D
11:21:48,ICBP,RG,8525,20,F,BK,GR,D
11:21:33,ICBP,RG,8550,1,D,YP,CS,D
11:21:27,ICBP,RG,8550,3,D,PD,CS,D
11:21:25,ICBP,RG,8525,31,F,BK,BK,D
11:21:19,ICBP,RG,8525,74,F,BK,CS,D
11:21:06,ICBP,RG,8525,12,F,BK,BK,D
11:20:38,ICBP,RG,8525,31,F,BK,BB,D
11:19:34,ICBP,RG,8525,68,F,BK,CS,D
11:19:34,ICBP,RG,8525,3,D,LG,CS,D
11:19:34,ICBP,RG,8525,1,D,MG,CS,D
11:19:34,ICBP,RG,8525,1,D,DH,CS,D
11:19:34,ICBP,RG,8525,2,D,YP,CS,D
11:19:34,ICBP,RG,8525,30,F,CS,CS,D
11:19:02,ICBP,RG,8550,14,F,CC,CS,D
11:19:02,ICBP,RG,8550,14,F,CC,AK,D
11:19:02,ICBP,RG,8550,1,F,CC,YP,D
11:19:02,ICBP,RG,8550,60,F,CC,BK,D
11:19:02,ICBP,RG,8550,1,F,CC,PD,D
11:19:02,ICBP,RG,8550,1,F,CC,KZ,F
11:19:02,ICBP,RG,8550,3,F,CC,LG,D
11:19:01,ICBP,RG,8550,2,D,KK,LG,D
11:18:54,ICBP,RG,8550,35,F,CC,LG,D
11:18:44,ICBP,RG,8525,63,F,CS,AK,D
11:18:44,ICBP,RG,8525,11,D,YP,AK,D
11:18:44,ICBP,RG,8525,1,D,PD,AK,D
11:18:44,ICBP,RG,8550,11,F,CC,LG,D
11:18:36,ICBP,RG,8525,21,D,YP,BB,D
11:18:32,ICBP,RG,8525,9,D,YP,BB,D
11:18:32,ICBP,RG,8525,1,D,PD,BB,D
11:18:32,ICBP,RG,8525,2,F,CS,BB,D
11:18:32,ICBP,RG,8525,2,D,YJ,BB,D
11:18:32,ICBP,RG,8525,17,D,CC,BB,D
11:18:30,ICBP,RG,8550,138,F,CC,LG,D
11:18:21,ICBP,RG,8550,11,F,CC,LG,D
11:18:21,ICBP,RG,8550,29,F,CC,BK,D
11:18:13,ICBP,RG,8550,11,F,CC,BK,D
11:18:13,ICBP,RG,8550,16,F,CC,PD,D
11:18:08,ICBP,RG,8525,34,D,CC,BK,D
11:17:59,ICBP,RG,8550,15,F,CC,PD,D
11:17:51,ICBP,RG,8550,7,D,PD,PD,D
11:17:47,ICBP,RG,8525,16,D,CC,BK,D
11:17:13,ICBP,RG,8525,23,D,CC,BK,D
11:16:50,ICBP,RG,8525,17,D,CC,BK,D
11:16:33,ICBP,RG,8550,4,D,PD,PD,D
11:16:32,ICBP,RG,8525,93,D,CC,CS,D
11:16:32,ICBP,RG,8525,5,D,YP,CS,D
11:16:32,ICBP,RG,8525,4,D,NI,CS,D
11:16:12,ICBP,RG,8525,1,D,NI,PD,D
11:16:06,ICBP,RG,8550,1,D,EP,PD,D
11:16:00,ICBP,RG,8525,2,F,CS,CC,D
11:16:00,ICBP,RG,8525,2,F,CC,CC,D
11:15:46,ICBP,RG,8550,3,D,PD,PD,D
11:15:12,ICBP,RG,8525,2,F,CC,NI,D
11:14:59,ICBP,RG,8525,30,F,CC,YP,D
11:14:56,ICBP,RG,8525,53,F,CC,PD,D
11:14:56,ICBP,RG,8525,68,F,BK,PD,D
11:14:56,ICBP,RG,8525,9,F,BK,PD,D
11:14:56,ICBP,RG,8525,6,F,BK,PD,D
11:14:56,ICBP,RG,8525,8,F,BK,PD,D
11:14:56,ICBP,RG,8525,45,F,BK,PD,D
11:14:56,ICBP,RG,8525,5,D,PD,PD,D
11:14:56,ICBP,RG,8525,5,D,CC,PD,D
11:14:56,ICBP,RG,8525,140,F,BK,PD,D
11:14:56,ICBP,RG,8525,104,F,BK,PD,D
11:14:56,ICBP,RG,8525,2,F,CS,PD,D
11:14:56,ICBP,RG,8525,1,D,YP,PD,D
11:14:56,ICBP,RG,8525,1,F,CC,PD,D
11:14:56,ICBP,RG,8525,10,D,ZP,PD,D
11:14:56,ICBP,RG,8525,5,D,OD,PD,D
11:14:56,ICBP,RG,8525,2,F,ZP,PD,D
11:14:56,ICBP,RG,8525,1,D,YP,PD,D
11:14:56,ICBP,RG,8525,1,D,SQ,PD,D
11:14:56,ICBP,RG,8525,19,D,YP,PD,D
11:14:56,ICBP,RG,8525,1,D,LG,PD,D
11:14:56,ICBP,RG,8525,3,F,CS,PD,D
11:14:56,ICBP,RG,8525,2,F,CS,PD,D
11:14:56,ICBP,RG,8525,13,F,CS,PD,D
11:14:56,ICBP,RG,8525,49,F,CS,PD,D
11:14:56,ICBP,RG,8525,34,F,CS,PD,D
11:14:56,ICBP,RG,8525,1,D,CP,PD,D
11:14:56,ICBP,RG,8525,2,D,PD,PD,D
11:14:56,ICBP,RG,8525,3,D,DH,PD,D
11:14:56,ICBP,RG,8525,20,F,AK,PD,D
11:14:56,ICBP,RG,8525,5,F,AK,PD,D
11:14:56,ICBP,RG,8525,2,F,AK,PD,D
11:14:56,ICBP,RG,8525,29,F,AK,PD,D
11:14:56,ICBP,RG,8525,1,D,KK,PD,D
11:14:56,ICBP,RG,8525,3,D,CC,PD,D
11:14:56,ICBP,RG,8525,2,D,CC,PD,D
11:14:56,ICBP,RG,8525,5,D,YU,PD,D
11:14:56,ICBP,RG,8525,7,F,ZP,PD,D
11:14:56,ICBP,RG,8525,3,D,EP,PD,D
11:14:56,ICBP,RG,8525,5,D,PD,PD,D
11:14:56,ICBP,RG,8525,1,D,KK,PD,D
11:14:30,ICBP,RG,8525,4,D,KK,BK,D
11:14:30,ICBP,RG,8525,4,D,YP,BK,D
11:14:30,ICBP,RG,8525,3,D,LG,BK,D
11:14:30,ICBP,RG,8525,10,D,LS,BK,D
11:14:30,ICBP,RG,8525,1,D,PD,BK,D
11:14:30,ICBP,RG,8525,10,D,PD,BK,D
11:14:30,ICBP,RG,8525,11,F,BK,BK,D
11:14:10,ICBP,RG,8525,3,F,BK,BQ,D
11:14:04,ICBP,RG,8525,91,F,BK,PD,D
11:14:04,ICBP,RG,8525,59,D,HP,PD,D
11:13:52,ICBP,RG,8550,17,F,BK,PD,D
11:13:51,ICBP,RG,8550,1,D,CC,PD,D
11:13:49,ICBP,RG,8550,11,F,BK,PD,D
11:13:48,ICBP,RG,8525,87,D,HP,CS,D
11:13:21,ICBP,RG,8550,1,D,CC,PD,D
11:13:16,ICBP,RG,8550,5,D,YP,PD,D
11:13:07,ICBP,RG,8550,15,F,BK,PD,D
11:13:04,ICBP,RG,8525,4,D,HP,BK,D
11:13:04,ICBP,RG,8525,2,F,CS,BK,D
11:13:04,ICBP,RG,8525,15,D,HP,BK,D
11:13:04,ICBP,RG,8525,5,D,YP,BK,D
11:12:29,ICBP,RG,8550,15,F,BK,PD,D
11:12:23,ICBP,RG,8550,42,F,BK,PD,D
11:12:19,ICBP,RG,8525,54,D,YP,LG,D
11:12:19,ICBP,RG,8525,2,F,CS,LG,D
11:12:19,ICBP,RG,8525,1,D,GR,LG,D
11:12:19,ICBP,RG,8525,2,D,PD,LG,D
11:12:19,ICBP,RG,8525,1,D,KK,LG,D
11:12:19,ICBP,RG,8525,2,D,AI,LG,D
11:12:19,ICBP,RG,8525,25,D,YP,LG,D
11:12:19,ICBP,RG,8525,1,D,PD,LG,D
11:12:19,ICBP,RG,8525,3,D,DH,LG,D
11:12:19,ICBP,RG,8525,2,D,DR,LG,D
11:12:19,ICBP,RG,8525,1,D,SQ,LG,D
11:12:19,ICBP,RG,8525,2,D,PD,LG,D
11:12:19,ICBP,RG,8525,1,D,BQ,LG,D
11:12:19,ICBP,RG,8525,1,F,CS,LG,D
11:12:19,ICBP,RG,8525,2,F,CS,LG,D
11:12:19,ICBP,RG,8525,100,F,KZ,LG,D
11:12:16,ICBP,RG,8525,3,F,KZ,BQ,D
11:11:50,ICBP,RG,8550,8,D,PD,PD,D
11:11:24,ICBP,RG,8550,17,F,BK,PD,D
11:11:21,ICBP,RG,8550,42,F,BK,PD,D
11:11:21,ICBP,RG,8550,11,F,BK,PD,D
11:11:21,ICBP,RG,8525,90,F,KZ,CS,D
11:11:21,ICBP,RG,8550,11,F,KZ,PD,D
11:11:21,ICBP,RG,8550,161,F,KZ,PD,D
11:11:19,ICBP,RG,8550,56,F,CC,PD,D
11:11:08,ICBP,RG,8550,17,F,BK,PD,D
11:11:05,ICBP,RG,8550,17,F,CC,PD,D
11:11:05,ICBP,RG,8550,6,F,CC,PD,D
11:11:05,ICBP,RG,8550,6,F,CC,PD,D
11:10:59,ICBP,RG,8550,1,D,YP,PD,D
11:10:58,ICBP,RG,8550,1,D,PD,PD,D
11:10:55,ICBP,RG,8550,1,F,BK,PD,D
11:10:55,ICBP,RG,8550,8,F,BK,PD,D
11:10:55,ICBP,RG,8550,5,F,BK,PD,D
11:10:54,ICBP,RG,8525,39,F,KZ,BK,D
11:10:35,ICBP,RG,8550,1,D,PD,PD,D
11:10:12,ICBP,RG,8525,2,F,KZ,PD,D
11:10:10,ICBP,RG,8550,10,D,NI,PD,D
11:09:21,ICBP,RG,8550,10,D,PD,PD,D
11:08:55,ICBP,RG,8550,5,D,YP,PD,D
11:08:51,ICBP,RG,8550,12,F,BK,PD,D
11:08:45,ICBP,RG,8550,7,F,BK,PD,D
11:08:45,ICBP,RG,8550,3,F,BK,PD,D
11:08:43,ICBP,RG,8525,95,F,KZ,CS,D
11:08:40,ICBP,RG,8550,18,F,BK,PD,D
11:08:35,ICBP,RG,8550,14,F,BK,PD,D
11:08:32,ICBP,RG,8550,26,F,BK,PD,D
11:08:32,ICBP,RG,8550,5,F,BK,PD,D
11:08:32,ICBP,RG,8550,2,F,BK,PD,D
11:08:32,ICBP,RG,8550,35,F,BK,PD,D
11:08:32,ICBP,RG,8550,1,F,BK,PD,D
11:08:27,ICBP,RG,8525,171,F,KZ,BB,D
11:08:27,ICBP,RG,8525,3,F,ZP,BB,D
11:08:27,ICBP,RG,8525,1,D,DR,BB,D
11:08:27,ICBP,RG,8525,2,F,CS,BB,D
11:08:27,ICBP,RG,8525,1,F,CS,BB,D
11:08:27,ICBP,RG,8525,10,D,CC,BB,D
11:08:27,ICBP,RG,8525,10,D,KK,BB,D
11:08:27,ICBP,RG,8525,2,F,CS,BB,D
11:08:27,ICBP,RG,8525,1,D,KK,BB,D
11:08:27,ICBP,RG,8525,9,D,YP,BB,D
11:08:27,ICBP,RG,8525,3,D,AZ,BB,D
11:08:27,ICBP,RG,8525,3,F,ZP,BB,D
11:08:27,ICBP,RG,8525,1,D,NI,BB,D
11:08:27,ICBP,RG,8525,1,D,YP,BB,D
11:08:27,ICBP,RG,8525,2,D,PD,BB,D
11:08:27,ICBP,RG,8525,1,D,YP,BB,D
11:08:27,ICBP,RG,8525,159,F,KZ,BB,D
11:08:09,ICBP,RG,8550,19,F,BK,PD,D
11:08:08,ICBP,RG,8550,4,D,PD,PD,D
11:08:08,ICBP,RG,8550,2,D,PD,YP,D
11:08:08,ICBP,RG,8550,14,D,PD,OD,D
11:08:07,ICBP,RG,8550,15,D,PD,OD,D
11:08:01,ICBP,RG,8550,20,D,HP,CS,F
11:07:56,ICBP,RG,8550,2,D,PD,CS,F
11:07:45,ICBP,RG,8550,12,F,BK,CS,F
11:07:40,ICBP,RG,8550,16,F,BK,CS,F
11:07:34,ICBP,RG,8525,4,F,KZ,AK,D
11:07:34,ICBP,RG,8525,10,D,KK,AK,D
11:07:34,ICBP,RG,8525,4,F,CS,AK,D
11:07:34,ICBP,RG,8525,5,D,LG,AK,D
11:07:34,ICBP,RG,8525,10,D,SS,AK,D
11:07:34,ICBP,RG,8525,4,F,CS,AK,D
11:07:34,ICBP,RG,8525,41,D,OD,AK,D
11:07:11,ICBP,RG,8550,123,F,KZ,CS,F
11:07:11,ICBP,RG,8550,10,F,KZ,BK,D
11:07:11,ICBP,RG,8550,6,F,KZ,BK,D
11:05:59,ICBP,RG,8550,20,D,IF,BK,D
11:05:48,ICBP,RG,8525,93,D,OD,CS,D
11:05:47,ICBP,RG,8550,2,D,PD,BK,D
11:05:32,ICBP,RG,8525,5,D,OD,AZ,D
11:05:30,ICBP,RG,8525,29,D,OD,OD,D
11:05:22,ICBP,RG,8550,2,D,PD,BK,D
11:04:46,ICBP,RG,8550,35,D,EP,BK,D
11:04:18,ICBP,RG,8550,1,D,GR,BK,D
11:04:05,ICBP,RG,8550,1,D,KK,SQ,D
11:04:03,ICBP,RG,8525,37,D,OD,BK,D
11:03:44,ICBP,RG,8550,2,D,EP,SQ,D
11:03:30,ICBP,RG,8525,2,D,OD,AZ,D
11:02:48,ICBP,RG,8525,91,D,OD,CS,D
11:02:30,ICBP,RG,8525,36,D,OD,XA,D
11:02:07,ICBP,RG,8525,27,D,OD,BK,D
11:01:33,ICBP,RG,8525,1,D,OD,PD,D
11:01:08,ICBP,RG,8525,1,D,OD,SQ,D
11:00:28,ICBP,RG,8550,2,D,YJ,SQ,D
11:00:10,ICBP,RG,8525,27,D,OD,BK,D
10:59:46,ICBP,RG,8525,89,D,OD,CS,D
10:59:20,ICBP,RG,8550,10,D,YP,SQ,D
10:59:19,ICBP,RG,8550,1,D,KK,SQ,D
10:59:16,ICBP,RG,8550,14,F,KZ,SQ,D
10:59:16,ICBP,RG,8550,35,F,KZ,LG,D
10:59:16,ICBP,RG,8550,3,F,KZ,BQ,D
10:59:16,ICBP,RG,8550,20,F,KZ,YU,D
10:59:16,ICBP,RG,8550,1,F,KZ,OD,D
10:59:16,ICBP,RG,8550,5,F,KZ,PD,D
10:59:16,ICBP,RG,8550,28,F,KZ,PD,D
10:59:16,ICBP,RG,8550,2,F,KZ,AZ,D
10:59:16,ICBP,RG,8550,7,F,KZ,PD,D
10:58:41,ICBP,RG,8550,2,D,YP,PD,D
10:58:28,ICBP,RG,8550,15,D,XA,CS,F
10:58:23,ICBP,RG,8525,350,D,OD,LG,D
10:57:50,ICBP,RG,8550,2,D,PD,CS,F
10:57:47,ICBP,RG,8525,36,D,OD,BK,D
10:57:30,ICBP,RG,8550,1,D,PD,CS,F
10:56:57,ICBP,RG,8550,5,D,OD,CS,F
10:56:33,ICBP,RG,8525,84,D,OD,CS,D
10:55:53,ICBP,RG,8525,32,D,OD,BK,D
10:55:49,ICBP,RG,8525,19,D,OD,AK,D
10:55:49,ICBP,RG,8525,1,D,NI,AK,D
10:55:49,ICBP,RG,8525,1,D,AZ,AK,D
10:55:49,ICBP,RG,8525,2,F,ZP,AK,D
10:55:49,ICBP,RG,8525,5,D,YP,AK,D
10:55:49,ICBP,RG,8525,52,F,CC,AK,D
10:55:06,ICBP,RG,8550,1,D,LG,CS,F
10:54:49,ICBP,RG,8525,8,F,CC,CC,D
10:54:33,ICBP,RG,8550,1,D,LG,CS,F
10:54:32,ICBP,RG,8550,5,D,CC,CS,F
10:54:24,ICBP,RG,8550,2,D,PD,CS,F
10:53:42,ICBP,RG,8525,90,F,CC,CS,D
10:53:42,ICBP,RG,8525,5,D,AZ,CS,D
10:53:39,ICBP,RG,8525,1,D,AZ,NI,D
10:53:39,ICBP,RG,8525,2,F,CS,NI,D
10:53:39,ICBP,RG,8525,1,D,SQ,NI,D
10:53:39,ICBP,RG,8525,50,D,YP,NI,D
10:53:39,ICBP,RG,8525,5,D,KK,NI,D
10:53:39,ICBP,RG,8525,5,D,EP,NI,D
10:53:39,ICBP,RG,8525,29,F,AK,NI,D
10:53:39,ICBP,RG,8525,19,F,BK,NI,D
10:53:35,ICBP,RG,8525,166,F,BK,PD,D
10:53:35,ICBP,RG,8525,5,D,IF,PD,D
10:53:35,ICBP,RG,8525,13,F,ZP,PD,D
10:53:35,ICBP,RG,8525,16,F,AK,PD,D
10:53:30,ICBP,RG,8550,7,D,CC,CS,F
10:53:15,ICBP,RG,8550,20,D,CC,CS,F
10:52:22,ICBP,RG,8550,1,D,SQ,CS,F
10:51:44,ICBP,RG,8525,1,F,AK,YP,D
10:51:35,ICBP,RG,8550,5,D,IF,CS,F
10:51:31,ICBP,RG,8525,10,F,AK,PD,D
10:50:40,ICBP,RG,8525,92,F,AK,CS,D
10:50:35,ICBP,RG,8525,7,F,AK,PD,D
10:50:14,ICBP,RG,8550,2,D,YP,CS,F
10:49:13,ICBP,RG,8550,10,D,CC,CS,F
10:48:51,ICBP,RG,8550,10,D,KK,CS,F
10:48:28,ICBP,RG,8550,10,D,CC,CS,F
10:47:56,ICBP,RG,8550,1,D,PD,CS,F
10:47:49,ICBP,RG,8550,1,D,YP,CS,F
10:47:49,ICBP,RG,8550,9,D,YP,BK,D
10:47:47,ICBP,RG,8525,84,F,AK,CS,D
10:47:47,ICBP,RG,8525,5,F,CS,CS,D
10:47:47,ICBP,RG,8525,1,D,DR,CS,D
10:46:55,ICBP,RG,8525,1,D,DR,AT,D
10:46:16,ICBP,RG,8525,30,D,DR,PD,D
10:45:35,ICBP,RG,8525,3,D,DR,AZ,D
10:44:32,ICBP,RG,8525,1,D,DR,KK,D
10:43:53,ICBP,RG,8550,10,D,YU,BK,D
10:43:30,ICBP,RG,8525,68,D,DR,SQ,D
10:43:11,ICBP,RG,8550,1,D,YP,BK,D
10:42:53,ICBP,RG,8550,4,D,PD,BK,D
10:42:30,ICBP,RG,8550,10,D,YP,BK,D
10:42:25,ICBP,RG,8550,1,D,PD,BK,D
10:42:23,ICBP,RG,8525,2,D,DR,AZ,D
10:41:01,ICBP,RG,8550,1,D,YP,BK,D
10:40:57,ICBP,RG,8550,15,D,DH,BK,D
10:40:37,ICBP,RG,8550,11,F,BK,BK,D
10:40:36,ICBP,RG,8525,33,D,DR,CS,D
10:40:36,ICBP,RG,8525,5,D,DR,YP,D
10:40:36,ICBP,RG,8525,11,D,DR,BK,D
10:40:36,ICBP,RG,8525,13,D,DR,AK,D
10:40:36,ICBP,RG,8525,3,D,DR,CS,D
10:40:36,ICBP,RG,8525,4,D,DR,BB,D
10:40:36,ICBP,RG,8525,5,D,DR,BB,D
10:40:09,ICBP,RG,8525,1,D,PD,BB,D
10:40:06,ICBP,RG,8525,1,D,PD,BB,D
10:39:59,ICBP,RG,8525,1,F,BK,CS,D
10:39:59,ICBP,RG,8525,15,F,BK,OD,D
10:39:54,ICBP,RG,8525,3,D,CC,OD,D
10:39:48,ICBP,RG,8525,1,D,PD,OD,D
10:39:21,ICBP,RG,8525,1,D,YP,OD,D
10:39:14,ICBP,RG,8525,9,D,KK,OD,D
10:39:14,ICBP,RG,8525,1,D,KK,BB,D
10:39:04,ICBP,RG,8525,1,D,PD,BB,D
10:39:04,ICBP,RG,8525,4,D,PD,BB,D
10:38:58,ICBP,RG,8525,6,D,PD,BB,D
10:38:56,ICBP,RG,8525,1,D,DR,BB,D
10:38:52,ICBP,RG,8525,1,F,CC,BB,D
10:38:52,ICBP,RG,8525,8,F,CC,BB,D
10:38:51,ICBP,RG,8525,12,F,BK,BB,D
10:38:46,ICBP,RG,8525,23,F,BK,BB,D
10:38:45,ICBP,RG,8525,12,F,AK,CS,D
10:38:45,ICBP,RG,8525,5,F,AK,PD,D
10:38:45,ICBP,RG,8525,13,F,AK,AK,D
10:38:45,ICBP,RG,8525,61,F,AK,BB,D
10:38:45,ICBP,RG,8525,1,F,AK,KZ,F
10:38:43,ICBP,RG,8525,33,F,CC,CS,D
10:38:43,ICBP,RG,8525,5,F,CC,CS,D
10:38:43,ICBP,RG,8525,2,F,CC,KZ,F
10:38:43,ICBP,RG,8525,10,F,CC,BK,D
10:38:43,ICBP,RG,8525,20,F,CC,BB,D
10:38:40,ICBP,RG,8525,11,D,YP,BB,D
10:38:39,ICBP,RG,8525,10,D,PD,BB,D
10:38:32,ICBP,RG,8525,1,D,PD,BB,D
10:38:17,ICBP,RG,8525,1,D,PD,BB,D
10:38:15,ICBP,RG,8525,1,D,CC,BB,D
10:37:47,ICBP,RG,8525,4,D,PD,BB,D
10:37:44,ICBP,RG,8525,1,D,CC,BB,D
10:37:28,ICBP,RG,8525,25,D,YP,BB,D
10:37:28,ICBP,RG,8525,16,F,BK,BB,D
10:37:28,ICBP,RG,8525,3,F,BK,AK,D
10:37:22,ICBP,RG,8525,5,D,YP,AK,D
10:37:18,ICBP,RG,8525,10,F,BK,AK,D
10:37:18,ICBP,RG,8525,1,F,BK,BB,D
10:37:15,ICBP,RG,8525,2,F,BK,BB,D
10:37:15,ICBP,RG,8525,2,F,BK,CS,D
10:37:15,ICBP,RG,8525,1,F,BK,KZ,F
10:37:15,ICBP,RG,8525,42,F,BK,CS,D
10:37:13,ICBP,RG,8525,13,F,AK,CS,D
10:37:13,ICBP,RG,8525,55,F,AK,PD,D
10:37:13,ICBP,RG,8525,117,F,BK,PD,D
10:37:13,ICBP,RG,8525,4,F,BK,CS,D
10:37:13,ICBP,RG,8525,48,F,BK,CS,D
10:37:13,ICBP,RG,8525,71,F,BK,PD,D
10:37:06,ICBP,RG,8525,14,F,BK,PD,D
10:37:02,ICBP,RG,8525,27,F,BK,PD,D
10:36:59,ICBP,RG,8525,22,D,YP,PD,D
10:36:59,ICBP,RG,8525,13,D,YP,PD,D
10:36:59,ICBP,RG,8525,153,D,YP,PD,D
10:36:59,ICBP,RG,8525,4,D,YP,PD,D
10:36:59,ICBP,RG,8525,5,D,YP,PD,D
10:36:59,ICBP,RG,8525,3,D,YP,PD,D
10:36:54,ICBP,RG,8525,2,D,YB,PD,D
10:36:50,ICBP,RG,8525,2,D,DH,PD,D
10:36:33,ICBP,RG,8525,11,F,BK,PD,D
10:36:29,ICBP,RG,8525,10,D,SQ,PD,D
10:36:27,ICBP,RG,8525,1,D,YP,PD,D
10:36:23,ICBP,RG,8525,6,D,NI,PD,D
10:36:23,ICBP,RG,8525,4,D,NI,PD,D
10:36:16,ICBP,RG,8525,2,D,NI,PD,D
10:36:08,ICBP,RG,8525,20,F,BK,PD,D
10:36:05,ICBP,RG,8525,11,F,BK,PD,D
10:36:05,ICBP,RG,8525,3,F,BK,PD,D
10:36:05,ICBP,RG,8525,1,F,BK,PD,D
10:36:05,ICBP,RG,8525,21,F,BK,PD,D
10:36:05,ICBP,RG,8525,15,F,BK,PD,D
10:36:05,ICBP,RG,8525,1,F,BK,CS,D
10:36:05,ICBP,RG,8525,2,F,BK,PD,D
10:36:05,ICBP,RG,8525,8,F,BK,AZ,D
10:36:05,ICBP,RG,8525,13,F,BK,BK,D
10:36:03,ICBP,RG,8525,57,D,YP,BK,D
10:36:03,ICBP,RG,8525,27,D,YP,CS,D
10:36:03,ICBP,RG,8525,11,D,YP,CS,D
10:36:03,ICBP,RG,8525,16,D,YP,CS,D
10:36:03,ICBP,RG,8525,95,D,YP,CS,D
10:36:03,ICBP,RG,8525,32,D,YP,CS,D
10:36:03,ICBP,RG,8525,14,D,YP,AK,D
10:36:03,ICBP,RG,8525,29,D,YP,OD,D
10:36:03,ICBP,RG,8525,1,D,YP,YP,D
10:36:03,ICBP,RG,8525,2,D,YP,CS,D
10:36:03,ICBP,RG,8525,1,D,YP,CS,D
10:36:03,ICBP,RG,8525,13,D,YP,AK,D
10:36:03,ICBP,RG,8525,2,D,YP,KZ,F
10:36:03,ICBP,RG,8525,48,D,YP,BK,D
10:36:03,ICBP,RG,8525,2,D,YP,CS,D
10:36:03,ICBP,RG,8525,150,D,YP,BB,D
10:35:58,ICBP,RG,8525,1,D,NI,BB,D
10:35:54,ICBP,RG,8525,19,F,BK,BB,D
10:35:50,ICBP,RG,8500,4,D,PD,DH,D
10:35:50,ICBP,RG,8500,2,D,YP,DH,D
10:35:49,ICBP,RG,8525,15,F,BK,BB,D
10:35:43,ICBP,RG,8525,1,D,AZ,BB,D
10:35:43,ICBP,RG,8525,83,F,BK,BB,D
10:35:40,ICBP,RG,8525,244,D,YP,BB,D
10:35:40,ICBP,RG,8525,93,D,YP,BK,D
10:35:40,ICBP,RG,8525,2,D,YP,CS,D
10:35:40,ICBP,RG,8525,161,D,YP,BB,D
10:35:37,ICBP,RG,8525,1,D,PD,BB,D
10:35:28,ICBP,RG,8525,2,D,PD,BB,D
10:35:25,ICBP,RG,8525,5,D,YP,BB,D
10:35:25,ICBP,RG,8525,11,F,BK,BB,D
10:35:23,ICBP,RG,8525,14,F,BK,BB,D
10:35:21,ICBP,RG,8525,65,F,KZ,BB,D
10:35:21,ICBP,RG,8525,1,F,KZ,KZ,F
10:35:21,ICBP,RG,8525,52,F,KZ,PD,D
10:35:19,ICBP,RG,8525,2,D,PD,PD,D
10:34:31,ICBP,RG,8525,1,D,YP,PD,D
10:33:50,ICBP,RG,8525,2,D,YP,PD,D
10:33:31,ICBP,RG,8525,1,D,AT,PD,D
10:33:27,ICBP,RG,8525,11,D,YP,PD,D
10:33:20,ICBP,RG,8525,11,D,PD,PD,D
10:33:14,ICBP,RG,8525,1,D,BQ,PD,D
10:32:45,ICBP,RG,8525,1,D,NI,PD,D
10:32:30,ICBP,RG,8525,90,D,OD,PD,D
10:32:30,ICBP,RG,8525,1,D,OD,CS,D
10:32:30,ICBP,RG,8525,134,D,OD,PD,D
10:32:30,ICBP,RG,8525,30,D,OD,BK,D
10:32:30,ICBP,RG,8525,13,D,OD,PD,D
10:32:30,ICBP,RG,8525,153,D,OD,PD,D
10:32:30,ICBP,RG,8525,3,D,OD,PD,D
10:32:30,ICBP,RG,8525,5,D,OD,PD,D
10:32:30,ICBP,RG,8525,5,D,OD,PD,D
10:32:30,ICBP,RG,8525,30,D,OD,PD,D
10:32:30,ICBP,RG,8525,36,D,OD,PD,D
10:32:30,ICBP,RG,8525,1,D,PD,PD,D
10:32:21,ICBP,RG,8525,3,D,YP,PD,D
10:32:21,ICBP,RG,8525,1,D,YP,PD,D
10:32:21,ICBP,RG,8525,21,D,YP,PD,D
10:32:21,ICBP,RG,8525,3,D,YP,PD,D
10:31:57,ICBP,RG,8525,12,D,YP,PD,D
10:31:57,ICBP,RG,8525,13,D,YP,AK,D
10:31:57,ICBP,RG,8525,2,D,YP,CS,D
10:31:57,ICBP,RG,8525,3,D,YP,BB,D
10:31:50,ICBP,RG,8525,2,D,GR,BB,D
10:31:44,ICBP,RG,8525,3,D,YP,BB,D
10:31:44,ICBP,RG,8525,1,D,BQ,BB,D
10:31:37,ICBP,RG,8525,1,D,NI,BB,D
10:31:33,ICBP,RG,8525,1,D,YP,BB,D
10:31:14,ICBP,RG,8525,1,D,CC,BB,D
10:31:00,ICBP,RG,8525,1,D,CC,BB,D
10:30:55,ICBP,RG,8525,10,D,YP,BB,D
10:30:43,ICBP,RG,8525,7,D,KK,BB,D
10:30:43,ICBP,RG,8525,3,D,KK,PD,D
10:30:31,ICBP,RG,8525,1,D,PD,PD,D
10:30:15,ICBP,RG,8500,1,D,PD,YP,D
10:30:12,ICBP,RG,8525,12,D,YP,PD,D
10:30:06,ICBP,RG,8525,1,D,CC,PD,D
10:30:03,ICBP,RG,8525,2,D,PD,PD,D
10:29:57,ICBP,RG,8525,2,D,YP,PD,D
10:29:17,ICBP,RG,8525,1,D,PD,PD,D
10:29:15,ICBP,RG,8525,10,D,CC,PD,D
10:29:15,ICBP,RG,8525,1,D,YP,PD,D
10:29:14,ICBP,RG,8525,1,D,PD,PD,D
10:29:13,ICBP,RG,8525,1,D,CC,PD,D
10:29:11,ICBP,RG,8525,11,D,YP,PD,D
10:28:58,ICBP,RG,8525,90,F,BK,PD,D
10:28:58,ICBP,RG,8525,7,F,ZP,PD,D
10:28:58,ICBP,RG,8525,4,F,CS,PD,D
10:28:58,ICBP,RG,8525,1,F,CS,PD,D
10:28:58,ICBP,RG,8525,202,D,OD,PD,D
10:28:43,ICBP,RG,8525,5,D,OD,AT,D
10:28:33,ICBP,RG,8525,5,D,OD,PD,D
10:28:33,ICBP,RG,8525,16,D,OD,AK,D
10:28:33,ICBP,RG,8525,1,D,OD,CS,D
10:28:33,ICBP,RG,8525,1,D,OD,CS,D
10:28:33,ICBP,RG,8525,10,D,OD,KK,D
10:28:33,ICBP,RG,8525,64,D,OD,BK,D
10:28:33,ICBP,RG,8525,12,D,OD,YP,D
10:28:33,ICBP,RG,8525,2,D,OD,CS,D
10:28:33,ICBP,RG,8525,150,D,OD,LG,D
10:28:33,ICBP,RG,8525,13,D,OD,AK,D
10:28:33,ICBP,RG,8525,22,D,OD,NI,D
10:28:33,ICBP,RG,8525,5,D,OD,BQ,D
10:28:33,ICBP,RG,8525,91,D,OD,BK,D
10:28:33,ICBP,RG,8525,1,D,OD,KZ,F
10:28:33,ICBP,RG,8525,2,D,OD,CS,D
10:28:33,ICBP,RG,8525,157,D,OD,PD,D
10:28:33,ICBP,RG,8525,15,D,OD,PD,D
10:28:33,ICBP,RG,8525,179,D,OD,PD,D
10:28:33,ICBP,RG,8525,4,D,OD,PD,D
10:28:33,ICBP,RG,8525,6,D,OD,PD,D
10:28:33,ICBP,RG,8525,6,D,OD,PD,D
10:28:33,ICBP,RG,8525,31,D,OD,PD,D
10:27:26,ICBP,RG,8525,5,F,KZ,PD,D
10:27:26,ICBP,RG,8525,43,F,KZ,PD,D
10:27:26,ICBP,RG,8525,4,F,KZ,PD,D
10:27:26,ICBP,RG,8525,1,F,KZ,PD,D
10:27:26,ICBP,RG,8525,25,F,KZ,PD,D
10:27:26,ICBP,RG,8525,17,F,KZ,PD,D
10:27:26,ICBP,RG,8525,13,F,KZ,NI,D
10:27:26,ICBP,RG,8525,10,F,KZ,BK,D
10:27:26,ICBP,RG,8525,25,F,KZ,KK,D
10:27:26,ICBP,RG,8525,8,F,KZ,AK,D
10:27:13,ICBP,RG,8500,1,D,PD,PD,D
10:27:13,ICBP,RG,8500,5,D,SQ,PD,D
10:27:13,ICBP,RG,8500,1,D,SQ,PD,D
10:27:13,ICBP,RG,8500,1,D,NI,PD,D
10:27:13,ICBP,RG,8500,4,D,YB,PD,D
10:26:57,ICBP,RG,8525,5,D,YP,AK,D
10:26:27,ICBP,RG,8525,1,D,ZP,AK,D
10:26:27,ICBP,RG,8525,1,D,ZP,CS,D
10:26:27,ICBP,RG,8525,8,D,ZP,PD,D
10:25:37,ICBP,RG,8525,10,D,YP,PD,D
10:25:18,ICBP,RG,8525,5,D,EP,PD,D
10:25:12,ICBP,RG,8525,5,D,GR,PD,D
10:24:35,ICBP,RG,8525,1,D,YP,PD,D
10:24:34,ICBP,RG,8500,1,D,YB,PD,D
10:24:26,ICBP,RG,8525,24,D,NI,PD,D
10:23:29,ICBP,RG,8525,41,D,LG,PD,D
10:23:29,ICBP,RG,8525,9,D,LG,PD,D
10:23:27,ICBP,RG,8525,2,D,PD,PD,D
10:23:00,ICBP,RG,8525,1,D,EP,PD,D
10:23:00,ICBP,RG,8525,4,D,YP,PD,D
10:23:00,ICBP,RG,8525,2,F,CS,PD,D
10:23:00,ICBP,RG,8525,2,F,CS,PD,D
10:23:00,ICBP,RG,8525,2,F,BK,PD,D
10:23:00,ICBP,RG,8525,3,D,KK,PD,D
10:23:00,ICBP,RG,8525,91,F,CS,PD,D
10:23:00,ICBP,RG,8525,2,F,CS,PD,D
10:23:00,ICBP,RG,8525,4,F,CS,PD,D
10:23:00,ICBP,RG,8525,3,F,CS,PD,D
10:23:00,ICBP,RG,8525,21,F,CS,PD,D
10:23:00,ICBP,RG,8525,13,F,CS,PD,D
10:23:00,ICBP,RG,8525,1,F,ZP,PD,D
10:23:00,ICBP,RG,8525,10,D,CC,PD,D
10:23:00,ICBP,RG,8525,2,D,LS,PD,D
10:23:00,ICBP,RG,8525,2,D,LS,PD,D
10:23:00,ICBP,RG,8525,1,D,LS,PD,D
10:22:59,ICBP,RG,8525,5,D,LS,PD,D
10:22:59,ICBP,RG,8525,10,D,YP,PD,D
10:22:59,ICBP,RG,8525,5,D,YP,PD,D
10:22:59,ICBP,RG,8525,3,D,YP,PD,D
10:22:59,ICBP,RG,8525,2,D,CC,PD,D
10:22:26,ICBP,RG,8525,8,D,CC,CS,D
10:22:26,ICBP,RG,8525,2,D,KK,CS,D
10:22:26,ICBP,RG,8525,50,D,YP,CS,D
10:22:26,ICBP,RG,8525,4,D,YP,CS,D
10:22:26,ICBP,RG,8525,25,D,NI,CS,D
10:22:26,ICBP,RG,8525,1,F,ZP,CS,D
10:22:26,ICBP,RG,8525,225,D,AZ,CS,D
10:22:26,ICBP,RG,8525,5,D,CC,CS,D
10:22:26,ICBP,RG,8525,265,F,BK,CS,D
10:22:26,ICBP,RG,8525,3,F,CC,CS,D
10:22:26,ICBP,RG,8525,1,F,CS,CS,D
10:22:26,ICBP,RG,8525,5,F,ZP,CS,D
10:22:26,ICBP,RG,8525,36,F,AK,CS,D
10:22:26,ICBP,RG,8525,3,F,CS,CS,D
10:22:26,ICBP,RG,8525,367,D,OD,CS,D
10:22:18,ICBP,RG,8550,2,D,CC,CS,D
10:22:18,ICBP,RG,8550,4,D,CC,CC,D
10:22:18,ICBP,RG,8550,4,D,CC,CS,D
10:21:27,ICBP,RG,8550,16,F,BK,CS,D
10:21:23,ICBP,RG,8550,11,F,BK,CS,D
10:21:23,ICBP,RG,8550,3,F,BK,CS,D
10:21:21,ICBP,RG,8550,25,F,BK,CS,D
10:21:21,ICBP,RG,8550,45,F,BK,BK,D
10:21:18,ICBP,RG,8525,1,D,OD,CS,D
10:21:18,ICBP,RG,8525,30,D,OD,YP,D
10:21:18,ICBP,RG,8525,1,D,OD,KZ,F
10:21:18,ICBP,RG,8525,79,D,OD,BK,D
