Time,Stock,Brd,Price,Qty,BT,BC,SC,ST
15:14:55,ICBP,RG,7175,1,D,AK,DH,D
15:13:44,ICBP,RG,7175,15,D,AK,CC,D
15:12:56,ICBP,RG,7175,5,D,AK,KK,D
15:12:06,ICBP,RG,7175,5,D,AK,EP,D
15:10:28,ICBP,RG,7175,2,D,AK,GR,D
15:09:41,ICBP,RG,7175,75,D,AK,YP,D
15:07:40,ICBP,RG,7175,1,D,AK,DH,D
15:06:00,ICBP,RG,7175,1,D,AK,PD,D
15:05:30,ICBP,RG,7175,5,D,AK,XC,D
15:04:39,ICBP,RG,7175,30,D,AK,CC,D
15:04:33,ICBP,RG,7175,7,D,AK,PD,D
15:03:42,ICBP,RG,7175,10,D,AK,YP,D
15:03:38,ICBP,RG,7175,1,D,AK,KK,D
15:03:00,ICBP,RG,7175,10,D,AK,TP,D
15:02:46,ICBP,RG,7175,1,D,AK,YP,D
15:01:54,ICBP,RG,7175,481,D,AK,AK,D
15:01:54,ICBP,RG,7175,1089,D,AK,AK,D
15:01:54,ICBP,RG,7175,822,D,AK,AK,D
15:01:54,ICBP,RG,7175,1089,D,AK,AK,D
15:01:54,ICBP,RG,7175,1,D,DR,AK,D
15:01:54,ICBP,RG,7175,822,D,AK,AK,D
15:01:54,ICBP,RG,7175,1089,D,AK,AK,D
15:01:54,ICBP,RG,7175,3,D,XL,AK,D
15:01:54,ICBP,RG,7175,1,D,PD,AK,D
15:01:54,ICBP,RG,7175,50,D,KK,AK,D
15:01:54,ICBP,RG,7175,1,D,XL,AK,D
15:01:54,ICBP,RG,7175,1,D,CC,AK,D
15:01:54,ICBP,RG,7175,1,D,YP,AK,D
15:01:54,ICBP,RG,7175,5,D,CC,AK,D
15:01:54,ICBP,RG,7175,1,D,PD,AK,D
15:01:54,ICBP,RG,7175,20,D,YP,AK,D
15:01:54,ICBP,RG,7175,5,D,KK,AK,D
15:01:54,ICBP,RG,7175,1,D,NI,AK,D
15:01:54,ICBP,RG,7175,2,D,OD,AK,D
15:01:54,ICBP,RG,7175,2,D,PD,AK,D
15:01:54,ICBP,RG,7175,9,D,YP,AK,D
15:01:54,ICBP,RG,7175,50,D,ZP,AK,D
15:01:54,ICBP,RG,7175,23,D,PD,AK,D
15:01:54,ICBP,RG,7175,2,D,KK,AK,D
15:01:54,ICBP,RG,7175,2,D,NI,AK,D
15:01:54,ICBP,RG,7175,3,D,CC,AK,D
15:01:54,ICBP,RG,7175,5,D,YP,AK,D
15:01:54,ICBP,RG,7175,1,D,YP,AK,D
15:01:54,ICBP,RG,7175,350,D,TF,AK,D
15:01:54,ICBP,RG,7175,5,D,YP,AK,D
15:01:54,ICBP,RG,7175,1,D,YP,AK,D
15:01:54,ICBP,RG,7175,500,F,KZ,AK,D
15:01:54,ICBP,RG,7175,1210,F,KZ,AK,D
15:01:10,ICBP,RG,7175,27,F,KZ,CC,D
15:00:00,ICBP,RG,7175,81,F,KZ,CS,F
15:00:00,ICBP,RG,7175,1,F,KZ,CC,D
15:00:00,ICBP,RG,7175,5,F,KZ,LG,D
15:00:00,ICBP,RG,7175,10,F,KZ,CC,D
15:00:00,ICBP,RG,7175,1,F,KZ,XC,D
15:00:00,ICBP,RG,7175,1,F,KZ,YP,D
15:00:00,ICBP,RG,7175,140,F,KZ,AI,D
15:00:00,ICBP,RG,7175,71,F,KZ,CC,D
15:00:00,ICBP,RG,7175,50,F,KZ,AI,D
15:00:00,ICBP,RG,7175,1,F,KZ,PD,D
15:00:00,ICBP,RG,7175,8,F,KZ,CC,D
15:00:00,ICBP,RG,7175,2,F,KZ,GR,D
15:00:00,ICBP,RG,7175,5,F,KZ,YP,D
15:00:00,ICBP,RG,7175,1,F,KZ,CC,F
15:00:00,ICBP,RG,7175,3,F,KZ,XC,D
15:00:00,ICBP,RG,7175,5,F,KZ,NI,D
15:00:00,ICBP,RG,7175,250,F,KZ,KI,D
15:00:00,ICBP,RG,7175,40,F,KZ,YP,D
15:00:00,ICBP,RG,7175,12,F,KZ,SQ,D
15:00:00,ICBP,RG,7175,5,F,KZ,KK,D
15:00:00,ICBP,RG,7175,20,F,KZ,EP,D
15:00:00,ICBP,RG,7175,2,F,KZ,YP,D
15:00:00,ICBP,RG,7175,2,F,KZ,XC,D
15:00:00,ICBP,RG,7175,1,F,KZ,MK,D
15:00:00,ICBP,RG,7175,187,F,KZ,OD,D
15:00:00,ICBP,RG,7175,1,D,YP,OD,D
15:00:00,ICBP,RG,7175,17,F,KZ,OD,D
15:00:00,ICBP,RG,7175,105,F,KZ,OD,D
15:00:00,ICBP,RG,7175,1,F,KZ,OD,D
15:00:00,ICBP,RG,7175,58,F,KZ,OD,D
15:00:00,ICBP,RG,7175,13,F,KZ,OD,D
15:00:00,ICBP,RG,7175,326,F,KZ,OD,D
15:00:00,ICBP,RG,7175,100,D,PD,OD,D
15:00:00,ICBP,RG,7175,70,D,CC,OD,D
15:00:00,ICBP,RG,7175,30,D,DR,OD,D
15:00:00,ICBP,RG,7175,271,D,DH,OD,D
15:00:00,ICBP,RG,7175,149,D,DH,NI,D
15:00:00,ICBP,RG,7175,1,D,XC,NI,D
15:00:00,ICBP,RG,7175,25,D,DR,NI,D
15:00:00,ICBP,RG,7175,44,D,DR,AG,D
15:00:00,ICBP,RG,7175,56,D,YP,AG,D
15:00:00,ICBP,RG,7175,10,D,YP,PD,D
15:00:00,ICBP,RG,7175,14,D,YP,CC,D
15:00:00,ICBP,RG,7175,30,D,YP,PD,D
15:00:00,ICBP,RG,7175,40,D,YP,PC,D
15:00:00,ICBP,RG,7175,50,D,YP,PD,D
15:00:00,ICBP,RG,7175,360,D,YP,YU,F
15:00:00,ICBP,RG,7175,300,D,XL,YU,F
15:00:00,ICBP,RG,7175,1,D,GR,YU,F
15:00:00,ICBP,RG,7175,25,F,AK,YU,F
15:00:00,ICBP,RG,7175,62,F,ZP,YU,F
15:00:00,ICBP,RG,7175,324,F,AK,YU,F
15:00:00,ICBP,RG,7175,114,F,BK,YU,F
15:00:00,ICBP,RG,7175,1,F,AK,YU,F
15:00:00,ICBP,RG,7175,8,D,AK,YU,F
15:00:00,ICBP,RG,7175,108,F,AK,YU,F
15:00:00,ICBP,RG,7175,420,F,AK,YU,F
15:00:00,ICBP,RG,7175,4,F,YU,YU,F
15:00:00,ICBP,RG,7175,829,F,ZP,YU,F
15:00:00,ICBP,RG,7175,50,F,YU,YU,F
15:00:00,ICBP,RG,7175,2,F,YU,ZP,F
15:00:00,ICBP,RG,7175,2,F,YU,ZP,F
15:00:00,ICBP,RG,7175,55,F,YU,KZ,D
15:00:00,ICBP,RG,7175,8,F,YU,BK,F
15:00:00,ICBP,RG,7175,575,F,YU,BK,F
15:00:00,ICBP,RG,7175,205,F,YU,ZP,F
15:00:00,ICBP,RG,7175,7,F,YU,AK,F
15:00:00,ICBP,RG,7175,12,F,YU,AK,F
15:00:00,ICBP,RG,7175,5,F,YU,CC,D
15:00:00,ICBP,RG,7175,285,F,YU,AK,F
15:00:00,ICBP,RG,7175,238,D,YU,AK,F
15:00:00,ICBP,RG,7175,275,D,OD,AK,F
15:00:00,ICBP,RG,7175,248,D,OD,ZP,F
15:00:00,ICBP,RG,7175,182,D,OD,ZP,F
15:00:00,ICBP,RG,7175,75,D,CC,ZP,F
14:49:50,ICBP,RG,7175,15,F,KZ,LG,D
14:49:50,ICBP,RG,7175,2,F,KZ,NI,D
14:49:48,ICBP,RG,7175,9,D,PD,HP,D
14:49:48,ICBP,RG,7175,1,D,PD,GR,D
14:49:47,ICBP,RG,7150,6,D,YP,KK,D
14:49:45,ICBP,RG,7150,1,D,YP,AK,F
14:49:40,ICBP,RG,7150,2,D,YP,SQ,D
14:49:40,ICBP,RG,7150,5,D,GR,SQ,D
14:49:40,ICBP,RG,7150,2,D,NI,SQ,D
14:49:40,ICBP,RG,7150,1,D,YP,SQ,D
14:49:40,ICBP,RG,7150,1,D,KK,SQ,D
14:49:40,ICBP,RG,7150,14,D,PD,SQ,D
14:49:40,ICBP,RG,7150,5,D,YP,SQ,D
14:49:40,ICBP,RG,7150,2,D,YP,SQ,D
14:49:40,ICBP,RG,7150,1,D,XC,SQ,D
14:49:40,ICBP,RG,7150,1,D,CC,SQ,D
14:49:40,ICBP,RG,7150,36,F,KZ,SQ,D
14:49:32,ICBP,RG,7150,14,F,KZ,RX,D
14:49:30,ICBP,RG,7150,8,F,KZ,BK,F
14:49:24,ICBP,RG,7150,18,F,KZ,BB,D
14:49:20,ICBP,RG,7150,4,F,KZ,BB,D
14:49:18,ICBP,RG,7150,3,F,KZ,BB,D
14:49:13,ICBP,RG,7150,2,F,KZ,ZP,F
14:49:12,ICBP,RG,7175,20,F,KZ,BK,F
14:49:11,ICBP,RG,7175,6,D,ZP,BK,F
14:49:11,ICBP,RG,7175,2,D,ZP,AK,F
14:49:11,ICBP,RG,7175,4,D,ZP,NI,D
14:49:11,ICBP,RG,7175,25,D,ZP,CC,D
14:49:11,ICBP,RG,7175,1,D,ZP,ZP,F
14:49:11,ICBP,RG,7175,8,D,ZP,BK,F
14:49:11,ICBP,RG,7175,7,D,ZP,RX,D
14:49:11,ICBP,RG,7175,1,D,ZP,PD,D
14:49:11,ICBP,RG,7175,2,D,ZP,YP,D
14:49:11,ICBP,RG,7175,4,D,ZP,CC,D
14:49:09,ICBP,RG,7150,1,F,KZ,BB,D
14:49:04,ICBP,RG,7150,54,F,KZ,BK,F
14:49:02,ICBP,RG,7150,2,F,KZ,BB,D
14:49:00,ICBP,RG,7150,1,F,KZ,AK,F
14:48:59,ICBP,RG,7150,2,F,KZ,BB,D
14:48:59,ICBP,RG,7150,8,F,KZ,BK,F
14:48:53,ICBP,RG,7150,7,F,KZ,RX,D
14:48:52,ICBP,RG,7150,8,F,KZ,BK,F
14:48:51,ICBP,RG,7150,1,F,KZ,RX,D
14:48:48,ICBP,RG,7150,1,F,KZ,PD,D
14:48:47,ICBP,RG,7150,8,F,KZ,BK,F
14:48:46,ICBP,RG,7150,5,F,KZ,BB,D
14:48:45,ICBP,RG,7150,1,F,KZ,AK,F
14:48:42,ICBP,RG,7150,9,F,KZ,BK,F
14:48:40,ICBP,RG,7150,10,F,KZ,KZ,D
14:48:35,ICBP,RG,7150,10,F,KZ,BK,F
14:48:33,ICBP,RG,7150,6,F,KZ,BB,D
14:48:33,ICBP,RG,7150,7,F,KZ,RX,D
14:48:33,ICBP,RG,7175,6,F,KZ,CC,D
14:48:33,ICBP,RG,7175,18,F,KZ,CC,D
14:48:32,ICBP,RG,7175,7,F,AK,CC,D
14:48:32,ICBP,RG,7175,1,F,AK,YP,D
14:48:32,ICBP,RG,7175,2,F,AK,GR,D
14:48:32,ICBP,RG,7175,34,F,AK,CC,D
14:48:30,ICBP,RG,7150,9,F,KZ,BK,F
14:48:28,ICBP,RG,7150,65,F,KZ,RX,D
14:48:28,ICBP,RG,7150,30,D,CC,RX,D
14:48:28,ICBP,RG,7150,2,D,YP,RX,D
14:48:28,ICBP,RG,7150,1,D,NI,RX,D
14:48:28,ICBP,RG,7150,5,D,NI,RX,D
14:48:28,ICBP,RG,7150,3,D,XC,RX,D
14:48:28,ICBP,RG,7150,2,D,KK,RX,D
14:48:28,ICBP,RG,7150,1,D,YU,RX,D
14:48:28,ICBP,RG,7150,1,D,PD,RX,D
14:48:28,ICBP,RG,7150,3,D,NI,RX,D
14:48:28,ICBP,RG,7150,20,D,SQ,RX,D
14:48:28,ICBP,RG,7150,3,D,YP,RX,D
14:48:28,ICBP,RG,7150,20,D,XL,RX,D
14:48:28,ICBP,RG,7150,1,D,XC,RX,D
14:48:28,ICBP,RG,7150,10,D,PD,RX,D
14:48:28,ICBP,RG,7150,15,D,YP,RX,D
14:48:28,ICBP,RG,7150,1,D,CC,RX,D
14:48:28,ICBP,RG,7150,1,D,PD,RX,D
14:48:28,ICBP,RG,7150,100,D,OD,RX,D
14:48:28,ICBP,RG,7150,3,D,XC,RX,D
14:48:28,ICBP,RG,7150,13,D,YU,RX,D
14:48:26,ICBP,RG,7150,8,D,YU,BK,F
14:48:21,ICBP,RG,7150,9,D,YU,BK,F
14:48:18,ICBP,RG,7150,2,D,YU,BB,D
14:48:15,ICBP,RG,7150,8,D,YU,BK,F
14:48:14,ICBP,RG,7150,9,D,YU,RX,D
14:48:12,ICBP,RG,7150,1,D,YU,BB,D
14:48:12,ICBP,RG,7150,1,D,PD,BB,D
14:48:07,ICBP,RG,7150,10,F,KZ,BK,F
14:48:06,ICBP,RG,7150,20,F,KZ,LG,D
14:48:05,ICBP,RG,7150,10,F,KZ,BB,D
14:48:05,ICBP,RG,7175,64,F,KZ,CC,D
14:48:05,ICBP,RG,7175,2,F,KZ,CC,D
14:48:05,ICBP,RG,7175,2,F,KZ,XC,D
14:48:05,ICBP,RG,7175,7,F,KZ,XC,D
14:48:05,ICBP,RG,7175,4,F,KZ,XC,D
14:48:05,ICBP,RG,7175,7,F,KZ,XC,D
14:48:05,ICBP,RG,7175,3,F,KZ,XC,D
14:48:05,ICBP,RG,7175,24,F,KZ,RX,D
14:48:05,ICBP,RG,7175,38,F,KZ,RX,D
14:48:04,ICBP,RG,7150,58,F,KZ,KZ,D
14:48:04,ICBP,RG,7150,41,D,YP,KZ,D
14:48:03,ICBP,RG,7150,8,D,YP,BK,F
14:48:03,ICBP,RG,7175,36,F,KZ,RX,D
14:48:02,ICBP,RG,7175,25,F,AK,RX,D
14:47:59,ICBP,RG,7150,3,D,YP,KZ,D
14:47:55,ICBP,RG,7150,2,D,YP,ZP,F
14:47:54,ICBP,RG,7175,114,F,KZ,RX,D
14:47:54,ICBP,RG,7150,45,D,YP,KZ,D
14:47:54,ICBP,RG,7150,4,D,YP,KZ,D
14:47:54,ICBP,RG,7150,12,D,YP,BK,F
14:47:53,ICBP,RG,7150,10,D,YP,LG,D
14:47:50,ICBP,RG,7150,8,D,YP,BK,F
14:47:48,ICBP,RG,7175,1,D,DH,RX,D
14:47:46,ICBP,RG,7150,5,D,YP,LG,D
14:47:46,ICBP,RG,7150,5,D,YP,LG,D
14:47:45,ICBP,RG,7150,7,D,YP,RX,D
14:47:44,ICBP,RG,7175,16,F,KZ,RX,D
14:47:44,ICBP,RG,7150,32,D,YP,KZ,D
14:47:42,ICBP,RG,7150,24,D,YP,BB,D
14:47:41,ICBP,RG,7150,9,D,YP,BK,F
14:47:39,ICBP,RG,7150,235,D,YP,KZ,D
14:47:39,ICBP,RG,7150,3,D,YP,KZ,D
14:47:28,ICBP,RG,7150,4,D,YP,BK,F
14:47:28,ICBP,RG,7150,11,D,YP,BK,F
14:47:18,ICBP,RG,7150,7,D,YP,BK,F
14:47:04,ICBP,RG,7175,19,F,KZ,RX,D
14:47:03,ICBP,RG,7150,15,D,YP,BK,F
14:47:03,ICBP,RG,7150,2,D,YP,XC,D
14:47:03,ICBP,RG,7150,3,D,YP,ZP,F
14:47:02,ICBP,RG,7175,27,F,AK,RX,D
14:47:02,ICBP,RG,7175,58,F,AK,TP,D
14:46:59,ICBP,RG,7175,9,F,KZ,TP,D
14:46:53,ICBP,RG,7150,8,D,YP,BK,F
14:46:50,ICBP,RG,7150,8,D,YP,RX,D
14:46:36,ICBP,RG,7150,15,D,YP,DR,D
14:46:35,ICBP,RG,7150,7,D,YP,YU,D
14:46:33,ICBP,RG,7150,13,D,YP,BK,F
14:46:24,ICBP,RG,7150,85,D,YP,PD,D
14:46:22,ICBP,RG,7150,8,D,YP,RX,D
14:46:21,ICBP,RG,7150,12,D,YP,BK,F
14:46:19,ICBP,RG,7150,21,D,YP,KZ,D
14:46:15,ICBP,RG,7150,8,D,YP,AK,F
14:46:14,ICBP,RG,7150,2,D,YP,KZ,D
14:46:08,ICBP,RG,7150,18,D,YP,BB,D
14:46:08,ICBP,RG,7150,4,F,KZ,BB,D
14:46:06,ICBP,RG,7175,1,D,PD,TP,D
14:46:04,ICBP,RG,7150,109,F,KZ,PD,D
14:46:04,ICBP,RG,7150,16,D,PD,PD,D
14:46:04,ICBP,RG,7150,90,D,YP,PD,D
14:46:03,ICBP,RG,7175,1,D,PD,TP,D
14:46:00,ICBP,RG,7150,15,D,YP,BK,F
14:45:59,ICBP,RG,7150,3,D,YP,KZ,D
14:45:56,ICBP,RG,7150,1,D,YP,YP,D
14:45:52,ICBP,RG,7150,1,D,YP,RX,D
14:45:50,ICBP,RG,7150,6,D,YP,RX,D
14:45:49,ICBP,RG,7150,112,D,YP,PD,D
14:45:44,ICBP,RG,7175,5,D,PD,TP,D
14:45:44,ICBP,RG,7150,33,D,YP,KZ,D
14:45:42,ICBP,RG,7150,11,D,YP,RX,D
14:45:41,ICBP,RG,7150,16,D,YP,BK,F
14:45:31,ICBP,RG,7150,8,D,YP,BK,F
14:45:30,ICBP,RG,7150,2,D,YP,AK,F
14:45:24,ICBP,RG,7150,5,D,YP,RX,D
14:45:23,ICBP,RG,7150,1,D,YP,ZP,F
14:45:22,ICBP,RG,7175,1,D,YP,TP,D
14:45:21,ICBP,RG,7150,10,D,YP,SQ,D
14:45:21,ICBP,RG,7150,4,D,YP,ZP,F
14:45:14,ICBP,RG,7150,13,D,YP,BK,F
14:45:13,ICBP,RG,7175,1,D,XC,TP,D
14:45:09,ICBP,RG,7175,1,D,PD,TP,D
14:45:08,ICBP,RG,7150,8,D,YP,BK,F
14:45:07,ICBP,RG,7150,11,D,YP,RX,D
14:45:07,ICBP,RG,7150,1,D,CC,RX,D
14:45:07,ICBP,RG,7150,1,F,KZ,RX,D
14:44:57,ICBP,RG,7150,8,F,KZ,BK,F
14:44:57,ICBP,RG,7150,24,F,KZ,LG,D
14:44:47,ICBP,RG,7150,1,F,KZ,PD,D
14:44:43,ICBP,RG,7175,10,D,GR,TP,D
14:44:40,ICBP,RG,7150,23,F,KZ,BB,D
14:44:38,ICBP,RG,7150,16,F,KZ,BK,F
14:44:34,ICBP,RG,7175,1,D,CC,TP,D
14:44:30,ICBP,RG,7150,3,F,KZ,AK,F
14:44:27,ICBP,RG,7150,7,F,KZ,RX,D
14:44:22,ICBP,RG,7150,11,F,KZ,BK,F
14:44:16,ICBP,RG,7150,1,F,KZ,CC,D
14:44:15,ICBP,RG,7175,3,D,XC,TP,D
14:44:04,ICBP,RG,7150,9,F,KZ,RX,D
14:44:02,ICBP,RG,7150,15,F,KZ,BK,F
14:43:55,ICBP,RG,7150,6,F,KZ,CC,D
14:43:54,ICBP,RG,7150,80,F,KZ,CC,D
14:43:48,ICBP,RG,7150,12,F,KZ,BK,F
14:43:32,ICBP,RG,7150,8,F,KZ,RX,D
14:43:26,ICBP,RG,7150,16,F,KZ,BK,F
14:43:20,ICBP,RG,7150,20,F,KZ,NI,D
14:43:17,ICBP,RG,7150,8,F,KZ,BK,F
14:43:06,ICBP,RG,7150,5,F,KZ,ZP,F
14:43:05,ICBP,RG,7150,11,F,KZ,BB,D
14:43:05,ICBP,RG,7150,15,F,KZ,RX,D
14:43:05,ICBP,RG,7150,1,D,YP,RX,D
14:43:05,ICBP,RG,7150,2,F,KZ,RX,D
14:43:05,ICBP,RG,7150,5,D,YP,RX,D
14:43:05,ICBP,RG,7150,1,D,XL,RX,D
14:43:05,ICBP,RG,7150,1,F,KZ,RX,D
14:43:00,ICBP,RG,7150,11,F,KZ,BK,F
14:43:00,ICBP,RG,7150,2,F,KZ,BK,F
14:42:58,ICBP,RG,7150,36,D,PD,CC,D
14:42:58,ICBP,RG,7150,14,D,CC,CC,D
14:42:51,ICBP,RG,7150,4,D,CC,CC,D
14:42:39,ICBP,RG,7150,15,D,CC,BK,F
14:42:32,ICBP,RG,7150,8,D,CC,BK,F
14:42:28,ICBP,RG,7175,5,D,PD,TP,D
14:42:24,ICBP,RG,7150,29,D,CC,CC,D
14:42:24,ICBP,RG,7150,1,D,YP,CC,D
14:42:24,ICBP,RG,7150,17,F,KZ,CC,D
14:42:16,ICBP,RG,7150,3,F,KZ,BK,F
14:42:16,ICBP,RG,7150,8,D,PD,BK,F
14:42:15,ICBP,RG,7175,3,D,CC,TP,D
14:42:07,ICBP,RG,7150,8,D,PD,BK,F
14:42:00,ICBP,RG,7175,22,D,CC,TP,D
14:41:52,ICBP,RG,7150,40,D,PD,CC,D
14:41:46,ICBP,RG,7150,15,D,PD,BK,F
14:41:40,ICBP,RG,7150,2,D,PD,PD,D
14:41:38,ICBP,RG,7150,9,D,PD,RX,D
14:41:35,ICBP,RG,7150,8,D,PD,XC,D
14:41:35,ICBP,RG,7150,9,D,PD,YU,D
14:41:31,ICBP,RG,7150,33,D,PD,YU,D
14:41:27,ICBP,RG,7150,15,D,PD,BK,F
14:41:20,ICBP,RG,7150,3,D,PD,CC,D
14:41:20,ICBP,RG,7150,20,D,YP,CC,D
14:41:20,ICBP,RG,7150,1,D,PD,CC,D
14:41:20,ICBP,RG,7150,2,D,DR,CC,D
14:41:20,ICBP,RG,7150,3,D,PD,CC,D
14:41:20,ICBP,RG,7150,10,D,PD,CC,D
14:41:20,ICBP,RG,7150,1,D,XC,CC,D
14:41:20,ICBP,RG,7150,2,F,KZ,CC,D
14:41:18,ICBP,RG,7150,4,F,KZ,BK,F
14:41:18,ICBP,RG,7150,5,F,KZ,BK,F
14:41:11,ICBP,RG,7150,8,F,KZ,RX,D
14:41:03,ICBP,RG,7150,6,F,KZ,CC,D
14:41:01,ICBP,RG,7150,11,F,KZ,BK,F
14:41:00,ICBP,RG,7150,1,F,KZ,YU,D
14:40:55,ICBP,RG,7150,7,F,KZ,BK,F
14:40:48,ICBP,RG,7150,21,F,KZ,CC,D
14:40:48,ICBP,RG,7150,15,F,KZ,CC,D
14:40:48,ICBP,RG,7150,9,D,YP,CC,D
14:40:41,ICBP,RG,7150,9,D,YP,RX,D
14:40:40,ICBP,RG,7150,5,D,YP,DR,D
14:40:33,ICBP,RG,7150,16,D,YP,BK,F
14:40:25,ICBP,RG,7150,3,D,YP,ZP,F
14:40:18,ICBP,RG,7150,11,D,YP,BK,F
14:40:16,ICBP,RG,7150,46,D,YP,CC,D
14:40:15,ICBP,RG,7150,1,D,YP,YU,D
14:40:15,ICBP,RG,7150,49,D,YP,YU,D
14:40:14,ICBP,RG,7150,7,D,YP,RX,D
14:40:05,ICBP,RG,7150,10,D,YP,BK,F
14:39:47,ICBP,RG,7150,12,D,YP,BK,F
14:39:44,ICBP,RG,7150,42,D,YP,CC,D
14:39:44,ICBP,RG,7150,2,F,KZ,CC,D
14:39:43,ICBP,RG,7150,7,F,KZ,RX,D
14:39:34,ICBP,RG,7150,12,F,KZ,BK,F
14:39:15,ICBP,RG,7150,12,F,KZ,BK,F
14:39:12,ICBP,RG,7150,46,F,KZ,CC,D
14:39:11,ICBP,RG,7150,7,F,KZ,BK,F
14:39:09,ICBP,RG,7150,5,F,KZ,CC,D
14:38:52,ICBP,RG,7150,8,F,KZ,BK,F
14:38:52,ICBP,RG,7150,5,D,CC,BK,F
14:38:42,ICBP,RG,7150,8,D,CC,BK,F
14:38:40,ICBP,RG,7150,38,D,CC,CC,D
14:38:34,ICBP,RG,7150,4,D,CC,ZP,F
14:38:28,ICBP,RG,7150,9,D,CC,BK,F
14:38:10,ICBP,RG,7150,42,D,CC,CC,D
14:38:09,ICBP,RG,7150,13,D,CC,BK,F
14:37:58,ICBP,RG,7150,9,D,CC,BK,F
14:37:44,ICBP,RG,7150,11,D,CC,BK,F
14:37:40,ICBP,RG,7150,1,D,CC,PD,D
14:37:38,ICBP,RG,7150,43,D,CC,CC,D
14:37:28,ICBP,RG,7150,11,D,CC,BK,F
14:37:27,ICBP,RG,7150,10,D,CC,PD,D
14:37:20,ICBP,RG,7150,1,D,CC,XL,D
14:37:11,ICBP,RG,7150,5,D,CC,CC,D
14:37:06,ICBP,RG,7150,42,D,CC,CC,D
14:36:57,ICBP,RG,7150,1,D,CC,PD,D
14:36:52,ICBP,RG,7150,1,D,CC,DR,D
14:36:50,ICBP,RG,7175,17,D,XC,TP,D
14:36:39,ICBP,RG,7175,1,D,XC,TP,D
14:36:34,ICBP,RG,7150,46,D,CC,PD,D
14:36:34,ICBP,RG,7150,1,D,HP,PD,D
14:36:34,ICBP,RG,7150,3,F,KZ,PD,D
14:36:32,ICBP,RG,7150,2,F,KZ,CC,D
14:36:32,ICBP,RG,7150,3,F,KZ,CC,D
14:36:32,ICBP,RG,7150,15,D,DH,CC,D
14:36:32,ICBP,RG,7150,2,D,XC,CC,D
14:36:32,ICBP,RG,7150,1,D,NI,CC,D
14:36:32,ICBP,RG,7150,1,D,XC,CC,D
14:36:32,ICBP,RG,7150,2,D,CC,CC,D
14:36:32,ICBP,RG,7150,1,D,PD,CC,D
14:36:32,ICBP,RG,7150,1,D,YP,CC,D
14:36:32,ICBP,RG,7150,1,D,KK,CC,D
14:36:32,ICBP,RG,7150,1,D,NI,CC,D
14:36:32,ICBP,RG,7150,5,F,KZ,CC,D
14:36:32,ICBP,RG,7150,5,D,SQ,CC,D
14:36:28,ICBP,RG,7150,50,D,SQ,PD,D
14:36:24,ICBP,RG,7175,1,F,KZ,TP,D
14:36:22,ICBP,RG,7150,2,D,SQ,ZP,F
14:36:21,ICBP,RG,7150,40,D,SQ,CC,D
14:36:11,ICBP,RG,7150,3,D,SQ,XL,D
14:36:11,ICBP,RG,7150,2,D,XC,XL,D
14:36:04,ICBP,RG,7150,5,D,YP,LG,D
14:36:04,ICBP,RG,7150,1,D,YP,LG,D
14:36:04,ICBP,RG,7150,6,D,YP,KZ,D
14:36:04,ICBP,RG,7150,4,D,XC,KZ,D
14:36:04,ICBP,RG,7150,2,D,SQ,KZ,D
14:36:04,ICBP,RG,7150,10,D,YP,KZ,D
14:36:04,ICBP,RG,7150,1,D,CC,KZ,D
14:36:04,ICBP,RG,7150,10,D,NI,KZ,D
14:36:04,ICBP,RG,7150,2,D,NI,KZ,D
14:36:04,ICBP,RG,7150,25,D,PD,KZ,D
14:36:04,ICBP,RG,7150,4,F,KZ,KZ,D
14:36:04,ICBP,RG,7150,1,D,PD,KZ,D
14:36:04,ICBP,RG,7150,81,F,KZ,KZ,D
14:36:04,ICBP,RG,7150,1,F,KZ,KZ,D
14:36:04,ICBP,RG,7150,20,F,KZ,KZ,D
14:36:00,ICBP,RG,7150,37,F,KZ,CC,D
14:35:39,ICBP,RG,7175,10,F,KZ,TP,D
14:35:39,ICBP,RG,7175,2,F,KZ,OD,D
14:35:39,ICBP,RG,7175,1,F,KZ,YP,D
14:35:39,ICBP,RG,7175,6,F,KZ,YP,D
14:35:39,ICBP,RG,7175,36,F,KZ,CC,D
14:35:35,ICBP,RG,7150,5,F,KZ,LG,D
14:35:28,ICBP,RG,7150,19,F,KZ,CC,D
14:35:28,ICBP,RG,7150,21,F,KZ,CC,D
14:35:18,ICBP,RG,7150,6,F,KZ,CC,D
14:35:17,ICBP,RG,7150,4,F,KZ,ZP,F
14:35:01,ICBP,RG,7150,10,F,KZ,KK,D
14:35:01,ICBP,RG,7150,5,F,KZ,KK,D
14:34:54,ICBP,RG,7150,16,F,KZ,CC,D
14:34:54,ICBP,RG,7150,10,F,KZ,CC,D
14:34:54,ICBP,RG,7150,15,F,KZ,CC,D
14:34:49,ICBP,RG,7150,10,F,KZ,XC,D
14:34:41,ICBP,RG,7150,2,F,KZ,PD,D
14:34:24,ICBP,RG,7150,3,F,KZ,CC,D
14:34:24,ICBP,RG,7150,38,F,AK,CC,D
14:34:08,ICBP,RG,7150,20,F,AK,NI,D
14:33:52,ICBP,RG,7150,42,F,AK,CC,D
14:33:45,ICBP,RG,7175,1,F,AK,CC,D
14:33:22,ICBP,RG,7150,5,F,AK,CC,D
14:33:20,ICBP,RG,7150,38,F,AK,CC,D
14:32:50,ICBP,RG,7150,7,F,AK,XC,D
14:32:48,ICBP,RG,7150,39,F,AK,CC,D
14:32:16,ICBP,RG,7150,37,F,AK,CC,D
14:32:16,ICBP,RG,7175,4,F,KZ,CC,D
14:32:14,ICBP,RG,7175,9,F,KZ,CC,D
14:32:14,ICBP,RG,7175,4,F,KZ,KZ,D
14:32:14,ICBP,RG,7175,1,F,KZ,PD,D
14:32:14,ICBP,RG,7175,5,F,KZ,PD,D
14:32:14,ICBP,RG,7175,10,F,KZ,KK,D
14:32:14,ICBP,RG,7175,111,F,KZ,KK,D
14:32:14,ICBP,RG,7175,5,F,KZ,NI,D
14:32:14,ICBP,RG,7175,5,F,KZ,NI,D
14:32:14,ICBP,RG,7175,10,F,KZ,XA,D
14:32:14,ICBP,RG,7175,2,F,KZ,GR,D
14:32:14,ICBP,RG,7175,21,F,KZ,KZ,D
14:32:14,ICBP,RG,7175,3,F,KZ,KZ,D
14:32:14,ICBP,RG,7175,10,F,KZ,PD,D
14:32:14,ICBP,RG,7175,227,F,KZ,CC,D
14:32:14,ICBP,RG,7175,3,F,KZ,NI,D
14:32:14,ICBP,RG,7175,5,F,KZ,SQ,D
14:32:14,ICBP,RG,7175,140,F,KZ,CC,D
14:32:14,ICBP,RG,7175,97,F,KZ,KK,D
14:32:13,ICBP,RG,7150,9,F,AK,XC,D
14:32:10,ICBP,RG,7175,1,D,PD,KK,D
14:32:09,ICBP,RG,7175,2,F,KZ,KK,D
14:32:09,ICBP,RG,7175,1,F,KZ,XC,D
14:31:47,ICBP,RG,7150,10,F,AK,NI,D
14:31:41,ICBP,RG,7150,3,F,BK,YU,D
14:31:41,ICBP,RG,7150,43,F,BK,CC,D
14:31:41,ICBP,RG,7150,2,F,BK,AK,F
14:31:41,ICBP,RG,7150,7,F,BK,BK,F
14:31:41,ICBP,RG,7150,60,F,BK,BK,F
14:31:41,ICBP,RG,7150,1,F,BK,ZP,F
14:31:41,ICBP,RG,7150,5,F,BK,NI,D
14:31:41,ICBP,RG,7150,56,F,BK,BK,F
14:31:41,ICBP,RG,7150,1,F,BK,PD,D
14:31:41,ICBP,RG,7150,2,F,BK,AK,F
14:31:41,ICBP,RG,7150,453,F,BK,DR,D
14:31:41,ICBP,RG,7150,47,F,AK,DR,D
14:31:41,ICBP,RG,7150,53,F,AK,BK,F
14:31:41,ICBP,RG,7150,4,F,AK,YU,D
14:31:41,ICBP,RG,7150,2,F,AK,ZP,F
14:31:41,ICBP,RG,7150,63,F,AK,BK,F
14:31:41,ICBP,RG,7150,1,F,AK,PD,D
14:31:41,ICBP,RG,7150,2,F,AK,XL,D
14:31:41,ICBP,RG,7150,69,F,AK,KZ,D
14:31:40,ICBP,RG,7150,34,F,AK,KZ,D
14:31:40,ICBP,RG,7150,20,F,AK,CC,D
14:31:40,ICBP,RG,7150,1,F,AK,YP,D
14:31:40,ICBP,RG,7150,15,F,AK,YP,D
14:31:40,ICBP,RG,7150,13,F,AK,PD,D
14:31:40,ICBP,RG,7150,114,F,AK,KZ,D
14:31:40,ICBP,RG,7150,7,F,AK,XC,D
14:31:40,ICBP,RG,7150,2,F,AK,KZ,D
14:31:40,ICBP,RG,7150,2,F,AK,LG,D
14:31:40,ICBP,RG,7150,3,F,AK,LG,D
14:31:40,ICBP,RG,7150,15,F,AK,YU,D
14:31:40,ICBP,RG,7150,2,F,AK,GR,D
14:31:40,ICBP,RG,7150,4,F,AK,SH,D
14:31:40,ICBP,RG,7150,55,F,AK,KZ,D
14:31:39,ICBP,RG,7125,2,D,YP,ZP,F
14:31:38,ICBP,RG,7150,48,D,SQ,KZ,D
14:31:38,ICBP,RG,7150,25,D,SQ,CC,D
14:31:38,ICBP,RG,7150,2,D,SQ,PD,D
14:31:38,ICBP,RG,7150,248,D,SQ,RX,D
14:31:38,ICBP,RG,7150,208,D,SQ,RX,D
14:31:38,ICBP,RG,7150,40,D,SQ,RX,D
14:31:38,ICBP,RG,7150,1,D,SQ,PD,D
14:31:38,ICBP,RG,7150,3,D,SQ,YU,D
14:31:38,ICBP,RG,7150,244,D,SQ,CS,F
14:31:38,ICBP,RG,7150,2,D,SQ,PD,D
14:31:38,ICBP,RG,7150,10,D,SQ,AT,D
14:31:38,ICBP,RG,7150,1,D,SQ,XC,D
14:31:38,ICBP,RG,7150,90,D,SQ,KZ,D
14:31:38,ICBP,RG,7150,30,D,SQ,SQ,D
14:31:38,ICBP,RG,7150,48,D,SQ,CC,D
14:31:31,ICBP,RG,7125,6,D,YP,CC,D
14:31:28,ICBP,RG,7125,10,D,YP,BK,F
14:31:18,ICBP,RG,7150,1,D,OD,CC,D
14:31:17,ICBP,RG,7125,10,D,YP,YP,D
14:31:13,ICBP,RG,7125,10,D,YP,BK,F
14:31:12,ICBP,RG,7125,44,D,YP,CC,D
14:30:44,ICBP,RG,7125,10,D,YP,XL,D
14:30:40,ICBP,RG,7125,46,D,YP,CC,D
14:30:38,ICBP,RG,7150,1,D,YP,CC,D
14:30:38,ICBP,RG,7150,2,D,YP,PD,D
14:30:38,ICBP,RG,7150,2,D,YP,SQ,D
14:30:23,ICBP,RG,7125,2,D,YP,ZP,F
14:30:12,ICBP,RG,7125,274,D,YP,RX,D
14:30:12,ICBP,RG,7125,5,D,CC,RX,D
14:30:12,ICBP,RG,7125,1,D,YP,RX,D
14:30:12,ICBP,RG,7125,2,F,KZ,RX,D
14:30:12,ICBP,RG,7125,5,D,KK,RX,D
14:30:12,ICBP,RG,7125,81,F,KZ,RX,D
14:30:12,ICBP,RG,7125,1,D,KK,RX,D
14:30:12,ICBP,RG,7125,58,F,KZ,RX,D
14:30:12,ICBP,RG,7125,73,F,KZ,RX,D
14:30:08,ICBP,RG,7125,39,F,KZ,CC,D
14:30:05,ICBP,RG,7150,7,D,KK,SQ,D
14:30:00,ICBP,RG,7150,1,D,XC,SQ,D
14:29:37,ICBP,RG,7125,2,F,KZ,ZP,F
14:29:36,ICBP,RG,7125,17,F,KZ,CC,D
14:29:36,ICBP,RG,7125,23,F,AK,CC,D
14:29:33,ICBP,RG,7125,5,F,AK,CC,D
14:29:04,ICBP,RG,7125,40,F,AK,CC,D
14:28:45,ICBP,RG,7125,1,F,AK,PD,D
14:28:38,ICBP,RG,7125,1,F,AK,CC,D
14:28:32,ICBP,RG,7125,16,F,AK,CC,D
14:28:32,ICBP,RG,7125,26,D,CC,CC,D
14:28:00,ICBP,RG,7125,41,D,CC,CC,D
14:28:00,ICBP,RG,7125,1,D,YP,CC,D
14:27:38,ICBP,RG,7125,90,D,YP,PD,D
14:27:06,ICBP,RG,7125,2,D,YP,AK,F
14:27:06,ICBP,RG,7125,2,D,YP,BB,D
14:27:06,ICBP,RG,7125,16,D,YP,YU,D
14:27:06,ICBP,RG,7125,38,D,YP,CC,D
14:27:06,ICBP,RG,7125,3,D,YP,ZP,F
14:27:06,ICBP,RG,7125,6,D,YP,CC,D
14:27:06,ICBP,RG,7125,2,D,YP,AK,F
14:27:06,ICBP,RG,7125,2,D,YP,AK,F
14:27:06,ICBP,RG,7125,101,D,YP,BK,F
14:27:06,ICBP,RG,7125,517,D,YP,RX,D
14:27:04,ICBP,RG,7125,21,F,KZ,RX,D
14:27:02,ICBP,RG,7125,1,D,YP,RX,D
14:26:59,ICBP,RG,7125,10,F,KZ,RX,D
14:26:59,ICBP,RG,7125,5,F,KZ,CC,D
14:26:59,ICBP,RG,7125,1,F,KZ,CC,D
14:26:59,ICBP,RG,7125,78,F,KZ,BB,D
14:26:56,ICBP,RG,7100,41,F,KZ,CC,D
14:26:54,ICBP,RG,7125,110,F,KZ,BB,D
14:26:54,ICBP,RG,7125,32,F,KZ,BB,D
14:26:54,ICBP,RG,7125,5,F,KZ,BB,D
14:26:54,ICBP,RG,7125,1,F,KZ,PD,D
14:26:54,ICBP,RG,7125,13,F,KZ,RX,D
14:26:54,ICBP,RG,7125,2,F,KZ,RX,D
14:26:54,ICBP,RG,7125,18,F,KZ,KZ,D
14:26:54,ICBP,RG,7125,1,F,KZ,NI,D
14:26:54,ICBP,RG,7125,5,F,KZ,KK,D
14:26:54,ICBP,RG,7125,32,F,KZ,PD,D
14:26:54,ICBP,RG,7125,6,F,KZ,PD,D
14:26:52,ICBP,RG,7125,6,F,KZ,PD,D
14:26:51,ICBP,RG,7125,206,D,YP,PD,D
14:26:51,ICBP,RG,7125,7,D,YP,XC,D
14:26:51,ICBP,RG,7125,1,D,YP,ZP,F
14:26:51,ICBP,RG,7125,5,D,YP,CC,D
14:26:51,ICBP,RG,7125,4,D,YP,KK,D
14:26:51,ICBP,RG,7125,20,D,YP,KZ,D
14:26:51,ICBP,RG,7125,16,D,YP,YU,D
14:26:51,ICBP,RG,7125,2,D,YP,AK,F
14:26:51,ICBP,RG,7125,3,D,YP,AK,F
14:26:51,ICBP,RG,7125,45,D,YP,RX,D
14:26:51,ICBP,RG,7125,7,D,YP,BK,F
14:26:51,ICBP,RG,7125,10,D,YP,RX,D
14:26:51,ICBP,RG,7125,3,D,YP,YU,D
14:26:51,ICBP,RG,7125,171,D,YP,CS,F
14:26:44,ICBP,RG,7100,4,F,KZ,CC,D
14:26:24,ICBP,RG,7100,41,F,KZ,CC,D
14:26:24,ICBP,RG,7100,1,F,KZ,CC,D
14:26:22,ICBP,RG,7125,1,D,YP,CS,F
14:26:19,ICBP,RG,7125,1,D,XC,CS,F
14:26:09,ICBP,RG,7125,96,F,KZ,CS,F
14:26:09,ICBP,RG,7125,2,F,KZ,ZP,F
14:26:09,ICBP,RG,7125,15,F,KZ,RX,D
14:26:06,ICBP,RG,7100,6,F,KZ,BK,F
14:26:01,ICBP,RG,7125,7,D,XC,RX,D
14:25:52,ICBP,RG,7100,14,F,KZ,CC,D
14:25:52,ICBP,RG,7100,30,D,RO,CC,D
14:25:34,ICBP,RG,7100,5,D,RO,CC,D
14:25:23,ICBP,RG,7100,58,D,RO,BK,F
14:25:20,ICBP,RG,7100,37,D,RO,CC,D
14:25:18,ICBP,RG,7100,2,D,RO,ZP,F
14:24:54,ICBP,RG,7100,13,D,RO,DX,D
14:24:51,ICBP,RG,7100,6,D,RO,YU,D
14:24:50,ICBP,RG,7100,46,D,RO,CC,D
14:24:49,ICBP,RG,7100,7,D,RO,RX,D
14:24:44,ICBP,RG,7100,2,D,RO,CC,D
14:24:33,ICBP,RG,7100,37,D,RO,BK,F
14:24:29,ICBP,RG,7100,11,D,RO,DX,D
14:24:29,ICBP,RG,7125,17,F,KZ,RX,D
14:24:27,ICBP,RG,7100,3,D,RO,ZP,F
14:24:16,ICBP,RG,7100,37,D,RO,CC,D
14:23:56,ICBP,RG,7100,29,D,RO,BK,F
14:23:48,ICBP,RG,7125,1,D,PD,RX,D
14:23:44,ICBP,RG,7100,36,D,RO,CC,D
14:23:40,ICBP,RG,7100,5,D,RO,CC,D
14:23:39,ICBP,RG,7100,9,D,RO,AK,F
14:23:39,ICBP,RG,7125,1,F,KZ,RX,D
14:23:24,ICBP,RG,7100,10,D,RO,RX,D
14:23:13,ICBP,RG,7100,1,D,RO,XC,D
14:23:12,ICBP,RG,7100,41,D,RO,CC,D
14:23:11,ICBP,RG,7100,1,D,RO,XL,D
14:22:59,ICBP,RG,7125,1,D,PD,RX,D
14:22:58,ICBP,RG,7125,20,D,SQ,RX,D
14:22:55,ICBP,RG,7125,58,D,SQ,RX,D
14:22:42,ICBP,RG,7100,55,D,RO,BK,F
14:22:41,ICBP,RG,7100,11,D,RO,DX,D
14:22:39,ICBP,RG,7100,1,D,RO,PD,D
14:22:38,ICBP,RG,7100,45,D,RO,CC,D
14:22:34,ICBP,RG,7100,2,D,RO,ZP,F
14:22:14,ICBP,RG,7125,74,F,KZ,RX,D
14:22:12,ICBP,RG,7100,1,D,RO,XC,D
14:22:06,ICBP,RG,7100,39,D,RO,CC,D
14:22:00,ICBP,RG,7100,17,D,RO,YU,D
14:21:54,ICBP,RG,7125,90,F,KZ,RX,D
14:21:51,ICBP,RG,7100,43,D,RO,BK,F
14:21:42,ICBP,RG,7100,5,D,RO,CC,D
14:21:38,ICBP,RG,7100,2,D,RO,ZP,F
14:21:37,ICBP,RG,7100,100,D,RO,DR,D
14:21:34,ICBP,RG,7100,38,D,RO,CC,D
14:21:20,ICBP,RG,7100,8,D,RO,RX,D
14:21:12,ICBP,RG,7100,27,D,RO,BK,F
14:21:06,ICBP,RG,7125,5,D,XL,RX,D
14:21:02,ICBP,RG,7100,36,D,RO,CC,D
14:20:50,ICBP,RG,7100,14,D,RO,DX,D
14:20:30,ICBP,RG,7100,39,D,RO,CC,D
14:20:23,ICBP,RG,7100,2,D,RO,ZP,F
14:20:13,ICBP,RG,7100,46,D,RO,BK,F
14:19:58,ICBP,RG,7100,38,D,RO,CC,D
14:19:56,ICBP,RG,7100,5,D,RO,PD,D
14:19:56,ICBP,RG,7100,5,D,PD,PD,D
14:19:56,ICBP,RG,7100,1,D,YP,PD,D
14:19:56,ICBP,RG,7100,4,D,YP,PD,D
14:19:44,ICBP,RG,7100,1,D,YP,CC,D
14:19:44,ICBP,RG,7100,4,D,NI,CC,D
14:19:44,ICBP,RG,7100,1,D,KK,CC,D
14:19:29,ICBP,RG,7100,9,D,KK,BK,F
14:19:29,ICBP,RG,7100,1,D,XC,BK,F
14:19:29,ICBP,RG,7100,1,D,NI,BK,F
14:19:29,ICBP,RG,7100,1,D,NI,BK,F
14:19:29,ICBP,RG,7100,5,D,DH,BK,F
14:19:29,ICBP,RG,7100,10,D,PD,BK,F
14:19:29,ICBP,RG,7100,1,D,NI,BK,F
14:19:29,ICBP,RG,7100,1,D,XC,BK,F
14:19:29,ICBP,RG,7100,2,D,XC,BK,F
14:19:29,ICBP,RG,7100,1,D,CC,BK,F
14:19:28,ICBP,RG,7100,1,D,YP,CC,D
14:19:28,ICBP,RG,7100,10,D,YU,CC,D
14:19:28,ICBP,RG,7100,1,D,YP,CC,D
14:19:28,ICBP,RG,7100,7,D,PD,CC,D
14:19:28,ICBP,RG,7100,19,D,NI,CC,D
14:19:27,ICBP,RG,7125,3,D,YP,RX,D
14:19:18,ICBP,RG,7100,1,D,NI,ZP,F
14:19:18,ICBP,RG,7100,4,D,YP,ZP,F
14:19:00,ICBP,RG,7100,6,D,YP,DX,D
14:19:00,ICBP,RG,7100,3,D,KK,DX,D
14:19:00,ICBP,RG,7100,1,D,YP,DX,D
14:19:00,ICBP,RG,7100,1,D,XC,DX,D
14:19:00,ICBP,RG,7100,1,D,YP,DX,D
14:19:00,ICBP,RG,7100,1,D,YU,DX,D
14:18:56,ICBP,RG,7100,2,D,YU,CC,D
14:18:56,ICBP,RG,7100,1,D,PD,CC,D
14:18:56,ICBP,RG,7100,2,D,XA,CC,D
14:18:56,ICBP,RG,7100,1,D,XC,CC,D
14:18:56,ICBP,RG,7100,3,D,YP,CC,D
14:18:56,ICBP,RG,7100,5,D,XL,CC,D
14:18:56,ICBP,RG,7100,1,D,PD,CC,D
14:18:56,ICBP,RG,7100,10,D,SQ,CC,D
14:18:56,ICBP,RG,7100,1,D,CC,CC,D
14:18:56,ICBP,RG,7100,1,D,XL,CC,D
14:18:56,ICBP,RG,7100,1,D,CC,CC,D
14:18:56,ICBP,RG,7100,11,D,AI,CC,D
14:18:43,ICBP,RG,7100,34,D,AI,BK,F
14:18:37,ICBP,RG,7125,40,D,YU,RX,D
14:18:26,ICBP,RG,7100,5,D,AI,CC,D
14:18:26,ICBP,RG,7100,4,D,CC,CC,D
14:18:26,ICBP,RG,7100,7,D,XL,CC,D
14:18:26,ICBP,RG,7100,1,D,DR,CC,D
14:18:26,ICBP,RG,7100,3,D,PD,CC,D
14:18:26,ICBP,RG,7100,1,D,CC,CC,D
14:18:26,ICBP,RG,7100,2,D,YP,CC,D
14:18:26,ICBP,RG,7100,2,D,XC,CC,D
14:18:26,ICBP,RG,7100,1,D,PD,CC,D
14:18:26,ICBP,RG,7100,10,D,KK,CC,D
14:18:26,ICBP,RG,7100,1,D,PD,CC,D
14:18:19,ICBP,RG,7100,4,D,PD,YU,D
14:18:19,ICBP,RG,7100,2,D,PD,YU,D
14:17:54,ICBP,RG,7100,10,D,YP,CC,D
14:17:54,ICBP,RG,7100,10,D,EP,CC,D
14:17:54,ICBP,RG,7100,1,D,CC,CC,D
14:17:54,ICBP,RG,7100,18,D,PD,CC,D
14:17:50,ICBP,RG,7100,2,D,PD,CC,D
14:17:50,ICBP,RG,7100,1,D,PD,CC,D
14:17:50,ICBP,RG,7100,1,D,SQ,CC,D
14:17:27,ICBP,RG,7100,49,D,SQ,BK,F
14:17:27,ICBP,RG,7100,8,D,DH,BK,F
14:17:24,ICBP,RG,7100,12,D,DH,CC,D
14:17:24,ICBP,RG,7100,1,D,YP,CC,D
14:17:24,ICBP,RG,7100,1,D,YP,CC,D
14:17:24,ICBP,RG,7100,29,D,ZP,CC,D
14:17:14,ICBP,RG,7100,11,D,ZP,DX,D
14:17:12,ICBP,RG,7125,3,D,NI,RX,D
14:16:52,ICBP,RG,7100,44,D,ZP,CC,D
14:16:49,ICBP,RG,7125,20,D,XC,RX,D
14:16:37,ICBP,RG,7100,2,D,ZP,ZP,F
14:16:28,ICBP,RG,7100,10,D,ZP,LG,D
14:16:20,ICBP,RG,7100,4,D,ZP,CC,D
14:16:20,ICBP,RG,7100,5,D,KK,CC,D
14:16:20,ICBP,RG,7100,2,D,NI,CC,D
14:16:20,ICBP,RG,7100,1,D,PD,CC,D
14:16:20,ICBP,RG,7100,1,D,CC,CC,D
14:16:20,ICBP,RG,7100,20,D,YP,CC,D
14:16:20,ICBP,RG,7100,1,D,PD,CC,D
14:16:20,ICBP,RG,7100,1,D,AZ,CC,D
14:16:20,ICBP,RG,7100,1,D,XC,CC,D
14:16:20,ICBP,RG,7100,1,D,CP,CC,D
14:16:19,ICBP,RG,7125,10,D,LG,RX,D
14:15:59,ICBP,RG,7100,4,D,CP,CC,D
14:15:59,ICBP,RG,7100,1,D,PD,CC,D
14:15:57,ICBP,RG,7125,1,D,NI,RX,D
14:15:56,ICBP,RG,7125,1,D,RG,RX,D
14:15:56,ICBP,RG,7125,1,D,YP,RX,D
14:15:56,ICBP,RG,7125,1,D,NI,RX,D
14:15:56,ICBP,RG,7125,1,D,PD,RX,D
14:15:56,ICBP,RG,7125,24,D,OD,RX,D
14:15:56,ICBP,RG,7125,3,F,KZ,RX,D
14:15:56,ICBP,RG,7125,2,F,KZ,RX,D
14:15:56,ICBP,RG,7125,10,D,DH,RX,D
14:15:56,ICBP,RG,7125,3,D,NI,RX,D
14:15:56,ICBP,RG,7125,3,D,PD,RX,D
14:15:56,ICBP,RG,7125,12,F,KZ,RX,D
14:15:56,ICBP,RG,7125,29,D,SQ,RX,D
14:15:56,ICBP,RG,7125,7,D,XL,RX,D
14:15:56,ICBP,RG,7125,4,F,KZ,RX,D
14:15:56,ICBP,RG,7125,1,F,KZ,RX,D
14:15:56,ICBP,RG,7125,2,D,PD,RX,D
14:15:56,ICBP,RG,7125,14,F,KZ,RX,D
14:15:56,ICBP,RG,7125,2,F,CC,RX,D
14:15:56,ICBP,RG,7125,14,F,KZ,RX,D
14:15:48,ICBP,RG,7125,21,F,KZ,CC,D
14:15:48,ICBP,RG,7125,17,F,KZ,CC,D
14:15:46,ICBP,RG,7125,17,F,KZ,XL,D
14:15:46,ICBP,RG,7125,3,D,YP,XL,D
14:15:30,ICBP,RG,7125,2,D,YP,LG,D
14:15:30,ICBP,RG,7125,3,D,LG,LG,D
14:15:25,ICBP,RG,7125,11,D,LG,DX,D
14:15:22,ICBP,RG,7125,186,D,LG,BK,F
14:15:22,ICBP,RG,7125,1,D,PD,BK,F
14:15:22,ICBP,RG,7125,1,D,XC,BK,F
14:15:22,ICBP,RG,7125,52,F,KZ,BK,F
14:15:22,ICBP,RG,7125,1,F,KZ,ZP,F
14:15:21,ICBP,RG,7125,33,F,KZ,BK,F
14:15:21,ICBP,RG,7125,7,D,XC,BK,F
14:15:21,ICBP,RG,7125,2,D,YP,BK,F
14:15:21,ICBP,RG,7125,1,D,PD,BK,F
14:15:21,ICBP,RG,7125,5,D,SQ,BK,F
14:15:21,ICBP,RG,7125,4,D,PD,BK,F
14:15:21,ICBP,RG,7125,2,D,NI,BK,F
14:15:21,ICBP,RG,7125,13,D,XC,BK,F
14:15:21,ICBP,RG,7125,173,D,TP,BK,F
14:15:21,ICBP,RG,7125,2,D,TP,ZP,F
14:15:16,ICBP,RG,7125,25,D,TP,CC,D
14:15:16,ICBP,RG,7125,15,F,KZ,CC,D
14:14:50,ICBP,RG,7125,5,F,KZ,CC,D
14:14:44,ICBP,RG,7125,40,F,KZ,CC,D
14:14:16,ICBP,RG,7125,1,F,KZ,BQ,D
14:14:15,ICBP,RG,7125,3,F,KZ,AK,F
14:14:15,ICBP,RG,7125,2,D,XC,AK,F
14:14:15,ICBP,RG,7125,1,F,KZ,AK,F
14:14:14,ICBP,RG,7125,41,F,KZ,CC,D
14:14:04,ICBP,RG,7125,5,F,KZ,ZP,F
14:14:02,ICBP,RG,7125,6,F,KZ,CC,D
14:13:43,ICBP,RG,7125,8,F,KZ,BK,F
14:13:42,ICBP,RG,7125,5,F,KZ,CC,D
14:13:42,ICBP,RG,7125,38,F,AK,CC,D
14:13:35,ICBP,RG,7125,12,F,AK,DX,D
14:13:24,ICBP,RG,7150,1,D,PD,BK,F
14:13:09,ICBP,RG,7125,5,F,AK,LG,D
14:13:08,ICBP,RG,7125,42,F,AK,CC,D
14:13:04,ICBP,RG,7125,5,F,AK,LG,D
14:12:52,ICBP,RG,7125,8,F,AK,PD,D
14:12:47,ICBP,RG,7125,3,F,AK,LG,D
14:12:36,ICBP,RG,7125,40,F,AK,CC,D
14:12:25,ICBP,RG,7150,1,D,PD,BK,F
14:12:15,ICBP,RG,7150,1,D,PD,BK,F
14:12:06,ICBP,RG,7125,4,F,AK,CC,D
14:12:04,ICBP,RG,7125,6,F,AK,YU,D
14:12:04,ICBP,RG,7125,41,F,AK,CC,D
14:12:02,ICBP,RG,7125,7,F,AK,KK,D
14:12:02,ICBP,RG,7125,200,D,LG,KK,D
14:12:02,ICBP,RG,7125,17,F,KZ,KK,D
14:12:02,ICBP,RG,7125,26,D,YP,KK,D
14:11:53,ICBP,RG,7125,9,D,YP,PD,D
14:11:47,ICBP,RG,7125,4,D,YP,XC,D
14:11:42,ICBP,RG,7125,11,D,YP,DX,D
14:11:42,ICBP,RG,7125,3,F,KZ,DX,D
14:11:36,ICBP,RG,7125,3,F,KZ,ZP,F
14:10:40,ICBP,RG,7125,2,F,KZ,DH,D
14:10:39,ICBP,RG,7125,14,F,KZ,CC,D
14:10:39,ICBP,RG,7125,65,D,CC,CC,D
14:10:39,ICBP,RG,7125,1,D,DR,CC,D
14:10:39,ICBP,RG,7125,1,F,KZ,CC,D
14:10:39,ICBP,RG,7125,1,D,GR,CC,D
14:10:39,ICBP,RG,7125,1,D,YP,CC,D
14:10:39,ICBP,RG,7125,3,D,XC,CC,D
14:10:24,ICBP,RG,7150,23,F,KZ,BK,F
14:10:10,ICBP,RG,7125,5,F,KZ,CC,D
14:10:08,ICBP,RG,7125,2,F,KZ,PD,D
14:10:04,ICBP,RG,7125,2,F,KZ,ZP,F
14:09:54,ICBP,RG,7125,11,F,KZ,DX,D
14:09:35,ICBP,RG,7125,14,F,KZ,BK,F
14:09:32,ICBP,RG,7150,1,F,AK,BK,F
14:09:31,ICBP,RG,7125,38,F,KZ,PD,D
14:09:31,ICBP,RG,7125,2,D,OD,PD,D
14:09:31,ICBP,RG,7125,2,D,PD,PD,D
14:09:31,ICBP,RG,7125,1,D,XC,PD,D
14:09:31,ICBP,RG,7125,1,D,XC,PD,D
14:09:31,ICBP,RG,7125,1,D,XC,PD,D
14:09:31,ICBP,RG,7125,1,D,PD,PD,D
14:09:31,ICBP,RG,7125,1,D,XC,PD,D
14:09:31,ICBP,RG,7125,1,F,KZ,PD,D
14:09:31,ICBP,RG,7125,5,F,KZ,PD,D
14:09:31,ICBP,RG,7125,1,F,KZ,PD,D
14:09:31,ICBP,RG,7125,36,F,KZ,PD,D
14:09:31,ICBP,RG,7125,14,D,PD,PD,D
14:09:31,ICBP,RG,7125,1,F,KZ,PD,D
14:09:31,ICBP,RG,7125,35,D,PD,PD,D
14:09:31,ICBP,RG,7125,2,D,PD,PD,D
14:09:31,ICBP,RG,7125,1,D,OD,PD,D
14:09:31,ICBP,RG,7125,10,D,NI,PD,D
14:09:31,ICBP,RG,7125,47,D,CC,PD,D
14:09:28,ICBP,RG,7125,2,D,CC,NI,D
14:09:19,ICBP,RG,7125,85,D,CC,CC,D
14:09:14,ICBP,RG,7125,11,D,CC,KZ,D
14:09:14,ICBP,RG,7125,3,D,YP,KZ,D
14:09:10,ICBP,RG,7125,271,D,YP,LG,D
14:09:10,ICBP,RG,7125,1,D,YP,YP,D
14:09:04,ICBP,RG,7125,17,D,YP,KZ,D
14:09:00,ICBP,RG,7125,58,D,YP,BK,F
14:09:00,ICBP,RG,7125,3,D,CC,BK,F
14:09:00,ICBP,RG,7125,30,D,EP,BK,F
14:09:00,ICBP,RG,7125,1,D,PD,BK,F
14:09:00,ICBP,RG,7125,50,D,YP,BK,F
14:09:00,ICBP,RG,7125,10,D,YP,BK,F
14:09:00,ICBP,RG,7125,1,D,EP,BK,F
14:09:00,ICBP,RG,7125,2,D,PD,BK,F
14:09:00,ICBP,RG,7125,1,D,PD,BK,F
14:09:00,ICBP,RG,7125,1,D,CC,BK,F
14:09:00,ICBP,RG,7125,10,D,GR,BK,F
14:09:00,ICBP,RG,7125,3,D,XC,BK,F
14:09:00,ICBP,RG,7125,5,D,SQ,BK,F
14:09:00,ICBP,RG,7125,15,D,YP,BK,F
14:09:00,ICBP,RG,7125,5,D,GR,BK,F
14:09:00,ICBP,RG,7125,25,D,YB,BK,F
14:09:00,ICBP,RG,7125,20,D,CC,BK,F
14:08:59,ICBP,RG,7125,5,D,CC,BK,F
14:08:59,ICBP,RG,7125,10,D,CC,BK,F
14:08:59,ICBP,RG,7125,1,D,NI,BK,F
14:08:59,ICBP,RG,7125,1,D,DH,BK,F
14:08:59,ICBP,RG,7125,1,D,PD,BK,F
14:08:59,ICBP,RG,7125,5,D,XC,BK,F
14:08:59,ICBP,RG,7125,10,D,KK,BK,F
14:08:59,ICBP,RG,7125,10,D,CC,BK,F
14:08:59,ICBP,RG,7125,6,D,XC,BK,F
14:08:59,ICBP,RG,7125,10,D,SQ,BK,F
14:08:59,ICBP,RG,7125,1,D,CC,BK,F
14:08:59,ICBP,RG,7125,1,D,XC,BK,F
14:08:59,ICBP,RG,7125,7,D,XC,BK,F
14:08:59,ICBP,RG,7125,46,F,CC,BK,F
14:08:59,ICBP,RG,7125,1,D,XL,BK,F
14:08:59,ICBP,RG,7125,10,D,YP,BK,F
14:08:59,ICBP,RG,7125,57,D,PD,BK,F
14:08:59,ICBP,RG,7125,1,D,XC,BK,F
14:08:59,ICBP,RG,7125,39,F,AK,BK,F
14:08:59,ICBP,RG,7125,1,D,EP,BK,F
14:08:59,ICBP,RG,7125,3,D,CC,BK,F
14:08:59,ICBP,RG,7125,3,D,KK,BK,F
14:08:59,ICBP,RG,7125,4,D,DR,BK,F
14:08:59,ICBP,RG,7125,5,D,YP,BK,F
14:08:59,ICBP,RG,7125,2,D,PD,BK,F
14:08:58,ICBP,RG,7125,2,D,PD,BK,F
14:08:58,ICBP,RG,7125,1,D,PC,BK,F
14:08:58,ICBP,RG,7125,1,D,XC,BK,F
14:08:58,ICBP,RG,7125,1,D,KK,BK,F
14:08:58,ICBP,RG,7125,1,D,PD,BK,F
14:08:58,ICBP,RG,7125,234,F,KZ,BK,F
14:08:57,ICBP,RG,7125,195,F,KZ,BK,F
14:08:57,ICBP,RG,7125,45,D,IF,BK,F
14:08:56,ICBP,RG,7125,2,D,IF,ZP,F
14:08:56,ICBP,RG,7125,240,D,IF,BK,F
14:08:26,ICBP,RG,7125,3,D,IF,KK,D
14:08:12,ICBP,RG,7150,1,D,PD,BK,F
14:08:12,ICBP,RG,7125,4,D,IF,CC,D
14:08:03,ICBP,RG,7125,13,D,IF,DX,D
14:08:01,ICBP,RG,7125,2,D,IF,ZP,F
14:08:01,ICBP,RG,7125,76,D,IF,CC,D
14:07:48,ICBP,RG,7125,70,D,IF,PD,D
14:07:33,ICBP,RG,7125,17,D,IF,YU,D
14:07:07,ICBP,RG,7125,2,D,IF,ZP,F
14:07:01,ICBP,RG,7125,2,D,IF,NI,D
14:06:45,ICBP,RG,7125,79,D,IF,CC,D
14:06:22,ICBP,RG,7125,5,D,IF,CC,D
14:06:16,ICBP,RG,7125,14,D,IF,DX,D
14:05:48,ICBP,RG,7150,2,D,AZ,BK,F
14:05:48,ICBP,RG,7150,15,D,AZ,YP,D
14:05:48,ICBP,RG,7150,3,D,AZ,NI,D
14:05:48,ICBP,RG,7150,10,D,AZ,XC,D
14:05:31,ICBP,RG,7125,13,D,IF,OD,D
14:05:29,ICBP,RG,7125,84,D,IF,CC,D
14:05:26,ICBP,RG,7125,1,D,IF,ZP,F
14:05:18,ICBP,RG,7150,3,D,XC,CC,D
14:05:04,ICBP,RG,7150,2,F,KZ,CC,D
14:05:04,ICBP,RG,7150,4,F,KZ,YU,D
14:05:04,ICBP,RG,7150,1,F,KZ,ZP,F
14:05:04,ICBP,RG,7150,30,F,KZ,BK,F
14:05:04,ICBP,RG,7150,23,F,KZ,LG,D
14:04:54,ICBP,RG,7150,6,F,KZ,LG,D
14:04:54,ICBP,RG,7150,28,F,KZ,LG,D
14:04:54,ICBP,RG,7150,10,F,KZ,CC,D
14:04:50,ICBP,RG,7150,1,D,XL,CC,D
14:04:49,ICBP,RG,7150,2,F,KZ,CC,D
14:04:49,ICBP,RG,7150,3,F,KZ,CC,D
14:04:49,ICBP,RG,7150,2,F,KZ,CC,D
14:04:49,ICBP,RG,7150,4,F,KZ,LG,D
14:04:44,ICBP,RG,7150,11,F,KZ,LG,D
14:04:44,ICBP,RG,7150,7,F,KZ,BK,F
14:04:44,ICBP,RG,7150,2,F,KZ,AK,F
14:04:44,ICBP,RG,7150,2,F,KZ,ZP,F
14:04:44,ICBP,RG,7150,34,F,KZ,RX,D
14:04:44,ICBP,RG,7150,9,F,KZ,RX,D
14:04:39,ICBP,RG,7150,29,F,KZ,RX,D
14:04:39,ICBP,RG,7150,2,F,KZ,KZ,D
14:04:30,ICBP,RG,7150,3,D,YP,KZ,D
14:04:24,ICBP,RG,7125,4,D,IF,CC,D
14:04:24,ICBP,RG,7125,13,D,IF,DX,D
14:04:22,ICBP,RG,7125,7,D,IF,RX,D
14:04:19,ICBP,RG,7150,1,F,KZ,KZ,D
14:04:11,ICBP,RG,7125,92,D,IF,CC,D
14:03:59,ICBP,RG,7150,2,D,CC,KZ,D
14:03:54,ICBP,RG,7150,69,F,KZ,KZ,D
14:03:45,ICBP,RG,7125,1,D,IF,BQ,D
14:03:39,ICBP,RG,7125,2,D,IF,ZP,F
14:03:24,ICBP,RG,7150,4,F,KZ,KZ,D
14:03:07,ICBP,RG,7125,8,D,IF,RX,D
14:02:58,ICBP,RG,7125,1,D,IF,PD,D
14:02:55,ICBP,RG,7125,77,D,IF,CC,D
14:02:43,ICBP,RG,7125,4,D,IF,ZP,F
14:02:36,ICBP,RG,7125,11,D,IF,DX,D
14:02:32,ICBP,RG,7125,6,D,IF,CC,D
14:02:15,ICBP,RG,7125,6,D,IF,YU,D
14:02:03,ICBP,RG,7125,2,D,IF,YP,D
14:01:43,ICBP,RG,7125,9,D,IF,RX,D
14:01:37,ICBP,RG,7125,83,D,IF,CC,D
14:01:00,ICBP,RG,7150,10,D,XL,KZ,D
14:00:55,ICBP,RG,7150,10,D,XL,KZ,D
14:00:47,ICBP,RG,7125,12,D,IF,DX,D
14:00:35,ICBP,RG,7125,2,D,IF,CC,D
14:00:32,ICBP,RG,7125,5,D,IF,CC,D
14:00:23,ICBP,RG,7125,1,D,IF,ZP,F
14:00:23,ICBP,RG,7125,77,D,IF,CC,D
14:00:18,ICBP,RG,7125,55,D,IF,CC,D
14:00:07,ICBP,RG,7125,8,D,IF,RX,D
13:59:39,ICBP,RG,7150,8,D,CC,KZ,D
13:59:39,ICBP,RG,7150,17,D,CC,CS,F
13:59:33,ICBP,RG,7150,3,D,NI,CS,F
13:59:32,ICBP,RG,7125,4,D,IF,ZP,F
13:59:18,ICBP,RG,7150,2,D,YP,CS,F
13:59:10,ICBP,RG,7125,19,D,IF,RX,D
13:59:09,ICBP,RG,7125,80,D,IF,CC,D
13:59:01,ICBP,RG,7125,12,D,IF,DX,D
13:58:52,ICBP,RG,7150,15,D,GR,CS,F
13:58:36,ICBP,RG,7125,4,D,IF,CC,D
13:58:27,ICBP,RG,7150,1,D,OD,CS,F
13:58:18,ICBP,RG,7150,5,D,NI,CS,F
13:58:07,ICBP,RG,7125,1,D,IF,BQ,D
13:57:57,ICBP,RG,7125,77,D,IF,CC,D
13:57:25,ICBP,RG,7125,4,D,IF,ZP,F
13:57:11,ICBP,RG,7125,11,D,IF,DX,D
13:56:43,ICBP,RG,7125,75,D,IF,CC,D
13:56:42,ICBP,RG,7125,5,D,IF,CC,D
13:56:25,ICBP,RG,7150,1,D,PD,CS,F
13:56:24,ICBP,RG,7150,24,F,KZ,CS,F
13:56:16,ICBP,RG,7150,1,D,CC,CS,F
13:55:59,ICBP,RG,7150,38,F,KZ,CS,F
13:55:58,ICBP,RG,7150,70,D,BB,CS,F
13:55:54,ICBP,RG,7150,1,D,XC,CS,F
13:55:34,ICBP,RG,7150,30,D,AO,CS,F
13:55:25,ICBP,RG,7125,71,D,IF,CC,D
13:55:19,ICBP,RG,7125,13,D,IF,DX,D
13:55:18,ICBP,RG,7125,1,D,IF,ZP,F
13:55:09,ICBP,RG,7150,1,F,KZ,CS,F
13:54:43,ICBP,RG,7150,1,D,CC,CS,F
13:54:39,ICBP,RG,7150,1,F,KZ,CS,F
13:54:34,ICBP,RG,7150,27,F,KZ,CS,F
13:54:32,ICBP,RG,7150,1,D,EP,CS,F
13:54:29,ICBP,RG,7150,1,F,KZ,CS,F
13:54:24,ICBP,RG,7150,2,F,KZ,CS,F
13:54:17,ICBP,RG,7150,7,D,CC,KZ,D
13:54:08,ICBP,RG,7150,1,D,KK,KZ,D
13:54:04,ICBP,RG,7150,10,F,KZ,KZ,D
13:54:03,ICBP,RG,7150,3,F,AK,ZP,F
13:54:02,ICBP,RG,7150,74,F,AK,CC,D
13:54:02,ICBP,RG,7150,6,F,AK,CC,D
13:54:02,ICBP,RG,7150,30,F,AK,RX,D
13:54:02,ICBP,RG,7150,1,F,KZ,RX,D
13:54:02,ICBP,RG,7150,2,D,SQ,RX,D
13:54:02,ICBP,RG,7150,1,F,KZ,RX,D
13:54:02,ICBP,RG,7150,1,D,XC,RX,D
13:54:02,ICBP,RG,7150,2,D,YP,RX,D
13:54:02,ICBP,RG,7150,1,F,KZ,RX,D
13:54:02,ICBP,RG,7150,11,F,KZ,RX,D
13:54:02,ICBP,RG,7150,35,F,KZ,RX,D
13:54:02,ICBP,RG,7150,3,F,KZ,RX,D
13:54:02,ICBP,RG,7150,1,F,KZ,RX,D
13:54:02,ICBP,RG,7150,1,F,KZ,RX,D
13:54:02,ICBP,RG,7150,22,F,KZ,RX,D
13:54:02,ICBP,RG,7150,34,F,KZ,RX,D
13:54:02,ICBP,RG,7150,65,D,CC,RX,D
13:54:02,ICBP,RG,7150,37,F,AK,RX,D
13:54:02,ICBP,RG,7150,703,F,KZ,RX,D
13:53:52,ICBP,RG,7150,7,F,KZ,XC,D
13:53:42,ICBP,RG,7175,3,D,XC,NI,D
13:53:22,ICBP,RG,7150,1,F,KZ,CC,D
13:52:32,ICBP,RG,7150,2,F,KZ,XL,D
13:52:25,ICBP,RG,7150,1,F,AK,PD,D
13:52:25,ICBP,RG,7150,1,F,AK,PD,D
13:52:25,ICBP,RG,7150,25,F,AK,CC,D
13:52:25,ICBP,RG,7150,1,F,AK,BQ,D
13:52:25,ICBP,RG,7150,8,F,AK,PD,D
13:52:24,ICBP,RG,7150,6,F,KZ,PD,D
13:52:24,ICBP,RG,7150,4,F,KZ,SQ,D
13:52:24,ICBP,RG,7150,1,F,KZ,SQ,D
13:52:24,ICBP,RG,7150,45,F,KZ,SQ,D
13:52:24,ICBP,RG,7150,2,F,KZ,KK,D
13:52:24,ICBP,RG,7150,9,F,KZ,KK,D
13:52:24,ICBP,RG,7150,14,F,KZ,KZ,D
13:52:22,ICBP,RG,7150,34,F,AK,KZ,D
13:52:22,ICBP,RG,7150,54,F,AK,KZ,D
13:52:22,ICBP,RG,7150,24,F,AK,KZ,D
13:52:22,ICBP,RG,7150,76,D,YP,KZ,D
13:52:22,ICBP,RG,7150,3,D,YP,YU,D
13:52:22,ICBP,RG,7150,16,D,YP,BK,F
13:52:22,ICBP,RG,7150,126,D,YP,KZ,D
13:52:22,ICBP,RG,7150,30,D,YP,XC,D
13:52:22,ICBP,RG,7150,2,D,YP,GR,D
13:52:22,ICBP,RG,7150,5,D,YP,YP,D
13:52:22,ICBP,RG,7150,1,D,YP,XL,D
13:52:22,ICBP,RG,7150,2,D,YP,XC,D
13:52:22,ICBP,RG,7150,160,D,YP,KZ,D
13:52:22,ICBP,RG,7150,1,D,YP,KZ,D
13:52:22,ICBP,RG,7150,1,D,YP,PD,D
13:52:22,ICBP,RG,7150,1,D,YP,CC,D
13:52:22,ICBP,RG,7150,3,D,YP,KK,D
13:52:22,ICBP,RG,7150,14,D,YP,PD,D
13:52:22,ICBP,RG,7150,3,D,YP,KK,D
13:52:22,ICBP,RG,7150,1,D,YP,AT,D
13:52:22,ICBP,RG,7150,3,D,YP,PD,D
13:52:22,ICBP,RG,7150,15,D,YP,KK,D
13:52:22,ICBP,RG,7150,5,D,YP,XC,D
13:52:22,ICBP,RG,7150,5,D,YP,XC,D
13:52:22,ICBP,RG,7150,3,D,YP,XL,D
13:52:22,ICBP,RG,7150,7,D,YP,CC,D
13:52:22,ICBP,RG,7150,84,D,YP,KZ,D
13:52:22,ICBP,RG,7150,90,D,YP,KZ,D
13:52:22,ICBP,RG,7150,10,D,YP,YP,D
13:52:22,ICBP,RG,7150,2,D,YP,NI,D
13:52:22,ICBP,RG,7150,10,D,YP,YP,D
13:52:22,ICBP,RG,7150,3,D,YP,YU,D
13:52:22,ICBP,RG,7150,1,D,YP,XC,D
13:52:22,ICBP,RG,7150,200,D,YP,CC,D
13:52:22,ICBP,RG,7150,10,D,YP,XA,D
13:52:22,ICBP,RG,7150,49,D,YP,KZ,D
13:52:22,ICBP,RG,7150,25,D,YP,OD,D
13:52:22,ICBP,RG,7150,24,D,YP,BK,F
13:52:22,ICBP,RG,7150,9,D,YP,BK,F
13:52:02,ICBP,RG,7125,13,D,IF,DX,D
13:52:02,ICBP,RG,7125,100,D,IF,IT,D
13:52:02,ICBP,RG,7125,82,D,IF,CC,D
13:52:02,ICBP,RG,7125,25,D,IF,CC,D
13:52:02,ICBP,RG,7125,32,D,IF,BK,F
13:52:02,ICBP,RG,7125,5,D,IF,CC,D
13:52:02,ICBP,RG,7125,13,D,IF,CC,D
13:52:02,ICBP,RG,7125,30,D,IF,BK,F
13:52:02,ICBP,RG,7125,9,D,IF,AK,F
13:52:02,ICBP,RG,7125,14,D,IF,RX,D
13:52:02,ICBP,RG,7125,3,D,IF,YU,D
13:52:02,ICBP,RG,7125,36,D,IF,BK,F
13:52:02,ICBP,RG,7125,208,D,IF,CS,F
13:52:02,ICBP,RG,7125,3,D,IF,AK,F
13:52:02,ICBP,RG,7125,1,D,IF,NI,D
13:52:02,ICBP,RG,7125,50,D,IF,PD,D
13:52:02,ICBP,RG,7125,35,D,IF,BK,F
13:52:02,ICBP,RG,7125,1,D,IF,YP,D
13:52:02,ICBP,RG,7125,1,D,IF,DR,D
13:52:02,ICBP,RG,7125,1,D,IF,XL,D
13:52:02,ICBP,RG,7125,15,D,IF,RX,D
13:52:02,ICBP,RG,7125,6,D,IF,BK,F
13:52:02,ICBP,RG,7125,30,D,IF,BK,F
13:52:02,ICBP,RG,7125,15,D,IF,KZ,D
13:52:02,ICBP,RG,7125,200,D,IF,PD,D
13:52:02,ICBP,RG,7125,32,D,IF,BK,F
13:52:02,ICBP,RG,7125,3,D,IF,ZP,F
13:52:02,ICBP,RG,7125,2,D,IF,BK,F
13:51:51,ICBP,RG,7125,28,D,CC,BK,F
13:51:51,ICBP,RG,7125,2,D,CC,XC,D
13:51:48,ICBP,RG,7100,1,D,PD,ZP,F
13:51:48,ICBP,RG,7100,1,D,SQ,ZP,F
13:51:43,ICBP,RG,7100,11,D,SQ,DX,D
13:51:33,ICBP,RG,7100,38,D,SQ,CC,D
13:51:33,ICBP,RG,7100,2,D,PD,CC,D
13:51:33,ICBP,RG,7100,1,D,PD,CC,D
13:51:33,ICBP,RG,7100,1,D,PD,CC,D
13:51:33,ICBP,RG,7100,28,D,CP,CC,D
13:51:25,ICBP,RG,7125,1,D,PD,XC,D
13:51:07,ICBP,RG,7100,15,D,CP,CC,D
13:50:56,ICBP,RG,7125,2,D,PD,XC,D
13:50:56,ICBP,RG,7100,6,D,CP,CC,D
13:50:53,ICBP,RG,7125,2,D,PD,XC,D
13:50:31,ICBP,RG,7125,2,D,PD,PD,D
13:50:31,ICBP,RG,7125,8,D,PD,BK,F
13:50:26,ICBP,RG,7100,1,D,CP,ZP,F
13:50:19,ICBP,RG,7100,14,D,CP,CC,D
13:50:19,ICBP,RG,7100,2,D,OD,CC,D
13:50:19,ICBP,RG,7100,1,D,YP,CC,D
13:50:19,ICBP,RG,7100,10,D,SQ,CC,D
13:50:19,ICBP,RG,7100,4,D,XC,CC,D
13:50:19,ICBP,RG,7100,5,D,PD,CC,D
13:50:19,ICBP,RG,7100,1,D,BQ,CC,D
13:50:19,ICBP,RG,7100,10,D,CC,CC,D
13:50:19,ICBP,RG,7100,2,D,KK,CC,D
13:50:19,ICBP,RG,7100,10,D,SQ,CC,D
13:50:19,ICBP,RG,7100,3,D,YP,CC,D
13:50:19,ICBP,RG,7100,4,D,XC,CC,D
13:50:19,ICBP,RG,7100,12,D,PD,CC,D
13:50:09,ICBP,RG,7100,4,D,PD,ZP,F
13:49:55,ICBP,RG,7100,12,D,PD,DX,D
13:49:49,ICBP,RG,7125,1,D,PD,BK,F
13:49:45,ICBP,RG,7125,2,D,CC,BK,F
13:49:45,ICBP,RG,7125,1,D,PD,BK,F
13:49:37,ICBP,RG,7125,1,D,PD,BK,F
13:49:23,ICBP,RG,7125,1,D,PD,BK,F
13:49:16,ICBP,RG,7100,5,D,PD,PD,D
13:49:02,ICBP,RG,7100,3,D,PD,CC,D
13:49:02,ICBP,RG,7125,16,D,YP,BK,F
13:49:02,ICBP,RG,7125,24,D,YP,CS,F
13:49:01,ICBP,RG,7100,14,D,PD,CC,D
13:49:01,ICBP,RG,7100,1,D,YP,CC,D
13:49:01,ICBP,RG,7100,4,D,PD,CC,D
13:49:01,ICBP,RG,7100,1,D,XL,CC,D
13:49:01,ICBP,RG,7100,5,D,PD,CC,D
13:49:01,ICBP,RG,7100,22,D,CC,CC,D
13:49:01,ICBP,RG,7100,1,D,PD,CC,D
13:49:01,ICBP,RG,7100,1,D,OD,CC,D
13:49:01,ICBP,RG,7100,1,D,YP,CC,D
13:49:01,ICBP,RG,7100,1,D,DH,CC,D
13:49:01,ICBP,RG,7100,1,D,YP,CC,D
13:49:01,ICBP,RG,7100,2,D,PD,CC,D
13:49:01,ICBP,RG,7100,5,D,CC,CC,D
13:49:01,ICBP,RG,7100,1,D,OD,CC,D
13:49:01,ICBP,RG,7100,10,D,KK,CC,D
13:49:01,ICBP,RG,7100,3,D,YP,CC,D
13:49:01,ICBP,RG,7100,19,D,YP,CC,D
13:48:57,ICBP,RG,7125,30,D,XC,CS,F
13:48:55,ICBP,RG,7125,1,D,YP,CS,F
13:48:54,ICBP,RG,7125,57,F,KZ,CS,F
13:48:50,ICBP,RG,7125,5,F,KZ,CS,F
13:48:49,ICBP,RG,7125,7,F,KZ,CS,F
13:48:49,ICBP,RG,7125,1,F,KZ,AK,F
13:48:49,ICBP,RG,7125,1,F,KZ,AK,F
13:48:49,ICBP,RG,7125,1,F,KZ,BK,F
13:48:48,ICBP,RG,7125,18,F,KZ,BK,F
13:48:48,ICBP,RG,7125,15,D,AI,BK,F
13:48:48,ICBP,RG,7125,55,D,AI,RX,D
13:48:46,ICBP,RG,7125,4,D,PD,RX,D
13:48:16,ICBP,RG,7125,1,D,PD,RX,D
13:48:09,ICBP,RG,7125,5,D,EP,RX,D
13:48:08,ICBP,RG,7100,5,D,YP,ZP,F
13:48:03,ICBP,RG,7100,14,D,YP,DX,D
13:48:01,ICBP,RG,7100,1,D,YP,XL,D
13:47:59,ICBP,RG,7125,1,D,NI,RX,D
13:47:49,ICBP,RG,7125,2,D,XC,RX,D
13:47:45,ICBP,RG,7100,74,D,YP,CC,D
13:47:04,ICBP,RG,7100,4,D,YP,CC,D
13:46:31,ICBP,RG,7100,83,D,YP,CC,D
13:46:31,ICBP,RG,7100,1,D,YP,CC,D
13:46:31,ICBP,RG,7100,2,D,YP,CC,D
13:46:31,ICBP,RG,7100,4,D,ZP,CC,D
13:46:29,ICBP,RG,7125,2,F,KZ,RX,D
13:46:25,ICBP,RG,7125,5,D,SQ,RX,D
13:46:24,ICBP,RG,7125,4,F,KZ,RX,D
13:46:19,ICBP,RG,7125,4,F,KZ,RX,D
13:46:19,ICBP,RG,7125,1,F,KZ,RX,D
13:46:19,ICBP,RG,7125,169,F,KZ,RX,D
13:46:16,ICBP,RG,7125,43,F,KZ,RX,D
13:46:16,ICBP,RG,7100,1,D,ZP,BQ,D
13:46:14,ICBP,RG,7125,1,F,KZ,RX,D
13:46:14,ICBP,RG,7125,3,F,KZ,RX,D
13:46:14,ICBP,RG,7125,4,F,KZ,KK,D
13:46:14,ICBP,RG,7125,29,F,KZ,BK,F
13:46:14,ICBP,RG,7125,5,F,KZ,KK,D
13:46:14,ICBP,RG,7125,1,F,KZ,KK,D
13:46:14,ICBP,RG,7125,4,F,KZ,RX,D
13:46:14,ICBP,RG,7125,6,F,KZ,RX,D
13:46:14,ICBP,RG,7100,5,D,ZP,DX,D
13:46:14,ICBP,RG,7100,5,D,YP,DX,D
13:46:14,ICBP,RG,7100,1,D,PD,DX,D
13:46:05,ICBP,RG,7100,4,D,NI,YU,D
13:46:05,ICBP,RG,7100,1,D,EP,YU,D
13:46:05,ICBP,RG,7100,1,D,YP,YU,D
13:45:22,ICBP,RG,7125,1,D,XC,RX,D
13:45:17,ICBP,RG,7100,9,D,YP,CC,D
13:45:17,ICBP,RG,7100,1,D,SQ,CC,D
13:45:17,ICBP,RG,7100,1,D,DH,CC,D
13:45:17,ICBP,RG,7100,5,D,YP,CC,D
13:45:17,ICBP,RG,7100,10,D,PD,CC,D
13:45:17,ICBP,RG,7100,5,D,CC,CC,D
13:45:17,ICBP,RG,7100,2,D,CC,CC,D
13:45:17,ICBP,RG,7100,1,D,PD,CC,D
13:45:17,ICBP,RG,7100,10,D,TP,CC,D
13:45:17,ICBP,RG,7100,1,D,NI,CC,D
13:45:17,ICBP,RG,7100,1,D,CC,CC,D
13:45:17,ICBP,RG,7100,2,D,CC,CC,D
13:45:17,ICBP,RG,7100,5,D,CC,CC,D
13:45:17,ICBP,RG,7100,5,D,GR,CC,D
13:45:17,ICBP,RG,7100,1,D,NI,CC,D
13:45:17,ICBP,RG,7100,1,D,PD,CC,D
13:45:17,ICBP,RG,7100,1,D,SQ,CC,D
13:45:17,ICBP,RG,7100,7,D,XC,CC,D
13:45:17,ICBP,RG,7100,5,D,XC,CC,D
13:45:17,ICBP,RG,7100,1,D,SQ,CC,D
13:45:17,ICBP,RG,7100,1,D,LG,CC,D
13:45:17,ICBP,RG,7100,4,D,YP,CC,D
13:45:17,ICBP,RG,7100,5,D,CC,CC,D
13:45:17,ICBP,RG,7100,1,D,PD,CC,D
13:45:17,ICBP,RG,7100,3,D,AZ,CC,D
13:45:17,ICBP,RG,7100,1,D,XC,CC,D
13:45:17,ICBP,RG,7100,1,D,XC,CC,D
13:45:10,ICBP,RG,7125,2,D,PD,RX,D
13:45:08,ICBP,RG,7100,5,D,YP,CC,D
13:45:00,ICBP,RG,7125,14,D,CC,RX,D
13:45:00,ICBP,RG,7125,2,D,CC,ZP,F
13:45:00,ICBP,RG,7125,19,D,CC,KZ,D
13:45:00,ICBP,RG,7125,34,D,CC,BK,F
13:44:29,ICBP,RG,7100,11,D,YP,DX,D
13:43:57,ICBP,RG,7100,34,D,YP,CC,D
13:43:57,ICBP,RG,7100,6,D,CC,CC,D
13:43:57,ICBP,RG,7100,4,D,CC,CC,D
13:43:57,ICBP,RG,7100,49,D,KI,CC,D
13:43:53,ICBP,RG,7100,1,D,KI,ZP,F
13:43:49,ICBP,RG,7125,1,D,GR,BK,F
13:43:34,ICBP,RG,7100,4,D,KI,ZP,F
13:43:34,ICBP,RG,7100,46,D,KI,SQ,D
13:43:34,ICBP,RG,7100,1,D,YB,SQ,D
13:43:34,ICBP,RG,7100,13,D,XA,SQ,D
13:43:16,ICBP,RG,7100,8,D,XA,XL,D
13:43:12,ICBP,RG,7100,5,D,XA,CC,D
13:42:41,ICBP,RG,7100,4,D,XA,CC,D
13:42:41,ICBP,RG,7100,1,D,PD,CC,D
13:42:41,ICBP,RG,7100,1,D,PD,CC,D
13:42:41,ICBP,RG,7100,1,D,XC,CC,D
13:42:41,ICBP,RG,7100,1,D,SQ,CC,D
13:42:41,ICBP,RG,7100,10,D,TP,CC,D
13:42:41,ICBP,RG,7100,2,D,YP,CC,D
13:42:41,ICBP,RG,7100,1,D,SQ,CC,D
13:42:41,ICBP,RG,7100,1,D,PD,CC,D
13:42:41,ICBP,RG,7100,2,D,CC,CC,D
13:42:41,ICBP,RG,7100,10,D,DH,CC,D
13:42:41,ICBP,RG,7100,2,D,YU,CC,D
13:42:41,ICBP,RG,7100,2,D,YP,CC,D
13:42:41,ICBP,RG,7100,20,D,NI,CC,D
13:42:41,ICBP,RG,7100,1,D,PD,CC,D
13:42:41,ICBP,RG,7100,1,D,NI,CC,D
13:42:41,ICBP,RG,7100,1,D,YP,CC,D
13:42:41,ICBP,RG,7100,1,D,YP,CC,D
13:42:41,ICBP,RG,7100,1,D,NI,CC,D
13:42:41,ICBP,RG,7100,1,D,XC,CC,D
13:42:41,ICBP,RG,7100,5,D,CP,CC,D
13:42:41,ICBP,RG,7100,1,D,DH,CC,D
13:42:41,ICBP,RG,7100,14,D,PD,CC,D
13:42:40,ICBP,RG,7100,14,D,PD,DX,D
13:42:39,ICBP,RG,7125,1,F,KZ,BK,F
13:42:39,ICBP,RG,7125,2,F,KZ,BK,F
13:42:39,ICBP,RG,7125,1,F,KZ,BK,F
13:42:39,ICBP,RG,7125,1,F,KZ,BK,F
13:42:38,ICBP,RG,7125,1,D,XC,BK,F
13:42:37,ICBP,RG,7100,1,D,OD,PD,D
13:42:36,ICBP,RG,7125,25,D,KK,BK,F
13:42:36,ICBP,RG,7125,146,D,KK,CS,F
13:42:22,ICBP,RG,7125,6,D,YP,CS,F
13:42:00,ICBP,RG,7125,14,D,PD,CS,F
13:41:54,ICBP,RG,7125,50,D,PD,CS,F
13:41:37,ICBP,RG,7100,1,D,OD,ZP,F
13:41:36,ICBP,RG,7125,3,D,CC,CS,F
13:41:25,ICBP,RG,7100,1,D,XC,CC,D
13:41:25,ICBP,RG,7100,1,D,PD,CC,D
13:41:25,ICBP,RG,7100,10,D,CC,CC,D
13:41:25,ICBP,RG,7100,2,D,CC,CC,D
13:41:25,ICBP,RG,7100,10,D,YP,CC,D
13:41:25,ICBP,RG,7100,5,D,YP,CC,D
13:41:25,ICBP,RG,7100,1,D,PD,CC,D
13:41:25,ICBP,RG,7100,30,D,YP,CC,D
13:41:25,ICBP,RG,7100,2,D,ZP,CC,D
13:41:25,ICBP,RG,7100,1,D,PD,CC,D
13:41:25,ICBP,RG,7100,5,D,SQ,CC,D
13:41:25,ICBP,RG,7100,1,D,PD,CC,D
13:41:25,ICBP,RG,7100,1,D,SQ,CC,D
13:41:25,ICBP,RG,7100,4,D,CC,CC,D
13:41:23,ICBP,RG,7125,1,D,PD,CC,D
13:41:17,ICBP,RG,7125,8,D,XC,CC,D
13:41:17,ICBP,RG,7125,1,D,XC,CC,D
13:41:09,ICBP,RG,7100,1,D,CC,DH,D
13:41:09,ICBP,RG,7125,5,D,NI,CC,D
13:41:09,ICBP,RG,7125,1,D,NI,ZP,F
13:41:09,ICBP,RG,7125,7,D,NI,PD,D
13:41:00,ICBP,RG,7125,2,D,KK,PD,D
13:40:50,ICBP,RG,7125,12,D,XC,PD,D
13:40:47,ICBP,RG,7125,1,D,XC,PD,D
13:40:45,ICBP,RG,7100,11,D,CC,DX,D
13:40:44,ICBP,RG,7125,14,D,XL,PD,D
13:40:15,ICBP,RG,7100,1,D,CC,ZP,F
13:40:15,ICBP,RG,7125,1,D,GR,PD,D
13:40:15,ICBP,RG,7125,1,D,YP,PD,D
13:40:15,ICBP,RG,7125,1,D,YP,PD,D
13:40:15,ICBP,RG,7125,26,D,OD,PD,D
13:40:15,ICBP,RG,7125,3,D,CC,PD,D
13:40:15,ICBP,RG,7125,1,D,CC,PD,D
13:40:15,ICBP,RG,7125,7,D,BQ,PD,D
13:40:15,ICBP,RG,7125,6,D,XA,PD,D
13:40:15,ICBP,RG,7125,10,D,YP,PD,D
13:40:15,ICBP,RG,7125,10,D,CC,PD,D
13:40:15,ICBP,RG,7125,2,D,YP,PD,D
13:40:15,ICBP,RG,7125,3,D,PD,PD,D
13:40:15,ICBP,RG,7125,1,F,KZ,PD,D
13:40:15,ICBP,RG,7125,1,F,KZ,PD,D
13:40:15,ICBP,RG,7125,1,D,PD,PD,D
13:40:15,ICBP,RG,7125,20,F,KZ,PD,D
13:40:15,ICBP,RG,7125,20,F,KZ,PD,D
13:40:15,ICBP,RG,7125,20,F,KZ,BK,F
13:40:15,ICBP,RG,7125,1,F,KZ,BK,F
13:40:15,ICBP,RG,7125,50,D,YP,BK,F
13:40:15,ICBP,RG,7125,1,D,NI,BK,F
13:40:15,ICBP,RG,7125,109,F,KZ,BK,F
13:40:15,ICBP,RG,7125,4,F,KZ,BK,F
13:40:15,ICBP,RG,7125,1,F,KZ,BK,F
13:40:15,ICBP,RG,7125,2,F,KZ,BK,F
13:40:15,ICBP,RG,7125,9,F,KZ,BK,F
13:40:15,ICBP,RG,7125,24,F,KZ,BK,F
13:40:15,ICBP,RG,7125,19,F,AK,BK,F
13:40:14,ICBP,RG,7125,1,F,AK,DR,D
13:40:07,ICBP,RG,7125,3,F,AK,ZP,F
13:40:07,ICBP,RG,7125,77,F,AK,CC,D
13:40:07,ICBP,RG,7125,3,D,LG,CC,D
13:40:00,ICBP,RG,7125,1,D,LG,NI,D
13:39:22,ICBP,RG,7125,4,D,LG,CC,D
13:39:16,ICBP,RG,7150,3,D,NI,BK,F
13:39:15,ICBP,RG,7125,100,D,LG,PD,D
13:39:04,ICBP,RG,7150,4,D,PD,BK,F
13:38:53,ICBP,RG,7125,91,D,LG,CC,D
13:38:12,ICBP,RG,7125,16,D,LG,XC,D
13:37:54,ICBP,RG,7150,2,D,NI,BK,F
13:37:35,ICBP,RG,7125,1,D,LG,XC,D
13:37:35,ICBP,RG,7125,12,D,LG,DX,D
13:37:35,ICBP,RG,7125,34,D,LG,BK,F
13:37:35,ICBP,RG,7125,8,D,LG,CC,D
13:37:34,ICBP,RG,7100,3,D,CC,SQ,D
13:37:32,ICBP,RG,7125,20,F,KZ,CC,D
13:37:31,ICBP,RG,7125,5,D,DR,CC,D
13:37:31,ICBP,RG,7125,6,D,DR,NI,D
13:37:31,ICBP,RG,7125,3,D,DR,YU,D
13:37:31,ICBP,RG,7125,2,D,DR,XC,D
13:37:31,ICBP,RG,7125,59,D,DR,CC,D
13:37:28,ICBP,RG,7125,28,D,GR,CC,D
13:37:20,ICBP,RG,7125,2,F,KZ,CC,D
13:37:20,ICBP,RG,7125,2,F,KZ,AK,F
13:37:20,ICBP,RG,7125,17,F,KZ,RX,D
13:37:19,ICBP,RG,7125,4,F,KZ,CC,D
13:37:19,ICBP,RG,7125,7,F,KZ,BK,F
13:37:19,ICBP,RG,7125,1,F,KZ,BK,F
13:37:19,ICBP,RG,7125,10,F,KZ,BK,F
13:37:18,ICBP,RG,7125,15,D,TP,BK,F
13:37:18,ICBP,RG,7125,3,D,TP,LG,D
13:37:18,ICBP,RG,7125,32,D,TP,BK,F
13:37:18,ICBP,RG,7125,7,D,TP,BK,F
13:37:18,ICBP,RG,7125,1,D,TP,CC,F
13:37:18,ICBP,RG,7125,3,D,TP,YU,D
13:37:18,ICBP,RG,7125,32,D,TP,BK,F
13:37:18,ICBP,RG,7125,11,D,TP,RX,D
13:37:18,ICBP,RG,7125,6,D,TP,YP,D
13:37:18,ICBP,RG,7125,3,D,TP,XL,D
13:37:18,ICBP,RG,7125,3,D,TP,ZP,F
13:37:18,ICBP,RG,7125,34,D,TP,CC,D
13:37:14,ICBP,RG,7125,1,F,KZ,CC,D
13:37:14,ICBP,RG,7125,1,F,KZ,CC,D
13:37:14,ICBP,RG,7125,11,F,KZ,CC,D
13:37:09,ICBP,RG,7125,193,F,KZ,CC,D
13:37:09,ICBP,RG,7125,27,F,KZ,CC,D
13:37:09,ICBP,RG,7125,1,F,KZ,CC,D
13:37:09,ICBP,RG,7125,3,F,KZ,CC,D
13:37:09,ICBP,RG,7125,4,F,KZ,CC,D
13:37:04,ICBP,RG,7100,2,D,CC,ZP,F
13:37:04,ICBP,RG,7100,14,D,CC,DX,D
13:36:51,ICBP,RG,7125,13,D,XC,CC,D
13:36:49,ICBP,RG,7125,5,D,YP,CC,D
13:36:39,ICBP,RG,7125,2,D,YP,CC,D
13:36:28,ICBP,RG,7125,5,D,AI,CC,D
13:36:28,ICBP,RG,7125,33,D,AI,BK,F
13:36:28,ICBP,RG,7125,1,D,AI,PD,D
13:36:28,ICBP,RG,7125,31,D,AI,BK,F
13:36:26,ICBP,RG,7125,1,D,NI,BK,F
13:36:26,ICBP,RG,7125,1,D,NI,NI,D
13:36:16,ICBP,RG,7100,26,D,CC,CC,D
13:36:16,ICBP,RG,7100,1,D,PD,CC,D
13:36:16,ICBP,RG,7100,2,D,KK,CC,D
13:36:16,ICBP,RG,7100,1,D,CC,CC,D
13:36:16,ICBP,RG,7100,10,D,YP,CC,D
13:36:16,ICBP,RG,7100,2,D,XC,CC,D
13:36:16,ICBP,RG,7100,5,D,XC,CC,D
13:36:16,ICBP,RG,7100,1,D,PD,CC,D
13:36:16,ICBP,RG,7100,1,D,YP,CC,D
13:36:16,ICBP,RG,7100,31,D,YP,CC,D
13:36:15,ICBP,RG,7125,1,D,PD,NI,D
13:36:15,ICBP,RG,7125,1,D,PD,AK,F
13:36:11,ICBP,RG,7125,2,D,PD,AK,F
13:36:11,ICBP,RG,7125,8,D,PD,PD,D
13:36:02,ICBP,RG,7125,1,D,KK,PD,D
13:35:58,ICBP,RG,7125,60,D,YP,PD,D
13:35:54,ICBP,RG,7100,2,D,YP,PD,D
13:35:51,ICBP,RG,7100,1,D,YP,BQ,D
13:35:43,ICBP,RG,7125,2,D,XL,PD,D
13:35:38,ICBP,RG,7100,4,D,YP,CC,D
13:35:24,ICBP,RG,7100,4,D,YP,ZP,F
13:35:19,ICBP,RG,7100,13,D,YP,DX,D
13:35:01,ICBP,RG,7125,1,D,YP,PD,D
13:35:00,ICBP,RG,7100,45,D,YP,CC,D
13:35:00,ICBP,RG,7100,5,D,KK,CC,D
13:35:00,ICBP,RG,7100,1,D,XC,CC,D
13:35:00,ICBP,RG,7100,15,D,GR,CC,D
13:35:00,ICBP,RG,7100,1,D,NI,CC,D
13:35:00,ICBP,RG,7100,10,D,SQ,CC,D
13:35:00,ICBP,RG,7100,2,D,DH,CC,D
13:35:00,ICBP,RG,7100,1,D,YP,CC,D
13:35:00,ICBP,RG,7100,5,D,AT,CC,D
13:35:00,ICBP,RG,7100,1,D,XC,CC,D
13:35:00,ICBP,RG,7100,1,D,XC,CC,D
13:35:00,ICBP,RG,7100,3,D,DH,CC,D
13:35:00,ICBP,RG,7100,2,D,XC,CC,D
13:35:00,ICBP,RG,7100,2,F,YU,CC,D
13:34:55,ICBP,RG,7125,15,D,XL,PD,D
13:34:52,ICBP,RG,7125,3,D,DH,PD,D
13:34:45,ICBP,RG,7125,45,D,CC,PD,D
13:34:36,ICBP,RG,7125,5,D,SQ,PD,D
13:34:18,ICBP,RG,7125,44,D,CC,PD,D
13:33:46,ICBP,RG,7100,6,F,YU,CC,D
13:33:43,ICBP,RG,7100,1,F,YU,ZP,F
13:33:42,ICBP,RG,7100,83,F,YU,CC,D
13:33:35,ICBP,RG,7100,10,F,YU,NI,D
13:33:30,ICBP,RG,7100,13,F,YU,DX,D
13:33:20,ICBP,RG,7125,5,D,YP,PD,D
13:33:19,ICBP,RG,7125,11,D,LG,PD,D
13:33:19,ICBP,RG,7125,9,D,LG,YP,D
13:33:17,ICBP,RG,7125,1,D,XC,YP,D
13:33:05,ICBP,RG,7100,1,F,YU,PD,D
13:33:02,ICBP,RG,7125,1,D,PD,YP,D
13:32:59,ICBP,RG,7100,1,F,YU,ZP,F
13:32:22,ICBP,RG,7100,33,F,YU,CC,D
13:32:22,ICBP,RG,7100,5,D,YP,CC,D
13:32:22,ICBP,RG,7100,3,D,PD,CC,D
13:32:22,ICBP,RG,7100,1,D,PD,CC,D
13:32:22,ICBP,RG,7100,1,D,PD,CC,D
13:32:22,ICBP,RG,7100,10,D,YP,CC,D
13:32:22,ICBP,RG,7100,5,D,PD,CC,D
13:32:22,ICBP,RG,7100,1,D,XC,CC,D
13:32:22,ICBP,RG,7100,3,D,PD,CC,D
13:32:22,ICBP,RG,7100,2,D,DR,CC,D
13:32:22,ICBP,RG,7100,1,D,PD,CC,D
13:32:22,ICBP,RG,7100,1,D,XL,CC,D
13:32:22,ICBP,RG,7100,10,D,YP,CC,D
13:32:22,ICBP,RG,7100,2,D,HP,CC,D
13:32:22,ICBP,RG,7100,3,D,PD,CC,D
13:32:14,ICBP,RG,7125,1,F,KZ,YP,D
13:32:09,ICBP,RG,7125,2,F,KZ,YP,D
13:32:09,ICBP,RG,7125,1,F,KZ,YP,D
13:32:09,ICBP,RG,7125,8,F,KZ,BK,F
13:32:08,ICBP,RG,7125,6,D,CC,BK,F
13:32:08,ICBP,RG,7125,1,F,AK,BK,F
13:32:08,ICBP,RG,7125,10,F,KZ,BK,F
13:32:08,ICBP,RG,7125,1,F,KZ,XC,D
13:32:08,ICBP,RG,7125,6,F,KZ,XC,D
13:32:07,ICBP,RG,7125,11,D,YP,XC,D
13:32:07,ICBP,RG,7125,1,D,YP,ZP,F
13:32:07,ICBP,RG,7125,23,D,YP,KZ,D
13:32:07,ICBP,RG,7125,15,D,YP,CS,F
13:32:05,ICBP,RG,7125,1,D,XL,CS,F
13:32:05,ICBP,RG,7100,1,D,PD,ZP,F
13:32:04,ICBP,RG,7125,183,F,KZ,CS,F
13:32:04,ICBP,RG,7125,48,F,KZ,CS,F
13:32:04,ICBP,RG,7125,1,F,KZ,CS,F
13:32:04,ICBP,RG,7125,2,F,KZ,CC,D
13:31:40,ICBP,RG,7125,1,D,XC,CC,D
13:31:40,ICBP,RG,7125,1,D,XC,CC,D
13:31:24,ICBP,RG,7125,6,D,XC,CC,D
13:31:11,ICBP,RG,7125,10,D,CC,CC,D
13:31:11,ICBP,RG,7125,2,D,CC,PD,D
13:31:11,ICBP,RG,7125,3,D,CC,YU,D
13:31:11,ICBP,RG,7125,8,D,CC,DX,D
13:31:11,ICBP,RG,7125,2,D,CC,RX,D
13:30:31,ICBP,RG,7125,7,D,OD,RX,D
13:30:22,ICBP,RG,7100,6,D,PD,RX,D
13:30:22,ICBP,RG,7100,2,D,YP,RX,D
13:30:17,ICBP,RG,7125,10,D,YP,RX,D
13:30:17,ICBP,RG,7100,10,D,YP,YP,D
13:30:16,ICBP,RG,7100,3,D,YP,YP,D
13:30:16,ICBP,RG,7100,2,D,YP,YP,D
13:30:15,ICBP,RG,7125,1,D,NI,RX,D
13:30:15,ICBP,RG,7125,4,D,NI,RX,D
13:30:15,ICBP,RG,7125,3,D,NI,ZP,D
13:30:15,ICBP,RG,7125,24,F,KZ,ZP,D
13:30:14,ICBP,RG,7125,5,D,YP,ZP,D
13:30:14,ICBP,RG,7125,68,F,AK,ZP,D
13:30:14,ICBP,RG,7125,18,F,AK,RX,D
13:30:14,ICBP,RG,7125,16,F,AK,HD,D
13:30:12,ICBP,RG,7125,1,D,XL,HD,D
13:30:11,ICBP,RG,7125,1,D,XL,HD,D
13:30:10,ICBP,RG,7125,50,D,CC,HD,D
13:30:09,ICBP,RG,7125,6,F,KZ,HD,D
13:30:09,ICBP,RG,7125,7,F,KZ,HD,D
13:30:09,ICBP,RG,7125,7,D,XC,HD,D
13:30:08,ICBP,RG,7100,2,D,YP,XC,D
13:30:08,ICBP,RG,7100,1,D,PD,XC,D
13:30:08,ICBP,RG,7100,9,D,PD,XC,D
13:30:08,ICBP,RG,7100,1,D,PD,CC,D
13:30:07,ICBP,RG,7100,5,D,NI,AK,F
13:30:07,ICBP,RG,7100,5,D,NI,XC,D
13:30:07,ICBP,RG,7100,25,D,OD,XC,D
13:30:07,ICBP,RG,7100,15,D,DH,XC,D
13:30:07,ICBP,RG,7100,5,D,DR,XC,D
13:30:07,ICBP,RG,7100,3,D,PD,XC,D
13:30:07,ICBP,RG,7100,1,D,SQ,XC,D
13:30:07,ICBP,RG,7100,2,D,GR,XC,D
13:30:07,ICBP,RG,7100,5,D,PD,XC,D
13:30:07,ICBP,RG,7100,5,D,SQ,XC,D
13:30:07,ICBP,RG,7100,1,D,XC,XC,D
13:30:07,ICBP,RG,7100,1,D,XC,XC,D
13:30:07,ICBP,RG,7100,2,D,GR,XC,D
13:30:07,ICBP,RG,7100,1,D,DH,XC,D
13:30:07,ICBP,RG,7100,1,D,PD,XC,D
13:30:07,ICBP,RG,7100,1,D,PD,XC,D
13:30:07,ICBP,RG,7100,1,D,DR,XC,D
13:30:07,ICBP,RG,7100,3,D,CC,XC,D
13:30:07,ICBP,RG,7100,10,D,PD,XC,D
13:30:07,ICBP,RG,7100,3,D,XC,XC,D
13:30:07,ICBP,RG,7100,2,D,TP,XC,D
13:30:07,ICBP,RG,7125,2,D,XL,HD,D
13:30:07,ICBP,RG,7125,1,D,XC,HD,D
13:30:07,ICBP,RG,7100,1,D,TP,XC,D
13:30:07,ICBP,RG,7100,2,D,TP,XC,D
13:30:06,ICBP,RG,7100,5,D,TP,SQ,D
13:30:06,ICBP,RG,7100,3,D,TP,SQ,D
13:30:06,ICBP,RG,7100,4,D,TP,CC,D
13:30:05,ICBP,RG,7125,1,D,XC,HD,D
13:30:05,ICBP,RG,7125,1,D,XC,HD,D
13:30:05,ICBP,RG,7100,3,D,TP,SQ,D
13:30:05,ICBP,RG,7100,4,D,PD,SQ,D
13:30:05,ICBP,RG,7100,1,F,KK,SQ,D
13:30:05,ICBP,RG,7100,1,D,XC,SQ,D
13:30:05,ICBP,RG,7100,1,D,YP,SQ,D
13:30:05,ICBP,RG,7100,1,D,XC,SQ,D
13:30:05,ICBP,RG,7100,50,D,YP,SQ,D
13:30:05,ICBP,RG,7100,1,D,XC,SQ,D
13:30:05,ICBP,RG,7100,1,D,YP,SQ,D
13:30:05,ICBP,RG,7100,2,D,PD,SQ,D
13:30:05,ICBP,RG,7100,5,D,PD,SQ,D
13:30:05,ICBP,RG,7100,1,D,YP,SQ,D
13:30:05,ICBP,RG,7100,5,D,PD,SQ,D
13:30:05,ICBP,RG,7100,5,D,XL,SQ,D
13:30:05,ICBP,RG,7100,1,D,XL,SQ,D
13:30:05,ICBP,RG,7100,1,D,XC,SQ,D
13:30:05,ICBP,RG,7100,2,D,YP,SQ,D
13:30:05,ICBP,RG,7100,5,D,YP,SQ,D
13:30:05,ICBP,RG,7100,5,D,PD,SQ,D
13:30:05,ICBP,RG,7100,1,D,YP,SQ,D
13:30:05,ICBP,RG,7100,20,D,YP,SQ,D
13:30:05,ICBP,RG,7100,1,D,CC,SQ,D
13:30:05,ICBP,RG,7100,10,D,OD,SQ,D
13:30:05,ICBP,RG,7100,1,D,NI,SQ,D
13:30:05,ICBP,RG,7100,1,D,YP,SQ,D
13:30:05,ICBP,RG,7100,1,D,CC,SQ,D
13:30:05,ICBP,RG,7100,1,D,DR,SQ,D
13:30:05,ICBP,RG,7100,5,D,LG,SQ,D
13:30:05,ICBP,RG,7100,1,D,PD,SQ,D
13:30:05,ICBP,RG,7100,1,D,XC,SQ,D
13:30:05,ICBP,RG,7100,43,D,SQ,SQ,D
13:30:05,ICBP,RG,7100,1,D,OD,SQ,D
13:30:05,ICBP,RG,7100,1,D,DH,SQ,D
13:30:05,ICBP,RG,7100,1,D,XL,SQ,D
13:30:05,ICBP,RG,7100,19,D,XC,SQ,D
13:30:05,ICBP,RG,7100,2,D,YP,SQ,D
13:30:05,ICBP,RG,7100,2,D,YP,SQ,D
13:30:05,ICBP,RG,7100,6,D,PD,SQ,D
13:30:05,ICBP,RG,7100,10,D,PD,SQ,D
13:30:05,ICBP,RG,7100,5,D,SQ,SQ,D
13:30:05,ICBP,RG,7100,2,D,KK,SQ,D
13:30:05,ICBP,RG,7100,1,D,PD,SQ,D
13:30:05,ICBP,RG,7100,1,D,YP,SQ,D
13:30:05,ICBP,RG,7100,4,D,KK,SQ,D
13:30:05,ICBP,RG,7100,20,D,KK,SQ,D
13:30:05,ICBP,RG,7100,1,D,DH,SQ,D
13:30:05,ICBP,RG,7100,5,D,YP,SQ,D
13:30:05,ICBP,RG,7100,30,D,CC,SQ,D
13:30:05,ICBP,RG,7100,1,D,XC,SQ,D
13:30:05,ICBP,RG,7100,5,D,YB,SQ,D
13:30:05,ICBP,RG,7100,2,D,XC,SQ,D
13:30:04,ICBP,RG,7100,3,D,XC,KK,D
13:30:04,ICBP,RG,7100,1,D,XC,KK,D
13:30:04,ICBP,RG,7100,1,D,XC,KK,D
13:30:04,ICBP,RG,7100,1,D,XC,KK,D
13:30:04,ICBP,RG,7100,1,D,YP,KK,D
13:30:04,ICBP,RG,7100,1,D,XC,KK,D
13:30:04,ICBP,RG,7100,5,D,KK,KK,D
13:30:04,ICBP,RG,7100,2,D,KK,KK,D
13:30:04,ICBP,RG,7100,1,D,PD,KK,D
13:30:04,ICBP,RG,7100,4,D,NI,KK,D
13:30:04,ICBP,RG,7100,3,D,NI,PD,D
13:30:04,ICBP,RG,7100,1,D,NI,PD,D
13:30:04,ICBP,RG,7100,1,D,XC,PD,D
13:30:04,ICBP,RG,7100,1,D,XC,PD,D
13:30:04,ICBP,RG,7125,5,D,PD,HD,D
13:30:04,ICBP,RG,7100,1,D,XC,PD,D
13:30:03,ICBP,RG,7125,1,D,PD,HD,D
13:30:03,ICBP,RG,7100,1,D,XC,DX,D
13:30:03,ICBP,RG,7100,1,D,PD,DX,D
13:30:03,ICBP,RG,7100,1,D,XC,DX,D
13:30:03,ICBP,RG,7100,4,D,XC,DX,D
13:30:03,ICBP,RG,7100,1,D,XC,PD,D
13:30:03,ICBP,RG,7100,2,D,XC,PD,D
13:30:03,ICBP,RG,7100,2,D,CC,PD,D
13:30:03,ICBP,RG,7100,1,D,CC,PD,D
13:30:03,ICBP,RG,7125,1,D,PD,HD,D
13:30:03,ICBP,RG,7125,1,D,PD,BK,F
13:30:03,ICBP,RG,7125,1,D,PD,BK,F
13:30:03,ICBP,RG,7100,1,D,EP,PD,D
13:30:03,ICBP,RG,7125,2,D,PD,BK,F
13:30:03,ICBP,RG,7125,5,D,PD,BK,F
13:30:03,ICBP,RG,7125,1,D,PD,BK,F
13:30:03,ICBP,RG,7125,4,D,PD,BK,F
13:30:03,ICBP,RG,7125,1,D,PD,BK,F
13:30:02,ICBP,RG,7100,1,D,XC,ZP,F
13:30:02,ICBP,RG,7100,1,D,PD,ZP,F
13:30:02,ICBP,RG,7100,1,D,PD,LG,D
13:30:02,ICBP,RG,7100,1,D,PD,LG,D
13:30:02,ICBP,RG,7100,5,D,EP,LG,D
13:30:02,ICBP,RG,7100,1,D,PD,LG,D
13:30:02,ICBP,RG,7100,1,D,XL,LG,D
13:30:02,ICBP,RG,7100,1,D,XL,LG,D
13:30:02,ICBP,RG,7100,2,D,LG,KK,D
13:30:02,ICBP,RG,7100,1,D,XL,KK,D
13:30:02,ICBP,RG,7100,1,D,XL,DX,D
13:30:02,ICBP,RG,7100,1,D,YP,DX,D
13:30:02,ICBP,RG,7100,1,D,YP,DX,D
13:30:02,ICBP,RG,7125,1,D,PD,BK,F
13:30:01,ICBP,RG,7125,28,D,TP,BK,F
13:30:01,ICBP,RG,7125,1,D,TP,ZP,F
13:30:01,ICBP,RG,7125,1,D,TP,YU,D
13:30:01,ICBP,RG,7100,3,D,YP,EP,D
13:30:01,ICBP,RG,7125,1,D,EP,YU,D
11:29:56,ICBP,RG,7100,6,D,YP,CC,D
11:29:56,ICBP,RG,7100,2,D,XL,CC,D
11:29:56,ICBP,RG,7100,1,D,YP,CC,D
11:29:56,ICBP,RG,7100,5,D,CC,CC,D
11:29:56,ICBP,RG,7100,1,D,CC,CC,D
11:29:56,ICBP,RG,7100,10,D,CC,CC,D
11:29:56,ICBP,RG,7100,10,D,CC,CC,D
11:29:56,ICBP,RG,7100,8,D,CC,CC,D
11:29:56,ICBP,RG,7100,5,D,CC,CC,D
11:29:56,ICBP,RG,7100,10,D,CC,CC,D
11:29:56,ICBP,RG,7100,1,D,YP,CC,D
11:29:56,ICBP,RG,7100,1,D,CC,CC,D
11:29:56,ICBP,RG,7100,2,D,YP,CC,D
11:29:49,ICBP,RG,7100,4,D,YP,CC,D
11:29:46,ICBP,RG,7125,1,D,EP,YU,D
11:29:43,ICBP,RG,7100,8,D,YP,BK,F
11:29:42,ICBP,RG,7100,1,D,YP,ZP,F
11:29:42,ICBP,RG,7100,1,D,YP,ZP,F
11:29:39,ICBP,RG,7100,8,D,YP,BK,F
11:29:26,ICBP,RG,7100,1,D,YP,ZP,F
11:29:23,ICBP,RG,7125,1,D,PD,KZ,D
11:29:22,ICBP,RG,7100,8,D,YP,BK,F
11:29:20,ICBP,RG,7100,8,D,YP,BK,F
11:29:13,ICBP,RG,7125,2,D,CC,KZ,D
11:29:04,ICBP,RG,7100,8,D,YP,BK,F
11:28:55,ICBP,RG,7100,9,D,YP,BK,F
11:28:49,ICBP,RG,7100,8,D,YP,BK,F
11:28:45,ICBP,RG,7100,1,D,YP,AK,F
11:28:39,ICBP,RG,7100,6,D,YP,RX,D
11:28:39,ICBP,RG,7100,3,D,SQ,RX,D
11:28:39,ICBP,RG,7100,8,D,SQ,RX,D
11:28:34,ICBP,RG,7100,2,D,SQ,BK,F
11:28:34,ICBP,RG,7100,2,D,PD,BK,F
11:28:34,ICBP,RG,7100,5,D,CC,BK,F
11:28:30,ICBP,RG,7100,9,D,CC,BK,F
11:28:30,ICBP,RG,7100,1,D,SQ,BK,F
11:28:27,ICBP,RG,7100,3,D,SQ,KK,D
11:28:26,ICBP,RG,7100,1,D,SQ,ZP,F
11:28:26,ICBP,RG,7100,1,D,DH,ZP,F
11:28:26,ICBP,RG,7125,9,F,KZ,BK,F
11:28:26,ICBP,RG,7125,17,D,CC,BK,F
11:28:26,ICBP,RG,7125,5,D,YP,BK,F
11:28:26,ICBP,RG,7125,2,D,XC,BK,F
11:28:26,ICBP,RG,7125,6,D,XC,BK,F
11:28:26,ICBP,RG,7125,1,D,KK,BK,F
11:28:26,ICBP,RG,7125,35,F,KZ,BK,F
11:28:26,ICBP,RG,7125,1,D,XC,BK,F
11:28:26,ICBP,RG,7125,1,D,PD,BK,F
11:28:26,ICBP,RG,7125,10,D,LG,BK,F
11:28:26,ICBP,RG,7125,10,D,XC,BK,F
11:28:26,ICBP,RG,7125,5,D,PD,BK,F
11:28:26,ICBP,RG,7125,1,D,XC,BK,F
11:28:26,ICBP,RG,7125,55,D,CC,BK,F
11:28:26,ICBP,RG,7125,53,F,CC,BK,F
11:28:26,ICBP,RG,7125,10,D,GR,BK,F
11:28:26,ICBP,RG,7125,18,F,KZ,BK,F
11:28:25,ICBP,RG,7125,12,F,KZ,CC,D
11:28:25,ICBP,RG,7125,10,D,CC,CC,D
11:28:25,ICBP,RG,7125,1,D,YP,CC,D
11:28:25,ICBP,RG,7125,1,D,PD,CC,D
11:28:25,ICBP,RG,7125,10,D,KK,CC,D
11:28:25,ICBP,RG,7125,26,F,AK,CC,D
11:28:25,ICBP,RG,7125,31,F,KZ,CC,D
11:28:11,ICBP,RG,7125,7,F,KZ,BK,F
11:28:08,ICBP,RG,7125,8,F,KZ,BK,F
11:28:00,ICBP,RG,7125,2,F,KZ,YU,D
11:28:00,ICBP,RG,7125,1,D,XL,YU,D
11:28:00,ICBP,RG,7125,3,D,SQ,YU,D
11:27:57,ICBP,RG,7125,2,D,SQ,CC,D
11:27:57,ICBP,RG,7125,1,D,XC,CC,D
11:27:57,ICBP,RG,7125,1,D,NI,CC,D
11:27:56,ICBP,RG,7125,4,D,NI,BK,F
11:27:56,ICBP,RG,7125,1,D,PD,BK,F
11:27:56,ICBP,RG,7125,3,D,PD,BK,F
11:27:45,ICBP,RG,7125,8,D,PD,BK,F
11:27:43,ICBP,RG,7125,7,D,PD,BK,F
11:27:38,ICBP,RG,7125,4,D,PD,BK,F
11:27:38,ICBP,RG,7125,1,D,SQ,BK,F
11:27:38,ICBP,RG,7125,1,D,PD,BK,F
11:27:38,ICBP,RG,7125,1,D,EP,BK,F
11:27:38,ICBP,RG,7125,1,D,PD,BK,F
11:27:34,ICBP,RG,7125,2,D,NI,ZP,F
11:27:30,ICBP,RG,7125,1,D,NI,AK,F
11:27:27,ICBP,RG,7125,1,D,NI,BK,F
11:27:27,ICBP,RG,7125,7,D,YP,BK,F
11:27:17,ICBP,RG,7125,10,D,YP,BK,F
11:27:16,ICBP,RG,7125,30,D,YP,LG,D
11:27:07,ICBP,RG,7125,10,D,YP,YP,D
11:27:02,ICBP,RG,7125,11,D,YP,BK,F
11:27:01,ICBP,RG,7125,32,D,YP,CC,D
11:27:01,ICBP,RG,7125,32,D,CC,CC,D
11:27:01,ICBP,RG,7125,1,F,KZ,CC,D
11:27:01,ICBP,RG,7125,4,D,YP,CC,D
11:27:01,ICBP,RG,7125,1,F,KZ,CC,D
11:27:01,ICBP,RG,7125,1,F,KZ,CC,D
11:27:01,ICBP,RG,7125,3,D,YP,CC,D
11:27:01,ICBP,RG,7125,13,F,KZ,CC,D
11:27:00,ICBP,RG,7125,4,F,KZ,RX,D
11:27:00,ICBP,RG,7125,2,D,XC,RX,D
11:27:00,ICBP,RG,7125,1,F,KZ,RX,D
11:26:57,ICBP,RG,7125,3,F,KZ,BK,F
11:26:57,ICBP,RG,7125,6,D,NI,BK,F
11:26:41,ICBP,RG,7125,3,D,NI,ZP,F
11:26:35,ICBP,RG,7125,1,D,NI,BK,F
11:26:35,ICBP,RG,7125,4,F,KZ,BK,F
11:26:35,ICBP,RG,7125,8,D,CC,BK,F
11:26:30,ICBP,RG,7125,2,D,CC,BK,F
11:26:30,ICBP,RG,7125,2,F,KZ,BK,F
11:26:30,ICBP,RG,7125,1,D,PD,BK,F
11:26:30,ICBP,RG,7125,4,D,EP,BK,F
11:26:12,ICBP,RG,7125,1,D,EP,PD,D
11:26:09,ICBP,RG,7125,2,F,KZ,BK,F
11:26:09,ICBP,RG,7125,9,D,XC,BK,F
11:26:09,ICBP,RG,7125,5,F,KZ,BK,F
11:26:01,ICBP,RG,7125,4,F,KZ,CC,D
11:25:55,ICBP,RG,7125,7,F,KZ,BK,F
11:25:50,ICBP,RG,7125,8,F,KZ,BK,F
11:25:36,ICBP,RG,7125,12,F,KZ,BK,F
11:25:35,ICBP,RG,7125,24,F,KZ,CC,D
11:25:35,ICBP,RG,7125,1,D,XL,CC,D
11:25:35,ICBP,RG,7125,64,D,CC,CC,D
11:25:25,ICBP,RG,7125,11,D,CC,BK,F
11:25:03,ICBP,RG,7125,17,D,CC,BK,F
11:24:49,ICBP,RG,7125,11,D,CC,BK,F
11:24:43,ICBP,RG,7125,7,D,CC,RX,D
11:24:42,ICBP,RG,7125,1,D,CC,ZP,F
11:24:39,ICBP,RG,7150,1,D,PD,BK,F
11:24:28,ICBP,RG,7125,18,D,CC,BK,F
11:24:20,ICBP,RG,7125,1,D,CC,BQ,D
11:24:15,ICBP,RG,7125,7,D,CC,YB,D
11:24:13,ICBP,RG,7125,1,D,CC,XL,D
11:24:13,ICBP,RG,7125,4,D,CC,CC,D
11:24:13,ICBP,RG,7125,3,D,CC,ZP,F
11:24:11,ICBP,RG,7125,21,D,CC,CC,D
11:24:11,ICBP,RG,7125,1,D,YP,CC,D
11:24:11,ICBP,RG,7125,77,D,NI,CC,D
11:24:11,ICBP,RG,7125,12,D,NI,KZ,D
11:24:07,ICBP,RG,7125,13,D,NI,BK,F
11:24:07,ICBP,RG,7125,27,D,NI,IT,D
11:24:07,ICBP,RG,7125,1,D,YP,IT,D
11:24:07,ICBP,RG,7125,6,D,KK,IT,D
11:24:07,ICBP,RG,7125,5,D,XC,IT,D
11:24:07,ICBP,RG,7125,1,D,PD,IT,D
11:24:07,ICBP,RG,7125,5,D,YP,IT,D
11:24:07,ICBP,RG,7125,1,D,TP,IT,D
11:24:07,ICBP,RG,7125,1,D,YP,IT,D
11:24:07,ICBP,RG,7125,1,D,DR,IT,D
11:24:07,ICBP,RG,7125,1,D,SQ,IT,D
11:24:07,ICBP,RG,7125,2,D,YP,IT,D
11:24:07,ICBP,RG,7125,10,D,XA,IT,D
11:24:07,ICBP,RG,7125,10,D,YP,IT,D
11:24:07,ICBP,RG,7125,1,D,CC,IT,D
11:24:07,ICBP,RG,7125,2,D,XC,IT,D
11:24:07,ICBP,RG,7125,10,D,SQ,IT,D
11:24:07,ICBP,RG,7125,5,D,NI,IT,D
11:24:07,ICBP,RG,7125,5,D,AZ,IT,D
11:24:07,ICBP,RG,7125,1,D,DR,IT,D
11:24:07,ICBP,RG,7125,1,D,XC,IT,D
11:24:07,ICBP,RG,7125,1,D,YP,IT,D
11:24:07,ICBP,RG,7125,1,D,AG,IT,D
11:24:07,ICBP,RG,7125,2,D,KK,IT,D
11:24:06,ICBP,RG,7150,1,D,PD,BK,F
11:23:51,ICBP,RG,7125,13,D,KK,BK,F
11:23:30,ICBP,RG,7125,4,D,KK,AK,F
11:23:25,ICBP,RG,7125,7,D,KK,BK,F
11:23:25,ICBP,RG,7125,6,F,CC,BK,F
11:23:25,ICBP,RG,7125,3,D,XL,BK,F
11:23:25,ICBP,RG,7125,1,D,XC,BK,F
11:23:25,ICBP,RG,7125,3,D,CC,BK,F
11:23:25,ICBP,RG,7125,3,D,CC,BK,F
11:23:04,ICBP,RG,7125,1,D,CC,XC,D
11:23:04,ICBP,RG,7125,1,D,XC,XC,D
11:23:00,ICBP,RG,7125,4,D,XC,BK,F
11:23:00,ICBP,RG,7125,20,F,KZ,BK,F
11:22:51,ICBP,RG,7125,19,F,KZ,RX,D
11:22:49,ICBP,RG,7125,12,F,KZ,BK,F
11:22:49,ICBP,RG,7125,3,D,OD,BK,F
11:22:47,ICBP,RG,7125,8,D,OD,XC,D
11:22:47,ICBP,RG,7125,100,D,OD,HD,D
11:22:43,ICBP,RG,7125,89,D,OD,CC,D
11:22:31,ICBP,RG,7125,4,D,OD,ZP,F
11:22:25,ICBP,RG,7125,1,D,OD,PD,D
11:22:23,ICBP,RG,7125,5,D,OD,CC,D
11:22:06,ICBP,RG,7125,15,D,OD,KZ,D
11:22:05,ICBP,RG,7125,29,D,OD,BK,F
11:21:59,ICBP,RG,7125,7,D,OD,XC,D
11:21:54,ICBP,RG,7125,4,D,OD,YP,D
11:21:51,ICBP,RG,7125,1,D,OD,BQ,D
11:21:48,ICBP,RG,7125,6,D,OD,BK,F
11:21:47,ICBP,RG,7125,6,D,OD,YU,D
11:21:45,ICBP,RG,7125,1,D,OD,AK,F
11:21:42,ICBP,RG,7125,1,D,OD,BK,F
11:21:42,ICBP,RG,7125,5,D,XC,BK,F
11:21:42,ICBP,RG,7125,1,D,KK,BK,F
11:21:42,ICBP,RG,7125,1,D,YP,BK,F
11:21:42,ICBP,RG,7125,10,D,CC,BK,F
11:21:42,ICBP,RG,7125,2,D,GR,BK,F
11:21:42,ICBP,RG,7125,5,D,PD,BK,F
11:21:22,ICBP,RG,7125,1,D,EP,NI,D
11:21:01,ICBP,RG,7125,1,D,EP,YP,D
11:21:01,ICBP,RG,7125,2,D,YP,YP,D
11:20:50,ICBP,RG,7125,2,D,YP,ZP,F
11:20:38,ICBP,RG,7150,10,D,DH,BK,F
11:20:32,ICBP,RG,7125,1,D,PD,XC,D
11:20:32,ICBP,RG,7125,1,D,PD,XC,D
11:20:32,ICBP,RG,7125,1,D,NI,XC,D
11:20:32,ICBP,RG,7125,2,D,NI,XC,D
11:20:29,ICBP,RG,7125,1,D,XC,CC,D
11:20:29,ICBP,RG,7125,2,D,CC,CC,D
11:20:14,ICBP,RG,7125,3,D,CC,PD,D
11:20:05,ICBP,RG,7125,5,D,CC,PD,D
11:20:05,ICBP,RG,7125,5,D,SQ,PD,D
11:19:56,ICBP,RG,7125,5,D,PD,CC,D
11:19:56,ICBP,RG,7125,2,D,DR,CC,D
11:19:56,ICBP,RG,7125,1,D,CC,CC,D
11:19:56,ICBP,RG,7125,1,D,XC,CC,D
11:19:56,ICBP,RG,7125,1,D,CC,CC,D
11:19:56,ICBP,RG,7125,5,D,XC,CC,D
11:19:56,ICBP,RG,7125,1,D,YP,CC,D
11:19:56,ICBP,RG,7125,1,D,CC,CC,D
11:19:56,ICBP,RG,7125,1,D,DH,CC,D
11:19:56,ICBP,RG,7125,64,D,DH,CC,D
11:19:37,ICBP,RG,7150,15,D,YP,BK,F
11:19:02,ICBP,RG,7150,24,F,KZ,BK,F
11:18:57,ICBP,RG,7150,48,F,KZ,BK,F
11:18:55,ICBP,RG,7125,3,D,DH,ZP,F
11:18:55,ICBP,RG,7125,42,D,DH,BK,F
11:18:35,ICBP,RG,7125,5,D,DH,CC,D
11:18:24,ICBP,RG,7125,86,D,DH,CC,D
11:18:24,ICBP,RG,7125,2,D,YU,CC,D
11:18:20,ICBP,RG,7125,1,D,YU,SQ,D
11:18:03,ICBP,RG,7125,7,D,YU,BK,F
11:18:03,ICBP,RG,7125,42,D,DH,BK,F
11:18:00,ICBP,RG,7125,2,D,DH,AK,F
11:17:41,ICBP,RG,7125,3,D,DH,ZP,F
11:17:37,ICBP,RG,7125,1,D,DH,BQ,D
11:17:33,ICBP,RG,7125,8,D,DH,RX,D
11:17:19,ICBP,RG,7125,1,D,DH,XC,D
11:17:18,ICBP,RG,7125,30,D,DH,LG,D
11:16:50,ICBP,RG,7125,104,D,DH,CC,D
11:16:43,ICBP,RG,7125,3,D,DH,CC,D
11:16:35,ICBP,RG,7150,1,D,PD,BK,F
11:16:34,ICBP,RG,7125,2,D,DH,XC,D
11:16:30,ICBP,RG,7125,1,D,DH,AK,F
11:16:23,ICBP,RG,7150,42,F,KZ,BK,F
11:16:22,ICBP,RG,7150,2,F,KZ,BK,F
11:16:02,ICBP,RG,7150,1,D,PD,BK,F
11:16:01,ICBP,RG,7125,3,D,DH,ZP,F
11:15:47,ICBP,RG,7125,10,D,DH,LG,D
11:15:28,ICBP,RG,7125,6,D,DH,YU,D
11:15:18,ICBP,RG,7125,7,D,DH,RX,D
11:15:17,ICBP,RG,7150,5,D,OD,BK,F
11:15:12,ICBP,RG,7150,2,F,KZ,BK,F
11:15:10,ICBP,RG,7125,27,D,DH,CC,D
11:15:10,ICBP,RG,7125,7,D,OD,CC,D
11:15:10,ICBP,RG,7125,1,D,YP,CC,D
11:15:10,ICBP,RG,7125,1,D,SQ,CC,D
11:15:10,ICBP,RG,7125,1,D,XL,CC,D
11:15:10,ICBP,RG,7125,5,D,PD,CC,D
11:15:10,ICBP,RG,7125,5,D,SQ,CC,D
11:15:10,ICBP,RG,7125,1,D,YP,CC,D
11:15:10,ICBP,RG,7125,1,D,PD,CC,D
11:15:10,ICBP,RG,7125,5,D,PD,CC,D
11:15:10,ICBP,RG,7125,2,D,CC,CC,D
11:15:10,ICBP,RG,7125,47,D,YP,CC,D
11:14:53,ICBP,RG,7150,2,D,XC,BK,F
11:14:53,ICBP,RG,7125,3,D,YP,TP,D
11:14:53,ICBP,RG,7125,1,D,YP,TP,D
11:14:53,ICBP,RG,7125,1,D,OD,TP,D
11:14:51,ICBP,RG,7125,5,D,OD,CC,D
11:14:26,ICBP,RG,7125,10,D,OD,KZ,D
11:14:21,ICBP,RG,7125,3,D,OD,ZP,F
11:14:20,ICBP,RG,7125,11,D,OD,YP,D
11:14:20,ICBP,RG,7125,25,D,PD,YP,D
11:14:20,ICBP,RG,7125,1,D,XC,YP,D
11:14:20,ICBP,RG,7125,1,D,YP,YP,D
11:14:20,ICBP,RG,7125,1,D,CC,YP,D
11:14:20,ICBP,RG,7125,1,D,DH,YP,D
11:14:20,ICBP,RG,7125,1,D,KK,YP,D
11:14:20,ICBP,RG,7125,352,F,KZ,YP,D
11:14:20,ICBP,RG,7125,4,D,KK,YP,D
11:14:20,ICBP,RG,7125,6,D,XC,YP,D
11:14:02,ICBP,RG,7150,1,F,KZ,BK,F
11:14:01,ICBP,RG,7150,3,D,SQ,BK,F
11:13:58,ICBP,RG,7125,1,D,XC,XC,D
11:13:57,ICBP,RG,7150,83,F,KZ,BK,F
11:13:52,ICBP,RG,7150,1,F,KZ,BK,F
11:13:30,ICBP,RG,7125,3,D,XC,CC,D
11:13:30,ICBP,RG,7125,3,D,NI,CC,D
11:13:30,ICBP,RG,7125,2,D,YP,CC,D
11:13:30,ICBP,RG,7125,79,D,YU,CC,D
11:12:55,ICBP,RG,7125,1,D,YU,CC,D
11:12:55,ICBP,RG,7125,2,D,PD,CC,D
11:12:55,ICBP,RG,7125,1,D,CC,CC,D
11:12:47,ICBP,RG,7150,5,D,IF,BK,F
11:12:38,ICBP,RG,7150,8,F,KZ,BK,F
11:12:38,ICBP,RG,7150,47,F,KZ,BK,F
11:12:33,ICBP,RG,7125,1,D,YP,ZP,F
11:12:32,ICBP,RG,7125,2,D,DR,NI,D
11:12:19,ICBP,RG,7125,8,D,DR,CC,D
11:12:19,ICBP,RG,7125,2,D,CC,CC,D
11:12:19,ICBP,RG,7125,5,D,NI,CC,D
11:12:19,ICBP,RG,7125,1,D,XL,CC,D
11:12:19,ICBP,RG,7125,1,D,PD,CC,D
11:12:19,ICBP,RG,7125,10,D,CC,CC,D
11:12:19,ICBP,RG,7125,5,D,XC,CC,D
11:12:19,ICBP,RG,7125,2,D,CC,CC,D
11:11:58,ICBP,RG,7150,2,D,PD,BK,F
11:11:50,ICBP,RG,7125,18,D,CC,CC,D
11:11:50,ICBP,RG,7125,1,D,XC,CC,D
11:11:50,ICBP,RG,7125,5,D,PD,CC,D
11:11:50,ICBP,RG,7125,2,D,YP,CC,D
11:11:50,ICBP,RG,7125,5,D,ZP,CC,D
11:11:50,ICBP,RG,7125,1,D,SQ,CC,D
11:11:50,ICBP,RG,7125,15,D,CC,CC,D
11:11:50,ICBP,RG,7125,45,D,PD,CC,D
11:11:45,ICBP,RG,7150,1,D,YP,BK,F
11:11:45,ICBP,RG,7150,1,D,XC,BK,F
11:11:23,ICBP,RG,7125,1,D,PD,PD,D
11:11:18,ICBP,RG,7150,16,D,YP,BK,F
11:11:18,ICBP,RG,7150,3,D,YP,ZP,F
11:11:18,ICBP,RG,7150,3,D,YP,YU,D
11:11:18,ICBP,RG,7150,4,D,YP,KZ,D
11:10:57,ICBP,RG,7125,4,D,PD,CC,D
11:10:52,ICBP,RG,7125,1,D,PD,PD,D
11:10:28,ICBP,RG,7125,7,D,PD,BK,F
11:10:24,ICBP,RG,7125,5,D,PD,ZP,F
11:10:21,ICBP,RG,7125,21,D,PD,BK,F
11:10:14,ICBP,RG,7125,97,D,PD,CC,D
11:10:10,ICBP,RG,7150,1,D,CC,KZ,D
11:09:54,ICBP,RG,7125,3,D,PD,AK,F
11:09:53,ICBP,RG,7125,1,D,PD,BQ,D
11:09:39,ICBP,RG,7125,20,D,PD,YB,D
11:09:03,ICBP,RG,7125,1,D,PD,PD,D
11:09:00,ICBP,RG,7150,2,D,OD,KZ,D
11:08:59,ICBP,RG,7125,4,D,PD,CC,D
11:08:56,ICBP,RG,7150,4,D,XC,KZ,D
11:08:48,ICBP,RG,7150,1,D,PD,KZ,D
11:08:18,ICBP,RG,7125,1,D,PD,ZP,F
11:08:03,ICBP,RG,7125,89,D,PD,CC,D
11:08:03,ICBP,RG,7125,3,D,KK,CC,D
11:08:03,ICBP,RG,7125,10,D,SQ,CC,D
11:08:03,ICBP,RG,7125,2,D,SQ,CC,D
11:08:00,ICBP,RG,7125,1,D,SQ,AK,F
11:07:55,ICBP,RG,7125,1,D,GR,BQ,D
11:07:29,ICBP,RG,7125,3,D,GR,ZP,F
11:07:24,ICBP,RG,7125,1,D,GR,PD,D
11:07:07,ICBP,RG,7125,4,D,GR,CC,D
11:06:41,ICBP,RG,7125,1,D,GR,BK,F
11:06:41,ICBP,RG,7125,4,D,CC,BK,F
11:06:41,ICBP,RG,7125,5,D,CC,BK,F
11:06:41,ICBP,RG,7125,1,D,YP,BK,F
11:06:37,ICBP,RG,7150,71,D,PD,KZ,D
11:06:37,ICBP,RG,7150,29,D,PD,RX,D
11:06:20,ICBP,RG,7125,4,D,YP,BK,F
11:06:20,ICBP,RG,7125,2,D,DR,BK,F
11:06:20,ICBP,RG,7125,2,D,CP,BK,F
11:06:19,ICBP,RG,7125,5,D,GR,CC,D
11:06:19,ICBP,RG,7125,1,D,PD,CC,D
11:06:19,ICBP,RG,7125,2,D,GR,CC,D
11:06:19,ICBP,RG,7125,1,D,YP,CC,D
11:06:19,ICBP,RG,7125,2,D,CC,CC,D
11:06:19,ICBP,RG,7125,5,D,YP,CC,D
11:06:19,ICBP,RG,7125,87,D,KK,CC,D
11:06:15,ICBP,RG,7125,1,D,KK,AK,F
11:05:58,ICBP,RG,7125,6,D,KK,YU,D
11:05:56,ICBP,RG,7125,1,D,KK,ZP,F
11:05:15,ICBP,RG,7125,5,D,KK,CC,D
11:05:10,ICBP,RG,7125,2,D,NI,ZP,F
11:05:05,ICBP,RG,7150,1,D,XC,RX,D
11:04:41,ICBP,RG,7125,1,D,GR,XC,D
11:04:30,ICBP,RG,7125,1,D,GR,BK,F
11:04:30,ICBP,RG,7125,1,D,CC,BK,F
11:04:30,ICBP,RG,7125,1,D,YP,BK,F
11:04:30,ICBP,RG,7125,5,D,YP,BK,F
11:04:29,ICBP,RG,7125,5,D,YP,YP,D
11:04:29,ICBP,RG,7125,1,D,PD,YP,D
11:04:29,ICBP,RG,7125,1,D,OD,YP,D
11:04:27,ICBP,RG,7125,9,D,OD,CC,D
11:04:27,ICBP,RG,7125,2,D,DR,CC,D
11:04:27,ICBP,RG,7125,10,D,YP,CC,D
11:04:27,ICBP,RG,7125,86,F,KZ,CC,D
11:04:18,ICBP,RG,7150,1,D,DR,RX,D
11:04:10,ICBP,RG,7125,9,F,KZ,BK,F
11:04:09,ICBP,RG,7125,2,F,KZ,XC,D
11:04:08,ICBP,RG,7125,3,F,KZ,BK,F
11:04:08,ICBP,RG,7125,45,D,OD,BK,F
11:04:07,ICBP,RG,7125,8,D,OD,CC,D
11:04:07,ICBP,RG,7125,2,D,OD,PD,D
11:04:07,ICBP,RG,7125,13,D,OD,RX,D
11:04:06,ICBP,RG,7150,54,F,KZ,RX,D
11:04:06,ICBP,RG,7150,12,D,XC,RX,D
11:04:06,ICBP,RG,7150,2,D,GR,RX,D
11:04:06,ICBP,RG,7150,10,D,YU,RX,D
11:04:06,ICBP,RG,7150,1,D,PD,RX,D
11:04:06,ICBP,RG,7150,2,D,DH,RX,D
11:04:06,ICBP,RG,7150,10,D,CC,RX,D
11:04:06,ICBP,RG,7150,1,D,NI,RX,D
11:04:06,ICBP,RG,7150,1,D,XL,RX,D
11:04:06,ICBP,RG,7150,2,D,SQ,RX,D
11:04:06,ICBP,RG,7150,4,D,PD,RX,D
11:04:06,ICBP,RG,7150,1,D,PD,RX,D
11:04:06,ICBP,RG,7150,1,D,PD,RX,D
11:04:06,ICBP,RG,7150,2,D,PD,RX,D
11:04:06,ICBP,RG,7150,32,D,CC,RX,D
11:04:06,ICBP,RG,7150,1,D,YP,RX,D
11:04:06,ICBP,RG,7150,1,D,XC,RX,D
11:04:06,ICBP,RG,7150,2,D,XC,RX,D
11:04:06,ICBP,RG,7150,5,D,XL,RX,D
11:04:06,ICBP,RG,7150,20,D,CC,RX,D
11:04:06,ICBP,RG,7150,1,D,NI,RX,D
11:04:06,ICBP,RG,7150,10,D,PD,RX,D
11:04:06,ICBP,RG,7150,1,D,DR,RX,D
11:04:06,ICBP,RG,7150,5,D,PD,RX,D
11:04:06,ICBP,RG,7150,2,F,KZ,RX,D
11:04:06,ICBP,RG,7150,20,D,CC,RX,D
11:04:06,ICBP,RG,7150,1,D,NI,RX,D
11:04:06,ICBP,RG,7150,20,F,KZ,RX,D
11:04:06,ICBP,RG,7150,1,D,NI,RX,D
11:04:06,ICBP,RG,7150,5,D,KK,RX,D
11:04:06,ICBP,RG,7150,3,D,CC,RX,D
11:04:06,ICBP,RG,7150,1,D,XC,RX,D
11:04:06,ICBP,RG,7150,12,D,SQ,RX,D
11:04:06,ICBP,RG,7150,2,D,CC,RX,D
11:04:06,ICBP,RG,7150,7,D,TP,RX,D
11:04:06,ICBP,RG,7150,5,D,PD,RX,D
11:04:06,ICBP,RG,7150,1,D,XC,RX,D
11:04:06,ICBP,RG,7150,1,D,XC,RX,D
11:04:06,ICBP,RG,7150,7,D,YP,RX,D
11:04:06,ICBP,RG,7150,6,D,YP,KZ,D
11:04:05,ICBP,RG,7150,17,D,YP,BK,F
11:04:05,ICBP,RG,7150,6,D,CC,BK,F
11:04:05,ICBP,RG,7150,10,D,PD,BK,F
11:04:05,ICBP,RG,7150,5,D,CC,BK,F
11:04:05,ICBP,RG,7150,7,D,PD,BK,F
11:04:05,ICBP,RG,7150,1,D,PD,BK,F
11:04:05,ICBP,RG,7150,3,D,CC,BK,F
11:04:05,ICBP,RG,7150,3,D,GR,BK,F
11:04:05,ICBP,RG,7150,2,D,PD,BK,F
11:04:05,ICBP,RG,7150,1,D,KK,BK,F
11:04:05,ICBP,RG,7150,1,D,CC,BK,F
11:04:05,ICBP,RG,7150,50,D,OD,BK,F
11:04:05,ICBP,RG,7150,50,D,PD,BK,F
11:04:05,ICBP,RG,7150,5,D,CC,BK,F
11:04:05,ICBP,RG,7150,50,D,GR,BK,F
11:04:05,ICBP,RG,7150,1,D,PD,BK,F
11:04:05,ICBP,RG,7150,5,D,XC,BK,F
11:04:05,ICBP,RG,7150,2,D,YP,BK,F
11:04:05,ICBP,RG,7150,3,D,YP,BK,F
11:04:05,ICBP,RG,7150,5,D,YP,BK,F
11:04:05,ICBP,RG,7150,1,D,HP,BK,F
11:04:05,ICBP,RG,7150,2,D,PD,BK,F
11:04:05,ICBP,RG,7150,2,D,CC,BK,F
11:04:05,ICBP,RG,7150,1,D,HP,BK,F
11:04:05,ICBP,RG,7150,1,D,PD,BK,F
11:04:05,ICBP,RG,7150,2,D,PD,BK,F
11:04:05,ICBP,RG,7150,1,D,CP,BK,F
11:04:05,ICBP,RG,7150,3,D,NI,BK,F
11:04:04,ICBP,RG,7150,25,D,LG,BK,F
11:04:04,ICBP,RG,7150,2,D,XC,BK,F
11:04:04,ICBP,RG,7150,5,D,PD,BK,F
11:04:04,ICBP,RG,7150,1,D,CC,BK,F
11:04:04,ICBP,RG,7150,1,D,XC,BK,F
11:04:04,ICBP,RG,7150,20,D,NI,BK,F
11:04:04,ICBP,RG,7150,7,D,KK,BK,F
11:04:04,ICBP,RG,7150,2,D,XC,BK,F
11:04:04,ICBP,RG,7150,5,D,XC,BK,F
11:04:04,ICBP,RG,7150,5,D,NI,BK,F
11:04:04,ICBP,RG,7150,1,D,OD,BK,F
11:04:04,ICBP,RG,7150,1,D,PD,BK,F
11:04:04,ICBP,RG,7150,1,D,PD,BK,F
11:04:04,ICBP,RG,7150,5,D,SQ,BK,F
11:04:04,ICBP,RG,7150,1,D,ZP,BK,F
11:04:04,ICBP,RG,7150,1,D,CC,BK,F
11:04:04,ICBP,RG,7150,2,D,AZ,BK,F
11:04:04,ICBP,RG,7150,35,D,YP,BK,F
11:04:04,ICBP,RG,7150,1,D,NI,BK,F
11:04:04,ICBP,RG,7150,1,D,PD,BK,F
11:04:04,ICBP,RG,7150,1,D,NI,BK,F
11:04:04,ICBP,RG,7150,4,D,YP,BK,F
11:04:04,ICBP,RG,7150,4,D,XC,BK,F
11:04:04,ICBP,RG,7150,4,D,OD,BK,F
11:04:04,ICBP,RG,7150,10,D,YP,BK,F
11:04:04,ICBP,RG,7150,50,D,PD,BK,F
11:04:04,ICBP,RG,7150,10,D,NI,BK,F
11:04:04,ICBP,RG,7150,1,D,XC,BK,F
11:04:04,ICBP,RG,7150,1,D,XL,BK,F
11:04:04,ICBP,RG,7150,2,D,YP,BK,F
11:04:04,ICBP,RG,7150,3,D,YP,BK,F
11:04:04,ICBP,RG,7150,1,D,NI,BK,F
11:04:04,ICBP,RG,7150,4,D,XC,BK,F
11:04:04,ICBP,RG,7150,14,D,XC,BK,F
11:04:04,ICBP,RG,7150,1,D,YP,BK,F
11:04:04,ICBP,RG,7150,5,D,CC,BK,F
11:04:04,ICBP,RG,7150,3,D,YP,BK,F
11:04:04,ICBP,RG,7150,8,D,YP,BK,F
11:04:02,ICBP,RG,7150,114,D,YP,BK,F
11:04:02,ICBP,RG,7150,1,D,XC,BK,F
11:04:02,ICBP,RG,7150,2,D,PD,BK,F
11:04:02,ICBP,RG,7150,2,D,CC,BK,F
11:04:02,ICBP,RG,7150,1,D,PD,BK,F
11:04:02,ICBP,RG,7150,1,D,PD,BK,F
11:04:02,ICBP,RG,7150,1,D,DR,BK,F
11:04:02,ICBP,RG,7150,10,D,PD,BK,F
11:04:02,ICBP,RG,7150,50,D,CC,BK,F
11:04:02,ICBP,RG,7150,1,F,KZ,BK,F
11:04:02,ICBP,RG,7150,3,D,PD,BK,F
11:04:02,ICBP,RG,7150,1,D,KK,BK,F
11:04:02,ICBP,RG,7150,2,F,KZ,BK,F
11:04:02,ICBP,RG,7150,2,D,LG,BK,F
11:04:02,ICBP,RG,7150,1,D,KK,BK,F
11:04:02,ICBP,RG,7150,2,F,KZ,BK,F
11:04:02,ICBP,RG,7150,12,D,CC,BK,F
11:04:02,ICBP,RG,7150,2,F,KZ,BK,F
11:04:02,ICBP,RG,7150,3,F,KZ,BK,F
11:04:02,ICBP,RG,7150,1,D,XC,BK,F
11:04:02,ICBP,RG,7150,2,F,KZ,BK,F
11:04:02,ICBP,RG,7150,1,D,XC,BK,F
11:04:02,ICBP,RG,7150,10,D,KK,BK,F
11:04:02,ICBP,RG,7150,7,D,PD,BK,F
11:04:02,ICBP,RG,7150,1,D,YP,BK,F
11:04:02,ICBP,RG,7150,6,F,KZ,BK,F
11:04:02,ICBP,RG,7150,1,F,KZ,BK,F
11:04:01,ICBP,RG,7150,1,F,KZ,BK,F
11:04:01,ICBP,RG,7150,1,D,NI,BK,F
11:04:01,ICBP,RG,7150,6,F,KZ,BK,F
11:04:01,ICBP,RG,7150,1,D,YP,BK,F
11:04:01,ICBP,RG,7150,231,F,KZ,BK,F
11:04:00,ICBP,RG,7150,231,F,KZ,BK,F
11:04:00,ICBP,RG,7150,2,D,GR,BK,F
11:04:00,ICBP,RG,7150,7,D,CC,BK,F
11:04:00,ICBP,RG,7150,1,D,CC,BQ,D
11:03:59,ICBP,RG,7150,42,D,CC,PD,D
11:03:59,ICBP,RG,7150,1,D,NI,PD,D
11:03:59,ICBP,RG,7150,1,D,PD,PD,D
11:03:59,ICBP,RG,7150,3,D,PD,PD,D
11:03:59,ICBP,RG,7150,2,D,PD,PD,D
11:03:59,ICBP,RG,7150,1,D,PD,PD,D
11:03:59,ICBP,RG,7150,10,D,KK,PD,D
11:03:59,ICBP,RG,7150,2,D,DR,PD,D
11:03:59,ICBP,RG,7150,2,D,YP,PD,D
11:03:59,ICBP,RG,7150,9,D,AI,PD,D
11:03:59,ICBP,RG,7150,1,D,PD,PD,D
11:03:59,ICBP,RG,7150,1,D,NI,PD,D
11:03:59,ICBP,RG,7150,1,D,DX,PD,D
11:03:59,ICBP,RG,7150,1,D,CC,PD,D
11:03:59,ICBP,RG,7150,323,D,CC,PD,D
11:03:49,ICBP,RG,7150,2,D,CC,ZP,F
11:03:45,ICBP,RG,7150,1,D,CC,XC,D
11:03:24,ICBP,RG,7150,79,D,CC,XC,D
11:03:15,ICBP,RG,7150,4,D,CC,CC,D
11:02:39,ICBP,RG,7150,1,D,CC,ZP,F
11:02:35,ICBP,RG,7150,90,D,CC,CC,D
11:02:35,ICBP,RG,7150,1,D,XC,CC,D
11:02:35,ICBP,RG,7150,3,D,PD,CC,D
11:02:35,ICBP,RG,7150,5,D,PD,CC,D
11:02:35,ICBP,RG,7150,1,D,ZP,CC,D
11:02:24,ICBP,RG,7150,1,D,ZP,ZP,F
11:02:17,ICBP,RG,7175,1,F,KZ,BK,F
11:02:17,ICBP,RG,7175,7,F,KZ,BK,F
11:02:13,ICBP,RG,7175,6,F,KZ,BK,F
11:02:12,ICBP,RG,7175,2,F,KZ,BK,F
11:02:12,ICBP,RG,7175,7,F,KZ,BK,F
11:02:11,ICBP,RG,7150,1,D,ZP,ZP,F
11:02:07,ICBP,RG,7175,89,F,KZ,BK,F
11:02:06,ICBP,RG,7175,30,D,XL,BK,F
11:01:40,ICBP,RG,7150,2,D,ZP,KZ,D
11:01:40,ICBP,RG,7150,2,D,YP,KZ,D
11:01:40,ICBP,RG,7150,2,D,PD,KZ,D
11:01:40,ICBP,RG,7150,1,D,CC,KZ,D
11:01:40,ICBP,RG,7150,1,D,XC,KZ,D
11:01:40,ICBP,RG,7150,4,D,CC,KZ,D
11:01:40,ICBP,RG,7150,3,D,NI,KZ,D
11:01:40,ICBP,RG,7150,1,D,XC,KZ,D
11:01:40,ICBP,RG,7150,1,D,PD,KZ,D
11:01:40,ICBP,RG,7150,1,D,SQ,KZ,D
11:01:40,ICBP,RG,7150,1,D,XC,KZ,D
11:01:40,ICBP,RG,7150,1,D,XC,KZ,D
11:01:40,ICBP,RG,7150,1,D,IF,KZ,D
11:01:40,ICBP,RG,7150,1,D,NI,KZ,D
11:01:40,ICBP,RG,7150,2,D,YP,KZ,D
11:01:40,ICBP,RG,7150,1,D,YU,KZ,D
11:01:40,ICBP,RG,7150,10,D,YP,KZ,D
11:01:40,ICBP,RG,7150,1,D,EP,KZ,D
11:01:40,ICBP,RG,7150,10,D,YP,KZ,D
11:01:40,ICBP,RG,7150,30,D,PD,KZ,D
11:01:40,ICBP,RG,7150,1,D,YP,KZ,D
11:01:40,ICBP,RG,7150,7,D,EP,KZ,D
11:01:40,ICBP,RG,7150,3,D,EP,ZP,F
11:01:29,ICBP,RG,7150,5,D,EP,CC,D
11:01:29,ICBP,RG,7150,2,D,YP,CC,D
11:01:29,ICBP,RG,7150,1,D,SQ,CC,D
11:01:17,ICBP,RG,7150,5,D,SQ,CC,D
11:00:45,ICBP,RG,7150,16,D,SQ,RX,D
11:00:43,ICBP,RG,7150,6,D,SQ,CC,D
11:00:43,ICBP,RG,7150,10,D,CC,CC,D
11:00:43,ICBP,RG,7150,1,D,XC,CC,D
11:00:43,ICBP,RG,7150,5,D,CC,CC,D
11:00:43,ICBP,RG,7150,3,D,PD,CC,D
11:00:43,ICBP,RG,7150,5,D,PD,CC,D
11:00:43,ICBP,RG,7150,1,D,XC,CC,D
11:00:43,ICBP,RG,7150,5,D,NI,CC,D
11:00:43,ICBP,RG,7150,1,D,YP,CC,D
11:00:43,ICBP,RG,7150,5,D,YP,CC,D
11:00:43,ICBP,RG,7150,29,D,XC,CC,D
11:00:15,ICBP,RG,7150,3,D,XC,AK,F
11:00:15,ICBP,RG,7150,2,D,AZ,BK,F
11:00:15,ICBP,RG,7150,2,D,CC,BK,F
11:00:15,ICBP,RG,7150,1,D,CC,BK,F
11:00:15,ICBP,RG,7150,2,D,XC,BK,F
11:00:15,ICBP,RG,7150,2,D,XC,BK,F
11:00:15,ICBP,RG,7150,1,D,PD,BK,F
11:00:15,ICBP,RG,7150,1,D,PD,BK,F
11:00:15,ICBP,RG,7150,1,D,XC,BK,F
11:00:15,ICBP,RG,7150,1,D,NI,BK,F
11:00:15,ICBP,RG,7150,1,D,CC,BK,F
11:00:15,ICBP,RG,7150,19,D,YP,BK,F
11:00:01,ICBP,RG,7150,1,D,YP,KZ,D
11:00:01,ICBP,RG,7150,1,D,XC,KZ,D
11:00:01,ICBP,RG,7150,11,D,YU,KZ,D
10:59:52,ICBP,RG,7175,1,F,KZ,BK,F
10:59:47,ICBP,RG,7150,5,D,YU,ZP,F
10:59:35,ICBP,RG,7150,4,D,YU,YU,D
10:59:35,ICBP,RG,7150,1,D,XL,YU,D
10:59:35,ICBP,RG,7150,1,D,SQ,YU,D
10:59:32,ICBP,RG,7150,2,D,XL,RX,D
10:59:32,ICBP,RG,7150,5,D,YP,RX,D
10:59:32,ICBP,RG,7150,2,D,AT,RX,D
10:59:27,ICBP,RG,7150,3,D,AT,CC,D
10:58:57,ICBP,RG,7175,1,D,YP,BK,F
10:58:43,ICBP,RG,7150,1,D,AT,PD,D
10:58:32,ICBP,RG,7175,1,F,KZ,BK,F
10:58:18,ICBP,RG,7150,1,D,AT,AK,F
10:58:12,ICBP,RG,7175,3,F,KZ,BK,F
10:57:52,ICBP,RG,7175,1,D,PD,BK,F
10:57:36,ICBP,RG,7150,3,D,AT,ZP,F
10:57:35,ICBP,RG,7150,5,D,CC,CC,D
10:57:34,ICBP,RG,7175,2,D,PD,BK,F
10:57:22,ICBP,RG,7175,1,D,CC,BK,F
10:57:08,ICBP,RG,7175,6,D,NI,BK,F
10:57:03,ICBP,RG,7175,1,D,YP,BK,F
10:55:57,ICBP,RG,7150,2,D,CC,ZP,F
10:55:57,ICBP,RG,7150,2,D,PD,ZP,F
10:55:48,ICBP,RG,7150,2,D,PD,RX,D
10:55:48,ICBP,RG,7150,5,D,GR,RX,D
10:55:35,ICBP,RG,7150,4,D,YP,CC,D
10:54:49,ICBP,RG,7175,7,D,XC,BK,F
10:54:23,ICBP,RG,7150,1,D,YP,TP,D
10:54:23,ICBP,RG,7150,1,D,NI,TP,D
10:54:23,ICBP,RG,7150,1,D,CC,TP,D
10:54:23,ICBP,RG,7150,7,D,XC,TP,D
10:54:23,ICBP,RG,7150,2,D,XC,XC,D
10:53:51,ICBP,RG,7150,2,D,YP,ZP,F
10:53:41,ICBP,RG,7150,1,D,CC,CC,D
10:53:41,ICBP,RG,7150,1,D,EP,CC,D
10:53:41,ICBP,RG,7150,2,D,CC,CC,D
10:53:27,ICBP,RG,7175,1,D,PD,BK,F
10:53:13,ICBP,RG,7150,6,D,CC,YU,D
10:53:12,ICBP,RG,7175,6,D,PD,BK,F
10:52:41,ICBP,RG,7150,7,D,CC,RX,D
10:52:38,ICBP,RG,7150,1,D,GR,ZP,F
10:52:29,ICBP,RG,7150,1,D,GR,XC,D
10:52:09,ICBP,RG,7150,14,D,GR,XC,D
10:51:58,ICBP,RG,7150,10,D,GR,KK,D
10:51:48,ICBP,RG,7150,4,D,GR,ZP,F
10:51:30,ICBP,RG,7150,7,D,GR,BK,F
10:51:18,ICBP,RG,7150,5,D,GR,CC,D
10:51:13,ICBP,RG,7150,3,D,GR,AK,F
10:51:12,ICBP,RG,7175,4,F,KZ,BK,F
10:51:02,ICBP,RG,7175,1,F,KZ,BK,F
10:51:00,ICBP,RG,7175,3,F,KZ,BK,F
10:51:00,ICBP,RG,7175,1,F,KZ,BK,F
10:50:55,ICBP,RG,7175,1,D,XL,BK,F
10:50:54,ICBP,RG,7150,1,D,GR,CC,D
10:50:48,ICBP,RG,7175,3,D,XC,BK,F
10:50:41,ICBP,RG,7175,10,D,YP,BK,F
10:50:37,ICBP,RG,7175,1,F,KZ,BK,F
10:50:37,ICBP,RG,7175,6,F,KZ,BK,F
10:50:31,ICBP,RG,7175,18,D,PD,BK,F
10:50:17,ICBP,RG,7175,1,F,KZ,BK,F
10:50:17,ICBP,RG,7175,3,F,KZ,BK,F
10:50:13,ICBP,RG,7175,10,D,PD,BK,F
10:50:12,ICBP,RG,7175,3,F,KZ,BK,F
10:50:12,ICBP,RG,7175,4,F,KZ,BK,F
10:50:01,ICBP,RG,7150,7,D,GR,RX,D
10:49:54,ICBP,RG,7175,10,D,PD,BK,F
10:49:48,ICBP,RG,7175,10,D,YP,BK,F
10:49:47,ICBP,RG,7175,3,F,KZ,BK,F
10:49:47,ICBP,RG,7175,9,F,ZP,BK,F
10:49:36,ICBP,RG,7150,4,D,GR,ZP,F
10:49:27,ICBP,RG,7175,1,F,KZ,BK,F
10:49:27,ICBP,RG,7175,5,F,KZ,BK,F
10:49:26,ICBP,RG,7175,10,D,PD,BK,F
10:49:22,ICBP,RG,7150,3,D,GR,CC,D
10:49:15,ICBP,RG,7175,1,D,YP,BK,F
10:49:14,ICBP,RG,7150,1,D,GR,BQ,D
10:49:12,ICBP,RG,7175,1,F,KZ,BK,F
10:49:07,ICBP,RG,7175,1,F,KZ,BK,F
10:49:07,ICBP,RG,7175,1,F,KZ,BK,F
10:49:07,ICBP,RG,7175,4,F,KZ,BK,F
10:49:02,ICBP,RG,7175,1,F,KZ,BK,F
10:49:02,ICBP,RG,7175,17,F,KZ,BK,F
10:49:02,ICBP,RG,7175,1,F,KZ,BK,F
10:49:02,ICBP,RG,7175,3,F,KZ,BK,F
10:48:47,ICBP,RG,7150,1,D,GR,SQ,D
10:48:38,ICBP,RG,7175,1,D,XL,BK,F
10:47:38,ICBP,RG,7150,3,D,GR,RO,D
10:47:36,ICBP,RG,7150,1,D,GR,ZP,F
10:47:25,ICBP,RG,7175,3,D,XC,BK,F
10:47:21,ICBP,RG,7175,5,D,NI,BK,F
10:47:07,ICBP,RG,7175,10,D,CC,BK,F
10:47:03,ICBP,RG,7175,1,D,XC,BK,F
10:46:45,ICBP,RG,7175,19,D,YP,BK,F
10:46:45,ICBP,RG,7175,1,D,YP,YU,D
10:46:44,ICBP,RG,7150,32,D,GR,BK,F
10:46:41,ICBP,RG,7150,1,D,GR,ZP,F
10:46:40,ICBP,RG,7175,3,D,YP,YU,D
10:46:40,ICBP,RG,7175,3,D,YP,YU,D
10:46:40,ICBP,RG,7175,1,D,YP,ZP,F
10:46:40,ICBP,RG,7175,3,D,YP,RX,D
10:46:33,ICBP,RG,7175,5,D,PD,RX,D
10:46:30,ICBP,RG,7150,2,D,GR,AK,F
10:45:44,ICBP,RG,7150,1,D,GR,ZP,F
10:45:29,ICBP,RG,7150,2,D,GR,PD,D
10:45:25,ICBP,RG,7150,1,D,GR,ZP,F
10:45:25,ICBP,RG,7175,1,F,KZ,RX,D
10:45:25,ICBP,RG,7175,61,F,KZ,RX,D
10:45:13,ICBP,RG,7175,22,F,KZ,RX,D
10:45:11,ICBP,RG,7175,101,F,KZ,KZ,D
10:45:11,ICBP,RG,7175,12,F,KZ,KZ,D
10:45:11,ICBP,RG,7175,1,D,XC,KZ,D
10:45:11,ICBP,RG,7175,2,D,XL,KZ,D
10:45:07,ICBP,RG,7175,12,D,XL,BK,F
10:45:07,ICBP,RG,7175,2,F,KZ,BK,F
10:45:07,ICBP,RG,7175,19,F,KZ,BK,F
10:45:07,ICBP,RG,7175,5,D,CC,BK,F
10:45:07,ICBP,RG,7175,30,D,PD,BK,F
10:45:07,ICBP,RG,7175,9,D,NI,BK,F
10:45:07,ICBP,RG,7175,4,D,NI,BK,F
10:45:07,ICBP,RG,7175,5,D,XC,BK,F
10:45:07,ICBP,RG,7175,5,F,CC,BK,F
10:45:07,ICBP,RG,7175,2,D,CC,BK,F
10:45:07,ICBP,RG,7175,9,D,NI,BK,F
10:45:07,ICBP,RG,7175,3,D,PD,BK,F
10:45:07,ICBP,RG,7175,1,D,XC,BK,F
10:45:07,ICBP,RG,7175,5,D,CC,BK,F
10:45:07,ICBP,RG,7175,4,D,NI,BK,F
10:45:07,ICBP,RG,7175,1,D,CC,BK,F
10:45:07,ICBP,RG,7175,50,D,YP,BK,F
10:45:07,ICBP,RG,7175,3,F,ZP,BK,F
10:45:07,ICBP,RG,7175,1,D,HP,BK,F
10:45:07,ICBP,RG,7175,1,D,XC,BK,F
10:45:07,ICBP,RG,7175,2,D,NI,BK,F
10:45:07,ICBP,RG,7175,3,D,YP,BK,F
10:45:07,ICBP,RG,7175,10,D,YP,BK,F
10:45:07,ICBP,RG,7175,6,D,PD,BK,F
10:45:07,ICBP,RG,7175,48,F,KZ,BK,F
10:45:06,ICBP,RG,7175,1,F,AK,ZP,F
10:45:06,ICBP,RG,7175,390,F,AK,RX,D
10:45:06,ICBP,RG,7175,10,D,YP,RX,D
10:45:06,ICBP,RG,7175,1,D,PD,RX,D
10:45:06,ICBP,RG,7175,3,F,KZ,RX,D
10:45:06,ICBP,RG,7175,1,D,PD,RX,D
10:45:06,ICBP,RG,7175,1,F,KZ,RX,D
10:45:06,ICBP,RG,7175,2,D,YP,RX,D
10:45:06,ICBP,RG,7175,11,F,KZ,RX,D
10:45:06,ICBP,RG,7175,1,F,KZ,RX,D
10:45:06,ICBP,RG,7175,1,D,XC,RX,D
10:45:06,ICBP,RG,7175,1,D,XC,RX,D
10:45:06,ICBP,RG,7175,3,F,KZ,RX,D
10:45:06,ICBP,RG,7175,10,D,PD,RX,D
10:45:06,ICBP,RG,7175,2,F,KZ,RX,D
10:45:06,ICBP,RG,7175,5,D,NI,RX,D
10:45:06,ICBP,RG,7175,2,F,KZ,RX,D
10:45:06,ICBP,RG,7175,72,F,KZ,RX,D
10:45:06,ICBP,RG,7175,10,D,YU,RX,D
10:45:06,ICBP,RG,7175,40,D,GR,RX,D
10:45:06,ICBP,RG,7175,17,D,SQ,RX,D
10:45:06,ICBP,RG,7175,7,D,GR,RX,D
10:45:06,ICBP,RG,7175,17,D,SQ,RX,D
10:45:06,ICBP,RG,7175,1,D,CC,RX,D
10:45:06,ICBP,RG,7175,20,D,NI,RX,D
10:45:06,ICBP,RG,7175,3,D,CC,RX,D
10:45:06,ICBP,RG,7175,4,D,KK,RX,D
10:45:06,ICBP,RG,7175,6,F,KZ,RX,D
10:45:06,ICBP,RG,7175,10,D,NI,RX,D
10:45:06,ICBP,RG,7175,96,F,KZ,RX,D
10:45:06,ICBP,RG,7175,10,D,CC,RX,D
10:45:06,ICBP,RG,7175,10,D,PD,RX,D
10:45:06,ICBP,RG,7175,1,D,SQ,RX,D
10:45:06,ICBP,RG,7175,1,D,PD,RX,D
10:45:06,ICBP,RG,7175,3,D,XL,RX,D
10:45:06,ICBP,RG,7175,1,D,SQ,RX,D
10:45:06,ICBP,RG,7175,1,D,PD,RX,D
10:45:06,ICBP,RG,7175,1,D,EP,RX,D
10:45:06,ICBP,RG,7175,1,D,PD,RX,D
10:45:06,ICBP,RG,7175,2,D,XL,RX,D
10:45:06,ICBP,RG,7175,1,D,OD,RX,D
10:45:06,ICBP,RG,7175,1,D,NI,RX,D
10:45:06,ICBP,RG,7175,1,D,XC,RX,D
10:45:06,ICBP,RG,7175,2,D,PD,RX,D
10:45:06,ICBP,RG,7175,15,D,CC,RX,D
10:45:06,ICBP,RG,7175,1,D,GR,RX,D
10:45:06,ICBP,RG,7175,20,D,DR,RX,D
10:45:06,ICBP,RG,7175,33,D,CC,RX,D
10:45:06,ICBP,RG,7175,1,D,KK,RX,D
10:45:06,ICBP,RG,7175,1,D,PD,RX,D
10:45:06,ICBP,RG,7175,1,D,PD,RX,D
10:45:06,ICBP,RG,7175,5,D,PD,RX,D
10:45:06,ICBP,RG,7175,1,D,PD,RX,D
10:45:06,ICBP,RG,7175,1,D,YP,RX,D
10:45:06,ICBP,RG,7175,4,D,XC,RX,D
10:45:06,ICBP,RG,7175,1,D,PD,RX,D
10:45:06,ICBP,RG,7175,20,D,PD,RX,D
10:45:06,ICBP,RG,7175,25,D,CC,RX,D
10:45:06,ICBP,RG,7175,2,D,DR,RX,D
10:45:06,ICBP,RG,7175,3,D,XC,RX,D
10:45:06,ICBP,RG,7175,2,D,PD,RX,D
10:45:06,ICBP,RG,7175,3,D,XC,RX,D
10:45:06,ICBP,RG,7175,4,D,DH,RX,D
10:45:06,ICBP,RG,7175,10,D,PD,RX,D
10:45:06,ICBP,RG,7175,1,D,PD,RX,D
10:45:06,ICBP,RG,7175,1,D,XC,RX,D
10:45:06,ICBP,RG,7175,34,D,DH,RX,D
10:45:06,ICBP,RG,7175,21,D,NI,RX,D
10:45:06,ICBP,RG,7175,7,D,XC,RX,D
10:44:52,ICBP,RG,7175,1,D,YP,PD,D
10:44:52,ICBP,RG,7175,1,D,XC,PD,D
10:44:52,ICBP,RG,7175,1,D,KK,PD,D
10:44:52,ICBP,RG,7175,15,D,PD,PD,D
10:44:52,ICBP,RG,7175,2,D,XC,PD,D
10:44:52,ICBP,RG,7175,4,D,NI,PD,D
10:44:52,ICBP,RG,7175,1,D,XC,PD,D
10:44:52,ICBP,RG,7175,3,D,CC,PD,D
10:44:52,ICBP,RG,7175,1,D,PD,PD,D
10:44:52,ICBP,RG,7175,2,D,XC,PD,D
10:44:52,ICBP,RG,7175,31,D,CC,PD,D
10:44:52,ICBP,RG,7175,1,D,LG,PD,D
10:44:52,ICBP,RG,7175,25,D,SQ,PD,D
10:44:52,ICBP,RG,7175,3,D,CC,PD,D
10:44:52,ICBP,RG,7175,2,D,NI,PD,D
10:44:52,ICBP,RG,7175,2,D,KK,PD,D
10:44:52,ICBP,RG,7175,15,D,PD,PD,D
10:44:52,ICBP,RG,7175,1,D,CC,PD,D
10:44:52,ICBP,RG,7175,3,D,DH,PD,D
10:44:52,ICBP,RG,7175,5,D,XC,PD,D
10:44:52,ICBP,RG,7175,2,D,CC,PD,D
10:44:52,ICBP,RG,7175,3,D,SQ,PD,D
10:44:52,ICBP,RG,7175,2,D,CC,PD,D
10:44:52,ICBP,RG,7175,2,D,PD,PD,D
10:44:52,ICBP,RG,7175,5,D,KK,PD,D
10:44:52,ICBP,RG,7175,8,D,XC,PD,D
10:44:52,ICBP,RG,7175,10,D,CC,PD,D
10:44:52,ICBP,RG,7175,2,D,SQ,PD,D
10:44:52,ICBP,RG,7175,2,D,LS,PD,D
10:44:52,ICBP,RG,7175,45,D,PD,PD,D
10:44:48,ICBP,RG,7175,2,D,PD,GR,D
10:44:44,ICBP,RG,7200,2,D,EP,PD,D
10:44:43,ICBP,RG,7175,4,D,PD,ZP,F
10:44:22,ICBP,RG,7200,59,F,KZ,PD,D
10:43:57,ICBP,RG,7175,4,D,PD,BK,F
10:43:57,ICBP,RG,7175,1,D,PD,BK,F
10:43:57,ICBP,RG,7175,48,F,CC,BK,F
10:43:30,ICBP,RG,7175,2,F,CC,AK,F
10:42:36,ICBP,RG,7175,4,F,CC,ZP,F
10:42:17,ICBP,RG,7200,1,F,KZ,PD,D
10:42:11,ICBP,RG,7175,5,F,CC,CC,D
10:42:05,ICBP,RG,7175,51,F,CC,CC,D
10:42:05,ICBP,RG,7175,36,F,CC,BK,F
10:41:43,ICBP,RG,7175,11,F,CC,XC,D
10:41:33,ICBP,RG,7175,1,F,CC,CC,D
10:40:38,ICBP,RG,7175,7,F,CC,YU,D
10:40:31,ICBP,RG,7175,59,F,CC,KZ,D
10:40:28,ICBP,RG,7175,3,F,CC,ZP,F
10:39:56,ICBP,RG,7175,3,F,CC,XC,D
10:39:37,ICBP,RG,7200,3,F,KZ,PD,D
10:39:17,ICBP,RG,7200,1,F,KZ,PD,D
10:38:46,ICBP,RG,7175,1,F,CC,XC,D
10:38:44,ICBP,RG,7175,3,F,CC,NI,D
10:38:26,ICBP,RG,7175,1,F,CC,PD,D
10:38:26,ICBP,RG,7175,1,F,CC,ZP,F
10:38:15,ICBP,RG,7175,1,F,CC,ZP,F
10:37:56,ICBP,RG,7175,1,F,CC,BQ,D
10:37:35,ICBP,RG,7175,2,F,CC,ZP,F
10:37:13,ICBP,RG,7200,1,D,XL,PD,D
10:36:52,ICBP,RG,7200,2,D,XL,PD,D
10:36:32,ICBP,RG,7200,1,D,YP,PD,D
10:36:12,ICBP,RG,7200,90,F,AK,PD,D
10:36:12,ICBP,RG,7200,28,F,AK,BK,F
10:36:12,ICBP,RG,7200,5,F,AK,CC,D
10:36:12,ICBP,RG,7200,5,F,AK,XC,D
10:36:12,ICBP,RG,7200,27,F,AK,BK,F
10:36:12,ICBP,RG,7200,20,F,AK,AI,D
10:36:12,ICBP,RG,7200,10,F,AK,XC,D
10:36:12,ICBP,RG,7200,68,F,AK,KZ,D
10:36:12,ICBP,RG,7200,1,F,AK,PD,D
10:36:12,ICBP,RG,7200,11,F,AK,KZ,D
10:36:12,ICBP,RG,7200,5,F,AK,XC,D
10:36:12,ICBP,RG,7200,3,F,AK,AK,F
10:36:12,ICBP,RG,7200,1,F,AK,XC,D
10:36:12,ICBP,RG,7200,1,F,AK,ZP,F
10:36:12,ICBP,RG,7200,85,F,AK,YP,D
10:36:12,ICBP,RG,7200,1,F,AK,XC,D
10:36:12,ICBP,RG,7200,27,F,AK,BK,F
10:36:12,ICBP,RG,7200,9,F,AK,RX,D
10:36:11,ICBP,RG,7175,5,F,CC,KZ,D
10:36:11,ICBP,RG,7175,4,F,AK,KZ,D
10:36:06,ICBP,RG,7200,2,D,NI,RX,D
10:35:53,ICBP,RG,7175,1,F,AK,PD,D
10:35:47,ICBP,RG,7175,4,F,AK,ZP,F
10:35:39,ICBP,RG,7200,2,D,YP,BK,F
10:35:23,ICBP,RG,7175,10,F,AK,YP,D
10:35:18,ICBP,RG,7200,5,D,PD,BK,F
10:35:06,ICBP,RG,7175,5,F,AK,DH,D
10:35:00,ICBP,RG,7200,5,D,YU,BK,F
10:34:50,ICBP,RG,7175,1,F,AK,BQ,D
10:34:41,ICBP,RG,7200,7,D,YP,BK,F
10:34:22,ICBP,RG,7200,1,F,AK,BK,F
10:34:10,ICBP,RG,7175,1,F,AK,LG,D
10:34:09,ICBP,RG,7175,6,F,AK,YU,D
10:34:00,ICBP,RG,7200,7,D,CC,BK,F
10:34:00,ICBP,RG,7200,20,D,CC,XC,D
10:34:00,ICBP,RG,7200,6,D,CC,BK,F
10:33:56,ICBP,RG,7175,10,F,AK,XC,D
10:33:54,ICBP,RG,7200,1,D,YP,BK,F
10:33:36,ICBP,RG,7175,1,D,CC,ZP,F
10:33:36,ICBP,RG,7175,1,D,NI,ZP,F
10:33:36,ICBP,RG,7175,9,D,NI,PD,D
10:33:36,ICBP,RG,7175,1,D,YP,PD,D
10:33:36,ICBP,RG,7175,1,D,PD,PD,D
10:33:36,ICBP,RG,7175,1,D,XC,PD,D
10:33:36,ICBP,RG,7175,9,D,XC,PD,D
10:33:36,ICBP,RG,7175,1,D,PD,PD,D
10:33:36,ICBP,RG,7175,1,D,LG,PD,D
10:33:36,ICBP,RG,7175,10,D,CC,PD,D
10:33:36,ICBP,RG,7175,1,D,XC,PD,D
10:33:36,ICBP,RG,7175,6,D,PD,PD,D
10:33:36,ICBP,RG,7175,1,D,YP,PD,D
10:33:36,ICBP,RG,7175,15,D,KK,PD,D
10:33:36,ICBP,RG,7175,10,D,DR,PD,D
10:33:36,ICBP,RG,7175,1,D,YP,PD,D
10:33:36,ICBP,RG,7175,1,D,CC,PD,D
10:33:36,ICBP,RG,7175,5,D,YP,PD,D
10:33:36,ICBP,RG,7175,1,D,PD,PD,D
10:33:36,ICBP,RG,7175,2,D,GR,PD,D
10:33:36,ICBP,RG,7175,1,D,KK,PD,D
10:33:36,ICBP,RG,7175,7,D,YP,PD,D
10:33:36,ICBP,RG,7175,41,F,KZ,PD,D
10:33:29,ICBP,RG,7175,5,F,KZ,DR,D
10:33:29,ICBP,RG,7175,5,D,DH,DR,D
10:33:10,ICBP,RG,7175,2,D,DH,AK,F
10:33:09,ICBP,RG,7200,1,D,PD,BK,F
10:32:59,ICBP,RG,7175,20,D,DH,NI,D
10:32:57,ICBP,RG,7175,15,D,DH,NI,D
10:32:49,ICBP,RG,7175,14,D,DH,RX,D
10:32:44,ICBP,RG,7200,7,D,PD,BK,F
10:32:41,ICBP,RG,7175,84,D,DH,KZ,D
10:32:41,ICBP,RG,7175,3,F,KZ,KZ,D
10:32:41,ICBP,RG,7175,2,F,KZ,KZ,D
10:32:41,ICBP,RG,7175,8,D,OD,KZ,D
10:32:41,ICBP,RG,7175,1,D,XC,KZ,D
10:32:41,ICBP,RG,7175,1,D,PD,KZ,D
10:32:41,ICBP,RG,7175,5,F,KZ,KZ,D
10:32:38,ICBP,RG,7175,2,F,KZ,ZP,F
10:32:35,ICBP,RG,7175,4,F,KZ,PD,D
10:32:35,ICBP,RG,7175,13,D,PD,PD,D
10:32:35,ICBP,RG,7175,8,F,KZ,PD,D
10:32:35,ICBP,RG,7175,1,D,XC,PD,D
10:32:35,ICBP,RG,7175,1,F,KZ,PD,D
10:32:35,ICBP,RG,7175,10,D,AI,PD,D
10:32:35,ICBP,RG,7175,1,D,TP,PD,D
10:32:35,ICBP,RG,7175,1,F,KZ,PD,D
10:32:35,ICBP,RG,7175,2,D,XC,PD,D
10:32:35,ICBP,RG,7175,9,F,KZ,PD,D
10:32:30,ICBP,RG,7175,1,F,KZ,DH,D
10:32:23,ICBP,RG,7175,8,F,KZ,RX,D
10:32:14,ICBP,RG,7175,10,F,KZ,SQ,D
10:31:54,ICBP,RG,7175,3,F,KZ,PD,D
10:31:38,ICBP,RG,7175,3,F,KZ,ZP,F
10:31:36,ICBP,RG,7200,11,D,SQ,BK,F
10:31:36,ICBP,RG,7200,1,D,SQ,ZP,F
10:31:36,ICBP,RG,7200,5,D,SQ,YP,D
10:31:28,ICBP,RG,7200,2,D,XL,YP,D
10:30:55,ICBP,RG,7175,1,F,KZ,XC,D
10:30:00,ICBP,RG,7175,1,F,KZ,AK,F
10:29:43,ICBP,RG,7175,4,F,KZ,ZP,F
10:28:15,ICBP,RG,7175,1,F,KZ,AK,F
10:28:02,ICBP,RG,7175,3,F,KZ,YU,D
10:28:02,ICBP,RG,7175,3,D,NI,YU,D
10:27:57,ICBP,RG,7200,3,F,KZ,YP,D
10:27:52,ICBP,RG,7200,1,F,KZ,YP,D
10:27:47,ICBP,RG,7200,4,F,KZ,YP,D
10:27:47,ICBP,RG,7200,1,F,KZ,YP,D
10:27:45,ICBP,RG,7175,1,D,PD,YP,D
10:27:45,ICBP,RG,7175,1,D,AI,YP,D
10:27:42,ICBP,RG,7200,1,F,KZ,YP,D
10:27:42,ICBP,RG,7200,1,F,KZ,YP,D
10:27:42,ICBP,RG,7200,8,F,KZ,YP,D
10:27:42,ICBP,RG,7200,4,F,KZ,YP,D
10:27:41,ICBP,RG,7200,3,D,IF,YP,D
10:27:41,ICBP,RG,7200,25,D,IF,BK,F
10:27:41,ICBP,RG,7200,1,D,IF,NI,D
10:27:41,ICBP,RG,7200,25,D,IF,BK,F
10:27:41,ICBP,RG,7200,24,D,IF,BK,F
10:27:41,ICBP,RG,7200,2,D,IF,YP,D
10:27:41,ICBP,RG,7175,2,D,PD,ZP,F
10:27:21,ICBP,RG,7175,1,D,PD,PD,D
10:27:21,ICBP,RG,7175,1,F,KZ,PD,D
10:27:17,ICBP,RG,7200,8,D,XL,YP,D
10:26:42,ICBP,RG,7175,1,F,KZ,ZP,F
10:26:42,ICBP,RG,7175,2,F,KZ,ZP,F
10:26:19,ICBP,RG,7175,1,F,KZ,DR,D
10:26:15,ICBP,RG,7175,3,F,KZ,YP,D
10:26:11,ICBP,RG,7175,14,F,KZ,KZ,D
10:26:08,ICBP,RG,7200,3,D,PD,YP,D
10:26:01,ICBP,RG,7175,98,F,KZ,CC,D
10:25:43,ICBP,RG,7200,1,D,PD,YP,D
10:25:11,ICBP,RG,7175,9,F,KZ,XC,D
10:24:57,ICBP,RG,7175,3,F,KZ,ZP,F
10:24:37,ICBP,RG,7200,4,F,KZ,YP,D
10:24:29,ICBP,RG,7200,1,D,XC,YP,D
10:24:08,ICBP,RG,7200,1,D,AI,YP,D
10:24:08,ICBP,RG,7200,1,D,AI,PD,D
10:24:08,ICBP,RG,7200,8,D,AI,PD,D
10:24:08,ICBP,RG,7200,24,D,AI,BK,F
10:24:08,ICBP,RG,7200,3,D,AI,XC,D
10:24:08,ICBP,RG,7200,13,D,AI,RX,D
10:24:00,ICBP,RG,7200,3,D,CC,RX,D
10:24:00,ICBP,RG,7200,10,D,CC,SQ,D
10:24:00,ICBP,RG,7200,5,D,CC,CC,D
10:24:00,ICBP,RG,7200,2,D,CC,IF,D
10:24:00,ICBP,RG,7200,12,D,CC,BK,F
10:23:47,ICBP,RG,7200,6,D,XL,BK,F
10:22:57,ICBP,RG,7175,1,F,KZ,ZP,F
10:22:46,ICBP,RG,7175,1,F,KZ,YP,D
10:22:37,ICBP,RG,7175,2,F,KZ,ZP,F
10:21:54,ICBP,RG,7200,2,D,ZP,BK,F
10:21:43,ICBP,RG,7175,1,F,KZ,ZP,F
10:21:37,ICBP,RG,7175,3,F,KZ,YU,D
10:21:37,ICBP,RG,7175,3,F,BK,YU,D
10:21:36,ICBP,RG,7200,3,D,PD,BK,F
10:21:34,ICBP,RG,7175,7,F,BK,DR,D
10:21:33,ICBP,RG,7200,1,D,KK,BK,F
10:21:22,ICBP,RG,7200,1,F,KZ,BK,F
10:21:22,ICBP,RG,7200,2,F,KZ,YP,D
10:21:00,ICBP,RG,7200,2,D,XA,YP,D
10:20:56,ICBP,RG,7175,4,F,BK,ZP,F
10:20:32,ICBP,RG,7175,1,F,BK,BQ,D
10:20:27,ICBP,RG,7200,2,F,KZ,YP,D
10:20:17,ICBP,RG,7200,5,F,KZ,YP,D
10:20:04,ICBP,RG,7175,1,F,BK,PD,D
10:20:03,ICBP,RG,7200,14,D,GR,YP,D
10:19:53,ICBP,RG,7200,7,D,PD,YP,D
10:19:48,ICBP,RG,7200,1,D,XC,YP,D
10:19:42,ICBP,RG,7200,6,F,KZ,BK,F
10:19:22,ICBP,RG,7200,4,F,KZ,BK,F
10:19:21,ICBP,RG,7200,10,D,YP,BK,F
10:19:17,ICBP,RG,7200,1,F,KZ,BK,F
10:19:17,ICBP,RG,7175,1,F,BK,XC,D
10:19:12,ICBP,RG,7200,1,F,KZ,BK,F
10:19:12,ICBP,RG,7200,2,F,KZ,BK,F
10:19:12,ICBP,RG,7200,2,F,KZ,OD,D
10:19:09,ICBP,RG,7200,44,F,KZ,XC,D
10:19:09,ICBP,RG,7200,2,F,KZ,PD,D
10:19:09,ICBP,RG,7200,24,F,KZ,BK,F
10:19:09,ICBP,RG,7200,1,F,KZ,AT,D
10:19:09,ICBP,RG,7200,4,F,KZ,NI,D
10:19:09,ICBP,RG,7200,10,F,KZ,NI,D
10:19:07,ICBP,RG,7200,3,F,KZ,CC,D
10:19:07,ICBP,RG,7200,5,F,KZ,CC,D
10:19:07,ICBP,RG,7200,1,F,KZ,CC,D
10:19:07,ICBP,RG,7200,1,F,KZ,CC,D
10:19:06,ICBP,RG,7175,1,F,BK,ZP,F
10:19:06,ICBP,RG,7200,50,D,HD,CC,D
10:19:06,ICBP,RG,7200,7,D,HD,CC,D
10:19:06,ICBP,RG,7200,24,D,HD,BK,F
10:19:06,ICBP,RG,7200,1,D,HD,NI,D
10:19:06,ICBP,RG,7200,83,D,HD,KZ,D
10:19:06,ICBP,RG,7200,25,D,HD,BK,F
10:19:06,ICBP,RG,7200,10,D,HD,KZ,D
10:18:58,ICBP,RG,7200,3,D,YP,KZ,D
10:18:58,ICBP,RG,7200,1,D,YP,XC,D
10:18:58,ICBP,RG,7200,1,D,YP,ZP,F
10:18:58,ICBP,RG,7200,1,D,YP,EP,D
10:18:58,ICBP,RG,7200,24,D,YP,BK,F
10:18:58,ICBP,RG,7200,1,D,YP,PD,D
10:18:58,ICBP,RG,7200,1,D,YP,DX,D
10:18:58,ICBP,RG,7200,10,D,YP,XA,D
10:18:58,ICBP,RG,7200,13,D,YP,RX,D
10:18:48,ICBP,RG,7200,1,D,XC,RX,D
10:18:44,ICBP,RG,7200,3,D,YP,RX,D
10:18:44,ICBP,RG,7200,1,D,YP,XC,D
10:18:44,ICBP,RG,7200,1,D,YP,BK,F
10:18:41,ICBP,RG,7200,15,D,XL,BK,F
10:18:27,ICBP,RG,7200,1,F,KZ,BK,F
10:18:17,ICBP,RG,7200,8,F,KZ,BK,F
10:18:17,ICBP,RG,7200,1,F,KZ,AK,F
10:18:17,ICBP,RG,7200,4,F,KZ,LS,D
10:18:17,ICBP,RG,7200,3,F,KZ,CC,D
10:18:17,ICBP,RG,7200,1,F,KZ,CC,D
10:18:17,ICBP,RG,7200,1,F,KZ,CC,D
10:18:12,ICBP,RG,7200,10,F,KZ,CC,D
10:18:12,ICBP,RG,7200,11,F,KZ,BK,F
10:18:06,ICBP,RG,7200,10,D,YP,BK,F
10:17:52,ICBP,RG,7200,3,F,KZ,BK,F
10:17:52,ICBP,RG,7200,25,F,KZ,BK,F
10:17:43,ICBP,RG,7200,1,D,XC,BK,F
10:17:41,ICBP,RG,7175,2,F,BK,ZP,F
10:17:25,ICBP,RG,7200,2,D,GR,ZP,F
10:17:25,ICBP,RG,7200,60,D,GR,CS,F
10:17:12,ICBP,RG,7175,1,F,BK,BQ,D
10:17:07,ICBP,RG,7200,40,F,KZ,CS,F
10:16:38,ICBP,RG,7175,37,F,BK,BK,F
10:16:21,ICBP,RG,7175,2,F,BK,ZP,F
10:15:59,ICBP,RG,7200,10,D,PD,CS,F
10:15:40,ICBP,RG,7175,1,F,BK,BQ,D
10:15:35,ICBP,RG,7175,16,F,BK,RX,D
10:15:31,ICBP,RG,7175,20,F,BK,PD,D
10:15:25,ICBP,RG,7200,4,D,KK,CS,F
10:15:21,ICBP,RG,7175,91,F,BK,KZ,D
10:15:21,ICBP,RG,7175,13,F,BK,KZ,D
10:15:18,ICBP,RG,7175,6,F,BK,YU,D
10:14:58,ICBP,RG,7175,1,F,BK,PD,D
10:14:54,ICBP,RG,7175,5,F,BK,AK,F
10:14:53,ICBP,RG,7200,1,D,CC,CS,F
10:14:53,ICBP,RG,7200,4,D,PD,CS,F
10:14:41,ICBP,RG,7175,4,F,BK,ZP,F
10:14:24,ICBP,RG,7175,3,F,BK,PD,D
10:14:19,ICBP,RG,7200,2,D,CC,CS,F
10:14:14,ICBP,RG,7175,35,F,BK,NI,D
10:13:24,ICBP,RG,7175,1,F,BK,PD,D
10:13:23,ICBP,RG,7200,13,D,CP,CS,F
10:13:10,ICBP,RG,7200,2,D,XL,CS,F
10:12:47,ICBP,RG,7200,2,F,KZ,CS,F
10:12:41,ICBP,RG,7175,2,F,BK,ZP,F
10:12:37,ICBP,RG,7200,1,F,KZ,CS,F
10:12:37,ICBP,RG,7200,3,F,KZ,CS,F
10:12:37,ICBP,RG,7200,4,F,KZ,CS,F
10:12:32,ICBP,RG,7200,3,F,KZ,CS,F
10:12:32,ICBP,RG,7200,6,F,KZ,GR,D
10:12:32,ICBP,RG,7200,1,F,KZ,GR,D
10:12:07,ICBP,RG,7200,16,F,KZ,GR,D
10:12:02,ICBP,RG,7200,1,F,KZ,GR,D
10:12:02,ICBP,RG,7175,3,F,BK,PD,D
10:11:42,ICBP,RG,7175,3,F,BK,ZP,F
10:10:54,ICBP,RG,7200,10,D,CC,GR,D
10:10:30,ICBP,RG,7200,1,D,PD,GR,D
10:10:13,ICBP,RG,7175,2,F,BK,PD,D
10:09:55,ICBP,RG,7175,29,F,BK,XL,D
10:09:42,ICBP,RG,7200,3,F,KZ,GR,D
10:09:36,ICBP,RG,7175,5,F,BK,ZP,F
10:09:11,ICBP,RG,7200,1,D,XC,GR,D
10:08:56,ICBP,RG,7175,6,F,BK,YU,D
10:08:19,ICBP,RG,7200,3,D,XC,GR,D
10:08:02,ICBP,RG,7200,1,F,KZ,GR,D
10:07:52,ICBP,RG,7200,1,F,KZ,GR,D
10:07:38,ICBP,RG,7175,1,F,BK,ZP,F
10:07:37,ICBP,RG,7200,11,F,KZ,GR,D
10:07:29,ICBP,RG,7175,3,F,BK,XC,D
10:07:27,ICBP,RG,7200,2,F,KZ,GR,D
10:07:27,ICBP,RG,7200,7,F,KZ,GR,D
10:07:16,ICBP,RG,7200,5,D,YP,GR,D
10:07:15,ICBP,RG,7200,1,D,EP,GR,D
10:07:13,ICBP,RG,7200,2,D,XL,GR,D
10:07:06,ICBP,RG,7200,28,D,XL,GR,D
10:07:06,ICBP,RG,7200,22,D,XL,BK,F
10:07:02,ICBP,RG,7200,2,F,KZ,BK,F
10:07:02,ICBP,RG,7200,3,F,KZ,AK,F
10:07:02,ICBP,RG,7200,12,F,KZ,RX,D
10:06:57,ICBP,RG,7200,18,F,KZ,RX,D
10:06:51,ICBP,RG,7200,1,D,PD,RX,D
10:06:46,ICBP,RG,7175,4,F,BK,ZP,F
10:06:44,ICBP,RG,7200,13,D,CC,RX,D
10:06:44,ICBP,RG,7200,10,D,CC,CC,D
10:06:44,ICBP,RG,7200,23,D,CC,CS,F
10:06:37,ICBP,RG,7200,1,F,KZ,CS,F
10:06:30,ICBP,RG,7200,1,D,YP,CS,F
10:06:29,ICBP,RG,7200,30,D,XL,CS,F
10:06:24,ICBP,RG,7200,10,D,PD,CS,F
10:06:02,ICBP,RG,7200,1,D,XC,CS,F
10:05:44,ICBP,RG,7200,11,D,YP,CS,F
10:04:57,ICBP,RG,7200,10,F,KZ,CS,F
10:04:56,ICBP,RG,7200,3,D,PD,CS,F
10:04:49,ICBP,RG,7200,30,D,XL,CS,F
10:04:37,ICBP,RG,7200,1,D,PD,CS,F
10:04:33,ICBP,RG,7175,1,F,BK,BQ,D
