Time,Stock,Brd,Price,Qty,BT,BC,SC,ST
15:10:48,ICBP,RG,9850,2,D,DH,AI,D
15:10:04,ICBP,RG,9850,150,D,OD,AI,D
15:09:20,ICBP,RG,9850,4,D,AT,AI,D
15:08:36,ICBP,RG,9850,9,D,XL,AI,D
15:06:58,ICBP,RG,9850,100,D,YP,AI,D
15:05:46,ICBP,RG,9850,15,D,EP,AI,D
15:01:28,ICBP,RG,9850,3,D,IF,AI,D
15:01:00,ICBP,RG,9850,20,D,PD,AI,D
15:00:00,ICBP,RG,9850,10,D,NI,AI,D
15:00:00,ICBP,RG,9850,1,D,NI,AI,D
15:00:00,ICBP,RG,9850,1,D,YP,AI,D
15:00:00,ICBP,RG,9850,2,D,EP,AI,D
15:00:00,ICBP,RG,9850,10,D,CC,AI,D
15:00:00,ICBP,RG,9850,10,D,XC,AI,D
15:00:00,ICBP,RG,9850,51,D,MK,AI,D
15:00:00,ICBP,RG,9850,50,D,KZ,AI,D
15:00:00,ICBP,RG,9850,1,D,KZ,DR,D
15:00:00,ICBP,RG,9850,4,F,BK,DR,D
15:00:00,ICBP,RG,9850,20,F,BK,PD,D
15:00:00,ICBP,RG,9850,2,F,BK,KK,D
15:00:00,ICBP,RG,9850,6,F,BK,PD,D
15:00:00,ICBP,RG,9850,105,F,BK,BK,F
15:00:00,ICBP,RG,9850,235,F,BK,BK,F
15:00:00,ICBP,RG,9850,6,F,BK,BK,F
15:00:00,ICBP,RG,9850,350,F,YU,BK,F
15:00:00,ICBP,RG,9850,5,F,YU,PD,D
15:00:00,ICBP,RG,9850,7,F,YU,XC,D
15:00:00,ICBP,RG,9850,1,F,YU,YP,D
15:00:00,ICBP,RG,9850,8,F,YU,NI,D
15:00:00,ICBP,RG,9850,16,F,YU,XC,D
15:00:00,ICBP,RG,9850,5,F,YU,YP,D
15:00:00,ICBP,RG,9850,200,F,YU,IU,D
15:00:00,ICBP,RG,9850,276,F,YU,YP,D
15:00:00,ICBP,RG,9850,135,F,YU,XL,D
15:00:00,ICBP,RG,9850,1,F,YU,XC,D
15:00:00,ICBP,RG,9850,1,F,YU,DR,D
15:00:00,ICBP,RG,9850,25,F,YU,GR,D
15:00:00,ICBP,RG,9850,2,F,YU,NI,D
15:00:00,ICBP,RG,9850,15,F,YU,PD,D
15:00:00,ICBP,RG,9850,3,F,YU,PD,D
15:00:00,ICBP,RG,9850,10,F,YU,YP,D
15:00:00,ICBP,RG,9850,89,F,YU,DH,D
15:00:00,ICBP,RG,9850,52,F,YU,DH,D
15:00:00,ICBP,RG,9850,2,F,YU,YP,D
15:00:00,ICBP,RG,9850,8,F,YU,SQ,D
15:00:00,ICBP,RG,9850,9,F,YU,XC,D
15:00:00,ICBP,RG,9850,10,F,YU,DH,D
15:00:00,ICBP,RG,9850,9,F,YU,XC,D
15:00:00,ICBP,RG,9850,2,F,YU,SQ,D
15:00:00,ICBP,RG,9850,1,F,YU,YP,D
15:00:00,ICBP,RG,9850,80,F,YU,SQ,D
15:00:00,ICBP,RG,9850,5,F,YU,TP,D
15:00:00,ICBP,RG,9850,8,F,YU,YB,D
15:00:00,ICBP,RG,9850,1,F,YU,DR,D
15:00:00,ICBP,RG,9850,25,F,YU,ES,D
15:00:00,ICBP,RG,9850,100,F,YU,YB,D
15:00:00,ICBP,RG,9850,1,F,YU,DH,D
15:00:00,ICBP,RG,9850,35,F,YU,YP,D
15:00:00,ICBP,RG,9850,10,F,YU,TP,D
15:00:00,ICBP,RG,9850,10,F,YU,TP,D
15:00:00,ICBP,RG,9850,10,F,YU,YP,D
15:00:00,ICBP,RG,9850,100,F,YU,DH,D
15:00:00,ICBP,RG,9850,1,F,YU,PD,D
15:00:00,ICBP,RG,9850,7,F,YU,YP,D
15:00:00,ICBP,RG,9850,12,F,YU,RG,D
15:00:00,ICBP,RG,9850,2,F,YU,CC,D
15:00:00,ICBP,RG,9850,17,F,YU,PD,D
15:00:00,ICBP,RG,9850,1,F,YU,YP,D
15:00:00,ICBP,RG,9850,10,F,YU,XC,D
15:00:00,ICBP,RG,9850,1,F,YU,NI,D
15:00:00,ICBP,RG,9850,2,F,YU,NI,D
15:00:00,ICBP,RG,9850,5,F,YU,KK,D
15:00:00,ICBP,RG,9850,7,F,YU,YP,D
15:00:00,ICBP,RG,9850,8,F,YU,YP,D
15:00:00,ICBP,RG,9850,3,F,YU,PD,D
15:00:00,ICBP,RG,9850,50,F,YU,DH,D
15:00:00,ICBP,RG,9850,2050,F,YU,CS,F
15:00:00,ICBP,RG,9850,90,F,AK,CS,F
15:00:00,ICBP,RG,9850,228,F,AK,CS,F
15:00:00,ICBP,RG,9850,38,D,BB,CS,F
15:00:00,ICBP,RG,9850,1,D,BB,AK,F
15:00:00,ICBP,RG,9850,15,D,BB,KZ,D
15:00:00,ICBP,RG,9850,15,D,BB,KZ,D
15:00:00,ICBP,RG,9850,41,D,BB,KZ,D
15:00:00,ICBP,RG,9850,159,D,BB,KZ,D
15:00:00,ICBP,RG,9850,18,D,BB,KZ,F
15:00:00,ICBP,RG,9850,5,D,DP,KZ,F
15:00:00,ICBP,RG,9850,15,D,DP,BK,F
15:00:00,ICBP,RG,9850,1,D,DP,YU,F
15:00:00,ICBP,RG,9850,1,D,DP,YU,F
15:00:00,ICBP,RG,9850,1,D,DP,YU,F
15:00:00,ICBP,RG,9850,1,D,DP,YU,F
15:00:00,ICBP,RG,9850,1,D,DP,YU,F
15:00:00,ICBP,RG,9850,41,D,DP,AK,F
15:00:00,ICBP,RG,9850,4,D,DP,YU,D
15:00:00,ICBP,RG,9850,3,D,DP,LG,D
14:49:49,ICBP,RG,9850,2,F,YU,SQ,D
14:49:49,ICBP,RG,9850,3,D,YP,SQ,D
14:49:47,ICBP,RG,9850,5,D,YP,NI,D
14:49:46,ICBP,RG,9850,1,D,YP,AK,F
14:49:43,ICBP,RG,9850,1,D,YP,CS,F
14:49:43,ICBP,RG,9850,2,D,NI,CS,F
14:49:38,ICBP,RG,9850,7,D,NI,CS,F
14:49:38,ICBP,RG,9850,1,D,NI,CS,F
14:49:38,ICBP,RG,9850,1,D,XC,CS,F
14:49:38,ICBP,RG,9850,7,F,YU,CS,F
14:49:38,ICBP,RG,9850,31,F,YU,CC,D
14:49:33,ICBP,RG,9875,55,D,RX,YJ,D
14:49:32,ICBP,RG,9850,3,F,YU,CS,F
14:49:31,ICBP,RG,9850,24,F,YU,CS,F
14:49:31,ICBP,RG,9850,1,F,YU,AK,F
14:49:28,ICBP,RG,9875,1,D,BB,YJ,D
14:49:25,ICBP,RG,9875,1,D,BB,YJ,D
14:49:24,ICBP,RG,9875,12,D,RX,YJ,D
14:49:22,ICBP,RG,9850,1,F,YU,IP,D
14:49:22,ICBP,RG,9850,4,F,YU,CS,F
14:49:21,ICBP,RG,9850,11,F,YU,CS,F
14:49:21,ICBP,RG,9850,34,F,YU,YP,D
14:49:17,ICBP,RG,9850,13,F,YU,CS,F
14:49:17,ICBP,RG,9850,30,F,YU,YB,D
14:49:16,ICBP,RG,9875,20,D,RX,YJ,D
14:49:16,ICBP,RG,9850,1,F,YU,AK,F
14:49:12,ICBP,RG,9850,24,F,YU,CS,F
14:49:03,ICBP,RG,9850,5,F,YU,CS,F
14:49:02,ICBP,RG,9850,1,F,YU,YP,D
14:49:01,ICBP,RG,9850,9,F,YU,CS,F
14:49:00,ICBP,RG,9875,1,D,AK,YJ,D
14:49:00,ICBP,RG,9875,1,D,AK,YJ,D
14:49:00,ICBP,RG,9875,1,F,AK,YJ,D
14:49:00,ICBP,RG,9875,1,F,AK,YJ,D
14:49:00,ICBP,RG,9875,1,D,AK,YJ,D
14:49:00,ICBP,RG,9875,1,F,AK,YJ,D
14:48:56,ICBP,RG,9850,7,F,YU,CS,F
14:48:56,ICBP,RG,9850,70,F,YU,PD,D
14:48:56,ICBP,RG,9850,12,D,RX,PD,D
14:48:56,ICBP,RG,9850,8,F,AK,PD,D
14:48:56,ICBP,RG,9850,8,F,BK,PD,D
14:48:56,ICBP,RG,9850,21,F,BK,PD,D
14:48:55,ICBP,RG,9875,12,D,RX,YJ,D
14:48:53,ICBP,RG,9875,10,F,BK,YJ,D
14:48:52,ICBP,RG,9850,18,F,BK,CS,F
14:48:47,ICBP,RG,9875,12,D,RX,YJ,D
14:48:42,ICBP,RG,9875,3,D,AK,YJ,D
14:48:42,ICBP,RG,9850,20,F,BK,CS,F
14:48:42,ICBP,RG,9850,1,F,BK,DX,D
14:48:39,ICBP,RG,9875,17,D,RX,YJ,D
14:48:34,ICBP,RG,9850,1,F,BK,BB,D
14:48:33,ICBP,RG,9850,10,F,BK,YP,D
14:48:31,ICBP,RG,9850,17,F,BK,CS,F
14:48:30,ICBP,RG,9875,14,F,AK,YJ,D
14:48:30,ICBP,RG,9875,1,F,AK,YJ,D
14:48:27,ICBP,RG,9875,15,D,RX,YJ,D
14:48:26,ICBP,RG,9875,4,D,HP,YJ,D
14:48:25,ICBP,RG,9850,2,F,BK,NI,D
14:48:25,ICBP,RG,9850,3,F,BK,KZ,F
14:48:21,ICBP,RG,9850,7,F,BK,OK,D
14:48:17,ICBP,RG,9875,17,D,RX,YJ,D
14:48:15,ICBP,RG,9875,5,F,AK,YJ,D
14:48:15,ICBP,RG,9875,2,F,AK,YJ,D
14:48:09,ICBP,RG,9875,9,F,BK,YJ,D
14:48:06,ICBP,RG,9875,16,D,RX,YJ,D
14:48:04,ICBP,RG,9850,14,F,BK,KZ,D
14:48:04,ICBP,RG,9850,2,F,BK,PD,D
14:48:01,ICBP,RG,9850,19,F,BK,CS,F
14:48:00,ICBP,RG,9875,95,D,KZ,YJ,D
14:47:56,ICBP,RG,9875,15,D,RX,YJ,D
14:47:54,ICBP,RG,9875,1,D,RX,YJ,D
14:47:50,ICBP,RG,9850,14,F,BK,CS,F
14:47:43,ICBP,RG,9875,17,D,RX,YJ,D
14:47:41,ICBP,RG,9850,19,F,BK,CS,F
14:47:32,ICBP,RG,9850,1,F,BK,KK,D
14:47:32,ICBP,RG,9875,14,D,RX,YJ,D
14:47:31,ICBP,RG,9850,5,F,BK,CP,D
14:47:30,ICBP,RG,9875,620,D,CC,YJ,D
14:47:30,ICBP,RG,9875,5,D,CC,YP,D
14:47:30,ICBP,RG,9875,1,D,CC,PD,D
14:47:30,ICBP,RG,9875,1,D,CC,YP,D
14:47:30,ICBP,RG,9875,4,D,CC,PD,D
14:47:30,ICBP,RG,9875,10,D,CC,XC,D
14:47:30,ICBP,RG,9875,25,D,CC,NI,D
14:47:30,ICBP,RG,9875,10,D,CC,PD,D
14:47:30,ICBP,RG,9875,20,D,CC,XC,D
14:47:30,ICBP,RG,9875,5,D,CC,YP,D
14:47:30,ICBP,RG,9875,50,D,CC,KK,D
14:47:30,ICBP,RG,9875,10,D,CC,YP,D
14:47:30,ICBP,RG,9875,1,D,CC,YP,D
14:47:30,ICBP,RG,9875,5,D,CC,YP,D
14:47:30,ICBP,RG,9875,18,D,CC,KK,D
14:47:30,ICBP,RG,9875,31,D,CC,PD,D
14:47:29,ICBP,RG,9850,18,F,BK,CS,F
14:47:28,ICBP,RG,9875,9,F,BK,PD,D
14:47:23,ICBP,RG,9875,4,D,RX,PD,D
14:47:23,ICBP,RG,9875,1,D,RX,YP,D
14:47:23,ICBP,RG,9875,4,D,RX,PD,D
14:47:20,ICBP,RG,9850,10,F,BK,NI,D
14:47:18,ICBP,RG,9850,22,F,BK,CS,F
14:47:15,ICBP,RG,9850,53,F,BK,KK,D
14:47:15,ICBP,RG,9850,20,F,BK,SQ,D
14:47:06,ICBP,RG,9850,7,F,BK,PD,D
14:47:05,ICBP,RG,9850,12,F,BK,CS,F
14:47:05,ICBP,RG,9875,1,F,BK,CC,D
14:47:05,ICBP,RG,9875,5,F,BK,CC,D
14:47:05,ICBP,RG,9875,6,F,BK,PD,D
14:47:05,ICBP,RG,9875,5,F,BK,CC,D
14:47:05,ICBP,RG,9875,1,F,BK,PD,D
14:47:05,ICBP,RG,9875,50,F,BK,YP,D
14:47:05,ICBP,RG,9875,1,F,BK,PD,D
14:47:05,ICBP,RG,9875,3,F,BK,PD,D
14:47:05,ICBP,RG,9875,1,F,BK,YP,D
14:47:05,ICBP,RG,9875,11,F,BK,YP,D
14:47:05,ICBP,RG,9875,10,F,BK,PD,D
14:47:05,ICBP,RG,9875,1,F,BK,DX,D
14:47:05,ICBP,RG,9875,78,F,BK,YP,D
14:47:05,ICBP,RG,9875,1,F,BK,YB,D
14:47:05,ICBP,RG,9875,5,F,BK,NI,D
14:47:05,ICBP,RG,9875,100,F,BK,YP,D
14:47:05,ICBP,RG,9875,2,F,BK,GR,D
14:47:05,ICBP,RG,9875,1,F,BK,YP,D
14:47:05,ICBP,RG,9875,2,F,BK,DR,D
14:47:05,ICBP,RG,9875,1,F,BK,SQ,D
14:47:05,ICBP,RG,9875,1,F,BK,GR,D
14:47:05,ICBP,RG,9875,1,F,BK,PD,D
14:47:05,ICBP,RG,9875,3,F,BK,EP,D
14:47:05,ICBP,RG,9875,1,F,BK,PD,D
14:47:05,ICBP,RG,9875,7,F,BK,PD,D
14:47:05,ICBP,RG,9875,1,F,BK,CC,D
14:47:05,ICBP,RG,9875,1,F,BK,KK,D
14:47:05,ICBP,RG,9875,289,F,BK,YP,D
14:47:01,ICBP,RG,9850,6,F,BK,PD,D
14:47:01,ICBP,RG,9850,1,F,BK,PD,D
14:47:01,ICBP,RG,9875,8,F,BK,YP,D
14:47:00,ICBP,RG,9850,1,F,BK,CC,D
14:47:00,ICBP,RG,9875,1,D,CC,YP,D
14:46:58,ICBP,RG,9850,5,F,BK,KK,D
14:46:57,ICBP,RG,9850,17,F,BK,CS,F
14:46:57,ICBP,RG,9850,6,F,BK,AZ,D
14:46:47,ICBP,RG,9850,20,F,BK,CS,F
14:46:46,ICBP,RG,9875,16,D,CS,YP,D
14:46:45,ICBP,RG,9875,18,D,CS,YP,D
14:46:44,ICBP,RG,9850,10,F,BK,KK,D
14:46:44,ICBP,RG,9850,27,F,BK,XL,D
14:46:44,ICBP,RG,9850,3,D,AK,XL,D
14:46:38,ICBP,RG,9850,1,D,AK,CC,D
14:46:37,ICBP,RG,9875,9,D,CS,YP,D
14:46:37,ICBP,RG,9875,1,D,CS,YP,D
14:46:37,ICBP,RG,9875,4,D,CS,YP,D
14:46:35,ICBP,RG,9875,5,D,CS,YP,D
14:46:35,ICBP,RG,9875,3,D,CS,YP,D
14:46:35,ICBP,RG,9850,5,D,AK,CS,F
14:46:35,ICBP,RG,9850,2,D,BB,CS,F
14:46:35,ICBP,RG,9850,1,D,AK,CS,F
14:46:34,ICBP,RG,9875,20,D,CS,YP,D
14:46:34,ICBP,RG,9875,13,D,CS,YP,D
14:46:30,ICBP,RG,9875,3,D,CS,YP,D
14:46:30,ICBP,RG,9875,11,D,CS,YP,D
14:46:30,ICBP,RG,9850,2,D,AK,CS,F
14:46:30,ICBP,RG,9875,16,D,CS,YP,D
14:46:30,ICBP,RG,9850,3,D,AK,CS,F
14:46:28,ICBP,RG,9875,8,D,CS,YP,D
14:46:27,ICBP,RG,9875,21,D,CS,YP,D
14:46:27,ICBP,RG,9825,10,D,CC,CS,F
14:46:27,ICBP,RG,9875,49,D,CS,YP,D
14:46:27,ICBP,RG,9875,5,D,CS,YP,D
14:46:27,ICBP,RG,9875,1,D,CS,DR,D
14:46:27,ICBP,RG,9875,5,D,CS,AI,D
14:46:27,ICBP,RG,9875,10,D,CS,CC,D
14:46:27,ICBP,RG,9875,1,D,CS,XL,D
14:46:27,ICBP,RG,9875,1,D,CS,CC,D
14:46:27,ICBP,RG,9875,1,D,CS,SQ,D
14:46:27,ICBP,RG,9875,1,D,CS,YP,D
14:46:27,ICBP,RG,9875,10,D,CS,YP,D
14:46:27,ICBP,RG,9875,1,D,CS,YP,D
14:46:27,ICBP,RG,9875,2,D,CS,CC,D
14:46:16,ICBP,RG,9875,3,D,CS,CC,D
14:46:16,ICBP,RG,9875,3,D,CS,YP,D
14:46:16,ICBP,RG,9875,1,D,CS,YP,D
14:46:16,ICBP,RG,9875,1,D,CS,PD,D
14:46:16,ICBP,RG,9875,2,D,CS,DH,D
14:46:16,ICBP,RG,9875,1,D,CS,DR,D
14:46:16,ICBP,RG,9875,27,D,CS,GR,D
14:46:15,ICBP,RG,9875,23,D,CS,GR,D
14:46:15,ICBP,RG,9875,10,D,CS,CC,D
14:46:15,ICBP,RG,9875,1,D,CS,YP,D
14:46:15,ICBP,RG,9875,8,D,CS,KK,D
14:46:15,ICBP,RG,9875,3,D,CS,KK,D
14:46:15,ICBP,RG,9825,4,D,CC,YU,F
14:46:14,ICBP,RG,9825,5,D,CC,YU,F
14:46:10,ICBP,RG,9875,4,D,CS,KK,D
14:46:10,ICBP,RG,9875,2,D,CS,PD,D
14:46:10,ICBP,RG,9875,5,D,CS,YP,D
14:46:10,ICBP,RG,9875,1,D,CS,KK,D
14:46:10,ICBP,RG,9875,5,D,CS,PD,D
14:46:10,ICBP,RG,9875,1,D,CS,YP,D
14:46:10,ICBP,RG,9875,10,D,CS,PD,D
14:46:10,ICBP,RG,9875,1,D,CS,NI,D
14:46:10,ICBP,RG,9875,2,D,CS,NI,D
14:46:09,ICBP,RG,9875,2,D,CS,NI,D
14:46:09,ICBP,RG,9850,2,D,CS,YP,D
14:46:09,ICBP,RG,9850,2,D,CS,YP,D
14:46:05,ICBP,RG,9850,2,D,CS,XL,D
14:46:04,ICBP,RG,9850,8,D,CS,XL,D
14:46:04,ICBP,RG,9850,22,D,CS,XL,D
14:46:04,ICBP,RG,9850,2,D,CS,CS,F
14:46:04,ICBP,RG,9850,1,D,CS,SQ,D
14:46:04,ICBP,RG,9850,14,D,KZ,SQ,D
14:46:00,ICBP,RG,9850,12,D,CS,SQ,D
14:46:00,ICBP,RG,9850,1,D,CS,CC,D
14:46:00,ICBP,RG,9850,1,D,CS,CC,D
14:46:00,ICBP,RG,9850,4,D,CS,CS,F
14:46:00,ICBP,RG,9850,13,D,CS,CC,D
14:46:00,ICBP,RG,9825,1,D,CC,CC,D
14:46:00,ICBP,RG,9850,123,D,CC,CC,D
14:46:00,ICBP,RG,9850,2,D,CC,AK,F
14:46:00,ICBP,RG,9850,14,D,CC,CS,F
14:46:00,ICBP,RG,9850,10,D,CC,KK,D
14:46:00,ICBP,RG,9850,200,D,CC,AF,D
14:46:00,ICBP,RG,9850,27,D,CC,CC,D
14:46:00,ICBP,RG,9850,1,D,CC,NI,D
14:46:00,ICBP,RG,9850,100,D,CC,YP,D
14:46:00,ICBP,RG,9850,5,D,CC,YP,D
14:46:00,ICBP,RG,9850,5,D,CC,PD,D
14:46:00,ICBP,RG,9850,1,D,CC,XC,D
14:46:00,ICBP,RG,9850,7,D,CC,XL,D
14:46:00,ICBP,RG,9850,1,D,CC,PD,D
14:46:00,ICBP,RG,9850,5,D,CC,PD,D
14:46:00,ICBP,RG,9850,1,D,CC,SQ,D
14:46:00,ICBP,RG,9850,25,D,CC,CC,D
14:46:00,ICBP,RG,9850,95,D,CC,AI,D
14:46:00,ICBP,RG,9825,1,D,CC,CC,D
14:45:55,ICBP,RG,9850,42,D,CS,AI,D
14:45:55,ICBP,RG,9825,32,D,CC,CS,F
14:45:55,ICBP,RG,9850,26,D,CS,AI,D
14:45:45,ICBP,RG,9850,39,D,CS,AI,D
14:45:44,ICBP,RG,9850,26,D,CS,AI,D
14:45:35,ICBP,RG,9850,45,D,CS,AI,D
14:45:35,ICBP,RG,9825,80,D,CC,TP,D
14:45:34,ICBP,RG,9825,31,D,CC,CS,F
14:45:34,ICBP,RG,9850,24,D,CS,AI,D
14:45:24,ICBP,RG,9850,42,D,CS,AI,D
14:45:24,ICBP,RG,9850,30,D,CS,AI,D
14:45:14,ICBP,RG,9825,36,D,CC,CS,F
14:45:14,ICBP,RG,9850,41,D,CS,AI,D
14:45:12,ICBP,RG,9850,31,D,CS,AI,D
14:45:04,ICBP,RG,9850,17,D,CS,AI,D
14:45:00,ICBP,RG,9850,18,D,CS,AI,D
14:45:00,ICBP,RG,9850,38,D,CS,AI,D
14:45:00,ICBP,RG,9850,6,D,CC,AI,D
14:45:00,ICBP,RG,9850,30,D,CC,DH,D
14:45:00,ICBP,RG,9850,25,D,CC,FS,D
14:45:00,ICBP,RG,9850,10,D,CC,EP,D
14:45:00,ICBP,RG,9850,30,D,CC,DH,D
14:45:00,ICBP,RG,9850,2,D,CC,XL,D
14:45:00,ICBP,RG,9850,50,D,CC,CC,D
14:45:00,ICBP,RG,9850,1,D,CC,CC,D
14:45:00,ICBP,RG,9850,1,D,CC,CC,D
14:45:00,ICBP,RG,9850,3,D,CC,CC,D
14:45:00,ICBP,RG,9850,100,D,CC,YP,D
14:45:00,ICBP,RG,9850,76,D,CC,CC,D
14:45:00,ICBP,RG,9850,50,D,CC,ES,D
14:45:00,ICBP,RG,9850,5,D,CC,YP,D
14:44:54,ICBP,RG,9850,37,D,CS,YP,D
14:44:54,ICBP,RG,9850,1,D,OD,YP,D
14:44:52,ICBP,RG,9850,1,D,PD,YP,D
14:44:45,ICBP,RG,9825,29,D,CC,CC,D
14:44:44,ICBP,RG,9850,21,D,CS,YP,D
14:44:43,ICBP,RG,9825,1,D,CC,CS,F
14:44:43,ICBP,RG,9825,3,D,BB,CS,F
14:44:43,ICBP,RG,9825,17,D,CS,CS,F
14:44:43,ICBP,RG,9825,9,D,CS,CS,F
14:44:42,ICBP,RG,9825,14,D,CS,CC,D
14:44:42,ICBP,RG,9825,66,D,KZ,CC,D
14:44:38,ICBP,RG,9850,17,D,CS,YP,D
14:44:37,ICBP,RG,9825,1,D,KZ,CC,D
14:44:36,ICBP,RG,9825,47,D,KZ,CC,D
14:44:33,ICBP,RG,9850,38,D,CS,YP,D
14:44:33,ICBP,RG,9850,1,D,CS,PD,D
14:44:33,ICBP,RG,9850,4,D,CS,DH,D
14:44:24,ICBP,RG,9825,3,D,KZ,EP,D
14:44:23,ICBP,RG,9850,1,D,CS,DH,D
14:44:23,ICBP,RG,9850,10,D,CS,YP,D
14:44:23,ICBP,RG,9850,25,D,CS,GR,D
14:44:23,ICBP,RG,9850,5,D,CS,CC,D
14:44:23,ICBP,RG,9850,6,D,CS,BQ,D
14:44:20,ICBP,RG,9850,4,D,CS,BQ,D
14:44:20,ICBP,RG,9850,1,D,CS,KK,D
14:44:20,ICBP,RG,9850,3,D,CS,PD,D
14:44:20,ICBP,RG,9850,20,D,CS,TP,D
14:44:20,ICBP,RG,9850,11,D,PD,CC,D
14:44:20,ICBP,RG,9850,3,D,PD,PD,D
14:44:20,ICBP,RG,9850,2,D,PD,XC,D
14:44:20,ICBP,RG,9850,6,D,PD,KK,D
14:44:20,ICBP,RG,9850,1,D,PD,YP,D
14:44:20,ICBP,RG,9850,82,D,PD,PD,D
14:44:20,ICBP,RG,9850,3,D,PD,SQ,D
14:44:20,ICBP,RG,9850,5,D,PD,YP,D
14:44:20,ICBP,RG,9850,1,D,PD,LG,D
14:44:20,ICBP,RG,9850,6,D,PD,CC,D
14:44:20,ICBP,RG,9850,1,D,PD,DH,D
14:44:20,ICBP,RG,9850,7,D,PD,CC,D
14:44:20,ICBP,RG,9850,1,D,PD,CC,D
14:44:20,ICBP,RG,9850,2,D,PD,DR,D
14:44:20,ICBP,RG,9850,1,D,PD,PD,D
14:44:20,ICBP,RG,9850,50,D,PD,ZP,D
14:44:20,ICBP,RG,9850,2,D,PD,PD,D
14:44:20,ICBP,RG,9850,6,D,PD,PD,D
14:44:20,ICBP,RG,9850,14,D,PD,PD,D
14:44:20,ICBP,RG,9850,1,D,PD,PD,D
14:44:20,ICBP,RG,9850,50,D,PD,CC,D
14:44:20,ICBP,RG,9850,2,D,PD,PD,D
14:44:20,ICBP,RG,9850,2,D,PD,YP,D
14:44:20,ICBP,RG,9850,1,D,PD,CC,D
14:44:20,ICBP,RG,9850,5,D,PD,KK,D
14:44:20,ICBP,RG,9850,2,D,PD,SQ,D
14:44:20,ICBP,RG,9850,5,D,PD,NI,D
14:44:20,ICBP,RG,9850,11,D,PD,CC,D
14:44:20,ICBP,RG,9850,1,D,PD,DR,D
14:44:20,ICBP,RG,9850,1,D,PD,YP,D
14:44:20,ICBP,RG,9850,1,D,PD,XC,D
14:44:20,ICBP,RG,9850,155,D,PD,NI,D
14:44:20,ICBP,RG,9850,95,D,PD,NI,D
14:44:20,ICBP,RG,9850,1,D,PD,YP,D
14:44:20,ICBP,RG,9850,1,D,PD,DH,D
14:44:20,ICBP,RG,9850,2,D,PD,YP,D
14:44:20,ICBP,RG,9850,15,D,PD,YP,D
14:44:20,ICBP,RG,9850,5,D,PD,NI,D
14:44:20,ICBP,RG,9850,1,D,PD,YP,D
14:44:20,ICBP,RG,9850,1,D,PD,KZ,D
14:44:20,ICBP,RG,9850,2,D,PD,YP,D
14:44:20,ICBP,RG,9850,1,D,PD,KZ,F
14:44:20,ICBP,RG,9850,5,D,PD,YP,D
14:44:20,ICBP,RG,9850,6,D,PD,XC,D
14:44:20,ICBP,RG,9850,2,D,PD,EP,D
14:44:20,ICBP,RG,9850,1,D,PD,PD,D
14:44:20,ICBP,RG,9850,21,D,PD,HP,D
14:44:20,ICBP,RG,9850,150,D,PD,AG,D
14:44:20,ICBP,RG,9850,4,D,PD,YP,D
14:44:20,ICBP,RG,9850,6,D,PD,YP,D
14:44:20,ICBP,RG,9850,50,D,PD,ZP,D
14:44:20,ICBP,RG,9850,7,D,PD,PD,D
14:44:20,ICBP,RG,9850,6,D,PD,CC,D
14:44:20,ICBP,RG,9850,4,D,PD,CC,D
14:44:20,ICBP,RG,9850,10,D,PD,PD,D
14:44:20,ICBP,RG,9850,1,D,PD,PD,D
14:44:20,ICBP,RG,9850,5,D,PD,PD,D
14:44:20,ICBP,RG,9850,68,D,PD,YP,D
14:44:20,ICBP,RG,9850,32,D,PD,YP,D
14:44:20,ICBP,RG,9850,3,D,PD,YP,D
14:44:20,ICBP,RG,9850,1,D,PD,GR,D
14:44:20,ICBP,RG,9850,2,D,PD,KI,D
14:44:20,ICBP,RG,9850,10,D,PD,XC,D
14:44:20,ICBP,RG,9850,1,D,PD,XC,D
14:44:20,ICBP,RG,9850,1,D,PD,YP,D
14:44:20,ICBP,RG,9850,5,D,PD,TP,D
14:44:20,ICBP,RG,9850,1,D,PD,XC,D
14:44:20,ICBP,RG,9850,2,D,PD,LG,D
14:44:20,ICBP,RG,9850,2,D,PD,KK,D
14:44:20,ICBP,RG,9850,3,D,PD,LS,D
14:44:20,ICBP,RG,9850,10,D,PD,XA,D
14:44:20,ICBP,RG,9850,2,D,PD,YP,D
14:44:20,ICBP,RG,9850,1,D,PD,XL,D
14:44:20,ICBP,RG,9850,1,D,PD,KK,D
14:44:20,ICBP,RG,9850,2,D,PD,CC,D
14:44:20,ICBP,RG,9850,50,D,PD,IP,D
14:44:20,ICBP,RG,9850,1,D,PD,CC,D
14:44:20,ICBP,RG,9850,1,D,PD,PD,D
14:44:20,ICBP,RG,9850,1,D,PD,DR,D
14:44:20,ICBP,RG,9850,1,D,PD,YP,D
14:44:20,ICBP,RG,9850,30,D,PD,YP,D
14:44:20,ICBP,RG,9850,5,D,PD,XC,D
14:44:20,ICBP,RG,9850,11,D,PD,XL,D
14:44:20,ICBP,RG,9850,8,D,PD,YP,D
14:44:12,ICBP,RG,9850,2,D,CS,YP,D
14:44:12,ICBP,RG,9850,24,D,CS,MG,D
14:44:12,ICBP,RG,9850,14,D,CS,YP,D
14:44:01,ICBP,RG,9850,45,D,CS,YP,D
14:44:01,ICBP,RG,9850,41,D,CS,YP,D
14:44:01,ICBP,RG,9850,10,D,CS,PD,D
14:44:01,ICBP,RG,9850,32,D,CS,PD,D
14:44:01,ICBP,RG,9850,68,D,CC,PD,D
14:44:01,ICBP,RG,9850,1,D,CC,PD,D
14:44:01,ICBP,RG,9850,1,D,CC,PD,D
14:44:01,ICBP,RG,9850,5,D,CC,SQ,D
14:44:01,ICBP,RG,9850,100,D,CC,CC,D
14:44:01,ICBP,RG,9850,25,D,CC,SQ,D
14:44:01,ICBP,RG,9850,1,D,CC,YP,D
14:44:01,ICBP,RG,9850,100,D,CC,LG,D
14:44:01,ICBP,RG,9850,1,D,CC,CC,D
14:44:01,ICBP,RG,9850,1,D,CC,YP,D
14:44:01,ICBP,RG,9850,2,D,CC,PD,D
14:44:01,ICBP,RG,9850,100,D,CC,YP,D
14:44:01,ICBP,RG,9850,1,D,CC,KK,D
14:44:01,ICBP,RG,9850,5,D,CC,YP,D
14:44:01,ICBP,RG,9850,5,D,CC,PD,D
14:44:01,ICBP,RG,9850,50,D,CC,ZP,D
14:44:01,ICBP,RG,9850,14,D,CC,DH,D
14:44:01,ICBP,RG,9850,10,D,CC,YP,D
14:44:01,ICBP,RG,9850,20,D,CC,PD,D
14:44:01,ICBP,RG,9850,2,D,CC,DR,D
14:44:01,ICBP,RG,9850,30,D,CC,AI,D
14:44:01,ICBP,RG,9850,25,D,CC,PC,D
14:44:01,ICBP,RG,9850,10,D,CC,CC,D
14:44:01,ICBP,RG,9850,32,D,CC,NI,D
14:44:01,ICBP,RG,9850,5,D,CC,SQ,D
14:44:01,ICBP,RG,9850,3,D,CC,YP,D
14:44:01,ICBP,RG,9850,25,D,CC,YP,D
14:44:01,ICBP,RG,9850,1,D,CC,YP,D
14:44:01,ICBP,RG,9850,2,D,CC,YP,D
14:44:01,ICBP,RG,9850,1,D,CC,XC,D
14:44:01,ICBP,RG,9850,48,D,CC,NI,D
14:43:48,ICBP,RG,9850,37,D,CS,NI,D
14:43:45,ICBP,RG,9825,7,D,KZ,EP,D
14:43:43,ICBP,RG,9825,1,D,KZ,PD,D
14:43:39,ICBP,RG,9825,2,D,KZ,LG,D
14:43:39,ICBP,RG,9825,79,D,KZ,CC,D
14:43:39,ICBP,RG,9825,30,D,KZ,CC,D
14:43:39,ICBP,RG,9825,38,D,KZ,GR,D
14:43:39,ICBP,RG,9825,3,D,KZ,AK,F
14:43:39,ICBP,RG,9825,4,D,KZ,XC,D
14:43:37,ICBP,RG,9825,1,D,CS,XC,D
14:43:37,ICBP,RG,9825,18,D,CS,CS,F
14:43:34,ICBP,RG,9825,21,D,CS,CS,F
14:43:34,ICBP,RG,9825,28,D,CS,CS,F
14:43:34,ICBP,RG,9825,120,D,CS,CC,D
14:43:34,ICBP,RG,9825,135,D,CS,CC,D
14:43:34,ICBP,RG,9825,93,D,CS,CC,D
14:43:34,ICBP,RG,9825,27,D,CS,CC,D
14:43:32,ICBP,RG,9825,1,D,CS,CC,D
14:43:32,ICBP,RG,9825,22,D,CS,CC,D
14:43:32,ICBP,RG,9825,33,D,CS,CC,D
14:43:25,ICBP,RG,9800,13,F,KZ,YP,D
14:43:22,ICBP,RG,9825,45,D,CS,CC,D
14:43:21,ICBP,RG,9825,1,D,CS,CC,D
14:43:21,ICBP,RG,9825,52,D,CS,NI,D
14:43:12,ICBP,RG,9800,26,F,KZ,CS,F
14:43:12,ICBP,RG,9800,6,F,KZ,CS,F
14:43:11,ICBP,RG,9800,28,F,KZ,CS,F
14:43:06,ICBP,RG,9825,2,D,NI,NI,D
14:43:01,ICBP,RG,9825,44,D,CS,NI,D
14:42:40,ICBP,RG,9825,45,D,CS,NI,D
14:42:21,ICBP,RG,9800,56,F,KZ,CS,F
14:42:17,ICBP,RG,9800,10,F,KZ,PD,D
14:42:17,ICBP,RG,9800,1,D,XC,PD,D
14:41:47,ICBP,RG,9825,7,F,KK,NI,D
14:41:18,ICBP,RG,9825,44,D,BB,NI,D
14:41:18,ICBP,RG,9825,99,D,CS,NI,D
14:41:18,ICBP,RG,9825,78,F,YU,NI,D
14:41:18,ICBP,RG,9825,81,F,YU,NI,D
14:41:18,ICBP,RG,9825,48,D,CS,NI,D
14:41:14,ICBP,RG,9825,3,D,CS,CS,F
14:41:14,ICBP,RG,9825,7,D,CS,KZ,D
14:41:14,ICBP,RG,9825,28,D,BB,KZ,D
14:41:12,ICBP,RG,9825,1,D,BB,DH,D
14:41:11,ICBP,RG,9825,14,D,BB,CS,F
14:41:00,ICBP,RG,9825,10,D,BB,CS,F
14:41:00,ICBP,RG,9825,91,D,BB,CC,D
14:41:00,ICBP,RG,9825,4,D,AK,CC,D
14:41:00,ICBP,RG,9825,22,F,YU,CC,D
14:41:00,ICBP,RG,9825,36,F,YU,CC,D
14:41:00,ICBP,RG,9825,1,D,KZ,CC,D
14:41:00,ICBP,RG,9825,53,F,YU,CC,D
14:41:00,ICBP,RG,9825,56,F,YU,CC,D
14:41:00,ICBP,RG,9825,12,D,CS,CC,D
14:41:00,ICBP,RG,9825,22,F,AK,CC,D
14:40:51,ICBP,RG,9825,10,F,AK,CS,F
14:40:39,ICBP,RG,9825,1,F,AK,KZ,F
14:40:34,ICBP,RG,9825,3,F,AK,KZ,D
14:40:34,ICBP,RG,9825,1,F,AK,KZ,F
14:40:29,ICBP,RG,9825,5,F,AK,KZ,D
14:40:29,ICBP,RG,9825,6,F,AK,KZ,F
14:40:29,ICBP,RG,9825,6,F,BK,KZ,F
14:40:27,ICBP,RG,9825,10,F,BK,CS,F
14:40:27,ICBP,RG,9825,11,D,RX,CS,F
14:40:27,ICBP,RG,9825,533,D,RX,YP,D
14:40:27,ICBP,RG,9825,72,D,CS,YP,D
14:40:27,ICBP,RG,9825,444,D,BB,YP,D
14:40:27,ICBP,RG,9825,11,D,AK,YP,D
14:40:27,ICBP,RG,9825,24,F,AK,YP,D
14:40:27,ICBP,RG,9825,16,F,BK,YP,D
14:40:27,ICBP,RG,9825,97,D,CS,YP,D
14:40:27,ICBP,RG,9825,68,F,YU,YP,D
14:40:10,ICBP,RG,9825,26,F,YU,CS,F
14:40:02,ICBP,RG,9825,50,F,YU,PD,D
14:39:57,ICBP,RG,9825,2,F,YU,CP,D
14:39:55,ICBP,RG,9850,11,D,RX,NI,D
14:39:47,ICBP,RG,9850,3,D,HP,NI,D
14:39:45,ICBP,RG,9825,35,F,YU,CS,F
14:39:45,ICBP,RG,9825,447,F,YU,CD,D
14:39:42,ICBP,RG,9850,18,D,RX,NI,D
14:39:37,ICBP,RG,9850,83,D,CS,NI,D
14:39:37,ICBP,RG,9850,1,D,CS,BQ,D
14:39:37,ICBP,RG,9850,6,D,CS,XC,D
14:39:37,ICBP,RG,9850,4,D,CS,NI,D
14:39:37,ICBP,RG,9850,2,D,CS,XC,D
14:39:37,ICBP,RG,9850,10,D,CS,CC,D
14:39:37,ICBP,RG,9850,16,D,CS,ES,D
14:39:20,ICBP,RG,9850,9,D,RX,ES,D
14:39:17,ICBP,RG,9825,5,F,YU,NI,D
14:39:10,ICBP,RG,9825,329,F,YU,SQ,D
14:39:09,ICBP,RG,9850,16,D,RX,ES,D
14:38:49,ICBP,RG,9825,5,F,YU,YP,D
14:38:47,ICBP,RG,9850,9,D,RX,ES,D
14:38:41,ICBP,RG,9825,355,F,YU,ZP,D
14:38:41,ICBP,RG,9825,31,D,AK,ZP,D
14:38:41,ICBP,RG,9825,6,D,AK,ZP,D
14:38:41,ICBP,RG,9825,2,D,XC,ZP,D
14:38:41,ICBP,RG,9825,1,D,CS,ZP,D
14:38:41,ICBP,RG,9825,28,D,CS,ZP,D
14:38:41,ICBP,RG,9825,30,F,BK,ZP,D
14:38:41,ICBP,RG,9825,10,F,AK,ZP,D
14:38:41,ICBP,RG,9825,13,F,AK,ZP,D
14:38:41,ICBP,RG,9825,11,F,AK,ZP,D
14:38:41,ICBP,RG,9825,5,D,BB,ZP,D
14:38:41,ICBP,RG,9825,8,F,AK,ZP,D
14:38:36,ICBP,RG,9850,2,D,RX,ES,D
14:38:36,ICBP,RG,9850,1,D,RX,KK,D
14:38:36,ICBP,RG,9850,7,D,RX,DR,D
14:38:26,ICBP,RG,9850,2,D,BB,DR,D
14:38:26,ICBP,RG,9850,25,D,BB,XA,D
14:38:26,ICBP,RG,9850,5,D,BB,GR,D
14:38:26,ICBP,RG,9850,15,D,BB,PD,D
14:38:26,ICBP,RG,9850,5,D,BB,PD,D
14:38:26,ICBP,RG,9850,1,D,BB,CC,D
14:38:26,ICBP,RG,9850,1,D,BB,CC,D
14:38:26,ICBP,RG,9850,1,D,BB,CP,D
14:38:26,ICBP,RG,9850,25,D,BB,YP,D
14:38:26,ICBP,RG,9850,3,D,BB,SQ,D
14:38:26,ICBP,RG,9850,1,D,BB,PD,D
14:38:26,ICBP,RG,9850,5,D,BB,YP,D
14:38:26,ICBP,RG,9850,1,D,BB,TP,D
14:38:26,ICBP,RG,9850,10,D,BB,CC,D
14:38:26,ICBP,RG,9850,1,D,BB,GR,D
14:38:26,ICBP,RG,9850,5,D,BB,YP,D
14:38:26,ICBP,RG,9850,5,D,BB,PD,D
14:38:26,ICBP,RG,9850,1,D,BB,AG,D
14:38:26,ICBP,RG,9850,20,D,BB,OD,D
14:38:26,ICBP,RG,9850,1,D,BB,PD,D
14:38:26,ICBP,RG,9850,2,D,BB,LG,D
14:38:26,ICBP,RG,9850,5,D,BB,NI,D
14:38:26,ICBP,RG,9850,1,D,BB,YP,D
14:38:26,ICBP,RG,9850,1,D,BB,IF,D
14:38:26,ICBP,RG,9850,5,D,BB,YP,D
14:38:26,ICBP,RG,9850,1,D,BB,YP,D
14:38:26,ICBP,RG,9850,10,D,BB,SQ,D
14:38:26,ICBP,RG,9850,1,D,BB,YP,D
14:38:26,ICBP,RG,9850,2,D,BB,PD,D
14:38:26,ICBP,RG,9850,1,D,BB,XC,D
14:38:26,ICBP,RG,9850,5,D,BB,LG,D
14:38:26,ICBP,RG,9850,5,D,BB,CC,D
14:38:26,ICBP,RG,9850,10,D,BB,AZ,D
14:38:23,ICBP,RG,9850,14,D,RX,AZ,D
14:38:23,ICBP,RG,9850,5,D,RX,YP,D
14:38:23,ICBP,RG,9850,2,D,RX,SQ,D
14:38:23,ICBP,RG,9850,4,D,RX,EP,D
14:38:23,ICBP,RG,9850,10,D,RX,YP,D
14:38:23,ICBP,RG,9850,4,D,RX,NI,D
14:38:23,ICBP,RG,9850,5,D,RX,DH,D
14:38:23,ICBP,RG,9850,1,D,RX,TF,D
14:38:15,ICBP,RG,9825,4,F,AK,BB,D
14:38:14,ICBP,RG,9825,10,D,CS,BB,D
14:38:14,ICBP,RG,9825,6,D,CS,CC,D
14:38:14,ICBP,RG,9825,10,D,RX,CC,D
14:38:05,ICBP,RG,9825,8,D,CS,CC,D
14:38:01,ICBP,RG,9825,9,D,CS,CC,D
14:38:01,ICBP,RG,9825,10,D,RX,CC,D
14:37:56,ICBP,RG,9825,31,D,CS,CC,D
14:37:48,ICBP,RG,9850,10,D,RX,YP,D
14:37:46,ICBP,RG,9825,3,D,CS,AK,F
14:37:46,ICBP,RG,9825,1,D,CS,AK,F
14:37:37,ICBP,RG,9825,2,D,CS,AK,F
14:37:36,ICBP,RG,9850,9,D,CS,YP,D
14:37:36,ICBP,RG,9850,1,D,CS,PD,D
14:37:36,ICBP,RG,9850,3,D,CS,CC,D
14:37:36,ICBP,RG,9825,6,D,CS,BB,D
14:37:36,ICBP,RG,9825,1,D,CS,SQ,D
14:37:36,ICBP,RG,9825,19,D,PD,SQ,D
14:37:36,ICBP,RG,9825,8,D,PD,AK,F
14:37:36,ICBP,RG,9825,77,D,PD,CC,D
14:37:36,ICBP,RG,9825,96,D,PD,NI,D
14:37:36,ICBP,RG,9825,31,D,PD,NI,D
14:37:36,ICBP,RG,9825,142,D,PD,NI,D
14:37:36,ICBP,RG,9825,39,D,PD,NI,D
14:37:36,ICBP,RG,9825,84,D,PD,NI,D
14:37:36,ICBP,RG,9825,8,D,RX,NI,D
14:37:36,ICBP,RG,9825,8,D,RX,CC,D
14:37:29,ICBP,RG,9825,1,D,GR,CC,D
14:37:28,ICBP,RG,9825,9,F,BK,CC,D
14:37:25,ICBP,RG,9825,39,D,CS,CC,D
14:37:14,ICBP,RG,9825,34,D,RX,CC,D
14:37:10,ICBP,RG,9825,10,F,YU,CC,D
14:37:10,ICBP,RG,9825,1,F,YU,DH,D
14:37:10,ICBP,RG,9825,2,F,YU,CC,D
14:37:10,ICBP,RG,9825,29,F,YU,BB,D
14:37:04,ICBP,RG,9825,24,D,CS,BB,D
14:37:04,ICBP,RG,9825,3,D,CS,AK,F
14:37:04,ICBP,RG,9825,1,D,CS,DH,D
14:37:04,ICBP,RG,9825,9,D,CS,CC,D
14:36:43,ICBP,RG,9825,1,D,CS,CC,D
14:36:43,ICBP,RG,9825,24,D,CS,CC,D
14:36:42,ICBP,RG,9825,54,F,YU,CC,D
14:36:35,ICBP,RG,9800,70,F,YU,DH,D
14:36:31,ICBP,RG,9825,2,D,RX,CC,D
14:36:31,ICBP,RG,9825,7,D,RX,CC,D
14:36:30,ICBP,RG,9825,15,D,CS,CC,D
14:36:22,ICBP,RG,9825,18,D,CS,CC,D
14:36:19,ICBP,RG,9825,10,D,RX,CC,D
14:36:17,ICBP,RG,9825,27,F,YU,CC,D
14:36:17,ICBP,RG,9825,6,F,YU,KK,D
14:36:12,ICBP,RG,9825,4,D,CS,KK,D
14:36:12,ICBP,RG,9825,15,D,CS,CD,D
14:36:06,ICBP,RG,9825,10,D,RX,CD,D
14:36:01,ICBP,RG,9825,19,D,CS,CD,D
14:35:54,ICBP,RG,9825,9,D,RX,CD,D
14:35:51,ICBP,RG,9825,14,D,CS,CD,D
14:35:44,ICBP,RG,9825,22,D,CS,CD,D
14:35:44,ICBP,RG,9825,11,F,YU,CD,D
14:35:44,ICBP,RG,9825,30,F,YU,ZP,D
14:35:44,ICBP,RG,9825,3,F,YU,AK,F
14:35:44,ICBP,RG,9825,1,F,YU,GR,D
14:35:44,ICBP,RG,9825,10,F,YU,BB,D
14:35:44,ICBP,RG,9825,10,F,YU,KZ,F
14:35:44,ICBP,RG,9825,29,F,YU,KZ,D
14:35:44,ICBP,RG,9825,5,F,YU,AK,F
14:35:44,ICBP,RG,9825,69,F,YU,NI,D
14:35:41,ICBP,RG,9825,8,D,RX,NI,D
14:35:36,ICBP,RG,9800,17,F,YU,AG,D
14:35:36,ICBP,RG,9800,3,F,AK,AG,D
14:35:31,ICBP,RG,9825,29,D,CS,NI,D
14:35:19,ICBP,RG,9825,179,D,KZ,NI,D
14:35:15,ICBP,RG,9825,29,D,CS,NI,D
14:35:15,ICBP,RG,9825,186,D,PD,NI,D
14:35:15,ICBP,RG,9825,15,D,PD,CC,D
14:35:15,ICBP,RG,9825,31,D,PD,CC,D
14:35:15,ICBP,RG,9825,45,D,PD,CC,D
14:35:15,ICBP,RG,9825,20,D,PD,PD,D
14:35:15,ICBP,RG,9825,1,D,PD,SH,D
14:35:15,ICBP,RG,9825,4,D,PD,YP,D
14:35:15,ICBP,RG,9825,1,D,PD,BQ,D
14:35:15,ICBP,RG,9825,2,D,PD,CC,D
14:35:15,ICBP,RG,9825,70,D,PD,CC,D
14:35:15,ICBP,RG,9825,39,D,PD,CC,D
14:35:15,ICBP,RG,9825,85,D,PD,CC,D
14:35:09,ICBP,RG,9800,10,F,AK,AG,D
14:35:09,ICBP,RG,9800,6,F,BK,AG,D
14:35:09,ICBP,RG,9800,14,F,YU,AG,D
14:35:03,ICBP,RG,9800,30,F,YU,AG,D
14:35:00,ICBP,RG,9825,47,D,CS,CC,D
14:34:58,ICBP,RG,9800,30,F,YU,AG,D
14:34:39,ICBP,RG,9825,58,D,RX,CC,D
14:34:30,ICBP,RG,9825,49,D,CS,CC,D
14:34:06,ICBP,RG,9825,25,D,RX,CC,D
14:34:05,ICBP,RG,9825,135,D,PD,CC,D
14:34:05,ICBP,RG,9825,5,D,PD,PD,D
14:34:05,ICBP,RG,9825,44,D,PD,CC,D
14:34:05,ICBP,RG,9825,218,D,PD,PD,D
14:34:05,ICBP,RG,9825,62,D,PD,PD,D
14:34:05,ICBP,RG,9825,240,D,PD,PD,D
14:34:05,ICBP,RG,9825,25,D,PD,CC,D
14:34:05,ICBP,RG,9825,20,D,PD,PD,D
14:34:05,ICBP,RG,9825,24,D,PD,CC,D
14:34:05,ICBP,RG,9825,1,D,PD,AO,D
14:34:05,ICBP,RG,9825,54,D,PD,CD,D
14:34:05,ICBP,RG,9825,46,D,PD,CD,D
14:34:05,ICBP,RG,9825,6,D,PD,AK,F
14:34:05,ICBP,RG,9825,40,D,PD,DH,D
14:34:05,ICBP,RG,9825,78,D,PD,CC,D
14:34:00,ICBP,RG,9825,50,D,CS,CC,D
14:34:00,ICBP,RG,9825,14,D,CS,CD,D
14:33:55,ICBP,RG,9825,82,D,BB,CD,D
14:33:51,ICBP,RG,9800,15,F,YU,OD,D
14:33:43,ICBP,RG,9800,20,F,YU,AG,D
14:33:29,ICBP,RG,9800,50,F,YU,AG,D
14:33:23,ICBP,RG,9800,50,F,YU,AG,D
14:33:19,ICBP,RG,9825,80,D,CS,CD,D
14:33:19,ICBP,RG,9825,3,D,CS,KK,D
14:33:10,ICBP,RG,9800,2,F,YU,EP,D
14:33:00,ICBP,RG,9800,10,F,YU,CC,D
14:33:00,ICBP,RG,9800,9,F,BK,CC,D
14:33:00,ICBP,RG,9800,1,D,HP,CC,D
14:33:00,ICBP,RG,9800,1,D,HP,CC,D
14:33:00,ICBP,RG,9800,11,F,KZ,CC,D
14:33:00,ICBP,RG,9800,5,F,AK,CC,D
14:32:39,ICBP,RG,9800,9,F,AK,AG,D
14:32:39,ICBP,RG,9800,9,F,BK,AG,D
14:32:39,ICBP,RG,9800,2,F,KZ,AG,D
14:32:34,ICBP,RG,9825,7,F,AK,KK,D
14:32:34,ICBP,RG,9825,17,F,AK,ZP,D
14:32:27,ICBP,RG,9825,33,D,CS,ZP,D
14:32:27,ICBP,RG,9825,4,D,CS,NI,D
14:32:27,ICBP,RG,9825,4,D,CS,AK,F
14:32:27,ICBP,RG,9825,2,D,CS,XC,D
14:32:27,ICBP,RG,9825,29,D,CS,CC,D
14:32:00,ICBP,RG,9825,1,D,PD,CC,D
14:32:00,ICBP,RG,9825,139,D,PD,CC,D
14:32:00,ICBP,RG,9825,9,D,PD,KZ,F
14:32:00,ICBP,RG,9825,30,D,PD,KZ,D
14:32:00,ICBP,RG,9825,1,D,PD,PD,D
14:32:00,ICBP,RG,9825,21,D,PD,CC,D
14:32:00,ICBP,RG,9825,31,D,PD,CC,D
14:32:00,ICBP,RG,9825,33,D,PD,CC,D
14:32:00,ICBP,RG,9825,1,D,PD,BQ,D
14:32:00,ICBP,RG,9825,1,D,PD,KK,D
14:32:00,ICBP,RG,9825,2,D,PD,CC,D
14:32:00,ICBP,RG,9825,106,D,PD,NI,D
14:32:00,ICBP,RG,9825,39,D,PD,NI,D
14:32:00,ICBP,RG,9825,84,D,PD,NI,D
14:32:00,ICBP,RG,9800,8,F,KZ,CC,D
14:32:00,ICBP,RG,9800,19,D,AK,CC,D
14:32:00,ICBP,RG,9800,4,F,KZ,CC,D
14:32:00,ICBP,RG,9800,9,F,BK,CC,D
14:32:00,ICBP,RG,9800,7,F,KZ,CC,D
14:32:00,ICBP,RG,9800,8,D,AK,CC,D
14:32:00,ICBP,RG,9800,5,D,CC,CC,D
14:32:00,ICBP,RG,9800,69,F,KZ,CC,D
14:32:00,ICBP,RG,9800,2,F,KZ,CC,D
14:31:09,ICBP,RG,9825,1,D,CC,NI,D
14:31:00,ICBP,RG,9800,3,F,KZ,CC,D
14:31:00,ICBP,RG,9800,22,F,YU,CC,D
14:30:45,ICBP,RG,9800,1,F,YU,PD,D
14:30:40,ICBP,RG,9800,16,F,YU,AZ,D
14:30:30,ICBP,RG,9825,8,D,PD,NI,D
14:30:19,ICBP,RG,9825,226,D,KZ,NI,D
14:30:15,ICBP,RG,9825,36,D,CS,NI,D
14:30:15,ICBP,RG,9825,2,D,CS,XC,D
14:30:15,ICBP,RG,9825,89,D,CS,CC,D
14:30:15,ICBP,RG,9825,2,D,CS,NI,D
14:30:15,ICBP,RG,9825,5,D,CS,YP,D
14:30:15,ICBP,RG,9825,13,D,CS,PD,D
14:30:15,ICBP,RG,9825,30,D,CS,CC,D
14:30:15,ICBP,RG,9825,38,D,CS,CC,D
14:29:54,ICBP,RG,9825,3,D,EP,CC,D
14:29:40,ICBP,RG,9800,2,F,YU,YP,D
14:29:35,ICBP,RG,9800,16,F,YU,AZ,D
14:29:32,ICBP,RG,9800,3,F,YU,BB,D
14:29:25,ICBP,RG,9800,81,F,YU,CD,D
14:29:25,ICBP,RG,9800,10,F,BK,CD,D
14:29:25,ICBP,RG,9800,92,F,KZ,CD,D
14:29:25,ICBP,RG,9800,151,D,RX,CD,D
14:29:25,ICBP,RG,9800,62,D,RX,BB,D
14:29:19,ICBP,RG,9800,48,D,RX,CC,D
14:29:19,ICBP,RG,9800,30,D,KZ,CC,D
14:29:19,ICBP,RG,9800,20,F,AK,CC,D
14:29:19,ICBP,RG,9800,152,F,BK,CC,D
14:29:10,ICBP,RG,9800,1,F,BK,KK,D
14:29:06,ICBP,RG,9800,42,F,BK,BB,D
14:29:06,ICBP,RG,9800,8,F,KZ,BB,D
14:29:00,ICBP,RG,9800,27,F,KZ,BB,D
14:29:00,ICBP,RG,9800,121,F,KZ,CC,D
14:29:00,ICBP,RG,9800,61,F,KZ,CC,D
14:29:00,ICBP,RG,9800,4,F,KZ,CC,D
14:29:00,ICBP,RG,9800,9,F,BK,CC,D
14:29:00,ICBP,RG,9800,5,F,KZ,CC,D
14:29:00,ICBP,RG,9800,108,F,KZ,CC,D
14:28:47,ICBP,RG,9825,10,D,RX,CC,D
14:28:46,ICBP,RG,9825,8,F,BK,CC,D
14:28:33,ICBP,RG,9825,10,D,RX,CC,D
14:28:14,ICBP,RG,9825,7,D,HP,CC,D
14:28:08,ICBP,RG,9800,60,F,KZ,CC,D
14:28:08,ICBP,RG,9800,96,F,KZ,CC,D
14:27:39,ICBP,RG,9800,12,F,KZ,AZ,D
14:27:37,ICBP,RG,9825,8,F,BK,CC,D
14:27:07,ICBP,RG,9825,47,D,BB,CC,D
14:27:07,ICBP,RG,9825,5,D,BB,YP,D
14:27:07,ICBP,RG,9825,108,D,BB,CC,D
14:27:00,ICBP,RG,9800,125,F,KZ,CC,D
14:26:32,ICBP,RG,9825,8,D,RX,CC,D
14:26:20,ICBP,RG,9825,4,D,RX,CC,D
14:26:20,ICBP,RG,9825,3,D,RX,AK,F
14:26:20,ICBP,RG,9825,20,D,RX,PD,D
14:26:20,ICBP,RG,9825,23,D,RX,NI,D
14:26:18,ICBP,RG,9825,9,F,BK,NI,D
14:25:09,ICBP,RG,9825,92,D,RX,NI,D
14:25:08,ICBP,RG,9825,8,F,BK,NI,D
14:24:50,ICBP,RG,9825,16,D,RX,NI,D
14:24:35,ICBP,RG,9800,1,F,KZ,SQ,D
14:24:29,ICBP,RG,9825,11,D,RX,NI,D
14:23:53,ICBP,RG,9825,9,F,BK,NI,D
14:23:33,ICBP,RG,9800,10,F,KZ,YP,D
14:22:38,ICBP,RG,9825,61,D,RX,NI,D
14:22:34,ICBP,RG,9825,120,D,EP,NI,D
14:22:31,ICBP,RG,9825,9,F,BK,NI,D
14:21:22,ICBP,RG,9825,53,D,RX,NI,D
14:21:20,ICBP,RG,9825,89,D,PD,NI,D
14:21:20,ICBP,RG,9825,31,D,PD,YP,D
14:21:20,ICBP,RG,9825,18,D,PD,YP,D
14:21:20,ICBP,RG,9825,3,D,PD,YP,D
14:21:20,ICBP,RG,9825,80,D,PD,CC,D
14:21:20,ICBP,RG,9825,2,D,PD,CC,D
14:21:20,ICBP,RG,9825,10,D,PD,CC,D
14:21:20,ICBP,RG,9825,1,D,PD,YP,D
14:21:20,ICBP,RG,9825,1,D,PD,SQ,D
14:21:20,ICBP,RG,9825,6,D,PD,KZ,F
14:21:20,ICBP,RG,9825,5,D,PD,BB,D
14:21:20,ICBP,RG,9825,15,D,PD,BB,D
14:21:20,ICBP,RG,9825,36,D,PD,CC,D
14:21:17,ICBP,RG,9800,2,F,KZ,XC,D
14:19:59,ICBP,RG,9800,1,F,KZ,XL,D
14:19:00,ICBP,RG,9800,35,F,KZ,CC,D
14:17:38,ICBP,RG,9825,1,D,XL,YP,D
14:17:35,ICBP,RG,9825,119,D,KZ,YP,D
14:17:35,ICBP,RG,9825,9,F,BK,YP,D
14:17:35,ICBP,RG,9825,114,F,YU,YP,D
14:17:35,ICBP,RG,9825,9,D,AK,YP,D
14:17:35,ICBP,RG,9825,5,D,NI,YP,D
14:17:35,ICBP,RG,9825,63,D,PD,YP,D
14:17:34,ICBP,RG,9825,17,D,PD,KZ,D
14:17:15,ICBP,RG,9825,5,D,PD,NI,D
14:16:57,ICBP,RG,9825,9,D,PD,YP,D
14:16:37,ICBP,RG,9825,24,D,PD,YP,D
14:16:17,ICBP,RG,9825,5,D,PD,YP,D
14:16:13,ICBP,RG,9825,3,D,PD,YP,D
14:16:01,ICBP,RG,9825,1,D,PD,PD,D
14:16:00,ICBP,RG,9825,74,D,PD,ES,D
14:16:00,ICBP,RG,9825,26,D,PD,ES,D
14:16:00,ICBP,RG,9825,5,D,PD,YP,D
14:16:00,ICBP,RG,9825,1,D,PD,YP,D
14:16:00,ICBP,RG,9825,10,D,PD,YP,D
14:16:00,ICBP,RG,9825,89,D,PD,CC,D
14:16:00,ICBP,RG,9825,1,D,PD,BQ,D
14:16:00,ICBP,RG,9825,14,D,PD,BB,D
14:16:00,ICBP,RG,9825,27,D,PD,IP,D
14:16:00,ICBP,RG,9825,23,D,PD,IP,D
14:16:00,ICBP,RG,9825,8,D,PD,KK,D
14:16:00,ICBP,RG,9825,8,D,PD,CC,D
14:16:00,ICBP,RG,9825,1,D,PD,CC,D
14:16:00,ICBP,RG,9825,3,D,PD,AK,F
14:16:00,ICBP,RG,9825,81,D,PD,NI,D
14:15:52,ICBP,RG,9800,48,F,KZ,SQ,D
14:15:52,ICBP,RG,9800,196,F,BK,SQ,D
14:15:52,ICBP,RG,9800,156,F,KZ,SQ,D
14:14:54,ICBP,RG,9800,73,F,KZ,CC,D
14:14:54,ICBP,RG,9800,82,F,KZ,CC,D
14:14:54,ICBP,RG,9800,121,F,KZ,CC,D
14:14:54,ICBP,RG,9800,146,F,KZ,CC,D
14:14:54,ICBP,RG,9800,188,F,KZ,NI,D
14:14:53,ICBP,RG,9800,29,F,AK,NI,D
14:14:53,ICBP,RG,9800,6,F,KZ,NI,D
14:14:53,ICBP,RG,9800,1,D,PD,NI,D
14:14:53,ICBP,RG,9800,13,F,AK,NI,D
14:14:53,ICBP,RG,9800,77,F,KZ,NI,D
14:14:53,ICBP,RG,9800,156,F,KZ,NI,D
14:14:53,ICBP,RG,9800,14,F,KZ,NI,D
14:14:53,ICBP,RG,9800,28,D,RX,NI,D
14:14:53,ICBP,RG,9800,5,F,KZ,NI,D
14:14:53,ICBP,RG,9800,9,F,BK,NI,D
14:14:53,ICBP,RG,9800,9,F,KZ,NI,D
14:14:53,ICBP,RG,9800,20,D,KK,NI,D
14:14:53,ICBP,RG,9800,1,F,KZ,NI,D
14:14:53,ICBP,RG,9800,1,D,XC,NI,D
14:14:53,ICBP,RG,9800,18,F,KZ,NI,D
14:14:53,ICBP,RG,9800,30,F,YU,NI,D
14:14:53,ICBP,RG,9800,41,D,AK,NI,D
14:14:53,ICBP,RG,9800,20,D,SQ,NI,D
14:14:53,ICBP,RG,9800,14,D,KZ,NI,D
14:14:53,ICBP,RG,9800,10,F,AK,NI,D
14:14:53,ICBP,RG,9800,24,F,KZ,NI,D
14:14:53,ICBP,RG,9800,1,F,KZ,NI,D
14:14:53,ICBP,RG,9800,33,F,KZ,NI,D
14:14:53,ICBP,RG,9800,14,F,KZ,NI,D
14:14:53,ICBP,RG,9800,238,F,KZ,NI,D
14:14:43,ICBP,RG,9800,1,F,KZ,YP,D
14:13:55,ICBP,RG,9825,2,D,HP,NI,D
14:13:49,ICBP,RG,9800,8,F,KZ,BB,D
14:13:47,ICBP,RG,9825,30,D,ZP,NI,D
14:13:40,ICBP,RG,9800,5,F,KZ,BB,D
14:13:34,ICBP,RG,9800,15,F,KZ,KZ,D
14:13:34,ICBP,RG,9800,5,F,KZ,KZ,F
14:13:24,ICBP,RG,9800,5,F,KZ,BB,D
14:13:09,ICBP,RG,9800,4,F,KZ,BB,D
14:13:09,ICBP,RG,9825,20,D,HP,NI,D
14:13:04,ICBP,RG,9825,18,D,PD,NI,D
14:12:19,ICBP,RG,9825,7,F,AK,NI,D
14:12:19,ICBP,RG,9825,10,F,BK,NI,D
14:12:19,ICBP,RG,9825,9,F,BK,NI,D
14:12:19,ICBP,RG,9825,140,F,YU,NI,D
14:12:19,ICBP,RG,9825,213,F,BK,NI,D
14:12:19,ICBP,RG,9825,9,F,BK,NI,D
14:12:19,ICBP,RG,9825,9,D,AK,NI,D
14:12:19,ICBP,RG,9825,10,D,AK,NI,D
14:12:19,ICBP,RG,9825,7,F,AK,NI,D
14:12:19,ICBP,RG,9825,8,F,AK,NI,D
14:12:19,ICBP,RG,9825,193,D,RX,NI,D
14:12:19,ICBP,RG,9825,11,F,BK,NI,D
14:12:19,ICBP,RG,9825,11,F,ZP,NI,D
14:12:19,ICBP,RG,9825,212,F,YU,NI,D
14:12:18,ICBP,RG,9850,1,D,HP,CC,D
14:12:17,ICBP,RG,9850,1,D,RX,CC,D
14:12:17,ICBP,RG,9850,5,D,RX,YP,D
14:12:17,ICBP,RG,9850,1,D,RX,XC,D
14:12:17,ICBP,RG,9850,3,D,RX,YP,D
14:12:13,ICBP,RG,9825,10,F,YU,YP,D
14:12:06,ICBP,RG,9825,1,F,YU,CC,D
14:12:01,ICBP,RG,9850,7,D,RX,YP,D
14:12:01,ICBP,RG,9850,1,D,RX,PD,D
14:12:00,ICBP,RG,9850,2,F,AK,PD,D
14:12:00,ICBP,RG,9850,7,F,AK,YP,D
14:11:47,ICBP,RG,9850,3,D,RX,YP,D
14:11:47,ICBP,RG,9850,5,D,RX,YP,D
14:11:47,ICBP,RG,9850,3,D,RX,LG,D
14:11:44,ICBP,RG,9825,27,F,YU,CD,D
14:11:44,ICBP,RG,9825,219,F,BK,CD,D
14:11:44,ICBP,RG,9825,3,F,ZP,CD,D
14:11:44,ICBP,RG,9825,85,D,KZ,CD,D
14:11:36,ICBP,RG,9825,1,D,KZ,XC,D
14:11:30,ICBP,RG,9850,17,D,RX,LG,D
14:11:30,ICBP,RG,9850,5,D,RX,YB,D
14:11:25,ICBP,RG,9825,1,D,KZ,XC,D
14:10:55,ICBP,RG,9850,10,D,RX,YB,D
14:10:41,ICBP,RG,9825,3,D,KZ,CC,D
14:10:41,ICBP,RG,9825,20,F,BK,CC,D
14:10:39,ICBP,RG,9850,9,D,RX,YB,D
14:10:32,ICBP,RG,9825,4,F,BK,DH,D
14:10:28,ICBP,RG,9825,2,F,BK,PD,D
14:10:25,ICBP,RG,9825,3,D,XC,LG,D
14:10:02,ICBP,RG,9825,5,D,XC,NI,D
14:09:59,ICBP,RG,9825,2,D,XC,NI,D
14:09:52,ICBP,RG,9850,24,D,RX,YB,D
14:09:52,ICBP,RG,9850,21,D,RX,PD,D
14:09:36,ICBP,RG,9850,19,D,RX,PD,D
14:09:36,ICBP,RG,9850,5,D,RX,YP,D
14:09:36,ICBP,RG,9850,5,D,RX,KK,D
14:09:19,ICBP,RG,9825,2,F,ZP,DR,D
14:09:19,ICBP,RG,9825,14,F,ZP,CC,D
14:09:19,ICBP,RG,9825,35,F,ZP,CC,D
14:09:19,ICBP,RG,9825,1,F,ZP,NI,D
14:09:19,ICBP,RG,9825,1,F,ZP,PD,D
14:09:19,ICBP,RG,9825,1,F,ZP,XC,D
14:09:19,ICBP,RG,9825,33,F,ZP,CC,D
14:09:19,ICBP,RG,9825,2,F,ZP,CC,D
14:09:19,ICBP,RG,9825,57,D,KZ,CC,D
14:09:19,ICBP,RG,9825,1,D,KZ,CC,D
14:09:19,ICBP,RG,9825,10,D,KZ,SQ,D
14:09:19,ICBP,RG,9825,10,D,KZ,TP,D
14:09:19,ICBP,RG,9825,2,D,KZ,YP,D
14:09:19,ICBP,RG,9825,2,D,KZ,GR,D
14:09:19,ICBP,RG,9825,3,D,KZ,YP,D
14:09:19,ICBP,RG,9825,10,D,KZ,YP,D
14:09:19,ICBP,RG,9825,1,D,KZ,XC,D
14:09:19,ICBP,RG,9825,10,D,KZ,YP,D
14:09:19,ICBP,RG,9825,1,D,KZ,CC,D
14:09:19,ICBP,RG,9825,5,D,KZ,AI,D
14:09:19,ICBP,RG,9825,10,D,KZ,HP,D
14:09:19,ICBP,RG,9825,3,D,KZ,KZ,D
14:09:19,ICBP,RG,9825,1,D,KZ,YP,D
14:09:18,ICBP,RG,9825,4,F,ZP,YP,D
14:09:18,ICBP,RG,9825,2,F,ZP,XC,D
14:09:18,ICBP,RG,9825,7,F,ZP,CC,D
14:09:18,ICBP,RG,9825,8,F,BK,CC,D
14:09:18,ICBP,RG,9825,1,F,BK,NI,D
14:09:18,ICBP,RG,9825,6,F,ZP,NI,D
14:09:17,ICBP,RG,9825,146,F,ZP,NI,D
14:09:17,ICBP,RG,9825,68,F,ZP,NI,D
14:09:16,ICBP,RG,9825,79,F,BK,NI,D
14:09:16,ICBP,RG,9825,1,F,BK,YP,D
14:09:16,ICBP,RG,9825,5,F,BK,KK,D
14:09:16,ICBP,RG,9825,2,F,BK,KZ,D
14:09:16,ICBP,RG,9825,1,F,BK,KZ,F
14:09:16,ICBP,RG,9825,1,F,BK,NI,D
14:09:16,ICBP,RG,9825,17,F,BK,KK,D
14:09:16,ICBP,RG,9825,1,F,BK,PD,D
14:09:16,ICBP,RG,9825,5,F,BK,YP,D
14:09:16,ICBP,RG,9825,10,F,BK,YP,D
14:09:16,ICBP,RG,9825,171,F,BK,SQ,D
14:09:16,ICBP,RG,9825,2,F,BK,YP,D
14:09:16,ICBP,RG,9825,1,F,BK,HP,D
14:09:16,ICBP,RG,9825,2,F,BK,YP,D
14:09:16,ICBP,RG,9825,50,F,BK,PD,D
14:09:16,ICBP,RG,9825,5,F,BK,SQ,D
14:09:16,ICBP,RG,9825,4,F,BK,XC,D
14:09:16,ICBP,RG,9825,1,F,BK,YP,D
14:09:16,ICBP,RG,9825,171,F,BK,EP,D
14:09:16,ICBP,RG,9825,5,F,BK,TP,D
14:09:16,ICBP,RG,9825,500,F,BK,GR,F
14:09:16,ICBP,RG,9825,1,F,BK,KK,D
14:09:16,ICBP,RG,9825,2,F,BK,PD,D
14:09:16,ICBP,RG,9825,4,F,BK,OD,D
14:09:16,ICBP,RG,9825,2,F,BK,PD,D
14:09:16,ICBP,RG,9825,5,F,BK,NI,D
14:09:16,ICBP,RG,9825,500,F,BK,NI,D
14:09:16,ICBP,RG,9825,20,F,BK,KK,D
14:09:16,ICBP,RG,9825,35,F,BK,CC,D
14:09:16,ICBP,RG,9825,1,F,BK,YP,D
14:09:16,ICBP,RG,9825,2,F,BK,PD,D
14:09:16,ICBP,RG,9825,9,F,BK,PD,D
14:09:16,ICBP,RG,9825,10,F,BK,NI,D
14:09:16,ICBP,RG,9825,4,F,BK,NI,D
14:09:16,ICBP,RG,9825,14,F,BK,DH,D
14:09:16,ICBP,RG,9825,85,F,BK,PD,D
14:09:16,ICBP,RG,9825,1,F,BK,KK,D
14:09:16,ICBP,RG,9825,30,F,BK,PC,D
14:09:16,ICBP,RG,9825,1,F,BK,XC,D
14:09:16,ICBP,RG,9825,200,F,BK,CC,D
14:09:16,ICBP,RG,9825,20,F,BK,YP,D
14:09:16,ICBP,RG,9825,5,F,BK,YP,D
14:09:16,ICBP,RG,9825,1,F,BK,PD,D
14:09:16,ICBP,RG,9825,40,F,BK,CC,D
14:09:16,ICBP,RG,9825,1,F,BK,KK,D
14:09:16,ICBP,RG,9825,200,F,BK,NI,D
14:09:16,ICBP,RG,9825,165,F,BK,CC,D
14:09:16,ICBP,RG,9825,1,F,BK,BQ,D
14:09:16,ICBP,RG,9825,5,F,BK,KK,D
14:09:16,ICBP,RG,9825,2,F,BK,PD,D
14:09:16,ICBP,RG,9825,3,F,BK,YB,D
14:09:16,ICBP,RG,9825,1,F,BK,CC,D
14:09:16,ICBP,RG,9825,1,F,BK,CC,D
14:09:16,ICBP,RG,9825,6,F,BK,PD,D
14:09:16,ICBP,RG,9825,6,F,BK,PD,D
14:09:16,ICBP,RG,9825,5,F,BK,PD,D
14:09:16,ICBP,RG,9825,1,F,BK,PD,D
14:09:16,ICBP,RG,9825,2,F,BK,CC,D
14:09:16,ICBP,RG,9825,50,F,BK,NI,D
14:09:16,ICBP,RG,9825,1,F,BK,GR,D
14:09:16,ICBP,RG,9825,183,F,BK,YJ,D
14:09:16,ICBP,RG,9825,90,D,RX,YJ,D
14:09:12,ICBP,RG,9825,161,D,PD,YJ,D
14:09:12,ICBP,RG,9825,24,D,PD,YJ,D
14:09:12,ICBP,RG,9825,114,D,PD,YJ,D
14:09:12,ICBP,RG,9825,31,D,PD,YJ,D
14:09:12,ICBP,RG,9825,68,D,PD,YJ,D
14:09:02,ICBP,RG,9800,5,F,KZ,NI,D
14:08:47,ICBP,RG,9825,16,D,RX,YJ,D
14:08:39,ICBP,RG,9800,15,F,KZ,GR,D
14:08:33,ICBP,RG,9800,199,F,KZ,SQ,D
14:08:33,ICBP,RG,9800,26,F,AK,SQ,D
14:08:33,ICBP,RG,9800,3,F,ZP,SQ,D
14:08:33,ICBP,RG,9800,22,F,KZ,SQ,D
14:08:12,ICBP,RG,9825,14,D,RX,YJ,D
14:08:09,ICBP,RG,9800,3,F,KZ,NI,D
14:07:58,ICBP,RG,9825,9,F,BK,YJ,D
14:07:10,ICBP,RG,9800,4,F,KZ,PD,D
14:07:02,ICBP,RG,9800,3,F,KZ,AK,F
14:07:02,ICBP,RG,9800,2,F,KZ,AK,F
14:07:00,ICBP,RG,9800,2,F,ZP,AK,F
14:07:00,ICBP,RG,9800,2,F,ZP,AK,F
14:07:00,ICBP,RG,9800,5,F,ZP,CC,D
14:07:00,ICBP,RG,9800,4,F,ZP,PD,D
14:07:00,ICBP,RG,9800,105,F,ZP,CC,D
14:07:00,ICBP,RG,9800,7,F,KZ,CC,D
14:07:00,ICBP,RG,9800,6,F,KZ,AK,F
14:07:00,ICBP,RG,9800,68,F,KZ,CC,D
14:07:00,ICBP,RG,9800,5,F,KZ,YP,D
14:07:00,ICBP,RG,9800,84,F,KZ,CC,D
14:07:00,ICBP,RG,9800,60,F,KZ,YP,D
14:07:00,ICBP,RG,9800,56,F,KZ,TP,D
14:07:00,ICBP,RG,9800,10,F,KZ,LG,D
14:07:00,ICBP,RG,9800,5,F,KZ,DR,D
14:07:00,ICBP,RG,9800,2,F,KZ,YP,D
14:07:00,ICBP,RG,9800,11,F,KZ,KZ,D
14:07:00,ICBP,RG,9800,3,F,KZ,KZ,F
14:07:00,ICBP,RG,9800,540,F,KZ,NI,D
14:07:00,ICBP,RG,9800,10,F,KZ,KK,D
14:07:00,ICBP,RG,9800,1,F,KZ,XC,D
14:07:00,ICBP,RG,9800,1,F,KZ,CC,D
14:07:00,ICBP,RG,9800,8,F,KZ,CC,D
14:07:00,ICBP,RG,9800,1,F,KZ,CC,D
14:07:00,ICBP,RG,9800,2,F,KZ,CC,D
14:07:00,ICBP,RG,9800,5,F,KZ,PD,D
14:07:00,ICBP,RG,9800,2,F,KZ,AK,F
14:07:00,ICBP,RG,9800,5,F,KZ,PD,D
14:07:00,ICBP,RG,9800,2,F,KZ,CC,D
14:07:00,ICBP,RG,9800,106,F,KZ,NI,D
14:06:53,ICBP,RG,9775,12,F,BK,AI,D
14:06:53,ICBP,RG,9775,26,F,KZ,AI,D
14:06:53,ICBP,RG,9775,156,F,KZ,AI,D
14:06:53,ICBP,RG,9775,41,F,KZ,AI,D
14:06:49,ICBP,RG,9800,8,F,BK,NI,D
14:06:34,ICBP,RG,9800,1,D,PD,NI,D
14:05:36,ICBP,RG,9775,45,F,KZ,YP,D
14:05:31,ICBP,RG,9800,9,F,BK,NI,D
14:04:30,ICBP,RG,9775,64,F,KZ,PD,D
14:04:30,ICBP,RG,9775,21,D,KZ,PD,D
14:04:30,ICBP,RG,9775,13,F,ZP,PD,D
14:04:30,ICBP,RG,9775,2,F,ZP,PD,D
14:03:31,ICBP,RG,9775,13,F,ZP,CC,D
14:03:31,ICBP,RG,9775,12,F,BK,CC,D
14:03:31,ICBP,RG,9775,128,D,PD,CC,D
14:02:59,ICBP,RG,9800,5,F,KZ,NI,D
14:02:19,ICBP,RG,9800,10,F,BK,NI,D
14:01:32,ICBP,RG,9800,100,F,KZ,NI,D
14:01:32,ICBP,RG,9800,204,D,YP,NI,D
13:59:58,ICBP,RG,9800,1,D,XC,NI,D
13:58:59,ICBP,RG,9800,2,F,KZ,NI,D
13:58:37,ICBP,RG,9800,4,D,CC,NI,D
13:57:40,ICBP,RG,9800,10,F,KZ,NI,D
13:57:38,ICBP,RG,9800,20,F,AK,NI,D
13:57:37,ICBP,RG,9800,22,F,KZ,NI,D
13:57:37,ICBP,RG,9800,14,F,ZP,NI,D
13:57:37,ICBP,RG,9800,11,F,BK,NI,D
13:57:37,ICBP,RG,9800,104,F,KZ,NI,D
13:57:37,ICBP,RG,9800,9,F,AK,NI,D
13:57:37,ICBP,RG,9800,11,D,AK,NI,D
13:57:37,ICBP,RG,9800,32,F,ZP,NI,D
13:57:37,ICBP,RG,9800,179,D,RX,NI,D
13:57:37,ICBP,RG,9800,25,F,KZ,NI,D
13:57:37,ICBP,RG,9800,51,F,YU,NI,D
13:57:37,ICBP,RG,9800,14,F,KZ,NI,D
13:57:37,ICBP,RG,9800,16,F,BK,NI,D
13:57:37,ICBP,RG,9800,13,F,ZP,NI,D
13:57:37,ICBP,RG,9800,19,F,KZ,NI,D
13:57:36,ICBP,RG,9800,12,F,KZ,YP,D
13:57:36,ICBP,RG,9800,30,F,KZ,SQ,D
13:57:34,ICBP,RG,9800,10,F,KZ,IF,D
13:57:29,ICBP,RG,9800,49,F,KZ,YP,D
13:57:15,ICBP,RG,9800,3,F,KZ,KK,D
13:57:14,ICBP,RG,9800,1,F,KZ,CC,D
13:56:21,ICBP,RG,9800,2,F,KZ,CC,D
13:55:55,ICBP,RG,9800,118,F,KZ,BK,F
13:55:54,ICBP,RG,9800,2,F,ZP,CC,D
13:55:54,ICBP,RG,9800,10,F,ZP,DH,D
13:55:54,ICBP,RG,9800,2,F,ZP,CC,D
13:55:54,ICBP,RG,9800,1,F,ZP,CC,D
13:55:54,ICBP,RG,9800,1,F,ZP,CC,D
13:55:54,ICBP,RG,9800,82,F,ZP,CC,D
13:55:54,ICBP,RG,9800,10,F,ZP,HP,D
13:55:54,ICBP,RG,9800,11,F,ZP,KZ,D
13:55:54,ICBP,RG,9800,2,F,ZP,AK,F
13:55:54,ICBP,RG,9800,4,F,ZP,KZ,F
13:55:54,ICBP,RG,9800,29,F,ZP,NI,D
13:55:54,ICBP,RG,9800,12,F,ZP,NI,D
13:55:54,ICBP,RG,9800,112,D,KZ,NI,D
13:55:53,ICBP,RG,9800,16,F,ZP,NI,D
13:55:53,ICBP,RG,9800,8,F,KZ,NI,D
13:55:53,ICBP,RG,9800,201,D,PD,NI,D
13:55:53,ICBP,RG,9800,16,D,PD,NI,D
13:53:49,ICBP,RG,9800,8,F,KZ,NI,D
13:53:42,ICBP,RG,9800,6,F,ZP,NI,D
13:53:42,ICBP,RG,9800,10,F,AK,NI,D
13:53:42,ICBP,RG,9800,8,F,KZ,NI,D
13:53:42,ICBP,RG,9800,16,F,AK,NI,D
13:53:42,ICBP,RG,9800,10,F,KZ,NI,D
13:53:42,ICBP,RG,9800,11,D,AK,NI,D
13:53:42,ICBP,RG,9800,9,F,ZP,NI,D
13:53:42,ICBP,RG,9800,66,F,KZ,NI,D
13:53:42,ICBP,RG,9800,10,F,BK,NI,D
13:53:42,ICBP,RG,9800,13,F,ZP,NI,D
13:53:42,ICBP,RG,9800,111,D,RX,NI,D
13:53:42,ICBP,RG,9800,8,F,KZ,NI,D
13:53:42,ICBP,RG,9800,6,F,YU,NI,D
13:53:42,ICBP,RG,9800,11,F,ZP,NI,D
13:53:42,ICBP,RG,9800,83,F,KZ,NI,D
13:53:42,ICBP,RG,9800,15,F,ZP,NI,D
13:53:42,ICBP,RG,9800,17,F,BK,NI,D
13:53:42,ICBP,RG,9800,132,F,BK,NI,D
13:53:42,ICBP,RG,9800,5,F,ZP,NI,D
13:53:42,ICBP,RG,9800,51,F,KZ,NI,D
13:53:00,ICBP,RG,9825,3,F,ZP,YJ,D
13:53:00,ICBP,RG,9825,13,D,RX,YJ,D
13:52:55,ICBP,RG,9825,25,F,ZP,YJ,D
13:52:54,ICBP,RG,9825,201,D,PD,YJ,D
13:52:54,ICBP,RG,9825,30,D,PD,YJ,D
13:52:54,ICBP,RG,9825,142,D,PD,YJ,D
13:52:54,ICBP,RG,9825,39,D,PD,YJ,D
13:52:54,ICBP,RG,9825,85,D,PD,YJ,D
13:52:50,ICBP,RG,9800,1,F,KZ,PD,D
13:52:27,ICBP,RG,9825,1,D,PD,YJ,D
13:52:27,ICBP,RG,9825,1,D,RX,YJ,D
13:52:27,ICBP,RG,9825,1,D,RX,PD,D
13:52:27,ICBP,RG,9825,2,D,RX,XC,D
13:52:27,ICBP,RG,9825,5,D,RX,AZ,D
13:52:27,ICBP,RG,9825,5,D,RX,YU,D
13:52:27,ICBP,RG,9825,2,D,RX,YP,D
13:52:27,ICBP,RG,9825,1,D,RX,LG,D
13:52:20,ICBP,RG,9800,21,F,KZ,XC,D
13:52:20,ICBP,RG,9800,1,F,KZ,YP,D
13:52:20,ICBP,RG,9800,1,F,KZ,PD,D
13:52:20,ICBP,RG,9800,1,F,KZ,CC,D
13:52:20,ICBP,RG,9800,4,F,KZ,YP,D
13:52:20,ICBP,RG,9800,20,F,KZ,YP,D
13:52:20,ICBP,RG,9800,2,F,KZ,YP,D
13:52:20,ICBP,RG,9800,15,F,KZ,XC,D
13:52:20,ICBP,RG,9800,25,F,KZ,KK,D
13:52:20,ICBP,RG,9800,2,F,KZ,CC,D
13:52:20,ICBP,RG,9800,1,F,KZ,PD,D
13:52:20,ICBP,RG,9800,12,F,KZ,XC,D
13:52:20,ICBP,RG,9800,2,F,KZ,AK,F
13:52:20,ICBP,RG,9800,37,F,KZ,CC,D
13:52:20,ICBP,RG,9800,500,F,KZ,NI,D
13:52:20,ICBP,RG,9800,2,F,KZ,KZ,D
13:52:20,ICBP,RG,9800,5,F,KZ,YP,D
13:52:20,ICBP,RG,9800,1,F,KZ,NI,D
13:52:20,ICBP,RG,9800,2,F,KZ,AK,F
13:52:20,ICBP,RG,9800,5,F,KZ,CC,D
13:52:20,ICBP,RG,9800,60,F,KZ,YP,D
13:52:20,ICBP,RG,9800,10,F,KZ,KK,D
13:52:20,ICBP,RG,9800,1,F,KZ,GR,D
13:52:20,ICBP,RG,9800,10,F,KZ,YU,D
13:52:20,ICBP,RG,9800,6,F,KZ,KK,D
13:52:20,ICBP,RG,9800,2,F,KZ,AK,F
13:52:20,ICBP,RG,9800,2,F,KZ,YP,D
13:52:20,ICBP,RG,9800,8,F,KZ,KK,D
13:52:20,ICBP,RG,9800,2,F,KZ,XC,D
13:52:20,ICBP,RG,9800,1,F,KZ,XC,D
13:52:20,ICBP,RG,9800,2,F,KZ,CC,D
13:52:20,ICBP,RG,9800,1,F,KZ,XC,D
13:52:20,ICBP,RG,9800,3,F,KZ,YP,D
13:52:20,ICBP,RG,9800,6,F,KZ,CC,D
13:52:20,ICBP,RG,9800,1,F,KZ,YP,D
13:52:20,ICBP,RG,9800,5,F,KZ,YP,D
13:52:20,ICBP,RG,9800,5,F,KZ,XA,D
13:52:20,ICBP,RG,9800,2,F,KZ,PD,D
13:52:20,ICBP,RG,9800,1,F,KZ,PD,D
13:52:20,ICBP,RG,9800,10,F,KZ,PD,D
13:52:20,ICBP,RG,9800,5,F,KZ,PD,D
13:52:20,ICBP,RG,9800,1,F,KZ,PD,D
13:52:20,ICBP,RG,9800,1,F,KZ,PD,D
13:52:20,ICBP,RG,9800,4,F,KZ,YP,D
13:52:20,ICBP,RG,9800,50,F,KZ,PD,D
13:52:20,ICBP,RG,9800,1,F,KZ,YP,D
13:52:20,ICBP,RG,9800,10,F,KZ,YP,D
13:52:20,ICBP,RG,9800,36,F,KZ,YP,D
13:52:20,ICBP,RG,9800,25,F,KZ,YP,D
13:52:20,ICBP,RG,9800,3,F,KZ,IF,D
13:52:20,ICBP,RG,9800,5,F,KZ,SQ,D
13:52:20,ICBP,RG,9800,3,F,KZ,GR,D
13:52:20,ICBP,RG,9800,3,F,KZ,EP,D
13:52:20,ICBP,RG,9800,1,F,KZ,HP,D
13:52:20,ICBP,RG,9800,2,F,KZ,YP,D
13:52:20,ICBP,RG,9800,25,F,KZ,YB,D
13:52:20,ICBP,RG,9800,1,F,KZ,GR,D
13:52:20,ICBP,RG,9800,1,F,KZ,CC,D
13:52:20,ICBP,RG,9800,9,F,KZ,YP,D
13:52:20,ICBP,RG,9800,3,F,KZ,PD,D
13:52:20,ICBP,RG,9800,12,F,KZ,CC,D
13:52:20,ICBP,RG,9800,18,F,KZ,PD,D
13:52:20,ICBP,RG,9800,1,F,KZ,YP,D
13:52:20,ICBP,RG,9800,1,F,KZ,PD,D
13:52:20,ICBP,RG,9800,14,F,KZ,CC,D
13:52:20,ICBP,RG,9800,2,F,KZ,XC,D
13:52:20,ICBP,RG,9800,1,F,KZ,YP,D
13:52:20,ICBP,RG,9800,5,F,KZ,TP,D
13:52:20,ICBP,RG,9800,20,F,KZ,CC,D
13:52:20,ICBP,RG,9800,2,F,KZ,PD,D
13:52:20,ICBP,RG,9800,38,F,KZ,YP,D
13:52:20,ICBP,RG,9800,22,F,KZ,PD,D
13:52:20,ICBP,RG,9800,2,F,KZ,PD,D
13:52:20,ICBP,RG,9800,1,F,KZ,YP,D
13:52:20,ICBP,RG,9800,12,F,KZ,PD,D
13:52:20,ICBP,RG,9800,1,F,KZ,KK,D
13:52:20,ICBP,RG,9800,1,F,KZ,PD,D
13:52:20,ICBP,RG,9800,1,F,KZ,CC,D
13:52:20,ICBP,RG,9800,10,F,KZ,CC,D
13:52:20,ICBP,RG,9800,1,F,KZ,YP,D
13:52:20,ICBP,RG,9800,1,F,KZ,GR,D
13:52:20,ICBP,RG,9800,15,F,KZ,CC,D
13:52:20,ICBP,RG,9800,1,F,KZ,YP,D
13:52:20,ICBP,RG,9800,7,F,KZ,KK,D
13:52:20,ICBP,RG,9800,18,F,KZ,EP,D
13:52:20,ICBP,RG,9800,300,F,KZ,NI,D
13:52:20,ICBP,RG,9800,1,F,KZ,DH,D
13:52:20,ICBP,RG,9800,1,F,KZ,DH,D
13:52:20,ICBP,RG,9800,15,F,KZ,LG,D
13:52:20,ICBP,RG,9800,5,F,KZ,PD,D
13:52:20,ICBP,RG,9800,1,F,KZ,XC,D
13:52:20,ICBP,RG,9800,10,F,KZ,PD,D
13:52:20,ICBP,RG,9800,3,F,KZ,PD,D
13:52:20,ICBP,RG,9800,200,F,KZ,CC,D
13:52:20,ICBP,RG,9800,5,F,KZ,DR,D
13:52:20,ICBP,RG,9800,10,F,KZ,PD,D
13:52:20,ICBP,RG,9800,5,F,KZ,YU,D
13:52:20,ICBP,RG,9800,3,F,KZ,CC,D
13:52:20,ICBP,RG,9800,5,F,KZ,CC,D
13:52:20,ICBP,RG,9800,1,F,KZ,YP,D
13:52:20,ICBP,RG,9800,4,F,KZ,LS,D
13:52:20,ICBP,RG,9800,1,F,KZ,NI,D
13:52:20,ICBP,RG,9800,50,F,KZ,KK,D
13:52:20,ICBP,RG,9800,1,F,KZ,PD,D
13:52:20,ICBP,RG,9800,5,F,KZ,GR,D
13:52:20,ICBP,RG,9800,20,F,KZ,YP,D
13:52:20,ICBP,RG,9800,1,F,KZ,HP,D
13:52:20,ICBP,RG,9800,3,F,KZ,PD,D
13:52:20,ICBP,RG,9800,1,F,KZ,YP,D
13:52:20,ICBP,RG,9800,2,F,KZ,XL,D
13:52:20,ICBP,RG,9800,3,F,KZ,CC,D
13:52:20,ICBP,RG,9800,5,F,KZ,YP,D
13:52:20,ICBP,RG,9800,50,F,KZ,CC,D
13:52:20,ICBP,RG,9800,44,F,KZ,NI,D
13:52:19,ICBP,RG,9800,20,F,KZ,NI,D
13:52:19,ICBP,RG,9800,77,F,KZ,NI,D
13:52:16,ICBP,RG,9800,42,F,KZ,NI,D
13:52:16,ICBP,RG,9800,6,F,KZ,NI,D
13:51:30,ICBP,RG,9775,2,D,PD,NI,D
13:51:24,ICBP,RG,9775,68,D,PD,CC,D
13:51:24,ICBP,RG,9775,3,D,PD,CC,D
13:51:24,ICBP,RG,9775,30,D,PD,CC,D
13:51:24,ICBP,RG,9775,143,D,PD,CC,D
13:51:24,ICBP,RG,9775,24,D,PD,CC,D
13:51:24,ICBP,RG,9775,2,D,PD,AK,F
13:51:24,ICBP,RG,9775,1,D,PD,KZ,D
13:51:24,ICBP,RG,9775,1,D,PD,KZ,F
13:51:24,ICBP,RG,9775,11,D,PD,CC,D
13:51:24,ICBP,RG,9775,85,D,PD,CC,D
13:50:08,ICBP,RG,9775,26,F,AK,CC,D
13:50:00,ICBP,RG,9775,47,D,CC,CC,D
13:50:00,ICBP,RG,9775,2,D,CC,AK,F
13:50:00,ICBP,RG,9775,85,D,CC,CC,D
13:50:00,ICBP,RG,9775,37,D,CC,CC,D
13:50:00,ICBP,RG,9775,340,D,CC,CC,D
13:49:56,ICBP,RG,9750,3,D,PD,XC,D
13:49:56,ICBP,RG,9750,11,D,PD,CC,D
13:49:56,ICBP,RG,9750,39,D,PD,CC,D
13:49:46,ICBP,RG,9750,100,D,PD,CC,D
13:49:39,ICBP,RG,9750,4,D,PD,CC,D
13:49:39,ICBP,RG,9750,39,D,PD,CC,D
13:49:39,ICBP,RG,9750,85,D,PD,CC,D
13:49:33,ICBP,RG,9750,12,D,AK,CC,D
13:49:33,ICBP,RG,9750,4,F,KZ,CC,D
13:49:33,ICBP,RG,9750,9,F,ZP,CC,D
13:49:33,ICBP,RG,9750,47,F,KZ,CC,D
13:49:27,ICBP,RG,9750,1,F,KZ,KK,D
13:49:27,ICBP,RG,9750,33,F,KZ,CC,D
13:49:27,ICBP,RG,9750,2,F,KZ,CC,D
13:49:27,ICBP,RG,9750,16,F,ZP,CC,D
13:49:27,ICBP,RG,9750,139,F,BK,CC,D
13:49:27,ICBP,RG,9750,10,F,YU,CC,D
13:49:16,ICBP,RG,9750,2,F,YU,CC,D
13:49:16,ICBP,RG,9750,17,F,KZ,CC,D
13:49:16,ICBP,RG,9750,34,F,ZP,CC,D
13:49:16,ICBP,RG,9750,36,F,KZ,CC,D
13:49:16,ICBP,RG,9750,78,F,ZP,CC,D
13:49:16,ICBP,RG,9750,1,D,SQ,CC,D
13:49:16,ICBP,RG,9750,5,D,PD,CC,D
13:49:16,ICBP,RG,9750,10,F,BK,CC,D
13:49:16,ICBP,RG,9750,12,F,KZ,CC,D
13:49:16,ICBP,RG,9750,91,F,BK,CC,D
13:49:16,ICBP,RG,9750,20,F,AK,CC,D
13:49:16,ICBP,RG,9750,4,F,KZ,CC,D
13:49:16,ICBP,RG,9750,27,F,KZ,CC,D
13:49:16,ICBP,RG,9750,4,F,KZ,CC,D
13:49:16,ICBP,RG,9750,10,F,KZ,CC,D
13:49:16,ICBP,RG,9750,17,F,ZP,CC,D
13:49:16,ICBP,RG,9750,4,F,KZ,CC,D
13:49:16,ICBP,RG,9750,7,F,KZ,CC,D
13:49:16,ICBP,RG,9750,3,F,KZ,CC,D
13:49:16,ICBP,RG,9750,1,F,ZP,CC,D
13:49:16,ICBP,RG,9750,15,F,KZ,CC,D
13:49:16,ICBP,RG,9750,2,F,ZP,CC,D
13:48:47,ICBP,RG,9775,9,F,BK,CC,D
13:48:47,ICBP,RG,9775,8,F,ZP,CC,D
13:48:47,ICBP,RG,9775,64,D,RX,CC,D
13:48:47,ICBP,RG,9775,10,D,AK,CC,D
13:48:47,ICBP,RG,9775,12,F,YU,CC,D
13:48:47,ICBP,RG,9775,9,F,BK,CC,D
13:48:47,ICBP,RG,9775,7,D,RX,CC,D
13:48:47,ICBP,RG,9775,7,F,ZP,CC,D
13:48:47,ICBP,RG,9775,34,D,KZ,CC,D
13:48:25,ICBP,RG,9775,1,D,KZ,XL,D
13:48:11,ICBP,RG,9775,1,D,KZ,LG,D
13:48:06,ICBP,RG,9775,46,D,KZ,YP,D
13:48:06,ICBP,RG,9775,3,F,ZP,YP,D
13:48:06,ICBP,RG,9775,9,F,YU,YP,D
13:48:06,ICBP,RG,9775,8,F,BK,YP,D
13:48:06,ICBP,RG,9775,12,D,AK,YP,D
13:48:04,ICBP,RG,9775,5,D,AK,KZ,D
13:48:04,ICBP,RG,9775,4,F,ZP,KZ,D
13:47:23,ICBP,RG,9775,10,D,RX,YP,D
13:46:56,ICBP,RG,9775,2,D,RX,CC,D
13:46:25,ICBP,RG,9775,6,D,RX,KK,D
13:45:59,ICBP,RG,9775,3,D,RX,KZ,F
13:45:49,ICBP,RG,9775,10,D,RX,YP,D
13:45:49,ICBP,RG,9800,11,F,AK,NI,D
13:45:49,ICBP,RG,9800,29,F,AK,PD,D
13:45:13,ICBP,RG,9775,10,D,RX,FZ,D
13:45:13,ICBP,RG,9775,6,F,ZP,FZ,D
13:45:13,ICBP,RG,9775,46,D,RX,FZ,D
13:45:13,ICBP,RG,9775,8,F,YU,FZ,D
13:45:13,ICBP,RG,9775,7,F,ZP,FZ,D
13:45:13,ICBP,RG,9775,67,D,RX,FZ,D
13:45:13,ICBP,RG,9775,7,F,ZP,FZ,D
13:45:13,ICBP,RG,9775,19,D,AK,FZ,D
13:45:13,ICBP,RG,9775,12,D,AK,FZ,D
13:45:13,ICBP,RG,9775,28,F,BK,FZ,D
13:45:13,ICBP,RG,9775,5,F,ZP,FZ,D
13:45:13,ICBP,RG,9775,35,D,KZ,FZ,D
13:44:54,ICBP,RG,9800,1,D,RX,PD,D
13:44:54,ICBP,RG,9800,6,D,RX,CC,D
13:44:54,ICBP,RG,9800,1,D,RX,CC,D
13:44:54,ICBP,RG,9800,3,D,RX,DH,D
13:44:39,ICBP,RG,9775,10,D,KZ,YB,D
13:44:34,ICBP,RG,9800,2,D,RX,DH,D
13:44:34,ICBP,RG,9800,8,D,RX,OD,D
13:44:12,ICBP,RG,9800,12,D,RX,OD,D
13:44:12,ICBP,RG,9800,27,D,RX,PC,D
13:44:11,ICBP,RG,9800,8,F,BK,PC,D
13:43:39,ICBP,RG,9775,5,D,KZ,EP,D
13:42:56,ICBP,RG,9800,11,D,RX,PC,D
13:42:52,ICBP,RG,9800,9,F,BK,PC,D
13:42:34,ICBP,RG,9800,23,D,RX,PC,D
13:42:30,ICBP,RG,9800,1,D,XL,PC,D
13:42:11,ICBP,RG,9775,2,D,KZ,YP,D
13:41:48,ICBP,RG,9800,20,D,RX,PC,D
13:41:46,ICBP,RG,9775,1,D,KZ,PD,D
13:41:32,ICBP,RG,9800,1,F,BK,PC,D
13:41:32,ICBP,RG,9800,8,F,BK,CC,D
13:40:54,ICBP,RG,9775,2,D,KZ,YP,D
13:40:23,ICBP,RG,9775,2,F,ZP,AK,F
13:40:23,ICBP,RG,9775,52,F,ZP,CC,D
13:40:23,ICBP,RG,9775,161,D,PD,CC,D
13:40:23,ICBP,RG,9775,24,D,PD,CC,D
13:40:23,ICBP,RG,9775,63,D,PD,CC,D
13:40:23,ICBP,RG,9775,1,D,PD,NI,D
13:40:23,ICBP,RG,9775,6,D,PD,KZ,D
13:40:23,ICBP,RG,9775,2,D,PD,KZ,F
13:40:23,ICBP,RG,9775,5,D,PD,DR,D
13:40:23,ICBP,RG,9775,37,D,PD,BK,F
13:40:23,ICBP,RG,9775,31,D,PD,BK,F
13:40:23,ICBP,RG,9775,68,D,PD,BK,F
13:39:26,ICBP,RG,9750,2,F,ZP,BK,F
13:39:26,ICBP,RG,9750,21,F,KZ,BK,F
13:39:26,ICBP,RG,9750,22,F,ZP,BK,F
13:39:26,ICBP,RG,9750,5,F,KZ,BK,F
13:37:54,ICBP,RG,9750,1,F,KZ,NI,D
13:36:30,ICBP,RG,9775,3,F,ZP,YP,D
13:36:30,ICBP,RG,9775,9,F,BK,YP,D
13:36:30,ICBP,RG,9775,26,D,RX,YP,D
13:36:30,ICBP,RG,9775,3,F,ZP,YP,D
13:36:30,ICBP,RG,9775,9,F,BK,YP,D
13:36:30,ICBP,RG,9775,10,D,AK,YP,D
13:36:30,ICBP,RG,9775,7,F,ZP,YP,D
13:36:30,ICBP,RG,9775,64,D,RX,YP,D
13:36:30,ICBP,RG,9775,3,F,ZP,YP,D
13:36:30,ICBP,RG,9775,14,F,BK,YP,D
13:36:30,ICBP,RG,9775,11,D,AK,YP,D
13:36:30,ICBP,RG,9775,10,F,AK,YP,D
13:36:30,ICBP,RG,9775,3,F,ZP,YP,D
13:36:30,ICBP,RG,9775,20,D,KZ,YP,D
13:36:30,ICBP,RG,9775,13,F,ZP,YP,D
13:36:30,ICBP,RG,9775,7,F,YU,YP,D
13:36:30,ICBP,RG,9775,118,D,PD,YP,D
13:36:10,ICBP,RG,9800,2,D,RX,CC,D
13:36:10,ICBP,RG,9800,7,D,RX,NI,D
13:35:41,ICBP,RG,9775,1,D,PD,PD,D
13:35:28,ICBP,RG,9800,52,D,RX,NI,D
13:35:28,ICBP,RG,9800,10,F,BK,NI,D
13:33:28,ICBP,RG,9800,14,D,RX,NI,D
13:33:23,ICBP,RG,9800,5,D,XL,NI,D
13:33:01,ICBP,RG,9800,8,D,RX,NI,D
13:32:26,ICBP,RG,9775,2,D,PD,AK,F
13:32:26,ICBP,RG,9775,17,D,PD,YP,D
13:32:26,ICBP,RG,9775,11,D,PD,CC,D
13:32:26,ICBP,RG,9775,5,D,PD,YP,D
13:32:26,ICBP,RG,9775,7,D,PD,YP,D
13:32:26,ICBP,RG,9775,8,D,PD,YP,D
13:32:26,ICBP,RG,9775,9,D,PD,YP,D
13:32:26,ICBP,RG,9775,4,D,PD,YP,D
13:32:26,ICBP,RG,9775,5,D,PD,KK,D
13:32:26,ICBP,RG,9775,10,D,PD,PD,D
13:32:26,ICBP,RG,9775,2,D,PD,DH,D
13:32:26,ICBP,RG,9775,2,D,PD,PD,D
13:32:26,ICBP,RG,9775,1,D,PD,YP,D
13:32:26,ICBP,RG,9775,1,D,PD,YP,D
13:32:26,ICBP,RG,9775,1,D,PD,SQ,D
13:32:26,ICBP,RG,9775,4,D,PD,SQ,D
13:32:26,ICBP,RG,9775,1,D,PD,YU,F
13:32:26,ICBP,RG,9775,25,D,PD,KI,D
13:32:26,ICBP,RG,9775,1,D,PD,XC,D
13:32:26,ICBP,RG,9775,16,D,PD,XC,D
13:32:26,ICBP,RG,9775,2,D,PD,XC,D
13:32:26,ICBP,RG,9775,5,D,PD,TP,D
13:32:26,ICBP,RG,9775,2,D,PD,XC,D
13:32:26,ICBP,RG,9775,2,D,PD,XC,D
13:32:26,ICBP,RG,9775,2,D,PD,XC,D
13:32:26,ICBP,RG,9775,1,D,PD,KK,D
13:32:26,ICBP,RG,9775,1,D,PD,PD,D
13:32:26,ICBP,RG,9775,4,D,PD,YP,D
13:32:26,ICBP,RG,9775,109,D,PD,CC,D
13:32:26,ICBP,RG,9775,39,D,PD,CC,D
13:32:26,ICBP,RG,9775,52,D,PD,CC,D
13:32:26,ICBP,RG,9775,12,D,PD,NI,D
13:32:26,ICBP,RG,9775,5,D,PD,PD,D
13:32:26,ICBP,RG,9775,3,D,PD,XC,D
13:32:26,ICBP,RG,9775,5,D,PD,KK,D
13:32:26,ICBP,RG,9775,1,D,PD,PD,D
13:32:26,ICBP,RG,9775,1,D,PD,RO,D
13:32:04,ICBP,RG,9750,1,D,KZ,NI,D
13:32:04,ICBP,RG,9750,2,D,KZ,YU,F
13:32:04,ICBP,RG,9750,1,D,KZ,YU,F
13:32:04,ICBP,RG,9750,2,D,KZ,AK,F
13:32:04,ICBP,RG,9750,3,D,KZ,YU,F
13:32:04,ICBP,RG,9750,1,D,KZ,YU,F
13:32:04,ICBP,RG,9750,4,D,KZ,KZ,D
13:32:04,ICBP,RG,9750,1,D,KZ,KZ,F
13:32:04,ICBP,RG,9750,1,D,KZ,CC,D
13:32:04,ICBP,RG,9750,1,D,KZ,CC,D
13:32:04,ICBP,RG,9750,2,D,KZ,XC,D
13:32:04,ICBP,RG,9750,3,D,KZ,XC,D
13:32:04,ICBP,RG,9750,4,D,KZ,YP,D
13:32:04,ICBP,RG,9750,2,D,KZ,YP,D
13:32:04,ICBP,RG,9750,13,D,KZ,CC,D
13:32:04,ICBP,RG,9750,1,D,KZ,PD,D
13:32:04,ICBP,RG,9750,1,D,KZ,PD,D
13:32:04,ICBP,RG,9750,1,D,KZ,YP,D
13:32:04,ICBP,RG,9750,13,D,KZ,DR,D
13:31:52,ICBP,RG,9725,8,F,KZ,PD,D
13:31:52,ICBP,RG,9725,15,F,ZP,PD,D
13:31:25,ICBP,RG,9750,39,F,KZ,DR,D
13:31:25,ICBP,RG,9750,11,F,KZ,DX,D
13:31:25,ICBP,RG,9750,13,F,KZ,GR,D
13:31:25,ICBP,RG,9750,5,F,KZ,DH,D
13:31:25,ICBP,RG,9750,56,F,KZ,EP,D
13:31:25,ICBP,RG,9750,6,F,KZ,SQ,D
13:31:25,ICBP,RG,9750,1,F,KZ,PD,D
13:31:25,ICBP,RG,9750,1,F,KZ,YP,D
13:31:25,ICBP,RG,9750,71,F,KZ,ZP,D
13:31:23,ICBP,RG,9750,46,F,KZ,ZP,D
13:31:23,ICBP,RG,9750,201,D,PD,ZP,D
13:31:23,ICBP,RG,9750,30,D,PD,ZP,D
13:31:23,ICBP,RG,9750,143,D,PD,ZP,D
13:31:23,ICBP,RG,9750,9,D,PD,ZP,D
13:31:23,ICBP,RG,9750,1,D,PD,NI,D
13:31:23,ICBP,RG,9750,1,D,PD,XL,D
13:31:23,ICBP,RG,9750,5,D,PD,LG,D
13:31:23,ICBP,RG,9750,23,D,PD,CC,D
13:31:23,ICBP,RG,9750,84,D,PD,CC,D
13:31:12,ICBP,RG,9725,8,F,ZP,PD,D
13:30:24,ICBP,RG,9750,19,F,KZ,CC,D
13:30:21,ICBP,RG,9750,11,F,KZ,CC,D
13:30:19,ICBP,RG,9725,23,F,ZP,BK,F
13:30:19,ICBP,RG,9725,39,D,KZ,BK,F
13:30:09,ICBP,RG,9725,3,F,KZ,BK,F
13:30:08,ICBP,RG,9700,6,F,KZ,AK,F
13:30:07,ICBP,RG,9725,137,F,KZ,BK,F
13:30:07,ICBP,RG,9725,5,F,KZ,KZ,D
13:30:07,ICBP,RG,9725,2,F,KZ,KZ,F
13:30:07,ICBP,RG,9725,25,F,KZ,PD,D
13:30:04,ICBP,RG,9700,14,F,KZ,KZ,D
13:30:04,ICBP,RG,9700,4,F,KZ,KZ,F
13:30:04,ICBP,RG,9700,1,F,KZ,XL,D
13:30:04,ICBP,RG,9700,30,F,KZ,YP,D
13:30:04,ICBP,RG,9700,1,F,KZ,XL,D
13:30:04,ICBP,RG,9700,202,F,KZ,BK,F
13:30:04,ICBP,RG,9700,3,F,KZ,PD,D
13:30:04,ICBP,RG,9700,2,F,KZ,PD,D
13:30:04,ICBP,RG,9700,15,F,KZ,DH,D
13:30:04,ICBP,RG,9700,47,F,KZ,CC,D
13:30:04,ICBP,RG,9700,12,F,KZ,CC,D
13:30:04,ICBP,RG,9700,23,F,AK,CC,D
13:30:04,ICBP,RG,9700,26,D,AK,CC,D
13:30:03,ICBP,RG,9700,5,D,CC,CC,D
13:30:02,ICBP,RG,9700,8,D,YP,CC,D
13:30:02,ICBP,RG,9700,49,D,YP,CC,D
13:30:02,ICBP,RG,9700,1,D,PD,CC,D
13:30:02,ICBP,RG,9700,1,D,PD,CC,D
13:30:02,ICBP,RG,9700,2,D,PD,CC,D
13:30:01,ICBP,RG,9700,1,D,PD,CC,D
13:30:01,ICBP,RG,9700,1,D,PD,CC,D
13:30:01,ICBP,RG,9700,1,D,YB,CC,D
13:30:01,ICBP,RG,9700,1,D,CP,CC,D
13:30:01,ICBP,RG,9700,2,D,CP,CC,D
13:30:01,ICBP,RG,9700,2,D,PD,CC,D
13:30:01,ICBP,RG,9700,3,D,KK,CC,D
13:30:01,ICBP,RG,9700,2,D,AZ,CC,D
13:30:01,ICBP,RG,9700,1,D,PD,CC,D
13:30:01,ICBP,RG,9700,3,D,AZ,CC,D
13:30:01,ICBP,RG,9700,10,F,BK,CC,D
13:30:01,ICBP,RG,9700,17,D,EP,CC,D
13:30:01,ICBP,RG,9700,1,D,EP,PD,D
13:30:01,ICBP,RG,9700,13,D,EP,CC,D
13:30:01,ICBP,RG,9700,63,D,RX,CC,D
13:30:01,ICBP,RG,9700,3,D,SQ,CC,D
11:29:46,ICBP,RG,9750,10,D,XL,CC,D
11:29:45,ICBP,RG,9750,1,D,AK,CC,D
11:29:45,ICBP,RG,9750,1,D,AK,CC,D
11:29:45,ICBP,RG,9750,1,F,AK,CC,D
11:29:45,ICBP,RG,9750,1,F,AK,CC,D
11:29:31,ICBP,RG,9750,21,D,RX,CC,D
11:29:30,ICBP,RG,9750,1,D,AK,CC,D
11:29:15,ICBP,RG,9750,3,F,AK,CC,D
11:29:15,ICBP,RG,9750,1,F,AK,CC,D
11:29:11,ICBP,RG,9750,9,D,RX,CC,D
11:29:00,ICBP,RG,9750,1,F,AK,CC,D
11:28:55,ICBP,RG,9750,8,D,RX,CC,D
11:28:53,ICBP,RG,9750,5,F,ZP,CC,D
11:28:53,ICBP,RG,9750,2,F,ZP,XC,D
11:28:53,ICBP,RG,9750,1,F,ZP,XC,D
11:28:53,ICBP,RG,9725,1,D,RX,YP,D
11:28:51,ICBP,RG,9725,5,D,RX,YP,D
11:28:51,ICBP,RG,9725,2,D,AK,YP,D
11:28:51,ICBP,RG,9725,2,D,PD,YP,D
11:28:36,ICBP,RG,9725,5,D,PD,PD,D
11:28:31,ICBP,RG,9725,10,D,PD,YP,D
11:28:30,ICBP,RG,9750,2,D,RX,XC,D
11:28:30,ICBP,RG,9750,12,D,RX,DH,D
11:28:17,ICBP,RG,9725,88,D,PD,AK,F
11:28:05,ICBP,RG,9750,8,D,RX,DH,D
11:28:00,ICBP,RG,9725,16,D,PD,YB,D
11:28:00,ICBP,RG,9725,18,D,PD,YB,D
11:28:00,ICBP,RG,9725,16,D,PD,YB,D
11:28:00,ICBP,RG,9725,1,D,PD,XC,D
11:28:00,ICBP,RG,9725,1,D,PD,CC,D
11:28:00,ICBP,RG,9725,5,D,PD,MK,D
11:28:00,ICBP,RG,9700,50,D,PD,YB,D
11:28:00,ICBP,RG,9700,2,D,PD,KZ,D
11:28:00,ICBP,RG,9700,1,D,PD,KZ,F
11:28:00,ICBP,RG,9675,1,D,PD,KZ,D
11:28:00,ICBP,RG,9675,2,D,PD,YP,D
11:28:00,ICBP,RG,9675,6,D,PD,YP,D
11:28:00,ICBP,RG,9675,17,D,PD,YP,D
11:28:00,ICBP,RG,9675,6,D,PD,DH,D
11:28:00,ICBP,RG,9675,50,D,PD,DH,D
11:27:52,ICBP,RG,9675,94,D,PD,DH,D
11:27:52,ICBP,RG,9675,3,D,PD,YP,D
11:27:52,ICBP,RG,9675,5,D,PD,YP,D
11:27:52,ICBP,RG,9675,2,D,PD,KK,D
11:27:52,ICBP,RG,9675,10,D,PD,YB,D
11:27:52,ICBP,RG,9675,10,D,PD,YP,D
11:27:52,ICBP,RG,9675,2,D,PD,NI,D
11:27:52,ICBP,RG,9675,33,D,PD,DR,D
11:27:52,ICBP,RG,9675,2,D,PD,DR,D
11:27:52,ICBP,RG,9675,24,D,PD,DR,D
11:27:52,ICBP,RG,9675,31,D,PD,DR,D
11:27:52,ICBP,RG,9675,65,D,PD,DR,D
11:27:52,ICBP,RG,9675,21,D,PD,MG,D
11:27:52,ICBP,RG,9675,5,D,PD,PD,D
11:27:52,ICBP,RG,9675,2,D,PD,PD,D
11:27:52,ICBP,RG,9675,15,D,PD,PD,D
11:27:52,ICBP,RG,9675,4,D,PD,PD,D
11:27:52,ICBP,RG,9675,2,D,PD,PD,D
11:27:52,ICBP,RG,9675,67,D,PD,PD,D
11:27:36,ICBP,RG,9650,9,F,ZP,YU,F
11:27:36,ICBP,RG,9650,4,F,ZP,YU,F
11:27:36,ICBP,RG,9650,4,D,YP,YU,F
11:27:36,ICBP,RG,9650,6,D,YP,YU,F
11:27:29,ICBP,RG,9625,141,F,ZP,CC,D
11:27:29,ICBP,RG,9625,1,F,ZP,AK,F
11:27:29,ICBP,RG,9625,1,F,ZP,AK,F
11:27:29,ICBP,RG,9625,28,F,ZP,BK,F
11:27:29,ICBP,RG,9625,88,F,AK,BK,F
11:27:28,ICBP,RG,9625,5,F,ZP,BK,F
11:27:27,ICBP,RG,9625,98,D,PD,BK,F
11:27:27,ICBP,RG,9625,6,D,PD,KZ,D
11:27:27,ICBP,RG,9625,21,D,PD,CC,D
11:27:27,ICBP,RG,9625,77,D,PD,CC,D
11:27:27,ICBP,RG,9625,30,D,PD,CC,D
11:27:27,ICBP,RG,9625,98,D,PD,CC,D
11:27:27,ICBP,RG,9625,45,D,PD,CC,D
11:27:27,ICBP,RG,9625,39,D,PD,CC,D
11:27:27,ICBP,RG,9625,30,D,PD,CC,D
11:27:27,ICBP,RG,9625,54,D,PD,CC,D
11:27:23,ICBP,RG,9625,1,D,KK,CC,D
11:27:22,ICBP,RG,9600,2,D,CC,YP,D
11:27:20,ICBP,RG,9600,1,D,CC,AK,F
11:27:10,ICBP,RG,9600,293,D,CC,BB,D
11:27:06,ICBP,RG,9600,1,D,CC,BB,D
11:27:06,ICBP,RG,9600,36,D,CC,BB,D
11:26:54,ICBP,RG,9600,32,D,CC,BB,D
11:26:50,ICBP,RG,9600,1,D,CC,AK,F
11:26:47,ICBP,RG,9600,27,D,CC,BB,D
11:26:46,ICBP,RG,9600,4,D,CC,YP,D
11:26:41,ICBP,RG,9600,12,D,CC,BB,D
11:26:41,ICBP,RG,9600,23,D,CC,BB,D
11:26:35,ICBP,RG,9600,109,D,CC,BB,D
11:26:26,ICBP,RG,9600,22,D,CC,PD,D
11:26:23,ICBP,RG,9600,1,D,CC,XC,D
11:26:15,ICBP,RG,9600,3,D,CC,BB,D
11:25:56,ICBP,RG,9625,1,D,PD,CC,D
11:25:50,ICBP,RG,9625,1,D,PD,AK,F
11:25:36,ICBP,RG,9600,2,D,CC,XL,D
11:25:36,ICBP,RG,9600,9,D,CC,XL,D
11:25:36,ICBP,RG,9600,5,D,CC,CC,D
11:25:35,ICBP,RG,9600,10,D,CC,YP,D
11:25:35,ICBP,RG,9600,10,D,CC,YP,D
11:25:35,ICBP,RG,9600,24,D,CC,PD,D
11:25:35,ICBP,RG,9600,1,D,CC,PD,D
11:25:35,ICBP,RG,9600,81,D,CC,BB,D
11:25:32,ICBP,RG,9625,1,F,ZP,BB,D
11:25:32,ICBP,RG,9625,11,F,ZP,BB,D
11:25:32,ICBP,RG,9625,4,D,AK,BB,D
11:25:32,ICBP,RG,9625,1,D,SQ,BB,D
11:25:32,ICBP,RG,9625,1,D,PD,BB,D
11:25:32,ICBP,RG,9625,1,D,YP,BB,D
11:25:32,ICBP,RG,9625,2,D,PD,BB,D
11:25:32,ICBP,RG,9625,265,D,ZP,BB,D
11:25:20,ICBP,RG,9625,1,D,ZP,AK,F
11:24:37,ICBP,RG,9625,3,D,ZP,XC,D
11:24:36,ICBP,RG,9625,7,D,ZP,PD,D
11:24:35,ICBP,RG,9625,1,D,ZP,YP,D
11:24:34,ICBP,RG,9625,1,D,ZP,AK,F
11:24:33,ICBP,RG,9625,50,D,ZP,CC,D
11:24:33,ICBP,RG,9625,10,D,ZP,KK,D
11:24:33,ICBP,RG,9625,6,D,ZP,YP,D
11:24:33,ICBP,RG,9625,10,D,ZP,YP,D
11:24:33,ICBP,RG,9625,5,D,ZP,YP,D
11:24:33,ICBP,RG,9625,4,D,ZP,NI,D
11:24:33,ICBP,RG,9625,42,D,ZP,YP,D
11:24:33,ICBP,RG,9625,11,D,ZP,YP,D
11:24:33,ICBP,RG,9625,42,D,ZP,YB,D
11:24:33,ICBP,RG,9625,6,D,ZP,YP,D
11:24:33,ICBP,RG,9625,36,D,ZP,PD,D
11:24:33,ICBP,RG,9625,1,D,CC,PD,D
11:24:33,ICBP,RG,9625,2,D,YP,PD,D
11:24:33,ICBP,RG,9625,1,D,YU,PD,D
11:24:33,ICBP,RG,9625,1,D,KK,PD,D
11:24:33,ICBP,RG,9625,1,D,CP,PD,D
11:24:33,ICBP,RG,9625,1,D,KK,PD,D
11:24:33,ICBP,RG,9625,1,D,XL,PD,D
11:24:33,ICBP,RG,9625,3,D,XL,PD,D
11:24:33,ICBP,RG,9625,1,D,EP,PD,D
11:24:33,ICBP,RG,9625,1,D,XC,PD,D
11:24:33,ICBP,RG,9650,2,D,YP,PD,D
11:24:33,ICBP,RG,9650,1,D,PD,PD,D
11:24:33,ICBP,RG,9650,2,D,PD,PD,D
11:24:33,ICBP,RG,9650,2,D,PD,PD,D
11:24:33,ICBP,RG,9650,3,D,YP,PD,D
11:24:33,ICBP,RG,9650,2,D,SQ,PD,D
11:24:33,ICBP,RG,9650,2,D,PD,PD,D
11:24:33,ICBP,RG,9650,2,D,YP,PD,D
11:24:33,ICBP,RG,9650,1,D,PD,PD,D
11:24:33,ICBP,RG,9650,4,D,DH,PD,D
11:24:33,ICBP,RG,9650,17,D,DH,PD,D
11:24:33,ICBP,RG,9650,5,D,YP,PD,D
11:24:33,ICBP,RG,9650,2,D,CC,PD,D
11:24:33,ICBP,RG,9650,10,D,YP,PD,D
11:24:33,ICBP,RG,9650,1,D,YP,PD,D
11:24:33,ICBP,RG,9650,5,D,KK,PD,D
11:24:33,ICBP,RG,9650,3,D,CC,PD,D
11:24:33,ICBP,RG,9650,1,D,CC,PD,D
11:24:33,ICBP,RG,9650,1,D,PD,PD,D
11:24:33,ICBP,RG,9650,7,D,YP,PD,D
11:24:33,ICBP,RG,9650,4,D,YP,PD,D
11:24:33,ICBP,RG,9650,9,D,YP,PD,D
11:24:33,ICBP,RG,9650,21,D,CC,PD,D
11:24:33,ICBP,RG,9650,20,D,CC,PD,D
11:24:30,ICBP,RG,9650,13,D,CC,YP,D
11:24:30,ICBP,RG,9650,25,D,CC,CC,D
11:24:30,ICBP,RG,9650,2,D,CC,YP,D
11:24:30,ICBP,RG,9650,46,D,CC,YP,D
11:24:30,ICBP,RG,9650,10,D,CC,YP,D
11:24:30,ICBP,RG,9650,69,D,CC,YP,D
11:24:30,ICBP,RG,9650,40,D,CC,YP,D
11:24:30,ICBP,RG,9650,10,D,CC,KK,D
11:24:30,ICBP,RG,9650,11,D,CC,KK,D
11:24:30,ICBP,RG,9650,95,D,CC,YP,D
11:24:30,ICBP,RG,9650,5,D,CC,YP,D
11:24:30,ICBP,RG,9650,5,D,CC,YB,D
11:24:30,ICBP,RG,9650,38,D,CC,YP,D
11:24:30,ICBP,RG,9650,11,D,CC,YP,D
11:24:30,ICBP,RG,9650,22,D,CC,YP,D
11:24:30,ICBP,RG,9650,8,D,CC,YB,D
11:24:30,ICBP,RG,9650,38,D,CC,YB,D
11:24:30,ICBP,RG,9650,101,D,CC,BB,D
11:24:30,ICBP,RG,9650,6,D,CC,YB,D
11:24:30,ICBP,RG,9650,127,D,CC,DR,D
11:24:30,ICBP,RG,9650,133,D,CC,DR,D
11:24:30,ICBP,RG,9650,5,D,CC,DR,D
11:24:30,ICBP,RG,9650,1,D,CC,BQ,D
11:24:30,ICBP,RG,9650,26,D,CC,PD,D
11:24:30,ICBP,RG,9650,20,D,CC,PD,D
11:24:30,ICBP,RG,9650,76,D,CC,PD,D
11:24:30,ICBP,RG,9650,16,D,CC,PD,D
11:24:30,ICBP,RG,9650,12,D,CC,PD,D
11:24:30,ICBP,RG,9650,8,D,CC,PD,D
11:24:30,ICBP,RG,9650,61,D,CC,PD,D
11:24:30,ICBP,RG,9650,10,D,CC,PD,D
11:24:30,ICBP,RG,9650,76,D,CC,PD,D
11:24:30,ICBP,RG,9650,37,D,CC,PD,D
11:24:30,ICBP,RG,9650,10,D,CC,PD,D
11:24:30,ICBP,RG,9650,86,D,CC,PD,D
11:24:30,ICBP,RG,9675,2,F,ZP,PD,D
11:24:30,ICBP,RG,9675,2,D,AO,PD,D
11:24:30,ICBP,RG,9675,1,D,AO,PD,D
11:24:30,ICBP,RG,9675,7,D,AO,BB,D
11:24:30,ICBP,RG,9675,1,D,PD,BB,D
11:24:30,ICBP,RG,9675,10,D,YU,BB,D
11:24:30,ICBP,RG,9675,10,D,AI,BB,D
11:24:30,ICBP,RG,9675,7,F,YU,BB,D
11:24:30,ICBP,RG,9675,6,F,YU,BB,D
11:24:30,ICBP,RG,9675,10,D,PD,BB,D
11:24:30,ICBP,RG,9675,2,D,PD,BB,D
11:24:30,ICBP,RG,9675,2,D,YP,BB,D
11:24:30,ICBP,RG,9675,5,D,CC,BB,D
11:24:30,ICBP,RG,9675,9,D,YP,BB,D
11:24:30,ICBP,RG,9675,1,D,PD,BB,D
11:24:30,ICBP,RG,9675,2,D,YP,BB,D
11:24:30,ICBP,RG,9675,7,D,XC,BB,D
11:24:30,ICBP,RG,9675,2,D,XC,BB,D
11:24:30,ICBP,RG,9675,1,D,XL,BB,D
11:24:30,ICBP,RG,9675,25,D,PD,BB,D
11:24:30,ICBP,RG,9675,1,D,CC,BB,D
11:24:30,ICBP,RG,9675,1,D,PD,BB,D
11:24:30,ICBP,RG,9675,1,D,MK,BB,D
11:24:30,ICBP,RG,9700,5,F,AK,BB,D
11:24:29,ICBP,RG,9700,14,F,ZP,BB,D
11:24:29,ICBP,RG,9700,202,D,PD,BB,D
11:24:29,ICBP,RG,9700,30,D,PD,BB,D
11:24:29,ICBP,RG,9700,143,D,PD,BB,D
11:24:29,ICBP,RG,9700,39,D,PD,BB,D
11:24:29,ICBP,RG,9700,84,D,PD,BB,D
11:24:29,ICBP,RG,9700,7,D,AK,BB,D
11:24:29,ICBP,RG,9700,7,F,AK,BB,D
11:24:29,ICBP,RG,9700,1,D,YP,BB,D
11:24:29,ICBP,RG,9700,1,D,SQ,BB,D
11:24:29,ICBP,RG,9700,8,F,AK,BB,D
11:24:29,ICBP,RG,9700,11,F,YU,BB,D
11:24:29,ICBP,RG,9700,9,F,YU,BB,D
11:24:29,ICBP,RG,9700,11,D,AK,BB,D
11:24:29,ICBP,RG,9700,22,F,YU,BB,D
11:24:29,ICBP,RG,9700,1,D,XL,BB,D
11:24:29,ICBP,RG,9700,5,D,PD,BB,D
11:24:00,ICBP,RG,9700,5,D,PD,CC,D
11:24:00,ICBP,RG,9700,13,F,ZP,CC,D
11:23:18,ICBP,RG,9700,29,F,ZP,AK,F
11:23:18,ICBP,RG,9700,9,F,AK,AK,F
11:23:18,ICBP,RG,9700,13,F,YU,AK,F
11:23:18,ICBP,RG,9700,2,D,YP,AK,F
11:23:18,ICBP,RG,9700,76,D,RX,AK,F
11:22:11,ICBP,RG,9700,4,D,RX,KZ,F
11:22:09,ICBP,RG,9700,100,D,RX,CC,D
11:22:01,ICBP,RG,9700,2,D,RX,KZ,F
11:22:00,ICBP,RG,9725,20,F,ZP,BK,F
11:22:00,ICBP,RG,9700,39,D,RX,CC,D
11:22:00,ICBP,RG,9700,19,F,YU,CC,D
11:22:00,ICBP,RG,9700,23,F,YU,CC,D
11:22:00,ICBP,RG,9700,11,D,AK,CC,D
11:22:00,ICBP,RG,9700,8,F,AK,CC,D
11:22:00,ICBP,RG,9700,38,F,YU,CC,D
11:22:00,ICBP,RG,9700,35,F,ZP,CC,D
11:22:00,ICBP,RG,9700,13,F,ZP,CC,D
11:22:00,ICBP,RG,9700,10,D,NI,CC,D
11:22:00,ICBP,RG,9700,1,D,CC,CC,D
11:22:00,ICBP,RG,9700,2,D,YP,CC,D
11:22:00,ICBP,RG,9700,30,D,PD,CC,D
11:22:00,ICBP,RG,9700,32,D,PD,CC,D
11:21:58,ICBP,RG,9700,8,D,PD,KZ,D
11:21:58,ICBP,RG,9700,103,D,PD,BK,F
11:21:58,ICBP,RG,9700,135,D,PD,BK,F
11:21:58,ICBP,RG,9700,67,D,PD,CC,D
11:21:58,ICBP,RG,9700,33,D,PD,CC,D
11:21:57,ICBP,RG,9700,6,D,PD,BK,F
11:21:57,ICBP,RG,9700,84,D,PD,BK,F
11:21:57,ICBP,RG,9700,5,D,CC,BK,F
11:21:57,ICBP,RG,9700,1,D,XL,BK,F
11:21:57,ICBP,RG,9700,3,D,YB,BK,F
11:21:57,ICBP,RG,9700,1,D,XC,BK,F
11:21:57,ICBP,RG,9700,50,D,KK,BK,F
11:21:57,ICBP,RG,9700,1,D,XC,BK,F
11:21:57,ICBP,RG,9700,1,D,PD,BK,F
11:21:57,ICBP,RG,9700,1,D,CP,BK,F
11:21:57,ICBP,RG,9700,4,D,EP,BK,F
11:21:57,ICBP,RG,9700,25,D,GR,BK,F
11:21:57,ICBP,RG,9700,1,D,ZP,BK,F
11:21:57,ICBP,RG,9700,25,D,YB,BK,F
11:21:57,ICBP,RG,9700,32,D,CC,BK,F
11:21:57,ICBP,RG,9700,240,D,CC,BK,F
11:21:57,ICBP,RG,9700,1074,D,CC,BK,F
11:21:57,ICBP,RG,9700,654,D,CC,BB,D
11:21:57,ICBP,RG,9700,12,D,CC,BB,D
11:21:57,ICBP,RG,9700,5,F,YP,BB,D
11:21:57,ICBP,RG,9700,3,D,PD,BB,D
11:21:57,ICBP,RG,9700,1,D,PD,BB,D
11:21:57,ICBP,RG,9700,1,D,DH,BB,D
11:21:57,ICBP,RG,9700,1,D,MK,BB,D
11:21:57,ICBP,RG,9700,100,D,CC,BB,D
11:21:15,ICBP,RG,9725,9,F,ZP,BK,F
11:21:15,ICBP,RG,9725,11,F,ZP,CC,D
11:21:00,ICBP,RG,9700,240,D,CC,BK,F
11:21:00,ICBP,RG,9700,30,D,CC,CC,D
11:20:24,ICBP,RG,9725,3,F,ZP,CC,D
11:19:11,ICBP,RG,9725,9,F,ZP,CC,D
11:19:11,ICBP,RG,9700,200,D,CC,CC,D
11:18:57,ICBP,RG,9700,6,D,CC,EP,D
11:18:35,ICBP,RG,9700,43,D,CC,CC,D
11:18:23,ICBP,RG,9700,200,D,CC,CC,D
11:18:10,ICBP,RG,9700,131,D,CC,CC,D
11:18:10,ICBP,RG,9700,69,D,CC,CC,D
11:18:05,ICBP,RG,9700,8,D,CC,AK,F
11:16:57,ICBP,RG,9700,12,D,CC,BB,D
11:16:20,ICBP,RG,9700,39,D,CC,EP,D
11:16:09,ICBP,RG,9725,70,F,ZP,CC,D
11:15:25,ICBP,RG,9725,1,D,NI,CC,D
11:14:57,ICBP,RG,9700,2,D,CC,XC,D
11:14:57,ICBP,RG,9700,2,D,CC,CC,D
11:14:56,ICBP,RG,9700,12,D,CC,PD,D
11:14:56,ICBP,RG,9700,78,D,CC,PD,D
11:14:56,ICBP,RG,9700,4,D,AI,PD,D
11:14:56,ICBP,RG,9700,1,D,AI,PD,D
11:14:32,ICBP,RG,9725,50,D,PD,CC,D
11:13:52,ICBP,RG,9725,28,D,PD,CC,D
11:13:52,ICBP,RG,9725,9,D,PD,BB,D
11:13:52,ICBP,RG,9725,13,D,PD,NI,D
11:13:13,ICBP,RG,9725,1,D,BQ,NI,D
11:12:09,ICBP,RG,9725,6,F,YU,NI,D
11:11:48,ICBP,RG,9725,11,F,YU,BB,D
11:11:48,ICBP,RG,9725,22,F,YU,BB,D
11:11:48,ICBP,RG,9725,12,D,AK,BB,D
11:11:48,ICBP,RG,9725,2,D,AZ,BB,D
11:11:48,ICBP,RG,9725,8,F,AK,BB,D
11:11:48,ICBP,RG,9725,25,F,YU,BB,D
11:11:48,ICBP,RG,9725,25,F,YU,BB,D
11:11:48,ICBP,RG,9725,7,F,AK,BB,D
11:11:48,ICBP,RG,9725,1,D,PD,BB,D
11:11:48,ICBP,RG,9725,11,F,ZP,BB,D
11:11:48,ICBP,RG,9725,5,D,YP,BB,D
11:11:48,ICBP,RG,9725,1,D,DH,BB,D
11:11:48,ICBP,RG,9725,25,D,DR,BB,D
11:11:48,ICBP,RG,9725,1,D,XC,BB,D
11:11:48,ICBP,RG,9725,3,D,SQ,BB,D
11:11:48,ICBP,RG,9725,3,D,OD,BB,D
11:11:48,ICBP,RG,9725,5,D,CC,BB,D
11:11:48,ICBP,RG,9725,43,D,LG,BB,D
11:11:10,ICBP,RG,9750,1,D,PD,DH,D
11:10:49,ICBP,RG,9725,2,D,LG,NI,D
11:10:21,ICBP,RG,9725,3,D,LG,KZ,F
11:10:17,ICBP,RG,9725,52,D,LG,BB,D
11:10:17,ICBP,RG,9725,2,F,ZP,BB,D
11:10:17,ICBP,RG,9725,2,D,ZP,BB,D
11:10:17,ICBP,RG,9725,35,F,ZP,BB,D
11:10:17,ICBP,RG,9725,200,D,EP,BB,D
11:10:17,ICBP,RG,9725,1,D,PD,BB,D
11:10:17,ICBP,RG,9725,30,D,PD,BB,D
11:10:17,ICBP,RG,9725,202,D,PD,BB,D
11:10:17,ICBP,RG,9725,80,D,PD,BB,D
11:07:59,ICBP,RG,9725,63,D,PD,BB,D
11:07:59,ICBP,RG,9725,7,D,PD,BB,D
11:07:45,ICBP,RG,9750,6,F,AK,BB,D
11:07:45,ICBP,RG,9750,12,D,AK,BB,D
11:07:45,ICBP,RG,9750,32,F,YU,BB,D
11:07:45,ICBP,RG,9750,3,D,XC,BB,D
11:07:45,ICBP,RG,9750,5,F,AK,BB,D
11:07:45,ICBP,RG,9750,9,F,ZP,BB,D
11:07:45,ICBP,RG,9750,6,F,AK,BB,D
11:07:45,ICBP,RG,9750,14,F,YU,BB,D
11:07:45,ICBP,RG,9750,18,F,ZP,BB,D
11:07:45,ICBP,RG,9750,202,D,PD,BB,D
11:07:45,ICBP,RG,9750,30,D,PD,BB,D
11:07:45,ICBP,RG,9750,143,D,PD,BB,D
11:07:45,ICBP,RG,9750,35,D,PD,BB,D
11:05:48,ICBP,RG,9750,1,D,PD,NI,D
11:05:22,ICBP,RG,9750,3,D,PD,CC,D
11:05:22,ICBP,RG,9750,84,D,PD,CC,D
11:05:22,ICBP,RG,9750,13,F,AK,CC,D
11:05:14,ICBP,RG,9750,1,F,AK,CC,D
11:05:14,ICBP,RG,9750,6,F,AK,CC,D
11:05:14,ICBP,RG,9750,10,D,AZ,CC,D
11:05:14,ICBP,RG,9750,3,D,AK,CC,D
11:04:50,ICBP,RG,9750,4,D,AK,NI,D
11:04:39,ICBP,RG,9750,1,D,AK,YP,D
11:04:39,ICBP,RG,9750,6,D,AK,PD,D
11:04:39,ICBP,RG,9750,14,F,YU,PD,D
11:04:00,ICBP,RG,9750,240,F,YU,BK,F
11:04:00,ICBP,RG,9750,139,F,YU,CC,D
11:03:59,ICBP,RG,9750,17,F,YU,PD,D
11:03:55,ICBP,RG,9750,34,F,YU,CC,D
11:03:55,ICBP,RG,9750,6,F,AK,CC,D
11:03:55,ICBP,RG,9750,66,D,AK,CC,D
11:03:55,ICBP,RG,9750,10,D,AO,CC,D
11:03:55,ICBP,RG,9750,30,F,YU,CC,D
11:03:55,ICBP,RG,9750,5,F,AK,CC,D
11:03:55,ICBP,RG,9750,49,D,RX,CC,D
11:03:37,ICBP,RG,9750,82,D,RX,BB,D
11:03:37,ICBP,RG,9750,5,F,AK,BB,D
11:03:37,ICBP,RG,9750,24,F,ZP,BB,D
11:03:37,ICBP,RG,9750,79,F,YU,BB,D
11:03:37,ICBP,RG,9750,187,D,RX,BB,D
11:03:31,ICBP,RG,9775,8,D,RX,BK,F
11:03:19,ICBP,RG,9775,10,F,YU,BK,F
11:03:11,ICBP,RG,9775,3,D,RX,BK,F
11:03:11,ICBP,RG,9775,17,D,RX,BK,F
11:02:53,ICBP,RG,9775,9,F,YU,BK,F
11:02:23,ICBP,RG,9775,8,D,RX,BK,F
11:02:23,ICBP,RG,9775,16,F,YU,BK,F
11:02:04,ICBP,RG,9775,9,D,RX,BK,F
11:01:48,ICBP,RG,9775,8,F,YU,BK,F
11:01:44,ICBP,RG,9775,11,D,RX,BK,F
11:01:36,ICBP,RG,9775,24,F,YU,BK,F
11:01:18,ICBP,RG,9775,8,D,RX,BK,F
11:01:17,ICBP,RG,9775,7,F,YU,BK,F
11:00:59,ICBP,RG,9775,13,D,RX,BK,F
11:00:49,ICBP,RG,9750,11,D,AK,PD,D
11:00:49,ICBP,RG,9750,5,F,ZP,PD,D
11:00:49,ICBP,RG,9750,6,F,AK,PD,D
11:00:47,ICBP,RG,9775,16,F,YU,BK,F
11:00:45,ICBP,RG,9775,11,D,AK,BK,F
11:00:13,ICBP,RG,9775,16,F,YU,BK,F
10:59:57,ICBP,RG,9750,1,F,AK,XC,D
10:59:41,ICBP,RG,9775,6,F,YU,BK,F
10:59:16,ICBP,RG,9775,18,F,YU,BK,F
10:59:15,ICBP,RG,9775,2,F,AK,BK,F
10:59:15,ICBP,RG,9775,3,F,AK,KK,D
10:58:49,ICBP,RG,9775,6,F,YU,KK,D
10:58:48,ICBP,RG,9750,1,F,YU,AK,F
10:58:48,ICBP,RG,9750,2,F,YU,AK,F
10:58:20,ICBP,RG,9750,1,F,ZP,XL,D
10:58:20,ICBP,RG,9750,1,F,ZP,XC,D
10:58:20,ICBP,RG,9750,3,F,ZP,AK,F
10:58:20,ICBP,RG,9750,5,F,ZP,TP,D
10:58:20,ICBP,RG,9750,2,F,ZP,KZ,F
10:58:20,ICBP,RG,9750,4,F,ZP,NI,D
10:58:20,ICBP,RG,9750,148,F,ZP,BB,D
10:58:20,ICBP,RG,9750,57,F,ZP,CC,D
10:58:20,ICBP,RG,9750,38,F,ZP,BB,D
10:58:20,ICBP,RG,9750,14,F,YU,BB,D
10:57:57,ICBP,RG,9725,2,D,PD,YP,D
10:57:47,ICBP,RG,9750,18,F,YU,BB,D
10:57:43,ICBP,RG,9750,41,D,RX,BB,D
10:57:16,ICBP,RG,9750,11,F,ZP,BB,D
10:57:16,ICBP,RG,9750,12,D,PD,BB,D
10:57:16,ICBP,RG,9750,1,D,PD,AK,F
10:57:16,ICBP,RG,9750,2,D,PD,AK,F
10:57:16,ICBP,RG,9750,20,D,PD,YP,D
10:57:16,ICBP,RG,9750,10,D,PD,CC,D
10:57:16,ICBP,RG,9750,11,D,PD,CC,D
10:57:16,ICBP,RG,9750,1,D,PD,KK,D
10:57:16,ICBP,RG,9750,1,D,PD,NI,D
10:57:16,ICBP,RG,9750,1,D,PD,NI,D
10:57:16,ICBP,RG,9750,1,D,PD,PD,D
10:57:16,ICBP,RG,9750,7,D,PD,PD,D
10:57:16,ICBP,RG,9750,54,D,PD,CC,D
10:57:16,ICBP,RG,9750,18,D,PD,CC,D
10:57:16,ICBP,RG,9750,66,D,PD,CC,D
10:57:16,ICBP,RG,9750,19,D,PD,CC,D
10:57:16,ICBP,RG,9750,23,D,PD,CC,D
10:57:16,ICBP,RG,9750,50,D,PD,CC,D
10:57:15,ICBP,RG,9750,12,F,YU,CC,D
10:56:45,ICBP,RG,9750,10,F,YU,CC,D
10:56:45,ICBP,RG,9750,4,F,AK,CC,D
10:56:36,ICBP,RG,9750,11,D,RX,CC,D
10:56:11,ICBP,RG,9750,20,F,YU,CC,D
10:55:39,ICBP,RG,9750,10,F,YU,CC,D
10:55:16,ICBP,RG,9750,15,D,RX,CC,D
10:55:09,ICBP,RG,9750,18,F,YU,CC,D
10:55:00,ICBP,RG,9750,5,F,AK,CC,D
10:54:36,ICBP,RG,9750,8,F,YU,CC,D
10:54:31,ICBP,RG,9725,2,D,PD,BB,D
10:54:27,ICBP,RG,9750,11,D,RX,CC,D
10:54:15,ICBP,RG,9750,3,D,XC,CC,D
10:54:08,ICBP,RG,9750,7,F,YU,CC,D
10:53:56,ICBP,RG,9750,9,D,RX,CC,D
10:53:48,ICBP,RG,9750,65,F,ZP,CC,D
10:53:48,ICBP,RG,9750,3,F,ZP,KZ,F
10:53:48,ICBP,RG,9750,1,F,ZP,OD,D
10:53:48,ICBP,RG,9750,1,F,ZP,AK,F
10:53:48,ICBP,RG,9750,1,F,ZP,AK,F
10:53:40,ICBP,RG,9750,20,F,YU,BB,D
10:53:33,ICBP,RG,9750,50,D,RX,BB,D
10:53:23,ICBP,RG,9725,2,D,PD,YP,D
10:53:15,ICBP,RG,9750,5,F,AK,BB,D
10:53:14,ICBP,RG,9750,9,F,YU,BB,D
10:52:45,ICBP,RG,9750,16,F,YU,BB,D
10:52:21,ICBP,RG,9750,10,D,YP,BB,D
10:52:13,ICBP,RG,9750,14,F,YU,BB,D
10:51:44,ICBP,RG,9750,16,F,YU,BB,D
10:51:30,ICBP,RG,9750,6,F,AK,BB,D
10:51:14,ICBP,RG,9750,7,F,YU,BB,D
10:51:11,ICBP,RG,9725,3,D,PD,KZ,F
10:51:00,ICBP,RG,9725,1,D,PD,XC,D
10:50:45,ICBP,RG,9750,10,D,XL,BB,D
10:50:16,ICBP,RG,9725,1,D,PD,SQ,D
10:50:11,ICBP,RG,9725,7,D,PD,XL,D
10:48:38,ICBP,RG,9725,3,D,PD,DR,D
10:46:35,ICBP,RG,9725,10,D,PD,XL,D
10:46:01,ICBP,RG,9725,1,D,PD,BB,D
10:46:01,ICBP,RG,9725,84,D,PD,BB,D
10:46:01,ICBP,RG,9725,5,D,YP,BB,D
10:46:01,ICBP,RG,9725,1,D,KK,BB,D
10:46:01,ICBP,RG,9725,93,D,AG,BB,D
10:45:49,ICBP,RG,9750,1,D,PD,BB,D
10:45:39,ICBP,RG,9750,10,D,PD,BB,D
10:45:38,ICBP,RG,9750,121,D,PD,BK,F
10:45:38,ICBP,RG,9750,10,D,PD,BK,F
10:45:38,ICBP,RG,9750,8,D,PD,BB,D
10:45:38,ICBP,RG,9750,86,D,PD,BB,D
10:45:38,ICBP,RG,9750,23,D,PD,BB,D
10:45:38,ICBP,RG,9750,50,D,PD,BK,F
10:45:33,ICBP,RG,9725,7,D,AG,PD,D
10:45:33,ICBP,RG,9725,2,D,CC,PD,D
10:45:33,ICBP,RG,9725,1,D,YP,PD,D
10:43:26,ICBP,RG,9725,9,D,YP,PD,D
10:43:26,ICBP,RG,9725,1,D,PD,PD,D
10:43:26,ICBP,RG,9725,1,D,PD,PD,D
10:42:55,ICBP,RG,9725,1,D,PD,BB,D
10:42:55,ICBP,RG,9725,309,F,GR,BB,D
10:42:39,ICBP,RG,9750,1,D,BQ,BK,F
10:41:59,ICBP,RG,9750,121,D,PD,BK,F
10:41:59,ICBP,RG,9750,1,D,PD,BK,F
10:41:59,ICBP,RG,9750,17,D,PD,BK,F
10:41:59,ICBP,RG,9750,23,D,PD,BK,F
10:41:59,ICBP,RG,9750,86,D,PD,BK,F
10:41:59,ICBP,RG,9750,50,D,PD,BK,F
10:40:16,ICBP,RG,9725,191,F,GR,BB,D
10:40:16,ICBP,RG,9725,2,D,XC,BB,D
10:40:16,ICBP,RG,9725,443,D,ZP,BB,D
10:39:33,ICBP,RG,9750,6,F,AK,BB,D
10:39:33,ICBP,RG,9750,184,D,RX,BB,D
10:39:33,ICBP,RG,9750,12,D,AK,BB,D
10:39:33,ICBP,RG,9750,6,F,AK,BB,D
10:39:33,ICBP,RG,9750,8,F,ZP,BB,D
10:39:33,ICBP,RG,9750,121,D,PD,BB,D
10:39:33,ICBP,RG,9750,18,D,PD,BB,D
10:39:33,ICBP,RG,9750,86,D,PD,BB,D
10:39:33,ICBP,RG,9750,23,D,PD,BB,D
10:39:19,ICBP,RG,9750,2,D,PD,PD,D
10:39:19,ICBP,RG,9750,19,D,PD,BB,D
10:39:19,ICBP,RG,9750,1,D,PD,AK,F
10:39:19,ICBP,RG,9750,1,D,PD,KK,D
10:39:19,ICBP,RG,9750,27,D,PD,XC,D
10:38:29,ICBP,RG,9750,6,D,CS,XC,D
10:38:29,ICBP,RG,9750,3,D,CS,XC,D
10:38:29,ICBP,RG,9750,1,D,CS,AK,F
10:38:29,ICBP,RG,9750,69,D,CS,BB,D
10:37:36,ICBP,RG,9750,178,F,ZP,BB,D
10:37:36,ICBP,RG,9750,110,F,ZP,CC,D
10:37:36,ICBP,RG,9750,6,F,ZP,CC,D
10:37:36,ICBP,RG,9750,84,F,YU,CC,D
10:37:36,ICBP,RG,9750,1,F,YU,KK,D
10:37:36,ICBP,RG,9750,2,F,YU,BB,D
10:37:36,ICBP,RG,9750,3,F,YU,AK,F
10:36:06,ICBP,RG,9725,4,D,ZP,XC,D
10:36:06,ICBP,RG,9725,17,D,ZP,GR,D
10:36:05,ICBP,RG,9725,16,D,ZP,GR,D
10:36:05,ICBP,RG,9725,20,D,ZP,KK,D
10:36:05,ICBP,RG,9725,1,D,XL,KK,D
10:36:05,ICBP,RG,9725,1,D,YP,KK,D
10:36:05,ICBP,RG,9725,1,D,OD,KK,D
10:36:05,ICBP,RG,9725,2,D,OD,KK,D
10:36:05,ICBP,RG,9725,1,D,OD,DR,D
10:36:05,ICBP,RG,9725,2,D,YP,DR,D
10:36:05,ICBP,RG,9725,2,D,PD,DR,D
10:36:05,ICBP,RG,9725,3,D,PD,DR,D
10:36:05,ICBP,RG,9725,1,D,PD,DR,D
10:36:05,ICBP,RG,9725,1,D,PD,XC,D
10:36:05,ICBP,RG,9725,1,D,PD,XC,D
10:36:05,ICBP,RG,9725,1,D,PD,XC,D
10:36:05,ICBP,RG,9725,1,D,DH,XC,D
10:35:51,ICBP,RG,9750,6,F,ZP,IF,D
10:35:51,ICBP,RG,9750,1,F,ZP,PD,D
10:35:51,ICBP,RG,9750,1,F,ZP,AK,F
10:35:51,ICBP,RG,9750,139,F,ZP,CC,D
10:35:51,ICBP,RG,9750,106,F,ZP,BB,D
10:35:51,ICBP,RG,9750,158,F,ZP,CC,D
10:35:18,ICBP,RG,9750,1,D,CS,CC,D
10:35:18,ICBP,RG,9750,9,F,ZP,CC,D
10:35:18,ICBP,RG,9750,3,F,ZP,CC,D
10:35:18,ICBP,RG,9750,1,D,CS,CC,D
10:35:18,ICBP,RG,9750,12,D,AK,CC,D
10:35:18,ICBP,RG,9750,1,D,PD,CC,D
10:35:18,ICBP,RG,9750,11,D,AK,CC,D
10:35:18,ICBP,RG,9750,4,F,ZP,CC,D
10:35:16,ICBP,RG,9750,1,F,ZP,XC,D
10:34:55,ICBP,RG,9750,1,D,PD,NI,D
10:33:47,ICBP,RG,9750,1,D,PD,AK,F
10:33:47,ICBP,RG,9750,4,D,PD,KZ,F
10:33:47,ICBP,RG,9750,4,D,PD,AK,F
10:33:47,ICBP,RG,9750,59,D,PD,CC,D
10:33:47,ICBP,RG,9750,3,D,PD,BB,D
10:33:47,ICBP,RG,9750,4,D,PD,PD,D
10:33:23,ICBP,RG,9750,1,D,BQ,PD,D
10:32:17,ICBP,RG,9750,1,F,ZP,AK,F
10:32:17,ICBP,RG,9750,1,F,ZP,AK,F
10:32:17,ICBP,RG,9750,72,F,ZP,CC,D
10:32:17,ICBP,RG,9750,86,F,ZP,BB,D
10:32:17,ICBP,RG,9750,130,F,ZP,CC,D
10:31:34,ICBP,RG,9750,15,F,ZP,CC,D
10:31:34,ICBP,RG,9750,24,F,ZP,CC,D
10:31:34,ICBP,RG,9750,1,D,CS,CC,D
10:31:34,ICBP,RG,9750,7,F,AK,CC,D
10:31:34,ICBP,RG,9750,6,F,AK,CC,D
10:31:34,ICBP,RG,9750,1,D,CS,CC,D
10:31:34,ICBP,RG,9750,1,D,CS,CC,D
10:31:34,ICBP,RG,9750,15,D,RX,CC,D
10:31:09,ICBP,RG,9750,87,D,RX,BB,D
10:31:04,ICBP,RG,9750,63,D,RX,BK,F
10:31:04,ICBP,RG,9750,90,F,ZP,BK,F
10:31:04,ICBP,RG,9750,46,F,ZP,BK,F
10:31:04,ICBP,RG,9750,2,D,PD,BK,F
10:31:04,ICBP,RG,9750,1,D,CS,BK,F
10:31:04,ICBP,RG,9750,1,D,CS,BK,F
10:31:04,ICBP,RG,9750,1,D,NI,BK,F
10:31:04,ICBP,RG,9750,10,D,CC,BK,F
10:31:04,ICBP,RG,9750,28,F,AK,BK,F
10:31:04,ICBP,RG,9750,1,D,CS,BK,F
10:31:04,ICBP,RG,9750,1,D,CS,BK,F
10:31:04,ICBP,RG,9750,6,F,AK,BK,F
10:31:04,ICBP,RG,9750,48,F,SQ,BK,F
10:31:04,ICBP,RG,9750,56,D,RX,BK,F
10:31:04,ICBP,RG,9750,12,D,AK,BK,F
10:31:04,ICBP,RG,9750,5,F,AK,BK,F
10:31:04,ICBP,RG,9750,1,D,CS,BK,F
10:31:04,ICBP,RG,9750,2,D,DH,BK,F
10:31:04,ICBP,RG,9750,5,F,AK,BK,F
10:31:04,ICBP,RG,9750,2,D,CC,BK,F
10:31:04,ICBP,RG,9750,1,D,PD,BK,F
10:31:04,ICBP,RG,9750,12,D,AK,BK,F
10:31:04,ICBP,RG,9750,30,F,ZP,BK,F
10:31:04,ICBP,RG,9750,5,D,YP,BK,F
10:31:04,ICBP,RG,9750,2,F,ZP,BK,F
10:31:04,ICBP,RG,9750,50,D,XL,BK,F
10:31:04,ICBP,RG,9750,116,D,PD,BK,F
10:31:00,ICBP,RG,9750,50,D,PD,BB,D
10:31:00,ICBP,RG,9775,14,F,AK,BB,D
10:30:21,ICBP,RG,9750,36,D,PD,BB,D
10:30:21,ICBP,RG,9750,6,D,PD,BB,D
10:30:21,ICBP,RG,9775,5,F,ZP,BB,D
10:29:39,ICBP,RG,9750,3,D,PD,BB,D
10:29:14,ICBP,RG,9750,4,D,PD,XC,D
10:29:11,ICBP,RG,9750,5,D,PD,KZ,F
10:29:06,ICBP,RG,9750,12,D,PD,BB,D
10:29:06,ICBP,RG,9750,71,D,PD,BB,D
10:29:06,ICBP,RG,9750,2,D,PD,CC,D
10:28:42,ICBP,RG,9775,26,D,AK,BB,D
10:28:42,ICBP,RG,9775,2,D,AK,CC,D
10:28:42,ICBP,RG,9775,2,D,AK,DR,D
10:28:42,ICBP,RG,9775,10,D,AK,PD,D
10:28:42,ICBP,RG,9775,4,D,AK,KZ,F
10:28:42,ICBP,RG,9775,23,D,AK,CC,D
10:28:42,ICBP,RG,9750,70,D,PD,BB,D
10:28:42,ICBP,RG,9750,10,D,PD,BB,D
10:28:42,ICBP,RG,9750,2,D,PD,XC,D
10:27:49,ICBP,RG,9750,27,D,PD,BB,D
10:27:49,ICBP,RG,9750,4,D,PD,BB,D
10:27:49,ICBP,RG,9750,1,D,PD,XC,D
10:27:40,ICBP,RG,9750,29,D,PD,BB,D
10:27:32,ICBP,RG,9750,31,D,PD,BB,D
10:26:09,ICBP,RG,9750,1,D,PD,XC,D
10:25:55,ICBP,RG,9775,17,D,RX,CC,D
10:25:45,ICBP,RG,9775,16,F,AK,CC,D
10:24:37,ICBP,RG,9750,2,D,PD,XC,D
10:24:01,ICBP,RG,9750,2,D,PD,PD,D
10:23:28,ICBP,RG,9750,3,D,PD,YP,D
10:23:13,ICBP,RG,9750,11,D,PD,CC,D
10:23:13,ICBP,RG,9750,5,D,CC,CC,D
10:23:13,ICBP,RG,9750,2,D,SQ,CC,D
10:23:13,ICBP,RG,9750,70,F,ZP,CC,D
10:23:13,ICBP,RG,9750,65,F,ZP,CC,D
10:23:13,ICBP,RG,9750,6,D,YP,CC,D
10:23:13,ICBP,RG,9750,2,F,ZP,CC,D
10:23:13,ICBP,RG,9750,339,D,XA,CC,D
10:21:41,ICBP,RG,9750,1,D,XA,BB,D
10:20:30,ICBP,RG,9775,41,D,PD,CC,D
10:20:30,ICBP,RG,9775,100,D,PD,CC,D
10:20:30,ICBP,RG,9775,61,D,PD,CC,D
10:20:30,ICBP,RG,9775,11,D,PD,CC,D
10:20:30,ICBP,RG,9775,19,D,PD,AZ,D
10:20:30,ICBP,RG,9775,11,D,PD,AZ,D
10:20:30,ICBP,RG,9775,1,D,PD,AK,F
10:20:30,ICBP,RG,9775,2,D,PD,AK,F
10:20:30,ICBP,RG,9775,129,D,PD,BK,F
10:20:30,ICBP,RG,9775,39,D,PD,BK,F
10:20:30,ICBP,RG,9775,75,D,PD,BK,F
10:20:30,ICBP,RG,9775,9,D,PD,CC,D
10:20:21,ICBP,RG,9750,10,D,XA,XL,D
10:20:18,ICBP,RG,9750,3,D,XA,YP,D
10:19:31,ICBP,RG,9750,3,D,XA,KZ,F
10:19:30,ICBP,RG,9750,10,D,XA,XA,D
10:18:35,ICBP,RG,9750,3,D,XA,AK,F
10:18:13,ICBP,RG,9750,29,D,XA,CC,D
10:17:03,ICBP,RG,9750,1,D,XA,XC,D
10:15:47,ICBP,RG,9750,1,D,XA,PD,D
10:14:53,ICBP,RG,9750,6,D,XA,BB,D
10:14:20,ICBP,RG,9750,1,D,XA,PD,D
10:12:50,ICBP,RG,9750,3,D,XA,AK,F
10:12:08,ICBP,RG,9750,11,D,XA,EP,D
10:11:55,ICBP,RG,9750,1,D,XA,YP,D
10:11:35,ICBP,RG,9750,5,D,XA,PD,D
10:10:29,ICBP,RG,9750,73,D,XA,GR,D
10:10:29,ICBP,RG,9750,1,D,YP,GR,D
10:10:29,ICBP,RG,9750,2,D,CP,GR,D
10:10:29,ICBP,RG,9750,2,D,CP,GR,D
10:10:29,ICBP,RG,9750,1,D,PD,GR,D
10:10:29,ICBP,RG,9750,1,D,PD,GR,D
10:09:08,ICBP,RG,9750,2,D,PD,YP,D
10:09:08,ICBP,RG,9750,1,D,YP,YP,D
10:09:08,ICBP,RG,9750,5,D,BQ,YP,D
10:09:08,ICBP,RG,9750,5,D,PD,YP,D
10:08:50,ICBP,RG,9750,2,D,PD,AK,F
10:07:46,ICBP,RG,9775,1,D,PD,CC,D
10:07:36,ICBP,RG,9775,1,D,CS,CC,D
10:07:36,ICBP,RG,9775,2,D,CC,CC,D
10:07:36,ICBP,RG,9775,1,D,PD,CC,D
10:07:36,ICBP,RG,9775,2,D,XC,CC,D
10:07:36,ICBP,RG,9775,4,F,AK,CC,D
10:07:03,ICBP,RG,9775,1,F,AK,YP,D
10:06:58,ICBP,RG,9775,1,D,XC,BK,F
10:06:58,ICBP,RG,9775,80,F,ZP,BK,F
10:06:58,ICBP,RG,9775,64,D,AK,BK,F
10:06:58,ICBP,RG,9775,1,D,CS,BK,F
10:06:58,ICBP,RG,9775,5,F,AK,BK,F
10:06:58,ICBP,RG,9775,6,F,ZP,BK,F
10:06:58,ICBP,RG,9775,60,F,BK,BK,F
10:06:58,ICBP,RG,9775,45,F,ZP,BK,F
10:06:58,ICBP,RG,9775,6,F,ZP,BK,F
10:06:58,ICBP,RG,9775,1,D,CS,BK,F
10:06:58,ICBP,RG,9775,176,D,PD,BK,F
10:06:19,ICBP,RG,9775,8,D,PD,YB,D
10:06:18,ICBP,RG,9775,2,D,PD,XC,D
10:05:41,ICBP,RG,9775,2,D,PD,KZ,F
10:05:31,ICBP,RG,9775,14,D,PD,KK,D
10:05:31,ICBP,RG,9775,13,D,PD,KK,D
10:04:47,ICBP,RG,9775,17,D,PD,BB,D
10:04:47,ICBP,RG,9775,143,D,PD,BB,D
10:04:47,ICBP,RG,9775,39,D,PD,BB,D
10:04:47,ICBP,RG,9775,84,D,PD,BB,D
10:04:47,ICBP,RG,9775,5,F,AK,BB,D
10:04:47,ICBP,RG,9775,43,F,BK,BB,D
10:04:47,ICBP,RG,9775,1,D,CS,BB,D
10:04:47,ICBP,RG,9775,1,D,SQ,BB,D
10:04:47,ICBP,RG,9775,1,D,CS,BB,D
10:04:47,ICBP,RG,9775,127,D,RX,BB,D
10:04:47,ICBP,RG,9775,1,D,CS,BB,D
10:04:47,ICBP,RG,9775,11,D,NI,BB,D
10:04:47,ICBP,RG,9775,1,D,CS,BB,D
10:04:47,ICBP,RG,9775,12,D,AK,BB,D
10:04:47,ICBP,RG,9775,14,F,ZP,BB,D
10:04:47,ICBP,RG,9775,1,D,CS,BB,D
10:04:47,ICBP,RG,9775,122,D,RX,BB,D
10:04:47,ICBP,RG,9775,11,D,AK,BB,D
10:04:47,ICBP,RG,9775,7,F,ZP,BB,D
10:04:47,ICBP,RG,9775,11,F,ZP,BB,D
10:04:47,ICBP,RG,9775,56,F,BK,BB,D
10:04:47,ICBP,RG,9775,36,F,ZP,BB,D
10:04:47,ICBP,RG,9775,18,F,ZP,BB,D
10:04:47,ICBP,RG,9775,7,F,ZP,BB,D
10:04:47,ICBP,RG,9775,121,D,PD,BB,D
10:04:47,ICBP,RG,9775,18,D,PD,BB,D
10:04:47,ICBP,RG,9775,86,D,PD,BB,D
10:04:47,ICBP,RG,9775,6,D,PD,BB,D
10:04:43,ICBP,RG,9775,1,D,PD,NI,D
10:03:05,ICBP,RG,9775,3,D,PD,AK,F
10:03:05,ICBP,RG,9775,5,D,PD,CC,D
10:02:38,ICBP,RG,9775,8,D,PD,BB,D
10:02:30,ICBP,RG,9775,10,D,PD,BB,D
10:01:20,ICBP,RG,9800,8,D,RX,NI,D
10:01:12,ICBP,RG,9800,30,D,DX,NI,D
10:00:39,ICBP,RG,9800,66,D,RX,NI,D
10:00:39,ICBP,RG,9800,24,D,RX,CC,D
10:00:29,ICBP,RG,9775,2,D,PD,XC,D
10:00:15,ICBP,RG,9800,17,F,AK,CC,D
09:59:07,ICBP,RG,9800,9,D,RX,CC,D
09:59:03,ICBP,RG,9775,1,D,PD,PD,D
09:58:40,ICBP,RG,9800,8,D,RX,CC,D
09:58:40,ICBP,RG,9800,66,D,RX,CC,D
09:58:38,ICBP,RG,9775,2,D,PD,PD,D
09:58:11,ICBP,RG,9800,13,D,RX,CC,D
09:58:11,ICBP,RG,9800,1,D,RX,AK,F
09:57:46,ICBP,RG,9775,3,D,PD,KZ,F
09:55:42,ICBP,RG,9800,1,D,XC,PD,D
09:55:13,ICBP,RG,9775,6,D,PD,GR,D
09:55:08,ICBP,RG,9775,14,D,PD,PD,D
09:54:01,ICBP,RG,9775,2,D,PD,CC,D
09:53:55,ICBP,RG,9775,2,D,PD,CC,D
09:53:41,ICBP,RG,9775,1,D,PD,KZ,F
09:53:39,ICBP,RG,9775,1,D,PD,PD,D
09:53:38,ICBP,RG,9775,6,D,PD,DR,D
09:53:38,ICBP,RG,9775,2,F,BK,DR,D
09:53:17,ICBP,RG,9775,1,F,BK,XC,D
09:53:01,ICBP,RG,9775,5,F,BK,NI,D
09:53:01,ICBP,RG,9775,6,F,ZP,NI,D
09:52:50,ICBP,RG,9800,10,D,SQ,PD,D
09:52:33,ICBP,RG,9775,1,F,ZP,NI,D
09:52:33,ICBP,RG,9775,1,D,CS,NI,D
09:51:00,ICBP,RG,9775,57,D,RX,CC,D
09:50:45,ICBP,RG,9800,1,D,XC,PD,D
09:48:48,ICBP,RG,9800,10,D,CC,PD,D
09:46:31,ICBP,RG,9800,18,D,DX,PD,D
09:46:31,ICBP,RG,9800,2,D,DX,XC,D
09:46:26,ICBP,RG,9775,2,D,RX,XC,D
09:45:31,ICBP,RG,9775,3,D,RX,CC,D
09:44:54,ICBP,RG,9775,1,D,RX,CC,D
09:44:54,ICBP,RG,9775,5,D,DR,CC,D
09:44:01,ICBP,RG,9775,3,D,DR,PD,D
09:43:37,ICBP,RG,9750,3,D,PD,CC,D
09:43:37,ICBP,RG,9750,2,D,XC,CC,D
09:43:11,ICBP,RG,9775,9,F,BK,YP,D
09:43:11,ICBP,RG,9775,17,D,AK,YP,D
09:42:57,ICBP,RG,9800,2,F,BK,XC,D
09:42:57,ICBP,RG,9800,3,F,BK,SQ,D
09:42:53,ICBP,RG,9775,5,F,ZP,YP,D
09:42:53,ICBP,RG,9775,5,D,SQ,YP,D
09:42:53,ICBP,RG,9775,42,F,BK,YP,D
09:42:53,ICBP,RG,9775,1,D,CS,YP,D
09:42:53,ICBP,RG,9775,5,F,ZP,YP,D
09:42:53,ICBP,RG,9775,15,F,ZP,YP,D
09:42:53,ICBP,RG,9775,46,F,BK,YP,D
09:42:53,ICBP,RG,9775,85,D,RX,YP,D
09:42:53,ICBP,RG,9775,1,D,CS,YP,D
09:42:53,ICBP,RG,9775,12,D,AK,YP,D
09:42:53,ICBP,RG,9775,4,F,ZP,YP,D
09:42:53,ICBP,RG,9775,36,F,BK,YP,D
09:42:53,ICBP,RG,9775,5,F,ZP,YP,D
09:42:53,ICBP,RG,9775,57,D,RX,YP,D
09:42:53,ICBP,RG,9775,1,F,ZP,YP,D
09:42:53,ICBP,RG,9775,12,D,AK,YP,D
09:42:53,ICBP,RG,9775,1,D,CS,YP,D
09:42:53,ICBP,RG,9775,2,F,ZP,YP,D
09:42:53,ICBP,RG,9775,13,F,BK,YP,D
09:42:53,ICBP,RG,9775,3,F,ZP,YP,D
09:42:53,ICBP,RG,9775,35,F,BK,YP,D
09:41:50,ICBP,RG,9775,8,F,ZP,YP,D
09:41:50,ICBP,RG,9775,8,F,ZP,YP,D
09:41:50,ICBP,RG,9775,75,D,DR,YP,D
09:41:50,ICBP,RG,9775,14,F,ZP,YP,D
09:41:50,ICBP,RG,9775,129,F,AK,YP,D
09:41:23,ICBP,RG,9800,52,F,ZP,NI,D
09:41:22,ICBP,RG,9800,121,D,PD,NI,D
09:41:22,ICBP,RG,9800,18,D,PD,NI,D
09:41:22,ICBP,RG,9800,9,D,PD,NI,D
09:41:22,ICBP,RG,9800,77,D,PD,YP,D
09:41:22,ICBP,RG,9800,23,D,PD,YP,D
09:41:22,ICBP,RG,9800,50,D,PD,YP,D
09:40:49,ICBP,RG,9775,5,F,ZP,CC,D
09:40:49,ICBP,RG,9775,1,F,BK,CC,D
09:40:43,ICBP,RG,9800,1,F,ZP,AK,F
09:40:43,ICBP,RG,9800,55,F,ZP,CC,D
09:40:43,ICBP,RG,9800,3,F,ZP,KZ,F
09:40:43,ICBP,RG,9800,2,F,ZP,NI,D
09:40:43,ICBP,RG,9800,1,F,ZP,XC,D
09:40:43,ICBP,RG,9800,4,F,ZP,YP,D
09:40:28,ICBP,RG,9775,5,F,BK,YP,D
09:39:28,ICBP,RG,9800,1,D,NI,YP,D
09:39:28,ICBP,RG,9800,1,D,NI,YP,D
09:38:20,ICBP,RG,9800,2,F,ZP,GR,D
09:38:20,ICBP,RG,9800,1,F,ZP,AK,F
09:38:20,ICBP,RG,9800,1,F,ZP,CD,D
09:38:20,ICBP,RG,9800,11,F,ZP,AZ,D
09:38:20,ICBP,RG,9800,89,D,XA,AZ,D
09:38:20,ICBP,RG,9800,5,D,XA,AR,D
09:38:20,ICBP,RG,9800,3,D,XA,YP,D
09:38:20,ICBP,RG,9800,1,D,XA,YP,D
09:38:20,ICBP,RG,9800,62,D,XA,CC,D
09:38:20,ICBP,RG,9800,3,D,XA,DR,D
09:38:20,ICBP,RG,9800,1,D,XA,AK,F
09:38:20,ICBP,RG,9800,66,D,XA,NI,D
09:36:41,ICBP,RG,9800,34,D,PD,NI,D
09:36:41,ICBP,RG,9800,1,D,PD,KK,D
09:36:41,ICBP,RG,9800,1,D,PD,CC,D
09:35:56,ICBP,RG,9800,1,D,PD,CC,D
09:35:01,ICBP,RG,9800,10,D,XA,KK,D
09:35:01,ICBP,RG,9800,30,D,XA,AI,D
09:35:01,ICBP,RG,9800,80,D,XA,NI,D
09:34:14,ICBP,RG,9800,1,D,CS,NI,D
09:34:14,ICBP,RG,9800,12,D,AK,NI,D
09:34:14,ICBP,RG,9800,13,D,AK,NI,D
09:34:14,ICBP,RG,9800,11,F,ZP,NI,D
09:34:14,ICBP,RG,9800,80,D,RX,NI,D
09:34:14,ICBP,RG,9800,20,F,BK,NI,D
09:34:14,ICBP,RG,9800,5,F,ZP,NI,D
09:34:14,ICBP,RG,9800,40,F,BK,NI,D
09:34:14,ICBP,RG,9800,3,F,ZP,NI,D
09:34:14,ICBP,RG,9800,1,F,ZP,NI,D
09:34:14,ICBP,RG,9800,1,D,CS,NI,D
09:34:14,ICBP,RG,9800,33,D,PD,NI,D
09:33:45,ICBP,RG,9800,1,D,PD,AK,F
09:33:45,ICBP,RG,9800,64,D,PD,CC,D
09:33:45,ICBP,RG,9800,1,D,PD,KK,D
09:33:45,ICBP,RG,9800,6,D,PD,NI,D
09:33:45,ICBP,RG,9800,10,D,PD,YJ,D
09:33:45,ICBP,RG,9800,6,D,PD,LG,D
09:33:45,ICBP,RG,9800,18,D,PD,LG,D
09:33:45,ICBP,RG,9800,86,D,PD,LG,D
09:33:45,ICBP,RG,9800,23,D,PD,LG,D
09:33:45,ICBP,RG,9800,47,D,PD,LG,D
09:33:45,ICBP,RG,9800,3,D,PD,KZ,F
09:32:50,ICBP,RG,9800,10,D,PD,YP,D
09:32:33,ICBP,RG,9800,5,D,YP,YP,D
09:32:33,ICBP,RG,9800,1,D,YP,AK,F
09:32:33,ICBP,RG,9800,1,D,YP,AK,F
09:32:33,ICBP,RG,9800,1,D,YP,AK,F
09:32:21,ICBP,RG,9775,3,F,BK,YP,D
09:32:21,ICBP,RG,9775,1,F,ZP,YP,D
09:32:21,ICBP,RG,9775,4,F,ZP,YP,D
09:32:21,ICBP,RG,9775,1,D,CS,YP,D
09:32:21,ICBP,RG,9775,26,F,BK,YP,D
09:31:51,ICBP,RG,9775,1,D,PD,XC,D
09:31:51,ICBP,RG,9775,1,D,YP,XC,D
09:31:35,ICBP,RG,9800,2,D,AZ,AK,F
09:30:51,ICBP,RG,9800,1,F,ZP,AK,F
09:30:51,ICBP,RG,9800,1,F,ZP,AK,F
09:30:50,ICBP,RG,9800,30,F,ZP,KK,D
09:30:50,ICBP,RG,9800,1,F,ZP,XC,D
09:30:50,ICBP,RG,9800,2,F,ZP,SQ,D
09:30:50,ICBP,RG,9800,2,D,XA,YP,D
09:30:50,ICBP,RG,9800,1,D,XA,NI,D
09:30:50,ICBP,RG,9800,1,D,XA,CC,D
09:30:50,ICBP,RG,9800,5,D,XA,YP,D
09:30:50,ICBP,RG,9800,5,D,XA,DH,D
09:30:50,ICBP,RG,9800,6,D,XA,XC,D
09:30:50,ICBP,RG,9800,61,D,XA,CC,D
09:30:50,ICBP,RG,9800,11,D,XA,YP,D
09:30:50,ICBP,RG,9800,1,D,XA,GR,D
09:30:50,ICBP,RG,9800,1,D,XA,NI,D
09:30:50,ICBP,RG,9800,1,D,XA,KK,D
09:30:50,ICBP,RG,9800,8,D,XA,XC,D
09:30:50,ICBP,RG,9800,1,D,XA,AK,F
09:30:50,ICBP,RG,9800,1,D,XA,AK,F
09:30:50,ICBP,RG,9800,45,D,XA,CC,D
09:30:46,ICBP,RG,9775,1,D,YP,PD,D
09:30:17,ICBP,RG,9800,3,D,PD,CC,D
09:28:40,ICBP,RG,9800,17,D,CC,CC,D
09:28:40,ICBP,RG,9800,23,D,CC,CC,D
09:28:40,ICBP,RG,9800,20,D,CC,CC,D
09:27:58,ICBP,RG,9800,6,D,PD,CC,D
09:27:58,ICBP,RG,9800,1,D,PD,AZ,D
09:27:45,ICBP,RG,9800,1,D,CS,AZ,D
09:27:45,ICBP,RG,9800,9,F,BK,AZ,D
09:27:45,ICBP,RG,9800,9,F,BK,AZ,D
09:27:45,ICBP,RG,9800,1,D,CS,AZ,D
09:27:45,ICBP,RG,9800,5,F,ZP,AZ,D
09:27:45,ICBP,RG,9800,4,D,RX,AZ,D
09:27:33,ICBP,RG,9800,1,D,RX,NI,D
09:27:25,ICBP,RG,9800,24,D,RX,XC,D
09:27:25,ICBP,RG,9800,6,F,ZP,XC,D
09:27:25,ICBP,RG,9800,1,D,AK,XC,D
09:27:15,ICBP,RG,9800,10,D,AK,DR,D
09:27:15,ICBP,RG,9800,3,F,ZP,DR,D
09:27:15,ICBP,RG,9800,2,D,CP,DR,D
09:26:54,ICBP,RG,9800,1,D,CP,YP,D
09:26:54,ICBP,RG,9800,1,D,YP,YP,D
09:26:54,ICBP,RG,9800,8,F,BK,YP,D
09:26:49,ICBP,RG,9825,1,D,BQ,CC,D
09:26:47,ICBP,RG,9800,4,F,BK,EP,D
09:26:47,ICBP,RG,9800,1,D,CC,EP,D
09:26:47,ICBP,RG,9800,12,D,AK,EP,D
09:26:47,ICBP,RG,9800,1,D,CS,EP,D
09:26:47,ICBP,RG,9800,32,F,BK,EP,D
09:26:41,ICBP,RG,9800,10,F,BK,PD,D
09:26:41,ICBP,RG,9800,1,F,ZP,PD,D
09:25:49,ICBP,RG,9800,2,F,ZP,XC,D
09:25:48,ICBP,RG,9800,4,F,ZP,PD,D
09:25:40,ICBP,RG,9800,11,F,ZP,PD,D
09:25:33,ICBP,RG,9800,10,F,ZP,DR,D
09:25:29,ICBP,RG,9800,5,F,ZP,YP,D
09:24:59,ICBP,RG,9800,1,F,ZP,YP,D
09:24:56,ICBP,RG,9800,3,F,ZP,CC,D
09:24:50,ICBP,RG,9825,1,D,PD,CC,D
09:24:31,ICBP,RG,9800,2,F,ZP,CC,D
09:24:16,ICBP,RG,9800,3,F,ZP,KZ,F
09:24:14,ICBP,RG,9800,11,F,ZP,YP,D
09:24:14,ICBP,RG,9800,86,F,BK,YP,D
09:24:14,ICBP,RG,9800,14,F,ZP,YP,D
09:24:14,ICBP,RG,9800,15,F,ZP,YP,D
09:24:14,ICBP,RG,9800,1,D,CS,YP,D
09:24:14,ICBP,RG,9800,123,D,PD,YP,D
09:24:14,ICBP,RG,9800,79,D,PD,CC,D
09:24:14,ICBP,RG,9800,30,D,PD,CC,D
09:24:14,ICBP,RG,9800,77,D,PD,CC,D
09:24:07,ICBP,RG,9800,66,D,PD,GR,D
09:24:07,ICBP,RG,9800,39,D,PD,GR,D
09:24:07,ICBP,RG,9800,34,D,PD,GR,D
09:23:03,ICBP,RG,9800,50,D,PD,PD,D
09:22:55,ICBP,RG,9800,1,D,NI,XC,D
09:22:45,ICBP,RG,9800,2,D,NI,PD,D
09:22:45,ICBP,RG,9800,1,D,CS,PD,D
09:22:45,ICBP,RG,9800,4,D,RX,PD,D
09:22:27,ICBP,RG,9800,3,D,RX,CC,D
09:22:26,ICBP,RG,9800,1,D,RX,KK,D
09:21:52,ICBP,RG,9800,1,D,RX,LG,D
09:21:27,ICBP,RG,9800,10,D,RX,KK,D
09:21:26,ICBP,RG,9800,17,D,RX,PD,D
09:21:26,ICBP,RG,9800,7,F,ZP,PD,D
09:21:26,ICBP,RG,9800,41,F,ZP,YP,D
09:21:26,ICBP,RG,9800,1,D,CS,YP,D
09:21:26,ICBP,RG,9800,14,F,ZP,YP,D
09:21:26,ICBP,RG,9800,1,D,PD,YP,D
09:21:26,ICBP,RG,9800,4,D,CP,YP,D
09:21:26,ICBP,RG,9800,2,D,PD,YP,D
09:21:26,ICBP,RG,9800,10,D,YP,YP,D
09:21:26,ICBP,RG,9800,60,F,BK,YP,D
09:21:26,ICBP,RG,9800,22,F,BK,YP,D
09:21:26,ICBP,RG,9800,23,D,YP,YP,D
09:21:26,ICBP,RG,9800,5,D,YP,YP,D
09:21:26,ICBP,RG,9800,2,D,IF,YP,D
09:21:26,ICBP,RG,9800,135,D,YP,YP,D
09:21:26,ICBP,RG,9800,1,D,YP,YP,D
09:21:26,ICBP,RG,9800,54,D,YP,YP,D
09:21:26,ICBP,RG,9800,125,D,YP,YP,D
09:21:02,ICBP,RG,9825,1,D,XC,CC,D
09:20:44,ICBP,RG,9825,1,D,CS,CC,D
09:20:44,ICBP,RG,9825,5,D,CC,CC,D
09:20:44,ICBP,RG,9825,2,D,CS,CC,D
09:20:44,ICBP,RG,9825,5,D,AK,CC,D
09:20:40,ICBP,RG,9825,5,D,AK,YP,D
09:20:36,ICBP,RG,9825,2,D,AK,KZ,F
09:20:35,ICBP,RG,9825,1,D,CS,YP,D
09:20:35,ICBP,RG,9825,1,D,CS,YP,D
09:20:35,ICBP,RG,9825,1,D,CS,YP,D
09:20:35,ICBP,RG,9825,2,F,ZP,YP,D
09:20:32,ICBP,RG,9850,12,F,ZP,CC,D
09:20:31,ICBP,RG,9825,1,F,ZP,NI,D
09:20:31,ICBP,RG,9825,2,D,CS,NI,D
09:20:31,ICBP,RG,9825,1,D,YP,NI,D
09:20:31,ICBP,RG,9825,61,D,KK,NI,D
09:20:31,ICBP,RG,9825,1,D,CS,NI,D
09:20:31,ICBP,RG,9825,14,D,AK,NI,D
09:20:31,ICBP,RG,9825,32,F,ZP,NI,D
09:20:31,ICBP,RG,9825,6,D,YP,NI,D
09:20:31,ICBP,RG,9825,28,D,PD,NI,D
09:20:31,ICBP,RG,9825,20,D,PD,NI,D
09:20:31,ICBP,RG,9825,86,D,PD,NI,D
09:20:31,ICBP,RG,9825,9,D,PD,NI,D
09:20:31,ICBP,RG,9825,1,D,XC,NI,D
09:20:31,ICBP,RG,9825,56,F,BK,NI,D
09:20:31,ICBP,RG,9825,29,F,BK,NI,D
09:20:31,ICBP,RG,9825,472,F,ZP,NI,D
09:20:31,ICBP,RG,9825,66,F,ZP,NI,D
09:20:31,ICBP,RG,9825,10,D,YP,NI,D
09:20:31,ICBP,RG,9825,6,F,ZP,NI,D
09:20:31,ICBP,RG,9825,1,D,XC,NI,D
09:20:31,ICBP,RG,9825,125,F,BK,NI,D
09:20:31,ICBP,RG,9825,49,F,BK,NI,D
09:20:31,ICBP,RG,9825,404,D,PD,NI,D
09:20:31,ICBP,RG,9825,60,D,PD,NI,D
09:20:31,ICBP,RG,9825,286,D,PD,NI,D
09:20:31,ICBP,RG,9825,78,D,PD,NI,D
09:20:31,ICBP,RG,9825,168,D,PD,NI,D
09:20:31,ICBP,RG,9825,3,D,YP,NI,D
09:20:31,ICBP,RG,9825,10,D,YP,NI,D
09:20:31,ICBP,RG,9825,38,F,BK,NI,D
09:20:31,ICBP,RG,9825,16,D,YP,NI,D
09:20:31,ICBP,RG,9825,2,D,YP,NI,D
09:20:31,ICBP,RG,9825,12,F,ZP,NI,D
09:20:31,ICBP,RG,9825,16,D,YP,NI,D
09:20:31,ICBP,RG,9825,11,F,BK,NI,D
09:20:31,ICBP,RG,9825,120,D,YP,NI,D
09:20:31,ICBP,RG,9825,120,D,YP,NI,D
09:20:31,ICBP,RG,9825,53,D,YP,NI,D
09:20:31,ICBP,RG,9825,12,D,YP,NI,D
09:20:31,ICBP,RG,9825,1,D,YP,NI,D
09:20:31,ICBP,RG,9825,15,F,BK,NI,D
09:20:31,ICBP,RG,9825,269,F,BK,NI,D
09:20:31,ICBP,RG,9825,5,D,YP,NI,D
09:20:31,ICBP,RG,9825,47,D,PD,NI,D
09:20:31,ICBP,RG,9825,93,F,BK,NI,D
09:20:31,ICBP,RG,9825,250,D,CC,NI,D
09:20:31,ICBP,RG,9825,39,D,CC,NI,D
09:20:31,ICBP,RG,9825,77,D,HP,NI,D
09:20:31,ICBP,RG,9825,71,D,YB,NI,D
09:20:31,ICBP,RG,9825,40,D,YB,NI,D
09:20:31,ICBP,RG,9825,10,D,YB,NI,D
09:20:31,ICBP,RG,9825,13,D,YB,NI,D
09:20:31,ICBP,RG,9825,8,D,AZ,NI,D
09:20:31,ICBP,RG,9825,2,D,KK,NI,D
09:20:31,ICBP,RG,9825,42,D,DH,NI,D
09:20:31,ICBP,RG,9825,150,D,DH,NI,D
09:20:31,ICBP,RG,9825,6,D,KK,NI,D
09:20:31,ICBP,RG,9825,42,D,XC,NI,D
09:20:31,ICBP,RG,9825,3,D,EP,NI,D
09:20:31,ICBP,RG,9825,7,D,EP,NI,D
09:20:31,ICBP,RG,9825,6,D,EP,NI,D
09:20:31,ICBP,RG,9825,8,D,IF,NI,D
09:20:31,ICBP,RG,9825,122,D,DR,NI,D
09:20:31,ICBP,RG,9825,9,D,DR,NI,D
09:20:31,ICBP,RG,9825,42,D,DR,NI,D
09:20:31,ICBP,RG,9825,133,D,DR,NI,D
09:20:31,ICBP,RG,9825,10,D,DR,NI,D
09:20:31,ICBP,RG,9825,72,D,DR,NI,D
09:20:31,ICBP,RG,9825,133,D,DR,NI,D
09:20:31,ICBP,RG,9825,8,D,DR,NI,D
09:20:31,ICBP,RG,9825,3,D,PD,NI,D
09:20:31,ICBP,RG,9825,65,D,PD,NI,D
09:20:31,ICBP,RG,9825,27,D,PD,NI,D
09:20:31,ICBP,RG,9825,2,D,PD,NI,D
09:20:31,ICBP,RG,9825,4,D,PD,NI,D
09:20:31,ICBP,RG,9825,25,D,PD,NI,D
09:20:31,ICBP,RG,9825,30,D,PD,NI,D
09:20:31,ICBP,RG,9825,23,D,PD,NI,D
09:20:31,ICBP,RG,9825,23,D,PD,NI,D
09:20:31,ICBP,RG,9825,22,D,PD,NI,D
09:20:31,ICBP,RG,9825,2,D,PD,NI,D
09:20:31,ICBP,RG,9825,2,D,PD,NI,D
09:20:31,ICBP,RG,9825,1,D,PD,NI,D
09:20:31,ICBP,RG,9825,15,D,PD,NI,D
09:20:31,ICBP,RG,9825,91,D,PD,NI,D
09:20:31,ICBP,RG,9825,1,D,PD,NI,D
09:20:31,ICBP,RG,9825,8,D,PD,NI,D
09:20:31,ICBP,RG,9825,438,D,PD,NI,D
09:19:41,ICBP,RG,9825,50,D,PD,GR,D
09:19:31,ICBP,RG,9825,15,D,PD,YP,D
09:19:31,ICBP,RG,9825,5,D,PD,YP,D
09:18:54,ICBP,RG,9825,4,D,PD,XL,D
09:18:54,ICBP,RG,9825,6,D,PD,XL,D
09:18:38,ICBP,RG,9825,15,D,PD,PD,D
09:18:01,ICBP,RG,9825,20,D,PD,CC,D
09:17:20,ICBP,RG,9850,8,D,XC,CC,D
09:16:48,ICBP,RG,9850,1,D,PD,CC,D
09:16:37,ICBP,RG,9850,23,D,YP,CC,D
09:16:37,ICBP,RG,9850,27,D,YP,CC,D
09:16:33,ICBP,RG,9825,1,D,PD,PD,D
09:16:21,ICBP,RG,9850,2,D,XL,CC,D
09:16:21,ICBP,RG,9850,1,D,XL,YP,D
09:14:41,ICBP,RG,9850,4,D,XC,YP,D
09:14:37,ICBP,RG,9850,5,D,YP,YP,D
09:14:03,ICBP,RG,9850,5,D,DR,YP,D
09:14:01,ICBP,RG,9850,5,D,DR,CC,D
09:13:59,ICBP,RG,9850,23,D,DR,MG,D
09:13:59,ICBP,RG,9850,11,F,ZP,MG,D
09:13:59,ICBP,RG,9850,16,F,BK,MG,D
09:13:58,ICBP,RG,9850,1,F,BK,PD,D
09:13:53,ICBP,RG,9850,1,F,BK,EL,D
09:13:53,ICBP,RG,9850,9,D,AK,EL,D
09:13:51,ICBP,RG,9850,1,D,AK,YP,D
09:13:50,ICBP,RG,9850,10,D,AK,PD,D
09:13:40,ICBP,RG,9850,1,D,AK,YP,D
09:13:38,ICBP,RG,9850,4,D,AK,CC,D
09:13:35,ICBP,RG,9850,9,F,BK,MG,D
09:13:35,ICBP,RG,9850,3,D,CP,MG,D
09:13:35,ICBP,RG,9850,11,D,YP,MG,D
09:13:35,ICBP,RG,9850,27,D,RX,MG,D
09:13:21,ICBP,RG,9850,1,D,RX,PD,D
09:13:19,ICBP,RG,9850,1,D,RX,XC,D
09:13:17,ICBP,RG,9850,1,D,RX,PD,D
09:13:17,ICBP,RG,9850,5,D,RX,KK,D
09:13:15,ICBP,RG,9850,61,D,RX,MG,D
09:13:15,ICBP,RG,9850,1,D,PD,MG,D
09:13:15,ICBP,RG,9850,12,D,AK,MG,D
09:13:15,ICBP,RG,9850,33,F,ZP,MG,D
09:13:15,ICBP,RG,9850,26,F,ZP,MG,D
09:13:15,ICBP,RG,9850,1,D,KK,MG,D
09:13:15,ICBP,RG,9850,26,D,PD,MG,D
09:13:15,ICBP,RG,9850,4,D,CP,MG,D
09:13:15,ICBP,RG,9850,3,D,PD,MG,D
09:13:15,ICBP,RG,9850,12,D,AK,MG,D
09:13:15,ICBP,RG,9850,21,F,BK,MG,D
09:13:14,ICBP,RG,9850,1,F,BK,PD,D
09:13:11,ICBP,RG,9850,33,F,BK,PD,D
09:13:11,ICBP,RG,9850,67,F,BK,PD,D
09:13:05,ICBP,RG,9850,1,F,BK,AT,D
09:13:04,ICBP,RG,9850,15,F,BK,NI,D
09:13:04,ICBP,RG,9850,10,F,ZP,NI,D
09:12:57,ICBP,RG,9875,10,F,BK,YP,D
09:12:53,ICBP,RG,9875,2,D,XC,YP,D
09:12:52,ICBP,RG,9850,11,F,ZP,KK,D
09:12:52,ICBP,RG,9875,14,F,BK,YP,D
09:12:50,ICBP,RG,9850,61,F,ZP,MG,D
09:12:50,ICBP,RG,9850,139,D,PD,MG,D
09:12:47,ICBP,RG,9875,8,F,BK,YP,D
09:12:43,ICBP,RG,9850,50,D,PD,MG,D
09:12:41,ICBP,RG,9850,1,D,PD,XC,D
09:12:26,ICBP,RG,9850,40,D,PD,GR,D
09:12:23,ICBP,RG,9850,50,D,PD,MG,D
09:12:23,ICBP,RG,9875,9,F,BK,YP,D
09:12:21,ICBP,RG,9875,1,D,PD,YP,D
09:12:21,ICBP,RG,9850,124,D,PD,YJ,D
09:12:21,ICBP,RG,9850,60,D,PD,YJ,D
09:12:21,ICBP,RG,9850,286,D,PD,YJ,D
09:12:21,ICBP,RG,9850,78,D,PD,YJ,D
09:12:21,ICBP,RG,9850,169,D,PD,YJ,D
09:12:21,ICBP,RG,9850,112,D,RX,YJ,D
09:12:21,ICBP,RG,9850,14,D,YP,YJ,D
09:12:21,ICBP,RG,9850,13,D,YP,YJ,D
09:12:21,ICBP,RG,9850,17,F,ZP,YJ,D
09:12:21,ICBP,RG,9850,89,F,BK,YJ,D
09:12:21,ICBP,RG,9850,23,F,BK,YJ,D
09:12:21,ICBP,RG,9850,15,D,YP,YJ,D
09:12:13,ICBP,RG,9875,11,D,RX,YP,D
09:12:08,ICBP,RG,9875,5,D,CC,YP,D
09:12:06,ICBP,RG,9850,2,D,YP,XC,D
09:12:01,ICBP,RG,9850,3,D,YP,KZ,F
09:12:00,ICBP,RG,9850,1,D,YP,XL,D
09:11:35,ICBP,RG,9850,1,D,YP,AK,F
09:11:35,ICBP,RG,9850,4,F,ZP,AK,F
09:11:33,ICBP,RG,9850,2,F,ZP,XL,D
09:11:28,ICBP,RG,9850,2,F,ZP,CC,D
09:11:25,ICBP,RG,9875,9,F,BK,YP,D
09:11:24,ICBP,RG,9850,23,F,ZP,CC,D
09:11:23,ICBP,RG,9875,11,D,RX,YP,D
09:11:14,ICBP,RG,9850,2,F,ZP,PD,D
09:11:05,ICBP,RG,9850,13,F,ZP,CC,D
09:11:05,ICBP,RG,9850,37,D,YP,CC,D
09:10:56,ICBP,RG,9875,10,F,BK,YP,D
09:10:54,ICBP,RG,9850,13,D,YP,AG,D
09:10:54,ICBP,RG,9850,18,F,BK,AG,D
09:10:54,ICBP,RG,9850,19,F,ZP,AG,D
09:10:50,ICBP,RG,9850,15,F,ZP,YP,D
09:10:47,ICBP,RG,9850,3,F,ZP,KK,D
09:10:46,ICBP,RG,9850,1,F,ZP,XL,D
09:10:46,ICBP,RG,9850,5,F,ZP,XL,D
09:10:31,ICBP,RG,9875,9,D,RX,YP,D
09:10:31,ICBP,RG,9875,9,F,BK,YP,D
09:10:27,ICBP,RG,9850,9,F,ZP,AG,D
09:10:27,ICBP,RG,9850,41,D,YP,AG,D
09:10:25,ICBP,RG,9850,10,D,YP,GR,D
09:10:17,ICBP,RG,9850,1,D,YP,PD,D
09:09:50,ICBP,RG,9875,10,D,RX,YP,D
09:09:42,ICBP,RG,9850,10,D,YP,YP,D
09:09:32,ICBP,RG,9850,55,D,YP,EP,D
09:09:29,ICBP,RG,9850,3,D,YP,DR,D
09:09:28,ICBP,RG,9850,3,D,YP,YP,D
09:09:27,ICBP,RG,9850,1,D,YP,PD,D
09:09:23,ICBP,RG,9850,1,D,YP,CC,D
09:09:22,ICBP,RG,9850,2,D,YP,XL,D
09:09:18,ICBP,RG,9875,10,F,BK,YP,D
09:09:16,ICBP,RG,9850,1,D,YP,CC,D
09:09:16,ICBP,RG,9875,11,D,RX,YP,D
09:09:04,ICBP,RG,9850,1,D,YP,KK,D
09:08:59,ICBP,RG,9850,1,D,YP,YP,D
09:08:44,ICBP,RG,9850,5,D,YP,AZ,D
09:08:43,ICBP,RG,9850,3,D,YP,XL,D
09:08:40,ICBP,RG,9875,11,D,RX,YP,D
09:08:40,ICBP,RG,9850,1,D,YP,KK,D
09:08:34,ICBP,RG,9850,16,D,YP,PD,D
09:08:32,ICBP,RG,9850,2,D,YP,DH,D
09:08:30,ICBP,RG,9850,1,D,YP,LG,D
09:08:08,ICBP,RG,9850,50,D,YP,YP,D
09:08:05,ICBP,RG,9850,1,D,YP,DX,D
09:08:04,ICBP,RG,9875,10,D,RX,YP,D
09:08:04,ICBP,RG,9850,5,D,YP,KK,D
09:08:00,ICBP,RG,9850,1,D,YP,NI,D
09:07:59,ICBP,RG,9850,5,D,YP,YP,D
