Time,Stock,Brd,Price,Qty,BT,BC,SC,ST
15:13:28,ICBP,RG,8600,2,F,AK,OD,D
15:11:13,ICBP,RG,8600,3,F,AK,OD,D
15:10:49,ICBP,RG,8600,7,F,AK,NI,D
15:10:09,ICBP,RG,8600,1,F,AK,YP,D
15:09:44,ICBP,RG,8600,2,F,AK,YP,D
15:09:13,ICBP,RG,8600,4,F,AK,AT,D
15:07:46,ICBP,RG,8600,18,F,AK,NI,D
15:07:46,ICBP,RG,8600,1,D,XC,NI,D
15:07:46,ICBP,RG,8600,21,F,CS,NI,D
15:07:37,ICBP,RG,8600,5,F,CS,XC,D
15:06:14,ICBP,RG,8600,2,F,CS,CC,D
15:01:00,ICBP,RG,8600,200,F,CS,BQ,D
15:00:00,ICBP,RG,8600,10,F,CS,LG,D
15:00:00,ICBP,RG,8600,3,F,CS,LG,D
15:00:00,ICBP,RG,8600,176,F,CS,YB,D
15:00:00,ICBP,RG,8600,2,D,XC,YB,D
15:00:00,ICBP,RG,8600,31,D,YP,YB,D
15:00:00,ICBP,RG,8600,20,D,XA,YB,D
15:00:00,ICBP,RG,8600,1,D,XC,YB,D
15:00:00,ICBP,RG,8600,6,D,PD,YB,D
15:00:00,ICBP,RG,8600,2,D,PD,YB,D
15:00:00,ICBP,RG,8600,5,D,XC,YB,D
15:00:00,ICBP,RG,8600,1,D,XC,YB,D
15:00:00,ICBP,RG,8600,1,D,PD,YB,D
15:00:00,ICBP,RG,8600,2,D,PD,YB,D
15:00:00,ICBP,RG,8600,2,D,CC,YB,D
15:00:00,ICBP,RG,8600,1,D,XC,YB,D
15:00:00,ICBP,RG,8600,20,D,YP,YB,D
15:00:00,ICBP,RG,8600,1,D,PD,YB,D
15:00:00,ICBP,RG,8600,1,D,XC,YB,D
15:00:00,ICBP,RG,8600,1,D,YP,YB,D
15:00:00,ICBP,RG,8600,1,D,XL,YB,D
15:00:00,ICBP,RG,8600,1,D,YP,YB,D
15:00:00,ICBP,RG,8600,98,D,YP,YB,D
15:00:00,ICBP,RG,8600,1,D,YP,YB,D
15:00:00,ICBP,RG,8600,1,D,PD,YB,D
15:00:00,ICBP,RG,8600,60,D,CC,YB,D
15:00:00,ICBP,RG,8600,1,D,PD,YB,D
15:00:00,ICBP,RG,8600,50,D,YP,YB,D
15:00:00,ICBP,RG,8600,1,D,CC,YB,D
15:00:00,ICBP,RG,8600,1,D,XC,YB,D
15:00:00,ICBP,RG,8600,1,D,LG,YB,D
15:00:00,ICBP,RG,8600,1,D,DR,YB,D
15:00:00,ICBP,RG,8600,1,D,YP,YB,D
15:00:00,ICBP,RG,8600,2,D,XC,YB,D
15:00:00,ICBP,RG,8600,1,D,PD,YB,D
15:00:00,ICBP,RG,8600,1,D,XC,YB,D
15:00:00,ICBP,RG,8600,1,D,KK,YB,D
15:00:00,ICBP,RG,8600,3,D,XC,YB,D
15:00:00,ICBP,RG,8600,1,D,XC,YB,D
15:00:00,ICBP,RG,8600,2,D,SQ,NI,D
15:00:00,ICBP,RG,8600,1,D,DR,NI,D
15:00:00,ICBP,RG,8600,1,D,XC,NI,D
15:00:00,ICBP,RG,8600,1,D,CC,NI,D
15:00:00,ICBP,RG,8600,1,D,GR,NI,D
15:00:00,ICBP,RG,8600,5,D,SQ,NI,D
15:00:00,ICBP,RG,8600,1,D,XL,NI,D
15:00:00,ICBP,RG,8600,2,D,XL,PD,D
15:00:00,ICBP,RG,8600,2,D,XC,PD,D
15:00:00,ICBP,RG,8600,3,D,XC,DX,F
15:00:00,ICBP,RG,8600,2,D,SQ,DX,F
15:00:00,ICBP,RG,8600,3,D,XC,DX,F
15:00:00,ICBP,RG,8600,1,D,CC,DX,F
15:00:00,ICBP,RG,8600,1,D,CC,KZ,D
15:00:00,ICBP,RG,8600,1,D,YP,KZ,D
15:00:00,ICBP,RG,8600,5,D,YP,KZ,D
15:00:00,ICBP,RG,8600,3,D,YP,KZ,D
15:00:00,ICBP,RG,8600,50,D,AI,KZ,D
15:00:00,ICBP,RG,8600,10,D,NI,KZ,D
15:00:00,ICBP,RG,8600,5,D,XC,KZ,D
15:00:00,ICBP,RG,8600,5,D,YP,KZ,D
15:00:00,ICBP,RG,8600,5,D,YP,KZ,D
15:00:00,ICBP,RG,8600,2,F,KK,KZ,D
15:00:00,ICBP,RG,8600,3,D,XC,KZ,D
15:00:00,ICBP,RG,8600,5,D,XC,KZ,D
15:00:00,ICBP,RG,8600,1,D,XC,KZ,D
15:00:00,ICBP,RG,8600,3,D,XC,KZ,D
15:00:00,ICBP,RG,8600,4,D,XC,KZ,D
15:00:00,ICBP,RG,8600,1,D,CC,KZ,D
15:00:00,ICBP,RG,8600,1,D,XC,KZ,D
15:00:00,ICBP,RG,8600,5,D,CC,KZ,D
15:00:00,ICBP,RG,8600,1,D,XL,KZ,D
15:00:00,ICBP,RG,8600,3,D,PD,KZ,D
15:00:00,ICBP,RG,8600,1,D,XL,KZ,D
15:00:00,ICBP,RG,8600,1,D,PD,KZ,D
15:00:00,ICBP,RG,8600,30,D,CC,KZ,D
15:00:00,ICBP,RG,8600,1,D,LG,KZ,D
15:00:00,ICBP,RG,8600,5,D,EP,KZ,D
15:00:00,ICBP,RG,8600,30,D,IF,KZ,D
15:00:00,ICBP,RG,8600,7,D,XL,KZ,D
15:00:00,ICBP,RG,8600,3,D,PD,KZ,D
15:00:00,ICBP,RG,8600,2,D,PD,KZ,D
15:00:00,ICBP,RG,8600,5,D,GR,KZ,D
15:00:00,ICBP,RG,8600,1,D,ZP,KZ,D
15:00:00,ICBP,RG,8600,2,D,SQ,KZ,D
15:00:00,ICBP,RG,8600,21,D,DH,KZ,D
15:00:00,ICBP,RG,8600,1,D,DH,KK,D
15:00:00,ICBP,RG,8600,28,D,DH,RX,D
15:00:00,ICBP,RG,8600,1,D,PD,RX,D
15:00:00,ICBP,RG,8600,3,D,PD,RX,D
15:00:00,ICBP,RG,8600,2,D,YP,RX,D
15:00:00,ICBP,RG,8600,3,D,XC,RX,D
15:00:00,ICBP,RG,8600,5,D,XC,RX,D
15:00:00,ICBP,RG,8600,2,D,YP,RX,D
15:00:00,ICBP,RG,8600,1,D,XC,RX,D
15:00:00,ICBP,RG,8600,1,D,PD,RX,D
15:00:00,ICBP,RG,8600,5,D,PD,RX,D
15:00:00,ICBP,RG,8600,1,D,PD,RX,D
15:00:00,ICBP,RG,8600,1,D,PD,RX,D
15:00:00,ICBP,RG,8600,30,D,EP,RX,D
15:00:00,ICBP,RG,8600,42,D,KK,BB,D
15:00:00,ICBP,RG,8600,8,D,KK,ZP,F
15:00:00,ICBP,RG,8600,20,D,YP,ZP,F
15:00:00,ICBP,RG,8600,1,D,PD,ZP,F
15:00:00,ICBP,RG,8600,100,D,KK,ZP,F
15:00:00,ICBP,RG,8600,108,F,CS,ZP,F
15:00:00,ICBP,RG,8600,2,D,KK,ZP,F
15:00:00,ICBP,RG,8600,5,D,ZP,ZP,F
15:00:00,ICBP,RG,8600,2,D,YP,ZP,F
15:00:00,ICBP,RG,8600,20,D,YP,ZP,F
15:00:00,ICBP,RG,8600,1,D,YP,ZP,F
15:00:00,ICBP,RG,8600,10,D,KK,ZP,F
15:00:00,ICBP,RG,8600,1,D,CC,ZP,F
15:00:00,ICBP,RG,8600,1,D,XC,ZP,F
15:00:00,ICBP,RG,8600,229,D,KI,ZP,F
15:00:00,ICBP,RG,8600,1,D,PD,ZP,F
15:00:00,ICBP,RG,8600,2,D,CC,ZP,F
15:00:00,ICBP,RG,8600,1,D,PD,ZP,F
15:00:00,ICBP,RG,8600,2,D,YP,ZP,F
15:00:00,ICBP,RG,8600,1,D,PD,ZP,F
15:00:00,ICBP,RG,8600,185,F,ZP,ZP,F
15:00:00,ICBP,RG,8600,19,F,ZP,PD,D
15:00:00,ICBP,RG,8600,4,F,ZP,PD,D
15:00:00,ICBP,RG,8600,23,F,ZP,PD,D
15:00:00,ICBP,RG,8600,82,F,AK,PD,D
15:00:00,ICBP,RG,8600,35,F,BK,PD,D
15:00:00,ICBP,RG,8600,43,F,AK,PD,D
15:00:00,ICBP,RG,8600,3,F,AK,PD,D
15:00:00,ICBP,RG,8600,1,F,AK,PD,D
15:00:00,ICBP,RG,8600,2,F,AK,PD,D
15:00:00,ICBP,RG,8600,101,F,AK,PD,D
15:00:00,ICBP,RG,8600,44,F,AK,PD,D
15:00:00,ICBP,RG,8600,3,F,AK,PD,D
15:00:00,ICBP,RG,8600,3,F,AK,PD,D
15:00:00,ICBP,RG,8600,77,F,AK,PD,D
15:00:00,ICBP,RG,8600,12,F,AK,PD,D
15:00:00,ICBP,RG,8600,42,F,AK,YU,D
15:00:00,ICBP,RG,8600,5,F,AK,YU,D
15:00:00,ICBP,RG,8600,16,F,AK,YU,D
15:00:00,ICBP,RG,8600,2,D,RX,YU,D
14:49:59,ICBP,RG,8625,132,D,KI,KZ,D
14:49:59,ICBP,RG,8625,3,D,KI,KZ,D
14:49:59,ICBP,RG,8625,4,D,KI,KZ,D
14:49:59,ICBP,RG,8625,39,D,KI,KZ,D
14:49:59,ICBP,RG,8625,1,D,KI,KZ,D
14:49:59,ICBP,RG,8625,7,D,KI,KZ,D
14:49:59,ICBP,RG,8625,85,D,KI,KZ,D
14:49:59,ICBP,RG,8625,5,D,PD,KZ,D
14:49:59,ICBP,RG,8625,1,D,XC,KZ,D
14:49:59,ICBP,RG,8625,1,D,XC,KZ,D
14:49:59,ICBP,RG,8625,1,D,IF,KZ,D
14:49:59,ICBP,RG,8625,1,D,XC,KZ,D
14:49:59,ICBP,RG,8625,1,D,CC,KZ,D
14:49:59,ICBP,RG,8625,1,D,YP,KZ,D
14:49:59,ICBP,RG,8625,7,F,AK,KZ,D
14:49:59,ICBP,RG,8625,1,D,YP,KZ,D
14:49:59,ICBP,RG,8625,1,D,YP,KZ,D
14:49:59,ICBP,RG,8625,6,D,TP,KZ,D
14:49:59,ICBP,RG,8625,1,D,YP,KZ,D
14:49:59,ICBP,RG,8625,1,D,XC,KZ,D
14:49:59,ICBP,RG,8625,1,D,YP,KZ,D
14:49:59,ICBP,RG,8625,10,D,YP,KZ,D
14:49:59,ICBP,RG,8625,314,F,AK,KZ,D
14:49:59,ICBP,RG,8625,1,D,CC,KZ,D
14:49:59,ICBP,RG,8625,3,D,DR,KZ,D
14:49:59,ICBP,RG,8625,9,D,CC,KZ,D
14:49:59,ICBP,RG,8625,1,D,YP,KZ,D
14:49:59,ICBP,RG,8625,1,D,PD,KZ,D
14:49:59,ICBP,RG,8625,1,D,XC,KZ,D
14:49:59,ICBP,RG,8625,3,D,OD,KZ,D
14:49:59,ICBP,RG,8625,26,F,NI,KZ,D
14:49:59,ICBP,RG,8625,1,D,PD,KZ,D
14:49:59,ICBP,RG,8625,200,D,KI,KZ,D
14:49:59,ICBP,RG,8625,1,D,PD,KZ,D
14:49:59,ICBP,RG,8625,2,D,PD,KZ,D
14:49:59,ICBP,RG,8625,1,D,NI,KZ,D
14:49:59,ICBP,RG,8625,2,D,YP,KZ,D
14:49:59,ICBP,RG,8625,1,D,XC,KZ,D
14:49:59,ICBP,RG,8625,25,D,YP,KZ,D
14:49:59,ICBP,RG,8625,1,D,XC,KZ,D
14:49:59,ICBP,RG,8625,1,D,YP,KZ,D
14:49:59,ICBP,RG,8625,1,D,NI,KZ,D
14:49:59,ICBP,RG,8625,3,D,CC,KZ,D
14:49:59,ICBP,RG,8625,1,D,XC,KZ,D
14:49:56,ICBP,RG,8650,1,F,ZP,KZ,D
14:49:53,ICBP,RG,8625,3,F,BK,KZ,D
14:49:52,ICBP,RG,8625,1,F,BK,PD,D
14:49:48,ICBP,RG,8625,5,F,BK,KZ,D
14:49:43,ICBP,RG,8625,4,F,BK,KZ,D
14:49:40,ICBP,RG,8650,10,F,ZP,KZ,D
14:49:27,ICBP,RG,8650,1,F,ZP,KZ,D
14:49:22,ICBP,RG,8625,3,F,BK,SQ,D
14:49:22,ICBP,RG,8650,1,F,ZP,KZ,D
14:49:21,ICBP,RG,8650,1,F,ZP,KZ,D
14:49:05,ICBP,RG,8650,7,F,BK,KZ,D
14:49:00,ICBP,RG,8650,1,F,AK,KZ,D
14:48:53,ICBP,RG,8650,1,D,PD,KZ,D
14:48:49,ICBP,RG,8650,1,D,XC,KZ,D
14:48:41,ICBP,RG,8625,10,F,BK,XL,D
14:48:30,ICBP,RG,8650,1,F,AK,KZ,D
14:48:09,ICBP,RG,8625,1,F,BK,NI,D
14:48:04,ICBP,RG,8650,2,F,ZP,KZ,D
14:48:04,ICBP,RG,8650,1,F,ZP,XC,D
14:48:04,ICBP,RG,8650,2,F,ZP,PD,D
14:47:54,ICBP,RG,8650,7,F,BK,PD,D
14:47:54,ICBP,RG,8650,1,F,BK,KZ,D
14:47:47,ICBP,RG,8625,2,F,BK,DR,D
14:47:45,ICBP,RG,8650,1,F,AK,KZ,D
14:47:32,ICBP,RG,8625,1,F,BK,DR,D
14:47:30,ICBP,RG,8625,1,F,BK,DR,D
14:47:29,ICBP,RG,8650,7,F,ZP,KZ,D
14:47:26,ICBP,RG,8650,27,F,AK,KZ,D
14:47:21,ICBP,RG,8650,2,F,ZP,KZ,D
14:47:19,ICBP,RG,8625,2,F,BK,XC,D
14:47:00,ICBP,RG,8650,1,F,AK,KZ,D
14:46:45,ICBP,RG,8650,8,F,BK,KZ,D
14:46:40,ICBP,RG,8650,10,D,SQ,KZ,D
14:45:31,ICBP,RG,8650,8,F,BK,KZ,D
14:45:29,ICBP,RG,8650,2,F,ZP,KZ,D
14:45:28,ICBP,RG,8625,3,F,BK,DR,D
14:45:16,ICBP,RG,8650,3,F,ZP,KZ,D
14:45:15,ICBP,RG,8650,2,F,AK,KZ,D
14:45:07,ICBP,RG,8625,43,F,BK,RG,D
14:45:07,ICBP,RG,8625,1,D,PD,RG,D
14:45:07,ICBP,RG,8625,2,D,ZP,RG,D
14:45:07,ICBP,RG,8625,4,D,PD,RG,D
14:44:30,ICBP,RG,8625,1,D,PD,YU,F
14:44:30,ICBP,RG,8625,35,D,GR,YU,F
14:44:22,ICBP,RG,8650,8,F,BK,KZ,D
14:44:15,ICBP,RG,8650,1,F,AK,KZ,D
14:44:10,ICBP,RG,8625,2,D,GR,DR,D
14:44:07,ICBP,RG,8650,2,D,PD,KZ,D
14:44:00,ICBP,RG,8625,18,D,GR,YU,F
14:43:00,ICBP,RG,8650,1,F,AK,KZ,D
14:41:58,ICBP,RG,8625,17,D,GR,YU,F
14:40:06,ICBP,RG,8650,2,D,CC,KZ,D
14:39:56,ICBP,RG,8650,1,D,NI,KZ,D
14:39:56,ICBP,RG,8650,1,F,AK,KZ,D
14:39:56,ICBP,RG,8650,1,F,AK,KZ,D
14:39:56,ICBP,RG,8650,10,F,BK,KZ,D
14:39:56,ICBP,RG,8650,3,F,ZP,KZ,D
14:39:56,ICBP,RG,8650,1,F,BK,KZ,D
14:39:56,ICBP,RG,8650,36,F,AK,KZ,D
14:39:56,ICBP,RG,8650,1,F,ZP,KZ,D
14:39:56,ICBP,RG,8650,17,F,ZP,KZ,D
14:39:56,ICBP,RG,8650,3,F,AK,KZ,D
14:39:56,ICBP,RG,8650,1,F,AK,KZ,D
14:39:56,ICBP,RG,8650,39,D,PD,KZ,D
14:39:27,ICBP,RG,8675,1,F,ZP,YP,D
14:39:26,ICBP,RG,8675,2,F,BK,YP,D
14:39:26,ICBP,RG,8675,1,F,BK,XC,D
14:39:26,ICBP,RG,8675,1,F,BK,XC,D
14:39:26,ICBP,RG,8675,1,F,BK,XC,D
14:39:26,ICBP,RG,8675,4,F,BK,ZP,F
14:38:59,ICBP,RG,8675,1,F,ZP,ZP,F
14:38:59,ICBP,RG,8675,1,F,ZP,ZP,F
14:38:46,ICBP,RG,8675,1,F,ZP,ZP,F
14:38:46,ICBP,RG,8650,2,D,PD,XC,D
14:38:46,ICBP,RG,8650,2,D,PD,DR,D
14:38:46,ICBP,RG,8650,1,D,PD,XL,D
14:38:46,ICBP,RG,8650,2,D,PD,XC,D
14:38:46,ICBP,RG,8650,14,D,PD,KZ,D
14:38:46,ICBP,RG,8650,10,D,PD,ZP,F
14:38:43,ICBP,RG,8650,65,F,AK,ZP,F
14:38:32,ICBP,RG,8650,25,F,BK,ZP,F
14:38:32,ICBP,RG,8650,1,F,BK,XC,D
14:38:32,ICBP,RG,8650,45,F,BK,KZ,D
14:38:32,ICBP,RG,8650,3,F,BK,SQ,D
14:38:32,ICBP,RG,8650,100,F,BK,ZP,F
14:38:32,ICBP,RG,8650,12,F,BK,ZP,D
14:38:32,ICBP,RG,8650,42,F,BK,KZ,D
14:38:32,ICBP,RG,8650,6,F,BK,XL,D
14:38:32,ICBP,RG,8650,6,F,BK,KZ,D
14:38:31,ICBP,RG,8650,40,F,BK,KZ,D
14:38:31,ICBP,RG,8650,100,F,BK,ZP,F
14:38:31,ICBP,RG,8650,17,F,BK,YU,F
14:38:31,ICBP,RG,8650,53,F,BK,KZ,D
14:38:31,ICBP,RG,8650,5,F,BK,DR,D
14:38:31,ICBP,RG,8650,25,F,BK,CC,D
14:38:30,ICBP,RG,8650,1,F,ZP,CC,D
14:38:03,ICBP,RG,8650,4,F,ZP,CC,D
14:37:42,ICBP,RG,8625,17,D,GR,YU,F
14:37:41,ICBP,RG,8650,2,D,XC,CC,D
14:37:23,ICBP,RG,8625,3,D,GR,XC,D
14:37:15,ICBP,RG,8650,3,F,AK,CC,D
14:36:51,ICBP,RG,8625,8,D,GR,XC,D
14:36:51,ICBP,RG,8625,3,D,PD,XC,D
14:36:07,ICBP,RG,8650,3,F,ZP,CC,D
14:35:41,ICBP,RG,8625,18,D,PD,YU,F
14:35:17,ICBP,RG,8625,6,D,PD,NI,D
14:34:52,ICBP,RG,8625,1,D,PD,OD,D
14:34:42,ICBP,RG,8625,6,D,PD,XC,D
14:34:22,ICBP,RG,8650,1,F,ZP,CC,D
14:34:21,ICBP,RG,8625,41,D,PD,ZP,F
14:34:21,ICBP,RG,8625,5,D,PD,ZP,F
14:34:21,ICBP,RG,8625,50,D,YP,ZP,F
14:34:21,ICBP,RG,8625,69,D,YJ,ZP,F
14:33:56,ICBP,RG,8625,1,D,YJ,OD,D
14:33:41,ICBP,RG,8625,18,D,YJ,YU,F
14:33:08,ICBP,RG,8650,1,D,XC,CC,D
14:33:04,ICBP,RG,8650,2,F,ZP,CC,D
14:32:34,ICBP,RG,8625,1,D,YJ,NI,D
14:32:16,ICBP,RG,8625,1,D,YJ,XC,D
14:32:00,ICBP,RG,8650,1,F,AK,CC,D
14:31:46,ICBP,RG,8625,5,D,YJ,SQ,D
14:31:39,ICBP,RG,8625,19,D,YJ,YU,F
14:31:27,ICBP,RG,8625,1,D,YJ,OD,D
14:31:24,ICBP,RG,8625,1,D,YJ,PD,D
14:30:19,ICBP,RG,8625,3,D,YJ,YP,D
14:29:31,ICBP,RG,8625,20,D,YJ,YU,F
14:29:05,ICBP,RG,8625,1,D,YJ,OD,D
14:27:14,ICBP,RG,8650,36,F,AK,CC,D
14:27:13,ICBP,RG,8650,2,F,AK,CC,D
14:27:13,ICBP,RG,8650,8,F,BK,CC,D
14:27:13,ICBP,RG,8650,2,F,YP,CC,D
14:27:13,ICBP,RG,8650,2,F,AK,CC,D
14:27:13,ICBP,RG,8650,8,F,ZP,CC,D
14:27:13,ICBP,RG,8650,15,F,AK,CC,D
14:27:05,ICBP,RG,8650,3,F,AK,SQ,D
14:27:00,ICBP,RG,8650,3,F,AK,KZ,D
14:27:00,ICBP,RG,8650,2,F,ZP,KZ,D
14:27:00,ICBP,RG,8650,16,D,XL,KZ,D
14:26:49,ICBP,RG,8650,22,D,XL,YP,D
14:26:49,ICBP,RG,8650,1,D,YP,YP,D
14:26:49,ICBP,RG,8650,12,F,AK,YP,D
14:26:45,ICBP,RG,8650,1,F,AK,OD,D
14:26:34,ICBP,RG,8650,10,F,AK,YP,D
14:26:21,ICBP,RG,8650,1,F,AK,YP,D
14:26:12,ICBP,RG,8650,1,F,AK,XC,D
14:26:10,ICBP,RG,8650,6,F,AK,KZ,D
14:26:10,ICBP,RG,8650,8,F,BK,KZ,D
14:26:10,ICBP,RG,8650,5,D,YP,KZ,D
14:26:10,ICBP,RG,8650,1,D,XC,KZ,D
14:26:10,ICBP,RG,8650,1,D,SQ,KZ,D
14:25:54,ICBP,RG,8650,1,D,SQ,ZP,F
14:25:54,ICBP,RG,8650,10,D,KK,ZP,F
14:25:54,ICBP,RG,8650,1,D,YP,ZP,F
14:25:54,ICBP,RG,8650,1,F,ZP,ZP,F
14:25:54,ICBP,RG,8650,10,D,MG,ZP,F
14:25:54,ICBP,RG,8650,11,F,AK,ZP,F
14:25:54,ICBP,RG,8650,7,F,BK,ZP,F
14:25:54,ICBP,RG,8650,5,F,ZP,ZP,F
14:25:54,ICBP,RG,8650,1,F,ZP,ZP,F
14:25:54,ICBP,RG,8650,1,F,AK,ZP,F
14:25:54,ICBP,RG,8650,1,F,AK,ZP,F
14:25:54,ICBP,RG,8650,1,F,AK,ZP,F
14:25:50,ICBP,RG,8650,3,D,YP,KZ,D
14:25:33,ICBP,RG,8675,3,D,YJ,ZP,F
14:25:30,ICBP,RG,8650,3,F,ZP,SQ,D
14:25:30,ICBP,RG,8650,1,F,ZP,KZ,D
14:25:30,ICBP,RG,8650,9,F,AK,KZ,D
14:25:28,ICBP,RG,8650,14,F,AK,DR,D
14:25:27,ICBP,RG,8650,10,F,AK,DR,D
14:25:25,ICBP,RG,8650,15,F,AK,KZ,D
14:25:22,ICBP,RG,8675,2,F,ZP,ZP,F
14:25:15,ICBP,RG,8675,1,F,AK,ZP,F
14:25:15,ICBP,RG,8650,2,F,AK,PD,D
14:24:21,ICBP,RG,8650,1,F,AK,OD,D
14:24:12,ICBP,RG,8675,7,F,BK,ZP,F
14:23:24,ICBP,RG,8675,1,F,ZP,ZP,F
14:23:20,ICBP,RG,8650,20,F,AK,YU,F
14:22:55,ICBP,RG,8650,3,F,AK,KZ,D
14:22:54,ICBP,RG,8675,1,F,ZP,ZP,F
14:22:49,ICBP,RG,8650,6,F,AK,SQ,D
14:22:46,ICBP,RG,8650,2,F,AK,PD,D
14:22:35,ICBP,RG,8650,14,F,AK,KZ,D
14:22:35,ICBP,RG,8650,56,D,YB,KZ,D
14:22:30,ICBP,RG,8650,28,D,YB,KZ,D
14:22:30,ICBP,RG,8650,1,D,YB,KZ,D
14:22:25,ICBP,RG,8650,1,D,YB,KZ,D
14:22:25,ICBP,RG,8650,1,D,YB,KZ,D
14:22:25,ICBP,RG,8650,7,D,YB,KZ,D
14:22:25,ICBP,RG,8650,8,D,YB,KZ,D
14:22:21,ICBP,RG,8650,250,D,YB,KZ,D
14:22:14,ICBP,RG,8675,3,F,ZP,ZP,F
14:21:32,ICBP,RG,8650,3,D,YB,SQ,D
14:21:13,ICBP,RG,8650,5,D,YB,YP,D
14:20:15,ICBP,RG,8675,3,F,ZP,ZP,F
14:19:39,ICBP,RG,8650,1,D,YB,OD,D
14:19:20,ICBP,RG,8650,50,D,YB,ZP,F
14:18:38,ICBP,RG,8650,2,D,YB,CP,D
14:18:35,ICBP,RG,8650,10,D,YB,YP,D
14:18:34,ICBP,RG,8650,4,D,YB,PD,D
14:18:14,ICBP,RG,8650,3,D,YB,SQ,D
14:17:50,ICBP,RG,8650,3,D,YB,SQ,D
14:17:40,ICBP,RG,8650,52,D,YB,PD,D
14:17:39,ICBP,RG,8675,3,D,XL,ZP,F
14:17:21,ICBP,RG,8650,1,D,YB,OD,D
14:16:06,ICBP,RG,8650,3,D,YB,SQ,D
14:16:04,ICBP,RG,8675,2,D,YJ,ZP,F
14:15:25,ICBP,RG,8650,3,D,YB,SQ,D
14:14:59,ICBP,RG,8650,1,D,YB,OD,D
14:14:01,ICBP,RG,8650,3,D,YB,SQ,D
14:13:49,ICBP,RG,8650,3,D,YB,SQ,D
14:13:19,ICBP,RG,8650,1,D,YB,CC,D
14:13:03,ICBP,RG,8650,3,F,AK,SQ,D
14:11:59,ICBP,RG,8650,3,F,AK,SQ,D
14:11:15,ICBP,RG,8650,1,F,AK,PD,D
14:11:15,ICBP,RG,8650,1,F,ZP,PD,D
14:11:15,ICBP,RG,8650,2,F,AK,PD,D
14:10:54,ICBP,RG,8650,50,F,AK,ZP,F
14:10:48,ICBP,RG,8650,50,F,AK,ZP,F
14:10:40,ICBP,RG,8650,1,F,AK,OD,D
14:10:40,ICBP,RG,8650,31,F,AK,KZ,D
14:10:40,ICBP,RG,8650,9,F,BK,KZ,D
14:10:40,ICBP,RG,8650,1,F,AK,KZ,D
14:10:40,ICBP,RG,8650,14,F,AK,KZ,D
14:10:40,ICBP,RG,8650,7,F,AK,KZ,D
14:10:40,ICBP,RG,8650,45,D,KI,KZ,D
14:10:34,ICBP,RG,8650,55,D,KI,GR,D
14:10:34,ICBP,RG,8650,2,F,ZP,GR,D
14:10:34,ICBP,RG,8650,1,F,AK,GR,D
14:10:34,ICBP,RG,8650,12,F,BK,GR,D
14:10:34,ICBP,RG,8650,30,F,BK,GR,D
14:10:34,ICBP,RG,8650,26,F,AK,GR,D
14:10:34,ICBP,RG,8650,4,F,AK,GR,D
14:10:34,ICBP,RG,8650,45,D,KI,GR,D
14:10:07,ICBP,RG,8650,22,D,KI,YP,F
14:10:05,ICBP,RG,8650,2,D,KI,PD,D
14:10:03,ICBP,RG,8650,1,D,KI,NI,D
14:10:03,ICBP,RG,8650,3,D,KI,KZ,D
14:10:03,ICBP,RG,8650,1,D,KI,OD,D
14:10:03,ICBP,RG,8650,30,D,KI,CC,D
14:10:03,ICBP,RG,8650,2,D,KI,SQ,D
14:10:03,ICBP,RG,8650,200,D,KI,KZ,D
14:10:03,ICBP,RG,8650,94,D,KI,KZ,D
14:09:54,ICBP,RG,8650,3,F,ZP,KZ,D
14:09:00,ICBP,RG,8650,1,F,AK,KZ,D
14:08:48,ICBP,RG,8650,1,D,PD,KZ,D
14:08:09,ICBP,RG,8650,2,D,KK,KZ,D
14:07:47,ICBP,RG,8650,9,F,AK,KZ,D
14:07:47,ICBP,RG,8650,64,F,AK,AT,D
14:07:47,ICBP,RG,8650,1,F,ZP,AT,D
14:07:47,ICBP,RG,8650,4,F,ZP,AT,D
14:07:22,ICBP,RG,8650,18,D,OD,AT,D
14:05:54,ICBP,RG,8650,3,D,YP,AT,D
14:05:53,ICBP,RG,8650,2,D,CC,AT,D
14:05:49,ICBP,RG,8650,75,F,BK,AT,D
14:05:49,ICBP,RG,8650,67,F,AK,AT,D
14:05:49,ICBP,RG,8650,10,D,AT,AT,D
14:05:49,ICBP,RG,8650,2,F,AK,AT,D
14:05:49,ICBP,RG,8650,11,F,BK,AT,D
14:05:49,ICBP,RG,8650,7,F,ZP,AT,D
14:05:49,ICBP,RG,8650,2,D,EP,AT,D
14:05:49,ICBP,RG,8650,2,F,AK,AT,D
14:05:49,ICBP,RG,8650,2,F,ZP,AT,D
14:04:31,ICBP,RG,8650,6,F,ZP,DR,D
14:04:31,ICBP,RG,8650,3,F,BK,DR,D
14:04:31,ICBP,RG,8650,1,F,BK,XC,D
14:04:31,ICBP,RG,8650,4,F,BK,KZ,D
14:04:31,ICBP,RG,8650,10,F,BK,PD,D
14:04:31,ICBP,RG,8650,7,F,BK,KZ,D
14:04:31,ICBP,RG,8650,1,F,BK,OD,D
14:04:31,ICBP,RG,8650,1,F,BK,KK,D
14:04:31,ICBP,RG,8650,1,F,BK,KZ,D
14:04:31,ICBP,RG,8650,3,F,BK,GR,D
14:04:31,ICBP,RG,8650,1,F,BK,SQ,D
14:04:31,ICBP,RG,8650,2,F,BK,SQ,D
14:04:31,ICBP,RG,8650,8,F,BK,KZ,D
14:04:31,ICBP,RG,8650,20,F,BK,EP,D
14:04:31,ICBP,RG,8650,3,F,BK,XL,D
14:04:31,ICBP,RG,8650,10,F,BK,KZ,D
14:04:30,ICBP,RG,8650,24,F,BK,KZ,D
14:04:30,ICBP,RG,8650,51,F,BK,ZP,F
14:04:29,ICBP,RG,8650,29,F,BK,ZP,F
14:04:29,ICBP,RG,8650,4,F,BK,KZ,D
14:04:29,ICBP,RG,8650,1,F,BK,YP,D
14:04:29,ICBP,RG,8650,12,F,BK,XC,D
14:04:29,ICBP,RG,8650,1,F,BK,KZ,D
14:04:29,ICBP,RG,8650,5,F,BK,PD,D
14:04:29,ICBP,RG,8650,23,F,BK,KZ,D
14:04:28,ICBP,RG,8650,2,F,BK,KZ,D
14:04:28,ICBP,RG,8650,5,F,BK,DR,D
14:04:09,ICBP,RG,8650,4,D,YP,DR,D
14:03:13,ICBP,RG,8625,1,D,YJ,PD,D
14:03:09,ICBP,RG,8625,9,D,YJ,KK,D
14:02:59,ICBP,RG,8625,1,D,YJ,OD,D
14:02:30,ICBP,RG,8650,1,F,AK,DR,D
14:00:00,ICBP,RG,8650,1,F,AK,DR,D
13:59:19,ICBP,RG,8625,1,D,YJ,DR,D
13:59:17,ICBP,RG,8625,1,D,YJ,PD,D
13:59:17,ICBP,RG,8625,47,D,YJ,GR,D
13:59:17,ICBP,RG,8625,3,D,YJ,GR,D
13:58:19,ICBP,RG,8625,1,D,YJ,OD,D
13:57:58,ICBP,RG,8650,1,D,XL,DR,D
13:57:53,ICBP,RG,8625,1,D,YJ,OD,D
13:56:19,ICBP,RG,8625,6,D,YJ,DR,D
13:55:53,ICBP,RG,8625,1,D,YJ,OD,D
13:54:51,ICBP,RG,8650,1,D,PD,YP,D
13:54:09,ICBP,RG,8650,1,D,NI,YP,D
13:54:09,ICBP,RG,8650,1,F,ZP,YP,D
13:54:09,ICBP,RG,8650,5,F,CC,YP,D
13:54:09,ICBP,RG,8650,17,F,AK,YP,D
13:54:09,ICBP,RG,8650,20,F,AK,YP,D
13:54:05,ICBP,RG,8650,1,F,AK,KZ,D
13:54:04,ICBP,RG,8675,2,F,AK,ZP,F
13:53:04,ICBP,RG,8650,1,F,AK,XC,D
13:52:50,ICBP,RG,8650,3,F,AK,KZ,D
13:52:45,ICBP,RG,8650,25,F,AK,KZ,D
13:52:30,ICBP,RG,8650,19,F,AK,KZ,D
13:52:25,ICBP,RG,8650,14,F,AK,NI,D
13:52:25,ICBP,RG,8650,1,D,CC,NI,D
13:52:25,ICBP,RG,8650,5,F,ZP,NI,D
13:52:25,ICBP,RG,8650,1,F,ZP,NI,D
13:52:25,ICBP,RG,8650,1,D,YP,NI,D
13:52:25,ICBP,RG,8650,1,D,KK,NI,D
13:52:25,ICBP,RG,8650,2,F,ZP,NI,D
13:52:25,ICBP,RG,8650,14,F,BK,NI,D
13:52:25,ICBP,RG,8650,1,F,BK,NI,D
13:52:25,ICBP,RG,8650,22,F,AK,NI,D
13:51:27,ICBP,RG,8675,9,F,BK,ZP,F
13:51:20,ICBP,RG,8675,2,D,CC,ZP,F
13:51:04,ICBP,RG,8650,1,F,AK,OD,D
13:50:50,ICBP,RG,8650,1,F,AK,XC,D
13:50:46,ICBP,RG,8650,1,F,ZP,SQ,D
13:50:46,ICBP,RG,8650,1,F,AK,SQ,D
13:50:46,ICBP,RG,8650,1,F,AK,SQ,D
13:49:11,ICBP,RG,8650,10,F,BK,XC,D
13:48:46,ICBP,RG,8650,1,F,BK,OD,D
13:48:27,ICBP,RG,8675,2,D,YP,ZP,F
13:48:00,ICBP,RG,8675,1,F,AK,ZP,F
13:47:10,ICBP,RG,8675,8,F,BK,ZP,F
13:47:06,ICBP,RG,8650,8,F,BK,KK,D
13:46:52,ICBP,RG,8650,1,F,BK,XC,D
13:46:30,ICBP,RG,8675,1,F,AK,ZP,F
13:43:22,ICBP,RG,8650,1,D,PD,KZ,D
13:43:19,ICBP,RG,8625,2,D,YJ,PD,D
13:42:53,ICBP,RG,8650,1,F,ZP,KZ,D
13:42:53,ICBP,RG,8650,2,F,ZP,KZ,D
13:42:52,ICBP,RG,8650,3,F,AK,KZ,D
13:42:52,ICBP,RG,8650,1,F,AK,OD,D
13:42:52,ICBP,RG,8650,10,F,AK,DR,D
13:42:52,ICBP,RG,8650,1,F,AK,PD,D
13:42:52,ICBP,RG,8650,10,F,AK,YP,D
13:42:52,ICBP,RG,8650,5,F,AK,KZ,D
13:42:52,ICBP,RG,8650,1,F,AK,FS,D
13:42:52,ICBP,RG,8650,1,F,AK,KZ,D
13:42:52,ICBP,RG,8650,3,F,AK,KZ,D
13:42:52,ICBP,RG,8650,16,F,AK,KZ,D
13:42:40,ICBP,RG,8650,8,F,BK,KZ,D
13:42:10,ICBP,RG,8650,3,F,BK,KZ,D
13:42:10,ICBP,RG,8650,38,F,BK,ZP,F
13:42:10,ICBP,RG,8650,3,F,ZP,ZP,F
13:42:10,ICBP,RG,8650,1,D,YP,ZP,F
13:42:10,ICBP,RG,8650,20,F,ZP,ZP,F
13:42:09,ICBP,RG,8650,18,F,BK,ZP,F
13:42:09,ICBP,RG,8650,1,F,BK,KZ,D
13:42:09,ICBP,RG,8650,1,F,BK,KZ,D
13:42:09,ICBP,RG,8650,1,F,BK,CC,D
13:42:09,ICBP,RG,8650,7,F,BK,KZ,D
13:42:09,ICBP,RG,8650,20,F,BK,PD,D
13:42:09,ICBP,RG,8650,100,F,BK,KZ,D
13:42:09,ICBP,RG,8650,1,D,XC,KZ,D
13:42:00,ICBP,RG,8650,3,D,PD,KZ,D
13:41:49,ICBP,RG,8625,1,D,YJ,OD,D
13:41:37,ICBP,RG,8650,1,D,PD,KZ,D
13:40:08,ICBP,RG,8650,12,D,GR,KZ,D
13:40:08,ICBP,RG,8650,4,D,GR,DR,D
13:39:25,ICBP,RG,8625,1,D,YJ,OD,D
13:38:09,ICBP,RG,8625,5,D,YJ,CC,D
13:37:55,ICBP,RG,8625,10,D,YJ,AZ,D
13:37:34,ICBP,RG,8625,6,D,YJ,AZ,D
13:36:58,ICBP,RG,8625,1,D,YJ,OD,D
13:36:23,ICBP,RG,8625,10,D,YJ,AZ,D
13:35:53,ICBP,RG,8650,1,D,XC,DR,D
13:35:38,ICBP,RG,8650,5,D,XL,DR,D
13:35:07,ICBP,RG,8650,1,D,CC,KZ,D
13:34:46,ICBP,RG,8650,1,D,OD,KZ,D
13:34:28,ICBP,RG,8650,1,D,SQ,KZ,D
13:34:25,ICBP,RG,8650,1,D,PD,KZ,D
13:33:52,ICBP,RG,8625,1,D,YJ,DH,D
13:33:07,ICBP,RG,8650,12,D,PD,KZ,D
13:32:16,ICBP,RG,8625,1,D,YJ,OD,D
13:31:39,ICBP,RG,8650,26,D,SQ,KZ,D
13:31:39,ICBP,RG,8650,9,D,SQ,YP,D
13:30:13,ICBP,RG,8650,1,D,YP,YP,D
13:30:13,ICBP,RG,8650,1,D,YP,YP,D
13:30:13,ICBP,RG,8650,14,F,AK,YP,D
13:30:12,ICBP,RG,8650,25,F,AK,YP,D
13:30:12,ICBP,RG,8650,6,F,ZP,YP,D
13:30:12,ICBP,RG,8650,20,D,CC,YP,D
13:30:08,ICBP,RG,8625,150,D,YJ,IU,D
13:30:08,ICBP,RG,8650,1,D,XC,IU,D
13:30:08,ICBP,RG,8650,9,D,CC,IU,D
13:30:08,ICBP,RG,8650,3,D,XC,IU,D
13:30:08,ICBP,RG,8650,17,F,AK,IU,D
13:30:08,ICBP,RG,8650,56,F,AK,IU,D
13:30:08,ICBP,RG,8650,2,D,PD,IU,D
13:30:08,ICBP,RG,8650,1,D,TP,IU,D
13:30:08,ICBP,RG,8650,10,D,CC,IU,D
13:30:08,ICBP,RG,8650,26,F,AK,IU,D
13:30:08,ICBP,RG,8650,1,D,PD,IU,D
13:30:08,ICBP,RG,8650,1,D,PD,IU,D
13:30:08,ICBP,RG,8650,6,D,PD,IU,D
13:30:08,ICBP,RG,8650,1,D,KK,IU,D
13:30:08,ICBP,RG,8650,10,D,SQ,IU,D
13:30:08,ICBP,RG,8650,43,D,GR,IU,D
13:30:07,ICBP,RG,8650,1,D,GR,XC,D
13:30:07,ICBP,RG,8650,3,D,GR,XC,D
13:30:05,ICBP,RG,8650,11,D,GR,CC,D
13:30:05,ICBP,RG,8650,2,F,ZP,CC,D
13:30:04,ICBP,RG,8650,2,F,ZP,PD,D
13:30:04,ICBP,RG,8650,1,F,ZP,PD,D
13:30:04,ICBP,RG,8650,1,F,ZP,PD,D
13:30:04,ICBP,RG,8650,3,D,XA,PD,D
13:30:04,ICBP,RG,8650,7,D,PD,PD,D
13:30:04,ICBP,RG,8675,3,F,AK,ZP,F
13:30:04,ICBP,RG,8650,2,D,PD,XL,D
13:30:04,ICBP,RG,8675,2,D,OD,ZP,F
13:30:04,ICBP,RG,8650,2,D,PD,PD,D
13:30:04,ICBP,RG,8650,2,D,PD,PD,D
13:30:03,ICBP,RG,8650,1,D,PD,EP,D
13:30:03,ICBP,RG,8650,5,D,PD,PD,D
13:30:03,ICBP,RG,8675,6,D,PD,ZP,F
13:30:02,ICBP,RG,8650,1,D,PD,TF,D
13:30:02,ICBP,RG,8650,1,D,PD,PD,D
13:30:02,ICBP,RG,8650,1,D,PD,PD,D
13:30:01,ICBP,RG,8650,7,D,PD,KK,D
13:30:01,ICBP,RG,8650,3,D,PD,PD,D
13:30:01,ICBP,RG,8650,5,D,PD,PD,D
13:30:01,ICBP,RG,8650,10,D,PD,PD,D
11:29:54,ICBP,RG,8650,1,D,PD,XC,D
11:27:32,ICBP,RG,8675,1,D,XC,ZP,F
11:26:30,ICBP,RG,8675,1,F,AK,DR,D
11:24:00,ICBP,RG,8675,1,F,AK,DR,D
11:22:00,ICBP,RG,8675,1,F,AK,DR,D
11:21:37,ICBP,RG,8650,1,D,PD,DR,D
11:21:21,ICBP,RG,8650,1,D,PD,XC,D
11:19:50,ICBP,RG,8650,2,F,CC,NI,D
11:19:50,ICBP,RG,8650,1,F,ZP,NI,D
11:18:42,ICBP,RG,8675,2,F,CC,NI,D
11:17:07,ICBP,RG,8675,1,F,CC,XC,D
11:16:27,ICBP,RG,8650,1,F,BK,XC,D
11:15:40,ICBP,RG,8725,5,F,ZP,BK,F
11:15:40,ICBP,RG,8725,112,D,SQ,BK,F
11:15:39,ICBP,RG,8725,432,D,SQ,CC,F
11:15:38,ICBP,RG,8725,92,D,SQ,PD,D
11:15:38,ICBP,RG,8725,2,D,SQ,CC,D
11:15:38,ICBP,RG,8725,10,D,SQ,PD,D
11:15:38,ICBP,RG,8725,5,D,SQ,PD,D
11:15:38,ICBP,RG,8725,40,D,SQ,PD,D
11:15:38,ICBP,RG,8725,762,D,SQ,PD,D
11:15:38,ICBP,RG,8725,10,D,SQ,XA,D
11:15:38,ICBP,RG,8725,30,D,SQ,KI,D
11:15:38,ICBP,RG,8675,5,D,SQ,XC,D
11:15:08,ICBP,RG,8600,26,F,BK,BK,F
11:15:04,ICBP,RG,8725,570,D,SQ,KI,D
11:15:04,ICBP,RG,8725,20,D,SQ,XA,D
11:15:04,ICBP,RG,8725,5,D,SQ,CC,D
11:15:04,ICBP,RG,8725,10,D,SQ,MG,D
11:15:04,ICBP,RG,8725,2,D,SQ,XC,D
11:15:04,ICBP,RG,8725,1,D,SQ,XC,D
11:15:04,ICBP,RG,8725,50,D,SQ,CC,D
11:15:04,ICBP,RG,8725,50,D,SQ,YP,D
11:15:04,ICBP,RG,8725,1,D,SQ,YP,D
11:15:04,ICBP,RG,8725,2,D,SQ,YP,D
11:15:04,ICBP,RG,8725,1,D,SQ,XC,D
11:15:04,ICBP,RG,8725,10,D,SQ,SQ,D
11:15:04,ICBP,RG,8725,150,D,SQ,YJ,D
11:15:04,ICBP,RG,8725,4,D,SQ,XC,D
11:15:04,ICBP,RG,8725,3,D,SQ,LG,D
11:15:04,ICBP,RG,8725,10,D,SQ,CC,D
11:15:04,ICBP,RG,8725,1,D,SQ,YP,D
11:15:04,ICBP,RG,8725,1,D,SQ,KK,D
11:15:04,ICBP,RG,8725,5,D,SQ,PD,D
11:15:04,ICBP,RG,8725,2,D,SQ,DH,D
11:15:04,ICBP,RG,8725,1,D,SQ,PD,D
11:15:04,ICBP,RG,8725,2,D,SQ,PD,D
11:15:04,ICBP,RG,8725,150,D,SQ,YJ,D
11:15:04,ICBP,RG,8725,10,D,SQ,MU,D
11:15:04,ICBP,RG,8700,1,D,SQ,EP,D
11:15:04,ICBP,RG,8700,10,D,SQ,KK,D
11:15:04,ICBP,RG,8700,2,D,SQ,PD,D
11:15:04,ICBP,RG,8700,2,D,SQ,PD,D
11:15:04,ICBP,RG,8700,5,D,SQ,KK,D
11:15:04,ICBP,RG,8700,400,D,SQ,KI,D
11:15:04,ICBP,RG,8700,13,D,SQ,PD,D
11:15:04,ICBP,RG,8700,74,D,SQ,MG,D
11:15:04,ICBP,RG,8700,1,D,SQ,XC,D
11:15:04,ICBP,RG,8700,32,D,SQ,MG,D
11:15:04,ICBP,RG,8700,97,D,SQ,MG,D
11:15:04,ICBP,RG,8700,15,D,SQ,KK,D
11:15:04,ICBP,RG,8700,97,D,SQ,MG,D
11:15:04,ICBP,RG,8700,4,D,SQ,YP,D
11:15:04,ICBP,RG,8700,2,D,SQ,CP,D
11:15:04,ICBP,RG,8700,14,D,SQ,CC,D
11:15:04,ICBP,RG,8700,1,D,SQ,NI,D
11:15:04,ICBP,RG,8700,1,D,SQ,XC,D
11:15:04,ICBP,RG,8700,7,D,SQ,YP,D
11:15:04,ICBP,RG,8700,2,D,SQ,XC,D
11:15:04,ICBP,RG,8700,20,D,SQ,CC,D
11:15:04,ICBP,RG,8700,8,D,SQ,SQ,D
11:15:04,ICBP,RG,8700,50,D,SQ,CC,D
11:15:04,ICBP,RG,8700,26,D,SQ,YP,D
11:15:04,ICBP,RG,8700,1,D,SQ,CC,D
11:15:04,ICBP,RG,8700,1,D,SQ,YP,D
11:15:04,ICBP,RG,8700,5,D,SQ,XL,D
11:15:04,ICBP,RG,8700,1,D,SQ,YP,D
11:15:04,ICBP,RG,8700,1,D,SQ,KK,D
11:15:04,ICBP,RG,8700,6,D,SQ,GR,D
11:15:04,ICBP,RG,8675,3,D,SQ,XC,D
11:15:04,ICBP,RG,8675,1,D,SQ,NI,D
11:15:04,ICBP,RG,8675,1,D,SQ,YP,D
11:15:04,ICBP,RG,8675,10,D,SQ,PD,D
11:15:04,ICBP,RG,8675,7,D,SQ,XC,D
11:15:04,ICBP,RG,8675,1,D,SQ,SQ,D
11:15:04,ICBP,RG,8675,25,D,SQ,PD,D
11:15:04,ICBP,RG,8675,3,D,SQ,PD,D
11:15:04,ICBP,RG,8675,9,D,SQ,PD,D
11:15:04,ICBP,RG,8675,10,D,SQ,YP,D
11:15:04,ICBP,RG,8675,2,D,SQ,PD,D
11:15:04,ICBP,RG,8675,21,D,SQ,OD,D
11:15:04,ICBP,RG,8675,90,D,SQ,DH,F
11:15:04,ICBP,RG,8675,1,D,SQ,PD,D
11:15:04,ICBP,RG,8675,2,D,SQ,GR,D
11:15:04,ICBP,RG,8675,1,D,SQ,YP,D
11:15:04,ICBP,RG,8675,1,D,SQ,PD,D
11:15:04,ICBP,RG,8675,1427,D,SQ,SQ,D
11:15:04,ICBP,RG,8650,169,D,SQ,PD,D
11:15:04,ICBP,RG,8650,14,D,SQ,BK,F
11:15:04,ICBP,RG,8650,5,D,SQ,YP,D
11:15:04,ICBP,RG,8650,12,D,SQ,PD,D
11:15:04,ICBP,RG,8650,6,D,SQ,AZ,D
11:15:04,ICBP,RG,8650,9,D,SQ,SQ,D
11:15:04,ICBP,RG,8650,1,D,SQ,DH,D
11:15:04,ICBP,RG,8650,3,D,SQ,XC,D
11:15:04,ICBP,RG,8650,1,D,SQ,CC,D
11:15:04,ICBP,RG,8650,1,D,SQ,YP,D
11:15:04,ICBP,RG,8650,8,D,SQ,YP,D
11:15:04,ICBP,RG,8650,1,D,SQ,PD,D
11:15:04,ICBP,RG,8650,1,D,SQ,XC,D
11:15:04,ICBP,RG,8650,50,D,SQ,ZP,F
11:15:04,ICBP,RG,8650,3,D,SQ,SQ,D
11:15:04,ICBP,RG,8650,11,D,SQ,XC,D
11:15:04,ICBP,RG,8650,2,D,SQ,YP,D
11:15:04,ICBP,RG,8650,3,D,SQ,SQ,D
11:15:04,ICBP,RG,8650,3,D,SQ,SQ,D
11:15:04,ICBP,RG,8650,2,D,SQ,PD,D
11:15:04,ICBP,RG,8650,40,D,SQ,PD,D
11:15:04,ICBP,RG,8650,1,D,SQ,YP,D
11:15:04,ICBP,RG,8650,4,D,SQ,KK,D
11:15:04,ICBP,RG,8650,10,D,SQ,SQ,D
11:15:04,ICBP,RG,8650,22,D,SQ,YP,D
11:15:04,ICBP,RG,8650,31,D,SQ,KZ,D
11:15:04,ICBP,RG,8650,33,D,SQ,YP,D
11:15:04,ICBP,RG,8625,1,D,SQ,PD,D
11:15:04,ICBP,RG,8625,3,D,SQ,PD,D
11:15:04,ICBP,RG,8625,31,D,SQ,KZ,D
11:15:04,ICBP,RG,8625,12,D,SQ,KZ,D
11:15:04,ICBP,RG,8625,23,D,SQ,AZ,D
11:15:04,ICBP,RG,8625,20,D,SQ,PD,D
11:15:04,ICBP,RG,8625,1,D,SQ,PD,D
11:15:04,ICBP,RG,8625,41,D,SQ,BK,F
11:15:04,ICBP,RG,8625,500,D,SQ,KZ,D
11:15:04,ICBP,RG,8625,100,D,SQ,ZP,F
11:15:04,ICBP,RG,8625,21,D,SQ,EP,D
11:15:04,ICBP,RG,8625,54,D,SQ,GR,D
11:15:04,ICBP,RG,8625,1,D,SQ,CC,D
11:15:04,ICBP,RG,8625,100,D,SQ,ZP,F
11:15:04,ICBP,RG,8625,9,D,SQ,SQ,D
11:15:04,ICBP,RG,8600,12,D,SQ,BK,F
11:15:04,ICBP,RG,8600,13,D,SQ,DR,D
11:15:04,ICBP,RG,8600,37,D,SQ,KZ,D
11:14:58,ICBP,RG,8575,2,D,ZP,CC,D
11:14:47,ICBP,RG,8600,11,D,XC,KZ,D
11:14:19,ICBP,RG,8600,1,D,PD,KZ,D
11:13:38,ICBP,RG,8600,27,F,AK,KZ,D
11:13:38,ICBP,RG,8600,1,D,PD,KZ,D
11:13:38,ICBP,RG,8600,10,D,YP,KZ,D
11:13:38,ICBP,RG,8600,1,F,ZP,KZ,D
11:13:38,ICBP,RG,8600,1,D,XC,KZ,D
11:13:38,ICBP,RG,8600,5,D,DR,KZ,D
11:13:38,ICBP,RG,8600,1,D,NI,KZ,D
11:13:38,ICBP,RG,8600,1,D,CC,KZ,D
11:13:38,ICBP,RG,8600,1,D,NI,KZ,D
11:13:38,ICBP,RG,8600,5,D,YP,KZ,D
11:13:38,ICBP,RG,8600,1,F,CC,KZ,D
11:13:38,ICBP,RG,8600,1,F,ZP,KZ,D
11:13:38,ICBP,RG,8600,82,D,PD,KZ,D
11:13:34,ICBP,RG,8600,10,D,PD,DR,D
11:13:25,ICBP,RG,8625,1,D,DX,DR,D
11:10:34,ICBP,RG,8625,2,D,CC,DR,D
11:09:51,ICBP,RG,8600,9,D,PD,DR,D
11:09:31,ICBP,RG,8600,1,D,PD,YP,D
11:07:02,ICBP,RG,8600,5,D,PD,PD,D
11:05:44,ICBP,RG,8600,40,D,PD,CC,D
11:04:17,ICBP,RG,8600,10,D,PD,DH,D
11:04:17,ICBP,RG,8600,1,D,PD,SQ,D
11:04:17,ICBP,RG,8600,115,D,PD,BK,F
11:04:17,ICBP,RG,8600,150,D,PD,ZP,F
11:04:17,ICBP,RG,8600,302,D,PD,ZP,F
11:04:17,ICBP,RG,8600,130,D,PD,BK,F
11:04:17,ICBP,RG,8600,16,D,PD,DR,D
11:04:17,ICBP,RG,8600,38,D,PD,YP,D
11:03:52,ICBP,RG,8575,15,D,ZP,BK,F
11:03:52,ICBP,RG,8575,2,D,ZP,XC,D
11:03:51,ICBP,RG,8600,1,D,PD,YP,D
11:03:48,ICBP,RG,8575,19,D,ZP,BK,F
11:03:47,ICBP,RG,8600,41,F,AK,YP,D
11:03:47,ICBP,RG,8600,12,F,AK,PD,D
11:03:45,ICBP,RG,8600,2,F,AK,BK,F
11:03:45,ICBP,RG,8600,12,D,OD,BK,F
11:03:45,ICBP,RG,8600,1,D,PD,BK,F
11:03:45,ICBP,RG,8600,1,F,AK,BK,F
11:03:45,ICBP,RG,8600,3,D,PD,BK,F
11:03:45,ICBP,RG,8600,1,D,YU,BK,F
11:03:45,ICBP,RG,8600,1,D,PD,BK,F
11:03:45,ICBP,RG,8600,2,D,XC,BK,F
11:03:45,ICBP,RG,8600,1,D,NI,BK,F
11:03:45,ICBP,RG,8600,1,D,SQ,BK,F
11:03:43,ICBP,RG,8600,14,D,SQ,KZ,D
11:03:43,ICBP,RG,8600,3,D,YP,KZ,D
11:03:43,ICBP,RG,8600,1,D,YP,KZ,D
11:03:43,ICBP,RG,8600,2,F,CC,KZ,D
11:03:43,ICBP,RG,8600,1,D,PD,KZ,D
11:03:43,ICBP,RG,8600,5,D,PD,KZ,D
11:03:43,ICBP,RG,8600,2,D,CC,KZ,D
11:03:43,ICBP,RG,8600,5,D,XC,KZ,D
11:03:43,ICBP,RG,8600,3,D,CC,KZ,D
11:03:43,ICBP,RG,8600,1,D,PD,KZ,D
11:03:43,ICBP,RG,8600,1,D,PD,KZ,D
11:03:43,ICBP,RG,8600,2,D,YP,KZ,D
11:03:43,ICBP,RG,8600,10,D,OD,KZ,D
11:03:43,ICBP,RG,8600,15,D,AT,KZ,D
11:03:43,ICBP,RG,8600,4,F,ZP,KZ,D
11:03:43,ICBP,RG,8600,1,D,XC,KZ,D
11:03:43,ICBP,RG,8600,2,D,CC,KZ,D
11:03:43,ICBP,RG,8600,5,D,PD,KZ,D
11:03:43,ICBP,RG,8600,35,D,ZP,KZ,D
11:03:43,ICBP,RG,8600,1,D,XC,KZ,D
11:03:43,ICBP,RG,8600,9,F,ZP,KZ,D
11:03:43,ICBP,RG,8600,21,F,ZP,KZ,D
11:03:43,ICBP,RG,8600,1,D,XL,KZ,D
11:03:43,ICBP,RG,8600,4,D,SQ,KZ,D
11:03:42,ICBP,RG,8600,1,D,SQ,BK,F
11:03:42,ICBP,RG,8600,1,D,EP,BK,F
11:03:42,ICBP,RG,8600,1,F,ZP,BK,F
11:03:42,ICBP,RG,8600,1,D,LG,BK,F
11:03:42,ICBP,RG,8600,2,D,DH,BK,F
11:03:42,ICBP,RG,8600,8,F,ZP,BK,F
11:03:38,ICBP,RG,8600,22,F,ZP,BK,F
11:03:38,ICBP,RG,8600,47,F,ZP,KZ,D
11:03:35,ICBP,RG,8600,18,F,ZP,SQ,D
11:03:35,ICBP,RG,8600,18,F,ZP,BK,F
11:03:35,ICBP,RG,8600,1,D,NI,BK,F
11:03:35,ICBP,RG,8600,1,D,YP,BK,F
11:03:35,ICBP,RG,8600,12,D,RG,BK,F
11:03:33,ICBP,RG,8600,8,D,RG,ZP,F
11:03:33,ICBP,RG,8600,1,D,CC,ZP,F
11:03:33,ICBP,RG,8600,1,F,ZP,ZP,F
11:03:33,ICBP,RG,8600,1,D,PD,ZP,F
11:03:33,ICBP,RG,8600,2,D,PD,ZP,F
11:03:33,ICBP,RG,8600,2,D,DR,ZP,F
11:03:33,ICBP,RG,8600,5,D,CC,ZP,F
11:03:33,ICBP,RG,8600,1,F,AK,ZP,F
11:03:33,ICBP,RG,8600,108,F,ZP,ZP,F
11:03:33,ICBP,RG,8600,1,D,PD,ZP,F
11:03:33,ICBP,RG,8600,70,D,TF,ZP,F
11:03:18,ICBP,RG,8600,3,D,TF,PD,D
11:03:14,ICBP,RG,8600,16,D,TF,BK,F
11:03:11,ICBP,RG,8600,7,D,TF,BK,F
11:03:06,ICBP,RG,8600,4,D,TF,BK,F
11:03:06,ICBP,RG,8600,1,D,SQ,BK,F
11:03:06,ICBP,RG,8600,1,D,XC,BK,F
11:03:06,ICBP,RG,8600,25,F,AK,BK,F
11:03:01,ICBP,RG,8600,1,F,AK,ZP,F
11:03:01,ICBP,RG,8600,2,F,ZP,ZP,F
11:03:01,ICBP,RG,8600,1,D,CC,ZP,F
11:03:01,ICBP,RG,8600,7,D,XA,ZP,F
11:02:59,ICBP,RG,8600,3,D,XA,ZP,F
11:02:59,ICBP,RG,8600,1,D,YP,ZP,F
11:02:59,ICBP,RG,8600,3,D,XC,ZP,F
11:02:59,ICBP,RG,8600,1,D,XL,ZP,F
11:02:59,ICBP,RG,8600,5,D,SQ,ZP,F
11:02:59,ICBP,RG,8600,10,D,XA,ZP,F
11:02:59,ICBP,RG,8600,1,D,PD,ZP,F
11:02:59,ICBP,RG,8600,1,D,XL,ZP,F
11:02:59,ICBP,RG,8600,2,D,PD,ZP,F
11:02:59,ICBP,RG,8600,2,D,PD,ZP,F
11:02:59,ICBP,RG,8600,2,D,AZ,ZP,F
11:02:59,ICBP,RG,8600,2,D,YP,ZP,F
11:02:59,ICBP,RG,8600,1,F,AK,ZP,F
11:02:59,ICBP,RG,8600,1,D,NI,ZP,F
11:02:59,ICBP,RG,8600,5,D,PD,ZP,F
11:02:59,ICBP,RG,8600,1,D,YP,ZP,F
11:02:59,ICBP,RG,8600,5,D,PD,ZP,F
11:02:59,ICBP,RG,8600,1,D,PD,ZP,F
11:02:59,ICBP,RG,8600,1,D,PD,ZP,F
11:02:59,ICBP,RG,8600,2,D,PD,ZP,F
11:02:59,ICBP,RG,8600,2,D,PD,ZP,F
11:02:59,ICBP,RG,8600,1,D,YP,ZP,F
11:02:59,ICBP,RG,8600,2,D,XC,ZP,F
11:02:59,ICBP,RG,8600,1,D,YP,ZP,F
11:02:59,ICBP,RG,8600,11,D,YB,ZP,F
11:02:59,ICBP,RG,8600,1,D,SQ,ZP,F
11:02:59,ICBP,RG,8600,5,D,YP,ZP,F
11:02:59,ICBP,RG,8600,6,D,XC,ZP,F
11:02:59,ICBP,RG,8600,50,D,PD,ZP,F
11:02:59,ICBP,RG,8600,21,D,DX,ZP,F
11:02:58,ICBP,RG,8600,1,D,DX,ZP,F
11:02:56,ICBP,RG,8600,3,D,DX,BK,F
11:02:56,ICBP,RG,8600,7,D,DH,BK,F
11:02:52,ICBP,RG,8600,3,D,DH,ZP,F
11:02:52,ICBP,RG,8600,1,D,YP,ZP,F
11:02:51,ICBP,RG,8600,2,D,YP,BK,F
11:02:51,ICBP,RG,8600,5,D,DH,BK,F
11:02:51,ICBP,RG,8600,4,D,XA,BK,F
11:02:51,ICBP,RG,8600,6,D,XA,ZP,F
11:02:49,ICBP,RG,8600,5,D,XA,BK,F
11:02:49,ICBP,RG,8600,10,D,EP,BK,F
11:02:49,ICBP,RG,8600,6,D,XC,BK,F
11:02:49,ICBP,RG,8600,1,D,PD,BK,F
11:02:49,ICBP,RG,8600,3,D,PD,BK,F
11:02:49,ICBP,RG,8600,15,D,XA,BK,F
11:02:49,ICBP,RG,8600,2,D,NI,BK,F
11:02:49,ICBP,RG,8600,1,D,NI,BK,F
11:02:49,ICBP,RG,8600,1,D,GR,BK,F
11:02:48,ICBP,RG,8600,1,D,GR,ZP,F
11:02:48,ICBP,RG,8600,5,D,YP,ZP,F
11:02:48,ICBP,RG,8600,1,D,PD,ZP,F
11:02:48,ICBP,RG,8600,1,D,XC,KZ,D
11:02:48,ICBP,RG,8600,2,D,PD,KZ,D
11:02:48,ICBP,RG,8600,73,D,NI,KZ,D
11:02:46,ICBP,RG,8600,100,D,NI,ZP,F
11:02:46,ICBP,RG,8600,3,D,NI,ZP,F
11:02:44,ICBP,RG,8600,11,D,NI,BK,F
11:02:43,ICBP,RG,8600,23,D,NI,KZ,D
11:02:42,ICBP,RG,8600,1,D,NI,ZP,F
11:02:39,ICBP,RG,8600,34,D,NI,BK,F
11:02:38,ICBP,RG,8600,500,D,NI,KZ,D
11:02:15,ICBP,RG,8600,39,D,NI,ZP,F
11:01:58,ICBP,RG,8600,3,D,NI,ZP,F
11:01:56,ICBP,RG,8600,213,D,NI,KZ,D
11:01:56,ICBP,RG,8600,1,D,PD,KZ,D
11:01:56,ICBP,RG,8600,100,D,CC,KZ,D
11:01:56,ICBP,RG,8600,50,D,PD,KZ,D
11:01:56,ICBP,RG,8600,3,D,PD,KZ,D
11:01:56,ICBP,RG,8600,10,D,XC,KZ,D
11:01:56,ICBP,RG,8600,1,D,PD,KZ,D
11:01:56,ICBP,RG,8600,1,D,XC,KZ,D
11:01:56,ICBP,RG,8600,10,D,XC,KZ,D
11:01:56,ICBP,RG,8600,10,D,KK,KZ,D
11:01:56,ICBP,RG,8600,1,D,NI,KZ,D
11:01:56,ICBP,RG,8600,4,D,PD,KZ,D
11:01:56,ICBP,RG,8600,1,D,YP,KZ,D
11:01:56,ICBP,RG,8600,10,D,SQ,KZ,D
11:01:56,ICBP,RG,8600,5,D,CC,KZ,D
11:01:56,ICBP,RG,8600,1,D,XC,KZ,D
11:01:56,ICBP,RG,8600,1,D,XC,KZ,D
11:01:56,ICBP,RG,8600,2,D,AZ,KZ,D
11:01:56,ICBP,RG,8600,1,D,NI,KZ,D
11:01:56,ICBP,RG,8600,35,D,PD,KZ,D
11:01:56,ICBP,RG,8600,5,D,CC,KZ,D
11:01:56,ICBP,RG,8600,2,D,NI,KZ,D
11:01:56,ICBP,RG,8600,3,D,SQ,KZ,D
11:01:56,ICBP,RG,8600,1,D,XC,KZ,D
11:01:56,ICBP,RG,8600,1,D,XC,KZ,D
11:01:56,ICBP,RG,8600,1,D,PD,KZ,D
11:01:56,ICBP,RG,8600,1,D,PD,KZ,D
11:01:56,ICBP,RG,8600,5,D,YP,KZ,D
11:01:56,ICBP,RG,8600,1,D,PD,KZ,D
11:01:56,ICBP,RG,8600,1,D,XC,KZ,D
11:01:56,ICBP,RG,8600,11,D,XL,KZ,D
11:01:56,ICBP,RG,8600,1,D,XC,KZ,D
11:01:56,ICBP,RG,8600,1,D,XC,KZ,D
11:01:56,ICBP,RG,8600,3,D,PD,KZ,D
11:01:56,ICBP,RG,8600,1,D,AI,KZ,D
11:01:56,ICBP,RG,8600,2,D,OD,KZ,D
11:01:15,ICBP,RG,8600,1,D,OD,PD,D
10:59:25,ICBP,RG,8625,1,D,CC,PD,D
10:56:45,ICBP,RG,8625,1,F,AK,PD,D
10:56:15,ICBP,RG,8600,1,D,CC,ZP,F
10:55:35,ICBP,RG,8625,5,D,CC,PD,D
10:55:04,ICBP,RG,8625,1,D,PD,PD,D
10:54:30,ICBP,RG,8625,6,D,XL,PD,D
10:54:17,ICBP,RG,8625,1,D,XL,PD,D
10:53:59,ICBP,RG,8600,1,D,CC,YP,D
10:53:51,ICBP,RG,8600,3,D,CC,ZP,F
10:53:51,ICBP,RG,8600,1,D,YP,ZP,F
10:53:51,ICBP,RG,8600,2,D,EP,ZP,F
10:53:12,ICBP,RG,8600,5,D,EP,PD,D
10:52:45,ICBP,RG,8625,5,D,XC,PD,D
10:52:15,ICBP,RG,8600,3,D,EP,KZ,D
10:52:15,ICBP,RG,8600,3,D,SQ,KZ,D
10:52:15,ICBP,RG,8600,4,D,XC,KZ,D
10:52:15,ICBP,RG,8600,1,D,XC,KZ,D
10:52:15,ICBP,RG,8600,1,D,XC,KZ,D
10:52:15,ICBP,RG,8600,1,D,YP,KZ,D
10:52:15,ICBP,RG,8600,1,D,KK,KZ,D
10:52:15,ICBP,RG,8600,1,D,KK,KZ,D
10:52:15,ICBP,RG,8600,1,D,XC,KZ,D
10:52:15,ICBP,RG,8600,1,D,XC,KZ,D
10:52:15,ICBP,RG,8600,3,D,CC,KZ,D
10:52:15,ICBP,RG,8600,2,D,AI,KZ,D
10:52:15,ICBP,RG,8600,1,D,DH,KZ,D
10:52:15,ICBP,RG,8600,1,D,KK,KZ,D
10:52:15,ICBP,RG,8600,2,D,PD,KZ,D
10:52:15,ICBP,RG,8600,1,D,SQ,KZ,D
10:52:15,ICBP,RG,8600,1,D,NI,KZ,D
10:52:15,ICBP,RG,8600,5,D,XC,KZ,D
10:52:15,ICBP,RG,8600,10,D,DH,KZ,D
10:52:15,ICBP,RG,8600,5,D,KK,KZ,D
10:52:15,ICBP,RG,8600,1,D,YB,KZ,D
10:52:15,ICBP,RG,8600,2,D,XC,KZ,D
10:52:15,ICBP,RG,8600,1,D,NI,KZ,D
10:52:15,ICBP,RG,8600,2,D,YU,KZ,D
10:52:15,ICBP,RG,8625,1,F,AK,PD,D
10:51:51,ICBP,RG,8600,1,D,YU,MI,D
10:50:50,ICBP,RG,8600,3,D,YU,XC,D
10:50:15,ICBP,RG,8600,1,D,YU,ZP,F
10:49:00,ICBP,RG,8600,5,D,YU,DR,D
10:48:00,ICBP,RG,8600,1,D,YU,PD,D
10:47:51,ICBP,RG,8600,6,D,YU,ZP,F
10:46:45,ICBP,RG,8625,1,F,AK,PD,D
10:45:06,ICBP,RG,8600,100,D,YU,YP,D
10:43:22,ICBP,RG,8600,14,D,YU,DR,D
10:42:36,ICBP,RG,8625,2,D,PD,PD,D
10:42:29,ICBP,RG,8625,1,D,NI,PD,D
10:42:26,ICBP,RG,8600,3,D,YU,CC,D
10:42:11,ICBP,RG,8625,2,D,PD,PD,D
10:42:11,ICBP,RG,8625,4,D,PD,ZP,F
10:38:15,ICBP,RG,8600,1,D,YU,ZP,F
10:38:13,ICBP,RG,8600,5,D,YU,PD,D
10:36:36,ICBP,RG,8600,9,D,YU,CC,D
10:35:51,ICBP,RG,8600,29,D,YU,ZP,F
10:35:30,ICBP,RG,8600,1,D,YU,CC,D
10:34:35,ICBP,RG,8600,19,D,YU,KK,D
10:34:35,ICBP,RG,8600,1,D,GR,KK,D
10:33:49,ICBP,RG,8625,4,F,AK,ZP,F
10:33:49,ICBP,RG,8625,6,F,AK,DR,D
10:33:49,ICBP,RG,8625,21,F,AK,ZP,F
10:33:48,ICBP,RG,8625,1,D,XC,ZP,F
10:33:39,ICBP,RG,8625,28,D,PD,ZP,F
10:32:06,ICBP,RG,8625,1,F,ZP,YP,D
10:32:04,ICBP,RG,8625,40,F,AK,ZP,F
10:32:04,ICBP,RG,8625,10,D,DH,ZP,F
10:31:43,ICBP,RG,8625,1,F,ZP,ZP,F
10:31:43,ICBP,RG,8625,2,D,YP,ZP,F
10:31:43,ICBP,RG,8625,10,D,XA,ZP,F
10:31:43,ICBP,RG,8625,2,D,KK,ZP,F
10:31:43,ICBP,RG,8625,2,D,AZ,ZP,F
10:31:43,ICBP,RG,8625,1,D,XC,ZP,F
10:31:43,ICBP,RG,8625,1,D,CC,ZP,F
10:31:43,ICBP,RG,8625,15,D,AT,ZP,F
10:31:43,ICBP,RG,8625,1,F,AK,ZP,F
10:31:43,ICBP,RG,8625,1,D,XC,ZP,F
10:31:43,ICBP,RG,8625,1,F,CC,ZP,F
10:31:43,ICBP,RG,8625,10,D,DR,ZP,F
10:31:43,ICBP,RG,8625,1,D,AI,ZP,F
10:31:43,ICBP,RG,8625,1,D,AI,ZP,F
10:31:43,ICBP,RG,8625,1,D,XC,ZP,F
10:31:41,ICBP,RG,8625,1,D,XC,KZ,D
10:31:41,ICBP,RG,8625,1,D,LG,KZ,D
10:31:41,ICBP,RG,8625,1,F,AK,KZ,D
10:31:41,ICBP,RG,8625,1,F,ZP,KZ,D
10:31:41,ICBP,RG,8625,12,D,PD,KZ,D
10:31:41,ICBP,RG,8625,1,D,PD,KZ,D
10:31:41,ICBP,RG,8625,2,F,AK,KZ,D
10:31:37,ICBP,RG,8625,21,F,AK,ZP,F
10:31:37,ICBP,RG,8625,1,D,DR,ZP,F
10:31:37,ICBP,RG,8625,2,D,YP,ZP,F
10:31:37,ICBP,RG,8625,1,D,XC,ZP,F
10:31:37,ICBP,RG,8625,1,D,YP,ZP,F
10:31:37,ICBP,RG,8625,2,D,PD,ZP,F
10:31:37,ICBP,RG,8625,1,D,DR,ZP,F
10:31:37,ICBP,RG,8625,1,D,NI,ZP,F
10:31:37,ICBP,RG,8625,20,F,ZP,ZP,F
10:31:16,ICBP,RG,8625,1,F,ZP,KZ,D
10:31:13,ICBP,RG,8650,1,D,XC,YP,D
10:29:54,ICBP,RG,8650,1,D,XC,YP,D
10:29:45,ICBP,RG,8650,1,F,AK,YP,D
10:29:41,ICBP,RG,8625,1,F,ZP,KZ,D
10:29:41,ICBP,RG,8625,3,D,KI,KZ,D
10:29:35,ICBP,RG,8625,9,D,KI,SQ,D
10:29:16,ICBP,RG,8625,1,D,KI,KZ,D
10:29:12,ICBP,RG,8650,1,D,CC,YP,D
10:28:41,ICBP,RG,8625,18,D,KI,KZ,D
10:28:36,ICBP,RG,8625,2,D,KI,KZ,D
10:28:36,ICBP,RG,8625,30,D,KI,KZ,D
10:28:32,ICBP,RG,8625,53,D,KI,DP,F
10:28:21,ICBP,RG,8625,5,D,KI,XC,D
10:28:18,ICBP,RG,8625,12,D,KI,YP,D
10:27:51,ICBP,RG,8625,22,D,KI,ZP,F
10:27:16,ICBP,RG,8625,2,D,KI,KZ,D
10:26:42,ICBP,RG,8625,1,D,KI,PD,D
10:26:04,ICBP,RG,8625,4,D,KI,PD,D
10:25:45,ICBP,RG,8625,10,D,KI,CC,D
10:24:18,ICBP,RG,8625,5,D,KI,IF,D
10:24:17,ICBP,RG,8625,6,D,KI,KK,D
10:24:01,ICBP,RG,8625,3,D,KI,KZ,D
10:23:56,ICBP,RG,8625,25,D,KI,KZ,D
10:23:54,ICBP,RG,8625,69,D,KI,ZP,F
10:21:46,ICBP,RG,8625,4,D,KI,KZ,D
10:21:41,ICBP,RG,8625,89,D,KI,KZ,D
10:21:33,ICBP,RG,8625,27,D,KI,ZP,F
10:21:33,ICBP,RG,8625,5,D,XC,ZP,F
10:21:33,ICBP,RG,8625,1,D,PD,ZP,F
10:21:33,ICBP,RG,8625,1,D,GR,ZP,F
10:21:33,ICBP,RG,8625,1,D,PD,ZP,F
10:21:33,ICBP,RG,8625,1,D,PD,ZP,F
10:21:33,ICBP,RG,8625,9,F,ZP,ZP,F
10:21:33,ICBP,RG,8625,2,D,YP,ZP,F
10:21:33,ICBP,RG,8625,53,F,ZP,ZP,F
10:21:32,ICBP,RG,8625,1,F,ZP,YP,D
10:21:14,ICBP,RG,8625,30,F,ZP,ZP,F
10:21:14,ICBP,RG,8625,1,F,AK,ZP,F
10:21:14,ICBP,RG,8625,17,D,NI,ZP,F
10:21:14,ICBP,RG,8625,2,D,MG,ZP,F
10:21:03,ICBP,RG,8625,50,D,MG,ZP,F
10:20:51,ICBP,RG,8650,1,D,PD,YP,D
10:20:40,ICBP,RG,8625,12,D,MG,DR,D
10:18:41,ICBP,RG,8625,4,D,MG,YP,D
10:17:56,ICBP,RG,8625,1,D,MG,KZ,D
10:17:36,ICBP,RG,8625,1,D,MG,YP,D
10:17:18,ICBP,RG,8625,1,D,MG,CC,D
10:16:01,ICBP,RG,8625,1,D,MG,KZ,D
10:15:56,ICBP,RG,8625,2,D,MG,XC,D
10:15:26,ICBP,RG,8625,31,D,MG,KZ,D
10:15:04,ICBP,RG,8650,12,D,XC,YP,D
10:12:05,ICBP,RG,8625,1,D,MG,PD,D
10:11:51,ICBP,RG,8625,97,D,MG,KZ,D
10:11:45,ICBP,RG,8650,1,F,AK,ZP,F
10:11:24,ICBP,RG,8625,97,D,MG,CC,D
10:11:24,ICBP,RG,8625,22,D,PD,CC,D
10:11:17,ICBP,RG,8650,1,D,PD,ZP,F
10:10:09,ICBP,RG,8625,21,D,PD,YP,D
10:08:22,ICBP,RG,8625,1,D,PD,YP,D
10:08:07,ICBP,RG,8650,5,D,YP,ZP,F
10:07:38,ICBP,RG,8650,2,D,DR,ZP,F
10:07:20,ICBP,RG,8650,2,D,PD,ZP,F
10:05:40,ICBP,RG,8625,50,D,PD,ZP,F
10:05:29,ICBP,RG,8625,4,D,PD,XC,D
10:05:21,ICBP,RG,8625,1,D,PD,XC,D
10:04:28,ICBP,RG,8625,1,D,PD,YP,D
10:04:28,ICBP,RG,8625,1,D,XC,YP,D
10:04:28,ICBP,RG,8625,2,D,PD,YP,D
10:04:18,ICBP,RG,8625,3,D,PD,YP,D
10:04:18,ICBP,RG,8625,1,D,PD,YP,D
10:04:18,ICBP,RG,8625,1,D,CC,YP,D
10:04:18,ICBP,RG,8625,1,F,AK,YP,D
10:04:18,ICBP,RG,8625,12,F,AK,YP,D
10:02:34,ICBP,RG,8625,19,F,AK,PD,D
10:02:34,ICBP,RG,8625,1,D,KI,PD,D
10:00:27,ICBP,RG,8625,4,D,KI,AZ,D
10:00:26,ICBP,RG,8625,2,D,KI,PD,D
9:59:45,ICBP,RG,8625,2,D,KI,CC,D
9:59:22,ICBP,RG,8625,8,D,KI,YP,F
9:59:15,ICBP,RG,8625,10,D,KI,KK,D
9:57:00,ICBP,RG,8625,1,D,KI,PD,D
9:56:45,ICBP,RG,8625,9,D,KI,ZP,F
9:56:45,ICBP,RG,8625,3,D,KI,KZ,D
9:56:45,ICBP,RG,8625,1,D,KI,XC,D
9:56:45,ICBP,RG,8625,1,D,KI,SQ,D
9:56:45,ICBP,RG,8625,1,D,KI,XC,D
9:56:45,ICBP,RG,8625,1,D,KI,PD,D
9:56:45,ICBP,RG,8625,56,D,KI,KZ,D
9:56:45,ICBP,RG,8625,1,F,AK,KZ,D
9:56:32,ICBP,RG,8625,1,F,ZP,KZ,D
9:56:31,ICBP,RG,8625,134,D,KI,KZ,D
9:56:31,ICBP,RG,8625,18,D,KI,SQ,D
9:56:31,ICBP,RG,8625,17,D,KI,PD,D
9:56:31,ICBP,RG,8625,3,D,KI,NI,D
9:56:31,ICBP,RG,8625,18,D,KI,DR,D
9:56:31,ICBP,RG,8625,1,D,KI,ZP,F
9:56:31,ICBP,RG,8625,200,D,KI,RF,D
9:56:31,ICBP,RG,8625,1,D,KI,PD,D
9:56:31,ICBP,RG,8625,6,D,KI,DH,D
9:56:31,ICBP,RG,8625,2,D,KI,KK,D
9:56:31,ICBP,RG,8625,30,D,KI,KK,D
9:56:31,ICBP,RG,8625,1,D,KI,CC,D
9:56:31,ICBP,RG,8625,58,D,KI,ZP,F
9:56:31,ICBP,RG,8625,11,D,KI,KZ,D
9:56:04,ICBP,RG,8625,20,D,XA,KZ,D
9:56:03,ICBP,RG,8625,5,D,PD,KZ,D
9:55:27,ICBP,RG,8625,26,F,AK,KZ,D
9:55:20,ICBP,RG,8625,3,D,XC,KZ,D
9:54:36,ICBP,RG,8625,10,D,YP,KZ,D
9:54:19,ICBP,RG,8625,2,D,YP,KZ,D
9:52:53,ICBP,RG,8625,1,D,GR,KZ,D
9:52:42,ICBP,RG,8625,1,F,ZP,KZ,D
9:52:40,ICBP,RG,8625,1,D,XC,KZ,D
9:52:36,ICBP,RG,8625,50,D,YP,KZ,D
9:52:04,ICBP,RG,8625,10,D,XC,KZ,D
9:51:26,ICBP,RG,8625,10,D,XC,KZ,D
9:50:15,ICBP,RG,8625,1,F,AK,KZ,D
9:49:52,ICBP,RG,8625,1,D,KK,KZ,D
9:48:43,ICBP,RG,8625,1,D,XC,KZ,D
9:47:45,ICBP,RG,8625,1,D,YP,KZ,D
9:47:34,ICBP,RG,8625,36,F,AK,KZ,D
9:47:34,ICBP,RG,8625,5,F,AK,GR,D
9:47:34,ICBP,RG,8625,6,F,AK,DR,D
9:47:34,ICBP,RG,8625,4,F,AK,XC,D
9:47:34,ICBP,RG,8625,25,F,AK,XC,D
9:47:34,ICBP,RG,8625,10,F,AK,NI,D
9:47:34,ICBP,RG,8625,12,F,AK,KZ,D
9:47:07,ICBP,RG,8600,1,D,XC,DR,D
9:47:05,ICBP,RG,8625,1,D,XC,KZ,D
9:47:05,ICBP,RG,8600,1,D,XC,ZP,F
9:47:05,ICBP,RG,8600,2,D,XL,ZP,F
9:47:05,ICBP,RG,8600,1,D,PD,ZP,F
9:47:05,ICBP,RG,8600,3,D,PD,ZP,F
9:47:05,ICBP,RG,8600,1,D,PD,ZP,F
9:47:05,ICBP,RG,8600,2,D,PD,ZP,F
9:47:05,ICBP,RG,8600,1,D,GR,ZP,F
9:47:05,ICBP,RG,8600,1,D,XC,ZP,F
9:47:05,ICBP,RG,8600,1,D,XC,ZP,F
9:47:05,ICBP,RG,8600,1,D,LG,ZP,F
9:47:05,ICBP,RG,8600,1,D,YP,ZP,F
9:47:05,ICBP,RG,8600,1,D,AZ,ZP,F
9:47:05,ICBP,RG,8600,4,D,XC,ZP,F
9:47:05,ICBP,RG,8600,1,D,YP,ZP,F
9:47:05,ICBP,RG,8600,5,D,PD,ZP,F
9:47:05,ICBP,RG,8600,1,D,DH,ZP,F
9:47:05,ICBP,RG,8600,1,D,KK,ZP,F
9:47:05,ICBP,RG,8600,1,D,CC,ZP,F
9:47:05,ICBP,RG,8600,3,D,YP,ZP,F
9:47:05,ICBP,RG,8600,50,D,PD,ZP,F
9:47:05,ICBP,RG,8600,1,D,XC,ZP,F
9:47:05,ICBP,RG,8600,1,D,YP,ZP,F
9:47:05,ICBP,RG,8600,18,D,PD,ZP,F
9:46:51,ICBP,RG,8625,2,D,XL,KZ,D
9:45:53,ICBP,RG,8600,1,D,PD,PD,D
9:45:10,ICBP,RG,8600,1,D,PD,XC,D
9:44:57,ICBP,RG,8600,1,D,KK,DR,D
9:44:57,ICBP,RG,8600,1,D,SQ,DR,D
9:44:55,ICBP,RG,8600,1,D,GR,DR,D
9:44:55,ICBP,RG,8600,2,D,SQ,DR,D
9:44:45,ICBP,RG,8600,1,D,SQ,YP,D
9:44:43,ICBP,RG,8600,2,D,SQ,XC,D
9:44:17,ICBP,RG,8600,1,D,SQ,XL,D
9:44:14,ICBP,RG,8600,1,D,SQ,XC,D
9:44:11,ICBP,RG,8600,16,D,SQ,KZ,D
9:44:09,ICBP,RG,8600,1,D,SQ,XC,D
9:44:08,ICBP,RG,8600,15,D,SQ,PD,D
9:42:34,ICBP,RG,8600,5,D,SQ,DR,D
9:42:05,ICBP,RG,8600,1,D,SQ,XC,D
9:42:00,ICBP,RG,8625,1,F,AK,KZ,D
9:41:53,ICBP,RG,8625,2,D,KK,KZ,D
9:41:41,ICBP,RG,8600,2,D,SQ,DR,D
9:41:20,ICBP,RG,8600,3,D,SQ,CC,D
9:40:59,ICBP,RG,8625,1,D,SQ,KZ,D
9:40:42,ICBP,RG,8625,1,D,YP,KZ,D
9:40:15,ICBP,RG,8625,1,F,ZP,KZ,D
9:39:44,ICBP,RG,8625,50,D,YP,KZ,D
9:39:13,ICBP,RG,8625,1,D,NI,KZ,D
9:39:04,ICBP,RG,8625,6,D,XC,KZ,D
9:38:28,ICBP,RG,8625,3,D,XC,KZ,D
9:38:00,ICBP,RG,8600,8,D,SQ,PD,D
9:38:00,ICBP,RG,8600,1,D,YP,PD,D
9:38:00,ICBP,RG,8600,1,D,YP,PD,D
9:37:59,ICBP,RG,8600,1,D,YP,NI,D
9:37:57,ICBP,RG,8625,40,D,KK,KZ,D
9:37:06,ICBP,RG,8625,9,D,XC,KZ,D
9:37:05,ICBP,RG,8625,1,D,XC,KZ,D
9:36:18,ICBP,RG,8625,4,D,XC,KZ,D
9:36:18,ICBP,RG,8625,8,D,XC,ZP,F
9:36:08,ICBP,RG,8600,1,D,YP,CC,D
9:36:08,ICBP,RG,8600,1,D,PD,CC,D
9:36:08,ICBP,RG,8600,1,D,DH,CC,D
9:36:08,ICBP,RG,8600,2,D,CC,CC,D
9:33:18,ICBP,RG,8600,1,D,PD,PD,D
9:33:18,ICBP,RG,8600,2,D,HP,PD,D
9:33:18,ICBP,RG,8625,1,D,SQ,ZP,F
9:32:21,ICBP,RG,8625,1,D,SQ,ZP,F
9:32:13,ICBP,RG,8625,2,D,SQ,ZP,F
9:32:09,ICBP,RG,8625,1,D,XC,ZP,F
9:32:04,ICBP,RG,8625,10,D,MG,ZP,F
9:31:18,ICBP,RG,8625,1,D,PD,ZP,F
9:30:01,ICBP,RG,8625,34,D,PD,RF,D
9:29:50,ICBP,RG,8600,1,D,HP,YU,D
9:29:11,ICBP,RG,8600,1,D,PD,CC,D
9:29:11,ICBP,RG,8600,1,D,SQ,CC,D
9:27:51,ICBP,RG,8625,10,D,CC,RF,D
9:27:50,ICBP,RG,8625,1,F,ZP,RF,D
9:26:44,ICBP,RG,8625,3,D,BQ,RF,D
9:26:41,ICBP,RG,8625,1,D,SQ,RF,D
9:26:07,ICBP,RG,8625,1,D,XC,RF,D
9:25:56,ICBP,RG,8625,150,D,PD,RF,D
9:25:52,ICBP,RG,8600,1,D,PD,PD,D
9:25:52,ICBP,RG,8600,2,D,PD,PD,D
9:25:52,ICBP,RG,8600,1,D,PD,PD,D
9:25:52,ICBP,RG,8600,2,D,PD,PD,D
9:25:52,ICBP,RG,8600,2,D,XC,PD,D
9:25:52,ICBP,RG,8600,2,D,PD,PD,D
9:25:32,ICBP,RG,8600,8,D,PD,PD,D
9:25:32,ICBP,RG,8600,1,D,KK,PD,D
9:25:32,ICBP,RG,8600,2,D,YB,PD,D
9:25:32,ICBP,RG,8600,1,D,DR,PD,D
9:25:14,ICBP,RG,8625,1,D,BQ,RF,D
9:24:43,ICBP,RG,8625,1,D,PD,RF,D
9:24:41,ICBP,RG,8625,2,D,PD,RF,D
9:24:41,ICBP,RG,8625,1,D,YP,RF,D
9:24:41,ICBP,RG,8625,10,D,LG,RF,D
9:24:41,ICBP,RG,8625,5,D,YP,RF,D
9:24:41,ICBP,RG,8625,1,F,AK,RF,D
9:24:41,ICBP,RG,8625,34,F,AK,RF,D
9:24:41,ICBP,RG,8625,1,F,ZP,RF,D
9:24:41,ICBP,RG,8625,7,D,YP,RF,D
9:23:20,ICBP,RG,8625,1,D,YP,PD,D
9:23:12,ICBP,RG,8625,2,D,YP,DR,D
9:23:02,ICBP,RG,8625,2,D,BQ,DR,D
9:23:00,ICBP,RG,8600,1,D,DR,YP,D
9:23:00,ICBP,RG,8625,1,D,PD,DR,D
9:23:00,ICBP,RG,8625,1,D,XC,DR,D
9:22:21,ICBP,RG,8625,6,F,AK,KK,D
9:22:21,ICBP,RG,8625,6,F,AK,DR,D
9:22:21,ICBP,RG,8625,19,F,AK,ZP,F
9:22:18,ICBP,RG,8625,50,D,KK,ZP,F
9:21:20,ICBP,RG,8625,1,D,YP,ZP,F
9:21:20,ICBP,RG,8625,1,D,YP,XC,D
9:20:48,ICBP,RG,8625,1,D,XC,XC,D
9:20:45,ICBP,RG,8625,2,F,AK,YP,D
9:20:45,ICBP,RG,8625,100,F,AK,EP,D
9:20:45,ICBP,RG,8625,4,F,AK,YP,D
9:20:45,ICBP,RG,8625,8,F,AK,ZP,F
9:20:45,ICBP,RG,8625,48,F,AK,KZ,D
9:20:44,ICBP,RG,8625,1,D,AI,KZ,D
9:20:21,ICBP,RG,8625,5,D,PD,KZ,D
9:19:37,ICBP,RG,8600,1,D,DR,PD,D
9:19:37,ICBP,RG,8600,4,D,GR,PD,D
9:19:09,ICBP,RG,8625,1,D,PD,KZ,D
9:18:27,ICBP,RG,8600,1,D,GR,EP,D
9:16:43,ICBP,RG,8625,3,D,NI,KZ,D
9:16:16,ICBP,RG,8625,1,D,LG,KZ,D
9:16:16,ICBP,RG,8625,2,D,XC,KZ,D
9:16:16,ICBP,RG,8625,2,D,XC,KZ,D
9:16:16,ICBP,RG,8625,1,F,BK,KZ,D
9:16:16,ICBP,RG,8625,5,D,YP,KZ,D
9:16:16,ICBP,RG,8625,5,D,KK,KZ,D
9:15:42,ICBP,RG,8625,1,D,XC,XA,D
9:15:42,ICBP,RG,8625,4,D,PD,XA,D
9:14:58,ICBP,RG,8625,1,D,PD,KK,D
9:14:58,ICBP,RG,8625,2,D,SQ,KK,D
9:14:58,ICBP,RG,8625,1,D,LG,KK,D
9:14:58,ICBP,RG,8625,1,F,AK,KK,D
9:14:29,ICBP,RG,8625,21,F,AK,IF,D
9:14:29,ICBP,RG,8625,5,D,XC,IF,D
9:14:29,ICBP,RG,8625,4,D,PD,IF,D
9:13:48,ICBP,RG,8650,1,D,LG,KZ,D
9:13:22,ICBP,RG,8650,5,D,PD,KZ,D
9:13:07,ICBP,RG,8650,5,D,KK,KZ,D
9:13:05,ICBP,RG,8650,5,D,PD,KZ,D
9:13:03,ICBP,RG,8625,44,D,PD,YP,D
9:12:59,ICBP,RG,8625,1,D,PD,XC,D
9:12:51,ICBP,RG,8625,1,D,PD,PD,D
9:12:51,ICBP,RG,8625,1,D,XC,PD,D
9:12:31,ICBP,RG,8650,30,F,AK,KZ,D
9:12:31,ICBP,RG,8650,1,F,ZP,KZ,D
9:12:31,ICBP,RG,8650,33,D,PD,KZ,D
9:11:22,ICBP,RG,8650,12,D,PD,ZP,F
9:11:21,ICBP,RG,8650,5,D,PD,ZP,D
9:11:16,ICBP,RG,8625,1,D,YP,XC,D
9:11:05,ICBP,RG,8625,1,D,SQ,KI,D
9:11:05,ICBP,RG,8625,1,D,YP,KI,D
9:11:05,ICBP,RG,8625,3,D,NI,KI,D
9:11:05,ICBP,RG,8625,24,F,AK,KI,D
9:10:26,ICBP,RG,8650,50,F,AK,YP,D
9:10:26,ICBP,RG,8650,2,F,AK,PD,D
9:10:26,ICBP,RG,8650,2,F,AK,CC,D
9:10:25,ICBP,RG,8650,4,D,KK,CC,D
9:10:25,ICBP,RG,8650,7,D,KK,ZP,F
9:10:25,ICBP,RG,8650,39,D,KK,KZ,D
9:10:15,ICBP,RG,8625,5,F,AK,ZP,D
9:10:05,ICBP,RG,8650,2,D,XC,KZ,D
9:09:56,ICBP,RG,8625,3,F,AK,DH,D
9:09:56,ICBP,RG,8625,7,D,PD,DH,D
9:09:14,ICBP,RG,8625,9,D,PD,XC,D
9:07:55,ICBP,RG,8650,1,D,IF,KZ,D
9:06:50,ICBP,RG,8650,1,D,XC,KZ,D
9:06:48,ICBP,RG,8625,2,D,PD,YP,D
9:06:28,ICBP,RG,8650,2,D,NI,KZ,D
9:06:26,ICBP,RG,8625,24,D,PD,SQ,D
9:06:10,ICBP,RG,8625,1,D,PD,YP,D
9:06:10,ICBP,RG,8625,2,D,PD,XC,D
9:05:54,ICBP,RG,8625,5,D,PD,CC,D
9:05:54,ICBP,RG,8625,1,D,XC,XC,D
9:04:51,ICBP,RG,8625,27,F,AK,ZP,F
9:04:51,ICBP,RG,8625,143,F,AK,KZ,D
9:04:51,ICBP,RG,8625,3,F,AK,DR,D
9:04:50,ICBP,RG,8625,12,D,PD,DR,D
9:04:30,ICBP,RG,8625,3,F,AK,ZP,F
9:04:30,ICBP,RG,8625,1,F,AK,ZP,F
9:04:27,ICBP,RG,8625,15,D,PD,DH,D
9:04:27,ICBP,RG,8625,35,D,PD,DH,D
9:04:10,ICBP,RG,8625,1,D,PD,ZP,F
9:04:09,ICBP,RG,8625,14,D,PD,NI,D
9:04:09,ICBP,RG,8625,1,D,XC,NI,D
9:04:08,ICBP,RG,8625,1,D,XC,ZP,F
9:04:08,ICBP,RG,8625,1,D,PD,ZP,F
9:04:08,ICBP,RG,8625,1,D,XC,ZP,F
9:04:06,ICBP,RG,8650,20,D,YU,KZ,D
9:04:06,ICBP,RG,8650,2,D,GR,KZ,D
9:04:06,ICBP,RG,8650,14,D,PD,KZ,D
9:02:57,ICBP,RG,8650,4,D,PD,ZP,F
9:02:55,ICBP,RG,8650,2,D,PD,TP,D
9:02:55,ICBP,RG,8650,1,F,AK,TP,D
9:02:55,ICBP,RG,8650,47,D,KK,TP,D
9:02:55,ICBP,RG,8650,3,D,KK,DR,D
9:02:55,ICBP,RG,8650,1,F,CC,DR,D
9:02:55,ICBP,RG,8650,1,F,ZP,DR,D
9:02:55,ICBP,RG,8650,2,D,PD,DR,D
9:02:55,ICBP,RG,8650,1,D,YP,DR,D
9:02:55,ICBP,RG,8675,5,D,PD,SQ,D
9:02:44,ICBP,RG,8650,1,D,YP,ZP,F
9:02:42,ICBP,RG,8650,2,D,YP,PD,D
9:01:42,ICBP,RG,8650,1,D,XL,GR,D
9:00:44,ICBP,RG,8650,1,D,XL,ZP,F
9:00:40,ICBP,RG,8675,20,D,CC,SQ,D
9:00:31,ICBP,RG,8675,5,D,NI,SQ,D
9:00:29,ICBP,RG,8650,2,D,PD,ZP,F
9:00:16,ICBP,RG,8650,1,D,PD,PD,D
9:00:16,ICBP,RG,8650,1,D,PD,PD,D
9:00:16,ICBP,RG,8650,1,D,PD,PD,D
9:00:16,ICBP,RG,8650,1,D,XC,PD,D
9:00:16,ICBP,RG,8675,4,D,XC,SQ,D
9:00:16,ICBP,RG,8675,1,D,XC,SQ,D
9:00:16,ICBP,RG,8675,3,D,XC,SQ,D
9:00:16,ICBP,RG,8675,2,D,XC,SQ,D
9:00:10,ICBP,RG,8675,6,D,PD,SQ,D
8:59:00,ICBP,RG,8675,2,D,XC,SQ,D
8:59:00,ICBP,RG,8675,500,D,DR,SQ,D
8:59:00,ICBP,RG,8675,2,D,XC,SQ,D
8:59:00,ICBP,RG,8675,10,D,DR,SQ,D
8:59:00,ICBP,RG,8675,2,D,YP,SQ,D
8:59:00,ICBP,RG,8675,5,D,CC,SQ,D
8:59:00,ICBP,RG,8675,6,D,CC,SQ,D
8:59:00,ICBP,RG,8675,3,D,CC,CC,D
8:59:00,ICBP,RG,8675,1,D,CC,PD,D
8:59:00,ICBP,RG,8675,8,D,YP,PD,D
8:59:00,ICBP,RG,8675,1,D,PD,PD,D
8:59:00,ICBP,RG,8675,11,D,CC,PD,D
8:59:00,ICBP,RG,8675,1,D,CC,SQ,D
8:59:00,ICBP,RG,8675,10,D,CC,PD,D
8:59:00,ICBP,RG,8675,1,D,CC,EP,D
8:59:00,ICBP,RG,8675,1,D,CC,PD,D
8:59:00,ICBP,RG,8675,1,D,CC,PD,D
8:59:00,ICBP,RG,8675,3,D,CC,CC,D
8:59:00,ICBP,RG,8675,2,D,EP,CC,D
8:59:00,ICBP,RG,8675,1,D,GR,KK,D
8:59:00,ICBP,RG,8675,1,D,GR,DH,D
8:59:00,ICBP,RG,8675,2,D,GR,XC,D
8:59:00,ICBP,RG,8675,12,D,GR,PD,D
8:59:00,ICBP,RG,8675,1,D,GR,PD,D
8:59:00,ICBP,RG,8675,1,D,GR,PD,D
8:59:00,ICBP,RG,8675,32,D,GR,KZ,D
8:59:00,ICBP,RG,8675,1,D,KK,KZ,D
8:59:00,ICBP,RG,8675,5,D,PD,KZ,D
8:59:00,ICBP,RG,8675,1,D,PD,KZ,D
8:59:00,ICBP,RG,8675,1,D,XC,KZ,D
8:59:00,ICBP,RG,8675,1,D,XC,KZ,D
8:59:00,ICBP,RG,8675,1,D,XC,KZ,D
8:59:00,ICBP,RG,8675,5,D,YP,KZ,D
8:59:00,ICBP,RG,8675,2,D,YP,ZP,F
8:59:00,ICBP,RG,8675,1,D,YP,ZP,F
8:59:00,ICBP,RG,8675,3,D,CC,ZP,F
8:59:00,ICBP,RG,8675,2,D,XC,ZP,F
8:59:00,ICBP,RG,8675,1,D,PD,ZP,F
8:59:00,ICBP,RG,8675,5,D,PD,ZP,F
8:59:00,ICBP,RG,8675,2,D,PD,ZP,F
8:59:00,ICBP,RG,8675,22,F,BK,ZP,F
8:59:00,ICBP,RG,8675,1,F,BK,ZP,F
8:59:00,ICBP,RG,8675,13,F,BK,ZP,F
8:59:00,ICBP,RG,8675,2,F,BK,ZP,F
8:59:00,ICBP,RG,8675,15,F,BK,ZP,F
8:59:00,ICBP,RG,8675,1,F,AK,ZP,F