Time,Stock,Brd,Price,Qty,BT,BC,SC,ST
15:11:42,ICBP,RG,9725,1,D,PD,CC,D
15:02:21,ICBP,RG,9725,5,D,YP,CC,D
15:00:00,ICBP,RG,9725,1,D,XL,CC,D
15:00:00,ICBP,RG,9725,1078,F,KZ,CC,D
15:00:00,ICBP,RG,9725,7,F,KZ,PD,D
15:00:00,ICBP,RG,9725,3,F,KZ,DX,D
15:00:00,ICBP,RG,9725,570,F,KZ,CC,D
15:00:00,ICBP,RG,9725,65,F,KZ,CC,D
15:00:00,ICBP,RG,9725,125,F,KZ,CC,D
15:00:00,ICBP,RG,9725,240,F,KZ,CC,D
15:00:00,ICBP,RG,9725,20,F,KZ,DR,D
15:00:00,ICBP,RG,9725,25,F,KZ,PD,D
15:00:00,ICBP,RG,9725,11,F,KZ,YU,D
15:00:00,ICBP,RG,9725,9,F,KZ,YU,D
15:00:00,ICBP,RG,9725,37,F,KZ,CC,D
15:00:00,ICBP,RG,9725,50,F,KZ,YP,D
15:00:00,ICBP,RG,9725,200,F,KZ,EP,D
15:00:00,ICBP,RG,9725,1,F,KZ,YP,D
15:00:00,ICBP,RG,9725,25,F,KZ,CC,D
15:00:00,ICBP,RG,9725,18,F,KZ,CS,F
15:00:00,ICBP,RG,9725,92,F,KZ,CS,F
15:00:00,ICBP,RG,9725,67,F,KZ,CS,F
15:00:00,ICBP,RG,9725,7,F,KZ,CS,F
15:00:00,ICBP,RG,9725,1,F,KZ,CS,F
15:00:00,ICBP,RG,9725,63,F,KZ,CS,F
15:00:00,ICBP,RG,9725,7,F,KZ,CS,F
15:00:00,ICBP,RG,9725,1,F,KZ,CS,F
15:00:00,ICBP,RG,9725,11,F,KZ,CS,F
15:00:00,ICBP,RG,9725,1,F,KZ,CS,F
15:00:00,ICBP,RG,9725,25,F,KZ,CS,F
15:00:00,ICBP,RG,9725,3,F,KZ,CS,F
15:00:00,ICBP,RG,9725,1,F,KZ,CS,F
15:00:00,ICBP,RG,9725,1,D,NI,CS,F
15:00:00,ICBP,RG,9725,5,D,NI,CS,F
15:00:00,ICBP,RG,9725,38,D,LG,CS,F
15:00:00,ICBP,RG,9725,1,D,CC,CS,F
15:00:00,ICBP,RG,9725,5,D,YP,CS,F
15:00:00,ICBP,RG,9725,66,F,AK,CS,F
15:00:00,ICBP,RG,9725,12,F,YU,CS,F
15:00:00,ICBP,RG,9725,317,F,CS,CS,F
15:00:00,ICBP,RG,9725,145,F,CS,CD,D
15:00:00,ICBP,RG,9725,53,F,CS,YU,F
15:00:00,ICBP,RG,9725,574,F,TP,YU,F
15:00:00,ICBP,RG,9725,59,F,TP,AK,F
15:00:00,ICBP,RG,9725,2,D,CC,AK,F
15:00:00,ICBP,RG,9725,4,D,CC,KZ,D
15:00:00,ICBP,RG,9725,1,D,CC,ZP,F
15:00:00,ICBP,RG,9725,1,D,CC,ZP,F
15:00:00,ICBP,RG,9725,57,D,CC,TP,F
15:00:00,ICBP,RG,9725,250,D,RX,TP,F
15:00:00,ICBP,RG,9725,36,D,OD,TP,F
15:00:00,ICBP,RG,9725,11,D,OD,AK,F
15:00:00,ICBP,RG,9725,59,D,OD,AK,F
15:00:00,ICBP,RG,9725,3,D,OD,AK,F
15:00:00,ICBP,RG,9725,21,D,ZP,AK,F
15:00:00,ICBP,RG,9725,1,D,ZP,AK,F
15:00:00,ICBP,RG,9725,15,D,ZP,CC,D
15:00:00,ICBP,RG,9725,9,D,ZP,ZP,F
15:00:00,ICBP,RG,9725,5,D,ZP,YU,D
15:00:00,ICBP,RG,9725,1,D,ZP,YU,F
14:49:59,ICBP,RG,9725,11,F,TP,CC,D
14:49:57,ICBP,RG,9725,76,D,SQ,CC,D
14:49:55,ICBP,RG,9700,6,D,KZ,TP,F
14:49:55,ICBP,RG,9700,7,D,KZ,TP,F
14:49:55,ICBP,RG,9725,45,F,TP,CC,D
14:49:44,ICBP,RG,9700,1,D,KZ,AK,F
14:49:43,ICBP,RG,9700,10,D,KZ,KK,D
14:49:38,ICBP,RG,9700,4,D,KZ,LS,D
14:49:31,ICBP,RG,9700,1,D,KZ,ZP,F
14:49:30,ICBP,RG,9700,3,D,KZ,ZP,F
14:49:30,ICBP,RG,9700,2,D,KZ,AK,F
14:49:21,ICBP,RG,9700,30,D,KZ,GR,D
14:49:18,ICBP,RG,9725,78,D,BB,CC,D
14:49:15,ICBP,RG,9700,1,D,KZ,AK,F
14:49:15,ICBP,RG,9700,1,D,KZ,AK,F
14:49:14,ICBP,RG,9700,12,D,KZ,TP,F
14:49:13,ICBP,RG,9725,1,D,BB,CC,D
14:49:09,ICBP,RG,9725,1,D,BB,CC,D
14:49:08,ICBP,RG,9725,18,D,BB,CC,D
14:49:00,ICBP,RG,9700,3,D,KZ,AK,F
14:48:54,ICBP,RG,9725,18,D,BB,CC,D
14:48:46,ICBP,RG,9700,7,D,KZ,TP,F
14:48:45,ICBP,RG,9700,1,D,KZ,AK,F
14:48:42,ICBP,RG,9700,10,D,KZ,GR,D
14:48:41,ICBP,RG,9725,16,D,BB,CC,D
14:48:33,ICBP,RG,9725,1,D,BB,CC,D
14:48:30,ICBP,RG,9700,1,D,KZ,AK,F
14:48:29,ICBP,RG,9725,15,D,BB,CC,D
14:48:20,ICBP,RG,9700,9,D,KZ,TP,F
14:48:18,ICBP,RG,9725,14,D,BB,CC,D
14:48:09,ICBP,RG,9725,36,D,BB,CC,D
14:48:00,ICBP,RG,9700,7,D,KZ,AK,F
14:47:55,ICBP,RG,9700,88,D,KZ,TP,F
14:47:55,ICBP,RG,9700,28,D,KZ,TP,F
14:47:55,ICBP,RG,9700,1,D,KZ,ZP,F
14:47:45,ICBP,RG,9700,2,D,KZ,AK,F
14:47:40,ICBP,RG,9725,1,D,PD,CC,D
14:47:39,ICBP,RG,9700,761,D,KZ,YP,D
14:47:39,ICBP,RG,9700,4,D,PD,YP,D
14:47:39,ICBP,RG,9700,42,F,TP,YP,D
14:47:39,ICBP,RG,9700,10,D,KK,YP,D
14:47:39,ICBP,RG,9700,104,D,PD,YP,D
14:47:39,ICBP,RG,9700,144,D,PD,YP,D
14:47:33,ICBP,RG,9700,5,D,PD,CC,D
14:47:29,ICBP,RG,9700,25,D,PD,TP,F
14:47:29,ICBP,RG,9700,7,F,TP,TP,F
14:47:24,ICBP,RG,9700,14,F,TP,GR,D
14:47:19,ICBP,RG,9725,1,D,BB,CC,D
14:47:16,ICBP,RG,9700,89,F,TP,AK,F
14:47:16,ICBP,RG,9700,1,D,KK,AK,F
14:47:16,ICBP,RG,9700,3,D,PD,AK,F
14:47:16,ICBP,RG,9700,1,D,YP,AK,F
14:47:16,ICBP,RG,9700,3,F,KZ,AK,F
14:47:16,ICBP,RG,9700,1,D,DR,AK,F
14:47:16,ICBP,RG,9700,1,D,CC,AK,F
14:47:16,ICBP,RG,9700,3,F,KZ,AK,F
14:47:16,ICBP,RG,9700,87,F,TP,AK,F
14:47:16,ICBP,RG,9700,48,F,KZ,AK,F
14:47:16,ICBP,RG,9700,11,F,KZ,AK,F
14:47:16,ICBP,RG,9700,6,F,KZ,AK,F
14:47:16,ICBP,RG,9700,1,F,KZ,AK,F
14:47:16,ICBP,RG,9700,1,F,KZ,AK,F
14:47:16,ICBP,RG,9700,144,D,BB,AK,F
14:47:16,ICBP,RG,9700,57,F,TP,AK,F
14:47:16,ICBP,RG,9700,2,F,KZ,AK,F
14:47:16,ICBP,RG,9700,2,F,KZ,AK,F
14:47:16,ICBP,RG,9700,26,F,KZ,AK,F
14:47:16,ICBP,RG,9700,1,D,BB,AK,F
14:47:16,ICBP,RG,9700,12,D,YP,AK,F
14:47:16,ICBP,RG,9700,34,F,KZ,AK,F
14:47:16,ICBP,RG,9700,114,D,SQ,AK,F
14:47:15,ICBP,RG,9700,5,D,SQ,AK,F
14:47:04,ICBP,RG,9725,54,F,TP,CC,D
14:47:00,ICBP,RG,9700,5,D,SQ,AK,F
14:46:55,ICBP,RG,9700,2,D,SQ,EP,D
14:46:45,ICBP,RG,9700,1,D,SQ,AK,F
14:46:35,ICBP,RG,9725,50,F,TP,CC,D
14:46:30,ICBP,RG,9700,2,D,SQ,AK,F
14:46:26,ICBP,RG,9700,5,D,SQ,ZP,F
14:46:15,ICBP,RG,9700,3,D,SQ,AK,F
14:46:14,ICBP,RG,9700,5,D,SQ,ZP,F
14:46:09,ICBP,RG,9725,48,F,TP,CC,D
14:46:00,ICBP,RG,9700,2,D,SQ,AK,F
14:45:57,ICBP,RG,9725,242,D,BB,CC,D
14:45:45,ICBP,RG,9700,3,D,SQ,AK,F
14:45:43,ICBP,RG,9725,56,F,TP,CC,D
14:45:43,ICBP,RG,9700,1,D,SQ,ZP,F
14:45:34,ICBP,RG,9700,1,D,SQ,ZP,F
14:45:31,ICBP,RG,9725,9,F,CS,CC,D
14:45:31,ICBP,RG,9725,5,F,CS,CC,D
14:45:31,ICBP,RG,9725,38,F,CS,CC,D
14:45:31,ICBP,RG,9725,4,F,CS,CC,D
14:45:31,ICBP,RG,9725,68,F,CS,CC,D
14:45:23,ICBP,RG,9700,38,D,SQ,AK,F
14:45:15,ICBP,RG,9725,1,D,DR,CC,D
14:45:11,ICBP,RG,9725,9,F,TP,CC,D
14:45:10,ICBP,RG,9725,54,F,TP,CC,D
14:44:45,ICBP,RG,9700,4,D,SQ,AK,F
14:44:41,ICBP,RG,9725,56,F,TP,CC,D
14:44:31,ICBP,RG,9700,3,D,SQ,YU,D
14:44:14,ICBP,RG,9725,1,D,BB,CC,D
14:44:13,ICBP,RG,9725,48,F,TP,CC,D
14:43:46,ICBP,RG,9725,42,F,TP,CC,D
14:43:45,ICBP,RG,9700,1,D,SQ,ZP,F
14:43:38,ICBP,RG,9700,1,D,SQ,ZP,F
14:43:38,ICBP,RG,9725,1,D,DR,CC,D
14:43:19,ICBP,RG,9725,50,F,TP,CC,D
14:43:15,ICBP,RG,9700,2,D,SQ,AK,F
14:42:54,ICBP,RG,9725,30,F,TP,CC,D
14:42:36,ICBP,RG,9725,14,F,TP,CC,D
14:42:27,ICBP,RG,9725,48,F,TP,CC,D
14:42:01,ICBP,RG,9725,42,F,TP,CC,D
14:42:00,ICBP,RG,9700,3,D,SQ,AK,F
14:41:40,ICBP,RG,9700,299,D,SQ,GR,D
14:41:40,ICBP,RG,9700,1,F,KZ,GR,D
14:41:40,ICBP,RG,9700,8,F,KZ,GR,D
14:41:40,ICBP,RG,9700,23,F,KZ,GR,D
14:41:40,ICBP,RG,9700,170,D,BB,GR,D
14:41:40,ICBP,RG,9700,6,D,KZ,GR,D
14:41:40,ICBP,RG,9700,1,F,KZ,GR,D
14:41:40,ICBP,RG,9700,10,D,SQ,GR,D
14:41:40,ICBP,RG,9700,1,F,KZ,GR,D
14:41:40,ICBP,RG,9700,5,D,KZ,GR,D
14:41:40,ICBP,RG,9700,5,D,YP,GR,D
14:41:40,ICBP,RG,9700,5,F,KZ,GR,D
14:41:40,ICBP,RG,9700,43,D,KZ,GR,D
14:41:40,ICBP,RG,9700,85,F,KZ,GR,D
14:41:40,ICBP,RG,9700,35,D,KZ,GR,D
14:41:40,ICBP,RG,9700,3,D,KZ,GR,D
14:41:34,ICBP,RG,9725,1,D,CC,CC,D
14:41:34,ICBP,RG,9725,25,D,BB,CC,D
14:41:34,ICBP,RG,9725,42,F,TP,CC,D
14:41:24,ICBP,RG,9725,39,D,PD,CC,D
14:41:20,ICBP,RG,9725,81,D,BB,CC,D
14:41:15,ICBP,RG,9725,127,F,CS,CC,D
14:41:15,ICBP,RG,9700,2,D,KZ,AK,F
14:41:07,ICBP,RG,9725,49,F,TP,CC,D
14:41:06,ICBP,RG,9725,122,D,BB,CC,D
14:41:02,ICBP,RG,9725,175,D,PD,CC,D
14:41:02,ICBP,RG,9725,1,D,PD,YU,F
14:41:02,ICBP,RG,9725,2,D,PD,KZ,D
14:41:02,ICBP,RG,9725,2,D,PD,KZ,D
14:41:02,ICBP,RG,9725,2,D,PD,KZ,D
14:41:02,ICBP,RG,9725,2,D,PD,KZ,D
14:41:02,ICBP,RG,9725,2,D,PD,KZ,D
14:41:02,ICBP,RG,9725,2,D,PD,KZ,D
14:41:02,ICBP,RG,9725,2,D,PD,KZ,D
14:41:02,ICBP,RG,9725,2,D,PD,KZ,D
14:41:02,ICBP,RG,9725,8,D,PD,KZ,D
14:41:02,ICBP,RG,9725,2,D,PD,KZ,D
14:41:02,ICBP,RG,9725,1,D,PD,KZ,D
14:41:02,ICBP,RG,9725,2,D,PD,KZ,D
14:41:02,ICBP,RG,9725,2,D,PD,KZ,D
14:41:02,ICBP,RG,9725,2,D,PD,KZ,D
14:41:02,ICBP,RG,9725,2,D,PD,KZ,D
14:41:02,ICBP,RG,9725,2,D,PD,KZ,D
14:41:02,ICBP,RG,9725,2,D,PD,KZ,D
14:41:02,ICBP,RG,9725,2,D,PD,KZ,D
14:41:02,ICBP,RG,9725,86,D,PD,TP,F
14:41:00,ICBP,RG,9725,10,D,BB,TP,F
14:40:47,ICBP,RG,9725,24,D,BB,TP,F
14:40:39,ICBP,RG,9725,10,F,TP,KK,D
14:40:39,ICBP,RG,9725,2,F,TP,KK,D
14:40:39,ICBP,RG,9725,5,F,TP,ZP,D
14:40:39,ICBP,RG,9725,19,F,TP,CC,D
14:40:32,ICBP,RG,9725,7,D,BB,CC,D
14:40:23,ICBP,RG,9725,29,D,BB,CC,D
14:40:17,ICBP,RG,9700,1,D,KZ,MK,D
14:40:11,ICBP,RG,9725,37,F,TP,CC,D
14:40:11,ICBP,RG,9725,13,F,TP,AK,F
14:40:10,ICBP,RG,9725,4,D,BB,AK,F
14:40:05,ICBP,RG,9700,1,D,KZ,ZP,F
14:40:05,ICBP,RG,9725,4,D,BB,AK,F
14:39:59,ICBP,RG,9725,2,D,BB,AK,F
14:39:59,ICBP,RG,9725,11,D,BB,TP,F
14:39:56,ICBP,RG,9725,10,D,SQ,TP,F
14:39:46,ICBP,RG,9725,24,D,BB,TP,F
14:39:40,ICBP,RG,9725,7,F,TP,TP,F
14:39:40,ICBP,RG,9725,30,F,TP,CC,D
14:39:40,ICBP,RG,9725,2,F,TP,AK,F
14:39:40,ICBP,RG,9725,2,F,TP,AK,F
14:39:40,ICBP,RG,9725,1,F,TP,AK,F
14:39:40,ICBP,RG,9725,2,F,TP,AK,F
14:39:40,ICBP,RG,9725,2,F,TP,AK,F
14:39:40,ICBP,RG,9725,2,F,TP,TP,F
14:39:38,ICBP,RG,9725,1,D,BB,TP,F
14:39:29,ICBP,RG,9725,39,D,DH,TP,F
14:39:29,ICBP,RG,9725,24,D,DH,LG,D
14:39:08,ICBP,RG,9725,40,F,TP,LG,D
14:39:00,ICBP,RG,9700,6,D,KZ,AK,F
14:39:00,ICBP,RG,9700,4,D,KZ,AK,F
14:38:40,ICBP,RG,9725,30,F,TP,LG,D
14:38:39,ICBP,RG,9725,10,D,YP,LG,D
14:38:26,ICBP,RG,9725,1,D,DR,LG,D
14:38:15,ICBP,RG,9700,2,D,KZ,AK,F
14:38:14,ICBP,RG,9725,10,F,TP,LG,D
14:38:14,ICBP,RG,9725,20,F,TP,TP,F
14:37:50,ICBP,RG,9725,1,D,BB,TP,F
14:37:47,ICBP,RG,9725,18,F,TP,TP,F
14:37:35,ICBP,RG,9725,34,D,PD,TP,F
14:37:35,ICBP,RG,9725,64,D,PD,TP,F
14:37:35,ICBP,RG,9725,1,D,PD,CC,D
14:37:35,ICBP,RG,9725,20,D,PD,PD,D
14:37:35,ICBP,RG,9725,72,D,PD,TP,F
14:37:35,ICBP,RG,9725,7,D,PD,PD,D
14:37:35,ICBP,RG,9725,10,D,PD,AZ,D
14:37:35,ICBP,RG,9725,10,D,PD,AZ,D
14:37:35,ICBP,RG,9725,43,D,PD,CC,D
14:37:30,ICBP,RG,9700,3,D,KZ,YU,D
14:37:30,ICBP,RG,9700,3,D,KZ,AK,F
14:37:19,ICBP,RG,9700,2,D,KZ,AK,F
14:37:19,ICBP,RG,9725,12,F,TP,CC,D
14:37:08,ICBP,RG,9700,2,D,KZ,XL,D
14:36:49,ICBP,RG,9725,16,F,TP,CC,D
14:36:46,ICBP,RG,9725,11,D,SQ,CC,D
14:36:23,ICBP,RG,9725,16,F,TP,CC,D
14:36:22,ICBP,RG,9700,2,F,CS,AK,F
14:36:21,ICBP,RG,9725,1,D,DR,CC,D
14:36:11,ICBP,RG,9700,3,F,CS,KK,D
14:36:07,ICBP,RG,9725,15,D,BB,CC,D
14:36:07,ICBP,RG,9725,103,F,CS,CC,D
14:36:04,ICBP,RG,9700,8,D,KZ,PD,D
14:36:04,ICBP,RG,9700,9,D,BB,PD,D
14:36:04,ICBP,RG,9700,5,D,PD,PD,D
14:36:04,ICBP,RG,9700,1,D,KK,PD,D
14:36:04,ICBP,RG,9700,1,D,KK,PD,D
14:36:04,ICBP,RG,9700,1,D,CC,PD,D
14:36:04,ICBP,RG,9700,1,D,XL,PD,D
14:36:04,ICBP,RG,9700,2,D,YP,PD,D
14:36:04,ICBP,RG,9700,22,D,SQ,PD,D
14:36:04,ICBP,RG,9700,3,D,SQ,PD,D
14:35:50,ICBP,RG,9725,6,D,BB,CC,D
14:35:50,ICBP,RG,9725,10,F,TP,CC,D
14:35:35,ICBP,RG,9700,1,D,SQ,ZP,F
14:35:35,ICBP,RG,9725,3,D,BB,CC,D
14:35:35,ICBP,RG,9700,11,D,SQ,NI,D
14:35:23,ICBP,RG,9700,1,D,SQ,ZP,F
14:35:21,ICBP,RG,9725,7,F,TP,CC,D
14:35:21,ICBP,RG,9725,9,D,BB,CC,D
14:34:55,ICBP,RG,9725,18,F,TP,CC,D
14:34:47,ICBP,RG,9725,1,D,BB,CC,D
14:34:47,ICBP,RG,9725,1,D,BB,CC,D
14:34:43,ICBP,RG,9725,8,D,BB,CC,D
14:34:42,ICBP,RG,9700,1,D,SQ,XA,D
14:34:29,ICBP,RG,9725,14,F,TP,CC,D
14:34:25,ICBP,RG,9700,4,D,SQ,AK,F
14:34:24,ICBP,RG,9725,112,D,BB,CC,D
14:34:17,ICBP,RG,9725,261,D,PD,CC,D
14:34:12,ICBP,RG,9725,4,D,BB,CC,D
14:34:12,ICBP,RG,9725,1,D,SQ,CC,D
14:34:07,ICBP,RG,9725,6,D,BB,CC,D
14:34:07,ICBP,RG,9725,8,D,SQ,CC,D
14:34:03,ICBP,RG,9700,1,D,PD,XA,D
14:33:58,ICBP,RG,9725,12,F,TP,CC,D
14:33:56,ICBP,RG,9725,6,D,BB,CC,D
14:33:25,ICBP,RG,9725,1,D,BB,CC,D
14:33:24,ICBP,RG,9725,12,F,TP,CC,D
14:33:04,ICBP,RG,9700,1,D,CC,AK,F
14:33:04,ICBP,RG,9700,2,D,XL,AK,F
14:33:04,ICBP,RG,9725,8,D,BB,CC,D
14:32:55,ICBP,RG,9725,1,D,BB,CC,D
14:32:54,ICBP,RG,9725,16,F,TP,CC,D
14:32:45,ICBP,RG,9725,17,D,BB,CC,D
14:32:45,ICBP,RG,9700,1,D,XC,AK,F
14:32:45,ICBP,RG,9700,1,D,NI,AK,F
14:32:27,ICBP,RG,9725,29,D,SQ,CC,D
14:32:23,ICBP,RG,9725,4,D,BB,CC,D
14:32:23,ICBP,RG,9725,9,F,TP,CC,D
14:31:54,ICBP,RG,9725,1,D,BB,CC,D
14:31:54,ICBP,RG,9725,9,F,TP,CC,D
14:31:51,ICBP,RG,9725,94,D,BB,CC,D
14:31:50,ICBP,RG,9700,1,D,NI,ZP,F
14:31:35,ICBP,RG,9725,1,D,BB,CC,D
14:31:33,ICBP,RG,9725,94,D,PD,CC,D
14:31:33,ICBP,RG,9725,2,D,PD,NI,D
14:31:33,ICBP,RG,9725,8,D,PD,TP,F
14:31:28,ICBP,RG,9725,68,F,CS,TP,F
14:31:28,ICBP,RG,9725,5,F,CS,DR,D
14:31:28,ICBP,RG,9725,5,F,CS,CC,D
14:31:28,ICBP,RG,9725,1,F,CS,AK,F
14:31:28,ICBP,RG,9725,1,F,CS,ZP,F
14:31:28,ICBP,RG,9725,1,F,CS,PD,D
14:31:28,ICBP,RG,9725,33,F,CS,TP,F
14:31:26,ICBP,RG,9725,9,D,BB,TP,F
14:31:21,ICBP,RG,9725,6,F,TP,TP,F
14:31:18,ICBP,RG,9725,11,D,BB,TP,F
14:31:18,ICBP,RG,9700,3,D,NI,XL,D
14:31:18,ICBP,RG,9700,1,D,PD,XL,D
14:31:18,ICBP,RG,9700,1,D,RO,XL,D
14:31:18,ICBP,RG,9700,1,D,SQ,XL,D
14:31:18,ICBP,RG,9700,1,D,PD,XL,D
14:31:18,ICBP,RG,9700,8,D,CC,XL,D
14:31:07,ICBP,RG,9700,5,D,CC,XC,D
14:31:07,ICBP,RG,9700,18,D,CC,XC,D
14:31:05,ICBP,RG,9725,6,D,BB,TP,F
14:30:49,ICBP,RG,9725,12,F,TP,BK,F
14:30:47,ICBP,RG,9725,2,D,BB,BK,F
14:30:47,ICBP,RG,9725,3,D,XC,BK,F
14:30:30,ICBP,RG,9725,1,D,DR,BK,F
14:30:28,ICBP,RG,9725,4,D,BB,BK,F
14:30:14,ICBP,RG,9700,4,D,CC,AK,F
14:30:14,ICBP,RG,9725,4,D,BB,BK,F
14:30:14,ICBP,RG,9725,8,F,TP,BK,F
14:29:47,ICBP,RG,9725,1,D,BB,BK,F
14:29:47,ICBP,RG,9725,2,D,OD,BK,F
14:29:46,ICBP,RG,9725,4,D,BB,BK,F
14:29:46,ICBP,RG,9725,7,F,TP,BK,F
14:29:18,ICBP,RG,9725,6,F,TP,BK,F
14:29:17,ICBP,RG,9725,6,D,BB,BK,F
14:29:08,ICBP,RG,9700,6,D,CC,AK,F
14:29:07,ICBP,RG,9725,11,D,BB,BK,F
14:29:07,ICBP,RG,9725,9,D,KK,BK,F
14:28:43,ICBP,RG,9725,9,F,TP,BK,F
14:28:34,ICBP,RG,9700,9,D,CC,RO,D
14:28:34,ICBP,RG,9700,1,D,PD,RO,D
14:28:33,ICBP,RG,9725,2,D,DR,BK,F
14:28:28,ICBP,RG,9725,1,D,BB,BK,F
14:28:24,ICBP,RG,9725,4,D,BB,BK,F
14:28:19,ICBP,RG,9725,1,D,OD,BK,F
14:28:11,ICBP,RG,9725,8,F,TP,BK,F
14:28:07,ICBP,RG,9725,1,D,BB,BK,F
14:27:59,ICBP,RG,9725,6,D,BB,BK,F
14:27:42,ICBP,RG,9725,82,D,BB,BK,F
14:27:41,ICBP,RG,9725,14,F,TP,BK,F
14:27:39,ICBP,RG,9725,2,D,BB,BK,F
14:27:39,ICBP,RG,9700,3,D,XL,XC,D
14:27:39,ICBP,RG,9700,1,D,XC,XC,D
14:27:39,ICBP,RG,9700,10,D,PD,XC,D
14:27:39,ICBP,RG,9700,5,D,PD,XC,D
14:27:39,ICBP,RG,9700,10,D,CC,XC,D
14:27:39,ICBP,RG,9700,10,D,YU,XC,D
14:27:39,ICBP,RG,9700,1,D,GR,XC,D
14:27:39,ICBP,RG,9700,5,D,YP,XC,D
14:27:39,ICBP,RG,9700,4,D,SQ,XC,D
14:27:39,ICBP,RG,9700,92,D,KZ,XC,D
14:27:39,ICBP,RG,9700,8,D,SQ,XC,D
14:27:39,ICBP,RG,9700,43,D,KZ,XC,D
14:26:58,ICBP,RG,9700,3,D,KZ,NI,D
14:26:55,ICBP,RG,9725,6,D,BB,BK,F
14:26:47,ICBP,RG,9725,2,D,OD,BK,F
14:26:47,ICBP,RG,9725,10,F,TP,BK,F
14:26:46,ICBP,RG,9725,1,D,BB,BK,F
14:26:46,ICBP,RG,9725,1,D,KK,BK,F
14:26:32,ICBP,RG,9725,4,D,BB,BK,F
14:26:20,ICBP,RG,9725,59,D,BB,BK,F
14:26:20,ICBP,RG,9725,9,F,TP,BK,F
14:26:04,ICBP,RG,9725,3,D,BB,BK,F
14:26:04,ICBP,RG,9725,81,D,PD,BK,F
14:26:04,ICBP,RG,9725,5,D,PD,PD,D
14:26:04,ICBP,RG,9725,25,D,PD,CC,D
14:26:04,ICBP,RG,9725,27,D,PD,TP,F
14:26:00,ICBP,RG,9700,6,D,KZ,AK,F
14:25:43,ICBP,RG,9725,35,D,BB,TP,F
14:25:43,ICBP,RG,9725,5,D,BB,CC,D
14:25:43,ICBP,RG,9725,9,D,BB,PD,D
14:25:34,ICBP,RG,9725,3,D,BB,PD,D
14:25:34,ICBP,RG,9725,1,D,BB,ZP,F
14:25:34,ICBP,RG,9725,25,D,BB,CC,D
14:25:34,ICBP,RG,9725,114,F,CS,CC,D
14:25:24,ICBP,RG,9725,7,D,BB,CC,D
14:25:24,ICBP,RG,9725,69,D,PD,CC,D
14:25:18,ICBP,RG,9725,1,D,BB,CC,D
14:25:17,ICBP,RG,9725,10,F,TP,CC,D
14:25:14,ICBP,RG,9700,2,D,KZ,AK,F
14:25:13,ICBP,RG,9725,1,D,OD,CC,D
14:24:59,ICBP,RG,9725,4,D,BB,CC,D
14:24:54,ICBP,RG,9725,4,D,BB,CC,D
14:24:54,ICBP,RG,9700,10,D,KZ,XA,D
14:24:49,ICBP,RG,9725,1,D,BB,CC,D
14:24:49,ICBP,RG,9725,9,F,TP,CC,D
14:24:39,ICBP,RG,9725,5,D,BB,CC,D
14:24:22,ICBP,RG,9725,73,D,BB,CC,D
14:24:22,ICBP,RG,9725,10,F,TP,CC,D
14:24:04,ICBP,RG,9725,2,D,BB,CC,D
14:24:04,ICBP,RG,9725,174,D,PD,CC,D
14:24:00,ICBP,RG,9700,2,D,KZ,AK,F
14:23:52,ICBP,RG,9725,4,D,BB,CC,D
14:23:49,ICBP,RG,9700,1,D,KZ,ZP,F
14:23:48,ICBP,RG,9725,6,F,TP,CC,D
14:23:43,ICBP,RG,9700,1,D,KZ,ZP,F
14:23:43,ICBP,RG,9725,26,D,BB,CC,D
14:23:43,ICBP,RG,9725,2,D,OD,CC,D
14:23:33,ICBP,RG,9725,5,D,BB,CC,D
14:23:33,ICBP,RG,9725,59,D,CC,CC,D
14:23:20,ICBP,RG,9725,1,D,BB,CC,D
14:23:20,ICBP,RG,9725,12,F,TP,CC,D
14:22:51,ICBP,RG,9725,1,D,DR,CC,D
14:22:49,ICBP,RG,9725,3,D,BB,CC,D
14:22:46,ICBP,RG,9725,1,D,BB,CC,D
14:22:46,ICBP,RG,9725,7,F,TP,CC,D
14:22:35,ICBP,RG,9725,4,D,BB,CC,D
14:22:16,ICBP,RG,9725,9,F,TP,CC,D
14:22:15,ICBP,RG,9725,1,D,BB,CC,D
14:22:07,ICBP,RG,9725,2,D,OD,CC,D
14:22:03,ICBP,RG,9725,1,D,BB,CC,D
14:22:03,ICBP,RG,9725,1,D,BB,CC,D
14:21:54,ICBP,RG,9725,3,D,BB,CC,D
14:21:47,ICBP,RG,9725,5,D,BB,CC,D
14:21:47,ICBP,RG,9725,8,F,TP,CC,D
14:21:13,ICBP,RG,9725,13,D,BB,CC,D
14:21:13,ICBP,RG,9725,8,F,TP,CC,D
14:21:06,ICBP,RG,9700,30,D,KZ,YP,D
14:20:53,ICBP,RG,9725,3,D,BB,CC,D
14:20:45,ICBP,RG,9725,1,D,DR,CC,D
14:20:45,ICBP,RG,9725,6,F,TP,CC,D
14:20:44,ICBP,RG,9725,1,D,BB,CC,D
14:20:37,ICBP,RG,9725,1,D,OD,CC,D
14:20:36,ICBP,RG,9725,3,D,BB,CC,D
14:20:27,ICBP,RG,9725,5,D,BB,CC,D
14:20:27,ICBP,RG,9725,7,D,RX,CC,D
14:20:20,ICBP,RG,9725,62,D,BB,CC,D
14:20:20,ICBP,RG,9725,12,F,TP,CC,D
14:20:14,ICBP,RG,9725,41,D,RX,CC,D
14:20:12,ICBP,RG,9725,2,D,BB,CC,D
14:20:12,ICBP,RG,9725,104,D,PD,CC,D
14:19:56,ICBP,RG,9725,1,D,RX,CC,D
14:19:54,ICBP,RG,9725,3,D,BB,CC,D
14:19:54,ICBP,RG,9725,3,D,RX,CC,D
14:19:51,ICBP,RG,9725,6,F,TP,CC,D
14:19:44,ICBP,RG,9725,1,D,BB,CC,D
14:19:39,ICBP,RG,9725,2,D,RX,CC,D
14:19:37,ICBP,RG,9725,4,D,BB,CC,D
14:19:20,ICBP,RG,9725,3,D,RX,CC,D
14:19:19,ICBP,RG,9725,4,D,RX,CC,D
14:19:18,ICBP,RG,9725,8,D,BB,CC,D
14:19:18,ICBP,RG,9725,10,F,TP,CC,D
14:19:17,ICBP,RG,9725,10,D,RX,CC,D
14:19:15,ICBP,RG,9725,6,D,BB,CC,D
14:19:15,ICBP,RG,9725,1,D,BB,YP,D
14:19:15,ICBP,RG,9725,4,D,BB,PD,D
14:19:15,ICBP,RG,9725,16,D,BB,TP,F
14:19:08,ICBP,RG,9725,1,D,RX,TP,F
14:19:07,ICBP,RG,9725,20,D,RX,TP,F
14:19:07,ICBP,RG,9725,2,D,OD,TP,F
14:19:04,ICBP,RG,9725,13,D,BB,TP,F
14:19:04,ICBP,RG,9725,20,D,NI,TP,F
14:19:04,ICBP,RG,9725,2,D,NI,AK,F
14:19:04,ICBP,RG,9725,3,D,NI,AK,F
14:19:04,ICBP,RG,9725,2,D,NI,AK,F
14:19:04,ICBP,RG,9725,6,D,NI,AK,F
14:19:04,ICBP,RG,9725,1,D,NI,AK,F
14:19:04,ICBP,RG,9725,5,D,NI,CC,D
14:18:59,ICBP,RG,9725,31,D,RX,CC,D
14:18:57,ICBP,RG,9725,79,D,BB,CC,D
14:18:57,ICBP,RG,9725,1,D,BB,CC,D
14:18:46,ICBP,RG,9725,51,D,RX,CC,D
14:18:44,ICBP,RG,9725,124,F,CS,CC,D
14:18:43,ICBP,RG,9725,8,F,TP,CC,D
14:18:42,ICBP,RG,9700,1,D,KZ,ZP,F
14:18:42,ICBP,RG,9725,2,D,RX,CC,D
14:18:40,ICBP,RG,9725,4,D,BB,CC,D
14:18:40,ICBP,RG,9700,1,D,KZ,ZP,F
14:18:20,ICBP,RG,9725,2,D,RX,CC,D
14:18:18,ICBP,RG,9725,4,D,BB,CC,D
14:18:18,ICBP,RG,9725,5,D,RX,CC,D
14:18:16,ICBP,RG,9725,5,D,BB,CC,D
14:18:16,ICBP,RG,9725,9,F,TP,CC,D
14:18:00,ICBP,RG,9700,2,D,KZ,AK,F
14:17:51,ICBP,RG,9725,3,D,RX,CC,D
14:17:50,ICBP,RG,9725,5,D,RX,CC,D
14:17:49,ICBP,RG,9725,7,D,BB,CC,D
14:17:48,ICBP,RG,9725,14,F,TP,CC,D
14:17:46,ICBP,RG,9725,3,D,RX,CC,D
14:17:43,ICBP,RG,9725,8,D,BB,CC,D
14:17:36,ICBP,RG,9725,16,D,RX,CC,D
14:17:35,ICBP,RG,9725,9,D,BB,CC,D
14:17:35,ICBP,RG,9725,1,D,OD,CC,D
14:17:18,ICBP,RG,9725,1,D,BB,CC,D
14:17:18,ICBP,RG,9725,20,F,TP,CC,D
14:17:00,ICBP,RG,9700,1,D,KZ,AK,F
14:16:41,ICBP,RG,9725,1,D,BB,CC,D
14:16:15,ICBP,RG,9725,5,D,BB,CC,D
14:16:15,ICBP,RG,9700,1,D,KZ,AK,F
14:16:05,ICBP,RG,9725,1,D,OD,CC,D
14:16:03,ICBP,RG,9700,4,D,KZ,AK,F
14:16:02,ICBP,RG,9725,2,D,BB,CC,D
14:16:02,ICBP,RG,9700,7,D,KZ,PD,D
14:15:54,ICBP,RG,9725,1,D,RX,CC,D
14:15:52,ICBP,RG,9725,1,D,BB,CC,D
14:15:52,ICBP,RG,9725,1,D,BB,CC,D
14:15:30,ICBP,RG,9725,1,D,DR,CC,D
14:15:30,ICBP,RG,9700,1,D,KZ,AK,F
14:15:28,ICBP,RG,9725,1,D,BB,CC,D
14:15:22,ICBP,RG,9725,2,D,RX,CC,D
14:15:19,ICBP,RG,9725,3,D,BB,CC,D
14:14:45,ICBP,RG,9700,1,D,KZ,AK,F
14:14:44,ICBP,RG,9725,2,D,RX,CC,D
14:14:42,ICBP,RG,9725,5,D,BB,CC,D
14:14:34,ICBP,RG,9725,10,D,RX,CC,D
14:14:33,ICBP,RG,9725,26,D,BB,CC,D
14:14:33,ICBP,RG,9725,1,D,OD,CC,D
14:14:16,ICBP,RG,9725,60,D,RX,CC,D
14:14:15,ICBP,RG,9725,154,D,BB,CC,D
14:14:15,ICBP,RG,9725,1,D,DR,CC,D
14:14:12,ICBP,RG,9725,106,D,RX,CC,D
14:14:09,ICBP,RG,9725,261,D,PD,CC,D
14:14:00,ICBP,RG,9725,2,D,BB,CC,D
14:14:00,ICBP,RG,9700,1,D,KZ,AK,F
14:13:30,ICBP,RG,9725,1,D,BB,CC,D
14:13:30,ICBP,RG,9700,2,D,KZ,AK,F
14:13:16,ICBP,RG,9725,1,D,BB,CC,D
14:13:16,ICBP,RG,9700,1,D,KZ,YP,D
14:13:12,ICBP,RG,9700,1,D,KZ,ZP,F
14:13:06,ICBP,RG,9725,1,D,BB,CC,D
14:13:06,ICBP,RG,9700,1,D,KZ,ZP,F
14:13:00,ICBP,RG,9700,1,D,KZ,AK,F
14:12:47,ICBP,RG,9725,3,D,BB,CC,D
14:12:46,ICBP,RG,9725,1,D,BB,CC,D
14:12:16,ICBP,RG,9725,2,D,BB,CC,D
14:12:16,ICBP,RG,9700,5,D,KZ,GR,D
14:11:45,ICBP,RG,9725,1,D,BB,CC,D
14:11:45,ICBP,RG,9700,1,D,KZ,AK,F
14:11:27,ICBP,RG,9725,1,D,RX,CC,D
14:11:25,ICBP,RG,9725,1,D,BB,CC,D
14:11:25,ICBP,RG,9725,1,D,OD,CC,D
14:11:12,ICBP,RG,9725,1,D,RX,CC,D
14:11:10,ICBP,RG,9725,2,D,BB,CC,D
14:11:02,ICBP,RG,9725,2,D,RX,CC,D
14:11:00,ICBP,RG,9725,4,D,BB,CC,D
14:11:00,ICBP,RG,9700,1,D,KZ,AK,F
14:10:48,ICBP,RG,9700,3,D,KZ,AK,F
14:10:47,ICBP,RG,9725,7,D,RX,CC,D
14:10:45,ICBP,RG,9725,18,D,BB,CC,D
14:10:35,ICBP,RG,9725,3,D,RX,CC,D
14:10:34,ICBP,RG,9725,1,D,RX,CC,D
14:10:33,ICBP,RG,9725,10,D,AZ,CC,D
14:10:33,ICBP,RG,9725,1,D,PD,CC,D
14:10:30,ICBP,RG,9725,27,D,RX,CC,D
14:10:26,ICBP,RG,9725,70,D,BB,CC,D
14:10:16,ICBP,RG,9725,45,D,RX,CC,D
14:10:13,ICBP,RG,9725,121,F,CS,CC,D
14:10:11,ICBP,RG,9725,2,D,RX,CC,D
14:10:06,ICBP,RG,9725,1,D,BB,CC,D
14:10:00,ICBP,RG,9700,1,D,KZ,AK,F
14:09:58,ICBP,RG,9725,1,D,BB,CC,D
14:09:43,ICBP,RG,9725,2,D,BB,CC,D
14:09:43,ICBP,RG,9725,1,D,BB,CC,D
14:09:05,ICBP,RG,9725,1,D,RX,CC,D
14:09:03,ICBP,RG,9725,1,D,BB,CC,D
14:09:00,ICBP,RG,9700,1,D,KZ,AK,F
14:08:54,ICBP,RG,9725,1,D,RX,CC,D
14:08:51,ICBP,RG,9725,2,D,BB,CC,D
14:08:30,ICBP,RG,9725,2,D,RX,CC,D
14:08:30,ICBP,RG,9725,1,D,BB,CC,D
14:08:21,ICBP,RG,9725,1,D,OD,CC,D
14:08:17,ICBP,RG,9725,1,D,RX,CC,D
14:08:15,ICBP,RG,9725,3,D,BB,CC,D
14:08:15,ICBP,RG,9700,1,D,KZ,AK,F
14:08:00,ICBP,RG,9700,3,D,KZ,AK,F
14:07:54,ICBP,RG,9725,1,D,RX,CC,D
14:07:52,ICBP,RG,9725,1,D,DR,CC,D
14:07:50,ICBP,RG,9725,2,D,BB,CC,D
14:07:15,ICBP,RG,9700,1,D,KZ,AK,F
14:07:06,ICBP,RG,9725,1,D,RX,CC,D
14:07:03,ICBP,RG,9725,2,D,BB,CC,D
14:06:51,ICBP,RG,9725,1,D,RX,CC,D
14:06:49,ICBP,RG,9725,1,D,BQ,CC,D
14:06:39,ICBP,RG,9725,1,D,RX,CC,D
14:06:38,ICBP,RG,9725,2,D,BB,CC,D
14:06:33,ICBP,RG,9725,1,D,BB,CC,D
14:06:26,ICBP,RG,9725,1,D,DR,CC,D
14:06:07,ICBP,RG,9725,1,D,BB,CC,D
14:06:00,ICBP,RG,9725,2,D,BB,CC,D
14:06:00,ICBP,RG,9700,1,D,KZ,AK,F
14:05:40,ICBP,RG,9700,1,D,KZ,PD,D
14:05:32,ICBP,RG,9725,1,D,BB,CC,D
14:05:15,ICBP,RG,9700,1,D,KZ,AK,F
14:05:09,ICBP,RG,9725,1,D,BB,CC,D
14:05:09,ICBP,RG,9725,1,D,OD,CC,D
14:04:49,ICBP,RG,9725,2,D,BB,CC,D
14:04:30,ICBP,RG,9700,1,D,KZ,AK,F
14:04:14,ICBP,RG,9725,1,D,BB,CC,D
14:04:00,ICBP,RG,9725,1,D,BB,CC,D
14:04:00,ICBP,RG,9700,1,D,KZ,AK,F
14:03:30,ICBP,RG,9725,1,D,BB,CC,D
14:03:30,ICBP,RG,9700,1,D,KZ,AK,F
14:03:24,ICBP,RG,9725,10,D,BB,CC,D
14:03:24,ICBP,RG,9725,1,D,BB,CC,D
14:03:04,ICBP,RG,9700,20,D,KZ,CP,D
14:03:00,ICBP,RG,9725,1,D,BB,CC,D
14:03:00,ICBP,RG,9700,2,D,KZ,AK,F
14:02:49,ICBP,RG,9725,1,D,BB,CC,D
14:02:49,ICBP,RG,9700,1,D,KZ,AK,F
14:02:30,ICBP,RG,9725,2,D,BB,CC,D
14:02:30,ICBP,RG,9700,1,D,KZ,AK,F
14:02:27,ICBP,RG,9725,1,D,BQ,CC,D
14:02:23,ICBP,RG,9725,1,D,BB,CC,D
14:02:23,ICBP,RG,9700,3,D,KZ,PD,D
14:02:16,ICBP,RG,9725,1,D,BB,CC,D
14:02:05,ICBP,RG,9725,1,D,OD,CC,D
14:01:52,ICBP,RG,9725,1,D,BB,CC,D
14:01:45,ICBP,RG,9725,2,D,BB,CC,D
14:01:45,ICBP,RG,9700,1,D,KZ,AK,F
14:01:14,ICBP,RG,9725,1,D,BB,CC,D
14:01:00,ICBP,RG,9700,1,D,KZ,AK,F
14:00:51,ICBP,RG,9725,1,D,BB,CC,D
14:00:45,ICBP,RG,9700,2,D,KZ,AK,F
14:00:33,ICBP,RG,9725,2,D,BB,CC,D
14:00:25,ICBP,RG,9700,1,D,KZ,YP,D
14:00:20,ICBP,RG,9725,1,D,BB,CC,D
14:00:20,ICBP,RG,9725,1,D,BB,CC,D
14:00:15,ICBP,RG,9700,1,D,KZ,AK,F
14:00:14,ICBP,RG,9725,1,D,BB,CC,D
14:00:14,ICBP,RG,9725,1,D,PD,CC,D
13:59:51,ICBP,RG,9725,1,D,BB,CC,D
13:59:45,ICBP,RG,9700,1,D,KZ,AK,F
13:59:36,ICBP,RG,9725,1,D,BB,CC,D
13:59:22,ICBP,RG,9725,2,D,BB,CC,D
13:59:22,ICBP,RG,9725,2,D,YU,CC,D
13:59:14,ICBP,RG,9725,2,D,BB,CC,D
13:59:14,ICBP,RG,9700,2,D,KZ,PD,D
13:59:05,ICBP,RG,9725,1,D,OD,CC,D
13:58:45,ICBP,RG,9725,3,D,BB,CC,D
13:58:45,ICBP,RG,9700,1,D,KZ,AK,F
13:58:00,ICBP,RG,9725,2,D,BB,CC,D
13:58:00,ICBP,RG,9700,1,D,KZ,AK,F
13:57:30,ICBP,RG,9725,2,D,BB,CC,D
13:57:20,ICBP,RG,9725,1,D,DR,CC,D
13:57:11,ICBP,RG,9725,12,D,BB,CC,D
13:57:11,ICBP,RG,9725,1,D,BB,CC,D
13:57:00,ICBP,RG,9700,1,D,KZ,AK,F
13:56:55,ICBP,RG,9700,28,D,KZ,XL,D
13:56:55,ICBP,RG,9725,6,D,BB,CC,D
13:56:55,ICBP,RG,9725,1,D,BB,ZP,F
13:56:55,ICBP,RG,9725,3,D,BB,TP,F
13:56:24,ICBP,RG,9725,1,D,BB,TP,F
13:56:24,ICBP,RG,9700,20,D,KZ,PD,D
13:56:13,ICBP,RG,9700,1,D,KZ,AK,F
13:56:12,ICBP,RG,9725,2,D,BB,TP,F
13:55:55,ICBP,RG,9725,2,D,BB,TP,F
13:55:54,ICBP,RG,9725,1,D,OD,TP,F
13:55:30,ICBP,RG,9725,1,D,BB,TP,F
13:55:18,ICBP,RG,9725,1,D,BB,TP,F
13:55:07,ICBP,RG,9725,1,D,BB,TP,F
13:55:00,ICBP,RG,9725,1,D,BB,TP,F
13:55:00,ICBP,RG,9700,1,D,KZ,AK,F
13:54:43,ICBP,RG,9725,1,D,BB,TP,F
13:54:28,ICBP,RG,9725,1,D,BB,TP,F
13:54:16,ICBP,RG,9725,1,D,BB,TP,F
13:54:06,ICBP,RG,9725,3,D,BB,TP,F
13:53:51,ICBP,RG,9725,1,D,BB,TP,F
13:53:51,ICBP,RG,9725,5,D,XC,TP,F
13:53:45,ICBP,RG,9725,1,D,BB,TP,F
13:53:45,ICBP,RG,9700,2,D,KZ,AK,F
13:53:26,ICBP,RG,9725,3,D,BB,TP,F
13:53:00,ICBP,RG,9725,2,D,BB,TP,F
13:53:00,ICBP,RG,9700,1,D,KZ,AK,F
13:52:49,ICBP,RG,9725,2,D,BB,TP,F
13:52:48,ICBP,RG,9725,1,D,OD,TP,F
13:52:20,ICBP,RG,9725,5,D,BB,TP,F
13:51:51,ICBP,RG,9725,3,D,BB,TP,F
13:51:50,ICBP,RG,9700,7,D,KZ,AK,F
13:51:30,ICBP,RG,9700,2,D,KZ,AK,F
13:51:21,ICBP,RG,9725,28,D,BB,TP,F
13:51:21,ICBP,RG,9725,1,D,BB,XC,D
13:50:45,ICBP,RG,9700,1,D,KZ,AK,F
13:50:35,ICBP,RG,9750,92,D,BB,AI,D
13:50:35,ICBP,RG,9750,59,D,BB,PD,D
13:50:35,ICBP,RG,9750,2,D,BB,PD,D
13:50:35,ICBP,RG,9750,1,D,BB,PD,D
13:50:35,ICBP,RG,9750,3,D,BB,NI,D
13:50:35,ICBP,RG,9750,2,D,BB,NI,D
13:50:35,ICBP,RG,9750,2,D,BB,XC,D
13:50:35,ICBP,RG,9725,1,D,BB,PD,D
13:50:35,ICBP,RG,9725,1,D,BB,PD,D
13:50:35,ICBP,RG,9725,1,D,BB,ZP,F
13:50:35,ICBP,RG,9725,1,D,BB,ZP,F
13:50:25,ICBP,RG,9725,18,D,BB,AK,F
13:50:25,ICBP,RG,9725,1,D,BB,ZP,F
13:50:25,ICBP,RG,9725,20,D,BB,CC,D
13:50:18,ICBP,RG,9725,27,F,CS,CC,D
13:50:18,ICBP,RG,9725,18,F,CS,CC,D
13:50:18,ICBP,RG,9725,5,F,KZ,CC,D
13:50:18,ICBP,RG,9725,43,D,SQ,CC,D
13:50:18,ICBP,RG,9725,1,D,BB,CC,D
13:50:18,ICBP,RG,9725,6,F,KZ,CC,D
13:50:18,ICBP,RG,9725,54,F,TP,CC,D
13:50:18,ICBP,RG,9725,16,F,KZ,CC,D
13:50:18,ICBP,RG,9725,23,F,KZ,CC,D
13:50:18,ICBP,RG,9725,11,F,CS,CC,D
13:50:18,ICBP,RG,9725,31,F,CS,CC,D
13:50:18,ICBP,RG,9725,160,D,BB,CC,D
13:50:18,ICBP,RG,9725,1,F,KZ,CC,D
13:50:18,ICBP,RG,9725,1,F,KZ,CC,D
13:50:18,ICBP,RG,9725,26,F,KZ,CC,D
13:50:18,ICBP,RG,9725,10,F,CS,CC,D
13:50:18,ICBP,RG,9725,19,F,CS,CC,D
13:50:18,ICBP,RG,9725,23,F,CS,CC,D
13:50:18,ICBP,RG,9725,178,F,TP,CC,D
13:50:18,ICBP,RG,9725,3,F,KZ,CC,D
13:50:18,ICBP,RG,9725,4,F,KZ,CC,D
13:50:18,ICBP,RG,9725,10,D,YP,CC,D
13:50:18,ICBP,RG,9725,24,F,KZ,CC,D
13:50:18,ICBP,RG,9725,1,F,KZ,CC,D
13:50:18,ICBP,RG,9725,35,F,KZ,CC,D
13:50:14,ICBP,RG,9750,1,D,BB,XC,D
13:50:14,ICBP,RG,9750,1,D,BB,KK,D
13:50:13,ICBP,RG,9750,74,D,PD,KK,D
13:50:13,ICBP,RG,9750,2,D,PD,KK,D
13:50:13,ICBP,RG,9750,10,D,PD,KK,D
13:50:13,ICBP,RG,9750,10,D,PD,YU,D
13:50:13,ICBP,RG,9750,1,D,PD,XC,D
13:50:13,ICBP,RG,9750,41,D,PD,CC,D
13:49:50,ICBP,RG,9750,5,D,BB,CC,D
13:49:50,ICBP,RG,9725,7,F,KZ,PD,D
13:49:47,ICBP,RG,9725,2,F,KZ,PD,D
13:49:46,ICBP,RG,9750,1,D,OD,CC,D
13:49:45,ICBP,RG,9750,2,D,BB,CC,D
13:49:45,ICBP,RG,9725,1,F,KZ,AK,F
13:48:53,ICBP,RG,9750,2,D,BB,CC,D
13:48:49,ICBP,RG,9725,1,F,KZ,AK,F
13:48:23,ICBP,RG,9750,9,D,BB,CC,D
13:48:08,ICBP,RG,9725,9,F,KZ,LG,D
13:48:03,ICBP,RG,9750,33,D,BB,CC,D
13:48:02,ICBP,RG,9750,138,D,PD,CC,D
13:48:00,ICBP,RG,9725,1,F,KZ,AK,F
13:47:15,ICBP,RG,9725,1,F,KZ,AK,F
13:46:53,ICBP,RG,9725,1,D,DR,XC,D
13:46:32,ICBP,RG,9750,7,D,PD,CC,D
13:46:30,ICBP,RG,9725,1,D,DR,AK,F
13:45:52,ICBP,RG,9750,26,D,BB,CC,D
13:45:48,ICBP,RG,9725,1,F,KZ,AK,F
13:45:48,ICBP,RG,9725,1,F,KZ,AK,F
13:45:48,ICBP,RG,9725,4,F,KZ,AK,F
13:45:48,ICBP,RG,9725,1,F,KZ,AK,F
13:45:48,ICBP,RG,9725,1,D,DR,AK,F
13:45:48,ICBP,RG,9725,3,D,BB,AK,F
13:45:48,ICBP,RG,9725,2,D,BB,AK,F
13:45:48,ICBP,RG,9725,1,D,OD,AK,F
13:45:48,ICBP,RG,9725,7,D,SQ,AK,F
13:45:44,ICBP,RG,9725,15,D,SQ,TP,F
13:45:42,ICBP,RG,9725,1,D,BB,TP,F
13:45:42,ICBP,RG,9725,1,D,BB,XL,D
13:45:41,ICBP,RG,9725,4,D,YP,XL,D
13:45:41,ICBP,RG,9725,6,D,YP,CC,D
13:45:34,ICBP,RG,9725,5,D,BB,CC,D
13:45:34,ICBP,RG,9700,1,D,KZ,AK,F
13:45:20,ICBP,RG,9725,14,D,BB,CC,D
13:45:20,ICBP,RG,9725,6,D,BB,EP,D
13:45:04,ICBP,RG,9725,44,D,PD,EP,D
13:45:04,ICBP,RG,9725,1,D,PD,YP,D
13:45:04,ICBP,RG,9725,10,D,PD,PD,D
13:45:03,ICBP,RG,9725,5,D,PD,TP,F
13:44:50,ICBP,RG,9725,2,D,BB,TP,F
13:44:34,ICBP,RG,9725,2,D,BB,TP,F
13:44:34,ICBP,RG,9700,1,D,KZ,AK,F
13:44:29,ICBP,RG,9725,1,D,BB,TP,F
13:44:29,ICBP,RG,9725,1,D,BB,TP,F
13:44:16,ICBP,RG,9725,2,D,BB,TP,F
13:44:16,ICBP,RG,9725,1,D,BB,ZP,F
13:44:16,ICBP,RG,9725,1,D,BB,CC,D
13:44:05,ICBP,RG,9725,1,D,BB,CC,D
13:44:05,ICBP,RG,9725,1,D,BB,ZP,F
13:44:05,ICBP,RG,9725,2,D,BB,TP,F
13:43:52,ICBP,RG,9725,2,D,BB,TP,F
13:43:52,ICBP,RG,9725,5,D,NI,TP,F
13:43:42,ICBP,RG,9725,4,D,BB,TP,F
13:43:41,ICBP,RG,9700,1,D,KZ,AK,F
13:43:40,ICBP,RG,9725,1,D,OD,TP,F
13:43:33,ICBP,RG,9725,11,D,BB,TP,F
13:43:29,ICBP,RG,9725,34,F,TP,TP,F
13:43:29,ICBP,RG,9725,1,F,TP,ZP,F
13:43:29,ICBP,RG,9725,2,F,TP,ZP,F
13:43:29,ICBP,RG,9725,30,F,TP,CC,D
13:43:29,ICBP,RG,9725,2,F,TP,YP,D
13:42:59,ICBP,RG,9725,1,D,SQ,ZP,F
13:42:55,ICBP,RG,9725,2,D,SQ,ZP,F
13:42:55,ICBP,RG,9725,19,D,SQ,TP,F
13:42:54,ICBP,RG,9725,8,D,BB,TP,F
13:42:30,ICBP,RG,9725,4,D,BB,TP,F
13:42:30,ICBP,RG,9700,1,D,KZ,AK,F
13:42:20,ICBP,RG,9725,5,D,BB,TP,F
13:41:43,ICBP,RG,9725,5,D,BB,TP,F
13:41:43,ICBP,RG,9725,1,D,DR,TP,F
13:41:30,ICBP,RG,9725,4,D,BB,TP,F
13:41:30,ICBP,RG,9700,1,D,KZ,AK,F
13:41:22,ICBP,RG,9725,3,D,BB,TP,F
13:41:22,ICBP,RG,9725,1,D,YP,TP,F
13:41:10,ICBP,RG,9725,1,D,BB,TP,F
13:40:55,ICBP,RG,9725,8,D,BB,TP,F
13:40:40,ICBP,RG,9725,1,D,OD,TP,F
13:40:30,ICBP,RG,9725,9,D,BB,TP,F
13:40:30,ICBP,RG,9700,1,D,KZ,AK,F
13:40:17,ICBP,RG,9725,1,D,BB,TP,F
13:40:17,ICBP,RG,9725,11,D,BB,YP,D
13:40:17,ICBP,RG,9725,4,D,BB,ZP,F
13:40:17,ICBP,RG,9725,1,D,BB,YP,D
13:40:17,ICBP,RG,9725,1,D,BB,ZP,F
13:40:17,ICBP,RG,9725,1,D,BB,ZP,F
13:40:05,ICBP,RG,9725,55,D,PD,YP,D
13:40:01,ICBP,RG,9725,2,D,BB,YP,D
13:39:40,ICBP,RG,9725,19,D,BB,YP,D
13:39:38,ICBP,RG,9725,28,F,TP,YP,D
13:39:38,ICBP,RG,9725,2,F,TP,AK,F
13:39:38,ICBP,RG,9725,1,F,TP,AK,F
13:39:38,ICBP,RG,9725,24,F,TP,TP,F
13:39:30,ICBP,RG,9700,3,D,KZ,CD,D
13:39:30,ICBP,RG,9725,8,D,BB,TP,F
13:39:30,ICBP,RG,9700,1,D,KZ,AK,F
13:39:12,ICBP,RG,9725,6,D,BB,TP,F
13:39:04,ICBP,RG,9725,17,D,BB,TP,F
13:39:04,ICBP,RG,9725,5,D,BB,TP,F
13:39:04,ICBP,RG,9725,1,D,OD,TP,F
13:38:09,ICBP,RG,9725,16,D,BB,TP,F
13:37:27,ICBP,RG,9725,1,D,NI,TP,F
13:36:55,ICBP,RG,9725,36,F,TP,TP,F
13:36:55,ICBP,RG,9725,5,F,TP,DR,D
13:36:55,ICBP,RG,9725,6,F,TP,TP,F
13:36:02,ICBP,RG,9725,1,D,OD,TP,F
13:36:01,ICBP,RG,9725,34,D,PD,TP,F
13:36:01,ICBP,RG,9725,211,D,PD,TP,F
13:36:01,ICBP,RG,9725,1,D,PD,ZP,F
13:36:01,ICBP,RG,9725,1,D,PD,ZP,F
13:36:01,ICBP,RG,9725,12,D,PD,YP,D
13:36:01,ICBP,RG,9725,4,D,PD,XC,D
13:36:01,ICBP,RG,9725,1,D,PD,XC,D
13:36:01,ICBP,RG,9725,7,D,PD,XC,D
13:36:01,ICBP,RG,9725,2,D,PD,XC,D
13:36:01,ICBP,RG,9725,3,D,PD,CC,D
13:35:19,ICBP,RG,9725,1,D,SQ,CC,D
13:35:16,ICBP,RG,9725,1,D,YP,CC,D
13:35:15,ICBP,RG,9725,1,D,SQ,CC,D
13:34:29,ICBP,RG,9725,1,D,PD,CC,D
13:34:28,ICBP,RG,9725,1,D,OD,CC,D
13:34:24,ICBP,RG,9700,2,D,KZ,PD,D
13:34:02,ICBP,RG,9700,5,D,KZ,YP,D
13:32:18,ICBP,RG,9700,4,D,KZ,CC,D
13:30:39,ICBP,RG,9700,3,D,KZ,PD,D
13:30:35,ICBP,RG,9700,12,D,KZ,TP,F
13:30:25,ICBP,RG,9700,3,D,KZ,CC,D
13:30:25,ICBP,RG,9700,2,D,KZ,CC,D
13:30:18,ICBP,RG,9725,2,D,PD,CC,D
13:30:13,ICBP,RG,9700,1,D,KZ,ZP,F
13:30:08,ICBP,RG,9700,1,D,KZ,ZP,F
13:30:05,ICBP,RG,9700,5,D,PD,AK,F
13:30:05,ICBP,RG,9725,1,D,XL,CC,D
13:30:04,ICBP,RG,9700,5,D,PD,AK,F
13:30:04,ICBP,RG,9700,2,D,KZ,AK,F
13:30:03,ICBP,RG,9725,2,D,YP,CC,D
13:30:03,ICBP,RG,9725,1,D,CC,CC,D
13:30:03,ICBP,RG,9725,8,F,CS,CC,D
13:30:03,ICBP,RG,9725,8,D,BB,CC,D
13:30:03,ICBP,RG,9725,11,D,BB,YP,D
13:30:03,ICBP,RG,9725,7,D,BB,YP,D
13:30:03,ICBP,RG,9725,6,D,BB,LG,D
13:30:03,ICBP,RG,9725,1,D,DR,LG,D
13:30:02,ICBP,RG,9725,1,D,PD,LG,D
13:30:02,ICBP,RG,9725,1,D,DR,LG,D
13:30:02,ICBP,RG,9725,41,F,TP,LG,D
13:30:02,ICBP,RG,9725,1,F,TP,OD,D
13:30:02,ICBP,RG,9725,7,F,TP,PD,D
13:30:01,ICBP,RG,9725,1,F,TP,ZP,F
13:30:01,ICBP,RG,9725,2,F,TP,PD,D
13:30:01,ICBP,RG,9725,3,F,TP,PD,D
13:30:01,ICBP,RG,9725,1,F,TP,YP,D
13:30:01,ICBP,RG,9750,1,D,PD,CC,D
13:30:01,ICBP,RG,9725,10,F,TP,TP,F
13:30:01,ICBP,RG,9725,21,F,TP,KK,D
13:30:01,ICBP,RG,9725,79,F,TP,TP,F
13:30:01,ICBP,RG,9725,50,D,BB,TP,F
13:30:01,ICBP,RG,9725,1,D,BB,TP,F
13:30:01,ICBP,RG,9725,30,D,RF,TP,F
13:30:01,ICBP,RG,9725,20,D,RF,TP,F
13:30:01,ICBP,RG,9725,4,D,RF,SQ,D
13:30:01,ICBP,RG,9725,4,D,RF,DH,D
13:30:01,ICBP,RG,9725,2,D,RF,EP,D
13:30:01,ICBP,RG,9725,8,D,RF,EP,D
13:30:01,ICBP,RG,9725,22,D,RF,CD,D
13:30:01,ICBP,RG,9725,30,D,RF,CD,D
13:30:01,ICBP,RG,9725,23,F,CS,CD,D
13:30:01,ICBP,RG,9725,10,F,CS,CD,D
13:30:01,ICBP,RG,9725,15,F,CS,CD,D
13:30:01,ICBP,RG,9725,4,F,CS,HP,D
13:30:01,ICBP,RG,9725,2,F,CS,AT,D
13:30:01,ICBP,RG,9725,9,F,CS,EP,D
13:30:01,ICBP,RG,9725,1,D,CC,EP,D
11:29:21,ICBP,RG,9725,1,F,KZ,AK,F
11:29:05,ICBP,RG,9725,10,F,KZ,TP,F
11:28:43,ICBP,RG,9750,2,D,OD,CC,D
11:28:35,ICBP,RG,9750,1,D,PD,CC,D
11:28:28,ICBP,RG,9725,2,F,KZ,AK,F
11:28:27,ICBP,RG,9750,138,D,PD,CC,D
11:28:15,ICBP,RG,9725,1,F,KZ,AK,F
11:27:59,ICBP,RG,9725,9,F,KZ,TP,F
11:27:34,ICBP,RG,9725,7,F,KZ,TP,F
11:27:17,ICBP,RG,9725,1,F,KZ,KK,D
11:27:15,ICBP,RG,9725,1,F,KZ,AK,F
11:26:35,ICBP,RG,9750,2,D,OD,CC,D
11:26:33,ICBP,RG,9725,10,F,KZ,TP,F
11:26:30,ICBP,RG,9725,1,F,KZ,AK,F
11:26:07,ICBP,RG,9725,1,F,KZ,NI,D
11:25:45,ICBP,RG,9725,1,F,KZ,AK,F
11:25:34,ICBP,RG,9725,9,F,KZ,TP,F
11:25:07,ICBP,RG,9725,4,F,KZ,YP,D
11:25:07,ICBP,RG,9725,1,F,KZ,YP,D
11:25:07,ICBP,RG,9725,1,F,KZ,YP,D
11:25:07,ICBP,RG,9725,1,D,XC,YP,D
11:25:07,ICBP,RG,9725,5,F,KZ,YP,D
11:25:07,ICBP,RG,9725,8,F,CS,YP,D
11:25:03,ICBP,RG,9725,6,F,CS,TP,F
11:25:00,ICBP,RG,9725,1,F,CS,AK,F
11:24:45,ICBP,RG,9725,12,F,CS,PD,D
11:24:45,ICBP,RG,9725,9,F,KZ,PD,D
11:24:09,ICBP,RG,9725,5,F,KZ,TP,F
11:24:09,ICBP,RG,9725,1,F,KZ,TP,F
11:24:05,ICBP,RG,9725,1,F,KZ,ZP,F
11:24:05,ICBP,RG,9750,1,D,OD,CC,D
11:23:30,ICBP,RG,9725,2,F,KZ,AK,F
11:22:47,ICBP,RG,9725,1,F,KZ,YP,D
11:22:47,ICBP,RG,9725,3,F,KZ,YP,D
11:22:44,ICBP,RG,9725,8,F,KZ,TP,F
11:22:44,ICBP,RG,9725,6,F,KZ,TP,F
11:22:13,ICBP,RG,9725,7,F,KZ,TP,F
11:21:29,ICBP,RG,9750,2,D,OD,CC,D
11:21:25,ICBP,RG,9725,1,F,KZ,CC,D
11:21:15,ICBP,RG,9725,12,F,KZ,YP,D
11:21:14,ICBP,RG,9725,8,F,KZ,TP,F
11:19:59,ICBP,RG,9725,5,F,KZ,XC,D
11:19:32,ICBP,RG,9725,29,F,KZ,NI,D
11:19:29,ICBP,RG,9725,33,F,KZ,PD,D
11:19:29,ICBP,RG,9725,12,F,CS,PD,D
11:19:29,ICBP,RG,9725,45,F,KZ,PD,D
11:19:01,ICBP,RG,9725,7,F,KZ,TP,F
11:19:01,ICBP,RG,9725,12,D,KZ,TP,F
11:18:34,ICBP,RG,9725,6,D,KZ,TP,F
11:18:16,ICBP,RG,9725,117,D,KZ,CC,D
11:18:16,ICBP,RG,9725,92,D,KZ,CC,D
11:18:16,ICBP,RG,9725,3,F,KZ,CC,D
11:18:16,ICBP,RG,9725,2,D,OD,CC,D
11:18:16,ICBP,RG,9725,3,F,KZ,CC,D
11:18:16,ICBP,RG,9725,11,F,CS,CC,D
11:18:16,ICBP,RG,9725,10,F,KZ,CC,D
11:18:16,ICBP,RG,9725,25,F,CS,CC,D
11:18:16,ICBP,RG,9725,112,F,KZ,CC,D
11:18:16,ICBP,RG,9725,14,F,TP,CC,D
11:18:16,ICBP,RG,9725,13,F,TP,CC,D
11:18:16,ICBP,RG,9725,2,F,KZ,CC,D
11:18:16,ICBP,RG,9725,14,F,TP,CC,D
11:18:16,ICBP,RG,9725,70,F,KZ,CC,D
11:18:16,ICBP,RG,9725,31,F,CS,CC,D
11:18:16,ICBP,RG,9725,4,F,KZ,CC,D
11:18:16,ICBP,RG,9725,3,F,KZ,CC,D
11:18:16,ICBP,RG,9725,18,F,TP,CC,D
11:18:16,ICBP,RG,9725,15,F,KZ,CC,D
11:18:16,ICBP,RG,9725,107,D,KZ,CC,D
11:18:16,ICBP,RG,9725,12,F,KZ,CC,D
11:18:16,ICBP,RG,9725,72,D,KZ,CC,D
11:18:06,ICBP,RG,9725,1,D,KZ,CC,D
11:18:06,ICBP,RG,9725,12,F,KZ,CC,D
11:18:06,ICBP,RG,9725,3,F,KZ,CC,D
11:18:06,ICBP,RG,9725,4,F,TP,CC,D
11:18:00,ICBP,RG,9725,6,F,TP,TP,F
11:17:52,ICBP,RG,9725,1,F,TP,XL,D
11:17:43,ICBP,RG,9725,3,F,TP,PD,D
11:17:34,ICBP,RG,9725,1,F,TP,KK,D
11:17:06,ICBP,RG,9725,8,F,TP,TP,F
11:16:39,ICBP,RG,9725,3,F,TP,TP,F
11:16:39,ICBP,RG,9725,3,F,KZ,TP,F
11:16:22,ICBP,RG,9750,1,D,OD,CC,D
11:16:04,ICBP,RG,9725,1,F,KZ,YP,D
11:15:38,ICBP,RG,9725,9,F,KZ,TP,F
11:15:31,ICBP,RG,9725,3,F,KZ,AK,F
11:15:31,ICBP,RG,9725,14,F,CS,AK,F
11:15:31,ICBP,RG,9725,15,F,TP,AK,F
11:15:15,ICBP,RG,9725,1,F,TP,ZP,F
11:15:11,ICBP,RG,9725,8,F,TP,TP,F
11:15:11,ICBP,RG,9725,1,F,TP,ZP,F
11:15:00,ICBP,RG,9725,8,F,TP,AK,F
11:14:01,ICBP,RG,9725,7,F,TP,TP,F
11:13:58,ICBP,RG,9725,6,F,TP,NI,D
11:13:58,ICBP,RG,9725,1,F,KZ,NI,D
11:13:58,ICBP,RG,9725,14,F,KZ,NI,D
11:13:52,ICBP,RG,9750,1,D,OD,CC,D
11:13:04,ICBP,RG,9725,10,F,KZ,TP,F
11:12:42,ICBP,RG,9725,1,F,KZ,CC,D
11:12:36,ICBP,RG,9725,8,F,KZ,TP,F
11:12:30,ICBP,RG,9725,1,F,KZ,AK,F
11:11:47,ICBP,RG,9725,25,F,KZ,KK,D
11:11:39,ICBP,RG,9725,10,F,KZ,TP,F
11:11:06,ICBP,RG,9725,43,F,KZ,DH,D
11:11:06,ICBP,RG,9725,7,F,CS,DH,D
11:10:34,ICBP,RG,9725,7,F,CS,TP,F
11:10:21,ICBP,RG,9725,8,F,CS,CC,D
11:10:21,ICBP,RG,9725,3,D,DR,CC,D
11:10:21,ICBP,RG,9725,26,F,TP,CC,D
11:10:21,ICBP,RG,9725,1,D,CC,CC,D
11:10:21,ICBP,RG,9725,2,F,KZ,CC,D
11:10:21,ICBP,RG,9725,73,F,KZ,CC,D
11:10:21,ICBP,RG,9725,3,D,KZ,CC,D
11:10:20,ICBP,RG,9725,1,D,KZ,PD,D
11:10:17,ICBP,RG,9750,138,D,PD,CC,D
11:10:09,ICBP,RG,9725,7,D,KZ,TP,F
11:09:57,ICBP,RG,9725,5,D,KZ,YJ,D
11:09:07,ICBP,RG,9725,8,D,KZ,TP,F
11:08:55,ICBP,RG,9725,51,D,KZ,YP,D
11:08:45,ICBP,RG,9750,1,D,OD,CC,D
11:08:42,ICBP,RG,9725,20,D,KZ,YP,D
11:08:06,ICBP,RG,9725,8,D,KZ,TP,F
11:07:32,ICBP,RG,9725,8,D,KZ,TP,F
11:06:39,ICBP,RG,9725,6,F,TP,TP,F
11:06:24,ICBP,RG,9750,1,D,XC,CC,D
11:06:07,ICBP,RG,9750,1,D,OD,CC,D
11:05:49,ICBP,RG,9750,26,F,KZ,CC,D
11:05:49,ICBP,RG,9750,1,D,BQ,CC,D
11:05:29,ICBP,RG,9725,1,F,TP,ZP,F
11:05:22,ICBP,RG,9725,1,F,TP,ZP,F
11:04:17,ICBP,RG,9725,19,F,TP,CC,D
11:04:17,ICBP,RG,9725,77,D,KZ,CC,D
11:04:17,ICBP,RG,9725,13,F,CS,CC,D
11:04:17,ICBP,RG,9725,1,D,XC,CC,D
11:04:17,ICBP,RG,9725,17,F,KZ,CC,D
11:04:17,ICBP,RG,9725,28,F,TP,CC,D
11:04:17,ICBP,RG,9725,2,D,DR,CC,D
11:04:17,ICBP,RG,9725,14,F,CS,CC,D
11:04:17,ICBP,RG,9725,8,F,KZ,CC,D
11:04:17,ICBP,RG,9725,31,F,TP,CC,D
11:04:17,ICBP,RG,9725,125,F,KZ,CC,D
11:04:17,ICBP,RG,9725,12,F,CS,CC,D
11:04:17,ICBP,RG,9725,34,F,TP,CC,D
11:04:17,ICBP,RG,9725,112,F,KZ,CC,D
11:04:17,ICBP,RG,9725,72,D,KZ,CC,D
11:04:17,ICBP,RG,9725,50,D,KZ,CC,D
11:04:17,ICBP,RG,9725,17,F,CS,CC,D
11:04:17,ICBP,RG,9725,23,F,CS,CC,D
11:04:17,ICBP,RG,9725,35,F,TP,CC,D
11:04:17,ICBP,RG,9725,21,F,CS,CC,D
11:04:17,ICBP,RG,9725,21,F,TP,CC,D
11:04:17,ICBP,RG,9725,2,D,DR,CC,D
11:04:17,ICBP,RG,9725,21,D,SQ,CC,D
11:04:17,ICBP,RG,9725,1,D,RO,CC,D
11:04:17,ICBP,RG,9725,21,D,SQ,CC,D
11:04:17,ICBP,RG,9725,21,D,SQ,CC,D
11:04:17,ICBP,RG,9725,153,F,BK,CC,D
11:04:17,ICBP,RG,9725,13,D,SQ,CC,D
11:04:17,ICBP,RG,9725,8,D,SQ,CC,D
11:04:17,ICBP,RG,9725,4,F,KZ,CC,D
11:04:17,ICBP,RG,9725,9,F,KZ,CC,D
11:04:17,ICBP,RG,9725,4,F,KZ,CC,D
11:04:17,ICBP,RG,9725,4,F,KZ,CC,D
11:04:17,ICBP,RG,9725,7,F,KZ,CC,D
11:03:30,ICBP,RG,9725,2,F,KZ,YP,D
11:01:29,ICBP,RG,9725,7,F,KZ,YP,D
11:01:29,ICBP,RG,9725,2,F,KZ,YP,D
11:01:29,ICBP,RG,9725,5,D,SQ,YP,D
11:01:29,ICBP,RG,9725,4,F,KZ,YP,D
11:00:52,ICBP,RG,9750,1,D,OD,CC,D
10:59:06,ICBP,RG,9725,4,F,KZ,AK,F
10:59:06,ICBP,RG,9725,1,F,KZ,AK,F
10:58:18,ICBP,RG,9750,1,D,OD,CC,D
10:57:11,ICBP,RG,9750,1,D,DR,CC,D
10:55:38,ICBP,RG,9725,1,D,LG,DH,D
10:55:15,ICBP,RG,9725,1,D,LG,EP,D
10:55:15,ICBP,RG,9725,3,F,KZ,EP,D
10:55:15,ICBP,RG,9725,1,F,KZ,EP,D
10:54:37,ICBP,RG,9725,6,F,KZ,CC,D
10:54:09,ICBP,RG,9725,1,F,KZ,AZ,D
10:53:47,ICBP,RG,9725,9,F,KZ,KK,D
10:53:47,ICBP,RG,9725,66,F,KZ,KK,D
10:53:02,ICBP,RG,9750,1,D,OD,CC,D
10:51:05,ICBP,RG,9750,1,F,KZ,CC,D
10:50:20,ICBP,RG,9750,1,D,OD,CC,D
10:48:01,ICBP,RG,9750,1,D,PD,CC,D
10:47:47,ICBP,RG,9750,4,F,KZ,CC,D
10:47:45,ICBP,RG,9750,25,F,CS,CC,D
10:47:45,ICBP,RG,9750,1,F,KZ,CC,D
10:47:45,ICBP,RG,9750,6,F,KZ,CC,D
10:47:45,ICBP,RG,9750,32,F,TP,CC,D
10:47:45,ICBP,RG,9750,7,F,KZ,CC,D
10:47:45,ICBP,RG,9750,26,F,CS,CC,D
10:47:45,ICBP,RG,9750,28,F,KZ,CC,D
10:47:45,ICBP,RG,9750,12,F,CS,CC,D
10:47:45,ICBP,RG,9750,96,D,KZ,CC,D
10:47:45,ICBP,RG,9750,10,F,KZ,CC,D
10:47:45,ICBP,RG,9750,64,D,KZ,CC,D
10:47:45,ICBP,RG,9750,18,F,KZ,CC,D
10:47:45,ICBP,RG,9750,15,F,CS,CC,D
10:47:45,ICBP,RG,9750,28,F,TP,CC,D
10:47:45,ICBP,RG,9750,2,D,DR,CC,D
10:47:45,ICBP,RG,9750,7,F,KZ,CC,D
10:47:45,ICBP,RG,9750,29,F,TP,CC,D
10:47:45,ICBP,RG,9750,2,F,KZ,CC,D
10:47:25,ICBP,RG,9775,1,F,KZ,TP,F
10:47:25,ICBP,RG,9775,4,F,KZ,AK,F
10:47:25,ICBP,RG,9775,5,F,KZ,AK,F
10:47:25,ICBP,RG,9775,1,F,KZ,ZP,F
10:47:04,ICBP,RG,9750,2,F,KZ,YP,D
10:47:04,ICBP,RG,9750,8,F,CS,YP,D
10:45:45,ICBP,RG,9775,1,F,KZ,KK,D
10:45:45,ICBP,RG,9750,1,F,CS,AK,F
10:44:56,ICBP,RG,9775,1,D,OD,KK,D
10:44:42,ICBP,RG,9750,1,F,CS,LG,D
10:44:34,ICBP,RG,9750,3,F,CS,PD,D
10:44:16,ICBP,RG,9750,1,F,CS,XC,D
10:44:00,ICBP,RG,9750,1,F,CS,AK,F
10:43:37,ICBP,RG,9750,15,F,CS,EP,D
10:43:37,ICBP,RG,9750,16,F,TP,EP,D
10:43:37,ICBP,RG,9750,20,F,TP,YP,D
10:43:37,ICBP,RG,9750,3,F,CS,YP,D
10:43:37,ICBP,RG,9750,8,F,KZ,YP,D
10:43:37,ICBP,RG,9750,8,F,KZ,YP,D
10:43:36,ICBP,RG,9750,1,F,KZ,XC,D
10:42:30,ICBP,RG,9750,1,F,TP,AK,F
10:42:22,ICBP,RG,9775,1,D,OD,YP,D
10:42:19,ICBP,RG,9750,1,F,TP,ZP,F
10:41:28,ICBP,RG,9750,2,F,TP,XC,D
10:41:00,ICBP,RG,9750,1,F,TP,AK,F
10:40:40,ICBP,RG,9775,4,F,KZ,YP,D
10:40:36,ICBP,RG,9750,9,F,TP,TP,F
10:39:52,ICBP,RG,9750,1,F,TP,XL,D
10:39:41,ICBP,RG,9750,18,F,TP,TP,F
10:39:41,ICBP,RG,9750,24,F,CS,TP,F
10:39:30,ICBP,RG,9750,1,F,CS,AK,F
10:38:57,ICBP,RG,9750,3,F,CS,XL,D
10:38:57,ICBP,RG,9750,8,F,TP,XL,D
10:38:49,ICBP,RG,9750,6,F,TP,ZP,D
10:38:49,ICBP,RG,9750,4,F,KZ,ZP,D
10:38:49,ICBP,RG,9750,10,F,KZ,ZP,D
10:37:53,ICBP,RG,9750,16,F,CS,YP,D
10:37:53,ICBP,RG,9750,36,F,TP,YP,D
10:37:53,ICBP,RG,9750,1,D,OD,YP,D
10:37:53,ICBP,RG,9750,28,F,KZ,YP,D
10:37:53,ICBP,RG,9750,98,D,KZ,YP,D
10:37:28,ICBP,RG,9750,9,D,KZ,AK,F
10:37:28,ICBP,RG,9750,5,D,KZ,AK,F
10:37:28,ICBP,RG,9775,1,D,NI,PD,D
10:37:18,ICBP,RG,9775,1,F,KZ,PD,D
10:37:18,ICBP,RG,9775,3,F,KZ,GR,D
10:37:18,ICBP,RG,9775,28,F,KZ,MG,D
10:37:15,ICBP,RG,9750,69,D,KZ,YP,D
10:37:15,ICBP,RG,9750,21,D,SQ,YP,D
10:37:15,ICBP,RG,9750,1,F,KZ,YP,D
10:37:15,ICBP,RG,9750,52,F,TP,YP,D
10:37:15,ICBP,RG,9750,1,D,YP,YP,D
10:37:15,ICBP,RG,9750,48,F,TP,YP,D
10:37:15,ICBP,RG,9750,8,F,KZ,YP,D
10:37:15,ICBP,RG,9750,11,F,CS,YP,D
10:37:15,ICBP,RG,9750,12,F,CS,YP,D
10:37:15,ICBP,RG,9750,10,F,CS,YP,D
10:37:15,ICBP,RG,9750,3,F,KZ,YP,D
10:37:15,ICBP,RG,9750,29,F,KZ,YP,D
10:37:15,ICBP,RG,9750,21,F,CS,YP,D
10:37:15,ICBP,RG,9750,90,D,KZ,YP,D
10:37:15,ICBP,RG,9750,14,F,KZ,YP,D
10:37:15,ICBP,RG,9750,62,D,KZ,YP,D
10:37:15,ICBP,RG,9750,6,F,KZ,YP,D
10:37:15,ICBP,RG,9750,37,F,TP,YP,D
10:37:15,ICBP,RG,9750,10,D,YP,YP,D
10:37:15,ICBP,RG,9750,24,F,CS,YP,D
10:37:15,ICBP,RG,9750,8,F,CS,YP,D
10:37:15,ICBP,RG,9750,79,F,TP,YP,D
10:37:15,ICBP,RG,9750,7,F,KZ,YP,D
10:37:15,ICBP,RG,9750,15,F,CS,YP,D
10:37:15,ICBP,RG,9750,5,F,CS,YP,D
10:37:15,ICBP,RG,9750,15,F,KZ,YP,D
10:37:15,ICBP,RG,9750,13,F,CS,YP,D
10:37:15,ICBP,RG,9750,10,F,CS,YP,D
10:37:15,ICBP,RG,9750,20,F,CS,YP,D
10:37:15,ICBP,RG,9750,2,F,CS,YP,D
10:37:15,ICBP,RG,9750,63,F,KZ,YP,D
10:37:15,ICBP,RG,9750,270,F,TP,YP,D
10:37:15,ICBP,RG,9750,21,F,KZ,YP,D
10:37:15,ICBP,RG,9750,47,F,KZ,YP,D
10:37:15,ICBP,RG,9750,7,F,CS,YP,D
10:37:15,ICBP,RG,9750,22,D,KZ,YP,D
10:37:15,ICBP,RG,9750,39,D,KZ,YP,D
10:37:15,ICBP,RG,9750,28,F,BK,YP,D
10:37:15,ICBP,RG,9775,2,F,KZ,MG,D
10:37:15,ICBP,RG,9775,1,F,KZ,PD,D
10:37:15,ICBP,RG,9775,1,F,KZ,YP,D
10:37:15,ICBP,RG,9775,1,F,KZ,XC,D
10:37:15,ICBP,RG,9775,2,F,KZ,KK,D
10:37:15,ICBP,RG,9775,1,F,KZ,DH,D
10:37:12,ICBP,RG,9775,1,F,KZ,MG,D
10:37:12,ICBP,RG,9775,6,F,TP,MG,D
10:36:51,ICBP,RG,9750,1,F,BK,AK,F
10:35:36,ICBP,RG,9775,31,D,XC,MG,D
10:34:42,ICBP,RG,9775,1,D,OD,MG,D
10:34:26,ICBP,RG,9750,1,F,BK,AK,F
10:34:25,ICBP,RG,9775,1,D,YP,MG,D
10:32:46,ICBP,RG,9775,1,F,KZ,MG,D
10:32:46,ICBP,RG,9775,3,D,YP,MG,D
10:32:02,ICBP,RG,9775,5,F,KZ,MG,D
10:32:02,ICBP,RG,9775,1,D,OD,MG,D
10:31:50,ICBP,RG,9750,20,F,BK,CD,D
10:29:30,ICBP,RG,9775,5,F,KZ,MG,D
10:29:30,ICBP,RG,9775,1,F,KZ,MG,D
10:29:30,ICBP,RG,9775,5,D,MK,MG,D
10:29:25,ICBP,RG,9750,1,F,BK,AK,F
10:29:25,ICBP,RG,9775,1,F,KZ,MG,D
10:29:23,ICBP,RG,9775,13,F,KZ,MG,D
10:29:22,ICBP,RG,9775,1,F,KZ,MG,D
10:29:21,ICBP,RG,9775,24,F,CS,MG,D
10:29:21,ICBP,RG,9775,4,F,CS,KK,D
10:29:21,ICBP,RG,9775,15,F,CS,PD,D
10:29:21,ICBP,RG,9775,1,F,CS,YP,D
10:29:21,ICBP,RG,9775,4,F,CS,YP,D
10:29:21,ICBP,RG,9775,2,F,CS,YP,D
10:29:21,ICBP,RG,9775,1,F,CS,PD,D
10:29:21,ICBP,RG,9775,2,F,CS,CC,D
10:29:21,ICBP,RG,9775,1,F,CS,KK,D
10:29:21,ICBP,RG,9775,1,F,CS,CC,D
10:29:21,ICBP,RG,9775,3,F,CS,CC,D
10:28:29,ICBP,RG,9775,1,D,BQ,CC,D
10:28:14,ICBP,RG,9750,9,F,BK,OD,D
10:28:14,ICBP,RG,9750,5,D,DR,OD,D
10:28:14,ICBP,RG,9750,3,F,CS,OD,D
10:27:44,ICBP,RG,9750,2,F,CS,XC,D
10:27:21,ICBP,RG,9750,2,D,KZ,PD,D
10:26:56,ICBP,RG,9775,1,F,KZ,CC,D
10:26:56,ICBP,RG,9775,1,D,OD,CC,D
10:25:32,ICBP,RG,9775,3,F,KZ,CC,D
10:25:32,ICBP,RG,9775,2,D,KZ,KK,D
10:25:32,ICBP,RG,9775,11,D,KZ,CC,D
10:25:22,ICBP,RG,9775,2,F,KZ,CC,D
10:25:22,ICBP,RG,9775,8,D,KZ,CC,D
10:25:22,ICBP,RG,9775,1,D,KZ,XC,D
10:24:42,ICBP,RG,9775,1,F,KZ,YP,D
10:24:42,ICBP,RG,9775,2,D,KZ,YP,D
10:24:42,ICBP,RG,9775,2,D,KZ,YP,D
10:24:34,ICBP,RG,9775,1,D,BQ,YP,D
10:24:26,ICBP,RG,9775,3,F,KZ,YP,D
10:24:26,ICBP,RG,9775,1,D,OD,YP,D
10:24:18,ICBP,RG,9750,1,D,KZ,AK,F
10:24:17,ICBP,RG,9775,3,F,KZ,PD,D
10:24:17,ICBP,RG,9775,3,F,KZ,PD,D
10:24:17,ICBP,RG,9775,1,F,KZ,KK,D
10:24:17,ICBP,RG,9775,2,F,KZ,YP,D
10:24:17,ICBP,RG,9775,1,F,KZ,YP,D
10:24:17,ICBP,RG,9775,13,F,KZ,XL,D
10:24:17,ICBP,RG,9775,5,D,KZ,XL,D
10:24:17,ICBP,RG,9775,3,D,KZ,XL,D
10:24:17,ICBP,RG,9775,1,D,KZ,XL,D
10:24:17,ICBP,RG,9775,8,D,KZ,XL,D
10:24:17,ICBP,RG,9775,9,D,KZ,XL,D
10:24:17,ICBP,RG,9775,3,D,KZ,XL,D
10:24:17,ICBP,RG,9775,2,D,KZ,XL,D
10:24:17,ICBP,RG,9775,1,D,KZ,YP,D
10:24:17,ICBP,RG,9775,2,D,KZ,YP,D
10:24:17,ICBP,RG,9775,6,D,KZ,PD,D
10:24:15,ICBP,RG,9775,4,F,KZ,PD,D
10:24:15,ICBP,RG,9775,2,F,KZ,YP,D
10:24:13,ICBP,RG,9750,1,D,KZ,AK,F
10:24:12,ICBP,RG,9775,13,F,KZ,YP,D
10:24:12,ICBP,RG,9775,47,D,KZ,YP,D
10:24:12,ICBP,RG,9775,8,D,KZ,YP,D
10:24:12,ICBP,RG,9775,5,D,KZ,EP,D
10:24:12,ICBP,RG,9775,1,D,KZ,PD,D
10:24:12,ICBP,RG,9775,52,D,KZ,DR,D
10:23:42,ICBP,RG,9775,10,F,KZ,DR,D
10:23:42,ICBP,RG,9775,23,D,KZ,DR,D
10:23:42,ICBP,RG,9775,37,D,KZ,DR,D
10:23:18,ICBP,RG,9750,1,D,KZ,PD,D
10:23:13,ICBP,RG,9775,16,F,KZ,DR,D
10:23:11,ICBP,RG,9775,33,D,GR,DR,D
10:23:11,ICBP,RG,9775,4,D,KK,DR,D
10:23:11,ICBP,RG,9775,6,D,KK,YP,D
10:23:10,ICBP,RG,9775,13,D,CC,YP,D
10:23:10,ICBP,RG,9775,9,D,DR,YP,D
10:23:10,ICBP,RG,9775,12,F,KZ,YP,D
10:23:10,ICBP,RG,9775,10,F,KZ,KK,D
10:23:10,ICBP,RG,9775,10,F,KZ,KK,D
10:23:10,ICBP,RG,9775,2,F,KZ,PD,D
10:23:10,ICBP,RG,9775,2,F,KZ,PD,D
10:23:10,ICBP,RG,9775,30,F,KZ,NI,D
10:23:10,ICBP,RG,9775,1,F,KZ,PD,D
10:23:10,ICBP,RG,9775,1,F,KZ,YP,D
10:23:10,ICBP,RG,9775,12,F,KZ,YP,D
10:23:10,ICBP,RG,9775,1,F,KZ,NI,D
10:23:10,ICBP,RG,9775,3,F,KZ,XL,D
10:23:10,ICBP,RG,9775,1,F,KZ,YP,D
10:23:10,ICBP,RG,9775,1,F,KZ,PD,D
10:23:10,ICBP,RG,9775,32,F,KZ,PD,D
10:23:10,ICBP,RG,9775,1,F,KZ,DR,D
10:23:10,ICBP,RG,9775,1,F,KZ,DX,D
10:23:08,ICBP,RG,9750,1,D,KZ,AK,F
10:23:08,ICBP,RG,9750,1,D,KZ,AK,F
10:23:08,ICBP,RG,9750,5,D,KZ,YP,D
10:23:08,ICBP,RG,9750,1,D,KZ,AK,F
10:23:08,ICBP,RG,9750,2,D,KZ,AZ,D
10:23:08,ICBP,RG,9750,78,D,KZ,TP,F
10:23:08,ICBP,RG,9750,1,D,KZ,CC,D
10:23:08,ICBP,RG,9750,11,D,KZ,PD,D
10:23:08,ICBP,RG,9750,1,D,KZ,KK,D
10:23:08,ICBP,RG,9750,2,D,KZ,KZ,D
10:23:08,ICBP,RG,9750,2,D,KZ,YP,D
10:23:08,ICBP,RG,9750,1,D,KZ,ZP,F
10:23:08,ICBP,RG,9750,1,D,KZ,PD,D
10:23:08,ICBP,RG,9750,5,D,KZ,DR,D
10:23:08,ICBP,RG,9750,40,D,KZ,YP,D
10:23:08,ICBP,RG,9750,1,D,KZ,PD,D
10:23:08,ICBP,RG,9750,6,D,KZ,DH,D
10:23:08,ICBP,RG,9750,1,D,KZ,YP,D
10:23:08,ICBP,RG,9750,32,D,KZ,TP,F
10:23:08,ICBP,RG,9750,12,D,KZ,TP,F
10:23:08,ICBP,RG,9750,3,D,KZ,OD,D
10:23:08,ICBP,RG,9750,10,D,KZ,YP,D
10:23:08,ICBP,RG,9750,1,D,KZ,ZP,F
10:23:08,ICBP,RG,9750,9,D,KZ,AK,F
10:23:08,ICBP,RG,9750,52,D,KZ,XC,D
10:23:08,ICBP,RG,9750,50,D,KZ,GR,D
10:23:08,ICBP,RG,9750,31,D,KZ,TP,F
10:23:08,ICBP,RG,9750,10,D,KZ,CC,D
10:23:08,ICBP,RG,9750,37,D,KZ,TP,F
10:23:08,ICBP,RG,9750,1,D,KZ,XC,D
10:23:08,ICBP,RG,9750,1,D,KZ,YP,D
10:23:08,ICBP,RG,9750,1,D,KZ,YP,D
10:23:08,ICBP,RG,9750,41,D,KZ,TP,F
10:23:08,ICBP,RG,9750,2,D,KZ,NI,D
10:23:08,ICBP,RG,9750,2,D,KZ,XC,D
10:23:08,ICBP,RG,9750,10,D,KZ,CC,D
10:23:08,ICBP,RG,9750,10,D,KZ,AZ,D
10:23:08,ICBP,RG,9750,2,D,KZ,CC,D
10:23:08,ICBP,RG,9750,1,D,KZ,KK,D
10:23:08,ICBP,RG,9750,4,D,KZ,TP,F
10:23:08,ICBP,RG,9725,3,F,KZ,AK,F
10:23:08,ICBP,RG,9750,34,F,KZ,TP,F
10:23:08,ICBP,RG,9750,29,F,KZ,TP,F
10:23:08,ICBP,RG,9750,2,F,KZ,KK,D
10:23:08,ICBP,RG,9750,11,F,KZ,PD,D
10:23:08,ICBP,RG,9750,30,F,KZ,TP,F
10:23:08,ICBP,RG,9750,2,F,KZ,YP,D
10:23:08,ICBP,RG,9750,1,F,KZ,XC,D
10:23:08,ICBP,RG,9750,1,F,KZ,AK,F
10:23:08,ICBP,RG,9750,5,F,KZ,AI,D
10:23:08,ICBP,RG,9750,18,F,KZ,TP,F
10:23:08,ICBP,RG,9750,1,F,KZ,KK,D
10:23:08,ICBP,RG,9750,1,F,KZ,KK,D
10:23:08,ICBP,RG,9750,16,F,KZ,LG,D
10:23:08,ICBP,RG,9750,5,F,KZ,AZ,D
10:23:08,ICBP,RG,9750,1,F,KZ,AK,F
10:23:08,ICBP,RG,9750,2,F,KZ,LG,D
10:23:08,ICBP,RG,9750,100,F,KZ,MG,D
10:23:08,ICBP,RG,9750,1,F,KZ,AK,F
10:23:08,ICBP,RG,9750,6,F,KZ,YP,D
10:23:08,ICBP,RG,9750,5,F,KZ,CC,D
10:23:08,ICBP,RG,9750,5,F,KZ,NI,D
10:23:08,ICBP,RG,9750,3,F,KZ,RO,D
10:23:08,ICBP,RG,9750,3,F,KZ,PD,D
10:23:08,ICBP,RG,9750,1,F,KZ,KK,D
10:23:08,ICBP,RG,9750,3,F,KZ,PD,D
10:23:08,ICBP,RG,9750,11,F,KZ,NI,D
10:23:08,ICBP,RG,9750,100,F,KZ,ZP,D
10:23:08,ICBP,RG,9750,3,F,KZ,GR,D
10:21:54,ICBP,RG,9750,1,D,OD,GR,D
10:16:42,ICBP,RG,9750,1,D,OD,GR,D
10:16:41,ICBP,RG,9725,11,F,KZ,YP,D
10:15:48,ICBP,RG,9725,11,F,KZ,YP,D
10:15:26,ICBP,RG,9725,1,F,KZ,KZ,D
10:14:39,ICBP,RG,9750,1,D,MK,PD,D
10:14:39,ICBP,RG,9750,5,D,MK,KK,D
10:14:39,ICBP,RG,9750,1,D,MK,YP,D
10:14:39,ICBP,RG,9750,2,D,MK,YP,D
10:14:39,ICBP,RG,9750,1,D,MK,YP,D
10:14:14,ICBP,RG,9750,1,D,OD,YP,D
10:13:30,ICBP,RG,9725,4,F,KZ,AK,F
10:12:39,ICBP,RG,9725,16,F,KZ,YP,D
10:12:39,ICBP,RG,9725,8,D,SQ,YP,D
10:12:39,ICBP,RG,9725,5,D,YP,YP,D
10:12:39,ICBP,RG,9725,11,F,CS,YP,D
10:12:00,ICBP,RG,9725,5,F,CS,CC,D
10:11:36,ICBP,RG,9725,1,F,CS,AK,F
10:11:36,ICBP,RG,9725,4,F,CS,YP,D
10:11:36,ICBP,RG,9725,16,F,KZ,YP,D
10:11:23,ICBP,RG,9725,1,F,KZ,YP,D
10:10:19,ICBP,RG,9725,5,F,KZ,KK,D
10:10:16,ICBP,RG,9725,3,F,KZ,XC,D
10:10:08,ICBP,RG,9725,1,F,KZ,AK,F
10:10:07,ICBP,RG,9750,3,F,KZ,YP,D
10:10:07,ICBP,RG,9750,2,F,KZ,YP,D
10:10:07,ICBP,RG,9750,7,F,KZ,PD,D
10:10:07,ICBP,RG,9750,1,F,KZ,NI,D
10:10:07,ICBP,RG,9750,1,F,KZ,CC,D
10:10:05,ICBP,RG,9750,3,F,KZ,CC,D
10:10:04,ICBP,RG,9725,51,F,KZ,TP,F
10:09:45,ICBP,RG,9725,1,F,KZ,AK,F
10:09:20,ICBP,RG,9750,1,D,OD,CC,D
10:09:10,ICBP,RG,9750,1,D,EP,CC,D
10:09:08,ICBP,RG,9725,1,F,KZ,AK,F
10:09:08,ICBP,RG,9750,9,F,KZ,CC,D
10:09:05,ICBP,RG,9750,2,F,KZ,CC,D
10:09:01,ICBP,RG,9725,30,F,KZ,GR,D
10:08:26,ICBP,RG,9725,2,F,KZ,KZ,D
10:07:46,ICBP,RG,9750,3,D,CC,CC,D
10:07:02,ICBP,RG,9725,5,F,KZ,YP,D
10:06:51,ICBP,RG,9725,1,F,KZ,PD,D
10:06:45,ICBP,RG,9750,1,D,OD,CC,D
10:06:14,ICBP,RG,9725,10,F,KZ,PD,D
10:05:32,ICBP,RG,9750,8,F,KZ,CC,D
10:05:32,ICBP,RG,9750,2,F,KZ,PD,D
10:05:32,ICBP,RG,9750,1,F,KZ,PD,D
10:05:29,ICBP,RG,9725,4,F,KZ,SQ,D
10:04:24,ICBP,RG,9725,1,F,KZ,ZP,F
10:04:24,ICBP,RG,9725,3,F,KZ,AK,F
10:04:24,ICBP,RG,9725,2,F,KZ,YP,D
10:04:24,ICBP,RG,9725,11,F,CS,YP,D
10:04:24,ICBP,RG,9725,8,F,CS,YP,D
10:04:24,ICBP,RG,9725,8,D,SQ,YP,D
10:04:24,ICBP,RG,9725,2,D,SQ,YP,D
10:04:24,ICBP,RG,9725,30,F,KZ,YP,D
10:04:24,ICBP,RG,9725,84,F,KZ,YP,D
10:04:23,ICBP,RG,9725,3,F,KZ,CC,D
10:04:23,ICBP,RG,9725,25,F,KZ,ZP,D
10:04:21,ICBP,RG,9725,1,F,KZ,YP,D
10:04:06,ICBP,RG,9725,28,F,KZ,YP,D
10:04:06,ICBP,RG,9725,29,F,CS,YP,D
10:04:06,ICBP,RG,9725,77,F,KZ,YP,D
10:03:58,ICBP,RG,9750,1,F,KZ,PD,D
10:03:58,ICBP,RG,9750,3,F,KZ,OD,D
10:03:58,ICBP,RG,9750,1,F,KZ,OD,D
10:03:58,ICBP,RG,9750,9,F,KZ,CC,D
10:03:56,ICBP,RG,9725,6,F,KZ,AK,F
10:03:56,ICBP,RG,9725,1,F,KZ,ZP,F
10:03:56,ICBP,RG,9725,24,F,KZ,AK,F
10:03:56,ICBP,RG,9725,1,F,KZ,ZP,F
10:03:56,ICBP,RG,9725,2,F,KZ,AK,F
10:03:56,ICBP,RG,9725,1,F,KZ,AK,F
10:03:56,ICBP,RG,9725,26,F,CS,AK,F
10:03:55,ICBP,RG,9725,1,F,KZ,YP,D
10:03:55,ICBP,RG,9725,4,D,DR,YP,D
10:03:55,ICBP,RG,9725,1,F,KZ,YP,D
10:03:55,ICBP,RG,9725,5,D,YP,YP,D
10:03:55,ICBP,RG,9725,1,F,KZ,YP,D
10:03:55,ICBP,RG,9725,7,F,KZ,YP,D
10:03:55,ICBP,RG,9725,7,F,KZ,YP,D
10:03:55,ICBP,RG,9725,3,F,CS,YP,D
10:03:55,ICBP,RG,9725,21,F,CS,YP,D
10:03:55,ICBP,RG,9725,2,F,CS,YP,D
10:03:55,ICBP,RG,9725,2,F,CS,YP,D
10:03:55,ICBP,RG,9725,7,F,KZ,YP,D
10:03:55,ICBP,RG,9725,2,F,KZ,YP,D
10:03:55,ICBP,RG,9725,1,F,KZ,YP,D
10:03:55,ICBP,RG,9725,7,D,SQ,YP,D
10:03:55,ICBP,RG,9725,19,F,KZ,YP,D
10:03:55,ICBP,RG,9725,7,F,CS,YP,D
10:03:55,ICBP,RG,9725,8,F,CS,YP,D
10:03:55,ICBP,RG,9725,7,F,CS,YP,D
10:03:55,ICBP,RG,9725,112,F,KZ,YP,D
10:03:55,ICBP,RG,9725,4,D,YP,YP,D
10:03:29,ICBP,RG,9750,1,D,OD,NI,D
10:03:14,ICBP,RG,9725,1,D,YP,SQ,D
10:03:14,ICBP,RG,9725,2,F,CS,SQ,D
10:02:58,ICBP,RG,9725,3,F,CS,PD,D
10:02:58,ICBP,RG,9725,4,F,CS,PD,D
10:02:22,ICBP,RG,9725,6,F,CS,XC,D
10:02:22,ICBP,RG,9725,2,F,KZ,XC,D
10:02:02,ICBP,RG,9725,1,F,KZ,ZP,F
10:01:16,ICBP,RG,9725,2,F,KZ,KZ,D
10:00:25,ICBP,RG,9725,4,F,KZ,AK,F
10:00:24,ICBP,RG,9750,1,F,KZ,NI,D
10:00:24,ICBP,RG,9750,3,D,PD,NI,D
09:59:13,ICBP,RG,9750,3,F,KZ,YB,D
09:59:12,ICBP,RG,9750,18,F,ZP,YB,D
09:59:10,ICBP,RG,9725,1,F,KZ,AK,F
09:59:10,ICBP,RG,9750,1,F,KZ,YB,D
09:59:10,ICBP,RG,9750,1,D,PD,YB,D
09:59:08,ICBP,RG,9750,1,F,ZP,YB,D
09:58:59,ICBP,RG,9750,2,F,ZP,YB,D
09:58:53,ICBP,RG,9750,4,F,ZP,YB,D
09:58:45,ICBP,RG,9725,1,F,KZ,AK,F
09:58:45,ICBP,RG,9750,4,F,ZP,YB,D
09:58:35,ICBP,RG,9725,1,F,KZ,PD,D
09:58:28,ICBP,RG,9750,1,F,KZ,YB,D
09:58:28,ICBP,RG,9750,2,F,ZP,YB,D
09:58:23,ICBP,RG,9750,1,F,KZ,YB,D
09:58:23,ICBP,RG,9750,3,F,ZP,YB,D
09:58:12,ICBP,RG,9750,2,F,ZP,YB,D
09:58:01,ICBP,RG,9750,1,F,KZ,YB,D
09:58:01,ICBP,RG,9750,6,F,ZP,YB,D
09:58:01,ICBP,RG,9750,1,F,ZP,YP,D
09:57:38,ICBP,RG,9725,1,F,KZ,AK,F
09:57:38,ICBP,RG,9725,5,F,KZ,CC,D
09:57:37,ICBP,RG,9750,2,F,KZ,YP,D
09:57:37,ICBP,RG,9750,1,F,ZP,YP,D
09:57:37,ICBP,RG,9750,5,F,ZP,KK,D
09:57:37,ICBP,RG,9750,2,F,ZP,SQ,D
09:57:37,ICBP,RG,9750,5,F,ZP,KK,D
09:57:37,ICBP,RG,9750,2,F,ZP,KK,D
09:57:37,ICBP,RG,9750,4,F,ZP,EP,D
09:57:37,ICBP,RG,9750,20,F,ZP,ZP,D
09:57:37,ICBP,RG,9750,1,F,ZP,YP,D
09:56:32,ICBP,RG,9725,3,F,KZ,NI,D
09:56:32,ICBP,RG,9725,2,F,ZP,NI,D
09:56:17,ICBP,RG,9750,1,F,KZ,YP,D
09:56:17,ICBP,RG,9750,4,D,CC,YP,D
09:54:44,ICBP,RG,9750,5,F,KZ,YP,D
09:54:44,ICBP,RG,9725,1,F,ZP,AK,F
09:54:44,ICBP,RG,9750,23,F,ZP,YP,D
09:54:16,ICBP,RG,9725,2,F,ZP,KZ,D
09:53:13,ICBP,RG,9725,1,F,ZP,DH,D
09:52:47,ICBP,RG,9750,1,D,EP,YP,D
09:51:17,ICBP,RG,9725,1,F,ZP,PD,D
09:51:13,ICBP,RG,9725,2,F,ZP,NI,D
09:50:57,ICBP,RG,9725,1,F,ZP,AK,F
09:50:57,ICBP,RG,9750,10,F,KZ,YP,D
09:50:55,ICBP,RG,9750,1,F,KZ,YP,D
09:50:55,ICBP,RG,9725,2,F,ZP,TP,F
09:50:55,ICBP,RG,9725,36,F,KZ,TP,F
09:50:55,ICBP,RG,9750,1,D,PD,YP,D
09:50:28,ICBP,RG,9725,3,F,KZ,NI,D
09:50:01,ICBP,RG,9750,5,F,KZ,YP,D
09:50:01,ICBP,RG,9750,20,D,PD,YP,D
09:49:51,ICBP,RG,9725,1,F,KZ,AK,F
09:49:51,ICBP,RG,9750,4,F,KZ,YP,D
09:49:51,ICBP,RG,9750,2,F,KZ,YP,D
09:49:51,ICBP,RG,9750,1,F,ZP,YP,D
09:49:51,ICBP,RG,9750,1,F,ZP,KK,D
09:49:51,ICBP,RG,9750,25,F,ZP,YP,D
09:48:57,ICBP,RG,9725,6,F,KZ,AK,F
09:48:57,ICBP,RG,9750,7,F,KZ,YP,D
09:48:54,ICBP,RG,9750,9,F,KZ,YP,D
09:48:52,ICBP,RG,9725,66,F,KZ,XC,D
09:48:52,ICBP,RG,9725,1,F,KZ,XC,D
09:47:12,ICBP,RG,9725,6,F,KZ,YP,D
09:47:12,ICBP,RG,9725,25,F,CS,YP,D
09:47:12,ICBP,RG,9725,2,F,CS,YP,D
09:47:12,ICBP,RG,9725,1,F,KZ,YP,D
09:47:12,ICBP,RG,9725,5,D,PD,YP,D
09:47:12,ICBP,RG,9725,1,F,KZ,YP,D
09:47:12,ICBP,RG,9725,1,D,PD,YP,D
09:47:12,ICBP,RG,9725,2,D,SQ,YP,D
09:47:12,ICBP,RG,9725,34,F,KZ,YP,D
09:47:12,ICBP,RG,9725,1,F,ZP,YP,D
09:47:12,ICBP,RG,9725,23,F,CS,YP,D
09:47:12,ICBP,RG,9725,6,F,CS,YP,D
09:47:12,ICBP,RG,9725,112,F,KZ,YP,D
09:47:06,ICBP,RG,9725,1,F,KZ,KZ,D
09:47:06,ICBP,RG,9725,1,D,PD,KZ,D
09:46:23,ICBP,RG,9750,6,F,KZ,YP,D
09:46:23,ICBP,RG,9750,26,F,ZP,YP,D
09:46:19,ICBP,RG,9725,1,D,PD,YP,D
09:44:59,ICBP,RG,9725,3,D,PD,YP,D
09:44:59,ICBP,RG,9725,1,D,YP,YP,D
09:44:59,ICBP,RG,9725,1,F,KZ,YP,D
09:44:59,ICBP,RG,9725,1,F,ZP,YP,D
09:44:59,ICBP,RG,9725,4,F,CS,YP,D
09:44:31,ICBP,RG,9725,3,F,CS,GR,D
09:44:31,ICBP,RG,9725,2,F,KZ,GR,D
09:43:50,ICBP,RG,9750,1,F,KZ,YP,D
09:43:48,ICBP,RG,9725,1,D,CC,CC,D
09:43:48,ICBP,RG,9725,1,D,DR,CC,D
09:43:12,ICBP,RG,9725,1,D,DR,AK,F
09:43:11,ICBP,RG,9725,1,D,DR,PD,D
09:43:11,ICBP,RG,9750,10,F,KZ,YP,D
09:43:11,ICBP,RG,9750,43,F,ZP,YP,D
09:42:35,ICBP,RG,9725,1,D,DR,XC,D
09:41:53,ICBP,RG,9725,3,D,SQ,PD,D
09:40:10,ICBP,RG,9725,12,F,KZ,KK,D
09:40:01,ICBP,RG,9725,2,F,KZ,AK,F
09:40:01,ICBP,RG,9725,1,F,KZ,AK,F
09:40:01,ICBP,RG,9725,36,F,KZ,TP,F
09:40:01,ICBP,RG,9725,1,F,KZ,ZP,F
09:40:01,ICBP,RG,9725,32,F,KZ,TP,F
09:40:01,ICBP,RG,9725,2,F,KZ,KZ,D
09:40:01,ICBP,RG,9725,1,F,KZ,YP,D
09:40:01,ICBP,RG,9725,2,F,KZ,CP,D
09:40:01,ICBP,RG,9725,1,F,KZ,AK,F
09:40:01,ICBP,RG,9725,15,F,KZ,XC,D
09:40:01,ICBP,RG,9725,1,F,KZ,PD,D
09:40:01,ICBP,RG,9725,4,F,KZ,ZP,D
09:40:01,ICBP,RG,9725,47,F,KZ,TP,F
09:40:01,ICBP,RG,9725,1,F,KZ,AK,F
09:40:01,ICBP,RG,9725,33,F,KZ,TP,F
09:40:01,ICBP,RG,9725,5,F,KZ,CC,D
09:40:01,ICBP,RG,9725,3,F,KZ,PD,D
09:40:01,ICBP,RG,9725,1,F,KZ,KK,D
09:40:01,ICBP,RG,9725,3,F,KZ,PD,D
09:40:01,ICBP,RG,9725,1,F,KZ,ZP,F
09:39:56,ICBP,RG,9725,3,F,ZP,YP,D
09:39:56,ICBP,RG,9725,5,F,ZP,NI,D
09:39:56,ICBP,RG,9725,1,F,ZP,AK,F
09:39:56,ICBP,RG,9725,1,F,ZP,AK,F
09:39:56,ICBP,RG,9725,33,F,ZP,NI,D
09:38:07,ICBP,RG,9700,2,D,KZ,YU,D
09:38:07,ICBP,RG,9700,1,F,ZP,YU,D
09:36:15,ICBP,RG,9725,8,D,SQ,NI,D
09:34:51,ICBP,RG,9725,16,F,ZP,NI,D
09:34:51,ICBP,RG,9725,1,F,ZP,CC,D
09:34:51,ICBP,RG,9725,19,F,ZP,TP,F
09:32:56,ICBP,RG,9700,2,F,ZP,KZ,D
09:32:40,ICBP,RG,9700,5,D,YP,XC,D
09:32:40,ICBP,RG,9700,1,D,KZ,XC,D
09:32:15,ICBP,RG,9700,1,D,CC,CP,D
09:32:15,ICBP,RG,9700,1,D,XL,CP,D
09:32:15,ICBP,RG,9700,8,D,KZ,CP,D
09:31:44,ICBP,RG,9700,1,D,KZ,AT,D
09:31:16,ICBP,RG,9700,1,D,KZ,YP,D
09:31:13,ICBP,RG,9725,2,D,LG,TP,F
09:31:06,ICBP,RG,9725,1,D,DR,XC,D
09:31:06,ICBP,RG,9725,1,D,DR,AK,F
09:30:01,ICBP,RG,9700,1,D,KZ,XL,D
09:29:45,ICBP,RG,9725,2,D,XL,AK,F
09:29:28,ICBP,RG,9700,1,D,SQ,PD,D
09:29:28,ICBP,RG,9700,4,F,CS,PD,D
09:28:51,ICBP,RG,9700,6,F,CS,CC,D
09:28:51,ICBP,RG,9700,5,D,AI,CC,D
09:27:27,ICBP,RG,9700,1,D,AI,NI,D
09:27:26,ICBP,RG,9700,3,D,AI,YP,D
09:25:59,ICBP,RG,9700,1,D,AI,DH,D
09:25:27,ICBP,RG,9700,107,D,KZ,YP,D
09:25:27,ICBP,RG,9700,4,F,ZP,YP,D
09:25:27,ICBP,RG,9700,13,F,CS,YP,D
09:25:27,ICBP,RG,9700,44,D,KZ,YP,D
09:25:27,ICBP,RG,9700,6,F,CS,YP,D
09:25:27,ICBP,RG,9700,12,F,CS,YP,D
09:25:27,ICBP,RG,9700,285,D,KZ,YP,D
09:25:27,ICBP,RG,9700,125,F,KZ,YP,D
09:25:11,ICBP,RG,9700,3,F,KZ,PD,D
09:25:00,ICBP,RG,9700,1,F,KZ,XC,D
09:25:00,ICBP,RG,9700,6,F,KZ,AK,F
09:25:00,ICBP,RG,9700,12,F,KZ,AK,F
09:25:00,ICBP,RG,9700,117,F,KZ,BK,F
09:24:40,ICBP,RG,9700,9,F,CS,YP,D
09:24:40,ICBP,RG,9700,1,D,CC,YP,D
09:24:40,ICBP,RG,9700,1,D,YP,YP,D
09:24:40,ICBP,RG,9700,1,D,YP,YP,D
09:24:40,ICBP,RG,9700,8,D,SQ,YP,D
09:24:40,ICBP,RG,9700,1,D,CC,YP,D
09:24:40,ICBP,RG,9700,1,D,YP,YP,D
09:24:40,ICBP,RG,9700,2,D,XL,YP,D
09:24:40,ICBP,RG,9700,7,D,XL,YP,D
09:24:40,ICBP,RG,9700,132,D,KZ,YP,D
09:24:40,ICBP,RG,9700,330,F,KZ,YP,D
09:24:40,ICBP,RG,9700,4,D,SQ,YP,D
09:24:40,ICBP,RG,9700,3,D,NI,YP,D
09:24:40,ICBP,RG,9700,2,D,EP,YP,D
09:24:40,ICBP,RG,9700,10,D,YP,YP,D
09:24:40,ICBP,RG,9700,49,F,ZP,YP,D
09:24:40,ICBP,RG,9700,6,D,KZ,YP,D
09:24:40,ICBP,RG,9700,1,D,KK,YP,D
09:24:40,ICBP,RG,9700,4,D,KZ,YP,D
09:24:40,ICBP,RG,9700,42,D,KZ,YP,D
09:24:40,ICBP,RG,9700,18,D,CP,YP,D
09:24:40,ICBP,RG,9700,2,D,YP,YP,D
09:24:40,ICBP,RG,9700,34,F,CS,YP,D
09:24:40,ICBP,RG,9700,16,D,KZ,YP,D
09:24:01,ICBP,RG,9725,3,F,CS,AK,F
09:24:01,ICBP,RG,9725,4,F,CS,YP,D
09:24:01,ICBP,RG,9725,1,D,SQ,YP,D
09:24:01,ICBP,RG,9725,11,F,ZP,YP,D
09:24:01,ICBP,RG,9725,7,F,CS,YP,D
09:24:01,ICBP,RG,9725,3,F,CS,YP,D
09:24:01,ICBP,RG,9725,96,F,KZ,YP,D
09:23:58,ICBP,RG,9725,4,F,KZ,XC,D
09:23:51,ICBP,RG,9725,1,F,KZ,PD,D
09:23:51,ICBP,RG,9725,1,F,KZ,YP,D
09:23:51,ICBP,RG,9725,50,F,KZ,DR,D
09:23:51,ICBP,RG,9725,1,F,KZ,AK,F
09:23:51,ICBP,RG,9725,19,F,KZ,TP,F
09:23:51,ICBP,RG,9725,2,F,KZ,KZ,D
09:23:51,ICBP,RG,9725,5,F,KZ,AK,F
09:23:51,ICBP,RG,9725,1,F,KZ,AK,F
09:23:51,ICBP,RG,9725,31,F,KZ,AK,F
09:23:14,ICBP,RG,9700,1,D,KZ,XC,D
09:23:01,ICBP,RG,9700,4,D,KZ,NI,D
09:22:46,ICBP,RG,9700,1,D,KZ,YP,D
09:22:42,ICBP,RG,9725,1,D,YP,YP,D
09:21:49,ICBP,RG,9725,1,D,YP,BK,F
09:21:49,ICBP,RG,9725,4,D,DR,BK,F
09:21:49,ICBP,RG,9725,20,F,CS,BK,F
09:21:49,ICBP,RG,9725,17,F,ZP,BK,F
09:21:49,ICBP,RG,9725,15,F,CS,BK,F
09:21:49,ICBP,RG,9725,130,F,KZ,BK,F
09:21:48,ICBP,RG,9725,20,F,KZ,PD,D
09:21:36,ICBP,RG,9725,1,F,KZ,DH,D
09:21:36,ICBP,RG,9725,1,F,KZ,EP,D
09:21:16,ICBP,RG,9725,2,F,KZ,NI,D
09:20:59,ICBP,RG,9750,34,F,ZP,YP,D
09:20:44,ICBP,RG,9725,2,F,KZ,EP,D
09:20:16,ICBP,RG,9725,1,F,KZ,AK,F
09:20:16,ICBP,RG,9725,1,F,KZ,AK,F
09:20:16,ICBP,RG,9725,2,F,KZ,NI,D
09:20:16,ICBP,RG,9725,3,F,KZ,XC,D
09:20:16,ICBP,RG,9725,19,F,KZ,AK,F
09:20:15,ICBP,RG,9725,73,F,KZ,BK,F
09:20:15,ICBP,RG,9725,497,F,KZ,YP,D
09:20:15,ICBP,RG,9725,79,F,KZ,TP,F
09:20:15,ICBP,RG,9725,100,F,KZ,PD,D
09:20:15,ICBP,RG,9725,1,F,KZ,AK,F
09:20:15,ICBP,RG,9725,1,F,KZ,ZP,F
09:20:15,ICBP,RG,9725,7,F,KZ,AK,F
09:20:15,ICBP,RG,9725,42,F,KZ,YP,D
09:19:41,ICBP,RG,9725,1,D,BQ,YP,D
09:19:36,ICBP,RG,9700,34,D,KZ,YP,D
09:19:36,ICBP,RG,9700,6,F,CS,YP,D
09:18:47,ICBP,RG,9725,1,F,ZP,YP,D
09:18:47,ICBP,RG,9725,2,F,CS,YP,D
09:18:47,ICBP,RG,9725,1,F,KZ,YP,D
09:18:47,ICBP,RG,9725,1,D,DR,YP,D
09:18:47,ICBP,RG,9725,13,F,KZ,YP,D
09:18:44,ICBP,RG,9725,3,F,KZ,EP,D
09:18:44,ICBP,RG,9725,1,F,ZP,EP,D
09:18:44,ICBP,RG,9725,3,F,KZ,EP,D
09:18:44,ICBP,RG,9725,3,F,CS,EP,D
09:18:36,ICBP,RG,9725,1,F,CS,XC,D
09:18:04,ICBP,RG,9725,1,D,SQ,PD,D
09:17:44,ICBP,RG,9725,1,D,SQ,PD,D
09:16:28,ICBP,RG,9725,1,D,SQ,XC,D
09:16:15,ICBP,RG,9725,1,D,SQ,DR,D
09:16:11,ICBP,RG,9750,1,D,CC,YP,D
09:16:04,ICBP,RG,9750,30,F,ZP,YP,D
09:15:40,ICBP,RG,9750,108,F,KZ,YP,D
09:15:40,ICBP,RG,9725,2,F,KZ,KZ,D
09:15:40,ICBP,RG,9725,320,F,KZ,BK,F
09:15:40,ICBP,RG,9725,1,F,KZ,AK,F
09:15:40,ICBP,RG,9725,38,F,KZ,TP,F
09:15:40,ICBP,RG,9725,1,F,KZ,AK,F
09:15:40,ICBP,RG,9725,1,F,KZ,ZP,F
09:15:40,ICBP,RG,9725,1,F,KZ,AZ,D
09:15:40,ICBP,RG,9725,39,F,KZ,TP,F
09:15:40,ICBP,RG,9725,678,F,KZ,PD,D
09:15:40,ICBP,RG,9725,1,F,KZ,PD,D
09:15:40,ICBP,RG,9725,10,F,KZ,YP,D
09:15:02,ICBP,RG,9700,1,F,CS,XC,D
09:14:36,ICBP,RG,9700,1,F,CS,XC,D
09:13:55,ICBP,RG,9700,1,F,CS,CC,D
09:13:52,ICBP,RG,9700,2,F,CS,PD,D
09:13:52,ICBP,RG,9700,1,F,KZ,PD,D
09:13:52,ICBP,RG,9700,2,D,KZ,PD,D
09:13:52,ICBP,RG,9700,1,D,XC,PD,D
09:13:46,ICBP,RG,9700,1,D,XC,XC,D
09:13:33,ICBP,RG,9700,1,F,KZ,PD,D
09:13:09,ICBP,RG,9700,1,D,KZ,XC,D
09:12:56,ICBP,RG,9725,1,F,KZ,AK,F
09:12:56,ICBP,RG,9725,42,F,KZ,TP,F
09:12:56,ICBP,RG,9725,3,F,KZ,GR,D
09:12:56,ICBP,RG,9725,1,F,KZ,PD,D
09:12:56,ICBP,RG,9725,1,F,KZ,AK,F
09:12:56,ICBP,RG,9725,17,F,KZ,AK,F
09:12:56,ICBP,RG,9725,535,F,KZ,BK,F
09:12:37,ICBP,RG,9700,7,D,KZ,AK,F
09:12:37,ICBP,RG,9700,1,F,KZ,AK,F
09:12:37,ICBP,RG,9700,1,D,DR,AK,F
09:12:37,ICBP,RG,9700,7,F,KZ,AK,F
09:12:37,ICBP,RG,9725,211,F,DP,BK,F
09:12:37,ICBP,RG,9725,5,F,DP,NI,D
09:12:37,ICBP,RG,9725,52,F,DP,TP,F
09:12:37,ICBP,RG,9725,1,F,DP,AK,F
09:12:37,ICBP,RG,9725,1,F,DP,YP,D
09:12:37,ICBP,RG,9725,4,F,DP,SQ,D
09:12:37,ICBP,RG,9725,306,F,DP,TP,F
09:12:37,ICBP,RG,9725,1,F,DP,AK,F
09:12:37,ICBP,RG,9725,7,F,DP,AK,F
09:12:37,ICBP,RG,9725,5,F,DP,AK,F
09:12:37,ICBP,RG,9725,42,F,DP,YP,D
09:12:37,ICBP,RG,9700,1,F,KZ,YP,D
09:12:36,ICBP,RG,9700,7,F,KZ,PD,D
09:12:36,ICBP,RG,9700,8,D,KZ,PD,D
09:12:36,ICBP,RG,9700,16,F,KZ,PD,D
09:12:36,ICBP,RG,9700,69,D,KZ,PD,D
09:11:59,ICBP,RG,9700,49,D,KZ,CC,D
09:11:59,ICBP,RG,9700,56,F,KZ,CC,D
09:11:59,ICBP,RG,9700,45,F,ZP,CC,D
09:11:52,ICBP,RG,9700,1,F,ZP,KK,D
09:11:51,ICBP,RG,9700,8,F,ZP,CC,D
09:11:51,ICBP,RG,9700,42,F,CS,CC,D
09:11:26,ICBP,RG,9700,2,F,CS,KZ,D
09:11:07,ICBP,RG,9700,1,F,CS,EP,D
09:10:46,ICBP,RG,9700,1,F,CS,YP,D
09:10:46,ICBP,RG,9700,1,D,PD,YP,D
09:10:46,ICBP,RG,9700,2,F,KZ,YP,D
09:10:46,ICBP,RG,9700,3,F,KZ,YP,D
09:10:46,ICBP,RG,9700,2,F,KZ,YP,D
09:10:46,ICBP,RG,9700,24,F,KZ,YP,D
09:10:46,ICBP,RG,9700,2,F,KZ,YP,D
09:10:26,ICBP,RG,9700,1,F,KZ,NI,D
09:10:26,ICBP,RG,9700,2,D,CC,NI,D
09:10:25,ICBP,RG,9700,5,F,CS,YP,D
09:09:33,ICBP,RG,9700,53,F,CS,KK,D
09:09:33,ICBP,RG,9700,15,F,CS,KK,D
09:09:33,ICBP,RG,9700,10,D,YP,KK,D
09:09:33,ICBP,RG,9700,4,D,KZ,KK,D
09:09:33,ICBP,RG,9700,2,F,KZ,KK,D
09:09:33,ICBP,RG,9700,6,F,KZ,KK,D
09:09:33,ICBP,RG,9700,8,D,KZ,KK,D
09:09:33,ICBP,RG,9700,11,D,XC,KK,D
09:09:33,ICBP,RG,9700,4,D,SQ,KK,D
09:09:33,ICBP,RG,9700,1,D,KZ,KK,D
09:09:33,ICBP,RG,9700,36,D,KZ,KK,D
09:09:22,ICBP,RG,9700,5,D,KZ,GR,D
09:08:58,ICBP,RG,9700,5,D,KZ,YP,D
09:08:58,ICBP,RG,9700,13,D,KZ,AZ,D
09:08:20,ICBP,RG,9700,1,D,KZ,XL,D
09:07:54,ICBP,RG,9700,23,D,KZ,YP,D
09:07:54,ICBP,RG,9700,59,F,KZ,YP,D
09:07:54,ICBP,RG,9700,11,D,KZ,YP,D
09:07:30,ICBP,RG,9725,13,F,ZP,YP,D
09:07:29,ICBP,RG,9725,13,F,ZP,YP,D
09:07:29,ICBP,RG,9725,13,F,ZP,YP,D
09:07:29,ICBP,RG,9725,13,F,ZP,YP,D
09:07:29,ICBP,RG,9725,14,F,ZP,YP,D
09:07:29,ICBP,RG,9725,13,F,ZP,YP,D
09:07:29,ICBP,RG,9725,2,F,ZP,YP,D
09:07:27,ICBP,RG,9725,13,F,ZP,YP,D
09:07:26,ICBP,RG,9700,11,D,KZ,GR,D
09:07:26,ICBP,RG,9700,31,F,CS,GR,D
09:07:26,ICBP,RG,9700,17,F,ZP,GR,D
09:07:26,ICBP,RG,9700,3,D,AI,GR,D
09:07:26,ICBP,RG,9700,1,D,KZ,GR,D
09:07:26,ICBP,RG,9700,1,D,KZ,GR,D
09:07:26,ICBP,RG,9700,96,D,KZ,GR,D
09:07:26,ICBP,RG,9700,140,D,KZ,GR,D
09:07:01,ICBP,RG,9700,1,D,KZ,NI,D
09:06:53,ICBP,RG,9700,1,D,KZ,EP,D
09:06:40,ICBP,RG,9725,13,F,ZP,YP,D
09:06:35,ICBP,RG,9725,13,F,ZP,YP,D
09:06:35,ICBP,RG,9725,12,F,ZP,YP,D
09:06:33,ICBP,RG,9725,13,F,ZP,YP,D
09:06:32,ICBP,RG,9700,77,D,KZ,YP,D
09:06:32,ICBP,RG,9700,2,D,CC,YP,D
09:06:32,ICBP,RG,9700,2,D,YP,YP,D
09:06:32,ICBP,RG,9700,1,D,PD,YP,D
09:06:32,ICBP,RG,9700,30,D,CC,YP,D
09:06:32,ICBP,RG,9700,5,D,SQ,YP,D
09:06:32,ICBP,RG,9700,3,D,KK,YP,D
09:06:31,ICBP,RG,9700,3,D,KK,CP,D
09:06:31,ICBP,RG,9700,2,D,KK,CP,D
09:06:05,ICBP,RG,9725,1,D,PD,YP,D
09:06:00,ICBP,RG,9725,13,F,ZP,YP,D
09:06:00,ICBP,RG,9700,2,D,KK,KK,D
09:05:56,ICBP,RG,9700,1,D,YB,XL,D
09:02:42,ICBP,RG,9725,12,F,ZP,BK,F
09:02:42,ICBP,RG,9725,30,F,CS,BK,F
09:02:32,ICBP,RG,9725,1,F,ZP,OD,D
09:02:25,ICBP,RG,9725,1,F,ZP,NI,D
09:01:55,ICBP,RG,9725,1,F,KZ,NI,D
09:01:55,ICBP,RG,9725,2,F,KZ,NI,D
09:01:55,ICBP,RG,9725,1,F,KZ,NI,D
09:01:55,ICBP,RG,9725,1,F,KZ,NI,D
09:01:55,ICBP,RG,9725,1,F,KZ,NI,D
09:00:59,ICBP,RG,9725,2,F,CS,PD,D
09:00:59,ICBP,RG,9725,1,F,KZ,PD,D
09:00:59,ICBP,RG,9725,1,F,KZ,PD,D
09:00:59,ICBP,RG,9725,4,F,KZ,PD,D
09:00:59,ICBP,RG,9725,2,D,GR,PD,D
09:00:31,ICBP,RG,9750,14,F,ZP,TP,F
09:00:31,ICBP,RG,9750,1,D,CC,TP,F
09:00:31,ICBP,RG,9750,1,D,CC,ZP,F
09:00:31,ICBP,RG,9750,6,D,CC,AK,F
09:00:31,ICBP,RG,9750,2,D,CC,KK,D
09:00:31,ICBP,RG,9750,1,D,CC,KK,D
09:00:31,ICBP,RG,9750,2,D,CC,KZ,D
09:00:31,ICBP,RG,9750,1,D,CC,YU,F
09:00:31,ICBP,RG,9750,5,D,CC,KK,D
09:00:31,ICBP,RG,9750,6,D,CC,KK,D
09:00:08,ICBP,RG,9750,4,D,PD,KK,D
09:00:08,ICBP,RG,9750,20,D,PD,CC,D
08:59:00,ICBP,RG,9750,10,D,CC,CC,D
08:59:00,ICBP,RG,9750,70,D,CC,CC,D
08:59:00,ICBP,RG,9750,7,D,CC,XL,D
08:59:00,ICBP,RG,9750,6,D,CC,YP,D
08:59:00,ICBP,RG,9750,2,D,CC,PD,D
08:59:00,ICBP,RG,9750,1,D,CC,PD,D
08:59:00,ICBP,RG,9750,6,D,CC,PD,D
08:59:00,ICBP,RG,9750,4,D,CC,PD,D
08:59:00,ICBP,RG,9750,4,D,CC,YP,D
08:59:00,ICBP,RG,9750,5,D,YP,YP,D
08:59:00,ICBP,RG,9750,3,D,PD,YP,D
08:59:00,ICBP,RG,9750,8,D,PD,YP,D
08:59:00,ICBP,RG,9750,30,D,PD,YP,D
08:59:00,ICBP,RG,9750,1,D,PD,YP,D
08:59:00,ICBP,RG,9750,26,D,PD,YP,D
08:59:00,ICBP,RG,9750,2,D,SQ,YP,D
08:59:00,ICBP,RG,9750,18,D,XC,YP,D
08:59:00,ICBP,RG,9750,1,D,YP,YP,D
08:59:00,ICBP,RG,9750,2,F,CS,YP,D
08:59:00,ICBP,RG,9750,9,F,CS,EP,D
08:59:00,ICBP,RG,9750,3,F,CS,XC,D
08:59:00,ICBP,RG,9750,6,F,CS,YJ,D
08:59:00,ICBP,RG,9750,1,F,KZ,YJ,D
08:59:00,ICBP,RG,9750,5,F,KZ,YJ,D
08:59:00,ICBP,RG,9750,1,F,KZ,YJ,D
08:59:00,ICBP,RG,9750,2,F,KZ,YJ,D
08:59:00,ICBP,RG,9750,13,F,KZ,YJ,D
08:59:00,ICBP,RG,9750,1,F,KZ,YJ,D
08:59:00,ICBP,RG,9750,1,F,KZ,YJ,D
08:59:00,ICBP,RG,9750,1,F,KZ,YP,D
08:59:00,ICBP,RG,9750,9,F,ZP,YP,D
08:59:00,ICBP,RG,9750,2,F,KZ,YP,D
08:59:00,ICBP,RG,9750,5,F,KZ,YP,D
08:59:00,ICBP,RG,9750,5,F,KZ,YP,D
08:59:00,ICBP,RG,9750,30,F,KZ,YP,D
08:59:00,ICBP,RG,9750,39,F,CS,YP,D
08:59:00,ICBP,RG,9750,4,F,ZP,YP,D
08:59:00,ICBP,RG,9750,32,F,ZP,YP,D
08:59:00,ICBP,RG,9750,59,F,ZP,YP,D
08:59:00,ICBP,RG,9750,1,F,ZP,YU,F
08:59:00,ICBP,RG,9750,1,F,ZP,KZ,D
08:59:00,ICBP,RG,9750,13,F,ZP,TP,F
08:59:00,ICBP,RG,9750,1,F,ZP,AK,F
08:59:00,ICBP,RG,9750,1,F,ZP,ZP,F
