Time,Stock,Brd,Price,Qty,BT,BC,SC,ST
15:14:17,ICBP,RG,8900,5,D,OD,YU,F
15:14:02,ICBP,RG,8900,9,D,XL,YU,F
15:13:48,ICBP,RG,8900,4,D,XC,YU,F
15:13:12,ICBP,RG,8900,2,D,PD,YU,F
15:11:18,ICBP,RG,8900,1,D,PD,YU,F
15:11:15,ICBP,RG,8900,45,D,NI,YU,F
15:10:21,ICBP,RG,8900,10,D,NI,YU,F
15:10:21,ICBP,RG,8900,1,D,EP,YU,F
15:10:21,ICBP,RG,8900,879,F,CS,YU,F
15:09:29,ICBP,RG,8900,2,F,CS,ZP,F
15:09:24,ICBP,RG,8900,7,F,CS,ZP,F
15:09:09,ICBP,RG,8900,36,F,CS,ZP,F
15:09:09,ICBP,RG,8900,1,F,CS,DR,D
15:09:09,ICBP,RG,8900,2,F,CS,AK,F
15:09:09,ICBP,RG,8900,179,F,CS,ZP,F
15:09:09,ICBP,RG,8900,191,F,CS,AK,F
15:09:09,ICBP,RG,8900,56,F,CS,ZP,F
15:09:09,ICBP,RG,8900,647,F,CS,YU,F
15:08:10,ICBP,RG,8900,1,D,PD,YU,F
15:07:53,ICBP,RG,8900,18,D,YP,YU,F
15:07:53,ICBP,RG,8900,10,D,SQ,YU,F
15:07:53,ICBP,RG,8900,10,D,KK,YU,F
15:07:53,ICBP,RG,8900,1,D,PD,YU,F
15:07:53,ICBP,RG,8900,53,D,GR,YU,F
15:07:53,ICBP,RG,8900,10,D,PD,YU,F
15:07:53,ICBP,RG,8900,100,D,YP,YU,F
15:07:53,ICBP,RG,8900,1,D,XC,YU,F
15:07:53,ICBP,RG,8900,10,D,PD,YU,F
15:07:53,ICBP,RG,8900,1,D,YP,YU,F
15:07:53,ICBP,RG,8900,66,F,CS,YU,F
15:06:02,ICBP,RG,8900,1,F,CS,ZP,F
15:05:48,ICBP,RG,8900,1,F,CS,ZP,F
15:05:47,ICBP,RG,8900,2,F,CS,AK,F
15:05:47,ICBP,RG,8900,2,F,CS,AK,F
15:05:47,ICBP,RG,8900,5,F,CS,ZP,F
15:05:47,ICBP,RG,8900,7,F,CS,AK,F
15:05:47,ICBP,RG,8900,7,F,CS,AK,F
15:05:46,ICBP,RG,8900,11,F,CS,ZP,F
15:05:46,ICBP,RG,8900,52,F,CS,XC,D
15:05:29,ICBP,RG,8900,1,F,CS,ZP,F
15:05:29,ICBP,RG,8900,1,F,CS,AK,F
15:05:29,ICBP,RG,8900,1,F,CS,AK,F
15:05:29,ICBP,RG,8900,2,F,CS,ZP,F
15:05:29,ICBP,RG,8900,10,F,CS,GR,D
15:04:55,ICBP,RG,8900,1,F,CS,AK,F
15:04:55,ICBP,RG,8900,1,F,CS,AK,F
15:04:54,ICBP,RG,8900,1,F,CS,ZP,F
15:04:54,ICBP,RG,8900,2,F,CS,PD,D
15:04:52,ICBP,RG,8900,2,F,CS,ZP,F
15:04:52,ICBP,RG,8900,1,F,CS,AK,F
15:04:52,ICBP,RG,8900,1,F,CS,AK,F
15:04:51,ICBP,RG,8900,5,F,CS,ZP,F
15:04:51,ICBP,RG,8900,2,F,CS,AK,F
15:04:51,ICBP,RG,8900,2,F,CS,AK,F
15:04:50,ICBP,RG,8900,20,F,CS,ZP,F
15:04:50,ICBP,RG,8900,1,F,CS,AK,F
15:04:50,ICBP,RG,8900,1,F,CS,AK,F
15:04:50,ICBP,RG,8900,9,F,CS,AK,F
15:04:50,ICBP,RG,8900,9,F,CS,AK,F
15:04:50,ICBP,RG,8900,75,F,CS,ZP,F
15:04:50,ICBP,RG,8900,6,F,CS,AK,F
15:04:50,ICBP,RG,8900,6,F,CS,AK,F
15:04:49,ICBP,RG,8900,200,F,CS,TP,D
15:04:49,ICBP,RG,8900,6,F,CS,GR,D
15:04:49,ICBP,RG,8900,150,F,CS,TP,D
15:04:49,ICBP,RG,8900,81,F,CS,ZP,F
15:04:49,ICBP,RG,8900,110,F,CS,DR,D
15:04:49,ICBP,RG,8900,3,F,CS,YP,D
15:04:49,ICBP,RG,8900,13,F,CS,AK,F
15:04:49,ICBP,RG,8900,13,F,CS,AK,F
15:04:49,ICBP,RG,8900,1,F,CS,AK,F
15:04:49,ICBP,RG,8900,1,F,CS,AK,F
15:04:49,ICBP,RG,8900,19,F,CS,AK,F
15:04:49,ICBP,RG,8900,19,F,CS,AK,F
15:04:49,ICBP,RG,8900,14,F,CS,AK,F
15:04:49,ICBP,RG,8900,14,F,CS,AK,F
15:04:49,ICBP,RG,8900,130,F,CS,ZP,F
15:04:49,ICBP,RG,8900,50,F,CS,LG,D
15:04:49,ICBP,RG,8900,1,F,CS,AK,F
15:04:49,ICBP,RG,8900,10,F,CS,AK,F
15:04:49,ICBP,RG,8900,11,F,CS,AK,F
15:04:49,ICBP,RG,8900,1,F,CS,AK,F
15:04:49,ICBP,RG,8900,1,F,CS,AK,F
15:04:49,ICBP,RG,8900,1,F,CS,AG,D
15:04:49,ICBP,RG,8900,27,F,CS,YP,D
15:04:49,ICBP,RG,8900,1,F,CS,AK,F
15:04:49,ICBP,RG,8900,2,F,CS,AK,F
15:04:49,ICBP,RG,8900,1,F,CS,AK,F
15:04:49,ICBP,RG,8900,196,F,CS,ZP,F
15:04:49,ICBP,RG,8900,174,F,CS,AK,F
15:04:49,ICBP,RG,8900,174,F,CS,AK,F
15:04:49,ICBP,RG,8900,1,F,CS,EP,D
15:04:49,ICBP,RG,8900,1,F,CS,AK,F
15:04:49,ICBP,RG,8900,1,F,CS,AK,F
15:04:49,ICBP,RG,8900,9,F,CS,AK,F
15:04:49,ICBP,RG,8900,9,F,CS,AK,F
15:04:49,ICBP,RG,8900,3,F,CS,AK,F
15:04:49,ICBP,RG,8900,3,F,CS,AK,F
15:04:49,ICBP,RG,8900,22,F,CS,YP,D
15:04:49,ICBP,RG,8900,11,F,CS,AK,F
15:04:49,ICBP,RG,8900,11,F,CS,AK,F
15:04:49,ICBP,RG,8900,5,F,CS,XC,D
15:04:49,ICBP,RG,8900,27,F,CS,AK,F
15:04:49,ICBP,RG,8900,27,F,CS,AK,F
15:04:49,ICBP,RG,8900,56,F,CS,AK,F
15:04:49,ICBP,RG,8900,55,F,CS,AK,F
15:04:49,ICBP,RG,8900,35,F,CS,AK,F
15:04:26,ICBP,RG,8900,2,D,GR,AK,F
15:03:45,ICBP,RG,8900,1,D,CC,AK,F
15:03:28,ICBP,RG,8900,5,D,XL,AK,F
15:02:57,ICBP,RG,8900,2,D,CC,AK,F
15:02:49,ICBP,RG,8900,81,D,NI,AK,F
15:02:49,ICBP,RG,8900,44,D,NI,AK,F
15:02:42,ICBP,RG,8900,6,D,YU,AK,F
15:02:40,ICBP,RG,8900,5,D,YP,AK,F
15:02:30,ICBP,RG,8900,71,D,IN,AK,F
15:02:30,ICBP,RG,8900,1,D,IN,XC,D
15:02:30,ICBP,RG,8900,2,D,IN,YP,D
15:02:30,ICBP,RG,8900,1,D,IN,PD,D
15:02:30,ICBP,RG,8900,1,D,IN,YP,D
15:02:30,ICBP,RG,8900,2,D,IN,AI,D
15:02:30,ICBP,RG,8900,41,D,IN,AK,F
15:02:30,ICBP,RG,8900,41,D,IN,AK,F
15:02:30,ICBP,RG,8900,40,D,IN,AK,F
15:02:20,ICBP,RG,8900,41,D,CC,AK,F
15:02:20,ICBP,RG,8900,81,D,CC,AK,F
15:02:20,ICBP,RG,8900,3,D,CC,AK,F
15:01:58,ICBP,RG,8900,7,D,XC,AK,F
15:01:47,ICBP,RG,8900,10,D,TP,AK,F
15:01:42,ICBP,RG,8900,1,D,XC,AK,F
15:01:40,ICBP,RG,8900,100,D,XC,AK,F
15:01:39,ICBP,RG,8900,10,D,EP,AK,F
15:01:33,ICBP,RG,8900,6,D,YP,AK,F
15:01:14,ICBP,RG,8900,25,D,TP,AK,F
15:01:00,ICBP,RG,8900,49,D,XC,AK,F
15:01:00,ICBP,RG,8900,24,D,XC,AK,F
15:01:00,ICBP,RG,8900,2,D,GR,AK,F
15:00:00,ICBP,RG,8900,6,D,KK,AK,F
15:00:00,ICBP,RG,8900,10,D,PD,AK,F
15:00:00,ICBP,RG,8900,1,D,XC,AK,F
15:00:00,ICBP,RG,8900,3,D,XL,AK,F
15:00:00,ICBP,RG,8900,42,D,CP,AK,F
15:00:00,ICBP,RG,8900,70,D,CP,AK,F
15:00:00,ICBP,RG,8900,52,D,CP,AK,F
15:00:00,ICBP,RG,8900,69,D,CP,AK,F
15:00:00,ICBP,RG,8900,1,D,CP,PD,D
15:00:00,ICBP,RG,8900,100,D,CP,PD,D
15:00:00,ICBP,RG,8900,1,D,CP,AG,D
15:00:00,ICBP,RG,8900,10,D,CP,CC,D
15:00:00,ICBP,RG,8900,20,D,CP,LG,D
15:00:00,ICBP,RG,8900,5,D,CP,AI,D
15:00:00,ICBP,RG,8900,2,D,CP,NI,D
15:00:00,ICBP,RG,8900,1,D,CP,YP,D
15:00:00,ICBP,RG,8900,1,D,CP,NI,D
15:00:00,ICBP,RG,8900,126,D,CP,DX,D
15:00:00,ICBP,RG,8900,1,D,DR,DX,D
15:00:00,ICBP,RG,8900,12,D,XC,DX,D
15:00:00,ICBP,RG,8900,2,D,XC,DX,D
15:00:00,ICBP,RG,8900,5,D,XC,DX,D
15:00:00,ICBP,RG,8900,10,D,XL,DX,D
15:00:00,ICBP,RG,8900,1,D,CC,DX,D
15:00:00,ICBP,RG,8900,31,D,CC,DX,D
15:00:00,ICBP,RG,8900,2,D,PD,DX,D
15:00:00,ICBP,RG,8900,1,D,YP,DX,D
15:00:00,ICBP,RG,8900,170,D,KK,DX,D
15:00:00,ICBP,RG,8900,1,D,YP,DX,D
15:00:00,ICBP,RG,8900,5,D,XL,DX,D
15:00:00,ICBP,RG,8900,22,D,YJ,DX,D
15:00:00,ICBP,RG,8900,100,D,CP,DX,D
15:00:00,ICBP,RG,8900,1,D,YP,DX,D
15:00:00,ICBP,RG,8900,250,D,YP,DX,D
15:00:00,ICBP,RG,8900,90,D,PD,DX,D
15:00:00,ICBP,RG,8900,1,D,YP,DX,D
15:00:00,ICBP,RG,8900,11,F,ZP,DX,D
15:00:00,ICBP,RG,8900,204,F,BK,DX,D
15:00:00,ICBP,RG,8900,30,F,BK,DR,D
15:00:00,ICBP,RG,8900,53,F,BK,AK,F
15:00:00,ICBP,RG,8900,4,F,BK,AK,F
15:00:00,ICBP,RG,8900,1,F,BK,PD,D
15:00:00,ICBP,RG,8900,71,F,BK,YP,D
15:00:00,ICBP,RG,8900,519,F,BK,ZP,F
15:00:00,ICBP,RG,8900,99,F,BK,CC,D
15:00:00,ICBP,RG,8900,10,F,BK,YP,D
15:00:00,ICBP,RG,8900,141,F,BK,YP,D
15:00:00,ICBP,RG,8900,49,F,BK,YP,D
15:00:00,ICBP,RG,8900,3,F,BK,XC,D
15:00:00,ICBP,RG,8900,11,F,BK,EP,D
15:00:00,ICBP,RG,8900,25,F,BK,YP,D
15:00:00,ICBP,RG,8900,1,F,BK,SQ,D
15:00:00,ICBP,RG,8900,5,F,BK,XC,D
15:00:00,ICBP,RG,8900,2,F,BK,XC,D
15:00:00,ICBP,RG,8900,35,F,BK,YP,D
15:00:00,ICBP,RG,8900,25,F,BK,YP,D
15:00:00,ICBP,RG,8900,11,F,BK,CC,D
15:00:00,ICBP,RG,8900,4,F,BK,DR,D
15:00:00,ICBP,RG,8900,5,F,BK,NI,D
15:00:00,ICBP,RG,8900,1,F,BK,PD,D
15:00:00,ICBP,RG,8900,226,F,BK,ZP,F
15:00:00,ICBP,RG,8900,118,F,BK,ZP,F
15:00:00,ICBP,RG,8900,2,F,BK,YU,D
15:00:00,ICBP,RG,8900,13,F,BK,YU,D
15:00:00,ICBP,RG,8900,1,F,BK,NI,D
15:00:00,ICBP,RG,8900,11,F,BK,EP,D
15:00:00,ICBP,RG,8900,45,F,BK,MG,D
15:00:00,ICBP,RG,8900,7,F,BK,MG,D
15:00:00,ICBP,RG,8900,4,D,KZ,MG,D
15:00:00,ICBP,RG,8900,1,F,KZ,MG,D
15:00:00,ICBP,RG,8900,19,D,KZ,MG,D
15:00:00,ICBP,RG,8900,11,D,KZ,CC,D
15:00:00,ICBP,RG,8900,1,D,KZ,AZ,D
15:00:00,ICBP,RG,8900,14,D,KZ,YP,D
15:00:00,ICBP,RG,8900,3,D,KZ,GR,D
15:00:00,ICBP,RG,8900,55,D,KZ,YP,D
15:00:00,ICBP,RG,8900,6,D,KZ,YP,D
15:00:00,ICBP,RG,8900,94,F,ZP,YP,D
15:00:00,ICBP,RG,8900,100,F,ZP,YP,D
15:00:00,ICBP,RG,8900,129,F,ZP,AK,F
15:00:00,ICBP,RG,8900,131,F,ZP,CS,F
15:00:00,ICBP,RG,8900,442,F,AK,CS,F
15:00:00,ICBP,RG,8900,145,F,AK,OD,D
15:00:00,ICBP,RG,8900,157,F,AK,AK,F
15:00:00,ICBP,RG,8900,35,D,CC,AK,F
14:49:53,ICBP,RG,8875,1,F,CS,ZP,F
14:49:52,ICBP,RG,8875,5,F,CS,ZP,F
14:49:47,ICBP,RG,8900,5,D,PD,YP,D
14:49:44,ICBP,RG,8875,21,F,CS,ZP,F
14:49:43,ICBP,RG,8875,1,F,CS,AK,F
14:49:32,ICBP,RG,8875,5,F,CS,YP,D
14:49:29,ICBP,RG,8900,41,F,BK,YP,D
14:49:29,ICBP,RG,8900,32,F,BK,YP,D
14:49:25,ICBP,RG,8875,23,F,CS,ZP,F
14:49:16,ICBP,RG,8875,39,F,CS,PC,D
14:49:16,ICBP,RG,8875,11,F,CS,PC,D
14:49:11,ICBP,RG,8900,10,F,BK,YP,D
14:49:10,ICBP,RG,8875,56,F,CS,ZP,F
14:49:09,ICBP,RG,8900,11,D,BB,YP,D
14:49:08,ICBP,RG,8875,20,F,CS,DH,D
14:49:08,ICBP,RG,8875,30,F,CS,YP,D
14:49:07,ICBP,RG,8900,10,F,BK,YP,D
14:49:05,ICBP,RG,8900,43,D,BB,YP,D
14:49:04,ICBP,RG,8900,70,F,BK,YP,D
14:49:01,ICBP,RG,8900,16,F,BK,YP,D
14:48:59,ICBP,RG,8900,5,D,LG,YP,D
14:48:59,ICBP,RG,8900,19,F,BK,YP,D
14:48:57,ICBP,RG,8900,1,D,BB,YP,D
14:48:56,ICBP,RG,8875,4,F,CS,PD,D
14:48:48,ICBP,RG,8875,1,F,CS,XL,D
14:48:48,ICBP,RG,8875,3,F,CS,XC,D
14:48:35,ICBP,RG,8900,25,D,GR,YP,D
14:48:34,ICBP,RG,8875,15,F,CS,PD,D
14:48:34,ICBP,RG,8875,9,F,BK,PD,D
14:48:30,ICBP,RG,8875,11,F,BK,CC,D
14:48:19,ICBP,RG,8875,28,F,BK,YP,D
14:48:19,ICBP,RG,8875,28,D,EL,YP,D
14:48:11,ICBP,RG,8875,9,D,EL,NI,D
14:48:09,ICBP,RG,8875,13,D,EL,KZ,D
14:48:09,ICBP,RG,8875,5,D,DR,KZ,D
14:48:09,ICBP,RG,8875,1,D,XC,KZ,D
14:48:09,ICBP,RG,8875,5,D,XC,KZ,D
14:48:09,ICBP,RG,8875,5,F,BK,KZ,D
14:47:57,ICBP,RG,8875,6,F,BK,ZP,F
14:47:57,ICBP,RG,8875,14,F,BK,ZP,F
14:47:57,ICBP,RG,8875,1,D,NI,ZP,F
14:47:57,ICBP,RG,8875,5,D,BB,ZP,F
14:47:57,ICBP,RG,8900,41,D,YP,YP,D
14:47:57,ICBP,RG,8900,50,D,YP,CC,D
14:47:57,ICBP,RG,8900,10,D,YP,PD,D
14:47:57,ICBP,RG,8900,1,D,YP,CC,D
14:47:57,ICBP,RG,8900,25,D,YP,YP,D
14:47:57,ICBP,RG,8900,30,D,YP,CC,D
14:47:57,ICBP,RG,8900,1,D,YP,PD,D
14:47:57,ICBP,RG,8900,20,D,YP,BS,D
14:47:57,ICBP,RG,8900,4,D,YP,YP,D
14:47:57,ICBP,RG,8900,3,D,YP,YP,D
14:47:57,ICBP,RG,8900,1,D,YP,PD,D
14:47:57,ICBP,RG,8900,1,D,YP,YP,D
14:47:57,ICBP,RG,8900,13,D,YP,GR,D
14:47:06,ICBP,RG,8875,5,D,BB,XC,D
14:47:05,ICBP,RG,8875,5,D,BB,PD,D
14:47:00,ICBP,RG,8875,11,D,BB,CC,D
14:47:00,ICBP,RG,8875,2,D,YP,CC,D
14:47:00,ICBP,RG,8875,2,F,CC,CC,D
14:46:59,ICBP,RG,8875,39,F,AK,ZP,F
14:46:58,ICBP,RG,8875,99,F,AK,LG,D
14:46:58,ICBP,RG,8875,9,F,BK,LG,D
14:46:58,ICBP,RG,8875,2,D,XC,LG,D
14:46:58,ICBP,RG,8875,70,F,BK,LG,D
14:46:46,ICBP,RG,8875,3,F,BK,DH,D
14:46:46,ICBP,RG,8875,5,D,XL,DH,D
14:46:46,ICBP,RG,8875,15,D,XL,DH,D
14:46:46,ICBP,RG,8875,5,D,BB,DH,D
14:46:44,ICBP,RG,8875,25,D,BB,YP,D
14:46:30,ICBP,RG,8900,1,D,YP,GR,D
14:46:30,ICBP,RG,8900,4,D,YP,EP,D
14:46:28,ICBP,RG,8900,2,D,SQ,EP,D
14:46:26,ICBP,RG,8875,32,D,BB,AK,F
14:46:26,ICBP,RG,8900,4,D,CC,EP,D
14:46:26,ICBP,RG,8875,28,D,BB,ZP,F
14:46:26,ICBP,RG,8875,2,D,YP,ZP,F
14:46:26,ICBP,RG,8875,3,D,PD,ZP,F
14:46:26,ICBP,RG,8875,50,D,NI,ZP,F
14:46:26,ICBP,RG,8875,1,D,PD,ZP,F
14:46:26,ICBP,RG,8875,6,D,KK,ZP,F
14:46:26,ICBP,RG,8875,1,D,XC,ZP,F
14:46:26,ICBP,RG,8875,18,D,KK,ZP,F
14:46:26,ICBP,RG,8875,7,D,KK,PD,D
14:46:26,ICBP,RG,8875,2,F,CC,PD,D
14:46:26,ICBP,RG,8875,156,F,AK,PD,D
14:46:26,ICBP,RG,8875,186,F,CS,PD,D
14:46:26,ICBP,RG,8875,3,D,NI,PD,D
14:46:26,ICBP,RG,8875,1,D,PD,PD,D
14:46:26,ICBP,RG,8875,204,F,CS,PD,D
14:46:26,ICBP,RG,8875,5,D,XL,PD,D
14:46:26,ICBP,RG,8875,5,D,XC,PD,D
14:46:26,ICBP,RG,8875,100,D,NI,PD,D
14:46:26,ICBP,RG,8875,1,D,PD,PD,D
14:46:26,ICBP,RG,8875,69,F,BK,PD,D
14:46:26,ICBP,RG,8875,1,D,XC,PD,D
14:46:26,ICBP,RG,8875,5,D,SQ,PD,D
14:46:26,ICBP,RG,8875,1,D,YP,PD,D
14:46:26,ICBP,RG,8875,63,F,BK,PD,D
14:46:26,ICBP,RG,8875,1,D,YP,PD,D
14:46:26,ICBP,RG,8875,131,D,YU,PD,D
14:46:24,ICBP,RG,8900,10,F,BK,EP,D
14:46:18,ICBP,RG,8900,11,F,BK,EP,D
14:46:06,ICBP,RG,8900,1,D,LG,EP,D
14:46:05,ICBP,RG,8900,11,F,BK,EP,D
14:45:58,ICBP,RG,8900,8,D,CC,EP,D
14:45:50,ICBP,RG,8875,10,D,YU,PD,D
14:45:49,ICBP,RG,8900,9,F,BK,EP,D
14:45:49,ICBP,RG,8900,1,F,BK,YP,D
14:45:45,ICBP,RG,8900,1,D,LG,PD,D
14:45:45,ICBP,RG,8900,10,D,LG,XL,D
14:45:45,ICBP,RG,8900,3,D,LG,YP,D
14:45:45,ICBP,RG,8900,4,D,LG,AK,F
14:45:45,ICBP,RG,8900,1,D,LG,XC,D
14:45:45,ICBP,RG,8900,21,D,LG,XC,D
14:45:45,ICBP,RG,8900,4,D,LG,NI,D
14:45:39,ICBP,RG,8900,7,F,BK,NI,D
14:45:39,ICBP,RG,8900,2,F,BK,GR,D
14:45:27,ICBP,RG,8900,9,F,BK,GR,D
14:45:25,ICBP,RG,8900,8,D,PD,GR,D
14:45:23,ICBP,RG,8875,20,D,YU,ZP,F
14:45:18,ICBP,RG,8900,100,D,YP,GR,D
14:45:17,ICBP,RG,8875,3,D,YU,YP,D
14:45:14,ICBP,RG,8900,10,F,BK,GR,D
14:45:10,ICBP,RG,8875,1,D,YU,AI,D
14:45:09,ICBP,RG,8875,29,D,YU,KZ,D
14:45:09,ICBP,RG,8900,21,D,KK,GR,D
14:45:09,ICBP,RG,8900,2,D,KK,EP,D
14:45:09,ICBP,RG,8900,2,D,KK,YU,D
14:45:07,ICBP,RG,8875,6,D,YU,ZP,F
14:45:07,ICBP,RG,8875,5,D,PD,ZP,F
14:45:07,ICBP,RG,8875,28,F,BK,ZP,F
14:45:07,ICBP,RG,8875,45,F,BK,AK,F
14:45:07,ICBP,RG,8875,5,D,YP,AK,F
14:45:07,ICBP,RG,8875,101,D,BB,AK,F
14:45:04,ICBP,RG,8900,1,F,BK,PD,D
14:45:04,ICBP,RG,8900,10,F,BK,YP,D
14:44:58,ICBP,RG,8900,11,F,BK,DX,D
14:44:53,ICBP,RG,8900,10,F,BK,DX,D
14:44:48,ICBP,RG,8875,8,D,BB,XL,D
14:44:45,ICBP,RG,8900,10,F,BK,DX,D
14:44:43,ICBP,RG,8900,2,D,CC,DX,D
14:44:42,ICBP,RG,8900,10,F,BK,DX,D
14:44:40,ICBP,RG,8900,15,D,CC,DX,D
14:44:38,ICBP,RG,8900,10,F,BK,DX,D
14:44:38,ICBP,RG,8900,2,D,CC,DX,D
14:44:36,ICBP,RG,8900,2,D,PD,DX,D
14:44:36,ICBP,RG,8900,1,D,PD,DX,D
14:44:30,ICBP,RG,8900,10,F,BK,DX,D
14:44:27,ICBP,RG,8900,10,F,BK,DX,D
14:44:21,ICBP,RG,8900,1,D,PD,DX,D
14:44:16,ICBP,RG,8900,11,F,BK,DX,D
14:44:15,ICBP,RG,8900,9,F,BK,DX,D
14:44:08,ICBP,RG,8900,9,F,BK,DX,D
14:44:02,ICBP,RG,8900,10,F,BK,DX,D
14:43:58,ICBP,RG,8900,9,F,BK,DX,D
14:43:46,ICBP,RG,8900,10,F,BK,DX,D
14:43:45,ICBP,RG,8900,11,F,BK,DX,D
14:43:34,ICBP,RG,8900,1,D,CC,DX,D
14:43:30,ICBP,RG,8900,4,F,BK,DX,D
14:43:30,ICBP,RG,8900,1,F,BK,YP,D
14:43:30,ICBP,RG,8900,1,F,BK,YP,D
14:43:30,ICBP,RG,8900,1,F,BK,XL,D
14:43:30,ICBP,RG,8900,2,F,BK,XC,D
14:43:30,ICBP,RG,8900,2,F,BK,AK,F
14:43:18,ICBP,RG,8900,3,F,BK,AK,F
14:43:18,ICBP,RG,8900,7,F,BK,LG,D
14:43:08,ICBP,RG,8875,34,D,BB,ZP,F
14:43:08,ICBP,RG,8875,76,D,BB,LG,D
14:43:08,ICBP,RG,8875,10,D,YP,LG,D
14:43:08,ICBP,RG,8875,72,F,CS,LG,D
14:43:08,ICBP,RG,8875,2,D,XL,LG,D
14:43:08,ICBP,RG,8875,2,F,CC,LG,D
14:43:08,ICBP,RG,8875,28,F,BK,LG,D
14:43:08,ICBP,RG,8875,110,F,AK,LG,D
14:43:08,ICBP,RG,8875,39,F,AK,ZP,F
14:43:08,ICBP,RG,8875,60,F,AK,LG,D
14:43:08,ICBP,RG,8875,91,F,CS,LG,D
14:43:08,ICBP,RG,8875,149,F,CS,LG,D
14:43:08,ICBP,RG,8875,87,F,CS,ZP,F
14:43:08,ICBP,RG,8875,27,F,CS,LG,D
14:43:08,ICBP,RG,8875,3,D,YP,LG,D
14:43:08,ICBP,RG,8875,1,D,XC,LG,D
14:43:08,ICBP,RG,8875,3,D,SQ,LG,D
14:43:08,ICBP,RG,8875,2,D,PD,LG,D
14:43:08,ICBP,RG,8875,1,D,XC,LG,D
14:43:08,ICBP,RG,8875,100,D,NI,LG,D
14:43:08,ICBP,RG,8875,10,D,CC,LG,D
14:43:08,ICBP,RG,8875,1,D,XL,LG,D
14:43:08,ICBP,RG,8875,52,D,YU,LG,D
14:43:06,ICBP,RG,8900,10,F,BK,LG,D
14:43:04,ICBP,RG,8900,9,F,BK,LG,D
14:42:59,ICBP,RG,8900,100,D,NI,LG,D
14:42:55,ICBP,RG,8900,10,F,BK,LG,D
14:42:55,ICBP,RG,8875,48,D,YU,LG,D
14:42:55,ICBP,RG,8875,74,D,NI,LG,D
14:42:51,ICBP,RG,8900,10,F,BK,LG,D
14:42:45,ICBP,RG,8900,11,F,BK,LG,D
14:42:40,ICBP,RG,8900,5,D,NI,LG,D
14:42:34,ICBP,RG,8900,11,F,BK,LG,D
14:42:32,ICBP,RG,8900,8,D,SQ,LG,D
14:42:31,ICBP,RG,8900,11,F,BK,LG,D
14:42:31,ICBP,RG,8900,8,D,YP,LG,D
14:42:31,ICBP,RG,8900,8,D,YP,DH,D
14:42:24,ICBP,RG,8900,2,D,BB,DH,D
14:42:24,ICBP,RG,8900,10,D,BB,KK,D
14:42:24,ICBP,RG,8900,1,D,BB,PD,D
14:42:24,ICBP,RG,8900,5,D,BB,AK,F
14:42:24,ICBP,RG,8900,1,F,BK,AK,F
14:42:24,ICBP,RG,8900,1,F,BK,AK,F
14:42:24,ICBP,RG,8900,2,F,BK,AK,F
14:42:24,ICBP,RG,8900,1,F,BK,YB,D
14:42:24,ICBP,RG,8900,4,F,BK,AK,F
14:42:23,ICBP,RG,8900,2,D,XC,AK,F
14:42:21,ICBP,RG,8900,9,F,BK,AK,F
14:42:13,ICBP,RG,8900,10,F,BK,AK,F
14:42:10,ICBP,RG,8900,6,F,BK,AK,F
14:42:10,ICBP,RG,8900,1,F,BK,ZP,D
14:42:10,ICBP,RG,8900,1,F,BK,CC,D
14:42:10,ICBP,RG,8900,2,F,BK,AK,F
14:42:02,ICBP,RG,8900,10,F,BK,AK,F
14:41:54,ICBP,RG,8900,1,F,BK,AK,F
14:41:54,ICBP,RG,8900,8,F,BK,DR,D
14:41:50,ICBP,RG,8875,76,D,NI,PD,D
14:41:50,ICBP,RG,8875,4,D,LG,PD,D
14:41:49,ICBP,RG,8900,11,F,BK,DR,D
14:41:43,ICBP,RG,8900,10,F,BK,DR,D
14:41:35,ICBP,RG,8875,6,D,LG,NI,D
14:41:35,ICBP,RG,8875,4,D,BB,NI,D
14:41:34,ICBP,RG,8900,10,F,BK,DR,D
14:41:30,ICBP,RG,8875,32,D,BB,YU,D
14:41:30,ICBP,RG,8875,11,D,BB,YU,D
14:41:27,ICBP,RG,8900,9,F,BK,DR,D
14:41:26,ICBP,RG,8900,10,F,BK,DR,D
14:41:12,ICBP,RG,8900,11,F,BK,DR,D
14:41:10,ICBP,RG,8900,11,F,BK,DR,D
14:41:02,ICBP,RG,8900,10,F,BK,DR,D
14:41:00,ICBP,RG,8875,1,D,BB,YU,D
14:41:00,ICBP,RG,8875,24,D,BB,CC,D
14:40:18,ICBP,RG,8875,30,D,BB,ZP,F
14:40:16,ICBP,RG,8875,8,D,BB,KK,D
14:40:09,ICBP,RG,8875,1,D,BB,XC,D
14:40:00,ICBP,RG,8875,24,D,BB,YU,D
14:39:52,ICBP,RG,8900,1,D,SQ,DR,D
14:39:31,ICBP,RG,8900,16,D,CC,DR,D
14:39:23,ICBP,RG,8900,110,D,ZP,DR,D
14:38:50,ICBP,RG,8875,50,D,BB,YP,D
14:38:37,ICBP,RG,8875,1,D,BB,ZP,D
14:38:13,ICBP,RG,8900,2,D,CC,DR,D
14:38:09,ICBP,RG,8875,2,D,BB,KZ,D
14:38:09,ICBP,RG,8875,5,D,CC,KZ,D
14:38:09,ICBP,RG,8875,5,D,NI,KZ,D
14:38:09,ICBP,RG,8875,2,D,YP,KZ,D
14:38:09,ICBP,RG,8875,14,D,NI,KZ,D
14:37:51,ICBP,RG,8900,2,D,KK,DR,D
14:37:46,ICBP,RG,8900,1,D,CC,DR,D
14:37:21,ICBP,RG,8900,20,D,CC,DR,D
14:37:17,ICBP,RG,8875,36,D,NI,ZP,F
14:37:16,ICBP,RG,8875,5,D,YP,YP,D
14:37:16,ICBP,RG,8875,10,D,EP,YP,D
14:37:16,ICBP,RG,8875,1,D,XC,YP,D
14:37:16,ICBP,RG,8875,10,D,LG,YP,D
14:37:16,ICBP,RG,8875,1,D,PD,YP,D
14:37:16,ICBP,RG,8875,1,D,CC,YP,D
14:37:16,ICBP,RG,8875,1,D,CP,YP,D
14:37:16,ICBP,RG,8875,8,F,CC,YP,D
14:37:16,ICBP,RG,8875,25,F,BK,YP,D
14:37:16,ICBP,RG,8875,3,D,EP,YP,D
14:37:16,ICBP,RG,8875,25,D,CC,YP,D
14:37:16,ICBP,RG,8875,54,D,BB,YP,D
14:37:16,ICBP,RG,8875,119,F,CS,YP,D
14:37:16,ICBP,RG,8875,3,D,YP,YP,D
14:37:16,ICBP,RG,8875,1,D,CC,YP,D
14:37:16,ICBP,RG,8875,33,F,BK,YP,D
14:36:56,ICBP,RG,8875,50,F,BK,ZP,F
14:36:56,ICBP,RG,8875,1,D,XC,ZP,F
14:36:56,ICBP,RG,8875,1,D,XC,ZP,F
14:36:56,ICBP,RG,8875,2,D,CC,ZP,F
14:36:56,ICBP,RG,8875,3,D,CC,PD,D
14:36:56,ICBP,RG,8875,1,D,YP,PD,D
14:36:56,ICBP,RG,8875,1,D,PD,PD,D
14:36:56,ICBP,RG,8875,1,D,YP,PD,D
14:36:56,ICBP,RG,8875,1,D,YP,PD,D
14:36:56,ICBP,RG,8875,1,D,YP,PD,D
14:36:56,ICBP,RG,8875,1,D,YP,PD,D
14:36:56,ICBP,RG,8875,1,D,YP,PD,D
14:36:56,ICBP,RG,8875,1,D,YP,PD,D
14:36:56,ICBP,RG,8875,1,D,YP,PD,D
14:36:56,ICBP,RG,8875,1,D,YP,PD,D
14:36:56,ICBP,RG,8875,1,D,YP,PD,D
14:36:56,ICBP,RG,8875,1,D,YP,PD,D
14:36:56,ICBP,RG,8875,1,D,YP,PD,D
14:36:56,ICBP,RG,8875,166,F,CS,PD,D
14:36:56,ICBP,RG,8875,285,D,YP,PD,D
14:36:44,ICBP,RG,8900,3,D,SQ,DR,D
14:36:44,ICBP,RG,8900,9,D,CC,DR,D
14:36:37,ICBP,RG,8900,1,D,XC,DR,D
14:36:34,ICBP,RG,8900,10,F,BK,DR,D
14:36:31,ICBP,RG,8900,17,D,BB,DR,D
14:36:06,ICBP,RG,8900,9,F,BK,DR,D
14:35:52,ICBP,RG,8900,1,D,PD,DR,D
14:35:35,ICBP,RG,8900,10,F,BK,DR,D
14:35:16,ICBP,RG,8875,15,D,YP,ZP,F
14:35:16,ICBP,RG,8875,1,D,YP,ZP,F
14:35:16,ICBP,RG,8875,1,D,XC,ZP,F
14:35:16,ICBP,RG,8875,1,D,YP,ZP,F
14:35:16,ICBP,RG,8875,1,D,YP,ZP,F
14:35:05,ICBP,RG,8900,10,F,BK,DR,D
14:35:00,ICBP,RG,8875,1,D,PD,YU,D
14:35:00,ICBP,RG,8875,1,D,YP,YU,D
14:35:00,ICBP,RG,8875,1,D,XL,YU,D
14:35:00,ICBP,RG,8875,10,D,SQ,YU,D
14:35:00,ICBP,RG,8875,3,D,CC,YU,D
14:35:00,ICBP,RG,8875,1,D,XC,YU,D
14:35:00,ICBP,RG,8875,1,D,PD,YU,D
14:35:00,ICBP,RG,8875,2,D,AI,YU,D
14:35:00,ICBP,RG,8875,13,D,OD,YU,D
14:34:45,ICBP,RG,8900,10,F,BK,DR,D
14:34:42,ICBP,RG,8875,1,D,OD,YP,D
14:34:40,ICBP,RG,8875,20,D,OD,CC,D
14:34:17,ICBP,RG,8900,10,F,BK,DR,D
14:34:10,ICBP,RG,8900,10,D,CC,DR,D
14:33:58,ICBP,RG,8900,10,F,BK,DR,D
14:33:34,ICBP,RG,8900,11,F,BK,DR,D
14:33:13,ICBP,RG,8900,10,F,BK,DR,D
14:33:06,ICBP,RG,8875,16,D,OD,ZP,F
14:33:06,ICBP,RG,8875,3,D,NI,ZP,F
14:33:06,ICBP,RG,8875,1,D,AZ,ZP,F
14:33:06,ICBP,RG,8875,46,D,BB,ZP,F
14:33:06,ICBP,RG,8875,161,D,BB,PD,D
14:33:06,ICBP,RG,8875,5,D,YP,PD,D
14:33:06,ICBP,RG,8875,5,D,YP,PD,D
14:33:06,ICBP,RG,8875,10,D,PD,PD,D
14:33:06,ICBP,RG,8875,3,D,XL,PD,D
14:33:06,ICBP,RG,8875,1,D,PD,PD,D
14:33:06,ICBP,RG,8875,1,D,XL,PD,D
14:33:06,ICBP,RG,8875,16,D,YP,PD,D
14:33:06,ICBP,RG,8875,6,D,XL,PD,D
14:33:06,ICBP,RG,8875,1,D,NI,PD,D
14:33:06,ICBP,RG,8875,100,D,DH,PD,D
14:33:06,ICBP,RG,8875,10,D,XL,PD,D
14:33:06,ICBP,RG,8875,1,D,XC,PD,D
14:33:06,ICBP,RG,8875,1,D,PD,PD,D
14:33:06,ICBP,RG,8875,1,D,XC,PD,D
14:33:06,ICBP,RG,8875,5,D,PD,PD,D
14:33:06,ICBP,RG,8875,100,D,NI,PD,D
14:33:06,ICBP,RG,8875,1,D,PD,PD,D
14:33:06,ICBP,RG,8875,1,D,DR,PD,D
14:33:06,ICBP,RG,8875,38,F,CS,PD,D
14:32:47,ICBP,RG,8900,11,F,BK,DR,D
14:32:28,ICBP,RG,8900,10,F,BK,DR,D
14:32:11,ICBP,RG,8900,10,F,BK,DR,D
14:31:50,ICBP,RG,8900,9,F,BK,DR,D
14:31:32,ICBP,RG,8900,9,F,BK,DR,D
14:31:09,ICBP,RG,8900,11,F,BK,DR,D
14:31:00,ICBP,RG,8875,44,F,CS,YU,D
14:30:59,ICBP,RG,8875,29,F,CS,KZ,D
14:30:57,ICBP,RG,8900,2,D,CC,DR,D
14:30:49,ICBP,RG,8900,9,F,BK,DR,D
14:30:47,ICBP,RG,8875,3,F,CS,CC,D
14:30:32,ICBP,RG,8900,9,F,BK,DR,D
14:30:20,ICBP,RG,8875,38,F,CS,ZP,F
14:30:08,ICBP,RG,8900,9,F,BK,DR,D
14:30:00,ICBP,RG,8900,2,D,CC,DR,D
14:29:42,ICBP,RG,8900,11,F,BK,DR,D
14:29:40,ICBP,RG,8900,25,F,BK,DR,D
14:29:40,ICBP,RG,8900,1,F,BK,AK,F
14:29:40,ICBP,RG,8900,10,F,BK,DX,D
14:29:35,ICBP,RG,8900,19,D,CC,DX,D
14:29:06,ICBP,RG,8900,10,D,CC,DX,D
14:28:50,ICBP,RG,8875,1,F,CS,ZP,D
14:28:00,ICBP,RG,8900,84,D,BB,DX,D
14:27:58,ICBP,RG,8875,1,F,CS,YP,D
14:27:56,ICBP,RG,8900,5,D,XL,DX,D
14:27:54,ICBP,RG,8900,2,D,EP,DX,D
14:26:02,ICBP,RG,8900,15,D,CC,DX,D
14:26:02,ICBP,RG,8900,4,D,CC,PD,D
14:26:02,ICBP,RG,8900,1,D,CC,CC,D
14:26:00,ICBP,RG,8875,31,F,CS,YU,D
14:25:44,ICBP,RG,8900,2,D,XL,CC,D
14:25:32,ICBP,RG,8900,2,D,CP,CC,D
14:25:32,ICBP,RG,8900,3,D,CP,EP,D
14:25:32,ICBP,RG,8900,10,D,CP,CC,D
14:25:25,ICBP,RG,8875,47,F,CS,XC,D
14:25:25,ICBP,RG,8875,15,D,KK,XC,D
14:25:25,ICBP,RG,8875,56,D,BB,XC,D
14:25:21,ICBP,RG,8875,3,D,BB,ZP,F
14:25:21,ICBP,RG,8875,11,D,NI,ZP,F
14:25:00,ICBP,RG,8875,1,D,NI,PD,D
14:24:41,ICBP,RG,8875,10,D,NI,NI,D
14:24:32,ICBP,RG,8900,20,F,CS,CC,D
14:24:32,ICBP,RG,8900,10,F,CS,AO,D
14:24:32,ICBP,RG,8900,29,F,CS,CC,D
14:24:32,ICBP,RG,8900,1,F,CS,XC,D
14:24:32,ICBP,RG,8900,3,F,CS,XC,D
14:24:32,ICBP,RG,8900,4,F,CS,DX,D
14:24:21,ICBP,RG,8875,2,D,NI,XC,D
14:24:07,ICBP,RG,8875,61,D,NI,ZP,F
14:23:59,ICBP,RG,8875,28,D,NI,KZ,D
14:23:16,ICBP,RG,8875,87,D,NI,LG,D
14:23:16,ICBP,RG,8875,1,D,NI,LG,D
14:23:16,ICBP,RG,8875,1,D,XL,LG,D
14:23:16,ICBP,RG,8875,5,D,YP,LG,D
14:23:16,ICBP,RG,8875,10,D,XL,LG,D
14:23:16,ICBP,RG,8875,2,D,XL,LG,D
14:23:16,ICBP,RG,8875,5,D,NI,LG,D
14:23:16,ICBP,RG,8875,20,D,DH,LG,D
14:23:16,ICBP,RG,8875,5,D,CC,LG,D
14:23:16,ICBP,RG,8875,2,D,EP,LG,D
14:23:16,ICBP,RG,8875,1,D,NI,LG,D
14:23:16,ICBP,RG,8875,8,D,YP,LG,D
14:23:16,ICBP,RG,8875,14,D,PD,LG,D
14:22:53,ICBP,RG,8875,15,D,PD,YP,D
14:22:51,ICBP,RG,8900,44,F,CS,DX,D
14:22:51,ICBP,RG,8900,42,F,CS,DX,D
14:22:25,ICBP,RG,8875,1,D,PD,XC,D
14:22:08,ICBP,RG,8875,20,D,PD,ZP,F
14:22:08,ICBP,RG,8875,12,D,YP,ZP,F
14:22:08,ICBP,RG,8875,27,D,LG,ZP,F
14:22:08,ICBP,RG,8875,3,D,LG,PD,D
14:22:08,ICBP,RG,8875,1,D,YP,PD,D
14:22:08,ICBP,RG,8875,15,F,CS,PD,D
14:22:08,ICBP,RG,8875,100,F,CS,PD,D
14:22:08,ICBP,RG,8875,1,D,XC,PD,D
14:22:08,ICBP,RG,8875,1,D,PD,PD,D
14:22:08,ICBP,RG,8875,1,D,YP,PD,D
14:22:08,ICBP,RG,8875,1,D,XC,PD,D
14:22:08,ICBP,RG,8875,1,D,PD,PD,D
14:22:08,ICBP,RG,8875,1,D,XA,PD,D
14:22:08,ICBP,RG,8875,20,D,PD,PD,D
14:22:08,ICBP,RG,8875,1,D,XC,PD,D
14:22:08,ICBP,RG,8875,102,F,CS,PD,D
14:22:08,ICBP,RG,8875,7,D,YP,PD,D
14:22:08,ICBP,RG,8875,20,D,XL,PD,D
14:22:08,ICBP,RG,8875,5,D,SQ,PD,D
14:22:08,ICBP,RG,8875,5,D,CC,PD,D
14:22:08,ICBP,RG,8875,2,D,YP,PD,D
14:22:08,ICBP,RG,8875,1,D,XC,PD,D
14:22:08,ICBP,RG,8875,2,D,SQ,PD,D
14:22:08,ICBP,RG,8875,1,D,SQ,PD,D
14:22:08,ICBP,RG,8875,12,D,LG,PD,D
14:22:08,ICBP,RG,8875,2,D,KK,PD,D
14:22:08,ICBP,RG,8875,2,D,NI,PD,D
14:22:08,ICBP,RG,8875,6,D,PD,PD,D
14:22:08,ICBP,RG,8875,2,D,CC,PD,D
14:22:08,ICBP,RG,8875,1,D,XL,PD,D
14:22:08,ICBP,RG,8875,3,D,YP,PD,D
14:22:08,ICBP,RG,8875,3,D,XL,PD,D
14:22:08,ICBP,RG,8875,1,D,XL,PD,D
14:22:08,ICBP,RG,8875,1,D,XL,PD,D
14:22:08,ICBP,RG,8875,10,D,CC,PD,D
14:22:08,ICBP,RG,8875,2,D,YP,PD,D
14:22:08,ICBP,RG,8875,1,D,YP,PD,D
14:22:08,ICBP,RG,8875,6,D,YP,PD,D
14:22:08,ICBP,RG,8875,5,D,CC,PD,D
14:22:08,ICBP,RG,8875,1,D,YP,PD,D
14:22:08,ICBP,RG,8875,1,D,YP,PD,D
14:22:08,ICBP,RG,8875,1,D,CC,PD,D
14:22:08,ICBP,RG,8875,1,D,XC,PD,D
14:22:08,ICBP,RG,8875,50,D,XC,PD,D
14:22:08,ICBP,RG,8875,1,D,CC,PD,D
14:22:08,ICBP,RG,8875,5,D,XC,PD,D
14:22:08,ICBP,RG,8875,2,D,XC,PD,D
14:22:08,ICBP,RG,8875,2,D,XC,PD,D
14:22:08,ICBP,RG,8875,2,D,XC,PD,D
14:22:08,ICBP,RG,8875,3,D,YP,PD,D
14:22:08,ICBP,RG,8875,1,D,YP,PD,D
14:22:08,ICBP,RG,8875,10,D,IF,PD,D
14:22:08,ICBP,RG,8875,2,D,KK,PD,D
14:22:08,ICBP,RG,8875,1,D,PD,PD,D
14:22:08,ICBP,RG,8875,1,D,PD,PD,D
14:22:08,ICBP,RG,8875,1,D,PD,PD,D
14:22:08,ICBP,RG,8875,2,D,PD,PD,D
14:22:08,ICBP,RG,8875,1,D,PD,PD,D
14:22:08,ICBP,RG,8875,17,D,PD,PD,D
14:22:08,ICBP,RG,8875,1,D,PD,PD,D
14:22:08,ICBP,RG,8875,3,D,PD,PD,D
14:22:08,ICBP,RG,8875,4,D,PD,PD,D
14:22:08,ICBP,RG,8875,2,D,PD,PD,D
14:22:08,ICBP,RG,8875,1,D,DH,PD,D
14:22:08,ICBP,RG,8875,2,D,SQ,PD,D
14:22:08,ICBP,RG,8875,1,D,DR,PD,D
14:21:48,ICBP,RG,8900,1,D,SQ,DX,D
14:21:47,ICBP,RG,8900,18,D,YP,DX,D
14:21:47,ICBP,RG,8900,5,D,YP,PD,D
14:21:47,ICBP,RG,8900,27,D,YP,AK,F
14:21:20,ICBP,RG,8875,1,D,DR,PD,D
14:21:20,ICBP,RG,8875,1,D,NI,PD,D
14:21:19,ICBP,RG,8900,54,F,CS,AK,F
14:21:19,ICBP,RG,8900,20,F,CS,AK,F
14:21:13,ICBP,RG,8875,2,D,NI,PD,D
14:21:07,ICBP,RG,8900,1,D,YP,AK,F
14:21:01,ICBP,RG,8900,7,D,LG,AK,F
14:21:01,ICBP,RG,8900,5,D,LG,CC,D
14:21:01,ICBP,RG,8900,3,D,LG,AK,F
14:21:00,ICBP,RG,8875,12,D,NI,YU,D
14:21:00,ICBP,RG,8875,1,D,LG,YU,D
14:21:00,ICBP,RG,8875,5,D,CC,YU,D
14:21:00,ICBP,RG,8875,5,D,YP,YU,D
14:21:00,ICBP,RG,8875,1,D,XL,YU,D
14:21:00,ICBP,RG,8875,1,D,YP,YU,D
14:21:00,ICBP,RG,8875,1,D,XC,YU,D
14:21:00,ICBP,RG,8875,5,D,YU,YU,D
14:20:42,ICBP,RG,8900,25,D,PD,AK,F
14:20:34,ICBP,RG,8900,65,F,CS,AK,F
14:20:34,ICBP,RG,8900,1,F,CS,PD,D
14:20:34,ICBP,RG,8900,75,F,CS,LG,D
14:20:15,ICBP,RG,8875,34,D,YU,ZP,F
14:19:56,ICBP,RG,8900,74,F,CS,LG,D
14:19:53,ICBP,RG,8875,5,D,YU,PD,D
14:19:23,ICBP,RG,8900,1,D,NI,LG,D
14:19:18,ICBP,RG,8875,2,D,YU,PD,D
14:18:53,ICBP,RG,8900,5,D,CC,LG,D
14:18:49,ICBP,RG,8900,3,D,SQ,LG,D
14:18:33,ICBP,RG,8900,42,F,CS,LG,D
14:18:33,ICBP,RG,8900,2,F,CS,AK,F
14:18:28,ICBP,RG,8900,1,F,CS,AK,F
14:18:28,ICBP,RG,8900,1,F,CS,AK,F
14:18:28,ICBP,RG,8900,8,F,CS,AK,F
14:18:28,ICBP,RG,8900,1,F,CS,PD,D
14:18:28,ICBP,RG,8900,87,F,CS,PD,D
14:18:01,ICBP,RG,8900,9,D,CC,PD,D
14:17:43,ICBP,RG,8900,59,F,CS,PD,D
14:17:34,ICBP,RG,8900,3,D,XL,PD,D
14:17:27,ICBP,RG,8875,3,D,YU,PD,D
14:17:03,ICBP,RG,8875,40,D,YU,ZP,F
14:17:03,ICBP,RG,8900,110,F,CS,PD,D
14:16:56,ICBP,RG,8900,1,D,YP,PD,D
14:16:41,ICBP,RG,8900,57,F,CS,PD,D
14:16:30,ICBP,RG,8900,4,D,YP,PD,D
14:15:51,ICBP,RG,8900,10,D,SQ,PD,D
14:15:39,ICBP,RG,8900,56,F,CS,PD,D
14:15:28,ICBP,RG,8900,71,F,CS,PD,D
14:15:28,ICBP,RG,8900,49,F,CS,DX,D
14:15:26,ICBP,RG,8900,10,D,YU,DX,D
14:15:22,ICBP,RG,8875,11,D,YU,ZP,F
14:15:22,ICBP,RG,8875,1,D,YP,ZP,F
14:15:22,ICBP,RG,8875,15,D,XL,ZP,F
14:15:22,ICBP,RG,8875,3,D,AT,ZP,F
14:15:22,ICBP,RG,8875,5,D,DR,ZP,F
14:15:13,ICBP,RG,8875,2,D,NI,XL,D
14:14:59,ICBP,RG,8875,1,D,NI,PD,D
14:14:59,ICBP,RG,8875,3,D,GR,PD,D
14:14:45,ICBP,RG,8900,25,D,LG,DX,D
14:14:42,ICBP,RG,8900,1,D,XL,DX,D
14:14:38,ICBP,RG,8900,51,F,CS,DX,D
14:14:20,ICBP,RG,8900,7,D,YP,DX,D
14:14:20,ICBP,RG,8900,42,D,YP,RF,D
14:14:20,ICBP,RG,8900,1,D,YP,XC,D
14:14:16,ICBP,RG,8900,1,D,NI,XC,D
14:13:50,ICBP,RG,8900,2,D,PD,XC,D
14:13:50,ICBP,RG,8900,22,D,PD,AK,F
14:13:46,ICBP,RG,8900,8,F,CS,AK,F
14:13:46,ICBP,RG,8900,18,F,CS,AK,F
14:13:46,ICBP,RG,8900,5,F,CS,AK,F
14:13:37,ICBP,RG,8900,10,F,CS,AK,F
14:13:33,ICBP,RG,8900,1,D,DH,AK,F
14:13:27,ICBP,RG,8900,16,F,CS,AK,F
14:13:27,ICBP,RG,8900,13,F,CS,AK,F
14:13:26,ICBP,RG,8900,1,D,YP,AK,F
14:13:16,ICBP,RG,8900,2,D,CC,AK,F
14:13:16,ICBP,RG,8900,3,D,CC,XL,D
14:13:14,ICBP,RG,8900,10,F,CS,RF,D
14:13:14,ICBP,RG,8900,9,F,CS,RF,D
14:13:07,ICBP,RG,8900,3,F,CS,RF,D
14:13:05,ICBP,RG,8900,5,F,CS,RF,D
14:13:04,ICBP,RG,8900,11,F,CS,RF,D
14:13:00,ICBP,RG,8900,2,F,CS,RF,D
14:13:00,ICBP,RG,8900,1,F,CS,XC,D
14:13:00,ICBP,RG,8900,2,F,CS,XC,D
14:12:57,ICBP,RG,8875,3,D,GR,PD,D
14:12:56,ICBP,RG,8900,3,F,CS,XC,D
14:12:56,ICBP,RG,8900,3,F,CS,XC,D
14:12:54,ICBP,RG,8900,1,F,CS,XC,D
14:12:54,ICBP,RG,8900,9,F,CS,CC,D
14:12:53,ICBP,RG,8900,12,F,CS,CC,D
14:12:49,ICBP,RG,8875,40,D,GR,ZP,F
14:12:45,ICBP,RG,8900,3,F,CS,CC,D
14:12:43,ICBP,RG,8900,1,F,CS,CC,D
14:12:43,ICBP,RG,8900,9,F,CS,CC,D
14:12:43,ICBP,RG,8900,9,F,CS,CC,D
14:12:43,ICBP,RG,8900,3,F,CS,KZ,D
14:12:36,ICBP,RG,8900,4,F,CS,KZ,D
14:12:33,ICBP,RG,8900,8,F,CS,KZ,D
14:12:33,ICBP,RG,8900,8,F,CS,KZ,D
14:12:26,ICBP,RG,8900,1,F,CS,KZ,D
14:12:26,ICBP,RG,8900,4,F,CS,KZ,D
14:12:26,ICBP,RG,8900,1,F,CS,KZ,D
14:12:26,ICBP,RG,8900,1,F,CS,XL,D
14:12:26,ICBP,RG,8900,3,F,CS,YU,D
14:12:22,ICBP,RG,8900,7,F,CS,YU,D
14:12:22,ICBP,RG,8900,4,F,CS,YU,D
14:12:22,ICBP,RG,8900,3,F,CS,YU,D
14:12:17,ICBP,RG,8900,4,F,CS,YU,D
14:12:17,ICBP,RG,8900,2,F,CS,KK,D
14:12:17,ICBP,RG,8900,6,F,CS,DX,D
14:12:17,ICBP,RG,8900,12,F,CS,DX,D
14:12:07,ICBP,RG,8900,1,D,XC,DX,D
14:12:07,ICBP,RG,8900,9,F,CS,DX,D
14:12:07,ICBP,RG,8900,9,F,CS,DX,D
14:12:05,ICBP,RG,8900,6,D,XC,DX,D
14:12:00,ICBP,RG,8900,11,F,CS,DX,D
14:12:00,ICBP,RG,8900,5,F,CS,DX,D
14:11:56,ICBP,RG,8900,6,F,CS,DX,D
14:11:51,ICBP,RG,8900,6,F,CS,DX,D
14:11:51,ICBP,RG,8900,36,F,CS,DX,D
14:11:40,ICBP,RG,8900,14,F,CS,DX,D
14:11:40,ICBP,RG,8900,17,F,CS,YU,D
14:11:40,ICBP,RG,8900,6,F,CS,RF,D
14:11:30,ICBP,RG,8900,1,F,CS,RF,D
14:11:29,ICBP,RG,8900,33,F,CS,RF,D
14:11:29,ICBP,RG,8900,3,F,CS,DX,D
14:11:19,ICBP,RG,8900,34,F,CS,DX,D
14:11:09,ICBP,RG,8900,44,F,CS,DX,D
14:10:57,ICBP,RG,8875,1,D,GR,GR,D
14:10:56,ICBP,RG,8900,26,F,CS,DX,D
14:10:43,ICBP,RG,8875,37,D,GR,ZP,F
14:10:43,ICBP,RG,8900,4,F,CS,AK,F
14:10:41,ICBP,RG,8900,3,F,CS,AK,F
14:10:39,ICBP,RG,8875,2,D,GR,PD,D
14:10:39,ICBP,RG,8900,5,F,CS,AK,F
14:10:39,ICBP,RG,8900,21,F,CS,AK,F
14:10:39,ICBP,RG,8900,5,F,CS,AK,F
14:10:38,ICBP,RG,8875,3,D,GR,CC,D
14:10:32,ICBP,RG,8900,2,F,AK,CC,F
14:10:32,ICBP,RG,8900,3,F,AK,AK,F
14:10:32,ICBP,RG,8900,27,F,AK,AK,F
14:10:25,ICBP,RG,8900,1,F,AK,CC,F
14:10:25,ICBP,RG,8900,1,F,AK,ZP,D
14:10:25,ICBP,RG,8900,9,F,AK,AK,F
14:10:25,ICBP,RG,8900,20,F,CS,AK,F
14:10:20,ICBP,RG,8900,3,D,DH,AK,F
14:10:19,ICBP,RG,8900,17,F,CS,AK,F
14:10:19,ICBP,RG,8900,2,D,CC,AK,F
14:10:19,ICBP,RG,8900,14,D,BB,AK,F
14:10:19,ICBP,RG,8900,126,D,BB,LG,D
14:10:19,ICBP,RG,8900,30,D,XL,LG,D
14:10:19,ICBP,RG,8900,1,D,DH,LG,D
14:10:19,ICBP,RG,8900,6,D,DH,LG,D
14:10:19,ICBP,RG,8900,37,F,CS,LG,D
14:10:16,ICBP,RG,8900,3,F,CS,AK,F
14:10:16,ICBP,RG,8900,3,F,CS,AK,F
14:10:16,ICBP,RG,8900,24,F,CS,ZP,F
14:10:15,ICBP,RG,8900,4,F,CS,AK,F
14:10:15,ICBP,RG,8900,4,F,CS,AK,F
14:10:14,ICBP,RG,8900,25,F,CS,NI,D
14:10:14,ICBP,RG,8900,10,D,NI,NI,D
14:10:09,ICBP,RG,8900,1,D,NI,AK,F
14:10:09,ICBP,RG,8900,1,D,NI,AK,F
14:10:09,ICBP,RG,8900,5,D,NI,ZP,F
14:10:06,ICBP,RG,8900,7,D,NI,AK,F
14:10:06,ICBP,RG,8900,7,D,NI,AK,F
14:10:06,ICBP,RG,8900,58,D,NI,AK,F
14:10:06,ICBP,RG,8900,11,D,NI,AK,F
14:10:06,ICBP,RG,8900,1,D,XC,AK,F
14:10:06,ICBP,RG,8900,3,D,XC,AK,F
14:10:06,ICBP,RG,8900,43,D,YP,AK,F
14:10:05,ICBP,RG,8900,55,D,YP,ZP,F
14:10:05,ICBP,RG,8900,152,D,YP,PD,D
14:10:05,ICBP,RG,8900,12,D,XL,PD,D
14:10:05,ICBP,RG,8900,5,D,CC,PD,D
14:10:05,ICBP,RG,8900,1,D,PD,PD,D
14:10:05,ICBP,RG,8900,16,D,LG,PD,D
14:10:05,ICBP,RG,8900,1,D,XC,PD,D
14:10:05,ICBP,RG,8900,45,F,CS,PD,D
14:10:05,ICBP,RG,8900,1,D,AZ,PD,D
14:10:05,ICBP,RG,8900,56,D,PD,PD,D
14:10:05,ICBP,RG,8900,1,D,LG,PD,D
14:10:05,ICBP,RG,8900,1,D,EP,PD,D
14:10:05,ICBP,RG,8900,72,F,CS,PD,D
14:10:05,ICBP,RG,8900,1,D,PD,PD,D
14:10:05,ICBP,RG,8900,3,D,CC,PD,D
14:10:05,ICBP,RG,8900,100,F,CS,PD,D
14:09:42,ICBP,RG,8925,1,D,XC,DP,D
14:09:39,ICBP,RG,8900,3,F,CS,AK,F
14:09:39,ICBP,RG,8900,3,F,CS,AK,F
14:09:39,ICBP,RG,8900,28,F,CS,KZ,D
14:08:23,ICBP,RG,8900,1,F,CS,AK,F
14:08:23,ICBP,RG,8900,1,F,CS,AK,F
14:08:23,ICBP,RG,8900,4,F,CS,AK,F
14:08:23,ICBP,RG,8900,4,F,CS,AK,F
14:08:22,ICBP,RG,8900,21,F,CS,ZP,F
14:08:22,ICBP,RG,8900,15,D,BB,ZP,F
14:08:22,ICBP,RG,8900,2,D,BB,AK,F
14:08:22,ICBP,RG,8900,2,D,BB,AK,F
14:08:22,ICBP,RG,8900,15,D,BB,AK,F
14:08:22,ICBP,RG,8900,15,D,BB,AK,F
14:08:21,ICBP,RG,8900,135,D,BB,DX,D
14:08:12,ICBP,RG,8900,4,D,BB,XC,D
14:08:11,ICBP,RG,8900,1,D,BB,AK,F
14:08:11,ICBP,RG,8900,1,D,BB,AK,F
14:08:10,ICBP,RG,8900,2,D,BB,NI,D
14:07:59,ICBP,RG,8900,3,D,BB,XC,D
14:07:23,ICBP,RG,8900,1,D,BB,AK,F
14:07:23,ICBP,RG,8900,1,D,BB,AK,F
14:07:22,ICBP,RG,8900,11,D,BB,AK,F
14:07:22,ICBP,RG,8900,11,D,BB,AK,F
14:07:22,ICBP,RG,8900,22,D,BB,LG,D
14:07:22,ICBP,RG,8900,78,F,CS,LG,D
14:07:16,ICBP,RG,8900,1,F,CS,AK,F
14:07:16,ICBP,RG,8900,1,F,CS,AK,F
14:07:16,ICBP,RG,8900,6,F,CS,AK,F
14:07:16,ICBP,RG,8900,6,F,CS,AK,F
14:07:16,ICBP,RG,8900,49,F,CS,ZP,F
14:07:16,ICBP,RG,8900,2,F,CS,AK,F
14:07:16,ICBP,RG,8900,2,F,CS,AK,F
14:07:16,ICBP,RG,8900,17,F,CS,AK,F
14:07:16,ICBP,RG,8900,4,F,CS,AK,F
14:07:16,ICBP,RG,8900,13,F,CS,AK,F
14:07:15,ICBP,RG,8925,157,F,CS,DP,D
14:07:08,ICBP,RG,8900,1,F,CS,AK,F
14:07:08,ICBP,RG,8900,1,F,CS,AK,F
14:07:08,ICBP,RG,8925,10,D,CC,DP,D
14:07:01,ICBP,RG,8900,1,F,CS,AK,F
14:07:01,ICBP,RG,8900,1,F,CS,AK,F
14:07:01,ICBP,RG,8900,3,F,CS,AK,F
14:07:01,ICBP,RG,8900,3,F,CS,AK,F
14:07:00,ICBP,RG,8900,31,F,CS,YU,D
14:06:59,ICBP,RG,8900,1,F,CS,AK,F
14:06:59,ICBP,RG,8900,1,F,CS,AK,F
14:06:58,ICBP,RG,8900,3,F,CS,XC,D
14:06:51,ICBP,RG,8900,1,F,CS,PD,D
14:06:44,ICBP,RG,8900,2,F,CS,AK,F
14:06:44,ICBP,RG,8900,2,F,CS,AK,F
14:06:43,ICBP,RG,8900,6,F,CS,ZP,F
14:06:43,ICBP,RG,8900,10,F,CS,PD,D
14:06:20,ICBP,RG,8900,2,F,CS,XC,D
14:05:48,ICBP,RG,8900,2,D,DH,AK,F
14:05:48,ICBP,RG,8900,2,D,XL,AK,F
14:05:48,ICBP,RG,8900,15,D,YU,AK,F
14:05:48,ICBP,RG,8900,15,D,YU,AK,F
14:05:47,ICBP,RG,8900,70,D,YU,DX,D
14:05:47,ICBP,RG,8900,1,D,XC,DX,D
14:05:47,ICBP,RG,8900,1,D,YP,DX,D
14:05:47,ICBP,RG,8900,3,D,PD,DX,D
14:05:47,ICBP,RG,8900,7,D,PD,DX,D
14:05:47,ICBP,RG,8900,56,F,CS,DX,D
14:05:32,ICBP,RG,8900,2,F,CS,AK,F
14:05:32,ICBP,RG,8900,2,F,CS,AK,F
14:05:32,ICBP,RG,8900,15,F,CS,XC,D
14:05:21,ICBP,RG,8900,2,F,CS,AK,F
14:05:21,ICBP,RG,8900,2,F,CS,AK,F
14:05:20,ICBP,RG,8900,2,F,CS,ZP,F
14:05:20,ICBP,RG,8900,15,D,YP,ZP,F
14:05:07,ICBP,RG,8900,1,D,YP,XC,D
14:04:49,ICBP,RG,8900,1,D,YP,AK,F
14:04:49,ICBP,RG,8900,1,D,YP,AK,F
14:04:49,ICBP,RG,8900,1,D,YP,AK,F
14:04:49,ICBP,RG,8900,1,D,YP,AK,F
14:04:49,ICBP,RG,8900,11,D,YP,AK,F
14:04:49,ICBP,RG,8900,11,D,YP,AK,F
14:04:48,ICBP,RG,8900,100,D,YP,LG,D
14:04:38,ICBP,RG,8900,4,D,YP,AK,F
14:04:38,ICBP,RG,8900,4,D,YP,AK,F
14:04:37,ICBP,RG,8900,36,D,YP,ZP,F
14:04:14,ICBP,RG,8900,1,D,YP,AK,F
14:04:14,ICBP,RG,8900,1,D,YP,AK,F
14:04:14,ICBP,RG,8900,3,D,YP,PD,D
14:03:16,ICBP,RG,8900,2,D,YP,PD,D
14:03:10,ICBP,RG,8900,2,D,YP,AK,F
14:03:10,ICBP,RG,8900,2,D,YP,AK,F
14:03:10,ICBP,RG,8900,13,D,YP,AK,F
14:03:10,ICBP,RG,8900,13,D,YP,AK,F
14:03:09,ICBP,RG,8900,77,D,YP,DX,D
14:03:09,ICBP,RG,8900,5,D,DH,DX,D
14:03:09,ICBP,RG,8900,40,F,CS,DX,D
14:02:30,ICBP,RG,8900,1,F,CS,AK,F
14:02:30,ICBP,RG,8900,2,F,CS,AK,F
14:02:30,ICBP,RG,8900,5,F,CS,AK,F
14:02:30,ICBP,RG,8900,1,F,CS,AK,F
14:02:30,ICBP,RG,8900,1,F,CS,AK,F
14:02:30,ICBP,RG,8900,1,F,CS,AK,F
14:02:30,ICBP,RG,8900,5,F,CS,AK,F
14:02:30,ICBP,RG,8900,59,F,CS,AK,F
14:02:30,ICBP,RG,8900,5,F,CS,AK,F
14:02:30,ICBP,RG,8900,54,F,CS,AK,F
14:02:30,ICBP,RG,8900,22,F,CS,ZP,F
14:02:30,ICBP,RG,8900,44,F,BK,ZP,F
14:02:29,ICBP,RG,8900,106,F,BK,PD,D
14:02:29,ICBP,RG,8900,2,D,NI,PD,D
14:02:29,ICBP,RG,8900,2,D,PD,PD,D
14:02:29,ICBP,RG,8900,3,D,DH,PD,D
14:02:29,ICBP,RG,8900,1,D,CC,PD,D
14:02:29,ICBP,RG,8900,24,F,CS,PD,D
14:02:29,ICBP,RG,8900,101,F,CS,PD,D
14:02:29,ICBP,RG,8900,16,D,BB,PD,D
14:02:29,ICBP,RG,8900,82,F,CS,PD,D
14:02:29,ICBP,RG,8900,50,F,CS,PD,D
14:02:29,ICBP,RG,8900,20,F,CS,PD,D
14:02:29,ICBP,RG,8900,60,D,YP,PD,D
14:02:23,ICBP,RG,8900,1,D,YP,AK,F
14:02:23,ICBP,RG,8900,1,D,YP,AK,F
14:02:22,ICBP,RG,8900,10,D,YP,CC,D
14:01:37,ICBP,RG,8900,1,D,YP,ZP,D
14:01:00,ICBP,RG,8900,1,D,YP,AK,F
14:00:59,ICBP,RG,8900,1,D,YP,AK,F
14:00:59,ICBP,RG,8900,2,D,YP,AK,F
14:00:59,ICBP,RG,8900,15,D,YP,AK,F
14:00:59,ICBP,RG,8900,15,D,YP,AK,F
14:00:58,ICBP,RG,8925,130,F,CS,DP,D
14:00:21,ICBP,RG,8925,1,D,YP,DP,D
14:00:19,ICBP,RG,8900,1,D,YP,AK,F
14:00:19,ICBP,RG,8900,1,D,YP,AK,F
14:00:19,ICBP,RG,8900,12,D,YP,ZP,F
13:59:53,ICBP,RG,8900,1,D,YP,AK,F
13:59:53,ICBP,RG,8900,1,D,YP,AK,F
13:59:52,ICBP,RG,8900,10,D,YP,YP,D
13:59:49,ICBP,RG,8900,1,D,YP,AK,F
13:59:49,ICBP,RG,8900,1,D,YP,AK,F
13:59:48,ICBP,RG,8900,1,D,YP,YP,D
13:59:41,ICBP,RG,8900,1,D,YP,AK,F
13:59:41,ICBP,RG,8900,1,D,YP,AK,F
13:59:40,ICBP,RG,8925,9,D,CC,DP,D
13:59:35,ICBP,RG,8900,5,D,YP,AK,F
13:59:35,ICBP,RG,8900,5,D,YP,AK,F
13:59:34,ICBP,RG,8925,40,D,PP,DP,D
13:59:09,ICBP,RG,8900,5,D,YP,AK,F
13:59:09,ICBP,RG,8900,3,D,YP,AK,F
13:59:09,ICBP,RG,8900,1,D,YP,AK,F
13:59:09,ICBP,RG,8900,38,D,YP,ZP,F
13:59:09,ICBP,RG,8900,2,D,YP,AK,F
13:59:09,ICBP,RG,8900,1,D,YP,AK,F
13:59:09,ICBP,RG,8900,10,D,YP,AK,F
13:59:09,ICBP,RG,8900,10,D,YP,AK,F
13:59:08,ICBP,RG,8900,96,D,YP,AK,F
13:59:08,ICBP,RG,8900,96,D,YP,AK,F
13:59:08,ICBP,RG,8925,2,F,CS,DP,D
13:59:08,ICBP,RG,8900,9,D,YP,YP,D
13:59:08,ICBP,RG,8900,15,D,YP,PD,D
13:59:08,ICBP,RG,8900,4,D,YP,PD,D
13:59:08,ICBP,RG,8900,62,D,YP,DX,D
13:59:05,ICBP,RG,8900,1,F,CS,DX,D
13:59:05,ICBP,RG,8875,11,D,GR,ZP,F
13:59:05,ICBP,RG,8875,2,D,YB,ZP,F
13:59:05,ICBP,RG,8875,1,D,XC,ZP,F
13:59:05,ICBP,RG,8875,2,D,PD,ZP,F
13:59:05,ICBP,RG,8875,27,F,CS,ZP,F
13:59:05,ICBP,RG,8900,29,F,CS,DX,D
13:59:05,ICBP,RG,8900,18,F,BK,DX,D
13:59:05,ICBP,RG,8900,29,F,BK,KZ,D
13:59:05,ICBP,RG,8900,2,F,BK,YP,D
13:59:05,ICBP,RG,8900,15,F,BK,YU,D
13:59:05,ICBP,RG,8900,5,F,BK,YP,D
13:59:05,ICBP,RG,8900,1,F,BK,AK,F
13:59:05,ICBP,RG,8900,1,F,BK,AK,F
13:59:05,ICBP,RG,8900,169,F,BK,XA,D
13:59:05,ICBP,RG,8900,1,D,XC,XA,D
13:58:48,ICBP,RG,8900,82,F,CS,XA,D
13:58:45,ICBP,RG,8900,10,D,XL,XA,D
13:58:36,ICBP,RG,8900,44,F,CS,XA,D
13:58:33,ICBP,RG,8900,3,D,LG,XA,D
13:58:25,ICBP,RG,8900,2,D,XC,XA,D
13:58:03,ICBP,RG,8900,3,D,XL,XA,D
13:57:51,ICBP,RG,8875,41,F,CS,ZP,F
13:57:51,ICBP,RG,8900,28,F,CS,XA,D
13:57:51,ICBP,RG,8900,20,D,PD,XA,D
13:57:50,ICBP,RG,8900,23,D,NI,XA,D
13:57:50,ICBP,RG,8900,1,D,CC,XA,D
13:57:24,ICBP,RG,8900,14,F,CS,XA,D
13:57:24,ICBP,RG,8900,2,F,CS,ZP,D
13:57:24,ICBP,RG,8900,81,F,CS,DX,D
13:57:23,ICBP,RG,8900,40,F,CS,DX,D
13:56:48,ICBP,RG,8900,1,D,CC,DX,D
13:56:43,ICBP,RG,8900,9,F,CS,DX,D
13:56:43,ICBP,RG,8900,33,F,CS,RF,D
13:56:34,ICBP,RG,8900,1,D,XC,RF,D
13:56:32,ICBP,RG,8900,3,D,YP,RF,D
13:56:21,ICBP,RG,8900,1,D,XC,RF,D
13:56:04,ICBP,RG,8900,1,D,CC,RF,D
13:56:01,ICBP,RG,8900,3,F,CS,RF,D
13:56:01,ICBP,RG,8900,12,F,CS,DX,D
13:56:01,ICBP,RG,8900,1,D,PD,DX,D
13:55:57,ICBP,RG,8900,1,D,PD,DX,D
13:55:46,ICBP,RG,8900,18,F,CS,DX,D
13:55:46,ICBP,RG,8900,14,F,CS,DX,D
13:55:46,ICBP,RG,8900,28,D,YP,DX,D
13:55:44,ICBP,RG,8900,5,D,YP,DX,D
13:55:32,ICBP,RG,8900,23,F,CS,DX,D
13:55:24,ICBP,RG,8900,1,D,PD,AK,F
13:55:17,ICBP,RG,8900,4,F,CS,AK,F
13:55:17,ICBP,RG,8900,12,D,YP,AK,F
13:55:17,ICBP,RG,8900,1,F,CS,AK,F
13:55:16,ICBP,RG,8900,1,F,CS,AK,F
13:55:16,ICBP,RG,8900,2,F,CS,AK,F
13:55:16,ICBP,RG,8900,3,F,CS,AK,F
13:55:16,ICBP,RG,8900,6,F,CS,AK,F
13:55:15,ICBP,RG,8875,19,F,CS,ZP,F
13:55:09,ICBP,RG,8900,2,F,CS,AK,F
13:55:09,ICBP,RG,8900,2,F,CS,AK,F
13:55:06,ICBP,RG,8925,1,F,CS,DP,D
13:55:06,ICBP,RG,8900,4,F,CS,YU,D
13:55:05,ICBP,RG,8900,3,F,CS,YU,D
13:55:05,ICBP,RG,8900,4,F,CS,KZ,D
13:55:01,ICBP,RG,8900,3,F,CS,KZ,D
13:55:01,ICBP,RG,8900,11,D,YP,KZ,D
13:55:00,ICBP,RG,8900,1,D,KK,KZ,D
13:55:00,ICBP,RG,8900,2,F,CS,KZ,D
13:54:59,ICBP,RG,8900,1,F,AK,KZ,D
13:54:59,ICBP,RG,8900,4,F,AK,KZ,D
13:54:58,ICBP,RG,8900,2,F,CS,KZ,D
13:54:58,ICBP,RG,8900,9,F,CS,LG,D
13:54:58,ICBP,RG,8900,41,F,AK,LG,D
13:54:58,ICBP,RG,8900,6,F,AK,RF,D
13:54:58,ICBP,RG,8900,11,F,CS,RF,D
13:54:50,ICBP,RG,8900,15,D,ZP,RF,D
13:54:49,ICBP,RG,8875,2,F,CS,XL,D
13:54:46,ICBP,RG,8900,5,F,CS,RF,D
13:54:46,ICBP,RG,8900,5,D,CC,RF,D
13:54:43,ICBP,RG,8900,10,F,AK,AK,F
13:54:43,ICBP,RG,8900,3,F,CS,AK,F
13:54:43,ICBP,RG,8900,2,F,CS,AK,F
13:54:39,ICBP,RG,8900,1,F,AK,AK,F
13:54:39,ICBP,RG,8900,5,F,CS,AK,F
13:54:34,ICBP,RG,8900,1,F,CS,ZP,D
13:54:33,ICBP,RG,8875,11,F,CS,ZP,F
13:54:33,ICBP,RG,8875,24,D,YP,ZP,F
13:54:33,ICBP,RG,8900,16,F,AK,CC,D
13:54:33,ICBP,RG,8900,14,F,CS,CC,D
13:54:33,ICBP,RG,8900,25,F,CS,AK,F
13:54:32,ICBP,RG,8900,2,F,CS,AK,F
13:54:32,ICBP,RG,8900,5,F,CS,AK,F
13:54:32,ICBP,RG,8900,20,F,CS,AK,F
13:54:32,ICBP,RG,8900,1,D,YP,AK,F
13:54:32,ICBP,RG,8900,2,D,NI,AK,F
13:54:32,ICBP,RG,8900,1,D,XA,AK,F
13:54:32,ICBP,RG,8900,2,D,YP,AK,F
13:54:32,ICBP,RG,8900,43,F,CS,AK,F
13:54:32,ICBP,RG,8900,69,F,CS,AK,F
13:54:31,ICBP,RG,8900,82,F,CS,AK,F
13:54:31,ICBP,RG,8900,59,F,CS,ZP,F
13:54:31,ICBP,RG,8900,2,D,CC,ZP,F
13:54:31,ICBP,RG,8900,5,F,CS,ZP,F
13:54:31,ICBP,RG,8900,111,F,CS,PD,D
13:54:31,ICBP,RG,8900,356,D,BB,PD,D
13:54:12,ICBP,RG,8900,4,D,BB,AK,F
13:54:11,ICBP,RG,8900,2,D,BB,XC,D
13:54:07,ICBP,RG,8900,4,D,BB,AK,F
13:54:06,ICBP,RG,8900,5,D,BB,PD,D
13:54:00,ICBP,RG,8900,23,D,BB,YU,D
13:54:00,ICBP,RG,8900,2,D,SQ,YU,D
13:54:00,ICBP,RG,8900,4,D,YU,YU,D
13:53:41,ICBP,RG,8900,1,D,YU,AK,F
13:53:41,ICBP,RG,8900,1,D,YU,AK,F
13:53:40,ICBP,RG,8900,4,D,YU,AT,D
13:53:25,ICBP,RG,8900,5,D,YU,AK,F
13:53:25,ICBP,RG,8900,5,D,YU,AK,F
13:53:24,ICBP,RG,8900,42,D,YU,RF,D
13:53:00,ICBP,RG,8900,2,D,YU,AK,F
13:53:00,ICBP,RG,8900,1,D,YU,AK,F
13:53:00,ICBP,RG,8900,3,D,YU,AK,F
13:53:00,ICBP,RG,8900,21,D,YU,AK,F
13:53:00,ICBP,RG,8900,11,D,YU,AK,F
13:53:00,ICBP,RG,8900,5,D,XL,AK,F
13:53:00,ICBP,RG,8900,5,D,CC,AK,F
13:52:59,ICBP,RG,8900,15,D,CC,ZP,F
13:52:59,ICBP,RG,8900,8,D,PG,ZP,F
13:52:59,ICBP,RG,8900,1,D,XC,ZP,F
13:52:59,ICBP,RG,8900,1,D,XC,ZP,F
13:52:59,ICBP,RG,8900,1,D,DH,ZP,F
13:52:59,ICBP,RG,8900,1,D,PG,ZP,F
13:52:59,ICBP,RG,8900,8,D,YP,ZP,F
13:52:59,ICBP,RG,8900,14,D,YP,ZP,F
13:52:59,ICBP,RG,8900,141,D,YP,DX,D
13:52:43,ICBP,RG,8900,1,D,YP,AK,F
13:52:24,ICBP,RG,8900,15,D,YP,AK,F
13:51:58,ICBP,RG,8900,29,D,YP,AK,F
13:51:58,ICBP,RG,8900,1,D,XC,AK,F
13:51:58,ICBP,RG,8900,26,D,LG,AK,F
13:51:58,ICBP,RG,8900,80,F,CS,AK,F
13:51:39,ICBP,RG,8900,30,F,CS,AK,F
13:51:39,ICBP,RG,8900,99,F,CS,AK,F
13:51:12,ICBP,RG,8900,64,F,CS,ZP,F
13:51:12,ICBP,RG,8900,37,F,CS,PD,D
13:51:12,ICBP,RG,8900,6,D,YP,PD,D
13:51:12,ICBP,RG,8900,1,D,YP,PD,D
13:51:12,ICBP,RG,8900,1,D,YP,PD,D
13:51:12,ICBP,RG,8900,1,D,YP,PD,D
13:51:12,ICBP,RG,8900,1,D,YP,PD,D
13:51:12,ICBP,RG,8900,10,D,SQ,PD,D
13:51:12,ICBP,RG,8900,1,D,YP,PD,D
13:51:12,ICBP,RG,8900,20,D,SQ,PD,D
13:51:12,ICBP,RG,8900,1,D,NI,PD,D
13:51:12,ICBP,RG,8900,260,F,CS,PD,D
13:51:12,ICBP,RG,8900,25,D,DH,PD,D
13:51:12,ICBP,RG,8900,1,D,CC,PD,D
13:51:12,ICBP,RG,8900,2,D,YP,PD,D
13:51:12,ICBP,RG,8900,100,D,BB,PD,D
13:51:10,ICBP,RG,8900,2,D,BB,NI,D
13:50:55,ICBP,RG,8900,7,D,BB,PD,D
13:50:52,ICBP,RG,8925,1,D,PD,DP,D
13:50:35,ICBP,RG,8925,5,D,XL,DP,D
13:50:18,ICBP,RG,8900,64,D,BB,DX,D
13:50:18,ICBP,RG,8900,10,D,XC,DX,D
13:50:18,ICBP,RG,8900,60,F,CS,DX,D
13:50:17,ICBP,RG,8900,23,F,CS,ZP,F
13:49:24,ICBP,RG,8925,5,D,NI,DP,D
13:49:22,ICBP,RG,8900,1,F,CS,XC,D
13:48:59,ICBP,RG,8925,1,D,DH,DP,D
13:48:55,ICBP,RG,8900,10,F,CS,BK,F
13:48:41,ICBP,RG,8925,10,D,CC,DP,D
13:48:19,ICBP,RG,8900,29,F,CS,KZ,D
13:48:11,ICBP,RG,8925,2,D,GR,DP,D
13:48:11,ICBP,RG,8925,12,D,CP,DP,D
13:47:48,ICBP,RG,8900,10,F,CS,BK,F
13:47:42,ICBP,RG,8900,69,F,CS,DX,D
13:47:42,ICBP,RG,8900,47,F,CS,DX,D
13:47:42,ICBP,RG,8900,2,D,BB,DX,D
13:47:41,ICBP,RG,8900,33,D,BB,ZP,F
13:47:41,ICBP,RG,8925,154,F,CS,DP,D
13:47:28,ICBP,RG,8900,73,D,BB,AK,F
13:47:09,ICBP,RG,8900,66,D,BB,AK,F
13:46:42,ICBP,RG,8900,10,D,BB,BK,F
13:46:20,ICBP,RG,8925,1,D,PD,DP,D
13:45:36,ICBP,RG,8900,9,D,BB,BK,F
13:45:36,ICBP,RG,8900,1,F,CS,BK,F
13:45:16,ICBP,RG,8900,16,F,CS,ZP,F
13:45:14,ICBP,RG,8900,112,F,CS,DX,D
13:44:39,ICBP,RG,8900,16,F,CS,ZP,F
13:44:39,ICBP,RG,8900,1,D,XC,ZP,F
13:44:39,ICBP,RG,8900,12,D,XC,ZP,F
13:44:39,ICBP,RG,8900,4,D,YP,ZP,F
13:44:39,ICBP,RG,8900,10,F,CS,ZP,F
13:44:15,ICBP,RG,8900,11,F,CS,BK,F
13:44:05,ICBP,RG,8900,50,F,CS,LG,D
13:44:03,ICBP,RG,8900,29,F,CS,LG,D
13:44:03,ICBP,RG,8900,1,D,SQ,LG,D
13:44:03,ICBP,RG,8900,20,F,CS,LG,D
13:43:48,ICBP,RG,8900,3,F,CS,XC,D
13:43:34,ICBP,RG,8900,4,F,CS,PD,D
13:43:29,ICBP,RG,8925,2,D,CP,DP,D
13:43:17,ICBP,RG,8925,164,F,CS,DP,D
13:42:41,ICBP,RG,8900,32,F,CS,DX,D
13:42:41,ICBP,RG,8900,77,D,BB,DX,D
13:42:10,ICBP,RG,8900,8,D,BB,XL,D
13:41:49,ICBP,RG,8900,5,D,BB,YP,D
13:41:07,ICBP,RG,8900,1,D,BB,AK,F
13:41:07,ICBP,RG,8900,1,D,BB,AK,F
13:41:07,ICBP,RG,8925,10,D,CC,DP,D
13:40:19,ICBP,RG,8900,1,D,BB,AK,F
13:40:18,ICBP,RG,8900,2,D,BB,AK,F
13:40:18,ICBP,RG,8900,1,D,BB,AK,F
13:40:18,ICBP,RG,8900,14,D,BB,ZP,F
13:40:00,ICBP,RG,8900,3,F,AK,AK,F
13:40:00,ICBP,RG,8900,2,F,AK,AK,F
13:40:00,ICBP,RG,8900,6,F,AK,AK,F
13:40:00,ICBP,RG,8900,3,F,AK,AK,F
13:40:00,ICBP,RG,8900,2,F,AK,AK,F
13:40:00,ICBP,RG,8900,15,F,AK,AK,F
13:39:59,ICBP,RG,8925,15,F,CS,DP,D
13:39:59,ICBP,RG,8900,10,F,AK,BK,F
13:39:59,ICBP,RG,8900,1,F,AK,AK,F
13:39:59,ICBP,RG,8900,20,F,AK,AK,F
13:39:59,ICBP,RG,8900,30,F,AK,ZP,F
13:39:59,ICBP,RG,8900,85,F,AK,DX,D
13:39:59,ICBP,RG,8900,56,D,YU,DX,D
13:39:59,ICBP,RG,8900,2,D,YU,YP,D
13:39:59,ICBP,RG,8900,28,D,YU,KZ,D
13:39:59,ICBP,RG,8900,5,D,YU,CC,D
13:39:59,ICBP,RG,8900,32,D,YU,AK,F
13:39:59,ICBP,RG,8900,42,D,YU,RF,D
13:39:59,ICBP,RG,8900,35,D,YU,DX,D
13:39:45,ICBP,RG,8900,107,F,CS,DX,D
13:39:45,ICBP,RG,8900,5,F,CS,RF,D
13:39:45,ICBP,RG,8900,37,F,CS,RF,D
13:39:45,ICBP,RG,8900,17,F,CS,BK,F
13:39:13,ICBP,RG,8875,6,D,YP,YU,D
13:39:13,ICBP,RG,8875,16,D,YP,YU,D
13:38:53,ICBP,RG,8900,3,F,CS,BK,F
13:38:53,ICBP,RG,8900,1,F,CS,CC,F
13:38:53,ICBP,RG,8900,39,F,CS,AK,F
13:38:53,ICBP,RG,8900,3,F,CS,AK,F
13:38:39,ICBP,RG,8875,1,D,YP,AK,F
13:38:38,ICBP,RG,8875,3,D,YP,BK,F
13:38:38,ICBP,RG,8875,7,D,YP,BK,F
13:38:12,ICBP,RG,8875,4,D,YP,AK,F
13:38:11,ICBP,RG,8900,36,F,CS,AK,F
13:37:40,ICBP,RG,8875,3,D,YP,AK,F
13:37:39,ICBP,RG,8900,4,F,CS,AK,F
13:37:39,ICBP,RG,8900,24,F,CS,DX,D
13:37:20,ICBP,RG,8900,3,D,YU,DX,D
13:37:20,ICBP,RG,8875,1,D,YP,AK,F
13:37:20,ICBP,RG,8875,4,D,YP,AK,F
13:37:20,ICBP,RG,8875,3,D,YP,AK,F
13:37:19,ICBP,RG,8900,30,F,CS,DX,D
13:36:58,ICBP,RG,8875,3,D,YP,AK,F
13:36:58,ICBP,RG,8875,3,D,YP,AK,F
13:36:57,ICBP,RG,8900,26,F,CS,DX,D
13:36:48,ICBP,RG,8875,1,D,YP,AK,F
13:36:47,ICBP,RG,8875,1,D,YP,AK,F
13:36:47,ICBP,RG,8875,1,D,YP,AK,F
13:36:47,ICBP,RG,8875,1,D,YP,AK,F
13:36:47,ICBP,RG,8875,1,D,YP,AK,F
13:36:47,ICBP,RG,8875,19,D,YP,AK,F
13:36:47,ICBP,RG,8875,18,D,YP,AK,F
13:36:47,ICBP,RG,8875,30,D,YP,ZP,F
13:36:47,ICBP,RG,8875,1,D,YP,ZP,F
13:36:47,ICBP,RG,8875,7,D,IF,ZP,F
13:36:46,ICBP,RG,8900,1,F,CS,DX,D
13:36:46,ICBP,RG,8900,45,F,CS,DX,D
13:36:46,ICBP,RG,8900,2,F,CS,PD,D
13:36:46,ICBP,RG,8900,1,F,CS,PD,D
13:36:46,ICBP,RG,8900,42,F,CS,ZP,F
13:36:46,ICBP,RG,8900,41,F,CS,CC,D
13:36:39,ICBP,RG,8875,1,D,IF,AK,F
13:36:38,ICBP,RG,8875,1,D,IF,AK,F
13:36:38,ICBP,RG,8875,2,D,IF,AK,F
13:36:38,ICBP,RG,8875,1,D,YP,AK,F
13:36:38,ICBP,RG,8875,3,F,CS,AK,F
13:36:37,ICBP,RG,8900,30,F,CS,CC,D
13:36:16,ICBP,RG,8875,1,F,CS,AK,F
13:36:16,ICBP,RG,8875,3,F,CS,AK,F
13:36:16,ICBP,RG,8875,2,F,CS,AK,F
13:36:15,ICBP,RG,8900,26,F,CS,CC,D
13:36:01,ICBP,RG,8875,1,F,CS,AK,F
13:36:01,ICBP,RG,8875,1,F,CS,AK,F
13:36:00,ICBP,RG,8875,5,F,CS,CC,D
13:35:56,ICBP,RG,8875,2,F,CS,AK,F
13:35:56,ICBP,RG,8875,2,F,CS,AK,F
13:35:56,ICBP,RG,8875,2,F,CS,NI,D
13:35:55,ICBP,RG,8900,16,F,CS,CC,D
13:35:45,ICBP,RG,8875,1,F,CS,AK,F
13:35:45,ICBP,RG,8875,1,F,CS,AK,F
13:35:45,ICBP,RG,8875,7,F,CS,AK,F
13:35:45,ICBP,RG,8875,7,F,CS,AK,F
13:35:44,ICBP,RG,8900,59,F,CS,CC,D
13:35:44,ICBP,RG,8875,1,F,CS,AK,F
13:35:44,ICBP,RG,8875,1,F,CS,AK,F
13:35:44,ICBP,RG,8875,10,F,CS,CC,D
13:35:19,ICBP,RG,8875,1,F,CS,AK,F
13:35:19,ICBP,RG,8875,6,F,CS,AK,F
13:35:19,ICBP,RG,8875,5,F,CS,AK,F
13:35:18,ICBP,RG,8875,46,F,CS,ZP,F
13:34:59,ICBP,RG,8900,5,D,XC,CC,D
13:34:18,ICBP,RG,8875,1,F,CS,AK,F
13:34:18,ICBP,RG,8875,2,F,CS,AK,F
13:34:18,ICBP,RG,8875,1,F,CS,AK,F
13:34:18,ICBP,RG,8875,11,F,CS,AK,F
13:34:18,ICBP,RG,8875,11,F,CS,AK,F
13:34:17,ICBP,RG,8900,100,D,YU,CC,D
13:34:14,ICBP,RG,8875,1,F,CS,AK,F
13:34:14,ICBP,RG,8900,5,D,KI,CC,D
13:34:13,ICBP,RG,8875,1,F,CS,AK,F
13:34:13,ICBP,RG,8900,2,D,PD,CC,D
13:34:12,ICBP,RG,8875,1,F,CS,AK,F
13:34:12,ICBP,RG,8875,1,F,CS,AK,F
13:34:12,ICBP,RG,8875,13,F,CS,AK,F
13:34:12,ICBP,RG,8875,13,F,CS,AK,F
13:34:11,ICBP,RG,8900,1,F,CS,CC,D
13:34:11,ICBP,RG,8900,22,F,CS,CC,D
13:34:11,ICBP,RG,8900,93,F,CS,CC,D
13:34:11,ICBP,RG,8900,1,F,CS,BK,F
13:34:06,ICBP,RG,8900,1,D,PD,BK,F
13:33:52,ICBP,RG,8875,2,F,CS,AK,F
13:33:51,ICBP,RG,8875,1,F,CS,AK,F
13:33:51,ICBP,RG,8900,8,D,KI,BK,F
13:33:51,ICBP,RG,8900,1,D,KI,CC,F
13:33:51,ICBP,RG,8900,5,D,KI,YP,D
13:33:51,ICBP,RG,8900,1,D,KI,AK,F
13:33:44,ICBP,RG,8875,1,F,CS,AK,F
13:33:44,ICBP,RG,8900,1,D,CC,AK,F
13:33:44,ICBP,RG,8900,9,D,CC,CC,D
13:33:40,ICBP,RG,8875,1,F,CS,AK,F
13:33:40,ICBP,RG,8875,1,F,CS,AK,F
13:33:39,ICBP,RG,8875,9,F,CS,XC,D
13:33:04,ICBP,RG,8875,1,F,CS,AK,F
13:33:03,ICBP,RG,8875,1,F,CS,XC,D
13:33:02,ICBP,RG,8875,1,F,CS,AK,F
13:33:02,ICBP,RG,8875,1,F,CS,AK,F
13:33:02,ICBP,RG,8875,1,F,CS,AK,F
13:33:01,ICBP,RG,8875,15,F,CS,XL,D
13:32:25,ICBP,RG,8875,1,F,CS,AK,F
13:32:24,ICBP,RG,8900,1,D,PD,CC,D
13:32:05,ICBP,RG,8875,1,D,DR,AK,F
13:32:04,ICBP,RG,8875,6,D,DR,CC,D
13:31:50,ICBP,RG,8875,1,D,DR,AK,F
13:31:50,ICBP,RG,8875,2,D,DR,AK,F
13:31:50,ICBP,RG,8875,1,D,YP,AK,F
13:31:49,ICBP,RG,8900,12,F,CS,CC,D
13:31:40,ICBP,RG,8875,4,D,YP,AK,F
13:31:40,ICBP,RG,8875,1,D,YP,AK,F
13:31:40,ICBP,RG,8875,2,D,YP,AK,F
13:31:40,ICBP,RG,8875,1,D,XC,AK,F
13:31:40,ICBP,RG,8875,1,D,PD,AK,F
13:31:40,ICBP,RG,8875,1,D,YP,AK,F
13:31:39,ICBP,RG,8900,1,F,CS,CC,D
13:31:39,ICBP,RG,8900,20,D,PD,CC,D
13:31:39,ICBP,RG,8900,16,F,CS,CC,D
13:31:39,ICBP,RG,8900,8,F,CS,CC,D
13:31:21,ICBP,RG,8875,1,D,YP,AK,F
13:31:21,ICBP,RG,8875,1,D,YP,AK,F
13:31:21,ICBP,RG,8875,3,D,YP,AK,F
13:31:21,ICBP,RG,8875,2,D,YP,AK,F
13:31:20,ICBP,RG,8900,1,F,CS,CC,D
13:31:20,ICBP,RG,8900,26,F,CS,CC,D
13:31:05,ICBP,RG,8875,7,D,YP,XL,D
13:31:00,ICBP,RG,8875,4,D,YP,AK,F
13:31:00,ICBP,RG,8900,1,F,CS,CC,D
13:31:00,ICBP,RG,8900,5,F,CS,CC,D
13:31:00,ICBP,RG,8900,1,F,CS,YP,D
13:31:00,ICBP,RG,8900,7,F,CS,ZP,F
13:31:00,ICBP,RG,8900,3,F,CS,CC,D
13:31:00,ICBP,RG,8900,3,F,CS,XC,D
13:31:00,ICBP,RG,8900,1,F,CS,XC,D
13:31:00,ICBP,RG,8900,1,F,CS,XC,D
13:31:00,ICBP,RG,8900,5,F,CS,AK,F
13:31:00,ICBP,RG,8900,1,F,CS,ZP,D
13:31:00,ICBP,RG,8900,1,F,CS,LG,D
13:30:39,ICBP,RG,8875,4,D,YP,AK,F
13:30:39,ICBP,RG,8875,4,D,YP,AK,F
13:30:39,ICBP,RG,8900,1,D,XL,LG,D
13:30:38,ICBP,RG,8900,23,F,CS,LG,D
13:30:38,ICBP,RG,8900,1,F,CS,AT,D
13:30:38,ICBP,RG,8900,10,F,CS,DX,D
13:30:37,ICBP,RG,8875,1,D,YP,XL,D
13:30:34,ICBP,RG,8875,2,D,YP,XL,D
13:30:18,ICBP,RG,8875,1,D,YP,AK,F
13:30:17,ICBP,RG,8875,1,D,YP,AK,F
13:30:16,ICBP,RG,8900,5,D,CC,DX,D
13:30:15,ICBP,RG,8875,1,D,YP,AK,F
13:30:15,ICBP,RG,8875,1,D,YP,AK,F
13:30:15,ICBP,RG,8900,7,D,XL,DX,D
13:30:12,ICBP,RG,8875,3,D,YP,XC,D
13:30:11,ICBP,RG,8875,1,D,YP,AK,F
13:30:11,ICBP,RG,8875,2,D,YP,AK,F
13:30:11,ICBP,RG,8875,2,D,YP,YP,D
13:30:10,ICBP,RG,8900,2,F,CS,DX,D
13:30:10,ICBP,RG,8900,6,D,YP,DX,D
13:30:10,ICBP,RG,8875,1,D,YP,AK,F
13:30:10,ICBP,RG,8900,5,D,YP,DX,D
13:30:09,ICBP,RG,8875,1,D,YP,YP,D
13:30:08,ICBP,RG,8875,1,D,YP,AK,F
13:30:08,ICBP,RG,8875,1,D,YP,AK,F
13:30:08,ICBP,RG,8900,1,D,XL,DX,D
13:30:07,ICBP,RG,8900,2,F,CS,DX,D
13:30:07,ICBP,RG,8875,1,D,YP,AK,F
13:30:07,ICBP,RG,8875,3,D,YP,AK,F
13:30:07,ICBP,RG,8875,1,D,CC,AK,F
13:30:06,ICBP,RG,8875,9,D,CC,AK,F
13:30:06,ICBP,RG,8875,1,D,LG,AK,F
13:30:06,ICBP,RG,8875,4,D,LG,AK,F
13:30:06,ICBP,RG,8875,32,D,CC,AK,F
13:30:06,ICBP,RG,8875,51,D,CC,ZP,F
13:30:05,ICBP,RG,8900,1,F,CS,DX,D
13:30:05,ICBP,RG,8900,5,D,XC,DX,D
13:30:05,ICBP,RG,8875,3,D,CC,XC,D
13:30:05,ICBP,RG,8900,1,D,XC,DX,D
13:30:04,ICBP,RG,8875,14,D,CC,AK,F
13:30:04,ICBP,RG,8875,1,D,KK,AK,F
13:30:04,ICBP,RG,8875,1,D,XC,AK,F
13:30:04,ICBP,RG,8875,1,D,YP,AK,F
13:30:04,ICBP,RG,8875,2,D,XL,AK,F
13:30:04,ICBP,RG,8875,12,F,CS,AK,F
13:30:04,ICBP,RG,8875,4,F,CS,CC,D
13:30:04,ICBP,RG,8875,1,F,CS,LG,D
13:30:04,ICBP,RG,8900,10,D,EP,DX,D
13:30:04,ICBP,RG,8900,11,D,CC,DX,D
13:30:04,ICBP,RG,8875,1,F,CS,AK,F
13:30:04,ICBP,RG,8875,1,F,CS,XC,D
13:30:04,ICBP,RG,8875,1,F,CS,XC,D
13:30:03,ICBP,RG,8875,11,F,CS,AK,F
13:30:03,ICBP,RG,8875,1,F,CS,AK,F
13:30:03,ICBP,RG,8900,21,F,CS,DX,D
13:30:03,ICBP,RG,8875,7,F,CS,AK,F
13:30:02,ICBP,RG,8875,61,F,CS,XC,D
13:30:02,ICBP,RG,8875,1,D,PD,XC,D
13:30:02,ICBP,RG,8875,11,D,NI,XC,D
13:30:02,ICBP,RG,8875,45,D,NI,XC,D
13:30:02,ICBP,RG,8875,66,D,NI,NI,D
13:30:02,ICBP,RG,8875,2,D,NI,PD,D
13:30:01,ICBP,RG,8900,4,D,PD,DX,D
13:30:01,ICBP,RG,8900,12,D,YU,DX,D
13:30:01,ICBP,RG,8900,1,D,YU,PD,D
13:30:01,ICBP,RG,8900,29,D,YU,KZ,D
13:30:01,ICBP,RG,8900,2,D,YU,XC,D
13:30:01,ICBP,RG,8900,15,D,YU,AK,F
13:30:01,ICBP,RG,8900,2,D,YU,AK,F
13:30:01,ICBP,RG,8900,16,D,YU,ZP,F
13:30:01,ICBP,RG,8900,23,D,YU,RF,D
13:30:01,ICBP,RG,8900,4,D,PD,RF,D
13:30:01,ICBP,RG,8900,2,D,PD,RF,D
13:30:01,ICBP,RG,8875,2,D,NI,PD,D
13:30:01,ICBP,RG,8875,4,D,NI,PD,D
13:30:01,ICBP,RG,8900,13,D,PD,RF,D
13:30:01,ICBP,RG,8900,1,D,PD,DR,D
13:30:01,ICBP,RG,8900,46,D,PD,DX,D
13:30:01,ICBP,RG,8900,1,D,PD,DX,D
13:30:01,ICBP,RG,8900,1,D,PD,DX,D
13:30:01,ICBP,RG,8900,1,D,SQ,DX,D
13:30:01,ICBP,RG,8875,2,D,NI,EP,D
13:30:01,ICBP,RG,8875,1,D,NI,EP,D
13:30:01,ICBP,RG,8900,1,D,EP,DX,D
13:30:01,ICBP,RG,8900,3,D,AO,DX,D
13:30:01,ICBP,RG,8875,9,D,NI,KK,D
13:30:01,ICBP,RG,8900,5,D,AT,DX,D
11:29:58,ICBP,RG,8875,1,D,NI,AK,F
11:29:58,ICBP,RG,8875,1,D,NI,AK,F
11:29:58,ICBP,RG,8875,1,D,NI,AK,F
11:29:57,ICBP,RG,8875,13,D,NI,ZP,F
11:29:56,ICBP,RG,8875,1,D,NI,AK,F
11:29:56,ICBP,RG,8875,2,D,NI,AK,F
11:29:55,ICBP,RG,8875,12,D,NI,AK,F
11:29:55,ICBP,RG,8875,11,D,NI,AK,F
11:29:55,ICBP,RG,8900,55,D,YP,DX,D
11:29:55,ICBP,RG,8900,10,D,YP,BK,F
11:29:55,ICBP,RG,8900,15,D,YP,CC,D
11:29:55,ICBP,RG,8900,1,D,YP,ZP,D
11:29:55,ICBP,RG,8900,19,D,YP,AK,F
11:29:49,ICBP,RG,8900,2,D,PD,AK,F
11:29:45,ICBP,RG,8875,1,D,NI,ZP,F
11:29:31,ICBP,RG,8875,1,D,NI,AK,F
11:29:31,ICBP,RG,8875,1,D,NI,AK,F
11:29:30,ICBP,RG,8875,5,D,NI,ZP,F
11:29:10,ICBP,RG,8875,1,D,NI,AK,F
11:29:09,ICBP,RG,8875,7,D,NI,BQ,D
11:29:05,ICBP,RG,8875,1,D,NI,AK,F
11:29:04,ICBP,RG,8875,1,D,NI,PD,D
11:29:00,ICBP,RG,8875,1,D,NI,AK,F
11:29:00,ICBP,RG,8875,1,D,NI,AK,F
11:28:59,ICBP,RG,8875,7,D,NI,BK,F
11:28:59,ICBP,RG,8875,4,D,YP,BK,F
11:28:41,ICBP,RG,8875,1,D,YP,BQ,D
11:28:36,ICBP,RG,8900,1,D,XL,AK,F
11:28:10,ICBP,RG,8875,1,D,YP,AK,F
11:28:10,ICBP,RG,8875,2,D,YP,PD,D
11:28:01,ICBP,RG,8875,1,D,YP,AK,F
11:28:01,ICBP,RG,8875,2,D,YP,AK,F
11:28:01,ICBP,RG,8875,2,D,YP,AK,F
11:28:00,ICBP,RG,8875,7,D,YP,ZP,F
11:28:00,ICBP,RG,8875,5,D,YP,ZP,F
11:28:00,ICBP,RG,8875,5,D,NI,ZP,F
11:28:00,ICBP,RG,8900,1,D,CC,PD,D
11:28:00,ICBP,RG,8900,4,D,CC,PD,D
11:27:56,ICBP,RG,8900,1,D,CC,AK,F
11:27:55,ICBP,RG,8900,2,D,CC,AK,F
11:27:55,ICBP,RG,8900,2,D,CC,AK,F
11:27:55,ICBP,RG,8900,11,D,CC,AK,F
11:27:55,ICBP,RG,8900,2,D,XC,AK,F
11:27:55,ICBP,RG,8900,4,D,XC,AK,F
11:27:55,ICBP,RG,8900,2,D,XC,AK,F
11:27:55,ICBP,RG,8900,3,D,XC,AK,F
11:27:55,ICBP,RG,8900,1,D,KK,AK,F
11:27:55,ICBP,RG,8900,2,D,CC,AK,F
11:27:54,ICBP,RG,8900,2,D,CC,AK,F
11:27:54,ICBP,RG,8900,6,D,YP,AK,F
11:27:54,ICBP,RG,8900,57,D,YU,AK,F
11:27:54,ICBP,RG,8900,17,D,YU,AK,F
11:27:54,ICBP,RG,8900,17,D,YU,AK,F
11:27:54,ICBP,RG,8900,9,D,YU,ZP,F
11:27:54,ICBP,RG,8900,1,D,EP,ZP,F
11:27:54,ICBP,RG,8900,1,D,XC,ZP,F
11:27:54,ICBP,RG,8900,24,D,YP,ZP,F
11:27:54,ICBP,RG,8900,42,D,YP,RF,D
11:27:53,ICBP,RG,8900,34,D,YP,DX,D
11:27:53,ICBP,RG,8900,1,D,CC,DX,D
11:27:53,ICBP,RG,8900,11,D,BB,DX,D
11:27:53,ICBP,RG,8900,2,D,XC,DX,D
11:27:53,ICBP,RG,8900,31,F,CS,DX,D
11:27:53,ICBP,RG,8900,1,D,XC,DX,D
11:27:53,ICBP,RG,8900,5,D,XL,DX,D
11:27:53,ICBP,RG,8900,2,D,YP,DX,D
11:27:53,ICBP,RG,8900,5,D,XL,DX,D
11:27:53,ICBP,RG,8900,3,D,OD,DX,D
11:27:53,ICBP,RG,8900,15,D,YP,DX,D
11:27:51,ICBP,RG,8900,1,D,YP,AK,F
11:27:51,ICBP,RG,8900,1,D,YP,AK,F
11:27:50,ICBP,RG,8900,7,D,YP,PD,D
11:27:41,ICBP,RG,8900,1,D,XL,AK,F
11:27:41,ICBP,RG,8900,1,D,CC,AK,F
11:27:40,ICBP,RG,8900,4,D,CC,AK,F
11:27:40,ICBP,RG,8900,1,D,XC,AK,F
11:27:40,ICBP,RG,8900,1,D,XC,AK,F
11:27:40,ICBP,RG,8900,2,D,CC,AK,F
11:27:40,ICBP,RG,8900,1,D,YP,AK,F
11:27:40,ICBP,RG,8900,9,F,CS,AK,F
11:27:40,ICBP,RG,8900,18,F,CS,AK,F
11:27:40,ICBP,RG,8900,6,F,CS,PD,D
11:27:40,ICBP,RG,8925,56,D,BB,DP,D
11:27:31,ICBP,RG,8925,3,D,XL,DP,D
11:27:31,ICBP,RG,8900,1,F,CS,AK,F
11:27:31,ICBP,RG,8900,1,F,CS,AK,F
11:27:30,ICBP,RG,8900,7,F,CS,PD,D
11:27:21,ICBP,RG,8900,1,F,CS,AK,F
11:27:21,ICBP,RG,8900,1,F,CS,AK,F
11:27:20,ICBP,RG,8900,6,F,CS,PD,D
11:27:16,ICBP,RG,8900,1,F,CS,AK,F
11:27:16,ICBP,RG,8900,1,F,CS,AK,F
11:27:15,ICBP,RG,8900,3,F,CS,BK,F
11:27:15,ICBP,RG,8900,7,D,YP,BK,F
11:27:11,ICBP,RG,8900,1,D,YP,AK,F
11:27:11,ICBP,RG,8900,1,D,YP,AK,F
11:27:10,ICBP,RG,8900,7,D,YP,PD,D
11:27:01,ICBP,RG,8900,1,D,YP,AK,F
11:27:00,ICBP,RG,8900,6,D,YP,PD,D
11:26:58,ICBP,RG,8900,1,D,YP,AK,F
11:26:57,ICBP,RG,8900,1,D,YP,AK,F
11:26:57,ICBP,RG,8900,7,D,YP,AK,F
11:26:57,ICBP,RG,8900,6,D,YP,AK,F
11:26:57,ICBP,RG,8900,1,D,YP,AK,F
11:26:56,ICBP,RG,8900,28,D,YP,ZP,F
11:26:56,ICBP,RG,8900,28,D,YP,KZ,D
11:26:50,ICBP,RG,8900,5,D,YP,PD,D
11:26:50,ICBP,RG,8900,1,D,YP,PD,D
11:26:43,ICBP,RG,8900,1,D,YP,AK,F
11:26:42,ICBP,RG,8900,1,D,YP,AK,F
11:26:41,ICBP,RG,8900,2,D,YP,BQ,D
11:26:41,ICBP,RG,8900,2,D,YP,BQ,D
11:26:41,ICBP,RG,8900,1,D,XL,BQ,D
11:26:41,ICBP,RG,8900,2,D,XC,BQ,D
11:26:41,ICBP,RG,8900,1,D,XC,AK,F
11:26:41,ICBP,RG,8900,1,D,PD,AK,F
11:26:40,ICBP,RG,8900,7,D,PD,PD,D
11:26:38,ICBP,RG,8900,2,D,PD,PD,D
11:26:31,ICBP,RG,8900,1,D,YP,AK,F
11:26:31,ICBP,RG,8900,1,D,XC,AK,F
11:26:30,ICBP,RG,8900,6,D,XC,PD,D
11:26:27,ICBP,RG,8900,1,D,XC,AK,F
11:26:26,ICBP,RG,8900,3,D,XC,PD,D
11:26:21,ICBP,RG,8900,1,D,XC,AK,F
11:26:20,ICBP,RG,8900,4,D,XC,AK,F
11:26:20,ICBP,RG,8900,4,D,XC,AK,F
11:26:20,ICBP,RG,8900,7,D,XC,PD,D
11:26:19,ICBP,RG,8900,9,D,XC,DH,D
11:26:19,ICBP,RG,8900,20,F,CS,DH,D
11:26:14,ICBP,RG,8900,2,F,CS,PD,D
11:26:11,ICBP,RG,8900,1,F,CS,AK,F
11:26:11,ICBP,RG,8900,1,F,CS,AK,F
11:26:10,ICBP,RG,8900,6,F,CS,PD,D
11:26:03,ICBP,RG,8900,2,F,CS,PD,D
11:26:01,ICBP,RG,8900,1,F,CS,AK,F
11:26:01,ICBP,RG,8900,1,F,CS,AK,F
11:26:00,ICBP,RG,8900,7,F,CS,PD,D
11:25:58,ICBP,RG,8900,1,F,CS,AK,F
11:25:58,ICBP,RG,8900,1,F,CS,AK,F
11:25:57,ICBP,RG,8900,10,F,CS,BK,F
11:25:52,ICBP,RG,8900,1,F,CS,AK,F
11:25:52,ICBP,RG,8900,1,F,CS,AK,F
11:25:51,ICBP,RG,8900,2,F,CS,PD,D
11:25:50,ICBP,RG,8900,6,F,CS,PD,D
11:25:42,ICBP,RG,8900,1,F,CS,AK,F
11:25:41,ICBP,RG,8900,1,F,CS,AK,F
11:25:40,ICBP,RG,8900,6,F,CS,PD,D
11:25:40,ICBP,RG,8900,2,F,CS,PD,D
11:25:33,ICBP,RG,8900,1,F,CS,AK,F
11:25:32,ICBP,RG,8900,1,F,CS,AK,F
11:25:32,ICBP,RG,8900,1,F,CS,AK,F
11:25:31,ICBP,RG,8900,1,F,CS,AK,F
11:25:31,ICBP,RG,8900,1,F,CS,AK,F
11:25:31,ICBP,RG,8900,16,F,CS,YP,D
11:25:31,ICBP,RG,8900,1,F,CS,AK,F
11:25:30,ICBP,RG,8900,7,F,CS,PD,D
11:25:29,ICBP,RG,8900,1,F,CS,AK,F
11:25:28,ICBP,RG,8900,2,F,CS,PD,D
11:25:27,ICBP,RG,8900,1,F,CS,AK,F
11:25:26,ICBP,RG,8900,2,F,CS,ZP,F
11:25:24,ICBP,RG,8900,1,F,CS,AK,F
11:25:24,ICBP,RG,8900,3,F,CS,AK,F
11:25:24,ICBP,RG,8900,3,F,CS,AK,F
11:25:23,ICBP,RG,8900,2,F,CS,AK,F
11:25:23,ICBP,RG,8900,1,F,CS,AK,F
11:25:23,ICBP,RG,8900,3,F,CS,AK,F
11:25:23,ICBP,RG,8900,1,F,CS,AK,F
11:25:23,ICBP,RG,8900,3,F,CS,AK,F
11:25:23,ICBP,RG,8900,6,D,EP,AK,F
11:25:23,ICBP,RG,8900,1,D,CC,AK,F
11:25:23,ICBP,RG,8900,8,D,CC,AK,F
11:25:23,ICBP,RG,8900,12,D,CC,AK,F
11:25:23,ICBP,RG,8900,2,D,XC,AK,F
11:25:23,ICBP,RG,8900,1,D,AT,AK,F
11:25:23,ICBP,RG,8900,3,D,CC,AK,F
11:25:22,ICBP,RG,8900,2,D,CC,AK,F
11:25:22,ICBP,RG,8900,1,D,XA,AK,F
11:25:22,ICBP,RG,8900,5,D,YP,AK,F
11:25:22,ICBP,RG,8900,1,D,XL,AK,F
11:25:22,ICBP,RG,8900,1,F,CS,AK,F
11:25:22,ICBP,RG,8900,19,F,CS,ZP,F
11:25:22,ICBP,RG,8900,131,F,CS,DX,D
11:25:21,ICBP,RG,8900,1,F,CS,AK,F
11:25:20,ICBP,RG,8900,6,F,CS,PD,D
11:25:18,ICBP,RG,8900,1,F,CS,AK,F
11:25:17,ICBP,RG,8900,2,F,CS,PD,D
11:25:11,ICBP,RG,8900,1,F,CS,AK,F
11:25:11,ICBP,RG,8900,1,F,CS,AK,F
11:25:10,ICBP,RG,8900,2,F,CS,PD,D
11:25:10,ICBP,RG,8900,5,D,CC,PD,D
11:25:05,ICBP,RG,8900,2,D,YU,PD,D
11:25:01,ICBP,RG,8900,4,D,YU,AK,F
11:25:01,ICBP,RG,8900,3,D,YU,AK,F
11:25:00,ICBP,RG,8900,1,D,YU,AK,F
11:25:00,ICBP,RG,8900,24,D,YU,ZP,F
11:25:00,ICBP,RG,8900,6,D,YU,PD,D
11:24:59,ICBP,RG,8900,1,D,YU,AK,F
11:24:59,ICBP,RG,8900,7,D,YU,AK,F
11:24:59,ICBP,RG,8900,2,D,YU,AK,F
11:24:59,ICBP,RG,8900,4,F,CS,AK,F
11:24:58,ICBP,RG,8925,62,D,BB,DP,D
11:24:56,ICBP,RG,8900,1,F,CS,AK,F
11:24:55,ICBP,RG,8900,1,F,CS,AK,F
11:24:54,ICBP,RG,8900,2,F,CS,PD,D
11:24:51,ICBP,RG,8900,1,F,CS,AK,F
11:24:50,ICBP,RG,8900,7,F,CS,PD,D
11:24:47,ICBP,RG,8900,6,F,CS,AK,F
11:24:46,ICBP,RG,8900,5,F,CS,AK,F
11:24:46,ICBP,RG,8900,25,F,CS,RF,D
11:24:46,ICBP,RG,8900,17,D,YP,RF,D
11:24:42,ICBP,RG,8900,1,D,YP,AK,F
11:24:42,ICBP,RG,8900,1,D,YP,AK,F
11:24:42,ICBP,RG,8925,5,D,CC,DP,D
11:24:42,ICBP,RG,8900,2,D,YP,PD,D
11:24:42,ICBP,RG,8900,1,D,YP,AK,F
11:24:41,ICBP,RG,8900,1,D,YP,AK,F
11:24:41,ICBP,RG,8900,10,D,YU,BK,F
11:24:41,ICBP,RG,8900,1,D,YU,AK,F
11:24:41,ICBP,RG,8900,1,D,YU,AK,F
11:24:40,ICBP,RG,8900,6,D,YU,PD,D
11:24:31,ICBP,RG,8900,2,D,YU,PD,D
11:24:31,ICBP,RG,8900,1,D,YU,AK,F
11:24:31,ICBP,RG,8900,1,D,YU,AK,F
11:24:30,ICBP,RG,8900,6,D,YU,PD,D
11:24:21,ICBP,RG,8900,1,D,YU,AK,F
11:24:20,ICBP,RG,8900,7,D,YU,PD,D
11:24:20,ICBP,RG,8900,1,D,YU,AK,F
11:24:19,ICBP,RG,8900,2,D,YU,PD,D
11:24:11,ICBP,RG,8900,1,D,YU,AK,F
11:24:10,ICBP,RG,8900,6,D,YU,PD,D
11:24:09,ICBP,RG,8900,1,D,YU,AK,F
11:24:08,ICBP,RG,8900,2,D,YU,PD,D
11:24:01,ICBP,RG,8900,1,D,YU,AK,F
11:24:01,ICBP,RG,8900,1,D,YU,AK,F
11:24:00,ICBP,RG,8900,7,D,YU,PD,D
11:23:58,ICBP,RG,8900,3,D,YU,AK,F
11:23:58,ICBP,RG,8900,3,D,YU,AK,F
11:23:57,ICBP,RG,8900,1,D,YU,AK,F
11:23:57,ICBP,RG,8900,29,D,YU,ZP,F
11:23:56,ICBP,RG,8900,2,D,YU,PD,D
11:23:51,ICBP,RG,8900,1,D,YU,AK,F
11:23:50,ICBP,RG,8900,3,D,YU,PD,D
11:23:50,ICBP,RG,8900,2,D,YB,PD,D
11:23:50,ICBP,RG,8900,1,D,YP,PD,D
11:23:45,ICBP,RG,8900,1,F,CS,AK,F
11:23:44,ICBP,RG,8900,2,F,CS,PD,D
11:23:44,ICBP,RG,8900,1,F,CS,AK,F
11:23:43,ICBP,RG,8900,1,F,CS,BQ,D
11:23:41,ICBP,RG,8900,1,F,CS,AK,F
11:23:40,ICBP,RG,8900,7,F,CS,PD,D
11:23:35,ICBP,RG,8900,1,F,CS,AK,F
11:23:34,ICBP,RG,8900,1,F,CS,AK,F
11:23:34,ICBP,RG,8900,1,F,CS,AK,F
11:23:33,ICBP,RG,8900,11,F,CS,BK,F
11:23:33,ICBP,RG,8900,2,F,CS,PD,D
11:23:31,ICBP,RG,8900,1,F,CS,AK,F
11:23:31,ICBP,RG,8900,1,D,YP,AK,F
11:23:30,ICBP,RG,8900,6,D,YP,PD,D
11:23:21,ICBP,RG,8900,1,D,YP,AK,F
11:23:21,ICBP,RG,8900,1,D,YP,AK,F
11:23:21,ICBP,RG,8900,2,D,YP,PD,D
11:23:20,ICBP,RG,8900,6,D,YP,PD,D
11:23:11,ICBP,RG,8900,1,D,YP,AK,F
11:23:11,ICBP,RG,8900,1,D,YP,AK,F
11:23:10,ICBP,RG,8900,7,D,YP,PD,D
11:23:10,ICBP,RG,8900,2,D,YP,PD,D
11:23:01,ICBP,RG,8900,1,D,YP,AK,F
11:23:01,ICBP,RG,8900,1,D,YP,AK,F
11:23:00,ICBP,RG,8900,6,D,YP,PD,D
11:22:58,ICBP,RG,8900,2,D,YP,PD,D
11:22:51,ICBP,RG,8900,2,D,YP,AK,F
11:22:51,ICBP,RG,8900,2,D,YP,AK,F
11:22:50,ICBP,RG,8900,13,D,YP,AK,F
11:22:50,ICBP,RG,8900,13,D,YP,AK,F
11:22:50,ICBP,RG,8900,7,D,YP,PD,D
11:22:49,ICBP,RG,8900,25,D,YP,DX,D
11:22:49,ICBP,RG,8900,10,D,SQ,DX,D
11:22:49,ICBP,RG,8900,10,D,RF,DX,D
11:22:49,ICBP,RG,8900,5,D,CC,DX,D
11:22:49,ICBP,RG,8900,35,F,CS,DX,D
11:22:49,ICBP,RG,8900,28,D,BB,DX,D
11:22:47,ICBP,RG,8900,2,D,BB,PD,D
11:22:41,ICBP,RG,8900,1,D,BB,AK,F
11:22:41,ICBP,RG,8900,1,D,BB,AK,F
11:22:40,ICBP,RG,8900,6,D,BB,PD,D
11:22:35,ICBP,RG,8900,2,D,BB,PD,D
11:22:31,ICBP,RG,8900,1,D,BB,AK,F
11:22:31,ICBP,RG,8900,1,D,BB,AK,F
11:22:30,ICBP,RG,8900,7,D,BB,PD,D
11:22:24,ICBP,RG,8900,2,D,BB,PD,D
11:22:22,ICBP,RG,8900,1,D,BB,AK,F
11:22:21,ICBP,RG,8900,1,D,BB,AK,F
11:22:20,ICBP,RG,8900,6,D,BB,PD,D
11:22:12,ICBP,RG,8900,2,D,BB,PD,D
11:22:11,ICBP,RG,8900,1,D,BB,AK,F
11:22:11,ICBP,RG,8900,1,D,BB,AK,F
11:22:10,ICBP,RG,8900,6,D,BB,PD,D
11:22:01,ICBP,RG,8900,2,D,BB,PD,D
11:22:01,ICBP,RG,8900,1,D,BB,AK,F
11:22:00,ICBP,RG,8900,1,D,BB,AK,F
11:22:00,ICBP,RG,8900,7,D,BB,PD,D
11:22:00,ICBP,RG,8900,1,D,BB,AK,F
11:22:00,ICBP,RG,8900,1,D,BB,AK,F
11:21:59,ICBP,RG,8900,7,D,BB,ZP,F
11:21:55,ICBP,RG,8900,1,D,BB,AK,F
11:21:55,ICBP,RG,8900,1,D,BB,AK,F
11:21:54,ICBP,RG,8900,7,D,BB,ZP,F
11:21:51,ICBP,RG,8900,1,D,BB,AK,F
11:21:51,ICBP,RG,8900,1,D,BB,AK,F
11:21:50,ICBP,RG,8900,5,D,BB,PD,D
11:21:50,ICBP,RG,8900,1,F,CS,PD,D
11:21:49,ICBP,RG,8900,2,F,CS,PD,D
11:21:42,ICBP,RG,8900,1,F,CS,AK,F
11:21:42,ICBP,RG,8900,1,F,CS,AK,F
11:21:42,ICBP,RG,8900,1,F,CS,ZP,D
11:21:41,ICBP,RG,8900,4,F,CS,AK,F
11:21:41,ICBP,RG,8900,4,F,CS,AK,F
11:21:40,ICBP,RG,8900,34,F,CS,ZP,F
11:21:40,ICBP,RG,8900,7,F,CS,PD,D
11:21:39,ICBP,RG,8900,1,F,CS,AK,F
11:21:38,ICBP,RG,8900,2,F,CS,PD,D
11:21:31,ICBP,RG,8900,1,F,CS,AK,F
11:21:30,ICBP,RG,8900,3,F,CS,PD,D
11:21:30,ICBP,RG,8900,2,D,YP,PD,D
11:21:30,ICBP,RG,8900,1,D,SQ,PD,D
11:21:27,ICBP,RG,8900,1,D,SQ,AK,F
11:21:26,ICBP,RG,8900,2,D,SQ,PD,D
11:21:21,ICBP,RG,8900,1,D,SQ,AK,F
11:21:20,ICBP,RG,8900,1,D,XC,PD,D
11:21:20,ICBP,RG,8900,6,F,CS,PD,D
11:21:20,ICBP,RG,8900,1,F,CS,AK,F
11:21:19,ICBP,RG,8900,1,F,CS,AK,F
11:21:19,ICBP,RG,8900,1,F,CS,AK,F
11:21:18,ICBP,RG,8900,9,F,CS,BK,F
11:21:17,ICBP,RG,8900,1,F,CS,AK,F
11:21:16,ICBP,RG,8900,1,F,CS,AK,F
11:21:15,ICBP,RG,8900,7,F,CS,XC,D
11:21:15,ICBP,RG,8900,1,F,CS,AK,F
11:21:14,ICBP,RG,8900,2,F,CS,PD,D
11:21:10,ICBP,RG,8900,6,F,CS,PD,D
11:21:05,ICBP,RG,8900,1,F,CS,AK,F
11:21:04,ICBP,RG,8900,1,F,CS,AK,F
11:21:03,ICBP,RG,8900,2,F,CS,PD,D
11:21:00,ICBP,RG,8900,6,F,CS,PD,D
11:20:53,ICBP,RG,8900,1,F,CS,AK,F
11:20:52,ICBP,RG,8900,1,F,CS,AK,F
11:20:51,ICBP,RG,8900,2,F,CS,PD,D
11:20:51,ICBP,RG,8900,1,F,CS,AK,F
11:20:50,ICBP,RG,8900,7,F,CS,PD,D
11:20:41,ICBP,RG,8900,1,F,CS,AK,F
11:20:41,ICBP,RG,8900,1,F,CS,AK,F
11:20:40,ICBP,RG,8900,6,F,CS,PD,D
11:20:40,ICBP,RG,8900,2,F,CS,PD,D
11:20:30,ICBP,RG,8900,1,D,CC,AK,F
11:20:30,ICBP,RG,8900,7,D,CC,PD,D
11:20:29,ICBP,RG,8900,1,D,CC,AK,F
11:20:29,ICBP,RG,8900,1,D,CC,AK,F
11:20:28,ICBP,RG,8900,2,D,CC,PD,D
11:20:20,ICBP,RG,8900,6,F,CS,PD,D
11:20:18,ICBP,RG,8900,1,F,CS,AK,F
11:20:18,ICBP,RG,8900,1,F,CS,AK,F
11:20:17,ICBP,RG,8900,2,F,CS,PD,D
11:20:11,ICBP,RG,8900,1,F,CS,AK,F
11:20:11,ICBP,RG,8900,3,F,CS,AK,F
11:20:11,ICBP,RG,8900,15,F,CS,AK,F
11:20:11,ICBP,RG,8900,1,F,CS,AK,F
11:20:11,ICBP,RG,8900,11,F,CS,AK,F
11:20:10,ICBP,RG,8900,1,F,CS,AK,F
11:20:10,ICBP,RG,8900,22,F,CS,DX,D
11:20:10,ICBP,RG,8900,64,F,CS,DX,D
11:20:10,ICBP,RG,8900,40,F,CS,DX,D
11:20:10,ICBP,RG,8900,7,F,CS,PD,D
11:20:06,ICBP,RG,8900,1,F,CS,AK,F
11:20:05,ICBP,RG,8900,2,F,CS,PD,D
11:20:01,ICBP,RG,8900,1,F,CS,AK,F
11:20:00,ICBP,RG,8900,6,F,CS,PD,D
11:19:55,ICBP,RG,8900,1,F,CS,AK,F
11:19:54,ICBP,RG,8900,2,F,CS,PD,D
11:19:51,ICBP,RG,8900,1,F,CS,AK,F
11:19:50,ICBP,RG,8900,6,F,CS,PD,D
11:19:47,ICBP,RG,8900,1,F,CS,AK,F
11:19:47,ICBP,RG,8900,2,F,CS,AK,F
11:19:47,ICBP,RG,8900,7,F,CS,AK,F
11:19:47,ICBP,RG,8900,3,F,CS,AK,F
11:19:46,ICBP,RG,8900,3,F,CS,AK,F
11:19:46,ICBP,RG,8900,15,F,CS,ZP,F
11:19:46,ICBP,RG,8900,1,D,XC,ZP,F
11:19:46,ICBP,RG,8900,19,F,CS,ZP,F
11:19:46,ICBP,RG,8900,5,F,CS,KZ,D
11:19:46,ICBP,RG,8900,1,D,XC,KZ,D
11:19:46,ICBP,RG,8900,1,D,XC,KZ,D
11:19:46,ICBP,RG,8900,1,D,XL,KZ,D
11:19:46,ICBP,RG,8900,21,D,RG,KZ,D
11:19:43,ICBP,RG,8900,1,D,RG,AK,F
11:19:42,ICBP,RG,8900,2,D,RG,PD,D
11:19:41,ICBP,RG,8900,1,D,RG,AK,F
11:19:40,ICBP,RG,8900,7,D,RG,PD,D
11:19:32,ICBP,RG,8900,1,D,RG,AK,F
11:19:31,ICBP,RG,8900,1,D,RG,AK,F
11:19:31,ICBP,RG,8900,2,D,RG,PD,D
11:19:30,ICBP,RG,8900,6,D,RG,PD,D
11:19:21,ICBP,RG,8900,1,D,RG,AK,F
11:19:20,ICBP,RG,8900,1,D,RG,AK,F
11:19:20,ICBP,RG,8900,7,D,RG,PD,D
11:19:19,ICBP,RG,8900,1,D,RG,AK,F
11:19:19,ICBP,RG,8900,1,D,RG,AK,F
11:19:19,ICBP,RG,8900,2,D,RG,PD,D
11:19:18,ICBP,RG,8900,7,D,RG,AK,F
11:19:18,ICBP,RG,8900,7,D,RG,AK,F
11:19:17,ICBP,RG,8925,57,D,BB,DP,D
11:19:10,ICBP,RG,8900,6,D,RG,PD,D
11:19:10,ICBP,RG,8900,1,D,RG,AK,F
11:19:09,ICBP,RG,8900,1,D,RG,AK,F
11:19:08,ICBP,RG,8900,2,D,RG,PD,D
11:19:06,ICBP,RG,8900,5,D,RG,AK,F
11:19:06,ICBP,RG,8900,5,D,RG,AK,F
11:19:05,ICBP,RG,8900,40,D,RG,NI,D
11:19:05,ICBP,RG,8925,1,D,CC,DP,D
11:19:05,ICBP,RG,8900,1,D,RG,AK,F
11:19:05,ICBP,RG,8900,1,D,RG,AK,F
11:19:04,ICBP,RG,8925,10,D,CC,DP,D
11:19:01,ICBP,RG,8900,1,D,RG,AK,F
11:19:01,ICBP,RG,8900,1,D,RG,AK,F
11:19:00,ICBP,RG,8900,7,D,RG,PD,D
11:18:56,ICBP,RG,8900,2,D,RG,PD,D
11:18:51,ICBP,RG,8900,1,D,RG,AK,F
11:18:50,ICBP,RG,8900,1,D,RG,AK,F
11:18:50,ICBP,RG,8900,6,D,RG,PD,D
11:18:44,ICBP,RG,8900,2,D,RG,PD,D
11:18:41,ICBP,RG,8900,1,D,RG,AK,F
11:18:41,ICBP,RG,8900,1,D,RG,AK,F
11:18:40,ICBP,RG,8900,6,D,RG,PD,D
11:18:33,ICBP,RG,8900,2,D,RG,PD,D
11:18:31,ICBP,RG,8900,1,D,RG,AK,F
11:18:31,ICBP,RG,8900,1,D,RG,AK,F
11:18:30,ICBP,RG,8900,7,D,RG,PD,D
11:18:28,ICBP,RG,8900,1,D,RG,AK,F
11:18:28,ICBP,RG,8900,1,D,RG,AK,F
11:18:27,ICBP,RG,8900,10,D,RG,ZP,F
11:18:25,ICBP,RG,8925,1,D,XL,DP,D
11:18:23,ICBP,RG,8900,1,D,RG,AK,F
11:18:22,ICBP,RG,8900,1,D,RG,AK,F
11:18:21,ICBP,RG,8900,2,D,RG,PD,D
11:18:20,ICBP,RG,8900,6,D,RG,PD,D
11:18:13,ICBP,RG,8900,1,D,RG,AK,F
11:18:13,ICBP,RG,8900,2,D,RG,AK,F
11:18:13,ICBP,RG,8900,1,D,RG,AK,F
11:18:12,ICBP,RG,8900,11,D,RG,BK,F
11:18:11,ICBP,RG,8900,1,D,RG,AK,F
11:18:11,ICBP,RG,8900,1,D,RG,AK,F
11:18:10,ICBP,RG,8900,7,D,RG,PD,D
11:18:10,ICBP,RG,8900,2,D,RG,PD,D
11:18:01,ICBP,RG,8900,1,D,RG,AK,F
11:18:01,ICBP,RG,8900,1,D,RG,AK,F
11:18:00,ICBP,RG,8900,6,D,RG,PD,D
11:17:58,ICBP,RG,8900,2,D,RG,PD,D
11:17:51,ICBP,RG,8900,1,D,RG,AK,F
11:17:51,ICBP,RG,8900,1,D,RG,AK,F
11:17:50,ICBP,RG,8900,7,D,RG,PD,D
11:17:47,ICBP,RG,8900,2,D,RG,PD,D
11:17:41,ICBP,RG,8900,3,D,RG,AK,F
11:17:41,ICBP,RG,8900,3,D,RG,AK,F
11:17:41,ICBP,RG,8900,1,D,RG,AK,F
11:17:41,ICBP,RG,8900,2,D,RG,AK,F
11:17:40,ICBP,RG,8900,22,D,RG,ZP,F
11:17:40,ICBP,RG,8900,14,D,RG,AK,F
11:17:40,ICBP,RG,8900,14,D,RG,AK,F
11:17:40,ICBP,RG,8900,6,D,RG,PD,D
11:17:39,ICBP,RG,8900,120,D,RG,DX,D
11:17:36,ICBP,RG,8900,1,D,RG,AK,F
11:17:35,ICBP,RG,8900,2,D,RG,PD,D
11:17:31,ICBP,RG,8900,1,D,RG,AK,F
11:17:30,ICBP,RG,8900,6,D,RG,PD,D
11:17:25,ICBP,RG,8900,1,D,RG,AK,F
11:17:24,ICBP,RG,8900,2,D,RG,PD,D
11:17:21,ICBP,RG,8900,1,D,RG,AK,F
11:17:21,ICBP,RG,8900,1,D,RG,AK,F
11:17:20,ICBP,RG,8900,7,D,RG,PD,D
11:17:17,ICBP,RG,8925,1,D,PD,DP,D
11:17:12,ICBP,RG,8900,2,D,RG,PD,D
11:17:11,ICBP,RG,8900,1,D,RG,AK,F
11:17:11,ICBP,RG,8900,1,D,RG,AK,F
11:17:10,ICBP,RG,8900,6,D,RG,PD,D
11:17:01,ICBP,RG,8900,2,D,RG,PD,D
11:17:01,ICBP,RG,8900,1,D,RG,AK,F
11:17:00,ICBP,RG,8900,1,D,RG,AK,F
11:17:00,ICBP,RG,8900,1,D,RG,AK,F
11:17:00,ICBP,RG,8900,2,D,RG,AK,F
11:17:00,ICBP,RG,8900,7,D,RG,PD,D
11:16:59,ICBP,RG,8900,13,D,RG,ZP,F
11:16:51,ICBP,RG,8900,1,D,RG,AK,F
11:16:50,ICBP,RG,8900,1,D,RG,AK,F
11:16:50,ICBP,RG,8900,6,D,RG,PD,D
11:16:49,ICBP,RG,8900,2,D,RG,PD,D
11:16:41,ICBP,RG,8900,1,D,RG,AK,F
11:16:40,ICBP,RG,8900,5,D,RG,PD,D
11:16:40,ICBP,RG,8900,1,D,XL,PD,D
11:16:40,ICBP,RG,8900,1,D,YP,PD,D
11:16:40,ICBP,RG,8900,1,D,XL,AK,F
11:16:39,ICBP,RG,8900,1,D,XL,AK,F
11:16:38,ICBP,RG,8900,2,D,XL,PD,D
11:16:30,ICBP,RG,8900,6,D,XL,PD,D
11:16:28,ICBP,RG,8900,1,F,CS,AK,F
11:16:27,ICBP,RG,8900,1,F,CS,AK,F
11:16:26,ICBP,RG,8900,2,F,CS,PD,D
11:16:20,ICBP,RG,8900,6,F,CS,PD,D
11:16:18,ICBP,RG,8900,1,F,CS,AK,F
11:16:17,ICBP,RG,8925,1,D,XC,DP,D
11:16:15,ICBP,RG,8900,1,F,CS,AK,F
11:16:14,ICBP,RG,8900,2,F,CS,PD,D
11:16:11,ICBP,RG,8900,1,F,CS,AK,F
11:16:11,ICBP,RG,8900,1,F,CS,AK,F
11:16:10,ICBP,RG,8900,7,F,CS,PD,D
11:16:06,ICBP,RG,8900,2,F,CS,PD,D
11:16:03,ICBP,RG,8900,2,F,CS,PD,D
11:16:01,ICBP,RG,8900,1,F,CS,AK,F
11:16:01,ICBP,RG,8900,1,F,CS,AK,F
11:16:00,ICBP,RG,8900,6,F,CS,PD,D
11:15:51,ICBP,RG,8900,2,F,CS,PD,D
11:15:51,ICBP,RG,8900,1,F,CS,AK,F
11:15:51,ICBP,RG,8900,1,F,CS,AK,F
11:15:50,ICBP,RG,8900,7,F,CS,PD,D
11:15:40,ICBP,RG,8900,1,F,CS,AK,F
11:15:40,ICBP,RG,8900,1,F,CS,AK,F
11:15:40,ICBP,RG,8900,6,F,CS,PD,D
11:15:40,ICBP,RG,8900,2,F,CS,PD,D
11:15:30,ICBP,RG,8900,1,F,CS,AK,F
11:15:30,ICBP,RG,8900,1,F,CS,AK,F
11:15:30,ICBP,RG,8900,7,F,CS,PD,D
11:15:28,ICBP,RG,8900,2,F,CS,PD,D
11:15:20,ICBP,RG,8900,1,F,CS,AK,F
11:15:20,ICBP,RG,8900,1,F,CS,AK,F
11:15:20,ICBP,RG,8900,3,F,CS,PD,D
11:15:20,ICBP,RG,8900,1,D,YP,PD,D
11:15:20,ICBP,RG,8900,2,D,KK,PD,D
11:15:17,ICBP,RG,8900,1,D,DR,PD,D
11:15:17,ICBP,RG,8900,1,F,CS,PD,D
11:15:13,ICBP,RG,8900,1,F,CS,AK,F
11:15:13,ICBP,RG,8900,1,F,CS,AK,F
11:15:13,ICBP,RG,8900,4,F,CS,AK,F
11:15:13,ICBP,RG,8900,4,F,CS,AK,F
11:15:12,ICBP,RG,8900,7,F,CS,ZP,F
11:15:12,ICBP,RG,8900,14,F,CS,ZP,F
11:15:12,ICBP,RG,8900,15,F,CS,AK,F
11:15:12,ICBP,RG,8900,15,F,CS,AK,F
11:15:12,ICBP,RG,8900,11,F,CS,BK,F
11:15:11,ICBP,RG,8900,111,F,CS,DX,D
11:15:11,ICBP,RG,8900,1,D,CC,DX,D
11:15:11,ICBP,RG,8900,3,D,XA,DX,D
11:15:11,ICBP,RG,8900,1,D,PD,DX,D
11:15:11,ICBP,RG,8900,1,D,XC,DX,D
11:15:11,ICBP,RG,8900,1,D,XC,DX,D
11:15:11,ICBP,RG,8900,1,D,YP,DX,D
11:15:11,ICBP,RG,8900,1,D,LG,DX,D
11:15:11,ICBP,RG,8900,2,D,YP,DX,D
11:15:11,ICBP,RG,8900,4,D,YP,DX,D
11:15:10,ICBP,RG,8900,1,D,YP,AK,F
11:15:10,ICBP,RG,8900,1,D,XL,AK,F
11:15:10,ICBP,RG,8900,1,D,XL,PD,D
11:15:10,ICBP,RG,8900,1,D,PD,PD,D
11:15:10,ICBP,RG,8900,1,D,CC,PD,D
11:15:10,ICBP,RG,8900,3,D,PD,PD,D
11:15:05,ICBP,RG,8900,2,D,PD,PD,D
11:15:01,ICBP,RG,8900,3,D,YU,AK,F
11:15:01,ICBP,RG,8900,3,D,YU,AK,F
11:15:00,ICBP,RG,8900,4,D,YU,ZP,F
11:15:00,ICBP,RG,8900,1,D,YP,ZP,F
11:15:00,ICBP,RG,8900,1,D,XL,ZP,F
11:15:00,ICBP,RG,8900,5,D,DR,ZP,F
11:15:00,ICBP,RG,8900,1,D,YP,ZP,F
11:15:00,ICBP,RG,8900,5,D,CC,ZP,F
11:15:00,ICBP,RG,8900,4,D,XL,ZP,F
11:15:00,ICBP,RG,8900,6,D,XL,PD,D
11:15:00,ICBP,RG,8900,1,D,DR,PD,D
11:14:56,ICBP,RG,8900,1,F,CS,AK,F
11:14:55,ICBP,RG,8900,1,F,CS,AK,F
11:14:54,ICBP,RG,8900,2,F,CS,PD,D
11:14:50,ICBP,RG,8900,6,F,CS,PD,D
11:14:44,ICBP,RG,8900,1,F,CS,AK,F
11:14:43,ICBP,RG,8900,1,F,CS,AK,F
11:14:42,ICBP,RG,8900,2,F,CS,PD,D
11:14:41,ICBP,RG,8900,1,F,CS,AK,F
11:14:40,ICBP,RG,8900,7,F,CS,PD,D
11:14:31,ICBP,RG,8900,1,F,CS,AK,F
11:14:31,ICBP,RG,8900,2,F,CS,PD,D
11:14:30,ICBP,RG,8900,1,F,CS,AK,F
11:14:30,ICBP,RG,8900,6,F,CS,PD,D
11:14:21,ICBP,RG,8900,1,F,CS,AK,F
11:14:21,ICBP,RG,8900,1,F,CS,AK,F
11:14:20,ICBP,RG,8900,7,F,CS,PD,D
11:14:20,ICBP,RG,8900,1,F,CS,AK,F
11:14:19,ICBP,RG,8900,2,F,CS,PD,D
11:14:11,ICBP,RG,8900,1,F,CS,AK,F
11:14:11,ICBP,RG,8900,1,F,CS,AK,F
11:14:11,ICBP,RG,8900,10,F,CS,ZP,F
11:14:11,ICBP,RG,8900,1,F,CS,AK,F
11:14:11,ICBP,RG,8900,1,F,CS,AK,F
11:14:10,ICBP,RG,8900,6,F,CS,PD,D
11:14:08,ICBP,RG,8900,2,F,CS,PD,D
11:14:01,ICBP,RG,8900,1,F,CS,AK,F
11:14:01,ICBP,RG,8900,1,F,CS,AK,F
11:14:00,ICBP,RG,8900,6,F,CS,PD,D
11:13:56,ICBP,RG,8900,2,F,CS,PD,D
11:13:51,ICBP,RG,8900,1,F,CS,AK,F
11:13:51,ICBP,RG,8900,1,F,CS,AK,F
11:13:50,ICBP,RG,8900,7,F,CS,PD,D
11:13:44,ICBP,RG,8900,2,F,CS,PD,D
11:13:41,ICBP,RG,8900,1,F,CS,AK,F
11:13:41,ICBP,RG,8900,1,F,CS,AK,F
11:13:40,ICBP,RG,8900,6,F,CS,PD,D
11:13:33,ICBP,RG,8900,2,F,CS,PD,D
11:13:31,ICBP,RG,8900,1,F,CS,AK,F
11:13:31,ICBP,RG,8900,1,F,CS,AK,F
11:13:30,ICBP,RG,8900,7,F,CS,PD,D
11:13:21,ICBP,RG,8900,1,F,CS,AK,F
11:13:21,ICBP,RG,8900,2,F,CS,PD,D
11:13:21,ICBP,RG,8900,1,F,CS,AK,F
11:13:20,ICBP,RG,8900,6,F,CS,PD,D
11:13:11,ICBP,RG,8900,1,F,CS,AK,F
11:13:11,ICBP,RG,8900,1,F,CS,AK,F
11:13:10,ICBP,RG,8900,7,F,CS,PD,D
11:13:10,ICBP,RG,8900,2,F,CS,PD,D
11:13:02,ICBP,RG,8925,1,D,XC,DP,D
11:13:01,ICBP,RG,8900,1,F,CS,AK,F
11:13:01,ICBP,RG,8900,1,F,CS,AK,F
11:13:00,ICBP,RG,8900,6,F,CS,PD,D
11:12:58,ICBP,RG,8900,1,F,CS,PD,D
11:12:58,ICBP,RG,8900,1,D,CC,PD,D
11:12:51,ICBP,RG,8900,1,D,NI,AK,F
11:12:51,ICBP,RG,8900,1,D,DH,AK,F
11:12:50,ICBP,RG,8900,6,D,DH,PD,D
11:12:47,ICBP,RG,8900,2,D,DH,PD,D
11:12:45,ICBP,RG,8900,1,D,DH,AK,F
11:12:45,ICBP,RG,8900,1,D,DH,AK,F
11:12:44,ICBP,RG,8900,9,D,DH,AK,F
11:12:44,ICBP,RG,8900,9,D,DH,AK,F
11:12:43,ICBP,RG,8925,1,D,YB,DP,D
11:12:43,ICBP,RG,8900,33,D,DH,ZP,F
11:12:43,ICBP,RG,8900,42,D,DH,RF,D
11:12:41,ICBP,RG,8900,1,D,DH,AK,F
11:12:40,ICBP,RG,8900,7,D,DH,PD,D
11:12:37,ICBP,RG,8900,1,D,DH,AK,F
11:12:36,ICBP,RG,8900,3,D,DH,AK,F
11:12:36,ICBP,RG,8900,3,D,DH,AK,F
11:12:36,ICBP,RG,8900,28,D,DH,KZ,D
11:12:35,ICBP,RG,8900,1,D,DH,AK,F
11:12:35,ICBP,RG,8900,2,D,DH,AK,F
11:12:35,ICBP,RG,8900,1,D,DH,AK,F
11:12:35,ICBP,RG,8900,2,D,DH,PD,D
11:12:34,ICBP,RG,8900,16,D,DH,AK,F
11:12:34,ICBP,RG,8900,16,D,DH,AK,F
11:12:33,ICBP,RG,8900,141,D,DH,DX,D
11:12:31,ICBP,RG,8900,1,D,DH,AK,F
11:12:31,ICBP,RG,8900,1,D,DH,AK,F
11:12:30,ICBP,RG,8900,6,D,DH,PD,D
11:12:24,ICBP,RG,8900,2,D,DH,PD,D
11:12:21,ICBP,RG,8900,1,D,DH,AK,F
11:12:21,ICBP,RG,8900,1,D,DH,AK,F
11:12:20,ICBP,RG,8900,7,D,DH,PD,D
11:12:12,ICBP,RG,8900,2,D,DH,PD,D
11:12:10,ICBP,RG,8900,1,D,DH,AK,F
11:12:10,ICBP,RG,8900,1,D,DH,AK,F
11:12:10,ICBP,RG,8900,6,D,DH,PD,D
11:12:02,ICBP,RG,8900,2,D,DH,XL,D
11:12:01,ICBP,RG,8900,2,D,DH,AK,F
11:12:01,ICBP,RG,8900,2,D,DH,AK,F
11:12:01,ICBP,RG,8900,11,D,DH,BK,F
11:12:01,ICBP,RG,8900,2,D,DH,PD,D
11:12:00,ICBP,RG,8900,1,D,DH,AK,F
11:12:00,ICBP,RG,8900,7,D,DH,PD,D
11:11:54,ICBP,RG,8900,1,D,DH,AK,F
11:11:53,ICBP,RG,8900,1,D,DH,AK,F
11:11:53,ICBP,RG,8900,1,D,DH,AK,F
11:11:52,ICBP,RG,8900,12,D,DH,ZP,F
11:11:51,ICBP,RG,8900,1,D,DH,AK,F
11:11:51,ICBP,RG,8900,1,D,DH,AK,F
11:11:50,ICBP,RG,8900,6,D,DH,PD,D
11:11:49,ICBP,RG,8900,2,D,DH,PD,D
11:11:47,ICBP,RG,8900,1,D,DH,KK,D
11:11:40,ICBP,RG,8900,1,D,DH,AK,F
11:11:40,ICBP,RG,8900,1,D,DH,AK,F
11:11:40,ICBP,RG,8900,6,D,DH,PD,D
11:11:38,ICBP,RG,8900,2,D,DH,PD,D
11:11:30,ICBP,RG,8900,1,D,DH,AK,F
11:11:30,ICBP,RG,8900,1,D,DH,AK,F
11:11:30,ICBP,RG,8900,7,D,DH,PD,D
11:11:26,ICBP,RG,8900,2,D,DH,PD,D
11:11:20,ICBP,RG,8900,1,D,DH,AK,F
11:11:20,ICBP,RG,8900,1,D,DH,AK,F
11:11:20,ICBP,RG,8900,6,D,DH,PD,D
11:11:14,ICBP,RG,8900,2,D,DH,PD,D
11:11:11,ICBP,RG,8900,1,D,DH,AK,F
11:11:11,ICBP,RG,8900,1,D,DH,AK,F
11:11:10,ICBP,RG,8900,7,D,DH,PD,D
11:11:03,ICBP,RG,8900,2,D,DH,PD,D
11:11:01,ICBP,RG,8900,1,D,DH,AK,F
11:11:00,ICBP,RG,8900,1,D,DH,AK,F
11:11:00,ICBP,RG,8900,1,D,DH,AK,F
11:11:00,ICBP,RG,8900,1,D,DH,AK,F
11:11:00,ICBP,RG,8900,6,D,DH,PD,D
11:10:59,ICBP,RG,8900,5,D,DH,NI,D
11:10:55,ICBP,RG,8900,2,D,DH,PD,D
11:10:54,ICBP,RG,8900,1,D,DH,AK,F
11:10:53,ICBP,RG,8900,5,D,DH,AK,F
11:10:53,ICBP,RG,8900,4,D,DH,AK,F
11:10:52,ICBP,RG,8900,23,D,DH,ZP,F
11:10:52,ICBP,RG,8900,19,F,CS,ZP,F
11:10:51,ICBP,RG,8900,1,F,CS,AK,F
11:10:51,ICBP,RG,8900,2,F,CS,PD,D
11:10:51,ICBP,RG,8900,1,F,CS,AK,F
11:10:50,ICBP,RG,8900,7,F,CS,PD,D
11:10:41,ICBP,RG,8900,1,F,CS,AK,F
11:10:40,ICBP,RG,8900,1,F,CS,AK,F
11:10:40,ICBP,RG,8900,6,F,CS,PD,D
11:10:40,ICBP,RG,8900,2,F,CS,PD,D
11:10:31,ICBP,RG,8900,1,F,CS,AK,F
11:10:30,ICBP,RG,8900,1,F,CS,AK,F
11:10:30,ICBP,RG,8900,6,F,CS,PD,D
11:10:28,ICBP,RG,8900,1,F,CS,PD,D
11:10:28,ICBP,RG,8900,1,D,BB,PD,D
11:10:21,ICBP,RG,8900,1,D,BB,AK,F
11:10:20,ICBP,RG,8900,1,D,BB,AK,F
11:10:20,ICBP,RG,8900,7,D,XC,PD,D
11:10:18,ICBP,RG,8900,1,D,XC,AK,F
11:10:17,ICBP,RG,8900,2,D,XC,PD,D
11:10:12,ICBP,RG,8900,1,D,XC,AK,F
11:10:11,ICBP,RG,8900,3,D,XC,NI,D
11:10:11,ICBP,RG,8900,1,D,XC,AK,F
11:10:11,ICBP,RG,8900,1,D,XC,AK,F
11:10:10,ICBP,RG,8900,4,D,XC,PD,D
11:10:10,ICBP,RG,8900,2,F,CS,PD,D
11:10:06,ICBP,RG,8900,1,F,CS,AK,F
11:10:06,ICBP,RG,8900,2,F,CS,AK,F
11:10:05,ICBP,RG,8900,15,F,CS,AK,F
11:10:05,ICBP,RG,8900,14,F,CS,AK,F
11:10:05,ICBP,RG,8900,2,F,CS,PD,D
11:10:05,ICBP,RG,8900,103,F,CS,DX,D
11:10:05,ICBP,RG,8900,25,D,YP,DX,D
11:10:01,ICBP,RG,8900,1,D,YP,AK,F
11:10:01,ICBP,RG,8900,1,D,YP,AK,F
11:10:00,ICBP,RG,8900,7,D,YP,PD,D
11:09:54,ICBP,RG,8900,2,D,YP,PD,D
11:09:51,ICBP,RG,8900,1,D,YP,AK,F
11:09:51,ICBP,RG,8900,1,D,YP,AK,F
11:09:50,ICBP,RG,8900,6,D,YP,PD,D
11:09:42,ICBP,RG,8900,2,D,YP,PD,D
11:09:40,ICBP,RG,8900,1,D,YP,AK,F
11:09:40,ICBP,RG,8900,1,D,YP,AK,F
11:09:40,ICBP,RG,8900,2,D,YP,PD,D
11:09:40,ICBP,RG,8900,5,D,YU,PD,D
11:09:39,ICBP,RG,8900,2,D,YU,PD,D
11:09:31,ICBP,RG,8900,1,D,YU,AK,F
11:09:31,ICBP,RG,8900,2,D,YU,PD,D
11:09:30,ICBP,RG,8900,1,D,YU,AK,F
11:09:30,ICBP,RG,8900,6,D,YU,PD,D
11:09:21,ICBP,RG,8900,1,D,YU,AK,F
11:09:21,ICBP,RG,8900,1,D,YU,AK,F
11:09:20,ICBP,RG,8900,6,D,YU,PD,D
11:09:19,ICBP,RG,8900,2,D,YU,PD,D
11:09:10,ICBP,RG,8900,1,D,YU,AK,F
11:09:10,ICBP,RG,8900,1,D,YU,AK,F
11:09:10,ICBP,RG,8900,7,D,YU,PD,D
11:09:08,ICBP,RG,8900,2,D,YU,PD,D
11:09:01,ICBP,RG,8900,1,D,YU,AK,F
11:09:01,ICBP,RG,8900,1,D,YU,AK,F
11:09:00,ICBP,RG,8900,6,D,YU,PD,D
11:08:57,ICBP,RG,8900,1,D,YU,ZP,D
11:08:56,ICBP,RG,8900,2,D,YU,PD,D
11:08:51,ICBP,RG,8900,1,D,YU,AK,F
11:08:50,ICBP,RG,8900,1,F,CS,AK,F
11:08:50,ICBP,RG,8900,7,F,CS,PD,D
11:08:45,ICBP,RG,8900,1,F,CS,AK,F
11:08:44,ICBP,RG,8900,2,F,CS,PD,D
11:08:41,ICBP,RG,8900,1,F,CS,AK,F
11:08:40,ICBP,RG,8900,6,F,CS,PD,D
11:08:34,ICBP,RG,8900,1,F,CS,AK,F
11:08:33,ICBP,RG,8900,2,F,CS,PD,D
11:08:31,ICBP,RG,8900,1,F,CS,AK,F
11:08:30,ICBP,RG,8900,7,F,CS,PD,D
11:08:22,ICBP,RG,8900,1,F,CS,AK,F
11:08:22,ICBP,RG,8900,1,F,CS,AK,F
11:08:21,ICBP,RG,8900,2,F,CS,PD,D
11:08:20,ICBP,RG,8900,6,F,CS,PD,D
11:08:11,ICBP,RG,8900,1,F,CS,AK,F
11:08:11,ICBP,RG,8900,1,F,CS,AK,F
11:08:10,ICBP,RG,8900,6,F,CS,PD,D
11:08:10,ICBP,RG,8900,2,F,CS,PD,D
11:08:01,ICBP,RG,8900,1,F,CS,AK,F
11:08:01,ICBP,RG,8900,1,F,CS,AK,F
11:08:00,ICBP,RG,8900,7,F,CS,PD,D
11:07:59,ICBP,RG,8900,1,F,CS,AK,F
11:07:58,ICBP,RG,8900,2,F,CS,PD,D
11:07:51,ICBP,RG,8900,1,F,CS,AK,F
11:07:50,ICBP,RG,8900,6,F,CS,PD,D
11:07:48,ICBP,RG,8900,1,F,CS,AK,F
11:07:47,ICBP,RG,8900,2,F,CS,PD,D
11:07:44,ICBP,RG,8900,1,F,CS,AK,F
11:07:44,ICBP,RG,8900,3,F,CS,AK,F
11:07:44,ICBP,RG,8900,3,F,CS,AK,F
11:07:43,ICBP,RG,8900,25,F,CS,SQ,D
11:07:41,ICBP,RG,8900,2,F,CS,AK,F
11:07:41,ICBP,RG,8900,2,F,CS,AK,F
11:07:41,ICBP,RG,8900,15,F,CS,ZP,F
11:07:41,ICBP,RG,8900,4,F,CS,ZP,F
11:07:41,ICBP,RG,8900,1,F,CS,AK,F
11:07:41,ICBP,RG,8900,1,F,CS,AK,F
11:07:40,ICBP,RG,8900,7,F,CS,PD,D
11:07:35,ICBP,RG,8900,2,F,CS,PD,D
11:07:31,ICBP,RG,8900,1,F,CS,AK,F
11:07:31,ICBP,RG,8900,1,F,CS,AK,F
11:07:30,ICBP,RG,8900,6,F,CS,PD,D
11:07:28,ICBP,RG,8900,1,F,CS,AK,F
11:07:28,ICBP,RG,8900,1,F,CS,AK,F
11:07:27,ICBP,RG,8900,12,F,CS,AK,F
11:07:27,ICBP,RG,8900,12,F,CS,AK,F
11:07:27,ICBP,RG,8900,16,F,CS,DX,D
11:07:27,ICBP,RG,8900,88,F,CS,DX,D
11:07:24,ICBP,RG,8900,2,F,CS,PD,D
11:07:20,ICBP,RG,8900,1,F,CS,AK,F
11:07:20,ICBP,RG,8900,1,F,CS,AK,F
11:07:20,ICBP,RG,8900,7,F,CS,PD,D
11:07:12,ICBP,RG,8900,2,F,CS,PD,D
11:07:10,ICBP,RG,8900,1,F,CS,AK,F
11:07:10,ICBP,RG,8900,1,F,CS,AK,F
11:07:10,ICBP,RG,8900,6,F,CS,PD,D
11:07:05,ICBP,RG,8925,2,D,XL,DP,D
11:07:01,ICBP,RG,8900,1,F,CS,AK,F
11:07:01,ICBP,RG,8900,2,F,CS,PD,D
11:07:00,ICBP,RG,8900,1,F,CS,AK,F
11:07:00,ICBP,RG,8900,6,F,CS,PD,D
11:06:57,ICBP,RG,8900,1,F,CS,AK,F
11:06:56,ICBP,RG,8925,2,D,XC,DP,D
11:06:56,ICBP,RG,8900,1,D,CC,AK,F
11:06:55,ICBP,RG,8900,4,D,CC,ZP,F
11:06:55,ICBP,RG,8900,1,D,GR,ZP,F
11:06:50,ICBP,RG,8900,1,D,GR,AK,F
11:06:50,ICBP,RG,8900,2,D,GR,AK,F
11:06:50,ICBP,RG,8900,7,D,GR,PD,D
11:06:49,ICBP,RG,8900,4,D,GR,AK,F
11:06:49,ICBP,RG,8900,3,D,GR,AK,F
11:06:49,ICBP,RG,8900,22,D,GR,ZP,F
11:06:49,ICBP,RG,8900,7,D,NI,ZP,F
11:06:49,ICBP,RG,8900,2,D,NI,PD,D
11:06:43,ICBP,RG,8925,1,D,XL,DP,D
11:06:40,ICBP,RG,8900,1,D,NI,AK,F
11:06:40,ICBP,RG,8900,1,D,NI,AK,F
11:06:40,ICBP,RG,8900,6,D,NI,PD,D
11:06:38,ICBP,RG,8900,2,D,NI,PD,D
11:06:30,ICBP,RG,8900,1,D,NI,AK,F
11:06:30,ICBP,RG,8900,1,D,NI,AK,F
11:06:30,ICBP,RG,8900,7,D,NI,PD,D
11:06:26,ICBP,RG,8900,2,D,NI,PD,D
11:06:20,ICBP,RG,8900,1,D,NI,AK,F
11:06:20,ICBP,RG,8900,1,D,NI,AK,F
11:06:20,ICBP,RG,8900,6,D,NI,PD,D
11:06:14,ICBP,RG,8900,2,D,NI,PD,D
11:06:03,ICBP,RG,8900,2,D,NI,PD,D
11:06:02,ICBP,RG,8900,1,D,NI,AK,F
11:06:01,ICBP,RG,8900,1,D,NI,AK,F
11:06:01,ICBP,RG,8900,2,D,NI,AK,F
11:06:01,ICBP,RG,8900,2,D,NI,AK,F
11:06:00,ICBP,RG,8900,20,D,NI,AK,F
11:06:00,ICBP,RG,8900,20,D,NI,AK,F
11:06:00,ICBP,RG,8925,130,F,CS,DP,D
11:06:00,ICBP,RG,8925,3,F,CS,CC,F
11:06:00,ICBP,RG,8925,15,F,CS,ZP,F
11:06:00,ICBP,RG,8925,6,F,CS,PD,D
11:06:00,ICBP,RG,8925,2,F,CS,KK,D
11:06:00,ICBP,RG,8925,10,F,CS,KK,D
11:06:00,ICBP,RG,8925,8,F,CS,BK,F
11:06:00,ICBP,RG,8900,6,D,NI,PD,D
11:05:51,ICBP,RG,8900,2,D,NI,PD,D
11:05:50,ICBP,RG,8900,1,D,NI,AK,F
11:05:50,ICBP,RG,8900,1,D,NI,AK,F
11:05:50,ICBP,RG,8900,6,D,NI,PD,D
11:05:40,ICBP,RG,8900,1,D,NI,AK,F
11:05:40,ICBP,RG,8900,1,D,NI,AK,F
11:05:40,ICBP,RG,8900,7,D,NI,PD,D
11:05:40,ICBP,RG,8900,2,D,NI,PD,D
11:05:31,ICBP,RG,8900,1,D,NI,AK,F
11:05:31,ICBP,RG,8900,1,D,NI,AK,F
11:05:30,ICBP,RG,8900,6,D,NI,PD,D
11:05:28,ICBP,RG,8900,2,D,NI,PD,D
11:05:27,ICBP,RG,8900,1,D,NI,AK,F
11:05:27,ICBP,RG,8900,3,D,NI,AK,F
11:05:26,ICBP,RG,8900,21,D,NI,KZ,D
11:05:26,ICBP,RG,8900,8,D,DH,KZ,D
11:05:20,ICBP,RG,8900,1,D,DH,AK,F
11:05:20,ICBP,RG,8900,7,D,YP,PD,D
11:05:17,ICBP,RG,8900,2,D,YP,PD,D
11:05:10,ICBP,RG,8900,1,D,YP,AK,F
11:05:10,ICBP,RG,8900,6,D,YP,PD,D
11:05:02,ICBP,RG,8925,2,D,CC,BK,F
11:05:02,ICBP,RG,8925,2,D,CC,PD,D
11:05:02,ICBP,RG,8925,5,D,CC,AK,F
11:05:02,ICBP,RG,8925,1,D,CC,AK,F
11:05:00,ICBP,RG,8900,1,D,YP,AK,F
11:05:00,ICBP,RG,8900,1,D,YP,AK,F
11:05:00,ICBP,RG,8900,7,D,YP,PD,D
11:04:54,ICBP,RG,8900,2,D,YP,AK,F
11:04:54,ICBP,RG,8900,2,D,YP,AK,F
11:04:54,ICBP,RG,8900,6,D,YP,AK,F
11:04:54,ICBP,RG,8900,7,D,YP,AK,F
11:04:54,ICBP,RG,8900,9,D,YP,AK,F
11:04:54,ICBP,RG,8900,4,D,YP,AK,F
11:04:54,ICBP,RG,8900,2,D,YP,PD,D
11:04:53,ICBP,RG,8900,12,D,YP,AK,F
11:04:53,ICBP,RG,8900,12,D,YP,AK,F
11:04:53,ICBP,RG,8900,19,D,YP,ZP,F
11:04:53,ICBP,RG,8900,3,D,YP,ZP,F
11:04:53,ICBP,RG,8900,1,D,YP,ZP,F
11:04:53,ICBP,RG,8900,49,D,YP,DX,D
11:04:53,ICBP,RG,8900,36,D,SH,DX,D
11:04:52,ICBP,RG,8900,64,D,SH,DX,D
11:04:52,ICBP,RG,8900,1,D,YP,DX,D
11:04:52,ICBP,RG,8900,3,D,GR,DX,D
11:04:52,ICBP,RG,8900,40,F,CS,DX,D
11:04:51,ICBP,RG,8900,1,F,CS,AK,F
11:04:51,ICBP,RG,8900,1,F,CS,AK,F
11:04:50,ICBP,RG,8900,6,F,CS,PD,D
11:04:42,ICBP,RG,8900,2,F,CS,PD,D
11:04:41,ICBP,RG,8900,1,F,CS,AK,F
11:04:41,ICBP,RG,8900,1,F,CS,AK,F
11:04:40,ICBP,RG,8900,6,F,CS,PD,D
11:04:34,ICBP,RG,8900,1,F,CS,CC,D
11:04:34,ICBP,RG,8900,2,F,CS,AK,F
11:04:34,ICBP,RG,8900,2,F,CS,AK,F
11:04:33,ICBP,RG,8900,18,F,CS,ZP,F
11:04:31,ICBP,RG,8900,1,F,CS,AK,F
11:04:31,ICBP,RG,8900,2,F,CS,PD,D
11:04:30,ICBP,RG,8900,1,F,CS,AK,F
11:04:30,ICBP,RG,8900,7,F,CS,PD,D
11:04:21,ICBP,RG,8900,1,F,CS,AK,F
11:04:21,ICBP,RG,8900,1,F,CS,AK,F
11:04:20,ICBP,RG,8900,6,F,CS,PD,D
11:04:19,ICBP,RG,8900,2,F,CS,PD,D
11:04:11,ICBP,RG,8900,1,F,CS,AK,F
11:04:10,ICBP,RG,8900,1,F,CS,AK,F
11:04:10,ICBP,RG,8900,7,F,CS,PD,D
11:04:08,ICBP,RG,8900,1,F,CS,AK,F
11:04:08,ICBP,RG,8900,2,F,CS,PD,D
11:04:00,ICBP,RG,8900,1,F,CS,AK,F
11:04:00,ICBP,RG,8900,6,F,CS,PD,D
11:03:56,ICBP,RG,8900,1,F,CS,AK,F
11:03:56,ICBP,RG,8900,2,F,CS,PD,D
11:03:50,ICBP,RG,8900,1,F,CS,AK,F
11:03:50,ICBP,RG,8900,7,F,CS,PD,D
11:03:45,ICBP,RG,8900,1,F,CS,AK,F
11:03:45,ICBP,RG,8900,1,F,CS,AK,F
11:03:44,ICBP,RG,8900,2,F,CS,PD,D
11:03:40,ICBP,RG,8900,6,F,CS,PD,D
11:03:34,ICBP,RG,8900,1,F,CS,AK,F
11:03:33,ICBP,RG,8900,1,F,CS,AK,F
11:03:33,ICBP,RG,8900,2,F,CS,PD,D
11:03:31,ICBP,RG,8925,2,D,XL,DX,D
11:03:30,ICBP,RG,8900,1,F,CS,AK,F
11:03:30,ICBP,RG,8900,1,F,CS,AK,F
11:03:30,ICBP,RG,8900,6,F,CS,PD,D
11:03:21,ICBP,RG,8900,2,F,CS,PD,D
11:03:20,ICBP,RG,8900,1,F,CS,AK,F
11:03:20,ICBP,RG,8900,1,F,CS,AK,F
11:03:20,ICBP,RG,8900,7,F,CS,PD,D
11:03:19,ICBP,RG,8900,2,F,CS,SQ,D
11:03:10,ICBP,RG,8900,1,F,CS,AK,F
11:03:10,ICBP,RG,8900,1,F,CS,AK,F
11:03:10,ICBP,RG,8900,6,F,CS,PD,D
11:03:10,ICBP,RG,8900,2,F,CS,PD,D
11:03:02,ICBP,RG,8900,1,F,CS,AK,F
11:03:01,ICBP,RG,8900,1,F,CS,AK,F
11:03:01,ICBP,RG,8900,7,F,CS,PD,D
11:02:59,ICBP,RG,8900,2,F,CS,PD,D
11:02:51,ICBP,RG,8900,1,F,CS,AK,F
11:02:51,ICBP,RG,8900,1,F,CS,AK,F
11:02:51,ICBP,RG,8900,6,F,CS,PD,D
11:02:48,ICBP,RG,8900,2,F,CS,PD,D
11:02:41,ICBP,RG,8900,1,F,CS,AK,F
11:02:41,ICBP,RG,8900,1,F,CS,AK,F
11:02:41,ICBP,RG,8900,3,D,GR,PD,D
11:02:41,ICBP,RG,8900,1,D,PD,PD,D
11:02:41,ICBP,RG,8900,2,D,GR,PD,D
11:02:41,ICBP,RG,8900,1,D,KK,PD,D
11:02:36,ICBP,RG,8900,2,D,GR,PD,D
11:02:31,ICBP,RG,8900,1,D,NI,AK,F
11:02:31,ICBP,RG,8900,1,D,NI,AK,F
11:02:31,ICBP,RG,8900,6,D,NI,PD,D
11:02:25,ICBP,RG,8900,2,D,NI,PD,D
11:02:21,ICBP,RG,8900,1,D,NI,AK,F
11:02:21,ICBP,RG,8900,1,D,NI,AK,F
11:02:21,ICBP,RG,8900,6,D,NI,PD,D
11:02:13,ICBP,RG,8900,2,D,NI,PD,D
11:02:11,ICBP,RG,8900,1,D,NI,AK,F
11:02:11,ICBP,RG,8900,1,D,NI,AK,F
11:02:11,ICBP,RG,8900,7,D,NI,PD,D
11:02:02,ICBP,RG,8900,1,D,NI,AK,F
11:02:02,ICBP,RG,8900,2,D,NI,PD,D
11:02:01,ICBP,RG,8900,1,D,NI,AK,F
11:02:00,ICBP,RG,8900,6,D,NI,PD,D
11:01:58,ICBP,RG,8900,1,D,NI,AK,F
11:01:58,ICBP,RG,8900,1,D,NI,AK,F
11:01:57,ICBP,RG,8900,4,D,NI,ZP,F
11:01:51,ICBP,RG,8900,1,D,NI,AK,F
11:01:51,ICBP,RG,8900,1,D,NI,AK,F
11:01:51,ICBP,RG,8900,7,D,NI,PD,D
11:01:50,ICBP,RG,8900,2,D,NI,PD,D
11:01:47,ICBP,RG,8900,3,D,NI,AK,F
11:01:46,ICBP,RG,8900,3,D,NI,AK,F
11:01:46,ICBP,RG,8900,24,D,NI,ZP,F
11:01:43,ICBP,RG,8925,1,D,CC,DX,D
11:01:41,ICBP,RG,8900,1,D,NI,AK,F
11:01:41,ICBP,RG,8900,1,D,NI,AK,F
11:01:41,ICBP,RG,8900,6,D,NI,PD,D
11:01:39,ICBP,RG,8900,2,D,NI,PD,D
11:01:35,ICBP,RG,8900,3,D,NI,AK,F
11:01:35,ICBP,RG,8900,1,D,NI,AK,F
11:01:35,ICBP,RG,8900,2,D,XL,AK,F
11:01:34,ICBP,RG,8925,22,F,CS,DX,D
11:01:31,ICBP,RG,8900,1,D,XL,AK,F
11:01:31,ICBP,RG,8900,2,D,XL,PD,D
11:01:31,ICBP,RG,8900,2,D,DX,PD,D
11:01:31,ICBP,RG,8900,3,F,CS,PD,D
11:01:27,ICBP,RG,8900,1,F,CS,AK,F
11:01:27,ICBP,RG,8900,2,F,CS,PD,D
11:01:21,ICBP,RG,8900,1,F,CS,AK,F
11:01:21,ICBP,RG,8900,1,F,CS,AK,F
11:01:21,ICBP,RG,8925,2,D,NI,DX,D
11:01:21,ICBP,RG,8900,6,F,CS,PD,D
11:01:17,ICBP,RG,8925,5,D,LG,DX,D
11:01:16,ICBP,RG,8900,1,F,CS,AK,F
11:01:15,ICBP,RG,8900,1,F,CS,AK,F
11:01:14,ICBP,RG,8900,2,F,CS,PD,D
11:01:07,ICBP,RG,8900,1,F,CS,AK,F
11:01:06,ICBP,RG,8925,7,D,XL,DX,D
11:01:04,ICBP,RG,8900,1,F,CS,AK,F
11:01:04,ICBP,RG,8900,2,F,CS,PD,D
11:01:02,ICBP,RG,8925,1,D,XL,PD,D
11:01:02,ICBP,RG,8925,2,D,XL,ZP,F
11:01:02,ICBP,RG,8900,1,F,CS,AK,F
11:01:02,ICBP,RG,8900,3,F,CS,AK,F
11:01:02,ICBP,RG,8900,2,F,CS,AK,F
11:01:02,ICBP,RG,8925,6,F,CS,ZP,F
11:01:02,ICBP,RG,8925,7,F,CS,ZP,F
11:01:02,ICBP,RG,8925,1,F,CS,AT,D
11:01:02,ICBP,RG,8925,6,F,CS,PD,D
11:01:01,ICBP,RG,8900,1,F,CS,AK,F
11:01:01,ICBP,RG,8900,1,F,CS,AK,F
11:01:01,ICBP,RG,8900,7,F,CS,PD,D
11:01:00,ICBP,RG,8900,10,F,CS,TF,D
11:00:51,ICBP,RG,8900,2,F,CS,PD,D
11:00:50,ICBP,RG,8900,6,F,CS,PD,D
11:00:41,ICBP,RG,8900,7,F,CS,PD,D
11:00:31,ICBP,RG,8900,1,F,CS,AK,F
11:00:31,ICBP,RG,8925,1,F,CS,PD,D
11:00:31,ICBP,RG,8925,2,F,CS,PD,D
11:00:31,ICBP,RG,8925,6,F,CS,AK,F
11:00:31,ICBP,RG,8925,4,F,CS,AK,F
11:00:31,ICBP,RG,8925,10,F,CS,CC,F
11:00:31,ICBP,RG,8925,4,F,CS,BK,F
11:00:31,ICBP,RG,8900,6,F,CS,PD,D
11:00:29,ICBP,RG,8900,1,F,CS,AK,F
11:00:28,ICBP,RG,8900,2,F,CS,PD,D
11:00:26,ICBP,RG,8900,1,F,CS,AK,F
11:00:25,ICBP,RG,8925,6,D,SQ,BK,F
11:00:21,ICBP,RG,8900,1,F,CS,AK,F
11:00:20,ICBP,RG,8900,7,F,CS,PD,D
11:00:19,ICBP,RG,8900,1,F,CS,AK,F
11:00:18,ICBP,RG,8900,1,F,CS,AK,F
11:00:17,ICBP,RG,8900,2,F,CS,PD,D
11:00:11,ICBP,RG,8900,6,F,CS,PD,D
11:00:07,ICBP,RG,8900,1,F,CS,AK,F
11:00:06,ICBP,RG,8900,1,F,CS,AK,F
11:00:06,ICBP,RG,8900,2,F,CS,PD,D
11:00:01,ICBP,RG,8900,1,F,CS,AK,F
11:00:01,ICBP,RG,8900,1,F,CS,AK,F
11:00:01,ICBP,RG,8900,2,F,CS,AK,F
11:00:01,ICBP,RG,8900,1,F,CS,AK,F
11:00:01,ICBP,RG,8900,2,D,PD,AK,F
11:00:01,ICBP,RG,8900,6,D,SQ,PD,D
11:00:00,ICBP,RG,8925,25,F,AK,DX,D
10:59:55,ICBP,RG,8900,1,D,SQ,AK,F
10:59:55,ICBP,RG,8900,2,D,SQ,PD,D
10:59:53,ICBP,RG,8900,1,D,SQ,AK,F
10:59:53,ICBP,RG,8900,1,D,SQ,AK,F
10:59:52,ICBP,RG,8925,13,F,CS,DX,D
10:59:52,ICBP,RG,8900,1,D,SQ,AK,F
10:59:51,ICBP,RG,8900,1,D,SQ,AK,F
10:59:51,ICBP,RG,8900,7,D,SQ,PD,D
10:59:47,ICBP,RG,8900,1,D,SQ,AK,F
10:59:47,ICBP,RG,8900,1,D,SQ,AK,F
10:59:47,ICBP,RG,8900,3,D,SQ,AK,F
10:59:47,ICBP,RG,8900,1,D,YP,AK,F
10:59:47,ICBP,RG,8900,1,D,NI,AK,F
10:59:47,ICBP,RG,8900,2,D,KK,AK,F
10:59:46,ICBP,RG,8900,34,D,YP,ZP,F
10:59:43,ICBP,RG,8900,1,D,YP,AK,F
10:59:43,ICBP,RG,8900,2,D,YP,PD,D
10:59:41,ICBP,RG,8900,1,D,YP,AK,F
10:59:41,ICBP,RG,8900,6,D,YP,PD,D
10:59:34,ICBP,RG,8900,1,D,YP,AK,F
10:59:33,ICBP,RG,8900,1,D,YP,AK,F
10:59:33,ICBP,RG,8900,1,D,YP,AK,F
10:59:33,ICBP,RG,8925,14,F,CS,DX,D
10:59:32,ICBP,RG,8900,1,D,YP,AK,F
10:59:32,ICBP,RG,8900,2,D,YP,PD,D
10:59:31,ICBP,RG,8900,1,D,PD,AK,F
10:59:30,ICBP,RG,8900,2,D,PD,PD,D
10:59:30,ICBP,RG,8900,5,D,YU,PD,D
10:59:22,ICBP,RG,8900,1,D,YU,AK,F
10:59:21,ICBP,RG,8900,1,D,YU,AK,F
10:59:21,ICBP,RG,8900,3,D,YU,PD,D
10:59:21,ICBP,RG,8900,1,D,DR,PD,D
10:59:21,ICBP,RG,8900,1,D,YP,PD,D
10:59:21,ICBP,RG,8900,1,D,NI,PD,D
10:59:20,ICBP,RG,8900,2,D,NI,PD,D
10:59:14,ICBP,RG,8900,1,D,NI,AK,F
10:59:14,ICBP,RG,8900,1,D,NI,AK,F
10:59:14,ICBP,RG,8900,1,D,PD,AK,F
10:59:14,ICBP,RG,8900,1,D,PD,AK,F
10:59:13,ICBP,RG,8925,14,F,CS,DX,D
10:59:04,ICBP,RG,8900,1,D,PD,AK,F
10:59:04,ICBP,RG,8900,1,D,PD,AK,F
10:59:04,ICBP,RG,8900,3,D,NI,AK,F
10:59:04,ICBP,RG,8900,1,D,PD,AK,F
10:59:04,ICBP,RG,8900,5,D,SQ,AK,F
10:59:04,ICBP,RG,8900,6,D,SQ,AK,F
10:59:03,ICBP,RG,8925,67,D,YP,DX,D
10:59:03,ICBP,RG,8925,12,D,YP,ZP,F
10:59:03,ICBP,RG,8925,3,D,YP,EP,D
10:59:03,ICBP,RG,8925,2,D,YP,XC,D
10:59:03,ICBP,RG,8925,2,D,YP,EP,D
10:59:03,ICBP,RG,8925,2,D,YP,PD,D
10:59:03,ICBP,RG,8925,7,D,YP,PD,D
10:59:03,ICBP,RG,8925,2,D,YP,AK,F
10:59:03,ICBP,RG,8925,3,D,YP,AK,F
10:59:01,ICBP,RG,8900,6,D,SQ,PD,D
10:58:57,ICBP,RG,8900,1,D,SQ,AK,F
10:58:56,ICBP,RG,8900,2,D,SQ,PD,D
10:58:52,ICBP,RG,8900,3,D,SQ,AK,F
10:58:51,ICBP,RG,8925,6,F,CS,AK,F
10:58:51,ICBP,RG,8925,5,F,CS,XC,D
10:58:51,ICBP,RG,8925,16,F,CS,DX,D
10:58:50,ICBP,RG,8900,2,D,SQ,PD,D
10:58:50,ICBP,RG,8900,1,D,CC,PD,D
10:58:50,ICBP,RG,8900,3,D,SQ,PD,D
10:58:46,ICBP,RG,8900,1,D,PD,AK,F
10:58:45,ICBP,RG,8900,1,D,YU,AK,F
10:58:44,ICBP,RG,8900,2,D,YU,PD,D
10:58:44,ICBP,RG,8925,2,D,PD,DX,D
10:58:41,ICBP,RG,8900,1,D,YU,AK,F
10:58:41,ICBP,RG,8900,1,D,YU,AK,F
10:58:41,ICBP,RG,8900,7,D,YU,PD,D
10:58:33,ICBP,RG,8900,2,D,YU,PD,D
10:58:31,ICBP,RG,8900,1,D,YU,AK,F
10:58:31,ICBP,RG,8900,1,D,YU,AK,F
10:58:30,ICBP,RG,8900,6,D,YU,PD,D
10:58:22,ICBP,RG,8900,2,D,YU,PD,D
10:58:21,ICBP,RG,8900,1,D,YU,AK,F
10:58:21,ICBP,RG,8900,1,D,YU,AK,F
10:58:20,ICBP,RG,8900,7,D,YU,PD,D
10:58:11,ICBP,RG,8900,4,D,YU,AK,F
10:58:11,ICBP,RG,8900,4,D,YU,AK,F
10:58:11,ICBP,RG,8900,6,D,YU,PD,D
10:58:11,ICBP,RG,8900,2,D,YU,PD,D
10:58:10,ICBP,RG,8925,28,F,CS,DX,D
10:58:02,ICBP,RG,8900,1,D,YU,AK,F
10:58:01,ICBP,RG,8900,1,D,AZ,AK,F
10:58:01,ICBP,RG,8900,1,D,CC,PD,D
10:58:01,ICBP,RG,8900,5,D,YP,PD,D
10:57:59,ICBP,RG,8900,2,D,YP,PD,D
10:57:52,ICBP,RG,8900,1,D,YP,AK,F
10:57:51,ICBP,RG,8900,1,D,YP,AK,F
10:57:51,ICBP,RG,8900,1,D,YP,AK,F
10:57:51,ICBP,RG,8925,2,D,XL,DX,D
10:57:50,ICBP,RG,8900,3,D,YP,PD,D
10:57:50,ICBP,RG,8900,4,D,YP,PD,D
10:57:48,ICBP,RG,8900,1,D,YP,AK,F
10:57:47,ICBP,RG,8900,1,D,DH,PD,D
10:57:47,ICBP,RG,8900,1,D,KK,PD,D
10:57:41,ICBP,RG,8900,1,D,KK,AK,F
10:57:41,ICBP,RG,8900,1,D,XL,PD,D
10:57:41,ICBP,RG,8900,5,D,CC,PD,D
10:57:36,ICBP,RG,8900,1,D,CC,AK,F
10:57:35,ICBP,RG,8900,2,D,CC,PD,D
10:57:31,ICBP,RG,8900,1,D,CC,AK,F
10:57:31,ICBP,RG,8900,1,D,CC,AK,F
10:57:31,ICBP,RG,8925,2,D,CC,DX,D
10:57:30,ICBP,RG,8900,1,D,PD,PD,D
10:57:30,ICBP,RG,8900,6,D,DR,PD,D
10:57:29,ICBP,RG,8900,1,D,DR,AK,F
10:57:29,ICBP,RG,8900,1,D,OD,AK,F
10:57:29,ICBP,RG,8900,2,D,OD,AK,F
10:57:28,ICBP,RG,8925,19,F,CS,DX,D
10:57:25,ICBP,RG,8900,1,D,OD,AK,F
10:57:24,ICBP,RG,8900,2,D,OD,PD,D
10:57:21,ICBP,RG,8900,1,D,OD,AK,F
10:57:20,ICBP,RG,8900,6,D,OD,PD,D
10:57:19,ICBP,RG,8900,1,D,OD,AK,F
10:57:19,ICBP,RG,8900,2,D,OD,AK,F
10:57:18,ICBP,RG,8900,10,D,OD,KK,D
10:57:13,ICBP,RG,8900,1,D,OD,AK,F
10:57:12,ICBP,RG,8900,2,D,OD,PD,D
10:57:11,ICBP,RG,8900,1,D,OD,AK,F
10:57:11,ICBP,RG,8900,1,D,OD,AK,F
10:57:10,ICBP,RG,8900,7,D,OD,PD,D
10:57:01,ICBP,RG,8900,2,D,OD,PD,D
10:57:01,ICBP,RG,8900,1,D,OD,AK,F
10:57:01,ICBP,RG,8900,1,D,OD,AK,F
10:57:01,ICBP,RG,8900,6,D,OD,PD,D
10:56:59,ICBP,RG,8900,2,D,OD,AK,F
10:56:59,ICBP,RG,8900,2,D,OD,AK,F
10:56:58,ICBP,RG,8925,21,F,CS,DX,D
10:56:53,ICBP,RG,8900,1,D,OD,AK,F
10:56:52,ICBP,RG,8900,2,D,OD,AK,F
10:56:52,ICBP,RG,8900,1,D,OD,AK,F
10:56:52,ICBP,RG,8900,16,D,OD,ZP,F
10:56:51,ICBP,RG,8900,1,D,OD,AK,F
10:56:51,ICBP,RG,8900,1,D,OD,AK,F
10:56:51,ICBP,RG,8900,1,D,OD,PD,D
10:56:51,ICBP,RG,8900,1,D,YP,PD,D
10:56:51,ICBP,RG,8900,2,D,CC,PD,D
10:56:51,ICBP,RG,8900,2,D,CC,PD,D
10:56:50,ICBP,RG,8900,2,D,CC,PD,D
10:56:41,ICBP,RG,8900,1,D,CC,AK,F
10:56:41,ICBP,RG,8900,1,D,CC,AK,F
10:56:40,ICBP,RG,8900,4,D,CC,PD,D
10:56:40,ICBP,RG,8900,1,D,YP,PD,D
10:56:40,ICBP,RG,8900,1,D,PD,PD,D
10:56:40,ICBP,RG,8900,1,D,SQ,PD,D
10:56:39,ICBP,RG,8900,2,D,SQ,PD,D
10:56:32,ICBP,RG,8900,1,D,SQ,AK,F
10:56:31,ICBP,RG,8900,1,D,SQ,AK,F
10:56:30,ICBP,RG,8900,6,D,NI,PD,D
10:56:28,ICBP,RG,8900,1,D,NI,AK,F
10:56:28,ICBP,RG,8900,1,D,NI,AK,F
10:56:27,ICBP,RG,8900,4,D,NI,AK,F
10:56:27,ICBP,RG,8900,2,D,EP,AK,F
10:56:27,ICBP,RG,8900,6,D,EP,AK,F
10:56:26,ICBP,RG,8925,51,F,CS,DX,D
10:56:26,ICBP,RG,8925,2,F,CS,ZP,F
10:56:19,ICBP,RG,8925,2,D,YU,ZP,F
10:56:19,ICBP,RG,8925,11,D,YU,BK,F
10:56:19,ICBP,RG,8925,3,D,YU,TP,D
10:56:19,ICBP,RG,8925,6,D,YU,PD,D
10:56:19,ICBP,RG,8925,2,D,YU,PD,D
10:56:19,ICBP,RG,8925,5,D,YU,AK,F
10:56:19,ICBP,RG,8925,5,D,YU,AK,F
10:56:19,ICBP,RG,8925,16,D,YU,ZP,F
10:56:14,ICBP,RG,8900,2,D,EP,PD,D
10:56:11,ICBP,RG,8900,1,D,EP,AK,F
10:56:11,ICBP,RG,8900,1,D,EP,AK,F
10:56:10,ICBP,RG,8900,6,D,EP,PD,D
10:56:10,ICBP,RG,8900,1,D,EP,AK,F
10:56:09,ICBP,RG,8900,1,D,EP,AK,F
10:56:09,ICBP,RG,8900,9,D,EP,AK,F
10:56:09,ICBP,RG,8900,9,D,EP,AK,F
10:56:08,ICBP,RG,8900,17,D,EP,ZP,F
10:56:08,ICBP,RG,8925,10,F,CS,ZP,F
10:56:08,ICBP,RG,8925,8,F,CS,BK,F
10:56:08,ICBP,RG,8925,16,D,YU,BK,F
10:56:08,ICBP,RG,8925,28,D,YU,KZ,D
10:56:08,ICBP,RG,8925,6,D,YU,CC,D
10:56:05,ICBP,RG,8900,1,D,EP,AK,F
10:56:04,ICBP,RG,8900,1,D,EP,AK,F
10:56:04,ICBP,RG,8900,2,D,EP,PD,D
10:56:01,ICBP,RG,8900,1,D,EP,AK,F
10:56:01,ICBP,RG,8900,7,D,EP,PD,D
10:55:52,ICBP,RG,8900,1,D,EP,AK,F
10:55:51,ICBP,RG,8900,2,D,EP,PD,D
10:55:51,ICBP,RG,8900,1,D,EP,AK,F
10:55:50,ICBP,RG,8900,6,D,EP,PD,D
10:55:39,ICBP,RG,8900,1,D,EP,AK,F
10:55:38,ICBP,RG,8900,4,D,EP,AK,F
10:55:38,ICBP,RG,8900,4,D,EP,AK,F
10:55:37,ICBP,RG,8925,5,F,CS,CC,D
10:55:37,ICBP,RG,8925,24,F,CS,AK,F
10:55:37,ICBP,RG,8925,6,F,CS,PD,D
10:55:37,ICBP,RG,8925,2,F,CS,PD,D
10:55:37,ICBP,RG,8925,1,F,CS,ZP,D
10:55:31,ICBP,RG,8900,1,D,EP,AK,F
10:55:31,ICBP,RG,8900,1,D,EP,AK,F
10:55:30,ICBP,RG,8900,7,D,EP,PD,D
10:55:28,ICBP,RG,8900,2,D,EP,PD,D
10:55:22,ICBP,RG,8900,1,D,EP,AK,F
10:55:22,ICBP,RG,8900,1,D,EP,AK,F
10:55:21,ICBP,RG,8900,1,D,EP,AK,F
10:55:21,ICBP,RG,8900,2,D,YP,AK,F
10:55:21,ICBP,RG,8900,3,D,YP,AK,F
10:55:21,ICBP,RG,8900,5,D,YP,ZP,F
10:55:21,ICBP,RG,8900,3,D,XL,ZP,F
10:55:21,ICBP,RG,8900,1,D,YP,ZP,F
10:55:21,ICBP,RG,8900,1,D,CC,ZP,F
10:55:21,ICBP,RG,8900,2,D,XL,ZP,F
10:55:21,ICBP,RG,8900,1,D,XC,ZP,F
10:55:21,ICBP,RG,8900,4,D,PD,ZP,F
10:55:21,ICBP,RG,8925,1,D,PD,ZP,F
10:55:21,ICBP,RG,8925,4,D,BB,ZP,F
10:55:20,ICBP,RG,8925,6,D,BB,PD,D
10:55:20,ICBP,RG,8925,4,D,BB,AK,F
10:55:19,ICBP,RG,8925,5,D,BB,AK,F
10:55:19,ICBP,RG,8925,37,D,BB,AK,F
10:55:19,ICBP,RG,8925,22,D,BB,AK,F
10:55:19,ICBP,RG,8925,6,D,PD,AK,F
10:55:19,ICBP,RG,8925,8,D,YP,AK,F
10:55:19,ICBP,RG,8925,38,D,YP,AK,F
10:55:19,ICBP,RG,8925,4,D,YP,AK,F
10:55:19,ICBP,RG,8925,1,D,XC,AK,F
10:55:19,ICBP,RG,8925,2,D,YB,AK,F
10:55:19,ICBP,RG,8925,2,D,AZ,AK,F
10:55:19,ICBP,RG,8925,2,D,XC,AK,F
10:55:19,ICBP,RG,8925,2,D,AZ,AK,F
10:55:19,ICBP,RG,8925,25,D,SQ,AK,F
10:55:19,ICBP,RG,8925,1,D,XC,AK,F
10:55:19,ICBP,RG,8925,5,D,CC,AK,F
10:55:19,ICBP,RG,8925,1,D,XC,AK,F
10:55:19,ICBP,RG,8925,15,F,CS,AK,F
10:55:18,ICBP,RG,8925,29,F,CS,ZP,F
10:55:18,ICBP,RG,8925,71,F,CS,RO,D
10:55:18,ICBP,RG,8925,10,D,YB,RO,D
10:55:18,ICBP,RG,8925,69,F,CS,RO,D
10:55:18,ICBP,RG,8925,43,F,CS,RO,D
10:55:18,ICBP,RG,8925,1,D,NI,RO,D
10:55:18,ICBP,RG,8925,6,D,YP,RO,D
10:55:17,ICBP,RG,8925,2,D,YP,PD,D
10:55:13,ICBP,RG,8925,1,D,YP,AK,F
10:55:13,ICBP,RG,8925,1,D,YP,AK,F
10:55:12,ICBP,RG,8925,5,D,YP,XA,D
10:55:11,ICBP,RG,8925,1,D,YP,AK,F
10:55:10,ICBP,RG,8925,7,D,YP,PD,D
10:55:06,ICBP,RG,8925,1,D,YP,AK,F
10:55:05,ICBP,RG,8925,2,D,YP,PD,D
10:55:01,ICBP,RG,8925,1,D,YP,AK,F
10:55:00,ICBP,RG,8925,6,D,YP,PD,D
10:54:55,ICBP,RG,8925,1,D,YP,AK,F
10:54:54,ICBP,RG,8925,2,D,YP,PD,D
10:54:51,ICBP,RG,8925,1,D,YP,AK,F
10:54:51,ICBP,RG,8925,1,D,YP,AK,F
10:54:50,ICBP,RG,8925,7,D,YP,PD,D
10:54:42,ICBP,RG,8925,2,D,YP,PD,D
10:54:42,ICBP,RG,8925,1,D,YP,AK,F
10:54:42,ICBP,RG,8925,1,D,YP,AK,F
10:54:40,ICBP,RG,8925,6,D,YP,PD,D
10:54:39,ICBP,RG,8925,6,D,YP,AK,F
10:54:39,ICBP,RG,8925,6,D,YP,AK,F
10:54:39,ICBP,RG,8925,2,D,YP,SQ,D
10:54:39,ICBP,RG,8925,31,D,YP,ZP,F
10:54:39,ICBP,RG,8925,15,F,CS,AK,F
10:54:39,ICBP,RG,8925,15,F,CS,AK,F
10:54:38,ICBP,RG,8925,74,F,CS,DX,D
10:54:38,ICBP,RG,8925,54,D,BB,DX,D
10:54:38,ICBP,RG,8925,11,D,BB,BK,F
10:54:34,ICBP,RG,8925,1,D,BB,AK,F
10:54:33,ICBP,RG,8950,3,D,PD,CC,D
10:54:32,ICBP,RG,8925,1,D,BB,AK,F
10:54:31,ICBP,RG,8925,2,D,BB,PD,D
10:54:31,ICBP,RG,8925,1,D,BB,AK,F
10:54:30,ICBP,RG,8925,6,D,BB,PD,D
10:54:22,ICBP,RG,8925,1,D,BB,AK,F
10:54:21,ICBP,RG,8925,1,D,BB,AK,F
10:54:20,ICBP,RG,8925,7,D,BB,PD,D
10:54:20,ICBP,RG,8925,1,D,BB,AK,F
10:54:19,ICBP,RG,8925,2,D,BB,PD,D
10:54:10,ICBP,RG,8925,1,D,BB,PD,D
10:54:10,ICBP,RG,8925,5,D,CC,PD,D
10:54:10,ICBP,RG,8925,1,F,CS,AK,F
10:54:09,ICBP,RG,8925,1,F,CS,AK,F
10:54:08,ICBP,RG,8925,2,F,CS,PD,D
10:54:01,ICBP,RG,8925,1,F,CS,AK,F
10:54:00,ICBP,RG,8925,7,F,CS,PD,D
10:53:57,ICBP,RG,8925,1,F,CS,AK,F
10:53:56,ICBP,RG,8925,2,F,CS,PD,D
10:53:51,ICBP,RG,8925,1,F,CS,AK,F
10:53:50,ICBP,RG,8925,6,F,CS,PD,D
10:53:46,ICBP,RG,8925,1,F,CS,AK,F
10:53:45,ICBP,RG,8925,1,F,CS,AK,F
10:53:45,ICBP,RG,8925,1,F,CS,AK,F
10:53:45,ICBP,RG,8925,7,F,CS,ZP,F
10:53:44,ICBP,RG,8925,2,F,CS,PD,D
10:53:41,ICBP,RG,8925,1,F,CS,AK,F
10:53:40,ICBP,RG,8925,7,F,CS,PD,D
10:53:34,ICBP,RG,8925,1,F,CS,AK,F
10:53:34,ICBP,RG,8925,1,F,CS,XL,D
10:53:33,ICBP,RG,8925,2,F,CS,PD,D
10:53:31,ICBP,RG,8925,1,F,CS,AK,F
10:53:31,ICBP,RG,8925,1,F,CS,AK,F
10:53:30,ICBP,RG,8925,6,F,CS,PD,D
10:53:21,ICBP,RG,8925,2,F,CS,PD,D
10:53:21,ICBP,RG,8925,1,F,CS,AK,F
10:53:21,ICBP,RG,8925,1,F,CS,AK,F
10:53:20,ICBP,RG,8925,6,F,CS,PD,D
10:53:11,ICBP,RG,8925,1,F,CS,AK,F
10:53:11,ICBP,RG,8925,1,F,CS,AK,F
10:53:10,ICBP,RG,8925,7,F,CS,PD,D
10:53:10,ICBP,RG,8925,2,F,CS,PD,D
10:53:01,ICBP,RG,8925,3,F,CS,AK,F
10:53:01,ICBP,RG,8925,3,F,CS,AK,F
10:53:01,ICBP,RG,8925,22,F,CS,ZP,F
10:53:00,ICBP,RG,8925,6,F,CS,PD,D
10:52:59,ICBP,RG,8925,1,F,CS,AK,F
10:52:58,ICBP,RG,8925,2,F,CS,PD,D
10:52:51,ICBP,RG,8925,1,F,CS,AK,F
10:52:50,ICBP,RG,8925,7,F,CS,PD,D
