Time,Stock,Brd,Price,Qty,BT,BC,SC,ST
15:14:55,ICBP,RG,8675,13,D,PD,DH,D
15:14:55,ICBP,RG,8675,1,D,XC,DH,D
15:14:55,ICBP,RG,8675,30,D,YP,DH,D
15:14:55,ICBP,RG,8675,1,D,PD,DH,D
15:14:55,ICBP,RG,8675,5,D,LS,DH,D
15:14:50,ICBP,RG,8675,1,D,LS,XC,D
15:11:50,ICBP,RG,8675,1,D,LS,YP,D
15:11:38,ICBP,RG,8675,21,D,LS,KK,D
15:11:35,ICBP,RG,8675,3,D,LS,SQ,D
15:09:37,ICBP,RG,8675,5,D,LS,SQ,D
15:07:29,ICBP,RG,8675,1,D,LS,XL,D
15:06:13,ICBP,RG,8675,20,D,LS,CC,D
15:05:46,ICBP,RG,8675,3,D,LS,PD,D
15:05:33,ICBP,RG,8675,37,D,LS,DR,D
15:03:45,ICBP,RG,8675,3,D,LS,YP,D
15:03:35,ICBP,RG,8675,1,D,DR,YP,D
15:02:56,ICBP,RG,8675,1,F,ZP,YP,D
15:02:45,ICBP,RG,8675,2,D,PD,YP,D
15:02:45,ICBP,RG,8675,1,F,ZP,YP,D
15:02:45,ICBP,RG,8675,2,F,ZP,YP,D
15:02:45,ICBP,RG,8675,7,F,ZP,YP,D
15:02:31,ICBP,RG,8675,2,F,ZP,CC,D
15:02:00,ICBP,RG,8675,1,F,ZP,YP,D
15:01:46,ICBP,RG,8675,2,F,ZP,YP,D
15:01:38,ICBP,RG,8675,1,F,ZP,CC,D
15:01:38,ICBP,RG,8675,2,D,DH,CC,D
15:01:38,ICBP,RG,8675,97,F,CS,CC,D
15:00:00,ICBP,RG,8675,5,F,CS,CC,D
15:00:00,ICBP,RG,8675,54,F,CS,CS,F
15:00:00,ICBP,RG,8675,1,D,NI,CS,F
15:00:00,ICBP,RG,8675,5,D,PG,CS,F
15:00:00,ICBP,RG,8675,1,D,NI,CS,F
15:00:00,ICBP,RG,8675,5,D,YP,CS,F
15:00:00,ICBP,RG,8675,2,F,ZP,CS,F
15:00:00,ICBP,RG,8675,3,F,ZP,CS,F
15:00:00,ICBP,RG,8675,1,F,ZP,CS,F
15:00:00,ICBP,RG,8675,128,F,KZ,CS,F
15:00:00,ICBP,RG,8675,11,F,KZ,DX,F
15:00:00,ICBP,RG,8675,2,F,KZ,KK,D
15:00:00,ICBP,RG,8675,8,F,KZ,DH,D
15:00:00,ICBP,RG,8675,240,F,KZ,RX,F
15:00:00,ICBP,RG,8675,170,F,ZP,RX,F
15:00:00,ICBP,RG,8675,28,F,ZP,DP,D
15:00:00,ICBP,RG,8675,94,F,ZP,PD,D
15:00:00,ICBP,RG,8675,275,F,ZP,PD,D
15:00:00,ICBP,RG,8675,374,F,BK,PD,D
15:00:00,ICBP,RG,8675,39,F,KZ,PD,D
15:00:00,ICBP,RG,8675,20,F,CS,PD,D
15:00:00,ICBP,RG,8675,1,F,AK,PD,D
15:00:00,ICBP,RG,8675,374,F,AK,PD,D
15:00:00,ICBP,RG,8675,52,F,AK,PD,D
15:00:00,ICBP,RG,8675,2,F,AK,YU,D
15:00:00,ICBP,RG,8675,1,F,AK,YU,D
15:00:00,ICBP,RG,8675,1,F,AK,YU,D
14:49:30,ICBP,RG,8750,12,D,NI,XA,D
14:49:28,ICBP,RG,8750,4,F,ZP,DX,F
14:49:28,ICBP,RG,8750,1,D,PD,DX,F
14:49:28,ICBP,RG,8750,1,D,OD,DX,F
14:49:27,ICBP,RG,8750,1,D,OD,YP,D
14:49:25,ICBP,RG,8750,50,D,OD,KK,D
14:49:22,ICBP,RG,8750,1,D,OD,XC,D
14:49:06,ICBP,RG,8775,1,F,KZ,NI,D
14:49:06,ICBP,RG,8775,55,F,ZP,NI,D
14:49:05,ICBP,RG,8775,1,F,ZP,BB,D
14:49:04,ICBP,RG,8775,2,F,ZP,AZ,D
14:49:04,ICBP,RG,8800,109,F,ZP,PD,D
14:49:04,ICBP,RG,8800,18,F,ZP,YP,D
14:49:04,ICBP,RG,8800,1,F,ZP,YP,D
14:49:04,ICBP,RG,8800,2,F,ZP,SQ,D
14:49:04,ICBP,RG,8800,2,F,ZP,SQ,D
14:49:04,ICBP,RG,8800,3,F,ZP,SQ,D
14:49:04,ICBP,RG,8800,10,F,ZP,GR,D
14:49:04,ICBP,RG,8800,1,F,ZP,PD,D
14:49:04,ICBP,RG,8800,10,F,ZP,PD,D
14:49:04,ICBP,RG,8800,5,F,ZP,PD,D
14:49:04,ICBP,RG,8800,7,F,ZP,PD,D
14:49:04,ICBP,RG,8800,1,F,ZP,YB,D
14:49:04,ICBP,RG,8800,2,F,ZP,EP,D
14:49:04,ICBP,RG,8800,10,F,ZP,DR,D
14:49:04,ICBP,RG,8775,5,F,ZP,MU,D
14:49:04,ICBP,RG,8775,1,F,ZP,YP,D
14:49:03,ICBP,RG,8775,34,F,ZP,PD,D
14:49:02,ICBP,RG,8775,1,F,ZP,YP,D
14:49:02,ICBP,RG,8775,1,F,ZP,CC,D
14:49:01,ICBP,RG,8775,1,F,ZP,PD,D
14:49:01,ICBP,RG,8775,25,F,ZP,KK,D
14:49:00,ICBP,RG,8775,1,F,ZP,AK,D
14:49:00,ICBP,RG,8775,1,F,ZP,AK,D
14:49:00,ICBP,RG,8775,1,F,ZP,AK,D
14:48:58,ICBP,RG,8775,5,F,ZP,XL,D
14:48:57,ICBP,RG,8775,4,F,ZP,XC,D
14:48:55,ICBP,RG,8775,10,F,ZP,YP,D
14:48:54,ICBP,RG,8775,1,F,ZP,PD,D
14:48:53,ICBP,RG,8775,7,F,ZP,SQ,D
14:48:53,ICBP,RG,8775,30,F,ZP,YU,D
14:48:52,ICBP,RG,8775,6,F,ZP,DR,D
14:48:52,ICBP,RG,8775,14,F,ZP,DR,D
14:48:48,ICBP,RG,8775,27,F,ZP,BK,F
14:48:48,ICBP,RG,8775,23,F,ZP,BK,F
14:48:48,ICBP,RG,8775,1,F,KZ,BK,F
14:48:48,ICBP,RG,8775,54,F,ZP,BK,F
14:48:48,ICBP,RG,8775,2,F,ZP,XC,D
14:48:48,ICBP,RG,8775,31,F,ZP,YP,D
14:48:44,ICBP,RG,8775,164,F,ZP,AK,F
14:48:44,ICBP,RG,8775,120,F,ZP,RX,F
14:48:44,ICBP,RG,8775,3,F,ZP,AK,D
14:48:44,ICBP,RG,8775,1,F,ZP,AT,D
14:48:44,ICBP,RG,8775,20,F,ZP,NI,D
14:48:44,ICBP,RG,8775,19,F,ZP,EP,D
14:48:44,ICBP,RG,8775,1,F,ZP,NI,D
14:48:44,ICBP,RG,8775,1,F,ZP,AT,D
14:48:44,ICBP,RG,8775,2,F,ZP,PD,D
14:48:44,ICBP,RG,8775,35,F,ZP,PD,D
14:48:44,ICBP,RG,8775,5,F,ZP,SQ,D
14:48:44,ICBP,RG,8775,2,F,ZP,XC,D
14:48:44,ICBP,RG,8775,1,F,ZP,KK,D
14:48:44,ICBP,RG,8775,1,F,ZP,XC,D
14:48:44,ICBP,RG,8775,7,F,ZP,YP,D
14:48:44,ICBP,RG,8775,5,F,ZP,PD,D
14:48:44,ICBP,RG,8775,32,F,ZP,DR,D
14:48:44,ICBP,RG,8775,4,F,ZP,PD,D
14:48:44,ICBP,RG,8775,4,F,ZP,KK,D
14:48:44,ICBP,RG,8775,2,F,ZP,SQ,D
14:48:44,ICBP,RG,8775,9,F,ZP,EP,D
14:48:40,ICBP,RG,8750,241,D,OD,BK,F
14:48:40,ICBP,RG,8775,1,F,KZ,EP,D
14:48:39,ICBP,RG,8750,1087,D,OD,PD,D
14:48:39,ICBP,RG,8750,5,D,OD,PD,D
14:48:39,ICBP,RG,8750,12,D,OD,DH,D
14:48:39,ICBP,RG,8750,25,D,OD,DR,D
14:48:39,ICBP,RG,8750,300,D,OD,KI,D
14:48:39,ICBP,RG,8750,203,D,OD,KI,D
14:48:39,ICBP,RG,8750,11,D,OD,CC,D
14:48:39,ICBP,RG,8750,3,D,OD,XC,D
14:48:39,ICBP,RG,8750,2,D,OD,XL,D
14:48:39,ICBP,RG,8750,5,D,OD,SQ,D
14:48:39,ICBP,RG,8750,1,D,OD,NI,D
14:48:39,ICBP,RG,8750,5,D,OD,XC,D
14:48:39,ICBP,RG,8750,1,D,OD,XL,D
14:48:39,ICBP,RG,8750,5,D,OD,PD,D
14:48:39,ICBP,RG,8750,2,D,OD,YP,D
14:48:39,ICBP,RG,8750,300,D,OD,YB,D
14:48:39,ICBP,RG,8750,1,D,OD,OD,D
14:48:39,ICBP,RG,8750,1,D,OD,NI,D
14:48:39,ICBP,RG,8750,13,D,OD,YP,D
14:48:39,ICBP,RG,8750,2,D,OD,SQ,D
14:48:39,ICBP,RG,8750,50,D,OD,YP,D
14:48:39,ICBP,RG,8750,1,D,OD,XL,D
14:48:39,ICBP,RG,8750,5,D,OD,EP,D
14:48:39,ICBP,RG,8725,50,D,OD,KK,D
14:48:39,ICBP,RG,8725,50,D,OD,KK,D
14:48:39,ICBP,RG,8725,20,D,OD,XA,D
14:48:39,ICBP,RG,8725,300,D,OD,KI,D
14:48:39,ICBP,RG,8725,58,D,OD,YP,D
14:48:39,ICBP,RG,8725,297,D,OD,KI,D
14:48:39,ICBP,RG,8725,1,D,OD,SQ,D
14:48:39,ICBP,RG,8725,1,D,OD,XL,D
14:48:39,ICBP,RG,8725,5,D,OD,CC,D
14:48:39,ICBP,RG,8725,3,D,OD,DH,D
14:48:39,ICBP,RG,8725,14,D,OD,YP,D
14:48:39,ICBP,RG,8725,1,D,OD,PD,D
14:48:39,ICBP,RG,8725,1,D,OD,PD,D
14:48:39,ICBP,RG,8725,3,D,OD,PD,D
14:48:39,ICBP,RG,8725,4,D,OD,DH,D
14:48:39,ICBP,RG,8725,2,D,OD,SQ,D
14:48:39,ICBP,RG,8700,20,D,OD,XA,D
14:48:39,ICBP,RG,8700,1,D,OD,XC,D
14:48:39,ICBP,RG,8700,150,D,OD,DX,D
14:48:39,ICBP,RG,8700,2,D,OD,CC,D
14:48:39,ICBP,RG,8700,1,D,OD,OD,D
14:48:39,ICBP,RG,8700,4,D,OD,PD,D
14:48:39,ICBP,RG,8700,50,D,OD,AI,D
14:48:39,ICBP,RG,8700,100,D,OD,HD,D
14:48:39,ICBP,RG,8700,1,D,OD,DH,D
14:48:39,ICBP,RG,8700,20,D,OD,YP,D
14:48:39,ICBP,RG,8700,1,D,OD,KK,D
14:48:39,ICBP,RG,8700,100,D,OD,CD,D
14:48:39,ICBP,RG,8700,1,D,OD,PD,D
14:48:39,ICBP,RG,8700,2,D,OD,CC,D
14:48:39,ICBP,RG,8700,19,D,OD,XA,D
14:48:39,ICBP,RG,8700,50,D,OD,OD,D
14:48:39,ICBP,RG,8700,1,D,OD,PD,D
14:48:39,ICBP,RG,8700,20,D,OD,GR,D
14:48:39,ICBP,RG,8700,1052,D,OD,NI,D
14:48:39,ICBP,RG,8700,1,D,OD,PD,D
14:48:39,ICBP,RG,8700,5,D,OD,CC,D
14:48:39,ICBP,RG,8700,6,D,OD,KK,D
14:48:39,ICBP,RG,8700,1,D,OD,PD,D
14:48:39,ICBP,RG,8700,2,D,OD,XC,D
14:48:39,ICBP,RG,8700,1,D,OD,XC,D
14:48:39,ICBP,RG,8700,5,D,OD,SQ,D
14:48:39,ICBP,RG,8700,1,D,OD,DH,D
14:48:39,ICBP,RG,8675,1,D,OD,YP,D
14:48:39,ICBP,RG,8675,1,D,OD,PD,D
14:48:39,ICBP,RG,8675,20,D,OD,XL,D
14:48:39,ICBP,RG,8675,54,D,OD,YP,D
14:48:39,ICBP,RG,8675,1,D,OD,AT,D
14:48:39,ICBP,RG,8675,101,D,OD,YP,D
14:48:39,ICBP,RG,8675,1,D,OD,XC,D
14:48:39,ICBP,RG,8675,50,D,OD,YP,D
14:48:39,ICBP,RG,8675,4,D,OD,YP,D
14:48:39,ICBP,RG,8675,1,D,OD,PD,D
14:48:39,ICBP,RG,8675,5,D,OD,DH,D
14:48:22,ICBP,RG,8675,4,F,ZP,DH,D
14:48:22,ICBP,RG,8625,3,F,ZP,AK,D
14:48:21,ICBP,RG,8625,19,F,ZP,RX,F
14:48:21,ICBP,RG,8625,21,F,ZP,RX,F
14:48:21,ICBP,RG,8625,2,F,KZ,RX,F
14:48:20,ICBP,RG,8675,3,F,ZP,DH,D
14:48:20,ICBP,RG,8650,1,F,ZP,AK,D
14:48:20,ICBP,RG,8650,8,F,ZP,AK,D
14:48:20,ICBP,RG,8650,3,F,ZP,AZ,D
14:48:20,ICBP,RG,8650,161,F,ZP,PD,D
14:48:12,ICBP,RG,8650,1,D,PD,PD,D
14:48:06,ICBP,RG,8575,55,D,AZ,RX,F
14:48:00,ICBP,RG,8650,55,D,PD,PD,D
14:48:00,ICBP,RG,8650,182,D,PD,PD,D
14:48:00,ICBP,RG,8650,1,D,PD,PD,D
14:48:00,ICBP,RG,8650,3,D,PD,KK,D
14:48:00,ICBP,RG,8650,7,D,PD,YP,D
14:48:00,ICBP,RG,8650,10,D,PD,YP,D
14:48:00,ICBP,RG,8650,5,D,PD,OD,D
14:48:00,ICBP,RG,8625,1,D,PD,XC,D
14:48:00,ICBP,RG,8625,1,D,PD,AT,D
14:48:00,ICBP,RG,8625,4,D,PD,EP,D
14:48:00,ICBP,RG,8625,2,D,PD,LG,D
14:48:00,ICBP,RG,8625,16,D,PD,LG,D
14:48:00,ICBP,RG,8625,60,D,PD,RX,F
14:48:00,ICBP,RG,8625,271,D,PD,PD,D
14:48:00,ICBP,RG,8625,146,D,PD,PD,D
14:48:00,ICBP,RG,8600,4,D,PD,AK,D
14:48:00,ICBP,RG,8600,5,D,PD,AK,D
14:48:00,ICBP,RG,8600,314,D,PD,PD,D
14:47:55,ICBP,RG,8575,1,D,AZ,PD,D
14:47:53,ICBP,RG,8600,1,D,PC,PD,D
14:47:52,ICBP,RG,8575,8,D,AZ,RX,F
14:47:50,ICBP,RG,8575,1,D,AZ,PD,D
14:47:50,ICBP,RG,8575,24,D,AZ,RX,F
14:47:44,ICBP,RG,8600,11,F,ZP,PD,D
14:47:44,ICBP,RG,8600,25,F,ZP,PD,D
14:47:44,ICBP,RG,8600,25,D,KK,PD,D
14:47:43,ICBP,RG,8600,5,F,BK,PD,D
14:47:43,ICBP,RG,8600,1,D,PD,PD,D
14:47:43,ICBP,RG,8600,1,D,YP,PD,D
14:47:43,ICBP,RG,8600,1,D,NI,PD,D
14:47:43,ICBP,RG,8600,50,D,KK,PD,D
14:47:43,ICBP,RG,8600,1,F,KZ,PD,D
14:47:43,ICBP,RG,8600,31,F,ZP,PD,D
14:47:43,ICBP,RG,8600,31,D,YP,PD,D
14:47:43,ICBP,RG,8600,1,D,SQ,PD,D
14:47:43,ICBP,RG,8600,50,D,KK,PD,D
14:47:43,ICBP,RG,8600,1,F,KZ,PD,D
14:47:43,ICBP,RG,8600,5,D,FS,PD,D
14:47:43,ICBP,RG,8600,1,F,KZ,PD,D
14:47:43,ICBP,RG,8600,28,F,BK,PD,D
14:47:43,ICBP,RG,8600,12,F,KZ,PD,D
14:47:43,ICBP,RG,8600,1,D,YP,PD,D
14:47:43,ICBP,RG,8600,1,D,NI,PD,D
14:47:43,ICBP,RG,8600,1,D,XL,PD,D
14:47:43,ICBP,RG,8600,2,F,KZ,PD,D
14:47:11,ICBP,RG,8625,1,D,NI,PD,D
14:47:11,ICBP,RG,8625,20,F,ZP,PD,D
14:46:43,ICBP,RG,8600,5,F,KZ,CS,F
14:46:43,ICBP,RG,8600,3,F,ZP,CS,F
14:46:33,ICBP,RG,8600,3,F,ZP,CS,F
14:46:27,ICBP,RG,8600,2,F,ZP,LG,D
14:46:22,ICBP,RG,8625,8,F,BK,PD,D
14:46:17,ICBP,RG,8625,8,F,BK,PD,D
14:46:12,ICBP,RG,8625,45,F,BK,PD,D
14:46:12,ICBP,RG,8625,2,F,BK,CC,D
14:46:11,ICBP,RG,8600,1,F,ZP,AK,F
14:46:10,ICBP,RG,8600,1,F,ZP,AK,F
14:46:10,ICBP,RG,8600,8,F,ZP,AK,D
14:46:10,ICBP,RG,8600,19,F,ZP,BB,D
14:46:10,ICBP,RG,8600,27,F,ZP,BB,D
14:46:10,ICBP,RG,8600,5,F,KZ,BB,D
14:46:09,ICBP,RG,8600,88,F,BK,BB,D
14:46:09,ICBP,RG,8600,6,F,BK,AK,D
14:46:09,ICBP,RG,8600,64,F,BK,RX,F
14:46:09,ICBP,RG,8600,8,F,BK,AK,D
14:46:09,ICBP,RG,8600,1,F,BK,CS,F
14:46:09,ICBP,RG,8600,24,F,BK,CS,F
14:46:09,ICBP,RG,8575,9,D,AZ,CS,F
14:46:08,ICBP,RG,8600,16,F,BK,CS,F
14:46:08,ICBP,RG,8600,1,D,XC,CS,F
14:46:04,ICBP,RG,8575,47,D,AZ,RX,F
14:46:03,ICBP,RG,8600,8,F,BK,CS,F
14:46:03,ICBP,RG,8600,59,F,ZP,CS,F
14:46:02,ICBP,RG,8600,37,D,XC,CS,F
14:46:02,ICBP,RG,8575,1,D,AZ,RX,F
14:46:00,ICBP,RG,8600,1,F,KZ,CS,F
14:45:58,ICBP,RG,8600,2,F,KZ,CS,F
14:45:58,ICBP,RG,8600,1,F,KZ,CS,F
14:45:58,ICBP,RG,8600,4,F,KZ,CS,F
14:45:58,ICBP,RG,8600,7,F,KZ,CS,F
14:45:58,ICBP,RG,8600,1,F,KZ,CS,F
14:45:57,ICBP,RG,8600,8,F,BK,CS,F
14:45:55,ICBP,RG,8600,7,F,BK,CS,F
14:45:55,ICBP,RG,8600,4,F,BK,CS,F
14:45:55,ICBP,RG,8600,5,F,BK,CS,F
14:45:55,ICBP,RG,8600,1,F,BK,AK,F
14:45:54,ICBP,RG,8600,2,F,KZ,AK,F
14:45:50,ICBP,RG,8575,10,D,AZ,CS,F
14:45:49,ICBP,RG,8600,102,D,PD,AK,F
14:45:49,ICBP,RG,8600,6,D,PD,CS,F
14:45:49,ICBP,RG,8600,3,D,PD,BB,D
14:45:49,ICBP,RG,8600,189,D,PD,PD,D
14:45:36,ICBP,RG,8575,9,D,AZ,RX,F
14:45:34,ICBP,RG,8575,2,D,AZ,RX,F
14:45:32,ICBP,RG,8600,1,D,XC,PD,D
14:45:30,ICBP,RG,8575,16,D,AZ,CS,F
14:45:25,ICBP,RG,8600,1,D,YP,PD,D
14:45:20,ICBP,RG,8600,15,F,ZP,PD,D
14:45:19,ICBP,RG,8600,1,D,PD,PD,D
14:45:09,ICBP,RG,8575,14,D,AZ,CS,F
14:45:09,ICBP,RG,8575,31,D,AZ,RX,F
14:45:08,ICBP,RG,8600,1,D,XC,PD,D
14:44:55,ICBP,RG,8575,6,D,AZ,YP,D
14:44:55,ICBP,RG,8575,2,D,AZ,NI,D
14:44:55,ICBP,RG,8575,10,D,AZ,PD,D
14:44:55,ICBP,RG,8575,10,D,AZ,PD,D
14:44:55,ICBP,RG,8600,8,F,ZP,PD,D
14:44:55,ICBP,RG,8600,11,F,ZP,PD,D
14:44:54,ICBP,RG,8575,1,D,AZ,DX,D
14:44:54,ICBP,RG,8600,1,F,KZ,PD,D
14:44:54,ICBP,RG,8600,5,D,XL,PD,D
14:44:54,ICBP,RG,8600,2,F,ZP,PD,D
14:44:54,ICBP,RG,8600,10,D,YP,PD,D
14:44:54,ICBP,RG,8600,6,F,KZ,PD,D
14:44:54,ICBP,RG,8600,2,D,XC,PD,D
14:44:54,ICBP,RG,8600,23,F,ZP,PD,D
14:44:54,ICBP,RG,8600,1,D,XL,PD,D
14:44:54,ICBP,RG,8600,43,F,KZ,PD,D
14:44:54,ICBP,RG,8600,14,F,KZ,PD,D
14:44:54,ICBP,RG,8600,1,D,XC,PD,D
14:44:54,ICBP,RG,8600,2,F,KZ,PD,D
14:44:54,ICBP,RG,8600,1,F,KZ,PD,D
14:44:54,ICBP,RG,8600,7,F,KZ,PD,D
14:44:54,ICBP,RG,8600,2,F,KZ,PD,D
14:44:54,ICBP,RG,8600,1,D,XC,PD,D
14:44:54,ICBP,RG,8600,1,D,LG,PD,D
14:44:54,ICBP,RG,8600,3,F,CS,PD,D
14:44:54,ICBP,RG,8600,2,D,YP,PD,D
14:44:54,ICBP,RG,8600,2,F,KZ,PD,D
14:44:54,ICBP,RG,8600,1,D,PD,PD,D
14:44:54,ICBP,RG,8600,1,D,XL,PD,D
14:44:54,ICBP,RG,8600,4,D,XL,PD,D
14:44:54,ICBP,RG,8600,1,D,PD,PD,D
14:44:54,ICBP,RG,8600,5,F,KZ,PD,D
14:44:54,ICBP,RG,8600,2,D,NI,PD,D
14:44:54,ICBP,RG,8600,29,D,LG,PD,D
14:44:49,ICBP,RG,8600,12,D,LG,CS,F
14:44:43,ICBP,RG,8600,2,D,LG,OD,D
14:44:42,ICBP,RG,8600,3,D,LG,RX,F
14:44:40,ICBP,RG,8600,4,D,LG,RX,F
14:44:40,ICBP,RG,8600,4,D,SQ,RX,F
14:44:40,ICBP,RG,8600,2,F,KZ,RX,F
14:44:29,ICBP,RG,8600,9,F,KZ,CS,F
14:44:28,ICBP,RG,8600,12,F,KZ,YP,D
14:44:28,ICBP,RG,8600,1,D,PC,YP,D
14:44:28,ICBP,RG,8600,1,D,XC,YP,D
14:44:28,ICBP,RG,8600,1,D,XC,YP,D
14:44:28,ICBP,RG,8600,5,D,YP,YP,D
14:44:28,ICBP,RG,8600,1,D,AO,YP,D
14:44:28,ICBP,RG,8600,1,F,KZ,YP,D
14:44:28,ICBP,RG,8600,23,F,ZP,YP,D
14:44:28,ICBP,RG,8600,2,D,GR,YP,D
14:44:28,ICBP,RG,8600,1,D,AT,YP,D
14:44:28,ICBP,RG,8600,37,F,ZP,YP,D
14:44:25,ICBP,RG,8600,4,F,ZP,RX,F
14:44:25,ICBP,RG,8600,1,D,DX,RX,F
14:44:25,ICBP,RG,8600,5,D,XC,RX,F
14:44:25,ICBP,RG,8600,7,D,CC,RX,F
14:44:23,ICBP,RG,8600,43,D,CC,RX,F
14:44:23,ICBP,RG,8600,3,D,CC,RX,F
14:44:23,ICBP,RG,8600,2,D,PD,RX,F
14:44:23,ICBP,RG,8600,2,D,CC,RX,F
14:44:23,ICBP,RG,8600,2,D,YP,RX,F
14:44:23,ICBP,RG,8600,2,D,XC,RX,F
14:44:23,ICBP,RG,8600,1,D,YP,RX,F
14:44:23,ICBP,RG,8600,3,D,CC,RX,F
14:44:23,ICBP,RG,8600,15,D,YB,RX,F
14:44:23,ICBP,RG,8600,1,D,CC,RX,F
14:44:23,ICBP,RG,8600,10,D,PD,RX,F
14:44:23,ICBP,RG,8600,2,F,KZ,RX,F
14:44:18,ICBP,RG,8600,1,F,KZ,DX,D
14:44:16,ICBP,RG,8600,3,F,KZ,AK,F
14:44:16,ICBP,RG,8600,24,F,KZ,AK,F
14:44:16,ICBP,RG,8600,1,D,XC,AK,F
14:44:16,ICBP,RG,8600,2,D,YP,AK,F
14:44:16,ICBP,RG,8600,5,D,KK,AK,F
14:44:16,ICBP,RG,8600,15,D,CC,AK,F
14:44:16,ICBP,RG,8600,4,D,PD,AK,F
14:44:16,ICBP,RG,8600,4,D,XC,AK,F
14:44:16,ICBP,RG,8600,1,D,XC,AK,F
14:44:16,ICBP,RG,8600,5,D,LS,AK,F
14:44:16,ICBP,RG,8600,10,D,LS,AK,F
14:44:16,ICBP,RG,8600,3,F,CS,AK,F
14:44:16,ICBP,RG,8600,6,D,XC,AK,F
14:44:16,ICBP,RG,8600,41,F,BK,AK,F
14:44:16,ICBP,RG,8600,11,F,BK,CS,F
14:44:16,ICBP,RG,8600,6,F,BK,AK,F
14:44:15,ICBP,RG,8600,11,F,BK,AK,F
14:44:15,ICBP,RG,8600,121,F,BK,PD,D
14:44:15,ICBP,RG,8600,1,D,CC,PD,D
14:44:15,ICBP,RG,8600,50,D,NI,PD,D
14:44:15,ICBP,RG,8600,5,D,DR,PD,D
14:44:15,ICBP,RG,8600,24,D,XC,PD,D
14:44:15,ICBP,RG,8600,1,D,XC,PD,D
14:44:15,ICBP,RG,8600,1,D,XC,PD,D
14:44:15,ICBP,RG,8600,1,D,NI,PD,D
14:44:15,ICBP,RG,8600,1,D,CC,PD,D
14:44:15,ICBP,RG,8600,1,D,NI,PD,D
14:44:15,ICBP,RG,8600,1,D,GR,PD,D
14:44:15,ICBP,RG,8600,1,D,PD,PD,D
14:44:15,ICBP,RG,8600,10,D,LG,PD,D
14:44:15,ICBP,RG,8600,1,D,PD,PD,D
14:44:15,ICBP,RG,8600,10,D,CC,PD,D
14:44:15,ICBP,RG,8600,2,D,CC,PD,D
14:44:15,ICBP,RG,8600,6,D,YP,PD,D
14:44:15,ICBP,RG,8600,1,D,PD,PD,D
14:44:15,ICBP,RG,8600,4,D,XC,PD,D
14:44:15,ICBP,RG,8600,1,D,CC,PD,D
14:44:15,ICBP,RG,8600,5,D,YP,PD,D
14:44:15,ICBP,RG,8600,2,D,XC,PD,D
14:44:15,ICBP,RG,8600,2,D,YP,PD,D
14:44:15,ICBP,RG,8600,3,F,CS,PD,D
14:44:15,ICBP,RG,8600,1,D,XC,PD,D
14:44:15,ICBP,RG,8600,2,D,KK,PD,D
14:44:15,ICBP,RG,8600,1,D,CC,PD,D
14:44:15,ICBP,RG,8600,2,D,NI,PD,D
14:44:15,ICBP,RG,8600,10,D,SQ,PD,D
14:44:15,ICBP,RG,8600,1,D,YP,PD,D
14:44:15,ICBP,RG,8600,1,D,XC,PD,D
14:44:15,ICBP,RG,8600,1,D,CC,PD,D
14:44:15,ICBP,RG,8600,3,D,XC,PD,D
14:44:15,ICBP,RG,8600,1,D,PD,PD,D
14:44:15,ICBP,RG,8600,6,D,YP,PD,D
14:44:15,ICBP,RG,8600,1,D,YP,PD,D
14:44:15,ICBP,RG,8600,1,D,GR,PD,D
14:44:15,ICBP,RG,8600,5,F,CS,PD,D
14:44:15,ICBP,RG,8600,2,D,PD,PD,D
14:44:15,ICBP,RG,8600,42,D,DH,PD,D
14:44:15,ICBP,RG,8600,58,D,DH,PD,D
14:44:15,ICBP,RG,8600,1,D,NI,PD,D
14:44:15,ICBP,RG,8600,5,D,XL,PD,D
14:44:15,ICBP,RG,8600,1,D,XC,PD,D
14:44:15,ICBP,RG,8600,1,D,KK,PD,D
14:44:15,ICBP,RG,8600,3,D,XC,PD,D
14:44:15,ICBP,RG,8600,1,D,PD,PD,D
14:44:15,ICBP,RG,8600,1,D,YP,PD,D
14:44:15,ICBP,RG,8600,3,D,SQ,PD,D
14:44:15,ICBP,RG,8600,5,D,XC,PD,D
14:44:15,ICBP,RG,8600,1,D,CC,PD,D
14:44:15,ICBP,RG,8600,1,D,YP,PD,D
14:44:15,ICBP,RG,8600,1,D,NI,PD,D
14:44:15,ICBP,RG,8600,15,D,XA,PD,D
14:44:15,ICBP,RG,8600,1,D,YP,PD,D
14:44:15,ICBP,RG,8600,2,D,CC,PD,D
14:44:15,ICBP,RG,8600,2,D,PD,PD,D
14:44:15,ICBP,RG,8600,1,D,KK,PD,D
14:44:15,ICBP,RG,8600,2,D,CC,PD,D
14:44:15,ICBP,RG,8600,2,D,PD,PD,D
14:44:15,ICBP,RG,8600,1,D,PD,PD,D
14:44:15,ICBP,RG,8600,2,D,CC,PD,D
14:44:15,ICBP,RG,8600,1,D,PD,PD,D
14:44:15,ICBP,RG,8600,10,D,DH,PD,D
14:44:15,ICBP,RG,8600,16,D,DR,PD,D
14:44:15,ICBP,RG,8600,1,D,PD,PD,D
14:44:15,ICBP,RG,8600,2,D,KK,PD,D
14:44:15,ICBP,RG,8600,4,F,CS,PD,D
14:44:15,ICBP,RG,8600,100,D,CC,PD,D
14:44:15,ICBP,RG,8600,10,D,OD,PD,D
14:44:15,ICBP,RG,8600,4,D,XC,PD,D
14:44:15,ICBP,RG,8600,1,D,XC,PD,D
14:44:15,ICBP,RG,8600,4,D,XC,PD,D
14:44:15,ICBP,RG,8600,5,D,XC,PD,D
14:44:15,ICBP,RG,8600,4,D,PD,PD,D
14:44:15,ICBP,RG,8600,5,D,XC,PD,D
14:44:15,ICBP,RG,8600,2,D,YP,PD,D
14:44:15,ICBP,RG,8600,1,D,XC,PD,D
14:44:15,ICBP,RG,8600,3,D,XA,PD,D
14:44:15,ICBP,RG,8600,7,D,XA,AK,D
14:44:15,ICBP,RG,8600,5,D,PD,AK,D
14:44:15,ICBP,RG,8600,1,D,PD,AK,D
14:44:15,ICBP,RG,8600,2,D,XC,AK,D
14:44:15,ICBP,RG,8600,1,D,YU,AK,D
14:44:15,ICBP,RG,8600,1,D,XC,AK,D
14:44:15,ICBP,RG,8600,1,D,YP,AK,D
14:44:15,ICBP,RG,8600,3,D,AI,AK,D
14:44:15,ICBP,RG,8600,2,D,XC,AK,D
14:44:15,ICBP,RG,8600,1,D,YP,AK,D
14:44:15,ICBP,RG,8600,6,D,KK,AK,D
14:44:15,ICBP,RG,8600,8,D,YP,AK,D
14:44:15,ICBP,RG,8600,2,D,CC,AK,D
14:44:15,ICBP,RG,8600,5,D,PD,AK,D
14:44:15,ICBP,RG,8600,1,D,CC,AK,D
14:44:15,ICBP,RG,8600,5,D,YP,AK,D
14:44:15,ICBP,RG,8600,3,D,SQ,AK,D
14:44:15,ICBP,RG,8600,3,D,PD,AK,D
14:44:15,ICBP,RG,8600,1,D,XC,AK,D
14:44:15,ICBP,RG,8600,1,D,YP,AK,D
14:44:15,ICBP,RG,8600,1,D,PD,AK,D
14:44:15,ICBP,RG,8600,50,D,YP,AK,D
14:44:15,ICBP,RG,8600,1,D,PD,AK,D
14:44:15,ICBP,RG,8600,1,D,NI,AK,D
14:44:08,ICBP,RG,8625,30,D,YU,AK,F
14:44:07,ICBP,RG,8625,27,F,ZP,AK,F
14:44:06,ICBP,RG,8600,4,D,NI,RX,F
14:44:06,ICBP,RG,8600,3,F,ZP,RX,F
14:44:04,ICBP,RG,8600,3,F,ZP,RX,F
14:43:59,ICBP,RG,8600,19,F,ZP,CS,F
14:43:50,ICBP,RG,8600,10,F,ZP,AK,D
14:43:31,ICBP,RG,8600,6,F,ZP,RX,F
14:43:30,ICBP,RG,8600,12,F,ZP,AK,D
14:43:29,ICBP,RG,8600,2,F,ZP,RX,F
14:43:28,ICBP,RG,8600,19,F,ZP,CS,F
14:43:15,ICBP,RG,8625,1,F,AK,AK,F
14:43:03,ICBP,RG,8600,18,F,ZP,RX,F
14:43:01,ICBP,RG,8600,2,F,ZP,RX,F
14:42:59,ICBP,RG,8600,19,F,ZP,CS,F
14:42:56,ICBP,RG,8625,21,F,ZP,AK,F
14:42:56,ICBP,RG,8600,104,F,ZP,BB,D
14:42:47,ICBP,RG,8625,14,D,KK,AK,F
14:42:47,ICBP,RG,8600,3,D,AZ,RX,F
14:42:47,ICBP,RG,8600,1,D,XC,RX,F
14:42:47,ICBP,RG,8600,1,D,XC,RX,F
14:42:47,ICBP,RG,8600,4,D,GR,RX,F
14:42:45,ICBP,RG,8600,1,D,GR,RX,F
14:42:45,ICBP,RG,8600,1,D,XC,RX,F
14:42:45,ICBP,RG,8600,1,D,XC,AK,D
14:42:45,ICBP,RG,8600,1,D,PD,AK,D
14:42:45,ICBP,RG,8600,5,D,LG,AK,D
14:42:45,ICBP,RG,8600,4,D,PD,AK,D
14:42:45,ICBP,RG,8600,1,D,NI,AK,D
14:42:45,ICBP,RG,8600,1,D,YP,AK,D
14:42:45,ICBP,RG,8600,1,D,YP,AK,D
14:42:45,ICBP,RG,8600,1,D,XC,AK,D
14:42:45,ICBP,RG,8600,6,D,KK,AK,D
14:42:33,ICBP,RG,8625,19,F,ZP,AK,F
14:42:29,ICBP,RG,8600,4,D,KK,CS,F
14:42:29,ICBP,RG,8600,5,D,NI,CS,F
14:42:29,ICBP,RG,8600,1,D,PD,CS,F
14:42:29,ICBP,RG,8600,5,D,NI,CS,F
14:42:29,ICBP,RG,8600,5,D,NI,CS,F
14:42:27,ICBP,RG,8600,1,D,DH,BQ,D
14:42:27,ICBP,RG,8600,1,D,GR,BQ,D
14:42:18,ICBP,RG,8600,1,D,PD,SQ,D
14:42:18,ICBP,RG,8600,3,D,CC,SQ,D
14:42:18,ICBP,RG,8600,1,D,CC,SQ,D
14:42:15,ICBP,RG,8600,1,D,CC,RX,F
14:42:15,ICBP,RG,8600,1,D,PD,RX,F
14:42:15,ICBP,RG,8600,1,D,XC,RX,F
14:42:15,ICBP,RG,8600,8,D,KK,RX,F
14:41:57,ICBP,RG,8600,12,D,KK,CS,F
14:41:57,ICBP,RG,8600,1,D,XC,CS,F
14:41:57,ICBP,RG,8600,1,D,XC,CS,F
14:41:57,ICBP,RG,8600,5,D,PD,CS,F
14:41:57,ICBP,RG,8600,2,D,AZ,CS,F
14:41:57,ICBP,RG,8600,10,D,DH,CS,F
14:41:41,ICBP,RG,8600,1,D,XA,RX,F
14:41:41,ICBP,RG,8600,2,D,XC,RX,F
14:41:41,ICBP,RG,8600,2,D,XL,RX,F
14:41:41,ICBP,RG,8600,2,D,CC,RX,F
14:41:41,ICBP,RG,8600,2,D,KK,RX,F
14:41:41,ICBP,RG,8600,4,D,CC,RX,F
14:41:41,ICBP,RG,8600,1,D,YP,RX,F
14:41:41,ICBP,RG,8600,1,D,XC,RX,F
14:41:41,ICBP,RG,8600,1,D,YP,RX,F
14:41:41,ICBP,RG,8600,1,D,XC,RX,F
14:41:41,ICBP,RG,8600,1,D,GR,RX,F
14:41:41,ICBP,RG,8600,2,D,NI,RX,F
14:41:41,ICBP,RG,8600,1,D,PD,RX,F
14:41:41,ICBP,RG,8600,3,D,SQ,RX,F
14:41:41,ICBP,RG,8600,9,D,NI,RX,F
14:41:41,ICBP,RG,8600,44,F,ZP,RX,F
14:41:41,ICBP,RG,8600,13,D,DH,RX,F
14:41:39,ICBP,RG,8600,3,D,DH,RX,F
14:41:37,ICBP,RG,8600,9,D,DH,AK,F
14:41:37,ICBP,RG,8600,11,D,XC,AK,F
14:41:37,ICBP,RG,8600,1,D,SQ,AK,F
14:41:37,ICBP,RG,8600,1,D,PD,AK,F
14:41:36,ICBP,RG,8625,68,F,ZP,PD,D
14:41:36,ICBP,RG,8625,29,F,ZP,PD,D
14:41:36,ICBP,RG,8625,18,F,ZP,PD,D
14:41:36,ICBP,RG,8625,33,F,ZP,PD,D
14:41:36,ICBP,RG,8600,2,D,PD,PD,D
14:41:36,ICBP,RG,8600,1,D,YP,PD,D
14:41:36,ICBP,RG,8600,2,D,YP,PD,D
14:41:36,ICBP,RG,8600,3,D,YP,PD,D
14:41:36,ICBP,RG,8600,1,D,YP,PD,D
14:41:36,ICBP,RG,8600,10,D,YP,PD,D
14:41:36,ICBP,RG,8600,2,D,YP,PD,D
14:41:36,ICBP,RG,8600,2,D,YP,PD,D
14:41:36,ICBP,RG,8600,5,D,PD,PD,D
14:41:36,ICBP,RG,8600,1,D,CC,PD,D
14:41:36,ICBP,RG,8600,1,D,CC,PD,D
14:41:36,ICBP,RG,8600,1,D,XC,PD,D
14:41:36,ICBP,RG,8600,5,D,XC,PD,D
14:41:36,ICBP,RG,8600,1,D,XC,PD,D
14:41:36,ICBP,RG,8600,50,D,KK,PD,D
14:41:36,ICBP,RG,8600,1,D,PD,PD,D
14:41:36,ICBP,RG,8600,1,D,PD,PD,D
14:41:36,ICBP,RG,8600,10,D,PD,PD,D
14:41:36,ICBP,RG,8600,1,D,PD,PD,D
14:41:36,ICBP,RG,8600,2,D,PD,PD,D
14:41:36,ICBP,RG,8600,4,D,SQ,PD,D
14:41:36,ICBP,RG,8600,2,D,PD,PD,D
14:41:36,ICBP,RG,8600,1,D,PD,PD,D
14:41:36,ICBP,RG,8600,1,D,PD,PD,D
14:41:36,ICBP,RG,8600,1,D,PD,PD,D
14:41:36,ICBP,RG,8600,1,D,PD,PD,D
14:41:36,ICBP,RG,8600,10,D,GR,PD,D
14:41:36,ICBP,RG,8600,1,D,PD,PD,D
14:41:36,ICBP,RG,8600,1,D,CP,PD,D
14:41:36,ICBP,RG,8600,22,D,XL,PD,D
14:41:36,ICBP,RG,8600,10,D,XC,PD,D
14:41:36,ICBP,RG,8600,2,D,YP,PD,D
14:41:36,ICBP,RG,8600,1,D,XC,PD,D
14:41:36,ICBP,RG,8600,1,D,PD,PD,D
14:41:36,ICBP,RG,8600,6,D,XC,PD,D
14:41:36,ICBP,RG,8600,2,D,NI,PD,D
14:41:36,ICBP,RG,8600,100,D,NI,PD,D
14:41:36,ICBP,RG,8600,5,D,XC,PD,D
14:41:36,ICBP,RG,8600,4,D,PD,PD,D
14:41:36,ICBP,RG,8600,1,D,PD,PD,D
14:41:36,ICBP,RG,8600,3,D,NI,PD,D
14:41:36,ICBP,RG,8600,25,D,SQ,PD,D
14:41:36,ICBP,RG,8600,4,D,LG,PD,D
14:41:36,ICBP,RG,8600,1,D,XC,PD,D
14:41:36,ICBP,RG,8600,1,D,YP,PD,D
14:41:36,ICBP,RG,8600,1,D,GR,PD,D
14:41:36,ICBP,RG,8600,2,D,XL,PD,D
14:41:36,ICBP,RG,8600,2,D,PD,PD,D
14:41:36,ICBP,RG,8600,1,D,YP,PD,D
14:41:36,ICBP,RG,8600,2,D,PD,PD,D
14:41:36,ICBP,RG,8600,7,D,DX,PD,D
14:41:36,ICBP,RG,8600,43,D,DX,PD,D
14:41:36,ICBP,RG,8600,1,D,NI,PD,D
14:41:36,ICBP,RG,8600,1,D,XC,PD,D
14:41:36,ICBP,RG,8600,1,D,NI,PD,D
14:41:36,ICBP,RG,8600,5,D,YP,PD,D
14:41:36,ICBP,RG,8600,10,D,PD,PD,D
14:41:36,ICBP,RG,8600,1,D,PD,PD,D
14:41:36,ICBP,RG,8600,100,D,PD,PD,D
14:41:36,ICBP,RG,8600,2,D,CC,PD,D
14:41:36,ICBP,RG,8600,3,D,PD,PD,D
14:41:36,ICBP,RG,8600,1,D,XL,PD,D
14:41:36,ICBP,RG,8600,1,D,PD,PD,D
14:41:36,ICBP,RG,8600,4,D,PD,PD,D
14:41:36,ICBP,RG,8600,100,D,CC,PD,D
14:41:36,ICBP,RG,8600,1,D,XC,PD,D
14:41:36,ICBP,RG,8600,79,D,AZ,PD,D
14:41:26,ICBP,RG,8600,38,D,AZ,AK,D
14:41:24,ICBP,RG,8600,6,D,AZ,RX,F
14:41:22,ICBP,RG,8600,3,D,AZ,RX,F
14:41:12,ICBP,RG,8625,5,F,CS,PD,D
14:41:09,ICBP,RG,8600,32,D,AZ,CS,F
14:40:57,ICBP,RG,8625,5,D,YP,PD,D
14:40:56,ICBP,RG,8600,7,D,AZ,RX,F
14:40:44,ICBP,RG,8600,1,D,AZ,DX,D
14:40:29,ICBP,RG,8625,26,F,ZP,PD,D
14:40:26,ICBP,RG,8600,20,D,AZ,RX,F
14:40:24,ICBP,RG,8600,3,D,AZ,RX,F
14:40:18,ICBP,RG,8600,11,D,AZ,CS,F
14:40:18,ICBP,RG,8600,2,D,YP,CS,F
14:40:18,ICBP,RG,8600,3,D,CC,CS,F
14:40:18,ICBP,RG,8600,2,D,XC,CS,F
14:40:18,ICBP,RG,8600,5,D,YP,CS,F
14:40:18,ICBP,RG,8600,1,D,DH,CS,F
14:40:18,ICBP,RG,8600,1,D,KK,CS,F
14:40:18,ICBP,RG,8600,1,D,PD,CS,F
14:40:18,ICBP,RG,8600,2,D,XL,CS,F
14:40:07,ICBP,RG,8625,61,F,ZP,PD,D
14:40:07,ICBP,RG,8600,3,D,XL,LG,D
14:40:07,ICBP,RG,8600,1,D,XL,LG,D
14:40:07,ICBP,RG,8600,3,D,PD,LG,D
14:40:07,ICBP,RG,8600,3,D,XC,LG,D
14:40:07,ICBP,RG,8600,1,D,CC,LG,D
14:40:07,ICBP,RG,8600,1,D,NI,LG,D
14:40:07,ICBP,RG,8600,2,D,SQ,LG,D
14:40:07,ICBP,RG,8600,1,D,YP,LG,D
14:40:07,ICBP,RG,8600,15,D,CC,LG,D
14:40:07,ICBP,RG,8600,3,D,EP,LG,D
14:40:07,ICBP,RG,8600,2,D,CC,LG,D
14:40:07,ICBP,RG,8600,26,D,PD,LG,D
14:40:00,ICBP,RG,8625,2,D,PD,PD,D
14:39:45,ICBP,RG,8600,3,D,PD,RX,F
14:39:43,ICBP,RG,8600,5,D,PD,RX,F
14:39:28,ICBP,RG,8600,31,D,PD,CS,F
14:39:26,ICBP,RG,8625,43,D,PD,PD,D
14:39:21,ICBP,RG,8600,6,D,PD,RX,F
14:39:19,ICBP,RG,8600,1,D,PD,RX,F
14:39:12,ICBP,RG,8625,3,D,XC,PD,D
14:39:00,ICBP,RG,8625,1,F,AK,PD,D
14:38:44,ICBP,RG,8625,3,D,NI,PD,D
14:38:42,ICBP,RG,8625,1,D,YP,PD,D
14:38:25,ICBP,RG,8625,8,F,BK,PD,D
14:38:21,ICBP,RG,8600,12,D,PD,RX,F
14:38:21,ICBP,RG,8625,22,F,ZP,PD,D
14:38:21,ICBP,RG,8625,28,F,ZP,CS,F
14:38:20,ICBP,RG,8600,234,D,PD,PD,D
14:38:20,ICBP,RG,8600,182,D,PD,PD,D
14:38:20,ICBP,RG,8600,5,D,PD,PD,D
14:38:20,ICBP,RG,8600,3,D,PD,PD,D
14:38:20,ICBP,RG,8600,10,D,PD,PD,D
14:38:20,ICBP,RG,8600,2,D,NI,PD,D
14:38:20,ICBP,RG,8600,15,D,XA,PD,D
14:38:20,ICBP,RG,8600,1,D,NI,PD,D
14:38:20,ICBP,RG,8600,5,D,XL,PD,D
14:38:20,ICBP,RG,8600,3,D,NI,PD,D
14:38:20,ICBP,RG,8600,1,D,CC,PD,D
14:38:20,ICBP,RG,8600,2,D,CC,PD,D
14:38:20,ICBP,RG,8600,1,D,TP,PD,D
14:38:20,ICBP,RG,8600,6,F,KZ,PD,D
14:38:20,ICBP,RG,8600,1,D,PD,PD,D
14:38:20,ICBP,RG,8600,9,D,PD,PD,D
14:38:20,ICBP,RG,8600,3,D,AZ,PD,D
14:38:20,ICBP,RG,8600,2,D,DH,PD,D
14:38:20,ICBP,RG,8600,1,D,PD,PD,D
14:37:56,ICBP,RG,8625,5,F,CS,CS,F
14:37:26,ICBP,RG,8600,32,D,SQ,CS,F
14:37:13,ICBP,RG,8600,1,D,SQ,DX,D
14:36:43,ICBP,RG,8625,7,D,KK,CS,F
14:36:43,ICBP,RG,8625,2,D,KK,RX,F
14:36:43,ICBP,RG,8625,1,D,KK,CC,D
14:36:35,ICBP,RG,8625,4,F,ZP,CC,D
14:36:35,ICBP,RG,8625,15,F,ZP,NI,D
14:36:35,ICBP,RG,8625,3,F,ZP,PD,D
14:36:35,ICBP,RG,8625,10,D,GR,PD,D
14:36:16,ICBP,RG,8625,17,D,SQ,PD,D
14:36:16,ICBP,RG,8625,1,D,SQ,XC,D
14:36:16,ICBP,RG,8625,2,D,SQ,YP,D
14:36:07,ICBP,RG,8625,2,D,PD,YP,D
14:36:03,ICBP,RG,8625,2,D,NI,YP,D
14:35:51,ICBP,RG,8625,11,F,BK,YP,D
14:35:48,ICBP,RG,8600,25,D,SQ,FS,D
14:35:48,ICBP,RG,8600,1,D,NI,FS,D
14:35:48,ICBP,RG,8600,2,D,CC,FS,D
14:35:48,ICBP,RG,8600,1,D,XC,FS,D
14:35:48,ICBP,RG,8600,1,D,XC,FS,D
14:35:48,ICBP,RG,8600,1,D,NI,FS,D
14:35:48,ICBP,RG,8600,5,D,XC,FS,D
14:35:48,ICBP,RG,8600,1,D,XC,FS,D
14:35:48,ICBP,RG,8600,3,D,AZ,FS,D
14:35:48,ICBP,RG,8600,10,D,AZ,FS,D
14:35:40,ICBP,RG,8625,3,F,BK,YP,D
14:35:40,ICBP,RG,8625,7,F,BK,CS,F
14:35:37,ICBP,RG,8600,1,D,YP,FS,D
14:35:37,ICBP,RG,8600,1,D,KK,FS,D
14:35:37,ICBP,RG,8600,5,D,SQ,FS,D
14:35:37,ICBP,RG,8600,1,D,XC,FS,D
14:35:37,ICBP,RG,8600,3,D,PD,FS,D
14:35:37,ICBP,RG,8600,1,D,GR,FS,D
14:35:37,ICBP,RG,8600,20,D,YU,FS,D
14:35:37,ICBP,RG,8600,1,D,YP,FS,D
14:35:37,ICBP,RG,8600,1,D,PD,FS,D
14:35:37,ICBP,RG,8600,1,D,XL,FS,D
14:35:37,ICBP,RG,8600,15,D,XL,FS,D
14:35:26,ICBP,RG,8625,4,F,ZP,CS,F
14:35:26,ICBP,RG,8625,1,F,ZP,CS,F
14:35:16,ICBP,RG,8625,6,F,ZP,CS,F
14:35:16,ICBP,RG,8625,16,F,ZP,RX,F
14:35:15,ICBP,RG,8625,8,F,BK,RX,F
14:35:12,ICBP,RG,8625,15,F,BK,RX,F
14:35:10,ICBP,RG,8625,69,F,BK,RX,F
14:35:10,ICBP,RG,8625,7,F,BK,DX,F
14:35:10,ICBP,RG,8625,9,F,BK,CS,F
14:35:10,ICBP,RG,8625,5,F,BK,CS,F
14:35:09,ICBP,RG,8625,5,F,ZP,CS,F
14:35:09,ICBP,RG,8625,2,F,ZP,CS,F
14:35:09,ICBP,RG,8625,5,F,ZP,CS,F
14:35:09,ICBP,RG,8625,2,F,ZP,CS,F
14:35:09,ICBP,RG,8625,10,F,ZP,RX,F
14:35:09,ICBP,RG,8625,17,F,ZP,AK,D
14:35:08,ICBP,RG,8625,32,F,ZP,AK,D
14:35:08,ICBP,RG,8625,8,F,ZP,AK,D
14:35:07,ICBP,RG,8600,4,D,XL,PD,D
14:35:07,ICBP,RG,8600,6,D,KK,PD,D
14:35:07,ICBP,RG,8600,1,D,XC,PD,D
14:35:07,ICBP,RG,8600,1,D,SQ,PD,D
14:35:07,ICBP,RG,8600,1,D,AT,PD,D
14:35:07,ICBP,RG,8600,30,D,CC,PD,D
14:35:07,ICBP,RG,8600,25,D,KK,PD,D
14:35:07,ICBP,RG,8600,2,D,YP,PD,D
14:35:07,ICBP,RG,8600,1,D,YP,PD,D
14:35:07,ICBP,RG,8600,10,D,YP,PD,D
14:35:07,ICBP,RG,8600,10,D,EP,PD,D
14:35:07,ICBP,RG,8600,2,D,PD,PD,D
14:35:07,ICBP,RG,8600,3,D,XC,PD,D
14:35:07,ICBP,RG,8600,1,D,PD,PD,D
14:35:07,ICBP,RG,8600,1,D,YP,PD,D
14:35:07,ICBP,RG,8600,1,D,CC,PD,D
14:35:07,ICBP,RG,8600,1,D,SQ,PD,D
14:35:07,ICBP,RG,8600,1,D,LG,PD,D
14:35:07,ICBP,RG,8600,1,D,CC,PD,D
14:35:07,ICBP,RG,8600,12,D,LG,PD,D
14:35:07,ICBP,RG,8600,5,D,KK,PD,D
14:35:07,ICBP,RG,8600,1,D,PD,PD,D
14:35:07,ICBP,RG,8600,10,D,DR,PD,D
14:35:07,ICBP,RG,8600,104,D,NI,PD,D
14:35:07,ICBP,RG,8600,252,D,NI,PD,D
14:35:03,ICBP,RG,8625,1,D,CC,AK,D
14:34:57,ICBP,RG,8625,16,F,ZP,AK,D
14:34:55,ICBP,RG,8600,5,D,NI,SQ,D
14:34:22,ICBP,RG,8600,9,D,NI,RX,F
14:34:20,ICBP,RG,8600,2,D,NI,RX,F
14:34:18,ICBP,RG,8625,13,F,BK,AK,D
14:34:17,ICBP,RG,8625,1,D,YP,AK,D
14:34:01,ICBP,RG,8625,6,F,BK,AK,D
14:34:01,ICBP,RG,8625,6,F,BK,AK,F
14:33:59,ICBP,RG,8625,13,F,BK,AK,F
14:33:58,ICBP,RG,8625,37,F,ZP,AK,F
14:33:58,ICBP,RG,8625,3,F,ZP,YP,D
14:33:58,ICBP,RG,8625,14,F,ZP,BB,D
14:33:53,ICBP,RG,8625,11,F,BK,BB,D
14:33:53,ICBP,RG,8600,57,D,NI,RX,F
14:33:51,ICBP,RG,8625,28,F,ZP,BB,D
14:33:51,ICBP,RG,8625,7,F,ZP,CS,F
14:33:51,ICBP,RG,8625,2,F,ZP,CS,F
14:33:51,ICBP,RG,8625,14,F,ZP,CS,F
14:33:50,ICBP,RG,8600,240,D,NI,PD,D
14:33:50,ICBP,RG,8600,259,D,NI,PD,D
14:33:41,ICBP,RG,8600,1,D,NI,DX,D
14:33:38,ICBP,RG,8600,1,D,NI,YP,D
14:33:26,ICBP,RG,8625,1,D,CC,CS,F
14:33:08,ICBP,RG,8625,4,D,PD,CS,F
14:33:08,ICBP,RG,8625,1,D,PD,CS,F
14:32:55,ICBP,RG,8600,1,D,NI,HP,D
14:32:55,ICBP,RG,8625,1,D,NI,CS,F
14:31:47,ICBP,RG,8625,4,D,YP,CS,F
14:31:47,ICBP,RG,8625,10,D,YP,CS,F
14:31:47,ICBP,RG,8625,6,D,YP,PD,D
14:31:29,ICBP,RG,8600,8,D,NI,RX,F
14:31:27,ICBP,RG,8600,1,D,NI,RX,F
14:31:09,ICBP,RG,8625,26,F,KZ,PD,D
14:31:07,ICBP,RG,8600,2,D,NI,PD,D
14:31:07,ICBP,RG,8600,1,D,NI,PD,D
14:31:06,ICBP,RG,8625,4,D,LS,PD,D
14:30:27,ICBP,RG,8625,7,F,ZP,PD,D
14:30:25,ICBP,RG,8625,7,D,CC,PD,D
14:30:01,ICBP,RG,8600,1,D,NI,DX,D
14:29:51,ICBP,RG,8600,3,D,NI,NI,D
14:29:40,ICBP,RG,8625,2,D,YP,PD,D
14:28:47,ICBP,RG,8625,5,D,NI,PD,D
14:28:40,ICBP,RG,8625,30,F,ZP,PD,D
14:28:36,ICBP,RG,8600,3,D,NI,YB,D
14:28:19,ICBP,RG,8600,10,D,NI,RX,F
14:28:02,ICBP,RG,8600,40,D,NI,CS,F
14:28:02,ICBP,RG,8600,5,D,XL,CS,F
14:28:02,ICBP,RG,8600,2,D,PD,CS,F
14:28:02,ICBP,RG,8600,31,D,SQ,CS,F
14:27:42,ICBP,RG,8600,1,D,SQ,PD,D
14:27:41,ICBP,RG,8625,1,D,XC,PD,D
14:27:26,ICBP,RG,8625,8,D,XC,PD,D
14:27:19,ICBP,RG,8625,1,D,XC,PD,D
14:26:49,ICBP,RG,8625,1,D,PD,PD,D
14:26:23,ICBP,RG,8600,1,D,SQ,DX,D
14:26:17,ICBP,RG,8600,1,D,SQ,RX,F
14:26:15,ICBP,RG,8600,7,D,SQ,RX,F
14:26:14,ICBP,RG,8600,16,D,SQ,YP,D
14:26:14,ICBP,RG,8600,1,D,PD,YP,D
14:26:14,ICBP,RG,8600,1,D,XC,YP,D
14:26:14,ICBP,RG,8600,1,D,PD,YP,D
14:26:14,ICBP,RG,8600,1,D,PD,YP,D
14:26:14,ICBP,RG,8600,5,D,KK,YP,D
14:26:14,ICBP,RG,8600,5,D,YP,YP,D
14:26:14,ICBP,RG,8600,5,D,PD,YP,D
14:26:14,ICBP,RG,8600,1,D,LS,YP,D
14:26:14,ICBP,RG,8600,5,D,CC,YP,D
14:26:14,ICBP,RG,8600,1,D,YP,YP,D
14:26:14,ICBP,RG,8600,5,D,OD,YP,D
14:26:14,ICBP,RG,8600,4,D,YP,YP,D
14:26:11,ICBP,RG,8625,34,F,ZP,PD,D
14:25:56,ICBP,RG,8600,8,D,YP,RX,F
14:25:56,ICBP,RG,8600,2,D,YP,RX,F
14:25:56,ICBP,RG,8600,5,D,SQ,RX,F
14:25:54,ICBP,RG,8600,1,D,YP,CC,D
14:25:54,ICBP,RG,8600,2,D,NI,CC,D
14:25:29,ICBP,RG,8600,1,D,XC,RX,F
14:25:29,ICBP,RG,8600,1,D,YP,RX,F
14:25:29,ICBP,RG,8600,1,D,CC,RX,F
14:25:29,ICBP,RG,8600,3,D,NI,RX,F
14:25:28,ICBP,RG,8625,1,D,NI,PD,D
14:25:27,ICBP,RG,8625,101,D,XC,PD,D
14:25:27,ICBP,RG,8625,48,D,XC,PD,D
14:25:27,ICBP,RG,8600,3,D,NI,RX,F
14:25:22,ICBP,RG,8625,54,F,ZP,PD,D
14:25:05,ICBP,RG,8625,3,D,XC,PD,D
14:25:02,ICBP,RG,8600,24,D,NI,CC,D
14:24:45,ICBP,RG,8625,1,D,YP,PD,D
14:24:35,ICBP,RG,8600,31,D,NI,RX,F
14:24:33,ICBP,RG,8600,1,D,NI,RX,F
14:24:24,ICBP,RG,8600,10,D,NI,SQ,D
14:24:17,ICBP,RG,8625,55,F,ZP,PD,D
14:24:16,ICBP,RG,8600,58,D,NI,AK,D
14:24:16,ICBP,RG,8600,2,D,DH,AK,D
14:24:16,ICBP,RG,8600,10,D,CC,AK,D
14:24:16,ICBP,RG,8600,5,D,SQ,AK,D
14:24:16,ICBP,RG,8600,2,D,GR,AK,D
14:24:16,ICBP,RG,8600,2,D,CC,AK,D
14:24:16,ICBP,RG,8600,2,D,XC,AK,D
14:24:16,ICBP,RG,8600,1,D,LG,AK,D
14:24:16,ICBP,RG,8600,100,D,YP,AK,D
14:24:16,ICBP,RG,8600,5,D,YP,AK,D
14:24:16,ICBP,RG,8600,7,D,KK,AK,D
14:24:16,ICBP,RG,8600,1,D,KK,AK,D
14:24:16,ICBP,RG,8600,2,D,SQ,AK,D
14:24:16,ICBP,RG,8600,5,D,DH,AK,D
14:24:16,ICBP,RG,8600,1,D,PD,AK,D
14:24:16,ICBP,RG,8600,2,D,LG,AK,D
14:24:16,ICBP,RG,8600,5,D,AG,AK,D
14:24:16,ICBP,RG,8600,10,D,YP,AK,D
14:24:16,ICBP,RG,8600,4,D,CC,AK,D
14:24:16,ICBP,RG,8600,1,D,KK,AK,D
14:24:16,ICBP,RG,8600,1,D,LG,AK,D
14:24:16,ICBP,RG,8600,7,D,SQ,AK,D
14:24:14,ICBP,RG,8600,1,D,SQ,BQ,D
14:24:01,ICBP,RG,8600,2,D,SQ,RX,F
14:24:01,ICBP,RG,8600,10,D,PD,RX,F
14:24:01,ICBP,RG,8600,5,D,DH,RX,F
14:24:01,ICBP,RG,8600,11,D,SQ,RX,F
14:23:59,ICBP,RG,8600,1,D,SQ,RX,F
14:23:57,ICBP,RG,8600,2,D,SQ,HP,D
14:23:54,ICBP,RG,8600,1,D,SQ,BQ,D
14:23:39,ICBP,RG,8600,1,D,PD,BQ,D
14:23:28,ICBP,RG,8600,2,D,PD,PD,D
14:23:28,ICBP,RG,8600,1,D,PD,PD,D
14:23:28,ICBP,RG,8600,5,D,PD,PD,D
14:23:28,ICBP,RG,8600,1,D,PD,PD,D
14:23:28,ICBP,RG,8600,1,D,XL,PD,D
14:23:28,ICBP,RG,8600,1,D,AT,PD,D
14:23:28,ICBP,RG,8600,10,D,DR,PD,D
14:23:28,ICBP,RG,8600,287,D,AZ,PD,D
14:22:57,ICBP,RG,8600,1,D,AZ,DX,D
14:22:18,ICBP,RG,8600,3,D,AZ,NI,D
14:21:58,ICBP,RG,8600,9,D,AZ,RX,F
14:21:58,ICBP,RG,8600,1,D,PD,RX,F
14:21:32,ICBP,RG,8625,1,D,PD,PD,D
14:21:32,ICBP,RG,8625,1,D,YP,PD,D
14:21:32,ICBP,RG,8625,1,D,YP,PD,D
14:21:32,ICBP,RG,8625,15,F,KZ,PD,D
14:21:32,ICBP,RG,8625,1,D,CC,PD,D
14:21:32,ICBP,RG,8625,1,F,AK,PD,D
14:21:32,ICBP,RG,8625,20,D,XA,PD,D
14:21:32,ICBP,RG,8625,5,D,YP,PD,D
14:21:32,ICBP,RG,8625,2,D,AZ,PD,D
14:21:32,ICBP,RG,8625,1,D,YP,PD,D
14:21:32,ICBP,RG,8625,2,D,PD,PD,D
14:21:32,ICBP,RG,8625,10,D,DH,PD,D
14:21:32,ICBP,RG,8625,15,D,XA,PD,D
14:21:32,ICBP,RG,8625,5,D,XC,PD,D
14:21:32,ICBP,RG,8625,5,D,GR,PD,D
14:21:32,ICBP,RG,8625,6,D,XA,PD,D
14:21:31,ICBP,RG,8625,9,D,XA,RX,F
14:21:31,ICBP,RG,8625,10,D,PD,RX,F
14:21:31,ICBP,RG,8625,5,D,XC,RX,F
14:21:31,ICBP,RG,8625,3,D,PD,RX,F
14:21:31,ICBP,RG,8625,2,D,CC,RX,F
14:21:31,ICBP,RG,8625,12,D,DH,RX,F
14:21:31,ICBP,RG,8625,3,D,NI,RX,F
14:21:31,ICBP,RG,8625,1,D,CC,RX,F
14:21:31,ICBP,RG,8625,37,F,KZ,RX,F
14:21:31,ICBP,RG,8625,3,D,AI,RX,F
14:21:31,ICBP,RG,8625,6,D,DR,RX,F
14:21:20,ICBP,RG,8625,19,D,DR,AK,F
14:21:20,ICBP,RG,8625,10,D,SQ,AK,F
14:21:20,ICBP,RG,8625,1,D,XC,AK,F
14:21:20,ICBP,RG,8625,1,D,DR,AK,F
14:21:20,ICBP,RG,8625,1,D,XC,AK,F
14:21:20,ICBP,RG,8625,1,D,PD,AK,F
14:21:20,ICBP,RG,8625,1,D,XC,AK,F
14:21:20,ICBP,RG,8625,1,D,YP,AK,F
14:21:20,ICBP,RG,8625,1,D,PD,AK,F
14:21:20,ICBP,RG,8625,2,D,XC,AK,F
14:21:20,ICBP,RG,8625,5,D,LG,AK,F
14:21:20,ICBP,RG,8625,1,D,PD,AK,F
14:21:20,ICBP,RG,8625,2,D,XC,AK,F
14:21:20,ICBP,RG,8625,1,D,PD,AK,F
14:21:20,ICBP,RG,8625,1,F,CS,AK,F
14:21:20,ICBP,RG,8625,5,D,PD,AK,F
14:21:20,ICBP,RG,8625,1,D,YP,AK,F
14:21:20,ICBP,RG,8625,1,D,YP,AK,F
14:21:20,ICBP,RG,8625,5,D,YP,AK,F
14:21:20,ICBP,RG,8625,6,D,XL,AK,F
14:21:20,ICBP,RG,8625,5,D,NI,AK,F
14:21:20,ICBP,RG,8625,1,D,PD,AK,F
14:21:20,ICBP,RG,8625,1,D,CC,AK,F
14:21:20,ICBP,RG,8625,1,D,DH,AK,F
14:21:20,ICBP,RG,8625,2,D,YP,AK,F
14:21:20,ICBP,RG,8625,1,D,PD,AK,F
14:21:20,ICBP,RG,8625,1,D,PD,AK,F
14:21:20,ICBP,RG,8625,1,D,CC,AK,F
14:21:20,ICBP,RG,8625,1,D,XC,AK,F
14:21:20,ICBP,RG,8625,227,D,KI,AK,F
14:21:20,ICBP,RG,8625,38,D,KI,CS,F
14:21:20,ICBP,RG,8625,35,D,KI,PD,D
14:21:20,ICBP,RG,8625,2,D,CC,PD,D
14:21:20,ICBP,RG,8625,5,D,SQ,PD,D
14:21:20,ICBP,RG,8625,1,D,PD,PD,D
14:21:20,ICBP,RG,8625,24,D,XC,PD,D
14:21:20,ICBP,RG,8625,2,D,OD,PD,D
14:21:20,ICBP,RG,8625,1,D,GR,PD,D
14:21:20,ICBP,RG,8625,1,D,TP,PD,D
14:21:20,ICBP,RG,8625,2,F,CS,PD,D
14:21:20,ICBP,RG,8625,1,D,PD,PD,D
14:21:20,ICBP,RG,8625,1,D,YP,PD,D
14:21:20,ICBP,RG,8625,1,D,YP,PD,D
14:21:20,ICBP,RG,8625,5,D,XC,PD,D
14:21:20,ICBP,RG,8625,2,D,PD,PD,D
14:21:20,ICBP,RG,8625,1,D,YP,PD,D
14:21:20,ICBP,RG,8625,2,D,PD,PD,D
14:21:20,ICBP,RG,8625,3,F,CS,PD,D
14:21:20,ICBP,RG,8625,1,D,PD,PD,D
14:21:20,ICBP,RG,8625,1,D,CC,PD,D
14:21:20,ICBP,RG,8625,2,F,CS,PD,D
14:21:20,ICBP,RG,8625,1,D,AT,PD,D
14:21:20,ICBP,RG,8625,1,F,AK,PD,D
14:21:20,ICBP,RG,8625,8,D,PD,PD,D
14:21:20,ICBP,RG,8625,1,D,CC,PD,D
14:21:20,ICBP,RG,8625,1,F,CS,PD,D
14:21:20,ICBP,RG,8625,1,D,XC,PD,D
14:21:20,ICBP,RG,8625,10,D,PD,PD,D
14:21:20,ICBP,RG,8625,1,D,XL,PD,D
14:21:20,ICBP,RG,8625,10,D,DH,PD,D
14:21:20,ICBP,RG,8625,25,D,YP,PD,D
14:21:20,ICBP,RG,8625,10,D,TP,PD,D
14:21:20,ICBP,RG,8625,72,D,GR,PD,D
14:21:20,ICBP,RG,8625,28,D,GR,PD,D
14:21:20,ICBP,RG,8625,3,F,CS,PD,D
14:21:20,ICBP,RG,8625,10,D,SQ,PD,D
14:21:20,ICBP,RG,8625,3,F,CS,PD,D
14:21:20,ICBP,RG,8625,1,D,XC,PD,D
14:21:20,ICBP,RG,8625,10,D,CC,PD,D
14:21:20,ICBP,RG,8625,7,D,CC,PD,D
14:21:20,ICBP,RG,8625,1,D,PD,PD,D
14:21:20,ICBP,RG,8625,1,D,PD,PD,D
14:21:20,ICBP,RG,8625,5,D,CC,PD,D
14:21:20,ICBP,RG,8625,2,D,CC,PD,D
14:21:20,ICBP,RG,8625,1,D,YU,PD,D
14:21:20,ICBP,RG,8625,1,D,PD,PD,D
14:21:20,ICBP,RG,8625,156,F,ZP,PD,D
14:21:20,ICBP,RG,8625,23,D,CC,PD,D
14:21:07,ICBP,RG,8625,2,D,CC,KK,D
14:21:05,ICBP,RG,8625,5,D,CC,LG,D
14:21:05,ICBP,RG,8625,2,D,CC,LG,D
14:21:05,ICBP,RG,8625,1,D,YP,LG,D
14:21:05,ICBP,RG,8625,2,D,XC,LG,D
14:21:05,ICBP,RG,8625,1,D,XC,LG,D
14:21:05,ICBP,RG,8625,10,D,CC,LG,D
14:21:05,ICBP,RG,8625,1,D,PD,LG,D
14:21:05,ICBP,RG,8625,5,D,PD,LG,D
14:21:05,ICBP,RG,8625,1,D,AZ,LG,D
14:21:05,ICBP,RG,8625,2,D,KK,LG,D
14:20:28,ICBP,RG,8650,7,F,ZP,PD,D
14:20:22,ICBP,RG,8625,2,D,KK,BQ,D
14:20:11,ICBP,RG,8650,9,F,CS,PD,D
14:19:30,ICBP,RG,8625,1,D,KK,DX,D
14:19:25,ICBP,RG,8625,2,D,KK,YP,D
14:19:01,ICBP,RG,8650,29,F,ZP,PD,D
14:18:40,ICBP,RG,8625,2,D,XL,RX,F
14:18:40,ICBP,RG,8625,2,D,NI,RX,F
14:18:38,ICBP,RG,8625,1,D,PD,RX,F
14:18:38,ICBP,RG,8625,3,D,XC,RX,F
14:18:38,ICBP,RG,8625,2,D,DR,RX,F
14:18:17,ICBP,RG,8625,1,D,YP,CD,D
14:18:17,ICBP,RG,8625,1,D,XC,CD,D
14:18:17,ICBP,RG,8625,2,D,PD,CD,D
14:18:17,ICBP,RG,8625,1,D,AT,CD,D
14:18:17,ICBP,RG,8625,1,D,YP,CD,D
14:18:17,ICBP,RG,8625,44,D,AZ,CD,D
14:18:02,ICBP,RG,8625,2,D,AZ,BQ,D
14:17:43,ICBP,RG,8625,45,D,AZ,CS,F
14:17:25,ICBP,RG,8650,3,D,XC,PD,D
14:17:12,ICBP,RG,8625,1,D,AZ,NI,D
14:17:11,ICBP,RG,8650,3,D,XC,PD,D
14:17:04,ICBP,RG,8625,1,D,AZ,PD,D
14:15:52,ICBP,RG,8625,1,D,AZ,DX,D
14:15:35,ICBP,RG,8625,1,D,AZ,PD,D
14:15:31,ICBP,RG,8625,3,D,AZ,YP,D
14:15:30,ICBP,RG,8625,2,D,AZ,RX,F
14:15:30,ICBP,RG,8625,1,D,XC,RX,F
14:15:30,ICBP,RG,8625,1,D,PD,RX,F
14:15:30,ICBP,RG,8625,1,D,LG,RX,F
14:15:30,ICBP,RG,8625,3,D,PD,RX,F
14:15:26,ICBP,RG,8625,2,D,PD,CC,D
14:15:26,ICBP,RG,8625,5,D,YP,CC,D
14:15:26,ICBP,RG,8625,5,D,GR,CC,D
14:15:26,ICBP,RG,8625,2,D,XC,CC,D
14:15:26,ICBP,RG,8625,10,D,PD,CC,D
14:15:26,ICBP,RG,8625,15,D,XA,CC,D
14:15:26,ICBP,RG,8625,1,D,YP,CC,D
14:15:26,ICBP,RG,8625,1,D,YP,CC,D
14:15:26,ICBP,RG,8625,16,D,XL,CC,D
14:15:23,ICBP,RG,8650,12,F,ZP,PD,D
14:15:18,ICBP,RG,8625,4,D,XL,CC,D
14:15:18,ICBP,RG,8625,2,D,PD,CC,D
14:14:03,ICBP,RG,8625,1,D,PD,YP,D
14:14:00,ICBP,RG,8625,1,D,PD,BQ,D
14:13:21,ICBP,RG,8625,9,D,PD,RX,F
14:13:13,ICBP,RG,8625,12,D,PD,AK,F
14:13:13,ICBP,RG,8625,6,F,KZ,AK,F
14:13:13,ICBP,RG,8625,1,D,PD,AK,F
14:13:13,ICBP,RG,8625,2,D,YP,AK,F
14:13:13,ICBP,RG,8625,1,D,DR,AK,F
14:13:13,ICBP,RG,8625,2,D,YP,AK,F
14:13:13,ICBP,RG,8625,2,D,NI,AK,F
14:13:13,ICBP,RG,8625,1,D,PD,AK,F
14:13:13,ICBP,RG,8625,1,D,CC,AK,F
14:13:13,ICBP,RG,8625,1,D,YP,AK,F
14:13:13,ICBP,RG,8625,2,D,YP,AK,F
14:13:13,ICBP,RG,8625,3,D,NI,AK,F
14:13:13,ICBP,RG,8625,1,D,GR,AK,F
14:13:13,ICBP,RG,8625,1,D,PD,AK,F
14:13:13,ICBP,RG,8625,5,D,CC,AK,F
14:13:13,ICBP,RG,8625,3,F,ZP,AK,F
14:13:06,ICBP,RG,8625,14,F,ZP,DR,D
14:13:06,ICBP,RG,8625,5,D,XC,DR,D
14:13:06,ICBP,RG,8625,2,D,YP,DR,D
14:13:06,ICBP,RG,8625,1,D,SQ,DR,D
14:13:06,ICBP,RG,8625,3,D,PD,DR,D
14:13:06,ICBP,RG,8625,2,D,YP,DR,D
14:13:06,ICBP,RG,8625,5,D,KK,DR,D
14:13:06,ICBP,RG,8625,1,D,PD,DR,D
14:13:06,ICBP,RG,8625,1,D,PD,DR,D
14:13:02,ICBP,RG,8650,2,D,NI,PD,D
14:12:27,ICBP,RG,8625,1,D,NI,DX,D
14:11:54,ICBP,RG,8625,9,D,NI,RX,F
14:11:54,ICBP,RG,8625,1,D,CC,RX,F
14:11:54,ICBP,RG,8625,2,D,KK,RX,F
14:11:39,ICBP,RG,8650,22,F,ZP,PD,D
14:11:39,ICBP,RG,8650,58,F,ZP,BB,D
14:11:38,ICBP,RG,8625,3,D,NI,PD,D
14:11:38,ICBP,RG,8625,1,D,PD,PD,D
14:11:38,ICBP,RG,8625,10,D,KK,PD,D
14:11:38,ICBP,RG,8625,226,D,NI,PD,D
14:11:38,ICBP,RG,8625,259,D,NI,PD,D
14:11:30,ICBP,RG,8650,1,F,AK,BB,D
14:11:25,ICBP,RG,8650,2,D,PD,RX,F
14:10:56,ICBP,RG,8625,10,D,NI,PD,D
14:10:31,ICBP,RG,8650,4,F,CS,RX,F
14:10:24,ICBP,RG,8650,18,F,ZP,RX,F
14:10:02,ICBP,RG,8625,19,D,NI,CC,D
14:09:53,ICBP,RG,8650,3,D,XC,RX,F
14:09:09,ICBP,RG,8650,16,F,KZ,RX,F
14:08:52,ICBP,RG,8625,1,D,NI,DX,D
14:08:45,ICBP,RG,8650,3,D,CC,RX,F
14:07:37,ICBP,RG,8650,10,F,ZP,RX,F
14:07:37,ICBP,RG,8650,69,F,ZP,AK,F
14:07:26,ICBP,RG,8650,1,D,YP,AK,F
14:06:30,ICBP,RG,8625,3,D,NI,PD,D
14:05:49,ICBP,RG,8650,2,D,YP,AK,F
14:05:35,ICBP,RG,8650,2,D,CC,AK,F
14:05:21,ICBP,RG,8625,9,D,NI,RX,F
14:05:16,ICBP,RG,8650,97,F,ZP,AK,F
14:04:29,ICBP,RG,8650,1,D,CC,AK,F
14:04:16,ICBP,RG,8650,7,F,BK,AK,F
14:04:14,ICBP,RG,8650,23,F,KZ,AK,F
14:04:12,ICBP,RG,8650,14,F,BK,AK,F
14:04:12,ICBP,RG,8650,7,F,ZP,AK,F
14:04:11,ICBP,RG,8650,6,F,ZP,AK,F
14:04:11,ICBP,RG,8650,3,F,ZP,CS,F
14:04:11,ICBP,RG,8650,1,F,CS,CS,F
14:04:11,ICBP,RG,8650,2,D,GR,CS,F
14:04:11,ICBP,RG,8650,1,D,GR,KK,D
14:04:11,ICBP,RG,8650,20,D,GR,RX,F
14:04:11,ICBP,RG,8650,6,D,GR,RX,F
14:04:11,ICBP,RG,8650,1,D,GR,DX,D
14:04:11,ICBP,RG,8650,72,D,GR,AK,D
14:04:11,ICBP,RG,8650,96,D,GR,PD,D
14:04:11,ICBP,RG,8650,103,D,GR,PD,D
14:04:11,ICBP,RG,8650,7,D,GR,DX,F
14:04:11,ICBP,RG,8650,31,D,GR,CS,F
14:04:11,ICBP,RG,8650,202,D,GR,BB,D
14:04:11,ICBP,RG,8650,3,D,GR,BB,D
14:04:11,ICBP,RG,8650,2,D,GR,RX,F
14:04:11,ICBP,RG,8650,1,D,GR,YP,D
14:04:11,ICBP,RG,8650,6,D,GR,DX,F
14:04:11,ICBP,RG,8650,21,D,GR,RX,F
14:04:11,ICBP,RG,8650,187,D,GR,AK,F
14:04:11,ICBP,RG,8650,2,D,GR,CS,F
14:04:11,ICBP,RG,8650,17,D,GR,RX,F
14:04:11,ICBP,RG,8650,176,D,GR,AK,D
14:04:11,ICBP,RG,8650,30,D,GR,FS,D
14:04:11,ICBP,RG,8650,14,D,GR,CS,F
14:03:50,ICBP,RG,8650,6,F,ZP,CS,F
14:03:50,ICBP,RG,8650,6,F,ZP,CS,F
14:03:50,ICBP,RG,8650,7,F,ZP,CS,F
14:03:50,ICBP,RG,8650,42,F,ZP,RX,F
14:03:50,ICBP,RG,8625,45,D,NI,AK,D
14:03:36,ICBP,RG,8650,4,F,CS,RX,F
14:02:54,ICBP,RG,8625,50,D,NI,FS,D
14:02:50,ICBP,RG,8625,54,D,NI,RX,F
14:02:49,ICBP,RG,8650,10,F,ZP,RX,F
14:02:49,ICBP,RG,8650,11,F,ZP,CS,F
14:02:49,ICBP,RG,8650,3,F,ZP,CS,F
14:02:49,ICBP,RG,8650,10,F,ZP,CS,F
14:02:49,ICBP,RG,8650,5,F,ZP,PD,D
14:02:49,ICBP,RG,8650,20,F,ZP,PD,D
14:02:48,ICBP,RG,8625,239,D,NI,PD,D
14:02:48,ICBP,RG,8625,85,D,NI,PD,D
14:02:48,ICBP,RG,8625,2,D,KK,PD,D
14:02:48,ICBP,RG,8625,1,D,XC,PD,D
14:02:48,ICBP,RG,8625,50,D,YP,PD,D
14:02:48,ICBP,RG,8625,7,D,XC,PD,D
14:02:48,ICBP,RG,8625,1,D,PD,PD,D
14:02:48,ICBP,RG,8625,114,D,IF,PD,D
14:02:25,ICBP,RG,8625,68,D,IF,CS,F
14:02:15,ICBP,RG,8650,1,F,AK,PD,D
14:01:35,ICBP,RG,8625,1,D,IF,DX,D
14:01:28,ICBP,RG,8625,30,D,IF,LG,D
14:00:49,ICBP,RG,8625,9,D,IF,RX,F
14:00:20,ICBP,RG,8650,20,F,ZP,PD,D
14:00:15,ICBP,RG,8625,68,D,IF,AK,D
14:00:09,ICBP,RG,8625,1,D,IF,PD,D
13:59:35,ICBP,RG,8625,7,D,IF,RX,F
13:59:27,ICBP,RG,8650,2,D,XC,PD,D
13:59:24,ICBP,RG,8650,9,F,KZ,PD,D
13:59:18,ICBP,RG,8650,1,D,PD,PD,D
13:59:13,ICBP,RG,8650,25,D,AG,PD,D
13:58:53,ICBP,RG,8650,13,F,ZP,PD,D
13:58:53,ICBP,RG,8650,12,F,ZP,PD,D
13:58:51,ICBP,RG,8625,15,D,IF,RX,F
13:58:49,ICBP,RG,8650,91,D,YU,PD,D
13:58:49,ICBP,RG,8650,6,D,YU,DX,F
13:58:49,ICBP,RG,8650,3,D,YU,CS,F
13:58:31,ICBP,RG,8650,4,F,CS,CS,F
13:58:13,ICBP,RG,8625,14,D,IF,EP,D
13:58:07,ICBP,RG,8625,12,D,IF,PD,D
13:58:06,ICBP,RG,8625,1,D,IF,NI,D
13:57:59,ICBP,RG,8625,1,D,IF,DX,D
13:56:26,ICBP,RG,8625,11,D,IF,BB,D
13:55:21,ICBP,RG,8650,6,F,ZP,CS,F
13:54:59,ICBP,RG,8625,16,D,IF,RX,F
13:54:57,ICBP,RG,8625,2,D,IF,RX,F
13:54:52,ICBP,RG,8650,17,F,ZP,CS,F
13:54:52,ICBP,RG,8650,3,F,ZP,BB,D
13:54:37,ICBP,RG,8650,14,F,ZP,BB,D
13:54:37,ICBP,RG,8650,12,F,ZP,AK,D
13:54:36,ICBP,RG,8625,109,D,IF,YP,F
13:54:35,ICBP,RG,8625,1,D,IF,DX,D
13:54:20,ICBP,RG,8625,20,D,IF,YP,D
13:54:20,ICBP,RG,8625,1,D,KK,YP,D
13:54:20,ICBP,RG,8625,1,D,YP,YP,D
13:54:20,ICBP,RG,8625,3,D,PD,YP,D
13:53:49,ICBP,RG,8625,2,D,PD,RX,F
13:53:49,ICBP,RG,8625,1,D,YP,RX,F
13:53:49,ICBP,RG,8625,1,D,YP,RX,F
13:53:49,ICBP,RG,8625,1,D,AZ,RX,F
13:53:49,ICBP,RG,8625,1,D,PD,RX,F
13:53:49,ICBP,RG,8625,5,D,SQ,RX,F
13:53:49,ICBP,RG,8625,10,D,NI,RX,F
13:53:49,ICBP,RG,8625,3,F,KZ,RX,F
13:53:37,ICBP,RG,8625,2,F,KZ,BB,D
13:53:37,ICBP,RG,8625,1,D,NI,BB,D
13:53:37,ICBP,RG,8625,26,D,KI,BB,D
13:53:35,ICBP,RG,8650,18,F,ZP,AK,D
13:53:35,ICBP,RG,8625,75,D,KI,DH,D
13:53:20,ICBP,RG,8625,102,D,KI,AK,D
13:51:46,ICBP,RG,8650,18,F,ZP,AK,D
13:51:46,ICBP,RG,8625,4,D,KI,RX,F
13:51:44,ICBP,RG,8625,7,D,KI,RX,F
13:51:42,ICBP,RG,8625,67,D,KI,CS,F
13:51:08,ICBP,RG,8625,1,D,KI,DX,D
13:50:42,ICBP,RG,8625,29,D,KI,BB,D
13:50:29,ICBP,RG,8650,3,F,ZP,AK,D
13:50:29,ICBP,RG,8650,1,F,ZP,CS,F
13:50:29,ICBP,RG,8650,1,F,ZP,CS,F
13:50:29,ICBP,RG,8650,7,F,ZP,AK,F
13:49:33,ICBP,RG,8625,1,D,KI,RX,F
13:49:31,ICBP,RG,8625,6,D,KI,RX,F
13:49:10,ICBP,RG,8625,30,D,KI,LG,D
13:48:29,ICBP,RG,8650,1,D,XL,AK,F
13:48:02,ICBP,RG,8650,1,D,PD,AK,F
13:47:52,ICBP,RG,8625,29,D,KI,BB,D
13:47:27,ICBP,RG,8625,1,D,KI,DX,D
13:47:12,ICBP,RG,8650,15,F,ZP,AK,F
13:46:56,ICBP,RG,8625,4,D,KI,RX,F
13:46:54,ICBP,RG,8625,3,D,KI,RX,F
13:46:50,ICBP,RG,8625,56,D,KI,AK,D
13:45:41,ICBP,RG,8650,1,D,AT,AK,F
13:45:31,ICBP,RG,8625,7,D,KI,RX,F
13:45:29,ICBP,RG,8625,1,D,KI,RX,F
13:45:23,ICBP,RG,8625,13,D,KI,CC,D
13:45:21,ICBP,RG,8650,14,F,ZP,AK,F
13:45:15,ICBP,RG,8625,29,D,KI,AK,D
13:44:59,ICBP,RG,8625,9,D,KI,BB,D
13:44:59,ICBP,RG,8625,2,D,XC,BB,D
13:44:59,ICBP,RG,8625,1,D,YP,BB,D
13:44:59,ICBP,RG,8625,3,D,SQ,BB,D
13:44:59,ICBP,RG,8625,1,D,PD,BB,D
13:44:59,ICBP,RG,8625,12,D,YP,BB,D
13:44:41,ICBP,RG,8625,14,D,YP,RX,F
13:44:17,ICBP,RG,8650,23,F,ZP,AK,F
13:44:16,ICBP,RG,8625,74,D,YP,CS,F
13:44:16,ICBP,RG,8625,2,D,PD,CS,F
13:43:03,ICBP,RG,8625,1,D,PD,RX,F
13:43:03,ICBP,RG,8625,7,D,DR,RX,F
13:42:20,ICBP,RG,8625,3,D,DR,RX,F
13:42:20,ICBP,RG,8625,5,D,AZ,RX,F
13:42:14,ICBP,RG,8650,12,F,KZ,AK,F
13:42:14,ICBP,RG,8650,1,F,KZ,DX,D
13:42:09,ICBP,RG,8625,11,D,AZ,BB,D
13:41:32,ICBP,RG,8625,21,D,AZ,RX,F
13:40:59,ICBP,RG,8625,10,D,AZ,PD,D
13:40:28,ICBP,RG,8675,7,F,ZP,PD,D
13:40:11,ICBP,RG,8625,1,D,AZ,CS,F
13:40:11,ICBP,RG,8650,1,D,PD,AK,F
13:39:02,ICBP,RG,8675,29,F,ZP,PD,D
13:39:02,ICBP,RG,8650,12,F,ZP,AK,D
13:39:02,ICBP,RG,8650,2,F,ZP,BB,D
13:39:02,ICBP,RG,8650,1,F,ZP,DX,D
13:38:59,ICBP,RG,8625,76,D,AZ,AK,D
13:38:59,ICBP,RG,8650,2,F,ZP,CS,F
13:38:59,ICBP,RG,8650,16,F,ZP,PD,D
13:38:58,ICBP,RG,8650,80,D,PD,PD,D
13:38:58,ICBP,RG,8650,103,D,PD,PD,D
13:38:58,ICBP,RG,8650,1,D,PD,AK,D
13:38:58,ICBP,RG,8650,4,D,PD,RX,F
13:38:58,ICBP,RG,8650,2,D,PD,BB,D
13:38:58,ICBP,RG,8650,6,D,PD,AK,D
13:38:58,ICBP,RG,8650,4,D,PD,CS,F
13:38:34,ICBP,RG,8625,4,D,AZ,AK,D
13:38:33,ICBP,RG,8625,8,D,AZ,BB,D
13:38:10,ICBP,RG,8650,1,D,XL,CS,F
13:37:47,ICBP,RG,8625,4,D,AZ,AK,D
13:37:46,ICBP,RG,8625,9,D,AZ,BB,D
13:37:05,ICBP,RG,8625,4,D,AZ,AK,D
13:37:04,ICBP,RG,8650,1,D,DR,CS,F
13:37:04,ICBP,RG,8650,9,D,DR,PD,D
13:36:56,ICBP,RG,8625,6,D,AZ,AK,D
13:36:55,ICBP,RG,8625,3,D,AZ,AK,D
13:36:55,ICBP,RG,8625,13,D,AZ,YP,D
13:36:54,ICBP,RG,8625,8,D,AZ,BB,D
13:36:40,ICBP,RG,8625,1,D,AZ,AK,D
13:36:39,ICBP,RG,8650,1,D,PD,PD,D
13:36:09,ICBP,RG,8625,3,D,AZ,AK,D
13:36:08,ICBP,RG,8625,8,D,AZ,BB,D
13:35:58,ICBP,RG,8625,1,D,AZ,AK,D
13:35:57,ICBP,RG,8650,2,D,CC,CS,F
13:35:55,ICBP,RG,8625,1,D,AZ,PD,D
13:35:25,ICBP,RG,8625,10,D,AZ,AK,D
13:35:24,ICBP,RG,8675,7,F,ZP,PD,D
13:35:24,ICBP,RG,8675,12,F,ZP,PD,D
13:35:24,ICBP,RG,8650,2,F,ZP,CS,F
13:35:24,ICBP,RG,8650,1,F,ZP,DX,D
13:35:24,ICBP,RG,8650,1,F,ZP,BB,D
13:35:14,ICBP,RG,8625,16,D,AZ,AK,D
13:35:13,ICBP,RG,8625,36,D,AZ,BB,D
13:34:49,ICBP,RG,8625,10,D,AZ,AK,D
13:34:48,ICBP,RG,8625,25,D,AZ,XA,D
13:34:47,ICBP,RG,8625,6,D,AZ,AK,D
13:34:46,ICBP,RG,8650,8,F,ZP,BB,D
13:34:45,ICBP,RG,8650,28,F,ZP,AK,D
13:34:45,ICBP,RG,8650,2,F,CS,AK,D
13:34:45,ICBP,RG,8650,1,D,DH,AK,D
13:34:45,ICBP,RG,8650,2,D,CC,AK,D
13:34:45,ICBP,RG,8650,1,F,AK,AK,D
13:34:45,ICBP,RG,8650,1,D,CC,AK,D
13:34:45,ICBP,RG,8650,1,F,CS,AK,D
13:34:45,ICBP,RG,8650,1,D,YP,AK,D
13:34:45,ICBP,RG,8650,10,D,CC,AK,D
13:34:45,ICBP,RG,8650,1,D,XC,AK,D
13:34:45,ICBP,RG,8650,1,D,XC,AK,D
13:34:45,ICBP,RG,8650,1,D,CC,AK,D
13:34:45,ICBP,RG,8650,1,D,PD,AK,D
13:34:45,ICBP,RG,8650,3,D,PD,AK,D
13:34:45,ICBP,RG,8650,1,D,CC,AK,D
13:34:41,ICBP,RG,8650,2,D,CC,CS,F
13:34:38,ICBP,RG,8650,6,D,CC,DX,F
13:34:32,ICBP,RG,8675,39,F,ZP,PD,D
13:34:32,ICBP,RG,8650,26,D,CC,AK,D
13:34:32,ICBP,RG,8650,53,F,KZ,AK,D
13:34:32,ICBP,RG,8650,2,D,XC,AK,D
13:34:32,ICBP,RG,8650,1,D,XC,AK,D
13:34:32,ICBP,RG,8650,1,D,XC,AK,D
13:34:32,ICBP,RG,8650,1,D,XC,AK,D
13:34:32,ICBP,RG,8650,1,D,KK,AK,D
13:34:32,ICBP,RG,8650,1,D,CC,AK,D
13:34:32,ICBP,RG,8650,1,D,PD,AK,D
13:34:32,ICBP,RG,8650,1,D,PD,AK,D
13:34:32,ICBP,RG,8650,1,D,KK,AK,D
13:34:32,ICBP,RG,8650,1,D,YB,AK,D
13:34:32,ICBP,RG,8650,1,D,YB,AK,D
13:34:32,ICBP,RG,8650,1,D,PD,AK,D
13:34:32,ICBP,RG,8650,1,D,PD,AK,D
13:34:32,ICBP,RG,8650,12,D,AZ,AK,D
13:34:32,ICBP,RG,8650,10,D,SQ,AK,D
13:34:32,ICBP,RG,8650,1,D,PD,AK,D
13:34:32,ICBP,RG,8650,9,D,DH,AK,D
13:34:32,ICBP,RG,8650,1,D,PD,AK,D
13:34:32,ICBP,RG,8650,1,D,AZ,AK,D
13:34:32,ICBP,RG,8650,1,D,DH,AK,D
13:34:32,ICBP,RG,8650,6,D,EP,AK,D
13:34:32,ICBP,RG,8650,1,F,CS,AK,D
13:34:32,ICBP,RG,8650,1,F,CS,AK,D
13:34:32,ICBP,RG,8650,1,F,CS,AK,D
13:34:32,ICBP,RG,8650,3,F,CS,AK,D
13:34:32,ICBP,RG,8650,1,D,YP,AK,D
13:34:32,ICBP,RG,8650,35,F,KZ,AK,D
13:34:32,ICBP,RG,8650,1,D,EP,AK,D
13:34:32,ICBP,RG,8650,2,D,YP,AK,D
13:34:32,ICBP,RG,8650,7,D,CC,AK,D
13:34:31,ICBP,RG,8675,21,F,ZP,PD,D
13:34:31,ICBP,RG,8650,51,D,CC,PD,D
13:34:31,ICBP,RG,8650,3,D,NI,PD,D
13:34:31,ICBP,RG,8650,5,D,PD,PD,D
13:34:31,ICBP,RG,8650,7,D,CC,PD,D
13:34:31,ICBP,RG,8650,2,F,CS,PD,D
13:34:31,ICBP,RG,8650,2,D,XC,PD,D
13:34:31,ICBP,RG,8650,1,D,YP,PD,D
13:34:31,ICBP,RG,8650,1,D,XC,PD,D
13:34:31,ICBP,RG,8650,1,D,XC,PD,D
13:34:31,ICBP,RG,8650,1,D,YP,PD,D
13:34:31,ICBP,RG,8650,1,D,YU,PD,D
13:34:31,ICBP,RG,8650,1,D,CC,PD,D
13:34:31,ICBP,RG,8650,25,D,CC,PD,D
13:34:31,ICBP,RG,8650,21,D,SQ,PD,D
13:34:31,ICBP,RG,8650,1,D,NI,PD,D
13:34:31,ICBP,RG,8650,1,D,CC,PD,D
13:34:31,ICBP,RG,8650,2,D,PD,PD,D
13:34:31,ICBP,RG,8650,1,D,YP,PD,D
13:34:31,ICBP,RG,8650,11,D,YP,PD,D
13:34:31,ICBP,RG,8650,2,D,YP,PD,D
13:34:31,ICBP,RG,8650,1,D,PD,PD,D
13:34:31,ICBP,RG,8650,5,D,XC,PD,D
13:34:31,ICBP,RG,8650,94,D,TF,PD,D
13:34:30,ICBP,RG,8650,6,D,TF,PD,D
13:34:30,ICBP,RG,8650,1,D,CC,PD,D
13:34:30,ICBP,RG,8650,5,D,PD,PD,D
13:34:30,ICBP,RG,8650,1,D,XC,PD,D
13:34:30,ICBP,RG,8650,1,D,IF,PD,D
13:34:30,ICBP,RG,8650,12,D,YP,PD,D
13:34:30,ICBP,RG,8650,6,D,YP,PD,D
13:34:30,ICBP,RG,8650,20,D,ZP,PD,D
13:34:30,ICBP,RG,8650,2,D,OD,PD,D
13:34:30,ICBP,RG,8650,1,D,XC,PD,D
13:34:30,ICBP,RG,8650,18,D,YP,PD,D
13:34:30,ICBP,RG,8650,1,D,PD,PD,D
13:34:30,ICBP,RG,8650,15,D,XA,PD,D
13:34:30,ICBP,RG,8650,15,D,XA,PD,D
13:34:30,ICBP,RG,8650,25,D,YP,PD,D
13:34:30,ICBP,RG,8650,10,D,GR,PD,D
13:34:30,ICBP,RG,8650,1,D,PD,PD,D
13:34:30,ICBP,RG,8650,2,D,AZ,PD,D
13:34:30,ICBP,RG,8650,4,D,NI,PD,D
13:34:30,ICBP,RG,8650,10,D,YP,PD,D
13:34:30,ICBP,RG,8650,5,D,KK,PD,D
13:34:30,ICBP,RG,8650,2,D,XL,PD,D
13:34:30,ICBP,RG,8650,2,D,YP,PD,D
13:34:30,ICBP,RG,8650,14,D,XC,PD,D
13:34:30,ICBP,RG,8650,50,D,CC,PD,D
13:34:30,ICBP,RG,8650,7,D,DH,PD,D
13:34:30,ICBP,RG,8650,1,D,PD,PD,D
13:34:30,ICBP,RG,8650,5,D,YP,PD,D
13:34:30,ICBP,RG,8650,3,D,XC,PD,D
13:34:30,ICBP,RG,8650,1,D,YP,PD,D
13:34:30,ICBP,RG,8650,1,D,CP,PD,D
13:34:30,ICBP,RG,8650,12,D,YP,PD,D
13:34:28,ICBP,RG,8650,10,D,YP,AK,D
13:34:27,ICBP,RG,8650,3,D,YP,AK,D
13:34:27,ICBP,RG,8650,30,D,YP,AK,D
13:34:27,ICBP,RG,8650,1,D,PD,AK,D
13:34:27,ICBP,RG,8650,1,D,YP,AK,D
13:34:27,ICBP,RG,8650,43,D,AZ,AK,D
13:34:27,ICBP,RG,8650,24,D,AZ,AK,F
13:34:26,ICBP,RG,8650,33,D,AZ,AK,D
13:34:26,ICBP,RG,8650,1,D,PD,AK,D
13:34:26,ICBP,RG,8650,6,D,XC,AK,D
13:34:26,ICBP,RG,8650,63,D,XL,AK,D
13:34:26,ICBP,RG,8650,1,D,KK,AK,D
13:34:26,ICBP,RG,8650,1,D,KK,AK,D
13:34:26,ICBP,RG,8650,2,D,EP,AK,D
13:34:26,ICBP,RG,8650,2,D,DH,AK,D
13:34:26,ICBP,RG,8650,1,D,NI,AK,D
13:34:26,ICBP,RG,8650,3,D,CC,AK,D
13:34:26,ICBP,RG,8650,5,D,PD,AK,D
13:34:26,ICBP,RG,8650,1,D,KK,AK,D
13:34:26,ICBP,RG,8650,1,D,XC,AK,D
13:34:26,ICBP,RG,8650,6,D,PD,AK,D
13:34:26,ICBP,RG,8650,2,D,XC,AK,D
13:34:26,ICBP,RG,8650,1,D,NI,AK,D
13:34:26,ICBP,RG,8650,6,D,CD,AK,D
13:34:26,ICBP,RG,8650,1,F,CS,AK,D
13:34:26,ICBP,RG,8650,1,D,PD,AK,D
13:34:26,ICBP,RG,8650,1,D,XC,AK,D
13:34:26,ICBP,RG,8650,1,D,CC,AK,D
13:34:26,ICBP,RG,8650,1,D,PD,AK,D
13:34:26,ICBP,RG,8650,2,F,CS,AK,D
13:34:26,ICBP,RG,8650,3,D,XC,AK,D
13:34:26,ICBP,RG,8650,20,D,YP,AK,D
13:34:26,ICBP,RG,8650,3,D,XC,AK,D
13:34:26,ICBP,RG,8650,1,D,PD,AK,D
13:34:26,ICBP,RG,8650,1,F,CS,AK,D
13:34:26,ICBP,RG,8650,20,D,PD,AK,D
13:34:26,ICBP,RG,8650,2,D,PD,AK,D
13:34:26,ICBP,RG,8650,3,D,YP,AK,D
13:34:26,ICBP,RG,8650,1,F,CS,AK,D
13:34:26,ICBP,RG,8650,10,D,PD,AK,D
13:34:26,ICBP,RG,8650,2,F,CS,AK,D
13:34:26,ICBP,RG,8650,1,D,KK,AK,D
13:34:26,ICBP,RG,8650,4,D,YP,AK,D
13:34:26,ICBP,RG,8650,96,D,YP,AK,F
13:34:26,ICBP,RG,8650,1,D,YP,AK,F
13:34:26,ICBP,RG,8650,2,D,EP,AK,F
13:34:26,ICBP,RG,8650,5,D,CC,AK,F
13:34:26,ICBP,RG,8650,1,D,XC,AK,F
13:34:26,ICBP,RG,8650,1,D,YP,AK,F
13:34:26,ICBP,RG,8650,5,D,XC,AK,F
13:34:26,ICBP,RG,8650,1,F,CS,AK,F
13:34:26,ICBP,RG,8650,1,D,XL,AK,F
13:34:26,ICBP,RG,8650,2,D,PD,AK,F
13:34:26,ICBP,RG,8650,1,D,PD,AK,F
13:34:26,ICBP,RG,8650,1,D,LG,AK,F
13:34:26,ICBP,RG,8650,2,D,LG,AK,F
13:34:26,ICBP,RG,8650,1,D,PD,AK,F
13:34:26,ICBP,RG,8650,1,F,CS,AK,F
13:34:26,ICBP,RG,8650,19,F,ZP,AK,F
13:34:25,ICBP,RG,8650,37,F,ZP,CS,F
13:34:25,ICBP,RG,8650,4,F,ZP,CS,F
13:34:25,ICBP,RG,8650,12,F,ZP,PD,D
13:34:25,ICBP,RG,8650,1,D,YP,PD,D
13:34:25,ICBP,RG,8650,2,D,YP,PD,D
13:34:25,ICBP,RG,8650,1,D,XL,PD,D
13:34:25,ICBP,RG,8650,1,D,DR,PD,D
13:34:25,ICBP,RG,8650,1,F,CS,PD,D
13:34:25,ICBP,RG,8650,10,D,XC,PD,D
13:34:25,ICBP,RG,8650,3,D,XC,PD,D
13:34:25,ICBP,RG,8650,2,D,XC,PD,D
13:34:25,ICBP,RG,8650,1,D,XC,PD,D
13:34:25,ICBP,RG,8650,1,F,CS,PD,D
13:34:25,ICBP,RG,8650,5,D,PD,PD,D
13:34:25,ICBP,RG,8650,2,D,DH,PD,D
13:34:25,ICBP,RG,8650,3,D,PD,PD,D
13:34:25,ICBP,RG,8650,2,D,YU,PD,D
13:34:25,ICBP,RG,8650,1,D,YP,PD,D
13:34:25,ICBP,RG,8650,1,D,KK,PD,D
13:34:25,ICBP,RG,8650,1,D,YP,PD,D
13:34:25,ICBP,RG,8650,190,F,KZ,PD,D
13:34:24,ICBP,RG,8650,10,F,KZ,PD,D
13:34:24,ICBP,RG,8650,1,D,NI,PD,D
13:34:24,ICBP,RG,8650,1,D,XC,PD,D
13:34:24,ICBP,RG,8650,3,D,PD,PD,D
13:34:24,ICBP,RG,8650,1,D,KK,PD,D
13:34:24,ICBP,RG,8650,1,D,DH,PD,D
13:34:24,ICBP,RG,8650,3,D,CC,PD,D
13:34:24,ICBP,RG,8650,1,D,KK,PD,D
13:34:24,ICBP,RG,8650,1,D,YP,PD,D
13:34:24,ICBP,RG,8650,3,D,KK,PD,D
13:34:24,ICBP,RG,8650,1,D,XC,PD,D
13:34:24,ICBP,RG,8650,10,D,DH,PD,D
13:34:24,ICBP,RG,8650,1,D,DR,PD,D
13:34:24,ICBP,RG,8650,1,D,DX,PD,D
13:34:24,ICBP,RG,8650,4,D,DR,PD,D
13:34:24,ICBP,RG,8650,1,D,DR,PD,D
13:34:24,ICBP,RG,8650,1,D,TP,PD,D
13:34:24,ICBP,RG,8650,50,D,DH,PD,D
13:34:24,ICBP,RG,8650,1,D,CC,PD,D
13:34:24,ICBP,RG,8650,1,D,YP,PD,D
13:34:24,ICBP,RG,8650,1,D,SQ,PD,D
13:34:24,ICBP,RG,8650,1,D,XC,PD,D
13:34:24,ICBP,RG,8650,1,D,YP,PD,D
13:34:24,ICBP,RG,8650,30,D,YP,PD,D
13:34:24,ICBP,RG,8650,2,D,KK,PD,D
13:34:24,ICBP,RG,8650,99,F,ZP,PD,D
13:34:24,ICBP,RG,8650,5,D,YP,PD,D
13:34:24,ICBP,RG,8650,1,D,GR,PD,D
13:34:24,ICBP,RG,8650,23,D,NI,PD,D
13:34:18,ICBP,RG,8650,1,D,NI,AK,D
13:34:17,ICBP,RG,8650,1,D,NI,XC,D
13:33:15,ICBP,RG,8650,1,D,NI,DX,D
13:31:16,ICBP,RG,8650,16,D,NI,AH,F
13:30:29,ICBP,RG,8675,2,F,ZP,PD,D
13:30:19,ICBP,RG,8675,13,F,ZP,PD,D
13:30:17,ICBP,RG,8650,3,D,NI,XL,D
13:30:07,ICBP,RG,8675,1,D,XC,PD,D
13:30:07,ICBP,RG,8650,1,D,NI,XC,D
13:30:07,ICBP,RG,8650,1,D,NI,XC,D
13:30:06,ICBP,RG,8675,1,F,AK,PD,D
13:30:06,ICBP,RG,8650,21,D,NI,AK,D
13:30:04,ICBP,RG,8650,1,D,NI,AT,D
13:30:04,ICBP,RG,8650,1,D,NI,KK,D
13:30:04,ICBP,RG,8650,1,D,NI,PD,D
13:30:02,ICBP,RG,8650,4,D,NI,AK,D
13:30:02,ICBP,RG,8675,2,D,PD,PD,D
13:30:02,ICBP,RG,8675,12,D,PD,PD,D
13:30:02,ICBP,RG,8675,11,D,PD,AK,D
13:30:02,ICBP,RG,8675,1,D,PD,AK,D
13:30:02,ICBP,RG,8675,1,D,PD,FS,D
13:30:02,ICBP,RG,8675,1,D,PD,FS,D
13:30:01,ICBP,RG,8650,2,D,NI,KK,D
13:30:01,ICBP,RG,8650,6,D,NI,DH,D
13:30:01,ICBP,RG,8650,1,D,NI,KK,D
13:30:01,ICBP,RG,8650,10,D,NI,EP,D
11:29:54,ICBP,RG,8650,1,D,NI,DX,D
11:29:31,ICBP,RG,8675,1,F,ZP,FS,D
11:26:16,ICBP,RG,8650,1,D,NI,DX,D
11:25:19,ICBP,RG,8675,7,F,ZP,FS,D
11:23:17,ICBP,RG,8650,5,D,NI,AK,D
11:23:16,ICBP,RG,8675,11,F,ZP,FS,D
11:23:15,ICBP,RG,8650,26,D,NI,AK,D
11:23:14,ICBP,RG,8650,61,D,NI,LG,D
11:21:30,ICBP,RG,8650,1,D,NI,YU,F
11:21:17,ICBP,RG,8650,4,D,NI,AK,D
11:21:15,ICBP,RG,8675,9,F,ZP,FS,D
11:21:15,ICBP,RG,8650,2,D,NI,AK,D
11:21:14,ICBP,RG,8650,5,D,NI,NI,D
11:20:30,ICBP,RG,8650,6,D,NI,AK,D
11:20:29,ICBP,RG,8650,33,D,NI,AK,D
11:20:29,ICBP,RG,8700,6,F,ZP,DH,D
11:20:28,ICBP,RG,8675,7,F,ZP,CS,F
11:20:28,ICBP,RG,8650,5,D,NI,AK,D
11:20:28,ICBP,RG,8700,3,F,ZP,DH,D
11:20:28,ICBP,RG,8700,5,F,ZP,DR,D
11:20:28,ICBP,RG,8700,17,F,ZP,DR,D
11:20:28,ICBP,RG,8700,5,F,ZP,NI,D
11:20:28,ICBP,RG,8700,1,F,ZP,PD,D
11:20:28,ICBP,RG,8700,11,F,ZP,CC,D
11:20:28,ICBP,RG,8700,1,F,ZP,XC,D
11:20:28,ICBP,RG,8700,7,F,ZP,CP,D
11:20:28,ICBP,RG,8675,7,F,ZP,CS,F
11:20:28,ICBP,RG,8675,1,F,ZP,CS,F
11:20:27,ICBP,RG,8675,17,F,ZP,AK,D
11:20:27,ICBP,RG,8675,1,F,CS,AK,D
11:20:27,ICBP,RG,8675,1,F,CS,AK,F
11:20:27,ICBP,RG,8675,5,D,NI,AK,F
11:20:27,ICBP,RG,8675,1,F,CS,AK,F
11:20:27,ICBP,RG,8675,1,F,CS,AK,F
11:20:27,ICBP,RG,8675,2,D,GR,AK,F
11:20:26,ICBP,RG,8675,21,D,GR,CS,F
11:20:26,ICBP,RG,8675,1,D,GR,DX,D
11:20:26,ICBP,RG,8675,14,D,GR,AK,D
11:20:26,ICBP,RG,8675,2,D,GR,YP,D
11:20:26,ICBP,RG,8675,7,D,GR,YU,F
11:20:26,ICBP,RG,8675,9,D,GR,CS,F
11:20:26,ICBP,RG,8675,11,D,GR,CS,F
11:20:26,ICBP,RG,8675,5,D,GR,SQ,D
11:20:26,ICBP,RG,8675,5,D,GR,CS,F
11:20:26,ICBP,RG,8675,1,D,GR,YU,D
11:20:26,ICBP,RG,8675,3,D,GR,CS,F
11:20:26,ICBP,RG,8675,4,D,GR,XC,D
11:20:26,ICBP,RG,8675,12,D,GR,NI,D
11:20:26,ICBP,RG,8675,7,D,GR,CS,F
11:20:26,ICBP,RG,8675,115,D,GR,CS,F
11:20:26,ICBP,RG,8675,5,D,GR,KK,D
11:20:26,ICBP,RG,8675,7,D,GR,DX,F
11:20:26,ICBP,RG,8675,5,D,GR,SQ,D
11:20:26,ICBP,RG,8675,10,D,GR,NI,D
11:20:26,ICBP,RG,8675,60,D,GR,AK,D
11:20:26,ICBP,RG,8675,5,D,GR,XL,D
11:20:26,ICBP,RG,8675,7,D,GR,YP,D
11:20:26,ICBP,RG,8675,96,D,GR,PD,D
11:20:26,ICBP,RG,8675,86,D,GR,PD,D
11:20:21,ICBP,RG,8675,2,F,ZP,PD,D
11:20:10,ICBP,RG,8675,14,F,ZP,PD,D
11:19:57,ICBP,RG,8650,40,D,NI,FS,D
11:19:45,ICBP,RG,8675,1,F,AK,PD,D
11:19:26,ICBP,RG,8675,2,D,NI,NI,D
11:19:03,ICBP,RG,8650,1,D,NI,DX,D
11:18:39,ICBP,RG,8675,2,F,CS,YB,D
11:18:39,ICBP,RG,8675,2,F,CS,YU,F
11:18:31,ICBP,RG,8675,2,D,KK,YU,F
11:17:44,ICBP,RG,8675,5,F,KZ,YU,F
11:17:44,ICBP,RG,8675,22,F,KZ,AK,D
11:17:40,ICBP,RG,8675,2,D,PD,AK,D
11:17:38,ICBP,RG,8650,2,D,NI,XC,D
11:16:00,ICBP,RG,8650,5,D,NI,NI,D
11:15:35,ICBP,RG,8650,1,D,NI,DX,D
11:15:17,ICBP,RG,8675,4,F,ZP,AK,D
11:14:56,ICBP,RG,8675,10,D,YJ,AK,D
11:14:25,ICBP,RG,8675,15,F,ZP,AK,D
11:14:10,ICBP,RG,8675,1,D,CC,AK,D
11:13:19,ICBP,RG,8675,1,D,XL,AK,D
11:13:14,ICBP,RG,8675,1,D,PD,AK,D
11:13:12,ICBP,RG,8675,20,D,YJ,AK,D
11:12:44,ICBP,RG,8675,24,F,KZ,AK,D
11:12:39,ICBP,RG,8675,19,F,KZ,AK,D
11:12:39,ICBP,RG,8675,5,F,KZ,CC,D
11:12:39,ICBP,RG,8675,6,F,KZ,DX,F
11:12:36,ICBP,RG,8650,2,D,NI,AK,D
11:12:35,ICBP,RG,8675,1,F,CS,DX,F
11:12:35,ICBP,RG,8675,3,F,CS,FS,D
11:12:10,ICBP,RG,8650,1,D,NI,AK,D
11:12:08,ICBP,RG,8650,1,D,NI,DX,D
11:11:09,ICBP,RG,8675,1,D,NI,FS,D
11:11:08,ICBP,RG,8675,1,D,OD,FS,D
11:10:34,ICBP,RG,8650,3,D,NI,AK,D
11:10:33,ICBP,RG,8650,5,D,NI,PD,D
11:10:24,ICBP,RG,8650,1,D,NI,AK,D
11:10:23,ICBP,RG,8675,3,F,ZP,FS,D
11:09:35,ICBP,RG,8675,1,D,XC,FS,D
11:09:29,ICBP,RG,8650,1,D,NI,AK,D
11:09:28,ICBP,RG,8675,1,D,CC,FS,D
11:09:15,ICBP,RG,8675,1,F,AK,FS,D
11:09:14,ICBP,RG,8650,6,D,NI,AK,D
11:09:13,ICBP,RG,8675,13,F,ZP,FS,D
11:08:27,ICBP,RG,8650,1,D,NI,DX,D
11:07:58,ICBP,RG,8650,4,D,NI,AK,D
11:07:57,ICBP,RG,8650,10,D,NI,CD,D
11:07:18,ICBP,RG,8650,8,D,NI,AK,D
11:07:16,ICBP,RG,8675,4,F,ZP,FS,D
11:07:16,ICBP,RG,8675,8,F,ZP,YU,F
11:07:16,ICBP,RG,8675,2,F,ZP,PD,D
11:07:16,ICBP,RG,8675,4,F,ZP,XC,D
11:07:16,ICBP,RG,8650,43,D,NI,AK,D
11:07:14,ICBP,RG,8650,100,D,NI,YP,D
11:07:04,ICBP,RG,8650,6,D,NI,AK,D
11:07:03,ICBP,RG,8675,14,F,ZP,PD,D
11:06:51,ICBP,RG,8650,1,D,NI,PD,D
11:06:49,ICBP,RG,8650,6,D,NI,AK,D
11:06:48,ICBP,RG,8650,12,D,NI,NI,D
11:05:38,ICBP,RG,8650,12,D,NI,AK,D
11:05:36,ICBP,RG,8650,30,D,NI,LG,D
11:05:33,ICBP,RG,8650,2,D,NI,AK,D
11:05:31,ICBP,RG,8675,4,D,PD,PD,D
11:05:29,ICBP,RG,8650,5,D,NI,AK,D
11:05:27,ICBP,RG,8650,11,D,NI,DX,F
11:05:22,ICBP,RG,8650,3,D,NI,AK,D
11:05:20,ICBP,RG,8675,7,F,ZP,PD,D
11:05:20,ICBP,RG,8675,1,D,NI,PD,D
11:05:11,ICBP,RG,8650,2,D,NI,AK,D
11:05:09,ICBP,RG,8650,5,D,NI,SQ,D
11:04:59,ICBP,RG,8650,1,D,NI,AK,D
11:04:58,ICBP,RG,8650,1,D,NI,DX,D
11:04:27,ICBP,RG,8650,2,D,NI,AK,D
11:04:26,ICBP,RG,8675,4,F,CS,PD,D
11:01:21,ICBP,RG,8650,1,D,NI,DX,D
11:00:40,ICBP,RG,8650,6,D,NI,AK,D
11:00:39,ICBP,RG,8675,13,F,KZ,PD,D
11:00:22,ICBP,RG,8650,3,D,NI,AK,D
11:00:21,ICBP,RG,8675,7,F,ZP,PD,D
10:59:33,ICBP,RG,8650,1,D,NI,AK,D
10:59:32,ICBP,RG,8675,3,D,XL,PD,D
10:58:48,ICBP,RG,8650,4,D,NI,AK,D
10:58:46,ICBP,RG,8650,10,D,NI,SQ,D
10:57:57,ICBP,RG,8650,1,D,NI,AK,D
10:57:55,ICBP,RG,8650,1,D,NI,DX,D
10:56:00,ICBP,RG,8650,1,D,NI,AK,D
10:55:59,ICBP,RG,8650,3,D,NI,PD,D
10:55:57,ICBP,RG,8650,1,D,NI,AK,D
10:55:56,ICBP,RG,8650,2,D,NI,PD,D
10:55:23,ICBP,RG,8650,1,D,NI,AK,D
10:55:21,ICBP,RG,8650,2,D,NI,XC,D
10:55:20,ICBP,RG,8650,6,D,NI,AK,D
10:55:19,ICBP,RG,8675,14,F,ZP,PD,D
10:54:56,ICBP,RG,8650,4,D,NI,AK,D
10:54:54,ICBP,RG,8675,11,D,PD,PD,D
10:54:53,ICBP,RG,8650,4,D,NI,AK,D
10:54:52,ICBP,RG,8675,8,D,CC,PD,D
10:54:33,ICBP,RG,8650,2,D,NI,AK,D
10:54:31,ICBP,RG,8675,5,F,CS,PD,D
10:54:27,ICBP,RG,8650,1,D,NI,DX,D
10:54:02,ICBP,RG,8650,7,D,NI,AK,D
10:54:00,ICBP,RG,8650,16,D,NI,YU,F
10:53:15,ICBP,RG,8650,1,D,NI,AK,D
10:53:15,ICBP,RG,8675,1,D,YP,PD,D
10:52:15,ICBP,RG,8675,1,F,AK,PD,D
10:50:50,ICBP,RG,8650,1,D,NI,DX,D
10:50:49,ICBP,RG,8650,4,D,NI,AK,D
10:50:48,ICBP,RG,8650,9,D,NI,CC,D
10:50:27,ICBP,RG,8650,5,D,NI,AK,D
10:50:26,ICBP,RG,8675,3,F,ZP,PD,D
10:50:26,ICBP,RG,8675,9,F,ZP,PD,D
10:49:13,ICBP,RG,8650,10,D,NI,AK,D
10:49:12,ICBP,RG,8675,23,F,ZP,PD,D
10:49:11,ICBP,RG,8650,47,D,NI,AK,D
10:49:10,ICBP,RG,8650,108,D,NI,CS,F
10:48:55,ICBP,RG,8650,2,D,NI,AK,D
10:48:54,ICBP,RG,8650,5,D,NI,SQ,D
10:47:21,ICBP,RG,8650,1,D,NI,AK,D
10:47:20,ICBP,RG,8650,4,D,NI,YP,D
10:47:11,ICBP,RG,8650,1,D,NI,AK,D
10:47:10,ICBP,RG,8650,1,D,NI,DX,D
10:47:04,ICBP,RG,8650,1,D,NI,AK,D
10:47:03,ICBP,RG,8650,2,D,NI,KK,D
10:46:46,ICBP,RG,8650,1,D,NI,AK,D
10:46:45,ICBP,RG,8650,2,D,NI,PD,D
10:46:27,ICBP,RG,8675,1,D,PD,PD,D
10:46:18,ICBP,RG,8650,3,D,NI,AK,D
10:46:17,ICBP,RG,8650,8,D,NI,AK,F
10:46:15,ICBP,RG,8650,2,D,NI,AK,D
10:46:14,ICBP,RG,8650,3,D,NI,YP,D
10:45:23,ICBP,RG,8650,2,D,NI,AK,D
10:45:21,ICBP,RG,8675,6,F,ZP,PD,D
10:44:10,ICBP,RG,8650,1,D,NI,AK,D
10:44:09,ICBP,RG,8675,2,D,YJ,PD,D
10:43:35,ICBP,RG,8650,1,D,NI,AK,D
10:43:33,ICBP,RG,8650,1,D,NI,DX,D
10:42:53,ICBP,RG,8650,3,D,NI,AK,D
10:42:52,ICBP,RG,8675,5,F,CS,PD,D
10:42:52,ICBP,RG,8650,3,D,NI,PD,D
10:41:43,ICBP,RG,8650,1,D,NI,PD,D
10:40:36,ICBP,RG,8650,1,D,NI,AK,D
10:40:35,ICBP,RG,8650,1,D,NI,XC,D
10:40:18,ICBP,RG,8650,7,D,NI,AK,D
10:40:18,ICBP,RG,8675,18,F,ZP,PD,D
10:40:10,ICBP,RG,8650,1,D,NI,DX,D
10:40:03,ICBP,RG,8650,4,D,NI,XL,D
10:39:56,ICBP,RG,8650,61,D,NI,LG,D
10:39:17,ICBP,RG,8650,5,D,NI,EP,D
10:38:45,ICBP,RG,8650,1,D,NI,GR,D
10:37:39,ICBP,RG,8675,32,F,KZ,PD,D
10:37:35,ICBP,RG,8675,7,F,ZP,PD,D
10:37:35,ICBP,RG,8675,4,F,ZP,CS,F
10:37:35,ICBP,RG,8675,5,F,ZP,CS,F
10:36:39,ICBP,RG,8650,1,D,NI,DX,D
10:36:34,ICBP,RG,8675,2,F,KZ,CS,F
10:36:34,ICBP,RG,8675,3,F,KZ,CS,F
10:36:34,ICBP,RG,8675,58,F,KZ,AK,D
10:36:34,ICBP,RG,8675,3,F,KZ,CS,F
10:36:34,ICBP,RG,8650,5,D,NI,YP,D
10:36:22,ICBP,RG,8650,3,D,NI,AK,D
10:36:21,ICBP,RG,8650,6,D,NI,PD,D
10:35:35,ICBP,RG,8650,3,D,NI,AK,D
10:35:34,ICBP,RG,8650,9,D,NI,XC,D
10:35:31,ICBP,RG,8650,1,D,NI,AK,D
10:35:30,ICBP,RG,8675,1,F,AK,CS,F
10:35:22,ICBP,RG,8650,3,D,NI,AK,D
10:35:21,ICBP,RG,8675,1,F,ZP,CS,F
10:35:21,ICBP,RG,8675,7,F,ZP,CS,F
10:34:34,ICBP,RG,8650,1,D,KK,AK,D
10:34:34,ICBP,RG,8650,1,D,YP,AK,D
10:34:33,ICBP,RG,8650,2,F,KZ,YP,D
10:34:33,ICBP,RG,8650,1,D,PD,YP,D
10:34:33,ICBP,RG,8650,2,D,IF,YP,D
10:33:51,ICBP,RG,8650,1,D,IF,AK,D
10:33:49,ICBP,RG,8675,1,D,PD,CS,F
10:33:32,ICBP,RG,8650,8,D,IF,AK,D
10:33:31,ICBP,RG,8650,20,D,IF,GR,D
10:33:08,ICBP,RG,8650,1,D,IF,AK,D
10:33:06,ICBP,RG,8650,1,D,IF,DX,D
10:32:58,ICBP,RG,8675,1,D,PD,CS,F
10:32:41,ICBP,RG,8650,1,D,IF,AK,D
10:32:40,ICBP,RG,8650,1,D,IF,PD,D
10:32:30,ICBP,RG,8650,1,D,IF,AK,D
10:32:28,ICBP,RG,8675,3,D,PD,CS,F
10:30:26,ICBP,RG,8650,1,D,IF,AK,D
10:30:25,ICBP,RG,8675,2,F,ZP,CS,F
10:29:50,ICBP,RG,8650,5,D,IF,AK,D
10:29:49,ICBP,RG,8675,2,F,ZP,CS,F
10:29:49,ICBP,RG,8675,3,F,ZP,CS,F
10:29:49,ICBP,RG,8675,7,F,ZP,CS,F
10:29:49,ICBP,RG,8675,1,F,ZP,CS,F
10:29:32,ICBP,RG,8650,1,D,IF,AK,D
10:29:31,ICBP,RG,8650,1,D,IF,DX,D
10:29:20,ICBP,RG,8650,11,D,IF,AK,D
10:29:19,ICBP,RG,8650,25,D,IF,GR,D
10:29:13,ICBP,RG,8650,2,D,IF,NI,D
10:28:47,ICBP,RG,8650,5,D,IF,AK,D
10:28:46,ICBP,RG,8650,10,D,IF,AZ,D
10:27:51,ICBP,RG,8650,1,D,IF,AK,D
10:27:50,ICBP,RG,8650,2,D,IF,CC,D
10:27:45,ICBP,RG,8650,9,D,IF,AK,D
10:27:44,ICBP,RG,8675,1,F,ZP,CS,F
10:27:44,ICBP,RG,8675,20,F,ZP,PD,D
10:27:16,ICBP,RG,8650,2,D,IF,AK,D
10:27:15,ICBP,RG,8650,6,D,IF,XC,D
10:26:27,ICBP,RG,8650,29,D,IF,AK,D
10:26:26,ICBP,RG,8650,67,D,IF,SQ,D
10:25:52,ICBP,RG,8650,1,D,IF,DX,D
10:25:25,ICBP,RG,8650,9,D,IF,AK,D
10:25:24,ICBP,RG,8675,20,F,ZP,PD,D
10:25:08,ICBP,RG,8650,4,D,IF,AK,D
10:25:06,ICBP,RG,8675,10,D,LG,PD,D
10:24:57,ICBP,RG,8650,1,D,IF,AK,D
10:24:55,ICBP,RG,8650,1,D,IF,YP,D
10:24:51,ICBP,RG,8650,1,D,IF,PD,D
10:24:35,ICBP,RG,8650,22,D,IF,AK,D
10:24:34,ICBP,RG,8675,46,F,KZ,PD,D
10:24:34,ICBP,RG,8675,5,F,KZ,PD,D
10:24:34,ICBP,RG,8675,1,D,PD,PD,D
10:24:11,ICBP,RG,8650,14,D,IF,AK,D
10:24:09,ICBP,RG,8675,32,F,ZP,PD,D
10:23:32,ICBP,RG,8650,9,D,IF,AK,D
10:23:31,ICBP,RG,8675,20,D,YP,PD,D
10:23:27,ICBP,RG,8675,1,D,YP,PD,D
10:22:18,ICBP,RG,8650,1,D,IF,DX,D
10:22:12,ICBP,RG,8650,50,D,IF,AK,D
10:22:11,ICBP,RG,8650,116,D,IF,CS,F
10:21:35,ICBP,RG,8650,2,D,IF,AK,D
10:21:33,ICBP,RG,8650,5,D,IF,SQ,D
10:20:27,ICBP,RG,8650,2,D,IF,AK,D
10:20:26,ICBP,RG,8675,4,F,ZP,PD,D
10:19:06,ICBP,RG,8650,1,D,IF,PD,D
10:18:48,ICBP,RG,8650,1,D,IF,AK,D
10:18:47,ICBP,RG,8650,1,D,IF,DX,D
10:18:35,ICBP,RG,8650,4,D,IF,AK,D
10:18:34,ICBP,RG,8650,10,D,IF,YU,F
10:17:57,ICBP,RG,8650,1,D,IF,AK,D
10:17:56,ICBP,RG,8675,2,D,YP,PD,D
10:16:58,ICBP,RG,8650,4,D,IF,AK,D
10:16:56,ICBP,RG,8650,10,D,IF,YU,F
10:15:18,ICBP,RG,8650,1,D,IF,AK,D
10:15:17,ICBP,RG,8650,1,D,IF,DX,D
10:15:01,ICBP,RG,8650,4,D,IF,AK,D
10:15:00,ICBP,RG,8650,9,D,IF,YU,F
10:12:06,ICBP,RG,8650,2,D,IF,AT,D
10:11:46,ICBP,RG,8650,1,D,XC,AK,D
10:11:44,ICBP,RG,8650,1,D,YP,DX,D
10:10:53,ICBP,RG,8650,4,D,YP,AK,D
10:10:52,ICBP,RG,8650,1,D,PD,CC,D
10:10:52,ICBP,RG,8650,1,D,XL,CC,D
10:10:52,ICBP,RG,8650,2,D,AZ,CC,D
10:10:52,ICBP,RG,8650,5,D,DX,CC,D
10:08:47,ICBP,RG,8650,3,D,DX,AK,D
10:08:46,ICBP,RG,8650,4,D,DX,AZ,D
10:08:46,ICBP,RG,8650,1,D,PD,AZ,D
10:08:46,ICBP,RG,8650,3,D,PD,AZ,D
10:08:03,ICBP,RG,8650,1,D,PD,AK,D
10:08:02,ICBP,RG,8650,1,D,PD,DX,D
10:07:22,ICBP,RG,8650,1,D,PD,YP,D
10:07:00,ICBP,RG,8650,1,D,PD,AK,D
10:06:59,ICBP,RG,8675,2,D,PD,PD,D
10:06:18,ICBP,RG,8675,1,D,PD,PD,D
10:05:15,ICBP,RG,8650,3,D,PD,AK,D
10:04:45,ICBP,RG,8650,3,D,PD,AK,D
10:04:45,ICBP,RG,8650,1,D,YP,AK,D
10:04:45,ICBP,RG,8650,1,D,GR,AK,D
10:04:45,ICBP,RG,8650,3,F,ZP,AK,D
10:04:45,ICBP,RG,8675,1,D,PD,PD,D
10:04:16,ICBP,RG,8675,10,D,ZP,PD,D
10:03:52,ICBP,RG,8675,1,D,PD,PD,D
10:02:56,ICBP,RG,8675,2,D,XC,PD,D
10:02:19,ICBP,RG,8675,5,D,GR,PD,D
10:01:50,ICBP,RG,8650,5,F,ZP,SQ,D
10:01:41,ICBP,RG,8650,1,F,ZP,XC,D
10:01:39,ICBP,RG,8650,28,F,ZP,AK,D
10:01:39,ICBP,RG,8650,3,D,AZ,AK,D
10:01:39,ICBP,RG,8650,1,D,PD,AK,D
10:01:39,ICBP,RG,8650,5,D,KK,AK,D
10:01:39,ICBP,RG,8650,1,D,PD,AK,D
10:01:39,ICBP,RG,8650,5,F,KZ,AK,D
10:01:38,ICBP,RG,8650,2,F,KZ,XC,D
10:01:38,ICBP,RG,8650,1,D,XC,XC,D
10:01:38,ICBP,RG,8650,1,D,LG,XC,D
10:01:38,ICBP,RG,8650,1,D,PD,XC,D
10:01:38,ICBP,RG,8650,6,D,DH,XC,D
10:01:38,ICBP,RG,8650,10,D,PD,XC,D
10:01:38,ICBP,RG,8650,1,D,PD,XC,D
10:01:38,ICBP,RG,8650,2,D,PD,XC,D
10:01:38,ICBP,RG,8650,1,D,AZ,XC,D
10:01:38,ICBP,RG,8650,1,D,XL,XC,D
10:01:38,ICBP,RG,8650,1,D,PD,XC,D
10:01:38,ICBP,RG,8650,2,D,KK,XC,D
10:01:38,ICBP,RG,8650,1,D,KK,XC,D
10:01:38,ICBP,RG,8650,10,D,EP,XC,D
10:01:38,ICBP,RG,8650,60,D,AZ,XC,D
10:01:27,ICBP,RG,8650,1,D,AZ,DX,D
10:00:50,ICBP,RG,8650,1,D,AZ,AK,D
10:00:45,ICBP,RG,8650,2,D,AZ,AK,D
10:00:45,ICBP,RG,8650,2,D,AZ,AK,D
10:00:34,ICBP,RG,8675,1,D,YP,PD,D
10:00:25,ICBP,RG,8675,9,F,ZP,PD,D
10:00:20,ICBP,RG,8650,5,D,AZ,AK,D
10:00:04,ICBP,RG,8675,5,D,EP,PD,D
9:59:39,ICBP,RG,8675,1,D,PD,PD,D
9:59:26,ICBP,RG,8650,5,D,AZ,PD,D
9:59:00,ICBP,RG,8650,23,D,AZ,AK,D
9:59:00,ICBP,RG,8650,1,D,AZ,AK,D
9:58:48,ICBP,RG,8675,1,D,PD,AK,D
9:58:13,ICBP,RG,8700,8,F,ZP,CP,D
9:58:13,ICBP,RG,8675,5,F,ZP,CS,F
9:58:13,ICBP,RG,8675,5,F,ZP,YP,D
9:58:11,ICBP,RG,8650,77,D,AZ,AK,D
9:58:11,ICBP,RG,8700,27,F,ZP,CP,D
9:58:11,ICBP,RG,8700,14,F,ZP,CP,D
9:58:10,ICBP,RG,8675,1,D,YP,AK,F
9:58:10,ICBP,RG,8675,1,F,CS,AK,F
9:58:10,ICBP,RG,8675,1,D,DR,AK,F
9:58:10,ICBP,RG,8675,1,F,CS,AK,F
9:58:10,ICBP,RG,8675,1,F,CS,AK,F
9:58:10,ICBP,RG,8675,1,D,PD,AK,F
9:58:10,ICBP,RG,8675,1,D,XC,AK,F
9:58:10,ICBP,RG,8675,1,D,XL,AK,F
9:58:10,ICBP,RG,8675,1,F,CS,AK,F
9:58:10,ICBP,RG,8675,1,D,CC,AK,F
9:58:10,ICBP,RG,8675,2,D,YP,AK,F
9:58:10,ICBP,RG,8675,2,D,CC,AK,F
9:58:10,ICBP,RG,8675,12,F,KZ,AK,F
9:58:10,ICBP,RG,8675,2,D,GR,AK,F
9:58:10,ICBP,RG,8675,1,F,CS,AK,F
9:58:10,ICBP,RG,8675,20,D,XC,AK,F
9:58:10,ICBP,RG,8675,100,D,LS,AK,F
9:58:10,ICBP,RG,8675,1,F,CS,AK,F
9:58:10,ICBP,RG,8675,28,D,GR,AK,F
9:58:10,ICBP,RG,8675,3,D,XC,AK,F
9:57:54,ICBP,RG,8675,14,D,XC,AK,D
9:57:53,ICBP,RG,8675,13,D,XC,CS,F
9:57:53,ICBP,RG,8675,19,D,KI,CS,F
9:57:48,ICBP,RG,8675,6,D,KI,AK,D
9:57:47,ICBP,RG,8675,14,D,KI,DH,D
9:56:18,ICBP,RG,8675,4,D,KI,AK,D
9:56:17,ICBP,RG,8675,10,D,KI,ZP,D
9:55:19,ICBP,RG,8675,4,D,KI,AK,D
9:55:18,ICBP,RG,8700,9,F,ZP,CP,D
9:54:32,ICBP,RG,8675,4,D,KI,AK,D
9:54:31,ICBP,RG,8675,10,D,KI,CC,D
9:52:24,ICBP,RG,8675,9,D,KI,AK,D
9:52:22,ICBP,RG,8675,20,D,KI,CC,D
9:52:17,ICBP,RG,8675,1,F,CS,AK,D
9:52:17,ICBP,RG,8675,4,D,KI,AK,D
9:52:16,ICBP,RG,8700,11,F,ZP,CP,D
9:51:13,ICBP,RG,8675,20,D,KI,AK,D
9:51:11,ICBP,RG,8675,48,D,KI,CS,F
9:50:22,ICBP,RG,8675,2,D,KI,AK,D
9:50:21,ICBP,RG,8700,5,F,ZP,CP,D
9:50:13,ICBP,RG,8675,1,D,KI,AK,D
9:50:12,ICBP,RG,8675,2,D,KI,PD,D
9:50:11,ICBP,RG,8675,8,D,KI,AK,D
9:50:10,ICBP,RG,8700,18,F,ZP,CP,D
9:49:40,ICBP,RG,8675,16,D,KI,AK,D
9:49:39,ICBP,RG,8675,37,D,KI,YP,D
9:48:30,ICBP,RG,8675,1,D,KI,AK,D
9:48:25,ICBP,RG,8700,1,D,YP,CP,D
9:48:04,ICBP,RG,8675,1,D,KI,PC,D
9:47:52,ICBP,RG,8675,1,D,KI,XC,D
9:47:50,ICBP,RG,8675,11,D,KI,AK,D
9:47:11,ICBP,RG,8675,25,D,KI,YU,D
9:46:05,ICBP,RG,8675,11,D,KI,AK,D
9:45:45,ICBP,RG,8675,8,D,KI,AK,D
9:45:24,ICBP,RG,8700,1,F,ZP,PD,D
9:45:24,ICBP,RG,8700,1,F,ZP,CC,D
9:45:24,ICBP,RG,8700,7,F,ZP,YU,F
9:44:26,ICBP,RG,8700,2,D,PD,YU,F
9:44:26,ICBP,RG,8700,1,D,PD,KK,D
9:44:26,ICBP,RG,8700,7,D,PD,YP,D
9:41:36,ICBP,RG,8675,4,D,KI,PD,D
9:41:36,ICBP,RG,8675,6,D,GR,PD,D
9:41:07,ICBP,RG,8700,23,F,ZP,YP,D
9:41:06,ICBP,RG,8675,6,D,GR,AK,D
9:41:06,ICBP,RG,8675,11,D,GR,AK,D
9:41:04,ICBP,RG,8650,114,D,AZ,AK,D
9:41:04,ICBP,RG,8650,6,D,AZ,AK,D
9:41:04,ICBP,RG,8675,32,F,ZP,AK,D
9:41:04,ICBP,RG,8675,1,F,CS,AK,D
9:41:04,ICBP,RG,8675,1,F,CS,AK,D
9:41:03,ICBP,RG,8675,1,F,CS,AK,D
9:41:03,ICBP,RG,8700,15,F,ZP,YP,D
9:41:03,ICBP,RG,8675,2,F,ZP,DX,F
9:41:03,ICBP,RG,8675,1,F,CS,DX,F
9:41:03,ICBP,RG,8675,1,F,AK,DX,F
9:41:03,ICBP,RG,8675,3,D,YP,DX,F
9:41:03,ICBP,RG,8675,8,D,YP,CS,F
9:41:03,ICBP,RG,8675,1,D,CC,CS,F
9:41:03,ICBP,RG,8675,1,F,CS,CS,F
9:41:03,ICBP,RG,8675,2,D,KK,CS,F
9:41:03,ICBP,RG,8675,1,D,PD,CS,F
9:41:03,ICBP,RG,8675,1,F,CS,CS,F
9:41:03,ICBP,RG,8675,10,D,PD,CS,F
9:41:02,ICBP,RG,8675,10,F,KZ,PD,D
9:41:02,ICBP,RG,8675,10,D,CC,PD,D
9:41:02,ICBP,RG,8675,1,D,XC,PD,D
9:41:02,ICBP,RG,8675,1,F,CS,PD,D
9:41:02,ICBP,RG,8675,1,F,CS,PD,D
9:41:02,ICBP,RG,8675,100,D,CC,PD,D
9:41:02,ICBP,RG,8675,1,D,CC,PD,D
9:41:02,ICBP,RG,8675,2,D,XC,PD,D
9:41:02,ICBP,RG,8675,1,F,CS,PD,D
9:41:02,ICBP,RG,8675,30,D,EP,PD,D
9:41:02,ICBP,RG,8675,1,D,PD,PD,D
9:41:02,ICBP,RG,8675,1,D,PD,PD,D
9:41:02,ICBP,RG,8675,1,F,CS,PD,D
9:41:02,ICBP,RG,8675,2,F,CS,PD,D
9:41:02,ICBP,RG,8675,6,D,YU,PD,D
9:41:02,ICBP,RG,8675,6,D,YU,PD,D
9:41:02,ICBP,RG,8675,1,D,CC,PD,D
9:41:02,ICBP,RG,8675,33,F,KZ,PD,D
9:41:02,ICBP,RG,8675,2,F,CS,PD,D
9:41:02,ICBP,RG,8675,5,D,PD,PD,D
9:41:02,ICBP,RG,8675,10,D,NI,PD,D
9:41:02,ICBP,RG,8675,1,D,CC,PD,D
9:41:02,ICBP,RG,8675,1,D,CP,PD,D
9:41:02,ICBP,RG,8675,4,D,DR,PD,D
9:41:02,ICBP,RG,8675,1,D,YP,PD,D
9:41:02,ICBP,RG,8675,12,F,ZP,PD,D
9:41:02,ICBP,RG,8675,1,F,CS,PD,D
9:41:02,ICBP,RG,8675,104,D,YB,PD,D
9:40:32,ICBP,RG,8675,2,D,YB,AK,D
9:40:31,ICBP,RG,8700,3,D,PD,YP,D
9:40:31,ICBP,RG,8675,1,D,YB,NI,D
9:40:22,ICBP,RG,8675,2,D,YB,AK,D
9:40:22,ICBP,RG,8700,5,F,ZP,YP,D
9:39:14,ICBP,RG,8675,1,D,YB,AK,D
9:39:13,ICBP,RG,8700,1,D,XC,YP,D
9:38:15,ICBP,RG,8675,1,D,YB,PD,D
9:37:30,ICBP,RG,8675,1,D,YB,NI,D
9:36:59,ICBP,RG,8675,1,D,YB,AK,D
9:36:58,ICBP,RG,8675,2,D,YB,EP,D
9:36:28,ICBP,RG,8675,5,D,YB,AK,D
9:36:27,ICBP,RG,8675,12,D,YB,PD,D
9:35:26,ICBP,RG,8675,3,D,YB,AK,D
9:35:25,ICBP,RG,8700,5,F,ZP,YP,D
9:35:05,ICBP,RG,8700,1,D,YP,YP,D
9:34:43,ICBP,RG,8700,1,D,PD,YP,D
9:33:55,ICBP,RG,8675,9,D,YB,AK,D
9:33:54,ICBP,RG,8700,4,F,ZP,YP,D
9:33:54,ICBP,RG,8700,4,F,ZP,SQ,D
9:33:54,ICBP,RG,8700,1,F,ZP,PD,D
9:33:54,ICBP,RG,8700,11,F,ZP,NI,D
9:33:45,ICBP,RG,8675,1,D,YB,AK,D
9:33:15,ICBP,RG,8700,1,D,YU,NI,D
9:32:52,ICBP,RG,8675,2,D,YB,XC,D
9:30:20,ICBP,RG,8675,40,D,YB,AK,D
9:29:33,ICBP,RG,8675,52,D,YB,YP,D
9:28:39,ICBP,RG,8700,2,D,XC,NI,D
9:28:23,ICBP,RG,8700,1,D,XC,NI,D
9:28:20,ICBP,RG,8700,5,D,XC,NI,D
9:28:20,ICBP,RG,8700,1,D,XC,YP,D
9:27:49,ICBP,RG,8700,5,D,KK,YP,D
9:27:22,ICBP,RG,8700,1,D,PD,YP,D
9:27:09,ICBP,RG,8700,1,D,EP,YP,D
9:26:45,ICBP,RG,8700,1,D,NI,YP,D
9:26:39,ICBP,RG,8700,1,D,XC,YP,D
9:26:30,ICBP,RG,8700,1,D,YP,XC,D
9:26:30,ICBP,RG,8700,1,D,YP,XC,D
9:25:58,ICBP,RG,8700,5,D,KK,XC,D
9:25:48,ICBP,RG,8700,1,D,XC,XC,D
9:24:42,ICBP,RG,8700,5,D,KK,XC,D
9:24:04,ICBP,RG,8700,5,D,YP,XC,D
9:22:58,ICBP,RG,8700,1,D,XL,XC,D
9:22:18,ICBP,RG,8700,2,D,PD,XC,D
9:21:11,ICBP,RG,8700,1,D,PD,XC,D
9:20:35,ICBP,RG,8675,61,D,YB,AK,D
9:20:35,ICBP,RG,8675,1,D,NI,AK,D
9:20:35,ICBP,RG,8675,5,D,KK,AK,D
9:20:35,ICBP,RG,8675,1,F,CS,AK,D
9:20:35,ICBP,RG,8675,42,F,BK,AK,D
9:20:35,ICBP,RG,8675,2,F,CS,AK,D
9:20:35,ICBP,RG,8675,1,D,YP,AK,D
9:20:35,ICBP,RG,8675,1,D,KK,AK,D
9:20:35,ICBP,RG,8675,40,F,ZP,AK,D
9:20:35,ICBP,RG,8675,2,F,CS,AK,D
9:20:35,ICBP,RG,8675,1,D,PD,AK,D
9:20:35,ICBP,RG,8675,1,D,KK,AK,D
9:20:35,ICBP,RG,8675,1,D,YP,AK,D
9:20:35,ICBP,RG,8675,1,D,DR,AK,D
9:20:11,ICBP,RG,8675,3,D,DR,PD,D
9:19:51,ICBP,RG,8675,6,D,DR,DX,F
9:19:51,ICBP,RG,8675,1,D,XC,DX,F
9:19:50,ICBP,RG,8675,1,D,XC,XC,D
9:19:16,ICBP,RG,8675,8,D,XC,YP,D
9:19:16,ICBP,RG,8675,2,D,GR,YP,D
9:17:45,ICBP,RG,8675,4,F,BK,AK,D
9:17:45,ICBP,RG,8675,3,F,AK,AK,D
9:17:45,ICBP,RG,8675,1,D,PD,AK,D
9:17:45,ICBP,RG,8675,1,F,AK,AK,D
9:17:45,ICBP,RG,8675,15,F,BK,AK,D
9:17:45,ICBP,RG,8675,1,D,XC,AK,D
9:17:45,ICBP,RG,8675,1,F,CS,AK,D
9:17:45,ICBP,RG,8675,21,F,KZ,AK,D
9:17:23,ICBP,RG,8700,1,D,KK,AK,D
9:16:38,ICBP,RG,8700,1,D,PD,AK,D
9:16:25,ICBP,RG,8675,7,F,KZ,XC,D
9:16:25,ICBP,RG,8675,4,F,KZ,PD,D
9:16:25,ICBP,RG,8675,2,D,YP,PD,D
9:16:25,ICBP,RG,8675,8,D,CC,PD,D
9:16:25,ICBP,RG,8675,1,D,YP,PD,D
9:16:25,ICBP,RG,8675,3,F,CS,PD,D
9:16:25,ICBP,RG,8675,1,F,CS,PD,D
9:16:25,ICBP,RG,8675,1,F,ZP,PD,D
9:16:24,ICBP,RG,8675,16,F,ZP,XC,D
9:16:24,ICBP,RG,8675,2,F,CS,XC,D
9:16:24,ICBP,RG,8675,1,D,CC,XC,D
9:16:24,ICBP,RG,8675,1,D,CC,XC,D
9:16:24,ICBP,RG,8675,1,F,CS,XC,D
9:16:02,ICBP,RG,8675,1,D,PD,XL,D
9:16:02,ICBP,RG,8675,1,D,XC,XL,D
9:16:02,ICBP,RG,8675,9,F,ZP,XL,D
9:14:44,ICBP,RG,8675,1,F,ZP,PD,D
9:14:04,ICBP,RG,8675,3,F,ZP,XC,D
9:14:00,ICBP,RG,8700,1,F,AK,AK,D
9:14:00,ICBP,RG,8700,9,F,AK,DX,F
9:14:00,ICBP,RG,8700,19,F,AK,PD,D
9:14:00,ICBP,RG,8700,2,F,AK,AK,F
9:14:00,ICBP,RG,8700,3,F,AK,AK,F
9:13:59,ICBP,RG,8675,1,F,ZP,XC,D
9:13:58,ICBP,RG,8675,15,F,ZP,AK,F
9:13:58,ICBP,RG,8675,124,F,BK,AK,F
9:13:57,ICBP,RG,8675,3,F,BK,DH,D
9:13:30,ICBP,RG,8675,36,F,BK,AK,D
9:12:48,ICBP,RG,8675,1,F,BK,CC,D
9:10:02,ICBP,RG,8675,47,F,BK,YP,D
9:10:02,ICBP,RG,8675,3,F,AK,YP,D
9:09:36,ICBP,RG,8675,1,F,AK,CC,D
9:09:36,ICBP,RG,8675,1,D,XC,CC,D
9:09:36,ICBP,RG,8675,1,D,PD,CC,D
9:09:36,ICBP,RG,8675,1,D,PD,CC,D
9:09:36,ICBP,RG,8675,1,F,CS,CC,D
9:09:02,ICBP,RG,8675,1,F,CS,XC,D
9:08:25,ICBP,RG,8675,1,F,CS,DR,D
9:08:25,ICBP,RG,8675,18,F,AK,DR,D
9:08:25,ICBP,RG,8675,42,F,ZP,DR,D
9:07:29,ICBP,RG,8700,1,D,NI,AK,F
9:07:29,ICBP,RG,8700,34,D,SQ,AK,F
9:06:36,ICBP,RG,8700,2,D,XC,AK,F
9:05:04,ICBP,RG,8700,8,F,AK,AK,F
9:05:04,ICBP,RG,8700,1,F,AK,AK,D
9:05:04,ICBP,RG,8700,1,F,AK,XC,D
9:05:04,ICBP,RG,8700,1,F,AK,AK,D
9:05:04,ICBP,RG,8700,1,F,AK,AK,D
9:05:04,ICBP,RG,8700,1,F,AK,PD,D
9:05:04,ICBP,RG,8700,7,F,AK,YP,D
9:05:04,ICBP,RG,8700,1,F,AK,YP,D
9:05:03,ICBP,RG,8675,131,F,BK,AK,F
9:05:03,ICBP,RG,8675,5,F,AK,AK,F
9:05:03,ICBP,RG,8675,5,F,AK,AK,F
9:05:03,ICBP,RG,8675,1,F,CS,AK,F
9:03:31,ICBP,RG,8675,1,F,CS,XC,D
9:03:19,ICBP,RG,8675,1,D,CC,XC,D
9:02:48,ICBP,RG,8675,1,D,CC,XC,D
9:02:30,ICBP,RG,8700,4,F,AK,YP,D
9:02:17,ICBP,RG,8675,2,D,CC,AK,D
9:02:17,ICBP,RG,8675,4,F,ZP,AK,D
9:02:16,ICBP,RG,8675,1,F,ZP,AK,D
9:02:16,ICBP,RG,8700,13,F,KZ,YP,D
9:02:15,ICBP,RG,8700,2,F,AK,YP,D
9:02:12,ICBP,RG,8675,2,F,KZ,AK,D
9:02:11,ICBP,RG,8700,5,F,KZ,YP,D
9:02:03,ICBP,RG,8675,1,F,KZ,AK,D
9:02:02,ICBP,RG,8700,2,D,EP,YP,D
9:00:24,ICBP,RG,8700,1,F,AK,YP,D
9:00:20,ICBP,RG,8675,6,F,KZ,AK,D
9:00:15,ICBP,RG,8700,1,D,XC,YP,D
9:00:09,ICBP,RG,8700,4,F,AK,YP,D
9:00:00,ICBP,RG,8650,3,D,AZ,YU,F
9:00:00,ICBP,RG,8675,2,F,CS,YU,F
9:00:00,ICBP,RG,8675,1,D,XC,YU,F
9:00:00,ICBP,RG,8675,1,D,PD,YU,F
9:00:00,ICBP,RG,8675,1,D,PD,YU,F
9:00:00,ICBP,RG,8675,1,D,PD,YU,F
8:59:00,ICBP,RG,8700,1,D,XC,YP,D
8:59:00,ICBP,RG,8700,1,D,YP,YP,D
8:59:00,ICBP,RG,8700,1,F,KK,YP,D
8:59:00,ICBP,RG,8700,1,D,YP,YP,D
8:59:00,ICBP,RG,8700,4,F,KZ,YP,D
8:59:00,ICBP,RG,8700,1,D,PD,YP,D
8:59:00,ICBP,RG,8700,1,D,XL,YP,D
8:59:00,ICBP,RG,8700,1,D,YJ,PD,D
8:59:00,ICBP,RG,8700,5,D,YJ,DH,D
8:59:00,ICBP,RG,8700,10,D,YJ,PD,D
8:59:00,ICBP,RG,8700,1,D,YJ,PD,D
8:59:00,ICBP,RG,8700,1,D,AI,PD,D
8:59:00,ICBP,RG,8700,1,D,SQ,XC,D
8:59:00,ICBP,RG,8700,1,D,SQ,PD,D
8:59:00,ICBP,RG,8700,1,D,SQ,PD,D
8:59:00,ICBP,RG,8700,1,D,SQ,XL,D
8:59:00,ICBP,RG,8700,2,D,SQ,PD,D
8:59:00,ICBP,RG,8700,1,D,SQ,YU,F
8:59:00,ICBP,RG,8700,1,F,ZP,YU,F
8:59:00,ICBP,RG,8700,1,F,ZP,AK,D
8:59:00,ICBP,RG,8700,2,F,ZP,AK,D
8:59:00,ICBP,RG,8700,3,F,ZP,AK,D
8:59:00,ICBP,RG,8700,1,F,CS,AK,D
8:59:00,ICBP,RG,8700,1,F,AK,AK,D
8:59:00,ICBP,RG,8700,2,F,AK,AK,D
8:59:00,ICBP,RG,8700,1,F,AK,AK,D
8:59:00,ICBP,RG,8700,1,F,AK,AK,D
8:59:00,ICBP,RG,8700,2,F,AK,AK,D
8:59:00,ICBP,RG,8700,1,F,AK,AK,D