Time,Stock,Brd,Price,Qty,BT,BC,SC,ST
15:14:37,ICBP,RG,8150,1,D,YP,YP,D
15:13:59,ICBP,RG,8150,12,D,CC,YP,D
15:12:37,ICBP,RG,8150,25,D,OD,YP,D
15:11:03,ICBP,RG,8150,2,D,IF,YP,D
15:07:48,ICBP,RG,8150,1,D,PD,YP,D
15:07:21,ICBP,RG,8150,3,D,PD,YP,D
15:03:39,ICBP,RG,8150,10,D,YB,YP,D
15:03:34,ICBP,RG,8150,5,D,YP,YP,D
15:03:13,ICBP,RG,8150,6,D,LG,YP,D
15:01:16,ICBP,RG,8150,10,D,KK,YP,D
15:01:00,ICBP,RG,8150,2,D,XC,YP,D
15:00:00,ICBP,RG,8150,4,D,YP,YP,D
15:00:00,ICBP,RG,8150,7,D,ZP,YP,D
15:00:00,ICBP,RG,8150,1,D,YP,YP,D
15:00:00,ICBP,RG,8150,100,D,YU,YP,D
15:00:00,ICBP,RG,8150,1,D,YP,YP,D
15:00:00,ICBP,RG,8150,1,D,YP,NI,D
15:00:00,ICBP,RG,8150,2,D,YP,YP,D
15:00:00,ICBP,RG,8150,4,F,ZP,YP,D
15:00:00,ICBP,RG,8150,10,F,ZP,ZP,D
15:00:00,ICBP,RG,8150,10,F,ZP,PD,D
15:00:00,ICBP,RG,8150,2,F,ZP,DH,D
15:00:00,ICBP,RG,8150,5,F,ZP,CC,D
15:00:00,ICBP,RG,8150,2,F,ZP,CC,D
15:00:00,ICBP,RG,8150,4,F,ZP,PD,D
15:00:00,ICBP,RG,8150,1,F,ZP,CC,D
15:00:00,ICBP,RG,8150,1,F,ZP,KK,D
15:00:00,ICBP,RG,8150,4,F,ZP,YP,D
15:00:00,ICBP,RG,8150,5,F,ZP,YP,D
15:00:00,ICBP,RG,8150,5,F,ZP,YP,D
15:00:00,ICBP,RG,8150,5,F,ZP,YP,D
15:00:00,ICBP,RG,8150,36,F,ZP,YP,D
15:00:00,ICBP,RG,8150,1,F,ZP,KK,D
15:00:00,ICBP,RG,8150,3,F,ZP,XL,D
15:00:00,ICBP,RG,8150,2,F,ZP,YP,D
15:00:00,ICBP,RG,8150,2,F,ZP,YP,D
15:00:00,ICBP,RG,8150,2,F,ZP,YP,D
15:00:00,ICBP,RG,8150,2,F,ZP,YP,D
15:00:00,ICBP,RG,8150,2,F,ZP,YP,D
15:00:00,ICBP,RG,8150,2,F,ZP,YP,D
15:00:00,ICBP,RG,8150,1,F,ZP,YU,D
15:00:00,ICBP,RG,8150,1,F,ZP,PD,D
15:00:00,ICBP,RG,8150,4,F,ZP,GR,D
15:00:00,ICBP,RG,8150,1,F,ZP,YP,D
15:00:00,ICBP,RG,8150,3,F,ZP,PD,D
15:00:00,ICBP,RG,8150,3,F,ZP,PD,D
15:00:00,ICBP,RG,8150,1,F,ZP,KK,D
15:00:00,ICBP,RG,8150,54,F,ZP,KZ,F
15:00:00,ICBP,RG,8150,8,D,YP,KZ,F
15:00:00,ICBP,RG,8150,1,D,CC,KZ,F
15:00:00,ICBP,RG,8150,575,F,YU,KZ,F
15:00:00,ICBP,RG,8150,35,F,ZP,KZ,F
15:00:00,ICBP,RG,8150,21,F,BK,KZ,F
15:00:00,ICBP,RG,8150,22,F,BK,KZ,D
15:00:00,ICBP,RG,8150,127,F,YU,KZ,D
15:00:00,ICBP,RG,8150,388,F,YU,BK,F
15:00:00,ICBP,RG,8150,45,F,AK,BK,F
15:00:00,ICBP,RG,8150,2,F,AK,BK,F
15:00:00,ICBP,RG,8150,18,F,AK,BK,F
15:00:00,ICBP,RG,8150,8,F,AK,BK,F
15:00:00,ICBP,RG,8150,2,F,AK,BK,F
15:00:00,ICBP,RG,8150,93,D,OD,BK,F
15:00:00,ICBP,RG,8150,64,D,OD,BK,F
15:00:00,ICBP,RG,8150,1,D,CC,BK,F
15:00:00,ICBP,RG,8150,94,D,CC,ZP,F
15:00:00,ICBP,RG,8150,80,D,CC,ZP,F
15:00:00,ICBP,RG,8150,1,D,CC,ZP,F
15:00:00,ICBP,RG,8150,20,D,LG,ZP,F
15:00:00,ICBP,RG,8150,2,D,LG,RX,D
15:00:00,ICBP,RG,8150,8,D,LG,RX,F
14:49:46,ICBP,RG,8125,1,F,AK,YP,D
14:49:31,ICBP,RG,8125,1,F,AK,YP,D
14:49:21,ICBP,RG,8125,1,F,KZ,YP,D
14:49:20,ICBP,RG,8125,10,D,YP,YP,D
14:49:19,ICBP,RG,8125,1,F,KZ,YP,D
14:49:18,ICBP,RG,8175,23,F,KZ,YP,D
14:49:17,ICBP,RG,8175,196,D,BB,YP,D
14:49:16,ICBP,RG,8175,7,F,KZ,YP,D
14:49:14,ICBP,RG,8175,67,D,BB,YP,D
14:49:14,ICBP,RG,8175,2,D,BB,XC,D
14:49:14,ICBP,RG,8175,4,F,KZ,XC,D
14:49:11,ICBP,RG,8175,4,D,BB,XC,D
14:49:11,ICBP,RG,8175,2,D,BB,AI,D
14:49:11,ICBP,RG,8125,27,D,BB,YP,D
14:49:11,ICBP,RG,8125,9,D,BB,YP,D
14:49:11,ICBP,RG,8125,2,F,KZ,YP,D
14:49:11,ICBP,RG,8125,12,D,BB,YP,D
14:49:10,ICBP,RG,8175,5,F,KZ,NI,D
14:49:09,ICBP,RG,8150,40,D,BB,DH,D
14:49:08,ICBP,RG,8175,2,F,KZ,NI,D
14:49:07,ICBP,RG,8175,5,F,KZ,NI,D
14:49:07,ICBP,RG,8175,1,D,BB,NI,D
14:49:07,ICBP,RG,8175,25,D,BB,NI,D
14:49:06,ICBP,RG,8175,39,D,BB,NI,D
14:49:06,ICBP,RG,8175,1,F,KZ,NI,D
14:49:05,ICBP,RG,8175,9,D,BB,NI,D
14:49:05,ICBP,RG,8175,3,D,BB,PC,D
14:49:05,ICBP,RG,8175,3,F,BK,SQ,D
14:49:00,ICBP,RG,8175,1,F,KZ,SQ,D
14:48:59,ICBP,RG,8150,4,F,BK,AT,D
14:48:55,ICBP,RG,8175,3,F,KZ,SQ,D
14:48:54,ICBP,RG,8175,3,D,BB,SQ,D
14:48:54,ICBP,RG,8175,10,D,BB,PD,D
14:48:54,ICBP,RG,8175,1,D,BB,SQ,D
14:48:53,ICBP,RG,8150,6,D,BB,YP,D
14:48:53,ICBP,RG,8150,5,D,BB,XC,D
14:48:53,ICBP,RG,8150,1,F,KZ,XC,D
14:48:52,ICBP,RG,8150,1,F,KZ,XC,D
14:48:51,ICBP,RG,8150,4,D,BB,XC,D
14:48:51,ICBP,RG,8150,1,D,BB,PD,D
14:48:51,ICBP,RG,8150,1,D,BB,PD,D
14:48:51,ICBP,RG,8150,6,D,BB,AI,D
14:48:50,ICBP,RG,8150,5,F,KZ,AI,D
14:48:49,ICBP,RG,8150,9,D,BB,AI,D
14:48:49,ICBP,RG,8150,40,D,BB,AI,D
14:48:38,ICBP,RG,8150,1,F,KZ,AI,D
14:48:36,ICBP,RG,8150,4,F,KZ,AI,D
14:48:35,ICBP,RG,8150,10,D,BB,AI,D
14:48:35,ICBP,RG,8150,33,D,BB,AI,D
14:48:22,ICBP,RG,8150,1,F,KZ,AI,D
14:48:20,ICBP,RG,8150,2,F,KZ,AI,D
14:48:19,ICBP,RG,8150,11,D,BB,AI,D
14:48:19,ICBP,RG,8150,22,D,BB,AI,D
14:48:19,ICBP,RG,8150,5,F,KZ,AI,D
14:48:17,ICBP,RG,8150,1,D,YP,AI,D
14:48:17,ICBP,RG,8175,1,F,KZ,SQ,D
14:48:16,ICBP,RG,8150,5,D,YP,YP,D
14:48:16,ICBP,RG,8150,2,D,YP,RX,F
14:48:16,ICBP,RG,8150,1,D,YP,CC,D
14:48:16,ICBP,RG,8150,10,D,YP,PD,D
14:48:16,ICBP,RG,8150,6,D,YP,YP,D
14:48:16,ICBP,RG,8150,15,D,YP,YP,D
14:48:16,ICBP,RG,8150,5,D,YP,DR,D
14:48:16,ICBP,RG,8150,5,D,YP,BK,F
14:48:15,ICBP,RG,8150,1,F,AK,BK,F
14:48:14,ICBP,RG,8150,21,F,KZ,BK,F
14:48:12,ICBP,RG,8150,22,D,BB,BK,F
14:48:11,ICBP,RG,8150,4,F,KZ,BK,F
14:48:11,ICBP,RG,8150,1,F,KZ,BK,F
14:48:11,ICBP,RG,8150,1,F,KZ,BK,F
14:48:11,ICBP,RG,8150,2,F,KZ,BK,F
14:48:11,ICBP,RG,8150,1,F,KZ,BK,F
14:48:11,ICBP,RG,8150,2,F,KZ,BK,F
14:48:11,ICBP,RG,8150,1,F,KZ,BK,F
14:48:11,ICBP,RG,8150,2,F,KZ,BK,F
14:48:08,ICBP,RG,8150,15,D,BB,BK,F
14:48:06,ICBP,RG,8150,2,D,XC,BK,F
14:48:03,ICBP,RG,8150,36,D,BB,BK,F
14:48:03,ICBP,RG,8150,1,D,BB,XC,D
14:48:03,ICBP,RG,8150,6,D,BB,XC,D
14:48:03,ICBP,RG,8150,46,D,BB,PD,D
14:48:01,ICBP,RG,8150,8,F,AK,PD,D
14:47:52,ICBP,RG,8150,36,D,BB,PD,D
14:47:46,ICBP,RG,8150,1,F,AK,PD,D
14:47:42,ICBP,RG,8150,9,D,BB,PD,D
14:47:42,ICBP,RG,8150,2,D,BB,YP,D
14:47:42,ICBP,RG,8150,2,D,BB,YP,D
14:47:42,ICBP,RG,8150,2,D,BB,YP,D
14:47:42,ICBP,RG,8150,2,D,BB,YP,D
14:47:42,ICBP,RG,8150,2,D,BB,YP,D
14:47:42,ICBP,RG,8150,2,D,BB,YP,D
14:47:42,ICBP,RG,8150,25,D,BB,LG,D
14:47:42,ICBP,RG,8150,10,D,BB,YP,D
14:47:42,ICBP,RG,8150,2,D,BB,YP,D
14:47:42,ICBP,RG,8150,2,D,BB,YP,D
14:47:42,ICBP,RG,8150,2,D,BB,YP,D
14:47:42,ICBP,RG,8150,1,D,BB,YP,D
14:47:40,ICBP,RG,8150,1,D,PD,YP,D
14:47:32,ICBP,RG,8125,108,F,KZ,KZ,D
14:47:32,ICBP,RG,8125,11,F,KZ,KZ,D
14:47:32,ICBP,RG,8125,16,F,KZ,KZ,D
14:47:32,ICBP,RG,8125,65,F,KZ,KZ,D
14:47:32,ICBP,RG,8125,7,F,KZ,KZ,D
14:47:32,ICBP,RG,8125,4,F,KZ,KZ,D
14:47:32,ICBP,RG,8125,100,F,KZ,PD,D
14:47:32,ICBP,RG,8125,12,F,KZ,CC,D
14:47:32,ICBP,RG,8125,5,F,KZ,AT,D
14:47:32,ICBP,RG,8125,3,F,KZ,RX,F
14:47:32,ICBP,RG,8125,5,F,KZ,EP,D
14:47:32,ICBP,RG,8125,204,F,KZ,LG,D
14:47:27,ICBP,RG,8100,3,D,BB,SQ,D
14:47:10,ICBP,RG,8125,12,F,KZ,LG,D
14:47:10,ICBP,RG,8125,2,F,KZ,LG,D
14:47:10,ICBP,RG,8125,3,F,KZ,LG,D
14:47:10,ICBP,RG,8125,4,F,KZ,LG,D
14:47:06,ICBP,RG,8100,11,D,BB,YP,D
14:47:06,ICBP,RG,8100,3,F,BK,YP,D
14:47:06,ICBP,RG,8100,86,D,BB,YP,D
14:47:02,ICBP,RG,8125,1,F,KZ,LG,D
14:47:02,ICBP,RG,8125,8,F,BK,LG,D
14:47:01,ICBP,RG,8125,4,F,AK,LG,D
14:47:00,ICBP,RG,8125,50,D,BB,LG,D
14:46:59,ICBP,RG,8100,3,D,BB,KZ,D
14:46:49,ICBP,RG,8100,4,D,BB,KZ,D
14:46:48,ICBP,RG,8100,20,D,BB,KZ,D
14:46:48,ICBP,RG,8100,6,D,BB,KZ,D
14:46:45,ICBP,RG,8125,1,F,AK,LG,D
14:46:44,ICBP,RG,8100,1,D,BB,KZ,D
14:46:44,ICBP,RG,8100,8,D,BB,KZ,D
14:46:44,ICBP,RG,8100,33,D,BB,KZ,D
14:46:44,ICBP,RG,8100,5,D,BB,KZ,D
14:46:44,ICBP,RG,8100,10,D,DR,KZ,D
14:46:44,ICBP,RG,8100,10,D,PD,KZ,D
14:46:44,ICBP,RG,8100,1,D,YP,KZ,D
14:46:44,ICBP,RG,8100,9,F,KZ,KZ,D
14:46:44,ICBP,RG,8100,3,F,KZ,KZ,D
14:46:44,ICBP,RG,8100,1,D,XC,KZ,D
14:46:44,ICBP,RG,8100,1,D,NI,KZ,D
14:46:44,ICBP,RG,8100,1,F,KZ,KZ,D
14:46:44,ICBP,RG,8100,6,F,KZ,KZ,D
14:46:40,ICBP,RG,8125,1,D,BB,LG,D
14:46:22,ICBP,RG,8125,1,F,KZ,LG,D
14:46:21,ICBP,RG,8125,8,D,BB,LG,D
14:46:21,ICBP,RG,8125,4,D,BB,KZ,D
14:46:21,ICBP,RG,8125,36,D,BB,LG,D
14:46:10,ICBP,RG,8125,14,F,KZ,LG,D
14:46:10,ICBP,RG,8125,26,D,BB,LG,D
14:46:10,ICBP,RG,8125,5,F,KZ,LG,D
14:46:09,ICBP,RG,8125,53,D,BB,LG,D
14:46:00,ICBP,RG,8125,24,F,KZ,LG,D
14:46:00,ICBP,RG,8125,9,F,KZ,LG,D
14:46:00,ICBP,RG,8125,1,F,KZ,LG,D
14:46:00,ICBP,RG,8125,1,F,KZ,LG,D
14:45:59,ICBP,RG,8125,3,F,KZ,LG,D
14:45:59,ICBP,RG,8125,27,D,BB,LG,D
14:45:42,ICBP,RG,8125,8,F,BK,LG,D
14:45:40,ICBP,RG,8125,5,F,KZ,LG,D
14:45:40,ICBP,RG,8125,4,F,KZ,LG,D
14:45:40,ICBP,RG,8125,1,F,KZ,LG,D
14:45:40,ICBP,RG,8125,3,F,KZ,LG,D
14:45:39,ICBP,RG,8125,29,D,BB,LG,D
14:45:39,ICBP,RG,8125,61,D,BB,LG,D
14:45:39,ICBP,RG,8125,44,D,BB,LG,D
14:45:27,ICBP,RG,8100,2,F,KZ,YP,D
14:45:16,ICBP,RG,8125,5,D,XC,LG,D
14:45:14,ICBP,RG,8125,33,D,BB,LG,D
14:45:01,ICBP,RG,8125,23,F,KZ,LG,D
14:45:00,ICBP,RG,8125,194,D,BB,LG,D
14:45:00,ICBP,RG,8125,48,D,BB,LG,D
14:44:58,ICBP,RG,8125,201,D,SQ,LG,D
14:44:58,ICBP,RG,8125,120,D,SQ,LG,D
14:44:58,ICBP,RG,8125,40,D,SQ,LG,D
14:44:58,ICBP,RG,8125,1,D,SQ,LG,D
14:44:54,ICBP,RG,8125,28,D,DX,LG,D
14:44:54,ICBP,RG,8125,1,D,DX,LG,D
14:44:54,ICBP,RG,8125,68,D,DX,LG,D
14:44:52,ICBP,RG,8100,7,F,KZ,YP,D
14:44:52,ICBP,RG,8100,8,F,KZ,YP,D
14:44:52,ICBP,RG,8100,1,D,KK,YP,D
14:44:52,ICBP,RG,8100,1,D,PD,YP,D
14:44:52,ICBP,RG,8100,13,D,XC,YP,D
14:44:52,ICBP,RG,8100,1,D,PD,YP,D
14:44:52,ICBP,RG,8100,2,D,YP,YP,D
14:44:52,ICBP,RG,8100,1,D,CC,YP,D
14:44:52,ICBP,RG,8100,25,D,PF,YP,D
14:44:52,ICBP,RG,8100,3,D,PD,YP,D
14:44:52,ICBP,RG,8100,4,D,SQ,YP,D
14:44:46,ICBP,RG,8125,6,D,BB,LG,D
14:44:36,ICBP,RG,8100,7,D,SQ,PD,D
14:44:27,ICBP,RG,8125,52,D,BB,LG,D
14:44:27,ICBP,RG,8125,80,D,BB,LG,D
14:44:24,ICBP,RG,8125,1,F,YP,LG,D
14:44:20,ICBP,RG,8125,1,D,XA,LG,D
14:44:20,ICBP,RG,8125,2,F,KZ,LG,D
14:44:20,ICBP,RG,8125,1,F,BK,LG,D
14:44:20,ICBP,RG,8125,64,D,BB,LG,D
14:44:20,ICBP,RG,8125,10,D,KK,LG,D
14:44:20,ICBP,RG,8125,10,D,CC,LG,D
14:44:20,ICBP,RG,8125,25,D,YP,LG,D
14:44:20,ICBP,RG,8125,10,D,DR,LG,D
14:44:20,ICBP,RG,8125,2,F,AK,LG,D
14:44:20,ICBP,RG,8125,1,F,AK,LG,D
14:44:20,ICBP,RG,8125,28,F,KZ,LG,D
14:44:20,ICBP,RG,8125,26,D,BB,LG,D
14:44:20,ICBP,RG,8125,42,D,BB,LG,D
14:44:19,ICBP,RG,8125,2,D,BB,LG,D
14:44:19,ICBP,RG,8125,1,F,KZ,LG,D
14:44:19,ICBP,RG,8125,1,D,YP,LG,D
14:44:19,ICBP,RG,8125,2,F,KZ,LG,D
14:44:19,ICBP,RG,8125,14,F,KZ,LG,D
14:44:19,ICBP,RG,8125,117,D,YU,LG,D
14:44:16,ICBP,RG,8150,2,D,CC,LG,D
14:44:08,ICBP,RG,8150,4,D,BB,LG,D
14:43:56,ICBP,RG,8125,4,D,YU,CC,D
14:43:55,ICBP,RG,8125,4,D,YU,CC,D
14:43:55,ICBP,RG,8125,1,F,KZ,CC,D
14:43:54,ICBP,RG,8125,4,F,KZ,CC,D
14:43:54,ICBP,RG,8125,6,F,KZ,CC,D
14:43:46,ICBP,RG,8150,25,D,BB,LG,D
14:43:38,ICBP,RG,8150,2,D,CC,LG,D
14:43:34,ICBP,RG,8150,41,D,BB,LG,D
14:43:30,ICBP,RG,8150,2,F,AK,LG,D
14:43:27,ICBP,RG,8150,1,D,YP,LG,D
14:43:18,ICBP,RG,8150,1,F,BK,LG,D
14:43:18,ICBP,RG,8150,7,F,KZ,LG,D
14:43:18,ICBP,RG,8150,4,F,KZ,LG,D
14:43:18,ICBP,RG,8150,1,F,BK,LG,D
14:43:18,ICBP,RG,8150,14,F,KZ,LG,D
14:43:18,ICBP,RG,8150,15,F,KZ,LG,D
14:43:18,ICBP,RG,8150,10,F,CS,LG,D
14:43:18,ICBP,RG,8150,8,D,BB,LG,D
14:43:18,ICBP,RG,8150,19,F,KZ,LG,D
14:43:18,ICBP,RG,8150,18,D,BB,LG,D
14:43:18,ICBP,RG,8150,32,D,BB,LG,D
14:43:14,ICBP,RG,8150,5,D,BB,PD,D
14:43:02,ICBP,RG,8150,1,D,BB,DH,D
14:42:57,ICBP,RG,8150,3,D,BB,CC,D
14:42:55,ICBP,RG,8175,59,D,BB,LG,D
14:42:55,ICBP,RG,8175,33,D,BB,LG,D
14:42:50,ICBP,RG,8150,3,D,BB,CC,D
14:42:43,ICBP,RG,8175,7,D,BB,LG,D
14:42:43,ICBP,RG,8175,29,D,BB,LG,D
14:42:43,ICBP,RG,8175,10,D,BB,CC,D
14:42:43,ICBP,RG,8150,2,D,BB,YB,D
14:42:41,ICBP,RG,8150,31,D,BB,KZ,D
14:42:40,ICBP,RG,8150,2,D,BB,KZ,D
14:42:40,ICBP,RG,8150,1,D,BB,KZ,D
14:42:40,ICBP,RG,8150,7,D,BB,KZ,D
14:42:40,ICBP,RG,8150,27,D,BB,KZ,D
14:42:40,ICBP,RG,8150,3,F,KZ,KZ,D
14:42:40,ICBP,RG,8150,13,F,KZ,KZ,D
14:42:40,ICBP,RG,8150,7,F,CS,KZ,D
14:42:40,ICBP,RG,8150,2,F,CS,KZ,D
14:42:40,ICBP,RG,8150,1,F,CS,KZ,D
14:42:40,ICBP,RG,8150,1,D,CC,KZ,D
14:42:39,ICBP,RG,8150,1,D,CC,KK,D
14:42:39,ICBP,RG,8150,2,F,KZ,KK,D
14:42:39,ICBP,RG,8150,10,D,CC,KK,D
14:42:39,ICBP,RG,8150,13,F,KZ,KK,D
14:42:39,ICBP,RG,8150,114,D,DX,KK,D
14:42:39,ICBP,RG,8150,1,F,KZ,KK,D
14:42:39,ICBP,RG,8150,10,D,CC,KK,D
14:42:39,ICBP,RG,8150,1,F,KZ,KK,D
14:42:39,ICBP,RG,8150,8,D,BB,KK,D
14:42:39,ICBP,RG,8150,1,F,KZ,KK,D
14:42:39,ICBP,RG,8150,1,F,KZ,KK,D
14:42:39,ICBP,RG,8150,1,F,KZ,KK,D
14:42:39,ICBP,RG,8150,11,F,KZ,KK,D
14:42:39,ICBP,RG,8150,1,F,KZ,KK,D
14:42:38,ICBP,RG,8175,18,D,BB,CC,D
14:42:35,ICBP,RG,8150,1,F,KZ,YB,D
14:42:35,ICBP,RG,8150,1,F,KZ,YB,D
14:42:35,ICBP,RG,8150,12,F,KZ,YB,D
14:42:35,ICBP,RG,8150,6,F,BK,YB,D
14:42:35,ICBP,RG,8150,2,F,KZ,YB,D
14:42:35,ICBP,RG,8150,3,D,KK,YB,D
14:42:33,ICBP,RG,8175,2,D,BB,CC,D
14:42:33,ICBP,RG,8150,2,D,KK,LG,D
14:42:17,ICBP,RG,8150,3,D,KK,XA,D
14:42:15,ICBP,RG,8175,2,D,BB,CC,D
14:42:15,ICBP,RG,8175,1,D,BB,OD,D
14:42:15,ICBP,RG,8175,1,D,BB,YP,D
14:42:15,ICBP,RG,8175,3,D,BB,XC,D
14:42:10,ICBP,RG,8150,1,D,KK,NI,D
14:42:06,ICBP,RG,8150,1,D,KK,CC,D
14:42:06,ICBP,RG,8150,4,F,CS,CC,D
14:42:06,ICBP,RG,8150,4,F,CS,YP,D
14:42:06,ICBP,RG,8150,1,F,KZ,YP,D
14:41:56,ICBP,RG,8175,17,D,BB,XC,D
14:41:56,ICBP,RG,8175,5,D,BB,CC,D
14:41:56,ICBP,RG,8175,1,D,BB,XC,D
14:41:56,ICBP,RG,8175,10,D,BB,CC,D
14:41:50,ICBP,RG,8150,2,F,KZ,LG,D
14:41:48,ICBP,RG,8175,20,D,BB,PD,D
14:41:48,ICBP,RG,8175,27,D,BB,TF,D
14:41:38,ICBP,RG,8175,1,D,BB,TF,D
14:41:35,ICBP,RG,8175,1,D,HP,TF,D
14:41:31,ICBP,RG,8175,5,D,BB,TF,D
14:41:15,ICBP,RG,8175,1,F,AK,TF,D
14:41:14,ICBP,RG,8150,5,F,KZ,PD,D
14:41:03,ICBP,RG,8175,13,D,BB,TF,D
14:40:59,ICBP,RG,8175,19,D,BB,TF,D
14:40:57,ICBP,RG,8175,33,D,BB,TF,D
14:40:57,ICBP,RG,8175,5,D,BB,PD,D
14:40:57,ICBP,RG,8175,2,D,BB,XC,D
14:40:57,ICBP,RG,8175,1,D,BB,NI,D
14:40:57,ICBP,RG,8175,1,D,BB,NI,D
14:40:57,ICBP,RG,8175,3,D,BB,YP,D
14:40:57,ICBP,RG,8175,9,D,BB,XC,D
14:40:57,ICBP,RG,8175,1,D,BB,NI,D
14:40:57,ICBP,RG,8175,5,D,BB,PD,D
14:40:57,ICBP,RG,8175,1,D,BB,TF,D
14:40:57,ICBP,RG,8175,50,D,BB,SQ,D
14:40:57,ICBP,RG,8175,1,D,BB,PD,D
14:40:57,ICBP,RG,8175,1,D,BB,YP,D
14:40:57,ICBP,RG,8175,2,D,BB,YP,D
14:40:57,ICBP,RG,8175,10,D,BB,XL,D
14:40:57,ICBP,RG,8175,2,D,BB,YP,D
14:40:57,ICBP,RG,8175,2,D,BB,BQ,D
14:40:57,ICBP,RG,8175,2,D,BB,YU,D
14:40:57,ICBP,RG,8175,2,D,BB,YP,D
14:40:57,ICBP,RG,8175,2,D,BB,YU,D
14:40:57,ICBP,RG,8175,6,D,BB,KK,D
14:40:57,ICBP,RG,8175,2,D,BB,XC,D
14:40:57,ICBP,RG,8175,6,D,BB,NI,D
14:40:57,ICBP,RG,8175,2,D,BB,YP,D
14:40:57,ICBP,RG,8175,3,D,BB,CC,D
14:40:57,ICBP,RG,8175,1,D,BB,PD,D
14:40:57,ICBP,RG,8175,1,D,BB,KK,D
14:40:57,ICBP,RG,8175,1,D,BB,YP,D
14:40:57,ICBP,RG,8175,1,D,BB,NI,D
14:40:57,ICBP,RG,8175,6,D,BB,XL,D
14:40:57,ICBP,RG,8175,2,D,BB,NI,D
14:40:57,ICBP,RG,8175,10,D,BB,NI,D
14:40:57,ICBP,RG,8175,5,D,BB,CC,D
14:40:57,ICBP,RG,8175,1,D,BB,YP,D
14:40:57,ICBP,RG,8175,1,D,BB,OD,F
14:40:57,ICBP,RG,8175,100,D,BB,PD,D
14:40:57,ICBP,RG,8175,1,D,BB,XC,D
14:40:57,ICBP,RG,8175,15,D,BB,KK,D
14:40:57,ICBP,RG,8175,3,D,BB,NI,D
14:40:57,ICBP,RG,8175,106,D,BB,NI,D
14:40:44,ICBP,RG,8150,4,F,KZ,CC,D
14:40:43,ICBP,RG,8150,2,D,BB,CC,D
14:40:43,ICBP,RG,8150,8,D,BB,CC,D
14:40:42,ICBP,RG,8150,1,D,BB,CC,D
14:40:42,ICBP,RG,8150,4,D,BB,CC,D
14:40:42,ICBP,RG,8150,1,F,KZ,CC,D
14:40:41,ICBP,RG,8150,83,D,BB,YU,D
14:40:41,ICBP,RG,8150,7,F,CS,YU,D
14:40:41,ICBP,RG,8150,4,F,CS,YU,D
14:40:41,ICBP,RG,8150,58,F,KZ,YU,D
14:40:41,ICBP,RG,8150,1,D,PD,YU,D
14:40:41,ICBP,RG,8150,1,F,KZ,YU,D
14:40:41,ICBP,RG,8150,33,D,BB,YU,D
14:40:41,ICBP,RG,8150,3,F,KZ,YU,D
14:40:41,ICBP,RG,8150,1,F,KZ,YU,D
14:40:41,ICBP,RG,8150,5,F,KZ,YU,D
14:40:41,ICBP,RG,8150,1,F,KZ,YU,D
14:40:41,ICBP,RG,8150,3,F,KZ,YU,D
14:40:35,ICBP,RG,8150,13,F,KZ,YU,D
14:40:35,ICBP,RG,8150,13,F,BK,YU,D
14:40:35,ICBP,RG,8150,12,F,CS,YU,D
14:40:35,ICBP,RG,8150,92,D,DX,YU,D
14:40:30,ICBP,RG,8175,2,F,KZ,NI,D
14:40:30,ICBP,RG,8175,1,F,KZ,NI,D
14:40:30,ICBP,RG,8175,3,F,KZ,NI,D
14:40:30,ICBP,RG,8175,1,F,KZ,NI,D
14:40:29,ICBP,RG,8175,10,D,BB,NI,D
14:40:20,ICBP,RG,8175,11,D,BB,NI,D
14:40:20,ICBP,RG,8175,1,D,BB,DH,D
14:40:20,ICBP,RG,8175,13,D,BB,PD,D
14:40:20,ICBP,RG,8175,18,D,BB,NI,D
14:40:20,ICBP,RG,8175,5,D,BB,PD,D
14:40:20,ICBP,RG,8175,6,D,BB,NI,D
14:40:20,ICBP,RG,8175,6,D,BB,SQ,D
14:40:17,ICBP,RG,8175,8,F,BK,SQ,D
14:40:17,ICBP,RG,8150,10,D,DX,YP,D
14:40:16,ICBP,RG,8150,5,D,DX,YP,D
14:40:06,ICBP,RG,8175,41,D,BB,SQ,D
14:40:06,ICBP,RG,8175,8,D,BB,NI,D
14:40:04,ICBP,RG,8175,2,D,BB,NI,D
14:40:04,ICBP,RG,8175,3,D,BB,CC,D
14:40:04,ICBP,RG,8175,4,D,BB,YP,D
14:40:04,ICBP,RG,8150,5,D,DX,XA,D
14:40:02,ICBP,RG,8175,9,D,BB,YP,D
14:39:49,ICBP,RG,8175,10,D,BB,YP,D
14:39:40,ICBP,RG,8175,1,D,BB,YP,D
14:39:40,ICBP,RG,8175,8,D,BB,DH,D
14:39:30,ICBP,RG,8175,2,D,BB,DH,D
14:39:30,ICBP,RG,8175,1,D,BB,PD,D
14:39:30,ICBP,RG,8175,10,D,BB,YP,D
14:39:30,ICBP,RG,8175,11,D,BB,XC,D
14:39:30,ICBP,RG,8175,1,D,BB,AZ,D
14:39:30,ICBP,RG,8175,14,D,BB,YU,D
14:39:16,ICBP,RG,8175,17,D,BB,YU,D
14:39:16,ICBP,RG,8175,69,D,BB,YU,D
14:39:16,ICBP,RG,8175,1,D,BB,GR,D
14:39:16,ICBP,RG,8175,2,D,BB,NI,D
14:39:16,ICBP,RG,8175,3,D,BB,PD,D
14:39:16,ICBP,RG,8175,50,D,BB,YP,D
14:39:16,ICBP,RG,8175,10,D,BB,YP,D
14:39:16,ICBP,RG,8175,10,D,BB,CC,D
14:39:16,ICBP,RG,8175,8,D,BB,XC,D
14:39:16,ICBP,RG,8175,25,D,BB,NI,D
14:39:16,ICBP,RG,8175,1,D,BB,YU,D
14:39:16,ICBP,RG,8175,1,D,BB,AZ,D
14:39:16,ICBP,RG,8175,20,D,BB,KK,D
14:39:16,ICBP,RG,8175,1,D,BB,KZ,D
14:39:16,ICBP,RG,8175,2,D,BB,SQ,D
14:39:16,ICBP,RG,8175,10,D,BB,PD,D
14:39:16,ICBP,RG,8175,2,D,BB,PD,D
14:39:16,ICBP,RG,8175,1,D,BB,CC,D
14:39:16,ICBP,RG,8175,1,D,BB,KK,D
14:39:16,ICBP,RG,8175,16,D,BB,XC,D
14:39:16,ICBP,RG,8175,1,D,BB,CC,D
14:39:16,ICBP,RG,8175,2,D,BB,KZ,D
14:39:16,ICBP,RG,8175,1,D,BB,XL,D
14:39:16,ICBP,RG,8175,2,D,BB,YP,D
14:39:16,ICBP,RG,8175,2,D,BB,KK,D
14:39:16,ICBP,RG,8175,1,D,BB,YP,D
14:39:16,ICBP,RG,8175,1,D,BB,PD,D
14:39:16,ICBP,RG,8175,1,D,BB,XL,D
14:39:16,ICBP,RG,8175,1,D,BB,XC,D
14:39:16,ICBP,RG,8175,13,D,BB,YP,D
14:39:16,ICBP,RG,8175,1,D,BB,YP,D
14:39:16,ICBP,RG,8175,8,D,BB,XC,D
14:39:16,ICBP,RG,8175,5,D,BB,NI,D
14:39:16,ICBP,RG,8175,49,D,BB,PD,D
14:39:16,ICBP,RG,8150,4,D,BB,XC,D
14:39:16,ICBP,RG,8150,2,D,BB,YP,D
14:39:16,ICBP,RG,8150,2,D,BB,YP,D
14:39:16,ICBP,RG,8150,2,D,BB,YP,D
14:39:16,ICBP,RG,8150,2,D,BB,YP,D
14:39:15,ICBP,RG,8150,8,D,BB,YP,D
14:39:15,ICBP,RG,8150,20,D,BB,PD,D
14:39:13,ICBP,RG,8150,1,F,KZ,PD,D
14:39:11,ICBP,RG,8150,30,F,KZ,PD,D
14:39:11,ICBP,RG,8150,20,F,KZ,YP,D
14:39:10,ICBP,RG,8150,5,F,KZ,YP,D
14:39:10,ICBP,RG,8150,2,F,KZ,ZP,D
14:39:10,ICBP,RG,8150,1,F,KZ,ZP,D
14:39:10,ICBP,RG,8150,2,F,KZ,ZP,D
14:39:10,ICBP,RG,8150,2,F,KZ,ZP,D
14:39:03,ICBP,RG,8150,13,D,SQ,ZP,D
14:39:03,ICBP,RG,8150,4,D,SQ,SQ,D
14:39:03,ICBP,RG,8150,5,D,SQ,YP,D
14:39:03,ICBP,RG,8150,4,D,SQ,CC,D
14:39:03,ICBP,RG,8150,24,D,SQ,KZ,D
14:39:03,ICBP,RG,8150,7,D,SQ,KZ,D
14:39:03,ICBP,RG,8150,57,D,SQ,IP,D
14:39:03,ICBP,RG,8150,1,D,SQ,GR,D
14:39:03,ICBP,RG,8150,2,D,SQ,KZ,D
14:39:03,ICBP,RG,8150,43,D,SQ,KZ,D
14:39:03,ICBP,RG,8150,4,D,SQ,KZ,D
14:39:03,ICBP,RG,8150,1,D,SQ,PD,D
14:39:03,ICBP,RG,8150,40,D,SQ,CC,D
14:39:03,ICBP,RG,8150,8,D,SQ,CC,D
14:39:03,ICBP,RG,8150,5,D,SQ,YP,D
14:39:03,ICBP,RG,8150,20,D,SQ,NI,D
14:39:03,ICBP,RG,8150,1,D,SQ,KZ,D
14:39:03,ICBP,RG,8150,2,D,SQ,PD,D
14:39:03,ICBP,RG,8150,1,D,SQ,YP,D
14:39:03,ICBP,RG,8150,2,D,SQ,YP,D
14:39:03,ICBP,RG,8150,2,D,SQ,YP,D
14:39:03,ICBP,RG,8150,2,D,SQ,YP,D
14:39:03,ICBP,RG,8150,2,D,SQ,YP,D
14:39:03,ICBP,RG,8150,2,D,SQ,YP,D
14:39:03,ICBP,RG,8150,1,D,SQ,NI,D
14:39:03,ICBP,RG,8150,2,D,SQ,YP,D
14:39:03,ICBP,RG,8150,2,D,SQ,YP,D
14:39:03,ICBP,RG,8150,2,D,SQ,YP,D
14:39:03,ICBP,RG,8150,2,D,SQ,YP,D
14:39:03,ICBP,RG,8150,130,D,SQ,ZP,D
14:39:03,ICBP,RG,8150,2,D,SQ,YP,D
14:39:03,ICBP,RG,8150,2,D,SQ,YP,D
14:39:03,ICBP,RG,8150,10,D,SQ,PD,D
14:39:03,ICBP,RG,8150,10,D,SQ,CC,D
14:39:03,ICBP,RG,8150,1,D,SQ,XL,D
14:39:03,ICBP,RG,8150,10,D,SQ,KK,D
14:39:03,ICBP,RG,8150,5,D,SQ,SQ,D
14:39:01,ICBP,RG,8150,2,D,BB,KZ,D
14:39:01,ICBP,RG,8150,5,D,BB,KZ,D
14:39:01,ICBP,RG,8150,2,D,BB,CC,D
14:39:00,ICBP,RG,8150,2,D,AK,CC,D
14:39:00,ICBP,RG,8150,2,D,AK,CC,D
14:39:00,ICBP,RG,8150,1,D,AK,CC,D
14:39:00,ICBP,RG,8150,3,D,AK,KZ,D
14:38:52,ICBP,RG,8150,19,D,BB,KZ,D
14:38:52,ICBP,RG,8150,15,D,BB,KZ,D
14:38:50,ICBP,RG,8150,8,F,KZ,KZ,D
14:38:50,ICBP,RG,8150,1,F,KZ,KZ,D
14:38:50,ICBP,RG,8150,1,F,KZ,KZ,D
14:38:50,ICBP,RG,8150,5,F,KZ,KZ,D
14:38:46,ICBP,RG,8150,23,F,AK,KZ,D
14:38:45,ICBP,RG,8150,43,D,BB,KZ,D
14:38:41,ICBP,RG,8150,41,D,AK,KZ,D
14:38:41,ICBP,RG,8150,9,D,AK,KZ,D
14:38:41,ICBP,RG,8150,5,D,AK,KZ,D
14:38:40,ICBP,RG,8150,5,F,KZ,KZ,D
14:38:40,ICBP,RG,8150,4,F,KZ,KZ,D
14:38:40,ICBP,RG,8150,1,F,KZ,KZ,D
14:38:40,ICBP,RG,8150,1,F,KZ,KZ,D
14:38:29,ICBP,RG,8150,5,D,BB,KZ,D
14:38:29,ICBP,RG,8150,22,D,BB,KZ,D
14:38:29,ICBP,RG,8150,16,D,BB,KZ,D
14:38:27,ICBP,RG,8150,5,D,AK,KZ,D
14:38:27,ICBP,RG,8150,25,D,YP,KZ,D
14:38:16,ICBP,RG,8125,4,D,BB,CC,D
14:38:16,ICBP,RG,8150,11,D,AK,KZ,D
14:38:15,ICBP,RG,8150,38,D,DX,KZ,D
14:38:15,ICBP,RG,8150,11,D,DX,KZ,D
14:38:15,ICBP,RG,8150,2,D,DX,KZ,D
14:38:15,ICBP,RG,8150,34,D,DX,KZ,D
14:38:15,ICBP,RG,8150,2,D,DX,KZ,D
14:38:15,ICBP,RG,8150,1,D,DX,YP,D
14:38:10,ICBP,RG,8150,1,F,KZ,YP,D
14:38:10,ICBP,RG,8150,1,F,KZ,PD,D
14:38:10,ICBP,RG,8150,1,F,KZ,PD,D
14:38:10,ICBP,RG,8150,3,F,KZ,YP,D
14:38:10,ICBP,RG,8150,2,F,KZ,YP,D
14:37:57,ICBP,RG,8150,5,D,AK,YP,D
14:37:57,ICBP,RG,8150,10,D,AK,YU,D
14:37:57,ICBP,RG,8150,2,D,AK,PD,D
14:37:57,ICBP,RG,8150,2,D,AK,CC,F
14:37:39,ICBP,RG,8125,5,D,BB,PD,D
14:37:36,ICBP,RG,8150,43,D,BB,CC,F
14:37:27,ICBP,RG,8150,32,D,AK,CC,F
14:37:07,ICBP,RG,8125,3,D,BB,XC,D
14:37:07,ICBP,RG,8125,8,F,KZ,XC,D
14:37:05,ICBP,RG,8125,4,F,KZ,CC,D
14:36:50,ICBP,RG,8150,16,D,AK,CC,F
14:36:49,ICBP,RG,8150,55,D,BB,CC,F
14:36:46,ICBP,RG,8150,3,F,AK,CC,F
14:36:27,ICBP,RG,8150,32,D,AK,CC,F
14:35:52,ICBP,RG,8150,2,F,KZ,CC,F
14:35:52,ICBP,RG,8150,4,F,KZ,PD,D
14:35:51,ICBP,RG,8150,46,D,BB,PD,D
14:35:51,ICBP,RG,8150,2,F,KZ,PD,D
14:35:51,ICBP,RG,8150,17,D,AK,PD,D
14:35:50,ICBP,RG,8150,2,F,KZ,PD,D
14:35:50,ICBP,RG,8150,1,F,KZ,PD,D
14:35:40,ICBP,RG,8150,1,F,KZ,PD,D
14:35:40,ICBP,RG,8150,1,F,KZ,PD,D
14:35:40,ICBP,RG,8150,1,F,KZ,PD,D
14:35:40,ICBP,RG,8150,2,F,KZ,PD,D
14:35:33,ICBP,RG,8150,20,D,PD,PD,D
14:35:27,ICBP,RG,8150,27,D,AK,PD,D
14:35:20,ICBP,RG,8150,1,D,XC,PD,D
14:35:12,ICBP,RG,8125,3,F,KZ,MG,D
14:35:12,ICBP,RG,8125,1,F,KZ,MG,D
14:35:12,ICBP,RG,8125,4,F,KZ,MG,D
14:35:12,ICBP,RG,8125,22,D,BB,MG,D
14:35:04,ICBP,RG,8175,4,D,BB,PD,D
14:35:04,ICBP,RG,8175,2,D,BB,NI,D
14:35:04,ICBP,RG,8175,5,D,BB,XL,D
14:35:04,ICBP,RG,8175,5,D,BB,SQ,D
14:35:04,ICBP,RG,8175,3,D,BB,SQ,D
14:35:04,ICBP,RG,8175,1,D,BB,SQ,D
14:35:04,ICBP,RG,8175,5,D,BB,CC,D
14:35:04,ICBP,RG,8175,20,D,BB,CC,D
14:35:04,ICBP,RG,8175,4,D,BB,CC,D
14:35:04,ICBP,RG,8175,5,D,BB,CC,D
14:35:04,ICBP,RG,8175,4,D,BB,XL,D
14:35:04,ICBP,RG,8175,1,D,BB,PD,D
14:35:04,ICBP,RG,8175,23,D,BB,XC,D
14:35:04,ICBP,RG,8150,14,D,BB,PS,D
14:35:00,ICBP,RG,8150,1,F,KZ,PS,D
14:34:58,ICBP,RG,8150,1,F,KZ,CC,D
14:34:57,ICBP,RG,8150,2,D,AK,CC,D
14:34:57,ICBP,RG,8150,12,D,AK,RX,F
14:34:57,ICBP,RG,8150,4,D,AK,CC,F
14:34:47,ICBP,RG,8125,1,D,BB,XC,D
14:34:44,ICBP,RG,8150,1,D,BB,CC,F
14:34:44,ICBP,RG,8150,1,D,BB,YP,D
14:34:34,ICBP,RG,8125,1,D,BB,PD,D
14:34:31,ICBP,RG,8150,1,F,KZ,YP,D
14:34:29,ICBP,RG,8150,2,F,KZ,YP,D
14:34:28,ICBP,RG,8150,2,D,BB,YP,D
14:34:28,ICBP,RG,8150,23,D,BB,KZ,D
14:34:28,ICBP,RG,8150,2,D,BB,KZ,D
14:34:22,ICBP,RG,8150,41,F,KZ,BK,F
14:34:21,ICBP,RG,8150,38,D,BB,BK,F
14:34:21,ICBP,RG,8150,5,D,BB,KZ,D
14:34:21,ICBP,RG,8150,38,D,BB,KZ,D
14:34:21,ICBP,RG,8150,5,D,BB,CC,D
14:34:21,ICBP,RG,8150,9,D,BB,CC,D
14:34:21,ICBP,RG,8150,8,D,BB,CC,D
14:34:21,ICBP,RG,8150,2,D,BB,KZ,D
14:34:21,ICBP,RG,8150,120,D,BB,SQ,D
14:34:20,ICBP,RG,8150,1,F,KZ,SQ,D
14:34:20,ICBP,RG,8150,7,F,KZ,SQ,D
14:34:20,ICBP,RG,8150,1,F,KZ,SQ,D
14:34:20,ICBP,RG,8150,48,D,BB,SQ,D
14:34:20,ICBP,RG,8150,4,F,KZ,SQ,D
14:34:20,ICBP,RG,8150,5,F,KZ,SQ,D
14:34:20,ICBP,RG,8150,1,F,KZ,SQ,D
14:34:20,ICBP,RG,8150,13,F,KZ,SQ,D
14:34:20,ICBP,RG,8150,1,F,KZ,SQ,D
14:34:20,ICBP,RG,8150,14,D,AK,SQ,D
14:34:20,ICBP,RG,8150,12,D,AK,SQ,D
14:34:20,ICBP,RG,8150,1,F,KZ,SQ,D
14:34:20,ICBP,RG,8150,1,F,KZ,SQ,D
14:34:20,ICBP,RG,8150,12,F,KZ,SQ,D
14:34:20,ICBP,RG,8150,8,F,BK,SQ,D
14:34:20,ICBP,RG,8150,31,D,DX,SQ,D
14:34:18,ICBP,RG,8175,7,D,BB,XC,D
14:34:18,ICBP,RG,8175,2,D,BB,XC,D
14:34:18,ICBP,RG,8175,7,D,BB,XC,D
14:34:18,ICBP,RG,8175,2,D,BB,XC,D
14:34:18,ICBP,RG,8175,1,D,BB,XC,D
14:34:18,ICBP,RG,8175,15,D,BB,YP,D
14:34:18,ICBP,RG,8175,50,D,BB,CC,D
14:34:18,ICBP,RG,8175,5,D,BB,YP,D
14:34:18,ICBP,RG,8175,19,D,BB,XC,D
14:34:18,ICBP,RG,8175,6,D,BB,YP,D
14:34:18,ICBP,RG,8175,1,D,BB,XC,D
14:34:18,ICBP,RG,8175,6,D,BB,XC,D
14:34:18,ICBP,RG,8175,4,D,BB,XL,D
14:34:18,ICBP,RG,8175,2,D,BB,PD,D
14:34:18,ICBP,RG,8175,1,D,BB,XC,D
14:34:18,ICBP,RG,8175,2,D,BB,PD,D
14:34:18,ICBP,RG,8175,3,D,BB,YP,D
14:34:18,ICBP,RG,8175,1,D,BB,XC,D
14:34:18,ICBP,RG,8175,5,D,BB,XC,D
14:34:18,ICBP,RG,8175,1,D,BB,EP,D
14:34:18,ICBP,RG,8175,1,D,BB,EP,D
14:34:18,ICBP,RG,8175,47,D,BB,XC,D
14:34:01,ICBP,RG,8150,10,D,DX,GR,D
14:33:59,ICBP,RG,8175,1,D,BB,XC,D
14:33:35,ICBP,RG,8175,1,D,BB,XC,D
14:33:35,ICBP,RG,8175,33,D,BB,PD,D
14:33:30,ICBP,RG,8175,2,D,AK,PD,D
14:33:30,ICBP,RG,8175,45,D,AK,PD,D
14:33:30,ICBP,RG,8175,4,D,AK,DX,D
14:33:29,ICBP,RG,8175,47,D,BB,DX,D
14:33:17,ICBP,RG,8150,1,D,DX,PD,D
14:33:16,ICBP,RG,8150,66,D,DX,AI,D
14:33:16,ICBP,RG,8150,2,F,KZ,AI,D
14:33:10,ICBP,RG,8150,2,F,KZ,XC,D
14:33:06,ICBP,RG,8175,1,D,BB,DX,D
14:32:46,ICBP,RG,8175,11,D,BB,DX,D
14:32:43,ICBP,RG,8150,17,F,KZ,YP,D
14:32:35,ICBP,RG,8175,8,D,BB,DX,D
14:32:33,ICBP,RG,8150,2,F,KZ,PD,D
14:32:30,ICBP,RG,8150,4,F,KZ,CC,D
14:32:30,ICBP,RG,8150,6,F,KZ,YP,D
14:32:22,ICBP,RG,8175,85,D,BB,DX,D
14:32:12,ICBP,RG,8175,38,D,DX,DX,D
14:32:12,ICBP,RG,8150,10,D,DX,CC,D
14:32:12,ICBP,RG,8150,1,D,DX,KZ,D
14:32:12,ICBP,RG,8150,10,D,DX,YP,D
14:32:12,ICBP,RG,8150,63,D,DX,LG,D
14:32:11,ICBP,RG,8150,4,F,KZ,LG,D
14:32:10,ICBP,RG,8150,82,D,BB,LG,D
14:32:10,ICBP,RG,8150,35,D,BB,LG,D
14:32:10,ICBP,RG,8150,1,F,KZ,LG,D
14:32:02,ICBP,RG,8150,9,F,KZ,LG,D
14:32:00,ICBP,RG,8150,1,F,KZ,LG,D
14:32:00,ICBP,RG,8150,3,F,KZ,LG,D
14:31:59,ICBP,RG,8150,5,D,BB,LG,D
14:31:58,ICBP,RG,8150,24,D,AK,LG,D
14:31:58,ICBP,RG,8150,8,F,CS,LG,D
14:31:58,ICBP,RG,8150,7,F,CS,LG,D
14:31:58,ICBP,RG,8150,5,F,CS,LG,D
14:31:58,ICBP,RG,8150,9,D,AK,LG,D
14:31:58,ICBP,RG,8150,14,D,AK,LG,D
14:31:58,ICBP,RG,8150,3,F,KZ,LG,D
14:31:58,ICBP,RG,8150,4,F,KZ,LG,D
14:31:58,ICBP,RG,8150,50,D,YP,LG,D
14:31:58,ICBP,RG,8150,6,F,BK,LG,D
14:31:58,ICBP,RG,8150,3,F,BK,LG,D
14:31:58,ICBP,RG,8150,17,F,KZ,LG,D
14:31:57,ICBP,RG,8150,7,F,KZ,LG,D
14:31:57,ICBP,RG,8150,4,F,CS,LG,D
14:31:57,ICBP,RG,8150,1,F,KZ,LG,D
14:31:57,ICBP,RG,8150,1,F,KZ,LG,D
14:31:57,ICBP,RG,8150,1,F,KZ,LG,D
14:31:55,ICBP,RG,8150,2,F,KZ,YP,D
14:31:55,ICBP,RG,8150,2,F,KZ,YP,D
14:31:53,ICBP,RG,8175,1,D,BB,DX,D
14:31:52,ICBP,RG,8150,1,F,KZ,YP,D
14:31:52,ICBP,RG,8150,1,F,AK,YP,D
14:31:52,ICBP,RG,8150,1,F,CS,YP,D
14:31:52,ICBP,RG,8150,1,F,AK,YP,D
14:31:50,ICBP,RG,8175,126,D,BB,DX,D
14:31:45,ICBP,RG,8125,3,D,AK,PD,D
14:31:45,ICBP,RG,8125,1,F,KZ,PD,D
14:31:45,ICBP,RG,8125,6,F,BK,PD,D
14:31:39,ICBP,RG,8175,77,D,BB,DX,D
14:31:38,ICBP,RG,8150,5,D,BB,XL,D
14:31:38,ICBP,RG,8150,1,D,BB,KZ,D
14:31:38,ICBP,RG,8150,6,D,BB,KZ,D
14:31:38,ICBP,RG,8150,25,D,BB,KZ,D
14:31:38,ICBP,RG,8150,2,D,BB,KZ,D
14:31:38,ICBP,RG,8150,5,D,BB,YP,D
14:31:38,ICBP,RG,8150,39,D,BB,KZ,D
14:31:38,ICBP,RG,8150,5,D,BB,DH,D
14:31:38,ICBP,RG,8150,5,D,BB,CC,D
14:31:38,ICBP,RG,8150,1,D,BB,YP,D
14:31:38,ICBP,RG,8150,1,D,BB,XC,D
14:31:38,ICBP,RG,8150,6,D,BB,CC,D
14:31:36,ICBP,RG,8150,4,F,KZ,CC,D
14:31:35,ICBP,RG,8150,41,D,BB,CC,D
14:31:30,ICBP,RG,8150,2,F,KZ,CC,D
14:31:30,ICBP,RG,8150,1,F,KZ,CC,D
14:31:30,ICBP,RG,8150,1,F,KZ,CC,D
14:31:30,ICBP,RG,8150,1,F,KZ,CC,D
14:31:26,ICBP,RG,8150,4,D,AK,CC,D
14:31:26,ICBP,RG,8150,7,D,AK,CC,D
14:31:26,ICBP,RG,8150,2,D,AK,XC,D
14:31:26,ICBP,RG,8150,3,D,AK,PD,D
14:31:26,ICBP,RG,8150,1,D,AK,XC,D
14:31:26,ICBP,RG,8150,9,D,AK,CC,D
14:31:26,ICBP,RG,8150,1,D,AK,KZ,D
14:31:26,ICBP,RG,8150,5,D,AK,YP,D
14:31:26,ICBP,RG,8150,1,D,AK,KZ,D
14:31:26,ICBP,RG,8150,6,D,AK,KZ,D
14:31:26,ICBP,RG,8150,15,D,AK,KZ,D
14:31:25,ICBP,RG,8150,4,D,BB,KZ,D
14:31:25,ICBP,RG,8150,1,D,YP,KZ,D
14:31:16,ICBP,RG,8150,4,F,AK,KZ,D
14:31:16,ICBP,RG,8150,2,F,AK,KZ,D
14:31:08,ICBP,RG,8150,3,D,BB,KZ,D
14:30:53,ICBP,RG,8150,1,F,KZ,KZ,D
14:30:51,ICBP,RG,8150,6,D,BB,KZ,D
14:30:50,ICBP,RG,8125,3,F,BK,CC,D
14:30:36,ICBP,RG,8150,6,F,KZ,KZ,D
14:30:34,ICBP,RG,8150,1,F,KZ,KZ,D
14:30:33,ICBP,RG,8150,18,D,BB,KZ,D
14:30:33,ICBP,RG,8150,2,D,BB,KZ,D
14:30:33,ICBP,RG,8150,30,D,BB,YU,D
14:30:33,ICBP,RG,8150,5,D,BB,CC,D
14:30:33,ICBP,RG,8150,1,D,YP,CC,D
14:30:23,ICBP,RG,8150,4,F,KZ,CC,D
14:30:23,ICBP,RG,8150,2,F,KZ,XC,D
14:30:21,ICBP,RG,8150,5,D,AK,XC,D
14:30:21,ICBP,RG,8150,2,D,AK,YP,D
14:30:21,ICBP,RG,8150,2,D,AK,YP,D
14:30:21,ICBP,RG,8150,2,D,AK,YP,D
14:30:21,ICBP,RG,8150,2,D,AK,YP,D
14:30:21,ICBP,RG,8150,2,D,AK,YP,D
14:30:21,ICBP,RG,8150,5,D,AK,YP,D
14:30:21,ICBP,RG,8150,5,D,AK,YP,D
14:30:21,ICBP,RG,8150,31,D,AK,KZ,D
14:30:21,ICBP,RG,8150,1,F,KZ,KZ,D
14:30:20,ICBP,RG,8150,2,D,BB,KZ,D
14:30:20,ICBP,RG,8150,4,D,BB,KZ,D
14:30:20,ICBP,RG,8150,7,F,KZ,KZ,D
14:30:10,ICBP,RG,8150,7,F,KZ,KZ,D
14:30:10,ICBP,RG,8150,1,F,KZ,KZ,D
14:29:42,ICBP,RG,8150,12,D,BB,KZ,D
14:29:36,ICBP,RG,8125,5,F,KZ,CC,D
14:29:31,ICBP,RG,8150,2,F,KZ,KZ,D
14:29:30,ICBP,RG,8150,1,F,KZ,KZ,D
14:29:30,ICBP,RG,8150,1,F,KZ,KZ,D
14:29:30,ICBP,RG,8150,5,F,KZ,KZ,D
14:29:29,ICBP,RG,8150,3,F,KZ,KZ,D
14:29:28,ICBP,RG,8150,10,D,BB,KZ,D
14:29:28,ICBP,RG,8150,2,D,BB,KZ,D
14:29:28,ICBP,RG,8150,7,D,BB,KZ,D
14:29:28,ICBP,RG,8150,23,D,BB,LG,D
14:29:13,ICBP,RG,8150,18,F,KZ,LG,D
14:29:12,ICBP,RG,8150,158,D,BB,LG,D
14:28:42,ICBP,RG,8150,37,D,AK,LG,D
14:28:36,ICBP,RG,8125,1,F,KZ,XC,D
14:28:18,ICBP,RG,8150,62,D,BB,LG,D
14:28:18,ICBP,RG,8150,114,D,BB,LG,D
14:28:18,ICBP,RG,8125,2,D,BB,PD,D
14:28:18,ICBP,RG,8125,2,D,BB,YP,D
14:28:18,ICBP,RG,8125,2,D,BB,YP,D
14:28:18,ICBP,RG,8125,2,D,BB,YP,D
14:28:18,ICBP,RG,8125,2,D,BB,YP,D
14:28:18,ICBP,RG,8125,2,D,BB,YP,D
14:28:18,ICBP,RG,8125,2,D,BB,YP,D
14:28:18,ICBP,RG,8125,2,D,BB,YP,D
14:28:18,ICBP,RG,8125,3,D,BB,CC,D
14:28:00,ICBP,RG,8125,1,F,KZ,CC,D
14:28:00,ICBP,RG,8125,4,F,KZ,PD,D
14:27:15,ICBP,RG,8150,52,D,BB,LG,D
14:27:14,ICBP,RG,8150,59,D,BB,LG,D
14:27:13,ICBP,RG,8125,8,D,BB,RX,F
14:27:13,ICBP,RG,8125,6,D,BB,CC,D
14:27:13,ICBP,RG,8125,10,D,BB,CC,D
14:27:13,ICBP,RG,8125,25,D,BB,KZ,D
14:27:13,ICBP,RG,8125,2,D,BB,KZ,D
14:27:13,ICBP,RG,8125,8,D,BB,CC,D
14:27:10,ICBP,RG,8100,2,D,SQ,CC,D
14:27:10,ICBP,RG,8100,1,D,PD,CC,D
14:27:10,ICBP,RG,8100,1,D,CC,CC,D
14:26:56,ICBP,RG,8125,4,F,KZ,KZ,D
14:26:55,ICBP,RG,8125,4,F,CS,KZ,D
14:26:55,ICBP,RG,8125,4,F,CS,KZ,D
14:26:55,ICBP,RG,8125,2,F,KZ,KZ,D
14:26:55,ICBP,RG,8125,10,F,KZ,KZ,D
14:26:55,ICBP,RG,8125,16,D,DX,KZ,D
14:26:55,ICBP,RG,8125,5,D,DX,KZ,D
14:26:51,ICBP,RG,8125,15,D,DX,KZ,D
14:26:50,ICBP,RG,8125,1,D,DX,KZ,D
14:26:50,ICBP,RG,8125,1,D,DX,KZ,D
14:26:50,ICBP,RG,8125,3,D,DX,KZ,D
14:26:50,ICBP,RG,8125,22,D,DX,KZ,D
14:26:50,ICBP,RG,8125,1,D,DX,KZ,D
14:26:46,ICBP,RG,8125,26,D,DX,KZ,D
14:26:46,ICBP,RG,8125,4,D,DX,KZ,D
14:26:46,ICBP,RG,8125,2,D,DX,KZ,D
14:26:46,ICBP,RG,8125,6,D,DX,KZ,D
14:26:45,ICBP,RG,8125,3,D,DX,KZ,D
14:26:34,ICBP,RG,8125,1,D,DX,TP,D
14:26:34,ICBP,RG,8125,2,F,KZ,TP,D
14:26:34,ICBP,RG,8125,3,F,KZ,TP,D
14:26:20,ICBP,RG,8125,8,D,CC,KZ,D
14:26:20,ICBP,RG,8125,1,D,XC,KZ,D
14:26:20,ICBP,RG,8125,1,F,AK,KZ,D
14:26:20,ICBP,RG,8125,5,F,AK,KZ,D
14:26:20,ICBP,RG,8125,1,F,AK,KZ,D
14:26:20,ICBP,RG,8125,10,D,DR,KZ,D
14:26:20,ICBP,RG,8125,2,D,YB,KZ,D
14:26:18,ICBP,RG,8150,24,D,BB,LG,D
14:26:18,ICBP,RG,8150,7,D,BB,LG,D
14:26:10,ICBP,RG,8125,5,F,KZ,NI,D
14:26:00,ICBP,RG,8125,8,F,KZ,CC,D
14:25:53,ICBP,RG,8125,5,F,KZ,CC,D
14:25:50,ICBP,RG,8150,48,D,BB,LG,D
14:25:50,ICBP,RG,8150,21,F,KZ,LG,D
14:25:50,ICBP,RG,8150,43,D,BB,LG,D
14:25:50,ICBP,RG,8150,40,D,BB,LG,D
14:25:50,ICBP,RG,8150,15,D,BB,LG,D
14:25:50,ICBP,RG,8150,15,F,KZ,LG,D
14:25:36,ICBP,RG,8150,13,F,KZ,CC,F
14:25:36,ICBP,RG,8150,8,F,BK,CC,F
14:25:36,ICBP,RG,8150,4,F,KZ,CC,F
14:25:36,ICBP,RG,8150,4,F,KZ,CC,F
14:25:36,ICBP,RG,8150,40,D,BB,CC,F
14:25:28,ICBP,RG,8150,8,D,BB,CC,D
14:25:27,ICBP,RG,8150,245,D,BB,CC,F
14:25:27,ICBP,RG,8150,2,F,CS,CC,F
14:25:19,ICBP,RG,8150,8,F,CS,OD,D
14:25:19,ICBP,RG,8150,12,D,AK,OD,D
14:25:18,ICBP,RG,8150,31,D,AK,KZ,D
14:25:18,ICBP,RG,8150,3,D,AK,KZ,D
14:25:18,ICBP,RG,8150,42,D,AK,KZ,D
14:25:18,ICBP,RG,8150,4,F,KZ,KZ,D
14:25:18,ICBP,RG,8150,7,D,YP,KZ,D
14:25:18,ICBP,RG,8150,2,D,YP,KZ,D
14:25:18,ICBP,RG,8150,7,D,YP,KZ,D
14:25:16,ICBP,RG,8150,11,D,YP,CC,F
14:25:06,ICBP,RG,8150,7,D,YP,CC,F
14:25:06,ICBP,RG,8150,13,F,KZ,CC,F
14:24:57,ICBP,RG,8150,106,D,DX,CC,F
14:24:57,ICBP,RG,8150,20,F,KZ,CC,F
14:24:57,ICBP,RG,8150,10,F,KZ,CC,F
14:24:57,ICBP,RG,8150,4,F,KZ,CC,D
14:24:57,ICBP,RG,8150,11,F,CS,CC,D
14:24:57,ICBP,RG,8150,1,F,KZ,CC,D
14:24:57,ICBP,RG,8150,8,F,BK,CC,D
14:24:57,ICBP,RG,8150,1,F,KZ,CC,D
14:24:57,ICBP,RG,8150,2,D,PD,CC,D
14:24:57,ICBP,RG,8150,1,F,KZ,CC,D
14:24:57,ICBP,RG,8150,8,F,KZ,CC,D
14:24:57,ICBP,RG,8150,24,D,BB,CC,D
14:24:53,ICBP,RG,8150,95,D,BB,PD,D
14:24:49,ICBP,RG,8150,35,D,BB,KZ,D
14:24:49,ICBP,RG,8150,4,D,BB,KZ,D
14:24:49,ICBP,RG,8150,42,D,BB,KZ,D
14:24:49,ICBP,RG,8150,16,D,BB,KZ,D
14:24:49,ICBP,RG,8150,2,D,BB,KZ,D
14:24:49,ICBP,RG,8150,8,D,BB,KZ,D
14:24:47,ICBP,RG,8150,1,D,BB,XC,D
14:24:45,ICBP,RG,8150,54,D,BB,CC,F
14:24:41,ICBP,RG,8150,20,D,BB,CC,D
14:24:38,ICBP,RG,8150,4,D,BB,CC,D
14:24:30,ICBP,RG,8150,100,D,BB,PD,D
14:24:20,ICBP,RG,8150,50,D,BB,PD,D
14:24:03,ICBP,RG,8150,9,D,BB,CC,D
14:23:52,ICBP,RG,8150,2,D,BB,LG,D
14:23:35,ICBP,RG,8150,100,D,BB,OD,D
14:23:22,ICBP,RG,8150,4,D,BB,CC,D
14:23:18,ICBP,RG,8150,45,D,BB,PD,D
14:23:15,ICBP,RG,8150,10,D,BB,PD,D
14:22:57,ICBP,RG,8175,174,D,BB,DX,D
14:22:51,ICBP,RG,8175,116,D,BB,DX,D
14:22:50,ICBP,RG,8150,21,D,BB,OD,D
14:22:50,ICBP,RG,8150,29,F,KZ,OD,D
14:22:10,ICBP,RG,8150,7,F,KZ,CC,D
14:22:08,ICBP,RG,8150,5,F,KZ,CC,D
14:22:03,ICBP,RG,8150,12,F,KZ,YP,D
14:21:50,ICBP,RG,8150,7,F,KZ,CC,D
14:21:45,ICBP,RG,8150,1,F,KZ,PD,D
14:21:39,ICBP,RG,8150,4,F,KZ,CC,D
14:21:26,ICBP,RG,8150,1,F,KZ,XC,D
14:20:56,ICBP,RG,8175,66,F,KZ,DX,D
14:20:55,ICBP,RG,8175,10,F,KZ,DX,D
14:20:52,ICBP,RG,8150,4,F,KZ,CC,D
14:20:52,ICBP,RG,8150,14,F,KZ,NI,D
14:20:52,ICBP,RG,8150,1,D,AK,NI,D
14:20:51,ICBP,RG,8150,252,D,AK,LG,D
14:20:51,ICBP,RG,8150,8,F,BK,LG,D
14:20:51,ICBP,RG,8150,39,D,BB,LG,D
14:20:51,ICBP,RG,8150,249,D,BB,LG,D
14:20:51,ICBP,RG,8150,41,D,BB,LG,D
14:20:51,ICBP,RG,8150,1,F,KZ,LG,D
14:20:51,ICBP,RG,8150,1,F,KZ,LG,D
14:20:51,ICBP,RG,8150,5,F,KZ,LG,D
14:20:51,ICBP,RG,8150,12,F,CS,LG,D
14:20:51,ICBP,RG,8150,60,D,BB,LG,D
14:20:51,ICBP,RG,8150,40,D,BB,LG,D
14:20:51,ICBP,RG,8150,29,D,BB,LG,D
14:20:44,ICBP,RG,8150,30,D,BB,SQ,D
14:20:43,ICBP,RG,8175,10,D,BB,DX,D
14:20:43,ICBP,RG,8150,41,D,BB,LG,D
14:20:43,ICBP,RG,8150,5,D,OD,LG,D
14:20:43,ICBP,RG,8150,9,F,KZ,LG,D
14:20:43,ICBP,RG,8150,92,D,DX,LG,D
14:20:43,ICBP,RG,8150,8,F,BK,LG,D
14:20:43,ICBP,RG,8150,1,D,YP,LG,D
14:20:43,ICBP,RG,8150,3,F,CS,LG,D
14:20:43,ICBP,RG,8150,5,F,CS,LG,D
14:20:43,ICBP,RG,8150,81,D,BB,LG,D
14:20:43,ICBP,RG,8150,12,F,KZ,LG,D
14:20:43,ICBP,RG,8150,1,F,KZ,LG,D
14:20:43,ICBP,RG,8150,1,F,AK,LG,D
14:20:43,ICBP,RG,8150,1,F,KZ,LG,D
14:20:43,ICBP,RG,8150,20,F,KZ,LG,D
14:20:43,ICBP,RG,8150,5,F,AK,LG,D
14:20:43,ICBP,RG,8150,14,D,AK,LG,D
14:20:43,ICBP,RG,8150,79,D,AK,LG,D
14:20:43,ICBP,RG,8150,83,D,AK,LG,D
14:20:43,ICBP,RG,8150,29,F,KZ,LG,D
14:20:43,ICBP,RG,8150,8,F,KZ,LG,D
14:20:43,ICBP,RG,8150,2,F,KZ,LG,D
14:20:43,ICBP,RG,8150,19,F,BK,LG,D
14:20:43,ICBP,RG,8150,5,F,CS,LG,D
14:20:43,ICBP,RG,8150,4,F,CS,LG,D
14:20:43,ICBP,RG,8150,6,F,CS,LG,D
14:20:43,ICBP,RG,8150,14,D,YP,LG,D
14:20:43,ICBP,RG,8150,120,D,YP,LG,D
14:20:43,ICBP,RG,8150,40,D,YP,LG,D
14:20:43,ICBP,RG,8150,29,D,YP,LG,D
14:20:41,ICBP,RG,8175,13,F,KZ,DX,D
14:20:40,ICBP,RG,8175,110,D,BB,DX,D
14:20:40,ICBP,RG,8175,1,D,BB,YP,D
14:20:40,ICBP,RG,8175,7,D,BB,LG,D
14:20:40,ICBP,RG,8175,1,D,BB,CC,D
14:20:40,ICBP,RG,8175,5,D,BB,PD,D
14:20:40,ICBP,RG,8175,46,D,BB,YP,D
14:20:31,ICBP,RG,8175,26,F,KZ,YP,D
14:20:30,ICBP,RG,8175,1,F,KZ,YP,D
14:20:30,ICBP,RG,8175,1,F,KZ,YP,D
14:20:30,ICBP,RG,8175,1,F,KZ,YP,D
14:20:30,ICBP,RG,8175,1,F,KZ,YP,D
14:20:27,ICBP,RG,8175,8,D,BB,YP,D
14:20:27,ICBP,RG,8175,166,D,BB,YP,D
14:20:27,ICBP,RG,8175,1,D,BB,PD,D
14:20:27,ICBP,RG,8175,5,D,BB,PD,D
14:20:27,ICBP,RG,8175,1,D,BB,RG,D
14:20:27,ICBP,RG,8175,4,D,BB,PD,D
14:20:27,ICBP,RG,8175,12,D,BB,CP,D
14:20:27,ICBP,RG,8175,4,D,BB,PD,D
14:20:27,ICBP,RG,8175,1,D,BB,PD,D
14:20:27,ICBP,RG,8175,2,D,BB,PD,D
14:20:27,ICBP,RG,8175,1,D,BB,KK,D
14:20:27,ICBP,RG,8175,2,D,BB,KK,D
14:20:27,ICBP,RG,8175,10,D,BB,YP,D
14:20:27,ICBP,RG,8175,6,D,BB,YB,D
14:20:27,ICBP,RG,8175,10,D,BB,LG,D
14:20:27,ICBP,RG,8175,9,D,BB,PD,D
14:20:20,ICBP,RG,8150,1,D,YP,XC,D
14:20:17,ICBP,RG,8175,8,D,BB,PD,D
14:20:17,ICBP,RG,8175,1,D,PD,PD,D
14:20:17,ICBP,RG,8175,2,D,PD,PD,D
14:20:17,ICBP,RG,8175,3,D,PD,DH,D
14:20:17,ICBP,RG,8175,2,D,PD,AZ,D
14:20:17,ICBP,RG,8175,2,D,PD,DH,D
14:20:04,ICBP,RG,8175,10,F,KZ,DH,D
14:20:03,ICBP,RG,8175,88,D,BB,DH,D
14:20:01,ICBP,RG,8175,9,F,KZ,DH,D
14:20:00,ICBP,RG,8175,1,F,KZ,DH,D
14:20:00,ICBP,RG,8175,2,F,KZ,DH,D
14:20:00,ICBP,RG,8175,1,F,KZ,DH,D
14:20:00,ICBP,RG,8175,4,F,KZ,DH,D
14:19:50,ICBP,RG,8175,4,D,BB,DH,D
14:19:49,ICBP,RG,8175,79,D,DX,DH,D
14:19:49,ICBP,RG,8175,1,D,DX,YP,D
14:19:49,ICBP,RG,8175,5,D,DX,GR,D
14:19:49,ICBP,RG,8175,34,D,DX,GR,D
14:19:36,ICBP,RG,8150,3,D,YP,CC,D
14:19:34,ICBP,RG,8175,9,D,BB,GR,D
14:19:19,ICBP,RG,8175,1,D,BB,GR,D
14:19:19,ICBP,RG,8150,10,D,YP,NI,D
14:19:12,ICBP,RG,8175,2,D,BB,GR,D
14:19:11,ICBP,RG,8175,2,D,PD,GR,D
14:19:01,ICBP,RG,8175,2,D,BB,GR,D
14:18:49,ICBP,RG,8175,8,D,BB,GR,D
14:18:40,ICBP,RG,8175,12,F,KZ,GR,D
14:18:40,ICBP,RG,8175,106,D,BB,GR,D
14:18:31,ICBP,RG,8175,5,F,AK,GR,D
14:18:23,ICBP,RG,8175,9,D,DR,GR,D
14:18:22,ICBP,RG,8150,1,D,YP,YP,D
14:18:15,ICBP,RG,8150,1,D,YP,PD,D
14:18:09,ICBP,RG,8175,74,D,BB,GR,D
14:18:06,ICBP,RG,8175,25,F,KZ,GR,D
14:18:05,ICBP,RG,8150,1,D,YP,AZ,D
14:18:05,ICBP,RG,8150,9,D,YP,CC,D
14:18:05,ICBP,RG,8150,224,D,YP,CC,F
14:18:02,ICBP,RG,8150,8,D,BB,CC,F
14:18:02,ICBP,RG,8150,32,D,BB,YP,D
14:17:33,ICBP,RG,8150,1,F,KZ,YP,D
14:17:32,ICBP,RG,8150,1,D,BB,YP,D
14:17:22,ICBP,RG,8150,1,F,CS,YP,D
14:17:22,ICBP,RG,8150,1,F,KZ,YP,D
14:17:22,ICBP,RG,8175,54,F,KZ,GR,D
14:17:20,ICBP,RG,8175,27,D,BB,GR,D
14:17:19,ICBP,RG,8150,4,D,BB,CC,D
14:17:19,ICBP,RG,8150,20,D,BB,FS,D
14:17:19,ICBP,RG,8150,20,D,BB,GR,D
14:17:19,ICBP,RG,8150,8,D,BB,CC,D
14:17:19,ICBP,RG,8150,20,D,BB,YU,D
14:17:19,ICBP,RG,8150,2,D,BB,YP,D
14:17:19,ICBP,RG,8150,3,D,BB,CC,F
14:17:19,ICBP,RG,8150,40,D,BB,YP,D
14:17:19,ICBP,RG,8150,1,D,BB,IP,D
14:17:19,ICBP,RG,8150,1,D,BB,PD,D
14:17:19,ICBP,RG,8150,7,D,BB,CC,D
14:17:19,ICBP,RG,8150,1,D,BB,KK,D
14:17:19,ICBP,RG,8150,8,D,BB,CC,D
14:17:19,ICBP,RG,8150,124,D,BB,YP,D
14:17:19,ICBP,RG,8150,1,D,BB,KZ,D
14:17:19,ICBP,RG,8150,8,D,BB,KZ,D
14:17:19,ICBP,RG,8150,33,D,BB,KZ,D
14:17:19,ICBP,RG,8150,2,D,BB,KZ,D
14:17:19,ICBP,RG,8150,52,D,BB,KZ,D
14:17:19,ICBP,RG,8150,3,D,BB,KZ,D
14:17:19,ICBP,RG,8150,1,D,BB,XC,D
14:17:19,ICBP,RG,8150,23,D,BB,YP,D
14:17:19,ICBP,RG,8150,1,D,BB,YP,D
14:17:19,ICBP,RG,8150,13,D,BB,GR,D
14:17:19,ICBP,RG,8150,2,D,BB,YP,D
14:17:19,ICBP,RG,8150,2,D,BB,YP,D
14:17:19,ICBP,RG,8150,2,D,BB,YP,D
14:17:19,ICBP,RG,8150,2,D,BB,YP,D
14:17:19,ICBP,RG,8150,2,D,BB,YP,D
14:17:19,ICBP,RG,8150,2,D,BB,YP,D
14:17:19,ICBP,RG,8150,38,D,BB,KZ,D
14:17:10,ICBP,RG,8150,1,F,KZ,KZ,D
14:17:04,ICBP,RG,8125,4,D,BB,CC,D
14:16:55,ICBP,RG,8150,2,D,AZ,KZ,D
14:16:50,ICBP,RG,8150,6,F,KZ,KZ,D
14:16:50,ICBP,RG,8150,4,F,KZ,KZ,D
14:16:48,ICBP,RG,8150,2,F,KZ,KZ,D
14:16:47,ICBP,RG,8150,1,D,DX,KZ,D
14:16:47,ICBP,RG,8150,12,D,DX,KZ,D
14:16:47,ICBP,RG,8150,5,D,DX,KZ,D
14:16:47,ICBP,RG,8150,5,D,DX,KZ,D
14:16:47,ICBP,RG,8150,3,D,DX,KZ,D
14:16:47,ICBP,RG,8150,3,D,DX,YP,D
14:16:47,ICBP,RG,8150,30,D,DX,DR,D
14:16:47,ICBP,RG,8150,9,D,DX,RX,F
14:16:47,ICBP,RG,8150,2,D,DX,YP,D
14:16:47,ICBP,RG,8150,2,D,DX,YP,D
14:16:47,ICBP,RG,8150,2,D,DX,YP,D
14:16:47,ICBP,RG,8150,1,D,DX,CC,D
14:16:47,ICBP,RG,8150,16,D,DX,YJ,D
14:16:38,ICBP,RG,8125,1,D,BB,GR,D
14:16:27,ICBP,RG,8125,1,D,BB,PD,D
14:16:15,ICBP,RG,8125,8,D,BB,CC,D
14:15:46,ICBP,RG,8125,5,D,BB,CC,D
14:14:50,ICBP,RG,8150,1,F,KZ,YJ,D
14:14:40,ICBP,RG,8125,8,D,BB,CC,D
14:14:40,ICBP,RG,8150,1,F,KZ,YJ,D
14:14:36,ICBP,RG,8150,35,F,KZ,YJ,D
14:14:35,ICBP,RG,8150,255,D,BB,YJ,D
14:14:30,ICBP,RG,8125,4,D,BB,CC,D
14:14:28,ICBP,RG,8125,10,D,BB,CC,D
14:13:48,ICBP,RG,8125,1,D,BB,DR,D
14:13:48,ICBP,RG,8125,10,D,BB,KK,D
14:13:48,ICBP,RG,8125,13,D,BB,CC,D
14:13:48,ICBP,RG,8125,6,F,KZ,CC,D
14:13:48,ICBP,RG,8125,46,D,BB,CC,D
14:13:18,ICBP,RG,8125,3,D,BB,CC,D
14:13:05,ICBP,RG,8125,5,D,BB,LG,D
14:12:32,ICBP,RG,8125,3,D,BB,RX,F
14:12:25,ICBP,RG,8125,1,F,KZ,CC,D
14:12:25,ICBP,RG,8125,7,D,CC,CC,D
14:12:25,ICBP,RG,8125,1,D,PD,CC,D
14:12:02,ICBP,RG,8125,1,D,SQ,CC,D
14:12:02,ICBP,RG,8125,2,F,AK,CC,D
14:11:40,ICBP,RG,8150,13,F,KZ,YJ,D
14:11:39,ICBP,RG,8150,114,D,BB,YJ,D
14:11:39,ICBP,RG,8150,1,F,KZ,YJ,D
14:11:38,ICBP,RG,8150,12,F,CS,YJ,D
14:11:38,ICBP,RG,8150,11,F,KZ,YJ,D
14:11:38,ICBP,RG,8150,115,D,DX,YJ,D
14:11:38,ICBP,RG,8150,19,F,KZ,YJ,D
14:11:38,ICBP,RG,8150,247,D,BB,YJ,D
14:11:38,ICBP,RG,8150,1,F,KZ,YJ,D
14:11:38,ICBP,RG,8150,1,D,LG,YJ,D
14:11:38,ICBP,RG,8150,11,F,KZ,YJ,D
14:11:38,ICBP,RG,8150,98,D,AK,YJ,D
14:11:38,ICBP,RG,8150,15,F,KZ,YJ,D
14:11:38,ICBP,RG,8150,8,F,BK,YJ,D
14:11:38,ICBP,RG,8150,3,D,NI,YJ,D
14:11:38,ICBP,RG,8150,1,F,KZ,YJ,D
14:11:38,ICBP,RG,8150,16,F,CS,YJ,D
14:11:38,ICBP,RG,8150,5,D,NI,YJ,D
14:11:38,ICBP,RG,8150,1,D,BB,YJ,D
14:11:28,ICBP,RG,8150,1,D,BB,KK,D
14:11:16,ICBP,RG,8150,15,D,BB,PD,D
14:10:50,ICBP,RG,8150,5,D,BB,CC,D
14:10:48,ICBP,RG,8150,7,D,BB,CC,D
14:10:45,ICBP,RG,8175,10,F,KZ,GR,D
14:10:44,ICBP,RG,8175,118,D,DX,GR,D
14:10:42,ICBP,RG,8150,8,D,BB,CC,D
14:10:31,ICBP,RG,8150,2,D,BB,PD,D
14:10:20,ICBP,RG,8150,7,D,BB,YP,D
14:10:19,ICBP,RG,8150,1,D,BB,YP,D
14:10:13,ICBP,RG,8150,30,D,BB,CC,D
14:10:13,ICBP,RG,8150,2,D,NI,CC,D
14:10:13,ICBP,RG,8150,6,D,PD,CC,D
14:10:13,ICBP,RG,8150,4,F,KZ,CC,D
14:10:13,ICBP,RG,8150,58,D,BB,CC,D
14:09:53,ICBP,RG,8150,2,D,BB,YP,D
14:09:44,ICBP,RG,8150,10,D,BB,CC,D
14:09:36,ICBP,RG,8150,3,D,BB,CC,D
14:08:53,ICBP,RG,8150,5,D,BB,KZ,D
14:08:53,ICBP,RG,8150,1,D,BB,KZ,D
14:08:53,ICBP,RG,8150,60,D,BB,KZ,D
14:08:53,ICBP,RG,8150,9,D,BB,KZ,D
14:08:53,ICBP,RG,8150,3,D,BB,KZ,D
14:08:53,ICBP,RG,8150,37,D,BB,KZ,D
14:08:39,ICBP,RG,8150,10,D,BB,PD,D
14:08:39,ICBP,RG,8150,5,D,BB,SQ,D
14:08:35,ICBP,RG,8150,3,D,BB,KK,D
14:08:31,ICBP,RG,8150,8,D,BB,CC,D
14:08:24,ICBP,RG,8150,3,D,BB,CC,D
14:08:20,ICBP,RG,8150,1,D,YP,AN,D
14:08:16,ICBP,RG,8150,3,D,YP,RX,F
14:08:01,ICBP,RG,8150,1,D,YP,PD,D
14:08:01,ICBP,RG,8150,9,F,KZ,PD,D
14:07:49,ICBP,RG,8150,25,F,KZ,DH,D
14:07:49,ICBP,RG,8150,15,D,DX,DH,D
14:07:43,ICBP,RG,8150,1,D,DX,YP,D
14:07:41,ICBP,RG,8150,2,D,DX,YP,D
14:07:39,ICBP,RG,8150,2,D,DX,YP,D
14:07:35,ICBP,RG,8150,2,D,DX,YP,D
14:07:31,ICBP,RG,8175,26,F,KZ,GR,D
14:07:30,ICBP,RG,8175,3,F,KZ,GR,D
14:07:21,ICBP,RG,8150,66,D,DX,YP,D
14:07:21,ICBP,RG,8150,3,F,AK,YP,D
14:07:21,ICBP,RG,8150,92,D,BB,YP,D
14:07:21,ICBP,RG,8150,64,D,AK,YP,D
14:07:17,ICBP,RG,8150,1,D,AK,OD,F
14:07:14,ICBP,RG,8150,3,D,AK,CC,D
14:07:05,ICBP,RG,8175,2,F,KZ,GR,D
14:07:02,ICBP,RG,8150,7,D,AK,CC,D
14:07:02,ICBP,RG,8150,21,D,AK,EP,D
14:07:00,ICBP,RG,8150,7,D,AK,CC,D
14:06:57,ICBP,RG,8150,1,D,AK,YP,D
14:06:51,ICBP,RG,8175,26,F,KZ,GR,D
14:06:50,ICBP,RG,8175,1,F,KZ,GR,D
14:06:48,ICBP,RG,8150,4,D,AK,XC,D
14:06:45,ICBP,RG,8150,30,D,AK,NI,D
14:06:45,ICBP,RG,8150,197,D,BB,NI,D
14:06:43,ICBP,RG,8175,5,D,NI,GR,D
14:06:11,ICBP,RG,8175,5,F,KZ,GR,D
14:06:10,ICBP,RG,8175,1,F,KZ,GR,D
14:06:07,ICBP,RG,8150,44,D,BB,PD,D
14:06:03,ICBP,RG,8175,1,F,KZ,GR,D
14:06:00,ICBP,RG,8150,5,D,BB,CC,D
14:05:48,ICBP,RG,8150,2,D,BB,YP,D
14:05:44,ICBP,RG,8150,10,D,BB,DR,D
14:05:33,ICBP,RG,8175,6,F,KZ,GR,D
14:05:31,ICBP,RG,8175,1,F,KZ,GR,D
14:05:30,ICBP,RG,8175,51,D,BB,GR,D
14:05:30,ICBP,RG,8175,2,F,KZ,GR,D
14:05:27,ICBP,RG,8150,14,D,BB,YP,D
14:05:26,ICBP,RG,8150,10,D,BB,XC,D
14:05:15,ICBP,RG,8175,1,F,KZ,GR,D
14:05:14,ICBP,RG,8175,3,F,KZ,GR,D
14:05:10,ICBP,RG,8150,30,D,BB,CC,D
14:05:08,ICBP,RG,8150,15,D,BB,TP,D
14:04:57,ICBP,RG,8150,3,D,BB,NI,D
14:04:53,ICBP,RG,8150,73,D,BB,KZ,D
14:04:48,ICBP,RG,8150,6,D,BB,KZ,D
14:04:48,ICBP,RG,8150,1,D,BB,KZ,D
14:04:48,ICBP,RG,8150,11,D,BB,KZ,D
14:04:48,ICBP,RG,8150,2,D,BB,KZ,D
14:04:48,ICBP,RG,8150,39,D,BB,KZ,D
14:04:43,ICBP,RG,8150,1,D,BB,KZ,D
14:04:43,ICBP,RG,8150,81,D,BB,KZ,D
14:04:43,ICBP,RG,8150,13,D,BB,KZ,D
14:04:43,ICBP,RG,8150,4,D,BB,KZ,D
14:04:43,ICBP,RG,8150,52,D,BB,KZ,D
14:04:42,ICBP,RG,8150,3,D,BB,CC,D
14:04:38,ICBP,RG,8150,4,D,BB,KZ,D
14:04:38,ICBP,RG,8150,1,D,BB,KZ,D
14:04:38,ICBP,RG,8150,57,D,BB,KZ,D
14:04:38,ICBP,RG,8150,8,D,BB,KZ,D
14:04:38,ICBP,RG,8150,2,D,BB,KZ,D
14:04:38,ICBP,RG,8150,11,D,BB,KZ,D
14:04:38,ICBP,RG,8150,22,D,YP,KZ,D
14:04:35,ICBP,RG,8150,7,D,YP,CC,D
14:04:34,ICBP,RG,8150,54,D,YP,PD,D
14:04:34,ICBP,RG,8150,1,D,XC,PD,D
14:04:34,ICBP,RG,8150,1,D,PD,PD,D
14:04:34,ICBP,RG,8150,2,F,CS,PD,D
14:04:34,ICBP,RG,8150,4,D,SQ,PD,D
14:04:34,ICBP,RG,8150,111,D,DX,PD,D
14:04:34,ICBP,RG,8150,3,D,PD,PD,D
14:04:34,ICBP,RG,8150,1,F,AK,PD,D
14:04:34,ICBP,RG,8150,1,D,PD,PD,D
14:04:34,ICBP,RG,8150,7,D,CC,PD,D
14:04:34,ICBP,RG,8150,31,D,PD,PD,D
14:04:34,ICBP,RG,8150,17,F,CS,PD,D
14:04:34,ICBP,RG,8150,792,D,BB,PD,D
14:04:34,ICBP,RG,8150,1,D,PD,PD,D
14:04:34,ICBP,RG,8150,9,F,AK,PD,D
14:04:34,ICBP,RG,8150,4,F,CS,PD,D
14:04:34,ICBP,RG,8150,7,F,CS,PD,D
14:04:34,ICBP,RG,8150,1,F,CS,PD,D
14:04:34,ICBP,RG,8150,2,F,CS,PD,D
14:04:34,ICBP,RG,8150,7,F,BK,PD,D
14:04:34,ICBP,RG,8150,6,F,CS,PD,D
14:04:34,ICBP,RG,8150,2,F,AK,PD,D
14:04:34,ICBP,RG,8150,2,F,AK,PD,D
14:04:34,ICBP,RG,8150,1,F,AK,PD,D
14:04:34,ICBP,RG,8150,1,F,AK,PD,D
14:04:34,ICBP,RG,8150,378,D,AK,PD,D
14:04:34,ICBP,RG,8150,96,D,AK,PD,D
14:04:34,ICBP,RG,8150,19,F,BK,PD,D
14:04:34,ICBP,RG,8150,1,F,CS,PD,D
14:04:34,ICBP,RG,8150,11,D,BB,PD,D
14:04:34,ICBP,RG,8150,73,D,BB,PD,D
14:04:34,ICBP,RG,8150,6,F,CS,PD,D
14:04:34,ICBP,RG,8150,348,D,BB,PD,D
14:04:07,ICBP,RG,8175,60,D,BB,GR,D
14:03:42,ICBP,RG,8150,4,D,BB,CC,D
14:03:41,ICBP,RG,8150,26,D,BB,YP,D
14:03:36,ICBP,RG,8150,180,D,BB,CC,D
14:03:33,ICBP,RG,8175,30,F,CS,GR,D
14:03:33,ICBP,RG,8150,14,D,BB,EP,D
14:03:29,ICBP,RG,8175,278,D,BB,GR,D
14:03:29,ICBP,RG,8175,91,D,BB,GR,D
14:03:26,ICBP,RG,8150,4,D,BB,CC,D
14:03:20,ICBP,RG,8150,8,D,BB,CC,D
14:03:18,ICBP,RG,8150,6,D,BB,CC,D
14:03:08,ICBP,RG,8150,2,D,BB,XC,D
14:03:02,ICBP,RG,8150,1,D,BB,BQ,D
14:02:57,ICBP,RG,8150,1,D,BB,PD,D
14:02:50,ICBP,RG,8150,23,D,BB,ZP,D
14:02:48,ICBP,RG,8175,178,D,AK,GR,D
14:02:47,ICBP,RG,8175,31,D,BB,GR,D
14:02:47,ICBP,RG,8175,4,D,BB,PD,D
14:02:47,ICBP,RG,8175,4,D,BB,KK,D
14:02:47,ICBP,RG,8175,28,D,BB,TP,D
14:02:36,ICBP,RG,8175,2,F,AK,TP,D
14:02:36,ICBP,RG,8175,2,F,AK,LG,D
14:02:11,ICBP,RG,8175,9,F,BK,LG,D
14:02:10,ICBP,RG,8150,4,D,BB,CC,D
14:02:08,ICBP,RG,8150,20,D,BB,XL,D
14:01:25,ICBP,RG,8175,113,D,DX,LG,D
14:01:21,ICBP,RG,8150,8,D,BB,DH,D
14:01:18,ICBP,RG,8175,59,D,BB,LG,D
14:01:15,ICBP,RG,8150,5,D,BB,PD,D
14:01:10,ICBP,RG,8150,1,D,BB,BQ,D
14:01:05,ICBP,RG,8150,2,D,BB,CC,D
14:00:54,ICBP,RG,8150,3,D,BB,CC,D
14:00:29,ICBP,RG,8150,1,D,BB,BQ,D
14:00:22,ICBP,RG,8175,5,D,NI,LG,D
14:00:04,ICBP,RG,8175,8,F,BK,LG,D
14:00:01,ICBP,RG,8150,1,D,BB,BQ,D
13:59:58,ICBP,RG,8175,61,D,BB,LG,D
13:59:49,ICBP,RG,8150,1,D,BB,NI,D
13:59:42,ICBP,RG,8150,3,D,BB,CC,D
13:59:38,ICBP,RG,8175,42,D,YP,LG,D
13:59:38,ICBP,RG,8175,82,D,YP,LG,D
13:59:29,ICBP,RG,8175,15,D,CC,LG,D
13:59:14,ICBP,RG,8175,2,D,XC,LG,D
13:58:50,ICBP,RG,8150,5,D,BB,PD,D
13:58:39,ICBP,RG,8150,1,D,BB,AT,D
13:58:38,ICBP,RG,8175,98,D,BB,LG,D
13:58:33,ICBP,RG,8150,2,D,BB,CC,D
13:58:27,ICBP,RG,8150,1,D,BB,DH,D
13:58:17,ICBP,RG,8175,52,D,DX,LG,D
13:58:17,ICBP,RG,8175,50,D,DX,LG,D
13:58:02,ICBP,RG,8150,5,D,BB,PD,D
13:57:59,ICBP,RG,8150,2,D,BB,XC,D
13:57:58,ICBP,RG,8150,3,D,BB,CC,D
13:57:57,ICBP,RG,8150,4,D,BB,YP,D
13:57:36,ICBP,RG,8175,69,D,BB,LG,D
13:57:36,ICBP,RG,8175,39,D,BB,LG,D
13:57:36,ICBP,RG,8175,29,D,BB,LG,D
13:57:36,ICBP,RG,8175,50,D,BB,YP,D
13:57:36,ICBP,RG,8175,10,D,BB,LG,D
13:57:36,ICBP,RG,8175,1,D,BB,XC,D
13:57:36,ICBP,RG,8175,10,D,BB,CC,D
13:57:36,ICBP,RG,8175,5,D,BB,GR,D
13:57:36,ICBP,RG,8175,1,D,BB,NI,D
13:57:36,ICBP,RG,8175,11,D,BB,XC,D
13:57:36,ICBP,RG,8175,50,D,BB,YP,D
13:57:36,ICBP,RG,8175,1,D,BB,PD,D
13:57:36,ICBP,RG,8175,1,D,BB,PD,D
13:57:36,ICBP,RG,8175,50,D,BB,YP,D
13:57:36,ICBP,RG,8175,5,D,BB,YP,D
13:57:36,ICBP,RG,8175,1,D,BB,XC,D
13:57:36,ICBP,RG,8175,1,D,BB,YP,D
13:57:36,ICBP,RG,8175,26,D,BB,SQ,D
13:57:27,ICBP,RG,8150,11,D,BB,AZ,D
13:57:25,ICBP,RG,8150,4,D,BB,CC,D
13:57:25,ICBP,RG,8150,4,D,BB,KZ,D
13:57:25,ICBP,RG,8150,7,D,BB,CC,D
13:57:25,ICBP,RG,8150,3,D,BB,RX,F
13:57:25,ICBP,RG,8150,126,D,BB,CC,F
13:57:25,ICBP,RG,8150,7,D,BB,CC,D
13:57:25,ICBP,RG,8150,20,D,BB,KK,D
13:57:25,ICBP,RG,8150,7,D,BB,CC,D
13:57:25,ICBP,RG,8150,2,D,BB,YP,D
13:57:25,ICBP,RG,8150,2,D,BB,YP,D
13:57:25,ICBP,RG,8150,1,D,BB,CC,D
13:57:25,ICBP,RG,8150,1,D,BB,YP,D
13:57:25,ICBP,RG,8150,10,D,BB,SQ,D
13:57:25,ICBP,RG,8150,10,D,BB,PD,D
13:57:25,ICBP,RG,8150,96,D,BB,CP,D
13:57:16,ICBP,RG,8125,2,D,BB,CC,D
13:57:16,ICBP,RG,8125,1,F,AK,CC,D
13:57:14,ICBP,RG,8150,37,D,XC,CP,D
13:56:26,ICBP,RG,8150,1,F,KZ,CP,D
13:56:24,ICBP,RG,8150,7,F,KZ,CP,D
13:56:23,ICBP,RG,8150,9,D,BB,CP,D
13:56:23,ICBP,RG,8150,54,D,BB,CC,F
13:56:18,ICBP,RG,8125,1,F,KZ,PD,D
13:56:18,ICBP,RG,8125,4,D,AZ,PD,D
13:56:01,ICBP,RG,8150,9,F,CS,CC,F
13:55:40,ICBP,RG,8150,1,F,KZ,CC,F
13:55:36,ICBP,RG,8125,5,F,KZ,DR,D
13:55:35,ICBP,RG,8150,60,F,KZ,CC,F
13:55:33,ICBP,RG,8150,5,F,KZ,CC,F
13:55:32,ICBP,RG,8150,147,D,BB,CC,F
13:55:32,ICBP,RG,8150,1,D,BB,CC,D
13:55:32,ICBP,RG,8150,4,D,BB,CC,D
13:55:32,ICBP,RG,8150,10,D,BB,DX,D
13:55:32,ICBP,RG,8150,77,D,BB,KK,D
13:55:32,ICBP,RG,8150,5,D,BB,SQ,D
13:55:32,ICBP,RG,8150,10,D,BB,CC,D
13:55:32,ICBP,RG,8150,2,D,BB,YP,D
13:55:32,ICBP,RG,8150,2,D,BB,YP,D
13:55:32,ICBP,RG,8150,19,D,BB,NI,D
13:55:32,ICBP,RG,8150,2,D,BB,PD,D
13:55:32,ICBP,RG,8150,5,D,BB,YP,D
13:55:32,ICBP,RG,8150,7,D,BB,KZ,D
13:55:32,ICBP,RG,8150,39,D,BB,KZ,D
13:55:32,ICBP,RG,8150,1,D,BB,KZ,D
13:55:32,ICBP,RG,8150,52,D,BB,KZ,D
13:55:17,ICBP,RG,8150,9,D,DX,KZ,D
13:55:17,ICBP,RG,8150,3,D,DX,KZ,D
13:55:17,ICBP,RG,8150,60,D,DX,CC,F
13:55:05,ICBP,RG,8125,17,F,KZ,PD,D
13:55:03,ICBP,RG,8150,3,F,KZ,CC,F
13:55:01,ICBP,RG,8150,2,F,KZ,CC,F
13:55:00,ICBP,RG,8125,1,F,KZ,PD,D
13:54:59,ICBP,RG,8150,6,D,BB,CC,F
13:54:59,ICBP,RG,8150,4,D,BB,KZ,D
13:54:59,ICBP,RG,8150,6,D,BB,CC,D
13:54:59,ICBP,RG,8150,1,D,BB,NI,D
13:54:59,ICBP,RG,8150,8,D,BB,CC,D
13:54:59,ICBP,RG,8150,8,D,BB,CC,D
13:54:59,ICBP,RG,8150,3,D,BB,CC,D
13:54:59,ICBP,RG,8150,5,D,BB,YP,D
13:54:59,ICBP,RG,8150,21,D,BB,DR,D
13:54:50,ICBP,RG,8125,4,F,KZ,CC,D
13:53:39,ICBP,RG,8150,6,F,KZ,DR,D
13:53:37,ICBP,RG,8150,4,F,KZ,DR,D
13:53:37,ICBP,RG,8150,19,D,BB,DR,D
13:53:37,ICBP,RG,8150,1,D,BB,PD,D
13:53:37,ICBP,RG,8150,1,D,BB,XC,D
13:53:37,ICBP,RG,8150,10,D,BB,AT,D
13:53:37,ICBP,RG,8150,25,D,BB,YP,D
13:53:37,ICBP,RG,8150,2,D,BB,YP,D
13:53:37,ICBP,RG,8150,1,D,BB,KZ,D
13:53:37,ICBP,RG,8150,1,D,BB,KZ,D
13:53:37,ICBP,RG,8150,1,D,BB,DR,D
13:53:37,ICBP,RG,8150,2,D,BB,XC,D
13:53:32,ICBP,RG,8125,2,F,KZ,CC,D
13:53:32,ICBP,RG,8125,2,F,KZ,CC,D
13:53:30,ICBP,RG,8150,1,F,KZ,XC,D
13:53:30,ICBP,RG,8150,2,F,KZ,XC,D
13:53:30,ICBP,RG,8150,3,F,KZ,YP,D
13:53:24,ICBP,RG,8125,10,F,BK,CC,D
13:53:23,ICBP,RG,8150,9,F,KZ,YP,D
13:53:23,ICBP,RG,8150,10,F,KZ,GR,D
13:53:23,ICBP,RG,8150,20,F,KZ,YP,D
13:53:23,ICBP,RG,8150,70,F,KZ,ES,D
13:53:23,ICBP,RG,8150,1,F,KZ,CC,D
13:53:23,ICBP,RG,8150,1,F,KZ,KZ,D
13:53:23,ICBP,RG,8150,6,F,KZ,XL,D
13:53:23,ICBP,RG,8150,100,F,KZ,YB,D
13:53:23,ICBP,RG,8150,5,F,KZ,EP,D
13:53:23,ICBP,RG,8150,5,F,KZ,PD,D
13:53:23,ICBP,RG,8150,2,F,KZ,YP,D
13:53:23,ICBP,RG,8150,5,F,KZ,XC,D
13:53:23,ICBP,RG,8150,1,F,KZ,YP,D
13:53:23,ICBP,RG,8150,1,F,KZ,YP,D
13:53:23,ICBP,RG,8150,17,F,KZ,YU,D
13:53:21,ICBP,RG,8150,47,F,KZ,YU,D
13:53:20,ICBP,RG,8150,917,D,BB,YU,D
13:53:20,ICBP,RG,8150,2,D,BB,YP,D
13:53:20,ICBP,RG,8150,1,D,BB,XC,D
13:53:20,ICBP,RG,8150,1,D,BB,YP,D
13:53:20,ICBP,RG,8150,4,D,BB,XC,D
13:53:20,ICBP,RG,8150,50,D,BB,FZ,D
13:53:20,ICBP,RG,8150,1,D,BB,KZ,D
13:53:20,ICBP,RG,8150,4,D,BB,KZ,D
13:53:20,ICBP,RG,8150,2,D,BB,KZ,D
13:53:20,ICBP,RG,8150,2,D,BB,XC,D
13:53:20,ICBP,RG,8150,44,D,BB,XC,D
13:53:20,ICBP,RG,8150,149,D,BB,LG,D
13:53:20,ICBP,RG,8150,124,D,BB,LG,D
13:53:20,ICBP,RG,8150,59,D,BB,LG,D
13:53:20,ICBP,RG,8150,20,D,BB,LG,D
13:53:20,ICBP,RG,8150,14,D,BB,LG,D
13:53:20,ICBP,RG,8150,1,D,BB,SQ,D
13:53:20,ICBP,RG,8150,1,D,BB,SQ,D
13:53:20,ICBP,RG,8150,94,D,BB,IH,D
13:52:56,ICBP,RG,8125,10,F,BK,XC,D
13:52:49,ICBP,RG,8125,1,F,BK,KZ,D
13:52:49,ICBP,RG,8125,9,F,AK,KZ,D
13:52:49,ICBP,RG,8125,14,D,AK,KZ,D
13:52:49,ICBP,RG,8125,23,D,AK,KZ,D
13:52:49,ICBP,RG,8125,5,D,AK,KZ,D
13:52:49,ICBP,RG,8125,70,D,AK,KZ,D
13:52:49,ICBP,RG,8125,9,F,CS,KZ,D
13:52:49,ICBP,RG,8125,1,D,BB,KZ,D
13:52:49,ICBP,RG,8125,1,D,BB,KZ,D
13:52:49,ICBP,RG,8125,3,D,BB,KZ,D
13:52:49,ICBP,RG,8125,11,D,BB,KZ,D
13:52:45,ICBP,RG,8125,5,D,BB,AG,D
13:52:36,ICBP,RG,8150,30,D,DX,IH,D
13:52:21,ICBP,RG,8125,10,D,BB,XL,D
13:52:20,ICBP,RG,8150,26,F,KZ,IH,D
13:52:20,ICBP,RG,8150,21,F,KZ,XC,D
13:52:12,ICBP,RG,8125,1,F,CS,CC,D
13:52:12,ICBP,RG,8125,60,D,BB,CC,D
13:52:11,ICBP,RG,8125,1,F,KZ,CC,D
13:52:10,ICBP,RG,8125,38,D,DX,CC,D
13:52:10,ICBP,RG,8125,30,D,DX,YP,D
13:52:10,ICBP,RG,8125,1,D,DX,PD,D
13:52:10,ICBP,RG,8125,4,D,DX,CC,D
13:52:10,ICBP,RG,8125,3,D,DX,RX,F
13:52:10,ICBP,RG,8125,25,D,DX,SQ,D
13:52:10,ICBP,RG,8125,1,D,DX,CC,D
13:52:10,ICBP,RG,8125,35,D,DX,KZ,D
13:52:10,ICBP,RG,8125,1,D,DX,KZ,D
13:52:10,ICBP,RG,8125,57,D,DX,KZ,D
13:52:10,ICBP,RG,8125,5,D,DX,KZ,D
13:52:02,ICBP,RG,8125,1,D,YP,KZ,D
13:52:00,ICBP,RG,8125,1,F,KZ,KZ,D
13:51:51,ICBP,RG,8125,1,F,KZ,KZ,D
13:51:51,ICBP,RG,8125,53,F,KZ,YP,D
13:51:50,ICBP,RG,8125,10,F,KZ,YP,D
13:51:50,ICBP,RG,8125,1,F,KZ,YP,D
13:51:49,ICBP,RG,8125,10,F,KZ,YP,D
13:51:49,ICBP,RG,8125,9,D,DX,YP,D
13:51:49,ICBP,RG,8125,3,D,DX,KZ,D
13:51:49,ICBP,RG,8125,9,D,DX,CC,D
13:51:49,ICBP,RG,8125,4,D,DX,KZ,D
13:51:49,ICBP,RG,8125,7,D,DX,CC,D
13:51:49,ICBP,RG,8125,8,D,DX,CC,D
13:51:49,ICBP,RG,8125,252,D,DX,CC,D
13:51:49,ICBP,RG,8125,58,D,DX,LG,D
13:51:35,ICBP,RG,8125,44,F,KZ,LG,D
13:51:33,ICBP,RG,8125,25,F,KZ,LG,D
13:51:33,ICBP,RG,8125,22,F,CS,LG,D
13:51:32,ICBP,RG,8125,124,D,DX,LG,D
13:51:32,ICBP,RG,8125,59,D,DX,LG,D
13:51:32,ICBP,RG,8125,20,D,DX,LG,D
13:51:32,ICBP,RG,8125,14,D,DX,LG,D
13:51:32,ICBP,RG,8125,133,D,DX,XC,D
13:51:30,ICBP,RG,8125,1,F,KZ,XC,D
13:51:30,ICBP,RG,8125,1,F,KZ,XC,D
13:51:21,ICBP,RG,8100,5,D,AK,NI,D
13:51:00,ICBP,RG,8100,4,D,AK,CC,D
13:50:52,ICBP,RG,8125,2,D,BB,XC,D
13:50:52,ICBP,RG,8125,10,D,BB,XC,D
13:50:52,ICBP,RG,8125,52,D,BB,CC,D
13:50:41,ICBP,RG,8100,2,D,AK,AZ,D
13:50:23,ICBP,RG,8125,67,F,KZ,CC,D
13:50:20,ICBP,RG,8125,77,D,DX,CC,D
13:50:20,ICBP,RG,8125,15,D,DX,LG,D
13:50:20,ICBP,RG,8125,10,D,DX,PD,D
13:50:20,ICBP,RG,8125,2,D,DX,RX,F
13:50:20,ICBP,RG,8125,4,D,DX,NI,D
13:50:20,ICBP,RG,8125,242,D,DX,CC,F
13:50:20,ICBP,RG,8100,5,D,AK,YP,D
13:50:01,ICBP,RG,8100,7,D,AK,SQ,D
13:49:58,ICBP,RG,8125,37,F,KZ,CC,F
13:49:58,ICBP,RG,8125,200,D,DX,CC,F
13:49:50,ICBP,RG,8125,90,F,KZ,CC,F
13:49:50,ICBP,RG,8100,2,D,AK,CC,D
13:49:50,ICBP,RG,8125,14,F,KZ,CC,F
13:49:46,ICBP,RG,8100,62,D,AK,CC,F
13:49:46,ICBP,RG,8100,20,D,XA,CC,F
13:49:46,ICBP,RG,8100,8,F,BK,CC,F
13:49:46,ICBP,RG,8100,1,F,AK,CC,F
13:49:46,ICBP,RG,8100,2,F,AK,CC,F
13:49:46,ICBP,RG,8100,1,F,AK,CC,F
13:49:46,ICBP,RG,8100,15,D,AI,CC,F
13:49:40,ICBP,RG,8100,53,D,AI,CC,F
13:49:40,ICBP,RG,8100,5,D,PD,CC,F
13:49:40,ICBP,RG,8100,100,D,NI,CC,F
13:49:40,ICBP,RG,8100,100,D,NI,CC,F
13:49:40,ICBP,RG,8100,117,D,BB,CC,F
13:49:40,ICBP,RG,8125,1,F,KZ,CC,F
13:49:40,ICBP,RG,8125,6,F,KZ,CC,F
13:49:32,ICBP,RG,8100,80,D,BB,CC,F
13:49:27,ICBP,RG,8125,7,F,KZ,CC,F
13:49:26,ICBP,RG,8125,28,D,BB,CC,F
13:49:26,ICBP,RG,8125,1,D,BB,XC,D
13:49:26,ICBP,RG,8125,32,D,BB,KZ,D
13:49:02,ICBP,RG,8100,5,D,BB,KK,D
13:48:38,ICBP,RG,8100,4,D,BB,CC,D
13:48:30,ICBP,RG,8125,3,F,KZ,KZ,D
13:48:30,ICBP,RG,8125,3,F,KZ,KZ,D
13:48:23,ICBP,RG,8100,3,D,BB,BK,F
13:48:09,ICBP,RG,8125,3,F,KZ,KZ,D
13:48:09,ICBP,RG,8125,1,D,KK,KZ,D
13:48:07,ICBP,RG,8125,9,F,KZ,KZ,D
13:48:06,ICBP,RG,8125,18,D,BB,KZ,D
13:48:06,ICBP,RG,8125,45,D,BB,KZ,D
13:48:06,ICBP,RG,8125,2,D,BB,YP,D
13:48:06,ICBP,RG,8125,1,D,BB,KZ,D
13:47:57,ICBP,RG,8125,8,F,BK,KZ,D
13:47:35,ICBP,RG,8100,1,D,BB,XL,D
13:47:24,ICBP,RG,8100,4,D,BB,CC,D
13:47:20,ICBP,RG,8125,1,F,KZ,KZ,D
13:47:20,ICBP,RG,8125,1,F,KZ,KZ,D
13:47:20,ICBP,RG,8125,1,F,KZ,KZ,D
13:47:12,ICBP,RG,8125,2,D,PD,KZ,D
13:46:37,ICBP,RG,8125,1,F,KZ,CC,D
13:46:36,ICBP,RG,8125,7,D,BB,CC,D
13:46:36,ICBP,RG,8125,5,D,BB,DR,D
13:46:36,ICBP,RG,8125,3,D,BB,YP,D
13:46:36,ICBP,RG,8125,2,D,BB,CC,D
13:46:20,ICBP,RG,8125,2,F,KZ,CC,D
13:46:20,ICBP,RG,8125,2,F,KZ,CC,D
13:46:20,ICBP,RG,8125,1,F,KZ,CC,D
13:46:20,ICBP,RG,8125,3,F,KZ,CC,D
13:46:11,ICBP,RG,8125,1,F,KZ,CC,D
13:46:10,ICBP,RG,8125,4,F,CS,CC,D
13:46:10,ICBP,RG,8125,1,F,CS,CC,D
13:46:07,ICBP,RG,8125,4,F,KZ,CC,D
13:46:07,ICBP,RG,8125,1,F,KZ,NI,D
13:46:07,ICBP,RG,8125,3,F,KZ,XC,D
13:46:07,ICBP,RG,8125,8,F,KZ,PD,D
13:46:07,ICBP,RG,8125,24,F,KZ,CC,F
13:46:07,ICBP,RG,8125,2,F,KZ,XL,D
13:46:07,ICBP,RG,8125,12,F,KZ,DR,D
13:46:07,ICBP,RG,8125,8,F,KZ,KK,D
13:46:03,ICBP,RG,8100,127,D,BB,ZP,D
13:46:03,ICBP,RG,8100,108,D,BB,ZP,D
13:46:03,ICBP,RG,8100,165,D,BB,ZP,D
13:45:43,ICBP,RG,8100,4,D,BB,KZ,D
13:45:27,ICBP,RG,8125,2,F,KZ,KK,D
13:45:27,ICBP,RG,8125,1,F,KZ,KZ,D
13:45:27,ICBP,RG,8125,58,F,KZ,KZ,D
13:45:27,ICBP,RG,8125,7,F,KZ,KZ,D
13:45:27,ICBP,RG,8125,4,F,KZ,KZ,D
13:45:27,ICBP,RG,8125,1,F,KZ,CC,D
13:45:27,ICBP,RG,8125,1,F,KZ,XL,D
13:45:27,ICBP,RG,8125,13,F,KZ,XC,D
13:45:27,ICBP,RG,8125,20,F,KZ,GR,D
13:45:27,ICBP,RG,8125,13,F,KZ,BK,F
13:45:27,ICBP,RG,8125,7,F,KZ,DR,D
13:45:27,ICBP,RG,8125,35,F,KZ,OD,D
13:45:25,ICBP,RG,8125,4,F,KZ,OD,D
13:45:24,ICBP,RG,8125,61,D,BB,OD,D
13:45:24,ICBP,RG,8125,1,D,BB,PD,D
13:45:24,ICBP,RG,8125,3,D,BB,PD,D
13:45:24,ICBP,RG,8125,1,D,BB,YP,D
13:45:24,ICBP,RG,8125,5,D,BB,PD,D
13:45:24,ICBP,RG,8125,4,D,BB,KZ,D
13:45:24,ICBP,RG,8125,58,D,BB,KZ,D
13:45:24,ICBP,RG,8125,8,D,BB,KZ,D
13:45:24,ICBP,RG,8125,2,D,BB,KZ,D
13:45:24,ICBP,RG,8125,34,D,BB,KZ,D
13:45:24,ICBP,RG,8125,299,D,BB,LG,D
13:45:24,ICBP,RG,8125,249,D,BB,LG,D
13:45:24,ICBP,RG,8125,119,D,BB,LG,D
13:45:24,ICBP,RG,8125,40,D,BB,LG,D
13:45:24,ICBP,RG,8125,14,D,BB,LG,D
13:45:20,ICBP,RG,8100,1,D,BB,NI,D
13:44:59,ICBP,RG,8100,8,D,BB,CC,D
13:44:57,ICBP,RG,8125,15,F,KZ,LG,D
13:44:57,ICBP,RG,8125,7,F,KZ,BK,F
13:44:55,ICBP,RG,8125,114,D,BB,BK,F
13:44:54,ICBP,RG,8100,3,D,BB,CC,D
13:44:51,ICBP,RG,8125,2,F,KZ,BK,F
13:44:50,ICBP,RG,8125,1,F,KZ,BK,F
13:44:44,ICBP,RG,8100,8,D,BB,BK,F
13:44:43,ICBP,RG,8100,1,D,BB,NI,D
13:44:42,ICBP,RG,8100,6,D,BB,CC,D
13:44:41,ICBP,RG,8125,2,F,KZ,BK,F
13:44:40,ICBP,RG,8125,1,F,KZ,BK,F
13:44:38,ICBP,RG,8100,9,D,BB,CC,D
13:43:50,ICBP,RG,8125,5,D,PD,BK,F
13:43:50,ICBP,RG,8125,1,F,KZ,BK,F
13:43:43,ICBP,RG,8100,2,D,BB,XA,D
13:43:36,ICBP,RG,8100,4,D,BB,CC,D
13:43:20,ICBP,RG,8125,5,D,PD,BK,F
13:43:15,ICBP,RG,8125,2,F,KZ,BK,F
13:43:14,ICBP,RG,8125,1,F,KZ,BK,F
13:43:09,ICBP,RG,8100,10,D,BB,KK,D
13:42:51,ICBP,RG,8100,4,D,BB,PD,D
13:42:42,ICBP,RG,8125,2,F,KZ,BK,F
13:42:41,ICBP,RG,8125,7,F,KZ,BK,F
13:42:39,ICBP,RG,8100,46,D,BB,CC,D
13:42:39,ICBP,RG,8100,1,D,XL,CC,D
13:42:39,ICBP,RG,8100,2,D,CC,CC,D
13:42:39,ICBP,RG,8100,1,D,XC,CC,D
13:42:31,ICBP,RG,8100,1,D,XC,BQ,D
13:42:27,ICBP,RG,8125,2,F,KZ,BK,F
13:42:26,ICBP,RG,8125,21,F,KZ,BK,F
13:42:24,ICBP,RG,8100,3,D,XC,BK,F
13:42:24,ICBP,RG,8100,1,D,XC,BK,F
13:42:24,ICBP,RG,8100,1,D,DX,BK,F
13:42:24,ICBP,RG,8100,2,D,YP,BK,F
13:42:24,ICBP,RG,8100,1,D,YP,BK,F
13:42:24,ICBP,RG,8125,29,D,BB,BK,F
13:42:24,ICBP,RG,8125,83,D,BB,CC,F
13:42:22,ICBP,RG,8100,3,D,KK,CC,D
13:42:05,ICBP,RG,8125,7,F,KZ,CC,F
13:42:03,ICBP,RG,8100,2,D,KK,KZ,D
13:42:03,ICBP,RG,8100,2,D,NI,KZ,D
13:42:03,ICBP,RG,8100,3,D,YP,KZ,D
13:42:03,ICBP,RG,8100,30,D,AZ,KZ,D
13:41:58,ICBP,RG,8100,2,D,AZ,KZ,D
13:41:39,ICBP,RG,8100,1,D,AZ,CC,D
13:41:08,ICBP,RG,8125,3,F,KZ,CC,F
13:41:06,ICBP,RG,8100,5,D,AZ,CC,D
13:41:06,ICBP,RG,8100,1,D,AZ,BQ,D
13:41:05,ICBP,RG,8100,8,D,AZ,CC,D
13:40:58,ICBP,RG,8125,2,F,KZ,CC,F
13:40:56,ICBP,RG,8100,3,D,AZ,CC,D
13:40:56,ICBP,RG,8100,4,D,CC,CC,D
13:40:56,ICBP,RG,8100,8,D,CC,CC,D
13:39:54,ICBP,RG,8125,91,D,BB,CC,F
13:39:54,ICBP,RG,8125,2,D,BB,PD,D
13:39:54,ICBP,RG,8125,8,D,BB,BK,F
13:39:54,ICBP,RG,8125,5,D,BB,RX,F
13:39:54,ICBP,RG,8125,10,D,BB,SF,D
13:39:48,ICBP,RG,8100,4,D,CC,CC,D
13:39:39,ICBP,RG,8125,23,D,BB,SF,D
13:39:18,ICBP,RG,8100,25,D,CC,KK,D
13:39:13,ICBP,RG,8100,42,D,CC,YP,D
13:39:10,ICBP,RG,8100,17,D,CC,YP,D
13:39:10,ICBP,RG,8100,1,D,DR,YP,D
13:39:10,ICBP,RG,8100,1,D,PD,YP,D
13:39:10,ICBP,RG,8100,125,D,GR,YP,D
13:39:10,ICBP,RG,8100,1,D,DH,YP,D
13:39:10,ICBP,RG,8100,6,D,CC,YP,D
13:39:10,ICBP,RG,8100,1,D,YP,YP,D
13:39:10,ICBP,RG,8100,5,D,CC,YP,D
13:39:10,ICBP,RG,8100,3,D,AZ,YP,D
13:39:10,ICBP,RG,8100,1,D,YP,YP,D
13:39:10,ICBP,RG,8100,4,D,YP,YP,D
13:39:10,ICBP,RG,8100,1,D,NI,YP,D
13:39:10,ICBP,RG,8100,3,D,YP,YP,D
13:39:10,ICBP,RG,8100,30,D,PD,YP,D
13:39:10,ICBP,RG,8100,192,D,YU,YP,D
13:38:57,ICBP,RG,8100,5,D,YU,DR,D
13:38:42,ICBP,RG,8100,2,D,YU,EP,D
13:38:38,ICBP,RG,8100,2,D,YU,CC,D
13:38:26,ICBP,RG,8100,2,D,YU,XC,D
13:38:21,ICBP,RG,8100,1,D,YU,PD,D
13:38:08,ICBP,RG,8100,2,D,YU,XC,D
13:37:49,ICBP,RG,8100,1,D,YU,YP,D
13:37:34,ICBP,RG,8125,17,D,XA,SF,D
13:37:34,ICBP,RG,8125,1,D,XA,KZ,D
13:37:34,ICBP,RG,8125,1,D,XA,KZ,D
13:37:34,ICBP,RG,8125,1,D,XA,KZ,D
13:37:26,ICBP,RG,8100,4,D,YU,CC,D
13:37:25,ICBP,RG,8100,10,D,YU,EP,D
13:37:19,ICBP,RG,8125,83,D,BB,KZ,D
13:37:19,ICBP,RG,8125,3,D,BB,CC,D
13:37:09,ICBP,RG,8125,2,D,XL,CC,D
13:36:41,ICBP,RG,8125,3,D,CC,CC,D
13:36:32,ICBP,RG,8125,30,D,BB,CC,F
13:36:32,ICBP,RG,8125,8,F,BK,CC,F
13:36:32,ICBP,RG,8125,29,D,AK,CC,F
13:36:26,ICBP,RG,8125,35,D,AK,CC,F
13:36:19,ICBP,RG,8125,1,D,AK,LS,D
13:36:18,ICBP,RG,8125,20,D,AK,CC,F
13:36:08,ICBP,RG,8125,3,D,AK,CC,D
13:35:58,ICBP,RG,8125,22,D,AK,LG,D
13:35:58,ICBP,RG,8125,1,D,CC,LG,D
13:35:58,ICBP,RG,8125,2,F,AK,LG,D
13:35:58,ICBP,RG,8125,93,D,AK,LG,D
13:35:58,ICBP,RG,8125,10,F,BK,LG,D
13:35:58,ICBP,RG,8125,16,F,CS,LG,D
13:35:58,ICBP,RG,8125,5,D,BB,LG,D
13:35:58,ICBP,RG,8125,124,D,BB,LG,D
13:35:58,ICBP,RG,8125,59,D,BB,LG,D
13:35:58,ICBP,RG,8125,19,D,BB,LG,D
13:35:58,ICBP,RG,8125,14,D,BB,LG,D
13:35:54,ICBP,RG,8125,11,D,BB,YU,D
13:35:28,ICBP,RG,8125,25,D,BB,KK,D
13:35:05,ICBP,RG,8125,9,D,BB,YP,D
13:34:50,ICBP,RG,8125,30,D,BB,YP,D
13:34:46,ICBP,RG,8125,25,D,BB,PD,D
13:34:39,ICBP,RG,8125,60,D,BB,DH,D
13:34:38,ICBP,RG,8125,10,D,BB,CC,D
13:34:37,ICBP,RG,8125,1,D,BB,AZ,D
13:34:26,ICBP,RG,8125,1,D,BB,XC,D
13:34:23,ICBP,RG,8125,6,D,BB,YP,D
13:34:02,ICBP,RG,8125,2,D,BB,LG,D
13:33:57,ICBP,RG,8125,3,D,BB,CC,D
13:33:54,ICBP,RG,8125,5,D,BB,CC,D
13:33:54,ICBP,RG,8125,4,D,BB,CC,D
13:33:54,ICBP,RG,8125,7,D,BB,CC,D
13:33:54,ICBP,RG,8125,12,D,BB,AT,D
13:33:54,ICBP,RG,8125,4,D,BB,RX,F
13:33:54,ICBP,RG,8125,2,D,BB,KZ,D
13:33:54,ICBP,RG,8125,4,D,BB,KZ,D
13:33:54,ICBP,RG,8125,6,D,BB,KZ,D
13:33:54,ICBP,RG,8125,8,D,BB,KZ,D
13:33:54,ICBP,RG,8125,1,D,BB,KZ,D
13:33:54,ICBP,RG,8125,19,D,BB,KZ,D
13:33:54,ICBP,RG,8125,24,D,BB,KZ,D
13:33:46,ICBP,RG,8125,56,D,BB,KZ,D
13:33:46,ICBP,RG,8125,135,D,BB,KZ,D
13:33:46,ICBP,RG,8125,23,D,BB,BK,F
13:33:46,ICBP,RG,8125,53,D,BB,BK,F
13:33:46,ICBP,RG,8125,483,D,BB,YP,D
13:33:40,ICBP,RG,8100,4,D,YU,CC,D
13:33:28,ICBP,RG,8100,8,D,YU,BK,F
13:33:28,ICBP,RG,8100,1,D,YU,CC,D
13:33:00,ICBP,RG,8100,1,D,YU,YP,D
13:32:34,ICBP,RG,8100,2,D,YU,XL,D
13:32:29,ICBP,RG,8100,7,D,YU,YP,D
13:32:28,ICBP,RG,8100,2,D,YU,CC,D
13:32:19,ICBP,RG,8125,62,D,AZ,YP,D
13:32:13,ICBP,RG,8100,4,D,YU,BK,F
13:32:13,ICBP,RG,8100,1,D,YP,BK,F
13:32:13,ICBP,RG,8100,2,D,YP,BK,F
13:32:13,ICBP,RG,8100,1,D,CC,BK,F
13:32:09,ICBP,RG,8125,2,F,AK,YP,D
13:32:08,ICBP,RG,8125,13,F,CS,YP,D
13:32:08,ICBP,RG,8125,100,D,NI,YP,D
13:32:08,ICBP,RG,8125,5,D,EP,YP,D
13:32:08,ICBP,RG,8125,224,D,BB,YP,D
13:32:08,ICBP,RG,8125,12,F,CS,YP,D
13:32:08,ICBP,RG,8125,96,D,AK,YP,D
13:32:08,ICBP,RG,8125,8,F,BK,YP,D
13:32:08,ICBP,RG,8125,3,F,AK,YP,D
13:32:08,ICBP,RG,8125,1,F,AK,YP,D
13:32:08,ICBP,RG,8125,2,D,YP,YP,D
13:32:08,ICBP,RG,8125,6,D,CC,YP,D
13:32:08,ICBP,RG,8125,74,D,BB,YP,D
13:32:08,ICBP,RG,8125,8,D,BB,YP,D
13:32:08,ICBP,RG,8125,1,D,XC,YP,D
13:32:08,ICBP,RG,8125,6,D,CC,YP,D
13:32:08,ICBP,RG,8125,2,D,PD,YP,D
13:32:08,ICBP,RG,8125,10,D,PD,YP,D
13:32:08,ICBP,RG,8125,3,D,IF,YP,D
13:32:08,ICBP,RG,8125,3,D,YP,YP,D
13:32:08,ICBP,RG,8125,8,D,CC,YP,D
13:32:08,ICBP,RG,8125,1,D,XL,YP,D
13:32:08,ICBP,RG,8125,1,D,PD,YP,D
13:32:08,ICBP,RG,8125,5,D,XC,YP,D
13:32:08,ICBP,RG,8125,1,D,XC,YP,D
13:32:08,ICBP,RG,8125,1,D,KK,YP,D
13:32:08,ICBP,RG,8125,1,D,OD,YP,D
13:32:08,ICBP,RG,8125,13,D,EP,YP,D
13:32:08,ICBP,RG,8125,1,D,PD,YP,D
13:32:08,ICBP,RG,8125,1,D,PD,YP,D
13:32:08,ICBP,RG,8125,3,D,TP,YP,D
13:32:08,ICBP,RG,8125,10,D,PD,YP,D
13:32:08,ICBP,RG,8125,10,D,DR,YP,D
13:32:08,ICBP,RG,8125,1,D,PD,YP,D
13:32:08,ICBP,RG,8125,3,D,TP,YP,D
13:32:08,ICBP,RG,8125,1,D,KK,YP,D
13:32:08,ICBP,RG,8125,1,D,CC,YP,D
13:32:08,ICBP,RG,8125,2,D,YP,YP,D
13:32:08,ICBP,RG,8125,1,D,OD,YP,D
13:32:08,ICBP,RG,8125,1,D,XL,YP,D
13:32:08,ICBP,RG,8125,4,D,XC,YP,D
13:32:08,ICBP,RG,8125,2,D,CC,YP,D
13:32:08,ICBP,RG,8125,20,D,NI,YP,D
13:32:08,ICBP,RG,8125,28,D,CC,YP,D
13:32:06,ICBP,RG,8125,1,D,CC,XC,D
13:31:48,ICBP,RG,8125,11,D,CC,SQ,D
13:31:48,ICBP,RG,8125,1,D,YP,SQ,D
13:31:34,ICBP,RG,8150,6,D,CP,XC,D
13:31:34,ICBP,RG,8150,24,D,CP,CC,D
13:31:18,ICBP,RG,8150,4,D,XC,CC,D
13:31:07,ICBP,RG,8150,2,D,XC,CC,D
13:30:15,ICBP,RG,8150,13,D,YP,CC,D
13:30:07,ICBP,RG,8150,6,F,AK,CC,D
13:30:05,ICBP,RG,8150,1,D,YP,CC,D
13:30:05,ICBP,RG,8150,2,D,YP,CC,D
13:30:05,ICBP,RG,8150,1,D,XC,CC,D
13:30:05,ICBP,RG,8150,1,D,XC,CC,D
13:30:05,ICBP,RG,8150,10,D,XC,CC,D
13:30:05,ICBP,RG,8150,1,F,AK,CC,D
13:30:05,ICBP,RG,8150,2,D,XC,CC,D
13:30:05,ICBP,RG,8150,3,D,YP,CC,D
13:30:04,ICBP,RG,8150,1,D,XC,CC,D
13:30:04,ICBP,RG,8150,38,D,CC,CC,D
13:30:04,ICBP,RG,8150,2,D,XC,CC,D
13:30:04,ICBP,RG,8150,7,D,XC,CC,D
13:30:04,ICBP,RG,8150,3,D,PD,CC,D
13:30:04,ICBP,RG,8150,1,D,PD,CC,D
13:30:04,ICBP,RG,8150,6,D,LG,CC,D
13:30:04,ICBP,RG,8150,1,D,DH,CC,D
13:30:04,ICBP,RG,8150,1,D,YP,CC,D
13:30:04,ICBP,RG,8150,2,D,DR,CC,D
13:30:04,ICBP,RG,8150,50,D,ZP,CC,D
13:30:04,ICBP,RG,8150,10,D,LG,CC,D
13:30:04,ICBP,RG,8150,1,D,BB,CC,D
13:30:04,ICBP,RG,8150,2,D,XA,CC,D
13:30:04,ICBP,RG,8150,1,D,CC,CC,D
13:30:04,ICBP,RG,8150,6,D,YP,CC,D
13:30:04,ICBP,RG,8150,1,D,PD,CC,D
13:30:04,ICBP,RG,8150,3,F,CS,CC,D
13:30:04,ICBP,RG,8150,1,D,CC,CC,D
13:30:04,ICBP,RG,8150,1,D,PD,CC,D
13:30:04,ICBP,RG,8150,30,D,ZP,CC,D
13:30:04,ICBP,RG,8150,42,D,GR,CC,D
13:30:04,ICBP,RG,8175,74,D,AK,SQ,D
13:30:04,ICBP,RG,8175,6,D,AK,CC,D
13:30:04,ICBP,RG,8175,2,D,AK,KZ,D
13:30:04,ICBP,RG,8175,53,D,AK,KZ,D
13:30:04,ICBP,RG,8175,32,D,AK,KZ,D
13:30:04,ICBP,RG,8175,9,D,AK,KZ,D
13:30:04,ICBP,RG,8175,4,D,AK,KZ,D
13:30:04,ICBP,RG,8175,1,D,AK,KZ,D
13:30:04,ICBP,RG,8175,1,D,AK,YP,D
13:30:04,ICBP,RG,8175,39,D,AK,AZ,D
13:30:04,ICBP,RG,8150,1,D,YP,PD,D
13:30:04,ICBP,RG,8150,13,F,CS,PD,D
13:30:04,ICBP,RG,8150,1,D,CC,PD,D
13:30:04,ICBP,RG,8150,5,D,DX,PD,D
13:30:03,ICBP,RG,8150,2,F,BK,DX,D
13:30:03,ICBP,RG,8175,1,D,PD,AZ,D
13:30:03,ICBP,RG,8150,1,F,BK,PD,D
13:30:03,ICBP,RG,8175,2,D,YP,AZ,D
13:30:03,ICBP,RG,8175,10,D,YP,AZ,D
13:30:02,ICBP,RG,8175,15,D,YP,AZ,D
13:30:02,ICBP,RG,8175,3,D,YP,AZ,D
13:30:02,ICBP,RG,8175,2,D,YP,BQ,D
13:30:02,ICBP,RG,8175,2,D,YP,GR,D
13:30:02,ICBP,RG,8175,2,D,YP,NI,D
13:30:02,ICBP,RG,8175,15,D,YP,CC,D
13:30:02,ICBP,RG,8175,1,D,YP,IF,D
13:30:02,ICBP,RG,8150,2,F,BK,PD,D
13:30:02,ICBP,RG,8150,1,F,CS,PD,D
13:30:02,ICBP,RG,8175,3,D,PD,XC,D
13:30:02,ICBP,RG,8175,2,D,PD,XC,D
13:30:02,ICBP,RG,8175,1,D,PD,BK,F
13:30:01,ICBP,RG,8150,2,F,CS,AZ,D
13:30:01,ICBP,RG,8150,2,F,CS,PD,D
13:30:01,ICBP,RG,8175,1,D,PD,BK,F
13:30:01,ICBP,RG,8175,4,D,PD,YP,D
13:30:01,ICBP,RG,8150,5,F,CS,GR,D
13:30:01,ICBP,RG,8150,1,F,CS,GR,D
13:30:01,ICBP,RG,8150,1,F,CS,EP,D
11:29:58,ICBP,RG,8175,1,F,KZ,YP,D
11:29:57,ICBP,RG,8175,2,D,XA,YP,D
11:29:56,ICBP,RG,8175,2,D,AK,YP,D
11:29:56,ICBP,RG,8175,1,D,AK,YP,D
11:29:56,ICBP,RG,8175,1,D,AK,YP,D
11:29:56,ICBP,RG,8175,7,F,KZ,YP,D
11:29:55,ICBP,RG,8175,1,F,KZ,YP,D
11:29:55,ICBP,RG,8175,1,F,KZ,YP,D
11:29:52,ICBP,RG,8150,2,D,BB,NI,D
11:29:49,ICBP,RG,8150,3,D,BB,CC,D
11:29:47,ICBP,RG,8175,26,D,BB,YP,D
11:29:46,ICBP,RG,8150,4,D,BB,CC,D
11:29:45,ICBP,RG,8175,3,F,KZ,YP,D
11:29:45,ICBP,RG,8175,1,F,KZ,YP,D
11:29:45,ICBP,RG,8175,3,F,KZ,KZ,D
11:29:45,ICBP,RG,8175,9,F,KZ,KZ,D
11:29:45,ICBP,RG,8175,1,F,KZ,KZ,D
11:29:44,ICBP,RG,8150,5,D,BB,CC,D
11:29:36,ICBP,RG,8175,2,F,KZ,KZ,D
11:29:35,ICBP,RG,8175,1,D,BB,KZ,D
11:29:35,ICBP,RG,8175,8,D,BB,KZ,D
11:29:35,ICBP,RG,8175,1,F,KZ,KZ,D
11:29:35,ICBP,RG,8175,2,F,KZ,KZ,D
11:29:35,ICBP,RG,8175,1,F,KZ,KZ,D
11:29:35,ICBP,RG,8175,2,F,KZ,KZ,D
11:29:34,ICBP,RG,8175,22,D,AK,KZ,D
11:29:34,ICBP,RG,8175,3,D,AK,KZ,D
11:29:30,ICBP,RG,8175,16,D,BB,KZ,D
11:29:30,ICBP,RG,8175,8,D,AK,KZ,D
11:29:30,ICBP,RG,8175,2,D,AK,KZ,D
11:29:15,ICBP,RG,8175,1,D,BB,KZ,D
11:29:15,ICBP,RG,8175,13,D,AK,KZ,D
11:29:15,ICBP,RG,8175,8,F,BK,KZ,D
11:28:59,ICBP,RG,8175,2,D,BB,KZ,D
11:28:54,ICBP,RG,8175,1,F,AK,KZ,D
11:28:51,ICBP,RG,8175,1,D,BB,KZ,D
11:28:36,ICBP,RG,8175,2,D,BB,KZ,D
11:28:19,ICBP,RG,8175,2,D,BB,KZ,D
11:27:48,ICBP,RG,8175,5,D,XA,KZ,D
11:27:44,ICBP,RG,8150,6,D,BB,CC,D
11:27:42,ICBP,RG,8175,2,D,BB,KZ,D
11:27:39,ICBP,RG,8175,2,D,CC,KZ,D
11:27:37,ICBP,RG,8175,4,D,DH,KZ,D
11:27:37,ICBP,RG,8175,6,D,DH,KZ,D
11:27:34,ICBP,RG,8150,1,D,BB,YP,D
11:27:25,ICBP,RG,8175,5,F,BK,KZ,D
11:27:25,ICBP,RG,8175,2,F,BK,KZ,D
11:27:22,ICBP,RG,8150,8,D,BB,CC,D
11:27:06,ICBP,RG,8150,1,D,BB,LG,D
11:26:59,ICBP,RG,8150,1,D,BB,PD,D
11:26:42,ICBP,RG,8150,6,D,BB,CC,D
11:26:41,ICBP,RG,8175,4,D,BB,KZ,D
11:26:41,ICBP,RG,8175,2,D,BB,KZ,D
11:26:41,ICBP,RG,8175,5,D,BB,YP,D
11:26:41,ICBP,RG,8175,5,D,BB,YP,D
11:26:36,ICBP,RG,8175,5,F,KZ,PD,D
11:26:36,ICBP,RG,8175,1,F,KZ,PD,D
11:26:36,ICBP,RG,8175,17,F,KZ,YJ,F
11:26:36,ICBP,RG,8150,1,D,BB,NI,D
11:26:36,ICBP,RG,8175,131,D,BB,YJ,F
11:26:30,ICBP,RG,8175,17,F,KZ,YJ,F
11:26:30,ICBP,RG,8175,135,D,AK,YJ,F
11:26:30,ICBP,RG,8175,46,D,AK,SQ,D
11:26:28,ICBP,RG,8175,1,D,BB,SQ,D
11:26:27,ICBP,RG,8150,1,D,BB,YP,D
11:26:24,ICBP,RG,8150,2,D,BB,XC,D
11:26:14,ICBP,RG,8175,13,D,BB,SQ,D
11:26:09,ICBP,RG,8150,5,D,BB,XL,D
11:26:02,ICBP,RG,8175,23,D,BB,SQ,D
11:25:54,ICBP,RG,8175,4,F,AK,SQ,D
11:25:48,ICBP,RG,8175,4,D,BB,SQ,D
11:25:43,ICBP,RG,8150,79,D,BB,KZ,D
11:25:43,ICBP,RG,8150,9,D,BB,KZ,D
11:25:43,ICBP,RG,8150,1,D,BB,KZ,D
11:25:43,ICBP,RG,8150,22,D,BB,KZ,D
11:25:43,ICBP,RG,8150,38,F,KZ,KZ,D
11:25:43,ICBP,RG,8150,37,D,BB,KZ,D
11:25:43,ICBP,RG,8150,1,D,XL,KZ,D
11:25:43,ICBP,RG,8150,20,F,KZ,KZ,D
11:25:43,ICBP,RG,8150,6,F,CS,KZ,D
11:25:43,ICBP,RG,8150,9,D,AK,KZ,D
11:25:43,ICBP,RG,8150,6,D,AK,KZ,D
11:25:43,ICBP,RG,8150,19,D,AK,KZ,D
11:25:37,ICBP,RG,8175,4,F,KZ,SQ,D
11:25:37,ICBP,RG,8175,23,D,BB,SQ,D
11:25:34,ICBP,RG,8150,5,D,AK,YP,D
11:25:32,ICBP,RG,8175,5,F,KZ,SQ,D
11:25:30,ICBP,RG,8175,1,F,KZ,SQ,D
11:25:30,ICBP,RG,8175,26,D,BB,SQ,D
11:25:30,ICBP,RG,8175,2,D,BB,CC,D
11:25:30,ICBP,RG,8175,1,D,BB,MU,D
11:25:24,ICBP,RG,8175,1,F,AK,MU,D
11:25:20,ICBP,RG,8175,2,F,KZ,MU,D
11:25:18,ICBP,RG,8175,1,F,KZ,MU,D
11:25:18,ICBP,RG,8175,10,D,BB,YP,D
11:25:18,ICBP,RG,8175,6,D,BB,XC,D
11:25:12,ICBP,RG,8175,3,F,KZ,XC,D
11:25:12,ICBP,RG,8175,21,D,BB,XC,D
11:25:11,ICBP,RG,8175,1,D,OD,XC,D
11:25:06,ICBP,RG,8175,4,F,KZ,XC,D
11:25:04,ICBP,RG,8175,2,F,KZ,XC,D
11:25:04,ICBP,RG,8175,20,D,BB,XC,D
11:25:04,ICBP,RG,8175,14,D,BB,NI,D
11:24:57,ICBP,RG,8175,1,F,KZ,NI,D
11:24:56,ICBP,RG,8175,1,D,YP,NI,D
11:24:55,ICBP,RG,8175,9,F,KZ,NI,D
11:24:53,ICBP,RG,8175,4,F,KZ,NI,D
11:24:53,ICBP,RG,8175,46,D,BB,NI,D
11:24:53,ICBP,RG,8175,1,D,BB,XC,D
11:24:53,ICBP,RG,8175,5,D,BB,XC,D
11:24:53,ICBP,RG,8175,2,D,BB,PD,D
11:24:53,ICBP,RG,8175,20,D,BB,KK,D
11:24:53,ICBP,RG,8175,1,D,BB,XC,D
11:24:53,ICBP,RG,8175,1,D,BB,PD,D
11:24:53,ICBP,RG,8175,2,D,BB,CC,D
11:24:51,ICBP,RG,8175,4,F,KZ,CC,D
11:24:51,ICBP,RG,8175,13,F,KZ,CC,D
11:24:50,ICBP,RG,8175,29,D,BB,CC,D
11:24:49,ICBP,RG,8175,1,F,KZ,CC,D
11:24:49,ICBP,RG,8175,57,D,AK,CC,D
11:24:49,ICBP,RG,8175,8,D,AK,BK,F
11:24:49,ICBP,RG,8175,3,D,AK,YP,D
11:24:39,ICBP,RG,8175,1,F,AK,YP,D
11:24:36,ICBP,RG,8175,3,F,KZ,YP,D
11:24:34,ICBP,RG,8175,4,F,KZ,YP,D
11:24:34,ICBP,RG,8175,9,D,BB,YP,D
11:24:34,ICBP,RG,8175,5,D,BB,CC,D
11:24:34,ICBP,RG,8175,4,D,BB,RX,F
11:24:34,ICBP,RG,8175,22,D,BB,AZ,D
11:24:25,ICBP,RG,8175,2,F,KZ,AZ,D
11:24:25,ICBP,RG,8175,4,F,KZ,LS,D
11:24:25,ICBP,RG,8175,2,F,KZ,KZ,D
11:24:25,ICBP,RG,8175,7,F,KZ,BK,F
11:24:23,ICBP,RG,8175,1,F,KZ,BK,F
11:24:23,ICBP,RG,8175,7,F,KZ,KZ,D
11:24:23,ICBP,RG,8175,41,D,BB,KZ,D
11:24:23,ICBP,RG,8175,26,D,BB,KZ,D
11:24:23,ICBP,RG,8175,4,D,BB,KZ,D
11:24:23,ICBP,RG,8175,6,D,BB,KZ,D
11:24:23,ICBP,RG,8175,10,D,BB,CC,D
11:24:23,ICBP,RG,8175,45,D,BB,PD,D
11:24:14,ICBP,RG,8175,1,F,KZ,PD,D
11:24:14,ICBP,RG,8175,5,D,YP,PD,D
11:24:10,ICBP,RG,8175,25,F,KZ,PD,D
11:24:08,ICBP,RG,8175,4,F,KZ,PD,D
11:24:08,ICBP,RG,8175,3,F,KZ,SQ,D
11:24:08,ICBP,RG,8175,44,D,BB,SQ,D
11:24:07,ICBP,RG,8175,19,D,BB,SQ,D
11:24:07,ICBP,RG,8175,10,D,BB,SQ,D
11:24:07,ICBP,RG,8175,1,D,BB,SQ,D
11:24:07,ICBP,RG,8175,10,D,BB,YJ,D
11:24:07,ICBP,RG,8175,1,D,BB,XC,D
11:24:07,ICBP,RG,8175,50,D,BB,YP,D
11:24:07,ICBP,RG,8175,1,D,BB,XC,D
11:24:07,ICBP,RG,8175,6,D,BB,SQ,D
11:24:07,ICBP,RG,8175,40,D,BB,YP,D
11:23:59,ICBP,RG,8175,2,D,KK,YP,D
11:23:58,ICBP,RG,8175,2,F,KZ,YP,D
11:23:56,ICBP,RG,8175,2,F,KZ,YP,D
11:23:56,ICBP,RG,8175,4,D,BB,YP,D
11:23:56,ICBP,RG,8175,5,D,BB,EP,D
11:23:56,ICBP,RG,8175,1,D,BB,YP,D
11:23:56,ICBP,RG,8175,8,D,BB,YP,D
11:23:55,ICBP,RG,8175,23,F,KZ,YP,D
11:23:55,ICBP,RG,8175,2,F,KZ,YP,D
11:23:53,ICBP,RG,8175,17,D,BB,YP,D
11:23:53,ICBP,RG,8175,1,D,BB,YP,D
11:23:53,ICBP,RG,8175,8,D,BB,YP,D
11:23:53,ICBP,RG,8175,102,D,BB,CC,F
11:23:52,ICBP,RG,8150,7,D,AK,CC,D
11:23:42,ICBP,RG,8150,55,D,AK,AZ,D
11:23:42,ICBP,RG,8150,1,F,KZ,AZ,D
11:23:42,ICBP,RG,8150,8,F,BK,AZ,D
11:23:42,ICBP,RG,8150,1,F,KZ,AZ,D
11:23:42,ICBP,RG,8150,6,D,YP,AZ,D
11:23:42,ICBP,RG,8150,5,F,CS,AZ,D
11:23:42,ICBP,RG,8150,1,F,AK,AZ,D
11:23:42,ICBP,RG,8150,21,F,KZ,AZ,D
11:23:42,ICBP,RG,8150,4,F,CS,AZ,D
11:23:42,ICBP,RG,8150,2,F,CS,AZ,D
11:23:42,ICBP,RG,8150,53,D,BB,AZ,D
11:23:40,ICBP,RG,8150,6,D,BB,CC,D
11:23:37,ICBP,RG,8175,4,F,KZ,CC,F
11:23:37,ICBP,RG,8175,23,D,BB,CC,F
11:23:27,ICBP,RG,8175,5,F,KZ,CC,F
11:23:27,ICBP,RG,8175,26,D,BB,CC,F
11:23:26,ICBP,RG,8175,2,F,KZ,CC,F
11:23:24,ICBP,RG,8150,10,D,BB,SQ,D
11:23:18,ICBP,RG,8175,4,F,KZ,CC,F
11:23:17,ICBP,RG,8175,27,D,BB,CC,F
11:23:15,ICBP,RG,8150,1,D,BB,BQ,D
11:23:12,ICBP,RG,8175,8,F,KZ,CC,F
11:23:09,ICBP,RG,8175,36,D,BB,CC,F
11:23:09,ICBP,RG,8150,8,D,BB,XC,D
11:23:09,ICBP,RG,8175,1,F,AK,CC,F
11:23:07,ICBP,RG,8175,5,F,KZ,CC,F
11:23:07,ICBP,RG,8175,25,F,CS,CC,F
11:23:03,ICBP,RG,8150,1,D,BB,XC,D
11:23:02,ICBP,RG,8175,5,F,KZ,CC,F
11:23:01,ICBP,RG,8175,28,D,BB,CC,F
11:23:01,ICBP,RG,8175,1,D,BB,SQ,D
11:23:01,ICBP,RG,8175,1,F,AK,SQ,D
11:23:00,ICBP,RG,8175,1,F,KZ,XC,D
11:22:58,ICBP,RG,8150,6,D,BB,CC,D
11:22:55,ICBP,RG,8175,1,F,KZ,YP,D
11:22:53,ICBP,RG,8175,4,F,KZ,YP,D
11:22:51,ICBP,RG,8175,2,F,KZ,BK,F
11:22:50,ICBP,RG,8175,6,D,BB,BK,F
11:22:50,ICBP,RG,8175,2,D,BB,BQ,D
11:22:50,ICBP,RG,8175,10,D,BB,CC,D
11:22:50,ICBP,RG,8175,2,D,BB,DR,D
11:22:50,ICBP,RG,8175,3,D,BB,RX,F
11:22:50,ICBP,RG,8175,7,D,BB,PD,D
11:22:41,ICBP,RG,8150,7,D,BB,PD,D
11:22:40,ICBP,RG,8175,7,F,KZ,PD,D
11:22:39,ICBP,RG,8175,6,D,BB,PD,D
11:22:39,ICBP,RG,8175,1,D,BB,XC,D
11:22:39,ICBP,RG,8175,5,D,BB,XC,D
11:22:39,ICBP,RG,8175,1,D,BB,YP,D
11:22:39,ICBP,RG,8175,1,D,BB,CC,D
11:22:39,ICBP,RG,8175,1,D,BB,PD,D
11:22:39,ICBP,RG,8175,2,D,BB,YP,D
11:22:39,ICBP,RG,8175,1,D,BB,YP,D
11:22:39,ICBP,RG,8175,1,D,BB,PD,D
11:22:39,ICBP,RG,8175,1,D,BB,PD,D
11:22:39,ICBP,RG,8175,1,D,BB,PD,D
11:22:39,ICBP,RG,8175,6,D,BB,CC,D
11:22:38,ICBP,RG,8175,4,F,KZ,CC,D
11:22:38,ICBP,RG,8175,10,D,YP,PD,D
11:22:38,ICBP,RG,8175,3,D,YP,CC,D
11:22:38,ICBP,RG,8175,24,D,YP,YU,D
11:22:35,ICBP,RG,8175,2,F,KZ,YU,D
11:22:25,ICBP,RG,8175,5,F,KZ,YU,D
11:22:23,ICBP,RG,8175,1,F,AK,YU,D
11:22:23,ICBP,RG,8175,25,F,AH,YU,D
11:22:11,ICBP,RG,8175,68,D,BB,YU,D
11:22:01,ICBP,RG,8150,1,D,BB,LG,D
11:21:59,ICBP,RG,8150,1,D,BB,LG,D
11:21:57,ICBP,RG,8150,3,D,BB,RX,F
11:21:55,ICBP,RG,8150,4,D,BB,YP,D
11:21:50,ICBP,RG,8150,2,D,BB,LG,D
11:21:37,ICBP,RG,8150,4,D,BB,CC,D
11:21:28,ICBP,RG,8150,1,D,BB,BQ,D
11:21:28,ICBP,RG,8150,9,F,KZ,BQ,D
11:21:24,ICBP,RG,8150,1,F,KZ,YP,D
11:21:23,ICBP,RG,8150,2,F,KZ,IF,D
11:21:22,ICBP,RG,8150,3,F,KZ,PD,D
11:21:22,ICBP,RG,8150,11,D,BB,PD,D
11:21:16,ICBP,RG,8175,4,F,KZ,YU,D
11:21:13,ICBP,RG,8150,25,D,BB,YP,D
11:21:08,ICBP,RG,8175,1,F,KZ,YU,D
11:21:05,ICBP,RG,8150,6,D,BB,XC,D
11:21:02,ICBP,RG,8150,1,D,BB,XC,D
11:21:00,ICBP,RG,8175,1,F,KZ,YU,D
11:20:58,ICBP,RG,8150,2,D,BB,YP,D
11:20:09,ICBP,RG,8175,1,F,KZ,YU,D
11:20:06,ICBP,RG,8150,6,D,BB,CC,D
11:20:03,ICBP,RG,8175,1,F,KZ,YU,D
11:20:02,ICBP,RG,8175,8,F,BK,YU,D
11:19:55,ICBP,RG,8150,1,D,BB,XC,D
11:19:47,ICBP,RG,8175,2,F,KZ,YU,D
11:19:44,ICBP,RG,8150,7,D,BB,CC,D
11:19:44,ICBP,RG,8150,1,F,AK,CC,D
11:19:35,ICBP,RG,8175,4,D,BB,YU,D
11:19:35,ICBP,RG,8175,4,F,KZ,YU,D
11:19:25,ICBP,RG,8175,2,F,KZ,YU,D
11:19:22,ICBP,RG,8175,2,F,KZ,YU,D
11:19:21,ICBP,RG,8175,11,D,BB,YU,D
11:19:21,ICBP,RG,8175,1,F,KZ,YU,D
11:19:18,ICBP,RG,8175,5,F,KZ,YU,D
11:19:18,ICBP,RG,8150,7,D,XA,CC,D
11:19:16,ICBP,RG,8175,3,F,KZ,YU,D
11:19:15,ICBP,RG,8175,25,D,BB,YU,D
11:19:15,ICBP,RG,8175,2,D,BB,PD,D
11:19:15,ICBP,RG,8175,17,D,BB,NI,D
11:19:15,ICBP,RG,8175,2,F,KZ,NI,D
11:19:15,ICBP,RG,8175,1,F,KZ,NI,D
11:19:09,ICBP,RG,8175,5,F,KZ,NI,D
11:19:07,ICBP,RG,8175,1,F,KZ,SQ,D
11:19:06,ICBP,RG,8175,5,D,BB,SQ,D
11:19:06,ICBP,RG,8175,14,D,BB,SQ,D
11:19:06,ICBP,RG,8175,2,D,BB,PD,D
11:19:06,ICBP,RG,8175,3,D,BB,YP,D
11:19:06,ICBP,RG,8175,2,D,BB,PD,D
11:19:06,ICBP,RG,8175,5,D,BB,YP,D
11:19:06,ICBP,RG,8175,1,D,BB,XC,D
11:19:06,ICBP,RG,8175,1,D,BB,KZ,D
11:19:06,ICBP,RG,8175,1,D,BB,KZ,D
11:19:06,ICBP,RG,8175,12,D,BB,BK,F
11:19:06,ICBP,RG,8175,5,D,BB,YP,D
11:19:06,ICBP,RG,8175,20,D,BB,YP,D
11:19:06,ICBP,RG,8175,2,D,BB,KK,D
11:19:06,ICBP,RG,8175,1,D,BB,DH,D
11:19:05,ICBP,RG,8175,1,F,KZ,DH,D
11:19:05,ICBP,RG,8175,2,F,KZ,DH,D
11:19:05,ICBP,RG,8175,1,F,KZ,DH,D
11:19:05,ICBP,RG,8175,1,F,KZ,NI,D
11:19:05,ICBP,RG,8175,1,F,KZ,NI,D
11:19:00,ICBP,RG,8175,2,D,BB,NI,D
11:18:54,ICBP,RG,8175,2,D,BB,NI,D
11:18:54,ICBP,RG,8175,2,D,BB,ZP,D
11:18:54,ICBP,RG,8175,2,D,BB,CC,D
11:18:54,ICBP,RG,8175,1,D,BB,KK,D
11:18:28,ICBP,RG,8150,1,D,XA,PD,D
11:18:25,ICBP,RG,8175,6,D,BB,DH,D
11:18:25,ICBP,RG,8150,8,D,XA,BK,F
11:18:19,ICBP,RG,8175,8,F,BK,DH,D
11:18:19,ICBP,RG,8175,3,D,BB,DH,D
11:18:05,ICBP,RG,8175,19,D,BB,DH,D
11:17:56,ICBP,RG,8175,1,D,BB,DH,D
11:17:56,ICBP,RG,8150,9,D,XA,CC,D
11:17:56,ICBP,RG,8150,19,F,KZ,CC,D
11:17:56,ICBP,RG,8150,2,D,AK,CC,D
11:17:32,ICBP,RG,8175,3,D,BB,DH,D
11:17:19,ICBP,RG,8175,2,D,BB,DH,D
11:17:05,ICBP,RG,8175,10,D,BB,DH,D
11:17:02,ICBP,RG,8175,8,F,BK,DH,D
11:17:02,ICBP,RG,8150,7,D,AK,BK,F
11:17:01,ICBP,RG,8150,1,D,AK,BQ,D
11:17:00,ICBP,RG,8175,1,D,BB,SQ,D
11:16:52,ICBP,RG,8175,2,D,BB,SQ,D
11:16:33,ICBP,RG,8175,2,D,BB,SQ,D
11:16:28,ICBP,RG,8175,1,D,BB,SQ,D
11:16:23,ICBP,RG,8150,1,D,AK,EP,D
11:16:20,ICBP,RG,8175,14,D,BB,SQ,D
11:16:20,ICBP,RG,8175,3,D,BB,CC,D
11:16:16,ICBP,RG,8150,7,D,AK,CC,D
11:16:15,ICBP,RG,8175,1,F,KZ,KZ,D
11:16:15,ICBP,RG,8175,1,F,KZ,CC,D
11:16:10,ICBP,RG,8175,1,D,BB,CC,D
11:16:09,ICBP,RG,8175,9,F,KZ,CC,D
11:16:09,ICBP,RG,8175,2,F,KZ,CC,D
11:16:09,ICBP,RG,8175,2,F,KZ,CC,D
11:16:09,ICBP,RG,8175,4,F,KZ,CC,D
11:16:05,ICBP,RG,8175,52,D,BB,CC,D
11:16:04,ICBP,RG,8150,1,D,AK,BQ,D
11:16:02,ICBP,RG,8175,6,F,KZ,CC,D
11:16:01,ICBP,RG,8175,23,D,BB,CC,D
11:16:01,ICBP,RG,8175,30,D,BB,CC,D
11:16:01,ICBP,RG,8175,14,D,BB,XL,D
11:15:59,ICBP,RG,8175,8,F,BK,XL,D
11:15:55,ICBP,RG,8175,6,D,BB,XL,D
11:15:54,ICBP,RG,8150,7,D,AK,CC,D
11:15:43,ICBP,RG,8175,8,D,BB,XL,D
11:15:42,ICBP,RG,8150,7,D,AK,BK,F
11:15:41,ICBP,RG,8150,4,D,AK,SQ,D
11:15:40,ICBP,RG,8150,6,D,AK,CC,D
11:15:34,ICBP,RG,8175,1,F,KZ,XL,D
11:15:34,ICBP,RG,8175,5,D,BB,XL,D
11:15:03,ICBP,RG,8175,1,F,KZ,YP,D
11:15:03,ICBP,RG,8175,4,D,BB,YP,D
11:14:54,ICBP,RG,8150,1,D,AK,YP,D
11:14:47,ICBP,RG,8175,1,F,KZ,YP,D
11:14:47,ICBP,RG,8175,7,D,BB,YP,D
11:14:39,ICBP,RG,8175,2,F,KZ,YP,D
11:14:36,ICBP,RG,8175,2,D,BB,YP,D
11:14:35,ICBP,RG,8150,7,D,AK,BK,F
11:14:14,ICBP,RG,8175,2,D,BB,YP,D
11:14:07,ICBP,RG,8175,1,F,KZ,YP,D
11:14:07,ICBP,RG,8175,3,D,BB,YP,D
11:14:03,ICBP,RG,8175,1,F,KZ,YP,D
11:14:03,ICBP,RG,8175,6,D,BB,YP,D
11:13:53,ICBP,RG,8175,1,F,KZ,YP,D
11:13:50,ICBP,RG,8150,5,D,AK,NI,D
11:13:49,ICBP,RG,8175,1,D,PD,YP,D
11:13:48,ICBP,RG,8175,2,F,KZ,YP,D
11:13:48,ICBP,RG,8175,10,D,BB,YP,D
11:13:37,ICBP,RG,8175,1,F,KZ,YP,D
11:13:36,ICBP,RG,8175,3,D,BB,YP,D
11:13:35,ICBP,RG,8175,1,F,KZ,YP,D
11:13:35,ICBP,RG,8150,2,D,AK,NI,D
11:13:35,ICBP,RG,8175,10,D,CC,YP,D
11:13:26,ICBP,RG,8175,1,F,KZ,YP,D
11:13:26,ICBP,RG,8175,6,D,BB,YP,D
11:13:25,ICBP,RG,8175,2,F,KZ,YP,D
11:13:22,ICBP,RG,8150,7,D,AK,BK,F
11:13:15,ICBP,RG,8175,4,D,BB,YP,D
11:13:08,ICBP,RG,8175,2,F,KZ,YP,D
11:13:08,ICBP,RG,8175,3,F,KZ,PD,D
11:13:08,ICBP,RG,8175,29,D,BB,PD,D
11:13:03,ICBP,RG,8175,6,F,KZ,PD,D
11:13:00,ICBP,RG,8150,6,D,AK,KK,D
11:13:00,ICBP,RG,8175,2,F,KZ,PD,D
11:13:00,ICBP,RG,8175,3,D,BB,PD,D
11:12:59,ICBP,RG,8175,3,D,BB,PD,D
11:12:59,ICBP,RG,8175,1,D,BB,XC,D
11:12:59,ICBP,RG,8175,2,D,BB,KK,D
11:12:59,ICBP,RG,8175,15,D,BB,XC,D
11:12:59,ICBP,RG,8175,13,D,BB,YP,D
11:12:48,ICBP,RG,8175,1,F,KZ,YP,D
11:12:48,ICBP,RG,8175,3,D,BB,YP,D
11:12:34,ICBP,RG,8175,1,F,KZ,YP,D
11:12:34,ICBP,RG,8175,6,D,BB,YP,D
11:12:27,ICBP,RG,8175,1,F,KZ,YP,D
11:12:24,ICBP,RG,8150,6,D,AK,CC,D
11:12:24,ICBP,RG,8150,1,D,AK,BQ,D
11:12:22,ICBP,RG,8175,1,F,KZ,YP,D
11:12:21,ICBP,RG,8175,4,D,BB,YP,D
11:12:21,ICBP,RG,8175,4,D,BB,PD,D
11:12:18,ICBP,RG,8175,1,F,KZ,PD,D
11:12:16,ICBP,RG,8150,2,D,AK,YP,D
11:12:06,ICBP,RG,8175,2,F,KZ,PD,D
11:12:05,ICBP,RG,8175,12,D,BB,PD,D
11:12:05,ICBP,RG,8175,2,F,KZ,PD,D
11:12:05,ICBP,RG,8175,1,F,KZ,PD,D
11:12:00,ICBP,RG,8150,9,D,AK,CC,D
11:11:58,ICBP,RG,8150,6,D,AK,CC,D
11:11:56,ICBP,RG,8175,1,F,KZ,PD,D
11:11:55,ICBP,RG,8175,6,D,BB,PD,D
11:11:55,ICBP,RG,8175,3,F,KZ,PD,D
11:11:47,ICBP,RG,8175,1,F,KZ,PD,D
11:11:45,ICBP,RG,8175,1,D,BB,PD,D
11:11:45,ICBP,RG,8175,2,F,KZ,PD,D
11:11:45,ICBP,RG,8175,2,F,KZ,PD,D
11:11:45,ICBP,RG,8175,1,F,KZ,PD,D
11:11:35,ICBP,RG,8175,2,D,BB,PD,D
11:11:24,ICBP,RG,8175,2,D,BB,PD,D
11:11:11,ICBP,RG,8175,3,D,BB,PD,D
11:11:02,ICBP,RG,8175,9,D,BB,PD,D
11:10:49,ICBP,RG,8150,1,D,AK,PD,D
11:10:45,ICBP,RG,8175,1,D,BB,PD,D
11:10:45,ICBP,RG,8175,1,F,KZ,PD,D
11:10:45,ICBP,RG,8175,1,F,KZ,PD,D
11:10:45,ICBP,RG,8175,7,F,KZ,PD,D
11:10:45,ICBP,RG,8175,1,F,KZ,PD,D
11:10:36,ICBP,RG,8175,3,D,BB,PD,D
11:10:24,ICBP,RG,8175,3,D,BB,PD,D
11:10:24,ICBP,RG,8150,1,D,AK,YP,D
11:10:17,ICBP,RG,8175,4,F,KZ,PD,D
11:10:16,ICBP,RG,8175,24,D,BB,PD,D
11:10:15,ICBP,RG,8175,1,F,KZ,PD,D
11:10:15,ICBP,RG,8175,1,F,KZ,PD,D
11:10:15,ICBP,RG,8175,1,F,KZ,PD,D
11:10:15,ICBP,RG,8175,1,F,KZ,PD,D
11:10:06,ICBP,RG,8175,1,D,BB,PD,D
11:10:06,ICBP,RG,8175,34,D,XC,PD,D
11:10:00,ICBP,RG,8175,1,D,BB,PD,D
11:09:55,ICBP,RG,8175,2,D,BB,PD,D
11:09:41,ICBP,RG,8175,3,D,BB,PD,D
11:09:35,ICBP,RG,8175,1,D,BB,PD,D
11:09:35,ICBP,RG,8150,1,D,AK,PD,D
11:09:28,ICBP,RG,8175,3,D,BB,PD,D
11:09:26,ICBP,RG,8150,2,D,AK,DR,D
11:09:22,ICBP,RG,8150,2,D,AK,LG,D
11:09:19,ICBP,RG,8175,1,D,BB,PD,D
11:09:19,ICBP,RG,8175,1,D,BB,KZ,D
11:09:19,ICBP,RG,8175,1,D,BB,KZ,D
11:09:09,ICBP,RG,8175,4,D,BB,KZ,D
11:09:09,ICBP,RG,8175,1,D,XC,KZ,D
11:08:51,ICBP,RG,8175,1,D,BB,KZ,D
11:08:45,ICBP,RG,8175,3,D,BB,KZ,D
11:08:37,ICBP,RG,8175,5,D,BB,KZ,D
11:08:37,ICBP,RG,8175,2,D,XA,KZ,D
11:08:33,ICBP,RG,8150,1,D,AK,LG,D
11:08:33,ICBP,RG,8150,4,F,KZ,LG,D
11:08:27,ICBP,RG,8175,12,D,BB,KZ,D
11:08:27,ICBP,RG,8175,1,D,BB,KZ,D
11:08:27,ICBP,RG,8175,2,D,BB,KZ,D
11:08:27,ICBP,RG,8175,14,D,BB,CC,D
11:08:19,ICBP,RG,8175,1,D,BB,CC,D
11:08:19,ICBP,RG,8175,1,D,BB,YP,D
11:08:18,ICBP,RG,8150,3,F,KZ,CC,D
11:08:18,ICBP,RG,8150,3,F,KZ,CC,D
11:08:18,ICBP,RG,8150,15,D,KK,CC,D
11:08:18,ICBP,RG,8150,2,F,KZ,CC,D
11:08:18,ICBP,RG,8150,1,D,OD,CC,D
11:08:18,ICBP,RG,8150,10,D,YP,CC,D
11:08:18,ICBP,RG,8150,1,F,KZ,CC,D
11:08:18,ICBP,RG,8150,4,F,CS,CC,D
11:08:18,ICBP,RG,8150,2,F,CS,CC,D
11:08:18,ICBP,RG,8150,3,F,CS,CC,D
11:08:18,ICBP,RG,8150,2,F,KZ,CC,D
11:08:18,ICBP,RG,8150,4,F,KZ,CC,D
11:08:10,ICBP,RG,8175,4,D,BB,CC,D
11:08:03,ICBP,RG,8150,2,F,KZ,CC,D
11:07:56,ICBP,RG,8175,1,F,KZ,CC,D
11:07:55,ICBP,RG,8175,1,D,BB,CC,D
11:07:55,ICBP,RG,8175,1,D,BB,XC,D
11:07:55,ICBP,RG,8175,1,D,BB,PD,D
11:07:42,ICBP,RG,8175,1,D,BB,PD,D
11:07:42,ICBP,RG,8175,1,D,BB,KK,D
11:07:42,ICBP,RG,8175,38,D,BB,SH,D
11:07:35,ICBP,RG,8175,10,F,KZ,SH,D
11:07:35,ICBP,RG,8175,10,F,KZ,SH,D
11:07:26,ICBP,RG,8175,43,F,KZ,SH,D
11:07:25,ICBP,RG,8150,1,F,KZ,PD,D
11:07:25,ICBP,RG,8175,1,F,KZ,SH,D
11:07:25,ICBP,RG,8175,1,F,KZ,SH,D
11:07:25,ICBP,RG,8175,1,F,KZ,SH,D
11:07:25,ICBP,RG,8175,2,F,KZ,SH,D
11:07:16,ICBP,RG,8175,94,D,BB,SH,D
11:07:16,ICBP,RG,8175,2,D,BB,XC,D
11:07:16,ICBP,RG,8175,25,D,BB,PD,D
11:07:16,ICBP,RG,8175,5,D,BB,KZ,D
11:07:16,ICBP,RG,8175,1,D,BB,KZ,D
11:07:16,ICBP,RG,8175,2,D,BB,YP,D
11:07:16,ICBP,RG,8175,1,D,BB,NI,D
11:07:16,ICBP,RG,8175,8,D,BB,EP,D
11:07:16,ICBP,RG,8175,5,D,BB,GR,D
11:07:16,ICBP,RG,8175,50,D,BB,YP,D
11:07:16,ICBP,RG,8175,25,D,BB,YP,D
11:07:16,ICBP,RG,8175,4,D,BB,XL,D
11:07:16,ICBP,RG,8175,20,D,BB,YP,D
11:07:16,ICBP,RG,8175,1,D,BB,PD,D
11:07:16,ICBP,RG,8175,5,D,BB,YP,D
11:07:16,ICBP,RG,8175,12,D,BB,YB,D
11:07:15,ICBP,RG,8150,35,D,BB,KZ,D
11:07:15,ICBP,RG,8150,9,D,BB,KZ,D
11:07:15,ICBP,RG,8150,1,D,BB,KZ,D
11:07:15,ICBP,RG,8150,3,D,BB,KZ,D
11:07:15,ICBP,RG,8150,59,D,BB,KZ,D
11:07:15,ICBP,RG,8150,5,D,BB,KZ,D
11:07:15,ICBP,RG,8150,8,D,BB,BK,F
11:07:15,ICBP,RG,8150,57,D,BB,CC,F
11:07:15,ICBP,RG,8150,6,D,BB,CC,D
11:07:15,ICBP,RG,8150,8,D,BB,CC,D
11:07:15,ICBP,RG,8150,4,D,BB,CC,D
11:07:12,ICBP,RG,8150,1,F,CS,CC,D
11:07:12,ICBP,RG,8150,3,F,CS,CC,D
11:07:12,ICBP,RG,8150,3,F,CS,YU,D
11:07:11,ICBP,RG,8150,2,F,AK,YU,D
11:07:11,ICBP,RG,8150,7,F,CS,YU,D
11:07:11,ICBP,RG,8150,3,F,AK,YU,D
11:07:11,ICBP,RG,8150,5,F,CS,YU,D
11:07:11,ICBP,RG,8150,1,D,CC,YU,D
11:07:11,ICBP,RG,8150,4,F,KZ,YU,D
11:07:11,ICBP,RG,8150,6,F,KZ,YU,D
11:07:11,ICBP,RG,8150,9,D,BB,YU,D
11:07:11,ICBP,RG,8150,26,D,BB,YU,D
11:07:11,ICBP,RG,8150,1,F,KZ,YU,D
11:07:11,ICBP,RG,8150,1,F,KZ,YU,D
11:07:11,ICBP,RG,8150,20,D,CC,YU,D
11:07:11,ICBP,RG,8150,2,F,AK,YU,D
11:07:11,ICBP,RG,8150,1,F,AK,YU,D
11:07:11,ICBP,RG,8150,9,F,CS,YU,D
11:07:00,ICBP,RG,8150,1,F,CS,CC,F
11:07:00,ICBP,RG,8150,4,F,KZ,CC,F
11:07:00,ICBP,RG,8175,8,D,BB,YB,D
11:07:00,ICBP,RG,8175,1,D,BB,XC,D
11:07:00,ICBP,RG,8175,1,D,BB,PD,D
11:07:00,ICBP,RG,8175,1,D,BB,YP,D
11:07:00,ICBP,RG,8175,4,D,BB,DR,D
11:06:50,ICBP,RG,8175,6,D,BB,DR,D
11:06:50,ICBP,RG,8175,25,D,BB,YP,D
11:06:50,ICBP,RG,8175,10,D,BB,CC,D
11:06:50,ICBP,RG,8175,1,D,BB,YP,D
11:06:50,ICBP,RG,8175,1,D,BB,PD,D
11:06:50,ICBP,RG,8175,1,D,BB,PD,D
11:06:50,ICBP,RG,8175,20,D,BB,PD,D
11:06:50,ICBP,RG,8175,3,D,BB,YP,D
11:06:50,ICBP,RG,8150,1,F,KZ,XC,D
11:06:44,ICBP,RG,8150,10,F,KZ,CC,F
11:06:44,ICBP,RG,8150,2,D,YP,CC,F
11:06:44,ICBP,RG,8150,1,F,KZ,CC,F
11:06:44,ICBP,RG,8150,2,F,KZ,CC,F
11:06:44,ICBP,RG,8150,1,F,KZ,CC,F
11:06:44,ICBP,RG,8150,8,F,BK,CC,F
11:06:44,ICBP,RG,8150,7,F,KZ,CC,F
11:06:44,ICBP,RG,8150,15,F,KZ,CC,F
11:06:44,ICBP,RG,8150,62,D,AK,CC,F
11:06:41,ICBP,RG,8150,104,D,AK,NI,D
11:06:41,ICBP,RG,8150,2,D,NI,NI,D
11:06:41,ICBP,RG,8150,1,F,AK,NI,D
11:06:41,ICBP,RG,8150,1,D,NI,NI,D
11:06:41,ICBP,RG,8150,10,D,KK,NI,D
11:06:41,ICBP,RG,8150,1,F,KZ,NI,D
11:06:41,ICBP,RG,8150,6,D,TP,NI,D
11:06:41,ICBP,RG,8150,1,F,KZ,NI,D
11:06:41,ICBP,RG,8150,10,D,CC,NI,D
11:06:41,ICBP,RG,8150,4,D,CC,NI,D
11:06:41,ICBP,RG,8150,1,F,AK,NI,D
11:06:41,ICBP,RG,8150,30,F,KZ,NI,D
11:06:41,ICBP,RG,8150,5,F,CS,NI,D
11:06:41,ICBP,RG,8150,158,D,BB,NI,D
11:06:41,ICBP,RG,8150,1,D,PD,NI,D
11:06:41,ICBP,RG,8150,1,F,KZ,NI,D
11:06:41,ICBP,RG,8150,1,D,BB,NI,D
11:06:41,ICBP,RG,8150,2,F,CS,NI,D
11:06:41,ICBP,RG,8150,9,F,CS,NI,D
11:06:41,ICBP,RG,8150,1,D,CC,NI,D
11:06:41,ICBP,RG,8150,1,F,AK,NI,D
11:06:41,ICBP,RG,8150,1,F,KZ,NI,D
11:06:41,ICBP,RG,8150,1,F,AK,NI,D
11:06:41,ICBP,RG,8150,8,F,KZ,NI,D
11:06:32,ICBP,RG,8150,10,F,KZ,SS,D
11:06:31,ICBP,RG,8150,10,F,KZ,XC,D
11:06:21,ICBP,RG,8175,1,F,KZ,YP,D
11:06:21,ICBP,RG,8175,1,F,KZ,PD,D
11:06:21,ICBP,RG,8175,7,F,KZ,XA,D
11:06:20,ICBP,RG,8175,4,D,BB,XA,D
11:06:20,ICBP,RG,8175,1,D,BB,YP,D
11:06:20,ICBP,RG,8175,50,D,BB,YP,D
11:06:20,ICBP,RG,8175,2,D,BB,PD,D
11:06:20,ICBP,RG,8175,1,D,BB,CC,D
11:06:20,ICBP,RG,8175,10,D,BB,XL,D
11:06:20,ICBP,RG,8175,1,D,BB,YP,D
11:06:20,ICBP,RG,8175,1,D,BB,XL,D
11:06:20,ICBP,RG,8175,2,D,BB,YU,D
11:06:14,ICBP,RG,8175,1,F,AK,YU,D
11:06:13,ICBP,RG,8150,8,F,KZ,YP,D
11:06:12,ICBP,RG,8150,1,F,KZ,PD,D
11:06:08,ICBP,RG,8150,5,F,KZ,CC,F
11:06:08,ICBP,RG,8150,3,F,BK,CC,F
11:06:08,ICBP,RG,8150,12,F,BK,YP,D
11:06:08,ICBP,RG,8150,5,D,PD,YP,D
11:06:08,ICBP,RG,8150,33,D,AK,YP,D
11:06:08,ICBP,RG,8150,6,D,AK,PD,D
11:06:00,ICBP,RG,8150,1,D,AK,YP,D
11:05:56,ICBP,RG,8150,9,D,AK,CC,F
11:05:54,ICBP,RG,8150,1,D,AK,KK,D
11:05:44,ICBP,RG,8150,1,D,AK,PD,D
11:05:40,ICBP,RG,8150,1,D,AK,CC,D
11:04:59,ICBP,RG,8150,10,D,AK,SQ,D
11:04:55,ICBP,RG,8175,2,F,KZ,YU,D
11:04:55,ICBP,RG,8175,4,F,KZ,YU,D
11:04:48,ICBP,RG,8150,15,D,AK,PD,D
11:04:48,ICBP,RG,8150,8,D,AK,CC,D
11:04:23,ICBP,RG,8150,1,D,AK,YP,D
11:04:20,ICBP,RG,8150,6,D,AK,CC,D
11:04:16,ICBP,RG,8150,7,D,AK,CC,D
11:04:15,ICBP,RG,8150,2,D,AK,XC,D
11:04:05,ICBP,RG,8175,1,F,KZ,YU,D
11:04:05,ICBP,RG,8175,6,F,KZ,YU,D
11:04:03,ICBP,RG,8150,20,D,AK,XC,D
11:03:39,ICBP,RG,8150,1,D,AK,PD,D
11:03:38,ICBP,RG,8175,2,F,AK,YU,D
11:03:07,ICBP,RG,8175,36,D,BB,YU,D
11:03:01,ICBP,RG,8175,1,F,AK,YU,D
11:02:45,ICBP,RG,8175,2,F,KZ,YU,D
11:02:45,ICBP,RG,8175,9,F,KZ,YU,D
11:02:39,ICBP,RG,8150,10,D,AK,XL,D
11:02:38,ICBP,RG,8150,1,D,AK,YP,D
11:02:14,ICBP,RG,8150,1,D,AK,XC,D
11:02:05,ICBP,RG,8175,2,F,KZ,YU,D
11:02:05,ICBP,RG,8175,4,F,KZ,YU,D
11:02:04,ICBP,RG,8150,1,D,AK,XC,D
11:01:58,ICBP,RG,8150,53,D,AK,XL,D
11:01:57,ICBP,RG,8175,10,D,CC,YU,D
11:01:39,ICBP,RG,8150,1,D,AK,PD,D
11:01:31,ICBP,RG,8150,11,D,AK,CP,D
11:01:28,ICBP,RG,8175,1,F,AK,YU,D
11:01:26,ICBP,RG,8150,1,D,AK,YP,D
11:01:23,ICBP,RG,8175,6,D,TP,YU,D
11:01:18,ICBP,RG,8150,1,D,AK,ZP,D
11:01:04,ICBP,RG,8175,1,D,PD,YU,D
11:00:46,ICBP,RG,8175,3,D,PD,YU,D
11:00:42,ICBP,RG,8150,5,D,AK,XL,D
11:00:40,ICBP,RG,8150,1,D,BB,XC,D
11:00:40,ICBP,RG,8150,1,F,CS,XC,D
11:00:40,ICBP,RG,8150,1,D,CC,XC,D
11:00:23,ICBP,RG,8175,9,F,BK,YU,D
11:00:16,ICBP,RG,8150,1,D,CC,BQ,D
11:00:11,ICBP,RG,8150,1,F,KZ,OD,D
11:00:09,ICBP,RG,8175,28,F,KZ,YU,D
11:00:09,ICBP,RG,8175,1,F,KZ,XA,D
11:00:09,ICBP,RG,8175,50,F,KZ,SQ,D
11:00:09,ICBP,RG,8175,10,F,KZ,YB,D
11:00:09,ICBP,RG,8175,1,F,KZ,DR,D
11:00:09,ICBP,RG,8175,2,F,KZ,YP,D
11:00:07,ICBP,RG,8175,1,F,CS,YP,D
11:00:06,ICBP,RG,8150,1,F,KZ,XC,D
11:00:05,ICBP,RG,8175,27,D,BB,YP,D
11:00:05,ICBP,RG,8175,1,D,BB,LG,D
11:00:05,ICBP,RG,8175,5,D,BB,HP,D
11:00:05,ICBP,RG,8175,7,D,BB,YP,D
11:00:05,ICBP,RG,8175,10,D,BB,YP,D
11:00:05,ICBP,RG,8175,1,D,BB,YP,D
11:00:05,ICBP,RG,8175,4,D,BB,YP,D
11:00:05,ICBP,RG,8175,1,D,BB,SQ,D
11:00:05,ICBP,RG,8175,20,D,BB,SQ,D
11:00:05,ICBP,RG,8175,50,D,BB,YP,D
11:00:05,ICBP,RG,8175,2,D,BB,YP,D
11:00:05,ICBP,RG,8175,1,D,BB,PD,D
11:00:05,ICBP,RG,8175,1,D,BB,PD,D
11:00:05,ICBP,RG,8175,2,D,BB,DX,D
11:00:05,ICBP,RG,8175,1,D,BB,PD,D
11:00:05,ICBP,RG,8175,1,D,BB,KK,D
11:00:05,ICBP,RG,8175,30,D,BB,XA,D
11:00:05,ICBP,RG,8175,1,D,PD,PD,D
11:00:05,ICBP,RG,8150,10,D,BB,YP,D
11:00:05,ICBP,RG,8150,3,D,BB,KZ,D
11:00:05,ICBP,RG,8150,61,D,BB,KZ,D
11:00:05,ICBP,RG,8150,36,D,BB,KZ,D
11:00:05,ICBP,RG,8150,10,D,BB,KZ,D
11:00:05,ICBP,RG,8150,5,D,BB,KZ,D
11:00:05,ICBP,RG,8150,2,D,BB,XL,D
11:00:05,ICBP,RG,8150,1,D,BB,PD,D
11:00:05,ICBP,RG,8150,1,D,BB,KZ,D
11:00:05,ICBP,RG,8150,1,D,BB,XC,D
11:00:05,ICBP,RG,8150,4,D,BB,PD,D
11:00:05,ICBP,RG,8150,50,D,BB,PD,D
11:00:05,ICBP,RG,8150,2,D,BB,XC,D
11:00:05,ICBP,RG,8150,10,D,BB,DH,D
11:00:05,ICBP,RG,8150,6,D,BB,CC,D
11:00:05,ICBP,RG,8150,5,D,BB,PD,D
11:00:05,ICBP,RG,8150,7,D,BB,PD,D
11:00:05,ICBP,RG,8150,6,D,BB,CC,D
11:00:05,ICBP,RG,8150,7,D,BB,CC,D
11:00:05,ICBP,RG,8150,3,D,BB,PD,D
11:00:05,ICBP,RG,8150,1,D,BB,YP,D
11:00:05,ICBP,RG,8150,5,D,BB,YP,D
11:00:05,ICBP,RG,8150,1,D,BB,XA,D
11:00:05,ICBP,RG,8150,1,D,BB,PD,D
11:00:05,ICBP,RG,8150,2,D,BB,XC,D
11:00:05,ICBP,RG,8150,10,D,BB,PD,D
11:00:05,ICBP,RG,8150,10,D,BB,XC,D
11:00:05,ICBP,RG,8150,50,D,BB,YP,D
11:00:05,ICBP,RG,8150,14,D,BB,KK,D
11:00:05,ICBP,RG,8150,1,D,BB,YP,D
11:00:05,ICBP,RG,8150,7,D,BB,XC,D
11:00:05,ICBP,RG,8150,3,D,BB,RX,F
11:00:05,ICBP,RG,8150,1,D,BB,NI,D
11:00:05,ICBP,RG,8150,15,D,BB,NI,D
11:00:05,ICBP,RG,8150,1,D,BB,XC,D
11:00:05,ICBP,RG,8150,12,D,BB,CC,D
11:00:03,ICBP,RG,8150,85,F,KZ,CC,D
11:00:01,ICBP,RG,8150,1,F,KZ,CC,D
11:00:00,ICBP,RG,8150,27,D,AK,CC,D
11:00:00,ICBP,RG,8150,8,D,AK,BK,F
11:00:00,ICBP,RG,8150,2,D,AK,PD,D
11:00:00,ICBP,RG,8150,10,D,AK,KK,D
11:00:00,ICBP,RG,8150,4,D,AK,KZ,D
11:00:00,ICBP,RG,8150,65,D,AK,KZ,D
11:00:00,ICBP,RG,8150,1,D,AK,XC,D
11:00:00,ICBP,RG,8150,39,D,AK,KZ,D
11:00:00,ICBP,RG,8150,9,D,AK,KZ,D
11:00:00,ICBP,RG,8150,4,D,AK,KZ,D
11:00:00,ICBP,RG,8150,133,D,AK,YP,D
11:00:00,ICBP,RG,8150,1,D,AK,NI,D
11:00:00,ICBP,RG,8150,1,D,AK,YP,D
11:00:00,ICBP,RG,8150,1,D,AK,PD,D
11:00:00,ICBP,RG,8150,15,D,AK,GR,D
11:00:00,ICBP,RG,8150,10,D,AK,PD,D
11:00:00,ICBP,RG,8150,3,D,AK,YP,D
11:00:00,ICBP,RG,8150,10,D,AK,PD,D
11:00:00,ICBP,RG,8150,20,D,AK,PD,D
11:00:00,ICBP,RG,8150,119,D,AK,CS,F
11:00:00,ICBP,RG,8150,84,D,AK,GR,D
10:59:34,ICBP,RG,8150,11,D,BB,GR,D
10:59:30,ICBP,RG,8125,10,F,KZ,NI,D
10:59:28,ICBP,RG,8150,5,D,BB,GR,D
10:59:28,ICBP,RG,8150,8,D,BB,XC,D
10:59:28,ICBP,RG,8150,2,D,BB,PD,D
10:59:23,ICBP,RG,8150,1,D,YP,KK,D
10:59:16,ICBP,RG,8125,10,F,KZ,KK,D
10:59:15,ICBP,RG,8150,1,F,KZ,KK,D
10:59:14,ICBP,RG,8150,6,D,BB,KK,D
10:59:14,ICBP,RG,8150,7,D,BB,SQ,D
10:59:06,ICBP,RG,8150,2,F,KZ,SQ,D
10:59:04,ICBP,RG,8150,4,F,KZ,SQ,D
10:59:03,ICBP,RG,8150,6,D,BB,SQ,D
10:59:03,ICBP,RG,8150,1,D,BB,LS,D
10:59:03,ICBP,RG,8150,1,D,BB,CC,D
10:59:03,ICBP,RG,8150,6,D,BB,XC,D
10:59:03,ICBP,RG,8150,23,D,BB,SQ,D
10:59:01,ICBP,RG,8150,1,F,KZ,SQ,D
10:58:59,ICBP,RG,8150,1,F,KZ,SQ,D
10:58:58,ICBP,RG,8150,5,D,YP,SQ,D
10:58:58,ICBP,RG,8150,1,D,YP,YP,D
10:58:58,ICBP,RG,8150,4,D,YP,LG,D
10:58:58,ICBP,RG,8150,1,F,KZ,LG,D
10:58:57,ICBP,RG,8150,3,D,XC,LG,D
10:58:56,ICBP,RG,8150,2,F,KZ,LG,D
10:58:56,ICBP,RG,8150,3,F,KZ,YP,D
10:58:55,ICBP,RG,8150,4,D,MG,YP,D
10:58:55,ICBP,RG,8150,2,D,MG,RX,F
10:58:55,ICBP,RG,8150,20,D,MG,CC,D
10:58:55,ICBP,RG,8150,4,D,MG,XC,D
10:58:53,ICBP,RG,8125,1,F,KZ,XC,D
10:58:53,ICBP,RG,8150,6,D,BB,XC,D
10:58:53,ICBP,RG,8150,8,D,BB,BK,F
10:58:53,ICBP,RG,8125,1,F,KZ,BQ,D
10:58:42,ICBP,RG,8150,1,F,KZ,CC,D
10:58:40,ICBP,RG,8150,1,F,KZ,CC,D
10:58:40,ICBP,RG,8150,3,F,KZ,KZ,D
10:58:40,ICBP,RG,8150,2,F,KZ,CC,D
10:58:39,ICBP,RG,8150,3,D,BB,CC,D
10:58:39,ICBP,RG,8150,34,D,BB,KZ,D
10:58:37,ICBP,RG,8150,2,F,KZ,KZ,D
10:58:35,ICBP,RG,8150,1,F,KZ,KZ,D
10:58:34,ICBP,RG,8150,10,D,BB,KZ,D
10:58:34,ICBP,RG,8150,53,D,BB,KZ,D
10:58:18,ICBP,RG,8150,9,D,BB,KZ,D
10:58:10,ICBP,RG,8150,18,F,CS,KZ,D
10:58:10,ICBP,RG,8150,1,F,CS,KZ,D
10:58:05,ICBP,RG,8150,2,D,BB,KZ,D
10:58:04,ICBP,RG,8150,1,D,XC,KZ,D
10:57:48,ICBP,RG,8150,4,D,BB,KZ,D
10:57:23,ICBP,RG,8125,5,F,KZ,XC,D
10:57:20,ICBP,RG,8125,6,F,KZ,CC,D
10:57:08,ICBP,RG,8125,3,F,KZ,SQ,D
10:57:08,ICBP,RG,8125,1,F,AK,SQ,D
10:57:03,ICBP,RG,8150,3,F,KZ,KZ,D
10:57:03,ICBP,RG,8150,1,F,KZ,YP,D
10:57:03,ICBP,RG,8150,4,F,KZ,KZ,D
10:57:01,ICBP,RG,8150,1,F,KZ,KZ,D
10:57:01,ICBP,RG,8150,5,F,KZ,XC,D
10:57:01,ICBP,RG,8150,1,F,KZ,PD,D
10:57:01,ICBP,RG,8150,6,F,KZ,PD,D
10:57:01,ICBP,RG,8150,2,F,KZ,KZ,D
10:57:00,ICBP,RG,8150,10,D,BB,BK,F
10:57:00,ICBP,RG,8150,10,D,BB,YP,D
10:57:00,ICBP,RG,8150,2,D,BB,PD,D
10:57:00,ICBP,RG,8150,4,D,AK,PD,D
10:57:00,ICBP,RG,8150,5,D,AK,DH,D
10:57:00,ICBP,RG,8150,5,D,AK,XC,D
10:57:00,ICBP,RG,8150,2,D,AK,PD,D
10:57:00,ICBP,RG,8150,5,D,AK,CP,D
10:57:00,ICBP,RG,8150,87,D,AK,YU,D
10:56:51,ICBP,RG,8150,2,F,KZ,YU,D
10:56:48,ICBP,RG,8150,3,D,YP,YU,D
10:56:47,ICBP,RG,8125,1,F,AK,CC,D
10:56:47,ICBP,RG,8125,7,D,BB,CC,D
10:56:47,ICBP,RG,8150,2,F,KZ,YU,D
10:56:44,ICBP,RG,8125,9,D,BB,CC,D
10:56:40,ICBP,RG,8150,2,F,KZ,YU,D
10:56:39,ICBP,RG,8150,12,D,BB,YU,D
10:56:39,ICBP,RG,8150,1,F,KZ,YU,D
10:56:36,ICBP,RG,8125,5,D,BB,PD,D
10:56:32,ICBP,RG,8150,1,F,KZ,YU,D
10:56:30,ICBP,RG,8150,1,F,KZ,YU,D
10:56:29,ICBP,RG,8150,4,D,BB,YU,D
10:56:29,ICBP,RG,8150,6,D,BB,XC,D
10:56:24,ICBP,RG,8150,1,F,KZ,XC,D
10:56:21,ICBP,RG,8125,6,D,BB,XL,D
10:56:18,ICBP,RG,8150,2,F,KZ,XC,D
10:56:17,ICBP,RG,8150,1,D,BB,XC,D
10:56:17,ICBP,RG,8150,11,D,BB,KK,D
10:56:12,ICBP,RG,8150,3,F,KZ,KK,D
10:56:11,ICBP,RG,8150,16,D,BB,KK,D
10:56:11,ICBP,RG,8150,4,D,BB,CC,D
10:56:11,ICBP,RG,8150,1,F,KZ,CC,D
10:56:10,ICBP,RG,8150,4,D,PD,CC,D
10:56:01,ICBP,RG,8125,2,D,BB,SQ,D
10:55:59,ICBP,RG,8150,1,F,KZ,CC,D
10:55:59,ICBP,RG,8150,1,F,KZ,PD,D
10:55:59,ICBP,RG,8150,1,F,KZ,XC,D
10:55:59,ICBP,RG,8150,1,F,KZ,PD,D
10:55:57,ICBP,RG,8150,2,F,KZ,PD,D
10:55:56,ICBP,RG,8150,12,D,BB,PD,D
10:55:56,ICBP,RG,8150,3,D,BB,XC,D
10:55:56,ICBP,RG,8150,4,D,BB,XC,D
10:55:56,ICBP,RG,8150,2,D,BB,KK,D
10:55:56,ICBP,RG,8150,8,D,BB,XA,D
10:55:56,ICBP,RG,8150,3,F,KZ,XA,D
10:55:55,ICBP,RG,8150,5,F,KZ,XA,D
10:55:46,ICBP,RG,8125,1,D,BB,KK,D
10:55:45,ICBP,RG,8150,1,F,KZ,XA,D
10:55:45,ICBP,RG,8150,3,F,KZ,XA,D
10:55:45,ICBP,RG,8150,1,F,KZ,PD,D
10:55:45,ICBP,RG,8150,4,F,KZ,CC,D
10:55:44,ICBP,RG,8150,6,D,BB,CC,D
10:55:44,ICBP,RG,8150,1,D,BB,XC,D
10:55:44,ICBP,RG,8150,10,D,BB,YU,D
10:55:44,ICBP,RG,8150,3,D,BB,KZ,D
10:55:44,ICBP,RG,8150,45,D,BB,KZ,D
10:55:27,ICBP,RG,8125,1,D,BB,BQ,D
10:55:22,ICBP,RG,8150,1,D,BB,KZ,D
10:55:11,ICBP,RG,8150,2,D,BB,KZ,D
10:55:02,ICBP,RG,8150,3,D,BB,KZ,D
10:55:00,ICBP,RG,8125,24,D,BB,PD,D
10:54:22,ICBP,RG,8150,1,F,KZ,KZ,D
10:54:19,ICBP,RG,8125,7,D,BB,BK,F
10:54:09,ICBP,RG,8150,1,F,KZ,KZ,D
10:54:08,ICBP,RG,8150,5,F,AK,KZ,D
10:53:41,ICBP,RG,8150,1,F,KZ,KZ,D
10:53:40,ICBP,RG,8150,6,D,BB,KZ,D
10:53:37,ICBP,RG,8150,4,F,KZ,KZ,D
10:53:34,ICBP,RG,8125,20,D,BB,NI,D
10:53:32,ICBP,RG,8125,6,D,BB,CC,D
10:53:23,ICBP,RG,8150,3,F,KZ,KZ,D
10:53:23,ICBP,RG,8150,1,F,KZ,XC,D
10:53:22,ICBP,RG,8150,6,D,BB,KZ,D
10:53:21,ICBP,RG,8125,12,D,BB,NI,D
10:53:18,ICBP,RG,8150,3,F,KZ,KZ,D
10:53:18,ICBP,RG,8150,18,D,BB,KZ,D
10:53:08,ICBP,RG,8150,1,F,KZ,KZ,D
10:53:08,ICBP,RG,8150,9,F,BK,KZ,D
10:53:06,ICBP,RG,8150,4,F,KZ,KZ,D
10:53:05,ICBP,RG,8150,2,D,BB,KZ,D
10:53:05,ICBP,RG,8150,9,D,BB,KZ,D
10:53:04,ICBP,RG,8125,8,D,BB,CC,D
10:52:52,ICBP,RG,8150,1,F,KZ,KZ,D
10:52:52,ICBP,RG,8150,6,F,KZ,KZ,D
10:52:52,ICBP,RG,8150,2,F,KZ,DH,D
10:52:52,ICBP,RG,8150,1,F,KZ,KZ,D
10:52:52,ICBP,RG,8150,1,F,KZ,YU,D
10:52:50,ICBP,RG,8150,2,D,BB,RX,F
10:52:50,ICBP,RG,8150,4,D,BB,AT,D
10:52:50,ICBP,RG,8150,1,D,BB,YU,D
10:52:49,ICBP,RG,8125,7,D,BB,CC,D
10:52:49,ICBP,RG,8150,2,F,KZ,YU,D
10:52:49,ICBP,RG,8150,47,D,BB,YU,D
10:52:49,ICBP,RG,8150,16,D,BB,CC,D
10:52:25,ICBP,RG,8150,3,F,KZ,CC,D
10:52:23,ICBP,RG,8150,14,D,BB,CC,D
10:52:22,ICBP,RG,8125,1,D,BB,BQ,D
10:52:03,ICBP,RG,8150,3,F,KZ,CC,D
10:52:01,ICBP,RG,8150,1,F,KZ,CC,D
10:52:01,ICBP,RG,8150,13,D,BB,CC,D
10:52:01,ICBP,RG,8150,2,D,BB,DX,D
10:52:01,ICBP,RG,8150,6,D,BB,PD,D
10:52:00,ICBP,RG,8150,1,F,KZ,PD,D
10:51:57,ICBP,RG,8125,8,D,BB,BK,F
10:51:54,ICBP,RG,8150,1,F,KZ,PD,D
10:51:54,ICBP,RG,8150,7,D,BB,PD,D
10:51:53,ICBP,RG,8150,4,F,KZ,PD,D
10:51:53,ICBP,RG,8150,19,F,CS,PD,D
10:51:38,ICBP,RG,8150,3,D,BB,PD,D
10:51:33,ICBP,RG,8150,3,F,KZ,PD,D
10:51:33,ICBP,RG,8150,18,D,BB,PD,D
10:51:22,ICBP,RG,8150,2,F,KZ,PD,D
10:51:20,ICBP,RG,8150,3,D,CC,PD,D
10:51:20,ICBP,RG,8150,2,F,KZ,PD,D
10:51:20,ICBP,RG,8150,6,D,BB,PD,D
10:51:20,ICBP,RG,8150,1,D,BB,CC,D
10:51:20,ICBP,RG,8150,1,D,BB,XC,D
10:51:20,ICBP,RG,8150,8,D,BB,NI,D
10:51:19,ICBP,RG,8150,2,F,KZ,NI,D
10:51:19,ICBP,RG,8150,12,D,BB,NI,D
10:51:09,ICBP,RG,8150,1,F,KZ,NI,D
10:51:09,ICBP,RG,8150,8,F,BK,NI,D
10:51:06,ICBP,RG,8150,2,F,KZ,NI,D
10:51:06,ICBP,RG,8150,12,D,BB,NI,D
10:50:42,ICBP,RG,8150,2,F,KZ,NI,D
10:50:41,ICBP,RG,8150,7,D,BB,NI,D
10:50:28,ICBP,RG,8150,4,D,BB,NI,D
10:50:16,ICBP,RG,8150,8,F,KZ,NI,D
10:50:13,ICBP,RG,8150,24,D,BB,NI,D
10:50:13,ICBP,RG,8150,20,D,BB,SQ,D
10:50:13,ICBP,RG,8125,1,D,BB,BQ,D
10:49:59,ICBP,RG,8150,15,F,KZ,SQ,D
10:49:58,ICBP,RG,8150,15,D,BB,SQ,D
10:49:58,ICBP,RG,8150,10,D,BB,AT,D
10:49:58,ICBP,RG,8150,30,D,BB,SA,D
10:49:58,ICBP,RG,8150,1,D,BB,YP,D
10:49:58,ICBP,RG,8150,6,D,BB,YP,D
10:49:56,ICBP,RG,8150,18,D,BB,YP,D
10:49:56,ICBP,RG,8125,6,D,BB,CC,D
10:49:48,ICBP,RG,8150,1,F,KZ,YP,D
10:49:47,ICBP,RG,8150,5,D,YB,YP,D
10:49:46,ICBP,RG,8150,1,F,KZ,YP,D
10:49:44,ICBP,RG,8150,1,F,KZ,YP,D
10:49:43,ICBP,RG,8150,4,F,BK,YP,D
10:49:43,ICBP,RG,8150,3,F,BK,YP,D
10:49:42,ICBP,RG,8150,1,F,KZ,YP,D
10:49:41,ICBP,RG,8150,6,D,BB,YP,D
10:49:41,ICBP,RG,8150,1,D,BB,SQ,D
10:49:41,ICBP,RG,8150,2,D,CC,SQ,D
10:49:29,ICBP,RG,8150,2,F,KZ,SQ,D
10:49:26,ICBP,RG,8150,1,F,KZ,SQ,D
10:49:26,ICBP,RG,8125,7,D,BB,CC,D
10:49:25,ICBP,RG,8150,4,D,BB,SQ,D
10:49:25,ICBP,RG,8150,4,D,BB,KZ,D
10:49:25,ICBP,RG,8150,3,D,BB,DR,D
10:49:16,ICBP,RG,8150,1,F,KZ,DR,D
10:49:16,ICBP,RG,8150,1,F,KZ,KZ,D
10:49:15,ICBP,RG,8150,11,D,BB,KZ,D
10:48:54,ICBP,RG,8150,3,F,KZ,KZ,D
10:48:52,ICBP,RG,8150,10,D,BB,KZ,D
10:48:51,ICBP,RG,8125,6,D,BB,CC,D
10:48:40,ICBP,RG,8150,2,F,KZ,KZ,D
10:48:39,ICBP,RG,8150,9,D,BB,KZ,D
10:48:39,ICBP,RG,8150,1,D,BB,KZ,D
10:48:39,ICBP,RG,8150,1,D,DR,KZ,D
10:48:34,ICBP,RG,8150,3,F,KZ,KZ,D
10:48:32,ICBP,RG,8150,13,D,BB,KZ,D
10:48:32,ICBP,RG,8125,3,D,BB,CP,D
10:48:19,ICBP,RG,8150,1,F,KZ,KZ,D
10:48:18,ICBP,RG,8150,4,D,CC,KZ,D
10:48:14,ICBP,RG,8150,2,F,KZ,KZ,D
10:48:14,ICBP,RG,8150,14,D,BB,KZ,D
10:48:12,ICBP,RG,8150,6,F,KZ,KZ,D
10:48:09,ICBP,RG,8125,31,D,BB,PD,D
10:48:01,ICBP,RG,8150,1,F,KZ,KZ,D
10:48:00,ICBP,RG,8150,10,D,KK,KZ,D
10:47:54,ICBP,RG,8150,2,F,KZ,KZ,D
10:47:52,ICBP,RG,8150,1,F,KZ,KZ,D
