Time,Stock,Brd,Price,Qty,BT,BC,SC,ST
15:11:00,ICBP,RG,8775,2,F,CC,CC,D
15:10:48,ICBP,RG,8775,1,F,CC,YP,D
15:09:58,ICBP,RG,8775,20,F,CC,SQ,D
15:09:16,ICBP,RG,8775,20,F,CC,SQ,D
15:08:02,ICBP,RG,8775,7,F,CC,YP,D
15:05:33,ICBP,RG,8775,6,F,CC,XC,D
15:02:52,ICBP,RG,8775,20,F,CC,YP,D
15:02:43,ICBP,RG,8775,6,F,CC,XL,D
15:02:08,ICBP,RG,8775,100,F,CC,XC,D
15:01:30,ICBP,RG,8775,4,F,CC,XC,D
15:01:24,ICBP,RG,8775,30,F,CC,YP,D
15:00:00,ICBP,RG,8775,3,F,CC,KK,D
15:00:00,ICBP,RG,8775,2,F,CC,OD,D
15:00:00,ICBP,RG,8775,1,F,CC,YP,D
15:00:00,ICBP,RG,8775,12,F,CC,YP,D
15:00:00,ICBP,RG,8775,2,F,CC,YP,D
15:00:00,ICBP,RG,8775,25,F,CC,YP,D
15:00:00,ICBP,RG,8775,1650,F,CC,RX,D
15:00:00,ICBP,RG,8775,1,F,CC,NI,D
15:00:00,ICBP,RG,8775,1,F,CC,EP,D
15:00:00,ICBP,RG,8775,1608,F,CC,YU,F
15:00:00,ICBP,RG,8775,138,F,CC,CS,F
15:00:00,ICBP,RG,8775,327,F,CC,CS,F
15:00:00,ICBP,RG,8775,2,D,KK,CS,F
15:00:00,ICBP,RG,8775,1,D,PD,CS,F
15:00:00,ICBP,RG,8775,39,D,SQ,CS,F
15:00:00,ICBP,RG,8775,2,D,BQ,CS,F
15:00:00,ICBP,RG,8775,2,D,ZP,CS,F
15:00:00,ICBP,RG,8775,37,F,AK,CS,F
15:00:00,ICBP,RG,8775,419,D,KZ,CS,F
15:00:00,ICBP,RG,8775,462,D,CD,CS,F
15:00:00,ICBP,RG,8775,8,D,BB,CS,F
15:00:00,ICBP,RG,8775,4,F,ZP,CS,F
15:00:00,ICBP,RG,8775,54,F,ZP,CS,F
15:00:00,ICBP,RG,8775,113,D,RX,CS,F
15:00:00,ICBP,RG,8775,2,D,RX,BK,F
15:00:00,ICBP,RG,8775,39,D,RX,BK,F
15:00:00,ICBP,RG,8775,1,D,DH,BK,F
15:00:00,ICBP,RG,8775,1,D,DH,CS,F
15:00:00,ICBP,RG,8775,66,D,LG,CS,F
15:00:00,ICBP,RG,8775,106,D,LG,OD,D
15:00:00,ICBP,RG,8775,6,D,LG,YU,D
14:49:52,ICBP,RG,8775,1,F,DX,CS,F
14:49:50,ICBP,RG,8775,1,F,DX,CS,F
14:49:39,ICBP,RG,8775,12,F,DX,CS,F
14:49:29,ICBP,RG,8775,2,F,DX,CS,F
14:49:29,ICBP,RG,8775,3,F,DX,CS,F
14:49:28,ICBP,RG,8775,24,F,DX,CS,F
14:49:27,ICBP,RG,8775,1,F,DX,BK,F
14:49:08,ICBP,RG,8775,16,F,DX,CS,F
14:49:08,ICBP,RG,8775,6,F,DX,CS,F
14:49:02,ICBP,RG,8775,1,F,DX,BK,F
14:49:02,ICBP,RG,8775,5,F,DX,BK,F
14:49:01,ICBP,RG,8775,3,F,DX,CS,F
14:49:00,ICBP,RG,8800,1,D,AK,PD,D
14:49:00,ICBP,RG,8800,1,D,AK,PD,D
14:49:00,ICBP,RG,8775,5,F,DX,CS,F
14:49:00,ICBP,RG,8800,1,D,AK,PD,D
14:48:55,ICBP,RG,8800,1,D,AK,PD,D
14:48:39,ICBP,RG,8775,5,F,DX,NI,D
14:48:37,ICBP,RG,8775,15,F,DX,CS,F
14:48:37,ICBP,RG,8775,4,D,KI,CS,F
14:48:37,ICBP,RG,8775,1,D,KI,CS,F
14:48:37,ICBP,RG,8775,3,D,DR,CS,F
14:48:37,ICBP,RG,8775,10,D,DR,CS,F
14:48:04,ICBP,RG,8775,22,D,DR,KZ,D
14:48:04,ICBP,RG,8775,6,D,DR,KZ,D
14:47:55,ICBP,RG,8800,9,D,DR,PD,D
14:47:55,ICBP,RG,8800,27,F,AK,PD,D
14:47:51,ICBP,RG,8775,11,D,DR,CS,F
14:47:48,ICBP,RG,8775,4,D,DR,BK,F
14:47:48,ICBP,RG,8775,5,D,NI,BK,F
14:47:48,ICBP,RG,8775,1,F,CC,BK,F
14:47:45,ICBP,RG,8800,45,D,DR,PD,D
14:47:39,ICBP,RG,8775,8,F,CC,CS,F
14:47:37,ICBP,RG,8775,5,F,CC,KK,D
14:47:36,ICBP,RG,8775,4,F,CC,CS,F
14:47:36,ICBP,RG,8775,12,F,CC,CS,F
14:47:36,ICBP,RG,8775,2,F,CC,CS,F
14:47:36,ICBP,RG,8775,4,F,CC,CS,F
14:47:32,ICBP,RG,8800,9,D,DR,PD,D
14:47:30,ICBP,RG,8800,36,D,DR,PD,D
14:47:12,ICBP,RG,8800,49,F,AK,PD,D
14:47:05,ICBP,RG,8775,21,F,CC,CS,F
14:46:42,ICBP,RG,8775,3,F,CC,CS,D
14:46:40,ICBP,RG,8775,3,F,CC,PD,D
14:46:40,ICBP,RG,8800,7,D,AK,PD,D
14:46:38,ICBP,RG,8775,4,F,CC,CS,D
14:46:38,ICBP,RG,8775,8,F,CC,CS,D
14:46:38,ICBP,RG,8775,150,F,CC,RX,D
14:46:35,ICBP,RG,8775,22,F,CC,CS,F
14:46:32,ICBP,RG,8775,18,F,CC,CS,D
14:46:29,ICBP,RG,8775,2,F,CC,KZ,D
14:46:29,ICBP,RG,8775,4,D,PD,KZ,D
14:46:29,ICBP,RG,8775,2,D,PD,KZ,D
14:46:25,ICBP,RG,8800,1,D,AK,PD,D
14:46:24,ICBP,RG,8775,9,D,PD,CS,F
14:46:24,ICBP,RG,8775,6,D,PD,CS,D
14:46:24,ICBP,RG,8775,1,D,PD,KZ,D
14:46:24,ICBP,RG,8775,5,D,PD,KZ,D
14:46:24,ICBP,RG,8775,1,D,PD,KZ,D
14:46:21,ICBP,RG,8775,10,D,PD,CS,D
14:46:21,ICBP,RG,8775,10,D,PD,CS,D
14:46:12,ICBP,RG,8775,20,D,PD,CS,D
14:46:10,ICBP,RG,8775,10,D,PD,BK,F
14:46:10,ICBP,RG,8800,1,D,AK,PD,D
14:46:05,ICBP,RG,8775,28,D,PD,CS,F
14:46:02,ICBP,RG,8775,15,D,PD,CS,D
14:45:58,ICBP,RG,8800,32,D,DR,PD,D
14:45:52,ICBP,RG,8775,15,D,PD,CS,D
14:45:48,ICBP,RG,8800,12,D,YP,PD,D
14:45:41,ICBP,RG,8775,14,D,PD,CS,D
14:45:40,ICBP,RG,8800,3,D,AK,PD,D
14:45:34,ICBP,RG,8775,1,D,PD,KZ,D
14:45:34,ICBP,RG,8775,1,D,PD,KZ,D
14:45:31,ICBP,RG,8775,15,D,PD,CS,D
14:45:25,ICBP,RG,8775,40,D,PD,CS,F
14:45:21,ICBP,RG,8800,1,D,AK,PD,D
14:45:20,ICBP,RG,8775,13,D,PD,CS,D
14:45:11,ICBP,RG,8775,15,D,PD,CS,D
14:45:00,ICBP,RG,8775,26,D,PD,CS,D
14:44:53,ICBP,RG,8775,12,D,PD,CS,F
14:44:45,ICBP,RG,8800,2,D,AK,PD,D
14:44:45,ICBP,RG,8800,42,D,DR,PD,D
14:44:45,ICBP,RG,8800,1,D,DR,PD,D
14:44:45,ICBP,RG,8800,1,D,DR,KK,D
14:44:45,ICBP,RG,8800,5,D,DR,CC,D
14:44:38,ICBP,RG,8775,25,D,PD,CS,D
14:44:31,ICBP,RG,8775,10,D,PD,BK,F
14:44:30,ICBP,RG,8800,2,D,YU,CC,D
14:44:30,ICBP,RG,8800,5,D,YU,XL,D
14:44:30,ICBP,RG,8800,29,D,YU,NI,D
14:44:30,ICBP,RG,8800,29,D,YU,NI,D
14:44:25,ICBP,RG,8775,31,D,PD,CS,F
14:44:25,ICBP,RG,8775,1,D,YP,CS,F
14:44:17,ICBP,RG,8775,10,D,PD,CS,D
14:44:17,ICBP,RG,8775,14,D,DR,CS,D
14:44:00,ICBP,RG,8800,22,D,YU,NI,D
14:43:57,ICBP,RG,8775,13,D,DR,CS,D
14:43:49,ICBP,RG,8775,42,D,DR,KZ,D
14:43:49,ICBP,RG,8775,3,D,DR,KZ,D
14:43:49,ICBP,RG,8775,8,F,CC,KZ,D
14:43:46,ICBP,RG,8775,16,F,CC,CS,D
14:43:46,ICBP,RG,8775,21,F,CC,LG,D
14:43:46,ICBP,RG,8775,1,D,CC,LG,D
14:43:46,ICBP,RG,8775,2,D,AK,LG,D
14:43:46,ICBP,RG,8775,100,F,CC,LG,D
14:43:46,ICBP,RG,8775,76,D,PD,LG,D
14:43:37,ICBP,RG,8775,133,D,PD,LG,D
14:43:37,ICBP,RG,8775,17,D,PD,LG,D
14:43:33,ICBP,RG,8775,21,D,PD,CS,D
14:43:32,ICBP,RG,8775,44,D,PD,CS,F
14:43:32,ICBP,RG,8800,18,D,YP,NI,D
14:43:16,ICBP,RG,8800,1,D,AK,NI,D
14:43:15,ICBP,RG,8775,23,D,PD,CS,D
14:43:05,ICBP,RG,8775,34,D,PD,YP,D
14:43:01,ICBP,RG,8800,1,D,AK,NI,D
14:43:00,ICBP,RG,8800,103,D,YU,NI,D
14:42:56,ICBP,RG,8775,26,D,PD,CS,D
14:42:49,ICBP,RG,8775,10,D,PD,BK,F
14:42:35,ICBP,RG,8775,23,D,PD,CS,D
14:42:21,ICBP,RG,8775,11,D,PD,CS,F
14:42:21,ICBP,RG,8775,1,D,AK,CS,F
14:42:21,ICBP,RG,8775,32,F,CC,CS,F
14:42:15,ICBP,RG,8775,1,D,XC,CS,D
14:42:15,ICBP,RG,8775,25,F,AK,CS,D
14:42:00,ICBP,RG,8800,17,D,YU,NI,D
14:42:00,ICBP,RG,8800,24,D,YU,SQ,D
14:42:00,ICBP,RG,8800,21,D,YU,TP,D
14:41:53,ICBP,RG,8775,5,F,AK,CS,D
14:41:53,ICBP,RG,8775,19,F,CC,CS,D
14:41:33,ICBP,RG,8775,23,F,CC,CS,D
14:41:14,ICBP,RG,8775,24,F,CC,CS,D
14:41:09,ICBP,RG,8775,31,F,CC,CS,F
14:41:01,ICBP,RG,8775,10,F,CC,BK,F
14:40:54,ICBP,RG,8775,25,F,CC,CS,D
14:40:33,ICBP,RG,8775,23,F,CC,CS,D
14:40:19,ICBP,RG,8775,10,F,CC,CS,F
14:40:19,ICBP,RG,8775,16,D,YU,CS,F
14:40:19,ICBP,RG,8775,5,D,CC,CS,F
14:40:14,ICBP,RG,8775,16,D,CC,CS,D
14:40:00,ICBP,RG,8775,17,D,CC,CS,D
14:40:00,ICBP,RG,8800,29,D,YU,TP,D
14:40:00,ICBP,RG,8800,1,D,YU,PD,D
14:40:00,ICBP,RG,8800,1,D,YU,PD,D
14:40:00,ICBP,RG,8800,5,D,YU,XC,D
14:40:00,ICBP,RG,8800,1,D,YU,LS,D
14:40:00,ICBP,RG,8800,2,D,YU,YP,D
14:40:00,ICBP,RG,8800,2,D,YU,DH,D
14:40:00,ICBP,RG,8800,2,D,YU,XC,D
14:40:00,ICBP,RG,8800,53,D,YU,GR,D
14:39:48,ICBP,RG,8775,12,D,CC,XL,D
14:39:48,ICBP,RG,8775,1,F,CC,XL,D
14:39:44,ICBP,RG,8775,24,F,CC,CS,D
14:38:54,ICBP,RG,8775,19,F,CC,BK,F
14:38:53,ICBP,RG,8775,1,F,CC,CC,F
14:38:51,ICBP,RG,8750,60,D,PD,BK,F
14:38:48,ICBP,RG,8750,1,D,PD,CS,D
14:38:48,ICBP,RG,8775,30,F,CC,CS,D
14:38:48,ICBP,RG,8775,3,F,CC,CS,D
14:38:48,ICBP,RG,8775,20,F,CC,CS,F
14:38:48,ICBP,RG,8775,12,F,CC,RX,D
14:38:48,ICBP,RG,8775,35,F,CC,RX,D
14:38:48,ICBP,RG,8775,85,F,CC,RX,D
14:38:48,ICBP,RG,8775,1,D,AK,RX,D
14:38:48,ICBP,RG,8775,2,D,YP,RX,D
14:38:48,ICBP,RG,8775,65,F,CC,RX,D
14:38:48,ICBP,RG,8775,20,F,CC,RX,D
14:38:48,ICBP,RG,8775,35,F,CC,RX,D
14:38:48,ICBP,RG,8775,1,D,AK,RX,D
14:38:48,ICBP,RG,8775,44,F,CC,RX,D
14:38:47,ICBP,RG,8775,6,F,CC,CS,D
14:38:47,ICBP,RG,8775,7,F,CC,CS,F
14:38:42,ICBP,RG,8775,11,F,CC,CS,D
14:38:33,ICBP,RG,8775,10,F,CC,CS,F
14:38:33,ICBP,RG,8775,15,F,CC,BK,F
14:38:31,ICBP,RG,8775,7,F,CC,CS,D
14:38:24,ICBP,RG,8775,5,F,CC,CS,D
14:38:24,ICBP,RG,8775,3,F,CC,YP,D
14:38:20,ICBP,RG,8775,1,F,CC,AR,D
14:38:19,ICBP,RG,8775,6,F,CC,CS,D
14:38:19,ICBP,RG,8775,3,F,CC,CS,D
14:38:15,ICBP,RG,8775,4,F,CC,CS,F
14:38:06,ICBP,RG,8775,1,F,CC,CS,F
14:38:06,ICBP,RG,8775,9,F,CC,BK,F
14:38:04,ICBP,RG,8775,2,F,CC,CS,F
14:38:02,ICBP,RG,8775,12,F,CC,BK,F
14:38:02,ICBP,RG,8775,14,F,CC,LG,D
14:38:02,ICBP,RG,8775,29,D,EP,LG,D
14:38:02,ICBP,RG,8775,40,D,OD,LG,D
14:38:02,ICBP,RG,8775,40,D,OD,LG,D
14:38:02,ICBP,RG,8775,1,D,AK,LG,D
14:38:02,ICBP,RG,8775,20,F,CC,LG,D
14:38:02,ICBP,RG,8775,6,F,CC,LG,D
14:38:01,ICBP,RG,8775,1,F,CC,XC,D
14:38:00,ICBP,RG,8775,6,F,CC,CS,F
14:37:55,ICBP,RG,8775,32,F,CC,LG,D
14:37:55,ICBP,RG,8775,68,F,CC,LG,D
14:37:49,ICBP,RG,8775,20,F,CC,KZ,D
14:37:49,ICBP,RG,8775,30,F,CC,KZ,D
14:37:49,ICBP,RG,8775,10,F,CC,KZ,D
14:37:49,ICBP,RG,8775,5,F,CC,KZ,D
14:37:49,ICBP,RG,8775,8,F,CC,CS,F
14:37:49,ICBP,RG,8775,12,F,CC,CS,F
14:37:49,ICBP,RG,8775,20,F,CC,LG,D
14:37:49,ICBP,RG,8775,40,D,OD,LG,D
14:37:49,ICBP,RG,8775,112,F,CC,LG,D
14:37:49,ICBP,RG,8775,2,D,AK,LG,D
14:37:49,ICBP,RG,8775,47,D,YU,LG,D
14:37:49,ICBP,RG,8775,23,D,YU,LG,D
14:37:49,ICBP,RG,8775,5,D,AK,LG,D
14:37:49,ICBP,RG,8775,40,F,CC,LG,D
14:37:49,ICBP,RG,8775,2,D,YP,LG,D
14:37:49,ICBP,RG,8775,9,F,CC,LG,D
14:37:30,ICBP,RG,8775,3,F,CC,KK,D
14:37:19,ICBP,RG,8775,33,F,CC,DX,D
14:37:19,ICBP,RG,8775,5,D,CC,DX,D
14:37:19,ICBP,RG,8775,2,D,AK,DX,D
14:36:47,ICBP,RG,8775,2,D,AK,DH,D
14:36:47,ICBP,RG,8775,2,D,AK,DH,D
14:36:47,ICBP,RG,8775,1,D,XC,DH,D
14:36:02,ICBP,RG,8775,3,F,AK,CC,F
14:36:00,ICBP,RG,8775,31,F,CC,CS,F
14:36:00,ICBP,RG,8775,3,F,CC,CS,F
14:36:00,ICBP,RG,8775,500,F,CC,RX,D
14:36:00,ICBP,RG,8775,72,F,CC,CS,F
14:36:00,ICBP,RG,8775,1,F,CC,BK,F
14:36:00,ICBP,RG,8775,9,F,CC,BK,F
14:36:00,ICBP,RG,8775,50,F,CC,GR,D
14:36:00,ICBP,RG,8775,225,F,CC,CS,D
14:36:00,ICBP,RG,8775,209,F,CC,RX,D
14:35:47,ICBP,RG,8775,1,D,XL,RX,D
14:35:00,ICBP,RG,8775,76,D,YU,RX,D
14:35:00,ICBP,RG,8775,51,D,YU,RX,D
14:34:55,ICBP,RG,8775,8,D,AK,RX,D
14:34:18,ICBP,RG,8775,155,D,DR,RX,D
14:34:13,ICBP,RG,8775,25,D,DR,CS,F
14:34:12,ICBP,RG,8775,1,F,AK,XC,D
14:34:12,ICBP,RG,8775,20,F,AK,YP,D
14:34:12,ICBP,RG,8775,4,F,AK,BK,F
14:34:11,ICBP,RG,8775,3,D,XC,BK,F
14:34:03,ICBP,RG,8775,3,D,PD,BK,F
14:34:03,ICBP,RG,8775,56,D,PD,KZ,D
14:34:03,ICBP,RG,8775,15,D,PD,KZ,D
14:34:03,ICBP,RG,8775,7,D,PD,CC,F
14:34:03,ICBP,RG,8775,1,D,PD,CS,F
14:34:03,ICBP,RG,8775,8,D,PD,CS,F
14:34:03,ICBP,RG,8775,119,D,PD,RX,D
14:33:57,ICBP,RG,8775,1,D,PD,RX,D
14:33:00,ICBP,RG,8775,70,D,YU,RX,D
14:32:41,ICBP,RG,8775,80,D,OD,RX,D
14:32:20,ICBP,RG,8775,1,D,XC,RX,D
14:31:35,ICBP,RG,8775,84,D,XC,RX,D
14:31:26,ICBP,RG,8775,10,D,NI,RX,D
14:31:19,ICBP,RG,8775,20,D,CC,RX,D
14:31:19,ICBP,RG,8775,31,D,YU,RX,D
14:31:19,ICBP,RG,8775,1,D,XC,RX,D
14:31:19,ICBP,RG,8775,1,D,CC,RX,D
14:31:19,ICBP,RG,8775,1,D,AK,RX,D
14:31:19,ICBP,RG,8775,2,D,AK,RX,D
14:31:19,ICBP,RG,8775,79,D,PD,RX,D
14:31:00,ICBP,RG,8800,47,D,YU,GR,D
14:31:00,ICBP,RG,8800,2,D,YU,PD,D
14:31:00,ICBP,RG,8800,3,D,YU,XL,D
14:30:41,ICBP,RG,8775,1,D,PD,PD,D
14:30:30,ICBP,RG,8775,22,D,PD,CS,F
14:30:30,ICBP,RG,8775,15,D,PD,CS,D
14:30:30,ICBP,RG,8775,21,D,PD,CS,F
14:30:30,ICBP,RG,8775,33,D,PD,CS,D
14:30:30,ICBP,RG,8775,38,D,PD,RX,D
14:29:55,ICBP,RG,8775,10,D,AK,RX,D
14:29:34,ICBP,RG,8775,74,D,DR,RX,D
14:29:34,ICBP,RG,8775,13,F,DX,RX,D
14:29:34,ICBP,RG,8775,66,F,DX,RX,D
14:29:34,ICBP,RG,8775,20,F,AK,RX,D
14:29:34,ICBP,RG,8775,579,F,CC,RX,D
14:29:29,ICBP,RG,8775,11,F,CC,BK,F
14:29:29,ICBP,RG,8775,204,F,CC,CS,D
14:29:29,ICBP,RG,8775,11,F,CC,CS,F
14:29:29,ICBP,RG,8775,3,F,CC,YP,D
14:29:29,ICBP,RG,8775,500,F,CC,RX,D
14:29:29,ICBP,RG,8775,16,F,CC,CS,F
14:29:29,ICBP,RG,8775,34,F,CC,CS,F
14:29:29,ICBP,RG,8775,200,F,CC,LG,D
14:29:29,ICBP,RG,8775,38,F,CC,CS,F
14:29:29,ICBP,RG,8775,12,F,CC,BK,F
14:29:29,ICBP,RG,8775,392,F,CC,RX,D
14:29:23,ICBP,RG,8750,1,D,PD,XC,D
14:29:07,ICBP,RG,8775,1,D,CC,RX,D
14:28:00,ICBP,RG,8775,48,D,YU,RX,D
14:28:00,ICBP,RG,8775,53,D,YU,RX,D
14:27:55,ICBP,RG,8775,6,D,XC,RX,D
14:27:55,ICBP,RG,8775,4,D,XC,CS,F
14:27:50,ICBP,RG,8775,1,D,XC,CS,F
14:27:38,ICBP,RG,8775,2,F,DX,CS,F
14:27:34,ICBP,RG,8775,18,F,DX,CS,F
14:27:34,ICBP,RG,8775,19,F,DX,CS,D
14:27:34,ICBP,RG,8775,8,F,DX,CS,D
14:27:30,ICBP,RG,8775,9,F,DX,CS,D
14:27:27,ICBP,RG,8775,112,D,PD,CS,D
14:27:27,ICBP,RG,8775,1,D,PD,KK,D
14:27:27,ICBP,RG,8775,2,D,PD,BK,F
14:27:27,ICBP,RG,8775,11,D,PD,BK,F
14:27:27,ICBP,RG,8775,43,D,PD,KZ,D
14:27:27,ICBP,RG,8775,12,D,PD,KZ,D
14:27:27,ICBP,RG,8775,28,D,PD,CS,F
14:26:58,ICBP,RG,8750,15,D,PD,BK,F
14:26:56,ICBP,RG,8775,4,F,DX,CS,F
14:26:56,ICBP,RG,8775,8,F,DX,CS,F
14:26:56,ICBP,RG,8775,5,F,DX,CS,F
14:26:56,ICBP,RG,8775,28,F,DX,RX,D
14:26:50,ICBP,RG,8750,5,D,PD,CC,D
14:25:30,ICBP,RG,8775,1,D,XC,RX,D
14:25:16,ICBP,RG,8750,1,D,PD,XC,D
14:25:16,ICBP,RG,8750,2,D,PD,BK,F
14:25:16,ICBP,RG,8750,9,F,DX,BK,F
14:25:14,ICBP,RG,8775,3,D,AT,RX,D
14:25:13,ICBP,RG,8775,34,D,YU,RX,D
14:25:13,ICBP,RG,8775,1,D,YP,RX,D
14:25:13,ICBP,RG,8775,75,D,DR,RX,D
14:25:13,ICBP,RG,8775,33,F,AK,RX,D
14:25:13,ICBP,RG,8775,2,F,DX,RX,D
14:25:13,ICBP,RG,8775,1,F,DX,RX,D
14:25:13,ICBP,RG,8775,53,F,DX,RX,D
14:25:13,ICBP,RG,8775,1,D,AK,RX,D
14:25:13,ICBP,RG,8775,3,D,AK,RX,D
14:25:13,ICBP,RG,8775,43,F,DX,RX,D
14:25:13,ICBP,RG,8775,62,F,DX,RX,D
14:25:13,ICBP,RG,8775,114,F,DX,RX,D
14:25:13,ICBP,RG,8775,107,F,DX,RX,D
14:25:13,ICBP,RG,8775,339,D,CC,RX,D
14:25:04,ICBP,RG,8775,1,D,CC,XL,D
14:25:00,ICBP,RG,8800,1,D,XL,XL,D
14:24:55,ICBP,RG,8800,11,D,AK,XL,D
14:23:29,ICBP,RG,8800,5,D,XL,XL,D
14:23:29,ICBP,RG,8800,2,D,XL,CC,D
14:23:29,ICBP,RG,8800,3,D,XL,DR,D
14:23:00,ICBP,RG,8800,73,D,YU,DR,D
14:23:00,ICBP,RG,8800,24,D,YU,DR,D
14:23:00,ICBP,RG,8800,5,D,YU,XC,D
14:23:00,ICBP,RG,8800,20,D,YU,OD,D
14:23:00,ICBP,RG,8800,3,D,YU,AZ,D
14:23:00,ICBP,RG,8800,1,D,YU,PD,D
14:23:00,ICBP,RG,8800,1,D,YU,GR,D
14:22:41,ICBP,RG,8800,1,D,DR,CC,D
14:22:41,ICBP,RG,8800,2,D,DR,GR,D
14:21:41,ICBP,RG,8775,13,D,CC,CS,F
14:21:41,ICBP,RG,8775,111,D,CC,CS,F
14:21:41,ICBP,RG,8775,138,D,CC,CS,F
14:21:41,ICBP,RG,8775,100,D,CC,RX,D
14:21:41,ICBP,RG,8775,10,D,CC,BK,F
14:21:41,ICBP,RG,8775,9,D,CC,KZ,D
14:21:41,ICBP,RG,8775,32,D,CC,KZ,D
14:21:41,ICBP,RG,8775,10,D,CC,SQ,D
14:21:41,ICBP,RG,8775,15,D,CC,CC,F
14:21:41,ICBP,RG,8775,5,D,CC,XC,D
14:21:41,ICBP,RG,8775,200,D,CC,RX,D
14:21:41,ICBP,RG,8775,7,D,CC,CS,F
14:21:41,ICBP,RG,8775,5,D,CC,XC,D
14:21:41,ICBP,RG,8775,5,D,CC,BK,F
14:21:36,ICBP,RG,8775,5,D,CD,BK,F
14:21:36,ICBP,RG,8775,1,D,CD,BK,F
14:21:36,ICBP,RG,8775,58,D,CD,CS,D
14:21:36,ICBP,RG,8775,50,D,CD,CS,F
14:21:36,ICBP,RG,8775,11,D,CD,CS,F
14:21:36,ICBP,RG,8775,84,D,CD,CS,F
14:21:36,ICBP,RG,8775,26,D,CD,CS,F
14:21:36,ICBP,RG,8775,20,D,CD,CS,F
14:21:36,ICBP,RG,8775,41,D,CD,CS,D
14:21:36,ICBP,RG,8775,142,D,CD,CS,D
14:21:36,ICBP,RG,8775,6,D,CD,KZ,D
14:21:36,ICBP,RG,8775,18,D,CD,KZ,D
14:21:15,ICBP,RG,8775,8,F,DX,KZ,D
14:21:15,ICBP,RG,8775,10,F,DX,CS,F
14:21:15,ICBP,RG,8775,1,F,DX,CS,D
14:21:04,ICBP,RG,8750,50,F,DX,CS,F
14:21:04,ICBP,RG,8750,39,F,DX,CS,F
14:21:04,ICBP,RG,8750,233,D,DR,CS,F
14:21:04,ICBP,RG,8750,95,F,CC,CS,F
14:21:04,ICBP,RG,8750,1,D,YP,CS,F
14:21:04,ICBP,RG,8750,5,D,PD,CS,F
14:21:04,ICBP,RG,8750,1,D,CC,CS,F
14:21:04,ICBP,RG,8750,65,F,DX,CS,F
14:21:04,ICBP,RG,8750,200,F,CC,CS,F
14:21:04,ICBP,RG,8750,8,D,XC,CS,F
14:21:04,ICBP,RG,8750,1,D,XC,CS,F
14:21:04,ICBP,RG,8750,90,F,DX,CS,F
14:21:04,ICBP,RG,8750,1,D,SQ,CS,F
14:21:04,ICBP,RG,8750,15,D,YP,CS,F
14:21:04,ICBP,RG,8750,1,D,AK,CS,F
14:21:04,ICBP,RG,8750,3,D,YP,CS,F
14:21:04,ICBP,RG,8750,97,F,CC,CS,F
14:21:03,ICBP,RG,8775,3,D,LG,CS,D
14:20:44,ICBP,RG,8775,34,D,DR,CS,D
14:20:44,ICBP,RG,8775,1,D,DR,XL,D
14:20:44,ICBP,RG,8775,1,D,DR,PD,D
14:20:44,ICBP,RG,8775,57,D,DR,RX,D
14:20:16,ICBP,RG,8775,5,D,CC,RX,D
14:20:12,ICBP,RG,8775,14,F,DX,RX,D
14:20:08,ICBP,RG,8775,14,F,DX,RX,D
14:20:00,ICBP,RG,8775,10,D,YU,RX,D
14:20:00,ICBP,RG,8775,5,D,YU,YP,D
14:20:00,ICBP,RG,8775,1,D,YU,XC,D
14:20:00,ICBP,RG,8775,9,D,YU,BK,F
14:20:00,ICBP,RG,8775,38,D,YU,RX,D
14:19:56,ICBP,RG,8750,18,F,CC,CS,D
14:19:56,ICBP,RG,8750,113,F,DX,CS,D
14:19:56,ICBP,RG,8750,3,D,AK,CS,D
14:19:55,ICBP,RG,8775,9,D,AK,RX,D
14:18:57,ICBP,RG,8775,5,D,CC,RX,D
14:18:40,ICBP,RG,8775,3,D,EP,RX,D
14:18:36,ICBP,RG,8750,65,F,CC,CS,F
14:18:00,ICBP,RG,8775,34,D,YU,RX,D
14:17:36,ICBP,RG,8750,12,F,CC,CC,D
14:17:12,ICBP,RG,8775,50,F,DX,RX,D
14:17:11,ICBP,RG,8775,161,D,KK,RX,D
14:17:11,ICBP,RG,8775,1,D,KK,CS,F
14:17:11,ICBP,RG,8775,11,D,KK,XL,D
14:17:11,ICBP,RG,8775,2,D,KK,XC,D
14:17:00,ICBP,RG,8775,34,D,YU,CS,F
14:16:40,ICBP,RG,8775,9,D,AK,CS,F
14:16:22,ICBP,RG,8775,5,D,YP,CS,F
14:16:19,ICBP,RG,8750,48,F,CC,CS,D
14:16:19,ICBP,RG,8750,77,F,CC,CS,D
14:15:21,ICBP,RG,8750,15,F,CC,PD,D
14:12:46,ICBP,RG,8750,3,F,CC,CS,D
14:12:46,ICBP,RG,8750,10,F,CC,CS,D
14:12:46,ICBP,RG,8750,4,F,CC,CS,F
14:12:46,ICBP,RG,8750,4,F,CC,CS,F
14:12:46,ICBP,RG,8750,25,F,CC,CS,F
14:12:46,ICBP,RG,8750,2,F,CC,CS,D
14:12:46,ICBP,RG,8750,80,F,CC,RX,D
14:12:46,ICBP,RG,8750,95,F,CC,RX,D
14:12:46,ICBP,RG,8750,1,D,YP,RX,D
14:12:46,ICBP,RG,8750,1,D,PD,RX,D
14:12:46,ICBP,RG,8750,94,F,DX,RX,D
14:12:46,ICBP,RG,8750,209,D,PD,RX,D
14:12:46,ICBP,RG,8750,29,D,YU,RX,D
14:12:46,ICBP,RG,8750,125,F,CC,RX,D
14:12:46,ICBP,RG,8750,2,D,AK,RX,D
14:12:46,ICBP,RG,8750,1,D,CC,RX,D
14:12:46,ICBP,RG,8750,63,F,DX,RX,D
14:12:46,ICBP,RG,8750,95,F,CC,RX,D
14:12:46,ICBP,RG,8750,5,D,AK,RX,D
14:12:46,ICBP,RG,8750,200,F,CC,RX,D
14:11:13,ICBP,RG,8750,21,F,AK,BK,F
14:11:13,ICBP,RG,8750,2,F,AK,CS,F
14:11:13,ICBP,RG,8750,4,F,AK,CS,F
14:11:10,ICBP,RG,8750,3,F,DX,CS,F
14:11:10,ICBP,RG,8750,4,F,DX,CS,F
14:11:10,ICBP,RG,8750,14,F,DX,CS,F
14:11:10,ICBP,RG,8750,3,F,DX,CS,F
14:11:10,ICBP,RG,8750,89,F,DX,CS,F
14:11:09,ICBP,RG,8750,4,F,CC,CS,F
14:11:09,ICBP,RG,8750,54,F,CC,CS,F
14:11:09,ICBP,RG,8750,100,F,CC,BK,F
14:11:09,ICBP,RG,8750,26,F,CC,CS,D
14:11:09,ICBP,RG,8750,3,F,CC,CS,D
14:11:09,ICBP,RG,8750,32,F,CC,CS,D
14:11:09,ICBP,RG,8750,118,F,CC,RX,D
14:11:08,ICBP,RG,8750,20,D,YU,RX,D
14:11:08,ICBP,RG,8750,62,F,DX,RX,D
14:11:08,ICBP,RG,8750,114,D,CC,RX,D
14:11:08,ICBP,RG,8750,27,D,YU,RX,D
14:11:08,ICBP,RG,8750,2,D,YP,RX,D
14:11:08,ICBP,RG,8750,63,F,DX,RX,D
14:11:08,ICBP,RG,8750,107,D,DR,RX,D
14:11:08,ICBP,RG,8750,3,D,XL,RX,D
14:11:08,ICBP,RG,8750,2,D,XC,RX,D
14:11:08,ICBP,RG,8750,209,D,PD,RX,D
14:11:08,ICBP,RG,8750,1,D,PD,RX,D
14:11:08,ICBP,RG,8750,40,D,OD,RX,D
14:11:08,ICBP,RG,8750,12,D,AT,RX,D
14:11:08,ICBP,RG,8750,30,F,AK,RX,D
14:11:08,ICBP,RG,8750,1,D,PD,RX,D
14:11:08,ICBP,RG,8750,1,D,XC,RX,D
14:11:08,ICBP,RG,8750,100,D,KK,RX,D
14:11:08,ICBP,RG,8750,15,D,XC,RX,D
14:11:08,ICBP,RG,8750,2,D,AK,RX,D
14:11:08,ICBP,RG,8750,1,D,YP,RX,D
14:11:08,ICBP,RG,8750,65,F,DX,RX,D
14:11:08,ICBP,RG,8750,2,D,AK,RX,D
14:11:08,ICBP,RG,8750,3,F,DX,RX,D
14:10:57,ICBP,RG,8750,37,F,DX,IF,D
14:10:33,ICBP,RG,8750,5,F,DX,CS,D
14:10:33,ICBP,RG,8750,155,D,DR,CS,D
14:10:19,ICBP,RG,8750,1,D,DR,OD,D
14:10:19,ICBP,RG,8750,43,F,DX,OD,D
14:10:00,ICBP,RG,8750,13,F,DX,PP,D
14:09:37,ICBP,RG,8750,63,F,DX,CS,F
14:09:23,ICBP,RG,8775,10,D,AK,CS,F
14:09:23,ICBP,RG,8750,3,F,DX,XC,D
14:09:00,ICBP,RG,8775,28,D,YU,CS,F
14:09:00,ICBP,RG,8775,17,D,YU,CS,F
14:09:00,ICBP,RG,8775,5,D,YU,CS,F
14:09:00,ICBP,RG,8775,7,D,YU,CS,F
14:09:00,ICBP,RG,8775,10,D,YU,CC,D
14:09:00,ICBP,RG,8775,10,D,YU,BK,F
14:09:00,ICBP,RG,8775,3,D,YU,KZ,D
14:07:54,ICBP,RG,8775,5,D,PD,KZ,D
14:07:54,ICBP,RG,8775,5,D,PD,KZ,D
14:07:11,ICBP,RG,8775,19,F,AK,KZ,D
14:07:11,ICBP,RG,8775,1,F,DX,KZ,D
14:07:11,ICBP,RG,8775,5,F,DX,XC,D
14:07:11,ICBP,RG,8775,4,F,DX,YP,D
14:07:11,ICBP,RG,8775,55,F,DX,CS,F
14:07:11,ICBP,RG,8775,7,F,AK,CS,F
14:07:11,ICBP,RG,8775,24,D,PD,CS,F
14:07:11,ICBP,RG,8775,1,D,PD,NI,D
14:07:11,ICBP,RG,8775,11,D,PD,YP,D
14:07:11,ICBP,RG,8775,100,D,PD,LG,D
14:07:11,ICBP,RG,8775,10,D,PD,BK,F
14:07:11,ICBP,RG,8775,50,D,PD,YU,D
14:07:11,ICBP,RG,8775,1,D,PD,GR,D
14:07:11,ICBP,RG,8775,2,D,PD,BK,F
14:07:11,ICBP,RG,8775,10,D,PD,CS,F
14:07:09,ICBP,RG,8775,11,D,DR,CS,F
14:07:09,ICBP,RG,8775,10,D,DR,BK,F
14:07:09,ICBP,RG,8775,3,D,DR,DH,D
14:06:45,ICBP,RG,8750,10,F,CC,BK,F
14:06:43,ICBP,RG,8750,1,F,CC,AZ,D
14:05:57,ICBP,RG,8750,6,F,CC,RO,D
14:05:50,ICBP,RG,8775,40,D,OD,DH,D
14:05:47,ICBP,RG,8775,31,F,DX,DH,D
14:05:44,ICBP,RG,8775,6,D,AK,DH,D
14:05:44,ICBP,RG,8775,4,D,AK,CP,D
14:05:43,ICBP,RG,8775,32,F,AK,CP,D
14:05:08,ICBP,RG,8775,9,D,DR,CP,D
14:05:08,ICBP,RG,8775,1,D,DR,YP,D
14:05:08,ICBP,RG,8775,28,D,DR,CS,F
14:04:02,ICBP,RG,8775,1,D,PD,CS,F
14:04:00,ICBP,RG,8775,42,D,YU,CS,F
14:02:51,ICBP,RG,8775,1,D,YP,CS,F
14:02:45,ICBP,RG,8750,9,F,CC,XC,D
14:01:51,ICBP,RG,8750,11,F,CC,HP,D
14:01:10,ICBP,RG,8750,2,D,AK,CS,D
14:01:10,ICBP,RG,8750,2,D,YU,CS,D
14:01:00,ICBP,RG,8750,17,D,YU,CS,D
14:00:48,ICBP,RG,8750,11,D,XL,CS,D
14:00:10,ICBP,RG,8750,19,D,YU,CS,D
13:59:55,ICBP,RG,8775,6,D,AK,CS,F
13:59:46,ICBP,RG,8725,8,F,CC,CS,F
13:59:35,ICBP,RG,8750,7,D,PD,CS,D
13:59:35,ICBP,RG,8750,5,D,PD,CS,F
13:59:35,ICBP,RG,8750,4,D,YU,CS,F
13:59:25,ICBP,RG,8750,11,D,YU,CS,F
13:59:14,ICBP,RG,8750,2,D,YU,KZ,D
13:59:14,ICBP,RG,8750,1,D,YP,KZ,D
13:59:14,ICBP,RG,8750,2,F,AK,KZ,D
13:59:13,ICBP,RG,8750,1,F,AK,CS,F
13:59:12,ICBP,RG,8750,15,F,AK,CS,F
13:59:09,ICBP,RG,8750,13,F,AK,KZ,D
13:59:09,ICBP,RG,8750,1,D,PD,KZ,D
13:59:09,ICBP,RG,8750,4,F,DX,KZ,D
13:59:07,ICBP,RG,8750,9,F,DX,CS,F
13:59:07,ICBP,RG,8750,6,F,DX,CS,F
13:59:07,ICBP,RG,8750,64,F,DX,CS,D
13:59:07,ICBP,RG,8750,41,D,DR,CS,D
13:58:55,ICBP,RG,8750,9,D,DR,CS,F
13:58:45,ICBP,RG,8750,1,D,DR,CS,F
13:58:45,ICBP,RG,8750,5,D,DR,CS,F
13:58:45,ICBP,RG,8750,11,D,DR,CS,F
13:58:45,ICBP,RG,8750,16,D,DR,CS,F
13:58:36,ICBP,RG,8775,17,F,DX,CS,F
13:58:36,ICBP,RG,8775,28,F,DX,LG,D
13:58:33,ICBP,RG,8750,8,D,DR,CS,F
13:58:33,ICBP,RG,8775,72,D,DR,LG,D
13:58:33,ICBP,RG,8775,2,D,DR,PD,D
13:58:30,ICBP,RG,8750,2,D,DR,XC,D
13:58:25,ICBP,RG,8750,6,D,DR,CS,F
13:58:14,ICBP,RG,8750,8,D,DR,CS,F
13:58:04,ICBP,RG,8750,7,D,DR,CS,F
13:58:00,ICBP,RG,8775,1,D,YU,PD,D
13:58:00,ICBP,RG,8775,3,D,YU,XC,D
13:58:00,ICBP,RG,8775,12,D,YU,CS,F
13:58:00,ICBP,RG,8775,21,D,YU,BK,F
13:58:00,ICBP,RG,8775,9,D,YU,BK,F
13:57:54,ICBP,RG,8750,2,D,DR,CS,F
13:57:54,ICBP,RG,8750,5,D,DR,CS,F
13:57:44,ICBP,RG,8750,8,D,DR,CS,F
13:57:34,ICBP,RG,8750,6,D,DR,CS,F
13:57:34,ICBP,RG,8750,3,D,DR,CS,F
13:57:24,ICBP,RG,8750,22,D,DR,CS,F
13:57:24,ICBP,RG,8750,7,D,DR,CS,F
13:57:24,ICBP,RG,8750,1,D,XC,CS,F
13:56:35,ICBP,RG,8775,2,D,YP,BK,F
13:56:35,ICBP,RG,8775,6,D,YP,CS,F
13:56:02,ICBP,RG,8775,91,D,DR,CS,F
13:56:00,ICBP,RG,8775,6,D,YU,CS,F
13:56:00,ICBP,RG,8775,8,D,YU,CS,F
13:56:00,ICBP,RG,8775,5,D,YU,BK,F
13:56:00,ICBP,RG,8775,4,D,YU,CS,F
13:56:00,ICBP,RG,8775,2,D,YU,CS,D
13:56:00,ICBP,RG,8775,12,D,YU,LG,D
13:55:00,ICBP,RG,8775,52,D,YU,LG,D
13:52:54,ICBP,RG,8750,1,D,CP,CS,D
13:52:54,ICBP,RG,8750,2,D,PD,CS,D
13:52:54,ICBP,RG,8750,1,D,YU,CS,D
13:52:54,ICBP,RG,8750,5,D,YU,XL,D
13:52:49,ICBP,RG,8750,6,D,YU,KZ,D
13:52:44,ICBP,RG,8750,1,D,YU,CS,F
13:52:44,ICBP,RG,8750,3,D,YU,CS,F
13:52:44,ICBP,RG,8750,1,D,YU,CS,D
13:52:44,ICBP,RG,8750,1,D,XL,CS,D
13:52:44,ICBP,RG,8750,21,D,YU,CS,D
13:52:44,ICBP,RG,8750,1,D,PD,CS,D
13:52:44,ICBP,RG,8750,1,D,NI,CS,D
13:52:44,ICBP,RG,8750,9,D,NI,CS,D
13:52:44,ICBP,RG,8750,20,D,NI,KZ,D
13:51:35,ICBP,RG,8750,20,D,NI,CS,D
13:51:35,ICBP,RG,8750,1,D,NI,CS,D
13:51:35,ICBP,RG,8750,61,F,DX,CS,D
13:51:01,ICBP,RG,8775,30,D,DR,LG,D
13:50:20,ICBP,RG,8775,1,D,XL,LG,D
13:50:09,ICBP,RG,8750,23,F,DX,KZ,D
13:50:09,ICBP,RG,8750,6,F,DX,KZ,D
13:50:00,ICBP,RG,8775,5,D,YU,LG,D
13:50:00,ICBP,RG,8775,5,D,YU,PD,D
13:50:00,ICBP,RG,8775,9,D,YU,CC,F
13:50:00,ICBP,RG,8775,2,D,YU,EP,D
13:50:00,ICBP,RG,8775,1,D,YU,YP,D
13:50:00,ICBP,RG,8775,20,D,YU,YP,D
13:49:27,ICBP,RG,8750,10,F,DX,CS,F
13:49:27,ICBP,RG,8750,33,D,ZP,CS,F
13:49:26,ICBP,RG,8775,7,D,PD,YP,D
13:48:44,ICBP,RG,8750,1,D,ZP,CS,D
13:48:44,ICBP,RG,8750,103,D,ZP,CS,D
13:48:44,ICBP,RG,8750,9,D,ZP,BK,F
13:48:44,ICBP,RG,8750,4,D,ZP,CS,F
13:48:44,ICBP,RG,8750,2,D,CC,CS,F
13:48:44,ICBP,RG,8750,15,D,DR,CS,F
13:48:44,ICBP,RG,8750,17,D,DR,CS,F
13:48:13,ICBP,RG,8775,34,D,DR,YP,D
13:48:03,ICBP,RG,8750,39,D,DR,CS,F
13:47:35,ICBP,RG,8750,1,D,DR,PD,D
13:47:23,ICBP,RG,8750,40,D,DR,CS,F
13:47:16,ICBP,RG,8750,1,D,DR,PD,D
13:47:05,ICBP,RG,8750,10,D,DR,BK,F
13:47:01,ICBP,RG,8750,1,D,DR,BQ,D
13:46:43,ICBP,RG,8750,31,D,DR,CS,F
13:46:43,ICBP,RG,8750,9,D,OD,CS,F
13:46:03,ICBP,RG,8750,1,D,OD,CS,F
13:46:03,ICBP,RG,8750,30,D,OD,CS,F
13:46:03,ICBP,RG,8750,12,F,DX,CS,F
13:46:00,ICBP,RG,8775,37,D,YU,YP,D
13:46:00,ICBP,RG,8775,45,D,YU,YP,D
13:45:55,ICBP,RG,8750,1,F,DX,AT,D
13:45:21,ICBP,RG,8750,18,F,DX,CS,F
13:45:03,ICBP,RG,8750,58,F,DX,CS,F
13:45:03,ICBP,RG,8750,16,F,DX,CS,D
13:45:03,ICBP,RG,8750,5,F,DX,CS,F
13:45:03,ICBP,RG,8750,5,F,DX,CS,D
13:45:03,ICBP,RG,8750,5,F,DX,CC,D
13:45:02,ICBP,RG,8775,37,F,DX,YP,D
13:45:02,ICBP,RG,8775,6,F,DX,YP,D
13:45:02,ICBP,RG,8775,14,F,DX,YP,D
13:45:02,ICBP,RG,8775,12,F,DX,SQ,D
13:45:02,ICBP,RG,8775,1,F,DX,KK,D
13:45:02,ICBP,RG,8775,1,F,DX,XC,D
13:45:02,ICBP,RG,8775,3,F,DX,PD,D
13:45:02,ICBP,RG,8750,5,F,DX,CS,F
13:45:02,ICBP,RG,8750,5,F,DX,CS,D
13:45:02,ICBP,RG,8725,8,F,CC,CS,D
13:45:02,ICBP,RG,8725,5,F,CC,CS,F
13:45:02,ICBP,RG,8750,3,D,XC,CS,F
13:45:02,ICBP,RG,8750,5,D,XC,CS,F
13:45:01,ICBP,RG,8750,1,D,XC,XC,D
13:45:01,ICBP,RG,8750,3,D,XC,CS,F
13:45:01,ICBP,RG,8750,1,D,XC,CS,F
13:45:01,ICBP,RG,8750,18,D,XC,XL,D
13:44:58,ICBP,RG,8750,1,D,CC,XL,D
13:44:39,ICBP,RG,8750,1,D,PD,XL,D
13:44:15,ICBP,RG,8725,17,F,CC,CS,D
13:44:15,ICBP,RG,8750,17,F,CC,CS,F
13:44:15,ICBP,RG,8750,28,F,CC,AK,F
13:44:15,ICBP,RG,8750,5,F,CC,AK,F
13:44:15,ICBP,RG,8750,10,F,CC,BK,F
13:44:15,ICBP,RG,8750,2,F,CC,BK,F
13:44:15,ICBP,RG,8750,2,F,CC,XL,D
13:44:15,ICBP,RG,8750,2,F,CC,BK,F
13:44:15,ICBP,RG,8750,69,F,CC,CS,D
13:44:15,ICBP,RG,8750,73,F,CC,CS,F
13:44:15,ICBP,RG,8750,7,F,CC,CS,F
13:44:15,ICBP,RG,8750,2,F,CC,CS,F
13:44:15,ICBP,RG,8750,9,F,CC,BK,F
13:44:15,ICBP,RG,8750,30,F,CC,CS,D
13:44:15,ICBP,RG,8750,144,F,CC,LG,D
13:43:32,ICBP,RG,8725,11,F,CC,BK,F
13:43:16,ICBP,RG,8750,3,D,PD,LG,D
13:43:04,ICBP,RG,8750,3,F,DX,LG,D
13:43:04,ICBP,RG,8750,5,F,DX,BK,F
13:43:01,ICBP,RG,8750,6,F,DX,BK,F
13:43:01,ICBP,RG,8750,5,F,DX,CS,F
13:43:01,ICBP,RG,8750,13,F,DX,CS,F
13:43:00,ICBP,RG,8750,50,D,YU,CS,F
13:42:08,ICBP,RG,8750,1,D,KK,CS,F
13:41:38,ICBP,RG,8750,1,D,XL,CS,F
13:41:00,ICBP,RG,8750,37,D,YU,CS,F
13:40:56,ICBP,RG,8750,10,D,CC,CS,F
13:40:47,ICBP,RG,8750,8,D,PD,CS,F
13:40:01,ICBP,RG,8750,1,D,CC,CS,F
13:40:00,ICBP,RG,8750,3,F,DX,CS,F
13:40:00,ICBP,RG,8750,28,F,DX,CS,D
13:40:00,ICBP,RG,8750,9,F,DX,BK,F
13:40:00,ICBP,RG,8750,3,F,DX,CS,F
13:40:00,ICBP,RG,8750,5,F,DX,CS,F
13:40:00,ICBP,RG,8750,2,F,DX,CS,F
13:40:00,ICBP,RG,8750,9,F,DX,BK,F
13:40:00,ICBP,RG,8750,37,D,YU,KZ,D
13:39:11,ICBP,RG,8750,5,D,OD,KZ,D
13:39:11,ICBP,RG,8750,19,D,OD,KZ,D
13:39:11,ICBP,RG,8750,9,D,OD,BK,F
13:39:11,ICBP,RG,8750,5,D,OD,CS,F
13:39:11,ICBP,RG,8750,2,D,OD,CS,F
13:39:07,ICBP,RG,8750,1,D,YP,CS,F
13:38:59,ICBP,RG,8750,2,D,YP,CS,F
13:38:59,ICBP,RG,8750,1,D,YP,XC,D
13:38:37,ICBP,RG,8750,3,D,CC,XC,D
13:38:34,ICBP,RG,8750,1,D,XC,XC,D
13:38:06,ICBP,RG,8775,3,D,XL,PD,D
13:38:06,ICBP,RG,8775,2,D,XL,XC,D
13:38:06,ICBP,RG,8775,1,D,XL,XC,D
13:38:06,ICBP,RG,8775,6,D,XL,SQ,D
13:38:06,ICBP,RG,8775,10,D,XL,YU,D
13:37:50,ICBP,RG,8750,33,D,DR,CS,D
13:37:49,ICBP,RG,8750,29,D,DR,CS,F
13:37:49,ICBP,RG,8750,42,D,DR,CS,F
13:37:37,ICBP,RG,8725,2,F,CC,CS,F
13:37:37,ICBP,RG,8725,2,F,CC,CS,D
13:37:37,ICBP,RG,8750,2,D,DR,CS,F
13:37:00,ICBP,RG,8775,40,D,YU,YU,D
13:36:27,ICBP,RG,8725,1,F,CC,CS,F
13:36:27,ICBP,RG,8725,1,F,CC,CS,F
13:36:27,ICBP,RG,8750,1,D,XC,CS,D
13:36:25,ICBP,RG,8750,20,D,GR,CS,F
13:36:01,ICBP,RG,8725,1,F,CC,CS,F
13:36:01,ICBP,RG,8750,1,D,XC,CS,F
13:36:00,ICBP,RG,8750,9,D,YU,CS,D
13:36:00,ICBP,RG,8750,18,D,YU,CS,F
13:36:00,ICBP,RG,8750,9,D,YU,LG,D
13:35:58,ICBP,RG,8750,40,D,OD,LG,D
13:35:48,ICBP,RG,8750,1,D,YP,LG,D
13:35:46,ICBP,RG,8750,1,F,DX,CS,F
13:35:46,ICBP,RG,8750,19,F,DX,CS,D
13:35:46,ICBP,RG,8750,1,F,DX,CS,F
13:35:46,ICBP,RG,8750,13,F,DX,CS,F
13:35:36,ICBP,RG,8750,1,F,DX,CS,F
13:35:36,ICBP,RG,8750,14,F,DX,CS,F
13:35:26,ICBP,RG,8750,31,F,DX,CS,F
13:35:08,ICBP,RG,8750,4,F,DX,YP,D
13:35:08,ICBP,RG,8725,2,F,CC,CS,F
13:35:08,ICBP,RG,8750,2,D,YP,CS,D
13:35:01,ICBP,RG,8750,11,F,AK,CS,F
13:35:01,ICBP,RG,8750,29,F,AK,AK,F
13:35:01,ICBP,RG,8750,30,D,DR,CS,F
13:35:01,ICBP,RG,8750,118,D,DR,CS,D
13:35:00,ICBP,RG,8725,6,F,CC,CS,F
13:35:00,ICBP,RG,8725,12,F,CC,CS,D
13:35:00,ICBP,RG,8750,12,D,YU,CS,F
13:35:00,ICBP,RG,8750,4,D,YU,CS,F
13:35:00,ICBP,RG,8750,10,D,YU,BK,F
13:35:00,ICBP,RG,8750,1,D,YU,BK,F
13:35:00,ICBP,RG,8750,10,D,YU,BK,F
13:35:00,ICBP,RG,8750,10,D,YU,XC,D
13:34:58,ICBP,RG,8750,1,F,DX,CS,D
13:34:58,ICBP,RG,8750,10,F,DX,BK,F
13:34:58,ICBP,RG,8750,2,F,DX,CS,F
13:34:58,ICBP,RG,8750,1,F,DX,CS,F
13:34:58,ICBP,RG,8750,52,F,DX,KZ,D
13:34:58,ICBP,RG,8750,2,F,DX,KZ,D
13:34:58,ICBP,RG,8750,22,D,DR,KZ,D
13:34:58,ICBP,RG,8750,6,D,DR,CS,F
13:34:58,ICBP,RG,8750,2,D,DR,YP,D
13:34:58,ICBP,RG,8750,9,D,DR,BK,F
13:34:58,ICBP,RG,8750,1,D,DR,CS,F
13:34:58,ICBP,RG,8750,2,D,DR,CS,F
13:34:58,ICBP,RG,8750,2,D,DR,CC,F
13:34:58,ICBP,RG,8750,10,D,DR,KZ,D
13:34:58,ICBP,RG,8750,4,D,DR,KZ,D
13:34:58,ICBP,RG,8750,17,D,DR,CS,F
13:34:55,ICBP,RG,8725,9,F,CC,BK,F
13:33:11,ICBP,RG,8750,2,D,YP,CS,F
13:32:38,ICBP,RG,8725,145,F,CC,CS,F
13:32:37,ICBP,RG,8750,66,D,DR,CS,F
13:32:00,ICBP,RG,8725,13,F,CC,ZP,F
13:32:00,ICBP,RG,8725,2,F,CC,ZP,F
13:31:59,ICBP,RG,8750,77,F,DX,CS,F
13:31:55,ICBP,RG,8725,9,F,CC,ZP,F
13:31:55,ICBP,RG,8725,1,F,CC,ZP,F
13:31:55,ICBP,RG,8750,14,F,AK,CS,F
13:31:55,ICBP,RG,8750,32,F,AK,CS,F
13:31:55,ICBP,RG,8725,9,F,CC,ZP,F
13:31:41,ICBP,RG,8725,21,F,CC,ZP,F
13:31:41,ICBP,RG,8750,25,D,GR,CS,F
13:31:00,ICBP,RG,8750,30,D,YU,CS,F
13:31:00,ICBP,RG,8750,11,D,YU,LG,D
13:31:00,ICBP,RG,8750,70,D,YU,LG,D
13:30:12,ICBP,RG,8725,1,F,CC,ZP,F
13:30:12,ICBP,RG,8725,1,F,CC,ZP,F
13:30:11,ICBP,RG,8725,5,F,CC,ZP,F
13:30:11,ICBP,RG,8750,29,D,YP,LG,D
13:30:11,ICBP,RG,8725,1,F,CC,ZP,F
13:30:11,ICBP,RG,8750,2,D,YP,LG,D
13:30:11,ICBP,RG,8725,2,F,CC,ZP,F
13:30:11,ICBP,RG,8750,10,D,YP,LG,D
13:30:09,ICBP,RG,8750,25,D,YP,LG,D
13:30:08,ICBP,RG,8725,1,F,CC,ZP,F
13:30:08,ICBP,RG,8750,1,D,XL,LG,D
13:30:08,ICBP,RG,8750,5,D,XL,ZP,F
13:30:08,ICBP,RG,8725,1,F,CC,ZP,F
13:30:07,ICBP,RG,8725,2,F,CC,ZP,F
13:30:06,ICBP,RG,8750,2,D,XL,KK,D
13:30:06,ICBP,RG,8725,1,F,CC,ZP,F
13:30:06,ICBP,RG,8750,8,D,YP,KK,D
13:30:06,ICBP,RG,8750,2,D,YP,BK,F
13:30:05,ICBP,RG,8725,1,F,CC,ZP,F
13:30:05,ICBP,RG,8725,1,F,CC,ZP,F
13:30:05,ICBP,RG,8725,1,F,CC,ZP,F
13:30:05,ICBP,RG,8725,1,F,CC,ZP,F
13:30:04,ICBP,RG,8725,1,F,CC,ZP,F
13:30:03,ICBP,RG,8750,1,D,LG,BK,F
13:30:03,ICBP,RG,8725,1,F,CC,XL,D
13:30:02,ICBP,RG,8750,1,D,KK,BK,F
13:30:01,ICBP,RG,8725,1,F,CC,PD,D
13:30:01,ICBP,RG,8725,8,F,CC,PD,D
13:30:01,ICBP,RG,8725,1,F,CC,PD,D
13:30:01,ICBP,RG,8750,1,D,PD,BK,F
13:30:01,ICBP,RG,8750,5,D,PD,BK,F
13:30:01,ICBP,RG,8750,2,D,PD,CS,F
13:30:01,ICBP,RG,8750,1,D,PD,CS,F
13:30:01,ICBP,RG,8750,1,D,PD,CS,F
13:30:01,ICBP,RG,8725,1,F,CC,PD,D
13:30:01,ICBP,RG,8750,2,D,DH,BK,F
11:29:39,ICBP,RG,8725,11,F,CC,BK,F
11:28:23,ICBP,RG,8725,5,F,CC,CS,F
11:28:20,ICBP,RG,8725,11,F,CC,BK,F
11:28:14,ICBP,RG,8725,7,F,CC,CS,F
11:28:04,ICBP,RG,8725,5,F,CC,CS,F
11:28:00,ICBP,RG,8725,8,F,CC,CS,F
11:28:00,ICBP,RG,8750,2,D,YU,KZ,D
11:28:00,ICBP,RG,8750,3,D,YU,CS,F
11:28:00,ICBP,RG,8750,3,D,YU,CS,F
11:28:00,ICBP,RG,8750,4,D,YU,CS,F
11:28:00,ICBP,RG,8750,2,D,YU,CS,F
11:28:00,ICBP,RG,8750,2,D,YU,CS,F
11:28:00,ICBP,RG,8750,15,D,YU,KZ,D
11:28:00,ICBP,RG,8750,16,D,YU,CC,F
11:28:00,ICBP,RG,8750,3,D,YU,BK,F
11:27:45,ICBP,RG,8725,6,F,CC,CS,F
11:27:25,ICBP,RG,8725,1,F,CC,CS,F
11:27:25,ICBP,RG,8725,2,F,CC,CS,F
11:27:24,ICBP,RG,8725,21,F,CC,CS,F
11:27:16,ICBP,RG,8725,1,F,CC,CS,F
11:27:16,ICBP,RG,8725,7,F,CC,CS,F
11:27:16,ICBP,RG,8725,80,F,CC,KZ,D
11:27:11,ICBP,RG,8725,10,F,CC,BK,F
11:26:35,ICBP,RG,8725,7,F,CC,CS,F
11:26:28,ICBP,RG,8725,12,F,CC,IF,D
11:24:33,ICBP,RG,8750,2,D,YP,BK,F
11:24:26,ICBP,RG,8725,1,F,CC,CS,F
11:24:26,ICBP,RG,8725,9,F,CC,CS,F
11:24:10,ICBP,RG,8725,19,F,CC,CS,F
11:24:10,ICBP,RG,8750,11,D,YP,BK,F
11:24:10,ICBP,RG,8750,1,D,YP,BK,F
11:24:10,ICBP,RG,8750,10,D,YP,BK,F
11:24:00,ICBP,RG,8750,12,D,TF,BK,F
11:23:55,ICBP,RG,8725,51,F,CC,CS,F
11:23:46,ICBP,RG,8725,88,F,CC,CS,F
11:23:46,ICBP,RG,8725,18,D,YU,CS,F
11:23:46,ICBP,RG,8725,2,D,PD,CS,F
11:23:46,ICBP,RG,8725,39,F,DX,CS,F
11:23:45,ICBP,RG,8725,15,F,DX,CS,F
11:23:45,ICBP,RG,8725,3,F,DX,CS,F
11:23:45,ICBP,RG,8725,19,F,DX,CS,F
11:23:41,ICBP,RG,8725,45,F,DX,KZ,D
11:23:41,ICBP,RG,8725,11,F,DX,KZ,D
11:23:41,ICBP,RG,8725,5,D,XL,KZ,D
11:23:41,ICBP,RG,8725,1,D,CC,KZ,D
11:23:41,ICBP,RG,8725,22,D,YU,KZ,D
11:23:41,ICBP,RG,8725,197,F,DX,KZ,D
11:23:41,ICBP,RG,8725,1,D,YP,KZ,D
11:23:41,ICBP,RG,8725,1,D,NI,KZ,D
11:23:41,ICBP,RG,8725,1,D,XL,KZ,D
11:23:41,ICBP,RG,8725,55,F,DX,KZ,D
11:23:41,ICBP,RG,8725,1,D,PD,KZ,D
11:23:41,ICBP,RG,8725,4,D,SQ,KZ,D
11:23:41,ICBP,RG,8725,5,D,YP,KZ,D
11:23:41,ICBP,RG,8725,1,D,KK,KZ,D
11:23:41,ICBP,RG,8725,1,D,PD,KZ,D
11:23:41,ICBP,RG,8725,4,D,CC,KZ,D
11:23:41,ICBP,RG,8725,2,D,SQ,KZ,D
11:23:41,ICBP,RG,8725,10,D,YP,KZ,D
11:23:41,ICBP,RG,8725,1,D,CC,KZ,D
11:23:41,ICBP,RG,8725,2,D,XL,KZ,D
11:23:41,ICBP,RG,8725,1,D,XL,KZ,D
11:23:41,ICBP,RG,8725,1,D,XC,KZ,D
11:23:41,ICBP,RG,8725,1,D,PD,KZ,D
11:23:41,ICBP,RG,8725,50,D,NI,KZ,D
11:23:41,ICBP,RG,8725,2,D,YP,KZ,D
11:23:41,ICBP,RG,8725,5,D,PD,KZ,D
11:23:41,ICBP,RG,8725,5,D,YP,KZ,D
11:23:41,ICBP,RG,8725,5,D,PD,KZ,D
11:23:41,ICBP,RG,8725,10,D,YP,KZ,D
11:23:41,ICBP,RG,8725,10,D,GR,KZ,D
11:23:41,ICBP,RG,8725,1,D,YP,KZ,D
11:23:41,ICBP,RG,8725,1,D,YP,KZ,D
11:23:41,ICBP,RG,8725,1,D,CC,KZ,D
11:23:41,ICBP,RG,8725,10,D,YP,KZ,D
11:23:41,ICBP,RG,8725,3,D,XC,KZ,D
11:23:41,ICBP,RG,8725,40,D,YP,KZ,D
11:23:41,ICBP,RG,8725,2,D,CC,KZ,D
11:23:41,ICBP,RG,8725,1,D,PD,KZ,D
11:23:41,ICBP,RG,8725,1,D,PD,KZ,D
11:23:41,ICBP,RG,8725,1,D,XC,KZ,D
11:23:41,ICBP,RG,8725,5,D,PD,KZ,D
11:23:41,ICBP,RG,8725,40,D,OD,KZ,D
11:23:41,ICBP,RG,8725,10,D,AI,KZ,D
11:23:41,ICBP,RG,8725,1,D,PD,KZ,D
11:23:41,ICBP,RG,8725,2,D,EP,KZ,D
11:23:41,ICBP,RG,8725,1,D,CC,KZ,D
11:23:41,ICBP,RG,8725,2,D,EP,KZ,D
11:23:41,ICBP,RG,8725,1,D,XL,KZ,D
11:23:41,ICBP,RG,8725,3,D,GR,KZ,D
11:23:41,ICBP,RG,8725,1,D,KK,KZ,D
11:23:41,ICBP,RG,8725,3,D,NI,KZ,D
11:23:41,ICBP,RG,8725,1,D,XC,KZ,D
11:23:41,ICBP,RG,8725,5,D,YP,KZ,D
11:23:41,ICBP,RG,8725,1,D,XC,KZ,D
11:23:41,ICBP,RG,8725,2,D,PD,KZ,D
11:23:41,ICBP,RG,8725,5,D,XL,KZ,D
11:23:41,ICBP,RG,8725,1,D,YP,KZ,D
11:23:41,ICBP,RG,8725,1,D,PD,KZ,D
11:23:41,ICBP,RG,8725,18,F,DX,KZ,D
11:23:41,ICBP,RG,8725,34,D,PD,KZ,D
11:23:06,ICBP,RG,8725,9,D,PD,BK,F
11:22:26,ICBP,RG,8725,15,D,PD,YP,D
11:22:26,ICBP,RG,8725,185,F,DX,YP,D
11:22:26,ICBP,RG,8725,6,D,XL,YP,D
11:22:26,ICBP,RG,8725,6,D,RO,YP,D
11:22:26,ICBP,RG,8725,2,D,KK,YP,D
11:22:26,ICBP,RG,8725,20,D,NI,YP,D
11:22:26,ICBP,RG,8725,1,D,GR,YP,D
11:22:26,ICBP,RG,8725,5,D,XC,YP,D
11:22:26,ICBP,RG,8725,3,D,NI,YP,D
11:22:26,ICBP,RG,8725,7,D,YP,YP,D
11:22:15,ICBP,RG,8725,1,D,YP,CC,D
11:22:15,ICBP,RG,8725,2,D,PD,CC,D
11:22:15,ICBP,RG,8725,1,D,LS,CC,D
11:22:15,ICBP,RG,8725,6,D,KK,CC,D
11:22:09,ICBP,RG,8725,4,D,KK,BK,F
11:22:09,ICBP,RG,8725,1,D,YP,BK,F
11:22:09,ICBP,RG,8725,5,D,CC,BK,F
11:20:02,ICBP,RG,8725,9,D,CC,BK,F
11:19:24,ICBP,RG,8725,10,D,CC,BK,F
11:18:49,ICBP,RG,8750,1,D,YP,BK,F
11:18:39,ICBP,RG,8750,1,D,YP,BK,F
11:17:55,ICBP,RG,8725,2,D,CC,YP,D
11:17:08,ICBP,RG,8725,4,D,CC,BK,F
11:17:08,ICBP,RG,8725,4,D,SQ,BK,F
11:17:08,ICBP,RG,8725,1,D,YP,BK,F
11:17:08,ICBP,RG,8725,2,D,PD,BK,F
11:17:05,ICBP,RG,8725,17,D,PD,BK,F
11:17:02,ICBP,RG,8725,16,D,PD,BK,F
11:17:02,ICBP,RG,8725,57,D,CC,BK,F
11:17:01,ICBP,RG,8725,443,D,CC,KZ,D
11:17:01,ICBP,RG,8725,83,D,ZP,KZ,D
11:16:10,ICBP,RG,8750,3,F,DX,BK,F
11:16:07,ICBP,RG,8750,56,F,DX,BK,F
11:16:07,ICBP,RG,8725,16,D,ZP,BK,F
11:16:04,ICBP,RG,8725,32,D,ZP,BK,F
11:16:03,ICBP,RG,8725,10,D,ZP,BK,F
11:16:03,ICBP,RG,8750,26,F,CC,BK,F
11:16:03,ICBP,RG,8750,9,F,CC,KZ,D
11:16:03,ICBP,RG,8750,5,F,CC,KZ,D
11:16:03,ICBP,RG,8750,33,F,CC,KZ,D
11:16:03,ICBP,RG,8750,13,F,CC,KZ,D
11:16:03,ICBP,RG,8750,1,F,CC,CS,F
11:16:03,ICBP,RG,8750,92,F,CC,CS,F
11:16:03,ICBP,RG,8750,4,F,CC,CS,F
11:16:03,ICBP,RG,8750,92,F,CC,CS,F
11:15:37,ICBP,RG,8725,16,D,ZP,BK,F
11:15:34,ICBP,RG,8725,18,D,ZP,BK,F
11:15:30,ICBP,RG,8725,25,D,ZP,BK,F
11:15:30,ICBP,RG,8725,6,D,XL,BK,F
11:15:30,ICBP,RG,8725,7,D,YP,BK,F
11:15:30,ICBP,RG,8725,1,D,DR,BK,F
11:15:30,ICBP,RG,8725,1,D,YP,BK,F
11:15:30,ICBP,RG,8725,35,D,SQ,BK,F
11:15:24,ICBP,RG,8725,120,D,SQ,BK,F
11:15:24,ICBP,RG,8725,3,D,XC,BK,F
11:15:24,ICBP,RG,8725,1,D,PD,BK,F
11:15:24,ICBP,RG,8725,1,D,PD,BK,F
11:15:24,ICBP,RG,8725,3,D,EP,BK,F
11:15:24,ICBP,RG,8725,10,D,GR,BK,F
11:15:24,ICBP,RG,8725,100,D,YP,BK,F
11:15:24,ICBP,RG,8725,85,D,YP,BK,F
11:15:21,ICBP,RG,8775,51,F,DX,KZ,D
11:15:21,ICBP,RG,8725,15,D,YP,CS,F
11:15:21,ICBP,RG,8750,28,F,AK,CS,F
11:15:21,ICBP,RG,8750,10,F,AK,CS,F
11:15:21,ICBP,RG,8750,50,F,CC,BK,F
11:15:21,ICBP,RG,8750,40,D,OD,BK,F
11:15:21,ICBP,RG,8750,1,D,PD,BK,F
11:15:21,ICBP,RG,8750,18,D,YU,BK,F
11:15:21,ICBP,RG,8750,25,D,NI,BK,F
11:15:21,ICBP,RG,8750,70,F,DX,BK,F
11:15:21,ICBP,RG,8750,5,D,CP,BK,F
11:15:21,ICBP,RG,8750,1,D,NI,BK,F
11:15:21,ICBP,RG,8750,1,D,XC,BK,F
11:15:21,ICBP,RG,8750,1,D,PD,BK,F
11:15:21,ICBP,RG,8750,1,D,XC,BK,F
11:15:21,ICBP,RG,8750,2,D,PD,BK,F
11:15:21,ICBP,RG,8750,3,D,KK,BK,F
11:15:21,ICBP,RG,8750,1,D,KK,BK,F
11:15:21,ICBP,RG,8750,1,D,PD,BK,F
11:15:21,ICBP,RG,8750,1,D,GR,BK,F
11:15:21,ICBP,RG,8750,1,D,CC,BK,F
11:15:21,ICBP,RG,8750,1,D,CC,BK,F
11:15:21,ICBP,RG,8750,1,D,PD,BK,F
11:15:21,ICBP,RG,8750,2,D,NI,BK,F
11:15:21,ICBP,RG,8750,1,D,LG,BK,F
11:15:21,ICBP,RG,8750,1,D,XC,BK,F
11:15:21,ICBP,RG,8750,19,D,YU,BK,F
11:15:21,ICBP,RG,8750,31,D,YU,BK,F
11:15:21,ICBP,RG,8750,5,D,XC,BK,F
11:15:21,ICBP,RG,8750,77,F,DX,BK,F
11:15:21,ICBP,RG,8750,20,D,YU,BK,F
11:15:21,ICBP,RG,8750,16,D,YU,BK,F
11:15:21,ICBP,RG,8750,63,F,DX,BK,F
11:15:21,ICBP,RG,8750,200,D,YU,BK,F
11:15:21,ICBP,RG,8750,73,F,DX,BK,F
11:15:21,ICBP,RG,8750,100,D,YU,BK,F
11:15:21,ICBP,RG,8750,10,D,YP,BK,F
11:15:21,ICBP,RG,8750,76,F,DX,BK,F
11:15:21,ICBP,RG,8750,1,D,EP,BK,F
11:15:21,ICBP,RG,8750,1,D,SQ,BK,F
11:15:21,ICBP,RG,8750,1,D,HP,BK,F
11:15:21,ICBP,RG,8750,1,D,XL,BK,F
11:15:21,ICBP,RG,8750,2,D,OD,BK,F
11:15:21,ICBP,RG,8750,10,D,YJ,BK,F
11:15:21,ICBP,RG,8750,1,D,YP,BK,F
11:15:21,ICBP,RG,8750,2,D,PD,BK,F
11:15:21,ICBP,RG,8750,1,D,YP,BK,F
11:15:21,ICBP,RG,8750,1,D,CC,BK,F
11:15:21,ICBP,RG,8750,50,D,PD,BK,F
11:15:21,ICBP,RG,8750,2,D,XC,BK,F
11:15:21,ICBP,RG,8750,1,D,GR,BK,F
11:15:21,ICBP,RG,8750,20,D,NI,BK,F
11:15:21,ICBP,RG,8750,20,D,NI,BK,F
11:15:21,ICBP,RG,8750,20,D,NI,BK,F
11:15:21,ICBP,RG,8750,64,F,DX,BK,F
11:15:21,ICBP,RG,8750,77,F,CC,BK,F
11:15:21,ICBP,RG,8750,66,F,CC,BK,F
11:15:21,ICBP,RG,8750,20,D,YP,BK,F
11:15:21,ICBP,RG,8750,1,D,EP,BK,F
11:15:21,ICBP,RG,8750,2,D,XC,BK,F
11:15:21,ICBP,RG,8750,1,D,XC,AK,F
11:15:21,ICBP,RG,8750,2,D,YP,AK,F
11:15:21,ICBP,RG,8750,1,D,YP,AK,F
11:15:21,ICBP,RG,8750,1,D,PD,AK,F
11:15:21,ICBP,RG,8750,1,D,YP,AK,F
11:15:21,ICBP,RG,8750,3,D,PD,AK,F
11:15:21,ICBP,RG,8750,1,D,YP,AK,F
11:15:21,ICBP,RG,8750,1,D,KK,AK,F
11:15:21,ICBP,RG,8750,20,D,YP,AK,F
11:15:21,ICBP,RG,8750,87,F,DX,AK,F
11:15:21,ICBP,RG,8750,225,F,CC,AK,F
11:15:21,ICBP,RG,8750,1,D,XC,AK,F
11:15:21,ICBP,RG,8750,2,D,PD,AK,F
11:15:21,ICBP,RG,8750,40,D,OD,AK,F
11:15:21,ICBP,RG,8750,5,D,XC,AK,F
11:15:21,ICBP,RG,8750,1,D,AT,AK,F
11:15:21,ICBP,RG,8750,1,D,PD,AK,F
11:15:21,ICBP,RG,8750,22,F,AK,AK,F
11:15:21,ICBP,RG,8750,46,F,DX,AK,F
11:15:21,ICBP,RG,8750,5,D,NI,AK,F
11:15:21,ICBP,RG,8750,2,D,KK,AK,F
11:15:21,ICBP,RG,8750,1,D,YP,AK,F
11:15:21,ICBP,RG,8750,1,D,CC,AK,F
11:15:21,ICBP,RG,8750,12,D,YP,AK,F
11:15:21,ICBP,RG,8750,1,D,AT,AK,F
11:15:21,ICBP,RG,8750,4,D,NI,AK,F
11:15:21,ICBP,RG,8750,2,D,BQ,AK,F
11:15:21,ICBP,RG,8750,1,D,GR,AK,F
11:15:21,ICBP,RG,8750,10,D,EP,AK,F
11:15:21,ICBP,RG,8750,3,D,EP,KZ,D
11:15:21,ICBP,RG,8750,5,D,PD,KZ,D
11:15:21,ICBP,RG,8750,1,D,YP,KZ,D
11:15:21,ICBP,RG,8750,1,D,XC,KZ,D
11:15:21,ICBP,RG,8750,1,D,XL,KZ,D
11:15:21,ICBP,RG,8750,9,D,XL,KZ,D
11:15:20,ICBP,RG,8750,1,D,XL,XL,D
11:15:20,ICBP,RG,8750,1,D,KK,XL,D
11:15:20,ICBP,RG,8750,3,D,PD,XL,D
11:13:31,ICBP,RG,8750,2,D,PD,KZ,D
11:13:31,ICBP,RG,8750,2,D,SQ,KZ,D
11:13:31,ICBP,RG,8750,3,D,PD,KZ,D
11:13:31,ICBP,RG,8750,2,D,PD,KZ,D
11:13:31,ICBP,RG,8750,1,D,YP,KZ,D
11:13:31,ICBP,RG,8750,1,D,PD,KZ,D
11:13:31,ICBP,RG,8750,9,F,CC,KZ,D
11:13:28,ICBP,RG,8750,9,F,CC,BK,F
11:13:00,ICBP,RG,8775,44,D,YU,KZ,D
11:12:51,ICBP,RG,8750,1,F,CC,KZ,D
11:12:46,ICBP,RG,8750,3,F,CC,KZ,D
11:12:41,ICBP,RG,8750,1,F,CC,KZ,D
11:12:41,ICBP,RG,8775,52,F,DX,KZ,D
11:12:37,ICBP,RG,8750,10,F,CC,BK,F
11:10:31,ICBP,RG,8750,5,F,CC,KZ,D
11:10:29,ICBP,RG,8750,10,F,CC,BK,F
11:09:43,ICBP,RG,8775,5,D,PD,KZ,D
11:07:21,ICBP,RG,8750,5,F,CC,KZ,D
11:07:10,ICBP,RG,8750,11,F,CC,BK,F
11:06:51,ICBP,RG,8750,11,F,CC,KZ,D
11:06:51,ICBP,RG,8750,16,F,DX,KZ,D
11:06:00,ICBP,RG,8775,36,D,YU,KZ,D
11:05:47,ICBP,RG,8750,9,F,DX,BK,F
11:05:41,ICBP,RG,8750,12,F,DX,KZ,D
11:05:00,ICBP,RG,8775,36,D,YU,KZ,D
11:04:10,ICBP,RG,8750,7,F,DX,BK,F
11:04:10,ICBP,RG,8750,3,F,CC,BK,F
11:02:06,ICBP,RG,8750,3,F,CC,SQ,D
11:02:02,ICBP,RG,8775,1,D,XL,KZ,D
11:00:56,ICBP,RG,8750,11,F,CC,BK,F
11:00:37,ICBP,RG,8750,1,F,CC,BQ,D
11:00:21,ICBP,RG,8750,3,F,CC,KZ,D
10:59:31,ICBP,RG,8775,1,D,PD,KZ,D
10:58:41,ICBP,RG,8775,40,D,OD,KZ,D
10:58:24,ICBP,RG,8750,1,F,CC,BQ,D
10:58:17,ICBP,RG,8750,9,F,CC,BK,F
10:57:00,ICBP,RG,8775,38,D,YU,KZ,D
10:55:47,ICBP,RG,8750,9,F,CC,BK,F
10:54:18,ICBP,RG,8775,1,D,XL,KZ,D
10:54:18,ICBP,RG,8775,1,D,XL,YP,D
10:54:07,ICBP,RG,8775,19,D,OD,YP,D
10:54:07,ICBP,RG,8775,10,D,OD,BK,F
10:54:07,ICBP,RG,8775,4,D,OD,CS,F
10:54:07,ICBP,RG,8775,5,D,OD,CS,F
10:54:07,ICBP,RG,8775,2,D,OD,KZ,D
10:53:18,ICBP,RG,8750,9,F,CC,BK,F
10:53:15,ICBP,RG,8750,1,F,CC,KK,D
10:52:22,ICBP,RG,8750,20,F,CC,CC,D
10:50:19,ICBP,RG,8750,5,F,CC,XL,D
10:49:59,ICBP,RG,8775,25,F,DX,KZ,D
10:49:59,ICBP,RG,8775,2,F,DX,CS,F
10:49:59,ICBP,RG,8775,32,F,DX,BK,F
10:49:59,ICBP,RG,8775,2,F,DX,CS,F
10:49:59,ICBP,RG,8775,2,F,DX,KZ,D
10:49:57,ICBP,RG,8775,14,D,OD,KZ,D
10:49:57,ICBP,RG,8775,27,D,OD,BK,F
10:49:57,ICBP,RG,8775,4,D,OD,CS,F
10:49:57,ICBP,RG,8775,35,D,OD,KZ,D
10:49:36,ICBP,RG,8750,1,F,CC,XL,D
10:48:59,ICBP,RG,8775,1,D,XL,KZ,D
10:48:36,ICBP,RG,8750,15,F,CC,BK,F
10:48:35,ICBP,RG,8775,56,D,YU,KZ,D
10:48:35,ICBP,RG,8775,26,D,YU,YP,D
10:48:35,ICBP,RG,8775,5,D,YU,XC,D
10:48:35,ICBP,RG,8775,101,D,YU,KZ,D
10:48:35,ICBP,RG,8775,12,D,YU,XC,D
10:48:32,ICBP,RG,8775,8,D,YU,XC,D
10:48:32,ICBP,RG,8775,2,D,YU,CC,D
10:48:32,ICBP,RG,8775,3,D,YU,YP,D
10:48:32,ICBP,RG,8775,1,D,YU,YP,D
10:48:32,ICBP,RG,8775,8,D,YU,KZ,D
10:48:32,ICBP,RG,8775,10,D,YU,EP,D
10:48:32,ICBP,RG,8775,4,D,YU,EP,D
10:48:32,ICBP,RG,8775,4,D,YU,CS,F
10:48:32,ICBP,RG,8775,25,D,YU,KZ,D
10:48:32,ICBP,RG,8775,2,D,YU,CS,F
10:48:32,ICBP,RG,8775,1,D,YU,BK,F
10:48:32,ICBP,RG,8775,2,D,YU,CS,F
10:48:32,ICBP,RG,8775,30,D,YU,CS,F
10:47:32,ICBP,RG,8775,18,D,YU,CS,F
10:47:32,ICBP,RG,8775,19,D,YU,CS,F
10:47:27,ICBP,RG,8750,2,F,CC,BK,F
10:46:39,ICBP,RG,8775,55,D,YU,CS,F
10:46:39,ICBP,RG,8775,9,D,YU,BK,F
10:46:39,ICBP,RG,8775,2,D,YU,CS,F
10:46:39,ICBP,RG,8775,10,D,YU,YP,D
10:46:39,ICBP,RG,8775,24,D,YU,CS,F
10:46:34,ICBP,RG,8750,10,F,CC,BK,F
10:44:58,ICBP,RG,8775,89,F,AK,CS,F
10:44:58,ICBP,RG,8775,6,F,AK,CS,F
10:44:58,ICBP,RG,8775,6,F,AK,BK,F
10:44:56,ICBP,RG,8750,2,F,CC,KZ,D
10:44:44,ICBP,RG,8750,1,F,CC,IF,D
10:43:48,ICBP,RG,8750,2,F,CC,XL,D
10:43:46,ICBP,RG,8750,1,F,CC,KZ,D
10:43:41,ICBP,RG,8750,2,F,CC,KZ,D
10:43:36,ICBP,RG,8750,8,F,CC,KZ,D
10:42:06,ICBP,RG,8750,7,F,CC,KZ,D
10:42:02,ICBP,RG,8750,15,F,CC,CS,F
10:40:26,ICBP,RG,8750,5,F,CC,KZ,D
10:40:19,ICBP,RG,8750,4,F,CC,BK,F
10:40:19,ICBP,RG,8750,6,F,DX,BK,F
10:39:41,ICBP,RG,8750,1,F,DX,KZ,D
10:39:38,ICBP,RG,8750,2,F,DX,DH,D
10:37:26,ICBP,RG,8750,1,F,DX,KZ,D
10:36:31,ICBP,RG,8750,15,F,DX,KZ,D
10:35:53,ICBP,RG,8775,1,D,CC,BK,F
10:35:46,ICBP,RG,8750,11,F,DX,KZ,D
10:34:55,ICBP,RG,8750,5,F,DX,CC,D
10:34:38,ICBP,RG,8750,1,F,DX,XC,D
10:34:31,ICBP,RG,8750,2,F,DX,KZ,D
10:34:24,ICBP,RG,8750,1,F,DX,BK,F
10:33:01,ICBP,RG,8750,11,F,DX,BK,F
10:32:12,ICBP,RG,8750,1,F,DX,BQ,D
10:31:55,ICBP,RG,8750,5,F,DX,CC,D
10:30:31,ICBP,RG,8750,1,F,DX,KZ,D
10:30:06,ICBP,RG,8750,2,F,DX,KZ,D
10:30:01,ICBP,RG,8750,6,F,DX,KZ,D
10:29:56,ICBP,RG,8750,18,F,DX,CS,F
10:29:56,ICBP,RG,8750,3,F,DX,KZ,D
10:29:54,ICBP,RG,8775,6,D,PD,BK,F
10:28:22,ICBP,RG,8775,1,D,PD,BK,F
10:28:01,ICBP,RG,8750,10,F,DX,KZ,D
10:27:51,ICBP,RG,8750,11,F,DX,KZ,D
10:27:49,ICBP,RG,8750,8,F,DX,CC,D
10:27:01,ICBP,RG,8750,12,F,DX,KZ,D
10:26:01,ICBP,RG,8750,2,F,DX,KZ,D
10:25:55,ICBP,RG,8750,10,F,CC,BK,F
10:25:08,ICBP,RG,8750,1,F,CC,PD,D
10:25:02,ICBP,RG,8750,4,F,CC,XL,D
10:24:01,ICBP,RG,8750,17,F,CC,KZ,D
10:22:29,ICBP,RG,8750,1,F,CC,PD,D
10:21:46,ICBP,RG,8750,1,F,CC,YP,D
10:21:34,ICBP,RG,8750,1,F,CC,XC,D
10:20:35,ICBP,RG,8750,1,F,CC,BK,F
10:20:19,ICBP,RG,8750,5,F,CC,CC,D
10:20:03,ICBP,RG,8750,30,F,CC,PD,D
10:20:01,ICBP,RG,8750,9,F,CC,KZ,D
10:19:36,ICBP,RG,8750,1,F,CC,KZ,D
10:19:21,ICBP,RG,8750,3,F,CC,KZ,D
10:19:19,ICBP,RG,8750,9,F,CC,BK,F
10:18:36,ICBP,RG,8750,1,F,CC,KZ,D
10:18:15,ICBP,RG,8775,1,D,CC,BK,F
10:16:36,ICBP,RG,8750,1,F,CC,KZ,D
10:16:06,ICBP,RG,8750,38,F,CC,KZ,D
10:15:52,ICBP,RG,8750,21,F,CC,CS,F
10:15:25,ICBP,RG,8775,10,D,LG,BK,F
10:15:06,ICBP,RG,8750,2,F,CC,KZ,D
10:14:06,ICBP,RG,8750,73,F,CC,KZ,D
10:13:43,ICBP,RG,8750,10,F,CC,CD,D
10:13:36,ICBP,RG,8750,1,F,CC,KZ,D
10:13:16,ICBP,RG,8750,2,F,CC,XL,D
10:12:11,ICBP,RG,8750,10,F,CC,BK,F
10:12:06,ICBP,RG,8750,11,F,CC,KZ,D
10:11:55,ICBP,RG,8750,94,F,CC,CC,D
10:11:55,ICBP,RG,8750,11,F,CC,CC,D
10:11:27,ICBP,RG,8750,1,F,CC,YP,D
10:09:08,ICBP,RG,8750,2,F,CC,KK,D
10:08:51,ICBP,RG,8750,27,F,CC,KZ,D
10:08:11,ICBP,RG,8750,55,F,CC,KK,D
10:05:36,ICBP,RG,8750,5,F,CC,KZ,D
10:04:39,ICBP,RG,8750,11,F,CC,BK,F
10:04:16,ICBP,RG,8750,9,F,CC,KZ,D
10:03:49,ICBP,RG,8750,1,F,CC,XC,D
10:03:24,ICBP,RG,8750,50,F,CC,SQ,D
10:02:44,ICBP,RG,8750,1,F,CC,PD,D
09:58:16,ICBP,RG,8750,52,F,CC,KZ,D
09:58:16,ICBP,RG,8750,1,D,PD,KZ,D
09:58:16,ICBP,RG,8750,1,D,CC,KZ,D
09:57:58,ICBP,RG,8750,1,D,XC,CC,D
09:57:48,ICBP,RG,8750,12,D,OD,CC,D
09:57:36,ICBP,RG,8750,2,D,OD,CC,D
09:57:30,ICBP,RG,8750,7,D,OD,BK,F
09:57:30,ICBP,RG,8750,1,D,PD,BK,F
09:57:30,ICBP,RG,8750,3,D,XL,BK,F
09:56:46,ICBP,RG,8775,2,D,XL,BK,F
09:51:58,ICBP,RG,8750,11,D,XL,BK,F
09:51:55,ICBP,RG,8750,21,D,XL,CC,D
09:50:18,ICBP,RG,8775,2,D,PD,BK,F
09:49:31,ICBP,RG,8750,1,D,XL,XC,D
09:47:44,ICBP,RG,8750,17,D,XL,BK,F
09:47:42,ICBP,RG,8750,4,D,XL,BK,F
09:47:42,ICBP,RG,8750,3,D,KK,BK,F
09:47:42,ICBP,RG,8750,9,D,XC,BK,F
09:47:42,ICBP,RG,8750,48,F,DX,BK,F
09:47:41,ICBP,RG,8775,3,F,DX,CS,F
09:47:41,ICBP,RG,8775,2,F,DX,CS,F
09:47:41,ICBP,RG,8775,3,F,DX,CS,F
09:47:41,ICBP,RG,8775,5,F,DX,CS,F
09:47:41,ICBP,RG,8775,28,F,DX,KZ,D
09:47:41,ICBP,RG,8750,33,F,DX,KZ,D
09:47:41,ICBP,RG,8750,3,D,KK,KZ,D
09:47:41,ICBP,RG,8750,59,F,DX,KZ,D
09:47:41,ICBP,RG,8750,1,D,XC,KZ,D
09:47:41,ICBP,RG,8750,1,D,SQ,KZ,D
09:47:41,ICBP,RG,8750,1,D,XC,KZ,D
09:47:41,ICBP,RG,8750,1,D,KK,KZ,D
09:47:41,ICBP,RG,8750,1,D,YP,KZ,D
09:47:41,ICBP,RG,8750,10,D,CC,KZ,D
09:47:41,ICBP,RG,8750,119,F,DX,KZ,D
09:47:41,ICBP,RG,8750,44,F,CC,KZ,D
09:47:41,ICBP,RG,8750,10,F,CC,KZ,D
09:47:40,ICBP,RG,8775,10,F,DX,KZ,D
09:47:40,ICBP,RG,8775,2,F,DX,KZ,D
09:47:40,ICBP,RG,8775,27,F,DX,KZ,D
09:47:37,ICBP,RG,8750,17,F,CC,BK,F
09:47:37,ICBP,RG,8750,1,F,CC,AK,F
09:47:37,ICBP,RG,8750,62,F,CC,AK,F
09:47:37,ICBP,RG,8750,19,F,CC,CS,F
09:47:11,ICBP,RG,8750,18,F,CC,BK,F
09:47:06,ICBP,RG,8750,10,F,CC,KZ,D
09:47:06,ICBP,RG,8750,1,F,CC,KZ,D
09:47:05,ICBP,RG,8750,52,F,CC,BK,F
09:47:04,ICBP,RG,8775,27,F,DX,KZ,D
09:47:04,ICBP,RG,8775,9,F,DX,KZ,D
09:47:04,ICBP,RG,8775,14,F,DX,BK,F
09:47:04,ICBP,RG,8750,500,F,CC,GR,D
09:46:56,ICBP,RG,8750,8,F,CC,KZ,D
09:46:28,ICBP,RG,8775,2,D,CC,BK,F
09:46:26,ICBP,RG,8750,78,F,CC,KZ,D
09:46:16,ICBP,RG,8750,121,F,CC,KZ,D
09:46:16,ICBP,RG,8750,59,F,CC,KZ,D
09:46:16,ICBP,RG,8750,1,D,PD,KZ,D
09:46:16,ICBP,RG,8750,6,D,DH,KZ,D
09:46:16,ICBP,RG,8750,10,D,AI,KZ,D
09:46:16,ICBP,RG,8750,1,D,XC,KZ,D
09:46:16,ICBP,RG,8750,5,D,XC,KZ,D
09:46:16,ICBP,RG,8750,1,D,PD,KZ,D
09:46:16,ICBP,RG,8750,4,D,YP,KZ,D
09:46:16,ICBP,RG,8750,1,D,YP,KZ,D
09:46:16,ICBP,RG,8750,4,D,PD,KZ,D
09:46:16,ICBP,RG,8750,5,D,YP,KZ,D
09:45:56,ICBP,RG,8750,30,D,SQ,KZ,D
09:45:56,ICBP,RG,8750,1,D,LG,KZ,D
09:45:56,ICBP,RG,8750,5,D,PD,KZ,D
09:45:56,ICBP,RG,8750,1,D,SQ,KZ,D
09:45:56,ICBP,RG,8750,1,D,DH,KZ,D
09:45:56,ICBP,RG,8750,5,D,XC,KZ,D
09:45:56,ICBP,RG,8750,39,F,DX,KZ,D
09:45:56,ICBP,RG,8750,3,D,YP,KZ,D
09:45:56,ICBP,RG,8750,1,D,DX,KZ,D
09:45:56,ICBP,RG,8750,2,D,PD,KZ,D
09:45:56,ICBP,RG,8750,10,D,SQ,KZ,D
09:45:56,ICBP,RG,8750,6,D,CC,KZ,D
09:45:56,ICBP,RG,8750,2,D,XL,KZ,D
09:45:56,ICBP,RG,8750,2,D,PD,KZ,D
09:45:56,ICBP,RG,8750,1,D,DR,KZ,D
09:45:56,ICBP,RG,8750,1,D,PD,KZ,D
09:45:56,ICBP,RG,8750,2,D,NI,KZ,D
09:45:56,ICBP,RG,8750,1,D,PD,KZ,D
09:45:56,ICBP,RG,8750,1,D,YP,KZ,D
09:45:56,ICBP,RG,8750,62,D,CC,KZ,D
09:45:21,ICBP,RG,8750,114,D,CC,YP,D
09:43:15,ICBP,RG,8750,15,D,CC,XL,D
09:42:36,ICBP,RG,8750,1,D,CC,XC,D
09:42:15,ICBP,RG,8750,9,D,CC,BK,F
09:40:46,ICBP,RG,8775,1,D,CC,BK,F
09:40:23,ICBP,RG,8775,29,D,OD,BK,F
09:40:23,ICBP,RG,8775,70,D,OD,KZ,D
09:40:20,ICBP,RG,8775,1,D,PD,KZ,D
09:40:14,ICBP,RG,8750,4,D,CC,XL,D
09:40:02,ICBP,RG,8775,1,D,YP,KZ,D
09:39:30,ICBP,RG,8775,12,D,NI,KZ,D
09:39:29,ICBP,RG,8750,24,D,CC,PD,D
09:39:29,ICBP,RG,8750,5,D,CC,PD,D
09:39:29,ICBP,RG,8750,10,D,SQ,PD,D
09:39:29,ICBP,RG,8750,81,F,DX,PD,D
09:39:06,ICBP,RG,8750,54,F,DX,CC,D
09:39:06,ICBP,RG,8750,5,F,DX,CC,D
09:39:06,ICBP,RG,8750,1,D,PD,CC,D
09:37:04,ICBP,RG,8750,1,D,KK,CC,D
09:37:04,ICBP,RG,8750,1,D,CC,CC,D
09:37:04,ICBP,RG,8750,2,D,YP,CC,D
09:37:04,ICBP,RG,8750,1,D,YP,CC,D
09:36:58,ICBP,RG,8750,4,D,YP,PD,D
09:36:12,ICBP,RG,8750,1,D,YP,NI,D
09:35:50,ICBP,RG,8750,1,D,YP,BK,F
09:35:50,ICBP,RG,8750,1,D,YP,BK,F
09:35:50,ICBP,RG,8750,5,D,YP,BK,F
09:35:50,ICBP,RG,8750,1,D,CD,BK,F
09:35:50,ICBP,RG,8750,3,D,SQ,BK,F
09:35:11,ICBP,RG,8750,10,D,SQ,BK,F
09:35:08,ICBP,RG,8750,80,D,SQ,SQ,D
09:35:06,ICBP,RG,8750,11,D,SQ,BK,F
09:35:06,ICBP,RG,8750,1,D,SQ,BQ,D
09:35:01,ICBP,RG,8750,16,D,SQ,BK,F
09:35:01,ICBP,RG,8775,33,F,DX,KZ,D
09:34:59,ICBP,RG,8775,120,D,YU,KZ,D
09:34:58,ICBP,RG,8750,5,D,SQ,XL,D
09:34:36,ICBP,RG,8750,5,D,SQ,YP,D
09:34:19,ICBP,RG,8750,11,D,SQ,BK,F
09:34:18,ICBP,RG,8750,13,D,SQ,YP,D
09:34:18,ICBP,RG,8750,1,D,PD,YP,D
09:34:18,ICBP,RG,8750,10,D,KK,YP,D
09:34:18,ICBP,RG,8750,10,D,PD,YP,D
09:34:18,ICBP,RG,8750,1,D,PD,YP,D
09:33:11,ICBP,RG,8750,1,D,GR,BQ,D
09:32:31,ICBP,RG,8750,9,D,GR,BK,F
09:32:31,ICBP,RG,8750,3,D,XC,BK,F
09:32:29,ICBP,RG,8800,1,D,CC,CC,D
09:32:27,ICBP,RG,8775,38,F,DX,AK,F
09:32:27,ICBP,RG,8775,14,D,XC,AK,F
09:32:27,ICBP,RG,8775,10,D,YP,AK,F
09:32:27,ICBP,RG,8775,2,D,NI,AK,F
09:32:27,ICBP,RG,8775,100,D,ZP,AK,F
09:32:27,ICBP,RG,8775,133,F,DX,AK,F
09:32:27,ICBP,RG,8775,1,F,DX,AK,F
09:32:27,ICBP,RG,8775,43,F,DX,BK,F
09:32:27,ICBP,RG,8775,65,F,AK,BK,F
09:32:26,ICBP,RG,8775,9,F,AK,BK,F
09:32:26,ICBP,RG,8775,99,F,CC,BK,F
09:32:26,ICBP,RG,8775,108,F,CC,BK,F
09:32:26,ICBP,RG,8775,13,F,CC,AK,F
09:32:26,ICBP,RG,8775,6,F,CC,AK,F
09:32:26,ICBP,RG,8775,108,F,CC,BK,F
09:32:25,ICBP,RG,8775,15,F,CC,DH,D
09:32:12,ICBP,RG,8775,10,F,CC,EP,D
09:31:21,ICBP,RG,8775,2,F,CC,NI,D
09:30:52,ICBP,RG,8775,1,F,CC,NI,D
09:30:49,ICBP,RG,8800,3,D,PD,CC,D
09:30:26,ICBP,RG,8775,78,F,CC,NI,D
09:30:18,ICBP,RG,8800,1,D,YP,CC,D
09:29:03,ICBP,RG,8800,1,D,SQ,CC,D
09:29:00,ICBP,RG,8800,2,D,DH,CC,D
09:28:52,ICBP,RG,8800,2,D,NI,CC,D
09:28:34,ICBP,RG,8800,92,F,AK,CC,D
09:28:34,ICBP,RG,8800,1,F,AK,YP,D
09:28:34,ICBP,RG,8800,1,F,AK,YP,D
09:28:34,ICBP,RG,8800,1,F,AK,YP,D
09:28:34,ICBP,RG,8800,1,F,AK,YP,D
09:28:34,ICBP,RG,8800,1,F,AK,SQ,D
09:28:34,ICBP,RG,8800,1,F,AK,YP,D
09:28:23,ICBP,RG,8775,2,F,CC,KZ,D
09:28:23,ICBP,RG,8775,3,F,CC,PD,D
09:28:23,ICBP,RG,8775,1,F,CC,KZ,D
09:28:23,ICBP,RG,8775,2,F,CC,BK,F
09:28:23,ICBP,RG,8775,1,F,CC,YP,D
09:28:23,ICBP,RG,8775,1,F,CC,KZ,D
09:28:23,ICBP,RG,8775,1,F,CC,XC,D
09:28:23,ICBP,RG,8775,1,F,CC,GR,D
09:28:23,ICBP,RG,8775,5,F,CC,KZ,D
09:28:23,ICBP,RG,8775,10,F,CC,KZ,D
09:28:23,ICBP,RG,8775,9,F,CC,BK,F
09:28:23,ICBP,RG,8775,24,F,CC,KZ,D
09:27:52,ICBP,RG,8775,10,D,YP,KZ,D
09:27:43,ICBP,RG,8775,2,D,CC,KZ,D
09:27:40,ICBP,RG,8775,25,D,YP,KZ,D
09:26:20,ICBP,RG,8775,1,D,XL,KZ,D
09:25:56,ICBP,RG,8775,1,D,PD,KZ,D
09:25:38,ICBP,RG,8775,10,D,NI,KZ,D
09:25:13,ICBP,RG,8775,22,F,DX,KZ,D
09:25:11,ICBP,RG,8775,10,D,PD,KZ,D
09:24:02,ICBP,RG,8775,1,D,XC,KZ,D
09:24:02,ICBP,RG,8775,2,D,XC,BK,F
09:23:05,ICBP,RG,8775,5,D,SQ,BK,F
09:22:15,ICBP,RG,8775,12,D,XL,BK,F
09:22:15,ICBP,RG,8775,16,D,XL,BK,F
09:22:06,ICBP,RG,8775,1,D,NI,BK,F
09:21:21,ICBP,RG,8775,1,D,XC,BK,F
09:21:21,ICBP,RG,8775,1,D,XC,BK,F
09:21:21,ICBP,RG,8775,1,D,XC,BK,F
09:21:21,ICBP,RG,8775,2,D,SQ,BK,F
09:21:21,ICBP,RG,8775,1,D,CC,BK,F
09:21:21,ICBP,RG,8775,5,D,GR,BK,F
09:21:21,ICBP,RG,8775,1,D,LG,BK,F
09:21:21,ICBP,RG,8775,3,D,XC,BK,F
09:21:21,ICBP,RG,8775,1,D,XL,BK,F
09:21:21,ICBP,RG,8775,1,D,NI,BK,F
09:21:21,ICBP,RG,8775,1,D,ZP,BK,F
09:21:21,ICBP,RG,8775,1,D,PD,BK,F
09:21:21,ICBP,RG,8775,5,D,YP,BK,F
09:21:21,ICBP,RG,8775,1,D,YP,BK,F
09:21:21,ICBP,RG,8775,1,D,SQ,BK,F
09:21:21,ICBP,RG,8775,2,D,CC,BK,F
09:21:21,ICBP,RG,8775,38,F,DX,BK,F
09:21:21,ICBP,RG,8775,5,D,YU,BK,F
09:21:21,ICBP,RG,8775,1,D,YP,BK,F
09:21:21,ICBP,RG,8775,1,D,YP,BK,F
09:21:21,ICBP,RG,8775,2,D,PD,BK,F
09:21:21,ICBP,RG,8775,2,D,DH,BK,F
09:21:21,ICBP,RG,8775,1,D,XC,BK,F
09:21:21,ICBP,RG,8775,1,D,XL,BK,F
09:21:21,ICBP,RG,8775,5,D,CC,BK,F
09:21:21,ICBP,RG,8775,3,D,PD,BK,F
09:21:21,ICBP,RG,8775,1,D,KK,BK,F
09:21:21,ICBP,RG,8775,31,F,AK,BK,F
09:21:21,ICBP,RG,8775,5,D,XC,BK,F
09:21:21,ICBP,RG,8775,5,D,DR,BK,F
09:21:21,ICBP,RG,8775,41,D,SQ,BK,F
09:21:11,ICBP,RG,8775,2,D,SQ,KZ,D
09:21:10,ICBP,RG,8775,5,D,SQ,XC,D
09:20:51,ICBP,RG,8775,2,D,SQ,KZ,D
09:20:51,ICBP,RG,8775,1,D,YP,KZ,D
09:20:51,ICBP,RG,8775,5,D,AI,KZ,D
09:20:51,ICBP,RG,8775,1,D,CC,KZ,D
09:20:51,ICBP,RG,8775,1,D,YP,KZ,D
09:20:51,ICBP,RG,8775,25,D,AT,KZ,D
09:20:51,ICBP,RG,8775,1,D,XC,KZ,D
09:20:51,ICBP,RG,8775,18,F,DX,KZ,D
09:20:43,ICBP,RG,8775,9,F,DX,AK,F
09:20:35,ICBP,RG,8775,47,F,DX,DR,D
09:20:35,ICBP,RG,8775,53,D,XL,DR,D
09:20:21,ICBP,RG,8775,4,D,XL,KZ,D
09:19:51,ICBP,RG,8775,3,D,XL,KZ,D
09:19:51,ICBP,RG,8775,7,D,XL,KZ,D
09:19:47,ICBP,RG,8800,2,D,CC,BK,F
09:19:15,ICBP,RG,8775,1,D,XL,YP,D
09:18:46,ICBP,RG,8775,4,D,XL,KZ,D
09:18:41,ICBP,RG,8775,19,D,XL,KZ,D
09:18:40,ICBP,RG,8775,29,D,XL,YP,D
09:18:40,ICBP,RG,8775,20,D,OD,YP,D
09:18:40,ICBP,RG,8775,1,F,XA,YP,D
09:18:06,ICBP,RG,8775,2,F,XA,KZ,D
09:18:06,ICBP,RG,8775,3,D,YP,KZ,D
09:18:04,ICBP,RG,8775,1,D,YP,XC,D
09:18:01,ICBP,RG,8775,1,D,YP,KZ,D
09:18:01,ICBP,RG,8775,2,D,XC,KZ,D
09:18:01,ICBP,RG,8775,10,F,AZ,KZ,D
09:18:01,ICBP,RG,8775,1,D,SH,KZ,D
09:18:01,ICBP,RG,8775,2,D,YP,KZ,D
09:18:01,ICBP,RG,8775,1,D,DH,KZ,D
09:18:01,ICBP,RG,8775,1,D,YP,KZ,D
09:18:01,ICBP,RG,8775,4,D,XL,KZ,D
09:18:01,ICBP,RG,8775,1,D,YP,KZ,D
09:18:01,ICBP,RG,8775,5,D,YP,KZ,D
09:18:01,ICBP,RG,8775,1,D,YP,KZ,D
09:18:01,ICBP,RG,8775,1,D,YP,KZ,D
09:18:01,ICBP,RG,8775,1,F,DX,KZ,D
09:18:01,ICBP,RG,8775,2,D,PD,KZ,D
09:17:56,ICBP,RG,8775,1,D,PD,AK,F
09:17:56,ICBP,RG,8775,3,D,PD,AK,F
09:17:56,ICBP,RG,8775,2,D,EP,AK,F
09:17:56,ICBP,RG,8775,2,D,EP,KZ,D
09:17:56,ICBP,RG,8775,4,D,PD,KZ,D
09:17:48,ICBP,RG,8775,3,D,PD,YP,D
09:17:43,ICBP,RG,8775,32,D,PD,NI,D
09:16:36,ICBP,RG,8775,10,D,PD,BK,F
09:16:23,ICBP,RG,8775,1,D,PD,PD,D
09:16:23,ICBP,RG,8775,1,D,DH,PD,D
09:15:26,ICBP,RG,8800,1,D,PD,KK,D
09:15:26,ICBP,RG,8800,2,D,PD,HP,D
09:15:26,ICBP,RG,8800,4,D,PD,KZ,D
09:15:11,ICBP,RG,8800,1,D,XC,KZ,D
09:14:48,ICBP,RG,8800,2,D,YP,KZ,D
09:13:13,ICBP,RG,8775,1,F,DX,AG,D
09:12:50,ICBP,RG,8800,1,D,BQ,KZ,D
09:12:41,ICBP,RG,8775,1,F,DX,EP,D
09:12:41,ICBP,RG,8775,1,D,PD,EP,D
09:12:15,ICBP,RG,8800,3,D,YP,KZ,D
09:10:24,ICBP,RG,8775,1,D,PD,XC,D
09:10:23,ICBP,RG,8800,4,D,BQ,KZ,D
09:08:52,ICBP,RG,8775,5,D,PD,YP,D
09:08:52,ICBP,RG,8775,5,D,PD,YP,D
09:08:52,ICBP,RG,8775,5,D,GR,YP,D
09:08:13,ICBP,RG,8800,2,D,XL,KZ,D
09:08:13,ICBP,RG,8800,2,D,XL,YP,D
09:07:50,ICBP,RG,8775,3,D,GR,XC,D
09:07:44,ICBP,RG,8775,2,D,GR,XC,D
09:07:42,ICBP,RG,8800,3,D,DH,YP,D
09:07:06,ICBP,RG,8800,9,D,XC,BK,F
09:07:06,ICBP,RG,8800,25,D,XC,KZ,D
09:06:42,ICBP,RG,8800,35,D,YP,KZ,D
09:06:23,ICBP,RG,8800,1,D,YP,KZ,D
09:05:24,ICBP,RG,8800,5,D,NI,KZ,D
09:04:55,ICBP,RG,8800,1,D,XL,CP,D
09:04:22,ICBP,RG,8800,121,D,CC,AK,F
09:04:22,ICBP,RG,8800,5,D,CC,KK,D
09:04:15,ICBP,RG,8800,3,D,CC,AK,F
09:04:15,ICBP,RG,8800,4,D,CC,AK,F
09:04:15,ICBP,RG,8800,19,D,CC,KZ,D
09:04:15,ICBP,RG,8800,25,D,CC,MG,D
09:04:15,ICBP,RG,8800,14,D,CC,BK,F
09:04:15,ICBP,RG,8800,1,D,CC,XC,D
09:04:15,ICBP,RG,8800,7,D,CC,KZ,D
09:04:15,ICBP,RG,8800,1,D,CC,BK,F
09:03:50,ICBP,RG,8800,3,D,XL,BK,F
09:03:47,ICBP,RG,8800,5,D,PD,BK,F
09:02:59,ICBP,RG,8800,5,D,XL,BK,F
09:02:26,ICBP,RG,8800,5,D,PD,KZ,D
09:02:26,ICBP,RG,8800,10,D,PD,YP,D
09:02:26,ICBP,RG,8800,9,D,PD,KZ,D
09:02:26,ICBP,RG,8800,10,D,PD,YP,D
09:02:26,ICBP,RG,8800,7,D,PD,KZ,D
09:02:26,ICBP,RG,8800,25,D,PD,KZ,D
09:02:26,ICBP,RG,8800,11,D,PD,BK,F
09:02:26,ICBP,RG,8800,1,D,PD,BK,F
09:02:26,ICBP,RG,8800,37,D,PD,BK,F
09:01:48,ICBP,RG,8800,1,D,XC,KZ,D
09:01:30,ICBP,RG,8800,1,D,XC,KZ,D
09:01:30,ICBP,RG,8800,2,D,XC,KZ,D
09:00:46,ICBP,RG,8800,1,D,XC,KZ,D
09:00:46,ICBP,RG,8800,1,D,CC,KZ,D
09:00:29,ICBP,RG,8825,1,D,XL,YP,D
09:00:16,ICBP,RG,8800,1,D,PD,KZ,D
09:00:16,ICBP,RG,8800,1,D,PD,KZ,D
09:00:16,ICBP,RG,8800,7,D,PD,KZ,D
09:00:07,ICBP,RG,8800,2,D,PD,AK,F
09:00:00,ICBP,RG,8825,1,D,KI,YP,D
08:59:00,ICBP,RG,8825,4,D,LG,YP,D
08:59:00,ICBP,RG,8825,1,D,LG,OD,D
08:59:00,ICBP,RG,8825,10,D,PD,XC,D
08:59:00,ICBP,RG,8825,1,D,PD,CC,D
08:59:00,ICBP,RG,8825,2,D,PD,KK,D
08:59:00,ICBP,RG,8825,3,D,PD,YP,D
08:59:00,ICBP,RG,8825,2,D,PD,PD,D
08:59:00,ICBP,RG,8825,1,D,PD,YP,D
08:59:00,ICBP,RG,8825,1,D,PD,CC,D
08:59:00,ICBP,RG,8825,1,D,PD,PD,D
08:59:00,ICBP,RG,8825,2,D,PD,PD,D
08:59:00,ICBP,RG,8825,1,D,PD,XL,D
08:59:00,ICBP,RG,8825,9,D,PD,KZ,D
08:59:00,ICBP,RG,8825,1,D,PD,KZ,D
08:59:00,ICBP,RG,8825,8,D,SQ,KZ,D
08:59:00,ICBP,RG,8825,2,D,SQ,KZ,D
08:59:00,ICBP,RG,8825,3,D,SQ,KZ,D
08:59:00,ICBP,RG,8825,1,D,SQ,KZ,D
08:59:00,ICBP,RG,8825,1,D,SQ,BK,F
08:59:00,ICBP,RG,8825,1,D,SQ,BK,F
08:59:00,ICBP,RG,8825,2,D,SQ,BK,F
