Time,Stock,Brd,Price,Qty,BT,BC,SC,ST
15:09:58,ICBP,RG,8875,1,D,CC,LS,D
15:05:59,ICBP,RG,8875,1,D,XL,LS,D
15:05:06,ICBP,RG,8875,2,D,YP,LS,D
15:04:42,ICBP,RG,8875,1,D,PD,LS,D
15:04:39,ICBP,RG,8875,3,D,PD,LS,D
15:04:26,ICBP,RG,8875,50,D,CC,LS,D
15:04:19,ICBP,RG,8875,1,D,EP,LS,D
15:01:01,ICBP,RG,8875,4,D,XL,LS,D
15:01:00,ICBP,RG,8875,45,D,XC,LS,D
15:00:00,ICBP,RG,8875,8,D,DR,LS,D
15:00:00,ICBP,RG,8875,5,D,YP,LS,D
15:00:00,ICBP,RG,8875,2,D,XL,LS,D
15:00:00,ICBP,RG,8875,1,D,NI,LS,D
15:00:00,ICBP,RG,8875,10,D,YP,LS,D
15:00:00,ICBP,RG,8875,3,D,YP,LS,D
15:00:00,ICBP,RG,8875,2,D,XC,LS,D
15:00:00,ICBP,RG,8875,20,D,YP,LS,D
15:00:00,ICBP,RG,8875,40,D,YP,LS,D
15:00:00,ICBP,RG,8875,3,D,YP,LS,D
15:00:00,ICBP,RG,8875,200,F,AK,LS,D
15:00:00,ICBP,RG,8875,2,F,AK,CC,D
15:00:00,ICBP,RG,8875,10,F,AK,KK,D
15:00:00,ICBP,RG,8875,5,F,AK,YP,D
15:00:00,ICBP,RG,8875,78,F,AK,SQ,D
15:00:00,ICBP,RG,8875,122,F,AK,SQ,D
15:00:00,ICBP,RG,8875,20,F,AK,TP,D
15:00:00,ICBP,RG,8875,3,F,AK,KK,D
15:00:00,ICBP,RG,8875,1,F,AK,YP,D
15:00:00,ICBP,RG,8875,30,F,AK,PD,D
15:00:00,ICBP,RG,8875,8,F,AK,XL,D
15:00:00,ICBP,RG,8875,2,F,AK,XL,D
15:00:00,ICBP,RG,8875,4,F,AK,YP,D
15:00:00,ICBP,RG,8875,5,F,AK,CC,D
15:00:00,ICBP,RG,8875,10,F,AK,CC,D
15:00:00,ICBP,RG,8875,3,F,AK,CC,D
15:00:00,ICBP,RG,8875,1,F,AK,YP,D
15:00:00,ICBP,RG,8875,1,F,AK,YP,D
15:00:00,ICBP,RG,8875,6,F,AK,YP,D
15:00:00,ICBP,RG,8875,10,F,AK,KK,D
15:00:00,ICBP,RG,8875,10,F,AK,YP,D
15:00:00,ICBP,RG,8875,2,F,AK,PD,D
15:00:00,ICBP,RG,8875,5,F,AK,YP,D
15:00:00,ICBP,RG,8875,1,F,AK,LS,D
15:00:00,ICBP,RG,8875,12,F,AK,NI,D
15:00:00,ICBP,RG,8875,1,F,AK,EP,D
15:00:00,ICBP,RG,8875,1,F,AK,YP,D
15:00:00,ICBP,RG,8875,2,F,AK,CC,D
15:00:00,ICBP,RG,8875,143,F,AK,HD,D
15:00:00,ICBP,RG,8875,277,F,AK,HD,D
15:00:00,ICBP,RG,8875,5,F,AK,LG,D
15:00:00,ICBP,RG,8875,5,F,AK,YP,D
15:00:00,ICBP,RG,8875,40,F,AK,SQ,D
15:00:00,ICBP,RG,8875,25,F,AK,KK,D
15:00:00,ICBP,RG,8875,10,F,AK,YP,D
15:00:00,ICBP,RG,8875,1,F,AK,LG,D
15:00:00,ICBP,RG,8875,40,F,AK,PD,D
15:00:00,ICBP,RG,8875,2,F,AK,DH,D
15:00:00,ICBP,RG,8875,53,F,AK,AZ,D
15:00:00,ICBP,RG,8875,100,F,AK,YP,D
15:00:00,ICBP,RG,8875,15,F,AK,YP,D
15:00:00,ICBP,RG,8875,5,F,AK,KK,D
15:00:00,ICBP,RG,8875,10,F,AK,DR,D
15:00:00,ICBP,RG,8875,29,F,AK,YP,D
15:00:00,ICBP,RG,8875,50,F,AK,YP,D
15:00:00,ICBP,RG,8875,5,F,AK,KK,D
15:00:00,ICBP,RG,8875,10,F,AK,PD,D
15:00:00,ICBP,RG,8875,60,F,AK,PD,D
15:00:00,ICBP,RG,8875,10,F,AK,PD,D
15:00:00,ICBP,RG,8875,9,F,AK,YP,D
15:00:00,ICBP,RG,8875,2,F,AK,YP,D
15:00:00,ICBP,RG,8875,28,F,AK,YP,D
15:00:00,ICBP,RG,8875,5,F,AK,CC,D
15:00:00,ICBP,RG,8875,100,F,AK,CC,D
15:00:00,ICBP,RG,8875,65,F,AK,YP,D
15:00:00,ICBP,RG,8875,10,D,BB,YP,D
15:00:00,ICBP,RG,8875,3,D,BB,YP,D
15:00:00,ICBP,RG,8875,97,D,BB,YP,D
15:00:00,ICBP,RG,8875,250,D,BB,DR,D
15:00:00,ICBP,RG,8875,436,D,BB,BK,F
15:00:00,ICBP,RG,8875,384,F,AK,BK,F
15:00:00,ICBP,RG,8875,40,F,AK,ZP,F
15:00:00,ICBP,RG,8875,22,F,AK,KZ,D
15:00:00,ICBP,RG,8875,50,F,AK,KZ,D
15:00:00,ICBP,RG,8875,80,F,AK,KZ,D
15:00:00,ICBP,RG,8875,30,D,IF,KZ,D
15:00:00,ICBP,RG,8875,16,D,IF,KZ,D
15:00:00,ICBP,RG,8875,7,D,IF,KZ,D
15:00:00,ICBP,RG,8875,12,D,IF,KZ,D
15:00:00,ICBP,RG,8875,15,D,IF,KZ,D
15:00:00,ICBP,RG,8875,85,D,LG,KZ,D
15:00:00,ICBP,RG,8875,110,D,LG,BK,F
15:00:00,ICBP,RG,8875,142,D,LG,AK,F
15:00:00,ICBP,RG,8875,5,D,LG,CC,D
14:49:59,ICBP,RG,8875,51,F,AK,HD,D
14:49:59,ICBP,RG,8850,1,F,AK,PD,D
14:49:45,ICBP,RG,8875,29,F,AK,HD,D
14:49:45,ICBP,RG,8850,5,F,AK,XL,D
14:49:45,ICBP,RG,8850,1,F,AK,XC,D
14:49:45,ICBP,RG,8850,1,F,AK,YP,D
14:49:45,ICBP,RG,8850,2,F,AK,CC,D
14:49:45,ICBP,RG,8850,15,F,AK,BK,F
14:49:45,ICBP,RG,8850,10,F,AK,CC,D
14:49:45,ICBP,RG,8850,8,F,AK,DR,D
14:49:45,ICBP,RG,8850,11,F,AK,BK,F
14:49:45,ICBP,RG,8850,5,F,AK,BK,F
14:49:45,ICBP,RG,8850,20,F,AK,MG,D
14:49:45,ICBP,RG,8850,5,F,AK,KK,D
14:49:45,ICBP,RG,8850,2,F,AK,CC,D
14:49:15,ICBP,RG,8850,7,F,AK,CC,D
14:49:15,ICBP,RG,8850,3,F,AK,CC,D
14:49:15,ICBP,RG,8850,9,F,AK,XL,D
14:49:15,ICBP,RG,8850,1,F,AK,YP,D
14:49:15,ICBP,RG,8850,6,F,AK,CC,D
14:49:15,ICBP,RG,8850,148,F,AK,CS,F
14:49:00,ICBP,RG,8850,18,F,AK,CS,F
14:49:00,ICBP,RG,8850,1,F,AK,YP,D
14:49:00,ICBP,RG,8850,49,F,AK,XA,D
14:48:36,ICBP,RG,8850,2,F,AK,XA,D
14:48:36,ICBP,RG,8850,22,F,AK,EP,D
14:48:36,ICBP,RG,8850,5,F,AK,CC,D
14:48:34,ICBP,RG,8825,2,D,SQ,BK,F
14:48:32,ICBP,RG,8850,29,F,AK,BK,F
14:48:30,ICBP,RG,8825,1,D,SQ,YP,D
14:48:10,ICBP,RG,8825,3,D,SQ,YP,D
14:48:10,ICBP,RG,8825,1,D,PD,YP,D
14:48:10,ICBP,RG,8825,10,D,YP,YP,D
14:48:10,ICBP,RG,8825,1,D,PD,YP,D
14:48:10,ICBP,RG,8825,99,F,AK,YP,D
14:48:03,ICBP,RG,8825,29,F,AK,KZ,D
14:48:03,ICBP,RG,8825,64,F,AK,KZ,D
14:48:03,ICBP,RG,8825,17,F,AK,KZ,D
14:48:03,ICBP,RG,8825,3,F,AK,KZ,D
14:48:03,ICBP,RG,8825,9,F,AK,KZ,D
14:48:03,ICBP,RG,8825,7,F,AK,KZ,D
14:48:03,ICBP,RG,8825,4,F,AK,KZ,D
14:48:03,ICBP,RG,8825,3,F,AK,KZ,D
14:48:03,ICBP,RG,8825,59,F,AK,KZ,D
14:47:46,ICBP,RG,8850,100,D,YP,BK,F
14:47:40,ICBP,RG,8850,1,D,XL,BK,F
14:47:39,ICBP,RG,8825,1,F,AK,YP,D
14:47:32,ICBP,RG,8825,2,F,AK,CC,D
14:47:22,ICBP,RG,8825,1,F,AK,DR,D
14:47:15,ICBP,RG,8850,92,F,AK,BK,F
14:46:30,ICBP,RG,8825,1,F,AK,CC,D
14:46:23,ICBP,RG,8825,11,F,AK,BK,F
14:46:17,ICBP,RG,8825,10,F,AK,BK,F
14:46:16,ICBP,RG,8850,3,D,XL,BK,F
14:46:12,ICBP,RG,8825,5,F,AK,BK,F
14:46:12,ICBP,RG,8825,53,D,PP,BK,F
14:46:08,ICBP,RG,8850,47,F,YU,BK,F
14:46:08,ICBP,RG,8850,5,F,YU,KZ,D
14:46:08,ICBP,RG,8850,34,F,YU,KZ,D
14:46:08,ICBP,RG,8850,1,F,YU,YP,D
14:46:08,ICBP,RG,8850,1,F,YU,CC,D
14:46:08,ICBP,RG,8850,83,F,YU,KZ,D
14:46:08,ICBP,RG,8850,88,F,YU,KZ,D
14:46:08,ICBP,RG,8850,13,F,YU,KZ,D
14:46:08,ICBP,RG,8850,1,F,YU,YP,D
14:46:08,ICBP,RG,8850,3,F,YU,CC,D
14:46:08,ICBP,RG,8850,1,F,YU,YP,D
14:46:08,ICBP,RG,8850,1,F,YU,CP,D
14:46:08,ICBP,RG,8850,722,F,YU,PC,D
14:45:47,ICBP,RG,8825,1,D,PP,YP,D
14:45:44,ICBP,RG,8825,4,D,PP,XC,D
14:44:39,ICBP,RG,8850,140,D,PP,PC,D
14:44:29,ICBP,RG,8825,50,D,PP,EP,D
14:44:28,ICBP,RG,8825,1,D,PP,CC,D
14:44:12,ICBP,RG,8825,20,D,PP,HP,D
14:44:11,ICBP,RG,8825,10,D,PP,KZ,D
14:44:11,ICBP,RG,8825,1,D,PP,SQ,D
14:44:09,ICBP,RG,8800,9,D,YP,CC,D
14:44:02,ICBP,RG,8850,138,D,PP,PC,D
14:44:02,ICBP,RG,8850,2,D,PP,YU,D
14:43:44,ICBP,RG,8850,8,D,YP,YU,D
14:43:36,ICBP,RG,8825,2,D,LG,XL,D
14:43:08,ICBP,RG,8875,63,F,YU,BK,F
14:43:08,ICBP,RG,8875,1000,F,YU,PG,D
14:43:08,ICBP,RG,8875,30,F,YU,YP,D
14:43:08,ICBP,RG,8875,50,F,YU,CC,D
14:43:08,ICBP,RG,8875,1,F,YU,KK,D
14:43:08,ICBP,RG,8875,1,F,YU,YP,D
14:43:08,ICBP,RG,8875,105,F,YU,YP,D
14:43:08,ICBP,RG,8875,10,F,YU,YP,D
14:43:08,ICBP,RG,8875,10,F,YU,XC,D
14:43:08,ICBP,RG,8875,4,F,YU,KK,D
14:43:08,ICBP,RG,8875,10,F,YU,NI,D
14:43:08,ICBP,RG,8875,1,F,YU,YP,D
14:43:08,ICBP,RG,8875,5,F,YU,YP,D
14:43:08,ICBP,RG,8875,10,F,YU,SQ,D
14:43:08,ICBP,RG,8875,50,F,YU,YP,D
14:43:08,ICBP,RG,8875,1,F,YU,DR,D
14:43:08,ICBP,RG,8875,1,F,YU,KZ,D
14:43:08,ICBP,RG,8875,5,F,YU,PD,D
14:43:08,ICBP,RG,8875,4,F,YU,YP,D
14:43:08,ICBP,RG,8875,250,F,YU,GR,D
14:43:08,ICBP,RG,8875,60,F,YU,CC,D
14:43:08,ICBP,RG,8875,1,F,YU,PD,D
14:43:08,ICBP,RG,8875,1,F,YU,GR,D
14:43:08,ICBP,RG,8875,1,F,YU,YP,D
14:43:08,ICBP,RG,8875,1,F,YU,XC,D
14:43:08,ICBP,RG,8875,2,F,YU,NI,D
14:43:08,ICBP,RG,8875,1,F,YU,PD,D
14:43:08,ICBP,RG,8875,2,F,YU,SQ,D
14:43:08,ICBP,RG,8875,50,F,YU,CC,D
14:43:08,ICBP,RG,8875,1,F,YU,XL,D
14:43:08,ICBP,RG,8875,15,F,YU,CC,D
14:43:08,ICBP,RG,8875,10,F,YU,GR,D
14:43:08,ICBP,RG,8875,50,F,YU,YP,D
14:43:08,ICBP,RG,8875,6,F,YU,XC,D
14:43:08,ICBP,RG,8875,17,F,YU,AZ,D
14:43:08,ICBP,RG,8875,1,F,YU,CC,D
14:43:08,ICBP,RG,8875,1,F,YU,EP,D
14:43:08,ICBP,RG,8875,2,F,YU,CC,D
14:43:08,ICBP,RG,8875,9,F,YU,PD,D
14:43:08,ICBP,RG,8875,10,F,YU,DR,D
14:43:08,ICBP,RG,8875,2,F,YU,XL,D
14:43:08,ICBP,RG,8875,20,F,YU,DR,D
14:43:08,ICBP,RG,8875,10,F,YU,SQ,D
14:43:08,ICBP,RG,8875,10,F,YU,KK,D
14:43:08,ICBP,RG,8875,1,F,YU,XC,D
14:43:08,ICBP,RG,8875,10,F,YU,CC,D
14:43:08,ICBP,RG,8875,20,F,YU,PD,D
14:43:08,ICBP,RG,8875,5,F,YU,YP,D
14:43:08,ICBP,RG,8875,25,F,YU,YP,D
14:43:08,ICBP,RG,8875,1,F,YU,XC,D
14:43:08,ICBP,RG,8875,20,F,YU,SQ,D
14:43:08,ICBP,RG,8875,20,F,YU,PD,D
14:43:08,ICBP,RG,8875,4,F,YU,PD,D
14:43:08,ICBP,RG,8875,1,F,YU,XC,D
14:43:08,ICBP,RG,8875,30,F,YU,OD,D
14:43:08,ICBP,RG,8875,1,F,YU,XC,D
14:43:08,ICBP,RG,8875,5,F,YU,KK,D
14:43:08,ICBP,RG,8875,10,F,YU,CC,D
14:43:08,ICBP,RG,8875,1,F,YU,XC,D
14:43:08,ICBP,RG,8875,2,F,YU,XC,D
14:43:08,ICBP,RG,8875,20,F,YU,XC,D
14:43:08,ICBP,RG,8875,2,F,YU,XC,D
14:43:08,ICBP,RG,8875,7,F,YU,XL,D
14:43:08,ICBP,RG,8875,2,F,YU,YP,D
14:43:08,ICBP,RG,8875,20,F,YU,CC,D
14:43:08,ICBP,RG,8875,20,F,YU,PD,D
14:43:08,ICBP,RG,8875,6,F,YU,CC,D
14:43:08,ICBP,RG,8875,10,F,YU,OD,D
14:43:08,ICBP,RG,8875,4,F,YU,YP,D
14:43:08,ICBP,RG,8875,1,F,YU,CC,D
14:43:08,ICBP,RG,8875,15,F,YU,ZP,D
14:43:08,ICBP,RG,8875,5,F,YU,PD,D
14:43:08,ICBP,RG,8875,3,F,YU,SQ,D
14:43:08,ICBP,RG,8875,50,F,YU,GR,D
14:43:08,ICBP,RG,8875,28,F,YU,EP,D
14:43:08,ICBP,RG,8875,15,F,YU,PD,D
14:43:08,ICBP,RG,8875,1,F,YU,PD,D
14:43:08,ICBP,RG,8875,1,F,YU,YP,D
14:43:08,ICBP,RG,8875,50,F,YU,OD,D
14:43:08,ICBP,RG,8875,1,F,YU,PD,D
14:43:08,ICBP,RG,8875,1,F,YU,YP,D
14:43:08,ICBP,RG,8875,5,F,YU,CC,D
14:43:08,ICBP,RG,8875,15,F,YU,YP,D
14:43:08,ICBP,RG,8875,20,F,YU,YP,D
14:43:08,ICBP,RG,8875,1,F,YU,PD,D
14:43:08,ICBP,RG,8875,1,F,YU,XC,D
14:43:08,ICBP,RG,8875,6,F,YU,XL,D
14:43:08,ICBP,RG,8875,2,F,YU,AI,D
14:43:08,ICBP,RG,8875,8,F,YU,DH,D
14:43:08,ICBP,RG,8875,1,F,YU,YP,D
14:43:08,ICBP,RG,8875,1,F,YU,XC,D
14:43:08,ICBP,RG,8875,100,F,YU,DR,D
14:43:08,ICBP,RG,8875,1,F,YU,SQ,D
14:43:08,ICBP,RG,8875,25,F,YU,YP,D
14:43:08,ICBP,RG,8875,10,F,YU,YP,D
14:43:08,ICBP,RG,8875,1,F,YU,GR,D
14:43:08,ICBP,RG,8875,25,F,YU,SQ,D
14:43:08,ICBP,RG,8875,8,F,YU,XC,D
14:43:08,ICBP,RG,8875,55,F,YU,YP,D
14:43:08,ICBP,RG,8875,1,F,YU,CC,D
14:43:08,ICBP,RG,8875,2,F,YU,YP,D
14:43:08,ICBP,RG,8875,10,F,YU,PD,D
14:43:08,ICBP,RG,8875,2,F,YU,EP,D
14:43:08,ICBP,RG,8875,1,F,YU,PD,D
14:43:08,ICBP,RG,8875,1,F,YU,NI,D
14:43:08,ICBP,RG,8875,1,F,YU,YP,D
14:43:08,ICBP,RG,8875,50,F,YU,ZP,D
14:43:08,ICBP,RG,8875,1,F,YU,YP,D
14:43:08,ICBP,RG,8875,8,F,YU,CC,D
14:43:08,ICBP,RG,8875,15,F,YU,DH,D
14:43:08,ICBP,RG,8875,1,F,YU,PD,D
14:43:08,ICBP,RG,8875,1,F,YU,CC,D
14:43:08,ICBP,RG,8875,1,F,YU,SQ,D
14:43:08,ICBP,RG,8875,81,F,YU,XL,D
14:43:08,ICBP,RG,8875,10,F,YU,PD,D
14:43:08,ICBP,RG,8875,4,F,YU,SQ,D
14:43:08,ICBP,RG,8875,1,F,YU,NI,D
14:43:08,ICBP,RG,8875,1,F,YU,EP,D
14:43:08,ICBP,RG,8875,1,F,YU,XL,D
14:43:08,ICBP,RG,8875,1,F,YU,YP,D
14:43:08,ICBP,RG,8875,10,F,YU,YP,D
14:43:08,ICBP,RG,8875,3,F,YU,YP,D
14:43:08,ICBP,RG,8875,50,F,YU,XA,D
14:43:08,ICBP,RG,8875,20,F,YU,XA,D
14:43:08,ICBP,RG,8875,1,F,YU,YP,D
14:43:08,ICBP,RG,8875,2,F,YU,KK,D
14:43:08,ICBP,RG,8875,10,F,YU,KK,D
14:43:08,ICBP,RG,8875,10,F,YU,SQ,D
14:43:08,ICBP,RG,8875,3,F,YU,PD,D
14:43:08,ICBP,RG,8875,1,F,YU,PD,D
14:43:08,ICBP,RG,8875,3,F,YU,PD,D
14:43:08,ICBP,RG,8875,1,F,YU,PD,D
14:43:08,ICBP,RG,8875,25,F,YU,AZ,D
14:43:08,ICBP,RG,8875,200,F,YU,KK,D
14:43:08,ICBP,RG,8875,1,F,YU,DH,D
14:43:08,ICBP,RG,8875,100,F,YU,YB,D
14:43:08,ICBP,RG,8875,59,F,YU,YP,D
14:43:08,ICBP,RG,8850,213,F,YU,BK,F
14:43:08,ICBP,RG,8850,11,F,YU,KK,D
14:43:08,ICBP,RG,8825,135,F,YU,CS,F
14:43:08,ICBP,RG,8825,351,F,YU,CS,F
14:43:04,ICBP,RG,8850,3,D,CC,CS,F
14:43:04,ICBP,RG,8850,18,D,CC,CS,F
14:43:04,ICBP,RG,8850,95,D,CC,CS,F
14:43:04,ICBP,RG,8850,603,F,YU,CS,F
14:43:03,ICBP,RG,8850,2,F,YU,OD,D
14:43:03,ICBP,RG,8850,3,F,YU,PD,D
14:43:03,ICBP,RG,8850,105,F,YU,BK,F
14:43:03,ICBP,RG,8850,5,F,YU,KK,D
14:43:03,ICBP,RG,8850,4,F,YU,XC,D
14:43:03,ICBP,RG,8850,226,F,YU,BK,F
14:43:03,ICBP,RG,8850,223,F,YU,LG,D
14:43:03,ICBP,RG,8850,1,F,YU,CP,D
14:43:03,ICBP,RG,8850,406,F,YU,BK,F
14:43:03,ICBP,RG,8850,20,F,YU,PD,D
14:43:03,ICBP,RG,8850,1,F,YU,KK,D
14:43:03,ICBP,RG,8850,1,F,YU,XC,D
14:43:03,ICBP,RG,8850,1,F,YU,KZ,D
14:43:03,ICBP,RG,8850,15,F,YU,DH,D
14:43:03,ICBP,RG,8850,1,F,YU,PD,D
14:43:03,ICBP,RG,8850,24,F,YU,CC,D
14:43:03,ICBP,RG,8850,50,F,YU,YP,D
14:43:03,ICBP,RG,8850,1,F,YU,XC,D
14:43:03,ICBP,RG,8850,1,F,YU,YP,D
14:43:03,ICBP,RG,8850,7,F,YU,PD,D
14:43:03,ICBP,RG,8850,1,F,YU,DH,D
14:43:03,ICBP,RG,8850,2,F,YU,KZ,D
14:43:03,ICBP,RG,8850,1,F,YU,KZ,D
14:43:03,ICBP,RG,8850,49,F,YU,KK,D
14:43:03,ICBP,RG,8850,2,F,YU,KZ,D
14:43:03,ICBP,RG,8850,1,F,YU,KZ,D
14:43:03,ICBP,RG,8850,1,F,YU,SQ,D
14:43:03,ICBP,RG,8850,1000,F,YU,IF,D
14:43:03,ICBP,RG,8850,6,F,YU,YP,D
14:43:03,ICBP,RG,8850,1,F,YU,KZ,D
14:43:03,ICBP,RG,8850,1,F,YU,KZ,D
14:43:03,ICBP,RG,8850,2,F,YU,PD,D
14:43:03,ICBP,RG,8850,1,F,YU,KZ,D
14:43:03,ICBP,RG,8850,30,F,YU,YP,D
14:43:03,ICBP,RG,8850,1,F,YU,NI,D
14:43:03,ICBP,RG,8850,10,F,YU,YP,D
14:43:03,ICBP,RG,8850,1,F,YU,YP,D
14:43:03,ICBP,RG,8850,1,F,YU,NI,D
14:43:03,ICBP,RG,8850,15,F,YU,YP,D
14:43:03,ICBP,RG,8850,5,F,YU,KK,D
14:43:03,ICBP,RG,8850,50,F,YU,CC,D
14:43:03,ICBP,RG,8850,10,F,YU,PD,D
14:43:03,ICBP,RG,8850,46,F,YU,GR,D
14:43:03,ICBP,RG,8825,35,F,YU,KZ,D
14:43:03,ICBP,RG,8825,5,F,YU,KZ,D
14:43:03,ICBP,RG,8825,10,F,YU,PD,D
14:43:03,ICBP,RG,8825,13,F,YU,CC,D
14:42:58,ICBP,RG,8800,34,D,YP,BK,F
14:42:55,ICBP,RG,8825,5,D,CC,AK,F
14:42:55,ICBP,RG,8825,46,D,CC,AK,F
14:42:55,ICBP,RG,8825,10,D,YP,AK,F
14:42:55,ICBP,RG,8825,66,F,AK,AK,F
14:42:55,ICBP,RG,8825,5,F,AK,HD,D
14:42:55,ICBP,RG,8825,2,D,CC,HD,D
14:42:55,ICBP,RG,8825,493,F,YU,HD,D
14:42:45,ICBP,RG,8850,11,D,CC,GR,D
14:42:45,ICBP,RG,8825,65,F,YU,BQ,D
14:42:41,ICBP,RG,8825,1,F,YU,KK,D
14:42:17,ICBP,RG,8825,441,F,YU,HD,D
14:42:17,ICBP,RG,8825,59,D,CC,HD,D
14:42:13,ICBP,RG,8850,2,D,CC,GR,D
14:42:11,ICBP,RG,8800,54,F,AK,KZ,D
14:42:11,ICBP,RG,8800,15,D,PG,KZ,D
14:42:11,ICBP,RG,8800,8,D,PG,XA,D
14:42:11,ICBP,RG,8800,4,D,PG,PD,D
14:42:11,ICBP,RG,8800,2,D,PG,KZ,D
14:42:11,ICBP,RG,8800,6,D,PG,KZ,D
14:42:11,ICBP,RG,8800,1,D,PG,KZ,D
14:42:11,ICBP,RG,8800,5,D,PG,KZ,D
14:42:11,ICBP,RG,8800,91,D,PG,CS,F
14:42:11,ICBP,RG,8800,4,D,PG,KZ,D
14:42:11,ICBP,RG,8800,8,D,PG,KZ,D
14:42:11,ICBP,RG,8800,77,D,PG,KZ,D
14:42:11,ICBP,RG,8800,1,D,PG,KZ,D
14:42:11,ICBP,RG,8800,1,D,PG,KZ,D
14:42:11,ICBP,RG,8800,8,D,PG,KZ,D
14:42:11,ICBP,RG,8800,7,D,PG,KZ,D
14:42:11,ICBP,RG,8800,217,D,PG,BK,F
14:42:11,ICBP,RG,8800,11,D,PG,KZ,D
14:42:11,ICBP,RG,8800,534,D,PG,IF,D
14:41:46,ICBP,RG,8775,9,D,SQ,BK,F
14:41:43,ICBP,RG,8775,10,D,CC,BK,F
14:41:43,ICBP,RG,8775,4,D,LG,BK,F
14:41:37,ICBP,RG,8775,96,D,LG,BK,F
14:41:37,ICBP,RG,8775,15,D,YP,BK,F
14:41:37,ICBP,RG,8775,2,D,LG,BK,F
14:41:37,ICBP,RG,8775,1,D,YP,BK,F
14:41:37,ICBP,RG,8775,2,D,SQ,BK,F
14:41:37,ICBP,RG,8775,1,D,XC,BK,F
14:41:37,ICBP,RG,8775,1,D,XC,BK,F
14:41:37,ICBP,RG,8775,3,D,PD,BK,F
14:41:37,ICBP,RG,8775,1,D,YP,BK,F
14:41:37,ICBP,RG,8775,1,D,DH,BK,F
14:41:37,ICBP,RG,8775,3,D,XC,BK,F
14:41:37,ICBP,RG,8775,2,D,PD,BK,F
14:41:37,ICBP,RG,8775,2,D,PD,BK,F
14:41:33,ICBP,RG,8800,212,F,AK,IF,D
14:41:33,ICBP,RG,8800,2,D,YP,IF,D
14:41:33,ICBP,RG,8800,7,D,NI,IF,D
14:41:33,ICBP,RG,8800,2,D,LG,IF,D
14:41:33,ICBP,RG,8800,2,D,XA,IF,D
14:41:33,ICBP,RG,8800,3,D,KK,IF,D
14:41:33,ICBP,RG,8800,2,D,NI,IF,D
14:41:33,ICBP,RG,8800,251,F,AK,IF,D
14:41:33,ICBP,RG,8800,2,D,PD,IF,D
14:41:33,ICBP,RG,8800,2,D,OD,IF,D
14:41:33,ICBP,RG,8800,2,D,LG,IF,D
14:41:33,ICBP,RG,8800,313,F,AK,IF,D
14:41:33,ICBP,RG,8800,50,D,CC,IF,D
14:41:33,ICBP,RG,8800,10,D,NI,IF,D
14:41:33,ICBP,RG,8800,362,F,AK,IF,D
14:41:33,ICBP,RG,8800,25,F,AK,IF,D
14:41:33,ICBP,RG,8800,50,D,DH,IF,D
14:41:33,ICBP,RG,8800,1,D,YP,IF,D
14:41:33,ICBP,RG,8800,10,D,YP,IF,D
14:41:33,ICBP,RG,8800,1,D,YP,IF,D
14:41:33,ICBP,RG,8800,2447,F,YU,IF,D
14:41:33,ICBP,RG,8800,1,D,PD,IF,D
14:41:33,ICBP,RG,8800,5,D,XC,IF,D
14:41:33,ICBP,RG,8800,2,D,YB,IF,D
14:41:33,ICBP,RG,8800,60,D,KK,IF,D
14:41:33,ICBP,RG,8800,2,D,XC,IF,D
14:41:33,ICBP,RG,8800,11,D,NI,IF,D
14:41:33,ICBP,RG,8800,2,D,LG,IF,D
14:41:33,ICBP,RG,8800,539,D,PP,IF,D
14:41:33,ICBP,RG,8825,12,D,CC,IF,D
14:41:33,ICBP,RG,8825,15,D,ZP,IF,D
14:41:33,ICBP,RG,8825,59,D,CC,IF,D
14:41:33,ICBP,RG,8825,2,D,CC,IF,D
14:41:31,ICBP,RG,8850,6,D,CC,GR,D
14:41:29,ICBP,RG,8825,4,D,CC,CC,D
14:41:29,ICBP,RG,8825,2,D,SQ,CC,D
14:41:11,ICBP,RG,8850,33,D,CC,GR,D
14:40:58,ICBP,RG,8825,23,D,CC,YP,D
14:40:57,ICBP,RG,8850,2,D,CC,GR,D
14:40:55,ICBP,RG,8825,4,D,CC,RO,D
14:40:51,ICBP,RG,8825,1,F,AK,XC,D
14:40:51,ICBP,RG,8825,1,F,AK,XC,D
14:40:51,ICBP,RG,8825,5,F,AK,YP,D
14:40:51,ICBP,RG,8825,5,F,AK,CC,D
14:40:51,ICBP,RG,8825,32,F,AK,KZ,D
14:40:51,ICBP,RG,8825,4,F,AK,KZ,D
14:40:51,ICBP,RG,8825,10,F,AK,OD,D
14:40:51,ICBP,RG,8825,60,F,AK,ZP,D
14:40:51,ICBP,RG,8825,2,F,AK,PD,D
14:40:51,ICBP,RG,8825,116,F,AK,CS,F
14:40:51,ICBP,RG,8825,25,F,AK,OD,D
14:40:51,ICBP,RG,8825,10,D,CC,OD,D
14:40:45,ICBP,RG,8825,65,F,AK,OD,D
14:40:45,ICBP,RG,8825,27,F,AK,KZ,D
14:40:45,ICBP,RG,8825,14,F,AK,KZ,D
14:40:45,ICBP,RG,8825,20,F,AK,KZ,D
14:40:45,ICBP,RG,8825,9,F,AK,KZ,D
14:40:45,ICBP,RG,8825,60,F,AK,KZ,D
14:40:45,ICBP,RG,8825,20,F,AK,CC,D
14:40:45,ICBP,RG,8825,1,F,AK,NI,D
14:40:45,ICBP,RG,8825,6,F,AK,KZ,D
14:40:45,ICBP,RG,8825,500,F,AK,OD,D
14:40:45,ICBP,RG,8825,1,F,AK,NI,D
14:40:45,ICBP,RG,8825,20,F,AK,KZ,D
14:40:45,ICBP,RG,8825,2,F,AK,KZ,D
14:40:45,ICBP,RG,8825,56,F,AK,DR,D
14:40:45,ICBP,RG,8825,300,F,AK,OD,D
14:40:45,ICBP,RG,8825,45,F,AK,KZ,D
14:40:45,ICBP,RG,8825,8,F,AK,PD,D
14:40:45,ICBP,RG,8825,2,F,AK,SQ,D
14:40:45,ICBP,RG,8825,5,F,AK,KK,D
14:40:45,ICBP,RG,8825,17,F,AK,YP,D
14:40:45,ICBP,RG,8825,48,F,AK,CS,F
14:40:35,ICBP,RG,8825,1,D,XC,CS,F
14:40:33,ICBP,RG,8825,55,D,CC,CS,F
14:40:33,ICBP,RG,8825,5,D,CC,NI,D
14:40:26,ICBP,RG,8825,1,D,SQ,NI,D
14:40:19,ICBP,RG,8825,1,D,CC,NI,D
14:40:11,ICBP,RG,8825,10,D,CC,NI,D
14:40:04,ICBP,RG,8825,1,D,EP,NI,D
14:39:51,ICBP,RG,8825,42,D,CC,NI,D
14:39:51,ICBP,RG,8825,2,D,CC,OD,D
14:39:51,ICBP,RG,8825,23,D,CC,OD,D
14:39:42,ICBP,RG,8800,1,D,PP,PD,D
14:39:41,ICBP,RG,8825,2,D,CC,OD,D
14:39:33,ICBP,RG,8825,12,D,CC,OD,D
14:39:11,ICBP,RG,8825,58,D,CC,OD,D
14:39:03,ICBP,RG,8825,2,D,CC,OD,D
14:38:59,ICBP,RG,8825,103,D,YP,OD,D
14:38:59,ICBP,RG,8825,11,D,YP,CC,D
14:38:55,ICBP,RG,8825,9,D,CC,CC,D
14:38:35,ICBP,RG,8825,28,D,CC,CC,D
14:38:35,ICBP,RG,8825,10,D,CC,CC,D
14:38:35,ICBP,RG,8825,1,D,CC,YP,D
14:38:35,ICBP,RG,8825,14,D,CC,YP,D
14:38:32,ICBP,RG,8825,6,D,XL,YP,D
14:38:32,ICBP,RG,8825,1,D,XL,XC,D
14:38:23,ICBP,RG,8825,2,D,CC,XC,D
14:38:17,ICBP,RG,8825,2,D,CC,XC,D
14:38:17,ICBP,RG,8825,1,D,CC,YP,D
14:38:17,ICBP,RG,8825,1,D,CC,YP,D
14:38:17,ICBP,RG,8825,6,D,CC,PD,D
14:38:10,ICBP,RG,8800,1,D,PP,XC,D
14:37:55,ICBP,RG,8825,4,D,CC,PD,D
14:37:55,ICBP,RG,8825,38,D,CC,KZ,D
14:37:55,ICBP,RG,8825,11,D,CC,NI,D
14:37:45,ICBP,RG,8825,2,D,CC,NI,D
14:37:39,ICBP,RG,8825,11,D,CC,NI,D
14:37:22,ICBP,RG,8825,11,D,YP,NI,D
14:37:21,ICBP,RG,8800,6,D,PP,YP,D
14:37:17,ICBP,RG,8825,53,D,CC,NI,D
14:37:13,ICBP,RG,8800,6,D,PP,KZ,D
14:37:10,ICBP,RG,8825,1,D,PD,NI,D
14:37:08,ICBP,RG,8800,5,D,PP,KZ,D
14:37:05,ICBP,RG,8825,1,D,CC,NI,D
14:36:59,ICBP,RG,8825,11,D,CC,NI,D
14:36:39,ICBP,RG,8825,55,D,CC,NI,D
14:36:25,ICBP,RG,8825,2,D,CC,NI,D
14:36:19,ICBP,RG,8825,11,D,CC,NI,D
14:36:13,ICBP,RG,8800,18,D,PP,KZ,D
14:36:13,ICBP,RG,8800,3,D,PP,KZ,D
14:36:13,ICBP,RG,8800,30,D,PP,KZ,D
14:35:59,ICBP,RG,8825,31,D,CC,NI,D
14:35:59,ICBP,RG,8825,10,D,CC,BQ,D
14:35:59,ICBP,RG,8825,1,D,CC,XC,D
14:35:59,ICBP,RG,8825,6,D,CC,YP,D
14:35:59,ICBP,RG,8825,1,D,CC,YP,D
14:35:59,ICBP,RG,8825,2,D,CC,KZ,D
14:35:48,ICBP,RG,8825,1,D,PD,KZ,D
14:35:47,ICBP,RG,8825,2,D,CC,KZ,D
14:35:39,ICBP,RG,8825,1,D,CC,KZ,D
14:35:39,ICBP,RG,8825,4,D,CC,KZ,D
14:35:39,ICBP,RG,8825,5,D,CC,KZ,D
14:35:39,ICBP,RG,8800,8,D,PP,NI,D
14:35:37,ICBP,RG,8825,5,D,XL,KZ,D
14:35:37,ICBP,RG,8800,8,D,PP,PD,D
14:35:30,ICBP,RG,8800,20,D,PP,SQ,D
14:35:19,ICBP,RG,8825,25,D,CC,KZ,D
14:35:19,ICBP,RG,8825,2,D,CC,KZ,D
14:35:19,ICBP,RG,8825,17,D,CC,KZ,D
14:35:19,ICBP,RG,8825,14,D,CC,KZ,D
14:35:05,ICBP,RG,8825,2,D,CC,KZ,D
14:35:01,ICBP,RG,8825,11,D,CC,KZ,D
14:34:44,ICBP,RG,8800,10,D,PP,YP,D
14:34:43,ICBP,RG,8825,5,D,CC,KZ,D
14:34:43,ICBP,RG,8825,50,D,CC,LG,D
14:34:43,ICBP,RG,8825,1,D,CC,KK,D
14:34:26,ICBP,RG,8800,1,D,PP,KK,D
14:34:25,ICBP,RG,8825,2,D,CC,KZ,D
14:34:23,ICBP,RG,8825,10,D,CC,KZ,D
14:34:23,ICBP,RG,8825,1,D,CC,KZ,D
14:34:23,ICBP,RG,8800,9,D,PP,KZ,D
14:34:13,ICBP,RG,8800,25,D,PP,KZ,D
14:34:13,ICBP,RG,8800,68,D,PP,KZ,D
14:34:13,ICBP,RG,8800,4,D,PP,KZ,D
14:34:13,ICBP,RG,8800,8,D,PP,KZ,D
14:34:08,ICBP,RG,8800,48,D,PP,KZ,D
14:34:05,ICBP,RG,8825,28,D,CC,KZ,D
14:34:05,ICBP,RG,8825,4,D,CC,KZ,D
14:34:05,ICBP,RG,8825,2,D,CC,KZ,D
14:34:05,ICBP,RG,8825,3,D,CC,KZ,D
14:34:05,ICBP,RG,8825,22,D,CC,KZ,D
14:34:03,ICBP,RG,8800,25,D,PP,OD,D
14:34:03,ICBP,RG,8800,2,D,YP,OD,D
14:34:03,ICBP,RG,8800,1,D,YP,OD,D
14:34:03,ICBP,RG,8800,60,D,CP,OD,D
14:34:03,ICBP,RG,8800,1,D,YP,OD,D
14:34:03,ICBP,RG,8800,1,D,YP,OD,D
14:34:03,ICBP,RG,8800,1,D,YP,OD,D
14:34:03,ICBP,RG,8800,659,D,YP,OD,D
14:34:01,ICBP,RG,8800,1,D,YP,XL,D
14:33:49,ICBP,RG,8825,1,D,PD,KZ,D
14:33:47,ICBP,RG,8825,2,D,CC,KZ,D
14:33:43,ICBP,RG,8825,11,D,CC,CS,F
14:33:32,ICBP,RG,8825,5,D,XL,CS,F
14:33:27,ICBP,RG,8825,1,D,AT,CS,F
14:33:27,ICBP,RG,8825,60,D,CC,CS,F
14:33:07,ICBP,RG,8825,1,D,CC,CS,F
14:33:03,ICBP,RG,8825,9,D,CC,CS,F
14:32:49,ICBP,RG,8825,56,D,CC,CS,F
14:32:47,ICBP,RG,8800,1,D,YP,XL,D
14:32:38,ICBP,RG,8800,30,D,YP,CC,D
14:32:27,ICBP,RG,8825,2,D,CC,CS,F
14:32:27,ICBP,RG,8825,11,D,CC,CS,F
14:32:09,ICBP,RG,8825,57,D,CC,IF,D
14:31:54,ICBP,RG,8800,1,D,YP,XC,D
14:31:49,ICBP,RG,8825,2,D,CC,IF,D
14:31:48,ICBP,RG,8800,1,D,YP,YP,D
14:31:47,ICBP,RG,8825,11,D,CC,IF,D
14:31:30,ICBP,RG,8800,1,D,YP,XC,D
14:31:29,ICBP,RG,8825,53,D,CC,IF,D
14:31:23,ICBP,RG,8800,75,D,YP,KZ,D
14:31:23,ICBP,RG,8800,10,D,YP,KZ,D
14:31:23,ICBP,RG,8800,4,D,YP,KZ,D
14:31:23,ICBP,RG,8800,7,D,YP,KZ,D
14:31:18,ICBP,RG,8800,28,D,YP,KZ,D
14:31:18,ICBP,RG,8800,55,D,YP,KZ,D
14:31:11,ICBP,RG,8825,10,D,CC,IF,D
14:31:09,ICBP,RG,8825,2,D,CC,IF,D
14:30:51,ICBP,RG,8825,56,D,CC,IF,D
14:30:31,ICBP,RG,8825,11,D,CC,IF,D
14:30:29,ICBP,RG,8825,2,D,CC,IF,D
14:30:11,ICBP,RG,8825,60,D,CC,IF,D
14:30:10,ICBP,RG,8825,1,D,LG,IF,D
14:29:53,ICBP,RG,8825,10,D,CC,IF,D
14:29:52,ICBP,RG,8825,1,D,XC,IF,D
14:29:51,ICBP,RG,8825,1,D,CC,IF,D
14:29:37,ICBP,RG,8825,5,D,PD,IF,D
14:29:31,ICBP,RG,8825,61,D,CC,IF,D
14:29:15,ICBP,RG,8825,10,D,CC,IF,D
14:29:13,ICBP,RG,8825,2,D,CC,IF,D
14:28:58,ICBP,RG,8800,23,D,YP,KZ,D
14:28:58,ICBP,RG,8800,41,D,YP,KZ,D
14:28:58,ICBP,RG,8800,6,D,YP,KZ,D
14:28:58,ICBP,RG,8800,3,D,YP,KZ,D
14:28:58,ICBP,RG,8800,4,D,YP,KZ,D
14:28:58,ICBP,RG,8800,47,D,YP,KZ,D
14:28:51,ICBP,RG,8825,53,D,CC,IF,D
14:28:46,ICBP,RG,8825,1,D,PD,IF,D
14:28:37,ICBP,RG,8825,9,D,CC,IF,D
14:28:35,ICBP,RG,8825,2,D,CC,IF,D
14:28:13,ICBP,RG,8825,51,D,CC,IF,D
14:27:59,ICBP,RG,8825,9,D,CC,IF,D
14:27:57,ICBP,RG,8825,2,D,CC,IF,D
14:27:33,ICBP,RG,8825,60,D,CC,IF,D
14:27:21,ICBP,RG,8825,12,D,CC,IF,D
14:27:17,ICBP,RG,8825,2,D,CC,IF,D
14:26:55,ICBP,RG,8825,61,D,CC,IF,D
14:26:43,ICBP,RG,8825,10,D,CC,IF,D
14:26:39,ICBP,RG,8825,1,D,CC,IF,D
14:26:36,ICBP,RG,8800,1,D,YP,YJ,D
14:26:17,ICBP,RG,8825,52,D,CC,IF,D
14:26:05,ICBP,RG,8825,10,D,CC,IF,D
14:26:01,ICBP,RG,8825,2,D,CC,IF,D
14:25:42,ICBP,RG,8800,1,D,YP,LG,D
14:25:37,ICBP,RG,8825,54,D,CC,IF,D
14:25:30,ICBP,RG,8800,1,D,YP,PD,D
14:25:29,ICBP,RG,8825,9,D,CC,IF,D
14:25:21,ICBP,RG,8825,2,D,CC,IF,D
14:25:15,ICBP,RG,8825,1,D,NI,IF,D
14:24:57,ICBP,RG,8825,59,D,CC,IF,D
14:24:51,ICBP,RG,8825,10,D,CC,IF,D
14:24:41,ICBP,RG,8825,2,D,CC,IF,D
14:24:19,ICBP,RG,8825,66,D,CC,IF,D
14:24:15,ICBP,RG,8825,10,D,NI,IF,D
14:24:13,ICBP,RG,8825,12,D,CC,IF,D
14:24:03,ICBP,RG,8825,1,D,CC,IF,D
14:23:37,ICBP,RG,8825,61,D,CC,IF,D
14:23:33,ICBP,RG,8825,11,D,CC,IF,D
14:23:27,ICBP,RG,8825,2,D,CC,IF,D
14:22:38,ICBP,RG,8825,6,D,CC,IF,D
14:22:34,ICBP,RG,8825,57,D,CC,IF,D
14:22:34,ICBP,RG,8825,4,D,LG,IF,D
14:22:34,ICBP,RG,8825,9,D,CC,IF,D
14:22:34,ICBP,RG,8825,2,D,CC,IF,D
14:22:34,ICBP,RG,8825,11,D,YP,IF,D
14:22:34,ICBP,RG,8825,36,F,AK,IF,D
14:22:34,ICBP,RG,8825,10,D,YU,IF,D
14:22:34,ICBP,RG,8825,200,D,YP,IF,D
14:22:34,ICBP,RG,8825,843,D,PP,IF,D
14:22:34,ICBP,RG,8825,2,D,LG,IF,D
14:22:34,ICBP,RG,8825,17,D,SQ,IF,D
14:22:34,ICBP,RG,8825,1,D,PD,IF,D
14:22:34,ICBP,RG,8825,2,D,XC,IF,D
14:22:34,ICBP,RG,8825,50,D,CP,IF,D
14:22:34,ICBP,RG,8825,258,D,PP,IF,D
14:22:19,ICBP,RG,8850,3,D,LG,OD,D
14:22:19,ICBP,RG,8850,59,D,CC,OD,D
14:22:15,ICBP,RG,8850,10,D,CC,OD,D
14:22:07,ICBP,RG,8850,2,D,CC,OD,D
14:21:59,ICBP,RG,8825,8,D,PP,PD,D
14:21:57,ICBP,RG,8825,8,D,PP,PD,D
14:21:50,ICBP,RG,8825,1,D,PP,SQ,D
14:21:39,ICBP,RG,8850,39,D,CC,OD,D
14:21:39,ICBP,RG,8850,10,D,CC,YP,D
14:21:37,ICBP,RG,8850,8,D,CC,YP,D
14:21:21,ICBP,RG,8850,1,D,NI,YP,D
14:21:15,ICBP,RG,8850,1,D,CC,YP,D
14:21:13,ICBP,RG,8850,1,D,CC,YP,D
14:21:12,ICBP,RG,8850,1,F,AK,XC,D
14:21:12,ICBP,RG,8850,80,F,AK,YP,D
14:21:06,ICBP,RG,8825,80,D,PP,OD,D
14:20:54,ICBP,RG,8850,1,D,XC,OD,D
14:20:49,ICBP,RG,8850,10,D,NI,OD,D
14:20:49,ICBP,RG,8850,59,D,PP,OD,D
14:20:48,ICBP,RG,8850,81,D,PP,KZ,D
14:20:48,ICBP,RG,8850,9,D,CC,KZ,D
14:20:48,ICBP,RG,8850,49,D,CC,KZ,D
14:20:48,ICBP,RG,8850,1,D,CC,KZ,D
14:20:48,ICBP,RG,8850,25,D,CC,KZ,D
14:20:48,ICBP,RG,8850,1,F,CC,KZ,D
14:20:48,ICBP,RG,8850,4,F,AK,KZ,D
14:20:48,ICBP,RG,8850,15,F,AK,KZ,D
14:20:48,ICBP,RG,8850,359,F,AK,KZ,D
14:20:48,ICBP,RG,8850,54,F,AK,KZ,D
14:20:48,ICBP,RG,8850,23,F,AK,KZ,D
14:20:48,ICBP,RG,8850,40,F,AK,KZ,D
14:20:48,ICBP,RG,8850,340,F,AK,KZ,D
14:20:23,ICBP,RG,8875,41,D,CC,YP,D
14:20:23,ICBP,RG,8875,1,D,CC,YP,D
14:20:23,ICBP,RG,8875,18,D,CC,YB,D
14:20:21,ICBP,RG,8875,9,D,CC,YB,D
14:20:09,ICBP,RG,8875,2,D,CC,YB,D
14:19:43,ICBP,RG,8875,10,D,CC,YB,D
14:19:43,ICBP,RG,8875,60,D,CC,YB,D
14:19:21,ICBP,RG,8850,4,F,AK,KK,D
14:19:21,ICBP,RG,8850,1,D,CC,KK,D
14:19:09,ICBP,RG,8850,1,D,CC,YP,D
14:19:09,ICBP,RG,8850,5,D,PD,YP,D
14:19:09,ICBP,RG,8850,1,D,CC,YP,D
14:19:05,ICBP,RG,8875,1,D,CC,YB,D
14:19:05,ICBP,RG,8875,9,D,CC,YP,D
14:19:03,ICBP,RG,8875,57,D,CC,YP,D
14:18:49,ICBP,RG,8850,1,D,CC,YP,D
14:18:29,ICBP,RG,8875,10,D,CC,YP,D
14:18:23,ICBP,RG,8875,59,D,CC,YP,D
14:18:22,ICBP,RG,8875,3,D,XL,YP,D
14:18:19,ICBP,RG,8850,1,D,CC,CC,D
14:18:17,ICBP,RG,8875,1,D,CC,YP,D
14:18:00,ICBP,RG,8850,1,F,AK,XC,D
14:18:00,ICBP,RG,8850,5,F,AK,XL,D
14:18:00,ICBP,RG,8850,1,F,AK,LS,D
14:18:00,ICBP,RG,8850,5,F,AK,KK,D
14:18:00,ICBP,RG,8850,40,F,AK,DH,D
14:17:40,ICBP,RG,8850,5,D,KK,DH,D
14:17:39,ICBP,RG,8850,5,F,AK,DH,D
14:17:36,ICBP,RG,8850,219,F,AK,CS,F
14:17:36,ICBP,RG,8850,300,F,AK,CS,F
14:17:36,ICBP,RG,8850,217,F,AK,CS,F
14:17:36,ICBP,RG,8850,5,D,CC,CS,F
14:17:36,ICBP,RG,8850,120,F,AK,CS,F
14:17:35,ICBP,RG,8850,84,F,AK,OD,D
14:17:35,ICBP,RG,8850,207,F,AK,OD,D
14:17:35,ICBP,RG,8850,32,D,KK,OD,D
14:17:35,ICBP,RG,8850,110,F,AK,OD,D
14:17:35,ICBP,RG,8850,2,D,CC,OD,D
14:17:35,ICBP,RG,8850,11,D,CC,OD,D
14:17:35,ICBP,RG,8850,56,D,CC,OD,D
14:17:35,ICBP,RG,8850,998,D,PC,OD,D
14:17:17,ICBP,RG,8850,2,D,PC,SQ,D
14:17:11,ICBP,RG,8875,9,D,CC,YP,D
14:17:07,ICBP,RG,8875,52,D,CC,YP,D
14:17:04,ICBP,RG,8850,82,F,AK,CS,F
14:17:04,ICBP,RG,8850,10,F,BK,CS,F
14:17:04,ICBP,RG,8850,1,F,BK,YP,D
14:17:03,ICBP,RG,8850,100,F,BK,YP,D
14:17:03,ICBP,RG,8850,10,F,BK,NI,D
14:17:03,ICBP,RG,8850,1,F,BK,YP,D
14:17:03,ICBP,RG,8850,94,F,BK,YP,D
14:17:03,ICBP,RG,8850,5,F,AK,YP,D
14:17:03,ICBP,RG,8850,1,F,AK,XC,D
14:17:03,ICBP,RG,8850,3,F,AK,DH,D
14:17:03,ICBP,RG,8850,15,F,AK,YP,D
14:17:03,ICBP,RG,8850,2,F,AK,CC,D
14:17:03,ICBP,RG,8850,3,F,AK,DH,D
14:17:03,ICBP,RG,8850,1,F,AK,XC,D
14:17:03,ICBP,RG,8850,1,F,AK,EP,D
14:17:03,ICBP,RG,8850,15,F,AK,YP,D
14:17:03,ICBP,RG,8850,3,F,AK,YP,D
14:17:03,ICBP,RG,8850,40,F,AK,YP,D
14:17:03,ICBP,RG,8850,4,F,AK,XC,D
14:17:03,ICBP,RG,8850,1,F,AK,XC,D
14:17:03,ICBP,RG,8850,5,F,AK,XA,D
14:17:03,ICBP,RG,8850,5,F,AK,XL,D
14:17:03,ICBP,RG,8850,1,F,AK,SQ,D
14:17:03,ICBP,RG,8850,3,F,AK,PD,D
14:17:03,ICBP,RG,8850,45,F,AK,CC,D
14:17:03,ICBP,RG,8850,5,F,AK,XC,D
14:17:03,ICBP,RG,8850,15,F,AK,XC,D
14:17:03,ICBP,RG,8850,14,F,AK,YP,D
14:17:03,ICBP,RG,8850,1,F,AK,XC,D
14:17:03,ICBP,RG,8850,73,F,AK,NI,D
14:17:03,ICBP,RG,8850,5,F,AK,XC,D
14:17:03,ICBP,RG,8850,5,F,AK,PD,D
14:17:03,ICBP,RG,8850,85,F,AK,CS,F
14:17:03,ICBP,RG,8850,20,F,AK,YB,D
14:17:03,ICBP,RG,8850,12,F,AK,DR,D
14:17:03,ICBP,RG,8850,3,F,AK,DX,D
14:17:03,ICBP,RG,8850,11,F,AK,YP,D
14:17:03,ICBP,RG,8850,1,F,AK,XC,D
14:17:03,ICBP,RG,8850,2,F,AK,GR,D
14:17:03,ICBP,RG,8850,11,F,AK,XL,D
14:17:03,ICBP,RG,8850,100,F,AK,YP,D
14:17:03,ICBP,RG,8850,5,F,AK,LG,D
14:17:03,ICBP,RG,8850,1,F,AK,XC,D
14:17:03,ICBP,RG,8850,3,F,AK,PD,D
14:17:03,ICBP,RG,8850,1,F,AK,PD,D
14:17:03,ICBP,RG,8850,5,F,AK,KK,D
14:17:03,ICBP,RG,8850,15,F,AK,XC,D
14:17:03,ICBP,RG,8850,1,F,AK,XC,D
14:17:03,ICBP,RG,8850,8,F,AK,XC,D
14:17:03,ICBP,RG,8850,1,F,AK,XC,D
14:17:03,ICBP,RG,8850,10,F,AK,PD,D
14:17:03,ICBP,RG,8850,18,F,AK,YU,D
14:17:03,ICBP,RG,8850,5,F,AK,DR,D
14:17:03,ICBP,RG,8850,1,F,AK,PD,D
14:17:03,ICBP,RG,8850,88,F,AK,CS,F
14:17:03,ICBP,RG,8850,100,F,AK,PD,D
14:17:03,ICBP,RG,8850,5,F,AK,PD,D
14:17:03,ICBP,RG,8850,29,F,AK,YP,D
14:17:03,ICBP,RG,8850,25,F,AK,SQ,D
14:17:03,ICBP,RG,8850,9,F,AK,PD,D
14:17:03,ICBP,RG,8850,44,F,AK,XC,D
14:17:03,ICBP,RG,8850,1,F,AK,YP,D
14:17:03,ICBP,RG,8850,11,F,AK,CC,D
14:17:03,ICBP,RG,8850,7,F,AK,YP,D
14:17:03,ICBP,RG,8850,1,F,AK,XC,D
14:17:03,ICBP,RG,8850,1,F,AK,CC,D
14:17:03,ICBP,RG,8850,100,F,AK,YB,D
14:17:03,ICBP,RG,8850,4,F,AK,PD,D
14:17:03,ICBP,RG,8850,4,F,AK,YP,D
14:17:03,ICBP,RG,8850,2,F,AK,CC,D
14:17:03,ICBP,RG,8850,2,F,AK,SQ,D
14:17:03,ICBP,RG,8850,50,F,AK,OD,D
14:17:03,ICBP,RG,8850,5,F,AK,DH,D
14:17:03,ICBP,RG,8850,1,F,AK,XC,D
14:17:03,ICBP,RG,8850,2,F,AK,YP,D
14:17:03,ICBP,RG,8850,1,F,AK,NI,D
14:17:03,ICBP,RG,8850,5,F,AK,KK,D
14:17:03,ICBP,RG,8850,2,F,AK,KK,D
14:17:03,ICBP,RG,8850,5,F,AK,OD,D
14:17:03,ICBP,RG,8850,10,F,AK,NI,D
14:17:03,ICBP,RG,8850,572,F,AK,CC,D
14:17:03,ICBP,RG,8850,3,F,AK,XC,D
14:17:03,ICBP,RG,8850,39,F,AK,NI,D
14:17:03,ICBP,RG,8850,11,D,PP,NI,D
14:17:03,ICBP,RG,8850,88,D,PP,CS,F
14:17:03,ICBP,RG,8850,25,D,PP,SQ,D
14:17:03,ICBP,RG,8850,9,D,PP,XC,D
14:17:03,ICBP,RG,8850,1,D,PP,EP,D
14:17:03,ICBP,RG,8850,35,D,PP,KK,D
14:17:03,ICBP,RG,8850,1,D,PP,XC,D
14:17:03,ICBP,RG,8850,25,D,PP,YP,D
14:17:03,ICBP,RG,8850,10,D,PP,YP,D
14:17:03,ICBP,RG,8850,1,D,PP,YP,D
14:17:03,ICBP,RG,8850,2,D,PP,XC,D
14:17:03,ICBP,RG,8850,5,D,PP,PD,D
14:17:03,ICBP,RG,8850,30,D,PP,PD,D
14:17:03,ICBP,RG,8850,1,D,PP,XC,D
14:17:03,ICBP,RG,8850,1,D,PP,CC,D
14:17:03,ICBP,RG,8850,1,D,PP,YP,D
14:17:03,ICBP,RG,8850,25,D,PP,PD,D
14:17:03,ICBP,RG,8850,5,D,PP,PD,D
14:17:03,ICBP,RG,8850,5,D,PP,KK,D
14:17:03,ICBP,RG,8850,2,D,PP,AI,D
14:17:03,ICBP,RG,8850,2,D,PP,GR,D
14:17:03,ICBP,RG,8850,50,D,PP,XC,D
14:17:03,ICBP,RG,8850,5,D,PP,CC,D
14:17:03,ICBP,RG,8850,15,D,PP,PD,D
14:17:03,ICBP,RG,8850,10,D,PP,PD,D
14:17:03,ICBP,RG,8850,8,D,PP,NI,D
14:17:03,ICBP,RG,8850,3,D,PP,XL,D
14:17:03,ICBP,RG,8850,1,D,PP,YP,D
14:17:03,ICBP,RG,8850,5,D,PP,NI,D
14:17:03,ICBP,RG,8850,10,D,PP,XL,D
14:17:03,ICBP,RG,8850,1,D,PP,YP,D
14:17:03,ICBP,RG,8850,6,D,PP,YP,D
14:17:03,ICBP,RG,8850,1,D,PP,XC,D
14:17:03,ICBP,RG,8850,2,D,PP,XC,D
14:17:03,ICBP,RG,8850,2,D,PP,XC,D
14:17:03,ICBP,RG,8850,12,D,PP,XL,D
14:17:03,ICBP,RG,8850,12,D,PP,OD,D
14:17:03,ICBP,RG,8850,1,D,PP,CC,D
14:17:03,ICBP,RG,8850,6,D,PP,CC,D
14:17:03,ICBP,RG,8850,25,D,PP,CC,D
14:17:03,ICBP,RG,8850,2,D,PP,YP,D
14:17:03,ICBP,RG,8850,3,D,PP,PD,D
14:17:03,ICBP,RG,8850,2,D,PP,PD,D
14:17:03,ICBP,RG,8850,1,D,PP,CC,D
14:17:03,ICBP,RG,8850,15,D,PP,ZP,D
14:17:03,ICBP,RG,8850,5,D,PP,PD,D
14:17:03,ICBP,RG,8850,4,D,PP,PD,D
14:17:03,ICBP,RG,8850,6,D,PP,PD,D
14:17:03,ICBP,RG,8850,15,D,PP,PD,D
14:17:03,ICBP,RG,8850,300,D,PP,PD,D
14:17:03,ICBP,RG,8850,1,D,PP,PD,D
14:17:03,ICBP,RG,8850,10,D,PP,PD,D
14:17:03,ICBP,RG,8850,2,D,PP,SQ,D
14:17:03,ICBP,RG,8850,17,D,PP,DX,D
14:16:59,ICBP,RG,8850,2,D,CC,DX,D
14:16:33,ICBP,RG,8850,11,D,CC,DX,D
14:16:29,ICBP,RG,8850,20,D,CC,DX,D
14:16:29,ICBP,RG,8850,2,D,CC,EP,D
14:16:29,ICBP,RG,8850,8,D,CC,KK,D
14:16:29,ICBP,RG,8850,27,D,CC,MG,D
14:16:21,ICBP,RG,8850,2,D,CC,MG,D
14:16:11,ICBP,RG,8850,11,D,MU,MG,D
14:16:11,ICBP,RG,8850,1,D,MU,AZ,D
14:16:11,ICBP,RG,8850,2,D,MU,YB,D
14:16:11,ICBP,RG,8850,1,D,MU,PD,D
14:16:11,ICBP,RG,8850,4,D,MU,XC,D
14:16:11,ICBP,RG,8850,1,D,MU,KK,D
14:16:11,ICBP,RG,8850,1,D,MU,YP,D
14:16:11,ICBP,RG,8850,20,D,MU,CC,D
14:16:11,ICBP,RG,8850,1,D,MU,PD,D
14:16:11,ICBP,RG,8850,1,D,MU,YP,D
14:16:11,ICBP,RG,8850,1,D,MU,CC,D
14:16:11,ICBP,RG,8850,6,D,MU,YP,D
14:15:53,ICBP,RG,8850,4,D,CC,YP,D
14:15:53,ICBP,RG,8850,5,D,CC,CC,D
14:15:53,ICBP,RG,8850,3,D,CC,XC,D
14:15:53,ICBP,RG,8850,5,D,CC,YP,D
14:15:53,ICBP,RG,8850,5,D,CC,GR,D
14:15:53,ICBP,RG,8850,1,D,CC,XC,D
14:15:53,ICBP,RG,8850,7,D,CC,YP,D
14:15:53,ICBP,RG,8850,27,D,CC,SQ,D
14:15:48,ICBP,RG,8850,4,D,KK,SQ,D
14:15:43,ICBP,RG,8850,2,D,CC,SQ,D
14:15:38,ICBP,RG,8825,1,D,PP,XL,D
14:15:34,ICBP,RG,8850,1,D,CC,SQ,D
14:15:15,ICBP,RG,8825,3,D,PP,XC,D
14:15:15,ICBP,RG,8850,10,D,CC,SQ,D
14:15:11,ICBP,RG,8850,57,D,CC,SQ,D
14:15:03,ICBP,RG,8850,1,D,CC,SQ,D
14:14:49,ICBP,RG,8825,1,D,PP,PD,D
14:14:38,ICBP,RG,8825,18,D,PP,KK,D
14:14:33,ICBP,RG,8850,9,D,CC,SQ,D
14:14:31,ICBP,RG,8850,58,D,CC,SQ,D
14:14:25,ICBP,RG,8850,2,D,CC,SQ,D
14:14:07,ICBP,RG,8850,1,D,XC,SQ,D
14:13:57,ICBP,RG,8850,10,D,CC,SQ,D
14:13:55,ICBP,RG,8825,2,D,PP,XL,D
14:13:51,ICBP,RG,8850,18,D,CC,SQ,D
14:13:51,ICBP,RG,8850,1,D,CC,XC,D
14:13:51,ICBP,RG,8850,1,D,CC,XC,D
14:13:51,ICBP,RG,8850,1,D,CC,GR,D
14:13:51,ICBP,RG,8850,2,D,CC,XC,D
14:13:51,ICBP,RG,8850,4,D,CC,XC,D
14:13:51,ICBP,RG,8850,1,D,CC,NI,D
14:13:51,ICBP,RG,8850,1,D,CC,YP,D
14:13:51,ICBP,RG,8850,1,D,CC,YB,D
14:13:51,ICBP,RG,8850,10,D,CC,SQ,D
14:13:51,ICBP,RG,8850,18,D,CC,SQ,D
14:13:47,ICBP,RG,8850,2,D,CC,SQ,D
14:13:47,ICBP,RG,8850,1,D,PP,DH,D
14:13:47,ICBP,RG,8850,69,D,PP,XL,D
14:13:47,ICBP,RG,8850,1,D,PP,DR,D
14:13:47,ICBP,RG,8850,20,D,PP,FZ,D
14:13:47,ICBP,RG,8850,2,D,PP,KK,D
14:13:47,ICBP,RG,8850,1,D,PP,YP,D
14:13:47,ICBP,RG,8850,2,D,PP,CC,D
14:13:47,ICBP,RG,8850,20,D,PP,EP,D
14:13:47,ICBP,RG,8850,5,D,PP,PD,D
14:13:47,ICBP,RG,8850,19,D,PP,SQ,D
14:13:17,ICBP,RG,8850,11,D,CC,SQ,D
14:13:13,ICBP,RG,8850,59,D,CC,SQ,D
14:13:07,ICBP,RG,8850,2,D,CC,SQ,D
14:13:04,ICBP,RG,8825,8,D,PP,PD,D
14:13:02,ICBP,RG,8825,8,D,PP,PD,D
14:12:52,ICBP,RG,8850,1,D,PD,SQ,D
14:12:39,ICBP,RG,8850,11,D,CC,SQ,D
14:12:33,ICBP,RG,8825,1,D,PP,PD,D
14:12:33,ICBP,RG,8850,56,D,CC,SQ,D
14:12:27,ICBP,RG,8850,2,D,CC,SQ,D
14:11:59,ICBP,RG,8850,11,D,CC,SQ,D
14:11:55,ICBP,RG,8850,28,D,CC,SQ,D
14:11:55,ICBP,RG,8850,2,D,CC,EP,D
14:11:55,ICBP,RG,8850,1,D,CC,YP,D
14:11:55,ICBP,RG,8850,1,D,CC,PD,D
14:11:55,ICBP,RG,8850,1,D,CC,YP,D
14:11:55,ICBP,RG,8850,10,D,CC,EP,D
14:11:55,ICBP,RG,8850,1,D,CC,KK,D
14:11:55,ICBP,RG,8850,1,D,CC,SQ,D
14:11:55,ICBP,RG,8850,14,D,CC,LG,D
14:11:47,ICBP,RG,8850,1,D,CC,LG,D
14:11:19,ICBP,RG,8850,8,D,CC,LG,D
14:11:19,ICBP,RG,8850,49,D,CC,LG,D
14:11:09,ICBP,RG,8850,2,D,CC,LG,D
14:11:08,ICBP,RG,8825,94,D,PP,OD,D
14:11:08,ICBP,RG,8825,1,D,PD,OD,D
14:11:08,ICBP,RG,8825,5,D,NI,OD,D
14:11:08,ICBP,RG,8825,1,D,YP,OD,D
14:11:08,ICBP,RG,8825,2,D,XC,OD,D
14:11:08,ICBP,RG,8825,2,D,PD,OD,D
14:11:08,ICBP,RG,8825,2,D,YB,OD,D
14:11:08,ICBP,RG,8825,5,D,YP,OD,D
14:11:08,ICBP,RG,8825,1,D,PD,OD,D
14:11:08,ICBP,RG,8825,20,D,PD,OD,D
14:11:08,ICBP,RG,8825,1,D,CC,OD,D
14:11:08,ICBP,RG,8825,16,F,AK,OD,D
14:10:45,ICBP,RG,8850,1,D,PD,LG,D
14:10:43,ICBP,RG,8850,10,D,CC,LG,D
14:10:41,ICBP,RG,8850,59,D,CC,LG,D
14:10:31,ICBP,RG,8850,2,D,CC,LG,D
14:10:03,ICBP,RG,8850,10,D,CC,LG,D
14:10:03,ICBP,RG,8850,59,D,CC,LG,D
14:09:51,ICBP,RG,8850,2,D,CC,LG,D
14:09:28,ICBP,RG,8825,1,F,AK,NI,D
14:09:23,ICBP,RG,8850,9,D,CC,LG,D
14:09:23,ICBP,RG,8850,50,D,CC,LG,D
14:09:13,ICBP,RG,8850,2,D,CC,LG,D
14:08:45,ICBP,RG,8850,56,D,CC,LG,D
14:08:43,ICBP,RG,8850,9,D,CC,LG,D
14:08:33,ICBP,RG,8850,1,D,CC,LG,D
14:08:29,ICBP,RG,8825,1,F,AK,LS,D
14:08:22,ICBP,RG,8825,5,F,AK,KK,D
14:08:13,ICBP,RG,8825,5,F,AK,XC,D
14:08:07,ICBP,RG,8850,56,D,CC,LG,D
14:08:04,ICBP,RG,8825,25,F,AK,YP,D
14:08:03,ICBP,RG,8850,10,D,CC,LG,D
14:07:55,ICBP,RG,8850,2,D,CC,LG,D
14:07:42,ICBP,RG,8825,10,F,AK,YP,D
14:07:33,ICBP,RG,8825,25,F,AK,YP,D
14:07:31,ICBP,RG,8850,55,D,CC,LG,D
14:07:27,ICBP,RG,8850,9,D,CC,LG,D
14:07:24,ICBP,RG,8825,25,F,AK,YP,D
14:07:17,ICBP,RG,8825,65,F,AK,KK,D
14:07:17,ICBP,RG,8850,2,D,CC,LG,D
14:07:09,ICBP,RG,8825,1,F,AK,ZP,D
14:07:09,ICBP,RG,8825,1,F,AK,ZP,D
14:06:55,ICBP,RG,8850,2,D,XL,LG,D
14:06:51,ICBP,RG,8850,51,D,CC,LG,D
14:06:47,ICBP,RG,8850,11,D,CC,LG,D
14:06:41,ICBP,RG,8850,2,D,CC,LG,D
14:06:13,ICBP,RG,8825,1,F,AK,GR,D
14:06:13,ICBP,RG,8850,52,D,CC,LG,D
14:06:12,ICBP,RG,8825,10,F,AK,PD,D
14:06:09,ICBP,RG,8850,10,D,CC,LG,D
14:06:03,ICBP,RG,8850,1,D,CC,LG,D
14:05:58,ICBP,RG,8825,1,F,AK,CC,D
14:05:33,ICBP,RG,8850,59,D,CC,LG,D
14:05:29,ICBP,RG,8850,8,D,CC,LG,D
14:05:28,ICBP,RG,8850,4,D,PD,LG,D
14:05:27,ICBP,RG,8825,2,F,AK,XL,D
14:05:25,ICBP,RG,8850,2,D,CC,LG,D
14:05:20,ICBP,RG,8825,5,F,AK,KK,D
14:05:04,ICBP,RG,8825,8,F,AK,CC,D
14:04:53,ICBP,RG,8850,51,D,CC,LG,D
14:04:49,ICBP,RG,8850,8,D,CC,LG,D
14:04:45,ICBP,RG,8850,2,D,CC,LG,D
14:04:15,ICBP,RG,8850,52,D,CC,LG,D
14:04:11,ICBP,RG,8850,11,D,CC,LG,D
14:04:08,ICBP,RG,8850,2,D,YB,LG,D
14:04:07,ICBP,RG,8850,2,D,CC,LG,D
14:03:37,ICBP,RG,8850,61,D,CC,LG,D
14:03:31,ICBP,RG,8850,1,D,CC,LG,D
14:03:31,ICBP,RG,8850,9,D,CC,LG,D
14:03:29,ICBP,RG,8825,2,F,AK,GR,D
14:03:28,ICBP,RG,8825,53,F,AK,LG,D
14:03:28,ICBP,RG,8825,97,D,PP,LG,D
14:03:14,ICBP,RG,8825,10,D,PP,SQ,D
14:02:57,ICBP,RG,8850,55,D,CC,LG,D
14:02:51,ICBP,RG,8825,5,D,PP,XL,D
14:02:51,ICBP,RG,8850,2,D,CC,LG,D
14:02:51,ICBP,RG,8850,10,D,CC,LG,D
14:02:39,ICBP,RG,8825,25,D,PP,YP,D
14:02:30,ICBP,RG,8825,1,D,PP,NI,D
14:02:27,ICBP,RG,8825,603,D,PP,DX,D
14:02:09,ICBP,RG,8825,2,D,PP,XC,D
14:02:09,ICBP,RG,8825,100,D,PP,DX,D
14:02:08,ICBP,RG,8825,50,D,YP,DX,D
14:01:49,ICBP,RG,8825,50,D,CC,DX,D
14:01:45,ICBP,RG,8825,9,D,CC,DX,D
14:01:44,ICBP,RG,8825,2,D,CC,DX,D
14:01:44,ICBP,RG,8825,180,F,AK,DX,D
14:01:44,ICBP,RG,8825,9,D,CC,DX,D
14:01:40,ICBP,RG,8850,29,D,CC,LG,D
14:01:38,ICBP,RG,8825,23,D,CC,DX,D
14:01:38,ICBP,RG,8825,5,D,YP,DX,D
14:01:38,ICBP,RG,8825,20,D,SQ,DX,D
14:01:38,ICBP,RG,8825,14,D,CC,DX,D
14:01:38,ICBP,RG,8825,1,D,PD,DX,D
14:01:38,ICBP,RG,8825,4,D,XC,DX,D
14:01:38,ICBP,RG,8825,133,F,AK,DX,D
14:01:35,ICBP,RG,8850,2,D,CC,LG,D
14:01:34,ICBP,RG,8825,5,F,AK,KK,D
14:01:33,ICBP,RG,8850,11,D,CC,LG,D
14:01:01,ICBP,RG,8850,59,D,CC,LG,D
14:00:57,ICBP,RG,8850,1,D,CC,LG,D
14:00:53,ICBP,RG,8850,9,D,CC,LG,D
14:00:46,ICBP,RG,8850,6,D,PD,LG,D
14:00:21,ICBP,RG,8850,22,D,CC,LG,D
14:00:21,ICBP,RG,8850,34,D,CC,CC,D
14:00:17,ICBP,RG,8850,2,D,CC,CC,D
14:00:15,ICBP,RG,8850,11,D,CC,CC,D
14:00:06,ICBP,RG,8825,7,F,AK,XC,D
13:59:45,ICBP,RG,8825,20,F,AK,CC,D
13:59:43,ICBP,RG,8850,23,D,CC,CC,D
13:59:43,ICBP,RG,8850,15,D,CC,XL,D
13:59:43,ICBP,RG,8850,2,D,CC,YP,D
13:59:43,ICBP,RG,8850,1,D,CC,YP,D
13:59:43,ICBP,RG,8850,1,D,CC,CC,D
13:59:43,ICBP,RG,8850,2,D,CC,YP,D
13:59:43,ICBP,RG,8850,11,D,CC,XA,D
13:59:38,ICBP,RG,8825,1,F,AK,YP,D
13:59:37,ICBP,RG,8850,2,D,CC,XA,D
13:59:35,ICBP,RG,8850,7,D,CC,XA,D
13:59:35,ICBP,RG,8850,2,D,CC,XA,D
13:59:16,ICBP,RG,8825,5,F,AK,XL,D
13:59:03,ICBP,RG,8850,38,D,CC,XA,D
13:59:03,ICBP,RG,8850,5,D,CC,YP,D
13:59:03,ICBP,RG,8850,10,D,CC,XA,D
13:58:59,ICBP,RG,8850,2,D,CC,XA,D
13:58:57,ICBP,RG,8850,8,D,CC,XA,D
13:58:39,ICBP,RG,8850,1,D,PD,XA,D
13:58:25,ICBP,RG,8850,50,D,CC,XA,D
13:58:25,ICBP,RG,8850,3,D,CC,XA,D
13:58:19,ICBP,RG,8850,2,D,CC,XA,D
13:58:19,ICBP,RG,8850,9,D,CC,XA,D
13:58:16,ICBP,RG,8825,1,F,AK,YP,D
13:58:09,ICBP,RG,8825,2,F,AK,YP,D
13:58:06,ICBP,RG,8825,8,F,AK,OD,D
13:58:06,ICBP,RG,8825,50,D,DH,OD,D
13:58:06,ICBP,RG,8825,92,D,DR,OD,D
13:57:45,ICBP,RG,8850,27,D,CC,XA,D
13:57:45,ICBP,RG,8850,29,D,CC,XA,D
13:57:42,ICBP,RG,8825,15,D,DR,YP,D
13:57:41,ICBP,RG,8850,1,D,CC,XA,D
13:57:41,ICBP,RG,8850,9,D,CC,XA,D
13:57:31,ICBP,RG,8850,2,D,YP,KK,D
13:57:27,ICBP,RG,8850,4,D,NI,SQ,D
13:57:05,ICBP,RG,8850,6,D,CC,SQ,D
13:57:05,ICBP,RG,8850,3,D,CC,PD,D
13:57:05,ICBP,RG,8850,48,D,CC,KK,D
13:57:04,ICBP,RG,8825,1,D,DR,XC,D
13:57:01,ICBP,RG,8850,2,D,CC,KK,D
13:57:01,ICBP,RG,8850,10,D,CC,KK,D
13:56:57,ICBP,RG,8850,9,D,XL,KK,D
13:56:45,ICBP,RG,8825,1,D,DR,YP,D
13:56:27,ICBP,RG,8850,31,D,CC,KK,D
13:56:27,ICBP,RG,8850,23,D,CC,KK,D
13:56:23,ICBP,RG,8850,2,D,CC,KK,D
13:56:23,ICBP,RG,8850,9,D,CC,KK,D
13:55:59,ICBP,RG,8825,5,D,DR,KK,D
13:55:52,ICBP,RG,8825,1,D,DR,YP,D
13:55:48,ICBP,RG,8825,2,D,DR,YP,D
13:55:41,ICBP,RG,8825,83,D,DR,NI,D
13:55:41,ICBP,RG,8825,2,F,CC,NI,D
13:55:41,ICBP,RG,8825,88,F,AK,NI,D
13:55:37,ICBP,RG,8825,1,F,AK,XC,D
13:55:33,ICBP,RG,8825,1,F,AK,XL,D
13:55:26,ICBP,RG,8825,5,F,AK,SQ,D
13:55:24,ICBP,RG,8825,10,F,AK,XL,D
13:55:15,ICBP,RG,8825,92,F,AK,YU,D
13:55:15,ICBP,RG,8825,52,D,CC,YU,D
13:55:15,ICBP,RG,8825,2,D,CC,YU,D
13:55:15,ICBP,RG,8825,11,D,CC,YU,D
13:55:15,ICBP,RG,8825,7,D,CC,YU,D
13:55:15,ICBP,RG,8825,3,D,LG,YU,D
13:55:15,ICBP,RG,8825,3,D,PD,YU,D
13:55:15,ICBP,RG,8825,6,D,YP,YU,D
13:55:15,ICBP,RG,8825,14,F,AK,YU,D
13:55:07,ICBP,RG,8850,55,D,CC,KK,D
13:55:05,ICBP,RG,8850,2,D,CC,KK,D
13:55:03,ICBP,RG,8850,9,D,CC,KK,D
13:55:03,ICBP,RG,8850,2,D,CC,PD,D
13:55:01,ICBP,RG,8825,1,F,AK,YP,D
13:54:39,ICBP,RG,8825,40,F,AK,OD,D
13:54:29,ICBP,RG,8850,6,D,CC,PD,D
13:54:29,ICBP,RG,8850,10,D,CC,DR,D
13:54:29,ICBP,RG,8850,25,D,CC,AZ,D
13:54:29,ICBP,RG,8850,17,D,CC,EP,D
13:54:28,ICBP,RG,8825,2,F,AK,AG,D
13:54:25,ICBP,RG,8850,1,D,CC,EP,D
13:54:23,ICBP,RG,8850,10,D,CC,EP,D
13:54:18,ICBP,RG,8825,1,F,AK,NI,D
13:54:17,ICBP,RG,8850,1,D,CC,EP,D
13:54:14,ICBP,RG,8825,1,F,AK,XC,D
13:54:14,ICBP,RG,8825,5,F,AK,KK,D
13:53:54,ICBP,RG,8825,5,F,AK,PD,D
13:53:51,ICBP,RG,8850,59,D,CC,EP,D
13:53:47,ICBP,RG,8850,2,D,CC,EP,D
13:53:45,ICBP,RG,8850,10,D,CC,EP,D
13:53:31,ICBP,RG,8825,1,F,AK,YP,D
13:53:13,ICBP,RG,8850,55,D,CC,EP,D
13:53:09,ICBP,RG,8850,2,D,CC,EP,D
13:53:07,ICBP,RG,8850,10,D,CC,EP,D
13:52:59,ICBP,RG,8825,4,F,AK,YP,D
13:52:58,ICBP,RG,8825,2,F,AK,XL,D
13:52:53,ICBP,RG,8825,100,F,AK,SQ,D
13:52:32,ICBP,RG,8850,33,D,CC,EP,D
13:52:32,ICBP,RG,8850,30,D,CC,EP,D
13:52:31,ICBP,RG,8850,2,D,CC,EP,D
13:52:30,ICBP,RG,8825,21,F,AK,YP,D
13:52:30,ICBP,RG,8825,29,F,AK,YP,D
13:52:27,ICBP,RG,8850,9,D,CC,EP,D
13:52:22,ICBP,RG,8825,1,F,AK,YP,D
13:52:21,ICBP,RG,8825,5,F,AK,SQ,D
13:52:21,ICBP,RG,8825,6,F,AK,XL,D
13:52:10,ICBP,RG,8825,5,F,AK,YP,D
13:52:09,ICBP,RG,8825,10,F,AK,CP,D
13:52:00,ICBP,RG,8825,2,F,AK,NI,D
13:51:52,ICBP,RG,8825,1,F,AK,YP,D
13:51:49,ICBP,RG,8825,145,F,AK,DR,D
13:51:49,ICBP,RG,8825,214,F,AK,DR,D
13:51:49,ICBP,RG,8825,843,D,PP,DR,D
13:51:49,ICBP,RG,8825,5,D,XL,DR,D
13:51:49,ICBP,RG,8825,51,D,CC,DR,D
13:51:49,ICBP,RG,8825,1,D,CC,DR,D
13:51:49,ICBP,RG,8825,2,D,EP,DR,D
13:51:49,ICBP,RG,8825,2,D,EP,DR,D
13:51:49,ICBP,RG,8825,4,D,CC,DR,D
13:51:49,ICBP,RG,8825,2,D,YP,DR,D
13:51:49,ICBP,RG,8825,1,D,CC,DR,D
13:51:49,ICBP,RG,8825,10,D,LG,DR,D
13:51:49,ICBP,RG,8825,218,F,AK,DR,D
13:51:49,ICBP,RG,8825,196,F,AK,DR,D
13:51:49,ICBP,RG,8825,227,F,AK,DR,D
13:51:49,ICBP,RG,8825,79,F,AK,DR,D
13:51:47,ICBP,RG,8850,9,D,CC,EP,D
13:51:36,ICBP,RG,8825,5,F,AK,KK,D
13:51:13,ICBP,RG,8850,2,D,CC,EP,D
13:51:12,ICBP,RG,8850,48,D,CC,EP,D
13:51:12,ICBP,RG,8850,1,D,CC,YP,D
13:51:12,ICBP,RG,8850,6,D,CC,YP,D
13:51:07,ICBP,RG,8850,10,D,CC,YP,D
13:50:35,ICBP,RG,8850,2,D,CC,YP,D
13:50:34,ICBP,RG,8850,50,D,CC,YP,D
13:50:27,ICBP,RG,8850,8,D,CC,YP,D
13:50:20,ICBP,RG,8825,105,F,AK,OD,D
13:50:20,ICBP,RG,8825,3,D,CC,OD,D
13:50:20,ICBP,RG,8825,42,F,AK,OD,D
13:50:04,ICBP,RG,8825,1,F,AK,CC,D
13:49:56,ICBP,RG,8850,50,D,CC,YP,D
13:49:55,ICBP,RG,8850,2,D,CC,YP,D
13:49:51,ICBP,RG,8850,9,D,CC,YP,D
13:49:32,ICBP,RG,8825,1,F,AK,CC,D
13:49:18,ICBP,RG,8850,52,D,CC,YP,D
13:49:17,ICBP,RG,8850,2,D,CC,YP,D
13:49:14,ICBP,RG,8825,50,F,AK,YP,D
13:49:11,ICBP,RG,8850,9,D,CC,YP,D
13:48:54,ICBP,RG,8825,3,F,AK,SQ,D
13:48:53,ICBP,RG,8825,10,F,AK,XL,D
13:48:50,ICBP,RG,8825,27,F,AK,LG,D
13:48:49,ICBP,RG,8825,74,F,AK,CC,D
13:48:49,ICBP,RG,8825,6,F,AK,CC,D
13:48:49,ICBP,RG,8825,50,F,AK,NI,D
13:48:49,ICBP,RG,8825,6,F,AK,XC,D
13:48:49,ICBP,RG,8825,2,F,AK,XA,D
13:48:49,ICBP,RG,8825,3,F,AK,PD,D
13:48:49,ICBP,RG,8825,12,F,AK,CC,D
13:48:49,ICBP,RG,8825,5,F,AK,XC,D
13:48:49,ICBP,RG,8825,10,F,AK,YP,D
13:48:49,ICBP,RG,8825,83,F,AK,CS,F
13:48:49,ICBP,RG,8825,2,F,AK,CC,F
13:48:49,ICBP,RG,8825,5,F,AK,ZP,D
13:48:49,ICBP,RG,8825,15,F,AK,CC,D
13:48:49,ICBP,RG,8825,6,F,AK,PD,D
13:48:49,ICBP,RG,8825,5,F,AK,PD,D
13:48:49,ICBP,RG,8825,1,F,AK,YP,D
13:48:49,ICBP,RG,8825,1,F,AK,YP,D
13:48:49,ICBP,RG,8825,95,F,AK,SQ,D
13:48:49,ICBP,RG,8825,1,F,AK,PD,D
13:48:49,ICBP,RG,8825,3,F,AK,PD,D
13:48:49,ICBP,RG,8825,100,F,AK,YP,D
13:48:49,ICBP,RG,8825,12,F,AK,PD,D
13:48:49,ICBP,RG,8825,6,F,AK,XC,D
13:48:49,ICBP,RG,8825,30,F,AK,XC,D
13:48:49,ICBP,RG,8825,7,F,AK,CC,D
13:48:49,ICBP,RG,8825,1,F,AK,XC,D
13:48:49,ICBP,RG,8825,5,F,AK,SQ,D
13:48:49,ICBP,RG,8825,6,F,AK,SQ,D
13:48:49,ICBP,RG,8825,10,F,AK,YP,D
13:48:49,ICBP,RG,8825,1,F,AK,XC,D
13:48:49,ICBP,RG,8825,34,F,AK,CC,D
13:48:48,ICBP,RG,8825,6,D,PC,CC,D
13:48:48,ICBP,RG,8825,17,D,PC,YP,D
13:48:48,ICBP,RG,8825,18,D,PC,YP,D
13:48:48,ICBP,RG,8825,89,D,PC,CS,F
13:48:48,ICBP,RG,8825,1,D,PC,CC,D
13:48:48,ICBP,RG,8825,12,D,PC,CC,D
13:48:48,ICBP,RG,8825,3,D,PC,CC,D
13:48:48,ICBP,RG,8825,2,D,PC,OD,D
13:48:48,ICBP,RG,8825,100,D,PC,YP,D
13:48:48,ICBP,RG,8825,35,D,PC,YP,D
13:48:48,ICBP,RG,8825,1,D,PC,XL,D
13:48:48,ICBP,RG,8825,3,D,PC,PD,D
13:48:48,ICBP,RG,8825,1,D,PC,CC,D
13:48:48,ICBP,RG,8825,5,D,PC,CC,D
13:48:48,ICBP,RG,8825,1,D,PC,AT,D
13:48:48,ICBP,RG,8825,1,D,PC,PD,D
13:48:48,ICBP,RG,8825,2,D,PC,PD,D
13:48:48,ICBP,RG,8825,10,D,PC,PD,D
13:48:48,ICBP,RG,8825,9,D,PC,PD,D
13:48:48,ICBP,RG,8825,1,D,PC,PD,D
13:48:48,ICBP,RG,8825,1,D,PC,PD,D
13:48:48,ICBP,RG,8825,1,D,PC,EP,D
13:48:48,ICBP,RG,8825,2,D,PC,DR,D
13:48:48,ICBP,RG,8825,1,D,PC,EP,D
13:48:48,ICBP,RG,8825,10,D,PC,YP,D
13:48:48,ICBP,RG,8825,100,D,PC,DH,D
13:48:48,ICBP,RG,8825,68,D,PC,GR,D
13:48:40,ICBP,RG,8825,32,D,CC,GR,D
13:48:40,ICBP,RG,8825,5,D,CC,CC,D
13:48:40,ICBP,RG,8825,5,D,CC,PD,D
13:48:40,ICBP,RG,8825,1,D,CC,PD,D
13:48:40,ICBP,RG,8825,3,D,CC,SQ,D
13:48:40,ICBP,RG,8825,10,D,CC,YP,D
13:48:40,ICBP,RG,8825,7,D,CC,SQ,D
13:48:37,ICBP,RG,8825,1,D,CC,SQ,D
13:48:33,ICBP,RG,8825,7,D,CC,SQ,D
13:48:33,ICBP,RG,8825,1,D,CC,PD,D
13:48:33,ICBP,RG,8825,1,D,CC,XC,D
13:48:33,ICBP,RG,8825,1,D,CC,YP,D
13:48:33,ICBP,RG,8825,1,D,CC,NI,D
13:48:00,ICBP,RG,8825,10,D,CC,NI,D
13:48:00,ICBP,RG,8825,25,D,CC,DX,D
13:48:00,ICBP,RG,8825,2,D,CC,CC,D
13:48:00,ICBP,RG,8825,3,D,CC,CC,D
13:48:00,ICBP,RG,8825,12,D,CC,OD,D
13:47:58,ICBP,RG,8825,2,D,CC,OD,D
13:47:54,ICBP,RG,8825,9,D,CC,OD,D
13:47:20,ICBP,RG,8825,7,D,CC,OD,D
13:47:20,ICBP,RG,8825,43,D,CC,NI,D
13:47:18,ICBP,RG,8825,2,D,CC,NI,D
13:47:14,ICBP,RG,8825,11,D,CC,NI,D
13:47:14,ICBP,RG,8825,40,D,YP,NI,D
13:46:42,ICBP,RG,8825,4,D,CC,NI,D
13:46:42,ICBP,RG,8825,47,D,CC,TP,D
13:46:38,ICBP,RG,8825,2,D,CC,TP,D
13:46:34,ICBP,RG,8825,1,D,CC,TP,D
13:46:34,ICBP,RG,8825,8,D,CC,PD,D
13:46:33,ICBP,RG,8825,1,D,LG,PD,D
13:46:16,ICBP,RG,8825,1,D,EP,PD,D
13:46:16,ICBP,RG,8825,67,D,EP,SQ,D
13:46:04,ICBP,RG,8825,33,D,CC,SQ,D
13:46:04,ICBP,RG,8825,6,D,CC,CC,D
13:46:04,ICBP,RG,8825,1,D,CC,YP,D
13:46:04,ICBP,RG,8825,15,D,CC,DH,D
13:46:04,ICBP,RG,8825,1,D,CC,NI,D
13:46:04,ICBP,RG,8825,2,D,CC,TP,D
13:46:00,ICBP,RG,8825,2,D,CC,TP,D
13:45:54,ICBP,RG,8825,1,D,CC,TP,D
13:45:54,ICBP,RG,8825,1,D,CC,CC,D
13:45:54,ICBP,RG,8825,1,D,CC,XC,D
13:45:54,ICBP,RG,8825,5,D,CC,CC,D
13:45:54,ICBP,RG,8825,1,D,CC,RO,D
13:45:24,ICBP,RG,8825,50,D,CC,RO,D
13:45:22,ICBP,RG,8825,1,D,CC,RO,D
13:45:17,ICBP,RG,8800,1,F,AK,YP,D
13:45:16,ICBP,RG,8825,10,D,CC,RO,D
13:45:10,ICBP,RG,8825,177,F,AK,RO,D
13:45:10,ICBP,RG,8800,8,F,AK,PD,D
13:45:10,ICBP,RG,8800,43,F,AK,CC,D
13:45:10,ICBP,RG,8800,2,F,AK,CC,D
13:45:10,ICBP,RG,8800,1,F,AK,XC,D
13:45:10,ICBP,RG,8800,4,F,AK,CC,D
13:45:10,ICBP,RG,8800,1,F,AK,CC,F
13:45:10,ICBP,RG,8800,6,F,AK,XC,D
13:45:10,ICBP,RG,8800,64,F,AK,CS,F
13:45:10,ICBP,RG,8800,24,D,EP,CS,F
13:45:10,ICBP,RG,8800,2,D,EP,CC,D
13:45:10,ICBP,RG,8800,865,D,EP,CS,F
13:45:10,ICBP,RG,8800,2,D,EP,XL,D
13:45:10,ICBP,RG,8800,3,D,EP,LG,D
13:45:10,ICBP,RG,8800,5,D,EP,PD,D
13:45:10,ICBP,RG,8800,1,D,EP,DR,D
13:45:10,ICBP,RG,8800,2,D,EP,PD,D
13:45:10,ICBP,RG,8800,1,D,EP,CC,D
13:45:10,ICBP,RG,8800,9,D,EP,DH,D
13:45:10,ICBP,RG,8800,20,D,EP,SQ,D
13:45:10,ICBP,RG,8800,2,D,EP,SQ,D
13:45:10,ICBP,RG,8800,50,D,EP,GR,D
13:45:10,ICBP,RG,8800,1,D,EP,PD,D
13:45:10,ICBP,RG,8800,1,D,EP,XC,D
13:45:10,ICBP,RG,8800,60,D,EP,AZ,D
13:45:10,ICBP,RG,8800,44,D,EP,AZ,D
13:45:10,ICBP,RG,8800,5,D,EP,OD,D
13:45:10,ICBP,RG,8800,107,D,EP,AZ,D
13:45:10,ICBP,RG,8800,81,D,EP,AI,D
13:45:10,ICBP,RG,8800,342,D,EP,AZ,D
13:45:10,ICBP,RG,8800,55,D,EP,AI,D
13:45:10,ICBP,RG,8800,10,D,EP,YP,D
13:45:10,ICBP,RG,8800,264,D,EP,AZ,D
13:45:10,ICBP,RG,8800,1020,D,EP,AI,D
13:45:10,ICBP,RG,8800,24,D,EP,AI,D
13:45:09,ICBP,RG,8800,31,D,HD,AI,D
13:45:09,ICBP,RG,8800,102,D,HD,AZ,D
13:45:09,ICBP,RG,8800,646,D,HD,AZ,D
13:45:09,ICBP,RG,8800,721,D,HD,AI,D
13:45:06,ICBP,RG,8775,16,F,YU,CC,D
13:45:04,ICBP,RG,8800,843,D,PP,AI,D
13:45:01,ICBP,RG,8800,30,D,YP,AI,D
13:45:01,ICBP,RG,8775,8,F,YU,PD,D
13:44:55,ICBP,RG,8800,6,D,CC,AI,D
13:44:55,ICBP,RG,8775,1,F,YU,XC,D
13:44:46,ICBP,RG,8800,51,D,CC,AI,D
13:44:42,ICBP,RG,8800,2,D,CC,AI,D
13:44:40,ICBP,RG,8800,50,D,YP,AI,D
13:44:39,ICBP,RG,8800,1,D,CC,AI,D
13:44:38,ICBP,RG,8800,10,D,CC,AI,D
13:44:27,ICBP,RG,8800,29,D,YP,AI,D
13:44:27,ICBP,RG,8800,21,D,YP,AI,D
13:44:19,ICBP,RG,8800,21,F,YU,AI,D
13:44:19,ICBP,RG,8800,243,F,YU,AI,D
13:44:19,ICBP,RG,8800,580,F,YU,AZ,D
13:44:19,ICBP,RG,8800,156,F,YU,CS,F
13:44:11,ICBP,RG,8800,21,F,YU,CS,F
13:44:11,ICBP,RG,8800,220,F,YU,CS,F
13:44:11,ICBP,RG,8800,228,F,YU,AZ,D
13:44:06,ICBP,RG,8800,2,D,CC,AZ,D
13:44:06,ICBP,RG,8800,60,D,CC,AZ,D
13:44:06,ICBP,RG,8800,1000,F,YU,AZ,D
13:44:01,ICBP,RG,8800,2000,F,YU,AZ,D
13:44:00,ICBP,RG,8800,10,D,CC,AZ,D
13:43:28,ICBP,RG,8800,2,D,CC,AZ,D
13:43:28,ICBP,RG,8800,63,D,CC,AZ,D
13:43:24,ICBP,RG,8800,9,D,CC,AZ,D
13:42:48,ICBP,RG,8800,2,D,CC,AZ,D
13:42:48,ICBP,RG,8800,58,D,CC,AZ,D
13:42:44,ICBP,RG,8800,12,D,CC,AZ,D
13:42:39,ICBP,RG,8775,9,F,YU,XL,D
13:42:38,ICBP,RG,8800,50,D,YP,AZ,D
13:42:11,ICBP,RG,8800,60,D,YP,AZ,D
13:42:09,ICBP,RG,8800,4,D,PD,AZ,D
13:42:08,ICBP,RG,8800,1,D,CC,AZ,D
13:42:08,ICBP,RG,8800,54,D,CC,AZ,D
13:42:04,ICBP,RG,8800,10,D,CC,AZ,D
13:41:32,ICBP,RG,8800,2,D,CC,AZ,D
13:41:28,ICBP,RG,8800,50,D,CC,AZ,D
13:41:26,ICBP,RG,8800,8,D,CC,AZ,D
13:41:24,ICBP,RG,8800,1,D,YP,AZ,D
13:41:16,ICBP,RG,8800,10,D,YP,AZ,D
13:41:14,ICBP,RG,8800,1000,F,YU,AZ,D
13:41:06,ICBP,RG,8800,1500,F,YU,AZ,D
13:40:52,ICBP,RG,8800,2,D,CC,AZ,D
13:40:52,ICBP,RG,8800,16,D,CC,AZ,D
13:40:48,ICBP,RG,8800,9,D,CC,AZ,D
13:40:40,ICBP,RG,8800,6,D,YP,AZ,D
13:40:12,ICBP,RG,8800,2,D,CC,AZ,D
13:40:12,ICBP,RG,8800,15,D,CC,AZ,D
13:40:08,ICBP,RG,8800,10,D,CC,AZ,D
13:40:02,ICBP,RG,8775,5,F,YU,PD,D
13:39:34,ICBP,RG,8800,1,D,CC,AZ,D
13:39:34,ICBP,RG,8800,14,D,CC,AZ,D
13:39:32,ICBP,RG,8800,7,D,CC,AZ,D
13:39:24,ICBP,RG,8775,2,F,YU,DH,D
13:38:59,ICBP,RG,8775,5,F,YU,YP,D
13:38:22,ICBP,RG,8775,1,F,YU,XL,D
13:38:18,ICBP,RG,8775,1,F,YU,CC,D
13:38:05,ICBP,RG,8775,1,F,YU,PD,D
13:37:51,ICBP,RG,8775,60,F,YU,OD,D
13:35:49,ICBP,RG,8800,3,D,AZ,AZ,D
13:35:25,ICBP,RG,8800,10,D,KK,AZ,D
13:35:05,ICBP,RG,8800,3,D,AZ,AZ,D
13:34:57,ICBP,RG,8800,12,D,DH,AZ,D
13:34:56,ICBP,RG,8800,10,D,AZ,AZ,D
13:34:54,ICBP,RG,8800,50,D,XL,AZ,D
13:34:43,ICBP,RG,8775,9,F,YU,CC,D
13:34:43,ICBP,RG,8775,10,D,CC,CC,D
13:34:43,ICBP,RG,8775,1,D,YP,CC,D
13:33:17,ICBP,RG,8800,5,D,AT,AZ,D
13:32:53,ICBP,RG,8800,1,D,NI,AZ,D
13:32:18,ICBP,RG,8775,1,D,YP,CC,D
13:32:18,ICBP,RG,8775,1,D,XC,CC,D
13:32:18,ICBP,RG,8775,1,D,PD,CC,D
13:32:18,ICBP,RG,8775,5,D,YP,CC,D
13:32:18,ICBP,RG,8775,1,D,EP,CC,D
13:32:18,ICBP,RG,8775,1,D,KK,CC,D
13:32:07,ICBP,RG,8775,2,D,KK,SQ,D
13:32:07,ICBP,RG,8775,10,D,YP,SQ,D
13:31:48,ICBP,RG,8800,10,D,PD,AZ,D
13:31:48,ICBP,RG,8800,222,F,AK,AZ,D
13:31:48,ICBP,RG,8800,1,D,YP,AZ,D
13:31:48,ICBP,RG,8800,3,D,YP,AZ,D
13:31:48,ICBP,RG,8800,73,F,AK,AZ,D
13:31:36,ICBP,RG,8800,20,F,AK,CC,D
13:31:08,ICBP,RG,8800,1,F,AK,XC,D
13:30:22,ICBP,RG,8800,1,F,AK,SQ,D
13:30:12,ICBP,RG,8800,5,F,AK,XL,D
13:30:09,ICBP,RG,8825,2,D,XL,RO,D
13:30:08,ICBP,RG,8800,12,F,AK,YP,D
13:30:08,ICBP,RG,8825,3,D,YP,RO,D
13:30:06,ICBP,RG,8800,25,F,AK,YP,D
13:30:06,ICBP,RG,8800,1,F,AK,XC,D
13:30:06,ICBP,RG,8800,10,F,AK,XC,D
13:30:06,ICBP,RG,8800,1,F,AK,XC,D
13:30:06,ICBP,RG,8800,9,F,AK,AG,D
13:30:06,ICBP,RG,8800,4,D,YP,AG,D
13:30:06,ICBP,RG,8800,16,D,YP,AG,D
13:30:05,ICBP,RG,8800,1,D,XC,AG,D
13:30:05,ICBP,RG,8800,2,D,YP,AG,D
13:30:04,ICBP,RG,8800,2,D,XL,AG,D
13:30:04,ICBP,RG,8800,10,D,XC,AG,D
13:30:04,ICBP,RG,8800,1,D,XC,AG,D
13:30:04,ICBP,RG,8800,5,D,YP,AG,D
13:30:04,ICBP,RG,8825,1,D,XC,RO,D
13:30:04,ICBP,RG,8825,3,D,CC,RO,D
13:30:04,ICBP,RG,8825,52,F,AK,RO,D
13:30:04,ICBP,RG,8825,10,F,AK,CC,D
13:30:04,ICBP,RG,8825,5,F,AK,CC,D
13:30:04,ICBP,RG,8825,1,F,AK,YP,D
13:30:04,ICBP,RG,8825,20,F,AK,SQ,D
13:30:04,ICBP,RG,8825,5,F,AK,PD,D
13:30:04,ICBP,RG,8825,4,F,AK,PD,D
13:30:04,ICBP,RG,8825,2,F,AK,EP,D
13:30:04,ICBP,RG,8825,1,F,AK,NI,D
13:30:04,ICBP,RG,8825,1,F,AK,YP,D
13:30:04,ICBP,RG,8825,35,F,AK,YP,D
13:30:04,ICBP,RG,8825,10,F,AK,EP,D
13:30:04,ICBP,RG,8825,1,F,AK,YP,D
13:30:04,ICBP,RG,8825,10,F,AK,YP,D
13:30:04,ICBP,RG,8825,1,F,AK,SQ,D
13:30:04,ICBP,RG,8825,5,F,AK,CC,D
13:30:04,ICBP,RG,8825,100,F,AK,GR,D
13:30:04,ICBP,RG,8825,1,F,AK,YP,D
13:30:04,ICBP,RG,8825,5,F,AK,YP,D
13:30:04,ICBP,RG,8825,20,F,AK,XA,D
13:30:04,ICBP,RG,8825,2,F,AK,KK,D
13:30:04,ICBP,RG,8825,2,F,AK,PD,D
13:30:04,ICBP,RG,8825,3,F,AK,PD,D
13:30:04,ICBP,RG,8825,5,F,AK,PD,D
13:30:04,ICBP,RG,8825,1,F,AK,KK,D
13:30:04,ICBP,RG,8825,5,F,AK,GR,D
13:30:04,ICBP,RG,8825,10,F,AK,NI,D
13:30:04,ICBP,RG,8825,211,F,AK,DR,D
13:30:04,ICBP,RG,8800,3,F,AK,OD,D
13:30:04,ICBP,RG,8800,3,D,YP,PD,D
13:30:03,ICBP,RG,8800,1,D,LG,PD,D
13:30:02,ICBP,RG,8800,1,D,YP,PD,D
13:30:02,ICBP,RG,8800,1,D,EP,PD,D
13:30:02,ICBP,RG,8800,1,D,KK,PD,D
13:30:02,ICBP,RG,8800,3,D,YP,PD,D
13:30:02,ICBP,RG,8825,1,D,PD,DR,D
13:30:02,ICBP,RG,8825,3,F,AK,DR,D
13:30:02,ICBP,RG,8825,1,F,AK,DR,D
13:30:02,ICBP,RG,8825,4,D,PD,DR,D
13:30:01,ICBP,RG,8800,2,D,YP,NI,D
13:30:01,ICBP,RG,8800,7,D,CC,NI,D
13:30:01,ICBP,RG,8825,3,D,KK,DR,D
11:29:45,ICBP,RG,8825,22,F,AK,DR,D
11:29:45,ICBP,RG,8825,12,F,AK,DR,D
11:29:34,ICBP,RG,8825,4,F,AK,DR,D
11:29:30,ICBP,RG,8825,8,F,AK,DR,D
11:29:01,ICBP,RG,8800,24,F,AK,GR,D
11:28:55,ICBP,RG,8800,10,D,CC,GR,D
11:28:51,ICBP,RG,8800,1,D,YP,GR,D
11:28:48,ICBP,RG,8800,1,D,YP,GR,D
11:28:16,ICBP,RG,8800,5,D,YP,GR,D
11:28:15,ICBP,RG,8800,9,D,CC,GR,D
11:28:00,ICBP,RG,8825,157,F,AK,DR,D
11:27:54,ICBP,RG,8800,1,D,CC,XC,D
11:27:44,ICBP,RG,8800,22,F,AK,GR,D
11:27:40,ICBP,RG,8800,3,D,HP,GR,D
11:27:30,ICBP,RG,8800,45,D,DH,GR,D
11:27:30,ICBP,RG,8800,5,D,DH,XC,D
11:27:16,ICBP,RG,8775,9,D,YP,OD,D
11:27:15,ICBP,RG,8800,1,D,CC,OD,D
11:27:15,ICBP,RG,8800,63,F,AK,OD,D
11:27:00,ICBP,RG,8800,17,D,KK,OD,D
11:26:58,ICBP,RG,8825,74,D,YP,DR,D
11:26:58,ICBP,RG,8825,20,D,YP,AZ,D
11:26:58,ICBP,RG,8825,1,D,YP,KK,D
11:26:58,ICBP,RG,8825,5,D,YP,FZ,D
11:26:45,ICBP,RG,8825,38,F,AK,FZ,D
11:26:39,ICBP,RG,8800,1,D,KK,XC,D
11:26:23,ICBP,RG,8800,2,D,KK,NI,D
11:26:23,ICBP,RG,8800,2,D,LG,NI,D
11:26:23,ICBP,RG,8800,26,D,PD,NI,D
11:26:00,ICBP,RG,8800,10,D,PD,PD,D
11:25:27,ICBP,RG,8800,4,D,PD,YP,D
11:25:27,ICBP,RG,8800,1,D,KK,YP,D
11:25:27,ICBP,RG,8800,1,D,AI,YP,D
11:25:27,ICBP,RG,8800,4,D,YP,YP,D
11:25:26,ICBP,RG,8825,16,D,XL,FZ,D
11:25:26,ICBP,RG,8800,6,D,YP,LG,D
11:25:26,ICBP,RG,8800,9,D,YP,LG,D
11:25:23,ICBP,RG,8800,3,D,YP,CC,D
11:25:02,ICBP,RG,8800,12,D,YP,PD,D
11:24:36,ICBP,RG,8800,5,D,YP,KK,D
11:24:31,ICBP,RG,8800,1,D,YP,LG,D
11:24:29,ICBP,RG,8800,30,D,YP,YP,D
11:24:29,ICBP,RG,8800,10,D,YP,YP,D
11:24:29,ICBP,RG,8800,1,D,XL,YP,D
11:24:29,ICBP,RG,8800,2,D,LG,YP,D
11:24:29,ICBP,RG,8800,20,D,YP,YP,D
11:24:29,ICBP,RG,8800,22,F,AK,YP,D
11:24:29,ICBP,RG,8800,15,F,YU,YP,D
11:24:19,ICBP,RG,8800,2,F,YU,PD,D
11:23:14,ICBP,RG,8800,1,F,YU,CC,D
11:23:08,ICBP,RG,8800,5,F,YU,KK,D
11:23:07,ICBP,RG,8800,11,F,YU,GR,D
11:22:45,ICBP,RG,8825,41,F,AK,FZ,D
11:22:45,ICBP,RG,8825,1,F,AK,YP,D
11:22:45,ICBP,RG,8825,196,F,AK,YP,D
11:22:41,ICBP,RG,8825,4,D,KK,YP,D
11:22:35,ICBP,RG,8800,5,F,YU,XL,D
11:22:27,ICBP,RG,8800,1,F,YU,PD,D
11:22:16,ICBP,RG,8800,7,F,YU,XC,D
11:22:13,ICBP,RG,8800,1,F,YU,PD,D
11:22:05,ICBP,RG,8800,1,F,YU,AK,F
11:22:05,ICBP,RG,8800,1,F,YU,AK,F
11:22:05,ICBP,RG,8800,3,F,YU,AK,F
11:22:05,ICBP,RG,8800,5,F,YU,AK,F
11:22:05,ICBP,RG,8800,2,F,YU,AK,F
11:22:05,ICBP,RG,8800,8,F,YU,AK,F
11:22:05,ICBP,RG,8800,10,F,YU,EP,D
11:22:05,ICBP,RG,8800,10,F,YU,DH,D
11:22:05,ICBP,RG,8800,17,F,YU,XC,D
11:22:05,ICBP,RG,8800,229,F,YU,GR,D
11:22:05,ICBP,RG,8800,1,F,YU,PD,D
11:22:05,ICBP,RG,8800,1,F,YU,YP,D
11:22:05,ICBP,RG,8800,1,F,YU,YP,D
11:22:05,ICBP,RG,8800,3,F,YU,NI,D
11:22:05,ICBP,RG,8800,10,F,YU,KK,D
11:22:05,ICBP,RG,8800,12,F,YU,CC,D
11:22:05,ICBP,RG,8800,1,F,YU,PD,D
11:22:05,ICBP,RG,8800,100,F,YU,ZP,D
11:22:05,ICBP,RG,8800,19,F,YU,CC,D
11:22:05,ICBP,RG,8800,10,F,YU,KK,D
11:22:05,ICBP,RG,8800,1,F,YU,PD,D
11:22:05,ICBP,RG,8800,1,F,YU,XC,D
11:22:05,ICBP,RG,8800,35,F,YU,SQ,D
11:22:05,ICBP,RG,8800,2,F,YU,XC,D
11:22:05,ICBP,RG,8800,1,F,YU,YP,D
11:22:05,ICBP,RG,8800,1,F,YU,AT,D
11:22:05,ICBP,RG,8800,2,F,YU,PD,D
11:22:05,ICBP,RG,8800,10,F,YU,YP,D
11:22:05,ICBP,RG,8800,7,F,YU,DH,D
11:22:05,ICBP,RG,8800,1,F,YU,SQ,D
11:22:05,ICBP,RG,8800,1,F,YU,PD,D
11:22:05,ICBP,RG,8800,1,F,YU,XC,D
11:22:05,ICBP,RG,8800,4,F,YU,PD,D
11:22:05,ICBP,RG,8800,100,F,YU,ID,D
11:22:05,ICBP,RG,8800,11,F,YU,CC,D
11:22:05,ICBP,RG,8800,1,F,YU,YP,D
11:22:05,ICBP,RG,8800,1,F,YU,EP,D
11:22:05,ICBP,RG,8800,2,F,YU,XC,D
11:22:05,ICBP,RG,8800,2,F,YU,CC,D
11:22:05,ICBP,RG,8800,3,F,YU,PD,D
11:22:05,ICBP,RG,8800,1,F,YU,XC,D
11:22:05,ICBP,RG,8800,1,F,YU,YP,D
11:22:05,ICBP,RG,8800,1,F,YU,XC,D
11:22:05,ICBP,RG,8800,1,F,YU,YP,D
11:22:05,ICBP,RG,8800,1,F,YU,CC,D
11:22:05,ICBP,RG,8800,1,F,YU,PD,D
11:22:05,ICBP,RG,8800,1,F,YU,YP,D
11:22:05,ICBP,RG,8800,1,F,YU,XC,D
11:22:05,ICBP,RG,8800,3,F,YU,YP,D
11:22:05,ICBP,RG,8800,11,F,YU,EP,D
11:22:05,ICBP,RG,8800,2,F,YU,CC,D
11:22:05,ICBP,RG,8800,10,F,YU,PD,D
11:22:05,ICBP,RG,8800,287,F,YU,RO,D
11:21:58,ICBP,RG,8800,2,D,YP,RO,D
11:21:15,ICBP,RG,8800,61,F,AK,RO,D
11:21:15,ICBP,RG,8800,41,F,AK,CS,F
11:20:28,ICBP,RG,8800,1,D,XL,CS,F
11:20:17,ICBP,RG,8800,2,D,NI,CS,F
11:19:30,ICBP,RG,8800,83,F,AK,CS,F
11:19:30,ICBP,RG,8800,5,F,AK,CC,D
11:19:30,ICBP,RG,8800,5,F,AK,CC,D
11:19:30,ICBP,RG,8800,1,F,AK,LS,D
11:19:30,ICBP,RG,8800,7,F,AK,PD,D
11:19:30,ICBP,RG,8800,4,F,AK,PD,D
11:19:30,ICBP,RG,8800,1,F,AK,YP,D
11:19:30,ICBP,RG,8800,3,F,AK,GR,D
11:19:00,ICBP,RG,8775,1,D,YP,YP,D
11:18:26,ICBP,RG,8775,5,D,YP,NI,D
11:18:25,ICBP,RG,8775,5,D,YP,CC,D
11:18:25,ICBP,RG,8775,1,D,PD,CC,D
11:18:25,ICBP,RG,8775,5,D,KK,CC,D
11:18:25,ICBP,RG,8775,5,D,YP,CC,D
11:18:25,ICBP,RG,8775,2,D,PD,CC,D
11:17:49,ICBP,RG,8775,5,D,YB,PD,D
11:17:45,ICBP,RG,8800,2,F,AK,GR,D
11:17:45,ICBP,RG,8800,3,F,AK,XC,D
11:17:45,ICBP,RG,8800,2,F,AK,CC,D
11:17:45,ICBP,RG,8800,12,F,AK,YP,D
11:17:45,ICBP,RG,8800,10,F,AK,XC,D
11:17:45,ICBP,RG,8800,1,F,AK,PD,D
11:17:45,ICBP,RG,8800,1,F,AK,NI,D
11:17:45,ICBP,RG,8800,10,F,AK,YP,D
11:17:45,ICBP,RG,8800,10,F,AK,CC,D
11:17:45,ICBP,RG,8800,1,F,AK,SQ,D
11:17:45,ICBP,RG,8800,25,F,AK,YJ,D
11:17:45,ICBP,RG,8800,1,F,AK,NI,D
11:17:45,ICBP,RG,8800,30,F,AK,SQ,D
11:15:57,ICBP,RG,8775,1,D,YB,KK,D
11:15:47,ICBP,RG,8775,1,D,YB,NI,D
11:15:47,ICBP,RG,8775,1,D,XC,NI,D
11:15:47,ICBP,RG,8775,3,D,NI,NI,D
11:15:47,ICBP,RG,8775,3,D,NI,NI,D
11:15:47,ICBP,RG,8775,1,D,PD,NI,D
11:13:45,ICBP,RG,8775,8,D,PD,PD,D
11:13:45,ICBP,RG,8800,98,F,AK,SQ,D
11:13:19,ICBP,RG,8800,12,D,XC,SQ,D
11:13:17,ICBP,RG,8800,2,D,AZ,SQ,D
11:12:20,ICBP,RG,8800,7,D,CC,SQ,D
11:12:00,ICBP,RG,8800,2,D,XC,SQ,D
11:12:00,ICBP,RG,8800,4,D,XC,XC,D
11:11:36,ICBP,RG,8800,5,D,YP,XC,D
11:11:27,ICBP,RG,8800,3,D,CC,XC,D
11:11:27,ICBP,RG,8800,3,D,CC,XL,D
11:11:27,ICBP,RG,8800,4,D,CC,SQ,D
11:11:00,ICBP,RG,8800,96,F,AK,SQ,D
11:11:00,ICBP,RG,8800,1,F,AK,YP,D
11:10:30,ICBP,RG,8775,4,D,PD,XL,D
11:10:30,ICBP,RG,8775,4,D,CC,XL,D
11:10:09,ICBP,RG,8775,7,D,CC,CC,D
11:09:52,ICBP,RG,8775,25,D,CC,SQ,D
11:09:04,ICBP,RG,8775,1,D,CC,OD,D
11:08:24,ICBP,RG,8800,1,D,YP,YP,D
11:08:24,ICBP,RG,8800,1,D,YP,PD,D
11:08:24,ICBP,RG,8800,10,D,YP,CC,D
11:08:02,ICBP,RG,8775,1,D,CC,YP,D
11:07:18,ICBP,RG,8775,18,D,CC,CC,D
11:06:46,ICBP,RG,8775,2,D,CC,YP,D
11:06:31,ICBP,RG,8775,1,D,CC,YP,D
11:06:09,ICBP,RG,8775,1,D,CC,YP,D
11:05:40,ICBP,RG,8775,21,D,CC,AK,F
11:05:32,ICBP,RG,8775,212,D,CC,OD,D
11:05:32,ICBP,RG,8775,2,D,LG,OD,D
11:05:32,ICBP,RG,8775,2,D,PD,OD,D
11:05:32,ICBP,RG,8775,3,F,CC,OD,D
11:05:32,ICBP,RG,8775,89,F,AK,OD,D
11:05:32,ICBP,RG,8775,93,F,AK,OD,D
11:05:32,ICBP,RG,8775,79,F,AK,OD,D
11:05:14,ICBP,RG,8800,1,D,XC,CC,D
11:04:55,ICBP,RG,8775,1,F,AK,XC,D
11:04:37,ICBP,RG,8775,15,F,AK,CC,D
11:04:30,ICBP,RG,8775,3,F,AK,PD,D
11:04:20,ICBP,RG,8775,1,F,AK,NI,D
11:04:17,ICBP,RG,8775,6,F,AK,XL,D
11:04:17,ICBP,RG,8775,10,F,AK,XL,D
11:03:36,ICBP,RG,8775,5,F,AK,XL,D
11:02:48,ICBP,RG,8800,8,D,NI,CC,D
11:02:48,ICBP,RG,8800,3,D,NI,SQ,D
11:01:22,ICBP,RG,8800,1,D,LG,SQ,D
11:01:07,ICBP,RG,8775,5,F,AK,YP,D
11:00:00,ICBP,RG,8800,6,F,AK,SQ,D
11:00:00,ICBP,RG,8800,1,F,AK,OD,D
11:00:00,ICBP,RG,8800,10,F,AK,EP,D
11:00:00,ICBP,RG,8800,1,F,AK,YP,D
11:00:00,ICBP,RG,8800,6,F,AK,LG,D
11:00:00,ICBP,RG,8800,7,F,AK,XC,D
11:00:00,ICBP,RG,8800,1,F,AK,XC,D
11:00:00,ICBP,RG,8800,62,F,AK,BK,F
10:59:26,ICBP,RG,8775,1,F,AK,XC,D
10:59:24,ICBP,RG,8775,4,F,AK,YB,D
10:58:22,ICBP,RG,8775,25,F,AK,YP,D
10:57:34,ICBP,RG,8775,1,F,AK,XC,D
10:57:23,ICBP,RG,8775,3,F,AK,PD,D
10:56:27,ICBP,RG,8775,1,F,AK,PC,D
10:56:25,ICBP,RG,8800,1,D,XC,BK,F
10:53:14,ICBP,RG,8775,100,F,AK,YP,D
10:53:11,ICBP,RG,8800,7,D,XL,BK,F
10:51:11,ICBP,RG,8800,1,D,XC,BK,F
10:50:43,ICBP,RG,8775,57,F,AK,OD,D
10:50:43,ICBP,RG,8775,93,D,YP,OD,D
10:50:30,ICBP,RG,8800,2,F,AK,BK,F
10:50:30,ICBP,RG,8800,1,F,AK,NI,D
10:50:30,ICBP,RG,8800,100,F,AK,SQ,D
10:50:30,ICBP,RG,8800,1,F,AK,YP,D
10:50:30,ICBP,RG,8800,1,F,AK,XC,D
10:50:30,ICBP,RG,8800,1,F,AK,YP,D
10:50:30,ICBP,RG,8800,1,F,AK,RO,D
10:49:38,ICBP,RG,8775,3,D,YP,XC,D
10:49:05,ICBP,RG,8775,3,D,YP,KK,D
10:48:50,ICBP,RG,8775,1,D,YP,YP,D
10:48:46,ICBP,RG,8775,10,D,YP,PD,D
10:48:33,ICBP,RG,8775,10,D,YP,YB,D
10:48:18,ICBP,RG,8775,1,D,YP,YP,D
10:47:00,ICBP,RG,8775,41,D,YP,AK,F
10:46:52,ICBP,RG,8775,2,D,YP,XA,D
10:46:52,ICBP,RG,8775,3,D,YP,CC,D
10:46:52,ICBP,RG,8775,129,D,YP,CS,F
10:46:52,ICBP,RG,8775,17,D,YP,XC,D
10:46:52,ICBP,RG,8775,1,D,YP,XC,D
10:46:52,ICBP,RG,8775,9,D,YP,XL,D
10:46:52,ICBP,RG,8775,1,D,YP,YP,D
10:46:52,ICBP,RG,8775,52,D,YP,YP,D
10:46:52,ICBP,RG,8775,2,D,YP,XC,D
10:46:52,ICBP,RG,8775,8,D,YP,YP,D
10:46:52,ICBP,RG,8775,8,D,YP,PD,D
10:46:52,ICBP,RG,8775,8,D,YP,XC,D
10:46:52,ICBP,RG,8775,2,D,YP,XC,D
10:46:52,ICBP,RG,8775,1,D,YP,YP,D
10:46:52,ICBP,RG,8775,2,D,YP,KK,D
10:46:52,ICBP,RG,8775,1,D,YP,XC,D
10:46:52,ICBP,RG,8775,101,D,YP,CS,F
10:46:52,ICBP,RG,8775,8,D,YP,XC,D
10:46:52,ICBP,RG,8775,52,D,YP,LG,D
10:46:52,ICBP,RG,8775,31,D,YP,AZ,D
10:46:27,ICBP,RG,8775,200,D,CC,AZ,D
10:44:22,ICBP,RG,8775,1,D,XC,AZ,D
10:43:31,ICBP,RG,8750,2,F,YU,AG,D
10:43:06,ICBP,RG,8750,5,F,YU,XL,D
10:39:57,ICBP,RG,8775,1,D,PD,AZ,D
10:39:51,ICBP,RG,8775,1,D,XL,AZ,D
10:38:51,ICBP,RG,8750,8,F,YU,PD,D
10:37:39,ICBP,RG,8775,10,D,YP,AZ,D
10:37:39,ICBP,RG,8750,2,F,YU,PD,D
10:37:36,ICBP,RG,8775,1,D,CC,AZ,D
10:37:35,ICBP,RG,8775,10,D,YP,AZ,D
10:35:15,ICBP,RG,8775,4,D,YP,AZ,D
10:34:55,ICBP,RG,8750,14,F,YU,YP,D
10:34:55,ICBP,RG,8750,1,D,SQ,YP,D
10:33:22,ICBP,RG,8775,4,D,YP,AZ,D
10:33:21,ICBP,RG,8775,2,D,CC,AZ,D
10:32:51,ICBP,RG,8775,2,F,CC,AZ,D
10:32:51,ICBP,RG,8775,50,D,CC,AZ,D
10:32:51,ICBP,RG,8775,83,F,AK,AZ,D
10:32:51,ICBP,RG,8775,25,F,AK,AZ,D
10:32:51,ICBP,RG,8775,2,F,AK,AZ,D
10:32:51,ICBP,RG,8775,223,F,AK,AZ,D
10:32:45,ICBP,RG,8775,62,F,AK,DX,D
10:32:36,ICBP,RG,8800,6,D,CC,RO,D
10:31:57,ICBP,RG,8800,2,D,XC,RO,D
10:30:26,ICBP,RG,8800,3,D,NI,RO,D
10:30:01,ICBP,RG,8800,20,D,YP,RO,D
10:29:55,ICBP,RG,8800,20,D,CC,RO,D
10:29:55,ICBP,RG,8800,6,F,CC,RO,D
10:29:55,ICBP,RG,8800,57,F,AK,RO,D
10:29:55,ICBP,RG,8800,10,D,DR,RO,D
10:29:55,ICBP,RG,8800,175,F,AK,RO,D
10:29:54,ICBP,RG,8800,11,F,AK,YP,D
10:29:38,ICBP,RG,8800,1,F,AK,KK,D
10:29:28,ICBP,RG,8800,21,F,AK,YP,D
10:29:27,ICBP,RG,8800,80,F,AK,AK,F
10:29:27,ICBP,RG,8800,1,F,AK,YP,D
10:29:27,ICBP,RG,8800,2,D,XL,AK,F
10:29:27,ICBP,RG,8800,4,D,XL,CC,D
10:29:21,ICBP,RG,8800,1,D,XC,CC,D
10:29:19,ICBP,RG,8800,45,D,KK,CC,D
10:29:19,ICBP,RG,8800,5,D,KK,YP,D
10:29:03,ICBP,RG,8800,1000,F,YU,PG,D
10:29:03,ICBP,RG,8800,60,F,YU,CC,D
10:29:03,ICBP,RG,8800,2,F,YU,YP,D
10:29:03,ICBP,RG,8800,15,F,YU,NI,D
10:29:03,ICBP,RG,8800,1,F,YU,CC,D
10:29:03,ICBP,RG,8800,10,F,YU,GR,D
10:29:03,ICBP,RG,8800,25,F,YU,SQ,D
10:29:03,ICBP,RG,8800,20,F,YU,PD,D
10:29:03,ICBP,RG,8800,50,F,YU,PD,D
10:29:03,ICBP,RG,8800,1,F,YU,YP,D
10:29:03,ICBP,RG,8800,1,F,YU,YP,D
10:29:03,ICBP,RG,8800,1,F,YU,XC,D
10:29:03,ICBP,RG,8800,1,F,YU,PD,D
10:29:03,ICBP,RG,8800,13,F,YU,PD,D
10:29:03,ICBP,RG,8800,80,F,YU,CC,D
10:29:03,ICBP,RG,8800,3,F,YU,XL,D
10:29:03,ICBP,RG,8800,1,F,YU,CC,D
10:29:03,ICBP,RG,8800,2,F,YU,SQ,D
10:29:03,ICBP,RG,8800,1,F,YU,YP,D
10:29:03,ICBP,RG,8800,1,F,YU,KK,D
10:29:03,ICBP,RG,8800,10,F,YU,CC,D
10:29:03,ICBP,RG,8800,1,F,YU,SQ,D
10:29:03,ICBP,RG,8800,35,F,YU,KK,D
10:29:03,ICBP,RG,8800,3,F,YU,PD,D
10:29:03,ICBP,RG,8800,10,F,YU,NI,D
10:29:03,ICBP,RG,8800,57,F,YU,AZ,D
10:29:03,ICBP,RG,8800,1,F,YU,XC,D
10:29:03,ICBP,RG,8800,4,F,YU,YP,D
10:29:03,ICBP,RG,8800,10,F,YU,YP,D
10:29:03,ICBP,RG,8800,1,F,YU,PD,D
10:29:03,ICBP,RG,8800,1,F,YU,LS,D
10:29:03,ICBP,RG,8800,1,F,YU,YP,D
10:29:03,ICBP,RG,8800,505,F,YU,LS,D
10:29:03,ICBP,RG,8800,10,F,YU,YP,D
10:29:03,ICBP,RG,8800,10,F,YU,KK,D
10:29:03,ICBP,RG,8800,25,F,YU,YP,D
10:29:03,ICBP,RG,8800,10,F,YU,CC,D
10:29:03,ICBP,RG,8800,5,F,YU,AZ,D
10:29:03,ICBP,RG,8800,2,F,YU,YP,D
10:29:03,ICBP,RG,8800,6,F,YU,XL,D
10:29:03,ICBP,RG,8800,1,F,YU,YP,D
10:29:03,ICBP,RG,8800,1,F,YU,CC,D
10:29:03,ICBP,RG,8800,15,F,YU,YP,D
10:29:03,ICBP,RG,8800,3,F,YU,AT,D
10:29:03,ICBP,RG,8800,1,F,YU,XL,D
10:29:03,ICBP,RG,8800,5,F,YU,KK,D
10:29:03,ICBP,RG,8800,1,F,YU,KK,D
10:29:03,ICBP,RG,8800,2,F,YU,PD,D
10:29:03,ICBP,RG,8800,20,F,YU,CC,D
10:29:03,ICBP,RG,8800,1,F,YU,PD,D
10:29:03,ICBP,RG,8800,13,F,YU,EP,D
10:29:03,ICBP,RG,8800,25,F,YU,SQ,D
10:29:03,ICBP,RG,8800,3,F,YU,YB,D
10:29:03,ICBP,RG,8800,6,F,YU,NI,D
10:29:03,ICBP,RG,8800,10,F,YU,DR,D
10:29:03,ICBP,RG,8800,1,F,YU,YP,D
10:29:03,ICBP,RG,8800,200,F,YU,YP,D
10:28:52,ICBP,RG,8775,132,F,YU,CS,F
10:28:47,ICBP,RG,8775,1,F,YU,CS,F
10:28:47,ICBP,RG,8775,1,F,YU,XC,D
10:28:47,ICBP,RG,8775,171,F,YU,CS,F
10:28:47,ICBP,RG,8775,1,F,YU,YP,D
10:28:47,ICBP,RG,8775,2,F,YU,AI,D
10:28:47,ICBP,RG,8775,1,F,YU,SQ,D
10:28:47,ICBP,RG,8775,4,F,YU,EP,D
10:28:47,ICBP,RG,8775,10,F,YU,GR,D
10:28:47,ICBP,RG,8775,12,F,YU,YP,D
10:28:47,ICBP,RG,8775,25,F,YU,YP,D
10:28:47,ICBP,RG,8775,1,F,YU,GR,D
10:28:47,ICBP,RG,8775,5,F,YU,KK,D
10:28:47,ICBP,RG,8775,1,F,YU,NI,D
10:28:47,ICBP,RG,8775,1,F,YU,NI,D
10:28:47,ICBP,RG,8775,1,F,YU,EP,D
10:28:47,ICBP,RG,8775,1,F,YU,KK,D
10:28:47,ICBP,RG,8775,1,F,YU,LS,D
10:28:47,ICBP,RG,8775,50,F,YU,NI,D
10:28:47,ICBP,RG,8775,2,F,YU,XC,D
10:28:47,ICBP,RG,8775,25,F,YU,YP,D
10:28:47,ICBP,RG,8775,2,F,YU,PD,D
10:28:47,ICBP,RG,8775,1,F,YU,PD,D
10:28:47,ICBP,RG,8775,4,F,YU,XC,D
10:28:47,ICBP,RG,8775,1,F,YU,XC,D
10:28:47,ICBP,RG,8775,10,F,YU,AZ,D
10:28:47,ICBP,RG,8775,3,F,YU,YP,D
10:28:47,ICBP,RG,8775,200,F,YU,AN,D
10:28:47,ICBP,RG,8775,1,F,YU,YP,D
10:28:47,ICBP,RG,8775,1,F,YU,YP,D
10:28:47,ICBP,RG,8775,15,F,YU,LG,D
10:28:47,ICBP,RG,8775,5,F,YU,CC,D
10:28:47,ICBP,RG,8775,15,F,YU,PD,D
10:28:47,ICBP,RG,8775,50,F,YU,YP,D
10:28:47,ICBP,RG,8775,100,F,YU,GR,D
10:28:47,ICBP,RG,8775,4,F,YU,GR,D
10:28:47,ICBP,RG,8775,40,F,YU,YP,D
10:28:47,ICBP,RG,8775,3,F,YU,PD,D
10:28:47,ICBP,RG,8775,1,F,YU,NI,D
10:28:47,ICBP,RG,8775,228,F,YU,GR,D
10:28:30,ICBP,RG,8775,272,F,AK,GR,D
10:28:30,ICBP,RG,8775,2,F,AK,KK,D
10:28:30,ICBP,RG,8775,2,F,AK,EP,D
10:28:30,ICBP,RG,8775,4,F,AK,YP,D
10:28:30,ICBP,RG,8775,2,F,AK,PD,D
10:28:30,ICBP,RG,8775,12,F,AK,XC,D
10:28:30,ICBP,RG,8775,1,F,AK,XC,D
10:28:30,ICBP,RG,8775,3,F,AK,IF,D
10:28:30,ICBP,RG,8775,100,F,AK,YP,D
10:28:30,ICBP,RG,8775,12,F,AK,CC,D
10:28:30,ICBP,RG,8775,2,F,AK,YB,D
10:28:30,ICBP,RG,8775,1,F,AK,YP,D
10:28:30,ICBP,RG,8775,1,F,AK,YP,D
10:28:30,ICBP,RG,8775,8,F,AK,PD,D
10:28:30,ICBP,RG,8775,25,F,AK,YP,D
10:28:30,ICBP,RG,8775,201,F,AK,LG,D
10:28:22,ICBP,RG,8750,109,F,BK,AK,F
10:28:22,ICBP,RG,8750,105,F,AK,CS,F
10:28:22,ICBP,RG,8750,28,F,AK,CS,F
10:28:22,ICBP,RG,8750,104,F,BK,CS,F
10:28:22,ICBP,RG,8750,5,F,BK,CS,F
10:28:21,ICBP,RG,8750,159,F,YU,CS,F
10:28:21,ICBP,RG,8750,6,F,YU,DH,D
10:28:21,ICBP,RG,8750,1,F,YU,YP,D
10:28:21,ICBP,RG,8750,733,F,YU,CC,D
10:28:21,ICBP,RG,8750,5,F,YU,YP,D
10:28:21,ICBP,RG,8750,2,F,YU,HP,D
10:28:21,ICBP,RG,8750,6,F,YU,YP,D
10:28:21,ICBP,RG,8750,1,F,YU,PD,D
10:28:21,ICBP,RG,8750,1,F,YU,CC,D
10:28:21,ICBP,RG,8750,3,F,YU,XL,D
10:28:21,ICBP,RG,8750,5,F,YU,KK,D
10:28:21,ICBP,RG,8750,1,F,YU,NI,D
10:28:21,ICBP,RG,8750,12,F,YU,EP,D
10:28:21,ICBP,RG,8750,1,F,YU,DH,D
10:28:21,ICBP,RG,8750,25,F,YU,YP,D
10:28:21,ICBP,RG,8750,39,F,YU,OD,D
10:28:20,ICBP,RG,8750,109,F,BK,OD,D
10:28:20,ICBP,RG,8750,109,F,BK,OD,D
10:28:19,ICBP,RG,8750,109,F,BK,OD,D
10:28:19,ICBP,RG,8750,109,F,BK,OD,D
10:28:19,ICBP,RG,8750,500,D,PG,OD,D
10:28:15,ICBP,RG,8750,104,F,AK,OD,D
10:28:13,ICBP,RG,8750,83,D,PG,OD,D
10:28:13,ICBP,RG,8750,5,D,PG,YP,D
10:28:13,ICBP,RG,8750,1,D,PG,SQ,D
10:28:13,ICBP,RG,8750,1,D,PG,YP,D
10:28:13,ICBP,RG,8750,2,D,PG,NI,D
10:28:13,ICBP,RG,8750,2,D,PG,YP,D
10:28:13,ICBP,RG,8750,2,D,PG,XC,D
10:28:13,ICBP,RG,8750,5,D,PG,NI,D
10:28:13,ICBP,RG,8750,20,D,PG,GR,D
10:28:13,ICBP,RG,8750,2,D,PG,XC,D
10:28:13,ICBP,RG,8750,3,D,PG,YP,D
10:28:13,ICBP,RG,8750,10,D,PG,RF,D
10:28:13,ICBP,RG,8750,25,D,PG,SQ,D
10:28:13,ICBP,RG,8750,3,D,PG,EP,D
10:28:13,ICBP,RG,8750,80,D,PG,GR,D
10:28:00,ICBP,RG,8750,20,F,AK,GR,D
10:28:00,ICBP,RG,8750,23,F,AK,PD,D
10:28:00,ICBP,RG,8750,4,F,AK,XC,D
10:28:00,ICBP,RG,8750,1,F,AK,PD,D
10:28:00,ICBP,RG,8750,3,F,AK,SQ,D
10:28:00,ICBP,RG,8750,11,F,AK,KK,D
10:28:00,ICBP,RG,8750,9,F,AK,KK,D
10:28:00,ICBP,RG,8750,3,F,AK,CC,D
10:28:00,ICBP,RG,8750,1,F,AK,GR,D
10:28:00,ICBP,RG,8750,1,F,AK,XC,D
10:28:00,ICBP,RG,8750,1,F,AK,XC,D
10:28:00,ICBP,RG,8750,128,F,AK,DR,F
10:27:43,ICBP,RG,8750,1,D,XC,DR,F
10:25:40,ICBP,RG,8750,1,D,YP,DR,F
10:25:24,ICBP,RG,8750,1,F,AK,DR,F
10:25:23,ICBP,RG,8750,1,D,PD,DR,F
10:25:14,ICBP,RG,8750,2,F,AK,DR,F
10:25:13,ICBP,RG,8725,4,D,PG,KK,D
10:24:52,ICBP,RG,8750,6,F,AK,DR,F
10:24:52,ICBP,RG,8750,15,D,HP,DR,F
10:24:35,ICBP,RG,8750,64,F,AK,DR,F
10:24:35,ICBP,RG,8725,150,D,PG,OD,D
10:23:06,ICBP,RG,8750,1,F,AK,DR,F
10:23:05,ICBP,RG,8750,1,D,XC,DR,F
10:22:51,ICBP,RG,8750,1,D,YP,DR,F
10:21:48,ICBP,RG,8750,9,F,AK,DR,F
10:21:48,ICBP,RG,8750,1,F,AK,DR,D
10:21:48,ICBP,RG,8750,1,F,AK,DR,D
10:21:48,ICBP,RG,8750,33,F,AK,CC,D
10:21:48,ICBP,RG,8725,8,D,PG,AK,F
10:21:48,ICBP,RG,8725,26,D,PG,AK,F
10:21:47,ICBP,RG,8725,30,D,PG,YP,D
10:21:47,ICBP,RG,8725,38,D,PG,DH,D
10:21:44,ICBP,RG,8725,1,D,LG,DH,D
10:21:01,ICBP,RG,8725,13,F,AK,DH,D
10:21:00,ICBP,RG,8725,30,D,YP,DH,D
10:20:54,ICBP,RG,8725,38,F,AK,DH,D
10:20:54,ICBP,RG,8725,52,F,AK,YP,D
10:20:53,ICBP,RG,8725,48,F,YU,YP,D
10:20:53,ICBP,RG,8725,1,F,YU,YP,D
10:20:53,ICBP,RG,8725,6,F,YU,XC,D
10:20:53,ICBP,RG,8725,2,F,YU,XC,D
10:20:53,ICBP,RG,8725,2,F,YU,CC,D
10:20:53,ICBP,RG,8725,1,F,YU,PD,D
10:20:53,ICBP,RG,8725,94,F,YU,CS,F
10:20:53,ICBP,RG,8725,2,F,YU,YP,D
10:20:53,ICBP,RG,8725,4,F,YU,YP,D
10:20:53,ICBP,RG,8725,49,F,YU,CS,F
10:20:21,ICBP,RG,8725,50,F,AK,CS,F
10:20:21,ICBP,RG,8725,15,F,AK,CC,D
10:20:20,ICBP,RG,8700,2,D,AT,AK,F
10:20:20,ICBP,RG,8700,4,D,AT,OD,D
10:20:20,ICBP,RG,8700,1,D,YP,OD,D
10:20:20,ICBP,RG,8700,2,D,KK,OD,D
10:20:20,ICBP,RG,8700,1,D,YP,OD,D
10:20:20,ICBP,RG,8700,1,D,YP,OD,D
10:20:20,ICBP,RG,8700,10,D,XC,OD,D
10:20:20,ICBP,RG,8700,2,D,HP,OD,D
10:20:20,ICBP,RG,8700,1,D,LG,OD,D
10:20:20,ICBP,RG,8700,3,D,YP,OD,D
10:20:20,ICBP,RG,8700,5,D,PD,OD,D
10:20:20,ICBP,RG,8700,10,D,GR,OD,D
10:20:20,ICBP,RG,8700,2,D,PD,OD,D
10:20:20,ICBP,RG,8700,2,D,GR,OD,D
10:20:20,ICBP,RG,8700,10,D,DH,OD,D
10:20:20,ICBP,RG,8700,30,D,XC,OD,D
10:20:20,ICBP,RG,8700,1,D,DH,OD,D
10:20:20,ICBP,RG,8700,1,D,YB,OD,D
10:20:20,ICBP,RG,8700,1,D,EP,OD,D
10:20:20,ICBP,RG,8700,19,D,CC,OD,D
10:20:20,ICBP,RG,8700,2,D,XC,OD,D
10:20:20,ICBP,RG,8700,10,D,YP,OD,D
10:20:20,ICBP,RG,8700,32,D,LG,OD,D
10:20:20,ICBP,RG,8725,1,D,EP,CC,D
10:18:57,ICBP,RG,8725,1,F,AK,CC,D
10:18:57,ICBP,RG,8725,1,D,CC,CC,D
10:17:59,ICBP,RG,8725,4,F,AK,CC,D
10:17:58,ICBP,RG,8725,10,D,YP,CC,D
10:17:57,ICBP,RG,8725,2,F,AK,CC,D
10:17:57,ICBP,RG,8700,1,D,LG,CC,D
10:17:56,ICBP,RG,8725,3,D,NI,CC,D
10:17:45,ICBP,RG,8725,1,D,NI,CC,D
10:16:01,ICBP,RG,8725,1,F,AK,CC,D
10:16:01,ICBP,RG,8725,1,D,PD,CC,D
10:13:50,ICBP,RG,8725,2,D,XL,CC,D
10:13:05,ICBP,RG,8725,1,F,AK,CC,D
10:13:04,ICBP,RG,8725,1,D,YP,CC,D
10:12:34,ICBP,RG,8725,3,F,AK,CC,D
10:12:33,ICBP,RG,8700,8,D,LG,PD,D
10:11:40,ICBP,RG,8725,12,F,AK,CC,D
10:11:39,ICBP,RG,8700,9,D,LG,NI,D
10:11:39,ICBP,RG,8700,11,D,DH,NI,D
10:11:39,ICBP,RG,8700,7,D,YU,NI,D
10:11:35,ICBP,RG,8725,1,F,AK,CC,D
10:11:35,ICBP,RG,8725,3,D,XC,CC,D
10:10:46,ICBP,RG,8725,5,F,AK,CC,D
10:10:46,ICBP,RG,8725,1,F,AK,PD,D
10:10:46,ICBP,RG,8725,10,F,AK,KK,D
10:10:46,ICBP,RG,8725,1,F,AK,XC,D
10:10:46,ICBP,RG,8725,60,F,AK,OD,D
10:10:46,ICBP,RG,8725,10,F,AK,BQ,D
10:10:46,ICBP,RG,8725,2,F,AK,YP,D
10:10:46,ICBP,RG,8725,1,F,AK,PD,D
10:10:46,ICBP,RG,8725,5,F,AK,AT,D
10:10:46,ICBP,RG,8725,1,F,AK,AT,D
10:10:46,ICBP,RG,8725,1,F,AK,CC,D
10:10:46,ICBP,RG,8725,8,F,AK,PD,D
10:10:46,ICBP,RG,8725,1,F,AK,YP,D
10:10:46,ICBP,RG,8725,10,F,AK,EP,D
10:10:46,ICBP,RG,8725,1,F,AK,GR,D
10:10:46,ICBP,RG,8725,2,F,AK,YP,D
10:10:46,ICBP,RG,8725,3,F,AK,CC,D
10:10:46,ICBP,RG,8725,2,F,AK,PD,D
10:10:45,ICBP,RG,8725,13,F,AK,PD,D
10:10:45,ICBP,RG,8725,93,F,AK,CS,F
10:10:45,ICBP,RG,8725,184,F,AK,IF,D
10:10:40,ICBP,RG,8725,13,F,AK,IF,D
10:10:39,ICBP,RG,8700,3,D,YU,OD,D
10:10:39,ICBP,RG,8700,27,F,AK,OD,D
10:09:16,ICBP,RG,8725,1,F,AK,IF,D
10:09:15,ICBP,RG,8725,1,D,LG,IF,D
10:08:59,ICBP,RG,8725,1,D,YP,IF,D
10:07:52,ICBP,RG,8725,3,F,AK,IF,D
10:07:52,ICBP,RG,8700,6,F,AK,PD,D
10:07:40,ICBP,RG,8725,1,F,AK,IF,D
10:07:40,ICBP,RG,8725,2,D,PD,IF,D
10:05:42,ICBP,RG,8725,2,F,AK,IF,D
10:05:41,ICBP,RG,8725,5,D,CC,IF,D
10:05:20,ICBP,RG,8700,1,F,AK,AI,D
10:04:47,ICBP,RG,8725,1,F,AK,IF,D
10:04:46,ICBP,RG,8725,1,D,PD,IF,D
10:04:35,ICBP,RG,8725,1,F,AK,IF,D
10:04:34,ICBP,RG,8725,3,D,XL,IF,D
10:02:50,ICBP,RG,8725,2,F,AK,IF,D
10:02:49,ICBP,RG,8700,4,F,AK,NI,D
10:02:25,ICBP,RG,8725,2,F,AK,IF,D
10:02:24,ICBP,RG,8725,5,D,PD,IF,D
10:02:09,ICBP,RG,8725,1,F,AK,IF,D
10:02:08,ICBP,RG,8725,4,D,XC,IF,D
10:01:55,ICBP,RG,8725,5,F,AK,IF,D
10:01:55,ICBP,RG,8725,10,D,GR,IF,D
09:59:52,ICBP,RG,8725,43,F,AK,IF,D
09:59:51,ICBP,RG,8725,100,D,KK,IF,D
09:59:47,ICBP,RG,8725,9,F,AK,IF,D
09:59:47,ICBP,RG,8700,5,F,AK,YP,D
09:59:47,ICBP,RG,8700,10,D,NI,YP,D
09:59:47,ICBP,RG,8700,5,D,YP,YP,D
09:59:47,ICBP,RG,8700,1,D,PD,YP,D
09:59:47,ICBP,RG,8700,1,D,PD,YP,D
09:59:43,ICBP,RG,8725,1,F,YU,IF,D
09:59:34,ICBP,RG,8725,20,F,AK,IF,D
09:59:33,ICBP,RG,8725,45,D,YP,IF,D
09:58:43,ICBP,RG,8725,1,D,KK,IF,D
09:58:06,ICBP,RG,8725,1,D,HP,IF,D
09:57:31,ICBP,RG,8700,1,D,PD,OD,D
09:57:31,ICBP,RG,8700,1,D,NI,OD,D
09:57:31,ICBP,RG,8700,1,F,AK,OD,D
09:57:31,ICBP,RG,8700,1,D,XC,OD,D
09:57:31,ICBP,RG,8700,2,F,AK,OD,D
09:57:31,ICBP,RG,8700,144,D,YP,OD,D
09:56:36,ICBP,RG,8725,1,D,CC,IF,D
09:55:32,ICBP,RG,8725,1,D,XC,IF,D
09:54:22,ICBP,RG,8725,30,D,NI,IF,D
09:52:32,ICBP,RG,8700,56,D,YP,PD,D
09:52:32,ICBP,RG,8700,1,D,SQ,PD,D
09:52:32,ICBP,RG,8700,23,F,AK,PD,D
09:51:46,ICBP,RG,8700,2,F,AK,YB,D
09:51:39,ICBP,RG,8700,7,F,AK,EP,D
09:51:11,ICBP,RG,8700,5,F,AK,YB,D
09:51:08,ICBP,RG,8700,3,F,AK,XC,D
09:50:31,ICBP,RG,8700,86,F,AK,OD,D
09:50:31,ICBP,RG,8700,1,D,LS,OD,D
09:50:31,ICBP,RG,8700,1,D,PD,OD,D
09:50:31,ICBP,RG,8700,1,D,BQ,OD,D
09:50:31,ICBP,RG,8700,3,D,CC,OD,D
09:50:31,ICBP,RG,8700,50,D,YP,OD,D
09:50:31,ICBP,RG,8700,2,D,LG,OD,D
09:50:31,ICBP,RG,8700,3,D,EP,OD,D
09:50:31,ICBP,RG,8700,1,D,XC,OD,D
09:50:31,ICBP,RG,8700,1,D,XL,OD,D
09:50:31,ICBP,RG,8700,1,D,EP,OD,D
09:50:07,ICBP,RG,8725,13,F,AK,IF,D
09:50:06,ICBP,RG,8700,9,D,SQ,OD,D
09:50:06,ICBP,RG,8700,3,D,YP,OD,D
09:50:06,ICBP,RG,8700,10,D,KK,OD,D
09:50:06,ICBP,RG,8700,8,D,YP,OD,D
09:49:00,ICBP,RG,8725,1,D,CC,IF,D
09:48:15,ICBP,RG,8725,1,F,AK,IF,D
09:48:15,ICBP,RG,8725,2,D,YP,IF,D
09:47:38,ICBP,RG,8725,4,F,AK,IF,D
09:47:37,ICBP,RG,8700,2,D,YP,PD,D
09:47:37,ICBP,RG,8700,1,D,PD,PD,D
09:47:37,ICBP,RG,8700,1,D,OD,PD,D
09:47:37,ICBP,RG,8700,1,D,PD,PD,D
09:47:37,ICBP,RG,8700,3,D,XC,PD,D
09:46:58,ICBP,RG,8725,1,D,NI,IF,D
09:46:50,ICBP,RG,8725,2,F,AK,IF,D
09:46:49,ICBP,RG,8725,5,D,EP,IF,D
09:46:41,ICBP,RG,8725,1,F,AK,IF,D
09:46:40,ICBP,RG,8725,1,D,YB,IF,D
09:46:07,ICBP,RG,8725,1,D,XA,IF,D
09:45:47,ICBP,RG,8725,1,F,AK,IF,D
09:45:46,ICBP,RG,8725,1,D,NI,IF,D
09:45:13,ICBP,RG,8725,12,F,AK,IF,D
09:45:12,ICBP,RG,8700,29,D,XC,CC,D
09:45:03,ICBP,RG,8725,1,D,PD,IF,D
09:44:12,ICBP,RG,8725,1,F,AK,IF,D
09:44:12,ICBP,RG,8725,1,D,NI,IF,D
09:43:48,ICBP,RG,8725,1,F,AK,IF,D
09:43:48,ICBP,RG,8725,2,D,NI,IF,D
09:43:34,ICBP,RG,8725,1,F,AK,IF,D
09:43:33,ICBP,RG,8725,2,D,CC,IF,D
09:41:15,ICBP,RG,8725,19,F,AK,IF,D
09:40:40,ICBP,RG,8700,4,D,XC,XC,D
09:40:30,ICBP,RG,8725,24,F,AK,IF,D
09:40:09,ICBP,RG,8700,1,D,XC,CC,D
09:40:09,ICBP,RG,8700,2,D,DR,CC,D
09:40:09,ICBP,RG,8700,1,D,NI,CC,D
09:40:09,ICBP,RG,8700,1,D,PD,CC,D
09:40:09,ICBP,RG,8700,1,D,PD,CC,D
09:39:29,ICBP,RG,8725,10,D,PD,IF,D
09:38:41,ICBP,RG,8700,1,D,PD,IF,D
09:38:12,ICBP,RG,8700,3,D,PD,PD,D
09:38:05,ICBP,RG,8700,2,D,PD,AZ,D
09:38:05,ICBP,RG,8700,2,D,XC,AZ,D
09:37:34,ICBP,RG,8700,1,D,XC,KK,D
09:37:13,ICBP,RG,8725,42,F,AK,IF,D
09:37:13,ICBP,RG,8725,174,F,YU,IF,D
09:37:13,ICBP,RG,8725,1,D,PD,IF,D
09:37:13,ICBP,RG,8725,21,F,BK,IF,D
09:37:13,ICBP,RG,8725,54,F,AK,IF,D
09:37:13,ICBP,RG,8725,100,F,AK,IF,D
09:37:06,ICBP,RG,8750,36,F,AK,CC,D
09:37:05,ICBP,RG,8750,85,D,PD,CC,D
09:36:44,ICBP,RG,8750,11,F,AK,CC,D
09:36:43,ICBP,RG,8725,25,F,AK,YP,D
09:36:17,ICBP,RG,8750,22,F,AK,CC,D
09:36:17,ICBP,RG,8725,51,F,AK,SQ,D
09:36:16,ICBP,RG,8750,1,F,AK,CC,D
09:36:16,ICBP,RG,8750,2,F,AK,KK,D
09:36:16,ICBP,RG,8750,2,D,YP,YP,D
09:36:15,ICBP,RG,8725,5,F,AK,CC,D
09:35:49,ICBP,RG,8750,2,F,AK,YP,D
09:35:49,ICBP,RG,8750,10,F,AK,NI,D
09:35:49,ICBP,RG,8725,2,F,AK,YP,D
09:35:49,ICBP,RG,8725,1,F,AK,XC,D
09:35:49,ICBP,RG,8725,1,F,AK,XC,D
09:35:49,ICBP,RG,8725,1,F,AK,SQ,D
09:35:49,ICBP,RG,8725,1,F,AK,SQ,D
09:35:49,ICBP,RG,8725,22,F,AK,CC,D
09:35:44,ICBP,RG,8725,36,F,AK,CC,D
09:35:44,ICBP,RG,8725,7,F,AK,IF,D
09:35:44,ICBP,RG,8725,100,D,YP,IF,D
09:34:57,ICBP,RG,8725,1,D,AT,IF,D
09:34:23,ICBP,RG,8725,1,F,AK,IF,D
09:34:23,ICBP,RG,8725,1,D,SQ,IF,D
09:33:34,ICBP,RG,8725,40,F,AK,IF,D
09:33:30,ICBP,RG,8725,1,F,AK,IF,D
09:33:28,ICBP,RG,8725,3,D,NI,IF,D
09:33:18,ICBP,RG,8700,9,D,XC,OD,D
09:33:18,ICBP,RG,8700,25,D,ZP,OD,D
09:33:18,ICBP,RG,8700,14,D,YP,OD,D
09:33:18,ICBP,RG,8700,1,D,CC,OD,D
09:33:18,ICBP,RG,8700,15,D,YP,OD,D
09:33:18,ICBP,RG,8700,10,D,YP,OD,D
09:33:18,ICBP,RG,8700,1,D,SQ,OD,D
09:33:18,ICBP,RG,8700,2,D,KK,OD,D
09:33:18,ICBP,RG,8700,10,D,YP,OD,D
09:33:18,ICBP,RG,8700,1,D,XC,OD,D
09:33:18,ICBP,RG,8700,2,D,CC,OD,D
09:33:12,ICBP,RG,8725,3,D,XL,IF,D
09:32:53,ICBP,RG,8725,98,F,AK,IF,D
09:32:52,ICBP,RG,8725,1,D,EP,IF,D
09:32:52,ICBP,RG,8725,4,F,AK,IF,D
09:32:52,ICBP,RG,8725,1,F,CC,IF,D
09:32:52,ICBP,RG,8725,192,F,YU,IF,D
09:32:52,ICBP,RG,8725,12,D,GR,IF,D
09:32:52,ICBP,RG,8725,3,D,SQ,IF,D
09:32:52,ICBP,RG,8725,2,D,NI,IF,D
09:32:52,ICBP,RG,8725,10,D,CC,IF,D
09:32:52,ICBP,RG,8725,1,D,ZP,IF,D
09:32:52,ICBP,RG,8725,12,D,YP,IF,D
09:32:52,ICBP,RG,8725,35,D,XL,IF,D
09:32:52,ICBP,RG,8725,1,D,NI,IF,D
09:32:52,ICBP,RG,8725,1,D,YP,IF,D
09:32:52,ICBP,RG,8725,2,D,LG,IF,D
09:32:52,ICBP,RG,8725,1,D,CC,IF,D
09:32:52,ICBP,RG,8725,1,D,EP,IF,D
09:32:52,ICBP,RG,8725,19,F,AK,IF,D
09:32:52,ICBP,RG,8725,10,D,YP,IF,D
09:32:52,ICBP,RG,8725,9,D,YP,IF,D
09:32:52,ICBP,RG,8725,2,D,CC,IF,D
09:32:52,ICBP,RG,8725,5,D,KK,IF,D
09:32:52,ICBP,RG,8725,60,D,IF,IF,D
09:32:52,ICBP,RG,8725,10,D,YB,IF,D
09:32:52,ICBP,RG,8725,2,D,KK,IF,D
09:32:52,ICBP,RG,8725,1,D,NI,IF,D
09:32:52,ICBP,RG,8725,200,D,YP,IF,D
09:32:52,ICBP,RG,8725,5,D,CC,IF,D
09:32:52,ICBP,RG,8725,1,D,XC,IF,D
09:32:52,ICBP,RG,8725,1,D,PD,IF,D
09:32:52,ICBP,RG,8725,3,D,PD,IF,D
09:32:52,ICBP,RG,8725,132,F,AK,IF,D
09:32:52,ICBP,RG,8725,6,F,AK,IF,D
09:31:53,ICBP,RG,8750,4,F,AK,CC,D
09:31:53,ICBP,RG,8725,10,F,AK,XL,D
09:31:43,ICBP,RG,8750,1,D,PD,CC,D
09:31:41,ICBP,RG,8750,1,F,AK,CC,D
09:31:40,ICBP,RG,8750,1,D,XL,CC,D
09:31:22,ICBP,RG,8750,1,D,LG,CC,D
09:30:12,ICBP,RG,8750,1,F,AK,CC,D
09:30:11,ICBP,RG,8725,1,F,AK,PD,D
09:29:35,ICBP,RG,8750,1,D,LG,CC,D
09:28:50,ICBP,RG,8750,3,F,AK,CC,D
09:28:50,ICBP,RG,8750,6,D,YP,CC,D
09:28:25,ICBP,RG,8750,12,F,AK,CC,D
09:28:25,ICBP,RG,8750,30,D,CC,CC,D
09:27:20,ICBP,RG,8750,1,F,AK,CC,D
09:27:19,ICBP,RG,8750,1,D,EP,CC,D
09:27:11,ICBP,RG,8750,1,D,EP,CC,D
09:27:09,ICBP,RG,8750,5,F,AK,CC,D
09:27:08,ICBP,RG,8750,10,D,DH,CC,D
09:26:56,ICBP,RG,8750,21,F,AK,CC,D
09:26:56,ICBP,RG,8725,50,F,AK,SQ,D
09:26:44,ICBP,RG,8750,1,D,XC,CC,D
09:26:41,ICBP,RG,8750,1,F,AK,CC,D
09:26:41,ICBP,RG,8725,1,F,AK,XL,D
09:26:38,ICBP,RG,8750,1,F,AK,CC,D
09:26:37,ICBP,RG,8750,3,D,CC,CC,D
09:26:33,ICBP,RG,8750,3,F,AK,CC,D
09:26:32,ICBP,RG,8750,7,D,YP,CC,D
09:26:20,ICBP,RG,8750,1,F,AK,CC,D
09:26:19,ICBP,RG,8750,2,D,CC,CC,D
09:26:15,ICBP,RG,8750,4,F,AK,CC,D
09:26:15,ICBP,RG,8750,10,D,DH,CC,D
09:26:04,ICBP,RG,8750,4,F,AK,CC,D
09:26:04,ICBP,RG,8725,8,F,AK,PD,D
09:25:58,ICBP,RG,8750,3,F,AK,CC,D
09:25:58,ICBP,RG,8725,8,F,AK,PD,D
09:25:07,ICBP,RG,8750,2,F,AK,CC,D
09:25:06,ICBP,RG,8725,5,F,AK,YP,D
09:24:49,ICBP,RG,8750,1,F,AK,CC,D
09:24:49,ICBP,RG,8750,1,D,KK,CC,D
09:24:40,ICBP,RG,8750,1,D,DH,CC,D
09:24:16,ICBP,RG,8750,1,F,AK,CC,D
09:24:15,ICBP,RG,8750,1,D,LG,CC,D
09:24:15,ICBP,RG,8750,4,F,AK,CC,D
09:23:55,ICBP,RG,8750,10,D,CC,CC,D
09:23:34,ICBP,RG,8750,35,F,AK,CC,D
09:23:19,ICBP,RG,8725,25,F,AK,YP,D
09:22:34,ICBP,RG,8725,5,F,AK,YP,D
09:22:29,ICBP,RG,8725,20,F,AK,YB,D
09:22:05,ICBP,RG,8725,30,F,AK,DR,D
09:21:44,ICBP,RG,8725,2,F,AK,XA,D
09:21:15,ICBP,RG,8750,139,F,AK,CC,D
09:21:00,ICBP,RG,8750,7,F,AK,CC,D
09:21:00,ICBP,RG,8750,1,F,AK,LG,D
09:20:48,ICBP,RG,8750,3,D,NI,LG,D
09:20:31,ICBP,RG,8725,40,F,AK,CC,D
09:19:58,ICBP,RG,8725,8,F,AK,CC,D
09:19:58,ICBP,RG,8725,1,D,DR,CC,D
09:19:58,ICBP,RG,8725,2,D,PD,CC,D
09:19:58,ICBP,RG,8725,5,D,SQ,CC,D
09:19:58,ICBP,RG,8725,5,D,YP,CC,D
09:19:58,ICBP,RG,8725,1,D,PD,CC,D
09:19:58,ICBP,RG,8725,1,D,SQ,CC,D
09:19:58,ICBP,RG,8725,1,D,CC,CC,D
09:19:58,ICBP,RG,8725,1,D,KK,CC,D
09:19:58,ICBP,RG,8725,25,F,AK,CC,D
09:19:22,ICBP,RG,8750,1,D,YP,LG,D
09:18:44,ICBP,RG,8750,1,D,XC,XL,D
09:18:41,ICBP,RG,8750,6,D,SQ,XL,D
09:18:41,ICBP,RG,8750,1,D,PD,XL,D
09:18:41,ICBP,RG,8750,2,F,CC,XL,D
09:18:41,ICBP,RG,8750,1,D,XC,XL,D
09:18:41,ICBP,RG,8750,10,D,CC,XL,D
09:18:07,ICBP,RG,8750,5,D,CC,YB,D
09:17:28,ICBP,RG,8750,35,D,CC,YP,D
09:17:28,ICBP,RG,8750,1,D,CC,XL,D
09:16:16,ICBP,RG,8750,4,D,PD,AK,F
09:16:16,ICBP,RG,8750,6,D,PD,XC,D
09:16:15,ICBP,RG,8750,5,D,YP,XC,D
09:15:40,ICBP,RG,8775,5,D,YB,LG,D
09:15:06,ICBP,RG,8750,13,F,AK,TP,D
09:15:06,ICBP,RG,8750,1,F,AK,DR,D
09:15:06,ICBP,RG,8750,1,F,AK,YP,D
09:15:06,ICBP,RG,8750,1,F,AK,MU,D
09:15:06,ICBP,RG,8750,1,F,AK,PD,D
09:15:06,ICBP,RG,8750,1,F,AK,XC,D
09:15:06,ICBP,RG,8750,10,F,AK,LG,D
09:15:06,ICBP,RG,8750,50,F,AK,SQ,D
09:15:06,ICBP,RG,8750,1,F,AK,AT,D
09:15:06,ICBP,RG,8750,2,F,AK,XL,D
09:15:06,ICBP,RG,8750,1,F,AK,YP,D
09:15:06,ICBP,RG,8750,3,F,AK,CC,D
09:15:06,ICBP,RG,8750,2,F,AK,LG,D
09:15:06,ICBP,RG,8750,34,F,AK,CC,D
09:13:52,ICBP,RG,8725,17,F,AK,YP,D
09:13:20,ICBP,RG,8725,2,F,AK,LG,D
09:13:14,ICBP,RG,8725,4,F,AK,PD,D
09:12:41,ICBP,RG,8725,1,F,AK,PD,D
09:12:30,ICBP,RG,8725,1,F,AK,SQ,D
09:12:21,ICBP,RG,8725,30,F,AK,PC,D
09:12:21,ICBP,RG,8725,44,F,AK,PC,D
09:12:21,ICBP,RG,8725,69,F,AK,PC,D
09:12:21,ICBP,RG,8725,1,D,CC,PC,D
09:12:21,ICBP,RG,8725,7,F,AK,PC,D
09:12:21,ICBP,RG,8725,1,F,AK,PC,D
09:12:21,ICBP,RG,8725,19,D,YP,PC,D
09:12:09,ICBP,RG,8750,1,D,XC,CC,D
09:11:53,ICBP,RG,8750,5,D,YU,CC,D
09:11:42,ICBP,RG,8750,2,D,YP,CC,D
09:11:41,ICBP,RG,8725,60,D,YP,OD,D
09:11:35,ICBP,RG,8750,1,D,PD,CC,D
09:11:22,ICBP,RG,8725,21,D,YP,XC,D
09:11:22,ICBP,RG,8725,10,D,YP,XC,D
09:11:22,ICBP,RG,8725,5,D,YP,XC,D
09:11:22,ICBP,RG,8725,1,D,SQ,XC,D
09:11:18,ICBP,RG,8750,2,D,YP,CC,D
09:10:59,ICBP,RG,8750,15,D,PD,CC,D
09:10:58,ICBP,RG,8725,2,D,AT,AZ,D
09:10:58,ICBP,RG,8725,31,D,DR,AZ,D
09:10:56,ICBP,RG,8725,9,D,DR,HP,D
09:10:56,ICBP,RG,8725,6,D,YP,HP,D
09:10:15,ICBP,RG,8750,1,D,PD,CC,D
09:09:44,ICBP,RG,8750,4,D,KK,CC,D
09:09:26,ICBP,RG,8725,1,D,YP,CC,D
09:09:26,ICBP,RG,8750,1,D,XC,CC,D
09:09:03,ICBP,RG,8725,1,D,YP,XC,D
09:09:00,ICBP,RG,8750,34,D,YP,CC,D
09:09:00,ICBP,RG,8750,1,D,YP,YP,D
09:08:18,ICBP,RG,8750,5,D,XL,YP,D
09:08:18,ICBP,RG,8750,1,D,XL,SQ,D
09:08:13,ICBP,RG,8750,4,D,XC,SQ,D
09:08:13,ICBP,RG,8750,1,D,PD,SQ,D
09:08:13,ICBP,RG,8750,1,D,KK,SQ,D
09:07:57,ICBP,RG,8750,1,D,KK,SQ,D
09:07:52,ICBP,RG,8750,1,D,KK,SQ,D
09:07:43,ICBP,RG,8750,1,D,CC,SQ,D
09:07:30,ICBP,RG,8750,1,D,CC,CS,F
09:07:11,ICBP,RG,8750,1,D,CP,SQ,D
09:07:04,ICBP,RG,8775,19,D,CC,LG,D
09:07:04,ICBP,RG,8750,1,D,CC,SQ,D
09:06:58,ICBP,RG,8750,1,D,KK,OD,D
09:06:43,ICBP,RG,8775,17,D,YU,LG,D
09:06:43,ICBP,RG,8725,3,D,YP,PD,D
09:06:43,ICBP,RG,8725,7,D,DR,PD,D
09:06:17,ICBP,RG,8725,4,D,DR,CC,D
09:06:09,ICBP,RG,8725,1,D,DR,XL,D
09:05:40,ICBP,RG,8725,1,D,DR,XC,D
09:05:35,ICBP,RG,8725,2,D,DR,XC,D
09:05:30,ICBP,RG,8750,1,D,KK,CS,F
09:05:17,ICBP,RG,8750,1,D,KK,CS,F
09:05:17,ICBP,RG,8750,1,F,AK,CS,F
09:05:15,ICBP,RG,8750,9,F,AK,PD,D
09:05:08,ICBP,RG,8750,34,F,AK,CS,F
09:05:08,ICBP,RG,8750,5,D,SQ,CS,F
09:05:08,ICBP,RG,8750,1,D,CC,CS,F
09:05:08,ICBP,RG,8750,15,D,CC,CS,F
09:05:08,ICBP,RG,8750,20,D,YP,CS,F
09:05:08,ICBP,RG,8750,18,F,AK,CS,F
09:05:08,ICBP,RG,8750,1,D,NI,CS,F
09:05:08,ICBP,RG,8750,11,D,GR,CS,F
09:05:06,ICBP,RG,8750,2,D,GR,XL,D
09:04:51,ICBP,RG,8750,5,D,GR,NI,D
09:04:50,ICBP,RG,8750,1,D,GR,YP,D
09:04:49,ICBP,RG,8750,25,D,GR,AK,F
09:04:42,ICBP,RG,8775,74,F,AK,LG,D
09:04:42,ICBP,RG,8775,35,F,AK,KK,D
09:04:42,ICBP,RG,8775,13,F,AK,CS,F
09:04:42,ICBP,RG,8775,2,F,AK,XL,D
09:04:42,ICBP,RG,8775,2,F,AK,XL,D
09:04:42,ICBP,RG,8775,50,F,AK,YP,D
09:04:42,ICBP,RG,8775,1,F,AK,PD,D
09:04:42,ICBP,RG,8775,50,F,AK,NI,D
09:04:42,ICBP,RG,8775,23,F,AK,GR,D
09:04:42,ICBP,RG,8775,100,F,AK,YP,D
09:04:42,ICBP,RG,8775,1,F,AK,YP,D
09:04:42,ICBP,RG,8775,10,F,AK,CP,D
09:04:42,ICBP,RG,8750,20,D,GR,DR,D
09:04:37,ICBP,RG,8750,1,D,GR,XL,D
09:04:21,ICBP,RG,8750,8,D,GR,PD,D
09:04:16,ICBP,RG,8775,6,D,BK,CP,D
09:04:14,ICBP,RG,8775,200,D,CC,CP,D
09:03:45,ICBP,RG,8775,26,F,AK,CP,D
09:03:32,ICBP,RG,8750,1,D,GR,XL,D
09:03:24,ICBP,RG,8775,1,D,NI,CP,D
09:03:22,ICBP,RG,8750,3,D,GR,AK,F
09:03:22,ICBP,RG,8750,13,D,GR,AK,F
09:03:21,ICBP,RG,8750,65,D,GR,PD,D
09:03:13,ICBP,RG,8750,14,D,GR,CS,F
09:03:13,ICBP,RG,8750,1,D,GR,BQ,D
09:03:13,ICBP,RG,8750,30,D,GR,CS,F
09:03:07,ICBP,RG,8750,12,F,AK,AK,F
09:03:07,ICBP,RG,8750,23,F,AK,CS,F
09:03:07,ICBP,RG,8750,17,D,BK,CS,F
09:03:07,ICBP,RG,8750,25,D,CC,CS,F
09:03:06,ICBP,RG,8750,175,D,CC,KK,D
09:03:00,ICBP,RG,8750,29,D,BK,YP,D
09:03:00,ICBP,RG,8750,6,D,LS,YP,D
09:02:59,ICBP,RG,8750,1,D,LS,CS,F
09:02:58,ICBP,RG,8750,4,D,LS,KK,D
09:02:55,ICBP,RG,8750,1,D,LS,CS,F
09:02:50,ICBP,RG,8750,2,D,LS,CS,F
09:02:50,ICBP,RG,8750,8,D,LS,AK,F
09:02:45,ICBP,RG,8725,2,D,DR,CS,F
09:02:42,ICBP,RG,8775,7,D,BK,CP,D
09:02:40,ICBP,RG,8725,2,D,DR,CS,F
09:02:37,ICBP,RG,8750,6,D,BK,CS,F
09:02:36,ICBP,RG,8725,5,D,DR,AK,D
09:02:36,ICBP,RG,8750,3,D,CC,AK,D
09:02:32,ICBP,RG,8750,15,D,CC,PD,D
09:02:32,ICBP,RG,8750,11,D,CC,NI,D
09:02:32,ICBP,RG,8750,35,D,CC,YP,D
09:02:32,ICBP,RG,8750,15,D,CC,YP,D
09:02:32,ICBP,RG,8750,5,D,CC,YP,D
09:02:32,ICBP,RG,8750,2,D,CC,YP,D
09:02:32,ICBP,RG,8750,1,D,CC,AK,D
09:02:32,ICBP,RG,8750,1,D,CC,AK,D
09:02:32,ICBP,RG,8750,10,D,CC,CS,F
09:02:32,ICBP,RG,8750,8,D,CC,YP,D
09:02:30,ICBP,RG,8725,1,D,DR,XC,D
09:02:21,ICBP,RG,8750,3,D,XL,YP,D
09:02:21,ICBP,RG,8750,2,D,XL,YP,D
09:02:19,ICBP,RG,8750,3,D,KK,YP,D
09:01:52,ICBP,RG,8750,3,D,PD,YP,D
09:01:51,ICBP,RG,8750,10,D,YP,YP,D
09:01:51,ICBP,RG,8725,4,D,DR,AK,D
09:01:50,ICBP,RG,8750,12,D,XL,YP,D
09:01:47,ICBP,RG,8750,10,D,YP,YP,D
09:01:47,ICBP,RG,8750,7,D,YP,YP,D
09:01:45,ICBP,RG,8750,2,D,GR,YP,D
09:01:45,ICBP,RG,8750,3,D,GR,YP,D
09:01:45,ICBP,RG,8750,1,D,GR,CC,D
09:01:45,ICBP,RG,8750,5,D,GR,NI,D
09:01:39,ICBP,RG,8750,1,D,YP,YP,D
09:01:39,ICBP,RG,8750,10,D,YP,YJ,D
09:01:13,ICBP,RG,8725,4,D,DR,AK,F
09:01:12,ICBP,RG,8725,6,D,DR,CS,F
09:01:12,ICBP,RG,8725,1,D,DR,EP,D
09:00:51,ICBP,RG,8700,1,D,CC,PD,D
09:00:22,ICBP,RG,8700,1,D,CC,CC,D
09:00:18,ICBP,RG,8700,3,D,CC,YP,D
09:00:14,ICBP,RG,8700,1,D,CC,AK,D
09:00:14,ICBP,RG,8700,2,D,CC,AK,D
09:00:14,ICBP,RG,8675,1,D,PD,AK,D
09:00:14,ICBP,RG,8675,1,D,PD,AK,D
09:00:14,ICBP,RG,8675,1,D,XC,AK,D
09:00:09,ICBP,RG,8700,5,D,YP,CS,F
09:00:07,ICBP,RG,8700,40,D,CC,CS,F
09:00:07,ICBP,RG,8700,2,D,CC,AK,D
09:00:07,ICBP,RG,8700,8,D,CC,XL,D
09:00:05,ICBP,RG,8700,3,D,PD,XL,D
09:00:04,ICBP,RG,8700,9,D,KK,XL,D
09:00:04,ICBP,RG,8700,1,D,KK,EP,D
09:00:04,ICBP,RG,8700,1,D,KK,PD,D
09:00:00,ICBP,RG,8700,1,D,EP,CC,D
08:59:00,ICBP,RG,8700,8,D,SQ,CC,D
08:59:00,ICBP,RG,8700,1,D,SQ,PD,D
08:59:00,ICBP,RG,8700,7,D,SQ,YP,D
08:59:00,ICBP,RG,8700,24,D,SQ,YP,D
08:59:00,ICBP,RG,8700,10,D,XL,YP,D
08:59:00,ICBP,RG,8700,8,D,XC,YP,D
08:59:00,ICBP,RG,8700,7,D,XC,KK,D
08:59:00,ICBP,RG,8700,61,D,CC,KK,D
08:59:00,ICBP,RG,8700,19,D,CC,KK,D
08:59:00,ICBP,RG,8700,5,D,TP,KK,D
08:59:00,ICBP,RG,8700,6,D,PD,KK,D
08:59:00,ICBP,RG,8700,1,D,PD,XC,D
08:59:00,ICBP,RG,8700,1,D,PD,PD,D
08:59:00,ICBP,RG,8700,12,D,PD,HP,D
08:59:00,ICBP,RG,8700,13,D,BK,HP,D
08:59:00,ICBP,RG,8700,1,D,BK,XC,D
08:59:00,ICBP,RG,8700,11,D,BK,KK,D
08:59:00,ICBP,RG,8700,4,F,AK,KK,D
08:59:00,ICBP,RG,8700,2,F,AK,PD,D
08:59:00,ICBP,RG,8700,1,F,AK,PD,D
08:59:00,ICBP,RG,8700,1,F,AK,PD,D
08:59:00,ICBP,RG,8700,1,F,AK,PD,D
08:59:00,ICBP,RG,8700,1,F,AK,PD,D
08:59:00,ICBP,RG,8700,6,F,AK,CS,F
08:59:00,ICBP,RG,8700,9,F,AK,CS,F
08:59:00,ICBP,RG,8700,22,F,AK,CS,F
08:59:00,ICBP,RG,8700,36,F,AK,CS,F
08:59:00,ICBP,RG,8700,3,F,AK,AK,D
08:59:00,ICBP,RG,8700,21,F,AK,AK,D
08:59:00,ICBP,RG,8700,2,F,AK,YP,D
