Time,Stock,Brd,Price,Qty,BT,BC,SC,ST
15:14:05,ICBP,RG,10400,1,D,DR,LG,D
15:11:11,ICBP,RG,10400,2,D,DR,LG,D
15:11:10,ICBP,RG,10400,1,D,YP,LG,D
15:10:29,ICBP,RG,10400,3,D,DR,LG,D
15:01:00,ICBP,RG,10400,45,D,GR,LG,D
15:00:00,ICBP,RG,10400,2,D,LG,LG,D
15:00:00,ICBP,RG,10400,3,D,YP,LG,D
15:00:00,ICBP,RG,10400,9,D,YP,LG,D
15:00:00,ICBP,RG,10400,13,F,CC,LG,D
15:00:00,ICBP,RG,10400,1,F,CC,YP,D
15:00:00,ICBP,RG,10400,111,F,CC,YP,D
15:00:00,ICBP,RG,10400,7,F,CC,XL,D
15:00:00,ICBP,RG,10400,100,F,CC,YP,D
15:00:00,ICBP,RG,10400,125,F,CC,LG,D
15:00:00,ICBP,RG,10400,2,F,CC,YP,D
15:00:00,ICBP,RG,10400,1,F,CC,PD,D
15:00:00,ICBP,RG,10400,15,F,CC,PD,D
15:00:00,ICBP,RG,10400,5,F,CC,AZ,D
15:00:00,ICBP,RG,10400,50,F,CC,PD,D
15:00:00,ICBP,RG,10400,5,F,CC,PD,D
15:00:00,ICBP,RG,10400,1,F,CC,DH,D
15:00:00,ICBP,RG,10400,1,F,CC,DH,D
15:00:00,ICBP,RG,10400,1,F,CC,PD,D
15:00:00,ICBP,RG,10400,1,F,CC,PD,D
15:00:00,ICBP,RG,10400,2,F,CC,HP,D
15:00:00,ICBP,RG,10400,1,F,CC,NI,D
15:00:00,ICBP,RG,10400,7,F,CC,CC,D
15:00:00,ICBP,RG,10400,1,F,CC,YP,D
15:00:00,ICBP,RG,10400,30,F,CC,PD,D
15:00:00,ICBP,RG,10400,3,F,CC,CC,D
15:00:00,ICBP,RG,10400,160,F,CC,BQ,D
15:00:00,ICBP,RG,10400,1,F,CC,PD,D
15:00:00,ICBP,RG,10400,32,F,CC,YB,D
15:00:00,ICBP,RG,10400,1,F,CC,NI,D
15:00:00,ICBP,RG,10400,100,F,CC,LG,D
15:00:00,ICBP,RG,10400,15,F,CC,ZP,D
15:00:00,ICBP,RG,10400,1,F,CC,YP,D
15:00:00,ICBP,RG,10400,194,F,CC,YU,F
15:00:00,ICBP,RG,10400,25,F,CC,AG,D
15:00:00,ICBP,RG,10400,1,F,CC,YP,D
15:00:00,ICBP,RG,10400,1,F,CC,NI,D
15:00:00,ICBP,RG,10400,5,F,CC,CC,D
15:00:00,ICBP,RG,10400,1,F,CC,DR,D
15:00:00,ICBP,RG,10400,1,F,CC,XC,D
15:00:00,ICBP,RG,10400,10,F,CC,YP,D
15:00:00,ICBP,RG,10400,20,F,CC,MG,D
15:00:00,ICBP,RG,10400,1,F,CC,DR,D
15:00:00,ICBP,RG,10400,20,F,CC,KK,D
15:00:00,ICBP,RG,10400,2,F,CC,CC,D
15:00:00,ICBP,RG,10400,5,F,CC,GR,D
15:00:00,ICBP,RG,10400,1,F,CC,NI,D
15:00:00,ICBP,RG,10400,37,F,CC,PD,D
15:00:00,ICBP,RG,10400,25,F,CC,CC,D
15:00:00,ICBP,RG,10400,1,F,CC,NI,D
15:00:00,ICBP,RG,10400,103,F,CC,YP,D
15:00:00,ICBP,RG,10400,2,F,CC,CC,D
15:00:00,ICBP,RG,10400,1,F,CC,CC,D
15:00:00,ICBP,RG,10400,25,F,CC,CC,D
15:00:00,ICBP,RG,10400,25,F,CC,YP,D
15:00:00,ICBP,RG,10400,5,F,CC,GR,D
15:00:00,ICBP,RG,10400,41,F,CC,MK,D
15:00:00,ICBP,RG,10400,10,F,CC,PD,D
15:00:00,ICBP,RG,10400,2,F,CC,GR,D
15:00:00,ICBP,RG,10400,1,F,CC,ES,D
15:00:00,ICBP,RG,10400,13,F,CC,CC,D
15:00:00,ICBP,RG,10400,306,F,CC,BK,F
15:00:00,ICBP,RG,10400,526,F,CC,BK,F
15:00:00,ICBP,RG,10400,504,F,CC,BK,F
15:00:00,ICBP,RG,10400,22,F,AK,BK,F
15:00:00,ICBP,RG,10400,10,F,AK,YP,D
15:00:00,ICBP,RG,10400,5,F,AK,GR,D
15:00:00,ICBP,RG,10400,5,F,AK,AI,D
15:00:00,ICBP,RG,10400,2,F,AK,DH,D
15:00:00,ICBP,RG,10400,1,F,AK,YP,D
15:00:00,ICBP,RG,10400,1,F,AK,NI,D
15:00:00,ICBP,RG,10400,88,F,AK,BK,F
15:00:00,ICBP,RG,10400,276,F,AK,BK,F
15:00:00,ICBP,RG,10400,251,D,PD,BK,F
15:00:00,ICBP,RG,10400,80,D,PD,ZP,D
15:00:00,ICBP,RG,10400,1,F,BK,ZP,D
15:00:00,ICBP,RG,10400,18,F,BK,ZP,D
15:00:00,ICBP,RG,10400,154,F,YU,ZP,D
15:00:00,ICBP,RG,10400,247,D,KZ,ZP,D
15:00:00,ICBP,RG,10400,10,D,KZ,GR,D
15:00:00,ICBP,RG,10400,50,D,KZ,AZ,D
15:00:00,ICBP,RG,10400,1,D,KZ,NI,D
15:00:00,ICBP,RG,10400,1,D,KZ,PD,D
15:00:00,ICBP,RG,10400,10,D,KZ,SQ,D
15:00:00,ICBP,RG,10400,10,D,KZ,CC,D
15:00:00,ICBP,RG,10400,1,D,KZ,YP,D
15:00:00,ICBP,RG,10400,2,D,KZ,DH,D
15:00:00,ICBP,RG,10400,1,D,KZ,XL,D
15:00:00,ICBP,RG,10400,1,D,KZ,NI,D
15:00:00,ICBP,RG,10400,1,D,KZ,NI,D
15:00:00,ICBP,RG,10400,250,D,KZ,FZ,D
15:00:00,ICBP,RG,10400,1,D,KZ,CC,D
15:00:00,ICBP,RG,10400,10,D,KZ,LG,D
15:00:00,ICBP,RG,10400,10,D,KZ,DH,D
15:00:00,ICBP,RG,10400,5,D,KZ,SQ,D
15:00:00,ICBP,RG,10400,13,D,KZ,YP,D
15:00:00,ICBP,RG,10400,2,D,KZ,ZP,D
15:00:00,ICBP,RG,10400,10,D,KZ,CC,D
15:00:00,ICBP,RG,10400,10,D,KZ,MG,D
15:00:00,ICBP,RG,10400,1,D,KZ,PD,D
15:00:00,ICBP,RG,10400,1,D,KZ,OD,D
15:00:00,ICBP,RG,10400,1,D,KZ,YP,D
15:00:00,ICBP,RG,10400,1,D,KZ,YP,D
15:00:00,ICBP,RG,10400,138,D,KZ,YU,F
15:00:00,ICBP,RG,10400,109,D,KZ,YU,F
15:00:00,ICBP,RG,10400,191,D,KZ,YU,F
15:00:00,ICBP,RG,10400,10,D,BB,YU,F
15:00:00,ICBP,RG,10400,91,F,AK,YU,F
15:00:00,ICBP,RG,10400,60,F,AK,YU,F
15:00:00,ICBP,RG,10400,81,F,AK,YU,F
15:00:00,ICBP,RG,10400,35,D,OD,YU,F
15:00:00,ICBP,RG,10400,389,D,OD,YU,F
15:00:00,ICBP,RG,10400,253,D,OD,YU,F
15:00:00,ICBP,RG,10400,113,D,OD,TP,F
15:00:00,ICBP,RG,10400,541,D,OD,BK,F
15:00:00,ICBP,RG,10400,100,D,OD,KZ,D
15:00:00,ICBP,RG,10400,11,D,OD,AG,F
15:00:00,ICBP,RG,10400,30,D,CC,AG,F
15:00:00,ICBP,RG,10400,78,D,RX,AG,F
15:00:00,ICBP,RG,10400,38,D,ZP,AG,F
15:00:00,ICBP,RG,10400,22,D,ZP,AK,F
15:00:00,ICBP,RG,10400,52,D,ZP,AK,F
15:00:00,ICBP,RG,10400,63,D,ZP,BQ,D
15:00:00,ICBP,RG,10400,4,D,ZP,DP,D
15:00:00,ICBP,RG,10400,10,D,ZP,ZP,D
15:00:00,ICBP,RG,10400,43,D,DR,ZP,D
15:00:00,ICBP,RG,10400,6,D,NI,ZP,D
15:00:00,ICBP,RG,10400,2,D,LG,ZP,D
14:49:51,ICBP,RG,10300,6,D,CC,YU,F
14:49:47,ICBP,RG,10325,1,F,AK,TP,F
14:49:46,ICBP,RG,10300,3,D,CC,YU,F
14:49:46,ICBP,RG,10300,2,D,CC,YU,F
14:49:46,ICBP,RG,10300,4,D,XL,YU,F
14:49:45,ICBP,RG,10300,2,D,XL,CC,D
14:49:45,ICBP,RG,10300,1,D,XL,YU,F
14:49:45,ICBP,RG,10300,1,D,KK,YU,F
14:49:45,ICBP,RG,10300,2,D,KK,YU,F
14:49:45,ICBP,RG,10300,9,D,YP,YU,F
14:49:43,ICBP,RG,10325,59,F,CC,TP,F
14:49:43,ICBP,RG,10325,1,F,AK,TP,F
14:49:43,ICBP,RG,10325,1,D,KK,TP,F
14:49:43,ICBP,RG,10325,1,D,CC,TP,F
14:49:43,ICBP,RG,10325,5,D,PD,TP,F
14:49:43,ICBP,RG,10325,20,D,OD,TP,F
14:49:43,ICBP,RG,10325,2,D,YB,TP,F
14:49:43,ICBP,RG,10325,10,D,KI,TP,F
14:49:43,ICBP,RG,10325,1,D,YP,TP,F
14:49:43,ICBP,RG,10325,6,D,XL,TP,F
14:49:43,ICBP,RG,10325,8,D,KK,TP,F
14:49:43,ICBP,RG,10325,10,D,AZ,TP,F
14:49:43,ICBP,RG,10325,1,D,YP,TP,F
14:49:43,ICBP,RG,10325,10,D,CC,TP,F
14:49:43,ICBP,RG,10325,5,D,YP,TP,F
14:49:43,ICBP,RG,10325,11,D,YP,TP,F
14:49:43,ICBP,RG,10325,226,F,BK,TP,F
14:49:23,ICBP,RG,10325,10,F,BK,YU,F
14:49:22,ICBP,RG,10350,1,D,BB,TP,F
14:49:21,ICBP,RG,10350,5,D,YP,TP,F
14:49:19,ICBP,RG,10350,1,D,BB,TP,F
14:49:13,ICBP,RG,10325,1,F,BK,YU,F
14:49:13,ICBP,RG,10325,9,D,YP,YU,F
14:49:11,ICBP,RG,10350,1,F,AK,TP,F
14:49:11,ICBP,RG,10350,1,F,AK,TP,F
14:49:10,ICBP,RG,10375,8,F,CC,ES,D
14:49:10,ICBP,RG,10350,1,D,YP,AK,F
14:49:10,ICBP,RG,10350,2,D,YP,AK,F
14:49:10,ICBP,RG,10350,1,D,YP,AK,F
14:49:10,ICBP,RG,10350,3,D,XC,AK,F
14:49:10,ICBP,RG,10350,1,F,AK,AK,F
14:49:10,ICBP,RG,10350,1,F,AK,AK,F
14:49:10,ICBP,RG,10350,5,D,NI,AK,F
14:49:10,ICBP,RG,10350,1,F,AK,AK,F
14:49:10,ICBP,RG,10350,20,D,PD,AK,F
14:49:10,ICBP,RG,10350,2,F,AK,AK,F
14:49:10,ICBP,RG,10350,16,F,CC,AK,F
14:49:10,ICBP,RG,10350,85,D,BB,AK,F
14:49:09,ICBP,RG,10350,10,D,BB,YU,F
14:49:07,ICBP,RG,10350,6,D,BB,YU,F
14:49:05,ICBP,RG,10350,11,D,BB,YU,F
14:49:04,ICBP,RG,10375,91,D,LG,ES,D
14:49:04,ICBP,RG,10375,38,D,LG,II,D
14:49:04,ICBP,RG,10375,17,D,LG,II,D
14:49:04,ICBP,RG,10375,3,D,LG,NI,D
14:49:04,ICBP,RG,10375,25,D,LG,PD,D
14:49:04,ICBP,RG,10375,2,D,LG,CC,D
14:49:04,ICBP,RG,10375,1,D,LG,LG,D
14:49:04,ICBP,RG,10375,27,D,LG,GR,D
14:49:04,ICBP,RG,10375,39,D,LG,DR,D
14:49:04,ICBP,RG,10350,5,D,LG,AK,D
14:49:04,ICBP,RG,10350,6,D,LG,AK,D
14:49:01,ICBP,RG,10375,1,D,AK,DR,D
14:49:01,ICBP,RG,10375,1,F,YU,DR,D
14:48:59,ICBP,RG,10375,13,D,AK,DR,D
14:48:59,ICBP,RG,10375,14,D,AK,DR,D
14:48:59,ICBP,RG,10375,9,D,AK,DR,D
14:48:59,ICBP,RG,10350,1,D,LG,AK,D
14:48:59,ICBP,RG,10375,1,F,AK,DR,D
14:48:59,ICBP,RG,10375,1,F,AK,DR,D
14:48:59,ICBP,RG,10375,1,F,AK,DR,D
14:48:58,ICBP,RG,10375,8,F,CC,DR,D
14:48:55,ICBP,RG,10350,2,D,LG,AK,D
14:48:55,ICBP,RG,10375,32,F,AK,DR,D
14:48:54,ICBP,RG,10375,8,F,CC,DR,D
14:48:52,ICBP,RG,10350,5,D,LG,YP,D
14:48:50,ICBP,RG,10350,3,D,LG,XC,D
14:48:49,ICBP,RG,10375,8,F,CC,DR,D
14:48:45,ICBP,RG,10375,8,F,CC,DR,D
14:48:41,ICBP,RG,10375,6,D,AK,DR,D
14:48:41,ICBP,RG,10375,21,D,AK,ZP,D
14:48:41,ICBP,RG,10375,18,D,AK,DH,D
14:48:40,ICBP,RG,10375,8,F,CC,DX,D
14:48:36,ICBP,RG,10375,8,F,CC,DX,D
14:48:33,ICBP,RG,10350,9,D,LG,AK,D
14:48:33,ICBP,RG,10375,5,D,NI,DX,D
14:48:31,ICBP,RG,10375,8,F,CC,DX,D
14:48:27,ICBP,RG,10375,8,F,CC,DX,D
14:48:23,ICBP,RG,10375,8,F,CC,DX,D
14:48:20,ICBP,RG,10350,240,D,LG,AK,F
14:48:20,ICBP,RG,10350,10,D,LG,YP,D
14:48:19,ICBP,RG,10375,8,F,CC,DX,D
14:48:15,ICBP,RG,10375,8,F,CC,DX,D
14:48:14,ICBP,RG,10350,240,D,LG,AK,F
14:48:13,ICBP,RG,10375,18,F,AK,DX,D
14:48:11,ICBP,RG,10375,8,F,CC,DX,D
14:48:07,ICBP,RG,10375,8,F,CC,DX,D
14:48:05,ICBP,RG,10350,20,D,LG,ZP,D
14:48:03,ICBP,RG,10375,8,F,CC,DX,D
14:47:59,ICBP,RG,10375,8,F,CC,DX,D
14:47:58,ICBP,RG,10375,1,D,TP,DX,D
14:47:57,ICBP,RG,10375,8,F,CC,DX,D
14:47:54,ICBP,RG,10375,8,F,CC,DX,D
14:47:51,ICBP,RG,10350,25,D,LG,CC,D
14:47:51,ICBP,RG,10375,10,F,CC,DX,D
14:47:50,ICBP,RG,10375,150,D,LG,DX,D
14:47:48,ICBP,RG,10375,10,F,CC,DX,D
14:47:44,ICBP,RG,10375,10,F,CC,DX,D
14:47:41,ICBP,RG,10375,10,F,CC,DX,D
14:47:37,ICBP,RG,10375,10,F,CC,DX,D
14:47:34,ICBP,RG,10375,10,F,CC,DX,D
14:47:31,ICBP,RG,10350,36,D,LG,YU,F
14:47:30,ICBP,RG,10350,38,D,LG,YP,D
14:47:28,ICBP,RG,10350,12,D,BB,YP,D
14:47:28,ICBP,RG,10375,13,F,CC,DX,D
14:47:25,ICBP,RG,10350,4,D,BB,YU,F
14:47:25,ICBP,RG,10350,5,D,AK,YU,F
14:47:21,ICBP,RG,10350,10,D,AK,YU,F
14:47:21,ICBP,RG,10350,9,D,AK,YU,F
14:47:18,ICBP,RG,10350,18,D,AK,YP,D
14:47:18,ICBP,RG,10350,2,D,BB,YP,D
14:47:17,ICBP,RG,10350,3,F,AK,BK,F
14:47:17,ICBP,RG,10350,5,F,CC,BK,F
14:47:17,ICBP,RG,10350,1,D,PD,BK,F
14:47:17,ICBP,RG,10350,4,F,YU,BK,F
14:47:17,ICBP,RG,10350,2,F,AK,BK,F
14:47:17,ICBP,RG,10350,3,F,AK,BK,F
14:47:17,ICBP,RG,10350,1,D,SQ,BK,F
14:47:17,ICBP,RG,10350,3,D,YP,BK,F
14:47:17,ICBP,RG,10350,329,D,BB,BK,F
14:47:17,ICBP,RG,10350,13,F,YU,BK,F
14:47:17,ICBP,RG,10350,1,D,KK,BK,F
14:47:17,ICBP,RG,10350,1,D,XC,BK,F
14:47:17,ICBP,RG,10350,5,F,AK,BK,F
14:47:17,ICBP,RG,10350,5,F,AK,BK,F
14:47:17,ICBP,RG,10350,2,D,XC,BK,F
14:47:17,ICBP,RG,10350,2,F,YU,BK,F
14:47:17,ICBP,RG,10350,5,D,YP,BK,F
14:47:17,ICBP,RG,10350,1,D,DR,BK,F
14:47:17,ICBP,RG,10350,10,D,CC,BK,F
14:47:17,ICBP,RG,10350,1,D,YP,BK,F
14:47:17,ICBP,RG,10350,2,D,PD,BK,F
14:47:17,ICBP,RG,10350,5,D,AZ,BK,F
14:47:17,ICBP,RG,10350,5,D,XL,BK,F
14:47:17,ICBP,RG,10350,2,D,PD,BK,F
14:47:17,ICBP,RG,10350,1,D,YP,BK,F
14:47:17,ICBP,RG,10350,10,D,YP,BK,F
14:47:17,ICBP,RG,10350,5,D,XC,BK,F
14:47:17,ICBP,RG,10350,1,D,PD,BK,F
14:47:17,ICBP,RG,10350,5,D,YP,BK,F
14:47:17,ICBP,RG,10350,2,D,XA,BK,F
14:47:17,ICBP,RG,10350,1,D,XC,BK,F
14:47:17,ICBP,RG,10350,22,F,CC,BK,F
14:47:17,ICBP,RG,10350,4,F,AK,BK,F
14:47:17,ICBP,RG,10350,6,F,AK,BK,F
14:47:17,ICBP,RG,10350,6,F,AK,BK,F
14:47:17,ICBP,RG,10350,17,F,AK,BK,F
14:47:17,ICBP,RG,10350,3,F,CC,BK,F
14:47:17,ICBP,RG,10350,11,F,YU,BK,F
14:47:17,ICBP,RG,10350,5,F,YU,BK,F
14:47:17,ICBP,RG,10350,15,D,AK,BK,F
14:47:17,ICBP,RG,10350,51,D,AK,BK,F
14:47:17,ICBP,RG,10350,8,F,AK,BK,F
14:47:16,ICBP,RG,10375,149,F,AK,DX,D
14:47:16,ICBP,RG,10375,19,F,AK,CS,D
14:47:15,ICBP,RG,10375,3,F,CC,CS,D
14:47:15,ICBP,RG,10375,6,F,CC,AK,D
14:47:15,ICBP,RG,10375,2,F,CC,CC,D
14:47:15,ICBP,RG,10375,1,F,CC,DR,D
14:47:13,ICBP,RG,10350,4,F,AK,CS,D
14:47:13,ICBP,RG,10350,4,D,BB,CS,D
14:47:09,ICBP,RG,10375,14,F,CC,BK,F
14:47:07,ICBP,RG,10375,5,D,YP,BK,F
14:47:05,ICBP,RG,10375,14,F,CC,BK,F
14:47:03,ICBP,RG,10350,6,D,BB,CS,D
14:47:01,ICBP,RG,10375,5,D,CS,BK,F
14:47:00,ICBP,RG,10375,15,F,CC,BK,F
14:46:56,ICBP,RG,10375,15,F,CC,BK,F
14:46:54,ICBP,RG,10350,10,D,BB,PD,D
14:46:52,ICBP,RG,10350,5,D,BB,CS,D
14:46:48,ICBP,RG,10375,37,D,AK,BK,F
14:46:47,ICBP,RG,10375,17,F,CC,BK,F
14:46:46,ICBP,RG,10375,3,D,CS,BK,F
14:46:43,ICBP,RG,10375,15,D,CC,BK,F
14:46:43,ICBP,RG,10375,4,D,CS,BK,F
14:46:42,ICBP,RG,10350,6,D,BB,CS,D
14:46:42,ICBP,RG,10350,20,D,BB,PD,D
14:46:42,ICBP,RG,10375,17,F,CC,BK,F
14:46:40,ICBP,RG,10350,3,D,BB,AR,D
14:46:39,ICBP,RG,10375,1,D,CS,BK,F
14:46:38,ICBP,RG,10375,1,D,CS,BK,F
14:46:38,ICBP,RG,10375,2,D,CS,BK,F
14:46:37,ICBP,RG,10375,1,D,CS,BK,F
14:46:36,ICBP,RG,10375,17,F,CC,BK,F
14:46:35,ICBP,RG,10375,1,D,CS,BK,F
14:46:35,ICBP,RG,10375,8,D,CS,BK,F
14:46:35,ICBP,RG,10375,2,D,CS,BK,F
14:46:35,ICBP,RG,10375,3,D,CS,BK,F
14:46:35,ICBP,RG,10375,3,D,CS,BK,F
14:46:35,ICBP,RG,10375,21,D,BB,BK,F
14:46:35,ICBP,RG,10375,1,D,CS,BK,F
14:46:35,ICBP,RG,10375,1,D,CS,BK,F
14:46:35,ICBP,RG,10375,1,D,CS,SQ,D
14:46:34,ICBP,RG,10375,2,D,CS,SQ,D
14:46:33,ICBP,RG,10375,9,D,CS,SQ,D
14:46:32,ICBP,RG,10350,10,D,BB,CS,D
14:46:32,ICBP,RG,10375,1,D,CS,SQ,D
14:46:30,ICBP,RG,10375,1,D,CS,SQ,D
14:46:29,ICBP,RG,10375,1,D,CS,SQ,D
14:46:29,ICBP,RG,10375,1,D,CS,SQ,D
14:46:29,ICBP,RG,10375,3,D,CS,SQ,D
14:46:29,ICBP,RG,10375,6,D,CS,SQ,D
14:46:28,ICBP,RG,10375,3,D,CS,SQ,D
14:46:28,ICBP,RG,10375,3,D,CS,SQ,D
14:46:27,ICBP,RG,10375,2,D,CS,SQ,D
14:46:27,ICBP,RG,10375,2,D,CS,SQ,D
14:46:26,ICBP,RG,10375,21,F,CC,SQ,D
14:46:25,ICBP,RG,10375,8,D,CS,SQ,D
14:46:24,ICBP,RG,10375,6,D,CS,SQ,D
14:46:23,ICBP,RG,10375,1,D,CS,SQ,D
14:46:20,ICBP,RG,10375,22,F,CC,SQ,D
14:46:18,ICBP,RG,10375,5,D,CS,SQ,D
14:46:17,ICBP,RG,10375,2,D,CS,SQ,D
14:46:17,ICBP,RG,10350,7,D,BB,TP,F
14:46:17,ICBP,RG,10350,1,D,XC,TP,F
14:46:17,ICBP,RG,10350,8,F,AK,TP,F
14:46:17,ICBP,RG,10350,8,F,AK,TP,F
14:46:17,ICBP,RG,10350,5,D,LS,TP,F
14:46:17,ICBP,RG,10350,1,D,CS,TP,F
14:46:17,ICBP,RG,10350,470,D,BB,TP,F
14:46:15,ICBP,RG,10375,4,D,CS,PD,D
14:46:15,ICBP,RG,10375,2,D,CS,PD,D
14:46:15,ICBP,RG,10375,2,D,CS,PD,D
14:46:15,ICBP,RG,10375,1,D,CS,PD,D
14:46:15,ICBP,RG,10375,3,F,AK,PD,D
14:46:15,ICBP,RG,10375,11,D,CS,PD,D
14:46:14,ICBP,RG,10375,2,D,CS,PD,D
14:46:13,ICBP,RG,10375,13,D,CS,PD,D
14:46:13,ICBP,RG,10375,12,D,AK,PD,D
14:46:13,ICBP,RG,10375,1,D,AK,PD,D
14:46:13,ICBP,RG,10375,33,D,AK,BK,D
14:46:13,ICBP,RG,10375,6,D,AK,AK,D
14:46:13,ICBP,RG,10375,1,D,AK,YP,D
14:46:13,ICBP,RG,10375,1,D,AK,NI,D
14:46:13,ICBP,RG,10375,2,D,AK,AZ,D
14:46:13,ICBP,RG,10375,20,F,CC,AZ,D
14:46:13,ICBP,RG,10350,11,D,BB,CS,D
14:46:12,ICBP,RG,10375,1,D,CS,AZ,D
14:46:10,ICBP,RG,10375,2,D,CS,AZ,D
14:46:09,ICBP,RG,10375,1,D,CS,AZ,D
14:46:09,ICBP,RG,10375,4,D,CS,AZ,D
14:46:09,ICBP,RG,10375,2,D,CS,AZ,D
14:46:08,ICBP,RG,10375,4,D,CS,AZ,D
14:46:08,ICBP,RG,10375,2,D,CS,AZ,D
14:46:07,ICBP,RG,10375,20,F,CC,AZ,D
14:46:02,ICBP,RG,10375,6,F,BK,AZ,D
14:46:00,ICBP,RG,10375,2,D,CS,AZ,D
14:46:00,ICBP,RG,10375,3,D,CS,AZ,D
14:46:00,ICBP,RG,10375,1,D,CS,AZ,D
14:46:00,ICBP,RG,10375,8,D,CS,AZ,D
14:46:00,ICBP,RG,10375,11,D,CS,AZ,D
14:46:00,ICBP,RG,10375,1,D,CS,AZ,D
14:46:00,ICBP,RG,10350,32,D,BB,BK,D
14:45:59,ICBP,RG,10375,3,D,CS,AZ,D
14:45:58,ICBP,RG,10375,2,D,CS,AZ,D
14:45:58,ICBP,RG,10375,4,D,CS,AZ,D
14:45:56,ICBP,RG,10350,8,D,BB,BK,D
14:45:53,ICBP,RG,10350,17,D,BB,CS,D
14:45:50,ICBP,RG,10350,10,D,BB,BK,D
14:45:49,ICBP,RG,10375,24,F,CC,AZ,D
14:45:49,ICBP,RG,10375,3,D,CS,AZ,D
14:45:49,ICBP,RG,10375,3,D,CS,AZ,D
14:45:48,ICBP,RG,10375,2,D,CS,AZ,D
14:45:48,ICBP,RG,10375,3,D,CS,AZ,D
14:45:47,ICBP,RG,10375,7,D,CS,AZ,D
14:45:45,ICBP,RG,10375,11,D,CS,AZ,D
14:45:44,ICBP,RG,10375,2,D,CS,AZ,D
14:45:43,ICBP,RG,10375,1,D,CS,AZ,D
14:45:43,ICBP,RG,10375,13,D,CS,AZ,D
14:45:41,ICBP,RG,10375,1,D,XC,AZ,D
14:45:40,ICBP,RG,10375,3,D,CS,AZ,D
14:45:38,ICBP,RG,10375,1,D,CS,AZ,D
14:45:37,ICBP,RG,10350,8,D,BB,BK,D
14:45:36,ICBP,RG,10375,24,F,CC,AZ,D
14:45:35,ICBP,RG,10375,3,D,CS,AZ,D
14:45:35,ICBP,RG,10350,33,D,BB,AK,D
14:45:34,ICBP,RG,10375,5,D,XC,AZ,D
14:45:32,ICBP,RG,10350,8,D,BB,BK,D
14:45:31,ICBP,RG,10375,49,D,AK,AZ,D
14:45:30,ICBP,RG,10375,1,D,CS,AZ,D
14:45:28,ICBP,RG,10350,40,D,BB,PD,D
14:45:28,ICBP,RG,10375,7,D,CS,AZ,D
14:45:25,ICBP,RG,10375,1,D,CS,AZ,D
14:45:25,ICBP,RG,10375,5,D,CS,AZ,D
14:45:25,ICBP,RG,10375,1,D,CS,AZ,D
14:45:24,ICBP,RG,10375,1,D,CS,AZ,D
14:45:24,ICBP,RG,10375,10,D,CS,AZ,D
14:45:23,ICBP,RG,10375,24,F,CC,AZ,D
14:45:23,ICBP,RG,10375,9,D,CS,AZ,D
14:45:23,ICBP,RG,10375,10,D,CS,AZ,D
14:45:22,ICBP,RG,10375,1,D,CS,AZ,D
14:45:22,ICBP,RG,10350,22,D,BB,CS,D
14:45:20,ICBP,RG,10375,2,D,CS,AZ,D
14:45:19,ICBP,RG,10375,2,D,CS,AZ,D
14:45:18,ICBP,RG,10375,1,D,CS,AZ,D
14:45:18,ICBP,RG,10375,2,D,CS,AZ,D
14:45:18,ICBP,RG,10375,2,D,CS,AZ,D
14:45:17,ICBP,RG,10375,4,D,CS,AZ,D
14:45:15,ICBP,RG,10375,1,D,CS,AZ,D
14:45:15,ICBP,RG,10375,2,D,CS,AZ,D
14:45:06,ICBP,RG,10350,232,D,BB,LG,D
14:45:04,ICBP,RG,10375,12,D,CS,AZ,D
14:45:04,ICBP,RG,10375,8,D,CS,AZ,D
14:45:00,ICBP,RG,10375,28,F,CC,AZ,D
14:44:59,ICBP,RG,10375,7,D,CS,AZ,D
14:44:58,ICBP,RG,10375,4,D,CS,AZ,D
14:44:56,ICBP,RG,10350,2,D,BB,DP,D
14:44:56,ICBP,RG,10375,6,D,CS,AZ,D
14:44:55,ICBP,RG,10350,2,D,BB,PD,D
14:44:53,ICBP,RG,10375,29,F,CC,AZ,D
14:44:53,ICBP,RG,10375,44,D,AK,AZ,D
14:44:52,ICBP,RG,10375,16,D,CS,AZ,D
14:44:50,ICBP,RG,10375,1,D,CS,AZ,D
14:44:47,ICBP,RG,10375,29,F,CC,AZ,D
14:44:42,ICBP,RG,10350,2,D,BB,DP,D
14:44:40,ICBP,RG,10350,1,D,BB,DP,D
14:44:39,ICBP,RG,10375,2,D,CS,AZ,D
14:44:36,ICBP,RG,10350,1,D,BB,YU,D
14:44:35,ICBP,RG,10350,112,D,BB,CC,D
14:44:35,ICBP,RG,10350,23,D,BB,CS,D
14:44:35,ICBP,RG,10375,3,D,CS,AZ,D
14:44:35,ICBP,RG,10375,1,D,CS,AZ,D
14:44:35,ICBP,RG,10375,14,D,CS,AZ,D
14:44:35,ICBP,RG,10375,3,D,CS,AZ,D
14:44:35,ICBP,RG,10375,32,D,YU,AZ,D
14:44:35,ICBP,RG,10375,10,D,CS,AZ,D
14:44:35,ICBP,RG,10350,1,D,BB,YU,D
14:44:34,ICBP,RG,10375,9,D,YU,AZ,D
14:44:34,ICBP,RG,10375,3,D,CC,AZ,D
14:44:34,ICBP,RG,10375,35,F,CC,AZ,D
14:44:32,ICBP,RG,10350,1,D,BB,YU,D
14:44:32,ICBP,RG,10375,1,D,XL,AZ,D
14:44:31,ICBP,RG,10375,1,D,CS,AZ,D
14:44:29,ICBP,RG,10375,40,D,NI,AZ,D
14:44:27,ICBP,RG,10375,10,D,CS,AZ,D
14:44:27,ICBP,RG,10375,5,D,CS,AZ,D
14:44:26,ICBP,RG,10375,35,F,CC,AZ,D
14:44:23,ICBP,RG,10375,21,D,CS,AZ,D
14:44:21,ICBP,RG,10350,3,D,BB,DP,D
14:44:20,ICBP,RG,10375,4,D,EP,AZ,D
14:44:18,ICBP,RG,10375,7,D,CC,AZ,D
14:44:18,ICBP,RG,10375,35,F,CC,AZ,D
14:44:17,ICBP,RG,10375,2,D,PD,AZ,D
14:44:14,ICBP,RG,10375,64,D,AK,AZ,D
14:44:13,ICBP,RG,10375,3,D,YB,AZ,D
14:44:13,ICBP,RG,10375,7,D,CS,AZ,D
14:44:08,ICBP,RG,10375,44,F,CC,AZ,D
14:44:04,ICBP,RG,10375,1,D,PD,AZ,D
14:44:02,ICBP,RG,10375,21,D,CS,AZ,D
14:44:01,ICBP,RG,10375,30,D,PD,AZ,D
14:44:01,ICBP,RG,10375,3,D,CS,AZ,D
14:43:59,ICBP,RG,10375,2,D,CS,AZ,D
14:43:56,ICBP,RG,10375,44,F,CC,AZ,D
14:43:56,ICBP,RG,10375,4,D,YP,AZ,D
14:43:55,ICBP,RG,10375,1,D,YP,AZ,D
14:43:55,ICBP,RG,10375,13,D,CS,AZ,D
14:43:54,ICBP,RG,10375,5,D,XL,AZ,D
14:43:53,ICBP,RG,10375,5,D,YP,AZ,D
14:43:53,ICBP,RG,10375,4,D,CS,AZ,D
14:43:48,ICBP,RG,10375,7,D,CS,AZ,D
14:43:47,ICBP,RG,10375,1,D,CS,AZ,D
14:43:47,ICBP,RG,10375,4,D,CS,AZ,D
14:43:46,ICBP,RG,10375,11,D,CS,AZ,D
14:43:43,ICBP,RG,10350,30,D,BB,CS,D
14:43:43,ICBP,RG,10375,28,D,CS,AZ,D
14:43:42,ICBP,RG,10375,1,D,CS,AZ,D
14:43:42,ICBP,RG,10375,5,D,KK,AZ,D
14:43:40,ICBP,RG,10375,5,D,SQ,AZ,D
14:43:39,ICBP,RG,10375,5,D,YP,AZ,D
14:43:38,ICBP,RG,10375,45,F,CC,AZ,D
14:43:36,ICBP,RG,10375,1,D,XC,AZ,D
14:43:30,ICBP,RG,10375,5,D,LG,AZ,D
14:43:29,ICBP,RG,10375,10,D,YP,AZ,D
14:43:28,ICBP,RG,10375,5,D,YP,AZ,D
14:43:28,ICBP,RG,10375,4,D,DH,AZ,D
14:43:26,ICBP,RG,10375,1,D,YP,AZ,D
14:43:24,ICBP,RG,10375,56,D,AK,AZ,D
14:43:23,ICBP,RG,10375,3,D,XC,AZ,D
14:43:11,ICBP,RG,10375,25,D,CS,AZ,D
14:43:10,ICBP,RG,10375,3,D,CS,AZ,D
14:43:08,ICBP,RG,10350,12,D,BB,CC,D
14:43:06,ICBP,RG,10375,15,D,CS,AZ,D
14:43:00,ICBP,RG,10375,2,D,CS,AZ,D
14:42:59,ICBP,RG,10375,5,D,CS,AZ,D
14:42:58,ICBP,RG,10375,56,F,CC,AZ,D
14:42:56,ICBP,RG,10375,8,D,CS,AZ,D
14:42:54,ICBP,RG,10375,14,D,CS,AZ,D
14:42:52,ICBP,RG,10375,33,D,CS,AZ,D
14:42:43,ICBP,RG,10375,1,D,CS,AZ,D
14:42:43,ICBP,RG,10375,5,D,CS,AZ,D
14:42:42,ICBP,RG,10375,343,D,BB,AZ,D
14:42:41,ICBP,RG,10375,18,D,AK,AZ,D
14:42:41,ICBP,RG,10375,6,D,AK,YU,F
14:42:41,ICBP,RG,10375,29,D,AK,LG,D
14:42:40,ICBP,RG,10350,5,D,BB,AR,D
14:42:33,ICBP,RG,10375,35,D,BB,LG,D
14:42:29,ICBP,RG,10375,36,F,BK,LG,D
14:42:29,ICBP,RG,10375,5,F,BK,KK,F
14:42:29,ICBP,RG,10375,290,F,BK,BK,F
14:42:29,ICBP,RG,10375,1,F,BK,YP,D
14:42:29,ICBP,RG,10375,49,F,BK,PD,D
14:42:29,ICBP,RG,10375,1,F,BK,FS,D
14:42:29,ICBP,RG,10375,1,F,BK,AR,D
14:42:29,ICBP,RG,10375,9,F,BK,YU,F
14:42:29,ICBP,RG,10375,10,F,BK,YU,F
14:42:29,ICBP,RG,10375,51,F,BK,BK,D
14:42:29,ICBP,RG,10375,10,F,BK,YU,F
14:42:29,ICBP,RG,10375,49,F,BK,CC,D
14:42:29,ICBP,RG,10375,1,F,BK,YP,D
14:42:29,ICBP,RG,10375,11,F,BK,XC,D
14:42:27,ICBP,RG,10350,7,D,BB,DH,D
14:42:24,ICBP,RG,10350,161,D,BB,BK,F
14:42:24,ICBP,RG,10350,8,F,AK,BK,F
14:42:24,ICBP,RG,10350,5,F,AK,BK,F
14:42:24,ICBP,RG,10350,11,F,AK,BK,F
14:42:24,ICBP,RG,10350,17,F,AK,BK,F
14:42:24,ICBP,RG,10350,9,F,AK,BK,F
14:42:24,ICBP,RG,10350,6,F,AK,BK,F
14:42:24,ICBP,RG,10350,5,F,AK,BK,F
14:42:24,ICBP,RG,10350,36,F,AK,BK,F
14:42:24,ICBP,RG,10350,13,F,AK,BK,F
14:42:24,ICBP,RG,10350,9,F,YU,BK,F
14:42:24,ICBP,RG,10350,150,D,YP,BK,F
14:42:24,ICBP,RG,10350,70,F,CC,BK,F
14:42:17,ICBP,RG,10350,3,F,CC,YU,F
14:42:17,ICBP,RG,10350,1,F,BK,YU,F
14:42:17,ICBP,RG,10350,1,F,BK,YU,F
14:42:17,ICBP,RG,10350,4,D,CS,YU,F
14:42:15,ICBP,RG,10375,9,F,AK,XC,D
14:42:15,ICBP,RG,10375,5,F,AK,XC,D
14:42:15,ICBP,RG,10375,1,F,AK,KK,D
14:42:15,ICBP,RG,10375,3,F,AK,TP,F
14:42:06,ICBP,RG,10350,10,D,CS,YU,F
14:42:06,ICBP,RG,10350,5,D,CS,YU,F
14:42:06,ICBP,RG,10350,2,F,YU,YU,F
14:42:06,ICBP,RG,10350,7,D,CS,YU,F
14:42:06,ICBP,RG,10350,32,F,AK,YU,F
14:42:06,ICBP,RG,10350,18,F,AK,YU,F
14:42:00,ICBP,RG,10375,5,D,CS,TP,F
14:42:00,ICBP,RG,10375,5,D,CS,TP,F
14:42:00,ICBP,RG,10375,43,D,FS,TP,F
14:41:59,ICBP,RG,10350,28,F,AK,YU,F
14:41:59,ICBP,RG,10375,50,D,AK,TP,F
14:41:58,ICBP,RG,10375,1,D,KK,TP,F
14:41:56,ICBP,RG,10375,15,D,CS,TP,F
14:41:56,ICBP,RG,10375,64,F,CC,TP,F
14:41:55,ICBP,RG,10350,5,F,AK,DP,D
14:41:47,ICBP,RG,10375,3,D,CS,TP,F
14:41:46,ICBP,RG,10350,14,F,AK,YU,F
14:41:41,ICBP,RG,10375,22,D,CS,TP,F
14:41:41,ICBP,RG,10375,2,D,YP,TP,F
14:41:39,ICBP,RG,10350,8,F,AK,YU,F
14:41:39,ICBP,RG,10350,19,D,BB,YU,F
14:41:36,ICBP,RG,10375,37,D,OD,TP,F
14:41:36,ICBP,RG,10375,20,D,OD,CC,F
14:41:36,ICBP,RG,10375,5,D,OD,CC,D
14:41:36,ICBP,RG,10375,12,D,OD,PD,D
14:41:36,ICBP,RG,10375,1,D,OD,YP,D
14:41:36,ICBP,RG,10375,1,D,OD,KK,D
14:41:36,ICBP,RG,10375,1,D,OD,YP,D
14:41:36,ICBP,RG,10375,34,D,OD,CS,D
14:41:36,ICBP,RG,10375,1,D,OD,KK,D
14:41:36,ICBP,RG,10375,40,D,OD,EP,D
14:41:36,ICBP,RG,10375,7,D,OD,AK,D
14:41:36,ICBP,RG,10375,100,D,OD,SQ,D
14:41:36,ICBP,RG,10375,85,D,OD,BK,D
14:41:36,ICBP,RG,10375,20,D,OD,AK,D
14:41:35,ICBP,RG,10375,2,D,CS,BK,F
14:41:35,ICBP,RG,10375,3,D,CS,BK,F
14:41:35,ICBP,RG,10375,150,D,LG,BK,F
14:41:30,ICBP,RG,10375,8,D,CS,BK,F
14:41:29,ICBP,RG,10375,62,F,CC,BK,F
14:41:26,ICBP,RG,10350,31,D,BB,AK,D
14:41:25,ICBP,RG,10350,1,D,BB,AK,F
14:41:24,ICBP,RG,10375,7,D,CS,BK,F
14:41:24,ICBP,RG,10375,1,D,CS,BK,F
14:41:18,ICBP,RG,10375,5,D,YP,BK,F
14:41:17,ICBP,RG,10375,1,D,CS,BK,F
14:41:16,ICBP,RG,10375,70,D,AK,BK,F
14:41:04,ICBP,RG,10375,35,F,CC,BK,F
14:41:04,ICBP,RG,10375,5,F,CC,OD,D
14:41:04,ICBP,RG,10375,5,F,CC,KK,D
14:41:04,ICBP,RG,10375,2,F,CC,CC,D
14:41:04,ICBP,RG,10375,1,F,CC,CC,D
14:41:04,ICBP,RG,10375,4,F,CC,NI,D
14:41:04,ICBP,RG,10375,10,F,CC,CC,D
14:41:02,ICBP,RG,10375,4,D,CS,CC,D
14:41:01,ICBP,RG,10375,28,D,CS,CC,D
14:41:01,ICBP,RG,10350,12,D,BB,YU,F
14:40:50,ICBP,RG,10350,16,D,BB,YU,F
14:40:50,ICBP,RG,10350,2,D,CS,YU,F
14:40:50,ICBP,RG,10350,2,D,CS,YU,F
14:40:50,ICBP,RG,10350,2,D,CS,YU,F
14:40:50,ICBP,RG,10350,12,D,CS,YU,F
14:40:50,ICBP,RG,10350,1,D,CS,YU,F
14:40:50,ICBP,RG,10350,2,D,CS,YU,F
14:40:50,ICBP,RG,10350,2,D,CS,YU,F
14:40:50,ICBP,RG,10350,5,D,CS,YU,F
14:40:50,ICBP,RG,10350,19,D,CS,YU,F
14:40:40,ICBP,RG,10375,6,D,YU,CC,D
14:40:39,ICBP,RG,10375,7,D,CS,CC,D
14:40:33,ICBP,RG,10375,10,D,YU,CC,D
14:40:33,ICBP,RG,10375,6,D,YU,KK,D
14:40:33,ICBP,RG,10375,17,D,YU,DR,D
14:40:33,ICBP,RG,10375,1,D,YU,CC,D
14:40:33,ICBP,RG,10350,11,D,CS,YU,F
14:40:33,ICBP,RG,10350,6,D,CS,YU,F
14:40:33,ICBP,RG,10350,3,D,CS,YU,F
14:40:33,ICBP,RG,10350,1,D,CS,YU,F
14:40:33,ICBP,RG,10350,9,D,CS,YU,F
14:40:33,ICBP,RG,10375,1,D,CS,CC,D
14:40:33,ICBP,RG,10375,7,D,CS,PD,D
14:40:29,ICBP,RG,10375,8,D,LG,PD,D
14:40:29,ICBP,RG,10375,3,D,LG,CC,D
14:40:29,ICBP,RG,10375,9,D,LG,CS,D
14:40:27,ICBP,RG,10375,2,D,CS,CS,D
14:40:26,ICBP,RG,10375,1,D,NI,CS,D
14:40:26,ICBP,RG,10375,12,D,CS,CS,D
14:40:23,ICBP,RG,10375,1,D,CS,CS,D
14:40:23,ICBP,RG,10375,3,D,CS,CS,D
14:40:22,ICBP,RG,10375,21,F,CC,CS,D
14:40:22,ICBP,RG,10375,1,F,CC,CC,D
14:40:22,ICBP,RG,10375,1,F,CC,PD,D
14:40:22,ICBP,RG,10375,10,F,CC,LG,D
14:40:22,ICBP,RG,10375,2,F,CC,DX,D
14:40:22,ICBP,RG,10375,1,F,CC,YU,D
14:40:22,ICBP,RG,10375,8,F,CC,XC,D
14:40:22,ICBP,RG,10375,1,F,CC,KK,D
14:40:22,ICBP,RG,10375,6,F,CC,YU,F
14:40:22,ICBP,RG,10375,1,F,CC,LS,D
14:40:22,ICBP,RG,10375,23,F,CC,YP,D
14:40:20,ICBP,RG,10375,63,D,AK,YP,D
14:40:19,ICBP,RG,10350,2,D,CS,YU,F
14:40:19,ICBP,RG,10350,9,D,CS,YU,F
14:40:19,ICBP,RG,10350,1,D,CS,YU,F
14:40:19,ICBP,RG,10350,2,D,CS,YU,F
14:40:19,ICBP,RG,10350,2,D,CS,YU,F
14:40:19,ICBP,RG,10350,12,D,CS,YU,F
14:40:19,ICBP,RG,10350,8,D,LG,YU,F
14:40:09,ICBP,RG,10375,14,D,CS,YP,D
14:40:09,ICBP,RG,10375,13,D,CS,DP,D
14:40:08,ICBP,RG,10375,5,D,PD,DP,D
14:40:08,ICBP,RG,10375,4,D,PD,AR,D
14:40:07,ICBP,RG,10350,28,D,LG,YU,F
14:40:06,ICBP,RG,10375,1,F,YU,AR,D
14:39:55,ICBP,RG,10375,6,D,CS,YU,F
14:39:55,ICBP,RG,10375,16,D,CS,TP,F
14:39:53,ICBP,RG,10375,75,F,CC,TP,F
14:39:52,ICBP,RG,10350,5,D,LG,DP,D
14:39:52,ICBP,RG,10375,4,D,CS,TP,F
14:39:50,ICBP,RG,10375,10,D,CC,TP,F
14:39:41,ICBP,RG,10375,141,D,YP,TP,F
14:39:39,ICBP,RG,10375,4,D,CS,TP,F
14:39:39,ICBP,RG,10375,1,D,CS,XC,D
14:39:39,ICBP,RG,10375,7,D,CS,LG,D
14:39:38,ICBP,RG,10375,8,D,CS,LG,D
14:39:35,ICBP,RG,10375,13,D,CS,LG,D
14:39:31,ICBP,RG,10375,57,D,AK,LG,D
14:39:29,ICBP,RG,10375,7,D,CS,LG,D
14:39:21,ICBP,RG,10375,3,D,CS,LG,D
14:39:09,ICBP,RG,10375,4,D,CS,LG,D
14:39:09,ICBP,RG,10375,27,D,CS,LG,D
14:39:05,ICBP,RG,10375,92,F,CC,LG,D
14:39:04,ICBP,RG,10375,2,D,CS,LG,D
14:39:01,ICBP,RG,10375,1,D,CS,LG,D
14:38:56,ICBP,RG,10375,1,D,CS,LG,D
14:38:53,ICBP,RG,10375,5,D,CS,LG,D
14:38:53,ICBP,RG,10375,20,D,CS,BK,D
14:38:46,ICBP,RG,10350,1,D,LG,AK,F
14:38:46,ICBP,RG,10375,61,D,AK,BK,D
14:38:38,ICBP,RG,10375,4,D,CS,BK,D
14:38:38,ICBP,RG,10375,1,D,CS,BK,D
14:38:38,ICBP,RG,10375,10,D,CS,CC,D
14:38:37,ICBP,RG,10375,8,F,BK,CC,D
14:38:33,ICBP,RG,10375,13,D,CS,CC,D
14:38:31,ICBP,RG,10375,8,D,CS,CC,D
14:38:30,ICBP,RG,10375,14,F,AK,CC,D
14:38:30,ICBP,RG,10375,4,F,AK,YP,D
14:38:28,ICBP,RG,10375,6,D,CS,YP,D
14:38:28,ICBP,RG,10375,1,D,CS,PD,D
14:38:10,ICBP,RG,10375,3,D,CS,PD,D
14:38:10,ICBP,RG,10375,46,D,BB,PD,D
14:38:10,ICBP,RG,10375,60,D,BB,AK,F
14:38:10,ICBP,RG,10375,12,D,BB,YU,F
14:38:10,ICBP,RG,10375,10,D,BB,YP,D
14:38:10,ICBP,RG,10375,1,D,BB,XL,D
14:38:10,ICBP,RG,10375,2,D,BB,KK,D
14:38:10,ICBP,RG,10375,2,D,BB,XC,D
14:38:10,ICBP,RG,10375,1,D,BB,KK,D
14:38:10,ICBP,RG,10375,23,D,BB,YU,F
14:38:10,ICBP,RG,10375,50,D,BB,YP,D
14:38:10,ICBP,RG,10375,1,D,BB,PD,D
14:38:10,ICBP,RG,10375,8,D,BB,AK,D
14:38:10,ICBP,RG,10375,40,D,BB,CS,D
14:38:10,ICBP,RG,10375,6,D,BB,YU,F
14:38:10,ICBP,RG,10375,10,D,BB,TP,D
14:38:10,ICBP,RG,10375,1,D,BB,XC,D
14:38:10,ICBP,RG,10375,7,D,BB,DH,D
14:38:10,ICBP,RG,10375,15,D,BB,AK,F
14:38:10,ICBP,RG,10375,7,D,BB,AK,D
14:38:10,ICBP,RG,10375,1,D,BB,GR,D
14:38:10,ICBP,RG,10375,17,D,BB,YU,F
14:38:10,ICBP,RG,10375,287,D,BB,BK,F
14:38:08,ICBP,RG,10375,31,D,CS,BK,F
14:38:06,ICBP,RG,10350,5,D,LG,OK,D
14:38:04,ICBP,RG,10375,35,D,BB,BK,F
14:38:01,ICBP,RG,10375,89,F,CC,BK,F
14:37:57,ICBP,RG,10375,4,D,CS,BK,F
14:37:50,ICBP,RG,10375,1,D,CS,BK,F
14:37:45,ICBP,RG,10375,26,F,AK,BK,F
14:37:44,ICBP,RG,10375,2,D,CS,BK,F
14:37:43,ICBP,RG,10375,26,D,CS,BK,F
14:37:36,ICBP,RG,10375,13,D,CS,BK,F
14:37:32,ICBP,RG,10350,47,D,LG,CS,D
14:37:32,ICBP,RG,10375,16,D,CS,BK,F
14:37:29,ICBP,RG,10375,10,D,CS,BK,F
14:37:27,ICBP,RG,10375,8,D,CS,BK,F
14:37:26,ICBP,RG,10375,5,D,CS,BK,F
14:37:13,ICBP,RG,10375,1,F,YU,BK,F
14:37:10,ICBP,RG,10375,10,D,LG,BK,F
14:37:07,ICBP,RG,10375,3,D,CS,BK,F
14:36:59,ICBP,RG,10375,33,D,CS,BK,F
14:36:52,ICBP,RG,10375,241,D,OD,BK,F
14:36:46,ICBP,RG,10350,40,D,LG,AK,D
14:36:46,ICBP,RG,10375,4,D,CS,BK,F
14:36:37,ICBP,RG,10375,2,D,YP,BK,F
14:36:37,ICBP,RG,10375,3,D,YP,XC,D
14:36:37,ICBP,RG,10375,6,D,YP,PD,D
14:36:37,ICBP,RG,10375,83,D,YP,BK,D
14:36:37,ICBP,RG,10375,1,D,YP,IF,D
14:36:37,ICBP,RG,10375,100,D,YP,AI,D
14:36:37,ICBP,RG,10375,5,D,YP,GR,D
14:36:37,ICBP,RG,10375,1,D,YP,AZ,D
14:36:37,ICBP,RG,10375,3,D,YP,PD,D
14:36:37,ICBP,RG,10375,10,D,YP,BK,D
14:36:37,ICBP,RG,10375,14,D,YP,CC,D
14:36:37,ICBP,RG,10375,1,D,CS,CC,D
14:36:29,ICBP,RG,10375,27,D,CS,CC,D
14:36:26,ICBP,RG,10375,1,D,CS,CC,D
14:36:24,ICBP,RG,10375,15,D,CS,CC,D
14:36:23,ICBP,RG,10350,10,D,LG,BK,D
14:36:23,ICBP,RG,10375,2,D,CS,CC,D
14:36:20,ICBP,RG,10375,2,D,CS,CC,D
14:36:20,ICBP,RG,10375,1,D,CS,DH,D
14:36:20,ICBP,RG,10375,10,D,CS,CP,D
14:36:20,ICBP,RG,10375,3,D,CS,PD,D
14:36:17,ICBP,RG,10375,9,D,CS,PD,D
14:36:10,ICBP,RG,10350,8,D,LG,BK,D
14:35:54,ICBP,RG,10350,35,D,LG,YU,F
14:35:53,ICBP,RG,10350,8,D,LG,BK,D
14:35:51,ICBP,RG,10350,10,D,LG,YU,F
14:35:49,ICBP,RG,10375,2,D,SQ,PD,D
14:35:46,ICBP,RG,10375,16,F,CC,PD,D
14:35:46,ICBP,RG,10375,14,F,CC,KK,D
14:35:46,ICBP,RG,10375,10,F,CC,IF,D
14:35:46,ICBP,RG,10375,2,F,CC,YP,D
14:35:46,ICBP,RG,10375,1,F,CC,PD,D
14:35:46,ICBP,RG,10375,5,F,CC,GR,D
14:35:46,ICBP,RG,10375,1,F,CC,YP,D
14:35:46,ICBP,RG,10375,3,F,CC,PD,D
14:35:46,ICBP,RG,10375,40,F,CC,KK,D
14:35:46,ICBP,RG,10375,14,F,CC,YB,D
14:35:35,ICBP,RG,10375,4,D,CS,YB,D
14:35:31,ICBP,RG,10375,32,D,YP,YB,D
14:35:31,ICBP,RG,10375,76,D,YP,ZP,D
14:35:31,ICBP,RG,10375,4,D,CS,ZP,D
14:35:30,ICBP,RG,10350,10,D,LG,DH,D
14:35:27,ICBP,RG,10375,481,D,TP,ZP,D
14:35:17,ICBP,RG,10375,5,D,PD,ZP,D
14:35:17,ICBP,RG,10375,1,D,CS,ZP,D
14:35:13,ICBP,RG,10375,30,D,MK,ZP,D
14:35:10,ICBP,RG,10375,29,D,CS,ZP,D
14:35:06,ICBP,RG,10375,14,D,CS,ZP,D
14:35:06,ICBP,RG,10375,10,D,CS,ZP,D
14:35:06,ICBP,RG,10375,6,D,CS,ZP,D
14:35:05,ICBP,RG,10375,6,D,PD,ZP,D
14:35:04,ICBP,RG,10375,10,D,CS,ZP,D
14:34:34,ICBP,RG,10375,105,F,CC,ZP,D
14:34:28,ICBP,RG,10350,1,D,LG,KK,D
14:34:21,ICBP,RG,10375,1,F,YU,ZP,D
14:34:15,ICBP,RG,10375,5,F,AK,ZP,D
14:34:07,ICBP,RG,10350,2,D,LG,DX,D
14:34:02,ICBP,RG,10350,1,D,LG,AK,F
14:34:01,ICBP,RG,10375,217,D,OD,ZP,D
14:34:01,ICBP,RG,10375,24,D,OD,PD,D
14:34:00,ICBP,RG,10350,54,D,LG,YU,F
14:33:54,ICBP,RG,10375,4,D,CS,PD,D
14:33:52,ICBP,RG,10375,5,D,KK,PD,D
14:33:51,ICBP,RG,10375,5,D,KK,PD,D
14:33:50,ICBP,RG,10375,5,D,KK,PD,D
14:33:49,ICBP,RG,10375,5,D,KK,PD,D
14:33:48,ICBP,RG,10350,27,D,LG,YU,F
14:33:48,ICBP,RG,10350,3,D,CS,YU,F
14:33:48,ICBP,RG,10350,4,D,CS,YU,F
14:33:48,ICBP,RG,10350,5,D,CS,YU,F
14:33:48,ICBP,RG,10350,11,D,CS,YU,F
14:33:48,ICBP,RG,10350,4,D,CS,YU,F
14:33:46,ICBP,RG,10375,2,D,CS,PD,D
14:33:46,ICBP,RG,10375,3,D,CS,YP,D
14:33:44,ICBP,RG,10350,20,D,CS,YU,F
14:33:44,ICBP,RG,10350,17,D,CS,YU,F
14:33:44,ICBP,RG,10350,12,D,CS,YU,F
14:33:44,ICBP,RG,10375,5,D,CS,YP,D
14:33:43,ICBP,RG,10375,5,D,KK,YP,D
14:33:43,ICBP,RG,10375,5,D,KK,YP,D
14:33:41,ICBP,RG,10375,5,D,KK,YP,D
14:33:39,ICBP,RG,10375,4,D,KK,YP,D
14:33:39,ICBP,RG,10375,1,D,KK,YP,D
14:33:39,ICBP,RG,10375,1,D,KK,XL,D
14:33:39,ICBP,RG,10375,2,D,KK,YJ,D
14:33:39,ICBP,RG,10375,2,D,KK,YP,D
14:33:38,ICBP,RG,10375,1,D,KK,SQ,D
14:33:38,ICBP,RG,10375,4,D,KK,DR,D
14:33:37,ICBP,RG,10375,5,D,KK,DR,D
14:33:36,ICBP,RG,10375,1,D,CS,DR,D
14:33:36,ICBP,RG,10375,8,D,CS,TP,D
14:33:36,ICBP,RG,10375,2,D,CS,TP,D
14:33:36,ICBP,RG,10375,2,D,CS,NI,D
14:33:36,ICBP,RG,10375,6,D,CS,YU,D
14:33:36,ICBP,RG,10375,1,D,CS,NI,D
14:33:36,ICBP,RG,10375,1,D,CS,SQ,D
14:33:36,ICBP,RG,10375,21,D,CS,KK,D
14:33:35,ICBP,RG,10375,5,D,KK,KK,D
14:33:35,ICBP,RG,10375,17,D,CS,KK,D
14:33:35,ICBP,RG,10375,5,D,CS,KK,D
14:33:35,ICBP,RG,10375,1,D,CS,PD,D
14:33:35,ICBP,RG,10375,1,D,CS,GR,D
14:33:35,ICBP,RG,10375,1,D,CS,KK,D
14:33:35,ICBP,RG,10375,3,D,CS,PD,D
14:33:35,ICBP,RG,10375,5,D,CS,YP,D
14:33:35,ICBP,RG,10375,11,D,CS,YP,D
14:33:34,ICBP,RG,10375,15,D,CS,YP,D
14:33:33,ICBP,RG,10375,10,D,CS,YP,D
14:33:33,ICBP,RG,10375,5,D,KK,YP,D
14:33:33,ICBP,RG,10375,5,D,KK,YP,D
14:33:33,ICBP,RG,10375,5,D,KK,YP,D
14:33:32,ICBP,RG,10375,5,D,KK,YP,D
14:33:32,ICBP,RG,10375,44,D,BB,YP,D
14:33:32,ICBP,RG,10375,1,D,BB,YP,D
14:33:32,ICBP,RG,10375,5,D,BB,YP,D
14:33:32,ICBP,RG,10375,206,D,BB,YP,D
14:33:31,ICBP,RG,10375,12,D,BB,YP,D
14:33:30,ICBP,RG,10375,6,F,AK,YP,D
14:32:55,ICBP,RG,10375,132,F,CC,YP,D
14:32:50,ICBP,RG,10350,1,D,CS,DR,D
14:32:50,ICBP,RG,10350,1,D,CS,DR,D
14:32:50,ICBP,RG,10350,3,D,BB,DR,D
14:32:50,ICBP,RG,10350,1,D,CS,DR,D
14:32:50,ICBP,RG,10350,1,D,CS,DR,D
14:32:50,ICBP,RG,10350,1,D,CS,DR,D
14:32:50,ICBP,RG,10350,1,D,CS,DR,D
14:32:50,ICBP,RG,10350,3,D,YU,DR,D
14:32:50,ICBP,RG,10350,16,D,YU,DR,D
14:32:50,ICBP,RG,10350,2,D,OD,DR,D
14:32:50,ICBP,RG,10350,108,D,BB,DR,D
14:32:34,ICBP,RG,10375,3,D,XL,YP,D
14:32:26,ICBP,RG,10350,5,D,BB,SQ,D
14:32:26,ICBP,RG,10350,1,D,BB,AR,D
14:32:18,ICBP,RG,10350,5,D,BB,TP,D
14:32:13,ICBP,RG,10375,132,F,CC,YP,D
14:32:12,ICBP,RG,10375,5,D,YP,YP,D
14:32:03,ICBP,RG,10375,4,D,KK,YP,D
14:32:03,ICBP,RG,10375,2,D,KK,YP,D
14:32:03,ICBP,RG,10375,4,D,KK,ES,D
14:32:03,ICBP,RG,10375,21,D,LS,ES,D
14:32:03,ICBP,RG,10375,1,D,LS,YP,D
14:32:03,ICBP,RG,10375,10,D,LS,YP,D
14:32:03,ICBP,RG,10375,1,D,LS,PD,D
14:32:03,ICBP,RG,10375,1,D,LS,NI,D
14:32:03,ICBP,RG,10375,1,D,LS,YP,D
14:32:03,ICBP,RG,10375,1,D,LS,YP,D
14:32:03,ICBP,RG,10375,2,D,LS,XC,D
14:32:03,ICBP,RG,10375,5,D,LS,XL,D
14:32:03,ICBP,RG,10375,1,D,LS,YP,D
14:32:03,ICBP,RG,10375,3,D,LS,YP,D
14:32:03,ICBP,RG,10375,1,D,LS,PD,D
14:32:03,ICBP,RG,10375,2,D,LS,PD,D
14:32:03,ICBP,RG,10375,5,D,LS,PD,D
14:32:03,ICBP,RG,10375,1,D,PD,DH,D
14:32:03,ICBP,RG,10375,1,D,PD,PD,D
14:32:03,ICBP,RG,10375,10,D,PD,DR,D
14:32:03,ICBP,RG,10375,2,D,PD,HP,D
14:32:03,ICBP,RG,10375,46,D,PD,EP,D
14:32:03,ICBP,RG,10375,1,D,CS,EP,D
14:32:03,ICBP,RG,10375,2,D,CS,EP,D
14:32:03,ICBP,RG,10375,1,D,CS,EP,D
14:32:03,ICBP,RG,10375,1,D,CS,PG,D
14:32:03,ICBP,RG,10375,1,D,CS,PG,D
14:32:03,ICBP,RG,10375,2,D,CS,PG,D
14:32:03,ICBP,RG,10375,1,D,CS,PG,D
14:32:03,ICBP,RG,10350,29,D,BB,XC,D
14:32:03,ICBP,RG,10350,14,D,BB,AK,D
14:32:03,ICBP,RG,10350,1,D,BB,DH,D
14:32:03,ICBP,RG,10350,15,D,BB,ID,D
14:32:03,ICBP,RG,10350,38,D,BB,CS,D
14:32:03,ICBP,RG,10350,1,D,BB,XC,D
14:32:03,ICBP,RG,10350,10,D,BB,HP,D
14:32:03,ICBP,RG,10350,20,D,BB,NI,D
14:32:03,ICBP,RG,10350,1,D,BB,YU,D
14:32:03,ICBP,RG,10350,10,D,BB,PD,D
14:32:03,ICBP,RG,10350,36,D,BB,BK,D
14:32:03,ICBP,RG,10350,29,D,BB,TP,F
14:32:00,ICBP,RG,10350,25,D,SQ,TP,F
14:31:57,ICBP,RG,10350,1,D,CS,TP,F
14:31:57,ICBP,RG,10350,10,D,CS,TP,F
14:31:57,ICBP,RG,10350,5,D,CS,TP,F
14:31:57,ICBP,RG,10350,4,D,CS,TP,F
14:31:57,ICBP,RG,10350,6,D,CS,TP,F
14:31:57,ICBP,RG,10350,4,D,CS,TP,F
14:31:57,ICBP,RG,10350,13,D,CS,TP,F
14:31:57,ICBP,RG,10350,2,D,CS,TP,F
14:31:57,ICBP,RG,10350,151,D,LG,TP,F
14:31:57,ICBP,RG,10350,10,D,LG,PD,D
14:31:57,ICBP,RG,10350,14,D,LG,AK,F
14:31:57,ICBP,RG,10350,10,D,LG,LG,D
14:31:57,ICBP,RG,10350,1,D,LG,DR,D
14:31:57,ICBP,RG,10350,1,D,LG,KK,D
14:31:57,ICBP,RG,10350,1,D,LG,YP,D
14:31:57,ICBP,RG,10350,1,D,LG,YU,D
14:31:57,ICBP,RG,10350,51,D,LG,CC,D
14:31:57,ICBP,RG,10350,1,D,LG,DR,D
14:31:57,ICBP,RG,10350,30,D,LG,CS,D
14:31:57,ICBP,RG,10350,1,D,LG,EL,D
14:31:57,ICBP,RG,10350,5,D,LG,KK,D
14:31:57,ICBP,RG,10350,2,D,LG,CC,D
14:31:57,ICBP,RG,10350,10,D,LG,CC,D
14:31:57,ICBP,RG,10350,50,D,LG,PD,D
14:31:57,ICBP,RG,10350,5,D,LG,KK,D
14:31:57,ICBP,RG,10350,5,D,LG,YU,D
14:31:57,ICBP,RG,10350,50,D,LG,AG,D
14:31:57,ICBP,RG,10350,1,D,LG,YP,D
14:31:57,ICBP,RG,10350,59,D,LG,BK,D
14:31:57,ICBP,RG,10350,8,D,LG,AK,D
14:31:57,ICBP,RG,10350,10,D,LG,NI,D
14:31:57,ICBP,RG,10350,8,D,LG,AK,D
14:31:57,ICBP,RG,10350,1,D,LG,YP,D
14:31:57,ICBP,RG,10350,1,D,LG,XC,D
14:31:57,ICBP,RG,10350,5,D,LG,XC,D
14:31:57,ICBP,RG,10350,200,D,LG,IF,F
14:31:57,ICBP,RG,10350,16,D,LG,DX,D
14:31:57,ICBP,RG,10350,1,D,LG,KK,D
14:31:57,ICBP,RG,10350,4,D,LG,CC,D
14:31:57,ICBP,RG,10350,1,D,LG,LS,D
14:31:57,ICBP,RG,10350,1,D,LG,YP,D
14:31:57,ICBP,RG,10350,9,D,LG,BK,D
14:31:57,ICBP,RG,10350,1,D,LG,PD,D
14:31:57,ICBP,RG,10350,1,D,LG,DR,D
14:31:57,ICBP,RG,10350,6,D,LG,XL,D
14:31:57,ICBP,RG,10350,1,D,LG,PD,D
14:31:57,ICBP,RG,10350,50,D,LG,CC,D
14:31:57,ICBP,RG,10350,1,D,LG,CC,D
14:31:57,ICBP,RG,10350,2,D,LG,YP,D
14:31:57,ICBP,RG,10350,2,D,LG,BS,D
14:31:57,ICBP,RG,10350,1,D,LG,PD,D
14:31:57,ICBP,RG,10350,20,D,LG,SQ,D
14:31:57,ICBP,RG,10350,50,D,LG,KK,D
14:31:57,ICBP,RG,10350,1,D,LG,YP,D
14:31:57,ICBP,RG,10350,740,D,LG,KI,D
14:31:37,ICBP,RG,10350,2,D,CS,KI,D
14:31:37,ICBP,RG,10350,258,F,AK,KI,D
14:31:37,ICBP,RG,10350,1,F,AK,YU,D
14:31:37,ICBP,RG,10350,5,F,AK,SQ,D
14:31:37,ICBP,RG,10350,1,F,AK,XC,D
14:31:37,ICBP,RG,10350,2,F,AK,YP,D
14:31:37,ICBP,RG,10350,1,F,AK,YP,D
14:31:37,ICBP,RG,10350,50,F,AK,YP,D
14:31:37,ICBP,RG,10350,1,F,AK,DH,D
14:31:37,ICBP,RG,10350,3,F,AK,XL,D
14:31:37,ICBP,RG,10350,2,F,AK,YJ,D
14:31:37,ICBP,RG,10350,1,F,AK,YP,D
14:31:37,ICBP,RG,10350,5,F,AK,YP,D
14:31:37,ICBP,RG,10350,3,D,CS,YP,D
14:31:37,ICBP,RG,10350,1,D,CS,YP,D
14:31:30,ICBP,RG,10325,2,D,LG,NI,D
14:31:29,ICBP,RG,10350,3,D,CS,YP,D
14:31:28,ICBP,RG,10350,1,F,YU,YP,D
14:31:26,ICBP,RG,10350,1,D,OD,YP,D
14:31:24,ICBP,RG,10350,1,D,PD,YP,D
14:31:21,ICBP,RG,10350,2,D,CS,PD,D
14:31:21,ICBP,RG,10350,1,D,CS,PD,D
14:31:21,ICBP,RG,10350,14,D,CS,PD,D
14:31:21,ICBP,RG,10350,23,D,CS,PD,D
14:31:21,ICBP,RG,10350,13,D,CS,PD,D
14:31:21,ICBP,RG,10350,5,D,CS,YP,D
14:31:21,ICBP,RG,10350,1,D,CS,AI,D
14:31:21,ICBP,RG,10350,1,D,CS,YP,D
14:31:21,ICBP,RG,10350,5,D,CS,TP,D
14:31:21,ICBP,RG,10350,6,D,CS,PD,D
14:31:21,ICBP,RG,10350,1,D,CS,SQ,D
14:31:21,ICBP,RG,10350,1,D,CS,PD,D
14:31:21,ICBP,RG,10350,1,D,CS,EP,D
14:31:21,ICBP,RG,10350,15,D,CS,AI,D
14:31:21,ICBP,RG,10350,7,D,CS,AI,D
14:31:21,ICBP,RG,10350,10,D,CS,AI,D
14:31:21,ICBP,RG,10350,121,F,CC,AI,D
14:31:20,ICBP,RG,10350,8,F,BK,AI,D
14:31:07,ICBP,RG,10350,1,D,NI,AI,D
14:31:06,ICBP,RG,10325,2,D,LG,DR,D
14:30:59,ICBP,RG,10325,40,D,LG,AK,D
14:30:58,ICBP,RG,10350,1,D,CS,AI,D
14:30:51,ICBP,RG,10325,1,D,LG,XL,D
14:30:40,ICBP,RG,10325,90,D,LG,YU,F
14:30:39,ICBP,RG,10325,1,D,LG,XC,D
14:30:34,ICBP,RG,10350,7,D,YU,AI,D
14:30:34,ICBP,RG,10350,5,D,YU,TP,D
14:30:34,ICBP,RG,10350,10,D,YU,GR,D
14:30:34,ICBP,RG,10350,5,D,YU,DH,D
14:30:34,ICBP,RG,10350,2,D,YU,CC,D
14:30:34,ICBP,RG,10350,1,D,YU,YU,D
14:30:30,ICBP,RG,10350,5,D,YU,YU,D
14:30:23,ICBP,RG,10350,3,D,CS,YP,D
14:30:23,ICBP,RG,10350,2,D,CS,YP,D
14:30:23,ICBP,RG,10350,5,D,PD,YP,D
14:30:21,ICBP,RG,10350,1,D,CS,EP,D
14:30:19,ICBP,RG,10325,54,D,LG,YU,F
14:30:07,ICBP,RG,10325,162,D,LG,YU,F
14:30:06,ICBP,RG,10350,24,D,CS,EP,D
14:30:04,ICBP,RG,10350,5,D,PD,EP,D
14:30:04,ICBP,RG,10350,1,D,PD,PD,D
14:30:02,ICBP,RG,10350,2,D,CS,PD,D
14:30:02,ICBP,RG,10350,2,D,CS,YU,D
14:30:01,ICBP,RG,10325,1,D,LG,AK,F
14:30:00,ICBP,RG,10350,8,D,CS,YU,D
14:30:00,ICBP,RG,10350,10,D,CS,YU,D
14:30:00,ICBP,RG,10350,2,D,CS,IF,D
14:30:00,ICBP,RG,10350,3,D,CS,IF,D
14:30:00,ICBP,RG,10350,8,D,CS,XC,D
14:30:00,ICBP,RG,10350,1,D,CS,OD,D
14:30:00,ICBP,RG,10350,3,D,CS,KK,D
14:30:00,ICBP,RG,10350,4,D,CS,CC,D
14:30:00,ICBP,RG,10350,1,D,CS,YP,D
14:30:00,ICBP,RG,10350,1,D,CS,NI,D
14:30:00,ICBP,RG,10350,10,D,CS,SQ,D
14:30:00,ICBP,RG,10350,35,D,LG,SQ,D
14:30:00,ICBP,RG,10350,10,D,LG,YP,D
14:30:00,ICBP,RG,10350,15,D,LG,NI,D
14:30:00,ICBP,RG,10350,1,D,LG,SQ,D
14:30:00,ICBP,RG,10350,1,D,LG,YP,D
14:30:00,ICBP,RG,10350,5,D,LG,OK,D
14:30:00,ICBP,RG,10350,20,D,LG,ZP,D
14:30:00,ICBP,RG,10350,50,D,LG,PD,D
14:30:00,ICBP,RG,10350,20,D,LG,NI,D
14:30:00,ICBP,RG,10350,5,D,LG,YP,D
14:30:00,ICBP,RG,10350,31,D,LG,KK,D
14:30:00,ICBP,RG,10350,14,D,LG,KK,D
14:30:00,ICBP,RG,10350,1,D,LG,KK,D
14:30:00,ICBP,RG,10350,113,D,LG,NI,D
14:30:00,ICBP,RG,10350,20,D,LG,ZP,D
14:30:00,ICBP,RG,10350,5,D,LG,HP,D
14:30:00,ICBP,RG,10350,20,D,LG,NI,D
14:30:00,ICBP,RG,10350,2,D,LG,SQ,D
14:30:00,ICBP,RG,10350,1,D,CS,SQ,D
14:29:53,ICBP,RG,10350,2,D,CS,SQ,D
14:29:53,ICBP,RG,10350,7,D,CS,SQ,D
14:29:53,ICBP,RG,10350,4,D,CS,SQ,D
14:29:52,ICBP,RG,10325,45,D,LG,YU,F
14:29:51,ICBP,RG,10325,1,D,LG,AK,F
14:29:51,ICBP,RG,10350,16,D,CS,SQ,D
14:29:39,ICBP,RG,10325,18,D,LG,YU,F
14:29:35,ICBP,RG,10325,72,D,LG,YU,F
14:29:34,ICBP,RG,10350,68,D,OD,SQ,D
14:29:34,ICBP,RG,10350,1,D,OD,YP,D
14:29:34,ICBP,RG,10350,44,D,OD,KK,D
14:29:34,ICBP,RG,10350,1,D,OD,PD,D
14:29:34,ICBP,RG,10350,3,D,OD,DR,D
14:29:34,ICBP,RG,10350,1,D,OD,PD,D
14:29:34,ICBP,RG,10350,3,D,OD,CC,D
14:29:16,ICBP,RG,10350,3,D,KK,CC,D
14:29:16,ICBP,RG,10350,6,D,KK,CC,D
14:29:13,ICBP,RG,10350,2,D,KK,GR,D
14:29:13,ICBP,RG,10350,1,D,KK,GR,D
14:29:13,ICBP,RG,10350,2,D,KK,PD,D
14:29:13,ICBP,RG,10350,4,D,KK,NI,D
14:29:12,ICBP,RG,10325,14,D,LG,YU,F
14:29:11,ICBP,RG,10350,4,D,KK,NI,D
14:29:11,ICBP,RG,10350,5,D,KK,CC,D
14:29:11,ICBP,RG,10350,1,D,KK,EP,D
14:29:11,ICBP,RG,10350,5,D,KK,YP,D
14:29:11,ICBP,RG,10350,1,D,KK,PD,D
14:29:11,ICBP,RG,10350,1,D,KK,YP,D
14:29:11,ICBP,RG,10350,1,D,KK,YP,D
14:29:09,ICBP,RG,10350,4,D,KK,YP,D
14:29:09,ICBP,RG,10350,5,D,KK,AG,D
14:29:09,ICBP,RG,10325,48,D,LG,YU,F
14:29:08,ICBP,RG,10350,9,D,KK,AG,D
14:28:55,ICBP,RG,10350,8,D,KK,AG,D
14:28:55,ICBP,RG,10350,8,D,KK,AG,D
14:28:53,ICBP,RG,10350,8,D,KK,AG,D
14:28:53,ICBP,RG,10350,62,F,CC,AG,D
14:28:53,ICBP,RG,10350,7,F,CC,YP,D
14:28:53,ICBP,RG,10350,13,F,CC,YP,D
14:28:53,ICBP,RG,10350,40,F,CC,SQ,D
14:28:53,ICBP,RG,10350,10,F,CC,PD,D
14:28:53,ICBP,RG,10350,5,F,CC,SQ,D
14:28:53,ICBP,RG,10350,2,F,CC,TF,D
14:28:53,ICBP,RG,10350,5,F,CC,YP,D
14:28:53,ICBP,RG,10350,1,F,CC,CP,D
14:28:53,ICBP,RG,10350,5,F,CC,YP,D
14:28:53,ICBP,RG,10350,1,F,CC,CC,D
14:28:53,ICBP,RG,10350,6,F,CC,CP,D
14:28:53,ICBP,RG,10350,8,D,KK,CP,D
14:28:51,ICBP,RG,10350,6,D,KK,CP,D
14:28:51,ICBP,RG,10350,2,D,KK,LG,D
14:28:51,ICBP,RG,10350,8,D,KK,LG,D
14:28:50,ICBP,RG,10350,1,D,CS,LG,D
14:28:49,ICBP,RG,10350,8,D,KK,LG,D
14:28:49,ICBP,RG,10350,8,D,KK,LG,D
14:28:42,ICBP,RG,10350,2,D,CS,LG,D
14:28:37,ICBP,RG,10350,7,D,KK,LG,D
14:28:36,ICBP,RG,10350,7,D,KK,LG,D
14:28:36,ICBP,RG,10350,1,F,YU,LG,D
14:28:36,ICBP,RG,10350,7,D,KK,LG,D
14:28:35,ICBP,RG,10350,4,D,XL,LG,D
14:28:34,ICBP,RG,10350,5,D,KK,LG,D
14:28:34,ICBP,RG,10350,2,D,KK,YP,D
14:28:34,ICBP,RG,10325,1,D,LG,AK,F
14:28:34,ICBP,RG,10350,3,D,KK,YP,D
14:28:34,ICBP,RG,10350,4,D,KK,YP,D
14:28:34,ICBP,RG,10350,7,D,KK,YP,D
14:28:33,ICBP,RG,10325,1,D,LG,AK,F
14:28:33,ICBP,RG,10350,7,D,KK,YP,D
14:28:33,ICBP,RG,10325,2,D,LG,AK,F
14:28:33,ICBP,RG,10350,4,D,CS,YP,D
14:28:33,ICBP,RG,10350,29,D,CS,YP,D
14:28:32,ICBP,RG,10325,1,D,LG,AK,F
14:28:32,ICBP,RG,10350,15,D,CS,YP,D
14:28:31,ICBP,RG,10350,7,D,KK,YP,D
14:28:30,ICBP,RG,10350,7,D,KK,YP,D
14:28:28,ICBP,RG,10350,9,D,CS,YP,D
14:28:25,ICBP,RG,10350,35,D,CS,YP,D
14:28:21,ICBP,RG,10350,5,D,CS,YP,D
14:28:11,ICBP,RG,10350,11,D,CS,YP,D
14:28:09,ICBP,RG,10350,5,D,CS,YP,D
14:28:07,ICBP,RG,10350,17,D,CS,YP,D
14:27:31,ICBP,RG,10350,1,D,BB,YP,D
14:27:31,ICBP,RG,10325,2,D,LG,AK,F
14:27:31,ICBP,RG,10350,37,F,CC,YP,D
14:27:31,ICBP,RG,10350,2,F,CC,LS,D
14:27:31,ICBP,RG,10350,1,F,CC,OD,D
14:27:31,ICBP,RG,10350,10,F,CC,YP,D
14:27:31,ICBP,RG,10350,5,F,CC,CC,D
14:27:31,ICBP,RG,10350,5,F,CC,YP,D
14:27:31,ICBP,RG,10350,5,F,CC,PD,D
14:27:31,ICBP,RG,10350,5,F,CC,PD,D
14:27:31,ICBP,RG,10350,10,F,CC,SQ,D
14:27:31,ICBP,RG,10350,1,F,CC,PD,D
14:27:31,ICBP,RG,10350,1,F,CC,SQ,D
14:27:31,ICBP,RG,10350,2,F,CC,AZ,D
14:27:31,ICBP,RG,10350,1,F,CC,DH,D
14:27:31,ICBP,RG,10350,10,F,CC,DH,D
14:27:31,ICBP,RG,10350,10,F,CC,SQ,D
14:27:31,ICBP,RG,10350,1,F,CC,DR,D
14:27:31,ICBP,RG,10350,6,F,CC,YB,D
14:27:31,ICBP,RG,10350,20,F,CC,DR,D
14:27:31,ICBP,RG,10350,5,F,CC,DR,D
14:27:31,ICBP,RG,10350,1,F,CC,KK,D
14:27:31,ICBP,RG,10350,2,F,CC,PD,D
14:27:31,ICBP,RG,10350,10,F,CC,HP,D
14:27:31,ICBP,RG,10350,2,F,CC,HP,D
14:27:31,ICBP,RG,10350,5,F,CC,PD,D
14:27:31,ICBP,RG,10350,3,F,CC,EP,D
14:27:15,ICBP,RG,10325,2,D,LG,AR,D
14:26:47,ICBP,RG,10325,10,D,LG,XC,D
14:26:37,ICBP,RG,10325,100,D,LG,SQ,D
14:26:36,ICBP,RG,10325,2,D,LG,KK,D
14:26:36,ICBP,RG,10350,3,D,PD,CD,D
14:26:36,ICBP,RG,10350,7,D,CS,CD,D
14:26:36,ICBP,RG,10350,4,D,CS,CD,D
14:26:36,ICBP,RG,10350,6,D,CS,CD,D
14:26:36,ICBP,RG,10350,2,D,CS,CD,D
14:26:36,ICBP,RG,10325,34,D,LG,CS,D
14:26:36,ICBP,RG,10325,53,D,LG,CC,D
14:26:36,ICBP,RG,10325,1,D,LG,DH,D
14:26:36,ICBP,RG,10325,2,D,LG,YP,D
14:26:36,ICBP,RG,10325,20,D,LG,TP,D
14:26:36,ICBP,RG,10325,10,D,LG,DH,D
14:26:36,ICBP,RG,10325,1,D,LG,XL,D
14:26:36,ICBP,RG,10325,25,D,LG,GR,D
14:26:36,ICBP,RG,10325,24,D,LG,GR,D
14:26:36,ICBP,RG,10325,4,D,LG,CC,D
14:26:36,ICBP,RG,10325,2,D,LG,EP,D
14:26:36,ICBP,RG,10325,13,D,LG,YP,D
14:26:36,ICBP,RG,10325,1,D,LG,YP,D
14:26:36,ICBP,RG,10325,3,D,LG,SQ,D
14:26:36,ICBP,RG,10325,1,D,LG,NI,D
14:26:36,ICBP,RG,10325,4,D,LG,KK,D
14:26:36,ICBP,RG,10325,10,D,LG,PD,D
14:26:36,ICBP,RG,10325,20,D,LG,HP,D
14:26:36,ICBP,RG,10325,1,D,LG,YP,D
14:26:36,ICBP,RG,10325,2,D,LG,CC,D
14:26:36,ICBP,RG,10325,1,D,LG,KK,D
14:26:36,ICBP,RG,10325,1,D,LG,LS,D
14:26:36,ICBP,RG,10325,2,D,LG,YJ,D
14:26:36,ICBP,RG,10325,1,D,LG,CC,D
14:26:36,ICBP,RG,10325,1,D,LG,YP,D
14:26:36,ICBP,RG,10325,3,D,LG,SQ,D
14:26:36,ICBP,RG,10325,6,D,LG,KK,D
14:26:36,ICBP,RG,10325,50,D,LG,PD,D
14:26:36,ICBP,RG,10325,1,D,LG,CC,D
14:26:36,ICBP,RG,10325,1,D,LG,NI,D
14:26:36,ICBP,RG,10325,5,D,LG,CC,D
14:26:36,ICBP,RG,10325,1,D,LG,YP,D
14:26:36,ICBP,RG,10325,5,D,LG,GR,D
14:26:36,ICBP,RG,10325,2,D,LG,YP,D
14:26:36,ICBP,RG,10325,1,D,LG,PD,D
14:26:36,ICBP,RG,10325,1,D,LG,YP,D
14:26:36,ICBP,RG,10325,100,D,LG,CP,D
14:26:36,ICBP,RG,10325,2,D,LG,PD,D
14:26:36,ICBP,RG,10325,2,D,LG,PD,D
14:26:36,ICBP,RG,10325,2,D,LG,YB,D
14:26:36,ICBP,RG,10325,1,D,LG,YP,D
14:26:36,ICBP,RG,10325,10,D,LG,DR,D
14:26:36,ICBP,RG,10325,59,D,LG,SQ,D
14:26:22,ICBP,RG,10325,41,D,YP,SQ,D
14:26:22,ICBP,RG,10325,2,D,YP,SQ,D
14:26:22,ICBP,RG,10325,50,D,YP,YP,D
14:26:22,ICBP,RG,10325,2,D,YP,SQ,D
14:26:22,ICBP,RG,10325,1,D,YP,YP,D
14:26:22,ICBP,RG,10325,3,D,YP,PD,D
14:26:22,ICBP,RG,10325,1,D,YP,YP,D
14:26:17,ICBP,RG,10300,35,D,BB,DP,D
14:26:17,ICBP,RG,10325,1,D,CS,XC,D
14:26:17,ICBP,RG,10325,1,D,CS,LG,D
14:26:17,ICBP,RG,10325,1,D,CS,LG,D
14:26:17,ICBP,RG,10325,7,D,CS,LG,D
14:26:17,ICBP,RG,10325,2,D,CS,LG,D
14:26:17,ICBP,RG,10325,1,D,CS,LG,D
14:26:17,ICBP,RG,10325,1,D,CS,YP,D
14:26:17,ICBP,RG,10325,2,D,CS,YP,D
14:26:17,ICBP,RG,10325,1,D,CS,YP,D
14:26:17,ICBP,RG,10325,6,D,CS,YP,D
14:26:17,ICBP,RG,10325,1,D,CS,HP,D
14:26:17,ICBP,RG,10325,1,D,CS,HP,D
14:26:17,ICBP,RG,10300,2,D,BB,KK,D
14:26:17,ICBP,RG,10300,2,D,BB,PD,D
14:26:17,ICBP,RG,10300,7,D,BB,AK,D
14:26:17,ICBP,RG,10300,3,D,BB,AR,D
14:26:17,ICBP,RG,10300,1,D,BB,YU,D
14:26:17,ICBP,RG,10300,53,D,BB,AK,F
14:26:17,ICBP,RG,10300,2,D,BB,CC,D
14:26:17,ICBP,RG,10300,1,D,BB,SQ,D
14:26:17,ICBP,RG,10300,1,D,BB,YP,D
14:26:17,ICBP,RG,10300,27,D,BB,AK,D
14:26:17,ICBP,RG,10300,10,D,BB,AK,F
14:26:17,ICBP,RG,10300,88,D,BB,BK,D
14:26:17,ICBP,RG,10300,250,D,BB,TP,F
14:26:17,ICBP,RG,10300,100,D,BB,SQ,D
14:26:17,ICBP,RG,10300,1,D,BB,XL,D
14:26:17,ICBP,RG,10300,1,D,BB,NI,D
14:26:17,ICBP,RG,10300,1,D,BB,PD,D
14:26:17,ICBP,RG,10300,20,D,BB,CC,D
14:26:17,ICBP,RG,10300,35,D,BB,CS,D
14:26:17,ICBP,RG,10300,1,D,BB,YP,D
14:26:17,ICBP,RG,10300,1,D,BB,KK,D
14:26:17,ICBP,RG,10300,46,D,BB,YP,D
14:26:17,ICBP,RG,10300,2,D,BB,PD,D
14:26:17,ICBP,RG,10300,1,D,BB,PD,D
14:26:17,ICBP,RG,10300,1,D,BB,ZP,D
14:26:17,ICBP,RG,10300,71,D,BB,BK,D
14:26:17,ICBP,RG,10300,3,D,BB,CC,D
14:26:17,ICBP,RG,10300,42,D,BB,DP,D
14:26:17,ICBP,RG,10300,1,D,BB,SQ,D
14:26:17,ICBP,RG,10300,3,D,BB,YP,D
14:26:17,ICBP,RG,10300,1,D,BB,XC,D
14:26:17,ICBP,RG,10300,1,D,BB,YP,D
14:26:17,ICBP,RG,10300,1,D,BB,AR,D
14:26:17,ICBP,RG,10300,79,D,BB,YP,D
14:26:11,ICBP,RG,10300,21,D,CS,YP,D
14:26:11,ICBP,RG,10300,1,D,CS,LS,D
14:26:11,ICBP,RG,10300,2,D,CS,GR,D
14:26:09,ICBP,RG,10300,2,D,CS,GR,D
14:26:09,ICBP,RG,10300,1,D,CS,GR,D
14:26:09,ICBP,RG,10300,1,D,CS,YU,D
14:26:09,ICBP,RG,10300,2,D,CS,YP,D
14:26:09,ICBP,RG,10300,5,D,CS,XL,D
14:26:09,ICBP,RG,10300,2,D,CS,XC,D
14:26:09,ICBP,RG,10300,1,D,CS,YP,D
14:26:05,ICBP,RG,10300,1,D,CS,YP,D
14:26:04,ICBP,RG,10300,7,D,OD,YP,D
14:26:04,ICBP,RG,10300,10,D,OD,KK,D
14:26:04,ICBP,RG,10300,5,D,OD,KK,D
14:26:04,ICBP,RG,10300,50,D,OD,BQ,D
14:26:04,ICBP,RG,10300,6,D,OD,CC,D
14:26:04,ICBP,RG,10300,2,D,OD,EP,D
14:26:04,ICBP,RG,10300,1,D,OD,CP,D
14:26:04,ICBP,RG,10300,10,D,OD,CC,D
14:26:04,ICBP,RG,10300,10,D,OD,YP,D
14:26:04,ICBP,RG,10300,1,D,OD,YP,D
14:26:04,ICBP,RG,10300,1,D,OD,PD,D
14:26:04,ICBP,RG,10300,18,D,OD,NI,D
14:26:04,ICBP,RG,10275,1,D,CS,AK,F
14:26:04,ICBP,RG,10300,14,D,CS,NI,D
14:25:53,ICBP,RG,10300,18,D,CS,NI,D
14:25:53,ICBP,RG,10300,10,D,CS,AK,F
14:25:53,ICBP,RG,10300,1,D,CS,YP,D
14:25:53,ICBP,RG,10300,5,D,CS,CC,D
14:25:52,ICBP,RG,10300,5,D,OD,CC,D
14:25:52,ICBP,RG,10300,10,D,OD,YP,D
14:25:52,ICBP,RG,10300,5,D,OD,PD,D
14:25:52,ICBP,RG,10300,1,D,OD,PD,D
14:25:52,ICBP,RG,10300,4,D,OD,NI,D
14:25:52,ICBP,RG,10300,46,D,OD,DP,D
14:25:52,ICBP,RG,10300,6,D,OD,YP,D
14:25:52,ICBP,RG,10300,7,D,OD,PD,D
14:25:52,ICBP,RG,10300,1,D,OD,YU,D
14:25:52,ICBP,RG,10300,1,D,OD,YP,D
14:25:52,ICBP,RG,10300,3,D,OD,LG,D
14:25:52,ICBP,RG,10300,32,D,OD,YP,D
14:25:52,ICBP,RG,10300,4,D,CS,YP,D
14:25:45,ICBP,RG,10300,9,D,CS,YP,D
14:25:44,ICBP,RG,10300,1,F,YU,YP,D
14:25:42,ICBP,RG,10300,3,D,CS,YP,D
14:25:42,ICBP,RG,10300,2,D,OD,YP,D
14:25:27,ICBP,RG,10300,20,F,CC,CC,D
14:25:27,ICBP,RG,10300,1,F,CC,CC,D
14:25:27,ICBP,RG,10300,1,F,CC,YU,D
14:25:27,ICBP,RG,10300,14,F,CC,AK,F
14:25:27,ICBP,RG,10300,8,F,CC,AK,D
14:25:27,ICBP,RG,10300,2,F,CC,XL,D
14:25:27,ICBP,RG,10300,2,F,CC,CC,D
14:25:27,ICBP,RG,10300,10,F,CC,PD,D
14:25:27,ICBP,RG,10300,13,F,CC,AK,D
14:25:17,ICBP,RG,10300,4,D,PD,AK,D
14:25:06,ICBP,RG,10300,6,D,PD,AK,D
14:25:03,ICBP,RG,10300,1,D,OD,AK,D
14:24:58,ICBP,RG,10300,3,D,CS,AK,D
14:24:58,ICBP,RG,10300,3,D,CS,CS,D
14:24:58,ICBP,RG,10300,1,D,CS,GR,D
14:24:32,ICBP,RG,10275,2,D,CS,YJ,D
14:24:32,ICBP,RG,10275,3,F,AK,YJ,D
14:24:32,ICBP,RG,10300,1,F,AK,CC,D
14:24:32,ICBP,RG,10300,2,F,AK,CC,D
14:24:31,ICBP,RG,10300,2,F,AK,CC,D
14:24:31,ICBP,RG,10300,1,F,AK,AK,F
14:24:31,ICBP,RG,10300,6,F,AK,AK,F
14:24:31,ICBP,RG,10300,1,D,CS,AK,F
14:24:31,ICBP,RG,10300,5,D,CS,AN,D
14:24:31,ICBP,RG,10300,6,D,CS,CC,D
14:24:31,ICBP,RG,10300,30,D,CS,CC,D
14:24:31,ICBP,RG,10300,14,D,CS,CC,D
14:24:31,ICBP,RG,10300,1,D,CS,CC,D
14:24:31,ICBP,RG,10300,2,D,CS,GR,D
14:24:31,ICBP,RG,10300,52,D,LG,CS,D
14:24:31,ICBP,RG,10300,10,D,LG,NI,D
14:24:31,ICBP,RG,10300,1,D,LG,YU,D
14:24:31,ICBP,RG,10300,2,D,LG,KK,D
14:24:31,ICBP,RG,10300,5,D,LG,YP,D
14:24:31,ICBP,RG,10300,8,D,LG,AK,F
14:24:31,ICBP,RG,10300,5,D,LG,EP,D
14:24:31,ICBP,RG,10300,61,D,LG,CC,D
14:24:31,ICBP,RG,10300,3,D,LG,SQ,D
14:24:31,ICBP,RG,10300,10,D,LG,YP,D
14:24:31,ICBP,RG,10300,1,D,LG,SQ,D
14:24:31,ICBP,RG,10300,1,D,LG,YP,D
14:24:31,ICBP,RG,10300,100,D,LG,SQ,D
14:24:31,ICBP,RG,10300,1,D,LG,YU,D
14:24:31,ICBP,RG,10300,25,D,LG,XC,D
14:24:31,ICBP,RG,10300,400,D,LG,XL,D
14:24:31,ICBP,RG,10300,2,D,LG,YP,D
14:24:31,ICBP,RG,10300,40,D,LG,CC,D
14:24:31,ICBP,RG,10300,8,D,LG,BK,D
14:24:31,ICBP,RG,10300,10,D,LG,YP,D
14:24:31,ICBP,RG,10300,10,D,LG,CC,D
14:24:31,ICBP,RG,10300,3,D,LG,XL,D
14:24:31,ICBP,RG,10300,38,D,LG,YP,D
14:24:31,ICBP,RG,10300,33,D,LG,BK,D
14:24:31,ICBP,RG,10300,2,D,LG,YJ,D
14:24:31,ICBP,RG,10300,2,D,LG,GR,D
14:24:31,ICBP,RG,10300,28,D,LG,BK,D
14:24:31,ICBP,RG,10300,2,D,LG,SQ,D
14:24:31,ICBP,RG,10300,2,D,LG,BK,D
14:24:31,ICBP,RG,10300,2,D,LG,KK,D
14:24:31,ICBP,RG,10300,1,D,LG,AI,D
14:24:31,ICBP,RG,10300,632,D,LG,ZP,D
14:24:17,ICBP,RG,10275,12,F,CC,CS,D
14:24:17,ICBP,RG,10275,23,D,CS,CS,D
14:24:17,ICBP,RG,10275,2,D,CS,CS,D
14:24:09,ICBP,RG,10275,1,D,CS,BK,D
14:24:09,ICBP,RG,10275,7,D,CS,BK,D
14:24:09,ICBP,RG,10275,4,D,CS,BK,D
14:24:02,ICBP,RG,10300,5,D,CS,ZP,D
14:24:01,ICBP,RG,10300,12,F,AK,ZP,D
14:24:01,ICBP,RG,10300,25,F,AK,ZP,D
14:24:01,ICBP,RG,10300,41,D,CS,ZP,D
14:23:55,ICBP,RG,10300,10,D,CS,ZP,D
14:23:55,ICBP,RG,10300,4,D,CS,ZP,D
14:23:49,ICBP,RG,10300,34,D,YU,ZP,D
14:23:31,ICBP,RG,10300,13,D,CS,ZP,D
14:23:23,ICBP,RG,10275,1,D,CS,YP,D
14:23:23,ICBP,RG,10275,11,D,CS,YP,D
14:23:23,ICBP,RG,10275,4,D,CS,YP,D
14:23:23,ICBP,RG,10275,13,D,CS,YP,D
14:23:23,ICBP,RG,10275,11,D,CS,YP,D
14:23:19,ICBP,RG,10275,8,D,CS,AK,D
14:23:19,ICBP,RG,10275,6,D,CS,AK,D
14:23:19,ICBP,RG,10275,10,F,AK,AK,D
14:23:19,ICBP,RG,10275,4,F,CC,AK,D
14:22:51,ICBP,RG,10300,21,D,CS,ZP,D
14:22:51,ICBP,RG,10300,1,F,YU,ZP,D
14:22:49,ICBP,RG,10300,23,D,CS,ZP,D
14:22:33,ICBP,RG,10300,7,D,CS,ZP,D
14:21:44,ICBP,RG,10300,1,D,BB,ZP,D
14:21:42,ICBP,RG,10275,1,F,CC,YU,D
14:21:40,ICBP,RG,10300,12,D,CS,ZP,D
14:21:38,ICBP,RG,10300,2,D,CS,ZP,D
14:21:38,ICBP,RG,10275,21,F,CC,CS,D
14:21:37,ICBP,RG,10275,85,F,CC,CC,D
14:21:37,ICBP,RG,10275,12,D,FS,CC,D
14:21:37,ICBP,RG,10275,23,D,CS,CC,D
14:21:37,ICBP,RG,10275,1,D,CS,CC,D
14:21:37,ICBP,RG,10275,3,D,YU,CC,D
14:21:37,ICBP,RG,10275,1,D,CS,CC,D
14:21:24,ICBP,RG,10300,20,F,CC,ZP,D
14:21:18,ICBP,RG,10275,2,D,CS,ZP,D
14:21:18,ICBP,RG,10275,18,D,CS,ZP,D
14:21:04,ICBP,RG,10275,9,D,CS,AK,D
14:21:04,ICBP,RG,10275,5,D,CS,AK,D
14:21:04,ICBP,RG,10275,10,D,LG,AK,D
14:20:36,ICBP,RG,10300,43,D,CS,ZP,D
14:20:28,ICBP,RG,10300,17,F,CC,ZP,D
14:20:23,ICBP,RG,10300,5,D,PD,ZP,D
14:20:19,ICBP,RG,10300,5,D,YU,ZP,D
14:20:08,ICBP,RG,10275,22,D,LG,CS,D
14:20:06,ICBP,RG,10300,6,D,PD,ZP,D
14:20:04,ICBP,RG,10275,250,D,LG,TP,F
14:20:04,ICBP,RG,10300,6,F,AK,ZP,D
14:20:04,ICBP,RG,10300,16,F,CC,ZP,D
14:20:04,ICBP,RG,10300,39,F,AK,ZP,D
14:20:04,ICBP,RG,10300,2,F,AK,TP,D
14:20:04,ICBP,RG,10300,20,D,CS,SQ,D
14:20:04,ICBP,RG,10300,4,D,CS,BK,D
14:20:03,ICBP,RG,10300,41,D,CS,BK,D
14:20:03,ICBP,RG,10300,10,D,CS,PD,D
14:20:03,ICBP,RG,10300,1,D,CS,BK,D
14:20:00,ICBP,RG,10275,5,D,LG,AK,F
14:20:00,ICBP,RG,10300,9,F,CC,BK,D
14:20:00,ICBP,RG,10300,1,D,CS,NI,D
14:20:00,ICBP,RG,10300,4,D,CS,XC,D
14:20:00,ICBP,RG,10300,3,D,CS,PD,D
14:20:00,ICBP,RG,10300,1,D,CS,PD,D
14:20:00,ICBP,RG,10300,10,D,CS,SQ,D
14:20:00,ICBP,RG,10300,2,D,CS,CC,D
14:19:59,ICBP,RG,10300,1,F,YU,CC,D
14:19:54,ICBP,RG,10300,1,D,OD,PD,D
14:19:31,ICBP,RG,10300,5,D,CS,GR,D
14:19:31,ICBP,RG,10300,2,D,CS,YP,D
14:19:29,ICBP,RG,10275,1,D,LG,PD,D
14:19:07,ICBP,RG,10275,12,D,LG,BK,D
14:19:07,ICBP,RG,10275,5,D,CS,BK,D
14:19:04,ICBP,RG,10300,10,F,CC,YP,D
14:19:04,ICBP,RG,10275,5,D,CS,AK,D
14:19:04,ICBP,RG,10275,1,D,CS,AK,D
14:19:04,ICBP,RG,10275,5,F,AK,AK,D
14:19:04,ICBP,RG,10275,7,D,CS,AK,D
14:19:04,ICBP,RG,10275,2,D,CS,AK,D
14:19:04,ICBP,RG,10275,3,F,AK,AK,D
14:19:03,ICBP,RG,10300,1,D,CS,YP,D
14:19:00,ICBP,RG,10275,20,F,AK,CC,D
14:18:57,ICBP,RG,10275,2,F,AK,DR,D
14:18:46,ICBP,RG,10300,9,F,CC,YP,D
14:18:45,ICBP,RG,10300,4,D,CS,YP,D
14:18:45,ICBP,RG,10300,11,D,CS,YP,D
14:18:39,ICBP,RG,10275,9,F,AK,BK,D
14:18:31,ICBP,RG,10300,3,D,CS,YP,D
14:18:28,ICBP,RG,10275,24,F,AK,CS,D
14:18:08,ICBP,RG,10300,5,D,CS,YP,D
14:17:38,ICBP,RG,10275,19,F,AK,BK,D
14:17:32,ICBP,RG,10300,7,D,CS,YP,D
14:17:27,ICBP,RG,10300,3,D,KK,YP,D
14:17:22,ICBP,RG,10275,1,F,AK,HP,D
14:17:22,ICBP,RG,10275,19,D,OD,HP,D
14:17:06,ICBP,RG,10300,21,D,YU,YP,D
14:17:06,ICBP,RG,10300,10,D,YU,YP,D
14:17:06,ICBP,RG,10300,1,D,YU,CC,D
14:17:06,ICBP,RG,10300,1,F,YU,EP,D
14:17:04,ICBP,RG,10275,28,D,OD,AK,D
14:16:49,ICBP,RG,10275,16,D,OD,BK,D
14:16:38,ICBP,RG,10275,20,D,OD,CS,D
14:16:34,ICBP,RG,10275,24,D,OD,DP,D
14:16:29,ICBP,RG,10275,14,D,OD,TP,F
14:16:29,ICBP,RG,10275,33,D,CS,TP,F
14:16:29,ICBP,RG,10275,25,D,CS,TP,F
14:16:29,ICBP,RG,10275,127,F,CC,TP,F
14:16:29,ICBP,RG,10275,19,D,CS,TP,F
14:16:29,ICBP,RG,10275,32,D,CS,TP,F
14:16:23,ICBP,RG,10275,1,D,CS,AK,F
14:16:23,ICBP,RG,10300,7,D,PP,EP,D
14:16:23,ICBP,RG,10300,3,D,PP,XL,D
14:16:23,ICBP,RG,10300,2,D,PP,YP,D
14:16:10,ICBP,RG,10275,10,D,CS,BK,D
14:16:10,ICBP,RG,10275,2,F,AK,BK,D
14:15:58,ICBP,RG,10300,31,F,CC,YP,D
14:15:58,ICBP,RG,10275,3,F,AK,CC,D
14:15:58,ICBP,RG,10275,4,D,CS,CC,D
14:15:58,ICBP,RG,10275,15,D,CS,CC,D
14:15:58,ICBP,RG,10275,88,D,OD,CC,D
14:15:20,ICBP,RG,10300,5,D,PD,YP,D
14:15:18,ICBP,RG,10275,17,D,OD,BK,D
14:15:12,ICBP,RG,10275,5,D,OD,AK,F
14:15:11,ICBP,RG,10300,5,D,PD,YP,D
14:15:09,ICBP,RG,10300,3,D,YP,YP,D
14:15:09,ICBP,RG,10300,1,D,YP,SQ,D
14:15:05,ICBP,RG,10300,4,F,CC,SQ,D
14:15:05,ICBP,RG,10300,10,F,CC,CC,D
14:15:05,ICBP,RG,10300,6,F,CC,GR,D
14:15:05,ICBP,RG,10275,11,D,OD,CS,D
14:15:05,ICBP,RG,10275,6,D,CS,CS,D
14:15:05,ICBP,RG,10275,2,D,YU,CS,D
14:15:05,ICBP,RG,10275,1,D,CS,CS,D
14:15:05,ICBP,RG,10275,3,F,AK,CS,D
14:15:05,ICBP,RG,10275,2,D,CS,CS,D
14:14:54,ICBP,RG,10300,9,D,CS,GR,D
14:14:54,ICBP,RG,10300,4,D,CS,YP,D
14:14:50,ICBP,RG,10275,9,D,CS,BK,D
14:14:47,ICBP,RG,10275,7,D,CS,AK,D
14:14:47,ICBP,RG,10275,20,D,CS,AK,D
14:14:46,ICBP,RG,10275,5,D,CS,YJ,D
14:14:35,ICBP,RG,10275,1,D,CS,YU,D
14:14:22,ICBP,RG,10300,6,F,CC,YP,D
14:14:22,ICBP,RG,10300,1,F,CC,YP,D
14:14:22,ICBP,RG,10300,5,F,CC,GR,D
14:14:22,ICBP,RG,10300,1,F,CC,KK,D
14:14:22,ICBP,RG,10300,17,F,CC,CP,D
14:14:21,ICBP,RG,10275,37,D,CS,LG,D
14:14:21,ICBP,RG,10275,6,D,CS,LG,D
14:14:21,ICBP,RG,10275,15,D,CS,LG,D
14:14:21,ICBP,RG,10275,19,F,CC,LG,D
14:14:21,ICBP,RG,10275,10,F,AK,LG,D
14:14:21,ICBP,RG,10275,26,D,CS,LG,D
14:14:21,ICBP,RG,10275,29,D,CS,LG,D
14:14:21,ICBP,RG,10275,47,D,CS,LG,D
14:14:21,ICBP,RG,10275,8,D,CS,LG,D
14:14:21,ICBP,RG,10275,1,D,CS,LG,D
14:14:21,ICBP,RG,10275,6,D,CS,LG,D
14:14:21,ICBP,RG,10275,11,D,CS,LG,D
14:14:21,ICBP,RG,10275,12,D,CS,LG,D
14:14:14,ICBP,RG,10300,1,F,YU,CP,D
14:14:12,ICBP,RG,10275,13,D,CS,XC,D
14:14:02,ICBP,RG,10300,1,D,NI,CP,D
14:13:42,ICBP,RG,10300,16,F,CC,CP,D
14:13:42,ICBP,RG,10300,1,F,CC,PD,D
14:13:42,ICBP,RG,10300,1,F,CC,IF,D
14:13:42,ICBP,RG,10275,6,D,CS,BK,D
14:13:42,ICBP,RG,10275,1,D,CS,BK,D
14:13:42,ICBP,RG,10275,2,D,CS,BK,D
14:13:42,ICBP,RG,10275,1,D,OD,BK,D
14:13:42,ICBP,RG,10275,11,D,CS,BK,D
14:13:00,ICBP,RG,10275,5,D,CS,CS,D
14:13:00,ICBP,RG,10275,6,D,CS,CS,D
14:13:00,ICBP,RG,10275,10,D,CS,CS,D
14:12:52,ICBP,RG,10275,3,D,CS,BK,D
14:12:52,ICBP,RG,10275,6,D,CS,BK,D
14:12:52,ICBP,RG,10275,1,D,CS,BK,D
14:12:52,ICBP,RG,10275,6,D,CS,BK,D
14:12:34,ICBP,RG,10275,10,D,CS,AK,D
14:12:34,ICBP,RG,10275,3,D,CS,AK,D
14:12:34,ICBP,RG,10275,3,D,CS,AK,D
14:12:34,ICBP,RG,10275,2,D,CS,AK,D
14:12:34,ICBP,RG,10275,1,D,CS,AK,D
14:12:34,ICBP,RG,10275,1,D,CS,AK,D
14:12:34,ICBP,RG,10275,6,D,CS,AK,D
14:12:20,ICBP,RG,10275,2,D,CS,EP,D
14:11:59,ICBP,RG,10275,16,D,CS,BK,D
14:11:46,ICBP,RG,10275,10,D,CS,DP,D
14:11:46,ICBP,RG,10275,6,F,AK,DP,D
14:11:46,ICBP,RG,10275,3,D,YU,DP,D
14:11:46,ICBP,RG,10275,4,F,AK,DP,D
14:11:46,ICBP,RG,10275,1,D,CS,DP,D
14:11:46,ICBP,RG,10275,2,F,CC,DP,D
14:11:39,ICBP,RG,10275,10,F,CC,PD,D
14:11:22,ICBP,RG,10300,1,F,YU,IF,D
14:11:17,ICBP,RG,10275,15,F,CC,CS,D
14:11:13,ICBP,RG,10275,10,F,CC,PD,D
14:10:57,ICBP,RG,10275,20,F,CC,BK,D
14:10:46,ICBP,RG,10275,4,F,CC,ZP,D
14:10:25,ICBP,RG,10275,66,F,CC,BK,F
14:10:25,ICBP,RG,10275,39,F,AK,BK,F
14:10:25,ICBP,RG,10275,135,D,LG,BK,F
14:10:25,ICBP,RG,10275,2,D,LG,CC,D
14:10:20,ICBP,RG,10300,53,F,CC,IF,D
14:10:20,ICBP,RG,10300,2,F,AK,IF,D
14:10:19,ICBP,RG,10300,5,D,PD,IF,D
14:10:19,ICBP,RG,10275,114,D,LG,CC,D
14:10:19,ICBP,RG,10275,27,D,LG,AK,D
14:10:18,ICBP,RG,10275,1,D,LG,LS,D
14:10:17,ICBP,RG,10300,34,D,YU,IF,D
14:10:06,ICBP,RG,10300,4,D,PD,IF,D
14:10:06,ICBP,RG,10300,1,D,PD,DR,D
14:10:06,ICBP,RG,10300,1,D,PD,SQ,D
14:10:04,ICBP,RG,10300,4,F,AK,SQ,D
14:10:03,ICBP,RG,10300,5,F,CC,SQ,D
14:10:03,ICBP,RG,10300,1,F,CC,PD,D
14:10:03,ICBP,RG,10300,10,F,CC,FS,D
14:10:03,ICBP,RG,10300,1,F,CC,PD,D
14:10:03,ICBP,RG,10300,41,F,CC,PD,D
14:10:03,ICBP,RG,10300,18,F,CC,SQ,D
14:10:03,ICBP,RG,10275,20,D,LG,CS,D
14:10:03,ICBP,RG,10275,1,D,LG,TP,F
14:10:03,ICBP,RG,10275,42,D,CS,TP,F
14:10:03,ICBP,RG,10275,8,D,CS,TP,F
14:10:03,ICBP,RG,10275,12,D,CS,TP,F
14:10:03,ICBP,RG,10275,96,D,OD,TP,F
14:10:03,ICBP,RG,10275,17,D,CS,TP,F
14:10:03,ICBP,RG,10275,3,D,CS,TP,F
14:10:03,ICBP,RG,10275,16,D,CS,TP,F
14:10:03,ICBP,RG,10275,4,D,CS,TP,F
14:10:03,ICBP,RG,10275,4,D,CS,TP,F
14:10:03,ICBP,RG,10275,6,D,CS,TP,F
14:10:03,ICBP,RG,10275,18,D,CS,TP,F
14:10:03,ICBP,RG,10275,9,D,CS,TP,F
14:10:03,ICBP,RG,10275,2,D,CS,TP,F
14:10:03,ICBP,RG,10275,1,D,CS,TP,F
14:10:03,ICBP,RG,10275,1,D,CS,TP,F
14:10:03,ICBP,RG,10275,3,D,CS,TP,F
14:10:03,ICBP,RG,10275,7,D,CS,TP,F
14:09:43,ICBP,RG,10275,16,D,CS,BK,D
14:09:43,ICBP,RG,10275,4,F,AK,BK,D
14:09:35,ICBP,RG,10275,1,F,AK,SH,D
14:09:17,ICBP,RG,10275,1,F,AK,CC,D
14:09:17,ICBP,RG,10275,1,F,AK,CC,D
14:09:10,ICBP,RG,10275,2,F,AK,PD,D
14:09:10,ICBP,RG,10275,1,F,AK,PD,D
14:09:01,ICBP,RG,10275,1,F,AK,DR,D
14:08:29,ICBP,RG,10300,1,F,YU,SQ,D
14:08:14,ICBP,RG,10275,15,F,AK,BK,D
14:08:14,ICBP,RG,10275,5,D,CS,BK,D
14:08:13,ICBP,RG,10275,2,D,CS,CS,D
14:08:13,ICBP,RG,10275,1,F,AK,CS,D
14:08:13,ICBP,RG,10275,1,D,CS,CS,D
14:08:13,ICBP,RG,10275,17,F,AK,CS,D
14:08:04,ICBP,RG,10275,20,F,AK,AK,D
14:08:04,ICBP,RG,10275,3,D,CS,AK,D
14:08:04,ICBP,RG,10275,5,D,CS,AK,D
14:07:38,ICBP,RG,10300,1,F,AK,SQ,D
14:07:38,ICBP,RG,10275,2,D,CS,PD,D
14:07:38,ICBP,RG,10275,1,D,CS,PD,D
14:07:34,ICBP,RG,10275,9,D,CS,BK,D
14:07:00,ICBP,RG,10275,1,D,CS,YU,D
14:06:22,ICBP,RG,10275,6,D,CS,CS,D
14:05:56,ICBP,RG,10275,5,D,CS,YP,D
14:05:56,ICBP,RG,10275,8,F,BK,YP,D
14:05:56,ICBP,RG,10275,10,D,CS,YP,D
14:05:56,ICBP,RG,10275,12,D,CS,YP,D
14:05:56,ICBP,RG,10275,5,D,CS,YP,D
14:05:56,ICBP,RG,10275,16,D,CS,YP,D
14:05:56,ICBP,RG,10275,3,D,CS,YP,D
14:05:56,ICBP,RG,10275,36,D,CS,YP,D
14:05:56,ICBP,RG,10275,17,D,CS,YP,D
14:05:56,ICBP,RG,10275,2,D,CS,YP,D
14:05:56,ICBP,RG,10275,28,D,CS,YP,D
14:05:56,ICBP,RG,10275,3,D,CS,YP,D
14:05:56,ICBP,RG,10275,4,D,CS,YP,D
14:05:56,ICBP,RG,10275,1,D,CS,YP,D
14:05:56,ICBP,RG,10275,105,F,AK,YP,D
14:05:56,ICBP,RG,10275,3,D,YU,YP,D
14:05:56,ICBP,RG,10275,4,F,AK,YP,D
14:05:56,ICBP,RG,10275,3,F,AK,YP,D
14:05:56,ICBP,RG,10275,9,F,AK,YP,D
14:05:56,ICBP,RG,10275,1,D,OD,YP,D
14:05:56,ICBP,RG,10275,18,D,CS,YP,D
14:05:56,ICBP,RG,10275,7,D,CS,YP,D
14:05:51,ICBP,RG,10275,9,D,CS,CS,D
14:05:51,ICBP,RG,10275,3,D,CS,CS,D
14:05:49,ICBP,RG,10275,26,D,CS,AK,D
14:05:37,ICBP,RG,10300,1,F,YU,SQ,D
14:05:18,ICBP,RG,10300,24,D,OD,SQ,D
14:05:18,ICBP,RG,10300,1,D,OD,PD,D
14:05:18,ICBP,RG,10300,23,D,OD,TP,D
14:05:14,ICBP,RG,10300,5,D,PD,TP,D
14:05:07,ICBP,RG,10300,5,D,PD,TP,D
14:05:07,ICBP,RG,10275,14,D,CS,TP,F
14:05:07,ICBP,RG,10275,5,D,CS,TP,F
14:05:07,ICBP,RG,10275,1,D,CS,TP,F
14:05:07,ICBP,RG,10275,3,D,CS,TP,F
14:05:07,ICBP,RG,10275,4,F,AK,TP,F
14:05:07,ICBP,RG,10275,21,D,CS,TP,F
14:05:07,ICBP,RG,10275,7,D,CS,TP,F
14:05:07,ICBP,RG,10275,34,F,AK,TP,F
14:05:07,ICBP,RG,10275,8,D,CS,TP,F
14:05:07,ICBP,RG,10275,1,D,CS,TP,F
14:05:07,ICBP,RG,10275,1,D,CS,TP,F
14:05:07,ICBP,RG,10275,72,D,OD,TP,F
14:05:07,ICBP,RG,10275,1,D,CS,TP,F
14:05:07,ICBP,RG,10275,13,D,CS,TP,F
14:05:07,ICBP,RG,10275,65,D,OD,TP,F
14:04:53,ICBP,RG,10275,11,D,OD,XL,D
14:04:49,ICBP,RG,10300,8,F,AK,TP,D
14:04:45,ICBP,RG,10275,14,D,OD,CS,D
14:04:45,ICBP,RG,10275,31,D,OD,CC,D
14:04:45,ICBP,RG,10275,6,D,CS,CC,D
14:04:45,ICBP,RG,10275,5,D,CS,CC,D
14:04:45,ICBP,RG,10275,3,D,CS,CC,D
14:04:45,ICBP,RG,10275,2,D,CS,CC,D
14:04:45,ICBP,RG,10275,1,D,CS,CC,D
14:04:45,ICBP,RG,10275,1,D,CS,CC,D
14:04:45,ICBP,RG,10275,1,D,CS,CC,D
14:04:45,ICBP,RG,10275,1,D,CS,CC,D
14:04:45,ICBP,RG,10275,1,D,CS,CC,D
14:04:45,ICBP,RG,10275,46,D,CS,CC,D
14:04:45,ICBP,RG,10275,3,D,YU,CC,D
14:04:45,ICBP,RG,10275,1,D,CS,CC,D
14:04:45,ICBP,RG,10275,9,D,CS,CC,D
14:04:45,ICBP,RG,10275,4,D,CS,CC,D
14:04:35,ICBP,RG,10300,1,D,PD,TP,D
14:04:29,ICBP,RG,10300,2,D,CC,TP,D
14:03:41,ICBP,RG,10300,6,D,YU,TP,D
14:03:41,ICBP,RG,10300,23,D,YU,TP,D
14:02:44,ICBP,RG,10300,1,F,YU,TP,D
14:02:28,ICBP,RG,10275,2,F,AK,DR,D
14:01:55,ICBP,RG,10275,1,F,AK,SQ,D
14:01:55,ICBP,RG,10275,1,F,AK,SQ,D
14:01:44,ICBP,RG,10275,3,F,AK,PD,D
14:01:44,ICBP,RG,10275,3,D,CS,PD,D
14:01:20,ICBP,RG,10275,1,D,CS,XC,D
14:00:22,ICBP,RG,10300,5,D,PD,TP,D
14:00:13,ICBP,RG,10300,6,D,PD,TP,D
14:00:03,ICBP,RG,10275,1,D,CS,TP,F
14:00:03,ICBP,RG,10275,2,D,CS,TP,F
14:00:03,ICBP,RG,10275,21,D,CS,TP,F
14:00:03,ICBP,RG,10275,6,D,CS,TP,F
14:00:03,ICBP,RG,10275,7,D,CS,TP,F
14:00:03,ICBP,RG,10275,20,D,HP,TP,F
14:00:03,ICBP,RG,10275,9,F,AK,TP,F
14:00:03,ICBP,RG,10275,2,D,CS,TP,F
14:00:03,ICBP,RG,10275,3,D,CS,TP,F
14:00:03,ICBP,RG,10275,3,D,CS,TP,F
14:00:03,ICBP,RG,10275,8,D,CS,TP,F
14:00:03,ICBP,RG,10275,1,D,OD,TP,F
14:00:03,ICBP,RG,10275,13,F,YU,TP,F
14:00:03,ICBP,RG,10275,4,F,AK,TP,F
14:00:03,ICBP,RG,10275,3,F,AK,TP,F
14:00:03,ICBP,RG,10275,26,F,AK,TP,F
14:00:03,ICBP,RG,10275,31,D,CS,TP,F
14:00:03,ICBP,RG,10275,1,D,CS,TP,F
14:00:03,ICBP,RG,10275,5,D,CS,TP,F
14:00:03,ICBP,RG,10275,4,D,CS,TP,F
14:00:03,ICBP,RG,10275,18,D,CS,TP,F
14:00:03,ICBP,RG,10275,3,D,CS,TP,F
14:00:03,ICBP,RG,10275,20,D,CS,TP,F
14:00:03,ICBP,RG,10275,3,D,CS,TP,F
14:00:03,ICBP,RG,10275,5,D,CS,TP,F
14:00:03,ICBP,RG,10275,1,D,CS,TP,F
14:00:03,ICBP,RG,10275,1,D,CS,TP,F
14:00:03,ICBP,RG,10275,29,D,LG,TP,F
13:59:52,ICBP,RG,10300,1,F,AK,TP,D
13:59:52,ICBP,RG,10300,1,F,YU,TP,D
13:59:00,ICBP,RG,10275,6,D,LG,CC,D
13:58:39,ICBP,RG,10275,2,D,LG,PD,D
13:58:18,ICBP,RG,10275,27,D,LG,GR,D
13:57:53,ICBP,RG,10275,10,D,LG,YP,D
13:57:18,ICBP,RG,10275,10,D,LG,XC,D
13:57:12,ICBP,RG,10275,1,D,LG,CP,D
13:57:12,ICBP,RG,10275,40,D,LG,BK,D
13:57:12,ICBP,RG,10275,42,D,LG,PD,D
13:57:12,ICBP,RG,10275,100,D,LG,SQ,D
13:57:12,ICBP,RG,10275,2,D,LG,CC,D
13:57:12,ICBP,RG,10275,1,D,LG,XC,D
13:57:12,ICBP,RG,10275,52,D,LG,CC,D
13:57:12,ICBP,RG,10275,5,D,LG,CC,D
13:57:12,ICBP,RG,10275,43,D,LG,CS,D
13:57:12,ICBP,RG,10275,10,D,LG,LG,D
13:57:12,ICBP,RG,10275,8,D,LG,AK,F
13:57:12,ICBP,RG,10275,1,D,LG,CC,D
13:57:12,ICBP,RG,10275,53,D,LG,BK,D
13:57:12,ICBP,RG,10275,62,D,LG,DP,D
13:57:12,ICBP,RG,10275,55,D,LG,BK,F
13:57:12,ICBP,RG,10275,41,D,LG,TP,F
13:56:59,ICBP,RG,10275,1,F,AK,TP,F
13:56:59,ICBP,RG,10275,15,D,FS,TP,F
13:55:26,ICBP,RG,10275,5,D,PD,TP,F
13:55:21,ICBP,RG,10275,5,D,PD,TP,F
13:55:20,ICBP,RG,10275,121,D,OD,TP,F
13:55:03,ICBP,RG,10275,15,D,CS,TP,F
13:55:03,ICBP,RG,10275,1,F,ZP,TP,F
13:55:03,ICBP,RG,10275,6,D,CS,TP,F
13:55:03,ICBP,RG,10275,8,D,CS,TP,F
13:55:03,ICBP,RG,10275,14,D,CS,TP,F
13:55:03,ICBP,RG,10275,14,D,CS,TP,F
13:55:03,ICBP,RG,10275,1,F,ZP,TP,F
13:55:03,ICBP,RG,10275,1,F,ZP,TP,F
13:55:03,ICBP,RG,10275,2,D,CS,TP,F
13:54:57,ICBP,RG,10275,4,D,CS,PD,D
13:54:57,ICBP,RG,10275,2,F,AK,PD,D
13:54:57,ICBP,RG,10275,4,F,AK,PD,D
13:54:19,ICBP,RG,10275,1,D,CS,BK,F
13:54:19,ICBP,RG,10275,1,D,CS,BK,F
13:54:19,ICBP,RG,10275,8,F,AK,BK,F
13:54:19,ICBP,RG,10275,1,F,ZP,BK,F
13:54:19,ICBP,RG,10275,12,D,CS,BK,F
13:54:19,ICBP,RG,10275,9,F,AK,BK,F
13:54:19,ICBP,RG,10275,5,D,CS,BK,F
13:54:19,ICBP,RG,10275,1,F,AK,BK,F
13:54:19,ICBP,RG,10275,16,D,CS,BK,F
13:54:19,ICBP,RG,10275,5,F,AK,BK,F
13:54:19,ICBP,RG,10275,5,F,AK,BK,F
13:54:19,ICBP,RG,10275,3,F,AK,BK,F
13:54:19,ICBP,RG,10275,3,F,AK,BK,F
13:54:19,ICBP,RG,10275,3,F,AK,BK,F
13:54:19,ICBP,RG,10275,2,D,CS,BK,F
13:54:19,ICBP,RG,10275,2,D,CS,BK,F
13:54:19,ICBP,RG,10275,1,D,CS,BK,F
13:54:19,ICBP,RG,10275,21,D,CS,SQ,D
13:54:19,ICBP,RG,10275,6,D,CS,SQ,D
13:54:19,ICBP,RG,10275,4,D,CS,SQ,D
13:54:19,ICBP,RG,10275,10,D,CS,SQ,D
13:54:19,ICBP,RG,10275,3,D,CS,SQ,D
13:54:19,ICBP,RG,10275,2,D,CS,SQ,D
13:54:19,ICBP,RG,10275,4,D,CS,SQ,D
13:54:19,ICBP,RG,10275,1,D,CS,SQ,D
13:54:19,ICBP,RG,10275,1,D,CS,SQ,D
13:54:19,ICBP,RG,10275,4,D,CS,SQ,D
13:54:19,ICBP,RG,10275,4,D,CS,SQ,D
13:54:19,ICBP,RG,10275,5,D,CS,SQ,D
13:54:19,ICBP,RG,10275,13,D,CS,SQ,D
13:54:19,ICBP,RG,10275,1,F,ZP,SQ,D
13:54:19,ICBP,RG,10275,21,F,AK,SQ,D
13:54:09,ICBP,RG,10275,19,F,AK,SQ,D
13:54:09,ICBP,RG,10275,4,D,CS,SQ,D
13:54:09,ICBP,RG,10275,77,F,AK,SQ,D
13:53:59,ICBP,RG,10275,36,F,AK,BK,F
13:53:59,ICBP,RG,10275,2,D,CS,BK,F
13:53:59,ICBP,RG,10275,2,D,CS,BK,F
13:53:59,ICBP,RG,10275,2,D,CS,BK,F
13:53:59,ICBP,RG,10275,17,F,AK,BK,F
13:53:59,ICBP,RG,10275,3,D,YU,BK,F
13:53:59,ICBP,RG,10275,7,D,CS,BK,F
13:53:59,ICBP,RG,10275,18,D,CS,BK,F
13:53:59,ICBP,RG,10275,6,D,CS,BK,F
13:53:59,ICBP,RG,10275,38,D,CS,BK,F
13:53:59,ICBP,RG,10275,21,D,CS,BK,F
13:53:59,ICBP,RG,10275,4,D,CS,BK,F
13:53:59,ICBP,RG,10275,1,D,CS,BK,F
13:53:59,ICBP,RG,10275,1,D,CS,BK,F
13:53:59,ICBP,RG,10275,3,D,CS,BK,F
13:53:59,ICBP,RG,10275,1,D,CS,BK,F
13:53:59,ICBP,RG,10275,4,D,CS,BK,F
13:53:59,ICBP,RG,10275,1,D,CS,BK,F
13:53:59,ICBP,RG,10275,2,D,CS,BK,F
13:53:59,ICBP,RG,10275,4,D,CS,BK,F
13:53:59,ICBP,RG,10275,10,D,CS,BK,F
13:53:59,ICBP,RG,10275,17,D,YU,BK,F
13:53:59,ICBP,RG,10275,1,D,YP,BK,F
13:53:59,ICBP,RG,10275,3,F,ZP,BK,F
13:53:59,ICBP,RG,10275,7,D,CS,BK,F
13:53:59,ICBP,RG,10275,2,D,CS,BK,F
13:53:59,ICBP,RG,10275,7,D,CS,BK,F
13:53:59,ICBP,RG,10275,2,F,ZP,BK,F
13:53:59,ICBP,RG,10275,9,D,CS,BK,F
13:53:59,ICBP,RG,10275,23,D,CS,BK,F
13:53:59,ICBP,RG,10275,4,D,CS,BK,F
13:53:59,ICBP,RG,10275,16,D,CS,BK,F
13:53:59,ICBP,RG,10275,3,D,CS,BK,F
13:53:59,ICBP,RG,10275,3,D,EP,BK,F
13:53:59,ICBP,RG,10275,1,D,OD,BK,F
13:53:59,ICBP,RG,10275,166,F,BK,BK,F
13:53:59,ICBP,RG,10275,5,F,AK,BK,F
13:53:59,ICBP,RG,10275,5,F,AK,BK,F
13:53:59,ICBP,RG,10275,4,F,AK,BK,F
13:53:59,ICBP,RG,10275,3,F,AK,BK,F
13:53:59,ICBP,RG,10275,4,F,AK,BK,F
13:53:59,ICBP,RG,10275,2,F,AK,BK,F
13:53:59,ICBP,RG,10275,9,F,AK,BK,F
13:53:59,ICBP,RG,10275,10,F,AK,BK,F
13:53:59,ICBP,RG,10275,11,F,AK,BK,F
13:53:59,ICBP,RG,10275,1,D,CS,BK,F
13:53:59,ICBP,RG,10275,23,D,CS,BK,F
13:53:53,ICBP,RG,10300,4,D,CS,TP,D
13:53:53,ICBP,RG,10300,9,F,AK,TP,D
13:53:53,ICBP,RG,10300,2,F,AK,XC,D
13:53:53,ICBP,RG,10300,1,F,AK,YP,D
13:53:53,ICBP,RG,10300,1,F,AK,XC,D
13:53:53,ICBP,RG,10300,10,F,AK,GR,D
13:53:52,ICBP,RG,10300,1,D,CS,GR,D
13:53:52,ICBP,RG,10300,2,D,CS,GR,D
13:53:52,ICBP,RG,10300,1,D,CS,GR,D
13:53:52,ICBP,RG,10300,2,D,CS,GR,D
13:53:52,ICBP,RG,10275,6,D,CS,AK,F
13:53:52,ICBP,RG,10275,35,D,CS,BK,F
13:53:52,ICBP,RG,10275,6,D,CS,BK,F
13:53:52,ICBP,RG,10275,6,D,CS,BK,F
13:53:52,ICBP,RG,10275,57,D,CS,BK,F
13:53:52,ICBP,RG,10275,3,D,CS,BK,F
13:53:52,ICBP,RG,10275,40,D,CS,BK,F
13:53:52,ICBP,RG,10275,4,D,CS,BK,F
13:53:52,ICBP,RG,10275,1,D,CS,BK,F
13:53:52,ICBP,RG,10275,14,D,CS,BK,F
13:53:52,ICBP,RG,10275,2,D,CS,BK,F
13:53:52,ICBP,RG,10275,15,D,CS,BK,F
13:53:52,ICBP,RG,10275,12,D,CS,BK,F
13:53:52,ICBP,RG,10275,30,D,CS,BK,F
13:53:52,ICBP,RG,10275,8,F,BK,BK,F
13:53:52,ICBP,RG,10275,32,D,CS,BK,F
13:53:52,ICBP,RG,10275,5,D,CS,BK,F
13:53:52,ICBP,RG,10275,2,D,CS,BK,F
13:53:52,ICBP,RG,10275,1,D,CS,BK,F
13:53:52,ICBP,RG,10275,2,D,CS,BK,F
13:53:52,ICBP,RG,10275,7,D,CS,BK,F
13:53:52,ICBP,RG,10275,4,D,CS,BK,F
13:53:52,ICBP,RG,10275,2,F,YU,BK,F
13:53:52,ICBP,RG,10275,2,D,CS,BK,F
13:53:52,ICBP,RG,10275,27,F,AK,BK,F
13:53:52,ICBP,RG,10275,13,F,ZP,BK,F
13:53:52,ICBP,RG,10275,5,D,CS,BK,F
13:53:52,ICBP,RG,10275,9,D,CS,BK,F
13:53:52,ICBP,RG,10275,9,D,CS,BK,F
13:53:52,ICBP,RG,10275,6,D,CS,BK,F
13:53:52,ICBP,RG,10275,4,D,CS,BK,F
13:53:52,ICBP,RG,10275,9,D,CS,BK,F
13:53:52,ICBP,RG,10275,6,D,CS,BK,F
13:53:52,ICBP,RG,10275,1,D,CS,BK,F
13:53:52,ICBP,RG,10275,1,D,CS,BK,F
13:53:52,ICBP,RG,10275,10,D,CS,BK,F
13:53:52,ICBP,RG,10275,5,D,CS,BK,F
13:53:52,ICBP,RG,10275,14,D,CS,BK,F
13:53:52,ICBP,RG,10275,17,D,CS,BK,F
13:53:52,ICBP,RG,10275,1,D,CS,BK,F
13:53:52,ICBP,RG,10275,26,D,CS,BK,F
13:53:52,ICBP,RG,10275,3,D,CS,BK,F
13:53:52,ICBP,RG,10275,2,D,CS,BK,F
13:53:52,ICBP,RG,10275,1,D,CS,BK,F
13:53:52,ICBP,RG,10275,2,D,CS,BK,F
13:53:52,ICBP,RG,10275,1,D,CS,BK,F
13:53:52,ICBP,RG,10275,4,D,CS,BK,F
13:53:52,ICBP,RG,10275,1,D,CS,BK,F
13:53:52,ICBP,RG,10275,1,D,CS,BK,F
13:53:52,ICBP,RG,10275,3,D,YU,BK,F
13:53:52,ICBP,RG,10275,9,D,CS,BK,F
13:53:52,ICBP,RG,10275,2,F,AK,BK,F
13:53:52,ICBP,RG,10275,3,D,YU,BK,F
13:53:52,ICBP,RG,10275,4,D,CS,BK,F
13:53:52,ICBP,RG,10275,4,D,CS,BK,F
13:53:52,ICBP,RG,10275,1,F,AK,BK,F
13:53:52,ICBP,RG,10275,18,D,YU,BK,F
13:53:52,ICBP,RG,10275,12,D,LG,BK,F
13:53:52,ICBP,RG,10300,1,D,CS,GR,D
13:53:52,ICBP,RG,10300,1,D,CS,GR,D
13:53:52,ICBP,RG,10300,1,D,CS,GR,D
13:53:52,ICBP,RG,10300,1,D,CS,GR,D
13:53:52,ICBP,RG,10300,1,D,CS,YP,D
13:53:52,ICBP,RG,10300,23,D,YP,YP,D
13:53:52,ICBP,RG,10300,1,D,YP,SQ,D
13:53:52,ICBP,RG,10300,1,D,YP,XC,D
13:53:52,ICBP,RG,10300,50,D,YP,NI,D
13:53:52,ICBP,RG,10300,2,D,YP,PD,D
13:53:52,ICBP,RG,10300,1,D,YP,NI,D
13:53:52,ICBP,RG,10300,1,D,YP,NI,D
13:53:52,ICBP,RG,10300,10,D,YP,YP,D
13:53:52,ICBP,RG,10300,5,D,YP,DH,D
13:53:52,ICBP,RG,10300,5,D,YP,CC,D
13:53:52,ICBP,RG,10300,4,D,YP,PD,D
13:53:52,ICBP,RG,10300,30,D,YP,YP,D
13:53:52,ICBP,RG,10300,2,D,YP,PD,D
13:53:52,ICBP,RG,10300,1,D,YP,TF,D
13:53:52,ICBP,RG,10300,2,D,YP,BQ,D
13:53:52,ICBP,RG,10300,5,D,YP,XC,D
13:53:52,ICBP,RG,10300,20,D,YP,YP,D
13:53:52,ICBP,RG,10300,3,D,YP,YP,D
13:53:52,ICBP,RG,10300,1,D,YP,YP,D
13:53:52,ICBP,RG,10300,1,D,YP,PD,D
13:53:52,ICBP,RG,10300,20,D,YP,SQ,D
13:53:52,ICBP,RG,10300,2,D,YP,DH,D
13:53:52,ICBP,RG,10300,2,D,YP,XC,D
13:53:52,ICBP,RG,10300,1,D,YP,XC,D
13:53:36,ICBP,RG,10275,100,D,LG,SQ,D
13:53:09,ICBP,RG,10275,6,D,LG,CP,D
13:52:54,ICBP,RG,10275,16,D,LG,NI,D
13:51:53,ICBP,RG,10300,1,D,CS,DR,D
13:51:52,ICBP,RG,10300,1,D,CS,DR,D
13:51:52,ICBP,RG,10300,1,D,CS,DR,D
13:51:52,ICBP,RG,10300,1,D,CS,DR,D
13:51:52,ICBP,RG,10300,1,D,CS,DR,D
13:51:52,ICBP,RG,10300,1,D,CS,DR,D
13:51:52,ICBP,RG,10300,1,D,CS,DR,D
13:51:52,ICBP,RG,10300,2,D,CS,DR,D
13:51:52,ICBP,RG,10300,5,D,CS,DR,D
13:51:52,ICBP,RG,10300,2,D,CS,DR,D
13:51:52,ICBP,RG,10300,2,D,CS,HP,D
13:51:52,ICBP,RG,10300,3,D,CS,NI,D
13:51:52,ICBP,RG,10300,1,D,CS,NI,D
13:51:52,ICBP,RG,10300,1,D,CS,NI,D
13:51:52,ICBP,RG,10275,7,D,LG,AK,F
13:51:52,ICBP,RG,10275,32,D,LG,CS,D
13:51:52,ICBP,RG,10275,1,D,LG,YU,D
13:51:52,ICBP,RG,10275,1,D,LG,AK,F
13:51:52,ICBP,RG,10275,13,D,LG,AK,F
13:51:52,ICBP,RG,10275,3,D,LG,NI,D
13:51:52,ICBP,RG,10275,1,D,LG,YP,D
13:51:52,ICBP,RG,10275,10,D,LG,KK,D
13:51:52,ICBP,RG,10275,5,D,LG,GR,D
13:51:52,ICBP,RG,10275,1,D,LG,AR,D
13:51:52,ICBP,RG,10275,10,D,LG,AK,F
13:51:52,ICBP,RG,10275,5,D,LG,CS,D
13:51:49,ICBP,RG,10275,1,D,CS,CS,D
13:51:49,ICBP,RG,10275,1,D,CS,CS,D
13:51:49,ICBP,RG,10275,1,D,CS,CS,D
13:51:49,ICBP,RG,10275,1,D,CS,CS,D
13:51:44,ICBP,RG,10275,1,D,CS,CS,D
13:51:44,ICBP,RG,10275,1,D,CS,CS,D
13:51:44,ICBP,RG,10275,4,D,CS,CS,D
13:51:44,ICBP,RG,10275,1,D,CS,CS,D
13:51:44,ICBP,RG,10275,1,D,CS,CS,D
13:51:44,ICBP,RG,10275,1,D,CS,CS,D
13:51:44,ICBP,RG,10275,4,D,CS,CS,D
13:51:44,ICBP,RG,10275,5,D,CS,CS,D
13:51:44,ICBP,RG,10275,1,D,CS,CS,D
13:51:44,ICBP,RG,10275,1,D,CS,CS,D
13:51:43,ICBP,RG,10275,1,D,CS,CS,D
13:51:42,ICBP,RG,10275,1,D,OD,CS,D
13:51:41,ICBP,RG,10275,1,D,CS,CS,D
13:51:41,ICBP,RG,10275,4,D,CS,CS,D
13:51:39,ICBP,RG,10275,1,D,CS,YU,D
13:51:39,ICBP,RG,10275,1,D,CS,AZ,D
13:51:39,ICBP,RG,10275,1,D,CS,AZ,D
13:51:39,ICBP,RG,10275,1,D,CS,XC,D
13:51:35,ICBP,RG,10275,1,D,CS,CC,D
13:51:35,ICBP,RG,10275,1,D,CS,CC,D
13:51:35,ICBP,RG,10275,7,D,CS,CC,D
13:51:35,ICBP,RG,10275,1,D,CS,CC,D
13:51:35,ICBP,RG,10275,1,D,CS,CC,D
13:51:35,ICBP,RG,10275,1,D,CS,CC,D
13:51:35,ICBP,RG,10275,1,D,CS,CC,D
13:51:35,ICBP,RG,10275,1,D,CS,CC,D
13:51:35,ICBP,RG,10275,1,D,CS,CC,D
13:51:35,ICBP,RG,10275,2,D,CS,CC,D
13:51:35,ICBP,RG,10275,2,D,CS,CC,D
13:51:35,ICBP,RG,10275,1,D,CS,CC,D
13:51:35,ICBP,RG,10275,1,D,CS,CC,D
13:51:31,ICBP,RG,10275,1,D,CS,CC,D
13:51:31,ICBP,RG,10275,8,D,CS,CC,D
13:51:31,ICBP,RG,10275,11,D,CS,CC,D
13:51:31,ICBP,RG,10275,1,D,CS,CC,D
13:51:31,ICBP,RG,10275,1,D,CS,CC,D
13:51:30,ICBP,RG,10275,1,D,CS,CC,D
13:51:30,ICBP,RG,10275,6,D,CS,CC,D
13:51:30,ICBP,RG,10275,2,D,CS,CC,D
13:51:30,ICBP,RG,10275,1,D,CS,CC,D
13:51:30,ICBP,RG,10275,3,D,CS,CC,D
13:51:30,ICBP,RG,10275,1,D,CS,CC,D
13:51:30,ICBP,RG,10275,1,D,CS,CC,D
13:51:30,ICBP,RG,10275,2,D,CS,YJ,D
13:51:30,ICBP,RG,10275,2,D,CS,YP,D
13:51:30,ICBP,RG,10275,1,D,CS,LG,D
13:51:30,ICBP,RG,10275,1,D,CS,PD,D
13:51:30,ICBP,RG,10275,1,D,CS,PD,D
13:51:30,ICBP,RG,10275,12,D,CS,PD,D
13:51:30,ICBP,RG,10275,3,D,CS,PD,D
13:51:30,ICBP,RG,10275,3,D,CS,PD,D
13:51:30,ICBP,RG,10275,1,D,CS,PD,D
13:51:30,ICBP,RG,10275,2,D,CS,PD,D
13:51:30,ICBP,RG,10275,3,D,CS,PD,D
13:51:30,ICBP,RG,10275,3,D,CS,PD,D
13:51:30,ICBP,RG,10275,21,D,YP,PD,D
13:51:30,ICBP,RG,10275,33,D,YP,BK,D
13:51:30,ICBP,RG,10275,1,D,YP,YU,D
13:51:30,ICBP,RG,10275,33,D,YP,CS,D
13:51:30,ICBP,RG,10275,9,D,YP,AK,F
13:51:30,ICBP,RG,10275,15,D,YP,DX,D
13:51:30,ICBP,RG,10275,23,D,YP,AK,F
13:51:30,ICBP,RG,10275,10,D,YP,YP,D
13:51:30,ICBP,RG,10275,4,D,YP,CC,D
13:51:30,ICBP,RG,10275,1,D,YP,CC,D
13:51:28,ICBP,RG,10275,1,D,CS,CC,D
13:51:28,ICBP,RG,10275,1,D,CS,CC,D
13:51:28,ICBP,RG,10275,2,D,CS,CC,D
13:51:28,ICBP,RG,10275,1,D,CS,CC,D
13:51:25,ICBP,RG,10275,1,D,CS,CC,D
13:51:25,ICBP,RG,10275,1,D,CS,CC,D
13:51:25,ICBP,RG,10275,1,D,CS,CC,D
13:51:25,ICBP,RG,10275,2,D,CS,CC,D
13:51:25,ICBP,RG,10275,1,D,CS,CC,D
13:51:20,ICBP,RG,10275,12,F,ZP,CC,D
13:51:20,ICBP,RG,10275,1,D,CS,CC,D
13:51:20,ICBP,RG,10275,1,D,CS,CC,D
13:51:20,ICBP,RG,10275,1,D,CS,YP,D
13:51:20,ICBP,RG,10275,1,D,CS,KK,D
13:51:20,ICBP,RG,10275,1,D,CS,KK,D
13:51:20,ICBP,RG,10275,20,F,AK,PD,D
13:51:20,ICBP,RG,10275,1,D,CS,PD,D
13:51:20,ICBP,RG,10275,1,D,CS,PD,D
13:51:19,ICBP,RG,10275,16,D,CS,PD,D
13:51:19,ICBP,RG,10275,1,D,CS,PD,D
13:51:15,ICBP,RG,10275,1,D,CS,PD,D
13:51:15,ICBP,RG,10275,1,F,YU,PD,D
13:51:13,ICBP,RG,10275,1,D,CS,PD,D
13:51:13,ICBP,RG,10275,1,D,CS,PD,D
13:51:13,ICBP,RG,10275,1,D,CS,PD,D
13:51:13,ICBP,RG,10275,1,D,CS,PD,D
13:51:13,ICBP,RG,10275,5,D,CS,PD,D
13:51:13,ICBP,RG,10275,7,D,CS,BK,D
13:51:09,ICBP,RG,10275,1,D,CS,BK,D
13:51:09,ICBP,RG,10275,1,D,CS,BK,D
13:51:09,ICBP,RG,10275,1,D,CS,BK,D
13:51:09,ICBP,RG,10275,1,D,CS,BK,D
13:51:09,ICBP,RG,10275,11,D,CS,BK,D
13:51:09,ICBP,RG,10275,1,D,CS,BK,D
13:51:09,ICBP,RG,10275,4,D,CS,BK,D
13:51:09,ICBP,RG,10275,2,D,CS,BK,D
13:51:09,ICBP,RG,10275,3,D,CS,BK,D
13:51:05,ICBP,RG,10275,1,D,CS,BK,D
13:51:05,ICBP,RG,10275,1,D,CS,BK,D
13:51:05,ICBP,RG,10275,1,D,CS,BK,D
13:51:05,ICBP,RG,10275,2,D,CS,BK,D
13:51:05,ICBP,RG,10275,1,D,CS,BK,D
13:51:05,ICBP,RG,10275,1,D,CS,BK,D
13:51:05,ICBP,RG,10275,1,D,CS,BK,D
13:51:05,ICBP,RG,10275,3,D,CS,BK,D
13:51:05,ICBP,RG,10275,1,D,CS,BK,D
13:51:05,ICBP,RG,10275,1,D,CS,BK,D
13:51:05,ICBP,RG,10275,1,D,CS,BK,D
13:51:02,ICBP,RG,10275,5,D,CS,BK,D
13:51:02,ICBP,RG,10275,1,D,CS,BK,D
13:51:02,ICBP,RG,10275,4,D,CS,BK,D
13:51:02,ICBP,RG,10275,9,D,CS,BK,D
13:51:02,ICBP,RG,10275,1,D,CS,BK,D
13:51:02,ICBP,RG,10275,1,D,CS,BK,D
13:51:02,ICBP,RG,10275,1,D,CS,BK,D
13:51:02,ICBP,RG,10275,1,D,CS,BK,D
13:51:02,ICBP,RG,10275,1,D,CS,BK,D
13:51:02,ICBP,RG,10275,1,D,CS,ZP,D
13:51:02,ICBP,RG,10275,19,D,CS,ZP,D
13:51:02,ICBP,RG,10275,16,D,CS,ZP,D
13:51:02,ICBP,RG,10275,26,D,CS,ZP,D
13:51:02,ICBP,RG,10275,18,D,CS,ZP,D
13:51:02,ICBP,RG,10275,14,D,CS,ZP,D
13:51:02,ICBP,RG,10275,1,D,CS,ZP,D
13:51:02,ICBP,RG,10275,1,D,CS,ZP,D
13:51:02,ICBP,RG,10275,1,D,CS,ZP,D
13:51:02,ICBP,RG,10275,1,D,CS,ZP,D
13:51:02,ICBP,RG,10275,1,D,CS,ZP,D
13:51:02,ICBP,RG,10275,1,D,CS,ZP,D
13:51:01,ICBP,RG,10275,1,D,CS,ZP,D
13:51:01,ICBP,RG,10275,1,D,CS,ZP,D
13:51:01,ICBP,RG,10275,1,D,CS,ZP,D
13:51:01,ICBP,RG,10275,1,D,CS,ZP,D
13:51:01,ICBP,RG,10275,1,D,CS,ZP,D
13:51:01,ICBP,RG,10275,1,D,CS,ZP,D
13:51:01,ICBP,RG,10275,1,D,CS,ZP,D
13:51:01,ICBP,RG,10275,1,D,CS,ZP,D
13:51:01,ICBP,RG,10275,1,D,CS,ZP,D
13:51:01,ICBP,RG,10275,1,D,CS,ZP,D
13:51:01,ICBP,RG,10275,1,D,CS,ZP,D
13:51:01,ICBP,RG,10275,2,D,CS,ZP,D
13:51:01,ICBP,RG,10275,2,D,CS,ZP,D
13:51:01,ICBP,RG,10275,1,D,CS,ZP,D
13:51:01,ICBP,RG,10275,9,D,CS,ZP,D
13:51:01,ICBP,RG,10275,12,D,CS,ZP,D
13:51:01,ICBP,RG,10275,2,D,CS,ZP,D
13:51:01,ICBP,RG,10275,1,D,CS,ZP,D
13:51:01,ICBP,RG,10275,2,D,CS,ZP,D
13:51:01,ICBP,RG,10275,3,D,CS,ZP,D
13:51:01,ICBP,RG,10275,1,D,CS,ZP,D
13:51:01,ICBP,RG,10275,3,D,CS,ZP,D
13:51:01,ICBP,RG,10275,4,D,CS,ZP,D
13:51:01,ICBP,RG,10275,241,D,OD,ZP,D
13:50:56,ICBP,RG,10275,2,F,ZP,ZP,D
13:50:51,ICBP,RG,10275,1,D,CS,ZP,D
13:50:51,ICBP,RG,10275,17,F,BK,ZP,D
13:50:50,ICBP,RG,10275,1,D,CS,ZP,D
13:50:50,ICBP,RG,10275,1,D,CS,ZP,D
13:50:50,ICBP,RG,10275,1,D,CS,ZP,D
13:50:50,ICBP,RG,10275,1,D,CS,ZP,D
13:50:50,ICBP,RG,10275,1,D,CS,ZP,D
13:50:50,ICBP,RG,10275,1,D,CS,ZP,D
13:50:50,ICBP,RG,10275,1,D,CS,ZP,D
13:50:50,ICBP,RG,10275,1,D,CS,ZP,D
13:50:50,ICBP,RG,10275,21,F,AK,ZP,D
13:50:49,ICBP,RG,10275,1,D,CS,ZP,D
13:50:49,ICBP,RG,10275,1,D,CS,ZP,D
13:50:49,ICBP,RG,10275,1,D,CS,ZP,D
13:50:49,ICBP,RG,10275,1,D,CS,ZP,D
13:50:49,ICBP,RG,10275,1,D,CS,ZP,D
13:50:49,ICBP,RG,10275,1,D,CS,ZP,D
13:50:49,ICBP,RG,10275,1,D,CS,ZP,D
13:50:49,ICBP,RG,10275,1,D,CS,ZP,D
13:50:49,ICBP,RG,10275,1,D,CS,ZP,D
13:50:49,ICBP,RG,10275,4,D,CS,ZP,D
13:50:49,ICBP,RG,10275,1,D,CS,ZP,D
13:50:49,ICBP,RG,10275,2,D,CS,ZP,D
13:50:49,ICBP,RG,10275,1,D,CS,ZP,D
13:50:49,ICBP,RG,10275,2,D,CS,ZP,D
13:50:49,ICBP,RG,10275,2,D,CS,ZP,D
13:50:49,ICBP,RG,10275,1,D,CS,ZP,D
13:50:49,ICBP,RG,10275,4,D,CS,ZP,D
13:50:49,ICBP,RG,10275,1,D,CS,ZP,D
13:50:49,ICBP,RG,10275,2,D,CS,ZP,D
13:50:49,ICBP,RG,10275,6,D,CS,ZP,D
13:50:49,ICBP,RG,10275,1,D,CS,ZP,D
13:50:49,ICBP,RG,10250,118,D,LG,CC,D
13:50:45,ICBP,RG,10275,1,D,CS,ZP,D
13:50:45,ICBP,RG,10275,1,D,CS,ZP,D
13:50:45,ICBP,RG,10275,1,D,CS,ZP,D
13:50:45,ICBP,RG,10275,2,D,CS,ZP,D
13:50:45,ICBP,RG,10275,2,D,CS,ZP,D
13:50:45,ICBP,RG,10275,32,F,BK,ZP,D
13:50:40,ICBP,RG,10275,1,D,CS,ZP,D
13:50:39,ICBP,RG,10275,1,D,CS,ZP,D
13:50:39,ICBP,RG,10275,1,D,CS,ZP,D
13:50:39,ICBP,RG,10275,1,D,CS,ZP,D
13:50:39,ICBP,RG,10275,1,D,CS,ZP,D
13:50:39,ICBP,RG,10275,1,D,CS,ZP,D
13:50:39,ICBP,RG,10275,6,D,CS,ZP,D
13:50:39,ICBP,RG,10275,5,D,CS,ZP,D
13:50:39,ICBP,RG,10275,1,D,CS,ZP,D
13:50:39,ICBP,RG,10275,1,D,CS,ZP,D
13:50:39,ICBP,RG,10275,1,D,CS,ZP,D
13:50:39,ICBP,RG,10275,1,D,CS,ZP,D
13:50:39,ICBP,RG,10275,1,D,CS,ZP,D
13:50:39,ICBP,RG,10275,1,D,CS,ZP,D
13:50:39,ICBP,RG,10275,1,D,CS,ZP,D
13:50:39,ICBP,RG,10275,1,D,CS,ZP,D
13:50:39,ICBP,RG,10275,3,D,CS,ZP,D
13:50:39,ICBP,RG,10275,1,D,CS,ZP,D
13:50:39,ICBP,RG,10275,1,D,CS,ZP,D
13:50:39,ICBP,RG,10275,1,D,CS,ZP,D
13:50:39,ICBP,RG,10275,1,D,CS,ZP,D
13:50:39,ICBP,RG,10275,1,D,CS,ZP,D
13:50:39,ICBP,RG,10275,4,D,CS,ZP,D
13:50:39,ICBP,RG,10275,5,D,CS,ZP,D
13:50:39,ICBP,RG,10275,18,D,CS,ZP,D
13:50:39,ICBP,RG,10275,13,D,CS,ZP,D
13:50:39,ICBP,RG,10275,22,D,CS,ZP,D
13:50:39,ICBP,RG,10275,46,D,CS,ZP,D
13:50:39,ICBP,RG,10275,11,D,CS,ZP,D
13:50:27,ICBP,RG,10275,1,D,CS,ZP,D
13:50:27,ICBP,RG,10275,1,D,CS,ZP,D
13:50:27,ICBP,RG,10275,5,D,PD,ZP,D
13:50:16,ICBP,RG,10275,1,D,CS,ZP,D
13:50:16,ICBP,RG,10275,2,F,ZP,ZP,D
13:50:11,ICBP,RG,10275,1,D,CS,ZP,D
13:50:11,ICBP,RG,10275,1,D,CS,ZP,D
13:50:11,ICBP,RG,10275,1,D,CS,ZP,D
13:50:11,ICBP,RG,10275,1,D,CS,ZP,D
13:50:11,ICBP,RG,10275,1,D,CS,ZP,D
13:50:11,ICBP,RG,10275,1,D,CS,ZP,D
13:50:11,ICBP,RG,10275,1,D,CS,ZP,D
13:50:11,ICBP,RG,10275,1,D,CS,ZP,D
13:50:11,ICBP,RG,10275,32,D,YU,ZP,D
13:50:10,ICBP,RG,10275,1,D,CS,ZP,D
13:50:10,ICBP,RG,10275,3,D,CS,ZP,D
13:50:08,ICBP,RG,10275,1,D,CS,ZP,D
13:50:08,ICBP,RG,10275,1,D,CS,ZP,D
13:50:08,ICBP,RG,10275,6,D,PD,ZP,D
13:50:08,ICBP,RG,10275,6,D,YU,ZP,D
13:49:59,ICBP,RG,10275,1,D,CS,ZP,D
13:49:59,ICBP,RG,10275,1,D,CS,ZP,D
13:49:59,ICBP,RG,10275,1,D,CS,ZP,D
13:49:59,ICBP,RG,10275,1,D,CS,ZP,D
13:49:59,ICBP,RG,10275,2,D,CS,ZP,D
13:49:59,ICBP,RG,10275,1,D,CS,ZP,D
13:49:59,ICBP,RG,10275,1,D,CS,ZP,D
13:49:59,ICBP,RG,10275,2,D,CS,ZP,D
13:49:58,ICBP,RG,10275,40,D,CS,ZP,D
13:49:42,ICBP,RG,10275,1,D,CS,ZP,D
13:49:36,ICBP,RG,10275,2,F,ZP,ZP,D
13:49:14,ICBP,RG,10275,1,D,CS,ZP,D
13:48:56,ICBP,RG,10275,2,F,ZP,ZP,D
13:48:22,ICBP,RG,10275,1,F,YU,ZP,D
13:48:16,ICBP,RG,10275,1,D,CS,ZP,D
13:48:16,ICBP,RG,10275,2,F,ZP,ZP,D
13:47:49,ICBP,RG,10275,1,D,CS,ZP,D
13:47:49,ICBP,RG,10275,1,D,CS,ZP,D
13:47:49,ICBP,RG,10275,1,D,CS,ZP,D
13:47:49,ICBP,RG,10275,1,D,CS,ZP,D
13:47:49,ICBP,RG,10275,1,D,CS,ZP,D
13:47:49,ICBP,RG,10275,1,D,CS,ZP,D
13:47:49,ICBP,RG,10275,1,D,CS,ZP,D
13:47:49,ICBP,RG,10275,1,D,CS,ZP,D
13:47:48,ICBP,RG,10250,15,D,LG,DP,D
13:47:47,ICBP,RG,10275,7,D,CS,ZP,D
13:47:42,ICBP,RG,10275,1,D,CS,ZP,D
13:47:42,ICBP,RG,10275,1,D,CS,ZP,D
13:47:42,ICBP,RG,10275,6,D,CS,ZP,D
13:47:36,ICBP,RG,10275,2,F,ZP,ZP,D
13:47:35,ICBP,RG,10275,1,D,CS,ZP,D
13:47:35,ICBP,RG,10275,1,D,CS,ZP,D
13:47:35,ICBP,RG,10275,1,D,CS,ZP,D
13:47:35,ICBP,RG,10275,1,D,CS,ZP,D
13:47:35,ICBP,RG,10275,1,D,CS,ZP,D
13:47:35,ICBP,RG,10275,1,D,CS,ZP,D
13:47:35,ICBP,RG,10275,1,D,CS,ZP,D
13:47:35,ICBP,RG,10275,1,D,CS,ZP,D
13:47:35,ICBP,RG,10275,24,D,CS,ZP,D
13:47:34,ICBP,RG,10275,17,D,CS,ZP,D
13:47:34,ICBP,RG,10275,1,D,CS,ZP,D
13:47:34,ICBP,RG,10275,1,D,CS,ZP,D
13:47:34,ICBP,RG,10275,1,D,CS,ZP,D
13:47:34,ICBP,RG,10275,1,D,CS,ZP,D
13:47:34,ICBP,RG,10275,15,D,CS,ZP,D
13:47:30,ICBP,RG,10275,1,D,CS,ZP,D
13:47:30,ICBP,RG,10275,1,D,CS,ZP,D
13:47:30,ICBP,RG,10275,1,D,CS,ZP,D
13:47:30,ICBP,RG,10275,1,D,CS,ZP,D
13:47:30,ICBP,RG,10275,1,D,CS,ZP,D
13:47:30,ICBP,RG,10275,1,D,CS,ZP,D
13:47:30,ICBP,RG,10275,1,D,CS,ZP,D
13:47:30,ICBP,RG,10275,1,D,CS,ZP,D
13:47:30,ICBP,RG,10275,1,D,CS,ZP,D
13:47:30,ICBP,RG,10275,1,D,CS,ZP,D
13:47:30,ICBP,RG,10275,1,D,CS,ZP,D
13:47:30,ICBP,RG,10275,1,D,CS,ZP,D
13:47:29,ICBP,RG,10275,28,D,CS,ZP,D
13:47:28,ICBP,RG,10275,7,D,CS,ZP,D
13:47:26,ICBP,RG,10275,1,D,CS,ZP,D
13:47:26,ICBP,RG,10275,2,D,CS,ZP,D
13:47:26,ICBP,RG,10275,1,D,CS,ZP,D
13:47:26,ICBP,RG,10275,1,D,CS,ZP,D
13:47:26,ICBP,RG,10275,2,D,CS,ZP,D
13:47:26,ICBP,RG,10275,1,D,CS,ZP,D
13:47:26,ICBP,RG,10275,1,D,CS,ZP,D
13:47:26,ICBP,RG,10275,1,D,CS,ZP,D
13:47:26,ICBP,RG,10275,1,D,CS,ZP,D
13:47:26,ICBP,RG,10275,1,D,CS,ZP,D
13:47:26,ICBP,RG,10275,3,D,CS,ZP,D
13:47:26,ICBP,RG,10275,1,D,CS,ZP,D
13:47:26,ICBP,RG,10275,1,D,CS,ZP,D
13:47:26,ICBP,RG,10275,45,D,CS,ZP,D
13:47:26,ICBP,RG,10275,3,D,CS,PD,D
13:47:26,ICBP,RG,10275,9,D,CS,CC,D
13:47:11,ICBP,RG,10275,1,D,CS,CC,D
13:47:11,ICBP,RG,10275,1,D,CS,CC,D
13:47:11,ICBP,RG,10275,1,D,CS,CC,D
13:47:11,ICBP,RG,10250,8,D,LG,NI,D
13:46:56,ICBP,RG,10275,2,F,ZP,CC,D
13:46:52,ICBP,RG,10250,2,D,LG,YJ,D
13:46:49,ICBP,RG,10250,2,D,LG,YJ,D
13:46:22,ICBP,RG,10275,1,D,CS,CC,D
13:46:22,ICBP,RG,10275,1,D,CS,CC,D
13:46:22,ICBP,RG,10275,2,D,CS,CC,D
13:46:22,ICBP,RG,10275,2,D,CS,CC,D
13:46:22,ICBP,RG,10275,1,D,CS,CC,D
13:46:22,ICBP,RG,10275,1,D,CS,CC,D
13:46:22,ICBP,RG,10275,28,D,CS,CC,D
13:46:22,ICBP,RG,10275,17,D,CS,YP,D
13:46:22,ICBP,RG,10275,1,D,CS,NI,D
13:46:22,ICBP,RG,10275,2,D,CS,GR,D
13:46:16,ICBP,RG,10275,2,F,ZP,GR,D
13:46:16,ICBP,RG,10275,1,D,OD,GR,D
13:46:00,ICBP,RG,10275,1,D,CS,LS,D
13:46:00,ICBP,RG,10275,1,D,CS,YP,D
13:46:00,ICBP,RG,10275,2,D,CS,CC,D
13:46:00,ICBP,RG,10275,1,D,CS,PD,D
13:46:00,ICBP,RG,10275,1,D,CS,KK,D
13:46:00,ICBP,RG,10275,1,D,CS,CC,D
13:46:00,ICBP,RG,10275,1,D,CS,CC,D
13:46:00,ICBP,RG,10250,42,D,LG,PD,D
13:45:54,ICBP,RG,10275,4,D,CS,YP,D
13:45:43,ICBP,RG,10250,1,D,LG,BQ,D
13:45:32,ICBP,RG,10275,1,D,CS,YP,D
13:45:32,ICBP,RG,10275,1,D,PD,DH,D
13:45:32,ICBP,RG,10275,1,D,PD,YP,D
13:45:32,ICBP,RG,10275,3,D,PD,SQ,D
13:45:32,ICBP,RG,10275,1,D,CS,PD,D
13:45:32,ICBP,RG,10275,2,D,CS,YP,D
13:45:32,ICBP,RG,10275,3,D,CS,YP,D
13:45:32,ICBP,RG,10275,48,D,OD,YP,D
13:45:30,ICBP,RG,10275,1,F,YU,YP,D
13:45:29,ICBP,RG,10250,3,D,LG,AZ,D
13:45:18,ICBP,RG,10250,1,D,LG,XC,D
13:45:11,ICBP,RG,10275,1,D,CS,YP,D
13:45:11,ICBP,RG,10275,5,D,PD,YP,D
13:44:41,ICBP,RG,10275,1,D,CS,YP,D
13:44:41,ICBP,RG,10275,1,D,CS,YP,D
13:44:41,ICBP,RG,10275,1,D,CS,YP,D
13:44:41,ICBP,RG,10275,1,D,CS,YP,D
13:44:41,ICBP,RG,10275,1,D,CS,YP,D
13:44:41,ICBP,RG,10275,1,D,CS,YP,D
13:44:41,ICBP,RG,10275,1,D,CS,YP,D
13:44:40,ICBP,RG,10250,3,D,LG,CC,D
13:43:44,ICBP,RG,10250,1,D,LG,CC,D
13:43:42,ICBP,RG,10250,4,D,LG,PD,D
13:43:32,ICBP,RG,10275,5,D,YU,YP,D
13:43:28,ICBP,RG,10275,11,D,CS,YP,D
13:43:28,ICBP,RG,10275,9,D,CS,YP,D
13:43:28,ICBP,RG,10275,8,D,CS,YP,D
13:43:28,ICBP,RG,10275,1,D,CS,CP,D
13:43:28,ICBP,RG,10275,5,D,CS,YP,D
13:43:28,ICBP,RG,10275,1,D,CS,YP,D
13:43:28,ICBP,RG,10275,24,D,CS,PD,D
13:43:28,ICBP,RG,10275,9,D,CS,PD,D
13:43:28,ICBP,RG,10275,4,D,CS,PD,D
13:43:28,ICBP,RG,10275,4,D,CS,PD,D
13:43:28,ICBP,RG,10250,5,D,LG,AK,F
13:43:28,ICBP,RG,10250,25,D,LG,CC,D
13:43:28,ICBP,RG,10250,63,D,LG,AK,F
13:43:28,ICBP,RG,10250,43,D,LG,BK,D
13:43:28,ICBP,RG,10250,37,D,LG,CS,D
13:43:28,ICBP,RG,10250,3,D,LG,PD,D
13:43:28,ICBP,RG,10250,1,D,LG,GR,D
13:43:28,ICBP,RG,10250,10,D,LG,SQ,D
13:43:28,ICBP,RG,10250,10,D,LG,CC,D
13:43:28,ICBP,RG,10250,1,D,LG,PD,D
13:43:28,ICBP,RG,10250,1,D,LG,PD,D
13:43:28,ICBP,RG,10250,8,D,LG,BK,D
13:43:28,ICBP,RG,10250,318,D,LG,TP,F
13:43:25,ICBP,RG,10250,12,D,CS,TP,F
13:43:24,ICBP,RG,10250,30,D,YU,TP,F
13:43:15,ICBP,RG,10250,6,D,CS,TP,F
13:43:15,ICBP,RG,10250,134,D,OD,TP,F
13:43:15,ICBP,RG,10250,1,D,OD,YU,D
13:43:15,ICBP,RG,10250,10,D,OD,NI,D
13:43:15,ICBP,RG,10250,68,D,OD,AK,F
13:43:15,ICBP,RG,10250,9,D,OD,AK,F
13:43:15,ICBP,RG,10250,19,D,OD,DP,D
13:42:59,ICBP,RG,10225,15,D,LG,DP,D
13:42:06,ICBP,RG,10250,37,D,CS,DP,D
13:42:06,ICBP,RG,10250,3,D,CS,AK,F
13:40:31,ICBP,RG,10250,6,D,PD,ZP,D
13:40:29,ICBP,RG,10250,5,D,PD,ZP,D
13:40:04,ICBP,RG,10225,5,D,LG,CC,D
13:39:16,ICBP,RG,10250,72,D,OD,ZP,D
13:39:14,ICBP,RG,10225,28,D,LG,BK,F
13:39:01,ICBP,RG,10250,2,D,YP,ZP,D
13:38:45,ICBP,RG,10225,5,D,LG,TP,D
13:38:41,ICBP,RG,10250,1,D,OD,ZP,D
13:38:31,ICBP,RG,10225,10,D,LG,YU,D
13:38:20,ICBP,RG,10250,15,D,CS,ZP,D
13:38:20,ICBP,RG,10250,5,F,AK,ZP,D
13:38:19,ICBP,RG,10250,1,D,CS,ZP,D
13:38:19,ICBP,RG,10250,2,D,CS,ZP,D
13:38:19,ICBP,RG,10250,4,D,CS,ZP,D
13:38:19,ICBP,RG,10250,11,D,CS,ZP,D
13:38:19,ICBP,RG,10250,2,D,CS,ZP,D
13:38:19,ICBP,RG,10250,11,D,CS,ZP,D
13:38:19,ICBP,RG,10250,1,D,CS,ZP,D
13:38:19,ICBP,RG,10250,5,F,AK,ZP,D
13:38:19,ICBP,RG,10250,4,F,AK,ZP,D
13:38:19,ICBP,RG,10250,3,F,AK,ZP,D
13:38:19,ICBP,RG,10250,3,F,AK,ZP,D
13:38:19,ICBP,RG,10250,18,F,AK,ZP,D
13:38:19,ICBP,RG,10250,1,F,BK,ZP,D
13:38:19,ICBP,RG,10250,3,D,CS,ZP,D
13:38:19,ICBP,RG,10250,2,D,CS,ZP,D
13:38:19,ICBP,RG,10250,1,D,CS,ZP,D
13:38:19,ICBP,RG,10250,6,D,CS,ZP,D
13:38:19,ICBP,RG,10250,7,D,CS,ZP,D
13:38:19,ICBP,RG,10250,2,F,YU,ZP,D
13:38:19,ICBP,RG,10250,16,F,ZP,ZP,D
13:38:19,ICBP,RG,10250,83,F,AK,ZP,D
13:38:19,ICBP,RG,10250,2,D,CS,ZP,D
13:38:19,ICBP,RG,10250,1,D,CS,ZP,D
13:38:19,ICBP,RG,10250,1,D,CS,ZP,D
13:38:19,ICBP,RG,10250,1,D,CS,ZP,D
13:38:19,ICBP,RG,10250,3,D,CS,ZP,D
13:38:19,ICBP,RG,10250,1,D,CS,ZP,D
13:38:19,ICBP,RG,10250,6,D,CS,ZP,D
13:38:19,ICBP,RG,10250,2,D,CS,ZP,D
13:38:19,ICBP,RG,10250,4,D,CS,ZP,D
13:38:19,ICBP,RG,10250,7,D,CS,ZP,D
13:38:19,ICBP,RG,10250,1,D,CS,ZP,D
13:38:19,ICBP,RG,10250,3,D,CS,ZP,D
13:38:19,ICBP,RG,10250,1,D,CS,ZP,D
13:38:19,ICBP,RG,10250,2,D,CS,ZP,D
13:38:19,ICBP,RG,10250,4,D,CS,ZP,D
13:38:19,ICBP,RG,10250,31,D,CS,ZP,D
13:38:19,ICBP,RG,10250,18,D,YU,ZP,D
13:38:19,ICBP,RG,10250,1,D,CS,ZP,D
13:38:19,ICBP,RG,10250,1,D,CS,ZP,D
13:38:19,ICBP,RG,10250,1,D,CS,ZP,D
13:38:19,ICBP,RG,10250,1,D,OD,ZP,D
13:38:19,ICBP,RG,10250,116,D,LG,ZP,D
13:38:05,ICBP,RG,10250,1,D,LG,YU,D
13:37:48,ICBP,RG,10250,1,D,LG,CS,D
13:37:48,ICBP,RG,10275,1,D,CS,PD,D
13:37:48,ICBP,RG,10275,1,D,CS,PD,D
13:37:48,ICBP,RG,10275,1,D,CS,PD,D
13:37:48,ICBP,RG,10275,1,D,CS,PD,D
13:37:48,ICBP,RG,10275,6,D,CS,PD,D
13:37:48,ICBP,RG,10275,15,D,CS,PD,D
13:37:48,ICBP,RG,10275,10,D,CS,PD,D
13:37:48,ICBP,RG,10275,2,D,CS,PD,D
13:37:48,ICBP,RG,10275,22,D,CS,PD,D
13:37:48,ICBP,RG,10275,1,D,CS,KK,D
13:37:48,ICBP,RG,10275,1,D,CS,KK,D
13:37:48,ICBP,RG,10275,8,D,CS,PD,D
13:37:48,ICBP,RG,10275,2,D,CS,HP,D
13:37:47,ICBP,RG,10250,11,D,LG,AK,F
13:37:47,ICBP,RG,10250,1,D,LG,YU,D
13:37:47,ICBP,RG,10250,34,D,LG,CS,D
13:37:47,ICBP,RG,10250,80,D,LG,AK,F
13:37:47,ICBP,RG,10250,3,D,LG,CC,D
13:37:47,ICBP,RG,10250,2,D,LG,NI,D
13:37:47,ICBP,RG,10250,1,D,LG,PD,D
13:37:47,ICBP,RG,10250,10,D,LG,ZP,D
13:37:47,ICBP,RG,10250,5,D,LG,SQ,D
13:37:47,ICBP,RG,10250,48,D,LG,GR,D
13:37:47,ICBP,RG,10250,5,D,LG,XL,D
13:37:47,ICBP,RG,10250,50,D,LG,YP,D
13:37:47,ICBP,RG,10250,10,D,LG,CC,D
13:37:47,ICBP,RG,10250,1,D,LG,YP,D
13:37:47,ICBP,RG,10250,1,D,LG,XC,D
13:37:47,ICBP,RG,10250,60,D,LG,CC,D
13:37:47,ICBP,RG,10250,1,D,LG,KK,D
13:37:47,ICBP,RG,10250,1,D,LG,PD,D
13:37:47,ICBP,RG,10250,1,D,LG,PD,D
13:37:47,ICBP,RG,10250,1,D,LG,XC,D
13:37:47,ICBP,RG,10250,5,D,LG,NI,D
13:37:47,ICBP,RG,10250,25,D,LG,CC,D
13:37:47,ICBP,RG,10250,2,D,LG,CP,D
13:37:47,ICBP,RG,10250,1,D,LG,XC,D
13:37:47,ICBP,RG,10250,4,D,LG,XC,D
13:37:47,ICBP,RG,10250,50,D,LG,LG,D
13:37:47,ICBP,RG,10250,10,D,LG,XA,D
13:37:47,ICBP,RG,10250,20,D,LG,YP,D
13:37:47,ICBP,RG,10250,1,D,LG,PD,D
13:37:47,ICBP,RG,10250,1,D,LG,AI,D
13:37:47,ICBP,RG,10250,50,D,LG,XL,D
13:37:47,ICBP,RG,10250,50,D,LG,PD,D
13:37:47,ICBP,RG,10250,25,D,LG,CC,D
13:37:47,ICBP,RG,10250,1,D,LG,SQ,D
13:37:47,ICBP,RG,10250,2,D,LG,XC,D
13:37:47,ICBP,RG,10250,5,D,LG,CC,D
13:37:47,ICBP,RG,10250,100,D,LG,SQ,D
13:37:47,ICBP,RG,10250,1,D,LG,PD,D
13:37:47,ICBP,RG,10250,1,D,LG,SQ,D
13:37:47,ICBP,RG,10250,1,D,LG,XL,D
13:37:47,ICBP,RG,10250,25,D,LG,GR,D
13:37:47,ICBP,RG,10250,1,D,LG,CC,D
13:37:47,ICBP,RG,10250,75,D,LG,PD,D
13:37:20,ICBP,RG,10225,2,D,LG,GR,D
13:37:06,ICBP,RG,10225,5,D,LG,AK,F
13:37:05,ICBP,RG,10250,25,D,OD,PD,D
13:37:05,ICBP,RG,10250,20,D,OD,SQ,D
13:37:05,ICBP,RG,10250,1,D,OD,NI,D
13:37:05,ICBP,RG,10250,3,D,OD,AI,D
13:37:05,ICBP,RG,10250,1,D,OD,NI,D
13:37:05,ICBP,RG,10250,5,D,OD,SQ,D
13:37:05,ICBP,RG,10250,1,D,OD,TF,D
13:37:05,ICBP,RG,10250,1,D,OD,YP,D
13:37:05,ICBP,RG,10250,2,D,OD,CC,D
13:37:05,ICBP,RG,10250,6,D,OD,CC,D
13:37:05,ICBP,RG,10250,7,D,OD,CC,D
13:36:56,ICBP,RG,10250,3,D,YP,CC,D
13:36:56,ICBP,RG,10250,2,D,YP,CC,D
13:36:56,ICBP,RG,10250,70,D,YP,CC,D
13:36:53,ICBP,RG,10250,1,F,YU,CC,D
13:36:45,ICBP,RG,10250,1,D,YP,CC,D
13:36:45,ICBP,RG,10250,78,F,AK,CC,D
13:36:45,ICBP,RG,10250,1,F,AK,PD,D
13:36:45,ICBP,RG,10250,1,F,AK,PD,D
13:36:45,ICBP,RG,10250,4,F,AK,YB,D
13:36:45,ICBP,RG,10250,1,F,AK,EP,D
13:36:45,ICBP,RG,10250,2,F,AK,HP,D
13:36:45,ICBP,RG,10250,1,F,AK,HP,D
13:36:45,ICBP,RG,10225,3,D,LG,AK,F
13:36:45,ICBP,RG,10225,20,D,LG,BK,D
13:36:45,ICBP,RG,10225,1,D,LG,NI,D
13:36:45,ICBP,RG,10225,50,D,LG,PD,D
13:36:45,ICBP,RG,10225,3,D,LG,PD,D
13:36:45,ICBP,RG,10225,1,D,LG,PD,D
13:36:45,ICBP,RG,10225,10,D,LG,CC,D
13:36:45,ICBP,RG,10225,4,D,LG,SQ,D
13:36:45,ICBP,RG,10225,20,D,LG,XA,D
13:36:45,ICBP,RG,10225,19,D,LG,DR,D
13:36:45,ICBP,RG,10225,2,D,LG,GR,D
13:36:45,ICBP,RG,10225,8,D,LG,XC,D
13:36:45,ICBP,RG,10225,1,D,LG,PD,D
13:36:45,ICBP,RG,10225,1,D,LG,LG,D
13:36:45,ICBP,RG,10225,25,D,LG,YP,D
13:36:45,ICBP,RG,10225,1,D,LG,PD,D
13:36:45,ICBP,RG,10225,1,D,LG,SQ,D
13:36:45,ICBP,RG,10225,5,D,LG,XL,D
13:36:45,ICBP,RG,10225,25,D,LG,CC,D
13:36:45,ICBP,RG,10225,5,D,LG,GR,D
13:36:45,ICBP,RG,10225,14,D,LG,CC,D
13:36:45,ICBP,RG,10225,3,D,LG,YP,D
13:36:45,ICBP,RG,10225,50,D,LG,LG,D
13:36:45,ICBP,RG,10225,10,D,LG,OD,D
13:36:45,ICBP,RG,10225,60,D,LG,GR,D
13:36:45,ICBP,RG,10225,10,D,LG,SQ,D
13:36:45,ICBP,RG,10225,1,D,LG,PD,D
13:36:45,ICBP,RG,10225,1,D,LG,AI,D
13:36:45,ICBP,RG,10225,10,D,LG,YP,D
13:36:45,ICBP,RG,10225,2,D,LG,XC,D
13:36:45,ICBP,RG,10225,55,D,LG,YP,D
13:36:45,ICBP,RG,10225,1,D,LG,PD,D
13:36:45,ICBP,RG,10225,215,D,LG,PD,D
13:36:40,ICBP,RG,10225,20,D,MK,PD,D
13:36:40,ICBP,RG,10225,2,D,MK,LG,D
13:36:40,ICBP,RG,10225,10,D,MK,LG,D
13:36:40,ICBP,RG,10225,18,D,MK,YP,D
13:36:40,ICBP,RG,10225,3,D,CS,YP,D
13:36:40,ICBP,RG,10225,3,D,CS,YP,D
13:36:40,ICBP,RG,10225,3,D,CS,YP,D
13:36:40,ICBP,RG,10225,2,D,CS,YP,D
13:36:40,ICBP,RG,10225,1,D,CS,CC,D
13:36:40,ICBP,RG,10200,1,D,CS,CS,D
13:36:40,ICBP,RG,10200,1,D,CS,CS,D
13:36:40,ICBP,RG,10200,3,D,CS,CS,D
13:36:40,ICBP,RG,10200,16,D,CS,CS,D
13:36:40,ICBP,RG,10200,5,D,CS,CS,D
13:36:40,ICBP,RG,10200,2,D,CS,CS,D
13:36:40,ICBP,RG,10200,3,D,CS,AK,F
13:36:40,ICBP,RG,10200,37,F,BK,CS,D
13:36:40,ICBP,RG,10200,14,F,BK,AK,F
13:36:40,ICBP,RG,10200,1,F,BK,GR,D
13:36:40,ICBP,RG,10200,1,F,BK,YU,D
13:36:40,ICBP,RG,10200,50,F,BK,CC,D
13:36:40,ICBP,RG,10200,42,F,BK,AK,F
13:36:40,ICBP,RG,10200,57,F,BK,OD,D
13:36:40,ICBP,RG,10200,1,F,BK,XC,D
13:36:40,ICBP,RG,10200,1,F,BK,CC,D
13:36:40,ICBP,RG,10200,10,F,BK,PD,D
13:36:40,ICBP,RG,10200,6,F,BK,PD,D
13:36:40,ICBP,RG,10200,1,F,BK,AT,D
13:36:40,ICBP,RG,10200,10,F,BK,PD,D
13:36:40,ICBP,RG,10200,36,F,BK,SQ,D
13:36:40,ICBP,RG,10200,100,F,BK,SQ,D
13:36:40,ICBP,RG,10200,2,F,BK,PD,D
13:36:40,ICBP,RG,10200,37,F,BK,PD,D
13:36:31,ICBP,RG,10200,163,F,BK,PD,D
13:36:31,ICBP,RG,10200,5,F,BK,SQ,D
13:36:31,ICBP,RG,10200,10,F,BK,HP,D
13:36:31,ICBP,RG,10200,5,F,BK,KK,D
13:36:31,ICBP,RG,10200,5,F,BK,EP,D
13:36:31,ICBP,RG,10200,2,F,BK,PD,D
13:36:31,ICBP,RG,10200,25,F,BK,CC,D
13:36:31,ICBP,RG,10200,9,F,BK,SQ,D
13:36:31,ICBP,RG,10200,16,F,BK,LG,D
13:36:31,ICBP,RG,10175,6,D,CS,AK,F
13:36:31,ICBP,RG,10175,4,D,CS,AK,F
13:36:31,ICBP,RG,10175,5,D,CS,AK,F
13:36:31,ICBP,RG,10175,3,F,AK,AK,F
13:36:31,ICBP,RG,10175,2,F,ZP,AK,F
13:36:31,ICBP,RG,10175,2,F,ZP,AK,F
13:36:31,ICBP,RG,10175,1,F,ZP,AK,F
13:36:31,ICBP,RG,10175,1,F,ZP,AK,F
13:36:31,ICBP,RG,10175,72,D,OD,AK,F
13:36:31,ICBP,RG,10175,56,F,BK,AK,F
13:36:31,ICBP,RG,10200,211,F,BK,LG,D
13:36:31,ICBP,RG,10200,7,F,BK,CC,D
13:36:31,ICBP,RG,10200,8,F,BK,XC,D
13:36:31,ICBP,RG,10200,30,F,BK,BK,D
13:36:31,ICBP,RG,10200,1,F,BK,YP,D
13:36:31,ICBP,RG,10200,2,F,BK,DX,D
13:36:31,ICBP,RG,10200,29,F,BK,BK,D
13:36:31,ICBP,RG,10200,15,F,BK,YP,D
13:36:31,ICBP,RG,10200,5,F,BK,CP,D
13:36:31,ICBP,RG,10200,29,F,BK,BK,D
13:36:31,ICBP,RG,10200,100,F,BK,YU,D
13:36:31,ICBP,RG,10200,5,F,BK,YP,D
13:36:31,ICBP,RG,10200,1,F,BK,PD,D
13:36:31,ICBP,RG,10200,28,F,BK,BK,D
13:36:31,ICBP,RG,10200,2,F,BK,XC,D
13:36:31,ICBP,RG,10200,1,F,BK,XC,D
13:36:31,ICBP,RG,10200,1,F,BK,XC,D
13:36:31,ICBP,RG,10200,58,F,BK,TP,F
13:36:31,ICBP,RG,10200,442,F,BK,TP,F
13:36:31,ICBP,RG,10200,5,F,BK,KK,D
13:36:31,ICBP,RG,10200,3,F,BK,NI,D
13:36:31,ICBP,RG,10200,50,F,BK,YP,D
13:36:31,ICBP,RG,10200,5,F,BK,CC,D
13:36:31,ICBP,RG,10200,1,F,BK,PD,D
13:36:31,ICBP,RG,10200,10,F,BK,PD,D
13:36:31,ICBP,RG,10200,1,F,BK,SQ,D
13:36:31,ICBP,RG,10200,2,F,BK,PD,D
13:36:31,ICBP,RG,10200,11,F,BK,PD,D
13:36:31,ICBP,RG,10200,3,F,BK,GR,D
13:36:30,ICBP,RG,10200,17,F,BK,GR,D
13:36:30,ICBP,RG,10200,21,F,BK,BK,D
13:36:30,ICBP,RG,10200,1,F,BK,XL,D
13:36:30,ICBP,RG,10200,20,F,BK,SQ,D
13:36:30,ICBP,RG,10200,5,F,BK,CC,D
13:36:30,ICBP,RG,10200,25,F,BK,YP,D
13:36:30,ICBP,RG,10200,1,F,BK,CC,D
13:36:30,ICBP,RG,10200,2,F,BK,GR,D
13:36:30,ICBP,RG,10200,2,F,BK,XC,D
13:36:30,ICBP,RG,10200,3,F,BK,PD,D
13:36:30,ICBP,RG,10200,6,F,BK,KK,D
13:36:30,ICBP,RG,10200,1,F,BK,PD,D
13:36:30,ICBP,RG,10200,10,F,BK,CC,D
13:36:30,ICBP,RG,10200,12,F,BK,DR,D
13:36:30,ICBP,RG,10200,15,F,BK,PD,D
13:36:30,ICBP,RG,10200,4,F,BK,IF,D
13:36:30,ICBP,RG,10200,10,F,BK,YP,D
13:36:30,ICBP,RG,10200,2,F,BK,LG,D
13:36:30,ICBP,RG,10200,6,F,BK,NI,D
13:36:30,ICBP,RG,10200,1,F,BK,XC,D
13:36:30,ICBP,RG,10200,1,F,BK,CC,D
13:36:30,ICBP,RG,10200,10,F,BK,SQ,D
13:36:30,ICBP,RG,10200,1,F,BK,CP,D
13:36:30,ICBP,RG,10200,5,F,BK,CP,D
13:36:30,ICBP,RG,10200,8,F,BK,ZP,D
13:36:30,ICBP,RG,10200,5,F,BK,NI,D
13:36:30,ICBP,RG,10200,50,F,BK,GR,D
13:36:30,ICBP,RG,10200,100,F,BK,YP,D
13:36:30,ICBP,RG,10200,3,F,BK,PD,D
13:36:30,ICBP,RG,10200,10,F,BK,DH,D
13:36:30,ICBP,RG,10200,1,F,BK,CC,D
13:36:30,ICBP,RG,10200,5,F,BK,KK,D
13:36:30,ICBP,RG,10200,6,F,BK,YP,D
13:36:30,ICBP,RG,10200,1,F,BK,OD,D
13:36:30,ICBP,RG,10200,7,F,BK,CC,D
13:36:30,ICBP,RG,10200,2,F,BK,YP,D
13:36:30,ICBP,RG,10200,2,F,BK,PD,D
13:36:30,ICBP,RG,10200,1,F,BK,PD,D
13:36:30,ICBP,RG,10200,1,F,BK,XC,D
13:36:30,ICBP,RG,10200,10,F,BK,SQ,D
13:36:30,ICBP,RG,10200,1,F,BK,YU,D
13:36:30,ICBP,RG,10200,1,F,BK,PD,D
13:36:30,ICBP,RG,10200,1,F,BK,EP,D
13:36:30,ICBP,RG,10200,1,F,BK,EP,D
13:36:30,ICBP,RG,10200,87,F,BK,LG,D
13:36:30,ICBP,RG,10200,1,F,BK,DR,D
13:36:30,ICBP,RG,10200,1,F,BK,YP,D
13:36:30,ICBP,RG,10200,1,F,BK,LG,D
13:36:30,ICBP,RG,10200,30,F,BK,OD,D
13:36:30,ICBP,RG,10200,10,F,BK,YU,D
13:36:30,ICBP,RG,10200,6,F,BK,PD,D
13:36:30,ICBP,RG,10200,24,F,BK,PD,D
13:36:30,ICBP,RG,10200,60,F,BK,GR,D
13:36:30,ICBP,RG,10200,2,F,BK,PD,D
13:36:30,ICBP,RG,10200,25,F,BK,CC,D
13:36:30,ICBP,RG,10200,1,F,BK,PD,D
13:36:30,ICBP,RG,10200,59,F,BK,YP,D
13:36:30,ICBP,RG,10200,5,F,BK,PD,D
13:36:30,ICBP,RG,10200,10,F,BK,SQ,D
13:36:30,ICBP,RG,10200,60,F,BK,YP,D
13:36:30,ICBP,RG,10200,1,F,BK,XC,D
13:36:30,ICBP,RG,10200,286,F,BK,SQ,D
13:36:30,ICBP,RG,10175,49,F,BK,AK,F
13:36:30,ICBP,RG,10200,14,F,BK,SQ,D
13:36:30,ICBP,RG,10200,20,F,BK,KK,D
13:36:30,ICBP,RG,10200,1,F,BK,PD,D
13:36:30,ICBP,RG,10200,142,F,BK,GR,D
13:36:21,ICBP,RG,10200,162,F,BK,GR,D
13:35:43,ICBP,RG,10175,73,F,BK,LG,D
13:35:43,ICBP,RG,10175,5,F,AK,LG,D
13:35:43,ICBP,RG,10175,3,F,AK,LG,D
13:35:43,ICBP,RG,10175,48,F,AK,LG,D
13:35:43,ICBP,RG,10175,13,D,CS,LG,D
13:35:43,ICBP,RG,10175,20,D,CS,LG,D
13:35:43,ICBP,RG,10175,1,D,CS,LG,D
13:35:43,ICBP,RG,10175,64,F,AK,LG,D
13:35:37,ICBP,RG,10200,6,D,PD,GR,D
13:35:32,ICBP,RG,10175,14,F,AK,YP,D
13:35:32,ICBP,RG,10175,11,D,CS,YP,D
13:35:32,ICBP,RG,10175,10,D,CS,YP,D
13:35:32,ICBP,RG,10175,1,D,CS,YP,D
13:35:13,ICBP,RG,10175,3,D,CS,DP,D
13:35:11,ICBP,RG,10200,4,D,PD,GR,D
13:34:28,ICBP,RG,10175,3,D,CS,PD,D
13:34:00,ICBP,RG,10175,3,D,CS,CC,D
13:32:57,ICBP,RG,10175,2,D,CS,XC,D
13:32:44,ICBP,RG,10175,1,D,CS,DP,D
13:32:44,ICBP,RG,10175,1,D,CS,DP,D
13:32:30,ICBP,RG,10175,11,D,CS,PD,D
13:32:30,ICBP,RG,10175,1,D,CS,PD,D
13:32:30,ICBP,RG,10175,1,D,CS,PD,D
13:32:30,ICBP,RG,10175,1,F,ZP,PD,D
13:32:30,ICBP,RG,10175,13,D,YP,PD,D
13:30:44,ICBP,RG,10175,4,D,YP,PD,D
13:30:42,ICBP,RG,10200,5,D,PD,GR,D
13:30:21,ICBP,RG,10200,6,D,PD,GR,D
13:30:15,ICBP,RG,10200,1,D,PD,GR,D
13:30:06,ICBP,RG,10175,1,D,YP,YP,D
13:30:06,ICBP,RG,10175,2,D,YP,YP,D
13:30:06,ICBP,RG,10175,3,D,YP,PD,D
13:30:06,ICBP,RG,10175,1,D,YP,PD,D
13:30:06,ICBP,RG,10175,1,D,YP,YP,D
13:30:06,ICBP,RG,10175,1,D,CS,YP,D
13:30:06,ICBP,RG,10175,4,D,CS,YP,D
13:30:05,ICBP,RG,10175,1,D,CS,YP,D
13:30:05,ICBP,RG,10175,1,D,CS,YP,D
13:30:05,ICBP,RG,10175,1,D,CS,YP,D
13:30:05,ICBP,RG,10175,3,F,AK,YP,D
13:30:05,ICBP,RG,10175,9,F,AK,DP,D
13:30:05,ICBP,RG,10175,1,D,CS,DP,D
13:30:05,ICBP,RG,10175,1,D,CS,DP,D
13:30:05,ICBP,RG,10175,8,F,AK,DP,D
13:30:04,ICBP,RG,10175,1,D,CS,DP,D
13:30:04,ICBP,RG,10175,1,D,CS,DP,D
13:30:04,ICBP,RG,10175,1,D,CS,DP,D
13:30:04,ICBP,RG,10175,11,D,YU,DP,D
13:30:04,ICBP,RG,10175,2,D,YU,PD,D
13:30:04,ICBP,RG,10175,1,D,YU,PD,D
13:30:04,ICBP,RG,10150,2,D,YU,XL,D
13:30:03,ICBP,RG,10175,1,D,CS,PD,D
13:30:03,ICBP,RG,10175,1,D,CS,PD,D
13:30:03,ICBP,RG,10150,2,D,YU,XL,D
13:30:03,ICBP,RG,10175,2,F,YU,PD,D
13:30:03,ICBP,RG,10150,1,D,YU,YU,D
13:30:03,ICBP,RG,10150,9,D,YU,XC,D
13:30:03,ICBP,RG,10175,3,F,ZP,PD,D
13:30:03,ICBP,RG,10175,3,F,ZP,BK,D
13:30:03,ICBP,RG,10175,1,D,CS,BK,D
13:30:02,ICBP,RG,10175,1,D,CS,BK,D
