Time,Stock,Brd,Price,Qty,BT,BC,SC,ST
15:12:55,ICBP,RG,9425,2,D,MK,KK,D
15:09:06,ICBP,RG,9425,27,D,OD,KK,D
15:06:29,ICBP,RG,9425,2,D,HP,KK,D
15:05:47,ICBP,RG,9425,1,D,PD,KK,D
15:05:29,ICBP,RG,9425,2,D,SQ,KK,D
15:03:29,ICBP,RG,9425,3,D,XL,KK,D
15:02:37,ICBP,RG,9425,1,D,YB,KK,D
15:00:00,ICBP,RG,9425,1,D,CC,KK,D
15:00:00,ICBP,RG,9425,1,D,PD,KK,D
15:00:00,ICBP,RG,9425,5,D,CC,KK,D
15:00:00,ICBP,RG,9425,10,D,CC,KK,D
15:00:00,ICBP,RG,9425,1,D,CC,KK,D
15:00:00,ICBP,RG,9425,24,F,KZ,KK,D
15:00:00,ICBP,RG,9425,1,F,KZ,KK,D
15:00:00,ICBP,RG,9425,4,F,KZ,XL,D
15:00:00,ICBP,RG,9425,1,F,KZ,CP,D
15:00:00,ICBP,RG,9425,1,F,KZ,XC,D
15:00:00,ICBP,RG,9425,25,F,KZ,PD,D
15:00:00,ICBP,RG,9425,1,F,KZ,YP,D
15:00:00,ICBP,RG,9425,2,F,KZ,DH,D
15:00:00,ICBP,RG,9425,530,F,KZ,CS,F
15:00:00,ICBP,RG,9425,319,F,BK,CS,F
15:00:00,ICBP,RG,9425,287,F,BK,CS,F
15:00:00,ICBP,RG,9425,586,F,BK,CS,F
15:00:00,ICBP,RG,9425,3,F,BK,PD,D
15:00:00,ICBP,RG,9425,5,F,BK,BQ,D
15:00:00,ICBP,RG,9425,15,F,BK,CC,D
15:00:00,ICBP,RG,9425,50,F,BK,XC,D
15:00:00,ICBP,RG,9425,4,F,BK,PD,D
15:00:00,ICBP,RG,9425,10,F,BK,SQ,D
15:00:00,ICBP,RG,9425,1,F,BK,NI,D
15:00:00,ICBP,RG,9425,1,F,BK,NI,D
15:00:00,ICBP,RG,9425,2,F,BK,NI,D
15:00:00,ICBP,RG,9425,80,F,BK,CC,D
15:00:00,ICBP,RG,9425,10,F,BK,XC,D
15:00:00,ICBP,RG,9425,2,F,BK,DH,D
15:00:00,ICBP,RG,9425,11,F,BK,XL,D
15:00:00,ICBP,RG,9425,2,F,BK,CC,D
15:00:00,ICBP,RG,9425,50,F,BK,KK,D
15:00:00,ICBP,RG,9425,177,F,BK,AI,D
15:00:00,ICBP,RG,9425,503,F,BK,AI,D
15:00:00,ICBP,RG,9425,1,F,BK,XC,D
15:00:00,ICBP,RG,9425,321,F,BK,CS,F
15:00:00,ICBP,RG,9425,32,F,BK,YP,D
15:00:00,ICBP,RG,9425,1,F,BK,CP,D
15:00:00,ICBP,RG,9425,42,F,BK,YU,F
15:00:00,ICBP,RG,9425,109,F,BK,YU,F
15:00:00,ICBP,RG,9425,48,F,BK,YU,F
15:00:00,ICBP,RG,9425,59,F,BK,YU,F
15:00:00,ICBP,RG,9425,58,F,BK,YU,F
15:00:00,ICBP,RG,9425,150,F,BK,CP,D
15:00:00,ICBP,RG,9425,22,F,BK,YU,F
15:00:00,ICBP,RG,9425,50,F,BK,YU,F
15:00:00,ICBP,RG,9425,20,F,BK,YU,F
15:00:00,ICBP,RG,9425,26,F,BK,YU,F
15:00:00,ICBP,RG,9425,48,F,BK,YU,F
15:00:00,ICBP,RG,9425,176,F,BK,YU,F
15:00:00,ICBP,RG,9425,1,F,BK,CC,D
15:00:00,ICBP,RG,9425,3,F,BK,MK,D
15:00:00,ICBP,RG,9425,100,F,BK,YB,D
15:00:00,ICBP,RG,9425,248,F,BK,AK,F
15:00:00,ICBP,RG,9425,19,F,BK,AK,F
15:00:00,ICBP,RG,9425,84,F,CC,AK,F
15:00:00,ICBP,RG,9425,324,F,CC,YU,F
15:00:00,ICBP,RG,9425,45,D,KZ,YU,F
15:00:00,ICBP,RG,9425,104,D,KZ,YU,F
15:00:00,ICBP,RG,9425,70,D,KZ,YU,F
15:00:00,ICBP,RG,9425,58,D,KZ,YU,F
15:00:00,ICBP,RG,9425,17,D,KZ,YU,F
15:00:00,ICBP,RG,9425,19,D,KZ,YU,F
15:00:00,ICBP,RG,9425,96,D,KZ,YU,F
15:00:00,ICBP,RG,9425,729,D,PD,YU,F
15:00:00,ICBP,RG,9425,395,F,DP,YU,F
15:00:00,ICBP,RG,9425,202,F,ZP,YU,F
15:00:00,ICBP,RG,9425,189,D,CC,YU,F
15:00:00,ICBP,RG,9425,11,D,CC,AK,F
15:00:00,ICBP,RG,9425,137,D,RX,AK,F
15:00:00,ICBP,RG,9425,93,D,RX,ZP,F
15:00:00,ICBP,RG,9425,7,D,RX,ZP,F
15:00:00,ICBP,RG,9425,33,D,RX,BB,D
15:00:00,ICBP,RG,9425,60,D,RX,BB,D
15:00:00,ICBP,RG,9425,92,D,RX,BB,D
15:00:00,ICBP,RG,9425,15,D,RX,ZP,D
15:00:00,ICBP,RG,9425,18,D,RX,ZP,D
15:00:00,ICBP,RG,9425,75,D,RX,PD,D
15:00:00,ICBP,RG,9425,190,D,RX,PD,D
15:00:00,ICBP,RG,9425,1228,F,ZP,PD,D
15:00:00,ICBP,RG,9425,11,F,ZP,LG,D
14:49:54,ICBP,RG,9400,2,D,RX,CC,D
14:49:37,ICBP,RG,9400,5,D,RX,YB,D
14:49:30,ICBP,RG,9425,5,F,ZP,PD,D
14:49:30,ICBP,RG,9425,8,F,ZP,YP,D
14:49:30,ICBP,RG,9400,15,D,RX,ZP,F
14:49:24,ICBP,RG,9400,1,D,RX,XC,D
14:49:23,ICBP,RG,9400,1,D,RX,BB,D
14:49:23,ICBP,RG,9400,223,D,RX,BB,D
14:49:21,ICBP,RG,9400,16,D,RX,BB,D
14:49:21,ICBP,RG,9400,1,D,RX,BB,D
14:49:20,ICBP,RG,9400,1,D,RX,BB,D
14:49:17,ICBP,RG,9400,3,D,RX,BB,D
14:49:08,ICBP,RG,9400,37,D,RX,BB,D
14:49:08,ICBP,RG,9400,9,D,RX,ZP,F
14:49:00,ICBP,RG,9400,56,D,RX,BB,D
14:48:58,ICBP,RG,9400,1,D,RX,BB,D
14:48:49,ICBP,RG,9400,12,D,RX,BB,D
14:48:49,ICBP,RG,9400,35,F,DP,BB,D
14:48:35,ICBP,RG,9400,2,F,DP,BB,D
14:48:34,ICBP,RG,9400,1,F,DP,AK,F
14:48:34,ICBP,RG,9400,16,F,DP,XC,D
14:48:31,ICBP,RG,9400,3,F,DP,AK,F
14:48:30,ICBP,RG,9400,32,F,DP,AK,F
14:48:30,ICBP,RG,9400,4,F,ZP,AK,F
14:48:30,ICBP,RG,9400,2,F,ZP,AK,F
14:48:30,ICBP,RG,9400,13,F,ZP,PD,D
14:48:30,ICBP,RG,9400,7,F,ZP,PD,D
14:48:23,ICBP,RG,9400,3,F,ZP,YP,D
14:48:21,ICBP,RG,9400,1,F,ZP,XC,D
14:48:00,ICBP,RG,9400,1,F,ZP,AK,F
14:48:00,ICBP,RG,9425,18,F,ZP,YP,D
14:47:29,ICBP,RG,9425,1,D,NI,YP,D
14:47:27,ICBP,RG,9425,1,D,CS,YP,D
14:47:25,ICBP,RG,9425,1,D,CS,YP,D
14:47:22,ICBP,RG,9400,1,F,ZP,AK,F
14:47:22,ICBP,RG,9400,1,F,ZP,CP,D
14:47:22,ICBP,RG,9400,4,F,ZP,YP,D
14:47:19,ICBP,RG,9400,2,D,RX,AK,F
14:47:18,ICBP,RG,9425,1,D,CS,YP,D
14:47:18,ICBP,RG,9425,2,D,CS,YP,D
14:47:18,ICBP,RG,9425,1,D,CS,YP,D
14:47:18,ICBP,RG,9425,2,D,CS,YP,D
14:47:18,ICBP,RG,9425,3,D,CS,YP,D
14:47:18,ICBP,RG,9425,3,D,CS,YP,D
14:47:18,ICBP,RG,9425,5,D,CS,YP,D
14:47:18,ICBP,RG,9425,4,D,CS,YP,D
14:47:18,ICBP,RG,9425,10,D,CS,SQ,D
14:47:09,ICBP,RG,9400,2,D,RX,AK,F
14:47:09,ICBP,RG,9425,6,D,CS,SQ,D
14:47:09,ICBP,RG,9425,4,D,CS,SQ,D
14:47:09,ICBP,RG,9425,3,D,CS,YJ,D
14:47:08,ICBP,RG,9425,1,D,CS,YJ,D
14:47:08,ICBP,RG,9425,1,D,CS,PD,D
14:47:08,ICBP,RG,9425,1,D,CS,GR,D
14:47:08,ICBP,RG,9425,12,D,CS,GR,D
14:47:08,ICBP,RG,9425,7,D,CS,GR,D
14:47:03,ICBP,RG,9400,2,D,RX,CC,D
14:47:02,ICBP,RG,9400,20,D,RX,AK,F
14:47:02,ICBP,RG,9425,1,D,CS,GR,D
14:47:02,ICBP,RG,9425,1,D,CS,GR,D
14:47:02,ICBP,RG,9425,1,D,CS,GR,D
14:47:02,ICBP,RG,9425,19,D,CS,GR,D
14:47:02,ICBP,RG,9425,1,D,CS,GR,D
14:47:01,ICBP,RG,9425,6,D,CS,GR,D
14:47:01,ICBP,RG,9425,2,D,CS,GR,D
14:46:59,ICBP,RG,9425,14,D,CS,GR,D
14:46:55,ICBP,RG,9425,1,D,CS,GR,D
14:46:55,ICBP,RG,9425,2,D,CS,GR,D
14:46:55,ICBP,RG,9425,1,D,CS,GR,D
14:46:55,ICBP,RG,9425,2,D,CS,GR,D
14:46:53,ICBP,RG,9425,2,D,CS,GR,D
14:46:52,ICBP,RG,9425,18,D,CS,GR,D
14:46:51,ICBP,RG,9425,6,D,CS,GR,D
14:46:49,ICBP,RG,9425,10,D,CS,GR,D
14:46:47,ICBP,RG,9425,2,D,CS,GR,D
14:46:46,ICBP,RG,9425,1,D,CS,GR,D
14:46:46,ICBP,RG,9425,3,D,CS,GR,D
14:46:46,ICBP,RG,9425,2,D,CS,GR,D
14:46:46,ICBP,RG,9425,37,D,CS,GR,D
14:46:46,ICBP,RG,9425,21,D,CS,GR,D
14:46:46,ICBP,RG,9425,2,D,CS,GR,D
14:46:46,ICBP,RG,9425,13,D,CS,GR,D
14:46:46,ICBP,RG,9425,62,D,CS,GR,D
14:46:46,ICBP,RG,9425,1,D,CS,PD,D
14:46:46,ICBP,RG,9425,1,D,CS,SQ,D
14:46:46,ICBP,RG,9425,2,D,CS,XC,D
14:46:46,ICBP,RG,9425,2,D,CS,YJ,D
14:46:46,ICBP,RG,9425,1,D,CS,YP,D
14:46:46,ICBP,RG,9425,2,D,CS,PD,D
14:46:46,ICBP,RG,9425,17,D,CS,PD,D
14:46:45,ICBP,RG,9425,1,D,CS,PD,D
14:46:45,ICBP,RG,9425,4,D,CS,PD,D
14:46:45,ICBP,RG,9425,3,D,CS,PD,D
14:46:45,ICBP,RG,9425,11,D,CS,PD,D
14:46:45,ICBP,RG,9425,13,D,CS,PD,D
14:46:45,ICBP,RG,9425,1,D,CS,PD,D
14:46:45,ICBP,RG,9425,3,D,CS,PD,D
14:46:45,ICBP,RG,9425,6,D,CS,PD,D
14:46:45,ICBP,RG,9425,2,D,CS,PD,D
14:46:45,ICBP,RG,9425,1,D,CS,PD,D
14:46:45,ICBP,RG,9425,14,D,CS,PD,D
14:46:45,ICBP,RG,9425,1,D,CS,PD,D
14:46:45,ICBP,RG,9425,6,D,CS,PD,D
14:46:45,ICBP,RG,9425,5,D,CS,PD,D
14:46:45,ICBP,RG,9425,9,D,CS,CC,D
14:46:45,ICBP,RG,9425,1,D,CS,CC,D
14:46:45,ICBP,RG,9425,1,D,CS,DX,D
14:46:45,ICBP,RG,9425,1,D,CS,XC,D
14:46:45,ICBP,RG,9425,1,D,CS,YP,D
14:46:45,ICBP,RG,9400,1,D,RX,BB,D
14:46:45,ICBP,RG,9400,5,D,RX,BB,D
14:46:45,ICBP,RG,9400,82,D,RX,YU,F
14:46:45,ICBP,RG,9400,248,D,RX,YU,F
14:46:45,ICBP,RG,9400,100,D,RX,YJ,D
14:46:45,ICBP,RG,9400,158,D,RX,BB,D
14:46:45,ICBP,RG,9400,2,D,RX,SQ,D
14:46:45,ICBP,RG,9400,2,D,RX,SQ,D
14:46:45,ICBP,RG,9400,7,D,RX,BQ,D
14:46:45,ICBP,RG,9400,5,D,RX,BQ,D
14:46:45,ICBP,RG,9400,1,D,RX,YP,D
14:46:45,ICBP,RG,9400,1,D,RX,EP,D
14:46:45,ICBP,RG,9400,1,D,RX,NI,D
14:46:45,ICBP,RG,9400,161,D,RX,BB,D
14:46:42,ICBP,RG,9400,3,D,CS,BB,D
14:46:42,ICBP,RG,9400,13,D,CS,BB,D
14:46:42,ICBP,RG,9400,1,D,CS,BB,D
14:46:34,ICBP,RG,9400,1,D,CS,BB,D
14:46:31,ICBP,RG,9400,26,D,CS,BB,D
14:46:31,ICBP,RG,9400,1,D,CS,BB,D
14:46:31,ICBP,RG,9400,1,D,CS,BB,D
14:46:31,ICBP,RG,9400,1,D,CS,BB,D
14:46:31,ICBP,RG,9400,1,D,CS,BB,D
14:46:30,ICBP,RG,9400,4,D,CS,BB,D
14:46:30,ICBP,RG,9400,6,D,CS,BB,D
14:46:29,ICBP,RG,9400,3,D,CS,BB,D
14:46:29,ICBP,RG,9400,7,D,CS,BB,D
14:46:29,ICBP,RG,9400,4,D,CS,BB,D
14:46:25,ICBP,RG,9400,1,D,CS,BB,D
14:46:24,ICBP,RG,9400,2,D,CS,BB,D
14:46:23,ICBP,RG,9400,1,D,CS,BB,D
14:46:17,ICBP,RG,9400,28,D,CS,BB,D
14:46:17,ICBP,RG,9400,20,D,CS,BB,D
14:46:17,ICBP,RG,9400,9,D,CS,BB,D
14:46:17,ICBP,RG,9400,3,D,CS,BB,D
14:46:17,ICBP,RG,9400,3,D,CS,BB,D
14:46:17,ICBP,RG,9400,1,D,CS,BB,D
14:46:15,ICBP,RG,9375,51,D,RX,XA,D
14:46:15,ICBP,RG,9400,4,D,CS,BB,D
14:46:15,ICBP,RG,9400,1,D,CS,BB,D
14:46:15,ICBP,RG,9400,1,D,CS,BB,D
14:46:15,ICBP,RG,9400,8,D,CS,BB,D
14:46:14,ICBP,RG,9400,1,D,CS,BB,D
14:46:14,ICBP,RG,9400,5,D,CS,BB,D
14:46:14,ICBP,RG,9400,8,D,CS,NI,D
14:46:14,ICBP,RG,9400,1,D,CS,NI,D
14:46:14,ICBP,RG,9400,1,D,CS,NI,D
14:46:14,ICBP,RG,9400,2,D,CS,NI,D
14:46:14,ICBP,RG,9375,1,D,RX,XL,D
14:46:14,ICBP,RG,9375,3,D,RX,RO,D
14:46:14,ICBP,RG,9375,266,D,RX,BB,D
14:46:14,ICBP,RG,9375,2,D,RX,CC,F
14:46:14,ICBP,RG,9375,18,D,RX,ZP,F
14:46:14,ICBP,RG,9375,1,D,RX,BB,D
14:46:14,ICBP,RG,9375,2,D,RX,BB,D
14:46:14,ICBP,RG,9375,18,D,RX,AK,F
14:46:14,ICBP,RG,9375,3,D,RX,ZP,F
14:46:07,ICBP,RG,9375,1,D,LG,ZP,F
14:46:00,ICBP,RG,9350,17,F,CS,ZP,F
14:45:39,ICBP,RG,9375,1,D,CS,ZP,F
14:45:38,ICBP,RG,9375,8,D,CS,ZP,F
14:45:38,ICBP,RG,9375,4,D,CS,ZP,F
14:45:33,ICBP,RG,9375,1,D,CS,AK,F
14:45:32,ICBP,RG,9375,1,D,CS,AK,F
14:45:23,ICBP,RG,9375,14,D,CS,AK,F
14:45:23,ICBP,RG,9375,33,D,YP,AK,F
14:45:13,ICBP,RG,9375,1,D,CS,AK,F
14:45:11,ICBP,RG,9375,1,D,CS,BB,D
14:45:08,ICBP,RG,9375,8,D,CS,BB,D
14:45:05,ICBP,RG,9375,15,D,CS,BB,D
14:45:04,ICBP,RG,9375,2,D,CS,BB,D
14:45:04,ICBP,RG,9350,15,F,CS,BB,D
14:45:00,ICBP,RG,9350,18,F,CS,AK,F
14:45:00,ICBP,RG,9375,14,D,CS,BB,D
14:44:43,ICBP,RG,9375,1,D,CS,BB,D
14:44:43,ICBP,RG,9375,1,D,CS,BB,D
14:44:43,ICBP,RG,9375,1,D,CS,BB,D
14:44:43,ICBP,RG,9375,1,D,CS,BB,D
14:44:43,ICBP,RG,9375,1,D,CS,BB,D
14:44:42,ICBP,RG,9375,13,D,CS,BB,D
14:44:42,ICBP,RG,9375,1,D,CS,BB,D
14:44:42,ICBP,RG,9375,9,D,CS,BB,D
14:44:42,ICBP,RG,9375,12,D,CS,BB,D
14:44:42,ICBP,RG,9375,5,D,CS,BB,D
14:44:42,ICBP,RG,9375,2,D,CS,BB,D
14:44:42,ICBP,RG,9375,2,D,CS,BB,D
14:44:42,ICBP,RG,9375,10,D,CS,BB,D
14:44:42,ICBP,RG,9375,1,D,CS,BB,D
14:44:42,ICBP,RG,9375,3,D,CS,BB,D
14:44:42,ICBP,RG,9375,9,D,CS,BB,D
14:44:42,ICBP,RG,9375,12,D,CS,BB,D
14:44:42,ICBP,RG,9375,3,D,CS,BB,D
14:44:42,ICBP,RG,9375,7,D,CS,CC,D
14:44:42,ICBP,RG,9375,14,D,CS,CC,D
14:44:40,ICBP,RG,9375,9,D,CS,CC,D
14:44:40,ICBP,RG,9375,52,D,CS,CC,D
14:44:40,ICBP,RG,9375,2,D,CS,CC,D
14:44:40,ICBP,RG,9375,1,D,CS,CC,D
14:44:40,ICBP,RG,9375,26,D,CS,CC,D
14:44:40,ICBP,RG,9375,1,D,CS,CC,D
14:44:40,ICBP,RG,9375,65,D,CS,CC,D
14:44:39,ICBP,RG,9375,4,D,CS,CC,D
14:44:39,ICBP,RG,9375,2,D,CS,CC,D
14:44:38,ICBP,RG,9350,36,F,CS,AK,F
14:44:37,ICBP,RG,9375,8,F,DP,CC,D
14:44:36,ICBP,RG,9375,109,F,DP,CC,D
14:44:36,ICBP,RG,9375,209,D,CS,CC,D
14:44:36,ICBP,RG,9375,6,D,CS,CC,D
14:44:36,ICBP,RG,9375,25,D,CS,CC,D
14:44:36,ICBP,RG,9375,156,D,CS,CC,D
14:44:36,ICBP,RG,9375,82,D,CS,CC,D
14:44:36,ICBP,RG,9375,19,D,CS,CC,D
14:44:36,ICBP,RG,9375,3,D,CS,CC,D
14:44:13,ICBP,RG,9350,7,F,CS,BB,D
14:44:12,ICBP,RG,9350,3,F,CS,BB,D
14:44:12,ICBP,RG,9375,28,F,DP,AK,F
14:44:12,ICBP,RG,9400,30,F,CS,AK,F
14:44:12,ICBP,RG,9400,157,F,CS,BB,D
14:44:12,ICBP,RG,9400,1,F,CS,XL,D
14:44:12,ICBP,RG,9400,2,F,CS,CC,F
14:44:12,ICBP,RG,9400,42,F,CS,BB,D
14:44:12,ICBP,RG,9400,9,F,CS,BB,D
14:44:12,ICBP,RG,9400,1,F,CS,YP,D
14:44:12,ICBP,RG,9400,1,F,CS,PD,D
14:44:12,ICBP,RG,9400,5,F,CS,GR,D
14:44:12,ICBP,RG,9400,5,F,CS,BQ,D
14:44:12,ICBP,RG,9400,5,F,CS,PD,D
14:44:12,ICBP,RG,9400,20,F,CS,KK,D
14:44:12,ICBP,RG,9400,3,F,CS,YJ,D
14:44:12,ICBP,RG,9400,1,F,CS,NI,D
14:44:12,ICBP,RG,9400,2,F,CS,LG,D
14:44:12,ICBP,RG,9400,3,F,CS,YP,D
14:44:12,ICBP,RG,9400,12,F,CS,YU,D
14:44:12,ICBP,RG,9400,1,F,CS,CC,D
14:44:12,ICBP,RG,9400,1,F,CS,LG,D
14:44:12,ICBP,RG,9400,40,F,CS,SQ,D
14:44:12,ICBP,RG,9400,4,F,CS,PD,D
14:44:12,ICBP,RG,9400,100,F,CS,CP,D
14:44:12,ICBP,RG,9400,1,F,CS,PD,D
14:44:12,ICBP,RG,9400,30,F,CS,PD,D
14:44:12,ICBP,RG,9400,1,F,CS,SQ,D
14:44:12,ICBP,RG,9400,3,F,CS,PD,D
14:44:12,ICBP,RG,9400,41,F,CS,XC,D
14:44:12,ICBP,RG,9400,15,F,CS,GR,D
14:44:12,ICBP,RG,9400,4,F,CS,YP,D
14:44:12,ICBP,RG,9400,1,F,CS,YP,D
14:44:12,ICBP,RG,9400,38,F,CS,SQ,D
14:44:12,ICBP,RG,9400,5,F,CS,CC,D
14:44:12,ICBP,RG,9400,1,F,CS,DX,D
14:44:12,ICBP,RG,9400,2,F,CS,YJ,D
14:44:12,ICBP,RG,9400,1,F,CS,DR,D
14:44:12,ICBP,RG,9400,15,F,CS,YP,D
14:44:12,ICBP,RG,9400,2,F,CS,YJ,D
14:44:12,ICBP,RG,9400,1,F,CS,NI,D
14:44:12,ICBP,RG,9400,5,F,CS,PD,D
14:44:12,ICBP,RG,9400,5,F,CS,YP,D
14:44:12,ICBP,RG,9400,1,F,CS,YP,D
14:44:12,ICBP,RG,9400,1,F,CS,YB,D
14:44:12,ICBP,RG,9400,100,F,CS,PD,D
14:44:12,ICBP,RG,9400,155,F,CS,GR,D
14:44:11,ICBP,RG,9375,33,F,DP,AK,F
14:44:11,ICBP,RG,9375,25,F,DP,AK,F
14:44:11,ICBP,RG,9375,6,D,CS,CC,D
14:44:11,ICBP,RG,9375,209,D,CS,CC,D
14:44:11,ICBP,RG,9375,25,D,CS,CC,D
14:44:11,ICBP,RG,9375,156,D,CS,CC,D
14:44:11,ICBP,RG,9375,82,D,CS,CC,D
14:44:11,ICBP,RG,9375,19,D,CS,CC,D
14:44:11,ICBP,RG,9375,3,D,CS,CC,D
14:44:11,ICBP,RG,9375,500,D,RX,CC,D
14:44:11,ICBP,RG,9375,19,F,ZP,CC,D
14:44:11,ICBP,RG,9375,37,F,DP,CC,D
14:44:11,ICBP,RG,9375,70,D,SQ,CC,D
14:44:11,ICBP,RG,9375,374,D,RX,CC,D
14:44:10,ICBP,RG,9375,10,D,RX,PD,D
14:44:08,ICBP,RG,9375,8,D,RX,YP,D
14:43:51,ICBP,RG,9375,1,D,RX,EP,D
14:43:41,ICBP,RG,9375,1,D,RX,NI,D
14:43:41,ICBP,RG,9375,1,F,DP,NI,D
14:43:41,ICBP,RG,9375,1,D,CC,NI,D
14:43:41,ICBP,RG,9375,1,F,ZP,NI,D
14:43:31,ICBP,RG,9375,2,F,ZP,CC,D
14:43:31,ICBP,RG,9375,2,F,ZP,CC,D
14:43:09,ICBP,RG,9375,1,F,ZP,BB,D
14:42:54,ICBP,RG,9375,2,F,ZP,YP,D
14:42:53,ICBP,RG,9375,10,F,ZP,KK,D
14:42:37,ICBP,RG,9375,1,F,ZP,YP,D
14:42:14,ICBP,RG,9375,1,F,DP,BB,D
14:42:14,ICBP,RG,9375,1,F,DP,BB,D
14:42:14,ICBP,RG,9375,2,F,DP,NI,D
14:42:03,ICBP,RG,9375,14,F,DP,AK,F
14:42:03,ICBP,RG,9375,9,D,SQ,AK,F
14:41:57,ICBP,RG,9375,2,D,SQ,BB,D
14:41:52,ICBP,RG,9375,14,D,SQ,BB,D
14:41:52,ICBP,RG,9375,3,D,XL,BB,D
14:41:52,ICBP,RG,9375,100,F,AI,BB,D
14:41:52,ICBP,RG,9375,18,F,ZP,BB,D
14:41:52,ICBP,RG,9375,1,D,RX,BB,D
14:41:52,ICBP,RG,9375,72,D,RX,BB,D
14:41:52,ICBP,RG,9375,23,F,DP,BB,D
14:41:52,ICBP,RG,9375,117,D,RX,BB,D
14:41:11,ICBP,RG,9400,1,D,XC,GR,D
14:40:34,ICBP,RG,9375,10,D,RX,KI,D
14:40:27,ICBP,RG,9350,3,F,CS,XC,D
14:40:25,ICBP,RG,9375,125,F,CS,AK,F
14:40:25,ICBP,RG,9375,2,F,CS,CC,D
14:40:25,ICBP,RG,9375,13,F,CS,AK,F
14:40:23,ICBP,RG,9375,15,F,DP,AK,F
14:40:23,ICBP,RG,9375,4,F,DP,BB,D
14:40:23,ICBP,RG,9375,7,F,DP,CC,D
14:40:23,ICBP,RG,9375,300,D,RX,CC,D
14:40:23,ICBP,RG,9375,1,D,CC,CC,D
14:40:23,ICBP,RG,9375,2,D,YP,CC,D
14:40:23,ICBP,RG,9375,18,F,ZP,CC,D
14:40:23,ICBP,RG,9375,18,F,DP,CC,D
14:40:23,ICBP,RG,9375,3,F,CS,CC,D
14:40:23,ICBP,RG,9375,3,D,SQ,CC,D
14:40:23,ICBP,RG,9375,20,D,YP,CC,D
14:40:23,ICBP,RG,9375,27,D,SQ,CC,D
14:40:23,ICBP,RG,9375,1,F,AI,CC,D
14:40:03,ICBP,RG,9375,1,F,AI,TP,D
14:39:52,ICBP,RG,9375,3,F,AI,CC,D
14:39:47,ICBP,RG,9375,2,F,AI,CC,D
14:39:44,ICBP,RG,9375,18,F,AI,AK,F
14:39:44,ICBP,RG,9375,75,F,AI,CC,D
14:39:44,ICBP,RG,9375,5,F,CS,CC,D
14:39:44,ICBP,RG,9375,18,F,ZP,CC,D
14:39:44,ICBP,RG,9375,1,D,EP,CC,D
14:39:44,ICBP,RG,9375,16,F,DP,CC,D
14:39:44,ICBP,RG,9375,18,F,ZP,CC,D
14:39:44,ICBP,RG,9375,238,D,RX,CC,D
14:37:49,ICBP,RG,9375,2,D,RX,CC,D
14:37:49,ICBP,RG,9375,17,D,RX,ZP,F
14:37:49,ICBP,RG,9375,17,D,RX,BB,D
14:37:49,ICBP,RG,9375,1,D,RX,CC,D
14:37:49,ICBP,RG,9375,3,D,RX,AK,F
14:37:49,ICBP,RG,9375,3,D,RX,AK,F
14:37:49,ICBP,RG,9375,17,D,RX,ZP,F
14:37:49,ICBP,RG,9375,2,D,RX,XC,D
14:37:01,ICBP,RG,9350,6,F,CS,BB,D
14:36:40,ICBP,RG,9350,1,F,CS,XL,D
14:35:49,ICBP,RG,9350,10,F,CS,YP,D
14:35:46,ICBP,RG,9375,2,F,CS,CC,D
14:35:46,ICBP,RG,9375,2,F,DP,CC,D
14:35:38,ICBP,RG,9375,2,F,DP,XC,D
14:35:32,ICBP,RG,9375,3,F,DP,YP,D
14:35:08,ICBP,RG,9375,1,F,DP,NI,D
14:35:06,ICBP,RG,9375,18,F,ZP,YU,F
14:35:06,ICBP,RG,9375,32,F,DP,YU,F
14:35:06,ICBP,RG,9375,191,D,RX,YU,F
14:35:05,ICBP,RG,9375,9,D,RX,PD,D
14:33:53,ICBP,RG,9350,18,F,CS,BB,D
14:33:53,ICBP,RG,9350,9,F,CS,BB,D
14:33:53,ICBP,RG,9350,62,F,CS,BB,D
14:33:53,ICBP,RG,9350,93,F,CS,BB,D
14:33:52,ICBP,RG,9350,1,D,PD,BB,D
14:33:52,ICBP,RG,9375,42,F,DP,BB,D
14:33:52,ICBP,RG,9375,13,F,ZP,BB,D
14:33:52,ICBP,RG,9375,3,F,CS,BB,D
14:33:52,ICBP,RG,9375,139,D,RX,BB,D
14:33:47,ICBP,RG,9375,1,D,RX,PD,D
14:33:47,ICBP,RG,9375,1,D,RX,BB,D
14:33:47,ICBP,RG,9375,3,D,RX,BB,D
14:33:47,ICBP,RG,9375,42,D,RX,BB,D
14:33:47,ICBP,RG,9375,54,D,RX,ZP,D
14:33:41,ICBP,RG,9375,2,D,XL,ZP,D
14:33:35,ICBP,RG,9350,1,F,ZP,BB,D
14:33:35,ICBP,RG,9350,4,F,ZP,YB,D
14:33:35,ICBP,RG,9350,19,F,ZP,YB,D
14:33:35,ICBP,RG,9350,6,F,CS,YB,D
14:33:35,ICBP,RG,9350,1,D,YB,YB,D
14:33:23,ICBP,RG,9350,4,D,YB,BB,D
14:33:20,ICBP,RG,9350,1,D,YB,BB,D
14:33:16,ICBP,RG,9350,1,D,YB,CC,D
14:33:16,ICBP,RG,9350,18,D,YB,ZP,F
14:33:16,ICBP,RG,9350,10,D,YB,CC,D
14:33:16,ICBP,RG,9350,65,D,YB,BB,D
14:33:12,ICBP,RG,9350,57,F,BK,BB,D
14:33:12,ICBP,RG,9350,1,F,BK,BB,D
14:33:12,ICBP,RG,9350,2,F,BK,BB,D
14:33:12,ICBP,RG,9350,1,F,BK,CC,D
14:33:12,ICBP,RG,9350,1,F,BK,CC,D
14:33:12,ICBP,RG,9350,18,F,BK,ZP,F
14:33:12,ICBP,RG,9350,71,F,BK,AK,F
14:33:00,ICBP,RG,9350,17,F,ZP,AK,F
14:31:42,ICBP,RG,9350,3,D,YP,AK,F
14:30:22,ICBP,RG,9350,1,F,AK,AK,F
14:30:22,ICBP,RG,9350,8,F,AK,AK,F
14:30:22,ICBP,RG,9350,6,F,AK,AK,F
14:30:22,ICBP,RG,9350,17,F,AK,ZP,F
14:30:22,ICBP,RG,9350,1,F,AK,BB,D
14:30:22,ICBP,RG,9350,1,F,AK,BB,D
14:30:22,ICBP,RG,9350,1,D,CC,BB,D
14:30:13,ICBP,RG,9350,8,F,DP,BB,D
14:30:13,ICBP,RG,9350,17,F,ZP,BB,D
14:30:13,ICBP,RG,9350,4,F,CS,BB,D
14:30:13,ICBP,RG,9350,11,F,DP,BB,D
14:30:13,ICBP,RG,9350,1,F,CS,BB,D
14:30:13,ICBP,RG,9350,100,F,AI,BB,D
14:30:13,ICBP,RG,9350,1,D,YP,BB,D
14:30:13,ICBP,RG,9350,5,D,CC,BB,D
14:30:13,ICBP,RG,9350,1,D,XL,BB,D
14:30:13,ICBP,RG,9350,5,D,EP,BB,D
14:30:13,ICBP,RG,9350,1,D,PD,BB,D
14:30:13,ICBP,RG,9350,2,D,XC,BB,D
14:30:13,ICBP,RG,9350,40,D,SQ,BB,D
14:30:11,ICBP,RG,9350,1,D,SQ,BB,D
14:30:11,ICBP,RG,9350,1,D,SQ,BB,D
14:30:11,ICBP,RG,9350,6,D,SQ,OD,D
14:29:49,ICBP,RG,9350,2,D,SQ,BB,D
14:29:49,ICBP,RG,9350,1,D,XC,BB,D
14:29:26,ICBP,RG,9375,8,F,DP,ZP,D
14:29:26,ICBP,RG,9375,75,D,KK,ZP,D
14:29:26,ICBP,RG,9375,8,F,DP,ZP,D
14:29:26,ICBP,RG,9375,2,F,CS,ZP,D
14:29:26,ICBP,RG,9375,90,F,AI,ZP,D
14:29:17,ICBP,RG,9375,5,F,AI,TP,D
14:28:58,ICBP,RG,9375,2,D,NI,CC,F
14:28:58,ICBP,RG,9375,2,F,CS,CC,F
14:28:58,ICBP,RG,9375,1,F,CS,CC,F
14:28:58,ICBP,RG,9375,10,F,DP,CC,F
14:28:56,ICBP,RG,9375,1,F,DP,BB,D
14:28:39,ICBP,RG,9375,39,F,DP,CC,F
14:28:34,ICBP,RG,9375,2,F,DP,HP,D
14:28:32,ICBP,RG,9375,8,F,DP,YP,D
14:28:29,ICBP,RG,9375,18,F,ZP,BK,F
14:28:29,ICBP,RG,9375,25,D,SQ,BK,F
14:28:29,ICBP,RG,9375,9,F,DP,BK,F
14:28:29,ICBP,RG,9375,19,F,ZP,BK,F
14:28:29,ICBP,RG,9375,4,F,CS,BK,F
14:28:29,ICBP,RG,9375,63,F,CS,BK,F
14:28:29,ICBP,RG,9375,66,F,CS,AK,F
14:28:29,ICBP,RG,9375,12,F,CS,CC,F
14:28:05,ICBP,RG,9375,10,F,CS,PD,D
14:28:00,ICBP,RG,9375,31,F,CS,YP,D
14:26:53,ICBP,RG,9350,7,F,DP,BB,D
14:26:53,ICBP,RG,9350,2,F,DP,BB,D
14:26:53,ICBP,RG,9350,13,D,KZ,BB,D
14:26:53,ICBP,RG,9350,32,D,KZ,BB,D
14:26:53,ICBP,RG,9350,22,D,KZ,BB,D
14:26:53,ICBP,RG,9350,19,D,KZ,BB,D
14:26:53,ICBP,RG,9350,4,D,KZ,BB,D
14:26:53,ICBP,RG,9350,3,D,KZ,BB,D
14:26:53,ICBP,RG,9350,29,D,KZ,BB,D
14:26:53,ICBP,RG,9350,3,D,KZ,BB,D
14:26:53,ICBP,RG,9350,11,D,KZ,BB,D
14:26:53,ICBP,RG,9350,13,D,KZ,BB,D
14:26:53,ICBP,RG,9350,19,D,KZ,BB,D
14:26:53,ICBP,RG,9350,8,D,KZ,BB,D
14:26:53,ICBP,RG,9350,2,D,KZ,BB,D
14:26:53,ICBP,RG,9350,13,D,KZ,BB,D
14:26:53,ICBP,RG,9350,2,D,YP,BB,D
14:26:53,ICBP,RG,9350,1,D,SQ,BB,D
14:26:53,ICBP,RG,9350,4,D,KZ,BB,D
14:26:53,ICBP,RG,9350,14,D,KZ,BB,D
14:26:53,ICBP,RG,9350,25,D,KZ,BB,D
14:26:53,ICBP,RG,9350,17,D,KZ,BB,D
14:26:53,ICBP,RG,9350,10,D,KZ,BB,D
14:26:53,ICBP,RG,9350,300,D,RX,BB,D
14:26:53,ICBP,RG,9350,3,D,KZ,BB,D
14:26:53,ICBP,RG,9350,23,D,KZ,BB,D
14:26:53,ICBP,RG,9350,5,D,BQ,BB,D
14:26:53,ICBP,RG,9350,1,D,NI,BB,D
14:26:53,ICBP,RG,9350,2,D,KZ,BB,D
14:26:53,ICBP,RG,9350,8,D,KZ,BB,D
14:26:53,ICBP,RG,9350,4,D,XL,BB,D
14:26:53,ICBP,RG,9350,10,D,KK,BB,D
14:26:53,ICBP,RG,9350,10,D,KZ,BB,D
14:26:53,ICBP,RG,9350,23,D,SQ,BB,D
14:26:53,ICBP,RG,9350,9,D,SQ,BB,D
14:26:53,ICBP,RG,9350,11,F,AI,BB,D
14:26:33,ICBP,RG,9350,1,F,AI,YP,D
14:26:32,ICBP,RG,9350,7,F,AI,BB,D
14:26:17,ICBP,RG,9350,12,F,AI,BB,D
14:26:17,ICBP,RG,9350,1,F,AI,BB,D
14:25:55,ICBP,RG,9350,7,F,AI,BB,D
14:25:47,ICBP,RG,9350,1,F,AI,BB,D
14:25:40,ICBP,RG,9350,9,F,AI,BB,D
14:25:34,ICBP,RG,9350,9,F,AI,BB,D
14:25:18,ICBP,RG,9350,10,F,AI,YP,D
14:25:13,ICBP,RG,9350,8,F,AI,BB,D
14:25:00,ICBP,RG,9350,14,D,KZ,BB,D
14:25:00,ICBP,RG,9350,1,D,KZ,BB,D
14:24:36,ICBP,RG,9350,6,D,KZ,BB,D
14:24:36,ICBP,RG,9350,10,D,KK,BB,D
14:24:36,ICBP,RG,9350,1,D,KZ,BB,D
14:24:36,ICBP,RG,9350,4,D,KZ,BB,D
14:24:01,ICBP,RG,9350,5,D,KZ,BB,D
14:23:10,ICBP,RG,9350,1,D,KZ,BB,D
14:23:01,ICBP,RG,9375,8,F,DP,AG,D
14:23:01,ICBP,RG,9375,17,F,ZP,AG,D
14:23:00,ICBP,RG,9375,92,F,DP,CC,F
14:23:00,ICBP,RG,9375,1,D,XC,CC,F
14:23:00,ICBP,RG,9375,4,D,PD,CC,F
14:23:00,ICBP,RG,9375,50,D,ZP,CC,F
14:23:00,ICBP,RG,9375,2,F,CS,CC,F
14:23:00,ICBP,RG,9375,2,F,CS,CC,F
14:23:00,ICBP,RG,9375,1,F,CS,CC,F
14:23:00,ICBP,RG,9375,76,F,AI,CC,F
14:23:00,ICBP,RG,9375,5,D,PD,CC,F
14:23:00,ICBP,RG,9375,27,F,AI,CC,F
14:22:56,ICBP,RG,9375,2,F,AI,KK,D
14:22:54,ICBP,RG,9375,2,F,AI,PD,D
14:22:50,ICBP,RG,9375,15,F,AI,HP,D
14:22:49,ICBP,RG,9375,30,F,AI,AK,F
14:22:49,ICBP,RG,9375,97,F,CS,AK,F
14:22:49,ICBP,RG,9375,105,F,CS,CC,F
14:22:49,ICBP,RG,9375,18,F,ZP,CC,F
14:22:49,ICBP,RG,9375,105,F,DP,CC,F
14:22:38,ICBP,RG,9375,1,F,DP,BB,D
14:22:16,ICBP,RG,9375,2,F,DP,YJ,D
14:21:51,ICBP,RG,9375,15,F,DP,KZ,D
14:21:28,ICBP,RG,9375,30,F,DP,YP,D
14:21:01,ICBP,RG,9375,2,F,DP,NI,D
14:21:01,ICBP,RG,9375,18,F,ZP,NI,D
14:21:01,ICBP,RG,9375,2,F,CS,NI,D
14:21:01,ICBP,RG,9375,3,F,CS,NI,D
14:21:01,ICBP,RG,9375,5,D,RX,NI,D
14:21:01,ICBP,RG,9375,3,D,RX,CC,D
14:20:52,ICBP,RG,9375,9,D,RX,BB,D
14:20:48,ICBP,RG,9375,29,D,RX,CC,D
14:20:41,ICBP,RG,9375,2,D,RX,BB,D
14:20:24,ICBP,RG,9375,4,D,RX,BB,D
14:20:24,ICBP,RG,9375,65,D,RX,BB,D
14:20:21,ICBP,RG,9375,1,D,RX,BB,D
14:20:13,ICBP,RG,9375,2,D,RX,KK,D
14:20:13,ICBP,RG,9375,83,D,RX,YU,F
14:20:13,ICBP,RG,9375,6,D,RX,KZ,D
14:20:13,ICBP,RG,9375,5,D,RX,CC,D
14:20:13,ICBP,RG,9375,18,D,RX,ZP,F
14:20:13,ICBP,RG,9375,11,D,RX,KZ,D
14:20:13,ICBP,RG,9375,6,D,RX,ZP,F
14:20:13,ICBP,RG,9375,4,D,RX,SQ,D
14:20:13,ICBP,RG,9375,82,D,RX,YU,F
14:20:13,ICBP,RG,9375,158,D,RX,BB,D
14:20:13,ICBP,RG,9375,1,D,RX,PD,D
14:20:13,ICBP,RG,9375,1,D,RX,CC,F
14:20:13,ICBP,RG,9375,1,D,RX,CC,D
14:20:13,ICBP,RG,9375,36,D,RX,AK,F
14:20:13,ICBP,RG,9375,17,D,RX,ZP,F
14:20:13,ICBP,RG,9375,2,D,RX,CC,F
14:20:13,ICBP,RG,9375,56,D,RX,BB,D
14:20:13,ICBP,RG,9375,3,D,RX,BB,D
14:20:13,ICBP,RG,9375,1,D,RX,BB,D
14:20:13,ICBP,RG,9375,165,D,RX,YU,F
14:20:13,ICBP,RG,9375,1,D,RX,GR,D
14:20:13,ICBP,RG,9375,1,D,RX,YP,D
14:20:13,ICBP,RG,9375,1,D,RX,XC,D
14:20:13,ICBP,RG,9375,7,D,RX,NI,D
14:20:13,ICBP,RG,9375,1,D,RX,XC,D
14:20:13,ICBP,RG,9375,2,D,RX,EP,D
14:20:13,ICBP,RG,9375,1,D,RX,YP,D
14:20:13,ICBP,RG,9375,1,D,RX,EP,D
14:20:13,ICBP,RG,9375,1,D,RX,PD,D
14:20:13,ICBP,RG,9375,1,D,RX,XL,D
14:20:13,ICBP,RG,9375,2,D,RX,KZ,D
14:20:13,ICBP,RG,9375,2,D,RX,PD,D
14:20:13,ICBP,RG,9375,1,D,RX,KZ,D
14:20:13,ICBP,RG,9375,1,D,RX,KZ,D
14:20:13,ICBP,RG,9375,2,D,RX,YJ,D
14:20:13,ICBP,RG,9375,1,D,RX,YB,D
14:20:13,ICBP,RG,9375,1,D,RX,YB,D
14:20:13,ICBP,RG,9375,8,D,RX,AZ,D
14:20:13,ICBP,RG,9375,50,D,RX,ZP,D
14:20:13,ICBP,RG,9375,339,D,RX,CC,D
14:20:03,ICBP,RG,9350,1,F,DP,PD,D
14:19:17,ICBP,RG,9350,1,F,DP,XC,D
14:17:37,ICBP,RG,9350,10,F,DP,XC,D
14:16:31,ICBP,RG,9350,1,F,DP,XC,D
14:16:25,ICBP,RG,9350,6,F,DP,PD,D
14:16:25,ICBP,RG,9350,9,F,ZP,PD,D
14:15:19,ICBP,RG,9350,9,F,ZP,PD,D
14:15:19,ICBP,RG,9350,1,F,CS,PD,D
14:15:03,ICBP,RG,9350,1,F,CS,XC,D
14:15:00,ICBP,RG,9350,9,F,ZP,KK,D
14:14:46,ICBP,RG,9350,1,F,ZP,DH,D
14:14:04,ICBP,RG,9350,7,F,ZP,DH,D
14:14:00,ICBP,RG,9375,17,F,ZP,CC,D
14:12:23,ICBP,RG,9350,1,F,ZP,BQ,D
14:12:14,ICBP,RG,9375,1,D,NI,CC,D
14:11:00,ICBP,RG,9375,18,F,ZP,CC,D
14:09:53,ICBP,RG,9350,4,D,RX,KZ,D
14:09:53,ICBP,RG,9350,2,D,RX,BB,D
14:09:53,ICBP,RG,9350,238,D,RX,BB,D
14:09:53,ICBP,RG,9350,4,D,RX,BB,D
14:09:53,ICBP,RG,9350,83,D,RX,YU,F
14:09:53,ICBP,RG,9350,136,D,RX,BK,F
14:09:53,ICBP,RG,9350,5,D,RX,PD,D
14:09:53,ICBP,RG,9350,20,D,RX,PD,D
14:09:53,ICBP,RG,9350,74,D,RX,AK,F
14:09:53,ICBP,RG,9350,46,D,RX,PC,D
14:09:53,ICBP,RG,9350,14,D,RX,YU,F
14:09:53,ICBP,RG,9350,4,D,RX,KZ,D
14:09:53,ICBP,RG,9350,3,D,RX,XC,D
14:09:53,ICBP,RG,9350,3,D,RX,XC,D
14:09:53,ICBP,RG,9350,1,D,RX,PD,D
14:09:53,ICBP,RG,9350,5,D,RX,PD,D
14:09:53,ICBP,RG,9350,5,D,RX,XL,D
14:09:53,ICBP,RG,9350,68,D,RX,YU,F
14:09:20,ICBP,RG,9325,10,D,RX,AZ,D
14:09:07,ICBP,RG,9325,15,D,RX,YP,D
14:08:45,ICBP,RG,9325,5,D,RX,GR,D
14:08:40,ICBP,RG,9325,1,D,RX,AK,F
14:08:40,ICBP,RG,9325,18,D,RX,BB,D
14:08:40,ICBP,RG,9325,99,D,RX,BB,D
14:08:40,ICBP,RG,9325,1,D,RX,BB,D
14:08:40,ICBP,RG,9325,71,D,RX,BB,D
14:08:40,ICBP,RG,9325,23,D,RX,BB,D
14:08:40,ICBP,RG,9325,82,D,RX,BB,D
14:08:40,ICBP,RG,9325,34,D,RX,BB,D
14:08:40,ICBP,RG,9325,3,F,CS,BB,D
14:08:40,ICBP,RG,9325,1,D,OD,BB,D
14:08:40,ICBP,RG,9325,91,F,DP,BB,D
14:08:40,ICBP,RG,9325,2,F,CS,BB,D
14:08:40,ICBP,RG,9325,3,D,NI,BB,D
14:08:40,ICBP,RG,9325,2,D,YP,BB,D
14:08:40,ICBP,RG,9325,3,D,KZ,BB,D
14:08:40,ICBP,RG,9325,3,D,KZ,BB,D
14:08:40,ICBP,RG,9325,2,D,KZ,BB,D
14:08:40,ICBP,RG,9325,3,D,KZ,BB,D
14:08:40,ICBP,RG,9325,1,D,KZ,BB,D
14:08:40,ICBP,RG,9325,10,D,CS,BB,D
14:08:40,ICBP,RG,9325,14,D,CS,BB,D
14:08:40,ICBP,RG,9325,71,D,CS,BB,D
14:08:40,ICBP,RG,9325,159,F,CS,BB,D
14:08:40,ICBP,RG,9325,8,D,CS,BB,D
14:08:40,ICBP,RG,9325,28,D,CS,BB,D
14:08:40,ICBP,RG,9325,12,D,PD,BB,D
14:08:40,ICBP,RG,9325,25,D,SQ,BB,D
14:08:40,ICBP,RG,9325,1,F,CS,BB,D
14:08:40,ICBP,RG,9325,3,D,CS,BB,D
14:08:40,ICBP,RG,9325,2,F,CS,BB,D
14:08:40,ICBP,RG,9325,177,F,CS,BB,D
14:08:40,ICBP,RG,9325,10,D,CS,BB,D
14:08:40,ICBP,RG,9325,14,D,CS,BB,D
14:08:40,ICBP,RG,9325,6,D,CS,BB,D
14:08:40,ICBP,RG,9325,4,D,CS,BB,D
14:08:40,ICBP,RG,9325,20,D,CS,BB,D
14:08:40,ICBP,RG,9325,4,D,CS,BB,D
14:08:40,ICBP,RG,9325,63,D,CS,BB,D
14:08:40,ICBP,RG,9325,2,D,CS,BB,D
14:08:40,ICBP,RG,9325,2,F,CS,BB,D
14:08:40,ICBP,RG,9325,18,D,SQ,BB,D
14:08:40,ICBP,RG,9325,5,D,CS,BB,D
14:08:40,ICBP,RG,9325,3,D,CS,BB,D
14:08:40,ICBP,RG,9325,3,D,CS,BB,D
14:08:40,ICBP,RG,9325,14,D,CS,BB,D
14:08:40,ICBP,RG,9325,2,D,CS,BB,D
14:08:40,ICBP,RG,9325,5,D,CS,BB,D
14:08:40,ICBP,RG,9325,1,D,CS,BB,D
14:08:40,ICBP,RG,9325,2,D,CS,BB,D
14:08:40,ICBP,RG,9325,6,D,CS,BB,D
14:08:40,ICBP,RG,9325,9,D,CS,BB,D
14:08:40,ICBP,RG,9325,31,D,CS,BB,D
14:08:40,ICBP,RG,9325,4,D,CS,BB,D
14:08:40,ICBP,RG,9325,10,D,CS,BB,D
14:08:40,ICBP,RG,9325,2,D,CS,BB,D
14:08:40,ICBP,RG,9325,9,D,CS,BB,D
14:08:40,ICBP,RG,9325,3,D,CS,BB,D
14:08:40,ICBP,RG,9325,3,D,CS,BB,D
14:08:40,ICBP,RG,9325,2,D,CS,BB,D
14:08:40,ICBP,RG,9325,1,D,CS,BB,D
14:08:40,ICBP,RG,9325,15,D,CS,BB,D
14:08:40,ICBP,RG,9325,1,D,CS,BB,D
14:08:40,ICBP,RG,9325,1,D,XL,BB,D
14:08:40,ICBP,RG,9325,28,D,CS,BB,D
14:08:40,ICBP,RG,9325,3,D,CS,BB,D
14:08:40,ICBP,RG,9325,8,D,CS,BB,D
14:08:37,ICBP,RG,9325,7,D,CS,SQ,D
14:08:28,ICBP,RG,9325,1,D,CS,BB,D
14:08:07,ICBP,RG,9325,5,D,CS,BB,D
14:07:48,ICBP,RG,9325,3,D,CS,BB,D
14:07:26,ICBP,RG,9325,4,D,CS,BB,D
14:07:26,ICBP,RG,9325,1,D,CS,BB,D
14:07:26,ICBP,RG,9325,2,D,CS,BB,D
14:06:52,ICBP,RG,9325,2,D,CS,BB,D
14:06:42,ICBP,RG,9325,1,D,CS,BB,D
14:06:42,ICBP,RG,9325,1,D,NI,BB,D
14:06:29,ICBP,RG,9325,2,D,NI,BB,D
14:06:29,ICBP,RG,9325,1,D,SQ,BB,D
14:06:16,ICBP,RG,9325,4,D,SQ,BB,D
14:06:14,ICBP,RG,9325,20,D,SQ,BB,D
14:06:14,ICBP,RG,9325,2,D,CS,BB,D
14:06:14,ICBP,RG,9325,1,D,CS,XC,D
14:06:14,ICBP,RG,9325,2,D,CS,XC,D
14:06:14,ICBP,RG,9325,2,D,CS,XC,D
14:06:14,ICBP,RG,9325,1,D,CS,XC,D
14:06:01,ICBP,RG,9325,37,D,CS,YP,D
14:06:01,ICBP,RG,9325,7,D,CS,YP,D
14:06:01,ICBP,RG,9325,3,D,CS,YP,D
14:06:01,ICBP,RG,9325,2,D,CS,YP,D
14:06:01,ICBP,RG,9325,1,D,CS,YP,D
14:05:52,ICBP,RG,9325,1,D,CS,BB,D
14:05:52,ICBP,RG,9325,4,D,CS,BB,D
14:05:52,ICBP,RG,9325,3,D,CS,BB,D
14:05:51,ICBP,RG,9350,10,D,KZ,YU,F
14:05:51,ICBP,RG,9350,4,D,KZ,YU,F
14:05:51,ICBP,RG,9350,7,D,KZ,YU,F
14:05:51,ICBP,RG,9350,1,D,KZ,YU,F
14:05:51,ICBP,RG,9350,6,D,KZ,YU,F
14:05:51,ICBP,RG,9350,1,D,KZ,YU,F
14:05:51,ICBP,RG,9350,13,D,KZ,YU,F
14:05:48,ICBP,RG,9325,1,D,CS,AK,F
14:05:48,ICBP,RG,9350,49,F,AI,YU,F
14:05:48,ICBP,RG,9350,7,F,AI,ZP,F
14:05:48,ICBP,RG,9350,1,F,AI,AK,F
14:05:48,ICBP,RG,9350,18,F,AI,ZP,F
14:05:48,ICBP,RG,9350,5,F,AI,KZ,D
14:05:48,ICBP,RG,9350,10,F,AI,AK,F
14:05:48,ICBP,RG,9350,1,F,AI,BB,D
14:05:48,ICBP,RG,9350,61,F,AI,AK,F
14:05:14,ICBP,RG,9325,1,F,CS,PD,D
14:05:14,ICBP,RG,9325,2,F,CS,PD,D
14:05:14,ICBP,RG,9325,2,D,CS,PD,D
14:05:05,ICBP,RG,9325,4,D,CS,PD,D
14:05:05,ICBP,RG,9325,1,F,CS,PD,D
14:05:05,ICBP,RG,9325,3,D,CS,PD,D
14:05:05,ICBP,RG,9325,1,D,CS,PD,D
14:05:00,ICBP,RG,9350,18,F,ZP,AK,F
14:04:45,ICBP,RG,9350,4,F,CS,AK,F
14:03:56,ICBP,RG,9325,1,D,CS,BB,D
14:03:45,ICBP,RG,9350,2,D,PD,AK,F
14:03:06,ICBP,RG,9350,6,D,KZ,AK,F
14:02:59,ICBP,RG,9325,1,D,CS,XC,D
14:01:44,ICBP,RG,9325,2,D,CS,AK,F
14:01:10,ICBP,RG,9350,10,D,KK,AK,F
14:01:06,ICBP,RG,9350,1,D,XL,AK,F
14:01:06,ICBP,RG,9350,21,D,XL,CC,F
14:00:24,ICBP,RG,9350,1,D,CC,CC,F
14:00:23,ICBP,RG,9350,1,D,NI,CC,F
14:00:16,ICBP,RG,9350,3,F,CS,CC,F
14:00:16,ICBP,RG,9350,15,D,KZ,CC,F
14:00:16,ICBP,RG,9350,6,D,KZ,CC,F
14:00:16,ICBP,RG,9350,6,D,KZ,CC,F
14:00:16,ICBP,RG,9350,1,D,KZ,BB,D
14:00:16,ICBP,RG,9350,3,D,KZ,BB,D
14:00:16,ICBP,RG,9350,2,D,KZ,BB,D
14:00:16,ICBP,RG,9350,8,D,KZ,BB,D
13:57:43,ICBP,RG,9325,1,D,CS,BB,D
13:57:22,ICBP,RG,9350,25,D,KZ,BB,D
13:57:22,ICBP,RG,9350,3,D,KZ,BB,D
13:57:22,ICBP,RG,9350,7,D,KZ,PD,D
13:57:22,ICBP,RG,9350,17,D,KZ,PD,D
13:57:22,ICBP,RG,9350,15,D,KZ,PD,D
13:57:22,ICBP,RG,9350,3,D,KZ,PD,D
13:57:22,ICBP,RG,9350,3,D,KZ,PD,D
13:57:22,ICBP,RG,9350,18,D,KZ,PD,D
13:57:22,ICBP,RG,9350,5,D,KZ,YP,D
13:57:10,ICBP,RG,9350,10,D,KK,YP,D
13:57:05,ICBP,RG,9350,3,F,CS,YP,D
13:57:05,ICBP,RG,9350,4,D,KZ,YP,D
13:57:05,ICBP,RG,9350,13,D,KZ,CC,F
13:57:05,ICBP,RG,9350,1,D,KZ,BB,D
13:57:05,ICBP,RG,9350,3,D,KZ,KZ,D
13:57:05,ICBP,RG,9350,19,D,KZ,AK,F
13:57:05,ICBP,RG,9350,16,D,KZ,AK,F
13:57:05,ICBP,RG,9350,6,D,KZ,AK,F
13:57:05,ICBP,RG,9350,17,D,KZ,ZP,F
13:57:05,ICBP,RG,9350,4,D,KZ,BB,D
13:57:05,ICBP,RG,9350,24,D,KZ,BB,D
13:57:05,ICBP,RG,9350,4,D,KZ,BB,D
13:57:05,ICBP,RG,9350,5,D,KZ,BB,D
13:57:05,ICBP,RG,9350,12,D,KZ,BB,D
13:57:05,ICBP,RG,9350,24,D,KZ,YP,D
13:56:42,ICBP,RG,9325,1,D,CS,PD,D
13:56:42,ICBP,RG,9325,5,D,CS,PD,D
13:56:36,ICBP,RG,9325,1,D,CS,BB,D
13:56:36,ICBP,RG,9325,9,D,CS,YP,D
13:55:51,ICBP,RG,9325,1,D,CS,PD,D
13:54:20,ICBP,RG,9350,1,D,DR,YP,D
13:54:13,ICBP,RG,9350,3,F,AK,YP,D
13:54:13,ICBP,RG,9350,30,F,AK,YP,D
13:54:08,ICBP,RG,9325,1,D,CS,BB,D
13:54:02,ICBP,RG,9350,36,F,DP,YP,D
13:54:02,ICBP,RG,9350,4,F,CS,YP,D
13:54:02,ICBP,RG,9350,2,D,XC,YP,D
13:54:02,ICBP,RG,9350,12,D,KZ,YP,D
13:54:02,ICBP,RG,9350,4,D,KZ,YP,D
13:54:02,ICBP,RG,9350,8,D,KZ,YP,D
13:54:02,ICBP,RG,9350,1,D,KZ,YP,D
13:54:02,ICBP,RG,9350,7,D,KZ,YP,D
13:54:02,ICBP,RG,9350,1,D,KZ,YP,D
13:54:02,ICBP,RG,9350,10,D,KZ,YP,D
13:54:02,ICBP,RG,9350,10,D,KZ,YP,D
13:54:02,ICBP,RG,9350,1,D,CC,YP,D
13:54:02,ICBP,RG,9350,1,D,KZ,YP,D
13:54:02,ICBP,RG,9350,1,D,KZ,YP,D
13:54:02,ICBP,RG,9350,6,D,KZ,YP,D
13:54:02,ICBP,RG,9350,12,D,YU,YP,D
13:54:02,ICBP,RG,9350,1,D,XL,YP,D
13:54:02,ICBP,RG,9350,1,D,DR,YP,D
13:54:02,ICBP,RG,9350,1,D,XC,YP,D
13:54:02,ICBP,RG,9350,2,D,YP,YP,D
13:54:02,ICBP,RG,9350,6,D,LG,YP,D
13:54:02,ICBP,RG,9350,2,F,CS,YP,D
13:54:02,ICBP,RG,9350,1,F,CS,YP,D
13:54:02,ICBP,RG,9350,1,D,AZ,YP,D
13:54:02,ICBP,RG,9350,10,D,KK,YP,D
13:54:02,ICBP,RG,9350,25,D,SQ,YP,D
13:54:02,ICBP,RG,9350,14,D,KZ,YP,D
13:54:02,ICBP,RG,9350,25,D,SQ,YP,D
13:54:02,ICBP,RG,9350,3,D,KZ,YP,D
13:54:02,ICBP,RG,9350,25,D,KZ,YP,D
13:54:02,ICBP,RG,9350,24,D,KZ,YP,D
13:54:02,ICBP,RG,9350,21,D,KZ,YP,D
13:54:02,ICBP,RG,9350,5,D,KZ,YP,D
13:54:02,ICBP,RG,9350,13,F,DP,YP,D
13:54:02,ICBP,RG,9350,18,F,ZP,YP,D
13:54:02,ICBP,RG,9350,18,F,ZP,YP,D
13:54:02,ICBP,RG,9350,2,F,CS,YP,D
13:54:02,ICBP,RG,9350,8,D,KZ,YP,D
13:53:32,ICBP,RG,9350,7,D,KZ,ZP,F
13:53:14,ICBP,RG,9375,5,D,PD,CC,D
13:53:00,ICBP,RG,9350,1,D,KZ,AK,F
13:53:00,ICBP,RG,9375,18,F,ZP,CC,D
13:52:32,ICBP,RG,9350,3,D,KZ,XC,D
13:51:34,ICBP,RG,9350,1,D,KZ,NI,D
13:49:45,ICBP,RG,9375,1,D,XL,CC,D
13:49:05,ICBP,RG,9350,3,D,KZ,KZ,D
13:49:00,ICBP,RG,9375,19,F,ZP,CC,D
13:47:01,ICBP,RG,9375,10,D,YP,CC,D
13:47:00,ICBP,RG,9375,18,F,ZP,CC,D
13:45:47,ICBP,RG,9350,20,F,BK,KK,D
13:45:47,ICBP,RG,9350,18,F,BK,ZP,F
13:45:47,ICBP,RG,9350,6,F,BK,KZ,D
13:45:47,ICBP,RG,9350,70,F,BK,AK,F
13:45:47,ICBP,RG,9350,1,F,BK,BB,D
13:45:47,ICBP,RG,9350,4,F,BK,BB,D
13:45:47,ICBP,RG,9350,113,F,BK,BB,D
13:45:47,ICBP,RG,9350,3,F,CS,BB,D
13:45:47,ICBP,RG,9350,125,F,DP,BB,D
13:45:41,ICBP,RG,9350,2,D,KK,BB,D
13:45:37,ICBP,RG,9350,18,D,KZ,BB,D
13:45:37,ICBP,RG,9350,11,D,KZ,BB,D
13:45:36,ICBP,RG,9350,3,D,KZ,BB,D
13:45:35,ICBP,RG,9350,25,D,KZ,BB,D
13:45:34,ICBP,RG,9350,15,D,KZ,BB,D
13:45:33,ICBP,RG,9350,4,D,KZ,BB,D
13:45:30,ICBP,RG,9350,1,D,YP,BB,D
13:45:30,ICBP,RG,9350,1,D,PD,BB,D
13:45:18,ICBP,RG,9350,1,D,LG,BB,D
13:43:49,ICBP,RG,9350,5,D,SQ,BB,D
13:43:40,ICBP,RG,9350,8,D,SQ,BB,D
13:42:51,ICBP,RG,9350,4,D,KZ,BB,D
13:42:50,ICBP,RG,9350,35,D,KZ,BB,D
13:42:49,ICBP,RG,9350,31,D,KZ,BB,D
13:42:30,ICBP,RG,9325,8,F,DP,BB,D
13:42:30,ICBP,RG,9325,2,D,CS,BB,D
13:42:29,ICBP,RG,9325,5,D,CS,BB,D
13:42:29,ICBP,RG,9325,1,F,CS,BB,D
13:42:29,ICBP,RG,9325,2,D,CS,BB,D
13:42:29,ICBP,RG,9325,22,D,CS,BB,D
13:42:29,ICBP,RG,9325,19,D,CS,BB,D
13:42:29,ICBP,RG,9325,4,D,CS,BB,D
13:41:29,ICBP,RG,9325,1,D,CS,BB,D
13:41:26,ICBP,RG,9350,18,F,ZP,BB,D
13:41:26,ICBP,RG,9350,67,D,RX,BB,D
13:41:26,ICBP,RG,9375,5,F,CS,CC,D
13:41:26,ICBP,RG,9350,17,D,RX,ZP,F
13:41:26,ICBP,RG,9350,11,D,RX,YB,D
13:41:26,ICBP,RG,9350,35,D,RX,KZ,D
13:41:26,ICBP,RG,9350,7,D,RX,KZ,D
13:41:26,ICBP,RG,9350,113,D,RX,CC,F
13:41:26,ICBP,RG,9350,2,D,RX,XC,D
13:41:26,ICBP,RG,9350,1,D,RX,XC,D
13:41:26,ICBP,RG,9350,247,D,RX,YU,F
13:41:26,ICBP,RG,9350,158,D,RX,BB,D
13:41:26,ICBP,RG,9350,1,D,RX,BB,D
13:41:26,ICBP,RG,9350,26,D,RX,BB,D
13:41:26,ICBP,RG,9350,32,D,RX,AK,F
13:41:26,ICBP,RG,9350,1,D,RX,BB,D
13:41:26,ICBP,RG,9350,1,D,RX,PD,D
13:41:26,ICBP,RG,9350,75,D,RX,SQ,D
13:41:26,ICBP,RG,9350,6,D,RX,XC,D
13:41:26,ICBP,RG,9350,6,D,RX,ZP,F
13:41:26,ICBP,RG,9350,1,D,RX,AZ,D
13:41:26,ICBP,RG,9350,1,D,RX,PD,D
13:41:26,ICBP,RG,9350,20,D,RX,CP,D
13:41:26,ICBP,RG,9350,2,D,RX,PD,D
13:41:26,ICBP,RG,9350,3,D,RX,YP,D
13:41:26,ICBP,RG,9350,1,D,RX,YP,D
13:41:26,ICBP,RG,9350,1,D,RX,XC,D
13:41:26,ICBP,RG,9350,1,D,RX,PD,D
13:41:26,ICBP,RG,9350,20,D,RX,PD,D
13:41:26,ICBP,RG,9350,1,D,RX,XC,D
13:41:26,ICBP,RG,9350,13,D,RX,CC,D
13:41:26,ICBP,RG,9350,1,D,RX,YP,D
13:41:26,ICBP,RG,9350,5,D,RX,CC,D
13:41:26,ICBP,RG,9350,2,D,RX,YP,D
13:41:26,ICBP,RG,9350,3,D,RX,KK,D
13:41:26,ICBP,RG,9350,200,D,RX,CC,D
13:41:26,ICBP,RG,9350,98,D,RX,KK,D
13:41:26,ICBP,RG,9350,5,D,RX,GR,D
13:41:26,ICBP,RG,9350,2,D,RX,YJ,D
13:41:26,ICBP,RG,9350,3,D,RX,YB,D
13:41:26,ICBP,RG,9350,1,D,RX,YB,D
13:41:26,ICBP,RG,9350,10,D,RX,PD,D
13:41:24,ICBP,RG,9325,5,D,CS,BB,D
13:41:24,ICBP,RG,9325,18,F,ZP,BB,D
13:41:24,ICBP,RG,9325,1,F,CS,BB,D
13:41:24,ICBP,RG,9325,3,D,CS,BB,D
13:41:24,ICBP,RG,9325,22,D,KZ,BB,D
13:41:00,ICBP,RG,9350,19,F,ZP,PD,D
13:40:03,ICBP,RG,9350,3,D,XC,PD,D
13:39:40,ICBP,RG,9350,1,D,XL,PD,D
13:38:00,ICBP,RG,9350,17,F,ZP,PD,D
13:38:00,ICBP,RG,9350,1,F,ZP,NI,D
13:33:34,ICBP,RG,9325,1,D,KZ,CC,D
13:33:34,ICBP,RG,9325,1,D,CS,CC,D
13:33:34,ICBP,RG,9325,14,D,KZ,CC,D
13:33:33,ICBP,RG,9325,3,D,KZ,CC,D
13:33:32,ICBP,RG,9325,1,D,KZ,CC,D
13:33:32,ICBP,RG,9325,2,D,KZ,BB,D
13:33:32,ICBP,RG,9325,6,D,KZ,BB,D
13:33:32,ICBP,RG,9325,8,D,KZ,ZP,F
13:33:32,ICBP,RG,9325,10,D,KZ,ZP,F
13:33:32,ICBP,RG,9325,3,D,CS,BB,D
13:33:32,ICBP,RG,9325,45,D,CS,BB,D
13:33:32,ICBP,RG,9325,13,D,CS,BB,D
13:33:31,ICBP,RG,9325,110,F,DP,BB,D
13:33:31,ICBP,RG,9325,18,D,RX,BB,D
13:33:27,ICBP,RG,9325,9,D,RX,BB,D
13:33:15,ICBP,RG,9325,8,D,RX,BB,D
13:33:15,ICBP,RG,9325,4,D,RX,XL,D
13:33:10,ICBP,RG,9325,1,D,RX,XL,D
13:33:10,ICBP,RG,9325,2,D,RX,YP,D
13:33:10,ICBP,RG,9325,10,D,RX,YP,D
13:33:10,ICBP,RG,9325,1,D,RX,YP,D
13:33:10,ICBP,RG,9325,2,D,RX,AK,F
13:33:10,ICBP,RG,9325,12,D,RX,AK,F
13:33:04,ICBP,RG,9325,9,D,RX,AK,F
13:32:51,ICBP,RG,9325,10,D,RX,AK,F
13:32:48,ICBP,RG,9325,9,D,RX,AK,F
13:32:45,ICBP,RG,9325,9,D,RX,AK,F
13:32:40,ICBP,RG,9325,9,D,RX,AK,F
13:32:40,ICBP,RG,9325,10,D,RX,AK,F
13:32:39,ICBP,RG,9325,10,D,RX,AK,F
13:32:30,ICBP,RG,9300,9,D,PD,OD,D
13:32:30,ICBP,RG,9300,1,D,DH,OD,D
13:32:30,ICBP,RG,9300,2,D,LG,OD,D
13:32:29,ICBP,RG,9325,4,D,RX,AK,F
13:32:29,ICBP,RG,9325,10,D,RX,YP,D
13:32:29,ICBP,RG,9325,2,D,RX,OD,D
13:32:29,ICBP,RG,9325,10,D,RX,OD,D
13:32:27,ICBP,RG,9325,1,D,PD,OD,D
13:32:25,ICBP,RG,9325,12,D,RX,OD,D
13:32:22,ICBP,RG,9325,1,D,PD,OD,D
13:32:14,ICBP,RG,9325,14,F,BK,OD,D
13:32:14,ICBP,RG,9325,2,F,BK,PD,D
13:32:14,ICBP,RG,9325,18,F,BK,ZP,F
13:32:14,ICBP,RG,9325,69,F,BK,BB,D
13:32:13,ICBP,RG,9325,38,F,BK,BB,D
13:32:13,ICBP,RG,9325,65,F,BK,YU,F
13:32:13,ICBP,RG,9325,100,F,BK,YU,F
13:32:13,ICBP,RG,9325,3,F,BK,YU,F
13:32:11,ICBP,RG,9325,79,F,BK,YU,F
13:32:11,ICBP,RG,9325,1,F,BK,BB,D
13:32:11,ICBP,RG,9325,7,F,BK,ZP,F
13:32:11,ICBP,RG,9325,1,F,BK,BB,D
13:32:11,ICBP,RG,9325,5,F,BK,BB,D
13:32:11,ICBP,RG,9325,7,F,BK,BB,D
13:32:11,ICBP,RG,9325,11,D,RX,BB,D
13:32:10,ICBP,RG,9325,100,F,BK,BB,D
13:32:10,ICBP,RG,9325,18,F,ZP,BB,D
13:32:10,ICBP,RG,9325,16,D,RX,BB,D
13:31:55,ICBP,RG,9325,9,D,RX,BB,D
13:31:53,ICBP,RG,9325,9,D,RX,BB,D
13:31:51,ICBP,RG,9325,9,D,RX,BB,D
13:31:43,ICBP,RG,9325,9,D,RX,BB,D
13:31:42,ICBP,RG,9325,11,D,RX,BB,D
13:31:40,ICBP,RG,9325,16,D,RX,BB,D
13:31:35,ICBP,RG,9325,9,D,RX,BB,D
13:31:29,ICBP,RG,9325,9,D,RX,BB,D
13:31:22,ICBP,RG,9325,17,D,RX,BB,D
13:31:16,ICBP,RG,9325,11,D,RX,BB,D
13:31:15,ICBP,RG,9325,12,D,RX,BB,D
13:31:06,ICBP,RG,9325,9,D,RX,BB,D
13:31:03,ICBP,RG,9325,10,D,RX,BB,D
13:30:58,ICBP,RG,9325,9,D,RX,BB,D
13:30:52,ICBP,RG,9325,9,D,RX,BB,D
13:30:49,ICBP,RG,9325,10,D,RX,BB,D
13:30:46,ICBP,RG,9325,11,D,RX,BB,D
13:30:41,ICBP,RG,9325,17,D,RX,BB,D
13:30:25,ICBP,RG,9300,1,D,LG,XL,D
13:30:15,ICBP,RG,9300,6,D,LG,ZP,F
13:30:15,ICBP,RG,9300,41,D,LG,SQ,D
13:30:15,ICBP,RG,9300,5,D,KK,SQ,D
13:30:15,ICBP,RG,9300,1,D,NI,SQ,D
13:30:15,ICBP,RG,9300,5,D,LG,SQ,D
13:30:15,ICBP,RG,9300,2,D,CS,SQ,D
13:30:15,ICBP,RG,9300,4,D,CS,SQ,D
13:30:15,ICBP,RG,9300,7,D,CS,SQ,D
13:30:15,ICBP,RG,9300,35,D,CP,SQ,D
13:30:14,ICBP,RG,9300,12,D,CP,SQ,D
13:30:09,ICBP,RG,9300,3,D,CP,YP,D
13:30:08,ICBP,RG,9300,1,D,CP,YP,D
13:30:08,ICBP,RG,9300,5,D,CP,CC,D
13:30:08,ICBP,RG,9300,2,D,CP,YP,D
13:30:06,ICBP,RG,9300,3,D,CP,CC,D
13:30:05,ICBP,RG,9325,1,D,XL,BB,D
13:30:03,ICBP,RG,9300,1,D,CP,CC,D
13:30:03,ICBP,RG,9300,1,D,CP,XC,D
13:30:03,ICBP,RG,9300,1,D,CP,XC,D
13:30:02,ICBP,RG,9300,15,D,CP,PD,D
13:30:02,ICBP,RG,9300,5,D,CP,XC,D
13:30:02,ICBP,RG,9300,4,D,CP,CC,D
13:30:01,ICBP,RG,9300,10,D,CP,KK,D
13:30:01,ICBP,RG,9300,2,D,CP,PD,D
13:30:01,ICBP,RG,9300,2,D,CS,PD,D
13:30:01,ICBP,RG,9300,1,D,CS,PD,D
13:30:01,ICBP,RG,9325,2,D,PD,BB,D
13:30:01,ICBP,RG,9300,1,D,CS,PD,D
13:30:01,ICBP,RG,9300,3,F,CS,PD,D
13:30:01,ICBP,RG,9300,3,D,CS,PD,D
13:30:01,ICBP,RG,9300,1,F,CS,PD,D
13:30:01,ICBP,RG,9300,2,D,NI,PD,D
13:30:01,ICBP,RG,9300,2,D,CS,PD,D
13:30:01,ICBP,RG,9300,18,D,CS,OD,D
13:30:01,ICBP,RG,9300,2,D,CS,OD,D
13:30:01,ICBP,RG,9300,1,D,CS,OD,D
13:30:01,ICBP,RG,9300,1,D,CS,OD,D
13:30:01,ICBP,RG,9300,7,D,CS,OD,D
13:30:01,ICBP,RG,9300,7,D,CS,OD,D
13:30:01,ICBP,RG,9300,6,D,CS,OD,D
13:30:01,ICBP,RG,9300,13,D,CS,OD,D
13:30:01,ICBP,RG,9300,7,D,CS,OD,D
13:30:01,ICBP,RG,9300,13,D,SQ,OD,D
13:30:01,ICBP,RG,9300,5,D,CS,OD,D
13:30:01,ICBP,RG,9300,9,D,CS,PD,D
13:30:01,ICBP,RG,9300,7,D,CS,PD,D
13:30:01,ICBP,RG,9300,2,F,DP,PD,D
13:30:01,ICBP,RG,9300,1,F,DP,PD,D
11:29:59,ICBP,RG,9300,2,F,DP,KI,D
11:29:58,ICBP,RG,9300,7,F,DP,BB,D
11:29:58,ICBP,RG,9300,1,D,CS,BB,D
11:29:28,ICBP,RG,9300,3,D,CS,BB,D
11:29:25,ICBP,RG,9300,1,D,CS,BB,D
11:29:25,ICBP,RG,9300,3,D,CS,BB,D
11:29:25,ICBP,RG,9300,4,D,CS,BB,D
11:29:25,ICBP,RG,9300,4,D,CS,BB,D
11:29:25,ICBP,RG,9300,2,F,CS,BB,D
11:29:25,ICBP,RG,9300,1,D,KZ,BB,D
11:29:25,ICBP,RG,9300,15,D,KZ,BB,D
11:29:25,ICBP,RG,9300,2,D,CS,BB,D
11:29:25,ICBP,RG,9300,2,D,CS,BB,D
11:29:25,ICBP,RG,9300,3,D,KZ,BB,D
11:29:25,ICBP,RG,9300,1,D,CS,BB,D
11:29:25,ICBP,RG,9325,2,D,KZ,BB,D
11:29:20,ICBP,RG,9325,1,D,KZ,BB,D
11:29:20,ICBP,RG,9325,2,D,KZ,BB,D
11:29:20,ICBP,RG,9325,11,D,KZ,BB,D
11:29:20,ICBP,RG,9325,1,D,KZ,BB,D
11:29:20,ICBP,RG,9325,14,D,KZ,BB,D
11:29:20,ICBP,RG,9325,1,D,KZ,BB,D
11:29:20,ICBP,RG,9325,1,D,KZ,BB,D
11:29:15,ICBP,RG,9325,1,D,KZ,BB,D
11:29:15,ICBP,RG,9325,1,D,KZ,BB,D
11:29:15,ICBP,RG,9325,1,D,KZ,BB,D
11:29:15,ICBP,RG,9325,9,D,KZ,BB,D
11:29:15,ICBP,RG,9325,1,D,KZ,BB,D
11:29:15,ICBP,RG,9325,1,D,KZ,BB,D
11:29:15,ICBP,RG,9325,6,D,KZ,BB,D
11:29:15,ICBP,RG,9325,1,D,KZ,BB,D
11:29:15,ICBP,RG,9325,1,D,KZ,BB,D
11:29:15,ICBP,RG,9325,1,D,KZ,BB,D
11:29:15,ICBP,RG,9325,2,D,KZ,BB,D
11:29:15,ICBP,RG,9325,9,D,KZ,BB,D
11:29:15,ICBP,RG,9325,1,D,KZ,BB,D
11:29:15,ICBP,RG,9325,4,D,KZ,BB,D
11:29:15,ICBP,RG,9300,1,D,KZ,BB,D
11:29:15,ICBP,RG,9300,3,D,KZ,BB,D
11:29:15,ICBP,RG,9325,2,D,KZ,BB,D
11:29:15,ICBP,RG,9325,6,D,KZ,BB,D
11:29:00,ICBP,RG,9300,1,D,KZ,BB,D
11:28:15,ICBP,RG,9325,1,D,XC,BB,D
11:27:33,ICBP,RG,9325,2,D,PD,BB,D
11:27:30,ICBP,RG,9325,2,D,CS,BB,D
11:27:30,ICBP,RG,9300,1,D,KZ,CC,D
11:27:30,ICBP,RG,9300,1,D,KZ,CC,D
11:27:30,ICBP,RG,9300,7,D,KZ,CC,D
11:27:30,ICBP,RG,9300,3,D,KZ,CC,D
11:27:30,ICBP,RG,9300,3,D,KZ,SQ,D
11:27:30,ICBP,RG,9300,2,D,KZ,SQ,D
11:27:30,ICBP,RG,9300,2,D,KZ,NI,D
11:27:30,ICBP,RG,9300,1,D,KZ,BB,D
11:27:27,ICBP,RG,9300,1,D,CS,BB,D
11:27:26,ICBP,RG,9300,2,D,CS,BB,D
11:27:26,ICBP,RG,9300,2,D,CS,BB,D
11:27:25,ICBP,RG,9300,1,D,CS,BB,D
11:27:24,ICBP,RG,9300,7,D,CS,BB,D
11:27:24,ICBP,RG,9300,16,D,CS,BB,D
11:27:24,ICBP,RG,9300,1,D,CS,BB,D
11:27:24,ICBP,RG,9300,1,D,CS,CC,D
11:27:24,ICBP,RG,9300,3,D,CS,CC,F
11:27:24,ICBP,RG,9300,6,D,CS,AK,F
11:27:21,ICBP,RG,9275,2,D,PD,BB,D
11:27:13,ICBP,RG,9275,5,D,PD,BB,D
11:26:50,ICBP,RG,9275,4,D,PD,BB,D
11:26:44,ICBP,RG,9300,6,D,CS,AK,F
11:26:44,ICBP,RG,9275,3,D,PD,BB,D
11:26:32,ICBP,RG,9275,2,D,PD,BB,D
11:26:32,ICBP,RG,9300,1,D,PD,AK,F
11:26:24,ICBP,RG,9275,5,D,PD,BB,D
11:26:09,ICBP,RG,9275,6,D,PD,SQ,D
11:26:09,ICBP,RG,9300,12,D,CS,AK,F
11:26:08,ICBP,RG,9275,2,D,PD,BB,D
11:25:59,ICBP,RG,9275,1,D,PD,BB,D
11:25:07,ICBP,RG,9300,5,D,KK,AK,F
11:24:40,ICBP,RG,9300,4,D,CS,ZP,F
11:24:10,ICBP,RG,9300,8,D,CS,ZP,F
11:23:52,ICBP,RG,9275,3,D,DH,AK,F
11:23:52,ICBP,RG,9275,5,D,PD,AK,F
11:23:52,ICBP,RG,9275,2,D,YP,AK,F
11:23:52,ICBP,RG,9275,1,D,TP,AK,F
11:23:52,ICBP,RG,9275,3,D,YP,AK,F
11:23:52,ICBP,RG,9275,3,D,XC,AK,F
11:23:52,ICBP,RG,9275,3,D,NI,AK,F
11:23:52,ICBP,RG,9275,5,D,PD,AK,F
11:23:52,ICBP,RG,9275,2,D,DR,AK,F
11:23:52,ICBP,RG,9275,1,D,YP,AK,F
11:23:52,ICBP,RG,9275,10,D,XC,AK,F
11:23:52,ICBP,RG,9275,5,D,PD,AK,F
11:23:52,ICBP,RG,9275,1,D,YP,AK,F
11:23:52,ICBP,RG,9275,1,D,XL,AK,F
11:23:52,ICBP,RG,9275,2,D,YP,AK,F
11:23:51,ICBP,RG,9300,1,D,XL,ZP,F
11:23:19,ICBP,RG,9300,1,D,SQ,ZP,F
11:23:17,ICBP,RG,9275,1,D,YP,BQ,D
11:23:14,ICBP,RG,9300,1,D,SQ,ZP,F
11:22:33,ICBP,RG,9300,2,D,PD,ZP,F
11:22:05,ICBP,RG,9300,1,D,NI,ZP,F
11:21:31,ICBP,RG,9300,10,F,DP,BK,F
11:21:30,ICBP,RG,9300,11,D,CS,BK,F
11:21:30,ICBP,RG,9300,2,F,CS,BK,F
11:21:30,ICBP,RG,9300,54,D,CS,BK,F
11:21:30,ICBP,RG,9300,2,D,CS,BK,F
11:21:30,ICBP,RG,9300,9,D,CS,BK,F
11:21:30,ICBP,RG,9300,5,D,CS,BK,F
11:21:30,ICBP,RG,9300,78,F,DP,BK,F
11:21:30,ICBP,RG,9300,48,F,CS,BK,F
11:21:30,ICBP,RG,9300,5,F,CS,BB,D
11:21:30,ICBP,RG,9300,35,F,CS,BB,D
11:21:30,ICBP,RG,9300,1,D,KZ,BB,D
11:21:30,ICBP,RG,9300,1,D,KZ,BB,D
11:21:30,ICBP,RG,9300,1,D,KZ,BB,D
11:21:30,ICBP,RG,9300,25,D,CC,BB,D
11:21:30,ICBP,RG,9300,3,D,DR,BB,D
11:21:30,ICBP,RG,9300,20,D,PD,BB,D
11:21:30,ICBP,RG,9300,1,D,PD,BB,D
11:21:30,ICBP,RG,9300,1,D,PD,BB,D
11:21:30,ICBP,RG,9300,50,D,KK,BB,D
11:21:30,ICBP,RG,9300,1,D,PD,BB,D
11:21:30,ICBP,RG,9300,5,D,SQ,BB,D
11:21:30,ICBP,RG,9300,1,D,YP,BB,D
11:21:30,ICBP,RG,9300,1,D,YU,BB,D
11:21:30,ICBP,RG,9300,2,D,XC,BB,D
11:21:30,ICBP,RG,9300,5,D,PD,BB,D
11:21:30,ICBP,RG,9300,5,D,YP,BB,D
11:21:30,ICBP,RG,9300,24,D,DH,BB,D
11:21:30,ICBP,RG,9300,2,D,YP,BB,D
11:21:30,ICBP,RG,9300,2,D,CC,BB,D
11:21:30,ICBP,RG,9300,4,D,XL,BB,D
11:21:30,ICBP,RG,9300,1,D,LG,BB,D
11:21:30,ICBP,RG,9300,1,D,XC,BB,D
11:21:30,ICBP,RG,9300,2,D,XC,BB,D
11:21:30,ICBP,RG,9300,1,D,YB,BB,D
11:21:30,ICBP,RG,9300,1,D,XC,BB,D
11:21:30,ICBP,RG,9300,1,D,YP,BB,D
11:21:30,ICBP,RG,9300,25,D,YP,BB,D
11:21:30,ICBP,RG,9300,10,D,SQ,BB,D
11:21:30,ICBP,RG,9300,10,D,ZP,BB,D
11:21:30,ICBP,RG,9300,5,D,CC,BB,D
11:21:30,ICBP,RG,9300,235,D,RX,BB,D
11:21:30,ICBP,RG,9300,13,D,RX,BB,D
11:21:21,ICBP,RG,9300,5,D,RX,BB,D
11:21:21,ICBP,RG,9300,47,D,RX,BB,D
11:21:21,ICBP,RG,9300,9,D,SQ,BB,D
11:21:21,ICBP,RG,9300,5,D,YB,BB,D
11:21:21,ICBP,RG,9300,5,D,YP,BB,D
11:21:21,ICBP,RG,9300,80,F,CS,BB,D
11:21:21,ICBP,RG,9300,150,D,CP,BB,D
11:21:21,ICBP,RG,9300,5,D,YP,BB,D
11:21:21,ICBP,RG,9300,5,D,AR,BB,D
11:21:21,ICBP,RG,9300,100,D,NI,BB,D
11:21:21,ICBP,RG,9300,1,F,CS,BB,D
11:21:21,ICBP,RG,9300,1,F,CS,BB,D
11:21:21,ICBP,RG,9300,50,D,PD,BB,D
11:21:21,ICBP,RG,9300,24,F,CS,BB,D
11:21:21,ICBP,RG,9300,12,F,CS,BB,D
11:21:19,ICBP,RG,9325,5,D,KK,BB,D
11:21:08,ICBP,RG,9325,8,F,DP,BB,D
11:21:08,ICBP,RG,9325,3,D,CS,BB,D
11:21:08,ICBP,RG,9325,15,D,CS,BB,D
11:21:08,ICBP,RG,9325,15,F,DP,BB,D
11:21:08,ICBP,RG,9325,12,F,DP,BB,D
11:21:08,ICBP,RG,9325,1,D,KZ,BB,D
11:20:57,ICBP,RG,9325,3,D,KZ,BB,D
11:20:57,ICBP,RG,9325,2,D,KZ,BB,D
11:20:57,ICBP,RG,9325,4,D,KZ,BB,D
11:20:57,ICBP,RG,9325,1,D,KZ,BB,D
11:20:57,ICBP,RG,9325,2,D,KZ,BB,D
11:20:57,ICBP,RG,9325,6,D,KZ,BB,D
11:20:57,ICBP,RG,9325,9,D,KZ,BB,D
11:20:57,ICBP,RG,9325,15,D,KZ,BB,D
11:20:57,ICBP,RG,9325,2,D,KZ,BB,D
11:20:57,ICBP,RG,9325,11,D,KZ,BB,D
11:20:57,ICBP,RG,9325,2,D,KZ,BB,D
11:20:57,ICBP,RG,9325,17,D,KZ,BB,D
11:20:57,ICBP,RG,9325,2,D,XC,BB,D
11:20:57,ICBP,RG,9325,11,D,KZ,BB,D
11:20:57,ICBP,RG,9325,15,D,KZ,BB,D
11:20:57,ICBP,RG,9325,46,D,CS,BB,D
11:20:57,ICBP,RG,9325,23,D,KZ,BB,D
11:20:57,ICBP,RG,9325,17,D,KZ,BB,D
11:20:57,ICBP,RG,9325,4,D,KZ,BB,D
11:20:57,ICBP,RG,9325,3,D,KZ,BB,D
11:20:57,ICBP,RG,9325,24,D,KZ,BB,D
11:20:57,ICBP,RG,9325,1,D,CS,BB,D
11:20:57,ICBP,RG,9325,3,D,CS,BB,D
11:20:57,ICBP,RG,9325,4,D,KZ,BB,D
11:20:57,ICBP,RG,9325,11,F,DP,BB,D
11:20:57,ICBP,RG,9325,16,D,CS,BB,D
11:20:57,ICBP,RG,9325,3,F,CS,BB,D
11:20:57,ICBP,RG,9325,4,D,CC,BB,D
11:20:43,ICBP,RG,9325,2,D,CC,BB,D
11:20:17,ICBP,RG,9325,1,D,CC,BQ,D
11:20:12,ICBP,RG,9325,1,D,CC,BB,D
11:18:43,ICBP,RG,9350,1,D,YP,NI,D
11:17:58,ICBP,RG,9350,1,D,PD,NI,D
11:17:37,ICBP,RG,9350,11,D,ZP,NI,D
11:17:37,ICBP,RG,9350,19,D,ZP,CC,D
11:17:13,ICBP,RG,9350,1,D,CC,CC,D
11:16:55,ICBP,RG,9350,1,D,XC,CC,D
11:15:48,ICBP,RG,9325,7,D,CC,PD,D
11:14:46,ICBP,RG,9325,2,D,CC,NI,D
11:14:41,ICBP,RG,9325,1,D,CC,PD,D
11:12:48,ICBP,RG,9325,1,D,CC,BB,D
11:12:48,ICBP,RG,9325,5,D,CC,YP,D
11:12:07,ICBP,RG,9325,7,D,CC,ZP,F
11:11:30,ICBP,RG,9325,5,D,CC,AK,F
11:11:23,ICBP,RG,9325,4,D,CC,BB,D
11:11:23,ICBP,RG,9325,1,D,CC,DH,D
11:11:18,ICBP,RG,9325,48,D,CC,AK,F
11:11:18,ICBP,RG,9325,17,D,CC,ZP,F
11:11:18,ICBP,RG,9325,1,D,CC,BB,D
11:10:51,ICBP,RG,9300,1,F,CS,BB,D
11:10:47,ICBP,RG,9325,6,D,CS,BK,F
11:10:47,ICBP,RG,9325,6,D,CS,BK,F
11:10:47,ICBP,RG,9325,3,F,CS,BK,F
11:10:47,ICBP,RG,9325,1,D,CS,AK,F
11:10:47,ICBP,RG,9325,2,D,CS,AK,F
11:10:47,ICBP,RG,9325,1,D,CS,AK,F
11:10:47,ICBP,RG,9325,10,D,KZ,AK,F
11:10:47,ICBP,RG,9325,7,D,KZ,AK,F
11:10:47,ICBP,RG,9325,2,D,KZ,AK,F
11:10:47,ICBP,RG,9325,2,D,KZ,AK,F
11:10:47,ICBP,RG,9325,5,D,KZ,BB,D
11:10:47,ICBP,RG,9325,2,F,CS,BB,D
11:10:47,ICBP,RG,9325,1,F,CS,BB,D
11:10:47,ICBP,RG,9325,2,D,CS,BB,D
11:10:47,ICBP,RG,9325,11,F,DP,BB,D
11:10:47,ICBP,RG,9325,1,D,CS,BB,D
11:10:47,ICBP,RG,9325,7,D,CS,BB,D
11:10:47,ICBP,RG,9325,3,D,CS,BB,D
11:10:47,ICBP,RG,9325,1,D,CS,BB,D
11:10:42,ICBP,RG,9325,9,D,CS,AK,F
11:10:42,ICBP,RG,9325,4,D,CS,AK,F
11:10:42,ICBP,RG,9325,2,D,CS,AK,F
11:10:42,ICBP,RG,9325,5,D,CS,AK,F
11:10:42,ICBP,RG,9325,1,F,CS,AK,F
11:10:42,ICBP,RG,9325,1,D,CS,AK,F
11:10:42,ICBP,RG,9325,1,D,KZ,AK,F
11:10:42,ICBP,RG,9325,11,D,KZ,AK,F
11:10:42,ICBP,RG,9325,7,D,SQ,AK,F
11:10:42,ICBP,RG,9325,11,D,SQ,AK,F
11:10:42,ICBP,RG,9325,2,D,DR,AK,F
11:10:42,ICBP,RG,9325,6,D,CS,AK,F
11:10:42,ICBP,RG,9325,3,D,CS,YP,D
11:10:42,ICBP,RG,9325,3,D,CS,YP,D
11:10:42,ICBP,RG,9325,4,D,CS,YP,D
11:10:42,ICBP,RG,9325,13,D,CS,YP,D
11:10:42,ICBP,RG,9325,22,D,CS,YP,D
11:10:42,ICBP,RG,9325,1,D,CS,YP,D
11:10:42,ICBP,RG,9325,4,D,CS,YP,D
11:10:42,ICBP,RG,9325,1,D,CS,YP,D
11:10:42,ICBP,RG,9325,3,D,CS,YP,D
11:10:42,ICBP,RG,9325,20,D,SQ,YP,D
11:10:42,ICBP,RG,9325,2,D,LG,YP,D
11:10:42,ICBP,RG,9325,42,F,DP,YP,D
11:10:42,ICBP,RG,9325,3,D,CS,YP,D
11:10:42,ICBP,RG,9325,5,D,CS,YP,D
11:10:42,ICBP,RG,9325,4,D,CS,YP,D
11:10:42,ICBP,RG,9325,2,D,CS,YP,D
11:10:39,ICBP,RG,9325,1,D,CS,YP,D
11:10:39,ICBP,RG,9325,1,D,CS,YP,D
11:10:39,ICBP,RG,9325,2,D,CS,YP,D
11:10:39,ICBP,RG,9325,2,F,CS,YP,D
11:10:39,ICBP,RG,9325,4,D,SQ,YP,D
11:08:56,ICBP,RG,9325,1,D,SQ,PD,D
11:06:57,ICBP,RG,9325,1,D,SQ,BB,D
11:06:57,ICBP,RG,9325,6,D,SQ,AZ,D
11:06:57,ICBP,RG,9325,3,D,SQ,CC,D
11:06:54,ICBP,RG,9325,10,D,SQ,CC,F
11:06:54,ICBP,RG,9325,3,D,SQ,XC,D
11:06:54,ICBP,RG,9325,1,D,SQ,BB,D
11:06:54,ICBP,RG,9325,1,D,SQ,AK,F
11:06:50,ICBP,RG,9325,10,D,KZ,AK,F
11:06:45,ICBP,RG,9325,12,D,CS,AK,F
11:06:45,ICBP,RG,9325,3,D,CS,AK,F
11:06:45,ICBP,RG,9325,6,D,CS,AK,F
11:06:45,ICBP,RG,9325,1,D,CS,BB,D
11:06:45,ICBP,RG,9325,19,D,KZ,BB,D
11:06:45,ICBP,RG,9325,15,D,KZ,BB,D
11:06:45,ICBP,RG,9325,4,D,KZ,BB,D
11:06:45,ICBP,RG,9325,14,D,KZ,BB,D
11:06:40,ICBP,RG,9325,6,D,KZ,BB,D
11:06:35,ICBP,RG,9325,3,D,CS,BB,D
11:06:35,ICBP,RG,9325,3,D,KZ,BB,D
11:06:35,ICBP,RG,9325,1,D,CS,BB,D
11:06:35,ICBP,RG,9325,7,D,CS,BB,D
11:06:35,ICBP,RG,9325,13,D,KZ,BB,D
11:06:35,ICBP,RG,9325,10,D,KZ,BB,D
11:06:35,ICBP,RG,9325,2,D,KZ,BB,D
11:06:35,ICBP,RG,9325,20,D,KZ,BB,D
11:06:35,ICBP,RG,9325,8,D,KZ,BB,D
11:06:35,ICBP,RG,9300,1,F,CS,BB,D
11:06:35,ICBP,RG,9325,7,D,SQ,BB,D
11:06:35,ICBP,RG,9325,2,D,SQ,BB,D
11:06:23,ICBP,RG,9325,1,D,CS,BB,D
11:06:23,ICBP,RG,9325,2,D,CS,BB,D
11:06:20,ICBP,RG,9300,1,F,CS,BB,D
11:06:20,ICBP,RG,9325,2,D,KZ,BB,D
11:06:20,ICBP,RG,9325,1,D,KZ,BB,D
11:06:20,ICBP,RG,9325,14,D,KZ,BB,D
11:06:15,ICBP,RG,9300,3,F,CS,BB,D
11:06:08,ICBP,RG,9300,14,F,CS,BB,D
11:06:08,ICBP,RG,9325,4,F,CS,BB,D
11:05:44,ICBP,RG,9325,55,D,CS,BB,D
11:05:44,ICBP,RG,9300,2,F,CS,BB,D
11:05:36,ICBP,RG,9300,9,F,CS,BB,D
11:05:36,ICBP,RG,9325,1,D,CC,BB,D
11:05:17,ICBP,RG,9325,8,D,CS,BB,D
11:05:16,ICBP,RG,9325,2,D,CS,BB,D
11:05:16,ICBP,RG,9325,10,D,CS,BB,D
11:05:16,ICBP,RG,9325,15,D,CS,BB,D
11:05:12,ICBP,RG,9300,2,F,CS,BB,D
11:05:00,ICBP,RG,9300,3,F,CS,BB,D
11:05:00,ICBP,RG,9300,1,F,CS,BB,D
11:04:40,ICBP,RG,9300,2,F,CS,BB,D
11:04:32,ICBP,RG,9325,1,D,PD,BB,D
11:04:17,ICBP,RG,9325,50,D,YP,BB,D
11:04:09,ICBP,RG,9325,3,D,CS,BB,D
11:04:09,ICBP,RG,9325,1,D,CS,BB,D
11:04:09,ICBP,RG,9325,1,D,CS,BB,D
11:04:09,ICBP,RG,9325,1,D,CS,BB,D
11:03:25,ICBP,RG,9325,15,D,KZ,BB,D
11:03:25,ICBP,RG,9325,2,D,KZ,BB,D
11:03:25,ICBP,RG,9325,6,D,KZ,BB,D
11:03:20,ICBP,RG,9325,12,D,KZ,BB,D
11:03:20,ICBP,RG,9325,10,D,KZ,BB,D
11:03:05,ICBP,RG,9325,2,D,KZ,BB,D
11:03:05,ICBP,RG,9325,15,D,KZ,BB,D
11:01:09,ICBP,RG,9300,5,F,CS,XC,D
11:00:15,ICBP,RG,9325,2,D,KI,BB,D
11:00:09,ICBP,RG,9325,1,D,SQ,BB,D
11:00:06,ICBP,RG,9325,4,D,SQ,BB,D
11:00:00,ICBP,RG,9325,3,D,XC,BB,D
10:59:12,ICBP,RG,9325,4,D,CC,BB,D
10:58:26,ICBP,RG,9325,18,D,AZ,BB,D
10:57:48,ICBP,RG,9325,48,F,DP,BB,D
10:57:48,ICBP,RG,9325,2,D,CS,BB,D
10:57:48,ICBP,RG,9325,2,D,CS,BB,D
10:57:48,ICBP,RG,9325,4,D,CS,BB,D
10:57:48,ICBP,RG,9325,3,D,CS,BB,D
10:57:48,ICBP,RG,9325,6,D,CS,BB,D
10:57:48,ICBP,RG,9325,7,D,CS,BB,D
10:57:48,ICBP,RG,9325,18,D,CS,BB,D
10:57:48,ICBP,RG,9325,1,D,CS,BB,D
10:57:48,ICBP,RG,9325,2,D,CS,BB,D
10:57:48,ICBP,RG,9325,29,D,CS,BB,D
10:57:48,ICBP,RG,9325,1,F,CS,BB,D
10:57:48,ICBP,RG,9325,2,D,KZ,BB,D
10:57:48,ICBP,RG,9325,8,D,KZ,BB,D
10:57:48,ICBP,RG,9325,7,D,KZ,BB,D
10:57:48,ICBP,RG,9325,1,D,KZ,BB,D
10:57:48,ICBP,RG,9325,6,D,KZ,BB,D
10:57:48,ICBP,RG,9325,4,D,KZ,BB,D
10:57:48,ICBP,RG,9325,5,D,KZ,BB,D
10:57:48,ICBP,RG,9325,3,D,CS,BB,D
10:57:48,ICBP,RG,9325,101,F,DP,BB,D
10:57:48,ICBP,RG,9325,2,D,CS,BB,D
10:57:48,ICBP,RG,9325,6,D,CS,BB,D
10:57:48,ICBP,RG,9325,1,F,CS,BB,D
10:57:48,ICBP,RG,9325,16,D,CS,BB,D
10:57:48,ICBP,RG,9325,18,D,CS,BB,D
10:57:48,ICBP,RG,9325,3,D,CS,BB,D
10:57:48,ICBP,RG,9325,4,D,CS,BB,D
10:57:48,ICBP,RG,9325,1,D,CS,BB,D
10:57:48,ICBP,RG,9325,29,D,RX,BB,D
10:57:48,ICBP,RG,9325,15,D,RX,BB,D
10:57:38,ICBP,RG,9325,1,D,RX,BB,D
10:57:25,ICBP,RG,9325,2,D,RX,BB,D
10:57:15,ICBP,RG,9350,1,F,CS,CC,D
10:57:15,ICBP,RG,9350,1,F,CS,YB,D
10:57:15,ICBP,RG,9325,2,D,RX,SQ,D
10:57:15,ICBP,RG,9325,9,D,RX,YU,F
10:57:15,ICBP,RG,9325,13,D,RX,YU,F
10:57:15,ICBP,RG,9325,13,D,RX,YU,F
10:57:15,ICBP,RG,9325,10,D,RX,YU,F
10:57:15,ICBP,RG,9325,1,D,RX,XC,D
10:57:15,ICBP,RG,9325,3,D,RX,CC,D
10:57:15,ICBP,RG,9325,2,D,RX,BB,D
10:57:15,ICBP,RG,9325,118,D,RX,AK,F
10:57:15,ICBP,RG,9325,19,D,RX,YU,F
10:57:15,ICBP,RG,9325,18,D,RX,ZP,F
10:57:15,ICBP,RG,9325,1,D,RX,XC,D
10:57:15,ICBP,RG,9325,188,D,RX,BB,D
10:57:15,ICBP,RG,9325,3,D,RX,BB,D
10:57:15,ICBP,RG,9325,2,D,RX,LG,D
10:57:15,ICBP,RG,9325,5,D,RX,KK,D
10:57:15,ICBP,RG,9325,1,D,RX,XC,D
10:57:15,ICBP,RG,9325,17,D,RX,ZP,F
10:57:15,ICBP,RG,9325,1,D,RX,SQ,D
10:57:15,ICBP,RG,9325,2,D,RX,CC,D
10:57:15,ICBP,RG,9325,5,D,RX,GR,D
10:57:15,ICBP,RG,9325,2,D,RX,NI,D
10:57:15,ICBP,RG,9325,18,D,RX,YU,F
10:56:10,ICBP,RG,9325,2,D,CS,YU,F
10:56:10,ICBP,RG,9325,1,D,CS,YU,F
10:55:58,ICBP,RG,9325,2,D,SQ,YU,F
10:55:54,ICBP,RG,9325,2,D,SQ,YU,F
10:55:52,ICBP,RG,9325,1,D,SQ,YU,F
10:55:45,ICBP,RG,9325,1,D,KZ,YU,F
10:55:45,ICBP,RG,9325,8,D,KZ,YU,F
10:55:42,ICBP,RG,9325,2,D,SQ,YU,F
10:55:00,ICBP,RG,9300,1,D,KZ,ZP,F
10:55:00,ICBP,RG,9300,2,D,KZ,ZP,F
10:55:00,ICBP,RG,9300,1,D,KZ,ZP,F
10:55:00,ICBP,RG,9300,6,D,KZ,ZP,F
10:55:00,ICBP,RG,9300,4,D,KZ,ZP,F
10:55:00,ICBP,RG,9300,1,F,CS,ZP,F
10:55:00,ICBP,RG,9300,1,D,CS,ZP,F
10:55:00,ICBP,RG,9300,1,F,CS,ZP,F
10:55:00,ICBP,RG,9300,1,D,CS,ZP,F
10:54:10,ICBP,RG,9300,1,D,CS,BB,D
10:54:05,ICBP,RG,9325,1,D,KZ,YU,F
10:54:05,ICBP,RG,9325,2,D,KZ,YU,F
10:54:05,ICBP,RG,9325,5,D,KZ,YU,F
10:54:05,ICBP,RG,9325,2,D,KZ,YU,F
10:54:05,ICBP,RG,9325,1,D,KZ,YU,F
10:54:05,ICBP,RG,9325,3,D,KZ,YU,F
10:54:05,ICBP,RG,9325,2,D,KZ,YU,F
10:54:01,ICBP,RG,9325,8,D,CS,YU,F
10:54:01,ICBP,RG,9325,1,D,CS,YU,F
10:54:01,ICBP,RG,9325,1,D,CS,YU,F
10:54:01,ICBP,RG,9325,6,D,CS,YU,F
10:54:01,ICBP,RG,9325,1,D,CS,YU,F
10:54:01,ICBP,RG,9325,1,D,CS,YU,F
10:54:01,ICBP,RG,9325,6,D,CS,YU,F
10:54:01,ICBP,RG,9325,2,D,CS,YU,F
10:54:01,ICBP,RG,9325,1,D,CS,YU,F
10:54:01,ICBP,RG,9325,1,D,CS,YU,F
10:54:01,ICBP,RG,9325,3,D,CS,YU,F
10:54:01,ICBP,RG,9325,37,D,CS,YU,F
10:54:01,ICBP,RG,9325,38,D,CS,YU,F
10:54:01,ICBP,RG,9325,3,D,CS,YU,F
10:54:01,ICBP,RG,9325,3,D,CS,YU,F
10:54:01,ICBP,RG,9325,1,D,CS,YP,D
10:54:01,ICBP,RG,9300,2,F,DP,YP,D
10:53:20,ICBP,RG,9300,2,F,DP,CC,D
10:51:55,ICBP,RG,9325,1,D,KZ,BB,D
10:51:55,ICBP,RG,9325,1,D,KZ,AK,F
10:51:55,ICBP,RG,9325,7,D,KZ,AK,F
10:51:55,ICBP,RG,9325,7,D,KZ,AK,F
10:51:55,ICBP,RG,9325,3,D,KZ,AK,F
10:51:55,ICBP,RG,9325,8,D,KZ,AK,F
10:51:55,ICBP,RG,9325,5,D,KZ,AK,F
10:51:55,ICBP,RG,9325,8,D,KZ,AK,F
10:51:12,ICBP,RG,9300,9,F,DP,XL,D
10:51:02,ICBP,RG,9325,2,D,PD,AK,F
10:50:39,ICBP,RG,9325,6,F,CS,AK,F
10:50:21,ICBP,RG,9300,1,F,DP,BB,D
10:49:58,ICBP,RG,9300,1,F,DP,PD,D
10:49:52,ICBP,RG,9325,1,D,SQ,AK,F
10:48:34,ICBP,RG,9325,1,D,KZ,AK,F
10:48:34,ICBP,RG,9325,5,D,KZ,AK,F
10:48:34,ICBP,RG,9325,1,D,KZ,AK,F
10:48:34,ICBP,RG,9325,7,D,KZ,AK,F
10:48:34,ICBP,RG,9325,8,D,KZ,AK,F
10:48:29,ICBP,RG,9325,4,D,KZ,AK,F
10:48:29,ICBP,RG,9325,1,D,KZ,AK,F
10:48:29,ICBP,RG,9325,3,D,KZ,AK,F
10:48:29,ICBP,RG,9325,9,D,KZ,AK,F
10:48:29,ICBP,RG,9325,10,D,KZ,AK,F
10:47:05,ICBP,RG,9300,2,F,DP,XL,D
10:46:48,ICBP,RG,9325,10,D,YP,AK,F
10:46:22,ICBP,RG,9325,1,D,CS,AK,F
10:46:22,ICBP,RG,9325,11,D,CS,AK,F
10:46:22,ICBP,RG,9325,8,D,CS,AK,F
10:46:22,ICBP,RG,9325,8,D,CS,AK,F
10:46:22,ICBP,RG,9325,1,D,CS,AK,F
10:46:22,ICBP,RG,9325,3,D,CS,AK,F
10:46:03,ICBP,RG,9325,1,D,AZ,AK,F
10:46:00,ICBP,RG,9300,2,F,DP,CC,D
10:45:23,ICBP,RG,9300,1,F,DP,XC,D
10:45:08,ICBP,RG,9300,1,F,DP,PD,D
10:44:36,ICBP,RG,9300,5,F,DP,AZ,D
10:44:16,ICBP,RG,9300,4,F,DP,YP,D
10:44:05,ICBP,RG,9300,4,F,DP,PD,D
10:44:05,ICBP,RG,9300,1,D,CS,PD,D
10:43:51,ICBP,RG,9325,5,D,CS,AK,F
10:43:51,ICBP,RG,9325,2,D,CS,AK,F
10:43:51,ICBP,RG,9325,1,D,CS,AK,F
10:43:42,ICBP,RG,9325,2,D,CS,AK,F
10:43:42,ICBP,RG,9325,2,D,CS,AK,F
10:43:42,ICBP,RG,9325,1,D,CS,AK,F
10:42:05,ICBP,RG,9325,11,D,PD,AK,F
10:41:53,ICBP,RG,9325,1,D,SQ,AK,F
10:41:50,ICBP,RG,9325,1,D,KK,AK,F
10:41:49,ICBP,RG,9325,4,D,SQ,AK,F
10:41:49,ICBP,RG,9325,2,D,SQ,BB,D
10:41:42,ICBP,RG,9325,5,F,CS,BB,D
10:41:31,ICBP,RG,9325,1,D,XL,BB,D
10:41:20,ICBP,RG,9325,8,D,CS,BB,D
10:41:20,ICBP,RG,9325,4,D,CS,BB,D
10:41:20,ICBP,RG,9325,17,D,CS,BB,D
10:41:20,ICBP,RG,9325,5,D,CS,BB,D
10:41:20,ICBP,RG,9325,11,D,CS,BB,D
10:41:20,ICBP,RG,9325,20,D,CS,BB,D
10:41:20,ICBP,RG,9325,35,D,CS,BB,D
10:41:20,ICBP,RG,9325,3,D,CS,YP,D
10:41:20,ICBP,RG,9325,1,D,CS,KK,D
10:40:26,ICBP,RG,9325,1,D,SQ,KK,D
10:40:14,ICBP,RG,9325,1,D,SQ,KK,D
10:40:12,ICBP,RG,9325,1,D,SQ,KK,D
10:39:56,ICBP,RG,9325,3,D,SQ,KK,D
10:39:46,ICBP,RG,9325,8,D,SQ,KK,D
10:39:26,ICBP,RG,9325,19,D,CS,KK,D
10:39:26,ICBP,RG,9325,12,D,CS,KK,D
10:38:42,ICBP,RG,9300,1,D,CS,BQ,D
10:37:59,ICBP,RG,9300,2,D,CS,PD,D
10:37:59,ICBP,RG,9300,2,D,CS,PD,D
10:37:59,ICBP,RG,9300,13,D,CS,PD,D
10:37:53,ICBP,RG,9325,1,D,SQ,KK,D
10:35:45,ICBP,RG,9325,2,D,OD,KK,D
10:35:06,ICBP,RG,9325,1,D,NI,KK,D
10:34:10,ICBP,RG,9325,1,D,XC,KK,D
10:33:49,ICBP,RG,9325,1,D,KK,KK,D
10:33:30,ICBP,RG,9325,1,D,NI,KK,D
10:33:14,ICBP,RG,9300,1,D,CS,BB,D
10:33:05,ICBP,RG,9300,2,D,CS,BB,D
10:33:05,ICBP,RG,9300,5,D,CS,BB,D
10:32:59,ICBP,RG,9300,1,D,CS,BB,D
10:32:59,ICBP,RG,9300,1,D,CS,BB,D
10:32:59,ICBP,RG,9300,1,D,CS,BB,D
10:32:59,ICBP,RG,9300,1,D,CS,BB,D
10:32:59,ICBP,RG,9300,4,D,CS,BB,D
10:32:59,ICBP,RG,9300,2,D,CS,BB,D
10:32:59,ICBP,RG,9300,1,F,CS,BB,D
10:32:59,ICBP,RG,9300,5,D,CS,BB,D
10:32:59,ICBP,RG,9300,8,D,CS,BB,D
10:32:59,ICBP,RG,9300,9,D,CS,BB,D
10:32:59,ICBP,RG,9300,96,D,RX,BB,D
10:32:58,ICBP,RG,9325,6,D,CS,KK,D
10:32:58,ICBP,RG,9325,11,D,CS,KK,D
10:32:58,ICBP,RG,9325,1,D,CS,YJ,D
10:32:58,ICBP,RG,9325,1,F,CS,YJ,D
10:32:58,ICBP,RG,9325,3,F,CS,YB,D
10:32:58,ICBP,RG,9325,13,D,CS,BK,F
10:32:58,ICBP,RG,9325,13,D,CS,BK,F
10:32:58,ICBP,RG,9325,50,D,CS,KK,F
10:32:58,ICBP,RG,9325,20,D,CS,NI,D
10:32:58,ICBP,RG,9325,2,D,CS,PD,D
10:32:58,ICBP,RG,9325,2,D,CS,YB,D
10:32:57,ICBP,RG,9300,6,D,RX,CC,F
10:32:57,ICBP,RG,9300,2,D,RX,PD,D
10:32:57,ICBP,RG,9300,2,D,RX,DH,D
10:32:57,ICBP,RG,9300,83,D,RX,YU,F
10:32:57,ICBP,RG,9300,1,D,RX,KK,D
10:32:57,ICBP,RG,9300,6,D,RX,PD,D
10:32:57,ICBP,RG,9300,18,D,RX,ZP,F
10:32:57,ICBP,RG,9300,15,D,RX,YP,D
10:32:57,ICBP,RG,9300,20,D,RX,PD,D
10:32:57,ICBP,RG,9300,1,D,RX,PD,D
10:32:57,ICBP,RG,9300,15,D,RX,CC,D
10:32:57,ICBP,RG,9300,1,D,RX,CC,D
10:32:57,ICBP,RG,9300,17,D,RX,ZP,F
10:32:57,ICBP,RG,9300,3,D,RX,BB,D
10:32:57,ICBP,RG,9300,82,D,RX,YU,F
10:32:57,ICBP,RG,9300,5,D,RX,CC,D
10:32:57,ICBP,RG,9300,1,D,RX,KK,D
10:32:57,ICBP,RG,9300,20,D,RX,AK,F
10:32:57,ICBP,RG,9300,21,D,RX,KK,D
10:32:57,ICBP,RG,9300,2,D,RX,DH,D
10:32:57,ICBP,RG,9300,1,D,RX,BB,D
10:32:57,ICBP,RG,9300,7,D,RX,ZP,F
10:32:57,ICBP,RG,9300,170,D,RX,BB,D
10:32:57,ICBP,RG,9300,4,D,RX,YP,D
10:32:57,ICBP,RG,9300,100,D,RX,KK,D
10:32:57,ICBP,RG,9300,1,D,RX,YB,D
10:31:56,ICBP,RG,9275,3,D,KZ,YP,D
10:30:27,ICBP,RG,9300,3,D,XC,YB,D
10:30:03,ICBP,RG,9300,1,D,PD,YB,D
10:30:02,ICBP,RG,9275,1,D,KZ,BB,D
10:29:41,ICBP,RG,9275,1,D,KZ,BB,D
10:29:38,ICBP,RG,9275,2,D,KZ,PD,D
10:29:38,ICBP,RG,9275,2,D,KZ,PD,D
10:29:38,ICBP,RG,9275,2,D,KZ,PD,D
10:29:34,ICBP,RG,9275,1,D,KZ,BB,D
10:29:18,ICBP,RG,9275,2,D,KZ,BB,D
10:29:06,ICBP,RG,9275,12,D,KZ,BB,D
10:29:00,ICBP,RG,9275,7,D,KZ,BB,D
10:29:00,ICBP,RG,9275,2,D,KZ,BB,D
10:29:00,ICBP,RG,9275,1,D,KZ,BB,D
10:29:00,ICBP,RG,9275,14,D,KZ,ZP,F
10:29:00,ICBP,RG,9275,4,D,KZ,ZP,F
10:28:11,ICBP,RG,9275,7,D,KZ,BB,D
10:28:11,ICBP,RG,9275,1,D,YP,CC,D
10:28:11,ICBP,RG,9275,2,D,YP,CC,D
10:28:11,ICBP,RG,9275,9,D,CS,CC,D
10:28:00,ICBP,RG,9275,4,D,CS,NI,D
10:28:00,ICBP,RG,9275,1,D,PD,NI,D
10:28:00,ICBP,RG,9275,3,F,CS,NI,D
10:28:00,ICBP,RG,9275,2,D,YP,NI,D
10:27:58,ICBP,RG,9275,15,D,YP,BB,D
10:27:54,ICBP,RG,9275,4,D,YP,BB,D
10:27:54,ICBP,RG,9275,25,D,YP,OD,D
10:27:43,ICBP,RG,9275,2,D,YP,BB,D
10:27:43,ICBP,RG,9275,2,D,YP,XC,D
10:27:43,ICBP,RG,9275,1,D,CS,XC,D
10:27:43,ICBP,RG,9275,3,D,CS,XC,D
10:27:43,ICBP,RG,9275,4,D,AG,XC,D
10:27:30,ICBP,RG,9275,1,D,AG,BB,D
10:27:30,ICBP,RG,9275,2,D,YP,XC,D
10:27:09,ICBP,RG,9275,1,D,YP,BB,D
10:26:38,ICBP,RG,9275,3,D,YP,BB,D
10:25:54,ICBP,RG,9275,2,D,YP,PD,D
10:25:48,ICBP,RG,9275,1,D,YP,BB,D
10:25:20,ICBP,RG,9275,1,D,YP,BB,D
10:25:06,ICBP,RG,9275,1,D,YP,BB,D
10:24:58,ICBP,RG,9275,3,D,YP,XL,D
10:24:44,ICBP,RG,9275,1,D,YP,BB,D
10:24:36,ICBP,RG,9275,1,D,LG,BB,D
10:24:36,ICBP,RG,9275,1,D,CS,BB,D
10:24:14,ICBP,RG,9275,1,D,CS,BB,D
10:24:14,ICBP,RG,9275,1,D,CS,BB,D
10:24:14,ICBP,RG,9275,1,D,YP,BB,D
10:24:05,ICBP,RG,9275,2,D,YP,BB,D
10:24:05,ICBP,RG,9275,21,F,DP,BB,D
10:24:05,ICBP,RG,9275,10,D,CS,BB,D
10:24:05,ICBP,RG,9275,2,F,CS,BB,D
10:24:05,ICBP,RG,9275,1,D,CS,BB,D
10:24:05,ICBP,RG,9275,7,D,CS,BB,D
10:24:05,ICBP,RG,9300,2,D,YP,YB,D
10:23:55,ICBP,RG,9275,1,D,CS,BB,D
10:23:43,ICBP,RG,9275,2,D,XC,PD,D
10:23:43,ICBP,RG,9275,2,D,YP,PD,D
10:23:43,ICBP,RG,9275,15,D,KZ,PD,D
10:23:43,ICBP,RG,9275,2,D,KZ,PD,D
10:23:43,ICBP,RG,9275,2,D,KZ,PD,D
10:23:43,ICBP,RG,9275,6,D,KZ,PD,D
10:23:43,ICBP,RG,9275,9,D,KZ,PD,D
10:23:43,ICBP,RG,9275,14,D,KZ,PD,D
10:23:43,ICBP,RG,9275,9,D,KZ,PD,D
10:23:43,ICBP,RG,9275,39,D,CS,PD,D
10:23:43,ICBP,RG,9275,4,D,CS,BB,D
10:23:37,ICBP,RG,9275,8,D,CS,YP,D
10:23:37,ICBP,RG,9275,1,D,CS,YP,D
10:23:37,ICBP,RG,9275,3,D,CS,YP,D
10:23:37,ICBP,RG,9275,1,D,NI,YP,D
10:23:37,ICBP,RG,9275,1,D,NI,YP,D
10:23:37,ICBP,RG,9275,1,D,YP,YP,D
10:22:59,ICBP,RG,9275,1,D,YP,BB,D
10:22:34,ICBP,RG,9275,1,D,XC,BB,D
10:22:26,ICBP,RG,9275,2,D,CP,BB,D
10:22:26,ICBP,RG,9275,1,D,PD,BB,D
10:22:26,ICBP,RG,9275,6,D,NI,BB,D
10:22:18,ICBP,RG,9275,20,D,NI,XL,D
10:21:09,ICBP,RG,9275,2,D,NI,BB,D
10:20:52,ICBP,RG,9275,1,D,NI,BB,D
10:19:43,ICBP,RG,9275,1,D,NI,BB,D
10:19:30,ICBP,RG,9275,3,D,RO,BB,D
10:19:30,ICBP,RG,9275,4,D,CS,BB,D
10:18:30,ICBP,RG,9275,3,D,CS,BB,D
10:18:30,ICBP,RG,9275,1,D,XC,BB,D
10:18:30,ICBP,RG,9275,2,D,XC,CC,D
10:18:08,ICBP,RG,9275,1,D,CS,BB,D
10:18:02,ICBP,RG,9275,1,D,CS,BB,D
10:18:01,ICBP,RG,9275,11,D,CS,BB,D
10:18:01,ICBP,RG,9275,1,D,CS,BB,D
10:18:01,ICBP,RG,9275,1,D,LG,BB,D
10:18:01,ICBP,RG,9275,2,D,AZ,BB,D
10:18:01,ICBP,RG,9275,2,D,SQ,BB,D
10:18:01,ICBP,RG,9275,5,D,PD,BB,D
10:18:01,ICBP,RG,9275,5,D,CS,BB,D
10:18:01,ICBP,RG,9275,1,D,CS,BB,D
10:18:01,ICBP,RG,9275,1,D,XL,BB,D
10:18:01,ICBP,RG,9275,2,D,SQ,BB,D
10:18:01,ICBP,RG,9275,2,D,CC,BB,D
10:18:01,ICBP,RG,9275,24,F,DP,BB,D
10:18:01,ICBP,RG,9275,1,F,DP,BB,D
10:18:01,ICBP,RG,9275,1,F,DP,XL,D
10:17:53,ICBP,RG,9275,3,F,DP,CC,D
10:17:53,ICBP,RG,9275,2,F,CS,CC,D
10:17:53,ICBP,RG,9275,25,D,YP,CC,D
10:17:53,ICBP,RG,9275,1,D,DH,CC,D
10:17:53,ICBP,RG,9275,1,D,YP,CC,D
10:17:53,ICBP,RG,9275,1,F,CS,CC,D
10:17:53,ICBP,RG,9275,1,F,CS,CC,D
10:17:53,ICBP,RG,9275,50,D,CC,CC,D
10:17:53,ICBP,RG,9275,1,D,DR,CC,D
10:17:53,ICBP,RG,9275,2,D,LG,CC,D
10:17:53,ICBP,RG,9275,5,D,YP,CC,D
10:17:53,ICBP,RG,9275,8,D,AG,CC,D
10:17:39,ICBP,RG,9275,2,D,AG,BB,D
10:17:26,ICBP,RG,9275,1,D,AG,NI,D
10:17:23,ICBP,RG,9275,3,D,AG,BB,D
10:17:15,ICBP,RG,9275,11,D,AG,BB,D
10:17:15,ICBP,RG,9275,3,D,KZ,BB,D
10:17:00,ICBP,RG,9275,5,D,KZ,BB,D
10:17:00,ICBP,RG,9275,35,D,KZ,KK,D
10:16:00,ICBP,RG,9275,2,D,KZ,BB,D
10:15:56,ICBP,RG,9275,1,D,KZ,BB,D
10:15:40,ICBP,RG,9275,3,D,KZ,BB,D
10:15:20,ICBP,RG,9275,1,D,KZ,BB,D
10:15:20,ICBP,RG,9275,1,D,KZ,XC,D
10:15:00,ICBP,RG,9275,1,D,KZ,BB,D
10:15:00,ICBP,RG,9300,1,D,CP,YB,D
10:14:47,ICBP,RG,9275,1,D,KZ,BB,D
10:14:38,ICBP,RG,9275,2,D,KZ,BB,D
10:14:29,ICBP,RG,9275,1,D,KZ,BB,D
10:13:59,ICBP,RG,9275,2,D,KZ,BB,D
10:13:54,ICBP,RG,9275,3,D,KZ,BB,D
10:12:58,ICBP,RG,9275,12,D,KZ,BB,D
10:12:58,ICBP,RG,9275,19,D,KZ,BB,D
10:12:54,ICBP,RG,9275,1,D,KZ,BB,D
10:12:51,ICBP,RG,9275,3,D,KZ,BB,D
10:12:51,ICBP,RG,9275,12,D,KZ,YP,D
10:12:51,ICBP,RG,9275,30,D,KZ,YP,D
10:12:51,ICBP,RG,9275,5,D,KZ,YP,D
10:12:51,ICBP,RG,9275,7,D,KZ,YP,D
10:12:51,ICBP,RG,9275,4,D,KZ,YP,D
10:12:45,ICBP,RG,9275,1,D,KZ,BB,D
10:12:44,ICBP,RG,9275,5,D,KZ,PD,D
10:12:28,ICBP,RG,9275,1,D,KZ,BB,D
10:12:25,ICBP,RG,9275,2,D,KZ,BB,D
10:12:25,ICBP,RG,9275,1,D,KZ,BB,D
10:12:07,ICBP,RG,9275,1,D,KZ,BB,D
10:12:07,ICBP,RG,9275,1,D,KZ,BB,D
10:11:49,ICBP,RG,9275,16,D,KZ,BB,D
10:11:28,ICBP,RG,9275,15,D,KZ,BB,D
10:11:28,ICBP,RG,9275,50,D,YP,BB,D
10:11:28,ICBP,RG,9275,1,D,CS,BB,D
10:11:28,ICBP,RG,9275,16,D,YU,BB,D
10:11:14,ICBP,RG,9300,1,D,ZP,YB,D
10:10:52,ICBP,RG,9300,10,D,AZ,YB,D
10:10:49,ICBP,RG,9275,1,D,YU,BB,D
10:09:47,ICBP,RG,9275,3,D,YU,ZP,D
10:09:25,ICBP,RG,9275,2,D,XC,BB,D
10:09:25,ICBP,RG,9275,2,D,SQ,BB,D
10:09:25,ICBP,RG,9275,1,D,XC,BB,D
10:09:25,ICBP,RG,9275,11,F,DP,BB,D
10:09:25,ICBP,RG,9275,3,D,CS,BB,D
10:09:25,ICBP,RG,9275,6,D,CS,BB,D
10:09:25,ICBP,RG,9275,14,D,CS,BB,D
10:09:25,ICBP,RG,9275,3,D,CS,BB,D
10:09:25,ICBP,RG,9275,1,D,CS,BB,D
10:09:25,ICBP,RG,9275,2,F,CS,BB,D
10:09:25,ICBP,RG,9275,1,D,SQ,BB,D
10:09:25,ICBP,RG,9275,1,D,LG,BB,D
10:09:25,ICBP,RG,9275,6,D,PD,BB,D
10:09:10,ICBP,RG,9300,1,D,XL,YB,D
10:09:10,ICBP,RG,9300,1,D,XL,BB,D
10:06:47,ICBP,RG,9275,2,D,PD,HP,D
10:06:40,ICBP,RG,9275,1,D,PD,BB,D
10:06:40,ICBP,RG,9300,1,D,AZ,BB,D
10:06:39,ICBP,RG,9275,1,D,PD,AK,F
10:06:38,ICBP,RG,9275,5,D,XL,BB,D
10:06:38,ICBP,RG,9275,3,D,XL,BB,D
10:06:38,ICBP,RG,9275,2,D,SQ,BB,D
10:06:38,ICBP,RG,9275,11,D,YP,BB,D
10:06:38,ICBP,RG,9275,8,D,KZ,BB,D
10:06:38,ICBP,RG,9275,1,D,KZ,BB,D
10:06:38,ICBP,RG,9275,6,D,KZ,BB,D
10:06:38,ICBP,RG,9275,2,D,KZ,BB,D
10:06:38,ICBP,RG,9275,13,D,KZ,BB,D
10:06:38,ICBP,RG,9275,14,D,KZ,BB,D
10:06:38,ICBP,RG,9275,9,D,KZ,BB,D
10:06:38,ICBP,RG,9275,1,D,KZ,BB,D
10:06:38,ICBP,RG,9275,10,D,KZ,BB,D
10:06:38,ICBP,RG,9275,1,D,KZ,BB,D
10:06:38,ICBP,RG,9275,2,D,KZ,BB,D
10:06:38,ICBP,RG,9275,1,D,KZ,BB,D
10:06:38,ICBP,RG,9275,5,F,DP,BB,D
10:06:27,ICBP,RG,9275,1,F,DP,BB,D
10:06:27,ICBP,RG,9275,3,F,CS,BB,D
10:06:08,ICBP,RG,9300,1,D,XC,BB,D
10:05:41,ICBP,RG,9300,19,D,ZP,BB,D
10:05:41,ICBP,RG,9300,1,D,ZP,BB,D
10:05:04,ICBP,RG,9275,2,D,HP,YP,D
10:05:03,ICBP,RG,9275,1,D,KK,YP,D
10:05:03,ICBP,RG,9275,21,D,KK,CC,F
10:05:03,ICBP,RG,9275,1,D,KK,BB,D
10:05:03,ICBP,RG,9275,30,D,KK,AK,F
10:05:03,ICBP,RG,9275,10,D,KK,BB,D
10:05:03,ICBP,RG,9275,1,D,KK,EP,D
10:05:03,ICBP,RG,9275,34,D,KK,KK,D
10:05:02,ICBP,RG,9275,66,F,DP,KK,D
10:05:02,ICBP,RG,9275,9,F,DP,ZP,F
10:05:01,ICBP,RG,9250,8,D,ZP,PD,D
10:04:58,ICBP,RG,9275,5,D,XL,ZP,F
10:04:54,ICBP,RG,9275,3,F,CS,ZP,F
10:04:54,ICBP,RG,9275,1,F,CS,BB,D
10:04:54,ICBP,RG,9275,9,D,CS,CC,F
10:04:54,ICBP,RG,9275,10,D,CS,YB,D
10:04:54,ICBP,RG,9275,2,D,CS,BB,D
10:04:54,ICBP,RG,9275,10,D,CS,BB,D
10:04:54,ICBP,RG,9275,62,D,CS,BB,D
10:04:54,ICBP,RG,9275,18,D,CS,BB,D
10:04:54,ICBP,RG,9275,8,D,CS,CC,F
10:04:54,ICBP,RG,9275,159,D,CS,CC,F
10:04:54,ICBP,RG,9275,8,D,CS,CC,F
10:04:54,ICBP,RG,9275,14,D,CS,CC,F
10:04:49,ICBP,RG,9250,73,D,ZP,BB,D
10:04:48,ICBP,RG,9250,1,D,ZP,XC,D
10:04:41,ICBP,RG,9275,1,D,PD,CC,F
10:04:13,ICBP,RG,9250,21,D,ZP,PD,D
10:03:57,ICBP,RG,9250,1,D,ZP,XC,D
10:03:43,ICBP,RG,9250,1,D,ZP,BQ,D
10:02:20,ICBP,RG,9250,134,D,ZP,FS,D
10:02:20,ICBP,RG,9250,1,D,YP,FS,D
10:02:20,ICBP,RG,9250,1,D,CC,FS,D
10:02:20,ICBP,RG,9250,37,D,RX,FS,D
10:02:06,ICBP,RG,9250,4,D,RX,PD,D
10:01:47,ICBP,RG,9275,2,D,YP,CC,F
10:01:08,ICBP,RG,9250,3,D,RX,PD,D
10:00:39,ICBP,RG,9250,1,D,RX,PD,D
10:00:16,ICBP,RG,9250,1,D,RX,XC,D
09:59:48,ICBP,RG,9250,1,D,RX,BQ,D
09:59:38,ICBP,RG,9250,61,D,RX,SQ,D
09:59:38,ICBP,RG,9250,3,D,RX,PD,D
09:59:30,ICBP,RG,9275,2,D,YP,CC,F
09:59:11,ICBP,RG,9250,1,D,RX,PD,D
09:59:04,ICBP,RG,9250,25,D,RX,YU,D
09:59:04,ICBP,RG,9250,1,D,RX,YP,D
09:58:52,ICBP,RG,9250,50,D,RX,PD,D
09:58:49,ICBP,RG,9250,3,D,RX,AZ,D
09:58:47,ICBP,RG,9275,25,D,LG,CC,F
09:58:42,ICBP,RG,9250,25,D,RX,YU,D
09:58:41,ICBP,RG,9250,32,D,RX,XC,D
09:58:37,ICBP,RG,9275,1,D,PD,CC,F
09:58:25,ICBP,RG,9275,2,D,NI,CC,F
09:58:25,ICBP,RG,9275,2,D,NI,AK,F
09:58:25,ICBP,RG,9275,1,D,NI,AK,F
09:58:25,ICBP,RG,9275,5,D,NI,BB,D
09:58:07,ICBP,RG,9250,52,D,RX,YP,D
09:58:07,ICBP,RG,9250,1,D,DH,YP,D
09:58:07,ICBP,RG,9250,1,D,GR,YP,D
09:58:07,ICBP,RG,9250,5,D,PD,YP,D
09:58:07,ICBP,RG,9250,1,D,YP,YP,D
09:58:07,ICBP,RG,9250,1,D,YP,YP,D
09:58:07,ICBP,RG,9250,25,D,LG,YP,D
09:58:07,ICBP,RG,9250,1,D,AZ,YP,D
09:58:07,ICBP,RG,9250,1,D,YP,YP,D
09:58:07,ICBP,RG,9250,12,D,KK,YP,D
09:58:07,ICBP,RG,9250,28,D,KK,YP,D
09:58:07,ICBP,RG,9250,2,D,GR,YP,D
09:58:07,ICBP,RG,9250,2,D,GR,XL,D
09:58:07,ICBP,RG,9250,1,D,GR,XC,D
09:58:07,ICBP,RG,9250,2,D,YB,XC,D
09:58:07,ICBP,RG,9275,8,F,DP,AK,F
09:58:06,ICBP,RG,9275,1,D,XC,AK,F
09:58:06,ICBP,RG,9275,26,F,DP,KK,D
09:58:06,ICBP,RG,9275,2,D,EP,KK,D
09:58:06,ICBP,RG,9275,4,D,KZ,KK,D
09:58:06,ICBP,RG,9275,1,D,KZ,KK,D
09:58:06,ICBP,RG,9275,3,D,KZ,KK,D
09:58:06,ICBP,RG,9275,2,D,KZ,KK,D
09:58:06,ICBP,RG,9275,2,D,KZ,KK,D
09:58:06,ICBP,RG,9275,1,D,DH,KK,D
09:58:06,ICBP,RG,9275,1,D,YP,KK,D
09:58:06,ICBP,RG,9275,1,D,PD,KK,D
09:58:06,ICBP,RG,9275,5,D,AG,KK,D
09:58:06,ICBP,RG,9275,5,D,CC,KK,D
09:58:06,ICBP,RG,9275,1,D,PD,KK,D
09:58:06,ICBP,RG,9275,11,D,XL,KK,D
09:58:06,ICBP,RG,9275,1,D,KZ,KK,D
09:58:06,ICBP,RG,9275,3,D,KZ,KK,D
09:58:06,ICBP,RG,9275,2,D,KZ,KK,D
09:58:06,ICBP,RG,9275,1,D,KZ,KK,D
09:58:06,ICBP,RG,9275,2,D,KZ,KK,D
09:58:06,ICBP,RG,9275,1,D,EP,KK,D
09:58:06,ICBP,RG,9275,1,D,YP,KK,D
09:58:06,ICBP,RG,9275,5,D,PD,KK,D
09:58:06,ICBP,RG,9275,1,D,YP,KK,D
09:58:06,ICBP,RG,9275,1,D,KK,KK,D
09:58:06,ICBP,RG,9275,2,D,YP,KK,D
09:58:06,ICBP,RG,9275,1,D,XL,KK,D
09:58:06,ICBP,RG,9275,4,D,YP,KK,D
09:58:06,ICBP,RG,9275,1,D,CC,KK,D
09:58:06,ICBP,RG,9275,1,D,YP,KK,D
09:58:06,ICBP,RG,9275,3,D,XL,KK,D
09:58:06,ICBP,RG,9275,1,D,LG,KK,D
09:58:06,ICBP,RG,9275,5,D,AG,KK,D
09:58:05,ICBP,RG,9275,3,D,AG,PD,D
09:58:05,ICBP,RG,9275,2,D,AG,XC,D
09:58:05,ICBP,RG,9275,1,D,YP,XC,D
09:58:05,ICBP,RG,9275,1,D,AZ,XC,D
09:57:56,ICBP,RG,9300,1,D,XC,AK,F
09:57:47,ICBP,RG,9300,60,F,DP,YU,F
09:57:47,ICBP,RG,9300,99,F,CS,YU,F
09:57:47,ICBP,RG,9300,57,F,CS,BK,F
09:57:47,ICBP,RG,9300,1,D,XC,BK,F
09:57:47,ICBP,RG,9300,35,D,XC,BK,F
09:57:47,ICBP,RG,9300,7,D,AT,BK,F
09:57:47,ICBP,RG,9300,22,D,AT,AK,F
09:57:47,ICBP,RG,9300,8,D,AT,BB,D
09:57:47,ICBP,RG,9300,163,D,AT,BB,D
09:57:47,ICBP,RG,9300,2,D,KZ,BB,D
09:57:47,ICBP,RG,9300,4,D,KZ,BB,D
09:57:47,ICBP,RG,9300,24,D,KZ,BB,D
09:57:47,ICBP,RG,9300,11,D,KZ,BB,D
09:57:47,ICBP,RG,9300,29,D,KZ,BB,D
09:57:47,ICBP,RG,9300,20,D,KZ,BB,D
09:57:47,ICBP,RG,9300,16,D,KZ,BB,D
09:57:47,ICBP,RG,9300,2,D,XC,BB,D
09:57:47,ICBP,RG,9300,1,D,PD,BB,D
09:57:47,ICBP,RG,9300,5,D,NI,BB,D
09:57:47,ICBP,RG,9300,3,D,YP,BB,D
09:57:47,ICBP,RG,9300,50,D,PD,BB,D
09:57:47,ICBP,RG,9300,2,D,EP,BB,D
09:57:47,ICBP,RG,9300,1,D,PD,BB,D
09:57:47,ICBP,RG,9300,1,D,YP,BB,D
09:57:47,ICBP,RG,9300,20,D,PD,BB,D
09:57:47,ICBP,RG,9300,1,D,PD,BB,D
09:57:47,ICBP,RG,9300,1,D,XC,BB,D
09:57:47,ICBP,RG,9300,3,D,CC,BB,D
09:57:47,ICBP,RG,9300,10,D,NI,BB,D
09:57:47,ICBP,RG,9300,99,F,CS,BB,D
09:57:47,ICBP,RG,9300,1,D,DH,BB,D
09:57:47,ICBP,RG,9300,123,F,DP,BB,D
09:57:47,ICBP,RG,9300,1,D,XC,BB,D
09:57:47,ICBP,RG,9300,5,D,AG,BB,D
09:57:47,ICBP,RG,9300,10,D,CC,BB,D
09:57:47,ICBP,RG,9300,2,D,XC,BB,D
09:57:47,ICBP,RG,9300,1,D,XC,BB,D
09:57:47,ICBP,RG,9300,16,D,PD,BB,D
09:57:47,ICBP,RG,9300,38,D,DR,BB,D
09:57:47,ICBP,RG,9300,5,D,DR,BB,D
09:57:47,ICBP,RG,9300,3,D,YP,BB,D
09:57:47,ICBP,RG,9300,1,D,XC,BB,D
09:57:47,ICBP,RG,9300,5,D,CP,BB,D
09:57:47,ICBP,RG,9300,1,D,KK,BB,D
09:57:47,ICBP,RG,9300,2,D,SQ,BB,D
09:57:47,ICBP,RG,9300,1,D,PD,BB,D
09:57:47,ICBP,RG,9300,1,D,AZ,BB,D
09:57:47,ICBP,RG,9300,57,D,YP,BB,D
09:57:47,ICBP,RG,9300,20,D,YP,BB,D
09:57:23,ICBP,RG,9300,2,D,YP,NI,D
09:57:21,ICBP,RG,9300,2,D,YP,YJ,D
09:57:18,ICBP,RG,9300,4,D,YP,BB,D
09:57:18,ICBP,RG,9300,15,D,YP,BB,D
09:57:18,ICBP,RG,9300,2,D,SQ,BB,D
09:57:18,ICBP,RG,9300,1,D,XL,BB,D
09:57:18,ICBP,RG,9300,1,D,GR,BB,D
09:57:18,ICBP,RG,9300,1,D,XC,BB,D
09:57:18,ICBP,RG,9300,10,D,CC,BB,D
09:57:18,ICBP,RG,9300,7,D,YP,BB,D
09:57:18,ICBP,RG,9300,36,D,XC,BB,D
09:57:18,ICBP,RG,9300,4,D,KK,BB,D
09:57:18,ICBP,RG,9300,2,D,KZ,BB,D
09:57:18,ICBP,RG,9300,5,D,KZ,BB,D
09:57:18,ICBP,RG,9300,4,D,KZ,BB,D
09:57:18,ICBP,RG,9300,3,D,KZ,BB,D
09:57:18,ICBP,RG,9300,1,D,KZ,BB,D
09:57:18,ICBP,RG,9300,1,D,KZ,BB,D
09:57:18,ICBP,RG,9300,5,D,KZ,BB,D
09:57:18,ICBP,RG,9300,3,D,XL,BB,D
09:57:18,ICBP,RG,9300,3,D,NI,BB,D
09:57:18,ICBP,RG,9300,10,D,NI,BB,D
09:57:18,ICBP,RG,9300,1,D,AZ,BB,D
09:57:18,ICBP,RG,9300,4,D,AT,BB,D
09:57:18,ICBP,RG,9300,1,D,EP,BB,D
09:57:18,ICBP,RG,9300,1,D,XC,BB,D
09:57:18,ICBP,RG,9300,1,D,DH,BB,D
09:57:18,ICBP,RG,9300,5,D,CC,BB,D
09:57:18,ICBP,RG,9300,5,D,LG,BB,D
09:57:18,ICBP,RG,9300,6,D,PD,BB,D
09:57:18,ICBP,RG,9300,2,D,CP,BB,D
09:57:18,ICBP,RG,9300,2,D,PD,BB,D
09:57:18,ICBP,RG,9300,5,D,PD,BB,D
09:57:18,ICBP,RG,9300,1,D,PD,BB,D
09:57:18,ICBP,RG,9300,1,D,XC,BB,D
09:57:18,ICBP,RG,9300,1,D,XC,BB,D
09:57:18,ICBP,RG,9300,5,D,YP,BB,D
09:57:18,ICBP,RG,9300,1,D,XC,BB,D
09:57:18,ICBP,RG,9300,1,D,XC,BB,D
09:57:18,ICBP,RG,9300,1,D,PD,BB,D
09:57:18,ICBP,RG,9300,1,D,XC,BB,D
09:57:18,ICBP,RG,9300,1,D,GR,BB,D
09:57:18,ICBP,RG,9300,1,D,XL,BB,D
09:57:18,ICBP,RG,9300,5,D,MK,BB,D
09:57:18,ICBP,RG,9300,8,D,PD,BB,D
09:57:16,ICBP,RG,9300,1,D,PD,XL,D
09:57:11,ICBP,RG,9300,1,D,PD,YP,D
09:57:02,ICBP,RG,9300,1,D,PD,ZP,F
09:57:02,ICBP,RG,9300,1,D,DH,ZP,F
09:57:02,ICBP,RG,9300,2,D,PD,ZP,F
09:57:02,ICBP,RG,9300,5,D,YP,ZP,F
09:57:02,ICBP,RG,9300,1,D,YP,ZP,F
09:56:50,ICBP,RG,9325,2,D,XC,CC,F
09:56:19,ICBP,RG,9300,1,D,XL,KK,D
09:56:19,ICBP,RG,9300,3,D,YP,KK,D
09:56:19,ICBP,RG,9300,4,D,XC,KK,D
09:56:14,ICBP,RG,9300,2,D,XC,AK,F
09:56:14,ICBP,RG,9300,1,D,XL,AK,F
09:56:14,ICBP,RG,9300,2,D,PD,AK,F
09:56:14,ICBP,RG,9300,41,D,RX,AK,F
09:56:14,ICBP,RG,9300,81,D,RX,BK,F
09:56:13,ICBP,RG,9300,5,D,RX,AK,F
09:56:13,ICBP,RG,9300,81,D,RX,BK,F
09:56:13,ICBP,RG,9300,28,D,RX,AK,F
09:56:13,ICBP,RG,9300,68,D,RX,AK,F
09:56:13,ICBP,RG,9300,196,D,RX,AK,F
09:56:13,ICBP,RG,9300,1,D,PD,AK,F
09:56:13,ICBP,RG,9300,2,D,PC,AK,F
09:56:13,ICBP,RG,9300,1,D,AZ,AK,F
09:56:13,ICBP,RG,9300,5,D,CC,AK,F
09:56:13,ICBP,RG,9300,5,D,PD,AK,F
09:56:13,ICBP,RG,9300,1,D,XC,AK,F
09:56:13,ICBP,RG,9300,3,D,YP,AK,F
09:56:13,ICBP,RG,9300,1,D,YP,AK,F
09:56:13,ICBP,RG,9300,2,D,DH,AK,F
09:56:13,ICBP,RG,9300,15,D,YP,AK,F
09:56:13,ICBP,RG,9300,2,D,PD,AK,F
09:56:13,ICBP,RG,9300,1,D,PD,AK,F
09:56:13,ICBP,RG,9300,2,D,YB,AK,F
09:56:13,ICBP,RG,9300,139,D,IF,AK,F
09:56:13,ICBP,RG,9300,81,D,IF,BK,F
09:56:13,ICBP,RG,9300,81,D,IF,BK,F
09:56:12,ICBP,RG,9300,81,D,IF,BK,F
09:56:12,ICBP,RG,9300,81,D,IF,BK,F
09:56:03,ICBP,RG,9300,1,D,IF,YP,D
09:55:40,ICBP,RG,9300,5,D,IF,XL,D
09:55:32,ICBP,RG,9300,7,D,IF,ZP,F
09:55:22,ICBP,RG,9325,2,D,NI,CC,F
09:55:18,ICBP,RG,9300,81,D,IF,BK,F
09:55:18,ICBP,RG,9300,7,D,IF,ZP,F
09:55:04,ICBP,RG,9300,3,D,IF,YJ,D
09:54:55,ICBP,RG,9300,14,D,IF,ZP,F
09:54:41,ICBP,RG,9300,100,D,IF,YP,D
09:54:22,ICBP,RG,9325,123,D,YP,CC,F
09:54:22,ICBP,RG,9325,3,D,YP,CC,D
09:54:22,ICBP,RG,9325,5,D,YP,EP,D
09:54:22,ICBP,RG,9325,4,D,YP,AK,F
09:54:18,ICBP,RG,9300,81,D,IF,BK,F
09:54:18,ICBP,RG,9300,3,D,IF,PD,D
09:53:33,ICBP,RG,9300,4,D,IF,BB,D
09:53:30,ICBP,RG,9325,1,D,YP,AK,F
09:53:30,ICBP,RG,9325,64,F,DP,AK,F
09:53:30,ICBP,RG,9325,3,F,DP,AK,F
09:53:29,ICBP,RG,9325,1,D,PD,AK,F
09:53:29,ICBP,RG,9325,5,D,KZ,AK,F
09:53:29,ICBP,RG,9325,12,D,KZ,AK,F
09:53:29,ICBP,RG,9325,8,D,KZ,AK,F
09:53:29,ICBP,RG,9325,7,D,KZ,AK,F
09:53:29,ICBP,RG,9325,1,D,KZ,AK,F
09:53:29,ICBP,RG,9325,1,D,KZ,AK,F
09:53:29,ICBP,RG,9325,11,D,KZ,AK,F
09:53:29,ICBP,RG,9325,8,F,DP,AK,F
09:53:29,ICBP,RG,9325,1,F,DP,BB,D
09:53:29,ICBP,RG,9325,6,F,DP,AK,F
09:53:29,ICBP,RG,9325,47,D,RX,AK,F
09:53:29,ICBP,RG,9325,81,D,RX,BK,F
09:53:29,ICBP,RG,9325,2,D,RX,BB,D
09:53:22,ICBP,RG,9325,9,D,RX,ZP,F
09:53:18,ICBP,RG,9325,67,D,RX,AK,F
09:53:17,ICBP,RG,9325,26,D,RX,CC,F
09:53:17,ICBP,RG,9325,74,D,RX,CC,F
09:53:17,ICBP,RG,9325,2,D,RX,SQ,D
09:53:17,ICBP,RG,9325,2,D,RX,XC,D
09:53:17,ICBP,RG,9325,207,D,RX,BB,D
09:53:17,ICBP,RG,9325,1,D,RX,BB,D
09:53:17,ICBP,RG,9325,4,D,RX,BB,D
09:53:17,ICBP,RG,9325,26,D,RX,BB,D
09:53:17,ICBP,RG,9325,412,D,RX,YU,F
09:53:17,ICBP,RG,9325,1,D,RX,XC,D
09:53:17,ICBP,RG,9325,1,D,RX,YB,D
09:53:17,ICBP,RG,9325,1,D,RX,CC,D
09:53:17,ICBP,RG,9325,1,D,RX,CC,D
09:53:17,ICBP,RG,9325,18,D,RX,ZP,F
09:53:17,ICBP,RG,9325,7,D,RX,ZP,F
09:53:17,ICBP,RG,9325,11,D,RX,AK,F
09:52:46,ICBP,RG,9300,1,D,IF,LG,D
09:52:43,ICBP,RG,9300,5,D,IF,PD,D
09:52:42,ICBP,RG,9300,5,D,IF,AZ,D
09:52:14,ICBP,RG,9300,4,D,IF,XC,D
09:51:58,ICBP,RG,9300,1,D,IF,YP,D
09:51:44,ICBP,RG,9325,1,D,YP,AK,F
09:50:48,ICBP,RG,9325,18,D,IF,AK,F
09:50:48,ICBP,RG,9325,2,D,IF,BB,D
09:50:22,ICBP,RG,9325,3,D,AZ,BB,D
09:50:21,ICBP,RG,9300,3,D,IF,XL,D
09:50:06,ICBP,RG,9325,1,D,XL,XC,D
09:49:46,ICBP,RG,9325,3,D,EP,XC,D
09:49:25,ICBP,RG,9325,1,D,LG,XC,D
09:49:03,ICBP,RG,9325,3,D,PD,XC,D
09:48:02,ICBP,RG,9325,1,D,AZ,XC,D
09:48:01,ICBP,RG,9325,2,D,KK,XC,D
09:47:49,ICBP,RG,9325,1,D,XC,XC,D
09:47:49,ICBP,RG,9325,5,D,YP,XC,D
09:47:49,ICBP,RG,9325,8,F,DP,XC,D
09:47:22,ICBP,RG,9325,2,D,YP,AK,F
09:47:22,ICBP,RG,9325,13,F,DP,AK,F
09:47:22,ICBP,RG,9325,32,D,KZ,AK,F
09:47:22,ICBP,RG,9325,13,D,KZ,AK,F
09:47:22,ICBP,RG,9325,22,D,KZ,AK,F
09:47:22,ICBP,RG,9325,3,D,KZ,AK,F
09:47:22,ICBP,RG,9325,16,D,KZ,PD,D
09:47:22,ICBP,RG,9325,3,D,KZ,PD,D
09:47:22,ICBP,RG,9325,4,D,KZ,PD,D
09:47:22,ICBP,RG,9325,4,D,KZ,PD,D
09:47:08,ICBP,RG,9325,2,D,KZ,BB,D
09:46:58,ICBP,RG,9325,5,D,KZ,BB,D
09:46:49,ICBP,RG,9325,4,D,KZ,AK,F
09:46:49,ICBP,RG,9325,1,D,KZ,AK,F
09:46:49,ICBP,RG,9325,13,D,KZ,AK,F
09:46:49,ICBP,RG,9325,4,D,YP,AK,F
09:46:49,ICBP,RG,9325,2,D,YP,AK,F
09:46:49,ICBP,RG,9325,1,D,XC,AK,F
09:46:49,ICBP,RG,9325,1,D,GR,AK,F
09:46:49,ICBP,RG,9325,2,D,XC,AK,F
09:46:49,ICBP,RG,9325,5,D,DR,AK,F
09:46:49,ICBP,RG,9325,1,D,XC,AK,F
09:46:49,ICBP,RG,9325,26,F,DP,AK,F
09:46:49,ICBP,RG,9325,11,F,DP,BB,D
09:46:49,ICBP,RG,9325,1,D,LG,BB,D
09:46:49,ICBP,RG,9325,1,D,KK,BB,D
09:46:49,ICBP,RG,9325,1,D,LG,BB,D
09:46:49,ICBP,RG,9325,8,D,KZ,BB,D
09:46:49,ICBP,RG,9325,19,D,KZ,BB,D
09:46:49,ICBP,RG,9325,13,D,KZ,BB,D
09:46:49,ICBP,RG,9325,11,D,KZ,BB,D
09:46:49,ICBP,RG,9325,2,D,KZ,BB,D
09:46:49,ICBP,RG,9325,2,D,KZ,BB,D
09:46:49,ICBP,RG,9325,18,D,KZ,BB,D
09:46:49,ICBP,RG,9325,10,D,CC,BB,D
09:46:49,ICBP,RG,9325,1,D,XC,BB,D
09:46:49,ICBP,RG,9325,21,D,YP,BB,D
09:46:49,ICBP,RG,9325,2,D,DR,BB,D
09:46:49,ICBP,RG,9325,2,D,NI,BB,D
09:46:49,ICBP,RG,9325,50,D,YP,BB,D
09:46:49,ICBP,RG,9325,6,D,RF,BB,D
09:46:32,ICBP,RG,9325,1,D,RF,XL,D
09:45:59,ICBP,RG,9325,1,D,RF,XC,D
09:45:59,ICBP,RG,9325,8,D,RF,PD,D
09:45:44,ICBP,RG,9325,10,D,RF,NI,D
09:44:47,ICBP,RG,9350,1,D,CP,BB,D
09:44:32,ICBP,RG,9325,1,D,RF,DR,D
09:44:29,ICBP,RG,9325,5,D,RF,CC,D
09:43:09,ICBP,RG,9325,3,D,RF,BB,D
09:43:06,ICBP,RG,9325,1,D,RF,BB,D
09:43:01,ICBP,RG,9325,64,D,RF,BB,D
09:43:01,ICBP,RG,9325,1,D,PC,BB,D
09:43:01,ICBP,RG,9325,2,D,DR,BB,D
09:43:01,ICBP,RG,9325,5,F,DP,BB,D
09:42:58,ICBP,RG,9350,100,D,YU,BB,D
09:42:53,ICBP,RG,9350,100,D,GR,BB,D
09:42:51,ICBP,RG,9350,3,D,YP,BB,D
09:42:51,ICBP,RG,9350,1,D,LG,BB,D
09:42:38,ICBP,RG,9350,3,D,YP,BB,D
09:42:38,ICBP,RG,9350,1,D,YP,BB,D
09:42:04,ICBP,RG,9350,1,D,LG,BB,D
09:41:43,ICBP,RG,9325,50,F,DP,AG,F
09:41:12,ICBP,RG,9325,1,F,DP,AK,F
09:41:12,ICBP,RG,9350,1,D,LG,BB,D
09:40:10,ICBP,RG,9325,8,F,DP,AZ,D
09:40:04,ICBP,RG,9325,11,F,DP,CC,D
09:39:41,ICBP,RG,9325,100,D,RF,AK,F
09:39:36,ICBP,RG,9325,42,D,RF,AK,F
09:39:35,ICBP,RG,9325,29,D,RF,BB,D
09:39:35,ICBP,RG,9325,2,D,RF,AK,F
09:39:35,ICBP,RG,9325,23,D,RF,AK,F
09:39:35,ICBP,RG,9325,1,D,RF,AK,F
09:39:35,ICBP,RG,9325,3,D,RF,CC,F
09:39:34,ICBP,RG,9325,5,D,PD,CC,F
09:39:28,ICBP,RG,9325,32,F,DP,CC,F
09:39:28,ICBP,RG,9325,1,F,DP,PD,D
09:39:28,ICBP,RG,9325,3,F,DP,AK,F
09:39:28,ICBP,RG,9325,43,F,DP,AK,F
09:39:28,ICBP,RG,9325,2,F,DP,BB,D
09:39:19,ICBP,RG,9325,1,D,AZ,BB,D
09:39:09,ICBP,RG,9325,5,D,XL,BB,D
09:39:09,ICBP,RG,9325,1,D,XL,BB,D
09:39:05,ICBP,RG,9325,1,D,NI,BB,D
09:38:58,ICBP,RG,9325,1,D,NI,BB,D
09:38:44,ICBP,RG,9325,1,D,PC,BB,D
09:38:33,ICBP,RG,9300,6,D,IF,XC,D
09:38:30,ICBP,RG,9300,10,D,IF,CC,D
09:38:30,ICBP,RG,9300,25,D,IF,YP,D
09:38:30,ICBP,RG,9325,25,F,DP,YP,D
09:38:30,ICBP,RG,9300,42,D,IF,EP,D
09:38:30,ICBP,RG,9300,1629,D,IF,CC,D
09:38:30,ICBP,RG,9325,1,D,XL,CC,D
09:38:30,ICBP,RG,9325,1,D,SQ,CC,D
09:38:30,ICBP,RG,9325,2,D,CC,CC,D
09:38:30,ICBP,RG,9325,3,D,LG,CC,D
09:38:30,ICBP,RG,9325,1,D,CC,CC,D
09:38:30,ICBP,RG,9325,100,D,YP,CC,D
09:38:30,ICBP,RG,9325,1,D,CC,CC,D
09:38:30,ICBP,RG,9325,100,D,YP,CC,D
09:38:30,ICBP,RG,9325,40,F,DP,CC,D
09:38:30,ICBP,RG,9325,100,D,YP,CC,D
09:38:30,ICBP,RG,9325,222,D,RX,CC,D
09:38:11,ICBP,RG,9350,1,D,YP,BB,D
09:38:11,ICBP,RG,9325,2,D,RX,LG,D
09:38:01,ICBP,RG,9350,6,D,KK,BB,D
09:38:01,ICBP,RG,9350,10,D,KK,CC,F
09:38:01,ICBP,RG,9350,8,D,KK,ZP,F
09:38:01,ICBP,RG,9350,6,D,KK,ZP,F
09:38:01,ICBP,RG,9350,1,D,KK,AK,F
09:38:01,ICBP,RG,9350,1,D,KK,XC,D
09:38:01,ICBP,RG,9350,10,D,KK,YP,D
09:38:01,ICBP,RG,9350,59,D,KK,AG,D
09:37:59,ICBP,RG,9325,10,D,RX,YU,D
09:37:39,ICBP,RG,9325,4,D,RX,HP,D
09:37:35,ICBP,RG,9325,2,D,RX,NI,D
09:37:17,ICBP,RG,9325,10,D,RX,OD,D
09:36:49,ICBP,RG,9325,47,D,RX,PD,D
09:36:38,ICBP,RG,9325,1,D,RX,AZ,D
09:36:15,ICBP,RG,9325,1,D,RX,LG,D
09:36:15,ICBP,RG,9350,1,D,CP,AG,D
09:35:53,ICBP,RG,9325,129,D,RX,CS,F
09:35:53,ICBP,RG,9325,43,D,RX,CC,F
09:35:53,ICBP,RG,9325,18,D,RX,ZP,F
09:35:53,ICBP,RG,9325,2,D,RX,AK,F
09:35:53,ICBP,RG,9325,9,D,RX,ZP,F
09:35:49,ICBP,RG,9325,1,D,PD,ZP,F
09:35:46,ICBP,RG,9325,1,D,YP,ZP,F
09:35:42,ICBP,RG,9325,7,F,DP,ZP,F
09:35:42,ICBP,RG,9325,7,F,DP,AK,F
09:35:42,ICBP,RG,9325,10,D,SQ,AK,F
09:35:42,ICBP,RG,9325,6,D,YU,AK,F
09:35:42,ICBP,RG,9325,1,D,PD,AK,F
09:35:42,ICBP,RG,9325,1,D,XL,AK,F
09:35:42,ICBP,RG,9325,10,D,YP,AK,F
09:35:42,ICBP,RG,9325,6,D,KK,AK,F
09:35:42,ICBP,RG,9325,7,D,KZ,AK,F
09:35:42,ICBP,RG,9325,4,D,KZ,AK,F
09:35:42,ICBP,RG,9325,2,D,KZ,AK,F
09:35:41,ICBP,RG,9325,5,D,KZ,AK,F
09:35:41,ICBP,RG,9325,4,D,KZ,AK,F
09:35:41,ICBP,RG,9325,17,F,DP,AK,F
09:35:41,ICBP,RG,9325,26,F,DP,AK,F
09:35:41,ICBP,RG,9325,1,D,KZ,AK,F
09:35:41,ICBP,RG,9325,7,D,KZ,BB,D
09:35:41,ICBP,RG,9325,1,D,KZ,BB,D
09:35:41,ICBP,RG,9325,11,D,KZ,BB,D
09:35:41,ICBP,RG,9325,4,D,PD,BB,D
09:35:41,ICBP,RG,9325,1,D,PD,BB,D
09:35:41,ICBP,RG,9325,1,D,KZ,BB,D
09:35:41,ICBP,RG,9325,1,D,KZ,BB,D
09:35:41,ICBP,RG,9325,5,D,KK,BB,D
09:35:41,ICBP,RG,9325,1,D,PD,BB,D
09:35:41,ICBP,RG,9325,25,D,LG,BB,D
09:35:41,ICBP,RG,9325,10,D,CP,BB,D
09:35:41,ICBP,RG,9325,10,D,YP,BB,D
09:35:41,ICBP,RG,9325,1,D,XC,BB,D
09:35:41,ICBP,RG,9325,1,D,YP,BB,D
09:35:41,ICBP,RG,9325,17,D,BQ,BB,D
09:35:41,ICBP,RG,9325,1,D,XC,BB,D
09:35:41,ICBP,RG,9325,10,D,CC,BB,D
09:35:41,ICBP,RG,9325,1,D,YP,BB,D
09:35:41,ICBP,RG,9325,25,D,YP,BB,D
09:35:41,ICBP,RG,9325,5,D,YP,BB,D
09:35:41,ICBP,RG,9325,1,D,PD,BB,D
09:35:41,ICBP,RG,9325,10,D,AG,BB,D
09:35:41,ICBP,RG,9325,100,D,YB,BB,D
09:35:41,ICBP,RG,9325,125,D,RX,BB,D
09:35:41,ICBP,RG,9325,10,D,RX,BB,D
09:35:36,ICBP,RG,9350,1,D,PD,AG,D
09:35:31,ICBP,RG,9325,1,D,RX,BB,D
09:35:25,ICBP,RG,9325,50,D,RX,BB,D
09:35:07,ICBP,RG,9325,5,D,RX,YP,D
09:34:44,ICBP,RG,9325,1,D,RX,YP,D
09:34:40,ICBP,RG,9325,1,D,RX,BB,D
09:34:30,ICBP,RG,9325,3,D,RX,BB,D
09:34:30,ICBP,RG,9325,4,D,RX,BB,D
09:34:30,ICBP,RG,9325,2,D,NI,BB,D
09:34:30,ICBP,RG,9325,1,D,YP,BB,D
09:34:30,ICBP,RG,9325,10,D,NI,BB,D
09:34:30,ICBP,RG,9325,16,D,YU,BB,D
09:34:19,ICBP,RG,9325,1,D,YU,BB,D
09:34:10,ICBP,RG,9325,83,D,YU,BB,D
09:34:10,ICBP,RG,9325,2,D,YP,BB,D
09:34:10,ICBP,RG,9325,5,D,CC,BB,D
09:34:10,ICBP,RG,9325,15,D,YP,BB,D
09:34:10,ICBP,RG,9325,5,D,LG,BB,D
09:34:10,ICBP,RG,9325,1,D,LG,BB,D
09:34:10,ICBP,RG,9325,1,D,PD,BB,D
09:34:10,ICBP,RG,9325,1,D,YP,BB,D
09:34:10,ICBP,RG,9325,1,D,CC,BB,D
09:34:10,ICBP,RG,9325,2,D,CC,BB,D
09:34:10,ICBP,RG,9325,1,D,EP,BB,D
09:34:10,ICBP,RG,9350,8,F,DP,AG,D
09:34:10,ICBP,RG,9350,2,D,KZ,AG,D
09:34:10,ICBP,RG,9350,1,D,KZ,AG,D
09:34:10,ICBP,RG,9350,1,D,OD,AG,D
09:34:10,ICBP,RG,9350,1,D,YP,AG,D
09:34:10,ICBP,RG,9350,5,D,XC,AG,D
09:34:10,ICBP,RG,9350,1,D,NI,AG,D
09:34:10,ICBP,RG,9350,10,D,YP,AG,D
09:34:10,ICBP,RG,9350,1,D,XC,AG,D
09:34:10,ICBP,RG,9350,1,D,PD,AG,D
09:34:10,ICBP,RG,9350,10,D,KZ,AG,D
09:34:10,ICBP,RG,9350,8,D,KZ,AG,D
09:34:10,ICBP,RG,9350,7,D,KZ,AG,D
09:34:10,ICBP,RG,9350,30,F,DP,AG,D
09:34:10,ICBP,RG,9350,5,D,KZ,AG,D
09:34:10,ICBP,RG,9350,2,D,KZ,AG,D
09:34:10,ICBP,RG,9350,2,D,KZ,AG,D
09:34:10,ICBP,RG,9350,12,D,KZ,AG,D
09:34:10,ICBP,RG,9350,50,D,YJ,AG,D
09:34:10,ICBP,RG,9350,1,D,PD,AG,D
09:34:10,ICBP,RG,9350,1,D,CC,AG,D
09:34:10,ICBP,RG,9350,1,D,NI,AG,D
09:34:10,ICBP,RG,9350,27,D,DH,AG,D
09:34:10,ICBP,RG,9350,2,D,KK,AG,D
09:34:08,ICBP,RG,9350,1,D,KK,BB,D
09:34:08,ICBP,RG,9350,1,D,KZ,BB,D
09:34:08,ICBP,RG,9350,2,D,CC,BB,D
09:34:08,ICBP,RG,9350,1,D,YP,BB,D
09:34:08,ICBP,RG,9350,5,D,KZ,BB,D
09:33:44,ICBP,RG,9350,1,D,KZ,BB,D
09:33:44,ICBP,RG,9350,1,D,KZ,BB,D
09:33:43,ICBP,RG,9350,6,D,KZ,CC,D
09:33:15,ICBP,RG,9350,2,D,KZ,AK,F
09:33:15,ICBP,RG,9350,1,D,KZ,AK,F
09:33:15,ICBP,RG,9350,1,D,KZ,AK,F
09:33:15,ICBP,RG,9350,3,D,KZ,AK,F
09:33:15,ICBP,RG,9350,10,D,KZ,AK,F
09:33:15,ICBP,RG,9350,8,D,KZ,AK,F
09:33:15,ICBP,RG,9350,2,D,KZ,AK,F
09:33:15,ICBP,RG,9350,2,D,KZ,AK,F
09:33:15,ICBP,RG,9350,7,D,KZ,AK,F
09:33:14,ICBP,RG,9350,4,D,KZ,XC,D
09:33:14,ICBP,RG,9350,2,D,KZ,YP,D
09:33:14,ICBP,RG,9350,15,D,RX,YP,D
09:33:02,ICBP,RG,9350,4,D,RX,PD,D
09:33:00,ICBP,RG,9350,18,D,RX,ZP,F
09:32:58,ICBP,RG,9350,15,D,RX,PD,D
09:32:40,ICBP,RG,9350,3,D,RX,XL,D
09:32:40,ICBP,RG,9350,3,D,RX,DH,D
09:32:07,ICBP,RG,9350,1,D,RX,XC,D
09:31:57,ICBP,RG,9350,1,D,RX,XC,D
09:31:47,ICBP,RG,9350,1,D,RX,YP,D
09:31:34,ICBP,RG,9350,10,D,RX,YP,D
09:31:17,ICBP,RG,9350,3,D,RX,YP,D
09:31:17,ICBP,RG,9350,2,D,RX,CC,D
09:31:17,ICBP,RG,9350,7,D,RX,PD,D
09:31:16,ICBP,RG,9350,10,D,RX,YB,D
09:31:16,ICBP,RG,9350,107,D,RX,AK,F
09:31:16,ICBP,RG,9350,2,D,SQ,AK,F
09:31:16,ICBP,RG,9350,1,D,CC,AK,F
09:31:16,ICBP,RG,9350,5,D,YP,AK,F
09:31:16,ICBP,RG,9350,2,D,PD,AK,F
09:31:16,ICBP,RG,9350,1,D,YP,AK,F
09:31:16,ICBP,RG,9350,1,D,CC,AK,F
09:31:16,ICBP,RG,9350,2,D,DH,AK,F
09:31:16,ICBP,RG,9350,1,D,GR,AK,F
09:31:16,ICBP,RG,9350,1,D,YB,AK,F
09:31:16,ICBP,RG,9375,8,F,DP,CC,D
09:31:16,ICBP,RG,9375,10,D,YP,CC,D
09:31:16,ICBP,RG,9375,1,D,XC,CC,D
09:31:16,ICBP,RG,9375,1,D,XC,CC,D
09:31:16,ICBP,RG,9375,1,D,KZ,CC,D
09:31:16,ICBP,RG,9375,1,D,KZ,CC,D
09:31:16,ICBP,RG,9375,1,D,KZ,CC,D
09:31:16,ICBP,RG,9375,2,D,KZ,CC,D
09:31:16,ICBP,RG,9375,1,D,KZ,CC,D
09:31:16,ICBP,RG,9375,4,D,KZ,CC,D
09:31:16,ICBP,RG,9375,3,D,KZ,CC,D
09:31:16,ICBP,RG,9375,2,D,KZ,CC,D
09:31:16,ICBP,RG,9375,35,D,LG,CC,D
09:31:16,ICBP,RG,9375,1,D,KZ,CC,D
09:31:16,ICBP,RG,9375,1,D,KZ,CC,D
09:31:16,ICBP,RG,9375,1,D,KZ,CC,D
09:31:16,ICBP,RG,9375,3,D,KZ,CC,D
09:31:16,ICBP,RG,9375,2,D,KZ,CC,D
09:31:16,ICBP,RG,9375,5,D,KZ,CC,D
09:31:16,ICBP,RG,9375,5,D,KZ,CC,D
09:31:16,ICBP,RG,9375,1,D,KZ,CC,D
09:31:16,ICBP,RG,9375,1,D,KZ,CC,D
09:31:16,ICBP,RG,9375,8,D,KZ,CC,D
09:31:16,ICBP,RG,9375,1,D,XC,CC,D
09:31:16,ICBP,RG,9375,1,F,DP,CC,D
09:31:16,ICBP,RG,9375,5,D,PD,CC,D
09:31:16,ICBP,RG,9375,5,D,KZ,CC,D
09:31:16,ICBP,RG,9375,6,D,KZ,CC,D
09:31:16,ICBP,RG,9375,1,D,KZ,CC,D
09:31:16,ICBP,RG,9375,32,D,YJ,CC,D
09:30:56,ICBP,RG,9375,5,D,YJ,BB,D
09:30:56,ICBP,RG,9375,2,D,YJ,GR,D
09:30:36,ICBP,RG,9375,8,D,YJ,GR,D
09:30:30,ICBP,RG,9375,1,D,YJ,BB,D
09:30:27,ICBP,RG,9375,2,D,YJ,DR,D
09:30:26,ICBP,RG,9375,1,D,YP,BB,D
09:30:26,ICBP,RG,9375,4,D,PD,BB,D
09:30:19,ICBP,RG,9375,6,D,PD,YP,D
09:30:19,ICBP,RG,9375,1,D,YP,YP,D
09:30:19,ICBP,RG,9375,2,D,DR,YP,D
09:30:19,ICBP,RG,9375,1,D,KZ,YP,D
09:30:19,ICBP,RG,9375,1,D,KZ,YP,D
09:30:19,ICBP,RG,9375,1,D,KZ,YP,D
09:30:19,ICBP,RG,9375,5,D,GR,YP,D
09:30:19,ICBP,RG,9375,1,D,KZ,YP,D
09:30:19,ICBP,RG,9375,1,D,KZ,YP,D
09:30:19,ICBP,RG,9375,5,D,YP,YP,D
09:30:19,ICBP,RG,9375,5,D,YP,YP,D
09:30:19,ICBP,RG,9375,3,D,XL,YP,D
09:30:10,ICBP,RG,9375,2,D,XL,AK,F
09:30:10,ICBP,RG,9375,1,D,CC,AK,F
09:29:48,ICBP,RG,9400,1,D,DH,BB,D
09:29:09,ICBP,RG,9400,1,D,PD,BB,D
09:28:00,ICBP,RG,9375,1,D,CC,BQ,D
09:27:55,ICBP,RG,9400,8,F,DP,ZP,F
09:27:55,ICBP,RG,9400,1,D,KZ,CC,D
09:27:55,ICBP,RG,9400,1,D,KZ,CC,D
09:27:55,ICBP,RG,9400,3,F,DP,CC,D
09:27:21,ICBP,RG,9400,3,F,DP,CP,D
09:27:18,ICBP,RG,9400,1,D,NI,AK,F
09:27:18,ICBP,RG,9400,1,D,KZ,AK,F
09:27:18,ICBP,RG,9400,3,D,XC,AK,F
09:27:18,ICBP,RG,9400,1,D,KZ,AK,F
09:27:18,ICBP,RG,9400,1,D,KZ,AK,F
09:27:18,ICBP,RG,9400,1,D,KZ,AK,F
09:27:18,ICBP,RG,9400,1,D,KZ,AK,F
09:27:18,ICBP,RG,9400,10,F,CC,AK,F
09:27:18,ICBP,RG,9400,1,D,KZ,AK,F
09:27:18,ICBP,RG,9400,1,D,KZ,AK,F
09:27:18,ICBP,RG,9400,2,D,KZ,AK,F
09:27:18,ICBP,RG,9400,1,D,YP,AK,F
09:27:18,ICBP,RG,9400,1,D,KZ,AK,F
09:27:18,ICBP,RG,9400,1,D,KZ,AK,F
09:27:18,ICBP,RG,9400,1,D,KZ,AK,F
09:27:18,ICBP,RG,9400,9,D,PD,AK,F
09:27:18,ICBP,RG,9400,1,D,PD,AK,F
09:27:18,ICBP,RG,9400,1,D,KZ,AK,F
09:27:18,ICBP,RG,9400,1,D,KZ,AK,F
09:27:18,ICBP,RG,9400,2,D,CC,AK,F
09:27:18,ICBP,RG,9400,1,D,CC,AK,F
09:27:18,ICBP,RG,9400,1,D,KZ,AK,F
09:27:18,ICBP,RG,9400,1,D,KZ,AK,F
09:27:18,ICBP,RG,9400,1,D,KZ,AK,F
09:27:18,ICBP,RG,9400,2,D,KZ,AK,F
09:27:18,ICBP,RG,9400,3,D,KZ,AK,F
09:27:18,ICBP,RG,9400,3,D,KZ,AK,F
09:27:18,ICBP,RG,9400,1,D,KZ,AK,F
09:27:18,ICBP,RG,9400,4,D,KZ,AK,F
09:27:18,ICBP,RG,9400,5,D,KZ,AK,F
09:27:18,ICBP,RG,9400,6,D,KZ,AK,F
09:27:18,ICBP,RG,9400,1,D,KZ,AK,F
09:27:18,ICBP,RG,9400,6,F,DP,AK,F
09:27:18,ICBP,RG,9400,1,F,DP,XC,D
09:26:04,ICBP,RG,9400,1,F,DP,NI,D
09:25:47,ICBP,RG,9400,1,F,DP,BB,D
09:25:42,ICBP,RG,9400,1,D,XC,BB,D
09:25:28,ICBP,RG,9400,1,D,XC,BB,D
09:25:24,ICBP,RG,9400,3,D,XC,BB,D
09:25:24,ICBP,RG,9400,6,D,KZ,BB,D
09:24:57,ICBP,RG,9400,4,D,KZ,YP,D
09:24:57,ICBP,RG,9400,3,D,KZ,CC,F
09:24:53,ICBP,RG,9400,3,D,KZ,BB,D
09:24:53,ICBP,RG,9400,5,D,KZ,KK,D
09:24:44,ICBP,RG,9400,2,D,KZ,BB,D
09:24:44,ICBP,RG,9400,8,D,KZ,BB,D
09:24:43,ICBP,RG,9400,1,D,KZ,PD,D
09:24:38,ICBP,RG,9400,1,D,KZ,NI,D
09:24:33,ICBP,RG,9400,1,D,KZ,BB,D
09:24:33,ICBP,RG,9400,1,D,KZ,BB,D
09:24:32,ICBP,RG,9400,1,D,KZ,CC,D
09:24:22,ICBP,RG,9400,1,D,KZ,BB,D
09:24:13,ICBP,RG,9400,1,D,KZ,BB,D
09:23:59,ICBP,RG,9400,4,D,KZ,CC,D
09:23:49,ICBP,RG,9400,1,D,KZ,BB,D
09:23:49,ICBP,RG,9400,4,D,KZ,BB,D
09:23:17,ICBP,RG,9400,2,D,KZ,BB,D
09:23:17,ICBP,RG,9400,1,D,KZ,BB,D
09:23:12,ICBP,RG,9425,1,D,XC,CC,F
09:23:00,ICBP,RG,9400,6,D,KZ,BB,D
09:22:53,ICBP,RG,9400,4,D,KZ,BB,D
09:22:53,ICBP,RG,9400,1,D,KZ,XC,D
09:22:53,ICBP,RG,9400,7,D,KZ,XC,D
09:22:42,ICBP,RG,9400,3,D,KZ,BB,D
09:22:41,ICBP,RG,9400,1,D,KZ,YP,D
09:22:24,ICBP,RG,9400,3,D,KZ,BB,D
09:22:12,ICBP,RG,9400,3,D,KZ,BB,D
09:22:01,ICBP,RG,9400,4,D,KZ,BB,D
09:21:44,ICBP,RG,9400,1,D,KZ,BB,D
09:21:28,ICBP,RG,9400,3,D,KZ,GR,D
09:21:28,ICBP,RG,9400,3,F,DP,GR,D
09:21:10,ICBP,RG,9400,2,F,DP,BB,D
09:21:02,ICBP,RG,9400,2,F,DP,AK,F
09:21:01,ICBP,RG,9400,30,F,DP,AK,F
09:21:01,ICBP,RG,9400,15,F,DP,BB,D
09:21:01,ICBP,RG,9400,70,D,RX,BB,D
09:20:58,ICBP,RG,9400,1,D,RX,AK,F
09:20:58,ICBP,RG,9400,2,D,RX,AK,F
09:20:57,ICBP,RG,9400,13,D,RX,AK,F
09:20:57,ICBP,RG,9400,45,D,RX,AK,F
09:20:57,ICBP,RG,9400,69,D,RX,BK,F
09:20:57,ICBP,RG,9400,2,D,EP,BK,F
09:20:57,ICBP,RG,9400,1,D,KZ,BK,F
09:20:57,ICBP,RG,9400,2,D,YP,BK,F
09:20:57,ICBP,RG,9400,1,D,KZ,BK,F
09:20:57,ICBP,RG,9400,1,D,KZ,BK,F
09:20:57,ICBP,RG,9400,1,D,PD,BK,F
09:20:57,ICBP,RG,9400,1,D,KZ,BK,F
09:20:57,ICBP,RG,9400,1,D,KZ,BK,F
09:20:57,ICBP,RG,9400,1,D,XC,BK,F
09:20:57,ICBP,RG,9400,3,D,KK,BK,F
09:20:57,ICBP,RG,9400,1,D,KZ,BK,F
09:20:57,ICBP,RG,9400,1,D,KZ,BK,F
09:20:57,ICBP,RG,9400,1,D,KZ,BK,F
09:20:57,ICBP,RG,9400,1,D,KZ,BK,F
09:20:57,ICBP,RG,9400,1,D,KZ,BK,F
09:20:57,ICBP,RG,9400,1,D,KZ,BK,F
09:20:57,ICBP,RG,9400,1,D,KZ,BK,F
09:20:57,ICBP,RG,9400,1,D,PD,BK,F
09:20:57,ICBP,RG,9400,2,D,KZ,BK,F
09:20:57,ICBP,RG,9400,1,D,KZ,BK,F
09:20:57,ICBP,RG,9400,1,D,KZ,BK,F
09:20:57,ICBP,RG,9400,1,D,KZ,BK,F
09:20:57,ICBP,RG,9400,1,D,KZ,BK,F
09:20:57,ICBP,RG,9400,2,D,HP,BK,F
09:20:57,ICBP,RG,9400,1,D,XC,BK,F
09:20:57,ICBP,RG,9400,4,D,NI,BK,F
09:20:57,ICBP,RG,9400,2,D,KZ,BK,F
09:20:57,ICBP,RG,9400,3,D,KZ,BK,F
09:20:57,ICBP,RG,9400,2,D,KZ,BK,F
09:20:57,ICBP,RG,9400,3,D,KZ,BK,F
09:20:57,ICBP,RG,9400,1,D,KZ,BK,F
09:20:57,ICBP,RG,9400,4,D,KZ,BK,F
09:20:57,ICBP,RG,9400,6,D,KZ,BK,F
09:20:57,ICBP,RG,9400,16,D,KZ,BK,F
09:20:57,ICBP,RG,9400,10,D,KZ,BK,F
09:20:57,ICBP,RG,9400,9,D,KZ,BK,F
09:20:57,ICBP,RG,9400,2,D,KZ,BK,F
09:20:57,ICBP,RG,9400,1,D,KZ,BK,F
09:20:57,ICBP,RG,9400,14,D,KZ,BK,F
09:20:57,ICBP,RG,9400,1,D,PD,BK,F
09:20:57,ICBP,RG,9400,25,F,DP,BK,F
09:20:57,ICBP,RG,9400,37,D,RX,BK,F
09:20:57,ICBP,RG,9400,10,D,RX,BB,D
09:20:28,ICBP,RG,9400,33,D,RX,AK,F
09:20:27,ICBP,RG,9400,4,D,RX,PD,D
09:20:13,ICBP,RG,9400,1,D,RX,AZ,D
09:20:03,ICBP,RG,9425,1,D,YP,CC,F
09:19:14,ICBP,RG,9425,2,D,DR,CC,F
09:19:01,ICBP,RG,9400,1,D,RX,BB,D
09:18:49,ICBP,RG,9400,1,D,RX,BB,D
09:18:49,ICBP,RG,9400,1,D,RX,YP,D
09:18:39,ICBP,RG,9400,1,D,RX,BB,D
09:18:27,ICBP,RG,9400,1,D,RX,BB,D
09:18:25,ICBP,RG,9400,4,D,RX,BB,D
09:18:10,ICBP,RG,9400,4,D,RX,XC,D
09:18:03,ICBP,RG,9400,5,D,RX,CC,D
09:18:00,ICBP,RG,9400,2,D,RX,BB,D
09:17:41,ICBP,RG,9400,1,D,RX,BB,D
09:17:31,ICBP,RG,9400,5,D,RX,BB,D
09:17:06,ICBP,RG,9425,1,D,PD,CC,F
09:17:06,ICBP,RG,9425,1,D,PD,YP,D
09:17:06,ICBP,RG,9425,1,D,PD,AK,F
09:17:06,ICBP,RG,9425,1,D,PD,AK,F
09:17:06,ICBP,RG,9400,1,D,RX,BB,D
09:16:47,ICBP,RG,9400,2,D,RX,BB,D
09:16:45,ICBP,RG,9400,2,D,RX,XC,D
09:16:37,ICBP,RG,9400,1,D,RX,XC,D
09:16:14,ICBP,RG,9400,2,D,RX,PD,D
09:16:13,ICBP,RG,9425,10,D,YP,AK,F
09:16:04,ICBP,RG,9400,25,D,RX,CC,D
09:15:45,ICBP,RG,9400,1,D,RX,XC,D
09:15:34,ICBP,RG,9400,10,D,RX,KK,D
09:15:12,ICBP,RG,9400,12,D,RX,PD,D
09:14:04,ICBP,RG,9425,13,D,RF,AK,F
09:14:04,ICBP,RG,9425,87,D,RF,CC,F
09:13:58,ICBP,RG,9425,100,D,RF,CC,F
09:13:51,ICBP,RG,9425,26,D,RF,CC,F
09:13:51,ICBP,RG,9425,31,D,RF,AK,F
09:13:51,ICBP,RG,9425,6,D,RF,AK,F
09:13:51,ICBP,RG,9425,2,D,RF,BB,D
09:13:51,ICBP,RG,9425,26,D,RF,AK,F
09:13:51,ICBP,RG,9425,9,D,RF,ZP,F
09:13:46,ICBP,RG,9400,5,D,RX,CC,D
09:13:45,ICBP,RG,9400,28,D,RX,BB,D
09:13:45,ICBP,RG,9400,9,F,DX,BB,D
09:13:45,ICBP,RG,9400,5,D,AR,BB,D
09:13:45,ICBP,RG,9400,1,D,PD,BB,D
09:13:45,ICBP,RG,9400,1,D,YP,BB,D
09:13:45,ICBP,RG,9400,50,D,YP,BB,D
09:13:45,ICBP,RG,9400,2,D,SQ,BB,D
09:13:45,ICBP,RG,9400,10,D,AO,BB,D
09:13:45,ICBP,RG,9400,2,D,CC,BB,D
09:13:45,ICBP,RG,9400,2,D,LG,BB,D
09:13:45,ICBP,RG,9400,5,D,YP,BB,D
09:13:45,ICBP,RG,9400,9,F,NI,BB,D
09:13:45,ICBP,RG,9400,1,D,CC,BB,D
09:13:45,ICBP,RG,9400,1,D,EP,BB,D
09:13:45,ICBP,RG,9400,1,D,YB,BB,D
09:13:43,ICBP,RG,9425,8,F,DX,ZP,F
09:13:43,ICBP,RG,9425,2,F,DX,BB,D
09:13:35,ICBP,RG,9425,17,F,DP,AK,F
09:13:35,ICBP,RG,9425,1,D,YP,AK,F
09:13:35,ICBP,RG,9425,2,D,KK,AK,F
09:13:35,ICBP,RG,9425,1,D,YP,AK,F
09:13:35,ICBP,RG,9425,2,D,PD,AK,F
09:13:35,ICBP,RG,9425,1,D,PD,AK,F
09:13:35,ICBP,RG,9425,12,F,DX,AK,F
09:13:35,ICBP,RG,9425,200,D,RX,AK,F
09:13:35,ICBP,RG,9425,1,D,YP,AK,F
09:13:35,ICBP,RG,9425,2,D,SQ,AK,F
09:13:35,ICBP,RG,9425,1,D,YP,AK,F
09:13:29,ICBP,RG,9450,16,F,DP,AK,F
09:13:28,ICBP,RG,9450,2,D,PD,AK,F
09:13:28,ICBP,RG,9450,2,D,XC,AK,F
09:13:28,ICBP,RG,9450,1,D,YP,AK,F
09:13:28,ICBP,RG,9450,14,D,KZ,AK,F
09:13:28,ICBP,RG,9450,5,D,KZ,AK,F
09:13:27,ICBP,RG,9450,28,D,KZ,AK,F
09:13:27,ICBP,RG,9450,23,D,KZ,AK,F
09:13:27,ICBP,RG,9450,20,D,KZ,AK,F
09:13:27,ICBP,RG,9450,5,D,KZ,AK,F
09:13:27,ICBP,RG,9450,5,D,KZ,AK,F
09:13:27,ICBP,RG,9450,30,D,KZ,AK,F
09:13:27,ICBP,RG,9450,1,D,NI,AK,F
09:13:27,ICBP,RG,9450,1,D,XC,AK,F
09:13:27,ICBP,RG,9450,1,D,PD,AK,F
09:13:27,ICBP,RG,9450,10,D,NI,AK,F
09:13:27,ICBP,RG,9450,14,F,DP,AK,F
09:13:27,ICBP,RG,9450,13,F,DX,AK,F
09:13:27,ICBP,RG,9450,41,D,RX,AK,F
09:13:27,ICBP,RG,9450,4,D,RX,CC,D
09:13:27,ICBP,RG,9450,10,D,RX,CC,F
09:12:26,ICBP,RG,9450,3,D,RX,SQ,D
09:11:46,ICBP,RG,9450,3,D,RX,YP,D
09:11:25,ICBP,RG,9450,1,D,RX,PD,D
09:10:51,ICBP,RG,9450,2,D,RX,AK,F
09:10:51,ICBP,RG,9475,25,D,CC,AK,F
09:08:31,ICBP,RG,9475,1,D,CC,AK,F
09:06:40,ICBP,RG,9475,6,F,DX,AK,F
09:06:39,ICBP,RG,9450,2,D,RX,AK,F
09:06:39,ICBP,RG,9450,25,D,RX,AK,F
09:06:38,ICBP,RG,9450,51,D,RX,CC,F
09:06:38,ICBP,RG,9450,1,D,RX,YP,D
09:06:30,ICBP,RG,9450,52,D,RX,CC,F
09:06:05,ICBP,RG,9450,5,D,RX,CC,D
09:06:01,ICBP,RG,9450,8,F,DP,AK,F
09:06:00,ICBP,RG,9450,10,D,XC,CC,F
09:06:00,ICBP,RG,9450,15,F,DP,CC,F
09:06:00,ICBP,RG,9450,1,D,KZ,CC,F
09:06:00,ICBP,RG,9450,1,D,KZ,CC,F
09:06:00,ICBP,RG,9450,1,D,KZ,CC,F
09:06:00,ICBP,RG,9450,1,D,KZ,CC,F
09:06:00,ICBP,RG,9450,1,D,KZ,CC,F
09:06:00,ICBP,RG,9450,1,D,NI,CC,F
09:06:00,ICBP,RG,9450,2,D,KZ,CC,F
09:06:00,ICBP,RG,9450,4,D,KZ,CC,F
09:06:00,ICBP,RG,9450,3,D,KZ,CC,F
09:06:00,ICBP,RG,9450,3,D,KZ,CC,F
09:06:00,ICBP,RG,9450,1,D,KZ,CC,F
09:06:00,ICBP,RG,9450,1,D,KZ,CC,F
09:06:00,ICBP,RG,9450,4,D,KZ,CC,F
09:06:00,ICBP,RG,9450,6,D,KZ,CC,F
09:06:00,ICBP,RG,9450,17,D,KZ,CC,F
09:06:00,ICBP,RG,9450,7,D,KZ,CC,F
09:05:55,ICBP,RG,9450,1,D,KZ,PD,D
09:05:54,ICBP,RG,9450,3,D,KZ,CC,D
09:05:54,ICBP,RG,9450,7,D,KZ,CC,D
09:05:51,ICBP,RG,9450,2,D,KZ,CC,F
09:05:51,ICBP,RG,9450,2,D,KZ,CC,F
09:05:51,ICBP,RG,9450,1,D,KZ,CC,F
09:05:51,ICBP,RG,9450,15,D,KZ,CC,F
09:05:51,ICBP,RG,9450,1,D,PD,CC,F
09:05:51,ICBP,RG,9450,1,D,DR,CC,F
09:05:51,ICBP,RG,9450,25,D,PD,CC,F
09:05:51,ICBP,RG,9450,9,F,DX,CC,F
09:05:51,ICBP,RG,9450,1,D,CC,CC,F
09:05:51,ICBP,RG,9450,14,D,RX,CC,F
09:05:44,ICBP,RG,9450,49,D,RX,CC,F
09:05:37,ICBP,RG,9450,1,D,RX,XC,D
09:05:32,ICBP,RG,9475,45,D,XC,AK,F
09:05:32,ICBP,RG,9475,5,D,XC,AK,F
09:05:22,ICBP,RG,9475,1,D,PD,AK,F
09:05:18,ICBP,RG,9450,50,D,RX,MG,D
09:03:29,ICBP,RG,9450,5,D,RX,EP,D
09:03:20,ICBP,RG,9450,27,D,RX,CC,D
09:03:08,ICBP,RG,9450,2,D,RX,PD,D
09:03:04,ICBP,RG,9450,20,D,RX,IF,D
09:03:01,ICBP,RG,9450,1,D,RX,XC,D
09:02:53,ICBP,RG,9450,1,D,RX,KK,D
09:02:43,ICBP,RG,9450,2,D,RX,LG,D
09:02:29,ICBP,RG,9450,1,D,RX,AK,F
09:02:29,ICBP,RG,9450,1,D,RX,AK,F
09:02:28,ICBP,RG,9450,1,D,RX,AK,F
09:02:28,ICBP,RG,9450,25,D,RX,AK,F
09:02:28,ICBP,RG,9450,1,D,YP,AK,F
09:02:28,ICBP,RG,9450,2,D,PD,AK,F
09:02:26,ICBP,RG,9475,2,D,PD,AK,F
09:02:26,ICBP,RG,9475,5,D,PD,AK,F
09:02:26,ICBP,RG,9475,1,D,NI,AK,F
09:02:26,ICBP,RG,9475,2,D,XC,AK,F
09:02:26,ICBP,RG,9475,4,D,PD,AK,F
09:02:26,ICBP,RG,9475,1,D,XC,AK,F
09:02:26,ICBP,RG,9475,10,F,DX,AK,F
09:02:26,ICBP,RG,9475,24,F,DX,AK,F
09:02:26,ICBP,RG,9475,200,D,RX,AK,F
09:02:26,ICBP,RG,9475,2,D,CC,AK,F
09:02:26,ICBP,RG,9475,1,D,XL,AK,F
09:02:26,ICBP,RG,9475,4,D,CC,AK,F
09:02:26,ICBP,RG,9475,1,D,YP,AK,F
09:02:26,ICBP,RG,9475,11,D,CC,AK,F
09:02:26,ICBP,RG,9475,89,D,CC,EP,D
09:02:26,ICBP,RG,9475,26,D,CC,EP,D
09:02:19,ICBP,RG,9475,3,D,CC,AK,F
09:02:19,ICBP,RG,9475,5,D,CC,AK,F
09:02:19,ICBP,RG,9475,37,D,CC,AK,F
09:02:12,ICBP,RG,9475,9,D,CC,AK,F
09:02:12,ICBP,RG,9475,1,D,CC,XC,D
09:01:59,ICBP,RG,9500,2,D,PD,CC,F
09:01:35,ICBP,RG,9500,20,D,KK,CC,F
09:01:33,ICBP,RG,9475,12,D,CC,PD,D
09:01:33,ICBP,RG,9500,8,F,DX,CC,F
09:01:30,ICBP,RG,9500,21,F,DX,CC,F
09:01:28,ICBP,RG,9500,5,D,KZ,CC,F
09:01:28,ICBP,RG,9500,1,D,KZ,CC,F
09:01:28,ICBP,RG,9475,3,D,CC,AK,F
09:01:28,ICBP,RG,9500,1,D,KZ,CC,F
09:01:28,ICBP,RG,9500,12,D,KZ,CC,F
09:01:28,ICBP,RG,9500,42,D,KZ,CC,F
09:01:28,ICBP,RG,9500,2,D,KZ,CC,F
09:01:28,ICBP,RG,9500,1,D,KZ,CC,F
09:01:28,ICBP,RG,9500,1,D,KZ,CC,F
09:01:28,ICBP,RG,9500,1,D,KZ,CC,F
09:01:28,ICBP,RG,9500,1,D,KZ,CC,F
09:01:28,ICBP,RG,9500,81,D,KZ,CC,F
09:01:27,ICBP,RG,9500,4,D,KZ,CC,F
09:01:27,ICBP,RG,9475,4,D,CC,AK,F
09:01:27,ICBP,RG,9500,2,D,KZ,CC,F
09:01:27,ICBP,RG,9500,9,D,KZ,CC,F
09:01:27,ICBP,RG,9500,24,D,KZ,CC,F
09:01:27,ICBP,RG,9500,2,D,KZ,CC,F
09:01:27,ICBP,RG,9500,1,D,KZ,CC,F
09:01:27,ICBP,RG,9500,49,D,KZ,CC,F
09:01:27,ICBP,RG,9500,28,D,KZ,CC,F
09:01:27,ICBP,RG,9500,2,D,KZ,CC,F
09:01:27,ICBP,RG,9500,1,D,KZ,CC,F
09:01:27,ICBP,RG,9500,1,D,KZ,CC,F
09:01:27,ICBP,RG,9500,56,D,KZ,CC,F
09:01:27,ICBP,RG,9500,1,D,KZ,CC,F
09:01:27,ICBP,RG,9500,38,D,KZ,CC,F
09:01:27,ICBP,RG,9500,2,D,KZ,CC,F
09:01:27,ICBP,RG,9475,1,D,HP,AK,F
09:01:27,ICBP,RG,9500,1,D,KZ,CC,F
09:01:27,ICBP,RG,9475,2,D,HP,AK,F
09:01:27,ICBP,RG,9500,1,D,KZ,CC,F
09:01:27,ICBP,RG,9500,1,D,KZ,CC,F
09:01:27,ICBP,RG,9475,4,D,HP,AK,F
09:01:27,ICBP,RG,9500,19,D,KZ,CC,F
09:01:27,ICBP,RG,9500,1,D,KZ,PD,D
09:01:27,ICBP,RG,9500,7,D,KZ,ZP,F
09:01:27,ICBP,RG,9500,24,D,KZ,XC,D
09:01:27,ICBP,RG,9500,10,D,KZ,PD,D
09:01:27,ICBP,RG,9500,13,D,KZ,KK,D
09:01:27,ICBP,RG,9500,16,D,KZ,KK,D
09:01:27,ICBP,RG,9500,1,D,KZ,KK,D
09:01:27,ICBP,RG,9475,1,D,HP,AK,F
09:01:27,ICBP,RG,9500,1,D,KZ,KK,D
09:01:27,ICBP,RG,9500,8,D,KZ,KK,D
09:01:27,ICBP,RG,9500,21,D,KZ,KK,D
09:01:27,ICBP,RG,9500,2,D,KZ,YU,D
09:01:27,ICBP,RG,9500,1,D,KZ,XC,D
09:01:27,ICBP,RG,9500,2,D,KZ,SQ,D
09:01:27,ICBP,RG,9500,1,D,KZ,CC,D
09:01:08,ICBP,RG,9500,11,D,KK,CC,D
09:01:08,ICBP,RG,9500,9,D,KK,YP,D
09:00:58,ICBP,RG,9500,1,D,XC,YP,D
09:00:48,ICBP,RG,9500,1,D,YP,CC,D
09:00:48,ICBP,RG,9500,1,D,YP,CC,D
09:00:47,ICBP,RG,9475,2,D,HP,PD,D
09:00:44,ICBP,RG,9500,5,D,CC,CC,D
09:00:25,ICBP,RG,9475,1,D,HP,AK,F
09:00:25,ICBP,RG,9475,1,D,PD,AK,F
09:00:25,ICBP,RG,9475,2,D,XC,AK,F
09:00:18,ICBP,RG,9500,2,D,CC,CC,D
09:00:14,ICBP,RG,9500,12,D,SQ,CC,D
09:00:14,ICBP,RG,9500,1,D,SQ,XC,D
09:00:14,ICBP,RG,9500,1,D,SQ,KK,D
09:00:14,ICBP,RG,9500,3,D,SQ,YP,D
09:00:14,ICBP,RG,9500,3,D,SQ,DH,D
09:00:14,ICBP,RG,9500,6,D,SQ,KK,D
09:00:14,ICBP,RG,9500,1,D,SQ,YP,D
09:00:14,ICBP,RG,9500,10,D,SQ,PD,D
09:00:14,ICBP,RG,9500,1,D,SQ,KK,D
09:00:14,ICBP,RG,9500,2,D,SQ,KK,D
08:59:00,ICBP,RG,9500,8,D,CC,KK,D
08:59:00,ICBP,RG,9500,3,D,CC,PD,D
08:59:00,ICBP,RG,9500,11,D,CC,PD,D
08:59:00,ICBP,RG,9500,3,D,CC,PD,D
08:59:00,ICBP,RG,9500,1,D,CC,YP,D
08:59:00,ICBP,RG,9500,25,D,CC,PD,D
08:59:00,ICBP,RG,9500,1,D,CC,YP,D
08:59:00,ICBP,RG,9500,28,D,CC,PD,D
08:59:00,ICBP,RG,9500,1,D,CC,PD,D
08:59:00,ICBP,RG,9500,1,D,CC,PD,D
08:59:00,ICBP,RG,9500,1,D,CC,PD,D
