Time,Stock,Brd,Price,Qty,BT,BC,SC,ST
15:14:58,ICBP,RG,7350,25,D,KK,YU,F
15:14:58,ICBP,RG,7350,50,D,KK,YP,D
15:14:58,ICBP,RG,7350,133,D,KK,YU,F
15:14:58,ICBP,RG,7350,133,D,KK,YU,F
15:14:58,ICBP,RG,7350,133,D,KK,YU,F
15:14:58,ICBP,RG,7350,26,D,KK,YU,F
15:14:51,ICBP,RG,7350,2,D,PD,YU,F
15:14:45,ICBP,RG,7350,1,D,KK,YU,F
15:14:33,ICBP,RG,7350,2,D,NI,YU,F
15:14:05,ICBP,RG,7350,1,D,EP,YU,F
15:13:47,ICBP,RG,7350,2,D,NI,YU,F
15:13:39,ICBP,RG,7350,5,D,NI,YU,F
15:13:03,ICBP,RG,7350,15,D,PD,YU,F
15:12:51,ICBP,RG,7350,1,D,NI,YU,F
15:12:42,ICBP,RG,7350,12,D,LG,YU,F
15:12:42,ICBP,RG,7350,10,D,LG,CC,D
15:12:42,ICBP,RG,7350,75,D,LG,YP,D
15:12:42,ICBP,RG,7350,25,D,LG,AI,D
15:12:42,ICBP,RG,7350,47,D,LG,SQ,D
15:12:42,ICBP,RG,7350,20,D,LG,KK,D
15:12:42,ICBP,RG,7350,50,D,LG,ZP,D
15:12:42,ICBP,RG,7350,261,D,LG,LS,D
15:11:57,ICBP,RG,7350,1,D,GR,LS,D
15:11:32,ICBP,RG,7350,1,D,AT,LS,D
15:11:14,ICBP,RG,7350,1,D,PD,LS,D
15:11:05,ICBP,RG,7350,1,D,XC,LS,D
15:11:00,ICBP,RG,7350,235,D,LG,LS,D
15:11:00,ICBP,RG,7350,30,D,LG,CC,D
15:11:00,ICBP,RG,7350,25,D,LG,YP,D
15:11:00,ICBP,RG,7350,5,D,LG,PD,D
15:11:00,ICBP,RG,7350,1,D,LG,XL,D
15:11:00,ICBP,RG,7350,5,D,LG,YP,D
15:11:00,ICBP,RG,7350,25,D,LG,YP,D
15:11:00,ICBP,RG,7350,1,D,LG,XC,D
15:11:00,ICBP,RG,7350,25,D,LG,PD,D
15:11:00,ICBP,RG,7350,7,D,LG,XC,D
15:11:00,ICBP,RG,7350,2,D,LG,GR,D
15:11:00,ICBP,RG,7350,1,D,LG,PD,D
15:11:00,ICBP,RG,7350,5,D,LG,PD,D
15:11:00,ICBP,RG,7350,2,D,LG,XC,D
15:11:00,ICBP,RG,7350,1,D,LG,PD,D
15:11:00,ICBP,RG,7350,10,D,LG,SQ,D
15:11:00,ICBP,RG,7350,1,D,LG,YP,D
15:11:00,ICBP,RG,7350,10,D,LG,YP,D
15:11:00,ICBP,RG,7350,109,D,LG,KK,D
15:10:44,ICBP,RG,7350,1,D,PD,KK,D
15:10:38,ICBP,RG,7350,3,D,XC,KK,D
15:10:26,ICBP,RG,7350,1,D,PD,KK,D
15:09:31,ICBP,RG,7350,1,D,PD,NI,D
15:09:11,ICBP,RG,7350,2,D,YP,NI,D
15:08:41,ICBP,RG,7350,1,D,XC,NI,D
15:08:35,ICBP,RG,7350,1,D,PD,NI,D
15:08:31,ICBP,RG,7350,1,D,PD,YP,D
15:08:11,ICBP,RG,7350,3,D,YP,XC,D
15:08:10,ICBP,RG,7350,8,D,YP,XC,D
15:08:10,ICBP,RG,7350,2,D,YP,YP,D
15:08:10,ICBP,RG,7350,5,D,YP,YP,D
15:08:10,ICBP,RG,7350,1,D,YP,XC,D
15:08:10,ICBP,RG,7350,1,D,YP,PD,D
15:08:10,ICBP,RG,7350,2,D,YP,CC,D
15:08:10,ICBP,RG,7350,10,D,YP,PD,D
15:08:10,ICBP,RG,7350,1,D,YP,EP,D
15:08:07,ICBP,RG,7350,1,D,PD,EP,D
15:08:07,ICBP,RG,7350,1,D,CC,EP,D
15:07:58,ICBP,RG,7350,7,D,NI,EP,D
15:07:58,ICBP,RG,7350,1,D,NI,KK,D
15:07:58,ICBP,RG,7350,1,D,NI,XC,D
15:07:58,ICBP,RG,7350,4,D,NI,PD,D
15:07:58,ICBP,RG,7350,7,D,NI,XC,D
15:07:52,ICBP,RG,7350,1,D,PD,XC,D
15:07:44,ICBP,RG,7350,1,D,CC,SQ,D
15:07:41,ICBP,RG,7350,1,D,CC,BQ,D
15:07:41,ICBP,RG,7350,1,D,CC,EP,D
15:07:41,ICBP,RG,7350,1,D,CC,EP,D
15:07:41,ICBP,RG,7350,1,D,CC,PD,D
15:07:41,ICBP,RG,7350,6,D,CC,SQ,D
15:07:30,ICBP,RG,7350,3,D,DX,SQ,D
15:07:25,ICBP,RG,7350,1,D,YP,SQ,D
15:07:07,ICBP,RG,7350,2,D,CC,SQ,D
15:07:06,ICBP,RG,7350,2,D,PD,LG,D
15:06:50,ICBP,RG,7350,1,D,YP,LG,D
15:06:49,ICBP,RG,7350,2,D,PD,LG,D
15:06:49,ICBP,RG,7350,2,D,PD,CC,D
15:06:39,ICBP,RG,7350,20,D,YP,CC,D
15:06:02,ICBP,RG,7350,1,D,PD,CC,D
15:06:01,ICBP,RG,7350,3,D,PD,CC,D
15:05:34,ICBP,RG,7350,1,D,XC,CC,D
15:05:32,ICBP,RG,7350,25,D,SQ,CC,D
15:05:20,ICBP,RG,7350,48,D,YP,CC,D
15:05:20,ICBP,RG,7350,1,D,YP,DR,D
15:05:20,ICBP,RG,7350,4,D,YP,YP,D
15:05:20,ICBP,RG,7350,2,D,YP,XC,D
15:05:20,ICBP,RG,7350,66,D,YP,ZP,D
15:05:18,ICBP,RG,7350,1,D,XC,ZP,D
15:05:16,ICBP,RG,7350,5,D,PD,ZP,D
15:05:04,ICBP,RG,7350,1,D,XC,ZP,D
15:05:02,ICBP,RG,7350,20,D,NI,ZP,D
15:04:52,ICBP,RG,7350,3,D,PD,ZP,D
15:04:48,ICBP,RG,7350,10,D,XC,ZP,D
15:04:48,ICBP,RG,7350,1,D,CC,ZP,D
15:04:29,ICBP,RG,7350,2,D,YP,ZP,D
15:04:27,ICBP,RG,7350,2,D,XC,ZP,D
15:04:26,ICBP,RG,7350,1,D,YP,ZP,D
15:04:10,ICBP,RG,7350,1,D,SQ,ZP,D
15:03:54,ICBP,RG,7350,150,D,YP,ZP,D
15:03:52,ICBP,RG,7350,137,D,AI,ZP,D
15:03:47,ICBP,RG,7350,4,D,XC,ZP,D
15:03:40,ICBP,RG,7350,50,D,SQ,ZP,D
15:03:18,ICBP,RG,7350,1,D,SQ,ZP,D
15:03:10,ICBP,RG,7350,67,D,CC,ZP,D
15:02:44,ICBP,RG,7350,1,D,PD,ZP,D
15:02:30,ICBP,RG,7350,1,D,PD,ZP,D
15:02:25,ICBP,RG,7350,1,D,PD,ZP,D
15:02:19,ICBP,RG,7350,1,D,XC,ZP,D
15:02:13,ICBP,RG,7350,1,D,YP,ZP,D
15:02:13,ICBP,RG,7350,1,D,XC,ZP,D
15:01:33,ICBP,RG,7350,20,D,YP,ZP,D
15:01:28,ICBP,RG,7350,5,D,YP,ZP,D
15:01:28,ICBP,RG,7350,1,D,PD,ZP,D
15:00:00,ICBP,RG,7350,20,D,YP,ZP,D
15:00:00,ICBP,RG,7350,1,D,KK,ZP,D
15:00:00,ICBP,RG,7350,5,D,GR,ZP,D
15:00:00,ICBP,RG,7350,2,D,KK,ZP,D
15:00:00,ICBP,RG,7350,1,D,CC,ZP,D
15:00:00,ICBP,RG,7350,1,D,PD,ZP,D
15:00:00,ICBP,RG,7350,10,D,SQ,ZP,D
15:00:00,ICBP,RG,7350,1,D,HP,ZP,D
15:00:00,ICBP,RG,7350,286,F,ZP,ZP,D
15:00:00,ICBP,RG,7350,285,F,ZP,CS,F
15:00:00,ICBP,RG,7350,635,F,ZP,CS,F
15:00:00,ICBP,RG,7350,38,F,ZP,SQ,D
15:00:00,ICBP,RG,7350,5,F,ZP,KK,D
15:00:00,ICBP,RG,7350,5,F,ZP,XC,D
15:00:00,ICBP,RG,7350,1,F,ZP,YP,D
15:00:00,ICBP,RG,7350,4,F,ZP,XC,D
15:00:00,ICBP,RG,7350,49,F,ZP,YP,D
15:00:00,ICBP,RG,7350,1,F,ZP,YP,D
15:00:00,ICBP,RG,7350,1,F,ZP,PD,D
15:00:00,ICBP,RG,7350,1,F,ZP,PD,D
15:00:00,ICBP,RG,7350,15,F,ZP,NI,D
15:00:00,ICBP,RG,7350,1,F,ZP,NI,D
15:00:00,ICBP,RG,7350,15,F,ZP,PD,D
15:00:00,ICBP,RG,7350,67,F,ZP,BB,D
15:00:00,ICBP,RG,7350,311,F,ZP,BB,D
15:00:00,ICBP,RG,7350,139,F,ZP,BB,D
15:00:00,ICBP,RG,7350,602,F,ZP,BB,D
15:00:00,ICBP,RG,7350,19,F,ZP,BB,D
15:00:00,ICBP,RG,7350,100,F,ZP,BB,D
15:00:00,ICBP,RG,7350,50,F,ZP,TP,D
15:00:00,ICBP,RG,7350,147,F,ZP,AG,D
15:00:00,ICBP,RG,7350,200,F,ZP,EP,D
15:00:00,ICBP,RG,7350,500,F,ZP,EP,D
15:00:00,ICBP,RG,7350,223,F,ZP,RO,D
15:00:00,ICBP,RG,7350,27,F,ZP,RO,D
15:00:00,ICBP,RG,7350,296,F,ZP,ZP,F
15:00:00,ICBP,RG,7350,68,F,ZP,ZP,F
15:00:00,ICBP,RG,7350,184,F,ZP,ZP,F
15:00:00,ICBP,RG,7350,27,F,ZP,IP,D
15:00:00,ICBP,RG,7350,17,F,ZP,ZP,F
15:00:00,ICBP,RG,7350,68,F,ZP,KZ,D
15:00:00,ICBP,RG,7350,141,F,DX,KZ,D
15:00:00,ICBP,RG,7350,159,F,DX,KZ,F
15:00:00,ICBP,RG,7350,881,F,DX,CS,F
15:00:00,ICBP,RG,7350,252,F,ZP,CS,F
15:00:00,ICBP,RG,7350,200,D,YP,CS,F
15:00:00,ICBP,RG,7350,27,F,AK,CS,F
15:00:00,ICBP,RG,7350,36,F,BK,CS,F
15:00:00,ICBP,RG,7350,44,F,CS,CS,F
15:00:00,ICBP,RG,7350,416,F,YU,CS,F
15:00:00,ICBP,RG,7350,13,F,AK,CS,F
15:00:00,ICBP,RG,7350,546,F,AK,CS,F
15:00:00,ICBP,RG,7350,240,F,AK,ZP,F
15:00:00,ICBP,RG,7350,148,F,AK,BB,D
15:00:00,ICBP,RG,7350,320,F,AK,RX,D
15:00:00,ICBP,RG,7350,9,F,AK,RX,D
15:00:00,ICBP,RG,7350,21,F,AK,RX,D
15:00:00,ICBP,RG,7350,553,F,YU,RX,D
15:00:00,ICBP,RG,7350,1,F,YU,AK,F
15:00:00,ICBP,RG,7350,4,F,YU,AK,F
15:00:00,ICBP,RG,7350,1,F,YU,AK,F
15:00:00,ICBP,RG,7350,1,F,YU,AK,F
15:00:00,ICBP,RG,7350,2,F,YU,AK,F
15:00:00,ICBP,RG,7350,2,F,YU,AK,F
15:00:00,ICBP,RG,7350,7,F,YU,AK,F
15:00:00,ICBP,RG,7350,394,F,YU,PD,D
15:00:00,ICBP,RG,7350,407,F,YU,YU,D
14:49:59,ICBP,RG,7300,21,D,LG,BB,D
14:49:59,ICBP,RG,7300,1,D,LG,BB,D
14:49:59,ICBP,RG,7300,46,D,LG,BB,D
14:49:59,ICBP,RG,7300,102,D,LG,BB,D
14:49:58,ICBP,RG,7300,8,D,LG,BB,D
14:49:57,ICBP,RG,7300,13,D,LG,BB,D
14:49:57,ICBP,RG,7300,1,D,LG,BB,D
14:49:57,ICBP,RG,7300,8,D,LG,BB,D
14:49:57,ICBP,RG,7300,6,D,LG,BB,D
14:49:57,ICBP,RG,7300,1,D,LG,BB,D
14:49:57,ICBP,RG,7300,1,D,LG,BB,D
14:49:57,ICBP,RG,7300,3,D,LG,BB,D
14:49:56,ICBP,RG,7300,11,D,LG,RX,D
14:49:56,ICBP,RG,7300,20,D,DR,RX,D
14:49:56,ICBP,RG,7300,3,D,NI,RX,D
14:49:56,ICBP,RG,7300,1,D,YP,RX,D
14:49:56,ICBP,RG,7300,5,D,PD,RX,D
14:49:56,ICBP,RG,7300,2,D,YP,RX,D
14:49:56,ICBP,RG,7300,5,D,OD,RX,D
14:49:56,ICBP,RG,7300,2,D,PD,RX,D
14:49:56,ICBP,RG,7300,1,D,XL,RX,D
14:49:56,ICBP,RG,7300,50,D,OD,RX,D
14:49:56,ICBP,RG,7300,1,D,KK,RX,D
14:49:56,ICBP,RG,7300,1,D,XC,RX,D
14:49:56,ICBP,RG,7300,4,D,XL,RX,D
14:49:56,ICBP,RG,7300,10,D,XC,RX,D
14:49:56,ICBP,RG,7300,1,D,KK,RX,D
14:49:56,ICBP,RG,7300,2,D,SQ,RX,D
14:49:56,ICBP,RG,7300,2,D,BQ,RX,D
14:49:56,ICBP,RG,7300,1,D,PD,RX,D
14:49:56,ICBP,RG,7300,5,D,PD,RX,D
14:49:56,ICBP,RG,7300,1,D,CC,RX,D
14:49:56,ICBP,RG,7300,29,D,XC,RX,D
14:49:56,ICBP,RG,7300,1,D,YP,RX,D
14:49:56,ICBP,RG,7300,5,D,CC,RX,D
14:49:56,ICBP,RG,7300,1,D,YP,RX,D
14:49:56,ICBP,RG,7300,1,D,YP,RX,D
14:49:56,ICBP,RG,7300,1,D,NI,RX,D
14:49:56,ICBP,RG,7300,10,D,SQ,RX,D
14:49:56,ICBP,RG,7300,5,D,SQ,RX,D
14:49:56,ICBP,RG,7300,2,D,YP,RX,D
14:49:56,ICBP,RG,7300,4,D,XC,RX,D
14:49:56,ICBP,RG,7300,10,D,DX,RX,D
14:49:56,ICBP,RG,7300,1,D,YP,RX,D
14:49:56,ICBP,RG,7300,10,D,YP,RX,D
14:49:56,ICBP,RG,7300,1,D,SQ,RX,D
14:49:56,ICBP,RG,7300,1,D,PD,RX,D
14:49:56,ICBP,RG,7300,50,D,GR,RX,D
14:49:56,ICBP,RG,7300,2,D,YP,RX,D
14:49:56,ICBP,RG,7300,5,D,PD,RX,D
14:49:56,ICBP,RG,7300,1,D,AZ,RX,D
14:49:56,ICBP,RG,7300,1,D,XC,RX,D
14:49:56,ICBP,RG,7300,5,D,CC,RX,D
14:49:56,ICBP,RG,7300,1,D,CC,RX,D
14:49:56,ICBP,RG,7300,1,D,CC,RX,D
14:49:56,ICBP,RG,7300,10,D,PD,RX,D
14:49:56,ICBP,RG,7300,1,D,YP,RX,D
14:49:56,ICBP,RG,7300,5,D,CC,RX,D
14:49:56,ICBP,RG,7300,1,D,PD,RX,D
14:49:56,ICBP,RG,7300,1,D,NI,RX,D
14:49:56,ICBP,RG,7300,2,D,DH,RX,D
14:49:56,ICBP,RG,7300,2,D,XC,RX,D
14:49:56,ICBP,RG,7300,2,D,CC,RX,D
14:49:56,ICBP,RG,7300,1,D,YP,RX,D
14:49:56,ICBP,RG,7300,5,D,YU,RX,D
14:49:56,ICBP,RG,7300,1,D,PD,RX,D
14:49:56,ICBP,RG,7300,1,D,NI,RX,D
14:49:56,ICBP,RG,7300,4,D,CC,RX,D
14:49:56,ICBP,RG,7300,2,D,YP,RX,D
14:49:56,ICBP,RG,7300,2,D,LG,RX,D
14:49:56,ICBP,RG,7300,2,D,XC,RX,D
14:49:56,ICBP,RG,7300,1,D,PD,RX,D
14:49:56,ICBP,RG,7300,1,D,YP,RX,D
14:49:56,ICBP,RG,7300,4,D,AZ,RX,D
14:49:56,ICBP,RG,7300,10,D,KK,RX,D
14:49:56,ICBP,RG,7300,4,D,XC,RX,D
14:49:56,ICBP,RG,7300,1,D,YP,RX,D
14:49:56,ICBP,RG,7300,1,D,YP,RX,D
14:49:56,ICBP,RG,7300,10,D,XL,RX,D
14:49:56,ICBP,RG,7300,1,D,PD,RX,D
14:49:56,ICBP,RG,7300,20,D,CC,RX,D
14:49:56,ICBP,RG,7300,1,D,OD,RX,D
14:49:56,ICBP,RG,7300,7,D,XC,RX,D
14:49:56,ICBP,RG,7300,2,D,PD,RX,D
14:49:56,ICBP,RG,7300,14,D,YP,RX,D
14:49:56,ICBP,RG,7300,5,D,CC,RX,D
14:49:56,ICBP,RG,7300,10,D,SQ,RX,D
14:49:56,ICBP,RG,7300,1,D,XC,RX,D
14:49:56,ICBP,RG,7300,1,D,NI,RX,D
14:49:56,ICBP,RG,7300,1,D,DH,RX,D
14:49:56,ICBP,RG,7300,10,D,XC,RX,D
14:49:56,ICBP,RG,7300,5,D,KK,RX,D
14:49:56,ICBP,RG,7300,1,D,PD,RX,D
14:49:56,ICBP,RG,7300,7,D,XC,RX,D
14:49:56,ICBP,RG,7300,1,D,YP,RX,D
14:49:56,ICBP,RG,7300,1,D,DX,RX,D
14:49:56,ICBP,RG,7300,10,D,SQ,RX,D
14:49:56,ICBP,RG,7300,1,D,YU,RX,D
14:49:56,ICBP,RG,7300,3,D,BQ,RX,D
14:49:56,ICBP,RG,7300,30,D,GR,RX,D
14:49:56,ICBP,RG,7300,1,D,YP,RX,D
14:49:56,ICBP,RG,7300,5,D,XL,RX,D
14:49:56,ICBP,RG,7300,5,D,YP,RX,D
14:49:56,ICBP,RG,7300,3,D,XC,RX,D
14:49:56,ICBP,RG,7300,1,D,PD,RX,D
14:49:56,ICBP,RG,7300,3,D,SQ,RX,D
14:49:55,ICBP,RG,7300,1,D,SQ,BB,D
14:49:54,ICBP,RG,7325,5,D,PD,RX,D
14:49:53,ICBP,RG,7300,1,D,SQ,ZP,F
14:49:48,ICBP,RG,7300,1,D,YP,BB,D
14:49:48,ICBP,RG,7300,1,D,XC,BB,D
14:49:47,ICBP,RG,7300,1,D,XC,BB,D
14:49:47,ICBP,RG,7300,1,D,GR,BB,D
14:49:47,ICBP,RG,7300,1,D,GR,BB,D
14:49:47,ICBP,RG,7300,2,D,GR,BB,D
14:49:46,ICBP,RG,7325,10,D,SQ,RX,D
14:49:45,ICBP,RG,7325,1,F,AK,RX,D
14:49:38,ICBP,RG,7300,1,D,GR,BB,D
14:49:38,ICBP,RG,7325,1,D,YP,RX,D
14:49:36,ICBP,RG,7300,3,D,GR,BB,D
14:49:36,ICBP,RG,7300,3,D,GR,BB,D
14:49:36,ICBP,RG,7300,1,D,GR,BB,D
14:49:36,ICBP,RG,7300,1,D,GR,BB,D
14:49:35,ICBP,RG,7300,1,D,GR,BB,D
14:49:35,ICBP,RG,7300,1,D,GR,BB,D
14:49:35,ICBP,RG,7300,2,D,GR,BB,D
14:49:34,ICBP,RG,7300,3,D,GR,BB,D
14:49:34,ICBP,RG,7300,1,D,XC,BB,D
14:49:34,ICBP,RG,7300,3,D,XC,BB,D
14:49:34,ICBP,RG,7300,1,D,YP,BB,D
14:49:34,ICBP,RG,7300,1,D,XC,BB,D
14:49:34,ICBP,RG,7300,1,D,XC,BB,D
14:49:34,ICBP,RG,7300,1,D,XC,BB,D
14:49:34,ICBP,RG,7300,11,D,SQ,BB,D
14:49:34,ICBP,RG,7300,2,D,SQ,BB,D
14:49:34,ICBP,RG,7325,5,D,YP,RX,D
14:49:33,ICBP,RG,7300,1,D,SQ,BB,D
14:49:33,ICBP,RG,7325,15,D,ZP,RX,D
14:49:32,ICBP,RG,7300,6,D,SQ,YP,D
14:49:32,ICBP,RG,7300,1,D,CC,YP,D
14:49:32,ICBP,RG,7300,2,D,CC,YP,D
14:49:32,ICBP,RG,7300,1,D,XL,YP,D
14:49:32,ICBP,RG,7300,1,D,XC,YP,D
14:49:32,ICBP,RG,7300,30,D,YP,YP,D
14:49:32,ICBP,RG,7300,1,D,PD,YP,D
14:49:32,ICBP,RG,7300,1,D,KK,YP,D
14:49:32,ICBP,RG,7300,2,D,SQ,YP,D
14:49:32,ICBP,RG,7300,1,D,XC,YP,D
14:49:32,ICBP,RG,7300,3,D,SQ,YP,D
14:49:31,ICBP,RG,7300,2,D,SQ,BB,D
14:49:31,ICBP,RG,7300,3,D,YP,BB,D
14:49:31,ICBP,RG,7300,2,D,YP,BB,D
14:49:31,ICBP,RG,7300,1,D,YP,BB,D
14:49:30,ICBP,RG,7300,1,D,YP,BB,D
14:49:30,ICBP,RG,7300,1,D,YP,AK,F
14:49:29,ICBP,RG,7325,17,D,YP,RX,D
14:49:29,ICBP,RG,7325,1,D,YP,ZP,F
14:49:29,ICBP,RG,7325,2,D,YP,RX,D
14:49:22,ICBP,RG,7300,1,D,YP,BB,D
14:49:22,ICBP,RG,7300,1,D,YP,ZP,F
14:49:21,ICBP,RG,7300,1,D,XC,BB,D
14:49:20,ICBP,RG,7300,1,D,XC,BB,D
14:49:20,ICBP,RG,7300,2,D,YP,BB,D
14:49:20,ICBP,RG,7300,1,D,YP,BB,D
14:49:20,ICBP,RG,7300,1,D,YP,BB,D
14:49:19,ICBP,RG,7300,1,D,YP,BB,D
14:49:19,ICBP,RG,7300,3,D,YP,BB,D
14:49:19,ICBP,RG,7300,2,D,YP,KZ,F
14:49:19,ICBP,RG,7300,10,D,YP,KZ,F
14:49:19,ICBP,RG,7300,1,D,XL,KZ,F
14:49:19,ICBP,RG,7300,1,D,YP,KZ,F
14:49:18,ICBP,RG,7300,1,D,DH,BB,D
14:49:17,ICBP,RG,7300,1,D,DH,BB,D
14:49:16,ICBP,RG,7300,6,D,DH,BB,D
14:49:15,ICBP,RG,7300,2,D,DH,BB,D
14:49:15,ICBP,RG,7300,3,D,YP,BB,D
14:49:15,ICBP,RG,7300,4,D,KK,BB,D
14:49:15,ICBP,RG,7325,4,F,AK,RX,D
14:49:15,ICBP,RG,7300,3,D,KK,BB,D
14:49:14,ICBP,RG,7300,3,D,KK,BB,D
14:49:14,ICBP,RG,7300,2,D,CC,BB,D
14:49:14,ICBP,RG,7300,4,D,SQ,BB,D
14:49:14,ICBP,RG,7300,7,D,PD,BB,D
14:49:14,ICBP,RG,7300,3,D,PD,BB,D
14:49:14,ICBP,RG,7300,1,D,PD,BB,D
14:49:14,ICBP,RG,7300,2,D,SQ,BB,D
14:49:13,ICBP,RG,7300,2,D,SQ,BB,D
14:49:13,ICBP,RG,7300,6,D,SQ,BB,D
14:49:13,ICBP,RG,7300,2,D,PD,BB,D
14:49:13,ICBP,RG,7300,1,D,XC,BB,D
14:49:13,ICBP,RG,7300,1,D,NI,BB,D
14:49:13,ICBP,RG,7300,5,D,SQ,BB,D
14:49:13,ICBP,RG,7300,1,D,KK,BB,D
14:49:13,ICBP,RG,7300,44,D,SQ,BB,D
14:49:13,ICBP,RG,7300,3,D,SQ,BB,D
14:49:12,ICBP,RG,7325,4,D,CC,RX,D
14:49:12,ICBP,RG,7300,9,D,SQ,BB,D
14:49:11,ICBP,RG,7300,2,D,SQ,BB,D
14:49:11,ICBP,RG,7300,16,D,SQ,BB,D
14:49:11,ICBP,RG,7300,4,D,SQ,BB,D
14:49:11,ICBP,RG,7300,59,D,SQ,BB,D
14:49:10,ICBP,RG,7300,1,D,SQ,BB,D
14:49:10,ICBP,RG,7325,54,F,ZP,RX,D
14:49:10,ICBP,RG,7325,34,F,ZP,RX,D
14:49:10,ICBP,RG,7325,83,F,ZP,RX,D
14:49:09,ICBP,RG,7300,1,D,SQ,BB,D
14:49:09,ICBP,RG,7300,12,D,SQ,BB,D
14:49:09,ICBP,RG,7300,2,D,SQ,BB,D
14:49:09,ICBP,RG,7300,2,D,SQ,BB,D
14:49:09,ICBP,RG,7300,5,D,PD,BB,D
14:49:09,ICBP,RG,7300,15,D,PD,BB,D
14:49:09,ICBP,RG,7300,2,D,YP,BB,D
14:49:09,ICBP,RG,7300,5,D,YP,BB,D
14:49:09,ICBP,RG,7300,5,D,XC,BB,D
14:49:09,ICBP,RG,7300,1,D,XC,BB,D
14:49:09,ICBP,RG,7300,33,D,YP,BB,D
14:49:07,ICBP,RG,7300,5,D,YP,BB,D
14:49:07,ICBP,RG,7300,3,D,YP,ZP,F
14:49:06,ICBP,RG,7325,1,D,PD,RX,D
14:49:06,ICBP,RG,7300,9,D,YP,DR,D
14:49:06,ICBP,RG,7300,1,D,KK,DR,D
14:49:06,ICBP,RG,7300,3,D,CC,DR,D
14:49:06,ICBP,RG,7300,1,D,GR,DR,D
14:49:06,ICBP,RG,7300,1,D,NI,DR,D
14:49:06,ICBP,RG,7300,5,D,YP,DR,D
14:49:06,ICBP,RG,7300,1,D,XC,DR,D
14:49:06,ICBP,RG,7300,7,D,XC,DR,D
14:49:06,ICBP,RG,7300,2,D,XC,DR,D
14:49:06,ICBP,RG,7300,1,D,YP,DR,D
14:49:06,ICBP,RG,7300,1,D,OD,DR,D
14:49:06,ICBP,RG,7300,1,D,XC,DR,D
14:49:06,ICBP,RG,7300,5,D,CC,DR,D
14:49:06,ICBP,RG,7300,1,D,DH,DR,D
14:49:06,ICBP,RG,7300,2,D,XL,DR,D
14:49:06,ICBP,RG,7300,2,D,YP,DR,D
14:49:06,ICBP,RG,7300,1,D,YP,DR,D
14:49:06,ICBP,RG,7300,3,D,GR,DR,D
14:49:06,ICBP,RG,7300,5,D,KK,DR,D
14:49:06,ICBP,RG,7300,2,D,XC,DR,D
14:49:06,ICBP,RG,7300,1,D,XC,DR,D
14:49:06,ICBP,RG,7300,1,D,DH,DR,D
14:49:06,ICBP,RG,7300,2,D,XC,DR,D
14:49:06,ICBP,RG,7300,1,D,PD,DR,D
14:49:06,ICBP,RG,7300,1,D,YP,DR,D
14:49:06,ICBP,RG,7300,15,D,DR,DR,D
14:49:06,ICBP,RG,7300,8,D,DR,BB,D
14:49:06,ICBP,RG,7300,2,D,DR,BB,D
14:49:06,ICBP,RG,7300,3,D,SQ,BB,D
14:49:05,ICBP,RG,7300,2,D,SQ,BB,D
14:49:05,ICBP,RG,7325,1,D,XC,RX,D
14:49:00,ICBP,RG,7325,1,D,KK,RX,D
14:49:00,ICBP,RG,7300,1,D,CC,AK,F
14:48:59,ICBP,RG,7300,1,D,CC,BB,D
14:48:59,ICBP,RG,7300,4,D,CC,BB,D
14:48:59,ICBP,RG,7300,1,D,CC,BB,D
14:48:59,ICBP,RG,7300,1,D,CC,BB,D
14:48:59,ICBP,RG,7300,2,D,CC,BB,D
14:48:51,ICBP,RG,7300,1,D,CC,BB,D
14:48:51,ICBP,RG,7300,1,D,CC,BB,D
14:48:51,ICBP,RG,7300,1,D,YP,BB,D
14:48:51,ICBP,RG,7300,1,D,YP,BB,D
14:48:51,ICBP,RG,7300,1,D,CC,BB,D
14:48:50,ICBP,RG,7300,2,D,CC,BB,D
14:48:50,ICBP,RG,7325,1,D,PD,RX,D
14:48:50,ICBP,RG,7300,2,D,CC,BB,D
14:48:50,ICBP,RG,7325,5,D,YP,RX,D
14:48:45,ICBP,RG,7325,4,F,AK,RX,D
14:48:45,ICBP,RG,7300,1,D,EP,BB,D
14:48:45,ICBP,RG,7300,1,D,DH,BB,D
14:48:45,ICBP,RG,7300,1,D,GR,BB,D
14:48:45,ICBP,RG,7300,1,D,XC,BB,D
14:48:45,ICBP,RG,7300,1,D,YP,BB,D
14:48:45,ICBP,RG,7300,1,D,DR,BB,D
14:48:45,ICBP,RG,7300,1,D,OD,BB,D
14:48:45,ICBP,RG,7300,2,D,PD,BB,D
14:48:44,ICBP,RG,7300,1,D,PD,BB,D
14:48:44,ICBP,RG,7325,2,D,XC,RX,D
14:48:41,ICBP,RG,7300,1,D,PD,BB,D
14:48:38,ICBP,RG,7300,1,D,PD,BB,D
14:48:38,ICBP,RG,7300,1,D,YP,BB,D
14:48:38,ICBP,RG,7300,1,D,YP,BB,D
14:48:38,ICBP,RG,7300,2,D,CC,BB,D
14:48:38,ICBP,RG,7300,5,D,OD,BB,D
14:48:37,ICBP,RG,7300,3,D,OD,KK,D
14:48:36,ICBP,RG,7300,1,D,OD,BB,D
14:48:35,ICBP,RG,7300,1,D,OD,BB,D
14:48:35,ICBP,RG,7300,1,D,XC,BB,D
14:48:35,ICBP,RG,7300,5,D,DH,BB,D
14:48:35,ICBP,RG,7300,2,D,DH,BB,D
14:48:35,ICBP,RG,7325,1,F,AK,RX,D
14:48:30,ICBP,RG,7300,2,D,DH,BB,D
14:48:30,ICBP,RG,7300,2,D,DH,BB,D
14:48:30,ICBP,RG,7300,9,D,DH,BB,D
14:48:30,ICBP,RG,7300,1,D,XC,BB,D
14:48:30,ICBP,RG,7300,1,D,XL,BB,D
14:48:30,ICBP,RG,7300,5,D,CC,BB,D
14:48:30,ICBP,RG,7300,5,D,NI,BB,D
14:48:30,ICBP,RG,7300,56,D,NI,BB,D
14:48:30,ICBP,RG,7300,2,D,NI,BB,D
14:48:30,ICBP,RG,7300,1,D,NI,BB,D
14:48:30,ICBP,RG,7300,5,D,NI,BB,D
14:48:30,ICBP,RG,7325,1,F,AK,RX,D
14:48:18,ICBP,RG,7325,1,D,DH,RX,D
14:48:16,ICBP,RG,7300,6,D,NI,BB,D
14:48:16,ICBP,RG,7300,5,D,KK,BB,D
14:48:16,ICBP,RG,7300,5,D,GR,BB,D
14:48:16,ICBP,RG,7300,15,D,DH,BB,D
14:48:16,ICBP,RG,7300,3,D,DH,BB,D
14:48:16,ICBP,RG,7300,3,D,DH,BB,D
14:48:16,ICBP,RG,7300,7,D,YP,BB,D
14:48:16,ICBP,RG,7300,2,D,YP,BB,D
14:48:16,ICBP,RG,7300,17,D,YP,BB,D
14:48:10,ICBP,RG,7300,2,D,YP,BB,D
14:48:09,ICBP,RG,7300,6,D,YP,BB,D
14:48:08,ICBP,RG,7300,7,D,YP,BB,D
14:48:07,ICBP,RG,7300,59,D,YP,RX,D
14:48:07,ICBP,RG,7300,10,D,CC,RX,D
14:48:07,ICBP,RG,7300,1,D,CC,RX,D
14:48:07,ICBP,RG,7300,1,D,YP,RX,D
14:48:07,ICBP,RG,7300,2,D,XC,RX,D
14:48:07,ICBP,RG,7300,1,D,SQ,RX,D
14:48:07,ICBP,RG,7300,1,D,XC,RX,D
14:48:07,ICBP,RG,7300,5,D,SQ,RX,D
14:48:07,ICBP,RG,7300,1,D,SQ,RX,D
14:48:07,ICBP,RG,7300,12,D,XL,RX,D
14:48:07,ICBP,RG,7300,10,D,PD,RX,D
14:48:07,ICBP,RG,7300,5,D,YP,RX,D
14:48:07,ICBP,RG,7300,20,D,YP,RX,D
14:48:07,ICBP,RG,7300,1,D,CC,RX,D
14:48:07,ICBP,RG,7300,13,F,ZP,RX,D
14:48:07,ICBP,RG,7300,1,D,YP,RX,D
14:48:07,ICBP,RG,7300,10,D,CC,RX,D
14:48:07,ICBP,RG,7300,1,D,PD,RX,D
14:48:07,ICBP,RG,7300,60,D,XL,RX,D
14:48:07,ICBP,RG,7300,5,D,YP,RX,D
14:48:07,ICBP,RG,7300,30,D,CC,RX,D
14:48:07,ICBP,RG,7300,3,D,SQ,RX,D
14:48:07,ICBP,RG,7300,10,D,CC,RX,D
14:48:07,ICBP,RG,7300,1,D,XC,RX,D
14:48:07,ICBP,RG,7300,20,D,CC,RX,D
14:48:07,ICBP,RG,7300,2,D,MI,RX,D
14:48:07,ICBP,RG,7300,1,D,GR,RX,D
14:48:07,ICBP,RG,7300,2,D,YP,RX,D
14:48:07,ICBP,RG,7300,1,D,XC,RX,D
14:48:07,ICBP,RG,7300,6,D,DR,RX,D
14:48:07,ICBP,RG,7300,2,D,YP,RX,D
14:48:07,ICBP,RG,7300,1,D,AZ,RX,D
14:48:07,ICBP,RG,7300,2,D,GR,RX,D
14:48:04,ICBP,RG,7300,4,D,HP,KZ,F
14:48:04,ICBP,RG,7300,15,D,HP,KZ,F
14:48:03,ICBP,RG,7300,4,D,HP,BB,D
14:48:03,ICBP,RG,7300,1,D,HP,BB,D
14:48:02,ICBP,RG,7300,2,D,HP,BB,D
14:48:02,ICBP,RG,7300,2,D,HP,BB,D
14:48:02,ICBP,RG,7300,1,D,XC,BB,D
14:48:02,ICBP,RG,7300,2,D,XC,BB,D
14:48:02,ICBP,RG,7300,8,D,XC,BB,D
14:48:02,ICBP,RG,7300,1,D,PD,BB,D
14:48:00,ICBP,RG,7325,4,F,AK,RX,D
14:47:59,ICBP,RG,7300,1,D,PD,BB,D
14:47:57,ICBP,RG,7300,1,D,PD,BB,D
14:47:57,ICBP,RG,7300,1,D,YP,BB,D
14:47:57,ICBP,RG,7300,5,D,YP,BB,D
14:47:57,ICBP,RG,7300,2,D,YP,BB,D
14:47:57,ICBP,RG,7300,10,D,YP,BB,D
14:47:48,ICBP,RG,7300,2,D,YP,BB,D
14:47:47,ICBP,RG,7300,2,D,YP,BB,D
14:47:47,ICBP,RG,7300,1,D,YP,BB,D
14:47:46,ICBP,RG,7300,1,D,YP,BB,D
14:47:46,ICBP,RG,7300,2,D,YP,BB,D
14:47:46,ICBP,RG,7300,1,D,PD,BB,D
14:47:46,ICBP,RG,7300,1,D,NI,BB,D
14:47:46,ICBP,RG,7300,1,D,XC,BB,D
14:47:46,ICBP,RG,7300,2,D,AZ,BB,D
14:47:46,ICBP,RG,7300,1,D,CC,BB,D
14:47:46,ICBP,RG,7300,4,D,CC,PD,D
14:47:46,ICBP,RG,7300,10,D,ZP,PD,D
14:47:46,ICBP,RG,7300,20,D,ZP,PD,D
14:47:46,ICBP,RG,7300,1,D,XC,PD,D
14:47:46,ICBP,RG,7300,1,D,YP,PD,D
14:47:46,ICBP,RG,7300,3,D,XL,PD,D
14:47:46,ICBP,RG,7300,1,D,PD,PD,D
14:47:46,ICBP,RG,7300,1,D,CC,PD,D
14:47:46,ICBP,RG,7300,1,D,CC,PD,D
14:47:45,ICBP,RG,7300,1,D,CC,AK,F
14:47:38,ICBP,RG,7300,5,D,CC,BB,D
14:47:38,ICBP,RG,7300,3,D,CC,BB,D
14:47:38,ICBP,RG,7300,2,D,RO,BB,D
14:47:38,ICBP,RG,7300,1,D,CC,BB,D
14:47:38,ICBP,RG,7300,8,D,CC,BB,D
14:47:31,ICBP,RG,7300,2,D,CC,PD,D
14:47:31,ICBP,RG,7300,1,D,XC,PD,D
14:47:31,ICBP,RG,7300,4,D,PD,PD,D
14:47:31,ICBP,RG,7300,10,D,YP,PD,D
14:47:31,ICBP,RG,7300,1,D,YP,PD,D
14:47:31,ICBP,RG,7300,4,D,PD,PD,D
14:47:31,ICBP,RG,7300,1,D,GR,PD,D
14:47:31,ICBP,RG,7300,20,D,CC,PD,D
14:47:31,ICBP,RG,7300,2,D,CC,BB,D
14:47:31,ICBP,RG,7300,1,D,CC,BB,D
14:47:31,ICBP,RG,7300,3,D,CC,BB,D
14:47:30,ICBP,RG,7325,3,F,AK,RX,D
14:47:23,ICBP,RG,7300,5,D,CC,BB,D
14:47:23,ICBP,RG,7325,1,D,PD,RX,D
14:47:18,ICBP,RG,7300,1,D,CC,BB,D
14:47:17,ICBP,RG,7300,2,D,CC,BB,D
14:47:17,ICBP,RG,7300,5,D,CC,BB,D
14:47:16,ICBP,RG,7300,1,D,CC,BB,D
14:47:16,ICBP,RG,7300,12,D,CC,BB,D
14:47:15,ICBP,RG,7325,2,F,AK,RX,D
14:47:11,ICBP,RG,7300,1,D,CC,BB,D
14:47:11,ICBP,RG,7300,14,D,CC,BB,D
14:47:10,ICBP,RG,7300,8,D,CC,BB,D
14:47:10,ICBP,RG,7300,1,D,YP,BB,D
14:47:10,ICBP,RG,7300,1,D,SQ,BB,D
14:47:03,ICBP,RG,7300,2,D,SQ,BB,D
14:47:03,ICBP,RG,7300,5,D,SQ,BB,D
14:47:02,ICBP,RG,7300,10,D,YP,BB,D
14:47:02,ICBP,RG,7300,2,D,YU,BB,D
14:47:02,ICBP,RG,7300,1,D,YP,BB,D
14:47:02,ICBP,RG,7300,1,D,KK,BB,D
14:47:02,ICBP,RG,7300,1,D,XC,BB,D
14:47:02,ICBP,RG,7300,2,D,DR,BB,D
14:47:02,ICBP,RG,7300,3,D,PD,BB,D
14:47:02,ICBP,RG,7300,1,D,NI,BB,D
14:47:02,ICBP,RG,7300,1,D,GR,BB,D
14:47:02,ICBP,RG,7300,2,D,YP,BB,D
14:47:02,ICBP,RG,7300,1,D,CC,BB,D
14:47:02,ICBP,RG,7300,1,D,XC,BB,D
14:47:02,ICBP,RG,7300,1,D,YP,BB,D
14:47:00,ICBP,RG,7325,2,F,AK,RX,D
14:46:59,ICBP,RG,7300,6,D,YP,BB,D
14:46:59,ICBP,RG,7300,4,D,YP,BB,D
14:46:59,ICBP,RG,7300,42,D,YP,PD,D
14:46:52,ICBP,RG,7300,2,D,YP,BB,D
14:46:52,ICBP,RG,7300,5,D,YP,BB,D
14:46:48,ICBP,RG,7300,9,D,YP,BB,D
14:46:48,ICBP,RG,7300,31,D,YP,PD,D
14:46:48,ICBP,RG,7300,1,D,XC,PD,D
14:46:48,ICBP,RG,7300,2,D,PD,PD,D
14:46:48,ICBP,RG,7300,9,D,YP,PD,D
14:46:47,ICBP,RG,7300,1,D,YP,BB,D
14:46:47,ICBP,RG,7300,1,D,YU,BB,D
14:46:47,ICBP,RG,7300,1,D,XC,BB,D
14:46:47,ICBP,RG,7300,3,D,SQ,BB,D
14:46:42,ICBP,RG,7325,20,D,CC,RX,D
14:46:41,ICBP,RG,7300,3,D,CC,BB,D
14:46:40,ICBP,RG,7300,2,D,NI,BB,D
14:46:40,ICBP,RG,7300,3,D,CC,BB,D
14:46:40,ICBP,RG,7300,10,D,KK,BB,D
14:46:40,ICBP,RG,7300,2,D,PD,BB,D
14:46:40,ICBP,RG,7300,1,D,PD,BB,D
14:46:40,ICBP,RG,7300,1,D,PD,BB,D
14:46:40,ICBP,RG,7300,1,D,KK,BB,D
14:46:40,ICBP,RG,7300,1,D,YP,BB,D
14:46:40,ICBP,RG,7300,1,D,XL,BB,D
14:46:40,ICBP,RG,7300,2,D,YP,BB,D
14:46:40,ICBP,RG,7300,2,D,YP,BB,D
14:46:40,ICBP,RG,7300,4,D,CC,BB,D
14:46:40,ICBP,RG,7300,1,D,PD,BB,D
14:46:39,ICBP,RG,7325,1,D,PD,RX,D
14:46:38,ICBP,RG,7300,1,D,YP,BB,D
14:46:37,ICBP,RG,7300,1,D,KK,BB,D
14:46:37,ICBP,RG,7300,1,D,PD,BB,D
14:46:37,ICBP,RG,7300,8,D,PD,BB,D
14:46:37,ICBP,RG,7325,11,D,CC,RX,D
14:46:34,ICBP,RG,7325,75,D,CC,RX,D
14:46:30,ICBP,RG,7325,3,F,AK,RX,D
14:46:29,ICBP,RG,7300,1,D,PD,BB,D
14:46:29,ICBP,RG,7300,1,D,PD,BB,D
14:46:28,ICBP,RG,7300,7,D,PD,BB,D
14:46:27,ICBP,RG,7300,1,D,PD,BB,D
14:46:23,ICBP,RG,7300,2,D,PD,BB,D
14:46:23,ICBP,RG,7300,2,D,PD,BB,D
14:46:17,ICBP,RG,7300,1,D,PD,BB,D
14:46:17,ICBP,RG,7300,9,D,PD,BB,D
14:46:16,ICBP,RG,7300,2,D,PD,KK,D
14:46:16,ICBP,RG,7300,2,D,PD,BB,D
14:46:16,ICBP,RG,7300,3,D,PD,BB,D
14:46:16,ICBP,RG,7300,3,D,PD,BB,D
14:46:10,ICBP,RG,7300,2,D,PD,BB,D
14:46:10,ICBP,RG,7300,11,D,PD,BB,D
14:46:10,ICBP,RG,7300,3,D,PD,BB,D
14:46:10,ICBP,RG,7300,1,D,PD,BB,D
14:46:10,ICBP,RG,7300,1,D,XA,BB,D
14:46:10,ICBP,RG,7300,1,D,YP,BB,D
14:46:09,ICBP,RG,7300,4,D,YP,BB,D
14:46:09,ICBP,RG,7300,2,D,GR,BB,D
14:46:09,ICBP,RG,7300,5,D,AZ,BB,D
14:46:01,ICBP,RG,7325,2,D,CC,RX,D
14:46:01,ICBP,RG,7300,2,D,AZ,BB,D
14:46:00,ICBP,RG,7325,26,D,CC,RX,D
14:46:00,ICBP,RG,7300,3,D,AZ,BB,D
14:45:56,ICBP,RG,7300,1,D,CC,BB,D
14:45:56,ICBP,RG,7300,1,D,PD,BB,D
14:45:56,ICBP,RG,7300,1,D,YU,BB,D
14:45:56,ICBP,RG,7300,2,D,PD,BB,D
14:45:56,ICBP,RG,7300,1,D,PD,BB,D
14:45:56,ICBP,RG,7300,4,D,YP,BB,D
14:45:55,ICBP,RG,7300,2,D,YP,XC,D
14:45:50,ICBP,RG,7300,4,D,YP,BB,D
14:45:50,ICBP,RG,7300,2,D,GR,BB,D
14:45:50,ICBP,RG,7300,3,D,PD,BB,D
14:45:50,ICBP,RG,7300,2,D,SQ,BB,D
14:45:50,ICBP,RG,7300,5,D,LS,BB,D
14:45:50,ICBP,RG,7300,2,D,YP,BB,D
14:45:49,ICBP,RG,7325,1,D,NI,RX,D
14:45:47,ICBP,RG,7300,1,D,TP,BB,D
14:45:47,ICBP,RG,7300,3,D,PD,BB,D
14:45:47,ICBP,RG,7300,1,D,PD,BB,D
14:45:43,ICBP,RG,7300,1,D,PD,BB,D
14:45:43,ICBP,RG,7300,3,D,YP,BB,D
14:45:43,ICBP,RG,7300,5,D,YP,BB,D
14:45:43,ICBP,RG,7300,1,D,DH,BB,D
14:45:43,ICBP,RG,7300,5,D,DR,BB,D
14:45:43,ICBP,RG,7300,20,D,LG,BB,D
14:45:43,ICBP,RG,7300,11,D,LG,BB,D
14:45:38,ICBP,RG,7325,111,D,YP,RX,D
14:45:37,ICBP,RG,7300,1,D,LG,BB,D
14:45:37,ICBP,RG,7300,1,D,LG,BB,D
14:45:36,ICBP,RG,7300,6,D,LG,BB,D
14:45:35,ICBP,RG,7300,4,D,LG,BB,D
14:45:35,ICBP,RG,7300,3,D,LG,BB,D
14:45:30,ICBP,RG,7325,5,F,AK,RX,D
14:45:29,ICBP,RG,7325,5,D,PD,RX,D
14:45:29,ICBP,RG,7300,6,D,LG,BB,D
14:45:28,ICBP,RG,7300,20,D,LG,BB,D
14:45:27,ICBP,RG,7300,1,D,LG,BB,D
14:45:26,ICBP,RG,7325,10,D,ZP,RX,D
14:45:21,ICBP,RG,7300,27,D,LG,BB,D
14:45:21,ICBP,RG,7300,5,D,XC,BB,D
14:45:21,ICBP,RG,7300,10,D,CC,BB,D
14:45:21,ICBP,RG,7300,1,D,XC,BB,D
14:45:21,ICBP,RG,7300,4,D,XC,BB,D
14:45:21,ICBP,RG,7300,20,D,TP,BB,D
14:45:21,ICBP,RG,7300,1,D,YP,BB,D
14:45:21,ICBP,RG,7300,5,D,PD,BB,D
14:45:21,ICBP,RG,7300,2,D,DH,BB,D
14:45:21,ICBP,RG,7300,2,D,XC,BB,D
14:45:21,ICBP,RG,7300,25,D,YP,BB,D
14:45:21,ICBP,RG,7300,1,D,CC,BB,D
14:45:21,ICBP,RG,7300,1,D,YP,BB,D
14:45:21,ICBP,RG,7300,4,D,PD,BB,D
14:45:21,ICBP,RG,7300,20,D,CC,BB,D
14:45:21,ICBP,RG,7300,5,D,CC,BB,D
14:45:21,ICBP,RG,7300,1,D,PD,BB,D
14:45:21,ICBP,RG,7300,10,D,YP,BB,D
14:45:21,ICBP,RG,7300,15,D,DH,BB,D
14:45:21,ICBP,RG,7300,1,D,CC,BB,D
14:45:21,ICBP,RG,7300,10,D,XC,BB,D
14:45:21,ICBP,RG,7300,2,D,AO,BB,D
14:45:21,ICBP,RG,7300,5,D,MG,BB,D
14:45:21,ICBP,RG,7300,2,D,PD,BB,D
14:45:21,ICBP,RG,7300,5,D,SQ,BB,D
14:45:21,ICBP,RG,7300,1,D,ZP,BB,D
14:45:21,ICBP,RG,7300,10,D,NI,BB,D
14:45:21,ICBP,RG,7300,3,D,AZ,BB,D
14:45:21,ICBP,RG,7300,1,D,AZ,BB,D
14:45:19,ICBP,RG,7300,1,D,KK,BB,D
14:45:19,ICBP,RG,7300,1,D,PD,BB,D
14:45:19,ICBP,RG,7300,1,D,CC,BB,D
14:45:18,ICBP,RG,7325,1,D,YP,RX,D
14:45:18,ICBP,RG,7300,7,D,CC,BB,D
14:45:17,ICBP,RG,7325,1,D,PD,RX,D
14:45:16,ICBP,RG,7300,2,D,CC,BB,D
14:45:15,ICBP,RG,7300,5,D,LG,BB,D
14:45:15,ICBP,RG,7300,2,D,LG,BB,D
14:45:12,ICBP,RG,7300,3,D,LG,BB,D
14:45:11,ICBP,RG,7300,1,D,LG,BB,D
14:45:11,ICBP,RG,7300,16,D,LG,BB,D
14:45:10,ICBP,RG,7300,2,D,LG,BB,D
14:45:05,ICBP,RG,7300,6,D,LG,BB,D
14:45:04,ICBP,RG,7300,19,D,LG,BB,D
14:45:04,ICBP,RG,7300,1,D,LG,BB,D
14:45:04,ICBP,RG,7300,8,D,LG,BB,D
14:45:04,ICBP,RG,7300,10,D,LG,BB,D
14:45:00,ICBP,RG,7300,18,D,LG,BB,D
14:44:58,ICBP,RG,7300,59,D,LG,BB,D
14:44:58,ICBP,RG,7300,2,D,NI,BB,D
14:44:58,ICBP,RG,7300,10,D,XL,BB,D
14:44:58,ICBP,RG,7300,10,D,SQ,BB,D
14:44:58,ICBP,RG,7300,1,D,PD,BB,D
14:44:58,ICBP,RG,7300,5,D,MG,BB,D
14:44:58,ICBP,RG,7300,20,D,CC,BB,D
14:44:58,ICBP,RG,7300,2,D,AI,BB,D
14:44:58,ICBP,RG,7300,3,D,SQ,BB,D
14:44:58,ICBP,RG,7300,2,D,LG,BB,D
14:44:58,ICBP,RG,7300,2,D,XL,BB,D
14:44:58,ICBP,RG,7300,25,D,YB,BB,D
14:44:58,ICBP,RG,7300,1,D,PD,BB,D
14:44:58,ICBP,RG,7300,4,D,YP,BB,D
14:44:58,ICBP,RG,7300,19,D,SQ,BB,D
14:44:58,ICBP,RG,7300,1,D,CC,BB,D
14:44:57,ICBP,RG,7325,2,D,NI,RX,D
14:44:54,ICBP,RG,7325,10,D,SQ,RX,D
14:44:53,ICBP,RG,7300,3,D,CC,BB,D
14:44:53,ICBP,RG,7300,6,D,CC,BB,D
14:44:53,ICBP,RG,7300,3,D,NI,BB,D
14:44:53,ICBP,RG,7300,10,D,XC,BB,D
14:44:53,ICBP,RG,7300,1,D,XL,BB,D
14:44:53,ICBP,RG,7300,6,D,SQ,BB,D
14:44:53,ICBP,RG,7300,1,D,NI,BB,D
14:44:53,ICBP,RG,7300,1,D,PD,BB,D
14:44:53,ICBP,RG,7300,10,D,XC,BB,D
14:44:53,ICBP,RG,7300,2,D,OD,BB,D
14:44:53,ICBP,RG,7300,3,D,YP,BB,D
14:44:53,ICBP,RG,7300,3,D,PD,BB,D
14:44:53,ICBP,RG,7300,3,D,SQ,BB,D
14:44:53,ICBP,RG,7300,4,D,PD,BB,D
14:44:53,ICBP,RG,7300,10,D,YP,BB,D
14:44:53,ICBP,RG,7300,10,D,CP,BB,D
14:44:53,ICBP,RG,7300,27,D,CC,BB,D
14:44:53,ICBP,RG,7300,2,D,CC,BB,D
14:44:52,ICBP,RG,7325,1,D,PD,RX,D
14:44:49,ICBP,RG,7300,47,D,CC,BB,D
14:44:48,ICBP,RG,7325,1,D,YP,RX,D
14:44:46,ICBP,RG,7300,55,D,CC,BB,D
14:44:46,ICBP,RG,7300,11,D,CC,BB,D
14:44:46,ICBP,RG,7300,2,D,CC,BB,D
14:44:46,ICBP,RG,7300,22,D,CC,BB,D
14:44:45,ICBP,RG,7325,5,F,AK,RX,D
14:44:43,ICBP,RG,7300,21,D,CC,BB,D
14:44:41,ICBP,RG,7325,1,D,PD,RX,D
14:44:41,ICBP,RG,7325,1,D,NI,RX,D
14:44:41,ICBP,RG,7325,24,F,AK,RX,D
14:44:41,ICBP,RG,7325,472,F,BK,RX,D
14:44:38,ICBP,RG,7325,12,F,BK,BB,D
14:44:37,ICBP,RG,7325,16,F,BK,BB,D
14:44:36,ICBP,RG,7325,9,F,BK,BB,D
14:44:35,ICBP,RG,7325,1,F,BK,BB,D
14:44:34,ICBP,RG,7325,4,F,BK,BB,D
14:44:34,ICBP,RG,7325,2,F,CS,BB,D
14:44:34,ICBP,RG,7325,2,F,CS,BB,D
14:44:34,ICBP,RG,7325,1,F,CS,BB,D
14:44:34,ICBP,RG,7325,45,D,YP,BB,D
14:44:28,ICBP,RG,7325,29,D,YP,BB,D
14:44:25,ICBP,RG,7325,4,D,YP,BB,D
14:44:24,ICBP,RG,7325,22,D,YP,BB,D
14:44:23,ICBP,RG,7325,100,D,YP,CC,F
14:44:23,ICBP,RG,7325,14,D,YP,IP,D
14:44:23,ICBP,RG,7325,3,D,YP,BB,D
14:44:23,ICBP,RG,7300,30,D,CC,BB,D
14:44:23,ICBP,RG,7300,33,D,CC,BB,D
14:44:23,ICBP,RG,7300,1,D,PD,BB,D
14:44:23,ICBP,RG,7300,3,D,YP,BB,D
14:44:23,ICBP,RG,7300,10,D,NI,BB,D
14:44:23,ICBP,RG,7300,1,D,XC,BB,D
14:44:23,ICBP,RG,7300,1,D,PD,BB,D
14:44:23,ICBP,RG,7300,1,D,DH,BB,D
14:44:23,ICBP,RG,7300,25,D,CP,BB,D
14:44:23,ICBP,RG,7300,1,D,OD,BB,D
14:44:23,ICBP,RG,7300,40,D,YP,BB,D
14:44:23,ICBP,RG,7300,7,D,YP,BB,D
14:44:23,ICBP,RG,7300,4,D,YP,BB,D
14:44:18,ICBP,RG,7300,35,D,YP,BB,D
14:44:18,ICBP,RG,7300,34,D,YP,BB,D
14:44:17,ICBP,RG,7325,2,F,CS,BB,D
14:44:17,ICBP,RG,7325,2,F,CS,BB,D
14:44:17,ICBP,RG,7325,3,F,CS,BB,D
14:44:17,ICBP,RG,7325,1,F,CS,BB,D
14:44:17,ICBP,RG,7325,50,F,ZP,BB,D
14:44:17,ICBP,RG,7325,7,F,ZP,BB,D
14:44:17,ICBP,RG,7325,4,F,CS,BB,D
14:44:17,ICBP,RG,7325,1,F,CS,BB,D
14:44:17,ICBP,RG,7325,3,F,CS,BB,D
14:44:16,ICBP,RG,7325,3,F,AK,ZP,F
14:44:16,ICBP,RG,7325,15,F,AK,BB,D
14:44:16,ICBP,RG,7325,7,F,AK,BB,D
14:44:16,ICBP,RG,7325,3,F,CS,BB,D
14:44:16,ICBP,RG,7325,14,F,ZP,BB,D
14:44:16,ICBP,RG,7325,2,F,ZP,AK,F
14:44:16,ICBP,RG,7325,1,F,ZP,AK,F
14:44:16,ICBP,RG,7325,24,F,ZP,BK,F
14:44:16,ICBP,RG,7325,1,F,ZP,XC,D
14:44:16,ICBP,RG,7325,13,F,ZP,IP,D
14:44:16,ICBP,RG,7300,116,D,YP,BK,F
14:44:15,ICBP,RG,7325,14,D,XA,IP,D
14:44:15,ICBP,RG,7325,35,D,XA,ZP,D
14:44:15,ICBP,RG,7325,109,D,XA,KZ,F
14:44:15,ICBP,RG,7325,30,D,XA,YU,D
14:44:15,ICBP,RG,7325,51,D,XA,PD,D
14:44:15,ICBP,RG,7325,2,D,XA,KZ,F
14:44:15,ICBP,RG,7325,5,D,XA,ZP,F
14:44:15,ICBP,RG,7325,804,D,XA,RX,D
14:44:15,ICBP,RG,7325,200,D,XA,RX,D
14:44:15,ICBP,RG,7325,27,D,XA,BB,D
14:44:15,ICBP,RG,7325,1,D,XA,XC,D
14:44:15,ICBP,RG,7325,58,D,XA,CC,F
14:44:15,ICBP,RG,7325,1,D,XA,AK,F
14:44:15,ICBP,RG,7325,3,D,XA,ZP,F
14:44:15,ICBP,RG,7325,9,D,XA,PD,D
14:44:15,ICBP,RG,7325,11,D,XA,BB,D
14:44:15,ICBP,RG,7325,8,D,XA,BB,D
14:44:15,ICBP,RG,7325,3,D,XA,BB,D
14:44:15,ICBP,RG,7325,69,D,XA,BB,D
14:44:15,ICBP,RG,7325,100,D,XA,KZ,F
14:44:15,ICBP,RG,7325,4,D,XA,BB,D
14:44:15,ICBP,RG,7325,1,D,XA,AK,F
14:44:15,ICBP,RG,7325,1,D,XA,AK,F
14:44:15,ICBP,RG,7325,76,D,XA,BB,D
14:44:15,ICBP,RG,7325,178,D,XA,BB,D
14:44:15,ICBP,RG,7325,200,D,XA,RX,D
14:44:15,ICBP,RG,7300,1,D,YP,BB,D
14:44:13,ICBP,RG,7300,1,D,YP,BB,D
14:44:11,ICBP,RG,7300,1,D,YP,BB,D
14:44:11,ICBP,RG,7300,7,D,YP,BB,D
14:44:11,ICBP,RG,7300,6,D,YP,BB,D
14:44:11,ICBP,RG,7300,3,D,YP,BB,D
14:44:07,ICBP,RG,7300,2,D,YP,BB,D
14:44:05,ICBP,RG,7300,3,D,YP,BB,D
14:44:03,ICBP,RG,7300,10,D,YP,BB,D
14:44:02,ICBP,RG,7325,1,D,GR,RX,D
14:44:01,ICBP,RG,7300,2,D,YP,ZP,F
14:44:01,ICBP,RG,7300,2,D,YP,BB,D
14:44:01,ICBP,RG,7300,7,D,YP,BB,D
14:44:01,ICBP,RG,7300,11,D,YP,BB,D
14:44:01,ICBP,RG,7300,1,D,YP,BB,D
14:44:01,ICBP,RG,7300,2,D,YP,BB,D
14:44:01,ICBP,RG,7300,2,D,YP,BB,D
14:43:49,ICBP,RG,7300,3,D,YP,BB,D
14:43:48,ICBP,RG,7325,15,D,SQ,RX,D
14:43:48,ICBP,RG,7325,1,F,CS,RX,D
14:43:48,ICBP,RG,7325,2,F,CS,RX,D
14:43:48,ICBP,RG,7325,1,F,CS,RX,D
14:43:45,ICBP,RG,7300,2,D,YP,BB,D
14:43:45,ICBP,RG,7300,5,D,YP,BB,D
14:43:39,ICBP,RG,7300,6,D,YP,BB,D
14:43:38,ICBP,RG,7300,14,D,YP,BB,D
14:43:38,ICBP,RG,7300,1,D,YP,BB,D
14:43:35,ICBP,RG,7300,1,D,YP,BB,D
14:43:35,ICBP,RG,7300,2,D,YP,BB,D
14:43:35,ICBP,RG,7325,3,F,CS,RX,D
14:43:34,ICBP,RG,7325,1,D,XL,RX,D
14:43:30,ICBP,RG,7300,6,D,YP,AK,F
14:43:30,ICBP,RG,7300,1,D,YP,AK,F
14:43:30,ICBP,RG,7300,6,D,YP,BB,D
14:43:29,ICBP,RG,7300,1,D,YP,BB,D
14:43:29,ICBP,RG,7300,1,D,YP,BB,D
14:43:29,ICBP,RG,7300,2,D,YP,BB,D
14:43:28,ICBP,RG,7300,5,D,YP,ES,D
14:43:23,ICBP,RG,7300,7,D,YP,BB,D
14:43:20,ICBP,RG,7300,11,D,YP,BB,D
14:43:20,ICBP,RG,7300,3,D,YP,BB,D
14:43:19,ICBP,RG,7300,4,D,YP,BB,D
14:43:15,ICBP,RG,7325,1,D,XL,RX,D
14:43:15,ICBP,RG,7300,2,D,YP,BB,D
14:43:15,ICBP,RG,7300,16,D,YP,BB,D
14:43:14,ICBP,RG,7300,2,D,YP,PD,D
14:43:08,ICBP,RG,7300,2,D,YP,BB,D
14:43:07,ICBP,RG,7300,30,D,YP,BB,D
14:43:04,ICBP,RG,7300,1,D,YP,BB,D
14:43:04,ICBP,RG,7300,4,D,YP,BB,D
14:43:02,ICBP,RG,7300,2,D,YP,BB,D
14:43:02,ICBP,RG,7300,9,D,YP,BB,D
14:43:02,ICBP,RG,7300,1,D,YP,BB,D
14:43:02,ICBP,RG,7300,3,D,YP,BB,D
14:43:01,ICBP,RG,7300,8,D,YP,BB,D
14:42:50,ICBP,RG,7300,1,D,YP,BB,D
14:42:50,ICBP,RG,7300,7,D,YP,BB,D
14:42:50,ICBP,RG,7300,2,D,YP,BB,D
14:42:48,ICBP,RG,7325,4,F,CS,RX,D
14:42:46,ICBP,RG,7300,13,D,YP,BB,D
14:42:46,ICBP,RG,7300,3,D,YP,BB,D
14:42:45,ICBP,RG,7300,1,D,YP,BB,D
14:42:45,ICBP,RG,7300,1,D,YP,BB,D
14:42:45,ICBP,RG,7300,3,D,YP,BB,D
14:42:45,ICBP,RG,7300,1,D,YP,AK,F
14:42:34,ICBP,RG,7300,4,D,YP,BB,D
14:42:34,ICBP,RG,7300,1,D,YP,BB,D
14:42:34,ICBP,RG,7325,5,D,DR,RX,D
14:42:33,ICBP,RG,7325,5,F,CS,RX,D
14:42:32,ICBP,RG,7300,1,D,YP,BB,D
14:42:31,ICBP,RG,7300,1,D,YP,BB,D
14:42:31,ICBP,RG,7300,9,D,YP,BB,D
14:42:31,ICBP,RG,7300,5,D,YP,BB,D
14:42:22,ICBP,RG,7300,2,D,YP,PD,D
14:42:20,ICBP,RG,7300,2,D,YP,BB,D
14:42:20,ICBP,RG,7300,1,D,YP,BB,D
14:42:13,ICBP,RG,7300,8,D,YP,BB,D
14:42:12,ICBP,RG,7300,4,D,YP,BB,D
14:42:12,ICBP,RG,7325,2,D,XC,RX,D
14:42:10,ICBP,RG,7300,4,D,YP,BB,D
14:42:09,ICBP,RG,7300,1,D,YP,BB,D
14:42:09,ICBP,RG,7325,1,D,XC,RX,D
14:42:04,ICBP,RG,7300,8,D,YP,BB,D
14:42:00,ICBP,RG,7300,8,D,YP,BB,D
14:42:00,ICBP,RG,7300,1,D,YP,BB,D
14:42:00,ICBP,RG,7300,4,D,YP,BB,D
14:42:00,ICBP,RG,7300,1,D,YP,BB,D
14:41:46,ICBP,RG,7300,10,D,YP,BB,D
14:41:46,ICBP,RG,7300,3,D,YP,BB,D
14:41:45,ICBP,RG,7300,2,D,YP,BB,D
14:41:45,ICBP,RG,7300,4,D,YP,BB,D
14:41:45,ICBP,RG,7300,1,D,YP,AK,F
14:41:36,ICBP,RG,7325,1,D,XA,RX,D
14:41:35,ICBP,RG,7325,2,D,XC,RX,D
14:41:34,ICBP,RG,7300,4,D,YP,BB,D
14:41:34,ICBP,RG,7300,12,D,YP,BB,D
14:41:33,ICBP,RG,7300,1,D,YP,BB,D
14:41:32,ICBP,RG,7300,2,D,YP,BB,D
14:41:27,ICBP,RG,7300,4,D,YP,BB,D
14:41:27,ICBP,RG,7325,10,D,YP,RX,D
14:41:25,ICBP,RG,7300,4,D,YP,BB,D
14:41:24,ICBP,RG,7300,2,D,YP,BB,D
14:41:24,ICBP,RG,7300,19,D,YP,BB,D
14:41:24,ICBP,RG,7300,9,D,YP,BB,D
14:41:20,ICBP,RG,7325,10,D,KK,RX,D
14:41:19,ICBP,RG,7325,3,F,CS,RX,D
14:41:19,ICBP,RG,7325,2,F,CS,RX,D
14:41:17,ICBP,RG,7300,1,D,YP,BB,D
14:41:17,ICBP,RG,7325,14,D,XL,RX,D
14:41:13,ICBP,RG,7300,1,D,YP,BB,D
14:41:13,ICBP,RG,7300,20,D,YP,OD,D
14:41:09,ICBP,RG,7300,1,D,YP,BB,D
14:41:09,ICBP,RG,7300,5,D,YP,BB,D
14:41:09,ICBP,RG,7300,9,D,YP,BB,D
14:41:09,ICBP,RG,7300,2,D,YP,BB,D
14:41:04,ICBP,RG,7300,1,D,YP,BB,D
14:41:03,ICBP,RG,7325,4,F,CS,RX,D
14:41:03,ICBP,RG,7325,1,F,CS,RX,D
14:41:02,ICBP,RG,7300,18,D,YP,BB,D
14:40:58,ICBP,RG,7300,1,D,YP,BB,D
14:40:58,ICBP,RG,7300,3,D,YP,BB,D
14:40:53,ICBP,RG,7300,39,D,YP,BB,D
14:40:52,ICBP,RG,7300,1,D,YP,BB,D
14:40:52,ICBP,RG,7300,3,D,YP,BB,D
14:40:48,ICBP,RG,7300,9,D,YP,BB,D
14:40:47,ICBP,RG,7300,4,D,YP,BB,D
14:40:45,ICBP,RG,7300,1,D,YP,BB,D
14:40:45,ICBP,RG,7325,20,F,AK,RX,D
14:40:41,ICBP,RG,7300,7,D,YP,BB,D
14:40:41,ICBP,RG,7300,2,D,YP,BB,D
14:40:41,ICBP,RG,7325,2,D,NI,RX,D
14:40:32,ICBP,RG,7300,2,D,YP,BB,D
14:40:32,ICBP,RG,7300,1,D,YP,BB,D
14:40:31,ICBP,RG,7300,15,D,YP,BB,D
14:40:31,ICBP,RG,7300,3,D,YP,BB,D
14:40:30,ICBP,RG,7325,3,D,PD,RX,D
14:40:20,ICBP,RG,7325,59,F,ZP,RX,D
14:40:20,ICBP,RG,7300,1,D,YP,BB,D
14:40:20,ICBP,RG,7300,8,D,YP,BB,D
14:40:20,ICBP,RG,7300,1,D,YP,BB,D
14:40:15,ICBP,RG,7325,6,D,PD,RX,D
14:40:13,ICBP,RG,7300,5,D,YP,BB,D
14:40:13,ICBP,RG,7300,3,D,YP,BB,D
14:40:02,ICBP,RG,7300,4,D,YP,BB,D
14:39:58,ICBP,RG,7300,2,D,YP,BB,D
14:39:57,ICBP,RG,7300,2,D,YP,BB,D
14:39:57,ICBP,RG,7300,8,D,YP,BB,D
14:39:49,ICBP,RG,7300,2,D,YP,BB,D
14:39:49,ICBP,RG,7325,1,D,DX,RX,D
14:39:46,ICBP,RG,7300,1,D,YP,BB,D
14:39:46,ICBP,RG,7300,2,D,YP,BB,D
14:39:46,ICBP,RG,7325,3,F,CS,RX,D
14:39:39,ICBP,RG,7300,8,D,YP,BB,D
14:39:39,ICBP,RG,7300,1,D,YP,BB,D
14:39:33,ICBP,RG,7300,1,D,YP,BB,D
14:39:33,ICBP,RG,7300,8,D,YP,BB,D
14:39:33,ICBP,RG,7300,2,D,YP,BB,D
14:39:32,ICBP,RG,7325,3,F,CS,RX,D
14:39:19,ICBP,RG,7300,10,D,YP,BB,D
14:39:19,ICBP,RG,7300,2,D,YP,BB,D
14:39:18,ICBP,RG,7325,7,D,XC,RX,D
14:39:11,ICBP,RG,7300,3,D,YP,BB,D
14:39:11,ICBP,RG,7325,5,D,YP,RX,D
14:39:07,ICBP,RG,7325,2,D,YP,RX,D
14:39:07,ICBP,RG,7325,2,D,YP,ZP,F
14:39:02,ICBP,RG,7300,2,D,YP,BB,D
14:39:02,ICBP,RG,7300,5,D,YP,BB,D
14:39:01,ICBP,RG,7325,1,D,CC,ZP,F
14:39:01,ICBP,RG,7325,1,D,CC,AK,F
14:39:01,ICBP,RG,7325,9,D,CC,CS,F
14:38:54,ICBP,RG,7300,6,D,YP,BB,D
14:38:53,ICBP,RG,7300,6,D,YP,BB,D
14:38:52,ICBP,RG,7300,2,D,YP,BB,D
14:38:51,ICBP,RG,7300,37,D,YP,BB,D
14:38:41,ICBP,RG,7300,2,D,YP,BB,D
14:38:41,ICBP,RG,7300,3,D,YP,BB,D
14:38:41,ICBP,RG,7300,70,D,YP,CC,D
14:38:36,ICBP,RG,7325,3,F,CS,CS,F
14:38:34,ICBP,RG,7300,12,D,YP,BB,D
14:38:32,ICBP,RG,7325,47,D,YP,CS,F
14:38:31,ICBP,RG,7300,4,D,YP,BB,D
14:38:31,ICBP,RG,7325,3,F,CS,CS,F
14:38:29,ICBP,RG,7300,35,D,YP,BB,D
14:38:28,ICBP,RG,7325,50,D,YU,CS,F
14:38:25,ICBP,RG,7325,66,D,YP,CS,F
14:38:25,ICBP,RG,7325,1,D,YP,ZP,F
14:38:25,ICBP,RG,7325,10,D,YP,SQ,D
14:38:25,ICBP,RG,7325,1,D,YP,AK,F
14:38:25,ICBP,RG,7325,21,D,YP,BB,D
14:38:25,ICBP,RG,7325,101,D,YP,RX,D
14:38:25,ICBP,RG,7300,3,D,YP,BB,D
14:38:24,ICBP,RG,7300,2,D,YP,CP,D
14:38:02,ICBP,RG,7300,7,D,YP,BB,D
14:38:00,ICBP,RG,7325,100,D,CC,RX,D
14:37:58,ICBP,RG,7325,4,D,XL,RX,D
14:37:58,ICBP,RG,7300,26,D,YP,KK,D
14:37:54,ICBP,RG,7300,1,D,YP,BB,D
14:37:53,ICBP,RG,7325,5,D,XC,RX,D
14:37:53,ICBP,RG,7300,8,D,YP,BB,D
14:37:48,ICBP,RG,7300,1,D,YP,BB,D
14:37:47,ICBP,RG,7325,3,F,CS,RX,D
14:37:38,ICBP,RG,7300,1,D,YP,BB,D
14:37:37,ICBP,RG,7325,1,D,XC,RX,D
14:37:35,ICBP,RG,7325,2,D,CC,RX,D
14:37:33,ICBP,RG,7300,2,D,YP,BB,D
14:37:20,ICBP,RG,7325,4,F,CS,RX,D
14:37:19,ICBP,RG,7300,1,D,YP,BB,D
14:37:11,ICBP,RG,7325,5,D,DH,RX,D
14:37:11,ICBP,RG,7300,4,D,YP,BB,D
14:37:09,ICBP,RG,7325,29,F,ZP,RX,D
14:37:09,ICBP,RG,7325,252,D,DH,RX,D
14:37:09,ICBP,RG,7325,1,D,DH,XC,D
14:37:09,ICBP,RG,7325,42,D,DH,EP,D
14:37:05,ICBP,RG,7325,5,D,PD,EP,D
14:37:00,ICBP,RG,7325,85,D,CC,EP,D
14:36:56,ICBP,RG,7325,1,D,XC,EP,D
14:36:48,ICBP,RG,7325,1,D,PD,EP,D
14:36:37,ICBP,RG,7325,4,F,CS,EP,D
14:36:36,ICBP,RG,7325,1,D,DX,EP,D
14:36:09,ICBP,RG,7325,4,F,CS,EP,D
14:35:57,ICBP,RG,7300,4,D,YP,XC,D
14:35:52,ICBP,RG,7325,1,D,YP,EP,D
14:35:48,ICBP,RG,7300,38,D,YP,YU,D
14:35:32,ICBP,RG,7300,12,D,YP,NI,D
14:35:25,ICBP,RG,7325,45,F,ZP,EP,D
14:35:17,ICBP,RG,7325,6,D,DH,EP,D
14:35:08,ICBP,RG,7325,5,D,YP,EP,D
14:35:08,ICBP,RG,7325,5,D,YP,XC,D
14:35:03,ICBP,RG,7325,4,F,CS,XC,D
14:34:50,ICBP,RG,7325,5,D,OD,BB,D
14:34:46,ICBP,RG,7325,5,D,YP,BB,D
14:34:46,ICBP,RG,7325,1,D,YP,BB,D
14:34:46,ICBP,RG,7325,2,D,YP,BB,D
14:34:46,ICBP,RG,7325,2,D,YP,PD,D
14:34:35,ICBP,RG,7325,4,F,CS,PD,D
14:34:27,ICBP,RG,7325,1,D,DX,PD,D
14:34:27,ICBP,RG,7300,3,D,YP,CC,D
14:34:14,ICBP,RG,7325,25,D,OD,PD,D
14:34:00,ICBP,RG,7325,8,F,AK,PD,D
14:33:56,ICBP,RG,7300,5,D,YP,PD,D
14:33:53,ICBP,RG,7325,7,D,CC,PD,D
14:33:53,ICBP,RG,7325,2,D,CC,ZP,F
14:33:49,ICBP,RG,7325,1,D,XC,ZP,F
14:33:49,ICBP,RG,7325,1,D,XC,BB,D
14:33:38,ICBP,RG,7325,1,D,YP,BB,D
14:33:27,ICBP,RG,7325,1,D,CC,BB,D
14:33:27,ICBP,RG,7325,9,D,CC,BB,D
14:33:27,ICBP,RG,7325,1,D,CC,AK,F
14:33:27,ICBP,RG,7325,3,D,CC,AK,F
14:33:27,ICBP,RG,7325,2,D,CC,CC,D
14:33:27,ICBP,RG,7325,34,D,CC,PD,D
14:33:22,ICBP,RG,7325,5,D,PD,PD,D
14:33:21,ICBP,RG,7325,11,D,YP,PD,D
14:33:21,ICBP,RG,7325,50,D,YP,PD,D
14:33:21,ICBP,RG,7325,50,D,YP,PD,D
14:33:21,ICBP,RG,7325,76,D,YP,BB,D
14:33:21,ICBP,RG,7325,1,D,YP,PD,D
14:33:21,ICBP,RG,7325,54,D,YP,KZ,F
14:33:21,ICBP,RG,7325,31,D,YP,BB,D
14:33:21,ICBP,RG,7300,10,D,YP,BB,D
14:33:12,ICBP,RG,7325,66,F,ZP,BB,D
14:33:10,ICBP,RG,7325,4,F,CS,BB,D
14:33:04,ICBP,RG,7300,8,D,YP,PD,D
14:32:54,ICBP,RG,7325,4,F,CS,BB,D
14:32:29,ICBP,RG,7300,8,D,YP,BB,D
14:32:27,ICBP,RG,7325,1,D,CC,BB,D
14:32:24,ICBP,RG,7325,1,D,SQ,BB,D
14:32:21,ICBP,RG,7325,2,D,EP,BB,D
14:32:05,ICBP,RG,7325,5,F,AK,BB,D
14:31:56,ICBP,RG,7300,1,D,YP,XC,D
14:31:47,ICBP,RG,7325,5,D,YP,BB,D
14:31:36,ICBP,RG,7300,11,D,YP,BB,D
14:31:19,ICBP,RG,7325,3,D,PD,BB,D
14:31:01,ICBP,RG,7325,4,F,CS,BB,D
14:30:34,ICBP,RG,7300,12,D,YP,BB,D
14:30:30,ICBP,RG,7325,5,F,AK,BB,D
14:30:21,ICBP,RG,7325,6,F,ZP,BB,D
14:30:08,ICBP,RG,7325,8,F,ZP,BB,D
14:30:08,ICBP,RG,7325,19,F,ZP,BB,D
14:30:08,ICBP,RG,7325,37,F,ZP,CC,D
14:30:06,ICBP,RG,7325,6,D,SQ,CC,D
14:29:58,ICBP,RG,7325,2,D,DH,CC,D
14:29:43,ICBP,RG,7325,2,D,XC,CC,D
14:29:37,ICBP,RG,7325,5,D,GR,CC,D
14:29:32,ICBP,RG,7325,10,D,DH,CC,D
14:29:26,ICBP,RG,7325,3,D,PD,CC,D
14:29:25,ICBP,RG,7325,1,D,YP,CC,D
14:29:16,ICBP,RG,7325,3,D,KK,CC,D
14:29:15,ICBP,RG,7325,1,F,AK,CC,D
14:29:15,ICBP,RG,7325,1,F,AK,AK,F
14:29:15,ICBP,RG,7325,2,F,AK,ZP,F
14:29:14,ICBP,RG,7325,1,D,TP,ZP,F
14:29:14,ICBP,RG,7325,11,D,TP,XA,D
14:29:14,ICBP,RG,7325,15,D,TP,KK,D
14:29:14,ICBP,RG,7325,3,D,TP,BB,D
14:29:14,ICBP,RG,7325,2,D,TP,BB,D
14:29:14,ICBP,RG,7325,1,D,TP,PD,D
14:29:14,ICBP,RG,7325,67,D,TP,CS,F
14:29:00,ICBP,RG,7325,2,D,SQ,CS,F
14:28:47,ICBP,RG,7300,11,D,YP,YP,D
14:28:46,ICBP,RG,7325,8,D,CC,CS,F
14:28:38,ICBP,RG,7325,1,D,KK,CS,F
14:28:26,ICBP,RG,7325,2,D,KK,CS,F
14:28:23,ICBP,RG,7325,1,D,EP,CS,F
14:28:15,ICBP,RG,7300,9,D,YP,BB,D
14:28:09,ICBP,RG,7325,21,D,KK,CS,F
14:28:09,ICBP,RG,7325,1,D,KK,AK,F
14:28:09,ICBP,RG,7325,1,D,KK,PD,D
14:28:09,ICBP,RG,7325,1,D,KK,ZP,F
14:28:09,ICBP,RG,7325,2,D,KK,BB,D
14:28:09,ICBP,RG,7325,24,D,KK,BB,D
14:28:09,ICBP,RG,7325,1,D,KK,BB,D
14:28:09,ICBP,RG,7325,1,D,KK,AK,F
14:28:09,ICBP,RG,7325,48,D,KK,RX,D
14:28:03,ICBP,RG,7300,1,D,YP,BB,D
14:28:02,ICBP,RG,7325,125,D,KK,RX,D
14:27:57,ICBP,RG,7300,23,D,YP,BB,D
14:27:52,ICBP,RG,7300,1,D,YP,BB,D
14:27:51,ICBP,RG,7300,3,D,YP,AK,F
14:27:42,ICBP,RG,7325,5,D,SQ,RX,D
14:27:41,ICBP,RG,7300,3,D,YP,BB,D
14:27:30,ICBP,RG,7300,1,D,YP,BB,D
14:27:16,ICBP,RG,7325,1,D,YP,RX,D
14:27:16,ICBP,RG,7300,1,D,YP,BB,D
14:27:07,ICBP,RG,7325,1,D,YP,RX,D
14:27:06,ICBP,RG,7300,3,D,YP,BB,D
14:27:05,ICBP,RG,7325,100,D,KK,RX,D
14:26:55,ICBP,RG,7325,2,D,XC,RX,D
14:26:38,ICBP,RG,7325,1,D,CC,RX,D
14:26:33,ICBP,RG,7325,35,D,EP,RX,D
14:26:29,ICBP,RG,7325,1,D,PD,RX,D
14:26:28,ICBP,RG,7325,6,D,YP,RX,D
14:26:12,ICBP,RG,7325,100,D,PD,RX,D
14:26:11,ICBP,RG,7325,7,D,YP,RX,D
14:26:06,ICBP,RG,7325,10,D,NI,RX,D
14:26:03,ICBP,RG,7325,10,D,YP,RX,D
14:25:53,ICBP,RG,7300,24,D,YP,BB,D
14:25:45,ICBP,RG,7325,3,D,NI,RX,D
14:25:30,ICBP,RG,7325,43,F,AK,RX,D
14:25:30,ICBP,RG,7300,7,D,YP,KK,D
14:25:29,ICBP,RG,7325,22,F,ZP,RX,D
14:25:29,ICBP,RG,7325,44,F,ZP,BB,D
14:25:29,ICBP,RG,7325,11,F,ZP,BB,D
14:25:29,ICBP,RG,7325,36,F,ZP,BB,D
14:25:29,ICBP,RG,7325,1,F,ZP,XC,D
14:25:29,ICBP,RG,7325,9,F,ZP,YP,D
14:25:25,ICBP,RG,7325,1,D,XC,YP,D
14:25:22,ICBP,RG,7325,1,D,PD,YP,D
14:25:13,ICBP,RG,7325,5,D,CC,YP,D
14:24:29,ICBP,RG,7325,1,D,XC,YP,D
14:24:06,ICBP,RG,7300,1,D,YP,BB,D
14:24:04,ICBP,RG,7300,1,D,YP,BB,D
14:24:03,ICBP,RG,7300,2,D,YP,BB,D
14:23:53,ICBP,RG,7300,20,D,YP,CC,D
14:23:53,ICBP,RG,7300,2,D,YP,BB,D
14:23:52,ICBP,RG,7325,1,D,XC,YP,D
14:23:52,ICBP,RG,7300,1,D,YP,BB,D
14:23:51,ICBP,RG,7300,1,D,YP,NI,D
14:23:51,ICBP,RG,7325,1,D,PD,YP,D
14:23:51,ICBP,RG,7325,1,D,PD,BB,D
14:23:43,ICBP,RG,7300,3,D,YP,BB,D
14:23:42,ICBP,RG,7300,25,D,YP,BB,D
14:23:40,ICBP,RG,7300,4,D,YP,BB,D
14:23:38,ICBP,RG,7325,1,D,CC,AK,F
14:23:38,ICBP,RG,7325,1,D,CC,AK,F
14:23:38,ICBP,RG,7325,1,D,CC,PD,D
14:23:38,ICBP,RG,7325,1,D,CC,ZP,F
14:23:38,ICBP,RG,7325,2,D,CC,BB,D
14:23:38,ICBP,RG,7325,1,D,CC,AK,F
14:23:38,ICBP,RG,7325,3,D,CC,EP,D
14:23:37,ICBP,RG,7300,2,D,YP,BB,D
14:23:37,ICBP,RG,7300,1,D,YP,BB,D
14:23:29,ICBP,RG,7300,1,D,YP,BB,D
14:23:29,ICBP,RG,7300,13,D,YP,BB,D
14:23:28,ICBP,RG,7325,10,D,YP,EP,D
14:23:23,ICBP,RG,7300,6,D,YP,BB,D
14:23:23,ICBP,RG,7300,1,D,YP,BB,D
14:23:22,ICBP,RG,7300,1,D,YP,BB,D
14:23:22,ICBP,RG,7300,1,D,YP,BB,D
14:23:21,ICBP,RG,7325,55,D,TP,EP,D
14:23:09,ICBP,RG,7300,2,D,YP,NI,D
14:23:00,ICBP,RG,7300,1,D,YP,BB,D
14:22:58,ICBP,RG,7300,1,D,YP,BB,D
14:22:57,ICBP,RG,7300,1,D,YP,BB,D
14:22:50,ICBP,RG,7300,2,D,YP,BB,D
14:22:50,ICBP,RG,7300,2,D,YP,BB,D
14:22:50,ICBP,RG,7300,1,D,YP,BB,D
14:22:49,ICBP,RG,7300,1,D,YP,BB,D
14:22:37,ICBP,RG,7300,9,D,YP,BB,D
14:22:36,ICBP,RG,7300,1,D,YP,BB,D
14:22:36,ICBP,RG,7300,5,D,YP,BB,D
14:22:35,ICBP,RG,7300,10,D,YP,BB,D
14:22:31,ICBP,RG,7300,24,D,YP,BB,D
14:22:31,ICBP,RG,7300,5,D,YP,BB,D
14:22:30,ICBP,RG,7300,50,D,YP,BB,D
14:22:30,ICBP,RG,7300,1,D,YP,BB,D
14:22:30,ICBP,RG,7325,5,D,KK,EP,D
14:22:22,ICBP,RG,7325,227,D,TP,EP,D
14:22:22,ICBP,RG,7325,18,D,TP,KZ,F
14:22:16,ICBP,RG,7300,1,D,YP,BB,D
14:22:10,ICBP,RG,7300,9,D,YP,BB,D
14:22:06,ICBP,RG,7300,3,D,YP,BB,D
14:22:04,ICBP,RG,7300,1,D,YP,BB,D
14:22:00,ICBP,RG,7300,30,D,YP,YP,D
14:22:00,ICBP,RG,7300,1,D,YP,AK,F
14:21:53,ICBP,RG,7300,2,D,YP,BB,D
14:21:49,ICBP,RG,7300,2,D,YP,BB,D
14:21:49,ICBP,RG,7300,1,D,YP,BB,D
14:21:46,ICBP,RG,7325,1,D,CC,KZ,F
14:21:40,ICBP,RG,7300,1,D,YP,BB,D
14:21:40,ICBP,RG,7300,12,D,YP,BB,D
14:21:40,ICBP,RG,7300,6,D,YP,BB,D
14:21:40,ICBP,RG,7300,1,D,YP,BB,D
14:21:25,ICBP,RG,7300,1,D,YP,BB,D
14:21:25,ICBP,RG,7325,15,D,YP,KZ,F
14:21:25,ICBP,RG,7300,43,D,YP,BB,D
14:21:22,ICBP,RG,7300,4,D,YP,RO,D
14:21:16,ICBP,RG,7300,1,D,YP,BB,D
14:21:16,ICBP,RG,7325,1,D,YP,KZ,F
14:21:11,ICBP,RG,7300,1,D,YP,BB,D
14:21:06,ICBP,RG,7325,1,D,XC,KZ,F
14:21:00,ICBP,RG,7325,1,D,PD,KZ,F
14:20:54,ICBP,RG,7300,1,D,YP,BB,D
14:20:42,ICBP,RG,7325,1,D,XL,KZ,F
14:20:37,ICBP,RG,7300,1,D,YP,BB,D
14:20:37,ICBP,RG,7300,1,D,YP,BB,D
14:20:34,ICBP,RG,7300,1,D,YP,BB,D
14:20:23,ICBP,RG,7300,1,D,YP,BB,D
14:20:23,ICBP,RG,7300,1,D,YP,BB,D
14:20:14,ICBP,RG,7300,1,D,YP,BB,D
14:20:14,ICBP,RG,7300,1,D,YP,BB,D
14:20:14,ICBP,RG,7325,1,D,NI,KZ,F
14:20:11,ICBP,RG,7300,1,D,YP,BB,D
14:20:10,ICBP,RG,7300,2,D,YP,BB,D
14:20:07,ICBP,RG,7300,1,D,YP,BB,D
14:20:07,ICBP,RG,7300,1,D,YP,BB,D
14:20:04,ICBP,RG,7300,5,D,YP,BB,D
14:20:04,ICBP,RG,7300,2,D,YP,BB,D
14:20:04,ICBP,RG,7300,10,D,YP,BB,D
14:19:59,ICBP,RG,7300,1,D,YP,BB,D
14:19:58,ICBP,RG,7325,39,D,PC,KZ,F
14:19:58,ICBP,RG,7325,3,D,PC,BB,D
14:19:58,ICBP,RG,7325,1,D,PC,BB,D
14:19:58,ICBP,RG,7325,7,D,PC,BB,D
14:19:22,ICBP,RG,7300,1,D,YP,BB,D
14:19:22,ICBP,RG,7300,2,D,YP,BB,D
14:19:19,ICBP,RG,7300,1,D,YP,BB,D
14:19:18,ICBP,RG,7300,2,D,YP,BB,D
14:19:18,ICBP,RG,7300,1,D,YP,BB,D
14:19:09,ICBP,RG,7300,6,D,YP,BB,D
14:19:08,ICBP,RG,7300,12,D,YP,BB,D
14:19:07,ICBP,RG,7300,2,D,YP,BB,D
14:19:00,ICBP,RG,7300,1,D,YP,BB,D
14:19:00,ICBP,RG,7300,1,D,YP,BB,D
14:18:56,ICBP,RG,7300,53,D,YP,BB,D
14:18:55,ICBP,RG,7300,2,D,YP,BB,D
14:18:54,ICBP,RG,7300,1,D,YP,BB,D
14:18:53,ICBP,RG,7300,1,D,YP,BB,D
14:18:53,ICBP,RG,7300,1,D,YP,BB,D
14:18:42,ICBP,RG,7300,1,D,YP,BB,D
14:18:42,ICBP,RG,7325,10,D,CC,BB,D
14:18:33,ICBP,RG,7300,1,D,YP,BB,D
14:18:26,ICBP,RG,7300,2,D,YP,BB,D
14:18:22,ICBP,RG,7300,1,D,YP,BB,D
14:18:14,ICBP,RG,7325,1,D,AI,AK,F
14:18:12,ICBP,RG,7300,1,D,YP,BB,D
14:18:12,ICBP,RG,7300,1,D,YP,BB,D
14:18:12,ICBP,RG,7300,1,D,YP,BB,D
14:18:12,ICBP,RG,7300,1,D,YP,BB,D
14:18:11,ICBP,RG,7325,1,D,PD,AK,F
14:18:06,ICBP,RG,7300,1,D,YP,BB,D
14:18:06,ICBP,RG,7300,1,D,YP,BB,D
14:18:06,ICBP,RG,7300,1,D,YP,BB,D
14:18:06,ICBP,RG,7300,14,D,YP,BB,D
14:18:00,ICBP,RG,7300,2,D,YP,BB,D
14:18:00,ICBP,RG,7300,6,D,YP,BB,D
14:17:56,ICBP,RG,7300,59,D,YP,BB,D
14:17:54,ICBP,RG,7300,1,D,YP,BB,D
14:17:53,ICBP,RG,7300,5,D,YP,BB,D
14:17:52,ICBP,RG,7300,6,D,YP,BB,D
14:17:50,ICBP,RG,7300,15,D,YP,BB,D
14:17:48,ICBP,RG,7300,18,D,YP,BB,D
14:17:48,ICBP,RG,7325,1,D,EP,AK,F
14:17:48,ICBP,RG,7325,4,D,EP,PD,D
14:17:47,ICBP,RG,7300,2,D,YP,BB,D
14:17:43,ICBP,RG,7325,1,D,YP,PD,D
14:17:43,ICBP,RG,7325,18,D,YP,RX,D
14:17:41,ICBP,RG,7300,29,D,YP,BB,D
14:17:41,ICBP,RG,7300,6,D,YP,BB,D
14:17:41,ICBP,RG,7300,3,D,YP,BB,D
14:17:41,ICBP,RG,7300,69,D,YP,BB,D
14:17:41,ICBP,RG,7300,12,D,YP,BB,D
14:17:41,ICBP,RG,7300,17,D,YP,BB,D
14:17:25,ICBP,RG,7300,5,D,YP,BB,D
14:17:25,ICBP,RG,7300,20,D,YP,BB,D
14:17:24,ICBP,RG,7325,107,D,SQ,RX,D
14:17:24,ICBP,RG,7325,147,D,SQ,RX,D
14:17:24,ICBP,RG,7325,1,D,SQ,ZP,F
14:17:24,ICBP,RG,7325,6,D,SQ,BB,D
14:17:24,ICBP,RG,7325,38,D,SQ,BB,D
14:17:24,ICBP,RG,7325,1,D,SQ,BB,D
14:17:18,ICBP,RG,7300,121,D,YP,BB,D
14:17:17,ICBP,RG,7300,10,D,YP,BB,D
14:17:16,ICBP,RG,7300,24,D,YP,BB,D
14:17:14,ICBP,RG,7300,72,D,YP,BB,D
14:17:14,ICBP,RG,7300,4,D,YP,BB,D
14:17:14,ICBP,RG,7300,9,D,YP,BB,D
14:17:14,ICBP,RG,7300,32,D,YP,BK,F
14:17:09,ICBP,RG,7300,120,D,YP,BK,F
14:17:08,ICBP,RG,7300,9,D,YP,BB,D
14:17:08,ICBP,RG,7300,30,D,YP,BB,D
14:17:07,ICBP,RG,7300,12,D,YP,BB,D
14:17:06,ICBP,RG,7300,7,D,YP,BB,D
14:17:06,ICBP,RG,7300,15,D,YP,BB,D
14:17:06,ICBP,RG,7300,1,D,NI,BB,D
14:17:06,ICBP,RG,7300,3,D,ZP,BB,D
14:17:06,ICBP,RG,7300,5,D,NI,BB,D
14:17:06,ICBP,RG,7300,1,D,YP,BB,D
14:17:06,ICBP,RG,7300,1,D,KK,BB,D
14:17:06,ICBP,RG,7300,1,D,YP,BB,D
14:17:06,ICBP,RG,7300,10,D,XC,BB,D
14:17:06,ICBP,RG,7300,4,D,XL,BB,D
14:17:06,ICBP,RG,7300,1,D,YP,BB,D
14:17:06,ICBP,RG,7300,2,D,YU,BB,D
14:17:06,ICBP,RG,7300,48,D,YU,BB,D
14:17:06,ICBP,RG,7300,2,D,YB,BB,D
14:17:06,ICBP,RG,7300,5,D,YP,BB,D
14:17:06,ICBP,RG,7300,1,D,YP,BB,D
14:17:06,ICBP,RG,7300,30,D,YB,BB,D
14:17:06,ICBP,RG,7300,2,D,YP,BB,D
14:17:06,ICBP,RG,7300,1,D,YP,BB,D
14:17:06,ICBP,RG,7300,1,D,XC,BB,D
14:17:06,ICBP,RG,7300,1,D,XC,BB,D
14:17:06,ICBP,RG,7300,1,D,YP,BB,D
14:17:06,ICBP,RG,7300,50,D,CP,BB,D
14:17:06,ICBP,RG,7300,3,D,CC,BB,D
14:17:06,ICBP,RG,7300,6,D,YP,BB,D
14:17:06,ICBP,RG,7300,5,D,NI,BB,D
14:17:06,ICBP,RG,7300,1,D,XC,BB,D
14:17:06,ICBP,RG,7300,25,D,YP,BB,D
14:17:06,ICBP,RG,7300,137,D,XC,BB,D
14:17:05,ICBP,RG,7300,101,D,XC,BK,F
14:17:05,ICBP,RG,7300,2,D,KK,BK,F
14:17:05,ICBP,RG,7300,5,D,PD,BK,F
14:17:05,ICBP,RG,7300,1,D,XC,BK,F
14:17:05,ICBP,RG,7300,110,D,SQ,BK,F
14:17:01,ICBP,RG,7325,6,D,DH,BK,F
14:17:01,ICBP,RG,7300,40,D,SQ,BB,D
14:17:01,ICBP,RG,7300,1,D,YP,BB,D
14:17:01,ICBP,RG,7300,5,D,KK,BB,D
14:17:01,ICBP,RG,7300,2,D,YP,BB,D
14:17:01,ICBP,RG,7300,1,D,SQ,BB,D
14:17:01,ICBP,RG,7300,7,D,YP,BB,D
14:17:01,ICBP,RG,7300,1,D,PD,BB,D
14:17:01,ICBP,RG,7300,1,D,XL,BB,D
14:17:01,ICBP,RG,7300,1,D,YP,BB,D
14:17:01,ICBP,RG,7300,67,D,GR,BB,D
14:17:01,ICBP,RG,7300,33,D,GR,BB,D
14:17:01,ICBP,RG,7300,1,D,YP,BB,D
14:17:01,ICBP,RG,7300,1,D,XL,BB,D
14:17:01,ICBP,RG,7300,1,D,YP,BB,D
14:17:01,ICBP,RG,7300,1,D,SQ,BB,D
14:17:01,ICBP,RG,7300,2,D,NI,BB,D
14:17:01,ICBP,RG,7300,1,D,CC,BB,D
14:17:01,ICBP,RG,7300,1,D,KK,BB,D
14:17:01,ICBP,RG,7300,9,D,DR,BB,D
14:17:01,ICBP,RG,7325,1,F,CS,BK,F
14:17:01,ICBP,RG,7325,3,F,CS,BK,F
14:17:01,ICBP,RG,7325,3,F,CS,BK,F
14:17:01,ICBP,RG,7325,3,F,CS,BK,F
14:17:01,ICBP,RG,7325,8,F,CS,BK,F
14:17:01,ICBP,RG,7325,53,F,ZP,BK,F
14:16:58,ICBP,RG,7325,23,F,ZP,BB,D
14:16:58,ICBP,RG,7325,4,F,ZP,BB,D
14:16:57,ICBP,RG,7325,16,F,ZP,BK,F
14:16:56,ICBP,RG,7325,1,F,ZP,BK,F
14:16:56,ICBP,RG,7325,1,D,AT,BK,F
14:16:56,ICBP,RG,7325,19,D,YP,BK,F
14:16:56,ICBP,RG,7325,4,D,XC,BK,F
14:16:56,ICBP,RG,7325,1,D,AZ,BK,F
14:16:56,ICBP,RG,7325,5,D,GR,BK,F
14:16:56,ICBP,RG,7325,42,D,NI,BK,F
14:16:56,ICBP,RG,7325,2,D,PD,BK,F
14:16:56,ICBP,RG,7325,1,D,XC,BK,F
14:16:56,ICBP,RG,7325,1,D,PD,BK,F
14:16:56,ICBP,RG,7325,3,D,XC,BK,F
14:16:56,ICBP,RG,7325,4,F,CS,BK,F
14:16:56,ICBP,RG,7325,4,F,AK,BK,F
14:16:56,ICBP,RG,7325,2,D,PD,BK,F
14:16:56,ICBP,RG,7325,4,D,CC,BK,F
14:16:56,ICBP,RG,7325,5,F,CS,BK,F
14:16:56,ICBP,RG,7325,5,F,CS,BK,F
14:16:56,ICBP,RG,7325,5,D,YP,BK,F
14:16:56,ICBP,RG,7325,2,D,PD,BK,F
14:16:56,ICBP,RG,7325,3,D,PD,BK,F
14:16:56,ICBP,RG,7325,2,D,YP,BK,F
14:16:56,ICBP,RG,7325,1,D,DH,BK,F
14:16:56,ICBP,RG,7325,10,D,YP,BK,F
14:16:56,ICBP,RG,7325,1,D,XC,BK,F
14:16:56,ICBP,RG,7325,1,D,OD,BK,F
14:16:56,ICBP,RG,7325,1,D,OD,BK,F
14:16:56,ICBP,RG,7325,1,D,NI,BK,F
14:16:56,ICBP,RG,7325,9,F,AK,BK,F
14:16:56,ICBP,RG,7325,6,F,CS,BK,F
14:16:56,ICBP,RG,7325,7,F,CS,BK,F
14:16:56,ICBP,RG,7325,94,D,SQ,BK,F
14:16:56,ICBP,RG,7325,1,D,SQ,ZP,F
14:16:56,ICBP,RG,7325,1000,D,SQ,RX,D
14:16:56,ICBP,RG,7325,1,D,SQ,BB,D
14:16:53,ICBP,RG,7350,20,D,CC,ZP,D
14:16:52,ICBP,RG,7325,5,D,SQ,BB,D
14:16:44,ICBP,RG,7325,3,D,SQ,BB,D
14:16:38,ICBP,RG,7325,1,D,SQ,BB,D
14:16:37,ICBP,RG,7325,1,D,SQ,BB,D
14:16:36,ICBP,RG,7325,1,D,SQ,BB,D
14:16:36,ICBP,RG,7350,20,D,YP,ZP,D
14:16:27,ICBP,RG,7325,3,D,SQ,BB,D
14:16:27,ICBP,RG,7325,1,D,SQ,BB,D
14:16:24,ICBP,RG,7325,1,D,SQ,BB,D
14:16:23,ICBP,RG,7325,2,D,SQ,BB,D
14:16:19,ICBP,RG,7325,13,D,SQ,BK,F
14:16:18,ICBP,RG,7325,1,D,SQ,BB,D
14:16:18,ICBP,RG,7325,2,D,SQ,BB,D
14:16:18,ICBP,RG,7325,1,D,SQ,BB,D
14:16:14,ICBP,RG,7325,1,D,SQ,BB,D
14:16:13,ICBP,RG,7325,1,D,SQ,BB,D
14:16:13,ICBP,RG,7325,4,D,SQ,BB,D
14:16:10,ICBP,RG,7325,1,D,SQ,BB,D
14:16:10,ICBP,RG,7325,1,D,XC,BB,D
14:16:10,ICBP,RG,7325,1,D,YP,BB,D
14:16:09,ICBP,RG,7350,4,D,XC,ZP,D
14:16:05,ICBP,RG,7325,2,D,YP,BB,D
14:16:04,ICBP,RG,7325,7,D,YP,BB,D
14:16:04,ICBP,RG,7325,1,D,YP,BB,D
14:16:03,ICBP,RG,7325,13,D,YP,BK,F
14:15:57,ICBP,RG,7325,26,D,YP,BB,D
14:15:57,ICBP,RG,7325,2,D,CC,BB,D
14:15:57,ICBP,RG,7325,1,D,CC,BB,D
14:15:57,ICBP,RG,7325,2,D,CC,BB,D
14:15:57,ICBP,RG,7325,5,D,PD,BB,D
14:15:57,ICBP,RG,7325,3,D,XC,BB,D
14:15:57,ICBP,RG,7325,1,D,XC,BB,D
14:15:38,ICBP,RG,7325,5,D,XC,BB,D
14:15:37,ICBP,RG,7325,11,D,XC,BK,F
14:15:37,ICBP,RG,7325,1,D,XC,BK,F
14:15:37,ICBP,RG,7325,1,D,YP,BK,F
14:15:37,ICBP,RG,7325,1,D,CC,BK,F
14:15:36,ICBP,RG,7325,6,D,CC,BB,D
14:15:35,ICBP,RG,7325,31,D,CC,BB,D
14:15:35,ICBP,RG,7325,2,D,KK,BB,D
14:15:35,ICBP,RG,7325,1,D,KK,BB,D
14:15:35,ICBP,RG,7325,2,F,CS,BB,D
14:15:35,ICBP,RG,7325,3,F,CS,BB,D
14:15:35,ICBP,RG,7325,1,D,KK,BB,D
14:15:35,ICBP,RG,7325,2,D,XC,BB,D
14:15:35,ICBP,RG,7325,1,D,NI,BB,D
14:15:34,ICBP,RG,7325,1,D,NI,BK,F
14:15:34,ICBP,RG,7325,6,D,DH,BK,F
14:15:34,ICBP,RG,7325,1,D,YP,BK,F
14:15:34,ICBP,RG,7325,1,F,CS,BK,F
14:15:34,ICBP,RG,7325,6,F,ZP,BK,F
14:15:32,ICBP,RG,7325,1,F,ZP,PD,D
14:15:32,ICBP,RG,7325,17,F,ZP,YP,D
14:15:32,ICBP,RG,7325,136,D,GR,YP,D
14:15:32,ICBP,RG,7325,1,F,CS,YP,D
14:15:32,ICBP,RG,7325,1,F,CS,YP,D
14:15:32,ICBP,RG,7325,9,F,AK,YP,D
14:15:32,ICBP,RG,7325,6,F,CS,YP,D
14:15:32,ICBP,RG,7325,2,F,CS,YP,D
14:15:32,ICBP,RG,7325,2,D,KK,YP,D
14:15:32,ICBP,RG,7325,2,D,CC,YP,D
14:15:32,ICBP,RG,7325,5,D,NI,YP,D
14:15:32,ICBP,RG,7325,1,D,YP,YP,D
14:15:32,ICBP,RG,7325,2,D,YP,YP,D
14:15:32,ICBP,RG,7325,2,D,XC,YP,D
14:15:32,ICBP,RG,7325,2,D,YP,YP,D
14:15:32,ICBP,RG,7325,1,D,SQ,YP,D
14:15:32,ICBP,RG,7325,1,D,XC,YP,D
14:15:32,ICBP,RG,7325,1,D,KK,YP,D
14:15:32,ICBP,RG,7325,5,D,YP,YP,D
14:15:32,ICBP,RG,7325,4,D,EP,YP,D
14:15:30,ICBP,RG,7325,2,D,EP,AK,F
14:15:30,ICBP,RG,7350,3,F,AK,ZP,D
14:15:21,ICBP,RG,7325,1,D,EP,ZP,F
14:15:18,ICBP,RG,7325,1,D,EP,BB,D
14:15:18,ICBP,RG,7325,1,D,EP,BB,D
14:15:18,ICBP,RG,7325,1,D,EP,BB,D
14:14:51,ICBP,RG,7350,4,D,PD,ZP,D
14:14:48,ICBP,RG,7325,1,D,EP,BB,D
14:14:48,ICBP,RG,7325,1,D,EP,BB,D
14:14:45,ICBP,RG,7325,1,D,EP,BB,D
14:14:33,ICBP,RG,7325,1,D,EP,BB,D
14:14:26,ICBP,RG,7325,1,D,EP,BB,D
14:14:15,ICBP,RG,7350,3,F,AK,ZP,D
14:14:12,ICBP,RG,7325,1,D,EP,BB,D
14:14:12,ICBP,RG,7325,3,D,EP,BB,D
14:13:52,ICBP,RG,7325,8,D,EP,BB,D
14:13:51,ICBP,RG,7350,1,D,YP,ZP,D
14:13:48,ICBP,RG,7325,1,D,EP,BB,D
14:13:48,ICBP,RG,7325,1,D,EP,BB,D
14:13:37,ICBP,RG,7325,4,D,EP,BB,D
14:13:37,ICBP,RG,7325,2,D,EP,BB,D
14:13:36,ICBP,RG,7325,1,D,EP,AK,F
14:13:16,ICBP,RG,7325,20,D,EP,YP,D
14:13:09,ICBP,RG,7325,1,D,EP,BB,D
14:12:56,ICBP,RG,7325,1,D,EP,BB,D
14:12:52,ICBP,RG,7350,2,D,NI,ZP,D
14:12:48,ICBP,RG,7325,1,D,EP,BB,D
14:12:48,ICBP,RG,7325,1,D,EP,BB,D
14:12:47,ICBP,RG,7350,1,D,XL,ZP,D
14:12:30,ICBP,RG,7325,2,D,EP,BB,D
14:12:29,ICBP,RG,7325,2,D,EP,SQ,D
14:12:21,ICBP,RG,7325,1,D,EP,BB,D
14:12:21,ICBP,RG,7325,1,D,EP,BB,D
14:12:20,ICBP,RG,7350,3,D,PD,ZP,D
14:12:15,ICBP,RG,7325,1,D,EP,ZP,F
14:12:11,ICBP,RG,7325,1,D,EP,BB,D
14:12:00,ICBP,RG,7325,2,D,EP,BB,D
14:11:58,ICBP,RG,7325,1,D,EP,BB,D
14:11:58,ICBP,RG,7325,11,D,EP,BB,D
14:11:58,ICBP,RG,7325,5,D,EP,BB,D
14:11:58,ICBP,RG,7325,2,D,EP,BB,D
14:11:40,ICBP,RG,7350,50,D,NI,ZP,D
14:11:34,ICBP,RG,7325,1,D,EP,BB,D
14:11:34,ICBP,RG,7325,3,D,EP,XC,D
14:11:24,ICBP,RG,7325,1,D,EP,BB,D
14:10:42,ICBP,RG,7325,1,D,EP,BB,D
14:10:42,ICBP,RG,7325,1,D,EP,BB,D
14:10:42,ICBP,RG,7350,1,D,SQ,ZP,D
14:10:25,ICBP,RG,7325,1,D,EP,ZP,F
14:10:24,ICBP,RG,7325,1,D,EP,BB,D
14:10:22,ICBP,RG,7325,2,D,EP,BB,D
14:10:22,ICBP,RG,7325,3,D,EP,BB,D
14:10:22,ICBP,RG,7325,1,D,EP,YP,D
14:10:08,ICBP,RG,7325,3,D,EP,BB,D
14:10:03,ICBP,RG,7325,1,D,EP,BB,D
14:10:02,ICBP,RG,7325,17,D,EP,BB,D
14:10:02,ICBP,RG,7325,6,D,EP,BB,D
14:09:59,ICBP,RG,7325,64,D,EP,KZ,F
14:09:55,ICBP,RG,7325,1,D,EP,BB,D
14:09:53,ICBP,RG,7325,14,D,EP,YP,D
14:09:39,ICBP,RG,7325,1,D,EP,BB,D
14:09:29,ICBP,RG,7325,1,D,EP,BB,D
14:09:29,ICBP,RG,7325,1,D,EP,BB,D
14:09:20,ICBP,RG,7350,5,F,AK,ZP,D
14:08:57,ICBP,RG,7325,1,D,EP,BB,D
14:08:49,ICBP,RG,7325,1,D,EP,BB,D
14:08:49,ICBP,RG,7325,1,D,EP,BB,D
14:08:36,ICBP,RG,7325,2,D,EP,BB,D
14:08:36,ICBP,RG,7325,1,D,EP,BB,D
14:08:21,ICBP,RG,7325,1,D,EP,BB,D
14:08:21,ICBP,RG,7325,2,D,EP,BB,D
14:08:16,ICBP,RG,7325,7,D,EP,BB,D
14:08:16,ICBP,RG,7325,5,D,EP,BB,D
14:08:15,ICBP,RG,7325,2,D,EP,BB,D
14:08:15,ICBP,RG,7325,1,D,EP,ZP,F
14:08:07,ICBP,RG,7325,1,D,EP,BB,D
14:08:07,ICBP,RG,7325,4,D,EP,BB,D
14:08:06,ICBP,RG,7325,19,D,EP,BB,D
14:08:06,ICBP,RG,7325,5,D,EP,BB,D
14:08:06,ICBP,RG,7325,9,D,EP,BB,D
14:08:06,ICBP,RG,7325,1,D,YP,BB,D
14:08:06,ICBP,RG,7325,5,D,NI,BB,D
14:08:06,ICBP,RG,7325,1,D,SQ,BB,D
14:08:06,ICBP,RG,7325,1,D,XC,BB,D
14:08:06,ICBP,RG,7325,1,D,XL,BB,D
14:08:06,ICBP,RG,7325,1,D,YP,BB,D
14:08:06,ICBP,RG,7325,1,D,CC,BB,D
14:08:06,ICBP,RG,7325,21,D,CC,BB,D
14:07:56,ICBP,RG,7325,1,D,CC,BB,D
14:07:55,ICBP,RG,7325,22,D,CC,EP,D
14:07:55,ICBP,RG,7325,1,D,YP,EP,D
14:07:55,ICBP,RG,7325,8,D,YP,EP,D
14:07:55,ICBP,RG,7325,3,F,AK,EP,D
14:07:55,ICBP,RG,7325,10,D,YP,EP,D
14:07:55,ICBP,RG,7325,1,F,CS,EP,D
14:07:55,ICBP,RG,7325,2,F,CS,EP,D
14:07:55,ICBP,RG,7325,15,F,ZP,EP,D
14:07:55,ICBP,RG,7325,7,F,CS,EP,D
14:07:55,ICBP,RG,7325,3,F,CS,EP,D
14:07:55,ICBP,RG,7325,128,D,YP,EP,D
14:07:40,ICBP,RG,7325,2,D,YP,BB,D
14:07:34,ICBP,RG,7325,1,D,YP,BB,D
14:07:31,ICBP,RG,7325,1,D,YP,BB,D
14:07:25,ICBP,RG,7325,5,D,YP,NI,D
14:07:20,ICBP,RG,7325,3,D,YP,BB,D
14:07:20,ICBP,RG,7325,7,D,YP,BB,D
14:07:20,ICBP,RG,7325,1,D,YP,BB,D
14:06:46,ICBP,RG,7350,30,D,XA,ZP,D
14:06:38,ICBP,RG,7325,1,D,YP,BB,D
14:06:26,ICBP,RG,7325,1,D,YP,BB,D
14:06:06,ICBP,RG,7325,1,D,YP,BB,D
14:06:00,ICBP,RG,7325,3,D,YP,BB,D
14:05:59,ICBP,RG,7350,1,D,XC,ZP,D
14:05:50,ICBP,RG,7350,4,F,AK,ZP,D
14:05:45,ICBP,RG,7325,1,D,YP,BB,D
14:05:44,ICBP,RG,7325,8,D,YP,YP,D
14:05:41,ICBP,RG,7325,1,D,YP,BB,D
14:05:38,ICBP,RG,7325,1,D,YP,BB,D
14:05:38,ICBP,RG,7325,1,D,YP,BB,D
14:05:25,ICBP,RG,7325,1,D,YP,BB,D
14:05:25,ICBP,RG,7325,5,D,YP,BB,D
14:05:25,ICBP,RG,7325,2,D,YP,BB,D
14:05:13,ICBP,RG,7325,3,D,YP,BB,D
14:05:08,ICBP,RG,7325,7,D,YP,BB,D
14:05:08,ICBP,RG,7325,8,D,YP,BB,D
14:05:08,ICBP,RG,7325,2,D,YP,BB,D
14:05:07,ICBP,RG,7350,10,D,XC,ZP,D
14:04:57,ICBP,RG,7325,33,D,YP,BB,D
14:04:55,ICBP,RG,7325,5,D,YP,BB,D
14:04:55,ICBP,RG,7325,1,D,YP,BB,D
14:04:55,ICBP,RG,7325,1,D,YP,BB,D
14:04:55,ICBP,RG,7325,1,D,YP,BB,D
14:04:44,ICBP,RG,7325,30,D,YP,BB,D
14:04:36,ICBP,RG,7325,1,D,YP,SQ,D
14:04:32,ICBP,RG,7325,2,D,YP,BB,D
14:04:32,ICBP,RG,7325,11,D,YP,BB,D
14:04:31,ICBP,RG,7325,5,D,YP,BB,D
14:04:31,ICBP,RG,7325,11,D,YP,BB,D
14:04:25,ICBP,RG,7325,18,D,YP,BB,D
14:04:24,ICBP,RG,7325,8,D,YP,BB,D
14:04:24,ICBP,RG,7325,2,D,YP,BB,D
14:04:23,ICBP,RG,7325,26,D,YP,CC,F
14:04:23,ICBP,RG,7325,5,D,YP,BB,D
14:04:23,ICBP,RG,7325,9,D,YP,BB,D
14:04:23,ICBP,RG,7325,4,D,YP,BB,D
14:04:23,ICBP,RG,7325,6,D,YP,BB,D
14:04:23,ICBP,RG,7325,6,D,YP,BB,D
14:04:23,ICBP,RG,7325,2,D,YP,BB,D
14:04:23,ICBP,RG,7325,6,D,YP,XL,D
14:04:23,ICBP,RG,7325,20,D,YP,PD,D
14:04:23,ICBP,RG,7325,1,D,YP,PD,D
14:04:22,ICBP,RG,7300,1,D,DR,BB,D
14:04:22,ICBP,RG,7300,2,D,DH,BB,D
14:04:22,ICBP,RG,7300,1,D,YP,BB,D
14:04:22,ICBP,RG,7300,1,D,SQ,BB,D
14:04:22,ICBP,RG,7300,4,D,KK,BB,D
14:04:22,ICBP,RG,7300,4,D,PD,BB,D
14:04:22,ICBP,RG,7300,1,D,PD,BB,D
14:04:22,ICBP,RG,7300,1,D,YP,BB,D
14:04:22,ICBP,RG,7300,2,D,PD,BB,D
14:04:22,ICBP,RG,7300,1,D,ID,BB,D
14:04:22,ICBP,RG,7300,3,D,NI,BB,D
14:04:22,ICBP,RG,7300,13,D,AI,BB,D
14:04:22,ICBP,RG,7300,2,D,XC,BB,D
14:04:22,ICBP,RG,7300,2,D,CP,BB,D
14:04:22,ICBP,RG,7300,10,D,YP,BB,D
14:04:19,ICBP,RG,7325,5,D,YP,PD,D
14:04:18,ICBP,RG,7325,25,F,ZP,PD,D
14:04:18,ICBP,RG,7325,2,F,ZP,PD,D
14:04:18,ICBP,RG,7325,49,D,AI,PD,D
14:04:18,ICBP,RG,7325,60,D,AI,KZ,F
14:04:18,ICBP,RG,7325,1,D,AI,AK,F
14:04:18,ICBP,RG,7325,1,D,AI,AK,F
14:04:18,ICBP,RG,7325,4,D,AI,YP,D
14:04:18,ICBP,RG,7325,2,D,AI,AK,F
14:04:18,ICBP,RG,7325,228,D,AI,BB,D
14:04:18,ICBP,RG,7325,1,D,AI,BB,D
14:04:18,ICBP,RG,7325,5,D,AI,GR,D
14:04:18,ICBP,RG,7325,14,D,AI,KK,D
14:04:18,ICBP,RG,7325,2,D,AI,ZP,F
14:04:18,ICBP,RG,7325,45,D,AI,BB,D
14:04:18,ICBP,RG,7325,21,D,AI,CC,F
14:04:18,ICBP,RG,7325,31,D,AI,BB,D
14:04:18,ICBP,RG,7325,8,D,AI,BB,D
14:04:18,ICBP,RG,7325,1,D,AI,AK,F
14:04:18,ICBP,RG,7325,1,D,AI,AK,F
14:04:18,ICBP,RG,7325,1,D,AI,AK,F
14:04:18,ICBP,RG,7325,321,D,AI,KK,D
14:04:18,ICBP,RG,7325,15,D,AI,BB,D
14:04:18,ICBP,RG,7325,5,D,AI,BB,D
14:04:18,ICBP,RG,7325,1,D,AI,BB,D
14:04:18,ICBP,RG,7325,1,D,AI,ZP,F
14:04:18,ICBP,RG,7325,182,D,AI,YP,D
14:04:17,ICBP,RG,7300,1,D,YP,BB,D
14:04:17,ICBP,RG,7300,1,D,PD,BB,D
14:04:17,ICBP,RG,7300,1,D,SQ,BB,D
14:04:04,ICBP,RG,7300,1,D,CC,BB,D
14:04:01,ICBP,RG,7300,1,D,CC,BB,D
14:04:01,ICBP,RG,7300,1,D,PD,BB,D
14:04:00,ICBP,RG,7325,3,F,AK,YP,D
14:04:00,ICBP,RG,7300,1,D,PD,BB,D
14:04:00,ICBP,RG,7300,1,D,PD,BB,D
14:04:00,ICBP,RG,7300,5,D,DH,BB,D
14:04:00,ICBP,RG,7300,1,D,DH,BB,D
14:03:55,ICBP,RG,7300,1,D,DH,BB,D
14:03:55,ICBP,RG,7300,1,D,DH,BB,D
14:03:55,ICBP,RG,7300,1,D,DH,BB,D
14:03:54,ICBP,RG,7300,1,D,DH,BB,D
14:03:54,ICBP,RG,7300,5,D,YP,BB,D
14:03:54,ICBP,RG,7300,1,D,PD,BB,D
14:03:54,ICBP,RG,7300,3,D,HP,BB,D
14:03:54,ICBP,RG,7300,10,D,YP,BB,D
14:03:54,ICBP,RG,7300,2,D,LG,BB,D
14:03:54,ICBP,RG,7300,2,D,YP,BB,D
14:03:26,ICBP,RG,7300,1,D,YP,BB,D
14:03:14,ICBP,RG,7300,1,D,YP,BB,D
14:03:14,ICBP,RG,7300,1,D,YP,BB,D
14:03:03,ICBP,RG,7300,1,D,YP,BB,D
14:02:53,ICBP,RG,7300,1,D,YP,BB,D
14:02:52,ICBP,RG,7300,1,D,YP,BB,D
14:02:51,ICBP,RG,7300,3,D,YP,BB,D
14:02:48,ICBP,RG,7300,1,D,YP,BB,D
14:02:48,ICBP,RG,7300,2,D,YP,BB,D
14:02:42,ICBP,RG,7300,1,D,YP,BB,D
14:02:41,ICBP,RG,7325,10,D,YP,YP,D
14:02:38,ICBP,RG,7300,3,D,YP,BB,D
14:02:37,ICBP,RG,7300,1,D,YP,BB,D
14:02:36,ICBP,RG,7300,1,D,YP,AK,F
14:02:28,ICBP,RG,7300,1,D,YP,BB,D
14:02:27,ICBP,RG,7325,10,D,YP,YP,D
14:02:20,ICBP,RG,7300,1,D,YP,BB,D
14:02:17,ICBP,RG,7300,2,D,YP,BB,D
14:02:17,ICBP,RG,7300,1,D,YP,BB,D
14:02:17,ICBP,RG,7300,2,D,YP,BB,D
14:02:00,ICBP,RG,7300,1,D,YP,BB,D
14:01:55,ICBP,RG,7300,9,D,YP,BB,D
14:01:55,ICBP,RG,7300,1,D,YP,BB,D
14:01:55,ICBP,RG,7300,1,D,NI,BB,D
14:01:55,ICBP,RG,7300,1,D,NI,BB,D
14:01:54,ICBP,RG,7300,3,D,CC,BB,D
14:01:53,ICBP,RG,7300,2,D,CC,BB,D
14:01:52,ICBP,RG,7300,2,D,CC,BB,D
14:01:52,ICBP,RG,7300,6,D,CC,BB,D
14:01:47,ICBP,RG,7325,50,D,PD,YP,D
14:01:45,ICBP,RG,7300,1,D,CC,CC,D
14:01:45,ICBP,RG,7300,1,D,CC,BB,D
14:01:44,ICBP,RG,7300,5,D,CC,BB,D
14:01:44,ICBP,RG,7300,3,D,YP,BB,D
14:01:42,ICBP,RG,7300,1,D,YP,BB,D
14:01:38,ICBP,RG,7325,5,D,KK,YP,D
14:01:38,ICBP,RG,7300,3,D,YP,BB,D
14:01:37,ICBP,RG,7300,1,D,YP,BB,D
14:01:32,ICBP,RG,7300,23,D,YP,BB,D
14:01:30,ICBP,RG,7300,2,D,YP,BB,D
14:01:29,ICBP,RG,7300,1,D,YP,BB,D
14:01:26,ICBP,RG,7325,1,D,PD,YP,D
14:01:26,ICBP,RG,7325,2,D,NI,YP,D
14:01:20,ICBP,RG,7325,8,D,XC,YP,D
14:01:13,ICBP,RG,7300,1,D,YP,BB,D
14:00:54,ICBP,RG,7300,1,D,YP,BB,D
14:00:54,ICBP,RG,7300,1,D,YP,BB,D
14:00:54,ICBP,RG,7300,1,D,YP,BB,D
14:00:44,ICBP,RG,7300,1,D,YP,BB,D
14:00:35,ICBP,RG,7300,1,D,YP,BB,D
14:00:25,ICBP,RG,7300,2,D,YP,BB,D
14:00:22,ICBP,RG,7325,1,D,CC,YP,D
14:00:20,ICBP,RG,7300,1,D,YP,BB,D
14:00:17,ICBP,RG,7300,1,D,YP,BB,D
14:00:12,ICBP,RG,7300,1,D,YP,BB,D
14:00:12,ICBP,RG,7300,5,D,YP,BB,D
14:00:11,ICBP,RG,7300,1,D,YP,BB,D
14:00:07,ICBP,RG,7325,1,D,KK,YP,D
14:00:06,ICBP,RG,7300,3,D,YP,BB,D
14:00:06,ICBP,RG,7300,16,D,YP,BB,D
14:00:01,ICBP,RG,7300,1,D,YP,BB,D
14:00:00,ICBP,RG,7300,2,D,YP,BB,D
13:59:59,ICBP,RG,7300,8,D,YP,BK,F
13:59:57,ICBP,RG,7300,7,D,YP,BB,D
13:59:56,ICBP,RG,7300,4,D,YP,BB,D
13:59:53,ICBP,RG,7300,8,D,YP,BK,F
13:59:53,ICBP,RG,7300,1,D,YP,BK,F
13:59:53,ICBP,RG,7300,1,D,YP,BK,F
13:59:53,ICBP,RG,7300,2,D,CC,BK,F
13:59:52,ICBP,RG,7300,1,D,PD,BB,D
13:59:52,ICBP,RG,7300,1,D,YP,BB,D
13:59:52,ICBP,RG,7300,5,D,OD,BB,D
13:59:51,ICBP,RG,7300,6,D,OD,BB,D
13:59:51,ICBP,RG,7300,3,D,OD,BB,D
13:59:51,ICBP,RG,7300,21,D,OD,BK,F
13:59:50,ICBP,RG,7300,33,D,OD,BB,D
13:59:49,ICBP,RG,7325,2,D,PD,YP,D
13:59:48,ICBP,RG,7300,8,D,OD,BB,D
13:59:47,ICBP,RG,7300,3,D,OD,BB,D
13:59:47,ICBP,RG,7325,15,D,PD,YP,D
13:59:46,ICBP,RG,7300,45,D,OD,BB,D
13:59:46,ICBP,RG,7300,20,D,OD,BB,D
13:59:46,ICBP,RG,7300,25,D,OD,BK,F
13:59:44,ICBP,RG,7325,6,D,YP,YP,D
13:59:44,ICBP,RG,7325,1,D,YP,AK,F
13:59:43,ICBP,RG,7300,95,D,OD,BB,D
13:59:43,ICBP,RG,7300,27,D,OD,BB,D
13:59:43,ICBP,RG,7300,16,D,OD,BK,F
13:59:39,ICBP,RG,7300,11,D,OD,BB,D
13:59:39,ICBP,RG,7300,77,D,OD,BK,F
13:59:34,ICBP,RG,7300,105,D,OD,BB,D
13:59:34,ICBP,RG,7300,5,D,PD,BB,D
13:59:34,ICBP,RG,7300,1,D,EP,BB,D
13:59:34,ICBP,RG,7300,2,D,PD,BB,D
13:59:34,ICBP,RG,7300,35,D,SQ,BB,D
13:59:34,ICBP,RG,7300,1,D,YP,BB,D
13:59:34,ICBP,RG,7300,40,D,SQ,BB,D
13:59:34,ICBP,RG,7300,1,D,YP,BB,D
13:59:34,ICBP,RG,7300,1,D,CC,BB,D
13:59:34,ICBP,RG,7300,4,D,ZP,BB,D
13:59:33,ICBP,RG,7300,1,D,ZP,BB,D
13:59:33,ICBP,RG,7300,15,D,ZP,BK,F
13:59:33,ICBP,RG,7300,1,D,YP,BK,F
13:59:33,ICBP,RG,7300,1,D,CC,BK,F
13:59:33,ICBP,RG,7300,1,D,YP,BK,F
13:59:33,ICBP,RG,7300,20,D,CC,BK,F
13:59:33,ICBP,RG,7300,1,D,SQ,BK,F
13:59:33,ICBP,RG,7300,52,D,CC,BK,F
13:59:32,ICBP,RG,7300,28,D,CC,BB,D
13:59:32,ICBP,RG,7300,80,D,CC,BB,D
13:59:32,ICBP,RG,7300,49,D,CC,BB,D
13:59:31,ICBP,RG,7300,1,D,CC,BB,D
13:59:31,ICBP,RG,7300,2,D,CC,BB,D
13:59:31,ICBP,RG,7300,1,D,YP,BB,D
13:59:31,ICBP,RG,7300,10,D,GR,BB,D
13:59:31,ICBP,RG,7300,10,D,CC,BB,D
13:59:31,ICBP,RG,7300,1,D,DR,BB,D
13:59:31,ICBP,RG,7300,10,D,LG,BB,D
13:59:31,ICBP,RG,7300,1,D,XC,BB,D
13:59:31,ICBP,RG,7300,1,D,XC,BB,D
13:59:31,ICBP,RG,7300,1,D,GR,BB,D
13:59:31,ICBP,RG,7300,1,D,LG,BB,D
13:59:31,ICBP,RG,7300,15,D,EP,BB,D
13:59:30,ICBP,RG,7300,33,D,EP,BB,D
13:59:29,ICBP,RG,7325,29,F,ZP,BK,F
13:59:29,ICBP,RG,7325,3,F,CS,BK,F
13:59:29,ICBP,RG,7325,2,F,CS,BK,F
13:59:29,ICBP,RG,7325,1,D,PD,BK,F
13:59:29,ICBP,RG,7325,10,D,KK,BK,F
13:59:29,ICBP,RG,7325,2,D,XL,BK,F
13:59:29,ICBP,RG,7325,1,D,XC,BK,F
13:59:29,ICBP,RG,7325,36,F,AK,BK,F
13:59:29,ICBP,RG,7325,7,D,EP,BK,F
13:59:29,ICBP,RG,7325,2,F,CS,BK,F
13:59:27,ICBP,RG,7325,1,F,CS,BB,D
13:59:27,ICBP,RG,7325,3,F,CS,BB,D
13:59:27,ICBP,RG,7325,6,D,XC,BB,D
13:59:27,ICBP,RG,7325,3,D,YP,BB,D
13:59:27,ICBP,RG,7325,1,D,NI,BB,D
13:59:27,ICBP,RG,7325,1,D,SQ,BB,D
13:59:27,ICBP,RG,7325,2,D,PD,BB,D
13:59:27,ICBP,RG,7325,7,D,XC,BB,D
13:59:27,ICBP,RG,7325,9,D,KK,BB,D
13:59:27,ICBP,RG,7325,9,D,KK,BB,D
13:59:26,ICBP,RG,7325,7,D,KK,BK,F
13:59:26,ICBP,RG,7325,1,D,CC,BK,F
13:59:26,ICBP,RG,7325,1,D,XC,BK,F
13:59:26,ICBP,RG,7325,2,D,PD,BK,F
13:59:26,ICBP,RG,7325,7,D,CC,BK,F
13:59:26,ICBP,RG,7325,3,D,XC,BK,F
13:59:26,ICBP,RG,7325,10,D,YP,BK,F
13:59:26,ICBP,RG,7325,1,D,YP,BK,F
13:59:26,ICBP,RG,7325,20,D,KK,BK,F
13:59:26,ICBP,RG,7325,3,F,AK,BK,F
13:59:26,ICBP,RG,7325,6,F,CS,BK,F
13:59:26,ICBP,RG,7325,6,F,CS,BK,F
13:59:26,ICBP,RG,7325,2,D,XC,BK,F
13:59:26,ICBP,RG,7325,10,D,NI,BK,F
13:59:26,ICBP,RG,7325,3,D,YP,BK,F
13:59:26,ICBP,RG,7325,50,D,LG,BK,F
13:59:26,ICBP,RG,7325,6,D,DR,BK,F
13:59:26,ICBP,RG,7325,5,D,KK,BK,F
13:59:26,ICBP,RG,7325,1,D,OD,BK,F
13:59:26,ICBP,RG,7325,1,D,NI,BK,F
13:59:26,ICBP,RG,7325,1,D,CC,BK,F
13:59:26,ICBP,RG,7325,4,D,KK,BK,F
13:59:25,ICBP,RG,7325,1,D,KK,BB,D
13:59:25,ICBP,RG,7325,1,D,PD,BB,D
13:59:25,ICBP,RG,7325,121,F,ZP,BB,D
13:59:25,ICBP,RG,7325,7,D,KK,BB,D
13:59:25,ICBP,RG,7325,6,D,PD,BB,D
13:59:25,ICBP,RG,7325,1,D,LG,BB,D
13:59:25,ICBP,RG,7325,5,D,NI,BB,D
13:59:25,ICBP,RG,7325,1,D,NI,BB,D
13:59:25,ICBP,RG,7325,20,D,LG,BB,D
13:59:25,ICBP,RG,7325,2,D,NI,BB,D
13:59:25,ICBP,RG,7325,4,D,PD,BB,D
13:59:25,ICBP,RG,7325,1,D,NI,BB,D
13:59:25,ICBP,RG,7325,13,D,YP,BB,D
13:59:25,ICBP,RG,7325,1,D,PD,BB,D
13:59:25,ICBP,RG,7325,24,D,YP,BB,D
13:59:25,ICBP,RG,7325,41,D,YP,BB,D
13:59:25,ICBP,RG,7325,10,D,YP,AK,F
13:59:25,ICBP,RG,7325,1,D,PD,AK,F
13:59:25,ICBP,RG,7325,40,D,CC,AK,F
13:59:25,ICBP,RG,7325,1,D,KK,AK,F
13:59:25,ICBP,RG,7325,1,D,YP,AK,F
13:59:25,ICBP,RG,7325,5,D,CC,AK,F
13:59:25,ICBP,RG,7325,4,F,CS,AK,F
13:59:25,ICBP,RG,7325,5,D,CC,AK,F
13:59:25,ICBP,RG,7325,1,D,PD,AK,F
13:59:25,ICBP,RG,7325,1,D,PD,AK,F
13:59:25,ICBP,RG,7325,2,D,XC,AK,F
13:59:25,ICBP,RG,7325,4,F,CS,AK,F
13:59:25,ICBP,RG,7325,2,D,NI,AK,F
13:59:25,ICBP,RG,7325,2,D,PD,AK,F
13:59:25,ICBP,RG,7325,5,D,YP,AK,F
13:59:25,ICBP,RG,7325,5,D,PD,AK,F
13:59:25,ICBP,RG,7325,1,D,PD,AK,F
13:59:25,ICBP,RG,7325,10,D,PD,AK,F
13:59:25,ICBP,RG,7325,7,F,CS,AK,F
13:59:25,ICBP,RG,7325,2,D,XC,AK,F
13:59:25,ICBP,RG,7325,5,D,CC,AK,F
13:59:25,ICBP,RG,7325,1,D,YP,AK,F
13:59:25,ICBP,RG,7325,4,D,XC,AK,F
13:59:25,ICBP,RG,7325,10,D,CC,AK,F
13:59:25,ICBP,RG,7325,200,D,DR,AK,F
13:59:25,ICBP,RG,7325,1,D,CC,AK,F
13:59:25,ICBP,RG,7325,1,D,PD,AK,F
13:59:25,ICBP,RG,7325,1,D,YP,AK,F
13:59:25,ICBP,RG,7325,2,D,XC,AK,F
13:59:25,ICBP,RG,7325,1,D,PD,AK,F
13:59:25,ICBP,RG,7325,5,F,CS,AK,F
13:59:25,ICBP,RG,7325,2,D,XC,AK,F
13:59:25,ICBP,RG,7325,2,D,NI,AK,F
13:59:25,ICBP,RG,7325,3,F,AK,AK,F
13:59:25,ICBP,RG,7325,5,D,CC,AK,F
13:59:25,ICBP,RG,7325,1,D,XC,AK,F
13:59:25,ICBP,RG,7325,25,D,KK,AK,F
13:59:25,ICBP,RG,7325,1,D,KK,AK,F
13:59:25,ICBP,RG,7325,5,F,CS,AK,F
13:59:25,ICBP,RG,7325,45,D,GR,AK,F
13:59:25,ICBP,RG,7325,11,D,GR,ZP,F
13:59:24,ICBP,RG,7325,3,D,GR,BB,D
13:59:24,ICBP,RG,7325,1,D,GR,BB,D
13:59:24,ICBP,RG,7325,212,D,GR,RX,D
13:59:24,ICBP,RG,7325,26,D,YP,RX,D
13:59:24,ICBP,RG,7325,1,D,CC,RX,D
13:59:24,ICBP,RG,7325,3,D,XL,RX,D
13:59:24,ICBP,RG,7325,1,D,PD,RX,D
13:59:24,ICBP,RG,7325,2,D,PD,RX,D
13:59:24,ICBP,RG,7325,10,D,XC,RX,D
13:59:24,ICBP,RG,7325,65,D,CC,RX,D
13:59:24,ICBP,RG,7325,5,F,CS,RX,D
13:59:24,ICBP,RG,7325,1,D,YP,RX,D
13:59:24,ICBP,RG,7325,10,D,PD,RX,D
13:59:24,ICBP,RG,7325,1,D,KK,RX,D
13:59:24,ICBP,RG,7325,1,D,CC,RX,D
13:59:24,ICBP,RG,7325,10,D,PD,RX,D
13:59:24,ICBP,RG,7325,100,D,IF,RX,D
13:59:24,ICBP,RG,7325,1,D,YP,RX,D
13:59:24,ICBP,RG,7325,20,D,DR,RX,D
13:59:24,ICBP,RG,7325,3,D,CC,RX,D
13:59:24,ICBP,RG,7325,2,D,XC,RX,D
13:59:24,ICBP,RG,7325,1,D,AT,RX,D
13:59:24,ICBP,RG,7325,250,D,DR,RX,D
13:59:24,ICBP,RG,7325,10,D,TP,RX,D
13:59:24,ICBP,RG,7325,15,D,PD,RX,D
13:59:24,ICBP,RG,7325,120,F,ZP,RX,D
13:59:24,ICBP,RG,7325,34,D,YP,RX,D
13:59:24,ICBP,RG,7325,96,D,GR,RX,D
13:59:15,ICBP,RG,7325,22,D,GR,BB,D
13:59:11,ICBP,RG,7325,1,D,GR,BB,D
13:59:08,ICBP,RG,7325,1,D,GR,BB,D
13:59:02,ICBP,RG,7325,5,D,GR,PD,D
13:58:51,ICBP,RG,7325,1,D,GR,BB,D
13:58:50,ICBP,RG,7325,1,D,GR,BB,D
13:58:49,ICBP,RG,7325,1,D,GR,BB,D
13:58:49,ICBP,RG,7325,2,D,GR,BB,D
13:58:30,ICBP,RG,7325,1,D,GR,BB,D
13:58:30,ICBP,RG,7325,3,D,GR,BB,D
13:58:30,ICBP,RG,7325,1,D,GR,BB,D
13:58:30,ICBP,RG,7325,1,D,GR,AK,F
13:58:23,ICBP,RG,7325,3,D,NI,BB,D
13:58:22,ICBP,RG,7325,1,D,XC,BB,D
13:58:19,ICBP,RG,7325,2,F,CS,BB,D
13:58:16,ICBP,RG,7325,3,F,CS,BB,D
13:58:16,ICBP,RG,7325,1,D,NI,BB,D
13:58:16,ICBP,RG,7325,4,D,GR,BB,D
13:58:16,ICBP,RG,7325,1,D,GR,BB,D
13:58:16,ICBP,RG,7325,1,D,GR,BB,D
13:58:16,ICBP,RG,7325,1,D,XC,BB,D
13:58:16,ICBP,RG,7325,1,D,XC,BB,D
13:58:16,ICBP,RG,7325,2,D,XC,BB,D
13:58:16,ICBP,RG,7325,13,D,CC,BB,D
13:58:16,ICBP,RG,7325,3,D,CC,BB,D
13:58:15,ICBP,RG,7325,1,D,CC,DH,D
13:58:04,ICBP,RG,7325,33,D,CC,KZ,F
13:58:04,ICBP,RG,7325,1,D,PD,KZ,F
13:58:04,ICBP,RG,7325,4,F,CS,KZ,F
13:58:04,ICBP,RG,7325,10,D,YP,KZ,F
13:58:04,ICBP,RG,7325,8,D,TP,KZ,F
13:58:04,ICBP,RG,7325,3,F,CS,KZ,F
13:58:04,ICBP,RG,7325,13,D,SQ,KZ,F
13:58:01,ICBP,RG,7325,2,D,SQ,BB,D
13:58:01,ICBP,RG,7325,1,D,SQ,BB,D
13:57:56,ICBP,RG,7325,3,D,SQ,PD,D
13:57:49,ICBP,RG,7325,1,D,SQ,BB,D
13:57:49,ICBP,RG,7325,2,D,SQ,BB,D
13:57:49,ICBP,RG,7325,2,D,SQ,BB,D
13:57:49,ICBP,RG,7325,1,D,SQ,BB,D
13:57:48,ICBP,RG,7350,2,D,YP,ZP,D
13:57:30,ICBP,RG,7325,1,D,SQ,AK,F
13:57:28,ICBP,RG,7325,2,D,SQ,BB,D
13:57:27,ICBP,RG,7325,1,D,SQ,BB,D
13:57:26,ICBP,RG,7325,5,D,SQ,PD,D
13:57:20,ICBP,RG,7325,1,D,SQ,BB,D
13:57:20,ICBP,RG,7325,1,D,SQ,BB,D
13:57:20,ICBP,RG,7325,3,D,SQ,PD,D
13:57:15,ICBP,RG,7325,8,D,SQ,BB,D
13:57:14,ICBP,RG,7325,2,D,SQ,DR,D
13:57:10,ICBP,RG,7325,3,D,SQ,BB,D
13:57:10,ICBP,RG,7325,1,D,SQ,BB,D
13:57:09,ICBP,RG,7350,1,D,CC,ZP,D
13:57:03,ICBP,RG,7325,1,D,SQ,BB,D
13:57:03,ICBP,RG,7325,1,D,SQ,BB,D
13:57:03,ICBP,RG,7325,1,D,SQ,BB,D
13:57:02,ICBP,RG,7325,4,D,SQ,BB,D
13:57:02,ICBP,RG,7325,3,D,CC,BB,D
13:57:02,ICBP,RG,7325,2,D,CC,BB,D
13:57:02,ICBP,RG,7325,10,D,CC,BB,D
13:57:02,ICBP,RG,7325,4,D,PD,BB,D
13:57:02,ICBP,RG,7350,5,D,YP,ZP,D
13:56:47,ICBP,RG,7325,1,D,PD,BB,D
13:56:43,ICBP,RG,7325,1,D,CC,BB,D
13:56:38,ICBP,RG,7325,1,D,CC,BB,D
13:56:38,ICBP,RG,7325,1,D,NI,BB,D
13:56:38,ICBP,RG,7325,1,D,NI,BB,D
13:56:38,ICBP,RG,7325,1,D,NI,BB,D
13:56:18,ICBP,RG,7325,2,D,NI,BB,D
13:56:17,ICBP,RG,7325,1,D,NI,ZP,F
13:56:17,ICBP,RG,7325,4,D,NI,BB,D
13:56:17,ICBP,RG,7325,1,D,PD,BB,D
13:56:17,ICBP,RG,7325,2,D,DH,BB,D
13:56:17,ICBP,RG,7325,1,D,CC,BB,D
13:56:17,ICBP,RG,7325,2,D,CC,BB,D
13:56:09,ICBP,RG,7325,2,D,CC,BB,D
13:56:09,ICBP,RG,7325,1,F,CS,BB,D
13:56:08,ICBP,RG,7325,2,F,CS,BB,D
13:56:08,ICBP,RG,7325,3,F,CS,BB,D
13:56:08,ICBP,RG,7325,2,D,PD,BB,D
13:56:08,ICBP,RG,7325,1,D,XC,BB,D
13:56:08,ICBP,RG,7325,2,D,DR,BB,D
13:56:08,ICBP,RG,7325,5,D,YP,BB,D
13:56:08,ICBP,RG,7325,5,D,YP,AI,D
13:56:04,ICBP,RG,7325,60,D,YP,KZ,F
13:55:57,ICBP,RG,7325,2,D,YP,AK,F
13:55:56,ICBP,RG,7325,1,D,YP,BB,D
13:55:55,ICBP,RG,7325,1,D,YP,BB,D
13:55:55,ICBP,RG,7325,1,D,YP,BB,D
13:55:39,ICBP,RG,7325,1,D,YP,YP,D
13:55:39,ICBP,RG,7325,1,D,YP,BB,D
13:55:39,ICBP,RG,7325,1,D,YP,BB,D
13:55:15,ICBP,RG,7325,1,D,YP,BB,D
13:55:15,ICBP,RG,7325,1,D,YP,BB,D
13:55:08,ICBP,RG,7325,1,D,YP,BB,D
13:54:59,ICBP,RG,7325,2,D,YP,BB,D
13:54:58,ICBP,RG,7325,5,D,YP,BB,D
13:54:58,ICBP,RG,7325,1,D,YP,BB,D
13:54:58,ICBP,RG,7325,1,D,YP,BB,D
13:54:50,ICBP,RG,7325,1,D,YP,BB,D
13:54:49,ICBP,RG,7325,4,D,YP,BB,D
13:54:49,ICBP,RG,7325,1,D,YP,BB,D
13:54:49,ICBP,RG,7325,1,D,YP,BB,D
13:54:48,ICBP,RG,7325,22,D,YP,BB,D
13:54:32,ICBP,RG,7325,2,D,YP,BB,D
13:54:31,ICBP,RG,7325,1,D,YP,BB,D
13:54:25,ICBP,RG,7325,1,D,YP,BB,D
13:54:24,ICBP,RG,7325,1,D,YP,BB,D
13:54:23,ICBP,RG,7325,6,D,YP,BB,D
13:54:23,ICBP,RG,7325,1,D,YP,BB,D
13:54:23,ICBP,RG,7325,3,D,YP,BB,D
13:54:23,ICBP,RG,7325,1,D,YP,BB,D
13:54:23,ICBP,RG,7325,6,D,NI,BB,D
13:54:22,ICBP,RG,7325,1,D,NI,ZP,F
13:54:14,ICBP,RG,7325,3,D,NI,BB,D
13:54:14,ICBP,RG,7325,5,F,CS,BB,D
13:54:14,ICBP,RG,7325,2,D,AO,BB,D
13:54:13,ICBP,RG,7325,1,D,AO,BB,D
13:54:12,ICBP,RG,7325,42,D,AO,BB,D
13:54:11,ICBP,RG,7325,19,D,AO,BB,D
13:54:11,ICBP,RG,7325,5,D,AO,BB,D
13:54:10,ICBP,RG,7325,4,D,AO,BB,D
13:54:05,ICBP,RG,7325,2,D,AO,AI,D
13:54:05,ICBP,RG,7325,12,D,YP,AI,D
13:54:05,ICBP,RG,7325,1,D,NI,AI,D
13:54:05,ICBP,RG,7325,1,D,NI,AI,D
13:54:05,ICBP,RG,7325,2,D,CC,AI,D
13:54:05,ICBP,RG,7325,7,D,YP,AI,D
13:54:05,ICBP,RG,7325,38,F,AK,AI,D
13:54:05,ICBP,RG,7325,1,D,NI,AI,D
13:54:05,ICBP,RG,7325,1,D,XC,AI,D
13:54:05,ICBP,RG,7325,2,F,CS,AI,D
13:54:05,ICBP,RG,7325,3,F,CS,AI,D
13:54:05,ICBP,RG,7325,5,F,AK,AI,D
13:54:05,ICBP,RG,7325,125,D,DR,AI,D
13:54:00,ICBP,RG,7325,1,D,DR,BB,D
13:53:51,ICBP,RG,7325,1,D,DR,YP,D
13:53:51,ICBP,RG,7325,1,D,DR,BB,D
13:53:31,ICBP,RG,7325,1,D,DR,BB,D
13:53:31,ICBP,RG,7325,1,D,DR,BB,D
13:53:24,ICBP,RG,7325,1,D,DR,BB,D
13:53:23,ICBP,RG,7325,1,D,DR,BB,D
13:53:17,ICBP,RG,7350,1,D,XC,ZP,D
13:53:05,ICBP,RG,7325,1,D,DR,BB,D
13:52:55,ICBP,RG,7325,1,D,DR,BB,D
13:52:55,ICBP,RG,7325,2,D,DR,BB,D
13:52:55,ICBP,RG,7325,1,D,DR,BB,D
13:52:44,ICBP,RG,7325,1,D,DR,BB,D
13:52:44,ICBP,RG,7325,1,D,DR,BB,D
13:52:44,ICBP,RG,7325,1,D,DR,BB,D
13:52:44,ICBP,RG,7325,2,D,DR,BB,D
13:52:43,ICBP,RG,7325,2,D,DR,XC,D
13:52:37,ICBP,RG,7325,7,D,DR,BB,D
13:52:37,ICBP,RG,7325,2,D,DR,BB,D
13:52:36,ICBP,RG,7350,4,D,CC,ZP,D
13:52:33,ICBP,RG,7325,23,D,DR,BB,D
13:52:32,ICBP,RG,7325,1,D,DR,BB,D
13:52:31,ICBP,RG,7325,1,D,DR,BB,D
13:52:30,ICBP,RG,7325,1,D,DR,AK,F
13:52:24,ICBP,RG,7325,1,D,DR,BB,D
13:52:24,ICBP,RG,7325,1,D,DR,BB,D
13:52:10,ICBP,RG,7325,1,D,DR,BB,D
13:52:10,ICBP,RG,7325,4,D,DR,BB,D
13:52:10,ICBP,RG,7325,1,D,DR,BB,D
13:52:00,ICBP,RG,7350,8,F,AK,ZP,D
13:52:00,ICBP,RG,7325,6,D,DR,BB,D
13:52:00,ICBP,RG,7325,1,D,DR,BB,D
13:52:00,ICBP,RG,7325,1,D,DR,BB,D
13:51:59,ICBP,RG,7325,3,D,DR,CC,D
13:51:48,ICBP,RG,7325,1,D,DR,BB,D
13:51:48,ICBP,RG,7325,11,D,DR,BB,D
13:51:46,ICBP,RG,7325,2,D,DR,PD,D
13:51:38,ICBP,RG,7325,2,D,DR,BB,D
13:51:37,ICBP,RG,7325,1,D,DR,BB,D
13:51:37,ICBP,RG,7325,2,D,DR,BB,D
13:51:36,ICBP,RG,7325,2,D,DR,PD,D
13:51:34,ICBP,RG,7325,31,D,DR,CC,D
13:51:34,ICBP,RG,7325,9,D,XC,CC,D
13:51:34,ICBP,RG,7325,1,D,KK,CC,D
13:51:34,ICBP,RG,7325,1,F,CS,CC,D
13:51:34,ICBP,RG,7325,3,D,XL,CC,D
13:51:33,ICBP,RG,7325,1,D,XC,BB,D
13:51:33,ICBP,RG,7325,1,D,XC,BB,D
13:51:17,ICBP,RG,7325,1,D,XC,BB,D
13:51:17,ICBP,RG,7325,2,D,XC,BB,D
13:51:17,ICBP,RG,7325,1,D,NI,BB,D
13:51:16,ICBP,RG,7350,4,D,YP,ZP,D
13:51:05,ICBP,RG,7325,1,D,NI,BB,D
13:51:02,ICBP,RG,7325,1,D,NI,BB,D
13:51:01,ICBP,RG,7325,2,D,XL,PD,D
13:51:01,ICBP,RG,7325,2,F,ZP,PD,D
13:51:01,ICBP,RG,7325,1,F,ZP,BB,D
13:51:00,ICBP,RG,7325,1,F,ZP,AK,F
13:50:57,ICBP,RG,7325,2,F,ZP,BB,D
13:50:56,ICBP,RG,7325,1,F,ZP,BB,D
13:50:46,ICBP,RG,7325,1,F,ZP,BB,D
13:50:45,ICBP,RG,7325,5,F,ZP,PD,D
13:50:44,ICBP,RG,7325,1,F,ZP,BB,D
13:50:35,ICBP,RG,7325,2,F,ZP,BB,D
13:50:35,ICBP,RG,7350,2,D,NI,ZP,D
13:50:30,ICBP,RG,7325,7,F,ZP,BB,D
13:50:30,ICBP,RG,7325,1,F,ZP,BB,D
13:50:25,ICBP,RG,7325,2,F,ZP,BB,D
13:50:24,ICBP,RG,7325,1,F,ZP,BB,D
13:50:24,ICBP,RG,7325,1,F,ZP,BB,D
13:50:20,ICBP,RG,7325,1,F,ZP,BB,D
13:50:20,ICBP,RG,7325,23,F,ZP,BB,D
13:50:17,ICBP,RG,7325,1,F,ZP,ZP,F
13:50:14,ICBP,RG,7325,1,F,ZP,BB,D
13:50:09,ICBP,RG,7325,1,F,ZP,BB,D
13:50:00,ICBP,RG,7325,1,F,ZP,BB,D
13:50:00,ICBP,RG,7325,1,F,ZP,BB,D
13:50:00,ICBP,RG,7350,3,F,AK,ZP,D
13:49:51,ICBP,RG,7325,2,F,ZP,AK,F
13:49:39,ICBP,RG,7325,1,F,ZP,BB,D
13:49:39,ICBP,RG,7325,1,F,ZP,BB,D
13:49:39,ICBP,RG,7325,1,F,ZP,BB,D
13:49:39,ICBP,RG,7325,1,F,ZP,BB,D
13:49:15,ICBP,RG,7325,1,F,ZP,BB,D
13:48:54,ICBP,RG,7325,2,F,ZP,BB,D
13:48:53,ICBP,RG,7325,1,F,ZP,BB,D
13:48:52,ICBP,RG,7325,1,F,ZP,BB,D
13:48:52,ICBP,RG,7350,5,D,DR,ZP,D
13:48:40,ICBP,RG,7325,1,F,ZP,BB,D
13:48:40,ICBP,RG,7325,2,F,ZP,BB,D
13:48:40,ICBP,RG,7325,1,F,ZP,BB,D
13:48:40,ICBP,RG,7325,1,F,ZP,BB,D
13:48:33,ICBP,RG,7325,1,F,ZP,BB,D
13:48:31,ICBP,RG,7325,2,F,ZP,BB,D
13:48:31,ICBP,RG,7325,1,F,ZP,BB,D
13:48:31,ICBP,RG,7325,3,F,ZP,BB,D
13:48:30,ICBP,RG,7325,1,F,ZP,BB,D
13:48:18,ICBP,RG,7325,1,F,ZP,BB,D
13:48:18,ICBP,RG,7325,3,F,ZP,BB,D
13:48:18,ICBP,RG,7325,12,D,YU,BB,D
13:48:18,ICBP,RG,7325,7,D,YU,BB,D
13:48:18,ICBP,RG,7325,3,D,YU,BB,D
13:48:18,ICBP,RG,7325,3,D,YU,BB,D
13:48:04,ICBP,RG,7325,5,D,YU,KZ,F
13:48:04,ICBP,RG,7325,41,F,BK,KZ,F
13:48:00,ICBP,RG,7325,1,F,BK,BB,D
13:48:00,ICBP,RG,7325,1,F,BK,BB,D
13:48:00,ICBP,RG,7350,1,D,NI,ZP,D
13:48:00,ICBP,RG,7325,11,F,BK,BB,D
13:48:00,ICBP,RG,7325,8,D,YP,BB,D
13:48:00,ICBP,RG,7325,4,D,YP,BB,D
13:47:48,ICBP,RG,7325,1,D,YP,BB,D
13:47:48,ICBP,RG,7325,1,D,YP,BB,D
13:47:45,ICBP,RG,7325,1,D,YP,AK,F
13:47:44,ICBP,RG,7325,1,D,YP,BB,D
13:47:32,ICBP,RG,7325,3,D,YP,BB,D
13:47:32,ICBP,RG,7325,2,D,YP,BB,D
13:47:17,ICBP,RG,7325,2,D,YP,BB,D
13:47:17,ICBP,RG,7325,1,D,YP,BB,D
13:47:17,ICBP,RG,7325,1,F,CS,BB,D
13:47:15,ICBP,RG,7325,1,F,CS,BB,D
13:47:15,ICBP,RG,7325,3,F,CS,BB,D
13:47:15,ICBP,RG,7325,4,D,YP,BB,D
13:47:15,ICBP,RG,7325,1,D,YP,BB,D
13:47:15,ICBP,RG,7325,3,D,YP,BB,D
13:47:15,ICBP,RG,7325,6,D,YP,BB,D
13:47:15,ICBP,RG,7325,1,D,YP,HP,D
13:47:15,ICBP,RG,7325,2,D,YP,HP,D
13:47:09,ICBP,RG,7325,1,D,YP,BB,D
13:47:09,ICBP,RG,7325,2,D,YP,PD,D
13:47:09,ICBP,RG,7325,48,D,YP,PD,D
13:47:08,ICBP,RG,7325,3,D,YP,BB,D
13:47:08,ICBP,RG,7325,6,D,YP,KK,D
13:47:00,ICBP,RG,7325,1,D,YP,BB,D
13:46:59,ICBP,RG,7325,1,D,YP,BB,D
13:46:58,ICBP,RG,7350,5,D,CC,ZP,D
13:46:53,ICBP,RG,7325,1,D,YP,BB,D
13:46:52,ICBP,RG,7325,1,D,YP,BB,D
13:46:42,ICBP,RG,7325,1,D,YP,BB,D
13:46:32,ICBP,RG,7325,1,D,YP,BB,D
13:46:30,ICBP,RG,7325,3,D,YP,BB,D
13:46:30,ICBP,RG,7325,1,D,YP,BB,D
13:46:27,ICBP,RG,7350,2,D,KK,ZP,D
13:46:27,ICBP,RG,7325,1,D,YP,BB,D
13:46:27,ICBP,RG,7325,1,D,YP,AK,F
13:46:27,ICBP,RG,7325,1,D,YP,AK,F
13:46:26,ICBP,RG,7325,4,D,YP,NI,D
13:46:19,ICBP,RG,7325,1,D,YP,BB,D
13:46:19,ICBP,RG,7325,1,D,YP,BB,D
13:46:11,ICBP,RG,7325,2,D,YP,BB,D
13:46:11,ICBP,RG,7325,1,D,YP,BB,D
13:46:02,ICBP,RG,7325,1,D,YP,BB,D
13:46:02,ICBP,RG,7325,2,D,YP,BB,D
13:45:54,ICBP,RG,7325,1,D,YP,BB,D
13:45:54,ICBP,RG,7325,5,D,YP,BB,D
13:45:54,ICBP,RG,7325,1,D,YP,BB,D
13:45:54,ICBP,RG,7325,1,D,YP,BB,D
13:45:54,ICBP,RG,7325,1,D,YP,BB,D
13:45:48,ICBP,RG,7325,11,D,YP,BB,D
13:45:48,ICBP,RG,7325,11,D,YP,BB,D
13:45:43,ICBP,RG,7325,2,D,YP,BB,D
13:45:43,ICBP,RG,7350,1,D,XC,ZP,D
13:45:30,ICBP,RG,7325,2,D,YP,BB,D
13:45:30,ICBP,RG,7325,1,D,YP,BB,D
13:45:30,ICBP,RG,7325,2,D,YP,BB,D
13:45:30,ICBP,RG,7325,1,D,YP,BB,D
13:45:15,ICBP,RG,7325,1,D,YP,BB,D
13:45:14,ICBP,RG,7325,2,D,YP,BB,D
13:45:14,ICBP,RG,7325,2,D,NI,BB,D
13:45:14,ICBP,RG,7325,3,D,YP,BB,D
13:45:14,ICBP,RG,7325,2,D,YP,BB,D
13:45:14,ICBP,RG,7325,12,D,YP,BB,D
13:45:07,ICBP,RG,7325,3,D,YP,BB,D
13:45:07,ICBP,RG,7325,1,D,YP,BB,D
13:45:02,ICBP,RG,7325,1,D,YP,BB,D
13:45:00,ICBP,RG,7350,64,D,CC,ZP,D
13:45:00,ICBP,RG,7325,1,D,YP,BB,D
13:44:58,ICBP,RG,7325,1,D,YP,BB,D
13:44:48,ICBP,RG,7325,1,D,YP,BB,D
13:44:40,ICBP,RG,7325,1,D,YP,BB,D
13:44:40,ICBP,RG,7325,1,D,YP,BB,D
13:44:39,ICBP,RG,7325,1,D,YP,BB,D
13:44:34,ICBP,RG,7325,3,D,YP,BB,D
13:44:34,ICBP,RG,7325,1,D,YP,BB,D
13:44:34,ICBP,RG,7325,1,D,YP,BB,D
13:44:22,ICBP,RG,7325,1,D,YP,XC,D
13:44:21,ICBP,RG,7350,6,D,GR,ZP,D
13:44:21,ICBP,RG,7325,1,D,YP,BB,D
13:44:21,ICBP,RG,7325,1,D,YP,BB,D
13:44:21,ICBP,RG,7325,1,D,YP,BB,D
13:44:21,ICBP,RG,7325,1,D,YP,BB,D
13:44:15,ICBP,RG,7325,1,D,YP,BB,D
13:44:14,ICBP,RG,7325,3,D,YP,BB,D
13:44:12,ICBP,RG,7325,5,D,YP,BB,D
13:44:10,ICBP,RG,7325,44,D,YP,BB,D
13:44:10,ICBP,RG,7325,4,D,YP,BB,D
13:44:10,ICBP,RG,7325,1,D,YP,BB,D
13:44:10,ICBP,RG,7325,2,D,YP,BB,D
13:44:04,ICBP,RG,7325,1,D,YP,BB,D
13:44:04,ICBP,RG,7325,1,D,YP,BB,D
13:44:04,ICBP,RG,7325,1,D,YP,BB,D
13:44:03,ICBP,RG,7350,5,D,KK,ZP,D
13:43:50,ICBP,RG,7325,1,D,YP,BB,D
13:43:50,ICBP,RG,7325,1,D,YP,BB,D
13:43:49,ICBP,RG,7325,3,D,YP,BB,D
13:43:49,ICBP,RG,7325,6,D,YP,BB,D
13:43:49,ICBP,RG,7325,3,D,YP,BB,D
13:43:49,ICBP,RG,7325,10,D,YP,BB,D
13:43:39,ICBP,RG,7325,3,D,YP,PD,D
13:43:39,ICBP,RG,7325,1,D,CC,PD,D
13:43:39,ICBP,RG,7325,3,D,CC,BB,D
13:43:34,ICBP,RG,7325,6,D,CC,BB,D
13:43:33,ICBP,RG,7325,6,D,CC,BB,D
13:43:33,ICBP,RG,7325,1,D,CC,BB,D
13:43:33,ICBP,RG,7325,10,D,XL,BB,D
13:43:33,ICBP,RG,7325,1,D,XL,BB,D
13:43:33,ICBP,RG,7325,6,F,KK,BB,D
13:43:31,ICBP,RG,7325,1,F,KK,BB,D
13:43:30,ICBP,RG,7325,2,F,KK,BB,D
13:43:22,ICBP,RG,7325,2,F,KK,BB,D
13:43:22,ICBP,RG,7325,4,F,KK,BB,D
13:43:18,ICBP,RG,7325,10,F,KK,BB,D
13:43:18,ICBP,RG,7325,5,D,CC,BB,D
13:43:18,ICBP,RG,7325,10,D,CC,BB,D
13:43:18,ICBP,RG,7325,2,D,CC,BB,D
13:43:18,ICBP,RG,7325,2,D,XL,BB,D
13:43:18,ICBP,RG,7325,4,D,XL,BB,D
13:43:18,ICBP,RG,7325,17,D,CC,BB,D
13:43:18,ICBP,RG,7325,25,D,CC,BB,D
13:43:18,ICBP,RG,7325,1,D,PD,BB,D
13:43:18,ICBP,RG,7325,47,D,XC,BB,D
13:43:17,ICBP,RG,7325,4,D,XC,BB,D
13:43:13,ICBP,RG,7325,2,D,XC,BB,D
13:43:12,ICBP,RG,7325,4,D,XC,BB,D
13:43:11,ICBP,RG,7350,26,D,CC,ZP,D
13:43:08,ICBP,RG,7325,1,D,XC,BB,D
13:43:08,ICBP,RG,7325,1,D,XC,BB,D
13:43:08,ICBP,RG,7325,2,D,XC,BB,D
13:43:07,ICBP,RG,7325,7,D,XC,GR,D
13:43:07,ICBP,RG,7325,3,D,CC,GR,D
13:43:07,ICBP,RG,7325,1,D,PD,GR,D
13:43:07,ICBP,RG,7325,1,D,CC,GR,D
13:43:07,ICBP,RG,7325,1,D,XC,GR,D
13:43:07,ICBP,RG,7325,1,D,XC,GR,D
13:43:07,ICBP,RG,7325,1,D,XC,GR,D
13:43:07,ICBP,RG,7325,3,D,XC,GR,D
13:43:07,ICBP,RG,7325,7,D,XC,GR,D
13:43:07,ICBP,RG,7325,3,D,XC,GR,D
13:43:07,ICBP,RG,7325,1,D,PD,GR,D
13:43:07,ICBP,RG,7325,1,D,PD,GR,D
13:43:07,ICBP,RG,7325,2,D,XC,GR,D
13:43:07,ICBP,RG,7325,1,D,CC,GR,D
13:43:07,ICBP,RG,7325,10,D,XL,GR,D
13:43:07,ICBP,RG,7325,24,D,XL,GR,D
13:43:01,ICBP,RG,7325,1,D,XL,BB,D
13:43:00,ICBP,RG,7325,59,D,XL,BB,D
13:42:45,ICBP,RG,7325,16,D,XL,BB,D
13:42:43,ICBP,RG,7325,1,F,AK,BB,D
13:42:42,ICBP,RG,7325,2,F,AK,BB,D
13:42:35,ICBP,RG,7325,3,F,AK,BB,D
13:42:35,ICBP,RG,7325,1,D,KK,BB,D
13:42:35,ICBP,RG,7325,3,D,CC,BB,D
13:42:35,ICBP,RG,7325,2,D,KK,BB,D
13:42:17,ICBP,RG,7325,12,D,PD,BB,D
13:42:17,ICBP,RG,7325,1,D,PD,BB,D
13:42:17,ICBP,RG,7325,1,D,KK,BB,D
13:42:17,ICBP,RG,7325,3,D,CC,BB,D
13:42:17,ICBP,RG,7325,1,D,XC,BB,D
13:42:17,ICBP,RG,7325,2,D,XC,BB,D
13:42:17,ICBP,RG,7350,1,D,CC,ZP,D
13:42:10,ICBP,RG,7325,3,D,XC,BB,D
13:42:10,ICBP,RG,7325,1,D,XC,BB,D
13:41:52,ICBP,RG,7350,2,D,CC,ZP,D
13:41:41,ICBP,RG,7350,10,D,YP,ZP,D
13:41:37,ICBP,RG,7325,4,D,KK,BB,D
13:41:37,ICBP,RG,7325,4,D,PD,BB,D
13:41:37,ICBP,RG,7325,1,D,XC,BB,D
13:41:37,ICBP,RG,7325,1,D,XC,BB,D
13:41:37,ICBP,RG,7325,8,D,PD,BB,D
13:41:29,ICBP,RG,7325,1,D,PD,BB,D
13:41:24,ICBP,RG,7325,41,D,PD,BB,D
13:41:24,ICBP,RG,7325,1,D,PD,BB,D
13:41:24,ICBP,RG,7325,1,D,KK,BB,D
13:41:24,ICBP,RG,7325,5,D,PD,BB,D
13:41:24,ICBP,RG,7325,1,D,PD,BB,D
13:41:24,ICBP,RG,7325,2,D,PD,BB,D
13:41:24,ICBP,RG,7325,2,D,PD,BB,D
13:41:24,ICBP,RG,7325,5,D,PD,BB,D
13:41:24,ICBP,RG,7325,6,D,PD,BB,D
13:41:24,ICBP,RG,7325,1,D,KK,BB,D
13:41:24,ICBP,RG,7325,10,D,KK,BB,D
13:41:24,ICBP,RG,7325,1,D,PD,BB,D
13:41:24,ICBP,RG,7325,2,D,SQ,BB,D
13:41:24,ICBP,RG,7325,1,D,PD,BB,D
13:41:24,ICBP,RG,7325,1,D,PD,BB,D
13:41:24,ICBP,RG,7325,39,D,PD,BB,D
13:41:24,ICBP,RG,7325,3,D,EP,BB,D
13:41:24,ICBP,RG,7325,3,D,PD,BB,D
13:41:13,ICBP,RG,7325,23,D,PD,BB,D
13:41:12,ICBP,RG,7325,63,D,PD,BB,D
13:41:11,ICBP,RG,7325,13,D,PD,BB,D
13:40:43,ICBP,RG,7325,48,D,PD,PD,D
13:40:43,ICBP,RG,7325,1,D,PD,PD,D
13:40:43,ICBP,RG,7325,1,D,PD,PD,D
13:40:40,ICBP,RG,7325,1,D,PD,KK,D
13:40:40,ICBP,RG,7325,7,D,PD,KK,D
13:40:40,ICBP,RG,7325,7,D,PD,KK,D
13:40:24,ICBP,RG,7325,1,D,SQ,BB,D
13:40:24,ICBP,RG,7325,1,D,PD,BB,D
13:40:24,ICBP,RG,7325,17,D,PD,BB,D
13:40:20,ICBP,RG,7325,1,D,PD,BB,D
13:40:20,ICBP,RG,7350,7,D,PD,ZP,D
13:40:19,ICBP,RG,7325,19,D,PD,BB,D
13:40:09,ICBP,RG,7325,3,D,PD,BB,D
13:40:09,ICBP,RG,7325,28,D,PD,KZ,F
13:40:09,ICBP,RG,7325,10,D,DH,KZ,F
13:40:09,ICBP,RG,7325,5,D,KK,KZ,F
13:40:09,ICBP,RG,7325,2,D,YU,KZ,F
13:40:09,ICBP,RG,7325,5,D,YU,KZ,F
13:40:09,ICBP,RG,7325,2,D,DH,KZ,F
13:40:09,ICBP,RG,7325,5,D,DH,KZ,F
13:40:09,ICBP,RG,7325,1,D,PD,KZ,F
13:39:29,ICBP,RG,7325,9,D,PD,BB,D
13:39:29,ICBP,RG,7325,10,D,KK,BB,D
13:39:29,ICBP,RG,7325,4,D,PD,BB,D
13:39:29,ICBP,RG,7325,5,D,PD,BB,D
13:39:29,ICBP,RG,7325,14,D,EP,BB,D
13:39:29,ICBP,RG,7325,3,D,SQ,BB,D
13:39:29,ICBP,RG,7325,2,D,SQ,BB,D
13:39:29,ICBP,RG,7325,5,D,PD,BB,D
13:39:29,ICBP,RG,7325,1,D,YU,BB,D
13:39:29,ICBP,RG,7325,14,D,KK,BB,D
13:39:29,ICBP,RG,7325,3,D,TP,BB,D
13:39:29,ICBP,RG,7325,1,D,PD,BB,D
13:39:29,ICBP,RG,7325,1,D,EP,BB,D
13:39:29,ICBP,RG,7325,31,D,GR,BB,D
13:39:29,ICBP,RG,7325,10,D,GR,BB,D
13:39:29,ICBP,RG,7325,1,D,RO,BB,D
13:39:29,ICBP,RG,7325,2,D,KK,BB,D
13:39:29,ICBP,RG,7325,5,D,IF,BB,D
13:39:29,ICBP,RG,7325,2,D,RO,BB,D
13:39:18,ICBP,RG,7325,2,D,RO,BB,D
13:39:18,ICBP,RG,7325,2,F,CS,BB,D
13:39:18,ICBP,RG,7325,50,D,YP,BB,D
13:39:18,ICBP,RG,7325,5,D,OD,BB,D
13:39:18,ICBP,RG,7325,6,D,CC,BB,D
13:39:15,ICBP,RG,7325,1,D,CC,SQ,D
13:39:15,ICBP,RG,7325,1,D,CC,BB,D
13:39:15,ICBP,RG,7325,4,D,KK,BB,D
13:39:15,ICBP,RG,7325,8,D,YP,BB,D
13:39:03,ICBP,RG,7325,7,D,YP,BB,D
13:39:03,ICBP,RG,7325,2,D,CC,BB,D
13:39:03,ICBP,RG,7325,1,D,XC,BB,D
13:39:03,ICBP,RG,7325,2,F,CS,BB,D
13:39:03,ICBP,RG,7325,2,D,EP,BB,D
13:39:03,ICBP,RG,7325,3,D,CC,BB,D
13:38:53,ICBP,RG,7325,2,F,CS,BB,D
13:38:53,ICBP,RG,7325,7,D,YP,BB,D
13:38:53,ICBP,RG,7325,3,D,XL,BB,D
13:38:53,ICBP,RG,7325,1,D,PD,BB,D
13:38:53,ICBP,RG,7325,2,D,YP,BB,D
13:38:53,ICBP,RG,7325,2,F,ZP,BB,D
13:38:53,ICBP,RG,7325,3,F,CS,BB,D
13:38:53,ICBP,RG,7325,3,D,CC,BB,D
13:38:52,ICBP,RG,7350,4,D,NI,ZP,D
13:38:42,ICBP,RG,7350,1,D,NI,ZP,D
13:38:31,ICBP,RG,7325,16,D,CC,BB,D
13:38:31,ICBP,RG,7325,1,D,PD,BB,D
13:38:31,ICBP,RG,7325,3,D,SQ,BB,D
13:38:19,ICBP,RG,7325,4,D,SQ,BB,D
13:38:18,ICBP,RG,7350,1,D,CC,ZP,D
13:38:02,ICBP,RG,7325,3,D,SQ,YP,D
13:38:02,ICBP,RG,7325,2,D,DH,YP,D
13:38:01,ICBP,RG,7325,1,D,DH,BB,D
13:37:52,ICBP,RG,7325,7,D,DH,BB,D
13:37:52,ICBP,RG,7325,3,D,GR,BB,D
13:37:52,ICBP,RG,7325,2,D,DH,BB,D
13:37:52,ICBP,RG,7325,3,D,CC,BB,D
13:37:52,ICBP,RG,7325,2,D,CC,BB,D
13:37:36,ICBP,RG,7325,12,D,CC,BB,D
13:37:36,ICBP,RG,7325,35,D,XC,BB,D
13:37:36,ICBP,RG,7325,1,D,KK,BB,D
13:37:36,ICBP,RG,7325,5,F,CS,BB,D
13:37:36,ICBP,RG,7325,1,D,YP,BB,D
13:37:36,ICBP,RG,7325,10,D,LG,BB,D
13:37:36,ICBP,RG,7325,1,D,PD,BB,D
13:37:36,ICBP,RG,7325,32,D,CC,BB,D
13:37:36,ICBP,RG,7325,16,F,ZP,BB,D
13:37:36,ICBP,RG,7325,3,F,CS,BB,D
13:37:36,ICBP,RG,7325,7,D,YP,BB,D
13:37:24,ICBP,RG,7350,1,D,CC,ZP,D
13:37:21,ICBP,RG,7325,3,D,YP,BB,D
13:37:21,ICBP,RG,7325,1,D,AT,BB,D
13:37:21,ICBP,RG,7325,20,D,YP,BB,D
13:37:21,ICBP,RG,7325,10,D,PD,BB,D
13:37:21,ICBP,RG,7325,1,D,YP,BB,D
13:37:21,ICBP,RG,7325,2,D,XC,BB,D
13:37:21,ICBP,RG,7325,4,F,CS,BB,D
13:37:21,ICBP,RG,7325,16,D,DR,BB,D
13:37:15,ICBP,RG,7325,11,D,DR,BB,D
13:37:07,ICBP,RG,7350,1,D,XC,ZP,D
13:36:47,ICBP,RG,7325,1,D,DR,BB,D
13:36:41,ICBP,RG,7325,18,D,DR,BB,D
13:36:40,ICBP,RG,7325,10,D,DR,BB,D
13:36:39,ICBP,RG,7325,14,D,DR,BB,D
13:36:31,ICBP,RG,7325,2,D,DR,BB,D
13:36:27,ICBP,RG,7350,5,D,YP,ZP,D
13:36:23,ICBP,RG,7350,2,D,CC,ZP,D
13:36:17,ICBP,RG,7350,1,D,SQ,ZP,D
13:36:03,ICBP,RG,7350,1,D,CC,ZP,D
13:35:36,ICBP,RG,7325,32,D,DR,BB,D
13:35:34,ICBP,RG,7350,3,D,SQ,ZP,D
13:35:31,ICBP,RG,7325,14,D,DR,BB,D
13:35:29,ICBP,RG,7325,12,D,DR,BB,D
13:35:28,ICBP,RG,7350,11,D,PD,ZP,D
13:35:26,ICBP,RG,7325,3,D,DR,BB,D
13:35:02,ICBP,RG,7325,4,D,DR,SQ,D
13:35:00,ICBP,RG,7325,7,D,DR,CC,D
13:34:52,ICBP,RG,7325,1,D,DR,XC,D
13:34:37,ICBP,RG,7325,1,D,DR,BB,D
13:34:34,ICBP,RG,7350,1,D,XC,ZP,D
13:34:21,ICBP,RG,7350,4,D,SQ,ZP,D
13:34:16,ICBP,RG,7325,1,D,DR,BB,D
13:34:16,ICBP,RG,7325,1,D,DR,BB,D
13:33:42,ICBP,RG,7325,3,D,DR,BB,D
13:33:38,ICBP,RG,7350,1,D,CC,ZP,D
13:33:38,ICBP,RG,7325,6,D,DR,SQ,D
13:33:37,ICBP,RG,7325,6,D,DR,BB,D
13:33:34,ICBP,RG,7325,87,D,DR,LG,D
13:33:34,ICBP,RG,7325,3,F,CS,LG,D
13:33:34,ICBP,RG,7325,10,D,CC,LG,D
13:32:59,ICBP,RG,7325,1,D,CC,BB,D
13:32:42,ICBP,RG,7350,1,D,PD,ZP,D
13:31:17,ICBP,RG,7350,4,D,CC,ZP,D
13:31:16,ICBP,RG,7350,5,D,PD,ZP,D
13:30:39,ICBP,RG,7350,2,D,NI,ZP,D
13:30:28,ICBP,RG,7350,1,D,XL,ZP,D
13:30:12,ICBP,RG,7350,2,D,YP,ZP,D
13:30:12,ICBP,RG,7325,39,D,CC,YP,D
13:30:12,ICBP,RG,7325,6,D,PD,YP,D
13:30:12,ICBP,RG,7325,5,D,CC,YP,D
13:30:12,ICBP,RG,7325,1,D,YP,YP,D
13:30:12,ICBP,RG,7325,4,D,CC,YP,D
13:30:12,ICBP,RG,7325,45,F,ZP,YP,D
13:30:12,ICBP,RG,7325,1,D,XC,YP,D
13:30:12,ICBP,RG,7325,2,F,CS,YP,D
13:30:12,ICBP,RG,7325,1,D,NI,YP,D
13:30:12,ICBP,RG,7325,1,D,PD,YP,D
13:30:12,ICBP,RG,7325,1,D,XC,YP,D
13:30:12,ICBP,RG,7325,4,D,SQ,YP,D
13:30:09,ICBP,RG,7325,4,D,SQ,OD,D
13:30:09,ICBP,RG,7350,5,D,XL,ZP,D
13:30:08,ICBP,RG,7325,1,D,SQ,XC,D
13:30:08,ICBP,RG,7325,1,D,SQ,XL,D
13:30:08,ICBP,RG,7325,2,D,TP,XL,D
13:30:08,ICBP,RG,7325,1,D,PD,XL,D
13:30:08,ICBP,RG,7325,6,D,SQ,XL,D
13:30:08,ICBP,RG,7350,3,D,XL,ZP,D
13:30:08,ICBP,RG,7350,1,D,XL,ZP,D
13:30:07,ICBP,RG,7350,1,D,XL,ZP,D
13:30:07,ICBP,RG,7350,1,D,CC,ZP,D
13:30:07,ICBP,RG,7325,1,D,SQ,PD,D
13:30:07,ICBP,RG,7350,1,D,PD,ZP,D
13:30:06,ICBP,RG,7325,1,D,SQ,XC,D
13:30:06,ICBP,RG,7325,3,D,SQ,AK,F
13:30:06,ICBP,RG,7350,14,F,AK,ZP,D
13:30:05,ICBP,RG,7325,2,D,SQ,XC,D
13:30:05,ICBP,RG,7350,1,D,CC,ZP,D
13:30:04,ICBP,RG,7350,1,D,XC,ZP,D
13:30:04,ICBP,RG,7325,72,D,SQ,PD,D
13:30:04,ICBP,RG,7350,7,D,CC,ZP,D
13:30:04,ICBP,RG,7325,1,D,SQ,AK,F
13:30:03,ICBP,RG,7325,1,D,SQ,AK,F
13:30:03,ICBP,RG,7325,1,D,SQ,BQ,D
13:30:03,ICBP,RG,7350,2,D,PD,ZP,D
13:30:03,ICBP,RG,7325,5,D,SQ,DH,D
13:30:02,ICBP,RG,7350,1,D,AZ,ZP,D
13:30:02,ICBP,RG,7325,1,D,SQ,LG,D
13:30:02,ICBP,RG,7350,30,D,PD,ZP,D
13:30:02,ICBP,RG,7325,50,D,SQ,PD,D
13:30:01,ICBP,RG,7325,3,D,SQ,PD,D
13:30:01,ICBP,RG,7350,1,D,PD,ZP,D
13:30:01,ICBP,RG,7325,1,D,SQ,PD,D
13:30:01,ICBP,RG,7325,5,D,SQ,EP,D
13:30:01,ICBP,RG,7325,4,D,SQ,DX,D
11:29:51,ICBP,RG,7325,1,D,SQ,BB,D
11:29:51,ICBP,RG,7325,3,D,SQ,BB,D
11:29:39,ICBP,RG,7325,3,D,SQ,YP,D
11:29:39,ICBP,RG,7325,1,D,SQ,BB,D
11:29:35,ICBP,RG,7325,1,D,SQ,BB,D
11:29:32,ICBP,RG,7325,8,D,SQ,BB,D
11:29:29,ICBP,RG,7325,1,D,SQ,NI,D
11:29:06,ICBP,RG,7325,1,D,SQ,BB,D
11:29:04,ICBP,RG,7350,50,D,YP,ZP,D
11:29:01,ICBP,RG,7325,4,D,SQ,BB,D
11:28:53,ICBP,RG,7350,2,D,XC,ZP,D
11:28:53,ICBP,RG,7325,1,D,SQ,BB,D
11:28:51,ICBP,RG,7325,2,D,SQ,BB,D
11:28:49,ICBP,RG,7325,1,D,SQ,BB,D
11:28:43,ICBP,RG,7325,1,D,SQ,BB,D
11:28:30,ICBP,RG,7350,2,F,AK,ZP,D
11:28:28,ICBP,RG,7325,43,D,SQ,PD,D
11:28:21,ICBP,RG,7325,6,D,SQ,BB,D
11:28:00,ICBP,RG,7350,1,F,AK,ZP,D
11:27:47,ICBP,RG,7325,1,D,SQ,BB,D
11:27:24,ICBP,RG,7325,5,D,SQ,BB,D
11:27:17,ICBP,RG,7350,3,D,PD,ZP,D
11:27:14,ICBP,RG,7325,4,D,SQ,BB,D
11:27:09,ICBP,RG,7325,1,D,SQ,BB,D
11:27:09,ICBP,RG,7325,1,D,SQ,AK,F
11:27:00,ICBP,RG,7350,2,F,AK,ZP,D
11:26:46,ICBP,RG,7325,25,D,SQ,KZ,F
11:26:28,ICBP,RG,7325,9,D,SQ,BB,D
11:26:28,ICBP,RG,7325,4,F,CS,BB,D
11:26:28,ICBP,RG,7325,1,D,NI,BB,D
11:26:28,ICBP,RG,7325,1,D,YP,BB,D
11:26:28,ICBP,RG,7325,1,D,YP,BB,D
11:26:28,ICBP,RG,7325,2,F,CS,BB,D
11:26:28,ICBP,RG,7325,10,D,SQ,BB,D
11:26:11,ICBP,RG,7325,2,D,YP,BB,D
11:25:54,ICBP,RG,7325,3,D,YP,BB,D
11:25:54,ICBP,RG,7325,5,D,KK,BB,D
11:25:45,ICBP,RG,7350,2,F,AK,ZP,D
11:25:30,ICBP,RG,7325,1,D,XC,BB,D
11:25:30,ICBP,RG,7325,12,D,PD,BB,D
11:25:30,ICBP,RG,7325,10,D,SQ,BB,D
11:25:30,ICBP,RG,7325,5,D,GR,BB,D
11:25:16,ICBP,RG,7325,1,D,CC,BB,D
11:25:16,ICBP,RG,7325,3,F,CS,BB,D
11:25:16,ICBP,RG,7325,2,D,DR,BB,D
11:25:15,ICBP,RG,7350,1,F,AK,ZP,D
11:24:58,ICBP,RG,7325,11,D,DR,BB,D
11:24:55,ICBP,RG,7325,6,D,DR,BB,D
11:24:54,ICBP,RG,7325,1,D,DR,AK,F
11:24:43,ICBP,RG,7325,5,D,DR,PD,D
11:24:40,ICBP,RG,7325,2,D,DR,BB,D
11:24:38,ICBP,RG,7350,10,D,SQ,ZP,D
11:24:32,ICBP,RG,7325,60,D,DR,BB,D
11:24:01,ICBP,RG,7325,31,D,DR,KZ,F
11:23:56,ICBP,RG,7325,9,D,DR,BB,D
11:23:45,ICBP,RG,7350,2,F,AK,ZP,D
11:23:44,ICBP,RG,7325,9,D,DR,BB,D
11:23:34,ICBP,RG,7325,20,D,DR,NI,D
11:23:32,ICBP,RG,7325,1,D,DR,PD,D
11:23:31,ICBP,RG,7325,30,D,DR,BB,D
11:23:18,ICBP,RG,7325,6,D,DR,BB,D
11:23:15,ICBP,RG,7325,1,D,DR,BB,D
11:22:51,ICBP,RG,7325,27,D,DR,YP,D
11:22:46,ICBP,RG,7325,2,D,DR,BB,D
11:22:46,ICBP,RG,7325,12,D,DR,BB,D
11:22:45,ICBP,RG,7350,1,D,SQ,ZP,D
11:22:45,ICBP,RG,7350,1,F,AK,ZP,D
11:22:40,ICBP,RG,7325,63,D,DR,BB,D
11:22:38,ICBP,RG,7325,3,D,DR,XC,D
11:22:34,ICBP,RG,7325,9,D,DR,BB,D
11:22:07,ICBP,RG,7325,9,D,DR,BB,D
11:21:41,ICBP,RG,7325,29,D,DR,BB,D
11:21:39,ICBP,RG,7325,1,D,DR,AK,F
11:21:17,ICBP,RG,7325,7,D,DR,BB,D
11:21:13,ICBP,RG,7325,9,D,DR,BB,D
11:21:00,ICBP,RG,7350,2,F,AK,ZP,D
11:20:45,ICBP,RG,7325,2,D,DR,BB,D
11:20:42,ICBP,RG,7325,60,D,DR,BB,D
11:20:23,ICBP,RG,7325,11,D,DR,BB,D
11:20:14,ICBP,RG,7325,10,D,DR,BB,D
11:20:02,ICBP,RG,7325,2,D,DR,BB,D
11:20:02,ICBP,RG,7325,6,F,ZP,BB,D
11:19:55,ICBP,RG,7325,1,F,ZP,BB,D
11:19:51,ICBP,RG,7325,12,F,ZP,BB,D
11:19:51,ICBP,RG,7325,1,D,PD,BB,D
11:19:51,ICBP,RG,7325,2,D,XC,BB,D
11:19:51,ICBP,RG,7325,3,F,CS,BB,D
11:19:51,ICBP,RG,7325,4,D,XC,BB,D
11:19:51,ICBP,RG,7325,1,D,NI,BB,D
11:19:51,ICBP,RG,7325,1,D,YP,BB,D
11:19:51,ICBP,RG,7325,1,D,DH,BB,D
11:19:51,ICBP,RG,7325,1,D,XC,BB,D
11:19:51,ICBP,RG,7325,1,D,PD,BB,D
11:19:51,ICBP,RG,7325,1,D,YP,BB,D
11:19:51,ICBP,RG,7325,3,D,NI,BB,D
11:19:25,ICBP,RG,7325,6,D,NI,BB,D
11:19:05,ICBP,RG,7325,1,D,NI,EP,D
11:18:54,ICBP,RG,7325,1,D,NI,AK,F
11:18:53,ICBP,RG,7325,10,D,NI,XC,D
11:18:51,ICBP,RG,7325,2,D,NI,BB,D
11:18:49,ICBP,RG,7325,7,D,NI,BB,D
11:18:49,ICBP,RG,7325,1,F,CS,BB,D
11:18:49,ICBP,RG,7325,1,D,CC,BB,D
11:18:49,ICBP,RG,7325,1,D,XC,BB,D
11:18:49,ICBP,RG,7325,53,D,DR,BB,D
11:18:49,ICBP,RG,7325,9,D,DR,BB,D
11:18:45,ICBP,RG,7325,1,D,DR,AK,F
11:18:45,ICBP,RG,7350,4,F,AK,ZP,D
11:18:25,ICBP,RG,7325,9,D,DR,BB,D
11:18:09,ICBP,RG,7325,10,D,DR,BB,D
11:18:00,ICBP,RG,7325,32,D,DR,BB,D
11:17:34,ICBP,RG,7325,8,D,DR,BB,D
11:17:32,ICBP,RG,7325,6,D,DR,BB,D
11:17:32,ICBP,RG,7325,53,D,DR,YP,D
11:17:11,ICBP,RG,7325,1,D,DR,NI,D
11:16:53,ICBP,RG,7325,1,D,DR,BB,D
11:16:51,ICBP,RG,7325,17,D,DR,BB,D
11:16:51,ICBP,RG,7325,42,D,AI,BB,D
11:16:51,ICBP,RG,7325,24,D,AI,KZ,F
11:16:39,ICBP,RG,7325,1,D,AI,AK,F
11:16:36,ICBP,RG,7350,1,D,PD,ZP,D
11:16:36,ICBP,RG,7325,10,D,AI,BB,D
11:16:36,ICBP,RG,7325,1,D,AI,YP,D
11:16:25,ICBP,RG,7325,9,D,AI,BB,D
11:16:24,ICBP,RG,7325,1,D,AI,BB,D
11:16:02,ICBP,RG,7325,1,D,AI,EP,D
11:16:02,ICBP,RG,7325,11,D,AI,BB,D
11:16:02,ICBP,RG,7325,2,F,CS,BB,D
11:16:02,ICBP,RG,7325,4,F,CS,BB,D
11:16:02,ICBP,RG,7325,13,D,YP,BB,D
11:16:02,ICBP,RG,7325,1,D,PD,BB,D
11:15:58,ICBP,RG,7325,1,D,XC,AK,F
11:15:57,ICBP,RG,7325,2,D,XC,BB,D
11:15:57,ICBP,RG,7325,2,D,PD,BB,D
11:15:57,ICBP,RG,7325,1,D,PD,BB,D
11:15:57,ICBP,RG,7325,2,F,AK,BB,D
11:15:57,ICBP,RG,7325,4,D,XC,BB,D
11:15:41,ICBP,RG,7325,6,D,XC,BB,D
11:15:14,ICBP,RG,7325,9,D,XC,BB,D
11:15:00,ICBP,RG,7325,21,D,XC,BB,D
11:15:00,ICBP,RG,7325,1,D,PD,BB,D
11:15:00,ICBP,RG,7325,2,D,PD,BB,D
11:15:00,ICBP,RG,7325,25,D,GR,BB,D
11:15:00,ICBP,RG,7325,9,F,ZP,BB,D
11:14:59,ICBP,RG,7325,2,F,ZP,BB,D
11:14:42,ICBP,RG,7325,10,F,ZP,BB,D
11:14:09,ICBP,RG,7325,30,D,CC,BB,D
11:14:03,ICBP,RG,7350,1,D,XC,ZP,D
11:13:59,ICBP,RG,7325,5,D,CC,BB,D
11:13:59,ICBP,RG,7325,4,F,CS,BB,D
11:13:59,ICBP,RG,7325,1,D,YP,BB,D
11:13:50,ICBP,RG,7325,6,D,YP,BB,D
11:13:45,ICBP,RG,7325,11,D,YP,BB,D
11:13:43,ICBP,RG,7325,1,D,YP,XC,D
11:13:37,ICBP,RG,7325,1,D,YP,XC,D
11:13:37,ICBP,RG,7325,1,D,XC,XC,D
11:13:37,ICBP,RG,7325,10,D,AI,XC,D
11:13:11,ICBP,RG,7325,62,D,AI,BB,D
11:13:11,ICBP,RG,7325,2,D,AI,BB,D
11:12:53,ICBP,RG,7350,3,F,AK,ZP,D
11:12:52,ICBP,RG,7325,1,D,AI,BB,D
11:12:44,ICBP,RG,7325,9,D,AI,BB,D
11:12:36,ICBP,RG,7325,10,D,AI,BB,D
11:12:24,ICBP,RG,7325,1,D,AI,AK,F
11:12:18,ICBP,RG,7325,5,D,AI,BB,D
11:12:18,ICBP,RG,7325,2,F,CS,BB,D
11:12:18,ICBP,RG,7325,2,D,PD,BB,D
11:12:18,ICBP,RG,7325,1,D,YP,BB,D
11:12:18,ICBP,RG,7325,5,D,PD,BB,D
11:12:18,ICBP,RG,7325,3,D,YP,BB,D
11:12:18,ICBP,RG,7325,13,D,ES,BB,D
11:12:17,ICBP,RG,7350,5,D,KK,ZP,D
11:12:01,ICBP,RG,7325,6,D,ES,BB,D
11:11:45,ICBP,RG,7325,1,D,ES,AK,F
11:11:32,ICBP,RG,7325,12,D,ES,BB,D
11:11:16,ICBP,RG,7325,62,D,ES,BB,D
11:11:12,ICBP,RG,7325,2,D,ES,BB,D
11:11:12,ICBP,RG,7325,8,D,ES,BB,D
11:11:02,ICBP,RG,7350,2,D,PD,ZP,D
11:10:52,ICBP,RG,7325,10,D,ES,BB,D
11:10:22,ICBP,RG,7325,33,D,ES,BB,D
11:10:18,ICBP,RG,7325,4,D,ES,XC,D
11:10:15,ICBP,RG,7325,10,D,ES,PD,D
11:10:10,ICBP,RG,7325,6,D,ES,BB,D
11:09:57,ICBP,RG,7325,10,D,ES,BB,D
11:09:36,ICBP,RG,7350,4,D,XC,ZP,D
11:09:23,ICBP,RG,7350,2,D,XC,ZP,D
11:09:21,ICBP,RG,7325,1,D,ES,BB,D
11:09:21,ICBP,RG,7325,1,D,ES,BB,D
11:09:18,ICBP,RG,7325,60,D,ES,BB,D
11:09:14,ICBP,RG,7350,20,F,AH,ZP,D
11:09:11,ICBP,RG,7325,11,D,ES,BB,D
11:09:02,ICBP,RG,7350,4,F,AK,ZP,D
11:09:00,ICBP,RG,7350,5,F,AH,ZP,D
11:08:59,ICBP,RG,7325,10,D,ES,BB,D
11:08:41,ICBP,RG,7325,8,D,ES,BB,D
11:08:40,ICBP,RG,7350,2,D,CC,ZP,D
11:08:24,ICBP,RG,7325,2,D,ES,BB,D
11:08:24,ICBP,RG,7325,1,D,PD,BB,D
11:08:24,ICBP,RG,7325,1,F,CS,BB,D
11:08:24,ICBP,RG,7325,2,D,KK,BB,D
11:08:24,ICBP,RG,7325,24,D,DR,BB,D
11:08:22,ICBP,RG,7325,7,D,DR,BB,D
11:08:13,ICBP,RG,7325,1,D,DR,AK,F
11:07:30,ICBP,RG,7325,2,D,DR,DH,D
11:07:28,ICBP,RG,7325,10,D,DR,BB,D
11:07:25,ICBP,RG,7325,56,D,DR,BB,D
11:07:25,ICBP,RG,7325,1,D,XC,BB,D
11:07:25,ICBP,RG,7325,2,D,PD,BB,D
11:07:25,ICBP,RG,7325,1,D,SQ,BB,D
11:07:25,ICBP,RG,7325,2,D,XC,BB,D
11:07:24,ICBP,RG,7325,1,D,DR,AK,F
11:07:24,ICBP,RG,7325,2,D,DR,BB,D
11:07:04,ICBP,RG,7325,9,D,DR,BB,D
11:06:58,ICBP,RG,7325,11,D,DR,BB,D
11:06:56,ICBP,RG,7325,5,D,DR,XC,D
11:06:48,ICBP,RG,7325,6,D,DR,YP,D
11:06:43,ICBP,RG,7325,10,D,DR,YP,D
11:06:32,ICBP,RG,7325,30,D,DR,BB,D
11:06:23,ICBP,RG,7325,6,D,DR,BB,D
11:06:21,ICBP,RG,7325,1,D,DR,BB,D
11:06:19,ICBP,RG,7325,19,D,DR,SQ,D
11:06:19,ICBP,RG,7325,1,D,KK,SQ,D
11:06:17,ICBP,RG,7350,1,D,NI,ZP,D
11:06:08,ICBP,RG,7325,4,D,KK,BB,D
11:06:08,ICBP,RG,7325,3,D,CC,BB,D
11:06:08,ICBP,RG,7325,2,D,YP,BB,D
11:05:35,ICBP,RG,7325,1,D,NI,BB,D
11:05:35,ICBP,RG,7325,1,D,CC,BB,D
11:05:31,ICBP,RG,7325,2,F,CS,BB,D
11:05:31,ICBP,RG,7325,11,D,XC,BB,D
11:05:31,ICBP,RG,7325,29,F,ZP,BB,D
11:05:31,ICBP,RG,7325,1,D,PD,BB,D
11:05:31,ICBP,RG,7325,1,D,YP,BB,D
11:05:31,ICBP,RG,7325,1,D,YP,BB,D
11:05:31,ICBP,RG,7325,7,D,PD,BB,D
11:05:31,ICBP,RG,7325,11,D,SQ,BB,D
11:05:14,ICBP,RG,7325,2,D,SQ,XL,D
11:05:07,ICBP,RG,7325,11,D,SQ,BB,D
11:04:54,ICBP,RG,7325,9,D,SQ,BB,D
11:04:45,ICBP,RG,7325,11,D,SQ,BB,D
11:04:43,ICBP,RG,7325,24,D,SQ,BB,D
11:04:43,ICBP,RG,7325,6,D,CC,BB,D
11:04:28,ICBP,RG,7350,17,D,EP,ZP,D
11:04:25,ICBP,RG,7350,2,D,YP,ZP,D
11:04:24,ICBP,RG,7325,6,D,CC,BB,D
11:03:40,ICBP,RG,7325,2,D,CC,BB,D
11:03:39,ICBP,RG,7325,1,D,CC,AK,F
11:03:38,ICBP,RG,7325,8,D,CC,BB,D
11:03:31,ICBP,RG,7325,17,D,CC,BB,D
11:03:31,ICBP,RG,7325,27,D,XC,BB,D
11:03:31,ICBP,RG,7325,10,D,CC,BB,D
11:03:31,ICBP,RG,7325,2,D,NI,BB,D
11:03:31,ICBP,RG,7325,3,F,CS,BB,D
11:03:12,ICBP,RG,7325,1,F,CS,YP,D
11:03:12,ICBP,RG,7325,2,D,SQ,YP,D
11:03:12,ICBP,RG,7325,1,D,YP,YP,D
11:03:12,ICBP,RG,7325,3,D,YB,YP,D
11:03:12,ICBP,RG,7325,1,D,PD,YP,D
11:03:12,ICBP,RG,7325,2,D,CC,YP,D
11:03:12,ICBP,RG,7325,2,D,PD,YP,D
11:03:12,ICBP,RG,7325,2,D,XC,YP,D
11:03:12,ICBP,RG,7325,2,F,CS,YP,D
11:03:12,ICBP,RG,7325,1,F,CS,YP,D
11:03:07,ICBP,RG,7325,9,D,SQ,BB,D
