Time,Stock,Brd,Price,Qty,BT,BC,SC,ST
15:14:51,ICBP,RG,9450,1,D,DX,NI,D
15:11:41,ICBP,RG,9450,9,D,BB,NI,D
15:11:41,ICBP,RG,9450,1,D,BB,NI,D
15:11:41,ICBP,RG,9450,25,D,BB,NI,D
15:11:41,ICBP,RG,9450,22,D,BB,NI,D
15:11:41,ICBP,RG,9450,1,D,BB,NI,D
15:11:41,ICBP,RG,9450,23,D,BB,NI,D
15:11:41,ICBP,RG,9450,7,D,BB,NI,D
15:11:41,ICBP,RG,9450,7,D,BB,NI,D
15:11:41,ICBP,RG,9450,18,D,BB,HP,D
15:11:41,ICBP,RG,9450,22,D,BB,HP,D
15:11:41,ICBP,RG,9450,2,D,BB,PD,D
15:11:41,ICBP,RG,9450,5,D,BB,LG,D
15:11:41,ICBP,RG,9450,2,D,BB,XC,D
15:11:41,ICBP,RG,9450,6,D,BB,YP,D
15:11:41,ICBP,RG,9450,1,D,BB,YP,D
15:08:42,ICBP,RG,9450,3,D,BB,YP,D
15:08:42,ICBP,RG,9450,7,D,BB,YB,D
15:08:42,ICBP,RG,9450,13,D,BB,YB,D
15:08:42,ICBP,RG,9450,20,D,BB,YB,D
15:08:42,ICBP,RG,9450,38,D,BB,YB,D
15:08:42,ICBP,RG,9450,2,D,BB,YB,D
15:08:42,ICBP,RG,9450,14,D,BB,YB,D
15:08:42,ICBP,RG,9450,1,D,BB,YB,D
15:08:42,ICBP,RG,9450,25,D,BB,YB,D
15:08:42,ICBP,RG,9450,10,D,BB,SQ,D
15:08:42,ICBP,RG,9450,9,D,BB,SQ,D
15:08:42,ICBP,RG,9450,1,D,BB,SQ,D
15:08:42,ICBP,RG,9450,48,D,BB,SQ,D
15:08:42,ICBP,RG,9450,2,D,BB,SQ,D
15:08:42,ICBP,RG,9450,1,D,BB,YP,D
15:08:42,ICBP,RG,9450,1,D,BB,PD,D
15:08:42,ICBP,RG,9450,10,D,BB,DX,D
15:08:42,ICBP,RG,9450,5,D,BB,GR,D
15:08:42,ICBP,RG,9450,1,D,BB,YP,D
15:08:42,ICBP,RG,9450,5,D,BB,GR,D
15:08:42,ICBP,RG,9450,10,D,BB,KK,D
15:08:42,ICBP,RG,9450,3,D,BB,BQ,D
15:08:25,ICBP,RG,9450,2,D,CC,BQ,D
15:06:46,ICBP,RG,9450,1,D,PD,YP,D
15:06:46,ICBP,RG,9450,2,D,PD,PC,D
15:06:32,ICBP,RG,9450,1,D,XC,YP,D
15:04:33,ICBP,RG,9450,2,D,BB,YP,D
15:04:33,ICBP,RG,9450,2,D,BB,HP,D
15:04:33,ICBP,RG,9450,38,D,BB,HP,D
15:04:33,ICBP,RG,9450,1,D,BB,XA,D
15:04:33,ICBP,RG,9450,44,D,BB,CC,D
15:04:33,ICBP,RG,9450,84,D,BB,CC,D
15:04:33,ICBP,RG,9450,77,D,BB,CC,D
15:04:33,ICBP,RG,9450,72,D,BB,CC,D
15:04:33,ICBP,RG,9450,22,D,BB,CC,D
15:04:33,ICBP,RG,9450,2,D,BB,CC,D
15:04:33,ICBP,RG,9450,104,D,BB,CC,D
15:04:33,ICBP,RG,9450,1,D,BB,CC,D
15:04:33,ICBP,RG,9450,20,D,BB,CC,D
15:04:33,ICBP,RG,9450,18,D,BB,CC,D
15:04:33,ICBP,RG,9450,3,D,BB,YP,D
15:04:33,ICBP,RG,9450,5,D,BB,YP,D
15:04:33,ICBP,RG,9450,1,D,BB,AZ,D
15:04:33,ICBP,RG,9450,2,D,BB,AZ,D
15:04:33,ICBP,RG,9450,2,D,BB,YP,D
15:03:05,ICBP,RG,9450,5,D,CC,YP,D
15:01:02,ICBP,RG,9450,15,D,BB,YP,D
15:01:02,ICBP,RG,9450,3,D,BB,DH,D
15:01:02,ICBP,RG,9450,3,D,BB,HD,D
15:01:02,ICBP,RG,9450,50,D,BB,YB,D
15:01:02,ICBP,RG,9450,4,D,BB,YP,D
15:01:02,ICBP,RG,9450,6,D,BB,YP,D
15:01:02,ICBP,RG,9450,1,D,BB,KK,D
15:01:02,ICBP,RG,9450,13,D,BB,FS,D
15:01:02,ICBP,RG,9450,75,D,BB,FS,D
15:01:02,ICBP,RG,9450,28,D,BB,FS,D
15:01:02,ICBP,RG,9450,18,D,BB,FS,D
15:01:01,ICBP,RG,9450,94,D,BB,FS,D
15:01:01,ICBP,RG,9450,69,D,BB,FS,D
15:01:01,ICBP,RG,9450,2,D,BB,FS,D
15:01:01,ICBP,RG,9450,1,D,BB,FS,D
15:01:01,ICBP,RG,9450,65,D,BB,FS,D
15:01:01,ICBP,RG,9450,3,D,BB,FS,D
15:01:00,ICBP,RG,9450,1,D,XC,FS,D
15:00:00,ICBP,RG,9450,431,F,CS,FS,D
15:00:00,ICBP,RG,9450,1,F,CS,CC,D
15:00:00,ICBP,RG,9450,300,F,CS,FS,D
15:00:00,ICBP,RG,9450,2,D,XC,FS,D
15:00:00,ICBP,RG,9450,2,D,YP,FS,D
15:00:00,ICBP,RG,9450,1,D,CC,FS,D
15:00:00,ICBP,RG,9450,1,D,KK,FS,D
15:00:00,ICBP,RG,9450,3,D,LG,FS,D
15:00:00,ICBP,RG,9450,146,D,BB,FS,D
15:00:00,ICBP,RG,9450,39,D,BB,FS,D
15:00:00,ICBP,RG,9450,35,D,BB,FS,D
15:00:00,ICBP,RG,9450,4,D,BB,FS,D
15:00:00,ICBP,RG,9450,2,D,BB,FS,D
15:00:00,ICBP,RG,9450,127,D,BB,FS,D
15:00:00,ICBP,RG,9450,147,D,BB,FS,D
15:00:00,ICBP,RG,9450,135,D,BB,FS,D
15:00:00,ICBP,RG,9450,56,D,BB,FS,D
15:00:00,ICBP,RG,9450,6,D,BB,YP,D
15:00:00,ICBP,RG,9450,3,D,BB,YP,D
15:00:00,ICBP,RG,9450,10,D,BB,AZ,D
15:00:00,ICBP,RG,9450,10,D,BB,YP,D
15:00:00,ICBP,RG,9450,1,D,BB,YP,D
15:00:00,ICBP,RG,9450,1,D,BB,CC,D
15:00:00,ICBP,RG,9450,53,D,BB,ZP,F
15:00:00,ICBP,RG,9450,43,D,BB,ZP,F
15:00:00,ICBP,RG,9450,18,D,BB,ZP,F
15:00:00,ICBP,RG,9450,36,D,BB,ZP,F
15:00:00,ICBP,RG,9450,7,D,BB,ZP,F
15:00:00,ICBP,RG,9450,8,D,BB,ZP,F
15:00:00,ICBP,RG,9450,13,D,BB,ZP,F
15:00:00,ICBP,RG,9450,4,D,BB,ZP,F
15:00:00,ICBP,RG,9450,50,D,BB,ZP,F
15:00:00,ICBP,RG,9450,52,D,BB,ZP,F
15:00:00,ICBP,RG,9450,22,D,BB,ZP,F
15:00:00,ICBP,RG,9450,8,D,BB,DX,F
15:00:00,ICBP,RG,9450,52,D,BB,YU,F
15:00:00,ICBP,RG,9450,84,D,BB,YU,F
15:00:00,ICBP,RG,9450,2,D,BB,YU,F
15:00:00,ICBP,RG,9450,73,D,BB,YU,F
15:00:00,ICBP,RG,9450,20,D,BB,YU,F
15:00:00,ICBP,RG,9450,31,D,BB,YU,F
15:00:00,ICBP,RG,9450,78,D,BB,YU,F
15:00:00,ICBP,RG,9450,1,D,BB,YU,F
15:00:00,ICBP,RG,9450,68,D,PD,YU,F
15:00:00,ICBP,RG,9450,10,D,PD,YU,F
15:00:00,ICBP,RG,9450,34,D,CC,YU,F
15:00:00,ICBP,RG,9450,1,D,CC,YU,F
15:00:00,ICBP,RG,9450,1,D,NI,YU,F
15:00:00,ICBP,RG,9450,2,D,NI,YU,F
15:00:00,ICBP,RG,9450,1,D,NI,YU,F
15:00:00,ICBP,RG,9450,1,D,NI,YU,F
15:00:00,ICBP,RG,9450,637,D,NI,YU,F
15:00:00,ICBP,RG,9450,103,D,NI,YU,F
15:00:00,ICBP,RG,9450,480,D,NI,YU,F
15:00:00,ICBP,RG,9450,277,D,NI,YU,F
15:00:00,ICBP,RG,9450,43,F,AK,YU,F
15:00:00,ICBP,RG,9450,2,F,AK,YU,F
15:00:00,ICBP,RG,9450,1,F,AK,YU,F
15:00:00,ICBP,RG,9450,1,F,AK,YU,F
15:00:00,ICBP,RG,9450,1,F,AK,YU,F
15:00:00,ICBP,RG,9450,99,F,AK,YU,F
15:00:00,ICBP,RG,9450,56,F,ZP,YU,F
15:00:00,ICBP,RG,9450,42,F,ZP,YU,F
15:00:00,ICBP,RG,9450,23,F,ZP,YU,F
15:00:00,ICBP,RG,9450,73,F,AK,YU,F
15:00:00,ICBP,RG,9450,110,F,ZP,YU,F
15:00:00,ICBP,RG,9450,21,F,ZP,YU,F
15:00:00,ICBP,RG,9450,352,F,ZP,ZP,F
15:00:00,ICBP,RG,9450,12,F,BK,ZP,F
15:00:00,ICBP,RG,9450,20,D,KZ,ZP,F
15:00:00,ICBP,RG,9450,85,D,KZ,ZP,F
15:00:00,ICBP,RG,9450,432,F,ZP,ZP,F
15:00:00,ICBP,RG,9450,60,D,BB,ZP,F
15:00:00,ICBP,RG,9450,65,D,BB,AK,F
15:00:00,ICBP,RG,9450,1,D,BB,AK,F
15:00:00,ICBP,RG,9450,98,D,BB,AK,F
15:00:00,ICBP,RG,9450,44,D,BB,BK,F
15:00:00,ICBP,RG,9450,249,D,BB,BK,F
15:00:00,ICBP,RG,9450,187,D,BB,BK,F
15:00:00,ICBP,RG,9450,48,D,BB,BK,F
15:00:00,ICBP,RG,9450,533,D,BB,KZ,F
15:00:00,ICBP,RG,9450,488,D,BB,ZP,F
15:00:00,ICBP,RG,9450,448,D,OD,ZP,F
15:00:00,ICBP,RG,9450,12,D,OD,YU,F
15:00:00,ICBP,RG,9450,99,D,LG,YU,F
15:00:00,ICBP,RG,9450,24,D,PD,YU,F
15:00:00,ICBP,RG,9450,16,D,PD,LG,D
14:49:53,ICBP,RG,9475,1,F,ZP,PD,D
14:49:49,ICBP,RG,9450,5,D,PD,DR,D
14:49:46,ICBP,RG,9475,1,F,ZP,PD,D
14:49:45,ICBP,RG,9450,1,D,PD,YU,F
14:49:45,ICBP,RG,9475,1,F,ZP,PD,D
14:49:44,ICBP,RG,9450,7,D,PD,AK,F
14:49:44,ICBP,RG,9450,4,D,PD,AK,F
14:49:44,ICBP,RG,9475,9,D,DH,PD,D
14:49:44,ICBP,RG,9450,1,D,PD,AK,F
14:49:43,ICBP,RG,9475,1,F,ZP,PD,D
14:49:33,ICBP,RG,9450,1,D,PD,AK,F
14:49:32,ICBP,RG,9450,1,D,PD,YU,F
14:49:32,ICBP,RG,9475,1,F,ZP,PD,D
14:49:31,ICBP,RG,9450,12,D,PD,YU,F
14:49:31,ICBP,RG,9475,14,F,ZP,PD,D
14:49:31,ICBP,RG,9475,2,F,ZP,PD,D
14:49:30,ICBP,RG,9475,131,D,CC,PD,D
14:49:30,ICBP,RG,9475,93,D,CC,YP,D
14:49:30,ICBP,RG,9475,1,F,ZP,YP,D
14:49:30,ICBP,RG,9450,2,D,CC,AK,F
14:49:29,ICBP,RG,9450,6,D,CC,ZP,F
14:49:16,ICBP,RG,9450,2,D,CC,YU,F
14:49:16,ICBP,RG,9475,1,F,ZP,YP,D
14:49:15,ICBP,RG,9475,5,F,AK,YP,D
14:49:15,ICBP,RG,9475,7,F,AK,DH,D
14:49:15,ICBP,RG,9475,7,F,AK,CD,D
14:49:15,ICBP,RG,9475,5,F,AK,CD,D
14:49:09,ICBP,RG,9475,1,F,ZP,CD,D
14:49:09,ICBP,RG,9450,1,D,CC,BB,D
14:49:08,ICBP,RG,9450,16,D,CC,ZP,F
14:48:59,ICBP,RG,9475,2,F,ZP,CD,D
14:48:50,ICBP,RG,9475,2,F,ZP,CD,D
14:48:49,ICBP,RG,9450,2,D,CC,YU,F
14:48:48,ICBP,RG,9475,3,F,ZP,CD,D
14:48:48,ICBP,RG,9475,1,F,ZP,CC,D
14:48:48,ICBP,RG,9450,17,D,CC,ZP,F
14:48:32,ICBP,RG,9475,1,F,ZP,CC,D
14:48:30,ICBP,RG,9475,3,F,AK,PD,D
14:48:30,ICBP,RG,9475,1,F,AK,NI,D
14:48:30,ICBP,RG,9475,1,F,AK,DR,D
14:48:30,ICBP,RG,9475,12,F,AK,SQ,D
14:48:23,ICBP,RG,9475,1,F,ZP,SQ,D
14:48:22,ICBP,RG,9450,2,D,CC,YU,F
14:48:21,ICBP,RG,9450,17,D,CC,ZP,F
14:48:17,ICBP,RG,9475,1,F,ZP,SQ,D
14:48:15,ICBP,RG,9475,8,F,AK,SQ,D
14:48:06,ICBP,RG,9450,9,D,CC,YU,F
14:48:05,ICBP,RG,9475,11,F,ZP,SQ,D
14:48:04,ICBP,RG,9450,168,D,CC,KZ,F
14:48:01,ICBP,RG,9475,1,F,ZP,SQ,D
14:48:00,ICBP,RG,9450,2,D,CC,YU,F
14:47:59,ICBP,RG,9450,17,D,CC,ZP,F
14:47:54,ICBP,RG,9475,1,D,PD,SQ,D
14:47:44,ICBP,RG,9475,1,F,ZP,SQ,D
14:47:42,ICBP,RG,9475,3,D,XL,SQ,D
14:47:36,ICBP,RG,9475,2,F,ZP,SQ,D
14:47:36,ICBP,RG,9450,7,D,CC,DX,F
14:47:35,ICBP,RG,9450,1,D,CC,XC,D
14:47:23,ICBP,RG,9450,1,D,CC,YU,F
14:47:22,ICBP,RG,9475,1,F,ZP,SQ,D
14:47:21,ICBP,RG,9450,10,D,CC,DX,D
14:47:19,ICBP,RG,9475,10,F,ZP,SQ,D
14:47:18,ICBP,RG,9450,2,D,CC,YU,F
14:47:17,ICBP,RG,9450,150,D,CC,YB,D
14:47:17,ICBP,RG,9475,1,F,ZP,SQ,D
14:47:15,ICBP,RG,9475,48,F,ZP,SQ,D
14:47:15,ICBP,RG,9475,29,F,AK,SQ,D
14:47:12,ICBP,RG,9475,1,F,ZP,SQ,D
14:47:11,ICBP,RG,9475,3,F,ZP,SQ,D
14:47:11,ICBP,RG,9450,11,D,CC,AK,F
14:47:11,ICBP,RG,9450,50,D,CC,YP,D
14:47:11,ICBP,RG,9450,47,D,CC,YU,F
14:47:11,ICBP,RG,9450,4,D,CC,NI,D
14:47:11,ICBP,RG,9450,23,D,CC,ZP,F
14:47:11,ICBP,RG,9450,100,D,CC,DR,D
14:47:11,ICBP,RG,9450,19,D,CC,AK,F
14:47:11,ICBP,RG,9450,75,D,CC,DR,D
14:47:11,ICBP,RG,9450,5,D,CC,YP,D
14:47:11,ICBP,RG,9450,12,D,CC,OD,D
14:47:11,ICBP,RG,9450,105,D,CC,OD,D
14:47:11,ICBP,RG,9450,28,D,CC,OD,D
14:47:11,ICBP,RG,9450,28,D,CC,OD,D
14:47:11,ICBP,RG,9450,12,D,CC,OD,D
14:47:11,ICBP,RG,9450,105,D,CC,OD,D
14:47:11,ICBP,RG,9450,28,D,CC,OD,D
14:47:11,ICBP,RG,9450,12,D,CC,OD,D
14:47:11,ICBP,RG,9450,80,D,CC,OD,D
14:47:10,ICBP,RG,9425,7,D,BB,YU,F
14:47:10,ICBP,RG,9450,7,F,ZP,OD,D
14:47:09,ICBP,RG,9450,2,F,AK,OD,D
14:47:09,ICBP,RG,9450,1,F,AK,OD,D
14:47:09,ICBP,RG,9450,15,F,AK,OD,D
14:47:09,ICBP,RG,9450,53,F,AK,KZ,F
14:47:09,ICBP,RG,9450,4,F,AK,NI,D
14:47:09,ICBP,RG,9450,18,F,AK,PP,D
14:47:09,ICBP,RG,9425,26,D,BB,KZ,F
14:47:01,ICBP,RG,9425,1,D,BB,YU,F
14:47:01,ICBP,RG,9450,1,F,ZP,PP,D
14:47:00,ICBP,RG,9450,7,F,AK,PP,D
14:47:00,ICBP,RG,9450,6,F,AK,PP,D
14:47:00,ICBP,RG,9425,3,D,BB,YP,D
14:46:46,ICBP,RG,9450,1,F,ZP,PP,D
14:46:45,ICBP,RG,9425,4,D,BB,YU,F
14:46:45,ICBP,RG,9450,7,F,AK,PP,D
14:46:44,ICBP,RG,9450,7,F,ZP,PP,D
14:46:43,ICBP,RG,9425,10,D,BB,YU,F
14:46:43,ICBP,RG,9425,46,D,BB,YU,F
14:46:43,ICBP,RG,9450,2,F,ZP,PP,D
14:46:43,ICBP,RG,9450,15,F,ZP,CC,D
14:46:43,ICBP,RG,9450,3,F,ZP,YP,D
14:46:43,ICBP,RG,9450,44,F,ZP,KZ,F
14:46:42,ICBP,RG,9450,49,F,AK,KZ,F
14:46:42,ICBP,RG,9450,78,D,NI,KZ,F
14:46:42,ICBP,RG,9450,200,D,NI,LG,D
14:46:42,ICBP,RG,9450,22,D,NI,BK,F
14:46:42,ICBP,RG,9450,11,D,NI,DX,D
14:46:42,ICBP,RG,9450,2,D,NI,YP,D
14:46:42,ICBP,RG,9450,20,D,NI,KZ,F
14:46:42,ICBP,RG,9450,22,D,NI,KZ,F
14:46:42,ICBP,RG,9450,2,D,NI,PD,D
14:46:42,ICBP,RG,9450,10,D,NI,CC,D
14:46:42,ICBP,RG,9450,42,D,NI,KZ,F
14:46:42,ICBP,RG,9450,8,D,NI,KZ,F
14:46:42,ICBP,RG,9450,11,D,NI,KZ,F
14:46:42,ICBP,RG,9450,2,F,ZP,KZ,F
14:46:42,ICBP,RG,9450,23,D,NI,KZ,F
14:46:42,ICBP,RG,9450,20,D,NI,TP,D
14:46:42,ICBP,RG,9450,5,D,NI,DX,D
14:46:42,ICBP,RG,9450,21,D,NI,CC,D
14:46:42,ICBP,RG,9450,4,D,NI,CC,D
14:46:42,ICBP,RG,9450,224,D,NI,KZ,F
14:46:42,ICBP,RG,9450,2,D,NI,DH,D
14:46:42,ICBP,RG,9450,5,D,NI,KK,D
14:46:42,ICBP,RG,9450,91,D,NI,KZ,F
14:46:42,ICBP,RG,9450,185,D,NI,KZ,F
14:46:40,ICBP,RG,9450,1,F,ZP,KZ,F
14:46:39,ICBP,RG,9425,4,D,BB,KZ,F
14:46:39,ICBP,RG,9425,6,D,BB,KZ,F
14:46:10,ICBP,RG,9450,12,F,AK,KZ,F
14:46:10,ICBP,RG,9450,3,F,ZP,KZ,F
14:46:09,ICBP,RG,9425,40,D,BB,KZ,F
14:46:09,ICBP,RG,9425,5,D,BB,KZ,F
14:45:09,ICBP,RG,9450,2,F,ZP,KZ,F
14:45:05,ICBP,RG,9450,1,F,ZP,KZ,F
14:45:04,ICBP,RG,9425,2,D,BB,YP,D
14:44:58,ICBP,RG,9425,5,D,BB,DX,F
14:44:58,ICBP,RG,9425,3,D,BB,DX,F
14:44:31,ICBP,RG,9450,37,F,ZP,KZ,F
14:44:30,ICBP,RG,9450,1,F,ZP,KZ,F
14:44:30,ICBP,RG,9450,167,D,CC,KZ,F
14:44:30,ICBP,RG,9450,1,D,CC,XC,D
14:44:30,ICBP,RG,9450,43,D,CC,AK,F
14:44:30,ICBP,RG,9450,5,D,CC,DX,D
14:44:30,ICBP,RG,9450,28,D,CC,OD,D
14:44:30,ICBP,RG,9450,12,D,CC,OD,D
14:44:30,ICBP,RG,9450,105,D,CC,OD,D
14:44:30,ICBP,RG,9450,90,D,CC,ZP,F
14:44:30,ICBP,RG,9450,74,D,CC,AK,F
14:44:30,ICBP,RG,9450,60,D,CC,ZP,F
14:44:14,ICBP,RG,9450,15,F,ZP,ZP,F
14:44:14,ICBP,RG,9450,17,F,ZP,KZ,F
14:44:12,ICBP,RG,9450,211,D,NI,KZ,F
14:44:12,ICBP,RG,9450,2,F,ZP,KZ,F
14:44:12,ICBP,RG,9450,6,D,NI,KZ,F
14:44:12,ICBP,RG,9450,6,D,NI,XC,D
14:44:12,ICBP,RG,9450,11,D,NI,PD,D
14:44:12,ICBP,RG,9450,12,D,NI,KZ,F
14:44:12,ICBP,RG,9450,160,D,NI,KZ,F
14:44:12,ICBP,RG,9450,92,D,NI,KZ,F
14:44:04,ICBP,RG,9450,1,F,ZP,KZ,F
14:44:01,ICBP,RG,9450,7,D,YB,KZ,F
14:44:01,ICBP,RG,9450,15,F,ZP,KZ,F
14:44:00,ICBP,RG,9425,32,D,BB,AK,F
14:44:00,ICBP,RG,9450,13,D,CC,KZ,F
14:44:00,ICBP,RG,9450,188,D,CC,KZ,F
14:43:52,ICBP,RG,9450,1,F,ZP,KZ,F
14:43:51,ICBP,RG,9425,16,D,BB,ZP,F
14:43:45,ICBP,RG,9450,1,F,ZP,KZ,F
14:43:44,ICBP,RG,9450,1,D,PD,KZ,F
14:43:39,ICBP,RG,9425,2,D,BB,CC,D
14:43:39,ICBP,RG,9425,1,D,BB,CC,D
14:43:31,ICBP,RG,9450,5,F,ZP,KZ,F
14:43:30,ICBP,RG,9450,69,F,AK,KZ,F
14:43:30,ICBP,RG,9450,2,F,ZP,KZ,F
14:43:29,ICBP,RG,9450,51,F,ZP,KZ,F
14:43:28,ICBP,RG,9425,1,D,BB,ZP,F
14:43:28,ICBP,RG,9425,15,F,AK,ZP,F
14:43:20,ICBP,RG,9425,5,F,AK,CC,D
14:43:20,ICBP,RG,9425,95,D,CC,CC,D
14:43:19,ICBP,RG,9450,49,F,AK,KZ,F
14:43:05,ICBP,RG,9425,2,D,CC,KK,D
14:43:01,ICBP,RG,9425,32,D,CC,ZP,F
14:43:00,ICBP,RG,9425,1,D,CC,CC,D
14:42:33,ICBP,RG,9425,8,D,CC,DX,F
14:42:22,ICBP,RG,9425,12,D,CC,PD,D
14:42:20,ICBP,RG,9425,17,D,CC,ZP,F
14:42:07,ICBP,RG,9425,17,D,CC,ZP,F
14:41:49,ICBP,RG,9425,17,D,CC,ZP,F
14:41:49,ICBP,RG,9425,5,D,CC,PD,D
14:41:46,ICBP,RG,9425,7,D,CC,XC,D
14:41:40,ICBP,RG,9425,1,D,CC,AT,D
14:41:20,ICBP,RG,9425,1,D,CC,XC,D
14:41:13,ICBP,RG,9425,17,D,CC,ZP,F
14:41:10,ICBP,RG,9425,10,D,CC,XA,D
14:41:04,ICBP,RG,9425,38,D,CC,KZ,F
14:41:00,ICBP,RG,9425,1,D,CC,CC,D
14:40:59,ICBP,RG,9425,17,D,CC,ZP,F
14:40:37,ICBP,RG,9425,2,D,CC,XL,D
14:40:34,ICBP,RG,9450,27,F,AK,KZ,F
14:40:18,ICBP,RG,9425,60,D,CC,YP,D
14:40:10,ICBP,RG,9425,17,D,CC,ZP,F
14:40:01,ICBP,RG,9425,16,D,CC,ZP,F
14:39:53,ICBP,RG,9425,2,D,CC,KK,D
14:39:39,ICBP,RG,9425,6,D,CC,YP,D
14:39:33,ICBP,RG,9425,1,D,CC,ZP,F
14:39:33,ICBP,RG,9425,17,D,NI,ZP,F
14:39:17,ICBP,RG,9450,2,D,CC,KZ,F
14:39:09,ICBP,RG,9425,5,D,NI,PD,D
14:38:53,ICBP,RG,9425,16,D,NI,ZP,F
14:38:35,ICBP,RG,9425,17,D,NI,ZP,F
14:38:27,ICBP,RG,9425,7,D,NI,KK,D
14:38:24,ICBP,RG,9425,44,D,NI,KZ,F
14:38:24,ICBP,RG,9425,17,D,NI,KZ,F
14:38:24,ICBP,RG,9425,80,D,NI,KZ,F
14:38:24,ICBP,RG,9425,46,D,NI,KZ,F
14:38:24,ICBP,RG,9425,1,D,LG,KZ,F
14:38:24,ICBP,RG,9425,3,F,ZP,KZ,F
14:38:24,ICBP,RG,9425,52,D,CC,KZ,F
14:38:19,ICBP,RG,9450,35,F,AK,KZ,F
14:37:52,ICBP,RG,9450,1,F,ZP,KZ,F
14:37:50,ICBP,RG,9425,18,D,CC,ZP,F
14:37:37,ICBP,RG,9450,1,F,ZP,KZ,F
14:37:36,ICBP,RG,9425,16,D,CC,ZP,F
14:37:28,ICBP,RG,9450,1,F,ZP,KZ,F
14:37:26,ICBP,RG,9425,10,D,CC,DX,F
14:37:21,ICBP,RG,9450,1,F,ZP,KZ,F
14:37:20,ICBP,RG,9425,20,D,CC,PD,D
14:37:00,ICBP,RG,9450,1,F,ZP,KZ,F
14:36:58,ICBP,RG,9425,6,D,CC,DX,F
14:36:49,ICBP,RG,9425,5,D,CC,KK,D
14:36:28,ICBP,RG,9450,1,F,ZP,KZ,F
14:36:27,ICBP,RG,9425,7,D,CC,DX,F
14:36:17,ICBP,RG,9425,10,D,CC,YU,D
14:36:15,ICBP,RG,9450,1,F,ZP,KZ,F
14:36:14,ICBP,RG,9450,8,D,XC,KZ,F
14:36:00,ICBP,RG,9450,3,F,ZP,KZ,F
14:35:59,ICBP,RG,9425,7,D,CC,DX,F
14:35:57,ICBP,RG,9425,40,D,CC,NI,D
14:35:49,ICBP,RG,9425,7,D,CC,DR,D
14:35:04,ICBP,RG,9450,3,F,ZP,KZ,F
14:35:03,ICBP,RG,9450,47,F,AK,KZ,F
14:35:03,ICBP,RG,9450,1,F,ZP,KZ,F
14:35:03,ICBP,RG,9450,6,F,ZP,DX,D
14:35:01,ICBP,RG,9450,2,F,AK,DX,D
14:35:01,ICBP,RG,9450,2,F,AK,DX,D
14:35:01,ICBP,RG,9450,5,F,AK,GR,D
14:35:01,ICBP,RG,9450,3,F,AK,EP,D
14:35:01,ICBP,RG,9450,10,F,AK,GR,D
14:35:01,ICBP,RG,9450,1,F,AK,XC,D
14:35:01,ICBP,RG,9450,31,F,AK,ZP,F
14:35:01,ICBP,RG,9450,47,F,AK,KZ,F
14:34:55,ICBP,RG,9450,64,F,ZP,KZ,F
14:34:54,ICBP,RG,9450,2,D,BB,KZ,F
14:34:54,ICBP,RG,9450,159,D,BB,KZ,F
14:34:54,ICBP,RG,9450,24,D,BB,KZ,F
14:34:54,ICBP,RG,9450,8,D,BB,BK,F
14:34:54,ICBP,RG,9450,3,D,BB,CC,D
14:34:54,ICBP,RG,9450,1,D,BB,KK,D
14:34:54,ICBP,RG,9450,11,D,BB,KZ,F
14:34:54,ICBP,RG,9450,1,D,BB,KK,D
14:34:54,ICBP,RG,9450,5,D,BB,DX,D
14:34:54,ICBP,RG,9450,50,D,BB,LS,D
14:34:54,ICBP,RG,9450,1,D,BB,XC,D
14:34:54,ICBP,RG,9450,20,D,BB,AZ,D
14:34:54,ICBP,RG,9450,43,D,BB,KZ,F
14:34:54,ICBP,RG,9450,3,D,BB,KZ,F
14:34:54,ICBP,RG,9450,27,D,BB,AK,F
14:34:54,ICBP,RG,9450,21,D,BB,AK,F
14:34:54,ICBP,RG,9450,87,D,BB,AK,F
14:34:54,ICBP,RG,9450,5,D,BB,DX,D
14:34:54,ICBP,RG,9450,6,D,BB,PD,D
14:34:54,ICBP,RG,9450,50,D,BB,CC,D
14:34:54,ICBP,RG,9450,8,D,BB,PP,D
14:34:54,ICBP,RG,9450,5,D,BB,PP,D
14:34:54,ICBP,RG,9450,8,D,BB,PP,D
14:34:54,ICBP,RG,9450,85,D,BB,PP,D
14:34:54,ICBP,RG,9450,86,D,BB,LS,D
14:34:54,ICBP,RG,9450,14,D,BB,LS,D
14:34:54,ICBP,RG,9450,10,D,BB,GR,D
14:34:54,ICBP,RG,9450,2,D,BB,CC,D
14:34:54,ICBP,RG,9450,2,D,BB,PD,D
14:34:54,ICBP,RG,9450,1,D,BB,NI,D
14:34:54,ICBP,RG,9450,1,D,BB,NI,D
14:34:54,ICBP,RG,9450,1,D,BB,XL,D
14:34:54,ICBP,RG,9450,5,D,BB,YP,D
14:34:54,ICBP,RG,9450,1,D,BB,EP,D
14:34:54,ICBP,RG,9450,112,D,BB,XC,D
14:34:54,ICBP,RG,9450,38,D,BB,XC,D
14:34:54,ICBP,RG,9450,2,D,BB,PD,D
14:34:54,ICBP,RG,9450,3,D,BB,PD,D
14:34:54,ICBP,RG,9450,10,D,BB,XC,D
14:34:54,ICBP,RG,9450,2,D,BB,XL,D
14:34:54,ICBP,RG,9450,17,D,BB,LG,D
14:34:54,ICBP,RG,9450,19,D,BB,AK,F
14:34:54,ICBP,RG,9450,5,D,BB,YP,D
14:34:54,ICBP,RG,9450,3,D,BB,LG,D
14:34:54,ICBP,RG,9450,1,D,BB,CC,D
14:34:54,ICBP,RG,9450,2,D,BB,OD,D
14:34:54,ICBP,RG,9450,26,D,BB,OD,D
14:34:54,ICBP,RG,9450,4,D,BB,PD,D
14:34:54,ICBP,RG,9450,12,D,BB,OD,D
14:34:54,ICBP,RG,9450,1,D,BB,OD,D
14:34:51,ICBP,RG,9425,1,D,CC,NI,D
14:34:46,ICBP,RG,9450,1,F,ZP,OD,D
14:34:44,ICBP,RG,9450,4,D,YP,OD,D
14:34:01,ICBP,RG,9450,2,F,ZP,OD,D
14:34:00,ICBP,RG,9425,32,D,CC,AK,F
14:33:48,ICBP,RG,9450,31,F,ZP,OD,D
14:33:47,ICBP,RG,9425,69,D,CC,KZ,F
14:33:47,ICBP,RG,9425,1,D,BB,KZ,F
14:33:47,ICBP,RG,9425,1,D,YP,KZ,F
14:33:47,ICBP,RG,9425,31,F,AK,KZ,F
14:33:47,ICBP,RG,9425,6,D,BB,KZ,F
14:33:47,ICBP,RG,9425,15,D,BB,KZ,F
14:33:47,ICBP,RG,9425,22,D,BB,KZ,F
14:33:47,ICBP,RG,9425,4,D,BB,KZ,F
14:33:47,ICBP,RG,9425,18,D,BB,KZ,F
14:33:47,ICBP,RG,9425,16,D,BB,KZ,F
14:33:47,ICBP,RG,9425,4,D,BB,KZ,F
14:33:47,ICBP,RG,9425,17,D,BB,KZ,F
14:33:47,ICBP,RG,9425,296,D,CC,KZ,F
14:33:28,ICBP,RG,9450,1,F,ZP,OD,D
14:33:27,ICBP,RG,9425,7,D,CC,XA,D
14:33:21,ICBP,RG,9450,1,F,ZP,OD,D
14:33:20,ICBP,RG,9450,10,D,PD,OD,D
14:32:50,ICBP,RG,9425,13,D,CC,NI,D
14:32:46,ICBP,RG,9450,2,F,ZP,OD,D
14:32:45,ICBP,RG,9450,18,F,AK,OD,D
14:32:27,ICBP,RG,9450,1,F,ZP,OD,D
14:32:24,ICBP,RG,9425,17,D,CC,YP,D
14:31:54,ICBP,RG,9425,5,D,CC,XC,D
14:31:43,ICBP,RG,9450,10,F,ZP,OD,D
14:31:42,ICBP,RG,9425,66,D,CC,KZ,F
14:31:42,ICBP,RG,9425,32,D,CC,ZP,F
14:31:42,ICBP,RG,9425,28,D,CC,OD,D
14:31:42,ICBP,RG,9425,12,D,CC,OD,D
14:31:42,ICBP,RG,9425,24,D,CC,OD,D
14:31:28,ICBP,RG,9425,5,F,ZP,OD,D
14:31:26,ICBP,RG,9425,2,D,BB,OD,D
14:31:26,ICBP,RG,9425,6,D,BB,OD,D
14:31:26,ICBP,RG,9425,1,D,BB,OD,D
14:31:26,ICBP,RG,9425,9,D,BB,OD,D
14:31:26,ICBP,RG,9425,7,D,BB,OD,D
14:31:26,ICBP,RG,9425,1,D,BB,OD,D
14:31:26,ICBP,RG,9425,29,F,AK,OD,D
14:31:26,ICBP,RG,9425,1,F,ZP,OD,D
14:31:26,ICBP,RG,9425,7,D,BB,OD,D
14:31:26,ICBP,RG,9425,8,D,BB,OD,D
14:31:26,ICBP,RG,9425,5,D,NI,OD,D
14:31:09,ICBP,RG,9450,3,F,ZP,OD,D
14:31:07,ICBP,RG,9425,28,D,NI,OD,D
14:31:07,ICBP,RG,9450,6,F,ZP,OD,D
14:31:07,ICBP,RG,9425,12,D,NI,OD,D
14:31:07,ICBP,RG,9425,105,D,NI,OD,D
14:31:04,ICBP,RG,9450,1,F,ZP,OD,D
14:31:03,ICBP,RG,9450,13,F,ZP,OD,D
14:31:02,ICBP,RG,9425,2,D,NI,PD,D
14:31:02,ICBP,RG,9425,1,D,NI,HP,D
14:31:02,ICBP,RG,9425,23,D,NI,KK,D
14:31:02,ICBP,RG,9425,7,D,NI,KK,D
14:31:02,ICBP,RG,9425,57,D,NI,ZP,F
14:31:02,ICBP,RG,9425,51,D,NI,PP,D
14:31:02,ICBP,RG,9425,66,D,NI,PP,D
14:31:01,ICBP,RG,9425,1,F,ZP,PP,D
14:31:00,ICBP,RG,9425,18,F,AK,PP,D
14:30:53,ICBP,RG,9400,2,D,SQ,AK,F
14:30:52,ICBP,RG,9425,24,F,ZP,PP,D
14:30:52,ICBP,RG,9425,1,F,ZP,XC,D
14:30:52,ICBP,RG,9425,11,F,ZP,KZ,F
14:30:52,ICBP,RG,9425,29,F,ZP,KZ,F
14:30:52,ICBP,RG,9400,17,D,SQ,ZP,F
14:30:51,ICBP,RG,9400,4,D,SQ,AK,F
14:30:51,ICBP,RG,9425,1,F,ZP,KZ,F
14:30:51,ICBP,RG,9400,2,D,SQ,AK,F
14:30:51,ICBP,RG,9425,9,F,SQ,KZ,F
14:30:51,ICBP,RG,9425,10,F,SQ,AZ,D
14:30:51,ICBP,RG,9425,22,F,SQ,AK,F
14:30:51,ICBP,RG,9425,42,F,SQ,YP,D
14:30:51,ICBP,RG,9425,136,F,SQ,KZ,F
14:30:51,ICBP,RG,9425,4,F,SQ,CC,D
14:30:51,ICBP,RG,9425,12,F,SQ,PD,D
14:30:51,ICBP,RG,9425,1,F,SQ,XC,D
14:30:51,ICBP,RG,9425,28,F,SQ,OD,D
14:30:51,ICBP,RG,9425,12,F,SQ,OD,D
14:30:51,ICBP,RG,9425,105,F,SQ,OD,D
14:30:51,ICBP,RG,9425,1,F,SQ,PD,D
14:30:51,ICBP,RG,9425,38,F,SQ,ZP,F
14:30:51,ICBP,RG,9425,10,F,SQ,GR,D
14:30:51,ICBP,RG,9425,17,F,SQ,XC,D
14:30:51,ICBP,RG,9425,24,F,SQ,KZ,F
14:30:51,ICBP,RG,9425,1,F,SQ,AK,F
14:30:51,ICBP,RG,9425,34,F,SQ,YP,D
14:30:51,ICBP,RG,9425,2,F,SQ,KK,D
14:30:51,ICBP,RG,9425,15,F,SQ,CC,D
14:30:51,ICBP,RG,9425,1,F,SQ,YP,D
14:30:51,ICBP,RG,9425,1,F,SQ,AK,F
14:30:51,ICBP,RG,9425,205,F,SQ,KZ,F
14:30:51,ICBP,RG,9425,122,F,SQ,AG,D
14:30:51,ICBP,RG,9425,5,F,SQ,PD,D
14:30:51,ICBP,RG,9425,63,F,SQ,ZP,F
14:30:51,ICBP,RG,9425,80,F,SQ,YP,D
14:30:45,ICBP,RG,9425,1,F,ZP,YP,D
14:30:44,ICBP,RG,9400,18,D,SQ,KZ,F
14:30:40,ICBP,RG,9425,2,F,ZP,YP,D
14:30:38,ICBP,RG,9400,1,D,SQ,AK,F
14:30:38,ICBP,RG,9400,17,D,SQ,ZP,F
14:30:34,ICBP,RG,9400,6,D,SQ,NI,D
14:30:22,ICBP,RG,9425,1,F,ZP,YP,D
14:30:22,ICBP,RG,9400,10,D,SQ,DR,D
14:30:21,ICBP,RG,9425,3,F,ZP,YP,D
14:30:07,ICBP,RG,9425,1,F,ZP,YP,D
14:30:07,ICBP,RG,9400,2,D,SQ,YP,D
14:30:07,ICBP,RG,9400,17,D,SQ,ZP,F
14:30:06,ICBP,RG,9400,5,D,SQ,XC,D
14:29:34,ICBP,RG,9425,1,F,ZP,YP,D
14:29:34,ICBP,RG,9400,5,D,SQ,XC,D
14:29:00,ICBP,RG,9400,4,D,SQ,CC,D
14:28:31,ICBP,RG,9425,1,F,ZP,YP,D
14:28:30,ICBP,RG,9425,2,F,AK,YP,D
14:28:30,ICBP,RG,9425,18,F,AK,KZ,F
14:28:16,ICBP,RG,9425,3,F,ZP,KZ,F
14:28:15,ICBP,RG,9400,38,D,SQ,AK,F
14:28:04,ICBP,RG,9425,1,F,ZP,KZ,F
14:26:42,ICBP,RG,9425,1,F,ZP,KZ,F
14:25:59,ICBP,RG,9425,1,D,AZ,KZ,F
14:25:54,ICBP,RG,9425,13,F,ZP,KZ,F
14:25:53,ICBP,RG,9425,3,F,ZP,KZ,F
14:25:53,ICBP,RG,9425,46,D,CC,KZ,F
14:25:53,ICBP,RG,9425,3,D,CC,PD,D
14:25:53,ICBP,RG,9425,65,D,CC,PD,D
14:25:53,ICBP,RG,9425,6,D,CC,KZ,F
14:25:53,ICBP,RG,9425,1,D,CC,YP,D
14:25:53,ICBP,RG,9425,79,D,CC,KZ,F
14:25:48,ICBP,RG,9425,6,F,ZP,KZ,F
14:25:47,ICBP,RG,9425,6,D,CC,KZ,F
14:25:47,ICBP,RG,9425,51,D,CC,ZP,F
14:25:47,ICBP,RG,9425,45,D,CC,ZP,F
14:25:46,ICBP,RG,9425,2,F,ZP,ZP,F
14:25:45,ICBP,RG,9425,9,F,AK,ZP,F
14:25:45,ICBP,RG,9425,1,F,AK,AK,F
14:25:45,ICBP,RG,9425,5,F,AK,AK,F
14:25:45,ICBP,RG,9400,18,D,SQ,AK,F
14:25:24,ICBP,RG,9425,1,F,ZP,AK,F
14:25:23,ICBP,RG,9425,1,D,BB,PD,D
14:25:23,ICBP,RG,9425,2,D,BB,GR,D
14:25:10,ICBP,RG,9425,1,F,ZP,GR,D
14:25:09,ICBP,RG,9425,15,D,BB,GR,D
14:25:09,ICBP,RG,9425,6,D,BB,GR,D
14:25:09,ICBP,RG,9425,1,D,BB,GR,D
14:25:09,ICBP,RG,9425,1,D,BB,OD,D
14:24:46,ICBP,RG,9425,1,F,ZP,OD,D
14:24:45,ICBP,RG,9425,11,D,BB,OD,D
14:24:45,ICBP,RG,9425,14,F,ZP,OD,D
14:24:43,ICBP,RG,9400,108,D,SQ,DH,D
14:24:43,ICBP,RG,9400,1,D,XL,DH,D
14:24:43,ICBP,RG,9400,5,D,CC,DH,D
14:24:43,ICBP,RG,9400,10,D,SQ,DH,D
14:24:43,ICBP,RG,9400,31,D,AT,DH,D
14:24:43,ICBP,RG,9400,5,D,AZ,DH,D
14:24:43,ICBP,RG,9400,2,D,PD,DH,D
14:24:43,ICBP,RG,9400,2,D,PD,DH,D
14:24:43,ICBP,RG,9400,2,D,PD,DH,D
14:24:43,ICBP,RG,9400,22,D,KK,DH,D
14:24:43,ICBP,RG,9400,37,D,YP,DH,D
14:24:39,ICBP,RG,9425,1,F,ZP,OD,D
14:24:38,ICBP,RG,9425,1,D,BB,OD,D
14:24:38,ICBP,RG,9425,11,D,BB,OD,D
14:24:32,ICBP,RG,9425,1,D,BB,SQ,D
14:24:32,ICBP,RG,9425,1,D,BB,BB,D
14:24:32,ICBP,RG,9425,1,D,BB,YP,D
14:24:21,ICBP,RG,9425,1,F,ZP,YP,D
14:24:19,ICBP,RG,9400,10,D,YP,PD,D
14:24:09,ICBP,RG,9425,1,D,BB,YP,D
14:23:56,ICBP,RG,9425,1,D,BB,YP,D
14:23:50,ICBP,RG,9425,3,D,BB,YP,D
14:23:50,ICBP,RG,9425,8,D,BB,YP,D
14:23:33,ICBP,RG,9425,10,F,ZP,YP,D
14:23:33,ICBP,RG,9425,7,F,ZP,OD,D
14:23:33,ICBP,RG,9425,18,F,ZP,ZP,F
14:23:33,ICBP,RG,9425,2,F,ZP,AK,F
14:23:33,ICBP,RG,9425,77,F,ZP,ZP,F
14:23:33,ICBP,RG,9425,13,F,ZP,AK,F
14:23:32,ICBP,RG,9425,2,D,BB,AK,F
14:23:32,ICBP,RG,9425,20,D,BB,AK,F
14:23:26,ICBP,RG,9425,1,D,YP,AK,F
14:23:21,ICBP,RG,9400,4,D,YP,CC,D
14:23:21,ICBP,RG,9400,3,D,YP,CC,D
14:23:21,ICBP,RG,9400,10,D,YP,CC,D
14:23:21,ICBP,RG,9400,24,D,YP,CC,D
14:23:21,ICBP,RG,9400,1,D,YP,PD,D
14:23:21,ICBP,RG,9400,10,D,YP,PD,D
14:23:21,ICBP,RG,9400,4,D,YP,PD,D
14:23:21,ICBP,RG,9400,3,D,YP,EP,D
14:23:20,ICBP,RG,9400,18,D,YP,ZP,F
14:23:18,ICBP,RG,9425,1,D,BB,AK,F
14:23:11,ICBP,RG,9425,3,F,AK,AK,F
14:23:11,ICBP,RG,9425,4,F,AK,AK,F
14:23:11,ICBP,RG,9425,56,F,AK,OD,D
14:23:09,ICBP,RG,9425,11,D,BB,OD,D
14:22:58,ICBP,RG,9425,2,D,BB,OD,D
14:22:58,ICBP,RG,9425,2,D,BB,OD,D
14:22:58,ICBP,RG,9425,3,D,BB,OD,D
14:22:58,ICBP,RG,9425,1,D,BB,OD,D
14:22:58,ICBP,RG,9425,16,D,BB,OD,D
14:22:58,ICBP,RG,9425,4,D,BB,OD,D
14:22:58,ICBP,RG,9425,21,D,BB,OD,D
14:22:49,ICBP,RG,9425,6,D,BB,OD,D
14:22:49,ICBP,RG,9425,16,D,BB,OD,D
14:22:49,ICBP,RG,9425,6,D,BB,OD,D
14:22:48,ICBP,RG,9425,8,D,BB,YB,D
14:22:48,ICBP,RG,9425,12,D,BB,YB,D
14:22:46,ICBP,RG,9425,5,D,BB,OD,D
14:22:46,ICBP,RG,9425,3,D,BB,OD,D
14:22:46,ICBP,RG,9425,4,F,AK,OD,D
14:22:43,ICBP,RG,9425,98,F,AK,OD,D
14:22:43,ICBP,RG,9425,5,F,ZP,OD,D
14:22:43,ICBP,RG,9425,2,D,CC,OD,D
14:22:42,ICBP,RG,9425,15,D,CC,PD,D
14:22:37,ICBP,RG,9425,95,D,CC,PP,D
14:22:37,ICBP,RG,9425,2,D,NI,PP,D
14:22:37,ICBP,RG,9425,1,D,MU,PP,D
14:22:37,ICBP,RG,9425,10,D,EP,PP,D
14:22:37,ICBP,RG,9425,1,D,XC,PP,D
14:22:37,ICBP,RG,9425,51,D,CC,PP,D
14:22:36,ICBP,RG,9425,17,D,CC,ZP,F
14:22:35,ICBP,RG,9425,23,D,CC,DX,D
14:22:28,ICBP,RG,9425,9,D,CC,CC,D
14:22:28,ICBP,RG,9425,15,D,BB,CC,D
14:22:28,ICBP,RG,9425,22,D,BB,CC,D
14:22:28,ICBP,RG,9425,52,D,BB,CC,D
14:22:28,ICBP,RG,9425,1,D,BB,CC,D
14:22:28,ICBP,RG,9425,1,D,YP,CC,D
14:22:28,ICBP,RG,9425,11,F,ZP,CC,D
14:22:28,ICBP,RG,9425,14,D,BB,CC,D
14:22:28,ICBP,RG,9425,78,D,BB,CC,D
14:22:28,ICBP,RG,9425,2,D,BB,CC,D
14:22:28,ICBP,RG,9425,66,D,BB,CC,D
14:22:28,ICBP,RG,9425,26,D,IF,CC,D
14:22:28,ICBP,RG,9425,1,D,BB,CC,D
14:22:28,ICBP,RG,9425,67,D,BB,CC,D
14:22:28,ICBP,RG,9425,1,D,EP,CC,D
14:22:28,ICBP,RG,9425,76,D,BB,CC,D
14:22:28,ICBP,RG,9425,5,D,PD,CC,D
14:22:28,ICBP,RG,9425,1,F,ZP,CC,D
14:22:28,ICBP,RG,9425,1,D,YP,CC,D
14:22:28,ICBP,RG,9425,2,F,ZP,CC,D
14:22:28,ICBP,RG,9425,7,F,AK,CC,D
14:22:28,ICBP,RG,9425,1,D,YP,CC,D
14:22:28,ICBP,RG,9425,8,F,AK,CC,D
14:22:28,ICBP,RG,9425,7,D,TP,CC,D
14:22:28,ICBP,RG,9425,26,F,AK,CC,D
14:22:26,ICBP,RG,9425,1,F,AK,XC,D
14:22:22,ICBP,RG,9425,1,F,AK,NI,D
14:22:16,ICBP,RG,9425,1,F,AK,YP,D
14:21:59,ICBP,RG,9425,1,F,AK,XL,D
14:21:51,ICBP,RG,9425,4,F,ZP,ZP,F
14:21:51,ICBP,RG,9425,5,D,YP,ZP,F
14:21:51,ICBP,RG,9425,8,D,CC,ZP,F
14:21:28,ICBP,RG,9425,17,D,CC,ZP,F
14:21:23,ICBP,RG,9425,24,D,CC,OD,D
14:21:23,ICBP,RG,9425,1,D,CC,CC,D
14:21:19,ICBP,RG,9425,12,D,CC,OD,D
14:21:15,ICBP,RG,9425,105,D,CC,OD,D
14:21:10,ICBP,RG,9425,16,D,CC,ZP,F
14:21:09,ICBP,RG,9425,10,D,CC,YP,F
14:21:04,ICBP,RG,9425,28,D,CC,OD,D
14:21:00,ICBP,RG,9425,12,D,CC,OD,D
14:20:58,ICBP,RG,9425,105,D,CC,OD,D
14:20:55,ICBP,RG,9425,32,D,CC,GR,D
14:20:52,ICBP,RG,9425,28,D,CC,OD,D
14:20:51,ICBP,RG,9425,5,D,CC,XA,D
14:20:47,ICBP,RG,9425,12,D,CC,OD,D
14:20:44,ICBP,RG,9425,105,D,CC,OD,D
14:20:38,ICBP,RG,9425,10,D,CC,DR,D
14:20:25,ICBP,RG,9425,16,D,CC,ZP,F
14:20:22,ICBP,RG,9425,5,D,CC,CC,D
14:20:17,ICBP,RG,9425,10,D,CC,SQ,D
14:20:15,ICBP,RG,9450,22,F,AK,BK,F
14:19:46,ICBP,RG,9425,5,D,CC,DH,D
14:19:43,ICBP,RG,9450,1,D,XC,BK,F
14:19:40,ICBP,RG,9425,19,D,CC,ZP,F
14:19:18,ICBP,RG,9425,17,D,CC,ZP,F
14:18:46,ICBP,RG,9425,17,D,CC,ZP,F
14:18:44,ICBP,RG,9425,5,D,CC,SQ,D
14:18:22,ICBP,RG,9425,4,D,CC,PD,D
14:17:56,ICBP,RG,9425,17,D,CC,ZP,F
14:17:55,ICBP,RG,9425,20,D,CC,TP,D
14:17:44,ICBP,RG,9425,1,D,CC,BB,D
14:17:38,ICBP,RG,9425,16,D,CC,ZP,F
14:17:35,ICBP,RG,9425,18,D,CC,AK,F
14:17:35,ICBP,RG,9425,1,D,YP,AK,F
14:17:35,ICBP,RG,9425,2,D,XC,AK,F
14:17:35,ICBP,RG,9425,14,D,BB,AK,F
14:17:32,ICBP,RG,9425,1,D,BB,YP,D
14:17:30,ICBP,RG,9450,10,F,AK,BK,F
14:17:12,ICBP,RG,9425,8,D,BB,ZP,F
14:17:12,ICBP,RG,9425,8,D,BB,ZP,F
14:17:02,ICBP,RG,9425,26,D,BB,PD,D
14:17:02,ICBP,RG,9425,3,D,BB,PD,D
14:17:02,ICBP,RG,9425,46,D,BB,PD,D
14:16:58,ICBP,RG,9425,10,D,BB,SQ,D
14:16:45,ICBP,RG,9425,3,D,BB,YP,D
14:16:45,ICBP,RG,9425,4,D,BB,XC,D
14:16:31,ICBP,RG,9425,1,D,BB,PD,D
14:16:22,ICBP,RG,9425,19,D,BB,ZP,F
14:15:51,ICBP,RG,9425,17,D,BB,ZP,F
14:15:41,ICBP,RG,9425,25,D,BB,YP,D
14:15:41,ICBP,RG,9425,24,D,BB,YP,D
14:15:41,ICBP,RG,9425,5,D,BB,YP,D
14:15:41,ICBP,RG,9425,96,D,BB,YP,D
14:15:21,ICBP,RG,9425,1,D,BB,CC,D
14:15:11,ICBP,RG,9450,12,F,ZP,BK,F
14:15:09,ICBP,RG,9425,27,D,BB,ZP,F
14:15:09,ICBP,RG,9425,42,D,BB,PP,D
14:15:09,ICBP,RG,9425,118,D,BB,PP,D
14:14:55,ICBP,RG,9425,1,D,BB,PD,D
14:14:21,ICBP,RG,9450,1,F,ZP,BK,F
14:14:20,ICBP,RG,9425,17,D,BB,ZP,F
14:13:48,ICBP,RG,9450,1,F,ZP,BK,F
14:13:47,ICBP,RG,9450,17,F,AK,BK,F
14:13:47,ICBP,RG,9450,1,F,ZP,BK,F
14:13:45,ICBP,RG,9425,11,D,BB,PD,D
14:13:45,ICBP,RG,9425,1,D,BB,PD,D
14:13:45,ICBP,RG,9425,4,D,BB,PD,D
14:13:41,ICBP,RG,9450,1,F,ZP,BK,F
14:13:40,ICBP,RG,9425,19,D,BB,ZP,F
14:13:27,ICBP,RG,9450,5,F,ZP,BK,F
14:13:26,ICBP,RG,9425,75,D,BB,CC,D
14:13:17,ICBP,RG,9450,3,F,ZP,ZP,F
14:13:15,ICBP,RG,9425,39,D,BB,AK,F
14:12:29,ICBP,RG,9450,1,F,ZP,ZP,F
14:12:27,ICBP,RG,9425,3,D,BB,ZP,F
14:12:27,ICBP,RG,9425,15,D,BB,ZP,F
14:12:00,ICBP,RG,9450,10,F,ZP,ZP,F
14:11:59,ICBP,RG,9425,135,D,BB,PP,D
14:11:59,ICBP,RG,9425,1,D,DH,PP,D
14:11:59,ICBP,RG,9425,1,D,CC,PP,D
14:11:59,ICBP,RG,9425,1,D,XL,PP,D
14:11:59,ICBP,RG,9425,1,D,XC,PP,D
14:11:59,ICBP,RG,9425,1,D,PD,PP,D
14:11:59,ICBP,RG,9425,1,D,PD,PP,D
14:11:59,ICBP,RG,9425,19,D,EP,PP,D
14:11:53,ICBP,RG,9450,1,F,ZP,ZP,F
14:11:51,ICBP,RG,9425,6,D,EP,NI,D
14:11:51,ICBP,RG,9425,2,D,EP,NI,D
14:11:51,ICBP,RG,9425,4,D,YP,NI,D
14:11:29,ICBP,RG,9450,6,D,AZ,ZP,F
14:11:22,ICBP,RG,9425,1,D,YP,ID,D
14:11:22,ICBP,RG,9425,4,F,SQ,ID,D
14:11:18,ICBP,RG,9450,1,F,ZP,ZP,F
14:11:16,ICBP,RG,9425,5,F,SQ,AZ,D
14:11:03,ICBP,RG,9450,1,F,ZP,ZP,F
14:11:02,ICBP,RG,9425,17,F,SQ,ZP,F
14:10:53,ICBP,RG,9450,1,F,ZP,ZP,F
14:10:52,ICBP,RG,9425,11,F,SQ,CC,D
14:10:47,ICBP,RG,9450,1,F,ZP,ZP,F
14:10:45,ICBP,RG,9425,18,F,SQ,AK,F
14:10:18,ICBP,RG,9450,1,F,ZP,ZP,F
14:10:17,ICBP,RG,9425,21,F,SQ,ZP,F
14:10:12,ICBP,RG,9450,1,F,ZP,ZP,F
14:10:10,ICBP,RG,9425,10,F,SQ,SQ,D
14:09:55,ICBP,RG,9425,2,F,SQ,KK,D
14:09:35,ICBP,RG,9425,1,F,SQ,PD,D
14:09:23,ICBP,RG,9425,5,F,SQ,CC,D
14:08:45,ICBP,RG,9450,1,F,ZP,ZP,F
14:08:45,ICBP,RG,9425,15,F,SQ,AK,F
14:08:18,ICBP,RG,9450,1,F,ZP,ZP,F
14:08:17,ICBP,RG,9450,15,D,YB,ZP,F
14:07:47,ICBP,RG,9450,9,F,ZP,ZP,F
14:06:45,ICBP,RG,9425,14,F,SQ,AK,F
14:05:59,ICBP,RG,9425,2,F,SQ,CC,D
14:05:35,ICBP,RG,9425,2,F,SQ,PD,D
14:04:31,ICBP,RG,9425,2,F,SQ,PD,D
14:04:14,ICBP,RG,9425,1,F,SQ,XC,D
14:03:17,ICBP,RG,9450,1,D,BB,AT,D
14:03:16,ICBP,RG,9450,1,D,BB,AT,D
14:03:16,ICBP,RG,9450,1,D,BB,AT,D
14:03:16,ICBP,RG,9450,9,F,AK,AT,D
14:03:16,ICBP,RG,9450,9,F,AK,AT,D
14:03:16,ICBP,RG,9450,7,F,AK,AT,D
14:03:16,ICBP,RG,9450,1,D,BB,AT,D
14:03:16,ICBP,RG,9450,1,D,BB,AT,D
14:03:12,ICBP,RG,9450,1,D,BB,GR,D
14:02:35,ICBP,RG,9450,1,D,BB,CC,D
14:02:35,ICBP,RG,9450,1,D,BB,CC,D
14:02:35,ICBP,RG,9450,10,F,AK,CC,D
14:02:35,ICBP,RG,9450,9,F,AK,CC,D
14:02:35,ICBP,RG,9450,4,F,AK,CC,D
14:02:32,ICBP,RG,9450,3,F,AK,PD,D
14:02:17,ICBP,RG,9450,2,F,AK,EP,D
14:02:17,ICBP,RG,9450,2,F,AK,EP,D
14:01:58,ICBP,RG,9450,1,F,AK,CC,D
14:01:55,ICBP,RG,9450,5,F,AK,YP,D
14:01:26,ICBP,RG,9450,2,D,BB,BK,F
14:01:26,ICBP,RG,9450,6,D,BB,BK,F
14:01:26,ICBP,RG,9450,1,D,BB,BK,F
14:01:26,ICBP,RG,9450,3,D,BB,BK,F
14:01:22,ICBP,RG,9450,6,D,BB,OD,D
14:01:22,ICBP,RG,9450,1,D,BB,OD,D
14:01:22,ICBP,RG,9450,7,D,BB,OD,D
14:01:22,ICBP,RG,9450,8,D,BB,OD,D
14:01:22,ICBP,RG,9450,6,D,BB,OD,D
14:01:16,ICBP,RG,9450,1,D,BB,OD,D
14:01:16,ICBP,RG,9450,1,F,ZP,OD,D
14:01:16,ICBP,RG,9450,10,F,ZP,OD,D
14:01:11,ICBP,RG,9450,105,F,ZP,OD,D
14:01:00,ICBP,RG,9450,3,F,ZP,CC,D
14:00:45,ICBP,RG,9475,10,F,AK,SQ,D
14:00:41,ICBP,RG,9450,5,F,ZP,PD,D
14:00:40,ICBP,RG,9450,25,F,ZP,YP,D
14:00:39,ICBP,RG,9450,4,F,ZP,SQ,D
14:00:15,ICBP,RG,9450,94,F,ZP,ZP,F
14:00:15,ICBP,RG,9450,1,F,ZP,PD,D
14:00:15,ICBP,RG,9450,50,F,ZP,KK,D
14:00:15,ICBP,RG,9450,73,F,ZP,YP,D
14:00:14,ICBP,RG,9450,10,F,AK,YP,D
14:00:14,ICBP,RG,9450,1,F,AK,YP,D
14:00:14,ICBP,RG,9450,16,F,AK,YP,D
14:00:14,ICBP,RG,9450,3,F,AK,PD,D
14:00:14,ICBP,RG,9450,2,F,AK,YP,D
14:00:14,ICBP,RG,9450,2,F,AK,PC,D
14:00:14,ICBP,RG,9450,75,F,AK,BK,F
14:00:14,ICBP,RG,9450,9,F,AK,BK,F
14:00:14,ICBP,RG,9450,299,D,CC,BK,F
14:00:14,ICBP,RG,9450,18,D,CC,AK,F
14:00:14,ICBP,RG,9450,350,D,CC,BK,F
14:00:14,ICBP,RG,9450,28,D,CC,OD,D
14:00:14,ICBP,RG,9450,150,D,CC,EP,D
14:00:14,ICBP,RG,9450,12,D,CC,OD,D
14:00:14,ICBP,RG,9450,1,D,CC,AK,F
14:00:14,ICBP,RG,9450,43,D,CC,ZP,F
14:00:14,ICBP,RG,9450,42,D,CC,AK,F
14:00:14,ICBP,RG,9450,57,D,CC,ZP,F
13:59:59,ICBP,RG,9425,17,F,SQ,ZP,F
13:59:45,ICBP,RG,9425,23,F,SQ,AK,F
13:59:01,ICBP,RG,9425,16,F,SQ,ZP,F
13:58:29,ICBP,RG,9425,17,F,SQ,ZP,F
13:58:02,ICBP,RG,9425,50,F,SQ,GR,D
13:57:54,ICBP,RG,9425,16,F,SQ,AK,F
13:57:53,ICBP,RG,9425,16,F,SQ,ZP,F
13:56:59,ICBP,RG,9425,20,F,SQ,ZP,F
13:56:35,ICBP,RG,9425,659,F,SQ,CC,D
13:56:30,ICBP,RG,9425,1,F,SQ,YP,D
13:56:20,ICBP,RG,9425,1,F,SQ,YP,D
13:56:17,ICBP,RG,9425,2,F,SQ,CC,D
13:55:45,ICBP,RG,9425,22,F,SQ,AK,F
13:55:35,ICBP,RG,9425,1,F,SQ,YP,D
13:55:34,ICBP,RG,9425,509,F,SQ,CC,D
13:55:34,ICBP,RG,9425,5,D,PD,CC,D
13:55:34,ICBP,RG,9425,2,D,PD,CC,D
13:55:34,ICBP,RG,9425,10,D,CC,CC,D
13:55:34,ICBP,RG,9425,100,D,TP,CC,D
13:55:34,ICBP,RG,9425,2,D,YP,CC,D
13:55:34,ICBP,RG,9425,16,D,DR,CC,D
13:55:34,ICBP,RG,9425,6,D,YP,CC,D
13:55:34,ICBP,RG,9425,1,D,YP,CC,D
13:55:34,ICBP,RG,9425,1,D,KK,CC,D
13:55:34,ICBP,RG,9425,1,D,YP,CC,D
13:55:34,ICBP,RG,9425,1,D,YP,CC,D
13:55:34,ICBP,RG,9425,2,D,DR,CC,D
13:55:34,ICBP,RG,9425,2,D,YP,CC,D
13:55:34,ICBP,RG,9425,5,D,YP,CC,D
13:55:34,ICBP,RG,9425,20,D,CC,CC,D
13:55:34,ICBP,RG,9425,1,D,XL,CC,D
13:55:34,ICBP,RG,9425,3,D,TP,CC,D
13:55:34,ICBP,RG,9425,1,D,YP,CC,D
13:55:34,ICBP,RG,9425,225,D,CC,CC,D
13:55:34,ICBP,RG,9425,1,D,PD,CC,D
13:55:34,ICBP,RG,9425,5,D,YP,CC,D
13:55:34,ICBP,RG,9425,5,D,YP,CC,D
13:55:34,ICBP,RG,9425,1,D,XL,CC,D
13:55:34,ICBP,RG,9425,5,D,GR,CC,D
13:55:34,ICBP,RG,9425,30,D,GR,CC,D
13:55:34,ICBP,RG,9425,10,D,YP,CC,D
13:55:34,ICBP,RG,9425,10,D,GR,CC,D
13:55:34,ICBP,RG,9425,20,D,YB,CC,D
13:55:33,ICBP,RG,9425,16,D,YB,ZP,F
13:55:18,ICBP,RG,9425,64,D,YB,CC,D
13:55:18,ICBP,RG,9425,10,D,PD,CC,D
13:55:18,ICBP,RG,9425,1,D,AZ,CC,D
13:55:18,ICBP,RG,9425,5,D,YB,CC,D
13:55:16,ICBP,RG,9425,10,D,YB,YP,D
13:54:48,ICBP,RG,9425,5,D,YB,ZP,F
13:54:48,ICBP,RG,9425,12,D,YB,ZP,F
13:54:36,ICBP,RG,9450,103,F,AK,AK,F
13:54:36,ICBP,RG,9450,2,F,ZP,AK,F
13:54:36,ICBP,RG,9450,7,F,AK,AK,F
13:54:36,ICBP,RG,9450,26,D,BB,AK,F
13:54:35,ICBP,RG,9450,48,D,BB,BK,F
13:54:35,ICBP,RG,9450,104,D,BB,BK,F
13:54:35,ICBP,RG,9450,2,D,BB,BK,F
13:54:35,ICBP,RG,9450,4,D,BB,BK,F
13:54:35,ICBP,RG,9450,65,D,BB,BK,F
13:54:35,ICBP,RG,9450,1,F,ZP,BK,F
13:54:35,ICBP,RG,9450,7,D,BB,BK,F
13:54:35,ICBP,RG,9450,1,D,XC,BK,F
13:54:35,ICBP,RG,9450,1,D,NI,BK,F
13:54:35,ICBP,RG,9450,190,D,BB,BK,F
13:54:35,ICBP,RG,9450,1,D,XC,BK,F
13:54:35,ICBP,RG,9450,76,D,BB,BK,F
13:54:35,ICBP,RG,9450,45,D,BB,AK,F
13:54:35,ICBP,RG,9450,82,D,BB,BK,F
13:54:35,ICBP,RG,9450,1,D,DH,BK,F
13:54:35,ICBP,RG,9450,203,D,CC,BK,F
13:54:35,ICBP,RG,9450,1,D,PD,BK,F
13:54:35,ICBP,RG,9450,2,F,ZP,BK,F
13:54:35,ICBP,RG,9450,3,D,XC,BK,F
13:54:35,ICBP,RG,9450,1,D,PD,BK,F
13:54:35,ICBP,RG,9450,5,D,GR,BK,F
13:54:35,ICBP,RG,9450,9,F,AK,BK,F
13:54:35,ICBP,RG,9450,9,F,AK,BK,F
13:54:35,ICBP,RG,9450,10,F,AK,BK,F
13:54:35,ICBP,RG,9450,179,D,BB,BK,F
13:54:35,ICBP,RG,9450,34,D,BB,BK,F
13:54:35,ICBP,RG,9450,1,D,BB,AK,F
13:54:35,ICBP,RG,9450,220,D,BB,BK,F
13:54:35,ICBP,RG,9450,251,D,BB,BK,F
13:54:35,ICBP,RG,9450,29,F,AK,BK,F
13:54:35,ICBP,RG,9450,2,F,AK,BK,F
13:54:35,ICBP,RG,9450,4,F,ZP,BK,F
13:54:35,ICBP,RG,9450,1,D,XL,BK,F
13:54:35,ICBP,RG,9450,5,D,XL,BK,F
13:54:35,ICBP,RG,9450,7,D,YP,BK,F
13:54:35,ICBP,RG,9450,1,D,XC,BK,F
13:54:35,ICBP,RG,9450,2,D,XC,BK,F
13:54:35,ICBP,RG,9450,4,D,XC,BK,F
13:54:35,ICBP,RG,9450,1,D,PD,BK,F
13:54:35,ICBP,RG,9450,1,F,YP,BK,F
13:54:35,ICBP,RG,9450,1,D,PD,BK,F
13:54:35,ICBP,RG,9450,1,D,PD,BK,F
13:54:35,ICBP,RG,9450,1,D,KK,BK,F
13:54:35,ICBP,RG,9450,10,D,PD,BK,F
13:54:35,ICBP,RG,9450,57,D,CC,BK,F
13:54:35,ICBP,RG,9450,105,D,CC,OD,D
13:54:28,ICBP,RG,9450,55,D,CC,BK,F
13:54:23,ICBP,RG,9450,283,D,CC,BK,F
13:54:23,ICBP,RG,9450,1,D,LG,BK,F
13:54:23,ICBP,RG,9450,5,D,YP,BK,F
13:54:23,ICBP,RG,9450,7,D,SQ,BK,F
13:54:23,ICBP,RG,9450,100,D,YB,BK,F
13:54:23,ICBP,RG,9450,1,D,CC,BK,F
13:54:23,ICBP,RG,9450,2,D,YB,BK,F
13:54:23,ICBP,RG,9450,2,D,CC,BK,F
13:54:23,ICBP,RG,9450,99,D,BB,BK,F
13:54:23,ICBP,RG,9450,28,D,BB,OD,D
13:54:18,ICBP,RG,9450,12,D,BB,OD,D
13:54:14,ICBP,RG,9450,30,D,BB,BK,F
13:54:14,ICBP,RG,9450,11,D,BB,BK,F
13:54:13,ICBP,RG,9450,2,D,BB,OD,D
13:54:13,ICBP,RG,9450,20,D,BB,OD,D
13:54:13,ICBP,RG,9450,49,D,BB,OD,D
13:54:13,ICBP,RG,9450,14,D,BB,OD,D
13:54:13,ICBP,RG,9450,10,D,OD,OD,D
13:54:13,ICBP,RG,9450,1,D,PD,OD,D
13:54:13,ICBP,RG,9450,1,D,KK,OD,D
13:54:13,ICBP,RG,9450,1,D,BB,OD,D
13:54:13,ICBP,RG,9450,2,D,BB,OD,D
13:54:13,ICBP,RG,9450,5,D,BB,OD,D
13:53:45,ICBP,RG,9475,8,F,AK,SQ,D
13:53:27,ICBP,RG,9450,16,D,BB,ZP,F
13:53:21,ICBP,RG,9450,15,D,BB,DH,D
13:52:30,ICBP,RG,9475,8,F,AK,SQ,D
13:52:08,ICBP,RG,9475,1,F,ZP,SQ,D
13:52:07,ICBP,RG,9450,16,D,BB,ZP,F
13:51:50,ICBP,RG,9475,2,D,CC,SQ,D
13:51:48,ICBP,RG,9450,1,D,BB,PD,D
13:51:32,ICBP,RG,9475,1,F,ZP,SQ,D
13:51:31,ICBP,RG,9475,1,D,XL,SQ,D
13:51:26,ICBP,RG,9475,8,F,AK,SQ,D
13:51:26,ICBP,RG,9450,3,D,BB,YP,D
13:51:01,ICBP,RG,9475,2,F,ZP,SQ,D
13:50:59,ICBP,RG,9450,10,D,BB,ZP,F
13:50:59,ICBP,RG,9450,3,D,BB,ZP,F
13:50:59,ICBP,RG,9450,12,D,BB,ZP,F
13:50:53,ICBP,RG,9475,1,F,ZP,SQ,D
13:50:51,ICBP,RG,9450,15,D,BB,YP,D
13:50:34,ICBP,RG,9450,1,D,BB,NI,D
13:50:31,ICBP,RG,9450,1,D,BB,XC,D
13:49:54,ICBP,RG,9450,5,D,BB,PD,D
13:49:52,ICBP,RG,9475,2,F,ZP,SQ,D
13:49:51,ICBP,RG,9450,22,D,BB,ZP,F
13:49:46,ICBP,RG,9475,1,F,ZP,SQ,D
13:49:45,ICBP,RG,9475,16,F,AK,SQ,D
13:48:59,ICBP,RG,9475,2,D,YP,SQ,D
13:48:19,ICBP,RG,9475,1,F,ZP,SQ,D
13:48:16,ICBP,RG,9450,8,D,BB,ZP,F
13:48:16,ICBP,RG,9450,9,D,BB,ZP,F
13:48:16,ICBP,RG,9450,3,D,BB,YP,D
13:48:16,ICBP,RG,9475,1,F,ZP,SQ,D
13:48:15,ICBP,RG,9475,11,F,AK,SQ,D
13:47:25,ICBP,RG,9450,3,D,BB,PD,D
13:47:15,ICBP,RG,9450,1,D,BB,XC,D
13:47:08,ICBP,RG,9475,1,F,ZP,SQ,D
13:47:06,ICBP,RG,9450,10,D,BB,PD,D
13:47:02,ICBP,RG,9475,12,F,ZP,SQ,D
13:47:00,ICBP,RG,9450,36,D,BB,MG,F
13:47:00,ICBP,RG,9450,55,D,PD,MG,F
13:47:00,ICBP,RG,9450,109,D,CC,MG,F
13:46:58,ICBP,RG,9475,1,F,ZP,SQ,D
13:46:23,ICBP,RG,9475,1,F,ZP,SQ,D
13:46:23,ICBP,RG,9450,3,D,CC,XL,D
13:46:05,ICBP,RG,9475,6,F,ZP,SQ,D
13:46:03,ICBP,RG,9475,100,D,YP,SQ,D
13:46:01,ICBP,RG,9475,13,F,ZP,SQ,D
13:46:00,ICBP,RG,9475,210,D,CC,SQ,D
13:45:46,ICBP,RG,9475,1,F,ZP,SQ,D
13:45:45,ICBP,RG,9475,10,F,AK,SQ,D
13:45:39,ICBP,RG,9475,1,D,OD,SQ,D
13:45:01,ICBP,RG,9475,1,F,ZP,SQ,D
13:44:02,ICBP,RG,9475,97,F,ZP,SQ,D
13:44:01,ICBP,RG,9475,4,F,ZP,SQ,D
13:44:01,ICBP,RG,9450,6,D,CC,AK,F
13:44:01,ICBP,RG,9475,332,F,SQ,SQ,D
13:44:01,ICBP,RG,9475,2,F,SQ,DX,D
13:44:01,ICBP,RG,9475,2,F,SQ,LG,D
13:44:01,ICBP,RG,9475,28,F,SQ,OD,D
13:44:01,ICBP,RG,9475,12,F,SQ,OD,D
13:44:01,ICBP,RG,9475,105,F,SQ,OD,D
13:44:01,ICBP,RG,9475,68,F,SQ,YP,D
13:44:01,ICBP,RG,9475,105,F,SQ,OD,D
13:44:01,ICBP,RG,9475,87,F,SQ,GR,D
13:44:01,ICBP,RG,9475,6,F,SQ,CC,D
13:44:01,ICBP,RG,9475,23,F,SQ,ZP,F
13:44:01,ICBP,RG,9475,140,F,SQ,BK,F
13:44:01,ICBP,RG,9475,37,F,SQ,ZP,F
13:44:01,ICBP,RG,9475,1,F,SQ,AK,F
13:44:01,ICBP,RG,9475,2,F,SQ,DX,D
13:44:01,ICBP,RG,9475,26,F,SQ,AK,F
13:44:01,ICBP,RG,9475,4,F,SQ,CC,D
13:44:01,ICBP,RG,9475,1,F,SQ,PD,D
13:44:01,ICBP,RG,9475,4,F,SQ,DX,D
13:44:01,ICBP,RG,9475,1,F,SQ,KK,D
13:44:01,ICBP,RG,9475,106,F,SQ,PP,D
13:44:01,ICBP,RG,9475,1,F,SQ,NI,D
13:44:01,ICBP,RG,9475,21,F,SQ,AK,F
13:44:01,ICBP,RG,9475,38,F,SQ,ZP,F
13:44:01,ICBP,RG,9475,11,F,SQ,YP,D
13:44:01,ICBP,RG,9475,1,F,SQ,PD,D
13:44:01,ICBP,RG,9475,2,F,SQ,DX,D
13:44:01,ICBP,RG,9475,334,F,SQ,BK,F
13:43:44,ICBP,RG,9475,2,F,ZP,BK,F
13:43:43,ICBP,RG,9475,30,D,XC,BK,F
13:43:38,ICBP,RG,9475,1,F,ZP,BK,F
13:43:37,ICBP,RG,9450,16,D,CC,ZP,F
13:43:22,ICBP,RG,9475,1,D,BQ,BK,F
13:43:15,ICBP,RG,9475,11,F,AK,BK,F
13:43:02,ICBP,RG,9475,1,F,ZP,BK,F
13:43:00,ICBP,RG,9450,8,D,CC,XL,D
13:42:50,ICBP,RG,9475,1,F,ZP,BK,F
13:42:48,ICBP,RG,9450,22,D,CC,ZP,F
13:42:16,ICBP,RG,9475,2,F,ZP,BK,F
13:42:14,ICBP,RG,9475,1,D,XC,BK,F
13:42:14,ICBP,RG,9450,25,D,CC,OD,D
13:41:46,ICBP,RG,9475,1,F,ZP,BK,F
13:41:45,ICBP,RG,9475,12,F,AK,BK,F
13:41:00,ICBP,RG,9475,1,D,DH,BK,F
13:39:38,ICBP,RG,9475,13,F,ZP,BK,F
13:39:37,ICBP,RG,9450,67,D,CC,EP,D
13:39:37,ICBP,RG,9450,85,D,BB,EP,D
13:39:37,ICBP,RG,9450,1,D,XL,EP,D
13:39:37,ICBP,RG,9450,2,D,XC,EP,D
13:39:37,ICBP,RG,9450,9,D,XL,EP,D
13:39:37,ICBP,RG,9450,48,D,BB,EP,D
13:38:54,ICBP,RG,9475,2,D,CC,BK,F
13:38:30,ICBP,RG,9475,1,D,PD,BK,F
13:38:02,ICBP,RG,9475,2,F,ZP,BK,F
13:38:01,ICBP,RG,9475,2,F,ZP,BK,F
13:38:01,ICBP,RG,9475,96,F,ZP,BK,F
13:38:01,ICBP,RG,9450,16,D,BB,BK,F
13:38:00,ICBP,RG,9475,1,D,CC,BK,F
13:38:00,ICBP,RG,9475,31,D,CC,BK,F
13:38:00,ICBP,RG,9475,58,D,CC,ZP,F
13:38:00,ICBP,RG,9475,3,D,CC,AK,F
13:38:00,ICBP,RG,9475,26,D,CC,AK,F
13:38:00,ICBP,RG,9475,1,D,CC,CC,D
13:38:00,ICBP,RG,9475,2,D,CC,YP,D
13:38:00,ICBP,RG,9475,20,D,CC,PD,D
13:38:00,ICBP,RG,9475,28,D,CC,OD,D
13:38:00,ICBP,RG,9475,12,D,CC,OD,D
13:38:00,ICBP,RG,9475,1,D,CC,XC,D
13:38:00,ICBP,RG,9475,22,D,CC,AK,F
13:38:00,ICBP,RG,9475,13,D,CC,OD,D
13:37:53,ICBP,RG,9450,3,D,BB,BK,F
13:37:53,ICBP,RG,9450,37,D,BB,BK,F
13:37:51,ICBP,RG,9450,15,D,BB,YP,D
13:37:32,ICBP,RG,9450,14,D,BB,DR,D
13:37:32,ICBP,RG,9450,6,D,BB,DR,D
13:37:31,ICBP,RG,9450,4,D,BB,YP,F
13:37:23,ICBP,RG,9450,1,D,BB,NI,D
13:37:13,ICBP,RG,9450,8,D,BB,PD,D
13:36:29,ICBP,RG,9475,1,D,NI,OD,D
13:36:16,ICBP,RG,9475,4,D,PD,OD,D
13:35:33,ICBP,RG,9475,1,D,PD,OD,D
13:35:15,ICBP,RG,9450,5,D,BB,CP,D
13:34:59,ICBP,RG,9450,39,D,BB,ZP,F
13:34:59,ICBP,RG,9450,1,D,BB,ZP,F
13:33:29,ICBP,RG,9450,1,D,BB,PD,D
13:33:29,ICBP,RG,9450,4,D,BB,PD,D
13:33:25,ICBP,RG,9450,6,D,BB,YP,D
13:32:33,ICBP,RG,9450,1,D,BB,XC,D
13:32:24,ICBP,RG,9450,1,D,BB,XC,D
13:31:57,ICBP,RG,9475,86,D,CC,OD,D
13:31:57,ICBP,RG,9475,2,D,CC,DX,D
13:31:57,ICBP,RG,9475,73,D,CC,BK,F
13:31:57,ICBP,RG,9475,40,D,CC,ZP,F
13:31:57,ICBP,RG,9475,68,D,CC,ZP,F
13:31:57,ICBP,RG,9475,3,D,CC,AK,F
13:31:57,ICBP,RG,9475,1,D,CC,AK,F
13:31:57,ICBP,RG,9475,1,D,CC,BB,D
13:31:57,ICBP,RG,9475,26,D,CC,OD,D
13:31:34,ICBP,RG,9450,4,D,BB,YP,D
13:31:34,ICBP,RG,9450,3,D,BB,YP,D
13:31:34,ICBP,RG,9450,13,D,BB,YP,D
13:31:07,ICBP,RG,9450,19,D,BB,PD,D
13:30:56,ICBP,RG,9475,2,F,ZP,OD,D
13:30:53,ICBP,RG,9475,1,F,ZP,XC,D
13:30:51,ICBP,RG,9475,12,F,AK,OD,D
13:30:46,ICBP,RG,9475,23,F,AK,BK,F
13:30:46,ICBP,RG,9475,12,F,AK,BK,F
13:30:46,ICBP,RG,9475,1,D,XC,BK,F
13:30:46,ICBP,RG,9475,2,D,YP,BK,F
13:30:46,ICBP,RG,9475,3,F,ZP,BK,F
13:30:46,ICBP,RG,9475,54,D,CC,BK,F
13:30:46,ICBP,RG,9475,1,D,PD,BK,F
13:30:46,ICBP,RG,9475,1,D,OD,BK,F
13:30:46,ICBP,RG,9475,1,F,ZP,BK,F
13:30:46,ICBP,RG,9475,1,F,ZP,BK,F
13:30:46,ICBP,RG,9475,141,D,CC,BK,F
13:30:46,ICBP,RG,9475,105,D,CC,OD,D
13:30:27,ICBP,RG,9500,5,D,XL,YP,D
13:30:22,ICBP,RG,9475,7,D,CC,XL,D
13:30:21,ICBP,RG,9475,6,D,CC,AK,F
13:30:20,ICBP,RG,9500,1,D,XL,YP,D
13:30:07,ICBP,RG,9475,2,D,CC,NI,D
13:30:05,ICBP,RG,9475,1,D,CC,SQ,D
13:30:05,ICBP,RG,9475,1,D,CC,SQ,D
13:30:05,ICBP,RG,9475,3,D,CC,CC,D
13:30:05,ICBP,RG,9475,53,D,CC,AK,F
13:30:04,ICBP,RG,9500,1,D,YP,YP,D
13:30:04,ICBP,RG,9500,27,F,AK,YP,D
13:30:04,ICBP,RG,9500,10,D,XL,YP,D
13:30:03,ICBP,RG,9500,2,D,YP,YP,D
13:30:03,ICBP,RG,9475,55,D,CC,CC,D
13:30:03,ICBP,RG,9500,1,D,YP,YP,D
13:30:02,ICBP,RG,9475,1,D,CC,YP,D
13:30:02,ICBP,RG,9500,3,D,OD,YP,D
13:30:02,ICBP,RG,9475,1,D,CC,XC,D
13:30:02,ICBP,RG,9500,1,D,YP,YP,D
13:30:02,ICBP,RG,9475,15,D,CC,OD,D
13:30:02,ICBP,RG,9475,11,D,CC,EP,D
13:30:02,ICBP,RG,9500,1,F,AK,YP,D
13:30:02,ICBP,RG,9475,1,D,CC,AK,F
13:30:02,ICBP,RG,9475,28,D,CC,XC,D
13:30:02,ICBP,RG,9475,5,D,CC,XC,D
13:30:02,ICBP,RG,9475,144,D,CC,ZP,F
13:30:01,ICBP,RG,9475,10,D,CC,KK,D
13:30:01,ICBP,RG,9475,1,D,CC,PD,D
13:30:01,ICBP,RG,9475,2,D,CC,PD,D
13:30:01,ICBP,RG,9475,2,D,CC,KK,D
13:30:01,ICBP,RG,9500,1,D,AZ,YP,D
13:30:01,ICBP,RG,9475,2,D,CC,PD,D
13:30:01,ICBP,RG,9475,1,D,CC,PD,D
13:30:01,ICBP,RG,9475,2,D,CC,PD,D
13:30:01,ICBP,RG,9475,2,D,CC,PD,D
13:30:01,ICBP,RG,9500,1,D,PD,YP,D
13:30:01,ICBP,RG,9475,25,D,CC,IF,D
13:30:01,ICBP,RG,9475,3,D,CC,PD,D
13:30:01,ICBP,RG,9475,1,D,CC,GR,D
13:30:01,ICBP,RG,9475,1,D,YP,GR,D
13:30:01,ICBP,RG,9475,1,F,ZP,GR,D
13:30:01,ICBP,RG,9475,2,D,XC,KI,D
13:30:01,ICBP,RG,9500,1,D,EP,YP,D
11:29:53,ICBP,RG,9500,1,F,ZP,YP,D
11:29:51,ICBP,RG,9475,2,D,XC,ZP,F
11:29:51,ICBP,RG,9475,2,F,ZP,ZP,F
11:29:51,ICBP,RG,9475,13,D,CC,ZP,F
11:29:46,ICBP,RG,9475,1,D,CC,AK,F
11:29:45,ICBP,RG,9500,1,F,AK,YP,D
11:29:45,ICBP,RG,9475,1,D,CC,AK,F
11:29:45,ICBP,RG,9475,1,D,CC,AK,F
11:29:39,ICBP,RG,9500,1,F,ZP,YP,D
11:29:37,ICBP,RG,9475,3,D,CC,PD,D
11:29:17,ICBP,RG,9500,2,D,CC,YP,D
11:29:00,ICBP,RG,9500,9,F,AK,YP,D
11:29:00,ICBP,RG,9500,1,F,AK,YP,D
11:29:00,ICBP,RG,9500,1,F,ZP,YP,D
11:28:36,ICBP,RG,9475,1,D,CC,PD,D
11:28:32,ICBP,RG,9500,2,F,ZP,YP,D
11:28:30,ICBP,RG,9500,5,F,AK,YP,D
11:28:30,ICBP,RG,9500,1,F,AK,YP,D
11:28:30,ICBP,RG,9475,16,D,CC,AK,F
11:28:15,ICBP,RG,9475,2,D,CC,AK,F
11:28:00,ICBP,RG,9500,3,F,AK,YP,D
11:28:00,ICBP,RG,9475,4,D,CC,AK,F
11:27:51,ICBP,RG,9500,13,F,ZP,YP,D
11:27:37,ICBP,RG,9475,17,D,CC,CC,D
11:27:15,ICBP,RG,9475,2,D,CC,DX,D
11:26:45,ICBP,RG,9475,15,D,CC,AK,F
11:26:30,ICBP,RG,9500,48,D,YU,YP,D
11:26:30,ICBP,RG,9500,1,D,YU,CC,D
11:26:30,ICBP,RG,9500,5,D,YU,YP,D
11:26:30,ICBP,RG,9500,1,D,YU,HP,D
11:26:30,ICBP,RG,9500,5,D,YU,YP,D
11:26:30,ICBP,RG,9500,2,D,YU,KK,D
11:26:30,ICBP,RG,9500,1,D,YU,XC,D
11:26:30,ICBP,RG,9500,1,D,YU,XC,D
11:26:30,ICBP,RG,9500,2,D,YU,PD,D
11:26:00,ICBP,RG,9475,8,D,CC,AK,F
11:26:00,ICBP,RG,9500,8,D,YU,PD,D
11:26:00,ICBP,RG,9500,10,D,YU,SQ,D
11:26:00,ICBP,RG,9500,10,D,YU,PD,D
11:26:00,ICBP,RG,9500,28,D,YU,OD,D
11:25:46,ICBP,RG,9475,2,D,CC,YP,D
11:25:19,ICBP,RG,9475,3,D,CC,YU,D
11:24:45,ICBP,RG,9500,12,F,AK,OD,D
11:24:45,ICBP,RG,9500,21,F,AK,OD,D
11:24:45,ICBP,RG,9475,2,D,CC,DX,D
11:23:45,ICBP,RG,9500,8,F,AK,OD,D
11:23:45,ICBP,RG,9475,22,D,CC,AK,F
11:23:01,ICBP,RG,9500,5,F,ZP,OD,D
11:23:00,ICBP,RG,9500,68,D,YU,OD,D
11:22:42,ICBP,RG,9475,4,D,CC,PD,D
11:22:33,ICBP,RG,9500,1,F,ZP,OD,D
11:22:30,ICBP,RG,9500,2,F,AK,OD,D
11:22:30,ICBP,RG,9500,1,F,AK,CC,D
11:22:30,ICBP,RG,9500,6,F,AK,AK,F
11:22:15,ICBP,RG,9475,2,D,CC,DX,D
11:21:23,ICBP,RG,9475,10,D,CC,XC,D
11:21:16,ICBP,RG,9500,1,F,ZP,AK,F
11:21:15,ICBP,RG,9475,13,D,CC,AK,F
11:20:22,ICBP,RG,9500,1,F,ZP,AK,F
11:20:22,ICBP,RG,9475,6,D,CC,KK,D
11:20:01,ICBP,RG,9500,4,F,ZP,AK,F
11:20:01,ICBP,RG,9500,2,F,ZP,PD,D
11:20:00,ICBP,RG,9500,3,F,AK,PD,D
11:20:00,ICBP,RG,9500,5,F,AK,YP,D
11:20:00,ICBP,RG,9500,2,D,YU,PD,D
11:20:00,ICBP,RG,9500,10,D,YU,CP,D
11:20:00,ICBP,RG,9500,1,D,YU,YP,D
11:20:00,ICBP,RG,9500,4,D,YU,PD,D
11:20:00,ICBP,RG,9500,10,D,YU,YP,D
11:20:00,ICBP,RG,9500,2,D,YU,NI,D
11:20:00,ICBP,RG,9500,1,D,YU,PD,D
11:20:00,ICBP,RG,9500,2,D,YU,XC,D
11:20:00,ICBP,RG,9500,5,D,YU,YP,D
11:20:00,ICBP,RG,9500,1,D,YU,KK,D
11:20:00,ICBP,RG,9500,10,D,YU,YP,D
11:20:00,ICBP,RG,9500,1,D,YU,YP,D
11:20:00,ICBP,RG,9500,2,D,YU,SQ,D
11:20:00,ICBP,RG,9500,2,D,YU,CC,D
11:20:00,ICBP,RG,9500,3,D,YU,KK,D
11:20:00,ICBP,RG,9500,20,D,YU,YP,D
11:20:00,ICBP,RG,9500,10,D,YU,YP,D
11:20:00,ICBP,RG,9500,2,D,YU,XC,D
11:20:00,ICBP,RG,9500,10,D,YU,PD,D
11:19:36,ICBP,RG,9500,1,D,NI,PD,D
11:19:16,ICBP,RG,9500,1,F,ZP,PD,D
11:19:15,ICBP,RG,9475,14,D,CC,AK,F
11:19:05,ICBP,RG,9500,1,D,BQ,PD,D
11:18:34,ICBP,RG,9500,1,F,ZP,PD,D
11:18:33,ICBP,RG,9500,6,D,YP,PD,D
11:18:33,ICBP,RG,9500,1,D,YP,XC,D
11:18:33,ICBP,RG,9500,3,D,YP,PD,D
11:18:01,ICBP,RG,9500,4,F,ZP,PD,D
11:18:00,ICBP,RG,9500,7,F,AK,PD,D
11:18:00,ICBP,RG,9500,21,D,YU,PD,D
11:18:00,ICBP,RG,9500,14,D,YU,CC,D
11:18:00,ICBP,RG,9500,4,D,YU,XC,D
11:18:00,ICBP,RG,9500,3,D,YU,GR,D
11:18:00,ICBP,RG,9500,1,D,YU,CC,D
11:18:00,ICBP,RG,9500,3,D,YU,CC,D
11:18:00,ICBP,RG,9500,2,D,YU,XC,D
11:18:00,ICBP,RG,9500,3,D,YU,XC,D
11:17:58,ICBP,RG,9500,2,D,XC,CC,D
11:17:35,ICBP,RG,9475,2,D,CC,PD,D
11:17:34,ICBP,RG,9475,6,D,CC,AK,F
11:17:33,ICBP,RG,9500,3,F,ZP,CC,D
11:17:31,ICBP,RG,9475,4,D,CC,AK,F
11:17:31,ICBP,RG,9500,1,F,ZP,CC,D
11:17:31,ICBP,RG,9475,8,D,CC,AK,F
11:17:31,ICBP,RG,9475,6,D,CC,AK,F
11:17:31,ICBP,RG,9475,1,F,ZP,AK,F
11:17:31,ICBP,RG,9475,16,D,CC,AK,F
11:17:30,ICBP,RG,9475,19,D,CC,AK,F
11:17:25,ICBP,RG,9500,1,D,BQ,CC,D
11:16:31,ICBP,RG,9500,1,F,ZP,CC,D
11:16:31,ICBP,RG,9475,10,D,CC,PD,D
11:16:30,ICBP,RG,9500,8,F,AK,CC,D
11:16:04,ICBP,RG,9500,3,F,ZP,CC,D
11:16:03,ICBP,RG,9475,50,D,CC,YP,D
11:16:01,ICBP,RG,9500,5,F,ZP,CC,D
11:16:00,ICBP,RG,9500,1,D,YU,CC,D
11:16:00,ICBP,RG,9500,2,D,YU,SQ,D
11:16:00,ICBP,RG,9500,1,D,YU,XL,D
11:16:00,ICBP,RG,9500,1,D,YU,PD,D
11:16:00,ICBP,RG,9500,2,D,YU,PD,D
11:16:00,ICBP,RG,9500,5,D,YU,YP,D
11:16:00,ICBP,RG,9500,10,D,YU,PD,D
11:16:00,ICBP,RG,9500,51,D,YU,KK,D
11:15:01,ICBP,RG,9500,8,F,ZP,KK,D
11:15:00,ICBP,RG,9475,2,D,CC,DX,D
11:15:00,ICBP,RG,9475,96,D,CC,ZP,F
11:15:00,ICBP,RG,9475,3,D,CC,AK,F
11:15:00,ICBP,RG,9475,1,D,CC,XC,D
11:15:00,ICBP,RG,9475,1,D,CC,DH,D
11:15:00,ICBP,RG,9475,7,D,CC,YP,D
11:15:00,ICBP,RG,9475,3,D,CC,AK,F
11:15:00,ICBP,RG,9475,8,D,CC,CC,D
11:15:00,ICBP,RG,9475,6,D,CC,KK,D
11:15:00,ICBP,RG,9475,4,D,CC,AK,F
11:14:49,ICBP,RG,9475,5,F,ZP,AK,F
11:14:48,ICBP,RG,9450,27,D,BB,SQ,D
11:14:48,ICBP,RG,9450,42,D,BB,SQ,D
11:14:45,ICBP,RG,9475,6,F,AK,AK,F
11:14:45,ICBP,RG,9475,1,F,AK,AK,F
11:14:05,ICBP,RG,9475,1,F,ZP,ZP,F
11:14:01,ICBP,RG,9475,1,F,ZP,ZP,F
11:14:00,ICBP,RG,9450,10,D,BB,KK,D
11:13:39,ICBP,RG,9475,2,F,ZP,ZP,F
11:13:37,ICBP,RG,9475,7,F,AK,ZP,F
11:13:37,ICBP,RG,9475,28,F,AK,AK,F
11:13:37,ICBP,RG,9475,2,F,AK,DX,D
11:13:37,ICBP,RG,9475,5,F,AK,YP,D
11:13:37,ICBP,RG,9475,1,F,AK,IH,D
11:13:36,ICBP,RG,9475,99,F,ZP,IH,D
11:13:30,ICBP,RG,9450,2,D,BB,XC,D
11:13:30,ICBP,RG,9475,6,F,AK,NI,D
11:13:07,ICBP,RG,9450,3,D,BB,SQ,D
11:12:15,ICBP,RG,9475,4,F,AK,NI,D
11:12:15,ICBP,RG,9475,2,F,AK,DX,D
11:12:09,ICBP,RG,9450,1,D,BB,XL,D
11:12:02,ICBP,RG,9475,1,F,ZP,OD,D
11:11:35,ICBP,RG,9475,1,D,PD,OD,D
11:11:06,ICBP,RG,9450,24,D,BB,AK,F
11:11:06,ICBP,RG,9450,4,D,BB,AK,F
11:11:00,ICBP,RG,9475,6,F,AK,OD,D
11:11:00,ICBP,RG,9475,20,D,YU,OD,D
11:11:00,ICBP,RG,9475,12,D,YU,OD,D
11:11:00,ICBP,RG,9475,18,D,YU,OD,D
11:10:38,ICBP,RG,9450,2,D,BB,PD,D
11:10:09,ICBP,RG,9475,87,D,CC,OD,D
11:10:09,ICBP,RG,9475,150,D,CC,BK,F
11:10:09,ICBP,RG,9475,2,D,CC,AK,F
11:10:09,ICBP,RG,9475,1,D,CC,AK,F
11:10:09,ICBP,RG,9475,34,D,CC,ZP,F
11:10:09,ICBP,RG,9475,1,D,CC,AK,F
11:09:45,ICBP,RG,9475,6,F,AK,AK,F
11:09:25,ICBP,RG,9450,3,D,BB,OD,D
11:09:21,ICBP,RG,9450,3,D,BB,XC,D
11:08:51,ICBP,RG,9450,5,D,BB,CC,D
11:08:51,ICBP,RG,9450,1,D,BB,CC,D
11:08:51,ICBP,RG,9450,4,D,BB,CC,D
11:08:47,ICBP,RG,9450,1,D,BB,GR,D
11:08:41,ICBP,RG,9475,1,D,XC,AK,F
11:08:15,ICBP,RG,9475,6,F,AK,AK,F
11:07:53,ICBP,RG,9450,12,D,BB,CC,D
11:07:03,ICBP,RG,9450,7,D,BB,PD,D
11:07:03,ICBP,RG,9450,5,D,BB,PD,D
11:07:00,ICBP,RG,9475,1,D,BQ,AK,F
11:06:55,ICBP,RG,9450,27,D,BB,PD,D
11:06:55,ICBP,RG,9450,7,D,BB,PD,D
11:06:55,ICBP,RG,9450,27,D,BB,PD,D
11:06:55,ICBP,RG,9450,31,D,BB,PD,D
11:06:55,ICBP,RG,9450,28,D,BB,PD,D
11:06:55,ICBP,RG,9450,10,D,BB,PD,D
11:06:55,ICBP,RG,9450,20,D,BB,PD,D
11:06:30,ICBP,RG,9475,1,F,ZP,AK,F
11:06:30,ICBP,RG,9475,8,F,AK,AK,F
11:06:22,ICBP,RG,9450,15,D,BB,PD,D
11:06:22,ICBP,RG,9450,6,D,BB,PD,D
11:06:22,ICBP,RG,9450,1,D,AZ,PD,D
11:06:22,ICBP,RG,9450,1,D,YP,PD,D
11:06:22,ICBP,RG,9450,1,D,YP,PD,D
11:06:22,ICBP,RG,9450,1,D,YP,PD,D
11:06:22,ICBP,RG,9450,20,D,YU,PD,D
11:06:22,ICBP,RG,9450,10,D,CC,PD,D
11:06:22,ICBP,RG,9450,1,D,XC,PD,D
11:06:22,ICBP,RG,9450,57,D,YU,PD,D
11:06:22,ICBP,RG,9450,1,D,BB,PD,D
11:06:22,ICBP,RG,9450,16,D,BB,PD,D
11:06:15,ICBP,RG,9475,1,F,ZP,AK,F
11:06:15,ICBP,RG,9475,1,F,ZP,AK,F
11:06:15,ICBP,RG,9475,5,D,YU,AK,F
11:06:10,ICBP,RG,9475,1,D,YU,XC,D
11:06:00,ICBP,RG,9475,42,D,YU,ZP,F
11:06:00,ICBP,RG,9475,3,D,YU,AK,F
11:06:00,ICBP,RG,9475,22,D,YU,AK,F
11:05:51,ICBP,RG,9475,1,D,YP,AK,F
11:05:45,ICBP,RG,9475,7,F,AK,AK,F
11:05:33,ICBP,RG,9475,6,D,YP,AK,F
11:05:33,ICBP,RG,9475,4,D,YP,YP,D
11:05:25,ICBP,RG,9475,1,F,ZP,YP,D
11:05:25,ICBP,RG,9475,28,D,BB,OD,D
11:05:25,ICBP,RG,9475,3,D,BB,OD,D
11:05:25,ICBP,RG,9475,6,D,BB,OD,D
11:05:25,ICBP,RG,9475,1,D,BB,OD,D
11:05:25,ICBP,RG,9475,2,D,BB,OD,D
11:05:25,ICBP,RG,9475,105,D,BB,OD,D
11:05:25,ICBP,RG,9475,2,D,BB,DX,D
11:05:25,ICBP,RG,9475,2,D,BB,DX,D
11:05:25,ICBP,RG,9475,9,D,BB,XA,D
11:05:25,ICBP,RG,9475,114,D,BB,XA,D
11:05:25,ICBP,RG,9475,123,D,BB,XA,D
11:05:25,ICBP,RG,9475,45,D,BB,XA,D
11:05:25,ICBP,RG,9475,109,D,BB,XA,D
11:05:25,ICBP,RG,9475,28,D,BB,OD,D
11:05:25,ICBP,RG,9475,13,D,BB,ZP,F
11:05:25,ICBP,RG,9475,29,D,BB,ZP,F
11:05:25,ICBP,RG,9475,3,D,BB,ZP,F
11:05:25,ICBP,RG,9475,17,D,BB,ZP,F
11:05:25,ICBP,RG,9475,12,D,BB,OD,D
11:05:25,ICBP,RG,9475,19,D,BB,AK,F
11:05:25,ICBP,RG,9475,4,D,BB,AK,F
11:05:25,ICBP,RG,9475,3,D,BB,CC,D
11:05:25,ICBP,RG,9475,44,D,BB,ZP,F
11:05:25,ICBP,RG,9475,8,D,BB,ZP,F
11:05:06,ICBP,RG,9475,3,D,EP,ZP,F
11:05:01,ICBP,RG,9475,2,D,BB,ZP,F
11:05:00,ICBP,RG,9475,1,D,BB,ZP,F
11:04:30,ICBP,RG,9475,8,F,AK,ZP,F
11:03:39,ICBP,RG,9475,2,D,PD,ZP,F
11:01:50,ICBP,RG,9475,2,F,ZP,ZP,F
11:01:49,ICBP,RG,9475,34,D,BB,ZP,F
11:01:47,ICBP,RG,9475,2,F,ZP,ZP,F
11:01:45,ICBP,RG,9475,2,D,BB,AK,F
11:01:45,ICBP,RG,9475,3,D,BB,AK,F
11:01:45,ICBP,RG,9475,24,D,BB,OD,D
11:01:45,ICBP,RG,9475,5,F,ZP,OD,D
11:01:44,ICBP,RG,9475,43,D,BB,OD,D
11:01:44,ICBP,RG,9475,7,D,BB,OD,D
11:01:44,ICBP,RG,9475,1,F,ZP,OD,D
11:01:44,ICBP,RG,9475,3,D,BB,OD,D
11:01:44,ICBP,RG,9475,1,D,BB,OD,D
11:01:44,ICBP,RG,9475,3,D,BB,OD,D
11:01:44,ICBP,RG,9475,3,D,BB,OD,D
11:01:44,ICBP,RG,9475,3,D,BB,OD,D
11:01:44,ICBP,RG,9475,3,D,BB,OD,D
11:01:44,ICBP,RG,9475,3,D,BB,OD,D
11:01:44,ICBP,RG,9475,3,D,BB,OD,D
11:01:44,ICBP,RG,9475,3,D,BB,OD,D
11:01:29,ICBP,RG,9500,2,D,PD,KK,D
11:01:29,ICBP,RG,9475,5,F,ZP,AK,F
11:01:29,ICBP,RG,9475,3,F,ZP,AK,F
11:01:29,ICBP,RG,9475,5,F,ZP,DR,D
11:01:28,ICBP,RG,9475,15,D,BB,DR,D
11:01:28,ICBP,RG,9475,1,F,ZP,DR,D
11:01:28,ICBP,RG,9475,8,F,AK,DR,D
11:01:28,ICBP,RG,9475,5,D,BB,DR,D
11:01:28,ICBP,RG,9475,17,D,BB,DR,D
11:01:28,ICBP,RG,9475,3,D,BB,DR,D
11:01:28,ICBP,RG,9475,17,D,BB,DR,D
11:01:28,ICBP,RG,9475,17,D,BB,DR,D
11:01:28,ICBP,RG,9475,17,D,BB,DR,D
11:01:28,ICBP,RG,9475,17,D,BB,DR,D
11:01:28,ICBP,RG,9475,17,D,BB,DR,D
11:01:28,ICBP,RG,9475,1,D,BB,DR,D
11:01:28,ICBP,RG,9475,17,D,BB,DR,D
11:01:28,ICBP,RG,9475,17,D,BB,DR,D
11:01:28,ICBP,RG,9475,1,F,ZP,DR,D
11:01:28,ICBP,RG,9475,25,F,AK,DR,D
11:01:02,ICBP,RG,9500,7,F,ZP,KK,D
11:01:00,ICBP,RG,9500,32,D,YU,KK,D
11:01:00,ICBP,RG,9500,1,D,YU,YP,D
11:01:00,ICBP,RG,9500,4,D,YU,LG,D
11:01:00,ICBP,RG,9500,1,D,YU,PD,D
11:01:00,ICBP,RG,9500,11,D,YU,DH,D
11:01:00,ICBP,RG,9500,26,D,YU,KK,D
11:01:00,ICBP,RG,9500,1,D,YU,PD,D
11:01:00,ICBP,RG,9500,4,D,YU,XC,D
11:01:00,ICBP,RG,9500,4,D,YU,XC,D
11:01:00,ICBP,RG,9500,10,D,YU,XC,D
11:01:00,ICBP,RG,9500,2,D,YU,XC,D
11:01:00,ICBP,RG,9500,5,D,YU,OD,D
11:01:00,ICBP,RG,9500,12,D,YU,PD,D
11:00:37,ICBP,RG,9500,1,D,XC,PD,D
11:00:01,ICBP,RG,9500,42,F,ZP,PD,D
11:00:01,ICBP,RG,9500,10,F,ZP,YP,D
11:00:01,ICBP,RG,9500,1,F,ZP,YP,D
11:00:01,ICBP,RG,9500,4,F,ZP,XC,D
11:00:01,ICBP,RG,9500,5,F,ZP,YP,D
10:59:59,ICBP,RG,9475,1,F,AK,PD,D
10:59:59,ICBP,RG,9475,14,F,AK,OD,D
10:59:59,ICBP,RG,9475,7,F,ZP,OD,D
10:59:59,ICBP,RG,9475,7,D,BB,OD,D
10:59:59,ICBP,RG,9475,3,D,BB,XC,D
10:59:59,ICBP,RG,9475,36,D,BB,BK,F
10:59:59,ICBP,RG,9475,2,D,BB,OD,D
10:59:59,ICBP,RG,9475,1,D,BB,OD,D
10:59:59,ICBP,RG,9475,9,D,BB,OD,D
10:59:59,ICBP,RG,9475,45,D,BB,PD,D
10:59:59,ICBP,RG,9475,55,D,BB,KK,D
10:59:59,ICBP,RG,9475,51,D,BB,OD,D
10:59:59,ICBP,RG,9475,54,D,BB,OD,D
10:59:59,ICBP,RG,9475,4,D,BB,AK,F
10:59:59,ICBP,RG,9475,8,D,BB,AK,F
10:59:59,ICBP,RG,9475,2,D,BB,DX,D
10:59:59,ICBP,RG,9475,1,D,BB,DR,D
10:59:59,ICBP,RG,9475,1,D,BB,OD,D
10:59:59,ICBP,RG,9475,2,D,BB,YP,D
10:59:59,ICBP,RG,9475,1,D,BB,XC,D
10:59:59,ICBP,RG,9475,2,D,BB,DX,D
10:59:59,ICBP,RG,9475,3,D,BB,PD,D
10:59:59,ICBP,RG,9475,3,D,BB,DX,D
10:59:59,ICBP,RG,9475,1,D,BB,XC,D
10:59:59,ICBP,RG,9475,33,D,BB,ZP,F
10:59:59,ICBP,RG,9475,50,D,BB,AK,F
10:59:59,ICBP,RG,9475,2,D,BB,DX,D
10:59:59,ICBP,RG,9475,1,D,BB,XC,D
10:59:59,ICBP,RG,9475,1,D,BB,EP,D
10:59:59,ICBP,RG,9475,14,D,BB,AK,F
10:59:59,ICBP,RG,9475,10,D,BB,YP,D
10:59:59,ICBP,RG,9475,60,D,BB,BK,F
10:59:59,ICBP,RG,9475,150,D,BB,BK,F
10:59:59,ICBP,RG,9475,1,D,BB,XC,D
10:59:59,ICBP,RG,9475,1,D,BB,EP,D
10:59:59,ICBP,RG,9475,4,D,BB,DX,D
10:59:59,ICBP,RG,9475,1,D,BB,PD,D
10:59:59,ICBP,RG,9475,5,D,BB,PD,D
10:59:59,ICBP,RG,9475,36,D,BB,PD,D
10:59:59,ICBP,RG,9475,10,D,BB,SQ,D
10:59:59,ICBP,RG,9475,2,D,BB,TP,D
10:59:59,ICBP,RG,9475,91,D,BB,MG,D
10:59:59,ICBP,RG,9475,109,D,BB,MG,D
10:59:59,ICBP,RG,9475,1,D,BB,XC,D
10:59:59,ICBP,RG,9475,2,D,BB,YP,D
10:59:59,ICBP,RG,9475,2,D,BB,LG,D
10:59:59,ICBP,RG,9475,35,D,BB,ZP,F
10:59:59,ICBP,RG,9475,34,D,BB,ZP,F
10:59:59,ICBP,RG,9475,2,D,BB,DX,D
10:59:59,ICBP,RG,9475,1,D,BB,SQ,D
10:59:41,ICBP,RG,9475,2,D,XC,SQ,D
10:59:12,ICBP,RG,9475,1,F,ZP,SQ,D
10:59:11,ICBP,RG,9450,18,D,BB,ZP,F
10:58:53,ICBP,RG,9475,1,F,ZP,SQ,D
10:58:53,ICBP,RG,9475,16,F,ZP,CC,D
10:58:53,ICBP,RG,9475,1,F,ZP,KK,D
10:58:53,ICBP,RG,9475,2,F,ZP,DX,D
10:58:53,ICBP,RG,9475,18,F,ZP,OD,D
10:58:32,ICBP,RG,9450,2,D,BB,XC,D
10:58:10,ICBP,RG,9450,11,D,BB,ZP,F
10:58:10,ICBP,RG,9450,6,D,BB,ZP,F
10:58:00,ICBP,RG,9475,10,D,YU,OD,D
10:58:00,ICBP,RG,9475,12,D,YU,OD,D
10:58:00,ICBP,RG,9475,5,D,YU,AK,F
10:58:00,ICBP,RG,9475,20,D,YU,OD,D
10:57:55,ICBP,RG,9475,1,D,BB,OD,D
10:57:55,ICBP,RG,9450,5,D,BB,GR,D
10:57:43,ICBP,RG,9475,8,F,AK,OD,D
10:57:42,ICBP,RG,9450,1,D,BB,CC,D
10:57:42,ICBP,RG,9450,4,D,BB,CC,D
10:56:45,ICBP,RG,9450,7,D,BB,ZP,F
10:56:45,ICBP,RG,9450,10,D,BB,ZP,F
10:56:36,ICBP,RG,9450,34,D,BB,AK,F
10:56:36,ICBP,RG,9450,8,D,BB,AK,F
10:56:15,ICBP,RG,9450,6,D,BB,AG,D
10:56:00,ICBP,RG,9450,32,D,BB,CC,D
10:56:00,ICBP,RG,9450,57,D,BB,CC,D
10:56:00,ICBP,RG,9450,2,D,BB,CC,D
10:56:00,ICBP,RG,9450,9,D,BB,CC,D
10:55:49,ICBP,RG,9450,8,D,BB,ZP,F
10:55:49,ICBP,RG,9450,9,D,BB,ZP,F
10:55:00,ICBP,RG,9475,73,D,YU,OD,D
10:54:49,ICBP,RG,9450,17,D,BB,ZP,F
10:54:00,ICBP,RG,9475,1,F,AK,OD,D
10:53:54,ICBP,RG,9450,15,D,BB,ZP,F
10:53:54,ICBP,RG,9450,1,D,BB,ZP,F
10:53:54,ICBP,RG,9450,1,D,YP,ZP,F
10:53:47,ICBP,RG,9475,2,D,KI,OD,D
10:53:17,ICBP,RG,9450,2,D,YP,XC,D
10:52:39,ICBP,RG,9450,2,D,YP,ZP,F
10:52:39,ICBP,RG,9450,2,F,ZP,ZP,F
10:52:39,ICBP,RG,9450,12,D,CC,ZP,F
10:52:24,ICBP,RG,9450,3,D,CC,PD,D
10:52:18,ICBP,RG,9450,5,D,CC,CC,D
10:52:14,ICBP,RG,9450,1,D,CC,KK,D
10:51:34,ICBP,RG,9450,1,D,CC,XC,D
10:51:00,ICBP,RG,9475,18,D,YU,ZP,F
10:51:00,ICBP,RG,9475,16,D,YU,AK,F
10:51:00,ICBP,RG,9475,33,D,YU,EP,D
10:50:19,ICBP,RG,9450,1,D,CC,SQ,D
10:50:13,ICBP,RG,9450,2,D,CC,ZP,F
10:50:13,ICBP,RG,9450,1,D,NI,ZP,F
10:50:13,ICBP,RG,9450,1,D,AI,ZP,F
10:50:13,ICBP,RG,9450,1,D,XC,ZP,F
10:50:13,ICBP,RG,9450,12,D,XC,ZP,F
10:50:05,ICBP,RG,9475,3,D,XL,EP,D
10:49:34,ICBP,RG,9450,14,D,XC,SQ,D
10:49:34,ICBP,RG,9450,1,D,XC,SQ,D
10:49:34,ICBP,RG,9450,1,F,ZP,SQ,D
10:49:34,ICBP,RG,9450,1,D,XC,SQ,D
10:49:34,ICBP,RG,9450,2,F,ZP,SQ,D
10:49:34,ICBP,RG,9450,1,D,YP,SQ,D
10:49:34,ICBP,RG,9450,27,F,AK,SQ,D
10:49:34,ICBP,RG,9450,5,D,SQ,SQ,D
10:49:34,ICBP,RG,9450,5,D,XL,SQ,D
10:49:34,ICBP,RG,9450,11,D,XC,SQ,D
10:49:34,ICBP,RG,9450,5,D,PD,SQ,D
10:49:34,ICBP,RG,9450,1,D,NI,SQ,D
10:49:34,ICBP,RG,9450,1,D,XC,SQ,D
10:49:34,ICBP,RG,9450,2,D,PD,SQ,D
10:49:34,ICBP,RG,9450,1,D,BB,SQ,D
10:49:34,ICBP,RG,9450,22,D,BB,SQ,D
10:49:24,ICBP,RG,9450,3,D,BB,EP,D
10:49:11,ICBP,RG,9450,3,D,BB,CC,D
10:48:31,ICBP,RG,9475,1,F,ZP,EP,D
10:48:30,ICBP,RG,9475,1,D,BB,EP,D
10:48:30,ICBP,RG,9475,6,D,BB,EP,D
10:48:20,ICBP,RG,9475,13,F,ZP,EP,D
10:48:19,ICBP,RG,9450,7,D,BB,SQ,D
10:48:19,ICBP,RG,9450,12,D,BB,SQ,D
10:48:19,ICBP,RG,9450,30,D,BB,SQ,D
10:48:19,ICBP,RG,9450,8,D,BB,SQ,D
10:48:19,ICBP,RG,9450,7,D,BB,SQ,D
10:48:19,ICBP,RG,9450,32,D,BB,SQ,D
10:48:19,ICBP,RG,9450,34,D,BB,SQ,D
10:48:19,ICBP,RG,9450,1,D,BB,SQ,D
10:48:19,ICBP,RG,9450,43,D,BB,SQ,D
10:48:19,ICBP,RG,9450,26,F,SQ,SQ,D
10:48:01,ICBP,RG,9475,1,D,BB,EP,D
10:48:01,ICBP,RG,9475,1,D,BB,EP,D
10:48:01,ICBP,RG,9475,1,D,BB,EP,D
10:48:01,ICBP,RG,9475,1,D,BB,EP,D
10:47:56,ICBP,RG,9475,3,D,BB,EP,D
10:47:56,ICBP,RG,9475,1,D,BB,EP,D
10:47:56,ICBP,RG,9475,1,D,BB,EP,D
10:47:56,ICBP,RG,9475,1,D,BB,EP,D
10:47:38,ICBP,RG,9475,1,D,BB,AK,F
10:47:38,ICBP,RG,9475,1,D,BB,AK,F
10:47:38,ICBP,RG,9475,1,D,BB,AK,F
10:47:38,ICBP,RG,9475,1,F,ZP,AK,F
10:47:37,ICBP,RG,9475,1,F,ZP,AK,F
10:47:36,ICBP,RG,9475,8,D,BB,AK,F
10:47:36,ICBP,RG,9475,1,D,BB,AK,F
10:47:36,ICBP,RG,9475,2,D,BB,AK,F
10:47:36,ICBP,RG,9475,6,D,BB,AK,F
10:47:36,ICBP,RG,9475,1,D,BB,AK,F
10:47:14,ICBP,RG,9475,6,D,BB,BK,F
10:47:14,ICBP,RG,9475,8,D,BB,BK,F
10:47:14,ICBP,RG,9475,1,F,ZP,BK,F
10:47:13,ICBP,RG,9475,1,D,BB,BK,F
10:47:13,ICBP,RG,9475,10,D,BB,BK,F
10:47:13,ICBP,RG,9475,8,F,ZP,BK,F
10:47:11,ICBP,RG,9475,2,D,BB,BK,F
10:47:11,ICBP,RG,9475,1,D,BB,BK,F
10:47:11,ICBP,RG,9475,5,D,BB,BK,F
10:47:11,ICBP,RG,9475,6,D,BB,BK,F
10:47:11,ICBP,RG,9475,1,D,BB,BK,F
10:47:11,ICBP,RG,9475,4,D,BB,BK,F
10:47:11,ICBP,RG,9475,4,D,BB,BK,F
10:47:10,ICBP,RG,9450,100,F,SQ,OD,D
10:47:01,ICBP,RG,9475,4,F,ZP,BK,F
10:47:00,ICBP,RG,9475,63,D,YU,BK,F
10:47:00,ICBP,RG,9475,1,D,BB,BK,F
10:46:58,ICBP,RG,9475,2,D,BB,BK,F
10:46:56,ICBP,RG,9475,1,D,BB,BK,F
10:46:56,ICBP,RG,9475,1,D,BB,BK,F
10:46:56,ICBP,RG,9475,1,D,BB,BK,F
10:46:56,ICBP,RG,9475,1,D,BB,BK,F
10:46:56,ICBP,RG,9475,1,D,BB,BK,F
10:46:28,ICBP,RG,9475,1,F,ZP,BK,F
10:46:27,ICBP,RG,9475,1,D,BB,BK,F
10:46:23,ICBP,RG,9475,1,D,BB,BK,F
10:46:23,ICBP,RG,9475,1,D,BB,BK,F
10:46:23,ICBP,RG,9475,1,D,BB,BK,F
10:45:56,ICBP,RG,9475,1,D,DR,BK,F
10:45:48,ICBP,RG,9475,2,D,BB,BK,F
10:45:48,ICBP,RG,9475,1,D,BB,BK,F
10:45:43,ICBP,RG,9475,2,D,BB,BK,F
10:45:43,ICBP,RG,9475,1,D,BB,BK,F
10:45:43,ICBP,RG,9475,1,D,BB,BK,F
10:45:43,ICBP,RG,9475,1,D,BB,BK,F
10:45:43,ICBP,RG,9475,11,F,ZP,BK,F
10:45:19,ICBP,RG,9475,1,D,BB,BK,F
10:45:19,ICBP,RG,9475,1,D,BB,BK,F
10:45:17,ICBP,RG,9475,2,D,YP,BK,F
10:45:16,ICBP,RG,9475,1,D,BB,BK,F
10:45:16,ICBP,RG,9475,1,D,BB,BK,F
10:45:16,ICBP,RG,9475,1,D,BB,BK,F
10:45:00,ICBP,RG,9475,1,D,BB,BK,F
10:45:00,ICBP,RG,9475,1,D,BB,BK,F
10:44:49,ICBP,RG,9475,1,D,BB,BK,F
10:44:49,ICBP,RG,9475,1,D,BB,BK,F
10:44:30,ICBP,RG,9475,1,D,BB,BK,F
10:44:30,ICBP,RG,9475,2,D,BB,BK,F
10:44:30,ICBP,RG,9475,1,D,BB,BK,F
10:44:14,ICBP,RG,9475,2,D,BB,BK,F
10:44:14,ICBP,RG,9475,5,D,BB,BK,F
10:44:14,ICBP,RG,9475,5,D,BB,BK,F
10:44:00,ICBP,RG,9450,35,F,SQ,AK,F
10:44:00,ICBP,RG,9475,51,D,YU,BK,F
10:44:00,ICBP,RG,9475,1,D,BB,BK,F
10:44:00,ICBP,RG,9475,1,D,BB,BK,F
10:43:23,ICBP,RG,9450,2,F,SQ,PD,D
10:43:20,ICBP,RG,9475,2,D,BB,BK,F
10:43:00,ICBP,RG,9475,1,D,BB,BK,F
10:42:34,ICBP,RG,9475,1,D,BB,BK,F
10:42:24,ICBP,RG,9475,1,D,XC,BK,F
10:42:08,ICBP,RG,9475,1,D,YP,BK,F
10:42:05,ICBP,RG,9475,1,D,BB,BK,F
10:42:00,ICBP,RG,9450,14,F,SQ,AK,F
10:42:00,ICBP,RG,9475,1,D,BB,BK,F
10:41:48,ICBP,RG,9475,1,D,BB,BK,F
10:40:58,ICBP,RG,9475,1,D,YP,BK,F
10:40:52,ICBP,RG,9450,1,F,SQ,NI,D
10:40:50,ICBP,RG,9475,1,D,BB,BK,F
10:39:56,ICBP,RG,9475,3,D,XL,BK,F
10:39:55,ICBP,RG,9450,16,F,SQ,CC,D
10:39:28,ICBP,RG,9475,2,D,BB,BK,F
10:38:52,ICBP,RG,9475,1,D,PD,BK,F
10:38:12,ICBP,RG,9475,2,F,ZP,BK,F
10:38:10,ICBP,RG,9475,26,D,YU,BK,F
10:38:05,ICBP,RG,9450,1,F,SQ,DR,D
10:37:45,ICBP,RG,9450,4,F,SQ,PD,D
10:37:43,ICBP,RG,9450,2,F,SQ,YP,D
10:37:31,ICBP,RG,9475,1,F,ZP,BK,F
10:37:30,ICBP,RG,9450,10,F,SQ,AZ,D
10:36:34,ICBP,RG,9450,3,F,SQ,CC,D
10:36:15,ICBP,RG,9475,1,D,BB,BK,F
10:36:09,ICBP,RG,9475,1,D,BB,BK,F
10:36:09,ICBP,RG,9475,3,F,ZP,BK,F
10:36:07,ICBP,RG,9450,50,F,SQ,YP,D
10:36:04,ICBP,RG,9450,3,F,SQ,PD,D
10:35:37,ICBP,RG,9475,15,F,ZP,BK,F
10:35:37,ICBP,RG,9475,33,F,ZP,ZP,F
10:35:37,ICBP,RG,9475,1,F,ZP,AK,F
10:35:37,ICBP,RG,9475,2,F,ZP,AK,F
10:34:48,ICBP,RG,9450,1,F,SQ,CC,D
10:34:36,ICBP,RG,9450,2,F,SQ,PD,D
10:34:33,ICBP,RG,9475,15,D,CC,BK,F
10:34:33,ICBP,RG,9475,52,D,CC,ZP,F
10:34:33,ICBP,RG,9475,11,D,CC,AK,F
10:34:33,ICBP,RG,9475,20,D,CC,KK,D
10:34:33,ICBP,RG,9475,40,D,CC,YP,D
10:34:33,ICBP,RG,9475,2,D,CC,DX,D
10:34:33,ICBP,RG,9475,2,D,CC,DX,D
10:34:33,ICBP,RG,9475,3,D,CC,CC,D
10:34:33,ICBP,RG,9475,6,D,CC,PD,D
10:34:33,ICBP,RG,9475,8,D,CC,PD,D
10:34:33,ICBP,RG,9475,3,D,CC,CC,D
10:34:33,ICBP,RG,9475,2,D,CC,KK,D
10:34:33,ICBP,RG,9475,86,D,CC,AN,D
10:34:27,ICBP,RG,9475,14,F,AK,AN,D
10:34:27,ICBP,RG,9475,1,F,AK,HP,D
10:34:27,ICBP,RG,9475,1,F,AK,XC,D
10:34:27,ICBP,RG,9475,25,F,AK,CC,D
10:34:27,ICBP,RG,9475,2,F,AK,DX,D
10:34:27,ICBP,RG,9475,1,F,AK,XC,D
10:34:27,ICBP,RG,9475,17,F,AK,OD,D
10:34:27,ICBP,RG,9450,9,F,SQ,AK,F
10:34:27,ICBP,RG,9475,2,F,ZP,OD,D
10:34:26,ICBP,RG,9475,9,D,CC,OD,D
10:34:26,ICBP,RG,9475,12,D,CC,OD,D
10:34:26,ICBP,RG,9475,105,D,CC,OD,D
10:34:26,ICBP,RG,9475,1,D,CC,YP,D
10:34:26,ICBP,RG,9475,14,D,CC,XC,D
10:34:26,ICBP,RG,9475,1,D,CC,YP,D
10:34:26,ICBP,RG,9475,46,D,CC,ZP,F
10:34:26,ICBP,RG,9475,3,D,CC,AK,F
10:34:26,ICBP,RG,9475,12,D,CC,AK,F
10:34:26,ICBP,RG,9475,25,D,CC,ZP,F
10:34:26,ICBP,RG,9475,11,D,CC,AK,F
10:34:26,ICBP,RG,9475,9,D,CC,AK,F
10:34:26,ICBP,RG,9475,152,D,CC,BK,F
10:34:24,ICBP,RG,9450,3,F,SQ,CC,D
10:34:09,ICBP,RG,9450,20,F,SQ,XL,D
10:33:01,ICBP,RG,9450,2,F,SQ,LG,D
10:32:47,ICBP,RG,9450,5,F,SQ,PD,D
10:32:09,ICBP,RG,9450,4,F,SQ,XC,D
10:32:02,ICBP,RG,9450,20,F,SQ,SQ,D
10:31:41,ICBP,RG,9450,1,F,SQ,XC,D
10:31:31,ICBP,RG,9450,1,F,SQ,XL,D
10:31:25,ICBP,RG,9450,7,F,SQ,CC,D
10:31:25,ICBP,RG,9450,1,F,SQ,YP,D
10:30:57,ICBP,RG,9450,1,F,SQ,XC,D
10:30:52,ICBP,RG,9450,1,F,SQ,AK,F
10:30:51,ICBP,RG,9475,1,D,BQ,BK,F
10:30:44,ICBP,RG,9450,1,F,SQ,DR,D
10:30:12,ICBP,RG,9450,30,F,SQ,DR,D
10:29:17,ICBP,RG,9475,1,D,BQ,BK,F
10:29:11,ICBP,RG,9450,7,F,SQ,PD,D
10:28:51,ICBP,RG,9475,1,D,PD,BK,F
10:28:30,ICBP,RG,9475,1,F,ZP,BK,F
10:28:29,ICBP,RG,9450,6,F,SQ,DH,D
10:28:28,ICBP,RG,9450,9,F,SQ,XC,D
10:27:44,ICBP,RG,9450,1,F,SQ,XC,D
10:27:16,ICBP,RG,9450,1,F,SQ,XC,D
10:25:32,ICBP,RG,9475,1,F,ZP,BK,F
10:25:31,ICBP,RG,9450,1,F,SQ,XC,D
10:25:29,ICBP,RG,9475,1,F,ZP,BK,F
10:25:27,ICBP,RG,9450,22,F,SQ,EP,D
10:25:10,ICBP,RG,9450,1,F,SQ,NI,D
10:24:28,ICBP,RG,9450,7,F,SQ,YP,D
10:24:20,ICBP,RG,9475,1,F,ZP,BK,F
10:24:18,ICBP,RG,9475,3,D,BB,BK,F
10:24:18,ICBP,RG,9475,3,D,BB,BK,F
10:24:18,ICBP,RG,9475,3,D,BB,BK,F
10:24:05,ICBP,RG,9475,4,D,BB,BK,F
10:24:05,ICBP,RG,9475,1,D,BB,BK,F
10:24:05,ICBP,RG,9475,1,F,ZP,BK,F
10:24:03,ICBP,RG,9475,1,D,BB,BK,F
10:24:03,ICBP,RG,9475,3,F,ZP,BK,F
10:24:02,ICBP,RG,9450,10,F,SQ,CC,D
10:24:02,ICBP,RG,9475,2,D,BB,BK,F
10:24:01,ICBP,RG,9475,2,D,BB,BK,F
10:24:01,ICBP,RG,9475,2,D,BB,BK,F
10:24:01,ICBP,RG,9475,1,D,BB,AK,F
10:24:01,ICBP,RG,9475,3,D,BB,AK,F
10:24:01,ICBP,RG,9475,29,D,BB,ZP,F
10:24:01,ICBP,RG,9475,2,D,PD,ZP,F
10:23:57,ICBP,RG,9475,1,D,BB,ZP,F
10:23:57,ICBP,RG,9475,1,F,ZP,ZP,F
10:23:56,ICBP,RG,9475,23,D,BB,ZP,F
10:23:56,ICBP,RG,9475,2,D,BB,AK,F
10:23:56,ICBP,RG,9475,1,D,BB,AK,F
10:23:56,ICBP,RG,9475,1,D,BB,AK,F
10:23:56,ICBP,RG,9475,1,F,ZP,AK,F
10:23:53,ICBP,RG,9475,1,D,BB,AK,F
10:23:53,ICBP,RG,9475,1,D,BB,AK,F
10:23:51,ICBP,RG,9475,9,D,BB,AK,F
10:23:51,ICBP,RG,9475,1,D,BB,AK,F
10:23:51,ICBP,RG,9475,2,F,ZP,AK,F
10:23:50,ICBP,RG,9475,17,D,BB,AK,F
10:23:50,ICBP,RG,9475,1,F,ZP,AK,F
10:23:50,ICBP,RG,9475,6,D,BB,AK,F
10:23:48,ICBP,RG,9475,10,D,BB,AK,F
10:23:48,ICBP,RG,9475,13,F,ZP,AK,F
10:23:47,ICBP,RG,9475,1,D,BB,AK,F
10:23:47,ICBP,RG,9475,5,D,BB,AK,F
10:23:47,ICBP,RG,9475,4,D,BB,AK,F
10:23:47,ICBP,RG,9475,37,F,ZP,AK,F
10:23:47,ICBP,RG,9475,5,F,ZP,PD,D
10:23:47,ICBP,RG,9475,2,F,ZP,DX,D
10:23:47,ICBP,RG,9475,1,F,ZP,XC,D
10:23:47,ICBP,RG,9475,3,F,ZP,YP,D
10:23:46,ICBP,RG,9475,1,D,BB,YP,D
10:23:46,ICBP,RG,9475,5,D,BB,CC,D
10:23:46,ICBP,RG,9475,1,D,BB,XC,D
10:23:46,ICBP,RG,9475,14,D,BB,BK,F
10:23:46,ICBP,RG,9475,1,D,BB,BK,F
10:23:46,ICBP,RG,9475,23,D,BB,ZP,F
10:23:46,ICBP,RG,9475,3,D,BB,CC,D
10:23:46,ICBP,RG,9475,17,D,BB,AK,F
10:23:46,ICBP,RG,9475,3,D,BB,DX,D
10:23:46,ICBP,RG,9475,20,D,BB,PD,D
10:23:46,ICBP,RG,9475,11,D,BB,OD,D
10:23:46,ICBP,RG,9475,17,D,BB,OD,D
10:23:46,ICBP,RG,9475,12,D,BB,OD,D
10:23:46,ICBP,RG,9475,2,D,BB,DX,D
10:23:46,ICBP,RG,9475,51,D,BB,OD,D
10:23:46,ICBP,RG,9475,2,D,BB,OD,D
10:23:46,ICBP,RG,9475,20,D,BB,OD,D
10:23:46,ICBP,RG,9450,6,F,SQ,AK,F
10:23:46,ICBP,RG,9475,32,D,BB,OD,D
10:23:46,ICBP,RG,9475,15,D,BB,YP,D
10:23:46,ICBP,RG,9475,37,D,BB,XA,D
10:23:46,ICBP,RG,9475,13,D,BB,XA,D
10:23:46,ICBP,RG,9475,1,D,BB,LG,D
10:23:46,ICBP,RG,9475,14,D,BB,AK,F
10:23:46,ICBP,RG,9475,3,D,BB,NI,D
10:23:46,ICBP,RG,9475,73,D,BB,NI,D
10:23:46,ICBP,RG,9475,4,D,BB,NI,D
10:23:46,ICBP,RG,9475,20,D,BB,NI,D
10:23:46,ICBP,RG,9475,50,D,BB,YP,D
10:23:46,ICBP,RG,9475,5,D,BB,GR,D
10:23:46,ICBP,RG,9475,1,D,BB,AK,F
10:23:46,ICBP,RG,9475,2,D,BB,AK,F
10:23:46,ICBP,RG,9475,25,D,BB,ZP,F
10:23:46,ICBP,RG,9475,1,D,BB,ZP,F
10:23:43,ICBP,RG,9475,1,D,BB,ZP,F
10:23:39,ICBP,RG,9450,1,F,SQ,YP,D
10:23:20,ICBP,RG,9475,1,D,BB,ZP,F
10:22:49,ICBP,RG,9475,1,D,BB,ZP,F
10:22:32,ICBP,RG,9475,2,D,BB,ZP,F
10:22:32,ICBP,RG,9475,1,D,BB,ZP,F
10:22:32,ICBP,RG,9450,5,F,SQ,XC,D
10:22:24,ICBP,RG,9475,1,D,BB,ZP,F
10:22:24,ICBP,RG,9450,1,F,SQ,XC,D
10:22:17,ICBP,RG,9450,40,F,SQ,PD,D
10:22:11,ICBP,RG,9475,1,D,BB,ZP,F
10:22:11,ICBP,RG,9475,1,D,BB,ZP,F
10:22:11,ICBP,RG,9475,1,D,BB,ZP,F
10:21:24,ICBP,RG,9475,9,D,BB,ZP,F
10:20:55,ICBP,RG,9475,4,D,BB,ZP,F
10:20:55,ICBP,RG,9475,1,D,XC,ZP,F
10:20:36,ICBP,RG,9475,1,D,BB,ZP,F
10:20:36,ICBP,RG,9475,1,D,BB,ZP,F
10:20:32,ICBP,RG,9475,1,D,BB,ZP,F
10:20:25,ICBP,RG,9475,1,D,BB,ZP,F
10:20:23,ICBP,RG,9475,2,D,BB,ZP,F
10:20:21,ICBP,RG,9475,2,D,BB,ZP,F
10:20:21,ICBP,RG,9475,2,D,BB,ZP,F
10:20:18,ICBP,RG,9450,20,F,SQ,YP,D
10:20:17,ICBP,RG,9475,1,D,BB,ZP,F
10:20:13,ICBP,RG,9450,30,F,SQ,PD,D
10:20:06,ICBP,RG,9450,1,F,SQ,NI,D
10:19:42,ICBP,RG,9450,1,F,SQ,SS,D
10:19:22,ICBP,RG,9475,1,D,BB,ZP,F
10:19:22,ICBP,RG,9475,1,D,BB,ZP,F
10:19:22,ICBP,RG,9475,1,D,BB,ZP,F
10:19:22,ICBP,RG,9475,2,D,ZP,ZP,F
10:18:39,ICBP,RG,9475,4,D,BB,ZP,F
10:18:39,ICBP,RG,9475,1,D,BB,OD,D
10:18:29,ICBP,RG,9475,4,D,BB,OD,D
10:18:29,ICBP,RG,9475,7,D,BB,OD,D
10:18:29,ICBP,RG,9475,1,D,XC,OD,D
10:18:27,ICBP,RG,9475,8,D,BB,OD,D
10:18:25,ICBP,RG,9475,1,D,BB,OD,D
10:18:24,ICBP,RG,9475,2,D,BB,OD,D
10:18:23,ICBP,RG,9475,2,D,BB,OD,D
10:18:23,ICBP,RG,9475,1,F,ZP,OD,D
10:18:23,ICBP,RG,9475,1,D,XL,OD,D
10:18:18,ICBP,RG,9475,12,D,XL,OD,D
10:18:15,ICBP,RG,9475,1,D,XL,AK,F
10:18:15,ICBP,RG,9475,6,D,XL,AK,F
10:18:15,ICBP,RG,9475,33,D,XL,AK,F
10:18:15,ICBP,RG,9475,2,D,BB,AK,F
10:18:15,ICBP,RG,9475,9,D,BB,AK,F
10:18:15,ICBP,RG,9475,2,D,BB,AK,F
10:18:15,ICBP,RG,9475,4,D,BB,AK,F
10:18:15,ICBP,RG,9475,10,D,BB,AK,F
10:18:15,ICBP,RG,9475,14,D,BB,BK,F
10:18:15,ICBP,RG,9475,11,D,BB,BK,F
10:18:15,ICBP,RG,9475,11,D,BB,BK,F
10:18:15,ICBP,RG,9475,3,D,XC,BK,F
10:18:15,ICBP,RG,9475,1,D,YP,BK,F
10:18:15,ICBP,RG,9475,11,D,PD,BK,F
10:18:15,ICBP,RG,9475,20,F,AK,BK,F
10:18:15,ICBP,RG,9475,12,D,BB,BK,F
10:18:15,ICBP,RG,9475,17,D,BB,BK,F
10:18:15,ICBP,RG,9500,1,D,BB,YP,D
10:18:15,ICBP,RG,9500,1,D,BB,YP,D
10:18:15,ICBP,RG,9475,28,D,BB,OD,D
10:18:15,ICBP,RG,9475,48,D,BB,OD,D
10:18:15,ICBP,RG,9475,1,D,BB,OD,D
10:18:15,ICBP,RG,9475,12,D,BB,OD,D
10:18:15,ICBP,RG,9475,16,D,BB,OD,D
10:18:06,ICBP,RG,9475,1,D,BB,YP,D
10:17:57,ICBP,RG,9475,15,D,BB,DH,D
10:17:56,ICBP,RG,9500,1,D,BB,YP,D
10:17:56,ICBP,RG,9475,1,D,BB,NI,D
10:17:33,ICBP,RG,9500,1,F,ZP,YP,D
10:17:31,ICBP,RG,9500,1,D,BB,YP,D
10:17:09,ICBP,RG,9475,2,D,BB,NI,D
10:17:07,ICBP,RG,9500,1,D,BB,YP,D
10:17:07,ICBP,RG,9475,10,D,BB,XC,D
10:16:58,ICBP,RG,9500,1,D,BB,YP,D
10:16:56,ICBP,RG,9500,1,D,PD,YP,D
10:16:11,ICBP,RG,9500,1,F,ZP,YP,D
10:16:09,ICBP,RG,9475,1,D,BB,XC,D
10:16:08,ICBP,RG,9500,1,D,BB,YP,D
10:16:04,ICBP,RG,9475,3,D,BB,SQ,D
10:16:04,ICBP,RG,9475,8,D,BB,SQ,D
10:15:56,ICBP,RG,9500,1,F,ZP,YP,D
10:15:55,ICBP,RG,9475,5,D,BB,SQ,D
10:15:27,ICBP,RG,9500,1,D,CC,YP,D
10:14:59,ICBP,RG,9500,13,F,ZP,YP,D
10:14:58,ICBP,RG,9475,5,D,BB,DR,D
10:14:58,ICBP,RG,9475,43,D,BB,DR,D
10:14:58,ICBP,RG,9475,2,D,BB,DR,D
10:14:58,ICBP,RG,9475,59,D,BB,DR,D
10:14:58,ICBP,RG,9475,1,D,BB,DR,D
10:14:58,ICBP,RG,9475,3,D,XL,DR,D
10:14:58,ICBP,RG,9475,12,D,BB,DR,D
10:14:58,ICBP,RG,9475,12,D,BB,DR,D
10:14:58,ICBP,RG,9475,16,D,BB,DR,D
10:14:58,ICBP,RG,9475,13,D,BB,DR,D
10:14:58,ICBP,RG,9475,12,D,BB,DR,D
10:14:58,ICBP,RG,9475,19,F,ZP,DR,D
10:14:58,ICBP,RG,9475,5,D,YB,DR,D
10:14:58,ICBP,RG,9475,5,D,BB,DR,D
10:14:58,ICBP,RG,9475,3,D,BB,DR,D
10:14:58,ICBP,RG,9475,3,D,BB,DR,D
10:14:58,ICBP,RG,9475,7,D,BB,DR,D
10:14:30,ICBP,RG,9500,1,D,BB,YP,D
10:14:30,ICBP,RG,9475,2,D,BB,DX,D
10:14:27,ICBP,RG,9500,2,D,BB,YP,D
10:14:25,ICBP,RG,9500,2,D,BB,YP,D
10:14:25,ICBP,RG,9500,2,D,BB,YP,D
10:14:25,ICBP,RG,9500,2,D,BB,YP,D
10:14:25,ICBP,RG,9500,1,D,BB,YP,D
10:14:25,ICBP,RG,9500,2,D,BB,YP,D
10:14:20,ICBP,RG,9500,1,D,BB,YP,D
10:14:20,ICBP,RG,9500,34,F,ZP,YP,D
10:14:04,ICBP,RG,9500,1,D,XC,YP,D
10:14:04,ICBP,RG,9500,1,D,BB,YP,D
10:14:04,ICBP,RG,9500,1,D,BB,YP,D
10:13:47,ICBP,RG,9500,1,D,BB,YP,D
10:13:47,ICBP,RG,9500,1,D,BB,YP,D
10:13:39,ICBP,RG,9500,2,D,BB,YP,D
10:13:39,ICBP,RG,9500,1,D,BB,YP,D
10:13:39,ICBP,RG,9500,1,D,BB,YP,D
10:13:39,ICBP,RG,9500,1,D,BB,YP,D
10:13:18,ICBP,RG,9500,1,D,BB,YP,D
10:13:18,ICBP,RG,9500,1,D,BB,YP,D
10:13:18,ICBP,RG,9475,3,D,BB,NI,D
10:13:15,ICBP,RG,9475,2,D,BB,KK,D
10:13:13,ICBP,RG,9475,1,D,BB,EP,D
10:13:13,ICBP,RG,9475,9,D,BB,EP,D
10:13:11,ICBP,RG,9475,1,D,BB,CC,D
10:13:11,ICBP,RG,9475,4,F,AK,CC,D
10:13:03,ICBP,RG,9500,1,D,BB,PD,D
10:13:03,ICBP,RG,9500,1,D,BB,CC,D
10:12:57,ICBP,RG,9500,1,D,BB,CC,D
10:12:53,ICBP,RG,9500,1,D,BB,CC,D
10:12:53,ICBP,RG,9500,2,D,BB,CC,D
10:12:53,ICBP,RG,9500,1,D,BB,PD,D
10:12:53,ICBP,RG,9500,5,D,BB,YP,D
10:12:53,ICBP,RG,9500,4,D,BB,PD,D
10:12:53,ICBP,RG,9500,6,D,BB,PD,D
10:12:53,ICBP,RG,9500,8,D,BB,PD,D
10:12:53,ICBP,RG,9500,7,D,BB,PD,D
10:12:53,ICBP,RG,9500,8,D,BB,PD,D
10:12:48,ICBP,RG,9475,18,F,AK,OD,D
10:12:48,ICBP,RG,9475,2,D,BB,OD,D
10:12:48,ICBP,RG,9475,8,D,BB,OD,D
10:12:48,ICBP,RG,9500,1,D,BB,PD,D
10:12:48,ICBP,RG,9475,1,D,BB,OD,D
10:12:48,ICBP,RG,9475,11,D,BB,OD,D
10:12:48,ICBP,RG,9475,29,D,BB,OD,D
10:12:48,ICBP,RG,9475,35,D,BB,OD,D
10:12:48,ICBP,RG,9475,41,D,BB,OD,D
10:12:44,ICBP,RG,9500,1,D,BB,PD,D
10:12:39,ICBP,RG,9500,1,D,BB,PD,D
10:12:39,ICBP,RG,9500,1,D,BB,PD,D
10:12:26,ICBP,RG,9500,1,D,BB,PD,D
10:12:26,ICBP,RG,9500,1,D,BB,PD,D
10:12:26,ICBP,RG,9500,1,D,BB,PD,D
10:12:26,ICBP,RG,9500,1,D,BB,PD,D
10:12:14,ICBP,RG,9500,1,D,BB,PD,D
10:12:14,ICBP,RG,9500,1,D,BB,PD,D
10:12:14,ICBP,RG,9500,1,D,BB,PD,D
10:12:14,ICBP,RG,9500,1,D,BB,PD,D
10:12:14,ICBP,RG,9500,1,D,BB,PD,D
10:12:14,ICBP,RG,9500,1,D,BB,PD,D
10:12:07,ICBP,RG,9500,1,D,BB,PD,D
10:12:01,ICBP,RG,9500,1,D,BB,PD,D
10:12:01,ICBP,RG,9500,1,D,BB,PD,D
10:12:01,ICBP,RG,9500,1,D,BB,XC,D
10:12:01,ICBP,RG,9500,2,D,BB,CC,D
10:12:01,ICBP,RG,9500,5,D,BB,CC,D
10:12:01,ICBP,RG,9500,1,D,BB,CC,D
10:12:01,ICBP,RG,9500,1,D,BB,CC,D
10:12:01,ICBP,RG,9500,1,D,BB,CC,D
10:12:01,ICBP,RG,9500,1,D,PD,CC,D
10:11:21,ICBP,RG,9500,4,D,BB,CC,D
10:11:21,ICBP,RG,9500,3,D,BB,CC,D
10:11:21,ICBP,RG,9500,1,D,BB,CC,D
10:11:21,ICBP,RG,9500,3,D,BB,CC,D
10:11:21,ICBP,RG,9500,1,D,BB,CC,D
10:11:15,ICBP,RG,9500,2,D,BB,CC,D
10:11:15,ICBP,RG,9500,1,D,BB,PD,D
10:11:15,ICBP,RG,9500,1,D,BB,KK,D
10:11:15,ICBP,RG,9500,1,D,BB,PD,D
10:11:15,ICBP,RG,9500,3,D,BB,YP,D
10:11:15,ICBP,RG,9500,2,D,BB,YP,D
10:11:15,ICBP,RG,9500,1,D,BB,YP,D
10:11:15,ICBP,RG,9500,4,D,BB,YP,D
10:11:01,ICBP,RG,9500,1,D,BB,DH,D
10:11:01,ICBP,RG,9500,20,D,BB,DH,D
10:11:01,ICBP,RG,9500,2,D,BB,DH,D
10:11:01,ICBP,RG,9500,1,D,BB,DH,D
10:11:01,ICBP,RG,9500,5,D,DH,DH,D
10:10:58,ICBP,RG,9500,8,D,BB,DH,D
10:10:58,ICBP,RG,9500,1,D,BB,DH,D
10:10:58,ICBP,RG,9500,10,D,BB,DH,D
10:10:58,ICBP,RG,9500,5,D,BB,DH,D
10:10:58,ICBP,RG,9500,18,D,BB,DH,D
10:10:58,ICBP,RG,9500,15,D,BB,DH,D
10:10:26,ICBP,RG,9500,1,D,BB,DH,D
10:10:26,ICBP,RG,9500,1,D,BB,DH,D
10:10:15,ICBP,RG,9500,2,D,BB,DH,D
10:10:15,ICBP,RG,9500,1,D,BB,DH,D
10:10:15,ICBP,RG,9500,1,D,BB,DH,D
10:10:15,ICBP,RG,9500,2,D,BB,DH,D
10:10:05,ICBP,RG,9500,1,D,BB,DH,D
10:10:05,ICBP,RG,9500,1,D,BB,DH,D
10:10:05,ICBP,RG,9500,1,D,BB,DH,D
10:09:59,ICBP,RG,9500,1,D,BB,DH,D
10:09:59,ICBP,RG,9500,1,D,BB,DH,D
10:09:59,ICBP,RG,9500,1,D,BB,DH,D
10:09:59,ICBP,RG,9475,8,D,BB,KI,D
10:09:59,ICBP,RG,9475,12,D,BB,KI,D
10:09:50,ICBP,RG,9500,4,D,BB,DH,D
10:09:50,ICBP,RG,9500,2,D,BB,DH,D
10:09:50,ICBP,RG,9500,4,D,BB,DH,D
10:09:48,ICBP,RG,9500,4,D,BB,DH,D
10:09:48,ICBP,RG,9500,1,D,BB,DH,D
10:09:48,ICBP,RG,9500,1,D,BB,DH,D
10:09:48,ICBP,RG,9500,1,D,BB,DH,D
10:09:48,ICBP,RG,9500,3,D,BB,DH,D
10:09:40,ICBP,RG,9475,26,D,BB,LG,D
10:09:40,ICBP,RG,9475,40,D,BB,LG,D
10:09:40,ICBP,RG,9475,1,D,BB,LG,D
10:09:40,ICBP,RG,9475,1,D,BB,LG,D
10:09:40,ICBP,RG,9475,5,F,ZP,LG,D
10:09:40,ICBP,RG,9475,1,D,YP,LG,D
10:09:40,ICBP,RG,9475,1,D,BB,LG,D
10:09:40,ICBP,RG,9475,1,D,BB,LG,D
10:09:40,ICBP,RG,9475,1,D,BB,LG,D
10:09:40,ICBP,RG,9475,1,D,BB,LG,D
10:09:40,ICBP,RG,9475,5,D,LS,LG,D
10:09:40,ICBP,RG,9475,1,D,KK,LG,D
10:09:40,ICBP,RG,9475,1,D,BB,LG,D
10:09:40,ICBP,RG,9475,15,F,ZP,LG,D
10:08:58,ICBP,RG,9500,1,D,BB,DH,D
10:08:58,ICBP,RG,9500,1,D,BB,DH,D
10:08:58,ICBP,RG,9500,1,D,BB,DH,D
10:08:58,ICBP,RG,9500,1,D,BB,DH,D
10:08:47,ICBP,RG,9500,1,D,BB,DH,D
10:08:47,ICBP,RG,9500,2,D,PD,DH,D
10:08:43,ICBP,RG,9500,1,D,BB,DH,D
10:08:43,ICBP,RG,9500,3,D,CC,DH,D
10:07:27,ICBP,RG,9500,1,D,BB,DH,D
10:07:27,ICBP,RG,9500,1,D,BB,DH,D
10:07:27,ICBP,RG,9500,1,D,BB,DH,D
10:07:27,ICBP,RG,9500,1,D,BB,DH,D
10:07:14,ICBP,RG,9500,1,D,BB,DH,D
10:07:14,ICBP,RG,9500,1,D,BB,DH,D
10:07:14,ICBP,RG,9500,2,D,BB,DH,D
10:07:14,ICBP,RG,9500,1,D,BB,DH,D
10:07:14,ICBP,RG,9500,1,D,BB,DH,D
10:07:14,ICBP,RG,9500,1,D,BB,DH,D
10:07:14,ICBP,RG,9500,1,D,BB,DH,D
10:07:14,ICBP,RG,9500,1,D,BB,DH,D
10:06:33,ICBP,RG,9500,1,D,BB,DH,D
10:06:33,ICBP,RG,9500,1,D,BB,DH,D
10:06:17,ICBP,RG,9500,1,D,BB,DH,D
10:06:16,ICBP,RG,9500,1,D,BB,DH,D
10:06:16,ICBP,RG,9500,1,F,ZP,DH,D
10:06:15,ICBP,RG,9500,1,D,BB,DH,D
10:06:15,ICBP,RG,9500,1,D,BB,DH,D
10:06:15,ICBP,RG,9500,2,D,BB,DH,D
10:06:15,ICBP,RG,9500,1,D,BB,DH,D
10:06:15,ICBP,RG,9500,2,D,BB,DH,D
10:06:05,ICBP,RG,9500,1,D,BB,DH,D
10:06:05,ICBP,RG,9500,3,D,BB,DH,D
10:06:03,ICBP,RG,9500,3,D,BB,DH,D
10:06:02,ICBP,RG,9500,1,D,BB,DH,D
10:06:02,ICBP,RG,9500,3,D,BB,DH,D
10:06:02,ICBP,RG,9500,4,F,ZP,DH,D
10:06:00,ICBP,RG,9500,57,D,BB,DH,D
10:06:00,ICBP,RG,9500,1,D,BB,DH,D
10:05:56,ICBP,RG,9500,1,D,BB,DH,D
10:05:53,ICBP,RG,9500,3,D,BB,DH,D
10:05:53,ICBP,RG,9500,1,F,ZP,DH,D
10:05:52,ICBP,RG,9500,2,D,BB,DH,D
10:05:52,ICBP,RG,9500,10,D,BB,DH,D
10:05:52,ICBP,RG,9475,1,F,ZP,AK,F
10:05:52,ICBP,RG,9500,1,D,BB,DH,D
10:05:51,ICBP,RG,9475,2,F,ZP,AK,F
10:05:51,ICBP,RG,9475,2,F,ZP,AK,F
10:05:51,ICBP,RG,9500,1,F,ZP,DH,D
10:05:51,ICBP,RG,9500,1,F,ZP,DH,D
10:05:50,ICBP,RG,9475,4,F,ZP,AK,F
10:05:50,ICBP,RG,9500,1,D,BB,DH,D
10:05:50,ICBP,RG,9500,3,F,ZP,DH,D
10:05:46,ICBP,RG,9500,20,D,BB,DH,D
10:05:44,ICBP,RG,9500,6,D,BB,DH,D
10:05:43,ICBP,RG,9500,5,D,BB,DH,D
10:05:43,ICBP,RG,9500,12,D,BB,DH,D
10:05:43,ICBP,RG,9500,5,D,BB,DH,D
10:05:43,ICBP,RG,9475,10,D,BB,ZP,F
10:05:43,ICBP,RG,9475,3,D,BB,ZP,F
10:05:43,ICBP,RG,9475,9,D,BB,ZP,F
10:05:43,ICBP,RG,9475,7,D,BB,AK,F
10:05:40,ICBP,RG,9475,5,F,ZP,LG,D
10:05:40,ICBP,RG,9475,14,F,ZP,BK,F
10:05:38,ICBP,RG,9475,1,D,BB,BK,F
10:05:38,ICBP,RG,9475,1,D,BB,BK,F
10:05:38,ICBP,RG,9475,1,D,BB,BK,F
10:05:38,ICBP,RG,9475,49,D,BB,BK,F
10:05:38,ICBP,RG,9475,18,D,BB,BK,F
10:05:38,ICBP,RG,9475,5,D,BB,BK,F
10:05:38,ICBP,RG,9475,13,D,BB,AK,F
10:05:38,ICBP,RG,9475,5,D,BB,PD,D
10:05:38,ICBP,RG,9475,4,D,BB,AK,F
10:05:38,ICBP,RG,9475,10,D,BB,PD,D
10:05:38,ICBP,RG,9475,14,D,BB,XC,D
10:05:38,ICBP,RG,9475,1,D,BB,XC,D
10:05:38,ICBP,RG,9475,6,D,BB,XC,D
10:05:38,ICBP,RG,9475,1,D,BB,YP,D
10:05:38,ICBP,RG,9475,28,D,BB,OD,D
10:05:38,ICBP,RG,9475,9,D,BB,OD,D
10:05:38,ICBP,RG,9475,3,D,BB,OD,D
10:05:38,ICBP,RG,9475,4,D,BB,AK,F
10:05:38,ICBP,RG,9475,6,D,BB,OD,D
10:05:38,ICBP,RG,9475,2,D,BB,OD,D
10:05:38,ICBP,RG,9475,1,D,BB,OD,D
10:05:38,ICBP,RG,9475,12,D,BB,OD,D
10:05:38,ICBP,RG,9475,61,D,BB,OD,D
10:05:38,ICBP,RG,9475,23,D,BB,OD,D
10:05:38,ICBP,RG,9475,7,D,BB,DR,D
10:05:38,ICBP,RG,9475,5,D,BB,YP,D
10:05:38,ICBP,RG,9475,1,D,BB,XC,D
10:05:38,ICBP,RG,9475,1,D,BB,CC,D
10:05:38,ICBP,RG,9475,2,D,BB,CC,D
10:05:38,ICBP,RG,9475,8,D,BB,ZP,F
10:05:10,ICBP,RG,9475,1,D,PD,ZP,F
10:05:08,ICBP,RG,9475,1,F,ZP,ZP,F
10:05:07,ICBP,RG,9475,1,D,BB,ZP,F
10:05:07,ICBP,RG,9475,1,D,BB,ZP,F
10:05:07,ICBP,RG,9475,1,D,BB,ZP,F
10:05:07,ICBP,RG,9475,1,D,BB,ZP,F
10:05:07,ICBP,RG,9475,1,D,BB,ZP,F
10:05:00,ICBP,RG,9475,2,D,BB,ZP,F
10:04:55,ICBP,RG,9475,1,F,ZP,ZP,F
10:04:53,ICBP,RG,9475,4,D,BB,ZP,F
10:04:53,ICBP,RG,9475,1,D,BB,ZP,F
10:04:53,ICBP,RG,9475,1,D,BB,ZP,F
10:04:53,ICBP,RG,9475,2,D,BB,ZP,F
10:04:53,ICBP,RG,9475,1,D,BB,ZP,F
10:04:53,ICBP,RG,9475,3,D,BB,ZP,F
10:04:53,ICBP,RG,9475,4,D,BB,AK,F
10:04:47,ICBP,RG,9475,2,D,BB,AK,F
10:04:47,ICBP,RG,9475,1,D,BB,AK,F
10:04:47,ICBP,RG,9475,3,D,PD,AK,F
10:04:47,ICBP,RG,9475,3,D,PD,AK,F
10:04:43,ICBP,RG,9475,10,F,ZP,AK,F
10:04:43,ICBP,RG,9475,2,F,ZP,BK,F
10:04:43,ICBP,RG,9475,39,F,ZP,NI,D
10:04:41,ICBP,RG,9475,2,D,BB,NI,D
10:04:36,ICBP,RG,9475,1,D,BB,NI,D
10:04:36,ICBP,RG,9475,1,D,BB,NI,D
10:04:36,ICBP,RG,9475,1,D,BB,NI,D
10:04:30,ICBP,RG,9475,3,D,BB,NI,D
10:04:27,ICBP,RG,9475,1,D,BB,NI,D
10:04:26,ICBP,RG,9475,1,D,BB,NI,D
10:04:26,ICBP,RG,9475,2,D,BB,NI,D
10:04:26,ICBP,RG,9475,1,D,BB,NI,D
10:04:21,ICBP,RG,9450,35,F,SQ,LG,D
10:04:17,ICBP,RG,9475,1,D,BB,NI,D
10:04:09,ICBP,RG,9475,1,D,BB,NI,D
10:04:09,ICBP,RG,9475,1,D,BB,NI,D
10:04:06,ICBP,RG,9475,1,D,BB,NI,D
10:03:57,ICBP,RG,9475,1,D,BQ,NI,D
10:03:55,ICBP,RG,9475,1,D,BB,NI,D
10:03:55,ICBP,RG,9475,1,D,BB,NI,D
10:03:48,ICBP,RG,9475,3,D,BB,NI,D
10:03:48,ICBP,RG,9475,1,D,BB,NI,D
10:03:48,ICBP,RG,9475,1,D,BB,NI,D
10:03:48,ICBP,RG,9475,5,D,BB,NI,D
10:03:41,ICBP,RG,9475,3,D,BB,NI,D
10:03:41,ICBP,RG,9475,4,D,BB,NI,D
10:03:39,ICBP,RG,9475,1,D,NI,NI,D
10:03:39,ICBP,RG,9450,1,F,SQ,XL,D
10:03:39,ICBP,RG,9450,7,F,SQ,PD,D
10:03:37,ICBP,RG,9475,2,D,BB,NI,D
10:03:37,ICBP,RG,9475,3,D,BB,NI,D
10:03:37,ICBP,RG,9475,1,D,BB,NI,D
10:03:37,ICBP,RG,9475,2,D,BB,NI,D
10:03:37,ICBP,RG,9475,2,D,BB,AK,F
10:03:33,ICBP,RG,9475,1,D,BB,AK,F
10:03:31,ICBP,RG,9475,25,F,AK,ZP,F
10:03:31,ICBP,RG,9475,19,F,AK,AK,F
10:03:31,ICBP,RG,9475,1,F,AK,XC,D
10:03:31,ICBP,RG,9475,1,D,BB,XC,D
10:03:31,ICBP,RG,9475,2,D,BB,XC,D
10:03:31,ICBP,RG,9475,2,D,BB,XC,D
10:03:30,ICBP,RG,9475,2,D,BB,XC,D
10:03:30,ICBP,RG,9475,1,D,BB,XC,D
10:03:30,ICBP,RG,9475,2,D,BB,XC,D
10:03:30,ICBP,RG,9475,1,D,BB,XC,D
10:03:22,ICBP,RG,9475,6,D,BB,XC,D
10:03:22,ICBP,RG,9475,8,D,BB,XC,D
10:03:22,ICBP,RG,9475,1,D,BB,XC,D
10:03:22,ICBP,RG,9475,1,D,BB,XC,D
10:03:22,ICBP,RG,9475,5,D,BB,XC,D
10:03:22,ICBP,RG,9475,1,D,BB,XC,D
10:03:22,ICBP,RG,9475,16,D,BB,XC,D
10:03:22,ICBP,RG,9475,7,D,BB,XL,D
10:03:17,ICBP,RG,9475,4,D,BB,XL,D
10:03:17,ICBP,RG,9475,1,D,BB,YP,D
10:03:17,ICBP,RG,9475,8,D,BB,KK,D
10:03:17,ICBP,RG,9475,10,D,BB,KK,D
10:03:17,ICBP,RG,9475,3,D,BB,PD,D
10:03:17,ICBP,RG,9475,2,D,BB,DH,D
10:03:15,ICBP,RG,9475,5,D,BB,NI,D
10:03:15,ICBP,RG,9475,17,D,BB,ZP,D
10:03:11,ICBP,RG,9475,8,D,BB,ZP,D
10:03:11,ICBP,RG,9475,8,D,BB,ZP,F
10:03:10,ICBP,RG,9475,19,D,BB,ZP,F
10:03:10,ICBP,RG,9475,28,D,CC,ZP,F
10:03:10,ICBP,RG,9475,10,D,CC,YP,D
10:03:10,ICBP,RG,9475,2,D,CC,DX,D
10:03:10,ICBP,RG,9475,12,D,CC,OD,D
10:03:10,ICBP,RG,9475,28,D,CC,OD,D
10:03:10,ICBP,RG,9475,5,D,CC,CC,D
10:03:10,ICBP,RG,9475,105,D,CC,OD,D
10:03:10,ICBP,RG,9475,3,D,CC,DH,D
10:03:10,ICBP,RG,9475,4,D,CC,YP,D
10:03:10,ICBP,RG,9475,7,D,CC,EP,D
10:03:10,ICBP,RG,9475,1,D,CC,AK,F
10:03:10,ICBP,RG,9475,10,D,CC,YP,D
10:03:10,ICBP,RG,9475,2,D,CC,XC,D
10:03:10,ICBP,RG,9475,8,D,CC,AK,F
10:03:10,ICBP,RG,9475,1,D,CC,IP,D
10:03:10,ICBP,RG,9475,24,D,CC,CC,D
10:03:10,ICBP,RG,9475,18,D,CC,ZP,F
10:03:10,ICBP,RG,9475,12,D,CC,XC,D
10:03:10,ICBP,RG,9475,2,D,CC,DX,D
10:03:10,ICBP,RG,9475,15,D,CC,AK,F
10:03:10,ICBP,RG,9475,147,D,CC,BK,F
10:03:09,ICBP,RG,9450,6,F,SQ,DH,D
10:02:52,ICBP,RG,9450,1,F,SQ,YP,D
10:02:52,ICBP,RG,9450,1,F,SQ,NI,D
10:02:40,ICBP,RG,9450,4,F,SQ,PD,D
10:02:13,ICBP,RG,9475,1,D,BB,BK,F
10:02:13,ICBP,RG,9475,2,D,BB,BK,F
10:02:13,ICBP,RG,9475,1,D,BB,BK,F
10:02:13,ICBP,RG,9475,1,D,BB,BK,F
10:02:13,ICBP,RG,9475,1,D,BB,BK,F
10:02:13,ICBP,RG,9475,1,D,BB,BK,F
10:01:49,ICBP,RG,9475,1,D,BB,BK,F
10:01:49,ICBP,RG,9475,1,D,BB,BK,F
10:01:49,ICBP,RG,9450,5,F,SQ,YP,D
10:01:42,ICBP,RG,9475,1,D,BB,BK,F
10:01:39,ICBP,RG,9475,1,D,BB,BK,F
10:01:29,ICBP,RG,9475,1,D,BB,BK,F
10:01:26,ICBP,RG,9475,1,D,BB,BK,F
10:01:26,ICBP,RG,9475,1,D,BB,BK,F
10:01:26,ICBP,RG,9475,1,D,BB,BK,F
10:01:15,ICBP,RG,9475,1,D,BB,BK,F
10:01:15,ICBP,RG,9475,1,D,BB,BK,F
10:01:15,ICBP,RG,9475,1,D,BB,BK,F
10:01:15,ICBP,RG,9450,3,F,SQ,PD,D
10:01:03,ICBP,RG,9475,1,D,BB,BK,F
10:00:44,ICBP,RG,9475,1,D,BB,BK,F
10:00:44,ICBP,RG,9475,1,D,BB,BK,F
10:00:44,ICBP,RG,9475,1,D,BB,BK,F
10:00:44,ICBP,RG,9475,1,D,BB,BK,F
10:00:44,ICBP,RG,9475,1,D,BB,BK,F
10:00:44,ICBP,RG,9475,1,D,BB,BK,F
10:00:25,ICBP,RG,9475,1,D,BB,BK,F
10:00:25,ICBP,RG,9475,1,D,BB,BK,F
10:00:25,ICBP,RG,9475,1,D,LG,BK,F
10:00:21,ICBP,RG,9475,1,D,BB,BK,F
10:00:19,ICBP,RG,9475,1,D,BB,BK,F
10:00:19,ICBP,RG,9475,2,D,BB,BK,F
10:00:19,ICBP,RG,9475,1,D,BB,ZP,F
10:00:19,ICBP,RG,9475,1,D,BB,ZP,F
10:00:19,ICBP,RG,9475,1,D,BB,ZP,F
10:00:19,ICBP,RG,9475,1,D,BB,ZP,F
09:59:55,ICBP,RG,9475,1,D,BB,ZP,F
09:59:55,ICBP,RG,9475,1,D,BB,ZP,F
09:59:55,ICBP,RG,9475,1,D,BB,ZP,F
09:59:55,ICBP,RG,9450,6,F,SQ,KK,D
09:59:34,ICBP,RG,9475,1,D,DR,ZP,F
09:59:22,ICBP,RG,9475,1,D,BB,ZP,F
09:59:19,ICBP,RG,9450,3,F,SQ,PD,D
09:59:19,ICBP,RG,9475,1,D,BB,ZP,F
09:59:13,ICBP,RG,9475,1,D,BB,ZP,F
09:59:13,ICBP,RG,9475,1,D,BB,ZP,F
09:58:56,ICBP,RG,9475,1,D,BB,ZP,F
09:58:56,ICBP,RG,9475,1,D,BB,ZP,F
09:58:56,ICBP,RG,9475,1,D,BB,ZP,F
09:58:46,ICBP,RG,9475,1,D,BB,ZP,F
09:58:45,ICBP,RG,9475,1,D,BB,ZP,F
09:58:45,ICBP,RG,9475,1,F,ZP,ZP,F
09:58:44,ICBP,RG,9475,1,D,BB,ZP,F
09:58:44,ICBP,RG,9475,1,D,BB,LG,D
09:58:44,ICBP,RG,9475,1,D,BB,LG,D
09:58:38,ICBP,RG,9475,1,D,BB,AK,F
09:58:38,ICBP,RG,9475,1,D,BB,AK,F
09:58:38,ICBP,RG,9475,1,D,BB,AK,F
09:58:38,ICBP,RG,9475,1,D,BB,AK,F
09:58:38,ICBP,RG,9475,1,D,XC,AK,F
09:58:35,ICBP,RG,9475,2,F,ZP,AK,F
09:58:35,ICBP,RG,9475,9,F,ZP,PD,D
09:58:35,ICBP,RG,9475,3,F,ZP,DX,D
09:58:35,ICBP,RG,9475,2,F,ZP,ZP,F
09:58:26,ICBP,RG,9475,1,D,BB,ZP,F
09:58:26,ICBP,RG,9475,1,D,BB,ZP,F
09:58:26,ICBP,RG,9475,1,D,BB,ZP,F
09:58:26,ICBP,RG,9475,2,D,BB,ZP,F
09:58:26,ICBP,RG,9475,1,D,BB,ZP,F
09:58:01,ICBP,RG,9475,1,D,BB,ZP,F
09:57:56,ICBP,RG,9475,1,D,BB,ZP,F
09:57:33,ICBP,RG,9475,1,F,ZP,ZP,F
09:57:31,ICBP,RG,9475,1,D,BB,ZP,F
09:57:31,ICBP,RG,9475,3,D,BB,ZP,F
09:57:31,ICBP,RG,9475,2,D,BB,ZP,F
09:57:31,ICBP,RG,9475,2,D,BB,ZP,F
09:57:31,ICBP,RG,9475,2,D,BB,ZP,F
09:57:31,ICBP,RG,9475,1,D,BB,ZP,F
09:57:20,ICBP,RG,9475,2,D,BB,ZP,F
09:57:20,ICBP,RG,9475,1,D,BB,ZP,F
09:57:20,ICBP,RG,9475,1,D,BB,ZP,F
09:57:20,ICBP,RG,9475,1,D,BB,KK,D
09:57:20,ICBP,RG,9475,20,F,ZP,XC,D
09:57:20,ICBP,RG,9475,9,F,ZP,BK,F
09:57:13,ICBP,RG,9475,1,D,BB,BK,F
09:57:13,ICBP,RG,9475,1,D,BB,BK,F
09:57:13,ICBP,RG,9475,1,D,BB,BK,F
09:57:13,ICBP,RG,9475,1,D,BB,BK,F
09:57:13,ICBP,RG,9475,1,D,BB,BK,F
09:57:13,ICBP,RG,9475,1,D,BB,ZP,F
09:57:13,ICBP,RG,9475,11,D,PD,ZP,F
09:56:50,ICBP,RG,9475,1,D,BB,ZP,F
09:56:50,ICBP,RG,9475,1,D,BB,ZP,F
09:56:50,ICBP,RG,9475,2,D,BB,ZP,F
09:56:50,ICBP,RG,9475,1,D,PD,ZP,F
09:56:39,ICBP,RG,9475,1,D,BB,ZP,F
09:56:39,ICBP,RG,9475,2,D,BB,ZP,F
09:56:39,ICBP,RG,9475,1,D,BB,ZP,F
09:56:39,ICBP,RG,9475,1,D,BB,ZP,F
09:56:39,ICBP,RG,9475,1,D,BB,ZP,F
09:56:39,ICBP,RG,9475,2,D,BB,ZP,F
09:56:24,ICBP,RG,9475,1,D,BB,AK,F
09:56:24,ICBP,RG,9475,1,D,BB,CP,D
09:56:24,ICBP,RG,9475,1,D,BB,KK,D
09:56:24,ICBP,RG,9450,3,F,SQ,PD,D
09:56:17,ICBP,RG,9475,2,D,BB,KK,D
09:56:17,ICBP,RG,9475,1,D,BB,KK,D
09:56:17,ICBP,RG,9475,1,D,BB,KK,D
09:56:17,ICBP,RG,9475,1,D,BB,KK,D
09:56:17,ICBP,RG,9475,1,D,BB,KK,D
09:56:17,ICBP,RG,9475,1,D,BB,KK,D
09:56:17,ICBP,RG,9450,10,F,SQ,YP,D
09:56:06,ICBP,RG,9475,2,D,KK,KK,D
09:56:06,ICBP,RG,9475,1,D,KK,AK,F
09:56:05,ICBP,RG,9475,1,D,BB,AK,F
09:56:05,ICBP,RG,9475,1,D,BB,AK,F
09:56:05,ICBP,RG,9475,1,D,BB,AK,F
09:56:05,ICBP,RG,9475,1,D,BB,DX,D
09:56:04,ICBP,RG,9450,5,F,SQ,PD,D
09:55:49,ICBP,RG,9475,1,D,BB,DX,D
09:55:49,ICBP,RG,9475,1,D,BB,ZP,F
09:55:49,ICBP,RG,9450,3,F,SQ,PD,D
09:55:46,ICBP,RG,9475,3,D,XC,ZP,F
09:55:45,ICBP,RG,9475,1,D,BB,ZP,F
09:55:43,ICBP,RG,9475,2,D,BB,ZP,F
09:55:43,ICBP,RG,9475,1,D,BB,ZP,F
09:55:43,ICBP,RG,9475,2,D,BB,ZP,F
09:55:43,ICBP,RG,9475,1,D,BB,ZP,F
09:55:43,ICBP,RG,9475,2,D,BB,ZP,F
09:55:43,ICBP,RG,9475,2,D,BB,ZP,F
09:55:43,ICBP,RG,9475,2,D,BB,ZP,F
09:55:43,ICBP,RG,9475,2,D,XC,ZP,F
09:55:08,ICBP,RG,9475,1,D,BB,ZP,F
09:55:08,ICBP,RG,9475,1,D,BB,ZP,F
09:55:08,ICBP,RG,9475,1,D,BB,ZP,F
09:55:08,ICBP,RG,9475,1,D,BB,ZP,F
09:54:51,ICBP,RG,9475,1,D,BB,ZP,F
09:54:51,ICBP,RG,9475,1,D,BB,ZP,F
09:54:51,ICBP,RG,9475,1,D,BB,ZP,F
09:54:51,ICBP,RG,9475,1,D,BB,ZP,F
09:54:36,ICBP,RG,9475,1,D,BB,ZP,F
09:54:36,ICBP,RG,9475,1,D,BB,ZP,F
09:54:36,ICBP,RG,9475,1,D,XL,ZP,F
09:54:25,ICBP,RG,9475,1,D,BB,ZP,F
09:54:25,ICBP,RG,9475,1,D,BB,ZP,F
09:54:25,ICBP,RG,9475,1,D,BB,ZP,F
09:54:25,ICBP,RG,9475,1,D,BB,ZP,F
09:54:16,ICBP,RG,9475,1,D,BB,ZP,F
09:54:16,ICBP,RG,9475,1,D,BB,ZP,F
09:54:10,ICBP,RG,9475,1,D,BB,ZP,F
09:54:10,ICBP,RG,9475,2,D,KK,ZP,F
09:54:08,ICBP,RG,9475,2,D,BB,ZP,F
09:54:08,ICBP,RG,9475,1,D,BB,ZP,F
09:54:08,ICBP,RG,9475,1,D,BB,ZP,F
09:54:08,ICBP,RG,9475,1,D,BB,ZP,F
09:53:58,ICBP,RG,9475,1,D,BB,ZP,F
09:53:58,ICBP,RG,9475,1,D,BB,ZP,F
09:53:58,ICBP,RG,9475,2,D,BB,ZP,F
09:53:58,ICBP,RG,9475,2,D,BB,ZP,F
09:53:58,ICBP,RG,9475,1,D,BB,ZP,F
09:53:58,ICBP,RG,9475,1,D,BB,ZP,F
09:53:48,ICBP,RG,9475,4,D,BB,ZP,F
09:53:48,ICBP,RG,9475,1,D,BB,ZP,F
09:53:48,ICBP,RG,9475,1,D,BB,AK,F
09:53:48,ICBP,RG,9475,5,D,BB,AK,F
09:53:48,ICBP,RG,9475,3,D,BB,AK,F
09:53:48,ICBP,RG,9475,2,D,BB,AK,F
09:53:48,ICBP,RG,9475,5,D,BB,AK,F
09:53:48,ICBP,RG,9475,2,D,BB,AK,F
09:53:48,ICBP,RG,9475,1,D,BB,AK,F
09:53:48,ICBP,RG,9475,5,D,BB,AK,F
09:53:33,ICBP,RG,9475,7,D,BB,AK,F
09:53:33,ICBP,RG,9475,1,D,BB,AK,F
09:53:33,ICBP,RG,9475,1,D,BB,AK,F
09:53:33,ICBP,RG,9475,51,D,BB,AK,F
09:53:33,ICBP,RG,9475,34,D,BB,AK,F
09:53:31,ICBP,RG,9475,1,D,BB,AK,F
09:53:31,ICBP,RG,9475,1,D,BB,AK,F
09:53:31,ICBP,RG,9475,1,D,BB,AK,F
09:53:30,ICBP,RG,9475,5,D,BB,AK,F
09:53:30,ICBP,RG,9475,1,D,BB,YP,D
09:53:30,ICBP,RG,9475,40,D,BB,EP,D
09:53:30,ICBP,RG,9475,1,D,BB,XL,D
09:53:30,ICBP,RG,9475,1,D,BB,KK,D
09:53:26,ICBP,RG,9475,1,D,BB,KK,D
09:53:25,ICBP,RG,9475,4,D,BB,KK,D
09:53:25,ICBP,RG,9475,14,D,BB,OD,D
09:53:23,ICBP,RG,9475,8,D,BB,OD,D
09:53:22,ICBP,RG,9475,6,D,BB,OD,D
09:53:22,ICBP,RG,9475,12,D,BB,OD,D
09:53:22,ICBP,RG,9475,3,D,BB,OD,D
09:53:21,ICBP,RG,9475,3,D,BB,OD,D
09:53:21,ICBP,RG,9450,1,F,SQ,PD,D
09:53:21,ICBP,RG,9475,1,D,BB,OD,D
09:53:21,ICBP,RG,9475,98,D,BB,OD,D
09:53:21,ICBP,RG,9475,83,D,BB,BK,F
09:53:21,ICBP,RG,9475,68,D,BB,BK,F
09:53:21,ICBP,RG,9475,185,D,BB,BK,F
09:53:21,ICBP,RG,9475,52,D,BB,BK,F
09:53:21,ICBP,RG,9475,41,D,BB,ZP,F
09:53:21,ICBP,RG,9475,21,D,BB,ZP,F
09:53:21,ICBP,RG,9475,23,D,BB,AK,F
09:53:21,ICBP,RG,9475,25,D,BB,SQ,D
09:53:21,ICBP,RG,9475,5,D,BB,SQ,D
09:53:21,ICBP,RG,9475,19,D,BB,SQ,D
09:53:21,ICBP,RG,9475,13,D,BB,AK,F
09:53:21,ICBP,RG,9475,1,D,BB,XC,D
09:53:21,ICBP,RG,9475,11,D,BB,CC,D
09:53:21,ICBP,RG,9475,2,D,BB,CC,D
09:53:21,ICBP,RG,9475,87,D,BB,CC,D
09:53:21,ICBP,RG,9475,1,D,BB,EP,D
09:53:21,ICBP,RG,9475,48,D,BB,OD,D
09:53:21,ICBP,RG,9475,1,D,BB,NI,D
09:53:21,ICBP,RG,9475,1,D,BB,NI,D
09:53:21,ICBP,RG,9475,3,D,BB,XC,D
09:53:21,ICBP,RG,9475,50,D,BB,CP,D
09:53:21,ICBP,RG,9475,14,D,BB,AK,F
09:53:21,ICBP,RG,9475,20,D,BB,KK,D
09:53:21,ICBP,RG,9475,8,D,BB,KK,D
09:53:21,ICBP,RG,9475,122,D,BB,KK,D
09:53:21,ICBP,RG,9475,26,D,BB,AK,F
09:53:21,ICBP,RG,9475,5,D,BB,HP,D
09:53:21,ICBP,RG,9475,10,D,BB,DH,D
09:53:21,ICBP,RG,9475,4,D,BB,YP,D
09:53:21,ICBP,RG,9475,6,D,BB,AK,F
09:53:21,ICBP,RG,9475,7,D,BB,AK,F
09:53:21,ICBP,RG,9475,12,D,BB,AK,F
09:53:21,ICBP,RG,9475,28,D,BB,GR,D
09:53:08,ICBP,RG,9450,3,F,SQ,SQ,D
09:52:49,ICBP,RG,9475,1,D,BB,GR,D
09:52:49,ICBP,RG,9450,2,F,SQ,ZP,D
09:52:22,ICBP,RG,9475,1,D,BB,GR,D
09:52:22,ICBP,RG,9475,1,D,BB,NI,D
09:51:00,ICBP,RG,9475,1,F,ZP,PD,D
09:50:58,ICBP,RG,9450,1,F,SQ,AK,F
09:50:58,ICBP,RG,9475,1,D,BB,PD,D
09:50:29,ICBP,RG,9450,1,F,SQ,PD,D
09:50:02,ICBP,RG,9450,10,F,SQ,NI,D
09:49:55,ICBP,RG,9450,1,F,SQ,NI,D
09:49:49,ICBP,RG,9475,24,F,ZP,PD,D
09:49:49,ICBP,RG,9450,2,F,SQ,AK,F
09:49:47,ICBP,RG,9475,24,F,AK,PD,D
09:49:47,ICBP,RG,9475,11,F,AK,YU,D
09:49:47,ICBP,RG,9450,5,F,SQ,XC,D
09:49:47,ICBP,RG,9450,28,F,SQ,NI,D
09:49:47,ICBP,RG,9450,1,F,SQ,NI,D
09:49:47,ICBP,RG,9450,2,F,SQ,LG,D
09:49:47,ICBP,RG,9450,1,F,SQ,YP,D
09:49:47,ICBP,RG,9450,3,F,SQ,XC,D
09:49:47,ICBP,RG,9450,40,F,SQ,BK,F
09:49:47,ICBP,RG,9450,2,F,SQ,PD,D
09:49:47,ICBP,RG,9450,3,F,SQ,CC,D
09:49:47,ICBP,RG,9450,1,F,SQ,NI,D
09:49:47,ICBP,RG,9450,25,F,SQ,SQ,D
09:49:47,ICBP,RG,9450,3,F,SQ,YP,D
09:49:47,ICBP,RG,9450,10,F,SQ,SQ,D
09:49:47,ICBP,RG,9450,17,F,SQ,ZP,F
09:49:47,ICBP,RG,9450,28,F,SQ,OD,D
09:49:47,ICBP,RG,9450,17,F,SQ,AK,F
09:49:47,ICBP,RG,9450,12,F,SQ,OD,D
09:49:47,ICBP,RG,9450,105,F,SQ,OD,D
09:49:47,ICBP,RG,9450,1,F,SQ,AK,F
09:49:47,ICBP,RG,9450,1,F,SQ,PD,D
09:49:47,ICBP,RG,9450,3,F,SQ,AK,F
09:49:47,ICBP,RG,9450,32,F,SQ,ZP,F
09:49:04,ICBP,RG,9450,1,D,BB,ZP,F
09:49:04,ICBP,RG,9450,1,D,CC,ZP,F
09:48:46,ICBP,RG,9450,2,F,ZP,ZP,F
09:48:45,ICBP,RG,9425,22,D,YB,AK,F
09:48:33,ICBP,RG,9450,1,F,ZP,ZP,F
09:48:31,ICBP,RG,9425,16,D,YB,ZP,F
09:48:30,ICBP,RG,9425,3,D,YB,CC,D
09:48:26,ICBP,RG,9425,2,D,YB,YP,D
09:48:22,ICBP,RG,9425,1,D,YB,YP,D
09:48:00,ICBP,RG,9425,2,D,YB,NI,D
09:47:37,ICBP,RG,9425,1,D,YB,XL,D
09:46:58,ICBP,RG,9450,1,F,ZP,ZP,F
09:46:57,ICBP,RG,9450,1,D,TF,ZP,F
09:46:37,ICBP,RG,9450,1,D,BB,ZP,F
09:46:35,ICBP,RG,9425,10,D,YB,YP,D
09:46:21,ICBP,RG,9450,1,F,ZP,ZP,F
09:46:19,ICBP,RG,9450,6,F,ZP,ZP,F
09:46:19,ICBP,RG,9425,3,D,YB,XC,D
09:46:19,ICBP,RG,9425,13,D,YB,XC,D
09:46:18,ICBP,RG,9450,4,F,ZP,ZP,F
09:46:18,ICBP,RG,9425,15,D,YB,KK,D
09:46:18,ICBP,RG,9425,4,D,YB,KK,D
09:46:17,ICBP,RG,9425,1,D,YB,PD,D
09:46:17,ICBP,RG,9425,7,D,YB,PD,D
09:46:17,ICBP,RG,9425,55,D,YB,PD,D
09:46:17,ICBP,RG,9425,5,D,YB,CC,D
09:46:16,ICBP,RG,9425,28,D,YB,YP,D
09:46:16,ICBP,RG,9425,1,D,PD,YP,D
09:46:16,ICBP,RG,9425,1,D,DX,YP,D
09:46:16,ICBP,RG,9425,10,D,PD,YP,D
09:46:16,ICBP,RG,9425,3,D,PD,AT,D
09:46:16,ICBP,RG,9425,1,D,EP,AT,D
09:46:16,ICBP,RG,9425,2,D,KK,AT,D
09:46:16,ICBP,RG,9425,13,D,KK,EP,D
09:46:16,ICBP,RG,9425,5,D,KK,DR,D
09:46:16,ICBP,RG,9425,2,D,KK,SQ,D
09:45:30,ICBP,RG,9450,1,D,XC,ZP,F
09:45:18,ICBP,RG,9450,11,F,ZP,ZP,F
09:45:18,ICBP,RG,9450,26,F,ZP,AK,F
09:45:16,ICBP,RG,9450,18,D,BB,AK,F
09:45:16,ICBP,RG,9450,2,D,XC,AK,F
09:45:16,ICBP,RG,9450,1,D,AT,AK,F
09:45:16,ICBP,RG,9450,1,D,XC,AK,F
09:45:16,ICBP,RG,9450,26,D,BB,AK,F
09:45:16,ICBP,RG,9450,10,D,BB,AK,F
09:45:16,ICBP,RG,9450,29,D,BB,AK,F
09:45:16,ICBP,RG,9450,6,D,BB,AK,F
09:45:16,ICBP,RG,9450,1,D,BB,AK,F
09:45:16,ICBP,RG,9450,8,D,BB,AK,F
09:45:15,ICBP,RG,9450,20,D,BB,AK,F
09:45:15,ICBP,RG,9450,45,F,AK,AK,F
09:45:15,ICBP,RG,9450,35,D,BB,AK,F
09:45:15,ICBP,RG,9450,4,D,BB,AK,F
09:45:15,ICBP,RG,9450,2,D,BB,AK,F
09:45:15,ICBP,RG,9450,5,D,BB,AK,F
09:45:15,ICBP,RG,9450,1,D,BB,AK,F
09:45:15,ICBP,RG,9450,24,D,BB,AK,F
09:45:15,ICBP,RG,9450,9,D,BB,AK,F
09:45:15,ICBP,RG,9450,2,D,BB,AK,F
09:45:15,ICBP,RG,9450,20,D,BB,AK,F
09:45:15,ICBP,RG,9450,6,D,BB,AK,F
09:45:15,ICBP,RG,9450,1,D,BB,AK,F
09:45:15,ICBP,RG,9450,25,D,BB,AK,F
09:45:15,ICBP,RG,9450,25,D,BB,AK,F
09:45:15,ICBP,RG,9450,23,D,BB,AK,F
09:45:15,ICBP,RG,9450,8,D,BB,AK,F
09:45:15,ICBP,RG,9450,1,D,BB,AK,F
09:45:15,ICBP,RG,9450,4,D,BB,AK,F
09:45:12,ICBP,RG,9475,2,D,BB,YU,D
09:45:12,ICBP,RG,9450,1,D,BB,XC,D
09:45:03,ICBP,RG,9450,1,D,BB,AK,F
09:45:03,ICBP,RG,9450,23,D,BB,AK,F
09:45:03,ICBP,RG,9450,2,F,ZP,AK,F
09:45:03,ICBP,RG,9450,2,D,YP,AK,F
09:45:03,ICBP,RG,9450,1,D,XC,AK,F
09:45:03,ICBP,RG,9450,1,D,PD,AK,F
09:45:03,ICBP,RG,9450,3,D,XC,AK,F
09:45:03,ICBP,RG,9450,1,D,BB,AK,F
09:45:03,ICBP,RG,9450,13,D,BB,AK,F
09:45:03,ICBP,RG,9450,53,D,BB,AK,F
09:45:03,ICBP,RG,9475,1,D,BQ,YU,D
09:44:55,ICBP,RG,9450,15,D,BB,AK,F
09:44:55,ICBP,RG,9450,54,D,BB,AK,F
09:44:55,ICBP,RG,9450,1,D,BB,AK,F
09:44:55,ICBP,RG,9450,20,D,BB,AK,F
09:44:55,ICBP,RG,9450,10,D,BB,AK,F
09:44:55,ICBP,RG,9450,4,D,BB,ZP,F
09:44:55,ICBP,RG,9450,16,D,BB,ZP,F
09:43:54,ICBP,RG,9475,1,F,ZP,YU,D
09:43:53,ICBP,RG,9450,10,D,BB,YP,D
09:43:51,ICBP,RG,9475,1,F,ZP,YU,D
09:43:49,ICBP,RG,9450,18,D,BB,ZP,F
09:43:39,ICBP,RG,9475,1,D,BQ,YU,D
09:43:16,ICBP,RG,9475,1,D,LG,YU,D
09:43:12,ICBP,RG,9450,1,D,BB,PD,D
09:43:09,ICBP,RG,9475,1,F,ZP,YU,D
09:43:08,ICBP,RG,9450,4,D,BB,AK,F
09:43:07,ICBP,RG,9475,1,D,BB,YU,D
09:42:36,ICBP,RG,9475,1,F,ZP,YP,D
09:42:34,ICBP,RG,9450,7,D,BB,ZP,F
09:42:34,ICBP,RG,9450,2,D,BB,ZP,F
09:42:34,ICBP,RG,9450,13,D,BB,ZP,F
09:42:00,ICBP,RG,9475,1,F,ZP,YP,D
09:41:57,ICBP,RG,9450,8,D,BB,PD,D
09:41:46,ICBP,RG,9450,1,D,BB,XC,D
09:41:46,ICBP,RG,9475,1,F,ZP,PD,D
09:41:45,ICBP,RG,9450,15,D,BB,AK,F
09:41:28,ICBP,RG,9450,2,D,BB,XC,D
09:41:24,ICBP,RG,9475,1,F,ZP,NI,D
09:41:24,ICBP,RG,9475,11,F,ZP,OD,D
09:41:03,ICBP,RG,9450,13,D,BB,ZP,F
09:41:03,ICBP,RG,9450,11,D,BB,ZP,F
09:40:49,ICBP,RG,9450,4,D,BB,LG,D
09:40:43,ICBP,RG,9450,2,D,BB,XC,D
09:40:33,ICBP,RG,9450,3,D,BB,YP,D
09:40:30,ICBP,RG,9450,1,D,BB,DR,D
09:40:20,ICBP,RG,9450,27,D,BB,YP,D
09:40:20,ICBP,RG,9450,2,D,BB,YP,D
09:40:20,ICBP,RG,9450,28,F,AK,YP,D
09:40:20,ICBP,RG,9450,2,D,YP,YP,D
09:40:20,ICBP,RG,9450,1,D,PD,YP,D
09:40:20,ICBP,RG,9450,1,D,BB,YP,D
09:40:20,ICBP,RG,9450,6,D,BB,YP,D
09:40:20,ICBP,RG,9450,16,D,BB,YP,D
09:40:20,ICBP,RG,9450,4,D,BB,YP,D
09:40:20,ICBP,RG,9450,17,D,BB,YP,D
09:40:20,ICBP,RG,9450,6,D,BB,YP,D
09:40:05,ICBP,RG,9450,1,D,BB,YB,D
09:39:56,ICBP,RG,9475,1,D,BB,OD,D
09:39:55,ICBP,RG,9450,3,D,BB,CC,D
09:39:51,ICBP,RG,9475,1,D,BB,OD,D
09:39:51,ICBP,RG,9450,2,D,BB,CC,D
09:39:48,ICBP,RG,9450,6,D,BB,ZP,F
09:39:48,ICBP,RG,9450,4,D,BB,ZP,F
09:39:48,ICBP,RG,9450,8,D,BB,ZP,F
09:39:38,ICBP,RG,9450,1,D,BB,AZ,D
09:39:32,ICBP,RG,9450,2,D,BB,PD,D
09:39:16,ICBP,RG,9475,1,D,BB,OD,D
09:39:16,ICBP,RG,9475,1,D,BB,OD,D
09:39:03,ICBP,RG,9475,1,D,BB,OD,D
09:39:03,ICBP,RG,9475,1,D,BB,OD,D
09:39:02,ICBP,RG,9450,1,D,BB,PD,D
09:38:52,ICBP,RG,9475,1,D,BB,OD,D
09:38:51,ICBP,RG,9475,1,D,BB,OD,D
09:38:51,ICBP,RG,9475,1,D,BB,OD,D
09:38:51,ICBP,RG,9475,2,D,BB,OD,D
09:38:51,ICBP,RG,9450,11,D,BB,AK,F
09:38:51,ICBP,RG,9450,3,D,BB,AK,F
09:38:28,ICBP,RG,9475,1,D,BB,OD,D
09:38:28,ICBP,RG,9475,2,D,BB,OD,D
09:38:28,ICBP,RG,9475,1,D,BB,OD,D
09:38:27,ICBP,RG,9450,16,D,BB,DH,D
09:38:27,ICBP,RG,9450,2,D,YP,DH,D
09:37:59,ICBP,RG,9450,1,D,YP,KK,D
09:37:58,ICBP,RG,9475,1,D,BB,OD,D
09:37:58,ICBP,RG,9475,1,D,XC,OD,D
09:37:40,ICBP,RG,9475,1,D,BB,AK,F
09:37:39,ICBP,RG,9450,2,D,YP,PD,D
09:37:39,ICBP,RG,9450,2,D,NI,PD,D
09:37:23,ICBP,RG,9475,1,F,ZP,AK,F
09:37:22,ICBP,RG,9475,1,D,BB,AK,F
09:37:22,ICBP,RG,9475,1,D,BB,AK,F
09:37:22,ICBP,RG,9475,1,D,BB,ZP,F
09:37:22,ICBP,RG,9475,2,D,BB,ZP,F
09:37:00,ICBP,RG,9450,1,D,NI,PD,D
09:37:00,ICBP,RG,9450,1,D,ZP,PD,D
09:37:00,ICBP,RG,9450,1,D,NI,PD,D
09:37:00,ICBP,RG,9450,1,D,XC,PD,D
09:37:00,ICBP,RG,9450,2,D,KK,PD,D
09:37:00,ICBP,RG,9450,2,D,CC,PD,D
09:36:55,ICBP,RG,9475,1,D,BB,ZP,F
09:36:55,ICBP,RG,9475,1,F,ZP,ZP,F
09:36:53,ICBP,RG,9475,1,D,PD,ZP,F
09:36:53,ICBP,RG,9475,1,D,BB,ZP,F
09:36:53,ICBP,RG,9475,3,D,BB,ZP,F
09:36:53,ICBP,RG,9475,1,D,BB,ZP,F
09:36:53,ICBP,RG,9475,2,D,BB,ZP,F
09:36:53,ICBP,RG,9475,1,D,BB,ZP,F
09:36:53,ICBP,RG,9450,2,D,CC,NI,D
09:36:18,ICBP,RG,9475,1,D,BB,ZP,F
09:36:18,ICBP,RG,9450,1,D,CC,CC,D
09:36:08,ICBP,RG,9475,1,D,BB,ZP,F
09:36:07,ICBP,RG,9475,1,D,BB,ZP,F
09:35:52,ICBP,RG,9475,1,D,BB,ZP,F
09:35:52,ICBP,RG,9475,1,D,BB,ZP,F
09:35:47,ICBP,RG,9475,1,D,BB,ZP,F
09:35:47,ICBP,RG,9475,1,D,BB,ZP,F
09:35:47,ICBP,RG,9475,1,F,ZP,ZP,F
09:35:45,ICBP,RG,9475,4,D,BB,ZP,F
09:35:45,ICBP,RG,9475,1,D,BB,ZP,F
09:35:45,ICBP,RG,9475,2,D,BB,ZP,F
09:35:45,ICBP,RG,9475,1,D,BB,ZP,F
09:35:45,ICBP,RG,9475,1,D,BB,ZP,F
09:35:24,ICBP,RG,9475,2,D,BB,ZP,F
09:35:23,ICBP,RG,9475,1,D,BB,ZP,F
09:35:22,ICBP,RG,9475,2,D,BB,ZP,F
09:35:22,ICBP,RG,9475,2,D,BB,ZP,F
09:35:22,ICBP,RG,9475,2,F,ZP,ZP,F
09:35:20,ICBP,RG,9475,1,D,BB,ZP,F
09:35:20,ICBP,RG,9475,2,D,BB,AK,F
09:35:20,ICBP,RG,9450,23,D,CC,ZP,F
09:35:16,ICBP,RG,9475,1,D,BB,AK,F
09:35:16,ICBP,RG,9475,1,F,ZP,AK,F
09:35:14,ICBP,RG,9475,5,D,BB,AK,F
09:35:14,ICBP,RG,9475,3,D,BB,AK,F
09:35:14,ICBP,RG,9475,1,F,ZP,AK,F
09:35:13,ICBP,RG,9475,1,D,BB,AK,F
09:35:13,ICBP,RG,9475,1,D,BB,AK,F
09:35:13,ICBP,RG,9475,4,D,BB,AK,F
09:35:13,ICBP,RG,9450,12,D,CC,CC,D
09:35:06,ICBP,RG,9475,2,D,BB,AK,F
09:35:04,ICBP,RG,9475,5,F,ZP,AK,F
09:35:04,ICBP,RG,9475,12,F,ZP,OD,D
09:35:04,ICBP,RG,9475,31,F,ZP,OD,D
09:35:02,ICBP,RG,9475,4,D,BB,OD,D
09:35:02,ICBP,RG,9475,2,D,BB,OD,D
09:34:53,ICBP,RG,9475,2,D,BB,OD,D
09:34:47,ICBP,RG,9475,3,D,BB,OD,D
09:34:47,ICBP,RG,9475,1,D,BB,OD,D
09:34:47,ICBP,RG,9475,10,D,BB,OD,D
09:34:47,ICBP,RG,9475,21,D,BB,OD,D
09:34:47,ICBP,RG,9450,2,D,CC,CC,D
09:34:31,ICBP,RG,9475,5,D,BB,OD,D
09:34:30,ICBP,RG,9475,5,D,BB,OD,D
09:34:30,ICBP,RG,9475,1,D,BB,OD,D
09:34:30,ICBP,RG,9450,13,D,CC,AK,F
09:34:23,ICBP,RG,9475,19,D,BB,OD,D
09:34:23,ICBP,RG,9450,95,D,CC,YP,D
09:34:23,ICBP,RG,9450,100,D,YU,YP,D
09:34:23,ICBP,RG,9450,2,D,LG,YP,D
09:34:23,ICBP,RG,9450,1,D,XC,YP,D
09:34:23,ICBP,RG,9450,2,D,NI,YP,D
09:34:23,ICBP,RG,9450,1,D,YB,YP,D
09:34:23,ICBP,RG,9450,1,D,XL,YP,D
09:34:23,ICBP,RG,9450,9,D,CC,YP,D
09:34:23,ICBP,RG,9450,40,D,KK,YP,D
09:34:20,ICBP,RG,9475,1,D,BB,OD,D
09:34:20,ICBP,RG,9450,1,D,PD,PD,D
09:34:15,ICBP,RG,9475,5,D,CP,NI,D
09:34:10,ICBP,RG,9475,1,D,BB,ZP,F
09:34:10,ICBP,RG,9450,10,D,RF,ZP,F
09:34:10,ICBP,RG,9450,8,D,KK,ZP,F
09:33:47,ICBP,RG,9475,1,D,BB,ZP,F
09:33:47,ICBP,RG,9475,2,D,PD,ZP,F
09:33:22,ICBP,RG,9450,2,D,KK,DR,D
09:33:09,ICBP,RG,9450,7,D,KK,PD,D
09:33:09,ICBP,RG,9450,5,D,KK,LG,D
09:33:01,ICBP,RG,9475,2,D,XC,ZP,F
09:32:49,ICBP,RG,9475,1,D,YP,ZP,F
09:32:43,ICBP,RG,9475,2,D,YP,ZP,F
09:32:36,ICBP,RG,9475,3,D,YP,ZP,F
09:32:20,ICBP,RG,9475,2,D,XL,ZP,F
09:32:17,ICBP,RG,9475,4,D,YP,ZP,F
09:32:17,ICBP,RG,9475,2,D,YP,ZP,F
09:32:14,ICBP,RG,9475,24,D,DR,ZP,F
09:32:14,ICBP,RG,9475,3,D,DR,AK,F
09:32:14,ICBP,RG,9475,3,D,DR,AK,F
09:31:46,ICBP,RG,9475,3,D,BB,ZP,F
09:31:44,ICBP,RG,9475,1,D,BB,ZP,F
09:31:44,ICBP,RG,9475,1,D,YP,ZP,F
09:31:44,ICBP,RG,9475,1,D,YP,ZP,F
09:31:28,ICBP,RG,9500,1,D,BB,DH,D
