Time,Stock,Brd,Price,Qty,BT,BC,SC,ST
15:14:21,ICBP,RG,9550,1,D,XC,CC,D
15:10:14,ICBP,RG,9550,1,D,XC,CC,D
15:08:56,ICBP,RG,9550,10,D,YP,CC,D
15:07:06,ICBP,RG,9550,100,D,TF,CC,D
15:04:53,ICBP,RG,9550,5,D,YB,CC,D
15:02:08,ICBP,RG,9550,1,D,SQ,CC,D
15:01:00,ICBP,RG,9550,170,F,ZP,CC,D
15:00:00,ICBP,RG,9550,20,D,PD,CC,D
15:00:00,ICBP,RG,9550,1,D,YP,CC,D
15:00:00,ICBP,RG,9550,1,D,LS,CC,D
15:00:00,ICBP,RG,9550,1,D,PD,CC,D
15:00:00,ICBP,RG,9550,2,D,CC,CC,D
15:00:00,ICBP,RG,9550,18,F,YU,CC,D
15:00:00,ICBP,RG,9550,28,F,ZP,CC,D
15:00:00,ICBP,RG,9550,338,F,ZP,CC,D
15:00:00,ICBP,RG,9550,100,F,ZP,YB,D
15:00:00,ICBP,RG,9550,1,F,ZP,CC,D
15:00:00,ICBP,RG,9550,4,F,ZP,GR,D
15:00:00,ICBP,RG,9550,2,F,ZP,CC,D
15:00:00,ICBP,RG,9550,8,F,ZP,NI,D
15:00:00,ICBP,RG,9550,5,F,ZP,PD,D
15:00:00,ICBP,RG,9550,1,F,ZP,YP,D
15:00:00,ICBP,RG,9550,8,F,ZP,YB,D
15:00:00,ICBP,RG,9550,1,F,ZP,YP,D
15:00:00,ICBP,RG,9550,1,F,ZP,PD,D
15:00:00,ICBP,RG,9550,1,F,ZP,CC,D
15:00:00,ICBP,RG,9550,1,F,ZP,CC,D
15:00:00,ICBP,RG,9550,44,F,ZP,AK,F
15:00:00,ICBP,RG,9550,107,F,ZP,AK,F
15:00:00,ICBP,RG,9550,344,F,AK,AK,F
15:00:00,ICBP,RG,9550,53,F,AK,ZP,F
15:00:00,ICBP,RG,9550,14,F,AK,BK,F
15:00:00,ICBP,RG,9550,195,F,CS,BK,F
15:00:00,ICBP,RG,9550,30,F,AK,BK,F
15:00:00,ICBP,RG,9550,100,F,AK,BK,F
15:00:00,ICBP,RG,9550,45,F,AK,BK,F
15:00:00,ICBP,RG,9550,178,D,CC,BK,F
15:00:00,ICBP,RG,9550,1,D,CC,BK,F
15:00:00,ICBP,RG,9550,16,D,CC,BK,F
15:00:00,ICBP,RG,9550,127,D,CC,CS,F
15:00:00,ICBP,RG,9550,4,D,NI,CS,F
15:00:00,ICBP,RG,9550,55,F,ZP,CS,F
15:00:00,ICBP,RG,9550,2,F,ZP,YU,F
15:00:00,ICBP,RG,9550,155,F,ZP,ZP,F
15:00:00,ICBP,RG,9550,10,F,ZP,FS,F
15:00:00,ICBP,RG,9550,99,F,ZP,LG,D
15:00:00,ICBP,RG,9550,17,D,PD,LG,D
15:00:00,ICBP,RG,9550,33,D,PD,ZP,F
15:00:00,ICBP,RG,9550,39,D,PD,YU,F
14:49:51,ICBP,RG,9525,40,F,KZ,CP,D
14:49:49,ICBP,RG,9525,15,F,KZ,YP,D
14:49:49,ICBP,RG,9525,79,F,KZ,YP,D
14:49:31,ICBP,RG,9525,3,F,KZ,ZP,F
14:49:30,ICBP,RG,9550,1,F,AK,ZP,F
14:49:30,ICBP,RG,9550,1,D,YP,ZP,F
14:49:28,ICBP,RG,9550,4,D,YP,YU,F
14:49:28,ICBP,RG,9550,5,D,YP,YU,F
14:49:20,ICBP,RG,9575,82,D,LG,NI,D
14:49:17,ICBP,RG,9550,3,D,LG,ZP,F
14:49:14,ICBP,RG,9550,1,D,LG,ZP,F
14:49:00,ICBP,RG,9550,16,D,LG,AK,D
14:49:00,ICBP,RG,9550,9,D,LG,AK,D
14:49:00,ICBP,RG,9575,1,D,AK,NI,D
14:49:00,ICBP,RG,9575,1,D,AK,NI,D
14:49:00,ICBP,RG,9550,14,D,LG,AK,D
14:49:00,ICBP,RG,9575,5,D,AK,NI,D
14:47:57,ICBP,RG,9550,52,D,LG,KZ,D
14:47:57,ICBP,RG,9550,17,D,LG,KZ,D
14:47:57,ICBP,RG,9550,1,D,LG,YP,D
14:47:57,ICBP,RG,9550,1,D,LG,AK,F
14:47:57,ICBP,RG,9550,27,D,LG,AK,D
14:47:57,ICBP,RG,9550,22,D,LG,AK,D
14:47:57,ICBP,RG,9550,111,D,LG,AK,F
14:47:57,ICBP,RG,9550,10,D,LG,ZP,F
14:47:57,ICBP,RG,9550,7,D,LG,ZP,F
14:47:49,ICBP,RG,9525,70,F,KZ,AK,D
14:47:49,ICBP,RG,9500,435,D,CP,CC,D
14:47:49,ICBP,RG,9525,1,D,AK,CC,D
14:47:49,ICBP,RG,9525,1,D,AK,CC,D
14:47:49,ICBP,RG,9525,76,F,KZ,CC,D
14:47:49,ICBP,RG,9525,152,F,KZ,CC,D
14:47:49,ICBP,RG,9525,1,D,XC,CC,D
14:47:30,ICBP,RG,9550,9,D,AK,CC,D
14:47:30,ICBP,RG,9550,9,D,AK,CC,D
14:47:19,ICBP,RG,9550,1,D,AK,PD,D
14:47:13,ICBP,RG,9550,4,D,AK,BK,F
14:47:13,ICBP,RG,9550,3,D,AK,BK,F
14:47:04,ICBP,RG,9575,1,D,CD,NI,D
14:46:51,ICBP,RG,9575,300,D,BQ,NI,D
14:46:47,ICBP,RG,9575,69,D,BQ,NI,D
14:46:30,ICBP,RG,9550,1,D,BQ,DR,D
14:45:41,ICBP,RG,9550,56,D,BQ,AK,D
14:45:41,ICBP,RG,9550,2,D,BQ,KZ,D
14:45:41,ICBP,RG,9550,17,D,BQ,KZ,D
14:45:41,ICBP,RG,9550,5,D,BQ,KZ,D
14:45:41,ICBP,RG,9550,19,D,BQ,KZ,D
14:45:41,ICBP,RG,9550,2,D,BQ,KZ,D
14:45:41,ICBP,RG,9550,2,D,BQ,KZ,D
14:45:41,ICBP,RG,9550,3,D,BQ,CS,D
14:45:41,ICBP,RG,9550,1,D,BQ,BK,F
14:45:41,ICBP,RG,9550,11,D,BQ,CS,D
14:45:41,ICBP,RG,9550,131,D,BQ,KZ,D
14:45:41,ICBP,RG,9550,3,D,BQ,BK,F
14:45:41,ICBP,RG,9550,1,D,BQ,XC,D
14:45:41,ICBP,RG,9550,59,D,BQ,KZ,D
14:45:41,ICBP,RG,9550,6,D,BQ,ZP,F
14:45:41,ICBP,RG,9550,21,D,BQ,AK,D
14:45:41,ICBP,RG,9550,52,D,BQ,ZP,F
14:45:31,ICBP,RG,9550,6,D,BQ,ZP,F
14:45:31,ICBP,RG,9550,48,D,BQ,AK,D
14:45:31,ICBP,RG,9550,2,D,BQ,CS,D
14:45:31,ICBP,RG,9550,144,D,BQ,BK,F
14:45:28,ICBP,RG,9550,106,D,BQ,BK,F
14:45:28,ICBP,RG,9550,6,D,BQ,CS,D
14:45:28,ICBP,RG,9550,11,D,BQ,CS,D
14:45:28,ICBP,RG,9550,1,D,BQ,BK,F
14:45:28,ICBP,RG,9550,40,D,BQ,CS,D
14:45:28,ICBP,RG,9550,7,D,BQ,ZP,F
14:45:28,ICBP,RG,9550,10,D,BQ,CC,D
14:45:28,ICBP,RG,9550,69,D,BQ,KZ,D
14:45:04,ICBP,RG,9550,45,F,AK,KZ,D
14:45:00,ICBP,RG,9550,63,F,AK,KZ,D
14:44:47,ICBP,RG,9525,6,D,BQ,CS,D
14:44:47,ICBP,RG,9525,33,D,BQ,AK,D
14:44:47,ICBP,RG,9525,7,D,AK,AK,D
14:44:47,ICBP,RG,9525,2,F,KZ,AK,D
14:44:47,ICBP,RG,9525,8,D,AK,AK,D
14:44:47,ICBP,RG,9525,12,F,KZ,AK,D
14:44:47,ICBP,RG,9525,10,F,CS,AK,D
14:44:47,ICBP,RG,9525,8,F,KZ,AK,D
14:44:46,ICBP,RG,9525,1,F,KZ,CC,D
14:44:13,ICBP,RG,9525,31,F,KZ,CS,D
14:44:00,ICBP,RG,9525,7,F,KZ,ZP,F
14:43:34,ICBP,RG,9525,69,F,KZ,AK,D
14:42:37,ICBP,RG,9550,2,D,AZ,KZ,D
14:42:19,ICBP,RG,9525,36,F,KZ,AK,D
14:42:19,ICBP,RG,9525,62,F,KZ,AK,D
14:42:06,ICBP,RG,9550,5,D,BQ,KZ,D
14:42:06,ICBP,RG,9550,14,D,BQ,CS,D
14:42:06,ICBP,RG,9550,46,D,BQ,CC,D
14:42:05,ICBP,RG,9550,18,D,BQ,CC,D
14:42:01,ICBP,RG,9550,40,D,BQ,CC,D
14:42:00,ICBP,RG,9525,7,F,KZ,ZP,F
14:41:44,ICBP,RG,9525,22,F,KZ,CS,D
14:41:09,ICBP,RG,9525,5,F,KZ,CS,D
14:41:09,ICBP,RG,9525,49,F,KZ,KZ,D
14:41:09,ICBP,RG,9525,9,D,AK,KZ,D
14:41:09,ICBP,RG,9525,4,F,KZ,KZ,D
14:41:04,ICBP,RG,9525,17,F,KZ,KZ,D
14:40:49,ICBP,RG,9525,97,F,KZ,AK,D
14:40:44,ICBP,RG,9525,4,F,KZ,CC,D
14:40:15,ICBP,RG,9525,1,F,KZ,YP,D
14:40:10,ICBP,RG,9525,7,F,KZ,CS,D
14:39:35,ICBP,RG,9525,3,F,KZ,CC,D
14:39:19,ICBP,RG,9525,62,F,KZ,AK,D
14:39:19,ICBP,RG,9525,15,D,AK,AK,D
14:39:19,ICBP,RG,9525,9,F,CS,AK,D
14:39:19,ICBP,RG,9525,11,D,SQ,AK,D
14:38:43,ICBP,RG,9525,13,D,SQ,FS,D
14:38:43,ICBP,RG,9525,1,D,NI,FS,D
14:38:43,ICBP,RG,9525,16,F,CS,FS,D
14:38:43,ICBP,RG,9525,57,D,AK,FS,D
14:38:43,ICBP,RG,9525,11,F,CS,FS,D
14:38:43,ICBP,RG,9525,5,F,CS,FS,D
14:38:43,ICBP,RG,9525,28,F,AK,FS,D
14:38:43,ICBP,RG,9525,8,F,CS,FS,D
14:38:35,ICBP,RG,9525,7,F,KZ,CS,D
14:38:35,ICBP,RG,9525,1,F,KZ,FS,D
14:38:35,ICBP,RG,9525,1,F,CS,FS,D
14:38:35,ICBP,RG,9525,3,F,CS,FS,D
14:38:35,ICBP,RG,9525,1,F,CS,FS,D
14:38:35,ICBP,RG,9525,2,F,CS,FS,D
14:38:35,ICBP,RG,9525,135,F,KZ,FS,D
14:37:48,ICBP,RG,9550,1,F,AK,CC,D
14:37:47,ICBP,RG,9550,2,F,AK,CC,D
14:37:47,ICBP,RG,9550,300,D,BQ,CC,D
14:37:41,ICBP,RG,9550,3,F,AK,CC,D
14:37:41,ICBP,RG,9550,7,F,AK,CC,D
14:37:41,ICBP,RG,9550,26,F,CS,CC,D
14:37:41,ICBP,RG,9550,14,F,AK,CC,D
14:37:40,ICBP,RG,9550,23,F,AK,CC,D
14:37:40,ICBP,RG,9550,14,F,AK,CC,D
14:37:40,ICBP,RG,9550,28,F,AK,CC,D
14:37:40,ICBP,RG,9550,61,F,AK,CC,D
14:37:40,ICBP,RG,9550,1,F,AK,YP,D
14:37:40,ICBP,RG,9550,50,F,AK,NI,D
14:37:40,ICBP,RG,9550,130,F,AK,CC,D
14:37:40,ICBP,RG,9550,317,D,BQ,CC,D
14:37:40,ICBP,RG,9550,6,D,BQ,ZP,F
14:37:40,ICBP,RG,9550,1,D,BQ,BK,F
14:37:40,ICBP,RG,9550,11,D,BQ,CS,D
14:37:40,ICBP,RG,9550,165,D,BQ,ZP,F
14:37:31,ICBP,RG,9550,31,D,BQ,ZP,F
14:37:31,ICBP,RG,9550,119,D,BQ,CC,D
14:37:27,ICBP,RG,9550,500,D,BQ,CC,D
14:37:27,ICBP,RG,9550,14,D,LG,CC,D
14:37:27,ICBP,RG,9550,37,D,LG,CC,D
14:37:27,ICBP,RG,9550,200,D,LG,CC,D
14:37:27,ICBP,RG,9550,1,D,LG,BK,F
14:37:27,ICBP,RG,9550,26,D,LG,AK,D
14:37:27,ICBP,RG,9550,18,D,LG,CS,D
14:37:27,ICBP,RG,9550,9,D,LG,BK,F
14:37:27,ICBP,RG,9550,64,D,LG,AK,D
14:37:27,ICBP,RG,9550,17,D,LG,AK,D
14:37:27,ICBP,RG,9550,7,D,LG,PD,D
14:37:27,ICBP,RG,9550,100,D,LG,YP,D
14:37:27,ICBP,RG,9550,40,D,LG,CC,D
14:37:27,ICBP,RG,9550,182,D,LG,BK,F
14:37:27,ICBP,RG,9550,208,D,LG,CC,D
14:37:27,ICBP,RG,9550,5,D,SQ,CC,D
14:37:22,ICBP,RG,9550,5,D,SQ,CC,D
14:37:17,ICBP,RG,9525,10,F,KZ,CS,D
14:37:01,ICBP,RG,9550,36,D,BQ,CC,D
14:36:58,ICBP,RG,9525,2,F,KZ,PD,D
14:36:57,ICBP,RG,9550,80,D,BQ,CC,D
14:36:47,ICBP,RG,9525,39,F,KZ,AK,D
14:36:47,ICBP,RG,9525,19,D,AK,AK,D
14:36:46,ICBP,RG,9525,9,D,AK,BK,F
14:35:49,ICBP,RG,9525,3,D,AK,AK,D
14:35:49,ICBP,RG,9525,4,F,CS,AK,D
14:35:49,ICBP,RG,9525,4,F,CS,AK,D
14:35:49,ICBP,RG,9525,5,F,CS,AK,D
14:35:49,ICBP,RG,9525,51,D,LG,AK,D
14:35:42,ICBP,RG,9525,8,D,LG,XC,D
14:34:50,ICBP,RG,9525,2,D,LG,PD,D
14:34:49,ICBP,RG,9525,67,D,LG,AK,D
14:34:32,ICBP,RG,9525,5,D,LG,YP,D
14:34:06,ICBP,RG,9550,17,D,AK,CC,D
14:33:49,ICBP,RG,9525,61,D,LG,AK,D
14:33:01,ICBP,RG,9525,1,D,LG,YP,D
14:33:00,ICBP,RG,9525,28,D,LG,CC,D
14:32:49,ICBP,RG,9525,67,D,LG,AK,D
14:31:49,ICBP,RG,9525,61,D,LG,AK,D
14:31:36,ICBP,RG,9550,299,D,BQ,CC,D
14:31:36,ICBP,RG,9550,1,D,BQ,YP,D
14:31:31,ICBP,RG,9550,150,D,BQ,BK,F
14:31:31,ICBP,RG,9550,20,D,BQ,CS,D
14:31:31,ICBP,RG,9550,219,D,BQ,BK,F
14:31:31,ICBP,RG,9550,35,D,BQ,FS,D
14:31:31,ICBP,RG,9550,11,D,BQ,CS,D
14:31:31,ICBP,RG,9550,7,D,BQ,ZP,F
14:31:31,ICBP,RG,9550,15,D,BQ,CC,D
14:31:31,ICBP,RG,9550,21,D,BQ,CS,D
14:31:31,ICBP,RG,9550,1,D,BQ,PD,D
14:31:31,ICBP,RG,9550,144,D,BQ,KZ,D
14:31:31,ICBP,RG,9550,8,D,BQ,CS,D
14:31:31,ICBP,RG,9550,10,D,BQ,CS,D
14:31:31,ICBP,RG,9550,45,D,BQ,KZ,D
14:31:31,ICBP,RG,9550,22,D,BQ,CS,D
14:31:31,ICBP,RG,9550,1,D,BQ,BK,F
14:31:31,ICBP,RG,9550,40,D,BQ,ZP,F
14:31:31,ICBP,RG,9550,1,D,BQ,ZP,F
14:30:54,ICBP,RG,9525,18,D,LG,KZ,D
14:30:54,ICBP,RG,9525,60,D,BQ,KZ,D
14:30:54,ICBP,RG,9525,36,D,BQ,KZ,D
14:30:54,ICBP,RG,9525,15,D,BQ,KZ,D
14:30:54,ICBP,RG,9525,46,D,BQ,KZ,D
14:30:49,ICBP,RG,9525,19,D,BQ,AK,D
14:30:49,ICBP,RG,9525,17,D,AK,AK,D
14:30:49,ICBP,RG,9525,3,F,CS,AK,D
14:30:49,ICBP,RG,9525,1,F,CS,AK,D
14:30:49,ICBP,RG,9525,6,F,CS,AK,D
14:30:49,ICBP,RG,9525,5,D,SQ,AK,D
14:30:49,ICBP,RG,9525,8,F,CS,AK,D
14:30:49,ICBP,RG,9525,2,F,CS,AK,D
14:30:49,ICBP,RG,9525,5,F,CS,AK,D
14:29:56,ICBP,RG,9525,1,F,CS,CS,D
14:29:56,ICBP,RG,9525,5,D,SQ,CS,D
14:29:56,ICBP,RG,9525,1,D,BQ,CS,D
14:29:56,ICBP,RG,9525,33,D,BQ,CS,D
14:29:49,ICBP,RG,9525,72,D,BQ,AK,D
14:28:49,ICBP,RG,9550,6,D,BQ,ZP,F
14:28:49,ICBP,RG,9550,8,D,BQ,BK,F
14:28:49,ICBP,RG,9550,14,D,BQ,CC,D
14:28:43,ICBP,RG,9525,56,D,BQ,AK,D
14:28:42,ICBP,RG,9550,18,D,BQ,CC,D
14:28:38,ICBP,RG,9550,40,D,BQ,CC,D
14:28:00,ICBP,RG,9525,7,D,BQ,ZP,F
14:27:55,ICBP,RG,9525,9,D,BQ,CS,D
14:27:49,ICBP,RG,9525,64,D,BQ,AK,D
14:27:24,ICBP,RG,9525,8,D,BQ,BK,F
14:26:55,ICBP,RG,9550,150,D,BQ,CC,D
14:26:51,ICBP,RG,9525,80,D,BQ,AK,D
14:26:51,ICBP,RG,9550,234,D,BQ,CC,D
14:26:51,ICBP,RG,9550,10,D,BQ,KK,D
14:26:51,ICBP,RG,9550,255,D,BQ,CC,D
14:26:51,ICBP,RG,9550,1,D,BQ,CC,D
14:25:33,ICBP,RG,9525,4,D,BQ,AK,D
14:25:33,ICBP,RG,9525,9,D,BQ,CS,D
14:25:03,ICBP,RG,9550,35,F,CS,CC,D
14:24:42,ICBP,RG,9525,40,D,BQ,EP,D
14:24:00,ICBP,RG,9525,7,D,BQ,ZP,F
14:22:55,ICBP,RG,9550,5,D,YP,CC,D
14:22:43,ICBP,RG,9525,10,D,BQ,CS,D
14:22:42,ICBP,RG,9550,148,D,BQ,CC,D
14:22:42,ICBP,RG,9550,2,D,BQ,CC,D
14:22:38,ICBP,RG,9550,250,D,BQ,CC,D
14:21:51,ICBP,RG,9525,14,D,BQ,CC,D
14:21:26,ICBP,RG,9550,60,D,BQ,CC,D
14:21:19,ICBP,RG,9550,36,D,BQ,CC,D
14:21:15,ICBP,RG,9550,2,D,BQ,CC,D
14:21:15,ICBP,RG,9550,1,D,BQ,XC,D
14:21:15,ICBP,RG,9550,6,D,BQ,PD,D
14:21:15,ICBP,RG,9550,2,D,BQ,LG,D
14:21:15,ICBP,RG,9550,35,D,BQ,FS,D
14:21:15,ICBP,RG,9550,34,D,BQ,FS,D
14:21:10,ICBP,RG,9550,3,F,AK,FS,D
14:21:10,ICBP,RG,9550,12,F,AK,FS,D
14:21:10,ICBP,RG,9550,25,F,AK,FS,D
14:21:10,ICBP,RG,9550,6,F,AK,KZ,D
14:21:10,ICBP,RG,9550,3,F,AK,KZ,D
14:21:10,ICBP,RG,9550,10,F,AK,CC,D
14:21:10,ICBP,RG,9550,12,F,AK,CC,D
14:21:10,ICBP,RG,9550,5,F,AK,YP,D
14:21:10,ICBP,RG,9550,1,F,AK,OD,D
14:21:10,ICBP,RG,9550,1,D,BQ,PD,D
14:21:10,ICBP,RG,9550,17,D,BQ,PD,D
14:21:10,ICBP,RG,9550,114,D,BQ,DR,F
14:21:10,ICBP,RG,9550,68,D,BQ,PD,D
14:20:59,ICBP,RG,9550,132,D,BQ,PD,D
14:20:59,ICBP,RG,9550,5,D,BQ,NI,D
14:20:59,ICBP,RG,9550,2,D,BQ,YP,D
14:20:59,ICBP,RG,9550,5,D,BQ,YP,D
14:20:59,ICBP,RG,9550,2,D,BQ,YP,D
14:20:59,ICBP,RG,9550,54,D,BQ,SQ,D
14:20:45,ICBP,RG,9525,5,D,BQ,CC,D
14:18:27,ICBP,RG,9525,31,D,BQ,FS,D
14:18:27,ICBP,RG,9525,39,D,AK,FS,D
14:18:15,ICBP,RG,9525,73,D,AK,FS,D
14:18:15,ICBP,RG,9525,1,F,CS,FS,D
14:18:00,ICBP,RG,9550,19,D,AK,SQ,D
14:15:30,ICBP,RG,9550,26,D,AK,SQ,D
14:15:12,ICBP,RG,9525,1,F,AK,XC,D
14:14:35,ICBP,RG,9525,24,F,AK,FS,D
14:14:35,ICBP,RG,9525,4,F,CS,FS,D
14:14:35,ICBP,RG,9525,4,F,CS,FS,D
14:14:35,ICBP,RG,9525,1,F,CS,FS,D
14:14:35,ICBP,RG,9525,37,D,BQ,FS,D
14:14:18,ICBP,RG,9525,74,D,BQ,FS,D
14:13:47,ICBP,RG,9525,1,D,BQ,MG,D
14:13:40,ICBP,RG,9525,21,D,BQ,CS,D
14:13:40,ICBP,RG,9525,11,D,BQ,CS,D
14:13:40,ICBP,RG,9525,200,D,BQ,ZP,F
14:13:40,ICBP,RG,9525,22,D,BQ,CS,D
14:13:40,ICBP,RG,9525,82,D,BQ,BK,F
14:13:40,ICBP,RG,9525,101,D,BQ,KZ,D
14:13:40,ICBP,RG,9525,21,D,BQ,CS,D
14:13:40,ICBP,RG,9525,37,D,BQ,CC,D
14:13:40,ICBP,RG,9525,1,D,BQ,BK,F
14:13:40,ICBP,RG,9525,5,D,BQ,CC,D
14:13:40,ICBP,RG,9525,16,D,BQ,PD,D
14:13:40,ICBP,RG,9525,10,D,BQ,CS,D
14:13:40,ICBP,RG,9525,74,D,BQ,FS,D
14:13:40,ICBP,RG,9525,37,D,BQ,FS,D
14:13:33,ICBP,RG,9525,33,D,PD,FS,D
14:13:33,ICBP,RG,9525,1,D,PD,YP,D
14:13:33,ICBP,RG,9525,6,D,PD,YP,D
14:13:33,ICBP,RG,9525,2,D,PD,CC,D
14:13:33,ICBP,RG,9525,4,D,PD,CS,D
14:13:33,ICBP,RG,9525,20,D,PD,CC,D
14:13:33,ICBP,RG,9525,23,D,PD,KZ,D
14:13:33,ICBP,RG,9525,7,D,PD,ZP,F
14:13:33,ICBP,RG,9525,6,D,PD,CS,D
14:13:33,ICBP,RG,9525,1,D,PD,BK,F
14:13:33,ICBP,RG,9525,47,D,PD,ZP,F
14:13:32,ICBP,RG,9525,11,F,CS,ZP,F
14:13:21,ICBP,RG,9525,2,F,AK,ZP,F
14:13:21,ICBP,RG,9525,14,F,AK,ZP,F
14:13:21,ICBP,RG,9525,38,F,AK,ZP,F
14:13:20,ICBP,RG,9525,10,F,AK,ZP,F
14:13:20,ICBP,RG,9525,1,F,AK,BK,F
14:13:20,ICBP,RG,9525,8,F,AK,BK,F
14:13:20,ICBP,RG,9525,19,F,AK,CS,D
14:13:20,ICBP,RG,9525,7,F,AK,ZP,F
14:13:20,ICBP,RG,9525,82,D,LG,BK,F
14:13:20,ICBP,RG,9525,1,D,LG,XA,D
14:13:20,ICBP,RG,9525,8,D,LG,CS,D
14:13:20,ICBP,RG,9525,8,D,LG,CS,D
14:13:20,ICBP,RG,9525,85,D,LG,KZ,D
14:13:15,ICBP,RG,9525,22,D,AK,KZ,D
14:13:00,ICBP,RG,9500,2,D,CP,PD,D
14:12:14,ICBP,RG,9500,10,D,CP,BK,F
14:11:01,ICBP,RG,9500,1,D,CP,BK,F
14:11:01,ICBP,RG,9500,7,D,CP,ZP,F
14:11:01,ICBP,RG,9500,129,F,KZ,ZP,F
14:10:04,ICBP,RG,9500,26,F,KZ,KZ,D
14:10:04,ICBP,RG,9500,4,F,CS,KZ,D
14:10:04,ICBP,RG,9500,1,F,CS,KZ,D
14:10:04,ICBP,RG,9500,3,D,CP,KZ,D
14:09:08,ICBP,RG,9500,7,D,CP,ZP,F
14:09:00,ICBP,RG,9500,6,D,CP,ZP,F
14:08:55,ICBP,RG,9525,3,F,AK,KZ,D
14:08:55,ICBP,RG,9525,36,F,AK,KZ,D
14:08:55,ICBP,RG,9525,2,F,AK,KK,D
14:08:55,ICBP,RG,9525,3,F,AK,CS,D
14:08:55,ICBP,RG,9525,5,F,AK,CS,D
14:08:52,ICBP,RG,9525,13,F,CS,CS,D
14:08:52,ICBP,RG,9525,2,F,CS,FS,D
14:07:53,ICBP,RG,9500,74,D,CP,CS,D
14:07:47,ICBP,RG,9500,16,D,CP,CS,D
14:04:50,ICBP,RG,9525,1,D,YP,FS,D
14:04:46,ICBP,RG,9525,1,D,YP,FS,D
14:04:07,ICBP,RG,9525,13,F,CS,FS,D
14:03:09,ICBP,RG,9525,1,D,BQ,FS,D
14:02:34,ICBP,RG,9500,71,D,CP,KZ,D
14:01:21,ICBP,RG,9525,6,D,BQ,FS,D
14:01:21,ICBP,RG,9525,22,D,BQ,FS,D
14:01:15,ICBP,RG,9525,18,D,BQ,FS,D
14:01:11,ICBP,RG,9525,10,D,BQ,FS,D
14:01:11,ICBP,RG,9525,10,D,BQ,NI,D
14:01:11,ICBP,RG,9525,4,D,BQ,CS,D
14:01:11,ICBP,RG,9525,7,D,BQ,CS,D
14:01:11,ICBP,RG,9525,9,D,BQ,FS,D
13:59:43,ICBP,RG,9525,14,F,CS,FS,D
13:58:38,ICBP,RG,9525,2,D,NI,FS,D
13:58:34,ICBP,RG,9525,4,D,CC,FS,D
13:57:45,ICBP,RG,9525,41,D,AK,FS,D
13:57:45,ICBP,RG,9525,7,D,AK,ZP,F
13:57:45,ICBP,RG,9525,5,D,AK,PD,D
13:57:45,ICBP,RG,9525,7,D,AK,CS,D
13:57:45,ICBP,RG,9525,8,D,AK,BK,F
13:57:45,ICBP,RG,9525,1,D,AK,BK,F
13:57:45,ICBP,RG,9525,6,D,AK,CS,D
13:57:45,ICBP,RG,9525,54,D,AK,ZP,F
13:57:21,ICBP,RG,9500,1,D,CP,XC,D
13:57:15,ICBP,RG,9500,22,D,CP,CC,D
13:56:38,ICBP,RG,9500,16,D,CP,CS,D
13:56:17,ICBP,RG,9500,1,D,CP,NI,D
13:56:07,ICBP,RG,9500,148,D,CP,FS,D
13:55:55,ICBP,RG,9500,135,D,CP,FS,D
13:55:55,ICBP,RG,9500,1,D,YP,FS,D
13:55:55,ICBP,RG,9500,4,F,KZ,FS,D
13:55:16,ICBP,RG,9525,12,F,CS,ZP,F
13:55:15,ICBP,RG,9525,14,D,AK,ZP,F
13:55:15,ICBP,RG,9525,8,D,AK,CS,D
13:55:15,ICBP,RG,9525,2,D,AK,KZ,D
13:54:57,ICBP,RG,9525,6,D,XC,KZ,D
13:54:21,ICBP,RG,9525,5,D,NI,KZ,D
13:54:12,ICBP,RG,9500,9,F,KZ,XC,D
13:54:00,ICBP,RG,9500,1,F,KZ,YP,D
13:53:54,ICBP,RG,9500,10,F,KZ,PD,D
13:52:48,ICBP,RG,9500,5,F,KZ,PD,D
13:51:20,ICBP,RG,9500,29,F,KZ,PD,D
13:51:20,ICBP,RG,9500,16,F,KZ,PD,D
13:51:20,ICBP,RG,9500,3,F,KZ,PD,D
13:51:20,ICBP,RG,9500,3,F,KZ,PD,D
13:51:20,ICBP,RG,9500,2,F,KZ,PD,D
13:51:20,ICBP,RG,9500,6,F,KZ,PD,D
13:51:20,ICBP,RG,9500,11,F,KZ,PD,D
13:51:20,ICBP,RG,9500,10,F,KZ,PD,D
13:51:06,ICBP,RG,9525,1,D,BQ,KZ,D
13:51:02,ICBP,RG,9525,5,F,CS,KZ,D
13:49:18,ICBP,RG,9525,5,F,CS,KZ,D
13:48:41,ICBP,RG,9525,1,D,SQ,KZ,D
13:48:37,ICBP,RG,9525,2,D,SQ,KZ,D
13:48:34,ICBP,RG,9525,1,D,PD,KZ,D
13:48:13,ICBP,RG,9525,2,D,SQ,KZ,D
13:46:41,ICBP,RG,9500,22,F,KZ,ZP,F
13:46:41,ICBP,RG,9500,6,F,CS,ZP,F
13:46:23,ICBP,RG,9525,62,D,BQ,KZ,D
13:46:23,ICBP,RG,9525,34,D,BQ,CC,D
13:46:23,ICBP,RG,9525,7,D,BQ,CS,D
13:46:23,ICBP,RG,9525,30,D,BQ,KZ,D
13:46:23,ICBP,RG,9525,7,D,BQ,ZP,F
13:46:23,ICBP,RG,9525,3,D,BQ,CS,D
13:46:23,ICBP,RG,9525,4,D,BQ,CS,D
13:46:23,ICBP,RG,9525,3,D,BQ,FS,D
13:46:19,ICBP,RG,9525,10,D,BQ,FS,D
13:46:19,ICBP,RG,9525,24,D,BQ,FS,D
13:46:19,ICBP,RG,9525,23,D,BQ,CS,D
13:46:19,ICBP,RG,9525,7,D,BQ,ZP,F
13:46:19,ICBP,RG,9525,1,D,BQ,BK,F
13:46:19,ICBP,RG,9525,25,D,BQ,PC,D
13:46:19,ICBP,RG,9525,74,D,BQ,KZ,D
13:46:19,ICBP,RG,9525,24,D,BQ,KZ,D
13:46:19,ICBP,RG,9525,10,D,BQ,BK,F
13:46:19,ICBP,RG,9525,3,D,BQ,ZP,F
13:46:19,ICBP,RG,9525,11,D,BQ,CS,D
13:46:19,ICBP,RG,9525,38,D,BQ,GR,D
13:46:10,ICBP,RG,9525,2,D,AI,GR,D
13:44:32,ICBP,RG,9500,1,F,CS,ZP,F
13:44:32,ICBP,RG,9500,5,F,CS,ZP,F
13:44:32,ICBP,RG,9500,21,D,BQ,ZP,F
13:43:20,ICBP,RG,9525,8,F,CS,GR,D
13:41:30,ICBP,RG,9500,21,D,BQ,BK,F
13:38:23,ICBP,RG,9525,2,D,SQ,GR,D
13:34:14,ICBP,RG,9525,1,D,KK,GR,D
13:33:34,ICBP,RG,9525,32,F,AK,GR,D
13:33:34,ICBP,RG,9525,3,F,CS,GR,D
13:33:34,ICBP,RG,9525,1,F,CS,GR,D
13:33:34,ICBP,RG,9525,4,F,CS,GR,D
13:33:34,ICBP,RG,9525,9,D,AK,GR,D
13:33:31,ICBP,RG,9525,13,D,AK,FS,D
13:33:31,ICBP,RG,9525,21,D,AK,FS,D
13:33:31,ICBP,RG,9525,1,D,PD,FS,D
13:33:12,ICBP,RG,9525,20,D,BQ,CS,D
13:33:12,ICBP,RG,9525,7,D,BQ,ZP,F
13:33:12,ICBP,RG,9525,2,D,BQ,DR,D
13:33:12,ICBP,RG,9525,10,D,BQ,CS,D
13:33:12,ICBP,RG,9525,10,D,BQ,CC,D
13:33:12,ICBP,RG,9525,6,D,BQ,YU,F
13:33:12,ICBP,RG,9525,1,D,BQ,XC,D
13:33:12,ICBP,RG,9525,1,D,BQ,XL,D
13:33:12,ICBP,RG,9525,1,D,BQ,XL,D
13:33:12,ICBP,RG,9525,5,D,BQ,CC,D
13:33:12,ICBP,RG,9525,2,D,BQ,YP,D
13:33:12,ICBP,RG,9525,1,D,BQ,XC,D
13:33:12,ICBP,RG,9525,1,D,BQ,YP,D
13:33:12,ICBP,RG,9525,2,D,BQ,PD,D
13:33:12,ICBP,RG,9525,10,D,BQ,YU,D
13:33:12,ICBP,RG,9525,10,D,BQ,SQ,D
13:33:12,ICBP,RG,9525,17,D,BQ,SQ,D
13:33:12,ICBP,RG,9525,3,D,BQ,DR,D
13:33:12,ICBP,RG,9525,41,D,BQ,YP,D
13:32:18,ICBP,RG,9500,15,D,BQ,CS,D
13:32:18,ICBP,RG,9500,9,D,BQ,CS,D
13:32:18,ICBP,RG,9500,1,D,BQ,DR,D
13:32:18,ICBP,RG,9500,35,D,BQ,FS,D
13:32:18,ICBP,RG,9500,37,D,BQ,FS,D
13:32:18,ICBP,RG,9500,18,D,BQ,KZ,D
13:32:18,ICBP,RG,9500,1,D,BQ,ZP,F
13:32:18,ICBP,RG,9500,8,D,BQ,YP,D
13:32:18,ICBP,RG,9500,84,D,BQ,KZ,D
13:31:54,ICBP,RG,9500,5,D,YP,KZ,D
13:31:54,ICBP,RG,9500,28,D,YP,KZ,D
13:31:54,ICBP,RG,9500,17,D,YP,CS,D
13:30:09,ICBP,RG,9500,1,F,AK,XL,D
13:30:09,ICBP,RG,9500,7,F,AK,ZP,F
13:30:09,ICBP,RG,9500,41,F,AK,BK,F
13:30:06,ICBP,RG,9500,53,D,AK,BK,F
13:30:04,ICBP,RG,9525,1,D,CC,YP,D
13:30:03,ICBP,RG,9500,1,D,XC,CS,D
13:30:03,ICBP,RG,9500,1,D,CC,CS,D
13:30:03,ICBP,RG,9525,1,D,XC,YP,D
13:30:03,ICBP,RG,9525,1,D,XC,YP,D
13:30:03,ICBP,RG,9475,33,F,KZ,YP,D
13:30:03,ICBP,RG,9475,100,D,YP,YP,D
13:30:03,ICBP,RG,9475,8,F,KZ,YP,D
13:30:03,ICBP,RG,9475,158,F,KZ,YP,D
13:30:03,ICBP,RG,9475,236,D,GR,YP,D
13:30:03,ICBP,RG,9500,1,D,XL,YP,D
13:30:03,ICBP,RG,9500,1,D,YP,YP,D
13:30:03,ICBP,RG,9500,5,D,PD,YP,D
13:30:03,ICBP,RG,9500,11,D,XL,YP,D
13:30:03,ICBP,RG,9500,2,D,HP,YP,D
13:30:03,ICBP,RG,9500,3,D,AZ,YP,D
13:30:03,ICBP,RG,9500,2,D,DR,YP,D
13:30:03,ICBP,RG,9500,2,D,DR,YP,D
13:30:03,ICBP,RG,9500,5,D,SQ,YP,D
13:30:03,ICBP,RG,9500,7,F,CS,YP,D
13:30:03,ICBP,RG,9500,1,F,CS,YP,D
13:30:03,ICBP,RG,9500,5,D,CC,YP,D
13:30:03,ICBP,RG,9500,5,F,KZ,YP,D
13:30:03,ICBP,RG,9500,7,F,KZ,YP,D
13:30:03,ICBP,RG,9500,5,D,YP,YP,D
13:30:03,ICBP,RG,9500,4,F,KZ,YP,D
13:30:03,ICBP,RG,9500,14,D,YP,YP,D
13:30:03,ICBP,RG,9500,2,F,KZ,YP,D
13:30:03,ICBP,RG,9500,10,D,AI,YP,D
13:30:03,ICBP,RG,9500,1,D,YP,YP,D
13:30:03,ICBP,RG,9500,1,D,YP,YP,D
13:30:03,ICBP,RG,9500,1,D,ZP,YP,D
13:30:03,ICBP,RG,9500,150,D,BQ,YP,D
13:30:03,ICBP,RG,9500,55,F,KZ,YP,D
13:30:03,ICBP,RG,9500,6,F,KZ,YP,D
13:30:02,ICBP,RG,9500,1,F,KZ,XL,D
13:30:02,ICBP,RG,9525,1,D,XL,YP,D
13:30:02,ICBP,RG,9525,1,D,AK,YP,D
13:30:02,ICBP,RG,9525,1,D,AK,YP,D
13:30:01,ICBP,RG,9525,2,D,PD,YP,D
13:30:01,ICBP,RG,9525,1,D,PD,YP,D
13:30:01,ICBP,RG,9500,7,F,KZ,PD,D
13:30:01,ICBP,RG,9500,1,F,CS,PD,D
13:30:01,ICBP,RG,9500,3,F,CS,PD,D
13:30:01,ICBP,RG,9500,2,F,CS,PD,D
13:30:01,ICBP,RG,9500,2,D,BQ,PD,D
13:30:01,ICBP,RG,9500,5,D,BQ,PD,D
13:30:01,ICBP,RG,9525,5,D,SQ,ZP,F
13:30:01,ICBP,RG,9525,1,D,SQ,KK,D
13:30:01,ICBP,RG,9525,4,D,SQ,CS,D
13:30:01,ICBP,RG,9500,5,D,BQ,SQ,D
13:30:01,ICBP,RG,9500,2,D,BQ,PD,D
13:30:01,ICBP,RG,9525,3,D,SQ,CS,D
13:30:01,ICBP,RG,9500,2,D,BQ,NI,D
13:30:01,ICBP,RG,9500,1,D,BQ,KK,D
13:30:01,ICBP,RG,9525,5,D,AZ,CS,D
13:30:01,ICBP,RG,9500,1,D,BQ,EP,D
13:30:01,ICBP,RG,9500,3,D,BQ,IF,D
13:30:01,ICBP,RG,9525,6,D,DR,CS,D
13:30:01,ICBP,RG,9525,1,D,DR,KZ,D
13:30:01,ICBP,RG,9525,2,D,DR,KZ,D
13:30:01,ICBP,RG,9525,1,D,DR,KZ,D
11:29:59,ICBP,RG,9525,2,D,YP,CC,D
11:29:45,ICBP,RG,9525,1,D,AK,CC,D
11:29:33,ICBP,RG,9500,12,D,BQ,ZP,F
11:29:30,ICBP,RG,9500,1,D,BQ,DH,D
11:28:45,ICBP,RG,9525,15,D,AK,CC,D
11:28:45,ICBP,RG,9525,2,D,AK,CC,D
11:28:33,ICBP,RG,9500,19,D,BQ,ZP,F
11:28:30,ICBP,RG,9525,4,D,AK,CC,D
11:28:16,ICBP,RG,9525,1,D,XC,CC,D
11:27:32,ICBP,RG,9525,50,D,GR,CC,D
11:27:00,ICBP,RG,9525,23,D,AK,CC,D
11:26:43,ICBP,RG,9500,9,D,BQ,ZP,F
11:26:04,ICBP,RG,9525,13,D,AK,CC,D
11:26:03,ICBP,RG,9500,6,D,BQ,XL,D
11:24:59,ICBP,RG,9525,42,D,YP,CC,D
11:24:59,ICBP,RG,9525,4,D,YP,ZP,F
11:24:59,ICBP,RG,9525,4,D,YP,CS,D
11:23:14,ICBP,RG,9500,1,D,BQ,CS,D
11:23:14,ICBP,RG,9500,5,D,BQ,CS,D
11:23:14,ICBP,RG,9500,4,D,BQ,CS,D
11:23:14,ICBP,RG,9500,108,D,BQ,BK,F
11:23:14,ICBP,RG,9500,3,D,BQ,ZP,F
11:23:14,ICBP,RG,9500,24,D,BQ,KZ,D
11:23:14,ICBP,RG,9500,37,D,BQ,BK,F
11:23:13,ICBP,RG,9500,1,D,SQ,BK,F
11:22:57,ICBP,RG,9500,12,F,KZ,BK,F
11:22:57,ICBP,RG,9500,32,F,AK,BK,F
11:22:42,ICBP,RG,9500,31,F,KZ,BK,F
11:22:42,ICBP,RG,9500,3,F,KZ,ZP,F
11:22:40,ICBP,RG,9500,7,F,KZ,ZP,F
11:22:40,ICBP,RG,9500,7,F,KZ,SQ,D
11:22:40,ICBP,RG,9500,3,F,KZ,EP,D
11:22:40,ICBP,RG,9500,78,F,KZ,KZ,D
11:22:40,ICBP,RG,9500,6,F,KZ,CS,D
11:22:40,ICBP,RG,9500,8,F,KZ,CS,D
11:22:40,ICBP,RG,9500,19,F,KZ,KZ,D
11:22:40,ICBP,RG,9500,9,F,KZ,BK,F
11:22:40,ICBP,RG,9500,1,F,KZ,CS,D
11:22:40,ICBP,RG,9500,24,F,KZ,KZ,D
11:22:40,ICBP,RG,9500,88,F,KZ,BK,F
11:22:40,ICBP,RG,9500,110,F,KZ,BK,F
11:22:40,ICBP,RG,9500,30,F,KZ,CC,D
11:22:40,ICBP,RG,9500,51,F,KZ,ZP,F
11:22:40,ICBP,RG,9500,5,F,KZ,ZP,F
11:22:32,ICBP,RG,9500,1,D,GR,ZP,F
11:22:32,ICBP,RG,9500,1,D,GR,ZP,F
11:21:43,ICBP,RG,9475,14,D,GR,YP,D
11:21:43,ICBP,RG,9475,1,D,XL,YP,D
11:21:43,ICBP,RG,9475,3,D,PD,YP,D
11:21:43,ICBP,RG,9475,1,D,YP,YP,D
11:21:43,ICBP,RG,9475,1,D,XL,YP,D
11:21:43,ICBP,RG,9475,2,D,CC,YP,D
11:21:43,ICBP,RG,9475,10,D,YP,YP,D
11:21:43,ICBP,RG,9475,1,D,NI,YP,D
11:21:43,ICBP,RG,9475,2,D,PD,YP,D
11:21:42,ICBP,RG,9475,8,D,PD,BK,F
11:21:42,ICBP,RG,9475,1,D,YP,BK,F
11:20:19,ICBP,RG,9475,1,D,YP,ZP,F
11:20:19,ICBP,RG,9475,10,D,PD,ZP,F
11:20:19,ICBP,RG,9475,3,D,CC,ZP,F
11:20:19,ICBP,RG,9475,1,D,XA,ZP,F
11:20:19,ICBP,RG,9475,1,D,XL,ZP,F
11:20:19,ICBP,RG,9475,2,D,SQ,ZP,F
11:20:19,ICBP,RG,9475,10,D,NI,ZP,F
11:20:19,ICBP,RG,9475,1,D,XC,ZP,F
11:20:19,ICBP,RG,9475,9,D,CC,ZP,F
11:19:12,ICBP,RG,9500,6,F,KZ,ZP,F
11:19:12,ICBP,RG,9500,7,F,KZ,CS,D
11:19:12,ICBP,RG,9500,102,F,KZ,LG,D
11:19:07,ICBP,RG,9500,15,F,KZ,LG,D
11:19:02,ICBP,RG,9500,7,F,KZ,LG,D
11:19:02,ICBP,RG,9500,10,F,KZ,LG,D
11:19:02,ICBP,RG,9500,2,F,KZ,LG,D
11:18:28,ICBP,RG,9500,2,D,XC,LG,D
11:17:40,ICBP,RG,9500,5,D,CC,LG,D
11:17:37,ICBP,RG,9500,26,D,BQ,LG,D
11:17:34,ICBP,RG,9500,18,D,BQ,LG,D
11:17:30,ICBP,RG,9500,40,D,BQ,LG,D
11:17:12,ICBP,RG,9500,4,F,KZ,LG,D
11:17:12,ICBP,RG,9500,57,F,KZ,LG,D
11:17:11,ICBP,RG,9500,150,D,BQ,LG,D
11:17:07,ICBP,RG,9500,10,D,YP,LG,D
11:17:03,ICBP,RG,9500,250,D,BQ,LG,D
11:16:46,ICBP,RG,9475,1,D,CC,NI,D
11:16:12,ICBP,RG,9475,2,D,SQ,PD,D
11:16:12,ICBP,RG,9475,5,D,KK,PD,D
11:16:12,ICBP,RG,9475,4,D,PD,PD,D
11:15:21,ICBP,RG,9475,1,D,PD,CS,D
11:15:21,ICBP,RG,9500,1,F,KZ,LG,D
11:15:21,ICBP,RG,9500,3,F,CS,LG,D
11:15:21,ICBP,RG,9500,3,F,KZ,LG,D
11:15:21,ICBP,RG,9500,8,F,CS,LG,D
11:15:21,ICBP,RG,9500,1,F,KZ,LG,D
11:15:21,ICBP,RG,9500,2,F,KZ,LG,D
11:15:21,ICBP,RG,9500,6,F,CS,LG,D
11:15:21,ICBP,RG,9500,9,F,KZ,LG,D
11:15:21,ICBP,RG,9500,24,D,PD,LG,D
11:15:21,ICBP,RG,9500,2,F,KZ,LG,D
11:15:21,ICBP,RG,9500,1,D,YP,LG,D
11:15:21,ICBP,RG,9500,52,F,KZ,LG,D
11:15:21,ICBP,RG,9500,9,F,KZ,LG,D
11:15:21,ICBP,RG,9500,9,F,CS,LG,D
11:15:21,ICBP,RG,9500,122,D,AK,LG,D
11:15:21,ICBP,RG,9500,1,D,YP,LG,D
11:15:21,ICBP,RG,9500,10,D,KK,LG,D
11:15:21,ICBP,RG,9500,1,D,CC,LG,D
11:15:21,ICBP,RG,9500,1,D,CC,LG,D
11:15:21,ICBP,RG,9500,2,F,KZ,LG,D
11:15:21,ICBP,RG,9500,4,D,YP,LG,D
11:15:21,ICBP,RG,9500,403,F,KZ,LG,D
11:15:21,ICBP,RG,9500,1000,D,CP,LG,D
11:15:21,ICBP,RG,9500,379,F,KZ,LG,D
11:15:21,ICBP,RG,9500,1000,D,CP,LG,D
11:15:21,ICBP,RG,9500,3,D,CC,LG,D
11:15:21,ICBP,RG,9500,1,D,XC,LG,D
11:15:21,ICBP,RG,9500,15,D,CC,LG,D
11:15:21,ICBP,RG,9500,3,D,YP,LG,D
11:15:21,ICBP,RG,9500,2,D,XC,LG,D
11:15:21,ICBP,RG,9500,50,D,YP,LG,D
11:15:21,ICBP,RG,9500,1,D,XL,LG,D
11:15:21,ICBP,RG,9500,10,D,NI,LG,D
11:15:21,ICBP,RG,9500,2,D,DH,LG,D
11:15:21,ICBP,RG,9500,5,D,SQ,LG,D
11:15:21,ICBP,RG,9500,2,D,PD,LG,D
11:15:21,ICBP,RG,9500,2,D,SQ,LG,D
11:15:21,ICBP,RG,9500,1,D,XL,LG,D
11:15:21,ICBP,RG,9500,1,D,YP,LG,D
11:15:21,ICBP,RG,9500,1,D,YP,LG,D
11:15:21,ICBP,RG,9500,5,D,YP,LG,D
11:15:21,ICBP,RG,9500,5,D,KK,LG,D
11:15:21,ICBP,RG,9500,382,F,KZ,LG,D
11:15:21,ICBP,RG,9500,1,D,DR,LG,D
11:15:21,ICBP,RG,9500,20,D,ES,LG,D
11:15:21,ICBP,RG,9500,1,D,YP,LG,D
11:15:21,ICBP,RG,9500,1,D,PD,LG,D
11:15:21,ICBP,RG,9500,1,D,YP,LG,D
11:15:21,ICBP,RG,9500,1,D,YP,LG,D
11:15:21,ICBP,RG,9500,3,D,XC,LG,D
11:15:21,ICBP,RG,9500,10,D,YP,LG,D
11:15:21,ICBP,RG,9500,10,D,YP,LG,D
11:15:21,ICBP,RG,9500,25,D,GR,LG,D
11:15:21,ICBP,RG,9500,1,D,YP,LG,D
11:15:21,ICBP,RG,9500,1,D,XL,LG,D
11:15:21,ICBP,RG,9500,1,D,PD,LG,D
11:15:21,ICBP,RG,9500,1,D,YP,LG,D
11:15:21,ICBP,RG,9500,500,D,YU,LG,D
11:15:21,ICBP,RG,9500,5,D,PD,LG,D
11:15:21,ICBP,RG,9500,1,D,AT,LG,D
11:15:21,ICBP,RG,9500,1,D,NI,LG,D
11:15:21,ICBP,RG,9500,1,D,CC,LG,D
11:15:21,ICBP,RG,9500,173,D,ZP,LG,D
11:15:04,ICBP,RG,9500,1,D,ZP,YP,D
11:14:35,ICBP,RG,9525,2,D,SQ,KZ,D
11:13:33,ICBP,RG,9525,2,D,SQ,KZ,D
11:12:46,ICBP,RG,9500,4,D,ZP,PD,D
11:12:38,ICBP,RG,9525,2,F,BK,KZ,D
11:12:37,ICBP,RG,9525,2,D,KK,KZ,D
11:12:37,ICBP,RG,9525,1,D,YP,KZ,D
11:12:37,ICBP,RG,9525,1,D,YP,KZ,D
11:12:37,ICBP,RG,9525,13,D,AK,KZ,D
11:12:36,ICBP,RG,9525,10,D,AK,CS,D
11:12:36,ICBP,RG,9525,5,F,KZ,CC,D
11:12:36,ICBP,RG,9525,32,F,BK,CC,D
11:12:36,ICBP,RG,9525,92,F,KZ,CC,D
11:12:36,ICBP,RG,9525,1,F,KZ,CC,D
11:12:36,ICBP,RG,9525,1,F,CS,CC,D
11:12:36,ICBP,RG,9525,3,F,CS,CC,D
11:12:36,ICBP,RG,9525,2,F,KZ,CC,D
11:12:36,ICBP,RG,9525,4,F,CS,CC,D
11:12:36,ICBP,RG,9525,2,F,KZ,CC,D
11:12:36,ICBP,RG,9525,1,F,CS,CC,D
11:12:36,ICBP,RG,9525,4,F,CS,CC,D
11:12:36,ICBP,RG,9525,42,F,KZ,CC,D
11:12:36,ICBP,RG,9525,6,F,CS,CC,D
11:12:36,ICBP,RG,9525,1,F,KZ,CC,D
11:12:36,ICBP,RG,9525,2,D,SQ,CC,D
11:12:36,ICBP,RG,9525,2,F,KZ,CC,D
11:12:36,ICBP,RG,9525,3,F,CS,CC,D
11:12:36,ICBP,RG,9525,3,F,CS,CC,D
11:12:36,ICBP,RG,9525,1,F,KZ,CC,D
11:12:36,ICBP,RG,9525,18,F,KZ,CC,D
11:12:36,ICBP,RG,9525,3,D,AK,CC,D
11:12:22,ICBP,RG,9525,22,D,AK,KZ,D
11:12:22,ICBP,RG,9525,2,F,KZ,KZ,D
11:12:22,ICBP,RG,9525,11,F,KZ,KZ,D
11:12:21,ICBP,RG,9525,17,F,KZ,KZ,D
11:12:21,ICBP,RG,9525,3,F,KZ,ZP,F
11:12:20,ICBP,RG,9525,33,F,KZ,CC,D
11:12:20,ICBP,RG,9525,31,F,AK,CC,D
11:12:20,ICBP,RG,9525,86,F,BK,CC,D
11:12:06,ICBP,RG,9525,11,F,BK,KZ,D
11:12:02,ICBP,RG,9525,46,F,BK,KZ,D
11:11:57,ICBP,RG,9525,2,F,BK,ZP,F
11:11:11,ICBP,RG,9525,1,F,BK,ZP,F
11:11:11,ICBP,RG,9550,1,D,BQ,SQ,D
11:11:09,ICBP,RG,9525,4,F,BK,PD,D
11:11:09,ICBP,RG,9525,1,F,KZ,PD,D
11:09:32,ICBP,RG,9550,2,D,SQ,CS,D
11:09:00,ICBP,RG,9525,3,F,KZ,CC,D
11:09:00,ICBP,RG,9525,18,F,KZ,CC,D
11:07:55,ICBP,RG,9550,7,F,BK,CS,D
11:07:55,ICBP,RG,9550,3,F,BK,CS,D
11:07:54,ICBP,RG,9550,1,D,DH,CS,D
11:07:52,ICBP,RG,9550,3,D,MG,CS,D
11:07:52,ICBP,RG,9550,12,D,MG,CC,D
11:03:43,ICBP,RG,9550,1,D,XC,CC,D
11:01:55,ICBP,RG,9550,2,D,YP,CC,D
10:59:36,ICBP,RG,9550,1,D,XL,CC,D
10:58:02,ICBP,RG,9550,1,D,XC,CC,D
10:57:18,ICBP,RG,9550,2,D,SQ,CC,D
10:57:13,ICBP,RG,9550,2,D,SQ,CC,D
10:57:00,ICBP,RG,9525,6,F,KZ,AK,F
10:57:00,ICBP,RG,9550,136,D,AK,CC,D
10:56:16,ICBP,RG,9550,2,D,SQ,CC,D
10:55:14,ICBP,RG,9525,12,F,KZ,PD,D
10:53:46,ICBP,RG,9550,20,F,BK,CC,D
10:53:45,ICBP,RG,9550,21,D,AK,CC,D
10:53:45,ICBP,RG,9550,1,D,AK,NI,D
10:53:45,ICBP,RG,9550,5,D,AK,CP,D
10:53:45,ICBP,RG,9550,1,D,AK,KZ,D
10:53:45,ICBP,RG,9550,1,D,AK,CS,D
10:51:49,ICBP,RG,9525,2,F,CS,CS,D
10:51:49,ICBP,RG,9525,1,F,AK,CS,D
10:51:49,ICBP,RG,9525,1,F,AK,CS,D
10:51:49,ICBP,RG,9525,2,F,AK,CS,D
10:51:49,ICBP,RG,9525,1,F,AK,CS,D
10:51:49,ICBP,RG,9525,2,F,AK,NI,D
10:51:49,ICBP,RG,9525,2,F,AK,XC,D
10:51:49,ICBP,RG,9525,9,F,AK,BK,F
10:51:49,ICBP,RG,9525,5,F,AK,CS,D
10:51:49,ICBP,RG,9525,7,F,AK,ZP,F
10:51:49,ICBP,RG,9525,5,F,AK,KZ,D
10:51:49,ICBP,RG,9525,5,F,KZ,KZ,D
10:51:49,ICBP,RG,9525,7,D,NI,KZ,D
10:51:49,ICBP,RG,9525,1,D,NI,CS,D
10:51:49,ICBP,RG,9525,3,D,NI,CS,D
10:51:49,ICBP,RG,9525,1,D,NI,CS,D
10:51:49,ICBP,RG,9525,1,D,NI,CS,D
10:51:49,ICBP,RG,9525,3,D,NI,CS,D
10:51:49,ICBP,RG,9525,1,D,NI,CS,D
10:51:49,ICBP,RG,9525,1,D,NI,CS,D
10:51:49,ICBP,RG,9525,33,D,NI,AK,F
10:51:49,ICBP,RG,9525,2,D,NI,NI,D
10:51:49,ICBP,RG,9525,2,D,NI,CS,D
10:51:49,ICBP,RG,9525,1,D,NI,CS,D
10:51:49,ICBP,RG,9525,3,D,NI,CS,D
10:51:49,ICBP,RG,9525,1,D,NI,CS,D
10:51:21,ICBP,RG,9500,11,D,ZP,KZ,D
10:50:59,ICBP,RG,9525,7,D,CC,CS,D
10:50:59,ICBP,RG,9525,3,D,CC,CS,D
10:50:41,ICBP,RG,9525,5,D,XC,KZ,D
10:50:19,ICBP,RG,9525,20,F,KZ,KZ,D
10:50:19,ICBP,RG,9525,18,F,BK,KZ,D
10:50:16,ICBP,RG,9500,31,D,ZP,ZP,D
10:49:28,ICBP,RG,9500,4,D,ZP,AK,F
10:48:15,ICBP,RG,9525,18,F,KZ,KZ,D
10:48:14,ICBP,RG,9525,2,D,SQ,CS,D
10:47:42,ICBP,RG,9500,42,D,ZP,KZ,D
10:46:27,ICBP,RG,9525,1,F,KZ,CS,D
10:46:27,ICBP,RG,9525,2,D,CC,CS,D
10:46:26,ICBP,RG,9525,2,D,XL,CS,D
10:46:22,ICBP,RG,9525,3,F,KZ,CS,D
10:46:22,ICBP,RG,9525,2,F,KZ,CS,D
10:46:22,ICBP,RG,9525,2,F,KZ,CS,D
10:46:17,ICBP,RG,9525,1,F,KZ,CS,D
10:46:17,ICBP,RG,9525,1,D,SQ,CS,D
10:46:17,ICBP,RG,9525,1,D,SQ,CS,D
10:45:51,ICBP,RG,9525,1,F,KZ,CS,D
10:45:51,ICBP,RG,9525,11,F,KZ,CC,D
10:45:51,ICBP,RG,9525,31,D,YP,CC,D
10:45:35,ICBP,RG,9525,19,F,BK,CC,D
10:45:32,ICBP,RG,9525,23,F,KZ,CC,D
10:45:30,ICBP,RG,9525,80,F,KZ,CC,D
10:45:30,ICBP,RG,9525,7,F,KZ,ZP,F
10:45:30,ICBP,RG,9525,15,F,KZ,KZ,D
10:45:28,ICBP,RG,9500,234,D,ZP,CC,D
10:45:28,ICBP,RG,9500,30,D,YB,CC,D
10:45:28,ICBP,RG,9500,50,D,NI,CC,D
10:45:28,ICBP,RG,9500,1,D,XC,CC,D
10:44:39,ICBP,RG,9525,1,D,XC,KZ,D
10:42:11,ICBP,RG,9525,1,F,KZ,KZ,D
10:42:08,ICBP,RG,9525,1,F,KZ,CS,D
10:42:08,ICBP,RG,9525,1,D,XC,CS,D
10:42:08,ICBP,RG,9525,3,D,XC,CS,D
10:42:08,ICBP,RG,9525,1,D,XC,YP,D
10:41:40,ICBP,RG,9525,7,F,KZ,YP,D
10:41:37,ICBP,RG,9525,1,F,KZ,YP,D
10:41:37,ICBP,RG,9525,18,D,ZP,YP,D
10:41:37,ICBP,RG,9525,2,D,ZP,KZ,D
10:41:05,ICBP,RG,9525,1,F,KZ,KZ,D
10:41:05,ICBP,RG,9525,2,D,SQ,KZ,D
10:39:58,ICBP,RG,9525,1,D,MG,KZ,D
10:39:42,ICBP,RG,9525,11,F,KZ,KZ,D
10:39:42,ICBP,RG,9525,30,D,BS,KZ,D
10:38:59,ICBP,RG,9525,1,F,KZ,CS,D
10:38:59,ICBP,RG,9525,2,D,SQ,CS,D
10:35:45,ICBP,RG,9525,1,D,PD,CS,D
10:35:28,ICBP,RG,9525,1,F,KZ,CS,D
10:35:26,ICBP,RG,9500,1,D,XC,PD,D
10:34:01,ICBP,RG,9525,1,D,XC,CS,D
10:32:55,ICBP,RG,9525,1,D,BQ,AK,F
10:31:30,ICBP,RG,9525,1,D,YP,AK,F
10:31:26,ICBP,RG,9525,1,D,XC,AK,F
10:31:23,ICBP,RG,9525,32,F,AK,AK,F
10:31:23,ICBP,RG,9525,10,F,KZ,CC,F
10:31:23,ICBP,RG,9525,11,F,KZ,BK,F
10:31:23,ICBP,RG,9525,40,F,KZ,AK,F
10:31:23,ICBP,RG,9525,31,F,KZ,AK,F
10:31:23,ICBP,RG,9525,140,F,KZ,CC,D
10:31:23,ICBP,RG,9525,30,F,KZ,CC,D
10:31:23,ICBP,RG,9525,172,F,KZ,CC,D
10:31:23,ICBP,RG,9525,6,F,KZ,ZP,F
10:31:23,ICBP,RG,9525,3,F,KZ,CS,D
10:31:23,ICBP,RG,9525,6,F,KZ,ZP,F
10:31:23,ICBP,RG,9525,1,F,KZ,CS,D
10:31:23,ICBP,RG,9525,3,F,KZ,CS,D
10:31:23,ICBP,RG,9525,155,F,KZ,CC,D
10:31:22,ICBP,RG,9500,1,D,TF,XC,D
10:31:18,ICBP,RG,9500,1,D,TF,AK,F
10:31:18,ICBP,RG,9525,2,D,YP,CC,D
10:30:42,ICBP,RG,9500,1,D,TF,BK,F
10:30:42,ICBP,RG,9500,1,D,SQ,BK,F
10:30:42,ICBP,RG,9500,2,D,DH,BK,F
10:30:42,ICBP,RG,9500,1,D,XL,BK,F
10:30:42,ICBP,RG,9500,3,D,LG,BK,F
10:30:36,ICBP,RG,9500,1,D,LG,XL,D
10:30:34,ICBP,RG,9500,1,D,LG,AK,F
10:30:34,ICBP,RG,9500,1,D,PD,AK,F
10:30:34,ICBP,RG,9500,1,D,YP,AK,F
10:30:34,ICBP,RG,9500,1,D,YP,AK,F
10:30:34,ICBP,RG,9500,5,D,CC,AK,F
10:30:34,ICBP,RG,9500,1,D,XC,AK,F
10:30:33,ICBP,RG,9525,1,D,PD,CC,D
10:30:24,ICBP,RG,9525,23,D,AK,CC,D
10:30:24,ICBP,RG,9525,4,F,CS,CC,D
10:30:24,ICBP,RG,9525,31,D,YP,CC,D
10:30:24,ICBP,RG,9525,5,D,XL,CC,D
10:30:24,ICBP,RG,9525,4,F,CS,CC,D
10:30:24,ICBP,RG,9525,24,D,AK,CC,D
10:30:24,ICBP,RG,9525,1,D,DH,CC,D
10:30:24,ICBP,RG,9525,2,D,OD,CC,D
10:30:24,ICBP,RG,9525,2,D,SQ,CC,D
10:30:24,ICBP,RG,9525,10,D,MG,CC,D
10:30:24,ICBP,RG,9525,10,F,BK,CC,D
10:30:24,ICBP,RG,9525,5,D,YB,CC,D
10:30:24,ICBP,RG,9525,1,D,YP,CC,D
10:30:24,ICBP,RG,9525,1,D,NI,CC,D
10:30:24,ICBP,RG,9525,2,D,CC,CC,D
10:30:24,ICBP,RG,9525,1,D,XL,CC,D
10:30:24,ICBP,RG,9525,1,D,CC,CC,D
10:30:24,ICBP,RG,9525,2,D,SQ,CC,D
10:30:24,ICBP,RG,9525,8,D,AF,CC,D
10:30:10,ICBP,RG,9525,1,D,AF,CC,D
10:27:26,ICBP,RG,9525,22,D,AF,KZ,D
10:26:25,ICBP,RG,9525,19,D,AF,AK,F
10:26:25,ICBP,RG,9550,7,F,CS,CC,D
10:26:25,ICBP,RG,9550,110,D,NI,CC,D
10:26:25,ICBP,RG,9550,9,F,BK,CC,D
10:26:25,ICBP,RG,9550,5,F,CS,CC,D
10:26:25,ICBP,RG,9550,44,D,AK,CC,D
10:26:00,ICBP,RG,9550,1,D,YP,AK,F
10:26:00,ICBP,RG,9550,1,D,YP,ZP,F
10:26:00,ICBP,RG,9550,3,F,CS,ZP,F
10:26:00,ICBP,RG,9550,3,D,AK,ZP,F
10:25:09,ICBP,RG,9550,3,D,AK,SH,D
10:24:34,ICBP,RG,9550,2,D,AK,AK,F
10:24:34,ICBP,RG,9550,16,D,AK,YP,D
10:24:08,ICBP,RG,9550,2,D,AK,AK,F
10:24:08,ICBP,RG,9550,1,F,CS,AK,F
10:24:08,ICBP,RG,9550,3,F,CS,BK,F
10:24:08,ICBP,RG,9550,36,F,BK,BK,F
10:24:07,ICBP,RG,9550,2,F,BK,EP,D
10:23:37,ICBP,RG,9550,1,F,BK,AK,F
10:23:37,ICBP,RG,9550,1,F,BK,AK,F
10:23:37,ICBP,RG,9550,6,D,AK,AK,F
10:23:37,ICBP,RG,9550,55,D,AK,KZ,D
10:23:37,ICBP,RG,9550,13,F,AK,KZ,D
10:22:30,ICBP,RG,9550,2,F,AK,NI,D
10:21:44,ICBP,RG,9550,4,F,AK,PD,D
10:21:09,ICBP,RG,9550,13,F,AK,GR,D
10:21:09,ICBP,RG,9550,1,F,AK,XC,D
10:19:31,ICBP,RG,9550,17,F,KZ,KZ,D
10:18:47,ICBP,RG,9550,46,F,KZ,KZ,D
10:18:44,ICBP,RG,9550,9,F,KZ,CC,D
10:18:44,ICBP,RG,9550,7,F,CS,CC,D
10:18:44,ICBP,RG,9550,5,D,KK,CC,D
10:18:44,ICBP,RG,9550,10,D,MG,CC,D
10:18:44,ICBP,RG,9550,81,F,KZ,CC,D
10:18:44,ICBP,RG,9550,35,F,KZ,CC,D
10:18:44,ICBP,RG,9550,84,D,DP,CC,D
10:18:44,ICBP,RG,9550,34,D,DP,CC,D
10:18:44,ICBP,RG,9550,1,D,YP,CC,D
10:18:44,ICBP,RG,9550,1,D,XL,CC,D
10:18:44,ICBP,RG,9550,10,F,BK,CC,D
10:18:44,ICBP,RG,9550,1,D,XC,CC,D
10:18:44,ICBP,RG,9550,3,D,SQ,CC,D
10:18:44,ICBP,RG,9550,3,D,XL,CC,D
10:18:44,ICBP,RG,9550,1,D,PD,CC,D
10:18:44,ICBP,RG,9550,1,D,XL,CC,D
10:18:44,ICBP,RG,9550,10,D,PD,CC,D
10:18:44,ICBP,RG,9550,2,D,SQ,CC,D
10:18:44,ICBP,RG,9550,5,D,YP,CC,D
10:18:44,ICBP,RG,9550,32,F,KZ,CC,D
10:15:42,ICBP,RG,9575,1,D,CC,CC,D
10:15:03,ICBP,RG,9575,7,F,CS,CC,D
10:15:03,ICBP,RG,9575,2,D,XC,CC,D
10:15:03,ICBP,RG,9575,2,D,XC,CC,D
10:15:03,ICBP,RG,9575,2,D,SQ,CC,D
10:15:03,ICBP,RG,9575,5,D,CC,CC,D
10:15:03,ICBP,RG,9575,26,D,AK,CC,D
10:15:03,ICBP,RG,9575,4,F,CS,CC,D
10:15:03,ICBP,RG,9575,26,D,AK,CC,D
10:15:03,ICBP,RG,9575,82,F,KZ,CC,D
10:12:34,ICBP,RG,9575,4,F,KZ,PD,D
10:12:30,ICBP,RG,9575,1,F,KZ,SQ,D
10:12:30,ICBP,RG,9575,1,F,AK,SQ,D
10:11:36,ICBP,RG,9575,18,F,AK,KZ,D
10:07:50,ICBP,RG,9575,1,F,AK,DR,D
10:07:32,ICBP,RG,9575,12,F,AK,KZ,D
10:07:32,ICBP,RG,9575,5,F,CS,KZ,D
10:07:32,ICBP,RG,9575,3,D,KK,KZ,D
10:07:32,ICBP,RG,9575,3,D,XL,KZ,D
10:07:32,ICBP,RG,9575,2,D,SQ,KZ,D
10:07:32,ICBP,RG,9575,4,D,YP,KZ,D
10:07:32,ICBP,RG,9575,1,D,ZP,KZ,D
10:07:32,ICBP,RG,9575,1,D,XL,KZ,D
10:07:32,ICBP,RG,9575,1,D,SQ,KZ,D
10:07:32,ICBP,RG,9575,16,F,BK,KZ,D
10:07:21,ICBP,RG,9575,15,F,BK,KZ,D
10:07:17,ICBP,RG,9575,5,F,BK,KZ,D
10:07:17,ICBP,RG,9575,34,F,KZ,KZ,D
10:07:16,ICBP,RG,9575,46,F,KZ,BK,F
10:07:16,ICBP,RG,9575,227,F,BK,BK,F
10:07:16,ICBP,RG,9575,116,F,KZ,BK,F
10:07:16,ICBP,RG,9575,74,F,KZ,AK,F
10:07:16,ICBP,RG,9575,301,F,KZ,BK,F
10:07:16,ICBP,RG,9575,335,D,PD,BK,F
10:07:16,ICBP,RG,9575,321,D,PD,CC,D
10:04:44,ICBP,RG,9600,8,F,KZ,CC,D
10:04:44,ICBP,RG,9600,5,D,NI,CC,D
10:03:34,ICBP,RG,9575,15,D,PD,KK,D
10:02:35,ICBP,RG,9600,3,F,KZ,CC,D
10:02:35,ICBP,RG,9600,9,F,BK,CC,D
10:02:32,ICBP,RG,9600,4,F,KZ,CC,D
10:02:32,ICBP,RG,9600,14,F,BK,CC,D
10:02:28,ICBP,RG,9600,160,F,KZ,CC,D
10:02:27,ICBP,RG,9600,11,F,BK,CC,D
10:02:25,ICBP,RG,9575,230,D,PD,AK,F
10:02:25,ICBP,RG,9575,19,D,PD,PD,D
10:02:25,ICBP,RG,9575,230,D,PD,AK,F
10:02:16,ICBP,RG,9575,230,D,PD,AK,F
10:01:36,ICBP,RG,9600,8,D,XC,CC,D
10:01:33,ICBP,RG,9600,12,D,XL,CC,D
10:01:32,ICBP,RG,9600,2,D,SQ,CC,D
10:01:32,ICBP,RG,9600,10,F,KZ,CC,D
10:01:32,ICBP,RG,9600,24,D,AK,CC,D
10:01:32,ICBP,RG,9600,13,F,KZ,CC,D
10:01:32,ICBP,RG,9600,20,D,PD,CC,D
10:01:32,ICBP,RG,9600,57,F,BK,CC,D
10:01:32,ICBP,RG,9600,87,F,KZ,CC,D
10:01:32,ICBP,RG,9600,17,F,KZ,CC,D
10:01:32,ICBP,RG,9600,8,F,KZ,CC,D
10:00:15,ICBP,RG,9600,21,F,KZ,AK,F
10:00:15,ICBP,RG,9600,46,D,AK,AK,F
10:00:15,ICBP,RG,9600,154,F,KZ,AK,F
09:59:31,ICBP,RG,9600,1,F,KZ,CP,D
09:58:36,ICBP,RG,9625,5,F,KZ,AK,F
09:58:36,ICBP,RG,9625,50,F,KZ,YU,F
09:58:36,ICBP,RG,9625,15,F,KZ,YU,F
09:58:36,ICBP,RG,9625,29,F,KZ,CC,D
09:58:36,ICBP,RG,9625,13,F,KZ,AK,F
09:58:34,ICBP,RG,9625,2,F,KZ,AK,F
09:58:34,ICBP,RG,9625,69,F,KZ,AK,F
09:58:32,ICBP,RG,9600,279,F,KZ,CC,D
09:58:32,ICBP,RG,9600,186,F,BK,CC,D
09:58:32,ICBP,RG,9600,6,F,CS,CC,D
09:58:32,ICBP,RG,9600,1,F,CS,CC,D
09:58:32,ICBP,RG,9600,87,F,KZ,CC,D
09:58:32,ICBP,RG,9600,941,F,ZP,CC,D
09:58:15,ICBP,RG,9625,3,F,KZ,AK,F
09:58:15,ICBP,RG,9625,9,F,BK,AK,F
09:58:10,ICBP,RG,9625,10,F,KZ,AK,F
09:58:10,ICBP,RG,9625,58,F,BK,AK,F
09:58:06,ICBP,RG,9625,93,F,KZ,AK,F
09:58:06,ICBP,RG,9625,174,F,KZ,YU,F
09:58:06,ICBP,RG,9625,22,F,KZ,YU,F
09:58:06,ICBP,RG,9625,81,F,KZ,BK,F
09:58:06,ICBP,RG,9625,115,F,KZ,BK,F
09:58:05,ICBP,RG,9625,57,F,BK,BK,F
09:58:05,ICBP,RG,9625,1,F,BK,KK,D
09:58:05,ICBP,RG,9625,1,F,BK,PD,D
09:58:05,ICBP,RG,9625,8,F,BK,NI,D
09:58:05,ICBP,RG,9625,1,F,BK,TF,D
09:58:05,ICBP,RG,9625,10,F,BK,PD,D
09:58:05,ICBP,RG,9625,5,F,BK,DH,D
09:58:05,ICBP,RG,9625,2,F,BK,CS,D
09:58:05,ICBP,RG,9625,7,F,BK,AK,F
09:58:04,ICBP,RG,9625,28,F,KZ,AK,F
09:58:04,ICBP,RG,9625,3,F,KZ,CS,D
09:58:04,ICBP,RG,9625,1,F,KZ,KK,D
09:58:04,ICBP,RG,9625,7,F,KZ,AK,F
09:58:01,ICBP,RG,9600,12,F,ZP,CS,D
09:58:01,ICBP,RG,9600,22,F,ZP,AK,F
09:58:01,ICBP,RG,9600,35,F,ZP,KZ,D
09:58:01,ICBP,RG,9600,17,F,ZP,KZ,D
09:58:01,ICBP,RG,9600,34,F,ZP,AK,F
09:58:01,ICBP,RG,9600,81,F,ZP,BK,F
09:58:01,ICBP,RG,9600,81,F,ZP,BK,F
09:58:01,ICBP,RG,9600,582,F,ZP,AK,F
09:58:01,ICBP,RG,9600,108,F,ZP,YU,F
09:58:01,ICBP,RG,9600,25,F,ZP,YU,F
09:58:01,ICBP,RG,9600,6,F,ZP,YU,F
09:58:01,ICBP,RG,9600,182,F,ZP,CC,D
09:58:01,ICBP,RG,9600,81,F,ZP,BK,F
09:58:01,ICBP,RG,9600,4,F,ZP,CS,D
09:58:01,ICBP,RG,9600,9,F,ZP,CS,D
09:58:01,ICBP,RG,9600,161,F,ZP,CC,D
09:57:32,ICBP,RG,9600,2,D,SQ,CC,D
09:57:32,ICBP,RG,9600,4,D,AT,CC,D
09:57:32,ICBP,RG,9600,3,F,CS,CC,D
09:57:32,ICBP,RG,9600,2,F,CS,CC,D
09:57:32,ICBP,RG,9600,5,D,YP,CC,D
09:57:32,ICBP,RG,9600,5,F,CS,CC,D
09:57:32,ICBP,RG,9600,5,D,AT,CC,D
09:57:32,ICBP,RG,9600,3,F,CS,CC,D
09:57:32,ICBP,RG,9600,1,F,CS,CC,D
09:57:32,ICBP,RG,9600,2,D,SQ,CC,D
09:57:32,ICBP,RG,9600,36,F,BK,CC,D
09:57:32,ICBP,RG,9600,3,F,CS,CC,D
09:57:32,ICBP,RG,9600,1,F,CS,CC,D
09:57:32,ICBP,RG,9600,87,F,KZ,CC,D
09:57:32,ICBP,RG,9600,25,F,ZP,CC,D
09:57:32,ICBP,RG,9600,78,F,BK,CC,D
09:57:32,ICBP,RG,9600,24,F,KZ,CC,D
09:57:32,ICBP,RG,9600,32,F,ZP,CC,D
09:57:32,ICBP,RG,9600,7,F,CS,CC,D
09:57:32,ICBP,RG,9600,100,D,NI,CC,D
09:57:32,ICBP,RG,9600,25,F,KZ,CC,D
09:57:32,ICBP,RG,9600,76,F,ZP,CC,D
09:57:32,ICBP,RG,9600,181,F,KZ,CC,D
09:57:32,ICBP,RG,9600,61,D,AK,CC,D
09:57:32,ICBP,RG,9600,24,D,AK,CC,D
09:57:32,ICBP,RG,9600,47,F,ZP,CC,D
09:55:53,ICBP,RG,9625,1,D,XA,AK,F
09:53:05,ICBP,RG,9625,1,F,KZ,AK,F
09:53:04,ICBP,RG,9625,1,D,YB,AK,F
09:53:01,ICBP,RG,9625,2,F,KZ,AK,F
09:53:01,ICBP,RG,9625,8,F,ZP,AK,F
09:53:01,ICBP,RG,9625,3,F,KZ,AK,F
09:52:59,ICBP,RG,9625,6,F,ZP,AK,F
09:52:59,ICBP,RG,9625,2,F,ZP,CS,D
09:52:58,ICBP,RG,9625,3,F,KZ,CS,D
09:52:58,ICBP,RG,9625,3,F,ZP,CS,D
09:52:58,ICBP,RG,9625,6,F,ZP,YU,F
09:52:56,ICBP,RG,9625,3,F,KZ,YU,F
09:52:56,ICBP,RG,9625,9,F,BK,YU,F
09:52:55,ICBP,RG,9625,3,F,KZ,YU,F
09:52:54,ICBP,RG,9625,9,F,ZP,YU,F
09:52:53,ICBP,RG,9625,5,F,KZ,YU,F
09:52:52,ICBP,RG,9625,4,F,ZP,YU,F
09:52:52,ICBP,RG,9625,4,F,ZP,YU,F
09:52:50,ICBP,RG,9625,3,F,KZ,YU,F
09:52:50,ICBP,RG,9625,8,F,KZ,YU,F
09:52:50,ICBP,RG,9625,7,D,XL,YU,F
09:52:50,ICBP,RG,9625,33,D,XL,YU,F
09:52:27,ICBP,RG,9625,2,F,KZ,YU,F
09:52:27,ICBP,RG,9625,7,D,YB,YU,F
09:52:04,ICBP,RG,9625,3,F,KZ,YU,F
09:52:04,ICBP,RG,9625,7,F,ZP,AK,F
09:52:01,ICBP,RG,9625,5,F,KZ,AK,F
09:52:00,ICBP,RG,9625,7,F,ZP,AK,F
09:52:00,ICBP,RG,9625,10,F,BK,AK,F
09:51:58,ICBP,RG,9625,3,F,KZ,AK,F
09:51:58,ICBP,RG,9625,7,F,ZP,AK,F
09:51:35,ICBP,RG,9625,16,F,KZ,AK,F
09:51:34,ICBP,RG,9625,50,D,NI,AK,F
09:51:27,ICBP,RG,9625,5,F,KZ,AK,F
09:51:27,ICBP,RG,9625,1,F,BK,AK,F
09:51:27,ICBP,RG,9625,8,F,BK,YP,D
09:51:25,ICBP,RG,9625,1,F,KZ,YP,D
09:51:24,ICBP,RG,9625,4,F,BK,YP,D
09:51:24,ICBP,RG,9625,5,F,BK,YP,D
09:51:21,ICBP,RG,9625,15,F,KZ,YP,D
09:51:21,ICBP,RG,9625,10,F,KZ,CS,D
09:51:21,ICBP,RG,9625,10,F,KZ,AK,F
09:51:19,ICBP,RG,9625,1,F,KZ,CC,F
09:51:19,ICBP,RG,9625,15,D,AK,CC,F
09:51:19,ICBP,RG,9625,66,D,AK,AK,F
09:51:19,ICBP,RG,9625,10,D,AK,CS,D
09:51:19,ICBP,RG,9625,7,D,AK,YU,F
09:51:19,ICBP,RG,9625,6,D,AK,YU,F
09:51:19,ICBP,RG,9625,5,D,AK,CC,D
09:50:25,ICBP,RG,9625,26,F,KZ,CC,D
09:50:23,ICBP,RG,9625,4,F,KZ,CC,D
09:50:20,ICBP,RG,9600,1,F,ZP,AK,F
09:50:20,ICBP,RG,9600,11,F,ZP,AK,F
09:50:20,ICBP,RG,9625,37,F,KZ,CC,D
09:50:20,ICBP,RG,9625,19,F,KZ,KZ,D
09:50:20,ICBP,RG,9625,13,F,KZ,KK,D
09:50:20,ICBP,RG,9625,20,F,KZ,PD,D
09:50:20,ICBP,RG,9625,16,F,KZ,XL,D
09:50:20,ICBP,RG,9625,3,F,KZ,CP,D
09:50:20,ICBP,RG,9625,9,F,KZ,YP,D
09:50:18,ICBP,RG,9600,16,F,ZP,AK,F
09:50:17,ICBP,RG,9600,40,F,ZP,AK,F
09:50:17,ICBP,RG,9600,15,F,ZP,YP,D
09:50:17,ICBP,RG,9600,64,F,BK,YP,D
09:50:17,ICBP,RG,9600,183,F,AK,YP,D
09:50:17,ICBP,RG,9600,25,F,AK,YP,D
09:50:17,ICBP,RG,9600,2,F,CS,YP,D
09:50:17,ICBP,RG,9600,81,F,KZ,YP,D
09:49:32,ICBP,RG,9600,6,F,KZ,ZP,D
09:49:32,ICBP,RG,9600,4,F,CS,ZP,D
09:49:24,ICBP,RG,9625,1,F,KZ,YP,D
09:49:24,ICBP,RG,9625,5,F,KZ,YP,D
09:49:24,ICBP,RG,9625,10,F,KZ,KK,D
09:49:24,ICBP,RG,9625,1,F,KZ,YP,D
09:49:24,ICBP,RG,9625,2,F,KZ,KK,F
09:49:19,ICBP,RG,9625,1,F,KZ,KK,F
09:49:15,ICBP,RG,9600,2,F,KZ,XC,D
09:49:14,ICBP,RG,9625,7,F,KZ,KK,F
09:49:14,ICBP,RG,9625,2,F,KZ,YP,D
09:49:14,ICBP,RG,9625,1,F,KZ,EP,D
09:49:14,ICBP,RG,9625,2,F,KZ,XC,D
09:49:13,ICBP,RG,9625,1,F,KZ,XC,D
09:49:11,ICBP,RG,9625,8,F,BK,XC,D
09:49:11,ICBP,RG,9600,13,F,KZ,CS,D
09:49:11,ICBP,RG,9600,7,F,KZ,AK,F
09:49:11,ICBP,RG,9600,27,F,KZ,YU,F
09:49:11,ICBP,RG,9600,2,F,KZ,YU,F
09:49:11,ICBP,RG,9600,4,F,KZ,YU,F
09:49:11,ICBP,RG,9600,6,F,KZ,YU,F
09:49:11,ICBP,RG,9600,4,F,KZ,CS,D
09:49:11,ICBP,RG,9600,4,F,KZ,AK,F
09:49:10,ICBP,RG,9600,7,F,ZP,AK,F
09:49:09,ICBP,RG,9600,9,F,BK,AK,F
09:49:09,ICBP,RG,9600,3,F,KZ,AK,F
09:49:09,ICBP,RG,9600,1,F,KZ,AK,F
09:49:09,ICBP,RG,9600,2,F,KZ,AK,F
09:49:09,ICBP,RG,9600,1,F,KZ,AK,F
09:49:07,ICBP,RG,9600,1,F,KZ,AK,F
09:49:07,ICBP,RG,9600,10,F,ZP,AK,F
09:49:06,ICBP,RG,9600,14,F,ZP,AK,F
09:49:06,ICBP,RG,9600,30,F,ZP,CC,D
09:49:06,ICBP,RG,9600,10,F,BK,CC,D
09:49:06,ICBP,RG,9575,15,D,PD,AK,F
09:49:06,ICBP,RG,9600,31,F,KZ,CC,D
09:49:06,ICBP,RG,9600,10,F,KZ,CC,D
09:49:06,ICBP,RG,9600,1,F,KZ,YP,D
09:49:06,ICBP,RG,9600,12,F,KZ,DX,D
09:49:06,ICBP,RG,9600,7,F,KZ,ZP,F
09:49:06,ICBP,RG,9600,3,F,KZ,KZ,D
09:49:06,ICBP,RG,9600,4,F,KZ,KZ,D
09:49:06,ICBP,RG,9600,3,F,KZ,CS,D
09:49:06,ICBP,RG,9600,6,F,KZ,CS,D
09:49:06,ICBP,RG,9600,47,F,KZ,KZ,D
09:49:06,ICBP,RG,9600,7,F,KZ,YU,F
09:49:06,ICBP,RG,9600,1,F,KZ,XC,D
09:49:06,ICBP,RG,9600,1,F,KZ,DH,D
09:49:06,ICBP,RG,9600,25,F,KZ,KZ,D
09:49:06,ICBP,RG,9600,7,F,KZ,ZP,F
09:49:06,ICBP,RG,9600,4,F,KZ,AK,F
09:49:06,ICBP,RG,9600,2,F,KZ,AK,F
09:49:06,ICBP,RG,9600,8,F,KZ,YP,D
09:49:06,ICBP,RG,9600,2,F,KZ,CP,D
09:49:06,ICBP,RG,9600,8,F,KZ,KZ,D
09:49:06,ICBP,RG,9600,7,F,KZ,CS,D
09:49:06,ICBP,RG,9600,1,F,KZ,CS,D
09:49:06,ICBP,RG,9600,3,F,KZ,ZP,D
09:48:17,ICBP,RG,9600,1,D,XA,ZP,D
09:47:59,ICBP,RG,9600,10,F,ZP,ZP,D
09:47:56,ICBP,RG,9575,16,D,PD,KZ,D
09:47:13,ICBP,RG,9575,1,D,PD,PD,D
09:45:47,ICBP,RG,9600,1,D,SQ,ZP,D
09:45:33,ICBP,RG,9600,8,F,ZP,ZP,D
09:45:31,ICBP,RG,9575,32,D,PD,YP,D
09:45:30,ICBP,RG,9575,15,D,PD,YP,D
09:43:20,ICBP,RG,9575,41,D,PD,LG,D
09:43:20,ICBP,RG,9575,1,F,KZ,LG,D
09:43:20,ICBP,RG,9575,1,D,YP,LG,D
09:43:20,ICBP,RG,9575,1,D,SQ,LG,D
09:43:20,ICBP,RG,9575,10,F,KZ,LG,D
09:43:20,ICBP,RG,9575,1,D,SQ,LG,D
09:40:19,ICBP,RG,9600,1,F,KZ,ZP,D
09:40:16,ICBP,RG,9600,2,F,KZ,ZP,D
09:40:16,ICBP,RG,9600,5,F,KZ,ZP,D
09:39:13,ICBP,RG,9575,2,F,KZ,XC,D
09:37:57,ICBP,RG,9575,5,F,KZ,LG,D
09:37:31,ICBP,RG,9600,4,D,NI,ZP,D
09:37:05,ICBP,RG,9600,1,D,SQ,ZP,D
09:36:28,ICBP,RG,9575,2,F,KZ,XC,D
09:36:13,ICBP,RG,9575,5,F,KZ,CC,D
09:35:47,ICBP,RG,9575,13,F,KZ,NI,D
09:34:22,ICBP,RG,9600,5,D,YP,ZP,D
09:34:22,ICBP,RG,9600,8,D,YP,ZP,D
09:34:22,ICBP,RG,9600,67,F,ZP,ZP,D
09:34:22,ICBP,RG,9600,2,F,CS,ZP,D
09:34:22,ICBP,RG,9600,1,F,CS,ZP,D
09:34:22,ICBP,RG,9600,2,F,CS,ZP,D
09:34:22,ICBP,RG,9600,10,D,YP,ZP,D
09:34:22,ICBP,RG,9600,3,F,CS,ZP,D
09:34:22,ICBP,RG,9600,2,F,CS,ZP,D
09:34:22,ICBP,RG,9600,1,D,XC,ZP,D
09:34:22,ICBP,RG,9600,5,F,CS,ZP,D
09:34:22,ICBP,RG,9600,2,F,CS,ZP,D
09:34:22,ICBP,RG,9600,1,D,NI,ZP,D
09:34:22,ICBP,RG,9600,2,D,LS,ZP,D
09:34:22,ICBP,RG,9600,40,F,BK,ZP,D
09:34:22,ICBP,RG,9600,2,D,SQ,ZP,D
09:34:22,ICBP,RG,9600,7,F,CS,ZP,D
09:34:22,ICBP,RG,9600,7,F,CS,ZP,D
09:34:22,ICBP,RG,9600,2,D,LG,ZP,D
09:34:22,ICBP,RG,9600,24,D,AK,ZP,D
09:34:22,ICBP,RG,9600,24,D,AK,ZP,D
09:34:22,ICBP,RG,9600,28,F,AK,ZP,D
09:34:22,ICBP,RG,9600,5,F,CS,ZP,D
09:33:21,ICBP,RG,9600,4,F,ZP,HP,D
09:31:33,ICBP,RG,9600,1,F,ZP,NI,D
09:29:22,ICBP,RG,9600,1,F,ZP,GR,D
09:29:21,ICBP,RG,9600,20,F,ZP,YP,D
09:28:43,ICBP,RG,9600,52,F,ZP,DR,D
09:27:17,ICBP,RG,9600,2,F,ZP,PD,D
09:27:12,ICBP,RG,9650,2,D,CC,ZP,D
09:27:01,ICBP,RG,9650,4,F,BK,ZP,D
09:27:01,ICBP,RG,9650,2,F,BK,XC,D
09:27:01,ICBP,RG,9650,1,F,BK,XC,D
09:27:01,ICBP,RG,9650,2,F,BK,XC,D
09:26:59,ICBP,RG,9625,17,F,AK,AK,F
09:26:59,ICBP,RG,9625,1,F,AK,PD,D
09:26:59,ICBP,RG,9625,1,F,AK,KZ,D
09:26:59,ICBP,RG,9625,5,F,AK,YP,D
09:26:59,ICBP,RG,9625,5,F,AK,CC,D
09:26:59,ICBP,RG,9625,1,F,AK,YP,D
09:26:59,ICBP,RG,9625,2,F,AK,PD,D
09:26:59,ICBP,RG,9625,1,F,AK,YP,D
09:26:59,ICBP,RG,9625,5,F,AK,KK,D
09:26:59,ICBP,RG,9625,4,F,AK,KZ,D
09:26:58,ICBP,RG,9600,1,F,ZP,CS,D
09:26:58,ICBP,RG,9600,3,F,ZP,AK,F
09:26:58,ICBP,RG,9600,1,F,ZP,PD,D
09:26:58,ICBP,RG,9600,1,F,ZP,AK,F
09:26:58,ICBP,RG,9600,32,F,ZP,AK,F
09:26:58,ICBP,RG,9600,5,F,ZP,SQ,D
09:26:58,ICBP,RG,9600,1,F,ZP,XL,D
09:26:58,ICBP,RG,9600,80,F,ZP,KK,F
09:26:58,ICBP,RG,9600,1,F,ZP,XC,D
09:26:58,ICBP,RG,9600,2,F,ZP,XC,D
09:26:58,ICBP,RG,9600,2,F,ZP,DR,D
09:26:55,ICBP,RG,9575,5,F,ZP,KK,D
09:26:28,ICBP,RG,9575,6,F,ZP,GR,D
09:26:28,ICBP,RG,9575,1,F,KZ,GR,D
09:26:28,ICBP,RG,9575,1,F,KZ,GR,D
09:25:57,ICBP,RG,9600,3,F,KK,DR,D
09:25:57,ICBP,RG,9600,3,F,KK,KK,D
09:25:41,ICBP,RG,9575,1,F,KZ,PD,D
09:25:24,ICBP,RG,9575,2,F,KZ,BQ,D
09:25:20,ICBP,RG,9575,1,F,KZ,CS,D
09:25:20,ICBP,RG,9575,2,F,ZP,CS,D
09:25:20,ICBP,RG,9575,2,F,ZP,AK,F
09:25:20,ICBP,RG,9575,5,F,ZP,KZ,D
09:25:17,ICBP,RG,9575,7,F,ZP,KZ,D
09:25:13,ICBP,RG,9575,2,F,ZP,KZ,D
09:25:13,ICBP,RG,9575,2,F,ZP,CS,D
09:25:13,ICBP,RG,9575,3,F,ZP,CS,D
09:25:10,ICBP,RG,9575,2,F,ZP,CS,D
09:25:10,ICBP,RG,9575,7,F,ZP,AK,F
09:25:09,ICBP,RG,9550,1,F,KZ,PD,D
09:24:53,ICBP,RG,9575,2,F,ZP,AK,F
09:24:53,ICBP,RG,9575,1,F,ZP,AK,F
09:24:53,ICBP,RG,9575,4,F,ZP,CS,D
09:24:53,ICBP,RG,9575,4,F,ZP,CC,F
09:23:23,ICBP,RG,9575,1,F,ZP,YP,D
09:23:23,ICBP,RG,9575,7,F,ZP,ZP,F
09:23:23,ICBP,RG,9575,7,F,ZP,CS,D
09:23:23,ICBP,RG,9575,6,F,ZP,AK,F
09:23:12,ICBP,RG,9550,10,F,KZ,CC,D
09:23:05,ICBP,RG,9550,5,F,KZ,YP,D
09:22:58,ICBP,RG,9575,8,F,ZP,AK,F
09:22:55,ICBP,RG,9575,15,F,ZP,AK,F
09:22:55,ICBP,RG,9575,1,F,ZP,BK,F
09:22:52,ICBP,RG,9575,75,F,KZ,BK,F
09:22:51,ICBP,RG,9575,15,D,YP,BK,F
09:22:51,ICBP,RG,9575,1,D,YP,XL,D
09:22:51,ICBP,RG,9575,2,D,YP,CS,D
09:22:51,ICBP,RG,9575,5,D,YP,CS,D
09:22:51,ICBP,RG,9575,7,D,YP,CS,D
09:22:51,ICBP,RG,9575,14,D,YP,AK,F
09:22:51,ICBP,RG,9575,3,D,YP,CS,D
09:22:51,ICBP,RG,9575,4,D,YP,CS,D
09:22:51,ICBP,RG,9575,2,D,YP,CS,D
09:22:51,ICBP,RG,9575,14,D,YP,AK,F
09:22:51,ICBP,RG,9575,4,D,YP,KZ,D
09:22:50,ICBP,RG,9550,168,F,KZ,BK,F
09:22:50,ICBP,RG,9550,5,D,YP,BK,F
09:22:50,ICBP,RG,9550,2,D,CC,BK,F
09:22:50,ICBP,RG,9550,8,F,CS,BK,F
09:22:50,ICBP,RG,9550,1,D,NI,BK,F
09:22:50,ICBP,RG,9550,25,D,AK,BK,F
09:22:50,ICBP,RG,9550,29,F,ZP,BK,F
09:22:50,ICBP,RG,9550,13,D,KK,BK,F
09:22:50,ICBP,RG,9550,3,D,XC,BK,F
09:22:50,ICBP,RG,9550,5,D,YP,BK,F
09:22:50,ICBP,RG,9550,4,D,PD,BK,F
09:22:50,ICBP,RG,9550,3,F,CS,BK,F
09:22:50,ICBP,RG,9550,20,D,YP,BK,F
09:22:50,ICBP,RG,9550,26,D,AK,BK,F
09:22:50,ICBP,RG,9550,3,D,CC,BK,F
09:22:50,ICBP,RG,9550,5,F,CS,BK,F
09:22:50,ICBP,RG,9550,3,D,XL,BK,F
09:22:50,ICBP,RG,9550,8,F,CS,BK,F
09:22:50,ICBP,RG,9550,22,F,BK,BK,F
09:22:50,ICBP,RG,9550,86,F,ZP,BK,F
09:22:50,ICBP,RG,9550,23,F,AK,BK,F
09:22:50,ICBP,RG,9550,165,F,BK,BK,F
09:22:49,ICBP,RG,9575,7,F,ZP,KZ,D
09:22:49,ICBP,RG,9550,111,F,BK,BK,F
09:21:38,ICBP,RG,9550,1,F,BK,AK,F
09:21:38,ICBP,RG,9575,11,D,YP,BK,F
09:21:38,ICBP,RG,9575,2,D,YP,CS,D
09:21:38,ICBP,RG,9575,7,D,YP,ZP,F
09:20:33,ICBP,RG,9550,3,F,BK,YP,D
09:18:50,ICBP,RG,9550,7,F,BK,DH,D
09:17:58,ICBP,RG,9550,2,F,BK,KK,D
09:17:47,ICBP,RG,9550,15,F,BK,BK,F
09:16:42,ICBP,RG,9550,7,F,BK,XC,D
09:16:36,ICBP,RG,9550,10,F,BK,BK,F
09:15:43,ICBP,RG,9550,9,F,BK,BK,F
09:15:40,ICBP,RG,9550,8,F,BK,BK,F
09:15:37,ICBP,RG,9550,24,F,ZP,BK,F
09:15:37,ICBP,RG,9550,1,D,SQ,BK,F
09:15:37,ICBP,RG,9550,1,D,SQ,BK,F
09:15:32,ICBP,RG,9575,9,F,BK,BK,F
09:15:32,ICBP,RG,9575,8,F,CS,BK,F
09:15:32,ICBP,RG,9575,1,D,DH,BK,F
09:15:32,ICBP,RG,9575,1,F,CC,BK,F
09:15:32,ICBP,RG,9575,24,D,AK,BK,F
09:15:32,ICBP,RG,9575,86,F,KZ,BK,F
09:15:26,ICBP,RG,9575,8,F,KZ,BK,F
09:15:22,ICBP,RG,9575,9,F,KZ,BK,F
09:15:20,ICBP,RG,9575,3,F,KZ,XC,D
09:15:18,ICBP,RG,9575,28,F,KZ,BK,F
09:15:18,ICBP,RG,9575,5,F,CS,BK,F
09:15:15,ICBP,RG,9575,1,F,CS,BK,F
09:15:15,ICBP,RG,9575,9,F,CS,BK,F
09:15:15,ICBP,RG,9575,35,F,ZP,BK,F
09:15:15,ICBP,RG,9575,34,D,AK,BK,F
09:15:15,ICBP,RG,9575,36,F,AK,BK,F
09:15:15,ICBP,RG,9575,2,F,CS,BK,F
09:15:15,ICBP,RG,9575,1,D,YP,BK,F
09:15:15,ICBP,RG,9575,1,D,SQ,BK,F
09:15:15,ICBP,RG,9575,19,F,BK,BK,F
09:15:15,ICBP,RG,9575,59,F,ZP,BK,F
09:15:15,ICBP,RG,9575,43,D,MG,BK,F
09:15:04,ICBP,RG,9575,15,D,MG,BK,F
09:14:57,ICBP,RG,9600,1,D,BQ,AK,F
09:14:54,ICBP,RG,9600,1,D,XC,AK,F
09:14:52,ICBP,RG,9575,13,D,MG,BK,F
09:14:24,ICBP,RG,9600,3,D,XL,AK,F
09:13:19,ICBP,RG,9600,1,D,PD,PD,D
09:13:05,ICBP,RG,9600,1,D,BQ,PD,D
09:11:28,ICBP,RG,9625,3,D,DR,BK,F
09:11:17,ICBP,RG,9600,5,D,YP,BK,F
09:11:17,ICBP,RG,9600,1,F,CS,BK,F
09:11:17,ICBP,RG,9600,1,F,CS,BK,F
09:11:17,ICBP,RG,9600,1,F,CS,BK,F
09:11:17,ICBP,RG,9600,3,F,CS,BK,F
09:11:17,ICBP,RG,9600,1,D,KK,BK,F
09:11:17,ICBP,RG,9600,20,D,YP,BK,F
09:11:17,ICBP,RG,9600,2,F,CS,BK,F
09:11:17,ICBP,RG,9600,2,F,CS,BK,F
09:11:17,ICBP,RG,9600,1,F,CS,BK,F
09:11:17,ICBP,RG,9600,1,F,CS,BK,F
09:11:17,ICBP,RG,9600,9,F,KZ,BK,F
09:11:17,ICBP,RG,9600,1,D,PD,BK,F
09:11:17,ICBP,RG,9600,26,D,AK,BK,F
09:11:17,ICBP,RG,9600,15,D,AK,BK,F
09:11:17,ICBP,RG,9600,10,D,AK,AK,F
09:11:17,ICBP,RG,9600,23,F,KZ,AK,F
09:11:17,ICBP,RG,9600,1,F,KZ,AK,F
09:11:17,ICBP,RG,9600,11,F,ZP,AK,F
09:11:17,ICBP,RG,9600,22,F,ZP,BK,F
09:11:17,ICBP,RG,9600,4,F,KZ,BK,F
09:11:17,ICBP,RG,9600,1,F,KZ,BK,F
09:11:17,ICBP,RG,9600,1,F,KZ,BK,F
09:11:17,ICBP,RG,9600,45,F,KZ,BK,F
09:11:17,ICBP,RG,9600,35,F,BK,BK,F
09:11:17,ICBP,RG,9600,64,F,ZP,BK,F
09:11:17,ICBP,RG,9600,23,F,KZ,BK,F
09:11:17,ICBP,RG,9600,31,F,AK,BK,F
09:11:17,ICBP,RG,9600,1,F,KZ,BK,F
09:11:17,ICBP,RG,9600,2,F,KZ,BK,F
09:11:17,ICBP,RG,9600,9,F,KZ,BK,F
09:11:17,ICBP,RG,9600,2,F,KZ,BK,F
09:10:40,ICBP,RG,9625,6,F,ZP,BK,F
09:10:40,ICBP,RG,9600,6,F,KZ,PD,D
09:10:40,ICBP,RG,9600,3,D,MG,PD,D
09:10:13,ICBP,RG,9600,1,D,MG,PD,D
09:10:12,ICBP,RG,9625,5,D,CC,BK,F
09:09:33,ICBP,RG,9625,8,F,BK,BK,F
09:09:33,ICBP,RG,9625,1,F,BK,PD,D
09:09:30,ICBP,RG,9625,6,F,ZP,PD,D
09:09:28,ICBP,RG,9625,3,F,ZP,PD,D
09:09:28,ICBP,RG,9625,1,F,ZP,PD,D
09:09:28,ICBP,RG,9625,5,F,ZP,PD,D
09:09:28,ICBP,RG,9625,1,F,ZP,CC,D
09:09:28,ICBP,RG,9625,7,F,ZP,XC,D
09:09:27,ICBP,RG,9625,1,D,ZP,XL,D
09:09:27,ICBP,RG,9625,1,D,ZP,YP,D
09:09:27,ICBP,RG,9625,98,D,ZP,SQ,D
09:09:25,ICBP,RG,9625,1,D,KK,SQ,D
09:09:10,ICBP,RG,9625,1,F,BK,SQ,D
09:09:10,ICBP,RG,9625,7,F,BK,NI,D
09:09:10,ICBP,RG,9625,1,F,BK,DR,D
09:09:09,ICBP,RG,9625,5,D,PD,DR,D
09:09:07,ICBP,RG,9625,6,F,ZP,DR,D
09:09:06,ICBP,RG,9600,20,D,MG,AK,F
09:09:05,ICBP,RG,9600,40,D,MG,BK,F
09:09:05,ICBP,RG,9600,12,D,MG,CS,D
09:09:05,ICBP,RG,9600,4,D,MG,AK,F
09:09:05,ICBP,RG,9600,20,D,MG,AK,F
09:08:58,ICBP,RG,9600,6,F,ZP,AK,F
09:08:56,ICBP,RG,9575,20,D,MG,ZP,D
09:08:55,ICBP,RG,9600,8,F,BK,AK,F
09:08:54,ICBP,RG,9600,14,F,ZP,AK,F
09:08:53,ICBP,RG,9600,7,F,ZP,AK,F
09:08:52,ICBP,RG,9600,17,F,ZP,AK,F
09:08:51,ICBP,RG,9600,5,D,ZP,AK,F
09:08:51,ICBP,RG,9600,10,D,ZP,KZ,D
09:08:51,ICBP,RG,9600,5,D,ZP,CS,D
09:08:51,ICBP,RG,9600,3,D,ZP,NI,D
09:08:51,ICBP,RG,9600,2,D,ZP,YP,D
09:08:51,ICBP,RG,9600,16,D,ZP,CS,D
09:08:51,ICBP,RG,9600,2,D,ZP,KK,D
09:08:51,ICBP,RG,9600,57,D,ZP,BK,F
09:08:45,ICBP,RG,9600,9,F,ZP,BK,F
09:08:44,ICBP,RG,9575,2,D,MG,AK,F
09:08:44,ICBP,RG,9600,16,D,YP,BK,F
09:08:38,ICBP,RG,9600,1,D,YP,BK,F
09:08:31,ICBP,RG,9600,1,D,YP,BK,F
09:08:25,ICBP,RG,9600,2,D,YP,BK,F
09:08:20,ICBP,RG,9600,4,D,YP,BK,F
09:08:15,ICBP,RG,9575,1,D,MG,AK,F
09:08:15,ICBP,RG,9600,9,D,YP,BK,F
09:08:10,ICBP,RG,9600,10,F,ZP,BK,F
09:08:09,ICBP,RG,9575,2,D,MG,AK,F
09:08:09,ICBP,RG,9600,17,D,YP,BK,F
09:08:07,ICBP,RG,9600,7,F,ZP,BK,F
09:08:07,ICBP,RG,9600,2,F,ZP,ZP,D
09:08:06,ICBP,RG,9575,2,D,MG,AK,F
09:08:06,ICBP,RG,9600,23,D,YP,ZP,D
09:08:05,ICBP,RG,9575,1,D,MG,AK,F
09:08:05,ICBP,RG,9600,10,F,BK,ZP,D
09:08:05,ICBP,RG,9575,1,D,MG,AK,F
09:08:05,ICBP,RG,9600,6,F,ZP,ZP,D
09:08:03,ICBP,RG,9575,3,D,MG,AK,F
09:08:03,ICBP,RG,9600,8,F,ZP,ZP,D
09:08:02,ICBP,RG,9600,1,D,YP,ZP,D
09:08:02,ICBP,RG,9600,5,D,YP,PD,D
09:08:02,ICBP,RG,9600,3,D,YP,XC,D
09:08:02,ICBP,RG,9600,3,D,YP,XC,D
09:08:02,ICBP,RG,9600,15,D,YP,CC,D
09:08:02,ICBP,RG,9600,8,D,YP,PD,D
09:08:01,ICBP,RG,9600,7,F,ZP,PD,D
09:07:58,ICBP,RG,9600,22,F,ZP,PD,D
09:07:56,ICBP,RG,9600,13,D,YP,PD,D
09:07:56,ICBP,RG,9600,50,D,YP,PD,D
09:07:56,ICBP,RG,9600,7,D,YP,KK,F
09:07:55,ICBP,RG,9600,10,F,BK,KK,F
09:07:54,ICBP,RG,9600,20,F,ZP,KK,F
09:07:52,ICBP,RG,9600,43,D,MG,KK,F
09:07:52,ICBP,RG,9600,1,D,MG,CC,D
09:07:52,ICBP,RG,9600,2,D,MG,KK,D
09:07:52,ICBP,RG,9600,1,D,MG,YP,D
09:07:52,ICBP,RG,9600,21,D,MG,OD,D
09:07:52,ICBP,RG,9600,12,D,MG,PD,D
09:07:52,ICBP,RG,9600,20,D,MG,SQ,D
09:07:30,ICBP,RG,9600,9,F,ZP,SQ,D
09:07:29,ICBP,RG,9600,10,F,BK,SQ,D
09:07:27,ICBP,RG,9600,11,F,ZP,SQ,D
09:07:27,ICBP,RG,9600,1,F,ZP,PD,D
09:07:26,ICBP,RG,9575,7,D,MG,CS,D
09:07:26,ICBP,RG,9575,100,D,MG,CC,D
09:07:26,ICBP,RG,9575,18,D,MG,CS,D
09:07:26,ICBP,RG,9575,2,D,MG,PD,D
09:07:26,ICBP,RG,9575,9,D,MG,BK,F
09:07:26,ICBP,RG,9575,5,D,MG,YP,D
09:07:26,ICBP,RG,9575,6,D,MG,YP,D
09:06:38,ICBP,RG,9575,4,F,ZP,YP,D
09:06:38,ICBP,RG,9575,3,F,ZP,YP,D
09:06:35,ICBP,RG,9575,6,F,ZP,YP,D
09:06:35,ICBP,RG,9575,3,F,ZP,KZ,D
09:06:34,ICBP,RG,9550,3,F,ZP,CC,D
09:06:34,ICBP,RG,9550,4,F,ZP,CC,D
09:06:31,ICBP,RG,9550,8,F,ZP,CC,D
09:06:29,ICBP,RG,9550,3,F,ZP,CC,D
09:06:29,ICBP,RG,9550,4,F,ZP,KZ,D
09:06:28,ICBP,RG,9525,6,F,AK,CS,D
09:06:28,ICBP,RG,9525,1,F,AK,YP,D
09:06:28,ICBP,RG,9525,10,F,AK,YP,D
09:06:28,ICBP,RG,9525,34,F,AK,BK,F
09:06:28,ICBP,RG,9525,53,F,AK,BK,F
09:06:27,ICBP,RG,9500,2,F,ZP,KK,D
09:06:22,ICBP,RG,9525,10,F,BK,BK,F
09:06:21,ICBP,RG,9525,10,F,ZP,BK,F
09:06:18,ICBP,RG,9525,7,F,ZP,BK,F
09:06:14,ICBP,RG,9525,2,D,XL,BK,F
09:05:53,ICBP,RG,9500,1,F,ZP,XL,D
09:05:53,ICBP,RG,9500,1,F,CS,XL,D
09:05:49,ICBP,RG,9525,7,F,ZP,BK,F
09:05:48,ICBP,RG,9500,1,F,BK,YP,D
09:05:47,ICBP,RG,9525,15,F,ZP,BK,F
09:05:45,ICBP,RG,9525,10,F,BK,BK,F
09:05:44,ICBP,RG,9525,21,F,ZP,BK,F
09:05:44,ICBP,RG,9525,5,F,ZP,BK,F
09:05:41,ICBP,RG,9500,90,F,BK,BK,F
09:05:41,ICBP,RG,9500,5,F,BK,CS,D
09:05:41,ICBP,RG,9500,57,F,BK,BK,F
09:05:41,ICBP,RG,9500,16,F,BK,YP,D
09:05:41,ICBP,RG,9500,9,F,ZP,YP,D
09:05:39,ICBP,RG,9500,5,D,RO,YP,D
09:05:38,ICBP,RG,9500,8,F,ZP,YP,D
09:05:35,ICBP,RG,9500,16,F,ZP,YP,D
09:05:33,ICBP,RG,9500,78,F,BK,YP,D
09:05:32,ICBP,RG,9500,1,D,YP,YP,D
09:05:30,ICBP,RG,9500,5,F,ZP,YP,D
09:05:30,ICBP,RG,9500,1,F,ZP,CS,D
09:05:30,ICBP,RG,9500,6,F,ZP,CS,D
09:05:29,ICBP,RG,9500,9,F,BK,CS,D
09:05:29,ICBP,RG,9500,1,F,BK,BK,F
09:05:28,ICBP,RG,9500,1,D,PD,BK,F
09:05:27,ICBP,RG,9500,9,F,ZP,BK,F
09:05:26,ICBP,RG,9500,5,D,YP,BK,F
09:05:25,ICBP,RG,9500,9,F,BK,BK,F
09:05:25,ICBP,RG,9500,5,F,BK,CC,D
09:05:25,ICBP,RG,9500,5,F,BK,CC,F
09:05:25,ICBP,RG,9500,64,F,BK,BK,F
09:05:24,ICBP,RG,9500,6,F,ZP,BK,F
09:05:22,ICBP,RG,9500,4,F,ZP,BK,F
09:05:22,ICBP,RG,9500,6,F,ZP,CS,D
09:05:21,ICBP,RG,9500,6,D,KK,CS,D
09:05:21,ICBP,RG,9500,9,D,KK,BK,F
09:05:19,ICBP,RG,9500,11,F,ZP,BK,F
09:05:17,ICBP,RG,9500,12,F,ZP,BK,F
09:05:16,ICBP,RG,9500,8,F,BK,BK,F
09:05:15,ICBP,RG,9500,55,F,BK,BK,F
09:05:10,ICBP,RG,9500,9,F,ZP,BK,F
09:05:07,ICBP,RG,9500,12,F,ZP,BK,F
09:05:06,ICBP,RG,9500,40,F,BK,BK,F
09:05:05,ICBP,RG,9500,3,F,ZP,BK,F
09:05:05,ICBP,RG,9500,5,F,ZP,BK,F
09:05:03,ICBP,RG,9500,53,D,KK,BK,F
09:05:03,ICBP,RG,9500,8,F,ZP,BK,F
09:05:00,ICBP,RG,9500,9,F,ZP,BK,F
09:05:00,ICBP,RG,9500,8,F,BK,BK,F
09:05:00,ICBP,RG,9500,2,F,BK,BK,F
09:04:58,ICBP,RG,9500,22,F,ZP,BK,F
09:04:58,ICBP,RG,9500,100,D,YB,BK,F
09:04:46,ICBP,RG,9500,10,F,ZP,BK,F
09:04:46,ICBP,RG,9500,9,F,BK,BK,F
09:04:44,ICBP,RG,9500,8,F,ZP,BK,F
09:04:44,ICBP,RG,9500,8,D,AF,BK,F
09:04:44,ICBP,RG,9500,18,D,AF,CS,D
09:04:44,ICBP,RG,9500,24,D,AF,BK,F
09:04:27,ICBP,RG,9500,10,F,ZP,BK,F
09:04:24,ICBP,RG,9500,14,F,ZP,BK,F
09:04:23,ICBP,RG,9500,25,F,BK,BK,F
09:04:23,ICBP,RG,9500,1,F,BK,CS,D
09:04:23,ICBP,RG,9500,4,F,BK,CS,D
09:04:23,ICBP,RG,9500,9,F,BK,CS,D
09:04:23,ICBP,RG,9500,8,F,BK,CS,D
09:04:23,ICBP,RG,9500,5,F,BK,PD,D
09:04:23,ICBP,RG,9500,36,F,BK,BK,F
09:04:16,ICBP,RG,9500,7,F,ZP,BK,F
09:04:15,ICBP,RG,9500,8,F,BK,BK,F
09:04:13,ICBP,RG,9500,8,F,ZP,BK,F
09:04:13,ICBP,RG,9500,51,D,AF,BK,F
09:04:13,ICBP,RG,9500,49,D,AF,BK,F
09:04:11,ICBP,RG,9500,21,D,YP,BK,F
09:04:08,ICBP,RG,9500,3,D,XC,BK,F
09:03:51,ICBP,RG,9500,1,D,PD,XC,D
09:03:31,ICBP,RG,9500,1,D,YP,XC,D
09:02:26,ICBP,RG,9500,2,D,CP,XC,D
09:02:17,ICBP,RG,9500,1,D,SQ,XC,D
09:02:16,ICBP,RG,9500,1,D,KK,XC,D
09:01:50,ICBP,RG,9500,3,D,ZP,CS,D
09:01:50,ICBP,RG,9500,2,D,ZP,NI,D
09:01:49,ICBP,RG,9475,18,F,ZP,CC,D
09:01:49,ICBP,RG,9475,2,D,CP,CC,D
09:01:49,ICBP,RG,9475,1,F,KZ,CC,D
09:01:49,ICBP,RG,9475,1,D,SQ,CC,D
09:01:49,ICBP,RG,9475,6,F,KZ,CC,D
09:01:49,ICBP,RG,9475,2,D,XL,CC,D
09:01:49,ICBP,RG,9475,20,D,YP,CC,D
09:01:49,ICBP,RG,9475,1,D,YP,AK,F
09:01:49,ICBP,RG,9475,6,D,YP,AK,F
09:01:49,ICBP,RG,9475,9,D,YP,AK,F
09:01:49,ICBP,RG,9475,1,D,XC,AK,F
09:01:49,ICBP,RG,9500,9,F,CS,AK,F
09:01:49,ICBP,RG,9500,2,F,CS,ZP,D
09:01:49,ICBP,RG,9500,4,F,CS,ZP,D
09:01:49,ICBP,RG,9500,1,D,XL,ZP,D
09:01:49,ICBP,RG,9500,2,D,YP,ZP,D
09:01:49,ICBP,RG,9500,1,F,KZ,ZP,D
09:01:49,ICBP,RG,9500,21,D,YP,ZP,D
09:01:49,ICBP,RG,9500,2,D,SQ,ZP,D
09:01:49,ICBP,RG,9500,32,F,KZ,ZP,D
09:01:49,ICBP,RG,9500,2,F,KZ,ZP,D
09:01:49,ICBP,RG,9500,16,F,KZ,ZP,D
09:01:49,ICBP,RG,9500,14,F,KZ,ZP,D
09:01:49,ICBP,RG,9500,12,F,KZ,ZP,D
09:01:49,ICBP,RG,9500,17,F,BK,ZP,D
09:01:49,ICBP,RG,9500,15,F,KZ,ZP,D
09:01:49,ICBP,RG,9500,1,F,KZ,ZP,D
09:01:49,ICBP,RG,9500,1,F,KZ,ZP,D
09:01:49,ICBP,RG,9500,76,F,ZP,ZP,D
09:01:49,ICBP,RG,9500,3,F,CS,ZP,D
09:01:47,ICBP,RG,9500,6,F,CS,YP,D
09:01:47,ICBP,RG,9500,1,D,YP,YP,D
09:01:42,ICBP,RG,9500,1,D,GR,XC,D
09:01:32,ICBP,RG,9500,9,D,GR,BK,F
09:01:30,ICBP,RG,9525,9,F,ZP,BK,F
09:01:28,ICBP,RG,9500,9,D,GR,BK,F
09:01:21,ICBP,RG,9525,1,D,SQ,BK,F
09:01:21,ICBP,RG,9500,9,D,GR,BK,F
09:01:19,ICBP,RG,9500,9,D,GR,BK,F
09:01:17,ICBP,RG,9500,10,D,GR,BK,F
09:01:14,ICBP,RG,9525,9,F,ZP,BK,F
09:01:14,ICBP,RG,9500,9,D,GR,BK,F
09:01:12,ICBP,RG,9525,9,F,ZP,BK,F
09:01:11,ICBP,RG,9500,14,D,GR,BK,F
09:01:11,ICBP,RG,9500,9,D,GR,BK,F
09:01:09,ICBP,RG,9525,13,F,ZP,BK,F
09:01:08,ICBP,RG,9500,23,D,GR,BK,F
09:01:08,ICBP,RG,9500,12,D,GR,BK,F
09:01:07,ICBP,RG,9525,23,F,ZP,BK,F
09:01:06,ICBP,RG,9500,28,D,GR,BK,F
09:01:05,ICBP,RG,9525,16,F,ZP,BK,F
09:01:05,ICBP,RG,9525,10,F,ZP,BK,F
09:01:05,ICBP,RG,9525,1,F,ZP,CC,D
09:01:05,ICBP,RG,9525,10,F,ZP,YU,F
09:01:05,ICBP,RG,9500,25,D,GR,YP,D
09:01:04,ICBP,RG,9500,2,D,GR,CC,F
09:01:04,ICBP,RG,9500,88,D,GR,BK,F
09:01:04,ICBP,RG,9500,83,D,GR,BK,F
09:01:04,ICBP,RG,9500,66,D,GR,BK,F
09:01:04,ICBP,RG,9500,84,D,GR,BK,F
09:01:04,ICBP,RG,9500,5,D,GR,KZ,D
09:01:04,ICBP,RG,9500,5,D,GR,BK,F
09:00:37,ICBP,RG,9500,5,D,CC,BK,F
09:00:33,ICBP,RG,9500,10,D,CC,BK,F
09:00:30,ICBP,RG,9500,1,F,KZ,BK,F
09:00:30,ICBP,RG,9500,1,F,KZ,BK,F
09:00:30,ICBP,RG,9500,10,F,BK,BK,F
09:00:30,ICBP,RG,9500,3,F,KZ,BK,F
09:00:26,ICBP,RG,9500,3,F,KZ,BK,F
09:00:26,ICBP,RG,9500,3,F,KZ,BK,F
09:00:26,ICBP,RG,9500,6,F,ZP,BK,F
09:00:26,ICBP,RG,9500,3,F,ZP,KK,D
09:00:26,ICBP,RG,9525,8,F,KZ,KZ,D
09:00:26,ICBP,RG,9525,2,F,KZ,KZ,D
09:00:24,ICBP,RG,9525,11,F,KZ,BK,F
09:00:24,ICBP,RG,9525,15,F,ZP,BK,F
09:00:24,ICBP,RG,9525,1,F,ZP,AK,F
09:00:24,ICBP,RG,9525,6,F,ZP,AK,F
09:00:24,ICBP,RG,9525,8,F,BK,AK,F
09:00:24,ICBP,RG,9525,1,D,XC,AK,F
09:00:21,ICBP,RG,9500,12,F,ZP,BK,F
09:00:21,ICBP,RG,9500,3,D,XC,BK,F
09:00:21,ICBP,RG,9500,1,D,CC,BK,F
09:00:21,ICBP,RG,9500,1,D,PC,BK,F
09:00:21,ICBP,RG,9500,2,D,CC,BK,F
09:00:21,ICBP,RG,9500,1,D,XL,BK,F
09:00:21,ICBP,RG,9500,3,D,XL,BK,F
09:00:21,ICBP,RG,9500,1,D,YP,BK,F
09:00:21,ICBP,RG,9500,1,D,XA,BK,F
09:00:21,ICBP,RG,9500,7,D,YP,BK,F
09:00:21,ICBP,RG,9500,2,D,YP,BK,F
09:00:21,ICBP,RG,9500,15,D,CC,BK,F
09:00:21,ICBP,RG,9500,2,D,DH,BK,F
09:00:21,ICBP,RG,9500,3,D,PD,BK,F
09:00:21,ICBP,RG,9500,3,D,PD,BK,F
09:00:21,ICBP,RG,9500,5,D,PD,BK,F
09:00:20,ICBP,RG,9500,5,D,PD,BK,F
09:00:20,ICBP,RG,9500,10,D,YP,BK,F
09:00:20,ICBP,RG,9500,1,D,EP,BK,F
09:00:20,ICBP,RG,9500,8,D,YP,BK,F
09:00:20,ICBP,RG,9500,1,D,XC,BK,F
09:00:20,ICBP,RG,9500,2,D,YB,BK,F
09:00:18,ICBP,RG,9525,1,F,KZ,BK,F
09:00:18,ICBP,RG,9525,1,D,XL,BK,F
09:00:18,ICBP,RG,9525,10,D,PD,BK,F
09:00:18,ICBP,RG,9525,1,D,XC,BK,F
09:00:18,ICBP,RG,9550,23,F,ZP,BK,F
09:00:18,ICBP,RG,9550,10,F,BK,BK,F
09:00:18,ICBP,RG,9550,3,F,KZ,BK,F
09:00:18,ICBP,RG,9550,5,D,PD,BK,F
09:00:18,ICBP,RG,9550,5,D,NI,BK,F
09:00:18,ICBP,RG,9550,2,D,DR,BK,F
09:00:18,ICBP,RG,9550,3,D,AO,BK,F
09:00:15,ICBP,RG,9550,2,D,YB,CS,D
09:00:15,ICBP,RG,9575,24,F,KZ,BK,F
09:00:15,ICBP,RG,9575,2,D,XC,BK,F
09:00:15,ICBP,RG,9575,7,D,PD,BK,F
09:00:15,ICBP,RG,9575,23,F,ZP,BK,F
09:00:15,ICBP,RG,9575,85,D,AK,BK,F
09:00:15,ICBP,RG,9575,12,F,KZ,BK,F
09:00:15,ICBP,RG,9575,21,F,ZP,BK,F
09:00:15,ICBP,RG,9575,12,F,BK,BK,F
09:00:15,ICBP,RG,9575,46,D,CC,BK,F
09:00:14,ICBP,RG,9600,2,D,XL,PD,D
09:00:14,ICBP,RG,9575,4,D,CC,BK,F
09:00:14,ICBP,RG,9575,2,D,SQ,BK,F
09:00:14,ICBP,RG,9575,2,D,PD,BK,F
09:00:14,ICBP,RG,9575,1,D,AO,BK,F
09:00:14,ICBP,RG,9575,2,D,AO,AK,F
09:00:10,ICBP,RG,9600,1,D,CC,PD,D
09:00:07,ICBP,RG,9600,1,D,XC,PD,D
09:00:00,ICBP,RG,9600,1,D,PD,PD,D
08:59:00,ICBP,RG,9600,1,D,PD,XC,D
08:59:00,ICBP,RG,9600,1,D,CC,CC,D
08:59:00,ICBP,RG,9600,10,D,YP,PD,D
08:59:00,ICBP,RG,9600,10,D,YP,PD,D
08:59:00,ICBP,RG,9600,5,D,CC,PD,D
08:59:00,ICBP,RG,9600,1,D,PD,CC,D
08:59:00,ICBP,RG,9600,1,D,PD,PD,D
08:59:00,ICBP,RG,9600,8,D,PD,BK,F
08:59:00,ICBP,RG,9600,2,D,PD,BK,F
08:59:00,ICBP,RG,9600,1,D,AT,BK,F
08:59:00,ICBP,RG,9600,2,D,KK,BK,F
08:59:00,ICBP,RG,9600,4,D,AO,BK,F
08:59:00,ICBP,RG,9600,1,D,XL,BK,F
08:59:00,ICBP,RG,9600,3,D,XL,BK,F
08:59:00,ICBP,RG,9600,1,D,XL,BK,F
08:59:00,ICBP,RG,9600,2,D,NI,BK,F
08:59:00,ICBP,RG,9600,1,D,XL,BK,F
08:59:00,ICBP,RG,9600,2,D,PD,BK,F
08:59:00,ICBP,RG,9600,11,D,YP,BK,F
08:59:00,ICBP,RG,9600,1,F,KZ,BK,F
08:59:00,ICBP,RG,9600,1,F,KZ,BK,F
08:59:00,ICBP,RG,9600,16,F,KZ,BK,F
08:59:00,ICBP,RG,9600,24,F,ZP,BK,F
08:59:00,ICBP,RG,9600,5,D,AK,KZ,D
08:59:00,ICBP,RG,9600,8,D,AK,CS,D
