Time,Stock,Brd,Price,Qty,BT,BC,SC,ST
15:14:57,ICBP,RG,10025,1,D,CC,NI,D
15:14:16,ICBP,RG,10025,2,D,CC,PD,D
15:14:16,ICBP,RG,10025,1,D,NI,PD,D
15:11:52,ICBP,RG,10025,2,D,NI,AT,D
15:11:52,ICBP,RG,10025,22,D,OD,AT,D
15:11:03,ICBP,RG,10025,5,D,OD,YP,D
15:10:42,ICBP,RG,10025,1,D,OD,YP,D
15:08:32,ICBP,RG,10025,1,D,OD,KK,D
15:08:18,ICBP,RG,10025,51,D,OD,BB,D
15:08:18,ICBP,RG,10025,2,D,YP,BB,D
15:08:18,ICBP,RG,10025,10,D,KK,BB,D
15:08:18,ICBP,RG,10025,100,D,CC,BB,D
15:08:18,ICBP,RG,10025,100,D,TF,BB,D
15:08:18,ICBP,RG,10025,5,D,GR,BB,D
15:07:20,ICBP,RG,10025,1,F,BK,YP,D
15:07:03,ICBP,RG,10025,1,F,BK,DH,D
15:06:59,ICBP,RG,10025,2,F,BK,LG,D
15:06:53,ICBP,RG,10025,25,F,BK,AZ,D
15:06:18,ICBP,RG,10025,2,F,BK,LG,D
15:06:12,ICBP,RG,10025,4,F,BK,LG,D
15:05:51,ICBP,RG,10025,1,F,BK,YP,D
15:04:10,ICBP,RG,10025,3,F,BK,HP,D
15:03:47,ICBP,RG,10025,10,F,BK,YB,D
15:02:59,ICBP,RG,10025,4,F,BK,DR,D
15:02:56,ICBP,RG,10025,1,F,BK,GR,D
15:02:20,ICBP,RG,10025,1,F,BK,XC,D
15:01:06,ICBP,RG,10025,2,F,BK,YB,D
15:01:00,ICBP,RG,10025,88,F,BK,YB,D
15:00:00,ICBP,RG,10025,5,F,BK,KK,D
15:00:00,ICBP,RG,10025,100,F,BK,CP,D
15:00:00,ICBP,RG,10025,5,F,BK,PD,D
15:00:00,ICBP,RG,10025,1,F,BK,YP,D
15:00:00,ICBP,RG,10025,8,F,BK,YP,D
15:00:00,ICBP,RG,10025,3,F,BK,SQ,D
15:00:00,ICBP,RG,10025,2,F,BK,CC,D
15:00:00,ICBP,RG,10025,30,F,BK,XC,D
15:00:00,ICBP,RG,10025,11,F,BK,CC,D
15:00:00,ICBP,RG,10025,5,F,BK,YP,D
15:00:00,ICBP,RG,10025,6,F,BK,YP,D
15:00:00,ICBP,RG,10025,5,F,BK,YP,D
15:00:00,ICBP,RG,10025,2,F,BK,YP,D
15:00:00,ICBP,RG,10025,10,F,BK,YP,D
15:00:00,ICBP,RG,10025,30,F,BK,YP,D
15:00:00,ICBP,RG,10025,1,F,BK,YB,D
15:00:00,ICBP,RG,10025,5,F,BK,KK,D
15:00:00,ICBP,RG,10025,52,F,BK,YP,D
15:00:00,ICBP,RG,10025,10,F,BK,BK,F
15:00:00,ICBP,RG,10025,30,D,KI,BK,F
15:00:00,ICBP,RG,10025,18,F,YU,BK,F
15:00:00,ICBP,RG,10025,103,F,YU,BK,F
15:00:00,ICBP,RG,10025,110,F,YU,BK,F
15:00:00,ICBP,RG,10025,2,D,KK,BK,F
15:00:00,ICBP,RG,10025,79,F,BK,BK,F
15:00:00,ICBP,RG,10025,6,F,BK,AK,F
15:00:00,ICBP,RG,10025,1,D,PD,AK,F
15:00:00,ICBP,RG,10025,1,D,YP,AK,F
15:00:00,ICBP,RG,10025,20,F,AK,AK,F
15:00:00,ICBP,RG,10025,36,F,AK,AK,F
15:00:00,ICBP,RG,10025,4,F,AK,AK,F
15:00:00,ICBP,RG,10025,6,F,AK,AK,F
15:00:00,ICBP,RG,10025,8,D,AI,AK,F
15:00:00,ICBP,RG,10025,2,D,AI,AK,F
15:00:00,ICBP,RG,10025,6,F,AK,AK,F
15:00:00,ICBP,RG,10025,2,F,AK,AK,F
15:00:00,ICBP,RG,10025,6,F,AK,AK,F
15:00:00,ICBP,RG,10025,2,F,AK,AK,F
15:00:00,ICBP,RG,10025,6,F,AK,AK,F
15:00:00,ICBP,RG,10025,2,F,AK,AK,F
15:00:00,ICBP,RG,10025,4,F,AK,AK,F
15:00:00,ICBP,RG,10025,16,F,AK,AK,F
15:00:00,ICBP,RG,10025,1,F,AK,AK,F
15:00:00,ICBP,RG,10025,1,F,AK,AK,F
15:00:00,ICBP,RG,10025,1,F,AK,AK,F
15:00:00,ICBP,RG,10025,4,F,AK,AK,F
15:00:00,ICBP,RG,10025,13,F,AK,AK,F
15:00:00,ICBP,RG,10025,42,F,AK,BB,D
15:00:00,ICBP,RG,10025,1,F,AK,AK,F
15:00:00,ICBP,RG,10025,3,F,AK,AK,F
15:00:00,ICBP,RG,10025,1,F,AK,AK,F
15:00:00,ICBP,RG,10025,3,F,AK,AK,F
15:00:00,ICBP,RG,10025,9,F,AK,AK,F
15:00:00,ICBP,RG,10025,1,F,AK,AK,F
15:00:00,ICBP,RG,10025,72,F,AK,AK,F
15:00:00,ICBP,RG,10025,42,F,ZP,AK,F
15:00:00,ICBP,RG,10025,145,F,AK,AK,F
15:00:00,ICBP,RG,10025,9,F,BK,AK,F
15:00:00,ICBP,RG,10025,26,F,AK,AK,F
15:00:00,ICBP,RG,10025,10,D,RX,AK,F
15:00:00,ICBP,RG,10025,263,D,OD,AK,F
15:00:00,ICBP,RG,10025,498,D,DX,AK,F
15:00:00,ICBP,RG,10025,50,D,DX,AK,F
15:00:00,ICBP,RG,10025,4,D,DX,AK,F
15:00:00,ICBP,RG,10025,2,D,DX,AK,F
15:00:00,ICBP,RG,10025,2,D,DX,AK,F
15:00:00,ICBP,RG,10025,5,D,DX,AK,F
15:00:00,ICBP,RG,10025,9,D,DX,AK,F
15:00:00,ICBP,RG,10025,1,D,DX,AK,F
15:00:00,ICBP,RG,10025,3,D,DX,AK,F
15:00:00,ICBP,RG,10025,10,D,DX,AK,F
15:00:00,ICBP,RG,10025,33,D,DX,AK,F
15:00:00,ICBP,RG,10025,108,D,DX,AK,F
15:00:00,ICBP,RG,10025,355,D,DX,AK,D
15:00:00,ICBP,RG,10025,3102,D,NI,AK,D
15:00:00,ICBP,RG,10025,355,D,NI,AK,F
14:49:47,ICBP,RG,10000,12,D,MG,AK,F
14:49:47,ICBP,RG,10000,1,D,YP,AK,F
14:49:47,ICBP,RG,10000,2,D,NI,AK,F
14:49:47,ICBP,RG,10000,1,D,XL,AK,F
14:49:47,ICBP,RG,10000,1,D,AZ,AK,F
14:49:47,ICBP,RG,10000,25,D,YP,AK,F
14:49:47,ICBP,RG,10000,1,D,CC,AK,F
14:49:47,ICBP,RG,10000,1,D,NI,AK,F
14:49:47,ICBP,RG,10000,1,D,YP,AK,F
14:49:47,ICBP,RG,10000,1,D,SQ,AK,F
14:49:47,ICBP,RG,10000,20,D,CC,AK,F
14:49:47,ICBP,RG,10000,1,D,XL,AK,F
14:49:47,ICBP,RG,10000,1,D,CC,AK,F
14:49:47,ICBP,RG,10000,1,D,XC,AK,F
14:49:47,ICBP,RG,10000,2,D,YP,AK,F
14:49:47,ICBP,RG,10000,1,D,CC,AK,F
14:49:47,ICBP,RG,10000,2,D,GR,AK,F
14:49:47,ICBP,RG,10000,5,D,YP,AK,F
14:49:47,ICBP,RG,10000,1,D,PD,AK,F
14:49:47,ICBP,RG,10000,1,D,CC,AK,F
14:49:47,ICBP,RG,10000,18,D,PD,AK,F
14:49:47,ICBP,RG,10000,1,D,XC,AK,F
14:49:47,ICBP,RG,10000,6,D,GR,AK,F
14:49:47,ICBP,RG,10000,4,D,GR,DH,D
14:49:47,ICBP,RG,10000,18,D,CC,DH,D
14:49:47,ICBP,RG,10000,2,D,CC,DH,D
14:49:47,ICBP,RG,10000,2,D,PD,DH,D
14:49:47,ICBP,RG,10000,10,D,PD,DH,D
14:49:47,ICBP,RG,10000,15,D,PD,DH,D
14:49:47,ICBP,RG,10000,2,D,XC,DH,D
14:49:47,ICBP,RG,10000,1,D,XC,DH,D
14:49:47,ICBP,RG,10000,5,D,KK,DH,D
14:49:47,ICBP,RG,10000,1,D,XC,DH,D
14:49:47,ICBP,RG,10000,5,D,PD,DH,D
14:49:47,ICBP,RG,10000,5,D,NI,DH,D
14:49:47,ICBP,RG,10000,20,D,YP,DH,D
14:49:47,ICBP,RG,10000,1,D,AZ,DH,D
14:49:47,ICBP,RG,10000,50,D,MG,DH,D
14:49:47,ICBP,RG,10000,6,D,XC,DH,D
14:49:47,ICBP,RG,10000,3,D,YP,DH,D
14:49:47,ICBP,RG,10000,2,D,XC,DH,D
14:49:47,ICBP,RG,10000,49,D,LG,DH,D
14:49:47,ICBP,RG,10000,5,D,TP,DH,D
14:49:47,ICBP,RG,10000,1,D,XL,DH,D
14:49:47,ICBP,RG,10000,4,D,XL,DH,D
14:49:47,ICBP,RG,10000,1,D,XL,DH,D
14:49:47,ICBP,RG,10000,2,D,LG,DH,D
14:49:47,ICBP,RG,10000,2,D,YP,DH,D
14:49:47,ICBP,RG,10000,1,D,PD,DH,D
14:49:47,ICBP,RG,10000,18,D,YP,DH,D
14:49:47,ICBP,RG,10025,2,D,LG,DH,D
14:49:47,ICBP,RG,10025,10,F,YU,DH,D
14:49:47,ICBP,RG,10025,4,D,YB,DH,D
14:49:40,ICBP,RG,10025,1,D,YB,AK,F
14:49:39,ICBP,RG,10050,1,D,XL,BQ,D
14:49:25,ICBP,RG,10025,1,D,YB,AK,F
14:49:25,ICBP,RG,10025,3,D,YB,BK,F
14:49:08,ICBP,RG,10025,1,D,YB,DH,D
14:49:05,ICBP,RG,10000,4,D,YP,AK,F
14:49:04,ICBP,RG,10000,8,D,YP,BK,F
14:49:01,ICBP,RG,10000,20,D,YP,AK,F
14:49:01,ICBP,RG,10000,2,D,DH,AK,F
14:49:01,ICBP,RG,10000,5,D,SQ,AK,F
14:49:01,ICBP,RG,10000,22,D,PD,AK,F
14:49:00,ICBP,RG,10025,5,D,CP,DH,D
14:49:00,ICBP,RG,10025,1,D,YP,DH,D
14:49:00,ICBP,RG,10025,5,D,YP,DH,D
14:49:00,ICBP,RG,10025,77,F,BK,DH,D
14:49:00,ICBP,RG,10025,8,F,YU,DH,D
14:49:00,ICBP,RG,10025,21,F,BK,DH,D
14:48:59,ICBP,RG,10025,1,F,BK,AK,F
14:48:59,ICBP,RG,10050,1,F,AK,BK,F
14:48:45,ICBP,RG,10025,10,F,BK,AK,F
14:48:45,ICBP,RG,10025,22,D,DR,AK,F
14:48:45,ICBP,RG,10025,75,D,DR,DX,D
14:48:28,ICBP,RG,10025,2,D,DR,AK,F
14:48:27,ICBP,RG,10025,1,D,DR,XC,D
14:48:27,ICBP,RG,10025,5,D,KK,XC,D
14:48:15,ICBP,RG,10000,2,D,PD,AK,F
14:48:14,ICBP,RG,10000,1,D,PD,AK,F
14:48:14,ICBP,RG,10000,2,D,PD,AK,F
14:48:14,ICBP,RG,10000,1,D,PD,AK,F
14:48:10,ICBP,RG,10000,122,D,PD,AK,F
14:48:09,ICBP,RG,10025,1,D,CP,AK,F
14:48:09,ICBP,RG,10025,100,D,DR,DH,D
14:48:09,ICBP,RG,10025,6,F,YU,DH,D
14:48:09,ICBP,RG,10025,5,D,YP,DH,D
14:48:09,ICBP,RG,10025,138,F,BK,DH,D
14:48:09,ICBP,RG,10025,41,D,EP,DH,D
14:47:48,ICBP,RG,10025,3,D,EP,AK,F
14:47:47,ICBP,RG,10025,4,D,EP,AK,F
14:47:47,ICBP,RG,10025,1,D,EP,AK,F
14:47:47,ICBP,RG,10025,1,D,EP,AK,F
14:47:46,ICBP,RG,10000,6,D,PD,AK,F
14:47:46,ICBP,RG,10025,1,D,XL,AK,F
14:47:45,ICBP,RG,10025,10,F,YU,CC,D
14:47:45,ICBP,RG,10025,3,F,YU,CC,D
14:47:44,ICBP,RG,10000,6,D,PD,AK,F
14:47:43,ICBP,RG,10000,16,D,PD,AK,F
14:47:43,ICBP,RG,10000,19,D,PD,AK,F
14:47:43,ICBP,RG,10000,3,D,PD,XC,D
14:47:43,ICBP,RG,10000,2,D,DR,XC,D
14:47:43,ICBP,RG,10000,2,D,IF,XC,D
14:47:43,ICBP,RG,10000,5,D,TF,XC,D
14:47:43,ICBP,RG,10000,31,D,CP,XC,D
14:47:40,ICBP,RG,10000,8,D,CP,AK,F
14:47:39,ICBP,RG,10000,21,D,CP,AK,F
14:47:39,ICBP,RG,10000,41,D,CP,AK,F
14:47:39,ICBP,RG,10000,5,D,CP,AZ,D
14:47:39,ICBP,RG,10000,2,D,CP,GR,D
14:47:39,ICBP,RG,10000,10,D,CP,CC,D
14:47:39,ICBP,RG,10000,4,D,CP,KK,D
14:47:39,ICBP,RG,10000,50,D,CP,YP,D
14:47:39,ICBP,RG,10000,25,D,CP,YP,D
14:47:39,ICBP,RG,10000,3,D,CP,AK,F
14:47:39,ICBP,RG,10000,1,D,NI,AK,F
14:47:38,ICBP,RG,10025,1,F,AK,AK,F
14:47:37,ICBP,RG,10025,12,F,BK,AK,F
14:47:37,ICBP,RG,10025,24,F,BK,AK,F
14:47:37,ICBP,RG,10025,36,F,BK,AK,F
14:47:37,ICBP,RG,10025,34,F,BK,AK,F
14:47:37,ICBP,RG,10025,1,D,XC,AK,F
14:47:37,ICBP,RG,10025,1,D,XC,AK,F
14:47:37,ICBP,RG,10025,44,F,AK,AK,F
14:47:37,ICBP,RG,10025,5,D,YP,AK,F
14:47:37,ICBP,RG,10025,2,D,YP,AK,F
14:47:37,ICBP,RG,10025,1,F,AK,AK,F
14:47:37,ICBP,RG,10050,14,F,AK,BK,F
14:47:37,ICBP,RG,10050,6,F,AK,AK,F
14:47:37,ICBP,RG,10025,15,D,PD,DH,D
14:47:37,ICBP,RG,10025,1,D,KK,DH,D
14:47:37,ICBP,RG,10025,1,D,PD,DH,D
14:47:37,ICBP,RG,10025,1,D,YP,DH,D
14:47:37,ICBP,RG,10025,100,D,KK,DH,D
14:47:37,ICBP,RG,10025,10,D,CC,DH,D
14:47:37,ICBP,RG,10025,1,D,PD,DH,D
14:47:37,ICBP,RG,10025,3,D,SQ,DH,D
14:47:37,ICBP,RG,10025,2,D,YP,DH,D
14:47:37,ICBP,RG,10025,3,D,EP,DH,D
14:47:37,ICBP,RG,10025,2,D,HP,DH,D
14:47:37,ICBP,RG,10025,1,D,CC,DH,D
14:47:37,ICBP,RG,10025,5,D,GR,DH,D
14:47:37,ICBP,RG,10025,1,D,XL,DH,D
14:47:37,ICBP,RG,10025,1,D,PD,DH,D
14:47:37,ICBP,RG,10025,2,D,YP,DH,D
14:47:37,ICBP,RG,10025,1,D,PD,DH,D
14:47:37,ICBP,RG,10025,1,D,SQ,DH,D
14:47:37,ICBP,RG,10025,56,D,KK,DH,D
14:47:29,ICBP,RG,10025,1,D,KK,AK,F
14:47:29,ICBP,RG,10050,1,F,AK,AK,F
14:47:29,ICBP,RG,10025,2,D,KK,AK,F
14:47:29,ICBP,RG,10025,3,D,KK,AK,F
14:47:28,ICBP,RG,10050,1,F,AK,DH,D
14:47:28,ICBP,RG,10025,6,D,KK,AK,F
14:47:28,ICBP,RG,10025,9,D,KK,AK,F
14:47:28,ICBP,RG,10050,5,D,XC,DH,D
14:47:27,ICBP,RG,10050,3,F,AK,DH,D
14:47:27,ICBP,RG,10050,11,F,AK,DH,D
14:47:27,ICBP,RG,10050,7,F,AK,BK,F
14:47:27,ICBP,RG,10050,5,F,AK,OD,D
14:47:27,ICBP,RG,10050,1,F,AK,CC,F
14:47:27,ICBP,RG,10050,1,F,AK,CC,D
14:47:26,ICBP,RG,10025,1,D,KK,AK,F
14:47:25,ICBP,RG,10050,1,F,AK,CC,D
14:47:25,ICBP,RG,10025,8,D,KK,BK,F
14:47:17,ICBP,RG,10050,1,F,AK,CC,D
14:47:16,ICBP,RG,10025,1,D,KK,AK,F
14:47:16,ICBP,RG,10025,5,D,KK,XC,D
14:47:15,ICBP,RG,10025,2,D,KK,AK,F
14:47:15,ICBP,RG,10050,7,F,BB,CC,D
14:47:15,ICBP,RG,10050,3,F,BB,AK,F
14:47:00,ICBP,RG,10025,2,D,KK,AK,F
14:47:00,ICBP,RG,10050,14,F,BB,AK,F
14:46:00,ICBP,RG,10025,2,D,KK,AK,F
14:46:00,ICBP,RG,10050,4,F,BB,BK,F
14:45:58,ICBP,RG,10025,2,D,KK,AK,F
14:45:58,ICBP,RG,10025,1,D,XC,AK,F
14:45:58,ICBP,RG,10025,1,D,EP,AK,F
14:45:58,ICBP,RG,10025,3,D,PD,AK,F
14:45:58,ICBP,RG,10025,1,D,GR,AK,F
14:45:58,ICBP,RG,10050,17,F,AK,BK,F
14:45:58,ICBP,RG,10050,1,F,AK,DX,D
14:45:55,ICBP,RG,10025,5,D,GR,AK,F
14:45:54,ICBP,RG,10050,1,D,DX,DX,D
14:45:54,ICBP,RG,10050,12,D,DX,DX,D
14:45:45,ICBP,RG,10025,1,D,GR,AK,F
14:45:45,ICBP,RG,10050,1,F,BB,DX,D
14:45:33,ICBP,RG,10025,3,D,GR,AK,F
14:45:33,ICBP,RG,10025,1,D,YP,AK,F
14:45:32,ICBP,RG,10025,4,D,YP,BK,F
14:45:32,ICBP,RG,10025,1,D,PD,BK,F
14:45:32,ICBP,RG,10025,4,D,CC,BK,F
14:45:04,ICBP,RG,10025,3,D,CC,AK,F
14:45:04,ICBP,RG,10025,8,D,CC,BK,F
14:44:45,ICBP,RG,10050,1,F,BB,DX,D
14:44:39,ICBP,RG,10025,2,D,CC,AK,F
14:44:39,ICBP,RG,10025,1,D,PD,AK,F
14:44:39,ICBP,RG,10025,1,D,PD,BK,F
14:44:39,ICBP,RG,10025,6,D,EP,BK,F
14:44:19,ICBP,RG,10025,5,D,XC,AK,F
14:44:19,ICBP,RG,10025,2,D,PD,AK,F
14:44:18,ICBP,RG,10050,1,F,AK,DX,D
14:44:18,ICBP,RG,10050,1,F,AK,DX,D
14:44:18,ICBP,RG,10050,2,F,AK,DX,D
14:44:18,ICBP,RG,10050,4,F,AK,DX,D
14:44:18,ICBP,RG,10050,7,F,AK,DX,D
14:44:17,ICBP,RG,10025,3,D,PD,AK,F
14:44:16,ICBP,RG,10050,5,D,YP,BK,F
14:44:16,ICBP,RG,10050,1,D,YP,BK,F
14:44:16,ICBP,RG,10050,1,F,BB,BK,F
14:44:01,ICBP,RG,10050,1,F,BB,AK,F
14:44:00,ICBP,RG,10075,3,F,BB,DH,D
14:43:46,ICBP,RG,10050,1,F,BB,AK,F
14:43:46,ICBP,RG,10050,5,F,AK,AK,F
14:43:45,ICBP,RG,10075,13,F,BB,DH,D
14:43:41,ICBP,RG,10050,4,F,AK,AK,F
14:43:41,ICBP,RG,10050,9,F,AK,BK,F
14:43:39,ICBP,RG,10050,45,F,BK,AK,F
14:43:39,ICBP,RG,10050,2,F,BB,AK,F
14:43:39,ICBP,RG,10050,13,F,AK,AK,F
14:43:39,ICBP,RG,10050,26,F,AK,DH,D
14:43:39,ICBP,RG,10050,25,D,PD,DH,D
14:43:39,ICBP,RG,10050,15,D,DX,DH,D
14:43:39,ICBP,RG,10050,4,F,AK,DH,D
14:43:39,ICBP,RG,10050,24,F,BK,DH,D
14:43:39,ICBP,RG,10050,32,F,AK,DH,D
14:43:39,ICBP,RG,10050,1,D,PD,DH,D
14:43:39,ICBP,RG,10050,1,F,AK,DH,D
14:43:39,ICBP,RG,10050,7,D,XC,DH,D
14:43:39,ICBP,RG,10050,3,F,BB,DH,D
14:43:39,ICBP,RG,10050,3,D,YP,DH,D
14:43:17,ICBP,RG,10050,1,D,YP,AK,F
14:43:17,ICBP,RG,10050,1,F,AK,AK,F
14:43:17,ICBP,RG,10050,5,F,AK,KK,D
14:43:15,ICBP,RG,10050,1,F,AK,AK,F
14:43:15,ICBP,RG,10075,1,F,AK,DH,D
14:43:15,ICBP,RG,10075,1,F,BB,DH,D
14:43:14,ICBP,RG,10050,4,F,AK,AK,F
14:43:13,ICBP,RG,10075,1,F,AK,DH,D
14:43:13,ICBP,RG,10050,8,F,AK,BK,F
14:42:43,ICBP,RG,10050,4,F,AK,AK,F
14:42:42,ICBP,RG,10075,1,F,AK,DH,D
14:42:42,ICBP,RG,10050,9,F,AK,BK,F
14:42:37,ICBP,RG,10050,2,F,AK,AK,F
14:42:37,ICBP,RG,10075,3,F,AK,DH,D
14:42:36,ICBP,RG,10050,26,F,AK,AK,F
14:42:36,ICBP,RG,10050,10,D,CC,AK,F
14:42:36,ICBP,RG,10075,7,F,AK,DH,D
14:42:36,ICBP,RG,10050,7,D,CC,CC,D
14:42:36,ICBP,RG,10050,1,F,AK,CC,D
14:42:36,ICBP,RG,10050,1,D,CC,CC,D
14:42:36,ICBP,RG,10050,69,F,BK,CC,D
14:42:10,ICBP,RG,10050,2,F,BK,AK,F
14:42:10,ICBP,RG,10050,9,D,EP,AK,F
14:42:09,ICBP,RG,10050,25,D,EP,DX,D
14:42:08,ICBP,RG,10050,16,D,EP,AK,F
14:42:08,ICBP,RG,10050,5,D,GR,AK,F
14:42:08,ICBP,RG,10050,1,D,PG,AK,F
14:42:08,ICBP,RG,10050,1,D,XC,AK,F
14:42:08,ICBP,RG,10050,2,D,XL,AK,F
14:42:08,ICBP,RG,10050,1,D,XC,AK,F
14:42:08,ICBP,RG,10050,10,D,YP,YP,D
14:42:08,ICBP,RG,10050,1,D,YP,YP,D
14:42:08,ICBP,RG,10050,1,D,PD,YP,D
14:42:08,ICBP,RG,10050,1,D,XA,YP,D
14:42:08,ICBP,RG,10050,1,D,XC,YP,D
14:42:08,ICBP,RG,10050,3,D,XC,YP,D
14:42:08,ICBP,RG,10050,1,D,XL,YP,D
14:42:08,ICBP,RG,10050,15,D,ZP,YP,D
14:42:08,ICBP,RG,10050,1,D,CC,YP,D
14:42:08,ICBP,RG,10050,1,D,XC,YP,D
14:42:08,ICBP,RG,10050,25,D,KK,YP,D
14:42:08,ICBP,RG,10050,3,D,KK,AK,F
14:42:07,ICBP,RG,10050,9,D,KK,BK,F
14:41:45,ICBP,RG,10050,3,D,KK,AK,F
14:41:45,ICBP,RG,10050,7,D,KK,BK,F
14:41:18,ICBP,RG,10050,4,D,KK,AK,F
14:41:17,ICBP,RG,10050,8,D,KK,BK,F
14:41:01,ICBP,RG,10050,2,D,KK,AK,F
14:41:01,ICBP,RG,10075,4,D,DX,DH,D
14:40:48,ICBP,RG,10075,3,D,DX,AK,F
14:40:47,ICBP,RG,10075,8,D,DX,BK,F
14:40:22,ICBP,RG,10050,4,D,KK,AK,F
14:40:21,ICBP,RG,10050,8,D,KK,BK,F
14:40:14,ICBP,RG,10050,4,D,KK,AK,F
14:40:13,ICBP,RG,10050,10,D,KK,DX,D
14:39:50,ICBP,RG,10050,3,D,KK,AK,F
14:39:50,ICBP,RG,10050,8,D,KK,BK,F
14:39:19,ICBP,RG,10050,2,D,KK,AK,F
14:39:19,ICBP,RG,10050,2,F,BB,AK,F
14:39:18,ICBP,RG,10075,9,F,BB,BK,F
14:38:53,ICBP,RG,10050,4,F,BB,AK,F
14:38:52,ICBP,RG,10050,8,F,BB,AK,F
14:38:52,ICBP,RG,10075,9,F,AK,AK,F
14:38:52,ICBP,RG,10075,1,F,BB,AK,F
14:38:52,ICBP,RG,10075,12,F,AK,DH,D
14:38:52,ICBP,RG,10075,4,D,YP,DH,D
14:38:52,ICBP,RG,10075,2,D,CP,DH,D
14:38:52,ICBP,RG,10075,12,D,DX,DH,D
14:38:52,ICBP,RG,10075,3,F,AK,DH,D
14:38:52,ICBP,RG,10075,18,F,BB,DH,D
14:38:48,ICBP,RG,10075,4,F,BB,AK,F
14:38:48,ICBP,RG,10075,7,F,BB,BK,F
14:38:48,ICBP,RG,10075,1,D,YP,BK,F
14:38:22,ICBP,RG,10075,3,D,YP,AK,F
14:38:21,ICBP,RG,10075,8,D,YP,BK,F
14:37:50,ICBP,RG,10075,3,D,YP,AK,F
14:37:49,ICBP,RG,10075,8,D,YP,BK,F
14:36:59,ICBP,RG,10075,6,D,YP,AK,F
14:36:58,ICBP,RG,10100,13,D,DX,BK,F
14:36:26,ICBP,RG,10075,1,D,YP,AK,F
14:36:26,ICBP,RG,10075,1,D,PD,AK,F
14:36:26,ICBP,RG,10075,1,F,AK,AK,F
14:36:26,ICBP,RG,10075,1,F,AK,AK,F
14:36:25,ICBP,RG,10075,1,D,XC,BK,F
14:36:25,ICBP,RG,10075,8,F,AK,BK,F
14:35:59,ICBP,RG,10075,3,F,AK,AK,F
14:35:58,ICBP,RG,10075,7,F,AK,BK,F
14:35:28,ICBP,RG,10075,3,F,AK,AK,F
14:35:27,ICBP,RG,10075,8,F,AK,BK,F
14:34:57,ICBP,RG,10075,1,F,AK,AK,F
14:34:56,ICBP,RG,10100,1,D,XL,BK,F
14:34:38,ICBP,RG,10075,1,F,AK,AT,D
14:34:18,ICBP,RG,10075,6,F,AK,AK,F
14:34:17,ICBP,RG,10100,14,D,DX,BK,F
14:33:47,ICBP,RG,10075,2,F,AK,AK,F
14:33:47,ICBP,RG,10075,2,D,CC,AK,F
14:33:46,ICBP,RG,10075,3,D,CC,BK,F
14:33:46,ICBP,RG,10075,5,F,BB,BK,F
14:33:06,ICBP,RG,10075,4,F,BB,AK,F
14:33:06,ICBP,RG,10075,9,F,BB,BK,F
14:33:06,ICBP,RG,10075,1,D,XC,BK,F
14:32:31,ICBP,RG,10075,4,D,XC,AK,F
14:32:30,ICBP,RG,10075,8,D,XC,BK,F
14:31:27,ICBP,RG,10075,2,D,XC,AK,F
14:31:27,ICBP,RG,10075,3,F,AK,AK,F
14:31:26,ICBP,RG,10100,9,D,DX,BK,F
14:31:26,ICBP,RG,10100,4,D,DX,CS,D
14:31:02,ICBP,RG,10075,5,F,AK,AK,F
14:31:01,ICBP,RG,10075,4,F,AK,BK,F
14:31:01,ICBP,RG,10075,8,D,EP,BK,F
14:30:07,ICBP,RG,10075,1,D,SQ,AK,F
14:30:07,ICBP,RG,10075,5,F,AK,AK,F
14:30:06,ICBP,RG,10100,1,F,AK,CS,D
14:30:06,ICBP,RG,10075,1,F,AK,BK,F
14:30:06,ICBP,RG,10075,10,F,BK,BK,F
14:29:06,ICBP,RG,10075,6,F,BK,AK,F
14:29:05,ICBP,RG,10100,1,F,AK,CS,D
14:29:05,ICBP,RG,10075,7,F,BK,BK,F
14:29:05,ICBP,RG,10075,7,F,AK,BK,F
14:28:41,ICBP,RG,10075,7,F,AK,AK,F
14:28:40,ICBP,RG,10100,1,F,AK,CS,D
14:28:40,ICBP,RG,10100,15,D,DX,CS,D
14:28:24,ICBP,RG,10075,4,F,AK,AK,F
14:28:24,ICBP,RG,10075,6,F,AK,BK,F
14:28:24,ICBP,RG,10075,2,F,BB,BK,F
14:28:21,ICBP,RG,10075,4,F,BB,AK,F
14:28:20,ICBP,RG,10100,1,F,AK,CS,D
14:28:20,ICBP,RG,10075,9,F,BB,YP,D
14:27:23,ICBP,RG,10075,6,F,BB,AK,F
14:27:22,ICBP,RG,10075,15,F,BB,BK,F
14:25:56,ICBP,RG,10075,7,F,BB,AK,F
14:25:56,ICBP,RG,10100,1,F,AK,CS,D
14:25:56,ICBP,RG,10100,14,D,DX,CS,D
14:25:48,ICBP,RG,10100,1,F,AK,CS,D
14:25:47,ICBP,RG,10075,3,F,BB,AK,F
14:25:47,ICBP,RG,10075,5,F,BB,PD,D
14:25:22,ICBP,RG,10075,3,F,BB,AK,F
14:25:21,ICBP,RG,10075,8,F,BB,BK,F
14:24:20,ICBP,RG,10075,3,F,BB,AK,F
14:24:20,ICBP,RG,10075,8,F,BB,BK,F
14:23:02,ICBP,RG,10075,4,F,BB,AK,F
14:23:01,ICBP,RG,10075,8,F,BB,BK,F
14:23:00,ICBP,RG,10050,3,F,BB,AK,F
14:22:59,ICBP,RG,10050,8,F,BB,XL,D
14:22:09,ICBP,RG,10050,1,F,BB,AK,F
14:22:09,ICBP,RG,10075,1,F,AK,PD,D
14:22:09,ICBP,RG,10075,1,F,BB,PD,D
14:22:00,ICBP,RG,10075,1,F,BB,AK,F
14:22:00,ICBP,RG,10075,3,F,AK,AK,F
14:22:00,ICBP,RG,10075,1,D,DX,BK,F
14:22:00,ICBP,RG,10075,7,D,DX,BK,F
14:20:56,ICBP,RG,10075,4,D,DX,AK,F
14:20:55,ICBP,RG,10075,1,D,DX,BK,F
14:20:55,ICBP,RG,10075,1,F,BB,BK,F
14:20:55,ICBP,RG,10075,3,F,AK,BK,F
14:20:55,ICBP,RG,10075,1,D,XC,BK,F
14:20:55,ICBP,RG,10075,3,F,AK,BK,F
14:19:59,ICBP,RG,10075,2,D,XC,AK,F
14:19:59,ICBP,RG,10075,1,D,SQ,AK,F
14:19:58,ICBP,RG,10075,1,D,SQ,BK,F
14:19:58,ICBP,RG,10075,8,F,BB,BK,F
14:19:15,ICBP,RG,10075,1,F,BB,AK,F
14:19:15,ICBP,RG,10100,1,D,XC,CS,D
14:19:10,ICBP,RG,10075,14,F,BB,AK,F
14:19:10,ICBP,RG,10100,2,D,SQ,CS,D
14:19:09,ICBP,RG,10075,10,F,BB,YP,D
14:19:09,ICBP,RG,10075,20,D,CC,YP,D
14:19:03,ICBP,RG,10075,11,D,CC,AK,F
14:19:02,ICBP,RG,10100,26,F,BK,CS,D
14:19:01,ICBP,RG,10075,19,D,CC,AK,F
14:19:01,ICBP,RG,10075,1,D,XL,AK,F
14:19:01,ICBP,RG,10075,2,D,XC,AK,F
14:19:01,ICBP,RG,10075,1,D,XC,AK,F
14:19:01,ICBP,RG,10075,2,D,PD,AK,F
14:19:01,ICBP,RG,10075,1,D,PD,AK,F
14:19:01,ICBP,RG,10075,10,D,KK,AK,F
14:19:00,ICBP,RG,10100,44,F,BK,CS,D
14:19:00,ICBP,RG,10100,8,F,BK,CS,D
14:19:00,ICBP,RG,10100,7,F,BB,CS,D
14:19:00,ICBP,RG,10100,23,F,AK,CS,D
14:18:51,ICBP,RG,10100,4,F,AK,AK,F
14:18:50,ICBP,RG,10100,4,F,AK,BK,F
14:18:50,ICBP,RG,10100,7,D,DX,BK,F
14:18:48,ICBP,RG,10100,1,D,DX,AK,F
14:18:48,ICBP,RG,10100,1,D,DX,CP,D
14:18:24,ICBP,RG,10100,6,D,DX,AK,F
14:18:24,ICBP,RG,10100,13,F,BB,AK,F
14:18:23,ICBP,RG,10100,12,F,BB,EP,D
14:18:23,ICBP,RG,10100,2,F,AK,EP,D
14:18:23,ICBP,RG,10100,24,F,BK,EP,D
14:18:23,ICBP,RG,10100,7,F,BK,EP,D
14:18:04,ICBP,RG,10100,4,F,BK,AK,F
14:18:04,ICBP,RG,10100,9,F,BK,BK,F
14:17:54,ICBP,RG,10100,13,F,BK,AK,F
14:17:53,ICBP,RG,10100,22,F,BK,YP,D
14:17:53,ICBP,RG,10100,8,F,AK,YP,D
14:17:42,ICBP,RG,10100,3,F,AK,AK,F
14:17:41,ICBP,RG,10100,5,F,AK,GR,D
14:17:26,ICBP,RG,10100,5,F,AK,AK,F
14:17:25,ICBP,RG,10125,13,D,DX,CC,D
14:17:18,ICBP,RG,10100,1,F,AK,AK,F
14:17:17,ICBP,RG,10100,1,F,AK,CC,D
14:16:44,ICBP,RG,10100,6,F,AK,AK,F
14:16:43,ICBP,RG,10100,15,F,AK,BK,F
14:15:34,ICBP,RG,10100,2,F,AK,AK,F
14:15:34,ICBP,RG,10100,5,F,BB,AK,F
14:15:34,ICBP,RG,10100,12,F,BB,BK,F
14:15:34,ICBP,RG,10100,3,F,AK,BK,F
14:14:46,ICBP,RG,10100,4,F,AK,AK,F
14:14:46,ICBP,RG,10100,1,F,BK,AK,F
14:14:46,ICBP,RG,10100,11,F,BK,BK,F
14:14:44,ICBP,RG,10100,5,F,BK,AK,F
14:14:44,ICBP,RG,10125,12,D,DX,CC,D
14:14:01,ICBP,RG,10100,3,F,BK,AK,F
14:14:01,ICBP,RG,10125,2,F,YU,CC,D
14:14:01,ICBP,RG,10125,5,F,YU,YP,D
14:14:01,ICBP,RG,10125,1,F,YU,XC,D
14:13:48,ICBP,RG,10100,6,F,BK,AK,F
14:13:47,ICBP,RG,10100,12,F,BK,BK,F
14:12:01,ICBP,RG,10100,6,F,BK,AK,F
14:12:00,ICBP,RG,10125,1,D,DX,NI,D
14:12:00,ICBP,RG,10125,10,D,DX,BK,F
14:12:00,ICBP,RG,10125,3,D,DX,BK,F
14:11:49,ICBP,RG,10100,3,F,BK,AK,F
14:11:49,ICBP,RG,10100,7,F,BK,NI,D
14:11:39,ICBP,RG,10125,1,D,XL,BK,F
14:11:35,ICBP,RG,10100,7,F,BK,AK,F
14:11:34,ICBP,RG,10100,6,F,BK,BK,F
14:11:34,ICBP,RG,10100,2,D,AI,BK,F
14:11:34,ICBP,RG,10100,7,F,AK,BK,F
14:10:49,ICBP,RG,10100,1,F,AK,XC,D
14:10:34,ICBP,RG,10100,9,F,AK,AK,F
14:10:33,ICBP,RG,10100,8,F,AK,EP,D
14:10:33,ICBP,RG,10100,9,F,BK,EP,D
14:10:33,ICBP,RG,10100,3,F,BB,EP,D
14:10:01,ICBP,RG,10100,2,F,BB,AK,F
14:10:01,ICBP,RG,10100,5,F,BB,NI,D
14:09:08,ICBP,RG,10100,3,F,BB,AK,F
14:09:08,ICBP,RG,10100,1,F,AK,AK,F
14:09:08,ICBP,RG,10100,1,D,NI,AK,F
14:09:08,ICBP,RG,10100,1,F,BK,AK,F
14:09:07,ICBP,RG,10125,5,D,DX,BK,F
14:09:07,ICBP,RG,10125,9,D,DX,BK,F
14:09:03,ICBP,RG,10100,6,F,BK,AK,F
14:09:02,ICBP,RG,10100,14,F,BK,BK,F
14:08:43,ICBP,RG,10100,2,F,BK,AK,F
14:08:42,ICBP,RG,10100,5,F,BK,HP,D
14:06:16,ICBP,RG,10100,7,F,BK,AK,F
14:06:15,ICBP,RG,10125,1,D,DX,BK,F
14:06:15,ICBP,RG,10125,5,D,DX,DR,D
14:06:15,ICBP,RG,10125,9,D,DX,BK,F
14:04:12,ICBP,RG,10125,1,D,PD,BK,F
14:03:35,ICBP,RG,10100,4,F,BK,AK,F
14:03:34,ICBP,RG,10125,9,D,DX,BK,F
14:03:02,ICBP,RG,10100,6,F,BK,AK,F
14:03:01,ICBP,RG,10100,14,F,BK,BK,F
14:01:05,ICBP,RG,10125,1,D,DX,AK,F
14:01:05,ICBP,RG,10125,2,D,DX,PD,D
14:00:54,ICBP,RG,10100,1,F,BK,AK,F
14:00:54,ICBP,RG,10100,1,F,BK,RG,D
14:00:51,ICBP,RG,10100,3,F,BK,AK,F
14:00:50,ICBP,RG,10100,3,F,BK,BK,F
14:00:50,ICBP,RG,10100,4,D,YP,BK,F
14:00:50,ICBP,RG,10100,1,D,DX,BK,F
14:00:42,ICBP,RG,10100,1,F,AK,AK,F
14:00:41,ICBP,RG,10125,1,D,XC,PD,D
14:00:04,ICBP,RG,10100,17,F,AK,AK,F
14:00:04,ICBP,RG,10100,13,F,BK,AK,F
14:00:03,ICBP,RG,10100,8,F,BK,YB,D
14:00:03,ICBP,RG,10100,1,F,AK,YB,D
14:00:03,ICBP,RG,10100,1,F,AK,YB,D
14:00:03,ICBP,RG,10100,42,F,BB,YB,D
14:00:03,ICBP,RG,10100,18,D,CC,YB,D
14:00:01,ICBP,RG,10100,1,D,CC,AK,F
14:00:00,ICBP,RG,10125,2,F,BB,PD,D
13:59:59,ICBP,RG,10100,5,D,CC,AK,F
13:59:58,ICBP,RG,10125,11,D,XC,PD,D
13:59:15,ICBP,RG,10100,1,D,CC,AK,F
13:59:14,ICBP,RG,10125,2,F,BB,PD,D
13:59:13,ICBP,RG,10100,3,D,CC,AK,F
13:59:13,ICBP,RG,10125,8,F,BK,PD,D
13:59:11,ICBP,RG,10100,1,D,CC,AK,F
13:59:11,ICBP,RG,10125,2,F,BB,PD,D
13:59:09,ICBP,RG,10100,2,D,CC,AK,F
13:59:09,ICBP,RG,10100,5,D,CC,EP,D
13:58:48,ICBP,RG,10100,1,D,CC,AK,F
13:58:47,ICBP,RG,10125,2,F,BB,PD,D
13:58:47,ICBP,RG,10100,4,D,CC,AK,F
13:58:46,ICBP,RG,10100,9,D,CC,BK,F
13:58:12,ICBP,RG,10100,1,F,BK,PD,D
13:56:35,ICBP,RG,10100,2,F,BK,AK,F
13:56:35,ICBP,RG,10125,3,F,BB,PD,D
13:56:35,ICBP,RG,10100,5,F,BK,AK,F
13:56:34,ICBP,RG,10100,11,F,BK,BK,F
13:54:54,ICBP,RG,10125,2,F,BB,PD,D
13:54:53,ICBP,RG,10100,4,F,BK,AK,F
13:54:53,ICBP,RG,10100,9,F,BK,BK,F
13:53:34,ICBP,RG,10100,1,F,BK,AK,F
13:53:33,ICBP,RG,10125,2,F,BB,PD,D
13:53:33,ICBP,RG,10100,4,F,BK,AK,F
13:53:32,ICBP,RG,10100,8,F,BK,BK,F
13:52:19,ICBP,RG,10125,1,F,BB,PD,D
13:52:17,ICBP,RG,10100,1,F,BK,AK,F
13:52:17,ICBP,RG,10125,1,F,BB,PD,D
13:52:17,ICBP,RG,10100,3,F,BK,AK,F
13:52:16,ICBP,RG,10100,8,F,BK,BK,F
13:51:12,ICBP,RG,10100,1,F,BK,AK,F
13:51:12,ICBP,RG,10125,2,F,BB,PD,D
13:51:11,ICBP,RG,10100,1,F,BK,AK,F
13:51:11,ICBP,RG,10100,2,F,AK,AK,F
13:51:10,ICBP,RG,10100,8,F,BK,BK,F
13:50:01,ICBP,RG,10100,1,F,BK,AK,F
13:50:01,ICBP,RG,10125,2,F,BB,PD,D
13:50:00,ICBP,RG,10100,4,F,BK,AK,F
13:49:59,ICBP,RG,10100,9,F,BK,BK,F
13:49:07,ICBP,RG,10100,1,F,BK,AK,F
13:49:06,ICBP,RG,10125,2,F,BB,PD,D
13:49:05,ICBP,RG,10100,4,F,BK,AK,F
13:49:04,ICBP,RG,10100,5,F,BK,BK,F
13:49:04,ICBP,RG,10100,3,F,AK,BK,F
13:48:42,ICBP,RG,10125,1,F,BB,PD,D
13:48:41,ICBP,RG,10100,1,F,AK,BQ,D
13:48:22,ICBP,RG,10100,1,F,AK,AK,F
13:48:21,ICBP,RG,10100,1,F,AK,NI,D
13:48:14,ICBP,RG,10100,1,F,AK,AK,F
13:48:14,ICBP,RG,10125,1,F,BB,PD,D
13:48:14,ICBP,RG,10125,1,F,BB,PD,D
13:48:12,ICBP,RG,10100,3,F,AK,AK,F
13:48:11,ICBP,RG,10100,8,F,AK,BK,F
13:47:27,ICBP,RG,10100,1,F,AK,AK,F
13:47:26,ICBP,RG,10125,2,F,BB,SQ,D
13:47:25,ICBP,RG,10100,4,F,AK,AK,F
13:47:24,ICBP,RG,10100,8,F,AK,BK,F
13:46:43,ICBP,RG,10125,1,F,BB,SQ,D
13:46:42,ICBP,RG,10125,1,F,BB,SQ,D
13:46:42,ICBP,RG,10100,4,F,AK,AK,F
13:46:41,ICBP,RG,10100,8,F,AK,BK,F
13:46:28,ICBP,RG,10100,1,F,AK,PD,D
13:45:52,ICBP,RG,10100,1,F,AK,AK,F
13:45:51,ICBP,RG,10125,2,F,BB,SQ,D
13:45:51,ICBP,RG,10100,4,F,AK,AK,F
13:45:50,ICBP,RG,10125,7,F,BK,SQ,D
13:45:50,ICBP,RG,10125,1,F,BK,DH,D
13:45:48,ICBP,RG,10100,1,F,AK,AK,F
13:45:47,ICBP,RG,10125,3,F,BB,DH,D
13:45:47,ICBP,RG,10100,4,F,AK,AK,F
13:45:46,ICBP,RG,10100,9,F,AK,BK,F
13:45:03,ICBP,RG,10125,1,F,BB,DH,D
13:45:03,ICBP,RG,10100,4,F,AK,AK,F
13:45:02,ICBP,RG,10100,8,F,AK,BK,F
13:38:53,ICBP,RG,10125,1,F,BB,DH,D
13:38:52,ICBP,RG,10100,1,F,AK,AK,F
13:38:51,ICBP,RG,10100,1,F,AK,YP,F
13:38:15,ICBP,RG,10125,1,F,BB,DH,D
13:38:14,ICBP,RG,10100,2,F,AK,AK,F
13:38:14,ICBP,RG,10100,3,F,AK,NI,D
13:37:58,ICBP,RG,10100,3,F,AK,AK,F
13:37:58,ICBP,RG,10100,1,F,AK,CC,D
13:37:58,ICBP,RG,10100,1,F,BB,CC,D
13:37:58,ICBP,RG,10100,5,F,BK,CC,D
13:36:21,ICBP,RG,10125,1,F,BB,DH,D
13:36:19,ICBP,RG,10100,4,F,BK,AK,F
13:36:18,ICBP,RG,10125,1,F,BB,DH,D
13:36:18,ICBP,RG,10125,4,F,BB,BK,F
13:36:18,ICBP,RG,10125,5,F,BB,BK,F
13:36:17,ICBP,RG,10100,1,F,BK,AK,F
13:36:17,ICBP,RG,10100,72,F,BK,AK,F
13:36:17,ICBP,RG,10100,10,F,BK,BK,F
13:36:17,ICBP,RG,10100,11,F,BK,BK,F
13:36:17,ICBP,RG,10100,5,F,BK,YP,D
13:36:17,ICBP,RG,10100,11,F,BK,BK,F
13:36:17,ICBP,RG,10100,1,F,BK,CC,F
13:36:17,ICBP,RG,10100,8,F,BK,BK,F
13:36:17,ICBP,RG,10100,1,F,BK,YP,D
13:36:17,ICBP,RG,10100,77,F,BK,BK,F
13:36:17,ICBP,RG,10100,5,F,BK,AZ,D
13:36:17,ICBP,RG,10100,10,F,BK,KK,D
13:36:17,ICBP,RG,10100,6,F,BK,AK,F
13:36:17,ICBP,RG,10100,41,F,BK,NI,D
13:34:18,ICBP,RG,10075,2,D,KK,AK,F
13:34:18,ICBP,RG,10075,5,D,KK,NI,D
13:33:44,ICBP,RG,10100,1,D,XC,NI,D
13:30:11,ICBP,RG,10075,2,D,KK,AK,F
13:30:10,ICBP,RG,10100,3,F,AK,NI,D
13:30:09,ICBP,RG,10075,11,D,KK,AK,F
13:30:09,ICBP,RG,10075,1,D,DH,AK,F
13:30:09,ICBP,RG,10075,1,D,DX,AK,F
13:30:09,ICBP,RG,10075,1,D,GR,AK,F
13:30:09,ICBP,RG,10075,1,D,XC,AK,F
13:30:09,ICBP,RG,10075,1,D,CC,AK,F
13:30:09,ICBP,RG,10075,1,D,YP,AK,F
13:30:09,ICBP,RG,10075,20,F,BB,AK,F
13:30:08,ICBP,RG,10100,3,F,AK,YP,D
13:30:08,ICBP,RG,10100,84,F,AK,YP,D
13:30:07,ICBP,RG,10100,2,F,AK,AK,F
13:30:07,ICBP,RG,10100,4,F,AK,BK,F
13:30:05,ICBP,RG,10075,4,F,BB,AK,F
13:30:05,ICBP,RG,10075,5,D,YP,AK,F
13:30:05,ICBP,RG,10075,1,D,SQ,AK,F
13:30:02,ICBP,RG,10075,1,D,DX,XC,D
13:30:02,ICBP,RG,10075,2,D,DR,XC,D
13:30:02,ICBP,RG,10075,2,D,DR,YP,D
13:30:02,ICBP,RG,10075,1,D,DR,XL,D
13:30:02,ICBP,RG,10075,2,F,BK,XL,D
13:30:01,ICBP,RG,10075,2,F,BK,PD,D
13:30:01,ICBP,RG,10100,1,D,PD,BK,F
13:30:01,ICBP,RG,10075,1,F,BK,PD,D
13:30:01,ICBP,RG,10075,2,F,BK,PD,D
13:30:01,ICBP,RG,10100,5,D,PD,BK,F
13:30:00,ICBP,RG,10075,5,F,BK,YU,D
11:29:45,ICBP,RG,10075,1,F,BK,AK,F
11:29:30,ICBP,RG,10075,2,F,BK,AK,F
11:29:30,ICBP,RG,10075,1,F,BK,AK,F
11:29:16,ICBP,RG,10075,8,F,BK,BK,F
11:28:30,ICBP,RG,10075,3,F,BK,AK,F
11:28:29,ICBP,RG,10075,8,F,BK,BK,F
11:28:00,ICBP,RG,10075,1,F,BK,AK,F
11:27:45,ICBP,RG,10100,1,F,AK,BK,F
11:27:45,ICBP,RG,10075,2,F,BK,AK,F
11:27:45,ICBP,RG,10075,1,F,BK,AK,F
11:27:44,ICBP,RG,10075,7,F,BK,BK,F
11:27:15,ICBP,RG,10075,3,F,BK,AK,F
11:27:09,ICBP,RG,10075,7,F,BK,BK,F
11:26:30,ICBP,RG,10075,2,F,BK,AK,F
11:26:30,ICBP,RG,10075,1,F,BK,AK,F
11:26:29,ICBP,RG,10075,8,F,BK,BK,F
11:26:13,ICBP,RG,10075,9,F,BK,AK,F
11:26:13,ICBP,RG,10075,21,F,BK,PD,D
11:25:42,ICBP,RG,10075,1,F,BK,AK,F
11:25:42,ICBP,RG,10075,1,F,BK,XC,D
11:25:41,ICBP,RG,10075,4,F,BK,AK,F
11:25:41,ICBP,RG,10075,9,F,BK,BK,F
11:25:09,ICBP,RG,10075,3,F,BK,AK,F
11:25:08,ICBP,RG,10075,8,F,BK,BK,F
11:24:29,ICBP,RG,10075,3,F,BK,AK,F
11:24:28,ICBP,RG,10075,8,F,BK,BK,F
11:23:48,ICBP,RG,10075,4,F,BK,AK,F
11:23:48,ICBP,RG,10075,8,F,BK,BK,F
11:23:10,ICBP,RG,10075,4,F,BK,AK,F
11:23:09,ICBP,RG,10100,1,F,AK,BK,F
11:23:09,ICBP,RG,10075,9,F,BK,BK,F
11:22:30,ICBP,RG,10075,4,F,BK,AK,F
11:22:29,ICBP,RG,10075,9,F,BK,BK,F
11:22:06,ICBP,RG,10075,4,F,BK,AK,F
11:22:05,ICBP,RG,10075,8,F,BK,BK,F
11:21:05,ICBP,RG,10075,4,F,BK,AK,F
11:21:04,ICBP,RG,10100,1,F,AK,BK,F
11:21:04,ICBP,RG,10075,9,F,BK,BK,F
11:20:23,ICBP,RG,10075,3,F,BK,AK,F
11:20:23,ICBP,RG,10075,7,F,BK,BK,F
11:19:33,ICBP,RG,10075,2,F,BK,AK,F
11:19:32,ICBP,RG,10100,2,D,PD,BK,F
11:19:32,ICBP,RG,10100,3,D,PD,NI,D
11:19:14,ICBP,RG,10075,4,F,BK,AK,F
11:19:14,ICBP,RG,10075,9,F,BK,BK,F
11:19:06,ICBP,RG,10100,1,D,PD,NI,D
11:18:26,ICBP,RG,10075,4,F,BK,AK,F
11:18:25,ICBP,RG,10075,8,F,BK,BK,F
11:17:30,ICBP,RG,10075,3,F,BK,AK,F
11:17:30,ICBP,RG,10075,8,F,BK,BK,F
11:16:35,ICBP,RG,10075,4,F,BK,AK,F
11:16:35,ICBP,RG,10075,1,F,AK,BK,F
11:16:35,ICBP,RG,10075,8,D,LG,BK,F
11:15:47,ICBP,RG,10075,11,D,LG,AK,F
11:15:47,ICBP,RG,10075,25,D,LG,PD,D
11:15:35,ICBP,RG,10075,4,D,LG,AK,F
11:15:34,ICBP,RG,10075,2,D,LG,BK,F
11:15:34,ICBP,RG,10075,7,F,BB,BK,F
11:14:32,ICBP,RG,10075,4,F,BB,AK,F
11:14:32,ICBP,RG,10075,6,F,BB,BK,F
11:14:32,ICBP,RG,10075,3,F,AK,BK,F
11:13:35,ICBP,RG,10075,3,F,AK,AK,F
11:13:35,ICBP,RG,10075,8,F,AK,BK,F
11:12:26,ICBP,RG,10075,4,F,AK,AK,F
11:12:26,ICBP,RG,10075,9,F,AK,BK,F
11:12:26,ICBP,RG,10075,1,F,AK,BK,F
11:11:30,ICBP,RG,10075,4,F,BK,AK,F
11:11:29,ICBP,RG,10075,4,F,BK,BK,F
11:11:29,ICBP,RG,10075,4,D,PD,BK,F
11:11:21,ICBP,RG,10075,4,D,PD,AK,F
11:11:21,ICBP,RG,10075,10,D,PD,TF,D
11:10:34,ICBP,RG,10075,4,D,PD,AK,F
11:10:34,ICBP,RG,10075,8,D,PD,BK,F
11:10:28,ICBP,RG,10075,2,D,PD,AK,F
11:10:28,ICBP,RG,10075,5,D,PD,NI,D
11:09:29,ICBP,RG,10075,4,D,PD,AK,F
11:09:29,ICBP,RG,10075,9,D,PD,BK,F
11:08:25,ICBP,RG,10075,1,F,AK,AK,F
11:08:25,ICBP,RG,10075,3,F,BK,AK,F
11:08:25,ICBP,RG,10075,9,F,BK,BK,F
11:07:39,ICBP,RG,10075,3,F,BK,AK,F
11:07:38,ICBP,RG,10100,8,D,CC,NI,D
11:07:21,ICBP,RG,10075,4,F,BK,AK,F
11:07:21,ICBP,RG,10075,9,F,BK,BK,F
11:06:20,ICBP,RG,10075,3,F,BK,AK,F
11:06:19,ICBP,RG,10075,8,F,BK,BK,F
11:05:13,ICBP,RG,10075,4,F,BK,AK,F
11:05:13,ICBP,RG,10075,8,F,BK,BK,F
11:03:41,ICBP,RG,10075,4,F,BK,AK,F
11:03:40,ICBP,RG,10075,2,F,BK,BK,F
11:03:40,ICBP,RG,10075,8,F,AK,BK,F
11:02:10,ICBP,RG,10075,3,F,AK,AK,F
11:02:09,ICBP,RG,10075,8,F,AK,BK,F
11:00:26,ICBP,RG,10075,1,F,AK,AK,F
11:00:26,ICBP,RG,10075,1,F,AK,OD,D
11:00:22,ICBP,RG,10075,3,F,AK,AK,F
11:00:21,ICBP,RG,10075,1,F,AK,BK,F
11:00:21,ICBP,RG,10075,7,F,BB,BK,F
10:58:22,ICBP,RG,10075,3,F,BB,AK,F
10:58:21,ICBP,RG,10075,7,F,BB,BK,F
10:58:12,ICBP,RG,10075,1,F,BB,AK,F
10:58:12,ICBP,RG,10100,1,D,XC,NI,D
10:56:53,ICBP,RG,10075,2,F,BB,AK,F
10:56:52,ICBP,RG,10075,5,F,BB,DH,D
10:56:21,ICBP,RG,10075,3,F,BB,AK,F
10:56:21,ICBP,RG,10075,8,F,BB,BK,F
10:55:42,ICBP,RG,10050,1,F,BK,AK,F
10:55:41,ICBP,RG,10050,1,F,BK,BQ,D
10:55:29,ICBP,RG,10050,9,F,BK,AK,F
10:55:29,ICBP,RG,10050,22,F,BK,YP,D
10:55:21,ICBP,RG,10050,1,F,BK,AK,F
10:55:20,ICBP,RG,10100,1,D,PD,NI,D
10:54:45,ICBP,RG,10050,3,F,BK,AK,F
10:54:45,ICBP,RG,10050,8,F,BK,BK,F
10:54:45,ICBP,RG,10075,1,D,XC,AK,F
10:54:44,ICBP,RG,10075,1,D,XC,PD,D
10:54:44,ICBP,RG,10075,1,D,XC,PD,D
10:54:32,ICBP,RG,10075,1,D,XC,XL,D
10:54:10,ICBP,RG,10075,1,D,XC,AK,F
10:54:10,ICBP,RG,10075,1,D,XC,BQ,D
10:53:19,ICBP,RG,10050,4,F,BK,AK,F
10:53:19,ICBP,RG,10050,9,F,BK,BK,F
10:53:19,ICBP,RG,10050,2,F,BK,AK,F
10:53:18,ICBP,RG,10050,5,F,BK,XC,D
10:52:46,ICBP,RG,10050,25,F,BK,AK,F
10:52:46,ICBP,RG,10075,31,F,BB,AK,F
10:52:46,ICBP,RG,10075,8,F,BK,AK,F
10:52:46,ICBP,RG,10075,150,F,BK,OD,D
10:52:16,ICBP,RG,10075,4,F,BK,AK,F
10:52:15,ICBP,RG,10075,8,F,BK,BK,F
10:51:17,ICBP,RG,10075,3,F,BK,AK,F
10:51:16,ICBP,RG,10075,7,F,BK,BK,F
10:51:16,ICBP,RG,10075,1,D,XC,BK,F
10:50:27,ICBP,RG,10075,2,D,XC,AK,F
10:50:26,ICBP,RG,10100,1,F,AK,AK,F
10:50:25,ICBP,RG,10100,7,F,BB,BK,F
10:49:48,ICBP,RG,10075,1,D,DH,XL,D
10:49:29,ICBP,RG,10075,4,F,BK,AK,F
10:49:29,ICBP,RG,10075,8,F,BK,BK,F
10:49:09,ICBP,RG,10075,1,F,BK,AK,F
10:49:08,ICBP,RG,10100,3,D,XC,BK,F
10:48:51,ICBP,RG,10100,1,D,XC,AK,F
10:48:51,ICBP,RG,10100,1,F,AK,AK,F
10:48:50,ICBP,RG,10100,1,F,AK,KK,D
10:48:50,ICBP,RG,10100,1,D,DX,KK,D
10:48:50,ICBP,RG,10100,3,F,BB,KK,D
10:48:00,ICBP,RG,10100,1,F,BB,AK,F
10:48:00,ICBP,RG,10100,1,F,BB,AK,F
10:48:00,ICBP,RG,10100,1,F,BB,AK,F
10:48:00,ICBP,RG,10100,1,F,BB,AK,F
10:47:59,ICBP,RG,10100,4,F,BB,BK,F
10:47:59,ICBP,RG,10100,5,F,AK,BK,F
10:47:21,ICBP,RG,10100,2,F,AK,AK,F
10:47:20,ICBP,RG,10100,3,F,AK,XC,D
10:47:19,ICBP,RG,10125,1,D,PD,BK,F
10:47:03,ICBP,RG,10100,1,F,AK,YB,D
10:46:32,ICBP,RG,10100,4,F,AK,AK,F
10:46:31,ICBP,RG,10100,9,F,AK,BK,F
10:46:21,ICBP,RG,10100,2,F,AK,AK,F
10:46:20,ICBP,RG,10100,4,F,AK,PD,D
10:46:00,ICBP,RG,10100,1,F,AK,AK,F
10:46:00,ICBP,RG,10100,3,F,AK,AK,F
10:46:00,ICBP,RG,10100,1,F,AK,AK,F
10:46:00,ICBP,RG,10100,1,F,AK,AK,F
10:46:00,ICBP,RG,10100,1,F,AK,AK,F
10:46:00,ICBP,RG,10100,15,F,BK,EP,D
10:45:29,ICBP,RG,10100,3,F,BK,AK,F
10:45:28,ICBP,RG,10100,7,F,BK,BK,F
10:44:49,ICBP,RG,10100,27,F,BK,AK,F
10:44:49,ICBP,RG,10100,24,F,BK,XL,D
10:44:49,ICBP,RG,10100,29,F,AK,XL,D
10:44:49,ICBP,RG,10100,9,F,BB,XL,D
10:44:06,ICBP,RG,10100,3,F,BB,AK,F
10:44:05,ICBP,RG,10100,8,F,BB,BK,F
10:42:21,ICBP,RG,10100,4,F,BB,AK,F
10:42:20,ICBP,RG,10100,9,F,BB,BK,F
10:40:44,ICBP,RG,10075,3,F,BK,AK,F
10:40:43,ICBP,RG,10075,7,F,BK,BK,F
10:39:16,ICBP,RG,10075,2,F,BK,AK,F
10:39:15,ICBP,RG,10075,5,F,BK,PD,D
10:39:05,ICBP,RG,10075,4,F,BK,AK,F
10:39:04,ICBP,RG,10075,8,F,BK,BK,F
10:39:00,ICBP,RG,10075,1,F,BK,PD,D
10:38:26,ICBP,RG,10075,1,F,BK,PD,D
10:37:41,ICBP,RG,10075,3,F,BK,AK,F
10:37:40,ICBP,RG,10075,7,F,BK,BK,F
10:36:04,ICBP,RG,10075,4,F,BK,AK,F
10:36:04,ICBP,RG,10075,8,F,BK,BK,F
10:34:43,ICBP,RG,10075,3,F,BK,AK,F
10:34:42,ICBP,RG,10075,6,F,BK,BK,F
10:34:42,ICBP,RG,10075,1,F,BB,BK,F
10:33:27,ICBP,RG,10075,3,F,BB,AK,F
10:33:26,ICBP,RG,10075,7,F,BB,BK,F
10:31:09,ICBP,RG,10125,1,F,AK,BK,F
10:31:09,ICBP,RG,10075,13,F,BB,AK,F
10:31:08,ICBP,RG,10075,30,F,BB,PD,D
10:30:54,ICBP,RG,10075,1,F,BB,AK,F
10:30:54,ICBP,RG,10075,2,F,BB,NI,D
10:30:11,ICBP,RG,10075,1,F,BB,AK,F
10:30:10,ICBP,RG,10125,1,D,XL,BK,F
10:27:18,ICBP,RG,10125,2,F,BB,BK,F
10:27:16,ICBP,RG,10025,4,D,EP,AK,F
10:27:15,ICBP,RG,10025,9,D,EP,YU,F
10:26:51,ICBP,RG,10025,1,D,EP,AK,F
10:26:50,ICBP,RG,10125,1,F,BB,BK,F
10:26:49,ICBP,RG,10025,2,D,EP,AK,F
10:26:49,ICBP,RG,10125,5,F,BB,BK,F
10:26:48,ICBP,RG,10025,10,D,EP,AK,F
10:26:47,ICBP,RG,10025,19,D,EP,YU,F
10:26:47,ICBP,RG,10025,1,D,PD,YU,F
10:26:47,ICBP,RG,10025,2,D,PD,YU,F
10:26:47,ICBP,RG,10025,1,D,XC,YU,F
10:26:47,ICBP,RG,10025,1,D,YB,YU,F
10:26:23,ICBP,RG,10125,1,F,BB,BK,F
10:26:22,ICBP,RG,10025,1,D,PD,AK,F
10:26:22,ICBP,RG,10125,2,D,PD,BK,F
10:26:18,ICBP,RG,10025,1,D,PD,AK,F
10:26:17,ICBP,RG,10125,2,F,BB,YU,F
10:26:15,ICBP,RG,10025,15,F,BK,AK,F
10:26:15,ICBP,RG,10125,35,F,BB,YU,F
10:26:13,ICBP,RG,10025,67,F,BK,AK,F
10:26:13,ICBP,RG,10025,128,F,BK,YU,F
10:26:13,ICBP,RG,10025,2,F,BB,YU,F
10:26:13,ICBP,RG,10025,30,D,YB,YU,F
10:26:09,ICBP,RG,10025,1,D,YB,AK,F
10:26:08,ICBP,RG,10125,1,F,BB,YU,F
10:26:07,ICBP,RG,10025,6,D,YB,AK,F
10:26:07,ICBP,RG,10125,15,F,BB,YU,F
10:26:04,ICBP,RG,10050,7,F,BK,AK,F
10:26:04,ICBP,RG,10050,14,F,BK,AK,F
10:26:04,ICBP,RG,10050,30,F,BK,AK,F
10:26:04,ICBP,RG,10050,5,D,PD,AK,F
10:26:04,ICBP,RG,10050,10,D,CP,AK,F
10:26:04,ICBP,RG,10050,1,D,YB,AK,F
10:26:04,ICBP,RG,10050,5,D,YP,AK,F
10:26:04,ICBP,RG,10050,3,D,EP,AK,F
10:26:04,ICBP,RG,10050,1,D,XC,AK,F
10:26:04,ICBP,RG,10050,25,D,YP,AK,F
10:26:04,ICBP,RG,10050,18,F,BB,AK,F
10:26:04,ICBP,RG,10050,100,D,KK,AK,F
10:26:04,ICBP,RG,10125,15,F,BB,YU,F
10:26:04,ICBP,RG,10125,1,F,BB,CC,F
10:26:04,ICBP,RG,10075,1,D,PD,ZP,D
10:26:04,ICBP,RG,10075,14,F,BK,ZP,D
10:26:04,ICBP,RG,10075,438,F,BK,ZP,D
10:26:04,ICBP,RG,10075,39,F,BK,ZP,D
10:26:04,ICBP,RG,10075,1,D,PD,ZP,D
10:26:04,ICBP,RG,10075,2,D,PD,ZP,D
10:25:10,ICBP,RG,10075,1,D,PD,AK,F
10:25:10,ICBP,RG,10075,2,D,PD,XC,D
10:24:46,ICBP,RG,10075,1,D,LG,AK,F
10:24:46,ICBP,RG,10075,2,D,CC,AK,F
10:24:46,ICBP,RG,10075,3,D,CC,YU,F
10:24:46,ICBP,RG,10075,4,D,CC,YU,F
10:24:46,ICBP,RG,10075,2,D,CC,AK,F
10:24:45,ICBP,RG,10100,6,F,BK,YU,F
10:24:13,ICBP,RG,10075,17,F,BB,AK,F
10:24:13,ICBP,RG,10075,1,D,LS,AK,F
10:24:13,ICBP,RG,10075,5,D,MG,AK,F
10:24:12,ICBP,RG,10125,52,F,BB,ZP,D
10:23:55,ICBP,RG,10100,1,F,BK,AK,F
10:23:54,ICBP,RG,10150,1,F,BB,YP,D
10:23:54,ICBP,RG,10100,1,F,BK,AK,F
10:23:54,ICBP,RG,10100,2,F,BK,AK,F
10:23:54,ICBP,RG,10100,7,F,BK,YU,F
10:23:47,ICBP,RG,10150,1,F,BB,YP,D
10:23:46,ICBP,RG,10100,1,F,BK,AK,F
10:23:45,ICBP,RG,10150,2,F,BB,YP,D
10:23:44,ICBP,RG,10100,4,F,BK,AK,F
10:23:44,ICBP,RG,10100,9,F,BK,YU,F
10:23:19,ICBP,RG,10150,1,F,BB,YP,D
10:23:17,ICBP,RG,10100,2,F,BK,AK,F
10:23:17,ICBP,RG,10100,3,F,BK,AK,F
10:23:16,ICBP,RG,10125,3,F,BB,AK,F
10:23:16,ICBP,RG,10125,8,F,AK,AK,F
10:23:16,ICBP,RG,10125,34,F,AK,YU,F
10:23:16,ICBP,RG,10125,2,F,BB,YU,F
10:23:11,ICBP,RG,10125,1,F,BB,AK,F
10:23:10,ICBP,RG,10150,1,F,BB,YP,D
10:23:08,ICBP,RG,10100,11,F,BK,AK,F
10:23:07,ICBP,RG,10125,1,F,BK,CC,F
10:23:07,ICBP,RG,10125,1,F,BK,AK,F
10:23:07,ICBP,RG,10125,13,F,BK,AK,F
10:23:07,ICBP,RG,10125,57,F,BK,BK,F
10:22:56,ICBP,RG,10100,7,F,BB,AK,F
10:22:56,ICBP,RG,10100,18,F,BK,AK,F
10:22:56,ICBP,RG,10125,1,F,AK,AK,F
10:22:56,ICBP,RG,10125,5,F,BK,AK,F
10:22:55,ICBP,RG,10125,1,D,DX,ZP,D
10:22:55,ICBP,RG,10125,1,D,LG,ZP,D
10:22:55,ICBP,RG,10125,1,D,PD,ZP,D
10:22:55,ICBP,RG,10125,1,F,AK,ZP,D
10:22:55,ICBP,RG,10125,1,D,OD,ZP,D
10:22:55,ICBP,RG,10125,29,F,AK,ZP,D
10:22:55,ICBP,RG,10125,1,F,AK,ZP,D
10:22:55,ICBP,RG,10125,13,F,BK,ZP,D
10:22:55,ICBP,RG,10125,3,F,BB,ZP,D
10:22:15,ICBP,RG,10125,2,F,BB,AK,F
10:22:14,ICBP,RG,10150,2,D,YP,YP,D
10:22:14,ICBP,RG,10150,3,D,YP,BK,F
10:22:05,ICBP,RG,10125,1,F,BB,AK,F
10:22:04,ICBP,RG,10150,2,D,XL,BK,F
10:21:42,ICBP,RG,10125,1,F,BB,YP,D
10:21:37,ICBP,RG,10125,4,F,BB,AK,F
10:21:36,ICBP,RG,10125,8,F,BB,BK,F
10:21:36,ICBP,RG,10125,1,F,BK,BK,F
10:21:22,ICBP,RG,10125,1,F,BK,AK,F
10:21:21,ICBP,RG,10150,1,D,NI,BK,F
10:20:41,ICBP,RG,10150,1,F,BB,BK,F
10:20:41,ICBP,RG,10125,1,F,BK,AK,F
10:20:40,ICBP,RG,10150,1,D,PD,BK,F
10:20:40,ICBP,RG,10150,1,D,PD,CC,F
10:20:08,ICBP,RG,10125,1,F,BK,AK,F
10:20:08,ICBP,RG,10150,1,F,BB,CC,F
10:20:08,ICBP,RG,10150,1,F,BB,PD,D
10:20:06,ICBP,RG,10125,3,F,BK,AK,F
10:20:05,ICBP,RG,10125,9,F,BK,BK,F
10:19:08,ICBP,RG,10150,1,F,BB,PD,D
10:19:07,ICBP,RG,10125,8,F,BK,BK,F
10:17:48,ICBP,RG,10150,1,D,XL,BK,F
10:17:29,ICBP,RG,10150,2,F,BB,BK,F
10:17:28,ICBP,RG,10125,9,F,BK,BK,F
10:16:41,ICBP,RG,10150,1,F,BB,BK,F
10:16:41,ICBP,RG,10125,7,F,BK,XL,D
10:16:03,ICBP,RG,10150,1,F,BB,BK,F
10:16:01,ICBP,RG,10125,9,F,BK,BK,F
10:14:44,ICBP,RG,10150,2,F,BB,BK,F
10:14:43,ICBP,RG,10125,8,F,BK,BK,F
10:09:16,ICBP,RG,10150,1,D,YP,BK,F
10:07:54,ICBP,RG,10150,1,F,BB,BK,F
10:07:53,ICBP,RG,10125,5,F,BK,CP,D
10:07:16,ICBP,RG,10125,3,F,BK,HP,D
10:07:16,ICBP,RG,10125,1,D,ZP,HP,D
10:05:43,ICBP,RG,10100,35,F,BK,AK,F
10:05:43,ICBP,RG,10125,19,F,BK,AK,F
10:05:43,ICBP,RG,10125,1,F,BK,AK,F
10:05:43,ICBP,RG,10125,62,F,BK,BK,F
10:05:43,ICBP,RG,10125,1,F,BK,KK,D
10:05:24,ICBP,RG,10100,3,F,BK,AK,F
10:05:23,ICBP,RG,10100,8,F,BK,BK,F
10:05:19,ICBP,RG,10100,5,F,BK,AK,F
10:05:18,ICBP,RG,10100,1,F,BK,XC,D
10:05:18,ICBP,RG,10100,9,D,CC,XC,D
10:04:24,ICBP,RG,10100,1,D,CC,KK,D
10:04:13,ICBP,RG,10100,1,D,LS,AK,F
10:04:13,ICBP,RG,10100,3,F,BK,AK,F
10:04:12,ICBP,RG,10100,9,F,BK,BK,F
10:03:36,ICBP,RG,10100,2,F,BK,AK,F
10:03:36,ICBP,RG,10100,1,D,XL,AK,F
10:03:35,ICBP,RG,10100,8,D,XL,YU,F
10:03:20,ICBP,RG,10100,1,D,XL,AK,F
10:03:20,ICBP,RG,10125,3,F,BB,AK,F
10:03:19,ICBP,RG,10125,8,F,AK,XL,D
10:03:11,ICBP,RG,10125,1,F,AK,AK,F
10:03:10,ICBP,RG,10125,2,F,AK,PD,D
10:03:06,ICBP,RG,10125,2,F,AK,AK,F
10:03:05,ICBP,RG,10125,4,F,AK,PD,D
10:03:04,ICBP,RG,10125,3,F,AK,AK,F
10:03:04,ICBP,RG,10125,4,F,BB,AK,F
10:03:04,ICBP,RG,10125,4,F,BB,CC,D
10:03:04,ICBP,RG,10125,3,F,BK,CC,D
10:03:03,ICBP,RG,10125,9,F,BK,BK,F
10:03:01,ICBP,RG,10125,3,F,BK,AK,F
10:03:01,ICBP,RG,10125,7,F,BK,YU,F
10:02:34,ICBP,RG,10125,5,F,BK,AK,F
10:02:34,ICBP,RG,10125,1,F,AK,AK,F
10:02:34,ICBP,RG,10125,1,D,SQ,AK,F
10:02:34,ICBP,RG,10125,1,D,YB,AK,F
10:02:34,ICBP,RG,10125,2,D,YB,YU,F
10:02:34,ICBP,RG,10125,16,F,BK,YU,F
10:02:30,ICBP,RG,10125,1,F,BB,AK,F
10:02:29,ICBP,RG,10125,4,F,BB,XC,D
10:02:12,ICBP,RG,10125,1,F,BB,AK,F
10:02:12,ICBP,RG,10125,1,F,BB,AT,D
10:02:12,ICBP,RG,10125,7,F,BB,AK,F
10:02:11,ICBP,RG,10150,1,F,AK,AK,F
10:02:11,ICBP,RG,10150,1,D,DR,AK,F
10:02:11,ICBP,RG,10150,14,F,BK,AK,F
10:02:11,ICBP,RG,10150,10,F,BK,AK,F
10:02:11,ICBP,RG,10150,15,F,BB,AK,F
10:02:11,ICBP,RG,10150,1,F,AK,AK,F
10:02:11,ICBP,RG,10150,1,D,DX,AK,F
10:02:11,ICBP,RG,10150,1,F,AK,BK,F
10:02:11,ICBP,RG,10150,20,F,BK,BK,F
10:02:11,ICBP,RG,10150,32,F,BK,BK,F
10:02:10,ICBP,RG,10150,7,F,BK,BK,F
10:01:18,ICBP,RG,10150,3,F,AK,AK,F
10:01:17,ICBP,RG,10150,7,F,AK,BK,F
10:00:47,ICBP,RG,10150,1,F,AK,NI,D
10:00:17,ICBP,RG,10150,4,F,AK,AK,F
10:00:17,ICBP,RG,10150,8,F,AK,BK,F
10:00:06,ICBP,RG,10150,2,F,AK,AK,F
10:00:05,ICBP,RG,10175,5,D,PD,EP,D
09:59:00,ICBP,RG,10150,3,F,AK,AK,F
09:58:59,ICBP,RG,10150,5,F,AK,BK,F
09:58:59,ICBP,RG,10150,3,F,BK,BK,F
09:58:51,ICBP,RG,10150,2,F,BK,AK,F
09:58:51,ICBP,RG,10150,4,F,BK,GR,D
09:58:30,ICBP,RG,10150,1,F,BK,AK,F
09:58:15,ICBP,RG,10150,4,F,BK,AK,F
09:58:15,ICBP,RG,10150,1,F,AK,AK,F
09:58:15,ICBP,RG,10150,1,D,XA,AK,F
09:58:15,ICBP,RG,10150,8,F,BB,AK,F
09:58:15,ICBP,RG,10150,2,F,BB,AK,F
09:57:50,ICBP,RG,10150,7,F,BB,BK,F
09:56:01,ICBP,RG,10150,6,F,BB,BK,F
09:56:01,ICBP,RG,10150,3,F,AK,BK,F
09:54:13,ICBP,RG,10150,3,F,AK,AZ,D
09:53:45,ICBP,RG,10175,1,F,BB,EP,D
09:53:43,ICBP,RG,10150,8,F,AK,BK,F
09:53:23,ICBP,RG,10175,1,F,BB,EP,D
09:53:22,ICBP,RG,10150,2,F,AK,PD,D
09:50:47,ICBP,RG,10175,7,F,BB,EP,D
09:50:45,ICBP,RG,10150,12,F,AK,AK,F
09:50:45,ICBP,RG,10150,1,F,AK,AK,F
09:50:45,ICBP,RG,10150,23,F,BK,AK,F
09:50:45,ICBP,RG,10150,2,D,PD,AK,F
09:50:45,ICBP,RG,10150,9,D,PD,BK,F
09:50:05,ICBP,RG,10175,3,F,BB,EP,D
09:50:03,ICBP,RG,10150,15,D,PD,ID,D
09:49:15,ICBP,RG,10175,1,F,BB,EP,D
09:49:15,ICBP,RG,10150,8,D,PD,CC,D
09:49:00,ICBP,RG,10150,5,D,PD,AK,F
09:48:55,ICBP,RG,10150,21,D,PD,AG,D
09:48:55,ICBP,RG,10150,4,F,BK,AG,D
09:48:55,ICBP,RG,10150,1,D,YP,AG,D
09:48:55,ICBP,RG,10150,2,D,DR,AG,D
09:48:33,ICBP,RG,10150,3,D,DR,BK,F
09:48:33,ICBP,RG,10150,1,D,LS,BK,F
09:48:33,ICBP,RG,10150,1,F,AK,BK,F
09:48:33,ICBP,RG,10150,4,F,BK,BK,F
09:46:44,ICBP,RG,10150,8,F,BK,BK,F
09:45:52,ICBP,RG,10150,16,F,BK,AK,F
09:45:52,ICBP,RG,10150,20,F,AK,AK,F
09:45:52,ICBP,RG,10175,8,D,OD,EP,D
09:45:40,ICBP,RG,10150,10,F,AK,YP,D
09:45:23,ICBP,RG,10150,7,F,BB,BK,F
09:44:51,ICBP,RG,10150,2,F,BB,NI,D
09:43:00,ICBP,RG,10175,1,D,AT,EP,D
09:42:01,ICBP,RG,10175,1,F,BB,EP,D
09:41:39,ICBP,RG,10175,5,D,DR,EP,D
09:37:35,ICBP,RG,10175,1,F,BB,EP,D
09:37:12,ICBP,RG,10150,1,F,BB,BQ,D
09:36:49,ICBP,RG,10150,1,D,DX,AK,F
09:36:49,ICBP,RG,10150,10,D,CC,AK,F
09:36:42,ICBP,RG,10175,7,F,BB,EP,D
09:36:40,ICBP,RG,10175,5,F,BK,EP,D
09:36:40,ICBP,RG,10175,2,F,BK,PD,D
09:36:37,ICBP,RG,10150,4,F,BK,YP,D
09:36:37,ICBP,RG,10150,1,F,BK,CC,F
09:36:37,ICBP,RG,10150,1,F,BK,NI,D
09:36:37,ICBP,RG,10150,1,F,BK,XC,D
09:36:37,ICBP,RG,10150,9,F,BK,BK,F
09:36:37,ICBP,RG,10150,5,F,BK,CC,D
09:36:37,ICBP,RG,10150,9,F,BK,AK,F
09:35:34,ICBP,RG,10150,5,F,BB,KK,D
09:35:34,ICBP,RG,10150,2,F,BB,CC,D
09:35:33,ICBP,RG,10150,3,F,BB,CC,D
09:35:30,ICBP,RG,10125,2,F,BK,AK,F
09:35:30,ICBP,RG,10125,1,F,BB,AK,F
09:35:30,ICBP,RG,10125,23,F,AK,AK,F
09:35:30,ICBP,RG,10125,1,F,BB,AK,F
09:35:30,ICBP,RG,10125,7,F,BK,AK,F
09:35:30,ICBP,RG,10125,1,F,BK,CC,F
09:35:30,ICBP,RG,10125,8,F,BK,BK,F
09:35:30,ICBP,RG,10125,8,F,BK,BK,F
09:35:30,ICBP,RG,10125,8,F,BK,BK,F
09:35:30,ICBP,RG,10125,1,F,BK,XC,D
09:35:30,ICBP,RG,10125,5,F,BK,CC,D
09:35:30,ICBP,RG,10125,8,F,BK,BK,F
09:35:30,ICBP,RG,10125,13,F,BK,AK,F
09:35:30,ICBP,RG,10125,7,F,BK,PD,D
09:35:30,ICBP,RG,10125,7,F,BB,PD,D
09:35:30,ICBP,RG,10125,8,F,BK,PD,D
09:35:27,ICBP,RG,10125,18,F,BK,PD,D
09:35:27,ICBP,RG,10125,8,F,BK,BK,F
09:35:27,ICBP,RG,10125,5,F,BK,PD,D
09:35:27,ICBP,RG,10125,1,F,BK,PD,D
09:35:27,ICBP,RG,10125,6,F,BK,AK,F
09:35:26,ICBP,RG,10125,1,D,XC,AK,F
09:35:16,ICBP,RG,10125,1,F,BB,BK,F
09:35:13,ICBP,RG,10100,8,F,BK,BK,F
09:33:42,ICBP,RG,10125,1,F,BB,BK,F
09:33:37,ICBP,RG,10100,7,F,BK,BK,F
09:30:32,ICBP,RG,10125,1,D,NI,BK,F
09:29:35,ICBP,RG,10125,2,F,BB,BK,F
09:29:04,ICBP,RG,10125,5,D,XC,BK,F
09:28:42,ICBP,RG,10125,10,F,BB,BK,F
09:28:42,ICBP,RG,10125,4,F,BB,BK,F
09:28:40,ICBP,RG,10100,12,F,BK,AK,F
09:28:40,ICBP,RG,10100,18,F,AK,AK,F
09:28:40,ICBP,RG,10100,4,F,AK,XC,D
09:28:40,ICBP,RG,10100,27,F,AK,XC,D
09:28:40,ICBP,RG,10100,5,F,YU,XC,D
09:28:40,ICBP,RG,10100,5,D,YP,XC,D
09:28:40,ICBP,RG,10100,10,D,YB,XC,D
09:28:40,ICBP,RG,10100,5,D,MG,XC,D
09:28:36,ICBP,RG,10125,1,F,BB,CC,D
09:28:27,ICBP,RG,10125,1,D,PD,CC,D
09:26:43,ICBP,RG,10125,9,F,BB,CC,D
09:26:15,ICBP,RG,10125,1,D,XL,CC,D
09:25:51,ICBP,RG,10100,53,F,BK,AK,F
09:25:51,ICBP,RG,10125,9,F,BB,CC,D
09:25:51,ICBP,RG,10125,1,F,AK,CC,D
09:25:51,ICBP,RG,10125,1,D,PD,CC,D
09:25:51,ICBP,RG,10125,37,F,BK,CC,D
09:25:51,ICBP,RG,10125,6,F,BB,CC,D
09:25:51,ICBP,RG,10125,1,F,AK,CC,D
09:25:51,ICBP,RG,10125,23,F,AK,CC,D
09:25:22,ICBP,RG,10150,1,F,BB,CC,D
09:25:09,ICBP,RG,10125,10,F,AK,PD,D
09:24:57,ICBP,RG,10150,5,F,BB,CC,D
09:24:53,ICBP,RG,10150,32,F,BB,CC,D
09:24:53,ICBP,RG,10150,24,D,PD,CC,D
09:24:53,ICBP,RG,10150,1,D,PD,PD,D
09:24:53,ICBP,RG,10150,5,D,PD,XC,D
09:24:53,ICBP,RG,10150,2,D,PD,XC,D
09:24:53,ICBP,RG,10150,9,D,PD,YP,D
09:24:53,ICBP,RG,10150,1,D,PD,YP,D
09:24:53,ICBP,RG,10150,5,D,PD,KK,D
09:24:53,ICBP,RG,10150,8,D,PD,BK,F
09:24:53,ICBP,RG,10150,2,D,PD,PD,D
09:24:53,ICBP,RG,10150,9,D,PD,BK,F
09:24:53,ICBP,RG,10150,35,D,PD,AK,F
09:24:53,ICBP,RG,10150,10,D,PD,BK,F
09:24:53,ICBP,RG,10150,30,D,PD,AK,F
09:24:53,ICBP,RG,10150,59,D,PD,LS,D
09:23:32,ICBP,RG,10150,5,F,BB,LS,D
09:23:32,ICBP,RG,10125,27,F,AK,AK,F
09:23:31,ICBP,RG,10150,8,F,BB,LS,D
09:23:31,ICBP,RG,10125,2,F,AK,AK,F
09:23:31,ICBP,RG,10125,5,F,AK,AK,F
09:23:31,ICBP,RG,10125,45,F,AK,CC,D
09:23:18,ICBP,RG,10150,2,F,BB,LS,D
09:23:17,ICBP,RG,10125,11,F,AK,AK,F
09:23:16,ICBP,RG,10125,10,F,AK,CC,D
09:23:08,ICBP,RG,10125,1,D,DX,CP,D
09:23:08,ICBP,RG,10125,1,D,YB,CP,D
09:23:01,ICBP,RG,10150,2,F,BB,LS,D
09:22:50,ICBP,RG,10150,3,F,BB,LS,D
09:22:47,ICBP,RG,10150,7,F,BB,LS,D
09:22:46,ICBP,RG,10125,6,D,YB,AK,F
09:22:46,ICBP,RG,10125,1,F,AK,AK,F
09:22:46,ICBP,RG,10125,2,D,PD,AK,F
09:22:46,ICBP,RG,10125,2,F,AK,AK,F
09:22:46,ICBP,RG,10125,1,F,AK,AK,F
09:22:46,ICBP,RG,10125,7,F,BK,AK,F
09:22:46,ICBP,RG,10150,14,D,CC,LS,D
09:22:46,ICBP,RG,10150,3,D,CC,XC,D
09:22:46,ICBP,RG,10150,8,D,CC,BK,F
09:22:46,ICBP,RG,10150,7,D,CC,BK,F
09:22:46,ICBP,RG,10150,1,D,CC,CC,D
09:22:46,ICBP,RG,10150,10,D,CC,DR,D
09:22:46,ICBP,RG,10150,1,D,CC,XC,D
09:22:46,ICBP,RG,10150,1,D,CC,YP,D
09:22:28,ICBP,RG,10150,1,F,BB,AK,F
09:22:28,ICBP,RG,10150,1,F,BB,CC,F
09:22:25,ICBP,RG,10125,10,F,BK,AK,F
09:22:25,ICBP,RG,10125,9,F,BK,BK,F
09:21:33,ICBP,RG,10150,1,F,BB,PD,D
09:21:13,ICBP,RG,10125,8,F,AK,BK,F
09:18:06,ICBP,RG,10150,1,F,BB,PD,D
09:18:06,ICBP,RG,10150,1,F,BB,CC,D
09:17:21,ICBP,RG,10150,1,F,BB,CC,D
09:17:21,ICBP,RG,10150,1,F,BB,GR,D
09:17:20,ICBP,RG,10125,7,F,AK,AK,F
09:17:19,ICBP,RG,10125,10,F,AK,KK,D
09:17:15,ICBP,RG,10125,1,F,AK,XC,D
09:15:31,ICBP,RG,10125,2,F,AK,AK,F
09:13:10,ICBP,RG,10150,1,F,BB,GR,D
09:12:52,ICBP,RG,10150,1,F,BB,GR,D
09:12:50,ICBP,RG,10125,9,F,AK,AK,F
09:12:50,ICBP,RG,10125,2,F,BB,AK,F
09:12:49,ICBP,RG,10125,17,F,AK,BK,F
09:12:49,ICBP,RG,10125,1,F,AK,PD,D
09:10:56,ICBP,RG,10150,4,D,XC,GR,D
09:09:10,ICBP,RG,10150,1,D,XL,GR,D
09:07:51,ICBP,RG,10150,1,D,XC,GR,D
09:07:09,ICBP,RG,10150,1,D,XC,GR,D
09:06:52,ICBP,RG,10150,1,D,DX,KK,D
09:06:13,ICBP,RG,10100,1,F,AK,AK,F
09:06:13,ICBP,RG,10100,2,F,BB,AK,F
09:06:13,ICBP,RG,10100,1,D,PD,AK,F
09:06:12,ICBP,RG,10125,1,D,MG,NI,D
09:06:12,ICBP,RG,10125,4,D,MG,PD,D
09:05:41,ICBP,RG,10100,1,F,BK,PD,D
09:05:37,ICBP,RG,10100,1,F,BB,PD,D
09:05:35,ICBP,RG,10100,1,D,PD,PD,D
09:05:29,ICBP,RG,10125,1,D,PD,PD,D
09:04:20,ICBP,RG,10125,1,F,BB,PD,D
09:03:45,ICBP,RG,10125,1,F,BB,PD,D
09:03:45,ICBP,RG,10125,1,F,BB,XC,D
09:03:45,ICBP,RG,10125,1,F,BB,AK,F
09:03:44,ICBP,RG,10100,2,F,BB,AK,F
09:03:42,ICBP,RG,10100,7,F,BB,AK,F
09:03:42,ICBP,RG,10100,2,F,BB,AK,F
09:03:42,ICBP,RG,10100,2,F,BB,AK,F
09:03:42,ICBP,RG,10025,27,D,YB,AK,F
09:03:41,ICBP,RG,10025,4,D,YB,LG,D
09:03:41,ICBP,RG,10025,3,D,KK,LG,D
09:03:41,ICBP,RG,10025,2,D,CC,LG,D
09:03:41,ICBP,RG,10025,3,D,PD,LG,D
09:03:41,ICBP,RG,10025,1,D,PD,LG,D
09:03:41,ICBP,RG,10025,50,D,YP,LG,D
09:03:41,ICBP,RG,10025,1,D,YB,LG,D
09:03:41,ICBP,RG,10050,2,D,PD,LG,D
09:03:41,ICBP,RG,10075,1,D,PD,LG,D
09:03:41,ICBP,RG,10075,2,D,EP,LG,D
09:03:16,ICBP,RG,10075,1,D,EP,AK,F
09:03:16,ICBP,RG,10075,1,D,YB,AK,F
09:03:15,ICBP,RG,10100,1,F,BB,LG,D
09:03:15,ICBP,RG,10100,1,F,AK,LG,D
09:03:15,ICBP,RG,10100,5,D,MG,LG,D
09:03:15,ICBP,RG,10100,1,D,PD,LG,D
09:02:33,ICBP,RG,10125,1,F,BB,AK,F
09:02:33,ICBP,RG,10100,4,D,PD,AK,F
09:02:33,ICBP,RG,10100,1,D,YB,AK,F
09:02:33,ICBP,RG,10100,1,D,CC,AK,F
09:02:33,ICBP,RG,10100,1,D,XC,AK,F
09:02:32,ICBP,RG,10125,1,D,MG,AK,F
09:02:31,ICBP,RG,10125,2,D,MG,AK,F
09:02:31,ICBP,RG,10125,2,D,MG,YU,F
09:02:31,ICBP,RG,10125,3,F,BB,YU,F
09:02:31,ICBP,RG,10125,1,F,AK,YU,F
09:02:31,ICBP,RG,10125,5,D,YP,YU,F
09:02:31,ICBP,RG,10125,4,D,YP,YU,F
09:01:38,ICBP,RG,10125,1,D,YP,XC,D
09:00:21,ICBP,RG,10125,1,D,YP,AK,F
09:00:21,ICBP,RG,10150,1,F,BB,DH,D
09:00:20,ICBP,RG,10125,1,D,YP,AK,F
09:00:20,ICBP,RG,10125,3,D,YP,PD,D
09:00:20,ICBP,RG,10125,1,F,AK,PD,D
08:59:00,ICBP,RG,10125,19,D,YP,PD,D
08:59:00,ICBP,RG,10125,2,F,KK,PD,D
08:59:00,ICBP,RG,10125,3,F,KK,AT,D
08:59:00,ICBP,RG,10125,1,F,KK,YB,D
08:59:00,ICBP,RG,10125,1,F,KK,XC,D
08:59:00,ICBP,RG,10125,2,F,KK,PD,D
08:59:00,ICBP,RG,10125,1,F,KK,XL,D
08:59:00,ICBP,RG,10125,1,D,SQ,XC,D
08:59:00,ICBP,RG,10125,1,D,IF,AK,F
08:59:00,ICBP,RG,10125,2,D,YB,AK,F
08:59:00,ICBP,RG,10125,3,D,YB,AK,F
08:59:00,ICBP,RG,10125,1,F,AK,AK,F
08:59:00,ICBP,RG,10125,6,F,BB,AK,F
