Time,Stock,Brd,Price,Qty,BT,BC,SC,ST
15:07:33,ICBP,RG,10300,1,D,PD,ZP,D
15:01:12,ICBP,RG,10300,6,D,GR,ZP,D
15:00:00,ICBP,RG,10300,1,D,YP,ZP,D
15:00:00,ICBP,RG,10300,329,F,ZP,ZP,D
15:00:00,ICBP,RG,10300,57,F,ZP,DR,D
15:00:00,ICBP,RG,10300,93,F,AK,DR,D
15:00:00,ICBP,RG,10300,50,F,AK,PD,D
15:00:00,ICBP,RG,10300,10,F,AK,YP,D
15:00:00,ICBP,RG,10300,10,F,AK,YP,D
15:00:00,ICBP,RG,10300,1,F,AK,GR,D
15:00:00,ICBP,RG,10300,1,F,AK,PD,D
15:00:00,ICBP,RG,10300,36,F,AK,GR,D
15:00:00,ICBP,RG,10300,5,F,AK,CC,D
15:00:00,ICBP,RG,10300,5,F,AK,KK,D
15:00:00,ICBP,RG,10300,5,F,AK,CP,D
15:00:00,ICBP,RG,10300,5,F,AK,CP,D
15:00:00,ICBP,RG,10300,1,F,AK,XL,D
15:00:00,ICBP,RG,10300,20,F,AK,CC,D
15:00:00,ICBP,RG,10300,6,F,AK,YP,D
15:00:00,ICBP,RG,10300,3,F,AK,DH,D
15:00:00,ICBP,RG,10300,1,F,AK,KK,D
15:00:00,ICBP,RG,10300,2,F,AK,DH,D
15:00:00,ICBP,RG,10300,2,F,AK,YP,D
15:00:00,ICBP,RG,10300,50,F,AK,YP,D
15:00:00,ICBP,RG,10300,1,F,AK,XC,D
15:00:00,ICBP,RG,10300,1,F,AK,PD,D
15:00:00,ICBP,RG,10300,1,F,AK,XC,D
15:00:00,ICBP,RG,10300,5,F,AK,YP,D
15:00:00,ICBP,RG,10300,2,F,AK,AZ,D
15:00:00,ICBP,RG,10300,50,F,AK,NI,D
15:00:00,ICBP,RG,10300,3,F,AK,PD,D
15:00:00,ICBP,RG,10300,3,F,AK,NI,D
15:00:00,ICBP,RG,10300,25,F,AK,GR,D
15:00:00,ICBP,RG,10300,1,F,AK,PD,D
15:00:00,ICBP,RG,10300,1,F,AK,XC,D
15:00:00,ICBP,RG,10300,20,F,AK,XL,D
15:00:00,ICBP,RG,10300,2,F,AK,YP,D
15:00:00,ICBP,RG,10300,1,F,AK,KK,D
15:00:00,ICBP,RG,10300,26,F,AK,TP,D
15:00:00,ICBP,RG,10300,74,F,BK,TP,D
15:00:00,ICBP,RG,10300,1,F,BK,PD,D
15:00:00,ICBP,RG,10300,1,F,BK,YP,D
15:00:00,ICBP,RG,10300,8,F,BK,XC,D
15:00:00,ICBP,RG,10300,2,F,BK,PD,D
15:00:00,ICBP,RG,10300,5,F,BK,CC,D
15:00:00,ICBP,RG,10300,1,F,BK,PD,D
15:00:00,ICBP,RG,10300,1,F,BK,YP,D
15:00:00,ICBP,RG,10300,9,F,BK,SQ,D
15:00:00,ICBP,RG,10300,2,F,BK,YP,D
15:00:00,ICBP,RG,10300,1,F,BK,SQ,D
15:00:00,ICBP,RG,10300,5,F,BK,GR,D
15:00:00,ICBP,RG,10300,2,F,BK,XC,D
15:00:00,ICBP,RG,10300,1,F,BK,XC,D
15:00:00,ICBP,RG,10300,1,F,BK,TF,D
15:00:00,ICBP,RG,10300,1,F,BK,NI,D
15:00:00,ICBP,RG,10300,1,F,BK,YP,D
15:00:00,ICBP,RG,10300,2,F,BK,PS,D
15:00:00,ICBP,RG,10300,1,F,BK,DH,D
15:00:00,ICBP,RG,10300,23,F,BK,PD,D
15:00:00,ICBP,RG,10300,16,F,BK,CC,D
15:00:00,ICBP,RG,10300,1,F,BK,DR,D
15:00:00,ICBP,RG,10300,10,F,BK,NI,D
15:00:00,ICBP,RG,10300,11,F,BK,LG,D
15:00:00,ICBP,RG,10300,2,F,BK,DX,D
15:00:00,ICBP,RG,10300,1,F,BK,PD,D
15:00:00,ICBP,RG,10300,5,F,BK,SQ,D
15:00:00,ICBP,RG,10300,3,F,BK,XL,D
15:00:00,ICBP,RG,10300,1,F,BK,NI,D
15:00:00,ICBP,RG,10300,2,F,BK,YP,D
15:00:00,ICBP,RG,10300,2,F,BK,DX,D
15:00:00,ICBP,RG,10300,50,F,BK,AZ,D
15:00:00,ICBP,RG,10300,20,F,BK,YP,D
15:00:00,ICBP,RG,10300,20,F,BK,YP,D
15:00:00,ICBP,RG,10300,27,F,BK,DR,D
15:00:00,ICBP,RG,10300,5,F,BK,PD,D
15:00:00,ICBP,RG,10300,10,F,BK,YP,D
15:00:00,ICBP,RG,10300,1,F,BK,YP,D
15:00:00,ICBP,RG,10300,10,F,BK,SQ,D
15:00:00,ICBP,RG,10300,5,F,BK,YP,D
15:00:00,ICBP,RG,10300,1,F,BK,KK,D
15:00:00,ICBP,RG,10300,5,F,BK,CC,D
15:00:00,ICBP,RG,10300,196,F,BK,GR,D
15:00:00,ICBP,RG,10300,3,F,BK,CC,D
15:00:00,ICBP,RG,10300,1,F,BK,PD,D
15:00:00,ICBP,RG,10300,30,F,BK,YP,D
15:00:00,ICBP,RG,10300,20,F,BK,GR,D
15:00:00,ICBP,RG,10300,25,F,BK,GR,D
15:00:00,ICBP,RG,10300,5,D,KZ,CC,D
15:00:00,ICBP,RG,10300,25,D,KZ,CC,D
15:00:00,ICBP,RG,10300,1,D,KZ,DH,D
15:00:00,ICBP,RG,10300,3,D,KZ,YP,D
15:00:00,ICBP,RG,10300,170,D,KZ,YP,D
15:00:00,ICBP,RG,10300,1,D,KZ,XC,D
15:00:00,ICBP,RG,10300,2,D,KZ,PD,D
15:00:00,ICBP,RG,10300,35,D,KZ,YP,D
15:00:00,ICBP,RG,10300,1,D,KZ,XC,D
15:00:00,ICBP,RG,10300,1,D,KZ,CP,D
15:00:00,ICBP,RG,10300,2,D,KZ,YP,D
15:00:00,ICBP,RG,10300,1,D,KZ,NI,D
15:00:00,ICBP,RG,10300,1,D,KZ,GR,D
15:00:00,ICBP,RG,10300,24,D,KZ,CC,D
15:00:00,ICBP,RG,10300,15,D,KZ,YP,D
15:00:00,ICBP,RG,10300,5,D,KZ,HP,D
15:00:00,ICBP,RG,10300,1,D,KZ,CP,D
15:00:00,ICBP,RG,10300,100,D,KZ,YB,D
15:00:00,ICBP,RG,10300,1,D,KZ,YP,D
15:00:00,ICBP,RG,10300,1,D,KZ,NI,D
15:00:00,ICBP,RG,10300,1,D,KZ,YP,D
15:00:00,ICBP,RG,10300,6,D,KZ,YP,D
15:00:00,ICBP,RG,10300,5,D,KZ,PD,D
15:00:00,ICBP,RG,10300,1,D,KZ,YP,D
15:00:00,ICBP,RG,10300,25,D,KZ,YJ,D
15:00:00,ICBP,RG,10300,25,F,ZP,YJ,D
15:00:00,ICBP,RG,10300,5,F,ZP,GR,D
15:00:00,ICBP,RG,10300,96,F,ZP,AK,F
15:00:00,ICBP,RG,10300,10,F,ZP,YP,D
15:00:00,ICBP,RG,10300,25,F,ZP,YP,D
15:00:00,ICBP,RG,10300,22,F,ZP,AK,F
15:00:00,ICBP,RG,10300,30,F,ZP,MG,D
15:00:00,ICBP,RG,10300,145,F,ZP,ZP,F
15:00:00,ICBP,RG,10300,73,F,ZP,CS,F
15:00:00,ICBP,RG,10300,5,F,AK,CS,F
15:00:00,ICBP,RG,10300,7,F,AK,CS,F
15:00:00,ICBP,RG,10300,28,F,AK,CS,F
15:00:00,ICBP,RG,10300,14,F,AK,CS,F
15:00:00,ICBP,RG,10300,15,F,AK,CS,F
15:00:00,ICBP,RG,10300,9,F,AK,CS,F
15:00:00,ICBP,RG,10300,181,D,OD,CS,F
15:00:00,ICBP,RG,10300,25,D,OD,ZP,F
15:00:00,ICBP,RG,10300,140,D,OD,ZP,F
15:00:00,ICBP,RG,10300,6,D,OD,ZP,F
15:00:00,ICBP,RG,10300,10,D,OD,ZP,F
15:00:00,ICBP,RG,10300,49,D,DR,ZP,F
15:00:00,ICBP,RG,10300,66,F,YU,ZP,F
15:00:00,ICBP,RG,10300,204,F,YU,ZP,F
15:00:00,ICBP,RG,10300,16,F,YU,ZP,D
15:00:00,ICBP,RG,10300,1,D,YU,ZP,D
14:49:45,ICBP,RG,10275,1,F,AK,CC,D
14:49:42,ICBP,RG,10250,22,F,AK,BK,F
14:49:42,ICBP,RG,10250,2,F,AK,ZP,F
14:49:42,ICBP,RG,10250,1,F,AK,CP,D
14:49:42,ICBP,RG,10250,4,F,AK,ZP,F
14:49:30,ICBP,RG,10200,2,D,HP,ZP,F
14:49:26,ICBP,RG,10250,14,F,BK,BK,F
14:49:26,ICBP,RG,10225,1,F,BK,ZP,F
14:49:26,ICBP,RG,10225,2,F,BK,NI,D
14:49:15,ICBP,RG,10250,1,F,AK,ZP,F
14:49:03,ICBP,RG,10250,7,F,BK,ZP,F
14:49:03,ICBP,RG,10250,2,F,BK,ZP,F
14:48:57,ICBP,RG,10200,1,F,BK,ZP,F
14:48:57,ICBP,RG,10200,6,D,YP,ZP,F
14:48:57,ICBP,RG,10250,6,F,ZP,ZP,F
14:48:57,ICBP,RG,10200,8,D,YP,ZP,F
14:48:57,ICBP,RG,10200,1,D,YP,ZP,F
14:48:27,ICBP,RG,10200,5,D,YP,ZP,F
14:48:27,ICBP,RG,10200,1,F,AK,ZP,F
14:48:27,ICBP,RG,10200,2,F,AK,ZP,F
14:48:26,ICBP,RG,10225,1,F,ZP,ZP,F
14:48:26,ICBP,RG,10225,1,F,ZP,ZP,F
14:48:25,ICBP,RG,10225,9,D,YP,ZP,F
14:48:25,ICBP,RG,10225,1,F,AK,ZP,F
14:48:25,ICBP,RG,10275,6,F,ZP,BK,F
14:48:24,ICBP,RG,10250,7,F,BK,AK,F
14:48:24,ICBP,RG,10250,9,F,ZP,AK,F
14:48:24,ICBP,RG,10250,1,F,ZP,AK,F
14:48:24,ICBP,RG,10250,10,F,ZP,CC,D
14:48:24,ICBP,RG,10250,33,F,AK,CC,D
14:48:24,ICBP,RG,10250,6,F,ZP,CC,D
14:48:18,ICBP,RG,10250,6,F,ZP,ZP,F
14:48:07,ICBP,RG,10250,9,F,BK,ZP,F
14:48:07,ICBP,RG,10250,9,F,ZP,ZP,F
14:48:07,ICBP,RG,10275,2,F,ZP,BK,F
14:48:06,ICBP,RG,10275,7,F,ZP,BK,F
14:48:06,ICBP,RG,10250,1,F,AK,ZP,F
14:48:06,ICBP,RG,10250,8,F,BK,ZP,F
14:48:06,ICBP,RG,10275,9,F,ZP,BK,F
14:47:57,ICBP,RG,10250,7,F,BK,ZP,F
14:47:50,ICBP,RG,10250,7,F,BK,ZP,F
14:47:49,ICBP,RG,10250,1,F,BK,ZP,F
14:47:44,ICBP,RG,10275,9,D,CS,BK,F
14:47:43,ICBP,RG,10250,2,F,BK,ZP,F
14:47:43,ICBP,RG,10250,1,F,AK,ZP,F
14:47:43,ICBP,RG,10250,2,F,AK,ZP,F
14:47:43,ICBP,RG,10250,13,F,ZP,ZP,F
14:47:39,ICBP,RG,10250,6,F,ZP,ZP,F
14:47:36,ICBP,RG,10275,17,D,CS,BK,F
14:47:36,ICBP,RG,10275,8,F,BK,BK,F
14:47:31,ICBP,RG,10275,12,D,CS,BK,F
14:47:30,ICBP,RG,10275,31,F,AK,BK,F
14:47:26,ICBP,RG,10275,7,F,ZP,BK,F
14:47:26,ICBP,RG,10275,16,D,CS,BK,F
14:47:26,ICBP,RG,10275,11,D,CS,BK,F
14:47:18,ICBP,RG,10275,8,F,BK,BK,F
14:47:17,ICBP,RG,10275,23,D,CS,BK,F
14:47:17,ICBP,RG,10275,1,D,CS,BK,F
14:47:15,ICBP,RG,10275,1,F,AK,BK,F
14:47:15,ICBP,RG,10275,23,F,AK,BK,F
14:47:15,ICBP,RG,10275,1,F,AK,YP,D
14:47:15,ICBP,RG,10275,11,F,AK,ZP,F
14:47:09,ICBP,RG,10275,6,F,ZP,ZP,F
14:47:09,ICBP,RG,10275,3,F,ZP,ZP,F
14:47:09,ICBP,RG,10250,9,F,ZP,ZP,F
14:47:08,ICBP,RG,10275,9,D,CS,ZP,F
14:47:08,ICBP,RG,10275,1,D,CS,XC,D
14:47:08,ICBP,RG,10275,1,D,CS,ZP,F
14:47:08,ICBP,RG,10275,11,D,CS,YP,D
14:47:03,ICBP,RG,10275,8,F,BK,YP,D
14:47:01,ICBP,RG,10250,12,F,ZP,KK,D
14:47:01,ICBP,RG,10250,2,F,AK,KK,D
14:46:58,ICBP,RG,10275,25,D,CS,YP,D
14:46:58,ICBP,RG,10250,16,F,AK,ZP,F
14:46:49,ICBP,RG,10275,19,F,ZP,YP,D
14:46:47,ICBP,RG,10275,10,D,XL,YP,D
14:46:46,ICBP,RG,10250,2,F,AK,SQ,D
14:46:46,ICBP,RG,10250,20,F,AK,ZP,F
14:46:44,ICBP,RG,10275,2,F,BK,YP,D
14:46:44,ICBP,RG,10275,6,F,BK,ZP,F
14:46:44,ICBP,RG,10275,6,D,CS,ZP,F
14:46:44,ICBP,RG,10275,3,D,CS,ZP,F
14:46:44,ICBP,RG,10275,4,D,CS,ZP,F
14:46:44,ICBP,RG,10275,22,D,CS,BK,F
14:46:42,ICBP,RG,10250,14,F,AK,ZP,F
14:46:31,ICBP,RG,10250,4,F,AK,ZP,F
14:46:31,ICBP,RG,10250,2,D,CS,ZP,F
14:46:31,ICBP,RG,10250,3,F,BK,ZP,F
14:46:31,ICBP,RG,10275,6,F,ZP,BK,F
14:46:31,ICBP,RG,10275,10,F,ZP,BK,F
14:46:30,ICBP,RG,10250,1,F,BK,NI,D
14:46:25,ICBP,RG,10275,9,F,BK,BK,F
14:46:24,ICBP,RG,10275,37,D,CS,BK,F
14:46:21,ICBP,RG,10250,9,F,BK,ZP,F
14:46:14,ICBP,RG,10275,4,F,ZP,BK,F
14:46:14,ICBP,RG,10275,13,F,ZP,BK,F
14:46:14,ICBP,RG,10250,5,F,BK,ZP,F
14:46:13,ICBP,RG,10275,8,F,BK,BK,F
14:46:11,ICBP,RG,10250,25,F,BK,YP,D
14:46:03,ICBP,RG,10275,1,D,CS,ZP,F
14:46:03,ICBP,RG,10275,2,D,CS,ZP,F
14:46:03,ICBP,RG,10275,1,D,CS,NI,D
14:46:03,ICBP,RG,10275,2,D,CS,YP,D
14:46:03,ICBP,RG,10275,45,D,CS,CC,D
14:46:03,ICBP,RG,10275,4,D,CS,KK,D
14:45:56,ICBP,RG,10275,1,F,ZP,KK,D
14:45:55,ICBP,RG,10275,8,F,ZP,KK,D
14:45:55,ICBP,RG,10275,8,F,BK,KK,D
14:45:55,ICBP,RG,10275,1,F,ZP,KK,D
14:45:54,ICBP,RG,10250,5,F,BK,ZP,F
14:45:39,ICBP,RG,10275,2,F,ZP,KK,D
14:45:38,ICBP,RG,10275,8,F,ZP,KK,D
14:45:38,ICBP,RG,10275,2,F,ZP,KK,D
14:45:38,ICBP,RG,10250,9,F,BK,ZP,F
14:45:37,ICBP,RG,10275,8,F,BK,KK,D
14:45:33,ICBP,RG,10275,8,D,CS,KK,D
14:45:33,ICBP,RG,10275,1,D,CS,NI,D
14:45:33,ICBP,RG,10275,1,D,CS,CC,D
14:45:33,ICBP,RG,10275,50,D,CS,YP,D
14:45:33,ICBP,RG,10275,1,D,CS,LS,D
14:45:33,ICBP,RG,10275,2,D,CS,CP,D
14:45:33,ICBP,RG,10275,3,D,CS,SQ,D
14:45:33,ICBP,RG,10275,2,D,CS,CC,D
14:45:33,ICBP,RG,10275,1,D,CS,IF,D
14:45:33,ICBP,RG,10275,1,D,CS,KK,D
14:45:29,ICBP,RG,10250,10,F,BK,ZP,F
14:45:23,ICBP,RG,10275,2,F,ZP,KK,D
14:45:23,ICBP,RG,10275,2,F,ZP,KK,D
14:45:23,ICBP,RG,10275,2,F,ZP,AR,D
14:45:23,ICBP,RG,10275,5,F,ZP,CC,D
14:45:23,ICBP,RG,10275,2,F,ZP,LG,D
14:45:22,ICBP,RG,10275,1,F,BK,PD,D
14:45:22,ICBP,RG,10275,2,F,BK,PD,D
14:45:22,ICBP,RG,10275,2,F,BK,YP,D
14:45:22,ICBP,RG,10275,4,F,BK,AK,F
14:45:19,ICBP,RG,10250,6,F,BK,ZP,F
14:45:07,ICBP,RG,10275,8,F,BK,AK,F
14:45:05,ICBP,RG,10275,12,F,ZP,AK,F
14:44:59,ICBP,RG,10250,3,F,BK,ZP,F
14:44:53,ICBP,RG,10275,8,F,BK,AK,F
14:44:53,ICBP,RG,10275,83,D,CS,AK,F
14:44:50,ICBP,RG,10275,2,F,ZP,AK,F
14:44:40,ICBP,RG,10275,8,F,BK,AK,F
14:44:32,ICBP,RG,10275,7,F,BK,AK,F
14:43:56,ICBP,RG,10275,1,D,CS,AK,F
14:43:56,ICBP,RG,10275,127,D,CS,AK,F
14:43:50,ICBP,RG,10225,20,F,ZP,ZP,F
14:43:44,ICBP,RG,10225,5,F,ZP,YP,D
14:43:37,ICBP,RG,10225,10,F,ZP,ZP,F
14:43:35,ICBP,RG,10275,9,F,ZP,AK,F
14:43:34,ICBP,RG,10225,1,F,ZP,ZP,F
14:43:31,ICBP,RG,10225,8,F,AK,ZP,F
14:43:19,ICBP,RG,10225,22,F,AK,ZP,F
14:43:14,ICBP,RG,10275,9,F,ZP,AK,F
14:42:55,ICBP,RG,10275,8,F,ZP,AK,F
14:42:46,ICBP,RG,10225,19,F,AK,ZP,F
14:42:38,ICBP,RG,10275,8,F,ZP,AK,F
14:42:32,ICBP,RG,10250,6,F,AK,ZP,F
14:42:32,ICBP,RG,10250,23,F,AK,ZP,F
14:42:32,ICBP,RG,10250,6,F,AK,HP,D
14:42:32,ICBP,RG,10250,4,F,AK,ZP,F
14:42:32,ICBP,RG,10250,5,F,AK,SQ,D
14:42:32,ICBP,RG,10250,16,F,AK,ZP,F
14:42:32,ICBP,RG,10250,3,F,AK,ZP,F
14:42:32,ICBP,RG,10250,11,F,AK,ZP,F
14:42:32,ICBP,RG,10250,5,F,AK,ZP,F
14:42:32,ICBP,RG,10250,6,F,AK,ZP,F
14:42:30,ICBP,RG,10250,1,D,CS,ZP,F
14:42:30,ICBP,RG,10250,3,D,CS,ZP,F
14:42:30,ICBP,RG,10250,11,D,CS,ZP,F
14:42:30,ICBP,RG,10250,1,D,CS,PD,D
14:42:30,ICBP,RG,10250,6,D,CS,ZP,F
14:42:30,ICBP,RG,10250,6,D,CS,BK,F
14:42:30,ICBP,RG,10250,15,D,CS,ZP,F
14:42:30,ICBP,RG,10250,14,D,CS,ZP,F
14:42:30,ICBP,RG,10250,19,D,CS,ZP,F
14:42:30,ICBP,RG,10250,13,D,CS,ZP,F
14:42:30,ICBP,RG,10250,20,D,CS,CC,D
14:42:20,ICBP,RG,10250,7,F,ZP,CC,D
14:42:05,ICBP,RG,10250,8,F,ZP,CC,D
14:41:45,ICBP,RG,10250,6,F,ZP,CC,D
14:41:29,ICBP,RG,10250,8,F,ZP,CC,D
14:41:17,ICBP,RG,10250,11,D,CS,CC,D
14:41:17,ICBP,RG,10250,5,D,CS,ZP,F
14:41:17,ICBP,RG,10250,57,D,CS,ZP,F
14:41:17,ICBP,RG,10250,18,D,CS,ZP,F
14:41:17,ICBP,RG,10250,36,D,CS,BK,F
14:41:09,ICBP,RG,10250,9,F,ZP,BK,F
14:41:03,ICBP,RG,10225,3,F,AK,ZP,F
14:41:03,ICBP,RG,10225,12,D,CS,ZP,F
14:41:03,ICBP,RG,10225,1,D,CS,ZP,F
14:41:03,ICBP,RG,10225,12,D,CS,ZP,F
14:40:54,ICBP,RG,10200,6,F,AK,ZP,F
14:40:51,ICBP,RG,10250,8,F,ZP,BK,F
14:40:33,ICBP,RG,10250,8,F,ZP,BK,F
14:40:15,ICBP,RG,10250,8,F,ZP,BK,F
14:40:00,ICBP,RG,10200,21,F,AK,ZP,F
14:39:55,ICBP,RG,10250,1,F,ZP,BK,F
14:39:55,ICBP,RG,10250,4,F,ZP,ZP,F
14:39:55,ICBP,RG,10250,1,F,ZP,ZP,F
14:39:35,ICBP,RG,10250,2,F,ZP,ZP,F
14:39:35,ICBP,RG,10250,4,F,ZP,ZP,F
14:39:29,ICBP,RG,10250,1,D,CS,ZP,F
14:39:29,ICBP,RG,10250,9,D,CS,ZP,F
14:39:29,ICBP,RG,10250,1,D,CS,ZP,F
14:39:29,ICBP,RG,10250,4,D,CS,ZP,F
14:39:29,ICBP,RG,10250,12,D,CS,ZP,F
14:39:29,ICBP,RG,10250,12,D,CS,ZP,F
14:39:29,ICBP,RG,10250,15,D,CS,ZP,F
14:39:29,ICBP,RG,10250,15,D,CS,ZP,F
14:39:29,ICBP,RG,10250,13,D,CS,ZP,F
14:39:29,ICBP,RG,10250,74,D,CS,NI,D
14:39:29,ICBP,RG,10250,2,D,CS,YP,D
14:39:29,ICBP,RG,10250,9,D,CS,ZP,F
14:39:29,ICBP,RG,10250,16,D,CS,ZP,F
14:39:29,ICBP,RG,10250,23,D,CS,CC,D
14:39:15,ICBP,RG,10250,6,F,ZP,CC,D
14:39:05,ICBP,RG,10200,24,F,AK,ZP,F
14:38:55,ICBP,RG,10250,1,F,ZP,CC,D
14:38:55,ICBP,RG,10250,4,F,ZP,AK,F
14:38:36,ICBP,RG,10200,2,F,AK,ZP,F
14:38:36,ICBP,RG,10200,3,F,ZP,ZP,F
14:38:36,ICBP,RG,10200,15,D,CS,ZP,F
14:38:36,ICBP,RG,10250,2,F,ZP,AK,F
14:38:19,ICBP,RG,10200,7,D,CS,ZP,F
14:38:10,ICBP,RG,10225,37,D,CS,ZP,F
14:38:10,ICBP,RG,10225,12,D,CS,ZP,F
14:38:10,ICBP,RG,10225,1,D,CS,ZP,F
14:38:09,ICBP,RG,10225,12,D,CS,ZP,F
14:38:09,ICBP,RG,10200,4,D,CS,ZP,F
14:37:49,ICBP,RG,10200,5,D,CS,ZP,F
14:37:29,ICBP,RG,10200,3,D,CS,ZP,F
14:37:11,ICBP,RG,10200,9,D,CS,ZP,F
14:37:09,ICBP,RG,10200,4,D,CS,ZP,F
14:36:43,ICBP,RG,10200,8,D,CS,ZP,F
14:36:13,ICBP,RG,10200,18,D,CS,ZP,F
14:35:45,ICBP,RG,10200,6,D,CS,ZP,F
14:35:45,ICBP,RG,10200,12,F,ZP,ZP,F
14:35:45,ICBP,RG,10200,3,F,AK,ZP,F
14:35:45,ICBP,RG,10200,6,F,AK,ZP,F
14:35:31,ICBP,RG,10200,9,F,AK,ZP,F
14:35:18,ICBP,RG,10200,36,F,AK,ZP,F
14:34:58,ICBP,RG,10200,16,F,AK,ZP,F
14:34:51,ICBP,RG,10200,7,F,AK,ZP,F
14:34:51,ICBP,RG,10200,1,F,ZP,ZP,F
14:34:51,ICBP,RG,10200,1,D,DR,ZP,F
14:34:45,ICBP,RG,10250,201,D,CS,AK,F
14:34:45,ICBP,RG,10250,3,D,CS,ZP,F
14:34:21,ICBP,RG,10200,2,D,CS,ZP,F
14:34:21,ICBP,RG,10200,7,F,ZP,ZP,F
14:33:51,ICBP,RG,10200,2,F,ZP,ZP,F
14:33:51,ICBP,RG,10200,2,F,AK,ZP,F
14:33:51,ICBP,RG,10200,4,D,XL,ZP,F
14:33:50,ICBP,RG,10200,1,D,XL,ZP,F
14:33:50,ICBP,RG,10200,6,D,YP,ZP,F
14:33:49,ICBP,RG,10225,4,F,ZP,ZP,F
14:33:43,ICBP,RG,10225,7,F,ZP,ZP,F
14:33:24,ICBP,RG,10225,6,D,CS,ZP,F
14:33:24,ICBP,RG,10225,2,D,CS,ZP,F
14:33:24,ICBP,RG,10225,16,F,ZP,ZP,F
14:33:04,ICBP,RG,10225,16,F,ZP,ZP,F
14:32:52,ICBP,RG,10225,16,F,ZP,ZP,F
14:32:35,ICBP,RG,10225,1,F,AK,AK,F
14:32:35,ICBP,RG,10225,2,F,AK,AK,F
14:32:35,ICBP,RG,10225,1,F,AK,AK,F
14:32:35,ICBP,RG,10225,5,F,ZP,AK,F
14:32:35,ICBP,RG,10225,6,F,ZP,AK,F
14:32:35,ICBP,RG,10225,29,D,CS,AK,F
14:32:35,ICBP,RG,10225,7,F,ZP,AK,F
14:32:35,ICBP,RG,10225,6,F,ZP,AK,F
14:32:35,ICBP,RG,10225,2,F,AK,AK,F
14:32:26,ICBP,RG,10225,35,F,AK,ZP,F
14:32:03,ICBP,RG,10250,12,D,CS,ZP,F
14:32:03,ICBP,RG,10250,1,D,CS,ZP,F
14:32:03,ICBP,RG,10250,12,D,CS,ZP,F
14:31:57,ICBP,RG,10225,42,F,AK,ZP,F
14:31:30,ICBP,RG,10225,16,F,AK,ZP,F
14:31:29,ICBP,RG,10225,30,F,AK,YP,D
14:31:03,ICBP,RG,10225,9,F,AK,ZP,F
14:31:01,ICBP,RG,10225,7,F,AK,ZP,F
14:30:33,ICBP,RG,10225,32,F,AK,ZP,F
14:30:28,ICBP,RG,10250,5,D,CS,ZP,F
14:30:23,ICBP,RG,10225,1,F,AK,XC,D
14:30:22,ICBP,RG,10250,2,F,ZP,CC,D
14:30:22,ICBP,RG,10250,23,D,CS,CC,D
14:30:13,ICBP,RG,10225,12,F,AK,XL,D
14:30:10,ICBP,RG,10225,9,F,AK,ZP,F
14:30:00,ICBP,RG,10250,4,D,CS,ZP,F
14:29:55,ICBP,RG,10250,76,D,CS,AK,F
14:29:55,ICBP,RG,10250,1,D,CS,ZP,F
14:29:55,ICBP,RG,10250,1,D,CS,LS,D
14:29:36,ICBP,RG,10225,1,F,AK,CC,D
14:29:08,ICBP,RG,10250,2,D,CS,ZP,F
14:29:08,ICBP,RG,10250,9,D,CS,YB,D
14:28:57,ICBP,RG,10250,4,D,CS,ZP,F
14:28:57,ICBP,RG,10250,2,D,CS,ZP,F
14:28:56,ICBP,RG,10250,10,D,CS,CC,D
14:28:40,ICBP,RG,10225,36,F,AK,ZP,F
14:28:40,ICBP,RG,10225,1,D,CC,ZP,F
14:28:40,ICBP,RG,10225,5,F,ZP,ZP,F
14:28:15,ICBP,RG,10250,18,D,CS,ZP,F
14:28:15,ICBP,RG,10250,19,D,CS,ZP,F
14:28:15,ICBP,RG,10250,12,D,CS,ZP,F
14:28:15,ICBP,RG,10250,1,D,CS,ZP,F
14:28:15,ICBP,RG,10250,12,D,CS,ZP,F
14:28:15,ICBP,RG,10250,1,D,CS,ZP,F
14:28:14,ICBP,RG,10250,1,F,AK,AK,F
14:28:14,ICBP,RG,10250,1,F,AK,AK,F
14:28:14,ICBP,RG,10250,4,F,ZP,AK,F
14:28:14,ICBP,RG,10250,6,F,ZP,AK,F
14:28:14,ICBP,RG,10250,3,F,AK,AK,F
14:28:14,ICBP,RG,10250,2,F,AK,AK,F
14:28:14,ICBP,RG,10250,7,F,AK,AK,F
14:28:14,ICBP,RG,10250,3,F,AK,AK,F
14:28:14,ICBP,RG,10250,16,D,CS,AK,F
14:28:14,ICBP,RG,10250,64,F,ZP,AK,F
14:28:14,ICBP,RG,10250,4,F,AK,AK,F
14:28:13,ICBP,RG,10250,100,F,AK,AK,F
14:28:13,ICBP,RG,10250,87,F,AK,AK,F
14:28:13,ICBP,RG,10250,1,D,CS,AK,F
14:28:13,ICBP,RG,10250,12,D,CS,AK,F
14:28:09,ICBP,RG,10250,3,D,CS,ZP,F
14:28:00,ICBP,RG,10250,5,D,CS,ZP,F
14:28:00,ICBP,RG,10250,7,D,CS,ZP,F
14:28:00,ICBP,RG,10275,5,F,ZP,AK,F
14:27:49,ICBP,RG,10250,2,D,CS,ZP,F
14:27:40,ICBP,RG,10275,4,F,ZP,AK,F
14:27:29,ICBP,RG,10250,3,D,CS,ZP,F
14:27:20,ICBP,RG,10275,5,F,ZP,AK,F
14:27:18,ICBP,RG,10275,3,F,AK,AK,F
14:27:09,ICBP,RG,10250,2,D,CS,ZP,F
14:27:02,ICBP,RG,10275,1,D,PD,AK,F
14:27:00,ICBP,RG,10275,4,F,ZP,AK,F
14:26:49,ICBP,RG,10250,2,D,CS,ZP,F
14:26:40,ICBP,RG,10275,3,F,ZP,YP,D
14:26:34,ICBP,RG,10250,3,D,CS,NI,D
14:26:24,ICBP,RG,10250,1,D,CS,ZP,F
14:26:22,ICBP,RG,10275,7,D,CC,YP,D
14:26:22,ICBP,RG,10275,3,D,CC,CP,D
14:26:21,ICBP,RG,10275,1,D,PD,ZP,F
14:26:20,ICBP,RG,10275,1,F,ZP,PD,D
14:26:20,ICBP,RG,10275,1,F,ZP,XC,D
14:26:20,ICBP,RG,10275,1,F,ZP,CC,D
14:26:05,ICBP,RG,10275,4,D,CS,CC,D
14:26:05,ICBP,RG,10275,10,D,CS,YP,D
14:26:05,ICBP,RG,10275,1,D,CS,CC,D
14:26:05,ICBP,RG,10275,1,D,CS,PD,D
14:26:05,ICBP,RG,10275,20,D,CS,PD,D
14:26:05,ICBP,RG,10275,96,D,CS,YP,D
14:26:03,ICBP,RG,10250,5,D,CS,XC,D
14:26:00,ICBP,RG,10275,7,F,ZP,YP,D
14:26:00,ICBP,RG,10250,2,D,CS,ZP,F
14:25:45,ICBP,RG,10250,3,D,CS,PD,D
14:25:44,ICBP,RG,10275,7,F,ZP,YP,D
14:25:44,ICBP,RG,10250,1,D,CS,ZP,F
14:25:25,ICBP,RG,10275,4,F,ZP,YP,D
14:25:21,ICBP,RG,10275,3,F,AK,YP,D
14:25:05,ICBP,RG,10275,7,F,ZP,YP,D
14:24:45,ICBP,RG,10275,5,F,ZP,YP,D
14:24:30,ICBP,RG,10275,7,F,ZP,YP,D
14:24:10,ICBP,RG,10275,6,F,ZP,YP,D
14:23:53,ICBP,RG,10275,5,F,ZP,YP,D
14:23:35,ICBP,RG,10275,6,F,ZP,YP,D
14:23:25,ICBP,RG,10275,47,D,CS,YP,D
14:23:25,ICBP,RG,10275,5,D,CS,KK,D
14:23:25,ICBP,RG,10275,3,D,CS,NI,D
14:23:25,ICBP,RG,10275,4,D,CS,PD,D
14:23:25,ICBP,RG,10275,5,D,CS,DH,D
14:23:25,ICBP,RG,10275,11,D,CS,NI,D
14:23:25,ICBP,RG,10275,1,D,CS,YP,D
14:23:25,ICBP,RG,10275,56,D,CS,PD,D
14:23:15,ICBP,RG,10275,3,F,ZP,PD,D
14:23:15,ICBP,RG,10275,1,F,ZP,YP,D
14:23:00,ICBP,RG,10275,4,F,ZP,YP,D
14:22:40,ICBP,RG,10275,3,F,ZP,YP,D
14:22:20,ICBP,RG,10275,2,F,ZP,YP,D
14:22:20,ICBP,RG,10275,1,F,ZP,PD,D
14:22:20,ICBP,RG,10275,1,F,ZP,PD,D
14:22:01,ICBP,RG,10275,2,F,ZP,PD,D
14:22:01,ICBP,RG,10275,1,F,ZP,YP,D
14:21:45,ICBP,RG,10275,1,F,ZP,YP,D
14:20:38,ICBP,RG,10250,5,D,CS,ZP,F
14:20:38,ICBP,RG,10250,12,D,CS,ZP,F
14:20:38,ICBP,RG,10250,21,D,CS,ZP,F
14:20:38,ICBP,RG,10250,6,D,CS,ZP,F
14:20:38,ICBP,RG,10250,37,D,CS,ZP,F
14:20:38,ICBP,RG,10250,6,D,CS,ZP,F
14:20:38,ICBP,RG,10250,6,D,CS,KZ,F
14:20:38,ICBP,RG,10250,1,D,CS,KZ,F
14:20:38,ICBP,RG,10250,6,D,CS,ZP,F
14:20:38,ICBP,RG,10250,2,D,CS,KZ,F
14:20:38,ICBP,RG,10250,7,D,CS,KZ,F
14:20:38,ICBP,RG,10250,31,D,CS,ZP,F
14:20:38,ICBP,RG,10250,31,D,CS,ZP,F
14:20:38,ICBP,RG,10250,50,D,CS,YP,D
14:20:38,ICBP,RG,10250,3,D,CS,LG,D
14:20:38,ICBP,RG,10250,1,D,CS,GR,D
14:20:38,ICBP,RG,10250,5,D,CS,KK,D
14:20:38,ICBP,RG,10250,1,D,CS,LS,D
14:20:38,ICBP,RG,10250,1,D,CS,KZ,F
14:20:38,ICBP,RG,10250,1,D,CS,YP,D
14:20:38,ICBP,RG,10250,1,D,CS,ZP,F
14:20:38,ICBP,RG,10250,1,D,CS,YP,D
14:20:38,ICBP,RG,10250,12,D,CS,ZP,F
14:20:38,ICBP,RG,10250,22,D,CS,DR,D
14:20:38,ICBP,RG,10250,28,D,CS,DR,D
14:20:38,ICBP,RG,10250,8,D,CS,ZP,F
14:20:38,ICBP,RG,10250,41,D,CS,ZP,F
14:20:38,ICBP,RG,10250,5,D,CS,ZP,F
14:20:38,ICBP,RG,10250,1,D,CS,KZ,F
14:20:24,ICBP,RG,10225,2,F,ZP,ZP,F
14:19:54,ICBP,RG,10225,2,F,ZP,ZP,F
14:19:24,ICBP,RG,10225,1,F,ZP,ZP,F
14:18:46,ICBP,RG,10225,2,F,ZP,ZP,F
14:18:46,ICBP,RG,10225,7,F,ZP,ZP,F
14:18:46,ICBP,RG,10225,1,F,AK,ZP,F
14:18:46,ICBP,RG,10225,1,F,AK,ZP,F
14:18:46,ICBP,RG,10225,7,F,ZP,ZP,F
14:18:46,ICBP,RG,10225,1,F,AK,ZP,F
14:18:46,ICBP,RG,10225,1,F,AK,ZP,F
14:18:46,ICBP,RG,10225,30,D,CS,ZP,F
14:18:46,ICBP,RG,10225,6,F,ZP,ZP,F
14:18:40,ICBP,RG,10250,2,F,ZP,KZ,F
14:18:40,ICBP,RG,10250,1,F,ZP,ZP,F
14:18:25,ICBP,RG,10250,1,D,CS,ZP,F
14:18:25,ICBP,RG,10250,32,D,CS,KZ,F
14:18:25,ICBP,RG,10250,1,D,CS,ZP,F
14:18:25,ICBP,RG,10250,10,D,CS,ZP,F
14:18:25,ICBP,RG,10250,1,D,CS,ZP,F
14:18:25,ICBP,RG,10250,1,D,CS,YP,D
14:18:25,ICBP,RG,10250,1,D,CS,XL,D
14:18:25,ICBP,RG,10250,1,D,CS,ZP,F
14:18:25,ICBP,RG,10250,56,D,CS,EP,D
14:18:25,ICBP,RG,10250,5,D,CS,GR,D
14:18:25,ICBP,RG,10250,3,D,CS,CC,D
14:18:25,ICBP,RG,10250,10,D,CS,ZP,D
14:18:25,ICBP,RG,10250,1,D,CS,CP,D
14:18:25,ICBP,RG,10250,15,D,CS,SQ,D
14:18:25,ICBP,RG,10250,1,D,CS,DH,D
14:18:25,ICBP,RG,10250,1,D,CS,PD,D
14:18:25,ICBP,RG,10250,1,D,CS,NI,D
14:18:25,ICBP,RG,10250,1,D,CS,KZ,F
14:18:25,ICBP,RG,10250,1,D,CS,YP,D
14:18:25,ICBP,RG,10250,21,D,CS,CC,D
14:18:25,ICBP,RG,10250,5,D,CS,PD,D
14:18:25,ICBP,RG,10250,1,D,CS,PD,D
14:18:25,ICBP,RG,10250,1,D,CS,PD,D
14:18:25,ICBP,RG,10250,2,D,CS,YP,D
14:18:25,ICBP,RG,10250,20,D,CS,KK,D
14:18:25,ICBP,RG,10250,5,D,CS,MG,D
14:18:25,ICBP,RG,10250,10,D,CS,PD,D
14:18:25,ICBP,RG,10250,7,D,CS,KZ,F
14:18:25,ICBP,RG,10250,2,D,CS,YP,D
14:18:25,ICBP,RG,10250,26,D,CS,GR,D
14:18:25,ICBP,RG,10250,20,D,CS,IP,D
14:18:25,ICBP,RG,10250,2,D,CS,PD,D
14:18:25,ICBP,RG,10250,1,D,CS,DR,D
14:18:25,ICBP,RG,10250,10,D,CS,PD,D
14:18:25,ICBP,RG,10250,11,D,CS,PD,D
14:18:25,ICBP,RG,10250,5,D,CS,DH,D
14:18:25,ICBP,RG,10250,1,D,CS,KK,D
14:18:25,ICBP,RG,10250,5,D,CS,PD,D
14:18:25,ICBP,RG,10250,1,D,CS,YP,D
14:18:25,ICBP,RG,10250,1,D,CS,ZP,D
14:18:25,ICBP,RG,10250,1,D,CS,NI,D
14:18:25,ICBP,RG,10250,5,D,CS,YP,D
14:18:25,ICBP,RG,10250,5,D,CS,PD,D
14:18:25,ICBP,RG,10250,4,D,CS,NI,D
14:18:25,ICBP,RG,10250,1,D,CS,NI,D
14:18:25,ICBP,RG,10250,88,D,CS,CD,D
14:18:20,ICBP,RG,10250,1,F,ZP,CD,D
14:18:15,ICBP,RG,10250,1,F,AK,CD,D
14:18:00,ICBP,RG,10250,3,F,ZP,CD,D
14:17:59,ICBP,RG,10225,2,F,ZP,ZP,F
14:17:38,ICBP,RG,10225,1,F,ZP,DH,D
14:17:34,ICBP,RG,10225,2,F,ZP,ZP,F
14:17:30,ICBP,RG,10250,1,F,AK,CD,D
14:17:20,ICBP,RG,10250,2,F,ZP,CD,D
14:17:09,ICBP,RG,10225,2,F,ZP,ZP,F
14:17:00,ICBP,RG,10250,2,F,ZP,CD,D
14:16:40,ICBP,RG,10250,2,F,ZP,CD,D
14:16:40,ICBP,RG,10250,1,F,ZP,YP,D
14:16:20,ICBP,RG,10250,2,F,ZP,YP,D
14:16:00,ICBP,RG,10250,2,F,ZP,YP,D
14:15:45,ICBP,RG,10225,3,F,ZP,MK,D
14:15:40,ICBP,RG,10250,3,F,ZP,CC,D
14:14:54,ICBP,RG,10225,10,F,ZP,PD,D
14:14:45,ICBP,RG,10225,2,F,ZP,PS,D
14:14:39,ICBP,RG,10250,1,F,ZP,CC,D
14:14:39,ICBP,RG,10250,1,F,ZP,YP,D
14:14:10,ICBP,RG,10250,1,F,ZP,YP,D
14:14:10,ICBP,RG,10250,2,F,ZP,KK,D
14:14:10,ICBP,RG,10250,4,F,ZP,ES,D
14:12:32,ICBP,RG,10225,2,F,ZP,XC,D
14:12:32,ICBP,RG,10225,9,F,ZP,XC,D
14:12:32,ICBP,RG,10225,11,F,AK,XC,D
14:12:24,ICBP,RG,10225,5,F,AK,CC,D
14:12:19,ICBP,RG,10225,1,F,AK,LG,D
14:11:36,ICBP,RG,10225,1,F,AK,PD,D
14:11:29,ICBP,RG,10225,8,F,AK,ZP,F
14:11:19,ICBP,RG,10225,1,F,AK,PD,D
14:11:02,ICBP,RG,10225,110,F,AK,CC,D
14:10:01,ICBP,RG,10225,12,F,BK,ZP,F
14:10:01,ICBP,RG,10225,10,F,BK,ZP,F
14:10:01,ICBP,RG,10225,1,F,BK,KZ,F
14:10:01,ICBP,RG,10225,7,F,BK,ZP,F
14:10:01,ICBP,RG,10225,32,F,ZP,ZP,F
14:10:01,ICBP,RG,10225,1,F,ZP,KZ,F
14:10:01,ICBP,RG,10225,3,F,ZP,AR,D
14:10:01,ICBP,RG,10225,1,F,ZP,ZP,F
14:10:01,ICBP,RG,10225,2,F,ZP,ZP,F
14:10:01,ICBP,RG,10225,10,F,BK,ZP,F
14:10:01,ICBP,RG,10225,3,F,BK,ZP,F
14:10:01,ICBP,RG,10225,2,F,BK,ZP,F
14:10:01,ICBP,RG,10225,5,F,BK,ZP,F
14:10:01,ICBP,RG,10225,18,F,BK,ZP,F
14:10:01,ICBP,RG,10225,1,F,BK,ZP,F
14:10:01,ICBP,RG,10225,6,F,BK,ZP,F
14:10:01,ICBP,RG,10225,3,F,BK,KZ,F
14:10:01,ICBP,RG,10225,2,F,BK,DR,D
14:10:01,ICBP,RG,10225,2,F,BK,AR,D
14:10:01,ICBP,RG,10225,2,F,BK,CC,D
14:10:01,ICBP,RG,10225,52,F,BK,DX,D
14:10:01,ICBP,RG,10225,222,D,CS,DX,D
14:10:01,ICBP,RG,10225,10,D,CS,KZ,F
14:10:01,ICBP,RG,10225,71,D,CS,DX,D
14:09:55,ICBP,RG,10225,2,F,ZP,DX,D
14:09:33,ICBP,RG,10225,5,F,ZP,DX,D
14:09:30,ICBP,RG,10225,2,F,ZP,DX,D
14:09:17,ICBP,RG,10225,10,D,YP,DX,D
14:09:13,ICBP,RG,10225,15,D,CC,DX,D
14:09:05,ICBP,RG,10225,3,F,ZP,DX,D
14:08:54,ICBP,RG,10225,1,D,PD,DX,D
14:08:45,ICBP,RG,10225,3,F,ZP,DX,D
14:08:23,ICBP,RG,10225,18,D,HP,DX,D
14:06:39,ICBP,RG,10200,2,D,HP,CC,D
14:05:17,ICBP,RG,10200,1,D,CS,ZP,F
14:05:16,ICBP,RG,10200,3,D,CS,LG,D
14:03:21,ICBP,RG,10200,1,D,CS,ZP,F
14:03:21,ICBP,RG,10200,1,D,CS,KZ,F
14:03:20,ICBP,RG,10225,1,D,CS,DX,D
14:03:20,ICBP,RG,10200,4,D,CS,PD,D
14:03:20,ICBP,RG,10200,1,F,AK,PD,D
14:02:59,ICBP,RG,10175,1,F,AK,EP,D
14:02:47,ICBP,RG,10200,1,F,AK,ZP,F
14:02:47,ICBP,RG,10200,3,F,AK,ZP,F
14:02:46,ICBP,RG,10200,2,F,BK,ZP,F
14:02:46,ICBP,RG,10200,1,F,BK,PD,D
14:02:46,ICBP,RG,10200,7,F,BK,ZP,F
14:02:46,ICBP,RG,10200,1,F,BK,DH,D
14:02:46,ICBP,RG,10200,25,F,BK,ZP,F
14:02:46,ICBP,RG,10200,4,F,BK,ZP,F
14:02:46,ICBP,RG,10200,2,F,BK,KZ,F
14:02:46,ICBP,RG,10200,1,F,AK,KZ,F
14:02:46,ICBP,RG,10200,1,F,AK,KZ,F
14:02:46,ICBP,RG,10200,4,F,AK,KZ,F
14:02:46,ICBP,RG,10200,1,F,AK,KZ,F
14:02:46,ICBP,RG,10200,6,F,AK,KZ,F
14:02:46,ICBP,RG,10200,4,F,AK,ZP,F
14:02:46,ICBP,RG,10200,1,F,AK,ZP,F
14:02:46,ICBP,RG,10200,1,F,AK,ZP,F
14:02:46,ICBP,RG,10200,4,D,CS,ZP,F
14:02:46,ICBP,RG,10200,1,D,CS,ZP,F
14:02:46,ICBP,RG,10200,3,D,CS,KZ,F
14:02:46,ICBP,RG,10200,50,D,CS,CC,D
14:02:46,ICBP,RG,10200,4,D,CS,KZ,F
14:02:46,ICBP,RG,10200,8,D,CS,ZP,F
14:02:46,ICBP,RG,10200,72,D,CS,ZP,F
14:02:46,ICBP,RG,10200,4,D,CS,ZP,F
14:02:46,ICBP,RG,10200,2,D,CS,KZ,F
14:02:46,ICBP,RG,10200,1,D,CS,KZ,F
14:02:46,ICBP,RG,10200,17,D,CS,ZP,F
14:02:46,ICBP,RG,10200,12,D,CS,ZP,F
14:02:46,ICBP,RG,10200,1,D,CS,ZP,F
14:02:46,ICBP,RG,10200,12,D,CS,ZP,F
14:01:34,ICBP,RG,10175,1,F,AK,CC,D
14:01:34,ICBP,RG,10175,4,F,AK,LG,D
14:00:15,ICBP,RG,10175,2,F,AK,ZP,F
14:00:15,ICBP,RG,10175,3,F,AK,ZP,F
14:00:15,ICBP,RG,10175,7,D,PD,ZP,F
13:57:37,ICBP,RG,10200,1,F,AK,AK,F
13:57:37,ICBP,RG,10200,13,D,CS,ZP,F
13:57:37,ICBP,RG,10200,1,F,AK,ZP,F
13:57:37,ICBP,RG,10200,4,F,AK,ZP,F
13:57:37,ICBP,RG,10200,30,F,ZP,AK,F
13:57:37,ICBP,RG,10200,8,F,ZP,AK,F
13:57:37,ICBP,RG,10200,8,F,ZP,AK,F
13:57:37,ICBP,RG,10200,6,F,ZP,AK,F
13:57:37,ICBP,RG,10200,11,F,ZP,AK,F
13:57:37,ICBP,RG,10200,62,D,CS,AK,F
13:57:37,ICBP,RG,10200,1,F,AK,AK,F
13:57:37,ICBP,RG,10200,1,F,AK,AK,F
13:57:37,ICBP,RG,10200,1,F,AK,AK,F
13:57:37,ICBP,RG,10200,1,F,AK,AK,F
13:57:37,ICBP,RG,10200,17,F,AK,AK,F
13:57:37,ICBP,RG,10200,35,F,AK,ZP,F
13:57:35,ICBP,RG,10200,50,F,AK,CC,D
13:57:30,ICBP,RG,10200,7,F,AK,ZP,F
13:57:24,ICBP,RG,10200,2,F,AK,ZP,F
13:57:17,ICBP,RG,10200,10,F,AK,ZP,F
13:57:10,ICBP,RG,10200,30,F,AK,KK,D
13:56:54,ICBP,RG,10200,1,F,AK,KZ,F
13:56:54,ICBP,RG,10200,2,F,AK,ZP,F
13:56:49,ICBP,RG,10200,25,F,AK,KZ,F
13:56:48,ICBP,RG,10200,12,F,AK,ZP,F
13:56:27,ICBP,RG,10225,477,D,CS,DX,D
13:54:32,ICBP,RG,10200,1,F,AK,KZ,F
13:54:32,ICBP,RG,10200,1,F,AK,LG,D
13:54:32,ICBP,RG,10200,13,F,ZP,LG,D
13:54:29,ICBP,RG,10225,2,D,PD,DX,D
13:51:50,ICBP,RG,10200,3,F,ZP,YP,D
13:51:05,ICBP,RG,10200,7,F,ZP,KZ,F
13:51:03,ICBP,RG,10200,1,F,ZP,KZ,F
13:51:03,ICBP,RG,10200,7,F,ZP,ZP,F
13:50:57,ICBP,RG,10200,3,F,ZP,ZP,F
13:50:57,ICBP,RG,10200,1,F,ZP,ZP,F
13:50:57,ICBP,RG,10200,2,F,ZP,ZP,F
13:50:57,ICBP,RG,10200,2,F,ZP,ZP,F
13:50:57,ICBP,RG,10200,10,D,XC,ZP,F
13:47:29,ICBP,RG,10200,13,D,CS,ZP,F
13:47:28,ICBP,RG,10200,55,D,CS,YP,D
13:46:38,ICBP,RG,10150,1,D,OD,PD,D
13:46:25,ICBP,RG,10175,1,D,CS,KZ,F
13:46:25,ICBP,RG,10175,1,D,CS,ZP,F
13:46:25,ICBP,RG,10175,1,D,CS,ZP,F
13:46:23,ICBP,RG,10175,11,D,CS,ZP,F
13:46:23,ICBP,RG,10175,1,D,CS,ZP,F
13:46:23,ICBP,RG,10175,1,D,CS,PD,D
13:46:23,ICBP,RG,10175,1,F,ZP,PD,D
13:45:51,ICBP,RG,10175,3,F,ZP,SQ,D
13:45:51,ICBP,RG,10175,1,F,AK,SQ,D
13:45:51,ICBP,RG,10175,1,F,AK,SQ,D
13:45:51,ICBP,RG,10175,1,D,YP,SQ,D
13:45:51,ICBP,RG,10175,1,D,PD,SQ,D
13:45:51,ICBP,RG,10175,1,D,DR,SQ,D
13:45:51,ICBP,RG,10175,1,D,CC,SQ,D
13:44:56,ICBP,RG,10200,1,F,ZP,AK,F
13:44:56,ICBP,RG,10200,1,D,XL,AK,F
13:44:56,ICBP,RG,10200,8,D,PD,AK,F
13:44:56,ICBP,RG,10200,1,F,AK,AK,F
13:44:56,ICBP,RG,10200,1,F,AK,AK,F
13:44:56,ICBP,RG,10200,1,F,AK,AK,F
13:44:56,ICBP,RG,10200,1,F,AK,AK,F
13:44:56,ICBP,RG,10200,30,D,YP,AK,F
13:44:56,ICBP,RG,10200,1,F,AK,AK,F
13:44:56,ICBP,RG,10200,1,F,AK,AK,F
13:44:56,ICBP,RG,10200,7,F,ZP,AK,F
13:44:56,ICBP,RG,10200,69,D,CS,AK,F
13:44:56,ICBP,RG,10200,66,F,ZP,AK,F
13:44:55,ICBP,RG,10225,2,F,ZP,DX,D
13:44:35,ICBP,RG,10250,2,F,ZP,ES,D
13:44:15,ICBP,RG,10250,3,F,ZP,ES,D
13:43:53,ICBP,RG,10250,2,F,ZP,ES,D
13:43:53,ICBP,RG,10200,1,F,AK,XL,D
13:43:35,ICBP,RG,10200,1,F,AK,PD,D
13:43:25,ICBP,RG,10250,2,F,ZP,ES,D
13:42:56,ICBP,RG,10250,2,D,CS,ES,D
13:42:56,ICBP,RG,10225,10,D,CS,ZP,F
13:42:56,ICBP,RG,10225,2,F,ZP,ZP,F
13:42:56,ICBP,RG,10225,12,D,CS,ZP,F
13:42:55,ICBP,RG,10225,12,D,CS,ZP,F
13:42:55,ICBP,RG,10225,50,D,CS,YP,D
13:42:30,ICBP,RG,10250,2,F,ZP,ES,D
13:42:00,ICBP,RG,10250,2,F,ZP,ES,D
13:41:57,ICBP,RG,10250,1,D,XL,ES,D
13:41:43,ICBP,RG,10250,2,F,ZP,ES,D
13:41:25,ICBP,RG,10250,3,F,ZP,ES,D
13:41:05,ICBP,RG,10250,2,F,ZP,ES,D
13:40:42,ICBP,RG,10250,2,F,ZP,ES,D
13:40:42,ICBP,RG,10250,1,D,PD,ES,D
13:40:25,ICBP,RG,10250,3,F,ZP,ES,D
13:40:04,ICBP,RG,10250,2,F,ZP,ES,D
13:39:45,ICBP,RG,10250,2,F,ZP,ES,D
13:39:25,ICBP,RG,10250,2,F,ZP,ES,D
13:39:07,ICBP,RG,10225,1,D,CS,CC,D
13:39:07,ICBP,RG,10225,1,D,CS,ZP,F
13:39:07,ICBP,RG,10225,2,D,CS,ZP,F
13:39:07,ICBP,RG,10225,16,D,CS,ZP,F
13:39:07,ICBP,RG,10225,3,D,CS,NI,D
13:39:07,ICBP,RG,10225,12,D,CS,ZP,F
13:39:07,ICBP,RG,10225,3,D,CS,KZ,F
13:39:07,ICBP,RG,10225,15,D,CS,KZ,F
13:39:07,ICBP,RG,10225,2,D,CS,ZP,F
13:39:07,ICBP,RG,10225,2,D,CS,ZP,F
13:39:07,ICBP,RG,10225,7,D,CS,ZP,F
13:39:07,ICBP,RG,10225,1,D,CS,PD,D
13:39:07,ICBP,RG,10225,1,D,CS,KZ,F
13:39:07,ICBP,RG,10225,21,D,CS,ZP,F
13:39:07,ICBP,RG,10225,1,D,CS,KZ,F
13:39:07,ICBP,RG,10225,4,D,CS,KZ,F
13:39:07,ICBP,RG,10225,7,D,CS,ZP,F
13:39:07,ICBP,RG,10225,34,D,CS,YP,D
13:39:05,ICBP,RG,10225,2,F,ZP,YP,D
13:38:40,ICBP,RG,10225,2,F,ZP,YP,D
13:38:15,ICBP,RG,10225,2,F,ZP,YP,D
13:37:55,ICBP,RG,10225,1,D,PD,YP,D
13:37:53,ICBP,RG,10225,2,F,ZP,YP,D
13:37:30,ICBP,RG,10225,3,F,ZP,YP,D
13:37:05,ICBP,RG,10225,2,F,ZP,YP,D
13:36:45,ICBP,RG,10225,2,F,ZP,YP,D
13:36:37,ICBP,RG,10200,1,F,AK,PD,D
13:36:25,ICBP,RG,10250,3,F,ZP,ES,D
13:36:05,ICBP,RG,10250,2,F,ZP,ES,D
13:35:45,ICBP,RG,10250,2,F,ZP,ES,D
13:35:25,ICBP,RG,10250,2,F,ZP,ES,D
13:35:05,ICBP,RG,10250,50,D,YB,ES,D
13:35:05,ICBP,RG,10250,2,F,ZP,ES,D
13:34:59,ICBP,RG,10225,2,D,CS,ZP,F
13:34:59,ICBP,RG,10225,7,D,CS,ZP,F
13:34:59,ICBP,RG,10225,12,D,CS,ZP,F
13:34:59,ICBP,RG,10225,2,D,CS,ZP,F
13:34:59,ICBP,RG,10225,25,D,CS,ZP,F
13:34:59,ICBP,RG,10225,30,D,CS,ZP,F
13:34:59,ICBP,RG,10225,2,D,CS,ZP,F
13:34:59,ICBP,RG,10225,2,D,CS,KZ,F
13:34:59,ICBP,RG,10225,15,D,CS,KZ,F
13:34:59,ICBP,RG,10225,10,D,CS,PD,D
13:34:59,ICBP,RG,10225,10,D,CS,ZP,F
13:34:59,ICBP,RG,10225,6,D,CS,ZP,F
13:34:59,ICBP,RG,10225,9,D,CS,ZP,F
13:34:59,ICBP,RG,10225,7,D,CS,XC,D
13:34:59,ICBP,RG,10225,1,D,CS,YP,D
13:34:59,ICBP,RG,10225,2,D,CS,YP,D
13:34:59,ICBP,RG,10225,1,D,CS,CC,D
13:34:59,ICBP,RG,10225,1,D,CS,OD,D
13:34:59,ICBP,RG,10225,3,D,CS,PD,D
13:34:59,ICBP,RG,10225,2,D,CS,PD,D
13:34:59,ICBP,RG,10225,2,D,CS,PD,D
13:34:59,ICBP,RG,10225,5,D,CS,PD,D
13:34:30,ICBP,RG,10225,3,F,ZP,PD,D
13:33:55,ICBP,RG,10225,2,F,ZP,PD,D
13:33:30,ICBP,RG,10225,2,F,ZP,PD,D
13:33:05,ICBP,RG,10225,1,F,ZP,PD,D
13:33:05,ICBP,RG,10225,1,F,ZP,PD,D
13:32:40,ICBP,RG,10225,2,F,ZP,PD,D
13:32:35,ICBP,RG,10200,3,F,AK,RX,D
13:32:15,ICBP,RG,10225,1,F,ZP,KK,D
13:32:15,ICBP,RG,10225,1,F,ZP,DX,D
13:31:40,ICBP,RG,10225,1,F,ZP,DR,D
13:31:40,ICBP,RG,10225,1,F,ZP,YP,D
13:31:40,ICBP,RG,10225,1,F,ZP,KZ,F
13:31:01,ICBP,RG,10200,6,D,CS,ZP,F
13:31:01,ICBP,RG,10200,5,D,CS,ZP,F
13:31:01,ICBP,RG,10200,18,D,CS,ZP,F
13:31:01,ICBP,RG,10200,3,D,CS,ZP,F
13:31:01,ICBP,RG,10200,11,D,CS,ZP,F
13:31:01,ICBP,RG,10200,14,D,CS,ZP,F
13:31:01,ICBP,RG,10200,1,D,CS,KZ,F
13:31:01,ICBP,RG,10200,12,D,CS,KZ,F
13:31:01,ICBP,RG,10200,20,F,BK,KZ,F
13:31:00,ICBP,RG,10200,57,F,BK,KZ,F
13:31:00,ICBP,RG,10200,1,F,BK,ZP,F
13:31:00,ICBP,RG,10200,24,F,ZP,ZP,F
13:30:47,ICBP,RG,10200,55,F,AK,ZP,F
13:30:47,ICBP,RG,10200,12,F,AK,ZP,F
13:30:47,ICBP,RG,10200,1,F,AK,ZP,F
13:30:47,ICBP,RG,10200,1,F,AK,ZP,F
13:30:47,ICBP,RG,10200,4,F,AK,KZ,F
13:30:47,ICBP,RG,10200,70,F,AK,BK,F
13:30:40,ICBP,RG,10200,12,F,ZP,BK,F
13:30:06,ICBP,RG,10200,3,F,AK,BK,F
13:30:03,ICBP,RG,10225,1,D,XL,LS,D
13:30:03,ICBP,RG,10225,2,D,XL,YP,D
13:30:03,ICBP,RG,10225,1,D,XL,YB,D
13:30:03,ICBP,RG,10225,1,D,XL,PD,D
13:30:03,ICBP,RG,10175,6,F,ZP,XC,D
13:30:03,ICBP,RG,10175,10,F,ZP,XC,D
13:30:03,ICBP,RG,10175,2,F,ZP,XC,D
13:30:03,ICBP,RG,10225,1,F,AK,KK,D
13:30:03,ICBP,RG,10225,1,F,AK,CC,D
13:30:02,ICBP,RG,10225,2,F,ZP,CC,D
13:30:01,ICBP,RG,10175,2,F,ZP,PD,D
13:30:01,ICBP,RG,10225,20,D,SQ,CC,D
13:30:01,ICBP,RG,10225,27,D,GR,CC,D
13:30:01,ICBP,RG,10225,3,D,GR,XC,D
13:30:00,ICBP,RG,10175,4,F,ZP,YU,D
13:30:00,ICBP,RG,10175,11,F,ZP,YU,D
11:29:59,ICBP,RG,10225,1,F,AK,LS,D
11:29:58,ICBP,RG,10200,102,D,CS,KZ,F
11:29:58,ICBP,RG,10200,2,D,CS,KZ,F
11:29:58,ICBP,RG,10200,1,D,CS,KZ,F
11:29:55,ICBP,RG,10200,3,F,ZP,BK,F
11:29:35,ICBP,RG,10200,2,F,ZP,BK,F
11:26:32,ICBP,RG,10200,1,D,YP,BK,F
11:25:33,ICBP,RG,10200,13,F,AK,ZP,F
11:25:33,ICBP,RG,10200,30,F,AK,ZP,F
11:25:33,ICBP,RG,10200,2,F,AK,NI,D
11:25:33,ICBP,RG,10200,1,F,AK,ZP,F
11:25:33,ICBP,RG,10200,12,F,AK,ZP,F
11:25:33,ICBP,RG,10200,1,F,AK,ZP,F
11:25:33,ICBP,RG,10200,1,F,AK,KZ,F
11:25:33,ICBP,RG,10200,1,F,AK,ZP,F
11:25:33,ICBP,RG,10200,1,F,AK,KZ,F
11:25:33,ICBP,RG,10200,1,F,AK,ZP,F
11:25:33,ICBP,RG,10200,1,F,AK,ZP,F
11:25:33,ICBP,RG,10200,1,F,AK,KK,D
11:25:33,ICBP,RG,10200,4,F,AK,KZ,F
11:25:33,ICBP,RG,10200,1,F,AK,KK,D
11:25:33,ICBP,RG,10200,28,F,AK,ZP,F
11:25:32,ICBP,RG,10175,14,F,ZP,ZP,F
11:25:32,ICBP,RG,10175,3,F,ZP,ZP,F
11:25:32,ICBP,RG,10200,15,D,CS,ZP,F
11:25:32,ICBP,RG,10200,12,D,CS,YP,D
11:25:32,ICBP,RG,10200,2,D,CS,YP,D
11:25:32,ICBP,RG,10200,5,D,CS,NI,D
11:25:32,ICBP,RG,10200,1,D,CS,XC,D
11:25:32,ICBP,RG,10200,2,D,CS,NI,D
11:25:32,ICBP,RG,10200,13,D,CS,KZ,F
11:25:32,ICBP,RG,10200,1,D,CS,DH,D
11:25:32,ICBP,RG,10200,2,D,CS,PD,D
11:25:32,ICBP,RG,10200,1,D,CS,YP,D
11:25:32,ICBP,RG,10200,5,D,CS,KK,D
11:25:32,ICBP,RG,10200,46,D,CS,SQ,D
11:25:32,ICBP,RG,10200,20,D,CS,OD,D
11:25:32,ICBP,RG,10200,3,D,CS,YP,D
11:25:32,ICBP,RG,10200,1,D,CS,YP,D
11:25:32,ICBP,RG,10200,170,D,CS,GR,D
11:25:32,ICBP,RG,10200,1,D,CS,PD,D
11:25:32,ICBP,RG,10200,14,D,CS,PD,D
11:25:32,ICBP,RG,10200,3,D,CS,NI,D
11:25:32,ICBP,RG,10200,3,D,CS,CC,D
11:25:32,ICBP,RG,10200,5,D,CS,NI,D
11:25:32,ICBP,RG,10200,9,D,CS,XC,D
11:25:32,ICBP,RG,10200,2,D,CS,NI,D
11:25:32,ICBP,RG,10200,4,D,CS,LS,D
11:25:32,ICBP,RG,10200,1,D,CS,CC,D
11:25:32,ICBP,RG,10200,132,D,CS,NI,D
11:25:32,ICBP,RG,10175,8,F,ZP,ZP,F
11:25:32,ICBP,RG,10175,1,D,YP,ZP,F
11:25:32,ICBP,RG,10175,2,D,CS,ZP,F
11:25:32,ICBP,RG,10175,1,F,AK,ZP,F
11:25:32,ICBP,RG,10175,1,F,AK,ZP,F
11:25:32,ICBP,RG,10175,11,F,AK,ZP,F
11:25:30,ICBP,RG,10200,1,F,AK,NI,D
11:23:45,ICBP,RG,10200,1,F,AK,NI,D
11:22:47,ICBP,RG,10175,1,F,AK,XC,D
11:22:35,ICBP,RG,10200,2,F,AK,NI,D
11:21:58,ICBP,RG,10175,2,F,AK,PD,D
11:21:22,ICBP,RG,10175,3,F,AK,YP,D
11:20:45,ICBP,RG,10200,1,F,AK,NI,D
11:20:37,ICBP,RG,10175,3,F,AK,XC,D
11:20:30,ICBP,RG,10200,1,F,AK,NI,D
11:19:42,ICBP,RG,10175,7,F,AK,ZP,F
11:18:37,ICBP,RG,10175,6,F,AK,ZP,F
11:17:46,ICBP,RG,10175,8,F,AK,ZP,F
11:17:34,ICBP,RG,10175,4,F,AK,ZP,F
11:17:34,ICBP,RG,10175,9,F,ZP,ZP,F
11:17:30,ICBP,RG,10175,3,F,ZP,NI,D
11:16:24,ICBP,RG,10175,6,F,ZP,ZP,F
11:15:38,ICBP,RG,10175,1,F,ZP,XC,D
11:15:02,ICBP,RG,10175,11,F,ZP,ZP,F
11:14:33,ICBP,RG,10175,13,F,ZP,YP,D
11:14:33,ICBP,RG,10175,3,D,CS,YP,D
11:14:33,ICBP,RG,10175,3,D,XC,YP,D
11:14:32,ICBP,RG,10200,1,D,PD,NI,D
11:13:27,ICBP,RG,10175,2,D,CS,ZP,F
11:13:27,ICBP,RG,10175,1,D,CS,ZP,F
11:13:26,ICBP,RG,10175,107,D,CS,KZ,F
11:13:26,ICBP,RG,10175,1,D,CS,ZP,F
11:13:26,ICBP,RG,10175,1,D,CS,YB,D
11:11:49,ICBP,RG,10175,6,D,CS,ZP,F
11:11:48,ICBP,RG,10175,3,D,CS,KZ,F
11:11:48,ICBP,RG,10175,1,D,CS,KZ,F
11:11:48,ICBP,RG,10175,4,D,CS,KZ,F
11:11:47,ICBP,RG,10175,50,D,CS,YP,D
11:11:41,ICBP,RG,10175,1,D,CS,ZP,F
11:11:40,ICBP,RG,10175,1,D,CS,YP,D
11:11:27,ICBP,RG,10175,1,D,CS,ZP,F
11:11:27,ICBP,RG,10175,1,D,CS,YP,D
11:10:58,ICBP,RG,10175,1,D,CS,ZP,F
11:10:57,ICBP,RG,10175,5,D,CS,CC,D
11:10:44,ICBP,RG,10175,1,D,CS,ZP,F
11:10:44,ICBP,RG,10175,12,D,CS,ZP,F
11:10:44,ICBP,RG,10175,1,D,CS,YP,D
11:07:36,ICBP,RG,10175,5,D,CS,ZP,F
11:07:36,ICBP,RG,10175,20,D,CS,AK,F
11:07:36,ICBP,RG,10175,6,D,CS,ZP,F
11:07:36,ICBP,RG,10175,6,D,CS,ZP,F
11:07:36,ICBP,RG,10200,22,D,CS,NI,D
11:07:36,ICBP,RG,10175,22,D,CS,SH,D
11:07:36,ICBP,RG,10175,14,D,CS,SH,D
11:07:36,ICBP,RG,10175,1,F,AK,SH,D
11:07:36,ICBP,RG,10175,10,F,ZP,SH,D
11:07:36,ICBP,RG,10175,1,F,AK,SH,D
11:07:36,ICBP,RG,10175,2,F,ZP,SH,D
11:05:58,ICBP,RG,10175,10,F,ZP,ZP,F
11:04:51,ICBP,RG,10175,29,F,AK,AK,F
11:04:51,ICBP,RG,10175,1,F,AK,AK,F
11:04:51,ICBP,RG,10175,1,F,AK,AK,F
11:04:51,ICBP,RG,10175,1,F,AK,AK,F
11:04:51,ICBP,RG,10175,36,F,ZP,AK,F
11:04:51,ICBP,RG,10175,8,F,ZP,ZP,F
11:04:51,ICBP,RG,10175,2,F,ZP,ZP,F
11:01:46,ICBP,RG,10200,11,F,AK,NI,D
11:01:46,ICBP,RG,10175,2,F,ZP,PD,D
10:57:45,ICBP,RG,10175,8,F,BK,ZP,F
10:57:45,ICBP,RG,10175,11,F,BK,ZP,F
10:57:45,ICBP,RG,10175,20,F,BK,ZP,D
10:57:45,ICBP,RG,10175,4,F,BK,ZP,F
10:57:45,ICBP,RG,10175,4,F,BK,CC,D
10:57:45,ICBP,RG,10175,1,F,AK,CC,D
10:57:45,ICBP,RG,10175,3,F,AK,KZ,F
10:57:45,ICBP,RG,10175,50,F,AK,CC,D
10:57:45,ICBP,RG,10175,1,F,AK,KZ,F
10:57:45,ICBP,RG,10175,2,F,AK,KZ,F
10:57:45,ICBP,RG,10175,1,F,AK,YP,D
10:57:45,ICBP,RG,10175,19,F,AK,PD,D
10:57:45,ICBP,RG,10150,8,F,BK,ZP,F
10:57:45,ICBP,RG,10175,23,F,AK,PD,D
10:57:45,ICBP,RG,10150,1,D,CS,ZP,F
10:57:45,ICBP,RG,10150,13,D,CS,ZP,F
10:57:45,ICBP,RG,10150,1,D,CS,ZP,F
10:57:45,ICBP,RG,10150,1,D,CS,ZP,F
10:57:45,ICBP,RG,10150,1,D,CS,ZP,F
10:57:45,ICBP,RG,10150,1,D,CS,ZP,F
10:57:45,ICBP,RG,10150,26,D,CS,KZ,F
10:57:45,ICBP,RG,10150,1,D,CS,KZ,F
10:57:45,ICBP,RG,10150,10,D,CS,PD,D
10:57:45,ICBP,RG,10150,5,D,CS,ZP,F
10:57:45,ICBP,RG,10150,1,D,CS,KZ,F
10:57:45,ICBP,RG,10150,11,D,CS,ZP,F
10:57:45,ICBP,RG,10150,13,D,CS,KZ,F
10:57:45,ICBP,RG,10150,250,D,CS,CC,D
10:57:45,ICBP,RG,10150,34,D,CS,ZP,F
10:57:45,ICBP,RG,10150,1,D,CS,KZ,F
10:57:45,ICBP,RG,10150,7,D,CS,KZ,F
10:57:45,ICBP,RG,10150,80,D,CS,CP,D
10:55:34,ICBP,RG,10100,1,D,KK,DX,D
10:50:39,ICBP,RG,10125,4,D,CS,ZP,F
10:50:38,ICBP,RG,10125,1,D,CS,PD,D
10:50:38,ICBP,RG,10125,37,D,CS,PD,D
10:50:38,ICBP,RG,10125,12,F,AK,PD,D
10:50:38,ICBP,RG,10125,1,F,ZP,PD,D
10:50:38,ICBP,RG,10125,1,F,AK,PD,D
10:50:38,ICBP,RG,10125,2,F,ZP,PD,D
10:50:38,ICBP,RG,10125,10,D,SQ,PD,D
10:50:38,ICBP,RG,10125,1,F,AK,PD,D
10:50:38,ICBP,RG,10125,2,F,AK,PD,D
10:50:38,ICBP,RG,10125,1,F,ZP,PD,D
10:50:38,ICBP,RG,10125,1,D,CS,PD,D
10:50:38,ICBP,RG,10125,1,D,PD,PD,D
10:48:49,ICBP,RG,10125,23,D,CS,ZP,F
10:48:48,ICBP,RG,10125,12,D,CS,ZP,F
10:48:48,ICBP,RG,10125,1,D,CS,ZP,F
10:48:48,ICBP,RG,10150,18,D,CS,CP,D
10:48:48,ICBP,RG,10125,17,D,CS,AG,D
10:48:48,ICBP,RG,10125,1,F,AK,AG,D
10:48:48,ICBP,RG,10125,16,D,CS,AG,D
10:48:48,ICBP,RG,10125,1,F,AK,AG,D
10:48:48,ICBP,RG,10125,10,F,ZP,AG,D
10:48:48,ICBP,RG,10125,1,D,CC,AG,D
10:48:48,ICBP,RG,10125,1,F,AK,AG,D
10:48:48,ICBP,RG,10125,3,F,AK,AG,D
10:47:47,ICBP,RG,10125,2,F,AK,NI,D
10:47:44,ICBP,RG,10125,2,F,AK,ZP,F
10:47:44,ICBP,RG,10125,2,F,ZP,ZP,F
10:47:44,ICBP,RG,10125,1,F,ZP,ZP,F
10:47:29,ICBP,RG,10125,1,F,ZP,ZP,F
10:47:29,ICBP,RG,10125,4,D,CS,ZP,F
10:47:00,ICBP,RG,10125,2,D,CS,CC,D
10:47:00,ICBP,RG,10125,3,F,AK,CC,D
10:46:32,ICBP,RG,10125,4,F,AK,ZP,F
10:45:59,ICBP,RG,10125,1,F,AK,KZ,F
10:45:59,ICBP,RG,10125,1,F,ZP,KZ,F
10:45:59,ICBP,RG,10150,1,F,AK,CP,D
10:45:59,ICBP,RG,10125,5,F,ZP,ZP,F
10:45:59,ICBP,RG,10125,1,F,AK,ZP,F
10:45:59,ICBP,RG,10125,4,D,PD,ZP,F
10:45:55,ICBP,RG,10125,1,D,PD,KZ,F
10:45:54,ICBP,RG,10150,1,F,AK,CP,D
10:45:54,ICBP,RG,10125,11,D,PD,ZP,F
10:45:07,ICBP,RG,10125,2,D,PD,YP,D
10:43:51,ICBP,RG,10125,1,D,PD,LG,D
10:42:17,ICBP,RG,10125,1,F,AK,PD,D
10:42:17,ICBP,RG,10125,1,D,PD,PD,D
10:42:17,ICBP,RG,10125,2,D,KK,PD,D
10:41:04,ICBP,RG,10125,1,D,KK,YP,D
10:40:37,ICBP,RG,10125,5,D,CS,ZP,F
10:40:07,ICBP,RG,10150,5,D,CS,ZP,F
10:40:06,ICBP,RG,10150,21,D,CS,CP,D
10:40:06,ICBP,RG,10150,21,F,CC,CP,D
10:40:06,ICBP,RG,10150,7,F,ZP,CP,D
10:40:06,ICBP,RG,10150,1,F,AK,CP,D
10:40:02,ICBP,RG,10150,1,D,CS,YP,D
10:40:01,ICBP,RG,10150,5,D,CS,ZP,F
10:40:01,ICBP,RG,10150,12,D,CS,ZP,F
10:40:01,ICBP,RG,10150,12,D,CS,ZP,F
10:40:01,ICBP,RG,10150,21,D,CS,CP,D
10:40:01,ICBP,RG,10150,1,F,AK,CP,D
10:40:01,ICBP,RG,10150,5,F,CC,CP,D
10:40:01,ICBP,RG,10150,10,F,ZP,CP,D
10:40:01,ICBP,RG,10150,7,F,ZP,CP,D
10:40:01,ICBP,RG,10150,10,F,ZP,CP,D
10:40:01,ICBP,RG,10150,1,D,NI,CP,D
10:40:01,ICBP,RG,10150,1,F,AK,CP,D
10:40:01,ICBP,RG,10150,1,F,AK,CP,D
10:40:01,ICBP,RG,10150,1,F,AK,CP,D
10:40:01,ICBP,RG,10150,1,F,AK,CP,D
10:40:01,ICBP,RG,10150,15,D,CS,CP,D
10:40:01,ICBP,RG,10150,26,F,ZP,CP,D
10:37:28,ICBP,RG,10150,1,F,ZP,PD,D
10:36:55,ICBP,RG,10175,2,F,AK,PD,D
10:36:54,ICBP,RG,10150,21,F,ZP,PD,D
10:36:28,ICBP,RG,10150,3,F,ZP,PD,D
10:34:48,ICBP,RG,10150,2,F,ZP,CC,D
10:34:44,ICBP,RG,10150,5,F,ZP,NI,D
10:34:09,ICBP,RG,10150,2,F,ZP,XL,D
10:31:41,ICBP,RG,10175,1,D,PD,PD,D
10:31:34,ICBP,RG,10175,5,F,AK,PD,D
10:31:34,ICBP,RG,10150,6,F,ZP,PD,D
10:31:15,ICBP,RG,10150,1,D,CS,KZ,F
10:31:15,ICBP,RG,10150,7,D,CS,CC,D
10:31:15,ICBP,RG,10150,7,D,CS,ZP,F
10:31:15,ICBP,RG,10150,1,D,CS,ZP,F
10:31:15,ICBP,RG,10150,1,D,CS,ZP,F
10:31:15,ICBP,RG,10150,1,D,CS,ZP,F
10:31:15,ICBP,RG,10150,1,D,CS,KZ,F
10:31:15,ICBP,RG,10150,1,D,CS,ZP,F
10:31:15,ICBP,RG,10150,3,D,CS,KZ,F
10:31:15,ICBP,RG,10150,1,D,CS,KZ,F
10:31:15,ICBP,RG,10150,1,D,CS,ZP,F
10:31:15,ICBP,RG,10150,50,D,CS,CC,D
10:29:25,ICBP,RG,10125,1,F,ZP,YP,D
10:29:25,ICBP,RG,10125,1,F,AK,YP,D
10:29:25,ICBP,RG,10125,1,F,ZP,YP,D
10:26:07,ICBP,RG,10125,3,F,ZP,XC,D
10:26:05,ICBP,RG,10150,1,D,NI,CC,D
10:24:13,ICBP,RG,10150,19,D,YP,CC,D
10:23:43,ICBP,RG,10150,2,D,CS,ZP,F
10:23:43,ICBP,RG,10150,14,F,AK,KZ,F
10:23:43,ICBP,RG,10150,3,F,AK,ZP,F
10:23:43,ICBP,RG,10150,1,F,AK,YP,D
10:23:43,ICBP,RG,10150,10,F,AK,YP,D
10:23:14,ICBP,RG,10125,7,F,AK,ZP,F
10:23:14,ICBP,RG,10125,1,F,AK,YP,D
10:23:14,ICBP,RG,10125,1,F,AK,KZ,F
10:23:14,ICBP,RG,10125,1,F,AK,YP,D
10:23:12,ICBP,RG,10100,11,F,AK,KZ,F
10:23:12,ICBP,RG,10100,2,F,AK,YP,D
10:23:12,ICBP,RG,10100,1,F,AK,KZ,F
10:23:12,ICBP,RG,10100,1,F,AK,ZP,F
10:23:10,ICBP,RG,10100,10,D,CS,ZP,F
10:23:10,ICBP,RG,10100,3,D,CS,ZP,F
10:23:10,ICBP,RG,10100,5,D,CS,YP,D
10:23:10,ICBP,RG,10100,7,D,CS,ZP,F
10:23:10,ICBP,RG,10100,12,D,CS,ZP,F
10:23:10,ICBP,RG,10100,2,D,CS,KZ,F
10:23:10,ICBP,RG,10100,16,D,CS,ZP,F
10:23:10,ICBP,RG,10100,7,D,CS,ZP,F
10:23:10,ICBP,RG,10100,5,D,CS,ZP,F
10:23:10,ICBP,RG,10100,36,D,CS,KZ,F
10:23:10,ICBP,RG,10100,1,D,CS,KZ,F
10:23:10,ICBP,RG,10100,1,D,CS,XC,D
10:23:10,ICBP,RG,10100,3,D,CS,KZ,F
10:23:10,ICBP,RG,10100,5,D,CS,ZP,F
10:23:10,ICBP,RG,10100,20,D,CS,YP,D
10:23:10,ICBP,RG,10100,10,D,CS,YB,D
10:23:10,ICBP,RG,10100,1,D,CS,YP,D
10:23:10,ICBP,RG,10100,6,D,CS,YP,D
10:23:02,ICBP,RG,10100,4,D,SQ,YP,D
10:23:02,ICBP,RG,10100,35,D,SQ,BK,F
10:22:23,ICBP,RG,10075,1,F,AK,DH,D
10:21:03,ICBP,RG,10075,5,F,AK,SQ,D
10:20:21,ICBP,RG,10075,2,F,AK,ZP,D
10:20:21,ICBP,RG,10075,5,F,ZP,ZP,D
10:20:21,ICBP,RG,10075,1,D,LS,ZP,D
10:20:21,ICBP,RG,10075,1,F,AK,ZP,D
10:20:21,ICBP,RG,10075,1,F,AK,ZP,D
10:18:02,ICBP,RG,10075,1,F,AK,PD,D
10:18:02,ICBP,RG,10075,2,F,ZP,PD,D
10:15:39,ICBP,RG,10075,22,F,BK,RF,D
10:15:39,ICBP,RG,10075,1,F,ZP,RF,D
10:15:39,ICBP,RG,10075,38,F,AK,RF,D
10:15:39,ICBP,RG,10075,6,D,CS,RF,D
10:15:28,ICBP,RG,10075,1,D,CS,XL,D
10:15:03,ICBP,RG,10075,14,F,AK,ZP,F
10:15:03,ICBP,RG,10075,2,D,CC,ZP,F
10:15:03,ICBP,RG,10075,1,D,CC,KZ,F
10:15:03,ICBP,RG,10075,5,D,CC,KZ,F
10:15:03,ICBP,RG,10075,1,D,CC,KZ,F
10:14:34,ICBP,RG,10075,30,F,BK,YP,D
10:14:34,ICBP,RG,10075,2,F,BK,KZ,F
10:14:34,ICBP,RG,10075,35,F,BK,ZP,F
10:14:34,ICBP,RG,10075,1,F,BK,KZ,F
10:14:34,ICBP,RG,10075,1,F,BK,KZ,F
10:14:34,ICBP,RG,10075,41,F,BK,KZ,F
10:14:34,ICBP,RG,10075,12,F,BK,ZP,F
10:14:34,ICBP,RG,10075,1,F,BK,ZP,F
10:14:34,ICBP,RG,10075,24,F,BK,KZ,F
10:14:34,ICBP,RG,10075,46,F,BK,KZ,F
10:14:21,ICBP,RG,10075,2,D,XC,KZ,F
10:14:00,ICBP,RG,10075,20,F,BK,KZ,F
10:14:00,ICBP,RG,10075,40,F,BK,KZ,F
10:14:00,ICBP,RG,10075,13,F,AK,KZ,F
10:14:00,ICBP,RG,10075,5,D,YB,KZ,F
10:13:56,ICBP,RG,10075,40,F,BK,KZ,F
10:13:56,ICBP,RG,10075,5,D,GR,KZ,F
10:13:56,ICBP,RG,10075,13,F,AK,KZ,F
10:13:56,ICBP,RG,10075,78,F,AK,KZ,F
10:13:56,ICBP,RG,10075,4,F,ZP,KZ,F
10:13:55,ICBP,RG,10075,24,D,CS,RF,D
10:13:55,ICBP,RG,10075,1,F,AK,RF,D
10:13:55,ICBP,RG,10075,19,F,AK,RF,D
10:13:55,ICBP,RG,10075,70,D,CC,RF,D
10:13:55,ICBP,RG,10075,1,F,CC,RF,D
10:13:55,ICBP,RG,10075,23,F,BK,RF,D
10:13:55,ICBP,RG,10075,18,F,ZP,RF,D
10:13:55,ICBP,RG,10075,9,F,AK,RF,D
10:13:55,ICBP,RG,10075,65,D,CS,RF,D
10:13:55,ICBP,RG,10075,2,D,KK,RF,D
10:13:55,ICBP,RG,10075,68,F,AK,RF,D
10:13:01,ICBP,RG,10075,14,F,AK,RF,D
10:13:01,ICBP,RG,10075,122,F,AK,RF,D
10:13:01,ICBP,RG,10075,1,F,AK,RF,D
10:13:01,ICBP,RG,10075,13,D,KK,RF,D
10:13:01,ICBP,RG,10075,3,F,ZP,RF,D
10:13:01,ICBP,RG,10075,3,D,XC,RF,D
10:13:01,ICBP,RG,10075,1,D,XC,RF,D
10:13:01,ICBP,RG,10075,1,F,AK,RF,D
10:13:01,ICBP,RG,10075,4,F,ZP,RF,D
10:13:01,ICBP,RG,10075,2,D,KK,RF,D
10:13:01,ICBP,RG,10075,3,F,ZP,RF,D
10:13:01,ICBP,RG,10075,5,D,AZ,RF,D
10:13:01,ICBP,RG,10075,5,F,ZP,RF,D
10:13:01,ICBP,RG,10075,23,F,BK,RF,D
10:12:57,ICBP,RG,10075,3,F,BK,PD,D
10:11:33,ICBP,RG,10075,174,F,BK,RF,D
10:11:33,ICBP,RG,10075,29,D,CS,RF,D
10:11:33,ICBP,RG,10075,13,F,AK,RF,D
10:11:33,ICBP,RG,10075,24,F,AK,RF,D
10:11:33,ICBP,RG,10075,51,F,AK,RF,D
10:11:33,ICBP,RG,10075,38,D,CS,RF,D
10:11:33,ICBP,RG,10075,1,F,CC,RF,D
10:11:33,ICBP,RG,10075,70,F,BK,RF,D
10:11:25,ICBP,RG,10075,1,F,BK,YP,D
10:07:00,ICBP,RG,10075,3,F,BK,YP,D
10:06:51,ICBP,RG,10100,52,F,AK,BK,F
10:06:51,ICBP,RG,10075,190,F,BK,RF,D
10:06:51,ICBP,RG,10075,1,D,YP,RF,D
10:06:51,ICBP,RG,10075,2,F,ZP,RF,D
10:06:51,ICBP,RG,10075,79,D,CS,RF,D
10:06:51,ICBP,RG,10075,68,F,AK,RF,D
10:06:51,ICBP,RG,10075,220,F,BK,RF,D
10:06:51,ICBP,RG,10075,115,F,AK,RF,D
10:06:51,ICBP,RG,10075,5,D,YB,RF,D
10:06:51,ICBP,RG,10075,20,D,CS,RF,D
10:06:48,ICBP,RG,10100,2,D,SQ,BK,F
10:06:20,ICBP,RG,10100,2,D,XC,BK,F
10:06:09,ICBP,RG,10100,1,D,XC,BK,F
10:05:57,ICBP,RG,10125,3,F,AK,AK,F
10:05:57,ICBP,RG,10125,17,F,AK,AK,F
10:05:57,ICBP,RG,10125,1,F,AK,KZ,F
10:05:57,ICBP,RG,10125,1,F,AK,KZ,F
10:05:57,ICBP,RG,10125,14,F,AK,KZ,F
10:05:57,ICBP,RG,10125,25,F,AK,KZ,F
10:05:57,ICBP,RG,10075,11,D,CS,RF,D
10:05:57,ICBP,RG,10075,220,F,BK,RF,D
10:05:57,ICBP,RG,10075,23,D,CS,RF,D
10:05:57,ICBP,RG,10075,1,F,CC,RF,D
10:05:57,ICBP,RG,10075,96,F,BK,RF,D
10:05:57,ICBP,RG,10075,2,D,DH,RF,D
10:05:57,ICBP,RG,10075,222,D,CS,RF,D
10:05:57,ICBP,RG,10075,25,D,YP,RF,D
10:05:46,ICBP,RG,10125,1,D,CS,KZ,F
10:05:46,ICBP,RG,10100,1,D,YP,KZ,F
10:05:46,ICBP,RG,10100,1,D,YP,KZ,F
10:05:44,ICBP,RG,10100,8,D,CS,KZ,F
10:05:44,ICBP,RG,10100,10,D,CS,KZ,F
10:05:44,ICBP,RG,10100,1,F,AK,KZ,F
10:05:44,ICBP,RG,10100,2,F,AK,KZ,F
10:05:44,ICBP,RG,10100,10,D,YP,KZ,F
10:05:29,ICBP,RG,10100,6,D,CS,KZ,F
10:05:29,ICBP,RG,10100,24,F,AK,KZ,F
10:05:28,ICBP,RG,10100,5,D,CS,KZ,F
10:05:28,ICBP,RG,10100,5,D,YB,KZ,F
10:05:18,ICBP,RG,10100,58,F,BK,KZ,F
10:05:18,ICBP,RG,10100,25,F,BK,KZ,F
10:05:17,ICBP,RG,10100,1,D,XC,KZ,F
10:05:13,ICBP,RG,10100,10,D,YP,KZ,F
10:05:06,ICBP,RG,10100,5,D,PD,KZ,F
10:05:05,ICBP,RG,10100,10,D,CS,KZ,F
10:05:05,ICBP,RG,10100,26,D,CS,KZ,F
10:05:05,ICBP,RG,10100,10,D,YP,KZ,F
10:05:03,ICBP,RG,10100,1,F,CC,KZ,F
10:05:03,ICBP,RG,10100,1,F,AK,KZ,F
10:05:03,ICBP,RG,10100,9,D,YP,KZ,F
10:05:03,ICBP,RG,10100,1,D,YP,PD,D
10:05:03,ICBP,RG,10100,1,F,AK,PD,D
10:05:03,ICBP,RG,10100,1,F,BK,PD,D
10:05:00,ICBP,RG,10125,1,D,XC,KZ,F
10:04:59,ICBP,RG,10100,221,F,BK,RF,D
10:04:59,ICBP,RG,10100,18,F,AK,RF,D
10:04:59,ICBP,RG,10100,6,D,CS,RF,D
10:04:59,ICBP,RG,10125,5,D,YP,RF,D
10:04:58,ICBP,RG,10125,1,D,CS,KZ,F
10:04:58,ICBP,RG,10125,1,D,YB,KZ,F
10:04:56,ICBP,RG,10125,2,F,BK,KZ,F
10:04:56,ICBP,RG,10125,3,F,BK,KZ,F
10:04:56,ICBP,RG,10125,30,F,BK,KZ,F
10:04:53,ICBP,RG,10125,7,D,YP,KZ,F
10:04:53,ICBP,RG,10125,3,D,YP,MK,D
10:04:49,ICBP,RG,10125,50,D,YP,MK,D
10:04:42,ICBP,RG,10125,10,D,YP,MK,D
10:04:37,ICBP,RG,10125,10,D,YP,MK,D
10:04:27,ICBP,RG,10125,1,D,XL,MK,D
10:04:24,ICBP,RG,10100,1,D,CS,KZ,F
10:04:24,ICBP,RG,10100,1,D,CS,KZ,F
10:04:24,ICBP,RG,10125,1,D,CS,MK,D
10:04:24,ICBP,RG,10100,1,D,CS,KZ,F
10:04:24,ICBP,RG,10100,10,D,YP,KZ,F
10:03:54,ICBP,RG,10075,2,F,BK,PD,D
10:03:37,ICBP,RG,10100,61,F,BK,KZ,F
10:03:37,ICBP,RG,10100,17,D,CS,KZ,F
10:03:37,ICBP,RG,10125,1,D,CS,MK,D
10:03:37,ICBP,RG,10100,1,D,CS,KZ,F
10:03:37,ICBP,RG,10100,34,D,CS,ZP,F
10:03:37,ICBP,RG,10100,1,D,CS,KZ,F
10:03:37,ICBP,RG,10100,28,D,CS,YP,D
10:03:37,ICBP,RG,10100,6,D,CS,ZP,F
10:03:37,ICBP,RG,10100,35,D,CS,KZ,F
10:03:37,ICBP,RG,10100,2,D,CS,KZ,F
10:03:37,ICBP,RG,10100,26,D,CS,KZ,F
10:03:20,ICBP,RG,10075,29,F,BK,KZ,F
10:03:20,ICBP,RG,10075,2,D,CS,KZ,F
10:03:20,ICBP,RG,10075,2,F,BK,KZ,F
10:03:20,ICBP,RG,10075,99,F,BK,ZP,F
10:03:20,ICBP,RG,10075,1,F,BK,KZ,F
10:03:20,ICBP,RG,10075,19,F,BK,ZP,F
10:03:20,ICBP,RG,10075,33,F,BK,KZ,F
10:03:19,ICBP,RG,10075,1,D,CC,KZ,F
10:03:19,ICBP,RG,10075,1,D,CC,KZ,F
10:03:13,ICBP,RG,10050,4,D,CC,CC,D
10:03:13,ICBP,RG,10050,2,D,LG,CC,D
10:03:13,ICBP,RG,10050,2,D,LG,PD,D
10:03:13,ICBP,RG,10050,1,D,YB,PD,D
10:03:13,ICBP,RG,10050,1,D,NI,XC,D
10:03:12,ICBP,RG,10075,1,D,CS,KZ,F
10:03:12,ICBP,RG,10075,1,D,CS,KZ,F
10:03:12,ICBP,RG,10075,50,D,CC,KZ,F
10:03:08,ICBP,RG,10100,1,D,CS,KZ,F
10:03:08,ICBP,RG,10075,2,D,CS,KZ,F
10:03:08,ICBP,RG,10075,1,F,BK,KZ,F
10:03:08,ICBP,RG,10075,4,F,BK,EP,D
10:03:08,ICBP,RG,10075,12,F,BK,ZP,F
10:03:08,ICBP,RG,10075,12,F,BK,ZP,F
10:03:08,ICBP,RG,10075,4,F,BK,PD,D
10:03:08,ICBP,RG,10075,4,F,BK,PD,D
10:03:08,ICBP,RG,10075,36,F,BK,KZ,F
10:03:04,ICBP,RG,10075,1,D,KK,KZ,F
10:03:04,ICBP,RG,10075,1,D,NI,KZ,F
10:03:04,ICBP,RG,10075,1,D,YB,KZ,F
10:03:04,ICBP,RG,10075,2,D,PD,KZ,F
10:03:04,ICBP,RG,10075,10,D,CC,KZ,F
10:03:04,ICBP,RG,10075,1,D,YP,KZ,F
10:03:04,ICBP,RG,10075,1,D,CC,KZ,F
10:03:04,ICBP,RG,10075,1,D,DR,KZ,F
10:02:57,ICBP,RG,10100,10,F,BK,KZ,F
10:02:57,ICBP,RG,10100,1,D,NI,KZ,F
10:02:57,ICBP,RG,10100,1,D,XC,KZ,F
10:02:57,ICBP,RG,10100,38,D,CC,KZ,F
10:02:56,ICBP,RG,10100,7,D,CC,KK,D
10:02:56,ICBP,RG,10100,4,D,CC,MK,D
10:02:56,ICBP,RG,10100,1,D,CC,YB,D
10:02:56,ICBP,RG,10100,150,D,CC,YP,D
10:02:56,ICBP,RG,10100,1,D,YB,YP,D
10:02:56,ICBP,RG,10100,26,D,GR,YP,D
10:02:56,ICBP,RG,10100,1,D,NI,YP,D
10:02:56,ICBP,RG,10100,1,D,YB,YP,D
10:02:56,ICBP,RG,10100,10,D,CC,YP,D
10:02:56,ICBP,RG,10100,10,D,YP,YP,D
10:02:56,ICBP,RG,10100,2,D,XC,YP,D
10:02:56,ICBP,RG,10100,1,D,YB,YP,D
10:02:56,ICBP,RG,10100,5,D,GR,YP,D
10:02:56,ICBP,RG,10100,4,D,YP,YP,D
10:02:56,ICBP,RG,10100,2,D,PD,YP,D
10:02:56,ICBP,RG,10100,1,D,XL,YP,D
10:02:56,ICBP,RG,10100,1,D,XL,YP,D
10:02:56,ICBP,RG,10100,1,D,XL,YP,D
10:02:56,ICBP,RG,10100,2,D,YB,YP,D
10:02:56,ICBP,RG,10125,4,D,YB,MK,D
10:02:56,ICBP,RG,10125,3,D,YB,YB,D
10:02:56,ICBP,RG,10125,1,D,PD,YB,D
10:02:56,ICBP,RG,10125,16,D,CS,YB,D
10:02:56,ICBP,RG,10125,10,D,CS,MK,D
10:02:56,ICBP,RG,10125,9,D,CS,PD,D
10:02:56,ICBP,RG,10125,1,D,CS,PD,D
10:02:56,ICBP,RG,10125,2,D,CS,PD,D
10:02:56,ICBP,RG,10125,45,F,AK,PD,D
10:02:56,ICBP,RG,10125,1,D,NI,PD,D
10:02:56,ICBP,RG,10125,2,F,ZP,PD,D
10:02:56,ICBP,RG,10125,1,D,CC,PD,D
10:02:56,ICBP,RG,10125,10,D,YP,PD,D
10:02:56,ICBP,RG,10125,10,D,DH,PD,D
10:02:56,ICBP,RG,10125,3,D,AI,PD,D
10:02:56,ICBP,RG,10125,2,D,XL,PD,D
10:02:56,ICBP,RG,10125,1,D,YP,PD,D
10:02:56,ICBP,RG,10125,19,D,YB,PD,D
10:02:56,ICBP,RG,10125,5,D,XL,PD,D
10:02:56,ICBP,RG,10125,6,D,XL,PD,D
10:02:56,ICBP,RG,10125,51,D,XL,PD,D
10:02:56,ICBP,RG,10125,8,D,LG,PD,D
10:02:56,ICBP,RG,10125,13,D,LG,PD,D
10:02:56,ICBP,RG,10125,53,D,LG,DR,D
10:02:56,ICBP,RG,10125,3,D,LG,CC,D
10:02:56,ICBP,RG,10125,2,D,YB,CC,D
10:02:25,ICBP,RG,10150,2,F,CC,KZ,F
10:02:24,ICBP,RG,10150,1,F,CC,ZP,F
10:02:24,ICBP,RG,10150,6,D,CS,KZ,F
10:02:24,ICBP,RG,10150,2,F,AK,ZP,F
10:02:24,ICBP,RG,10150,1,D,NI,ZP,F
10:02:24,ICBP,RG,10150,1,F,ZP,ZP,F
10:02:24,ICBP,RG,10150,1,D,YP,ZP,F
10:02:24,ICBP,RG,10150,5,D,YP,ZP,F
10:02:24,ICBP,RG,10150,1,D,PD,ZP,F
10:02:24,ICBP,RG,10150,1,D,XC,ZP,F
10:02:24,ICBP,RG,10150,1,D,PD,KZ,F
10:02:24,ICBP,RG,10150,5,D,GR,KZ,F
10:02:24,ICBP,RG,10150,1,D,XC,KZ,F
10:02:24,ICBP,RG,10150,7,D,CC,KZ,F
10:02:24,ICBP,RG,10150,1,D,CC,KZ,F
10:02:24,ICBP,RG,10150,5,D,YP,KZ,F
10:02:24,ICBP,RG,10150,9,D,XC,KZ,F
10:02:24,ICBP,RG,10150,1,D,YB,KZ,F
10:02:24,ICBP,RG,10150,1,D,PD,KZ,F
10:02:24,ICBP,RG,10150,16,F,ZP,KZ,F
10:02:24,ICBP,RG,10150,1,F,ZP,KZ,F
10:02:23,ICBP,RG,10175,67,D,CS,AK,F
10:02:23,ICBP,RG,10175,1,F,AK,AK,F
10:02:23,ICBP,RG,10175,1,F,AK,AK,F
10:02:23,ICBP,RG,10175,18,F,ZP,AK,F
10:02:23,ICBP,RG,10175,1,D,YP,AK,F
10:02:23,ICBP,RG,10175,8,D,DH,AK,F
10:02:23,ICBP,RG,10175,19,D,DH,KZ,F
10:02:23,ICBP,RG,10175,31,F,ZP,KZ,F
10:02:23,ICBP,RG,10175,18,D,CS,KZ,F
10:02:23,ICBP,RG,10175,3,F,ZP,KZ,F
10:02:23,ICBP,RG,10175,1,F,AK,KZ,F
10:02:23,ICBP,RG,10175,1,F,ZP,KZ,F
10:02:23,ICBP,RG,10175,5,D,CC,KZ,F
10:02:23,ICBP,RG,10175,1,F,AK,KZ,F
10:02:23,ICBP,RG,10175,2,F,ZP,KZ,F
10:02:23,ICBP,RG,10175,1,F,AK,KZ,F
10:02:23,ICBP,RG,10175,1,F,AK,KZ,F
10:02:23,ICBP,RG,10175,1,F,AK,KZ,F
10:02:23,ICBP,RG,10175,31,F,AK,KZ,F
10:02:23,ICBP,RG,10175,5,F,AK,KZ,F
10:02:23,ICBP,RG,10175,8,F,AK,ZP,F
10:02:21,ICBP,RG,10175,16,F,AK,ZP,F
10:02:03,ICBP,RG,10175,30,F,AK,YP,D
10:02:00,ICBP,RG,10200,2,F,ZP,NI,D
10:01:30,ICBP,RG,10200,2,F,ZP,NI,D
10:01:17,ICBP,RG,10200,1,D,XC,NI,D
10:01:05,ICBP,RG,10200,2,F,ZP,NI,D
10:00:58,ICBP,RG,10175,1,F,AK,PD,D
10:00:40,ICBP,RG,10200,2,F,ZP,NI,D
10:00:15,ICBP,RG,10200,3,F,ZP,NI,D
09:59:45,ICBP,RG,10200,2,F,ZP,NI,D
09:59:15,ICBP,RG,10200,2,F,ZP,NI,D
09:58:58,ICBP,RG,10175,22,F,AK,YU,D
09:58:45,ICBP,RG,10200,2,F,ZP,NI,D
09:58:33,ICBP,RG,10175,9,F,AK,PD,D
09:58:10,ICBP,RG,10200,2,F,ZP,NI,D
09:58:05,ICBP,RG,10200,1,F,AK,NI,D
09:57:40,ICBP,RG,10200,3,F,ZP,NI,D
09:57:34,ICBP,RG,10175,1,F,AK,XC,D
09:57:10,ICBP,RG,10200,2,F,ZP,NI,D
09:56:40,ICBP,RG,10200,2,F,ZP,NI,D
09:56:15,ICBP,RG,10200,1,F,AK,NI,D
09:56:10,ICBP,RG,10200,2,F,ZP,NI,D
09:56:09,ICBP,RG,10175,3,F,AK,KZ,F
09:56:09,ICBP,RG,10175,1,F,AK,KZ,F
09:56:09,ICBP,RG,10175,3,F,AK,KZ,F
09:56:09,ICBP,RG,10175,5,F,AK,YP,D
09:55:40,ICBP,RG,10200,2,F,ZP,NI,D
09:55:10,ICBP,RG,10200,2,F,ZP,NI,D
09:54:30,ICBP,RG,10200,2,F,ZP,NI,D
09:53:55,ICBP,RG,10200,2,F,ZP,NI,D
09:53:47,ICBP,RG,10200,2,D,XL,NI,D
09:53:45,ICBP,RG,10200,5,D,YP,NI,D
09:53:25,ICBP,RG,10200,3,F,ZP,NI,D
09:52:58,ICBP,RG,10200,1,D,PD,NI,D
09:52:55,ICBP,RG,10200,2,F,ZP,NI,D
09:52:30,ICBP,RG,10200,2,F,ZP,NI,D
09:52:02,ICBP,RG,10175,2,F,AK,AK,F
09:52:00,ICBP,RG,10200,2,F,ZP,NI,D
09:52:00,ICBP,RG,10200,1,F,AK,NI,D
09:51:25,ICBP,RG,10200,2,F,ZP,NI,D
09:50:50,ICBP,RG,10200,2,F,ZP,NI,D
09:50:15,ICBP,RG,10200,2,F,ZP,NI,D
09:50:06,ICBP,RG,10175,1,F,AK,NI,D
09:49:55,ICBP,RG,10200,3,D,XL,NI,D
09:49:45,ICBP,RG,10200,3,F,ZP,NI,D
09:49:20,ICBP,RG,10200,1,F,ZP,NI,D
09:48:46,ICBP,RG,10175,2,F,AK,KZ,F
09:48:45,ICBP,RG,10200,1,F,AK,NI,D
09:48:43,ICBP,RG,10175,1,F,AK,KZ,F
09:48:43,ICBP,RG,10175,1,F,AK,KZ,F
09:48:43,ICBP,RG,10175,1,F,AK,KZ,F
09:48:19,ICBP,RG,10200,7,D,XC,NI,D
09:48:19,ICBP,RG,10200,2,D,XC,KZ,F
09:48:19,ICBP,RG,10200,10,D,XC,ZP,F
09:48:19,ICBP,RG,10200,1,D,XC,ZP,F
09:48:19,ICBP,RG,10200,5,D,XC,ZP,F
09:48:15,ICBP,RG,10200,1,F,AK,ZP,F
09:46:49,ICBP,RG,10175,4,F,AK,CC,D
09:46:49,ICBP,RG,10175,6,F,ZP,CC,D
09:42:55,ICBP,RG,10175,1,F,ZP,KZ,F
09:42:55,ICBP,RG,10175,1,F,ZP,KZ,F
09:41:46,ICBP,RG,10200,3,D,BQ,ZP,F
09:41:02,ICBP,RG,10175,6,F,ZP,KZ,F
09:41:02,ICBP,RG,10175,25,F,ZP,XL,D
09:40:45,ICBP,RG,10200,1,D,YP,KZ,F
09:40:45,ICBP,RG,10200,2,F,ZP,KZ,F
09:40:45,ICBP,RG,10200,1,F,ZP,PD,D
09:40:20,ICBP,RG,10200,2,F,ZP,PD,D
09:39:55,ICBP,RG,10200,2,F,ZP,PD,D
09:39:30,ICBP,RG,10200,3,F,ZP,PD,D
09:39:05,ICBP,RG,10200,2,F,ZP,PD,D
09:38:35,ICBP,RG,10200,2,F,ZP,PD,D
09:38:05,ICBP,RG,10200,2,F,ZP,PD,D
09:37:30,ICBP,RG,10200,2,F,ZP,PD,D
09:37:00,ICBP,RG,10200,2,F,ZP,PD,D
09:36:40,ICBP,RG,10200,2,F,ZP,PD,D
09:36:20,ICBP,RG,10200,2,F,ZP,PD,D
09:36:00,ICBP,RG,10200,2,F,ZP,PD,D
09:35:30,ICBP,RG,10200,3,F,ZP,PD,D
09:35:00,ICBP,RG,10200,2,F,ZP,PD,D
09:34:35,ICBP,RG,10200,2,F,ZP,PD,D
09:34:25,ICBP,RG,10175,1,F,CC,PD,D
09:34:10,ICBP,RG,10200,2,F,ZP,PD,D
09:33:45,ICBP,RG,10200,2,F,ZP,PD,D
09:33:20,ICBP,RG,10200,2,F,ZP,PD,D
09:32:55,ICBP,RG,10200,3,F,ZP,PD,D
09:30:10,ICBP,RG,10150,9,F,AK,SQ,D
09:30:10,ICBP,RG,10150,1,F,CC,SQ,D
09:28:52,ICBP,RG,10175,7,F,AK,ZP,F
09:28:52,ICBP,RG,10175,4,F,AK,KZ,F
09:28:52,ICBP,RG,10175,26,F,AK,ZP,F
09:28:52,ICBP,RG,10175,17,F,AK,KZ,F
09:28:52,ICBP,RG,10175,5,F,AK,KZ,F
09:28:40,ICBP,RG,10175,1,D,YP,KZ,F
09:26:26,ICBP,RG,10150,2,F,AK,KZ,F
09:26:26,ICBP,RG,10150,44,F,AK,KZ,F
09:26:26,ICBP,RG,10150,12,F,AK,ZP,F
09:26:23,ICBP,RG,10150,3,F,AK,AK,F
09:26:23,ICBP,RG,10150,12,F,AK,ZP,F
09:26:23,ICBP,RG,10150,8,F,AK,KZ,F
09:26:23,ICBP,RG,10150,1,D,KK,KZ,F
09:26:23,ICBP,RG,10150,1,F,ZP,KZ,F
09:26:23,ICBP,RG,10150,4,F,ZP,NI,D
09:26:23,ICBP,RG,10150,10,D,PD,NI,D
09:26:23,ICBP,RG,10150,3,D,XC,NI,D
09:26:23,ICBP,RG,10150,1,D,YP,NI,D
09:26:23,ICBP,RG,10150,3,D,CC,NI,D
09:26:10,ICBP,RG,10175,1,D,PD,KZ,F
09:25:34,ICBP,RG,10150,1,D,YP,KZ,F
09:25:34,ICBP,RG,10150,1,D,PD,KZ,F
09:25:34,ICBP,RG,10150,7,D,PD,KZ,F
09:25:05,ICBP,RG,10150,1,D,CC,KZ,F
09:25:05,ICBP,RG,10175,1,D,KK,KZ,F
09:24:47,ICBP,RG,10150,4,D,CC,KZ,F
09:24:47,ICBP,RG,10150,4,D,GR,KZ,F
09:24:46,ICBP,RG,10175,2,F,ZP,KZ,F
09:24:46,ICBP,RG,10175,1,D,YP,KZ,F
09:24:46,ICBP,RG,10175,5,F,ZP,KZ,F
09:24:46,ICBP,RG,10175,1,F,ZP,KZ,F
09:24:46,ICBP,RG,10175,1,F,ZP,KZ,F
09:24:46,ICBP,RG,10175,1,F,ZP,KZ,F
09:24:45,ICBP,RG,10200,1,F,AK,PD,D
09:24:45,ICBP,RG,10200,1,F,AK,PD,D
09:24:45,ICBP,RG,10200,1,F,AK,PD,D
09:24:44,ICBP,RG,10200,1,D,XC,PD,D
09:24:44,ICBP,RG,10200,11,F,ZP,PD,D
09:24:44,ICBP,RG,10200,3,F,ZP,PD,D
09:24:44,ICBP,RG,10200,1,F,ZP,PD,D
09:24:44,ICBP,RG,10200,2,D,DH,PD,D
09:24:44,ICBP,RG,10200,2,F,ZP,PD,D
09:24:44,ICBP,RG,10200,1,F,AK,PD,D
09:24:44,ICBP,RG,10200,1,F,AK,PD,D
09:24:44,ICBP,RG,10200,1,F,AK,PD,D
09:24:44,ICBP,RG,10200,1,F,AK,PD,D
09:24:44,ICBP,RG,10200,1,F,AK,PD,D
09:24:44,ICBP,RG,10200,2,F,ZP,PD,D
09:23:36,ICBP,RG,10200,2,F,ZP,KZ,F
09:23:36,ICBP,RG,10200,5,F,ZP,AZ,D
09:23:12,ICBP,RG,10200,5,F,ZP,KZ,F
09:23:12,ICBP,RG,10200,9,F,ZP,ZP,F
09:22:56,ICBP,RG,10200,1,F,ZP,KZ,F
09:22:56,ICBP,RG,10200,5,F,ZP,ZP,F
09:22:56,ICBP,RG,10200,4,F,AK,ZP,F
09:22:40,ICBP,RG,10200,1,F,AK,KZ,F
09:22:40,ICBP,RG,10225,2,F,ZP,KZ,F
09:22:27,ICBP,RG,10200,31,F,AK,KZ,F
09:22:27,ICBP,RG,10200,24,F,AK,YP,D
09:22:20,ICBP,RG,10225,2,F,ZP,KZ,F
09:22:00,ICBP,RG,10225,2,F,ZP,KZ,F
09:21:40,ICBP,RG,10225,2,F,ZP,KZ,F
09:21:20,ICBP,RG,10225,2,F,ZP,KZ,F
09:21:00,ICBP,RG,10225,2,F,ZP,KZ,F
09:20:40,ICBP,RG,10225,2,F,ZP,KZ,F
09:20:20,ICBP,RG,10225,2,F,ZP,KZ,F
09:20:00,ICBP,RG,10225,2,F,ZP,KZ,F
09:19:35,ICBP,RG,10225,3,F,ZP,KZ,F
09:19:13,ICBP,RG,10200,3,F,AK,AK,F
09:19:13,ICBP,RG,10200,9,F,AK,AK,F
09:19:13,ICBP,RG,10225,7,D,PD,KZ,F
09:19:13,ICBP,RG,10225,5,D,PD,OD,D
09:19:13,ICBP,RG,10225,10,D,PD,SQ,D
09:19:13,ICBP,RG,10225,1,D,PD,KZ,F
09:19:13,ICBP,RG,10225,1,D,PD,PD,D
09:19:13,ICBP,RG,10225,3,D,PD,KZ,F
09:19:13,ICBP,RG,10225,70,D,PD,CC,D
09:19:13,ICBP,RG,10225,3,D,PD,YP,D
09:19:08,ICBP,RG,10200,2,F,AK,AK,F
09:19:07,ICBP,RG,10225,1,F,ZP,KZ,F
09:19:07,ICBP,RG,10225,1,F,ZP,PD,D
09:18:45,ICBP,RG,10225,2,F,ZP,PD,D
09:18:05,ICBP,RG,10200,1,D,XC,AK,F
09:15:54,ICBP,RG,10200,10,F,AK,HP,D
09:15:54,ICBP,RG,10200,6,F,AK,ZP,F
09:15:54,ICBP,RG,10200,1,F,AK,KZ,F
09:15:54,ICBP,RG,10200,2,F,AK,YP,D
09:15:54,ICBP,RG,10200,1,F,AK,KK,D
09:15:54,ICBP,RG,10200,1,F,AK,KZ,F
09:15:54,ICBP,RG,10200,13,F,AK,KZ,F
09:15:54,ICBP,RG,10200,12,F,AK,KZ,F
09:15:29,ICBP,RG,10200,1,D,KK,PD,D
09:15:29,ICBP,RG,10200,9,D,KK,AZ,D
09:13:57,ICBP,RG,10175,1,F,ZP,KZ,F
09:13:57,ICBP,RG,10175,1,F,ZP,KZ,F
09:13:56,ICBP,RG,10175,24,F,ZP,KZ,F
09:13:56,ICBP,RG,10175,1,D,YP,KZ,F
09:13:50,ICBP,RG,10200,1,F,ZP,AZ,D
09:13:50,ICBP,RG,10200,1,F,ZP,KZ,F
09:13:41,ICBP,RG,10175,12,F,AK,KZ,F
09:13:41,ICBP,RG,10175,1,F,AK,KZ,F
09:13:41,ICBP,RG,10175,1,F,AK,KZ,F
09:13:41,ICBP,RG,10175,9,F,AK,ZP,F
09:13:41,ICBP,RG,10175,1,F,AK,KZ,F
09:13:41,ICBP,RG,10175,1,F,AK,KZ,F
09:13:41,ICBP,RG,10175,1,F,AK,ZP,F
09:13:41,ICBP,RG,10175,13,F,AK,ZP,F
09:13:41,ICBP,RG,10175,9,F,AK,KZ,F
09:13:36,ICBP,RG,10175,5,D,CC,KZ,F
09:13:25,ICBP,RG,10175,2,F,ZP,KZ,F
09:13:25,ICBP,RG,10175,1,D,YP,KZ,F
09:13:00,ICBP,RG,10175,2,F,ZP,KZ,F
09:12:40,ICBP,RG,10175,3,F,ZP,YP,D
09:12:09,ICBP,RG,10150,1,D,GR,XA,D
09:12:09,ICBP,RG,10150,1,D,YB,XA,D
09:12:09,ICBP,RG,10150,9,D,YP,XA,D
09:12:02,ICBP,RG,10150,1,D,YP,SQ,D
09:12:02,ICBP,RG,10150,6,F,ZP,SQ,D
09:11:20,ICBP,RG,10175,1,F,AK,KZ,F
09:11:20,ICBP,RG,10175,1,F,AK,KZ,F
09:11:20,ICBP,RG,10175,20,F,AK,YP,D
09:11:20,ICBP,RG,10175,11,F,AK,ZP,F
09:11:20,ICBP,RG,10175,1,F,AK,KZ,F
09:11:20,ICBP,RG,10175,1,F,AK,KZ,F
09:11:20,ICBP,RG,10175,12,F,AK,KZ,F
09:11:20,ICBP,RG,10175,1,F,AK,KZ,F
09:11:20,ICBP,RG,10175,6,F,AK,YB,D
09:11:06,ICBP,RG,10175,1,D,OD,YB,D
09:10:15,ICBP,RG,10175,1,D,ZP,YB,D
09:10:15,ICBP,RG,10175,4,D,ZP,KZ,F
09:10:12,ICBP,RG,10175,1,D,KK,KZ,F
09:08:53,ICBP,RG,10175,25,F,ZP,KZ,F
09:08:53,ICBP,RG,10175,4,D,CC,KZ,F
09:08:19,ICBP,RG,10175,2,F,AK,PD,D
09:08:19,ICBP,RG,10175,7,F,AK,YP,D
09:08:19,ICBP,RG,10175,1,F,AK,KZ,F
09:08:19,ICBP,RG,10175,2,F,AK,KZ,F
09:08:19,ICBP,RG,10175,6,F,AK,ZP,F
09:08:19,ICBP,RG,10175,1,F,AK,KZ,F
09:08:19,ICBP,RG,10175,23,F,AK,ZP,F
09:08:19,ICBP,RG,10175,1,F,AK,KZ,F
09:08:19,ICBP,RG,10175,1,F,AK,KZ,F
09:08:19,ICBP,RG,10175,1,F,AK,KZ,F
09:08:19,ICBP,RG,10175,24,F,AK,KZ,F
09:08:19,ICBP,RG,10175,12,F,AK,ZP,F
09:08:19,ICBP,RG,10175,13,F,AK,PD,D
09:08:15,ICBP,RG,10175,8,D,YP,PD,D
09:07:27,ICBP,RG,10175,1,D,XC,PD,D
09:06:51,ICBP,RG,10175,4,D,NI,PD,D
09:05:49,ICBP,RG,10175,4,F,ZP,PD,D
09:05:49,ICBP,RG,10175,1,F,ZP,PD,D
09:05:49,ICBP,RG,10175,1,F,ZP,PD,D
09:05:49,ICBP,RG,10175,1,D,YP,PD,D
09:05:49,ICBP,RG,10175,1,F,AK,PD,D
09:05:49,ICBP,RG,10175,2,D,CC,PD,D
09:05:49,ICBP,RG,10175,1,F,ZP,PD,D
09:05:49,ICBP,RG,10175,1,F,AK,PD,D
09:05:49,ICBP,RG,10175,22,F,AK,PD,D
09:05:49,ICBP,RG,10175,20,F,ZP,PD,D
09:05:43,ICBP,RG,10200,2,D,CC,ZP,F
09:05:43,ICBP,RG,10200,3,D,CC,KZ,F
09:05:35,ICBP,RG,10200,2,F,ZP,KZ,F
09:05:15,ICBP,RG,10200,3,F,ZP,KZ,F
09:05:00,ICBP,RG,10200,3,F,ZP,KZ,F
09:04:38,ICBP,RG,10200,3,F,ZP,KZ,F
09:04:20,ICBP,RG,10200,1,F,ZP,KZ,F
09:04:20,ICBP,RG,10200,1,F,ZP,KZ,F
09:04:20,ICBP,RG,10200,2,F,ZP,KZ,F
09:04:05,ICBP,RG,10200,2,F,ZP,KZ,F
09:04:05,ICBP,RG,10200,1,F,ZP,XL,D
09:03:45,ICBP,RG,10200,2,F,ZP,XL,D
09:03:25,ICBP,RG,10200,1,F,ZP,XL,D
09:03:25,ICBP,RG,10200,2,F,ZP,PD,D
09:03:05,ICBP,RG,10200,3,F,ZP,PD,D
09:03:05,ICBP,RG,10200,1,F,ZP,YB,D
09:02:58,ICBP,RG,10175,3,F,AK,KZ,F
09:02:58,ICBP,RG,10175,2,F,AK,KZ,F
09:02:58,ICBP,RG,10175,3,F,AK,PD,D
09:02:58,ICBP,RG,10175,2,F,AK,DR,D
09:02:45,ICBP,RG,10150,2,F,BK,XL,D
09:02:43,ICBP,RG,10150,2,F,BK,KZ,F
09:02:43,ICBP,RG,10150,1,F,BK,ZP,F
09:02:43,ICBP,RG,10150,10,F,BK,ZP,F
09:02:43,ICBP,RG,10150,1,F,BK,KZ,F
09:02:43,ICBP,RG,10150,1,F,BK,KZ,F
09:02:43,ICBP,RG,10150,1,F,BK,NI,D
09:02:43,ICBP,RG,10150,1,F,BK,KZ,F
09:02:43,ICBP,RG,10150,1,F,BK,XC,D
09:02:43,ICBP,RG,10150,48,F,BK,KZ,F
09:02:43,ICBP,RG,10150,5,F,BK,KZ,F
09:02:43,ICBP,RG,10150,8,F,BK,ZP,F
09:02:43,ICBP,RG,10150,4,F,ZP,ZP,F
09:02:43,ICBP,RG,10150,4,D,CC,ZP,F
09:02:43,ICBP,RG,10150,13,D,CC,ZP,F
09:02:43,ICBP,RG,10150,13,D,CC,YP,D
09:02:25,ICBP,RG,10150,3,F,ZP,YP,D
09:02:15,ICBP,RG,10150,4,F,AK,YP,D
09:02:15,ICBP,RG,10150,1,F,AK,XL,D
09:02:15,ICBP,RG,10150,3,F,AK,CC,D
09:02:15,ICBP,RG,10150,5,F,AK,YP,D
09:02:15,ICBP,RG,10150,2,F,AK,OD,D
09:02:15,ICBP,RG,10150,25,F,AK,YP,D
09:02:05,ICBP,RG,10150,4,F,ZP,YP,D
09:01:49,ICBP,RG,10150,1,D,AH,YP,D
09:01:46,ICBP,RG,10150,5,F,AG,YP,D
09:01:45,ICBP,RG,10150,4,F,ZP,YP,D
09:01:25,ICBP,RG,10150,5,F,ZP,YP,D
09:01:15,ICBP,RG,10150,2,F,AK,YP,D
09:01:15,ICBP,RG,10150,4,F,AK,YP,D
09:01:05,ICBP,RG,10150,7,F,ZP,YP,D
09:00:45,ICBP,RG,10150,1,D,CC,YP,D
09:00:45,ICBP,RG,10150,9,F,ZP,YP,D
08:59:00,ICBP,RG,10150,10,D,YB,YP,D
08:59:00,ICBP,RG,10150,1,D,XL,YP,D
08:59:00,ICBP,RG,10150,1,D,XL,YP,D
08:59:00,ICBP,RG,10150,42,D,YP,YP,D
08:59:00,ICBP,RG,10150,18,D,YP,YP,D
08:59:00,ICBP,RG,10150,2,D,YP,CC,D
08:59:00,ICBP,RG,10150,1,D,YP,PD,D
08:59:00,ICBP,RG,10150,7,D,YP,PD,D
08:59:00,ICBP,RG,10150,2,D,YP,CC,D
08:59:00,ICBP,RG,10150,1,D,YP,CC,D
08:59:00,ICBP,RG,10150,1,D,YP,CC,D
08:59:00,ICBP,RG,10150,1,D,YP,XC,D
08:59:00,ICBP,RG,10150,1,D,YP,YB,D
08:59:00,ICBP,RG,10150,1,D,YP,KZ,F
08:59:00,ICBP,RG,10150,3,D,YP,KZ,F
08:59:00,ICBP,RG,10150,3,D,YP,KZ,F
08:59:00,ICBP,RG,10150,1,D,YP,KZ,F
08:59:00,ICBP,RG,10150,1,D,YP,KZ,F
08:59:00,ICBP,RG,10150,5,D,YB,KZ,F
08:59:00,ICBP,RG,10150,1,D,KK,KZ,F
08:59:00,ICBP,RG,10150,10,D,NI,KZ,F
08:59:00,ICBP,RG,10150,1,D,XL,KZ,F
08:59:00,ICBP,RG,10150,1,D,PD,KZ,F
08:59:00,ICBP,RG,10150,8,F,NI,KZ,F
08:59:00,ICBP,RG,10150,15,D,CC,KZ,F
08:59:00,ICBP,RG,10150,7,F,AG,KZ,F
08:59:00,ICBP,RG,10150,1,F,AG,ZP,F
08:59:00,ICBP,RG,10150,1,F,AG,ZP,F
08:59:00,ICBP,RG,10150,1,F,AG,ZP,F
08:59:00,ICBP,RG,10150,8,F,AG,ZP,F
08:59:00,ICBP,RG,10150,5,F,AG,ZP,F
08:59:00,ICBP,RG,10150,1,F,AG,KZ,F
08:59:00,ICBP,RG,10150,1,F,AG,KZ,F
08:59:00,ICBP,RG,10150,1,F,AG,KZ,F
08:59:00,ICBP,RG,10150,8,F,ZP,KZ,F
08:59:00,ICBP,RG,10150,1,F,AK,KZ,F
08:59:00,ICBP,RG,10150,1,F,AK,KZ,F
08:59:00,ICBP,RG,10150,1,F,ZP,KZ,F
