Time,Stock,Brd,Price,Qty,BT,BC,SC,ST
15:14:47,ICBP,RG,8300,1,D,NI,AZ,D
15:14:18,ICBP,RG,8300,1,D,CC,AZ,D
15:12:49,ICBP,RG,8300,55,D,LG,AZ,D
15:12:44,ICBP,RG,8300,5,D,XC,AZ,D
15:12:44,ICBP,RG,8300,9,D,XC,YP,D
15:11:48,ICBP,RG,8300,1,D,XC,YP,D
15:11:48,ICBP,RG,8300,8,D,XC,SQ,D
15:11:39,ICBP,RG,8300,2,D,XC,SQ,D
15:11:39,ICBP,RG,8300,2,D,XC,YP,D
15:11:39,ICBP,RG,8300,2,D,XC,YP,D
15:11:07,ICBP,RG,8300,5,D,PD,YP,D
15:11:07,ICBP,RG,8300,2,D,KK,YP,D
15:10:55,ICBP,RG,8300,2,D,PD,YP,D
15:10:53,ICBP,RG,8300,10,D,KK,YP,D
15:10:08,ICBP,RG,8300,50,D,DR,YP,D
15:09:24,ICBP,RG,8300,6,D,XC,YP,D
15:07:24,ICBP,RG,8300,5,D,GR,YP,D
15:07:22,ICBP,RG,8300,2,D,PD,YP,D
15:07:13,ICBP,RG,8300,5,D,PD,YP,D
15:07:00,ICBP,RG,8300,30,D,PD,YP,D
15:06:59,ICBP,RG,8300,12,D,PD,YP,D
15:06:59,ICBP,RG,8300,10,D,EP,YP,D
15:06:56,ICBP,RG,8300,1,D,CC,YP,D
15:06:53,ICBP,RG,8300,1,D,YP,YP,D
15:06:38,ICBP,RG,8300,1,D,NI,YP,D
15:06:17,ICBP,RG,8300,1,D,YP,YP,D
15:05:43,ICBP,RG,8300,20,D,YB,YP,D
15:05:38,ICBP,RG,8300,100,D,NI,YP,D
15:05:13,ICBP,RG,8300,42,D,YP,YP,D
15:04:48,ICBP,RG,8300,2,D,EP,YP,D
15:04:44,ICBP,RG,8300,10,D,AZ,YP,D
15:04:32,ICBP,RG,8300,1,D,XC,YP,D
15:04:26,ICBP,RG,8300,1,D,LG,YP,D
15:04:25,ICBP,RG,8300,10,D,CC,YP,D
15:04:21,ICBP,RG,8300,5,D,BQ,YP,D
15:04:20,ICBP,RG,8300,10,D,XC,YP,D
15:04:17,ICBP,RG,8300,2,D,CC,YP,D
15:04:04,ICBP,RG,8300,10,D,YP,YP,D
15:03:52,ICBP,RG,8300,135,D,DH,YP,D
15:03:43,ICBP,RG,8300,3,D,PD,YP,D
15:03:12,ICBP,RG,8300,250,D,XC,YP,D
15:02:57,ICBP,RG,8300,1,D,YP,YP,D
15:02:44,ICBP,RG,8300,5,D,CC,YP,D
15:02:26,ICBP,RG,8300,5,D,NI,YP,D
15:02:03,ICBP,RG,8300,30,D,YU,YP,D
15:01:48,ICBP,RG,8300,20,D,YB,YP,D
15:01:38,ICBP,RG,8300,9,D,CC,YP,D
15:01:37,ICBP,RG,8300,3,D,CC,YP,D
15:01:27,ICBP,RG,8300,1,D,AZ,YP,D
15:01:25,ICBP,RG,8300,2,D,NI,YP,D
15:01:24,ICBP,RG,8300,73,D,BB,YP,D
15:01:07,ICBP,RG,8300,10,D,XC,YP,D
15:01:00,ICBP,RG,8300,1,D,XC,YP,D
15:01:00,ICBP,RG,8300,1,D,PD,YP,D
15:01:00,ICBP,RG,8300,20,D,YB,YP,D
15:00:00,ICBP,RG,8300,5,D,YP,YP,D
15:00:00,ICBP,RG,8300,1,D,YP,YP,D
15:00:00,ICBP,RG,8300,2,D,YP,YP,D
15:00:00,ICBP,RG,8300,1,D,YP,YP,D
15:00:00,ICBP,RG,8300,1,D,YP,YP,D
15:00:00,ICBP,RG,8300,3,D,PD,YP,D
15:00:00,ICBP,RG,8300,4,D,CC,YP,D
15:00:00,ICBP,RG,8300,1,D,AZ,YP,D
15:00:00,ICBP,RG,8300,1,D,NI,YP,D
15:00:00,ICBP,RG,8300,5,D,CC,YP,D
15:00:00,ICBP,RG,8300,3,D,NI,YP,D
15:00:00,ICBP,RG,8300,10,D,YP,YP,D
15:00:00,ICBP,RG,8300,2,D,XC,YP,D
15:00:00,ICBP,RG,8300,3,D,AZ,YP,D
15:00:00,ICBP,RG,8300,10,D,PD,YP,D
15:00:00,ICBP,RG,8300,1,D,DH,YP,D
15:00:00,ICBP,RG,8300,5,D,DR,YP,D
15:00:00,ICBP,RG,8300,4,D,YP,YP,D
15:00:00,ICBP,RG,8300,1,D,DR,YP,D
15:00:00,ICBP,RG,8300,1,D,XC,YP,D
15:00:00,ICBP,RG,8300,3,D,PD,YP,D
15:00:00,ICBP,RG,8300,30,D,OD,YP,D
15:00:00,ICBP,RG,8300,2,D,YP,YP,D
15:00:00,ICBP,RG,8300,10,D,SQ,YP,D
15:00:00,ICBP,RG,8300,1,D,XC,YP,D
15:00:00,ICBP,RG,8300,14,D,CC,YP,D
15:00:00,ICBP,RG,8300,1,D,AZ,YP,D
15:00:00,ICBP,RG,8300,15,D,SQ,YP,D
15:00:00,ICBP,RG,8300,70,D,TF,YP,D
15:00:00,ICBP,RG,8300,10,D,XA,YP,D
15:00:00,ICBP,RG,8300,1,D,YP,YP,D
15:00:00,ICBP,RG,8300,4,D,XA,YP,D
15:00:00,ICBP,RG,8300,6,D,PD,YP,D
15:00:00,ICBP,RG,8300,3,D,YP,YP,D
15:00:00,ICBP,RG,8300,1,D,SQ,YP,D
15:00:00,ICBP,RG,8300,1,D,NI,YP,D
15:00:00,ICBP,RG,8300,5,D,CP,YP,D
15:00:00,ICBP,RG,8300,109,D,AK,YP,D
15:00:00,ICBP,RG,8300,13,D,AK,DH,D
15:00:00,ICBP,RG,8300,20,D,AK,CC,D
15:00:00,ICBP,RG,8300,1,D,AK,PD,D
15:00:00,ICBP,RG,8300,7,D,AK,CC,D
15:00:00,ICBP,RG,8300,8,D,AK,YP,D
15:00:00,ICBP,RG,8300,20,D,AK,KK,D
15:00:00,ICBP,RG,8300,6,D,AK,XC,D
15:00:00,ICBP,RG,8300,20,D,AK,KK,D
15:00:00,ICBP,RG,8300,200,D,AK,CP,D
15:00:00,ICBP,RG,8300,5,D,AK,NI,D
15:00:00,ICBP,RG,8300,2,D,AK,NI,D
15:00:00,ICBP,RG,8300,1,D,AK,OD,D
15:00:00,ICBP,RG,8300,5,D,AK,PD,D
15:00:00,ICBP,RG,8300,2,D,AK,KK,D
15:00:00,ICBP,RG,8300,7,D,AK,AI,D
15:00:00,ICBP,RG,8300,95,D,AK,AI,D
15:00:00,ICBP,RG,8300,2,D,AK,PD,D
15:00:00,ICBP,RG,8300,150,D,AK,YP,D
15:00:00,ICBP,RG,8300,1470,D,AK,TP,D
15:00:00,ICBP,RG,8300,2,D,AK,YP,D
15:00:00,ICBP,RG,8300,1,D,AK,YP,D
15:00:00,ICBP,RG,8300,5,D,AK,KK,D
15:00:00,ICBP,RG,8300,50,D,AK,GR,D
15:00:00,ICBP,RG,8300,154,D,AK,NI,D
15:00:00,ICBP,RG,8300,2,D,AZ,NI,D
15:00:00,ICBP,RG,8300,1,D,YP,NI,D
15:00:00,ICBP,RG,8300,2,D,PD,NI,D
15:00:00,ICBP,RG,8300,1,D,EP,NI,D
15:00:00,ICBP,RG,8300,1,D,PD,NI,D
15:00:00,ICBP,RG,8300,2,D,YP,NI,D
15:00:00,ICBP,RG,8300,1,D,PD,NI,D
15:00:00,ICBP,RG,8300,10,D,CC,NI,D
15:00:00,ICBP,RG,8300,2,D,YP,NI,D
15:00:00,ICBP,RG,8300,2,D,AZ,NI,D
15:00:00,ICBP,RG,8300,1,D,OD,NI,D
15:00:00,ICBP,RG,8300,1,D,YP,NI,D
15:00:00,ICBP,RG,8300,15,D,YP,NI,D
15:00:00,ICBP,RG,8300,1,D,YP,NI,D
15:00:00,ICBP,RG,8300,1,D,DH,NI,D
15:00:00,ICBP,RG,8300,25,D,YP,NI,D
15:00:00,ICBP,RG,8300,1,D,YP,NI,D
15:00:00,ICBP,RG,8300,1,D,YP,NI,D
15:00:00,ICBP,RG,8300,10,D,NI,NI,D
15:00:00,ICBP,RG,8300,4,D,YP,NI,D
15:00:00,ICBP,RG,8300,5,D,YP,NI,D
15:00:00,ICBP,RG,8300,1,D,YP,NI,D
15:00:00,ICBP,RG,8300,1,D,DR,NI,D
15:00:00,ICBP,RG,8300,24,D,CC,NI,D
15:00:00,ICBP,RG,8300,10,D,AT,NI,D
15:00:00,ICBP,RG,8300,1,D,KK,NI,D
15:00:00,ICBP,RG,8300,30,D,YB,NI,D
15:00:00,ICBP,RG,8300,1,D,PD,NI,D
15:00:00,ICBP,RG,8300,1,D,KK,NI,D
15:00:00,ICBP,RG,8300,1,D,EP,NI,D
15:00:00,ICBP,RG,8300,3,D,DR,NI,D
15:00:00,ICBP,RG,8300,2,D,GR,NI,D
15:00:00,ICBP,RG,8300,520,F,YU,NI,D
15:00:00,ICBP,RG,8300,1,D,CC,NI,D
15:00:00,ICBP,RG,8300,60,D,SQ,NI,D
15:00:00,ICBP,RG,8300,1,D,XC,NI,D
15:00:00,ICBP,RG,8300,12,D,AZ,NI,D
15:00:00,ICBP,RG,8300,6,D,YP,NI,D
15:00:00,ICBP,RG,8300,1,D,OD,NI,D
15:00:00,ICBP,RG,8300,1,D,PD,NI,D
15:00:00,ICBP,RG,8300,4,D,NI,NI,D
15:00:00,ICBP,RG,8300,1,D,YP,NI,D
15:00:00,ICBP,RG,8300,1,D,BQ,NI,D
15:00:00,ICBP,RG,8300,3,D,CC,NI,D
15:00:00,ICBP,RG,8300,60,D,AZ,NI,D
15:00:00,ICBP,RG,8300,2,D,OD,NI,D
15:00:00,ICBP,RG,8300,1,D,XL,NI,D
15:00:00,ICBP,RG,8300,8,D,CC,NI,D
15:00:00,ICBP,RG,8300,1,D,CC,YP,D
15:00:00,ICBP,RG,8300,91,D,CC,YP,D
15:00:00,ICBP,RG,8300,9,F,ZP,YP,D
15:00:00,ICBP,RG,8300,5,F,ZP,SQ,D
15:00:00,ICBP,RG,8300,283,F,ZP,ZP,F
15:00:00,ICBP,RG,8300,28,F,AK,ZP,F
15:00:00,ICBP,RG,8300,510,F,AK,ZP,F
15:00:00,ICBP,RG,8300,1,F,AK,YP,D
15:00:00,ICBP,RG,8300,105,F,AK,YU,F
15:00:00,ICBP,RG,8300,48,F,AK,YU,F
15:00:00,ICBP,RG,8300,1157,D,BB,YU,F
15:00:00,ICBP,RG,8300,64,D,BB,ZP,F
15:00:00,ICBP,RG,8300,1,D,BB,YP,D
15:00:00,ICBP,RG,8300,400,D,BB,BK,F
15:00:00,ICBP,RG,8300,948,D,BB,YU,F
15:00:00,ICBP,RG,8300,55,D,BB,ZP,F
15:00:00,ICBP,RG,8300,200,D,BB,AK,F
15:00:00,ICBP,RG,8300,30,D,BB,YU,F
15:00:00,ICBP,RG,8300,4,F,AK,YU,F
15:00:00,ICBP,RG,8300,166,D,OD,YU,F
15:00:00,ICBP,RG,8300,25,D,ZP,YU,F
15:00:00,ICBP,RG,8300,65,D,CC,YU,F
15:00:00,ICBP,RG,8300,35,D,CC,YU,F
15:00:00,ICBP,RG,8300,99,D,PD,YU,F
15:00:00,ICBP,RG,8300,274,D,PD,CC,D
14:49:58,ICBP,RG,8300,1,D,AK,ZP,F
14:49:54,ICBP,RG,8300,7,D,AK,YU,D
14:49:53,ICBP,RG,8300,1,D,AK,ZP,F
14:49:52,ICBP,RG,8300,5,D,AK,YP,D
14:49:50,ICBP,RG,8300,6,D,AK,DR,D
14:49:50,ICBP,RG,8325,1,D,YP,KK,D
14:49:50,ICBP,RG,8300,1,D,AK,ZP,F
14:49:48,ICBP,RG,8300,3,D,AK,ZP,F
14:49:48,ICBP,RG,8300,200,D,AK,YP,D
14:49:47,ICBP,RG,8300,3,D,AK,CC,D
14:49:46,ICBP,RG,8300,2,D,AK,NI,D
14:49:44,ICBP,RG,8325,1,F,AK,KK,D
14:49:43,ICBP,RG,8300,1,D,AK,KK,D
14:49:40,ICBP,RG,8300,5,D,AK,ZP,F
14:49:38,ICBP,RG,8300,1,D,AK,XC,D
14:49:36,ICBP,RG,8300,20,D,AK,YP,D
14:49:36,ICBP,RG,8325,2,D,PD,KK,D
14:49:29,ICBP,RG,8300,20,D,AK,LG,D
14:49:26,ICBP,RG,8300,1,D,AK,ZP,F
14:49:25,ICBP,RG,8300,50,D,AK,PD,D
14:49:25,ICBP,RG,8300,14,D,AK,YP,D
14:49:23,ICBP,RG,8300,38,D,AK,YP,D
14:49:20,ICBP,RG,8325,5,D,YB,KK,D
14:49:18,ICBP,RG,8325,50,D,CC,KK,D
14:49:17,ICBP,RG,8300,2,D,AK,KK,D
14:49:14,ICBP,RG,8325,1,F,AK,KK,D
14:49:10,ICBP,RG,8325,92,D,BB,KK,D
14:49:07,ICBP,RG,8325,45,D,BB,KK,D
14:49:06,ICBP,RG,8300,10,D,AK,EP,D
14:49:06,ICBP,RG,8300,27,D,AK,NI,D
14:49:04,ICBP,RG,8325,1,D,BB,KK,D
14:49:01,ICBP,RG,8300,1,D,AK,OD,D
14:49:00,ICBP,RG,8325,1,D,PC,KK,D
14:49:00,ICBP,RG,8300,10,D,AK,AK,D
14:49:00,ICBP,RG,8300,1,D,AK,AK,D
14:48:53,ICBP,RG,8300,1,D,AK,AK,D
14:48:49,ICBP,RG,8300,1,D,AK,AK,D
14:48:48,ICBP,RG,8300,1,D,AK,AK,D
14:48:47,ICBP,RG,8325,30,D,CC,KK,D
14:48:47,ICBP,RG,8325,4,D,CC,ZP,F
14:48:47,ICBP,RG,8325,20,D,CC,KK,D
14:48:47,ICBP,RG,8325,11,D,CC,CC,D
14:48:47,ICBP,RG,8325,1,D,CC,NI,D
14:48:47,ICBP,RG,8325,7,D,CC,YP,D
14:48:47,ICBP,RG,8325,1,D,CC,PD,D
14:48:47,ICBP,RG,8325,25,D,CC,GR,D
14:48:47,ICBP,RG,8325,95,D,CC,CC,D
14:48:47,ICBP,RG,8325,10,D,CC,XC,D
14:48:47,ICBP,RG,8325,1,D,CC,OD,F
14:48:47,ICBP,RG,8325,45,D,CC,GR,D
14:48:47,ICBP,RG,8325,5,D,CC,YP,D
14:48:47,ICBP,RG,8325,1,D,CC,PD,D
14:48:47,ICBP,RG,8325,40,D,CC,PD,D
14:48:47,ICBP,RG,8325,1,D,CC,KK,D
14:48:47,ICBP,RG,8325,50,D,CC,PD,D
14:48:47,ICBP,RG,8325,1,D,CC,KK,D
14:48:47,ICBP,RG,8325,10,D,CC,XA,D
14:48:47,ICBP,RG,8325,3,D,CC,CP,D
14:48:47,ICBP,RG,8325,10,D,CC,PD,D
14:48:47,ICBP,RG,8325,3,D,CC,YP,D
14:48:47,ICBP,RG,8325,2,D,CC,YP,D
14:48:47,ICBP,RG,8325,5,D,CC,PD,D
14:48:47,ICBP,RG,8325,25,D,CC,GR,D
14:48:47,ICBP,RG,8325,1,D,CC,PD,D
14:48:47,ICBP,RG,8325,2,D,CC,SQ,D
14:48:47,ICBP,RG,8325,5,D,CC,YP,D
14:48:47,ICBP,RG,8325,10,D,CC,YP,D
14:48:47,ICBP,RG,8325,5,D,CC,YP,D
14:48:47,ICBP,RG,8325,25,D,CC,XL,D
14:48:47,ICBP,RG,8325,1,D,CC,AT,D
14:48:47,ICBP,RG,8325,15,D,CC,XL,D
14:48:47,ICBP,RG,8325,10,D,CC,RG,D
14:48:47,ICBP,RG,8325,6,D,CC,YP,D
14:48:47,ICBP,RG,8325,1,D,CC,YP,D
14:48:47,ICBP,RG,8325,3,D,CC,PD,D
14:48:47,ICBP,RG,8325,10,D,CC,DR,D
14:48:47,ICBP,RG,8300,5,D,AK,ZP,F
14:48:47,ICBP,RG,8325,1,D,YP,DR,D
14:48:47,ICBP,RG,8300,200,D,AK,CC,D
14:48:42,ICBP,RG,8300,1,D,AK,ZP,F
14:48:40,ICBP,RG,8300,1,D,AK,YP,D
14:48:39,ICBP,RG,8300,10,D,AK,SQ,D
14:48:38,ICBP,RG,8300,13,D,AK,YP,D
14:48:38,ICBP,RG,8300,3,D,AK,AK,D
14:48:32,ICBP,RG,8300,200,D,AK,PD,D
14:48:31,ICBP,RG,8300,122,D,AK,XC,D
14:48:30,ICBP,RG,8325,1,D,CC,DR,D
14:48:30,ICBP,RG,8325,1,D,CC,DR,D
14:48:30,ICBP,RG,8325,1,D,CC,DR,D
14:48:27,ICBP,RG,8325,36,D,CC,DR,D
14:48:27,ICBP,RG,8325,2,D,CC,CC,D
14:48:27,ICBP,RG,8325,12,D,CC,YP,D
14:48:26,ICBP,RG,8300,5,D,AK,CC,D
14:48:25,ICBP,RG,8300,5,D,AK,YP,D
14:48:23,ICBP,RG,8300,1,D,AK,ZP,F
14:48:21,ICBP,RG,8300,1,D,AK,ZP,F
14:48:12,ICBP,RG,8325,8,D,PD,YP,D
14:48:06,ICBP,RG,8325,2,D,NI,YP,D
14:48:00,ICBP,RG,8300,293,D,AK,KZ,D
14:47:53,ICBP,RG,8300,50,D,AK,EP,D
14:47:53,ICBP,RG,8300,4,D,AK,AK,D
14:47:53,ICBP,RG,8300,3,D,AK,AK,D
14:47:53,ICBP,RG,8300,9,D,AK,ZP,F
14:47:53,ICBP,RG,8300,15,D,AK,ZP,F
14:47:53,ICBP,RG,8300,1379,D,AK,YP,D
14:47:50,ICBP,RG,8300,1,D,PD,YP,D
14:47:50,ICBP,RG,8300,8,D,YU,YP,D
14:47:50,ICBP,RG,8300,1,D,PD,YP,D
14:47:50,ICBP,RG,8300,5,D,PD,YP,D
14:47:50,ICBP,RG,8300,5,D,YP,YP,D
14:47:50,ICBP,RG,8300,1,D,XC,YP,D
14:47:50,ICBP,RG,8300,1,D,PD,YP,D
14:47:50,ICBP,RG,8300,96,F,KK,YP,D
14:47:50,ICBP,RG,8300,6,D,XL,YP,D
14:47:50,ICBP,RG,8300,70,D,CC,YP,D
14:47:50,ICBP,RG,8300,210,D,BB,YP,D
14:47:50,ICBP,RG,8300,1,F,AK,YP,D
14:47:50,ICBP,RG,8300,1,F,AK,YP,D
14:47:50,ICBP,RG,8300,215,D,CC,YP,D
14:47:49,ICBP,RG,8300,1,D,CC,XC,D
14:47:49,ICBP,RG,8300,3,D,CC,XC,D
14:47:45,ICBP,RG,8300,5,D,CC,ZP,F
14:47:42,ICBP,RG,8325,1,D,ZP,YP,D
14:47:42,ICBP,RG,8300,25,D,CC,XC,D
14:47:41,ICBP,RG,8300,3,D,CC,ZP,F
14:47:36,ICBP,RG,8300,1,D,CC,DR,D
14:47:35,ICBP,RG,8300,1,D,CC,RX,D
14:47:35,ICBP,RG,8325,1,D,RX,YP,D
14:47:34,ICBP,RG,8325,1,D,RX,YP,D
14:47:33,ICBP,RG,8300,3,D,CC,XC,D
14:47:32,ICBP,RG,8300,7,D,CC,XC,D
14:47:31,ICBP,RG,8300,1,D,CC,RX,D
14:47:30,ICBP,RG,8325,4,F,YU,YP,D
14:47:30,ICBP,RG,8300,7,D,CC,CC,D
14:47:27,ICBP,RG,8325,2,D,RX,YP,D
14:47:24,ICBP,RG,8300,5,D,CC,ZP,D
14:47:21,ICBP,RG,8300,2,D,CC,ZP,F
14:47:20,ICBP,RG,8300,73,D,CC,GR,D
14:47:20,ICBP,RG,8300,1,D,XC,GR,D
14:47:20,ICBP,RG,8300,19,D,XC,GR,D
14:47:20,ICBP,RG,8300,13,D,LG,GR,D
14:47:20,ICBP,RG,8300,103,D,LG,GR,D
14:47:20,ICBP,RG,8300,9,D,LG,GR,D
14:47:20,ICBP,RG,8300,60,D,KK,GR,D
14:47:20,ICBP,RG,8300,222,D,CC,GR,D
14:47:18,ICBP,RG,8325,9,D,PD,YP,D
14:47:18,ICBP,RG,8325,1,D,PD,PD,D
14:47:18,ICBP,RG,8325,1,D,PD,XC,D
14:47:18,ICBP,RG,8325,25,D,PD,PD,D
14:47:18,ICBP,RG,8325,1,D,PD,YP,D
14:47:18,ICBP,RG,8325,2,D,PD,YP,D
14:47:18,ICBP,RG,8325,96,D,PD,HP,D
14:47:16,ICBP,RG,8325,4,D,BB,HP,D
14:47:16,ICBP,RG,8325,21,D,BB,CC,D
14:47:03,ICBP,RG,8325,1,D,RX,CC,D
14:46:59,ICBP,RG,8300,78,D,CC,KK,D
14:46:59,ICBP,RG,8300,1,D,AT,KK,D
14:46:59,ICBP,RG,8300,121,D,AK,KK,D
14:46:56,ICBP,RG,8300,1,D,AK,PD,D
14:46:54,ICBP,RG,8325,1,D,RX,CC,D
14:46:54,ICBP,RG,8300,128,D,AK,XC,D
14:46:54,ICBP,RG,8300,39,D,AK,XC,D
14:46:54,ICBP,RG,8300,75,D,LG,XC,D
14:46:54,ICBP,RG,8300,1,F,AK,XC,D
14:46:54,ICBP,RG,8300,1,F,AK,XC,D
14:46:54,ICBP,RG,8300,1,D,LG,XC,D
14:46:54,ICBP,RG,8300,10,D,OD,XC,D
14:46:54,ICBP,RG,8300,22,D,BB,XC,D
14:46:51,ICBP,RG,8325,1,D,NI,CC,D
14:46:48,ICBP,RG,8300,13,D,BB,CP,D
14:46:46,ICBP,RG,8325,5,D,KK,CC,D
14:46:45,ICBP,RG,8300,9,D,BB,LG,D
14:46:34,ICBP,RG,8300,3,D,BB,SQ,D
14:46:22,ICBP,RG,8300,25,D,BB,YP,D
14:46:20,ICBP,RG,8300,5,D,PP,DR,D
14:46:19,ICBP,RG,8300,5,D,PP,EP,D
14:46:13,ICBP,RG,8325,70,D,LG,CC,D
14:46:13,ICBP,RG,8325,4,D,LG,PD,D
14:46:13,ICBP,RG,8325,106,D,LG,YP,D
14:46:13,ICBP,RG,8325,1,D,LG,TP,D
14:46:13,ICBP,RG,8325,100,D,LG,EP,D
14:46:13,ICBP,RG,8325,2,D,LG,XL,D
14:46:13,ICBP,RG,8325,5,D,LG,PD,D
14:46:13,ICBP,RG,8325,10,D,LG,YP,D
14:46:13,ICBP,RG,8325,1,D,LG,PD,D
14:46:13,ICBP,RG,8325,2,D,LG,SQ,D
14:46:13,ICBP,RG,8325,10,D,LG,KK,D
14:46:13,ICBP,RG,8325,5,D,LG,KK,D
14:46:13,ICBP,RG,8325,684,D,LG,IF,D
14:46:11,ICBP,RG,8300,3,D,PP,YP,D
14:46:10,ICBP,RG,8325,1,D,RX,IF,D
14:46:08,ICBP,RG,8325,315,D,LG,IF,D
14:46:08,ICBP,RG,8325,2,D,LG,XC,D
14:46:08,ICBP,RG,8325,1,D,LG,YP,D
14:46:08,ICBP,RG,8325,300,D,LG,RO,D
14:46:08,ICBP,RG,8325,30,D,LG,GR,D
14:46:08,ICBP,RG,8325,250,D,LG,YP,D
14:46:08,ICBP,RG,8325,10,D,LG,CC,D
14:46:08,ICBP,RG,8325,4,D,LG,XC,D
14:46:08,ICBP,RG,8325,2,D,LG,YP,D
14:46:08,ICBP,RG,8325,4,D,LG,XC,D
14:46:08,ICBP,RG,8325,20,D,LG,YP,D
14:46:08,ICBP,RG,8325,8,D,LG,YP,D
14:46:08,ICBP,RG,8325,30,D,LG,AI,D
14:46:08,ICBP,RG,8325,10,D,LG,YP,D
14:46:08,ICBP,RG,8325,10,D,LG,XA,D
14:46:08,ICBP,RG,8325,4,D,LG,DX,D
14:46:05,ICBP,RG,8300,1,D,PP,ZP,F
14:45:59,ICBP,RG,8300,10,D,PP,DH,D
14:45:58,ICBP,RG,8300,1,D,PP,NI,D
14:45:57,ICBP,RG,8300,15,D,PP,YP,D
14:45:55,ICBP,RG,8300,6,D,PP,TP,D
14:45:54,ICBP,RG,8300,1,D,PP,CC,D
14:45:52,ICBP,RG,8300,1,D,PP,IF,D
14:45:51,ICBP,RG,8300,5,D,PP,NI,D
14:45:49,ICBP,RG,8325,2,D,NI,DX,D
14:45:47,ICBP,RG,8300,50,D,PP,NI,D
14:45:47,ICBP,RG,8300,5,D,PP,DH,D
14:45:45,ICBP,RG,8300,18,D,PP,CC,D
14:45:45,ICBP,RG,8300,82,D,CC,CC,D
14:45:44,ICBP,RG,8300,50,D,CC,SA,D
14:45:43,ICBP,RG,8325,1,D,YP,DX,D
14:45:43,ICBP,RG,8300,2,D,CC,XC,D
14:45:38,ICBP,RG,8300,10,D,CC,YP,D
14:45:37,ICBP,RG,8300,1,D,CC,XC,D
14:45:35,ICBP,RG,8300,10,D,CC,KK,D
14:45:31,ICBP,RG,8300,1,D,CC,XC,D
14:45:30,ICBP,RG,8325,1,D,RX,DX,D
14:45:29,ICBP,RG,8300,2,D,CC,PD,D
14:45:28,ICBP,RG,8300,2,D,CC,AZ,D
14:45:22,ICBP,RG,8325,1,D,ZP,DX,D
14:45:22,ICBP,RG,8325,41,D,BB,DX,D
14:45:22,ICBP,RG,8325,4,D,BB,LS,D
14:45:22,ICBP,RG,8325,1,D,BB,YP,D
14:45:22,ICBP,RG,8325,4,D,BB,KK,D
14:45:22,ICBP,RG,8325,1,D,BB,XC,D
14:45:22,ICBP,RG,8325,45,D,BB,YP,D
14:45:21,ICBP,RG,8300,8,D,CC,HP,D
14:45:21,ICBP,RG,8300,1,D,CC,BQ,D
14:45:20,ICBP,RG,8300,5,D,CC,XC,D
14:45:19,ICBP,RG,8300,5,D,CC,YP,D
14:45:19,ICBP,RG,8300,10,D,CC,FS,D
14:45:19,ICBP,RG,8300,3,D,CC,SQ,D
14:45:19,ICBP,RG,8300,1,D,CC,ZP,F
14:45:19,ICBP,RG,8300,19,D,CC,YP,D
14:45:19,ICBP,RG,8300,5,D,CC,YP,D
14:45:19,ICBP,RG,8300,1,D,CC,ZP,F
14:45:19,ICBP,RG,8300,40,D,CC,PD,D
14:45:19,ICBP,RG,8300,19,D,CC,BK,F
14:45:19,ICBP,RG,8300,1,D,CC,KK,D
14:45:19,ICBP,RG,8300,1,D,CC,NI,D
14:45:19,ICBP,RG,8300,1,D,CC,LS,D
14:45:19,ICBP,RG,8300,5,D,CC,AK,D
14:45:19,ICBP,RG,8300,1,D,CC,ZP,F
14:45:19,ICBP,RG,8300,14,D,CC,SQ,D
14:45:17,ICBP,RG,8300,3,D,AK,SQ,D
14:45:16,ICBP,RG,8275,7,D,YP,EP,D
14:45:15,ICBP,RG,8300,1,D,AK,SQ,D
14:45:14,ICBP,RG,8300,1,D,CC,SQ,D
14:45:10,ICBP,RG,8300,19,D,AK,SQ,D
14:45:10,ICBP,RG,8275,40,D,YP,PD,D
14:45:09,ICBP,RG,8300,1,D,AK,SQ,D
14:45:09,ICBP,RG,8300,1,D,XC,SQ,D
14:45:07,ICBP,RG,8300,2,D,AK,SQ,D
14:45:06,ICBP,RG,8300,4,D,SQ,SQ,D
14:45:02,ICBP,RG,8300,54,D,AK,SQ,D
14:45:02,ICBP,RG,8300,1,D,AK,ZP,F
14:45:02,ICBP,RG,8300,1,D,AK,YP,D
14:45:02,ICBP,RG,8300,18,D,AK,YP,D
14:45:01,ICBP,RG,8300,62,D,LG,YP,D
14:45:01,ICBP,RG,8300,1,D,LG,CC,D
14:45:01,ICBP,RG,8300,30,D,LG,AT,D
14:45:01,ICBP,RG,8300,57,D,LG,BK,F
14:44:58,ICBP,RG,8300,5,D,AK,BK,F
14:44:58,ICBP,RG,8300,11,D,NI,BK,F
14:44:51,ICBP,RG,8300,40,D,AK,BK,F
14:44:51,ICBP,RG,8300,9,D,AK,CC,D
14:44:50,ICBP,RG,8300,91,D,KK,CC,D
14:44:50,ICBP,RG,8300,9,D,KK,MG,D
14:44:45,ICBP,RG,8300,1,D,AK,MG,D
14:44:44,ICBP,RG,8300,1,F,AK,MG,D
14:44:44,ICBP,RG,8300,2,D,AK,MG,D
14:44:43,ICBP,RG,8300,32,D,AK,BQ,D
14:44:42,ICBP,RG,8300,2,D,AK,ZP,F
14:44:42,ICBP,RG,8300,125,D,AK,YP,D
14:44:42,ICBP,RG,8300,4,D,DX,YP,D
14:44:41,ICBP,RG,8300,3,D,DX,YP,D
14:44:41,ICBP,RG,8300,3,D,DX,YP,D
14:44:41,ICBP,RG,8300,30,D,YP,YP,D
14:44:41,ICBP,RG,8300,4,D,DX,YP,D
14:44:41,ICBP,RG,8300,100,D,YP,YP,D
14:44:41,ICBP,RG,8300,3,D,DX,YP,D
14:44:41,ICBP,RG,8300,200,D,PD,YP,D
14:44:41,ICBP,RG,8300,353,D,AK,YP,D
14:44:41,ICBP,RG,8300,2,D,AK,YP,D
14:44:41,ICBP,RG,8300,1,F,AK,YP,D
14:44:41,ICBP,RG,8300,1,F,AK,YP,D
14:44:41,ICBP,RG,8300,347,D,CC,YP,D
14:44:41,ICBP,RG,8300,116,D,CC,YP,D
14:44:41,ICBP,RG,8300,3,F,YU,YP,D
14:44:41,ICBP,RG,8300,205,D,MG,YP,D
14:44:36,ICBP,RG,8325,25,D,CC,YP,D
14:44:34,ICBP,RG,8325,1,D,RX,YP,D
14:44:31,ICBP,RG,8325,29,D,YU,YP,D
14:44:31,ICBP,RG,8325,2,D,YU,NI,D
14:44:31,ICBP,RG,8325,10,D,YU,MG,D
14:44:31,ICBP,RG,8300,1,D,MG,XC,D
14:44:31,ICBP,RG,8300,10,D,MG,DR,D
14:44:29,ICBP,RG,8300,5,D,MG,DH,D
14:44:28,ICBP,RG,8300,2,D,MG,YP,D
14:44:28,ICBP,RG,8300,10,D,MG,AZ,D
14:44:27,ICBP,RG,8300,2,D,AK,AZ,D
14:44:26,ICBP,RG,8300,24,D,AK,AZ,D
14:44:26,ICBP,RG,8300,5,D,YB,AZ,D
14:44:25,ICBP,RG,8300,1,D,AK,AZ,D
14:44:25,ICBP,RG,8300,5,D,AK,XL,D
14:44:25,ICBP,RG,8300,4,D,DX,XL,D
14:44:25,ICBP,RG,8275,32,D,YP,PD,D
14:44:25,ICBP,RG,8300,3,D,DX,XL,D
14:44:25,ICBP,RG,8300,4,D,DX,XL,D
14:44:25,ICBP,RG,8300,5,D,XA,XL,D
14:44:24,ICBP,RG,8300,3,D,DX,XL,D
14:44:24,ICBP,RG,8300,3,D,DX,XL,D
14:44:24,ICBP,RG,8300,142,D,AK,XL,D
14:44:24,ICBP,RG,8275,3,D,YP,CC,D
14:44:24,ICBP,RG,8275,4,D,YP,CC,D
14:44:23,ICBP,RG,8300,78,D,BB,XL,D
14:44:23,ICBP,RG,8300,10,D,BB,KK,D
14:44:23,ICBP,RG,8300,4,D,BB,FS,D
14:44:23,ICBP,RG,8300,1,D,AK,FS,D
14:44:23,ICBP,RG,8300,2,D,AK,ZP,F
14:44:23,ICBP,RG,8300,1,D,AK,XC,D
14:44:23,ICBP,RG,8300,18,D,AK,PD,D
14:44:23,ICBP,RG,8300,6,D,AK,YP,D
14:44:23,ICBP,RG,8300,13,D,AK,PD,D
14:44:23,ICBP,RG,8300,2,D,AK,YP,D
14:44:23,ICBP,RG,8300,8,D,AK,AK,D
14:44:23,ICBP,RG,8300,2,D,AK,NI,D
14:44:23,ICBP,RG,8300,2,D,AK,ZP,F
14:44:23,ICBP,RG,8300,10,D,AK,NI,D
14:44:23,ICBP,RG,8300,3,D,AK,PD,D
14:44:23,ICBP,RG,8300,1,D,AK,YP,D
14:44:23,ICBP,RG,8300,40,D,AK,CC,D
14:44:23,ICBP,RG,8300,12,D,AK,HP,D
14:44:23,ICBP,RG,8300,23,D,RX,HP,D
14:44:23,ICBP,RG,8300,1,D,RX,XC,D
14:44:23,ICBP,RG,8300,9,D,RX,ZP,F
14:44:23,ICBP,RG,8300,50,D,RX,OD,D
14:44:23,ICBP,RG,8300,3,D,RX,PD,D
14:44:23,ICBP,RG,8300,7,D,RX,GR,D
14:44:23,ICBP,RG,8300,5,D,RX,YP,D
14:44:23,ICBP,RG,8300,98,D,RX,SQ,D
14:44:22,ICBP,RG,8300,191,D,SQ,SQ,D
14:44:22,ICBP,RG,8300,49,D,AK,SQ,D
14:44:22,ICBP,RG,8275,5,D,YP,FS,D
14:44:22,ICBP,RG,8300,46,F,AK,SQ,D
14:44:22,ICBP,RG,8300,3,D,YP,SQ,D
14:44:22,ICBP,RG,8300,100,D,PP,SQ,D
14:44:21,ICBP,RG,8300,13,D,AK,SQ,D
14:44:21,ICBP,RG,8300,10,D,AK,TP,D
14:44:21,ICBP,RG,8300,100,D,AK,YP,D
14:44:21,ICBP,RG,8300,2,D,AK,BQ,D
14:44:21,ICBP,RG,8300,40,D,AK,XL,D
14:44:21,ICBP,RG,8300,15,D,AK,HP,D
14:44:21,ICBP,RG,8300,100,D,AK,YP,D
14:44:21,ICBP,RG,8300,19,D,AK,YP,D
14:44:21,ICBP,RG,8300,3,D,AK,CC,D
14:44:21,ICBP,RG,8300,7,D,AK,AK,D
14:44:21,ICBP,RG,8300,10,D,AK,KK,D
14:44:21,ICBP,RG,8300,6,D,AK,YP,D
14:44:21,ICBP,RG,8300,14,D,AK,RX,D
14:44:21,ICBP,RG,8300,10,D,AK,PD,D
14:44:21,ICBP,RG,8300,30,D,AK,YP,D
14:44:21,ICBP,RG,8300,1,D,AK,EP,D
14:44:21,ICBP,RG,8300,20,D,AK,PD,D
14:44:21,ICBP,RG,8300,1,D,AK,DH,D
14:44:21,ICBP,RG,8300,10,D,AK,ZP,F
14:44:21,ICBP,RG,8300,200,D,AK,GR,D
14:44:21,ICBP,RG,8300,1,D,AK,PD,D
14:44:21,ICBP,RG,8300,1,D,AK,YP,D
14:44:21,ICBP,RG,8300,3,D,AK,HP,D
14:44:20,ICBP,RG,8300,97,D,PD,HP,D
14:44:20,ICBP,RG,8300,15,D,PD,YB,D
14:44:20,ICBP,RG,8300,372,D,PD,DH,D
14:44:20,ICBP,RG,8300,1,D,PD,CC,D
14:44:20,ICBP,RG,8300,5,D,PD,DR,D
14:44:20,ICBP,RG,8300,1,D,PD,YP,D
14:44:20,ICBP,RG,8300,5,D,PD,XL,D
14:44:20,ICBP,RG,8300,25,D,PD,AZ,D
14:44:20,ICBP,RG,8300,2,D,PD,YP,D
14:44:20,ICBP,RG,8300,1,D,PD,PD,D
14:44:20,ICBP,RG,8300,5,D,PD,DH,D
14:44:20,ICBP,RG,8300,20,D,PD,YP,D
14:44:20,ICBP,RG,8300,9,D,PD,KK,D
14:44:20,ICBP,RG,8300,10,D,PD,XC,D
14:44:20,ICBP,RG,8300,43,D,PD,YP,D
14:44:20,ICBP,RG,8300,389,D,PD,YU,D
14:44:20,ICBP,RG,8300,111,D,SQ,YU,D
14:44:20,ICBP,RG,8300,7,D,SQ,ZP,F
14:44:20,ICBP,RG,8300,132,D,SQ,KZ,D
14:44:18,ICBP,RG,8300,298,D,AK,KZ,D
14:44:17,ICBP,RG,8300,5,D,AK,KZ,D
14:44:17,ICBP,RG,8300,323,D,BQ,KZ,D
14:44:17,ICBP,RG,8300,282,D,BQ,TP,D
14:44:16,ICBP,RG,8300,3,D,XL,TP,D
14:44:16,ICBP,RG,8275,7,D,YP,MG,D
14:44:13,ICBP,RG,8300,8,D,AK,TP,D
14:44:12,ICBP,RG,8300,7,D,BQ,TP,D
14:44:12,ICBP,RG,8300,5,D,BQ,KK,D
14:44:12,ICBP,RG,8275,5,D,YP,FS,D
14:44:07,ICBP,RG,8300,45,D,AK,KK,D
14:44:07,ICBP,RG,8300,8,D,AK,AK,D
14:44:07,ICBP,RG,8300,2,D,AK,ZP,F
14:44:07,ICBP,RG,8300,1,D,AK,SQ,D
14:44:07,ICBP,RG,8300,10,D,AK,XA,D
14:44:07,ICBP,RG,8300,4,D,AK,CC,D
14:44:07,ICBP,RG,8300,9,D,AK,KK,D
14:44:06,ICBP,RG,8275,54,D,YP,YP,D
14:44:06,ICBP,RG,8275,14,D,RX,YP,D
14:44:06,ICBP,RG,8275,11,D,BB,YP,D
14:44:06,ICBP,RG,8275,81,D,CC,YP,D
14:44:03,ICBP,RG,8300,188,D,AK,KK,D
14:44:02,ICBP,RG,8300,303,D,CC,KK,D
14:44:02,ICBP,RG,8300,3,D,CC,XC,D
14:44:02,ICBP,RG,8300,1,D,CC,ZP,F
14:44:02,ICBP,RG,8300,72,D,CC,PD,D
14:44:02,ICBP,RG,8300,13,D,AK,PD,D
14:44:02,ICBP,RG,8300,1,D,AK,ZP,F
14:44:02,ICBP,RG,8300,16,D,AK,PD,D
14:44:02,ICBP,RG,8275,3,D,CC,PD,D
14:44:01,ICBP,RG,8300,34,D,YP,PD,D
14:44:01,ICBP,RG,8300,1,D,YP,SQ,D
14:44:01,ICBP,RG,8300,15,D,YP,YP,D
14:44:01,ICBP,RG,8300,3,D,YP,PD,D
14:44:01,ICBP,RG,8300,2,D,YP,ZP,F
14:44:01,ICBP,RG,8300,5,D,YP,ZP,F
14:44:00,ICBP,RG,8300,1,D,CC,ZP,F
14:43:57,ICBP,RG,8300,5,D,AK,ZP,F
14:43:57,ICBP,RG,8300,3,D,AK,NI,D
14:43:57,ICBP,RG,8300,18,D,AK,XC,D
14:43:56,ICBP,RG,8300,9,D,AK,XC,D
14:43:56,ICBP,RG,8300,3,D,AK,YP,D
14:43:56,ICBP,RG,8300,11,D,AK,AZ,D
14:43:56,ICBP,RG,8275,16,D,CC,CC,D
14:43:56,ICBP,RG,8275,36,D,RX,CC,D
14:43:55,ICBP,RG,8300,39,D,NI,AZ,D
14:43:55,ICBP,RG,8300,2,D,NI,SQ,D
14:43:55,ICBP,RG,8300,6,D,NI,KK,D
14:43:53,ICBP,RG,8300,1,D,RX,KK,D
14:43:52,ICBP,RG,8300,3,D,AK,KK,D
14:43:52,ICBP,RG,8300,10,D,AK,YP,D
14:43:52,ICBP,RG,8300,5,D,AK,CC,D
14:43:52,ICBP,RG,8300,1,D,AK,KK,D
14:43:52,ICBP,RG,8300,6,D,AK,XC,D
14:43:52,ICBP,RG,8300,1,D,AK,YP,D
14:43:52,ICBP,RG,8300,1,D,AK,OD,F
14:43:52,ICBP,RG,8300,20,D,AK,YP,D
14:43:52,ICBP,RG,8300,1,D,AK,XC,D
14:43:52,ICBP,RG,8300,1,D,AK,CC,D
14:43:52,ICBP,RG,8300,2,D,AK,SQ,D
14:43:52,ICBP,RG,8300,47,D,AK,PD,D
14:43:51,ICBP,RG,8275,13,D,RX,DR,D
14:43:51,ICBP,RG,8275,187,D,CC,DR,D
14:43:49,ICBP,RG,8275,2,D,CC,XC,D
14:43:46,ICBP,RG,8300,8,D,RX,PD,D
14:43:46,ICBP,RG,8300,4,D,RX,DH,D
14:43:45,ICBP,RG,8300,6,D,AK,DH,D
14:43:44,ICBP,RG,8275,111,D,CC,YP,D
14:43:44,ICBP,RG,8275,5,D,AK,YP,D
14:43:44,ICBP,RG,8275,3,F,AK,YP,D
14:43:44,ICBP,RG,8275,1,F,AK,YP,D
14:43:44,ICBP,RG,8275,40,D,AK,YP,D
14:43:44,ICBP,RG,8275,6,D,AK,YP,D
14:43:41,ICBP,RG,8275,10,D,AK,NI,D
14:43:40,ICBP,RG,8275,5,D,CC,SQ,D
14:43:39,ICBP,RG,8300,1,D,ZP,DH,D
14:43:33,ICBP,RG,8300,5,D,AK,DH,D
14:43:32,ICBP,RG,8275,1,D,CC,ZP,F
14:43:32,ICBP,RG,8275,8,D,CC,ZP,F
14:43:27,ICBP,RG,8300,6,D,AK,DH,D
14:43:26,ICBP,RG,8300,1,D,AK,DH,D
14:43:26,ICBP,RG,8300,12,D,RX,DH,D
14:43:25,ICBP,RG,8275,3,D,CC,YP,D
14:43:24,ICBP,RG,8300,1,D,AK,DH,D
14:43:23,ICBP,RG,8275,2,D,CC,PD,D
14:43:22,ICBP,RG,8300,1,D,AK,DH,D
14:43:21,ICBP,RG,8300,1,D,AK,DH,D
14:43:20,ICBP,RG,8275,1,D,CC,YP,D
14:43:20,ICBP,RG,8300,12,D,AK,DH,D
14:43:20,ICBP,RG,8300,2,D,AK,PD,D
14:43:20,ICBP,RG,8300,51,D,AK,YP,D
14:43:20,ICBP,RG,8300,2,F,AK,YP,D
14:43:19,ICBP,RG,8300,47,D,BB,YP,D
14:43:19,ICBP,RG,8300,2,D,BB,LG,D
14:43:19,ICBP,RG,8300,50,D,BB,YP,D
14:43:19,ICBP,RG,8300,34,D,BB,GR,D
14:43:16,ICBP,RG,8300,3,D,AK,GR,D
14:43:15,ICBP,RG,8300,5,D,KK,GR,D
14:43:13,ICBP,RG,8300,1,D,AK,GR,D
14:43:13,ICBP,RG,8275,1,D,CC,PD,D
14:43:12,ICBP,RG,8300,1,D,PD,GR,D
14:43:08,ICBP,RG,8300,6,D,AK,GR,D
14:43:07,ICBP,RG,8300,2,D,RX,CP,D
14:43:07,ICBP,RG,8300,5,D,RX,NI,D
14:43:07,ICBP,RG,8300,6,D,RX,CC,D
14:43:03,ICBP,RG,8300,4,D,AK,LG,D
14:43:02,ICBP,RG,8275,8,D,CC,ZP,F
14:42:53,ICBP,RG,8300,1,D,RX,LG,D
14:42:49,ICBP,RG,8300,13,D,AK,LG,D
14:42:48,ICBP,RG,8275,1,D,CC,YP,D
14:42:48,ICBP,RG,8275,1,D,CC,XC,D
14:42:48,ICBP,RG,8300,2,D,RX,LG,D
14:42:48,ICBP,RG,8300,3,D,RX,YP,D
14:42:48,ICBP,RG,8300,8,D,RX,YB,D
14:42:48,ICBP,RG,8275,10,D,CC,PD,D
14:42:43,ICBP,RG,8300,12,D,AK,YB,D
14:42:42,ICBP,RG,8275,25,D,CC,CC,D
14:42:38,ICBP,RG,8300,10,D,AK,YB,D
14:42:38,ICBP,RG,8300,18,D,AK,AI,D
14:42:37,ICBP,RG,8275,1,D,CC,CC,D
14:42:37,ICBP,RG,8275,56,D,CC,YP,D
14:42:35,ICBP,RG,8300,2,D,AK,AI,D
14:42:35,ICBP,RG,8300,1,D,AK,PD,D
14:42:35,ICBP,RG,8300,1,D,AK,XC,D
14:42:35,ICBP,RG,8300,50,D,AK,SQ,D
14:42:35,ICBP,RG,8300,22,D,AK,AZ,D
14:42:34,ICBP,RG,8300,1,D,AK,AZ,D
14:42:33,ICBP,RG,8300,27,D,PD,AZ,D
14:42:33,ICBP,RG,8300,2,D,PD,LG,D
14:42:33,ICBP,RG,8300,5,D,PD,YP,D
14:42:33,ICBP,RG,8300,3,D,PD,XL,D
14:42:33,ICBP,RG,8300,6,D,PD,PD,D
14:42:33,ICBP,RG,8300,5,D,PD,YP,D
14:42:33,ICBP,RG,8300,4,D,PD,EP,D
14:42:33,ICBP,RG,8300,1,D,PD,XC,D
14:42:33,ICBP,RG,8300,4,D,PD,YP,D
14:42:33,ICBP,RG,8300,1,D,PD,YP,D
14:42:33,ICBP,RG,8300,1,D,PD,YP,D
14:42:33,ICBP,RG,8300,20,D,PD,YP,D
14:42:33,ICBP,RG,8300,15,D,PD,YP,D
14:42:33,ICBP,RG,8300,3,D,PD,YP,D
14:42:33,ICBP,RG,8300,20,D,PD,OD,D
14:42:33,ICBP,RG,8300,2,D,PD,XC,D
14:42:33,ICBP,RG,8300,34,D,PD,NI,D
14:42:33,ICBP,RG,8275,2,D,CC,CC,D
14:42:28,ICBP,RG,8300,7,D,AK,NI,D
14:42:27,ICBP,RG,8275,3,D,CC,PD,D
14:42:26,ICBP,RG,8300,13,D,RX,NI,D
14:42:26,ICBP,RG,8300,5,D,AK,NI,D
14:42:25,ICBP,RG,8275,10,D,CC,YP,D
14:42:21,ICBP,RG,8300,3,D,AK,NI,D
14:42:20,ICBP,RG,8275,5,D,CC,LG,D
14:42:19,ICBP,RG,8300,6,D,AK,NI,D
14:42:18,ICBP,RG,8275,12,D,CC,YP,D
14:42:17,ICBP,RG,8300,5,D,AK,NI,D
14:42:16,ICBP,RG,8275,10,D,CC,PD,D
14:42:16,ICBP,RG,8300,2,D,AK,NI,D
14:42:15,ICBP,RG,8275,5,D,CC,KK,D
14:42:11,ICBP,RG,8300,2,D,AK,NI,D
14:42:10,ICBP,RG,8300,10,D,AK,NI,D
14:42:10,ICBP,RG,8300,3,D,XC,NI,D
14:42:09,ICBP,RG,8275,1,D,CC,OD,D
14:42:09,ICBP,RG,8275,20,D,CC,YP,D
14:42:08,ICBP,RG,8300,6,D,AK,NI,D
14:42:07,ICBP,RG,8300,12,D,RX,NI,D
14:42:07,ICBP,RG,8300,1,D,AK,NI,D
14:42:06,ICBP,RG,8300,2,F,AK,NI,D
14:42:05,ICBP,RG,8275,1,D,CC,PD,D
14:42:00,ICBP,RG,8300,2,D,AK,NI,D
14:41:59,ICBP,RG,8300,4,D,DX,NI,D
14:41:58,ICBP,RG,8300,83,D,AK,NI,D
14:41:58,ICBP,RG,8300,5,D,AK,GR,D
14:41:58,ICBP,RG,8300,2,D,AK,PD,D
14:41:58,ICBP,RG,8300,8,D,AK,CD,D
14:41:57,ICBP,RG,8300,2,D,AK,CD,D
14:41:56,ICBP,RG,8300,20,D,BB,CD,D
14:41:56,ICBP,RG,8300,19,D,BB,XC,D
14:41:56,ICBP,RG,8300,10,D,BB,NI,D
14:41:56,ICBP,RG,8300,5,D,BB,NI,D
14:41:56,ICBP,RG,8300,1,D,BB,YP,D
14:41:56,ICBP,RG,8300,25,D,BB,PD,D
14:41:56,ICBP,RG,8300,3,D,BB,SQ,D
14:41:56,ICBP,RG,8300,3,D,BB,PD,D
14:41:56,ICBP,RG,8300,6,D,BB,YP,D
14:41:56,ICBP,RG,8300,1,D,BB,PD,D
14:41:56,ICBP,RG,8300,1,D,BB,XC,D
14:41:56,ICBP,RG,8300,11,D,BB,XC,D
14:41:56,ICBP,RG,8300,1,D,BB,KK,D
14:41:56,ICBP,RG,8300,5,D,BB,NI,D
14:41:56,ICBP,RG,8300,2,D,BB,XL,D
14:41:56,ICBP,RG,8300,2,D,BB,OD,D
14:41:56,ICBP,RG,8300,1,D,BB,XC,D
14:41:56,ICBP,RG,8300,20,D,BB,PD,D
14:41:56,ICBP,RG,8300,20,D,BB,YP,D
14:41:56,ICBP,RG,8300,1,D,BB,YP,D
14:41:56,ICBP,RG,8300,41,D,BB,GR,D
14:41:56,ICBP,RG,8300,4,D,DX,GR,D
14:41:56,ICBP,RG,8300,3,D,AK,GR,D
14:41:55,ICBP,RG,8300,3,D,DX,GR,D
14:41:55,ICBP,RG,8300,1,D,EP,GR,D
14:41:54,ICBP,RG,8275,2,D,CC,XL,D
14:41:54,ICBP,RG,8300,8,D,AK,GR,D
14:41:53,ICBP,RG,8300,4,D,AK,GR,D
14:41:53,ICBP,RG,8275,16,D,CC,YP,D
14:41:52,ICBP,RG,8300,1,D,CC,GR,D
14:41:52,ICBP,RG,8300,3,D,DX,GR,D
14:41:51,ICBP,RG,8300,4,D,DX,GR,D
14:41:48,ICBP,RG,8300,4,D,AK,GR,D
14:41:47,ICBP,RG,8300,10,D,RX,GR,D
14:41:35,ICBP,RG,8300,2,D,AK,GR,D
14:41:34,ICBP,RG,8300,1,D,AK,GR,D
14:41:34,ICBP,RG,8300,8,D,AK,DX,D
14:41:34,ICBP,RG,8300,5,D,AK,YU,D
14:41:34,ICBP,RG,8300,1,D,AK,PD,D
14:41:34,ICBP,RG,8300,5,D,AK,CC,D
14:41:34,ICBP,RG,8300,4,D,AK,XL,D
14:41:34,ICBP,RG,8300,1,D,AK,KK,D
14:41:34,ICBP,RG,8300,3,D,AK,NI,D
14:41:34,ICBP,RG,8300,10,D,AK,PD,D
14:41:34,ICBP,RG,8300,1,D,AK,NI,D
14:41:34,ICBP,RG,8300,6,D,AK,NI,D
14:41:34,ICBP,RG,8300,1,D,YU,NI,D
14:41:34,ICBP,RG,8300,1,D,YU,NI,D
14:41:33,ICBP,RG,8300,1,D,YU,NI,D
14:41:33,ICBP,RG,8300,1,D,YU,NI,D
14:41:33,ICBP,RG,8275,27,D,CC,OD,D
14:41:33,ICBP,RG,8275,11,D,BB,OD,D
14:41:33,ICBP,RG,8275,1,D,YP,OD,D
14:41:33,ICBP,RG,8275,42,D,AZ,OD,D
14:41:33,ICBP,RG,8275,10,D,AZ,DR,D
14:41:32,ICBP,RG,8300,5,D,AK,NI,D
14:41:32,ICBP,RG,8300,2,D,AK,YP,D
14:41:32,ICBP,RG,8300,2,D,AK,GR,D
14:41:32,ICBP,RG,8300,3,D,AK,EP,D
14:41:31,ICBP,RG,8300,13,D,RX,EP,D
14:41:30,ICBP,RG,8275,10,D,AZ,XA,D
14:41:23,ICBP,RG,8275,1,D,AZ,PD,D
14:41:23,ICBP,RG,8300,1,D,AK,EP,D
14:41:23,ICBP,RG,8300,3,D,AK,PD,D
14:41:23,ICBP,RG,8300,1,D,AK,KK,D
14:41:23,ICBP,RG,8300,1,D,AK,NI,D
14:41:23,ICBP,RG,8300,1,D,AK,YP,D
14:41:23,ICBP,RG,8300,4,D,AK,CC,D
14:41:22,ICBP,RG,8275,2,D,AZ,NI,D
14:41:21,ICBP,RG,8275,20,D,AZ,YP,D
14:41:21,ICBP,RG,8275,1,D,AZ,PD,D
14:41:20,ICBP,RG,8300,2,D,AK,CC,D
14:41:19,ICBP,RG,8275,3,D,AZ,AI,D
14:41:18,ICBP,RG,8300,1,D,AK,CC,D
14:41:17,ICBP,RG,8275,2,D,AZ,XL,D
14:41:17,ICBP,RG,8300,6,D,AK,CC,D
14:41:16,ICBP,RG,8275,3,D,AZ,XL,D
14:41:16,ICBP,RG,8275,9,D,KK,XL,D
14:41:14,ICBP,RG,8300,1,D,AK,CC,D
14:41:13,ICBP,RG,8300,12,D,RX,CC,D
14:41:10,ICBP,RG,8275,1,D,KK,GR,D
14:41:05,ICBP,RG,8300,32,D,AK,CC,D
14:41:05,ICBP,RG,8300,50,D,AK,NI,D
14:41:05,ICBP,RG,8300,1,D,AK,DR,D
14:41:05,ICBP,RG,8300,13,D,AK,XC,D
14:41:05,ICBP,RG,8300,4,D,AK,XC,D
14:41:05,ICBP,RG,8300,5,D,AK,MU,D
14:41:05,ICBP,RG,8275,3,D,AK,XL,D
14:41:05,ICBP,RG,8275,2,D,AK,KK,D
14:41:04,ICBP,RG,8275,5,D,AK,CC,D
14:41:04,ICBP,RG,8275,1,D,AK,ZP,F
14:41:04,ICBP,RG,8275,1,D,AK,SQ,D
14:41:03,ICBP,RG,8275,3,D,PD,SQ,D
14:41:03,ICBP,RG,8275,6,D,OD,SQ,D
14:41:03,ICBP,RG,8275,3,D,OD,YP,D
14:41:03,ICBP,RG,8275,14,D,OD,YP,D
14:41:03,ICBP,RG,8275,36,D,OD,YP,D
14:41:03,ICBP,RG,8275,1,D,OD,XC,D
14:41:03,ICBP,RG,8275,1,D,OD,XC,D
14:41:03,ICBP,RG,8275,2,D,OD,XC,D
14:41:03,ICBP,RG,8275,2,D,OD,CC,D
14:41:03,ICBP,RG,8275,5,D,OD,CC,D
14:41:03,ICBP,RG,8275,1,D,OD,XC,D
14:41:03,ICBP,RG,8275,1,D,OD,XC,D
14:41:03,ICBP,RG,8275,10,D,OD,DH,D
14:41:03,ICBP,RG,8275,1,D,OD,XC,D
14:41:03,ICBP,RG,8275,1,D,OD,OD,F
14:41:03,ICBP,RG,8275,25,D,OD,PD,D
14:41:03,ICBP,RG,8275,1,D,OD,ZP,F
14:41:03,ICBP,RG,8275,1,D,OD,YP,D
14:41:03,ICBP,RG,8275,4,D,OD,CC,D
14:41:03,ICBP,RG,8275,16,D,OD,CC,D
14:41:03,ICBP,RG,8275,3,D,OD,XL,D
14:41:03,ICBP,RG,8275,2,D,OD,ZP,D
14:41:03,ICBP,RG,8275,5,D,OD,YP,D
14:41:03,ICBP,RG,8275,10,D,OD,KK,D
14:41:03,ICBP,RG,8275,5,D,OD,XC,D
14:41:03,ICBP,RG,8275,31,D,OD,SQ,D
14:41:03,ICBP,RG,8275,2,D,OD,PD,D
14:41:03,ICBP,RG,8275,36,D,OD,GR,D
14:41:02,ICBP,RG,8275,14,D,AK,GR,D
14:41:02,ICBP,RG,8275,2,D,AK,YP,D
14:41:02,ICBP,RG,8275,2,D,AK,GR,D
14:41:02,ICBP,RG,8275,8,D,AK,KK,D
14:41:01,ICBP,RG,8275,12,D,PP,KK,D
14:41:01,ICBP,RG,8275,8,D,PP,PD,D
14:41:01,ICBP,RG,8275,10,D,PP,KK,D
14:41:01,ICBP,RG,8275,7,D,PP,YP,D
14:41:01,ICBP,RG,8275,13,D,PP,YP,D
14:41:01,ICBP,RG,8275,15,D,AK,YP,D
14:41:01,ICBP,RG,8275,1,D,PD,YP,D
14:41:00,ICBP,RG,8275,1,D,BQ,YP,D
14:41:00,ICBP,RG,8275,31,D,BQ,KZ,D
14:40:59,ICBP,RG,8275,15,D,AK,KZ,D
14:40:59,ICBP,RG,8275,133,D,AK,KK,D
14:40:58,ICBP,RG,8275,6,D,AK,KK,D
14:40:58,ICBP,RG,8275,20,D,LG,KK,D
14:40:58,ICBP,RG,8275,154,D,LG,KK,D
14:40:58,ICBP,RG,8275,15,D,LG,KK,D
14:40:57,ICBP,RG,8275,111,D,LG,KK,D
14:40:57,ICBP,RG,8275,49,D,AK,KK,D
14:40:57,ICBP,RG,8250,11,D,SQ,PD,D
14:40:56,ICBP,RG,8250,1,D,SQ,XC,D
14:40:55,ICBP,RG,8275,12,D,DR,KK,D
14:40:55,ICBP,RG,8275,2,D,DR,KK,D
14:40:55,ICBP,RG,8275,20,D,DR,YP,D
14:40:55,ICBP,RG,8275,65,D,DR,YP,D
14:40:55,ICBP,RG,8275,1,D,DR,PD,D
14:40:49,ICBP,RG,8275,1,D,AK,PD,D
14:40:48,ICBP,RG,8250,1,D,SQ,PD,D
14:40:47,ICBP,RG,8250,1,D,SQ,YP,D
14:40:47,ICBP,RG,8275,3,D,AK,PD,D
14:40:47,ICBP,RG,8275,1,D,AK,XC,D
14:40:47,ICBP,RG,8275,1,D,AK,YP,D
14:40:47,ICBP,RG,8275,2,D,AK,YP,D
14:40:47,ICBP,RG,8275,2,D,AK,PD,D
14:40:45,ICBP,RG,8275,3,D,RX,PD,D
14:40:45,ICBP,RG,8275,1,D,RX,CC,D
14:40:45,ICBP,RG,8275,14,D,RX,GR,D
14:40:45,ICBP,RG,8275,3,D,AK,GR,D
14:40:44,ICBP,RG,8250,5,D,SQ,SQ,D
14:40:43,ICBP,RG,8275,3,D,AK,GR,D
14:40:43,ICBP,RG,8275,18,D,AK,LG,D
14:40:42,ICBP,RG,8250,3,D,SQ,YP,D
14:40:42,ICBP,RG,8250,40,D,SQ,YU,D
14:40:42,ICBP,RG,8275,7,D,AK,LG,D
14:40:42,ICBP,RG,8275,10,D,AK,YP,D
14:40:42,ICBP,RG,8275,2,D,AK,CC,D
14:40:42,ICBP,RG,8275,4,D,AK,LS,D
14:40:42,ICBP,RG,8275,1,D,AK,XC,D
14:40:42,ICBP,RG,8275,1,D,AK,YP,D
14:40:42,ICBP,RG,8275,1,D,AK,SQ,D
14:40:42,ICBP,RG,8275,4,D,AK,YJ,D
14:40:40,ICBP,RG,8250,47,D,SQ,BK,F
14:40:40,ICBP,RG,8250,3,D,ZP,BK,F
14:40:40,ICBP,RG,8250,8,D,YP,BK,F
14:40:40,ICBP,RG,8250,21,D,AK,BK,F
14:40:39,ICBP,RG,8250,3,F,YU,BK,F
14:40:39,ICBP,RG,8250,526,D,AK,BK,F
14:40:39,ICBP,RG,8250,15,D,AK,PD,D
14:40:39,ICBP,RG,8250,5,D,AK,TP,D
14:40:38,ICBP,RG,8250,1,F,AK,KK,D
14:40:38,ICBP,RG,8250,37,F,AK,AK,D
14:40:38,ICBP,RG,8250,4,F,AK,CD,D
14:40:38,ICBP,RG,8250,1,D,SQ,CD,D
14:40:38,ICBP,RG,8250,3,D,SQ,ZP,F
14:40:38,ICBP,RG,8250,3,D,SQ,LG,D
14:40:38,ICBP,RG,8250,1,D,SQ,XC,D
14:40:38,ICBP,RG,8250,2,D,SQ,LG,D
14:40:38,ICBP,RG,8250,4,D,SQ,GR,D
14:40:38,ICBP,RG,8250,8,D,SQ,TP,D
14:40:38,ICBP,RG,8250,20,D,SQ,PD,D
14:40:38,ICBP,RG,8250,10,D,SQ,PD,D
14:40:38,ICBP,RG,8250,1,D,SQ,SQ,D
14:40:38,ICBP,RG,8250,3,D,SQ,XL,D
14:40:38,ICBP,RG,8250,11,D,SQ,ZP,F
14:40:38,ICBP,RG,8250,1,D,SQ,YP,D
14:40:38,ICBP,RG,8250,17,D,SQ,ZP,F
14:40:38,ICBP,RG,8250,5,D,SQ,LG,D
14:40:38,ICBP,RG,8250,90,D,SQ,KZ,D
14:40:38,ICBP,RG,8250,20,D,SQ,AZ,D
14:40:38,ICBP,RG,8250,22,D,SQ,ZP,F
14:40:38,ICBP,RG,8250,20,D,SQ,ZP,F
14:40:38,ICBP,RG,8250,30,D,SQ,DR,D
14:40:38,ICBP,RG,8250,32,D,SQ,CC,F
14:40:38,ICBP,RG,8250,10,D,SQ,YP,D
14:40:38,ICBP,RG,8250,1,D,SQ,KK,D
14:40:38,ICBP,RG,8250,500,D,SQ,YP,D
14:40:38,ICBP,RG,8250,20,D,SQ,ZP,D
14:40:38,ICBP,RG,8250,1,D,SQ,SQ,D
14:40:38,ICBP,RG,8250,20,D,SQ,DR,D
14:40:38,ICBP,RG,8250,5,D,SQ,CC,D
14:40:38,ICBP,RG,8250,5,D,SQ,PD,D
14:40:38,ICBP,RG,8250,1,D,SQ,NI,D
14:40:38,ICBP,RG,8250,1,D,SQ,PD,D
14:40:38,ICBP,RG,8250,2,D,SQ,KK,D
14:40:38,ICBP,RG,8250,5,D,SQ,GR,D
14:40:38,ICBP,RG,8250,1,D,SQ,YP,D
14:40:38,ICBP,RG,8250,1,D,SQ,YP,D
14:40:38,ICBP,RG,8250,3,D,SQ,YP,D
14:40:38,ICBP,RG,8250,1,D,SQ,XC,D
14:40:38,ICBP,RG,8250,100,D,SQ,DR,D
14:40:38,ICBP,RG,8250,25,D,SQ,DR,D
14:40:38,ICBP,RG,8250,22,D,SQ,MG,D
14:40:38,ICBP,RG,8250,19,D,SQ,ZP,F
14:40:38,ICBP,RG,8250,30,D,SQ,PD,D
14:40:38,ICBP,RG,8250,9,D,SQ,AZ,D
14:40:38,ICBP,RG,8250,14,D,SQ,KK,D
14:40:38,ICBP,RG,8250,2,D,AK,KK,D
14:40:37,ICBP,RG,8225,10,D,BB,NI,D
14:40:37,ICBP,RG,8250,2,D,AZ,KK,D
14:40:37,ICBP,RG,8250,1,D,AK,KK,D
14:40:37,ICBP,RG,8225,1,D,BB,AZ,D
14:40:37,ICBP,RG,8225,1,F,AK,AZ,D
14:40:36,ICBP,RG,8250,1,D,DR,KK,D
14:40:36,ICBP,RG,8250,30,D,AK,KK,D
14:40:36,ICBP,RG,8250,50,D,AK,CC,D
14:40:36,ICBP,RG,8250,1,D,AK,PD,D
14:40:36,ICBP,RG,8250,1,D,AK,PD,D
14:40:36,ICBP,RG,8250,1,D,AK,XC,D
14:40:36,ICBP,RG,8250,5,D,AK,PD,D
14:40:36,ICBP,RG,8250,25,D,AK,XC,D
14:40:36,ICBP,RG,8250,5,D,AK,NI,D
14:40:36,ICBP,RG,8250,5,D,AK,CC,D
14:40:36,ICBP,RG,8250,1,D,AK,PD,D
14:40:36,ICBP,RG,8250,66,D,AK,DH,D
14:40:35,ICBP,RG,8250,149,D,KZ,DH,D
14:40:35,ICBP,RG,8250,15,D,KZ,PD,D
14:40:35,ICBP,RG,8250,33,D,KZ,SQ,D
14:40:35,ICBP,RG,8250,1,D,KZ,OD,F
14:40:35,ICBP,RG,8250,3,D,KZ,XC,D
14:40:35,ICBP,RG,8250,10,D,KZ,KK,D
14:40:35,ICBP,RG,8250,12,D,KZ,YP,D
14:40:35,ICBP,RG,8250,5,D,KZ,PD,D
14:40:35,ICBP,RG,8250,8,D,KZ,AK,D
14:40:35,ICBP,RG,8250,5,D,KZ,EP,D
14:40:35,ICBP,RG,8250,2,D,KZ,XC,D
14:40:35,ICBP,RG,8250,6,D,KZ,XC,D
14:40:35,ICBP,RG,8250,2,D,KZ,CC,D
14:40:35,ICBP,RG,8250,1,D,KZ,XC,D
14:40:35,ICBP,RG,8250,10,D,KZ,AK,D
14:40:35,ICBP,RG,8250,1,D,KZ,XC,D
14:40:35,ICBP,RG,8250,1,D,KZ,ZP,F
14:40:35,ICBP,RG,8250,1,D,KZ,PD,D
14:40:35,ICBP,RG,8250,110,D,KZ,LG,D
14:40:35,ICBP,RG,8250,12,D,KZ,YP,D
14:40:33,ICBP,RG,8250,1,D,AK,YP,D
14:40:32,ICBP,RG,8225,1,F,AK,PD,D
14:40:29,ICBP,RG,8250,1,D,AK,YP,D
14:40:28,ICBP,RG,8225,3,D,KZ,KK,D
14:40:27,ICBP,RG,8250,5,D,AK,YP,D
14:40:26,ICBP,RG,8250,7,D,AK,YP,D
14:40:25,ICBP,RG,8250,9,D,RX,YP,D
14:40:24,ICBP,RG,8225,14,D,KZ,XC,D
14:40:23,ICBP,RG,8250,4,D,AK,YP,D
14:40:22,ICBP,RG,8225,8,D,KZ,XC,D
14:40:22,ICBP,RG,8250,3,D,AK,YP,D
14:40:20,ICBP,RG,8225,2,D,KZ,DH,D
14:40:20,ICBP,RG,8225,5,D,KZ,PD,D
14:40:19,ICBP,RG,8250,5,D,AK,YP,D
14:40:17,ICBP,RG,8225,10,D,KZ,YP,D
14:40:16,ICBP,RG,8250,3,D,AK,YP,D
14:40:16,ICBP,RG,8250,9,D,AK,RX,D
14:40:16,ICBP,RG,8250,22,D,AK,PD,D
14:40:15,ICBP,RG,8250,3,D,AK,PD,D
14:40:15,ICBP,RG,8250,2,D,AK,DH,D
14:40:15,ICBP,RG,8250,1,D,AK,ZP,F
14:40:15,ICBP,RG,8250,1,D,AK,YP,D
14:40:15,ICBP,RG,8250,1,D,AK,ZP,F
14:40:15,ICBP,RG,8250,5,D,AK,XC,D
14:40:15,ICBP,RG,8250,1,D,AK,ZP,F
14:40:15,ICBP,RG,8250,7,D,AK,ZP,F
14:40:15,ICBP,RG,8250,29,D,AK,KZ,D
14:40:15,ICBP,RG,8225,47,D,KZ,CC,D
14:40:15,ICBP,RG,8225,4,D,RX,CC,D
14:40:15,ICBP,RG,8225,19,D,CC,CC,D
14:40:14,ICBP,RG,8250,62,D,YP,KZ,D
14:40:14,ICBP,RG,8250,3,D,YP,CC,D
14:40:14,ICBP,RG,8250,1,D,YP,AT,D
14:40:14,ICBP,RG,8250,10,D,YP,YP,D
14:40:14,ICBP,RG,8250,3,D,YP,PD,D
14:40:14,ICBP,RG,8250,1,D,YP,OD,D
14:40:14,ICBP,RG,8250,10,D,YP,PD,D
14:40:14,ICBP,RG,8250,1,D,YP,NI,D
14:40:14,ICBP,RG,8250,1,D,YP,YP,D
14:40:14,ICBP,RG,8250,1,D,YP,SQ,D
14:40:14,ICBP,RG,8250,7,D,YP,NI,D
14:40:12,ICBP,RG,8250,1,D,AK,NI,D
14:40:12,ICBP,RG,8250,9,D,AK,SQ,D
14:40:11,ICBP,RG,8225,20,D,CC,CC,D
14:40:10,ICBP,RG,8250,11,D,AK,SQ,D
14:40:10,ICBP,RG,8250,3,D,AK,YP,D
14:40:09,ICBP,RG,8225,10,D,CC,EP,D
14:40:09,ICBP,RG,8225,20,D,CC,EP,D
14:40:07,ICBP,RG,8250,2,D,AK,YP,D
14:40:07,ICBP,RG,8250,12,D,AK,YP,D
14:40:07,ICBP,RG,8250,1,D,AK,KK,D
14:40:06,ICBP,RG,8250,10,D,AK,KK,D
14:40:05,ICBP,RG,8225,30,D,CC,YP,D
14:40:05,ICBP,RG,8225,20,D,CC,NI,D
14:40:05,ICBP,RG,8250,2,D,AK,KK,D
14:40:05,ICBP,RG,8250,1,D,AK,PD,D
14:40:05,ICBP,RG,8250,9,D,AK,CC,D
14:40:04,ICBP,RG,8225,14,D,CC,PD,D
14:40:04,ICBP,RG,8225,10,D,CC,GR,D
14:40:04,ICBP,RG,8250,1,D,AK,CC,D
14:40:03,ICBP,RG,8225,3,D,CC,PD,D
14:40:03,ICBP,RG,8250,11,D,AK,CC,D
14:40:02,ICBP,RG,8225,2,D,CC,CC,D
14:40:01,ICBP,RG,8225,20,D,CC,PD,D
14:40:01,ICBP,RG,8250,3,D,AK,CC,D
14:40:00,ICBP,RG,8225,5,D,CC,ZP,D
14:40:00,ICBP,RG,8250,97,D,AK,CC,D
14:39:59,ICBP,RG,8225,2,D,CC,XL,D
14:39:59,ICBP,RG,8250,92,D,OD,CC,D
14:39:59,ICBP,RG,8250,110,D,OD,CC,D
14:39:59,ICBP,RG,8250,16,D,OD,CC,D
14:39:59,ICBP,RG,8250,1,D,OD,XC,D
14:39:59,ICBP,RG,8250,6,D,OD,NI,D
14:39:57,ICBP,RG,8225,5,D,CC,SQ,D
14:39:57,ICBP,RG,8225,5,D,CC,XC,D
14:39:54,ICBP,RG,8225,3,D,CC,YP,D
14:39:53,ICBP,RG,8250,4,D,XC,NI,D
14:39:53,ICBP,RG,8250,5,D,XC,GR,D
14:39:53,ICBP,RG,8225,75,D,CC,YP,D
14:39:53,ICBP,RG,8225,2,D,CC,XC,D
14:39:50,ICBP,RG,8225,10,D,CC,DR,D
14:39:50,ICBP,RG,8225,38,D,CC,YP,D
14:39:50,ICBP,RG,8225,12,D,RX,YP,D
14:39:50,ICBP,RG,8225,19,D,YU,YP,D
14:39:50,ICBP,RG,8225,19,D,YU,YP,D
14:39:50,ICBP,RG,8225,97,D,YP,YP,D
14:39:49,ICBP,RG,8225,3,D,YP,PD,D
14:39:49,ICBP,RG,8225,15,D,AK,PD,D
14:39:49,ICBP,RG,8225,4,D,AK,XC,D
14:39:48,ICBP,RG,8225,7,D,AK,PD,D
14:39:48,ICBP,RG,8225,5,D,AK,CC,D
14:39:48,ICBP,RG,8225,2,D,AK,DH,D
14:39:47,ICBP,RG,8225,7,D,AK,YP,D
14:39:47,ICBP,RG,8225,17,D,AK,YP,D
14:39:46,ICBP,RG,8225,70,D,AK,SQ,D
14:39:45,ICBP,RG,8225,5,D,AK,CC,D
14:39:44,ICBP,RG,8225,1,D,AK,YP,D
14:39:43,ICBP,RG,8225,14,D,AK,YP,D
14:39:39,ICBP,RG,8225,1,D,AK,XC,D
14:39:36,ICBP,RG,8225,1,D,AK,PD,D
14:39:35,ICBP,RG,8225,1,D,AK,XC,D
14:39:34,ICBP,RG,8250,5,D,PD,GR,D
14:39:34,ICBP,RG,8250,7,D,PD,CC,D
14:39:34,ICBP,RG,8225,4,D,AK,YP,D
14:39:33,ICBP,RG,8225,13,D,AK,YP,D
14:39:31,ICBP,RG,8250,7,D,AK,CC,D
14:39:30,ICBP,RG,8250,12,D,CC,CC,D
14:39:30,ICBP,RG,8250,11,D,CC,YP,D
14:39:29,ICBP,RG,8250,4,D,BB,YP,D
14:39:29,ICBP,RG,8250,3,D,BB,YP,D
14:39:29,ICBP,RG,8250,20,D,BB,TP,D
14:39:29,ICBP,RG,8250,1,D,BB,XC,D
14:39:29,ICBP,RG,8250,1,D,BB,SQ,D
14:39:29,ICBP,RG,8250,1,D,BB,YP,D
14:39:29,ICBP,RG,8250,2,D,BB,KK,D
14:39:29,ICBP,RG,8250,35,D,BB,YP,D
14:39:29,ICBP,RG,8250,23,D,BB,GR,D
14:39:23,ICBP,RG,8225,5,D,AK,PD,D
14:39:16,ICBP,RG,8225,1,D,AK,PD,D
14:39:02,ICBP,RG,8250,7,D,BB,GR,D
14:38:56,ICBP,RG,8250,10,D,YP,GR,D
14:38:55,ICBP,RG,8225,50,D,AK,YP,D
14:38:51,ICBP,RG,8225,5,D,AK,PD,D
14:38:51,ICBP,RG,8225,6,D,YP,PD,D
14:38:51,ICBP,RG,8225,4,D,DH,PD,D
14:38:47,ICBP,RG,8250,3,D,AK,GR,D
14:38:45,ICBP,RG,8225,6,D,DH,PC,D
14:38:42,ICBP,RG,8250,7,D,AK,GR,D
14:38:42,ICBP,RG,8250,5,D,AK,PD,D
14:38:42,ICBP,RG,8250,6,D,AK,ZP,F
14:38:42,ICBP,RG,8250,164,D,AK,XC,D
14:38:41,ICBP,RG,8250,9,D,AK,XC,D
14:38:41,ICBP,RG,8225,40,D,DH,CC,D
14:38:41,ICBP,RG,8225,130,D,CC,CC,D
14:38:41,ICBP,RG,8225,10,D,NI,CC,D
14:38:41,ICBP,RG,8225,5,D,YP,CC,D
14:38:41,ICBP,RG,8225,3,F,YU,CC,D
14:38:41,ICBP,RG,8225,1,D,PD,CC,D
14:38:41,ICBP,RG,8225,12,D,OD,CC,D
14:38:41,ICBP,RG,8225,4,D,DX,CC,D
14:38:41,ICBP,RG,8225,3,D,DX,CC,D
14:38:41,ICBP,RG,8225,1,F,AK,CC,D
14:38:41,ICBP,RG,8225,3,D,DX,CC,D
14:38:41,ICBP,RG,8225,4,D,DX,CC,D
14:38:41,ICBP,RG,8225,5,D,DX,CC,D
14:38:41,ICBP,RG,8225,2,D,YP,CC,D
14:38:41,ICBP,RG,8225,30,D,RX,CC,D
14:38:41,ICBP,RG,8225,39,D,YU,CC,D
14:38:41,ICBP,RG,8225,32,D,YU,CC,D
14:38:41,ICBP,RG,8225,32,D,YU,CC,D
14:38:41,ICBP,RG,8225,12,D,BB,CC,D
14:38:40,ICBP,RG,8225,16,D,BB,NI,D
14:38:39,ICBP,RG,8225,2,D,BB,YP,D
14:38:35,ICBP,RG,8250,13,D,AK,XC,D
14:38:34,ICBP,RG,8225,11,D,BB,YB,D
14:38:34,ICBP,RG,8225,6,D,YP,YB,D
14:38:34,ICBP,RG,8225,2,D,YP,YB,D
14:38:34,ICBP,RG,8225,3,D,CC,YB,D
14:38:34,ICBP,RG,8225,2,D,RX,YB,D
14:38:34,ICBP,RG,8225,1,F,AK,YB,D
14:38:34,ICBP,RG,8250,3,D,YP,XC,D
14:38:33,ICBP,RG,8250,5,D,AK,XC,D
14:38:32,ICBP,RG,8250,9,D,PD,XC,D
14:38:28,ICBP,RG,8250,10,D,AK,XC,D
14:38:27,ICBP,RG,8225,5,D,DH,EP,D
14:38:27,ICBP,RG,8225,1,D,YP,EP,D
14:38:27,ICBP,RG,8225,2,D,PD,EP,D
14:38:27,ICBP,RG,8225,12,D,RX,EP,D
14:38:24,ICBP,RG,8250,1,D,XC,XC,D
14:38:15,ICBP,RG,8250,26,D,AK,XC,D
14:38:14,ICBP,RG,8250,52,D,BB,XC,D
14:38:12,ICBP,RG,8250,3,D,AK,XC,D
14:38:11,ICBP,RG,8250,7,D,BB,XC,D
14:38:11,ICBP,RG,8250,1,D,AK,XC,D
14:38:10,ICBP,RG,8225,1,D,RX,XC,D
14:38:10,ICBP,RG,8250,14,D,AK,XC,D
14:38:08,ICBP,RG,8225,10,D,RX,SQ,D
14:38:08,ICBP,RG,8225,1,D,PD,SQ,D
14:38:08,ICBP,RG,8225,19,D,CC,SQ,D
14:38:03,ICBP,RG,8250,3,D,AK,XC,D
14:38:02,ICBP,RG,8225,5,D,CC,NI,D
14:37:54,ICBP,RG,8250,4,D,AK,XC,D
14:37:53,ICBP,RG,8250,9,D,RX,XC,D
14:37:48,ICBP,RG,8250,69,D,AK,XC,D
14:37:47,ICBP,RG,8225,1,D,CC,ZP,F
14:37:46,ICBP,RG,8250,95,D,PD,XC,D
14:37:46,ICBP,RG,8250,58,D,PD,GR,D
14:37:40,ICBP,RG,8225,5,D,CC,YP,D
14:37:40,ICBP,RG,8225,5,D,YP,YP,D
14:37:40,ICBP,RG,8225,4,D,AK,YP,D
14:37:40,ICBP,RG,8225,17,D,AK,YP,D
14:37:40,ICBP,RG,8225,19,D,YP,YP,D
14:37:37,ICBP,RG,8250,62,D,AK,GR,D
14:37:36,ICBP,RG,8250,5,D,AK,GR,D
14:37:35,ICBP,RG,8250,125,D,PD,GR,D
14:37:35,ICBP,RG,8250,10,D,RX,GR,D
14:37:33,ICBP,RG,8250,1,D,AK,GR,D
14:37:32,ICBP,RG,8225,3,D,YP,ZP,F
14:37:23,ICBP,RG,8250,3,D,AK,GR,D
14:37:22,ICBP,RG,8225,6,D,YP,YP,D
14:37:19,ICBP,RG,8250,25,D,AK,GR,D
14:37:18,ICBP,RG,8225,50,D,YP,LG,D
14:37:18,ICBP,RG,8250,3,D,AK,GR,D
14:37:18,ICBP,RG,8250,7,D,BB,GR,D
14:37:13,ICBP,RG,8250,1,D,AK,GR,D
14:37:13,ICBP,RG,8250,2,D,AK,YP,D
14:37:13,ICBP,RG,8250,1,D,AK,YP,D
14:37:13,ICBP,RG,8250,1,D,AK,RX,D
14:37:12,ICBP,RG,8250,9,D,RX,RX,D
14:37:12,ICBP,RG,8250,1,D,RX,DR,D
14:37:11,ICBP,RG,8250,12,D,AK,XC,D
14:37:10,ICBP,RG,8225,22,D,YP,XC,D
14:37:10,ICBP,RG,8225,1,D,PP,XC,D
14:37:01,ICBP,RG,8250,1,D,AK,XC,D
14:36:59,ICBP,RG,8250,3,D,DX,XC,D
14:36:56,ICBP,RG,8250,1,D,AK,XC,D
14:36:55,ICBP,RG,8250,1,D,KK,XC,D
14:36:53,ICBP,RG,8250,5,D,AK,XC,D
14:36:52,ICBP,RG,8250,10,D,RX,XC,D
14:36:49,ICBP,RG,8225,1,D,PP,PD,D
14:36:47,ICBP,RG,8250,1,D,AK,XC,D
14:36:46,ICBP,RG,8225,1,D,PP,YP,D
14:36:39,ICBP,RG,8225,1,D,PP,CC,D
14:36:31,ICBP,RG,8250,1,D,AK,XC,D
14:36:31,ICBP,RG,8225,1,D,PP,PD,D
14:36:29,ICBP,RG,8250,1,D,AK,XC,D
14:36:28,ICBP,RG,8250,3,D,PD,XC,D
14:36:25,ICBP,RG,8250,4,D,AK,XC,D
14:36:24,ICBP,RG,8225,2,D,PP,NI,D
14:36:24,ICBP,RG,8250,6,D,BB,XC,D
14:36:18,ICBP,RG,8250,1,D,AK,XC,D
14:36:17,ICBP,RG,8225,3,D,PP,YP,D
14:35:57,ICBP,RG,8250,54,D,AK,XC,D
14:35:56,ICBP,RG,8225,90,D,PP,NI,D
14:35:56,ICBP,RG,8225,3,D,DX,NI,D
14:35:56,ICBP,RG,8225,4,D,DX,NI,D
14:35:56,ICBP,RG,8225,3,D,DX,NI,D
14:35:56,ICBP,RG,8225,3,D,DX,NI,D
14:35:56,ICBP,RG,8225,1,F,AK,NI,D
14:35:56,ICBP,RG,8225,2,D,EP,NI,D
14:35:56,ICBP,RG,8225,2,D,DP,NI,D
14:35:56,ICBP,RG,8250,17,D,AK,NI,D
14:35:55,ICBP,RG,8225,35,D,DP,KK,D
14:35:54,ICBP,RG,8250,5,D,AK,NI,D
14:35:53,ICBP,RG,8225,11,D,DP,YP,D
14:35:51,ICBP,RG,8250,13,D,AK,NI,D
14:35:50,ICBP,RG,8225,25,D,DP,SQ,D
14:35:49,ICBP,RG,8250,9,D,AK,NI,D
14:35:48,ICBP,RG,8225,10,D,DP,DH,D
14:35:48,ICBP,RG,8225,10,D,DP,CC,D
14:35:47,ICBP,RG,8225,407,D,DP,YP,D
14:35:47,ICBP,RG,8225,43,D,RX,YP,D
14:35:34,ICBP,RG,8250,2,D,BB,NI,D
14:35:33,ICBP,RG,8225,15,D,RX,SQ,D
14:35:31,ICBP,RG,8225,42,D,RX,EP,D
14:35:31,ICBP,RG,8225,1,F,AK,EP,D
14:35:31,ICBP,RG,8225,10,D,DH,EP,D
14:35:31,ICBP,RG,8225,7,D,KK,EP,D
14:35:31,ICBP,RG,8225,1,F,AK,EP,D
14:35:31,ICBP,RG,8225,2,D,YP,EP,D
14:35:31,ICBP,RG,8225,241,D,CC,EP,D
14:35:31,ICBP,RG,8225,35,D,RX,EP,D
14:35:26,ICBP,RG,8225,1,D,RX,PD,D
14:35:06,ICBP,RG,8225,10,D,RX,AG,D
14:35:04,ICBP,RG,8225,4,D,RX,ZP,F
14:35:03,ICBP,RG,8225,1,D,RX,ZP,F
14:34:58,ICBP,RG,8225,21,D,RX,KK,D
14:34:55,ICBP,RG,8225,6,D,RX,PD,D
14:34:53,ICBP,RG,8225,2,D,RX,RX,D
14:34:51,ICBP,RG,8225,6,D,RX,CC,D
14:34:51,ICBP,RG,8225,37,D,RX,AK,D
14:34:51,ICBP,RG,8225,173,D,RX,CC,D
14:34:51,ICBP,RG,8225,4,D,RX,YP,D
14:34:48,ICBP,RG,8225,3,D,CC,YP,D
14:34:47,ICBP,RG,8225,1,D,YP,YP,D
14:34:47,ICBP,RG,8225,8,D,YP,AK,D
14:34:47,ICBP,RG,8225,24,D,YP,AK,D
14:34:47,ICBP,RG,8225,17,D,YP,CC,D
14:34:46,ICBP,RG,8225,1,D,BQ,CC,D
14:34:45,ICBP,RG,8225,1,D,YP,CC,D
14:34:45,ICBP,RG,8225,10,D,YP,EP,D
14:34:45,ICBP,RG,8225,1,D,YP,YP,D
14:34:45,ICBP,RG,8225,20,D,YP,ZP,F
14:34:45,ICBP,RG,8225,18,D,YP,ZP,F
14:34:44,ICBP,RG,8225,2,D,OD,ZP,F
14:34:44,ICBP,RG,8225,21,D,OD,ZP,F
14:34:44,ICBP,RG,8225,17,D,OD,ZP,F
14:34:44,ICBP,RG,8225,6,D,OD,ZP,F
14:34:44,ICBP,RG,8225,69,D,OD,KZ,D
14:34:44,ICBP,RG,8225,110,D,OD,KZ,D
14:34:44,ICBP,RG,8225,23,D,OD,KZ,D
14:34:44,ICBP,RG,8225,38,D,OD,KZ,D
14:34:43,ICBP,RG,8225,3,D,YP,KZ,D
14:34:41,ICBP,RG,8225,300,D,RX,KZ,D
14:34:30,ICBP,RG,8225,1,F,AK,KZ,D
14:34:30,ICBP,RG,8225,2,F,YU,KZ,D
14:34:30,ICBP,RG,8225,1,D,YP,KZ,D
14:34:30,ICBP,RG,8225,4,D,PP,KZ,D
14:34:30,ICBP,RG,8225,50,D,PD,KZ,D
14:34:30,ICBP,RG,8225,10,D,NI,KZ,D
14:34:30,ICBP,RG,8225,18,D,YU,KZ,D
14:34:29,ICBP,RG,8225,2,D,YU,CC,D
14:34:28,ICBP,RG,8225,1,D,YU,NI,D
14:34:26,ICBP,RG,8225,2,D,YU,YB,D
14:34:23,ICBP,RG,8225,20,D,YU,YP,D
14:34:20,ICBP,RG,8225,2,D,YU,OD,D
14:34:20,ICBP,RG,8225,2,D,YU,OD,D
14:34:18,ICBP,RG,8225,1,D,YU,SQ,D
14:34:17,ICBP,RG,8225,26,D,YU,YU,D
14:34:17,ICBP,RG,8225,22,D,YU,YU,D
14:34:17,ICBP,RG,8225,23,D,YU,YU,D
14:34:17,ICBP,RG,8225,4,D,PP,YU,D
14:34:17,ICBP,RG,8225,6,D,LG,YU,D
14:34:17,ICBP,RG,8225,19,D,LG,YU,D
14:34:16,ICBP,RG,8225,2,D,LG,CC,D
14:34:15,ICBP,RG,8225,1,D,LG,KK,D
14:34:14,ICBP,RG,8225,17,D,LG,CC,D
14:34:13,ICBP,RG,8225,13,D,LG,PD,D
14:34:13,ICBP,RG,8225,4,D,LG,PD,D
14:34:13,ICBP,RG,8225,37,D,LG,PD,D
14:34:13,ICBP,RG,8225,26,D,BB,PD,D
14:34:13,ICBP,RG,8225,120,D,RX,PD,D
14:34:10,ICBP,RG,8225,33,D,RX,PD,D
14:34:06,ICBP,RG,8225,1,D,RX,YP,D
14:34:06,ICBP,RG,8225,4,D,RX,ZP,F
14:34:04,ICBP,RG,8225,2,D,RX,CC,D
14:34:00,ICBP,RG,8250,1,D,AK,NI,D
14:34:00,ICBP,RG,8250,1,D,AK,NI,D
14:33:56,ICBP,RG,8225,10,D,RX,AZ,D
14:33:43,ICBP,RG,8225,30,D,RX,CC,D
14:33:43,ICBP,RG,8225,1,D,AK,CC,D
14:33:43,ICBP,RG,8225,1,F,AK,CC,D
14:33:43,ICBP,RG,8225,3,D,XL,CC,D
14:33:43,ICBP,RG,8225,15,D,BB,CC,D
14:33:35,ICBP,RG,8225,5,D,BB,PD,D
14:33:35,ICBP,RG,8225,1,D,BB,XC,D
14:33:31,ICBP,RG,8225,2,D,BB,CC,D
14:33:31,ICBP,RG,8225,2,D,BB,RX,D
14:33:29,ICBP,RG,8225,123,D,BB,YP,D
14:33:29,ICBP,RG,8225,2,D,AK,YP,D
14:33:29,ICBP,RG,8225,1,F,AK,YP,D
14:33:29,ICBP,RG,8225,1,D,RX,YP,D
14:33:29,ICBP,RG,8225,44,D,BB,YP,D
14:33:29,ICBP,RG,8225,329,D,CC,YP,D
14:33:29,ICBP,RG,8225,91,D,KZ,YP,D
14:33:28,ICBP,RG,8225,10,D,KZ,GR,D
14:33:28,ICBP,RG,8225,2,D,AK,GR,D
14:33:28,ICBP,RG,8225,1,D,PP,GR,D
14:33:26,ICBP,RG,8225,2,D,PP,PD,D
14:33:24,ICBP,RG,8225,8,D,PP,ZP,F
14:33:23,ICBP,RG,8250,26,D,CC,NI,D
14:33:23,ICBP,RG,8225,19,D,PP,IF,D
14:33:23,ICBP,RG,8225,7,D,AK,IF,D
14:33:23,ICBP,RG,8225,2,F,AK,IF,D
14:33:23,ICBP,RG,8225,257,D,BB,IF,D
14:33:23,ICBP,RG,8225,10,D,XL,IF,D
14:33:23,ICBP,RG,8225,4,D,ZP,IF,D
14:33:23,ICBP,RG,8225,4,D,DX,IF,D
14:33:23,ICBP,RG,8225,11,D,BB,IF,D
14:33:23,ICBP,RG,8225,3,D,DX,IF,D
14:33:23,ICBP,RG,8225,4,D,DX,IF,D
14:33:23,ICBP,RG,8225,3,D,DX,IF,D
14:33:23,ICBP,RG,8225,3,D,DX,IF,D
14:33:23,ICBP,RG,8225,5,D,KK,IF,D
14:33:23,ICBP,RG,8225,1,D,PD,IF,D
14:33:23,ICBP,RG,8225,1,D,YP,IF,D
14:33:23,ICBP,RG,8225,3,F,YU,IF,D
14:33:23,ICBP,RG,8225,29,D,CC,IF,D
14:33:23,ICBP,RG,8225,1,D,XC,IF,D
14:33:23,ICBP,RG,8225,1,D,XC,IF,D
14:33:23,ICBP,RG,8225,1,D,YP,IF,D
14:33:23,ICBP,RG,8225,31,D,YU,IF,D
14:33:23,ICBP,RG,8225,10,D,EP,IF,D
14:33:23,ICBP,RG,8225,5,D,CC,IF,D
14:33:23,ICBP,RG,8225,50,D,DH,IF,D
14:33:23,ICBP,RG,8225,2,D,YP,IF,D
14:33:23,ICBP,RG,8225,125,D,PD,IF,D
14:33:23,ICBP,RG,8225,2,D,AZ,IF,D
14:33:23,ICBP,RG,8225,1,D,CC,IF,D
14:33:23,ICBP,RG,8225,36,D,HP,IF,D
14:33:23,ICBP,RG,8225,15,D,XC,IF,D
14:33:23,ICBP,RG,8225,3,D,PD,IF,D
14:33:23,ICBP,RG,8225,5,D,YP,IF,D
14:33:23,ICBP,RG,8225,30,D,YU,IF,D
14:33:23,ICBP,RG,8225,27,D,CC,IF,D
14:33:23,ICBP,RG,8225,2,F,YU,IF,D
14:33:23,ICBP,RG,8225,5,D,YP,IF,D
14:33:23,ICBP,RG,8225,87,D,KZ,IF,D
14:33:23,ICBP,RG,8225,150,D,LG,IF,D
14:33:23,ICBP,RG,8225,1,D,AZ,IF,D
14:33:23,ICBP,RG,8225,28,D,YU,IF,D
14:33:23,ICBP,RG,8225,16,D,YU,IF,D
14:33:15,ICBP,RG,8250,3,D,DR,NI,D
14:33:14,ICBP,RG,8225,12,D,YU,YP,D
14:33:12,ICBP,RG,8225,1,D,XC,PD,D
14:33:12,ICBP,RG,8225,1,F,AK,PD,D
14:33:12,ICBP,RG,8225,6,D,RX,PD,D
14:33:12,ICBP,RG,8225,2,D,BB,PD,D
14:32:54,ICBP,RG,8225,4,D,BB,KK,D
14:32:54,ICBP,RG,8225,1,D,AK,KK,D
14:32:50,ICBP,RG,8225,1,D,AK,ZP,D
14:32:50,ICBP,RG,8225,1,D,NI,ZP,D
14:32:50,ICBP,RG,8225,8,D,YU,ZP,D
14:32:46,ICBP,RG,8225,1,D,YU,XC,D
14:32:35,ICBP,RG,8225,15,D,YU,XC,D
14:32:35,ICBP,RG,8225,18,D,YU,XC,D
14:32:35,ICBP,RG,8225,6,D,YU,NI,D
14:32:35,ICBP,RG,8225,2,D,AK,NI,D
14:32:35,ICBP,RG,8225,1,F,AK,NI,D
14:32:35,ICBP,RG,8225,1,D,CC,NI,D
14:32:35,ICBP,RG,8225,3,D,PP,NI,D
14:32:31,ICBP,RG,8225,110,D,PP,OD,D
14:32:29,ICBP,RG,8250,2,D,CC,NI,D
14:32:29,ICBP,RG,8225,10,D,PP,XA,D
14:32:11,ICBP,RG,8225,15,D,PP,CC,D
14:32:07,ICBP,RG,8250,1,D,RX,NI,D
14:32:04,ICBP,RG,8250,4,D,DX,NI,D
14:32:03,ICBP,RG,8250,1,D,XL,NI,D
14:31:59,ICBP,RG,8250,3,D,DX,NI,D
14:31:59,ICBP,RG,8225,1,D,PP,YP,D
14:31:57,ICBP,RG,8250,12,D,AK,NI,D
14:31:55,ICBP,RG,8250,4,D,DX,NI,D
14:31:53,ICBP,RG,8225,10,D,PP,PD,D
14:31:53,ICBP,RG,8250,2,D,DX,NI,D
14:31:53,ICBP,RG,8225,1,D,PP,PD,D
14:31:53,ICBP,RG,8225,1,D,YP,PD,D
14:31:53,ICBP,RG,8225,1,D,BB,PD,D
14:31:50,ICBP,RG,8225,25,D,BB,CC,D
14:31:48,ICBP,RG,8250,3,D,DX,NI,D
14:31:47,ICBP,RG,8225,10,D,BB,YU,D
14:31:47,ICBP,RG,8225,17,D,BB,DR,D
14:31:47,ICBP,RG,8225,83,D,CC,DR,D
14:31:46,ICBP,RG,8250,10,D,PD,NI,D
14:31:44,ICBP,RG,8250,4,F,AK,NI,D
14:31:42,ICBP,RG,8225,1,D,CC,XC,D
14:31:37,ICBP,RG,8225,3,D,CC,PD,D
14:31:34,ICBP,RG,8250,68,D,BB,NI,D
14:31:33,ICBP,RG,8225,2,D,CC,PD,D
14:31:33,ICBP,RG,8225,100,D,CC,EP,D
14:31:30,ICBP,RG,8250,2,D,PD,NI,D
14:31:22,ICBP,RG,8250,99,D,PD,NI,D
14:31:22,ICBP,RG,8250,28,D,PD,SQ,D
14:31:22,ICBP,RG,8250,5,D,PD,YU,D
14:31:22,ICBP,RG,8250,2,D,PD,PD,D
14:31:22,ICBP,RG,8250,1,D,PD,ZP,F
14:31:22,ICBP,RG,8250,9,D,PD,AK,D
14:31:22,ICBP,RG,8250,2,D,PD,XL,D
14:31:22,ICBP,RG,8250,5,D,PD,CC,D
14:31:22,ICBP,RG,8250,1,D,PD,YP,D
14:31:22,ICBP,RG,8250,1,D,PD,ZP,F
14:31:22,ICBP,RG,8225,1,D,CC,KK,D
14:31:21,ICBP,RG,8225,110,D,CC,BK,F
14:31:19,ICBP,RG,8225,1,D,CC,PD,D
14:31:19,ICBP,RG,8225,1,D,YP,PD,D
14:31:19,ICBP,RG,8225,122,D,CC,PD,D
14:31:19,ICBP,RG,8225,27,D,KZ,PD,D
14:31:19,ICBP,RG,8225,217,D,CC,PD,D
14:31:15,ICBP,RG,8225,5,D,CC,NI,D
14:31:14,ICBP,RG,8225,5,D,CC,PD,D
14:31:14,ICBP,RG,8250,5,D,YP,YP,D
14:31:14,ICBP,RG,8250,6,D,YP,ZP,F
14:31:14,ICBP,RG,8250,86,D,YP,KK,D
14:31:13,ICBP,RG,8225,1,D,CC,KK,D
14:31:09,ICBP,RG,8225,6,D,CC,CC,D
14:31:09,ICBP,RG,8225,14,D,CC,CC,D
14:31:05,ICBP,RG,8225,1,D,CC,XC,D
14:31:04,ICBP,RG,8225,15,D,CC,SQ,D
14:31:04,ICBP,RG,8225,1,D,CC,SQ,D
14:31:04,ICBP,RG,8225,5,D,YP,SQ,D
14:31:04,ICBP,RG,8225,2,D,YP,SQ,D
14:31:04,ICBP,RG,8225,27,D,SQ,SQ,D
14:30:53,ICBP,RG,8225,2,D,SQ,GR,D
14:30:47,ICBP,RG,8250,5,D,BB,KK,D
14:30:45,ICBP,RG,8225,1,D,SQ,SQ,D
14:30:45,ICBP,RG,8225,2,D,YP,SQ,D
14:30:45,ICBP,RG,8225,2,D,YP,SQ,D
14:30:43,ICBP,RG,8250,66,D,BB,KK,D
14:30:39,ICBP,RG,8225,1,D,XC,EP,D
14:30:39,ICBP,RG,8225,1,D,PD,YJ,D
14:30:39,ICBP,RG,8225,7,D,OD,YJ,D
14:30:39,ICBP,RG,8225,1,D,YP,YJ,D
14:30:39,ICBP,RG,8225,1,D,PD,YJ,D
14:30:36,ICBP,RG,8225,1,D,CC,CC,D
14:30:36,ICBP,RG,8225,6,D,YP,CC,D
14:30:35,ICBP,RG,8225,1,D,YP,XC,D
14:30:35,ICBP,RG,8250,14,D,AK,KK,D
14:30:34,ICBP,RG,8225,1,D,YP,YP,D
14:30:34,ICBP,RG,8225,1,D,NI,YP,D
14:30:34,ICBP,RG,8225,1,D,PD,YP,D
14:30:34,ICBP,RG,8225,3,D,XC,YP,D
14:30:34,ICBP,RG,8225,3,D,YP,YP,D
14:30:34,ICBP,RG,8225,1,D,NI,YP,D
14:30:14,ICBP,RG,8225,1,D,CC,PD,D
14:30:13,ICBP,RG,8225,1,D,XC,CC,D
14:30:13,ICBP,RG,8225,1,D,YB,CC,D
14:30:13,ICBP,RG,8225,13,D,LG,CC,D
14:30:13,ICBP,RG,8225,13,D,LG,CC,D
14:30:09,ICBP,RG,8225,6,D,LG,LG,D
14:30:00,ICBP,RG,8250,25,D,YU,KK,D
14:30:00,ICBP,RG,8250,19,D,YU,KK,D
14:30:00,ICBP,RG,8250,19,D,YU,KK,D
14:30:00,ICBP,RG,8250,25,D,YU,KK,D
14:29:59,ICBP,RG,8250,5,D,YP,KK,D
14:29:58,ICBP,RG,8225,31,D,LG,YP,D
14:29:54,ICBP,RG,8250,64,D,BB,KK,D
14:29:53,ICBP,RG,8225,5,D,LG,DH,D
14:29:44,ICBP,RG,8250,1,D,XC,KK,D
14:29:31,ICBP,RG,8250,4,D,DX,KK,D
14:29:31,ICBP,RG,8250,3,D,DX,KK,D
14:29:30,ICBP,RG,8250,5,D,DX,KK,D
14:29:29,ICBP,RG,8250,3,D,DX,KK,D
14:29:26,ICBP,RG,8250,4,F,AK,KK,D
14:29:24,ICBP,RG,8250,3,D,DX,KK,D
14:29:19,ICBP,RG,8225,5,D,LG,LG,D
14:29:16,ICBP,RG,8250,149,D,CC,KK,D
14:29:16,ICBP,RG,8250,13,D,CC,YP,D
14:29:16,ICBP,RG,8250,138,D,CC,AG,D
14:29:08,ICBP,RG,8250,15,D,AK,AG,D
14:29:07,ICBP,RG,8250,68,D,BB,AG,D
14:28:58,ICBP,RG,8225,3,D,LG,XL,D
14:28:56,ICBP,RG,8250,1,D,CD,AG,D
14:28:55,ICBP,RG,8225,5,D,LG,YP,D
14:28:46,ICBP,RG,8250,78,D,PD,AG,D
14:28:46,ICBP,RG,8250,1,D,PD,YP,D
14:28:46,ICBP,RG,8250,1,D,PD,ZP,F
14:28:46,ICBP,RG,8250,45,D,PD,YP,D
14:28:42,ICBP,RG,8225,10,D,LG,YP,D
14:28:41,ICBP,RG,8225,20,D,LG,IF,D
14:28:41,ICBP,RG,8225,5,D,LG,BK,F
14:28:41,ICBP,RG,8225,9,D,LG,BK,F
14:28:41,ICBP,RG,8225,75,D,LG,BK,F
14:28:41,ICBP,RG,8225,1,D,XC,BK,F
14:28:41,ICBP,RG,8225,28,D,PP,BK,F
14:28:38,ICBP,RG,8225,3,D,PP,YP,D
14:28:36,ICBP,RG,8225,4,D,PP,XC,D
14:28:28,ICBP,RG,8225,1,D,PP,ZP,F
14:28:22,ICBP,RG,8225,1,D,PP,XC,D
14:28:21,ICBP,RG,8225,5,D,PP,PD,D
14:28:19,ICBP,RG,8250,3,D,ZP,YP,D
14:28:19,ICBP,RG,8225,18,D,PP,IF,D
14:28:19,ICBP,RG,8225,70,D,NI,IF,D
14:28:18,ICBP,RG,8225,16,D,NI,YP,D
14:28:17,ICBP,RG,8250,65,D,BB,YP,D
14:28:13,ICBP,RG,8225,2,D,NI,ZP,F
14:28:07,ICBP,RG,8225,49,D,NI,YP,D
14:27:56,ICBP,RG,8250,1,D,YP,YP,D
14:27:56,ICBP,RG,8250,1,D,YP,XC,D
14:27:56,ICBP,RG,8250,4,D,YP,CC,D
14:27:54,ICBP,RG,8250,2,D,XC,CC,D
14:27:53,ICBP,RG,8250,1,D,PD,CC,D
14:27:50,ICBP,RG,8225,2,D,NI,PD,D
14:27:50,ICBP,RG,8250,4,D,CC,CC,D
14:27:50,ICBP,RG,8250,3,D,XL,CC,D
14:27:50,ICBP,RG,8225,1,D,NI,YP,D
14:27:47,ICBP,RG,8250,131,D,SQ,CC,D
14:27:47,ICBP,RG,8250,4,D,SQ,ZP,F
14:27:47,ICBP,RG,8250,133,D,SQ,YP,D
14:27:47,ICBP,RG,8250,10,D,SQ,SQ,D
14:27:47,ICBP,RG,8250,10,D,SQ,PD,D
14:27:47,ICBP,RG,8250,1,D,SQ,ZP,F
14:27:47,ICBP,RG,8250,10,D,SQ,PD,D
14:27:47,ICBP,RG,8250,3,D,SQ,PD,D
14:27:47,ICBP,RG,8250,148,D,SQ,CC,F
14:27:45,ICBP,RG,8250,5,D,YP,CC,F
14:27:39,ICBP,RG,8250,1,D,XC,CC,F
14:27:39,ICBP,RG,8250,1,D,XC,CC,F
14:27:38,ICBP,RG,8250,13,D,OD,CC,F
14:27:37,ICBP,RG,8250,87,D,OD,CC,F
14:27:37,ICBP,RG,8250,15,D,AK,CC,F
14:27:37,ICBP,RG,8250,28,D,OD,CC,F
14:27:37,ICBP,RG,8250,2,D,OD,XC,D
14:27:37,ICBP,RG,8250,45,D,OD,AK,D
14:27:37,ICBP,RG,8250,1,D,OD,ZP,F
14:27:37,ICBP,RG,8250,9,D,OD,ZP,F
14:27:37,ICBP,RG,8250,1,D,OD,XC,D
14:27:37,ICBP,RG,8250,2,D,OD,YP,D
14:27:37,ICBP,RG,8250,30,D,OD,YB,D
14:27:36,ICBP,RG,8225,10,D,NI,YP,D
14:27:32,ICBP,RG,8250,5,D,YP,YB,D
14:27:32,ICBP,RG,8250,13,D,LG,YB,D
14:27:32,ICBP,RG,8250,12,D,LG,YB,D
14:27:32,ICBP,RG,8250,5,D,LG,CC,D
14:27:32,ICBP,RG,8250,88,D,LG,YP,D
14:27:32,ICBP,RG,8250,9,D,LG,YP,D
14:27:32,ICBP,RG,8250,76,D,LG,YP,D
14:27:29,ICBP,RG,8250,63,D,BB,YP,D
14:27:21,ICBP,RG,8250,50,D,LG,YP,D
14:27:19,ICBP,RG,8250,93,D,LG,YP,D
14:27:19,ICBP,RG,8250,1,D,LG,XC,D
14:27:19,ICBP,RG,8250,35,D,LG,NI,D
14:27:19,ICBP,RG,8250,5,D,LG,DH,D
14:27:19,ICBP,RG,8250,3,D,LG,ZP,F
14:27:19,ICBP,RG,8250,1,D,LG,DR,D
14:27:19,ICBP,RG,8250,8,D,LG,ZP,F
14:27:19,ICBP,RG,8250,384,D,LG,KZ,D
14:27:19,ICBP,RG,8250,4,D,LG,PD,D
14:27:19,ICBP,RG,8250,1,D,LG,PD,D
14:27:19,ICBP,RG,8250,1,D,LG,SQ,D
14:27:19,ICBP,RG,8250,5,D,LG,CC,D
14:27:19,ICBP,RG,8250,1,D,LG,YP,D
14:27:19,ICBP,RG,8250,9,D,LG,AK,D
14:27:19,ICBP,RG,8250,9,D,LG,AK,D
14:27:19,ICBP,RG,8250,185,D,LG,CC,F
14:27:19,ICBP,RG,8250,7,D,LG,RX,D
14:27:19,ICBP,RG,8250,15,D,LG,ZP,F
14:27:19,ICBP,RG,8250,10,D,LG,PD,D
14:27:19,ICBP,RG,8250,3,D,LG,ZP,F
14:27:19,ICBP,RG,8250,25,D,LG,YB,D
14:27:19,ICBP,RG,8250,15,D,LG,DR,D
14:27:19,ICBP,RG,8250,180,D,LG,KK,D
14:27:11,ICBP,RG,8250,5,D,HP,KK,D
14:27:09,ICBP,RG,8225,4,D,NI,NI,D
14:27:01,ICBP,RG,8250,1,D,PD,KK,D
14:26:56,ICBP,RG,8225,1,D,NI,PD,D
14:26:55,ICBP,RG,8225,3,D,NI,XL,D
14:26:47,ICBP,RG,8225,2,D,NI,XC,D
14:26:46,ICBP,RG,8225,40,D,NI,YP,D
14:26:46,ICBP,RG,8225,1,D,PD,YP,D
14:26:44,ICBP,RG,8225,1,D,PD,ZP,F
14:26:43,ICBP,RG,8225,1,D,PD,ZP,F
14:26:43,ICBP,RG,8250,82,D,BB,KK,D
14:26:37,ICBP,RG,8225,4,D,PD,SQ,D
14:26:19,ICBP,RG,8225,1,D,PD,YP,D
14:26:08,ICBP,RG,8225,2,D,PD,DH,D
14:25:54,ICBP,RG,8250,4,D,XC,KK,D
14:25:46,ICBP,RG,8250,153,D,PD,KK,D
14:25:44,ICBP,RG,8250,1,D,CC,KK,D
14:25:44,ICBP,RG,8250,21,D,BB,KK,D
14:25:44,ICBP,RG,8250,8,D,AK,KK,D
14:25:44,ICBP,RG,8250,2,F,AK,KK,D
14:25:44,ICBP,RG,8250,1,D,AZ,KK,D
14:25:44,ICBP,RG,8250,23,D,CC,KK,D
14:25:44,ICBP,RG,8250,1,D,CC,KK,D
14:25:44,ICBP,RG,8250,5,D,PD,KK,D
14:25:44,ICBP,RG,8250,3,D,DX,KK,D
14:25:44,ICBP,RG,8250,3,D,DX,KK,D
14:25:44,ICBP,RG,8250,7,D,YP,KK,D
14:25:43,ICBP,RG,8250,4,D,DX,ZP,F
14:25:43,ICBP,RG,8250,3,D,DX,ZP,F
14:25:43,ICBP,RG,8250,2,D,XC,ZP,F
14:25:43,ICBP,RG,8250,3,D,DX,ZP,F
14:25:43,ICBP,RG,8250,3,D,ZP,ZP,F
14:25:42,ICBP,RG,8250,2,D,ZP,YP,D
14:25:42,ICBP,RG,8250,1,D,YP,YP,D
14:25:42,ICBP,RG,8250,3,F,YU,YP,D
14:25:42,ICBP,RG,8250,3,D,XC,YP,D
14:25:42,ICBP,RG,8250,5,D,YP,YP,D
14:25:42,ICBP,RG,8250,1,D,PD,YP,D
14:25:42,ICBP,RG,8250,29,D,YU,YP,D
14:25:42,ICBP,RG,8250,2,D,YP,YP,D
14:25:42,ICBP,RG,8250,25,D,EP,YP,D
14:25:42,ICBP,RG,8250,23,D,CC,YP,D
14:25:42,ICBP,RG,8250,1,D,DH,YP,D
14:25:42,ICBP,RG,8250,1,D,YP,YP,D
14:25:42,ICBP,RG,8250,23,D,YU,YP,D
14:25:42,ICBP,RG,8250,23,D,YU,YP,D
14:25:42,ICBP,RG,8250,10,D,NI,YP,D
14:25:42,ICBP,RG,8250,3,D,AT,YP,D
14:25:42,ICBP,RG,8250,1,D,PC,YP,D
14:25:42,ICBP,RG,8250,80,D,KZ,YP,D
14:25:42,ICBP,RG,8250,25,D,CC,YP,D
14:25:42,ICBP,RG,8250,2,F,YU,YP,D
14:25:42,ICBP,RG,8250,3,D,AZ,YP,D
14:25:42,ICBP,RG,8250,1,F,AK,YP,D
14:25:42,ICBP,RG,8250,50,D,GR,YP,D
14:25:42,ICBP,RG,8250,50,D,DH,YP,D
14:25:42,ICBP,RG,8250,7,D,XC,YP,D
14:25:42,ICBP,RG,8250,5,D,XC,YP,D
14:25:42,ICBP,RG,8250,1,F,AK,YP,D
14:25:42,ICBP,RG,8250,11,D,BB,YP,D
14:25:42,ICBP,RG,8250,2,D,AK,YP,D
14:25:42,ICBP,RG,8250,3,D,AK,YP,D
14:25:42,ICBP,RG,8250,1,D,SQ,YP,D
14:25:42,ICBP,RG,8250,12,D,XC,YP,D
14:25:42,ICBP,RG,8250,21,D,YU,YP,D
14:25:42,ICBP,RG,8250,21,D,YU,YP,D
14:25:42,ICBP,RG,8250,10,D,DH,YP,D
14:25:42,ICBP,RG,8250,1,D,XC,YP,D
14:25:42,ICBP,RG,8250,1,D,YP,YP,D
14:25:42,ICBP,RG,8250,2,D,NI,YP,D
14:25:42,ICBP,RG,8250,1,D,XC,YP,D
14:25:42,ICBP,RG,8250,1,D,PD,YP,D
14:25:42,ICBP,RG,8250,69,D,BB,YP,D
14:25:42,ICBP,RG,8250,10,D,AG,YP,D
14:25:42,ICBP,RG,8250,5,D,YP,YP,D
14:25:42,ICBP,RG,8250,1,D,CC,YP,D
14:25:42,ICBP,RG,8250,1,D,YP,YP,D
14:25:42,ICBP,RG,8250,2,D,YP,YP,D
14:25:42,ICBP,RG,8250,1,D,YP,YP,D
14:25:42,ICBP,RG,8250,2,D,YP,YP,D
14:25:42,ICBP,RG,8250,10,D,PD,YP,D
14:25:42,ICBP,RG,8250,1,D,XC,YP,D
14:25:42,ICBP,RG,8250,60,D,SQ,YP,D
14:25:42,ICBP,RG,8250,2,D,DR,YP,D
14:25:42,ICBP,RG,8250,10,D,PD,YP,D
14:25:42,ICBP,RG,8250,1,D,PD,YP,D
14:25:42,ICBP,RG,8250,1,D,XC,YP,D
14:25:42,ICBP,RG,8250,2,D,LG,YP,D
14:25:42,ICBP,RG,8250,2,D,KK,YP,D
14:25:42,ICBP,RG,8250,100,D,SQ,YP,D
14:25:42,ICBP,RG,8250,3,D,SQ,YP,D
14:25:40,ICBP,RG,8250,3,D,SQ,YP,D
14:25:34,ICBP,RG,8250,94,D,SQ,AH,D
14:25:34,ICBP,RG,8250,20,D,AG,AH,D
14:25:34,ICBP,RG,8250,5,D,YP,AH,D
14:25:34,ICBP,RG,8250,1,D,XC,AH,D
14:25:34,ICBP,RG,8250,8,D,SQ,AH,D
14:25:34,ICBP,RG,8250,2,D,PD,AH,D
14:25:34,ICBP,RG,8250,5,D,CC,AH,D
14:25:34,ICBP,RG,8250,1,D,XC,AH,D
14:25:34,ICBP,RG,8250,1,D,NI,AH,D
14:25:34,ICBP,RG,8250,7,D,CC,AH,D
14:25:34,ICBP,RG,8250,3,D,CP,AH,D
14:25:30,ICBP,RG,8250,17,D,CP,YP,D
14:25:30,ICBP,RG,8250,3,D,IF,YP,D
14:25:29,ICBP,RG,8275,200,D,YB,YP,D
14:25:27,ICBP,RG,8250,7,D,YP,LG,D
14:25:23,ICBP,RG,8275,135,D,BB,YP,D
14:25:19,ICBP,RG,8250,2,D,YP,YB,D
14:25:17,ICBP,RG,8250,118,D,YP,BK,F
14:25:16,ICBP,RG,8250,10,D,YP,PD,D
14:25:02,ICBP,RG,8250,7,D,YP,XL,D
14:24:53,ICBP,RG,8275,15,D,AK,YP,D
14:24:53,ICBP,RG,8275,1,D,KK,YP,D
14:24:35,ICBP,RG,8275,3,D,DX,YP,D
14:24:34,ICBP,RG,8275,1,D,NI,YP,D
14:24:34,ICBP,RG,8275,3,D,DX,YP,D
14:24:33,ICBP,RG,8275,5,F,AK,YP,D
14:24:32,ICBP,RG,8275,4,D,DX,YP,D
14:24:32,ICBP,RG,8275,4,D,DX,YP,D
14:24:27,ICBP,RG,8275,16,D,BB,YP,D
14:24:26,ICBP,RG,8275,3,D,DX,YP,D
14:24:26,ICBP,RG,8275,3,D,AZ,YP,D
14:24:05,ICBP,RG,8275,4,D,XC,YP,D
14:23:55,ICBP,RG,8275,2,D,XC,YP,D
14:23:50,ICBP,RG,8250,213,D,YP,XC,D
14:23:50,ICBP,RG,8250,6,D,LG,XC,D
14:23:50,ICBP,RG,8250,52,D,LG,XC,D
14:23:50,ICBP,RG,8250,4,D,LG,XC,D
14:23:50,ICBP,RG,8250,25,D,LG,XC,D
14:23:44,ICBP,RG,8275,129,D,BB,YP,D
14:23:41,ICBP,RG,8250,2,D,LG,XL,D
14:23:35,ICBP,RG,8250,10,D,LG,NI,D
14:23:35,ICBP,RG,8250,10,D,YP,NI,D
14:23:35,ICBP,RG,8250,12,D,CC,NI,D
14:23:35,ICBP,RG,8250,1,D,XL,NI,D
14:23:35,ICBP,RG,8250,27,D,YP,NI,D
14:23:35,ICBP,RG,8250,2,D,XC,NI,D
14:23:35,ICBP,RG,8250,125,D,PD,NI,D
14:23:35,ICBP,RG,8250,25,D,XL,NI,D
14:23:35,ICBP,RG,8250,1,D,XC,NI,D
14:23:35,ICBP,RG,8250,30,D,PP,NI,D
14:23:35,ICBP,RG,8250,1,D,NI,NI,D
14:23:35,ICBP,RG,8250,10,D,OD,NI,D
14:23:35,ICBP,RG,8250,5,D,CC,NI,D
14:23:35,ICBP,RG,8250,5,D,CC,NI,D
14:23:35,ICBP,RG,8250,200,D,CC,NI,D
14:23:35,ICBP,RG,8250,2,D,CC,NI,D
14:23:35,ICBP,RG,8250,5,D,YP,NI,D
14:23:35,ICBP,RG,8250,2,D,ZP,NI,D
14:23:35,ICBP,RG,8250,1,D,YP,NI,D
14:23:35,ICBP,RG,8250,3,D,DR,NI,D
14:23:35,ICBP,RG,8250,5,D,AZ,NI,D
14:23:35,ICBP,RG,8250,5,D,XL,NI,D
14:23:35,ICBP,RG,8250,8,D,LG,NI,D
14:23:35,ICBP,RG,8250,5,D,LG,NI,D
14:23:34,ICBP,RG,8275,1,D,XC,YP,D
14:23:33,ICBP,RG,8275,2,D,DH,YP,D
14:23:31,ICBP,RG,8250,5,D,LG,GR,D
14:23:23,ICBP,RG,8275,14,D,AK,YP,D
14:23:23,ICBP,RG,8275,50,D,CC,YP,D
14:23:06,ICBP,RG,8275,100,D,CC,YP,D
14:22:59,ICBP,RG,8275,200,D,CC,YP,D
14:22:47,ICBP,RG,8250,5,D,LG,YP,D
14:22:38,ICBP,RG,8250,1,D,LG,YP,D
14:22:36,ICBP,RG,8275,100,D,RX,YP,D
14:22:18,ICBP,RG,8275,200,D,RX,YP,D
14:22:09,ICBP,RG,8275,34,D,BB,YP,D
14:22:09,ICBP,RG,8275,1,D,BB,ZP,F
14:22:09,ICBP,RG,8275,5,D,BB,NI,D
14:22:09,ICBP,RG,8275,1,D,BB,ZP,F
14:22:09,ICBP,RG,8275,2,D,BB,KK,D
14:22:09,ICBP,RG,8275,5,D,BB,LG,D
14:22:09,ICBP,RG,8275,2,D,BB,ZP,F
14:22:09,ICBP,RG,8275,2,D,BB,DH,D
14:22:09,ICBP,RG,8275,3,D,BB,XA,D
14:22:09,ICBP,RG,8275,13,D,BB,KK,D
14:22:09,ICBP,RG,8275,1,D,BB,XC,D
14:22:09,ICBP,RG,8275,6,D,BB,LG,D
14:22:09,ICBP,RG,8275,1,D,BB,YP,D
14:22:09,ICBP,RG,8275,50,D,BB,YP,D
14:22:09,ICBP,RG,8275,1,D,BB,YP,D
14:22:08,ICBP,RG,8275,1,D,YP,YP,D
14:21:58,ICBP,RG,8250,53,D,LG,BK,F
14:21:58,ICBP,RG,8250,6,D,LG,BK,F
14:21:58,ICBP,RG,8250,50,D,LG,BK,F
14:21:58,ICBP,RG,8250,9,D,LG,BK,F
14:21:57,ICBP,RG,8250,3,D,LG,YP,D
14:21:54,ICBP,RG,8250,15,D,LG,PD,D
14:21:53,ICBP,RG,8275,15,D,AK,YP,D
14:21:52,ICBP,RG,8250,5,D,LG,CP,D
14:21:41,ICBP,RG,8250,5,D,LG,SQ,D
14:21:36,ICBP,RG,8275,23,D,OD,YP,D
14:21:36,ICBP,RG,8275,55,D,OD,YP,D
14:21:36,ICBP,RG,8275,25,D,OD,CP,D
14:21:36,ICBP,RG,8275,12,D,OD,ZP,F
14:21:35,ICBP,RG,8275,1,D,OD,ZP,F
14:21:35,ICBP,RG,8275,16,D,OD,ZP,F
14:21:35,ICBP,RG,8275,31,D,OD,AK,D
14:21:35,ICBP,RG,8275,5,D,OD,ZP,F
14:21:35,ICBP,RG,8275,20,D,OD,AI,D
14:21:35,ICBP,RG,8275,1,D,OD,NI,D
14:21:35,ICBP,RG,8275,1,D,OD,ZP,F
14:21:35,ICBP,RG,8275,1,D,OD,AI,D
14:21:35,ICBP,RG,8275,4,D,OD,PD,D
14:21:35,ICBP,RG,8275,30,D,OD,AZ,D
14:21:27,ICBP,RG,8250,1,D,LG,LG,D
14:21:27,ICBP,RG,8250,10,D,LG,YP,D
14:21:10,ICBP,RG,8275,1,D,XC,ZP,F
14:20:59,ICBP,RG,8275,1,D,YP,ZP,F
14:20:57,ICBP,RG,8275,1,D,YP,PD,D
14:20:57,ICBP,RG,8275,3,D,YP,YP,D
14:20:57,ICBP,RG,8275,1,D,YP,XC,D
14:20:57,ICBP,RG,8275,5,D,YP,AK,D
14:20:56,ICBP,RG,8250,1,D,LG,AI,D
14:20:56,ICBP,RG,8275,1,D,CC,AK,D
14:20:53,ICBP,RG,8275,3,D,AZ,AK,D
14:20:49,ICBP,RG,8275,11,F,AK,AK,D
14:20:49,ICBP,RG,8275,1,F,AK,YP,D
14:20:49,ICBP,RG,8275,15,F,AK,ZP,F
14:20:49,ICBP,RG,8275,12,F,AK,ZP,F
14:20:49,ICBP,RG,8275,95,F,AK,IF,D
14:20:49,ICBP,RG,8275,55,D,YP,IF,D
14:20:49,ICBP,RG,8275,3,D,YP,ZP,F
14:20:49,ICBP,RG,8275,26,D,YP,CC,D
14:20:49,ICBP,RG,8275,357,D,YP,KZ,D
14:20:42,ICBP,RG,8275,5,D,YP,KZ,D
14:20:35,ICBP,RG,8275,2,D,BB,KZ,D
14:20:35,ICBP,RG,8275,6,D,BB,CC,F
14:20:35,ICBP,RG,8275,9,D,BB,ZP,F
14:20:35,ICBP,RG,8275,22,D,BB,KK,D
14:20:33,ICBP,RG,8250,1,D,LG,XC,D
14:20:30,ICBP,RG,8250,15,D,LG,XL,D
14:20:30,ICBP,RG,8250,35,D,LG,CC,D
14:20:30,ICBP,RG,8250,3,D,NI,CC,D
14:20:30,ICBP,RG,8250,20,D,CC,CC,D
14:20:30,ICBP,RG,8250,10,D,EP,CC,D
14:20:30,ICBP,RG,8250,3,D,NI,CC,D
14:20:30,ICBP,RG,8250,6,D,XC,CC,D
14:20:30,ICBP,RG,8250,1,D,YP,CC,D
14:20:30,ICBP,RG,8250,1,D,NI,CC,D
14:20:30,ICBP,RG,8250,3,D,LG,CC,D
14:20:30,ICBP,RG,8250,27,D,LG,CC,D
14:20:30,ICBP,RG,8250,2,D,LG,CC,D
14:20:30,ICBP,RG,8250,19,D,LG,CC,D
14:20:30,ICBP,RG,8250,1,D,CC,CC,D
14:20:30,ICBP,RG,8250,2,D,CC,CC,D
14:20:30,ICBP,RG,8250,5,D,KK,CC,D
14:20:30,ICBP,RG,8250,2,D,PD,CC,D
14:20:30,ICBP,RG,8250,2,D,XC,CC,D
14:20:30,ICBP,RG,8250,116,D,SQ,CC,D
14:20:26,ICBP,RG,8275,5,D,YB,KK,D
14:20:16,ICBP,RG,8250,2,D,SQ,CC,D
14:20:13,ICBP,RG,8250,2,D,SQ,PD,D
14:20:12,ICBP,RG,8250,7,D,SQ,XC,D
14:20:11,ICBP,RG,8250,10,D,SQ,CC,D
14:20:01,ICBP,RG,8250,33,D,SQ,KK,D
14:20:01,ICBP,RG,8250,10,D,SQ,PC,D
14:20:01,ICBP,RG,8250,299,D,SQ,CC,D
14:20:00,ICBP,RG,8250,5,D,SQ,DR,D
14:20:00,ICBP,RG,8250,16,D,SQ,CC,D
14:20:00,ICBP,RG,8250,5,D,CC,CC,D
14:19:58,ICBP,RG,8275,5,D,YP,KK,D
14:19:57,ICBP,RG,8275,1,D,PD,KK,D
14:19:54,ICBP,RG,8275,9,D,AK,KK,D
14:19:54,ICBP,RG,8275,1,F,AK,KK,D
14:19:53,ICBP,RG,8275,4,D,DX,KK,D
14:19:53,ICBP,RG,8275,1,D,KK,KK,D
14:19:53,ICBP,RG,8275,1,D,PD,KK,D
14:19:53,ICBP,RG,8275,3,D,DX,KK,D
14:19:53,ICBP,RG,8275,3,D,DX,KK,D
14:19:53,ICBP,RG,8275,4,D,DX,KK,D
14:19:53,ICBP,RG,8275,28,D,CC,KK,D
14:19:53,ICBP,RG,8275,1,D,XC,KK,D
14:19:53,ICBP,RG,8275,2,D,DX,KK,D
14:19:53,ICBP,RG,8275,1,D,CC,KK,D
14:19:53,ICBP,RG,8275,25,D,CC,KK,D
14:19:53,ICBP,RG,8275,1,F,AK,KK,D
14:19:53,ICBP,RG,8275,1,D,YP,KK,D
14:19:53,ICBP,RG,8275,10,D,YP,KK,D
14:19:53,ICBP,RG,8275,4,D,AK,KK,D
14:19:53,ICBP,RG,8275,1,D,KK,KK,D
14:19:53,ICBP,RG,8275,1,F,AK,KK,D
14:19:53,ICBP,RG,8275,1,D,YP,KK,D
14:19:53,ICBP,RG,8275,2,D,AK,KK,D
14:19:53,ICBP,RG,8275,1,D,SQ,KK,D
14:19:53,ICBP,RG,8275,2,D,PD,KK,D
14:19:53,ICBP,RG,8275,6,D,NI,KK,D
14:19:53,ICBP,RG,8275,2,D,DR,KK,D
14:19:53,ICBP,RG,8275,3,D,PD,KK,D
14:19:53,ICBP,RG,8275,7,D,BB,KK,D
14:19:53,ICBP,RG,8275,2,D,XL,KK,D
14:19:53,ICBP,RG,8275,5,D,YP,KK,D
14:19:53,ICBP,RG,8275,1,D,PD,KK,D
14:19:53,ICBP,RG,8275,2,D,PD,KK,D
14:19:53,ICBP,RG,8275,300,D,DH,KK,D
14:19:53,ICBP,RG,8275,2,D,YP,KK,D
14:19:53,ICBP,RG,8275,2,D,YP,KK,D
14:19:53,ICBP,RG,8275,59,D,YU,KK,D
14:19:53,ICBP,RG,8275,19,D,KZ,KK,D
14:19:53,ICBP,RG,8275,3,D,BB,KK,D
14:19:53,ICBP,RG,8275,1,D,CC,KK,D
14:19:53,ICBP,RG,8275,46,D,PD,KK,D
14:19:52,ICBP,RG,8275,79,D,PD,LS,D
14:19:52,ICBP,RG,8275,3,D,YB,LS,D
14:19:52,ICBP,RG,8275,1,D,PD,LS,D
14:19:52,ICBP,RG,8275,5,D,CC,LS,D
14:19:52,ICBP,RG,8275,1,D,XC,LS,D
14:19:52,ICBP,RG,8275,1,D,KK,LS,D
14:19:52,ICBP,RG,8275,15,D,LG,LS,D
14:19:52,ICBP,RG,8275,2,D,YP,LS,D
14:19:52,ICBP,RG,8275,1,D,PD,LS,D
14:19:52,ICBP,RG,8275,1,D,DR,LS,D
14:19:52,ICBP,RG,8275,1,D,YP,LS,D
14:19:52,ICBP,RG,8275,1,D,YP,LS,D
14:19:52,ICBP,RG,8275,5,D,YP,LS,D
14:19:52,ICBP,RG,8275,1,D,PD,LS,D
14:19:52,ICBP,RG,8275,150,D,SQ,LS,D
14:19:52,ICBP,RG,8275,33,D,SQ,LS,D
14:19:52,ICBP,RG,8275,3,D,SQ,XC,D
14:19:50,ICBP,RG,8275,114,D,SQ,IF,D
14:19:50,ICBP,RG,8275,2,D,PD,IF,D
14:19:50,ICBP,RG,8275,70,D,SQ,IF,D
14:19:50,ICBP,RG,8275,2,D,LG,IF,D
14:19:50,ICBP,RG,8275,1,D,XC,IF,D
14:19:50,ICBP,RG,8275,382,D,LG,IF,D
14:19:50,ICBP,RG,8275,2,D,XC,IF,D
14:19:50,ICBP,RG,8275,100,D,LG,IF,D
14:19:50,ICBP,RG,8275,1,D,PD,IF,D
14:19:50,ICBP,RG,8275,5,D,EP,IF,D
14:19:50,ICBP,RG,8275,6,D,LG,IF,D
14:19:50,ICBP,RG,8275,50,D,LG,IF,D
14:19:50,ICBP,RG,8275,4,D,LG,IF,D
14:19:50,ICBP,RG,8275,36,D,LG,IF,D
14:19:50,ICBP,RG,8275,1,D,PD,IF,D
14:19:50,ICBP,RG,8275,6,D,LG,IF,D
14:19:50,ICBP,RG,8275,53,D,LG,IF,D
14:19:50,ICBP,RG,8275,4,D,LG,IF,D
14:19:50,ICBP,RG,8275,38,D,LG,IF,D
14:19:50,ICBP,RG,8275,26,D,BB,IF,D
14:19:50,ICBP,RG,8275,97,D,SQ,IF,D
14:19:49,ICBP,RG,8300,1,D,CC,AH,D
14:19:45,ICBP,RG,8300,2,D,XL,AH,D
14:19:41,ICBP,RG,8275,1,D,SQ,CC,D
14:19:37,ICBP,RG,8300,1,D,DX,AH,D
14:19:36,ICBP,RG,8275,10,D,SQ,CC,D
14:19:31,ICBP,RG,8275,2,D,SQ,SQ,D
14:19:26,ICBP,RG,8300,1,D,PD,AH,D
14:19:20,ICBP,RG,8275,3,D,SQ,DR,D
14:19:18,ICBP,RG,8275,1,D,SQ,PD,D
14:19:17,ICBP,RG,8275,1,D,SQ,SQ,D
14:19:17,ICBP,RG,8275,1,D,SQ,XC,D
14:19:15,ICBP,RG,8275,13,D,SQ,CC,D
14:19:13,ICBP,RG,8300,64,D,BB,AH,D
14:19:13,ICBP,RG,8275,4,D,SQ,CC,D
14:19:13,ICBP,RG,8275,200,D,SQ,DH,D
14:19:01,ICBP,RG,8275,1,D,SQ,XC,D
14:18:58,ICBP,RG,8300,40,D,BB,AH,D
14:18:57,ICBP,RG,8300,5,D,EP,AH,D
14:18:53,ICBP,RG,8275,10,D,SQ,PC,D
14:18:53,ICBP,RG,8275,183,D,SQ,TP,D
14:18:32,ICBP,RG,8300,1,D,CC,AH,D
14:18:26,ICBP,RG,8300,38,D,BB,AH,D
14:18:26,ICBP,RG,8300,126,D,BB,KK,D
14:18:23,ICBP,RG,8300,26,D,BB,KK,D
14:18:23,ICBP,RG,8300,114,D,YP,KK,D
14:18:23,ICBP,RG,8300,4,D,AK,KK,D
14:18:23,ICBP,RG,8300,1,F,AK,KK,D
14:18:23,ICBP,RG,8300,2,D,YP,KK,D
14:18:23,ICBP,RG,8300,2,D,DH,KK,D
14:18:23,ICBP,RG,8300,5,D,YP,KK,D
14:18:23,ICBP,RG,8300,1,D,PD,KK,D
14:18:23,ICBP,RG,8300,1,D,BB,KK,D
14:18:23,ICBP,RG,8300,2,F,YU,KK,D
14:18:23,ICBP,RG,8300,2,D,DR,KK,D
14:18:23,ICBP,RG,8300,1,D,KK,KK,D
14:18:23,ICBP,RG,8300,21,D,YU,KK,D
14:18:23,ICBP,RG,8300,31,D,YU,KK,D
14:18:23,ICBP,RG,8300,21,D,YU,KK,D
14:18:23,ICBP,RG,8300,1,D,YP,KK,D
14:18:23,ICBP,RG,8300,4,D,YP,KK,D
14:18:23,ICBP,RG,8300,1,D,SQ,KK,D
14:18:23,ICBP,RG,8300,60,D,PP,KK,D
14:18:23,ICBP,RG,8300,10,D,YP,KK,D
14:18:23,ICBP,RG,8300,5,D,YP,KK,D
14:18:23,ICBP,RG,8300,1,F,AK,KK,D
14:18:23,ICBP,RG,8300,10,D,NI,KK,D
14:18:23,ICBP,RG,8300,10,D,DH,KK,D
14:18:23,ICBP,RG,8300,1,D,RX,KK,D
14:18:23,ICBP,RG,8300,10,D,DR,KK,D
14:18:23,ICBP,RG,8300,13,D,PD,KK,D
14:18:23,ICBP,RG,8300,2,F,CC,KK,D
14:18:23,ICBP,RG,8300,5,D,DX,KK,D
14:18:23,ICBP,RG,8300,3,D,DX,KK,D
14:18:23,ICBP,RG,8300,4,D,KK,KK,D
14:18:21,ICBP,RG,8300,2,D,KK,YP,D
14:18:21,ICBP,RG,8300,3,D,DX,YP,D
14:18:21,ICBP,RG,8300,2,D,DX,YP,D
14:18:21,ICBP,RG,8300,13,D,BB,YP,D
14:18:19,ICBP,RG,8300,1,D,BB,AZ,D
14:18:17,ICBP,RG,8300,12,D,BB,YP,D
14:18:17,ICBP,RG,8300,2,D,XC,YP,D
14:18:17,ICBP,RG,8300,1,D,NI,YP,D
14:18:17,ICBP,RG,8300,1,F,AK,YP,D
14:18:17,ICBP,RG,8300,1,D,SQ,YP,D
14:18:17,ICBP,RG,8300,29,D,CC,YP,D
14:18:17,ICBP,RG,8300,2,D,AK,YP,D
14:18:17,ICBP,RG,8300,4,D,ZP,YP,D
14:18:17,ICBP,RG,8300,1,D,YP,YP,D
14:18:17,ICBP,RG,8300,10,D,NI,YP,D
14:18:17,ICBP,RG,8300,10,D,YP,YP,D
14:18:17,ICBP,RG,8300,7,D,AK,YP,D
14:18:17,ICBP,RG,8300,1,D,CC,YP,D
14:18:17,ICBP,RG,8300,20,D,KZ,YP,D
14:18:17,ICBP,RG,8300,235,D,CC,YP,D
14:18:17,ICBP,RG,8300,10,D,CC,YP,D
14:18:17,ICBP,RG,8300,1,D,YP,YP,D
14:18:17,ICBP,RG,8300,18,D,LG,YP,D
14:18:17,ICBP,RG,8300,135,D,LG,YP,D
14:18:13,ICBP,RG,8300,5,D,LG,DR,D
14:18:02,ICBP,RG,8300,13,D,LG,KK,D
14:18:02,ICBP,RG,8300,13,D,LG,KK,D
14:18:02,ICBP,RG,8300,110,D,LG,KK,D
14:18:02,ICBP,RG,8300,20,D,CC,KK,D
14:18:02,ICBP,RG,8300,2,D,EP,KK,D
14:18:02,ICBP,RG,8300,1,D,BB,KK,D
14:18:02,ICBP,RG,8300,2,D,YP,KK,D
14:18:02,ICBP,RG,8300,150,D,SQ,KK,D
14:18:02,ICBP,RG,8300,2,D,EP,KK,D
14:18:02,ICBP,RG,8300,150,D,SQ,KK,D
14:18:02,ICBP,RG,8300,37,D,LG,KK,D
14:18:01,ICBP,RG,8325,5,D,RX,YP,D
14:18:01,ICBP,RG,8325,195,D,RX,YP,D
14:17:57,ICBP,RG,8300,2,D,LG,YP,D
14:17:56,ICBP,RG,8325,10,D,AK,YP,D
14:17:55,ICBP,RG,8300,1,D,LG,AZ,D
14:17:52,ICBP,RG,8300,95,D,LG,DH,D
14:17:52,ICBP,RG,8300,2,F,YU,DH,D
14:17:52,ICBP,RG,8300,22,D,YU,DH,D
14:17:52,ICBP,RG,8300,14,D,YU,DH,D
14:17:52,ICBP,RG,8325,1,D,XC,YP,D
14:17:50,ICBP,RG,8300,1,D,YU,PD,D
14:17:38,ICBP,RG,8300,1,D,YU,KK,D
14:17:34,ICBP,RG,8300,1,D,YU,SQ,D
14:17:30,ICBP,RG,8300,5,D,YU,AG,D
14:17:21,ICBP,RG,8300,1,D,YU,SQ,D
14:17:21,ICBP,RG,8300,23,D,YU,SQ,D
14:17:21,ICBP,RG,8300,8,D,YU,SQ,D
14:17:20,ICBP,RG,8300,3,D,YU,NI,D
14:17:20,ICBP,RG,8325,1,D,PD,YP,D
14:17:10,ICBP,RG,8300,10,D,YU,YP,D
14:17:09,ICBP,RG,8325,35,D,BB,YP,D
14:17:03,ICBP,RG,8300,15,D,YU,CC,D
14:17:03,ICBP,RG,8300,5,D,YU,CC,D
14:17:02,ICBP,RG,8325,4,D,DX,YP,D
14:17:02,ICBP,RG,8300,28,D,YU,ZP,D
14:17:02,ICBP,RG,8300,2,D,YU,ZP,D
14:17:01,ICBP,RG,8325,3,D,DX,YP,D
14:17:01,ICBP,RG,8325,4,D,DX,YP,D
14:17:00,ICBP,RG,8325,3,D,DX,YP,D
14:16:57,ICBP,RG,8300,1,D,YU,CC,D
14:16:52,ICBP,RG,8300,19,D,YU,NI,D
14:16:50,ICBP,RG,8325,10,D,AG,YP,D
14:16:38,ICBP,RG,8325,30,D,PP,YP,D
14:16:38,ICBP,RG,8325,2,D,AK,YP,D
14:16:38,ICBP,RG,8325,3,D,AK,YP,D
14:16:38,ICBP,RG,8325,200,D,RX,YP,D
14:16:38,ICBP,RG,8325,73,D,KZ,YP,D
14:16:38,ICBP,RG,8325,1,D,RX,YP,D
14:16:38,ICBP,RG,8325,6,D,RX,YP,D
14:16:38,ICBP,RG,8325,97,D,KZ,YP,D
14:16:38,ICBP,RG,8325,68,D,KZ,YP,D
14:16:38,ICBP,RG,8325,1,D,YP,YP,D
14:16:38,ICBP,RG,8325,15,D,TP,YP,D
14:16:38,ICBP,RG,8325,1,D,XC,YP,D
14:16:38,ICBP,RG,8325,8,D,PP,YP,D
14:16:38,ICBP,RG,8325,100,D,PP,CC,D
14:16:38,ICBP,RG,8325,4,D,PP,KK,D
14:16:36,ICBP,RG,8325,38,D,PP,DP,D
14:16:36,ICBP,RG,8325,1,F,AK,DP,D
14:16:36,ICBP,RG,8325,4,F,AK,DP,D
14:16:36,ICBP,RG,8325,3,D,ZP,DP,D
14:16:36,ICBP,RG,8325,2,F,YU,DP,D
14:16:36,ICBP,RG,8325,222,D,CC,DP,D
14:16:36,ICBP,RG,8325,205,D,CC,DP,D
14:16:36,ICBP,RG,8325,25,D,CC,DP,D
14:16:34,ICBP,RG,8325,10,D,CC,EP,D
14:16:34,ICBP,RG,8325,83,D,CC,YP,D
14:16:34,ICBP,RG,8325,67,D,DH,YP,D
14:16:32,ICBP,RG,8325,20,D,DH,PD,D
14:16:32,ICBP,RG,8325,217,D,DH,YP,D
14:16:32,ICBP,RG,8325,33,D,SQ,YP,D
14:16:29,ICBP,RG,8325,9,D,SQ,PD,D
14:16:28,ICBP,RG,8325,10,D,SQ,PD,D
14:16:24,ICBP,RG,8350,4,F,AK,YU,D
14:16:23,ICBP,RG,8325,1,D,SQ,ZP,F
14:16:23,ICBP,RG,8325,1,D,SQ,YP,D
14:16:23,ICBP,RG,8325,10,D,SQ,BQ,D
14:16:23,ICBP,RG,8325,20,D,SQ,PD,D
14:16:23,ICBP,RG,8325,1,D,SQ,ZP,F
14:16:23,ICBP,RG,8325,1,D,SQ,CC,F
14:16:23,ICBP,RG,8325,5,D,SQ,NI,D
14:16:23,ICBP,RG,8325,1,D,SQ,CC,D
14:16:23,ICBP,RG,8325,1,D,SQ,ZP,F
14:16:23,ICBP,RG,8325,1,D,SQ,XC,D
14:16:23,ICBP,RG,8325,3,D,SQ,KK,D
14:16:23,ICBP,RG,8325,10,D,SQ,SQ,D
14:16:23,ICBP,RG,8325,1,D,SQ,NI,D
14:16:23,ICBP,RG,8325,2,D,SQ,XA,D
14:16:23,ICBP,RG,8325,77,D,SQ,CC,D
14:16:23,ICBP,RG,8325,2,D,SQ,SQ,D
14:16:23,ICBP,RG,8325,1,D,SQ,PD,D
14:16:23,ICBP,RG,8325,10,D,SQ,DR,D
14:16:23,ICBP,RG,8325,4,D,SQ,KK,D
14:16:23,ICBP,RG,8325,8,D,SQ,PD,D
14:16:23,ICBP,RG,8325,50,D,SQ,SQ,D
14:16:23,ICBP,RG,8325,1,D,SQ,KK,D
14:16:23,ICBP,RG,8325,5,D,SQ,XC,D
14:16:23,ICBP,RG,8325,1,D,SQ,KK,D
14:16:23,ICBP,RG,8325,74,D,SQ,SQ,D
14:16:23,ICBP,RG,8325,5,D,SQ,TP,D
14:16:23,ICBP,RG,8325,1,D,SQ,PD,D
14:16:23,ICBP,RG,8325,10,D,SQ,SQ,D
14:16:23,ICBP,RG,8325,5,D,SQ,XC,D
14:16:23,ICBP,RG,8325,50,D,SQ,YP,D
14:16:23,ICBP,RG,8325,67,D,SQ,DR,D
14:16:23,ICBP,RG,8325,4,D,SQ,XC,D
14:16:23,ICBP,RG,8325,14,D,SQ,PD,D
14:16:23,ICBP,RG,8325,1,D,SQ,EP,D
14:16:23,ICBP,RG,8325,19,D,CC,EP,D
14:16:23,ICBP,RG,8325,5,D,CC,YP,D
14:16:23,ICBP,RG,8325,5,D,CC,CC,D
14:16:23,ICBP,RG,8325,1,D,CC,NI,D
14:16:23,ICBP,RG,8325,6,D,CC,PD,D
14:16:23,ICBP,RG,8325,10,D,CC,SQ,D
14:16:23,ICBP,RG,8325,3,D,CC,YP,D
14:16:23,ICBP,RG,8325,20,D,CC,NI,D
14:16:23,ICBP,RG,8325,5,D,CC,PD,D
14:16:23,ICBP,RG,8325,1,D,CC,GR,D
14:16:23,ICBP,RG,8325,1,D,CC,YP,D
14:16:23,ICBP,RG,8325,9,D,CC,YP,D
14:16:23,ICBP,RG,8325,30,D,CC,AZ,D
14:16:23,ICBP,RG,8325,48,D,CC,KZ,D
14:16:23,ICBP,RG,8325,1,D,CC,LS,D
14:16:23,ICBP,RG,8325,5,D,CC,CC,D
14:16:23,ICBP,RG,8325,31,D,CC,AG,D
14:16:21,ICBP,RG,8325,269,D,CC,AG,D
14:16:21,ICBP,RG,8325,5,D,CC,ZP,D
14:16:21,ICBP,RG,8325,26,D,CC,YP,D
14:16:19,ICBP,RG,8325,4,D,LG,YP,D
14:16:19,ICBP,RG,8325,1,D,LG,YP,D
14:16:19,ICBP,RG,8325,1,D,LG,XC,D
14:16:19,ICBP,RG,8325,10,D,LG,LG,D
14:16:19,ICBP,RG,8325,10,D,LG,YP,D
14:16:19,ICBP,RG,8325,1,D,LG,KK,D
14:16:19,ICBP,RG,8325,1,D,LG,KK,D
14:16:19,ICBP,RG,8325,72,D,LG,KK,D
14:16:19,ICBP,RG,8300,143,D,CC,DP,D
14:16:19,ICBP,RG,8300,30,D,CC,DP,D
14:16:19,ICBP,RG,8300,278,D,CC,DP,D
14:16:19,ICBP,RG,8300,49,D,CC,DP,D
14:16:17,ICBP,RG,8325,28,D,BB,KK,D
14:16:17,ICBP,RG,8325,7,D,BB,PD,D
14:16:17,ICBP,RG,8325,1,D,BB,XA,D
14:16:17,ICBP,RG,8325,1,D,BB,YU,D
14:16:17,ICBP,RG,8325,1,D,BB,YP,D
14:16:17,ICBP,RG,8325,1,D,BB,LG,D
14:16:17,ICBP,RG,8325,25,D,BB,YP,D
14:16:17,ICBP,RG,8325,1,D,BB,YP,D
14:16:17,ICBP,RG,8325,1,D,BB,PD,D
14:16:17,ICBP,RG,8325,1,D,BB,YP,D
14:16:17,ICBP,RG,8325,1,D,BB,YP,D
14:16:17,ICBP,RG,8325,3,D,BB,PD,D
14:16:17,ICBP,RG,8325,4,D,BB,PD,D
14:16:14,ICBP,RG,8325,2,D,CC,PC,D
14:16:09,ICBP,RG,8325,5,D,SQ,PC,D
14:16:09,ICBP,RG,8325,1,D,SQ,PD,D
14:16:09,ICBP,RG,8325,3,D,SQ,PD,D
14:16:09,ICBP,RG,8325,1,D,SQ,DH,D
14:16:09,ICBP,RG,8325,5,D,SQ,YP,D
14:16:09,ICBP,RG,8325,1,D,SQ,PD,D
14:16:09,ICBP,RG,8325,52,D,SQ,PD,D
14:16:09,ICBP,RG,8325,53,D,SQ,PD,D
14:16:09,ICBP,RG,8325,29,D,SQ,PD,D
14:16:07,ICBP,RG,8325,3,D,YP,PD,D
14:16:07,ICBP,RG,8325,21,D,SQ,PD,D
14:16:07,ICBP,RG,8325,52,D,SQ,PD,D
14:16:07,ICBP,RG,8325,52,D,SQ,PD,D
14:16:07,ICBP,RG,8325,25,D,SQ,PD,D
14:16:04,ICBP,RG,8325,23,D,OD,PD,D
14:16:04,ICBP,RG,8325,4,D,OD,PD,D
14:16:04,ICBP,RG,8325,52,D,OD,PD,D
14:16:04,ICBP,RG,8325,36,D,OD,PD,D
14:16:04,ICBP,RG,8325,16,D,OD,PD,D
14:16:04,ICBP,RG,8325,52,D,OD,PD,D
14:16:04,ICBP,RG,8325,42,D,OD,PD,D
14:16:04,ICBP,RG,8300,5,D,CC,DH,D
14:16:03,ICBP,RG,8325,11,D,SQ,PD,D
14:16:03,ICBP,RG,8325,53,D,SQ,PD,D
14:16:03,ICBP,RG,8325,53,D,SQ,PD,D
14:16:03,ICBP,RG,8325,33,D,SQ,PD,D
14:16:03,ICBP,RG,8325,1,D,XL,PD,D
14:16:01,ICBP,RG,8300,5,D,CC,AI,D
14:16:01,ICBP,RG,8300,95,D,CC,AI,D
14:16:01,ICBP,RG,8325,19,D,SQ,PD,D
14:16:01,ICBP,RG,8325,53,D,SQ,PD,D
14:16:01,ICBP,RG,8325,53,D,SQ,PD,D
14:16:01,ICBP,RG,8325,25,D,SQ,PD,D
14:15:58,ICBP,RG,8325,28,D,KK,PD,D
14:15:58,ICBP,RG,8325,53,D,KK,PD,D
14:15:58,ICBP,RG,8325,53,D,KK,PD,D
14:15:58,ICBP,RG,8325,53,D,KK,PD,D
14:15:58,ICBP,RG,8325,100,D,KK,KK,D
14:15:58,ICBP,RG,8325,1,D,KK,YP,D
14:15:58,ICBP,RG,8325,5,D,KK,XC,D
14:15:58,ICBP,RG,8325,66,D,KK,PD,D
14:15:58,ICBP,RG,8325,2,D,KK,YP,D
14:15:58,ICBP,RG,8325,200,D,KK,OK,D
14:15:58,ICBP,RG,8325,10,D,KK,YP,D
14:15:58,ICBP,RG,8325,1,D,KK,YP,D
14:15:58,ICBP,RG,8325,1,D,KK,YP,D
14:15:58,ICBP,RG,8325,3,D,KK,SQ,D
14:15:58,ICBP,RG,8325,1,D,KK,DR,D
14:15:58,ICBP,RG,8325,5,D,KK,XC,D
14:15:58,ICBP,RG,8325,1,D,KK,PD,D
14:15:58,ICBP,RG,8325,2,D,KK,PD,D
14:15:58,ICBP,RG,8325,3,D,KK,SQ,D
14:15:58,ICBP,RG,8325,1,D,KK,PD,D
14:15:58,ICBP,RG,8325,10,D,KK,PD,D
14:15:58,ICBP,RG,8325,1,D,KK,DR,D
14:15:52,ICBP,RG,8300,19,D,CC,XC,D
14:15:52,ICBP,RG,8300,1,D,CC,OD,D
14:15:50,ICBP,RG,8325,2,D,YP,GR,D
14:15:50,ICBP,RG,8300,5,D,CC,CP,D
14:15:49,ICBP,RG,8300,5,D,CC,GR,D
14:15:46,ICBP,RG,8300,43,D,CC,DR,D
14:15:46,ICBP,RG,8300,29,D,CC,DR,D
14:15:46,ICBP,RG,8300,8,D,CC,DR,D
14:15:44,ICBP,RG,8300,5,D,CC,CC,D
14:15:42,ICBP,RG,8300,15,F,AK,PD,D
14:15:42,ICBP,RG,8300,2,F,AK,ZP,F
14:15:42,ICBP,RG,8300,37,F,AK,AK,D
14:15:42,ICBP,RG,8300,10,F,AK,YP,D
14:15:42,ICBP,RG,8300,6,F,BK,RX,D
14:15:42,ICBP,RG,8300,2,F,BK,XC,D
14:15:42,ICBP,RG,8300,5,F,BK,YP,D
14:15:42,ICBP,RG,8300,1,F,BK,YP,D
14:15:42,ICBP,RG,8300,2,F,BK,SQ,D
14:15:42,ICBP,RG,8300,1,F,BK,NI,D
14:15:42,ICBP,RG,8300,20,F,BK,OD,D
14:15:42,ICBP,RG,8300,13,F,BK,ZP,F
14:15:42,ICBP,RG,8300,10,F,BK,YP,D
14:15:42,ICBP,RG,8300,1,F,BK,YP,D
14:15:42,ICBP,RG,8300,1,F,BK,KK,D
14:15:42,ICBP,RG,8300,50,F,BK,KK,D
14:15:42,ICBP,RG,8300,2,F,BK,KK,D
14:15:42,ICBP,RG,8300,10,F,BK,CC,D
14:15:42,ICBP,RG,8300,7,F,BK,YP,D
14:15:42,ICBP,RG,8300,3,F,BK,PD,D
14:15:42,ICBP,RG,8300,212,F,BK,CC,D
14:15:41,ICBP,RG,8300,47,D,SQ,CC,D
14:15:41,ICBP,RG,8300,3,D,SQ,YP,D
14:15:41,ICBP,RG,8300,80,D,SQ,NI,D
14:15:41,ICBP,RG,8300,50,D,SQ,YP,D
14:15:41,ICBP,RG,8300,60,D,SQ,YP,D
14:15:41,ICBP,RG,8300,39,D,SQ,GR,D
14:15:41,ICBP,RG,8300,1,D,SQ,NI,D
14:15:41,ICBP,RG,8300,3,D,SQ,PD,D
14:15:41,ICBP,RG,8300,2,D,SQ,CC,F
14:15:41,ICBP,RG,8300,3,D,SQ,AZ,D
14:15:41,ICBP,RG,8300,1,D,SQ,NI,D
14:15:41,ICBP,RG,8300,2,D,SQ,YP,D
14:15:41,ICBP,RG,8300,20,D,SQ,CC,D
14:15:41,ICBP,RG,8300,24,D,SQ,XC,D
14:15:41,ICBP,RG,8300,3,D,SQ,DR,D
14:15:41,ICBP,RG,8300,25,D,SQ,PD,D
14:15:41,ICBP,RG,8300,10,D,SQ,YP,D
14:15:41,ICBP,RG,8300,3,D,SQ,OD,D
14:15:41,ICBP,RG,8300,1,D,SQ,XC,D
14:15:41,ICBP,RG,8300,5,D,SQ,YP,D
14:15:41,ICBP,RG,8300,10,D,SQ,XC,D
14:15:41,ICBP,RG,8300,10,D,SQ,CC,D
14:15:41,ICBP,RG,8300,6,D,SQ,XC,D
14:15:41,ICBP,RG,8300,5,D,SQ,YP,D
14:15:41,ICBP,RG,8300,1,D,SQ,XC,D
14:15:41,ICBP,RG,8300,5,D,SQ,PD,D
14:15:41,ICBP,RG,8300,10,D,SQ,EP,D
14:15:41,ICBP,RG,8300,1,D,SQ,EP,D
14:15:41,ICBP,RG,8300,1,D,SQ,CC,D
14:15:41,ICBP,RG,8300,100,D,SQ,AG,D
14:15:41,ICBP,RG,8300,10,D,SQ,CC,D
14:15:41,ICBP,RG,8300,10,D,SQ,CC,D
14:15:41,ICBP,RG,8300,5,D,SQ,XC,D
14:15:41,ICBP,RG,8300,1,D,SQ,CC,D
14:15:41,ICBP,RG,8300,9,D,SQ,AK,D
14:15:41,ICBP,RG,8300,9,D,SQ,PD,D
14:15:41,ICBP,RG,8300,2,D,SQ,YP,D
14:15:41,ICBP,RG,8300,292,D,SQ,KZ,D
14:15:41,ICBP,RG,8300,10,D,SQ,AK,D
14:15:41,ICBP,RG,8300,1,D,SQ,ZP,F
14:15:41,ICBP,RG,8300,1,D,SQ,YP,D
14:15:41,ICBP,RG,8300,2,D,SQ,NI,D
14:15:41,ICBP,RG,8300,3,D,SQ,AZ,D
14:15:41,ICBP,RG,8300,1,D,SQ,ZP,F
14:15:41,ICBP,RG,8300,1,D,SQ,AI,D
14:15:41,ICBP,RG,8300,10,D,SQ,OD,D
14:15:41,ICBP,RG,8300,2,D,SQ,YP,D
14:15:41,ICBP,RG,8300,4,D,SQ,KK,D
14:15:41,ICBP,RG,8300,1,D,SQ,KK,D
14:15:41,ICBP,RG,8300,1,D,SQ,XC,D
14:15:41,ICBP,RG,8300,135,D,SQ,CP,D
14:15:41,ICBP,RG,8300,1,D,SQ,XC,D
14:15:41,ICBP,RG,8300,20,D,SQ,CP,D
14:15:41,ICBP,RG,8300,5,D,SQ,YP,D
14:15:41,ICBP,RG,8300,2,D,SQ,KK,D
14:15:41,ICBP,RG,8300,1,D,SQ,YP,D
14:15:41,ICBP,RG,8300,3,D,SQ,CC,D
14:15:41,ICBP,RG,8300,1,D,SQ,KK,D
14:15:41,ICBP,RG,8300,1,D,SQ,YP,D
14:15:41,ICBP,RG,8300,1,D,SQ,XC,D
14:15:41,ICBP,RG,8300,1,D,SQ,XC,D
14:15:41,ICBP,RG,8300,1,D,SQ,YP,D
14:15:41,ICBP,RG,8300,50,D,SQ,YP,D
14:15:41,ICBP,RG,8300,57,D,SQ,XC,D
14:15:41,ICBP,RG,8300,2,D,SQ,PD,D
14:15:41,ICBP,RG,8300,27,D,SQ,XC,D
14:15:41,ICBP,RG,8300,400,D,SQ,RO,D
14:15:41,ICBP,RG,8300,1,D,SQ,ZP,F
14:15:41,ICBP,RG,8300,6,D,SQ,CP,D
14:15:41,ICBP,RG,8300,1,D,SQ,PD,D
14:15:41,ICBP,RG,8300,59,D,SQ,XL,D
14:15:41,ICBP,RG,8300,6,D,SQ,CC,D
14:15:41,ICBP,RG,8300,2,D,SQ,PD,D
14:15:41,ICBP,RG,8300,10,D,SQ,TP,D
14:15:41,ICBP,RG,8300,5,D,SQ,TP,D
14:15:41,ICBP,RG,8300,5,D,SQ,EP,D
14:15:41,ICBP,RG,8300,15,D,SQ,PD,D
14:15:41,ICBP,RG,8300,5,D,SQ,DH,D
14:15:41,ICBP,RG,8300,100,D,SQ,CC,D
14:15:41,ICBP,RG,8300,4,D,SQ,SQ,D
14:15:41,ICBP,RG,8300,3,D,SQ,YP,D
14:15:41,ICBP,RG,8300,3,D,SQ,PD,D
14:15:41,ICBP,RG,8300,5,D,SQ,DR,D
14:15:41,ICBP,RG,8300,1,D,SQ,CC,D
14:15:41,ICBP,RG,8300,2,D,SQ,PD,D
14:15:41,ICBP,RG,8300,4,D,SQ,CC,D
14:15:41,ICBP,RG,8300,5,D,SQ,YP,D
14:15:41,ICBP,RG,8300,1,D,SQ,XC,D
14:15:41,ICBP,RG,8300,1,D,SQ,XC,D
14:15:41,ICBP,RG,8300,100,D,SQ,NI,D
14:15:41,ICBP,RG,8300,1,D,SQ,DR,D
14:15:41,ICBP,RG,8300,2,D,SQ,YP,D
14:15:41,ICBP,RG,8300,1,D,SQ,SQ,D
14:15:41,ICBP,RG,8300,2,D,SQ,YP,D
14:15:41,ICBP,RG,8300,1,D,SQ,AT,D
14:15:41,ICBP,RG,8300,2,D,SQ,LG,D
14:15:41,ICBP,RG,8300,6,D,SQ,PD,D
14:15:41,ICBP,RG,8300,6,D,SQ,SQ,D
14:15:41,ICBP,RG,8300,21,D,SQ,PD,D
14:15:40,ICBP,RG,8300,1,D,RX,PD,D
14:15:39,ICBP,RG,8300,28,D,LG,PD,D
14:15:39,ICBP,RG,8300,2,D,LG,XC,D
14:15:39,ICBP,RG,8300,4,D,LG,XC,D
14:15:39,ICBP,RG,8300,2,D,LG,CC,D
14:15:39,ICBP,RG,8300,1,D,LG,GR,D
14:15:39,ICBP,RG,8300,1,D,LG,SQ,D
14:15:39,ICBP,RG,8300,1,D,LG,YP,D
14:15:39,ICBP,RG,8300,1,D,LG,CC,D
14:15:39,ICBP,RG,8300,3,D,LG,DH,D
14:15:39,ICBP,RG,8300,1,D,LG,YP,D
14:15:39,ICBP,RG,8300,2,D,LG,XC,D
14:15:39,ICBP,RG,8300,10,D,LG,CC,D
14:15:39,ICBP,RG,8300,1,D,LG,KK,D
14:15:39,ICBP,RG,8300,1,D,LG,SQ,D
14:15:39,ICBP,RG,8300,20,D,LG,KI,D
14:15:39,ICBP,RG,8300,1,D,LG,ZP,F
14:15:39,ICBP,RG,8300,1,D,LG,GR,D
14:15:39,ICBP,RG,8300,20,D,LG,SQ,D
14:15:39,ICBP,RG,8300,8,D,LG,NI,D
14:15:39,ICBP,RG,8300,50,D,LG,CC,D
14:15:39,ICBP,RG,8300,5,D,LG,NI,D
14:15:39,ICBP,RG,8300,1,D,LG,XC,D
14:15:39,ICBP,RG,8300,1,D,LG,YP,D
14:15:39,ICBP,RG,8300,4,D,LG,NI,D
14:15:39,ICBP,RG,8300,6,D,LG,YP,D
14:15:39,ICBP,RG,8300,50,D,LG,CC,D
14:15:39,ICBP,RG,8300,10,D,LG,PD,D
14:15:39,ICBP,RG,8300,1,D,LG,YP,D
14:15:39,ICBP,RG,8300,5,D,LG,CC,D
14:15:39,ICBP,RG,8300,100,D,LG,YP,D
14:15:39,ICBP,RG,8300,12,D,LG,XC,D
14:15:39,ICBP,RG,8300,10,D,LG,NI,D
14:15:39,ICBP,RG,8300,5,D,LG,SQ,D
14:15:39,ICBP,RG,8300,1,D,LG,PD,D
14:15:39,ICBP,RG,8300,1,D,LG,CC,D
14:15:39,ICBP,RG,8300,15,D,LG,YP,D
14:15:39,ICBP,RG,8300,25,D,LG,PD,D
14:15:39,ICBP,RG,8300,5,D,LG,XC,D
14:15:39,ICBP,RG,8300,10,D,LG,PD,D
14:15:39,ICBP,RG,8300,1,D,LG,EP,D
14:15:39,ICBP,RG,8300,300,D,LG,AG,D
14:15:39,ICBP,RG,8300,18,D,LG,YP,D
14:15:39,ICBP,RG,8300,2,D,LG,XC,D
14:15:39,ICBP,RG,8300,11,D,LG,DH,D
14:15:39,ICBP,RG,8300,10,D,LG,YP,D
14:15:39,ICBP,RG,8300,50,D,LG,DH,D
14:15:39,ICBP,RG,8300,1,D,LG,HP,D
14:15:39,ICBP,RG,8300,1,D,LG,DH,D
14:15:39,ICBP,RG,8300,3,D,LG,DX,D
14:15:39,ICBP,RG,8300,2,D,LG,XC,D
14:15:39,ICBP,RG,8300,2,D,LG,YP,D
14:15:39,ICBP,RG,8300,23,D,LG,GR,D
14:15:39,ICBP,RG,8300,11,D,LG,XC,D
14:15:39,ICBP,RG,8300,1,D,LG,PD,D
14:15:39,ICBP,RG,8300,1,D,LG,YP,D
14:15:39,ICBP,RG,8300,13,D,LG,YP,D
14:15:39,ICBP,RG,8300,1,D,LG,KK,D
14:15:39,ICBP,RG,8300,50,D,LG,NI,D
14:15:39,ICBP,RG,8300,6,D,LG,XC,D
14:15:39,ICBP,RG,8300,1,D,LG,PD,D
14:15:39,ICBP,RG,8300,2,D,LG,ZP,D
14:15:39,ICBP,RG,8300,1,D,LG,XC,D
14:15:39,ICBP,RG,8300,36,D,LG,DR,D
14:15:39,ICBP,RG,8300,1,D,LG,XC,D
14:15:39,ICBP,RG,8300,30,D,LG,CC,D
14:15:39,ICBP,RG,8300,100,D,LG,KK,D
14:15:39,ICBP,RG,8300,25,D,LG,CC,D
14:15:39,ICBP,RG,8300,1,D,LG,NI,D
14:15:39,ICBP,RG,8300,10,D,LG,NI,D
14:15:39,ICBP,RG,8300,1,D,LG,PD,D
14:15:39,ICBP,RG,8300,1,D,LG,PD,D
14:15:39,ICBP,RG,8300,1,D,LG,XC,D
14:15:39,ICBP,RG,8300,5,D,LG,YP,D
14:15:39,ICBP,RG,8300,2,D,LG,PD,D
14:15:39,ICBP,RG,8300,300,D,LG,AG,D
14:15:39,ICBP,RG,8300,450,D,LG,NI,D
14:15:39,ICBP,RG,8300,10,D,LG,SS,D
14:15:39,ICBP,RG,8300,1,D,LG,NI,D
14:15:39,ICBP,RG,8300,2,D,LG,PD,D
14:15:39,ICBP,RG,8300,50,D,LG,DR,D
14:15:39,ICBP,RG,8300,2,D,LG,YP,D
14:15:39,ICBP,RG,8300,25,D,LG,XC,D
14:15:39,ICBP,RG,8300,3,D,LG,YP,D
14:15:39,ICBP,RG,8300,2,D,LG,YU,D
14:15:39,ICBP,RG,8300,1,D,LG,YP,D
14:15:39,ICBP,RG,8300,1,D,LG,XC,D
14:15:39,ICBP,RG,8300,4,D,LG,AI,D
14:15:38,ICBP,RG,8300,5,D,AH,AI,D
14:15:38,ICBP,RG,8300,1,D,AH,SQ,D
14:15:38,ICBP,RG,8300,5,D,AH,CC,D
14:15:38,ICBP,RG,8300,1,D,AH,AI,D
14:15:38,ICBP,RG,8300,1,D,AH,AN,D
14:15:38,ICBP,RG,8300,3,D,AH,YP,D
14:15:38,ICBP,RG,8300,1,D,AH,PD,D
14:15:38,ICBP,RG,8300,100,D,AH,YP,D
14:15:38,ICBP,RG,8300,2,D,AH,XC,D
14:15:38,ICBP,RG,8300,2,D,AH,YU,D
14:15:38,ICBP,RG,8300,3,D,AH,NI,D
14:15:38,ICBP,RG,8300,1,D,AH,XC,D
14:15:38,ICBP,RG,8300,1,D,AH,PD,D
14:15:38,ICBP,RG,8300,5,D,AH,PD,D
14:15:38,ICBP,RG,8300,75,D,AH,YP,D
14:15:38,ICBP,RG,8300,10,D,AH,GR,D
14:15:38,ICBP,RG,8300,2,D,AH,XC,D
14:15:38,ICBP,RG,8300,10,D,AH,NI,D
14:15:38,ICBP,RG,8300,1,D,AH,XC,D
14:15:38,ICBP,RG,8300,71,D,AH,IF,D
14:15:37,ICBP,RG,8300,300,D,LS,IF,D
14:15:36,ICBP,RG,8275,18,D,SQ,YP,D
14:15:36,ICBP,RG,8300,26,D,LG,IF,D
14:15:36,ICBP,RG,8300,205,D,LG,IF,D
14:15:36,ICBP,RG,8300,19,D,LG,IF,D
14:15:36,ICBP,RG,8300,149,D,LG,IF,D
14:15:34,ICBP,RG,8300,230,D,LG,IF,D
14:15:34,ICBP,RG,8300,2,D,LG,XC,D
14:15:34,ICBP,RG,8300,6,D,LG,GR,D
14:15:34,ICBP,RG,8300,3,D,LG,XC,D
14:15:34,ICBP,RG,8300,3,D,LG,YP,D
14:15:34,ICBP,RG,8300,10,D,LG,CC,D
14:15:34,ICBP,RG,8300,1,D,LG,KK,D
14:15:34,ICBP,RG,8300,1,D,LG,YP,D
14:15:34,ICBP,RG,8300,1,D,LG,PD,D
14:15:34,ICBP,RG,8300,1,D,LG,YP,D
14:15:34,ICBP,RG,8300,1,D,LG,NI,D
14:15:34,ICBP,RG,8300,103,D,LG,KZ,D
14:15:34,ICBP,RG,8300,10,D,LG,AZ,D
14:15:34,ICBP,RG,8300,1,D,LG,SQ,D
14:15:34,ICBP,RG,8300,1,D,LG,XC,D
14:15:34,ICBP,RG,8300,3,D,LG,AZ,D
14:15:34,ICBP,RG,8300,10,D,LG,PD,D
14:15:34,ICBP,RG,8300,3,D,LG,KK,D
14:15:34,ICBP,RG,8300,1,D,LG,YP,D
14:15:34,ICBP,RG,8300,1,D,LG,XA,D
14:15:34,ICBP,RG,8300,2,D,LG,YP,D
14:15:34,ICBP,RG,8300,10,D,LG,PD,D
14:15:34,ICBP,RG,8300,10,D,LG,PD,D
14:15:34,ICBP,RG,8300,1,D,LG,PD,D
14:15:34,ICBP,RG,8300,2,D,LG,KK,D
14:15:34,ICBP,RG,8300,2,D,LG,CC,D
14:15:34,ICBP,RG,8300,1,D,LG,CC,D
14:15:34,ICBP,RG,8300,5,D,LG,PD,D
14:15:34,ICBP,RG,8300,10,D,LG,YP,D
14:15:34,ICBP,RG,8300,1,D,LG,YU,D
14:15:34,ICBP,RG,8300,9,D,LG,XC,D
14:15:34,ICBP,RG,8300,10,D,LG,GR,D
14:15:34,ICBP,RG,8300,1,D,LG,XC,D
14:15:34,ICBP,RG,8300,1,D,LG,SQ,D
14:15:34,ICBP,RG,8300,5,D,LG,CC,D
14:15:34,ICBP,RG,8300,1,D,LG,CC,D
14:15:34,ICBP,RG,8300,10,D,LG,YP,D
14:15:34,ICBP,RG,8300,1,D,LG,PD,D
14:15:34,ICBP,RG,8300,50,D,LG,YP,D
14:15:34,ICBP,RG,8300,105,D,LG,CC,D
14:15:34,ICBP,RG,8300,1,D,LG,CC,D
14:15:34,ICBP,RG,8300,3,D,LG,CC,D
14:15:34,ICBP,RG,8300,1,D,LG,XL,D
14:15:34,ICBP,RG,8300,1,D,LG,PD,D
14:15:34,ICBP,RG,8300,5,D,LG,CC,D
14:15:34,ICBP,RG,8300,20,D,LG,PD,D
14:15:34,ICBP,RG,8300,3,D,LG,PD,D
14:15:34,ICBP,RG,8300,4,D,LG,CC,D
14:15:34,ICBP,RG,8300,70,D,LG,PD,D
14:15:34,ICBP,RG,8300,4,D,LG,XC,D
14:15:34,ICBP,RG,8300,100,D,LG,YP,D
14:15:34,ICBP,RG,8300,20,D,LG,YP,D
14:15:34,ICBP,RG,8300,5,D,LG,XC,D
14:15:34,ICBP,RG,8300,134,D,LG,YP,D
14:15:34,ICBP,RG,8300,66,D,PD,YP,D
14:15:34,ICBP,RG,8300,2,D,PD,XC,D
14:15:34,ICBP,RG,8300,1,D,PD,XC,D
14:15:34,ICBP,RG,8300,1,D,PD,YP,D
14:15:34,ICBP,RG,8300,1,D,PD,XC,D
14:15:34,ICBP,RG,8300,2,D,PD,YP,D
14:15:34,ICBP,RG,8300,3,D,PD,XC,D
14:15:34,ICBP,RG,8300,5,D,PD,CC,D
14:15:34,ICBP,RG,8300,44,D,PD,YP,D
14:15:33,ICBP,RG,8300,156,D,LG,YP,D
14:15:33,ICBP,RG,8300,3,D,LG,PD,D
14:15:33,ICBP,RG,8300,1,D,LG,DH,D
14:15:33,ICBP,RG,8300,30,D,LG,EP,D
14:15:33,ICBP,RG,8300,10,D,LG,DH,D
14:15:33,ICBP,RG,8300,25,D,LG,PD,D
14:15:33,ICBP,RG,8300,1,D,LG,PD,D
14:15:33,ICBP,RG,8300,18,D,LG,YP,D
14:15:33,ICBP,RG,8300,7,D,LG,PC,D
14:15:33,ICBP,RG,8300,5,D,LG,YP,D
14:15:33,ICBP,RG,8300,1,D,LG,XC,D
14:15:33,ICBP,RG,8300,5,D,LG,YP,D
14:15:33,ICBP,RG,8300,5,D,LG,AI,D
14:15:33,ICBP,RG,8300,1,D,LG,YP,D
14:15:33,ICBP,RG,8300,1,D,LG,XC,D
14:15:33,ICBP,RG,8300,3,D,LG,PD,D
14:15:33,ICBP,RG,8300,3,D,LG,YP,D
14:15:33,ICBP,RG,8300,50,D,LG,CC,D
14:15:33,ICBP,RG,8300,2,D,LG,YP,D
14:15:33,ICBP,RG,8300,1,D,LG,CC,D
14:15:33,ICBP,RG,8300,3,D,LG,XC,D
14:15:33,ICBP,RG,8300,10,D,LG,OD,D
14:15:33,ICBP,RG,8300,1,D,LG,CC,D
14:15:33,ICBP,RG,8300,1,D,LG,LG,D
14:15:33,ICBP,RG,8300,40,D,LG,DR,D
14:15:33,ICBP,RG,8300,20,D,LG,YU,D
14:15:33,ICBP,RG,8300,1,D,LG,PD,D
14:15:33,ICBP,RG,8300,21,D,LG,CC,D
14:15:33,ICBP,RG,8300,2,D,LG,PD,D
14:15:33,ICBP,RG,8300,1,D,LG,XL,D
14:15:33,ICBP,RG,8300,10,D,LG,YP,D
14:15:33,ICBP,RG,8300,2,D,LG,SQ,D
14:15:33,ICBP,RG,8300,8,D,LG,YP,D
14:15:33,ICBP,RG,8300,1,D,LG,CC,D
14:15:33,ICBP,RG,8300,10,D,LG,YP,D
14:15:33,ICBP,RG,8300,2,D,LG,OD,D
14:15:33,ICBP,RG,8300,1,D,LG,PD,D
14:15:33,ICBP,RG,8300,33,D,LG,XC,D
14:15:33,ICBP,RG,8300,10,D,LG,YP,D
14:15:33,ICBP,RG,8300,1,D,LG,SQ,D
14:15:33,ICBP,RG,8300,100,D,LG,YP,D
14:15:33,ICBP,RG,8300,30,D,LG,SQ,D
14:15:33,ICBP,RG,8300,2,D,LG,CC,D
14:15:33,ICBP,RG,8300,100,D,LG,YP,D
14:15:33,ICBP,RG,8300,25,D,LG,AT,D
14:15:33,ICBP,RG,8300,5,D,LG,SQ,D
14:15:33,ICBP,RG,8300,3,D,LG,PD,D
14:15:33,ICBP,RG,8300,10,D,LG,PD,D
14:15:33,ICBP,RG,8300,12,D,LG,SQ,D
14:15:33,ICBP,RG,8300,10,D,LG,SQ,D
14:15:33,ICBP,RG,8300,2,D,LG,YP,D
14:15:33,ICBP,RG,8300,1,D,LG,GR,D
14:15:33,ICBP,RG,8300,1,D,LG,CC,D
14:15:33,ICBP,RG,8300,10,D,LG,XC,D
14:15:33,ICBP,RG,8300,10,D,LG,PD,D
14:15:33,ICBP,RG,8300,50,D,LG,EP,D
14:15:33,ICBP,RG,8300,123,D,LG,YJ,D
14:15:24,ICBP,RG,8275,5,D,SQ,XC,D
14:15:23,ICBP,RG,8300,10,D,AK,YJ,D
14:15:22,ICBP,RG,8300,1,D,RX,YJ,D
14:15:21,ICBP,RG,8275,3,D,SQ,XL,D
14:15:20,ICBP,RG,8300,67,D,BB,YJ,D
14:15:07,ICBP,RG,8300,23,D,BB,YJ,D
14:15:05,ICBP,RG,8275,1,D,SQ,OD,D
14:15:03,ICBP,RG,8300,2,D,ZP,YJ,D
14:14:57,ICBP,RG,8275,10,D,SQ,PD,D
14:14:55,ICBP,RG,8275,6,D,SQ,XL,D
14:14:51,ICBP,RG,8275,1,D,SQ,YP,D
14:14:43,ICBP,RG,8300,1,D,XC,YJ,D
14:14:42,ICBP,RG,8275,10,D,SQ,SS,D
14:14:40,ICBP,RG,8300,1,D,PD,YJ,D
14:14:36,ICBP,RG,8300,3,D,DX,YJ,D
14:14:36,ICBP,RG,8300,10,D,YP,YJ,D
14:14:36,ICBP,RG,8275,6,D,SQ,ZP,F
14:14:34,ICBP,RG,8300,1,D,PD,YJ,D
14:14:33,ICBP,RG,8300,4,D,DX,YJ,D
14:14:32,ICBP,RG,8300,4,D,DX,YJ,D
14:14:31,ICBP,RG,8300,78,D,BB,KK,D
14:14:31,ICBP,RG,8300,4,D,DX,KK,D
14:14:30,ICBP,RG,8300,1,D,NI,KK,D
14:14:30,ICBP,RG,8300,17,D,AK,KK,D
14:14:30,ICBP,RG,8300,1,D,AK,YP,D
14:14:30,ICBP,RG,8300,2,D,AK,PD,D
14:14:30,ICBP,RG,8300,5,D,AK,CC,D
14:14:30,ICBP,RG,8300,6,D,AK,EP,D
14:14:05,ICBP,RG,8300,26,D,CC,EP,D
14:14:05,ICBP,RG,8300,18,D,BQ,EP,D
14:14:05,ICBP,RG,8300,44,D,BQ,XC,D
14:14:05,ICBP,RG,8300,4,D,BQ,NI,D
14:14:05,ICBP,RG,8300,15,D,BQ,PD,D
14:14:05,ICBP,RG,8300,10,D,BQ,PD,D
14:14:05,ICBP,RG,8300,20,D,BQ,RO,D
14:14:05,ICBP,RG,8300,50,D,BQ,NI,D
14:14:05,ICBP,RG,8300,3,D,BQ,XL,D
14:14:05,ICBP,RG,8300,10,D,BQ,YP,D
14:14:05,ICBP,RG,8300,1,D,BQ,YP,D
14:14:05,ICBP,RG,8300,1,D,BQ,YP,D
14:14:05,ICBP,RG,8300,1,D,BQ,YP,D
14:14:05,ICBP,RG,8300,3,D,BQ,YP,D
14:14:05,ICBP,RG,8300,10,D,BQ,YP,D
14:14:05,ICBP,RG,8300,10,D,BQ,KK,D
14:14:05,ICBP,RG,8300,1,D,BQ,KK,D
14:14:05,ICBP,RG,8300,1,D,BQ,YP,D
14:14:05,ICBP,RG,8300,4,D,BQ,CC,D
14:14:00,ICBP,RG,8300,337,D,CC,CC,D
14:13:59,ICBP,RG,8300,5,D,BQ,CC,D
14:13:59,ICBP,RG,8275,12,D,SQ,ZP,F
14:13:54,ICBP,RG,8275,3,D,SQ,YP,D
14:13:52,ICBP,RG,8275,30,D,SQ,SQ,D
14:13:51,ICBP,RG,8275,5,D,SQ,PD,D
14:13:39,ICBP,RG,8300,34,D,CC,CC,D
14:13:39,ICBP,RG,8300,1,D,CC,CC,D
14:13:39,ICBP,RG,8300,1,D,CC,PD,D
14:13:39,ICBP,RG,8300,30,D,CC,YP,D
14:13:39,ICBP,RG,8300,10,D,CC,PD,D
14:13:39,ICBP,RG,8300,20,D,CC,YP,D
14:13:39,ICBP,RG,8300,20,D,CC,YP,D
14:13:39,ICBP,RG,8300,10,D,CC,ZP,D
14:13:39,ICBP,RG,8300,10,D,CC,DR,D
14:13:39,ICBP,RG,8300,1,D,CC,CC,D
14:13:39,ICBP,RG,8300,63,D,CC,RO,D
14:13:39,ICBP,RG,8300,1,D,RX,RO,D
14:13:38,ICBP,RG,8275,1,D,SQ,PD,D
14:13:34,ICBP,RG,8300,36,D,BB,RO,D
14:13:34,ICBP,RG,8300,29,D,BB,RO,D
14:13:29,ICBP,RG,8300,1,F,AK,RO,D
14:13:28,ICBP,RG,8300,1,D,PD,RO,D
14:13:13,ICBP,RG,8300,30,D,PP,RO,D
14:13:10,ICBP,RG,8275,1,D,SQ,ZP,D
14:13:07,ICBP,RG,8275,25,D,SQ,YP,D
14:13:00,ICBP,RG,8300,5,D,AK,RO,D
14:13:00,ICBP,RG,8300,22,D,YU,RO,D
14:13:00,ICBP,RG,8300,22,D,YU,RO,D
14:12:57,ICBP,RG,8300,3,D,ZP,RO,D
14:12:55,ICBP,RG,8300,1,D,RX,RO,D
14:12:53,ICBP,RG,8300,1,D,PD,RO,D
14:12:53,ICBP,RG,8275,1,D,SQ,YP,D
14:12:46,ICBP,RG,8300,66,D,BB,RO,D
14:12:37,ICBP,RG,8300,1,D,XC,RO,D
14:12:26,ICBP,RG,8300,153,D,PD,RO,D
14:12:11,ICBP,RG,8275,1,D,SQ,MG,D
14:12:09,ICBP,RG,8300,4,D,DX,RO,D
14:12:09,ICBP,RG,8300,3,D,DX,RO,D
14:12:07,ICBP,RG,8300,3,D,DX,RO,D
14:12:02,ICBP,RG,8300,24,D,BB,RO,D
14:12:02,ICBP,RG,8275,8,D,SQ,XC,D
14:12:02,ICBP,RG,8275,2,D,SQ,PD,D
14:12:00,ICBP,RG,8300,30,D,YU,RO,D
14:12:00,ICBP,RG,8300,1,D,YU,RO,D
14:12:00,ICBP,RG,8300,4,D,YU,RO,D
14:12:00,ICBP,RG,8300,2,D,YU,AT,D
14:12:00,ICBP,RG,8300,2,D,YU,PD,D
14:12:00,ICBP,RG,8300,1,D,YU,PD,D
14:12:00,ICBP,RG,8300,14,D,YU,SQ,D
14:12:00,ICBP,RG,8300,16,D,YU,SQ,D
14:12:00,ICBP,RG,8300,1,D,YU,SQ,D
14:12:00,ICBP,RG,8300,1,D,YU,YP,D
14:12:00,ICBP,RG,8300,6,D,YU,EP,D
14:11:59,ICBP,RG,8300,4,D,DX,EP,D
14:11:57,ICBP,RG,8300,62,D,BB,EP,D
14:11:52,ICBP,RG,8300,1,D,RX,EP,D
14:11:43,ICBP,RG,8300,6,F,YU,EP,D
14:11:42,ICBP,RG,8300,15,D,NI,EP,D
14:11:41,ICBP,RG,8275,1,D,SQ,YP,D
14:11:29,ICBP,RG,8275,11,D,SQ,PD,D
14:11:29,ICBP,RG,8275,2,D,SQ,PD,D
14:11:24,ICBP,RG,8300,15,D,CC,EP,D
14:11:19,ICBP,RG,8275,1,D,SQ,XC,D
14:11:16,ICBP,RG,8300,25,D,CC,EP,D
14:11:11,ICBP,RG,8300,16,D,BB,EP,D
14:11:11,ICBP,RG,8300,3,D,BB,GR,D
14:11:11,ICBP,RG,8300,1,D,BB,PD,D
14:11:11,ICBP,RG,8300,5,D,BB,DH,D
14:11:11,ICBP,RG,8300,92,D,BB,DH,D
14:11:06,ICBP,RG,8275,100,D,SQ,HP,D
14:11:01,ICBP,RG,8275,1,D,SQ,PD,D
14:11:00,ICBP,RG,8300,8,D,CC,DH,D
14:11:00,ICBP,RG,8300,23,D,CC,KK,D
14:11:00,ICBP,RG,8300,5,D,CC,PD,D
14:11:00,ICBP,RG,8300,4,D,CC,PD,D
14:11:00,ICBP,RG,8300,2,D,CC,IF,D
14:11:00,ICBP,RG,8300,2,D,CC,YB,D
14:11:00,ICBP,RG,8300,2,D,CC,GR,D
14:11:00,ICBP,RG,8300,10,D,CC,RO,D
14:11:00,ICBP,RG,8300,70,D,CC,RO,D
14:11:00,ICBP,RG,8275,2,D,SQ,KK,D
14:10:48,ICBP,RG,8275,1,D,SQ,YP,D
14:10:46,ICBP,RG,8300,1,D,YP,RO,D
14:10:34,ICBP,RG,8275,12,D,SQ,DH,D
14:10:19,ICBP,RG,8275,20,D,SQ,AZ,D
14:10:16,ICBP,RG,8275,1,D,SQ,XC,D
14:10:13,ICBP,RG,8300,1,D,RX,RO,D
14:10:11,ICBP,RG,8275,6,D,SQ,PD,D
14:10:11,ICBP,RG,8275,8,D,SQ,KK,D
14:10:11,ICBP,RG,8275,30,D,SQ,ZP,F
14:10:11,ICBP,RG,8275,16,D,SQ,ZP,F
14:10:11,ICBP,RG,8275,3,D,SQ,PD,D
14:10:11,ICBP,RG,8275,5,D,SQ,YP,D
14:10:11,ICBP,RG,8275,1,D,SQ,YP,D
14:10:11,ICBP,RG,8275,1,D,SQ,NI,D
14:10:11,ICBP,RG,8275,5,D,SQ,PD,D
14:10:11,ICBP,RG,8275,19,D,SQ,ZP,F
14:10:11,ICBP,RG,8275,1,D,SQ,SQ,D
14:10:11,ICBP,RG,8275,2,D,SQ,XC,D
14:10:11,ICBP,RG,8275,3,D,SQ,GR,D
14:10:11,ICBP,RG,8275,8,D,SQ,RX,D
14:10:11,ICBP,RG,8275,1,D,SQ,XC,D
14:10:11,ICBP,RG,8275,3,D,SQ,PS,D
14:10:11,ICBP,RG,8275,1,D,SQ,XA,D
14:10:11,ICBP,RG,8275,3,D,SQ,YP,D
14:10:11,ICBP,RG,8275,50,D,SQ,KK,D
14:10:11,ICBP,RG,8275,1,D,SQ,KK,D
14:10:11,ICBP,RG,8275,15,D,SQ,XC,D
14:10:11,ICBP,RG,8275,1,D,SQ,YP,D
14:10:11,ICBP,RG,8275,1,D,SQ,XC,D
14:10:11,ICBP,RG,8275,1,D,SQ,XC,D
14:10:11,ICBP,RG,8275,5,D,SQ,HP,D
14:10:11,ICBP,RG,8275,100,D,SQ,YP,D
14:10:11,ICBP,RG,8275,6,D,SQ,XC,D
14:10:11,ICBP,RG,8275,1,D,SQ,OD,D
14:10:11,ICBP,RG,8275,290,D,SQ,AT,D
14:10:11,ICBP,RG,8275,1,D,SQ,XC,D
14:10:11,ICBP,RG,8275,4,D,SQ,PD,D
14:10:11,ICBP,RG,8275,1,D,SQ,XC,D
14:10:11,ICBP,RG,8275,5,D,SQ,PD,D
14:10:11,ICBP,RG,8275,2,D,SQ,SQ,D
14:10:11,ICBP,RG,8275,100,D,SQ,AI,D
14:10:11,ICBP,RG,8275,10,D,SQ,OD,D
14:10:11,ICBP,RG,8275,462,D,SQ,TP,D
14:10:10,ICBP,RG,8250,7,D,LG,CC,D
14:10:10,ICBP,RG,8250,1,D,LG,PD,D
14:10:09,ICBP,RG,8275,52,D,RX,TP,D
14:10:09,ICBP,RG,8275,1,D,RX,PD,D
14:10:09,ICBP,RG,8275,10,D,RX,XC,D
14:10:09,ICBP,RG,8275,23,D,RX,MG,D
14:10:09,ICBP,RG,8275,5,D,RX,KK,D
14:10:09,ICBP,RG,8275,30,D,RX,YP,D
14:10:09,ICBP,RG,8275,15,D,RX,NI,D
14:10:09,ICBP,RG,8275,35,D,RX,TF,D
14:10:09,ICBP,RG,8275,1,D,RX,YP,D
14:10:09,ICBP,RG,8275,5,D,RX,NI,D
14:10:09,ICBP,RG,8275,20,D,RX,YP,D
14:10:09,ICBP,RG,8275,6,D,RX,XC,D
14:10:09,ICBP,RG,8275,1,D,RX,AT,D
14:10:09,ICBP,RG,8275,5,D,RX,AT,D
14:10:09,ICBP,RG,8275,500,D,RX,PD,D
14:10:09,ICBP,RG,8275,1,D,RX,DR,D
14:10:09,ICBP,RG,8275,20,D,RX,SQ,D
14:10:09,ICBP,RG,8275,4,D,RX,XL,D
14:10:09,ICBP,RG,8275,10,D,RX,AK,D
14:10:09,ICBP,RG,8275,50,D,RX,YP,D
14:10:09,ICBP,RG,8275,4,D,RX,NI,D
14:10:09,ICBP,RG,8275,2,D,RX,ZP,F
14:10:09,ICBP,RG,8275,2,D,RX,SQ,D
14:10:09,ICBP,RG,8275,15,D,RX,CC,D
14:10:09,ICBP,RG,8275,50,D,RX,YP,D
14:10:09,ICBP,RG,8275,2,D,RX,ZP,F
14:10:09,ICBP,RG,8275,27,D,RX,AK,D
14:10:09,ICBP,RG,8275,4,D,RX,YP,D
14:10:07,ICBP,RG,8250,1,D,LG,YP,D
14:10:00,ICBP,RG,8250,46,D,LG,AK,D
14:09:58,ICBP,RG,8275,4,D,KK,YP,D
14:09:58,ICBP,RG,8275,11,D,KK,CC,D
14:09:50,ICBP,RG,8275,79,D,YU,CC,D
14:09:50,ICBP,RG,8275,1,D,YU,AZ,D
14:09:44,ICBP,RG,8275,8,D,BB,AZ,D
14:09:44,ICBP,RG,8275,8,D,BB,PD,D
14:09:44,ICBP,RG,8275,5,D,BB,YP,D
14:09:44,ICBP,RG,8275,1,D,BB,CC,D
14:09:44,ICBP,RG,8275,9,D,BB,PD,D
14:09:44,ICBP,RG,8275,1,D,BB,AN,D
14:09:44,ICBP,RG,8275,2,D,BB,ZP,F
14:09:44,ICBP,RG,8275,8,D,BB,YP,D
14:09:44,ICBP,RG,8275,6,D,BB,ZP,F
14:09:44,ICBP,RG,8275,21,D,BB,DH,D
14:09:42,ICBP,RG,8275,1,D,PD,DH,D
14:09:42,ICBP,RG,8250,131,D,LG,CC,D
14:09:38,ICBP,RG,8275,42,D,YU,DH,D
14:09:38,ICBP,RG,8275,3,D,DX,DH,D
14:09:35,ICBP,RG,8275,5,D,DX,DH,D
14:09:34,ICBP,RG,8275,3,D,DX,DH,D
14:09:34,ICBP,RG,8275,3,D,DX,DH,D
14:09:26,ICBP,RG,8250,1,D,LG,PD,D
14:09:23,ICBP,RG,8250,2,D,LG,NI,D
14:09:22,ICBP,RG,8275,51,D,YU,DH,D
14:09:16,ICBP,RG,8275,3,D,BQ,DH,D
14:09:10,ICBP,RG,8275,32,D,YU,DH,D
14:09:08,ICBP,RG,8250,2,D,LG,SQ,D
14:09:04,ICBP,RG,8275,1,D,RX,DH,D
14:09:00,ICBP,RG,8275,309,D,CC,DH,D
14:08:55,ICBP,RG,8275,24,D,BB,DH,D
14:08:53,ICBP,RG,8275,70,D,BB,DH,D
14:08:38,ICBP,RG,8250,50,D,LG,ZP,D
14:08:26,ICBP,RG,8275,26,D,CC,DH,D
14:08:23,ICBP,RG,8250,673,D,LG,SQ,D
14:08:21,ICBP,RG,8275,1,D,PD,DH,D
14:08:15,ICBP,RG,8275,1,D,YP,DH,D
14:08:15,ICBP,RG,8275,74,D,CC,DH,D
14:08:02,ICBP,RG,8275,60,D,BB,DH,D
14:08:02,ICBP,RG,8275,16,D,BB,KZ,D
14:08:00,ICBP,RG,8275,39,D,YU,KZ,D
14:07:59,ICBP,RG,8250,20,D,LG,CC,D
14:07:40,ICBP,RG,8275,2,D,ZP,KZ,D
14:07:39,ICBP,RG,8250,5,D,LG,SQ,D
14:07:27,ICBP,RG,8275,60,D,PP,KZ,D
14:07:21,ICBP,RG,8250,1,D,LG,XC,D
14:07:15,ICBP,RG,8250,2,D,LG,YP,D
14:07:09,ICBP,RG,8275,3,D,DX,KZ,D
14:07:08,ICBP,RG,8275,4,D,DX,KZ,D
14:07:06,ICBP,RG,8275,62,D,BB,KZ,D
14:07:05,ICBP,RG,8275,4,D,DX,KZ,D
14:07:05,ICBP,RG,8275,33,D,AK,KZ,D
14:07:01,ICBP,RG,8250,2,D,LG,OD,D
14:07:00,ICBP,RG,8250,2,D,LG,XC,D
14:07:00,ICBP,RG,8275,3,D,DX,KZ,D
14:06:56,ICBP,RG,8250,1,D,LG,XC,D
14:06:43,ICBP,RG,8250,3,D,LG,ZP,F
14:06:39,ICBP,RG,8250,6,D,LG,ZP,F
14:06:27,ICBP,RG,8275,1,D,ZP,KZ,D
14:06:25,ICBP,RG,8275,1,D,YP,KZ,D
14:06:20,ICBP,RG,8275,62,D,DR,KZ,D
14:06:20,ICBP,RG,8275,25,D,DR,CC,D
14:06:20,ICBP,RG,8275,1,D,DR,YP,D
14:06:20,ICBP,RG,8275,16,D,DR,PD,D
14:06:20,ICBP,RG,8275,1,D,DR,SQ,D
14:06:20,ICBP,RG,8275,1,D,DR,PD,D
