Time,Stock,Brd,Price,Qty,BT,BC,SC,ST
15:14:58,ICBP,RG,8025,1,F,KZ,NI,D
15:14:35,ICBP,RG,8025,12,F,KZ,NI,D
15:14:20,ICBP,RG,8025,2,F,KZ,GR,D
15:14:19,ICBP,RG,8025,53,F,KZ,SQ,D
15:14:09,ICBP,RG,8025,2,F,KZ,SQ,D
15:13:17,ICBP,RG,8025,5,F,KZ,CC,D
15:13:08,ICBP,RG,8025,1,F,KZ,NI,D
15:13:02,ICBP,RG,8025,1,F,KZ,GR,D
15:12:27,ICBP,RG,8025,2,F,KZ,PD,D
15:12:12,ICBP,RG,8025,21,F,KZ,SQ,D
15:11:57,ICBP,RG,8025,15,F,KZ,DH,D
15:11:14,ICBP,RG,8025,4,F,KZ,PD,D
15:11:04,ICBP,RG,8025,64,F,KZ,YP,D
15:09:34,ICBP,RG,8025,60,F,KZ,CC,D
15:09:13,ICBP,RG,8025,2,F,KZ,YP,D
15:09:12,ICBP,RG,8025,1,F,KZ,YP,D
15:08:26,ICBP,RG,8025,4,F,KZ,KK,D
15:08:10,ICBP,RG,8025,1,F,KZ,EP,D
15:08:03,ICBP,RG,8025,49,F,KZ,GR,D
15:07:24,ICBP,RG,8025,250,F,KZ,GR,D
15:07:16,ICBP,RG,8025,1,F,KZ,KK,D
15:07:06,ICBP,RG,8025,2,F,KZ,PD,D
15:06:58,ICBP,RG,8025,1,F,KZ,PD,D
15:06:51,ICBP,RG,8025,10,F,KZ,CC,D
15:06:41,ICBP,RG,8025,3,F,KZ,SS,D
15:06:16,ICBP,RG,8025,9,F,KZ,YP,D
15:06:13,ICBP,RG,8025,3,F,KZ,CC,D
15:06:12,ICBP,RG,8025,20,F,KZ,YP,D
15:06:02,ICBP,RG,8025,4,F,KZ,PD,D
15:06:00,ICBP,RG,8025,39,F,KZ,SQ,D
15:05:34,ICBP,RG,8025,2,F,KZ,YP,D
15:05:28,ICBP,RG,8025,10,F,KZ,YP,D
15:05:15,ICBP,RG,8025,4,F,KZ,DH,D
15:05:13,ICBP,RG,8025,1,F,KZ,YP,D
15:05:00,ICBP,RG,8025,6,F,KZ,HP,D
15:04:48,ICBP,RG,8025,3,F,KZ,PD,D
15:04:26,ICBP,RG,8025,5,F,KZ,OD,D
15:04:22,ICBP,RG,8025,1,F,KZ,PD,D
15:04:15,ICBP,RG,8025,1,F,KZ,PD,D
15:03:46,ICBP,RG,8025,1,F,KZ,YU,D
15:03:46,ICBP,RG,8025,2,F,KZ,YU,D
15:03:42,ICBP,RG,8025,2,F,KZ,YP,D
15:03:10,ICBP,RG,8025,9,F,KZ,PD,D
15:03:10,ICBP,RG,8025,16,D,YP,PD,D
15:03:09,ICBP,RG,8025,20,D,YP,KK,D
15:03:08,ICBP,RG,8025,14,D,YP,ZP,D
15:03:08,ICBP,RG,8025,10,D,YP,ZP,D
15:03:08,ICBP,RG,8025,1,D,XC,ZP,D
15:03:08,ICBP,RG,8025,3,D,NI,ZP,D
15:03:08,ICBP,RG,8025,1,D,XL,ZP,D
15:03:08,ICBP,RG,8025,1,D,PD,ZP,D
15:03:08,ICBP,RG,8025,5,D,YP,ZP,D
15:03:08,ICBP,RG,8025,1,D,NI,ZP,D
15:03:08,ICBP,RG,8025,1,D,KK,ZP,D
15:03:08,ICBP,RG,8025,1,F,KZ,ZP,D
15:02:54,ICBP,RG,8025,43,F,KZ,AG,D
15:02:42,ICBP,RG,8025,1,F,KZ,YP,D
15:02:36,ICBP,RG,8025,65,F,KZ,CC,D
15:02:27,ICBP,RG,8025,50,F,KZ,YP,D
15:02:16,ICBP,RG,8025,1,F,KZ,YP,D
15:01:22,ICBP,RG,8025,10,F,KZ,XC,D
15:01:08,ICBP,RG,8025,50,F,KZ,GR,D
15:01:06,ICBP,RG,8025,25,F,KZ,EP,D
15:01:04,ICBP,RG,8025,12,F,KZ,XC,D
15:01:00,ICBP,RG,8025,30,F,KZ,KK,D
15:01:00,ICBP,RG,8025,1,F,KZ,XC,D
15:01:00,ICBP,RG,8025,6,F,KZ,DH,D
15:01:00,ICBP,RG,8025,30,F,KZ,PD,D
15:00:00,ICBP,RG,8025,50,F,KZ,YP,D
15:00:00,ICBP,RG,8025,6,F,KZ,CC,D
15:00:00,ICBP,RG,8025,21,F,KZ,KK,D
15:00:00,ICBP,RG,8025,90,F,KZ,CS,F
15:00:00,ICBP,RG,8025,2,D,CC,CS,F
15:00:00,ICBP,RG,8025,231,F,CC,CS,F
15:00:00,ICBP,RG,8025,50,F,CC,XL,D
15:00:00,ICBP,RG,8025,10,F,CC,PD,D
15:00:00,ICBP,RG,8025,3,F,CC,XC,D
15:00:00,ICBP,RG,8025,15,F,CC,NI,F
15:00:00,ICBP,RG,8025,1,F,CC,NI,D
15:00:00,ICBP,RG,8025,7,F,CC,YP,D
15:00:00,ICBP,RG,8025,1,F,CC,XC,D
15:00:00,ICBP,RG,8025,12,F,CC,YP,D
15:00:00,ICBP,RG,8025,11,F,CC,YP,D
15:00:00,ICBP,RG,8025,2,F,CC,CC,D
15:00:00,ICBP,RG,8025,63,F,CC,CC,D
15:00:00,ICBP,RG,8025,5,F,CC,PD,D
15:00:00,ICBP,RG,8025,3,F,CC,TF,D
15:00:00,ICBP,RG,8025,1,D,XL,TF,D
15:00:00,ICBP,RG,8025,10,D,XA,TF,D
15:00:00,ICBP,RG,8025,1,D,NI,TF,D
15:00:00,ICBP,RG,8025,5,D,NI,TF,D
15:00:00,ICBP,RG,8025,5,D,YP,TF,D
15:00:00,ICBP,RG,8025,15,D,PD,TF,D
15:00:00,ICBP,RG,8025,5,D,SQ,TF,D
15:00:00,ICBP,RG,8025,1,D,SQ,XA,D
15:00:00,ICBP,RG,8025,44,D,SQ,OD,D
15:00:00,ICBP,RG,8025,5,D,YP,OD,D
15:00:00,ICBP,RG,8025,2,D,YP,OD,D
15:00:00,ICBP,RG,8025,4,F,CC,OD,D
15:00:00,ICBP,RG,8025,64,F,CC,YP,D
15:00:00,ICBP,RG,8025,1,D,PD,YP,D
15:00:00,ICBP,RG,8025,1,D,YP,YP,D
15:00:00,ICBP,RG,8025,25,D,XL,YP,D
15:00:00,ICBP,RG,8025,1,D,YP,YP,D
15:00:00,ICBP,RG,8025,5,D,XL,YP,D
15:00:00,ICBP,RG,8025,317,F,BK,YP,D
15:00:00,ICBP,RG,8025,28,F,ZP,YP,D
15:00:00,ICBP,RG,8025,558,F,ZP,YP,D
15:00:00,ICBP,RG,8025,6,F,ZP,YP,D
15:00:00,ICBP,RG,8025,2,F,ZP,YP,D
15:00:00,ICBP,RG,8025,7,F,ZP,KK,D
15:00:00,ICBP,RG,8025,5,F,ZP,YP,D
15:00:00,ICBP,RG,8025,50,F,ZP,YJ,D
15:00:00,ICBP,RG,8025,30,F,ZP,YP,D
15:00:00,ICBP,RG,8025,99,F,ZP,SQ,D
15:00:00,ICBP,RG,8025,2,F,ZP,NI,D
15:00:00,ICBP,RG,8025,1,F,ZP,NI,D
15:00:00,ICBP,RG,8025,13,F,ZP,CC,D
15:00:00,ICBP,RG,8025,9,F,ZP,YP,D
15:00:00,ICBP,RG,8025,8,F,ZP,PD,D
15:00:00,ICBP,RG,8025,2,F,ZP,YP,D
15:00:00,ICBP,RG,8025,1,F,ZP,YP,D
15:00:00,ICBP,RG,8025,10,F,ZP,YP,D
15:00:00,ICBP,RG,8025,6,F,ZP,XC,D
15:00:00,ICBP,RG,8025,50,F,ZP,ES,D
15:00:00,ICBP,RG,8025,60,F,ZP,DH,D
15:00:00,ICBP,RG,8025,1,F,ZP,YP,D
15:00:00,ICBP,RG,8025,20,F,ZP,CC,D
15:00:00,ICBP,RG,8025,12,F,ZP,YP,D
15:00:00,ICBP,RG,8025,787,F,ZP,YU,F
15:00:00,ICBP,RG,8025,176,F,ZP,YU,F
15:00:00,ICBP,RG,8025,322,F,DX,YU,F
15:00:00,ICBP,RG,8025,3,F,AK,YU,F
15:00:00,ICBP,RG,8025,11,F,AK,YU,F
15:00:00,ICBP,RG,8025,42,F,AK,YU,F
15:00:00,ICBP,RG,8025,624,D,CC,YU,F
15:00:00,ICBP,RG,8025,1,D,CC,ZP,F
15:00:00,ICBP,RG,8025,18,D,CC,ZP,F
15:00:00,ICBP,RG,8025,109,D,CC,ZP,F
15:00:00,ICBP,RG,8025,863,D,CC,AK,F
15:00:00,ICBP,RG,8025,61,D,CC,AK,F
15:00:00,ICBP,RG,8025,10,D,CC,AK,F
15:00:00,ICBP,RG,8025,4,D,CC,ZP,F
15:00:00,ICBP,RG,8025,6,D,CC,ZP,F
15:00:00,ICBP,RG,8025,7,D,CC,ZP,F
15:00:00,ICBP,RG,8025,379,D,CC,AK,F
15:00:00,ICBP,RG,8025,418,D,CC,ZP,F
15:00:00,ICBP,RG,8025,678,D,OD,ZP,F
15:00:00,ICBP,RG,8025,40,D,BQ,ZP,F
15:00:00,ICBP,RG,8025,128,D,BQ,ZP,F
15:00:00,ICBP,RG,8025,90,D,BQ,AK,F
15:00:00,ICBP,RG,8025,15,D,BQ,AK,F
15:00:00,ICBP,RG,8025,207,D,BQ,CS,F
15:00:00,ICBP,RG,8025,41,D,LG,CS,F
14:49:57,ICBP,RG,8025,1,F,KZ,ZP,F
14:49:53,ICBP,RG,8025,3,F,KZ,ZP,F
14:49:53,ICBP,RG,8025,2,F,KZ,ZP,F
14:49:51,ICBP,RG,8025,1,F,KZ,ZP,F
14:49:45,ICBP,RG,8025,1,F,KZ,AK,F
14:49:44,ICBP,RG,8025,10,D,MG,CC,D
14:49:44,ICBP,RG,8025,5,D,PD,CC,D
14:49:43,ICBP,RG,8025,1,D,GR,ZP,F
14:49:43,ICBP,RG,8025,1,D,XC,ZP,F
14:49:43,ICBP,RG,8025,5,D,AI,ZP,F
14:49:36,ICBP,RG,8025,2,D,PD,AK,F
14:49:36,ICBP,RG,8025,1,D,XC,AK,F
14:49:36,ICBP,RG,8025,7,D,LG,AK,F
14:49:36,ICBP,RG,8025,1,D,NI,AK,F
14:49:36,ICBP,RG,8025,1,D,YP,AK,F
14:49:36,ICBP,RG,8025,1,D,PD,AK,F
14:49:36,ICBP,RG,8025,2,D,CC,AK,F
14:49:36,ICBP,RG,8025,40,F,KZ,AK,F
14:49:34,ICBP,RG,8050,30,D,RX,GR,D
14:49:32,ICBP,RG,8025,12,F,KZ,ZP,F
14:49:30,ICBP,RG,8025,1,F,KZ,AK,F
14:49:29,ICBP,RG,8025,30,F,KZ,DH,D
14:49:26,ICBP,RG,8025,1,F,KZ,ZP,F
14:49:25,ICBP,RG,8025,11,F,KZ,ZP,F
14:49:24,ICBP,RG,8025,12,F,KZ,ZP,F
14:49:23,ICBP,RG,8025,1,F,KZ,NI,D
14:49:21,ICBP,RG,8025,31,F,KZ,AK,F
14:49:17,ICBP,RG,8050,1,D,DH,GR,D
14:49:17,ICBP,RG,8050,9,D,RX,GR,D
14:49:15,ICBP,RG,8025,1,F,KZ,AK,F
14:49:11,ICBP,RG,8025,9,F,KZ,ZP,F
14:49:01,ICBP,RG,8025,27,F,KZ,AK,F
14:49:01,ICBP,RG,8025,7,F,KZ,ZP,F
14:49:01,ICBP,RG,8025,2,F,KZ,ZP,F
14:49:00,ICBP,RG,8025,51,F,KZ,AK,F
14:49:00,ICBP,RG,8050,6,D,DR,GR,D
14:48:53,ICBP,RG,8050,19,D,ZP,GR,D
14:48:52,ICBP,RG,8050,2,D,YP,GR,D
14:48:48,ICBP,RG,8025,4,F,KZ,PD,D
14:48:45,ICBP,RG,8025,10,F,KZ,AK,F
14:48:45,ICBP,RG,8025,5,D,PD,AK,F
14:48:45,ICBP,RG,8025,1,D,KK,AK,F
14:48:45,ICBP,RG,8025,13,D,PD,AK,F
14:48:42,ICBP,RG,8050,7,D,ZP,GR,D
14:48:41,ICBP,RG,8050,17,D,ZP,GR,D
14:48:41,ICBP,RG,8050,10,D,PD,GR,D
14:48:41,ICBP,RG,8050,10,D,PD,YU,D
14:48:39,ICBP,RG,8025,1,D,KK,PD,D
14:48:37,ICBP,RG,8050,1,D,KK,BK,F
14:48:37,ICBP,RG,8025,1,D,KK,ZP,F
14:48:32,ICBP,RG,8050,7,D,YU,BK,F
14:48:32,ICBP,RG,8025,5,D,SQ,ZP,F
14:48:32,ICBP,RG,8025,1,F,KZ,ZP,F
14:48:29,ICBP,RG,8025,1,F,KZ,ZP,F
14:48:27,ICBP,RG,8025,32,F,KZ,AK,F
14:48:22,ICBP,RG,8025,5,F,KZ,ZP,F
14:48:19,ICBP,RG,8025,20,F,KZ,PD,D
14:48:15,ICBP,RG,8025,5,F,KZ,AK,F
14:48:08,ICBP,RG,8025,71,F,KZ,AK,F
14:48:08,ICBP,RG,8025,10,D,NI,AK,F
14:48:08,ICBP,RG,8025,2,D,XA,AK,F
14:48:08,ICBP,RG,8025,2,D,CC,AK,F
14:47:53,ICBP,RG,8050,1,D,NI,BK,F
14:47:50,ICBP,RG,8050,2,D,ZP,BK,F
14:47:45,ICBP,RG,8025,2,D,CC,AK,F
14:47:42,ICBP,RG,8050,6,D,CS,BK,F
14:47:42,ICBP,RG,8050,8,D,CS,BK,F
14:47:41,ICBP,RG,8050,1,F,ZP,BK,F
14:47:41,ICBP,RG,8050,2,D,ZP,BK,F
14:47:38,ICBP,RG,8050,36,D,CS,BK,F
14:47:32,ICBP,RG,8025,1,D,CC,LG,D
14:47:32,ICBP,RG,8025,1,D,PD,LG,D
14:47:32,ICBP,RG,8025,1,D,XC,LG,D
14:47:32,ICBP,RG,8025,1,D,NI,LG,D
14:47:32,ICBP,RG,8025,1,D,YP,LG,D
14:47:30,ICBP,RG,8050,10,D,CS,BK,F
14:47:28,ICBP,RG,8050,7,D,CS,BK,F
14:47:27,ICBP,RG,8050,4,D,CS,BK,F
14:47:27,ICBP,RG,8050,35,D,CS,ZP,F
14:47:27,ICBP,RG,8050,2,D,CS,ZP,F
14:47:18,ICBP,RG,8050,5,D,CS,AK,F
14:47:17,ICBP,RG,8050,2,D,CS,AK,F
14:47:17,ICBP,RG,8050,18,D,CS,AK,F
14:47:17,ICBP,RG,8050,9,D,CS,ZP,F
14:47:17,ICBP,RG,8050,3,D,CS,ZP,F
14:47:16,ICBP,RG,8050,50,D,CS,CC,D
14:47:11,ICBP,RG,8050,1,F,AK,CC,D
14:47:09,ICBP,RG,8050,10,D,CS,BK,F
14:47:08,ICBP,RG,8050,3,F,ZP,YP,D
14:47:08,ICBP,RG,8050,7,D,ZP,YP,D
14:47:08,ICBP,RG,8050,1,D,YP,YP,D
14:47:08,ICBP,RG,8050,1,D,DR,YP,D
14:47:08,ICBP,RG,8050,15,D,CS,YP,D
14:47:08,ICBP,RG,8050,2,D,PD,YP,D
14:47:08,ICBP,RG,8050,1,D,YP,YP,D
14:47:08,ICBP,RG,8050,10,D,CC,YP,D
14:47:07,ICBP,RG,8050,2,D,CC,ZP,D
14:47:07,ICBP,RG,8050,12,D,CC,BK,F
14:47:06,ICBP,RG,8075,14,D,CS,PD,D
14:47:06,ICBP,RG,8050,27,D,CC,CC,F
14:47:03,ICBP,RG,8050,27,D,CC,BK,F
14:47:00,ICBP,RG,8075,77,D,CS,PD,D
14:47:00,ICBP,RG,8050,21,D,CC,BK,F
14:47:00,ICBP,RG,8050,27,D,CC,AK,F
14:46:56,ICBP,RG,8050,1,D,CC,PD,D
14:46:55,ICBP,RG,8050,35,D,CC,ZP,F
14:46:55,ICBP,RG,8050,6,D,CC,ZP,F
14:46:54,ICBP,RG,8050,42,D,CC,BK,F
14:46:53,ICBP,RG,8050,9,D,CC,ZP,F
14:46:53,ICBP,RG,8050,1,D,CC,ZP,F
14:46:52,ICBP,RG,8050,171,D,CC,KK,D
14:46:52,ICBP,RG,8050,4,D,CC,ZP,F
14:46:51,ICBP,RG,8050,22,D,CC,BK,F
14:46:50,ICBP,RG,8050,40,D,CC,YP,D
14:46:50,ICBP,RG,8050,16,D,CC,BK,F
14:46:48,ICBP,RG,8050,1,D,CC,YP,D
14:46:46,ICBP,RG,8075,15,D,CS,PD,D
14:46:46,ICBP,RG,8050,14,D,CC,BK,F
14:46:45,ICBP,RG,8050,13,D,CC,XC,D
14:46:43,ICBP,RG,8050,28,D,CC,AK,F
14:46:40,ICBP,RG,8050,14,D,CC,BK,F
14:46:39,ICBP,RG,8050,22,D,CC,CC,F
14:46:36,ICBP,RG,8050,4,D,CC,ZP,F
14:46:36,ICBP,RG,8075,4,D,CS,PD,D
14:46:36,ICBP,RG,8075,5,D,CS,EP,D
14:46:36,ICBP,RG,8075,1,D,CS,NI,D
14:46:36,ICBP,RG,8075,8,D,CS,YP,D
14:46:36,ICBP,RG,8075,6,D,CS,ZP,F
14:46:36,ICBP,RG,8075,3,D,CS,PD,D
14:46:36,ICBP,RG,8075,20,D,CS,ZP,D
14:46:36,ICBP,RG,8075,40,D,CS,DH,D
14:46:30,ICBP,RG,8050,10,D,CC,BK,F
14:46:29,ICBP,RG,8050,4,D,CC,CC,F
14:46:29,ICBP,RG,8050,2,D,CC,PD,D
14:46:27,ICBP,RG,8050,1,D,CC,ZP,F
14:46:25,ICBP,RG,8050,26,D,CC,AK,F
14:46:24,ICBP,RG,8050,10,D,CC,BK,F
14:46:22,ICBP,RG,8075,5,D,CS,CC,D
14:46:22,ICBP,RG,8075,7,D,CS,SQ,D
14:46:22,ICBP,RG,8075,2,D,CS,YP,D
14:46:22,ICBP,RG,8075,4,D,CS,SQ,D
14:46:22,ICBP,RG,8075,1,D,CS,ZP,F
14:46:21,ICBP,RG,8050,12,D,CC,BK,F
14:46:17,ICBP,RG,8050,4,D,CC,ZP,F
14:46:17,ICBP,RG,8050,1,D,CC,ZP,F
14:46:16,ICBP,RG,8050,5,D,CC,SQ,D
14:46:16,ICBP,RG,8050,30,D,CC,BK,F
14:46:10,ICBP,RG,8050,8,D,CC,BK,F
14:46:10,ICBP,RG,8050,121,D,CC,AK,F
14:46:10,ICBP,RG,8050,38,D,CC,ZP,F
14:46:10,ICBP,RG,8050,2,D,CC,ZP,F
14:46:09,ICBP,RG,8050,300,D,CC,PD,D
14:45:58,ICBP,RG,8050,3,D,CC,ZP,F
14:45:51,ICBP,RG,8075,26,D,CS,ZP,F
14:45:51,ICBP,RG,8050,54,D,CC,KK,D
14:45:51,ICBP,RG,8050,11,D,CS,KK,D
14:45:49,ICBP,RG,8050,5,D,CS,YP,D
14:45:39,ICBP,RG,8050,1,D,CS,CC,D
14:45:36,ICBP,RG,8050,4,D,CS,ZP,F
14:45:27,ICBP,RG,8050,30,D,CS,GR,D
14:45:19,ICBP,RG,8050,4,D,CS,ZP,F
14:45:18,ICBP,RG,8050,66,D,CS,YU,D
14:45:13,ICBP,RG,8050,1,D,CS,AT,D
14:45:08,ICBP,RG,8050,20,D,CS,PD,D
14:45:03,ICBP,RG,8050,2,D,CS,ZP,F
14:44:56,ICBP,RG,8050,113,D,CS,AK,F
14:44:56,ICBP,RG,8050,1,D,PD,AK,F
14:44:56,ICBP,RG,8050,12,D,YP,AK,F
14:44:56,ICBP,RG,8050,1,D,CC,AK,F
14:44:56,ICBP,RG,8050,534,D,AZ,AK,F
14:44:56,ICBP,RG,8050,15,D,YP,AK,F
14:44:56,ICBP,RG,8050,2,D,XC,AK,F
14:44:56,ICBP,RG,8050,5,F,ZP,AK,F
14:44:56,ICBP,RG,8050,18,D,ZP,AK,F
14:44:56,ICBP,RG,8050,1,D,PD,AK,F
14:44:56,ICBP,RG,8050,1,D,YP,AK,F
14:44:56,ICBP,RG,8050,111,D,ZP,AK,F
14:44:56,ICBP,RG,8050,122,D,YP,AK,F
14:44:56,ICBP,RG,8050,5,D,CS,AK,F
14:44:56,ICBP,RG,8050,2,D,CS,AK,F
14:44:56,ICBP,RG,8050,2,D,YP,AK,F
14:44:56,ICBP,RG,8050,1,D,LG,AK,F
14:44:56,ICBP,RG,8050,25,D,NI,AK,F
14:44:56,ICBP,RG,8050,1,D,SQ,AK,F
14:44:56,ICBP,RG,8050,191,D,RX,AK,F
14:44:56,ICBP,RG,8050,6,D,NI,AK,F
14:44:56,ICBP,RG,8050,1,D,PD,AK,F
14:44:56,ICBP,RG,8050,1,F,AK,AK,F
14:44:56,ICBP,RG,8050,2,D,KK,AK,F
14:44:56,ICBP,RG,8050,290,D,AZ,AK,F
14:44:54,ICBP,RG,8050,150,D,AZ,NI,D
14:44:54,ICBP,RG,8050,4,D,AZ,DR,D
14:44:45,ICBP,RG,8050,1,D,AZ,ZP,F
14:44:45,ICBP,RG,8075,4,D,CS,ZP,F
14:44:45,ICBP,RG,8075,4,D,CS,AK,F
14:44:45,ICBP,RG,8075,38,D,CS,AK,F
14:44:45,ICBP,RG,8075,1,D,CS,DR,D
14:44:45,ICBP,RG,8075,30,D,CS,NI,D
14:44:45,ICBP,RG,8075,3,D,CS,ZP,F
14:44:45,ICBP,RG,8075,1,D,CS,PD,D
14:44:45,ICBP,RG,8075,2,D,CS,SQ,D
14:44:45,ICBP,RG,8075,18,D,CS,CC,D
14:44:45,ICBP,RG,8075,1,D,CS,AK,F
14:44:44,ICBP,RG,8075,36,D,CC,AK,F
14:44:44,ICBP,RG,8075,1,D,CC,ZP,F
14:44:44,ICBP,RG,8075,1,D,CC,ZP,F
14:44:44,ICBP,RG,8075,1,D,CC,ZP,F
14:44:44,ICBP,RG,8075,5,D,CC,NI,D
14:44:44,ICBP,RG,8075,3,D,CC,ZP,F
14:44:44,ICBP,RG,8075,3,D,CC,AK,F
14:44:44,ICBP,RG,8075,22,D,CC,ZP,F
14:44:44,ICBP,RG,8075,2,D,CC,PD,D
14:44:44,ICBP,RG,8075,326,D,CC,AK,F
14:44:44,ICBP,RG,8075,1,D,PD,AK,F
14:44:42,ICBP,RG,8050,1,D,AZ,YP,D
14:44:42,ICBP,RG,8075,1,D,PD,AK,F
14:44:40,ICBP,RG,8075,11,D,RX,AK,F
14:44:34,ICBP,RG,8075,150,D,CC,AK,F
14:44:34,ICBP,RG,8075,5,D,CC,YP,D
14:44:34,ICBP,RG,8075,42,D,CC,CS,F
14:44:32,ICBP,RG,8050,20,D,AZ,PD,D
14:44:31,ICBP,RG,8075,49,D,CC,CS,F
14:44:31,ICBP,RG,8075,2,D,CC,YP,D
14:44:31,ICBP,RG,8075,20,D,CC,EP,D
14:44:31,ICBP,RG,8075,1,D,CC,CC,D
14:44:31,ICBP,RG,8075,5,D,CC,PD,D
14:44:31,ICBP,RG,8075,27,D,CC,YP,D
14:44:30,ICBP,RG,8050,1,D,AZ,ZP,F
14:44:29,ICBP,RG,8050,3,D,AZ,ZP,F
14:44:29,ICBP,RG,8050,30,D,AZ,YP,D
14:44:29,ICBP,RG,8050,20,D,AZ,YP,D
14:44:26,ICBP,RG,8050,12,D,AZ,ZP,F
14:44:24,ICBP,RG,8075,11,D,RX,YP,D
14:44:22,ICBP,RG,8050,5,D,AZ,XL,D
14:44:16,ICBP,RG,8050,7,D,AZ,PD,D
14:44:12,ICBP,RG,8050,4,D,AZ,ZP,F
14:44:08,ICBP,RG,8075,12,D,RX,YP,D
14:44:08,ICBP,RG,8075,1,D,RX,NI,D
14:44:08,ICBP,RG,8075,8,D,RX,PD,D
14:44:08,ICBP,RG,8075,5,D,RX,YP,D
14:44:08,ICBP,RG,8075,1,D,RX,AK,F
14:44:05,ICBP,RG,8050,2,D,AZ,ZP,F
14:44:05,ICBP,RG,8075,36,D,CS,AK,F
14:44:05,ICBP,RG,8075,3,D,CS,XC,D
14:44:05,ICBP,RG,8075,2,D,CS,ZP,D
14:44:05,ICBP,RG,8075,5,D,CS,YP,D
14:44:05,ICBP,RG,8075,100,D,CS,CS,F
14:44:05,ICBP,RG,8075,3,D,CS,AK,F
14:44:05,ICBP,RG,8075,6,D,CS,EP,D
14:44:03,ICBP,RG,8050,11,D,AZ,ZP,F
14:44:01,ICBP,RG,8075,1,D,CC,EP,D
14:43:57,ICBP,RG,8050,10,D,AZ,YP,D
14:43:57,ICBP,RG,8075,9,D,RX,EP,D
14:43:55,ICBP,RG,8050,20,D,AZ,PD,D
14:43:54,ICBP,RG,8050,20,D,AZ,CC,D
14:43:53,ICBP,RG,8050,4,D,AZ,ZP,F
14:43:47,ICBP,RG,8050,1,D,AZ,CC,D
14:43:46,ICBP,RG,8075,14,D,RX,EP,D
14:43:43,ICBP,RG,8050,1,D,AZ,ZP,F
14:43:33,ICBP,RG,8075,2,F,ZP,EP,D
14:43:33,ICBP,RG,8075,19,D,ZP,EP,D
14:43:33,ICBP,RG,8075,5,D,ZP,YP,D
14:43:33,ICBP,RG,8050,14,D,AZ,ZP,F
14:43:33,ICBP,RG,8050,2,D,AZ,ZP,F
14:43:33,ICBP,RG,8050,5,D,AZ,ZP,F
14:43:33,ICBP,RG,8050,362,D,AZ,PD,D
14:43:33,ICBP,RG,8050,2,D,CC,PD,D
14:43:33,ICBP,RG,8050,66,D,CS,PD,D
14:43:33,ICBP,RG,8050,1,D,XC,PD,D
14:43:33,ICBP,RG,8050,149,D,ZP,PD,D
14:43:33,ICBP,RG,8050,46,D,ZP,PD,D
14:43:33,ICBP,RG,8050,8,F,ZP,PD,D
14:43:33,ICBP,RG,8050,24,D,CS,PD,D
14:43:32,ICBP,RG,8050,1,D,CS,EP,D
14:43:32,ICBP,RG,8075,10,F,ZP,YP,D
14:43:17,ICBP,RG,8050,5,D,CS,GR,D
14:43:14,ICBP,RG,8050,4,D,CS,ZP,F
14:43:14,ICBP,RG,8075,1,D,NI,YP,D
14:43:12,ICBP,RG,8050,3,D,CS,PD,D
14:43:04,ICBP,RG,8050,1,D,CS,ZP,F
14:43:00,ICBP,RG,8075,1,F,AK,YP,D
14:42:58,ICBP,RG,8075,14,D,RX,YP,D
14:42:58,ICBP,RG,8050,10,D,CS,ZP,F
14:42:58,ICBP,RG,8050,1,D,CS,ZP,F
14:42:58,ICBP,RG,8050,20,D,CS,PD,D
14:42:57,ICBP,RG,8075,1,D,XC,XC,D
14:42:57,ICBP,RG,8075,4,D,XC,PD,D
14:42:57,ICBP,RG,8050,4,D,CS,ZP,F
14:42:41,ICBP,RG,8075,6,D,CS,PD,D
14:42:41,ICBP,RG,8075,29,D,CS,YP,D
14:42:40,ICBP,RG,8050,4,D,CS,ZP,F
14:42:39,ICBP,RG,8050,5,D,CS,AT,D
14:42:37,ICBP,RG,8075,3,D,RX,YP,D
14:42:35,ICBP,RG,8075,13,D,RX,YP,D
14:42:34,ICBP,RG,8075,10,D,ZP,YP,D
14:42:33,ICBP,RG,8075,169,D,ZP,YP,D
14:42:26,ICBP,RG,8050,4,D,CS,YP,D
14:42:25,ICBP,RG,8050,14,D,CS,ZP,F
14:42:25,ICBP,RG,8050,1,D,CS,ZP,F
14:42:24,ICBP,RG,8050,51,D,CS,CC,D
14:42:24,ICBP,RG,8050,10,D,BQ,CC,D
14:42:24,ICBP,RG,8050,5,D,YP,CC,D
14:42:24,ICBP,RG,8050,54,D,CS,CC,D
14:42:21,ICBP,RG,8050,4,D,CS,ZP,F
14:42:15,ICBP,RG,8050,11,D,CS,AK,F
14:42:06,ICBP,RG,8050,4,D,CS,ZP,F
14:41:55,ICBP,RG,8050,10,D,CS,YP,D
14:41:54,ICBP,RG,8050,6,D,CS,YP,D
14:41:50,ICBP,RG,8075,1,D,PD,YP,D
14:41:49,ICBP,RG,8075,12,D,RX,YP,D
14:41:48,ICBP,RG,8050,4,D,CS,ZP,F
14:41:42,ICBP,RG,8050,10,D,CS,ZP,F
14:41:42,ICBP,RG,8050,2,D,CS,ZP,F
14:41:40,ICBP,RG,8050,1,D,CS,AT,D
14:41:32,ICBP,RG,8075,11,D,RX,YP,D
14:41:30,ICBP,RG,8075,36,D,CS,YP,D
14:41:28,ICBP,RG,8050,1,D,CS,XL,D
14:41:28,ICBP,RG,8050,4,D,CS,ZP,F
14:41:22,ICBP,RG,8075,1,D,YP,YP,D
14:41:20,ICBP,RG,8075,163,D,CS,YP,D
14:41:20,ICBP,RG,8050,4,D,CS,XC,D
14:41:18,ICBP,RG,8050,11,D,CS,LG,D
14:41:18,ICBP,RG,8050,1,D,XC,LG,D
14:41:18,ICBP,RG,8050,13,D,CC,LG,D
14:41:12,ICBP,RG,8075,8,D,RX,YP,D
14:41:11,ICBP,RG,8050,12,D,CC,ZP,F
14:41:11,ICBP,RG,8050,1,D,CC,ZP,F
14:41:09,ICBP,RG,8050,4,D,CC,ZP,F
14:41:03,ICBP,RG,8050,5,D,CC,NI,D
14:41:01,ICBP,RG,8075,14,D,RX,YP,D
14:41:00,ICBP,RG,8075,77,D,CC,YP,D
14:40:52,ICBP,RG,8050,2,D,CC,PD,D
14:40:51,ICBP,RG,8050,4,D,CC,ZP,F
14:40:50,ICBP,RG,8050,30,D,CC,PD,D
14:40:41,ICBP,RG,8075,12,D,RX,YP,D
14:40:35,ICBP,RG,8050,3,D,CC,ZP,F
14:40:27,ICBP,RG,8050,1,D,CC,PD,D
14:40:21,ICBP,RG,8075,29,D,RX,YP,D
14:40:17,ICBP,RG,8050,4,D,CC,ZP,F
14:40:16,ICBP,RG,8075,44,D,CS,YP,D
14:40:11,ICBP,RG,8050,1,D,CC,NI,D
14:40:11,ICBP,RG,8050,17,D,CC,YP,D
14:40:10,ICBP,RG,8075,212,D,CS,YP,D
14:40:09,ICBP,RG,8075,15,D,RX,YP,D
14:40:08,ICBP,RG,8050,5,D,CC,PD,D
14:39:59,ICBP,RG,8050,14,D,CC,YP,D
14:39:58,ICBP,RG,8050,4,D,CC,ZP,F
14:39:45,ICBP,RG,8050,7,D,CC,AK,F
14:39:40,ICBP,RG,8050,4,D,CC,ZP,F
14:39:39,ICBP,RG,8050,1,D,CC,XC,D
14:39:37,ICBP,RG,8050,1,D,CC,IF,D
14:39:23,ICBP,RG,8050,7,D,CC,ZP,F
14:39:12,ICBP,RG,8050,1,D,CC,XC,D
14:39:04,ICBP,RG,8050,59,D,CC,OD,D
14:39:04,ICBP,RG,8050,10,D,YP,OD,D
14:39:04,ICBP,RG,8050,181,D,CC,OD,D
14:39:04,ICBP,RG,8050,2,D,CC,OD,D
14:39:04,ICBP,RG,8050,10,D,CC,OD,D
14:39:04,ICBP,RG,8050,1,D,CC,OD,D
14:39:03,ICBP,RG,8050,3,D,CC,ZP,F
14:38:58,ICBP,RG,8075,10,D,RX,YP,D
14:38:43,ICBP,RG,8050,2,D,CC,ZP,F
14:38:40,ICBP,RG,8050,25,D,CC,DH,D
14:38:34,ICBP,RG,8075,10,D,RX,YP,D
14:38:28,ICBP,RG,8075,39,D,CS,YP,D
14:38:28,ICBP,RG,8050,3,D,CC,ZP,F
14:38:27,ICBP,RG,8075,211,D,CS,YP,D
14:38:22,ICBP,RG,8050,8,D,CC,AI,D
14:38:21,ICBP,RG,8075,6,F,ZP,YP,D
14:38:21,ICBP,RG,8075,46,D,ZP,YP,D
14:38:20,ICBP,RG,8075,2,F,ZP,YP,D
14:38:19,ICBP,RG,8075,1,D,ZP,YP,D
14:38:14,ICBP,RG,8075,10,D,RX,YP,D
14:38:08,ICBP,RG,8050,3,D,CC,ZP,F
14:38:06,ICBP,RG,8050,1,D,CC,XC,D
14:38:00,ICBP,RG,8075,80,D,CC,YP,D
14:37:57,ICBP,RG,8050,55,D,CC,LG,D
14:37:51,ICBP,RG,8075,10,D,RX,YP,D
14:37:50,ICBP,RG,8050,6,D,CC,YP,D
14:37:50,ICBP,RG,8050,5,D,AZ,YP,D
14:37:50,ICBP,RG,8050,4,D,AZ,YP,D
14:37:48,ICBP,RG,8050,4,D,AZ,ZP,F
14:37:38,ICBP,RG,8050,1,D,AZ,CC,D
14:37:31,ICBP,RG,8075,19,D,RX,YP,D
14:37:28,ICBP,RG,8050,3,D,AZ,ZP,F
14:37:22,ICBP,RG,8075,122,D,ZP,YP,D
14:37:21,ICBP,RG,8075,1,D,ZP,YP,D
14:37:19,ICBP,RG,8050,2,D,AZ,PD,D
14:37:08,ICBP,RG,8050,2,D,AZ,ZP,F
14:36:50,ICBP,RG,8075,44,D,CS,YP,D
14:36:48,ICBP,RG,8075,14,D,RX,YP,D
14:36:45,ICBP,RG,8075,232,D,CS,YP,D
14:36:45,ICBP,RG,8075,50,D,ZP,YP,D
14:36:44,ICBP,RG,8075,8,F,ZP,YP,D
14:36:41,ICBP,RG,8050,1,D,AZ,PD,D
14:36:18,ICBP,RG,8075,9,D,RX,YP,D
14:36:00,ICBP,RG,8075,26,D,ZP,YP,D
14:35:59,ICBP,RG,8075,9,D,RX,YP,D
14:35:58,ICBP,RG,8075,154,D,ZP,YP,D
14:35:48,ICBP,RG,8050,20,D,AZ,ZP,D
14:35:46,ICBP,RG,8050,21,D,AZ,OD,D
14:35:40,ICBP,RG,8075,9,D,RX,YP,D
14:35:34,ICBP,RG,8050,1,D,AZ,XC,D
14:35:25,ICBP,RG,8050,1,D,AZ,XC,D
14:35:18,ICBP,RG,8075,11,D,RX,YP,D
14:35:07,ICBP,RG,8075,8,D,OD,YP,D
14:35:07,ICBP,RG,8075,10,D,OD,PD,D
14:35:07,ICBP,RG,8075,1,D,OD,CC,D
14:35:07,ICBP,RG,8075,1,D,OD,PD,D
14:35:07,ICBP,RG,8075,1,D,OD,YP,D
14:35:02,ICBP,RG,8050,2,D,AZ,PD,D
14:35:00,ICBP,RG,8075,6,D,CC,YP,D
14:35:00,ICBP,RG,8075,5,D,CC,YP,D
14:35:00,ICBP,RG,8075,120,D,CC,PD,D
14:34:59,ICBP,RG,8075,44,D,CS,PD,D
14:34:54,ICBP,RG,8075,13,D,RX,PD,D
14:34:51,ICBP,RG,8050,50,D,AZ,YP,D
14:34:49,ICBP,RG,8075,225,D,CS,PD,D
14:34:41,ICBP,RG,8050,20,D,AZ,YP,D
14:34:29,ICBP,RG,8050,1,D,AZ,YP,D
14:34:27,ICBP,RG,8050,2,D,AZ,YP,D
14:34:20,ICBP,RG,8050,8,D,AZ,XL,D
14:34:00,ICBP,RG,8050,7,D,AZ,HP,D
14:33:51,ICBP,RG,8050,1,D,AZ,XC,D
14:33:37,ICBP,RG,8050,50,D,AZ,GR,D
14:33:26,ICBP,RG,8050,30,D,AZ,YB,D
14:33:26,ICBP,RG,8050,16,D,AZ,CC,D
14:33:21,ICBP,RG,8050,1,D,AZ,PD,D
14:33:14,ICBP,RG,8050,5,D,AZ,PD,D
14:33:06,ICBP,RG,8050,1,D,AZ,YB,D
14:32:59,ICBP,RG,8075,1,D,YP,PD,D
14:32:48,ICBP,RG,8075,44,D,CS,PD,D
14:32:42,ICBP,RG,8050,2,D,AZ,PD,D
14:32:39,ICBP,RG,8075,108,D,CS,PD,D
14:32:39,ICBP,RG,8075,10,D,CS,EP,D
14:32:39,ICBP,RG,8075,3,D,CS,ZP,F
14:32:39,ICBP,RG,8075,20,D,CS,YP,D
14:32:39,ICBP,RG,8075,50,D,CS,GR,D
14:32:39,ICBP,RG,8075,20,D,CS,SQ,D
14:32:39,ICBP,RG,8075,12,D,CS,ZP,F
14:32:39,ICBP,RG,8075,5,D,CS,AK,F
14:32:39,ICBP,RG,8075,17,D,CS,AK,F
14:32:38,ICBP,RG,8050,6,D,AZ,PD,D
14:32:37,ICBP,RG,8050,2,D,AZ,SQ,D
14:32:20,ICBP,RG,8050,1,D,AZ,PD,D
14:32:02,ICBP,RG,8050,1,D,AZ,XC,D
14:31:52,ICBP,RG,8050,2,D,AZ,XC,D
14:31:51,ICBP,RG,8050,7,D,AZ,NI,D
14:31:47,ICBP,RG,8050,10,D,AZ,YP,D
14:31:47,ICBP,RG,8050,1,D,AZ,NI,D
14:31:38,ICBP,RG,8050,2,D,AZ,YP,D
14:31:28,ICBP,RG,8050,1,D,AZ,XC,D
14:30:57,ICBP,RG,8050,5,D,AZ,YP,D
14:30:57,ICBP,RG,8050,3,D,AZ,HP,D
14:30:38,ICBP,RG,8075,1,D,ZP,AK,F
14:30:34,ICBP,RG,8050,1,D,AZ,NI,D
14:30:29,ICBP,RG,8050,9,D,AZ,YP,D
14:30:21,ICBP,RG,8050,100,D,AZ,YP,D
14:30:19,ICBP,RG,8050,1,D,AZ,ZP,F
14:30:16,ICBP,RG,8050,40,D,AZ,PD,D
14:30:08,ICBP,RG,8075,6,D,CC,AK,F
14:29:21,ICBP,RG,8075,16,D,ZP,AK,F
14:29:04,ICBP,RG,8075,1,D,PD,AK,F
14:29:00,ICBP,RG,8050,8,D,AZ,ZP,F
14:28:43,ICBP,RG,8050,1,D,AZ,XC,D
14:28:39,ICBP,RG,8050,24,D,AZ,XL,D
14:28:30,ICBP,RG,8050,1,D,AZ,ZP,F
14:28:30,ICBP,RG,8050,1,D,AZ,TP,D
14:28:30,ICBP,RG,8050,7,D,AZ,YB,D
14:28:27,ICBP,RG,8050,5,D,AZ,KK,D
14:28:09,ICBP,RG,8050,2,D,OD,AK,F
14:28:09,ICBP,RG,8050,10,D,PD,AK,F
14:28:09,ICBP,RG,8050,28,D,CS,AK,F
14:28:09,ICBP,RG,8050,51,D,YP,AK,F
14:28:09,ICBP,RG,8050,71,D,YP,RX,F
14:28:09,ICBP,RG,8050,1,F,AK,RX,F
14:28:09,ICBP,RG,8050,181,D,CC,RX,F
14:28:07,ICBP,RG,8050,9,D,CC,DR,D
14:28:03,ICBP,RG,8075,17,D,ZP,AK,F
14:27:59,ICBP,RG,8050,7,D,CC,YP,D
14:27:47,ICBP,RG,8050,41,D,CC,XC,D
14:27:35,ICBP,RG,8075,15,D,ZP,AK,F
14:27:35,ICBP,RG,8075,10,D,ZP,PD,D
14:27:35,ICBP,RG,8075,2,D,ZP,PD,D
14:27:35,ICBP,RG,8075,1,D,ZP,XC,D
14:27:35,ICBP,RG,8075,10,D,ZP,PD,D
14:27:35,ICBP,RG,8075,1,D,ZP,YP,D
14:27:35,ICBP,RG,8075,2,D,ZP,AK,F
14:27:35,ICBP,RG,8075,2,D,ZP,CC,D
14:27:32,ICBP,RG,8050,14,D,CC,CP,D
14:27:28,ICBP,RG,8050,1,D,CC,XC,D
14:27:28,ICBP,RG,8050,5,D,CC,YP,D
14:27:28,ICBP,RG,8050,20,D,CC,PD,D
14:27:28,ICBP,RG,8050,1,D,CC,YP,D
14:27:28,ICBP,RG,8050,2,D,CC,ZP,F
14:27:28,ICBP,RG,8050,19,D,CC,EP,D
14:27:18,ICBP,RG,8050,1,F,ZP,EP,D
14:27:08,ICBP,RG,8050,1,F,AK,ZP,F
14:27:08,ICBP,RG,8050,2,F,AK,PD,D
14:27:07,ICBP,RG,8050,457,D,CC,AK,F
14:27:07,ICBP,RG,8050,40,D,CC,ZP,F
14:27:07,ICBP,RG,8050,3,D,CC,ZP,F
14:27:04,ICBP,RG,8050,1,D,CS,ZP,F
14:27:04,ICBP,RG,8050,1,D,CS,ZP,F
14:27:03,ICBP,RG,8050,1,D,CS,ZP,F
14:27:03,ICBP,RG,8050,150,D,CS,NI,D
14:27:03,ICBP,RG,8050,58,D,OD,NI,D
14:27:03,ICBP,RG,8050,153,D,ZP,NI,D
14:27:03,ICBP,RG,8050,43,D,RX,NI,D
14:27:03,ICBP,RG,8050,196,D,CS,NI,D
14:27:01,ICBP,RG,8050,6,D,CS,ZP,D
14:27:01,ICBP,RG,8050,1,D,DR,ZP,D
14:27:01,ICBP,RG,8050,5,D,AZ,ZP,D
14:26:46,ICBP,RG,8050,11,D,AZ,BK,F
14:26:43,ICBP,RG,8050,38,D,AZ,BK,F
14:26:38,ICBP,RG,8050,32,D,AZ,ZP,F
14:26:38,ICBP,RG,8050,1,D,AZ,XL,D
14:26:38,ICBP,RG,8050,206,D,AZ,BK,F
14:26:37,ICBP,RG,8050,19,D,AZ,YP,D
14:26:35,ICBP,RG,8050,25,D,AZ,XC,D
14:26:33,ICBP,RG,8050,163,D,AZ,BK,F
14:26:33,ICBP,RG,8050,10,D,PD,BK,F
14:26:33,ICBP,RG,8050,3,D,CC,BK,F
14:26:33,ICBP,RG,8050,76,D,CC,BK,F
14:26:32,ICBP,RG,8050,424,D,CC,BK,F
14:26:32,ICBP,RG,8050,76,D,YP,BK,F
14:26:32,ICBP,RG,8050,32,D,YP,ZP,F
14:26:32,ICBP,RG,8050,5,D,YP,ZP,F
14:26:32,ICBP,RG,8050,10,D,YP,BK,F
14:26:31,ICBP,RG,8050,77,D,YP,BK,F
14:26:31,ICBP,RG,8050,10,D,MG,BK,F
14:26:31,ICBP,RG,8050,48,D,ZP,BK,F
14:26:31,ICBP,RG,8050,365,D,AZ,BK,F
14:26:31,ICBP,RG,8050,19,D,AZ,KK,D
14:26:30,ICBP,RG,8050,28,D,AZ,XC,D
14:26:27,ICBP,RG,8050,1,D,AZ,PD,D
14:26:24,ICBP,RG,8050,6,D,AZ,XC,D
14:26:23,ICBP,RG,8050,30,D,AZ,YP,D
14:26:07,ICBP,RG,8050,1,D,AZ,LS,D
14:25:57,ICBP,RG,8050,14,D,AZ,BK,F
14:25:54,ICBP,RG,8050,17,D,AZ,BK,F
14:25:50,ICBP,RG,8050,19,D,AZ,XA,D
14:25:50,ICBP,RG,8050,500,D,CC,XA,D
14:25:50,ICBP,RG,8050,25,D,YP,XA,D
14:25:50,ICBP,RG,8050,6,D,CS,XA,D
14:25:39,ICBP,RG,8075,30,D,YP,BK,F
14:25:35,ICBP,RG,8050,12,D,CS,PD,D
14:25:35,ICBP,RG,8050,1,F,AK,PD,D
14:25:35,ICBP,RG,8050,2,D,PC,PD,D
14:25:35,ICBP,RG,8050,6,D,CS,PD,D
14:25:35,ICBP,RG,8050,122,D,CS,PD,D
14:25:35,ICBP,RG,8050,46,D,ZP,PD,D
14:25:35,ICBP,RG,8050,12,F,ZP,PD,D
14:25:35,ICBP,RG,8050,1,F,AK,PD,D
14:25:35,ICBP,RG,8050,25,D,CC,PD,D
14:25:35,ICBP,RG,8050,49,D,CS,PD,D
14:25:35,ICBP,RG,8050,1,D,CS,PD,D
14:25:35,ICBP,RG,8050,21,D,CS,PD,D
14:25:35,ICBP,RG,8050,44,D,CS,PD,D
14:25:31,ICBP,RG,8075,10,D,YP,BK,F
14:25:25,ICBP,RG,8050,1,D,CS,YP,D
14:25:04,ICBP,RG,8075,45,D,ZP,BK,F
14:25:03,ICBP,RG,8075,5,F,ZP,BK,F
14:25:02,ICBP,RG,8050,9,D,CS,XL,D
14:24:58,ICBP,RG,8050,2,D,CS,YP,D
14:24:48,ICBP,RG,8075,45,D,CS,BK,F
14:24:45,ICBP,RG,8050,4,D,CS,DR,D
14:24:45,ICBP,RG,8050,2,D,RX,DR,D
14:24:42,ICBP,RG,8050,30,D,RX,KI,D
14:24:40,ICBP,RG,8050,5,D,RX,XC,D
14:24:34,ICBP,RG,8050,1,D,RX,PD,D
14:24:08,ICBP,RG,8050,11,D,RX,YP,D
14:24:08,ICBP,RG,8050,4,D,CS,YP,D
14:23:56,ICBP,RG,8050,5,D,CS,XC,D
14:23:48,ICBP,RG,8050,1,D,CS,CC,D
14:23:47,ICBP,RG,8050,10,D,CS,YP,D
14:23:45,ICBP,RG,8075,1,D,NI,BK,F
14:23:34,ICBP,RG,8050,5,D,CS,YP,D
14:23:26,ICBP,RG,8050,70,D,CS,CC,D
14:23:23,ICBP,RG,8050,10,D,CS,RO,D
14:23:15,ICBP,RG,8050,16,D,CS,BK,F
14:23:09,ICBP,RG,8050,10,D,CS,BK,F
14:23:04,ICBP,RG,8050,48,D,CS,BK,F
14:22:59,ICBP,RG,8050,3,D,CS,XA,F
14:22:59,ICBP,RG,8050,66,D,CC,XA,F
14:22:59,ICBP,RG,8050,129,D,RX,XA,F
14:22:59,ICBP,RG,8050,100,D,CC,XA,F
14:22:59,ICBP,RG,8050,104,D,ZP,XA,F
14:22:59,ICBP,RG,8050,87,D,ZP,XA,F
14:22:59,ICBP,RG,8050,264,D,AZ,XA,F
14:22:55,ICBP,RG,8075,9,D,RX,BK,F
14:22:44,ICBP,RG,8075,110,D,TP,BK,F
14:22:28,ICBP,RG,8075,9,D,RX,BK,F
14:22:24,ICBP,RG,8050,4,D,AZ,XC,D
14:22:22,ICBP,RG,8050,11,D,AZ,BK,F
14:22:18,ICBP,RG,8050,35,D,AZ,XC,D
14:22:17,ICBP,RG,8050,13,D,AZ,BK,F
14:22:13,ICBP,RG,8050,1,D,AZ,XC,D
14:22:13,ICBP,RG,8050,16,D,AZ,BK,F
14:22:10,ICBP,RG,8050,78,D,AZ,BK,F
14:22:08,ICBP,RG,8050,374,D,AZ,BK,F
14:22:06,ICBP,RG,8075,4,D,RX,BK,F
14:22:06,ICBP,RG,8075,2,D,RX,ZP,F
14:22:06,ICBP,RG,8075,1,D,RX,XC,D
14:22:06,ICBP,RG,8075,3,D,RX,ZP,F
14:22:06,ICBP,RG,8075,5,D,RX,ZP,F
14:22:06,ICBP,RG,8075,5,D,RX,YP,D
14:22:06,ICBP,RG,8075,12,D,RX,XC,D
14:22:06,ICBP,RG,8075,11,D,RX,AK,F
14:22:05,ICBP,RG,8075,47,D,CS,AK,F
14:22:05,ICBP,RG,8075,287,D,TP,AK,F
14:22:05,ICBP,RG,8075,21,D,TP,ZP,F
14:22:05,ICBP,RG,8075,2,D,TP,AK,F
14:22:05,ICBP,RG,8075,117,D,TP,BK,F
14:22:05,ICBP,RG,8075,1,D,TP,YP,D
14:22:05,ICBP,RG,8075,1,D,TP,YP,D
14:22:05,ICBP,RG,8075,10,D,TP,PD,D
14:22:05,ICBP,RG,8075,10,D,TP,PD,D
14:22:05,ICBP,RG,8075,256,D,TP,CS,F
14:22:05,ICBP,RG,8075,1000,D,TP,LG,D
14:22:05,ICBP,RG,8075,1,D,TP,XL,D
14:22:05,ICBP,RG,8075,6,D,TP,DR,D
14:22:05,ICBP,RG,8075,188,D,TP,CS,F
14:22:04,ICBP,RG,8075,14,D,ZP,CS,F
14:22:02,ICBP,RG,8075,90,D,ZP,CS,F
14:22:02,ICBP,RG,8075,28,D,CS,CS,F
14:22:02,ICBP,RG,8075,20,D,CS,CC,D
14:22:02,ICBP,RG,8075,22,D,CS,YP,D
14:22:02,ICBP,RG,8075,1,D,CS,CC,D
14:22:02,ICBP,RG,8075,50,D,CS,CC,D
14:22:02,ICBP,RG,8075,1,D,CS,AZ,D
14:22:02,ICBP,RG,8075,100,D,CS,NI,D
14:22:02,ICBP,RG,8075,1,D,CS,XC,D
14:22:02,ICBP,RG,8075,42,D,CS,CC,D
14:22:02,ICBP,RG,8075,1,D,CS,LS,D
14:22:02,ICBP,RG,8075,5,D,CS,PD,D
14:22:01,ICBP,RG,8050,20,D,AZ,YP,D
14:22:00,ICBP,RG,8050,19,D,AZ,XL,D
14:21:49,ICBP,RG,8050,2,D,AZ,PD,D
14:21:40,ICBP,RG,8050,10,D,AZ,CC,D
14:21:33,ICBP,RG,8050,11,D,AZ,BK,F
14:21:33,ICBP,RG,8050,10,D,AZ,CC,D
14:21:25,ICBP,RG,8050,25,D,AZ,LS,D
14:21:24,ICBP,RG,8050,9,D,AZ,BK,F
14:21:23,ICBP,RG,8050,1,D,AZ,AT,D
14:21:23,ICBP,RG,8050,1,D,AZ,XC,D
14:21:21,ICBP,RG,8050,4,D,AZ,BK,F
14:21:16,ICBP,RG,8050,1,D,AZ,KK,D
14:21:13,ICBP,RG,8050,6,D,AZ,PD,D
14:20:52,ICBP,RG,8050,20,D,AZ,LS,D
14:20:50,ICBP,RG,8050,12,D,AZ,NI,D
14:20:43,ICBP,RG,8050,13,D,AZ,BK,F
14:20:38,ICBP,RG,8075,9,D,RX,PD,D
14:20:14,ICBP,RG,8075,6,D,RX,PD,D
14:20:14,ICBP,RG,8075,6,D,RX,YP,D
14:19:49,ICBP,RG,8050,10,D,AZ,HP,D
14:19:44,ICBP,RG,8050,10,D,AZ,YP,D
14:19:43,ICBP,RG,8050,1,D,AZ,BQ,D
14:19:32,ICBP,RG,8075,1,D,RX,PD,D
14:19:32,ICBP,RG,8075,8,D,RX,YP,D
14:19:25,ICBP,RG,8050,13,D,AZ,BK,F
14:19:22,ICBP,RG,8050,6,D,AZ,LS,D
14:19:22,ICBP,RG,8050,10,F,ZP,LS,D
14:19:22,ICBP,RG,8050,1,F,AK,LS,D
14:19:22,ICBP,RG,8050,1,F,AK,LS,D
14:19:22,ICBP,RG,8050,7,D,CS,LS,D
14:19:07,ICBP,RG,8050,9,D,CS,BK,F
14:19:05,ICBP,RG,8050,18,D,CS,BK,F
14:19:00,ICBP,RG,8075,128,D,CC,YP,D
14:18:56,ICBP,RG,8050,1,D,CS,BK,F
14:18:56,ICBP,RG,8050,16,D,CC,BK,F
14:18:52,ICBP,RG,8075,15,D,RX,YP,D
14:18:52,ICBP,RG,8050,10,D,CC,BK,F
14:18:49,ICBP,RG,8050,45,D,CC,BK,F
14:18:48,ICBP,RG,8075,219,D,CS,YP,D
14:18:40,ICBP,RG,8050,10,D,CC,PD,D
14:18:39,ICBP,RG,8050,8,D,CC,YP,D
14:18:10,ICBP,RG,8050,14,D,CC,AG,D
14:18:10,ICBP,RG,8050,14,D,CS,AG,D
14:18:10,ICBP,RG,8050,2,D,CC,AG,D
14:17:54,ICBP,RG,8050,1,D,CC,DR,D
14:17:53,ICBP,RG,8075,8,D,RX,YP,D
14:17:47,ICBP,RG,8050,17,D,CC,BK,F
14:17:45,ICBP,RG,8075,307,D,TP,YP,D
14:17:45,ICBP,RG,8075,50,D,TP,CC,D
14:17:45,ICBP,RG,8075,4,D,TP,CC,D
14:17:45,ICBP,RG,8050,15,D,CC,PD,D
14:17:35,ICBP,RG,8050,1,D,CC,XL,D
14:17:32,ICBP,RG,8050,50,D,CC,GR,F
14:17:32,ICBP,RG,8075,4,D,CC,CC,D
14:17:24,ICBP,RG,8075,1,F,ZP,CC,D
14:17:23,ICBP,RG,8075,8,D,ZP,CC,D
14:17:17,ICBP,RG,8075,3,D,RX,CC,D
14:17:17,ICBP,RG,8075,3,D,RX,PD,D
14:17:17,ICBP,RG,8075,3,D,RX,AK,F
14:17:12,ICBP,RG,8075,2,D,NI,XC,D
14:16:55,ICBP,RG,8050,2,D,CC,PD,D
14:16:43,ICBP,RG,8050,4,D,CC,XC,D
14:16:38,ICBP,RG,8075,5,D,RX,PD,D
14:16:38,ICBP,RG,8075,3,D,RX,ZP,F
14:16:29,ICBP,RG,8050,1,D,CC,XC,D
14:16:25,ICBP,RG,8050,1,D,CC,YP,D
14:16:22,ICBP,RG,8050,1,D,CC,PD,D
14:16:13,ICBP,RG,8050,40,D,CC,OD,D
14:16:13,ICBP,RG,8050,2,D,CC,ZP,F
14:16:13,ICBP,RG,8050,5,D,CC,OD,D
14:16:13,ICBP,RG,8050,58,D,CC,OD,D
14:16:11,ICBP,RG,8050,1,D,NI,OD,D
14:16:09,ICBP,RG,8050,21,D,CS,OD,D
14:16:09,ICBP,RG,8050,120,D,CC,OD,D
14:16:09,ICBP,RG,8050,1,D,CC,XC,D
14:16:09,ICBP,RG,8050,3,D,CC,ZP,F
14:16:09,ICBP,RG,8050,45,D,CC,YP,D
14:16:09,ICBP,RG,8050,7,D,CC,ZP,F
14:16:09,ICBP,RG,8050,24,D,CC,AK,F
14:16:06,ICBP,RG,8050,2,D,CS,AK,F
14:16:06,ICBP,RG,8050,3,D,CS,ZP,F
14:16:06,ICBP,RG,8050,1,D,CS,YP,D
14:16:04,ICBP,RG,8050,4,D,RX,YP,D
14:16:04,ICBP,RG,8050,2,D,RX,PD,D
14:16:04,ICBP,RG,8050,1,D,RX,CC,D
14:16:04,ICBP,RG,8050,19,D,RX,CS,F
14:16:03,ICBP,RG,8050,19,D,YP,CS,F
14:15:57,ICBP,RG,8050,63,D,YP,CS,F
14:15:57,ICBP,RG,8050,2,D,YP,XC,D
14:15:57,ICBP,RG,8050,3,D,YP,AK,F
14:15:57,ICBP,RG,8050,4,D,YP,KK,D
14:15:57,ICBP,RG,8050,7,D,YP,ZP,F
14:15:57,ICBP,RG,8050,2,D,YP,AK,F
14:15:57,ICBP,RG,8050,41,D,YP,ZP,F
14:15:54,ICBP,RG,8050,45,D,CS,AK,F
14:15:53,ICBP,RG,8050,11,D,RX,AK,F
14:15:44,ICBP,RG,8050,1,F,AK,AK,F
14:15:44,ICBP,RG,8050,49,F,AK,AK,F
14:15:44,ICBP,RG,8050,71,F,AK,AK,F
14:15:44,ICBP,RG,8050,16,D,CS,AK,F
14:15:43,ICBP,RG,8050,58,D,AZ,AK,F
14:15:43,ICBP,RG,8050,25,D,AZ,SQ,D
14:15:43,ICBP,RG,8050,5,D,AZ,EP,D
14:15:43,ICBP,RG,8050,31,D,AZ,ZP,F
14:15:43,ICBP,RG,8050,368,D,AZ,YP,D
14:15:43,ICBP,RG,8050,13,D,AZ,BK,F
14:15:40,ICBP,RG,8025,20,D,TP,CC,D
14:15:22,ICBP,RG,8025,25,D,TP,YP,D
14:15:21,ICBP,RG,8050,54,D,CS,BK,F
14:15:21,ICBP,RG,8050,32,D,CS,SQ,D
14:15:10,ICBP,RG,8025,11,D,TP,BK,F
14:15:09,ICBP,RG,8050,3,D,XC,SQ,D
14:15:06,ICBP,RG,8050,10,D,RX,SQ,D
14:15:06,ICBP,RG,8025,12,D,TP,BK,F
14:15:04,ICBP,RG,8050,44,D,ZP,SQ,D
14:15:03,ICBP,RG,8050,6,F,ZP,SQ,D
14:15:03,ICBP,RG,8025,11,D,TP,BK,F
14:15:00,ICBP,RG,8025,33,D,TP,BK,F
14:15:00,ICBP,RG,8050,5,D,CC,SQ,D
14:15:00,ICBP,RG,8050,24,D,CC,PD,D
14:15:00,ICBP,RG,8050,3,D,CC,PD,D
14:15:00,ICBP,RG,8050,50,D,CC,GR,D
14:15:00,ICBP,RG,8050,20,D,CC,LG,D
14:15:00,ICBP,RG,8050,1,D,CC,DR,D
14:14:59,ICBP,RG,8025,27,D,TP,SQ,D
14:14:59,ICBP,RG,8025,12,F,KZ,SQ,D
14:14:59,ICBP,RG,8025,32,F,KZ,SQ,D
14:14:59,ICBP,RG,8025,16,F,KZ,SQ,D
14:14:59,ICBP,RG,8025,13,F,KZ,SQ,D
14:14:51,ICBP,RG,8025,17,F,KZ,BK,F
14:14:47,ICBP,RG,8025,1,F,KZ,BK,F
14:14:47,ICBP,RG,8025,9,F,KZ,BK,F
14:14:43,ICBP,RG,8050,14,D,CS,DR,D
14:14:43,ICBP,RG,8050,1,D,CS,PD,D
14:14:43,ICBP,RG,8050,1,D,CS,XC,D
14:14:43,ICBP,RG,8050,9,D,CS,AK,F
14:14:43,ICBP,RG,8025,3,F,KZ,YP,D
14:14:42,ICBP,RG,8050,18,D,AZ,AK,F
14:14:42,ICBP,RG,8050,5,D,AZ,NI,D
14:14:42,ICBP,RG,8050,4,D,AZ,ZP,F
14:14:42,ICBP,RG,8050,1,D,AZ,YP,D
14:14:42,ICBP,RG,8050,125,D,AZ,CS,F
14:14:42,ICBP,RG,8050,10,D,AZ,PD,D
14:14:42,ICBP,RG,8050,3,D,AZ,AK,F
14:14:42,ICBP,RG,8050,45,D,AZ,CC,D
14:14:42,ICBP,RG,8050,115,D,AZ,LG,D
14:14:42,ICBP,RG,8050,6,D,AZ,ZP,F
14:14:42,ICBP,RG,8050,14,D,AZ,ZP,F
14:14:42,ICBP,RG,8050,1,D,AZ,YP,D
14:14:42,ICBP,RG,8050,101,D,AZ,BK,F
14:14:42,ICBP,RG,8050,6,D,AZ,ZP,F
14:14:42,ICBP,RG,8050,1,D,AZ,OD,D
14:14:42,ICBP,RG,8050,14,D,AZ,OD,D
14:14:42,ICBP,RG,8050,5,D,AZ,YP,D
14:14:42,ICBP,RG,8050,5,D,AZ,OD,D
14:14:42,ICBP,RG,8050,21,D,AZ,OD,D
14:14:33,ICBP,RG,8050,10,D,RX,OD,D
14:14:27,ICBP,RG,8025,15,F,KZ,BK,F
14:14:26,ICBP,RG,8050,1,D,XC,OD,D
14:14:25,ICBP,RG,8025,12,F,KZ,BK,F
14:14:25,ICBP,RG,8025,14,F,KZ,BK,F
14:14:22,ICBP,RG,8050,50,D,CC,OD,D
14:14:21,ICBP,RG,8025,69,F,KZ,BK,F
14:14:19,ICBP,RG,8050,3,D,CS,OD,D
14:14:19,ICBP,RG,8050,13,D,CS,ZP,F
14:14:19,ICBP,RG,8050,3,D,CS,AK,F
14:14:19,ICBP,RG,8050,133,D,CS,LG,D
14:14:19,ICBP,RG,8050,20,D,AZ,PD,D
14:14:19,ICBP,RG,8050,10,D,AZ,BK,F
14:14:19,ICBP,RG,8050,73,D,AZ,AK,F
14:14:19,ICBP,RG,8050,26,D,AZ,ZP,F
14:14:19,ICBP,RG,8050,342,D,AZ,PD,D
14:14:19,ICBP,RG,8050,1,D,AZ,PD,D
14:14:19,ICBP,RG,8050,3,D,AZ,XL,D
14:14:19,ICBP,RG,8050,25,D,AZ,NI,D
14:14:17,ICBP,RG,8050,2,D,CC,NI,D
14:14:03,ICBP,RG,8050,22,D,RX,NI,D
14:14:02,ICBP,RG,8050,33,D,ZP,NI,D
14:14:02,ICBP,RG,8050,3,D,ZP,ZP,F
14:14:02,ICBP,RG,8050,2,D,ZP,CC,D
14:14:02,ICBP,RG,8050,12,D,ZP,BK,F
14:14:02,ICBP,RG,8050,2,D,ZP,DR,D
14:14:02,ICBP,RG,8050,9,D,ZP,ZP,F
14:13:22,ICBP,RG,8025,100,F,KZ,SQ,D
14:13:11,ICBP,RG,8025,10,F,KZ,YP,D
14:13:09,ICBP,RG,8050,4,D,CS,ZP,F
14:13:09,ICBP,RG,8050,10,D,CS,PD,D
14:13:09,ICBP,RG,8050,13,D,CS,PD,D
14:13:07,ICBP,RG,8025,2,F,KZ,YB,D
14:13:05,ICBP,RG,8025,10,F,KZ,NI,D
14:12:58,ICBP,RG,8050,9,D,RX,PD,D
14:12:47,ICBP,RG,8025,42,F,KZ,PD,D
14:12:45,ICBP,RG,8025,4,F,KZ,CC,D
14:12:43,ICBP,RG,8050,2,D,PD,PD,D
14:12:36,ICBP,RG,8025,2,F,KZ,XC,D
14:12:30,ICBP,RG,8050,16,D,CS,PD,D
14:12:30,ICBP,RG,8050,20,D,CS,SQ,D
14:12:30,ICBP,RG,8050,5,D,CS,PD,D
14:12:30,ICBP,RG,8050,20,D,CS,PD,D
14:12:30,ICBP,RG,8050,48,D,CS,PD,D
14:12:30,ICBP,RG,8050,34,D,CS,XL,D
14:12:14,ICBP,RG,8025,2,F,KZ,PD,D
14:12:06,ICBP,RG,8025,5,F,KZ,YP,D
14:12:06,ICBP,RG,8025,10,F,KZ,PD,D
14:11:48,ICBP,RG,8025,11,F,KZ,CC,D
14:11:43,ICBP,RG,8025,2,F,KZ,PD,D
14:11:30,ICBP,RG,8025,5,F,KZ,YP,D
14:11:29,ICBP,RG,8050,16,D,CS,XL,D
14:11:29,ICBP,RG,8050,10,D,CS,YP,D
14:10:54,ICBP,RG,8025,15,F,KZ,EP,D
14:10:47,ICBP,RG,8050,147,D,CS,YP,D
14:10:33,ICBP,RG,8025,3,F,KZ,XC,D
14:10:17,ICBP,RG,8025,8,F,KZ,YB,D
14:10:15,ICBP,RG,8025,200,F,KZ,YP,D
14:10:06,ICBP,RG,8025,30,F,KZ,SQ,D
14:09:58,ICBP,RG,8025,20,F,KZ,PD,D
14:09:56,ICBP,RG,8025,1,F,KZ,YP,D
14:09:41,ICBP,RG,8025,1,F,KZ,YP,D
14:09:33,ICBP,RG,8025,5,F,KZ,NI,D
14:08:54,ICBP,RG,8050,53,D,CS,YP,D
14:08:54,ICBP,RG,8050,6,D,CS,ZP,F
14:08:54,ICBP,RG,8050,10,D,CS,YP,D
14:08:54,ICBP,RG,8050,10,D,CS,DR,D
14:08:54,ICBP,RG,8050,10,D,CS,NI,D
14:08:54,ICBP,RG,8050,1,D,CS,YB,D
14:08:54,ICBP,RG,8050,1,D,CS,ZP,F
14:08:54,ICBP,RG,8050,2,D,CS,ZP,F
14:08:54,ICBP,RG,8050,1,D,CS,ZP,F
14:08:54,ICBP,RG,8050,2,D,CS,PC,D
14:08:54,ICBP,RG,8050,30,D,CS,NI,D
14:08:54,ICBP,RG,8050,2,D,CS,PC,D
14:08:54,ICBP,RG,8050,2,D,CS,YP,D
14:08:47,ICBP,RG,8025,10,F,KZ,HP,D
14:08:30,ICBP,RG,8025,1,F,KZ,XC,D
14:08:24,ICBP,RG,8025,1,F,KZ,PD,D
14:08:12,ICBP,RG,8025,5,F,KZ,XC,D
14:08:09,ICBP,RG,8050,1,D,PD,YP,D
14:08:09,ICBP,RG,8050,5,D,SQ,YP,D
14:08:09,ICBP,RG,8025,20,F,KZ,PD,D
14:08:01,ICBP,RG,8025,33,F,KZ,PC,D
14:07:57,ICBP,RG,8025,11,F,KZ,DH,D
14:07:51,ICBP,RG,8025,1,F,KZ,EP,D
14:07:50,ICBP,RG,8050,1,D,PD,YP,D
14:07:46,ICBP,RG,8025,2,F,KZ,LG,D
14:07:42,ICBP,RG,8025,1,F,KZ,YP,D
14:07:35,ICBP,RG,8025,10,F,KZ,AG,D
14:07:17,ICBP,RG,8025,15,F,KZ,YP,D
14:07:15,ICBP,RG,8025,1,F,KZ,EP,D
14:07:13,ICBP,RG,8025,1,F,KZ,XC,D
14:07:13,ICBP,RG,8025,15,F,KZ,PD,D
14:07:10,ICBP,RG,8025,3,F,KZ,PD,D
14:07:01,ICBP,RG,8025,20,F,KZ,PD,D
14:06:52,ICBP,RG,8025,30,F,KZ,SQ,D
14:06:47,ICBP,RG,8025,1,F,KZ,NI,D
14:06:45,ICBP,RG,8050,1,D,PD,YP,D
14:06:45,ICBP,RG,8050,1,D,PD,XC,D
14:06:45,ICBP,RG,8050,1,D,PD,ZP,F
14:06:45,ICBP,RG,8050,2,D,PD,ZP,F
14:06:45,ICBP,RG,8050,8,D,PD,YP,D
14:06:43,ICBP,RG,8050,1,D,EP,YP,D
14:06:29,ICBP,RG,8025,30,F,KZ,PD,D
14:06:25,ICBP,RG,8025,10,F,KZ,NI,D
14:06:24,ICBP,RG,8025,10,F,KZ,CC,D
14:06:20,ICBP,RG,8025,291,F,KZ,YP,D
14:06:20,ICBP,RG,8025,150,F,KZ,YP,D
14:06:13,ICBP,RG,8025,1,F,KZ,XL,D
14:06:13,ICBP,RG,8050,2,D,IF,YP,D
14:06:11,ICBP,RG,8050,1,D,PD,YP,D
14:06:07,ICBP,RG,8025,30,F,KZ,PD,D
14:06:05,ICBP,RG,8025,79,F,KZ,SQ,D
14:06:02,ICBP,RG,8050,2,D,XC,YP,D
14:05:57,ICBP,RG,8050,1,D,EP,YP,D
14:05:47,ICBP,RG,8025,13,F,KZ,YP,D
14:05:33,ICBP,RG,8050,1,D,KK,YP,D
14:05:32,ICBP,RG,8025,1,F,KZ,NI,D
14:05:09,ICBP,RG,8050,4,D,NI,YP,D
14:05:09,ICBP,RG,8050,1,D,NI,PD,D
14:04:55,ICBP,RG,8050,13,D,CS,PD,D
14:04:52,ICBP,RG,8050,23,D,CS,XA,D
14:04:52,ICBP,RG,8050,18,D,CS,XA,D
14:04:52,ICBP,RG,8050,2,D,OD,XA,D
14:04:52,ICBP,RG,8050,16,D,ZP,XA,D
14:04:51,ICBP,RG,8050,10,D,ZP,YP,D
14:04:50,ICBP,RG,8050,1,D,ZP,XC,D
14:04:43,ICBP,RG,8050,1,D,ZP,ZP,F
14:04:43,ICBP,RG,8050,2,D,ZP,ZP,F
14:04:43,ICBP,RG,8050,10,D,ZP,CC,D
14:04:43,ICBP,RG,8050,30,D,ZP,AK,F
14:04:43,ICBP,RG,8050,2,D,ZP,AK,F
14:04:42,ICBP,RG,8050,1,D,BQ,AK,F
14:04:41,ICBP,RG,8050,14,F,AK,DR,D
14:04:41,ICBP,RG,8050,10,F,AK,NI,D
14:04:41,ICBP,RG,8050,5,F,AK,NI,D
14:04:41,ICBP,RG,8050,40,F,AK,AK,F
14:04:41,ICBP,RG,8050,3,F,AK,AK,F
14:04:41,ICBP,RG,8050,4,F,AK,YP,D
14:04:41,ICBP,RG,8050,6,D,TP,YP,D
14:04:41,ICBP,RG,8050,66,D,TP,ZP,F
14:04:41,ICBP,RG,8050,171,D,TP,AK,F
14:04:41,ICBP,RG,8050,3,D,TP,ZP,F
14:04:41,ICBP,RG,8050,1,D,TP,ZP,F
14:04:41,ICBP,RG,8050,116,D,TP,CS,F
14:04:41,ICBP,RG,8050,137,D,TP,CS,F
14:04:37,ICBP,RG,8025,3,F,KZ,XC,D
14:04:27,ICBP,RG,8050,99,D,ZP,CS,F
14:04:27,ICBP,RG,8050,75,F,KZ,CS,F
14:04:26,ICBP,RG,8050,9,F,ZP,CS,F
14:04:25,ICBP,RG,8050,25,D,CS,AK,F
14:04:25,ICBP,RG,8050,2,F,AK,AK,F
14:04:25,ICBP,RG,8050,10,D,NI,AK,F
14:04:25,ICBP,RG,8050,43,D,OD,AK,F
14:04:25,ICBP,RG,8050,1,D,CC,AK,F
14:04:25,ICBP,RG,8050,95,D,RX,AK,F
14:04:25,ICBP,RG,8050,2,D,CC,AK,F
14:04:25,ICBP,RG,8050,6,D,ZP,AK,F
14:04:25,ICBP,RG,8050,5,D,ZP,YP,D
14:04:25,ICBP,RG,8050,29,D,ZP,ZP,F
14:04:25,ICBP,RG,8050,16,D,CS,ZP,F
14:04:25,ICBP,RG,8050,3,D,NI,ZP,F
14:04:25,ICBP,RG,8050,14,D,ZP,ZP,F
14:04:25,ICBP,RG,8050,9,D,ZP,ZP,F
14:04:24,ICBP,RG,8050,8,D,ZP,AK,F
14:04:24,ICBP,RG,8050,6,F,ZP,AK,F
14:04:24,ICBP,RG,8050,3,D,XC,AK,F
14:04:24,ICBP,RG,8050,122,D,YP,AK,F
14:04:24,ICBP,RG,8050,12,D,RX,AK,F
14:04:24,ICBP,RG,8050,1,D,PD,AK,F
14:04:24,ICBP,RG,8050,1,D,XA,AK,F
14:04:24,ICBP,RG,8050,1,F,AK,AK,F
14:04:24,ICBP,RG,8050,3,D,CC,AK,F
14:04:24,ICBP,RG,8050,42,D,RX,AK,F
14:04:24,ICBP,RG,8050,41,D,CS,AK,F
14:04:24,ICBP,RG,8050,88,D,CS,AK,F
14:04:24,ICBP,RG,8050,200,D,CC,AK,F
14:04:24,ICBP,RG,8050,7,D,XC,AK,F
14:04:24,ICBP,RG,8050,5,D,NI,AK,F
14:04:24,ICBP,RG,8050,125,D,ZP,AK,F
14:04:24,ICBP,RG,8050,5,D,PD,AK,F
14:04:24,ICBP,RG,8050,3,D,CC,AK,F
14:04:24,ICBP,RG,8050,19,D,DR,AK,F
14:04:24,ICBP,RG,8050,40,D,PD,AK,F
14:04:24,ICBP,RG,8050,1,D,XC,AK,F
14:04:24,ICBP,RG,8050,35,D,CS,AK,F
14:04:24,ICBP,RG,8050,10,D,YP,AK,F
14:04:24,ICBP,RG,8050,22,D,CS,AK,F
14:04:24,ICBP,RG,8050,25,D,YP,AK,F
14:04:24,ICBP,RG,8050,57,D,RX,AK,F
14:04:24,ICBP,RG,8050,7,D,CC,AK,F
14:04:23,ICBP,RG,8050,99,D,CC,AK,F
14:04:23,ICBP,RG,8050,1,F,AK,AK,F
14:04:23,ICBP,RG,8050,140,D,CS,AK,F
14:04:16,ICBP,RG,8050,100,D,CS,XL,D
14:04:05,ICBP,RG,8050,5,D,CS,YP,D
14:04:05,ICBP,RG,8075,23,D,RX,LG,D
14:04:03,ICBP,RG,8075,2,D,CC,LG,D
14:04:01,ICBP,RG,8075,41,D,CS,LG,D
14:03:55,ICBP,RG,8050,6,D,CS,YP,D
14:03:55,ICBP,RG,8050,2,D,CS,NI,D
14:03:51,ICBP,RG,8050,3,D,CS,PD,D
14:03:51,ICBP,RG,8050,4,D,ZP,PD,D
14:03:49,ICBP,RG,8050,10,D,ZP,YP,D
14:03:40,ICBP,RG,8050,1,D,ZP,EP,D
14:03:33,ICBP,RG,8050,3,D,ZP,XL,D
14:03:29,ICBP,RG,8050,50,D,ZP,YP,D
14:03:29,ICBP,RG,8050,1,D,ZP,XC,D
14:03:19,ICBP,RG,8050,3,D,ZP,YP,D
14:03:11,ICBP,RG,8050,1,D,ZP,NI,D
14:03:10,ICBP,RG,8050,10,D,ZP,PD,D
14:02:53,ICBP,RG,8075,8,D,RX,LG,D
14:02:46,ICBP,RG,8050,1,D,ZP,XC,D
14:02:32,ICBP,RG,8075,2,D,PD,LG,D
14:02:26,ICBP,RG,8075,9,D,RX,LG,D
14:02:09,ICBP,RG,8075,1,D,PD,LG,D
14:02:07,ICBP,RG,8050,2,D,ZP,CC,D
14:01:58,ICBP,RG,8075,8,D,RX,LG,D
14:01:44,ICBP,RG,8075,1,D,PD,LG,D
14:01:40,ICBP,RG,8050,30,D,ZP,PD,D
14:01:32,ICBP,RG,8075,10,D,RX,LG,D
14:01:24,ICBP,RG,8075,39,D,CS,LG,D
14:01:24,ICBP,RG,8075,205,D,CS,LG,D
14:01:01,ICBP,RG,8075,8,D,RX,LG,D
14:01:00,ICBP,RG,8050,1,D,ZP,KK,D
14:00:59,ICBP,RG,8050,13,D,ZP,KK,D
14:00:59,ICBP,RG,8050,16,F,ZP,KK,D
14:00:59,ICBP,RG,8050,4,D,PD,KK,D
14:00:38,ICBP,RG,8075,20,D,PD,LG,D
14:00:38,ICBP,RG,8050,20,D,PD,XL,D
14:00:35,ICBP,RG,8050,6,D,PD,XC,D
14:00:34,ICBP,RG,8050,1,D,PD,PD,D
14:00:33,ICBP,RG,8075,10,D,RX,LG,D
14:00:05,ICBP,RG,8050,5,D,PD,NI,D
13:59:57,ICBP,RG,8050,4,D,PD,NI,D
13:59:57,ICBP,RG,8050,1,D,RX,NI,D
13:59:09,ICBP,RG,8050,5,D,RX,PD,D
13:59:01,ICBP,RG,8075,122,D,YP,LG,D
13:58:58,ICBP,RG,8075,12,D,KK,LG,D
13:58:55,ICBP,RG,8075,33,D,CS,LG,D
13:58:54,ICBP,RG,8075,8,D,RX,LG,D
13:58:53,ICBP,RG,8075,172,D,CS,LG,D
13:58:35,ICBP,RG,8075,11,D,RX,LG,D
13:58:08,ICBP,RG,8075,4,D,PD,LG,D
13:58:06,ICBP,RG,8075,18,D,RX,LG,D
13:58:06,ICBP,RG,8075,1,D,RX,PD,D
13:58:06,ICBP,RG,8075,1,D,RX,NI,D
13:58:06,ICBP,RG,8075,3,D,RX,ZP,F
13:58:02,ICBP,RG,8075,2,D,ZP,ZP,F
13:58:02,ICBP,RG,8075,2,D,ZP,ZP,F
13:58:02,ICBP,RG,8075,8,D,ZP,ZP,F
13:58:02,ICBP,RG,8075,15,D,ZP,CC,D
13:58:02,ICBP,RG,8075,10,D,ZP,YP,D
13:58:02,ICBP,RG,8075,8,D,ZP,ZP,F
13:58:02,ICBP,RG,8075,3,D,ZP,ZP,F
13:58:02,ICBP,RG,8075,3,D,ZP,AK,F
13:58:02,ICBP,RG,8075,8,D,ZP,SQ,D
13:57:58,ICBP,RG,8050,6,D,RX,NI,D
13:57:47,ICBP,RG,8075,1,D,XC,SQ,D
13:57:26,ICBP,RG,8075,1,D,OD,SQ,D
13:57:20,ICBP,RG,8050,2,D,RX,XC,D
13:57:10,ICBP,RG,8050,1,D,RX,YP,D
13:56:59,ICBP,RG,8050,1,D,RX,PD,D
13:56:50,ICBP,RG,8075,27,D,CS,SQ,D
13:56:50,ICBP,RG,8075,6,D,CS,SQ,D
13:56:47,ICBP,RG,8075,8,D,RX,SQ,D
13:56:31,ICBP,RG,8075,60,D,CS,SQ,D
13:56:30,ICBP,RG,8075,11,D,CS,SQ,D
13:56:28,ICBP,RG,8075,9,D,RX,SQ,D
13:55:56,ICBP,RG,8050,9,D,RX,HP,D
13:55:56,ICBP,RG,8050,1,D,KK,HP,D
13:55:48,ICBP,RG,8075,19,D,CS,SQ,D
13:55:48,ICBP,RG,8075,11,D,CS,YP,D
13:55:48,ICBP,RG,8075,7,D,CS,ZP,F
13:55:48,ICBP,RG,8075,75,D,CS,AK,F
13:55:48,ICBP,RG,8075,22,D,CS,AK,F
13:55:48,ICBP,RG,8075,263,D,TP,AK,F
13:55:48,ICBP,RG,8075,37,D,TP,AK,F
13:55:48,ICBP,RG,8075,3,D,TP,AK,F
13:55:48,ICBP,RG,8075,1,D,TP,XC,D
13:55:48,ICBP,RG,8075,44,D,TP,ZP,F
13:55:48,ICBP,RG,8075,1,D,TP,NI,D
13:55:48,ICBP,RG,8075,11,D,TP,KK,D
13:55:48,ICBP,RG,8075,10,D,TP,EP,D
13:55:48,ICBP,RG,8075,10,D,TP,NI,D
13:55:48,ICBP,RG,8075,5,D,TP,NI,D
13:55:48,ICBP,RG,8075,115,D,TP,CS,F
13:55:43,ICBP,RG,8075,9,D,RX,CS,F
13:55:32,ICBP,RG,8050,9,D,CC,XC,D
13:55:22,ICBP,RG,8050,4,D,CC,PD,D
13:55:22,ICBP,RG,8075,9,D,RX,CS,F
13:55:22,ICBP,RG,8075,16,D,YP,CS,F
13:55:03,ICBP,RG,8075,49,D,ZP,CS,F
13:55:02,ICBP,RG,8075,6,F,ZP,CS,F
13:55:02,ICBP,RG,8075,8,D,RX,CS,F
13:55:00,ICBP,RG,8075,113,D,CC,CS,F
13:54:57,ICBP,RG,8050,1,D,CC,PD,D
13:54:57,ICBP,RG,8050,37,D,CC,KK,D
13:54:49,ICBP,RG,8050,1,D,CC,YP,D
13:54:48,ICBP,RG,8050,3,D,CC,XL,D
13:54:32,ICBP,RG,8075,8,D,RX,CS,F
13:54:28,ICBP,RG,8075,27,F,AK,CS,F
13:54:28,ICBP,RG,8075,28,F,AK,CS,F
13:54:28,ICBP,RG,8075,10,F,AK,YP,D
13:54:28,ICBP,RG,8075,10,F,AK,HP,D
13:54:28,ICBP,RG,8075,2,F,AK,XC,D
13:54:28,ICBP,RG,8075,10,F,AK,CC,D
13:54:28,ICBP,RG,8075,3,F,AK,ZP,F
13:54:28,ICBP,RG,8075,21,F,AK,AK,F
13:54:28,ICBP,RG,8075,16,F,AK,AK,F
13:54:28,ICBP,RG,8075,189,D,CS,AK,F
13:54:28,ICBP,RG,8075,17,D,CS,AK,F
13:54:28,ICBP,RG,8075,5,D,CS,KK,D
13:54:28,ICBP,RG,8075,12,D,CS,SQ,D
13:54:28,ICBP,RG,8075,9,D,CS,AK,F
13:54:28,ICBP,RG,8075,39,D,LG,AK,F
13:54:28,ICBP,RG,8075,5,D,LG,EP,D
13:54:28,ICBP,RG,8075,4,D,LG,AK,F
13:54:28,ICBP,RG,8075,141,D,LG,CS,F
13:54:28,ICBP,RG,8075,23,D,LG,SQ,D
13:54:28,ICBP,RG,8075,1,D,LG,ZP,F
13:54:28,ICBP,RG,8075,1,D,LG,ZP,F
13:54:28,ICBP,RG,8075,1,D,LG,ZP,F
13:54:28,ICBP,RG,8075,2,D,LG,ZP,F
13:54:28,ICBP,RG,8075,28,D,LG,AK,F
13:54:28,ICBP,RG,8075,2,D,LG,ZP,F
13:54:28,ICBP,RG,8075,3,D,LG,AK,F
13:54:28,ICBP,RG,8075,12,D,LG,ZP,F
13:54:28,ICBP,RG,8075,1,D,LG,XC,D
13:54:28,ICBP,RG,8075,6,D,LG,KK,D
13:54:28,ICBP,RG,8075,1,D,LG,DX,D
13:54:28,ICBP,RG,8075,2,D,LG,XC,D
13:54:28,ICBP,RG,8075,10,D,LG,DR,D
13:54:28,ICBP,RG,8075,38,D,LG,NI,D
13:54:28,ICBP,RG,8075,100,D,LG,NI,D
13:54:28,ICBP,RG,8075,50,D,LG,NI,D
13:54:28,ICBP,RG,8075,1,D,LG,YP,D
13:54:28,ICBP,RG,8075,1,D,LG,XC,D
13:54:28,ICBP,RG,8075,19,D,LG,XC,D
13:54:28,ICBP,RG,8075,4,D,LG,PD,D
13:54:28,ICBP,RG,8075,1,D,LG,PC,D
13:54:28,ICBP,RG,8075,178,D,LG,OD,D
13:54:28,ICBP,RG,8075,3,D,LG,OD,D
13:54:28,ICBP,RG,8075,17,D,LG,OD,D
13:54:28,ICBP,RG,8075,2,D,LG,OD,D
13:54:28,ICBP,RG,8075,178,D,LG,OD,D
13:54:28,ICBP,RG,8075,3,D,LG,OD,D
13:54:28,ICBP,RG,8075,17,D,LG,OD,D
13:54:28,ICBP,RG,8075,6,D,LG,DR,D
13:54:15,ICBP,RG,8050,1,D,CC,XC,D
13:54:12,ICBP,RG,8075,1,D,LG,DR,D
13:54:09,ICBP,RG,8050,33,D,CC,PD,D
13:54:01,ICBP,RG,8075,3,D,RX,DR,D
13:54:01,ICBP,RG,8075,6,D,RX,XC,D
13:53:52,ICBP,RG,8050,1,D,CC,LS,D
13:53:51,ICBP,RG,8050,5,D,CC,PD,D
13:53:30,ICBP,RG,8050,2,D,CC,XC,D
13:53:29,ICBP,RG,8075,4,D,RX,XC,D
13:53:29,ICBP,RG,8075,10,D,RX,AG,D
13:53:29,ICBP,RG,8075,5,D,RX,XC,D
13:53:29,ICBP,RG,8075,1,D,RX,LS,D
13:53:29,ICBP,RG,8075,4,D,RX,XL,D
13:53:28,ICBP,RG,8050,30,D,CC,CC,D
13:53:25,ICBP,RG,8075,15,D,CC,XL,D
13:53:25,ICBP,RG,8075,2,D,CC,PC,D
13:53:25,ICBP,RG,8075,1,D,CC,YP,D
13:53:25,ICBP,RG,8075,5,D,CC,YP,D
13:53:25,ICBP,RG,8075,3,D,CC,YP,D
13:53:25,ICBP,RG,8075,2,D,CC,EP,D
13:53:25,ICBP,RG,8075,3,D,CC,PC,D
13:53:25,ICBP,RG,8075,1,D,CC,CC,D
13:53:25,ICBP,RG,8075,5,D,CC,XC,D
13:53:25,ICBP,RG,8075,3,D,CC,XC,D
13:53:25,ICBP,RG,8075,2,D,CC,GR,D
13:53:25,ICBP,RG,8075,12,D,CC,PD,D
13:53:25,ICBP,RG,8075,10,D,CC,PD,D
13:53:25,ICBP,RG,8075,1,D,CC,XC,D
13:53:25,ICBP,RG,8075,10,D,CC,YP,D
13:53:25,ICBP,RG,8075,1,D,CC,YP,D
13:53:25,ICBP,RG,8075,1,D,CC,YP,D
13:53:25,ICBP,RG,8075,4,D,CC,PD,D
13:53:25,ICBP,RG,8075,10,D,CC,SQ,D
13:53:25,ICBP,RG,8075,3,D,CC,YP,D
13:53:25,ICBP,RG,8075,106,D,CC,YP,D
13:53:21,ICBP,RG,8050,5,D,CC,IF,D
13:53:15,ICBP,RG,8050,8,D,CC,PD,D
13:52:29,ICBP,RG,8075,4,D,PD,YP,D
13:52:26,ICBP,RG,8050,1,D,CC,XL,D
13:52:23,ICBP,RG,8050,10,D,CC,YP,D
13:52:22,ICBP,RG,8050,1,D,CC,OD,D
13:52:05,ICBP,RG,8050,3,D,CC,KK,D
13:52:04,ICBP,RG,8050,45,D,CC,YP,D
13:52:04,ICBP,RG,8050,4,D,DH,YP,D
13:52:04,ICBP,RG,8050,41,D,CS,YP,D
13:51:58,ICBP,RG,8075,9,D,RX,YP,D
13:51:39,ICBP,RG,8075,39,D,CC,YP,D
13:51:31,ICBP,RG,8050,4,D,YP,YP,D
13:51:06,ICBP,RG,8075,1,D,XL,YP,D
13:50:50,ICBP,RG,8050,6,D,YP,IF,D
13:50:50,ICBP,RG,8050,1,F,AK,IF,D
13:50:50,ICBP,RG,8050,1,D,NI,IF,D
13:50:50,ICBP,RG,8050,42,D,CS,IF,D
13:50:46,ICBP,RG,8050,1,D,CS,YP,D
13:50:25,ICBP,RG,8050,9,D,CS,YP,D
13:50:24,ICBP,RG,8050,1,D,CS,DR,D
13:50:23,ICBP,RG,8050,4,D,CS,XC,D
13:50:20,ICBP,RG,8050,10,D,CS,DH,D
13:50:18,ICBP,RG,8050,100,D,CS,DR,D
13:50:14,ICBP,RG,8050,1,D,CS,XC,D
13:50:10,ICBP,RG,8050,1,D,CS,NI,D
13:49:58,ICBP,RG,8050,5,D,CS,CC,D
13:49:55,ICBP,RG,8050,1,D,CS,NI,D
13:49:47,ICBP,RG,8050,3,D,CS,KK,D
13:49:45,ICBP,RG,8050,2,D,CS,YP,D
13:49:45,ICBP,RG,8075,1,D,ZP,YP,D
13:49:43,ICBP,RG,8050,41,D,CS,PD,D
13:49:43,ICBP,RG,8050,1,D,NI,PD,D
13:49:43,ICBP,RG,8050,8,D,RX,PD,D
13:49:34,ICBP,RG,8050,10,D,RX,NI,D
13:49:33,ICBP,RG,8050,18,D,RX,CC,D
13:49:33,ICBP,RG,8050,12,D,CC,CC,D
13:49:31,ICBP,RG,8075,272,D,CS,YP,D
13:49:28,ICBP,RG,8050,2,D,CC,PD,D
13:49:25,ICBP,RG,8050,1,D,CC,YP,D
13:49:21,ICBP,RG,8050,1,D,CC,GR,D
13:49:13,ICBP,RG,8075,9,D,RX,YP,D
13:49:08,ICBP,RG,8050,1,D,CC,XC,D
13:48:59,ICBP,RG,8050,8,D,CC,AK,F
13:48:59,ICBP,RG,8050,3,D,CC,AK,F
13:48:59,ICBP,RG,8050,5,D,CC,AK,F
13:48:59,ICBP,RG,8050,3,D,CC,AK,F
13:48:44,ICBP,RG,8075,8,D,RX,YP,D
13:48:39,ICBP,RG,8050,200,D,CC,ES,D
13:48:38,ICBP,RG,8050,5,D,CC,PC,D
13:48:33,ICBP,RG,8050,5,D,CC,NI,D
13:48:19,ICBP,RG,8050,16,D,CC,AK,F
13:48:15,ICBP,RG,8075,11,D,RX,YP,D
13:48:03,ICBP,RG,8050,38,D,CC,YP,D
13:48:03,ICBP,RG,8050,4,D,CS,YP,D
13:47:59,ICBP,RG,8050,10,D,CS,CC,D
13:47:47,ICBP,RG,8050,3,D,CS,PD,D
13:47:37,ICBP,RG,8050,1,D,CS,PD,D
13:47:36,ICBP,RG,8050,1,D,CS,PD,D
13:47:32,ICBP,RG,8050,1,D,CS,PD,D
13:47:31,ICBP,RG,8050,32,D,CS,CC,D
13:47:31,ICBP,RG,8050,3,D,ZP,CC,D
13:47:22,ICBP,RG,8050,1,D,ZP,PD,D
13:47:19,ICBP,RG,8075,2,D,ZP,YP,D
13:47:12,ICBP,RG,8050,1,D,ZP,CC,D
13:47:11,ICBP,RG,8050,2,D,ZP,LG,D
13:47:03,ICBP,RG,8050,3,D,ZP,XC,D
13:46:55,ICBP,RG,8050,1,D,ZP,YP,D
13:46:41,ICBP,RG,8050,30,D,ZP,CP,D
13:46:37,ICBP,RG,8050,1,D,ZP,YP,D
13:46:23,ICBP,RG,8050,10,D,ZP,YP,D
13:46:13,ICBP,RG,8025,58,F,KZ,XC,D
13:46:13,ICBP,RG,8050,11,D,CS,XC,D
13:46:13,ICBP,RG,8050,12,D,CS,XC,D
13:46:13,ICBP,RG,8050,5,D,PD,XC,D
13:46:13,ICBP,RG,8050,37,D,ZP,XC,D
13:46:10,ICBP,RG,8050,1,D,ZP,XC,D
13:46:09,ICBP,RG,8050,13,D,ZP,PD,D
13:45:58,ICBP,RG,8050,2,F,KZ,ZP,F
13:45:58,ICBP,RG,8050,5,F,KZ,DH,D
13:45:58,ICBP,RG,8050,31,F,KZ,YP,D
13:45:58,ICBP,RG,8075,50,D,CS,YP,D
13:45:58,ICBP,RG,8050,50,F,KZ,LS,D
13:45:54,ICBP,RG,8050,1,F,KZ,SQ,D
13:45:53,ICBP,RG,8050,1,F,KZ,ZP,F
13:45:53,ICBP,RG,8050,10,F,KZ,PD,D
13:45:53,ICBP,RG,8050,1,F,KZ,ZP,F
13:45:53,ICBP,RG,8050,1,F,KZ,ZP,F
13:45:53,ICBP,RG,8050,1,D,CS,XL,D
13:45:52,ICBP,RG,8050,3,D,OD,PC,D
13:45:45,ICBP,RG,8050,3,F,KZ,PD,D
13:45:44,ICBP,RG,8050,3,F,KZ,ZP,F
13:45:44,ICBP,RG,8050,15,D,CS,DH,D
13:45:33,ICBP,RG,8050,30,F,KZ,YB,D
13:45:28,ICBP,RG,8050,1,F,KZ,ZP,F
13:45:28,ICBP,RG,8050,1,D,CS,SQ,D
13:45:27,ICBP,RG,8050,1,D,CS,SQ,D
13:45:27,ICBP,RG,8050,1,D,BQ,SQ,D
13:45:14,ICBP,RG,8050,1,F,KZ,PD,D
13:45:14,ICBP,RG,8050,20,F,KZ,HP,D
13:45:14,ICBP,RG,8050,1,F,KZ,ZP,F
13:45:14,ICBP,RG,8050,8,F,KZ,AK,F
13:45:14,ICBP,RG,8050,11,F,KZ,ZP,F
13:45:14,ICBP,RG,8050,2,F,KZ,AK,F
13:45:14,ICBP,RG,8050,9,F,KZ,AK,F
13:45:14,ICBP,RG,8050,2,F,KZ,ZP,F
13:45:14,ICBP,RG,8050,1,F,KZ,SQ,D
13:45:14,ICBP,RG,8050,2,F,KZ,XC,D
13:45:14,ICBP,RG,8050,10,F,KZ,FZ,D
13:45:14,ICBP,RG,8050,5,F,KZ,YP,D
13:45:14,ICBP,RG,8050,1,F,KZ,ZP,F
13:45:14,ICBP,RG,8050,2,F,KZ,PD,D
13:45:14,ICBP,RG,8050,50,F,KZ,NI,D
13:45:14,ICBP,RG,8050,2,F,KZ,YP,D
13:45:14,ICBP,RG,8050,6,F,KZ,YP,D
13:45:14,ICBP,RG,8050,1,F,KZ,DH,D
13:45:14,ICBP,RG,8050,500,F,KZ,YP,D
13:45:14,ICBP,RG,8050,1,F,KZ,YP,D
13:45:14,ICBP,RG,8050,5,F,KZ,YP,D
13:45:14,ICBP,RG,8050,1,F,KZ,XL,D
13:45:14,ICBP,RG,8050,1,F,KZ,XL,D
13:45:14,ICBP,RG,8050,25,F,KZ,YP,D
13:45:14,ICBP,RG,8050,2,F,KZ,YP,D
13:45:14,ICBP,RG,8050,2,F,KZ,XL,D
13:45:14,ICBP,RG,8050,20,F,KZ,HP,D
13:45:14,ICBP,RG,8050,2,F,KZ,XC,D
13:45:14,ICBP,RG,8050,10,F,KZ,YP,D
13:45:14,ICBP,RG,8050,2,F,KZ,PD,D
13:45:14,ICBP,RG,8050,1,F,KZ,XC,D
13:45:14,ICBP,RG,8050,1,F,KZ,XC,D
13:45:14,ICBP,RG,8050,1,F,KZ,XC,D
13:45:14,ICBP,RG,8050,3,F,KZ,XC,D
13:45:14,ICBP,RG,8050,5,F,KZ,KK,D
13:45:14,ICBP,RG,8050,5,F,KZ,PD,D
13:45:14,ICBP,RG,8050,1,F,KZ,YP,D
13:45:14,ICBP,RG,8050,3,F,KZ,XC,D
13:45:14,ICBP,RG,8050,10,F,KZ,XC,D
13:45:14,ICBP,RG,8050,5,F,KZ,DR,D
13:45:14,ICBP,RG,8050,2,F,KZ,PD,D
13:45:14,ICBP,RG,8050,5,F,KZ,PD,D
13:45:14,ICBP,RG,8050,16,F,KZ,PD,D
13:45:14,ICBP,RG,8050,1,F,KZ,PC,D
13:45:14,ICBP,RG,8050,1,F,KZ,PD,D
13:45:14,ICBP,RG,8050,1,F,KZ,DH,D
13:45:14,ICBP,RG,8050,1,F,KZ,DH,D
13:45:14,ICBP,RG,8050,10,F,KZ,DH,D
13:45:14,ICBP,RG,8050,20,F,KZ,PD,D
13:45:14,ICBP,RG,8050,9,F,KZ,PD,D
13:45:14,ICBP,RG,8050,284,F,KZ,SQ,D
13:45:14,ICBP,RG,8050,10,F,KZ,AG,D
13:45:14,ICBP,RG,8050,2,F,KZ,OD,D
13:45:14,ICBP,RG,8050,178,F,KZ,OD,D
13:45:14,ICBP,RG,8050,3,F,KZ,OD,D
13:45:14,ICBP,RG,8050,17,F,KZ,OD,D
13:45:14,ICBP,RG,8050,2,F,KZ,OD,D
13:45:14,ICBP,RG,8050,178,F,KZ,OD,D
13:45:14,ICBP,RG,8050,3,F,KZ,OD,D
13:45:14,ICBP,RG,8050,13,F,KZ,OD,D
13:45:07,ICBP,RG,8025,18,F,KZ,IF,D
13:45:06,ICBP,RG,8025,114,F,KZ,CC,D
13:45:06,ICBP,RG,8025,2,F,KZ,CC,D
13:45:06,ICBP,RG,8025,14,F,KZ,CC,D
13:45:06,ICBP,RG,8025,2,D,OD,CC,D
13:45:06,ICBP,RG,8025,2,D,OD,CC,D
13:45:06,ICBP,RG,8025,23,D,TP,CC,D
13:45:06,ICBP,RG,8025,2,D,TP,PD,D
13:45:06,ICBP,RG,8025,2,D,TP,YP,D
13:45:03,ICBP,RG,8050,3,D,ZP,OD,D
13:45:02,ICBP,RG,8050,1,F,ZP,OD,D
13:44:56,ICBP,RG,8025,9,D,TP,YP,D
13:44:54,ICBP,RG,8025,1,D,TP,XC,D
13:44:49,ICBP,RG,8025,3,D,TP,PD,D
13:44:45,ICBP,RG,8025,100,D,TP,CC,D
13:44:44,ICBP,RG,8025,5,D,TP,EP,D
13:44:44,ICBP,RG,8025,1,D,TP,ZP,F
13:44:44,ICBP,RG,8025,6,D,TP,CC,D
13:44:44,ICBP,RG,8025,2,D,TP,ZP,F
13:44:44,ICBP,RG,8025,20,D,TP,CC,D
13:44:44,ICBP,RG,8025,1,D,TP,ZP,F
13:44:44,ICBP,RG,8025,2,D,TP,ZP,F
13:44:44,ICBP,RG,8025,3,D,TP,XC,D
13:44:44,ICBP,RG,8025,1,D,TP,PD,D
13:44:44,ICBP,RG,8025,1,D,TP,XC,D
13:44:44,ICBP,RG,8025,1,D,TP,ZP,F
13:44:44,ICBP,RG,8025,1,D,TP,ZP,F
13:44:44,ICBP,RG,8025,27,D,TP,AK,F
13:44:44,ICBP,RG,8025,4,D,TP,ZP,F
13:44:44,ICBP,RG,8025,2,D,TP,XL,D
13:44:44,ICBP,RG,8025,1,D,TP,PD,D
13:44:44,ICBP,RG,8025,1,D,TP,DR,D
13:44:44,ICBP,RG,8025,20,D,TP,CC,D
13:44:44,ICBP,RG,8025,10,D,TP,PD,D
13:44:44,ICBP,RG,8025,10,D,TP,KK,D
13:44:44,ICBP,RG,8025,20,D,TP,YP,D
13:44:44,ICBP,RG,8025,221,D,TP,DR,D
13:44:40,ICBP,RG,8000,59,D,XA,YP,D
13:44:40,ICBP,RG,8000,1,F,AK,YP,D
13:44:40,ICBP,RG,8000,1,F,KZ,YP,D
13:44:40,ICBP,RG,8000,17,F,KZ,YP,D
13:44:40,ICBP,RG,8000,22,F,KZ,YP,D
13:44:30,ICBP,RG,8000,1,F,KZ,XC,D
13:44:30,ICBP,RG,8000,4,F,KZ,DH,D
13:44:29,ICBP,RG,8000,1,F,KZ,YP,D
13:44:23,ICBP,RG,8025,5,D,YP,DR,D
13:44:20,ICBP,RG,8025,45,D,PD,DR,D
13:44:12,ICBP,RG,8000,4,F,KZ,YB,D
13:44:12,ICBP,RG,8000,1,F,KZ,YB,D
13:44:12,ICBP,RG,8000,64,F,KZ,YB,D
13:44:12,ICBP,RG,8000,1,F,KZ,YB,D
13:44:12,ICBP,RG,8000,1,F,KZ,YB,D
13:44:12,ICBP,RG,8000,19,F,KZ,YB,D
13:44:12,ICBP,RG,8000,1,D,PD,YB,D
13:44:12,ICBP,RG,8000,30,F,KZ,YB,D
13:44:04,ICBP,RG,8000,1,F,KZ,YP,D
13:44:04,ICBP,RG,8000,2,D,OD,YP,D
13:44:04,ICBP,RG,8000,13,D,CS,YP,D
13:44:00,ICBP,RG,8025,1,D,KK,DR,D
13:44:00,ICBP,RG,8000,3,D,CS,XC,D
13:43:40,ICBP,RG,8025,28,F,KZ,DR,D
13:43:40,ICBP,RG,8025,31,F,KZ,KK,D
13:43:40,ICBP,RG,8025,101,F,KZ,EP,D
13:43:40,ICBP,RG,8025,11,F,KZ,EP,D
13:43:35,ICBP,RG,8025,1,D,KK,EP,D
13:43:26,ICBP,RG,8025,3,D,PD,EP,D
13:43:24,ICBP,RG,8000,13,F,KZ,PD,D
13:43:18,ICBP,RG,8000,488,F,KZ,CS,F
13:43:17,ICBP,RG,8000,488,F,KZ,CS,F
13:43:17,ICBP,RG,8000,2,F,KZ,ZP,F
13:43:17,ICBP,RG,8000,1,F,KZ,PD,D
13:43:17,ICBP,RG,8000,12,F,KZ,AK,F
13:43:17,ICBP,RG,8000,9,F,KZ,KK,D
13:43:17,ICBP,RG,8000,2,F,KZ,ZP,F
13:43:17,ICBP,RG,8000,6,F,KZ,ZP,F
13:43:17,ICBP,RG,8000,32,F,KZ,ZP,F
13:43:17,ICBP,RG,8000,5,F,KZ,AK,F
13:43:17,ICBP,RG,8000,10,F,KZ,DR,D
13:43:17,ICBP,RG,8000,4,F,KZ,XC,D
13:43:17,ICBP,RG,8000,1,F,KZ,GR,D
13:43:17,ICBP,RG,8000,1,F,KZ,PD,D
13:43:17,ICBP,RG,8000,7,F,KZ,AK,F
13:43:17,ICBP,RG,8000,10,F,KZ,CC,D
13:43:17,ICBP,RG,8000,30,F,KZ,PD,D
13:43:17,ICBP,RG,8000,10,F,KZ,CC,D
13:43:17,ICBP,RG,8000,1,F,KZ,ZP,F
13:43:17,ICBP,RG,8000,7,F,KZ,ZP,F
13:43:17,ICBP,RG,8000,2,F,KZ,XC,D
13:43:17,ICBP,RG,8000,6,F,KZ,ZP,F
13:43:17,ICBP,RG,8000,7,F,KZ,ZP,F
13:43:17,ICBP,RG,8000,7,F,KZ,ZP,F
13:43:17,ICBP,RG,8000,1,F,KZ,PD,D
13:43:17,ICBP,RG,8000,20,F,KZ,YP,D
13:43:17,ICBP,RG,8000,11,F,KZ,AK,F
13:43:17,ICBP,RG,8000,28,F,KZ,AK,F
13:43:17,ICBP,RG,8000,3,F,KZ,AK,F
13:43:17,ICBP,RG,8000,2,F,KZ,AK,F
13:43:17,ICBP,RG,8000,103,F,KZ,CS,F
13:43:17,ICBP,RG,8000,505,F,KZ,CS,F
13:43:17,ICBP,RG,8000,507,F,KZ,CS,F
13:43:17,ICBP,RG,8000,130,F,KZ,PD,D
13:43:17,ICBP,RG,8000,1955,F,KZ,KZ,D
13:43:03,ICBP,RG,7975,86,F,KZ,PD,D
13:43:03,ICBP,RG,7975,40,F,KZ,PD,D
13:43:03,ICBP,RG,7975,136,F,BK,PD,D
13:43:03,ICBP,RG,7975,15,D,CS,PD,D
13:43:03,ICBP,RG,7975,10,D,CS,PD,D
13:43:03,ICBP,RG,7975,4,F,KZ,PD,D
13:43:03,ICBP,RG,7975,6,F,KZ,PD,D
13:43:03,ICBP,RG,7975,4,F,KZ,PD,D
13:43:03,ICBP,RG,7975,4,F,KZ,PD,D
13:43:03,ICBP,RG,7975,31,F,KZ,PD,D
13:43:03,ICBP,RG,7975,6,F,KZ,PD,D
13:42:49,ICBP,RG,7975,10,F,KZ,IP,D
13:42:49,ICBP,RG,7975,1,F,KZ,YP,D
13:42:42,ICBP,RG,8000,13,F,BK,KZ,D
13:42:40,ICBP,RG,7975,6,F,KZ,SQ,D
13:42:38,ICBP,RG,8000,34,F,BK,KZ,D
13:42:37,ICBP,RG,7975,60,F,KZ,CS,F
13:42:37,ICBP,RG,7975,50,F,KZ,CS,F
13:42:37,ICBP,RG,7975,3,F,KZ,ZP,F
13:42:37,ICBP,RG,7975,7,F,KZ,ZP,F
13:42:37,ICBP,RG,7975,7,F,KZ,CC,D
13:42:37,ICBP,RG,7975,16,F,KZ,AK,F
13:42:37,ICBP,RG,7975,3,F,KZ,AK,F
13:42:37,ICBP,RG,7975,52,F,KZ,AK,F
13:42:36,ICBP,RG,7975,96,F,BK,AK,F
13:42:32,ICBP,RG,7975,2,D,OD,AK,F
13:42:32,ICBP,RG,7975,4,D,OD,AK,F
13:42:31,ICBP,RG,7975,4,F,KZ,NI,D
13:42:31,ICBP,RG,7975,30,F,KZ,KK,D
13:42:31,ICBP,RG,7975,13,F,KZ,ZP,F
13:42:31,ICBP,RG,7975,1,F,KZ,NI,D
13:42:31,ICBP,RG,7975,2,F,KZ,YP,D
13:42:31,ICBP,RG,7975,20,F,KZ,NI,D
13:42:31,ICBP,RG,7975,14,F,KZ,AZ,D
13:42:31,ICBP,RG,7975,1,F,KZ,OD,D
13:42:31,ICBP,RG,7975,10,F,KZ,ZP,F
13:42:31,ICBP,RG,7975,4,F,KZ,ZP,F
13:42:31,ICBP,RG,7975,2,F,KZ,PD,D
13:42:31,ICBP,RG,7975,2,F,KZ,ZP,F
13:42:31,ICBP,RG,7975,2,F,KZ,ZP,F
13:42:31,ICBP,RG,7975,22,F,KZ,AK,F
13:42:31,ICBP,RG,7975,25,F,KZ,AK,F
13:42:31,ICBP,RG,7975,2,F,KZ,AK,F
13:42:31,ICBP,RG,7975,2,F,KZ,ZP,F
13:42:31,ICBP,RG,7975,11,F,KZ,ZP,F
13:42:31,ICBP,RG,7975,7,F,KZ,ZP,F
13:42:31,ICBP,RG,7975,7,F,KZ,ZP,F
13:42:31,ICBP,RG,7975,1,F,KZ,ZP,F
13:42:31,ICBP,RG,7975,6,F,KZ,PD,D
13:42:31,ICBP,RG,7975,678,F,KZ,OD,D
13:42:26,ICBP,RG,7975,2,D,CC,OD,D
13:42:24,ICBP,RG,7975,1,D,BQ,OD,D
13:42:23,ICBP,RG,7975,1,D,PD,OD,D
13:41:52,ICBP,RG,7975,1,D,PD,OD,D
13:41:45,ICBP,RG,7950,4,D,CP,SQ,D
13:41:44,ICBP,RG,7950,6,D,CP,PD,D
13:41:44,ICBP,RG,7950,38,F,KZ,PD,D
13:41:44,ICBP,RG,7950,6,F,KZ,PD,D
13:41:37,ICBP,RG,7975,48,D,ZP,OD,D
13:41:36,ICBP,RG,7950,7,F,KZ,XC,D
13:41:32,ICBP,RG,7950,2,F,KZ,YP,D
13:41:28,ICBP,RG,7950,3,F,KZ,YU,D
13:41:21,ICBP,RG,7950,1,F,KZ,DR,D
13:41:21,ICBP,RG,7950,12,F,KZ,DR,D
13:41:21,ICBP,RG,7950,18,F,KZ,DR,D
13:41:21,ICBP,RG,7950,5,D,XC,DR,D
13:41:21,ICBP,RG,7950,55,F,KZ,DR,D
13:41:18,ICBP,RG,7950,17,F,KZ,XC,D
13:41:17,ICBP,RG,7950,10,F,KZ,PD,D
13:41:15,ICBP,RG,7950,23,F,KZ,AK,F
13:41:10,ICBP,RG,7950,3,F,KZ,PD,D
13:41:08,ICBP,RG,7950,42,F,KZ,PD,D
13:41:08,ICBP,RG,7950,9,D,ZP,PD,D
13:40:54,ICBP,RG,7950,71,D,ZP,PD,D
13:40:50,ICBP,RG,7950,16,D,ZP,CC,D
13:40:50,ICBP,RG,7950,8,F,ZP,CC,D
13:40:50,ICBP,RG,7950,20,D,YP,CC,D
13:40:50,ICBP,RG,7950,10,D,SQ,CC,D
13:40:50,ICBP,RG,7950,10,F,KZ,CC,D
13:40:50,ICBP,RG,7950,5,D,YP,CC,D
13:40:50,ICBP,RG,7950,21,F,KZ,CC,D
13:40:49,ICBP,RG,7950,15,F,KZ,DX,D
13:40:47,ICBP,RG,7950,2,F,KZ,PD,D
13:40:45,ICBP,RG,7950,190,F,KZ,PD,D
13:40:44,ICBP,RG,7950,2,F,KZ,YB,D
13:40:42,ICBP,RG,7950,5,F,KZ,SQ,D
13:40:42,ICBP,RG,7950,30,F,KZ,PD,D
13:40:40,ICBP,RG,7950,6,F,KZ,PD,D
13:40:37,ICBP,RG,7950,1,F,KZ,YP,D
13:40:37,ICBP,RG,7950,3,F,KZ,KK,D
13:40:34,ICBP,RG,7950,8,F,KZ,XC,D
13:40:34,ICBP,RG,7950,8,F,KZ,AK,F
13:40:27,ICBP,RG,7950,6,F,KZ,DR,D
13:40:26,ICBP,RG,7950,19,F,KZ,EP,D
13:40:21,ICBP,RG,7950,1,F,KZ,AZ,D
13:40:18,ICBP,RG,7950,272,F,KZ,AZ,D
13:40:18,ICBP,RG,7950,39,F,KZ,AZ,D
13:40:18,ICBP,RG,7950,1,D,CC,AZ,D
13:40:18,ICBP,RG,7950,36,F,KZ,AZ,D
13:40:18,ICBP,RG,7950,2,D,YP,AZ,D
13:40:18,ICBP,RG,7950,1,D,ZP,AZ,D
13:40:18,ICBP,RG,7950,15,D,YP,AZ,D
13:40:18,ICBP,RG,7950,2,D,CC,AZ,D
13:40:18,ICBP,RG,7950,1,D,YP,AZ,D
13:40:18,ICBP,RG,7950,10,D,CC,AZ,D
13:40:18,ICBP,RG,7950,2,D,LG,AZ,D
13:40:18,ICBP,RG,7950,1,D,PD,AZ,D
13:40:18,ICBP,RG,7950,10,D,SQ,AZ,D
13:40:18,ICBP,RG,7950,10,D,DR,AZ,D
13:40:18,ICBP,RG,7950,10,D,MG,AZ,D
13:40:18,ICBP,RG,7950,1,D,NI,AZ,D
13:40:18,ICBP,RG,7950,1,D,PD,AZ,D
13:40:18,ICBP,RG,7950,3,D,XC,AZ,D
13:40:18,ICBP,RG,7950,1,D,CC,AZ,D
13:40:18,ICBP,RG,7950,1,D,XC,AZ,D
13:40:18,ICBP,RG,7950,5,D,DH,AZ,D
13:40:18,ICBP,RG,7950,10,D,SQ,AZ,D
13:40:18,ICBP,RG,7950,1,D,PD,AZ,D
13:40:18,ICBP,RG,7950,1,D,CC,AZ,D
13:40:18,ICBP,RG,7950,2,D,YB,AZ,D
13:40:18,ICBP,RG,7950,10,D,CC,AZ,D
13:40:18,ICBP,RG,7950,5,D,EP,AZ,D
13:40:18,ICBP,RG,7950,2,D,GR,AZ,D
13:40:18,ICBP,RG,7950,5,D,YP,AZ,D
13:40:18,ICBP,RG,7950,1,D,PD,AZ,D
13:40:18,ICBP,RG,7950,1,D,YP,AZ,D
13:40:18,ICBP,RG,7950,3,D,PD,AZ,D
13:40:18,ICBP,RG,7950,5,D,PD,AZ,D
13:40:18,ICBP,RG,7950,2,D,PD,AZ,D
13:40:18,ICBP,RG,7950,10,D,NI,AZ,D
13:40:18,ICBP,RG,7950,1,D,XC,AZ,D
13:40:18,ICBP,RG,7950,67,D,CC,AZ,D
13:40:15,ICBP,RG,7950,133,D,CC,YP,D
13:40:15,ICBP,RG,7950,1,D,YP,YP,D
13:40:15,ICBP,RG,7950,10,D,XC,YP,D
13:40:15,ICBP,RG,7950,4,D,NI,YP,D
13:40:15,ICBP,RG,7950,1,D,PD,YP,D
13:40:15,ICBP,RG,7950,1,D,AT,YP,D
13:40:15,ICBP,RG,7950,150,D,DH,YP,D
13:40:15,ICBP,RG,7950,1,D,XC,YP,D
13:40:15,ICBP,RG,7950,10,D,YP,YP,D
13:40:15,ICBP,RG,7950,1,D,XC,YP,D
13:40:15,ICBP,RG,7950,2,D,PD,YP,D
13:40:15,ICBP,RG,7950,1,D,YP,YP,D
13:40:15,ICBP,RG,7950,1,D,XC,YP,D
13:40:15,ICBP,RG,7950,984,D,YP,YP,D
13:40:09,ICBP,RG,7950,16,D,YP,YP,D
13:40:09,ICBP,RG,7950,5,D,PD,YP,D
13:40:09,ICBP,RG,7950,1,D,PD,YP,D
13:40:09,ICBP,RG,7950,5,D,DH,YP,D
13:40:09,ICBP,RG,7950,1,D,PD,YP,D
13:40:09,ICBP,RG,7950,14,D,PD,YP,D
13:40:03,ICBP,RG,7950,3,D,PD,KK,D
13:40:00,ICBP,RG,7975,5,D,PD,OD,D
13:40:00,ICBP,RG,7950,9,D,PD,AK,F
13:39:57,ICBP,RG,7950,7,D,PD,CC,D
13:39:54,ICBP,RG,7950,17,D,PD,CC,D
13:39:54,ICBP,RG,7950,1,D,YP,CC,D
13:39:54,ICBP,RG,7950,10,D,PD,CC,D
13:39:54,ICBP,RG,7950,1,D,YP,CC,D
13:39:54,ICBP,RG,7950,2,D,DR,CC,D
13:39:54,ICBP,RG,7950,2,D,YP,CC,D
13:39:54,ICBP,RG,7950,1,D,XC,CC,D
13:39:54,ICBP,RG,7950,16,D,CC,CC,D
13:39:54,ICBP,RG,7950,10,D,CC,YP,D
13:39:52,ICBP,RG,7950,74,D,CC,YU,D
13:39:52,ICBP,RG,7950,1,D,PD,YU,D
13:39:52,ICBP,RG,7950,3,D,CC,YU,D
13:39:52,ICBP,RG,7950,5,D,YP,YU,D
13:39:52,ICBP,RG,7950,2,D,YP,YU,D
13:39:52,ICBP,RG,7950,1,D,DH,YU,D
13:39:52,ICBP,RG,7950,25,D,CC,YU,D
13:39:52,ICBP,RG,7950,2,D,GR,YU,D
13:39:52,ICBP,RG,7950,10,D,CC,YU,D
13:39:52,ICBP,RG,7950,10,D,PD,YU,D
13:39:52,ICBP,RG,7950,8,D,YP,YU,D
13:39:52,ICBP,RG,7950,1,D,PD,YU,D
13:39:52,ICBP,RG,7950,5,D,YP,YU,D
13:39:52,ICBP,RG,7950,4,D,YP,YU,D
13:39:52,ICBP,RG,7950,5,D,YP,YU,D
13:39:52,ICBP,RG,7950,1,D,CC,YU,D
13:39:52,ICBP,RG,7950,1,D,PD,YU,D
13:39:52,ICBP,RG,7950,10,D,SQ,YU,D
13:39:52,ICBP,RG,7950,132,D,ES,YU,D
13:39:45,ICBP,RG,7950,1,D,ES,XC,D
13:39:42,ICBP,RG,7950,10,D,ES,YP,D
13:39:41,ICBP,RG,7950,6,D,ES,NI,D
13:39:41,ICBP,RG,7950,25,D,ES,PD,D
13:39:41,ICBP,RG,7950,1,D,ES,YP,D
13:39:41,ICBP,RG,7950,10,D,ES,CC,D
13:39:41,ICBP,RG,7950,7,D,ES,DR,D
13:39:41,ICBP,RG,7950,8,D,ES,NI,D
13:39:41,ICBP,RG,7950,1,D,DH,NI,D
13:39:41,ICBP,RG,7950,1,D,YU,NI,D
13:39:31,ICBP,RG,7975,48,D,CS,OD,D
13:39:31,ICBP,RG,7975,1,D,YP,OD,D
13:39:31,ICBP,RG,7975,10,F,KZ,OD,D
13:39:31,ICBP,RG,7975,14,F,KZ,OD,D
13:39:31,ICBP,RG,7975,4,F,KZ,OD,D
13:39:31,ICBP,RG,7975,3,F,KZ,OD,D
13:39:31,ICBP,RG,7975,6,F,KZ,OD,D
13:39:31,ICBP,RG,7975,1,F,KZ,OD,D
13:39:31,ICBP,RG,7975,2,F,KZ,OD,D
13:39:31,ICBP,RG,7975,2,F,KZ,OD,D
13:39:31,ICBP,RG,7975,1,F,KZ,OD,D
13:39:31,ICBP,RG,7975,6,F,KZ,OD,D
13:39:31,ICBP,RG,7975,20,D,YP,OD,D
13:39:31,ICBP,RG,7975,6,F,KZ,OD,D
13:39:31,ICBP,RG,7975,29,F,KZ,OD,D
13:39:31,ICBP,RG,7975,15,F,KZ,OD,D
13:39:31,ICBP,RG,7975,87,F,KZ,OD,D
13:39:31,ICBP,RG,7975,9,F,KZ,OD,D
13:39:31,ICBP,RG,7975,2,F,KZ,OD,D
13:39:31,ICBP,RG,7975,37,F,KZ,OD,D
13:39:31,ICBP,RG,7975,3,F,KZ,OD,D
13:39:31,ICBP,RG,7975,10,F,KZ,OD,D
13:39:31,ICBP,RG,7975,1,D,PD,OD,D
13:39:31,ICBP,RG,7975,1,D,KK,OD,D
13:39:31,ICBP,RG,7975,5,D,SQ,OD,D
13:39:31,ICBP,RG,7975,1,D,KK,OD,D
13:39:31,ICBP,RG,7975,1,D,KK,OD,D
13:39:31,ICBP,RG,7975,2,D,SQ,OD,D
13:39:31,ICBP,RG,7975,12,D,EP,OD,D
13:39:31,ICBP,RG,7975,2,D,KK,OD,D
13:39:31,ICBP,RG,7975,5,D,CC,OD,D
13:39:31,ICBP,RG,7975,25,D,CC,OD,D
13:39:31,ICBP,RG,7975,10,D,MG,OD,D
13:39:31,ICBP,RG,7975,20,D,AT,OD,D
13:39:31,ICBP,RG,7975,1,D,YP,OD,D
13:39:31,ICBP,RG,7975,1,D,PD,OD,D
13:39:31,ICBP,RG,7975,1,D,CC,OD,D
13:39:31,ICBP,RG,7975,1,D,YP,OD,D
13:39:31,ICBP,RG,7975,3,D,OD,OD,D
13:39:31,ICBP,RG,7975,36,D,KK,OD,D
13:39:31,ICBP,RG,7975,3,D,KK,OD,D
13:39:31,ICBP,RG,7975,11,D,KK,OD,D
13:39:31,ICBP,RG,7975,6,D,ZP,OD,D
13:39:30,ICBP,RG,7975,4,D,ZP,YP,D
13:39:30,ICBP,RG,7975,14,D,CC,YP,D
13:39:30,ICBP,RG,7975,1,D,CC,NI,D
13:39:22,ICBP,RG,7975,6,D,CC,KK,D
13:39:19,ICBP,RG,7975,1,D,CC,ZP,F
13:39:19,ICBP,RG,7975,78,D,CC,AZ,D
13:39:19,ICBP,RG,7975,1,D,PD,AZ,D
13:39:19,ICBP,RG,7975,10,D,LG,AZ,D
13:39:19,ICBP,RG,7975,1,D,PD,AZ,D
13:39:19,ICBP,RG,7975,2,D,KK,AZ,D
13:39:19,ICBP,RG,7975,13,D,YP,AZ,D
13:39:19,ICBP,RG,7975,13,D,CC,AZ,D
13:39:19,ICBP,RG,7975,13,D,CC,AZ,D
13:39:19,ICBP,RG,7975,1,D,SQ,AZ,D
13:39:19,ICBP,RG,7975,1,D,PD,AZ,D
13:39:19,ICBP,RG,7975,1,D,PD,AZ,D
13:39:19,ICBP,RG,7975,5,D,PD,AZ,D
13:39:19,ICBP,RG,7975,1,D,YP,AZ,D
13:39:19,ICBP,RG,7975,5,D,YP,AZ,D
13:39:19,ICBP,RG,7975,1,D,GR,AZ,D
13:39:19,ICBP,RG,7975,3,D,DX,AZ,D
13:39:19,ICBP,RG,7975,100,D,CC,AZ,D
13:39:19,ICBP,RG,7975,1,D,XC,AZ,D
13:39:19,ICBP,RG,7975,2,D,CC,AZ,D
13:39:19,ICBP,RG,7975,1,D,YP,AZ,D
13:39:19,ICBP,RG,7975,1,D,PD,AZ,D
13:39:19,ICBP,RG,7975,2,D,CC,AZ,D
13:39:19,ICBP,RG,7975,1,D,XC,AZ,D
13:39:19,ICBP,RG,7975,7,D,XC,AZ,D
13:39:19,ICBP,RG,7975,1,D,PD,AZ,D
13:39:19,ICBP,RG,7975,35,D,YP,AZ,D
13:39:18,ICBP,RG,7975,1,D,YP,KK,D
13:39:18,ICBP,RG,7975,14,D,YP,PD,D
13:39:18,ICBP,RG,7975,2,D,PD,PD,D
13:39:18,ICBP,RG,7975,4,D,PD,PD,D
13:39:18,ICBP,RG,7975,5,D,PD,PD,D
13:39:18,ICBP,RG,7975,1,D,PD,YP,D
13:39:18,ICBP,RG,7975,8,D,PD,EP,D
13:39:18,ICBP,RG,7975,2,D,PD,YB,D
13:39:18,ICBP,RG,7975,1,D,KK,YB,D
13:39:18,ICBP,RG,7975,1,D,KK,CC,D
13:39:17,ICBP,RG,7975,1,D,AZ,PD,D
13:39:17,ICBP,RG,7975,1,D,XC,PD,D
13:39:17,ICBP,RG,7975,1,D,XC,PD,D
13:39:17,ICBP,RG,7975,1,D,AT,PD,D
13:39:17,ICBP,RG,7975,1,D,CC,PD,D
13:39:17,ICBP,RG,7975,1,D,XL,PD,D
13:39:17,ICBP,RG,7975,1,D,YU,PD,D
13:39:10,ICBP,RG,8000,276,F,KZ,KZ,D
13:39:10,ICBP,RG,8000,2,D,PD,KZ,D
13:39:10,ICBP,RG,8000,242,D,CS,KZ,D
13:39:10,ICBP,RG,8000,131,D,RX,KZ,D
13:39:10,ICBP,RG,8000,1,D,DR,KZ,D
13:39:10,ICBP,RG,8000,2,D,OD,KZ,D
13:39:10,ICBP,RG,8000,82,F,KZ,KZ,D
13:39:10,ICBP,RG,8000,1,F,KZ,KZ,D
13:39:10,ICBP,RG,8000,27,F,KZ,KZ,D
13:39:10,ICBP,RG,8000,11,F,KZ,KZ,D
13:39:10,ICBP,RG,8000,681,F,KZ,KZ,D
13:39:10,ICBP,RG,8000,1,F,AK,KZ,D
13:39:10,ICBP,RG,8000,200,D,TP,KZ,D
13:39:10,ICBP,RG,8000,126,D,ZP,KZ,D
13:39:10,ICBP,RG,8000,1,D,CC,KZ,D
13:39:10,ICBP,RG,8000,300,D,CC,KZ,D
13:39:10,ICBP,RG,8000,1,F,KZ,KZ,D
13:39:10,ICBP,RG,8000,2,F,KZ,KZ,D
13:39:10,ICBP,RG,8000,10,F,KZ,KZ,D
13:39:10,ICBP,RG,8000,2,D,PD,KZ,D
13:39:10,ICBP,RG,8000,1,D,NI,KZ,D
13:39:10,ICBP,RG,8000,17,F,KZ,KZ,D
13:39:10,ICBP,RG,8000,1,D,TP,KZ,D
13:39:10,ICBP,RG,8000,2,D,NI,KZ,D
13:39:10,ICBP,RG,8000,2,D,YP,KZ,D
13:39:10,ICBP,RG,8000,1,D,YP,KZ,D
13:39:10,ICBP,RG,8000,1,D,YP,KZ,D
13:39:10,ICBP,RG,8000,1,D,CC,KZ,D
13:39:10,ICBP,RG,8000,5,D,YP,KZ,D
13:39:10,ICBP,RG,8000,1,D,YP,KZ,D
13:39:10,ICBP,RG,8000,3,D,CC,KZ,D
13:39:10,ICBP,RG,8000,2,D,YP,KZ,D
13:39:10,ICBP,RG,8000,7,D,CC,KZ,D
13:39:10,ICBP,RG,8000,1,D,XL,KZ,D
13:39:10,ICBP,RG,8000,2,D,CC,KZ,D
13:39:10,ICBP,RG,8000,50,D,YP,KZ,D
13:39:10,ICBP,RG,8000,3,D,XL,KZ,D
13:39:10,ICBP,RG,8000,1,D,XC,KZ,D
13:39:10,ICBP,RG,8000,4,D,XC,KZ,D
13:39:10,ICBP,RG,8000,2,D,PD,KZ,D
13:39:10,ICBP,RG,8000,20,D,YP,KZ,D
13:39:10,ICBP,RG,8000,2,D,XC,KZ,D
13:39:10,ICBP,RG,8000,109,D,CC,KZ,D
13:39:10,ICBP,RG,8000,5,D,EP,KZ,D
13:39:10,ICBP,RG,8000,2,D,DR,KZ,D
13:39:10,ICBP,RG,8000,5,D,PD,KZ,D
13:39:10,ICBP,RG,8000,1,D,PD,KZ,D
13:39:10,ICBP,RG,8000,10,D,PD,KZ,D
13:39:10,ICBP,RG,8000,1,D,PD,KZ,D
13:39:10,ICBP,RG,8000,5,D,PD,KZ,D
13:39:10,ICBP,RG,8000,2,D,KK,KZ,D
13:39:10,ICBP,RG,8000,1,D,KK,KZ,D
13:39:10,ICBP,RG,8000,10,D,KK,KZ,D
13:39:10,ICBP,RG,8000,1,D,KK,KZ,D
13:39:10,ICBP,RG,8000,1,D,PD,KZ,D
13:39:10,ICBP,RG,8000,1,D,LG,KZ,D
13:39:10,ICBP,RG,8000,8,D,PD,KZ,D
13:39:10,ICBP,RG,8000,10,D,DH,KZ,D
13:39:10,ICBP,RG,8000,1,D,DH,KZ,D
13:39:10,ICBP,RG,8000,15,D,AZ,KZ,D
13:39:10,ICBP,RG,8000,1,D,DH,KZ,D
13:39:10,ICBP,RG,8000,2,D,PD,KZ,D
13:39:10,ICBP,RG,8000,2,D,YU,KZ,D
13:39:10,ICBP,RG,8000,25,D,CC,KZ,D
13:39:10,ICBP,RG,8000,1,D,KK,KZ,D
13:39:10,ICBP,RG,8000,1,D,NI,KZ,D
13:39:10,ICBP,RG,8000,100,D,YP,KZ,D
13:39:10,ICBP,RG,8000,3,D,NI,KZ,D
13:39:10,ICBP,RG,8000,3,D,YP,KZ,D
13:39:10,ICBP,RG,8000,6,D,YP,KZ,D
13:39:10,ICBP,RG,8000,1,D,PD,KZ,D
13:39:10,ICBP,RG,8000,20,D,SQ,KZ,D
13:39:10,ICBP,RG,8000,10,D,CC,KZ,D
13:39:10,ICBP,RG,8000,111,D,SQ,KZ,D
13:39:10,ICBP,RG,8000,3,D,PD,KZ,D
13:39:10,ICBP,RG,8000,10,D,PD,KZ,D
13:39:10,ICBP,RG,8000,2,D,XC,KZ,D
13:39:10,ICBP,RG,8000,5,D,PD,KZ,D
13:39:10,ICBP,RG,8000,25,D,CC,KZ,D
13:39:10,ICBP,RG,8000,1,D,XC,KZ,D
13:39:10,ICBP,RG,8000,1,D,CC,KZ,D
13:39:10,ICBP,RG,8000,6,D,XC,KZ,D
13:39:10,ICBP,RG,8000,1,D,YP,KZ,D
13:39:10,ICBP,RG,8000,1,D,XC,KZ,D
13:39:10,ICBP,RG,8000,5,D,AZ,KZ,D
13:39:10,ICBP,RG,8000,3,D,PD,KZ,D
13:39:10,ICBP,RG,8000,1,D,CC,KZ,D
13:39:10,ICBP,RG,8000,6,D,AZ,KZ,D
13:39:10,ICBP,RG,8000,10,D,MG,KZ,D
13:39:10,ICBP,RG,8000,1,D,XC,KZ,D
13:39:10,ICBP,RG,8000,10,D,YP,KZ,D
13:39:10,ICBP,RG,8000,10,D,DH,KZ,D
13:39:10,ICBP,RG,8000,10,D,PD,KZ,D
13:39:10,ICBP,RG,8000,20,D,YP,KZ,D
13:39:10,ICBP,RG,8000,6,D,YP,KZ,D
13:39:10,ICBP,RG,8000,3,D,CC,KZ,D
13:39:10,ICBP,RG,8000,17,D,XC,KZ,D
13:39:10,ICBP,RG,8000,50,D,GR,KZ,D
13:39:10,ICBP,RG,8000,1,D,YP,KZ,D
13:39:10,ICBP,RG,8000,2,D,PD,KZ,D
13:39:10,ICBP,RG,8000,6,D,YP,KZ,D
13:39:10,ICBP,RG,8000,1,D,YP,KZ,D
13:39:10,ICBP,RG,8000,1,D,SQ,KZ,D
13:39:10,ICBP,RG,8000,1,D,PD,KZ,D
13:39:10,ICBP,RG,8000,1,D,KK,KZ,D
13:39:10,ICBP,RG,8000,63,D,KI,KZ,D
13:39:10,ICBP,RG,8000,5,D,XL,KZ,D
13:39:10,ICBP,RG,8000,2,D,PD,KZ,D
13:39:10,ICBP,RG,8000,6,D,KK,KZ,D
13:39:00,ICBP,RG,8025,10,D,PD,EP,D
13:38:58,ICBP,RG,8000,1,D,KK,PD,D
13:38:55,ICBP,RG,8000,2,D,KK,YU,D
13:38:55,ICBP,RG,8000,41,D,KK,KK,D
13:38:55,ICBP,RG,8000,4,D,XC,KK,D
13:38:55,ICBP,RG,8000,100,D,NI,KK,D
13:38:55,ICBP,RG,8000,5,D,YP,KK,D
13:38:55,ICBP,RG,8000,300,D,YJ,KK,D
13:38:55,ICBP,RG,8000,2,D,KK,KK,D
13:38:55,ICBP,RG,8000,2,D,SQ,KK,D
13:38:55,ICBP,RG,8000,1,D,CC,KK,D
13:38:55,ICBP,RG,8000,1,D,CC,KK,D
13:38:55,ICBP,RG,8000,2,D,PD,KK,D
13:38:55,ICBP,RG,8000,307,D,YP,KK,D
13:38:48,ICBP,RG,8000,15,D,YP,PD,D
13:38:45,ICBP,RG,8000,19,D,YP,AK,F
13:38:30,ICBP,RG,8000,15,D,YP,AK,F
13:38:25,ICBP,RG,8025,4,D,PD,EP,D
13:38:22,ICBP,RG,8000,1,D,YP,CC,D
13:37:48,ICBP,RG,8025,2,D,OD,EP,D
13:37:48,ICBP,RG,8025,3,F,KZ,EP,D
13:37:48,ICBP,RG,8025,165,F,KZ,EP,D
13:37:43,ICBP,RG,8025,40,F,KZ,DX,D
13:37:42,ICBP,RG,8025,1,F,KZ,NI,D
13:37:39,ICBP,RG,8025,5,F,KZ,YP,D
13:37:38,ICBP,RG,8025,1,F,KZ,KK,D
13:37:38,ICBP,RG,8025,2,F,KZ,CC,D
13:37:30,ICBP,RG,8025,7,F,KZ,AK,F
13:37:27,ICBP,RG,8025,5,F,KZ,ZP,F
13:37:26,ICBP,RG,8025,72,F,KZ,OD,D
13:37:25,ICBP,RG,8025,2,F,KZ,OD,D
13:37:25,ICBP,RG,8025,13,F,KZ,OD,D
13:37:25,ICBP,RG,8025,91,F,KZ,OD,D
13:37:25,ICBP,RG,8025,3,F,KZ,OD,D
13:37:25,ICBP,RG,8025,17,F,KZ,OD,D
13:37:25,ICBP,RG,8025,2,F,KZ,OD,D
13:37:25,ICBP,RG,8025,178,F,KZ,OD,D
13:37:25,ICBP,RG,8025,3,F,KZ,OD,D
13:37:25,ICBP,RG,8025,17,F,KZ,OD,D
13:37:25,ICBP,RG,8025,2,F,KZ,OD,D
13:37:25,ICBP,RG,8025,2,F,KZ,OD,D
13:37:25,ICBP,RG,8025,178,F,KZ,OD,D
13:37:25,ICBP,RG,8025,3,F,KZ,OD,D
13:37:25,ICBP,RG,8025,17,F,KZ,OD,D
13:37:21,ICBP,RG,8025,100,F,KZ,CC,D
13:37:14,ICBP,RG,8025,30,F,KZ,YB,D
13:37:14,ICBP,RG,8025,129,F,KZ,OD,D
13:37:12,ICBP,RG,8025,10,F,KZ,OD,D
13:37:08,ICBP,RG,8025,1,F,KZ,XC,D
13:37:05,ICBP,RG,8025,3,F,KZ,XC,D
13:37:01,ICBP,RG,8025,2,F,KZ,ZP,F
13:37:01,ICBP,RG,8025,4,F,KZ,CC,D
13:37:00,ICBP,RG,8025,3,F,KZ,ZP,F
13:37:00,ICBP,RG,8025,36,F,KZ,AK,F
13:37:00,ICBP,RG,8025,7,F,KZ,ZP,F
13:37:00,ICBP,RG,8025,15,F,KZ,AK,F
13:37:00,ICBP,RG,8000,5,D,YP,PD,D
13:37:00,ICBP,RG,8000,1,D,YP,PD,D
13:36:59,ICBP,RG,8000,637,D,YP,AI,D
13:36:59,ICBP,RG,8000,3,D,PD,AI,D
13:36:59,ICBP,RG,8000,1,D,YP,AI,D
13:36:59,ICBP,RG,8000,1,D,CC,AI,D
13:36:59,ICBP,RG,8000,300,D,CC,AI,D
13:36:59,ICBP,RG,8000,3,D,PD,AI,D
13:36:59,ICBP,RG,8000,1,D,PD,AI,D
13:36:59,ICBP,RG,8000,1,D,YP,AI,D
13:36:59,ICBP,RG,8000,12,D,PD,AI,D
13:36:59,ICBP,RG,8000,2,D,DH,AI,D
13:36:59,ICBP,RG,8000,200,D,CC,AI,D
13:36:59,ICBP,RG,8000,3,D,XC,AI,D
13:36:59,ICBP,RG,8000,2,D,EP,AI,D
13:36:59,ICBP,RG,8000,1,D,KK,AI,D
13:36:59,ICBP,RG,8000,5,D,YP,AI,D
13:36:59,ICBP,RG,8000,1,D,KK,AI,D
13:36:59,ICBP,RG,8000,1,D,PD,AI,D
13:36:59,ICBP,RG,8000,1,D,AT,AI,D
13:36:59,ICBP,RG,8000,1,D,PD,AI,D
13:36:59,ICBP,RG,8000,100,D,NI,AI,D
13:36:59,ICBP,RG,8000,100,D,XL,AI,D
13:36:59,ICBP,RG,8000,1,D,XC,AI,D
13:36:59,ICBP,RG,8000,20,D,KK,AI,D
13:36:59,ICBP,RG,8000,1,D,NI,AI,D
13:36:59,ICBP,RG,8000,10,D,AZ,AI,D
13:36:59,ICBP,RG,8000,5,D,NI,AI,D
13:36:59,ICBP,RG,8000,1,D,PD,AI,D
13:36:59,ICBP,RG,8000,2,D,PD,AI,D
13:36:59,ICBP,RG,8000,1,D,PD,AI,D
13:36:59,ICBP,RG,8000,6,D,NI,AI,D
13:36:59,ICBP,RG,8000,5,D,CC,AI,D
13:36:59,ICBP,RG,8000,10,D,PD,AI,D
13:36:59,ICBP,RG,8000,1,D,YP,AI,D
13:36:59,ICBP,RG,8000,4,D,XC,AI,D
13:36:59,ICBP,RG,8000,1,D,KK,AI,D
13:36:59,ICBP,RG,8000,1,D,KK,AI,D
13:36:59,ICBP,RG,8000,1,D,PD,AI,D
13:36:59,ICBP,RG,8000,36,D,CC,AI,D
13:36:59,ICBP,RG,8000,1,D,NI,AI,D
13:36:59,ICBP,RG,8000,1,D,PD,AI,D
13:36:59,ICBP,RG,8000,4,D,PD,AI,D
13:36:59,ICBP,RG,8000,10,D,YP,AI,D
13:36:59,ICBP,RG,8000,2,D,CC,AI,D
13:36:59,ICBP,RG,8000,2,D,SQ,AI,D
13:36:59,ICBP,RG,8000,2,D,CC,AI,D
13:36:59,ICBP,RG,8000,1,D,XC,AI,D
13:36:59,ICBP,RG,8000,1,D,DH,AI,D
13:36:59,ICBP,RG,8000,1,D,KK,AI,D
13:36:59,ICBP,RG,8000,5,D,NI,AI,D
13:36:59,ICBP,RG,8000,2,D,YP,AI,D
13:36:59,ICBP,RG,8000,1,D,PD,AI,D
13:36:59,ICBP,RG,8000,1,D,NI,AI,D
13:36:59,ICBP,RG,8000,1,D,YP,AI,D
13:36:59,ICBP,RG,8000,2,D,YP,AI,D
13:36:59,ICBP,RG,8000,15,D,YU,AI,D
13:36:59,ICBP,RG,8000,1,D,ZP,AI,D
13:36:59,ICBP,RG,8000,1,D,PD,AI,D
13:36:59,ICBP,RG,8000,2,D,CC,AI,D
13:36:59,ICBP,RG,8000,2,D,XC,AI,D
13:36:59,ICBP,RG,8000,1,D,PD,AI,D
13:36:59,ICBP,RG,8000,10,D,CC,AI,D
13:36:59,ICBP,RG,8000,1,D,ZP,AI,D
13:36:59,ICBP,RG,8000,1,D,DH,AI,D
13:36:59,ICBP,RG,8000,1,D,XC,AI,D
13:36:59,ICBP,RG,8000,1,D,XC,AI,D
13:36:59,ICBP,RG,8000,5,D,PD,AI,D
13:36:59,ICBP,RG,8000,1,D,XC,AI,D
13:36:59,ICBP,RG,8000,1,D,OD,AI,D
13:36:59,ICBP,RG,8000,5,D,PD,AI,D
13:36:59,ICBP,RG,8000,5,D,CC,AI,D
13:36:59,ICBP,RG,8000,1,D,PD,AI,D
13:36:59,ICBP,RG,8000,1,D,YP,AI,D
13:36:59,ICBP,RG,8000,13,D,YP,AI,D
13:36:59,ICBP,RG,8000,5,D,KK,AI,D
13:36:59,ICBP,RG,8000,1,D,NI,AI,D
13:36:59,ICBP,RG,8000,1,D,PD,AI,D
13:36:59,ICBP,RG,8000,15,D,XC,AI,D
13:36:59,ICBP,RG,8000,2,D,PD,AI,D
13:36:59,ICBP,RG,8000,2,D,XL,AI,D
13:36:59,ICBP,RG,8000,200,D,NI,AI,D
13:36:59,ICBP,RG,8000,3,D,YB,AI,D
13:36:59,ICBP,RG,8000,5,D,CC,AI,D
13:36:59,ICBP,RG,8000,1,D,PD,AI,D
13:36:59,ICBP,RG,8000,40,D,DH,AI,D
13:36:59,ICBP,RG,8000,20,D,YP,AI,D
13:36:59,ICBP,RG,8000,1,D,EP,AI,D
13:36:59,ICBP,RG,8000,3,D,SQ,AI,D
13:36:59,ICBP,RG,8000,5,D,YP,AI,D
13:36:59,ICBP,RG,8000,25,D,XC,AI,D
13:36:59,ICBP,RG,8000,10,D,XC,AI,D
13:36:59,ICBP,RG,8000,1,D,XC,AI,D
13:36:59,ICBP,RG,8000,10,D,SQ,AI,D
13:36:59,ICBP,RG,8000,5,D,LS,AI,D
13:36:59,ICBP,RG,8000,2,D,YB,AI,D
13:36:59,ICBP,RG,8000,2,D,AZ,AI,D
13:36:59,ICBP,RG,8000,1,D,CC,AI,D
13:36:59,ICBP,RG,8000,1,D,DH,AI,D
13:36:59,ICBP,RG,8000,2,D,YP,AI,D
13:36:59,ICBP,RG,8000,2,D,PD,AI,D
13:36:59,ICBP,RG,8000,1,D,KK,AI,D
13:36:59,ICBP,RG,8000,20,D,SQ,AI,D
13:36:59,ICBP,RG,8000,1,D,XC,AI,D
13:36:59,ICBP,RG,8000,1,D,XC,AI,D
13:36:59,ICBP,RG,8000,2,D,YP,AI,D
13:36:59,ICBP,RG,8000,1,D,XL,AI,D
13:36:59,ICBP,RG,8000,1,D,PD,AI,D
13:36:59,ICBP,RG,8000,3,D,SQ,AI,D
13:36:59,ICBP,RG,8000,1,D,XC,AI,D
13:36:59,ICBP,RG,8000,1,D,OD,AI,D
13:36:59,ICBP,RG,8000,6,D,DR,AI,D
13:36:59,ICBP,RG,8000,15,D,CC,AI,D
13:36:59,ICBP,RG,8000,5,D,YP,AI,D
13:36:59,ICBP,RG,8000,1,D,PD,AI,D
13:36:59,ICBP,RG,8000,2,D,CC,AI,D
13:36:59,ICBP,RG,8000,1,D,XC,AI,D
13:36:59,ICBP,RG,8000,11,D,PD,AI,D
13:36:59,ICBP,RG,8000,2,D,XC,AI,D
13:36:59,ICBP,RG,8000,1,D,XC,AI,D
13:36:59,ICBP,RG,8000,1,D,PD,AI,D
13:36:59,ICBP,RG,8000,2,D,YP,AI,D
13:36:59,ICBP,RG,8000,1,D,PD,AI,D
13:36:59,ICBP,RG,8000,10,D,DH,AI,D
13:36:59,ICBP,RG,8000,1,D,CC,AI,D
13:36:59,ICBP,RG,8000,1,D,YP,AI,D
13:36:59,ICBP,RG,8000,4,D,AT,AI,D
13:36:59,ICBP,RG,8000,1,D,XC,AI,D
13:36:59,ICBP,RG,8000,2,D,YU,AI,D
13:36:59,ICBP,RG,8000,500,D,IF,AI,D
13:36:59,ICBP,RG,8000,1,D,XC,AI,D
13:36:59,ICBP,RG,8000,5,D,KK,AI,D
13:36:59,ICBP,RG,8000,2,D,RG,AI,D
13:36:59,ICBP,RG,8000,67,D,XC,AI,D
13:36:59,ICBP,RG,8000,2,D,PD,AI,D
13:36:59,ICBP,RG,8000,5,D,YP,AI,D
13:36:59,ICBP,RG,8000,20,D,CC,AI,D
13:36:59,ICBP,RG,8000,3,D,KK,AI,D
13:36:59,ICBP,RG,8000,5,D,YP,AI,D
13:36:59,ICBP,RG,8000,2,D,CC,AI,D
13:36:59,ICBP,RG,8000,5,D,XC,AI,D
13:36:59,ICBP,RG,8000,1,D,YP,AI,D
13:36:59,ICBP,RG,8000,5,D,ZP,AI,D
13:36:59,ICBP,RG,8000,1,D,XC,AI,D
13:36:59,ICBP,RG,8000,50,D,YP,AI,D
13:36:59,ICBP,RG,8000,3,D,XC,AI,D
13:36:59,ICBP,RG,8000,1,D,XC,AI,D
13:36:59,ICBP,RG,8000,5,D,ZP,AI,D
13:36:59,ICBP,RG,8000,1,D,PD,AI,D
13:36:59,ICBP,RG,8000,30,D,YB,AI,D
13:36:59,ICBP,RG,8000,10,D,EP,AI,D
13:36:59,ICBP,RG,8000,2,D,CC,AI,D
13:36:59,ICBP,RG,8000,1,D,KK,AI,D
13:36:59,ICBP,RG,8000,1,D,YP,AI,D
13:36:59,ICBP,RG,8000,1,D,LG,AI,D
13:36:59,ICBP,RG,8000,1,D,XC,AI,D
13:36:59,ICBP,RG,8000,1,D,AI,AI,D
13:36:59,ICBP,RG,8000,10,D,XC,AI,D
13:36:59,ICBP,RG,8000,5,D,YP,AI,D
13:36:59,ICBP,RG,8000,1,D,PD,AI,D
13:36:59,ICBP,RG,8000,300,D,CC,AI,D
13:36:59,ICBP,RG,8000,2,D,YP,AI,D
13:36:59,ICBP,RG,8000,1,D,YP,AI,D
13:36:59,ICBP,RG,8000,20,D,AZ,AI,D
13:36:59,ICBP,RG,8000,20,D,GR,AI,D
13:36:59,ICBP,RG,8000,20,D,YP,AI,D
13:36:59,ICBP,RG,8000,30,D,AI,AI,D
13:36:59,ICBP,RG,8000,5,D,YP,AI,D
13:36:59,ICBP,RG,8000,6,D,OD,AI,D
13:36:59,ICBP,RG,8000,5,D,YP,AI,D
13:36:59,ICBP,RG,8000,1,D,PD,AI,D
13:36:59,ICBP,RG,8000,1,D,YP,AI,D
13:36:59,ICBP,RG,8000,1,D,YP,AI,D
13:36:59,ICBP,RG,8000,5,D,CC,AI,D
13:36:59,ICBP,RG,8000,1,D,PD,AI,D
13:36:59,ICBP,RG,8000,1,D,XC,AI,D
13:36:59,ICBP,RG,8000,1000,D,TP,AI,D
13:36:59,ICBP,RG,8000,6,D,YB,AI,D
13:36:59,ICBP,RG,8025,2,D,OD,AI,D
13:36:59,ICBP,RG,8025,5,F,KZ,AI,D
13:36:59,ICBP,RG,8025,2,D,OD,AI,D
13:36:59,ICBP,RG,8025,1,F,KZ,AI,D
13:36:59,ICBP,RG,8025,31,D,CS,AI,D
13:36:59,ICBP,RG,8025,2,F,KZ,AI,D
13:36:59,ICBP,RG,8025,5,D,EP,AI,D
13:36:59,ICBP,RG,8025,15,F,KZ,AI,D
13:36:59,ICBP,RG,8025,619,F,KZ,AI,D
13:36:59,ICBP,RG,8025,95,D,CS,AI,D
13:36:54,ICBP,RG,8025,8,D,CS,XL,D
13:36:53,ICBP,RG,8025,30,D,CS,CP,D
13:36:53,ICBP,RG,8025,10,D,CS,YU,D
13:36:53,ICBP,RG,8025,90,D,CC,YU,D
13:36:45,ICBP,RG,8025,8,D,CC,AK,F
13:36:40,ICBP,RG,8025,2,D,CC,GR,D
13:36:38,ICBP,RG,8025,2,D,CC,KK,D
13:36:31,ICBP,RG,8025,40,D,CC,MG,D
13:36:31,ICBP,RG,8050,10,D,XC,KK,D
13:36:23,ICBP,RG,8025,100,D,CC,YU,D
13:36:18,ICBP,RG,8025,136,D,CC,YP,D
13:36:15,ICBP,RG,8025,14,D,CC,AK,F
13:36:00,ICBP,RG,8025,10,D,CC,AK,F
13:35:54,ICBP,RG,8025,98,D,CC,YP,D
13:35:54,ICBP,RG,8025,16,F,KZ,YP,D
13:35:54,ICBP,RG,8025,1,F,KZ,YP,D
13:35:54,ICBP,RG,8025,30,F,KZ,YP,D
13:35:50,ICBP,RG,8025,100,F,KZ,YU,D
13:35:48,ICBP,RG,8025,10,F,KZ,XC,D
13:35:46,ICBP,RG,8050,2,D,PD,KK,D
13:35:35,ICBP,RG,8025,200,F,KZ,AI,D
13:35:34,ICBP,RG,8025,8,F,KZ,CC,D
13:35:32,ICBP,RG,8025,1,F,KZ,ZP,F
13:35:32,ICBP,RG,8025,1,F,KZ,YP,D
13:35:31,ICBP,RG,8025,342,F,KZ,PD,D
13:35:31,ICBP,RG,8025,25,F,KZ,PD,D
13:35:30,ICBP,RG,8025,11,F,KZ,AK,F
13:35:29,ICBP,RG,8050,17,D,ZP,KK,D
13:35:21,ICBP,RG,8025,13,F,KZ,ZP,F
13:35:20,ICBP,RG,8025,11,F,KZ,ZP,F
13:35:20,ICBP,RG,8025,7,F,KZ,ZP,F
13:35:20,ICBP,RG,8025,47,F,KZ,BK,F
13:35:19,ICBP,RG,8025,19,F,KZ,BK,F
13:35:19,ICBP,RG,8025,261,F,KZ,BK,F
13:35:19,ICBP,RG,8025,759,F,KZ,BK,F
13:35:19,ICBP,RG,8025,34,D,RX,BK,F
13:35:19,ICBP,RG,8025,29,F,KZ,BK,F
13:35:14,ICBP,RG,8025,2,F,KZ,XC,D
13:35:12,ICBP,RG,8025,10,F,KZ,PD,D
13:35:09,ICBP,RG,8025,50,F,KZ,GR,F
13:35:03,ICBP,RG,8025,1,F,KZ,EP,D
13:35:00,ICBP,RG,8025,258,F,KZ,PD,D
13:35:00,ICBP,RG,8025,2,D,OD,PD,D
13:35:00,ICBP,RG,8025,1,D,SQ,PD,D
13:35:00,ICBP,RG,8025,192,D,CS,PD,D
13:35:00,ICBP,RG,8025,3,D,XC,PD,D
13:35:00,ICBP,RG,8025,4,D,OD,PD,D
13:35:00,ICBP,RG,8025,25,D,CS,PD,D
13:35:00,ICBP,RG,8025,1,F,AK,PD,D
13:35:00,ICBP,RG,8025,14,F,KZ,PD,D
13:35:00,ICBP,RG,8025,1,D,PD,PD,D
13:35:00,ICBP,RG,8025,259,D,CC,PD,D
13:35:00,ICBP,RG,8025,2,D,CC,XC,D
13:34:59,ICBP,RG,8025,239,D,CC,LG,D
13:34:59,ICBP,RG,8025,13,D,NI,LG,D
13:34:59,ICBP,RG,8025,22,F,KZ,LG,D
13:34:59,ICBP,RG,8025,6,F,KZ,LG,D
13:34:59,ICBP,RG,8025,461,F,KZ,LG,D
13:34:35,ICBP,RG,8025,13,F,KZ,PD,D
13:34:35,ICBP,RG,8025,3,F,KZ,ZP,F
13:34:09,ICBP,RG,8025,5,F,KZ,ZP,F
13:34:04,ICBP,RG,8025,1,F,KZ,KK,D
13:34:04,ICBP,RG,8025,1,F,KZ,YP,D
13:33:51,ICBP,RG,8025,1,F,KZ,YP,D
13:33:49,ICBP,RG,8025,80,F,KZ,YP,D
13:33:42,ICBP,RG,8050,1,D,XC,KK,D
13:33:40,ICBP,RG,8025,30,F,KZ,SQ,D
13:32:43,ICBP,RG,8050,20,D,ZP,KK,D
13:32:14,ICBP,RG,8025,2,F,KZ,XL,D
13:32:05,ICBP,RG,8025,7,F,KZ,ZP,F
13:32:04,ICBP,RG,8025,1,F,KZ,DR,D
13:31:59,ICBP,RG,8025,1,F,KZ,ZP,F
13:31:58,ICBP,RG,8025,4,F,KZ,ZP,F
13:31:58,ICBP,RG,8025,149,F,KZ,OD,D
13:31:57,ICBP,RG,8025,12,D,CS,OD,D
13:31:57,ICBP,RG,8025,28,F,KZ,OD,D
13:31:57,ICBP,RG,8025,2,D,OD,OD,D
13:31:57,ICBP,RG,8025,700,F,KZ,OD,D
13:31:57,ICBP,RG,8025,15,F,KZ,OD,D
13:31:57,ICBP,RG,8025,39,F,KZ,OD,D
13:31:57,ICBP,RG,8025,5,D,CS,OD,D
13:31:57,ICBP,RG,8025,40,F,KZ,OD,D
13:31:57,ICBP,RG,8025,3,D,CS,OD,D
13:31:57,ICBP,RG,8025,2,D,CS,OD,D
13:31:57,ICBP,RG,8025,5,F,KZ,OD,D
13:31:42,ICBP,RG,8025,7,F,KZ,ZP,F
13:31:42,ICBP,RG,8025,75,F,KZ,CC,D
13:31:42,ICBP,RG,8025,672,F,KZ,OD,D
13:31:41,ICBP,RG,8025,11,F,ZP,OD,D
13:31:41,ICBP,RG,8025,15,F,KZ,OD,D
13:31:41,ICBP,RG,8025,191,F,KZ,OD,D
13:31:40,ICBP,RG,8025,15,F,KZ,OD,D
13:31:40,ICBP,RG,8025,87,F,KZ,OD,D
13:31:40,ICBP,RG,8025,9,F,KZ,OD,D
13:31:39,ICBP,RG,8025,5,F,KZ,PD,D
13:31:39,ICBP,RG,8025,11,F,KZ,ZP,F
13:31:37,ICBP,RG,8025,4,F,KZ,ZP,F
13:31:37,ICBP,RG,8025,437,F,KZ,OD,D
13:31:36,ICBP,RG,8025,20,F,KZ,OD,D
13:31:36,ICBP,RG,8025,22,F,KZ,OD,D
13:31:36,ICBP,RG,8025,410,F,KZ,OD,D
13:31:36,ICBP,RG,8025,15,F,KZ,OD,D
13:31:36,ICBP,RG,8025,87,F,KZ,OD,D
13:31:36,ICBP,RG,8025,9,F,KZ,OD,D
13:31:31,ICBP,RG,8025,16,F,KZ,PD,D
13:31:30,ICBP,RG,8025,50,F,KZ,PD,D
13:31:29,ICBP,RG,8025,10,F,KZ,XC,D
13:31:29,ICBP,RG,8025,11,F,KZ,ZP,F
13:31:28,ICBP,RG,8025,100,F,KZ,KK,D
13:31:26,ICBP,RG,8025,1,F,KZ,XC,D
13:31:25,ICBP,RG,8025,8,F,KZ,BK,F
13:31:25,ICBP,RG,8025,83,D,ZP,BK,F
13:31:25,ICBP,RG,8025,5,D,CS,BK,F
13:31:25,ICBP,RG,8025,5,D,CS,BK,F
13:31:25,ICBP,RG,8025,50,F,KZ,BK,F
13:31:24,ICBP,RG,8025,407,F,KZ,BK,F
13:31:24,ICBP,RG,8025,9,F,KZ,ZP,F
13:31:21,ICBP,RG,8025,144,F,KZ,BK,F
13:31:21,ICBP,RG,8025,5,F,KZ,BK,F
13:31:20,ICBP,RG,8025,20,F,KZ,BK,F
13:31:20,ICBP,RG,8025,149,F,KZ,BK,F
13:31:20,ICBP,RG,8025,34,F,KZ,ZP,F
13:31:20,ICBP,RG,8025,2,F,KZ,ZP,F
13:31:20,ICBP,RG,8025,25,F,KZ,ZP,F
13:31:20,ICBP,RG,8025,500,F,KZ,BK,F
13:31:20,ICBP,RG,8025,7,F,KZ,ZP,F
13:31:20,ICBP,RG,8025,34,F,KZ,ZP,F
13:31:20,ICBP,RG,8025,8,F,KZ,BK,F
13:31:19,ICBP,RG,8025,10,D,OD,BK,F
13:31:19,ICBP,RG,8025,103,F,KZ,BK,F
13:31:19,ICBP,RG,8025,130,D,CS,BK,F
13:31:19,ICBP,RG,8025,256,F,KZ,BK,F
13:31:19,ICBP,RG,8025,285,F,KZ,AK,F
13:31:19,ICBP,RG,8025,86,F,KZ,AK,F
13:31:19,ICBP,RG,8025,4,D,NI,AK,F
13:31:19,ICBP,RG,8025,1,F,AK,AK,F
13:31:19,ICBP,RG,8025,500,D,CC,AK,F
13:31:19,ICBP,RG,8025,1,D,CC,AK,F
13:31:19,ICBP,RG,8025,10,D,YP,AK,F
13:31:19,ICBP,RG,8025,1,D,PD,AK,F
13:31:19,ICBP,RG,8025,2,D,YP,AK,F
13:31:19,ICBP,RG,8025,5,D,YP,AK,F
13:31:19,ICBP,RG,8025,1,D,CC,AK,F
13:31:19,ICBP,RG,8025,1,D,XL,AK,F
13:31:19,ICBP,RG,8025,22,D,CS,AK,F
13:31:19,ICBP,RG,8025,1,D,CC,AK,F
13:31:19,ICBP,RG,8025,80,D,CS,AK,F
13:31:19,ICBP,RG,8025,1,D,YP,AK,F
13:31:19,ICBP,RG,8025,50,D,YP,AK,F
13:31:19,ICBP,RG,8025,1,D,XL,AK,F
13:31:19,ICBP,RG,8025,1,D,XC,AK,F
13:31:19,ICBP,RG,8025,1,D,XC,AK,F
13:31:19,ICBP,RG,8025,564,F,KZ,AK,F
13:31:18,ICBP,RG,8025,8,F,KZ,ZP,F
13:31:17,ICBP,RG,8025,187,F,KZ,BK,F
13:31:17,ICBP,RG,8025,1,D,PD,BK,F
13:31:17,ICBP,RG,8025,1,D,XC,BK,F
13:31:17,ICBP,RG,8025,2,D,XC,BK,F
13:31:17,ICBP,RG,8025,10,D,XC,BK,F
13:31:17,ICBP,RG,8025,5,D,CC,BK,F
13:31:17,ICBP,RG,8025,1,D,PD,BK,F
13:31:17,ICBP,RG,8025,1,D,PD,BK,F
13:31:17,ICBP,RG,8025,2,D,PD,BK,F
13:31:17,ICBP,RG,8025,15,F,ZP,BK,F
13:31:17,ICBP,RG,8025,101,D,ZP,BK,F
13:31:17,ICBP,RG,8025,84,D,ZP,BK,F
13:31:17,ICBP,RG,8025,10,D,YP,BK,F
13:31:17,ICBP,RG,8025,5,D,YP,BK,F
13:31:17,ICBP,RG,8025,7,D,PD,BK,F
13:31:17,ICBP,RG,8025,2,D,PD,BK,F
13:31:17,ICBP,RG,8025,5,D,PD,BK,F
13:31:17,ICBP,RG,8025,1,D,PD,BK,F
13:31:17,ICBP,RG,8025,1,D,PD,BK,F
13:31:17,ICBP,RG,8025,4,D,CC,BK,F
13:31:17,ICBP,RG,8025,1,D,EP,BK,F
13:31:17,ICBP,RG,8025,1,D,EP,BK,F
13:31:17,ICBP,RG,8025,1,D,PD,BK,F
13:31:17,ICBP,RG,8025,10,D,EP,BK,F
13:31:17,ICBP,RG,8025,42,D,DH,BK,F
13:31:09,ICBP,RG,8025,8,D,DH,BK,F
13:31:09,ICBP,RG,8025,2,D,EP,BK,F
13:31:09,ICBP,RG,8025,1,D,PD,BK,F
13:31:09,ICBP,RG,8025,23,D,KK,BK,F
13:31:08,ICBP,RG,8025,7,D,KK,DX,F
13:31:06,ICBP,RG,8025,3,D,PD,PD,D
13:31:06,ICBP,RG,8025,4,D,YU,PD,D
13:31:06,ICBP,RG,8025,153,D,RX,PD,D
13:31:06,ICBP,RG,8025,1,D,PD,PD,D
13:31:06,ICBP,RG,8025,200,D,TP,PD,D
13:31:06,ICBP,RG,8025,25,D,OD,PD,D
13:31:06,ICBP,RG,8025,24,F,KZ,PD,D
13:31:05,ICBP,RG,8050,1,D,NI,KK,D
13:30:55,ICBP,RG,8050,10,D,RX,KK,D
13:30:36,ICBP,RG,8025,5,F,KZ,CC,F
13:30:20,ICBP,RG,8025,13,F,KZ,DX,F
13:30:20,ICBP,RG,8025,1,D,PD,DX,F
13:30:20,ICBP,RG,8025,10,F,KZ,DX,F
13:30:18,ICBP,RG,8025,25,F,KZ,CC,F
13:30:18,ICBP,RG,8025,25,D,CS,CC,F
13:30:18,ICBP,RG,8025,20,F,KZ,CC,F
13:30:18,ICBP,RG,8025,38,D,CS,CC,F
13:30:18,ICBP,RG,8025,35,D,CS,DX,F
13:30:17,ICBP,RG,8025,138,D,CS,BK,F
13:30:17,ICBP,RG,8025,38,F,KZ,BK,F
13:30:17,ICBP,RG,8025,21,F,KZ,BK,F
13:30:17,ICBP,RG,8025,55,F,KZ,BK,F
13:30:17,ICBP,RG,8025,5,F,KZ,BK,F
13:30:17,ICBP,RG,8025,2,F,KZ,BK,F
13:30:17,ICBP,RG,8025,5,D,PD,BK,F
13:30:17,ICBP,RG,8025,1,F,KZ,BK,F
13:30:17,ICBP,RG,8025,4,F,KZ,BK,F
13:30:17,ICBP,RG,8025,5,D,YP,BK,F
13:30:17,ICBP,RG,8025,2,D,NI,BK,F
13:30:17,ICBP,RG,8025,6,D,SQ,BK,F
13:30:17,ICBP,RG,8025,3,D,YP,BK,F
13:30:17,ICBP,RG,8025,10,D,CC,BK,F
13:30:17,ICBP,RG,8025,5,D,PD,BK,F
13:30:17,ICBP,RG,8025,3,D,YP,BK,F
13:30:17,ICBP,RG,8025,5,D,YP,BK,F
13:30:17,ICBP,RG,8025,20,D,AZ,BK,F
13:30:17,ICBP,RG,8025,1,D,XC,BK,F
13:30:17,ICBP,RG,8025,6,D,TF,BK,F
13:30:17,ICBP,RG,8025,2,D,XL,BK,F
13:30:17,ICBP,RG,8025,5,D,CP,BK,F
13:30:17,ICBP,RG,8025,1,D,CC,BK,F
13:30:17,ICBP,RG,8025,1,D,NI,BK,F
13:30:17,ICBP,RG,8025,1,D,CC,BK,F
13:30:17,ICBP,RG,8025,1,D,KK,BK,F
13:30:17,ICBP,RG,8025,15,D,TF,BK,F
13:30:17,ICBP,RG,8025,1,D,XC,BK,F
13:30:17,ICBP,RG,8025,2,D,PD,BK,F
13:30:17,ICBP,RG,8025,2,D,SQ,BK,F
13:30:17,ICBP,RG,8025,1,D,CC,BK,F
13:30:17,ICBP,RG,8025,1,D,PD,BK,F
13:30:17,ICBP,RG,8025,1,D,YP,BK,F
13:30:17,ICBP,RG,8025,1,D,YP,BK,F
13:30:17,ICBP,RG,8025,130,D,CC,BK,F
13:30:16,ICBP,RG,8025,37,D,CC,AK,F
13:30:16,ICBP,RG,8025,2,D,CC,YB,D
13:30:15,ICBP,RG,8025,13,D,CC,DX,F
13:30:14,ICBP,RG,8025,18,D,CC,YP,D
13:30:14,ICBP,RG,8025,1,D,DH,YP,D
13:30:14,ICBP,RG,8025,4,D,XC,YP,D
13:30:14,ICBP,RG,8025,4,D,IF,YP,D
13:30:14,ICBP,RG,8025,1,D,IF,YP,D
13:30:14,ICBP,RG,8025,1,D,KK,YP,D
13:30:14,ICBP,RG,8025,8,D,PD,YP,D
13:30:13,ICBP,RG,8025,1,D,PD,XC,D
13:30:13,ICBP,RG,8025,11,D,PD,YP,D
13:30:13,ICBP,RG,8025,1,D,KK,YP,D
13:30:13,ICBP,RG,8025,3,D,XC,YP,D
13:30:13,ICBP,RG,8025,2,D,XC,YP,D
13:30:13,ICBP,RG,8025,4,D,CC,YP,D
13:30:13,ICBP,RG,8025,2,D,CC,YP,D
13:30:11,ICBP,RG,8025,50,D,CC,YP,D
13:30:11,ICBP,RG,8025,11,D,CC,CC,D
13:30:10,ICBP,RG,8025,2,D,CC,XL,D
13:30:10,ICBP,RG,8025,1,D,CC,YP,D
13:30:10,ICBP,RG,8025,2,D,CC,YP,D
13:30:10,ICBP,RG,8025,11,D,CC,DX,F
13:30:10,ICBP,RG,8025,5,D,CC,CC,D
13:30:10,ICBP,RG,8025,2,D,CC,CC,D
13:30:10,ICBP,RG,8025,1,D,CC,YP,D
13:30:10,ICBP,RG,8025,5,D,CC,YP,D
13:30:09,ICBP,RG,8025,10,D,CC,YP,D
13:30:09,ICBP,RG,8025,2,D,CC,XL,D
13:30:07,ICBP,RG,8025,2,D,CC,XL,D
13:30:07,ICBP,RG,8025,19,D,CC,DX,F
13:30:07,ICBP,RG,8025,1,D,CC,XL,D
13:30:07,ICBP,RG,8050,2,F,AK,KK,D
13:30:06,ICBP,RG,8025,19,D,CC,DX,F
13:30:06,ICBP,RG,8025,1,D,CC,YP,D
13:30:06,ICBP,RG,8025,150,D,CC,CC,D
13:30:06,ICBP,RG,8025,1,D,CC,YP,D
13:30:06,ICBP,RG,8025,1,D,CC,XC,D
13:30:06,ICBP,RG,8025,3,D,CC,XL,D
13:30:05,ICBP,RG,8025,3,D,CC,XC,D
13:30:05,ICBP,RG,8025,2,D,CC,CC,D
13:30:05,ICBP,RG,8025,7,D,CC,AK,F
13:30:05,ICBP,RG,8025,2,D,CC,XC,D
13:30:05,ICBP,RG,8025,16,D,CC,DX,F
13:30:05,ICBP,RG,8025,29,D,CC,XC,D
13:30:05,ICBP,RG,8050,2,D,XC,KK,D
13:30:05,ICBP,RG,8025,4,D,CC,LG,D
13:30:05,ICBP,RG,8050,3,D,PD,KK,D
13:30:05,ICBP,RG,8025,5,D,CC,LG,D
13:30:05,ICBP,RG,8025,3,D,CC,XC,D
13:30:05,ICBP,RG,8025,50,D,CC,XC,D
13:30:05,ICBP,RG,8025,1,D,CC,XC,D
13:30:04,ICBP,RG,8025,3,D,CC,XC,D
13:30:04,ICBP,RG,8025,6,D,CC,XC,D
13:30:04,ICBP,RG,8025,2,D,CC,XC,D
13:30:04,ICBP,RG,8025,1,D,CC,XC,D
13:30:04,ICBP,RG,8025,1,D,CC,XC,D
13:30:04,ICBP,RG,8025,10,D,CC,PD,D
13:30:04,ICBP,RG,8025,1,D,CC,YP,D
13:30:04,ICBP,RG,8025,2,D,CC,PD,D
13:30:04,ICBP,RG,8025,3,D,CC,KK,D
13:30:04,ICBP,RG,8025,1,D,CC,PD,D
13:30:04,ICBP,RG,8050,1,D,PD,KK,D
13:30:04,ICBP,RG,8025,26,D,CC,SQ,D
13:30:04,ICBP,RG,8025,17,D,CC,AK,F
13:30:04,ICBP,RG,8025,1,D,NI,AK,F
13:30:04,ICBP,RG,8025,3,D,DR,AK,F
13:30:04,ICBP,RG,8025,2,D,YP,AK,F
13:30:04,ICBP,RG,8025,1,D,XC,AK,F
13:30:04,ICBP,RG,8025,4,D,YP,AK,F
13:30:04,ICBP,RG,8025,27,D,CC,AK,F
13:30:04,ICBP,RG,8025,1,D,CC,PD,D
13:30:04,ICBP,RG,8025,1,D,CC,XC,D
13:30:04,ICBP,RG,8025,3,D,CC,DX,F
13:30:03,ICBP,RG,8025,2,D,CC,SQ,D
13:30:03,ICBP,RG,8025,8,D,CC,PD,D
13:30:03,ICBP,RG,8025,1,D,CC,EP,D
13:30:03,ICBP,RG,8025,10,D,CC,XC,D
13:30:03,ICBP,RG,8025,1,D,CC,PD,D
13:30:03,ICBP,RG,8025,5,D,CC,PD,D
13:30:03,ICBP,RG,8025,10,D,CC,PD,D
13:30:03,ICBP,RG,8050,3,D,AG,KK,D
13:30:03,ICBP,RG,8025,4,D,CC,DX,F
13:30:02,ICBP,RG,8025,3,D,CC,PD,D
13:30:02,ICBP,RG,8025,5,D,CC,PD,D
13:30:02,ICBP,RG,8025,10,D,CC,SQ,D
13:30:02,ICBP,RG,8025,3,D,CC,KK,D
13:30:02,ICBP,RG,8025,25,D,CC,KK,D
13:30:02,ICBP,RG,8025,3,D,CC,PD,D
13:30:02,ICBP,RG,8025,4,D,CC,PD,D
13:30:02,ICBP,RG,8025,1,D,CC,PD,D
13:30:02,ICBP,RG,8050,7,D,PD,KK,D
13:30:02,ICBP,RG,8025,19,D,CC,PD,D
13:30:02,ICBP,RG,8025,143,D,CC,PD,D
13:30:02,ICBP,RG,8025,3,D,CC,DX,F
13:30:02,ICBP,RG,8025,2,D,CC,NI,D
13:30:01,ICBP,RG,8025,3,D,CC,AZ,D
13:30:01,ICBP,RG,8025,1,D,CC,DH,D
13:30:01,ICBP,RG,8025,15,D,CC,DH,D
13:30:01,ICBP,RG,8025,3,D,CC,AZ,D
13:30:01,ICBP,RG,8050,1,D,EP,KK,D
13:30:01,ICBP,RG,8025,3,D,CC,EP,D
13:30:01,ICBP,RG,8025,20,D,CC,GR,D
13:30:01,ICBP,RG,8025,2,D,CC,DH,D
13:30:01,ICBP,RG,8025,2,D,CC,KK,D
13:30:01,ICBP,RG,8025,1,D,CC,GR,D
13:30:01,ICBP,RG,8025,1,D,CC,PD,D
13:30:01,ICBP,RG,8025,2,D,CC,EP,D
13:30:01,ICBP,RG,8025,10,D,CC,PD,D
13:30:01,ICBP,RG,8025,50,D,CC,DR,D
13:30:01,ICBP,RG,8025,6,D,CC,XA,D
13:30:01,ICBP,RG,8025,3,D,CC,PD,D
13:30:01,ICBP,RG,8025,2,D,CC,YU,D
13:30:01,ICBP,RG,8025,15,D,CC,CP,D
11:29:54,ICBP,RG,8025,1,D,CC,AK,F
11:29:35,ICBP,RG,8025,10,D,CC,XC,D
11:29:31,ICBP,RG,8050,9,D,RX,KK,D
11:29:24,ICBP,RG,8025,8,D,CC,AK,F
11:29:24,ICBP,RG,8025,1,D,CC,AK,F
11:29:15,ICBP,RG,8050,1,D,BQ,KK,D
11:29:09,ICBP,RG,8025,5,D,CC,AK,F
11:29:09,ICBP,RG,8025,2,D,CC,AK,F
11:29:03,ICBP,RG,8050,1,D,XC,KK,D
11:29:01,ICBP,RG,8025,1,D,CC,AK,F
11:28:59,ICBP,RG,8050,12,F,BK,KK,D
11:28:58,ICBP,RG,8050,10,D,RX,KK,D
11:28:54,ICBP,RG,8025,2,D,CC,AK,F
11:28:54,ICBP,RG,8025,1,D,CC,ZP,F
11:28:54,ICBP,RG,8025,1,D,CC,ZP,F
11:28:54,ICBP,RG,8025,3,D,CC,ZP,F
11:28:53,ICBP,RG,8025,3,D,CC,YP,D
11:28:31,ICBP,RG,8025,17,D,CC,AK,F
11:28:21,ICBP,RG,8025,1,D,CC,XC,D
11:28:20,ICBP,RG,8050,1,D,ZP,KK,D
11:28:11,ICBP,RG,8025,4,D,CC,ZP,F
11:28:10,ICBP,RG,8025,2,D,CC,ZP,F
11:28:09,ICBP,RG,8025,5,D,CC,AK,F
11:28:09,ICBP,RG,8025,6,D,PD,AK,F
11:28:06,ICBP,RG,8025,3,D,XC,YP,D
11:28:06,ICBP,RG,8025,7,D,OD,YP,D
11:27:39,ICBP,RG,8025,12,D,OD,AK,F
11:27:33,ICBP,RG,8050,1,D,BQ,KK,D
11:27:27,ICBP,RG,8050,9,F,BK,KK,D
11:27:24,ICBP,RG,8025,6,D,OD,AK,F
11:27:05,ICBP,RG,8025,1,D,OD,AG,D
11:27:05,ICBP,RG,8025,1,D,KK,AG,D
11:27:05,ICBP,RG,8025,10,D,LG,AG,D
11:27:05,ICBP,RG,8025,5,D,CC,AG,D
11:27:05,ICBP,RG,8025,3,D,YP,AG,D
11:26:54,ICBP,RG,8025,8,D,YP,AK,F
11:26:49,ICBP,RG,8050,4,D,ZP,KK,D
11:26:46,ICBP,RG,8025,3,D,YP,AK,F
11:26:36,ICBP,RG,8025,11,D,YP,SQ,D
11:26:36,ICBP,RG,8025,1,D,TP,SQ,D
11:26:31,ICBP,RG,8025,21,D,TP,AK,F
11:26:09,ICBP,RG,8025,10,D,TP,PD,D
11:25:59,ICBP,RG,8025,1,D,TP,KK,D
11:25:57,ICBP,RG,8050,1,D,BQ,KK,D
11:25:42,ICBP,RG,8050,10,F,BK,KK,D
11:25:39,ICBP,RG,8025,27,D,TP,AK,F
11:25:33,ICBP,RG,8025,1,D,TP,XC,D
11:25:31,ICBP,RG,8025,2,D,TP,AK,F
11:25:16,ICBP,RG,8050,12,F,BK,KK,D
11:25:13,ICBP,RG,8025,84,D,TP,KK,D
11:25:08,ICBP,RG,8025,2,D,TP,YP,D
11:25:01,ICBP,RG,8025,51,D,TP,CC,D
11:25:01,ICBP,RG,8025,1,D,CC,CC,D
11:25:01,ICBP,RG,8025,2,D,PD,CC,D
11:25:01,ICBP,RG,8025,20,D,YP,CC,D
11:25:01,ICBP,RG,8025,1,D,AZ,CC,D
11:25:01,ICBP,RG,8025,25,D,OD,CC,D
11:24:46,ICBP,RG,8025,1,D,OD,AK,F
11:24:43,ICBP,RG,8050,181,D,CS,KK,D
11:24:43,ICBP,RG,8050,86,D,CS,KK,D
11:24:43,ICBP,RG,8050,4,D,EP,KK,D
11:24:43,ICBP,RG,8050,200,D,TP,KK,D
11:24:43,ICBP,RG,8050,50,D,CC,KK,D
11:24:43,ICBP,RG,8050,110,D,CS,KK,D
11:24:43,ICBP,RG,8050,122,F,KZ,KK,D
11:24:43,ICBP,RG,8050,100,D,KK,KK,D
11:24:43,ICBP,RG,8050,10,D,EP,KK,D
11:24:43,ICBP,RG,8050,168,F,BK,KK,D
11:24:43,ICBP,RG,8050,102,F,KZ,KK,D
11:24:43,ICBP,RG,8050,451,D,CC,KK,D
11:24:29,ICBP,RG,8050,10,D,CC,PD,D
11:24:17,ICBP,RG,8050,10,D,CC,PC,D
11:24:16,ICBP,RG,8050,29,D,CC,AK,F
11:24:12,ICBP,RG,8075,2,D,CS,YP,D
11:24:11,ICBP,RG,8075,4,D,CS,YP,D
11:24:11,ICBP,RG,8050,2,D,CS,PC,D
11:24:11,ICBP,RG,8050,4,D,CS,PC,D
11:24:10,ICBP,RG,8050,1,D,OD,PC,D
11:24:10,ICBP,RG,8050,3,F,KZ,PC,D
11:24:10,ICBP,RG,8050,1,D,CS,XC,D
11:24:10,ICBP,RG,8050,44,D,TP,AK,F
11:24:09,ICBP,RG,8050,2,D,TP,CC,D
11:24:09,ICBP,RG,8050,1,D,TP,XC,D
11:24:09,ICBP,RG,8050,46,D,TP,ZP,F
11:24:09,ICBP,RG,8050,97,D,TP,CS,F
11:24:09,ICBP,RG,8050,10,D,TP,ZP,F
11:23:55,ICBP,RG,8050,1,D,CS,ZP,F
11:23:54,ICBP,RG,8025,4,D,OD,ZP,F
11:23:53,ICBP,RG,8050,26,F,KZ,AK,F
11:23:53,ICBP,RG,8050,21,F,KZ,ZP,F
11:23:52,ICBP,RG,8050,75,F,KZ,KK,D
11:23:52,ICBP,RG,8050,6,F,KZ,KK,D
11:23:52,ICBP,RG,8050,92,F,KZ,KK,D
11:23:52,ICBP,RG,8050,9,D,ZP,KK,D
11:23:52,ICBP,RG,8050,1,D,AZ,KK,D
11:23:52,ICBP,RG,8050,56,D,OD,KK,D
11:23:52,ICBP,RG,8050,3,D,PD,KK,D
11:23:52,ICBP,RG,8050,50,D,DH,KK,D
11:23:52,ICBP,RG,8050,126,D,CS,KK,D
11:23:52,ICBP,RG,8050,55,D,CC,KK,D
11:23:52,ICBP,RG,8050,40,D,RX,KK,D
11:23:52,ICBP,RG,8050,200,D,TP,KK,D
11:23:52,ICBP,RG,8050,5,D,YU,KK,D
11:23:52,ICBP,RG,8050,2,D,CC,KK,D
11:23:52,ICBP,RG,8050,84,F,KZ,KK,D
11:23:52,ICBP,RG,8050,1,D,CS,KK,D
11:23:52,ICBP,RG,8050,6,F,ZP,KK,D
11:23:52,ICBP,RG,8050,15,D,GR,KK,D
11:23:52,ICBP,RG,8050,1,D,NI,KK,D
11:23:52,ICBP,RG,8050,15,D,CS,KK,D
11:23:52,ICBP,RG,8050,5,D,YP,KK,D
11:23:52,ICBP,RG,8050,25,D,KK,KK,D
11:23:52,ICBP,RG,8050,200,D,CC,KK,D
11:23:52,ICBP,RG,8050,13,D,CS,KK,D
11:23:52,ICBP,RG,8050,1,D,XC,KK,D
11:23:52,ICBP,RG,8050,263,F,BK,KK,D
11:23:52,ICBP,RG,8050,86,F,KZ,KK,D
11:23:52,ICBP,RG,8050,37,D,CS,KK,D
11:23:52,ICBP,RG,8050,1,D,XC,KK,D
11:23:52,ICBP,RG,8050,1,F,AK,KK,D
11:23:52,ICBP,RG,8050,10,D,XC,KK,D
11:23:52,ICBP,RG,8050,1,D,PD,KK,D
11:23:52,ICBP,RG,8050,88,F,KZ,KK,D
11:23:52,ICBP,RG,8050,20,D,CS,KK,D
11:23:52,ICBP,RG,8050,58,D,CC,KK,D
11:23:52,ICBP,RG,8050,10,D,DH,KK,D
11:23:52,ICBP,RG,8050,3,D,CC,KK,D
11:23:52,ICBP,RG,8050,300,D,CC,KK,D
11:23:52,ICBP,RG,8050,1,F,KZ,KK,D
11:23:52,ICBP,RG,8050,14,D,CS,KK,D
11:23:52,ICBP,RG,8050,3,F,KZ,KK,D
11:23:52,ICBP,RG,8050,5,F,KZ,KK,D
11:23:52,ICBP,RG,8050,1,D,YP,KK,D
11:23:52,ICBP,RG,8050,12,F,KZ,KK,D
11:23:48,ICBP,RG,8075,8,F,BK,YP,D
11:23:42,ICBP,RG,8075,39,F,BK,YP,D
11:23:40,ICBP,RG,8050,231,F,KZ,PD,D
11:23:40,ICBP,RG,8050,19,D,RX,PD,D
11:23:40,ICBP,RG,8050,18,F,KZ,PD,D
11:23:40,ICBP,RG,8050,3,D,CC,PD,D
11:23:40,ICBP,RG,8050,5,D,PD,PD,D
11:23:40,ICBP,RG,8050,31,F,KZ,PD,D
11:23:40,ICBP,RG,8050,35,F,KZ,PD,D
11:23:37,ICBP,RG,8075,46,D,CS,YP,D
11:23:25,ICBP,RG,8075,8,D,XC,YP,D
11:23:16,ICBP,RG,8050,8,F,KZ,AK,F
11:23:16,ICBP,RG,8050,2,F,KZ,AK,F
11:23:01,ICBP,RG,8075,11,F,BK,YP,D
11:23:00,ICBP,RG,8075,1,D,RX,YP,D
11:23:00,ICBP,RG,8075,27,D,CC,YP,D
11:22:59,ICBP,RG,8050,29,F,KZ,AK,F
11:22:59,ICBP,RG,8050,2,F,KZ,PC,D
11:22:50,ICBP,RG,8075,50,D,CC,YP,D
11:22:43,ICBP,RG,8075,1,D,PD,YP,D
11:22:32,ICBP,RG,8075,3,F,ZP,YP,D
11:22:16,ICBP,RG,8050,1,F,KZ,AK,F
11:21:52,ICBP,RG,8075,9,D,RX,YP,D
11:21:45,ICBP,RG,8075,10,D,DH,YP,D
11:21:42,ICBP,RG,8075,1,D,XL,YP,D
11:21:37,ICBP,RG,8075,1,D,XC,YP,D
11:21:32,ICBP,RG,8075,14,F,BK,YP,D
11:21:27,ICBP,RG,8075,23,F,BK,YP,D
11:21:23,ICBP,RG,8075,130,D,CS,YP,D
11:21:23,ICBP,RG,8075,2,D,CS,YP,D
11:21:23,ICBP,RG,8075,6,D,CS,ZP,F
11:21:23,ICBP,RG,8075,20,D,CS,YP,D
11:21:23,ICBP,RG,8075,18,D,CS,ZP,F
11:21:23,ICBP,RG,8075,5,D,CS,NI,D
11:21:23,ICBP,RG,8075,6,D,CS,ZP,F
11:21:23,ICBP,RG,8075,8,D,CS,KK,D
11:21:23,ICBP,RG,8075,35,D,CS,AK,F
11:21:23,ICBP,RG,8075,13,D,CS,ZP,F
11:21:06,ICBP,RG,8075,9,D,RX,ZP,F
11:20:57,ICBP,RG,8050,1,F,KZ,ZP,F
11:20:51,ICBP,RG,8050,9,F,KZ,ZP,F
11:20:22,ICBP,RG,8050,27,F,KZ,AK,F
11:20:21,ICBP,RG,8050,1,F,KZ,ZP,F
11:20:05,ICBP,RG,8075,7,F,BK,ZP,F
11:20:05,ICBP,RG,8075,2,F,BK,PD,D
11:20:02,ICBP,RG,8075,68,D,ZP,YP,D
11:20:01,ICBP,RG,8050,2,F,KZ,AK,F
11:19:58,ICBP,RG,8075,12,F,BK,YP,D
11:19:55,ICBP,RG,8075,34,F,BK,YP,D
11:19:54,ICBP,RG,8050,1,F,KZ,DR,D
11:19:54,ICBP,RG,8050,2,F,AK,DR,D
11:19:54,ICBP,RG,8050,4,D,YP,DR,D
11:19:52,ICBP,RG,8050,1,D,YP,YU,D
11:19:50,ICBP,RG,8050,6,D,YP,ZP,F
11:19:50,ICBP,RG,8050,5,D,ZP,ZP,F
11:19:49,ICBP,RG,8050,68,D,ZP,PD,D
11:19:49,ICBP,RG,8050,7,D,XC,PD,D
11:19:49,ICBP,RG,8050,200,D,TP,PD,D
11:19:49,ICBP,RG,8050,2,D,XC,PD,D
11:19:49,ICBP,RG,8050,4,D,TF,PD,D
11:19:49,ICBP,RG,8050,3,D,YP,PD,D
11:19:49,ICBP,RG,8050,20,D,TF,PD,D
11:19:49,ICBP,RG,8050,12,D,EP,PD,D
11:19:49,ICBP,RG,8050,26,D,CC,PD,D
11:19:43,ICBP,RG,8050,3,D,CC,ZP,F
11:19:23,ICBP,RG,8050,40,D,CC,CC,D
11:19:13,ICBP,RG,8075,1,F,AK,YP,D
11:19:12,ICBP,RG,8050,50,D,CC,AI,D
11:18:57,ICBP,RG,8075,49,D,CS,YP,D
11:18:54,ICBP,RG,8050,25,D,CC,CC,D
11:18:41,ICBP,RG,8050,3,D,CC,ZP,F
11:18:09,ICBP,RG,8050,2,D,CC,PC,D
11:17:59,ICBP,RG,8050,7,D,CC,YP,D
11:17:56,ICBP,RG,8050,2,D,CC,ZP,F
11:17:54,ICBP,RG,8050,23,D,CC,AK,F
11:17:38,ICBP,RG,8050,3,D,CC,ZP,F
11:17:31,ICBP,RG,8050,2,D,CC,AK,F
11:17:20,ICBP,RG,8050,7,D,CC,XL,D
11:17:05,ICBP,RG,8075,2,D,LG,YP,D
11:16:58,ICBP,RG,8050,2,D,CC,ZP,F
11:16:46,ICBP,RG,8050,5,D,CC,AK,F
11:16:46,ICBP,RG,8050,44,F,KZ,AK,F
11:16:38,ICBP,RG,8050,7,F,KZ,ZP,F
11:16:38,ICBP,RG,8050,2,F,KZ,ZP,F
11:16:38,ICBP,RG,8075,61,D,CS,YP,D
11:16:38,ICBP,RG,8075,113,D,CS,YP,D
11:16:38,ICBP,RG,8075,66,D,CS,YP,D
11:16:33,ICBP,RG,8050,1,F,KZ,AK,F
11:16:18,ICBP,RG,8050,3,F,KZ,ZP,F
11:16:17,ICBP,RG,8050,30,F,KZ,OD,D
11:16:11,ICBP,RG,8050,2,F,KZ,AK,F
11:16:09,ICBP,RG,8050,11,F,KZ,AK,F
11:15:43,ICBP,RG,8050,8,F,KZ,AK,F
11:15:42,ICBP,RG,8075,84,D,ZP,YP,D
11:15:29,ICBP,RG,8050,2,F,KZ,XC,D
11:15:28,ICBP,RG,8050,3,F,KZ,ZP,F
11:15:22,ICBP,RG,8050,15,F,KZ,SQ,D
11:15:16,ICBP,RG,8050,3,F,KZ,ZP,F
11:15:06,ICBP,RG,8050,2,F,KZ,XC,D
11:14:54,ICBP,RG,8050,11,F,KZ,AK,F
11:14:32,ICBP,RG,8050,3,F,KZ,ZP,F
11:14:29,ICBP,RG,8050,7,F,KZ,ZP,F
11:14:14,ICBP,RG,8050,2,F,KZ,PC,D
11:14:11,ICBP,RG,8075,2,D,XC,YP,D
11:13:56,ICBP,RG,8075,8,D,CS,YP,D
11:13:56,ICBP,RG,8075,41,D,CS,CS,F
11:13:43,ICBP,RG,8050,3,F,KZ,ZP,F
11:13:24,ICBP,RG,8050,9,F,KZ,AK,F
11:13:16,ICBP,RG,8050,18,F,KZ,AK,F
11:12:53,ICBP,RG,8050,2,F,KZ,ZP,F
11:12:32,ICBP,RG,8050,40,F,KZ,PD,D
11:12:28,ICBP,RG,8050,3,F,KZ,ZP,F
11:12:24,ICBP,RG,8050,2,F,KZ,NI,D
11:12:15,ICBP,RG,8050,5,F,KZ,ZP,F
11:12:09,ICBP,RG,8050,2,F,KZ,AK,F
11:12:09,ICBP,RG,8050,2,D,PD,AK,F
11:12:09,ICBP,RG,8050,1,F,AK,AK,F
11:12:09,ICBP,RG,8050,2,D,XC,AK,F
11:11:36,ICBP,RG,8050,3,D,KK,ZP,F
11:11:36,ICBP,RG,8050,1,D,CC,AK,F
11:11:36,ICBP,RG,8050,3,F,KZ,AK,F
11:11:19,ICBP,RG,8050,1,F,KZ,XC,D
11:11:09,ICBP,RG,8050,4,F,KZ,AK,F
11:11:09,ICBP,RG,8050,1,F,ZP,AK,F
11:10:41,ICBP,RG,8050,7,F,ZP,YP,D
11:10:38,ICBP,RG,8050,3,F,ZP,ZP,F
11:10:17,ICBP,RG,8050,1,F,ZP,AK,F
11:10:17,ICBP,RG,8050,4,D,XC,AK,F
11:10:17,ICBP,RG,8050,1,F,KZ,AK,F
11:10:17,ICBP,RG,8050,4,F,KZ,ZP,F
11:10:16,ICBP,RG,8050,1,F,KZ,AK,F
11:09:36,ICBP,RG,8050,2,F,KZ,ZP,F
11:09:35,ICBP,RG,8075,99,D,LG,CS,F
11:09:35,ICBP,RG,8075,2,D,LG,ZP,F
11:09:35,ICBP,RG,8075,199,D,LG,CS,F
11:09:27,ICBP,RG,8050,3,F,KZ,XC,D
11:09:24,ICBP,RG,8075,1,D,PD,CS,F
11:09:13,ICBP,RG,8050,5,F,KZ,ZP,F
11:09:09,ICBP,RG,8050,7,F,KZ,AK,F
11:09:08,ICBP,RG,8050,3,F,KZ,ZP,F
11:08:40,ICBP,RG,8050,6,F,KZ,XL,D
11:08:15,ICBP,RG,8050,41,F,KZ,PD,D
11:08:15,ICBP,RG,8050,2,D,PD,PD,D
11:08:15,ICBP,RG,8050,12,D,YP,PD,D
11:08:15,ICBP,RG,8050,164,D,ZP,PD,D
11:08:15,ICBP,RG,8050,3,D,OD,PD,D
11:08:15,ICBP,RG,8050,96,D,RX,PD,D
11:08:15,ICBP,RG,8050,1,D,XC,PD,D
11:08:15,ICBP,RG,8050,23,F,KZ,PD,D
11:08:09,ICBP,RG,8050,9,F,KZ,AK,F
11:07:57,ICBP,RG,8050,33,F,KZ,SQ,D
11:07:57,ICBP,RG,8050,3,D,NI,SQ,D
11:07:57,ICBP,RG,8050,1,D,XC,SQ,D
11:07:57,ICBP,RG,8050,300,D,CC,SQ,D
11:07:57,ICBP,RG,8050,10,D,TF,SQ,D
11:07:57,ICBP,RG,8050,5,D,NI,SQ,D
11:07:57,ICBP,RG,8050,10,D,AZ,SQ,D
11:07:57,ICBP,RG,8050,36,F,KZ,SQ,D
11:07:57,ICBP,RG,8050,29,F,KZ,SQ,D
11:07:57,ICBP,RG,8050,10,D,GR,SQ,D
11:07:57,ICBP,RG,8050,29,F,KZ,SQ,D
11:07:57,ICBP,RG,8050,1,F,AK,SQ,D
11:07:57,ICBP,RG,8050,29,F,KZ,SQ,D
11:07:57,ICBP,RG,8050,21,D,TP,SQ,D
11:07:54,ICBP,RG,8050,5,D,TP,AK,F
11:07:53,ICBP,RG,8050,3,D,TP,ZP,F
11:07:44,ICBP,RG,8050,1,D,TP,KK,D
11:07:24,ICBP,RG,8050,9,D,TP,AK,F
11:06:54,ICBP,RG,8050,6,D,TP,AK,F
11:06:38,ICBP,RG,8075,21,D,RX,CS,F
11:06:32,ICBP,RG,8050,4,D,TP,ZP,F
11:06:32,ICBP,RG,8075,1,D,XC,CS,F
11:06:32,ICBP,RG,8050,3,D,TP,ZP,F
11:06:30,ICBP,RG,8075,7,F,ZP,CS,F
11:06:13,ICBP,RG,8075,9,D,RX,CS,F
11:06:11,ICBP,RG,8050,3,D,TP,AK,F
11:06:09,ICBP,RG,8050,11,D,TP,AK,F
11:05:59,ICBP,RG,8050,1,D,TP,XC,D
11:05:54,ICBP,RG,8050,5,D,TP,AK,F
11:05:28,ICBP,RG,8050,2,D,TP,ZP,F
11:05:20,ICBP,RG,8050,5,D,TP,ZP,F
11:05:04,ICBP,RG,8050,12,D,TP,AK,F
11:05:03,ICBP,RG,8050,3,D,TP,ZP,F
11:04:50,ICBP,RG,8075,8,D,RX,CS,F
11:04:48,ICBP,RG,8050,3,D,TP,ZP,F
