Time,Stock,Brd,Price,Qty,BT,BC,SC,ST
15:07:24,ICBP,RG,10175,9,D,PD,ZP,D
15:07:09,ICBP,RG,10175,39,D,LG,ZP,D
15:07:09,ICBP,RG,10175,47,D,LG,GR,D
15:07:09,ICBP,RG,10175,57,D,LG,GR,D
15:07:09,ICBP,RG,10175,96,D,LG,GR,D
15:07:09,ICBP,RG,10175,1,D,LG,XC,D
15:07:09,ICBP,RG,10175,2,D,LG,CC,D
15:07:09,ICBP,RG,10175,5,D,LG,KK,D
15:07:09,ICBP,RG,10175,39,D,LG,MG,D
15:07:09,ICBP,RG,10175,11,D,LG,MG,D
15:07:09,ICBP,RG,10175,1,D,LG,CP,D
15:07:09,ICBP,RG,10175,1,D,LG,PD,D
15:07:09,ICBP,RG,10175,24,D,LG,NI,D
15:07:09,ICBP,RG,10175,6,D,LG,NI,D
15:07:09,ICBP,RG,10175,3,D,LG,XL,D
15:07:09,ICBP,RG,10175,5,D,LG,PD,D
15:07:09,ICBP,RG,10175,2,D,LG,PD,D
15:05:39,ICBP,RG,10175,3,D,YP,PD,D
15:05:39,ICBP,RG,10175,30,D,YP,NI,D
15:05:39,ICBP,RG,10175,10,D,YP,YP,D
15:05:39,ICBP,RG,10175,7,D,YP,PD,D
15:03:18,ICBP,RG,10175,1,D,PD,PD,D
15:03:08,ICBP,RG,10175,2,D,YP,PD,D
15:00:00,ICBP,RG,10175,90,F,ZP,PD,D
15:00:00,ICBP,RG,10175,1,F,ZP,CC,D
15:00:00,ICBP,RG,10175,10,F,ZP,YP,D
15:00:00,ICBP,RG,10175,4,F,ZP,PD,D
15:00:00,ICBP,RG,10175,10,F,ZP,AI,D
15:00:00,ICBP,RG,10175,100,F,ZP,YB,D
15:00:00,ICBP,RG,10175,1,F,ZP,XC,D
15:00:00,ICBP,RG,10175,1,F,ZP,CP,D
15:00:00,ICBP,RG,10175,5,F,ZP,YP,D
15:00:00,ICBP,RG,10175,4,F,ZP,KK,D
15:00:00,ICBP,RG,10175,2,F,ZP,BS,D
15:00:00,ICBP,RG,10175,10,F,ZP,YP,D
15:00:00,ICBP,RG,10175,1,F,ZP,YP,D
15:00:00,ICBP,RG,10175,1,F,ZP,CC,D
15:00:00,ICBP,RG,10175,8,F,ZP,GR,D
15:00:00,ICBP,RG,10175,10,F,ZP,IF,D
15:00:00,ICBP,RG,10175,84,F,ZP,BK,F
15:00:00,ICBP,RG,10175,500,F,ZP,BK,F
15:00:00,ICBP,RG,10175,5,F,ZP,SQ,D
15:00:00,ICBP,RG,10175,1,F,ZP,DH,D
15:00:00,ICBP,RG,10175,1,F,ZP,DH,D
15:00:00,ICBP,RG,10175,1,F,ZP,YP,D
15:00:00,ICBP,RG,10175,1,F,ZP,YP,D
15:00:00,ICBP,RG,10175,5,F,ZP,KK,D
15:00:00,ICBP,RG,10175,100,F,ZP,DH,D
15:00:00,ICBP,RG,10175,32,F,ZP,DR,D
15:00:00,ICBP,RG,10175,5,F,ZP,PD,D
15:00:00,ICBP,RG,10175,11,F,ZP,XC,D
15:00:00,ICBP,RG,10175,21,F,ZP,ZP,F
15:00:00,ICBP,RG,10175,47,F,ZP,ZP,F
15:00:00,ICBP,RG,10175,62,F,ZP,YP,D
15:00:00,ICBP,RG,10175,5,F,ZP,XC,D
15:00:00,ICBP,RG,10175,2,F,ZP,YP,D
15:00:00,ICBP,RG,10175,2,F,ZP,LG,D
15:00:00,ICBP,RG,10175,169,F,ZP,BK,F
15:00:00,ICBP,RG,10175,192,F,ZP,BK,F
15:00:00,ICBP,RG,10175,55,F,BK,BK,F
15:00:00,ICBP,RG,10175,1,F,BK,YP,D
15:00:00,ICBP,RG,10175,12,F,BK,MG,D
15:00:00,ICBP,RG,10175,8,F,BK,MG,D
15:00:00,ICBP,RG,10175,20,F,BK,YB,D
15:00:00,ICBP,RG,10175,3,F,BK,KK,D
15:00:00,ICBP,RG,10175,4,F,BK,CC,D
15:00:00,ICBP,RG,10175,5,F,BK,YB,D
15:00:00,ICBP,RG,10175,5,F,BK,PD,D
15:00:00,ICBP,RG,10175,15,F,BK,PD,D
15:00:00,ICBP,RG,10175,1,F,BK,PD,D
15:00:00,ICBP,RG,10175,395,F,BK,AK,F
15:00:00,ICBP,RG,10175,263,F,CS,AK,F
15:00:00,ICBP,RG,10175,23,F,CS,AK,F
15:00:00,ICBP,RG,10175,223,D,KZ,AK,F
15:00:00,ICBP,RG,10175,1,D,KZ,AK,F
15:00:00,ICBP,RG,10175,18,D,KZ,CC,D
15:00:00,ICBP,RG,10175,136,D,KZ,ZP,F
15:00:00,ICBP,RG,10175,97,F,AK,ZP,F
15:00:00,ICBP,RG,10175,50,F,AK,ZP,F
15:00:00,ICBP,RG,10175,3,F,AK,ZP,F
15:00:00,ICBP,RG,10175,2,F,AK,ZP,F
15:00:00,ICBP,RG,10175,226,F,AK,ZP,F
15:00:00,ICBP,RG,10175,13,F,YU,ZP,F
15:00:00,ICBP,RG,10175,26,D,RX,ZP,F
15:00:00,ICBP,RG,10175,5,D,RX,ZP,F
15:00:00,ICBP,RG,10175,4,D,NI,ZP,F
15:00:00,ICBP,RG,10175,65,D,NI,YU,F
15:00:00,ICBP,RG,10175,1,D,NI,YU,D
15:00:00,ICBP,RG,10175,28,D,NI,YU,D
15:00:00,ICBP,RG,10175,2,D,NI,YU,D
15:00:00,ICBP,RG,10175,6,D,NI,YU,D
14:49:50,ICBP,RG,10125,2,F,AK,ZP,F
14:49:34,ICBP,RG,10050,5,D,AK,RX,D
14:49:34,ICBP,RG,10050,1,D,AK,RX,D
14:49:30,ICBP,RG,10050,7,D,AK,YU,F
14:49:30,ICBP,RG,10050,20,D,AK,ZP,F
14:49:30,ICBP,RG,10050,2,D,AK,ZP,F
14:49:30,ICBP,RG,10050,1,D,AK,ZP,F
14:49:30,ICBP,RG,10050,16,D,AK,ZP,F
14:49:30,ICBP,RG,10050,1,D,YP,ZP,F
14:49:30,ICBP,RG,10050,14,D,EP,ZP,F
14:49:30,ICBP,RG,10050,2,D,YP,ZP,F
14:49:30,ICBP,RG,10050,1,D,DH,ZP,F
14:49:30,ICBP,RG,10050,3,D,SQ,ZP,F
14:49:22,ICBP,RG,10075,2,F,AK,RX,D
14:49:22,ICBP,RG,10075,56,F,AK,RX,D
14:49:19,ICBP,RG,10075,1,D,YP,RX,D
14:49:18,ICBP,RG,10100,5,F,AK,RX,D
14:49:12,ICBP,RG,10100,1,F,AK,RX,D
14:49:10,ICBP,RG,10125,10,F,AK,RX,D
14:49:10,ICBP,RG,10125,2,F,BK,RX,D
14:49:00,ICBP,RG,10150,69,F,BK,AK,F
14:49:00,ICBP,RG,10125,9,F,BK,EP,D
14:49:00,ICBP,RG,10125,37,F,BK,EP,D
14:49:00,ICBP,RG,10125,1,F,BK,AK,D
14:49:00,ICBP,RG,10125,1,F,BK,AK,D
14:48:59,ICBP,RG,10125,17,F,BK,RX,D
14:48:56,ICBP,RG,10150,6,F,BK,AK,F
14:48:52,ICBP,RG,10150,7,F,BK,YU,F
14:48:50,ICBP,RG,10125,14,F,BK,RX,D
14:48:47,ICBP,RG,10150,7,F,BK,YU,F
14:48:45,ICBP,RG,10125,4,F,BK,AK,D
14:48:44,ICBP,RG,10150,7,F,BK,ZP,F
14:48:44,ICBP,RG,10125,3,F,BK,AG,D
14:48:44,ICBP,RG,10125,2,F,BK,AG,D
14:48:43,ICBP,RG,10150,15,D,CS,ZP,F
14:48:40,ICBP,RG,10125,14,F,BK,RX,D
14:48:36,ICBP,RG,10150,7,F,BK,ZP,F
14:48:32,ICBP,RG,10150,7,F,BK,ZP,F
14:48:30,ICBP,RG,10125,27,F,BK,RX,D
14:48:30,ICBP,RG,10125,1,F,BK,AK,D
14:48:27,ICBP,RG,10150,7,F,BK,ZP,F
14:48:11,ICBP,RG,10125,5,F,BK,RX,D
14:48:04,ICBP,RG,10125,16,F,BK,ZP,F
14:48:00,ICBP,RG,10125,12,F,BK,ZP,F
14:48:00,ICBP,RG,10125,4,F,BK,ZP,F
14:48:00,ICBP,RG,10125,2,F,BK,EP,D
14:47:54,ICBP,RG,10125,3,F,BK,AK,F
14:47:52,ICBP,RG,10125,26,D,LG,ZP,F
14:47:30,ICBP,RG,10125,1,D,LG,CC,D
14:47:24,ICBP,RG,10125,26,D,LG,ZP,F
14:47:21,ICBP,RG,10125,17,D,LG,AK,F
14:47:21,ICBP,RG,10125,1,D,LG,AK,F
14:47:20,ICBP,RG,10150,20,F,AK,AK,F
14:47:20,ICBP,RG,10150,1,F,AK,AK,F
14:47:20,ICBP,RG,10150,15,D,CS,AK,F
14:47:20,ICBP,RG,10150,63,F,AK,AK,F
14:47:20,ICBP,RG,10150,78,F,BK,AK,F
14:47:20,ICBP,RG,10150,28,F,AK,AK,F
14:47:20,ICBP,RG,10150,86,D,LG,AK,F
14:47:20,ICBP,RG,10150,8,D,LG,AK,F
14:47:19,ICBP,RG,10150,1,D,LG,AK,F
14:47:19,ICBP,RG,10175,1,F,BK,PD,D
14:47:19,ICBP,RG,10175,6,F,BK,DH,D
14:47:15,ICBP,RG,10150,3,D,LG,AK,F
14:47:15,ICBP,RG,10175,5,F,AK,DH,D
14:47:15,ICBP,RG,10175,1,F,AK,PD,D
14:47:15,ICBP,RG,10175,1,F,AK,KK,D
14:47:15,ICBP,RG,10175,1,F,AK,XC,D
14:47:15,ICBP,RG,10175,8,F,AK,YP,D
14:47:11,ICBP,RG,10175,7,F,BK,YP,D
14:47:09,ICBP,RG,10150,41,D,LG,AK,F
14:47:06,ICBP,RG,10175,7,F,BK,YP,D
14:47:00,ICBP,RG,10150,2,D,LG,EP,D
14:47:00,ICBP,RG,10175,8,F,BK,YP,D
14:46:54,ICBP,RG,10175,8,F,BK,YP,D
14:46:48,ICBP,RG,10175,7,F,BK,YP,D
14:46:45,ICBP,RG,10175,22,F,AK,YP,D
14:46:44,ICBP,RG,10175,7,F,BK,YP,D
14:46:41,ICBP,RG,10150,1,D,LG,XC,D
14:46:38,ICBP,RG,10175,6,F,BK,YP,D
14:46:35,ICBP,RG,10175,8,F,BK,YP,D
14:46:29,ICBP,RG,10175,3,F,BK,YP,D
14:46:29,ICBP,RG,10175,1,F,BK,PD,D
14:46:29,ICBP,RG,10175,1,F,BK,PD,D
14:46:29,ICBP,RG,10175,2,F,BK,PD,D
14:46:23,ICBP,RG,10175,2,F,BK,PD,D
14:46:23,ICBP,RG,10175,5,F,BK,GR,D
14:46:23,ICBP,RG,10175,1,F,BK,PD,D
14:46:23,ICBP,RG,10150,20,D,LG,CC,D
14:46:18,ICBP,RG,10175,2,F,BK,KK,D
14:46:18,ICBP,RG,10175,5,F,BK,AI,D
14:46:14,ICBP,RG,10175,6,F,BK,AI,D
14:46:10,ICBP,RG,10175,7,F,BK,AI,D
14:46:01,ICBP,RG,10175,7,F,BK,AI,D
14:46:00,ICBP,RG,10150,2,D,LG,EP,D
14:45:59,ICBP,RG,10150,1,D,LG,AK,D
14:45:59,ICBP,RG,10150,5,D,LG,MK,D
14:45:59,ICBP,RG,10150,3,D,LG,AK,F
14:45:59,ICBP,RG,10150,44,D,LG,AK,F
14:45:59,ICBP,RG,10150,20,D,LG,ZP,F
14:45:59,ICBP,RG,10150,1,D,LG,AK,D
14:45:59,ICBP,RG,10150,12,D,LG,YU,F
14:45:59,ICBP,RG,10150,38,D,LG,AK,F
14:45:59,ICBP,RG,10150,12,D,LG,CC,D
14:45:57,ICBP,RG,10125,1,D,LG,AK,F
14:45:57,ICBP,RG,10150,6,F,BK,CC,D
14:45:53,ICBP,RG,10125,1,D,LG,AK,F
14:45:53,ICBP,RG,10150,6,F,BK,CC,D
14:45:48,ICBP,RG,10125,1,D,LG,AK,F
14:45:48,ICBP,RG,10150,7,F,BK,CC,D
14:45:43,ICBP,RG,10150,7,F,BK,CC,D
14:45:38,ICBP,RG,10150,6,F,BK,CC,D
14:45:32,ICBP,RG,10150,7,F,BK,CC,D
14:45:28,ICBP,RG,10150,4,F,BK,CC,D
14:45:28,ICBP,RG,10150,4,F,BK,ZP,F
14:45:24,ICBP,RG,10150,7,F,BK,ZP,F
14:45:16,ICBP,RG,10150,7,F,BK,ZP,F
14:45:11,ICBP,RG,10150,4,F,BK,ZP,F
14:45:11,ICBP,RG,10150,1,F,BK,AT,D
14:45:11,ICBP,RG,10150,1,F,BK,HP,D
14:45:11,ICBP,RG,10150,1,F,BK,AK,D
14:45:06,ICBP,RG,10150,1,F,BK,AK,D
14:45:06,ICBP,RG,10150,6,F,BK,ZP,F
14:45:00,ICBP,RG,10125,2,D,LG,EP,D
14:44:59,ICBP,RG,10150,7,F,BK,ZP,F
14:44:57,ICBP,RG,10125,1,D,LG,XL,D
14:44:57,ICBP,RG,10150,3,F,BK,ZP,F
14:44:57,ICBP,RG,10150,2,F,BK,HP,D
14:44:57,ICBP,RG,10150,1,F,BK,XL,D
14:44:54,ICBP,RG,10125,2,D,LG,HP,D
14:44:54,ICBP,RG,10150,2,D,DX,XL,D
14:44:54,ICBP,RG,10150,53,D,DX,AK,F
14:44:54,ICBP,RG,10150,281,D,DX,RX,D
14:44:54,ICBP,RG,10150,25,D,DX,AK,F
14:44:54,ICBP,RG,10150,2,D,DX,AK,D
14:44:54,ICBP,RG,10150,2,D,DX,AK,D
14:44:54,ICBP,RG,10150,22,D,DX,AK,F
14:44:54,ICBP,RG,10150,5,D,DX,ZP,F
14:44:53,ICBP,RG,10150,7,F,BK,ZP,F
14:44:52,ICBP,RG,10125,4,D,LG,AK,F
14:44:51,ICBP,RG,10150,3,D,XC,ZP,F
14:44:45,ICBP,RG,10150,6,F,BK,ZP,F
14:44:45,ICBP,RG,10150,1,F,BK,ZP,F
14:44:42,ICBP,RG,10150,7,F,BK,ZP,F
14:44:36,ICBP,RG,10150,8,F,BK,ZP,F
14:44:32,ICBP,RG,10125,1,D,LG,KK,D
14:44:30,ICBP,RG,10125,1,D,LG,YU,D
14:44:30,ICBP,RG,10125,1,D,LG,YU,D
14:44:30,ICBP,RG,10125,4,D,LG,YP,D
14:44:00,ICBP,RG,10125,2,D,LG,EP,D
14:43:57,ICBP,RG,10125,16,D,LG,ZP,F
14:43:47,ICBP,RG,10150,21,F,AK,BK,F
14:43:47,ICBP,RG,10150,20,F,AK,BK,F
14:43:47,ICBP,RG,10150,90,D,DX,BK,F
14:43:47,ICBP,RG,10150,238,D,DX,AK,F
14:43:47,ICBP,RG,10150,13,F,BK,AK,F
14:43:44,ICBP,RG,10150,49,F,BK,YP,D
14:43:44,ICBP,RG,10150,1,D,LG,YP,D
14:43:42,ICBP,RG,10175,8,F,BK,AI,D
14:43:37,ICBP,RG,10175,7,F,BK,AI,D
14:43:28,ICBP,RG,10175,7,F,BK,AI,D
14:43:24,ICBP,RG,10175,3,F,BK,AI,D
14:43:24,ICBP,RG,10175,2,F,BK,PD,D
14:43:24,ICBP,RG,10175,1,F,BK,PD,D
14:43:20,ICBP,RG,10175,1,F,BK,PD,D
14:43:20,ICBP,RG,10175,5,F,BK,NI,D
14:43:20,ICBP,RG,10175,1,F,BK,DH,D
14:43:12,ICBP,RG,10175,8,F,BK,DH,D
14:43:05,ICBP,RG,10175,1,F,BK,DH,D
14:43:05,ICBP,RG,10175,3,F,BK,CP,D
14:43:05,ICBP,RG,10175,1,F,BK,KK,D
14:43:05,ICBP,RG,10175,1,F,BK,YP,D
14:43:00,ICBP,RG,10175,5,F,BK,CP,D
14:43:00,ICBP,RG,10175,1,F,BK,XC,D
14:43:00,ICBP,RG,10175,1,F,BK,YU,F
14:43:00,ICBP,RG,10150,2,D,LG,EP,D
14:42:56,ICBP,RG,10175,3,F,BK,YU,F
14:42:56,ICBP,RG,10175,1,F,BK,PD,D
14:42:56,ICBP,RG,10175,1,F,BK,XL,D
14:42:56,ICBP,RG,10175,2,F,BK,YB,D
14:42:52,ICBP,RG,10175,7,F,BK,YB,D
14:42:47,ICBP,RG,10175,1,F,BK,YB,D
14:42:47,ICBP,RG,10175,1,F,BK,PD,D
14:42:47,ICBP,RG,10175,1,F,BK,PD,D
14:42:47,ICBP,RG,10175,1,F,BK,SQ,D
14:42:47,ICBP,RG,10175,2,F,BK,HP,D
14:42:47,ICBP,RG,10175,1,F,BK,YB,D
14:42:46,ICBP,RG,10150,1,D,LG,PD,D
14:42:46,ICBP,RG,10150,82,D,LG,AK,F
14:42:46,ICBP,RG,10150,22,D,LG,AK,F
14:42:46,ICBP,RG,10150,16,D,LG,AK,F
14:42:46,ICBP,RG,10150,20,D,LG,CC,D
14:42:46,ICBP,RG,10150,9,D,LG,YU,F
14:42:46,ICBP,RG,10150,1,D,LG,CP,D
14:42:46,ICBP,RG,10150,15,D,LG,OD,D
14:42:46,ICBP,RG,10150,10,D,LG,PD,D
14:42:46,ICBP,RG,10150,25,D,LG,YP,D
14:42:46,ICBP,RG,10150,25,D,LG,DR,D
14:42:46,ICBP,RG,10150,10,D,LG,GR,D
14:42:46,ICBP,RG,10150,25,D,LG,YP,D
14:42:46,ICBP,RG,10150,35,D,LG,XL,D
14:42:46,ICBP,RG,10150,1,D,LG,LS,D
14:42:41,ICBP,RG,10150,6,F,BK,YP,D
14:42:37,ICBP,RG,10125,23,D,LG,AK,F
14:42:37,ICBP,RG,10150,9,D,DX,YP,D
14:42:37,ICBP,RG,10150,1,D,DX,PD,D
14:42:37,ICBP,RG,10150,1,D,DX,KK,D
14:42:37,ICBP,RG,10150,1,D,DX,KK,D
14:42:37,ICBP,RG,10150,3,D,DX,DR,D
14:42:37,ICBP,RG,10150,50,D,DX,AI,D
14:42:37,ICBP,RG,10150,1,D,DX,XC,D
14:42:37,ICBP,RG,10150,5,D,DX,GR,D
14:42:37,ICBP,RG,10150,26,D,DX,YP,D
14:42:37,ICBP,RG,10150,50,D,DX,NI,D
14:42:37,ICBP,RG,10150,50,D,DX,MG,D
14:42:37,ICBP,RG,10150,5,D,DX,SQ,D
14:42:37,ICBP,RG,10150,10,D,DX,YP,D
14:42:37,ICBP,RG,10150,10,D,DX,DH,D
14:42:37,ICBP,RG,10150,3,D,DX,PD,D
14:42:37,ICBP,RG,10150,10,D,DX,PG,D
14:42:37,ICBP,RG,10150,100,D,DX,SQ,D
14:42:37,ICBP,RG,10150,50,D,DX,AI,D
14:42:37,ICBP,RG,10150,2,D,DX,PD,D
14:42:37,ICBP,RG,10150,3,D,DX,KK,D
14:42:34,ICBP,RG,10150,2,F,BK,KK,D
14:42:34,ICBP,RG,10150,4,F,BK,EP,D
14:42:34,ICBP,RG,10125,5,D,LG,PD,D
14:42:31,ICBP,RG,10150,8,D,PD,EP,D
14:42:28,ICBP,RG,10150,4,F,BK,EP,D
14:42:28,ICBP,RG,10150,3,F,BK,OD,D
14:42:28,ICBP,RG,10125,5,D,LG,GR,D
14:42:28,ICBP,RG,10125,18,D,LG,YU,D
14:42:28,ICBP,RG,10125,16,D,LG,ZP,F
14:42:28,ICBP,RG,10125,3,D,LG,CC,F
14:42:28,ICBP,RG,10125,3,D,LG,AK,D
14:42:28,ICBP,RG,10125,5,D,LG,ZP,F
14:42:28,ICBP,RG,10125,33,D,LG,ZP,F
14:42:28,ICBP,RG,10125,68,D,LG,RX,D
14:42:24,ICBP,RG,10125,6,F,BK,RX,D
14:42:18,ICBP,RG,10125,7,F,BK,RX,D
14:42:12,ICBP,RG,10125,8,F,BK,RX,D
14:42:04,ICBP,RG,10125,8,F,BK,RX,D
14:42:00,ICBP,RG,10100,16,D,LG,ZP,F
14:42:00,ICBP,RG,10100,1,D,LG,PD,D
14:42:00,ICBP,RG,10100,2,D,LG,EP,D
14:41:59,ICBP,RG,10125,3,F,BK,RX,D
14:41:59,ICBP,RG,10125,3,F,BK,PD,D
14:41:59,ICBP,RG,10125,1,F,BK,ZP,F
14:41:54,ICBP,RG,10125,7,F,BK,ZP,F
14:41:51,ICBP,RG,10125,12,D,CS,ZP,F
14:41:45,ICBP,RG,10125,8,F,BK,ZP,F
14:41:42,ICBP,RG,10125,3,F,BK,ZP,F
14:41:42,ICBP,RG,10125,4,F,BK,YU,F
14:41:37,ICBP,RG,10125,7,F,BK,YU,F
14:41:27,ICBP,RG,10125,4,F,BK,YU,F
14:41:27,ICBP,RG,10125,3,F,BK,AK,D
14:41:27,ICBP,RG,10125,1,F,BK,ZP,F
14:41:21,ICBP,RG,10125,7,F,BK,ZP,F
14:41:17,ICBP,RG,10125,8,F,BK,ZP,F
14:41:15,ICBP,RG,10125,2,D,CS,YU,D
14:41:12,ICBP,RG,10100,1,D,LG,PD,D
14:41:09,ICBP,RG,10125,8,F,BK,YU,D
14:41:04,ICBP,RG,10125,6,F,BK,YU,D
14:41:00,ICBP,RG,10100,2,D,LG,EP,D
14:41:00,ICBP,RG,10150,6,F,BK,OD,D
14:40:55,ICBP,RG,10150,7,F,BK,OD,D
14:40:50,ICBP,RG,10150,4,F,BK,OD,D
14:40:50,ICBP,RG,10150,3,F,BK,PD,D
14:40:46,ICBP,RG,10125,1,F,BK,YU,D
14:40:43,ICBP,RG,10150,7,D,DX,PD,D
14:40:43,ICBP,RG,10150,1,D,DX,YP,D
14:40:43,ICBP,RG,10150,1,D,DX,YB,D
14:40:43,ICBP,RG,10125,3,D,DX,CC,F
14:40:43,ICBP,RG,10125,7,D,DX,ZP,F
14:40:43,ICBP,RG,10125,18,D,DX,CC,D
14:40:43,ICBP,RG,10125,2,D,DX,PD,D
14:40:43,ICBP,RG,10125,15,D,DX,ZP,F
14:40:43,ICBP,RG,10125,75,D,DX,BQ,D
14:40:43,ICBP,RG,10125,5,D,DX,AK,D
14:40:43,ICBP,RG,10125,16,D,DX,ZP,F
14:40:43,ICBP,RG,10125,3,D,DX,AK,D
14:40:43,ICBP,RG,10125,12,D,DX,CC,D
14:40:43,ICBP,RG,10125,10,D,DX,YU,F
14:40:43,ICBP,RG,10125,1,D,DX,YU,D
14:40:43,ICBP,RG,10125,12,D,DX,CC,D
14:40:43,ICBP,RG,10125,17,D,DX,YU,D
14:40:43,ICBP,RG,10125,5,D,DX,XC,D
14:40:43,ICBP,RG,10125,2,D,DX,SQ,D
14:40:43,ICBP,RG,10125,12,D,DX,YU,F
14:40:43,ICBP,RG,10125,14,D,DX,YU,D
14:40:43,ICBP,RG,10125,2,D,DX,YU,D
14:40:43,ICBP,RG,10125,1,D,DX,CC,D
14:40:43,ICBP,RG,10125,7,D,DX,ZP,F
14:40:43,ICBP,RG,10125,9,D,DX,ZP,F
14:40:43,ICBP,RG,10125,1,D,DX,YP,D
14:40:43,ICBP,RG,10125,5,D,DX,YP,D
14:40:43,ICBP,RG,10125,2,D,DX,XC,D
14:40:43,ICBP,RG,10125,2,D,DX,PD,D
14:40:43,ICBP,RG,10125,1,D,DX,YP,D
14:40:43,ICBP,RG,10125,52,D,DX,LG,D
14:40:40,ICBP,RG,10125,7,F,BK,LG,D
14:40:36,ICBP,RG,10125,7,F,BK,LG,D
14:40:35,ICBP,RG,10125,3,D,CS,LG,D
14:40:27,ICBP,RG,10125,6,F,BK,LG,D
14:40:24,ICBP,RG,10100,16,D,LG,ZP,F
14:40:24,ICBP,RG,10125,2,F,BK,LG,D
14:40:24,ICBP,RG,10125,5,F,BK,AZ,D
14:40:15,ICBP,RG,10125,7,F,BK,AZ,D
14:40:12,ICBP,RG,10125,7,F,BK,AZ,D
14:40:02,ICBP,RG,10125,1,F,BK,AZ,D
14:40:02,ICBP,RG,10125,6,F,BK,YP,D
14:40:00,ICBP,RG,10125,7,F,BK,YP,D
14:40:00,ICBP,RG,10100,2,D,LG,EP,D
14:39:52,ICBP,RG,10125,6,F,BK,YP,D
14:39:44,ICBP,RG,10125,47,D,PD,YP,D
14:39:44,ICBP,RG,10125,7,F,BK,YP,D
14:39:40,ICBP,RG,10125,7,F,BK,YP,D
14:39:32,ICBP,RG,10125,7,F,BK,YP,D
14:39:31,ICBP,RG,10100,2,D,LG,PD,D
14:39:27,ICBP,RG,10125,7,F,BK,YP,D
14:39:23,ICBP,RG,10125,6,F,BK,YP,D
14:39:07,ICBP,RG,10100,19,D,LG,YU,D
14:39:07,ICBP,RG,10100,1,D,LG,RX,D
14:39:07,ICBP,RG,10100,3,D,LG,AK,D
14:39:07,ICBP,RG,10100,3,D,LG,AK,D
14:39:07,ICBP,RG,10100,108,D,LG,RX,D
14:39:07,ICBP,RG,10100,1,D,LG,CP,D
14:39:00,ICBP,RG,10075,2,F,BK,EP,D
14:38:59,ICBP,RG,10100,42,D,DX,AK,F
14:38:59,ICBP,RG,10100,15,D,DX,ZP,F
14:38:59,ICBP,RG,10100,30,D,DX,AK,F
14:38:59,ICBP,RG,10100,10,D,DX,ZP,F
14:38:59,ICBP,RG,10100,39,D,DX,CC,D
14:38:58,ICBP,RG,10100,30,D,YP,CC,D
14:38:35,ICBP,RG,10075,33,F,BK,AK,F
14:38:35,ICBP,RG,10075,10,F,BK,ZP,F
14:38:16,ICBP,RG,10100,7,D,OD,BK,F
14:38:16,ICBP,RG,10100,18,F,AK,BK,F
14:38:16,ICBP,RG,10100,3,D,CS,BK,F
14:38:16,ICBP,RG,10100,2,D,CS,BK,F
14:38:16,ICBP,RG,10100,20,F,AK,BK,F
14:38:16,ICBP,RG,10100,5,F,AK,BK,F
14:38:16,ICBP,RG,10100,13,F,AK,AK,F
14:38:16,ICBP,RG,10100,85,D,LG,AK,F
14:38:16,ICBP,RG,10100,4,D,LG,AK,F
14:38:16,ICBP,RG,10100,102,D,LG,AK,F
14:38:03,ICBP,RG,10100,10,D,LG,ZP,F
14:38:02,ICBP,RG,10125,3,D,CS,DR,D
14:38:00,ICBP,RG,10100,10,D,LG,ZP,F
14:38:00,ICBP,RG,10100,2,D,LG,EP,D
14:37:34,ICBP,RG,10100,39,D,LG,BK,F
14:37:30,ICBP,RG,10100,4,D,LG,PD,D
14:37:00,ICBP,RG,10100,2,D,LG,EP,D
14:36:33,ICBP,RG,10100,2,D,LG,EP,D
14:36:33,ICBP,RG,10100,4,D,LG,AK,D
14:36:33,ICBP,RG,10100,2,D,LG,PD,D
14:36:33,ICBP,RG,10100,5,D,LG,AK,D
14:36:33,ICBP,RG,10100,11,D,LG,ZP,F
14:36:33,ICBP,RG,10100,16,D,LG,ZP,F
14:36:33,ICBP,RG,10100,2,D,LG,YP,D
14:36:17,ICBP,RG,10075,10,F,BK,ZP,F
14:36:10,ICBP,RG,10075,10,F,BK,ZP,F
14:36:00,ICBP,RG,10075,2,F,BK,EP,D
14:36:00,ICBP,RG,10075,7,F,BK,ZP,F
14:36:00,ICBP,RG,10075,3,D,OD,ZP,F
14:36:00,ICBP,RG,10075,5,D,NI,ZP,F
14:35:35,ICBP,RG,10075,1,D,NI,NI,D
14:35:34,ICBP,RG,10100,1,D,KK,YP,D
14:35:10,ICBP,RG,10100,47,D,PD,YP,D
14:35:00,ICBP,RG,10100,86,D,DX,AK,F
14:35:00,ICBP,RG,10100,245,D,DX,BK,F
14:35:00,ICBP,RG,10100,4,D,CS,BK,F
14:35:00,ICBP,RG,10100,4,F,AK,BK,F
14:35:00,ICBP,RG,10100,2,F,AK,EP,D
14:34:56,ICBP,RG,10100,9,F,AK,CC,D
14:34:53,ICBP,RG,10100,2,F,AK,SQ,D
14:34:38,ICBP,RG,10100,16,F,AK,RX,D
14:34:38,ICBP,RG,10100,13,D,OD,RX,D
14:34:38,ICBP,RG,10100,85,D,LG,RX,D
14:34:06,ICBP,RG,10100,1,D,LG,YU,F
14:34:06,ICBP,RG,10100,12,D,LG,YU,F
14:34:06,ICBP,RG,10100,11,D,LG,ZP,F
14:34:06,ICBP,RG,10100,3,D,LG,AK,D
14:34:06,ICBP,RG,10100,1,D,LG,KK,D
14:34:06,ICBP,RG,10100,10,D,LG,ZP,F
14:34:06,ICBP,RG,10100,17,D,LG,AK,F
14:34:06,ICBP,RG,10100,13,D,LG,YU,D
14:34:06,ICBP,RG,10100,3,D,LG,AK,D
14:34:06,ICBP,RG,10100,144,D,LG,BK,F
14:34:06,ICBP,RG,10075,1,D,DX,ZP,F
14:34:06,ICBP,RG,10075,4,D,CS,ZP,F
14:34:06,ICBP,RG,10075,5,F,AK,ZP,F
14:34:00,ICBP,RG,10075,2,F,AK,EP,D
14:33:48,ICBP,RG,10100,14,D,OD,BK,F
14:33:24,ICBP,RG,10075,9,F,AK,ZP,F
14:33:17,ICBP,RG,10075,8,F,AK,ZP,F
14:33:14,ICBP,RG,10075,10,F,AK,ZP,F
14:33:07,ICBP,RG,10075,9,F,AK,ZP,F
14:33:00,ICBP,RG,10075,2,F,BK,EP,D
14:32:50,ICBP,RG,10075,75,F,BK,ZP,F
14:32:50,ICBP,RG,10075,5,D,DX,ZP,F
14:32:32,ICBP,RG,10075,20,D,DX,ZP,F
14:32:32,ICBP,RG,10075,7,D,OD,ZP,F
14:32:30,ICBP,RG,10100,9,F,AK,BK,F
14:32:30,ICBP,RG,10100,17,F,AK,AK,F
14:32:30,ICBP,RG,10100,17,F,AK,AK,F
14:32:30,ICBP,RG,10100,16,F,AK,AK,F
14:32:30,ICBP,RG,10100,111,D,DX,AK,F
14:32:30,ICBP,RG,10125,16,F,AK,DR,D
14:32:30,ICBP,RG,10100,230,D,DX,BK,F
14:32:30,ICBP,RG,10100,95,D,DX,BK,F
14:32:30,ICBP,RG,10100,2,D,CS,BK,F
14:32:30,ICBP,RG,10100,2,D,CS,BK,F
14:32:30,ICBP,RG,10100,11,D,OD,BK,F
14:32:30,ICBP,RG,10100,120,D,LG,BK,F
14:32:25,ICBP,RG,10100,5,D,LG,PD,D
14:32:21,ICBP,RG,10100,8,D,LG,ZP,F
14:32:17,ICBP,RG,10100,1,D,LG,PD,D
14:32:08,ICBP,RG,10100,8,D,LG,ZP,F
14:32:02,ICBP,RG,10100,1,D,LG,ZP,F
14:32:02,ICBP,RG,10100,9,D,LG,ZP,F
14:32:02,ICBP,RG,10100,15,D,LG,ZP,F
14:32:02,ICBP,RG,10100,1,D,LG,LS,D
14:32:02,ICBP,RG,10100,7,D,LG,ZP,F
14:32:02,ICBP,RG,10100,5,D,LG,YP,D
14:32:02,ICBP,RG,10100,3,D,LG,AK,D
14:32:02,ICBP,RG,10100,16,D,LG,ZP,F
14:32:02,ICBP,RG,10100,6,D,LG,ZP,F
14:32:02,ICBP,RG,10100,47,D,LG,ZP,F
14:32:02,ICBP,RG,10100,1,D,LG,YU,D
14:32:02,ICBP,RG,10100,10,D,LG,LG,D
14:32:02,ICBP,RG,10100,9,D,LG,ZP,F
14:32:02,ICBP,RG,10100,209,D,LG,RX,D
14:32:02,ICBP,RG,10100,11,D,LG,YU,F
14:32:02,ICBP,RG,10100,8,D,LG,YU,D
14:32:00,ICBP,RG,10075,2,F,AK,EP,D
14:31:46,ICBP,RG,10100,13,D,OD,YU,D
14:31:36,ICBP,RG,10075,2,F,AK,CC,D
14:31:00,ICBP,RG,10075,2,F,AK,EP,D
14:30:36,ICBP,RG,10100,43,D,PD,BK,F
14:30:36,ICBP,RG,10100,4,D,PD,AK,D
14:30:27,ICBP,RG,10100,1,D,CS,AK,F
14:30:27,ICBP,RG,10100,3,D,CS,AK,F
14:30:27,ICBP,RG,10100,12,D,OD,AK,F
14:30:27,ICBP,RG,10125,107,D,DX,DR,D
14:30:27,ICBP,RG,10125,2,D,DX,PD,D
14:30:27,ICBP,RG,10125,1,D,DX,PD,D
14:30:27,ICBP,RG,10125,5,D,DX,NI,D
14:30:27,ICBP,RG,10125,5,D,DX,NI,D
14:30:27,ICBP,RG,10125,10,D,DX,NI,D
14:30:27,ICBP,RG,10125,1,D,DX,KK,D
14:30:27,ICBP,RG,10125,5,D,DX,NI,D
14:30:27,ICBP,RG,10125,5,D,DX,CP,D
14:30:27,ICBP,RG,10100,25,D,DX,AK,F
14:30:27,ICBP,RG,10100,6,D,DX,ZP,F
14:30:27,ICBP,RG,10100,19,D,DX,YP,D
14:30:27,ICBP,RG,10100,9,D,DX,ZP,F
14:30:27,ICBP,RG,10100,23,D,DX,ZP,F
14:30:27,ICBP,RG,10100,5,D,DX,AK,D
14:30:27,ICBP,RG,10100,10,D,DX,YU,D
14:30:27,ICBP,RG,10100,59,D,DX,ZP,F
14:30:27,ICBP,RG,10100,12,D,DX,RX,D
14:30:27,ICBP,RG,10100,21,D,DX,ZP,F
14:30:27,ICBP,RG,10100,3,D,DX,AK,D
14:30:27,ICBP,RG,10100,25,D,DX,YP,D
14:30:27,ICBP,RG,10100,5,D,DX,OD,D
14:30:27,ICBP,RG,10100,30,D,DX,YU,D
14:30:27,ICBP,RG,10100,1,D,DX,PD,D
14:30:27,ICBP,RG,10100,1,D,DX,YU,D
14:30:27,ICBP,RG,10100,22,D,DX,ZP,F
14:30:27,ICBP,RG,10100,3,D,DX,YU,D
14:30:19,ICBP,RG,10075,2,F,AK,ZP,F
14:30:19,ICBP,RG,10075,8,F,BK,ZP,F
14:30:19,ICBP,RG,10075,27,F,BK,ZP,F
14:30:00,ICBP,RG,10075,2,F,BK,EP,D
14:29:46,ICBP,RG,10100,9,D,OD,YU,D
14:29:46,ICBP,RG,10100,3,D,OD,SQ,D
14:29:24,ICBP,RG,10075,10,F,BK,ZP,F
14:29:07,ICBP,RG,10075,11,F,BK,ZP,F
14:29:05,ICBP,RG,10075,10,F,BK,ZP,F
14:29:00,ICBP,RG,10075,9,F,BK,ZP,F
14:29:00,ICBP,RG,10075,1,D,CS,ZP,F
14:29:00,ICBP,RG,10075,2,D,CS,EP,D
14:28:46,ICBP,RG,10100,7,D,OD,SQ,D
14:28:46,ICBP,RG,10100,6,D,OD,YU,F
14:28:34,ICBP,RG,10100,7,D,OD,YU,F
14:28:00,ICBP,RG,10075,1,D,CS,EP,D
14:28:00,ICBP,RG,10075,1,D,CS,EP,D
14:27:45,ICBP,RG,10100,1,D,CS,YU,F
14:27:45,ICBP,RG,10100,1,D,CS,XL,D
14:27:45,ICBP,RG,10100,42,D,DX,BK,F
14:27:45,ICBP,RG,10100,50,D,DX,AG,D
14:27:45,ICBP,RG,10100,18,D,DX,YP,D
14:27:45,ICBP,RG,10100,3,D,DX,YB,D
14:27:45,ICBP,RG,10100,100,D,DX,TP,F
14:27:45,ICBP,RG,10100,10,D,DX,YP,D
14:27:45,ICBP,RG,10100,18,D,DX,XL,D
14:27:42,ICBP,RG,10100,12,D,OD,XL,D
14:27:42,ICBP,RG,10100,1,D,OD,YP,D
14:27:39,ICBP,RG,10075,16,D,DX,ZP,F
14:27:39,ICBP,RG,10100,3,D,DX,YP,D
14:27:39,ICBP,RG,10100,10,D,DX,YP,D
14:27:39,ICBP,RG,10100,1,D,DX,PD,D
14:27:39,ICBP,RG,10100,20,D,DX,KK,D
14:27:39,ICBP,RG,10100,10,D,DX,KK,D
14:27:39,ICBP,RG,10100,20,D,DX,KK,D
14:27:39,ICBP,RG,10100,5,D,DX,AI,D
14:27:39,ICBP,RG,10100,5,D,DX,PD,D
14:27:39,ICBP,RG,10100,5,D,DX,XC,D
14:27:39,ICBP,RG,10100,1,D,DX,PD,D
14:27:39,ICBP,RG,10100,5,D,DX,HP,D
14:27:39,ICBP,RG,10100,10,D,DX,DX,D
14:27:39,ICBP,RG,10100,25,D,DX,AI,D
14:27:39,ICBP,RG,10075,3,D,DX,AK,D
14:27:39,ICBP,RG,10075,16,D,DX,ZP,F
14:27:39,ICBP,RG,10075,1,D,DX,RX,D
14:27:39,ICBP,RG,10075,3,D,DX,AK,D
14:27:39,ICBP,RG,10075,13,D,DX,YU,D
14:27:39,ICBP,RG,10075,16,D,DX,ZP,F
14:27:39,ICBP,RG,10075,121,D,DX,BK,F
14:27:39,ICBP,RG,10075,50,D,DX,YP,D
14:27:39,ICBP,RG,10075,8,D,DX,EP,D
14:26:34,ICBP,RG,10050,5,D,XC,RX,D
14:26:34,ICBP,RG,10050,17,F,AK,RX,D
14:26:34,ICBP,RG,10050,12,D,OD,RX,D
14:26:34,ICBP,RG,10050,2,D,CS,RX,D
14:26:34,ICBP,RG,10050,38,D,LG,RX,D
14:25:42,ICBP,RG,10075,10,D,OD,EP,D
14:25:39,ICBP,RG,10075,2,D,CS,EP,D
14:25:39,ICBP,RG,10050,15,D,LG,ZP,F
14:25:39,ICBP,RG,10050,16,D,LG,AK,D
14:25:39,ICBP,RG,10050,16,D,LG,ZP,F
14:25:39,ICBP,RG,10050,12,D,LG,YU,F
14:25:39,ICBP,RG,10050,2,D,LG,YU,D
14:25:39,ICBP,RG,10050,1,D,LG,XC,D
14:25:39,ICBP,RG,10050,13,D,LG,YU,D
14:25:39,ICBP,RG,10050,1,D,LG,RX,D
14:25:39,ICBP,RG,10050,286,D,LG,RX,D
14:25:09,ICBP,RG,10050,1,D,PD,RX,D
14:25:09,ICBP,RG,10050,3,D,PD,AK,D
14:25:09,ICBP,RG,10050,3,D,PD,AK,D
14:25:09,ICBP,RG,10050,35,D,PD,AK,F
14:25:09,ICBP,RG,10050,5,D,PD,ZP,F
14:24:42,ICBP,RG,10050,3,F,AK,ZP,F
14:24:42,ICBP,RG,10025,10,D,DX,ZP,F
14:24:42,ICBP,RG,10050,2,D,OD,ZP,F
14:24:42,ICBP,RG,10050,10,D,OD,ZP,F
14:24:42,ICBP,RG,10050,1,D,OD,YU,D
14:24:12,ICBP,RG,10050,1,F,AK,YU,D
14:24:12,ICBP,RG,10025,10,D,DX,ZP,F
14:24:00,ICBP,RG,10025,2,D,DX,EP,D
14:23:40,ICBP,RG,10050,2,F,AK,YU,D
14:23:40,ICBP,RG,10025,10,D,DX,ZP,F
14:23:40,ICBP,RG,10050,14,D,OD,YU,D
14:23:32,ICBP,RG,10025,2,D,DX,YP,D
14:23:27,ICBP,RG,10025,2,D,DX,CC,D
14:23:00,ICBP,RG,10025,2,D,DX,EP,D
14:22:46,ICBP,RG,10025,33,D,DX,ZP,F
14:22:46,ICBP,RG,10025,16,F,AK,ZP,F
14:22:46,ICBP,RG,10025,24,F,AK,ZP,F
14:22:46,ICBP,RG,10025,86,D,LG,ZP,F
14:22:46,ICBP,RG,10025,141,D,LG,ZP,F
14:22:45,ICBP,RG,10025,10,D,LG,ZP,F
14:22:32,ICBP,RG,10050,1,D,CC,YU,D
14:22:20,ICBP,RG,10025,5,D,LG,ZP,F
14:22:20,ICBP,RG,10025,5,D,OD,ZP,F
14:22:00,ICBP,RG,10025,2,D,OD,EP,D
14:21:46,ICBP,RG,10050,11,D,OD,AK,F
14:21:46,ICBP,RG,10050,2,D,DR,AK,F
14:21:46,ICBP,RG,10050,12,F,AK,AK,F
14:21:38,ICBP,RG,10075,2,D,CS,AK,F
14:21:38,ICBP,RG,10075,14,F,AK,AK,F
14:21:38,ICBP,RG,10075,2,D,CS,BK,F
14:21:38,ICBP,RG,10075,12,D,OD,BK,F
14:21:38,ICBP,RG,10075,1,D,DR,BK,F
14:21:38,ICBP,RG,10075,12,F,AK,BK,F
14:21:38,ICBP,RG,10075,4,F,AK,BK,F
14:21:38,ICBP,RG,10075,17,D,DX,BK,F
14:21:38,ICBP,RG,10075,395,D,DX,KI,D
14:21:38,ICBP,RG,10075,5,D,CS,KI,D
14:21:23,ICBP,RG,10075,10,D,CS,ZP,F
14:21:00,ICBP,RG,10075,2,D,CS,EP,D
14:20:56,ICBP,RG,10100,1,D,XL,AI,D
14:20:42,ICBP,RG,10100,12,D,OD,AI,D
14:20:00,ICBP,RG,10075,2,D,CS,EP,D
14:19:46,ICBP,RG,10075,1,D,CS,CP,D
14:19:44,ICBP,RG,10100,12,D,OD,AI,D
14:19:44,ICBP,RG,10100,1,D,OD,CC,D
14:19:19,ICBP,RG,10100,29,D,DX,CC,D
14:19:19,ICBP,RG,10100,1,D,DX,EP,D
14:19:19,ICBP,RG,10100,10,D,DX,DH,D
14:19:19,ICBP,RG,10100,5,D,DX,CC,D
14:19:19,ICBP,RG,10100,22,D,DX,DR,D
14:19:19,ICBP,RG,10075,10,D,DX,ZP,F
14:19:19,ICBP,RG,10075,4,D,DX,AK,D
14:19:19,ICBP,RG,10075,11,D,DX,YU,F
14:19:19,ICBP,RG,10075,63,D,DX,CC,D
14:19:19,ICBP,RG,10075,1,D,DX,XC,D
14:19:19,ICBP,RG,10075,15,D,DX,XC,D
14:19:19,ICBP,RG,10075,50,D,DX,MG,D
14:19:19,ICBP,RG,10075,5,D,DX,YP,D
14:19:19,ICBP,RG,10075,10,D,DX,YP,D
14:19:19,ICBP,RG,10075,210,D,DX,GR,D
14:19:00,ICBP,RG,10050,2,D,LG,EP,D
14:18:56,ICBP,RG,10050,1,D,LG,AG,D
14:18:46,ICBP,RG,10075,13,D,OD,GR,D
14:18:32,ICBP,RG,10075,94,D,PD,GR,D
14:18:17,ICBP,RG,10050,1,D,LG,YU,D
14:18:17,ICBP,RG,10050,11,D,LG,YU,D
14:18:17,ICBP,RG,10050,4,D,LG,AK,D
14:18:17,ICBP,RG,10050,10,D,LG,ZP,F
14:18:17,ICBP,RG,10050,3,D,LG,AK,D
14:18:17,ICBP,RG,10050,10,D,LG,ZP,F
14:18:17,ICBP,RG,10050,16,D,LG,NI,D
14:18:08,ICBP,RG,10025,4,F,AK,ZP,F
14:18:08,ICBP,RG,10025,6,F,AK,ZP,F
14:18:00,ICBP,RG,10025,2,F,AK,EP,D
14:17:56,ICBP,RG,10050,2,F,AK,NI,D
14:17:56,ICBP,RG,10050,143,D,LG,NI,D
14:17:56,ICBP,RG,10050,89,D,LG,NI,D
14:17:56,ICBP,RG,10050,5,D,LG,OD,D
14:17:56,ICBP,RG,10050,1,D,LG,XC,D
14:17:56,ICBP,RG,10050,4,D,LG,AK,D
14:17:56,ICBP,RG,10050,42,D,LG,DR,D
14:17:48,ICBP,RG,10050,13,D,OD,DR,D
14:17:32,ICBP,RG,10050,2,D,XL,DR,D
14:17:10,ICBP,RG,10050,1,D,XC,DR,D
14:17:00,ICBP,RG,10025,2,D,LG,EP,D
14:16:46,ICBP,RG,10050,12,D,OD,DR,D
14:16:35,ICBP,RG,10050,1,D,XC,DR,D
14:16:19,ICBP,RG,10025,8,D,LG,DH,D
14:16:16,ICBP,RG,10025,7,D,LG,XL,D
14:16:00,ICBP,RG,10025,2,D,LG,EP,D
14:15:26,ICBP,RG,10050,14,F,AK,DR,D
14:15:26,ICBP,RG,10050,3,F,AK,DR,D
14:15:26,ICBP,RG,10050,12,D,OD,DR,D
14:15:20,ICBP,RG,10075,33,D,PD,GR,D
14:15:20,ICBP,RG,10075,12,D,PD,BK,F
14:15:19,ICBP,RG,10050,10,D,PD,YU,F
14:15:19,ICBP,RG,10050,1,D,PD,PD,D
14:15:14,ICBP,RG,10025,1,D,LG,RX,D
14:15:14,ICBP,RG,10025,2,D,LG,YU,D
14:15:14,ICBP,RG,10025,10,D,LG,YU,D
14:15:14,ICBP,RG,10025,3,D,LG,AK,D
14:15:14,ICBP,RG,10025,11,D,LG,ZP,F
14:15:14,ICBP,RG,10025,10,D,LG,ZP,F
14:15:14,ICBP,RG,10025,160,D,LG,RX,D
14:15:11,ICBP,RG,10000,24,D,DR,ZP,F
14:15:09,ICBP,RG,10000,7,D,DR,ZP,F
14:15:09,ICBP,RG,10000,4,D,CS,ZP,F
14:15:00,ICBP,RG,10000,7,D,CS,ZP,F
14:15:00,ICBP,RG,10000,2,D,CS,EP,D
14:14:57,ICBP,RG,10000,7,D,CS,ZP,F
14:14:57,ICBP,RG,10000,1,D,XC,ZP,F
14:14:57,ICBP,RG,10000,1,D,EP,ZP,F
14:14:57,ICBP,RG,10000,2,D,XL,ZP,F
14:14:57,ICBP,RG,10000,2,D,XL,ZP,F
14:14:57,ICBP,RG,10000,8,D,OD,ZP,F
14:14:57,ICBP,RG,10000,2,D,PD,ZP,F
14:14:57,ICBP,RG,10000,1,D,LG,ZP,F
14:14:47,ICBP,RG,10025,7,F,AK,ZP,F
14:14:47,ICBP,RG,10025,8,D,CS,ZP,F
14:14:47,ICBP,RG,10025,1,D,NI,ZP,F
14:14:47,ICBP,RG,10025,8,D,DX,ZP,F
14:14:33,ICBP,RG,10025,24,D,DX,ZP,F
14:14:33,ICBP,RG,10025,9,D,DX,ZP,F
14:14:23,ICBP,RG,10025,70,D,DX,ZP,F
14:14:11,ICBP,RG,10025,28,D,DX,AK,F
14:14:10,ICBP,RG,10025,5,D,DX,ZP,F
14:14:00,ICBP,RG,10025,2,D,DX,EP,D
14:13:59,ICBP,RG,10025,239,D,DX,DX,D
14:13:59,ICBP,RG,10025,8,D,OD,DX,D
14:13:59,ICBP,RG,10025,3,F,AK,DX,D
14:13:52,ICBP,RG,10025,13,F,AK,ZP,F
14:13:52,ICBP,RG,10025,8,D,OD,ZP,F
14:13:47,ICBP,RG,10025,6,F,AK,ZP,F
14:13:47,ICBP,RG,10025,29,D,LG,ZP,F
14:13:40,ICBP,RG,10025,5,D,LG,ZP,F
14:13:39,ICBP,RG,10075,140,D,DX,BK,F
14:13:39,ICBP,RG,10050,9,D,DX,AK,D
14:13:39,ICBP,RG,10050,4,D,DX,AK,D
14:13:39,ICBP,RG,10050,1,D,DX,XL,D
14:13:39,ICBP,RG,10050,11,D,DX,ZP,F
14:13:39,ICBP,RG,10050,62,D,DX,MG,D
14:13:27,ICBP,RG,10050,7,F,AK,MG,D
14:13:27,ICBP,RG,10050,8,D,OD,MG,D
14:13:27,ICBP,RG,10050,8,F,AK,MG,D
14:13:27,ICBP,RG,10050,4,D,CS,MG,D
14:13:27,ICBP,RG,10050,1,D,CS,MG,D
14:13:27,ICBP,RG,10050,3,D,CS,MG,D
14:13:27,ICBP,RG,10050,7,D,OD,MG,D
14:13:20,ICBP,RG,10050,1,F,AK,PD,D
14:13:20,ICBP,RG,10050,6,F,AK,MG,D
14:13:20,ICBP,RG,10050,8,F,AK,MG,D
14:13:20,ICBP,RG,10050,78,F,BK,MG,D
14:13:20,ICBP,RG,10050,1,D,CS,MG,D
14:13:20,ICBP,RG,10050,7,D,LG,MG,D
14:13:17,ICBP,RG,10050,40,D,LG,ZP,F
14:13:05,ICBP,RG,10075,1,D,PD,BK,F
14:13:00,ICBP,RG,10050,2,D,LG,EP,D
14:12:47,ICBP,RG,10075,5,D,OD,BK,F
14:12:47,ICBP,RG,10075,2,D,OD,YP,D
14:12:37,ICBP,RG,10075,6,D,CS,YP,D
14:12:37,ICBP,RG,10050,10,D,LG,YU,F
14:12:37,ICBP,RG,10050,84,D,LG,BK,F
14:12:37,ICBP,RG,10050,100,D,LG,BK,F
14:12:37,ICBP,RG,10050,2,D,LG,XL,D
14:12:37,ICBP,RG,10050,2,D,LG,YU,D
14:12:37,ICBP,RG,10050,17,D,LG,YU,D
14:12:37,ICBP,RG,10050,6,D,LG,KK,D
14:12:37,ICBP,RG,10050,15,D,LG,ZP,F
14:12:37,ICBP,RG,10050,25,D,LG,SQ,D
14:12:37,ICBP,RG,10050,30,D,LG,SQ,D
14:12:37,ICBP,RG,10050,3,D,LG,AK,D
14:12:37,ICBP,RG,10050,3,D,LG,AK,D
14:12:37,ICBP,RG,10050,1,D,LG,YU,D
14:12:37,ICBP,RG,10050,90,D,LG,RX,D
14:12:37,ICBP,RG,10050,10,D,LG,ZP,F
14:12:37,ICBP,RG,10050,1,D,LG,SQ,D
14:12:37,ICBP,RG,10050,1,D,LG,NI,D
14:12:37,ICBP,RG,10050,51,D,LG,CP,D
14:12:00,ICBP,RG,10025,2,D,LG,EP,D
14:11:58,ICBP,RG,10025,10,D,LG,ZP,F
14:11:48,ICBP,RG,10025,1,D,LG,NI,D
14:11:45,ICBP,RG,10050,8,D,OD,CP,D
14:11:15,ICBP,RG,10025,10,D,LG,ZP,F
14:11:15,ICBP,RG,10050,97,D,DX,CP,D
14:11:05,ICBP,RG,10025,11,D,LG,ZP,F
14:11:00,ICBP,RG,10025,2,D,LG,EP,D
14:11:00,ICBP,RG,10025,16,D,LG,ZP,F
14:10:43,ICBP,RG,10050,8,D,OD,CP,D
14:10:29,ICBP,RG,10050,36,D,PD,CP,D
14:10:29,ICBP,RG,10050,10,D,PD,YP,D
14:10:29,ICBP,RG,10050,5,D,PD,YP,D
14:10:29,ICBP,RG,10050,5,D,PD,YP,D
14:10:29,ICBP,RG,10050,1,D,XL,YP,D
14:10:00,ICBP,RG,10025,2,D,LG,EP,D
14:09:43,ICBP,RG,10050,4,D,OD,YP,D
14:09:43,ICBP,RG,10050,3,D,OD,BK,F
14:09:20,ICBP,RG,10050,44,F,AK,BK,F
14:09:00,ICBP,RG,10025,2,D,LG,EP,D
14:08:46,ICBP,RG,10050,7,D,OD,BK,F
14:08:22,ICBP,RG,10025,10,D,LG,YU,F
14:08:22,ICBP,RG,10025,4,D,LG,AK,D
14:08:22,ICBP,RG,10025,11,D,LG,YU,D
14:08:22,ICBP,RG,10025,3,D,LG,AK,D
14:08:22,ICBP,RG,10025,24,D,LG,NI,D
14:08:22,ICBP,RG,10025,100,D,LG,MG,D
14:08:22,ICBP,RG,10025,10,D,LG,ZP,F
14:08:22,ICBP,RG,10025,21,D,LG,AK,F
14:08:22,ICBP,RG,10025,10,D,LG,ZP,F
14:08:22,ICBP,RG,10025,17,D,LG,FS,D
14:08:00,ICBP,RG,10000,2,F,AK,EP,D
14:07:49,ICBP,RG,10025,8,D,OD,FS,D
14:07:48,ICBP,RG,10050,5,D,OD,BK,F
14:07:11,ICBP,RG,10025,3,D,OD,FS,D
14:07:11,ICBP,RG,10025,3,D,CS,FS,D
14:07:11,ICBP,RG,10025,19,D,LG,FS,D
14:07:00,ICBP,RG,10025,2,D,LG,EP,D
14:06:48,ICBP,RG,10050,7,D,OD,BK,F
14:06:37,ICBP,RG,10025,3,D,LG,AK,D
14:06:37,ICBP,RG,10025,10,D,LG,ZP,F
14:06:37,ICBP,RG,10025,5,D,LG,AK,D
14:06:37,ICBP,RG,10025,11,D,LG,ZP,F
14:06:37,ICBP,RG,10025,2,D,LG,YU,D
14:06:37,ICBP,RG,10025,34,D,LG,CC,D
14:06:37,ICBP,RG,10025,32,D,LG,CC,D
14:06:37,ICBP,RG,10025,10,D,LG,YP,D
14:06:37,ICBP,RG,10025,65,D,LG,RX,D
14:06:37,ICBP,RG,10025,100,D,LG,NI,D
14:06:37,ICBP,RG,10025,7,D,LG,YU,D
14:06:20,ICBP,RG,10000,4,F,AK,ZP,F
14:06:20,ICBP,RG,10000,6,D,CS,ZP,F
14:06:00,ICBP,RG,10000,2,D,LG,EP,D
14:05:50,ICBP,RG,10025,7,D,OD,YU,D
14:05:25,ICBP,RG,10025,6,D,PD,YU,D
14:05:25,ICBP,RG,10025,1,D,PD,RX,D
14:05:25,ICBP,RG,10025,3,D,PD,AK,D
14:05:25,ICBP,RG,10025,1,D,PD,XC,D
14:05:25,ICBP,RG,10025,4,D,PD,AK,D
14:05:25,ICBP,RG,10025,29,D,PD,RX,D
14:05:25,ICBP,RG,10025,1,D,PD,YP,D
14:05:25,ICBP,RG,10025,2,D,PD,YP,D
14:05:25,ICBP,RG,10025,10,D,PD,AK,F
14:05:04,ICBP,RG,10000,1,D,LG,PD,D
14:05:00,ICBP,RG,10000,2,D,LG,EP,D
14:04:50,ICBP,RG,10025,8,D,OD,AK,F
14:04:14,ICBP,RG,10000,5,D,LG,DH,D
14:04:00,ICBP,RG,10000,2,D,LG,EP,D
14:03:52,ICBP,RG,10025,2,F,AK,AK,F
14:03:52,ICBP,RG,10025,5,D,OD,AK,F
14:03:52,ICBP,RG,10025,1,D,OD,YU,D
14:03:52,ICBP,RG,10025,1,D,OD,ZP,F
14:03:35,ICBP,RG,10025,9,F,AK,ZP,F
14:03:35,ICBP,RG,10025,5,F,AK,AK,D
14:03:35,ICBP,RG,10025,10,F,AK,ZP,F
14:03:35,ICBP,RG,10025,2,F,AK,RX,D
14:03:00,ICBP,RG,10000,2,D,LG,EP,D
14:02:54,ICBP,RG,10025,7,D,OD,RX,D
14:02:12,ICBP,RG,10025,9,F,AK,RX,D
14:02:12,ICBP,RG,10000,100,D,LG,ZP,F
14:01:56,ICBP,RG,10025,3,D,OD,AK,D
14:01:56,ICBP,RG,10025,4,D,OD,ZP,F
14:01:53,ICBP,RG,10025,6,D,OD,ZP,F
14:01:53,ICBP,RG,10025,2,D,OD,AK,D
14:00:56,ICBP,RG,10025,1,D,OD,AK,D
14:00:56,ICBP,RG,10025,1,D,OD,YU,D
14:00:56,ICBP,RG,10025,5,D,OD,YU,D
14:00:28,ICBP,RG,10025,4,F,AK,YU,D
14:00:28,ICBP,RG,10025,3,D,PD,YU,D
14:00:28,ICBP,RG,10025,10,D,PD,ZP,F
14:00:28,ICBP,RG,10025,9,D,PD,AK,D
14:00:28,ICBP,RG,10025,11,D,PD,YU,F
14:00:28,ICBP,RG,10025,23,D,PD,ZP,F
14:00:02,ICBP,RG,10000,2,D,LG,XC,D
13:59:58,ICBP,RG,10025,7,D,OD,ZP,F
13:59:00,ICBP,RG,10000,2,D,LG,EP,D
13:59:00,ICBP,RG,10025,6,D,OD,ZP,F
13:58:29,ICBP,RG,10000,9,D,LG,YU,F
13:58:29,ICBP,RG,10000,4,D,LG,AK,D
13:58:29,ICBP,RG,10000,25,D,LG,AK,F
13:58:29,ICBP,RG,10000,10,D,LG,YU,D
13:58:29,ICBP,RG,10000,1,D,LG,YU,D
13:58:29,ICBP,RG,10000,118,D,LG,RX,D
13:58:29,ICBP,RG,10000,3,D,LG,AK,D
13:58:29,ICBP,RG,10000,11,D,LG,ZP,F
13:58:29,ICBP,RG,10000,10,D,LG,ZP,F
13:58:29,ICBP,RG,10000,1,D,LG,YU,D
13:58:02,ICBP,RG,10000,1,F,AK,YU,D
13:58:02,ICBP,RG,10000,8,D,OD,YU,D
13:58:01,ICBP,RG,10000,1,F,AK,YU,D
13:58:01,ICBP,RG,9975,11,D,LG,RX,D
13:58:00,ICBP,RG,9975,11,D,LG,ZP,F
13:58:00,ICBP,RG,9975,2,D,LG,EP,D
13:57:31,ICBP,RG,10000,1,D,XC,FS,D
13:57:02,ICBP,RG,10000,6,D,OD,FS,D
13:57:00,ICBP,RG,9975,2,D,LG,EP,D
13:57:00,ICBP,RG,9975,11,D,LG,ZP,F
13:56:00,ICBP,RG,9975,2,D,LG,EP,D
13:55:40,ICBP,RG,10000,2,F,AK,FS,D
13:55:40,ICBP,RG,10000,7,F,AK,FS,D
13:55:40,ICBP,RG,10000,3,F,AK,FS,D
13:55:40,ICBP,RG,10000,2,F,CC,FS,D
13:55:40,ICBP,RG,10000,4,D,OD,FS,D
13:55:36,ICBP,RG,10000,4,D,OD,YP,D
13:55:36,ICBP,RG,10000,3,F,AK,YP,D
13:55:10,ICBP,RG,10000,4,F,AK,ZP,F
13:55:10,ICBP,RG,10000,2,D,CS,ZP,F
13:55:10,ICBP,RG,10000,8,F,AK,ZP,F
13:55:10,ICBP,RG,10000,8,D,OD,ZP,F
13:55:10,ICBP,RG,10000,1,F,CC,ZP,F
13:55:10,ICBP,RG,10000,77,D,YP,ZP,F
13:55:06,ICBP,RG,10025,57,D,PD,ZP,F
13:55:01,ICBP,RG,10025,7,D,OD,ZP,F
13:55:00,ICBP,RG,10000,2,D,YP,EP,D
13:54:03,ICBP,RG,10000,124,D,YP,ZP,F
13:54:03,ICBP,RG,10025,3,D,CS,ZP,F
13:54:03,ICBP,RG,10025,73,D,LG,ZP,F
13:54:01,ICBP,RG,10025,4,D,LG,AK,D
13:54:01,ICBP,RG,10025,25,D,LG,YP,D
13:54:01,ICBP,RG,10025,63,D,LG,BK,F
13:54:01,ICBP,RG,10025,11,D,LG,ZP,F
13:54:01,ICBP,RG,10025,9,D,LG,AK,D
13:54:01,ICBP,RG,10025,1,D,LG,RX,D
13:54:01,ICBP,RG,10025,20,D,LG,ZP,F
13:54:01,ICBP,RG,10025,1,D,LG,YU,D
13:54:01,ICBP,RG,10025,78,D,LG,RX,D
13:54:00,ICBP,RG,10000,10,D,YP,ZP,F
13:54:00,ICBP,RG,10000,2,D,YP,EP,D
13:53:30,ICBP,RG,10000,11,D,YP,ZP,F
13:53:00,ICBP,RG,10000,2,D,YP,EP,D
13:52:35,ICBP,RG,10025,11,D,LG,RX,D
13:52:35,ICBP,RG,10025,5,D,LG,AK,D
13:52:35,ICBP,RG,10025,3,D,LG,AK,D
13:52:35,ICBP,RG,10025,11,D,LG,ZP,F
13:52:35,ICBP,RG,10025,11,D,LG,ZP,F
13:52:35,ICBP,RG,10025,12,D,LG,AK,F
13:52:08,ICBP,RG,10025,7,F,AK,AK,F
13:52:08,ICBP,RG,10025,1,F,AK,ZP,F
13:52:08,ICBP,RG,10025,7,F,AK,ZP,F
13:52:08,ICBP,RG,10025,6,D,CS,ZP,F
13:52:08,ICBP,RG,10025,7,F,AK,ZP,F
13:52:00,ICBP,RG,10025,1,F,AK,EP,D
13:52:00,ICBP,RG,10025,1,D,LG,EP,D
13:51:58,ICBP,RG,10025,8,D,LG,SQ,D
13:51:50,ICBP,RG,10025,1,D,LG,XC,D
13:51:00,ICBP,RG,10025,2,D,LG,EP,D
13:51:00,ICBP,RG,10025,10,D,LG,ZP,F
13:50:43,ICBP,RG,10025,34,D,LG,YP,D
13:50:35,ICBP,RG,10025,1,D,LG,XC,D
13:50:35,ICBP,RG,10025,32,D,LG,XC,D
13:50:30,ICBP,RG,10025,10,D,LG,ZP,F
13:50:21,ICBP,RG,10025,5,D,LG,EP,D
13:50:17,ICBP,RG,10025,1,D,LG,CP,D
13:50:11,ICBP,RG,10050,30,D,PD,BK,F
13:50:11,ICBP,RG,10050,26,D,PD,GR,D
13:50:00,ICBP,RG,10025,2,D,LG,EP,D
13:49:27,ICBP,RG,10025,1,D,LG,YU,D
13:49:27,ICBP,RG,10025,12,D,LG,YU,F
13:49:27,ICBP,RG,10025,6,D,LG,ZP,F
13:49:27,ICBP,RG,10025,4,D,LG,AK,D
13:49:27,ICBP,RG,10025,3,D,LG,AK,D
13:49:27,ICBP,RG,10025,53,D,LG,RX,D
13:49:27,ICBP,RG,10025,13,D,LG,YU,D
13:49:00,ICBP,RG,10000,10,D,YP,ZP,F
13:49:00,ICBP,RG,10000,2,D,YP,EP,D
13:49:00,ICBP,RG,10000,15,D,YP,YU,D
13:49:00,ICBP,RG,10000,10,D,YP,ZP,F
13:49:00,ICBP,RG,10000,10,D,YP,ZP,F
13:49:00,ICBP,RG,10000,25,D,YP,FS,D
13:48:46,ICBP,RG,10000,6,F,AK,YP,D
13:48:41,ICBP,RG,10000,2,F,AK,ZP,F
13:48:41,ICBP,RG,10000,3,D,CS,ZP,F
13:48:41,ICBP,RG,10000,3,D,AZ,ZP,F
13:48:41,ICBP,RG,10000,1,D,DH,ZP,F
13:48:41,ICBP,RG,10000,1,D,OD,ZP,F
13:48:30,ICBP,RG,10025,3,F,CC,ZP,F
13:48:30,ICBP,RG,10025,2,F,AK,ZP,F
13:48:05,ICBP,RG,10025,1,F,AK,XC,D
13:48:00,ICBP,RG,10025,2,F,AK,EP,D
13:47:56,ICBP,RG,10025,4,F,AK,ZP,F
13:47:56,ICBP,RG,10025,3,D,CS,ZP,F
13:47:56,ICBP,RG,10025,4,F,CC,ZP,F
13:47:56,ICBP,RG,10025,10,F,CC,PD,D
13:47:46,ICBP,RG,10050,1,D,XC,GR,D
13:47:30,ICBP,RG,10050,7,D,NI,GR,D
13:47:18,ICBP,RG,10050,5,D,XC,GR,D
13:47:08,ICBP,RG,10050,2,D,CS,GR,D
13:47:08,ICBP,RG,10050,1,D,CS,GR,D
13:47:08,ICBP,RG,10050,2,F,AK,GR,D
13:47:08,ICBP,RG,10050,1,F,AK,GR,D
13:47:00,ICBP,RG,10050,2,F,AK,EP,D
13:46:58,ICBP,RG,10050,1,F,AK,XC,D
13:46:46,ICBP,RG,10075,1,D,XC,YP,D
13:46:46,ICBP,RG,10050,10,F,AK,AK,F
13:46:46,ICBP,RG,10050,9,F,AK,AK,F
13:46:46,ICBP,RG,10050,10,F,AK,AK,F
13:46:46,ICBP,RG,10050,1,F,AK,AK,F
13:46:46,ICBP,RG,10050,1,F,AK,AK,F
13:46:45,ICBP,RG,10050,10,F,AK,ZP,F
13:46:45,ICBP,RG,10050,2,F,AK,AK,F
13:46:45,ICBP,RG,10050,1,F,AK,AK,F
13:46:45,ICBP,RG,10050,3,F,AK,AK,F
13:46:45,ICBP,RG,10050,10,F,AK,AK,F
13:46:45,ICBP,RG,10050,1,D,CS,AK,F
13:46:45,ICBP,RG,10050,2,D,CS,AK,F
13:46:45,ICBP,RG,10050,1,D,CS,AK,F
13:46:45,ICBP,RG,10050,12,F,AK,AK,F
13:46:22,ICBP,RG,10075,6,F,AK,YP,D
13:46:06,ICBP,RG,10075,1,F,AK,CC,D
13:46:06,ICBP,RG,10075,4,D,YP,CC,D
13:46:06,ICBP,RG,10075,50,D,YP,XL,D
13:46:06,ICBP,RG,10075,101,D,YP,XL,D
13:46:06,ICBP,RG,10075,50,D,YP,GR,D
13:46:06,ICBP,RG,10075,25,D,YP,YP,D
13:46:06,ICBP,RG,10075,1,D,YP,PD,D
13:46:06,ICBP,RG,10075,2,D,YP,KK,D
13:46:06,ICBP,RG,10075,2,D,YP,HP,D
13:46:06,ICBP,RG,10075,1,D,YP,CC,D
13:46:06,ICBP,RG,10075,50,D,YP,AI,D
13:46:06,ICBP,RG,10075,5,D,YP,DR,D
13:46:06,ICBP,RG,10075,1,D,YP,KK,D
13:46:06,ICBP,RG,10050,1,D,YP,XC,D
13:46:06,ICBP,RG,10050,2,D,YP,XC,D
13:46:06,ICBP,RG,10025,3,D,YP,AK,D
13:46:06,ICBP,RG,10025,2,D,YP,YU,D
13:46:00,ICBP,RG,10050,10,F,AK,SQ,D
13:46:00,ICBP,RG,10050,2,F,AK,CP,D
13:46:00,ICBP,RG,10000,2,D,OD,EP,D
13:45:52,ICBP,RG,10050,5,F,AK,CP,D
13:45:52,ICBP,RG,10050,2,D,CS,CP,D
13:45:52,ICBP,RG,10050,145,D,YP,CP,D
13:45:52,ICBP,RG,10050,4,D,YP,DR,D
13:45:52,ICBP,RG,10050,1,D,YP,PD,D
13:45:52,ICBP,RG,10050,10,D,YP,DH,D
13:45:52,ICBP,RG,10050,20,D,YP,YP,D
13:45:52,ICBP,RG,10050,5,D,YP,YP,D
13:45:52,ICBP,RG,10050,2,D,YP,DH,D
13:45:52,ICBP,RG,10025,50,D,YP,FS,D
13:45:52,ICBP,RG,10025,5,D,YP,YP,D
13:45:52,ICBP,RG,10025,16,D,YP,ZP,F
13:45:52,ICBP,RG,10025,3,D,YP,AK,D
13:45:52,ICBP,RG,10025,32,D,YP,AK,F
13:45:52,ICBP,RG,10025,7,D,YP,XC,D
13:45:49,ICBP,RG,10025,2,D,AZ,XC,D
13:45:43,ICBP,RG,10000,5,D,OD,YU,D
13:45:43,ICBP,RG,10000,2,F,AK,YU,D
13:45:08,ICBP,RG,10025,2,D,OD,XC,D
13:45:08,ICBP,RG,10025,1,D,OD,CC,D
13:45:08,ICBP,RG,10025,1,D,OD,YP,D
13:45:08,ICBP,RG,10025,1,D,OD,PD,D
13:45:08,ICBP,RG,10025,12,D,OD,CP,D
13:45:05,ICBP,RG,10025,3,D,PD,CP,D
13:45:05,ICBP,RG,10025,25,D,PD,CC,D
13:45:05,ICBP,RG,10025,12,D,PD,YP,D
13:45:05,ICBP,RG,10025,2,D,PD,YP,D
13:45:05,ICBP,RG,10025,14,D,PD,MG,D
13:45:04,ICBP,RG,10025,86,F,AK,MG,D
13:45:00,ICBP,RG,10000,2,F,AK,EP,D
13:44:53,ICBP,RG,10000,7,F,AK,ZP,F
13:44:53,ICBP,RG,10000,15,F,AK,AK,D
13:44:53,ICBP,RG,10000,12,F,AK,YU,F
13:44:53,ICBP,RG,10000,1,F,AK,EP,D
13:44:53,ICBP,RG,10000,1,F,AK,KK,D
13:44:53,ICBP,RG,10000,30,F,AK,OD,D
13:44:53,ICBP,RG,10000,20,F,AK,CC,D
13:44:53,ICBP,RG,10000,40,F,AK,YP,D
13:44:53,ICBP,RG,10000,20,F,AK,YP,D
13:44:53,ICBP,RG,10000,13,F,AK,CC,D
13:44:53,ICBP,RG,10000,25,F,AK,YP,D
13:44:53,ICBP,RG,10000,1,F,AK,PD,D
13:44:53,ICBP,RG,10000,1,F,AK,PD,D
13:44:53,ICBP,RG,10000,22,F,AK,NI,D
13:44:53,ICBP,RG,10000,28,D,GR,NI,D
13:44:53,ICBP,RG,10000,1,D,GR,YB,D
13:44:53,ICBP,RG,10000,15,D,GR,PD,D
13:44:53,ICBP,RG,10000,75,D,GR,PD,D
13:44:53,ICBP,RG,10000,25,D,GR,YB,D
13:44:53,ICBP,RG,10000,2,D,GR,NI,D
13:44:53,ICBP,RG,10000,5,D,GR,YP,D
13:44:53,ICBP,RG,10000,120,D,GR,CC,D
13:44:53,ICBP,RG,10000,60,D,GR,CP,D
13:44:53,ICBP,RG,10000,2,D,GR,YP,D
13:44:53,ICBP,RG,10000,5,D,GR,GR,D
13:44:53,ICBP,RG,10000,5,D,GR,EP,D
13:44:53,ICBP,RG,10000,7,D,GR,KK,D
13:44:30,ICBP,RG,10000,13,F,AK,KK,D
13:44:03,ICBP,RG,9975,10,D,LG,ZP,F
13:44:03,ICBP,RG,9975,94,D,LG,RX,D
13:44:03,ICBP,RG,9975,12,D,LG,YU,D
13:44:03,ICBP,RG,9975,6,D,LG,ZP,F
13:44:03,ICBP,RG,9975,1,D,LG,YU,D
13:44:03,ICBP,RG,9975,10,D,LG,ZP,F
13:44:03,ICBP,RG,9975,1,D,LG,RX,D
13:44:03,ICBP,RG,9975,37,D,LG,ZP,F
13:44:03,ICBP,RG,9975,3,D,LG,AK,D
13:44:03,ICBP,RG,9975,11,D,LG,YU,D
13:44:03,ICBP,RG,9975,9,D,LG,ZP,F
13:44:03,ICBP,RG,9975,4,D,LG,HP,D
13:44:03,ICBP,RG,9975,1,D,LG,YU,D
13:44:03,ICBP,RG,9975,5,D,LG,ZP,F
13:44:03,ICBP,RG,9975,49,D,LG,CC,D
13:44:03,ICBP,RG,9975,5,D,LG,AK,D
13:44:03,ICBP,RG,9975,10,D,LG,YU,F
13:44:03,ICBP,RG,9975,62,D,LG,CC,D
13:44:03,ICBP,RG,9975,1,D,LG,XC,D
13:44:03,ICBP,RG,9975,1,D,LG,KK,D
13:44:03,ICBP,RG,9975,1,D,LG,OD,D
13:44:03,ICBP,RG,9975,2,D,LG,DR,D
13:44:03,ICBP,RG,9975,1,D,LG,XC,D
13:44:03,ICBP,RG,9975,8,D,LG,YP,D
13:44:03,ICBP,RG,9975,4,D,LG,YP,D
13:44:03,ICBP,RG,9975,7,D,LG,YP,D
13:44:03,ICBP,RG,9975,3,D,LG,AZ,D
13:44:03,ICBP,RG,9975,7,D,LG,DH,D
13:44:00,ICBP,RG,9975,18,F,AK,DH,D
13:44:00,ICBP,RG,9950,10,D,LG,ZP,F
13:44:00,ICBP,RG,9950,2,D,LG,EP,D
13:43:33,ICBP,RG,9975,5,D,YP,DH,D
13:43:31,ICBP,RG,9975,70,D,LG,DH,D
13:43:31,ICBP,RG,9975,19,D,LG,EP,D
13:43:31,ICBP,RG,9975,2,D,LG,CC,D
13:43:31,ICBP,RG,9975,10,D,LG,YP,D
13:43:31,ICBP,RG,9975,2,D,LG,YP,D
13:43:31,ICBP,RG,9975,4,D,LG,KK,D
13:43:31,ICBP,RG,9975,2,D,LG,KK,D
13:43:31,ICBP,RG,9975,8,D,LG,YB,D
13:43:31,ICBP,RG,9975,43,D,LG,YB,D
13:43:30,ICBP,RG,9975,10,F,AK,YB,D
13:43:26,ICBP,RG,9950,2,D,LG,EP,D
13:43:26,ICBP,RG,9950,2,D,LG,EP,D
13:43:26,ICBP,RG,9950,2,D,LG,EP,D
13:43:26,ICBP,RG,9950,2,D,LG,EP,D
13:43:25,ICBP,RG,9950,2,D,LG,EP,D
13:43:25,ICBP,RG,9950,10,D,LG,ZP,F
13:43:25,ICBP,RG,9975,22,F,AK,YB,D
13:43:25,ICBP,RG,9975,1,F,AK,YB,D
13:43:25,ICBP,RG,9950,2,D,LG,EP,D
13:43:21,ICBP,RG,9975,1,D,XL,YB,D
13:43:08,ICBP,RG,9975,5,D,EP,YB,D
13:43:02,ICBP,RG,9975,1,D,XL,YB,D
13:42:28,ICBP,RG,9975,28,D,CP,YB,D
13:42:28,ICBP,RG,9975,40,D,CP,YP,D
13:42:28,ICBP,RG,9975,4,D,CP,YP,D
13:42:28,ICBP,RG,9975,29,D,CP,YB,D
13:42:28,ICBP,RG,9975,12,D,CP,YP,D
13:42:28,ICBP,RG,9975,6,D,CP,NI,D
13:42:28,ICBP,RG,9975,7,D,CP,NI,D
13:42:28,ICBP,RG,9975,73,D,CP,DR,D
13:42:28,ICBP,RG,9975,1,D,CP,DR,D
13:42:20,ICBP,RG,9975,9,F,AK,DR,D
13:42:20,ICBP,RG,9975,1,F,AK,DR,D
13:42:09,ICBP,RG,9975,11,D,XL,DR,D
13:42:09,ICBP,RG,9975,6,D,XL,YP,D
13:42:09,ICBP,RG,9975,3,D,XL,HP,D
13:42:09,ICBP,RG,9975,15,D,XL,DR,D
13:42:09,ICBP,RG,9975,22,F,AK,DR,D
13:42:09,ICBP,RG,9975,59,F,AK,DR,D
13:42:09,ICBP,RG,9975,6,F,AK,DR,D
13:42:09,ICBP,RG,9975,8,F,AK,PD,D
13:42:08,ICBP,RG,9950,11,D,LG,ZP,F
13:42:07,ICBP,RG,9975,1,D,FS,PD,D
13:42:07,ICBP,RG,9975,1,D,FS,PD,D
13:41:15,ICBP,RG,9975,2,F,AK,PD,D
13:41:15,ICBP,RG,9975,3,F,AK,PD,D
13:41:15,ICBP,RG,9975,5,F,AK,PD,D
13:40:07,ICBP,RG,9975,57,D,PD,PD,D
13:40:05,ICBP,RG,9975,12,F,AK,PD,D
13:39:59,ICBP,RG,9975,1,D,XC,PD,D
13:39:56,ICBP,RG,9975,1,D,XL,PD,D
13:39:32,ICBP,RG,9975,17,D,OD,PD,D
13:39:13,ICBP,RG,9975,7,D,XL,PD,D
13:39:13,ICBP,RG,9975,7,D,XL,PD,D
13:39:13,ICBP,RG,9975,2,D,XL,PD,D
13:38:52,ICBP,RG,9950,10,D,LG,YP,D
13:38:52,ICBP,RG,9950,3,D,LG,AK,D
13:38:52,ICBP,RG,9950,16,D,LG,ZP,F
13:38:52,ICBP,RG,9950,13,D,LG,YU,D
13:38:52,ICBP,RG,9950,28,D,LG,AK,F
13:38:52,ICBP,RG,9950,6,D,LG,ZP,F
13:38:52,ICBP,RG,9950,4,D,LG,AK,D
13:38:52,ICBP,RG,9950,2,D,LG,YU,D
13:38:52,ICBP,RG,9950,21,D,LG,ZP,F
13:38:52,ICBP,RG,9950,84,D,LG,RX,D
13:38:52,ICBP,RG,9950,102,D,LG,RX,D
13:38:52,ICBP,RG,9950,10,D,LG,YU,F
13:38:52,ICBP,RG,9950,2,D,LG,YP,D
13:38:52,ICBP,RG,9950,6,D,LG,PD,D
13:38:52,ICBP,RG,9950,2,D,LG,PD,D
13:38:52,ICBP,RG,9950,250,D,LG,NI,D
13:38:52,ICBP,RG,9950,2,D,LG,OD,D
13:38:52,ICBP,RG,9950,5,D,LG,YP,D
13:38:52,ICBP,RG,9950,9,D,LG,KK,D
13:38:52,ICBP,RG,9950,1,D,LG,PD,D
13:38:52,ICBP,RG,9950,4,D,LG,SQ,D
13:38:52,ICBP,RG,9950,9,D,LG,YP,D
13:38:52,ICBP,RG,9950,16,D,LG,PD,D
13:38:52,ICBP,RG,9950,29,D,LG,XL,D
13:38:52,ICBP,RG,9950,9,D,LG,YP,D
13:38:52,ICBP,RG,9950,8,D,LG,CC,D
13:38:52,ICBP,RG,9950,3,D,LG,YP,D
13:38:52,ICBP,RG,9950,5,D,LG,YP,D
13:38:52,ICBP,RG,9950,1,D,LG,YB,D
13:38:52,ICBP,RG,9950,18,D,LG,YP,D
13:38:52,ICBP,RG,9950,3,D,LG,YB,D
13:38:52,ICBP,RG,9950,51,D,LG,DR,D
13:38:52,ICBP,RG,9950,169,D,LG,DR,D
13:38:40,ICBP,RG,9950,1,F,AK,DR,D
13:38:40,ICBP,RG,9925,3,D,AK,ZP,F
13:38:40,ICBP,RG,9925,7,D,AK,ZP,F
13:38:40,ICBP,RG,9950,1,D,YP,DR,D
13:38:17,ICBP,RG,9950,3,D,DH,DR,D
13:38:00,ICBP,RG,9950,1,F,AK,DR,D
13:38:00,ICBP,RG,9925,10,D,AK,ZP,F
13:37:55,ICBP,RG,9925,8,D,AK,ZP,F
13:37:55,ICBP,RG,9925,7,D,AK,ZP,F
13:37:42,ICBP,RG,9950,1,F,AK,DR,D
13:37:42,ICBP,RG,9950,17,F,AK,DR,D
13:37:41,ICBP,RG,9925,3,D,AK,KK,D
13:37:28,ICBP,RG,9925,11,D,AK,ZP,F
13:37:28,ICBP,RG,9925,1,D,AK,ZP,F
13:37:28,ICBP,RG,9925,2,D,CS,ZP,F
13:37:28,ICBP,RG,9925,2,D,AK,ZP,F
13:37:19,ICBP,RG,9925,2,D,AK,DR,D
13:37:13,ICBP,RG,9950,1,D,XA,DR,D
13:35:32,ICBP,RG,9950,1,D,KK,DR,D
13:35:32,ICBP,RG,9950,2,D,AZ,DR,D
13:35:28,ICBP,RG,9925,3,D,AK,AK,D
13:35:28,ICBP,RG,9925,7,D,AK,AK,D
13:35:28,ICBP,RG,9925,11,D,AK,YU,D
13:35:28,ICBP,RG,9925,20,D,AK,RX,D
13:35:28,ICBP,RG,9925,2,D,AK,YU,D
13:35:28,ICBP,RG,9925,8,D,AK,ZP,F
13:35:28,ICBP,RG,9925,1,D,AK,ZP,F
13:35:28,ICBP,RG,9925,6,D,AK,ZP,F
13:35:28,ICBP,RG,9925,1,D,AK,AK,D
13:35:27,ICBP,RG,9925,2,D,AK,AK,D
13:35:27,ICBP,RG,9925,1,D,AK,AK,D
13:35:27,ICBP,RG,9925,31,D,AK,RX,D
13:35:27,ICBP,RG,9925,1,D,XC,RX,D
13:35:27,ICBP,RG,9925,23,D,AK,RX,D
13:35:27,ICBP,RG,9925,4,D,AK,RX,D
13:35:27,ICBP,RG,9925,9,D,AK,YU,F
13:35:27,ICBP,RG,9925,3,D,AK,AK,D
13:35:27,ICBP,RG,9925,1,D,AK,AK,D
13:35:27,ICBP,RG,9925,10,D,AK,YU,D
13:35:27,ICBP,RG,9925,3,D,AK,ZP,F
13:35:22,ICBP,RG,9925,5,D,PD,ZP,F
13:35:10,ICBP,RG,9925,5,F,AK,ZP,F
13:35:10,ICBP,RG,9925,13,D,PD,ZP,F
13:35:10,ICBP,RG,9925,27,D,PD,ZP,F
13:35:10,ICBP,RG,9925,1,D,PD,YU,D
13:35:10,ICBP,RG,9925,11,D,PD,YU,D
13:35:10,ICBP,RG,9925,4,D,PD,AK,F
13:35:00,ICBP,RG,9925,1,F,AK,AK,F
13:35:00,ICBP,RG,9925,1,D,PD,AK,F
13:34:55,ICBP,RG,9925,20,D,SQ,AK,F
13:34:49,ICBP,RG,9925,1,F,AK,AK,F
13:34:49,ICBP,RG,9925,2,F,AK,AK,F
13:34:49,ICBP,RG,9900,1,D,CC,ZP,F
13:34:49,ICBP,RG,9900,1,D,AK,ZP,F
13:34:49,ICBP,RG,9900,1,D,AK,ZP,F
13:34:49,ICBP,RG,9900,3,D,AK,ZP,F
13:34:49,ICBP,RG,9900,1,D,AK,ZP,F
13:34:49,ICBP,RG,9900,2,D,AK,ZP,F
13:34:49,ICBP,RG,9900,1,D,AK,ZP,F
13:34:49,ICBP,RG,9900,1,D,AK,ZP,F
13:34:35,ICBP,RG,9925,5,D,XC,AK,F
13:34:29,ICBP,RG,9925,4,D,YP,AK,F
13:34:29,ICBP,RG,9925,1,D,YP,ZP,F
13:34:17,ICBP,RG,9900,1,D,AK,RX,D
13:34:17,ICBP,RG,9900,7,D,OD,RX,D
13:34:01,ICBP,RG,9925,1,F,AK,ZP,F
13:34:01,ICBP,RG,9900,6,D,OD,RX,D
13:33:49,ICBP,RG,9925,1,F,AK,ZP,F
13:33:48,ICBP,RG,9900,6,D,OD,RX,D
13:33:48,ICBP,RG,9925,1,D,YP,ZP,F
13:33:39,ICBP,RG,9925,2,D,CC,ZP,F
13:33:34,ICBP,RG,9925,1,F,AK,ZP,F
13:33:34,ICBP,RG,9900,10,D,OD,ZP,F
13:33:34,ICBP,RG,9900,8,D,OD,RX,D
13:33:19,ICBP,RG,9925,1,F,AK,ZP,F
13:33:19,ICBP,RG,9900,7,D,OD,RX,D
13:33:05,ICBP,RG,9925,1,D,EP,ZP,F
13:33:03,ICBP,RG,9900,11,D,OD,RX,D
13:32:44,ICBP,RG,9925,1,D,YP,ZP,F
13:32:32,ICBP,RG,9925,1,D,XC,ZP,F
13:32:20,ICBP,RG,9925,2,F,AK,ZP,F
13:32:20,ICBP,RG,9900,10,D,OD,ZP,F
13:32:20,ICBP,RG,9925,28,F,AK,ZP,F
13:32:20,ICBP,RG,9900,54,D,OD,PD,D
13:32:20,ICBP,RG,9900,1,D,OD,PD,D
13:32:20,ICBP,RG,9900,245,D,IF,PD,D
13:32:18,ICBP,RG,9925,7,D,CC,ZP,F
13:32:17,ICBP,RG,9925,1,F,AK,ZP,F
13:32:16,ICBP,RG,9900,10,D,IF,ZP,F
13:32:12,ICBP,RG,9925,1,F,AK,ZP,F
13:32:11,ICBP,RG,9900,10,D,IF,ZP,F
13:32:00,ICBP,RG,9925,1,F,AK,ZP,F
13:32:00,ICBP,RG,9900,10,D,IF,ZP,F
13:31:49,ICBP,RG,9925,1,D,YP,ZP,F
13:31:32,ICBP,RG,9925,7,F,AK,ZP,F
13:31:32,ICBP,RG,9900,25,D,IF,AI,D
13:31:32,ICBP,RG,9900,2,D,XL,AI,D
13:31:32,ICBP,RG,9900,41,D,IF,AI,D
13:31:30,ICBP,RG,9925,3,F,AK,ZP,F
13:31:30,ICBP,RG,9900,15,D,IF,ZP,F
13:31:04,ICBP,RG,9925,17,D,OD,ZP,F
13:31:03,ICBP,RG,9900,1,D,IF,PD,D
13:31:00,ICBP,RG,9925,9,F,AK,ZP,F
13:31:00,ICBP,RG,9900,15,D,IF,ZP,F
13:30:51,ICBP,RG,9925,1,D,YP,ZP,F
13:30:36,ICBP,RG,9925,4,D,OD,ZP,F
13:30:36,ICBP,RG,9925,5,D,OD,PD,D
13:30:36,ICBP,RG,9925,8,D,OD,ZP,F
13:30:18,ICBP,RG,9925,17,D,OD,ZP,F
13:30:13,ICBP,RG,9925,2,D,PD,ZP,F
13:30:13,ICBP,RG,9925,29,D,PD,YP,D
13:30:13,ICBP,RG,9925,1,D,PD,DH,D
13:30:13,ICBP,RG,9925,14,D,PD,KK,D
13:30:13,ICBP,RG,9925,11,D,PD,KK,D
13:30:05,ICBP,RG,9925,2,F,AK,KK,D
13:30:05,ICBP,RG,9925,2,F,AK,HP,F
13:30:05,ICBP,RG,9925,10,F,AK,EP,D
13:30:05,ICBP,RG,9925,5,F,AK,YB,D
13:30:05,ICBP,RG,9925,1,F,AK,RX,D
13:30:05,ICBP,RG,9925,22,F,AK,RX,D
13:30:05,ICBP,RG,9900,13,D,IF,AK,D
13:30:03,ICBP,RG,9900,5,D,IF,OD,D
13:30:02,ICBP,RG,9900,5,D,IF,YP,D
13:30:02,ICBP,RG,9925,2,D,XC,RX,D
13:30:02,ICBP,RG,9900,6,D,IF,YP,D
13:30:02,ICBP,RG,9925,1,D,XL,RX,D
13:30:02,ICBP,RG,9900,1,D,IF,YP,D
13:30:02,ICBP,RG,9900,64,D,IF,ZP,F
13:30:02,ICBP,RG,9900,1,D,IF,CC,D
13:30:01,ICBP,RG,9900,1,D,IF,CC,D
13:30:01,ICBP,RG,9925,20,D,XL,RX,D
13:30:01,ICBP,RG,9925,1,D,XL,RX,D
13:30:01,ICBP,RG,9900,2,D,IF,PD,D
13:30:01,ICBP,RG,9900,1,D,IF,PD,D
13:30:01,ICBP,RG,9900,1,D,IF,AT,D
13:30:01,ICBP,RG,9900,28,D,IF,CC,D
13:30:01,ICBP,RG,9900,1,D,SQ,CC,D
13:30:01,ICBP,RG,9900,1,D,XC,CC,D
13:30:01,ICBP,RG,9900,1,D,AK,CC,D
13:30:01,ICBP,RG,9900,1,D,AK,CC,D
13:30:01,ICBP,RG,9900,1,D,AK,CC,D
13:30:01,ICBP,RG,9900,2,D,AK,CC,D
13:30:01,ICBP,RG,9900,1,D,AK,CC,D
13:30:01,ICBP,RG,9900,1,D,AK,CC,D
13:30:01,ICBP,RG,9900,1,D,AK,CC,D
13:30:01,ICBP,RG,9900,1,D,AK,CC,D
13:30:01,ICBP,RG,9900,1,D,AK,CC,D
13:30:01,ICBP,RG,9900,10,D,AK,CC,D
13:30:01,ICBP,RG,9900,4,D,AK,CC,D
13:30:01,ICBP,RG,9900,5,D,AK,CC,D
13:30:01,ICBP,RG,9900,5,D,AK,XL,D
13:30:01,ICBP,RG,9900,1,D,AK,PD,D
13:30:01,ICBP,RG,9925,5,D,YP,RX,D
13:30:01,ICBP,RG,9925,1,D,PD,RX,D
13:30:01,ICBP,RG,9900,2,D,AK,PD,D
13:30:01,ICBP,RG,9925,3,D,PD,RX,D
13:30:01,ICBP,RG,9900,2,D,AK,PD,D
13:30:01,ICBP,RG,9925,3,D,KK,RX,D
13:30:01,ICBP,RG,9900,4,D,AK,SQ,D
13:30:01,ICBP,RG,9900,1,D,AK,GR,D
13:30:01,ICBP,RG,9900,7,D,AK,GR,D
13:30:01,ICBP,RG,9900,1,D,AK,GR,D
13:30:01,ICBP,RG,9900,1,D,AK,YP,D
13:30:01,ICBP,RG,9900,4,D,AK,YP,D
13:30:01,ICBP,RG,9900,4,D,AK,ZP,F
13:30:01,ICBP,RG,9900,4,D,AK,ZP,F
13:30:01,ICBP,RG,9900,7,D,AK,ZP,F
13:30:01,ICBP,RG,9900,1,D,AK,ZP,F
13:30:01,ICBP,RG,9900,11,D,AK,ZP,F
13:30:01,ICBP,RG,9900,3,D,DR,ZP,F
13:30:01,ICBP,RG,9900,10,D,CC,ZP,F
13:30:01,ICBP,RG,9900,1,D,KK,ZP,F
13:30:01,ICBP,RG,9900,1,F,KK,ZP,F
13:30:01,ICBP,RG,9900,1,D,XC,ZP,F
13:30:01,ICBP,RG,9900,10,D,PD,ZP,F
13:30:01,ICBP,RG,9900,5,D,XC,ZP,F
13:30:01,ICBP,RG,9900,2,D,NI,ZP,F
13:30:01,ICBP,RG,9900,1,D,DH,ZP,F
13:30:01,ICBP,RG,9900,5,D,YP,ZP,F
13:30:01,ICBP,RG,9900,54,D,OD,ZP,F
13:30:00,ICBP,RG,9900,21,D,OD,TP,D
13:30:00,ICBP,RG,9925,1,D,CS,RX,D
13:30:00,ICBP,RG,9925,5,D,CS,PD,D
13:30:00,ICBP,RG,9925,4,D,CS,YU,F
13:30:00,ICBP,RG,9925,13,D,CS,ZP,F
13:30:00,ICBP,RG,9925,3,D,IF,ZP,F
13:30:00,ICBP,RG,9925,2,D,IF,AT,D
13:30:00,ICBP,RG,9925,1,D,IF,YU,D
13:30:00,ICBP,RG,9900,10,D,OD,CP,D
11:29:33,ICBP,RG,9900,25,D,OD,RX,D
11:29:20,ICBP,RG,9925,1,D,XC,RX,D
11:29:20,ICBP,RG,9925,1,D,XC,ZP,F
11:29:01,ICBP,RG,9925,9,D,PD,ZP,F
11:29:01,ICBP,RG,9925,45,D,PD,CP,D
11:29:00,ICBP,RG,9900,1,D,OD,AK,D
11:29:00,ICBP,RG,9900,1,D,OD,AK,D
11:28:43,ICBP,RG,9925,2,F,AK,CP,D
11:28:43,ICBP,RG,9925,1,D,NI,CP,D
11:28:43,ICBP,RG,9925,11,F,AK,CP,D
11:28:43,ICBP,RG,9925,2,F,AK,CP,D
11:28:43,ICBP,RG,9925,39,D,YB,CP,D
11:28:18,ICBP,RG,9925,6,D,YB,ZP,F
11:28:06,ICBP,RG,9925,6,D,YB,ZP,F
11:27:57,ICBP,RG,9925,10,D,YB,ZP,F
11:27:57,ICBP,RG,9925,11,D,YB,YU,D
11:27:57,ICBP,RG,9925,10,D,YB,ZP,F
11:27:57,ICBP,RG,9925,5,D,YB,CC,D
11:27:57,ICBP,RG,9925,3,D,YB,BQ,D
11:27:57,ICBP,RG,9925,2,D,YB,AK,D
11:27:57,ICBP,RG,9925,8,D,YB,YU,F
11:27:49,ICBP,RG,9900,1,D,OD,AK,D
11:27:39,ICBP,RG,9900,6,D,OD,TP,D
11:27:39,ICBP,RG,9900,1,D,OD,TP,D
11:27:39,ICBP,RG,9900,6,D,XC,TP,D
11:27:39,ICBP,RG,9900,1,D,AK,TP,D
11:27:39,ICBP,RG,9900,2,D,AK,TP,D
11:27:39,ICBP,RG,9900,1,D,AK,TP,D
11:27:39,ICBP,RG,9900,1,D,AK,TP,D
11:27:39,ICBP,RG,9900,2,D,AK,TP,D
11:27:39,ICBP,RG,9900,5,D,AK,TP,D
11:27:39,ICBP,RG,9900,1,D,AK,TP,D
11:27:39,ICBP,RG,9900,1,D,AK,TP,D
11:27:39,ICBP,RG,9900,7,D,AK,TP,D
11:27:39,ICBP,RG,9900,2,D,CS,TP,D
11:27:39,ICBP,RG,9900,5,D,LG,TP,D
11:27:39,ICBP,RG,9900,3,D,SQ,TP,D
11:27:39,ICBP,RG,9900,2,D,KK,TP,D
11:27:39,ICBP,RG,9900,1,D,KK,TP,D
11:27:39,ICBP,RG,9900,2,D,SQ,TP,D
11:27:39,ICBP,RG,9900,2,D,XL,TP,D
11:27:39,ICBP,RG,9900,4,D,CS,TP,D
11:27:39,ICBP,RG,9900,1,D,AK,TP,D
11:27:39,ICBP,RG,9900,69,F,BK,TP,D
11:27:39,ICBP,RG,9900,50,D,GR,TP,D
11:27:39,ICBP,RG,9900,1,D,PD,TP,D
11:27:39,ICBP,RG,9900,5,D,PD,TP,D
11:27:39,ICBP,RG,9900,1,D,XL,TP,D
11:27:39,ICBP,RG,9900,3,D,CS,TP,D
11:27:39,ICBP,RG,9900,1,D,AK,TP,D
11:27:39,ICBP,RG,9900,5,D,CC,TP,D
11:27:39,ICBP,RG,9900,1,D,AK,TP,D
11:27:39,ICBP,RG,9900,113,F,BK,TP,D
11:27:39,ICBP,RG,9900,1,D,XC,TP,D
11:27:39,ICBP,RG,9900,1,D,AK,TP,D
11:27:39,ICBP,RG,9900,2,D,CS,TP,D
11:27:39,ICBP,RG,9900,2,D,PD,TP,D
11:27:39,ICBP,RG,9900,1,D,PD,TP,D
11:27:39,ICBP,RG,9900,4,D,CS,TP,D
11:27:39,ICBP,RG,9900,10,D,KK,TP,D
11:27:39,ICBP,RG,9900,3,F,CC,TP,D
11:27:39,ICBP,RG,9900,1,D,AK,TP,D
11:27:39,ICBP,RG,9900,1,D,SQ,TP,D
11:27:39,ICBP,RG,9900,1,D,AK,TP,D
11:27:39,ICBP,RG,9900,1,D,YP,TP,D
11:27:39,ICBP,RG,9900,1,D,XC,TP,D
11:27:39,ICBP,RG,9900,1,D,AK,TP,D
11:27:39,ICBP,RG,9900,119,D,OD,TP,D
11:27:39,ICBP,RG,9900,1,D,OD,TP,D
11:27:39,ICBP,RG,9900,1,D,XC,TP,D
11:27:39,ICBP,RG,9900,1,D,SQ,TP,D
11:27:39,ICBP,RG,9900,1,D,PD,TP,D
11:27:39,ICBP,RG,9900,1,D,EP,TP,D
11:27:39,ICBP,RG,9900,2,D,CS,TP,D
11:27:39,ICBP,RG,9900,2,D,XC,TP,D
11:27:39,ICBP,RG,9900,1,D,DH,TP,D
11:27:39,ICBP,RG,9900,1,D,AK,TP,D
11:27:39,ICBP,RG,9900,1,D,AK,TP,D
11:27:39,ICBP,RG,9900,1,D,KK,TP,D
11:27:39,ICBP,RG,9900,1,F,KK,TP,D
11:27:39,ICBP,RG,9900,13,D,KK,TP,D
11:27:39,ICBP,RG,9900,2,D,CS,TP,D
11:27:39,ICBP,RG,9900,1,D,AK,TP,D
11:27:39,ICBP,RG,9900,300,D,IF,TP,D
11:27:39,ICBP,RG,9900,1,D,AK,TP,D
11:27:39,ICBP,RG,9900,1,D,AK,TP,D
11:27:39,ICBP,RG,9900,1,D,DR,TP,D
11:27:39,ICBP,RG,9900,10,D,XC,TP,D
11:27:39,ICBP,RG,9900,5,D,NI,TP,D
11:27:39,ICBP,RG,9900,1,D,AK,TP,D
11:27:39,ICBP,RG,9900,1,D,PD,TP,D
11:27:39,ICBP,RG,9900,1,D,KK,TP,D
11:27:39,ICBP,RG,9900,1,D,SQ,TP,D
11:27:39,ICBP,RG,9900,3,D,CS,TP,D
11:27:39,ICBP,RG,9900,4,D,AK,TP,D
11:27:39,ICBP,RG,9900,1,D,AK,TP,D
11:27:39,ICBP,RG,9900,19,F,AK,TP,D
11:27:39,ICBP,RG,9900,59,D,XC,TP,D
11:27:39,ICBP,RG,9900,1,D,XC,TP,D
11:27:39,ICBP,RG,9900,1,D,AK,TP,D
11:27:39,ICBP,RG,9900,1,D,AK,TP,D
11:27:39,ICBP,RG,9900,2,D,AK,TP,D
11:27:39,ICBP,RG,9900,1,D,AK,TP,D
11:27:39,ICBP,RG,9900,1,D,AK,TP,D
11:27:39,ICBP,RG,9900,2,D,AK,TP,D
11:27:39,ICBP,RG,9900,1,D,AK,TP,D
11:27:39,ICBP,RG,9900,2,D,AK,TP,D
11:27:39,ICBP,RG,9900,1,D,AK,TP,D
11:27:39,ICBP,RG,9900,1,D,AK,TP,D
11:27:39,ICBP,RG,9900,1,D,AK,TP,D
11:27:39,ICBP,RG,9900,2,D,AK,TP,D
11:27:39,ICBP,RG,9900,1,D,AK,TP,D
11:27:39,ICBP,RG,9900,1,D,AK,TP,D
11:27:39,ICBP,RG,9900,2,D,AK,TP,D
11:27:39,ICBP,RG,9900,1,D,AK,TP,D
11:27:39,ICBP,RG,9900,86,F,AK,TP,D
11:27:22,ICBP,RG,9925,1,D,CS,YU,D
11:26:05,ICBP,RG,9925,1,D,CS,AK,D
11:25:56,ICBP,RG,9925,10,F,BK,CC,D
11:25:56,ICBP,RG,9925,1,F,BK,AK,D
11:25:56,ICBP,RG,9925,1,F,BK,CC,D
11:25:56,ICBP,RG,9925,2,F,BK,YU,D
11:25:56,ICBP,RG,9925,10,F,BK,YU,D
11:25:56,ICBP,RG,9925,10,F,BK,ZP,F
11:25:56,ICBP,RG,9925,5,F,BK,CC,F
11:25:56,ICBP,RG,9925,10,F,BK,ZP,F
11:25:56,ICBP,RG,9925,1,F,BK,AK,D
11:25:56,ICBP,RG,9925,10,F,BK,YU,F
11:25:56,ICBP,RG,9925,40,F,BK,AK,F
11:25:56,ICBP,RG,9925,1,F,BK,AK,D
11:25:56,ICBP,RG,9925,1,F,BK,YU,D
11:25:56,ICBP,RG,9925,65,F,BK,RX,D
11:25:48,ICBP,RG,9925,1,D,KK,RX,D
11:25:46,ICBP,RG,9900,11,F,AK,ZP,F
11:25:46,ICBP,RG,9925,33,D,XC,RX,D
11:25:37,ICBP,RG,9925,4,D,CS,YU,F
11:25:34,ICBP,RG,9900,1,F,AK,AK,D
11:25:19,ICBP,RG,9925,4,D,BQ,YU,F
11:25:19,ICBP,RG,9925,2,D,BQ,ZP,F
11:25:19,ICBP,RG,9900,1,F,AK,AK,D
11:24:41,ICBP,RG,9925,1,D,XL,ZP,F
11:24:38,ICBP,RG,9900,11,F,AK,ZP,F
11:24:19,ICBP,RG,9900,1,F,AK,AK,D
11:24:05,ICBP,RG,9925,6,D,PD,ZP,F
11:24:05,ICBP,RG,9925,2,D,PD,YU,D
11:24:05,ICBP,RG,9925,1,D,PD,KK,D
11:24:05,ICBP,RG,9925,44,D,PD,RX,D
11:24:04,ICBP,RG,9900,1,F,AK,AK,D
11:23:33,ICBP,RG,9900,1,F,AK,AK,D
11:23:32,ICBP,RG,9900,3,F,AK,AT,D
11:23:17,ICBP,RG,9900,10,F,AK,ZP,F
11:22:49,ICBP,RG,9900,1,F,AK,AK,D
11:22:43,ICBP,RG,9900,50,F,AK,PD,D
11:22:25,ICBP,RG,9900,13,F,AK,LG,D
11:22:25,ICBP,RG,9900,1,D,XC,LG,D
11:22:25,ICBP,RG,9900,1,D,AK,LG,D
11:22:25,ICBP,RG,9900,3,D,CS,LG,D
11:22:25,ICBP,RG,9900,1,D,XC,LG,D
11:22:25,ICBP,RG,9900,4,D,PD,LG,D
11:22:25,ICBP,RG,9900,1,D,AK,LG,D
11:22:25,ICBP,RG,9900,2,D,AK,LG,D
11:22:25,ICBP,RG,9900,1,D,AK,LG,D
11:22:25,ICBP,RG,9900,2,D,AK,LG,D
11:22:25,ICBP,RG,9900,2,D,AK,LG,D
11:22:25,ICBP,RG,9900,2,D,AK,LG,D
11:22:25,ICBP,RG,9900,1,D,AK,LG,D
11:22:25,ICBP,RG,9900,3,D,AK,LG,D
11:22:25,ICBP,RG,9900,48,D,NI,LG,D
11:22:19,ICBP,RG,9900,1,D,NI,AK,D
11:22:17,ICBP,RG,9925,5,D,PD,RX,D
11:21:53,ICBP,RG,9925,1,D,XC,RX,D
11:20:38,ICBP,RG,9925,12,D,PD,RX,D
11:20:38,ICBP,RG,9925,8,D,PD,ZP,F
11:20:38,ICBP,RG,9925,11,D,PD,ZP,F
11:20:38,ICBP,RG,9925,1,D,PD,YP,D
11:20:38,ICBP,RG,9925,10,D,PD,YU,D
11:20:38,ICBP,RG,9925,1,D,PD,RX,D
11:20:38,ICBP,RG,9925,9,D,PD,YU,F
11:20:21,ICBP,RG,9925,11,D,AK,ZP,F
11:20:21,ICBP,RG,9925,5,D,AK,AK,F
11:20:21,ICBP,RG,9925,25,D,AK,AK,F
11:20:21,ICBP,RG,9925,37,D,AK,FS,D
11:20:21,ICBP,RG,9925,18,D,AK,FS,D
11:20:21,ICBP,RG,9925,79,D,AK,FS,D
11:20:21,ICBP,RG,9925,1,D,AK,FS,D
11:20:21,ICBP,RG,9925,3,D,AK,FS,D
11:20:20,ICBP,RG,9925,12,D,AK,FS,D
11:20:20,ICBP,RG,9925,12,D,AK,ZP,F
11:20:20,ICBP,RG,9925,1,D,AK,AK,D
11:20:20,ICBP,RG,9925,15,D,AK,KK,D
11:20:20,ICBP,RG,9925,121,D,AK,KK,D
11:20:20,ICBP,RG,9925,29,D,AK,KK,D
11:20:20,ICBP,RG,9925,1,D,AK,AK,D
11:20:20,ICBP,RG,9925,1,D,AK,AK,D
11:20:20,ICBP,RG,9925,14,D,AK,YU,D
11:20:20,ICBP,RG,9925,13,D,AK,RX,D
11:20:20,ICBP,RG,9925,5,D,AK,RX,D
11:20:20,ICBP,RG,9925,35,D,AK,RX,D
11:20:20,ICBP,RG,9925,7,D,AK,RX,D
11:20:20,ICBP,RG,9925,10,D,AK,RX,D
11:20:20,ICBP,RG,9925,1,D,AK,YU,D
11:20:20,ICBP,RG,9925,42,D,AK,CC,D
11:20:20,ICBP,RG,9925,2,D,AK,CC,D
11:20:19,ICBP,RG,9900,11,D,NI,ZP,F
11:20:19,ICBP,RG,9900,1,D,NI,AK,D
11:20:04,ICBP,RG,9900,1,D,NI,AK,D
11:19:56,ICBP,RG,9900,13,D,NI,RX,D
11:19:54,ICBP,RG,9900,1,D,NI,RX,D
11:19:50,ICBP,RG,9900,10,D,NI,ZP,F
11:19:46,ICBP,RG,9900,10,D,NI,ZP,F
11:19:34,ICBP,RG,9900,10,D,NI,ZP,F
11:19:34,ICBP,RG,9900,1,D,NI,AK,D
11:19:20,ICBP,RG,9900,10,D,NI,ZP,F
11:19:19,ICBP,RG,9900,10,D,NI,RX,D
11:18:54,ICBP,RG,9900,100,D,NI,CC,D
11:18:52,ICBP,RG,9900,18,D,NI,RX,D
11:18:49,ICBP,RG,9900,1,D,NI,AK,D
11:18:34,ICBP,RG,9900,1,D,NI,AK,D
11:18:02,ICBP,RG,9900,9,D,NI,RX,D
11:18:00,ICBP,RG,9900,1,D,NI,AK,D
11:18:00,ICBP,RG,9900,21,D,NI,ZP,F
11:18:00,ICBP,RG,9900,27,D,NI,YU,D
11:17:36,ICBP,RG,9900,12,D,NI,RX,D
11:17:19,ICBP,RG,9900,1,D,NI,AK,D
11:17:02,ICBP,RG,9900,1,D,NI,AK,D
11:17:01,ICBP,RG,9900,11,D,NI,RX,D
11:16:57,ICBP,RG,9900,56,D,NI,YP,D
11:16:45,ICBP,RG,9900,2,D,NI,YU,D
11:16:34,ICBP,RG,9900,10,D,NI,ZP,F
11:16:34,ICBP,RG,9900,1,D,NI,AK,D
11:15:49,ICBP,RG,9900,1,D,NI,AK,D
11:15:21,ICBP,RG,9900,11,D,NI,ZP,F
11:15:21,ICBP,RG,9925,8,D,XC,CC,D
11:15:21,ICBP,RG,9925,3,D,XC,YU,F
11:15:04,ICBP,RG,9900,1,D,NI,AK,D
11:14:47,ICBP,RG,9925,1,D,XL,YU,F
11:14:19,ICBP,RG,9900,11,D,NI,ZP,F
11:14:19,ICBP,RG,9900,1,D,NI,AK,D
11:14:05,ICBP,RG,9925,4,D,PD,YU,F
11:14:05,ICBP,RG,9925,49,D,PD,RX,D
11:13:49,ICBP,RG,9900,8,D,NI,RX,D
11:13:34,ICBP,RG,9900,1,D,NI,AK,D
11:13:14,ICBP,RG,9900,8,D,NI,RX,D
11:13:04,ICBP,RG,9900,1,D,NI,AK,D
11:12:41,ICBP,RG,9900,7,D,NI,RX,D
11:12:09,ICBP,RG,9900,10,D,NI,ZP,F
11:12:09,ICBP,RG,9900,9,D,NI,RX,D
11:12:04,ICBP,RG,9900,1,D,NI,AK,D
11:12:02,ICBP,RG,9900,2,D,NI,YP,D
11:11:55,ICBP,RG,9925,2,D,XL,RX,D
11:11:43,ICBP,RG,9900,8,D,NI,PD,D
11:11:34,ICBP,RG,9900,1,D,NI,AK,D
11:11:04,ICBP,RG,9900,1,D,NI,AK,D
11:10:21,ICBP,RG,9900,2,D,NI,AZ,D
11:10:19,ICBP,RG,9900,10,D,NI,ZP,F
11:10:19,ICBP,RG,9900,1,D,NI,AK,D
11:09:49,ICBP,RG,9900,6,D,NI,ZP,F
11:09:49,ICBP,RG,9900,1,D,AK,ZP,F
11:09:49,ICBP,RG,9900,4,D,OD,ZP,F
11:09:49,ICBP,RG,9900,1,D,OD,AK,D
11:09:21,ICBP,RG,9900,11,D,OD,ZP,F
11:09:20,ICBP,RG,9925,15,D,PD,RX,D
11:09:20,ICBP,RG,9925,1,D,PD,YU,D
11:09:20,ICBP,RG,9925,15,D,PD,ZP,F
11:09:20,ICBP,RG,9925,5,D,PD,OD,D
11:09:20,ICBP,RG,9925,17,D,PD,RX,D
11:09:14,ICBP,RG,9900,39,D,OD,RX,D
11:09:04,ICBP,RG,9900,1,D,OD,AK,D
11:09:01,ICBP,RG,9900,1,D,OD,DR,D
11:09:00,ICBP,RG,9900,44,D,OD,CC,D
11:08:47,ICBP,RG,9925,1,D,KK,RX,D
11:08:34,ICBP,RG,9900,1,D,OD,AK,D
11:08:04,ICBP,RG,9900,1,D,OD,AK,D
11:07:41,ICBP,RG,9925,1,D,XL,RX,D
11:07:19,ICBP,RG,9900,1,D,OD,AK,D
11:07:15,ICBP,RG,9900,3,D,OD,YU,D
11:06:51,ICBP,RG,9900,7,D,OD,RX,D
11:06:49,ICBP,RG,9900,1,D,OD,AK,D
11:05:50,ICBP,RG,9925,1,D,PD,RX,D
11:05:49,ICBP,RG,9900,1,D,OD,AK,D
11:05:33,ICBP,RG,9925,1,D,XL,RX,D
11:05:13,ICBP,RG,9925,1,D,XC,RX,D
11:05:04,ICBP,RG,9900,1,D,OD,AK,D
11:04:55,ICBP,RG,9925,1,D,XC,RX,D
11:04:25,ICBP,RG,9925,1,D,NI,RX,D
11:04:15,ICBP,RG,9925,1,D,KK,RX,D
11:04:05,ICBP,RG,9925,43,D,PD,RX,D
11:04:05,ICBP,RG,9925,10,D,PD,YU,D
11:04:05,ICBP,RG,9925,15,D,PD,ZP,F
11:04:05,ICBP,RG,9925,1,D,PD,YU,D
11:04:05,ICBP,RG,9925,16,D,PD,ZP,F
11:04:05,ICBP,RG,9925,6,D,PD,ZP,F
11:04:05,ICBP,RG,9925,6,D,PD,SQ,D
11:04:05,ICBP,RG,9925,8,D,PD,EP,D
11:03:33,ICBP,RG,9900,2,D,OD,LG,D
11:03:25,ICBP,RG,9900,1,D,OD,RX,D
11:03:25,ICBP,RG,9900,1,D,AK,RX,D
11:03:25,ICBP,RG,9900,1,D,AK,RX,D
11:03:25,ICBP,RG,9900,2,F,CC,RX,D
11:03:25,ICBP,RG,9900,4,D,CS,RX,D
11:03:18,ICBP,RG,9900,1,D,YP,AK,D
11:03:17,ICBP,RG,9900,1,D,YP,ZP,F
11:03:17,ICBP,RG,9900,1,D,YP,ZP,F
11:03:17,ICBP,RG,9900,1,D,AK,ZP,F
11:03:17,ICBP,RG,9900,2,D,AK,ZP,F
11:03:17,ICBP,RG,9900,1,D,AK,ZP,F
11:03:17,ICBP,RG,9900,1,D,AK,ZP,F
11:03:17,ICBP,RG,9900,3,F,AK,ZP,F
11:02:49,ICBP,RG,9900,12,F,AK,RX,D
11:02:26,ICBP,RG,9925,1,D,PD,EP,D
11:02:04,ICBP,RG,9900,5,F,AK,RX,D
11:02:04,ICBP,RG,9900,1,D,AK,RX,D
11:02:04,ICBP,RG,9900,2,D,CS,RX,D
11:02:04,ICBP,RG,9900,1,D,AK,RX,D
11:02:04,ICBP,RG,9900,2,D,AK,RX,D
11:02:04,ICBP,RG,9900,1,D,AK,RX,D
11:02:04,ICBP,RG,9900,1,D,AK,RX,D
11:02:04,ICBP,RG,9900,2,D,YP,RX,D
11:02:04,ICBP,RG,9900,1,D,AK,RX,D
11:02:04,ICBP,RG,9900,1,D,PD,RX,D
11:02:04,ICBP,RG,9900,1,D,AZ,RX,D
11:02:04,ICBP,RG,9900,1,D,AK,RX,D
11:02:04,ICBP,RG,9900,1,D,AK,RX,D
11:02:04,ICBP,RG,9900,1,D,SQ,RX,D
11:02:04,ICBP,RG,9900,1,D,YP,RX,D
11:02:04,ICBP,RG,9900,1,D,KK,RX,D
11:02:04,ICBP,RG,9900,1,D,SQ,RX,D
11:02:04,ICBP,RG,9900,3,D,AK,RX,D
11:02:04,ICBP,RG,9900,1,D,AK,RX,D
11:02:04,ICBP,RG,9900,1,D,AK,RX,D
11:02:04,ICBP,RG,9900,1,D,AK,RX,D
11:02:04,ICBP,RG,9900,1,D,AK,RX,D
11:02:04,ICBP,RG,9900,1,D,AK,RX,D
11:02:04,ICBP,RG,9900,1,D,AK,RX,D
11:02:04,ICBP,RG,9900,1,D,AK,RX,D
11:02:04,ICBP,RG,9900,1,D,AK,RX,D
11:02:04,ICBP,RG,9900,2,D,AK,RX,D
11:01:41,ICBP,RG,9900,2,D,AK,ZP,F
11:01:41,ICBP,RG,9900,8,F,AK,ZP,F
11:00:54,ICBP,RG,9900,11,F,AK,ZP,F
11:00:36,ICBP,RG,9925,5,D,OD,EP,D
10:59:50,ICBP,RG,9900,55,F,AK,RX,D
10:59:30,ICBP,RG,9900,10,F,AK,ZP,F
10:59:30,ICBP,RG,9900,5,F,AK,YP,D
10:57:54,ICBP,RG,9900,10,F,AK,ZP,F
10:57:21,ICBP,RG,9900,10,F,AK,ZP,F
10:57:00,ICBP,RG,9900,10,F,AK,ZP,F
10:56:26,ICBP,RG,9925,1,D,LG,EP,D
10:56:16,ICBP,RG,9925,10,D,YP,EP,D
10:56:00,ICBP,RG,9900,4,F,AK,ZP,F
10:56:00,ICBP,RG,9900,2,D,PD,ZP,F
10:56:00,ICBP,RG,9900,4,D,CS,ZP,F
10:56:00,ICBP,RG,9900,1,D,PD,ZP,F
10:55:54,ICBP,RG,9925,1,D,AG,EP,D
10:55:36,ICBP,RG,9900,1,D,YP,YP,F
10:55:36,ICBP,RG,9900,1,D,AK,YP,F
10:55:36,ICBP,RG,9900,59,D,OD,YP,F
10:55:36,ICBP,RG,9900,1,D,OD,YP,F
10:55:36,ICBP,RG,9900,2,D,XC,YP,F
10:55:36,ICBP,RG,9900,1,D,XL,YP,F
10:55:36,ICBP,RG,9900,5,D,AZ,YP,F
10:55:36,ICBP,RG,9900,1,D,AK,YP,F
10:55:36,ICBP,RG,9900,1,D,AK,YP,F
10:55:36,ICBP,RG,9900,3,D,EP,YP,F
10:55:36,ICBP,RG,9900,1,D,AK,YP,F
10:55:36,ICBP,RG,9900,1,D,CC,YP,F
10:55:36,ICBP,RG,9900,3,D,AK,YP,F
10:55:36,ICBP,RG,9900,1,D,CC,YP,F
10:55:36,ICBP,RG,9900,2,D,SQ,YP,F
10:55:36,ICBP,RG,9900,1,D,AK,YP,F
10:55:36,ICBP,RG,9900,1,D,AK,YP,F
10:55:36,ICBP,RG,9900,16,F,AK,YP,F
10:55:36,ICBP,RG,9900,1,D,AK,YP,F
10:55:36,ICBP,RG,9900,1,D,AK,YP,F
10:55:36,ICBP,RG,9900,1,D,XL,YP,F
10:55:36,ICBP,RG,9900,1,D,CS,YP,F
10:55:36,ICBP,RG,9900,2,D,CS,YP,F
10:55:36,ICBP,RG,9900,2,D,PD,YP,F
10:55:36,ICBP,RG,9900,1,D,AK,YP,F
10:55:36,ICBP,RG,9900,3,D,AK,YP,F
10:55:36,ICBP,RG,9900,1,D,AK,YP,F
10:55:36,ICBP,RG,9900,2,D,AK,YP,F
10:54:15,ICBP,RG,9925,12,D,PD,EP,D
10:54:15,ICBP,RG,9925,9,D,PD,AK,D
10:54:15,ICBP,RG,9925,11,D,PD,YU,D
10:54:15,ICBP,RG,9925,10,D,PD,ZP,F
10:54:15,ICBP,RG,9925,6,D,PD,ZP,F
10:54:15,ICBP,RG,9925,5,D,PD,YU,F
10:53:30,ICBP,RG,9925,4,D,IF,YU,F
10:53:30,ICBP,RG,9925,1,D,IF,PD,D
10:53:30,ICBP,RG,9925,10,D,IF,ZP,F
10:53:30,ICBP,RG,9925,24,D,IF,AK,F
10:53:30,ICBP,RG,9925,8,D,IF,EP,D
10:53:30,ICBP,RG,9925,1,D,IF,PD,D
10:53:30,ICBP,RG,9925,12,D,IF,YP,D
10:53:30,ICBP,RG,9925,50,D,IF,SQ,D
10:53:30,ICBP,RG,9925,2,D,IF,YU,D
10:53:30,ICBP,RG,9925,10,D,IF,ZP,F
10:53:30,ICBP,RG,9925,6,D,IF,ZP,F
10:53:30,ICBP,RG,9925,22,D,IF,RX,D
10:53:26,ICBP,RG,9900,4,D,CS,ZP,F
10:53:26,ICBP,RG,9900,6,D,OD,ZP,F
10:53:16,ICBP,RG,9925,1,D,YP,RX,D
10:52:34,ICBP,RG,9925,1,D,XL,RX,D
10:52:04,ICBP,RG,9925,2,D,SQ,RX,D
10:51:48,ICBP,RG,9925,1,D,PD,RX,D
10:51:47,ICBP,RG,9900,53,D,OD,NI,D
10:51:47,ICBP,RG,9900,1,D,OD,NI,D
10:51:47,ICBP,RG,9900,1,D,AK,NI,D
10:51:47,ICBP,RG,9900,1,D,AK,NI,D
10:51:47,ICBP,RG,9900,1,D,AK,NI,D
10:51:47,ICBP,RG,9900,3,D,AK,NI,D
10:51:47,ICBP,RG,9900,1,D,AK,NI,D
10:51:47,ICBP,RG,9900,1,D,AK,NI,D
10:51:47,ICBP,RG,9900,1,D,AK,NI,D
10:51:47,ICBP,RG,9900,1,D,AK,NI,D
10:51:47,ICBP,RG,9900,1,D,AK,NI,D
10:51:47,ICBP,RG,9900,1,D,AK,NI,D
10:51:47,ICBP,RG,9900,1,D,AK,NI,D
10:51:47,ICBP,RG,9900,2,D,AK,NI,D
10:51:47,ICBP,RG,9900,1,D,AK,NI,D
10:51:47,ICBP,RG,9900,2,D,XL,NI,D
10:51:47,ICBP,RG,9900,1,D,YP,NI,D
10:51:47,ICBP,RG,9900,27,F,AK,NI,D
10:51:38,ICBP,RG,9925,13,F,AK,RX,D
10:51:37,ICBP,RG,9925,1,D,XC,RX,D
10:51:25,ICBP,RG,9925,86,D,IF,RX,D
10:51:25,ICBP,RG,9925,9,D,IF,AK,D
10:51:25,ICBP,RG,9925,1,D,IF,XC,D
10:51:25,ICBP,RG,9925,10,D,IF,ZP,F
10:51:25,ICBP,RG,9925,244,D,IF,GR,D
10:51:01,ICBP,RG,9900,4,F,AK,CC,D
10:50:00,ICBP,RG,9925,1,D,XL,GR,D
10:49:46,ICBP,RG,9925,5,D,PD,GR,D
10:49:46,ICBP,RG,9925,10,D,PD,YU,D
10:49:46,ICBP,RG,9925,12,D,PD,ZP,F
10:49:46,ICBP,RG,9925,8,D,PD,AK,D
10:49:46,ICBP,RG,9925,11,D,PD,ZP,F
10:49:46,ICBP,RG,9925,1,D,PD,YU,D
10:49:46,ICBP,RG,9925,5,D,PD,RX,D
10:49:15,ICBP,RG,9900,24,F,AK,YP,D
10:49:15,ICBP,RG,9900,2,D,CS,YP,D
10:49:15,ICBP,RG,9900,37,D,OD,YP,D
10:48:54,ICBP,RG,9900,9,D,OD,PD,D
10:48:48,ICBP,RG,9925,14,F,AK,RX,D
10:48:47,ICBP,RG,9925,27,D,IF,RX,D
10:48:47,ICBP,RG,9925,10,D,IF,ZP,F
10:48:47,ICBP,RG,9925,20,D,IF,ZP,F
10:48:47,ICBP,RG,9925,1,D,IF,RX,D
10:48:47,ICBP,RG,9925,10,D,IF,YU,D
10:48:47,ICBP,RG,9925,9,D,IF,AK,D
10:48:47,ICBP,RG,9925,2,D,IF,PD,D
10:48:47,ICBP,RG,9925,10,D,IF,ZP,F
10:48:47,ICBP,RG,9925,2,D,IF,YU,D
10:48:47,ICBP,RG,9925,10,D,IF,MK,D
10:48:47,ICBP,RG,9925,9,D,IF,YU,F
10:48:47,ICBP,RG,9925,10,D,IF,YU,D
10:48:47,ICBP,RG,9925,1,D,IF,XL,D
10:48:47,ICBP,RG,9925,5,D,IF,EP,D
10:48:47,ICBP,RG,9925,8,D,IF,YU,F
10:48:47,ICBP,RG,9925,3,D,IF,PD,D
10:48:47,ICBP,RG,9925,2,D,IF,YP,D
10:48:47,ICBP,RG,9925,1,D,IF,YU,D
10:48:47,ICBP,RG,9925,1,D,IF,PD,D
10:48:47,ICBP,RG,9925,9,D,IF,YU,D
10:48:25,ICBP,RG,9925,1,F,AK,YU,D
10:48:25,ICBP,RG,9900,10,D,OD,ZP,F
10:48:02,ICBP,RG,9925,1,F,AK,YU,D
10:48:02,ICBP,RG,9925,2,F,AK,YU,D
10:48:02,ICBP,RG,9900,35,D,OD,CC,D
10:47:51,ICBP,RG,9900,1,D,OD,PD,D
10:46:52,ICBP,RG,9900,2,D,OD,PD,D
10:45:29,ICBP,RG,9900,2,D,OD,PD,D
10:45:29,ICBP,RG,9900,1,D,OD,YP,D
10:45:29,ICBP,RG,9900,22,D,OD,NI,D
10:45:29,ICBP,RG,9900,1,D,OD,NI,D
10:45:16,ICBP,RG,9900,1,D,LS,NI,D
10:45:14,ICBP,RG,9900,2,D,XC,NI,D
10:45:07,ICBP,RG,9900,1,D,XL,NI,D
10:45:04,ICBP,RG,9900,223,D,IF,NI,D
10:45:04,ICBP,RG,9900,1,D,IF,YP,D
10:45:04,ICBP,RG,9900,5,D,IF,KK,D
10:45:04,ICBP,RG,9900,10,D,IF,ZP,F
10:45:04,ICBP,RG,9900,6,D,IF,EP,D
10:45:04,ICBP,RG,9900,65,D,IF,KK,D
10:45:04,ICBP,RG,9900,11,D,IF,AK,D
10:45:04,ICBP,RG,9900,21,D,IF,AK,D
10:45:04,ICBP,RG,9900,8,D,IF,AK,F
10:44:51,ICBP,RG,9900,1,D,XC,AK,F
10:44:23,ICBP,RG,9900,16,D,PD,AK,F
10:44:23,ICBP,RG,9900,37,D,PD,ZP,F
10:43:58,ICBP,RG,9875,1,D,YP,PD,D
10:43:22,ICBP,RG,9900,22,F,CC,ZP,F
10:43:22,ICBP,RG,9900,157,F,CC,RX,D
10:43:21,ICBP,RG,9875,1,D,YP,PD,D
10:42:57,ICBP,RG,9900,10,F,AK,ZP,F
10:42:57,ICBP,RG,9900,10,F,AK,ZP,F
10:42:56,ICBP,RG,9900,3,D,CS,AK,F
10:42:56,ICBP,RG,9900,1,D,AK,AK,F
10:42:56,ICBP,RG,9900,2,D,AK,AK,F
10:42:56,ICBP,RG,9900,1,D,AK,AK,F
10:42:56,ICBP,RG,9900,10,F,AK,AK,F
10:42:56,ICBP,RG,9900,1,D,CS,AK,F
10:42:56,ICBP,RG,9900,1,D,AK,AK,F
10:42:56,ICBP,RG,9900,2,D,AK,AK,F
10:42:56,ICBP,RG,9900,1,D,AK,AK,F
10:42:56,ICBP,RG,9900,1,D,AK,AK,F
10:42:56,ICBP,RG,9900,1,D,AK,AK,F
10:42:56,ICBP,RG,9900,1,D,AK,AK,F
10:42:56,ICBP,RG,9900,1,D,AK,AK,F
10:42:56,ICBP,RG,9900,2,D,AK,AK,F
10:42:56,ICBP,RG,9900,1,D,AK,AK,F
10:42:56,ICBP,RG,9900,1,D,AK,AK,F
10:42:56,ICBP,RG,9900,1,D,AK,AK,F
10:42:56,ICBP,RG,9900,1,D,AK,AK,F
10:42:56,ICBP,RG,9900,1,D,AK,AK,F
10:42:56,ICBP,RG,9900,1,D,AK,AK,F
10:42:56,ICBP,RG,9900,1,D,AK,AK,F
10:42:56,ICBP,RG,9900,3,D,AK,AK,F
10:42:56,ICBP,RG,9900,1,D,AK,AK,F
10:42:56,ICBP,RG,9900,1,D,AK,AK,F
10:42:56,ICBP,RG,9900,1,D,AK,AK,F
10:42:56,ICBP,RG,9900,1,D,AK,AK,F
10:42:56,ICBP,RG,9900,1,F,AK,AK,F
10:42:56,ICBP,RG,9900,4,D,CS,AK,F
10:42:56,ICBP,RG,9900,1,D,AK,AK,F
10:42:56,ICBP,RG,9900,69,F,AK,AK,F
10:42:56,ICBP,RG,9900,4,D,CS,AK,F
10:42:56,ICBP,RG,9900,1,D,XC,AK,F
10:42:56,ICBP,RG,9900,1,D,XL,AK,F
10:42:56,ICBP,RG,9900,4,D,CS,AK,F
10:42:56,ICBP,RG,9900,77,F,CC,AK,F
10:42:56,ICBP,RG,9900,1,D,AK,AK,F
10:42:56,ICBP,RG,9900,1,D,CS,AK,F
10:42:56,ICBP,RG,9900,2,D,CS,AK,F
10:42:56,ICBP,RG,9900,1,D,CS,AK,F
10:42:56,ICBP,RG,9900,58,D,OD,AK,F
10:42:56,ICBP,RG,9900,1,D,OD,GR,D
10:42:56,ICBP,RG,9900,1,D,OD,GR,D
10:42:56,ICBP,RG,9900,1,D,XC,GR,D
10:42:56,ICBP,RG,9900,1,D,AK,GR,D
10:42:56,ICBP,RG,9900,1,D,AK,GR,D
10:42:56,ICBP,RG,9900,1,D,XC,GR,D
10:42:56,ICBP,RG,9900,1,D,AK,GR,D
10:42:56,ICBP,RG,9900,2,D,AK,GR,D
10:42:56,ICBP,RG,9900,1,D,PD,GR,D
10:42:56,ICBP,RG,9900,1,D,AK,GR,D
10:42:56,ICBP,RG,9900,1,D,AK,GR,D
10:42:56,ICBP,RG,9900,1,D,AK,GR,D
10:42:56,ICBP,RG,9900,1,D,AK,GR,D
10:42:56,ICBP,RG,9900,10,D,KK,GR,D
10:42:56,ICBP,RG,9900,4,D,CC,GR,D
10:42:56,ICBP,RG,9900,1,D,AK,GR,D
10:42:56,ICBP,RG,9900,2,D,AK,GR,D
10:42:56,ICBP,RG,9900,1,D,AK,GR,D
10:42:56,ICBP,RG,9900,1,D,AK,GR,D
10:42:56,ICBP,RG,9900,1,D,AK,GR,D
10:42:56,ICBP,RG,9900,1,D,AK,GR,D
10:42:56,ICBP,RG,9900,11,D,XC,GR,D
10:42:56,ICBP,RG,9900,5,D,TF,GR,D
10:42:56,ICBP,RG,9900,10,D,YP,GR,D
10:42:56,ICBP,RG,9900,1,D,AK,GR,D
10:42:56,ICBP,RG,9900,2,D,CS,GR,D
10:42:56,ICBP,RG,9900,119,D,OD,GR,D
10:42:56,ICBP,RG,9900,1,D,OD,GR,D
10:42:56,ICBP,RG,9900,2,D,KK,GR,D
10:42:56,ICBP,RG,9900,3,D,KK,GR,D
10:42:56,ICBP,RG,9900,4,D,AK,GR,D
10:42:56,ICBP,RG,9900,2,D,AK,GR,D
10:42:56,ICBP,RG,9900,8,D,AK,GR,D
10:42:56,ICBP,RG,9900,2,D,AK,GR,D
10:42:56,ICBP,RG,9900,4,D,AK,GR,D
10:42:56,ICBP,RG,9900,1,D,AK,GR,D
10:42:56,ICBP,RG,9900,1,D,AK,GR,D
10:42:56,ICBP,RG,9900,3,D,AK,GR,D
10:42:56,ICBP,RG,9900,1,D,AK,GR,D
10:42:56,ICBP,RG,9900,5,D,AK,GR,D
10:42:56,ICBP,RG,9900,1,D,AK,GR,D
10:42:56,ICBP,RG,9900,10,D,DR,GR,D
10:42:56,ICBP,RG,9900,2,D,BS,GR,D
10:42:56,ICBP,RG,9900,7,D,YP,GR,D
10:42:56,ICBP,RG,9900,5,D,YP,GR,D
10:42:56,ICBP,RG,9900,1,D,NI,GR,D
10:42:56,ICBP,RG,9900,1,D,XC,GR,D
10:42:56,ICBP,RG,9900,3,F,AK,GR,D
10:42:40,ICBP,RG,9925,1,D,PD,AK,D
10:42:27,ICBP,RG,9900,2,F,AK,YU,D
10:42:03,ICBP,RG,9900,10,F,AK,DR,D
10:42:03,ICBP,RG,9900,4,F,AK,DR,D
10:41:55,ICBP,RG,9900,3,F,AK,XC,D
10:41:42,ICBP,RG,9900,10,F,AK,ZP,F
10:41:42,ICBP,RG,9900,50,F,AK,DR,D
10:41:27,ICBP,RG,9900,10,F,AK,MK,D
10:41:18,ICBP,RG,9900,12,F,AK,YP,D
10:41:18,ICBP,RG,9900,5,D,CS,YP,D
10:41:18,ICBP,RG,9900,11,D,KI,YP,D
10:41:07,ICBP,RG,9900,4,D,KI,KK,D
10:40:46,ICBP,RG,9925,1,D,PD,AK,D
10:39:09,ICBP,RG,9925,6,D,PD,AK,D
10:39:09,ICBP,RG,9925,11,D,PD,ZP,F
10:39:09,ICBP,RG,9925,11,D,PD,ZP,F
10:39:09,ICBP,RG,9925,1,D,PD,PD,D
10:39:09,ICBP,RG,9925,23,D,PD,CP,D
10:38:44,ICBP,RG,9925,1,D,PD,CP,D
10:38:19,ICBP,RG,9925,1,F,AK,CP,D
10:38:19,ICBP,RG,9900,10,D,KI,ZP,F
10:37:26,ICBP,RG,9925,3,F,AK,CP,D
10:37:26,ICBP,RG,9900,10,D,KI,ZP,F
10:36:34,ICBP,RG,9925,1,D,PD,CP,D
10:36:28,ICBP,RG,9900,10,D,KI,SQ,D
10:36:19,ICBP,RG,9925,2,D,PD,CP,D
10:35:48,ICBP,RG,9925,1,D,NI,CP,D
10:35:34,ICBP,RG,9925,2,D,KK,CP,D
10:35:05,ICBP,RG,9925,1,D,XL,CP,D
10:34:49,ICBP,RG,9925,65,F,AK,CP,D
10:34:49,ICBP,RG,9925,15,F,AK,ZP,F
10:34:48,ICBP,RG,9900,10,D,KI,ZP,F
10:34:48,ICBP,RG,9925,1,D,XC,ZP,F
10:34:39,ICBP,RG,9925,2,D,SQ,ZP,F
10:34:20,ICBP,RG,9925,1,D,LS,ZP,F
10:34:07,ICBP,RG,9925,21,D,PD,KK,D
10:34:07,ICBP,RG,9925,32,D,PD,YP,D
10:34:07,ICBP,RG,9925,2,D,XC,YP,D
10:34:06,ICBP,RG,9900,1,D,KI,XC,D
10:33:17,ICBP,RG,9925,1,D,FS,YP,D
10:32:42,ICBP,RG,9925,1,D,XC,YP,D
10:32:29,ICBP,RG,9925,1,D,XC,YP,D
10:32:26,ICBP,RG,9925,1,D,XL,YP,D
10:32:17,ICBP,RG,9925,12,D,GR,YP,D
10:32:17,ICBP,RG,9925,33,D,GR,YP,D
10:32:06,ICBP,RG,9925,9,D,PD,YP,D
10:32:06,ICBP,RG,9925,9,D,PD,YP,D
10:32:06,ICBP,RG,9925,7,D,PD,EP,D
10:32:06,ICBP,RG,9925,6,D,PD,YP,D
10:32:06,ICBP,RG,9925,1,D,PD,KK,D
10:32:06,ICBP,RG,9925,5,D,PD,YB,D
10:32:06,ICBP,RG,9925,13,D,PD,YP,D
10:31:53,ICBP,RG,9925,1,D,YP,YP,D
10:31:36,ICBP,RG,9900,1,D,KI,PD,D
10:31:25,ICBP,RG,9900,10,D,KI,ZP,F
10:31:25,ICBP,RG,9900,10,D,KI,YU,F
10:31:25,ICBP,RG,9900,1,D,KI,YP,D
10:31:25,ICBP,RG,9900,5,D,KI,DR,D
10:31:25,ICBP,RG,9900,17,D,KI,ZP,F
10:31:21,ICBP,RG,9900,1,D,YP,ZP,F
10:31:19,ICBP,RG,9900,7,D,PD,ZP,F
10:31:19,ICBP,RG,9900,1,D,PD,YU,D
10:31:19,ICBP,RG,9900,2,D,PD,YP,D
10:31:19,ICBP,RG,9900,9,D,PD,AK,D
10:31:19,ICBP,RG,9900,31,D,PD,RX,D
10:31:17,ICBP,RG,9900,4,D,CS,RX,D
10:31:17,ICBP,RG,9900,40,F,BK,RX,D
10:31:16,ICBP,RG,9900,60,F,BK,RX,D
10:31:15,ICBP,RG,9900,16,F,BK,RX,D
10:31:15,ICBP,RG,9900,10,F,BK,YU,D
10:31:15,ICBP,RG,9900,1,F,BK,PD,D
10:31:15,ICBP,RG,9900,2,F,BK,SQ,D
10:31:15,ICBP,RG,9900,2,F,BK,EP,D
10:31:15,ICBP,RG,9900,1,F,BK,YU,D
10:31:15,ICBP,RG,9900,9,F,BK,AK,D
10:31:15,ICBP,RG,9900,5,F,BK,AI,D
10:31:15,ICBP,RG,9900,11,F,BK,ZP,F
10:31:15,ICBP,RG,9900,1,F,BK,RX,D
10:31:15,ICBP,RG,9900,10,F,BK,ZP,F
10:31:15,ICBP,RG,9900,21,F,BK,ZP,F
10:31:15,ICBP,RG,9900,1,D,XL,YP,D
10:31:14,ICBP,RG,9900,7,F,BK,YP,D
10:31:14,ICBP,RG,9900,1,F,BK,XC,D
10:31:14,ICBP,RG,9900,8,F,BK,XC,D
10:31:14,ICBP,RG,9900,35,F,BK,XC,D
10:31:14,ICBP,RG,9900,3,F,BK,XL,D
10:31:14,ICBP,RG,9900,1,F,BK,XL,D
10:31:14,ICBP,RG,9900,2,F,BK,OD,D
10:31:14,ICBP,RG,9900,1,F,BK,EP,D
10:31:14,ICBP,RG,9900,22,F,BK,YP,D
10:31:14,ICBP,RG,9900,1,F,BK,YP,D
10:31:14,ICBP,RG,9900,45,F,BK,CC,D
10:31:14,ICBP,RG,9900,19,F,BK,YP,D
10:31:14,ICBP,RG,9900,7,F,BK,CC,D
10:31:14,ICBP,RG,9900,4,F,BK,CC,D
10:31:14,ICBP,RG,9900,12,F,BK,CC,D
10:31:14,ICBP,RG,9900,10,F,BK,DH,D
10:31:14,ICBP,RG,9900,50,D,OD,DH,D
10:31:14,ICBP,RG,9900,188,D,OD,ZP,D
10:31:14,ICBP,RG,9900,3,D,OD,ZP,D
10:30:32,ICBP,RG,9900,13,F,AK,ZP,D
10:30:31,ICBP,RG,9875,11,D,YP,ZP,F
10:30:31,ICBP,RG,9900,1,D,XC,ZP,D
10:30:16,ICBP,RG,9875,25,D,YP,YP,D
10:30:02,ICBP,RG,9900,6,D,IF,ZP,D
10:30:01,ICBP,RG,9900,3,D,XC,ZP,D
10:29:41,ICBP,RG,9875,1,D,YP,XC,D
10:29:23,ICBP,RG,9875,11,D,YP,ZP,F
10:29:14,ICBP,RG,9900,1,D,XC,ZP,D
10:29:09,ICBP,RG,9900,53,D,PD,ZP,D
10:28:40,ICBP,RG,9875,10,D,YP,ZP,F
10:28:34,ICBP,RG,9900,5,D,GR,ZP,D
10:28:27,ICBP,RG,9900,1,D,FS,ZP,D
10:28:16,ICBP,RG,9900,2,D,YP,ZP,D
10:28:08,ICBP,RG,9900,1,D,XL,ZP,D
10:27:52,ICBP,RG,9900,3,D,YP,ZP,D
10:27:41,ICBP,RG,9900,3,D,CC,ZP,D
10:27:35,ICBP,RG,9900,5,D,YP,ZP,D
10:27:26,ICBP,RG,9900,1,D,XL,ZP,D
10:27:19,ICBP,RG,9875,2,D,YP,ZP,F
10:27:19,ICBP,RG,9875,1,D,PD,ZP,F
10:27:19,ICBP,RG,9875,5,D,XC,ZP,F
10:27:19,ICBP,RG,9875,1,F,CC,ZP,F
10:27:19,ICBP,RG,9875,1,D,XL,ZP,F
10:27:15,ICBP,RG,9900,171,F,BK,ZP,D
10:27:15,ICBP,RG,9900,7,F,BK,YP,D
10:26:56,ICBP,RG,9875,2,D,YP,XC,D
10:26:54,ICBP,RG,9900,1,D,XL,YP,D
10:25:18,ICBP,RG,9875,3,D,YP,YB,D
10:25:18,ICBP,RG,9875,1,D,YP,YB,D
10:25:18,ICBP,RG,9875,1,F,CC,YB,D
10:25:18,ICBP,RG,9875,5,D,YP,YB,D
10:25:18,ICBP,RG,9875,1,D,CC,YB,D
10:25:18,ICBP,RG,9875,1,D,NI,YB,D
10:25:18,ICBP,RG,9875,2,D,CS,YB,D
10:25:18,ICBP,RG,9875,5,D,XC,YB,D
10:24:33,ICBP,RG,9875,14,F,AK,HP,D
10:24:33,ICBP,RG,9875,15,F,AK,ZP,F
10:24:33,ICBP,RG,9875,2,F,AK,CP,D
10:24:33,ICBP,RG,9875,50,D,YP,CP,D
10:24:30,ICBP,RG,9875,52,D,PD,CP,D
10:24:26,ICBP,RG,9875,1,D,XL,CP,D
10:24:24,ICBP,RG,9875,5,D,YP,CP,D
10:24:21,ICBP,RG,9875,1,D,CC,CP,D
10:24:21,ICBP,RG,9875,25,D,YP,CP,D
10:24:16,ICBP,RG,9875,1,D,XC,CP,D
10:24:16,ICBP,RG,9875,1,D,OD,CP,D
10:23:53,ICBP,RG,9875,10,D,YP,CP,D
10:23:51,ICBP,RG,9850,65,F,AK,ZP,F
10:23:51,ICBP,RG,9850,1,F,AK,XC,D
10:23:51,ICBP,RG,9850,10,F,AK,ZP,F
10:23:51,ICBP,RG,9850,2,F,AK,YU,D
10:23:51,ICBP,RG,9850,14,F,AK,AK,D
10:23:51,ICBP,RG,9850,167,F,AK,RX,D
10:23:51,ICBP,RG,9850,31,D,AK,RX,D
10:23:51,ICBP,RG,9850,29,D,AK,RX,D
10:23:51,ICBP,RG,9850,8,D,AK,RX,D
10:23:51,ICBP,RG,9850,2,D,AK,RX,D
10:23:51,ICBP,RG,9850,20,D,AK,RX,D
10:23:51,ICBP,RG,9850,1,D,AK,RX,D
10:23:14,ICBP,RG,9800,14,D,HP,RX,D
10:23:13,ICBP,RG,9875,1,D,OD,CP,D
10:23:13,ICBP,RG,9875,1,D,PD,CP,D
10:23:09,ICBP,RG,9900,2,D,AK,YP,D
10:23:09,ICBP,RG,9900,24,D,AK,ZP,D
10:23:08,ICBP,RG,9900,16,D,AK,ZP,D
10:23:08,ICBP,RG,9900,5,D,AK,DR,D
10:23:04,ICBP,RG,9900,8,D,AK,DR,D
10:23:04,ICBP,RG,9900,40,D,AK,DR,D
10:23:04,ICBP,RG,9900,20,D,AK,DR,D
10:23:04,ICBP,RG,9875,5,D,AK,AK,D
10:23:03,ICBP,RG,9875,16,D,AK,AK,D
10:23:03,ICBP,RG,9875,1,D,AK,AK,D
10:23:03,ICBP,RG,9875,2,D,AK,AK,D
10:23:03,ICBP,RG,9875,1,D,AK,AK,D
10:23:03,ICBP,RG,9875,2,D,AK,AK,D
10:23:03,ICBP,RG,9875,3,D,AK,AK,D
10:23:03,ICBP,RG,9875,1,D,AK,ZP,F
10:23:03,ICBP,RG,9875,5,D,AK,ZP,F
10:23:03,ICBP,RG,9875,1,D,AK,XL,D
10:23:03,ICBP,RG,9875,5,D,AK,YP,D
10:23:03,ICBP,RG,9875,1,D,AK,YP,D
10:23:03,ICBP,RG,9875,7,D,AK,EP,D
10:23:03,ICBP,RG,9875,11,D,AK,YP,D
10:23:03,ICBP,RG,9875,27,D,AK,YP,D
10:23:03,ICBP,RG,9875,4,D,AK,KK,D
10:23:03,ICBP,RG,9875,9,D,AK,KK,D
10:23:03,ICBP,RG,9875,20,D,AK,PD,D
10:23:03,ICBP,RG,9875,9,D,AK,PD,D
10:23:03,ICBP,RG,9850,1,D,AK,EP,D
10:23:03,ICBP,RG,9850,4,D,AK,YP,D
10:23:03,ICBP,RG,9825,52,F,AK,BK,F
10:23:02,ICBP,RG,9825,53,F,BK,BK,F
10:23:02,ICBP,RG,9825,53,F,AK,CC,D
10:23:02,ICBP,RG,9800,5,F,AK,YP,D
10:23:02,ICBP,RG,9800,4,F,AK,DR,D
10:23:02,ICBP,RG,9775,11,D,CP,YU,D
10:23:02,ICBP,RG,9775,80,D,CP,OD,D
10:23:02,ICBP,RG,9775,119,D,CP,KK,D
10:23:02,ICBP,RG,9775,194,D,CP,PD,D
10:23:01,ICBP,RG,9775,21,D,KK,PD,D
10:23:00,ICBP,RG,9750,5,D,CC,PD,D
10:23:00,ICBP,RG,9750,3,D,CC,PD,D
10:23:00,ICBP,RG,9750,24,D,CC,PD,D
10:22:58,ICBP,RG,9775,1,D,XC,PD,D
10:22:57,ICBP,RG,9750,5,D,CC,CC,D
10:22:57,ICBP,RG,9750,11,D,CC,ZP,F
10:22:57,ICBP,RG,9750,1,D,CC,MG,D
10:22:57,ICBP,RG,9750,1,D,CC,MG,D
10:22:57,ICBP,RG,9750,1,D,CC,KK,D
10:22:57,ICBP,RG,9725,10,D,YP,PD,D
10:22:57,ICBP,RG,9725,5,D,CC,PD,D
10:22:57,ICBP,RG,9725,5,D,YP,PD,D
10:22:57,ICBP,RG,9750,10,D,KK,KK,D
10:22:57,ICBP,RG,9750,1,D,PD,KK,D
10:22:57,ICBP,RG,9775,1,D,XL,PD,D
10:22:57,ICBP,RG,9775,3,D,XL,PD,D
10:22:57,ICBP,RG,9800,1,D,YP,PD,D
10:22:57,ICBP,RG,9800,3,D,YP,PD,D
10:22:57,ICBP,RG,9800,1,D,YP,PD,D
10:22:57,ICBP,RG,9800,1,D,YP,PD,D
10:22:57,ICBP,RG,9800,43,D,DR,PD,D
10:22:57,ICBP,RG,9800,7,D,DR,PD,D
10:22:57,ICBP,RG,9800,3,D,PD,PD,D
10:22:57,ICBP,RG,9800,1,D,EP,PD,D
10:22:57,ICBP,RG,9800,1,D,YP,PD,D
10:22:57,ICBP,RG,9800,8,D,YP,PD,D
10:22:57,ICBP,RG,9800,1,D,NI,PD,D
10:22:55,ICBP,RG,9825,1,D,XL,YU,D
10:22:55,ICBP,RG,9825,5,D,YP,YU,D
10:22:55,ICBP,RG,9825,1,D,YP,YU,D
10:22:54,ICBP,RG,9825,5,D,CC,YU,D
10:22:54,ICBP,RG,9875,2,D,YP,PD,D
10:22:54,ICBP,RG,9850,8,D,YP,YU,F
10:22:54,ICBP,RG,9825,1,D,CC,AK,F
10:22:54,ICBP,RG,9825,6,D,YB,AK,F
10:22:54,ICBP,RG,9825,2,D,PD,AK,F
10:22:54,ICBP,RG,9825,75,D,PD,AK,F
10:22:54,ICBP,RG,9825,20,D,YP,AK,F
10:22:54,ICBP,RG,9825,1,D,YP,AK,F
10:22:54,ICBP,RG,9825,2,D,YP,AK,F
10:22:54,ICBP,RG,9825,2,D,YP,AK,F
10:22:54,ICBP,RG,9825,11,D,LG,AK,F
10:22:54,ICBP,RG,9850,1,D,YP,YU,D
10:22:54,ICBP,RG,9850,10,D,YP,ZP,F
10:22:54,ICBP,RG,9850,2,D,YP,YU,D
10:22:54,ICBP,RG,9850,14,D,YP,YU,F
10:22:54,ICBP,RG,9850,9,D,YP,YU,F
10:22:54,ICBP,RG,9850,4,D,YP,ZP,D
10:22:54,ICBP,RG,9825,10,D,LG,YB,D
10:22:54,ICBP,RG,9850,50,D,CC,ZP,D
10:22:54,ICBP,RG,9825,10,D,LG,BQ,D
10:22:54,ICBP,RG,9825,46,D,LG,LS,D
10:22:54,ICBP,RG,9825,1,D,YP,LS,D
10:22:54,ICBP,RG,9825,8,D,YP,LS,D
10:22:54,ICBP,RG,9850,3,D,CC,ZP,D
10:22:54,ICBP,RG,9850,5,D,XL,ZP,D
10:22:54,ICBP,RG,9850,2,D,XC,ZP,D
10:22:54,ICBP,RG,9850,5,D,DR,ZP,D
10:22:54,ICBP,RG,9875,10,D,CC,ZP,D
10:22:54,ICBP,RG,9875,10,D,CC,ZP,D
10:22:54,ICBP,RG,9875,1,D,YP,ZP,D
10:22:54,ICBP,RG,9900,1,D,YB,DR,D
10:22:54,ICBP,RG,9900,1,D,PD,DR,D
10:22:54,ICBP,RG,9900,1,D,PD,DR,D
10:22:54,ICBP,RG,9900,3,D,CC,DR,D
10:22:54,ICBP,RG,9900,2,D,PD,DR,D
10:22:54,ICBP,RG,9900,2,D,DR,DR,D
10:22:54,ICBP,RG,9900,1,D,YP,DR,D
10:22:54,ICBP,RG,9900,2,D,PD,DR,D
10:22:54,ICBP,RG,9900,5,D,KK,DR,D
10:22:54,ICBP,RG,9900,3,D,YP,DR,D
10:22:54,ICBP,RG,9900,1,D,XC,DR,D
10:22:54,ICBP,RG,9900,1,D,SQ,DR,D
10:22:54,ICBP,RG,9900,20,D,SQ,DR,D
10:22:54,ICBP,RG,9900,10,D,PD,DR,D
10:22:54,ICBP,RG,9900,1,D,YP,DR,D
10:22:54,ICBP,RG,9900,1,D,PD,DR,D
10:22:54,ICBP,RG,9900,1,D,XC,DR,D
10:22:54,ICBP,RG,9900,3,D,PD,DR,D
10:22:54,ICBP,RG,9900,100,D,YB,DR,D
10:22:54,ICBP,RG,9900,2,D,PG,DR,D
10:22:54,ICBP,RG,9900,5,D,YP,DR,D
10:22:54,ICBP,RG,9900,10,D,YP,DR,D
10:22:54,ICBP,RG,9900,1,D,XC,DR,D
10:22:54,ICBP,RG,9900,5,D,AI,DR,D
10:22:54,ICBP,RG,9900,5,D,NI,DR,D
10:22:54,ICBP,RG,9900,1,D,YP,DR,D
10:22:54,ICBP,RG,9900,144,D,YP,DR,D
10:22:54,ICBP,RG,9900,2,D,YP,DR,D
10:22:54,ICBP,RG,9925,2,D,KK,YP,D
10:22:54,ICBP,RG,9900,1,D,YP,PD,D
10:22:54,ICBP,RG,9900,9,D,YP,PD,D
10:22:54,ICBP,RG,9900,1,D,YP,PD,D
10:22:54,ICBP,RG,9900,50,D,YP,PD,D
10:22:54,ICBP,RG,9900,8,D,YP,PD,D
10:22:54,ICBP,RG,9900,6,D,YP,PD,D
10:22:54,ICBP,RG,9900,10,D,YP,PD,D
10:22:54,ICBP,RG,9900,14,D,YP,PD,D
10:22:54,ICBP,RG,9900,16,D,YP,PD,D
10:22:54,ICBP,RG,9900,5,D,YP,PD,D
10:22:54,ICBP,RG,9900,239,D,YP,PD,D
10:22:54,ICBP,RG,9900,10,D,YP,PD,D
10:22:54,ICBP,RG,9900,9,D,YP,PD,D
10:22:54,ICBP,RG,9900,25,D,YB,PD,D
10:22:54,ICBP,RG,9900,1,D,KK,PD,D
10:22:54,ICBP,RG,9900,1,D,GR,PD,D
10:22:54,ICBP,RG,9900,1,D,XC,PD,D
10:22:54,ICBP,RG,9900,1,D,XL,PD,D
10:22:54,ICBP,RG,9900,1,D,XL,PD,D
10:22:54,ICBP,RG,9900,1,D,SQ,PD,D
10:22:54,ICBP,RG,9900,5,D,CC,PD,D
10:22:54,ICBP,RG,9900,1,D,SQ,PD,D
10:22:54,ICBP,RG,9900,3,D,SQ,PD,D
10:22:54,ICBP,RG,9900,5,D,SQ,PD,D
10:22:54,ICBP,RG,9900,1,D,SQ,PD,D
10:22:54,ICBP,RG,9900,1,D,EP,PD,D
10:22:54,ICBP,RG,9900,9,D,CP,PD,D
10:22:54,ICBP,RG,9900,3,D,CP,PD,D
10:22:54,ICBP,RG,9900,8,D,CP,HP,D
10:22:54,ICBP,RG,9900,1,D,IF,HP,D
10:22:54,ICBP,RG,9900,7,D,PD,HP,D
10:22:54,ICBP,RG,9900,2,D,PD,HP,D
10:22:54,ICBP,RG,9900,3,D,PD,YP,D
10:22:54,ICBP,RG,9900,5,D,EP,YP,D
10:22:54,ICBP,RG,9900,2,D,DR,YP,D
10:22:54,ICBP,RG,9925,5,D,PD,YP,D
10:22:54,ICBP,RG,9925,2,D,CC,YP,D
10:22:54,ICBP,RG,9925,1,D,PD,YP,D
10:22:54,ICBP,RG,9925,4,D,PD,YB,D
10:22:54,ICBP,RG,9925,2,D,CP,YB,D
10:22:54,ICBP,RG,9925,1,D,SQ,YB,D
10:22:54,ICBP,RG,9925,3,D,YP,YB,D
10:22:54,ICBP,RG,9925,5,D,YP,YB,D
10:22:54,ICBP,RG,9925,22,D,YP,YB,D
10:22:54,ICBP,RG,9925,7,D,YP,YB,D
10:22:54,ICBP,RG,9925,11,D,YP,NI,D
10:22:54,ICBP,RG,9925,3,D,YP,YB,D
10:22:54,ICBP,RG,9925,6,D,YP,YP,D
10:22:54,ICBP,RG,9925,3,D,YP,YP,D
10:22:54,ICBP,RG,9925,2,D,YP,DR,D
10:22:54,ICBP,RG,9925,8,D,YP,YP,D
10:22:54,ICBP,RG,9925,10,D,YP,DR,D
10:22:54,ICBP,RG,9925,2,D,YP,PD,D
10:22:54,ICBP,RG,9925,10,D,YP,DR,D
10:22:54,ICBP,RG,9925,8,D,YP,DR,D
10:22:54,ICBP,RG,9925,1,D,XC,DR,D
10:22:54,ICBP,RG,9925,1,D,DR,DR,D
10:22:54,ICBP,RG,9925,20,D,KK,DR,D
10:22:54,ICBP,RG,9925,8,D,XL,DR,D
10:22:54,ICBP,RG,9925,2,D,DR,DR,D
10:22:54,ICBP,RG,9925,1,D,PD,DR,D
10:22:54,ICBP,RG,9925,5,D,YP,DR,D
10:22:54,ICBP,RG,9925,1,D,CC,DR,D
10:22:54,ICBP,RG,9925,10,D,CC,DR,D
10:22:54,ICBP,RG,9925,8,D,YP,DR,D
10:22:54,ICBP,RG,9925,1,D,YP,DR,D
10:22:54,ICBP,RG,9925,4,D,XL,DR,D
10:22:54,ICBP,RG,9925,2,D,XL,DR,D
10:22:54,ICBP,RG,9925,2,D,XL,DR,D
10:22:54,ICBP,RG,9925,2,D,PD,DR,D
10:22:54,ICBP,RG,9950,1,D,NI,DR,D
10:22:54,ICBP,RG,9950,1,D,CC,DR,D
10:22:54,ICBP,RG,9950,2,D,XL,DR,D
10:22:54,ICBP,RG,9950,2,D,AZ,DR,D
10:22:54,ICBP,RG,9950,5,D,GR,DR,D
10:22:54,ICBP,RG,9950,1,D,XL,DR,D
10:22:54,ICBP,RG,9950,1,D,XC,DR,D
10:22:54,ICBP,RG,9950,2,D,SQ,DR,D
10:22:54,ICBP,RG,9950,1,D,YP,DR,D
10:22:54,ICBP,RG,9950,10,D,YP,DR,D
10:22:54,ICBP,RG,9950,1,D,YP,DR,D
10:22:54,ICBP,RG,9950,3,D,TF,DR,D
10:22:54,ICBP,RG,9950,1,D,XC,DR,D
10:22:54,ICBP,RG,9950,1,D,LG,DR,D
10:22:54,ICBP,RG,9950,1,D,LG,DR,D
10:22:54,ICBP,RG,9950,1,D,EP,DR,D
10:22:54,ICBP,RG,9950,1,D,EP,DR,D
10:22:54,ICBP,RG,9950,3,D,PD,DR,D
10:22:54,ICBP,RG,9950,24,D,MG,DR,D
10:22:54,ICBP,RG,9950,30,D,MG,DR,D
10:22:54,ICBP,RG,9950,12,D,MG,PD,D
10:22:54,ICBP,RG,9950,19,D,MG,PD,D
10:22:54,ICBP,RG,9950,10,D,MG,PD,D
10:22:54,ICBP,RG,9950,45,D,MG,PD,D
10:22:54,ICBP,RG,9950,19,D,MG,PD,D
10:22:54,ICBP,RG,9950,36,D,MG,PD,D
10:22:54,ICBP,RG,9975,1,D,PD,PD,D
10:22:54,ICBP,RG,9950,5,D,MG,PD,D
10:22:54,ICBP,RG,9975,4,D,YP,PD,D
10:22:54,ICBP,RG,9975,1,D,PD,PD,D
10:22:54,ICBP,RG,9975,1,D,PD,PD,D
10:22:54,ICBP,RG,9975,1,D,PD,PD,D
10:22:54,ICBP,RG,9975,13,D,YP,PD,D
10:22:54,ICBP,RG,9975,12,D,YP,PD,D
10:22:54,ICBP,RG,9975,1,D,XC,PD,D
10:22:54,ICBP,RG,9975,1,D,XL,PD,D
10:22:54,ICBP,RG,9975,1,D,CC,PD,D
10:22:54,ICBP,RG,9975,2,D,PD,PD,D
10:22:54,ICBP,RG,9975,1,D,PD,PD,D
10:22:54,ICBP,RG,9975,10,D,YP,PD,D
10:22:54,ICBP,RG,9975,4,D,XL,PD,D
10:22:54,ICBP,RG,9975,10,D,CP,PD,D
10:22:54,ICBP,RG,9975,7,D,XC,PD,D
10:22:54,ICBP,RG,9975,1,D,PD,PD,D
10:22:54,ICBP,RG,9975,20,D,DH,PD,D
10:22:54,ICBP,RG,9975,3,D,TF,PD,D
10:22:54,ICBP,RG,9975,227,D,YP,PD,D
10:22:54,ICBP,RG,9975,12,D,YP,PD,D
10:22:54,ICBP,RG,9975,12,D,YP,PD,D
10:22:54,ICBP,RG,9975,11,D,YP,PD,D
10:22:54,ICBP,RG,9975,6,D,YP,PD,D
10:22:54,ICBP,RG,9975,17,D,YP,PD,D
10:22:54,ICBP,RG,9975,12,D,YP,PD,D
10:22:54,ICBP,RG,9975,9,D,YP,YP,D
10:22:54,ICBP,RG,9975,17,D,YP,PD,D
10:22:54,ICBP,RG,9975,5,D,YP,PD,D
10:22:54,ICBP,RG,9975,9,D,YP,PD,D
10:22:54,ICBP,RG,9975,6,D,YP,PD,D
10:22:54,ICBP,RG,9975,24,D,YP,PD,D
10:22:54,ICBP,RG,9975,1,D,YP,PD,D
10:22:54,ICBP,RG,9975,42,D,YP,PD,D
10:22:54,ICBP,RG,9975,28,D,YP,PD,D
10:22:54,ICBP,RG,9975,37,D,YP,PD,D
10:22:54,ICBP,RG,9975,25,D,YP,PD,D
10:22:54,ICBP,RG,9975,1,D,YP,PD,D
10:22:54,ICBP,RG,9975,1,D,YP,PD,D
10:22:54,ICBP,RG,9975,4,D,GR,PD,D
10:22:54,ICBP,RG,9975,1,D,GR,ZP,F
10:22:54,ICBP,RG,9975,1,D,XL,ZP,F
10:22:54,ICBP,RG,9975,2,D,PD,ZP,F
10:22:54,ICBP,RG,9975,1,D,YB,ZP,F
10:22:54,ICBP,RG,9975,1,D,PD,ZP,F
10:22:54,ICBP,RG,9975,5,D,DR,ZP,F
10:22:38,ICBP,RG,10000,1,D,XC,AK,F
10:22:38,ICBP,RG,10000,5,D,KK,AK,F
10:22:38,ICBP,RG,10000,6,D,CS,AK,F
10:22:38,ICBP,RG,10000,4,D,YP,AK,F
10:22:38,ICBP,RG,10000,1,D,YP,AK,F
10:22:38,ICBP,RG,10000,2,F,CC,AK,F
10:22:38,ICBP,RG,10000,3,D,XC,AK,F
10:22:38,ICBP,RG,10000,2,D,CS,AK,F
10:22:38,ICBP,RG,10000,3,D,BS,AK,F
10:22:38,ICBP,RG,10000,6,D,CS,AK,F
10:22:38,ICBP,RG,10000,1,D,CC,AK,F
10:22:38,ICBP,RG,10000,1,D,XC,AK,F
10:22:38,ICBP,RG,10000,1,D,DH,AK,F
10:22:38,ICBP,RG,10000,3,D,CS,AK,F
10:22:38,ICBP,RG,10000,1,D,YP,AK,F
10:22:38,ICBP,RG,10000,5,D,SQ,AK,F
10:22:38,ICBP,RG,10000,1,D,CC,AK,F
10:22:38,ICBP,RG,10000,6,D,CS,AK,F
10:22:38,ICBP,RG,10000,1,D,XC,AK,F
10:22:38,ICBP,RG,10000,1,D,OD,AK,F
10:22:38,ICBP,RG,10000,1,D,YP,AK,F
10:22:38,ICBP,RG,10000,1,D,YP,AK,F
10:22:38,ICBP,RG,10000,1,D,YP,AK,F
10:22:38,ICBP,RG,10000,10,D,YU,AK,F
10:22:38,ICBP,RG,10000,3,D,CS,AK,F
10:22:38,ICBP,RG,10000,1,D,XL,AK,F
10:22:38,ICBP,RG,10000,2,D,CS,AK,F
10:22:38,ICBP,RG,10000,1,D,SQ,AK,F
10:22:38,ICBP,RG,10000,1,D,XC,AK,F
10:22:38,ICBP,RG,10000,1,D,CP,AK,F
10:22:38,ICBP,RG,10000,1,D,XC,AK,F
10:22:38,ICBP,RG,10000,1,D,CS,AK,F
10:22:38,ICBP,RG,10000,1,D,CS,AK,F
10:22:38,ICBP,RG,10000,1,D,XL,AK,F
10:22:38,ICBP,RG,10000,5,D,YP,AK,F
10:22:38,ICBP,RG,10000,1,D,SQ,AK,F
10:22:38,ICBP,RG,10000,25,D,NI,AK,F
10:22:38,ICBP,RG,10000,1,D,NI,AK,F
10:22:38,ICBP,RG,10000,10,D,TP,AK,F
10:22:38,ICBP,RG,10000,1,D,PD,AK,F
10:22:38,ICBP,RG,10000,11,D,HP,AK,F
10:22:38,ICBP,RG,10000,1,D,XC,AK,F
10:22:38,ICBP,RG,10000,9,D,CC,AK,F
10:22:38,ICBP,RG,10000,1,D,PD,AK,F
10:22:38,ICBP,RG,10000,1,D,PD,AK,F
10:22:38,ICBP,RG,10000,84,D,YP,AK,F
10:22:37,ICBP,RG,10000,116,D,YP,BK,F
10:22:37,ICBP,RG,10000,5,D,PD,BK,F
10:22:37,ICBP,RG,10000,2,D,YP,BK,F
10:22:37,ICBP,RG,10000,2,D,XC,BK,F
10:22:37,ICBP,RG,10000,1,D,GR,BK,F
10:22:37,ICBP,RG,10000,5,D,LG,BK,F
10:22:37,ICBP,RG,10000,5,D,PD,BK,F
10:22:37,ICBP,RG,10000,10,D,YP,BK,F
10:22:37,ICBP,RG,10000,10,D,PD,BK,F
10:22:37,ICBP,RG,10000,5,D,SQ,BK,F
10:22:37,ICBP,RG,10000,2,D,NI,BK,F
10:22:37,ICBP,RG,10000,1,D,YP,BK,F
10:22:37,ICBP,RG,10000,2,D,PD,BK,F
10:22:37,ICBP,RG,10000,1,D,PD,BK,F
10:22:37,ICBP,RG,10000,1,D,XC,BK,F
10:22:37,ICBP,RG,10000,1,D,NI,BK,F
10:22:37,ICBP,RG,10000,1,D,PD,BK,F
10:22:37,ICBP,RG,10000,1,D,XL,BK,F
10:22:37,ICBP,RG,10000,2,D,NI,BK,F
10:22:37,ICBP,RG,10000,5,D,PD,BK,F
10:22:37,ICBP,RG,10000,2,D,XC,BK,F
10:22:37,ICBP,RG,10000,10,D,PD,BK,F
10:22:37,ICBP,RG,10000,1,D,PD,BK,F
10:22:37,ICBP,RG,10000,1,D,XL,BK,F
10:22:37,ICBP,RG,10000,2,D,YP,BK,F
10:22:37,ICBP,RG,10000,3,D,XC,BK,F
10:22:37,ICBP,RG,10000,1,D,CC,BK,F
10:22:37,ICBP,RG,10000,3,D,DH,BK,F
10:22:37,ICBP,RG,10000,1,D,XC,BK,F
10:22:37,ICBP,RG,10000,1,D,PD,BK,F
10:22:37,ICBP,RG,10000,1,D,YP,BK,F
10:22:37,ICBP,RG,10000,2,D,SQ,BK,F
10:22:37,ICBP,RG,10000,5,D,EP,BK,F
10:22:37,ICBP,RG,10000,1,D,PD,BK,F
10:22:37,ICBP,RG,10000,1,D,KK,BK,F
10:22:37,ICBP,RG,10000,1,D,XL,BK,F
10:22:37,ICBP,RG,10000,15,D,XL,BK,F
10:22:37,ICBP,RG,10000,30,D,YP,BK,F
10:22:37,ICBP,RG,10000,1,D,CC,BK,F
10:22:37,ICBP,RG,10000,1,D,PD,BK,F
10:22:37,ICBP,RG,10000,1,D,PD,BK,F
10:22:37,ICBP,RG,10000,388,D,XA,BK,F
10:22:37,ICBP,RG,10000,1,D,XA,AK,F
10:22:37,ICBP,RG,10000,311,D,XA,BK,F
10:22:37,ICBP,RG,10000,3,D,AZ,BK,F
10:22:37,ICBP,RG,10000,85,D,CC,BK,F
10:22:37,ICBP,RG,10000,3,D,SQ,BK,F
10:22:37,ICBP,RG,10000,2,D,SQ,BK,F
10:22:37,ICBP,RG,10000,25,D,DR,BK,F
10:22:37,ICBP,RG,10000,221,D,KK,BK,F
10:22:37,ICBP,RG,10000,5,D,KK,RX,D
10:22:32,ICBP,RG,10000,10,D,KK,ZP,F
10:22:30,ICBP,RG,10000,11,D,KK,ZP,F
10:21:35,ICBP,RG,10000,1,D,KK,CC,D
10:21:19,ICBP,RG,10000,10,D,KK,ZP,F
10:20:50,ICBP,RG,10025,1,D,PD,BK,F
10:19:55,ICBP,RG,10025,11,D,YP,BK,F
10:19:33,ICBP,RG,10025,1,D,XL,BK,F
10:19:29,ICBP,RG,10025,3,D,YP,AK,D
10:19:18,ICBP,RG,10000,10,D,KK,ZP,F
10:19:11,ICBP,RG,10025,6,D,PD,AK,D
10:19:11,ICBP,RG,10025,47,D,PD,RX,D
10:17:56,ICBP,RG,10000,11,D,KK,RX,D
10:17:30,ICBP,RG,10000,3,D,KK,YU,D
10:17:22,ICBP,RG,10000,10,D,KK,ZP,F
10:17:22,ICBP,RG,10000,24,D,KK,RX,D
10:16:51,ICBP,RG,10000,5,D,KK,NI,D
10:16:00,ICBP,RG,10000,14,D,KK,RX,D
10:15:52,ICBP,RG,10025,2,D,XC,RX,D
10:15:49,ICBP,RG,10000,10,D,KK,ZP,F
10:15:49,ICBP,RG,10000,16,D,KK,YU,D
10:15:16,ICBP,RG,10025,1,D,XC,RX,D
10:14:11,ICBP,RG,10025,21,D,PD,RX,D
10:14:11,ICBP,RG,10025,10,D,PD,ZP,F
10:14:11,ICBP,RG,10025,22,D,PD,RX,D
10:13:48,ICBP,RG,10000,11,D,KK,ZP,F
10:13:47,ICBP,RG,10000,18,D,KK,RX,D
10:13:30,ICBP,RG,10000,10,D,KK,ZP,F
10:13:16,ICBP,RG,10000,16,D,KK,RX,D
10:13:00,ICBP,RG,10000,10,D,KK,ZP,F
10:12:47,ICBP,RG,10000,55,D,KK,RX,D
10:12:30,ICBP,RG,10000,10,D,KK,ZP,F
10:12:14,ICBP,RG,10000,16,D,KK,RX,D
10:11:41,ICBP,RG,10025,1,D,DR,RX,D
10:11:39,ICBP,RG,10000,2,D,KK,PD,D
10:11:08,ICBP,RG,10000,2,D,KK,YU,D
10:11:05,ICBP,RG,10025,1,D,XC,RX,D
10:10:52,ICBP,RG,10000,5,D,KK,YP,D
10:10:40,ICBP,RG,10000,21,D,KK,RX,D
10:09:40,ICBP,RG,10025,13,D,PD,RX,D
10:09:40,ICBP,RG,10025,9,D,PD,AK,D
10:09:40,ICBP,RG,10025,10,D,PD,ZP,F
10:09:40,ICBP,RG,10025,10,D,PD,ZP,F
10:09:40,ICBP,RG,10025,10,D,PD,ZP,F
10:09:31,ICBP,RG,10000,27,D,KK,RX,D
10:09:30,ICBP,RG,10000,10,D,KK,ZP,F
10:09:30,ICBP,RG,10000,1,D,KK,XL,D
10:09:02,ICBP,RG,10000,8,D,KK,YP,D
10:08:41,ICBP,RG,10000,1,D,KK,XC,D
10:08:38,ICBP,RG,10000,16,D,KK,KK,D
10:08:38,ICBP,RG,10000,4,D,KK,KK,D
10:08:00,ICBP,RG,10000,10,D,KK,ZP,F
10:06:43,ICBP,RG,10000,10,D,KK,ZP,F
10:06:00,ICBP,RG,10000,10,D,KK,ZP,F
10:05:01,ICBP,RG,10000,3,D,KK,YU,D
10:04:36,ICBP,RG,10025,11,F,AK,ZP,F
10:04:36,ICBP,RG,10025,30,F,AK,AK,D
10:04:36,ICBP,RG,10025,3,D,MG,AK,D
10:04:36,ICBP,RG,10025,10,D,MG,ZP,F
10:04:36,ICBP,RG,10025,3,D,MG,HP,D
10:04:36,ICBP,RG,10025,6,D,MG,YU,D
10:04:36,ICBP,RG,10025,78,D,MG,RX,D
10:04:20,ICBP,RG,10025,1,D,XL,RX,D
10:04:05,ICBP,RG,10025,53,D,PD,RX,D
10:03:28,ICBP,RG,10025,18,D,AK,RX,D
10:03:28,ICBP,RG,10025,13,D,AK,ZP,F
10:03:28,ICBP,RG,10025,21,D,AK,ZP,F
10:03:28,ICBP,RG,10025,8,D,AK,AK,D
10:03:28,ICBP,RG,10025,9,D,AK,AK,D
10:03:28,ICBP,RG,10025,11,D,AK,BK,F
10:03:28,ICBP,RG,10025,8,D,AK,BK,F
10:03:28,ICBP,RG,10025,17,D,AK,BK,F
10:03:27,ICBP,RG,10025,26,D,AK,BK,F
10:03:27,ICBP,RG,10025,14,D,AK,CC,D
10:03:27,ICBP,RG,10025,9,D,AK,CC,D
10:03:27,ICBP,RG,10025,1,D,AK,CC,D
10:03:27,ICBP,RG,10025,2,D,AK,CC,D
10:03:27,ICBP,RG,10025,4,D,AK,ZP,F
10:03:27,ICBP,RG,10025,7,D,AK,ZP,F
10:03:27,ICBP,RG,10025,19,D,AK,AK,F
10:03:27,ICBP,RG,10025,2,D,AK,AK,F
10:03:27,ICBP,RG,10025,51,D,AK,AK,F
10:03:27,ICBP,RG,10025,10,D,AK,ZP,F
10:03:27,ICBP,RG,10000,11,D,KK,RX,D
10:03:05,ICBP,RG,10000,2,D,KK,RX,D
10:03:05,ICBP,RG,10000,10,D,MG,RX,D
10:02:39,ICBP,RG,10000,10,D,MG,ZP,F
10:02:39,ICBP,RG,10000,14,D,MG,RX,D
10:02:30,ICBP,RG,10000,10,D,MG,ZP,F
10:02:17,ICBP,RG,10025,1,F,CC,AK,F
10:02:11,ICBP,RG,10025,2,D,YP,BK,F
10:02:11,ICBP,RG,10025,3,D,CS,BK,F
10:02:11,ICBP,RG,10025,1,D,XL,BK,F
10:02:11,ICBP,RG,10025,40,D,KK,BK,F
10:02:11,ICBP,RG,10025,3,D,XC,BK,F
10:02:11,ICBP,RG,10025,6,D,CS,BK,F
10:02:11,ICBP,RG,10025,1,D,XL,BK,F
10:02:11,ICBP,RG,10025,2,D,CS,BK,F
10:02:11,ICBP,RG,10025,2,D,CS,BK,F
10:02:11,ICBP,RG,10025,9,D,YP,BK,F
10:02:11,ICBP,RG,10025,1,D,YP,RX,D
10:02:11,ICBP,RG,10025,2,D,PD,RX,D
10:02:11,ICBP,RG,10025,5,D,CS,RX,D
10:02:11,ICBP,RG,10025,4,D,CS,RX,D
10:02:11,ICBP,RG,10025,1,D,XL,RX,D
10:02:07,ICBP,RG,10025,2,D,SQ,AK,F
10:02:07,ICBP,RG,10025,3,D,YP,BK,F
10:02:07,ICBP,RG,10025,3,D,CS,BK,F
10:02:07,ICBP,RG,10025,1,F,CC,BK,F
10:02:07,ICBP,RG,10025,36,D,GR,BK,F
10:02:00,ICBP,RG,10025,4,D,GR,AK,F
10:01:59,ICBP,RG,10025,8,D,GR,AK,F
10:01:59,ICBP,RG,10025,2,D,GR,AK,F
10:01:59,ICBP,RG,10025,3,D,CS,AK,F
10:01:59,ICBP,RG,10025,105,D,DR,AK,F
10:01:44,ICBP,RG,10025,38,D,DR,RX,D
10:01:38,ICBP,RG,10025,10,D,DR,ZP,F
10:01:38,ICBP,RG,10050,1,D,DX,AK,F
10:01:38,ICBP,RG,10050,2,D,DX,YU,F
10:00:27,ICBP,RG,10025,14,D,DR,RX,D
09:59:43,ICBP,RG,10025,10,D,DR,ZP,F
09:59:43,ICBP,RG,10025,6,D,DR,RX,D
09:59:21,ICBP,RG,10050,7,D,PD,YU,F
09:59:21,ICBP,RG,10050,16,D,PD,ZP,F
09:59:21,ICBP,RG,10050,8,D,PD,YU,F
09:59:21,ICBP,RG,10050,22,D,PD,AI,D
09:58:48,ICBP,RG,10025,6,D,DR,RX,D
09:58:48,ICBP,RG,10025,1,D,DR,PD,D
09:58:43,ICBP,RG,10025,3,D,DR,YU,D
09:58:39,ICBP,RG,10025,5,D,DR,XC,D
09:58:34,ICBP,RG,10025,2,D,DR,ZP,F
09:58:34,ICBP,RG,10025,8,D,XC,ZP,F
09:58:00,ICBP,RG,10025,7,D,XC,YU,F
09:58:00,ICBP,RG,10025,1,D,XL,YU,F
09:58:00,ICBP,RG,10025,3,D,CS,YU,F
09:58:00,ICBP,RG,10025,1,D,PD,YU,F
09:58:00,ICBP,RG,10025,6,D,YP,YU,F
09:57:46,ICBP,RG,10025,4,D,YP,RX,D
09:57:46,ICBP,RG,10025,1,D,CC,RX,D
09:57:46,ICBP,RG,10025,4,D,CS,RX,D
09:57:46,ICBP,RG,10025,1,D,SQ,RX,D
09:56:17,ICBP,RG,10025,1,D,SQ,ZP,F
09:56:17,ICBP,RG,10025,2,D,XC,ZP,F
09:56:17,ICBP,RG,10025,1,D,GR,ZP,F
09:56:17,ICBP,RG,10025,6,D,MG,ZP,F
09:55:07,ICBP,RG,10025,10,D,MG,NI,D
09:54:48,ICBP,RG,10025,3,D,MG,NI,D
09:54:28,ICBP,RG,10050,28,D,PD,AI,D
09:54:28,ICBP,RG,10050,24,D,PD,CC,D
09:53:35,ICBP,RG,10025,1,D,MG,ZP,F
09:53:35,ICBP,RG,10025,2,D,CS,ZP,F
09:53:35,ICBP,RG,10025,8,D,YB,ZP,F
09:51:03,ICBP,RG,10050,1,D,EP,CC,D
09:50:00,ICBP,RG,10050,1,D,XL,CC,D
09:49:11,ICBP,RG,10050,9,D,PD,AK,D
09:49:11,ICBP,RG,10050,10,D,PD,ZP,F
09:49:11,ICBP,RG,10050,18,D,PD,AK,D
09:49:11,ICBP,RG,10050,10,D,PD,ZP,F
09:49:11,ICBP,RG,10050,6,D,PD,AK,F
09:49:00,ICBP,RG,10025,10,D,YB,ZP,F
09:48:28,ICBP,RG,10050,1,D,CC,AK,F
09:48:07,ICBP,RG,10025,2,D,YB,YU,D
09:48:07,ICBP,RG,10025,1,D,YP,YU,D
09:48:00,ICBP,RG,10025,9,D,YP,ZP,F
09:48:00,ICBP,RG,10025,1,D,PD,ZP,F
09:46:48,ICBP,RG,10025,5,D,PD,AK,D
09:46:48,ICBP,RG,10025,41,D,MG,AK,D
09:46:31,ICBP,RG,10050,7,D,YU,AK,F
09:46:25,ICBP,RG,10025,10,D,MG,ZP,F
09:44:09,ICBP,RG,10025,10,D,MG,ZP,F
09:44:09,ICBP,RG,10050,33,D,PD,AK,F
09:44:09,ICBP,RG,10050,12,D,PD,ZP,F
09:44:09,ICBP,RG,10050,6,D,PD,ZP,F
09:44:09,ICBP,RG,10050,1,D,PD,YU,F
09:41:23,ICBP,RG,10025,10,D,MG,ZP,F
09:40:22,ICBP,RG,10050,2,D,XC,YU,F
09:39:34,ICBP,RG,10050,5,D,PD,YU,F
09:39:34,ICBP,RG,10050,20,D,PD,SQ,D
09:39:34,ICBP,RG,10050,1,D,PD,DR,D
09:39:34,ICBP,RG,10050,10,D,PD,ZP,F
09:39:34,ICBP,RG,10050,17,D,PD,YP,D
09:39:25,ICBP,RG,10025,1,D,MG,PD,D
09:38:31,ICBP,RG,10025,2,D,MG,AK,F
09:38:31,ICBP,RG,10025,11,D,MG,ZP,F
09:37:00,ICBP,RG,10025,11,D,MG,ZP,F
09:35:33,ICBP,RG,10050,1,D,CC,YP,D
09:35:30,ICBP,RG,10025,1,D,MG,YU,D
09:34:30,ICBP,RG,10025,3,D,MG,ZP,F
09:34:30,ICBP,RG,10025,5,D,OD,ZP,F
09:34:30,ICBP,RG,10025,2,D,CS,ZP,F
09:32:44,ICBP,RG,10025,3,D,CS,ZP,F
09:32:44,ICBP,RG,10025,7,D,KI,ZP,F
09:32:44,ICBP,RG,10050,2,D,CC,YP,D
09:32:44,ICBP,RG,10050,3,D,CC,XC,D
09:32:20,ICBP,RG,10025,5,D,KI,YP,D
09:32:13,ICBP,RG,10050,1,D,CC,XC,D
09:31:31,ICBP,RG,10050,1,D,PD,XC,D
09:31:00,ICBP,RG,10025,10,D,KI,ZP,F
09:30:30,ICBP,RG,10025,11,D,KI,ZP,F
09:28:28,ICBP,RG,10025,19,D,KI,YP,D
09:28:28,ICBP,RG,10025,16,D,KI,ZP,F
09:28:28,ICBP,RG,10025,9,D,KI,ZP,F
09:28:28,ICBP,RG,10025,9,D,KI,AK,D
09:28:28,ICBP,RG,10025,37,D,KI,AK,D
09:28:28,ICBP,RG,10025,41,D,KI,ZP,F
09:28:28,ICBP,RG,10025,11,D,KI,ZP,F
09:28:28,ICBP,RG,10025,103,D,KI,AK,F
09:28:28,ICBP,RG,10025,10,D,KI,ZP,F
09:28:28,ICBP,RG,10025,8,D,KI,YU,F
09:28:28,ICBP,RG,10025,4,D,KI,YU,F
09:26:12,ICBP,RG,10000,5,D,MG,YP,D
09:26:12,ICBP,RG,10000,1,D,MG,PD,D
09:25:46,ICBP,RG,10025,50,D,XL,AK,F
09:25:46,ICBP,RG,10025,5,F,CC,AK,F
09:25:46,ICBP,RG,10025,2,D,CS,AK,F
09:25:46,ICBP,RG,10025,1,D,XC,AK,F
09:25:46,ICBP,RG,10025,1,D,XC,AK,F
09:25:46,ICBP,RG,10025,1,D,XL,AK,F
09:25:46,ICBP,RG,10025,20,D,PD,AK,F
09:25:46,ICBP,RG,10025,2,D,PD,AK,F
09:25:46,ICBP,RG,10025,10,D,PD,AK,F
09:25:46,ICBP,RG,10025,18,D,PD,AI,D
09:25:46,ICBP,RG,10025,18,D,CC,AI,D
09:25:46,ICBP,RG,10025,1,D,CS,AI,D
09:25:46,ICBP,RG,10025,1,D,PD,AI,D
09:25:46,ICBP,RG,10025,101,D,XL,AI,D
09:25:46,ICBP,RG,10025,50,D,YP,AI,D
09:25:46,ICBP,RG,10025,1,D,KK,AI,D
09:25:46,ICBP,RG,10025,1,D,XL,AI,D
09:25:46,ICBP,RG,10025,1,D,PD,AI,D
09:25:46,ICBP,RG,10025,1,D,AT,AI,D
09:25:46,ICBP,RG,10025,5,D,CS,AI,D
09:25:46,ICBP,RG,10025,1,D,YP,AI,D
09:25:46,ICBP,RG,10025,2,D,CS,AI,D
09:25:46,ICBP,RG,10025,10,D,YP,AI,D
09:25:46,ICBP,RG,10025,2,D,DH,AI,D
09:25:46,ICBP,RG,10025,2,D,XL,AI,D
09:25:46,ICBP,RG,10025,7,D,CS,AI,D
09:25:46,ICBP,RG,10025,25,D,PD,AI,D
09:25:46,ICBP,RG,10025,4,D,CS,AI,D
09:25:46,ICBP,RG,10025,2,D,KK,AI,D
09:25:46,ICBP,RG,10025,5,D,CS,AI,D
09:25:46,ICBP,RG,10025,3,D,CS,AI,D
09:25:46,ICBP,RG,10025,7,D,CS,AI,D
09:25:46,ICBP,RG,10025,5,D,CS,AI,D
09:25:46,ICBP,RG,10025,5,D,CS,AI,D
09:25:46,ICBP,RG,10025,137,F,BK,AI,D
09:25:46,ICBP,RG,10025,1,D,KK,AI,D
09:25:46,ICBP,RG,10025,5,D,YP,AI,D
09:25:46,ICBP,RG,10025,15,D,PD,AI,D
09:25:46,ICBP,RG,10025,3,D,CP,AI,D
09:25:46,ICBP,RG,10025,2,D,AK,AI,D
09:25:46,ICBP,RG,10025,18,D,AK,AI,D
09:25:46,ICBP,RG,10025,41,D,AK,AI,D
09:25:00,ICBP,RG,10025,1,D,AK,ZP,F
09:25:00,ICBP,RG,10025,2,D,AK,ZP,F
09:25:00,ICBP,RG,10025,4,D,AK,ZP,F
09:25:00,ICBP,RG,10025,3,D,AK,ZP,F
09:24:03,ICBP,RG,10025,6,D,AK,ZP,F
09:24:03,ICBP,RG,10025,1,D,AK,ZP,F
09:24:03,ICBP,RG,10025,3,D,AK,ZP,F
09:24:00,ICBP,RG,10025,10,D,AK,ZP,F
09:22:45,ICBP,RG,10025,10,D,AK,ZP,F
09:22:37,ICBP,RG,10025,3,D,AK,DR,D
09:22:28,ICBP,RG,10050,4,D,CS,ZP,F
09:22:28,ICBP,RG,10050,9,D,CS,AK,D
09:22:00,ICBP,RG,10025,6,D,AK,ZP,F
09:22:00,ICBP,RG,10025,5,D,AK,ZP,F
09:20:28,ICBP,RG,10050,1,D,CC,ZP,F
09:19:52,ICBP,RG,10025,16,D,AK,XC,D
09:19:52,ICBP,RG,10025,33,D,AK,XC,D
09:19:43,ICBP,RG,10050,3,D,XL,ZP,F
09:19:38,ICBP,RG,10025,2,D,AK,PD,D
09:19:29,ICBP,RG,10025,28,D,AK,XC,D
09:19:29,ICBP,RG,10025,1,D,AK,XC,D
09:18:26,ICBP,RG,10025,8,D,AK,ZP,F
09:18:26,ICBP,RG,10025,2,D,AK,ZP,F
09:18:26,ICBP,RG,10050,4,D,YP,ZP,F
09:18:26,ICBP,RG,10050,16,D,YP,AK,F
09:17:02,ICBP,RG,10025,5,D,AK,PD,D
09:16:28,ICBP,RG,10025,10,D,AK,ZP,F
09:16:11,ICBP,RG,10050,1,D,XC,AK,F
09:16:00,ICBP,RG,10025,11,D,AK,YU,F
09:16:00,ICBP,RG,10025,1,D,AK,YU,F
09:16:00,ICBP,RG,10025,5,D,AK,YU,F
09:15:26,ICBP,RG,10025,1,D,AK,PD,D
09:15:00,ICBP,RG,10025,10,D,AK,ZP,F
09:13:35,ICBP,RG,10050,1,D,BQ,AK,F
09:13:22,ICBP,RG,10025,10,D,AK,ZP,F
09:13:22,ICBP,RG,10050,8,D,CS,AK,F
09:13:22,ICBP,RG,10050,1,D,CS,ZP,F
09:12:50,ICBP,RG,10050,1,D,XC,ZP,F
09:11:42,ICBP,RG,10050,8,D,BQ,ZP,F
09:11:42,ICBP,RG,10050,2,D,BQ,DH,D
09:11:36,ICBP,RG,10025,5,D,AK,ZP,F
09:11:36,ICBP,RG,10025,5,D,EP,ZP,F
09:11:36,ICBP,RG,10025,1,D,EP,YP,D
09:11:30,ICBP,RG,10025,4,D,EP,ZP,F
09:11:30,ICBP,RG,10025,3,D,PD,ZP,F
09:11:30,ICBP,RG,10025,3,D,PD,ZP,F
09:10:49,ICBP,RG,10025,5,D,PD,ZP,F
09:10:49,ICBP,RG,10025,5,D,PD,ZP,F
09:09:30,ICBP,RG,10025,11,D,PD,ZP,F
09:09:13,ICBP,RG,10050,1,D,PD,DH,D
09:07:25,ICBP,RG,10025,9,D,PD,ZP,F
09:07:25,ICBP,RG,10025,1,D,EP,ZP,F
09:07:03,ICBP,RG,10025,31,D,YB,AK,D
09:07:03,ICBP,RG,10025,1,D,YB,AK,D
09:05:43,ICBP,RG,10050,1,D,YP,AK,F
09:05:43,ICBP,RG,10050,5,D,AG,AK,F
09:05:43,ICBP,RG,10050,5,D,CS,AK,F
09:05:43,ICBP,RG,10050,5,F,BK,AK,F
09:05:43,ICBP,RG,10050,10,F,BK,ZP,F
09:05:43,ICBP,RG,10050,7,F,BK,ZP,F
09:05:33,ICBP,RG,10050,14,F,BK,ZP,F
09:05:30,ICBP,RG,10050,12,F,BK,PD,D
09:05:22,ICBP,RG,10050,1,F,BK,AK,F
09:05:22,ICBP,RG,10050,4,F,BK,AK,F
09:05:22,ICBP,RG,10050,6,F,BK,ZP,F
09:05:19,ICBP,RG,10050,10,F,BK,DR,D
09:04:48,ICBP,RG,10050,10,F,BK,ZP,F
09:04:29,ICBP,RG,10100,1,D,YP,ZP,F
09:04:03,ICBP,RG,10100,1,D,EP,ZP,F
09:03:52,ICBP,RG,10050,10,F,BK,ZP,F
