Time,Stock,Brd,Price,Qty,BT,BC,SC,ST
15:14:50,ICBP,RG,8825,32,F,CS,GR,D
15:14:50,ICBP,RG,8825,1,D,XC,GR,D
15:14:50,ICBP,RG,8825,1,D,YP,GR,D
15:14:50,ICBP,RG,8825,4,D,GR,GR,D
15:14:50,ICBP,RG,8825,2,D,XL,GR,D
15:14:50,ICBP,RG,8825,10,D,AR,GR,D
15:14:50,ICBP,RG,8825,1,D,YP,GR,D
15:14:50,ICBP,RG,8825,99,D,YP,GR,D
15:14:50,ICBP,RG,8825,2,D,YP,GR,D
15:14:50,ICBP,RG,8825,5,D,DR,GR,D
15:14:50,ICBP,RG,8825,30,D,NI,GR,D
15:14:50,ICBP,RG,8825,1,D,YP,GR,D
15:14:50,ICBP,RG,8825,25,D,XC,GR,D
15:14:50,ICBP,RG,8825,3,D,GR,GR,D
15:14:50,ICBP,RG,8825,5,D,YP,GR,D
15:14:50,ICBP,RG,8825,10,D,YP,GR,D
15:14:50,ICBP,RG,8825,4,D,PD,GR,D
15:14:50,ICBP,RG,8825,1,D,YP,GR,D
15:14:50,ICBP,RG,8825,1,D,PD,GR,D
15:14:50,ICBP,RG,8825,5,D,YP,GR,D
15:14:50,ICBP,RG,8825,50,D,YP,GR,D
15:14:50,ICBP,RG,8825,1,D,HP,GR,D
15:14:50,ICBP,RG,8825,7,F,CS,GR,D
15:13:18,ICBP,RG,8825,1,F,CS,CC,D
15:12:56,ICBP,RG,8825,1,F,CS,YP,D
15:09:41,ICBP,RG,8825,10,F,CS,CC,D
15:09:26,ICBP,RG,8825,15,F,CS,DR,D
15:09:13,ICBP,RG,8825,68,F,CS,DR,D
15:09:03,ICBP,RG,8825,122,F,CS,DR,D
15:08:39,ICBP,RG,8825,28,F,CS,DD,D
15:08:03,ICBP,RG,8825,25,F,CS,CC,D
15:07:57,ICBP,RG,8825,1,F,CS,XC,D
15:06:35,ICBP,RG,8825,12,F,CS,XL,D
15:06:29,ICBP,RG,8825,9,F,CS,CC,D
15:05:34,ICBP,RG,8825,20,F,CS,CC,D
15:04:05,ICBP,RG,8825,1,F,CS,DR,D
15:03:10,ICBP,RG,8825,10,F,CS,OD,D
15:02:19,ICBP,RG,8825,3,F,CS,YP,D
15:01:59,ICBP,RG,8825,5,F,CS,YP,D
15:01:37,ICBP,RG,8825,4,F,CS,YU,D
15:01:32,ICBP,RG,8825,1,F,CS,XC,D
15:01:19,ICBP,RG,8825,100,F,CS,YP,D
15:01:13,ICBP,RG,8825,195,F,CS,YP,D
15:01:09,ICBP,RG,8825,2,F,CS,DX,D
15:01:01,ICBP,RG,8825,160,F,CS,YP,D
15:01:01,ICBP,RG,8825,28,D,NI,YP,D
15:00:00,ICBP,RG,8825,1,D,NI,KK,D
15:00:00,ICBP,RG,8825,1,D,NI,BQ,D
15:00:00,ICBP,RG,8825,1,D,YP,BQ,D
15:00:00,ICBP,RG,8825,3,D,KK,BQ,D
15:00:00,ICBP,RG,8825,2,D,KK,BQ,D
15:00:00,ICBP,RG,8825,5,D,PD,BQ,D
15:00:00,ICBP,RG,8825,1,D,PD,BQ,D
15:00:00,ICBP,RG,8825,1,F,RX,BQ,D
15:00:00,ICBP,RG,8825,260,F,RX,PD,D
15:00:00,ICBP,RG,8825,50,D,DH,PD,D
15:00:00,ICBP,RG,8825,3,D,YP,PD,D
15:00:00,ICBP,RG,8825,30,D,KI,PD,D
15:00:00,ICBP,RG,8825,5,D,NI,PD,D
15:00:00,ICBP,RG,8825,2,D,XL,PD,D
15:00:00,ICBP,RG,8825,1,D,XL,PD,D
15:00:00,ICBP,RG,8825,2,D,LG,PD,D
15:00:00,ICBP,RG,8825,1,D,NI,PD,D
15:00:00,ICBP,RG,8825,2,D,XL,PD,D
15:00:00,ICBP,RG,8825,1,D,XL,NI,D
15:00:00,ICBP,RG,8825,7,D,XL,SQ,D
15:00:00,ICBP,RG,8825,3,D,PD,SQ,D
15:00:00,ICBP,RG,8825,1,D,PD,GR,D
15:00:00,ICBP,RG,8825,6,D,PD,YP,D
15:00:00,ICBP,RG,8825,5,D,MK,YP,D
15:00:00,ICBP,RG,8825,1,D,KK,YP,D
15:00:00,ICBP,RG,8825,10,D,YP,YP,D
15:00:00,ICBP,RG,8825,1,D,XL,YP,D
15:00:00,ICBP,RG,8825,7,D,PD,YP,D
15:00:00,ICBP,RG,8825,3,D,PD,YP,D
15:00:00,ICBP,RG,8825,5,D,YP,YP,D
15:00:00,ICBP,RG,8825,2,D,XL,YP,D
15:00:00,ICBP,RG,8825,5,D,YP,YP,D
15:00:00,ICBP,RG,8825,1,F,RX,KK,D
15:00:00,ICBP,RG,8825,10,F,RX,PD,D
15:00:00,ICBP,RG,8825,3,F,RX,YJ,D
15:00:00,ICBP,RG,8825,2,F,RX,NI,D
15:00:00,ICBP,RG,8825,10,F,RX,DR,D
15:00:00,ICBP,RG,8825,33,F,RX,YP,D
15:00:00,ICBP,RG,8825,6,F,RX,YB,D
15:00:00,ICBP,RG,8825,196,F,RX,ZP,F
15:00:00,ICBP,RG,8825,136,F,CS,ZP,F
15:00:00,ICBP,RG,8825,88,F,YU,ZP,F
15:00:00,ICBP,RG,8825,5,D,YP,ZP,F
15:00:00,ICBP,RG,8825,1,D,CC,ZP,F
15:00:00,ICBP,RG,8825,1,D,NI,ZP,F
15:00:00,ICBP,RG,8825,1644,F,AK,ZP,F
15:00:00,ICBP,RG,8825,372,F,AK,ZP,F
15:00:00,ICBP,RG,8825,110,F,AK,ZP,F
15:00:00,ICBP,RG,8825,410,F,AK,DX,D
15:00:00,ICBP,RG,8825,21,F,ZP,DX,D
15:00:00,ICBP,RG,8825,107,F,ZP,KZ,D
15:00:00,ICBP,RG,8825,136,F,CS,KZ,D
15:00:00,ICBP,RG,8825,357,F,RX,KZ,D
15:00:00,ICBP,RG,8825,512,F,RX,BK,F
15:00:00,ICBP,RG,8825,33,F,AK,BK,F
15:00:00,ICBP,RG,8825,1922,F,BK,BK,F
15:00:00,ICBP,RG,8825,48,F,AK,BK,F
15:00:00,ICBP,RG,8825,3,F,ZP,BK,F
15:00:00,ICBP,RG,8825,379,F,ZP,BK,F
15:00:00,ICBP,RG,8825,3041,F,RX,BK,F
15:00:00,ICBP,RG,8825,352,F,ZP,BK,F
15:00:00,ICBP,RG,8825,911,F,ZP,BK,F
15:00:00,ICBP,RG,8825,755,F,AK,BK,F
15:00:00,ICBP,RG,8825,33,F,AK,BK,F
15:00:00,ICBP,RG,8825,181,F,AK,CS,F
15:00:00,ICBP,RG,8825,401,F,AK,CS,F
15:00:00,ICBP,RG,8825,46,F,AK,AK,D
15:00:00,ICBP,RG,8825,71,F,AK,OD,D
15:00:00,ICBP,RG,8825,40,F,BK,OD,D
15:00:00,ICBP,RG,8825,73,F,BK,OD,D
15:00:00,ICBP,RG,8825,8,F,BK,OD,D
15:00:00,ICBP,RG,8825,462,F,CS,OD,D
15:00:00,ICBP,RG,8825,139,F,YU,OD,D
15:00:00,ICBP,RG,8825,105,D,PD,OD,D
15:00:00,ICBP,RG,8825,127,D,PD,OD,D
15:00:00,ICBP,RG,8825,243,D,PD,OD,D
15:00:00,ICBP,RG,8825,213,F,AK,OD,D
15:00:00,ICBP,RG,8825,76,F,AK,OD,D
15:00:00,ICBP,RG,8825,2,F,AK,PD,D
15:00:00,ICBP,RG,8825,245,F,AK,CC,D
15:00:00,ICBP,RG,8825,3041,F,AK,DX,F
15:00:00,ICBP,RG,8825,1984,F,AK,DX,F
15:00:00,ICBP,RG,8825,800,F,AK,BB,D
15:00:00,ICBP,RG,8825,240,F,ZP,BB,D
15:00:00,ICBP,RG,8825,200,F,AK,BB,D
15:00:00,ICBP,RG,8825,531,F,AK,BB,D
15:00:00,ICBP,RG,8825,682,F,AK,AK,F
15:00:00,ICBP,RG,8825,1174,F,AK,AK,F
15:00:00,ICBP,RG,8825,423,F,AK,AK,F
15:00:00,ICBP,RG,8825,325,F,AK,CC,D
15:00:00,ICBP,RG,8825,338,F,ZP,CC,D
15:00:00,ICBP,RG,8825,209,F,ZP,LG,D
15:00:00,ICBP,RG,8825,164,F,ZP,YU,D
14:49:58,ICBP,RG,8800,4,D,YP,AK,F
14:49:58,ICBP,RG,8800,2,D,YP,AK,F
14:49:57,ICBP,RG,8850,3,F,ZP,YP,D
14:49:55,ICBP,RG,8850,22,F,BK,YP,D
14:49:53,ICBP,RG,8800,36,D,YP,AK,F
14:49:53,ICBP,RG,8800,18,D,YP,AK,F
14:49:52,ICBP,RG,8800,5,D,YP,AK,F
14:49:52,ICBP,RG,8850,19,F,ZP,YP,D
14:49:51,ICBP,RG,8850,3,F,ZP,YP,D
14:49:51,ICBP,RG,8850,10,F,BK,YP,D
14:49:47,ICBP,RG,8800,13,D,YP,AK,F
14:49:46,ICBP,RG,8850,15,F,BK,YP,D
14:49:46,ICBP,RG,8850,3,F,BK,NI,D
14:49:46,ICBP,RG,8850,8,F,BK,CC,D
14:49:44,ICBP,RG,8850,2,F,ZP,CC,D
14:49:44,ICBP,RG,8850,5,F,ZP,CC,D
14:49:44,ICBP,RG,8850,10,F,ZP,CC,D
14:49:44,ICBP,RG,8850,2,F,ZP,LG,D
14:49:43,ICBP,RG,8825,1,F,BK,PD,D
14:49:42,ICBP,RG,8825,2,D,YP,PD,D
14:49:42,ICBP,RG,8825,61,D,YP,DX,F
14:49:40,ICBP,RG,8800,50,D,YP,CC,D
14:49:37,ICBP,RG,8825,22,F,ZP,DX,F
14:49:37,ICBP,RG,8825,1,F,ZP,CC,D
14:49:37,ICBP,RG,8825,2,F,ZP,YP,D
14:49:37,ICBP,RG,8825,1,F,ZP,PD,D
14:49:37,ICBP,RG,8825,21,F,ZP,AK,F
14:49:35,ICBP,RG,8825,10,F,BK,AK,F
14:49:33,ICBP,RG,8825,11,F,BK,AK,F
14:49:31,ICBP,RG,8825,16,D,YP,AK,F
14:49:31,ICBP,RG,8825,16,D,YP,DX,F
14:49:31,ICBP,RG,8825,16,D,YP,DX,F
14:49:31,ICBP,RG,8825,2,D,YP,BK,F
14:49:30,ICBP,RG,8800,80,D,YP,DX,F
14:49:28,ICBP,RG,8825,9,F,BK,BK,F
14:49:27,ICBP,RG,8825,1,F,BK,BK,F
14:49:26,ICBP,RG,8825,3,F,ZP,BK,F
14:49:24,ICBP,RG,8825,3,F,BK,BK,F
14:49:24,ICBP,RG,8825,7,F,BK,DX,F
14:49:20,ICBP,RG,8825,51,F,ZP,DX,F
14:49:20,ICBP,RG,8825,20,D,YP,DX,F
14:49:17,ICBP,RG,8825,5,D,CC,DX,F
14:49:10,ICBP,RG,8800,1,D,YP,BB,D
14:49:10,ICBP,RG,8800,9,D,YP,BK,F
14:49:08,ICBP,RG,8825,10,F,BK,DX,F
14:49:05,ICBP,RG,8825,16,F,BK,DX,F
14:49:05,ICBP,RG,8825,6,F,BK,KK,D
14:49:05,ICBP,RG,8825,6,F,BK,BB,D
14:49:05,ICBP,RG,8825,2,F,BK,PD,D
14:49:05,ICBP,RG,8825,45,F,BK,AK,F
14:49:05,ICBP,RG,8825,50,F,ZP,AK,F
14:49:05,ICBP,RG,8800,513,D,YP,BK,F
14:49:04,ICBP,RG,8800,60,D,YP,DX,F
14:49:00,ICBP,RG,8800,1,D,YP,AK,D
14:49:00,ICBP,RG,8800,1,D,YP,AK,D
14:49:00,ICBP,RG,8825,1,F,AK,AK,F
14:49:00,ICBP,RG,8800,1,D,YP,AK,D
14:48:59,ICBP,RG,8800,34,D,YP,BK,F
14:48:55,ICBP,RG,8800,23,D,YP,BK,F
14:48:52,ICBP,RG,8800,51,D,YP,BK,F
14:48:49,ICBP,RG,8825,25,D,RG,DX,F
14:48:47,ICBP,RG,8800,28,D,YP,BK,F
14:48:44,ICBP,RG,8800,48,D,YP,BK,F
14:48:43,ICBP,RG,8800,21,D,YP,DX,F
14:48:43,ICBP,RG,8825,10,F,BK,DX,F
14:48:38,ICBP,RG,8800,45,D,YP,BK,F
14:48:38,ICBP,RG,8825,10,F,BK,DX,F
14:48:34,ICBP,RG,8800,7,D,YP,CP,D
14:48:33,ICBP,RG,8800,19,D,YP,BK,F
14:48:32,ICBP,RG,8825,16,F,BK,DX,F
14:48:31,ICBP,RG,8800,19,D,YP,BK,F
14:48:31,ICBP,RG,8825,48,D,LS,DX,F
14:48:31,ICBP,RG,8825,2,D,LS,CC,D
14:48:30,ICBP,RG,8800,46,D,YP,CC,D
14:48:29,ICBP,RG,8825,9,F,BK,CC,D
14:48:29,ICBP,RG,8800,39,D,YP,BK,F
14:48:26,ICBP,RG,8825,9,F,BK,CC,D
14:48:24,ICBP,RG,8800,20,D,YP,BK,F
14:48:23,ICBP,RG,8800,2,D,YP,PD,D
14:48:22,ICBP,RG,8800,26,D,YP,BK,F
14:48:21,ICBP,RG,8825,3,F,BK,CC,D
14:48:21,ICBP,RG,8825,1,F,BK,AK,D
14:48:21,ICBP,RG,8825,6,F,BK,CC,D
14:48:16,ICBP,RG,8825,4,F,BK,CC,D
14:48:16,ICBP,RG,8825,7,F,BK,BK,F
14:48:14,ICBP,RG,8800,88,D,YP,DX,F
14:48:00,ICBP,RG,8825,1,D,PD,BK,F
14:47:56,ICBP,RG,8825,2,F,BK,BK,F
14:47:56,ICBP,RG,8825,1,F,BK,AK,D
14:47:56,ICBP,RG,8825,1,F,BK,XL,D
14:47:56,ICBP,RG,8825,2,F,BK,BB,D
14:47:56,ICBP,RG,8825,3,F,BK,DX,F
14:47:53,ICBP,RG,8825,1,D,XC,DX,F
14:47:51,ICBP,RG,8825,11,F,BK,DX,F
14:47:51,ICBP,RG,8825,5,D,GR,DX,F
14:47:49,ICBP,RG,8825,10,D,NI,DX,F
14:47:46,ICBP,RG,8825,28,F,BK,DX,F
14:47:46,ICBP,RG,8825,16,F,BK,DX,F
14:47:45,ICBP,RG,8800,210,D,YP,DX,F
14:47:45,ICBP,RG,8825,70,D,YP,DX,F
14:47:44,ICBP,RG,8800,2,D,YP,NI,D
14:47:38,ICBP,RG,8825,10,F,BK,DX,F
14:47:36,ICBP,RG,8825,6,D,KK,DX,F
14:47:33,ICBP,RG,8825,4,D,YP,DX,F
14:47:32,ICBP,RG,8825,11,F,BK,DX,F
14:47:31,ICBP,RG,8825,4,F,AK,DX,F
14:47:31,ICBP,RG,8825,41,F,AK,PD,D
14:47:25,ICBP,RG,8800,60,D,YP,DX,F
14:47:24,ICBP,RG,8800,104,D,YP,DX,F
14:47:23,ICBP,RG,8825,1,D,XL,PD,D
14:47:14,ICBP,RG,8825,50,D,YP,PD,D
14:47:08,ICBP,RG,8825,23,F,ZP,PD,D
14:47:08,ICBP,RG,8825,18,F,ZP,PD,D
14:47:08,ICBP,RG,8825,5,F,ZP,KK,D
14:47:08,ICBP,RG,8825,2,F,ZP,ZP,D
14:47:01,ICBP,RG,8825,1,D,PD,CC,D
14:46:36,ICBP,RG,8825,1,D,PD,YP,D
14:46:36,ICBP,RG,8825,1,D,XC,YP,D
14:46:33,ICBP,RG,8800,62,D,YP,CC,D
14:46:33,ICBP,RG,8825,1,D,PD,YP,D
14:46:25,ICBP,RG,8825,1,F,AK,YP,D
14:46:25,ICBP,RG,8825,1,F,AK,YP,D
14:46:25,ICBP,RG,8825,3,F,AK,YP,D
14:46:25,ICBP,RG,8825,126,F,BK,YP,D
14:46:25,ICBP,RG,8825,1,F,BK,CC,D
14:46:25,ICBP,RG,8825,1,F,BK,XC,D
14:46:25,ICBP,RG,8825,14,F,BK,CC,D
14:46:25,ICBP,RG,8825,5,F,AK,CC,D
14:46:24,ICBP,RG,8825,11,F,AK,CC,D
14:46:24,ICBP,RG,8825,71,F,ZP,CC,D
14:46:24,ICBP,RG,8825,2,F,ZP,DR,D
14:46:24,ICBP,RG,8825,5,F,ZP,KK,D
14:46:24,ICBP,RG,8825,2,F,ZP,PD,D
14:46:24,ICBP,RG,8825,9,F,AK,BK,F
14:46:24,ICBP,RG,8825,16,F,AK,YP,D
14:46:24,ICBP,RG,8825,3,F,AK,XC,D
14:46:24,ICBP,RG,8825,1,F,AK,CC,D
14:46:24,ICBP,RG,8825,1,F,AK,HP,D
14:46:24,ICBP,RG,8825,1,F,AK,SQ,D
14:46:21,ICBP,RG,8825,14,F,AK,SQ,D
14:46:21,ICBP,RG,8825,1,F,AK,PD,D
14:46:21,ICBP,RG,8825,2,F,AK,NI,D
14:46:21,ICBP,RG,8825,1,F,AK,PD,D
14:46:21,ICBP,RG,8825,2,F,AK,YP,D
14:46:21,ICBP,RG,8825,1,F,AK,DX,D
14:46:21,ICBP,RG,8825,19,F,AK,DX,D
14:46:21,ICBP,RG,8825,5,F,AK,YB,D
14:46:21,ICBP,RG,8825,2,F,AK,OD,D
14:46:21,ICBP,RG,8825,3,F,AK,HP,D
14:46:21,ICBP,RG,8825,1,F,AK,XL,D
14:46:21,ICBP,RG,8825,12,F,AK,YU,D
14:46:20,ICBP,RG,8800,163,D,YP,AK,F
14:46:20,ICBP,RG,8800,5,D,YP,BB,D
14:46:20,ICBP,RG,8800,5,D,YP,YP,D
14:46:20,ICBP,RG,8800,5,D,YP,AZ,D
14:46:20,ICBP,RG,8800,97,D,YP,DX,F
14:46:20,ICBP,RG,8800,1,D,YP,CC,D
14:46:20,ICBP,RG,8800,1,D,YP,YU,D
14:46:20,ICBP,RG,8800,79,D,YP,AK,F
14:46:20,ICBP,RG,8800,104,D,YP,DX,F
14:46:20,ICBP,RG,8800,685,D,YP,BK,F
14:46:20,ICBP,RG,8800,814,D,YP,AK,F
14:46:20,ICBP,RG,8800,15,D,YP,NI,D
14:46:20,ICBP,RG,8800,1,D,YP,OD,D
14:46:20,ICBP,RG,8800,4,D,YP,AK,D
14:46:20,ICBP,RG,8800,8,D,YP,AK,D
14:46:20,ICBP,RG,8800,91,D,YP,DX,F
14:46:20,ICBP,RG,8800,382,D,YP,BK,F
14:46:20,ICBP,RG,8800,256,D,YP,CC,D
14:46:20,ICBP,RG,8800,181,D,YP,CC,D
14:46:20,ICBP,RG,8775,2,D,YP,PD,D
14:46:20,ICBP,RG,8800,13,F,BK,CC,D
14:46:19,ICBP,RG,8775,48,D,YP,BK,F
14:46:18,ICBP,RG,8800,10,F,BK,CC,D
14:46:15,ICBP,RG,8800,1,D,YP,CC,D
14:46:13,ICBP,RG,8775,29,D,YP,BK,F
14:46:13,ICBP,RG,8800,12,F,BK,CC,D
14:46:11,ICBP,RG,8800,1,D,YP,CC,D
14:46:10,ICBP,RG,8775,27,D,YP,BK,F
14:46:09,ICBP,RG,8775,1,D,YP,AK,D
14:46:08,ICBP,RG,8800,1,D,YP,CC,D
14:46:07,ICBP,RG,8775,32,D,YP,BK,F
14:46:07,ICBP,RG,8800,12,F,BK,YU,D
14:46:04,ICBP,RG,8800,8,F,BK,YU,D
14:46:04,ICBP,RG,8800,18,F,BK,YU,D
14:46:04,ICBP,RG,8775,23,D,YP,BK,F
14:46:01,ICBP,RG,8775,26,D,YP,BK,F
14:46:01,ICBP,RG,8775,2,D,YP,BK,F
14:46:01,ICBP,RG,8775,1,D,YP,BK,F
14:46:01,ICBP,RG,8775,25,D,XA,BK,F
14:46:01,ICBP,RG,8800,8,F,BK,YU,D
14:46:01,ICBP,RG,8800,9,F,BK,YU,D
14:46:01,ICBP,RG,8800,11,F,BK,BB,D
14:46:01,ICBP,RG,8800,38,F,BK,YP,D
14:46:00,ICBP,RG,8775,25,D,XA,AK,F
14:46:00,ICBP,RG,8775,30,D,XA,AK,F
14:46:00,ICBP,RG,8775,1,D,XC,AK,F
14:46:00,ICBP,RG,8775,2,D,KK,AK,F
14:46:00,ICBP,RG,8775,10,D,EP,AK,F
14:46:00,ICBP,RG,8775,10,D,KK,AK,F
14:46:00,ICBP,RG,8775,3,D,YP,AK,F
14:46:00,ICBP,RG,8775,10,D,YP,AK,F
14:46:00,ICBP,RG,8775,2,D,XC,AK,F
14:46:00,ICBP,RG,8775,12,D,AT,AK,F
14:46:00,ICBP,RG,8775,25,D,AT,AK,F
14:46:00,ICBP,RG,8775,1,D,DR,AK,F
14:46:00,ICBP,RG,8775,1,D,PD,AK,F
14:46:00,ICBP,RG,8775,3,D,PD,AK,F
14:46:00,ICBP,RG,8775,1,D,CC,AK,F
14:46:00,ICBP,RG,8775,10,D,EP,AK,F
14:46:00,ICBP,RG,8775,2,D,PD,AK,F
14:46:00,ICBP,RG,8775,10,D,PD,AK,F
14:46:00,ICBP,RG,8775,2,D,KK,AK,F
14:46:00,ICBP,RG,8775,5,D,SQ,AK,F
14:46:00,ICBP,RG,8775,50,D,EP,AK,F
14:46:00,ICBP,RG,8775,6,D,YU,AK,F
14:46:00,ICBP,RG,8775,6,D,KK,AK,F
14:46:00,ICBP,RG,8775,2,D,YP,AK,F
14:46:00,ICBP,RG,8775,6,D,KK,AK,F
14:46:00,ICBP,RG,8775,1,D,NI,AK,F
14:46:00,ICBP,RG,8775,4,D,DH,AK,F
14:46:00,ICBP,RG,8775,1,D,PD,AK,F
14:46:00,ICBP,RG,8775,4,D,YP,AK,F
14:46:00,ICBP,RG,8775,1,D,XC,AK,F
14:46:00,ICBP,RG,8775,1,D,XC,AK,F
14:46:00,ICBP,RG,8775,2,D,CC,AK,F
14:46:00,ICBP,RG,8775,5,D,YP,AK,F
14:46:00,ICBP,RG,8775,10,D,ZP,AK,F
14:46:00,ICBP,RG,8775,50,D,YP,AK,F
14:46:00,ICBP,RG,8775,43,D,YP,AK,F
14:46:00,ICBP,RG,8775,1,D,YP,YU,D
14:45:59,ICBP,RG,8800,1,D,YU,YP,D
14:45:56,ICBP,RG,8775,58,D,YP,PD,D
14:45:56,ICBP,RG,8775,1,D,YP,PD,D
14:45:56,ICBP,RG,8775,2,D,PD,PD,D
14:45:56,ICBP,RG,8775,25,D,YU,PD,D
14:45:56,ICBP,RG,8775,10,D,PC,PD,D
14:45:56,ICBP,RG,8775,10,D,CC,PD,D
14:45:56,ICBP,RG,8775,10,D,CC,PD,D
14:45:56,ICBP,RG,8775,2,D,KK,PD,D
14:45:56,ICBP,RG,8775,1,D,XC,PD,D
14:45:56,ICBP,RG,8775,2,D,LG,PD,D
14:45:56,ICBP,RG,8775,1,D,PD,PD,D
14:45:56,ICBP,RG,8775,1,D,DH,PD,D
14:45:56,ICBP,RG,8775,1,D,CC,PD,D
14:45:56,ICBP,RG,8775,1,D,CC,PD,D
14:45:56,ICBP,RG,8775,100,D,TP,PD,D
14:45:55,ICBP,RG,8775,38,D,TP,BK,F
14:45:52,ICBP,RG,8800,1,D,PD,YP,D
14:45:51,ICBP,RG,8775,12,D,TP,BK,F
14:45:51,ICBP,RG,8775,10,D,KK,BK,F
14:45:51,ICBP,RG,8775,3,D,DH,BK,F
14:45:51,ICBP,RG,8775,2,D,PD,BK,F
14:45:51,ICBP,RG,8775,1,D,YP,BK,F
14:45:51,ICBP,RG,8775,5,D,NI,BK,F
14:45:51,ICBP,RG,8775,1,D,EP,BK,F
14:45:51,ICBP,RG,8775,2,D,EP,XC,D
14:45:48,ICBP,RG,8775,3,D,EP,BK,F
14:45:48,ICBP,RG,8775,2,D,CC,BK,F
14:45:48,ICBP,RG,8775,1,D,YP,BK,F
14:45:48,ICBP,RG,8775,1,D,XC,BK,F
14:45:48,ICBP,RG,8775,2,D,YP,BK,F
14:45:48,ICBP,RG,8775,10,D,PD,BK,F
14:45:48,ICBP,RG,8775,1,D,LG,BK,F
14:45:48,ICBP,RG,8775,5,D,CC,BK,F
14:45:48,ICBP,RG,8775,5,D,NI,BK,F
14:45:48,ICBP,RG,8775,5,D,AI,BK,F
14:45:48,ICBP,RG,8800,10,D,CC,YP,D
14:45:44,ICBP,RG,8775,21,D,AI,BK,F
14:45:42,ICBP,RG,8775,21,D,AI,BK,F
14:45:40,ICBP,RG,8800,1,D,CC,YP,D
14:45:39,ICBP,RG,8775,3,D,AI,BK,F
14:45:39,ICBP,RG,8775,1,D,XL,BK,F
14:45:39,ICBP,RG,8775,1,D,YP,BK,F
14:45:39,ICBP,RG,8775,3,D,YP,BK,F
14:45:39,ICBP,RG,8775,1,D,XC,BK,F
14:45:39,ICBP,RG,8775,1,D,YP,BK,F
14:45:39,ICBP,RG,8775,6,D,DX,BK,F
14:45:39,ICBP,RG,8775,34,D,PD,BK,F
14:45:35,ICBP,RG,8775,6,D,PD,CC,D
14:45:35,ICBP,RG,8775,3,D,PD,AK,D
14:45:34,ICBP,RG,8775,7,D,PD,YP,D
14:45:34,ICBP,RG,8775,10,D,CC,YP,D
14:45:34,ICBP,RG,8775,1,D,CC,YP,D
14:45:34,ICBP,RG,8775,5,D,XA,YP,D
14:45:34,ICBP,RG,8775,25,D,XA,BK,F
14:45:34,ICBP,RG,8775,1,D,YP,BK,F
14:45:34,ICBP,RG,8775,3,D,SQ,BK,F
14:45:34,ICBP,RG,8775,1,D,SQ,BK,F
14:45:34,ICBP,RG,8775,6,D,KK,BK,F
14:45:34,ICBP,RG,8775,5,D,PD,BK,F
14:45:34,ICBP,RG,8775,10,D,DR,BK,F
14:45:32,ICBP,RG,8800,4,F,ZP,DX,F
14:45:32,ICBP,RG,8800,1,F,AK,DX,F
14:45:32,ICBP,RG,8800,10,D,YU,DX,F
14:45:32,ICBP,RG,8800,1,D,XC,DX,F
14:45:32,ICBP,RG,8800,1,D,XC,DX,F
14:45:32,ICBP,RG,8800,3,D,YP,DX,F
14:45:32,ICBP,RG,8800,19,D,CC,DX,F
14:45:29,ICBP,RG,8800,52,D,CC,BK,F
14:45:27,ICBP,RG,8800,15,D,CC,AZ,D
14:45:24,ICBP,RG,8800,10,D,CC,AZ,D
14:45:23,ICBP,RG,8800,35,D,CC,BK,F
14:45:21,ICBP,RG,8800,35,D,CC,AZ,D
14:45:19,ICBP,RG,8800,46,D,CC,BK,F
14:45:18,ICBP,RG,8800,25,D,CC,AZ,D
14:45:17,ICBP,RG,8800,2,D,CC,DR,D
14:45:15,ICBP,RG,8800,50,D,CC,AZ,D
14:45:14,ICBP,RG,8800,11,D,CC,BK,F
14:45:14,ICBP,RG,8800,2,F,BK,BK,F
14:45:14,ICBP,RG,8800,3,D,XA,BK,F
14:45:14,ICBP,RG,8800,1,D,YP,BK,F
14:45:14,ICBP,RG,8800,15,F,ZP,BK,F
14:45:13,ICBP,RG,8800,37,F,ZP,DX,F
14:45:13,ICBP,RG,8800,1,D,EP,DX,F
14:45:13,ICBP,RG,8800,1,D,XC,DX,F
14:45:13,ICBP,RG,8800,1,D,YP,DX,F
14:45:13,ICBP,RG,8800,1,D,YP,DX,F
14:45:13,ICBP,RG,8800,2,D,YP,DX,F
14:45:13,ICBP,RG,8800,1,D,SQ,DX,F
14:45:13,ICBP,RG,8800,1,D,XC,DX,F
14:45:13,ICBP,RG,8800,1,D,NI,DX,F
14:45:13,ICBP,RG,8800,51,F,BK,DX,F
14:45:12,ICBP,RG,8800,70,F,BK,AZ,D
14:45:11,ICBP,RG,8800,21,F,BK,BK,F
14:45:09,ICBP,RG,8800,25,F,BK,AZ,D
14:45:09,ICBP,RG,8825,16,F,BK,AK,F
14:45:08,ICBP,RG,8800,44,F,BK,BK,F
14:45:05,ICBP,RG,8800,31,F,BK,AZ,D
14:45:05,ICBP,RG,8800,1,D,XC,AZ,D
14:45:05,ICBP,RG,8800,25,F,AK,AZ,D
14:45:05,ICBP,RG,8800,30,D,PD,AZ,D
14:45:05,ICBP,RG,8800,9,D,KK,AZ,D
14:45:05,ICBP,RG,8800,1,D,PD,AZ,D
14:45:05,ICBP,RG,8800,43,D,YP,AZ,D
14:45:05,ICBP,RG,8800,2,D,PD,AZ,D
14:45:05,ICBP,RG,8800,2,D,KK,AZ,D
14:45:05,ICBP,RG,8800,6,F,ZP,AZ,D
14:45:04,ICBP,RG,8800,48,F,ZP,DX,F
14:45:04,ICBP,RG,8800,122,F,KZ,DX,F
14:45:04,ICBP,RG,8825,94,F,BK,AK,F
14:45:04,ICBP,RG,8800,29,F,KZ,BK,F
14:45:02,ICBP,RG,8800,150,F,KZ,AZ,D
14:45:01,ICBP,RG,8800,20,F,KZ,BK,F
14:45:00,ICBP,RG,8800,59,F,KZ,YU,D
14:45:00,ICBP,RG,8800,280,F,KZ,AK,F
14:45:00,ICBP,RG,8800,2,F,KZ,YU,D
14:44:59,ICBP,RG,8825,14,F,BK,AK,F
14:44:58,ICBP,RG,8800,53,F,KZ,BK,F
14:44:53,ICBP,RG,8800,40,F,KZ,BK,F
14:44:51,ICBP,RG,8825,1,D,PD,AK,F
14:44:48,ICBP,RG,8800,52,F,KZ,BK,F
14:44:45,ICBP,RG,8800,7,F,KZ,XL,D
14:44:43,ICBP,RG,8800,19,F,KZ,BK,F
14:44:41,ICBP,RG,8800,34,F,KZ,BK,F
14:44:37,ICBP,RG,8800,22,F,KZ,BK,F
14:44:35,ICBP,RG,8800,32,F,KZ,BK,F
14:44:33,ICBP,RG,8800,1,F,KZ,CS,D
14:44:31,ICBP,RG,8800,21,F,KZ,BK,F
14:44:31,ICBP,RG,8825,1,D,PG,AK,F
14:44:29,ICBP,RG,8800,19,F,KZ,BK,F
14:44:29,ICBP,RG,8800,10,F,KZ,CC,D
14:44:27,ICBP,RG,8800,34,F,KZ,BK,F
14:44:23,ICBP,RG,8800,47,F,KZ,BK,F
14:44:20,ICBP,RG,8800,12,F,KZ,YP,D
14:44:18,ICBP,RG,8800,39,F,KZ,BK,F
14:44:16,ICBP,RG,8800,6,F,KZ,PD,D
14:44:14,ICBP,RG,8800,33,F,KZ,BK,F
14:44:13,ICBP,RG,8800,1,F,KZ,CS,D
14:44:11,ICBP,RG,8800,54,F,KZ,BK,F
14:44:08,ICBP,RG,8800,302,F,KZ,AI,D
14:44:08,ICBP,RG,8800,110,D,KK,AI,D
14:44:08,ICBP,RG,8800,1,D,YP,AI,D
14:44:08,ICBP,RG,8800,87,F,CS,AI,D
14:44:05,ICBP,RG,8800,32,F,CS,BK,F
14:44:05,ICBP,RG,8800,23,F,AK,BK,F
14:44:04,ICBP,RG,8800,74,F,AK,CC,D
14:44:04,ICBP,RG,8800,1,D,AZ,CC,D
14:44:04,ICBP,RG,8800,15,D,GR,CC,D
14:44:04,ICBP,RG,8800,134,F,CS,CC,D
14:44:04,ICBP,RG,8800,10,D,CC,CC,D
14:44:04,ICBP,RG,8800,1,D,SQ,CC,D
14:44:04,ICBP,RG,8800,1,D,XC,CC,D
14:44:04,ICBP,RG,8800,72,F,ZP,CC,D
14:44:04,ICBP,RG,8800,1,D,AZ,CC,D
14:44:04,ICBP,RG,8800,10,D,LG,CC,D
14:44:04,ICBP,RG,8800,10,D,YP,CC,D
14:44:04,ICBP,RG,8800,1,D,NI,CC,D
14:44:04,ICBP,RG,8800,5,D,DR,CC,D
14:44:04,ICBP,RG,8800,2,D,AZ,CC,D
14:44:04,ICBP,RG,8800,10,D,YU,CC,D
14:44:04,ICBP,RG,8800,167,F,CS,CC,D
14:44:02,ICBP,RG,8800,1,F,CS,PD,D
14:43:59,ICBP,RG,8800,30,F,CS,BK,F
14:43:56,ICBP,RG,8800,35,F,CS,BK,F
14:43:55,ICBP,RG,8800,67,F,CS,LG,D
14:43:55,ICBP,RG,8800,1,D,CC,LG,D
14:43:55,ICBP,RG,8800,2,D,XL,LG,D
14:43:55,ICBP,RG,8800,12,F,CC,LG,D
14:43:55,ICBP,RG,8800,3,F,CS,LG,D
14:43:55,ICBP,RG,8800,1,D,PD,LG,D
14:43:55,ICBP,RG,8800,14,D,YP,LG,D
14:43:52,ICBP,RG,8800,36,D,YP,BK,F
14:43:52,ICBP,RG,8800,2,D,CC,BK,F
14:43:52,ICBP,RG,8800,2,D,CC,BK,F
14:43:52,ICBP,RG,8800,2,D,XC,BK,F
14:43:52,ICBP,RG,8800,11,D,PD,BK,F
14:43:46,ICBP,RG,8800,37,D,PD,BK,F
14:43:45,ICBP,RG,8800,10,D,PD,AK,D
14:43:42,ICBP,RG,8800,30,D,PD,BK,F
14:43:42,ICBP,RG,8800,1,D,XC,BK,F
14:43:42,ICBP,RG,8800,1,D,XC,BK,F
14:43:42,ICBP,RG,8800,2,F,CC,BK,F
14:43:39,ICBP,RG,8825,3,D,YP,AK,F
14:43:38,ICBP,RG,8800,41,F,CC,BK,F
14:43:36,ICBP,RG,8800,24,F,CC,LG,D
14:43:34,ICBP,RG,8800,38,F,CC,BK,F
14:43:33,ICBP,RG,8800,15,F,CC,LG,D
14:43:32,ICBP,RG,8800,91,F,CC,CC,D
14:43:32,ICBP,RG,8800,2,D,PD,CC,D
14:43:32,ICBP,RG,8800,2,D,SQ,CC,D
14:43:30,ICBP,RG,8800,1,D,SQ,LG,D
14:43:30,ICBP,RG,8800,1,D,SQ,LG,D
14:43:29,ICBP,RG,8800,8,D,SQ,BK,F
14:43:29,ICBP,RG,8800,3,D,SQ,BK,F
14:43:29,ICBP,RG,8800,20,F,KZ,BK,F
14:43:26,ICBP,RG,8800,46,F,KZ,BK,F
14:43:25,ICBP,RG,8825,25,F,BK,AK,F
14:43:24,ICBP,RG,8800,125,F,KZ,LG,D
14:43:24,ICBP,RG,8800,100,F,KZ,LG,D
14:43:21,ICBP,RG,8800,29,F,KZ,BK,F
14:43:17,ICBP,RG,8825,11,F,BK,AK,F
14:43:15,ICBP,RG,8825,5,D,XC,AK,F
14:43:15,ICBP,RG,8825,11,F,BK,AK,F
14:43:14,ICBP,RG,8800,88,F,KZ,PD,D
14:43:06,ICBP,RG,8825,9,F,BK,AK,F
14:43:03,ICBP,RG,8825,9,F,BK,AK,F
14:43:02,ICBP,RG,8800,1,F,KZ,CC,D
14:43:00,ICBP,RG,8825,1,D,XL,AK,F
14:43:00,ICBP,RG,8800,60,F,KZ,YU,D
14:42:51,ICBP,RG,8825,10,F,BK,AK,F
14:42:49,ICBP,RG,8800,13,F,KZ,NI,D
14:42:48,ICBP,RG,8825,11,F,BK,AK,F
14:42:47,ICBP,RG,8800,5,F,KZ,KK,D
14:42:46,ICBP,RG,8825,56,F,BK,AK,F
14:42:42,ICBP,RG,8825,223,F,BK,AK,F
14:42:42,ICBP,RG,8825,86,F,BK,AK,F
14:42:42,ICBP,RG,8800,320,F,KZ,DX,D
14:42:42,ICBP,RG,8800,693,F,KZ,DX,D
14:42:42,ICBP,RG,8800,3,F,CS,DX,D
14:42:42,ICBP,RG,8800,704,F,KZ,DX,D
14:42:25,ICBP,RG,8825,3,D,OD,AK,F
14:42:18,ICBP,RG,8825,20,F,BK,AK,F
14:42:16,ICBP,RG,8825,55,F,BK,AK,F
14:42:14,ICBP,RG,8825,240,F,BK,AK,F
14:42:14,ICBP,RG,8825,4,F,BK,XC,D
14:42:14,ICBP,RG,8825,4,F,BK,CS,D
14:42:14,ICBP,RG,8825,53,F,BK,BK,F
14:42:13,ICBP,RG,8800,1,F,KZ,GR,D
14:42:11,ICBP,RG,8800,320,F,KZ,DX,D
14:42:11,ICBP,RG,8800,475,F,KZ,DX,D
14:42:11,ICBP,RG,8800,1,D,XL,DX,D
14:42:11,ICBP,RG,8800,3,D,YP,DX,D
14:42:11,ICBP,RG,8800,1,D,XC,DX,D
14:42:11,ICBP,RG,8800,1,D,XC,DX,D
14:42:11,ICBP,RG,8800,5,D,KK,DX,D
14:42:11,ICBP,RG,8800,11,D,AT,DX,D
14:42:11,ICBP,RG,8800,8,F,CS,DX,D
14:42:11,ICBP,RG,8800,1,D,XC,DX,D
14:42:11,ICBP,RG,8800,1,D,XC,DX,D
14:42:11,ICBP,RG,8800,110,F,ZP,DX,D
14:42:11,ICBP,RG,8800,1,D,NI,DX,D
14:42:11,ICBP,RG,8800,5,F,BK,DX,D
14:42:11,ICBP,RG,8800,1,F,AK,DX,D
14:42:11,ICBP,RG,8800,24,D,PD,DX,D
14:42:11,ICBP,RG,8800,5,D,XC,DX,D
14:42:11,ICBP,RG,8800,2,D,YP,DX,D
14:42:11,ICBP,RG,8800,5,D,KK,DX,D
14:42:11,ICBP,RG,8800,740,F,KZ,DX,D
14:42:11,ICBP,RG,8800,5,F,KZ,KK,D
14:42:08,ICBP,RG,8800,20,F,KZ,NI,D
14:42:05,ICBP,RG,8800,225,F,KZ,PD,D
14:42:02,ICBP,RG,8800,10,F,KZ,YP,D
14:42:02,ICBP,RG,8800,1,D,CC,YP,D
14:42:02,ICBP,RG,8800,1,D,PD,YP,D
14:42:02,ICBP,RG,8800,2,F,AK,YP,D
14:42:02,ICBP,RG,8800,1,D,SQ,YP,D
14:42:02,ICBP,RG,8800,15,F,AK,YP,D
14:42:01,ICBP,RG,8800,47,F,AK,CC,D
14:41:58,ICBP,RG,8800,1,F,AK,XL,D
14:41:51,ICBP,RG,8825,2,F,AK,BK,F
14:41:50,ICBP,RG,8800,2,F,AK,XL,D
14:41:45,ICBP,RG,8800,143,F,AK,AK,F
14:41:45,ICBP,RG,8800,6,F,CS,AK,F
14:41:45,ICBP,RG,8800,21,D,CC,AK,F
14:41:45,ICBP,RG,8800,2,D,KK,AK,F
14:41:39,ICBP,RG,8825,2,D,XC,BK,F
14:41:25,ICBP,RG,8800,3,D,KK,PD,D
14:41:03,ICBP,RG,8825,19,F,CS,BK,F
14:41:02,ICBP,RG,8825,85,F,CS,BK,F
14:41:02,ICBP,RG,8800,6,D,KK,DX,D
14:41:02,ICBP,RG,8800,10,D,KK,DX,D
14:41:02,ICBP,RG,8800,20,D,YP,DX,D
14:41:02,ICBP,RG,8800,124,F,CS,DX,D
14:41:02,ICBP,RG,8800,624,F,CS,DX,D
14:41:02,ICBP,RG,8800,5,D,NI,DX,D
14:41:02,ICBP,RG,8800,10,D,MU,DX,D
14:41:02,ICBP,RG,8800,1,D,CC,DX,D
14:41:02,ICBP,RG,8800,8,D,XL,DX,D
14:41:02,ICBP,RG,8800,5,D,CC,DX,D
14:41:02,ICBP,RG,8800,1,D,PD,DX,D
14:41:02,ICBP,RG,8800,1,D,XC,DX,D
14:41:02,ICBP,RG,8800,2,D,EP,DX,D
14:41:02,ICBP,RG,8800,5,D,YP,DX,D
14:41:02,ICBP,RG,8800,5,D,YP,DX,D
14:41:02,ICBP,RG,8800,1,D,XC,DX,D
14:41:02,ICBP,RG,8800,1,D,KK,DX,D
14:41:02,ICBP,RG,8800,4,D,XC,DX,D
14:41:02,ICBP,RG,8800,27,F,ZP,DX,D
14:41:02,ICBP,RG,8800,200,F,ZP,PD,D
14:41:01,ICBP,RG,8825,15,F,CS,BK,F
14:41:01,ICBP,RG,8825,1,F,CS,BK,F
14:41:01,ICBP,RG,8825,9,F,CS,BK,F
14:41:01,ICBP,RG,8800,110,F,ZP,PP,D
14:41:01,ICBP,RG,8800,1,D,XC,PP,D
14:41:01,ICBP,RG,8800,5,D,YB,PP,D
14:41:01,ICBP,RG,8800,25,D,PD,PP,D
14:41:01,ICBP,RG,8800,7,D,NI,PP,D
14:41:01,ICBP,RG,8800,2,D,PD,PP,D
14:41:01,ICBP,RG,8800,1,D,YP,PP,D
14:41:01,ICBP,RG,8800,2,D,YP,PP,D
14:41:01,ICBP,RG,8800,1,D,YP,PP,D
14:41:01,ICBP,RG,8800,96,F,KZ,PP,D
14:41:00,ICBP,RG,8825,1,F,CS,BK,F
14:41:00,ICBP,RG,8825,4,F,CS,BK,F
14:41:00,ICBP,RG,8800,71,F,KZ,YU,D
14:41:00,ICBP,RG,8800,11,F,KZ,YU,D
14:40:46,ICBP,RG,8825,4,F,CS,BK,F
14:40:45,ICBP,RG,8825,37,F,CS,BK,F
14:40:45,ICBP,RG,8800,375,F,KZ,AK,F
14:40:34,ICBP,RG,8825,1,D,CC,BK,F
14:40:26,ICBP,RG,8825,1,F,CS,BK,F
14:40:26,ICBP,RG,8825,11,F,ZP,BK,F
14:40:25,ICBP,RG,8825,11,F,BK,BK,F
14:40:21,ICBP,RG,8825,1,F,CS,BK,F
14:40:21,ICBP,RG,8825,9,F,CS,BK,F
14:40:21,ICBP,RG,8825,181,F,BK,BK,F
14:40:19,ICBP,RG,8825,9,F,CS,BK,F
14:40:19,ICBP,RG,8825,89,F,CS,BK,F
14:40:19,ICBP,RG,8825,900,D,PD,BK,F
14:40:15,ICBP,RG,8825,1,F,CS,BK,F
14:40:15,ICBP,RG,8825,9,F,BK,BK,F
14:40:12,ICBP,RG,8825,1,D,CC,BK,F
14:40:11,ICBP,RG,8825,2,F,CS,BK,F
14:40:10,ICBP,RG,8825,26,F,BK,BK,F
14:40:09,ICBP,RG,8825,1,F,CS,BK,F
14:40:09,ICBP,RG,8825,10,F,CS,BK,F
14:40:08,ICBP,RG,8825,114,D,LG,BK,F
14:40:06,ICBP,RG,8825,1,F,CS,BK,F
14:40:06,ICBP,RG,8825,6,F,CS,BK,F
14:40:05,ICBP,RG,8825,1,F,CS,BK,F
14:40:05,ICBP,RG,8825,18,F,ZP,BK,F
14:40:05,ICBP,RG,8825,39,F,ZP,CC,D
14:40:05,ICBP,RG,8825,19,F,BK,CC,D
14:40:05,ICBP,RG,8825,1,F,CS,CC,D
14:40:05,ICBP,RG,8825,1,D,KK,CC,D
14:40:04,ICBP,RG,8825,5,D,XC,CC,D
14:40:04,ICBP,RG,8825,2,F,CS,CC,D
14:40:04,ICBP,RG,8800,23,F,KZ,BK,F
14:40:03,ICBP,RG,8825,1,F,CS,CC,D
14:40:03,ICBP,RG,8825,10,F,BK,CC,D
14:40:00,ICBP,RG,8825,5,F,CS,CC,D
14:40:00,ICBP,RG,8800,47,F,KZ,BK,F
14:39:58,ICBP,RG,8825,1,F,CS,CC,D
14:39:58,ICBP,RG,8825,10,F,BK,CC,D
14:39:57,ICBP,RG,8825,2,F,CS,CC,D
14:39:57,ICBP,RG,8800,21,F,KZ,BK,F
14:39:52,ICBP,RG,8825,1,F,CS,CC,D
14:39:52,ICBP,RG,8825,4,F,BK,CC,D
14:39:52,ICBP,RG,8825,12,F,BK,AI,D
14:39:51,ICBP,RG,8825,1,F,CS,AI,D
14:39:51,ICBP,RG,8825,3,F,CS,AI,D
14:39:51,ICBP,RG,8800,37,F,KZ,BK,F
14:39:49,ICBP,RG,8825,4,F,CS,AI,D
14:39:49,ICBP,RG,8800,36,F,KZ,BK,F
14:39:46,ICBP,RG,8825,1,F,CS,AI,D
14:39:46,ICBP,RG,8825,10,F,BK,AI,D
14:39:44,ICBP,RG,8825,2,F,CS,AI,D
14:39:44,ICBP,RG,8800,23,F,KZ,BK,F
14:39:40,ICBP,RG,8825,2,F,CS,AI,D
14:39:40,ICBP,RG,8825,24,F,BK,AI,D
14:39:36,ICBP,RG,8825,4,F,CS,AI,D
14:39:36,ICBP,RG,8825,1,F,CS,AI,D
14:39:36,ICBP,RG,8800,47,F,KZ,BK,F
14:39:36,ICBP,RG,8825,8,F,CS,AI,D
14:39:36,ICBP,RG,8825,78,F,AK,AI,D
14:39:36,ICBP,RG,8825,7,F,AK,AI,D
14:39:35,ICBP,RG,8825,1,F,CS,AI,D
14:39:34,ICBP,RG,8825,11,F,BK,AI,D
14:39:34,ICBP,RG,8825,1,F,CS,AI,D
14:39:34,ICBP,RG,8825,3,F,CS,AI,D
14:39:34,ICBP,RG,8800,36,F,KZ,BK,F
14:39:32,ICBP,RG,8825,1,F,CS,AI,D
14:39:32,ICBP,RG,8825,11,F,BK,AI,D
14:39:30,ICBP,RG,8825,3,F,CS,AI,D
14:39:29,ICBP,RG,8825,39,F,BK,AI,D
14:39:26,ICBP,RG,8825,1,F,CS,AI,D
14:39:26,ICBP,RG,8825,15,F,CS,AI,D
14:39:26,ICBP,RG,8825,7,F,BK,AI,D
14:39:26,ICBP,RG,8825,1,F,BK,PD,D
14:39:26,ICBP,RG,8825,5,F,BK,YB,D
14:39:26,ICBP,RG,8825,20,F,BK,NI,D
14:39:26,ICBP,RG,8825,167,F,BK,CC,D
14:39:24,ICBP,RG,8800,47,F,KZ,BK,F
14:39:21,ICBP,RG,8825,10,F,CS,CC,D
14:39:21,ICBP,RG,8825,27,F,CS,CC,D
14:39:21,ICBP,RG,8825,2,F,CS,CC,D
14:39:21,ICBP,RG,8825,25,F,CS,YP,D
14:39:21,ICBP,RG,8825,44,F,CS,DX,D
14:39:21,ICBP,RG,8825,791,D,SQ,DX,D
14:39:21,ICBP,RG,8825,2,D,SQ,YP,D
14:39:21,ICBP,RG,8825,106,D,SQ,CC,D
14:39:21,ICBP,RG,8825,58,D,SQ,BB,D
14:39:21,ICBP,RG,8825,1,D,SQ,AZ,D
14:39:21,ICBP,RG,8825,4,D,SQ,AK,D
14:39:21,ICBP,RG,8825,36,D,SQ,AI,D
14:39:21,ICBP,RG,8825,2,D,SQ,YU,D
14:39:21,ICBP,RG,8825,1,F,CS,YU,D
14:39:21,ICBP,RG,8825,1,F,CS,AI,D
14:39:21,ICBP,RG,8825,17,F,BK,AI,D
14:39:21,ICBP,RG,8825,3,F,CS,AI,D
14:39:21,ICBP,RG,8800,29,F,KZ,BK,F
14:39:18,ICBP,RG,8825,1,F,CS,AI,D
14:39:18,ICBP,RG,8825,9,F,BK,AI,D
14:39:16,ICBP,RG,8825,3,F,CS,AI,D
14:39:16,ICBP,RG,8800,34,F,KZ,BK,F
14:39:14,ICBP,RG,8825,2,F,CS,AI,D
14:39:14,ICBP,RG,8825,19,F,BK,AK,F
14:39:09,ICBP,RG,8825,4,F,CS,AK,F
14:39:09,ICBP,RG,8800,44,F,KZ,BK,F
14:39:08,ICBP,RG,8825,2,F,CS,AK,F
14:39:08,ICBP,RG,8825,15,F,BK,AK,F
14:39:06,ICBP,RG,8825,3,F,CS,AK,F
14:39:06,ICBP,RG,8800,23,F,KZ,BK,F
14:39:06,ICBP,RG,8800,1,D,CC,BK,F
14:39:06,ICBP,RG,8800,8,D,KK,BK,F
14:39:06,ICBP,RG,8800,2,D,PD,BK,F
14:39:05,ICBP,RG,8825,2,F,CS,AK,F
14:39:05,ICBP,RG,8825,42,F,BK,AK,F
14:39:03,ICBP,RG,8825,2,F,CS,AK,F
14:39:03,ICBP,RG,8825,23,F,CS,AK,F
14:39:03,ICBP,RG,8800,1,D,PD,PD,D
14:39:03,ICBP,RG,8800,1,D,YP,PD,D
14:39:03,ICBP,RG,8800,1,D,YP,PD,D
14:39:03,ICBP,RG,8800,10,D,XC,PD,D
14:39:03,ICBP,RG,8800,1,D,KK,PD,D
14:39:03,ICBP,RG,8800,12,D,DH,PD,D
14:39:03,ICBP,RG,8800,2,F,CS,PD,D
14:39:03,ICBP,RG,8800,10,D,DH,PD,D
14:39:03,ICBP,RG,8800,1,D,PD,PD,D
14:39:03,ICBP,RG,8800,2,D,PD,PD,D
14:39:03,ICBP,RG,8800,1,D,YP,PD,D
14:39:03,ICBP,RG,8800,1,D,LG,PD,D
14:39:03,ICBP,RG,8800,182,D,RO,PD,D
14:39:03,ICBP,RG,8825,1,F,CS,AK,F
14:39:03,ICBP,RG,8825,11,F,BK,AK,F
14:39:01,ICBP,RG,8825,2,F,CS,AK,F
14:39:00,ICBP,RG,8825,23,F,BK,AK,F
14:39:00,ICBP,RG,8825,3,F,CS,AK,F
14:39:00,ICBP,RG,8800,18,D,RO,YU,D
14:39:00,ICBP,RG,8800,20,D,NI,YU,D
14:39:00,ICBP,RG,8825,1,F,CS,AK,F
14:39:00,ICBP,RG,8825,7,F,CS,AK,F
14:39:00,ICBP,RG,8800,30,D,NI,CC,D
14:39:00,ICBP,RG,8800,5,D,CC,CC,D
14:39:00,ICBP,RG,8800,5,D,NI,CC,D
14:39:00,ICBP,RG,8800,40,D,SQ,CC,D
14:38:58,ICBP,RG,8825,1,F,CS,AK,F
14:38:58,ICBP,RG,8825,4,F,CS,AK,F
14:38:57,ICBP,RG,8800,10,D,SQ,BK,F
14:38:57,ICBP,RG,8800,3,D,SQ,BK,F
14:38:57,ICBP,RG,8800,10,D,OD,BK,F
14:38:57,ICBP,RG,8800,20,D,KK,BK,F
14:38:57,ICBP,RG,8800,1,D,LG,BK,F
14:38:57,ICBP,RG,8800,1,D,XL,BK,F
14:38:57,ICBP,RG,8800,2,D,PD,BK,F
14:38:55,ICBP,RG,8825,2,F,CS,AK,F
14:38:55,ICBP,RG,8825,15,F,BK,AK,F
14:38:53,ICBP,RG,8825,4,F,CS,AK,F
14:38:53,ICBP,RG,8800,3,D,PD,BK,F
14:38:53,ICBP,RG,8800,39,D,EL,BK,F
14:38:50,ICBP,RG,8825,1,F,CS,AK,F
14:38:50,ICBP,RG,8825,10,F,BK,AK,F
14:38:46,ICBP,RG,8825,3,F,CS,AK,F
14:38:46,ICBP,RG,8800,11,D,EL,BK,F
14:38:46,ICBP,RG,8800,15,D,GR,BK,F
14:38:46,ICBP,RG,8800,6,D,AZ,BK,F
14:38:45,ICBP,RG,8825,2,F,CS,AK,F
14:38:45,ICBP,RG,8825,19,F,BK,AK,F
14:38:44,ICBP,RG,8825,3,F,CS,AK,F
14:38:44,ICBP,RG,8800,22,D,AZ,BK,F
14:38:44,ICBP,RG,8800,3,D,PD,BK,F
14:38:44,ICBP,RG,8800,3,D,DH,BK,F
14:38:42,ICBP,RG,8825,2,F,CS,AK,F
14:38:42,ICBP,RG,8825,24,F,BK,AK,F
14:38:42,ICBP,RG,8825,7,F,CS,AK,F
14:38:42,ICBP,RG,8800,69,D,DH,BB,D
14:38:41,ICBP,RG,8825,2,F,CS,AK,F
14:38:40,ICBP,RG,8800,18,D,DH,BK,F
14:38:39,ICBP,RG,8825,3,F,CS,AK,F
14:38:39,ICBP,RG,8800,10,D,DH,OD,D
14:38:39,ICBP,RG,8800,2,F,BK,OD,D
14:38:39,ICBP,RG,8800,11,D,PD,OD,D
14:38:39,ICBP,RG,8800,16,D,GR,OD,D
14:38:37,ICBP,RG,8825,1,F,CS,AK,F
14:38:37,ICBP,RG,8825,3,F,CS,AK,F
14:38:37,ICBP,RG,8800,12,D,GR,BK,F
14:38:37,ICBP,RG,8800,23,F,KZ,BK,F
14:38:32,ICBP,RG,8825,1,F,CS,AK,F
14:38:32,ICBP,RG,8825,15,F,BK,AK,F
14:38:31,ICBP,RG,8825,1,F,CS,AK,F
14:38:31,ICBP,RG,8825,2,F,CS,AK,F
14:38:31,ICBP,RG,8800,24,F,KZ,BK,F
14:38:29,ICBP,RG,8825,1,D,KK,AK,F
14:38:26,ICBP,RG,8825,5,F,CS,AK,F
14:38:26,ICBP,RG,8800,48,F,KZ,BK,F
14:38:22,ICBP,RG,8825,1,F,CS,AK,F
14:38:22,ICBP,RG,8825,18,F,BK,AK,F
14:38:17,ICBP,RG,8825,2,F,CS,AK,F
14:38:17,ICBP,RG,8825,3,F,CS,AK,F
14:38:17,ICBP,RG,8825,11,F,BK,AK,F
14:38:17,ICBP,RG,8800,40,F,KZ,BK,F
14:38:13,ICBP,RG,8825,1,F,CS,AK,F
14:38:13,ICBP,RG,8825,4,F,CS,AK,F
14:38:13,ICBP,RG,8800,45,F,KZ,BK,F
14:38:10,ICBP,RG,8825,1,F,CS,AK,F
14:38:10,ICBP,RG,8825,11,F,BK,AK,F
14:38:07,ICBP,RG,8825,3,F,CS,AK,F
14:38:07,ICBP,RG,8800,26,F,KZ,BK,F
14:38:06,ICBP,RG,8825,1,F,CS,AK,F
14:38:06,ICBP,RG,8825,13,F,BK,AK,F
14:38:04,ICBP,RG,8825,3,F,CS,AK,F
14:38:04,ICBP,RG,8800,35,F,KZ,BK,F
14:38:03,ICBP,RG,8825,1,F,CS,AK,F
14:38:03,ICBP,RG,8825,1,F,CS,AK,F
14:38:03,ICBP,RG,8825,22,F,BK,AK,F
14:38:03,ICBP,RG,8825,1,F,CS,AK,F
14:38:03,ICBP,RG,8825,5,F,CS,AK,F
14:38:03,ICBP,RG,8800,57,F,KZ,OD,D
14:38:02,ICBP,RG,8825,2,F,CS,AK,F
14:38:00,ICBP,RG,8825,42,F,BK,AK,F
14:38:00,ICBP,RG,8825,3,F,CS,AK,F
14:38:00,ICBP,RG,8825,22,F,CS,AK,F
14:38:00,ICBP,RG,8800,229,F,KZ,CC,D
14:37:57,ICBP,RG,8825,1,F,CS,AK,F
14:37:57,ICBP,RG,8825,11,F,BK,AK,F
14:37:57,ICBP,RG,8825,4,F,CS,AK,F
14:37:56,ICBP,RG,8800,41,F,KZ,BK,F
14:37:50,ICBP,RG,8825,5,F,CS,AK,F
14:37:50,ICBP,RG,8800,45,F,KZ,BK,F
14:37:46,ICBP,RG,8825,1,F,CS,AK,F
14:37:46,ICBP,RG,8825,20,F,BK,AK,F
14:37:42,ICBP,RG,8825,1,F,CS,AK,F
14:37:42,ICBP,RG,8825,4,F,CS,AK,F
14:37:42,ICBP,RG,8800,43,F,KZ,BK,F
14:37:39,ICBP,RG,8825,1,F,CS,AK,F
14:37:39,ICBP,RG,8825,14,F,BK,AK,F
14:37:38,ICBP,RG,8825,5,F,CS,AK,F
14:37:38,ICBP,RG,8800,50,F,KZ,BK,F
14:37:29,ICBP,RG,8825,1,F,CS,AK,F
14:37:29,ICBP,RG,8825,17,F,BK,AK,F
14:37:28,ICBP,RG,8825,1,F,CS,AK,F
14:37:28,ICBP,RG,8825,4,F,CS,AK,F
14:37:28,ICBP,RG,8825,1,F,CS,XC,D
14:37:28,ICBP,RG,8800,53,F,KZ,BK,F
14:37:26,ICBP,RG,8825,1,F,CS,PD,D
14:37:26,ICBP,RG,8800,10,F,KZ,KK,D
14:37:26,ICBP,RG,8825,1,F,CS,PD,D
14:37:26,ICBP,RG,8825,12,F,BK,PD,D
14:37:24,ICBP,RG,8825,4,F,CS,PD,D
14:37:24,ICBP,RG,8800,33,F,KZ,BK,F
14:37:22,ICBP,RG,8825,1,F,CS,PD,D
14:37:22,ICBP,RG,8825,20,F,BK,PD,D
14:37:20,ICBP,RG,8825,1,F,CS,PD,D
14:37:20,ICBP,RG,8825,3,F,CS,PD,D
14:37:19,ICBP,RG,8800,38,F,KZ,BK,F
14:37:19,ICBP,RG,8825,2,F,CS,PD,D
14:37:18,ICBP,RG,8825,40,F,BK,PD,D
14:37:15,ICBP,RG,8825,2,F,CS,PD,D
14:37:15,ICBP,RG,8825,20,F,CS,PD,D
14:37:15,ICBP,RG,8800,200,F,KZ,PD,D
14:37:13,ICBP,RG,8825,1,F,CS,PD,D
14:37:13,ICBP,RG,8825,13,F,BK,PD,D
14:37:12,ICBP,RG,8825,5,F,CS,PD,D
14:37:12,ICBP,RG,8800,50,F,KZ,BK,F
14:37:06,ICBP,RG,8825,3,F,CS,PD,D
14:37:06,ICBP,RG,8800,30,F,KZ,BK,F
14:37:05,ICBP,RG,8825,1,F,CS,PD,D
14:37:05,ICBP,RG,8825,12,F,BK,PD,D
14:37:05,ICBP,RG,8825,1,F,CS,PD,D
14:37:05,ICBP,RG,8825,4,F,CS,PD,D
14:37:05,ICBP,RG,8800,52,F,KZ,OD,D
14:37:01,ICBP,RG,8825,1,F,CS,PD,D
14:37:01,ICBP,RG,8825,2,F,CS,PD,D
14:37:01,ICBP,RG,8825,21,F,BK,PD,D
14:37:00,ICBP,RG,8825,2,F,CS,PD,D
14:37:00,ICBP,RG,8800,23,F,KZ,BK,F
14:37:00,ICBP,RG,8800,1,F,KZ,PD,D
14:36:58,ICBP,RG,8825,2,F,CS,PD,D
14:36:58,ICBP,RG,8825,24,F,BK,PD,D
14:36:57,ICBP,RG,8825,2,F,CS,PD,D
14:36:56,ICBP,RG,8800,24,F,KZ,BK,F
14:36:55,ICBP,RG,8825,1,F,CS,PD,D
14:36:55,ICBP,RG,8825,9,F,CS,PD,D
14:36:55,ICBP,RG,8800,100,F,KZ,LG,D
14:36:52,ICBP,RG,8825,1,F,CS,PD,D
14:36:52,ICBP,RG,8825,5,F,CS,PD,D
14:36:52,ICBP,RG,8800,51,F,KZ,BK,F
14:36:51,ICBP,RG,8825,1,F,CS,PD,D
14:36:50,ICBP,RG,8825,17,F,BK,PD,D
14:36:45,ICBP,RG,8825,2,F,CS,PD,D
14:36:45,ICBP,RG,8825,5,F,CS,PD,D
14:36:45,ICBP,RG,8825,18,F,BK,PD,D
14:36:44,ICBP,RG,8800,48,F,KZ,BK,F
14:36:40,ICBP,RG,8825,2,F,CS,PD,D
14:36:40,ICBP,RG,8825,38,F,BK,PD,D
14:36:39,ICBP,RG,8825,1,F,CS,PD,D
14:36:39,ICBP,RG,8825,1,F,CS,PD,D
14:36:39,ICBP,RG,8825,19,F,CS,PD,D
14:36:39,ICBP,RG,8825,10,F,CS,PD,D
14:36:39,ICBP,RG,8800,81,F,KZ,LG,D
14:36:39,ICBP,RG,8800,2,D,SQ,LG,D
14:36:39,ICBP,RG,8800,1,D,YP,LG,D
14:36:39,ICBP,RG,8800,25,D,LG,LG,D
14:36:39,ICBP,RG,8800,1,D,XC,LG,D
14:36:39,ICBP,RG,8800,5,F,CS,LG,D
14:36:39,ICBP,RG,8800,60,D,YP,LG,D
14:36:39,ICBP,RG,8800,1,D,PD,LG,D
14:36:39,ICBP,RG,8800,1,D,KK,LG,D
14:36:39,ICBP,RG,8800,1,D,SQ,LG,D
14:36:39,ICBP,RG,8800,1,D,KK,LG,D
14:36:39,ICBP,RG,8800,1,D,YP,LG,D
14:36:39,ICBP,RG,8800,1,D,YP,LG,D
14:36:39,ICBP,RG,8800,6,D,XC,LG,D
14:36:39,ICBP,RG,8800,10,D,GR,LG,D
14:36:39,ICBP,RG,8800,50,D,NI,LG,D
14:36:39,ICBP,RG,8800,3,D,CC,LG,D
14:36:39,ICBP,RG,8800,1,D,XL,LG,D
14:36:39,ICBP,RG,8800,15,D,NI,LG,D
14:36:39,ICBP,RG,8800,1,D,XC,LG,D
14:36:39,ICBP,RG,8800,5,D,XC,LG,D
14:36:39,ICBP,RG,8800,8,D,GR,LG,D
14:36:39,ICBP,RG,8800,1,D,PD,LG,D
14:36:39,ICBP,RG,8800,1,D,PD,LG,D
14:36:39,ICBP,RG,8800,10,D,PD,LG,D
14:36:39,ICBP,RG,8800,1,D,XC,LG,D
14:36:39,ICBP,RG,8800,2,D,DH,LG,D
14:36:39,ICBP,RG,8800,5,F,CS,LG,D
14:36:37,ICBP,RG,8825,4,F,CS,PD,D
14:36:37,ICBP,RG,8800,4,D,PD,BK,F
14:36:37,ICBP,RG,8800,1,D,XC,BK,F
14:36:37,ICBP,RG,8800,36,F,CC,BK,F
14:36:33,ICBP,RG,8825,2,F,CS,PD,D
14:36:33,ICBP,RG,8800,23,F,CC,BK,F
14:36:26,ICBP,RG,8825,1,F,CS,PD,D
14:36:26,ICBP,RG,8825,5,F,CS,PD,D
14:36:26,ICBP,RG,8800,38,F,CC,BK,F
14:36:26,ICBP,RG,8800,10,D,YU,BK,F
14:36:26,ICBP,RG,8800,7,D,DH,BK,F
14:36:20,ICBP,RG,8825,5,F,CS,PD,D
14:36:20,ICBP,RG,8800,48,D,DH,BK,F
14:36:19,ICBP,RG,8825,1,D,XC,PD,D
14:36:12,ICBP,RG,8825,1,D,XC,PD,D
14:36:12,ICBP,RG,8825,5,F,CS,PD,D
14:36:12,ICBP,RG,8800,45,D,DH,BK,F
14:36:12,ICBP,RG,8800,2,D,YP,BK,F
14:36:12,ICBP,RG,8800,15,D,DX,BK,F
14:36:11,ICBP,RG,8825,1,F,CS,PD,D
14:36:11,ICBP,RG,8825,10,F,CS,PD,D
14:36:11,ICBP,RG,8825,85,D,PD,PD,D
14:36:11,ICBP,RG,8825,15,D,PD,NI,D
14:36:07,ICBP,RG,8825,3,F,CS,NI,D
14:36:07,ICBP,RG,8800,5,D,DX,BK,F
14:36:07,ICBP,RG,8800,3,D,EP,BK,F
14:36:07,ICBP,RG,8800,5,D,OD,BK,F
14:36:07,ICBP,RG,8800,5,D,AZ,BK,F
14:36:07,ICBP,RG,8800,13,D,YP,BK,F
14:36:07,ICBP,RG,8825,2,F,CS,NI,D
14:36:07,ICBP,RG,8825,3,F,CS,CP,D
14:36:07,ICBP,RG,8800,37,D,YP,OD,D
14:36:07,ICBP,RG,8800,2,D,XL,OD,D
14:36:07,ICBP,RG,8800,4,D,YP,OD,D
14:36:07,ICBP,RG,8800,2,F,CS,OD,D
14:36:07,ICBP,RG,8800,14,F,CS,OD,D
14:36:04,ICBP,RG,8825,1,F,CS,CP,D
14:36:04,ICBP,RG,8825,10,F,CS,CP,D
14:36:04,ICBP,RG,8800,78,F,CS,YB,D
14:36:04,ICBP,RG,8800,1,D,NI,YB,D
14:36:04,ICBP,RG,8800,1,D,YP,YB,D
14:36:04,ICBP,RG,8800,1,D,XL,YB,D
14:36:04,ICBP,RG,8800,3,D,XC,YB,D
14:36:04,ICBP,RG,8800,1,D,XC,YB,D
14:36:04,ICBP,RG,8800,1,D,CC,YB,D
14:36:04,ICBP,RG,8800,14,D,SQ,YB,D
14:36:03,ICBP,RG,8825,3,F,CS,CP,D
14:36:03,ICBP,RG,8800,36,D,SQ,BK,F
14:36:03,ICBP,RG,8800,19,D,YP,BK,F
14:36:03,ICBP,RG,8800,13,D,XC,BK,F
14:36:03,ICBP,RG,8800,1,D,YP,BK,F
14:36:03,ICBP,RG,8800,1,D,YP,BK,F
14:36:03,ICBP,RG,8800,1,D,XC,BK,F
14:36:02,ICBP,RG,8825,1,D,NI,CP,D
14:36:01,ICBP,RG,8825,2,F,CS,CP,D
14:36:01,ICBP,RG,8825,2,F,CS,DX,D
14:36:01,ICBP,RG,8825,1,F,CS,DX,D
14:36:01,ICBP,RG,8825,40,F,CS,DX,D
14:36:01,ICBP,RG,8825,10,F,BK,DX,D
14:36:01,ICBP,RG,8800,10,D,SS,CC,D
14:36:01,ICBP,RG,8800,20,D,YP,CC,D
14:36:01,ICBP,RG,8800,1,D,YP,CC,D
14:36:01,ICBP,RG,8800,10,D,YP,CC,D
14:36:01,ICBP,RG,8800,1,D,XL,CC,D
14:36:01,ICBP,RG,8800,1,D,YP,CC,D
14:36:01,ICBP,RG,8800,364,F,CS,CC,D
14:36:00,ICBP,RG,8825,4,F,CS,DX,D
14:36:00,ICBP,RG,8800,43,F,CS,YU,D
14:35:50,ICBP,RG,8825,1,F,CS,DX,D
14:35:49,ICBP,RG,8825,5,F,CS,DX,D
14:35:49,ICBP,RG,8800,54,F,CS,BK,F
14:35:47,ICBP,RG,8825,2,F,CS,DX,D
14:35:47,ICBP,RG,8800,26,F,CS,BK,F
14:35:41,ICBP,RG,8825,3,F,CS,DX,D
14:35:41,ICBP,RG,8800,33,F,CS,BK,F
14:35:35,ICBP,RG,8825,1,F,CS,DX,D
14:35:35,ICBP,RG,8825,4,F,CS,DX,D
14:35:35,ICBP,RG,8800,45,F,CS,BK,F
14:35:28,ICBP,RG,8825,5,F,CS,DX,D
14:35:28,ICBP,RG,8800,51,F,CS,BK,F
14:35:23,ICBP,RG,8825,3,F,CS,DX,D
14:35:23,ICBP,RG,8800,30,F,CS,BK,F
14:35:23,ICBP,RG,8825,5,F,CS,DX,D
14:35:23,ICBP,RG,8825,50,D,YP,DX,D
14:35:20,ICBP,RG,8825,1,D,XC,DX,D
14:35:20,ICBP,RG,8825,1,F,CS,DX,D
14:35:19,ICBP,RG,8800,10,F,CS,SQ,D
14:35:18,ICBP,RG,8825,5,F,CS,DX,D
14:35:18,ICBP,RG,8800,41,F,CS,BK,F
14:35:18,ICBP,RG,8800,14,F,CS,BK,F
14:35:14,ICBP,RG,8825,1,F,CS,DX,D
14:35:14,ICBP,RG,8825,3,F,CS,DX,D
14:35:14,ICBP,RG,8800,38,F,CS,BK,F
14:35:12,ICBP,RG,8825,1,D,XC,DX,D
14:35:10,ICBP,RG,8825,1,F,CS,DX,D
14:35:10,ICBP,RG,8825,2,F,CS,DX,D
14:35:10,ICBP,RG,8800,26,F,CS,BK,F
14:35:05,ICBP,RG,8825,1,D,XC,DX,D
14:35:05,ICBP,RG,8825,6,F,CS,DX,D
14:35:05,ICBP,RG,8800,63,F,CS,OD,D
14:35:04,ICBP,RG,8825,6,F,CS,DX,D
14:35:04,ICBP,RG,8800,64,F,CS,BK,F
14:34:56,ICBP,RG,8825,1,F,CS,DX,D
14:34:56,ICBP,RG,8825,6,F,CS,DX,D
14:34:56,ICBP,RG,8800,65,F,CS,BK,F
14:34:42,ICBP,RG,8825,5,F,CS,DX,D
14:34:41,ICBP,RG,8800,51,F,CS,BK,F
14:34:37,ICBP,RG,8800,6,F,CS,NI,D
14:34:37,ICBP,RG,8825,1,F,CS,DX,D
14:34:37,ICBP,RG,8825,4,F,CS,DX,D
14:34:37,ICBP,RG,8800,45,F,CS,BK,F
14:34:32,ICBP,RG,8825,3,F,CS,DX,D
14:34:32,ICBP,RG,8800,32,F,CS,BK,F
14:34:31,ICBP,RG,8825,1,F,CS,DX,D
14:34:31,ICBP,RG,8825,2,D,KK,DX,D
14:34:29,ICBP,RG,8825,1,F,CS,DX,D
14:34:29,ICBP,RG,8825,14,D,YP,DX,D
14:34:25,ICBP,RG,8825,5,F,CS,DX,D
14:34:25,ICBP,RG,8800,52,F,CS,BK,F
14:34:22,ICBP,RG,8825,1,D,NI,DX,D
14:34:19,ICBP,RG,8825,2,F,CS,DX,D
14:34:19,ICBP,RG,8825,18,F,BK,DX,D
14:34:16,ICBP,RG,8825,4,F,CS,DX,D
14:34:16,ICBP,RG,8800,45,F,CS,BK,F
14:34:16,ICBP,RG,8825,1,F,CS,DX,D
14:34:16,ICBP,RG,8825,1,F,CS,DX,D
14:34:16,ICBP,RG,8825,30,F,BK,DX,D
14:34:12,ICBP,RG,8825,1,F,CS,DX,D
14:34:12,ICBP,RG,8825,15,F,CS,DX,D
14:34:12,ICBP,RG,8800,150,F,CS,AI,D
14:34:12,ICBP,RG,8825,1,F,CS,DX,D
14:34:12,ICBP,RG,8825,10,F,BK,DX,D
14:34:09,ICBP,RG,8825,5,F,CS,DX,D
14:34:09,ICBP,RG,8800,44,F,CS,BK,F
14:34:07,ICBP,RG,8825,1,F,CS,DX,D
14:34:07,ICBP,RG,8825,17,F,BK,DX,D
14:34:07,ICBP,RG,8825,6,F,CS,DX,D
14:34:06,ICBP,RG,8800,57,F,CS,OD,D
14:34:06,ICBP,RG,8825,2,F,CS,DX,D
14:34:06,ICBP,RG,8800,23,F,CS,BK,F
14:34:02,ICBP,RG,8825,2,F,CS,DX,D
14:34:02,ICBP,RG,8825,17,F,BK,DX,D
14:34:02,ICBP,RG,8825,4,F,CS,DX,D
14:34:01,ICBP,RG,8800,42,F,CS,BK,F
14:33:57,ICBP,RG,8825,2,F,CS,DX,D
14:33:57,ICBP,RG,8825,16,F,BK,DX,D
14:33:56,ICBP,RG,8825,3,F,CS,DX,D
14:33:56,ICBP,RG,8800,38,F,CS,BK,F
14:33:55,ICBP,RG,8800,3,F,CS,PD,D
14:33:52,ICBP,RG,8825,1,F,CS,DX,D
14:33:52,ICBP,RG,8825,3,F,CS,DX,D
14:33:52,ICBP,RG,8800,23,F,CS,BK,F
14:33:52,ICBP,RG,8800,1,D,GR,BK,F
14:33:52,ICBP,RG,8800,2,D,AT,BK,F
14:33:52,ICBP,RG,8800,5,D,YP,BK,F
14:33:52,ICBP,RG,8800,2,D,XL,BK,F
14:33:52,ICBP,RG,8800,2,D,PD,BK,F
14:33:47,ICBP,RG,8825,2,F,CS,DX,D
14:33:47,ICBP,RG,8800,9,D,PD,BK,F
14:33:47,ICBP,RG,8800,2,D,XC,BK,F
14:33:47,ICBP,RG,8800,6,F,CS,BK,F
14:33:47,ICBP,RG,8800,1,F,AK,BK,F
14:33:47,ICBP,RG,8800,1,D,PD,BK,F
14:33:47,ICBP,RG,8800,5,D,DR,BK,F
14:33:44,ICBP,RG,8825,1,F,CS,DX,D
14:33:44,ICBP,RG,8825,1,F,CS,DX,D
14:33:44,ICBP,RG,8825,16,F,BK,DX,D
14:33:42,ICBP,RG,8825,4,F,CS,DX,D
14:33:42,ICBP,RG,8800,1,D,NI,BK,F
14:33:42,ICBP,RG,8800,1,D,XC,BK,F
14:33:42,ICBP,RG,8800,11,D,CC,BK,F
14:33:42,ICBP,RG,8800,1,D,KK,BK,F
14:33:42,ICBP,RG,8800,2,D,CC,BK,F
14:33:42,ICBP,RG,8800,3,D,YP,BK,F
14:33:42,ICBP,RG,8800,3,F,YP,BK,F
14:33:42,ICBP,RG,8800,5,D,YP,BK,F
14:33:42,ICBP,RG,8800,1,F,CC,BK,F
14:33:42,ICBP,RG,8800,1,D,CC,BK,F
14:33:42,ICBP,RG,8800,2,D,XL,BK,F
14:33:42,ICBP,RG,8800,2,D,PD,BK,F
14:33:42,ICBP,RG,8800,1,D,PD,BK,F
14:33:42,ICBP,RG,8800,3,D,KK,BK,F
14:33:37,ICBP,RG,8825,3,F,CS,DX,D
14:33:37,ICBP,RG,8800,2,D,KK,BK,F
14:33:37,ICBP,RG,8800,1,D,XC,BK,F
14:33:37,ICBP,RG,8800,2,D,EP,BK,F
14:33:37,ICBP,RG,8800,6,D,YP,BK,F
14:33:37,ICBP,RG,8800,1,D,XC,BK,F
14:33:37,ICBP,RG,8800,10,D,PD,BK,F
14:33:37,ICBP,RG,8800,1,D,YP,BK,F
14:33:37,ICBP,RG,8800,5,D,CC,BK,F
14:33:37,ICBP,RG,8800,1,D,CC,BK,F
14:33:35,ICBP,RG,8825,1,F,CS,DX,D
14:33:35,ICBP,RG,8825,20,F,BK,DX,D
14:33:34,ICBP,RG,8825,1,F,CS,DX,D
14:33:34,ICBP,RG,8825,2,F,CS,DX,D
14:33:34,ICBP,RG,8800,9,D,CC,BK,F
14:33:34,ICBP,RG,8800,14,D,YP,BK,F
14:33:30,ICBP,RG,8825,3,F,CS,DX,D
14:33:30,ICBP,RG,8800,28,D,YP,BK,F
14:33:29,ICBP,RG,8825,11,F,BK,DX,D
14:33:28,ICBP,RG,8825,1,F,CS,DX,D
14:33:28,ICBP,RG,8825,7,F,CS,DX,D
14:33:27,ICBP,RG,8800,58,D,YP,PP,D
14:33:27,ICBP,RG,8800,1,F,AK,PP,D
14:33:27,ICBP,RG,8800,5,D,NI,PP,D
14:33:27,ICBP,RG,8800,10,D,EP,PP,D
14:33:27,ICBP,RG,8800,1,D,XC,PP,D
14:33:27,ICBP,RG,8800,10,D,DH,PP,D
14:33:27,ICBP,RG,8800,5,D,TP,PP,D
14:33:27,ICBP,RG,8800,1,D,XC,PP,D
14:33:27,ICBP,RG,8800,2,D,NI,PP,D
14:33:27,ICBP,RG,8800,1,D,CC,PP,D
14:33:27,ICBP,RG,8800,156,D,XC,PP,D
14:33:26,ICBP,RG,8800,20,D,XC,BK,F
14:33:22,ICBP,RG,8800,35,D,XC,BK,F
14:33:20,ICBP,RG,8800,1,D,XC,NI,D
14:33:17,ICBP,RG,8800,33,D,XC,BK,F
14:33:14,ICBP,RG,8800,31,D,XC,BK,F
14:33:10,ICBP,RG,8800,8,D,XC,BK,F
14:33:10,ICBP,RG,8800,1,D,XC,BK,F
14:33:10,ICBP,RG,8800,10,D,XC,BK,F
14:33:10,ICBP,RG,8800,1,D,YP,BK,F
14:33:10,ICBP,RG,8800,1,D,YP,BK,F
14:33:10,ICBP,RG,8800,20,D,YP,BK,F
14:33:06,ICBP,RG,8800,5,D,YP,OD,D
14:33:06,ICBP,RG,8800,1,D,CC,OD,D
14:33:06,ICBP,RG,8800,1,D,CC,OD,D
14:33:06,ICBP,RG,8800,5,D,CC,OD,D
14:33:06,ICBP,RG,8800,1,D,CC,OD,D
14:33:06,ICBP,RG,8800,20,D,CC,OD,D
14:33:06,ICBP,RG,8800,10,D,HP,OD,D
14:33:06,ICBP,RG,8800,1,D,PD,OD,D
14:33:06,ICBP,RG,8800,2,D,NI,OD,D
14:33:06,ICBP,RG,8800,9,D,YB,OD,D
14:33:05,ICBP,RG,8800,1,D,YB,AT,D
14:33:04,ICBP,RG,8800,10,D,YB,BK,F
14:33:04,ICBP,RG,8800,5,F,BK,BK,F
14:33:04,ICBP,RG,8800,14,F,AK,BK,F
14:33:02,ICBP,RG,8800,68,F,AK,OD,D
14:33:02,ICBP,RG,8800,153,F,ZP,OD,D
14:33:00,ICBP,RG,8800,94,F,ZP,YU,D
14:33:00,ICBP,RG,8800,30,F,ZP,BK,F
14:32:56,ICBP,RG,8800,27,F,ZP,BK,F
14:32:52,ICBP,RG,8800,47,F,ZP,PD,D
14:32:52,ICBP,RG,8800,5,D,CC,PD,D
14:32:52,ICBP,RG,8800,3,D,XC,PD,D
14:32:52,ICBP,RG,8800,3,D,YP,PD,D
14:32:52,ICBP,RG,8800,5,D,YP,PD,D
14:32:52,ICBP,RG,8800,2,D,DR,PD,D
14:32:52,ICBP,RG,8800,1,D,XC,PD,D
14:32:52,ICBP,RG,8800,1,D,XC,PD,D
14:32:52,ICBP,RG,8800,2,D,AT,PD,D
14:32:52,ICBP,RG,8800,2,D,YP,PD,D
14:32:52,ICBP,RG,8800,2,D,PD,PD,D
14:32:52,ICBP,RG,8800,50,D,XA,PD,D
14:32:52,ICBP,RG,8800,1,D,YP,PD,D
14:32:52,ICBP,RG,8800,5,D,YP,PD,D
14:32:52,ICBP,RG,8800,2,D,NI,PD,D
14:32:52,ICBP,RG,8800,94,F,CS,PD,D
14:32:52,ICBP,RG,8800,34,F,CS,BK,F
14:32:47,ICBP,RG,8800,28,F,CS,BK,F
14:32:43,ICBP,RG,8800,4,F,CS,BK,F
14:32:43,ICBP,RG,8800,16,F,BK,BK,F
14:32:41,ICBP,RG,8800,22,F,BK,BK,F
14:32:37,ICBP,RG,8800,22,F,BK,BK,F
14:32:34,ICBP,RG,8800,27,F,BK,BK,F
14:32:30,ICBP,RG,8800,33,F,BK,BK,F
14:32:27,ICBP,RG,8800,27,F,BK,BK,F
14:32:26,ICBP,RG,8800,10,F,BK,GR,D
14:32:25,ICBP,RG,8800,2,F,BK,YP,D
14:32:24,ICBP,RG,8800,24,F,BK,BK,F
14:32:24,ICBP,RG,8825,56,F,ZP,DX,D
14:32:22,ICBP,RG,8800,36,F,BK,BK,F
14:32:18,ICBP,RG,8800,20,F,BK,BK,F
14:32:18,ICBP,RG,8800,25,F,BK,BK,F
14:32:13,ICBP,RG,8800,10,F,BK,YP,D
14:32:13,ICBP,RG,8800,19,F,BK,BK,F
14:32:12,ICBP,RG,8825,15,F,BK,DX,D
14:32:11,ICBP,RG,8800,18,F,BK,BK,F
14:32:11,ICBP,RG,8800,3,D,TP,BK,F
14:32:11,ICBP,RG,8800,2,D,XL,BK,F
14:32:11,ICBP,RG,8800,1,D,XL,BK,F
14:32:11,ICBP,RG,8800,5,D,KK,BK,F
14:32:08,ICBP,RG,8800,5,D,KK,OD,D
14:32:08,ICBP,RG,8800,1,D,XL,OD,D
14:32:08,ICBP,RG,8800,1,D,XL,OD,D
14:32:08,ICBP,RG,8800,10,D,CC,OD,D
14:32:08,ICBP,RG,8800,2,F,ZP,OD,D
14:32:08,ICBP,RG,8800,12,F,BK,OD,D
14:32:08,ICBP,RG,8800,33,F,CS,OD,D
14:32:08,ICBP,RG,8800,50,F,CS,BK,F
14:32:08,ICBP,RG,8825,10,D,OD,DX,D
14:32:08,ICBP,RG,8825,24,F,BK,DX,D
14:32:03,ICBP,RG,8800,45,F,CS,BK,F
14:32:02,ICBP,RG,8825,95,F,BK,DX,D
14:31:58,ICBP,RG,8800,23,F,CS,BK,F
14:31:58,ICBP,RG,8825,170,F,AK,DX,D
14:31:58,ICBP,RG,8825,346,F,BK,DX,D
14:31:55,ICBP,RG,8825,784,D,OD,DX,D
14:31:55,ICBP,RG,8825,91,D,OD,CC,D
14:31:55,ICBP,RG,8825,11,D,OD,YU,D
14:31:55,ICBP,RG,8825,10,D,OD,YP,D
14:31:55,ICBP,RG,8825,1,D,OD,CS,D
14:31:55,ICBP,RG,8825,1,D,OD,CS,D
14:31:55,ICBP,RG,8825,185,D,OD,CC,D
14:31:55,ICBP,RG,8825,5,D,OD,NI,D
14:31:55,ICBP,RG,8825,18,D,OD,AK,D
14:31:55,ICBP,RG,8825,226,D,OD,AK,F
14:31:55,ICBP,RG,8825,20,D,OD,CC,D
14:31:55,ICBP,RG,8825,10,D,OD,PD,D
14:31:55,ICBP,RG,8825,1,D,OD,NI,D
14:31:55,ICBP,RG,8825,5,D,OD,CC,D
14:31:55,ICBP,RG,8825,2,D,OD,CS,D
14:31:55,ICBP,RG,8825,48,D,OD,YP,F
14:31:55,ICBP,RG,8825,20,D,OD,NI,D
14:31:55,ICBP,RG,8825,185,D,OD,AK,F
14:31:55,ICBP,RG,8825,1,D,OD,CS,D
14:31:55,ICBP,RG,8825,2,D,OD,CS,D
14:31:55,ICBP,RG,8825,1,D,OD,CS,D
14:31:55,ICBP,RG,8825,160,D,OD,DX,D
14:31:55,ICBP,RG,8825,213,D,OD,DX,D
14:31:39,ICBP,RG,8800,19,F,CS,EP,D
14:31:33,ICBP,RG,8825,18,F,BK,DX,D
14:31:31,ICBP,RG,8825,2,F,CS,DX,D
14:31:31,ICBP,RG,8825,22,F,CS,DX,D
14:31:31,ICBP,RG,8800,219,F,CS,PD,D
14:31:31,ICBP,RG,8800,6,D,XL,PD,D
14:31:29,ICBP,RG,8825,1,F,CS,DX,D
14:31:29,ICBP,RG,8825,12,D,SQ,DX,D
14:31:28,ICBP,RG,8825,1,F,CS,DX,D
14:31:28,ICBP,RG,8825,5,D,YP,DX,D
14:31:11,ICBP,RG,8825,2,F,CS,DX,D
14:31:11,ICBP,RG,8800,21,D,XL,AK,D
14:31:11,ICBP,RG,8825,5,F,CS,DX,D
14:31:10,ICBP,RG,8800,33,D,XL,OD,D
14:31:10,ICBP,RG,8800,1,D,EP,OD,D
14:31:10,ICBP,RG,8800,1,D,XC,OD,D
14:31:10,ICBP,RG,8800,2,D,KK,OD,D
14:31:10,ICBP,RG,8800,19,F,BK,OD,D
14:31:02,ICBP,RG,8825,4,D,NI,DX,D
14:31:00,ICBP,RG,8800,35,F,BK,YU,D
14:30:45,ICBP,RG,8825,1,F,CS,DX,D
14:30:45,ICBP,RG,8825,3,F,CS,DX,D
14:30:45,ICBP,RG,8825,10,F,CS,DX,D
14:30:45,ICBP,RG,8825,12,F,CS,DX,D
14:30:45,ICBP,RG,8825,19,F,CS,DX,D
14:30:45,ICBP,RG,8800,81,F,BK,AK,F
14:30:45,ICBP,RG,8800,1,D,HP,AK,F
14:30:45,ICBP,RG,8800,11,D,YP,AK,F
14:30:45,ICBP,RG,8800,2,D,PD,AK,F
14:30:45,ICBP,RG,8800,1,D,PD,AK,F
14:30:45,ICBP,RG,8800,23,D,XC,AK,F
14:30:45,ICBP,RG,8800,6,D,FS,AK,F
14:30:45,ICBP,RG,8800,43,F,ZP,AK,F
14:30:45,ICBP,RG,8800,2,D,CC,AK,F
14:30:45,ICBP,RG,8800,1,D,YB,AK,F
14:30:45,ICBP,RG,8800,10,D,KK,AK,F
14:30:45,ICBP,RG,8800,2,D,PD,AK,F
14:30:45,ICBP,RG,8800,4,D,XC,AK,F
14:30:45,ICBP,RG,8800,25,D,YP,AK,F
14:30:45,ICBP,RG,8800,1,D,YP,AK,F
14:30:45,ICBP,RG,8800,5,D,XC,AK,F
14:30:45,ICBP,RG,8800,2,D,SQ,AK,F
14:30:45,ICBP,RG,8800,5,D,YP,AK,F
14:30:45,ICBP,RG,8800,4,D,XC,AK,F
14:30:45,ICBP,RG,8800,2,D,XC,AK,F
14:30:45,ICBP,RG,8800,5,D,CC,AK,F
14:30:45,ICBP,RG,8800,2,D,GR,AK,F
14:30:45,ICBP,RG,8800,2,D,YP,AK,F
14:30:45,ICBP,RG,8800,11,D,XC,AK,F
14:30:45,ICBP,RG,8800,1,D,PD,AK,F
14:30:45,ICBP,RG,8800,1,D,XC,AK,F
14:30:45,ICBP,RG,8800,1,D,YP,AK,F
14:30:45,ICBP,RG,8800,1,D,YP,AK,F
14:30:45,ICBP,RG,8800,10,D,CC,AK,F
14:30:45,ICBP,RG,8800,20,D,YP,AK,F
14:30:45,ICBP,RG,8800,10,D,YP,AK,F
14:30:45,ICBP,RG,8800,2,D,XC,AK,F
14:30:45,ICBP,RG,8800,1,D,XC,AK,F
14:30:45,ICBP,RG,8800,2,D,XC,AK,F
14:30:45,ICBP,RG,8800,10,D,EP,AK,F
14:30:45,ICBP,RG,8800,10,D,AT,AK,F
14:30:45,ICBP,RG,8800,25,D,YB,AK,F
14:30:45,ICBP,RG,8800,1,D,PD,AK,F
14:30:45,ICBP,RG,8800,1,D,PD,AK,F
14:30:45,ICBP,RG,8800,1,D,PD,AK,F
14:30:45,ICBP,RG,8800,50,D,PD,AK,F
14:30:45,ICBP,RG,8800,4,D,SQ,AK,F
14:30:45,ICBP,RG,8800,1,D,GR,AK,F
14:30:45,ICBP,RG,8800,6,D,SQ,AK,F
14:30:45,ICBP,RG,8800,4,D,SQ,AK,F
14:30:30,ICBP,RG,8800,1,D,SQ,OD,D
14:30:28,ICBP,RG,8825,2,F,CS,DX,D
14:30:27,ICBP,RG,8825,21,F,BK,DX,D
14:30:25,ICBP,RG,8825,8,F,CS,DX,D
14:30:25,ICBP,RG,8825,73,F,ZP,DX,D
14:30:24,ICBP,RG,8825,2,F,CS,DX,D
14:30:24,ICBP,RG,8800,5,D,SQ,BB,D
14:30:24,ICBP,RG,8800,1,D,SQ,BB,D
14:30:24,ICBP,RG,8800,1,D,DH,BB,D
14:30:24,ICBP,RG,8800,4,D,SQ,BB,D
14:30:24,ICBP,RG,8800,8,D,DH,BB,D
14:30:24,ICBP,RG,8800,3,D,GR,BB,D
14:30:24,ICBP,RG,8800,1,D,SQ,BB,D
14:30:21,ICBP,RG,8825,1,F,CS,DX,D
14:30:21,ICBP,RG,8825,13,F,BK,DX,D
14:30:18,ICBP,RG,8825,2,F,CS,DX,D
14:30:18,ICBP,RG,8825,20,D,LG,DX,D
14:30:14,ICBP,RG,8825,4,F,CS,DX,D
14:30:14,ICBP,RG,8825,34,D,SQ,DX,D
14:30:12,ICBP,RG,8825,11,F,BK,DX,D
14:30:09,ICBP,RG,8825,1,F,CS,DX,D
14:30:09,ICBP,RG,8825,5,F,CS,DX,D
14:30:08,ICBP,RG,8800,10,D,SQ,OD,D
14:30:08,ICBP,RG,8800,5,D,KK,OD,D
14:30:08,ICBP,RG,8800,1,D,YP,OD,D
14:30:08,ICBP,RG,8800,1,D,PD,OD,D
14:30:08,ICBP,RG,8800,1,D,GR,OD,D
14:30:08,ICBP,RG,8800,12,D,YP,OD,D
14:30:08,ICBP,RG,8800,1,D,XC,OD,D
14:30:08,ICBP,RG,8800,5,D,YP,OD,D
14:30:08,ICBP,RG,8800,1,D,PD,OD,D
14:30:08,ICBP,RG,8800,2,D,DH,OD,D
14:30:08,ICBP,RG,8800,1,D,CC,OD,D
14:30:08,ICBP,RG,8800,2,D,PD,OD,D
14:30:08,ICBP,RG,8800,1,D,CC,OD,D
14:30:08,ICBP,RG,8800,2,D,AZ,OD,D
14:30:08,ICBP,RG,8800,9,D,RF,OD,D
14:30:04,ICBP,RG,8825,1,F,CS,DX,D
14:30:03,ICBP,RG,8825,11,F,BK,DX,D
14:29:58,ICBP,RG,8825,4,F,CS,DX,D
14:29:58,ICBP,RG,8800,35,D,RF,CC,D
14:29:36,ICBP,RG,8800,2,D,RF,XL,D
14:29:14,ICBP,RG,8800,1,D,RF,PD,D
14:29:13,ICBP,RG,8825,1,F,CS,DX,D
14:29:13,ICBP,RG,8825,15,F,BK,DX,D
14:29:09,ICBP,RG,8825,6,F,CS,DX,D
14:29:08,ICBP,RG,8800,53,D,RF,OD,D
14:29:08,ICBP,RG,8800,1,D,YP,OD,D
14:29:08,ICBP,RG,8800,3,D,PD,OD,D
14:29:08,ICBP,RG,8825,1,F,CS,DX,D
14:29:08,ICBP,RG,8825,10,F,BK,DX,D
14:29:07,ICBP,RG,8825,1,F,CS,DX,D
14:29:07,ICBP,RG,8825,9,F,CS,DX,D
14:29:05,ICBP,RG,8825,1,F,CS,DX,D
14:29:05,ICBP,RG,8825,23,F,BK,DX,D
14:29:00,ICBP,RG,8825,1,F,CS,DX,D
14:29:00,ICBP,RG,8825,8,F,CS,DX,D
14:29:00,ICBP,RG,8825,81,F,AK,DX,D
14:29:00,ICBP,RG,8825,1,F,AK,CS,D
14:29:00,ICBP,RG,8825,1,F,AK,CS,D
14:29:00,ICBP,RG,8825,1,F,CS,DX,F
14:29:00,ICBP,RG,8825,15,F,BK,DX,F
14:28:57,ICBP,RG,8825,1,F,CS,DX,F
14:28:57,ICBP,RG,8825,4,F,CS,DX,F
14:28:56,ICBP,RG,8825,81,F,BK,DX,F
14:28:54,ICBP,RG,8825,1,F,CS,DX,F
14:28:54,ICBP,RG,8825,3,F,CS,DX,F
14:28:54,ICBP,RG,8825,10,F,CS,DX,F
14:28:54,ICBP,RG,8825,6,F,CS,DX,F
14:28:54,ICBP,RG,8825,9,F,CS,DX,F
14:28:54,ICBP,RG,8825,1,F,CS,CS,D
14:28:54,ICBP,RG,8825,1,F,CS,CS,D
14:28:54,ICBP,RG,8825,1,F,CS,CS,D
14:28:54,ICBP,RG,8825,1,F,CS,CS,D
14:28:54,ICBP,RG,8825,15,F,CS,CC,D
14:28:54,ICBP,RG,8800,2,D,PD,PD,D
14:28:54,ICBP,RG,8800,5,D,XA,PD,D
14:28:54,ICBP,RG,8800,25,D,CC,PD,D
14:28:54,ICBP,RG,8800,10,D,GR,PD,D
14:28:54,ICBP,RG,8800,1,D,XL,PD,D
14:28:54,ICBP,RG,8800,10,D,XC,PD,D
14:28:54,ICBP,RG,8800,2,D,YP,PD,D
14:28:54,ICBP,RG,8800,4,D,KK,PD,D
14:28:54,ICBP,RG,8800,10,D,KK,PD,D
14:28:54,ICBP,RG,8800,5,D,XC,PD,D
14:28:54,ICBP,RG,8800,5,D,AT,PD,D
14:28:54,ICBP,RG,8800,2,D,DH,PD,D
14:28:54,ICBP,RG,8800,1,D,PD,PD,D
14:28:54,ICBP,RG,8800,25,D,SQ,PD,D
14:28:54,ICBP,RG,8800,2,D,DH,PD,D
14:28:54,ICBP,RG,8800,1,D,CC,PD,D
14:28:54,ICBP,RG,8800,3,D,YP,PD,D
14:28:54,ICBP,RG,8800,8,D,XC,PD,D
14:28:54,ICBP,RG,8800,5,D,YP,PD,D
14:28:54,ICBP,RG,8800,1,D,TP,PD,D
14:28:54,ICBP,RG,8800,25,D,YP,PD,D
14:28:54,ICBP,RG,8800,5,D,SQ,PD,D
14:28:54,ICBP,RG,8800,1,D,PD,PD,D
14:28:54,ICBP,RG,8800,5,D,YP,PD,D
14:28:54,ICBP,RG,8800,2,D,XC,PD,D
14:28:54,ICBP,RG,8800,286,D,IF,PD,D
14:28:47,ICBP,RG,8825,1,F,CS,CC,D
14:28:47,ICBP,RG,8800,2,D,IF,XL,D
14:28:46,ICBP,RG,8825,1,F,CS,CC,D
14:28:46,ICBP,RG,8825,10,D,YP,CC,D
14:28:40,ICBP,RG,8825,1,F,CS,CC,D
14:28:40,ICBP,RG,8825,11,F,BK,CC,D
14:28:36,ICBP,RG,8825,3,D,YP,CC,D
14:28:21,ICBP,RG,8825,1,F,CS,CC,D
14:28:21,ICBP,RG,8825,10,D,NI,CC,D
14:28:12,ICBP,RG,8825,1,F,CS,CC,D
14:28:12,ICBP,RG,8825,11,F,BK,CC,D
14:28:08,ICBP,RG,8825,6,F,CS,CC,D
14:28:08,ICBP,RG,8800,61,D,IF,OD,D
14:28:08,ICBP,RG,8825,1,F,CS,CC,D
14:28:08,ICBP,RG,8825,5,F,BK,CC,D
14:28:04,ICBP,RG,8825,1,F,CS,CC,D
14:28:04,ICBP,RG,8825,16,F,BK,CC,D
14:28:01,ICBP,RG,8825,4,F,CS,CC,D
14:28:01,ICBP,RG,8825,38,F,BK,CC,D
14:28:00,ICBP,RG,8825,3,F,CS,CC,D
14:28:00,ICBP,RG,8800,39,D,IF,YU,D
14:28:00,ICBP,RG,8825,8,F,CS,CC,D
14:28:00,ICBP,RG,8825,1,F,CS,CC,D
14:28:00,ICBP,RG,8825,46,F,ZP,CC,D
14:28:00,ICBP,RG,8825,15,F,ZP,AZ,D
14:28:00,ICBP,RG,8825,10,F,ZP,AZ,D
14:28:00,ICBP,RG,8825,7,F,ZP,AZ,D
14:28:00,ICBP,RG,8825,9,F,CS,AZ,D
14:28:00,ICBP,RG,8800,92,D,IF,CC,D
14:27:52,ICBP,RG,8825,1,D,PD,AZ,D
14:27:36,ICBP,RG,8825,6,F,AK,AZ,D
14:27:24,ICBP,RG,8800,1,D,IF,OD,D
14:27:24,ICBP,RG,8825,1,F,CS,AZ,D
14:27:24,ICBP,RG,8825,5,D,PD,AZ,D
14:27:13,ICBP,RG,8825,1,F,CS,AZ,D
14:27:13,ICBP,RG,8825,5,F,BK,AZ,D
14:27:13,ICBP,RG,8825,2,F,BK,CS,D
14:27:13,ICBP,RG,8825,1,F,BK,CS,D
14:27:13,ICBP,RG,8825,6,F,BK,YP,D
14:27:10,ICBP,RG,8825,6,F,CS,YP,D
14:27:10,ICBP,RG,8800,59,D,IF,OD,D
14:27:07,ICBP,RG,8825,1,D,PD,YP,D
14:27:07,ICBP,RG,8825,1,F,CS,YP,D
14:27:07,ICBP,RG,8800,6,D,IF,CS,D
14:27:07,ICBP,RG,8800,4,D,IF,CS,D
14:27:07,ICBP,RG,8825,1,F,CS,YP,D
14:27:07,ICBP,RG,8825,12,F,BK,YP,D
14:27:03,ICBP,RG,8825,2,F,CS,YP,D
14:27:03,ICBP,RG,8825,13,F,BK,YP,D
14:27:00,ICBP,RG,8800,9,D,IF,YU,D
14:26:58,ICBP,RG,8825,1,F,CS,YP,D
14:26:58,ICBP,RG,8825,2,F,CS,YP,D
14:26:58,ICBP,RG,8825,60,F,BK,YP,D
14:26:54,ICBP,RG,8825,4,F,CS,YP,D
14:26:54,ICBP,RG,8825,32,F,CS,YP,D
14:26:54,ICBP,RG,8800,327,D,IF,CC,D
14:26:53,ICBP,RG,8825,6,D,XC,YP,D
14:26:15,ICBP,RG,8825,1,F,CS,YP,D
14:26:14,ICBP,RG,8825,15,F,BK,YP,D
14:26:13,ICBP,RG,8825,1,F,CS,YP,D
14:26:13,ICBP,RG,8825,6,F,CS,YP,D
14:26:12,ICBP,RG,8800,58,D,IF,OD,D
14:26:04,ICBP,RG,8825,1,D,XC,YP,D
14:26:03,ICBP,RG,8825,11,F,BK,YP,D
14:26:00,ICBP,RG,8825,1,F,CS,YP,D
14:26:00,ICBP,RG,8825,4,F,CS,YP,D
14:26:00,ICBP,RG,8800,45,D,IF,YU,D
14:25:58,ICBP,RG,8825,1,D,XC,YP,D
14:25:54,ICBP,RG,8825,1,F,CS,YP,D
14:25:54,ICBP,RG,8800,1,D,IF,YP,D
14:25:43,ICBP,RG,8825,5,D,YP,YP,D
14:25:35,ICBP,RG,8825,1,D,SQ,YP,D
14:25:32,ICBP,RG,8825,1,F,CS,YP,D
14:25:32,ICBP,RG,8825,4,F,BK,YP,D
14:25:32,ICBP,RG,8825,8,F,BK,AZ,D
14:25:30,ICBP,RG,8825,3,F,CS,AZ,D
14:25:30,ICBP,RG,8825,14,F,BK,AZ,D
14:25:30,ICBP,RG,8825,1,F,BK,NI,D
14:25:30,ICBP,RG,8825,8,F,BK,YP,D
14:25:30,ICBP,RG,8825,5,D,CC,YP,D
14:25:27,ICBP,RG,8825,4,F,CS,YP,D
14:25:27,ICBP,RG,8825,3,F,ZP,YP,D
14:25:27,ICBP,RG,8825,38,F,ZP,AZ,D
14:25:26,ICBP,RG,8825,3,F,CS,AZ,D
14:25:26,ICBP,RG,8825,9,F,BK,AZ,D
14:25:26,ICBP,RG,8825,70,F,BK,AZ,D
14:25:26,ICBP,RG,8825,4,F,BK,AZ,D
14:25:24,ICBP,RG,8825,1,F,CS,AZ,D
14:25:24,ICBP,RG,8825,4,F,CS,AZ,D
14:25:24,ICBP,RG,8825,16,F,CS,AZ,D
14:25:24,ICBP,RG,8825,29,F,CS,AZ,D
14:25:24,ICBP,RG,8800,210,D,IF,PD,D
14:25:24,ICBP,RG,8800,241,D,IF,PD,D
14:25:22,ICBP,RG,8825,1,D,XC,AZ,D
14:25:15,ICBP,RG,8825,1,F,CS,AZ,D
14:25:15,ICBP,RG,8825,18,F,BK,AZ,D
14:25:13,ICBP,RG,8825,1,D,XC,AZ,D
14:25:13,ICBP,RG,8825,1,F,CS,AZ,D
14:25:12,ICBP,RG,8825,5,F,CS,AZ,D
14:25:12,ICBP,RG,8800,54,D,IF,OD,D
14:25:07,ICBP,RG,8825,1,D,DH,AZ,D
14:25:06,ICBP,RG,8825,1,F,CS,AZ,D
14:25:06,ICBP,RG,8825,3,D,PD,AZ,D
14:25:01,ICBP,RG,8825,1,F,CS,AZ,D
14:25:01,ICBP,RG,8825,17,F,BK,AZ,D
14:25:00,ICBP,RG,8825,3,F,CS,AZ,D
14:25:00,ICBP,RG,8825,23,D,XL,AZ,D
14:24:55,ICBP,RG,8825,1,F,CS,AZ,D
14:24:55,ICBP,RG,8825,37,F,BK,AZ,D
14:24:53,ICBP,RG,8825,2,F,CS,AZ,D
14:24:52,ICBP,RG,8825,5,F,CS,AZ,D
14:24:52,ICBP,RG,8825,1,F,CS,NI,D
14:24:52,ICBP,RG,8825,1,F,CS,CS,D
14:24:52,ICBP,RG,8825,1,F,CS,CS,D
14:24:52,ICBP,RG,8825,12,F,CS,BB,D
14:24:52,ICBP,RG,8825,55,D,YP,BB,D
14:24:52,ICBP,RG,8825,143,D,YP,AZ,D
14:24:50,ICBP,RG,8825,3,F,CS,AZ,D
14:24:50,ICBP,RG,8825,4,D,NI,AZ,D
14:24:50,ICBP,RG,8825,26,D,NI,AZ,D
14:24:31,ICBP,RG,8800,1,D,IF,XC,D
14:24:31,ICBP,RG,8800,1,D,IF,XC,D
14:24:22,ICBP,RG,8800,2,D,IF,YP,D
14:24:22,ICBP,RG,8825,1,F,CS,AZ,D
14:24:21,ICBP,RG,8825,10,F,BK,AZ,D
14:24:17,ICBP,RG,8825,1,F,CS,AZ,D
14:24:17,ICBP,RG,8800,3,D,IF,PD,D
14:24:16,ICBP,RG,8825,12,F,BK,AZ,D
14:24:15,ICBP,RG,8825,1,F,CS,AZ,D
14:24:14,ICBP,RG,8825,5,F,CS,AZ,D
14:24:14,ICBP,RG,8800,51,D,IF,OD,D
14:23:47,ICBP,RG,8800,1,D,IF,XC,D
14:23:32,ICBP,RG,8800,1,D,IF,PD,D
14:23:30,ICBP,RG,8800,3,D,IF,YP,D
14:23:28,ICBP,RG,8825,1,D,XC,AZ,D
14:23:26,ICBP,RG,8825,1,F,CS,AZ,D
14:23:26,ICBP,RG,8825,9,F,BK,AZ,D
14:23:24,ICBP,RG,8825,2,F,CS,AZ,D
14:23:24,ICBP,RG,8825,35,F,BK,AZ,D
14:23:21,ICBP,RG,8825,2,F,CS,AZ,D
14:23:21,ICBP,RG,8825,14,F,CS,AZ,D
14:23:21,ICBP,RG,8825,181,F,BK,AZ,D
14:23:19,ICBP,RG,8825,1,D,PD,AZ,D
14:23:16,ICBP,RG,8800,58,D,IF,OD,D
14:23:16,ICBP,RG,8825,9,F,CS,AZ,D
14:23:16,ICBP,RG,8825,91,F,CS,AZ,D
14:23:16,ICBP,RG,8825,98,F,AK,AZ,D
14:23:16,ICBP,RG,8825,20,F,AK,NI,D
14:23:16,ICBP,RG,8825,196,F,AK,AK,F
14:23:16,ICBP,RG,8825,246,F,AK,AK,F
14:23:16,ICBP,RG,8825,223,F,AK,OD,D
14:23:16,ICBP,RG,8825,11,F,AK,AK,D
14:23:16,ICBP,RG,8825,124,F,AK,DX,F
14:23:08,ICBP,RG,8825,1,F,CS,DX,F
14:23:08,ICBP,RG,8825,10,F,BK,DX,F
14:23:05,ICBP,RG,8825,1,F,CS,DX,F
14:23:05,ICBP,RG,8825,18,F,BK,DX,F
14:23:03,ICBP,RG,8825,1,F,CS,DX,F
14:23:03,ICBP,RG,8825,7,F,CS,DX,F
14:23:03,ICBP,RG,8825,80,F,BK,DX,F
14:23:00,ICBP,RG,8800,36,D,IF,YU,D
14:23:00,ICBP,RG,8825,4,F,CS,DX,F
14:23:00,ICBP,RG,8825,42,F,CS,DX,F
14:23:00,ICBP,RG,8800,425,D,IF,CC,D
14:22:58,ICBP,RG,8825,2,F,CS,DX,F
14:22:58,ICBP,RG,8825,15,D,KK,DX,F
14:22:57,ICBP,RG,8825,1,F,CS,DX,F
14:22:57,ICBP,RG,8825,15,F,BK,DX,F
14:22:53,ICBP,RG,8825,4,F,CS,DX,F
14:22:53,ICBP,RG,8800,35,D,IF,LG,D
14:22:50,ICBP,RG,8825,2,D,XA,DX,F
14:22:24,ICBP,RG,8825,1,F,CS,DX,F
14:22:24,ICBP,RG,8825,5,D,DH,DX,F
14:22:22,ICBP,RG,8825,1,F,CS,DX,F
14:22:21,ICBP,RG,8825,16,F,BK,DX,F
14:22:18,ICBP,RG,8825,6,F,CS,DX,F
14:22:18,ICBP,RG,8800,55,D,IF,OD,D
14:22:17,ICBP,RG,8825,1,F,CS,DX,F
14:22:17,ICBP,RG,8800,13,D,IF,AK,D
14:22:16,ICBP,RG,8825,1,F,CS,DX,F
14:22:16,ICBP,RG,8825,10,D,OD,DX,F
14:22:11,ICBP,RG,8825,1,D,XC,DX,F
14:22:06,ICBP,RG,8825,2,F,CS,DX,F
14:22:06,ICBP,RG,8825,19,F,BK,DX,F
14:22:03,ICBP,RG,8825,2,F,CS,DX,F
14:22:03,ICBP,RG,8825,25,D,YP,DX,F
14:22:02,ICBP,RG,8825,1,F,CS,DX,F
14:22:02,ICBP,RG,8825,16,F,BK,DX,F
14:22:00,ICBP,RG,8825,1,F,CS,DX,F
14:22:00,ICBP,RG,8825,8,F,CS,DX,F
14:22:00,ICBP,RG,8800,89,D,IF,CC,D
14:21:55,ICBP,RG,8800,1,D,IF,PD,D
14:21:45,ICBP,RG,8825,10,F,BK,DX,F
14:21:45,ICBP,RG,8825,2,F,CS,DX,F
14:21:45,ICBP,RG,8825,22,F,CS,DX,F
14:21:45,ICBP,RG,8800,256,D,IF,AK,F
14:21:37,ICBP,RG,8825,1,F,CS,DX,F
14:21:37,ICBP,RG,8825,2,F,CS,DX,F
14:21:37,ICBP,RG,8825,25,F,CS,DX,F
14:21:37,ICBP,RG,8800,250,D,IF,PP,D
14:21:23,ICBP,RG,8825,10,D,NI,DX,F
14:21:20,ICBP,RG,8825,1,F,CS,DX,F
14:21:20,ICBP,RG,8825,6,F,CS,DX,F
14:21:20,ICBP,RG,8800,60,D,IF,OD,D
14:21:17,ICBP,RG,8825,5,D,NI,DX,F
14:21:16,ICBP,RG,8825,1,F,CS,DX,F
14:21:16,ICBP,RG,8800,10,D,IF,AZ,D
14:21:12,ICBP,RG,8825,1,F,CS,DX,F
14:21:12,ICBP,RG,8825,10,D,YP,DX,F
14:21:09,ICBP,RG,8825,3,F,CS,DX,F
14:21:09,ICBP,RG,8825,30,F,BK,DX,F
14:21:05,ICBP,RG,8825,2,F,CS,DX,F
14:21:05,ICBP,RG,8825,38,F,BK,DX,F
14:21:03,ICBP,RG,8825,2,F,CS,DX,F
14:21:03,ICBP,RG,8825,19,F,CS,DX,F
14:21:03,ICBP,RG,8800,200,D,IF,PD,D
14:21:00,ICBP,RG,8825,1,F,CS,DX,F
14:21:00,ICBP,RG,8825,4,F,CS,DX,F
14:21:00,ICBP,RG,8800,44,D,IF,YU,D
14:20:58,ICBP,RG,8800,3,D,IF,AZ,D
14:20:58,ICBP,RG,8825,1,D,XL,DX,F
14:20:52,ICBP,RG,8825,1,F,CS,DX,F
14:20:52,ICBP,RG,8825,2,F,CS,DX,F
14:20:52,ICBP,RG,8825,28,F,BK,DX,F
14:20:47,ICBP,RG,8825,2,F,CS,DX,F
14:20:47,ICBP,RG,8825,63,F,BK,DX,F
14:20:46,ICBP,RG,8825,1,F,CS,DX,F
14:20:46,ICBP,RG,8825,1,F,CS,DX,F
14:20:46,ICBP,RG,8825,13,F,CS,DX,F
14:20:46,ICBP,RG,8825,10,F,CS,DX,F
14:20:46,ICBP,RG,8825,22,F,CS,DX,F
14:20:46,ICBP,RG,8800,107,D,IF,PD,D
14:20:46,ICBP,RG,8800,10,D,PD,PD,D
14:20:46,ICBP,RG,8800,2,D,SQ,PD,D
14:20:46,ICBP,RG,8800,1,D,XC,PD,D
14:20:46,ICBP,RG,8800,11,D,SQ,PD,D
14:20:46,ICBP,RG,8800,1,D,KK,PD,D
14:20:46,ICBP,RG,8800,10,D,KK,PD,D
14:20:46,ICBP,RG,8800,1,D,XC,PD,D
14:20:46,ICBP,RG,8800,1,D,KK,PD,D
14:20:46,ICBP,RG,8800,1,D,XC,PD,D
14:20:46,ICBP,RG,8800,5,D,XA,PD,D
14:20:46,ICBP,RG,8800,15,D,DR,PD,D
14:20:46,ICBP,RG,8800,3,D,SQ,PD,D
14:20:46,ICBP,RG,8800,6,D,XC,PD,D
14:20:46,ICBP,RG,8800,1,D,PD,PD,D
14:20:46,ICBP,RG,8800,1,D,PD,PD,D
14:20:46,ICBP,RG,8800,30,D,ZP,PD,D
14:20:46,ICBP,RG,8800,1,D,CC,PD,D
14:20:46,ICBP,RG,8800,1,D,DH,PD,D
14:20:46,ICBP,RG,8800,1,D,GR,PD,D
14:20:46,ICBP,RG,8800,2,D,PD,PD,D
14:20:46,ICBP,RG,8800,10,D,TP,PD,D
14:20:46,ICBP,RG,8800,2,D,PD,PD,D
14:20:46,ICBP,RG,8800,1,D,YP,PD,D
14:20:46,ICBP,RG,8800,1,D,CC,PD,D
14:20:46,ICBP,RG,8800,2,D,XC,PD,D
14:20:46,ICBP,RG,8800,10,D,YP,PD,D
14:20:46,ICBP,RG,8800,2,D,NI,PD,D
14:20:46,ICBP,RG,8800,1,D,GR,PD,D
14:20:46,ICBP,RG,8800,3,D,PD,PD,D
14:20:46,ICBP,RG,8800,10,D,PD,PD,D
14:20:46,ICBP,RG,8800,5,D,CC,PD,D
14:20:46,ICBP,RG,8800,1,D,NI,PD,D
14:20:46,ICBP,RG,8800,10,D,CC,PD,D
14:20:46,ICBP,RG,8800,20,D,EP,PD,D
14:20:46,ICBP,RG,8800,1,D,YP,PD,D
14:20:46,ICBP,RG,8800,6,D,XC,PD,D
14:20:46,ICBP,RG,8800,5,D,YP,PD,D
14:20:46,ICBP,RG,8800,10,D,SQ,PD,D
14:20:46,ICBP,RG,8800,20,D,YP,PD,D
14:20:46,ICBP,RG,8800,2,D,CC,PD,D
14:20:46,ICBP,RG,8800,1,D,NI,PD,D
14:20:46,ICBP,RG,8800,2,D,CC,PD,D
14:20:46,ICBP,RG,8800,15,D,LG,PD,D
14:20:46,ICBP,RG,8800,2,D,YP,PD,D
14:20:46,ICBP,RG,8800,4,D,YP,PD,D
14:20:46,ICBP,RG,8800,1,D,CC,PD,D
14:20:46,ICBP,RG,8800,5,D,PD,PD,D
14:20:46,ICBP,RG,8800,7,D,YP,PD,D
14:20:46,ICBP,RG,8800,2,D,YP,PD,D
14:20:46,ICBP,RG,8800,2,D,XL,PD,D
14:20:46,ICBP,RG,8800,10,D,DH,PD,D
14:20:46,ICBP,RG,8800,10,D,PD,PD,D
14:20:46,ICBP,RG,8800,1,D,YP,PD,D
14:20:46,ICBP,RG,8800,1,D,NI,PD,D
14:20:46,ICBP,RG,8800,2,D,GR,PD,D
14:20:46,ICBP,RG,8800,10,D,SQ,PD,D
14:20:46,ICBP,RG,8800,1,D,CC,PD,D
14:20:46,ICBP,RG,8800,20,D,KK,PD,D
14:20:46,ICBP,RG,8800,1,D,PD,PD,D
14:20:46,ICBP,RG,8800,2,D,PD,PD,D
14:20:46,ICBP,RG,8800,1,D,PD,PD,D
14:20:46,ICBP,RG,8800,18,D,ZP,PD,D
14:20:38,ICBP,RG,8825,1,D,XC,DX,F
14:20:21,ICBP,RG,8825,1,F,CS,DX,F
14:20:21,ICBP,RG,8825,3,F,CS,DX,F
14:20:21,ICBP,RG,8825,40,F,BK,DX,F
14:20:18,ICBP,RG,8825,1,F,CS,DX,F
14:20:18,ICBP,RG,8825,5,F,CS,DX,F
14:20:18,ICBP,RG,8800,32,D,ZP,OD,D
14:20:18,ICBP,RG,8800,1,D,NI,OD,D
14:20:18,ICBP,RG,8800,1,D,XC,OD,D
14:20:18,ICBP,RG,8800,1,D,SQ,OD,D
14:20:18,ICBP,RG,8800,1,D,YP,OD,D
14:20:18,ICBP,RG,8800,2,D,SQ,OD,D
14:20:18,ICBP,RG,8800,1,D,YP,OD,D
14:20:18,ICBP,RG,8800,2,D,NI,OD,D
14:20:18,ICBP,RG,8800,5,D,YP,OD,D
14:20:18,ICBP,RG,8800,5,D,XA,OD,D
14:20:18,ICBP,RG,8800,1,D,DR,OD,D
14:20:18,ICBP,RG,8800,1,D,CC,OD,D
14:20:18,ICBP,RG,8800,2,D,AG,OD,D
14:20:18,ICBP,RG,8800,1,D,CC,OD,D
14:19:50,ICBP,RG,8825,1,D,XC,DX,F
14:19:44,ICBP,RG,8800,1,D,CC,YP,D
14:19:42,ICBP,RG,8825,1,F,CS,DX,F
14:19:42,ICBP,RG,8825,2,D,XL,DX,F
14:19:29,ICBP,RG,8825,1,D,PD,DX,F
14:19:28,ICBP,RG,8825,5,D,PD,DX,F
14:19:20,ICBP,RG,8825,6,F,CS,DX,F
14:19:20,ICBP,RG,8800,5,D,CC,OD,D
14:19:20,ICBP,RG,8800,5,D,AI,OD,D
14:19:20,ICBP,RG,8800,5,D,NI,OD,D
14:19:20,ICBP,RG,8800,1,D,YP,OD,D
14:19:20,ICBP,RG,8800,2,D,CC,OD,D
14:19:20,ICBP,RG,8800,1,D,XC,OD,D
14:19:20,ICBP,RG,8800,1,D,NI,OD,D
14:19:20,ICBP,RG,8800,10,D,YP,OD,D
14:19:20,ICBP,RG,8800,1,D,YP,OD,D
14:19:20,ICBP,RG,8800,10,D,SQ,OD,D
14:19:20,ICBP,RG,8800,1,D,YP,OD,D
14:19:20,ICBP,RG,8800,1,D,NI,OD,D
14:19:20,ICBP,RG,8800,1,D,YP,OD,D
14:19:20,ICBP,RG,8800,3,D,CC,OD,D
14:19:20,ICBP,RG,8800,5,D,CC,OD,D
14:19:20,ICBP,RG,8800,2,D,KK,OD,D
14:19:20,ICBP,RG,8800,2,D,YP,OD,D
14:19:18,ICBP,RG,8825,1,D,YP,DX,F
14:19:10,ICBP,RG,8825,2,D,YP,DX,F
14:19:09,ICBP,RG,8825,2,F,CS,DX,F
14:19:09,ICBP,RG,8800,8,D,YP,KK,D
14:19:09,ICBP,RG,8800,10,D,SQ,KK,D
14:19:09,ICBP,RG,8800,5,D,NI,KK,D
14:19:09,ICBP,RG,8800,1,D,SQ,KK,D
14:19:09,ICBP,RG,8800,25,D,PD,KK,D
14:19:09,ICBP,RG,8800,1,D,XL,KK,D
14:19:08,ICBP,RG,8825,1,F,CS,DX,F
14:19:08,ICBP,RG,8825,3,F,CS,DX,F
14:19:08,ICBP,RG,8825,41,F,BK,DX,F
14:19:03,ICBP,RG,8825,1,F,CS,DX,F
14:19:03,ICBP,RG,8825,2,F,CS,DX,F
14:19:03,ICBP,RG,8825,34,F,BK,DX,F
14:19:00,ICBP,RG,8825,1,F,CS,DX,F
14:19:00,ICBP,RG,8825,5,F,CS,DX,F
14:19:00,ICBP,RG,8825,6,F,CS,DX,F
14:19:00,ICBP,RG,8800,4,D,XL,CC,D
14:19:00,ICBP,RG,8800,1,D,EP,CC,D
14:19:00,ICBP,RG,8800,1,D,NI,CC,D
14:19:00,ICBP,RG,8800,2,D,YP,CC,D
14:19:00,ICBP,RG,8800,10,D,PD,CC,D
14:19:00,ICBP,RG,8800,10,D,PD,CC,D
14:19:00,ICBP,RG,8800,1,D,NI,CC,D
14:19:00,ICBP,RG,8800,1,D,IH,CC,D
14:19:00,ICBP,RG,8800,10,D,KK,CC,D
14:19:00,ICBP,RG,8800,2,D,KK,CC,D
14:19:00,ICBP,RG,8800,5,D,GR,CC,D
14:19:00,ICBP,RG,8800,1,D,YU,CC,D
14:19:00,ICBP,RG,8800,1,D,PD,CC,D
14:19:00,ICBP,RG,8800,3,D,YP,CC,D
14:19:00,ICBP,RG,8800,1,D,YP,CC,D
14:19:00,ICBP,RG,8800,5,D,KK,CC,D
14:19:00,ICBP,RG,8800,3,D,XC,CC,D
14:19:00,ICBP,RG,8800,2,D,XC,CC,D
14:19:00,ICBP,RG,8800,23,D,YP,CC,D
14:19:00,ICBP,RG,8800,1,D,YB,CC,D
14:19:00,ICBP,RG,8800,1,D,CC,CC,D
14:19:00,ICBP,RG,8800,1,D,IF,CC,D
14:19:00,ICBP,RG,8800,10,D,KK,CC,D
14:19:00,ICBP,RG,8800,1,D,SQ,CC,D
14:19:00,ICBP,RG,8800,1,D,YP,CC,D
14:19:00,ICBP,RG,8800,5,D,CC,CC,D
14:19:00,ICBP,RG,8800,1,D,YP,CC,D
14:19:00,ICBP,RG,8800,5,D,PD,CC,D
14:19:00,ICBP,RG,8800,1,D,NI,CC,D
14:19:00,ICBP,RG,8800,3,D,XC,CC,D
14:19:00,ICBP,RG,8800,100,D,PD,CC,D
14:19:00,ICBP,RG,8800,1,D,XC,CC,D
14:19:00,ICBP,RG,8800,6,D,KK,CC,D
14:19:00,ICBP,RG,8800,2,D,YP,CC,D
14:19:00,ICBP,RG,8800,5,D,YP,CC,D
14:19:00,ICBP,RG,8800,11,D,YP,CC,D
14:19:00,ICBP,RG,8800,17,D,YP,CC,D
14:18:49,ICBP,RG,8800,3,D,YP,LG,D
14:18:39,ICBP,RG,8800,10,D,YP,SQ,D
14:18:39,ICBP,RG,8800,1,D,PD,SQ,D
14:18:39,ICBP,RG,8800,1,D,PD,SQ,D
14:18:39,ICBP,RG,8800,3,D,NI,SQ,D
14:18:39,ICBP,RG,8800,7,D,CC,SQ,D
14:18:38,ICBP,RG,8800,3,D,CC,HP,D
14:18:38,ICBP,RG,8800,3,D,CC,HP,D
14:18:38,ICBP,RG,8800,1,D,TP,HP,D
14:18:38,ICBP,RG,8800,1,D,XL,HP,D
14:18:38,ICBP,RG,8800,1,D,XC,HP,D
14:18:38,ICBP,RG,8800,11,D,PD,HP,D
14:18:36,ICBP,RG,8800,3,D,PD,HP,D
14:18:34,ICBP,RG,8825,35,F,BK,DX,F
14:18:29,ICBP,RG,8800,40,D,PD,DX,F
14:18:18,ICBP,RG,8800,16,D,PD,OD,D
14:18:18,ICBP,RG,8800,5,D,SQ,OD,D
14:18:18,ICBP,RG,8800,5,D,YP,OD,D
14:18:18,ICBP,RG,8800,1,D,LG,OD,D
14:18:18,ICBP,RG,8800,5,D,NI,OD,D
14:18:18,ICBP,RG,8800,1,D,YP,OD,D
14:18:18,ICBP,RG,8800,29,D,AI,OD,D
14:18:08,ICBP,RG,8800,6,D,AI,XC,D
14:18:02,ICBP,RG,8800,15,D,AI,DX,F
14:18:02,ICBP,RG,8800,5,D,KK,DX,F
14:17:52,ICBP,RG,8800,5,D,KK,XL,D
14:17:46,ICBP,RG,8800,1,D,XC,XC,D
14:17:46,ICBP,RG,8800,4,D,DR,XC,D
14:17:43,ICBP,RG,8800,1,D,DR,XC,D
14:17:18,ICBP,RG,8800,15,D,DR,OD,D
14:17:18,ICBP,RG,8800,20,D,SQ,OD,D
14:17:18,ICBP,RG,8800,3,D,SQ,OD,D
14:17:18,ICBP,RG,8800,22,D,YP,OD,D
14:17:18,ICBP,RG,8825,1,D,KK,DX,F
14:17:10,ICBP,RG,8825,1,D,KK,DX,F
14:16:56,ICBP,RG,8825,38,F,BK,DX,F
14:16:53,ICBP,RG,8825,25,F,BK,DX,F
14:16:52,ICBP,RG,8800,3,D,YP,OD,D
14:16:52,ICBP,RG,8800,3,D,XL,OD,D
14:16:52,ICBP,RG,8800,1,D,XL,OD,D
14:16:52,ICBP,RG,8800,5,D,PD,OD,D
14:16:52,ICBP,RG,8800,1,D,XL,OD,D
14:16:52,ICBP,RG,8800,10,D,YP,OD,D
14:16:52,ICBP,RG,8800,100,D,YP,OD,D
14:16:52,ICBP,RG,8800,1,D,ZP,OD,D
14:16:52,ICBP,RG,8800,1,D,ZP,OD,D
14:16:52,ICBP,RG,8800,2,D,XL,OD,D
14:16:52,ICBP,RG,8800,4,D,GR,OD,D
14:16:52,ICBP,RG,8800,10,D,YP,OD,D
14:16:52,ICBP,RG,8800,1,D,CC,OD,D
14:16:52,ICBP,RG,8800,5,D,NI,OD,D
14:16:52,ICBP,RG,8800,1,D,YP,OD,D
14:16:52,ICBP,RG,8800,1,D,CC,OD,D
14:16:52,ICBP,RG,8800,2,D,DR,OD,D
14:16:52,ICBP,RG,8800,1,D,YP,OD,D
14:16:52,ICBP,RG,8800,2,D,YP,OD,D
14:16:52,ICBP,RG,8800,1,D,XC,OD,D
14:16:52,ICBP,RG,8800,10,D,TF,OD,D
14:16:52,ICBP,RG,8800,5,D,CC,OD,D
14:16:52,ICBP,RG,8800,1,D,NI,OD,D
14:16:52,ICBP,RG,8800,2,D,YP,OD,D
14:16:52,ICBP,RG,8800,10,D,YP,OD,D
14:16:52,ICBP,RG,8800,10,D,XL,OD,D
14:16:52,ICBP,RG,8800,3,D,PD,OD,D
14:16:52,ICBP,RG,8800,50,D,FZ,OD,D
14:16:52,ICBP,RG,8800,10,D,CC,OD,D
14:16:52,ICBP,RG,8800,4,D,XC,OD,D
14:16:52,ICBP,RG,8800,3,D,KK,OD,D
14:16:52,ICBP,RG,8800,10,D,PD,OD,D
14:16:52,ICBP,RG,8800,6,D,OD,OD,D
14:16:42,ICBP,RG,8825,3,D,PD,DX,F
14:16:28,ICBP,RG,8825,41,F,BK,DX,F
14:16:28,ICBP,RG,8825,5,F,BK,AK,D
14:16:26,ICBP,RG,8800,14,D,OD,DX,F
14:16:26,ICBP,RG,8800,2,D,CC,DX,F
14:16:26,ICBP,RG,8800,2,D,XC,DX,F
14:16:25,ICBP,RG,8825,3,D,YP,AK,F
14:16:23,ICBP,RG,8825,75,F,BK,AK,F
14:16:22,ICBP,RG,8800,1,D,XC,AZ,D
14:16:22,ICBP,RG,8800,20,D,NI,AZ,D
14:16:22,ICBP,RG,8800,2,D,PD,AZ,D
14:16:22,ICBP,RG,8800,1,D,YP,AZ,D
14:16:22,ICBP,RG,8800,1,D,XC,AZ,D
14:16:22,ICBP,RG,8800,6,D,YP,AZ,D
14:16:22,ICBP,RG,8800,5,D,NI,AZ,D
14:16:22,ICBP,RG,8800,1,D,PD,AZ,D
14:16:22,ICBP,RG,8800,1,D,XC,AZ,D
14:16:22,ICBP,RG,8800,10,D,CC,AZ,D
14:16:22,ICBP,RG,8800,1,D,XC,AZ,D
14:16:22,ICBP,RG,8800,1,D,CC,AZ,D
14:16:22,ICBP,RG,8800,100,D,PD,AZ,D
14:16:22,ICBP,RG,8800,5,D,NI,AZ,D
14:16:22,ICBP,RG,8800,1,D,EP,AZ,D
14:16:22,ICBP,RG,8800,1,D,PD,AZ,D
14:16:22,ICBP,RG,8800,2,D,XC,AZ,D
14:16:22,ICBP,RG,8800,10,D,YP,AZ,D
14:16:22,ICBP,RG,8800,10,D,YP,AZ,D
14:16:22,ICBP,RG,8800,5,D,CC,AZ,D
14:16:22,ICBP,RG,8800,10,D,YP,AZ,D
14:16:22,ICBP,RG,8800,16,D,PD,AZ,D
14:16:22,ICBP,RG,8800,1,D,PD,AZ,D
14:16:22,ICBP,RG,8800,1,D,PD,AZ,D
14:16:22,ICBP,RG,8800,2,D,YP,AZ,D
14:16:22,ICBP,RG,8800,1,D,PD,AZ,D
14:16:22,ICBP,RG,8800,1,D,YP,AZ,D
14:16:22,ICBP,RG,8800,1,D,XC,AZ,D
14:16:22,ICBP,RG,8800,10,D,DH,AZ,D
14:16:22,ICBP,RG,8800,1,D,YP,AZ,D
14:16:22,ICBP,RG,8800,13,D,XL,AZ,D
14:16:22,ICBP,RG,8800,2,D,YP,AZ,D
14:16:22,ICBP,RG,8800,10,D,TF,AZ,D
14:16:22,ICBP,RG,8800,1,D,PD,AZ,D
14:16:22,ICBP,RG,8800,2,D,ZP,AZ,D
14:16:22,ICBP,RG,8800,2,D,ZP,AZ,D
14:16:22,ICBP,RG,8800,1,D,PD,AZ,D
14:16:22,ICBP,RG,8800,1,D,YP,AZ,D
14:16:22,ICBP,RG,8800,3,D,DR,AZ,D
14:16:22,ICBP,RG,8800,1,D,XC,AZ,D
14:16:22,ICBP,RG,8800,5,D,AO,AZ,D
14:16:22,ICBP,RG,8800,2,D,YP,AZ,D
14:16:22,ICBP,RG,8800,5,D,GR,AZ,D
14:16:22,ICBP,RG,8800,20,D,XC,AZ,D
14:16:22,ICBP,RG,8800,10,D,NI,AZ,D
14:16:22,ICBP,RG,8800,1,D,PD,AZ,D
14:16:22,ICBP,RG,8800,50,D,YP,AZ,D
14:16:22,ICBP,RG,8800,1,D,PD,AZ,D
14:16:22,ICBP,RG,8800,1,D,YP,AZ,D
14:16:22,ICBP,RG,8800,8,D,EP,AZ,D
14:16:22,ICBP,RG,8800,6,D,PD,AZ,D
14:16:22,ICBP,RG,8800,1,D,YP,AZ,D
14:16:22,ICBP,RG,8800,11,D,SQ,AZ,D
14:16:22,ICBP,RG,8800,1,D,XC,AZ,D
14:16:22,ICBP,RG,8800,5,D,SQ,AZ,D
14:16:22,ICBP,RG,8800,2,D,NI,AZ,D
14:16:22,ICBP,RG,8800,1,D,PD,AZ,D
14:16:22,ICBP,RG,8800,5,D,YP,AZ,D
14:16:22,ICBP,RG,8800,2,D,LG,AZ,D
14:16:22,ICBP,RG,8800,1,D,SQ,AZ,D
14:16:22,ICBP,RG,8800,5,D,YP,AZ,D
14:16:22,ICBP,RG,8800,10,D,CC,AZ,D
14:16:22,ICBP,RG,8800,25,D,CP,AZ,D
14:16:22,ICBP,RG,8800,50,D,YP,AZ,D
14:16:22,ICBP,RG,8800,8,D,LG,AZ,D
14:16:19,ICBP,RG,8825,6,D,YP,AK,F
14:16:18,ICBP,RG,8825,30,D,YJ,AK,F
14:16:18,ICBP,RG,8800,12,D,LG,OD,D
14:16:18,ICBP,RG,8800,1,D,DR,OD,D
14:16:18,ICBP,RG,8800,42,D,YP,OD,D
14:16:18,ICBP,RG,8825,1,D,XL,AK,F
14:16:14,ICBP,RG,8825,39,F,BK,AK,F
14:16:12,ICBP,RG,8825,12,D,YP,AK,F
14:16:11,ICBP,RG,8800,35,D,YP,DX,F
14:16:00,ICBP,RG,8800,44,D,YP,YU,D
14:15:55,ICBP,RG,8800,42,D,YP,DX,F
14:15:49,ICBP,RG,8825,34,F,BK,AK,F
14:15:45,ICBP,RG,8825,40,F,BK,AK,F
14:15:43,ICBP,RG,8825,3,D,KK,AK,F
14:15:43,ICBP,RG,8800,229,D,YP,AK,F
14:15:42,ICBP,RG,8825,1,D,YP,AK,F
14:15:27,ICBP,RG,8800,42,D,YP,DX,F
14:15:27,ICBP,RG,8800,1,D,YP,PD,D
14:15:22,ICBP,RG,8800,2,D,YP,CC,D
14:15:19,ICBP,RG,8825,4,F,BK,AK,F
14:15:19,ICBP,RG,8825,12,F,BK,CC,D
14:15:16,ICBP,RG,8800,34,D,YP,OD,D
14:15:13,ICBP,RG,8825,2,D,KK,CC,D
14:14:59,ICBP,RG,8800,54,D,YP,DX,F
14:14:44,ICBP,RG,8800,2,D,YP,DR,D
14:14:26,ICBP,RG,8800,42,D,YP,DX,F
14:14:17,ICBP,RG,8825,31,F,BK,CC,D
14:14:16,ICBP,RG,8800,32,D,YP,OD,D
14:14:15,ICBP,RG,8800,10,D,YP,DR,D
14:14:09,ICBP,RG,8825,4,D,KK,CC,D
14:14:06,ICBP,RG,8800,3,D,YP,DR,D
14:14:05,ICBP,RG,8825,1,D,YP,CC,D
14:14:05,ICBP,RG,8825,8,D,YP,CC,D
14:13:59,ICBP,RG,8800,42,D,YP,DX,F
14:13:52,ICBP,RG,8800,30,D,YP,PD,D
14:13:51,ICBP,RG,8800,8,D,YP,DR,D
14:13:41,ICBP,RG,8825,1,D,OD,CC,D
14:13:31,ICBP,RG,8800,40,D,YP,DX,F
14:13:22,ICBP,RG,8825,1,D,PD,CC,D
14:13:14,ICBP,RG,8800,30,D,YP,OD,D
14:13:11,ICBP,RG,8825,2,D,XC,CC,D
14:13:09,ICBP,RG,8825,2,D,XC,CC,D
14:13:02,ICBP,RG,8825,43,F,BK,CC,D
14:13:01,ICBP,RG,8800,32,D,YP,DX,F
14:13:01,ICBP,RG,8800,10,D,YP,DX,F
14:12:36,ICBP,RG,8800,24,D,YP,DX,F
14:12:24,ICBP,RG,8825,1,D,SQ,CC,D
14:12:20,ICBP,RG,8825,46,F,BK,CC,D
14:12:19,ICBP,RG,8800,200,D,YP,PD,D
14:12:12,ICBP,RG,8800,36,D,YP,OD,D
14:12:00,ICBP,RG,8800,67,D,YP,YU,D
14:11:54,ICBP,RG,8825,32,F,BK,CC,D
14:11:54,ICBP,RG,8825,51,D,YP,CC,D
14:11:54,ICBP,RG,8825,8,D,YP,DR,D
14:11:54,ICBP,RG,8825,1,D,YP,OD,D
14:11:54,ICBP,RG,8825,10,D,YP,YU,D
14:11:50,ICBP,RG,8825,1,D,AT,CS,D
14:11:50,ICBP,RG,8825,1,D,AT,DR,D
14:11:40,ICBP,RG,8800,271,D,YP,PD,D
14:11:37,ICBP,RG,8825,4,D,YP,DR,D
14:11:35,ICBP,RG,8800,139,D,YP,OD,D
14:11:20,ICBP,RG,8825,1,D,XC,DR,D
14:11:12,ICBP,RG,8800,34,D,YP,OD,D
14:11:11,ICBP,RG,8825,28,D,YP,DR,D
14:11:11,ICBP,RG,8825,30,D,YP,DR,D
14:11:01,ICBP,RG,8825,1,D,YP,DR,D
14:10:53,ICBP,RG,8800,3,D,YP,NI,D
14:10:50,ICBP,RG,8800,12,D,YP,AK,F
14:10:50,ICBP,RG,8800,2,D,XL,AK,F
14:10:50,ICBP,RG,8800,9,D,DH,AK,F
14:10:50,ICBP,RG,8800,2,D,CC,AK,F
14:10:50,ICBP,RG,8800,3,D,YP,AK,F
14:10:50,ICBP,RG,8800,2,D,XL,AK,F
14:10:50,ICBP,RG,8800,10,D,CC,AK,F
14:10:50,ICBP,RG,8800,3,D,LG,AK,F
14:10:50,ICBP,RG,8800,3,D,XA,AK,F
14:10:50,ICBP,RG,8800,5,D,LG,AK,F
14:10:50,ICBP,RG,8800,20,D,IP,AK,F
14:10:50,ICBP,RG,8800,25,D,AG,AK,F
14:10:50,ICBP,RG,8800,1,D,YP,AK,F
14:10:50,ICBP,RG,8800,80,D,YP,AK,F
14:10:50,ICBP,RG,8800,10,D,OD,AK,F
14:10:50,ICBP,RG,8800,5,D,KK,AK,F
14:10:50,ICBP,RG,8800,1,D,SQ,AK,F
14:10:50,ICBP,RG,8800,10,D,SQ,AK,F
14:10:50,ICBP,RG,8800,1,D,SQ,AK,F
14:10:50,ICBP,RG,8800,1,D,PD,AK,F
14:10:50,ICBP,RG,8800,3,D,GR,AK,F
14:10:50,ICBP,RG,8800,100,D,SQ,AK,F
14:10:50,ICBP,RG,8800,1,D,YU,AK,F
14:10:50,ICBP,RG,8800,1,D,DH,AK,F
14:10:50,ICBP,RG,8800,5,D,ZP,AK,F
14:10:50,ICBP,RG,8800,7,D,KK,AK,F
14:10:50,ICBP,RG,8800,1,D,KK,AK,F
14:10:50,ICBP,RG,8800,2,D,PD,AK,F
14:10:50,ICBP,RG,8800,1,D,PD,AK,F
14:10:50,ICBP,RG,8800,1,D,XC,AK,F
14:10:50,ICBP,RG,8800,10,D,SQ,AK,F
14:10:50,ICBP,RG,8800,1,D,PD,AK,F
14:10:50,ICBP,RG,8800,1,D,YP,AK,F
14:10:50,ICBP,RG,8800,9,D,PD,AK,F
14:10:50,ICBP,RG,8800,8,D,ZP,AK,F
14:10:50,ICBP,RG,8800,1,D,DR,AK,F
14:10:50,ICBP,RG,8800,2,D,YB,AK,F
14:10:50,ICBP,RG,8800,36,D,YP,AK,F
14:10:33,ICBP,RG,8800,29,D,YP,AK,D
14:10:27,ICBP,RG,8800,2,D,YP,NI,D
14:10:25,ICBP,RG,8825,1,D,PD,DR,D
14:10:18,ICBP,RG,8825,4,D,PD,DR,D
14:10:12,ICBP,RG,8800,33,D,YP,OD,D
14:10:12,ICBP,RG,8800,1,D,ID,OD,D
14:10:08,ICBP,RG,8800,1,D,ID,DR,D
14:10:08,ICBP,RG,8800,1,D,XC,DR,D
14:10:06,ICBP,RG,8825,10,D,PD,DR,D
14:10:04,ICBP,RG,8825,1,D,XC,DR,D
14:10:03,ICBP,RG,8825,2,D,CC,DR,D
14:09:57,ICBP,RG,8825,1,D,XL,DR,D
14:09:50,ICBP,RG,8825,2,D,NI,DR,D
14:09:47,ICBP,RG,8800,4,D,XC,DR,D
14:09:47,ICBP,RG,8800,2,D,PD,DR,D
14:09:47,ICBP,RG,8800,2,D,YP,DR,D
14:09:47,ICBP,RG,8800,10,D,YP,DR,D
14:09:31,ICBP,RG,8825,2,D,XC,DR,D
14:09:26,ICBP,RG,8800,1,D,YP,PD,D
14:09:23,ICBP,RG,8825,7,D,NI,DR,D
14:09:23,ICBP,RG,8825,2,D,NI,BB,D
14:09:18,ICBP,RG,8800,5,D,YP,EP,D
14:09:12,ICBP,RG,8800,34,D,YP,OD,D
14:09:12,ICBP,RG,8800,5,D,YP,YP,D
14:09:12,ICBP,RG,8800,1,D,YP,XL,D
14:09:11,ICBP,RG,8800,7,D,YP,PD,D
14:09:11,ICBP,RG,8800,135,D,YP,CC,D
14:09:11,ICBP,RG,8800,1,D,YP,CC,D
14:09:11,ICBP,RG,8800,2,D,YU,CC,D
14:09:09,ICBP,RG,8825,3,D,YP,BB,D
14:08:59,ICBP,RG,8825,1,D,XC,BB,D
14:08:47,ICBP,RG,8825,2,D,PD,BB,D
14:08:43,ICBP,RG,8825,5,D,PD,BB,D
14:08:42,ICBP,RG,8825,5,F,CS,BB,D
14:08:39,ICBP,RG,8825,3,F,AK,CS,D
14:08:39,ICBP,RG,8825,31,F,AK,AZ,D
14:08:39,ICBP,RG,8825,8,F,CS,AZ,D
14:08:39,ICBP,RG,8825,10,F,CC,AZ,D
14:08:39,ICBP,RG,8825,5,F,CS,AZ,D
14:08:39,ICBP,RG,8825,4,F,AK,AZ,D
14:08:39,ICBP,RG,8825,3,D,NI,AZ,D
14:08:39,ICBP,RG,8825,8,D,YP,AZ,D
14:08:37,ICBP,RG,8825,1,D,YP,CS,D
14:08:37,ICBP,RG,8825,1,D,YP,PP,D
14:08:37,ICBP,RG,8825,1,D,XC,PP,D
14:08:37,ICBP,RG,8825,5,D,CC,PP,D
14:08:37,ICBP,RG,8825,10,D,PD,PP,D
14:08:37,ICBP,RG,8825,5,D,XC,PP,D
14:08:37,ICBP,RG,8825,1,D,XL,PP,D
14:08:37,ICBP,RG,8825,1,D,XC,PP,D
14:08:37,ICBP,RG,8825,1,D,XC,PP,D
14:08:37,ICBP,RG,8825,2,D,XC,PP,D
14:08:37,ICBP,RG,8825,5,D,YP,PP,D
14:08:37,ICBP,RG,8825,143,F,BK,PP,D
14:08:37,ICBP,RG,8825,1,D,XC,PP,D
14:08:37,ICBP,RG,8825,23,D,XC,PP,D
14:08:37,ICBP,RG,8825,12,D,PD,PP,D
14:08:37,ICBP,RG,8825,3,D,XL,PP,D
14:08:37,ICBP,RG,8825,2,D,XC,PP,D
14:08:37,ICBP,RG,8825,1,D,KK,PP,D
14:08:37,ICBP,RG,8825,1,D,KK,PP,D
14:08:37,ICBP,RG,8825,2,D,DR,PP,D
14:08:37,ICBP,RG,8825,5,D,EP,PP,D
14:08:37,ICBP,RG,8825,25,F,CS,PP,D
14:08:28,ICBP,RG,8825,32,F,CS,BQ,D
14:08:23,ICBP,RG,8825,208,F,CS,AZ,D
14:08:23,ICBP,RG,8825,10,D,KK,AZ,D
14:08:23,ICBP,RG,8825,58,F,ZP,AZ,D
14:08:23,ICBP,RG,8825,2,D,YP,AZ,D
14:08:23,ICBP,RG,8825,60,D,PD,AZ,D
14:08:23,ICBP,RG,8825,3,D,YB,AZ,D
14:08:23,ICBP,RG,8825,2,D,XC,AZ,D
14:08:23,ICBP,RG,8825,5,F,CS,AZ,D
14:08:23,ICBP,RG,8825,1,D,HP,AZ,D
14:08:23,ICBP,RG,8825,1,D,AT,AZ,D
14:08:23,ICBP,RG,8825,30,D,XA,AZ,D
14:08:23,ICBP,RG,8825,1,D,NI,AZ,D
14:08:23,ICBP,RG,8825,2,D,XC,AZ,D
14:08:23,ICBP,RG,8825,30,D,XA,AZ,D
14:08:23,ICBP,RG,8825,10,D,AF,AZ,D
14:08:23,ICBP,RG,8825,10,D,SQ,AZ,D
14:08:23,ICBP,RG,8825,2,D,KK,AZ,D
14:08:23,ICBP,RG,8825,5,D,GR,AZ,D
14:08:23,ICBP,RG,8825,50,D,XA,AZ,D
14:08:23,ICBP,RG,8825,1,D,YU,AZ,D
14:08:23,ICBP,RG,8825,1,D,SQ,AZ,D
14:08:23,ICBP,RG,8825,8,D,XA,AZ,D
14:08:19,ICBP,RG,8825,32,D,XA,PD,D
14:08:19,ICBP,RG,8825,3,F,CC,PD,D
14:08:19,ICBP,RG,8825,1,D,CC,PD,D
14:08:19,ICBP,RG,8825,40,D,XA,PD,D
14:08:19,ICBP,RG,8825,2,D,KK,PD,D
14:08:19,ICBP,RG,8825,2,D,PD,PD,D
14:08:19,ICBP,RG,8825,20,D,PD,PD,D
14:08:19,ICBP,RG,8825,5,D,YP,PD,D
14:08:19,ICBP,RG,8825,25,D,SQ,PD,D
14:08:19,ICBP,RG,8825,1,D,XC,PD,D
14:08:19,ICBP,RG,8825,10,D,LG,PD,D
14:08:19,ICBP,RG,8825,5,F,CS,PD,D
14:08:19,ICBP,RG,8825,1,D,PD,PD,D
14:08:19,ICBP,RG,8825,1,F,AK,PD,D
14:08:19,ICBP,RG,8825,1,D,XC,PD,D
14:08:19,ICBP,RG,8825,3,D,SQ,PD,D
14:08:19,ICBP,RG,8825,5,D,DR,PD,D
14:08:19,ICBP,RG,8825,20,D,XA,PD,D
14:08:19,ICBP,RG,8825,5,D,YP,PD,D
14:08:19,ICBP,RG,8825,20,D,XA,PD,D
14:08:19,ICBP,RG,8825,1,D,PD,PD,D
14:08:19,ICBP,RG,8825,10,D,KK,PD,D
14:08:19,ICBP,RG,8825,2,D,KK,PD,D
14:08:19,ICBP,RG,8825,10,D,DH,PD,D
14:08:19,ICBP,RG,8825,2,D,XC,PD,D
14:08:19,ICBP,RG,8825,10,D,KK,PD,D
14:08:19,ICBP,RG,8825,1,D,YP,PD,D
14:08:19,ICBP,RG,8825,23,F,AK,PD,D
14:08:19,ICBP,RG,8825,1,F,AK,PD,D
14:08:19,ICBP,RG,8825,2,D,KK,PD,D
14:08:19,ICBP,RG,8825,1,D,XC,PD,D
14:08:19,ICBP,RG,8825,2,D,KK,PD,D
14:08:19,ICBP,RG,8825,5,D,XL,PD,D
14:08:19,ICBP,RG,8825,3,F,CS,PD,D
14:08:19,ICBP,RG,8825,176,D,SQ,PD,D
14:08:10,ICBP,RG,8825,24,D,SQ,OD,D
14:08:10,ICBP,RG,8825,5,D,KK,OD,D
14:08:10,ICBP,RG,8825,2,D,PD,OD,D
14:08:10,ICBP,RG,8825,4,D,YU,OD,D
14:07:08,ICBP,RG,8825,6,D,YU,OD,D
14:07:08,ICBP,RG,8825,5,D,DR,OD,D
14:07:08,ICBP,RG,8825,4,D,XC,OD,D
14:07:08,ICBP,RG,8825,1,D,PD,OD,D
14:07:08,ICBP,RG,8825,5,D,NI,OD,D
14:07:08,ICBP,RG,8825,1,D,YP,OD,D
14:07:08,ICBP,RG,8825,2,D,PD,OD,D
14:07:08,ICBP,RG,8825,5,D,NI,OD,D
14:07:00,ICBP,RG,8825,39,D,NI,YU,D
14:06:59,ICBP,RG,8825,56,D,NI,CC,D
14:06:59,ICBP,RG,8825,2,D,XC,CC,D
14:06:59,ICBP,RG,8825,11,D,NI,CC,D
14:06:59,ICBP,RG,8825,10,D,SQ,CC,D
14:06:59,ICBP,RG,8825,121,F,BK,CC,D
14:06:57,ICBP,RG,8825,5,F,BK,CS,D
14:06:57,ICBP,RG,8825,1,F,BK,CS,D
14:06:57,ICBP,RG,8825,178,F,BK,CC,D
14:06:57,ICBP,RG,8825,1,D,XC,CC,D
14:06:57,ICBP,RG,8825,21,D,CC,CC,D
14:06:47,ICBP,RG,8825,4,D,CC,NI,D
14:06:38,ICBP,RG,8850,1,D,YP,AZ,D
14:06:10,ICBP,RG,8825,25,D,CC,OD,D
14:06:10,ICBP,RG,8825,1,D,XC,OD,D
14:06:10,ICBP,RG,8825,11,F,CS,OD,D
14:06:00,ICBP,RG,8825,206,F,CS,AK,F
14:05:44,ICBP,RG,8850,27,F,CS,AZ,D
14:05:44,ICBP,RG,8825,71,F,CS,OD,D
14:05:44,ICBP,RG,8825,121,F,ZP,OD,D
14:05:44,ICBP,RG,8825,1,D,XC,OD,D
14:05:44,ICBP,RG,8825,1,D,PD,OD,D
14:05:44,ICBP,RG,8825,7,D,XC,OD,D
14:05:44,ICBP,RG,8825,64,D,NI,OD,D
14:05:44,ICBP,RG,8825,14,D,PD,OD,D
14:05:43,ICBP,RG,8850,2,F,CS,AZ,D
14:05:43,ICBP,RG,8825,20,D,PD,KK,D
14:05:25,ICBP,RG,8850,2,D,YB,AZ,D
14:05:21,ICBP,RG,8850,3,F,CS,AZ,D
14:05:21,ICBP,RG,8825,16,D,PD,IF,D
14:05:21,ICBP,RG,8825,9,D,PD,IF,D
14:05:16,ICBP,RG,8850,4,D,CC,AZ,D
14:05:08,ICBP,RG,8850,3,F,CS,AZ,D
14:05:08,ICBP,RG,8825,1,D,PD,OD,D
14:05:08,ICBP,RG,8825,10,D,KK,OD,D
14:05:08,ICBP,RG,8825,1,D,PD,OD,D
14:05:08,ICBP,RG,8825,20,D,YP,OD,D
14:05:05,ICBP,RG,8850,1,F,CS,AZ,D
14:05:05,ICBP,RG,8850,5,D,YP,AZ,D
14:04:12,ICBP,RG,8850,5,D,XC,AZ,D
14:04:08,ICBP,RG,8850,3,F,CS,AZ,D
14:04:08,ICBP,RG,8825,10,D,YP,OD,D
14:04:08,ICBP,RG,8825,1,D,PD,OD,D
14:04:08,ICBP,RG,8825,1,D,PD,OD,D
14:04:08,ICBP,RG,8825,1,D,XC,OD,D
14:04:08,ICBP,RG,8825,18,D,YP,OD,D
14:03:25,ICBP,RG,8850,3,F,CS,AZ,D
14:03:25,ICBP,RG,8850,28,D,DR,AZ,D
14:03:08,ICBP,RG,8850,3,F,CS,AZ,D
14:03:08,ICBP,RG,8825,7,D,YP,OD,D
14:03:08,ICBP,RG,8825,26,F,BK,OD,D
14:03:05,ICBP,RG,8850,1,D,KK,AZ,D
14:02:52,ICBP,RG,8850,1,F,CS,AZ,D
14:02:52,ICBP,RG,8850,2,F,CS,AZ,D
14:02:52,ICBP,RG,8850,25,D,XL,AZ,D
14:02:48,ICBP,RG,8825,1,F,BK,YP,D
14:02:46,ICBP,RG,8850,1,D,PD,AZ,D
14:02:37,ICBP,RG,8850,1,D,XC,AZ,D
14:02:30,ICBP,RG,8825,2,F,BK,XC,D
14:02:30,ICBP,RG,8850,5,F,CS,AZ,D
14:02:30,ICBP,RG,8825,224,F,BK,AK,F
14:02:26,ICBP,RG,8825,10,F,BK,NI,D
14:02:20,ICBP,RG,8850,22,F,BK,AZ,D
14:02:11,ICBP,RG,8850,111,F,BK,AZ,D
14:02:10,ICBP,RG,8825,199,F,BK,DX,D
14:02:10,ICBP,RG,8825,15,D,SQ,DX,D
14:02:10,ICBP,RG,8825,1,D,AT,DX,D
14:02:10,ICBP,RG,8825,5,D,PD,DX,D
14:02:10,ICBP,RG,8825,3,D,PD,DX,D
14:02:10,ICBP,RG,8825,2,D,PD,DX,D
14:02:10,ICBP,RG,8825,25,D,YP,DX,D
14:02:10,ICBP,RG,8825,2,D,YP,DX,D
14:02:10,ICBP,RG,8825,20,D,YP,DX,D
14:02:10,ICBP,RG,8825,1,D,XC,DX,D
14:02:10,ICBP,RG,8825,5,D,NI,DX,D
14:02:10,ICBP,RG,8825,5,D,LG,DX,D
14:02:10,ICBP,RG,8825,37,D,PD,DX,D
14:02:10,ICBP,RG,8825,63,D,PD,DX,D
14:02:10,ICBP,RG,8825,1,D,XC,DX,D
14:02:10,ICBP,RG,8825,6,D,XL,DX,D
14:02:10,ICBP,RG,8825,2,D,YP,DX,D
14:02:10,ICBP,RG,8825,1,D,CC,DX,D
14:02:10,ICBP,RG,8825,20,D,YP,DX,D
14:02:10,ICBP,RG,8825,1,D,YP,DX,D
14:02:10,ICBP,RG,8825,5,D,XC,DX,D
14:02:10,ICBP,RG,8825,2,D,LG,DX,D
14:02:10,ICBP,RG,8825,10,D,CC,DX,D
14:02:10,ICBP,RG,8825,1,D,YP,DX,D
14:02:10,ICBP,RG,8825,1,D,YP,DX,D
14:02:10,ICBP,RG,8825,35,D,YP,DX,D
14:02:10,ICBP,RG,8825,5,D,PD,DX,D
14:02:10,ICBP,RG,8825,2,D,PD,DX,D
14:02:10,ICBP,RG,8825,1,D,PD,DX,D
14:02:10,ICBP,RG,8825,10,D,EP,DX,D
14:02:10,ICBP,RG,8825,1,D,YP,DX,D
14:02:10,ICBP,RG,8825,5,D,DR,DX,D
14:02:10,ICBP,RG,8825,1,D,PD,DX,D
14:02:10,ICBP,RG,8825,10,D,KK,DX,D
14:02:10,ICBP,RG,8825,1,D,OD,DX,D
14:02:10,ICBP,RG,8825,2,D,XL,DX,D
14:02:10,ICBP,RG,8825,2,D,YP,DX,D
14:02:10,ICBP,RG,8825,1,D,CC,DX,D
14:02:10,ICBP,RG,8825,5,D,XC,DX,D
14:02:10,ICBP,RG,8825,1,D,CC,DX,D
14:02:10,ICBP,RG,8825,1,D,PD,DX,D
14:02:10,ICBP,RG,8825,6,D,NI,DX,D
14:02:10,ICBP,RG,8825,100,D,YP,DX,D
14:02:10,ICBP,RG,8825,3,D,DX,DX,D
14:02:10,ICBP,RG,8825,1,D,GR,DX,D
14:02:10,ICBP,RG,8825,1,D,YP,DX,D
14:02:10,ICBP,RG,8825,1,D,XC,DX,D
14:02:10,ICBP,RG,8825,1,D,PD,DX,D
14:02:10,ICBP,RG,8825,1,D,KK,DX,D
14:02:10,ICBP,RG,8825,2,D,XC,DX,D
14:02:10,ICBP,RG,8825,1,D,PD,DX,D
14:02:10,ICBP,RG,8825,600,D,IF,DX,D
14:02:10,ICBP,RG,8825,487,D,IF,DX,D
14:02:06,ICBP,RG,8825,33,D,IF,OD,D
14:02:00,ICBP,RG,8825,37,D,IF,YU,D
14:01:44,ICBP,RG,8850,1,D,KK,AZ,D
14:01:33,ICBP,RG,8850,5,D,XL,AZ,D
14:01:28,ICBP,RG,8825,1,D,IF,XC,D
14:01:18,ICBP,RG,8825,1,D,IF,XL,D
14:01:17,ICBP,RG,8850,1,D,PD,AZ,D
14:01:08,ICBP,RG,8825,33,D,IF,OD,D
14:00:52,ICBP,RG,8850,10,D,YP,AZ,D
14:00:48,ICBP,RG,8850,22,F,BK,AZ,D
14:00:46,ICBP,RG,8850,3,D,XL,AZ,D
14:00:45,ICBP,RG,8850,28,F,BK,AZ,D
14:00:45,ICBP,RG,8825,209,D,IF,AK,F
14:00:38,ICBP,RG,8825,2,D,IF,PD,D
14:00:22,ICBP,RG,8850,24,F,BK,AZ,D
14:00:19,ICBP,RG,8850,62,F,BK,AZ,D
14:00:18,ICBP,RG,8825,197,D,IF,PD,D
14:00:18,ICBP,RG,8825,2,D,XL,PD,D
14:00:18,ICBP,RG,8825,2,D,NI,PD,D
14:00:18,ICBP,RG,8825,10,D,KK,PD,D
14:00:18,ICBP,RG,8825,50,D,XL,PD,D
14:00:18,ICBP,RG,8825,30,D,XA,PD,D
14:00:18,ICBP,RG,8825,30,D,XA,PD,D
14:00:18,ICBP,RG,8825,1,D,DR,PD,D
14:00:18,ICBP,RG,8825,1,D,SQ,PD,D
14:00:18,ICBP,RG,8825,20,D,XA,PD,D
14:00:18,ICBP,RG,8825,5,D,LG,PD,D
14:00:18,ICBP,RG,8825,5,D,PD,PD,D
14:00:18,ICBP,RG,8825,1,D,PD,PD,D
14:00:18,ICBP,RG,8825,36,D,YP,PD,D
14:00:10,ICBP,RG,8825,10,D,YP,OD,D
14:00:10,ICBP,RG,8825,20,D,YP,OD,D
14:00:10,ICBP,RG,8825,1,D,YP,OD,D
14:00:10,ICBP,RG,8825,1,D,YP,OD,D
14:00:10,ICBP,RG,8825,1,D,XC,OD,D
14:00:10,ICBP,RG,8825,1,D,EP,OD,D
14:00:03,ICBP,RG,8850,1,D,XC,AZ,D
13:59:31,ICBP,RG,8850,1,D,CC,AZ,D
13:59:21,ICBP,RG,8850,14,F,BK,AZ,D
13:59:21,ICBP,RG,8850,10,F,BK,DX,F
13:59:18,ICBP,RG,8850,33,F,BK,DX,F
13:59:15,ICBP,RG,8825,5,D,CC,AK,F
13:59:15,ICBP,RG,8825,5,D,CC,AK,F
13:59:15,ICBP,RG,8825,1,D,NI,AK,F
13:59:15,ICBP,RG,8825,20,D,CC,AK,F
13:59:15,ICBP,RG,8825,1,D,DR,AK,F
13:59:15,ICBP,RG,8825,1,D,XL,AK,F
13:59:15,ICBP,RG,8825,2,D,PD,AK,F
13:59:15,ICBP,RG,8825,1,D,DR,AK,F
13:59:15,ICBP,RG,8825,3,D,YP,AK,F
13:59:15,ICBP,RG,8825,5,D,YP,AK,F
13:59:15,ICBP,RG,8825,5,D,ZP,AK,F
13:59:15,ICBP,RG,8825,5,D,NI,AK,F
13:59:15,ICBP,RG,8825,1,D,YP,AK,F
13:59:15,ICBP,RG,8825,10,D,SS,AK,F
13:59:15,ICBP,RG,8825,1,D,KK,AK,F
13:59:15,ICBP,RG,8825,5,D,PD,AK,F
13:59:15,ICBP,RG,8825,2,D,YP,AK,F
13:59:15,ICBP,RG,8825,50,D,IT,AK,F
13:59:15,ICBP,RG,8825,1,D,XC,AK,F
13:59:15,ICBP,RG,8825,5,D,YP,AK,F
13:59:15,ICBP,RG,8825,64,D,YP,AK,F
13:59:12,ICBP,RG,8850,1,D,PD,DX,F
13:59:10,ICBP,RG,8825,33,D,YP,OD,D
13:59:03,ICBP,RG,8825,3,D,YP,CC,D
13:59:03,ICBP,RG,8825,20,D,YP,CC,D
13:59:03,ICBP,RG,8825,1,D,SQ,CC,D
13:59:03,ICBP,RG,8825,5,D,YP,CC,D
13:59:03,ICBP,RG,8825,3,F,KK,CC,D
13:59:03,ICBP,RG,8825,5,D,YP,CC,D
13:59:03,ICBP,RG,8825,1,D,PD,CC,D
13:59:03,ICBP,RG,8825,1,D,PD,CC,D
13:59:03,ICBP,RG,8825,1,D,CC,CC,D
13:58:44,ICBP,RG,8850,1,D,PD,DX,F
13:58:35,ICBP,RG,8850,1,D,PD,DX,F
13:58:34,ICBP,RG,8850,5,D,XL,DX,F
13:58:14,ICBP,RG,8850,24,F,BK,DX,F
13:58:12,ICBP,RG,8825,4,D,CC,OD,D
13:58:12,ICBP,RG,8825,10,D,YP,OD,D
13:58:12,ICBP,RG,8825,1,D,PD,OD,D
13:58:12,ICBP,RG,8825,3,D,PD,OD,D
13:58:12,ICBP,RG,8825,12,D,YP,OD,D
13:58:12,ICBP,RG,8825,5,D,XA,OD,D
13:57:57,ICBP,RG,8850,31,F,BK,DX,F
13:57:53,ICBP,RG,8850,178,F,BK,DX,F
13:57:52,ICBP,RG,8850,349,F,KZ,DX,F
13:57:51,ICBP,RG,8850,14,F,KZ,DX,F
13:57:51,ICBP,RG,8850,5,F,KZ,DX,F
13:57:51,ICBP,RG,8850,11,F,KZ,DX,F
13:57:51,ICBP,RG,8850,19,F,KZ,DX,F
13:57:51,ICBP,RG,8850,175,F,KZ,DX,F
13:57:51,ICBP,RG,8850,14,F,KZ,DX,F
13:57:51,ICBP,RG,8850,11,F,KZ,DX,F
13:57:51,ICBP,RG,8850,100,F,KZ,DX,F
13:57:51,ICBP,RG,8850,24,F,KZ,DX,F
13:57:51,ICBP,RG,8850,6,F,KZ,DX,F
13:57:51,ICBP,RG,8850,3,F,KZ,DX,F
13:57:51,ICBP,RG,8850,33,F,KZ,DX,F
13:57:51,ICBP,RG,8850,1,F,KZ,DX,F
13:57:51,ICBP,RG,8850,1,F,KZ,DX,F
13:57:51,ICBP,RG,8850,2,F,KZ,DX,F
13:57:51,ICBP,RG,8850,10,F,KZ,DX,F
13:57:51,ICBP,RG,8850,214,F,KZ,DX,F
13:57:51,ICBP,RG,8850,6,F,KZ,AK,D
13:57:51,ICBP,RG,8850,6,F,KZ,AK,D
13:57:51,ICBP,RG,8850,10,F,KZ,DR,D
13:57:40,ICBP,RG,8850,13,F,BK,DR,D
13:57:38,ICBP,RG,8825,24,F,KZ,DX,F
13:57:38,ICBP,RG,8825,1,D,YP,DX,F
13:57:38,ICBP,RG,8825,1,D,YP,DX,F
13:57:38,ICBP,RG,8825,1,D,SQ,DX,F
13:57:38,ICBP,RG,8825,1,D,XC,DX,F
13:57:38,ICBP,RG,8825,12,D,CC,DX,F
13:57:36,ICBP,RG,8850,25,D,SQ,DR,D
13:57:35,ICBP,RG,8850,10,F,BK,DR,D
13:57:35,ICBP,RG,8850,1,F,BK,DR,D
13:57:30,ICBP,RG,8850,34,F,BK,DR,D
13:57:30,ICBP,RG,8825,8,D,CC,AK,F
13:57:30,ICBP,RG,8825,1,D,YP,AK,F
13:57:30,ICBP,RG,8825,100,D,PD,AK,F
13:57:30,ICBP,RG,8825,5,D,XC,AK,F
13:57:30,ICBP,RG,8825,2,D,AZ,AK,F
13:57:30,ICBP,RG,8825,3,D,KK,AK,F
13:57:30,ICBP,RG,8825,1,D,PD,AK,F
13:57:30,ICBP,RG,8825,1,D,PD,AK,F
13:57:30,ICBP,RG,8825,10,D,TP,AK,F
13:57:30,ICBP,RG,8825,5,D,YP,AK,F
13:57:30,ICBP,RG,8825,1,D,YP,AK,F
13:57:30,ICBP,RG,8825,1,D,XC,AK,F
13:57:30,ICBP,RG,8825,20,D,CC,AK,F
13:57:30,ICBP,RG,8825,61,D,XC,AK,F
13:57:29,ICBP,RG,8850,1,D,PD,DR,D
13:57:17,ICBP,RG,8850,16,F,BK,DR,D
13:57:13,ICBP,RG,8850,30,F,BK,DR,D
13:57:13,ICBP,RG,8850,6,F,BK,YU,D
13:57:12,ICBP,RG,8825,31,D,XC,OD,D
13:57:10,ICBP,RG,8825,36,D,XC,PD,D
13:57:10,ICBP,RG,8825,1,D,PD,PD,D
13:57:10,ICBP,RG,8825,5,D,DH,PD,D
13:57:10,ICBP,RG,8825,2,D,PD,PD,D
13:57:10,ICBP,RG,8825,1,D,YP,PD,D
13:57:10,ICBP,RG,8825,30,D,KK,PD,D
13:57:10,ICBP,RG,8825,5,D,EP,PD,D
13:57:10,ICBP,RG,8825,1,D,CC,PD,D
13:57:10,ICBP,RG,8825,1,D,XC,PD,D
13:57:10,ICBP,RG,8825,1,D,PD,PD,D
13:57:10,ICBP,RG,8825,37,D,YP,PD,D
13:57:10,ICBP,RG,8825,3,D,NI,PD,D
13:57:10,ICBP,RG,8825,3,D,PD,PD,D
13:57:10,ICBP,RG,8825,1,D,LG,PD,D
13:57:10,ICBP,RG,8825,1,D,YP,PD,D
13:57:10,ICBP,RG,8825,1,D,PD,PD,D
13:57:10,ICBP,RG,8825,4,D,DR,PD,D
13:57:10,ICBP,RG,8825,5,D,CC,PD,D
13:57:10,ICBP,RG,8825,3,D,PD,PD,D
13:57:10,ICBP,RG,8825,5,D,PD,PD,D
13:57:10,ICBP,RG,8825,5,D,PD,PD,D
13:57:10,ICBP,RG,8825,2,D,PD,PD,D
13:57:10,ICBP,RG,8825,1,D,XC,PD,D
13:57:10,ICBP,RG,8825,46,D,CC,PD,D
13:57:10,ICBP,RG,8850,1,D,PD,YU,D
13:57:07,ICBP,RG,8825,14,D,CC,DX,F
13:57:07,ICBP,RG,8825,10,D,YP,DX,F
13:57:07,ICBP,RG,8825,1,D,YP,DX,F
13:57:07,ICBP,RG,8825,1,D,KK,DX,F
13:57:07,ICBP,RG,8825,1,D,KK,DX,F
13:57:07,ICBP,RG,8825,2,D,LG,DX,F
13:57:07,ICBP,RG,8825,2,D,YP,DX,F
13:57:07,ICBP,RG,8825,2,D,CC,DX,F
13:57:07,ICBP,RG,8825,1,D,YP,DX,F
13:57:07,ICBP,RG,8825,1,D,AZ,DX,F
13:57:07,ICBP,RG,8825,1,D,CC,DX,F
13:57:00,ICBP,RG,8825,2,D,CC,DR,D
13:56:41,ICBP,RG,8825,2,D,CC,DR,D
13:56:33,ICBP,RG,8850,17,F,BK,YU,D
13:56:32,ICBP,RG,8825,5,D,CC,DX,F
13:56:32,ICBP,RG,8825,2,D,CC,DX,F
13:56:32,ICBP,RG,8825,2,D,YP,DX,F
13:56:32,ICBP,RG,8825,1,D,NI,DX,F
13:56:32,ICBP,RG,8825,1,D,CP,DX,F
13:56:32,ICBP,RG,8825,2,D,PD,DX,F
13:56:32,ICBP,RG,8825,14,D,YP,DX,F
13:56:26,ICBP,RG,8825,11,D,YP,DR,D
13:56:26,ICBP,RG,8850,1,D,KI,YU,D
13:56:26,ICBP,RG,8850,10,D,KI,YU,D
13:56:26,ICBP,RG,8850,18,D,KI,YU,D
13:56:26,ICBP,RG,8850,21,D,KI,BB,D
13:56:18,ICBP,RG,8850,5,F,BK,BB,D
13:56:18,ICBP,RG,8850,3,F,BK,CS,D
13:56:18,ICBP,RG,8850,1,F,BK,CS,D
13:56:18,ICBP,RG,8850,7,F,BK,DX,D
13:56:15,ICBP,RG,8825,1,D,YP,YP,D
13:56:15,ICBP,RG,8850,15,F,BK,DX,D
13:56:13,ICBP,RG,8825,4,D,YP,KK,D
13:56:13,ICBP,RG,8825,9,D,DR,KK,D
13:56:13,ICBP,RG,8825,1,D,XC,KK,D
13:56:13,ICBP,RG,8825,5,D,YP,KK,D
13:56:13,ICBP,RG,8825,5,D,GR,KK,D
13:56:13,ICBP,RG,8825,5,D,DR,KK,D
13:56:13,ICBP,RG,8825,1,D,GR,KK,D
13:56:13,ICBP,RG,8825,1,D,LG,KK,D
13:56:13,ICBP,RG,8825,1,D,XC,KK,D
13:56:13,ICBP,RG,8825,1,D,XC,KK,D
13:56:13,ICBP,RG,8825,1,D,PD,KK,D
13:56:13,ICBP,RG,8825,1,D,YP,KK,D
13:56:13,ICBP,RG,8825,15,D,TP,KK,D
13:56:12,ICBP,RG,8825,5,D,TP,OD,D
13:56:12,ICBP,RG,8825,1,D,YP,OD,D
13:56:12,ICBP,RG,8825,10,D,YP,OD,D
13:56:12,ICBP,RG,8825,1,D,YP,OD,D
13:56:12,ICBP,RG,8825,5,D,DH,OD,D
13:56:12,ICBP,RG,8825,2,D,YP,OD,D
13:56:12,ICBP,RG,8825,6,D,NI,OD,D
13:56:03,ICBP,RG,8825,11,D,NI,DX,F
13:56:03,ICBP,RG,8825,3,D,YP,DX,F
13:56:03,ICBP,RG,8825,2,D,KK,DX,F
13:56:03,ICBP,RG,8825,1,D,YP,DX,F
13:56:03,ICBP,RG,8825,1,D,XL,DX,F
13:56:03,ICBP,RG,8825,5,D,CD,DX,F
13:56:03,ICBP,RG,8825,1,D,PD,DX,F
13:56:03,ICBP,RG,8825,1,D,YP,DX,F
13:56:03,ICBP,RG,8825,2,D,XC,DX,F
13:56:03,ICBP,RG,8825,9,D,YP,DX,F
13:56:02,ICBP,RG,8850,1,D,XC,DX,D
13:55:56,ICBP,RG,8850,10,D,YP,DX,D
13:55:46,ICBP,RG,8850,2,D,SQ,DX,D
13:55:31,ICBP,RG,8850,13,F,BK,DX,D
13:55:29,ICBP,RG,8825,1,D,YP,DX,F
13:55:29,ICBP,RG,8825,10,D,YP,DX,F
13:55:29,ICBP,RG,8850,1,D,XC,DX,D
13:55:20,ICBP,RG,8825,10,D,YP,DX,F
13:55:20,ICBP,RG,8825,2,D,YP,DX,F
13:55:20,ICBP,RG,8825,16,D,DR,DX,F
13:55:15,ICBP,RG,8825,22,D,DR,KK,D
13:55:14,ICBP,RG,8825,1,D,DR,XL,D
13:55:14,ICBP,RG,8825,11,D,DR,YP,D
13:55:14,ICBP,RG,8825,11,D,YP,OD,D
13:55:14,ICBP,RG,8825,1,D,PD,OD,D
13:55:14,ICBP,RG,8825,3,D,CC,OD,D
13:55:14,ICBP,RG,8825,1,D,YP,OD,D
13:55:14,ICBP,RG,8825,1,D,YP,OD,D
13:55:14,ICBP,RG,8825,1,D,PD,OD,D
13:55:14,ICBP,RG,8825,15,D,CC,OD,D
13:55:01,ICBP,RG,8850,111,F,CS,DX,D
13:55:01,ICBP,RG,8850,171,F,CS,DX,D
13:55:01,ICBP,RG,8850,79,F,AK,DX,D
13:55:01,ICBP,RG,8850,151,F,KZ,DX,D
13:55:01,ICBP,RG,8850,34,F,ZP,DX,D
13:55:01,ICBP,RG,8850,252,F,CC,DX,D
13:55:01,ICBP,RG,8850,13,F,BK,DX,D
13:54:58,ICBP,RG,8850,28,F,BK,AZ,D
13:54:58,ICBP,RG,8850,264,F,CS,AZ,D
13:54:58,ICBP,RG,8850,4,F,AK,AZ,D
13:54:58,ICBP,RG,8850,1,D,YP,AZ,D
13:54:58,ICBP,RG,8850,2,F,CS,AZ,D
13:54:58,ICBP,RG,8850,26,F,KZ,AZ,D
13:54:58,ICBP,RG,8850,1,D,XC,AZ,D
13:54:58,ICBP,RG,8850,2,D,CC,AZ,D
13:54:58,ICBP,RG,8850,63,F,KZ,AZ,D
13:54:58,ICBP,RG,8850,10,D,KK,AZ,D
13:54:58,ICBP,RG,8850,5,D,LG,AZ,D
13:54:58,ICBP,RG,8850,1,D,XC,AZ,D
13:54:58,ICBP,RG,8850,3,F,CS,AZ,D
13:54:58,ICBP,RG,8850,90,D,DR,AZ,D
13:54:50,ICBP,RG,8850,160,D,DR,DX,D
13:54:50,ICBP,RG,8850,1,D,PD,DX,D
13:54:50,ICBP,RG,8850,2,D,YP,DX,D
13:54:50,ICBP,RG,8850,1,D,YP,DX,D
13:54:50,ICBP,RG,8850,1,D,PD,DX,D
13:54:50,ICBP,RG,8850,1,D,YP,DX,D
13:54:50,ICBP,RG,8850,1,D,GR,DX,D
13:54:50,ICBP,RG,8850,5,F,CC,DX,D
13:54:50,ICBP,RG,8850,1,D,YP,DX,D
13:54:50,ICBP,RG,8850,10,D,YP,DX,D
13:54:50,ICBP,RG,8850,6,F,CS,DX,D
13:54:50,ICBP,RG,8850,5,D,CC,DX,D
13:54:50,ICBP,RG,8850,1,F,KZ,DX,D
13:54:50,ICBP,RG,8850,5,D,PD,DX,D
13:54:50,ICBP,RG,8850,8,F,KZ,DX,D
13:54:50,ICBP,RG,8850,6,F,KZ,DX,D
13:54:50,ICBP,RG,8850,7,F,KZ,DX,D
13:54:50,ICBP,RG,8850,1,F,KZ,DX,D
13:54:50,ICBP,RG,8850,1,D,XC,DX,D
13:54:50,ICBP,RG,8850,3,F,BK,DX,D
13:54:50,ICBP,RG,8850,114,F,KZ,DX,D
13:54:50,ICBP,RG,8850,2,D,SQ,DX,D
13:54:50,ICBP,RG,8850,3,D,CC,DX,D
13:54:50,ICBP,RG,8850,1,D,PD,DX,D
13:54:50,ICBP,RG,8850,1,D,DH,DX,D
13:54:50,ICBP,RG,8850,1,D,AZ,DX,D
13:54:50,ICBP,RG,8850,1,D,PD,DX,D
13:54:50,ICBP,RG,8850,15,D,KK,DX,D
13:54:50,ICBP,RG,8850,1,D,YP,DX,D
13:54:50,ICBP,RG,8850,1,D,XC,DX,D
13:54:50,ICBP,RG,8850,30,D,YP,DX,D
13:54:50,ICBP,RG,8850,1,F,AK,DX,D
13:54:50,ICBP,RG,8850,1,D,YP,DX,D
13:54:50,ICBP,RG,8850,5,F,CS,DX,D
13:54:50,ICBP,RG,8850,2,D,XC,DX,D
13:54:50,ICBP,RG,8850,1,D,PD,DX,D
13:54:50,ICBP,RG,8850,1,D,YP,DX,D
13:54:50,ICBP,RG,8850,1,D,XC,DX,D
13:54:50,ICBP,RG,8850,23,F,ZP,DX,D
13:54:50,ICBP,RG,8850,4,D,XL,DX,D
13:54:50,ICBP,RG,8850,10,D,DR,DX,D
13:54:50,ICBP,RG,8850,1,D,CC,DX,D
13:54:50,ICBP,RG,8850,10,D,NI,DX,D
13:54:50,ICBP,RG,8850,24,F,KZ,DX,D
13:54:50,ICBP,RG,8850,1,F,AK,DX,D
13:54:50,ICBP,RG,8850,26,F,KZ,DX,D
13:54:50,ICBP,RG,8850,24,F,AK,DX,D
13:54:50,ICBP,RG,8850,213,F,ZP,DX,D
13:54:50,ICBP,RG,8850,1,D,XC,DX,D
13:54:50,ICBP,RG,8850,100,F,CS,DX,D
13:54:50,ICBP,RG,8850,100,F,CS,DX,D
13:54:50,ICBP,RG,8850,51,F,BK,DX,D
13:54:50,ICBP,RG,8850,100,D,LG,DX,D
13:54:50,ICBP,RG,8850,3,D,XA,DX,D
13:54:50,ICBP,RG,8850,1,D,YP,DX,D
13:54:50,ICBP,RG,8850,3,D,PD,DX,D
13:54:50,ICBP,RG,8850,10,D,KK,DX,D
13:54:50,ICBP,RG,8850,10,D,AZ,DX,D
13:54:50,ICBP,RG,8850,1,D,YP,DX,D
13:54:50,ICBP,RG,8850,1,D,SQ,DX,D
13:54:50,ICBP,RG,8850,2,D,PD,DX,D
13:54:50,ICBP,RG,8850,20,D,GR,DX,D
13:54:50,ICBP,RG,8850,1,F,KZ,DX,D
13:54:50,ICBP,RG,8850,1,D,XL,DX,D
13:54:50,ICBP,RG,8850,6,F,KZ,DX,D
13:54:50,ICBP,RG,8850,4,D,XL,DX,D
13:54:50,ICBP,RG,8850,219,F,KZ,DX,D
13:54:50,ICBP,RG,8850,669,F,BK,DX,D
13:54:50,ICBP,RG,8850,60,D,GR,DX,D
13:54:50,ICBP,RG,8850,6,F,KZ,DX,D
13:54:50,ICBP,RG,8850,1,D,YP,DX,D
13:54:50,ICBP,RG,8850,3,D,XL,DX,D
13:54:50,ICBP,RG,8850,298,F,KZ,DX,D
13:54:50,ICBP,RG,8850,1,D,XL,DX,D
13:54:50,ICBP,RG,8850,6,D,YP,DX,D
13:54:50,ICBP,RG,8850,5,D,YP,DX,D
13:54:50,ICBP,RG,8850,30,D,CC,DX,D
13:54:50,ICBP,RG,8850,3,D,CC,DX,D
13:54:50,ICBP,RG,8850,6,D,XC,DX,D
13:54:50,ICBP,RG,8850,1,D,XC,DX,D
13:54:50,ICBP,RG,8850,1,D,XC,DX,D
13:54:50,ICBP,RG,8850,1,D,XC,DX,D
13:54:50,ICBP,RG,8850,10,D,CC,DX,D
13:54:50,ICBP,RG,8850,10,D,CC,DX,D
13:54:50,ICBP,RG,8850,1,D,EP,DX,D
13:54:50,ICBP,RG,8850,1,D,EP,DX,D
13:54:50,ICBP,RG,8850,2,D,XC,DX,D
13:54:50,ICBP,RG,8850,1,D,XC,DX,D
13:54:50,ICBP,RG,8850,10,D,YP,DX,D
13:54:50,ICBP,RG,8850,1,D,YP,DX,D
13:54:50,ICBP,RG,8850,1,D,YP,DX,D
13:54:50,ICBP,RG,8850,2,D,ZP,DX,D
13:54:50,ICBP,RG,8850,1,D,PD,DX,D
13:54:50,ICBP,RG,8850,1,D,PD,DX,D
13:54:50,ICBP,RG,8850,2,D,PD,DX,D
13:54:50,ICBP,RG,8850,35,D,PD,DX,D
13:54:50,ICBP,RG,8850,10,D,PD,DX,D
13:54:50,ICBP,RG,8850,1,D,PD,DX,D
13:54:50,ICBP,RG,8850,1,D,PD,DX,D
13:54:50,ICBP,RG,8850,2,D,SQ,DX,D
13:54:50,ICBP,RG,8850,1,D,PD,DX,D
13:54:50,ICBP,RG,8850,2,D,SQ,DX,D
13:54:50,ICBP,RG,8850,28,F,ZP,DX,D
13:54:50,ICBP,RG,8850,250,D,SQ,DX,D
13:54:50,ICBP,RG,8850,1,D,PD,DX,D
13:54:50,ICBP,RG,8850,3,D,EP,DX,D
13:54:50,ICBP,RG,8850,1,D,XC,DX,D
13:54:50,ICBP,RG,8850,1,D,CC,DX,D
13:54:50,ICBP,RG,8850,2,D,SQ,DX,D
13:54:50,ICBP,RG,8850,4,D,XL,DX,D
13:54:50,ICBP,RG,8850,1,D,PD,DX,D
13:54:50,ICBP,RG,8850,2,D,YP,DX,D
13:54:50,ICBP,RG,8850,13,F,KZ,DX,D
13:54:50,ICBP,RG,8850,50,D,CC,DX,D
13:54:50,ICBP,RG,8850,5,D,PD,DX,D
13:54:50,ICBP,RG,8850,3,D,YP,DX,D
13:54:50,ICBP,RG,8850,1,D,PD,DX,D
13:54:50,ICBP,RG,8850,1,F,KZ,DX,D
13:54:50,ICBP,RG,8850,1,F,KZ,DX,D
13:54:50,ICBP,RG,8850,3,D,PD,DX,D
13:54:50,ICBP,RG,8850,5,D,KK,DX,D
13:54:50,ICBP,RG,8850,1,D,XL,DX,D
13:54:50,ICBP,RG,8850,1,D,XL,DX,D
13:54:50,ICBP,RG,8850,2,D,ES,DX,D
13:54:50,ICBP,RG,8850,1,D,GR,DX,D
13:54:50,ICBP,RG,8850,1,D,XC,DX,D
13:54:50,ICBP,RG,8850,2,D,IF,DX,D
13:54:50,ICBP,RG,8850,53,F,CS,DX,D
13:54:43,ICBP,RG,8875,14,F,BK,DX,D
13:54:40,ICBP,RG,8875,3,D,DH,DX,D
13:54:38,ICBP,RG,8875,12,F,BK,DX,D
13:54:36,ICBP,RG,8875,68,F,BK,DX,D
13:54:35,ICBP,RG,8850,30,F,CS,DX,F
13:54:34,ICBP,RG,8850,272,F,CS,PD,D
13:54:34,ICBP,RG,8850,20,D,LG,PD,D
13:54:34,ICBP,RG,8850,98,F,KZ,PD,D
13:54:33,ICBP,RG,8875,16,F,BK,DX,D
13:54:31,ICBP,RG,8875,20,F,BK,DX,D
13:54:29,ICBP,RG,8875,167,F,KZ,DX,D
13:54:23,ICBP,RG,8875,4,D,XC,DX,D
13:54:23,ICBP,RG,8875,20,F,BK,DX,D
13:54:17,ICBP,RG,8875,31,F,BK,DX,D
13:54:15,ICBP,RG,8850,165,F,KZ,AK,F
13:54:14,ICBP,RG,8850,30,F,KZ,OD,D
13:54:04,ICBP,RG,8875,11,F,BK,DX,D
13:54:03,ICBP,RG,8850,24,F,KZ,DX,F
13:54:03,ICBP,RG,8850,6,D,SQ,DX,F
13:54:03,ICBP,RG,8875,10,D,YP,DX,D
13:54:00,ICBP,RG,8850,39,D,SQ,YU,D
13:53:35,ICBP,RG,8850,9,D,SQ,DX,F
13:53:25,ICBP,RG,8875,1,D,XC,DX,D
13:53:24,ICBP,RG,8875,18,F,BK,DX,D
13:53:23,ICBP,RG,8850,15,D,SQ,AT,D
13:53:16,ICBP,RG,8875,22,F,BK,DX,D
13:53:14,ICBP,RG,8875,95,F,BK,DX,D
13:53:14,ICBP,RG,8850,32,D,SQ,OD,D
13:53:14,ICBP,RG,8850,40,D,SQ,AK,D
13:53:13,ICBP,RG,8850,500,D,SQ,LS,D
13:53:04,ICBP,RG,8875,13,F,BK,DX,D
13:53:03,ICBP,RG,8850,36,D,SQ,DX,F
13:52:50,ICBP,RG,8875,1,D,YP,DX,D
13:52:39,ICBP,RG,8875,14,F,BK,DX,D
13:52:34,ICBP,RG,8850,8,D,SQ,XL,D
13:52:34,ICBP,RG,8850,28,D,SQ,DX,F
13:52:28,ICBP,RG,8850,4,D,SQ,DR,D
13:52:23,ICBP,RG,8875,9,F,BK,DX,D
13:52:21,ICBP,RG,8850,19,D,SQ,DR,D
13:52:21,ICBP,RG,8850,31,D,SQ,DR,D
13:52:16,ICBP,RG,8850,29,D,SQ,OD,D
13:52:04,ICBP,RG,8850,30,D,SQ,DX,F
13:51:42,ICBP,RG,8875,20,F,BK,DX,D
13:51:40,ICBP,RG,8875,15,F,BK,DX,D
13:51:36,ICBP,RG,8875,81,F,BK,DX,D
13:51:36,ICBP,RG,8850,9,D,SQ,AZ,D
13:51:31,ICBP,RG,8850,500,D,SQ,AZ,D
13:51:31,ICBP,RG,8875,18,F,BK,DX,D
13:51:31,ICBP,RG,8850,28,D,SQ,DX,F
13:51:18,ICBP,RG,8850,32,D,SQ,OD,D
13:51:15,ICBP,RG,8875,2,D,YU,DX,D
13:51:09,ICBP,RG,8875,1,D,PD,DX,D
13:51:05,ICBP,RG,8850,32,D,SQ,DX,F
13:50:53,ICBP,RG,8875,19,F,BK,DX,D
13:50:50,ICBP,RG,8850,4,D,SQ,PD,D
13:50:35,ICBP,RG,8875,1,D,XC,DX,D
13:50:35,ICBP,RG,8875,2,D,PD,DX,D
13:50:34,ICBP,RG,8850,24,D,SQ,DX,F
13:50:29,ICBP,RG,8875,12,F,KZ,DX,D
13:50:28,ICBP,RG,8850,5,D,SQ,SQ,D
13:50:20,ICBP,RG,8875,11,F,BK,DX,D
13:50:18,ICBP,RG,8850,36,D,SQ,OD,D
13:49:32,ICBP,RG,8850,1,D,SQ,BQ,D
13:49:24,ICBP,RG,8875,6,F,KZ,DX,D
13:49:14,ICBP,RG,8850,35,D,SQ,OD,D
13:48:14,ICBP,RG,8850,31,D,SQ,OD,D
13:48:00,ICBP,RG,8850,62,D,SQ,YU,D
13:47:51,ICBP,RG,8850,17,D,SQ,PD,D
13:47:12,ICBP,RG,8850,29,D,SQ,OD,D
13:46:14,ICBP,RG,8850,31,D,SQ,OD,D
13:45:58,ICBP,RG,8850,1,D,SQ,YB,D
13:45:40,ICBP,RG,8850,200,D,SQ,PD,D
13:45:33,ICBP,RG,8850,50,D,SQ,KK,D
13:45:25,ICBP,RG,8875,1,D,GR,DX,D
13:45:16,ICBP,RG,8850,43,D,SQ,OD,D
13:45:05,ICBP,RG,8875,46,D,SQ,DX,D
13:45:04,ICBP,RG,8850,4,D,SQ,YP,D
13:45:04,ICBP,RG,8850,1,D,YP,YP,D
13:45:04,ICBP,RG,8850,1,D,XC,YP,D
13:44:55,ICBP,RG,8850,4,D,XC,YP,D
13:44:55,ICBP,RG,8850,1,D,XC,YP,D
13:44:55,ICBP,RG,8850,5,D,CC,YP,D
13:44:55,ICBP,RG,8850,15,F,KZ,YP,D
13:44:44,ICBP,RG,8850,1,F,KZ,PD,D
13:44:43,ICBP,RG,8850,2,F,KZ,CC,D
13:44:37,ICBP,RG,8850,2,F,KZ,XC,D
13:44:18,ICBP,RG,8875,4,D,XC,DX,D
13:44:18,ICBP,RG,8875,5,D,CC,DX,D
13:44:18,ICBP,RG,8875,61,F,KZ,DX,D
13:44:18,ICBP,RG,8875,13,F,KZ,DX,D
13:44:18,ICBP,RG,8875,16,F,ZP,DX,D
13:44:18,ICBP,RG,8875,20,F,BK,DX,D
13:44:18,ICBP,RG,8875,100,F,CS,DX,D
13:44:18,ICBP,RG,8875,10,D,OD,DX,D
13:44:18,ICBP,RG,8875,6,F,CS,DX,D
13:44:18,ICBP,RG,8875,1,D,KK,DX,D
13:44:18,ICBP,RG,8875,23,F,KZ,DX,D
13:44:18,ICBP,RG,8875,3,F,AK,DX,D
13:44:18,ICBP,RG,8875,1,F,KZ,DX,D
13:44:18,ICBP,RG,8875,118,F,CS,DX,D
13:44:14,ICBP,RG,8875,37,F,CS,OD,D
13:44:13,ICBP,RG,8875,8,F,CS,AZ,D
13:44:10,ICBP,RG,8875,2,F,CS,AK,F
13:44:10,ICBP,RG,8875,3,F,CS,AZ,D
13:44:07,ICBP,RG,8875,15,F,CS,AZ,D
13:44:01,ICBP,RG,8875,5,F,CS,AK,F
13:44:00,ICBP,RG,8875,48,F,CS,YU,D
13:43:55,ICBP,RG,8875,11,F,CS,AK,F
13:43:55,ICBP,RG,8875,41,F,CS,DX,F
13:43:55,ICBP,RG,8875,20,F,CS,AZ,D
13:43:45,ICBP,RG,8875,22,F,CS,AZ,D
13:43:45,ICBP,RG,8875,11,F,KZ,AZ,D
13:43:45,ICBP,RG,8875,6,D,YP,AZ,D
13:43:40,ICBP,RG,8875,11,D,YP,AK,F
13:43:39,ICBP,RG,8900,31,F,KZ,DX,F
13:43:30,ICBP,RG,8875,8,D,YP,AZ,D
13:43:30,ICBP,RG,8875,13,F,KZ,AZ,D
13:43:30,ICBP,RG,8875,13,F,AK,AZ,D
13:43:28,ICBP,RG,8875,31,F,AK,DX,F
13:43:25,ICBP,RG,8875,7,F,AK,AK,F
13:43:14,ICBP,RG,8875,16,F,AK,AZ,D
13:43:14,ICBP,RG,8875,3,F,AK,OD,D
13:43:14,ICBP,RG,8875,5,F,KZ,OD,D
13:43:14,ICBP,RG,8875,21,F,KZ,OD,D
13:43:14,ICBP,RG,8875,3,D,XA,OD,D
13:43:14,ICBP,RG,8875,11,F,KZ,OD,D
13:43:10,ICBP,RG,8875,17,F,KZ,AK,F
