Time,Stock,Brd,Price,Qty,BT,BC,SC,ST
15:14:01,ICBP,RG,9750,1,D,YP,PD,D
15:12:27,ICBP,RG,9750,1,D,XC,PD,D
15:11:18,ICBP,RG,9750,2,D,CP,PD,D
15:05:53,ICBP,RG,9750,1,D,KK,PD,D
15:05:53,ICBP,RG,9750,1,F,KZ,PD,D
15:05:53,ICBP,RG,9750,4,D,KK,PD,D
15:02:59,ICBP,RG,9750,1,F,KZ,PD,D
15:02:59,ICBP,RG,9750,1,D,XC,PD,D
15:01:04,ICBP,RG,9750,4,F,KZ,PD,D
15:00:00,ICBP,RG,9750,1,D,PD,PD,D
15:00:00,ICBP,RG,9750,5,D,YP,PD,D
15:00:00,ICBP,RG,9750,3,D,YP,PD,D
15:00:00,ICBP,RG,9750,1,F,KZ,PD,D
15:00:00,ICBP,RG,9750,1,F,KZ,PD,D
15:00:00,ICBP,RG,9750,1,F,KZ,PD,D
15:00:00,ICBP,RG,9750,2,F,KZ,PD,D
15:00:00,ICBP,RG,9750,2,F,KZ,PD,D
15:00:00,ICBP,RG,9750,5,F,KZ,PD,D
15:00:00,ICBP,RG,9750,1,F,KZ,PD,D
15:00:00,ICBP,RG,9750,2,F,KZ,PD,D
15:00:00,ICBP,RG,9750,2,F,KZ,PD,D
15:00:00,ICBP,RG,9750,8,F,KZ,PD,D
15:00:00,ICBP,RG,9750,2,F,KZ,SQ,D
15:00:00,ICBP,RG,9750,4,F,KZ,SQ,D
15:00:00,ICBP,RG,9750,5,F,KZ,PD,D
15:00:00,ICBP,RG,9750,3,F,KZ,SQ,D
15:00:00,ICBP,RG,9750,2,F,KZ,DH,D
15:00:00,ICBP,RG,9750,20,F,KZ,PD,D
15:00:00,ICBP,RG,9750,2,F,KZ,DH,D
15:00:00,ICBP,RG,9750,1,F,KZ,PD,D
15:00:00,ICBP,RG,9750,5,F,KZ,KK,D
15:00:00,ICBP,RG,9750,2,F,KZ,YP,D
15:00:00,ICBP,RG,9750,7,F,KZ,OD,D
15:00:00,ICBP,RG,9750,42,F,KZ,OD,D
15:00:00,ICBP,RG,9750,24,F,KZ,OD,D
15:00:00,ICBP,RG,9750,128,F,KZ,OD,D
15:00:00,ICBP,RG,9750,5,F,KZ,YP,D
15:00:00,ICBP,RG,9750,1,F,KZ,PD,D
15:00:00,ICBP,RG,9750,2,F,KZ,KK,D
15:00:00,ICBP,RG,9750,1,F,KZ,PD,D
15:00:00,ICBP,RG,9750,2,F,KZ,NI,D
15:00:00,ICBP,RG,9750,1,F,KZ,PD,D
15:00:00,ICBP,RG,9750,2,F,KZ,CC,D
15:00:00,ICBP,RG,9750,1,F,KZ,XC,D
15:00:00,ICBP,RG,9750,3,F,KZ,CC,D
15:00:00,ICBP,RG,9750,6,F,KZ,YP,D
15:00:00,ICBP,RG,9750,10,F,KZ,YP,D
15:00:00,ICBP,RG,9750,5,F,KZ,PD,D
15:00:00,ICBP,RG,9750,61,F,KZ,OD,D
15:00:00,ICBP,RG,9750,89,F,YU,OD,D
15:00:00,ICBP,RG,9750,1,F,YU,YP,D
15:00:00,ICBP,RG,9750,1,F,YU,PD,D
15:00:00,ICBP,RG,9750,10,F,YU,PD,D
15:00:00,ICBP,RG,9750,5,F,YU,NI,D
15:00:00,ICBP,RG,9750,10,F,YU,KK,D
15:00:00,ICBP,RG,9750,50,F,YU,PD,D
15:00:00,ICBP,RG,9750,2,F,YU,DH,D
15:00:00,ICBP,RG,9750,30,F,YU,YB,D
15:00:00,ICBP,RG,9750,5,F,YU,PD,D
15:00:00,ICBP,RG,9750,5,F,YU,CP,D
15:00:00,ICBP,RG,9750,10,F,YU,GR,D
15:00:00,ICBP,RG,9750,7,F,YU,PD,D
15:00:00,ICBP,RG,9750,5,F,YU,KK,D
15:00:00,ICBP,RG,9750,5,F,YU,XC,D
15:00:00,ICBP,RG,9750,2,F,YU,DR,D
15:00:00,ICBP,RG,9750,1,F,YU,XC,D
15:00:00,ICBP,RG,9750,1,F,YU,YP,D
15:00:00,ICBP,RG,9750,1,F,YU,DR,D
15:00:00,ICBP,RG,9750,11,F,YU,YP,D
15:00:00,ICBP,RG,9750,32,F,YU,BK,F
15:00:00,ICBP,RG,9750,80,F,YU,BK,F
15:00:00,ICBP,RG,9750,30,F,YU,OD,D
15:00:00,ICBP,RG,9750,100,F,YU,YB,D
15:00:00,ICBP,RG,9750,50,F,YU,YB,D
15:00:00,ICBP,RG,9750,1,F,YU,YP,D
15:00:00,ICBP,RG,9750,48,F,YU,CC,D
15:00:00,ICBP,RG,9750,5,F,YU,YP,D
15:00:00,ICBP,RG,9750,6,F,YU,NI,D
15:00:00,ICBP,RG,9750,5,F,YU,KK,D
15:00:00,ICBP,RG,9750,63,F,YU,SQ,D
15:00:00,ICBP,RG,9750,17,F,YU,NI,D
15:00:00,ICBP,RG,9750,15,F,YU,CC,D
15:00:00,ICBP,RG,9750,5,F,YU,KK,D
15:00:00,ICBP,RG,9750,1,F,YU,XL,D
15:00:00,ICBP,RG,9750,9,F,YU,CC,D
15:00:00,ICBP,RG,9750,1,F,YU,YP,D
15:00:00,ICBP,RG,9750,60,F,YU,GR,D
15:00:00,ICBP,RG,9750,7,F,YU,CC,D
15:00:00,ICBP,RG,9750,211,F,YU,GR,D
15:00:00,ICBP,RG,9750,188,F,YU,MG,D
15:00:00,ICBP,RG,9750,12,F,ZP,MG,D
15:00:00,ICBP,RG,9750,232,F,ZP,CC,D
15:00:00,ICBP,RG,9750,6,F,ZP,CC,D
15:00:00,ICBP,RG,9750,5,F,ZP,NI,D
15:00:00,ICBP,RG,9750,1,F,ZP,CC,D
15:00:00,ICBP,RG,9750,7,F,ZP,PD,D
15:00:00,ICBP,RG,9750,18,F,ZP,AK,F
15:00:00,ICBP,RG,9750,1,F,ZP,BK,F
15:00:00,ICBP,RG,9750,14,F,ZP,KZ,D
15:00:00,ICBP,RG,9750,1,F,ZP,ZP,F
15:00:00,ICBP,RG,9750,1,F,ZP,ZP,F
15:00:00,ICBP,RG,9750,2,F,ZP,AK,F
15:00:00,ICBP,RG,9750,440,F,ZP,AK,F
15:00:00,ICBP,RG,9750,4,F,ZP,AK,F
15:00:00,ICBP,RG,9750,5,F,ZP,AK,F
15:00:00,ICBP,RG,9750,4,F,ZP,AK,F
15:00:00,ICBP,RG,9750,7,F,ZP,AK,F
15:00:00,ICBP,RG,9750,11,F,ZP,AK,F
15:00:00,ICBP,RG,9750,12,F,ZP,AK,F
15:00:00,ICBP,RG,9750,3,F,ZP,AK,F
15:00:00,ICBP,RG,9750,2,F,ZP,AK,F
15:00:00,ICBP,RG,9750,5,D,KZ,AK,F
15:00:00,ICBP,RG,9750,4,F,AK,AK,F
15:00:00,ICBP,RG,9750,3,F,AK,AK,F
15:00:00,ICBP,RG,9750,23,F,AK,BB,D
15:00:00,ICBP,RG,9750,3,F,AK,BB,D
15:00:00,ICBP,RG,9750,75,F,AK,ZP,F
15:00:00,ICBP,RG,9750,17,D,OD,ZP,F
15:00:00,ICBP,RG,9750,5,D,LG,ZP,F
14:49:56,ICBP,RG,9700,46,F,KZ,AT,D
14:49:45,ICBP,RG,9700,1,F,KZ,AK,F
14:49:38,ICBP,RG,9700,1,F,KZ,AK,F
14:49:30,ICBP,RG,9700,1,F,KZ,AK,F
14:49:00,ICBP,RG,9725,1,F,AK,CC,D
14:49:00,ICBP,RG,9725,1,F,AK,CC,D
14:49:00,ICBP,RG,9725,1,F,AK,CC,D
14:48:49,ICBP,RG,9700,6,F,KZ,NI,D
14:48:49,ICBP,RG,9700,1,D,YP,NI,D
14:48:45,ICBP,RG,9725,22,F,AK,CC,D
14:48:45,ICBP,RG,9725,5,F,AK,CC,D
14:48:34,ICBP,RG,9725,1,F,AK,CC,D
14:48:34,ICBP,RG,9725,1,F,AK,PD,D
14:48:12,ICBP,RG,9725,5,D,CC,BK,F
14:48:04,ICBP,RG,9725,4,F,KZ,BK,F
14:48:04,ICBP,RG,9725,10,F,KZ,CC,D
14:48:04,ICBP,RG,9725,7,F,KZ,OD,D
14:48:04,ICBP,RG,9725,2,F,KZ,OD,D
14:48:04,ICBP,RG,9725,1,F,KZ,BK,F
14:48:04,ICBP,RG,9725,1,F,KZ,BK,F
14:48:04,ICBP,RG,9725,2,F,KZ,BK,F
14:48:04,ICBP,RG,9725,3,F,KZ,XC,D
14:48:04,ICBP,RG,9725,3,F,KZ,SQ,D
14:48:00,ICBP,RG,9725,7,F,AK,SQ,D
14:48:00,ICBP,RG,9725,3,F,AK,YP,D
14:48:00,ICBP,RG,9725,1,F,AK,NI,D
14:48:00,ICBP,RG,9725,13,F,AK,CC,D
14:47:30,ICBP,RG,9725,15,F,AK,CC,D
14:47:30,ICBP,RG,9700,5,D,CC,AK,F
14:47:30,ICBP,RG,9700,10,D,CC,AK,F
14:47:19,ICBP,RG,9700,25,D,CC,AK,F
14:47:15,ICBP,RG,9725,8,F,AK,CC,D
14:47:03,ICBP,RG,9725,7,F,BK,CC,D
14:47:00,ICBP,RG,9700,2,D,CC,AK,F
14:46:47,ICBP,RG,9700,3,D,CC,DR,D
14:46:34,ICBP,RG,9700,143,D,CC,CC,D
14:46:16,ICBP,RG,9725,12,F,ZP,CC,D
14:46:00,ICBP,RG,9700,2,D,CC,AK,F
14:46:00,ICBP,RG,9700,4,D,CC,AK,F
14:46:00,ICBP,RG,9700,1,D,CC,CC,D
14:45:46,ICBP,RG,9700,240,D,CC,PD,D
14:45:46,ICBP,RG,9700,5,F,KZ,PD,D
14:45:46,ICBP,RG,9700,3,F,KZ,PD,D
14:45:46,ICBP,RG,9700,29,F,KZ,PD,D
14:45:43,ICBP,RG,9725,9,F,BK,CC,D
14:45:30,ICBP,RG,9700,2,F,KZ,AK,F
14:45:00,ICBP,RG,9700,22,F,KZ,CC,D
14:44:30,ICBP,RG,9700,1,F,KZ,AK,F
14:44:30,ICBP,RG,9700,4,F,KZ,AK,F
14:44:13,ICBP,RG,9700,121,F,KZ,CC,D
14:44:13,ICBP,RG,9700,4,F,KZ,CC,D
14:43:55,ICBP,RG,9700,1,F,KZ,SQ,D
14:43:37,ICBP,RG,9700,23,F,KZ,YP,D
14:43:30,ICBP,RG,9700,1,F,KZ,AK,F
14:43:16,ICBP,RG,9725,9,F,BK,CC,D
14:43:05,ICBP,RG,9700,1,F,KZ,KK,D
14:43:00,ICBP,RG,9700,1,F,KZ,AK,F
14:42:34,ICBP,RG,9700,183,F,KZ,PD,D
14:42:34,ICBP,RG,9700,22,F,AK,PD,D
14:42:34,ICBP,RG,9700,6,D,PD,PD,D
14:42:34,ICBP,RG,9700,5,D,KK,PD,D
14:42:34,ICBP,RG,9700,1,D,KK,PD,D
14:42:34,ICBP,RG,9700,50,D,BB,PD,D
14:42:34,ICBP,RG,9700,52,F,AK,PD,D
14:42:34,ICBP,RG,9700,54,F,KZ,PD,D
14:42:34,ICBP,RG,9700,1,D,CC,PD,D
14:41:45,ICBP,RG,9725,10,F,AK,CC,D
14:41:45,ICBP,RG,9725,63,F,AK,CC,D
14:41:41,ICBP,RG,9700,300,D,CC,FS,D
14:41:21,ICBP,RG,9725,13,D,NI,CC,D
14:41:21,ICBP,RG,9725,1,D,NI,YP,D
14:41:21,ICBP,RG,9725,6,D,NI,CC,D
14:40:54,ICBP,RG,9725,3,F,KZ,CC,D
14:40:53,ICBP,RG,9700,1,D,CC,AK,F
14:40:27,ICBP,RG,9725,30,D,NI,CC,D
14:40:08,ICBP,RG,9725,10,F,BK,CC,D
14:39:30,ICBP,RG,9700,9,D,CC,AK,F
14:39:27,ICBP,RG,9700,30,D,CC,FS,D
14:38:06,ICBP,RG,9725,10,D,YP,CC,D
14:38:03,ICBP,RG,9725,25,D,LG,CC,D
14:38:03,ICBP,RG,9725,2,D,LG,XC,D
14:38:03,ICBP,RG,9725,22,D,LG,AK,F
14:38:03,ICBP,RG,9725,136,D,LG,PD,D
14:38:00,ICBP,RG,9700,83,D,CC,CC,D
14:37:02,ICBP,RG,9700,3,D,CC,NI,D
14:35:38,ICBP,RG,9725,12,F,ZP,PD,D
14:35:38,ICBP,RG,9725,10,F,BK,PD,D
14:35:38,ICBP,RG,9725,27,F,AK,PD,D
14:35:32,ICBP,RG,9725,10,F,AK,PD,D
14:35:30,ICBP,RG,9725,14,F,AK,YP,D
14:35:30,ICBP,RG,9725,2,F,AK,RO,D
14:34:10,ICBP,RG,9725,3,F,BK,RO,D
14:34:10,ICBP,RG,9725,6,F,BK,CD,D
14:33:59,ICBP,RG,9725,5,F,KZ,CD,D
14:33:59,ICBP,RG,9725,20,F,KZ,BK,F
14:33:34,ICBP,RG,9725,21,F,AK,BK,F
14:33:34,ICBP,RG,9725,1,F,AK,AK,F
14:33:34,ICBP,RG,9725,1,F,AK,AK,F
14:32:08,ICBP,RG,9725,1,F,AK,BK,F
14:32:00,ICBP,RG,9725,2,F,AK,YJ,D
14:32:00,ICBP,RG,9725,8,F,AK,AK,F
14:32:00,ICBP,RG,9725,3,F,AK,AK,F
14:32:00,ICBP,RG,9725,12,F,AK,AK,F
14:32:00,ICBP,RG,9725,2,F,AK,AK,F
14:31:11,ICBP,RG,9700,2,D,CC,YJ,D
14:31:00,ICBP,RG,9725,1,F,AK,AK,F
14:31:00,ICBP,RG,9725,1,F,AK,AK,F
14:30:53,ICBP,RG,9725,9,F,BK,BK,F
14:30:53,ICBP,RG,9725,12,F,ZP,BK,F
14:30:53,ICBP,RG,9725,11,F,AK,BK,F
14:30:41,ICBP,RG,9725,1,F,AK,EP,D
14:30:01,ICBP,RG,9725,14,F,AK,BK,F
14:30:00,ICBP,RG,9725,1,F,AK,AK,F
14:29:48,ICBP,RG,9725,33,F,KZ,EP,D
14:29:48,ICBP,RG,9725,185,F,KZ,PD,D
14:29:48,ICBP,RG,9725,80,F,KZ,XC,D
14:29:48,ICBP,RG,9725,1,F,KZ,BK,F
14:29:48,ICBP,RG,9725,46,F,KZ,CC,D
14:29:48,ICBP,RG,9725,5,F,KZ,XC,D
14:29:48,ICBP,RG,9725,76,F,KZ,PD,D
14:29:00,ICBP,RG,9725,5,F,AK,PD,D
14:29:00,ICBP,RG,9700,71,D,CC,CC,D
14:29:00,ICBP,RG,9700,5,D,CC,CC,D
14:29:00,ICBP,RG,9700,11,D,XL,CC,D
14:29:00,ICBP,RG,9700,4,F,KZ,CC,D
14:28:54,ICBP,RG,9725,3,F,AK,PD,D
14:28:54,ICBP,RG,9725,8,F,BK,PD,D
14:26:14,ICBP,RG,9725,1,D,CC,PD,D
14:25:49,ICBP,RG,9725,19,F,KZ,PD,D
14:24:53,ICBP,RG,9725,12,F,AK,PD,D
14:24:53,ICBP,RG,9725,14,F,AK,PD,D
14:24:53,ICBP,RG,9725,13,F,ZP,PD,D
14:24:53,ICBP,RG,9725,5,D,CC,PD,D
14:24:53,ICBP,RG,9725,9,F,BK,PD,D
14:24:53,ICBP,RG,9725,20,F,AK,PD,D
14:23:30,ICBP,RG,9750,17,F,AK,YP,D
14:23:30,ICBP,RG,9750,1,F,AK,YP,D
14:23:30,ICBP,RG,9750,3,F,AK,KK,D
14:23:30,ICBP,RG,9750,1,F,AK,CC,D
14:23:06,ICBP,RG,9725,3,F,BK,AZ,D
14:23:06,ICBP,RG,9725,13,F,KZ,AZ,D
14:23:06,ICBP,RG,9725,14,F,KZ,AZ,D
14:22:23,ICBP,RG,9725,5,F,KZ,CC,D
14:22:00,ICBP,RG,9725,4,F,BK,SQ,D
14:21:45,ICBP,RG,9725,12,F,ZP,GR,D
14:21:27,ICBP,RG,9725,20,F,BK,IF,D
14:21:27,ICBP,RG,9725,32,F,BK,AK,F
14:21:27,ICBP,RG,9725,1,F,BK,AK,F
14:21:27,ICBP,RG,9725,3,F,BK,AK,F
14:21:27,ICBP,RG,9725,2,F,BK,AK,F
14:21:27,ICBP,RG,9725,1,F,BK,PD,D
14:21:27,ICBP,RG,9725,23,F,BK,XC,D
14:21:27,ICBP,RG,9725,1,F,BK,PD,D
14:21:27,ICBP,RG,9725,1,F,BK,PD,D
14:21:27,ICBP,RG,9725,5,F,BK,NI,D
14:21:27,ICBP,RG,9725,2,F,BK,CC,D
14:21:27,ICBP,RG,9725,8,F,BK,YP,D
14:21:27,ICBP,RG,9725,7,F,BK,YP,D
14:21:27,ICBP,RG,9725,6,F,BK,YP,D
14:21:27,ICBP,RG,9725,10,F,BK,YP,D
14:21:27,ICBP,RG,9725,47,F,BK,PD,D
14:21:27,ICBP,RG,9725,6,F,AK,PD,D
14:21:27,ICBP,RG,9725,132,D,CC,PD,D
14:21:27,ICBP,RG,9725,1,D,CC,XC,D
14:21:27,ICBP,RG,9725,1,D,CC,DH,D
14:21:27,ICBP,RG,9725,1,D,CC,XC,D
14:21:27,ICBP,RG,9725,1,D,CC,XC,D
14:21:27,ICBP,RG,9725,160,D,CC,CC,D
14:21:27,ICBP,RG,9725,44,D,CC,PC,D
14:21:27,ICBP,RG,9725,1,D,CC,AK,F
14:21:27,ICBP,RG,9725,2,D,CC,AK,F
14:21:27,ICBP,RG,9725,3,D,CC,AK,F
14:21:27,ICBP,RG,9725,175,D,CC,FS,D
14:21:27,ICBP,RG,9725,100,D,CC,YP,D
14:21:27,ICBP,RG,9725,15,D,CC,FS,D
14:21:27,ICBP,RG,9725,1,D,CC,PD,D
14:21:27,ICBP,RG,9725,1,D,CC,YP,D
14:21:27,ICBP,RG,9725,14,D,CC,XC,D
14:21:27,ICBP,RG,9725,1,D,CC,AK,F
14:21:27,ICBP,RG,9725,1,D,CC,XC,D
14:21:27,ICBP,RG,9725,188,D,CC,BK,F
14:21:27,ICBP,RG,9725,88,D,CC,BK,F
14:21:27,ICBP,RG,9725,5,D,CC,HP,D
14:21:27,ICBP,RG,9725,2,D,CC,YP,D
14:21:27,ICBP,RG,9725,2,D,CC,PD,D
14:21:27,ICBP,RG,9725,11,D,CC,XC,D
14:21:27,ICBP,RG,9725,2,D,CC,PD,D
14:21:27,ICBP,RG,9725,10,D,CC,YP,D
14:21:27,ICBP,RG,9725,21,D,CC,AK,F
14:21:27,ICBP,RG,9725,1,D,CC,AK,F
14:21:27,ICBP,RG,9725,1,D,CC,AK,F
14:21:27,ICBP,RG,9725,8,D,CC,AK,F
14:21:27,ICBP,RG,9725,7,D,CC,XC,D
14:21:11,ICBP,RG,9725,1,D,CC,XC,D
14:20:57,ICBP,RG,9725,10,F,BK,XC,D
14:20:08,ICBP,RG,9700,1,F,ZP,AK,F
14:18:57,ICBP,RG,9700,2,F,ZP,PD,D
14:18:57,ICBP,RG,9700,1,F,KZ,PD,D
14:18:57,ICBP,RG,9700,1,D,YP,PD,D
14:18:57,ICBP,RG,9700,1,F,KZ,PD,D
14:18:07,ICBP,RG,9725,10,F,BK,XC,D
14:17:33,ICBP,RG,9700,1,F,KZ,PD,D
14:17:33,ICBP,RG,9700,4,F,KZ,PD,D
14:17:18,ICBP,RG,9700,15,F,AK,BK,F
14:17:18,ICBP,RG,9700,5,F,KZ,BK,F
14:17:18,ICBP,RG,9700,1,F,KZ,BK,F
14:17:18,ICBP,RG,9700,5,F,KZ,BK,F
14:17:18,ICBP,RG,9700,17,F,AK,BK,F
14:17:18,ICBP,RG,9700,79,F,KZ,BK,F
14:17:18,ICBP,RG,9700,272,D,BB,BK,F
14:17:18,ICBP,RG,9700,75,F,KZ,BK,F
14:17:18,ICBP,RG,9700,180,D,BB,BK,F
14:17:15,ICBP,RG,9700,80,D,BB,PD,D
14:17:15,ICBP,RG,9700,29,F,KZ,PD,D
14:17:15,ICBP,RG,9700,34,D,BB,PD,D
14:17:15,ICBP,RG,9700,1,D,XC,PD,D
14:17:15,ICBP,RG,9700,41,F,KZ,PD,D
14:16:22,ICBP,RG,9725,12,F,ZP,XC,D
14:15:00,ICBP,RG,9725,7,F,AK,XC,D
14:15:00,ICBP,RG,9725,2,F,AK,AT,D
14:15:00,ICBP,RG,9725,1,F,AK,ZP,F
14:15:00,ICBP,RG,9725,1,F,AK,ZP,F
14:15:00,ICBP,RG,9725,20,F,AK,SQ,D
14:15:00,ICBP,RG,9725,3,F,AK,YP,D
14:15:00,ICBP,RG,9725,2,F,AK,ZP,F
14:15:00,ICBP,RG,9725,1,F,AK,YP,D
14:15:00,ICBP,RG,9725,2,F,AK,ZP,F
14:15:00,ICBP,RG,9725,3,F,AK,ZP,F
14:15:00,ICBP,RG,9725,4,F,AK,YP,D
14:14:52,ICBP,RG,9700,1,F,KZ,NI,D
14:14:49,ICBP,RG,9725,1,F,BK,YP,D
14:14:49,ICBP,RG,9725,9,F,BK,AI,D
14:14:23,ICBP,RG,9700,16,F,KZ,YP,D
14:14:18,ICBP,RG,9700,50,F,KZ,YP,D
14:13:15,ICBP,RG,9700,1,F,KZ,AK,F
14:13:15,ICBP,RG,9700,7,F,KZ,AK,F
14:13:14,ICBP,RG,9725,1,D,PD,AI,D
14:12:53,ICBP,RG,9700,2,F,KZ,EP,D
14:12:03,ICBP,RG,9725,9,F,BK,AI,D
14:11:50,ICBP,RG,9700,35,F,KZ,PD,D
14:11:50,ICBP,RG,9700,1,D,XC,PD,D
14:11:50,ICBP,RG,9700,16,F,AK,PD,D
14:11:50,ICBP,RG,9700,50,D,BB,PD,D
14:11:50,ICBP,RG,9700,1,D,CC,PD,D
14:11:50,ICBP,RG,9700,1,D,CC,PD,D
14:11:50,ICBP,RG,9700,50,D,SQ,PD,D
14:11:50,ICBP,RG,9700,10,D,DH,PD,D
14:11:50,ICBP,RG,9700,113,D,CC,PD,D
14:11:19,ICBP,RG,9700,3,D,CC,AK,F
14:10:33,ICBP,RG,9725,5,D,YP,AI,D
14:10:06,ICBP,RG,9700,5,D,CC,CC,D
14:09:30,ICBP,RG,9700,1,D,CC,AK,F
14:09:20,ICBP,RG,9725,9,F,BK,AI,D
14:09:00,ICBP,RG,9725,15,F,AK,AI,D
14:08:16,ICBP,RG,9725,12,F,ZP,AI,D
14:07:36,ICBP,RG,9725,1,D,YP,AI,D
14:06:42,ICBP,RG,9725,9,F,BK,AI,D
14:03:30,ICBP,RG,9725,10,F,BK,AI,D
14:03:20,ICBP,RG,9700,7,D,CC,AK,F
14:03:05,ICBP,RG,9700,1,D,CC,AT,D
14:02:16,ICBP,RG,9700,10,D,CC,NI,D
14:01:38,ICBP,RG,9700,6,D,CC,AK,F
14:01:30,ICBP,RG,9700,1,D,CC,AK,F
14:01:17,ICBP,RG,9725,1,D,LG,AI,D
14:01:04,ICBP,RG,9725,15,F,KZ,AI,D
14:00:49,ICBP,RG,9725,4,F,KZ,AI,D
14:00:49,ICBP,RG,9725,3,F,KZ,ZP,F
14:00:46,ICBP,RG,9725,1,F,BK,ZP,F
14:00:46,ICBP,RG,9725,1,F,BK,NI,D
14:00:46,ICBP,RG,9725,7,F,BK,BK,F
14:00:30,ICBP,RG,9725,2,F,AK,BK,F
14:00:30,ICBP,RG,9725,15,F,AK,NI,D
14:00:30,ICBP,RG,9725,60,F,AK,BK,F
14:00:23,ICBP,RG,9700,1,D,CC,AT,D
13:58:58,ICBP,RG,9700,2,D,CC,YP,D
13:58:14,ICBP,RG,9725,9,F,BK,BK,F
13:57:26,ICBP,RG,9700,1,D,CC,SQ,D
13:56:15,ICBP,RG,9700,1,D,CC,AK,F
13:56:04,ICBP,RG,9700,8,D,CC,AK,F
13:55:43,ICBP,RG,9700,195,D,CC,CC,D
13:55:30,ICBP,RG,9700,1,D,CC,AK,F
13:54:48,ICBP,RG,9700,11,D,CC,XL,D
13:54:38,ICBP,RG,9725,10,F,BK,BK,F
13:51:46,ICBP,RG,9725,9,F,BK,BK,F
13:48:39,ICBP,RG,9725,5,F,KZ,EP,D
13:48:39,ICBP,RG,9725,1,F,KZ,PD,D
13:48:39,ICBP,RG,9725,1,F,KZ,GR,D
13:48:39,ICBP,RG,9725,4,F,KZ,FS,D
13:48:38,ICBP,RG,9725,10,F,BK,FS,D
13:48:35,ICBP,RG,9725,61,F,AK,FS,D
13:48:35,ICBP,RG,9725,7,F,AK,FS,D
13:47:30,ICBP,RG,9700,1,D,CC,AK,F
13:47:15,ICBP,RG,9700,6,D,CC,AK,F
13:46:34,ICBP,RG,9725,8,F,KZ,FS,D
13:46:34,ICBP,RG,9725,2,F,KZ,ZP,F
13:46:30,ICBP,RG,9725,4,F,AK,ZP,F
13:46:30,ICBP,RG,9725,1,F,AK,YP,D
13:46:30,ICBP,RG,9725,1,F,AK,PD,D
13:46:30,ICBP,RG,9725,1,F,AK,BK,F
13:46:30,ICBP,RG,9725,1,F,AK,GR,D
13:46:30,ICBP,RG,9725,7,F,AK,ZP,F
13:46:30,ICBP,RG,9725,1,F,AK,PD,D
13:46:19,ICBP,RG,9725,4,F,KZ,AT,D
13:46:19,ICBP,RG,9725,1,F,KZ,CC,D
13:46:19,ICBP,RG,9725,9,F,KZ,YP,D
13:45:48,ICBP,RG,9725,1,F,BK,YP,D
13:45:48,ICBP,RG,9725,1,F,BK,XC,D
13:45:48,ICBP,RG,9725,3,F,BK,NI,D
13:45:48,ICBP,RG,9725,1,F,BK,KK,D
13:45:48,ICBP,RG,9725,3,F,BK,GR,D
13:45:13,ICBP,RG,9700,1,D,CC,BQ,D
13:44:37,ICBP,RG,9700,10,D,CC,KK,D
13:44:20,ICBP,RG,9700,45,D,CC,SQ,D
13:44:13,ICBP,RG,9700,1,D,CC,XC,D
13:43:57,ICBP,RG,9700,2,D,CC,PD,D
13:42:34,ICBP,RG,9725,10,F,BK,GR,D
13:42:14,ICBP,RG,9700,5,D,CC,PD,D
13:39:43,ICBP,RG,9725,9,F,BK,GR,D
13:36:46,ICBP,RG,9725,9,F,BK,GR,D
13:35:35,ICBP,RG,9725,1,D,YP,GR,D
13:33:52,ICBP,RG,9725,9,F,BK,GR,D
13:32:01,ICBP,RG,9725,1,D,EP,GR,D
13:31:36,ICBP,RG,9700,2,D,CC,XL,D
13:31:36,ICBP,RG,9700,3,D,CC,XC,D
13:30:08,ICBP,RG,9700,4,D,CC,AK,F
13:30:07,ICBP,RG,9700,1,D,CC,AK,F
13:30:07,ICBP,RG,9700,1,D,CC,AK,F
13:30:06,ICBP,RG,9700,5,D,CC,XC,D
13:30:05,ICBP,RG,9700,2,D,CC,XC,D
13:30:05,ICBP,RG,9700,1,D,AT,XC,D
13:30:05,ICBP,RG,9700,1,D,AT,XC,D
13:30:05,ICBP,RG,9725,1,D,XC,GR,D
13:30:05,ICBP,RG,9725,1,D,XL,PD,D
13:30:04,ICBP,RG,9700,3,D,AT,AK,F
13:30:04,ICBP,RG,9700,1,D,XC,AK,F
13:30:04,ICBP,RG,9700,2,F,ZP,AK,F
13:30:04,ICBP,RG,9725,30,F,AK,KK,D
13:30:04,ICBP,RG,9725,3,F,AK,XL,D
13:30:04,ICBP,RG,9725,4,F,AK,YP,D
13:30:04,ICBP,RG,9700,2,F,ZP,CC,D
13:30:04,ICBP,RG,9700,3,F,ZP,CC,D
13:30:03,ICBP,RG,9700,5,F,ZP,CC,D
13:30:03,ICBP,RG,9700,1,F,BK,CC,D
13:30:03,ICBP,RG,9700,1,F,KZ,CC,D
13:30:03,ICBP,RG,9700,2,F,KZ,CC,D
13:30:03,ICBP,RG,9700,1,F,KZ,CC,D
13:30:03,ICBP,RG,9700,2,F,KZ,YP,D
13:30:03,ICBP,RG,9700,8,F,KZ,YP,D
13:30:03,ICBP,RG,9725,1,D,XL,YP,D
13:30:03,ICBP,RG,9725,1,D,CC,XC,D
13:30:02,ICBP,RG,9700,6,F,KZ,YP,D
13:30:02,ICBP,RG,9700,2,F,KZ,YP,D
13:30:02,ICBP,RG,9700,1,F,KZ,YP,D
13:30:02,ICBP,RG,9700,2,F,KZ,YP,D
13:30:02,ICBP,RG,9700,1,F,KZ,XL,D
13:30:02,ICBP,RG,9725,1,D,PD,YP,D
13:30:02,ICBP,RG,9725,1,F,AK,XC,D
13:30:02,ICBP,RG,9700,2,F,KZ,PD,D
13:30:02,ICBP,RG,9700,1,F,KZ,PD,D
13:30:02,ICBP,RG,9700,2,F,KZ,PD,D
13:30:02,ICBP,RG,9700,3,D,BB,PD,D
13:30:02,ICBP,RG,9700,2,D,BB,PD,D
13:30:01,ICBP,RG,9700,2,D,BB,PD,D
13:30:01,ICBP,RG,9700,2,D,BB,PD,D
13:30:01,ICBP,RG,9700,12,D,BB,PD,D
13:30:01,ICBP,RG,9700,1,D,BB,PD,D
13:30:01,ICBP,RG,9700,12,D,BB,PD,D
13:30:01,ICBP,RG,9700,10,D,BB,PD,D
13:30:01,ICBP,RG,9700,2,D,BB,PD,D
13:30:01,ICBP,RG,9700,1,D,BB,PD,D
13:30:01,ICBP,RG,9700,10,D,BB,SQ,D
13:30:01,ICBP,RG,9700,1,D,BB,AZ,D
13:30:01,ICBP,RG,9700,3,D,BB,DR,D
11:29:45,ICBP,RG,9700,1,D,BB,AK,F
11:29:45,ICBP,RG,9725,1,F,AK,BK,F
11:29:34,ICBP,RG,9700,22,D,BB,PD,D
11:29:34,ICBP,RG,9700,2,D,NI,PD,D
11:29:34,ICBP,RG,9700,1,D,NI,PD,D
11:29:34,ICBP,RG,9700,2,F,KZ,PD,D
11:29:15,ICBP,RG,9700,1,F,KZ,AK,F
11:28:43,ICBP,RG,9700,1,F,KZ,BK,F
11:28:43,ICBP,RG,9700,12,F,AK,BK,F
11:28:43,ICBP,RG,9700,2,F,KZ,BK,F
11:28:43,ICBP,RG,9700,8,D,CD,BK,F
11:28:43,ICBP,RG,9700,2,F,KZ,BK,F
11:28:30,ICBP,RG,9700,1,F,KZ,AK,F
11:28:30,ICBP,RG,9725,1,F,AK,BK,F
11:28:15,ICBP,RG,9725,3,F,AK,BK,F
11:28:14,ICBP,RG,9725,9,F,BK,BK,F
11:27:45,ICBP,RG,9700,1,F,KZ,AK,F
11:27:16,ICBP,RG,9700,2,F,KZ,XL,D
11:27:15,ICBP,RG,9700,1,F,KZ,AK,F
11:26:45,ICBP,RG,9725,15,F,AK,BK,F
11:26:33,ICBP,RG,9725,9,F,BK,BK,F
11:26:31,ICBP,RG,9700,4,F,KZ,BK,F
11:26:30,ICBP,RG,9700,9,F,KZ,NI,D
11:26:30,ICBP,RG,9700,36,F,KZ,NI,D
11:26:30,ICBP,RG,9700,13,F,ZP,NI,D
11:26:30,ICBP,RG,9700,14,D,BB,NI,D
11:26:30,ICBP,RG,9700,28,D,BB,NI,D
11:26:15,ICBP,RG,9700,2,D,BB,AK,F
11:26:15,ICBP,RG,9725,4,F,AK,BK,F
11:25:30,ICBP,RG,9700,1,D,BB,AK,F
11:25:00,ICBP,RG,9725,14,F,AK,BK,F
11:24:45,ICBP,RG,9725,9,F,BK,BK,F
11:24:30,ICBP,RG,9725,7,F,AK,BK,F
11:23:45,ICBP,RG,9700,2,D,BB,AK,F
11:21:46,ICBP,RG,9725,10,F,BK,BK,F
11:20:48,ICBP,RG,9700,17,D,BB,YP,D
11:20:48,ICBP,RG,9700,11,D,BB,YP,D
11:20:48,ICBP,RG,9700,5,D,BB,YP,D
11:20:48,ICBP,RG,9700,1,D,BB,XL,D
11:20:48,ICBP,RG,9700,1,D,BB,PD,D
11:20:48,ICBP,RG,9700,1,D,BB,YP,D
11:20:48,ICBP,RG,9700,1,D,BB,PD,D
11:20:48,ICBP,RG,9700,1,D,BB,AK,F
11:20:48,ICBP,RG,9700,1,D,BB,AK,F
11:20:48,ICBP,RG,9700,1,D,BB,AK,F
11:20:48,ICBP,RG,9700,27,D,BB,BK,F
11:20:48,ICBP,RG,9700,1,F,KZ,BK,F
11:20:48,ICBP,RG,9700,7,D,BB,BK,F
11:20:48,ICBP,RG,9700,50,D,BB,BK,F
11:20:48,ICBP,RG,9700,50,D,BB,BK,F
11:20:27,ICBP,RG,9700,13,D,BB,BK,F
11:19:44,ICBP,RG,9700,21,D,BB,BK,F
11:18:50,ICBP,RG,9700,3,D,BB,BK,F
11:18:50,ICBP,RG,9700,9,F,BK,BK,F
11:18:37,ICBP,RG,9700,4,D,BB,BK,F
11:18:24,ICBP,RG,9700,2,D,BB,BK,F
11:18:17,ICBP,RG,9700,3,D,BB,BK,F
11:18:12,ICBP,RG,9700,13,D,BB,BK,F
11:17:30,ICBP,RG,9700,11,D,BB,BK,F
11:17:30,ICBP,RG,9675,1,F,KZ,AK,F
11:16:57,ICBP,RG,9700,14,D,BB,BK,F
11:16:57,ICBP,RG,9700,2,D,BB,AK,F
11:16:04,ICBP,RG,9700,5,D,BB,AK,F
11:16:00,ICBP,RG,9700,12,D,BB,AK,F
11:16:00,ICBP,RG,9675,1,F,KZ,AK,F
11:15:34,ICBP,RG,9700,3,D,BB,AK,F
11:15:34,ICBP,RG,9700,1,D,BB,AK,F
11:15:34,ICBP,RG,9675,10,F,KZ,AK,F
11:11:46,ICBP,RG,9700,4,F,CS,BK,F
11:11:46,ICBP,RG,9700,3,F,KZ,BK,F
11:11:46,ICBP,RG,9700,9,F,BK,BK,F
11:11:46,ICBP,RG,9700,3,F,KZ,BK,F
11:11:46,ICBP,RG,9700,10,D,PD,BK,F
11:11:46,ICBP,RG,9700,3,F,KZ,BK,F
11:11:46,ICBP,RG,9700,13,F,AK,BK,F
11:11:46,ICBP,RG,9700,4,F,KZ,BK,F
11:11:45,ICBP,RG,9700,32,F,KZ,AK,F
11:11:45,ICBP,RG,9700,52,F,KZ,YP,D
11:11:45,ICBP,RG,9700,12,F,ZP,YP,D
11:11:45,ICBP,RG,9700,282,D,BB,YP,D
11:11:45,ICBP,RG,9700,248,F,KZ,YP,D
11:11:45,ICBP,RG,9700,8,F,BK,YP,D
11:11:45,ICBP,RG,9700,258,F,BK,YP,D
11:11:45,ICBP,RG,9700,640,D,BB,YP,D
11:09:02,ICBP,RG,9700,30,D,BB,CC,D
11:08:37,ICBP,RG,9700,1,D,BB,YP,D
11:08:37,ICBP,RG,9700,70,D,BB,AZ,D
11:08:32,ICBP,RG,9700,1,D,BB,PD,D
11:08:28,ICBP,RG,9700,93,D,BB,BK,F
11:08:28,ICBP,RG,9700,9,F,AK,BK,F
11:08:28,ICBP,RG,9700,1,D,XL,BK,F
11:08:28,ICBP,RG,9700,10,D,NI,BK,F
11:08:28,ICBP,RG,9700,1,F,KZ,BK,F
11:08:28,ICBP,RG,9700,1,D,SQ,BK,F
11:08:28,ICBP,RG,9700,2,F,KZ,BK,F
11:08:28,ICBP,RG,9700,3,F,KZ,BK,F
11:08:28,ICBP,RG,9700,3,F,KZ,BK,F
11:08:28,ICBP,RG,9700,1,F,KZ,BK,F
11:08:28,ICBP,RG,9700,2,F,KZ,BK,F
11:08:28,ICBP,RG,9700,114,F,KZ,BK,F
11:08:28,ICBP,RG,9700,119,D,BB,BK,F
11:08:28,ICBP,RG,9700,2,D,NI,BK,F
11:08:28,ICBP,RG,9700,1,F,CS,BK,F
11:08:28,ICBP,RG,9700,3,D,XL,BK,F
11:08:28,ICBP,RG,9700,292,D,BB,BK,F
11:08:28,ICBP,RG,9700,5,D,PD,BK,F
11:08:28,ICBP,RG,9700,77,D,BB,BK,F
11:08:28,ICBP,RG,9700,1,D,YP,BK,F
11:08:28,ICBP,RG,9700,83,F,BK,BK,F
11:08:28,ICBP,RG,9700,3,F,CS,BK,F
11:08:28,ICBP,RG,9700,3,F,CS,BK,F
11:08:28,ICBP,RG,9700,1,D,PD,BK,F
11:08:28,ICBP,RG,9700,138,F,BK,BK,F
11:08:28,ICBP,RG,9700,1,D,KK,BK,F
11:08:28,ICBP,RG,9700,13,F,ZP,BK,F
11:08:28,ICBP,RG,9700,3,D,SQ,BK,F
11:08:28,ICBP,RG,9700,50,D,CC,BK,F
11:08:28,ICBP,RG,9700,1,D,YP,BK,F
11:08:28,ICBP,RG,9700,1,D,CC,BK,F
11:08:28,ICBP,RG,9700,8,F,KZ,BK,F
11:08:28,ICBP,RG,9700,483,D,BB,BK,F
11:08:28,ICBP,RG,9700,1,D,XL,BK,F
11:08:28,ICBP,RG,9700,1,D,XC,BK,F
11:08:28,ICBP,RG,9700,2,F,BK,BK,F
11:08:28,ICBP,RG,9700,11,F,KZ,BK,F
11:08:28,ICBP,RG,9700,51,D,CD,BK,F
11:08:28,ICBP,RG,9700,3,D,YP,BK,F
11:08:28,ICBP,RG,9700,15,F,AK,BK,F
11:08:28,ICBP,RG,9700,10,D,CC,BK,F
11:08:28,ICBP,RG,9700,9,F,BK,BK,F
11:08:28,ICBP,RG,9700,1,D,YB,BK,F
11:08:28,ICBP,RG,9700,11,F,AK,BK,F
11:08:28,ICBP,RG,9700,2,F,BK,BK,F
11:08:28,ICBP,RG,9700,2,D,CC,BK,F
11:08:28,ICBP,RG,9700,1,D,SQ,BK,F
11:08:28,ICBP,RG,9700,12,F,AK,BK,F
11:08:28,ICBP,RG,9700,45,F,KZ,BK,F
11:08:28,ICBP,RG,9700,11,F,AK,BK,F
11:08:28,ICBP,RG,9700,1,D,PD,BK,F
11:08:28,ICBP,RG,9700,52,D,BB,BK,F
11:08:28,ICBP,RG,9700,270,D,BB,DH,D
11:08:28,ICBP,RG,9700,30,F,BK,DH,D
11:08:07,ICBP,RG,9725,3,F,CS,BK,F
11:06:59,ICBP,RG,9700,1,F,BK,BQ,D
11:06:41,ICBP,RG,9725,25,F,AK,BK,F
11:06:40,ICBP,RG,9700,28,F,BK,YP,D
11:06:23,ICBP,RG,9725,3,F,CS,BK,F
11:06:11,ICBP,RG,9700,2,F,BK,AK,F
11:06:10,ICBP,RG,9725,9,F,BK,BK,F
11:05:10,ICBP,RG,9700,1,F,BK,BQ,D
11:05:00,ICBP,RG,9700,1,F,BK,AK,F
11:04:17,ICBP,RG,9725,1,F,CS,BK,F
11:04:17,ICBP,RG,9725,2,F,CS,XC,D
11:04:00,ICBP,RG,9700,1,F,BK,YP,D
11:03:30,ICBP,RG,9725,1,F,AK,XC,D
11:03:30,ICBP,RG,9725,1,F,AK,YP,D
11:03:30,ICBP,RG,9725,6,F,AK,FS,D
11:03:18,ICBP,RG,9725,9,F,BK,FS,D
11:02:15,ICBP,RG,9725,3,F,CS,HP,D
11:01:58,ICBP,RG,9700,4,F,BK,SQ,D
11:01:15,ICBP,RG,9700,7,F,BK,AK,F
11:01:00,ICBP,RG,9725,12,F,AK,HP,D
11:00:39,ICBP,RG,9725,8,F,BK,HP,D
11:00:04,ICBP,RG,9725,3,F,CS,HP,D
10:59:30,ICBP,RG,9700,1,F,BK,AK,F
10:58:55,ICBP,RG,9725,6,D,CC,HP,D
10:58:30,ICBP,RG,9725,10,F,AK,HP,D
10:58:03,ICBP,RG,9725,9,F,BK,HP,D
10:57:51,ICBP,RG,9725,3,F,CS,HP,D
10:57:37,ICBP,RG,9700,3,F,BK,NI,D
10:57:19,ICBP,RG,9700,5,F,BK,PD,D
10:56:00,ICBP,RG,9700,1,F,BK,AK,F
10:55:19,ICBP,RG,9725,3,F,CS,HP,D
10:55:16,ICBP,RG,9725,3,F,BK,HP,D
10:55:16,ICBP,RG,9725,1,F,BK,AK,F
10:55:16,ICBP,RG,9725,2,F,BK,AK,F
10:55:16,ICBP,RG,9725,2,F,BK,RX,F
10:54:59,ICBP,RG,9700,1,F,BK,RX,F
10:54:55,ICBP,RG,9700,3,F,BK,SQ,D
10:54:37,ICBP,RG,9700,38,F,BK,RX,F
10:54:37,ICBP,RG,9700,15,D,YP,RX,F
10:54:37,ICBP,RG,9700,2,D,XL,RX,F
10:54:37,ICBP,RG,9700,3,F,KZ,RX,F
10:54:37,ICBP,RG,9700,1,D,OD,RX,F
10:54:37,ICBP,RG,9700,62,F,KZ,RX,F
10:54:33,ICBP,RG,9700,90,F,KZ,BK,F
10:54:33,ICBP,RG,9700,57,F,KZ,BK,F
10:54:33,ICBP,RG,9700,60,D,BB,BK,F
10:54:33,ICBP,RG,9700,291,F,KZ,BK,F
10:54:33,ICBP,RG,9700,2,D,LG,BK,F
10:54:33,ICBP,RG,9725,18,F,KZ,RX,F
10:54:28,ICBP,RG,9725,1,F,KZ,RX,F
10:54:28,ICBP,RG,9725,8,F,KZ,RX,F
10:54:25,ICBP,RG,9700,4,D,LG,XC,D
10:54:15,ICBP,RG,9725,21,F,AK,RX,F
10:53:56,ICBP,RG,9700,10,D,LG,PD,D
10:53:28,ICBP,RG,9725,3,F,KZ,RX,F
10:53:28,ICBP,RG,9725,77,F,KZ,FS,D
10:53:28,ICBP,RG,9725,3,F,KZ,FS,D
10:53:23,ICBP,RG,9725,3,F,CS,FS,D
10:53:00,ICBP,RG,9725,8,F,BK,FS,D
10:51:50,ICBP,RG,9725,1,D,CC,FS,D
10:51:03,ICBP,RG,9725,3,F,CS,FS,D
10:50:51,ICBP,RG,9700,85,D,LG,RX,F
10:50:49,ICBP,RG,9700,250,D,LG,FS,D
10:50:33,ICBP,RG,9700,1,D,LG,AK,F
10:50:15,ICBP,RG,9725,2,F,KZ,FS,D
10:50:15,ICBP,RG,9725,8,F,BK,FS,D
10:49:45,ICBP,RG,9725,4,F,KZ,FS,D
10:49:45,ICBP,RG,9725,13,F,AK,FS,D
10:48:56,ICBP,RG,9700,1,D,LG,PD,D
10:48:49,ICBP,RG,9725,1,F,KZ,FS,D
10:48:49,ICBP,RG,9725,3,F,CS,FS,D
10:48:07,ICBP,RG,9725,3,F,KZ,FS,D
10:48:07,ICBP,RG,9725,13,F,ZP,FS,D
10:47:28,ICBP,RG,9725,3,F,KZ,FS,D
10:47:28,ICBP,RG,9725,9,F,BK,FS,D
10:46:55,ICBP,RG,9700,1,D,LG,YP,D
10:46:49,ICBP,RG,9725,1,F,KZ,FS,D
10:46:49,ICBP,RG,9725,3,F,CS,FS,D
10:46:11,ICBP,RG,9725,2,D,GR,FS,D
10:46:02,ICBP,RG,9725,2,F,KZ,FS,D
10:46:02,ICBP,RG,9725,6,D,GR,FS,D
10:46:00,ICBP,RG,9725,4,F,KZ,FS,D
10:46:00,ICBP,RG,9725,15,F,AK,FS,D
10:45:03,ICBP,RG,9725,2,F,KZ,FS,D
10:45:03,ICBP,RG,9725,8,F,BK,FS,D
10:44:58,ICBP,RG,9725,3,F,KZ,FS,D
10:44:58,ICBP,RG,9725,13,F,KZ,AK,F
10:44:53,ICBP,RG,9725,9,F,KZ,AK,F
10:44:48,ICBP,RG,9725,9,F,KZ,AK,F
10:44:48,ICBP,RG,9725,1,F,KZ,AK,F
10:44:45,ICBP,RG,9725,1,F,KZ,AK,F
10:44:45,ICBP,RG,9725,1,F,CS,AK,F
10:44:45,ICBP,RG,9725,1,F,CS,AK,F
10:44:45,ICBP,RG,9725,1,F,CS,AK,F
10:43:56,ICBP,RG,9700,1,D,LG,PD,D
10:42:36,ICBP,RG,9725,1,F,CS,AK,F
10:42:36,ICBP,RG,9725,2,F,CS,AK,F
10:42:17,ICBP,RG,9725,3,F,BK,AK,F
10:42:17,ICBP,RG,9725,1,F,BK,XL,D
10:42:17,ICBP,RG,9725,5,F,BK,RX,F
10:42:16,ICBP,RG,9700,2,D,LG,XC,D
10:41:44,ICBP,RG,9700,8,D,LG,ZP,F
10:41:44,ICBP,RG,9700,15,D,LG,FS,D
10:41:00,ICBP,RG,9725,31,F,AK,RX,F
10:40:31,ICBP,RG,9725,3,F,CS,RX,F
10:40:13,ICBP,RG,9700,55,D,LG,XC,D
10:40:00,ICBP,RG,9700,5,D,LG,AK,F
10:39:53,ICBP,RG,9725,20,F,KZ,RX,F
10:39:53,ICBP,RG,9725,136,F,KZ,BK,F
10:39:53,ICBP,RG,9725,2,F,KZ,BK,F
10:39:49,ICBP,RG,9700,156,D,LG,RX,F
10:39:48,ICBP,RG,9725,11,F,KZ,BK,F
10:39:48,ICBP,RG,9725,3,F,KZ,BK,F
10:39:48,ICBP,RG,9700,404,D,LG,LG,D
10:39:48,ICBP,RG,9700,27,F,KZ,LG,D
10:39:48,ICBP,RG,9700,69,D,BB,LG,D
10:39:40,ICBP,RG,9700,1,D,BB,XC,D
10:39:18,ICBP,RG,9725,1,D,PD,BK,F
10:39:18,ICBP,RG,9725,10,F,BK,BK,F
10:38:38,ICBP,RG,9725,2,F,CS,BK,F
10:38:15,ICBP,RG,9700,1,D,BB,AK,F
10:37:31,ICBP,RG,9700,39,D,BB,YP,D
10:37:31,ICBP,RG,9700,1,F,KZ,YP,D
10:37:19,ICBP,RG,9725,2,F,CS,BK,F
10:37:17,ICBP,RG,9700,6,D,BB,XC,D
10:37:00,ICBP,RG,9700,1,D,BB,AK,F
10:36:26,ICBP,RG,9725,3,F,KZ,BK,F
10:36:26,ICBP,RG,9725,9,F,BK,BK,F
10:35:56,ICBP,RG,9725,2,F,CS,BK,F
10:34:44,ICBP,RG,9725,1,F,KZ,BK,F
10:34:44,ICBP,RG,9725,2,F,CS,BK,F
10:33:42,ICBP,RG,9725,1,F,KZ,BK,F
10:33:42,ICBP,RG,9725,1,F,KZ,CC,D
10:33:42,ICBP,RG,9725,1,F,BK,CC,D
10:33:42,ICBP,RG,9725,6,F,BK,EP,D
10:33:42,ICBP,RG,9725,2,F,BK,PD,D
10:33:32,ICBP,RG,9725,1,F,KZ,PD,D
10:33:32,ICBP,RG,9725,2,F,CS,PD,D
10:33:17,ICBP,RG,9725,7,F,KZ,PD,D
10:33:15,ICBP,RG,9725,1,F,KZ,PD,D
10:33:15,ICBP,RG,9725,11,F,AK,PD,D
10:33:15,ICBP,RG,9725,5,F,AK,PD,D
10:33:15,ICBP,RG,9725,5,F,AK,SQ,D
10:33:15,ICBP,RG,9725,5,F,AK,XC,D
10:33:15,ICBP,RG,9725,6,F,AK,CC,D
10:32:32,ICBP,RG,9725,1,F,KZ,CC,D
10:32:32,ICBP,RG,9725,3,D,YP,CC,D
10:32:00,ICBP,RG,9725,1,F,KZ,CC,D
10:32:00,ICBP,RG,9725,2,F,CS,CC,D
10:31:12,ICBP,RG,9700,2,D,BB,GR,D
10:30:58,ICBP,RG,9725,1,F,KZ,CC,D
10:30:57,ICBP,RG,9725,2,F,CS,CC,D
10:30:56,ICBP,RG,9725,2,F,KZ,CC,D
10:30:55,ICBP,RG,9725,9,F,BK,CC,D
10:29:35,ICBP,RG,9725,1,F,KZ,CC,D
10:29:34,ICBP,RG,9725,2,F,CS,CC,D
10:28:23,ICBP,RG,9725,2,F,CS,CC,D
10:28:06,ICBP,RG,9725,3,F,KZ,CC,D
10:28:06,ICBP,RG,9725,9,F,BK,CC,D
10:27:33,ICBP,RG,9725,1,F,CS,CC,D
10:26:50,ICBP,RG,9725,1,F,CS,PD,D
10:26:13,ICBP,RG,9725,3,F,KZ,LG,D
10:26:11,ICBP,RG,9725,1,F,KZ,LG,D
10:26:11,ICBP,RG,9725,2,F,KZ,PD,D
10:26:11,ICBP,RG,9725,1,F,KZ,AK,F
10:26:11,ICBP,RG,9725,1,F,KZ,KK,D
10:26:11,ICBP,RG,9725,1,F,KZ,NI,D
10:26:10,ICBP,RG,9725,4,F,AK,NI,D
10:26:10,ICBP,RG,9725,1,F,AK,AK,F
10:26:10,ICBP,RG,9725,2,F,AK,CC,D
10:26:10,ICBP,RG,9725,3,F,AK,AK,F
10:26:10,ICBP,RG,9725,21,F,AK,RX,F
10:26:10,ICBP,RG,9725,1,F,CS,RX,F
10:25:39,ICBP,RG,9725,1,F,CS,RX,F
10:25:23,ICBP,RG,9725,1,F,KZ,RX,F
10:25:18,ICBP,RG,9725,1,F,KZ,RX,F
10:25:15,ICBP,RG,9725,3,F,KZ,RX,F
10:25:15,ICBP,RG,9725,9,F,BK,RX,F
10:24:57,ICBP,RG,9725,1,F,CS,RX,F
10:24:45,ICBP,RG,9700,4,D,BB,AK,F
10:24:28,ICBP,RG,9725,1,F,CS,RX,F
10:24:09,ICBP,RG,9700,1,D,BB,PD,D
10:22:36,ICBP,RG,9725,1,D,YP,RX,F
10:22:27,ICBP,RG,9725,1,F,KZ,NI,D
10:22:27,ICBP,RG,9725,1,F,KZ,SQ,D
10:22:27,ICBP,RG,9725,1,F,KZ,AK,F
10:22:27,ICBP,RG,9725,1,F,KZ,YP,D
10:22:27,ICBP,RG,9725,9,F,BK,YP,D
10:22:08,ICBP,RG,9700,3,D,BB,PD,D
10:20:14,ICBP,RG,9700,2,D,BB,LG,D
10:19:37,ICBP,RG,9725,1,F,CS,YP,D
10:19:33,ICBP,RG,9725,2,F,KZ,YP,D
10:19:33,ICBP,RG,9725,9,F,BK,YP,D
10:18:57,ICBP,RG,9725,1,F,KZ,YP,D
10:18:56,ICBP,RG,9725,1,F,CS,YP,D
10:18:54,ICBP,RG,9700,1,D,BB,BQ,D
10:18:33,ICBP,RG,9725,2,F,KZ,YP,D
10:18:32,ICBP,RG,9725,5,F,KZ,YP,D
10:18:30,ICBP,RG,9725,1,F,KZ,YP,D
10:18:30,ICBP,RG,9725,18,F,AK,YP,D
10:18:30,ICBP,RG,9725,5,F,AK,FS,D
10:18:17,ICBP,RG,9725,1,F,CS,FS,D
10:17:37,ICBP,RG,9725,1,F,CS,FS,D
10:16:59,ICBP,RG,9700,5,D,BB,XC,D
10:16:57,ICBP,RG,9725,1,F,CS,FS,D
10:16:26,ICBP,RG,9725,1,F,KZ,FS,D
10:16:24,ICBP,RG,9725,1,F,KZ,FS,D
10:16:24,ICBP,RG,9725,1,F,KZ,AK,F
10:16:24,ICBP,RG,9725,1,F,BK,AK,F
10:16:24,ICBP,RG,9725,9,F,BK,RX,F
10:16:17,ICBP,RG,9725,1,F,KZ,RX,F
10:16:17,ICBP,RG,9725,1,F,CS,RX,F
10:16:00,ICBP,RG,9700,3,D,BB,AK,F
10:15:36,ICBP,RG,9725,1,F,CS,RX,F
10:14:49,ICBP,RG,9725,2,F,KZ,RX,F
10:14:49,ICBP,RG,9725,1,F,CS,RX,F
10:14:36,ICBP,RG,9700,4,D,BB,PD,D
10:14:28,ICBP,RG,9725,1,F,KZ,RX,F
10:14:28,ICBP,RG,9725,5,D,YP,RX,F
10:14:21,ICBP,RG,9725,1,F,KZ,RX,F
10:14:20,ICBP,RG,9725,2,D,CC,RX,F
10:14:15,ICBP,RG,9725,1,F,CS,RX,F
10:14:02,ICBP,RG,9725,3,F,KZ,RX,F
10:14:00,ICBP,RG,9725,2,F,KZ,RX,F
10:14:00,ICBP,RG,9725,10,F,AK,RX,F
10:14:00,ICBP,RG,9725,8,F,AK,FS,D
10:13:50,ICBP,RG,9725,2,F,KZ,FS,D
10:13:50,ICBP,RG,9725,8,F,BK,FS,D
10:13:48,ICBP,RG,9725,3,F,KZ,FS,D
10:13:43,ICBP,RG,9725,4,F,KZ,FS,D
10:13:38,ICBP,RG,9725,1,F,KZ,FS,D
10:13:38,ICBP,RG,9725,1,F,KZ,FS,D
10:13:35,ICBP,RG,9725,1,F,KZ,FS,D
10:13:35,ICBP,RG,9725,3,D,YP,FS,D
10:13:35,ICBP,RG,9725,1,F,CS,FS,D
10:12:24,ICBP,RG,9725,2,F,CS,FS,D
10:11:04,ICBP,RG,9725,2,F,CS,FS,D
10:10:58,ICBP,RG,9700,2,D,BB,PD,D
10:10:56,ICBP,RG,9725,2,F,KZ,FS,D
10:10:56,ICBP,RG,9725,9,F,BK,FS,D
10:10:00,ICBP,RG,9725,15,F,AK,FS,D
10:09:39,ICBP,RG,9725,2,F,CS,FS,D
10:09:23,ICBP,RG,9700,3,D,BB,OD,D
10:09:15,ICBP,RG,9700,1,D,BB,KK,D
10:08:57,ICBP,RG,9700,3,D,BB,PD,D
10:08:48,ICBP,RG,9700,1,D,BB,AK,F
10:08:21,ICBP,RG,9725,2,F,KZ,FS,D
10:08:20,ICBP,RG,9725,8,F,BK,FS,D
10:08:19,ICBP,RG,9725,2,F,KZ,FS,D
10:08:19,ICBP,RG,9725,2,F,CS,FS,D
10:08:15,ICBP,RG,9700,5,D,BB,AK,F
10:07:03,ICBP,RG,9725,1,F,KZ,FS,D
10:07:02,ICBP,RG,9725,2,F,CS,FS,D
10:05:45,ICBP,RG,9725,3,F,KZ,FS,D
10:05:45,ICBP,RG,9725,18,F,AK,FS,D
10:05:41,ICBP,RG,9725,2,F,CS,FS,D
10:05:21,ICBP,RG,9725,1,D,PD,FS,D
10:05:10,ICBP,RG,9725,10,F,BK,FS,D
10:04:16,ICBP,RG,9725,2,F,CS,FS,D
10:03:03,ICBP,RG,9725,1,F,CS,FS,D
10:02:19,ICBP,RG,9725,9,F,BK,FS,D
10:01:57,ICBP,RG,9725,11,D,PD,FS,D
10:01:41,ICBP,RG,9725,2,F,CS,FS,D
10:01:22,ICBP,RG,9725,2,D,AZ,FS,D
10:00:45,ICBP,RG,9725,3,F,AK,FS,D
10:00:45,ICBP,RG,9725,1,F,AK,LG,D
10:00:45,ICBP,RG,9725,1,F,AK,AK,F
10:00:45,ICBP,RG,9725,2,F,AK,PD,D
10:00:45,ICBP,RG,9725,10,F,AK,NI,D
10:00:45,ICBP,RG,9725,1,F,AK,PD,D
10:00:45,ICBP,RG,9725,5,F,AK,GR,D
10:00:19,ICBP,RG,9725,2,F,CS,RX,F
10:00:01,ICBP,RG,9700,2,D,BB,GR,D
09:59:27,ICBP,RG,9725,9,F,BK,RX,F
09:58:58,ICBP,RG,9725,2,F,CS,RX,F
09:57:17,ICBP,RG,9725,2,F,CS,RX,F
09:57:00,ICBP,RG,9725,1,F,BK,RX,F
09:57:00,ICBP,RG,9725,4,F,BK,SQ,D
09:57:00,ICBP,RG,9725,1,F,BK,XC,D
09:57:00,ICBP,RG,9725,1,F,BK,AK,F
09:57:00,ICBP,RG,9725,1,F,BK,AK,F
09:55:56,ICBP,RG,9725,1,F,CS,AK,F
09:55:16,ICBP,RG,9700,21,D,BB,KK,D
09:55:15,ICBP,RG,9725,1,F,CS,AK,F
09:55:00,ICBP,RG,9725,1,D,CC,AK,F
09:54:45,ICBP,RG,9725,22,F,AK,AK,F
09:54:45,ICBP,RG,9725,1,F,AK,AK,F
09:54:45,ICBP,RG,9725,2,F,AK,XC,D
09:54:45,ICBP,RG,9725,1,F,AK,PD,D
09:54:45,ICBP,RG,9725,1,F,AK,AK,F
09:54:35,ICBP,RG,9725,1,F,CS,AK,F
09:54:10,ICBP,RG,9700,6,D,BB,RX,F
09:54:04,ICBP,RG,9700,15,D,BB,PD,D
09:54:02,ICBP,RG,9725,5,F,BK,PD,D
09:54:02,ICBP,RG,9725,1,F,BK,AK,F
09:54:02,ICBP,RG,9725,3,F,BK,AK,F
09:53:59,ICBP,RG,9700,1,D,BB,SQ,D
09:53:47,ICBP,RG,9700,1,D,BB,RX,F
09:53:46,ICBP,RG,9725,1,F,CS,AK,F
09:53:27,ICBP,RG,9700,8,D,BB,RX,F
09:53:27,ICBP,RG,9700,6,F,KZ,RX,F
09:53:26,ICBP,RG,9700,23,F,KZ,LG,D
09:53:26,ICBP,RG,9700,27,F,KZ,LG,D
09:53:26,ICBP,RG,9700,15,D,BB,LG,D
09:53:26,ICBP,RG,9725,1,F,CS,RX,F
09:53:07,ICBP,RG,9725,1,F,KZ,RX,F
09:53:07,ICBP,RG,9725,1,D,PD,RX,F
09:52:35,ICBP,RG,9725,1,F,CS,RX,F
09:52:27,ICBP,RG,9725,1,F,KZ,RX,F
09:52:27,ICBP,RG,9725,5,D,DH,RX,F
09:52:12,ICBP,RG,9725,1,F,KZ,RX,F
09:52:12,ICBP,RG,9725,2,D,AZ,RX,F
09:51:30,ICBP,RG,9725,1,D,XL,RX,F
09:51:10,ICBP,RG,9725,3,F,KZ,RX,F
09:51:10,ICBP,RG,9725,9,F,BK,RX,F
09:50:57,ICBP,RG,9725,3,D,XL,RX,F
09:50:35,ICBP,RG,9725,1,F,KZ,RX,F
09:50:35,ICBP,RG,9725,1,D,XC,RX,F
09:49:42,ICBP,RG,9725,1,D,KK,RX,F
09:49:40,ICBP,RG,9725,2,F,KZ,RX,F
09:49:40,ICBP,RG,9725,5,D,YP,RX,F
09:49:17,ICBP,RG,9700,1,D,BB,XL,D
09:49:05,ICBP,RG,9725,3,D,XC,RX,F
09:48:37,ICBP,RG,9725,3,F,KZ,RX,F
09:48:36,ICBP,RG,9725,8,F,BK,RX,F
09:47:01,ICBP,RG,9700,2,D,BB,XC,D
09:46:39,ICBP,RG,9700,1,D,BB,PD,D
09:46:25,ICBP,RG,9725,2,F,KZ,RX,F
09:46:25,ICBP,RG,9725,4,D,XC,RX,F
09:46:22,ICBP,RG,9725,2,D,CC,RX,F
09:46:03,ICBP,RG,9725,1,F,KZ,RX,F
09:46:03,ICBP,RG,9725,2,D,KK,RX,F
09:45:03,ICBP,RG,9725,1,F,KZ,RX,F
09:44:27,ICBP,RG,9700,1,D,BB,XC,D
09:44:02,ICBP,RG,9725,5,D,YP,RX,F
09:43:01,ICBP,RG,9725,1,F,KZ,RX,F
09:43:01,ICBP,RG,9725,1,D,XC,RX,F
09:42:13,ICBP,RG,9725,13,F,KZ,GR,D
09:41:31,ICBP,RG,9725,9,F,BK,BK,F
09:41:31,ICBP,RG,9725,1,F,KZ,BK,F
09:41:31,ICBP,RG,9725,12,F,KZ,BK,F
09:41:31,ICBP,RG,9725,7,F,KZ,BK,F
09:41:31,ICBP,RG,9725,2,F,CS,BK,F
09:41:31,ICBP,RG,9725,2,F,CS,BK,F
09:41:31,ICBP,RG,9725,1,F,CS,BK,F
09:41:31,ICBP,RG,9725,1,F,CS,BK,F
09:41:31,ICBP,RG,9725,41,F,BK,BK,F
09:41:27,ICBP,RG,9725,37,F,BK,AK,F
09:41:26,ICBP,RG,9725,26,F,BK,AK,F
09:41:23,ICBP,RG,9725,5,F,KZ,BK,F
09:41:23,ICBP,RG,9725,4,F,CS,BK,F
09:41:23,ICBP,RG,9725,1,F,CS,BK,F
09:41:23,ICBP,RG,9725,12,F,AK,BK,F
09:41:23,ICBP,RG,9725,6,D,PD,BK,F
09:41:23,ICBP,RG,9725,36,F,KZ,BK,F
09:41:23,ICBP,RG,9725,13,F,BK,BK,F
09:41:23,ICBP,RG,9725,13,F,ZP,BK,F
09:41:23,ICBP,RG,9725,4,F,CS,BK,F
09:41:23,ICBP,RG,9725,23,D,GR,BK,F
09:41:13,ICBP,RG,9725,2,D,GR,RX,F
09:41:13,ICBP,RG,9750,1,F,KZ,KK,D
09:41:13,ICBP,RG,9750,1,F,KZ,NI,D
09:41:13,ICBP,RG,9750,3,F,KZ,PD,D
09:41:13,ICBP,RG,9750,3,F,KZ,OD,D
09:41:13,ICBP,RG,9750,1,F,KZ,KK,D
09:41:13,ICBP,RG,9750,6,F,KZ,CC,D
09:41:11,ICBP,RG,9725,32,D,GR,RX,F
09:41:10,ICBP,RG,9725,47,D,GR,BK,F
09:41:06,ICBP,RG,9750,7,F,KZ,CC,D
09:41:03,ICBP,RG,9725,87,D,GR,BK,F
09:40:53,ICBP,RG,9750,4,F,KZ,CC,D
09:40:51,ICBP,RG,9750,3,F,KZ,CC,D
09:40:51,ICBP,RG,9750,1,F,KZ,YP,D
09:40:51,ICBP,RG,9750,4,F,KZ,RX,F
09:40:51,ICBP,RG,9750,9,F,KZ,RX,F
09:40:51,ICBP,RG,9750,1,F,KZ,PD,D
09:40:51,ICBP,RG,9750,1,F,KZ,YP,D
09:40:51,ICBP,RG,9750,7,F,KZ,KK,D
09:40:49,ICBP,RG,9725,8,D,GR,RX,F
09:40:48,ICBP,RG,9750,1,F,CS,KK,D
09:40:48,ICBP,RG,9725,1,D,GR,AK,F
09:40:48,ICBP,RG,9725,1,D,GR,AK,F
09:40:48,ICBP,RG,9725,1,D,GR,XC,D
09:40:48,ICBP,RG,9725,20,D,GR,YP,D
09:40:48,ICBP,RG,9725,5,D,GR,NI,D
09:40:48,ICBP,RG,9725,4,D,GR,SQ,D
09:40:48,ICBP,RG,9725,2,D,GR,XC,D
09:40:48,ICBP,RG,9725,2,D,GR,PD,D
09:40:48,ICBP,RG,9725,1,D,GR,AK,F
09:40:48,ICBP,RG,9725,1,D,GR,AK,F
09:40:48,ICBP,RG,9725,3,D,GR,AK,F
09:40:48,ICBP,RG,9725,1,D,GR,AK,F
09:40:48,ICBP,RG,9725,43,D,GR,RX,F
09:40:48,ICBP,RG,9725,16,D,GR,BK,F
09:40:37,ICBP,RG,9725,1,D,YP,BK,F
09:39:59,ICBP,RG,9725,1,F,KZ,BK,F
09:39:59,ICBP,RG,9725,1,F,CS,BK,F
09:39:07,ICBP,RG,9725,1,F,CS,BK,F
09:39:01,ICBP,RG,9725,5,F,KZ,BK,F
09:39:01,ICBP,RG,9725,20,D,CC,BK,F
09:38:26,ICBP,RG,9725,1,F,CS,BK,F
09:38:17,ICBP,RG,9725,3,F,KZ,BK,F
09:38:17,ICBP,RG,9725,10,F,BK,BK,F
09:37:47,ICBP,RG,9725,1,F,CS,BK,F
09:37:06,ICBP,RG,9725,1,F,KZ,BK,F
09:37:06,ICBP,RG,9725,1,F,CS,BK,F
09:36:50,ICBP,RG,9725,1,D,SQ,BK,F
09:35:55,ICBP,RG,9725,1,F,KZ,BK,F
09:35:54,ICBP,RG,9725,3,D,LG,BK,F
09:34:53,ICBP,RG,9725,4,F,KZ,BK,F
09:34:48,ICBP,RG,9725,13,F,KZ,BK,F
09:34:48,ICBP,RG,9725,50,D,CC,BK,F
09:34:45,ICBP,RG,9725,5,D,CC,BK,F
09:34:45,ICBP,RG,9700,10,D,BB,LS,D
09:34:23,ICBP,RG,9725,2,F,KZ,BK,F
09:34:23,ICBP,RG,9725,1,F,KZ,PD,D
09:34:16,ICBP,RG,9725,3,F,KZ,BK,F
09:34:16,ICBP,RG,9725,9,F,BK,BK,F
09:34:16,ICBP,RG,9725,1,F,KZ,BK,F
09:34:16,ICBP,RG,9725,12,F,ZP,BK,F
09:34:16,ICBP,RG,9725,1,F,KZ,BK,F
09:34:16,ICBP,RG,9725,3,F,CS,BK,F
09:34:02,ICBP,RG,9725,1,F,BK,RX,F
09:34:02,ICBP,RG,9725,3,F,BK,CC,D
09:33:41,ICBP,RG,9725,1,F,CS,CC,D
09:32:57,ICBP,RG,9725,1,F,KZ,CC,D
09:32:57,ICBP,RG,9725,1,F,CS,CC,D
09:32:56,ICBP,RG,9725,1,D,XL,CC,D
09:32:40,ICBP,RG,9725,1,F,KZ,AK,F
09:32:40,ICBP,RG,9725,1,F,KZ,AK,F
09:32:40,ICBP,RG,9725,9,D,CC,RX,F
09:32:40,ICBP,RG,9725,1,D,CC,ZP,F
09:32:18,ICBP,RG,9725,1,F,KZ,ZP,F
09:32:18,ICBP,RG,9725,1,F,CS,ZP,F
09:31:38,ICBP,RG,9725,1,F,KZ,ZP,F
09:31:37,ICBP,RG,9725,2,D,XL,ZP,F
09:31:37,ICBP,RG,9725,1,D,XL,CC,D
09:31:37,ICBP,RG,9725,1,D,XL,CC,D
09:31:25,ICBP,RG,9725,1,F,CS,CC,D
09:31:01,ICBP,RG,9725,2,F,KZ,CC,D
09:30:58,ICBP,RG,9725,1,F,KZ,CC,D
09:30:58,ICBP,RG,9725,7,D,CC,CC,D
09:30:58,ICBP,RG,9725,3,D,CC,YP,D
09:30:48,ICBP,RG,9725,2,F,KZ,YP,D
09:30:48,ICBP,RG,9725,5,F,KZ,SQ,D
09:30:47,ICBP,RG,9725,1,F,CS,SQ,D
09:30:46,ICBP,RG,9725,1,D,CC,SQ,D
09:30:46,ICBP,RG,9725,1,D,CC,AK,F
09:30:46,ICBP,RG,9725,2,D,CC,YP,D
09:30:46,ICBP,RG,9725,1,D,CC,KK,D
09:30:46,ICBP,RG,9725,1,D,CC,AK,F
09:30:46,ICBP,RG,9725,1,D,CC,AK,F
09:30:46,ICBP,RG,9725,12,D,CC,RX,F
09:30:46,ICBP,RG,9725,5,D,CC,XA,D
09:30:46,ICBP,RG,9725,1,D,CC,AK,F
09:30:46,ICBP,RG,9725,1,F,KZ,AK,F
09:30:44,ICBP,RG,9725,1,F,KZ,RX,F
09:30:43,ICBP,RG,9725,4,F,BK,RX,F
09:30:43,ICBP,RG,9725,6,F,BK,NI,D
09:30:36,ICBP,RG,9725,1,F,KZ,NI,D
09:30:34,ICBP,RG,9725,1,F,KZ,NI,D
09:30:33,ICBP,RG,9725,2,D,YP,NI,D
09:30:33,ICBP,RG,9725,1,D,YP,AK,F
09:30:33,ICBP,RG,9725,2,D,YP,RX,F
09:30:17,ICBP,RG,9725,5,F,KZ,RX,F
09:30:15,ICBP,RG,9725,3,F,KZ,RX,F
09:30:15,ICBP,RG,9725,1,F,CS,RX,F
09:30:15,ICBP,RG,9725,19,F,AK,RX,F
09:30:15,ICBP,RG,9725,12,F,AK,OD,D
09:29:43,ICBP,RG,9725,3,F,KZ,OD,D
09:29:38,ICBP,RG,9725,3,F,KZ,OD,D
09:29:38,ICBP,RG,9725,1,F,KZ,OD,D
09:29:36,ICBP,RG,9725,1,D,CC,OD,D
09:29:35,ICBP,RG,9725,1,F,CS,OD,D
09:28:54,ICBP,RG,9725,1,F,CS,OD,D
09:28:15,ICBP,RG,9725,1,F,CS,OD,D
09:27:44,ICBP,RG,9725,10,F,BK,OD,D
09:27:25,ICBP,RG,9725,1,F,CS,OD,D
09:27:08,ICBP,RG,9725,1,D,YP,OD,D
09:26:13,ICBP,RG,9725,7,F,KZ,OD,D
09:26:12,ICBP,RG,9725,5,F,CS,OD,D
09:25:04,ICBP,RG,9700,4,D,BB,RX,F
09:25:02,ICBP,RG,9700,15,D,BB,DR,D
09:24:54,ICBP,RG,9725,8,F,BK,OD,D
09:23:24,ICBP,RG,9700,2,D,BB,RX,F
09:23:24,ICBP,RG,9700,10,D,BB,CC,D
09:23:02,ICBP,RG,9700,1,D,BB,RX,F
09:23:00,ICBP,RG,9700,1,D,BB,BQ,D
09:22:07,ICBP,RG,9700,30,D,BB,RX,F
09:22:06,ICBP,RG,9700,32,D,BB,KK,D
09:22:06,ICBP,RG,9700,3,F,KZ,KK,D
09:22:06,ICBP,RG,9700,4,F,CS,KK,D
09:22:06,ICBP,RG,9700,6,F,BK,KK,D
09:22:06,ICBP,RG,9700,17,F,KZ,KK,D
09:22:06,ICBP,RG,9700,10,D,SQ,KK,D
09:22:06,ICBP,RG,9700,80,F,BK,KK,D
09:22:06,ICBP,RG,9700,3,D,BB,KK,D
09:21:36,ICBP,RG,9700,1,D,BB,BQ,D
09:21:28,ICBP,RG,9700,8,D,BB,CC,D
09:20:36,ICBP,RG,9700,2,D,BB,PD,D
09:20:04,ICBP,RG,9725,9,F,BK,OD,D
09:19:22,ICBP,RG,9700,1,D,BB,YP,D
09:15:53,ICBP,RG,9725,29,F,KZ,OD,D
09:15:33,ICBP,RG,9725,7,F,KZ,OD,D
09:15:17,ICBP,RG,9725,1,F,KZ,SQ,D
09:15:16,ICBP,RG,9725,2,F,KZ,RX,F
09:15:16,ICBP,RG,9725,3,F,ZP,RX,F
09:15:16,ICBP,RG,9725,4,F,BK,RX,F
09:15:16,ICBP,RG,9750,2,F,ZP,KK,D
09:15:15,ICBP,RG,9725,4,F,BK,AK,F
09:15:15,ICBP,RG,9725,2,F,KZ,AK,F
09:15:15,ICBP,RG,9725,1,F,CS,AK,F
09:15:15,ICBP,RG,9725,5,F,CS,AK,F
09:15:15,ICBP,RG,9725,2,F,CS,AK,F
09:15:15,ICBP,RG,9725,23,F,KZ,AK,F
09:15:12,ICBP,RG,9725,3,F,KZ,RX,F
09:15:09,ICBP,RG,9725,1,F,KZ,RX,F
09:15:09,ICBP,RG,9725,2,F,BK,RX,F
09:15:09,ICBP,RG,9750,1,F,CS,BK,F
09:15:09,ICBP,RG,9725,1,F,BK,RX,F
09:15:09,ICBP,RG,9725,1,F,BK,PD,D
09:15:09,ICBP,RG,9725,1,F,BK,RX,F
09:15:09,ICBP,RG,9725,1,F,BK,RX,F
09:15:09,ICBP,RG,9725,2,F,BK,KK,D
09:15:03,ICBP,RG,9700,1,F,KZ,LG,D
09:15:02,ICBP,RG,9700,2,F,KZ,PD,D
09:14:58,ICBP,RG,9700,1,F,KZ,PD,D
09:14:58,ICBP,RG,9700,1,F,KZ,SQ,D
09:14:56,ICBP,RG,9700,24,D,BB,SQ,D
09:14:56,ICBP,RG,9700,1,D,BB,AK,F
09:14:56,ICBP,RG,9700,12,D,BB,FS,D
09:14:56,ICBP,RG,9700,1,D,BB,NI,D
09:14:56,ICBP,RG,9700,23,D,BB,RX,F
09:14:56,ICBP,RG,9700,16,D,BB,XC,D
09:14:56,ICBP,RG,9700,32,D,BB,BK,F
09:14:56,ICBP,RG,9700,45,F,KZ,BK,F
09:14:56,ICBP,RG,9700,1,F,KZ,BK,F
09:14:51,ICBP,RG,9700,3,D,BB,BK,F
09:14:51,ICBP,RG,9700,1,D,BB,RX,F
09:14:51,ICBP,RG,9675,1,D,BB,AK,F
09:14:51,ICBP,RG,9675,1,F,BK,PD,D
09:14:51,ICBP,RG,9675,1,F,BK,BK,F
09:14:51,ICBP,RG,9675,1,F,BK,PD,D
09:14:51,ICBP,RG,9675,1,F,BK,AK,F
09:14:51,ICBP,RG,9675,13,F,BK,RX,F
09:14:51,ICBP,RG,9675,1,F,BK,AK,F
09:14:51,ICBP,RG,9675,5,F,BK,NI,D
09:14:51,ICBP,RG,9675,1,F,BK,AK,F
09:14:51,ICBP,RG,9675,2,F,BK,AK,F
09:14:51,ICBP,RG,9675,1,F,BK,AK,F
09:14:51,ICBP,RG,9675,105,F,BK,RX,F
09:14:51,ICBP,RG,9675,77,F,BK,SQ,D
09:14:44,ICBP,RG,9675,10,F,KZ,SQ,D
09:14:44,ICBP,RG,9675,31,D,BB,SQ,D
09:14:39,ICBP,RG,9675,2,D,KK,SQ,D
09:14:38,ICBP,RG,9675,71,D,BB,SQ,D
09:14:35,ICBP,RG,9675,1,D,BB,SQ,D
09:14:30,ICBP,RG,9675,4,D,CC,SQ,D
09:14:28,ICBP,RG,9675,5,D,CC,SQ,D
09:12:43,ICBP,RG,9675,2,D,DH,SQ,D
09:12:16,ICBP,RG,9675,9,F,BK,SQ,D
09:11:52,ICBP,RG,9675,8,D,XC,SQ,D
09:11:52,ICBP,RG,9675,1,D,XC,SQ,D
09:11:33,ICBP,RG,9675,64,D,BB,SQ,D
09:11:32,ICBP,RG,9650,39,D,CC,RX,F
09:11:29,ICBP,RG,9650,9,D,CC,KK,D
09:11:29,ICBP,RG,9650,2,D,PD,KK,D
09:11:29,ICBP,RG,9650,4,D,XC,KK,D
09:11:29,ICBP,RG,9650,1,D,PD,KK,D
09:11:29,ICBP,RG,9650,1,D,XC,KK,D
09:11:29,ICBP,RG,9650,50,D,ZP,KK,D
09:11:29,ICBP,RG,9650,46,D,BB,KK,D
09:11:29,ICBP,RG,9650,9,D,KK,KK,D
09:11:29,ICBP,RG,9650,34,D,CC,KK,D
09:11:07,ICBP,RG,9650,1,D,CC,NI,D
09:11:04,ICBP,RG,9675,1,D,XL,SQ,D
09:11:03,ICBP,RG,9675,123,D,BB,SQ,D
09:10:53,ICBP,RG,9675,1,D,BB,SQ,D
09:10:25,ICBP,RG,9675,2,D,YP,SQ,D
09:09:21,ICBP,RG,9675,3,D,YP,SQ,D
09:09:19,ICBP,RG,9675,2,D,BB,SQ,D
09:09:19,ICBP,RG,9675,1,D,BB,DR,D
09:09:12,ICBP,RG,9675,1,D,YP,DR,D
09:09:12,ICBP,RG,9675,1,D,YP,AK,F
09:09:12,ICBP,RG,9675,1,D,YP,AK,F
09:09:12,ICBP,RG,9675,7,D,YP,RX,F
09:08:44,ICBP,RG,9675,7,D,BB,RX,F
09:08:44,ICBP,RG,9675,13,D,BB,XC,D
09:08:37,ICBP,RG,9650,8,D,CC,RX,F
09:08:36,ICBP,RG,9650,7,D,CC,CD,D
09:08:36,ICBP,RG,9650,20,D,CC,CD,D
09:08:36,ICBP,RG,9650,20,D,CC,CD,D
09:08:36,ICBP,RG,9650,8,D,SQ,CD,D
09:08:36,ICBP,RG,9650,1,D,SQ,CD,D
09:08:36,ICBP,RG,9650,1,D,PD,CD,D
09:08:36,ICBP,RG,9650,8,D,YP,CD,D
09:08:36,ICBP,RG,9650,7,D,YP,CD,D
09:08:09,ICBP,RG,9675,1,D,YP,XC,D
09:07:29,ICBP,RG,9675,1,D,BB,XC,D
09:07:20,ICBP,RG,9675,2,D,PD,XC,D
09:06:56,ICBP,RG,9700,1,D,CC,RX,F
09:06:49,ICBP,RG,9700,6,D,BB,RX,F
09:06:49,ICBP,RG,9675,1,D,CC,RX,F
09:06:47,ICBP,RG,9700,1,D,BB,RX,F
09:06:46,ICBP,RG,9675,1,D,CC,CD,D
09:06:46,ICBP,RG,9675,25,D,YP,CD,D
09:06:46,ICBP,RG,9675,1,D,BB,CD,D
09:06:46,ICBP,RG,9675,1,D,BB,CD,D
09:06:34,ICBP,RG,9700,1,D,BB,RX,F
09:06:29,ICBP,RG,9700,1,D,BB,RX,F
09:06:29,ICBP,RG,9675,1,D,YP,YP,D
09:06:29,ICBP,RG,9675,3,D,PD,YP,D
09:06:19,ICBP,RG,9700,1,D,NI,RX,F
09:05:58,ICBP,RG,9700,2,D,BB,RX,F
09:05:47,ICBP,RG,9675,9,F,BK,AK,F
09:05:47,ICBP,RG,9675,1,D,NI,AK,F
09:05:42,ICBP,RG,9700,7,D,BB,RX,F
09:05:42,ICBP,RG,9700,2,D,BB,RX,F
09:05:41,ICBP,RG,9700,1,D,XC,RX,F
09:05:41,ICBP,RG,9700,3,D,BB,RX,F
09:05:41,ICBP,RG,9675,39,D,NI,YP,D
09:05:41,ICBP,RG,9675,1,D,PD,YP,D
09:05:41,ICBP,RG,9675,9,D,BB,YP,D
09:05:41,ICBP,RG,9675,10,F,BK,YP,D
09:05:41,ICBP,RG,9675,13,F,ZP,YP,D
09:05:41,ICBP,RG,9675,6,D,CP,YP,D
09:05:41,ICBP,RG,9675,2,D,CC,YP,D
09:05:17,ICBP,RG,9700,10,D,KK,RX,F
09:03:34,ICBP,RG,9700,2,D,BB,RX,F
09:03:08,ICBP,RG,9700,9,F,BK,RX,F
09:02:53,ICBP,RG,9700,2,D,BB,RX,F
09:02:21,ICBP,RG,9675,1,D,CC,AK,F
09:02:21,ICBP,RG,9675,2,D,CC,AK,F
09:02:21,ICBP,RG,9675,1,D,CC,AK,F
09:02:21,ICBP,RG,9675,4,D,CC,RX,F
09:02:17,ICBP,RG,9675,5,D,BB,RX,F
09:02:17,ICBP,RG,9675,1,D,PD,RX,F
09:02:12,ICBP,RG,9650,2,D,YP,RX,F
09:02:12,ICBP,RG,9650,4,D,YP,RX,F
09:02:12,ICBP,RG,9650,1,D,XC,RX,F
09:02:12,ICBP,RG,9650,1,D,KK,RX,F
09:02:12,ICBP,RG,9650,3,D,KK,RX,F
09:02:12,ICBP,RG,9650,1,D,KK,RX,F
09:02:11,ICBP,RG,9675,1,D,BB,RX,F
09:02:11,ICBP,RG,9650,4,D,KK,YP,D
09:02:11,ICBP,RG,9650,5,D,KK,ZP,D
09:02:05,ICBP,RG,9675,3,D,CC,RX,F
09:01:50,ICBP,RG,9675,4,D,BB,RX,F
09:01:45,ICBP,RG,9675,3,D,BB,AK,F
09:01:45,ICBP,RG,9675,1,F,KZ,AK,F
09:01:45,ICBP,RG,9675,2,F,KZ,AK,F
09:01:45,ICBP,RG,9675,2,D,CP,AK,F
09:01:45,ICBP,RG,9675,3,D,XL,AK,F
09:01:45,ICBP,RG,9675,3,D,PD,AK,F
09:01:43,ICBP,RG,9700,80,D,BB,RX,F
09:01:41,ICBP,RG,9700,54,F,KZ,AK,F
09:01:41,ICBP,RG,9700,281,F,KZ,AK,F
09:01:41,ICBP,RG,9700,46,D,BB,AK,F
09:01:41,ICBP,RG,9700,1,D,BB,AK,F
09:01:41,ICBP,RG,9700,1,D,XL,AK,F
09:01:41,ICBP,RG,9700,17,D,BB,AK,F
09:01:41,ICBP,RG,9700,2,D,XL,AK,F
09:01:41,ICBP,RG,9700,22,D,BB,AK,F
09:01:41,ICBP,RG,9700,9,D,CC,AK,F
09:01:41,ICBP,RG,9700,1,D,PD,AK,F
09:01:41,ICBP,RG,9700,3,D,AO,AK,F
09:01:40,ICBP,RG,9725,4,F,KZ,BK,F
09:01:40,ICBP,RG,9725,3,F,KZ,BK,F
09:01:40,ICBP,RG,9725,14,F,KZ,BK,F
09:01:40,ICBP,RG,9725,52,D,YP,BK,F
09:01:40,ICBP,RG,9725,1,F,KZ,BK,F
09:01:40,ICBP,RG,9725,4,F,KZ,BK,F
09:01:26,ICBP,RG,9750,1,D,PD,PD,D
09:01:15,ICBP,RG,9725,2,D,YP,RX,F
09:01:15,ICBP,RG,9725,3,D,YP,AK,F
09:01:15,ICBP,RG,9725,2,D,YP,AK,F
09:01:15,ICBP,RG,9725,3,D,AO,AK,F
09:01:10,ICBP,RG,9750,11,D,YP,PD,D
09:00:44,ICBP,RG,9750,1,F,KZ,AK,F
09:00:44,ICBP,RG,9750,1,D,PD,AK,F
09:00:07,ICBP,RG,9750,1,D,PD,XC,D
09:00:07,ICBP,RG,9750,1,D,CC,XC,D
08:59:00,ICBP,RG,9750,2,D,CC,YP,D
08:59:00,ICBP,RG,9750,1,D,CC,YP,D
08:59:00,ICBP,RG,9750,1,D,CC,PD,D
08:59:00,ICBP,RG,9750,1,D,NI,PD,D
08:59:00,ICBP,RG,9750,3,D,CC,PD,D
08:59:00,ICBP,RG,9750,3,D,XL,PD,D
08:59:00,ICBP,RG,9750,16,D,CC,PD,D
08:59:00,ICBP,RG,9750,1,D,CC,PD,D
08:59:00,ICBP,RG,9750,1,D,CC,PD,D
08:59:00,ICBP,RG,9750,2,D,CC,PD,D
08:59:00,ICBP,RG,9750,1,D,XL,PD,D
08:59:00,ICBP,RG,9750,3,D,YP,PD,D
08:59:00,ICBP,RG,9750,2,D,YP,CC,D
08:59:00,ICBP,RG,9750,1,D,CC,CC,D
08:59:00,ICBP,RG,9750,1,D,CC,SQ,D
08:59:00,ICBP,RG,9750,8,D,CC,AT,D
08:59:00,ICBP,RG,9750,4,D,YP,AT,D
08:59:00,ICBP,RG,9750,1,D,YP,CC,D
08:59:00,ICBP,RG,9750,1,D,CC,CC,D
08:59:00,ICBP,RG,9750,1,D,CC,CC,D
08:59:00,ICBP,RG,9750,1,D,CC,XC,D
08:59:00,ICBP,RG,9750,1,D,CC,EP,D
08:59:00,ICBP,RG,9750,2,D,CC,XL,D
08:59:00,ICBP,RG,9750,2,D,CC,XL,D
08:59:00,ICBP,RG,9750,1,D,CC,XL,D
08:59:00,ICBP,RG,9750,1,D,PD,XL,D
08:59:00,ICBP,RG,9750,6,D,DH,XL,D
08:59:00,ICBP,RG,9750,2,D,DH,XL,D
08:59:00,ICBP,RG,9750,2,D,DH,PD,D
08:59:00,ICBP,RG,9750,4,D,PD,PD,D
08:59:00,ICBP,RG,9750,1,D,DH,PD,D
08:59:00,ICBP,RG,9750,2,D,AZ,PD,D
08:59:00,ICBP,RG,9750,1,D,XC,PD,D
08:59:00,ICBP,RG,9750,1,D,DH,PD,D
08:59:00,ICBP,RG,9750,1,D,AO,PD,D
08:59:00,ICBP,RG,9750,3,D,AO,HP,D
08:59:00,ICBP,RG,9750,1,D,XC,HP,D
08:59:00,ICBP,RG,9750,1,F,KZ,ZP,F
08:59:00,ICBP,RG,9750,1,F,KZ,ZP,F
08:59:00,ICBP,RG,9750,1,F,KZ,AK,F
08:59:00,ICBP,RG,9750,1,F,KZ,AK,F
08:59:00,ICBP,RG,9750,1,F,KZ,AK,F
08:59:00,ICBP,RG,9750,1,F,KZ,AK,F
08:59:00,ICBP,RG,9750,1,F,KZ,RX,F
08:59:00,ICBP,RG,9750,1,F,KZ,RX,F
08:59:00,ICBP,RG,9750,20,F,KZ,RX,F
08:59:00,ICBP,RG,9750,1,F,ZP,RX,F
