Time,Stock,Brd,Price,Qty,BT,BC,SC,ST
15:13:15,ICBP,RG,8850,1,D,YP,PD,D
15:10:13,ICBP,RG,8850,1,D,CC,PD,D
15:09:16,ICBP,RG,8850,1,D,PC,PD,D
15:08:23,ICBP,RG,8850,1,D,NI,PD,D
15:07:32,ICBP,RG,8850,4,D,YP,PD,D
15:07:32,ICBP,RG,8850,1,D,YP,XC,D
15:07:32,ICBP,RG,8850,2,D,YP,PD,D
15:07:32,ICBP,RG,8850,1,D,YP,PD,D
15:07:32,ICBP,RG,8850,6,D,YP,XC,D
15:07:32,ICBP,RG,8850,2,D,YP,PD,D
15:07:32,ICBP,RG,8850,1,D,YP,PD,D
15:07:32,ICBP,RG,8850,5,D,YP,PD,D
15:07:32,ICBP,RG,8850,3,D,YP,EP,D
15:05:08,ICBP,RG,8850,3,D,OD,EP,D
15:04:36,ICBP,RG,8850,3,D,KK,EP,D
15:03:30,ICBP,RG,8850,1,D,KK,EP,D
15:03:30,ICBP,RG,8850,2,D,KK,GR,D
15:00:00,ICBP,RG,8850,2,D,YU,GR,D
15:00:00,ICBP,RG,8850,1,D,YU,NI,D
15:00:00,ICBP,RG,8850,1,D,YU,PD,D
15:00:00,ICBP,RG,8850,1,D,YU,PD,D
15:00:00,ICBP,RG,8850,40,D,YU,YP,D
15:00:00,ICBP,RG,8850,2,D,YU,PD,D
15:00:00,ICBP,RG,8850,1,D,YU,KK,D
15:00:00,ICBP,RG,8850,14,D,YU,YP,D
15:00:00,ICBP,RG,8850,1,D,YU,PD,D
15:00:00,ICBP,RG,8850,1,D,YU,XA,D
15:00:00,ICBP,RG,8850,20,D,YU,CC,D
15:00:00,ICBP,RG,8850,5,D,YU,DR,D
15:00:00,ICBP,RG,8850,20,D,YU,KK,D
15:00:00,ICBP,RG,8850,1,D,YU,YP,D
15:00:00,ICBP,RG,8850,2,D,YU,PD,D
15:00:00,ICBP,RG,8850,2,D,YU,XC,D
15:00:00,ICBP,RG,8850,1,D,YU,PD,D
15:00:00,ICBP,RG,8850,1,D,YU,NI,D
15:00:00,ICBP,RG,8850,10,D,YU,PD,D
15:00:00,ICBP,RG,8850,20,D,YU,SQ,D
15:00:00,ICBP,RG,8850,1,D,YU,PD,D
15:00:00,ICBP,RG,8850,1,D,YU,YP,D
15:00:00,ICBP,RG,8850,1,D,YU,YP,D
15:00:00,ICBP,RG,8850,1,D,YU,PD,D
15:00:00,ICBP,RG,8850,150,D,YU,PD,D
15:00:00,ICBP,RG,8850,10,D,YU,YP,D
15:00:00,ICBP,RG,8850,1,D,YU,YP,D
15:00:00,ICBP,RG,8850,1,D,YU,YP,D
15:00:00,ICBP,RG,8850,1,D,YU,PD,D
15:00:00,ICBP,RG,8850,5,D,YU,YP,D
15:00:00,ICBP,RG,8850,2,D,YU,XC,D
15:00:00,ICBP,RG,8850,10,D,YU,CC,D
15:00:00,ICBP,RG,8850,1,D,YU,PD,D
15:00:00,ICBP,RG,8850,5,D,YU,PD,D
15:00:00,ICBP,RG,8850,10,D,YU,AO,D
15:00:00,ICBP,RG,8850,3,D,YU,PD,D
15:00:00,ICBP,RG,8850,2,D,YU,PD,D
15:00:00,ICBP,RG,8850,100,D,YU,YB,D
15:00:00,ICBP,RG,8850,50,D,YU,CP,D
15:00:00,ICBP,RG,8850,1,D,YU,PD,D
15:00:00,ICBP,RG,8850,140,D,YU,GR,D
15:00:00,ICBP,RG,8850,200,D,YU,SQ,D
15:00:00,ICBP,RG,8850,2,D,YU,LG,D
15:00:00,ICBP,RG,8850,5,D,YU,KK,D
15:00:00,ICBP,RG,8850,2,D,YU,YP,D
15:00:00,ICBP,RG,8850,39,D,YU,YB,D
15:00:00,ICBP,RG,8850,12,F,ZP,YB,D
15:00:00,ICBP,RG,8850,20,F,AK,YB,D
15:00:00,ICBP,RG,8850,30,D,YU,YB,D
15:00:00,ICBP,RG,8850,1,D,YU,XC,D
15:00:00,ICBP,RG,8850,50,D,YU,SQ,D
15:00:00,ICBP,RG,8850,3,D,YU,GR,D
15:00:00,ICBP,RG,8850,25,D,YU,YP,D
15:00:00,ICBP,RG,8850,300,D,YU,YP,D
15:00:00,ICBP,RG,8850,2,D,YU,YP,D
15:00:00,ICBP,RG,8850,1,D,YU,XC,D
15:00:00,ICBP,RG,8850,1,D,YU,PD,D
15:00:00,ICBP,RG,8850,25,D,YU,KK,D
15:00:00,ICBP,RG,8850,8,D,YU,XC,D
15:00:00,ICBP,RG,8850,1,D,YU,PD,D
15:00:00,ICBP,RG,8850,1,D,YU,GR,D
15:00:00,ICBP,RG,8850,4,D,YU,XL,D
15:00:00,ICBP,RG,8850,1,D,YU,PD,D
15:00:00,ICBP,RG,8850,100,D,YU,AZ,D
15:00:00,ICBP,RG,8850,1,D,YU,YP,D
15:00:00,ICBP,RG,8850,1,D,YU,SQ,D
15:00:00,ICBP,RG,8850,10,D,YU,DX,D
15:00:00,ICBP,RG,8850,23,D,YU,DH,D
15:00:00,ICBP,RG,8850,6,D,YU,NI,D
15:00:00,ICBP,RG,8850,6,D,YU,PD,D
15:00:00,ICBP,RG,8850,2,D,YU,XC,D
15:00:00,ICBP,RG,8850,20,D,YU,CP,D
15:00:00,ICBP,RG,8850,5,D,YU,YP,D
15:00:00,ICBP,RG,8850,4,D,YU,YP,D
15:00:00,ICBP,RG,8850,1,D,YU,GR,D
15:00:00,ICBP,RG,8850,1,D,YU,XC,D
15:00:00,ICBP,RG,8850,20,D,YU,CC,D
15:00:00,ICBP,RG,8850,5,D,YU,CC,D
15:00:00,ICBP,RG,8850,3,D,YU,PD,D
15:00:00,ICBP,RG,8850,7,D,YU,OD,D
15:00:00,ICBP,RG,8850,10,D,YU,CP,D
15:00:00,ICBP,RG,8850,6,D,YU,CC,D
15:00:00,ICBP,RG,8850,1,D,YU,DH,D
15:00:00,ICBP,RG,8850,5,D,YU,YP,D
15:00:00,ICBP,RG,8850,1,D,YU,NI,D
15:00:00,ICBP,RG,8850,2,D,YU,PD,D
15:00:00,ICBP,RG,8850,1,D,YU,XC,D
15:00:00,ICBP,RG,8850,8,D,YU,CC,D
15:00:00,ICBP,RG,8850,3,D,YU,PD,D
15:00:00,ICBP,RG,8850,2,D,YU,EP,D
15:00:00,ICBP,RG,8850,2,D,YU,CC,D
15:00:00,ICBP,RG,8850,56,D,YU,YP,D
15:00:00,ICBP,RG,8850,10,D,YU,KK,D
15:00:00,ICBP,RG,8850,5,D,YU,YP,D
15:00:00,ICBP,RG,8850,1,D,YU,AO,D
15:00:00,ICBP,RG,8850,1,D,YU,PD,D
15:00:00,ICBP,RG,8850,10,D,YU,XC,D
15:00:00,ICBP,RG,8850,10,D,YU,HP,D
15:00:00,ICBP,RG,8850,1,D,YU,PD,D
15:00:00,ICBP,RG,8850,20,D,YU,YP,D
15:00:00,ICBP,RG,8850,5,D,YU,KK,D
15:00:00,ICBP,RG,8850,2,D,YU,YP,D
15:00:00,ICBP,RG,8850,15,D,YU,KK,D
15:00:00,ICBP,RG,8850,3,D,YU,SQ,D
15:00:00,ICBP,RG,8850,1,D,YU,LS,D
15:00:00,ICBP,RG,8850,10,D,YU,MU,D
15:00:00,ICBP,RG,8850,2,D,YU,AZ,D
15:00:00,ICBP,RG,8850,5,D,YU,YP,D
15:00:00,ICBP,RG,8850,5,D,YU,YP,D
15:00:00,ICBP,RG,8850,50,D,YU,GR,D
15:00:00,ICBP,RG,8850,100,D,YU,YP,D
15:00:00,ICBP,RG,8850,50,D,YU,PD,D
15:00:00,ICBP,RG,8850,230,D,YU,CS,F
15:00:00,ICBP,RG,8850,5,D,YU,PD,D
15:00:00,ICBP,RG,8850,1,D,YU,PD,D
15:00:00,ICBP,RG,8850,10,D,YU,XC,D
15:00:00,ICBP,RG,8850,1,D,YU,OD,F
15:00:00,ICBP,RG,8850,25,D,YU,SQ,D
15:00:00,ICBP,RG,8850,1,D,YU,YP,D
15:00:00,ICBP,RG,8850,100,D,YU,CP,D
15:00:00,ICBP,RG,8850,10,D,YU,SQ,D
15:00:00,ICBP,RG,8850,6,D,YU,XC,D
15:00:00,ICBP,RG,8850,1,D,YU,YP,D
15:00:00,ICBP,RG,8850,10,D,YU,PD,D
15:00:00,ICBP,RG,8850,27,D,YU,GR,D
15:00:00,ICBP,RG,8850,29,D,YU,GR,D
15:00:00,ICBP,RG,8850,21,D,YU,AK,F
15:00:00,ICBP,RG,8850,6,D,YU,KK,D
15:00:00,ICBP,RG,8850,14,D,YU,AK,F
15:00:00,ICBP,RG,8850,13,D,YU,AK,F
14:49:58,ICBP,RG,8800,1,D,YU,AK,F
14:49:57,ICBP,RG,8800,2,D,YU,YP,D
14:49:49,ICBP,RG,8800,1,D,YU,AK,F
14:49:43,ICBP,RG,8800,5,D,YU,NI,D
14:49:42,ICBP,RG,8825,1,F,ZP,YP,D
14:49:33,ICBP,RG,8825,4,D,RX,YP,D
14:49:33,ICBP,RG,8825,1,D,RX,KK,D
14:49:33,ICBP,RG,8825,5,D,RX,YP,D
14:49:33,ICBP,RG,8825,1,D,RX,PD,D
14:49:31,ICBP,RG,8825,14,D,RX,PD,D
14:49:30,ICBP,RG,8800,1,D,YU,AK,F
14:49:27,ICBP,RG,8825,1,F,ZP,PD,D
14:49:26,ICBP,RG,8825,1,F,ZP,PD,D
14:49:24,ICBP,RG,8825,2,D,RX,PD,D
14:49:23,ICBP,RG,8825,3,D,RX,PD,D
14:49:20,ICBP,RG,8825,1,D,RX,PD,D
14:49:18,ICBP,RG,8825,2,D,RX,PD,D
14:49:18,ICBP,RG,8825,1,D,RX,AK,F
14:49:15,ICBP,RG,8825,3,D,RX,CC,D
14:49:15,ICBP,RG,8800,3,D,YU,AK,F
14:49:13,ICBP,RG,8825,1,D,RX,CC,D
14:49:10,ICBP,RG,8800,38,D,YU,BB,F
14:49:08,ICBP,RG,8800,16,D,YU,BB,F
14:49:06,ICBP,RG,8825,1,D,RX,CC,D
14:49:05,ICBP,RG,8825,2,D,RX,CC,D
14:49:04,ICBP,RG,8825,1,D,RX,BQ,D
14:49:04,ICBP,RG,8825,1,D,RX,PD,D
14:49:01,ICBP,RG,8825,1,D,RX,PD,D
14:49:00,ICBP,RG,8825,9,F,ZP,PD,D
14:49:00,ICBP,RG,8825,7,F,ZP,YP,D
14:49:00,ICBP,RG,8825,1,F,ZP,XC,D
14:49:00,ICBP,RG,8825,1,F,ZP,XC,D
14:49:00,ICBP,RG,8825,3,F,ZP,PD,D
14:49:00,ICBP,RG,8825,2,F,ZP,PD,D
14:49:00,ICBP,RG,8825,10,F,ZP,AO,D
14:49:00,ICBP,RG,8825,2,F,ZP,CP,D
14:49:00,ICBP,RG,8800,1,D,YU,AK,F
14:48:58,ICBP,RG,8800,4,D,YU,BB,F
14:48:57,ICBP,RG,8825,1,D,RX,CP,D
14:48:56,ICBP,RG,8825,3,D,RX,CP,D
14:48:55,ICBP,RG,8825,3,D,RX,CP,D
14:48:54,ICBP,RG,8825,2,D,RX,CP,D
14:48:50,ICBP,RG,8825,1,D,RX,CP,D
14:48:45,ICBP,RG,8825,3,D,RX,CP,D
14:48:45,ICBP,RG,8800,3,D,YU,AK,F
14:48:44,ICBP,RG,8825,2,D,RX,CP,D
14:48:40,ICBP,RG,8825,1,D,RX,CP,D
14:48:36,ICBP,RG,8825,2,D,RX,CP,D
14:48:36,ICBP,RG,8825,2,D,RX,XC,D
14:48:35,ICBP,RG,8825,1,D,RX,XC,D
14:48:35,ICBP,RG,8825,2,D,RX,LG,D
14:48:30,ICBP,RG,8800,1,D,YU,AK,F
14:48:30,ICBP,RG,8800,11,D,YU,BB,F
14:48:30,ICBP,RG,8800,5,D,YU,YU,D
14:48:30,ICBP,RG,8800,1,D,RX,YU,D
14:48:30,ICBP,RG,8775,5,D,EP,BB,F
14:48:27,ICBP,RG,8800,4,D,RX,YU,D
14:48:27,ICBP,RG,8800,10,D,PD,YU,D
14:48:24,ICBP,RG,8800,2,D,RX,YU,D
14:48:20,ICBP,RG,8775,4,D,EP,BB,F
14:48:17,ICBP,RG,8800,1,D,RX,YU,D
14:48:16,ICBP,RG,8800,1,D,RX,YU,D
14:48:15,ICBP,RG,8775,2,D,EP,AK,F
14:48:11,ICBP,RG,8775,8,D,EP,BB,F
14:48:11,ICBP,RG,8775,1,D,PD,BB,F
14:48:11,ICBP,RG,8775,5,D,YP,BB,F
14:48:04,ICBP,RG,8825,2,D,KZ,LG,D
14:48:02,ICBP,RG,8800,1,D,KZ,YP,D
14:48:00,ICBP,RG,8800,27,D,KZ,BK,F
14:48:00,ICBP,RG,8800,2,D,KZ,AK,F
14:47:59,ICBP,RG,8800,2,D,KZ,CC,D
14:47:49,ICBP,RG,8800,5,F,ZP,CC,D
14:47:45,ICBP,RG,8800,3,F,ZP,BB,F
14:47:45,ICBP,RG,8800,4,F,ZP,BB,F
14:47:45,ICBP,RG,8800,17,D,CC,BB,F
14:47:39,ICBP,RG,8825,3,F,CS,LG,D
14:47:39,ICBP,RG,8825,5,F,CS,LG,D
14:47:30,ICBP,RG,8825,2,F,CS,LG,D
14:47:30,ICBP,RG,8825,5,F,CS,LG,D
14:47:30,ICBP,RG,8825,1,F,CS,LG,D
14:47:30,ICBP,RG,8825,2,F,CS,LG,D
14:47:30,ICBP,RG,8825,2,F,CS,LG,D
14:47:11,ICBP,RG,8775,10,D,RX,XC,D
14:46:58,ICBP,RG,8775,19,D,RX,KK,D
14:46:58,ICBP,RG,8800,6,F,CS,KK,D
14:46:58,ICBP,RG,8800,24,F,ZP,KK,D
14:46:58,ICBP,RG,8800,1,D,CC,KK,D
14:46:56,ICBP,RG,8800,1,D,CC,AK,F
14:46:56,ICBP,RG,8800,4,D,CC,BB,F
14:46:55,ICBP,RG,8775,40,D,RX,BB,F
14:46:55,ICBP,RG,8775,1,D,XC,BB,F
14:46:50,ICBP,RG,8800,1,F,CS,BB,F
14:46:50,ICBP,RG,8800,2,F,CS,AK,F
14:46:49,ICBP,RG,8800,2,D,PD,AK,F
14:46:42,ICBP,RG,8800,4,F,CS,AK,F
14:46:32,ICBP,RG,8800,4,F,CS,AK,F
14:46:22,ICBP,RG,8800,1,F,CS,AK,F
14:46:22,ICBP,RG,8800,2,F,CS,BB,F
14:46:22,ICBP,RG,8800,1,F,CS,PD,D
14:46:11,ICBP,RG,8800,2,F,CS,PD,D
14:46:01,ICBP,RG,8800,1,F,CS,PD,D
14:46:01,ICBP,RG,8800,2,F,CS,PD,D
14:46:01,ICBP,RG,8800,5,F,CS,PD,D
14:46:01,ICBP,RG,8800,3,F,ZP,PD,D
14:46:01,ICBP,RG,8800,8,F,ZP,PD,D
14:46:01,ICBP,RG,8800,12,F,CS,PD,D
14:46:01,ICBP,RG,8800,2,D,KZ,PD,D
14:46:01,ICBP,RG,8800,2,D,KZ,PD,D
14:46:01,ICBP,RG,8800,2,D,KZ,PD,D
14:46:01,ICBP,RG,8800,10,F,ZP,PD,D
14:46:00,ICBP,RG,8800,2,F,ZP,AK,F
14:45:50,ICBP,RG,8800,1,F,ZP,XC,D
14:45:46,ICBP,RG,8800,20,F,ZP,BB,F
14:45:46,ICBP,RG,8800,2,F,CS,BB,F
14:45:46,ICBP,RG,8800,28,D,CC,BB,F
14:45:33,ICBP,RG,8825,1,D,XC,LG,D
14:45:28,ICBP,RG,8800,1,D,CC,HP,D
14:45:28,ICBP,RG,8800,6,F,CS,HP,D
14:45:28,ICBP,RG,8800,2,F,ZP,HP,D
14:45:28,ICBP,RG,8800,1,D,RX,HP,D
14:45:16,ICBP,RG,8800,1,D,RX,YP,D
14:45:02,ICBP,RG,8800,16,D,RX,DH,D
14:45:02,ICBP,RG,8800,6,D,RX,DH,D
14:45:02,ICBP,RG,8800,28,D,RX,DH,D
14:44:59,ICBP,RG,8800,19,D,RX,YP,D
14:44:52,ICBP,RG,8825,5,F,CS,YP,D
14:44:52,ICBP,RG,8825,2,F,CS,PD,D
14:44:52,ICBP,RG,8825,1,F,CS,YB,D
14:44:52,ICBP,RG,8825,8,F,CS,XC,D
14:44:52,ICBP,RG,8825,5,F,CS,PD,D
14:44:52,ICBP,RG,8825,1,F,CS,YP,D
14:44:52,ICBP,RG,8825,2,F,CS,PD,D
14:44:52,ICBP,RG,8825,1,F,CS,XA,D
14:44:52,ICBP,RG,8825,1,F,CS,NI,D
14:44:52,ICBP,RG,8825,1,F,CS,PD,D
14:44:52,ICBP,RG,8825,1,F,CS,PD,D
14:44:52,ICBP,RG,8825,2,F,CS,GR,D
14:44:45,ICBP,RG,8800,16,D,RX,AK,F
14:44:33,ICBP,RG,8800,6,D,RX,XC,D
14:44:28,ICBP,RG,8800,43,D,RX,BB,F
14:44:28,ICBP,RG,8800,3,F,CS,BB,F
14:44:28,ICBP,RG,8800,3,F,CS,BB,F
14:44:28,ICBP,RG,8800,3,F,CS,BB,F
14:44:28,ICBP,RG,8800,18,D,KZ,BB,F
14:43:48,ICBP,RG,8800,12,D,KZ,CC,D
14:43:45,ICBP,RG,8800,12,D,KZ,AK,F
14:43:05,ICBP,RG,8800,5,D,KZ,AK,F
14:43:04,ICBP,RG,8800,10,D,KZ,EP,D
14:42:55,ICBP,RG,8800,1,D,KZ,XC,D
14:42:51,ICBP,RG,8800,3,D,KZ,DR,D
14:42:49,ICBP,RG,8800,1,D,KZ,XC,D
14:42:47,ICBP,RG,8800,1,D,KZ,DH,D
14:42:44,ICBP,RG,8800,9,D,KZ,BB,F
14:42:43,ICBP,RG,8800,10,F,ZP,BB,F
14:42:42,ICBP,RG,8800,5,F,ZP,BB,F
14:42:41,ICBP,RG,8800,2,F,ZP,YU,D
14:42:41,ICBP,RG,8800,3,F,ZP,YU,D
14:42:41,ICBP,RG,8800,3,F,CS,YU,D
14:42:41,ICBP,RG,8800,2,F,CS,YU,D
14:42:41,ICBP,RG,8800,5,F,CS,BB,F
14:42:40,ICBP,RG,8800,8,F,CS,BB,F
14:42:40,ICBP,RG,8800,33,D,CC,BB,F
14:42:40,ICBP,RG,8800,7,F,CS,BB,F
14:42:40,ICBP,RG,8800,3,F,ZP,BB,F
14:42:40,ICBP,RG,8800,1,F,ZP,BB,F
14:42:40,ICBP,RG,8800,5,F,ZP,YU,D
14:42:39,ICBP,RG,8800,3,F,ZP,XC,D
14:42:30,ICBP,RG,8800,5,F,ZP,AK,F
14:42:24,ICBP,RG,8800,4,F,ZP,YU,D
14:42:17,ICBP,RG,8800,3,F,CS,YU,D
14:42:17,ICBP,RG,8800,3,F,CS,YU,D
14:41:45,ICBP,RG,8800,2,F,CS,YU,D
14:41:45,ICBP,RG,8800,1,D,XA,YU,D
14:41:37,ICBP,RG,8800,3,D,XA,YU,D
14:41:11,ICBP,RG,8800,1,D,XA,YU,D
14:41:11,ICBP,RG,8800,2,D,XC,YU,D
14:41:09,ICBP,RG,8800,1,D,XC,NI,D
14:41:09,ICBP,RG,8800,4,F,CS,NI,D
14:41:04,ICBP,RG,8800,1,F,CS,XC,D
14:40:54,ICBP,RG,8800,3,F,CS,YU,D
14:40:52,ICBP,RG,8800,1,F,CS,YP,D
14:40:52,ICBP,RG,8800,12,D,OD,YP,D
14:40:52,ICBP,RG,8800,3,D,OD,YP,D
14:40:51,ICBP,RG,8800,1,D,OD,DH,D
14:40:50,ICBP,RG,8825,3,D,CC,GR,D
14:40:50,ICBP,RG,8825,25,D,CC,PD,D
14:40:50,ICBP,RG,8825,2,D,CC,NI,D
14:40:45,ICBP,RG,8800,1,D,OD,XL,D
14:40:37,ICBP,RG,8800,3,D,OD,YU,D
14:40:36,ICBP,RG,8800,18,D,OD,BB,F
14:40:36,ICBP,RG,8800,1,F,CS,BB,F
14:40:36,ICBP,RG,8800,8,F,ZP,BB,F
14:40:36,ICBP,RG,8800,3,F,ZP,BB,F
14:40:36,ICBP,RG,8800,7,F,CS,BB,F
14:40:36,ICBP,RG,8800,26,D,OD,BB,F
14:40:36,ICBP,RG,8800,26,D,OD,BB,F
14:40:36,ICBP,RG,8800,24,D,OD,BB,F
14:40:27,ICBP,RG,8800,1,D,OD,XC,D
14:40:27,ICBP,RG,8800,1,D,OD,SQ,D
14:40:27,ICBP,RG,8800,9,F,CS,SQ,D
14:40:27,ICBP,RG,8800,5,F,CS,SQ,D
14:40:27,ICBP,RG,8800,91,D,KZ,SQ,D
14:40:27,ICBP,RG,8800,12,F,CS,SQ,D
14:40:27,ICBP,RG,8800,1,F,ZP,SQ,D
14:40:22,ICBP,RG,8800,3,F,ZP,YU,D
14:40:13,ICBP,RG,8800,3,F,ZP,YU,D
14:39:48,ICBP,RG,8800,3,F,ZP,YU,D
14:39:40,ICBP,RG,8825,4,D,YU,NI,D
14:39:32,ICBP,RG,8800,3,F,ZP,YU,D
14:39:30,ICBP,RG,8825,16,D,YU,NI,D
14:39:15,ICBP,RG,8800,3,F,ZP,YU,D
14:39:01,ICBP,RG,8825,1,D,YU,NI,D
14:39:01,ICBP,RG,8800,3,F,ZP,YU,D
14:39:01,ICBP,RG,8825,1,D,YU,NI,D
14:39:00,ICBP,RG,8825,1,D,YU,NI,D
14:38:44,ICBP,RG,8825,1,D,YU,NI,D
14:38:44,ICBP,RG,8825,1,D,YU,NI,D
14:38:43,ICBP,RG,8800,3,F,ZP,YU,D
14:38:34,ICBP,RG,8825,1,D,YU,NI,D
14:38:34,ICBP,RG,8825,1,D,YU,NI,D
14:38:33,ICBP,RG,8800,3,F,ZP,KK,D
14:38:32,ICBP,RG,8800,3,F,ZP,YU,D
14:38:14,ICBP,RG,8825,1,D,YU,NI,D
14:38:14,ICBP,RG,8825,1,D,YU,NI,D
14:38:13,ICBP,RG,8825,1,D,YU,NI,D
14:38:13,ICBP,RG,8825,1,D,YU,NI,D
14:38:13,ICBP,RG,8800,3,F,ZP,YU,D
14:38:12,ICBP,RG,8825,5,D,YU,NI,D
14:38:12,ICBP,RG,8825,5,D,YU,NI,D
14:38:12,ICBP,RG,8825,28,D,CC,NI,D
14:38:08,ICBP,RG,8825,1,D,XC,NI,D
14:38:06,ICBP,RG,8825,1,D,YU,NI,D
14:38:06,ICBP,RG,8825,1,D,YU,NI,D
14:38:05,ICBP,RG,8825,1,D,YU,NI,D
14:38:05,ICBP,RG,8825,1,D,YU,NI,D
14:38:05,ICBP,RG,8825,5,D,YU,NI,D
14:38:04,ICBP,RG,8825,5,D,YU,NI,D
14:38:04,ICBP,RG,8825,1,D,YU,NI,D
14:38:04,ICBP,RG,8825,1,D,YU,NI,D
14:38:04,ICBP,RG,8825,12,F,CS,NI,D
14:38:04,ICBP,RG,8825,20,F,CS,DH,D
14:38:04,ICBP,RG,8825,7,F,CS,PD,D
14:38:02,ICBP,RG,8825,1,D,YU,PD,D
14:38:01,ICBP,RG,8825,1,D,YU,PD,D
14:38:01,ICBP,RG,8800,3,F,ZP,YU,D
14:37:45,ICBP,RG,8825,1,D,YU,PD,D
14:37:45,ICBP,RG,8825,1,D,YU,PD,D
14:37:44,ICBP,RG,8825,1,D,YU,PD,D
14:37:44,ICBP,RG,8800,3,F,ZP,YU,D
14:37:44,ICBP,RG,8825,1,D,YU,PD,D
14:37:43,ICBP,RG,8825,2,D,YU,PD,D
14:37:43,ICBP,RG,8825,2,D,YU,PD,D
14:37:43,ICBP,RG,8825,1,D,YU,PD,D
14:37:43,ICBP,RG,8825,2,D,YU,PD,D
14:37:43,ICBP,RG,8825,10,D,YU,PD,D
14:37:43,ICBP,RG,8825,3,D,YU,PD,D
14:37:43,ICBP,RG,8825,1,D,YU,PD,D
14:37:43,ICBP,RG,8825,1,D,YU,XC,D
14:37:42,ICBP,RG,8825,1,D,YU,XC,D
14:37:42,ICBP,RG,8825,1,D,YU,XC,D
14:37:42,ICBP,RG,8825,12,D,YU,XC,D
14:37:42,ICBP,RG,8825,4,D,YU,XC,D
14:37:42,ICBP,RG,8825,4,D,YU,XC,D
14:37:42,ICBP,RG,8800,2,F,ZP,NI,D
14:37:41,ICBP,RG,8800,74,F,ZP,BB,F
14:37:41,ICBP,RG,8800,10,F,ZP,BB,F
14:37:41,ICBP,RG,8800,24,D,RX,BB,F
14:37:37,ICBP,RG,8825,1,D,YU,XC,D
14:37:37,ICBP,RG,8825,1,D,YU,XC,D
14:37:36,ICBP,RG,8800,3,D,RX,YU,D
14:37:25,ICBP,RG,8825,1,F,ZP,XC,D
14:37:25,ICBP,RG,8825,1,F,ZP,XC,D
14:37:24,ICBP,RG,8825,1,D,YU,XC,D
14:37:24,ICBP,RG,8825,1,D,YU,XC,D
14:37:23,ICBP,RG,8825,1,D,YU,XC,D
14:37:23,ICBP,RG,8825,1,D,YU,XC,D
14:37:23,ICBP,RG,8800,3,D,RX,YU,D
14:37:22,ICBP,RG,8825,4,D,YU,XC,D
14:37:22,ICBP,RG,8825,1,D,YU,PD,D
14:37:22,ICBP,RG,8825,3,D,YU,YP,D
14:37:21,ICBP,RG,8825,24,F,ZP,YP,D
14:37:02,ICBP,RG,8825,1,D,YU,YP,D
14:37:02,ICBP,RG,8825,1,D,YU,YP,D
14:37:01,ICBP,RG,8800,4,D,RX,YU,D
14:37:00,ICBP,RG,8825,1,D,YU,YP,D
14:37:00,ICBP,RG,8825,1,D,YU,YP,D
14:37:00,ICBP,RG,8825,4,D,YU,YP,D
14:36:53,ICBP,RG,8825,1,D,YU,YP,D
14:36:53,ICBP,RG,8825,1,D,YU,YP,D
14:36:52,ICBP,RG,8800,5,D,RX,YU,D
14:36:25,ICBP,RG,8825,1,D,YU,YP,D
14:36:25,ICBP,RG,8825,1,D,YU,YP,D
14:36:25,ICBP,RG,8825,1,D,YU,YP,D
14:36:25,ICBP,RG,8825,1,D,YU,YP,D
14:36:25,ICBP,RG,8800,6,D,RX,NI,D
14:36:25,ICBP,RG,8800,4,D,RX,NI,D
14:36:19,ICBP,RG,8825,1,D,YU,YP,D
14:36:19,ICBP,RG,8825,1,D,YU,YP,D
14:36:18,ICBP,RG,8800,5,D,RX,YU,D
14:36:13,ICBP,RG,8800,1,D,RX,YP,D
14:36:02,ICBP,RG,8825,1,D,YU,YP,D
14:36:02,ICBP,RG,8825,1,D,YU,YP,D
14:36:01,ICBP,RG,8825,2,D,YU,YP,D
14:36:01,ICBP,RG,8825,2,D,YU,YP,D
14:36:01,ICBP,RG,8825,10,D,YP,YP,D
14:35:57,ICBP,RG,8825,1,D,YU,YP,D
14:35:57,ICBP,RG,8825,1,D,YU,YP,D
14:35:56,ICBP,RG,8800,6,D,RX,YU,D
14:35:38,ICBP,RG,8825,1,D,YU,YP,D
14:35:38,ICBP,RG,8825,1,D,YU,YP,D
14:35:37,ICBP,RG,8825,2,D,YU,YP,D
14:35:37,ICBP,RG,8825,2,D,YU,YP,D
14:35:37,ICBP,RG,8825,3,D,YU,YP,D
14:35:37,ICBP,RG,8825,3,D,YU,YP,D
14:35:36,ICBP,RG,8825,1,D,YU,YP,D
14:35:36,ICBP,RG,8825,1,D,YU,YP,D
14:35:36,ICBP,RG,8825,1,D,CC,PD,D
14:35:36,ICBP,RG,8825,3,D,CC,CC,D
14:35:36,ICBP,RG,8825,8,D,CC,SQ,D
14:35:36,ICBP,RG,8825,18,D,CC,EP,D
14:35:35,ICBP,RG,8800,5,D,RX,KK,D
14:35:26,ICBP,RG,8825,1,D,YU,EP,D
14:35:26,ICBP,RG,8825,1,D,YU,EP,D
14:35:25,ICBP,RG,8825,1,F,ZP,EP,D
14:35:24,ICBP,RG,8825,1,D,YU,EP,D
14:35:23,ICBP,RG,8825,3,D,YU,EP,D
14:35:23,ICBP,RG,8825,5,D,YU,EP,D
14:35:23,ICBP,RG,8825,1,D,YU,EP,D
14:35:22,ICBP,RG,8825,23,F,ZP,EP,D
14:35:22,ICBP,RG,8825,1,D,YU,EP,D
14:35:22,ICBP,RG,8825,1,D,YU,EP,D
14:35:21,ICBP,RG,8825,7,D,YU,EP,D
14:35:21,ICBP,RG,8825,7,D,YU,EP,D
14:35:20,ICBP,RG,8825,40,F,CS,EP,D
14:34:52,ICBP,RG,8825,1,D,YU,EP,D
14:34:51,ICBP,RG,8825,2,D,YU,EP,D
14:34:51,ICBP,RG,8825,3,D,YU,EP,D
14:34:51,ICBP,RG,8825,13,D,OD,EP,D
14:34:47,ICBP,RG,8800,1,D,RX,OD,D
14:34:02,ICBP,RG,8825,2,D,YU,EP,D
14:34:02,ICBP,RG,8825,2,D,YU,EP,D
14:34:01,ICBP,RG,8825,9,D,YU,EP,D
14:34:01,ICBP,RG,8825,9,D,YU,EP,D
14:34:01,ICBP,RG,8825,51,D,YU,EP,D
14:34:00,ICBP,RG,8825,51,D,YU,EP,D
14:33:59,ICBP,RG,8825,14,D,OD,EP,D
14:33:42,ICBP,RG,8800,3,D,RX,XC,D
14:33:33,ICBP,RG,8800,1,D,RX,NI,D
14:33:11,ICBP,RG,8800,2,D,RX,YU,D
14:33:11,ICBP,RG,8800,1,D,RX,DH,D
14:33:11,ICBP,RG,8800,97,D,RX,BB,F
14:33:11,ICBP,RG,8800,1,D,RX,KK,D
14:33:11,ICBP,RG,8800,4,D,RX,YU,D
14:33:11,ICBP,RG,8800,4,D,RX,AK,F
14:33:11,ICBP,RG,8800,5,D,RX,PD,D
14:33:11,ICBP,RG,8800,30,D,RX,KK,D
14:33:11,ICBP,RG,8800,13,D,RX,KK,D
14:33:11,ICBP,RG,8800,7,D,RX,SQ,D
14:33:11,ICBP,RG,8800,1,D,RX,SQ,D
14:33:11,ICBP,RG,8800,2,D,RX,YU,D
14:33:11,ICBP,RG,8800,14,D,RX,AK,F
14:33:11,ICBP,RG,8800,10,D,RX,DX,D
14:33:11,ICBP,RG,8800,79,D,RX,CC,D
14:33:10,ICBP,RG,8800,1,D,YU,CC,D
14:33:10,ICBP,RG,8800,1,D,YU,CC,D
14:33:09,ICBP,RG,8800,3,D,YU,CC,D
14:33:09,ICBP,RG,8800,3,D,YU,CC,D
14:33:09,ICBP,RG,8800,2,D,YU,CC,D
14:33:09,ICBP,RG,8800,2,D,YU,CC,D
14:33:08,ICBP,RG,8800,9,D,CC,CC,D
14:33:08,ICBP,RG,8800,9,D,CC,YU,D
14:33:08,ICBP,RG,8800,10,D,CC,AK,F
14:33:01,ICBP,RG,8775,1,D,OD,OD,D
14:33:00,ICBP,RG,8800,1,D,YU,AK,F
14:33:00,ICBP,RG,8800,1,D,YU,AK,F
14:33:00,ICBP,RG,8800,1,D,YU,AK,F
14:33:00,ICBP,RG,8800,1,D,YU,AK,F
14:33:00,ICBP,RG,8800,1,D,YU,AK,F
14:33:00,ICBP,RG,8800,2,D,YU,YP,D
14:33:00,ICBP,RG,8800,6,D,YU,YU,D
14:32:59,ICBP,RG,8800,2,D,YU,YU,D
14:32:59,ICBP,RG,8800,2,D,YU,YU,D
14:32:59,ICBP,RG,8800,1,D,OD,YU,D
14:32:59,ICBP,RG,8800,11,D,OD,BB,F
14:32:58,ICBP,RG,8800,1,D,YU,BB,F
14:32:57,ICBP,RG,8800,1,D,YU,BB,F
14:32:56,ICBP,RG,8800,1,D,YU,BB,F
14:32:56,ICBP,RG,8800,1,D,YU,BB,F
14:32:56,ICBP,RG,8775,8,D,OD,YU,D
14:32:16,ICBP,RG,8800,2,D,YU,BB,F
14:32:16,ICBP,RG,8800,2,D,YU,BB,F
14:32:16,ICBP,RG,8775,7,D,OD,YU,D
14:32:16,ICBP,RG,8775,1,D,OD,YU,D
14:32:02,ICBP,RG,8800,1,D,YU,BB,F
14:32:02,ICBP,RG,8800,1,D,YU,BB,F
14:32:01,ICBP,RG,8800,2,D,YU,BB,F
14:32:01,ICBP,RG,8800,2,D,YU,BB,F
14:32:01,ICBP,RG,8800,1,D,YU,BB,F
14:32:01,ICBP,RG,8800,1,D,YU,BB,F
14:32:01,ICBP,RG,8800,15,D,OD,BB,F
14:32:00,ICBP,RG,8800,5,D,YU,BB,F
14:32:00,ICBP,RG,8800,5,D,YU,BB,F
14:31:59,ICBP,RG,8800,28,F,CS,BB,F
14:31:31,ICBP,RG,8775,1,D,OD,CC,D
14:31:05,ICBP,RG,8800,1,D,YU,BB,F
14:31:05,ICBP,RG,8800,1,D,YU,BB,F
14:31:04,ICBP,RG,8800,1,D,YU,BB,F
14:31:04,ICBP,RG,8800,1,D,YU,BB,F
14:31:03,ICBP,RG,8800,8,D,YU,BB,F
14:31:03,ICBP,RG,8800,8,D,YU,BB,F
14:31:03,ICBP,RG,8800,1,D,YU,BB,F
14:31:03,ICBP,RG,8800,1,D,YU,BB,F
14:31:02,ICBP,RG,8800,1,D,YU,BB,F
14:31:02,ICBP,RG,8800,1,D,YU,BB,F
14:31:02,ICBP,RG,8800,1,D,YU,BB,F
14:31:02,ICBP,RG,8800,1,D,YU,BB,F
14:31:02,ICBP,RG,8775,43,D,OD,PD,D
14:31:02,ICBP,RG,8775,2,F,ZP,PD,D
14:31:01,ICBP,RG,8800,11,D,OD,BB,F
14:31:01,ICBP,RG,8800,3,D,OD,XC,D
14:30:50,ICBP,RG,8800,1,D,CC,YU,D
14:30:49,ICBP,RG,8800,1,D,PD,YU,D
14:30:37,ICBP,RG,8800,1,D,YU,YU,D
14:30:37,ICBP,RG,8800,1,D,YU,YU,D
14:30:36,ICBP,RG,8800,1,D,YU,YU,D
14:30:35,ICBP,RG,8800,4,D,YU,YU,D
14:30:35,ICBP,RG,8800,1,D,YU,AK,F
14:30:35,ICBP,RG,8800,5,D,YU,AK,F
14:30:35,ICBP,RG,8800,1,D,YU,BB,F
14:30:34,ICBP,RG,8800,30,D,CC,BB,F
14:30:24,ICBP,RG,8800,2,D,YU,BB,F
14:30:24,ICBP,RG,8800,2,D,YU,BB,F
14:30:23,ICBP,RG,8775,8,F,ZP,PD,D
14:30:01,ICBP,RG,8800,1,D,YU,BB,F
14:30:01,ICBP,RG,8800,1,D,YU,BB,F
14:30:00,ICBP,RG,8800,1,D,YU,BB,F
14:30:00,ICBP,RG,8800,1,D,YU,BB,F
14:30:00,ICBP,RG,8775,3,F,ZP,AK,F
14:30:00,ICBP,RG,8800,1,D,YU,BB,F
14:30:00,ICBP,RG,8800,1,D,YU,BB,F
14:29:59,ICBP,RG,8800,3,D,OD,BB,F
14:29:59,ICBP,RG,8800,5,D,OD,EP,D
14:29:59,ICBP,RG,8800,5,D,OD,YU,D
14:29:56,ICBP,RG,8800,1,D,YU,YU,D
14:29:56,ICBP,RG,8800,1,D,YU,YU,D
14:29:56,ICBP,RG,8800,1,D,YU,YU,D
14:29:56,ICBP,RG,8800,1,D,YU,CP,D
14:29:55,ICBP,RG,8775,7,F,ZP,YU,D
14:29:55,ICBP,RG,8775,1,F,CS,YU,D
14:29:24,ICBP,RG,8775,1,F,CS,XL,D
14:29:01,ICBP,RG,8800,3,D,YU,CP,D
14:29:01,ICBP,RG,8800,3,D,YU,CP,D
14:29:01,ICBP,RG,8800,13,D,OD,CP,D
14:29:01,ICBP,RG,8800,1,D,OD,AK,F
14:28:48,ICBP,RG,8800,1,D,YU,AK,F
14:28:48,ICBP,RG,8800,1,D,YU,AK,F
14:28:48,ICBP,RG,8775,5,F,CS,KK,D
14:28:44,ICBP,RG,8775,1,F,CS,OD,D
14:28:34,ICBP,RG,8800,1,D,YU,AK,F
14:28:34,ICBP,RG,8800,1,D,YU,YU,D
14:28:34,ICBP,RG,8800,1,D,YU,YU,D
14:28:33,ICBP,RG,8800,2,D,YU,YU,D
14:28:33,ICBP,RG,8800,5,D,YU,KK,D
14:28:33,ICBP,RG,8800,6,D,YU,KK,D
14:28:33,ICBP,RG,8800,36,F,CS,KK,D
14:28:15,ICBP,RG,8800,1,D,YU,KK,D
14:28:15,ICBP,RG,8800,1,D,YU,KK,D
14:28:15,ICBP,RG,8800,1,D,YU,KK,D
14:28:15,ICBP,RG,8800,1,D,YU,KK,D
14:28:15,ICBP,RG,8775,1,F,CS,YU,D
14:28:15,ICBP,RG,8775,3,F,ZP,YU,D
14:28:15,ICBP,RG,8775,4,D,KZ,YU,D
14:28:15,ICBP,RG,8775,4,D,KZ,AK,F
14:28:05,ICBP,RG,8800,1,D,YU,KK,D
14:28:04,ICBP,RG,8800,1,D,YU,KK,D
14:28:03,ICBP,RG,8800,2,D,YU,KK,D
14:28:03,ICBP,RG,8800,2,D,YU,KK,D
14:28:03,ICBP,RG,8800,13,D,OD,KK,D
14:28:01,ICBP,RG,8800,1,D,YU,KK,D
14:28:00,ICBP,RG,8800,2,D,YU,KK,D
14:28:00,ICBP,RG,8800,1,D,YU,KK,D
14:28:00,ICBP,RG,8800,9,D,YU,KK,D
14:27:59,ICBP,RG,8800,1,D,YU,KK,D
14:27:59,ICBP,RG,8800,1,D,YU,KK,D
14:27:58,ICBP,RG,8800,6,D,YU,KK,D
14:27:58,ICBP,RG,8800,6,D,YU,KK,D
14:27:58,ICBP,RG,8800,30,D,CC,KK,D
14:27:53,ICBP,RG,8800,1,D,SQ,KK,D
14:27:47,ICBP,RG,8800,1,D,AZ,KK,D
14:27:15,ICBP,RG,8800,2,D,YU,KK,D
14:27:15,ICBP,RG,8800,2,D,YU,KK,D
14:27:15,ICBP,RG,8775,8,D,KZ,YU,D
14:27:03,ICBP,RG,8800,1,D,YU,KK,D
14:27:03,ICBP,RG,8800,1,D,YU,KK,D
14:27:03,ICBP,RG,8800,1,D,YP,KK,D
14:27:02,ICBP,RG,8800,3,D,YU,KK,D
14:27:02,ICBP,RG,8800,3,D,YU,KK,D
14:27:01,ICBP,RG,8775,17,D,KZ,SQ,D
14:27:00,ICBP,RG,8800,1,D,YU,KK,D
14:26:59,ICBP,RG,8800,3,D,YU,KK,D
14:26:59,ICBP,RG,8800,2,D,YU,KK,D
14:26:59,ICBP,RG,8800,2,D,OD,KK,D
14:26:59,ICBP,RG,8800,12,D,OD,AK,F
14:25:57,ICBP,RG,8800,3,D,YU,HP,D
14:25:57,ICBP,RG,8800,3,D,YU,HP,D
14:25:57,ICBP,RG,8800,15,D,OD,HP,D
14:25:36,ICBP,RG,8800,2,D,YU,HP,D
14:25:36,ICBP,RG,8800,2,D,YU,HP,D
14:25:36,ICBP,RG,8775,9,D,KZ,YP,D
14:25:19,ICBP,RG,8800,1,D,YU,HP,D
14:25:19,ICBP,RG,8800,1,D,YU,HP,D
14:25:18,ICBP,RG,8800,4,D,YU,HP,D
14:25:18,ICBP,RG,8800,4,D,YU,HP,D
14:25:18,ICBP,RG,8800,26,D,CC,HP,D
14:25:14,ICBP,RG,8800,1,D,YU,HP,D
14:25:14,ICBP,RG,8800,1,D,YU,HP,D
14:25:13,ICBP,RG,8800,3,D,YU,HP,D
14:25:13,ICBP,RG,8800,3,D,YU,HP,D
14:25:12,ICBP,RG,8775,16,D,KZ,CC,D
14:24:57,ICBP,RG,8800,3,D,YU,HP,D
14:24:57,ICBP,RG,8800,3,D,YU,HP,D
14:24:57,ICBP,RG,8800,13,D,OD,HP,D
14:24:32,ICBP,RG,8775,2,D,KZ,OD,D
14:23:59,ICBP,RG,8800,1,D,YU,HP,D
14:23:59,ICBP,RG,8800,1,D,YU,HP,D
14:23:58,ICBP,RG,8800,1,D,YU,HP,D
14:23:58,ICBP,RG,8800,1,D,YU,HP,D
14:23:58,ICBP,RG,8800,1,D,YU,HP,D
14:23:58,ICBP,RG,8800,1,D,YU,HP,D
14:23:57,ICBP,RG,8800,6,D,OD,HP,D
14:23:57,ICBP,RG,8800,3,D,OD,XC,D
14:23:57,ICBP,RG,8800,5,D,OD,XC,D
14:23:14,ICBP,RG,8800,3,D,YU,XC,D
14:23:14,ICBP,RG,8800,2,D,YU,XC,D
14:23:14,ICBP,RG,8800,1,D,YU,PD,D
14:23:13,ICBP,RG,8775,13,D,KZ,CC,D
14:23:03,ICBP,RG,8800,1,D,YU,PD,D
14:23:03,ICBP,RG,8800,1,D,YU,YU,D
14:23:02,ICBP,RG,8800,2,D,YU,YU,D
14:23:02,ICBP,RG,8800,2,D,YU,YU,D
14:23:02,ICBP,RG,8800,2,D,YU,AK,F
14:23:02,ICBP,RG,8800,1,D,YU,DR,D
14:23:02,ICBP,RG,8800,3,D,YU,DR,D
14:23:02,ICBP,RG,8775,5,D,KZ,BB,F
14:23:02,ICBP,RG,8775,8,F,CS,BB,F
14:23:01,ICBP,RG,8800,15,D,OD,DR,D
14:22:44,ICBP,RG,8800,1,D,YU,DR,D
14:22:44,ICBP,RG,8800,1,D,YU,DR,D
14:22:43,ICBP,RG,8800,4,D,YU,DR,D
14:22:43,ICBP,RG,8800,4,D,YU,DR,D
14:22:43,ICBP,RG,8800,1,D,YU,DR,D
14:22:43,ICBP,RG,8800,1,D,YU,NI,D
14:22:42,ICBP,RG,8800,1,D,CC,NI,D
14:22:42,ICBP,RG,8800,10,D,CC,XC,D
14:22:42,ICBP,RG,8800,14,D,CC,BB,F
14:22:42,ICBP,RG,8800,2,D,CC,PD,D
14:22:42,ICBP,RG,8800,1,D,CC,NI,D
14:22:13,ICBP,RG,8775,1,F,CS,XC,D
14:22:10,ICBP,RG,8800,1,D,YU,NI,D
14:22:10,ICBP,RG,8800,1,D,YU,YU,D
14:22:09,ICBP,RG,8800,4,D,YU,YU,D
14:22:09,ICBP,RG,8800,4,D,YU,YU,D
14:22:09,ICBP,RG,8800,1,D,YU,PD,D
14:22:09,ICBP,RG,8800,1,D,YU,PD,D
14:22:08,ICBP,RG,8775,9,F,CS,BB,F
14:22:08,ICBP,RG,8775,13,D,RX,BB,F
14:22:08,ICBP,RG,8775,4,D,RX,BB,F
14:22:08,ICBP,RG,8775,2,D,RX,BB,F
14:22:01,ICBP,RG,8800,1,D,YU,PD,D
14:22:01,ICBP,RG,8800,1,D,YU,PD,D
14:22:01,ICBP,RG,8800,1,D,YU,PD,D
14:22:01,ICBP,RG,8800,1,D,YU,CC,D
14:22:00,ICBP,RG,8800,1,D,YU,CC,D
14:22:00,ICBP,RG,8800,1,D,YU,YU,D
14:22:00,ICBP,RG,8800,2,D,YU,YU,D
14:22:00,ICBP,RG,8800,1,D,YU,YU,D
14:22:00,ICBP,RG,8800,1,D,YU,YU,D
14:22:00,ICBP,RG,8800,2,D,YU,YU,D
14:22:00,ICBP,RG,8800,1,D,YU,PD,D
14:22:00,ICBP,RG,8800,1,D,YU,DR,D
14:22:00,ICBP,RG,8800,1,D,YU,XC,D
14:22:00,ICBP,RG,8800,3,D,YU,YU,D
14:21:59,ICBP,RG,8800,3,D,OD,YU,D
14:21:59,ICBP,RG,8800,6,D,OD,YU,D
14:21:59,ICBP,RG,8800,5,D,OD,YP,D
14:21:43,ICBP,RG,8775,1,D,RX,CC,D
14:21:15,ICBP,RG,8800,1,D,YU,YP,D
14:21:15,ICBP,RG,8800,1,D,YU,YP,D
14:21:14,ICBP,RG,8800,4,D,YU,YP,D
14:21:14,ICBP,RG,8800,4,D,YU,YP,D
14:21:13,ICBP,RG,8775,24,D,RX,BB,F
14:21:01,ICBP,RG,8800,1,D,YU,YU,D
14:21:01,ICBP,RG,8800,1,D,YU,YU,D
14:21:00,ICBP,RG,8800,2,D,YU,YU,D
14:21:00,ICBP,RG,8800,2,D,YU,YU,D
14:20:59,ICBP,RG,8800,1,D,OD,YU,D
14:20:59,ICBP,RG,8800,12,D,OD,NI,D
14:20:59,ICBP,RG,8800,2,D,OD,CC,D
14:20:51,ICBP,RG,8800,1,D,YU,CC,D
14:20:50,ICBP,RG,8775,1,D,RX,PD,D
14:20:50,ICBP,RG,8800,1,D,YU,CC,D
14:20:49,ICBP,RG,8800,1,D,YU,CC,D
14:20:49,ICBP,RG,8800,1,D,YU,CC,D
14:20:48,ICBP,RG,8775,8,D,RX,YU,D
14:20:46,ICBP,RG,8775,1,D,RX,NI,D
14:20:36,ICBP,RG,8800,1,D,YU,CC,D
14:20:36,ICBP,RG,8800,1,D,YU,CC,D
14:20:35,ICBP,RG,8800,3,D,YU,CC,D
14:20:35,ICBP,RG,8800,3,D,YU,CC,D
14:20:34,ICBP,RG,8775,17,D,RX,NI,D
14:20:27,ICBP,RG,8800,1,D,YU,CC,D
14:20:27,ICBP,RG,8800,1,D,YU,CC,D
14:20:26,ICBP,RG,8800,4,D,YU,CC,D
14:20:26,ICBP,RG,8800,4,D,YU,CC,D
14:20:25,ICBP,RG,8775,24,D,RX,BB,F
14:20:14,ICBP,RG,8775,1,D,RX,OD,D
14:19:59,ICBP,RG,8800,1,D,YU,CC,D
14:19:59,ICBP,RG,8800,1,D,YU,CC,D
14:19:58,ICBP,RG,8800,2,D,YU,CC,D
14:19:58,ICBP,RG,8800,2,D,YU,CC,D
14:19:58,ICBP,RG,8800,1,D,YU,AK,F
14:19:58,ICBP,RG,8800,1,D,YU,AK,F
14:19:57,ICBP,RG,8800,3,D,OD,AK,F
14:19:57,ICBP,RG,8800,5,D,OD,DH,D
14:19:57,ICBP,RG,8800,6,D,OD,YU,D
14:19:57,ICBP,RG,8775,1,D,RX,CC,D
14:19:40,ICBP,RG,8800,1,D,YU,PD,D
14:19:40,ICBP,RG,8800,1,D,YU,PD,D
14:19:39,ICBP,RG,8800,3,D,YU,PD,D
14:19:39,ICBP,RG,8800,1,D,YU,XC,D
14:19:39,ICBP,RG,8800,2,D,YU,AK,F
14:19:39,ICBP,RG,8800,1,D,YU,AK,F
14:19:39,ICBP,RG,8800,1,D,YU,AK,F
14:19:38,ICBP,RG,8775,4,D,RX,BB,F
14:19:38,ICBP,RG,8775,2,D,SQ,BB,F
14:19:38,ICBP,RG,8775,12,F,CS,BB,F
14:19:38,ICBP,RG,8775,5,D,CC,BB,F
14:18:54,ICBP,RG,8800,1,D,YU,AK,F
14:18:54,ICBP,RG,8800,2,D,YU,YU,D
14:18:54,ICBP,RG,8800,1,D,YU,PD,D
14:18:53,ICBP,RG,8800,5,D,YU,PD,D
14:18:53,ICBP,RG,8800,1,D,YU,PD,D
14:18:52,ICBP,RG,8775,23,D,CC,BB,F
14:18:52,ICBP,RG,8775,1,D,OD,BB,F
14:18:43,ICBP,RG,8800,1,D,YU,PD,D
14:18:43,ICBP,RG,8800,1,D,YU,PD,D
14:18:42,ICBP,RG,8775,8,D,OD,YU,D
14:18:22,ICBP,RG,8800,1,D,YU,PD,D
14:18:22,ICBP,RG,8800,1,D,YU,YP,D
14:18:21,ICBP,RG,8800,1,D,YU,YP,D
14:18:21,ICBP,RG,8800,1,D,YU,XC,D
14:18:21,ICBP,RG,8800,3,D,YU,PD,D
14:18:21,ICBP,RG,8800,1,D,YU,PD,D
14:18:21,ICBP,RG,8800,4,D,YU,PD,D
14:18:20,ICBP,RG,8800,1,D,YU,PD,D
14:18:20,ICBP,RG,8800,1,D,YU,PD,D
14:18:20,ICBP,RG,8800,13,D,OD,PD,D
14:18:20,ICBP,RG,8800,4,D,OD,YP,D
14:18:20,ICBP,RG,8800,10,D,OD,YP,D
14:18:20,ICBP,RG,8800,3,D,OD,XC,D
14:18:19,ICBP,RG,8800,1,D,PD,XC,D
14:18:07,ICBP,RG,8800,1,D,YU,XC,D
14:18:07,ICBP,RG,8800,1,D,YU,DR,D
14:18:07,ICBP,RG,8800,1,D,YU,DR,D
14:18:07,ICBP,RG,8800,1,D,YU,PD,D
14:18:07,ICBP,RG,8800,2,D,YU,CC,D
14:18:07,ICBP,RG,8800,4,D,YU,XC,D
14:18:06,ICBP,RG,8800,1,D,YU,XC,D
14:18:06,ICBP,RG,8800,1,D,YU,XC,D
14:18:06,ICBP,RG,8775,6,D,OD,BB,F
14:18:06,ICBP,RG,8775,15,F,ZP,BB,F
14:18:06,ICBP,RG,8775,6,F,CS,BB,F
14:18:05,ICBP,RG,8775,1,F,CS,CC,D
14:17:57,ICBP,RG,8800,2,D,YU,XC,D
14:17:57,ICBP,RG,8800,2,D,YU,XC,D
14:17:57,ICBP,RG,8800,11,D,OD,XC,D
14:17:55,ICBP,RG,8800,1,D,YU,XC,D
14:17:55,ICBP,RG,8800,1,D,YU,XC,D
14:17:54,ICBP,RG,8800,1,D,YU,XC,D
14:17:54,ICBP,RG,8800,1,D,YU,XC,D
14:17:54,ICBP,RG,8775,3,D,OD,YU,D
14:17:54,ICBP,RG,8775,1,F,ZP,YU,D
14:17:54,ICBP,RG,8775,1,D,TP,YU,D
14:17:54,ICBP,RG,8775,4,F,CS,YU,D
14:17:13,ICBP,RG,8800,1,D,YU,XC,D
14:17:13,ICBP,RG,8800,1,D,YU,XC,D
14:17:12,ICBP,RG,8800,4,D,YU,XC,D
14:17:12,ICBP,RG,8800,4,D,YU,XC,D
14:17:12,ICBP,RG,8775,1,F,CS,BB,F
14:17:12,ICBP,RG,8775,23,D,CC,BB,F
14:17:01,ICBP,RG,8800,1,D,YU,XC,D
14:17:00,ICBP,RG,8800,1,D,YU,XC,D
14:16:59,ICBP,RG,8800,2,D,YU,XC,D
14:16:59,ICBP,RG,8800,2,D,YU,XC,D
14:16:59,ICBP,RG,8800,14,D,OD,XC,D
14:16:58,ICBP,RG,8800,1,D,YU,XC,D
14:16:57,ICBP,RG,8800,1,D,YU,XC,D
14:16:57,ICBP,RG,8775,1,D,CC,CC,D
14:16:56,ICBP,RG,8775,1,D,CC,PD,D
14:16:27,ICBP,RG,8800,1,D,YU,XC,D
14:16:27,ICBP,RG,8800,1,D,YU,XC,D
14:16:26,ICBP,RG,8800,2,D,YU,XC,D
14:16:26,ICBP,RG,8800,4,D,YU,XC,D
14:16:26,ICBP,RG,8800,2,D,YU,XC,D
14:16:26,ICBP,RG,8800,1,D,YU,XC,D
14:16:26,ICBP,RG,8775,4,D,CC,BB,F
14:16:26,ICBP,RG,8775,1,F,ZP,BB,F
14:16:26,ICBP,RG,8775,2,F,CS,BB,F
14:16:26,ICBP,RG,8775,4,F,CS,BB,F
14:16:26,ICBP,RG,8775,12,F,CS,BB,F
14:16:26,ICBP,RG,8775,2,F,ZP,BB,F
14:16:25,ICBP,RG,8800,2,D,YU,XC,D
14:16:25,ICBP,RG,8800,1,D,YU,XC,D
14:16:24,ICBP,RG,8775,8,F,ZP,YU,D
14:16:13,ICBP,RG,8775,1,F,ZP,CC,D
14:16:01,ICBP,RG,8800,1,D,YU,XC,D
14:16:01,ICBP,RG,8800,1,D,YU,XC,D
14:16:00,ICBP,RG,8800,1,D,YU,XC,D
14:16:00,ICBP,RG,8800,1,D,YU,XC,D
14:16:00,ICBP,RG,8800,1,D,YU,XC,D
14:16:00,ICBP,RG,8800,1,D,YU,XC,D
14:16:00,ICBP,RG,8800,6,D,YU,XC,D
14:16:00,ICBP,RG,8800,1,D,YU,CC,D
14:16:00,ICBP,RG,8800,2,D,YU,CC,D
14:16:00,ICBP,RG,8800,1,D,YU,CC,D
14:15:59,ICBP,RG,8800,3,D,YU,NI,D
14:15:59,ICBP,RG,8800,3,D,YU,NI,D
14:15:59,ICBP,RG,8800,3,D,OD,NI,D
14:15:59,ICBP,RG,8800,12,D,OD,XA,D
14:15:37,ICBP,RG,8800,1,D,YU,XA,D
14:15:37,ICBP,RG,8800,1,D,YU,XA,D
14:15:36,ICBP,RG,8800,1,D,YU,XA,D
14:15:36,ICBP,RG,8800,1,D,YU,XA,D
14:15:36,ICBP,RG,8800,2,D,YU,XA,D
14:15:36,ICBP,RG,8800,2,D,YU,XA,D
14:15:35,ICBP,RG,8775,9,F,ZP,BB,F
14:15:35,ICBP,RG,8775,14,D,OD,BB,F
14:15:29,ICBP,RG,8800,1,D,YU,XA,D
14:15:28,ICBP,RG,8800,1,D,YU,XA,D
14:15:27,ICBP,RG,8800,1,D,YU,XA,D
14:15:27,ICBP,RG,8800,1,D,YU,XA,D
14:15:26,ICBP,RG,8775,9,D,OD,YU,D
14:15:12,ICBP,RG,8800,1,D,YU,XA,D
14:15:12,ICBP,RG,8800,1,D,YU,XA,D
14:15:11,ICBP,RG,8775,3,D,OD,XC,D
14:15:00,ICBP,RG,8750,1,D,YB,PD,D
14:14:51,ICBP,RG,8800,1,D,YU,XA,D
14:14:51,ICBP,RG,8800,1,D,YU,XA,D
14:14:50,ICBP,RG,8800,4,D,YU,XA,D
14:14:50,ICBP,RG,8800,4,D,YU,XA,D
14:14:50,ICBP,RG,8750,1,D,XC,BB,F
14:14:50,ICBP,RG,8750,23,F,BK,BB,F
14:14:38,ICBP,RG,8800,1,D,YU,XA,D
14:14:38,ICBP,RG,8800,1,D,YU,XA,D
14:14:37,ICBP,RG,8800,1,D,CC,XA,D
14:14:07,ICBP,RG,8800,1,D,YU,XA,D
14:14:07,ICBP,RG,8800,1,D,YU,XA,D
14:14:06,ICBP,RG,8800,1,D,YU,XA,D
14:14:06,ICBP,RG,8800,1,D,YU,XA,D
14:14:06,ICBP,RG,8800,2,D,YU,XA,D
14:14:06,ICBP,RG,8800,2,D,YU,XA,D
14:14:05,ICBP,RG,8800,2,D,YU,XA,D
14:14:05,ICBP,RG,8800,1,D,YU,XA,D
14:14:05,ICBP,RG,8800,1,D,YU,XC,D
14:14:05,ICBP,RG,8775,1,F,CS,OD,D
14:14:05,ICBP,RG,8775,1,F,CS,CC,D
14:14:05,ICBP,RG,8775,3,F,CS,AK,F
14:14:05,ICBP,RG,8775,1,D,YU,AK,F
14:14:05,ICBP,RG,8775,1,D,YU,AK,F
14:14:05,ICBP,RG,8775,13,F,CS,AK,F
14:14:05,ICBP,RG,8775,8,D,OD,AK,F
14:14:05,ICBP,RG,8775,5,F,CS,AK,F
14:14:04,ICBP,RG,8800,1,D,YU,AK,F
14:14:04,ICBP,RG,8800,1,D,YU,AK,F
14:14:03,ICBP,RG,8775,2,D,YP,XC,D
14:14:03,ICBP,RG,8800,1,D,YU,DR,D
14:14:03,ICBP,RG,8800,1,D,YU,NI,D
14:14:03,ICBP,RG,8800,1,D,YU,PD,D
14:14:03,ICBP,RG,8800,1,D,YU,AK,F
14:14:03,ICBP,RG,8800,4,D,YU,NI,D
14:14:03,ICBP,RG,8775,3,D,YP,BB,F
14:14:03,ICBP,RG,8775,21,D,CC,BB,F
14:13:59,ICBP,RG,8800,1,D,YU,NI,D
14:13:59,ICBP,RG,8800,1,D,YU,NI,D
14:13:59,ICBP,RG,8800,1,D,YU,YP,D
14:13:59,ICBP,RG,8800,1,D,YU,YP,D
14:13:58,ICBP,RG,8775,5,D,CC,YU,D
14:13:58,ICBP,RG,8775,1,F,ZP,YU,D
14:13:58,ICBP,RG,8775,3,F,CS,YU,D
14:13:57,ICBP,RG,8800,1,D,YU,YP,D
14:13:57,ICBP,RG,8800,1,D,YU,YP,D
14:13:57,ICBP,RG,8800,6,D,OD,YP,D
14:13:57,ICBP,RG,8800,1,D,OD,DX,D
14:13:17,ICBP,RG,8800,1,D,YU,DX,D
14:13:17,ICBP,RG,8800,1,D,YU,DX,D
14:13:16,ICBP,RG,8800,4,D,YU,DX,D
14:13:16,ICBP,RG,8800,4,D,YU,DX,D
14:13:16,ICBP,RG,8800,1,D,YU,DX,D
14:13:16,ICBP,RG,8800,1,D,YU,DX,D
14:13:15,ICBP,RG,8775,6,F,CS,BB,F
14:13:15,ICBP,RG,8775,13,D,RX,BB,F
14:13:15,ICBP,RG,8775,4,D,RX,BB,F
14:13:15,ICBP,RG,8775,6,D,RX,BB,F
14:13:04,ICBP,RG,8800,1,D,YU,DX,D
14:13:03,ICBP,RG,8800,1,D,YU,DX,D
14:13:02,ICBP,RG,8800,1,D,YU,DX,D
14:13:02,ICBP,RG,8800,1,D,YU,DX,D
14:13:01,ICBP,RG,8800,7,D,OD,DX,D
14:12:39,ICBP,RG,8775,1,D,RX,CC,D
14:12:22,ICBP,RG,8800,2,D,YU,DX,D
14:12:22,ICBP,RG,8800,2,D,YU,DX,D
14:12:21,ICBP,RG,8775,8,D,RX,YU,D
14:12:21,ICBP,RG,8800,1,D,YU,DX,D
14:12:21,ICBP,RG,8800,1,D,YU,DX,D
14:12:20,ICBP,RG,8800,4,D,YU,DX,D
14:12:20,ICBP,RG,8800,4,D,YU,DX,D
14:12:19,ICBP,RG,8775,25,D,RX,BB,F
14:12:05,ICBP,RG,8800,1,D,YU,DX,D
14:12:05,ICBP,RG,8800,1,D,YU,DX,D
14:12:04,ICBP,RG,8800,3,D,YU,DX,D
14:12:04,ICBP,RG,8800,3,D,YU,DX,D
14:12:04,ICBP,RG,8800,1,D,YU,DX,D
14:12:04,ICBP,RG,8800,1,D,YU,DX,D
14:12:03,ICBP,RG,8800,17,D,YU,DX,D
14:12:03,ICBP,RG,8800,19,D,YU,DX,D
14:12:03,ICBP,RG,8800,3,D,YU,DX,D
14:12:03,ICBP,RG,8800,1,D,YU,DX,D
14:12:02,ICBP,RG,8775,44,D,RX,DH,D
14:12:02,ICBP,RG,8775,7,D,OD,DH,D
14:12:02,ICBP,RG,8775,7,F,CS,DH,D
14:12:02,ICBP,RG,8775,30,D,CC,DH,D
14:12:02,ICBP,RG,8775,7,F,ZP,DH,D
14:12:02,ICBP,RG,8775,5,D,YP,DH,D
14:12:02,ICBP,RG,8775,13,F,CS,DH,D
14:12:02,ICBP,RG,8775,4,D,OD,DH,D
14:11:31,ICBP,RG,8800,1,D,YU,DX,D
14:11:31,ICBP,RG,8800,1,D,YU,DX,D
14:11:30,ICBP,RG,8800,4,D,YU,DX,D
14:11:30,ICBP,RG,8800,4,D,YU,DX,D
14:11:30,ICBP,RG,8800,1,D,YU,DX,D
14:11:30,ICBP,RG,8800,1,D,YU,DX,D
14:11:29,ICBP,RG,8775,22,D,OD,BB,F
14:11:29,ICBP,RG,8775,2,F,ZP,BB,F
14:11:29,ICBP,RG,8775,2,F,ZP,BB,F
14:11:04,ICBP,RG,8800,2,D,YU,DX,D
14:11:04,ICBP,RG,8800,2,D,YU,DX,D
14:11:03,ICBP,RG,8800,8,D,OD,DX,D
14:10:57,ICBP,RG,8800,1,D,YU,DX,D
14:10:57,ICBP,RG,8800,1,D,YU,DX,D
14:10:56,ICBP,RG,8775,8,F,ZP,YU,D
14:10:56,ICBP,RG,8800,1,D,YU,DX,D
14:10:56,ICBP,RG,8800,1,D,YU,DX,D
14:10:55,ICBP,RG,8800,1,D,YU,DX,D
14:10:55,ICBP,RG,8800,1,D,YU,DX,D
14:10:54,ICBP,RG,8800,8,D,PD,DX,D
14:10:51,ICBP,RG,8775,1,F,ZP,CC,D
14:10:40,ICBP,RG,8800,1,D,YU,DX,D
14:10:40,ICBP,RG,8800,1,D,YU,DX,D
14:10:39,ICBP,RG,8800,1,D,YU,DX,D
14:10:39,ICBP,RG,8800,1,D,YU,DX,D
14:10:38,ICBP,RG,8800,3,D,YU,DX,D
14:10:38,ICBP,RG,8800,3,D,YU,DX,D
14:10:38,ICBP,RG,8800,2,D,YU,DX,D
14:10:38,ICBP,RG,8800,2,D,YU,DX,D
14:10:37,ICBP,RG,8775,4,F,ZP,BB,F
14:10:37,ICBP,RG,8775,2,F,CS,BB,F
14:10:37,ICBP,RG,8775,1,F,CS,BB,F
14:10:37,ICBP,RG,8775,1,D,XC,BB,F
14:10:37,ICBP,RG,8775,12,F,CS,BB,F
14:10:37,ICBP,RG,8775,10,D,KZ,BB,F
14:10:03,ICBP,RG,8800,1,D,YU,DX,D
14:10:03,ICBP,RG,8800,1,D,YU,DX,D
14:10:02,ICBP,RG,8800,7,D,OD,DX,D
14:09:58,ICBP,RG,8800,1,D,YU,DX,D
14:09:58,ICBP,RG,8800,1,D,YU,DX,D
14:09:57,ICBP,RG,8800,5,D,YU,DX,D
14:09:57,ICBP,RG,8800,5,D,YU,DX,D
14:09:56,ICBP,RG,8800,28,D,CC,DX,D
14:09:40,ICBP,RG,8800,1,D,YU,DX,D
14:09:40,ICBP,RG,8800,1,D,YU,DX,D
14:09:39,ICBP,RG,8775,5,D,KZ,BB,F
14:09:34,ICBP,RG,8800,1,D,YU,DX,D
14:09:33,ICBP,RG,8800,1,D,YU,DX,D
14:09:33,ICBP,RG,8800,2,D,YU,DX,D
14:09:32,ICBP,RG,8775,8,D,KZ,YU,D
14:09:26,ICBP,RG,8800,2,D,YU,DX,D
14:09:26,ICBP,RG,8800,2,D,YU,DX,D
14:09:25,ICBP,RG,8775,10,D,KZ,XC,D
14:09:05,ICBP,RG,8800,1,D,YU,DX,D
14:09:05,ICBP,RG,8800,1,D,YU,AK,F
14:09:05,ICBP,RG,8800,2,D,YU,BB,F
14:09:04,ICBP,RG,8800,7,D,OD,BB,F
14:08:59,ICBP,RG,8775,1,D,KZ,CC,D
14:08:52,ICBP,RG,8800,1,D,YU,BB,F
14:08:52,ICBP,RG,8800,1,D,YU,BB,F
14:08:52,ICBP,RG,8800,3,D,YU,BB,F
14:08:52,ICBP,RG,8800,3,D,YU,BB,F
14:08:51,ICBP,RG,8800,1,D,YU,BB,F
14:08:51,ICBP,RG,8800,1,D,YU,BB,F
14:08:51,ICBP,RG,8775,18,D,KZ,BB,F
14:08:51,ICBP,RG,8775,2,F,CS,BB,F
14:08:51,ICBP,RG,8775,2,D,OD,BB,F
14:08:08,ICBP,RG,8800,1,D,YU,BB,F
14:08:08,ICBP,RG,8800,1,D,YU,BB,F
14:08:08,ICBP,RG,8775,8,D,OD,YU,D
14:08:07,ICBP,RG,8800,1,D,YU,BB,F
14:08:07,ICBP,RG,8800,1,D,YU,BB,F
14:08:06,ICBP,RG,8800,1,D,YU,BB,F
14:08:06,ICBP,RG,8800,1,D,YU,YP,D
14:08:06,ICBP,RG,8800,1,D,OD,YP,D
14:08:06,ICBP,RG,8800,7,D,OD,NI,D
14:08:04,ICBP,RG,8800,1,D,YU,NI,D
14:08:04,ICBP,RG,8800,1,D,YU,NI,D
14:08:03,ICBP,RG,8800,5,D,YU,NI,D
14:08:03,ICBP,RG,8800,5,D,YU,NI,D
14:08:02,ICBP,RG,8800,1,D,YU,NI,D
14:08:02,ICBP,RG,8800,1,D,YU,NI,D
14:08:02,ICBP,RG,8800,30,D,CC,NI,D
14:08:02,ICBP,RG,8775,1,D,OD,XC,D
14:07:59,ICBP,RG,8800,1,D,YU,NI,D
14:07:59,ICBP,RG,8800,1,D,YU,NI,D
14:07:59,ICBP,RG,8800,4,D,YU,NI,D
14:07:59,ICBP,RG,8800,4,D,YU,NI,D
14:07:58,ICBP,RG,8800,1,D,YU,NI,D
14:07:58,ICBP,RG,8800,1,D,YU,NI,D
14:07:58,ICBP,RG,8775,15,D,OD,BB,F
14:07:58,ICBP,RG,8775,6,F,ZP,BB,F
14:07:58,ICBP,RG,8775,3,F,CS,BB,F
14:07:58,ICBP,RG,8775,1,F,ZP,BB,F
14:07:58,ICBP,RG,8775,4,D,RX,BB,F
14:07:51,ICBP,RG,8800,2,D,XC,NI,D
14:07:47,ICBP,RG,8775,1,D,RX,OD,D
14:07:28,ICBP,RG,8800,1,D,YU,NI,D
14:07:27,ICBP,RG,8800,1,D,YU,NI,D
14:07:26,ICBP,RG,8800,5,D,YU,NI,D
14:07:26,ICBP,RG,8800,5,D,YU,NI,D
14:07:26,ICBP,RG,8800,27,D,CC,NI,D
14:07:07,ICBP,RG,8800,1,D,YU,NI,D
14:07:07,ICBP,RG,8800,1,D,YU,NI,D
14:07:07,ICBP,RG,8775,1,D,RX,CC,D
14:07:06,ICBP,RG,8800,1,D,YU,NI,D
14:07:06,ICBP,RG,8800,1,D,YU,NI,D
14:07:06,ICBP,RG,8800,7,D,OD,NI,D
14:07:04,ICBP,RG,8800,1,D,YU,NI,D
14:07:04,ICBP,RG,8800,1,D,YU,NI,D
14:07:03,ICBP,RG,8800,2,D,YU,NI,D
14:07:03,ICBP,RG,8800,2,D,YU,NI,D
14:07:03,ICBP,RG,8800,1,D,YU,NI,D
14:07:03,ICBP,RG,8800,1,D,YU,NI,D
14:07:03,ICBP,RG,8775,7,D,RX,AK,F
14:07:03,ICBP,RG,8775,4,D,RX,AK,F
14:07:03,ICBP,RG,8775,3,D,RX,AK,F
14:07:02,ICBP,RG,8800,5,D,YU,NI,D
14:07:02,ICBP,RG,8800,5,D,YU,NI,D
14:07:02,ICBP,RG,8775,26,D,RX,BB,F
14:07:00,ICBP,RG,8800,1,D,YU,NI,D
14:07:00,ICBP,RG,8800,1,D,YU,NI,D
14:07:00,ICBP,RG,8800,8,D,YU,NI,D
14:06:43,ICBP,RG,8800,1,D,YU,NI,D
14:06:43,ICBP,RG,8800,1,D,YU,NI,D
14:06:42,ICBP,RG,8800,2,D,YU,NI,D
14:06:42,ICBP,RG,8800,2,D,YU,NI,D
14:06:42,ICBP,RG,8800,1,D,YU,NI,D
14:06:41,ICBP,RG,8800,11,D,YU,NI,D
14:06:41,ICBP,RG,8800,12,D,YU,NI,D
14:06:41,ICBP,RG,8800,2,D,YU,NI,D
14:06:41,ICBP,RG,8800,2,D,YU,NI,D
14:06:41,ICBP,RG,8775,55,D,RX,XC,D
14:06:41,ICBP,RG,8775,13,F,CS,XC,D
14:06:41,ICBP,RG,8775,8,F,ZP,XC,D
14:06:10,ICBP,RG,8800,1,D,YU,NI,D
14:06:10,ICBP,RG,8800,1,D,YU,NI,D
14:06:09,ICBP,RG,8800,3,D,YU,NI,D
14:06:09,ICBP,RG,8800,3,D,YU,NI,D
14:06:09,ICBP,RG,8800,1,D,YU,NI,D
14:06:09,ICBP,RG,8800,1,D,YU,NI,D
14:06:09,ICBP,RG,8775,10,F,ZP,BB,F
14:06:09,ICBP,RG,8775,5,D,YP,BB,F
14:06:09,ICBP,RG,8775,7,F,CS,BB,F
14:06:09,ICBP,RG,8775,2,D,NI,BB,F
14:06:06,ICBP,RG,8800,1,D,YU,NI,D
14:06:06,ICBP,RG,8800,1,D,YU,NI,D
14:06:06,ICBP,RG,8800,7,D,OD,NI,D
14:05:26,ICBP,RG,8800,1,D,YU,NI,D
14:05:26,ICBP,RG,8800,1,D,YU,NI,D
14:05:25,ICBP,RG,8800,1,D,YU,NI,D
14:05:25,ICBP,RG,8800,1,D,YU,NI,D
14:05:24,ICBP,RG,8800,1,D,YU,XC,D
14:05:24,ICBP,RG,8800,1,D,YU,PD,D
14:05:24,ICBP,RG,8800,3,D,YU,PD,D
14:05:24,ICBP,RG,8800,1,D,YU,PD,D
14:05:24,ICBP,RG,8800,2,D,YU,PD,D
14:05:23,ICBP,RG,8775,3,D,NI,BB,F
14:05:23,ICBP,RG,8775,1,F,ZP,BB,F
14:05:23,ICBP,RG,8775,4,F,CS,BB,F
14:05:23,ICBP,RG,8775,17,D,OD,BB,F
14:05:18,ICBP,RG,8775,1,D,OD,CC,D
14:05:04,ICBP,RG,8800,1,D,YU,PD,D
14:05:04,ICBP,RG,8800,1,D,YU,KK,D
14:05:04,ICBP,RG,8800,5,D,OD,KK,D
14:05:04,ICBP,RG,8800,1,D,OD,PD,D
14:05:04,ICBP,RG,8800,1,D,OD,DH,D
14:04:58,ICBP,RG,8800,1,D,YU,AT,D
14:04:58,ICBP,RG,8800,1,D,YU,CP,D
14:04:57,ICBP,RG,8800,1,D,YU,CP,D
14:04:57,ICBP,RG,8800,1,D,YU,CP,D
14:04:56,ICBP,RG,8800,1,D,YU,CP,D
14:04:56,ICBP,RG,8800,1,D,YU,CP,D
14:04:56,ICBP,RG,8800,4,D,YU,CP,D
14:04:56,ICBP,RG,8800,4,D,YU,CP,D
14:04:56,ICBP,RG,8800,7,D,CC,CP,D
14:04:56,ICBP,RG,8800,24,D,CC,YP,D
14:04:35,ICBP,RG,8800,1,D,YU,YP,D
14:04:35,ICBP,RG,8800,1,D,YU,BQ,D
14:04:34,ICBP,RG,8800,3,D,YU,BQ,D
14:04:34,ICBP,RG,8800,3,D,YU,BQ,D
14:04:34,ICBP,RG,8800,1,D,YU,BQ,D
14:04:34,ICBP,RG,8800,1,D,YU,BQ,D
14:04:33,ICBP,RG,8775,8,D,OD,BB,F
14:04:33,ICBP,RG,8775,1,D,CC,BB,F
14:04:33,ICBP,RG,8775,5,D,CC,BB,F
14:04:33,ICBP,RG,8775,7,F,CS,BB,F
14:04:33,ICBP,RG,8775,5,D,CC,BB,F
14:04:04,ICBP,RG,8800,1,D,YU,BQ,D
14:04:03,ICBP,RG,8800,1,D,YU,BQ,D
14:04:02,ICBP,RG,8800,1,D,YU,BQ,D
14:04:02,ICBP,RG,8800,1,D,YU,BQ,D
14:04:02,ICBP,RG,8800,7,D,OD,BQ,D
14:03:43,ICBP,RG,8800,1,D,YU,BQ,D
14:03:43,ICBP,RG,8800,1,D,YU,BQ,D
14:03:43,ICBP,RG,8800,1,D,YU,BQ,D
14:03:43,ICBP,RG,8800,1,D,YU,BQ,D
14:03:42,ICBP,RG,8800,4,D,YU,BQ,D
14:03:42,ICBP,RG,8800,4,D,YU,BQ,D
14:03:42,ICBP,RG,8775,5,D,CC,BB,F
14:03:42,ICBP,RG,8775,22,D,OD,BB,F
14:03:37,ICBP,RG,8800,1,D,YU,BQ,D
14:03:37,ICBP,RG,8800,1,D,YU,BQ,D
14:03:36,ICBP,RG,8775,4,D,OD,XC,D
14:03:36,ICBP,RG,8775,3,F,ZP,XC,D
14:03:29,ICBP,RG,8775,1,F,ZP,CC,D
14:03:05,ICBP,RG,8800,1,D,YU,BQ,D
14:03:04,ICBP,RG,8800,1,D,YU,BQ,D
14:03:03,ICBP,RG,8800,1,D,YU,BQ,D
14:03:03,ICBP,RG,8800,1,D,YU,BQ,D
14:03:02,ICBP,RG,8800,6,D,OD,BQ,D
14:02:50,ICBP,RG,8800,1,D,YU,BQ,D
14:02:50,ICBP,RG,8800,1,D,YU,BQ,D
14:02:49,ICBP,RG,8800,3,D,YU,BQ,D
14:02:49,ICBP,RG,8800,3,D,YU,BQ,D
14:02:49,ICBP,RG,8800,1,D,YU,BQ,D
14:02:49,ICBP,RG,8800,1,D,YU,BQ,D
14:02:49,ICBP,RG,8775,7,F,ZP,BB,F
14:02:49,ICBP,RG,8775,1,F,ZP,BB,F
14:02:49,ICBP,RG,8775,3,F,CS,BB,F
14:02:49,ICBP,RG,8775,1,F,CS,BB,F
14:02:49,ICBP,RG,8775,8,F,CS,BB,F
14:02:49,ICBP,RG,8775,1,F,CS,BB,F
14:02:49,ICBP,RG,8775,4,D,PD,BB,F
14:02:26,ICBP,RG,8775,1,D,PD,ZP,D
14:02:21,ICBP,RG,8800,1,D,YU,BQ,D
14:02:21,ICBP,RG,8800,1,D,YU,BQ,D
14:02:20,ICBP,RG,8800,5,D,YU,BQ,D
14:02:20,ICBP,RG,8800,5,D,YU,BQ,D
14:02:20,ICBP,RG,8800,25,D,CC,BQ,D
14:02:09,ICBP,RG,8775,2,D,PD,XA,D
14:02:02,ICBP,RG,8800,1,D,YU,BQ,D
14:02:02,ICBP,RG,8800,1,D,YU,BQ,D
14:02:01,ICBP,RG,8800,2,D,YU,BQ,D
14:02:01,ICBP,RG,8800,2,D,YU,BQ,D
14:02:00,ICBP,RG,8800,2,D,YU,BQ,D
14:02:00,ICBP,RG,8800,3,D,YU,BQ,D
14:02:00,ICBP,RG,8800,8,D,OD,BQ,D
14:02:00,ICBP,RG,8800,3,D,YU,BQ,D
14:02:00,ICBP,RG,8800,2,D,YU,BQ,D
14:02:00,ICBP,RG,8775,6,F,CS,BB,F
14:02:00,ICBP,RG,8775,1,F,ZP,BB,F
14:02:00,ICBP,RG,8775,8,F,ZP,BB,F
14:02:00,ICBP,RG,8775,12,D,RX,BB,F
14:01:43,ICBP,RG,8775,1,D,RX,CC,D
14:01:07,ICBP,RG,8800,1,D,YU,BQ,D
14:01:07,ICBP,RG,8800,1,D,YU,BQ,D
14:01:06,ICBP,RG,8800,4,D,YU,BQ,D
14:01:06,ICBP,RG,8800,4,D,YU,BQ,D
14:01:05,ICBP,RG,8775,4,D,RX,BB,F
14:01:05,ICBP,RG,8775,19,D,RX,BB,F
14:01:01,ICBP,RG,8800,1,D,YU,BQ,D
14:01:01,ICBP,RG,8800,1,D,YU,BQ,D
14:01:00,ICBP,RG,8800,7,D,OD,BQ,D
14:00:22,ICBP,RG,8800,1,D,YU,BQ,D
14:00:22,ICBP,RG,8800,1,D,YU,BQ,D
14:00:21,ICBP,RG,8800,5,D,YU,BQ,D
14:00:21,ICBP,RG,8800,5,D,YU,BQ,D
14:00:20,ICBP,RG,8775,27,D,RX,BB,F
14:00:02,ICBP,RG,8800,1,D,YU,BQ,D
14:00:02,ICBP,RG,8800,1,D,YU,BQ,D
14:00:01,ICBP,RG,8800,6,D,OD,BQ,D
13:59:46,ICBP,RG,8800,1,D,YU,BQ,D
13:59:46,ICBP,RG,8800,1,D,YU,BQ,D
13:59:45,ICBP,RG,8800,1,D,YU,BQ,D
13:59:45,ICBP,RG,8800,1,D,YU,BQ,D
13:59:43,ICBP,RG,8800,6,D,PD,BQ,D
13:59:29,ICBP,RG,8800,4,D,YU,BQ,D
13:59:29,ICBP,RG,8800,4,D,YU,BQ,D
13:59:28,ICBP,RG,8775,22,D,RX,BB,F
13:59:02,ICBP,RG,8800,1,D,YU,BQ,D
13:59:02,ICBP,RG,8800,1,D,YU,BQ,D
13:59:01,ICBP,RG,8800,1,D,YU,BQ,D
13:59:01,ICBP,RG,8800,1,D,YU,BQ,D
13:59:01,ICBP,RG,8800,8,D,OD,BQ,D
13:58:38,ICBP,RG,8800,1,D,YU,BQ,D
13:58:38,ICBP,RG,8800,1,D,YU,BQ,D
13:58:38,ICBP,RG,8800,2,D,YU,BQ,D
13:58:38,ICBP,RG,8800,2,D,YU,BQ,D
13:58:37,ICBP,RG,8800,1,D,YU,BQ,D
13:58:37,ICBP,RG,8800,1,D,YU,BQ,D
13:58:37,ICBP,RG,8775,2,D,RX,BB,F
13:58:37,ICBP,RG,8775,3,D,RX,YU,D
13:58:36,ICBP,RG,8800,4,D,YU,BQ,D
13:58:36,ICBP,RG,8800,4,D,YU,BQ,D
13:58:36,ICBP,RG,8775,1,D,RX,CC,D
13:58:36,ICBP,RG,8775,3,D,RX,YU,D
13:58:36,ICBP,RG,8775,2,D,RX,BB,F
13:58:36,ICBP,RG,8775,5,D,RX,YP,D
13:58:36,ICBP,RG,8750,23,F,BK,BB,F
13:57:53,ICBP,RG,8800,1,D,YU,BQ,D
13:57:53,ICBP,RG,8800,1,D,YU,BQ,D
13:57:53,ICBP,RG,8800,3,D,YU,BQ,D
13:57:53,ICBP,RG,8800,3,D,YU,BQ,D
13:57:52,ICBP,RG,8800,1,D,YU,BQ,D
13:57:52,ICBP,RG,8800,1,D,YU,BQ,D
13:57:51,ICBP,RG,8800,2,D,YU,BQ,D
13:57:51,ICBP,RG,8800,2,D,YU,BQ,D
13:57:51,ICBP,RG,8800,1,D,YU,BQ,D
13:57:51,ICBP,RG,8800,1,D,YU,BQ,D
13:57:51,ICBP,RG,8750,10,F,BK,BB,F
13:57:51,ICBP,RG,8750,7,D,CC,BB,F
13:57:51,ICBP,RG,8800,7,D,YU,BQ,D
13:57:51,ICBP,RG,8800,7,D,YU,BQ,D
13:57:50,ICBP,RG,8800,5,D,YU,BQ,D
13:57:50,ICBP,RG,8800,5,D,YU,BQ,D
13:57:50,ICBP,RG,8775,1,F,CS,BB,F
13:57:50,ICBP,RG,8775,26,D,CC,BB,F
13:57:50,ICBP,RG,8775,5,F,CS,BB,F
13:57:50,ICBP,RG,8775,13,D,RX,BB,F
13:57:50,ICBP,RG,8775,4,D,RX,BB,F
13:57:50,ICBP,RG,8775,24,D,RX,BB,F
13:57:42,ICBP,RG,8800,2,D,YU,BQ,D
13:57:42,ICBP,RG,8800,2,D,YU,BQ,D
13:57:42,ICBP,RG,8800,1,D,YU,BQ,D
13:57:42,ICBP,RG,8800,1,D,YU,BQ,D
13:57:41,ICBP,RG,8800,4,D,YU,BQ,D
13:57:41,ICBP,RG,8800,4,D,YU,BQ,D
13:57:41,ICBP,RG,8800,6,D,YU,BQ,D
13:57:41,ICBP,RG,8800,6,D,YU,BQ,D
13:57:41,ICBP,RG,8775,18,D,RX,BB,F
13:57:41,ICBP,RG,8775,3,D,RX,YU,D
13:57:41,ICBP,RG,8775,3,D,RX,YU,D
13:57:41,ICBP,RG,8775,3,D,RX,YU,D
13:57:41,ICBP,RG,8775,2,D,RX,YU,D
13:57:41,ICBP,RG,8775,31,D,RX,YU,D
13:57:29,ICBP,RG,8775,2,D,YU,YU,D
13:57:28,ICBP,RG,8775,2,D,YU,YU,D
13:57:28,ICBP,RG,8775,1,D,YU,YU,D
13:57:28,ICBP,RG,8775,1,D,YU,YU,D
13:57:27,ICBP,RG,8800,10,D,YU,BQ,D
13:57:27,ICBP,RG,8800,10,D,YU,BQ,D
13:57:27,ICBP,RG,8800,1,D,YU,BQ,D
13:57:27,ICBP,RG,8775,1,D,YU,BB,F
13:57:27,ICBP,RG,8775,2,D,YU,AK,F
13:57:27,ICBP,RG,8775,4,D,YU,AK,F
13:57:26,ICBP,RG,8775,5,D,YU,AK,F
13:57:26,ICBP,RG,8775,3,D,YU,AK,F
13:57:26,ICBP,RG,8775,2,D,YU,AK,F
13:57:26,ICBP,RG,8750,4,D,CC,GR,D
13:57:26,ICBP,RG,8750,19,D,OD,GR,D
13:57:26,ICBP,RG,8750,18,D,RX,GR,D
13:57:26,ICBP,RG,8750,6,D,RX,GR,D
13:57:26,ICBP,RG,8750,27,D,RX,GR,D
13:57:26,ICBP,RG,8775,1,D,YU,AK,F
13:57:26,ICBP,RG,8775,1,D,YU,AK,F
13:57:26,ICBP,RG,8750,21,D,RX,AK,F
13:57:26,ICBP,RG,8800,2,D,YU,BQ,D
13:57:25,ICBP,RG,8800,2,D,YU,BQ,D
13:57:25,ICBP,RG,8775,1,F,CS,OD,D
13:57:25,ICBP,RG,8775,1,F,CS,CC,D
13:57:25,ICBP,RG,8800,2,D,YU,BQ,D
13:57:25,ICBP,RG,8800,1,D,YU,BQ,D
13:57:25,ICBP,RG,8775,1,D,YU,PD,D
13:57:25,ICBP,RG,8775,5,F,CS,PD,D
13:57:25,ICBP,RG,8775,7,D,OD,PD,D
13:57:25,ICBP,RG,8775,6,F,ZP,PD,D
13:57:25,ICBP,RG,8775,1,F,CS,PD,D
13:57:25,ICBP,RG,8775,1,F,ZP,PD,D
13:57:25,ICBP,RG,8775,9,F,CS,PD,D
13:57:12,ICBP,RG,8800,4,D,YU,BQ,D
13:57:12,ICBP,RG,8800,4,D,YU,BQ,D
13:57:12,ICBP,RG,8800,23,D,CC,BQ,D
13:57:05,ICBP,RG,8800,1,D,YU,BQ,D
13:57:04,ICBP,RG,8800,1,D,YU,BQ,D
13:57:03,ICBP,RG,8800,2,D,YU,BQ,D
13:57:03,ICBP,RG,8800,2,D,YU,BQ,D
13:57:03,ICBP,RG,8775,2,D,CC,NI,D
13:57:03,ICBP,RG,8775,1,F,CS,NI,D
13:57:03,ICBP,RG,8775,7,D,KZ,NI,D
13:56:59,ICBP,RG,8800,1,D,YU,BQ,D
13:56:59,ICBP,RG,8800,1,D,YU,BQ,D
13:56:59,ICBP,RG,8800,7,D,OD,BQ,D
13:56:22,ICBP,RG,8800,1,D,YU,BQ,D
13:56:22,ICBP,RG,8800,1,D,YU,BQ,D
13:56:21,ICBP,RG,8800,2,D,YU,BQ,D
13:56:21,ICBP,RG,8800,2,D,YU,BQ,D
13:56:21,ICBP,RG,8775,15,D,KZ,YP,D
13:56:19,ICBP,RG,8800,1,D,YU,BQ,D
13:56:19,ICBP,RG,8800,1,D,YU,BQ,D
13:56:18,ICBP,RG,8775,1,D,KZ,CC,D
13:56:14,ICBP,RG,8800,1,D,YU,BQ,D
13:56:14,ICBP,RG,8800,1,D,YU,BQ,D
13:56:14,ICBP,RG,8800,1,D,YU,BQ,D
13:56:14,ICBP,RG,8800,1,D,YU,BQ,D
13:56:13,ICBP,RG,8800,7,D,YU,BQ,D
13:56:13,ICBP,RG,8800,7,D,YU,BQ,D
13:56:13,ICBP,RG,8800,3,D,YU,BQ,D
13:56:13,ICBP,RG,8800,3,D,YU,BQ,D
13:56:12,ICBP,RG,8775,11,D,KZ,CC,D
13:56:12,ICBP,RG,8775,8,F,CS,CC,D
13:56:12,ICBP,RG,8775,5,F,CS,CC,D
13:56:12,ICBP,RG,8775,3,F,CS,CC,D
13:56:12,ICBP,RG,8775,16,F,ZP,CC,D
13:56:12,ICBP,RG,8775,17,D,OD,CC,D
13:56:00,ICBP,RG,8800,1,D,YU,BQ,D
13:56:00,ICBP,RG,8800,1,D,YU,BQ,D
13:55:59,ICBP,RG,8800,3,D,YU,BQ,D
13:55:59,ICBP,RG,8800,3,D,YU,BQ,D
13:55:59,ICBP,RG,8800,1,D,YU,BQ,D
13:55:59,ICBP,RG,8800,1,D,YU,BQ,D
13:55:59,ICBP,RG,8800,7,D,OD,BQ,D
13:55:58,ICBP,RG,8800,9,D,YU,BQ,D
13:55:58,ICBP,RG,8800,9,D,YU,BQ,D
13:55:58,ICBP,RG,8800,4,D,YU,BQ,D
13:55:58,ICBP,RG,8800,4,D,YU,BQ,D
13:55:58,ICBP,RG,8775,9,D,OD,BB,F
13:55:58,ICBP,RG,8775,26,D,OD,BB,F
13:55:58,ICBP,RG,8775,2,F,ZP,BB,F
13:55:58,ICBP,RG,8775,14,F,ZP,BB,F
13:55:58,ICBP,RG,8775,25,D,RX,BB,F
13:55:52,ICBP,RG,8800,1,D,PD,BQ,D
13:55:18,ICBP,RG,8800,1,D,YU,BQ,D
13:55:18,ICBP,RG,8800,1,D,YU,BQ,D
13:55:18,ICBP,RG,8775,1,D,RX,OD,D
13:55:01,ICBP,RG,8800,1,D,YU,BQ,D
13:55:01,ICBP,RG,8800,1,D,YU,BQ,D
13:55:01,ICBP,RG,8800,1,D,YU,BQ,D
13:55:01,ICBP,RG,8800,1,D,YU,BQ,D
13:55:01,ICBP,RG,8800,7,D,OD,BQ,D
13:55:00,ICBP,RG,8800,1,D,YU,BQ,D
13:55:00,ICBP,RG,8800,1,D,YU,BQ,D
13:55:00,ICBP,RG,8800,1,D,YU,BQ,D
13:55:00,ICBP,RG,8800,9,D,YU,BQ,D
13:54:59,ICBP,RG,8800,1,D,YU,BQ,D
13:54:59,ICBP,RG,8800,1,D,YU,BQ,D
13:54:59,ICBP,RG,8800,1,D,YU,BQ,D
13:54:58,ICBP,RG,8800,2,D,YU,BQ,D
13:54:58,ICBP,RG,8800,2,D,YU,BQ,D
13:54:58,ICBP,RG,8800,3,D,YU,BQ,D
13:54:58,ICBP,RG,8800,3,D,YU,BQ,D
13:54:58,ICBP,RG,8775,5,D,RX,YP,D
13:54:58,ICBP,RG,8775,11,D,RX,YP,D
13:54:58,ICBP,RG,8775,15,D,RX,YP,D
13:54:52,ICBP,RG,8775,3,D,RX,CC,D
13:54:46,ICBP,RG,8800,1,D,YU,BQ,D
13:54:46,ICBP,RG,8800,1,D,YU,BQ,D
13:54:45,ICBP,RG,8800,5,D,YU,BQ,D
13:54:45,ICBP,RG,8800,5,D,YU,BQ,D
13:54:44,ICBP,RG,8775,25,D,RX,SQ,D
13:54:43,ICBP,RG,8800,1,D,YU,BQ,D
13:54:43,ICBP,RG,8800,1,D,YU,BQ,D
13:54:42,ICBP,RG,8800,4,D,YU,BQ,D
13:54:42,ICBP,RG,8800,4,D,YU,BQ,D
13:54:42,ICBP,RG,8800,24,D,CC,BQ,D
13:54:42,ICBP,RG,8800,3,D,CC,EP,D
13:54:32,ICBP,RG,8800,1,D,YU,EP,D
13:54:31,ICBP,RG,8800,1,D,YU,EP,D
13:54:31,ICBP,RG,8775,1,D,RX,KK,D
13:54:24,ICBP,RG,8775,1,D,RX,CC,D
13:54:15,ICBP,RG,8775,1,D,RX,YP,D
13:53:59,ICBP,RG,8800,2,D,YU,EP,D
13:53:59,ICBP,RG,8800,2,D,YU,EP,D
13:53:59,ICBP,RG,8800,7,D,OD,EP,D
13:53:30,ICBP,RG,8800,3,D,YU,EP,D
13:53:30,ICBP,RG,8800,3,D,YU,EP,D
13:53:29,ICBP,RG,8800,14,D,YU,EP,D
13:53:29,ICBP,RG,8800,14,D,YU,EP,D
13:53:28,ICBP,RG,8800,1,D,YU,EP,D
13:53:28,ICBP,RG,8800,1,D,YU,EP,D
13:53:28,ICBP,RG,8775,80,D,RX,BB,F
13:53:27,ICBP,RG,8775,5,D,RX,XC,D
13:53:01,ICBP,RG,8800,1,D,YU,EP,D
13:53:01,ICBP,RG,8800,1,D,YU,EP,D
13:53:01,ICBP,RG,8800,7,D,OD,EP,D
13:52:42,ICBP,RG,8800,1,D,YU,EP,D
13:52:42,ICBP,RG,8800,1,D,YU,EP,D
13:52:41,ICBP,RG,8775,1,D,RX,PD,D
13:52:32,ICBP,RG,8775,1,D,RX,CC,D
13:52:13,ICBP,RG,8800,1,D,YU,EP,D
13:52:13,ICBP,RG,8800,1,D,YU,EP,D
13:52:12,ICBP,RG,8800,4,D,YU,EP,D
13:52:12,ICBP,RG,8800,4,D,YU,EP,D
13:52:12,ICBP,RG,8800,1,D,YU,EP,D
13:52:12,ICBP,RG,8800,1,D,YU,EP,D
13:52:12,ICBP,RG,8800,25,D,CC,EP,D
13:52:12,ICBP,RG,8800,1,D,CC,XC,D
13:52:12,ICBP,RG,8800,1,D,CC,SQ,D
13:52:04,ICBP,RG,8800,1,D,YU,SQ,D
13:52:04,ICBP,RG,8800,1,D,YU,SQ,D
13:52:03,ICBP,RG,8800,8,D,OD,SQ,D
13:51:55,ICBP,RG,8800,1,D,YU,SQ,D
13:51:55,ICBP,RG,8800,1,D,YU,SQ,D
13:51:54,ICBP,RG,8775,5,D,RX,KK,D
13:51:14,ICBP,RG,8800,1,D,YU,SQ,D
13:51:14,ICBP,RG,8800,1,D,YU,SQ,D
13:51:13,ICBP,RG,8775,5,D,RX,KK,D
13:51:08,ICBP,RG,8800,1,D,YU,SQ,D
13:51:08,ICBP,RG,8800,1,D,YU,SQ,D
13:51:07,ICBP,RG,8775,1,D,RX,XC,D
13:51:04,ICBP,RG,8800,1,D,YU,SQ,D
13:51:04,ICBP,RG,8800,1,D,YU,SQ,D
13:51:03,ICBP,RG,8800,6,D,OD,SQ,D
13:50:52,ICBP,RG,8800,1,D,YU,SQ,D
13:50:52,ICBP,RG,8800,1,D,YU,SQ,D
13:50:51,ICBP,RG,8800,1,D,YU,SQ,D
13:50:51,ICBP,RG,8800,1,D,YU,SQ,D
13:50:51,ICBP,RG,8800,1,D,YU,SQ,D
13:50:51,ICBP,RG,8800,1,D,YU,SQ,D
13:50:50,ICBP,RG,8800,9,D,YU,SQ,D
13:50:50,ICBP,RG,8800,9,D,YU,SQ,D
13:50:50,ICBP,RG,8800,4,D,YU,SQ,D
13:50:50,ICBP,RG,8800,4,D,YU,SQ,D
13:50:49,ICBP,RG,8775,52,D,RX,BB,F
13:50:49,ICBP,RG,8775,23,D,KZ,BB,F
13:50:44,ICBP,RG,8775,1,D,KZ,CC,D
13:50:13,ICBP,RG,8800,1,D,YU,SQ,D
13:50:13,ICBP,RG,8800,1,D,YU,SQ,D
13:50:12,ICBP,RG,8775,2,D,KZ,XC,D
13:50:05,ICBP,RG,8800,1,D,YU,SQ,D
13:50:05,ICBP,RG,8800,1,D,YU,SQ,D
13:50:04,ICBP,RG,8800,8,D,OD,SQ,D
13:49:45,ICBP,RG,8800,1,D,YU,SQ,D
13:49:45,ICBP,RG,8800,1,D,YU,SQ,D
13:49:44,ICBP,RG,8800,1,D,YU,SQ,D
13:49:44,ICBP,RG,8800,2,D,YU,SQ,D
13:49:44,ICBP,RG,8800,1,D,YU,SQ,D
13:49:43,ICBP,RG,8775,10,D,KZ,NI,D
13:49:43,ICBP,RG,8800,1,D,YU,PD,D
13:49:43,ICBP,RG,8800,1,D,YU,PD,D
13:49:42,ICBP,RG,8800,1,D,YU,PD,D
13:49:42,ICBP,RG,8800,2,D,YU,YP,D
13:49:42,ICBP,RG,8800,3,D,YU,YP,D
13:49:42,ICBP,RG,8800,1,D,YU,YP,D
13:49:42,ICBP,RG,8800,1,D,YU,YP,D
13:49:41,ICBP,RG,8800,3,D,CC,YP,D
13:49:41,ICBP,RG,8800,1,D,CC,YP,D
13:49:41,ICBP,RG,8800,1,D,CC,CC,D
13:49:41,ICBP,RG,8800,1,D,CC,YP,D
13:49:41,ICBP,RG,8800,1,D,CC,YP,D
13:49:41,ICBP,RG,8800,5,D,CC,CC,D
13:49:41,ICBP,RG,8800,1,D,CC,XA,D
13:49:41,ICBP,RG,8800,8,D,CC,AZ,D
13:49:41,ICBP,RG,8800,1,D,CC,HP,D
13:49:41,ICBP,RG,8800,1,D,CC,PD,D
13:49:41,ICBP,RG,8800,3,D,CC,KK,D
13:49:04,ICBP,RG,8800,1,D,YU,KK,D
13:49:03,ICBP,RG,8800,1,D,YU,KK,D
13:49:03,ICBP,RG,8800,1,D,YU,KK,D
13:49:03,ICBP,RG,8800,1,D,YU,KK,D
13:49:02,ICBP,RG,8800,3,D,OD,KK,D
13:49:02,ICBP,RG,8800,1,D,OD,DH,D
13:49:02,ICBP,RG,8800,3,D,OD,CC,D
13:48:56,ICBP,RG,8775,1,D,KZ,CC,D
13:48:22,ICBP,RG,8800,1,D,YU,CC,D
13:48:22,ICBP,RG,8800,1,D,YU,CC,D
13:48:21,ICBP,RG,8775,4,D,KZ,BB,F
13:48:01,ICBP,RG,8800,1,D,YU,CC,D
13:48:00,ICBP,RG,8800,1,D,YU,CC,D
13:48:00,ICBP,RG,8800,7,D,OD,CC,D
13:47:29,ICBP,RG,8800,1,D,YU,CC,D
13:47:29,ICBP,RG,8800,1,D,YU,CC,D
13:47:29,ICBP,RG,8775,3,D,KZ,XC,D
13:47:03,ICBP,RG,8800,1,D,YU,CC,D
13:47:03,ICBP,RG,8800,1,D,YU,CC,D
13:47:02,ICBP,RG,8800,2,D,YU,CC,D
13:47:02,ICBP,RG,8800,2,D,YU,CC,D
13:47:02,ICBP,RG,8800,1,D,YU,CC,D
13:47:02,ICBP,RG,8800,1,D,YU,CC,D
13:47:02,ICBP,RG,8800,7,D,OD,CC,D
13:47:01,ICBP,RG,8800,5,D,YU,CC,D
13:47:01,ICBP,RG,8800,5,D,YU,CC,D
13:47:01,ICBP,RG,8800,3,D,YU,CC,D
13:47:01,ICBP,RG,8800,3,D,YU,NI,D
13:47:00,ICBP,RG,8800,15,D,YU,NI,D
13:47:00,ICBP,RG,8800,10,D,YU,CC,D
13:47:00,ICBP,RG,8800,1,D,YU,XL,D
13:47:00,ICBP,RG,8800,2,D,YU,NI,D
13:47:00,ICBP,RG,8800,2,D,YU,YP,D
13:47:00,ICBP,RG,8800,5,D,YU,YP,D
13:47:00,ICBP,RG,8800,15,D,YU,PD,D
13:47:00,ICBP,RG,8800,10,D,YU,PD,D
13:47:00,ICBP,RG,8800,15,D,YU,NI,D
13:47:00,ICBP,RG,8800,25,D,YU,SQ,D
13:46:39,ICBP,RG,8775,5,F,ZP,CC,F
13:46:39,ICBP,RG,8775,61,F,ZP,CC,F
13:46:39,ICBP,RG,8775,28,D,CC,CC,F
13:46:39,ICBP,RG,8775,2,D,YU,CC,F
13:46:39,ICBP,RG,8775,2,D,YU,CC,F
13:46:39,ICBP,RG,8775,24,D,ZP,CC,F
13:46:38,ICBP,RG,8775,5,D,ZP,YU,D
13:46:38,ICBP,RG,8775,2,D,ZP,AK,F
13:46:38,ICBP,RG,8775,1,D,ZP,AK,F
13:46:38,ICBP,RG,8775,2,D,ZP,YP,D
13:46:38,ICBP,RG,8775,10,D,ZP,NI,D
13:46:38,ICBP,RG,8775,1,D,ZP,CC,D
13:46:38,ICBP,RG,8775,9,D,ZP,YU,D
13:46:38,ICBP,RG,8775,1,D,ZP,OD,D
13:46:38,ICBP,RG,8775,2,D,ZP,XC,D
13:46:38,ICBP,RG,8775,8,D,ZP,YU,D
13:46:38,ICBP,RG,8775,1,D,ZP,NI,D
13:46:38,ICBP,RG,8775,1,D,ZP,NI,D
13:46:38,ICBP,RG,8775,9,D,ZP,YU,D
13:46:38,ICBP,RG,8775,5,D,ZP,AK,F
13:46:38,ICBP,RG,8775,2,D,ZP,AK,F
13:46:38,ICBP,RG,8775,6,D,ZP,XC,D
13:46:38,ICBP,RG,8775,8,D,ZP,YU,D
13:46:38,ICBP,RG,8775,9,D,ZP,YU,D
13:46:38,ICBP,RG,8775,5,D,ZP,AK,F
13:46:38,ICBP,RG,8775,1,D,ZP,DH,D
13:46:38,ICBP,RG,8775,2,D,ZP,AK,F
13:46:38,ICBP,RG,8775,75,D,ZP,BB,F
13:46:38,ICBP,RG,8775,1,D,ZP,DH,D
13:46:38,ICBP,RG,8775,10,D,ZP,DX,D
13:46:05,ICBP,RG,8775,1,D,YU,DX,D
13:46:04,ICBP,RG,8775,2,D,YU,DX,D
13:46:04,ICBP,RG,8775,1,D,YU,DX,D
13:46:04,ICBP,RG,8775,8,D,OD,DX,D
13:45:48,ICBP,RG,8775,1,D,YU,DX,D
13:45:48,ICBP,RG,8775,1,D,YU,DX,D
13:45:47,ICBP,RG,8775,3,D,YU,DX,D
13:45:47,ICBP,RG,8775,3,D,YU,DX,D
13:45:47,ICBP,RG,8775,1,D,YU,DX,D
13:45:47,ICBP,RG,8775,1,D,YU,DX,D
13:45:47,ICBP,RG,8750,8,D,RX,YU,D
13:45:46,ICBP,RG,8775,9,D,YU,DX,D
13:45:46,ICBP,RG,8775,9,D,YU,DX,D
13:45:46,ICBP,RG,8775,4,D,YU,DX,D
13:45:46,ICBP,RG,8775,4,D,YU,DX,D
13:45:46,ICBP,RG,8750,56,D,RX,BB,F
13:45:46,ICBP,RG,8750,22,D,YB,BB,F
13:45:03,ICBP,RG,8775,1,D,YU,DX,D
13:45:03,ICBP,RG,8775,1,D,YU,DX,D
13:45:02,ICBP,RG,8775,1,D,YU,DX,D
13:45:02,ICBP,RG,8775,1,D,YU,DX,D
13:45:02,ICBP,RG,8775,7,D,OD,DX,D
13:44:43,ICBP,RG,8775,1,D,YU,DX,D
13:44:43,ICBP,RG,8775,1,D,YU,DX,D
13:44:42,ICBP,RG,8775,5,D,YU,DX,D
13:44:42,ICBP,RG,8775,5,D,YU,DX,D
13:44:41,ICBP,RG,8775,28,D,CC,DX,D
13:44:27,ICBP,RG,8775,2,D,YU,DX,D
13:44:27,ICBP,RG,8775,2,D,YU,DX,D
13:44:27,ICBP,RG,8750,9,D,YB,YU,D
13:44:05,ICBP,RG,8775,2,D,YU,DX,D
13:44:05,ICBP,RG,8775,2,D,YU,DX,D
13:44:04,ICBP,RG,8775,10,D,OD,DX,D
13:44:00,ICBP,RG,8775,2,D,YU,DX,D
13:44:00,ICBP,RG,8775,2,D,YU,DX,D
13:44:00,ICBP,RG,8775,10,D,YU,DX,D
13:43:31,ICBP,RG,8775,1,D,YU,DX,D
13:43:31,ICBP,RG,8775,1,D,YU,DX,D
13:43:30,ICBP,RG,8750,2,D,YB,CC,D
13:43:15,ICBP,RG,8775,2,D,YU,DX,D
13:43:15,ICBP,RG,8775,2,D,YU,DX,D
13:43:15,ICBP,RG,8775,1,D,YU,DX,D
13:43:15,ICBP,RG,8775,1,D,YU,DX,D
13:43:14,ICBP,RG,8775,11,D,YU,DX,D
13:43:14,ICBP,RG,8775,11,D,YU,DX,D
13:43:14,ICBP,RG,8775,2,D,YU,DX,D
13:43:14,ICBP,RG,8775,2,D,YU,DX,D
13:43:13,ICBP,RG,8750,67,D,YB,BB,F
13:43:13,ICBP,RG,8750,10,D,YP,BB,F
13:43:03,ICBP,RG,8775,2,D,YU,DX,D
13:43:03,ICBP,RG,8775,2,D,YU,DX,D
13:43:02,ICBP,RG,8775,9,D,OD,DX,D
13:42:44,ICBP,RG,8775,1,D,YU,DX,D
13:42:44,ICBP,RG,8775,1,D,YU,DX,D
13:42:43,ICBP,RG,8750,3,D,YP,SQ,D
13:42:25,ICBP,RG,8750,1,D,YP,OD,D
13:42:09,ICBP,RG,8775,1,D,YU,DX,D
13:42:09,ICBP,RG,8775,1,D,YU,DX,D
13:42:08,ICBP,RG,8775,2,D,YU,DX,D
13:42:08,ICBP,RG,8775,3,D,YU,DX,D
13:42:08,ICBP,RG,8775,2,D,YU,DX,D
13:42:08,ICBP,RG,8775,1,D,YU,DX,D
13:42:07,ICBP,RG,8775,16,D,CC,XC,D
13:42:07,ICBP,RG,8775,8,D,CC,YP,D
13:42:05,ICBP,RG,8775,2,D,YU,YP,D
13:42:05,ICBP,RG,8775,2,D,YU,YP,D
13:42:04,ICBP,RG,8775,10,D,OD,YP,D
13:41:04,ICBP,RG,8775,1,D,YU,YP,D
13:41:04,ICBP,RG,8775,1,D,YU,YP,D
13:41:03,ICBP,RG,8775,1,D,YU,YP,D
13:41:03,ICBP,RG,8775,1,D,YU,YP,D
13:41:02,ICBP,RG,8775,1,D,OD,CC,D
13:41:02,ICBP,RG,8775,8,D,OD,CC,D
13:40:43,ICBP,RG,8775,1,D,YU,CC,D
13:40:43,ICBP,RG,8775,1,D,YU,CC,D
13:40:42,ICBP,RG,8775,5,D,YU,CC,D
13:40:42,ICBP,RG,8775,2,D,YU,CC,D
13:40:42,ICBP,RG,8775,7,D,YU,CC,D
13:40:41,ICBP,RG,8750,36,D,YP,BB,F
13:40:32,ICBP,RG,8750,1,F,ZP,YP,D
13:40:32,ICBP,RG,8750,2,F,ZP,YP,D
13:40:03,ICBP,RG,8775,1,D,YU,CC,D
13:40:03,ICBP,RG,8775,1,D,YU,PD,D
13:40:02,ICBP,RG,8775,1,D,YU,PD,D
13:40:02,ICBP,RG,8775,1,D,YU,DH,D
13:40:01,ICBP,RG,8775,7,D,OD,DH,D
13:40:01,ICBP,RG,8775,2,D,OD,DH,D
13:39:51,ICBP,RG,8775,1,D,YU,DH,D
13:39:51,ICBP,RG,8775,1,D,YU,DH,D
13:39:50,ICBP,RG,8750,1,F,ZP,CC,D
13:39:33,ICBP,RG,8775,1,D,YU,DH,D
13:39:33,ICBP,RG,8775,1,D,YU,PD,D
13:39:32,ICBP,RG,8750,1,F,ZP,CC,D
13:39:32,ICBP,RG,8775,4,D,YU,SQ,D
13:39:32,ICBP,RG,8775,3,D,YU,ZP,D
13:39:32,ICBP,RG,8775,1,D,YU,KK,D
13:39:31,ICBP,RG,8775,2,D,CC,KK,D
13:39:31,ICBP,RG,8775,1,D,CC,EP,D
13:39:31,ICBP,RG,8775,20,D,CC,CP,D
13:39:31,ICBP,RG,8775,2,D,CC,YU,D
13:39:02,ICBP,RG,8775,1,D,YU,YU,D
13:39:02,ICBP,RG,8775,1,D,YU,AI,D
13:39:02,ICBP,RG,8775,2,D,YU,AI,D
13:39:01,ICBP,RG,8775,9,D,OD,AI,D
13:38:45,ICBP,RG,8750,1,F,ZP,XL,D
13:38:02,ICBP,RG,8775,1,D,YU,AI,D
13:38:02,ICBP,RG,8775,1,D,YU,AI,D
13:38:02,ICBP,RG,8775,1,D,YU,AI,D
13:38:02,ICBP,RG,8775,1,D,YU,AI,D
13:38:01,ICBP,RG,8775,1,D,YU,AI,D
13:38:01,ICBP,RG,8775,1,D,YU,AI,D
13:38:01,ICBP,RG,8775,8,D,OD,AI,D
13:38:00,ICBP,RG,8775,1,D,YU,AI,D
13:38:00,ICBP,RG,8775,2,D,YU,AI,D
13:38:00,ICBP,RG,8775,5,D,YU,AI,D
13:38:00,ICBP,RG,8775,9,D,YU,AI,D
13:37:06,ICBP,RG,8775,1,D,YU,AI,D
13:37:06,ICBP,RG,8775,10,D,CC,AI,D
13:37:05,ICBP,RG,8775,1,D,YU,AI,D
13:37:04,ICBP,RG,8775,1,D,YU,AI,D
13:37:04,ICBP,RG,8775,1,D,YU,AI,D
13:37:03,ICBP,RG,8750,6,D,CC,YU,D
13:37:03,ICBP,RG,8750,5,D,CC,AK,F
13:37:03,ICBP,RG,8750,1,D,CC,CC,D
13:37:03,ICBP,RG,8750,1,D,CC,YU,D
13:37:03,ICBP,RG,8750,2,D,YU,YU,D
13:37:03,ICBP,RG,8750,2,D,YU,BB,F
13:37:03,ICBP,RG,8750,8,D,OD,BB,F
13:36:14,ICBP,RG,8750,1,D,XL,BB,F
13:36:02,ICBP,RG,8750,1,D,YU,YU,D
13:36:02,ICBP,RG,8750,1,D,YU,YU,D
13:36:01,ICBP,RG,8750,1,D,OD,YU,D
13:36:01,ICBP,RG,8750,3,D,OD,AK,F
13:36:01,ICBP,RG,8750,4,D,OD,PD,D
13:36:01,ICBP,RG,8750,1,D,YU,PD,D
13:36:00,ICBP,RG,8750,1,D,YU,CC,D
13:36:00,ICBP,RG,8750,1,D,YU,YP,D
13:36:00,ICBP,RG,8750,10,D,YU,YP,D
13:35:52,ICBP,RG,8750,1,D,YU,YP,D
13:35:51,ICBP,RG,8725,2,F,DX,NI,D
13:35:35,ICBP,RG,8750,1,D,YU,YP,D
13:35:35,ICBP,RG,8750,4,D,YU,AK,F
13:35:35,ICBP,RG,8750,1,D,YU,AK,F
13:35:35,ICBP,RG,8750,2,D,YU,YU,D
13:35:34,ICBP,RG,8750,8,D,YU,YU,D
13:35:34,ICBP,RG,8750,7,D,YU,YU,D
13:35:34,ICBP,RG,8750,17,D,YU,YU,D
13:35:34,ICBP,RG,8750,1,D,YU,BB,F
13:35:34,ICBP,RG,8750,19,D,YU,BB,F
13:35:34,ICBP,RG,8750,22,D,RX,BB,F
13:35:34,ICBP,RG,8750,8,D,RX,BB,F
13:35:34,ICBP,RG,8750,18,D,RX,BB,F
13:35:34,ICBP,RG,8750,3,D,RX,YU,D
13:35:34,ICBP,RG,8750,2,D,RX,YU,D
13:35:34,ICBP,RG,8750,4,D,RX,YU,D
13:35:34,ICBP,RG,8750,5,D,RX,AK,F
13:35:34,ICBP,RG,8750,2,D,RX,AK,F
13:35:34,ICBP,RG,8750,106,D,RX,DX,D
13:35:24,ICBP,RG,8750,1,D,YU,DX,D
13:35:24,ICBP,RG,8750,1,D,YU,DX,D
13:35:24,ICBP,RG,8750,2,F,ZP,DX,D
13:35:08,ICBP,RG,8750,1,D,YU,DX,D
13:35:08,ICBP,RG,8750,1,D,YU,DX,D
13:35:07,ICBP,RG,8725,8,F,DX,YU,D
13:35:07,ICBP,RG,8750,1,D,YU,DX,D
13:35:06,ICBP,RG,8750,1,D,YU,DX,D
13:35:05,ICBP,RG,8750,1,D,YU,DX,D
13:35:05,ICBP,RG,8750,1,D,YU,DX,D
13:35:05,ICBP,RG,8750,5,D,NI,DX,D
13:35:02,ICBP,RG,8750,2,D,YU,DX,D
13:35:02,ICBP,RG,8750,2,D,YU,DX,D
13:35:01,ICBP,RG,8750,10,D,OD,DX,D
13:34:35,ICBP,RG,8750,1,D,YU,DX,D
13:34:35,ICBP,RG,8750,1,D,YU,DX,D
13:34:34,ICBP,RG,8750,4,D,YU,DX,D
13:34:34,ICBP,RG,8750,4,D,YU,DX,D
13:34:33,ICBP,RG,8750,27,D,CC,DX,D
13:34:22,ICBP,RG,8750,1,D,YU,DX,D
13:34:21,ICBP,RG,8750,1,D,YU,DX,D
13:34:20,ICBP,RG,8725,1,F,DX,CC,D
13:34:02,ICBP,RG,8750,2,D,YU,DX,D
13:34:02,ICBP,RG,8750,2,D,YU,DX,D
13:34:01,ICBP,RG,8750,9,D,OD,DX,D
13:33:31,ICBP,RG,8750,2,D,NI,DX,D
13:33:02,ICBP,RG,8750,1,D,YU,DX,D
13:33:01,ICBP,RG,8750,1,D,YU,DX,D
13:33:01,ICBP,RG,8750,1,D,YU,DX,D
13:33:01,ICBP,RG,8750,1,D,YU,DX,D
13:33:00,ICBP,RG,8750,1,D,YU,DX,D
13:33:00,ICBP,RG,8750,1,D,YU,DX,D
13:33:00,ICBP,RG,8750,2,D,CC,DX,D
13:33:00,ICBP,RG,8750,1,F,ZP,DX,D
13:33:00,ICBP,RG,8750,1,F,ZP,DX,D
13:33:00,ICBP,RG,8750,1,D,CC,DX,D
13:33:00,ICBP,RG,8775,1,D,YU,AI,D
13:33:00,ICBP,RG,8775,2,D,YU,AI,D
13:33:00,ICBP,RG,8775,8,D,YU,AI,D
13:32:59,ICBP,RG,8775,10,D,OD,AI,D
13:32:58,ICBP,RG,8775,1,D,XC,AI,D
13:32:32,ICBP,RG,8750,1,F,BK,CC,D
13:31:49,ICBP,RG,8775,1,D,YU,AI,D
13:31:48,ICBP,RG,8775,3,D,YU,AI,D
13:31:48,ICBP,RG,8775,2,D,YU,AI,D
13:31:48,ICBP,RG,8775,5,D,YU,AI,D
13:31:47,ICBP,RG,8750,12,F,BK,CC,D
13:31:47,ICBP,RG,8750,8,D,OD,CC,D
13:31:47,ICBP,RG,8750,3,F,ZP,CC,D
13:31:47,ICBP,RG,8750,27,F,ZP,CC,D
13:31:11,ICBP,RG,8775,1,D,YU,AI,D
13:31:11,ICBP,RG,8775,1,D,YU,AI,D
13:31:10,ICBP,RG,8775,1,D,YU,AI,D
13:31:10,ICBP,RG,8775,1,D,YU,AI,D
13:31:10,ICBP,RG,8775,1,D,YU,AI,D
13:31:10,ICBP,RG,8775,1,D,YU,AI,D
13:31:09,ICBP,RG,8775,4,D,YU,AI,D
13:31:09,ICBP,RG,8775,4,D,YU,KK,D
13:31:09,ICBP,RG,8775,8,D,YU,KK,D
13:31:09,ICBP,RG,8775,2,D,YU,KK,D
13:31:09,ICBP,RG,8775,2,D,YU,KK,D
13:31:08,ICBP,RG,8775,12,D,YU,KK,D
13:31:08,ICBP,RG,8775,1,D,YU,DH,D
13:31:08,ICBP,RG,8775,1,D,YU,YP,D
13:31:08,ICBP,RG,8775,10,D,YU,NI,D
13:31:08,ICBP,RG,8775,3,D,YU,CC,D
13:31:08,ICBP,RG,8775,5,D,YU,DR,D
13:31:08,ICBP,RG,8775,3,D,YU,PD,D
13:31:08,ICBP,RG,8775,1,D,YU,PD,D
13:31:08,ICBP,RG,8775,1,D,YU,XC,D
13:31:08,ICBP,RG,8775,4,D,YU,XC,D
13:31:08,ICBP,RG,8775,1,D,YU,HP,D
13:31:08,ICBP,RG,8775,5,D,YU,LG,D
13:31:08,ICBP,RG,8775,10,D,YU,KK,D
13:31:08,ICBP,RG,8775,3,D,YU,YP,D
13:31:08,ICBP,RG,8775,14,D,YU,YP,D
13:31:08,ICBP,RG,8775,11,D,YU,YP,D
13:31:08,ICBP,RG,8775,11,D,YU,YP,D
13:31:07,ICBP,RG,8750,2,F,ZP,ZP,D
13:31:07,ICBP,RG,8750,22,D,RX,ZP,D
13:31:07,ICBP,RG,8750,8,D,RX,ZP,D
13:31:07,ICBP,RG,8750,140,D,RX,ZP,D
13:31:07,ICBP,RG,8750,50,F,BK,ZP,D
13:31:07,ICBP,RG,8750,61,D,KZ,ZP,D
13:30:29,ICBP,RG,8775,1,D,YU,YP,D
13:30:29,ICBP,RG,8775,1,D,YU,YP,D
13:30:28,ICBP,RG,8775,2,D,YU,YP,D
13:30:28,ICBP,RG,8775,2,D,YU,YP,D
13:30:28,ICBP,RG,8775,1,D,YU,YP,D
13:30:28,ICBP,RG,8775,1,D,YU,YP,D
13:30:27,ICBP,RG,8775,1,D,YU,YP,D
13:30:27,ICBP,RG,8775,1,D,YU,YP,D
13:30:27,ICBP,RG,8775,4,D,YU,YP,D
13:30:27,ICBP,RG,8775,4,D,YU,PD,D
13:30:27,ICBP,RG,8750,1,D,YU,OD,D
13:30:27,ICBP,RG,8750,5,D,YU,AK,F
13:30:27,ICBP,RG,8750,1,D,YU,YP,D
13:30:27,ICBP,RG,8750,1,D,YU,AK,F
13:30:26,ICBP,RG,8750,2,D,OD,AK,F
13:30:26,ICBP,RG,8750,6,D,OD,PD,D
13:30:26,ICBP,RG,8750,10,D,OD,PD,D
13:30:26,ICBP,RG,8750,41,D,OD,LG,D
13:30:25,ICBP,RG,8750,1,D,YU,LG,D
13:30:25,ICBP,RG,8750,2,D,YU,LG,D
13:30:25,ICBP,RG,8750,1,D,YU,LG,D
13:30:25,ICBP,RG,8750,1,D,YU,LG,D
13:30:25,ICBP,RG,8750,1,D,YU,LG,D
13:30:24,ICBP,RG,8750,1,D,YU,LG,D
13:30:24,ICBP,RG,8750,1,D,YU,LG,D
13:30:24,ICBP,RG,8750,1,D,YU,LG,D
13:30:24,ICBP,RG,8750,1,D,YU,LG,D
13:30:23,ICBP,RG,8750,4,D,YU,LG,D
13:30:23,ICBP,RG,8750,3,D,YU,LG,D
13:30:23,ICBP,RG,8750,3,D,YU,LG,D
13:30:23,ICBP,RG,8750,4,D,YU,LG,D
13:30:21,ICBP,RG,8750,1,D,YU,LG,D
13:30:21,ICBP,RG,8750,1,D,YU,LG,D
13:30:20,ICBP,RG,8750,3,D,YU,LG,D
13:30:18,ICBP,RG,8750,9,F,ZP,LG,D
13:30:17,ICBP,RG,8750,1,D,XC,LG,D
13:30:16,ICBP,RG,8750,23,D,YU,LG,D
13:30:15,ICBP,RG,8750,20,D,YU,LG,D
13:30:12,ICBP,RG,8750,10,D,YP,LG,D
13:30:07,ICBP,RG,8750,10,D,CC,LG,D
13:30:07,ICBP,RG,8725,8,F,DX,AK,F
13:30:06,ICBP,RG,8750,1,D,YU,GR,F
13:30:06,ICBP,RG,8750,1,D,YU,GR,F
13:30:05,ICBP,RG,8750,1,D,PD,GR,F
13:30:05,ICBP,RG,8725,13,F,DX,AK,F
13:30:05,ICBP,RG,8750,1,D,XL,GR,F
13:30:05,ICBP,RG,8750,10,D,PD,GR,F
13:30:05,ICBP,RG,8750,1,D,AG,GR,F
13:30:05,ICBP,RG,8750,1,D,AG,GR,F
13:30:04,ICBP,RG,8750,2,D,PD,GR,F
13:30:03,ICBP,RG,8750,7,D,YU,GR,F
13:30:03,ICBP,RG,8750,2,D,YU,CP,D
13:30:03,ICBP,RG,8750,1,D,KK,CP,D
13:30:03,ICBP,RG,8750,1,D,PD,CP,D
13:30:03,ICBP,RG,8750,26,D,OD,CP,D
13:30:03,ICBP,RG,8750,20,D,ZP,CP,D
13:30:03,ICBP,RG,8750,2,D,XL,CP,D
13:30:03,ICBP,RG,8750,1,D,PD,CP,D
13:30:03,ICBP,RG,8750,9,D,OD,CP,D
13:30:01,ICBP,RG,8750,2,D,KK,CP,D
13:30:01,ICBP,RG,8750,1,D,KK,CP,D
13:30:01,ICBP,RG,8750,2,D,PD,CP,D
13:30:01,ICBP,RG,8750,1,D,PD,CP,D
13:30:01,ICBP,RG,8750,1,D,PD,CP,D
13:30:01,ICBP,RG,8750,15,D,XC,CP,D
13:30:01,ICBP,RG,8750,1,F,ZP,CP,D
13:30:01,ICBP,RG,8750,1,F,ZP,CP,D
13:30:01,ICBP,RG,8750,1,F,ZP,CP,D
13:30:01,ICBP,RG,8750,9,F,ZP,CP,D
13:30:01,ICBP,RG,8750,2,D,XC,CP,D
13:30:01,ICBP,RG,8775,1,F,ZP,PD,D
11:29:58,ICBP,RG,8775,1,D,YU,PD,D
11:29:58,ICBP,RG,8775,1,D,YU,PD,D
11:29:58,ICBP,RG,8775,1,D,OD,YP,D
11:29:58,ICBP,RG,8775,4,D,OD,XC,D
11:29:46,ICBP,RG,8750,1,F,BK,AK,F
11:29:17,ICBP,RG,8775,1,D,YU,XC,D
11:29:17,ICBP,RG,8775,1,D,YU,XC,D
11:29:16,ICBP,RG,8775,2,D,YU,XC,D
11:29:16,ICBP,RG,8775,2,D,YU,XC,D
11:29:16,ICBP,RG,8750,1,F,BK,AK,F
11:29:16,ICBP,RG,8750,1,D,KZ,AK,F
11:29:16,ICBP,RG,8750,1,D,KZ,AK,F
11:29:15,ICBP,RG,8750,10,D,KZ,LG,D
11:29:15,ICBP,RG,8750,1,D,KZ,DH,D
11:29:15,ICBP,RG,8775,1,D,YU,XC,D
11:29:14,ICBP,RG,8775,1,D,YU,XC,D
11:29:14,ICBP,RG,8775,1,D,YU,XC,D
11:29:14,ICBP,RG,8775,1,D,YU,XC,D
11:29:14,ICBP,RG,8775,6,D,OD,YP,D
11:29:13,ICBP,RG,8775,1,D,XL,YP,D
11:28:56,ICBP,RG,8750,2,D,KZ,PD,D
11:28:50,ICBP,RG,8775,1,D,YU,YP,D
11:28:50,ICBP,RG,8775,1,D,YU,YP,D
11:28:49,ICBP,RG,8750,1,D,KZ,PD,D
11:28:49,ICBP,RG,8750,1,F,ZP,PD,D
11:28:49,ICBP,RG,8750,1,F,ZP,PD,D
11:28:15,ICBP,RG,8775,1,D,YU,YP,D
11:28:15,ICBP,RG,8775,1,D,YU,YP,D
11:28:14,ICBP,RG,8775,6,D,OD,YP,D
11:28:02,ICBP,RG,8775,1,D,YU,YP,D
11:28:01,ICBP,RG,8775,6,D,YU,YP,D
11:28:00,ICBP,RG,8775,35,D,YU,YP,D
11:27:15,ICBP,RG,8775,1,D,YU,YP,D
11:27:14,ICBP,RG,8775,7,D,OD,YP,D
11:27:10,ICBP,RG,8775,1,D,YU,YP,D
11:27:09,ICBP,RG,8775,5,D,YU,YP,D
11:27:09,ICBP,RG,8775,1,D,YU,YP,D
11:27:08,ICBP,RG,8775,18,D,YU,YP,D
11:27:08,ICBP,RG,8750,4,D,YU,YU,D
11:27:08,ICBP,RG,8750,3,D,YU,AK,F
11:27:08,ICBP,RG,8750,2,D,YU,XC,D
11:27:08,ICBP,RG,8750,2,D,YU,YU,D
11:27:08,ICBP,RG,8750,4,D,YU,YU,D
11:27:08,ICBP,RG,8750,2,D,YU,YU,D
11:27:08,ICBP,RG,8750,7,D,YU,YU,D
11:27:08,ICBP,RG,8750,5,D,YU,AK,F
11:27:08,ICBP,RG,8750,9,D,YU,YU,D
11:27:07,ICBP,RG,8750,10,F,BK,YU,D
11:27:07,ICBP,RG,8750,12,F,BK,NI,D
11:27:07,ICBP,RG,8750,3,F,BK,YU,D
11:27:07,ICBP,RG,8750,35,F,BK,CC,D
11:27:07,ICBP,RG,8750,1,F,BK,PD,D
11:27:07,ICBP,RG,8750,5,F,BK,XC,D
11:27:07,ICBP,RG,8750,4,F,BK,YU,D
11:27:07,ICBP,RG,8750,3,F,BK,YU,D
11:27:07,ICBP,RG,8750,50,F,BK,BB,F
11:27:07,ICBP,RG,8750,2,F,BK,AK,F
11:27:07,ICBP,RG,8750,115,F,BK,BQ,D
11:27:07,ICBP,RG,8750,1,D,YU,BQ,D
11:27:07,ICBP,RG,8750,1,D,YU,BQ,D
11:27:06,ICBP,RG,8750,1,D,YU,BQ,D
11:27:06,ICBP,RG,8750,1,D,YU,BQ,D
11:27:06,ICBP,RG,8750,3,D,YU,BQ,D
11:27:06,ICBP,RG,8750,3,D,YU,BQ,D
11:27:05,ICBP,RG,8750,7,F,ZP,BQ,D
11:27:05,ICBP,RG,8750,18,D,YU,BQ,D
11:27:05,ICBP,RG,8750,18,D,YU,BQ,D
11:27:04,ICBP,RG,8750,100,D,NI,BQ,D
11:26:58,ICBP,RG,8750,3,D,YU,BQ,D
11:26:58,ICBP,RG,8750,3,D,YU,BQ,D
11:26:57,ICBP,RG,8750,18,D,YU,BQ,D
11:26:57,ICBP,RG,8750,18,D,YU,BQ,D
11:26:56,ICBP,RG,8725,99,F,DX,BB,F
11:26:45,ICBP,RG,8725,1,F,DX,AK,F
11:26:42,ICBP,RG,8750,1,D,YU,BQ,D
11:26:42,ICBP,RG,8750,1,D,YU,BQ,D
11:26:41,ICBP,RG,8750,5,D,YU,BQ,D
11:26:41,ICBP,RG,8750,5,D,YU,BQ,D
11:26:40,ICBP,RG,8750,26,D,OD,BQ,D
11:26:14,ICBP,RG,8750,1,D,YU,BQ,D
11:26:14,ICBP,RG,8750,2,D,YU,BQ,D
11:26:14,ICBP,RG,8750,1,D,YU,BQ,D
11:26:13,ICBP,RG,8725,8,F,DX,YU,D
11:26:13,ICBP,RG,8750,1,D,YU,BQ,D
11:26:13,ICBP,RG,8750,1,D,YU,BQ,D
11:26:12,ICBP,RG,8750,6,D,OD,BQ,D
11:26:00,ICBP,RG,8750,2,D,YU,BQ,D
11:25:45,ICBP,RG,8725,1,F,DX,AK,F
11:25:25,ICBP,RG,8750,1,D,YU,BQ,D
11:25:25,ICBP,RG,8750,1,D,YU,BQ,D
11:25:24,ICBP,RG,8750,1,D,YU,BQ,D
11:25:24,ICBP,RG,8750,1,D,YU,BQ,D
11:25:24,ICBP,RG,8750,6,F,ZP,BQ,D
11:25:19,ICBP,RG,8750,1,F,ZP,BQ,D
11:25:08,ICBP,RG,8750,1,D,YU,BQ,D
11:25:08,ICBP,RG,8750,1,D,YU,BQ,D
11:25:08,ICBP,RG,8750,7,D,OD,BQ,D
11:24:43,ICBP,RG,8750,1,D,YU,BQ,D
11:24:43,ICBP,RG,8750,1,D,YU,BQ,D
11:24:42,ICBP,RG,8750,1,D,YU,BQ,D
11:24:42,ICBP,RG,8750,1,D,YU,BQ,D
11:24:42,ICBP,RG,8725,8,F,DX,YU,D
11:24:15,ICBP,RG,8750,1,D,YU,BQ,D
11:24:15,ICBP,RG,8750,1,D,YU,BQ,D
11:24:15,ICBP,RG,8750,5,D,YP,BQ,D
11:24:10,ICBP,RG,8750,1,D,YU,BQ,D
11:24:10,ICBP,RG,8750,1,D,YU,BQ,D
11:24:10,ICBP,RG,8750,6,D,OD,BQ,D
11:23:16,ICBP,RG,8750,1,D,YU,BQ,D
11:23:15,ICBP,RG,8750,1,D,YU,BQ,D
11:23:15,ICBP,RG,8725,4,F,DX,AK,F
11:23:11,ICBP,RG,8750,1,D,YU,BQ,D
11:23:11,ICBP,RG,8750,1,D,YU,BQ,D
11:23:10,ICBP,RG,8750,3,F,ZP,BQ,D
11:23:10,ICBP,RG,8750,1,D,YU,BQ,D
11:23:10,ICBP,RG,8750,1,D,YU,BQ,D
11:23:10,ICBP,RG,8750,7,D,OD,BQ,D
11:22:51,ICBP,RG,8750,1,D,YU,BQ,D
11:22:50,ICBP,RG,8750,1,D,YU,BQ,D
11:22:49,ICBP,RG,8750,1,D,YU,BQ,D
11:22:49,ICBP,RG,8750,1,D,YU,BQ,D
11:22:48,ICBP,RG,8725,8,F,DX,YU,D
11:22:30,ICBP,RG,8725,1,F,DX,AK,F
11:22:26,ICBP,RG,8750,1,D,YU,BQ,D
11:22:26,ICBP,RG,8750,1,D,YU,BQ,D
11:22:25,ICBP,RG,8750,1,D,YU,BQ,D
11:22:25,ICBP,RG,8750,1,D,YU,BQ,D
11:22:25,ICBP,RG,8750,9,F,ZP,BQ,D
11:22:10,ICBP,RG,8750,1,D,YU,BQ,D
11:22:10,ICBP,RG,8750,1,D,YU,BQ,D
11:22:10,ICBP,RG,8750,5,D,OD,BQ,D
11:22:07,ICBP,RG,8750,1,D,YU,BQ,D
11:22:07,ICBP,RG,8750,1,D,YU,BQ,D
11:22:06,ICBP,RG,8750,1,F,ZP,BQ,D
11:21:10,ICBP,RG,8750,1,D,YU,BQ,D
11:21:10,ICBP,RG,8750,1,D,YU,BQ,D
11:21:10,ICBP,RG,8750,7,D,OD,BQ,D
11:20:47,ICBP,RG,8750,1,D,YU,BQ,D
11:20:47,ICBP,RG,8750,1,D,YU,BQ,D
11:20:46,ICBP,RG,8750,4,D,YU,BQ,D
11:20:46,ICBP,RG,8750,4,D,YU,BQ,D
11:20:46,ICBP,RG,8725,24,F,DX,CC,D
11:20:27,ICBP,RG,8750,1,D,YU,BQ,D
11:20:27,ICBP,RG,8750,1,D,YU,BQ,D
11:20:26,ICBP,RG,8750,4,D,YU,BQ,D
11:20:26,ICBP,RG,8750,4,D,YU,BQ,D
11:20:25,ICBP,RG,8725,20,F,DX,HP,D
11:20:12,ICBP,RG,8750,1,D,YU,BQ,D
11:20:12,ICBP,RG,8750,1,D,YU,BQ,D
11:20:12,ICBP,RG,8750,6,D,OD,BQ,D
11:19:16,ICBP,RG,8750,1,D,YU,BQ,D
11:19:16,ICBP,RG,8750,1,D,YU,BQ,D
11:19:15,ICBP,RG,8750,1,F,ZP,BQ,D
11:19:15,ICBP,RG,8750,5,F,ZP,BQ,D
11:19:14,ICBP,RG,8750,1,D,YU,BQ,D
11:19:14,ICBP,RG,8750,1,D,YU,BQ,D
11:19:14,ICBP,RG,8750,6,D,OD,BQ,D
11:18:20,ICBP,RG,8750,1,D,YU,BQ,D
11:18:20,ICBP,RG,8750,1,D,YU,BQ,D
11:18:19,ICBP,RG,8750,1,D,YU,BQ,D
11:18:19,ICBP,RG,8750,1,D,YU,YU,D
11:18:18,ICBP,RG,8750,3,F,ZP,YU,D
11:18:18,ICBP,RG,8750,3,F,ZP,AK,F
11:18:17,ICBP,RG,8750,1,D,YU,AK,F
11:18:17,ICBP,RG,8750,1,D,YU,AK,F
11:18:16,ICBP,RG,8750,6,D,OD,AK,F
11:18:11,ICBP,RG,8750,1,D,YP,AK,F
11:18:03,ICBP,RG,8750,1,D,YU,AK,F
11:18:03,ICBP,RG,8750,1,D,YU,AK,F
11:18:02,ICBP,RG,8750,1,D,YU,AK,F
11:18:02,ICBP,RG,8750,1,D,YU,AK,F
11:18:02,ICBP,RG,8750,1,D,YU,AK,F
11:18:01,ICBP,RG,8750,4,D,YU,AK,F
11:18:01,ICBP,RG,8750,2,D,YU,AK,F
11:18:01,ICBP,RG,8750,3,D,YU,AK,F
11:18:01,ICBP,RG,8750,1,D,YU,AK,F
11:18:01,ICBP,RG,8750,1,D,YU,AK,F
11:18:01,ICBP,RG,8750,1,D,YU,YU,D
11:18:01,ICBP,RG,8750,1,D,KZ,YU,D
11:18:01,ICBP,RG,8750,3,D,KZ,YU,D
11:18:01,ICBP,RG,8750,4,D,KZ,YU,D
11:18:01,ICBP,RG,8750,30,D,KZ,BB,F
11:18:00,ICBP,RG,8750,5,D,YU,BB,F
11:18:00,ICBP,RG,8750,24,D,YU,BB,F
11:17:37,ICBP,RG,8750,4,D,YU,BB,F
11:17:37,ICBP,RG,8750,26,D,OD,BB,F
11:17:32,ICBP,RG,8750,3,D,YU,BB,F
11:17:31,ICBP,RG,8725,18,F,DX,AK,F
11:17:19,ICBP,RG,8750,2,D,YU,BB,F
11:17:18,ICBP,RG,8750,7,D,OD,BB,F
11:17:10,ICBP,RG,8750,3,F,ZP,BB,F
11:17:01,ICBP,RG,8750,6,D,YU,BB,F
11:17:00,ICBP,RG,8750,32,D,YU,BB,F
11:16:38,ICBP,RG,8750,2,D,YU,BB,F
11:16:38,ICBP,RG,8750,1,D,YU,BB,F
11:16:37,ICBP,RG,8750,14,F,ZP,BB,F
11:16:37,ICBP,RG,8750,2,F,ZP,BB,F
11:16:21,ICBP,RG,8750,1,D,YU,BB,F
11:16:20,ICBP,RG,8750,7,D,OD,BB,F
11:16:20,ICBP,RG,8750,1,D,YU,BB,F
11:16:19,ICBP,RG,8750,9,D,YU,BB,F
11:16:19,ICBP,RG,8750,41,D,YU,BB,F
11:16:18,ICBP,RG,8725,229,F,DX,BB,F
11:16:02,ICBP,RG,8750,1,D,YU,BB,F
11:16:01,ICBP,RG,8750,4,D,YU,BB,F
11:16:00,ICBP,RG,8750,23,D,YU,BB,F
11:15:20,ICBP,RG,8750,5,D,YU,BB,F
11:15:20,ICBP,RG,8750,5,D,YU,AZ,D
11:15:19,ICBP,RG,8750,55,D,PD,AZ,D
11:15:18,ICBP,RG,8750,4,D,OD,AZ,D
11:13:00,ICBP,RG,8750,5,D,YU,AZ,D
11:13:00,ICBP,RG,8750,28,D,YU,AZ,D
11:12:29,ICBP,RG,8750,1,D,YU,AZ,D
11:12:28,ICBP,RG,8750,1,D,KK,AZ,D
11:12:08,ICBP,RG,8750,16,D,YU,AZ,D
11:12:07,ICBP,RG,8750,95,D,PD,AZ,D
11:12:00,ICBP,RG,8750,2,D,YU,AZ,D
11:12:00,ICBP,RG,8750,12,D,YU,AZ,D
11:11:53,ICBP,RG,8750,1,D,YU,AZ,D
11:11:53,ICBP,RG,8750,1,D,GR,AZ,D
11:11:20,ICBP,RG,8750,11,D,YU,AZ,D
11:11:20,ICBP,RG,8750,4,D,YU,AZ,D
11:11:19,ICBP,RG,8750,65,D,YU,AZ,D
11:11:19,ICBP,RG,8750,75,D,YU,AZ,D
11:11:19,ICBP,RG,8750,11,D,YU,AZ,D
11:11:19,ICBP,RG,8750,11,D,YU,AZ,D
11:11:19,ICBP,RG,8725,123,F,DX,DR,D
11:11:19,ICBP,RG,8725,68,D,XC,DR,D
11:11:19,ICBP,RG,8725,20,D,YU,DR,D
11:11:19,ICBP,RG,8725,1,D,YP,DR,D
11:11:19,ICBP,RG,8725,2,D,XC,DR,D
11:11:19,ICBP,RG,8725,8,D,YU,DR,D
11:11:19,ICBP,RG,8725,2,D,DH,DR,D
11:11:19,ICBP,RG,8725,1,D,PD,DR,D
11:11:19,ICBP,RG,8725,1,D,XL,DR,D
11:11:19,ICBP,RG,8725,2,D,PD,DR,D
11:11:19,ICBP,RG,8725,13,D,RX,DR,D
11:11:19,ICBP,RG,8725,4,D,RX,DR,D
11:11:19,ICBP,RG,8725,84,D,RX,DR,D
11:11:19,ICBP,RG,8725,13,D,RX,DR,D
11:11:19,ICBP,RG,8725,4,D,RX,DR,D
11:11:19,ICBP,RG,8725,84,D,RX,DR,D
11:11:19,ICBP,RG,8725,6,F,ZP,DR,D
11:11:19,ICBP,RG,8725,64,F,DX,DR,D
11:10:14,ICBP,RG,8750,1,D,YU,AZ,D
11:10:13,ICBP,RG,8750,1,D,YU,AZ,D
11:10:12,ICBP,RG,8750,1,D,PD,AZ,D
11:10:11,ICBP,RG,8750,3,D,YU,AZ,D
11:10:11,ICBP,RG,8750,3,D,YU,AZ,D
11:10:11,ICBP,RG,8725,17,F,DX,AK,F
11:10:10,ICBP,RG,8750,1,D,YU,AZ,D
11:10:10,ICBP,RG,8750,1,D,YU,AZ,D
11:10:10,ICBP,RG,8725,3,F,DX,MG,D
11:08:34,ICBP,RG,8750,1,D,XC,AZ,D
11:08:12,ICBP,RG,8750,2,D,YU,AZ,D
11:08:12,ICBP,RG,8750,2,D,YU,AZ,D
11:08:12,ICBP,RG,8750,10,D,YP,AZ,D
11:08:04,ICBP,RG,8750,1,D,YU,AZ,D
11:08:04,ICBP,RG,8750,1,D,YU,AZ,D
11:08:04,ICBP,RG,8750,1,D,CC,AZ,D
11:07:54,ICBP,RG,8750,3,F,ZP,AZ,D
11:05:42,ICBP,RG,8750,1,D,YU,AZ,D
11:05:42,ICBP,RG,8750,1,D,YU,AZ,D
11:05:41,ICBP,RG,8750,1,D,YU,AZ,D
11:05:41,ICBP,RG,8750,1,D,YU,AZ,D
11:05:40,ICBP,RG,8750,4,D,YU,AZ,D
11:05:40,ICBP,RG,8750,4,D,YU,AZ,D
11:05:40,ICBP,RG,8750,3,D,YU,AZ,D
11:05:40,ICBP,RG,8750,3,D,YU,AZ,D
11:05:39,ICBP,RG,8750,23,D,YU,AZ,D
11:05:39,ICBP,RG,8750,23,D,YU,AZ,D
11:05:39,ICBP,RG,8750,8,D,YU,AZ,D
11:05:39,ICBP,RG,8750,8,D,YU,AZ,D
11:05:38,ICBP,RG,8750,1,D,XC,AZ,D
11:05:38,ICBP,RG,8750,7,F,ZP,AZ,D
11:05:38,ICBP,RG,8750,26,D,OD,AZ,D
11:05:38,ICBP,RG,8750,1,D,XL,AZ,D
11:05:38,ICBP,RG,8750,27,D,KZ,AZ,D
11:05:38,ICBP,RG,8750,16,D,KZ,AZ,D
11:05:38,ICBP,RG,8750,60,F,ZP,AZ,D
11:05:38,ICBP,RG,8750,1,F,ZP,AZ,D
11:05:38,ICBP,RG,8750,2,F,ZP,AZ,D
11:05:38,ICBP,RG,8750,1,F,ZP,AZ,D
11:05:38,ICBP,RG,8750,43,D,RX,AZ,D
11:03:35,ICBP,RG,8775,1,D,YU,YP,D
11:03:34,ICBP,RG,8775,1,D,YU,YP,D
11:03:34,ICBP,RG,8750,5,D,RX,PD,D
11:02:14,ICBP,RG,8750,1,D,RX,XC,D
11:02:01,ICBP,RG,8775,2,D,YU,YP,D
11:02:00,ICBP,RG,8775,12,D,YU,YP,D
11:02:00,ICBP,RG,8775,68,D,YU,YP,D
11:01:47,ICBP,RG,8775,1,D,YU,YP,D
11:01:47,ICBP,RG,8750,5,D,RX,PD,D
11:01:12,ICBP,RG,8775,1,D,YU,YP,D
11:01:12,ICBP,RG,8750,2,D,RX,CC,D
11:01:09,ICBP,RG,8750,3,D,RX,YU,D
11:01:09,ICBP,RG,8775,4,D,YU,YP,D
11:01:08,ICBP,RG,8775,34,D,YU,YP,D
11:01:08,ICBP,RG,8775,18,D,YU,YP,D
11:01:08,ICBP,RG,8750,3,D,RX,AK,F
11:01:08,ICBP,RG,8750,1,D,RX,AK,F
11:01:08,ICBP,RG,8750,1,D,RX,PD,D
11:01:08,ICBP,RG,8750,2,D,RX,YU,D
11:01:08,ICBP,RG,8750,3,D,RX,YU,D
11:01:08,ICBP,RG,8750,3,D,RX,PD,D
11:01:08,ICBP,RG,8750,4,D,RX,GR,D
11:01:08,ICBP,RG,8750,2,D,RX,DH,D
11:01:08,ICBP,RG,8750,3,D,RX,YU,D
11:01:08,ICBP,RG,8750,18,D,RX,XC,D
11:01:08,ICBP,RG,8750,5,D,RX,AK,F
11:01:08,ICBP,RG,8750,4,D,RX,YU,D
11:01:08,ICBP,RG,8750,37,D,RX,YU,D
11:01:08,ICBP,RG,8750,5,D,RX,AK,F
11:01:08,ICBP,RG,8750,2,D,RX,AK,F
11:01:08,ICBP,RG,8750,15,D,RX,YP,D
11:01:08,ICBP,RG,8750,5,D,RX,EP,D
11:01:08,ICBP,RG,8750,4,D,RX,PD,D
11:01:08,ICBP,RG,8750,8,D,RX,YP,D
11:01:08,ICBP,RG,8750,90,D,RX,BB,F
11:01:08,ICBP,RG,8750,1,D,RX,PD,D
11:01:08,ICBP,RG,8750,1,D,RX,AK,F
11:01:08,ICBP,RG,8750,98,D,RX,PD,D
11:01:08,ICBP,RG,8725,2,F,DX,OD,D
11:01:07,ICBP,RG,8750,1,D,YU,PD,D
11:01:07,ICBP,RG,8750,1,D,YU,PD,D
11:01:06,ICBP,RG,8750,5,D,YU,PD,D
11:01:06,ICBP,RG,8750,5,D,YU,PD,D
11:01:06,ICBP,RG,8750,26,D,OD,PD,D
11:01:00,ICBP,RG,8725,3,F,DX,AK,F
10:59:48,ICBP,RG,8750,1,D,YU,PD,D
10:59:48,ICBP,RG,8750,1,D,YU,PD,D
10:59:47,ICBP,RG,8750,1,D,YU,PD,D
10:59:47,ICBP,RG,8750,1,D,YU,PD,D
10:59:46,ICBP,RG,8725,8,F,DX,YU,D
10:58:15,ICBP,RG,8750,1,D,YU,PD,D
10:58:15,ICBP,RG,8750,1,D,YU,PD,D
10:58:15,ICBP,RG,8725,2,F,DX,AK,F
10:58:07,ICBP,RG,8725,4,F,DX,MG,D
10:57:59,ICBP,RG,8750,1,D,YU,PD,D
10:57:59,ICBP,RG,8750,1,D,YU,PD,D
10:57:58,ICBP,RG,8725,2,F,DX,XC,D
10:57:37,ICBP,RG,8750,2,D,YU,PD,D
10:57:37,ICBP,RG,8750,2,D,YU,PD,D
10:57:37,ICBP,RG,8725,8,F,DX,YU,D
10:55:59,ICBP,RG,8750,2,D,YU,PD,D
10:55:59,ICBP,RG,8750,2,D,YU,PD,D
10:55:58,ICBP,RG,8725,10,F,DX,XL,D
10:55:51,ICBP,RG,8725,1,F,DX,YP,D
10:55:17,ICBP,RG,8750,2,D,YU,PD,D
10:55:17,ICBP,RG,8750,2,D,YU,PD,D
10:55:16,ICBP,RG,8725,8,F,DX,YU,D
10:53:12,ICBP,RG,8750,2,D,YU,PD,D
10:53:12,ICBP,RG,8750,2,D,YU,PD,D
10:53:11,ICBP,RG,8725,10,F,DX,BQ,D
10:52:45,ICBP,RG,8750,2,D,YU,PD,D
10:52:45,ICBP,RG,8750,2,D,YU,PD,D
10:52:44,ICBP,RG,8725,10,F,DX,YB,D
10:51:46,ICBP,RG,8750,2,D,YU,PD,D
10:51:46,ICBP,RG,8750,2,D,YU,PD,D
10:51:46,ICBP,RG,8725,10,F,DX,PD,D
10:51:00,ICBP,RG,8750,2,D,YU,PD,D
10:51:00,ICBP,RG,8750,9,D,YU,PD,D
10:49:18,ICBP,RG,8750,8,D,YU,PD,D
10:49:18,ICBP,RG,8750,1,D,YU,PD,D
10:49:17,ICBP,RG,8750,47,D,YU,PD,D
10:49:17,ICBP,RG,8750,47,D,YU,PD,D
10:49:16,ICBP,RG,8725,265,F,DX,GR,D
10:49:02,ICBP,RG,8750,1,D,PD,PD,D
10:49:02,ICBP,RG,8750,2,D,PD,AK,F
10:48:19,ICBP,RG,8750,1,D,YU,AK,F
10:48:18,ICBP,RG,8750,1,D,YU,AK,F
10:48:17,ICBP,RG,8750,1,D,YU,AK,F
10:48:17,ICBP,RG,8750,1,D,YU,AK,F
10:48:16,ICBP,RG,8750,2,D,YU,AK,F
10:48:16,ICBP,RG,8750,3,D,YU,AK,F
10:48:16,ICBP,RG,8750,2,D,YU,AK,F
10:48:16,ICBP,RG,8750,3,D,YU,AK,F
10:48:16,ICBP,RG,8725,30,F,DX,AK,F
10:46:33,ICBP,RG,8750,1,D,XC,AK,F
10:44:01,ICBP,RG,8750,2,D,YU,BB,F
10:44:00,ICBP,RG,8750,9,D,YU,BB,F
10:43:45,ICBP,RG,8750,1,D,YU,BB,F
10:43:45,ICBP,RG,8750,1,D,YU,BB,F
10:43:44,ICBP,RG,8750,7,D,YU,AZ,D
10:43:44,ICBP,RG,8750,12,D,YU,AZ,D
10:43:44,ICBP,RG,8750,2,D,YU,AZ,D
10:43:44,ICBP,RG,8750,2,D,YU,AZ,D
10:43:43,ICBP,RG,8725,37,F,DX,BB,F
10:43:43,ICBP,RG,8725,5,D,AZ,BB,F
10:43:43,ICBP,RG,8725,30,D,KZ,BB,F
10:43:43,ICBP,RG,8725,3,F,ZP,BB,F
10:43:43,ICBP,RG,8725,9,F,ZP,BB,F
10:43:02,ICBP,RG,8750,1,D,YU,AZ,D
10:43:01,ICBP,RG,8750,5,D,YU,AZ,D
10:43:00,ICBP,RG,8750,28,D,YU,AZ,D
10:42:35,ICBP,RG,8750,1,D,XC,AZ,D
10:42:01,ICBP,RG,8750,1,D,YU,AZ,D
10:42:01,ICBP,RG,8750,3,D,YU,AZ,D
10:42:00,ICBP,RG,8725,5,F,ZP,AK,F
10:42:00,ICBP,RG,8750,17,D,YU,AZ,D
10:41:37,ICBP,RG,8750,2,D,YU,AZ,D
10:41:37,ICBP,RG,8750,12,D,PD,AZ,D
10:41:35,ICBP,RG,8750,1,D,XC,AZ,D
10:40:34,ICBP,RG,8750,1,D,YU,AZ,D
10:40:33,ICBP,RG,8750,1,D,YU,AZ,D
10:40:33,ICBP,RG,8725,5,F,ZP,DR,D
10:40:33,ICBP,RG,8725,1,D,YP,DR,D
10:40:33,ICBP,RG,8725,5,D,YP,DR,D
10:40:00,ICBP,RG,8750,7,D,YU,AZ,D
10:40:00,ICBP,RG,8750,37,D,YU,AZ,D
10:38:35,ICBP,RG,8750,2,D,YU,AZ,D
10:38:35,ICBP,RG,8725,11,D,YP,BB,F
10:38:13,ICBP,RG,8750,3,D,YU,AZ,D
10:38:12,ICBP,RG,8750,38,D,YU,AZ,D
10:38:12,ICBP,RG,8750,18,D,YU,AZ,D
10:38:12,ICBP,RG,8725,1,D,YP,BB,F
10:38:11,ICBP,RG,8725,45,D,YP,GR,D
10:38:11,ICBP,RG,8725,1,D,PD,GR,D
10:38:11,ICBP,RG,8725,18,D,RX,GR,D
10:38:11,ICBP,RG,8725,6,D,RX,GR,D
10:38:11,ICBP,RG,8725,112,D,RX,GR,D
10:38:11,ICBP,RG,8725,1,D,XC,GR,D
10:38:11,ICBP,RG,8725,10,D,XC,GR,D
10:38:11,ICBP,RG,8725,1,D,KK,GR,D
10:38:11,ICBP,RG,8725,1,D,PD,GR,D
10:38:11,ICBP,RG,8725,20,D,PD,GR,D
10:38:11,ICBP,RG,8725,1,D,YP,GR,D
10:38:11,ICBP,RG,8725,5,D,CC,GR,D
10:38:11,ICBP,RG,8725,1,D,XC,GR,D
10:38:11,ICBP,RG,8725,2,D,PD,GR,D
10:38:11,ICBP,RG,8725,2,F,ZP,GR,D
10:38:11,ICBP,RG,8725,8,D,YU,GR,D
10:38:11,ICBP,RG,8725,100,F,DX,GR,D
10:38:11,ICBP,RG,8725,1,D,BQ,GR,D
10:37:46,ICBP,RG,8750,1,D,YU,AZ,D
10:37:46,ICBP,RG,8725,2,D,YP,BB,F
10:37:32,ICBP,RG,8750,2,D,YU,AZ,D
10:37:32,ICBP,RG,8750,1,D,YU,AZ,D
10:37:32,ICBP,RG,8750,1,D,YU,AZ,D
10:37:32,ICBP,RG,8750,1,D,YU,AZ,D
10:37:32,ICBP,RG,8725,1,D,YP,BB,F
10:37:32,ICBP,RG,8725,1,D,KK,BB,F
10:37:32,ICBP,RG,8725,3,D,DH,BB,F
10:37:32,ICBP,RG,8725,2,D,CC,BB,F
10:37:32,ICBP,RG,8725,3,D,XC,BB,F
10:37:32,ICBP,RG,8725,3,D,YU,BB,F
10:37:32,ICBP,RG,8725,1,D,YP,BB,F
10:37:32,ICBP,RG,8725,2,D,CC,BB,F
10:37:20,ICBP,RG,8750,2,D,YU,AZ,D
10:37:20,ICBP,RG,8750,2,D,YU,AZ,D
10:37:20,ICBP,RG,8750,1,D,YU,AZ,D
10:37:20,ICBP,RG,8750,1,D,YU,AZ,D
10:37:19,ICBP,RG,8750,9,D,YU,AZ,D
10:37:19,ICBP,RG,8750,9,D,YU,AZ,D
10:37:19,ICBP,RG,8750,4,D,YU,AZ,D
10:37:19,ICBP,RG,8750,4,D,YU,AZ,D
10:37:19,ICBP,RG,8725,1,D,CC,BB,F
10:37:19,ICBP,RG,8725,1,D,YP,BB,F
10:37:19,ICBP,RG,8725,1,D,XC,BB,F
10:37:19,ICBP,RG,8725,5,D,PD,BB,F
10:37:19,ICBP,RG,8725,1,D,XC,BB,F
10:37:19,ICBP,RG,8725,5,D,PD,BB,F
10:37:19,ICBP,RG,8725,1,D,YP,BB,F
10:37:19,ICBP,RG,8725,2,D,PD,BB,F
10:37:19,ICBP,RG,8725,10,D,BQ,BB,F
10:37:19,ICBP,RG,8725,25,D,YP,BB,F
10:37:19,ICBP,RG,8725,24,F,DX,BB,F
10:37:18,ICBP,RG,8750,1,D,XC,AZ,D
10:37:01,ICBP,RG,8750,1,D,YU,AZ,D
10:37:01,ICBP,RG,8750,1,D,YU,AZ,D
10:37:00,ICBP,RG,8750,4,D,YU,AZ,D
10:37:00,ICBP,RG,8750,4,D,YU,AZ,D
10:36:59,ICBP,RG,8750,20,D,YU,AZ,D
10:36:59,ICBP,RG,8750,20,D,YU,AZ,D
10:36:58,ICBP,RG,8725,115,F,DX,GR,D
10:36:46,ICBP,RG,8725,2,F,DX,BB,F
10:36:29,ICBP,RG,8750,1,D,YU,AZ,D
10:36:29,ICBP,RG,8750,1,D,YU,AZ,D
10:36:29,ICBP,RG,8725,4,F,DX,BB,F
10:36:28,ICBP,RG,8725,1,F,DX,YP,D
10:35:55,ICBP,RG,8750,1,D,YU,AZ,D
10:35:55,ICBP,RG,8750,1,D,YU,AZ,D
10:35:54,ICBP,RG,8750,2,D,YU,AZ,D
10:35:54,ICBP,RG,8750,2,D,YU,AZ,D
10:35:53,ICBP,RG,8725,11,F,DX,BB,F
10:35:52,ICBP,RG,8750,1,D,YU,AZ,D
10:35:52,ICBP,RG,8750,1,D,YU,AZ,D
10:35:51,ICBP,RG,8750,1,D,KK,AZ,D
10:35:51,ICBP,RG,8750,1,D,YU,AZ,D
10:35:51,ICBP,RG,8750,1,D,YU,AZ,D
10:35:51,ICBP,RG,8750,1,D,YU,AZ,D
10:35:51,ICBP,RG,8750,1,D,YU,AZ,D
10:35:50,ICBP,RG,8750,4,D,YU,AZ,D
10:35:50,ICBP,RG,8750,4,D,YU,AZ,D
10:35:50,ICBP,RG,8750,4,D,YU,AZ,D
10:35:50,ICBP,RG,8750,4,D,YU,AZ,D
10:35:49,ICBP,RG,8750,13,F,ZP,AZ,D
10:35:49,ICBP,RG,8750,1,F,ZP,AZ,D
10:35:49,ICBP,RG,8750,13,D,RX,AZ,D
10:35:49,ICBP,RG,8750,4,D,RX,AZ,D
10:35:49,ICBP,RG,8750,21,D,RX,AZ,D
10:35:04,ICBP,RG,8775,1,D,PD,YP,D
10:34:40,ICBP,RG,8775,1,D,YU,AK,F
10:34:40,ICBP,RG,8775,1,D,YU,PD,D
10:34:39,ICBP,RG,8750,5,D,RX,OD,D
10:33:41,ICBP,RG,8775,1,D,YU,PD,D
10:33:41,ICBP,RG,8775,1,D,YU,PD,D
10:33:40,ICBP,RG,8775,4,D,YU,PD,D
10:33:40,ICBP,RG,8775,4,D,YU,PD,D
10:33:39,ICBP,RG,8750,21,D,RX,BB,F
10:33:28,ICBP,RG,8775,1,D,YU,PD,D
10:33:28,ICBP,RG,8775,1,D,YU,PD,D
10:33:27,ICBP,RG,8775,6,D,YU,PD,D
10:33:27,ICBP,RG,8775,6,D,YU,PD,D
10:33:27,ICBP,RG,8775,1,D,YU,PD,D
10:33:27,ICBP,RG,8775,1,D,YU,PD,D
10:33:26,ICBP,RG,8750,10,D,RX,GR,F
10:33:26,ICBP,RG,8750,6,D,RX,NI,D
10:33:26,ICBP,RG,8750,5,D,RX,CC,D
10:33:26,ICBP,RG,8750,6,D,RX,BB,F
10:33:26,ICBP,RG,8750,1,D,RX,YP,D
10:33:26,ICBP,RG,8750,5,D,RX,AK,F
10:33:26,ICBP,RG,8750,4,D,RX,AK,F
10:33:16,ICBP,RG,8750,1,D,YU,AK,F
10:33:16,ICBP,RG,8750,1,D,YU,AK,F
10:33:15,ICBP,RG,8725,1,F,DX,XC,D
10:33:15,ICBP,RG,8725,5,F,DX,EP,D
10:31:40,ICBP,RG,8725,1,F,DX,BB,F
10:31:08,ICBP,RG,8750,1,D,YU,AK,F
10:31:08,ICBP,RG,8750,1,D,YU,AK,F
10:31:07,ICBP,RG,8725,1,F,DX,BB,F
10:30:24,ICBP,RG,8725,2,F,DX,BB,F
10:30:15,ICBP,RG,8725,2,F,DX,AK,F
10:29:58,ICBP,RG,8775,1,D,YU,PD,D
10:29:58,ICBP,RG,8775,1,D,YU,PD,D
10:29:58,ICBP,RG,8725,1,F,DX,BB,F
10:29:50,ICBP,RG,8725,1,F,DX,BB,F
10:29:49,ICBP,RG,8775,1,D,YU,PD,D
10:29:49,ICBP,RG,8775,1,D,YU,PD,D
10:29:49,ICBP,RG,8750,5,F,ZP,BB,F
10:29:49,ICBP,RG,8750,2,D,CC,BB,F
10:29:38,ICBP,RG,8775,1,D,YU,PD,D
10:29:38,ICBP,RG,8775,1,D,YU,PD,D
10:29:37,ICBP,RG,8775,2,D,YU,PD,D
10:29:37,ICBP,RG,8775,2,D,YU,PD,D
10:29:37,ICBP,RG,8750,1,D,CC,BB,F
10:29:36,ICBP,RG,8750,10,D,CC,CC,D
10:29:20,ICBP,RG,8775,1,D,YU,PD,D
10:29:20,ICBP,RG,8775,1,D,YU,PD,D
10:29:20,ICBP,RG,8750,4,D,CC,BB,F
10:29:00,ICBP,RG,8775,1,D,YU,PD,D
10:29:00,ICBP,RG,8775,7,D,YU,PD,D
10:28:29,ICBP,RG,8750,1,F,ZP,BB,F
10:28:29,ICBP,RG,8750,1,D,YU,BB,F
10:28:16,ICBP,RG,8775,1,D,YU,PD,D
10:28:16,ICBP,RG,8750,3,D,YU,BB,F
10:28:00,ICBP,RG,8775,9,D,YU,PD,D
10:27:57,ICBP,RG,8725,50,F,DX,BB,F
10:27:56,ICBP,RG,8750,1,F,ZP,BB,F
10:27:56,ICBP,RG,8750,2,D,YU,BB,F
10:27:56,ICBP,RG,8750,3,D,YU,BB,F
10:27:55,ICBP,RG,8750,2,D,PD,BB,F
10:27:55,ICBP,RG,8750,9,D,YU,BB,F
10:27:55,ICBP,RG,8750,12,D,YU,BB,F
10:27:55,ICBP,RG,8750,3,F,ZP,BB,F
10:27:55,ICBP,RG,8750,26,F,ZP,BB,F
10:27:45,ICBP,RG,8750,5,F,ZP,YP,D
10:27:30,ICBP,RG,8750,2,F,ZP,PD,D
10:27:30,ICBP,RG,8750,3,D,YU,PD,D
10:27:30,ICBP,RG,8750,1,D,YU,PD,D
10:27:30,ICBP,RG,8750,6,D,KZ,PD,D
10:27:05,ICBP,RG,8750,7,D,KZ,KK,D
10:27:01,ICBP,RG,8750,5,D,KZ,AK,F
10:27:01,ICBP,RG,8750,8,D,KZ,BB,F
10:27:01,ICBP,RG,8750,1,D,KZ,XC,D
10:27:01,ICBP,RG,8750,4,D,KZ,AK,F
10:27:00,ICBP,RG,8750,1,D,YU,AK,F
10:27:00,ICBP,RG,8750,1,D,YU,AK,F
10:27:00,ICBP,RG,8750,2,D,YU,AK,F
10:27:00,ICBP,RG,8750,7,D,YU,BK,F
10:26:40,ICBP,RG,8750,1,D,YU,BK,F
10:26:40,ICBP,RG,8750,1,D,YU,BK,F
10:26:39,ICBP,RG,8725,4,F,DX,SQ,D
10:26:01,ICBP,RG,8750,2,D,YU,BK,F
10:26:00,ICBP,RG,8750,8,D,YU,BK,F
10:26:00,ICBP,RG,8750,26,D,YU,BK,F
10:26:00,ICBP,RG,8750,11,D,YU,BB,F
10:24:38,ICBP,RG,8725,55,F,DX,KK,D
10:24:25,ICBP,RG,8725,10,F,DX,YP,D
10:24:16,ICBP,RG,8725,3,F,DX,CC,D
10:24:00,ICBP,RG,8750,1,D,YU,BB,F
10:24:00,ICBP,RG,8750,1,D,YU,PD,D
10:24:00,ICBP,RG,8750,19,D,YU,AK,F
10:24:00,ICBP,RG,8750,5,D,YU,AK,F
10:23:35,ICBP,RG,8750,1,D,PD,SQ,D
10:22:24,ICBP,RG,8750,5,D,PD,BK,F
10:22:24,ICBP,RG,8750,1,F,ZP,BK,F
10:22:24,ICBP,RG,8750,4,F,ZP,BK,F
10:22:24,ICBP,RG,8750,1,D,YP,BK,F
10:22:24,ICBP,RG,8750,22,D,YU,BK,F
10:22:24,ICBP,RG,8750,1,F,ZP,BK,F
10:22:24,ICBP,RG,8750,13,D,KZ,BK,F
10:22:24,ICBP,RG,8750,9,D,KZ,BK,F
10:21:53,ICBP,RG,8750,1,D,KZ,XC,D
10:21:48,ICBP,RG,8750,3,D,KZ,AT,D
10:18:49,ICBP,RG,8750,10,D,KZ,EP,D
10:18:47,ICBP,RG,8750,1,F,ZP,YP,D
10:18:47,ICBP,RG,8750,2,F,ZP,YP,D
10:18:36,ICBP,RG,8750,1,F,ZP,XC,D
10:18:31,ICBP,RG,8750,28,F,ZP,BB,F
10:18:31,ICBP,RG,8750,6,D,YU,BB,F
10:18:27,ICBP,RG,8725,8,F,DX,BB,F
10:18:27,ICBP,RG,8750,1,D,NI,PD,D
10:18:27,ICBP,RG,8750,1,D,NI,XC,D
10:18:27,ICBP,RG,8750,6,D,NI,AK,F
10:18:27,ICBP,RG,8750,1,D,NI,XC,D
10:18:27,ICBP,RG,8750,20,D,NI,AK,F
10:18:27,ICBP,RG,8750,20,D,NI,YP,D
10:18:27,ICBP,RG,8750,2,D,NI,PD,D
10:18:27,ICBP,RG,8750,1,D,NI,HP,D
10:18:27,ICBP,RG,8750,1,D,NI,YP,D
10:18:27,ICBP,RG,8750,27,D,NI,BB,F
10:18:27,ICBP,RG,8750,10,D,NI,KK,D
10:18:27,ICBP,RG,8750,1,D,NI,XC,D
10:18:27,ICBP,RG,8750,105,D,NI,YP,D
10:18:27,ICBP,RG,8750,4,D,NI,AK,F
10:18:27,ICBP,RG,8750,27,D,NI,BB,F
10:18:27,ICBP,RG,8750,16,D,NI,BB,F
10:17:28,ICBP,RG,8750,1,D,YU,BB,F
10:17:27,ICBP,RG,8750,4,D,YU,BB,F
10:17:27,ICBP,RG,8725,1,F,DX,BB,F
10:17:26,ICBP,RG,8725,10,F,DX,PD,D
10:17:10,ICBP,RG,8750,1,D,YU,BB,F
10:17:10,ICBP,RG,8725,2,F,DX,BB,F
10:16:03,ICBP,RG,8725,1,F,DX,PD,D
10:16:03,ICBP,RG,8750,1,D,YU,BB,F
10:16:02,ICBP,RG,8725,1,F,DX,XC,D
10:15:58,ICBP,RG,8725,1,F,DX,BB,F
10:15:26,ICBP,RG,8750,1,D,YU,BB,F
10:15:26,ICBP,RG,8725,2,F,DX,BB,F
10:15:25,ICBP,RG,8750,1,D,YU,BB,F
10:15:24,ICBP,RG,8750,2,D,XC,BB,F
10:15:21,ICBP,RG,8750,1,D,YU,BB,F
10:15:21,ICBP,RG,8725,2,F,DX,BB,F
10:14:37,ICBP,RG,8750,1,D,YU,BB,F
10:14:37,ICBP,RG,8750,2,D,PD,BB,F
10:13:56,ICBP,RG,8750,1,D,YU,BB,F
10:13:56,ICBP,RG,8725,5,F,DX,BB,F
10:12:39,ICBP,RG,8725,1,F,DX,PD,D
10:12:32,ICBP,RG,8725,5,F,DX,XC,D
10:12:02,ICBP,RG,8725,1,F,DX,BB,F
10:11:51,ICBP,RG,8750,1,D,PD,BB,F
10:11:48,ICBP,RG,8725,1,F,DX,BB,F
10:11:48,ICBP,RG,8725,1,F,DX,YB,D
10:11:34,ICBP,RG,8725,1,F,DX,XC,D
10:11:19,ICBP,RG,8725,2,F,DX,BB,F
10:10:30,ICBP,RG,8725,3,F,DX,AK,F
10:10:21,ICBP,RG,8725,1,F,DX,BB,F
10:10:21,ICBP,RG,8750,1,D,XC,BB,F
10:10:11,ICBP,RG,8725,1,F,DX,BB,F
10:09:55,ICBP,RG,8725,3,F,DX,BB,F
10:09:55,ICBP,RG,8725,2,F,DX,NI,D
10:09:14,ICBP,RG,8725,1,F,DX,BB,F
10:09:09,ICBP,RG,8725,5,F,DX,YP,D
10:08:49,ICBP,RG,8725,4,F,DX,BB,F
10:08:37,ICBP,RG,8725,10,F,DX,YP,D
10:08:22,ICBP,RG,8725,1,F,DX,BB,F
10:08:13,ICBP,RG,8725,2,F,DX,BB,F
10:08:12,ICBP,RG,8725,2,F,DX,XC,D
10:07:45,ICBP,RG,8725,1,F,DX,AK,F
10:07:35,ICBP,RG,8725,9,F,DX,BB,F
10:07:17,ICBP,RG,8725,3,F,DX,XC,D
10:06:55,ICBP,RG,8725,51,F,DX,BB,F
10:06:31,ICBP,RG,8750,1,D,XC,BB,F
10:03:29,ICBP,RG,8725,50,F,DX,BB,F
10:02:08,ICBP,RG,8750,1,D,PD,BB,F
10:01:49,ICBP,RG,8750,16,D,YP,BB,F
10:01:02,ICBP,RG,8750,1,D,PD,BB,F
10:00:10,ICBP,RG,8725,28,F,DX,BB,F
10:00:10,ICBP,RG,8725,3,D,PD,BB,F
10:00:10,ICBP,RG,8725,1,F,ZP,BB,F
10:00:10,ICBP,RG,8725,18,D,CC,BB,F
10:00:05,ICBP,RG,8725,3,D,CC,AK,F
9:59:00,ICBP,RG,8725,29,D,CC,YP,D
9:59:00,ICBP,RG,8725,11,D,PD,YP,D
9:58:16,ICBP,RG,8750,1,D,CC,BB,F
9:58:16,ICBP,RG,8750,1,D,NI,BB,F
9:58:00,ICBP,RG,8725,6,D,PD,CC,D
9:58:00,ICBP,RG,8725,3,D,YU,CC,D
9:58:00,ICBP,RG,8725,1,D,YP,CC,D
9:58:00,ICBP,RG,8725,1,D,NI,CC,D
9:58:00,ICBP,RG,8725,1,D,XC,CC,D
9:58:00,ICBP,RG,8725,13,F,ZP,CC,D
9:58:00,ICBP,RG,8725,15,D,DR,CC,D
9:57:26,ICBP,RG,8750,1,D,YP,BB,F
9:57:26,ICBP,RG,8725,3,D,DR,AZ,D
9:57:26,ICBP,RG,8725,2,D,NI,AZ,D
9:57:01,ICBP,RG,8725,23,D,NI,BK,F
9:57:01,ICBP,RG,8725,2,D,CC,BK,F
9:57:01,ICBP,RG,8725,12,D,KZ,BK,F
9:57:01,ICBP,RG,8725,2,D,YP,BK,F
9:57:01,ICBP,RG,8725,1,D,XC,BK,F
9:57:01,ICBP,RG,8725,1,D,CC,BK,F
9:57:01,ICBP,RG,8725,10,D,XC,BK,F
9:57:01,ICBP,RG,8725,1,D,PD,BK,F
9:57:01,ICBP,RG,8725,20,F,ZP,BK,F
9:57:01,ICBP,RG,8725,6,F,ZP,AK,F
9:57:01,ICBP,RG,8725,6,F,ZP,BB,F
9:57:01,ICBP,RG,8725,2,F,ZP,BB,F
9:57:01,ICBP,RG,8725,2,D,XL,BB,F
9:57:01,ICBP,RG,8725,1,D,NI,BB,F
9:57:01,ICBP,RG,8725,1,D,XC,BB,F
9:57:01,ICBP,RG,8725,3,D,GR,BB,F
9:57:01,ICBP,RG,8725,1,D,OD,BB,F
9:57:01,ICBP,RG,8725,1,D,CC,BB,F
9:57:01,ICBP,RG,8725,1,F,ZP,BB,F
9:57:01,ICBP,RG,8725,1,D,CC,BB,F
9:57:01,ICBP,RG,8725,1,D,PD,BB,F
9:57:01,ICBP,RG,8725,1,D,AT,BB,F
9:57:01,ICBP,RG,8725,48,F,DX,BB,F
9:57:00,ICBP,RG,8725,72,F,DX,BK,F
9:56:55,ICBP,RG,8725,72,F,DX,BK,F
9:56:54,ICBP,RG,8725,72,F,DX,BK,F
9:56:53,ICBP,RG,8725,72,F,DX,BK,F
9:56:53,ICBP,RG,8725,5,F,DX,BB,F
9:56:09,ICBP,RG,8725,8,F,DX,OD,D
9:56:05,ICBP,RG,8725,1,F,DX,BB,F
9:56:04,ICBP,RG,8725,1,F,DX,XC,D
9:55:44,ICBP,RG,8725,1,F,DX,YP,D
9:55:24,ICBP,RG,8725,1,F,DX,BB,F
9:55:21,ICBP,RG,8725,1,F,DX,BB,F
9:54:43,ICBP,RG,8725,1,F,DX,XC,D
9:54:40,ICBP,RG,8725,2,F,DX,BB,F
9:53:40,ICBP,RG,8725,2,F,DX,PD,D
9:53:31,ICBP,RG,8725,2,F,DX,BB,F
9:53:31,ICBP,RG,8750,1,D,AZ,BB,F
9:52:20,ICBP,RG,8725,2,F,DX,BB,F
9:52:05,ICBP,RG,8725,4,F,DX,AK,F
9:51:46,ICBP,RG,8725,3,F,DX,BB,F
9:51:34,ICBP,RG,8725,1,F,DX,BB,F
9:51:33,ICBP,RG,8725,5,F,DX,CD,D
9:51:07,ICBP,RG,8725,35,F,DX,BB,F
9:49:38,ICBP,RG,8725,1,F,DX,PD,D
9:48:47,ICBP,RG,8750,5,D,CC,BB,F
9:48:42,ICBP,RG,8725,50,F,DX,BB,F
9:47:24,ICBP,RG,8725,1,F,DX,XC,D
9:47:07,ICBP,RG,8725,4,F,DX,PD,D
9:46:52,ICBP,RG,8725,19,F,DX,PD,D
9:46:52,ICBP,RG,8725,1,D,KZ,PD,D
9:46:39,ICBP,RG,8725,13,D,KZ,CP,D
9:45:50,ICBP,RG,8725,2,D,KZ,KK,D
9:45:45,ICBP,RG,8725,4,D,KZ,BB,F
9:45:45,ICBP,RG,8725,12,D,XC,BB,F
9:45:44,ICBP,RG,8725,2,D,XC,AI,D
9:45:29,ICBP,RG,8725,6,D,XC,BB,F
9:45:29,ICBP,RG,8725,20,D,XC,BB,F
9:45:29,ICBP,RG,8725,1,D,XC,BB,F
9:45:29,ICBP,RG,8725,2,D,XC,BB,F
9:45:28,ICBP,RG,8750,11,D,PD,BB,F
9:45:28,ICBP,RG,8725,1,D,YP,YP,D
9:45:28,ICBP,RG,8725,24,F,ZP,YP,D
9:45:28,ICBP,RG,8725,3,F,ZP,YP,D
9:45:28,ICBP,RG,8725,1,D,PD,YP,D
9:45:28,ICBP,RG,8725,4,D,CC,YP,D
9:45:28,ICBP,RG,8725,12,D,CC,YP,D
9:45:28,ICBP,RG,8725,50,D,YP,YP,D
9:45:28,ICBP,RG,8725,8,D,DH,YP,D
9:45:28,ICBP,RG,8725,1,D,YP,YP,D
9:45:28,ICBP,RG,8725,2,D,XC,YP,D
9:45:28,ICBP,RG,8725,2,D,SQ,YP,D
9:45:28,ICBP,RG,8725,2,F,ZP,YP,D
9:45:28,ICBP,RG,8725,2,D,CC,YP,D
9:45:28,ICBP,RG,8725,10,D,CC,YP,D
9:45:28,ICBP,RG,8725,4,D,SQ,YP,D
9:45:28,ICBP,RG,8725,1,D,YP,YP,D
9:45:28,ICBP,RG,8725,3,D,YP,YP,D
9:45:28,ICBP,RG,8725,5,D,XC,YP,D
9:45:28,ICBP,RG,8725,6,D,EP,YP,D
9:45:28,ICBP,RG,8725,3,D,PD,YP,D
9:45:28,ICBP,RG,8725,4,D,KZ,YP,D
9:45:28,ICBP,RG,8725,1,D,YP,YP,D
9:45:28,ICBP,RG,8725,1,D,YP,YP,D
9:44:42,ICBP,RG,8725,2,D,YP,BB,F
9:44:41,ICBP,RG,8725,65,D,YP,XC,D
9:44:04,ICBP,RG,8725,1,D,YP,PD,D
9:44:01,ICBP,RG,8725,1,D,YP,BB,F
9:44:00,ICBP,RG,8725,2,D,YP,PD,D
9:43:15,ICBP,RG,8725,1,D,YP,BB,F
9:42:54,ICBP,RG,8725,2,D,YP,BB,F
9:42:27,ICBP,RG,8750,1,D,CC,BB,F
9:42:03,ICBP,RG,8725,25,D,YP,BB,F
9:42:03,ICBP,RG,8725,1,D,XC,BB,F
9:42:03,ICBP,RG,8725,1,D,AI,BB,F
9:42:03,ICBP,RG,8725,6,D,CC,BB,F
9:41:00,ICBP,RG,8725,4,D,CC,AK,F
9:39:48,ICBP,RG,8725,50,D,CC,BB,F
9:39:34,ICBP,RG,8725,10,D,CC,OD,D
9:38:45,ICBP,RG,8725,1,D,CC,AK,F
9:36:42,ICBP,RG,8725,29,D,CC,BB,F
9:36:42,ICBP,RG,8725,5,D,CC,BB,F
9:36:42,ICBP,RG,8725,3,D,KK,BB,F
9:36:42,ICBP,RG,8725,1,D,NI,BB,F
9:36:42,ICBP,RG,8725,1,D,NI,BB,F
9:36:42,ICBP,RG,8725,1,D,XC,BB,F
9:36:41,ICBP,RG,8725,1,D,XC,BB,F
9:36:40,ICBP,RG,8725,10,D,CC,GR,D
9:36:40,ICBP,RG,8725,1,D,CC,GR,D
9:36:40,ICBP,RG,8725,5,D,PD,GR,D
9:36:40,ICBP,RG,8725,234,F,DX,GR,D
9:36:17,ICBP,RG,8725,1,F,DX,BB,F
9:35:48,ICBP,RG,8750,2,D,XC,BB,F
9:35:48,ICBP,RG,8725,2,F,DX,BB,F
9:35:31,ICBP,RG,8725,2,F,DX,BB,F
9:35:29,ICBP,RG,8725,3,F,DX,PD,D
9:34:37,ICBP,RG,8725,11,F,DX,BB,F
9:34:29,ICBP,RG,8725,55,F,DX,XC,D
9:33:45,ICBP,RG,8725,3,F,DX,AK,F
9:33:40,ICBP,RG,8725,24,F,DX,CC,D
9:33:16,ICBP,RG,8750,10,D,YP,BB,F
9:31:35,ICBP,RG,8750,12,D,PD,BB,F
9:30:30,ICBP,RG,8725,1,F,DX,AK,F
9:30:28,ICBP,RG,8750,2,D,KK,BB,F
9:29:30,ICBP,RG,8725,10,F,DX,BB,F
9:29:24,ICBP,RG,8725,93,F,DX,BB,F
9:29:23,ICBP,RG,8750,4,F,ZP,BB,F
9:29:23,ICBP,RG,8750,2,D,CC,BB,F
9:29:23,ICBP,RG,8750,1,F,ZP,BB,F
9:29:23,ICBP,RG,8750,1,D,CC,BB,F
9:29:23,ICBP,RG,8750,20,D,DR,BB,F
9:29:17,ICBP,RG,8750,1,D,DR,NI,D
9:28:59,ICBP,RG,8750,2,D,DR,NI,D
9:28:59,ICBP,RG,8750,1,F,ZP,NI,D
9:28:59,ICBP,RG,8750,7,F,ZP,NI,D
9:27:49,ICBP,RG,8750,25,D,XC,GR,D
9:27:20,ICBP,RG,8750,1,D,XC,XC,D
9:27:02,ICBP,RG,8750,1,D,YP,BB,F
9:27:02,ICBP,RG,8750,5,D,YP,GR,D
9:26:36,ICBP,RG,8750,1,D,AZ,GR,D
9:26:27,ICBP,RG,8725,11,F,DX,BB,F
9:26:26,ICBP,RG,8750,1,D,XC,GR,D
9:26:17,ICBP,RG,8725,2,F,DX,BB,F
9:26:16,ICBP,RG,8750,1,D,AI,GR,D
9:26:16,ICBP,RG,8750,1,D,YP,GR,D
9:26:16,ICBP,RG,8750,5,D,CC,GR,D
9:26:16,ICBP,RG,8750,1,D,NI,GR,D
9:26:16,ICBP,RG,8750,76,D,CC,GR,D
9:26:16,ICBP,RG,8750,16,D,KZ,GR,D
9:26:16,ICBP,RG,8750,1,D,YP,GR,D
9:26:16,ICBP,RG,8750,8,F,ZP,GR,D
9:26:16,ICBP,RG,8750,1,D,KK,GR,D
9:26:16,ICBP,RG,8750,1,D,CC,GR,D
9:26:16,ICBP,RG,8750,5,F,ZP,GR,D
9:26:16,ICBP,RG,8750,1,F,ZP,GR,D
9:26:16,ICBP,RG,8750,1,D,XC,GR,D
9:25:58,ICBP,RG,8750,2,D,XC,BB,F
9:25:58,ICBP,RG,8750,1,D,DH,BB,F
9:25:58,ICBP,RG,8750,1,D,PD,BB,F
9:25:58,ICBP,RG,8750,2,D,PD,BB,F
9:25:43,ICBP,RG,8750,1,D,PD,BB,F
9:25:43,ICBP,RG,8750,1,D,PD,BB,F
9:25:43,ICBP,RG,8750,1,D,CP,BB,F
9:25:42,ICBP,RG,8750,1,D,CP,YP,D
9:25:42,ICBP,RG,8750,2,D,XC,YP,D
9:25:42,ICBP,RG,8750,19,D,EP,YP,D
9:25:20,ICBP,RG,8750,2,D,EP,BB,F
9:25:20,ICBP,RG,8750,4,D,EP,PD,D
9:25:20,ICBP,RG,8750,2,D,EP,NI,D
9:25:11,ICBP,RG,8750,2,D,EP,BB,F
9:24:54,ICBP,RG,8750,3,D,EP,XC,D
9:24:53,ICBP,RG,8750,3,D,EP,BB,F
9:24:52,ICBP,RG,8750,7,D,EP,BB,F
9:24:26,ICBP,RG,8750,2,D,EP,BB,F
9:23:57,ICBP,RG,8775,1,D,YU,XC,D
9:23:57,ICBP,RG,8775,2,D,YU,PD,D
9:23:57,ICBP,RG,8775,1,D,YU,BB,F
9:23:57,ICBP,RG,8775,1,D,YU,XC,D
9:22:47,ICBP,RG,8775,1,D,YP,XC,D
9:22:26,ICBP,RG,8775,1,D,AI,XC,D
9:22:17,ICBP,RG,8750,2,D,EP,YP,D
9:22:08,ICBP,RG,8750,17,D,EP,EP,D
9:19:37,ICBP,RG,8775,20,D,KZ,AK,F
9:19:37,ICBP,RG,8775,1,F,ZP,AK,F
9:19:36,ICBP,RG,8775,29,F,ZP,AK,F
9:19:36,ICBP,RG,8775,1,F,ZP,AK,F
9:19:36,ICBP,RG,8775,7,F,ZP,AK,F
9:19:36,ICBP,RG,8775,1,F,ZP,AK,F
9:19:36,ICBP,RG,8775,24,D,NI,AK,F
9:19:35,ICBP,RG,8775,6,D,NI,AK,F
9:19:35,ICBP,RG,8775,2,D,NI,AK,F
9:19:35,ICBP,RG,8775,7,D,NI,BB,F
9:19:35,ICBP,RG,8775,6,D,NI,PD,D
9:19:35,ICBP,RG,8775,3,D,NI,NI,D
9:19:35,ICBP,RG,8775,6,D,NI,XL,D
9:19:35,ICBP,RG,8775,1,D,NI,YP,D
9:19:35,ICBP,RG,8775,10,D,NI,XL,D
9:19:35,ICBP,RG,8775,3,D,NI,PD,D
9:19:35,ICBP,RG,8775,6,D,NI,AK,F
9:19:35,ICBP,RG,8775,1,D,NI,AK,F
9:19:35,ICBP,RG,8775,1,D,NI,AK,F
9:19:35,ICBP,RG,8775,1,D,NI,AK,F
9:19:35,ICBP,RG,8775,15,D,NI,XC,D
9:19:35,ICBP,RG,8775,7,D,NI,XC,D
9:19:35,ICBP,RG,8775,1,D,NI,AG,D
9:17:29,ICBP,RG,8750,1,D,EP,YP,D
9:17:11,ICBP,RG,8750,2,D,EP,PD,D
9:16:39,ICBP,RG,8775,2,D,XL,AG,D
9:16:28,ICBP,RG,8775,1,D,XL,AG,D
9:16:25,ICBP,RG,8750,1,D,EP,YP,D
9:15:17,ICBP,RG,8750,2,D,EP,XC,D
9:14:41,ICBP,RG,8750,1,D,EP,XC,D
9:14:14,ICBP,RG,8750,2,D,EP,PD,D
9:12:35,ICBP,RG,8750,1,D,EP,XC,D
9:12:17,ICBP,RG,8750,10,D,EP,GR,D
9:11:44,ICBP,RG,8750,6,D,EP,YP,D
9:11:40,ICBP,RG,8750,1,D,EP,HP,D
9:11:40,ICBP,RG,8750,10,D,EP,PD,D
9:11:37,ICBP,RG,8750,1,D,PD,SQ,D
9:11:07,ICBP,RG,8750,1,D,PD,SQ,D
9:10:57,ICBP,RG,8750,1,D,YP,KK,D
9:10:29,ICBP,RG,8750,3,D,PD,KK,D
9:10:03,ICBP,RG,8750,1,D,CC,DH,D
9:10:03,ICBP,RG,8750,4,D,CC,XC,D
9:09:20,ICBP,RG,8750,1,D,XC,XC,D
9:07:48,ICBP,RG,8725,1,F,DX,XC,D
9:07:41,ICBP,RG,8725,4,F,DX,XC,D
9:07:14,ICBP,RG,8725,1,F,DX,XC,D
9:06:55,ICBP,RG,8725,1,F,DX,YP,D
9:06:44,ICBP,RG,8725,19,F,DX,AK,F
9:06:43,ICBP,RG,8750,2,D,PD,CC,D
9:06:43,ICBP,RG,8750,6,F,ZP,CC,D
9:06:43,ICBP,RG,8750,56,D,YP,CC,D
9:06:43,ICBP,RG,8750,1,F,ZP,CC,D
9:06:43,ICBP,RG,8750,6,F,ZP,CC,D
9:06:43,ICBP,RG,8750,10,D,SQ,CC,D
9:06:43,ICBP,RG,8750,33,D,EP,CC,D
9:06:43,ICBP,RG,8750,10,D,YP,CC,D
9:06:43,ICBP,RG,8750,8,D,KZ,CC,D
9:06:43,ICBP,RG,8750,2,D,PD,CC,D
9:06:43,ICBP,RG,8750,14,D,YP,CC,D
9:06:37,ICBP,RG,8750,1,D,YP,DX,D
9:06:37,ICBP,RG,8750,1,D,OD,DX,D
9:05:57,ICBP,RG,8750,2,D,OD,DX,D
9:05:26,ICBP,RG,8750,7,D,OD,PD,D
9:05:26,ICBP,RG,8750,20,D,YP,PD,D
9:05:26,ICBP,RG,8750,10,D,SQ,PD,D
9:05:26,ICBP,RG,8750,3,D,XL,PD,D
9:05:26,ICBP,RG,8750,1,D,PD,PD,D
9:05:26,ICBP,RG,8750,2,D,GR,PD,D
9:05:26,ICBP,RG,8750,2,D,KK,PD,D
9:03:59,ICBP,RG,8775,3,D,XC,AG,D
9:03:29,ICBP,RG,8775,5,D,PD,AG,D
9:03:29,ICBP,RG,8775,1,F,ZP,AG,D
9:03:29,ICBP,RG,8775,3,F,ZP,AG,D
9:03:29,ICBP,RG,8775,2,D,NI,AG,D
9:03:29,ICBP,RG,8775,2,D,DX,AG,D
9:03:00,ICBP,RG,8775,8,D,DX,AK,F
9:03:00,ICBP,RG,8800,1,F,ZP,AK,F
9:03:00,ICBP,RG,8800,1,F,ZP,AK,F
9:02:58,ICBP,RG,8800,11,F,ZP,AK,F
9:02:58,ICBP,RG,8800,1,F,ZP,AK,F
9:02:58,ICBP,RG,8800,11,D,YP,AK,F
9:02:58,ICBP,RG,8800,15,D,YP,DH,D
9:02:37,ICBP,RG,8800,25,D,YP,CC,D
9:02:30,ICBP,RG,8800,13,D,YP,AK,F
9:02:30,ICBP,RG,8800,1,D,YP,AK,F
9:02:30,ICBP,RG,8800,1,D,YP,AK,F
9:02:24,ICBP,RG,8800,10,D,YP,LG,D
9:02:24,ICBP,RG,8800,1,D,YP,NI,D
9:02:24,ICBP,RG,8800,10,D,YP,XC,D
9:02:24,ICBP,RG,8800,1,D,YP,XC,D
9:02:24,ICBP,RG,8775,50,D,YP,AG,D
9:02:24,ICBP,RG,8775,3,D,YP,XC,D
9:02:24,ICBP,RG,8775,1,D,YP,DH,D
9:02:24,ICBP,RG,8775,8,D,YP,PD,D
9:01:48,ICBP,RG,8775,1,D,SQ,PD,D
9:01:00,ICBP,RG,8775,2,D,PD,PD,D
9:01:00,ICBP,RG,8775,1,F,ZP,PD,D
9:01:00,ICBP,RG,8775,2,F,ZP,PD,D
9:01:00,ICBP,RG,8775,1,D,PD,PD,D
9:01:00,ICBP,RG,8775,8,D,KZ,PD,D
9:01:00,ICBP,RG,8775,1,D,YP,PD,D
9:00:40,ICBP,RG,8775,1,D,YP,NI,D
9:00:37,ICBP,RG,8800,2,D,CC,XC,D
9:00:37,ICBP,RG,8800,2,D,CC,XC,D
9:00:36,ICBP,RG,8775,2,D,YP,AK,F
9:00:30,ICBP,RG,8775,3,D,YP,AK,F
9:00:30,ICBP,RG,8775,5,D,YP,AK,F
9:00:30,ICBP,RG,8775,3,D,YP,AK,F
9:00:30,ICBP,RG,8775,1,D,XC,AK,F
9:00:30,ICBP,RG,8775,3,D,DR,AK,F
9:00:14,ICBP,RG,8800,2,F,ZP,AK,F
9:00:09,ICBP,RG,8800,32,D,KZ,AK,F
9:00:05,ICBP,RG,8800,1,F,ZP,AK,F
9:00:05,ICBP,RG,8800,1,F,ZP,AK,F
9:00:05,ICBP,RG,8800,1,D,XC,AK,F
9:00:05,ICBP,RG,8800,6,D,OD,AK,F
9:00:05,ICBP,RG,8800,10,D,YP,AK,F
9:00:05,ICBP,RG,8800,3,D,HP,AK,F
9:00:05,ICBP,RG,8800,1,D,HP,AK,F
9:00:05,ICBP,RG,8800,1,D,HP,AK,F
8:59:00,ICBP,RG,8825,1,D,XL,EP,D
8:59:00,ICBP,RG,8825,6,D,YP,EP,D
8:59:00,ICBP,RG,8825,5,D,PD,EP,D
8:59:00,ICBP,RG,8825,21,D,YP,EP,D
8:59:00,ICBP,RG,8825,1,D,YP,EP,D
8:59:00,ICBP,RG,8825,5,D,YP,EP,D
8:59:00,ICBP,RG,8825,7,D,YP,EP,D
8:59:00,ICBP,RG,8825,1,D,PD,EP,D
8:59:00,ICBP,RG,8825,1,D,CC,EP,D
8:59:00,ICBP,RG,8825,1,D,CC,DX,D
8:59:00,ICBP,RG,8825,2,D,CC,CC,D
8:59:00,ICBP,RG,8825,1,D,YB,CC,D
8:59:00,ICBP,RG,8825,2,D,PD,CC,D
8:59:00,ICBP,RG,8825,1,D,XC,CC,D
8:59:00,ICBP,RG,8825,2,D,PD,CC,D
8:59:00,ICBP,RG,8825,4,D,XC,CC,D
8:59:00,ICBP,RG,8825,3,D,PD,CC,D
8:59:00,ICBP,RG,8825,2,D,PD,OD,D
8:59:00,ICBP,RG,8825,1,D,XL,OD,D
8:59:00,ICBP,RG,8825,1,D,DX,XC,D
8:59:00,ICBP,RG,8825,1,D,DX,XC,D
8:59:00,ICBP,RG,8825,1,D,DR,XC,D
8:59:00,ICBP,RG,8825,1,D,DR,XC,D
8:59:00,ICBP,RG,8825,2,D,PD,XC,D
8:59:00,ICBP,RG,8825,8,D,PD,DR,D
8:59:00,ICBP,RG,8825,2,D,SQ,DR,D
8:59:00,ICBP,RG,8825,1,D,SQ,PD,D
8:59:00,ICBP,RG,8825,1,D,SQ,AK,F
8:59:00,ICBP,RG,8825,1,D,SQ,AK,F
8:59:00,ICBP,RG,8825,1,D,SQ,AK,F
8:59:00,ICBP,RG,8825,1,D,KZ,AK,F
8:59:00,ICBP,RG,8825,2,D,KZ,AK,F
8:59:00,ICBP,RG,8825,4,D,KZ,AK,F
8:59:00,ICBP,RG,8825,1,D,KZ,AK,F
8:59:00,ICBP,RG,8825,1,D,KZ,AK,F
8:59:00,ICBP,RG,8825,1,D,KZ,AK,F
8:59:00,ICBP,RG,8825,1,D,KZ,AK,F
