Time,Stock,Brd,Price,Qty,BT,BC,SC,ST
15:14:24,INDF,RG,6400,1,D,XL,NI,D
15:10:35,INDF,RG,6400,1,D,YP,NI,D
15:08:02,INDF,RG,6400,10,D,NI,NI,D
15:03:41,INDF,RG,6400,1,D,DR,NI,D
15:00:00,INDF,RG,6400,24,F,YU,NI,D
15:00:00,INDF,RG,6400,5,F,YU,YP,D
15:00:00,INDF,RG,6400,50,F,YU,CP,D
15:00:00,INDF,RG,6400,435,F,YU,CS,F
15:00:00,INDF,RG,6400,675,F,YU,CS,F
15:00:00,INDF,RG,6400,675,F,YU,CS,F
15:00:00,INDF,RG,6400,50,F,YU,DR,D
15:00:00,INDF,RG,6400,19,F,YU,CC,D
15:00:00,INDF,RG,6400,30,F,YU,YP,D
15:00:00,INDF,RG,6400,1,F,YU,IF,D
15:00:00,INDF,RG,6400,10,F,YU,PD,D
15:00:00,INDF,RG,6400,10,F,YU,PD,D
15:00:00,INDF,RG,6400,1,F,YU,YP,D
15:00:00,INDF,RG,6400,40,F,YU,YP,D
15:00:00,INDF,RG,6400,10,F,YU,CC,D
15:00:00,INDF,RG,6400,10,F,YU,XC,D
15:00:00,INDF,RG,6400,1000,F,YU,YP,D
15:00:00,INDF,RG,6400,8,F,YU,XC,D
15:00:00,INDF,RG,6400,100,F,YU,YB,D
15:00:00,INDF,RG,6400,126,F,YU,YB,D
15:00:00,INDF,RG,6400,24,F,ZP,YB,D
15:00:00,INDF,RG,6400,300,F,ZP,YB,D
15:00:00,INDF,RG,6400,11,F,ZP,NI,D
15:00:00,INDF,RG,6400,3,F,ZP,YP,D
15:00:00,INDF,RG,6400,8,F,ZP,YP,D
15:00:00,INDF,RG,6400,15,F,ZP,YP,D
15:00:00,INDF,RG,6400,33,F,AK,YP,D
15:00:00,INDF,RG,6400,88,F,BK,YP,D
15:00:00,INDF,RG,6400,53,F,ZP,YP,D
15:00:00,INDF,RG,6400,2,F,ZP,PD,D
15:00:00,INDF,RG,6400,20,F,ZP,YP,D
15:00:00,INDF,RG,6400,100,F,ZP,KK,D
15:00:00,INDF,RG,6400,45,F,ZP,KK,D
15:00:00,INDF,RG,6400,55,F,CS,KK,D
15:00:00,INDF,RG,6400,50,F,CS,GR,D
15:00:00,INDF,RG,6400,50,F,CS,GR,D
15:00:00,INDF,RG,6400,5,F,CS,KK,D
15:00:00,INDF,RG,6400,105,F,CS,LG,D
15:00:00,INDF,RG,6400,50,F,CS,AG,D
15:00:00,INDF,RG,6400,23,F,CS,PD,D
15:00:00,INDF,RG,6400,27,F,DX,PD,D
15:00:00,INDF,RG,6400,72,F,DX,KK,D
15:00:00,INDF,RG,6400,228,F,DX,KK,D
15:00:00,INDF,RG,6400,10,F,DX,PD,D
15:00:00,INDF,RG,6400,39,F,DX,XC,D
15:00:00,INDF,RG,6400,17,F,DX,AZ,D
15:00:00,INDF,RG,6400,1157,F,DX,YP,D
15:00:00,INDF,RG,6400,44,F,DX,YP,D
15:00:00,INDF,RG,6400,16,F,DX,XC,D
15:00:00,INDF,RG,6400,26,F,DX,XL,D
15:00:00,INDF,RG,6400,2,F,DX,KK,D
15:00:00,INDF,RG,6400,10,F,DX,KK,D
15:00:00,INDF,RG,6400,40,F,DX,KK,D
15:00:00,INDF,RG,6400,50,F,DX,PD,D
15:00:00,INDF,RG,6400,400,F,DX,LG,D
15:00:00,INDF,RG,6400,50,F,DX,YP,D
15:00:00,INDF,RG,6400,79,F,DX,PD,D
15:00:00,INDF,RG,6400,41,F,AK,PD,D
15:00:00,INDF,RG,6400,100,F,AK,CP,D
15:00:00,INDF,RG,6400,2,F,AK,YP,D
15:00:00,INDF,RG,6400,2,F,AK,PD,D
15:00:00,INDF,RG,6400,4,F,AK,XC,D
15:00:00,INDF,RG,6400,20,F,AK,OD,D
15:00:00,INDF,RG,6400,2,F,AK,DR,D
15:00:00,INDF,RG,6400,33,F,AK,XL,D
15:00:00,INDF,RG,6400,25,F,AK,GR,D
15:00:00,INDF,RG,6400,4,F,AK,YP,D
15:00:00,INDF,RG,6400,1,F,AK,XC,D
15:00:00,INDF,RG,6400,515,F,AK,IF,D
15:00:00,INDF,RG,6400,594,F,AK,IF,D
15:00:00,INDF,RG,6400,1,F,AK,CC,D
15:00:00,INDF,RG,6400,1,F,AK,YP,D
15:00:00,INDF,RG,6400,5,F,AK,NI,D
15:00:00,INDF,RG,6400,117,F,AK,NI,D
15:00:00,INDF,RG,6400,7,F,AK,NI,D
15:00:00,INDF,RG,6400,46,F,AK,NI,D
15:00:00,INDF,RG,6400,130,F,AK,NI,D
15:00:00,INDF,RG,6400,26,F,AK,SQ,D
15:00:00,INDF,RG,6400,1,F,AK,SQ,D
15:00:00,INDF,RG,6400,15,F,AK,SQ,D
15:00:00,INDF,RG,6400,108,D,YU,SQ,D
15:00:00,INDF,RG,6400,10,D,YU,HP,D
15:00:00,INDF,RG,6400,1,D,YU,HP,D
15:00:00,INDF,RG,6400,10,D,YU,YU,D
15:00:00,INDF,RG,6400,10,D,YU,YP,D
15:00:00,INDF,RG,6400,10,D,YU,KK,D
15:00:00,INDF,RG,6400,50,D,YU,CC,D
15:00:00,INDF,RG,6400,24,D,YU,YU,F
15:00:00,INDF,RG,6400,6,D,YU,KZ,F
15:00:00,INDF,RG,6400,7,D,YU,KZ,F
15:00:00,INDF,RG,6400,39,D,YU,KZ,F
15:00:00,INDF,RG,6400,17,D,YU,KZ,F
15:00:00,INDF,RG,6400,148,D,YU,KZ,F
15:00:00,INDF,RG,6400,235,D,YU,KZ,F
15:00:00,INDF,RG,6400,76,D,YU,BK,F
15:00:00,INDF,RG,6400,92,D,YU,BK,F
15:00:00,INDF,RG,6400,78,D,YU,KZ,F
15:00:00,INDF,RG,6400,662,D,YU,KZ,D
15:00:00,INDF,RG,6400,72,D,YU,KZ,F
15:00:00,INDF,RG,6400,12,D,YU,DX,F
15:00:00,INDF,RG,6400,95,D,YU,DX,F
15:00:00,INDF,RG,6400,17,D,YU,DX,F
15:00:00,INDF,RG,6400,17,D,YU,DX,F
15:00:00,INDF,RG,6400,5,D,YU,OD,D
15:00:00,INDF,RG,6400,292,D,YU,OD,D
15:00:00,INDF,RG,6400,22,D,YU,YU,D
15:00:00,INDF,RG,6400,87,D,YU,BB,D
15:00:00,INDF,RG,6400,160,D,YU,RX,F
15:00:00,INDF,RG,6400,545,F,RX,RX,F
15:00:00,INDF,RG,6400,401,D,DX,RX,F
15:00:00,INDF,RG,6400,386,D,DX,YU,D
14:49:53,INDF,RG,6375,16,F,AK,IF,D
14:49:52,INDF,RG,6375,9,F,AK,IF,D
14:49:52,INDF,RG,6375,6,F,AK,IF,D
14:49:52,INDF,RG,6375,3,F,AK,IF,D
14:49:52,INDF,RG,6375,3,F,AK,IF,D
14:49:52,INDF,RG,6375,1,F,AK,IF,D
14:49:51,INDF,RG,6350,16,D,ZP,HP,D
14:49:45,INDF,RG,6375,1,F,ZP,IF,D
14:49:45,INDF,RG,6350,1,D,ZP,DR,D
14:49:45,INDF,RG,6375,2,F,AK,IF,D
14:49:45,INDF,RG,6375,1,F,AK,IF,D
14:49:45,INDF,RG,6350,2,D,ZP,KZ,F
14:49:36,INDF,RG,6375,1,F,AK,IF,D
14:49:36,INDF,RG,6375,1,F,AK,IF,D
14:49:35,INDF,RG,6375,1,F,ZP,IF,D
14:49:30,INDF,RG,6350,1,D,ZP,BK,F
14:49:28,INDF,RG,6350,12,D,ZP,DX,F
14:49:26,INDF,RG,6375,1,F,ZP,IF,D
14:49:26,INDF,RG,6375,1,F,ZP,IF,D
14:49:23,INDF,RG,6350,10,D,ZP,DX,F
14:49:16,INDF,RG,6350,12,D,ZP,DX,F
14:49:15,INDF,RG,6350,12,D,ZP,KZ,F
14:49:15,INDF,RG,6375,8,F,AK,IF,D
14:49:09,INDF,RG,6375,8,F,AK,IF,D
14:49:09,INDF,RG,6375,1,F,AK,IF,D
14:49:09,INDF,RG,6375,2,F,AK,IF,D
14:49:08,INDF,RG,6375,136,F,AK,IF,D
14:49:08,INDF,RG,6375,27,F,AK,IF,D
14:49:00,INDF,RG,6375,1,F,AK,IF,D
14:49:00,INDF,RG,6375,5,F,AK,IF,D
14:48:59,INDF,RG,6350,1,D,ZP,AK,F
14:48:59,INDF,RG,6350,1,D,ZP,AK,F
14:48:59,INDF,RG,6350,1,D,ZP,AK,F
14:48:59,INDF,RG,6350,1,D,ZP,AK,F
14:48:59,INDF,RG,6350,1,D,ZP,AK,F
14:48:59,INDF,RG,6350,1,D,ZP,AK,F
14:48:52,INDF,RG,6375,35,F,ZP,IF,D
14:48:46,INDF,RG,6350,9,D,ZP,BK,F
14:48:45,INDF,RG,6350,27,D,ZP,KZ,F
14:48:38,INDF,RG,6375,1,F,ZP,IF,D
14:48:38,INDF,RG,6375,69,F,AK,IF,D
14:48:38,INDF,RG,6375,7,F,AK,PD,D
14:48:38,INDF,RG,6375,1,F,AK,PD,D
14:48:38,INDF,RG,6375,2,F,AK,YP,D
14:48:38,INDF,RG,6375,4,F,AK,YP,D
14:48:38,INDF,RG,6375,1,F,AK,MG,D
14:48:38,INDF,RG,6375,2,F,AK,XC,D
14:48:38,INDF,RG,6375,18,F,AK,AK,F
14:48:38,INDF,RG,6375,21,F,AK,XA,D
14:48:37,INDF,RG,6375,8,F,ZP,XA,D
14:48:30,INDF,RG,6375,70,F,YU,XA,D
14:48:30,INDF,RG,6375,10,F,YU,YP,D
14:48:30,INDF,RG,6375,4,F,YU,AK,F
14:48:30,INDF,RG,6375,2,F,YU,AK,F
14:48:30,INDF,RG,6375,17,F,YU,AK,F
14:48:30,INDF,RG,6375,229,F,YU,XC,D
14:48:30,INDF,RG,6350,22,D,ZP,AK,F
14:48:30,INDF,RG,6375,6,F,AK,XC,D
14:48:30,INDF,RG,6375,11,F,AK,XC,D
14:48:17,INDF,RG,6375,2,F,ZP,XC,D
14:48:16,INDF,RG,6375,5,F,ZP,XC,D
14:48:15,INDF,RG,6350,9,D,ZP,KZ,F
14:48:12,INDF,RG,6350,10,D,ZP,AK,F
14:48:12,INDF,RG,6375,3,F,AK,XC,D
14:48:12,INDF,RG,6350,2,D,ZP,AK,F
14:48:11,INDF,RG,6350,1,D,ZP,KZ,F
14:48:11,INDF,RG,6350,1,D,ZP,KZ,F
14:48:00,INDF,RG,6375,6,F,ZP,XC,D
14:48:00,INDF,RG,6350,5,D,ZP,AK,F
14:48:00,INDF,RG,6375,3,F,ZP,XC,D
14:48:00,INDF,RG,6350,5,D,ZP,AK,F
14:48:00,INDF,RG,6375,35,F,YU,XC,D
14:48:00,INDF,RG,6375,100,F,YU,GR,D
14:48:00,INDF,RG,6375,45,F,YU,GR,D
14:48:00,INDF,RG,6350,17,D,ZP,KZ,F
14:48:00,INDF,RG,6375,1,F,ZP,GR,D
14:47:56,INDF,RG,6375,1,F,ZP,GR,D
14:47:45,INDF,RG,6350,3,D,ZP,AK,F
14:47:43,INDF,RG,6375,3,F,AK,GR,D
14:47:42,INDF,RG,6375,1,F,ZP,GR,D
14:47:42,INDF,RG,6375,5,F,ZP,GR,D
14:47:41,INDF,RG,6375,1,F,ZP,GR,D
14:47:37,INDF,RG,6350,7,D,ZP,YP,D
14:47:35,INDF,RG,6350,1,D,ZP,AK,F
14:47:30,INDF,RG,6350,1,D,ZP,AK,F
14:47:24,INDF,RG,6375,1,F,ZP,GR,D
14:47:23,INDF,RG,6375,6,F,ZP,GR,D
14:47:22,INDF,RG,6375,6,F,AK,GR,D
14:47:21,INDF,RG,6350,10,D,ZP,BK,F
14:47:20,INDF,RG,6375,2,F,AK,GR,D
14:47:15,INDF,RG,6350,1,D,ZP,AK,F
14:47:06,INDF,RG,6375,8,F,ZP,GR,D
14:46:58,INDF,RG,6350,8,D,ZP,DX,F
14:46:46,INDF,RG,6375,7,F,ZP,GR,D
14:46:31,INDF,RG,6375,8,F,ZP,GR,D
14:46:30,INDF,RG,6375,20,F,AK,GR,D
14:46:30,INDF,RG,6375,13,F,AK,GR,D
14:46:17,INDF,RG,6375,2,F,ZP,GR,D
14:46:16,INDF,RG,6375,4,F,ZP,GR,D
14:45:54,INDF,RG,6375,6,F,ZP,GR,D
14:45:45,INDF,RG,6375,60,F,YU,GR,D
14:45:45,INDF,RG,6375,11,F,YU,YP,D
14:45:45,INDF,RG,6375,1,F,YU,SQ,D
14:45:45,INDF,RG,6375,50,F,YU,XC,D
14:45:45,INDF,RG,6375,9,F,YU,PD,D
14:45:45,INDF,RG,6375,8,F,YU,XC,D
14:45:45,INDF,RG,6375,2,F,YU,KK,D
14:45:45,INDF,RG,6375,5,F,YU,NI,D
14:45:45,INDF,RG,6375,32,F,YU,YP,D
14:45:45,INDF,RG,6375,3,F,AK,YP,D
14:45:42,INDF,RG,6350,3,D,ZP,PD,D
14:45:35,INDF,RG,6350,1,D,ZP,KZ,F
14:45:35,INDF,RG,6350,2,D,ZP,KZ,F
14:45:35,INDF,RG,6350,7,D,ZP,BK,F
14:45:35,INDF,RG,6350,1,D,ZP,KZ,F
14:45:35,INDF,RG,6350,1,D,ZP,KZ,F
14:45:35,INDF,RG,6350,1,D,ZP,KZ,F
14:45:35,INDF,RG,6350,34,D,ZP,KZ,F
14:45:35,INDF,RG,6350,8,F,ZP,KZ,F
14:45:35,INDF,RG,6350,14,D,YP,KZ,F
14:45:35,INDF,RG,6350,9,D,YP,YP,D
14:45:35,INDF,RG,6350,2,D,YP,YP,D
14:45:30,INDF,RG,6350,3,F,AK,YP,D
14:45:19,INDF,RG,6350,6,F,ZP,YP,D
14:45:17,INDF,RG,6350,1,F,ZP,YP,D
14:45:01,INDF,RG,6350,6,F,ZP,SQ,D
14:44:54,INDF,RG,6325,10,D,OD,BK,F
14:44:45,INDF,RG,6350,8,F,AK,SQ,D
14:44:44,INDF,RG,6350,6,F,DX,SQ,D
14:44:44,INDF,RG,6350,7,F,DX,YP,D
14:44:30,INDF,RG,6325,12,D,OD,YU,D
14:44:30,INDF,RG,6350,3,F,AK,YP,D
14:44:29,INDF,RG,6350,1,D,NI,YP,D
14:44:08,INDF,RG,6325,3,D,OD,YU,D
14:44:08,INDF,RG,6325,3,D,OD,YU,D
14:44:08,INDF,RG,6325,4,D,OD,YU,D
14:44:00,INDF,RG,6325,10,D,OD,YU,D
14:44:00,INDF,RG,6325,1,D,OD,YU,D
14:43:45,INDF,RG,6350,2,F,AK,YP,D
14:43:44,INDF,RG,6325,1,D,OD,YU,D
14:43:44,INDF,RG,6325,2,D,PD,YU,D
14:43:44,INDF,RG,6325,6,D,GR,YU,D
14:43:37,INDF,RG,6350,2,F,YU,YP,D
14:43:37,INDF,RG,6350,5,F,YU,KK,D
14:43:37,INDF,RG,6350,57,F,YU,YP,D
14:43:37,INDF,RG,6350,1,F,YU,NI,D
14:43:37,INDF,RG,6350,17,F,YU,AK,F
14:43:37,INDF,RG,6350,35,F,YU,AK,F
14:43:37,INDF,RG,6350,20,F,YU,KZ,F
14:43:37,INDF,RG,6350,1,F,YU,AK,F
14:43:37,INDF,RG,6350,6,F,YU,BK,F
14:43:37,INDF,RG,6350,29,F,YU,YP,D
14:43:34,INDF,RG,6350,2,F,AK,YP,D
14:43:33,INDF,RG,6350,32,F,ZP,YP,D
14:43:33,INDF,RG,6350,1,F,ZP,YP,D
14:43:33,INDF,RG,6350,2,F,ZP,YP,D
14:43:32,INDF,RG,6350,500,D,DP,YP,D
14:43:32,INDF,RG,6325,9,D,GR,YU,D
14:43:21,INDF,RG,6350,4,F,ZP,YP,D
14:43:15,INDF,RG,6325,1,D,GR,AK,F
14:43:13,INDF,RG,6350,3,F,AK,YP,D
14:43:12,INDF,RG,6325,5,D,GR,YU,D
14:43:00,INDF,RG,6350,2,F,AK,YP,D
14:42:59,INDF,RG,6350,4,F,ZP,YP,D
14:42:58,INDF,RG,6325,5,D,GR,YU,D
14:42:44,INDF,RG,6350,3,F,AK,YP,D
14:42:43,INDF,RG,6325,5,D,GR,YU,D
14:42:40,INDF,RG,6350,4,F,ZP,YP,D
14:42:30,INDF,RG,6350,2,F,AK,YP,D
14:42:28,INDF,RG,6325,5,D,GR,YU,D
14:42:27,INDF,RG,6350,3,F,ZP,YP,D
14:42:27,INDF,RG,6350,1,F,ZP,YP,D
14:42:21,INDF,RG,6350,5,F,ZP,YP,D
14:42:13,INDF,RG,6325,5,D,GR,YU,D
14:42:06,INDF,RG,6350,4,F,ZP,YP,D
14:42:06,INDF,RG,6350,1,D,YP,YP,D
14:42:00,INDF,RG,6325,11,D,GR,AK,F
14:41:58,INDF,RG,6325,5,D,GR,YU,D
14:41:47,INDF,RG,6350,3,F,AK,YP,D
14:41:47,INDF,RG,6325,5,D,GR,YU,D
14:41:46,INDF,RG,6350,2,F,ZP,YP,D
14:41:46,INDF,RG,6325,4,D,GR,PD,D
14:41:39,INDF,RG,6350,4,D,YP,YP,D
14:41:25,INDF,RG,6350,96,F,YU,YP,D
14:41:25,INDF,RG,6350,25,F,YU,YU,D
14:41:25,INDF,RG,6350,2,F,YU,NI,D
14:41:25,INDF,RG,6350,3,F,YU,YU,D
14:41:25,INDF,RG,6350,3,F,YU,YU,D
14:41:25,INDF,RG,6350,63,F,YU,KZ,F
14:41:25,INDF,RG,6350,10,F,YU,BK,F
14:41:25,INDF,RG,6350,1,F,YU,MG,D
14:41:15,INDF,RG,6325,119,D,GR,AK,F
14:41:15,INDF,RG,6325,26,D,KK,AK,F
14:41:15,INDF,RG,6350,4,F,AK,KZ,F
14:41:12,INDF,RG,6325,5,D,KK,YU,D
14:41:02,INDF,RG,6325,5,D,KK,YU,D
14:41:00,INDF,RG,6325,4,D,KK,AK,F
14:41:00,INDF,RG,6325,1,D,PD,AK,F
14:40:59,INDF,RG,6350,3,F,AK,KZ,F
14:40:58,INDF,RG,6325,3,D,YP,YU,D
14:40:58,INDF,RG,6325,2,D,XL,YU,D
14:40:40,INDF,RG,6325,5,D,XL,YU,D
14:40:39,INDF,RG,6325,3,D,XL,PD,D
14:40:30,INDF,RG,6350,3,F,AK,KZ,F
14:40:29,INDF,RG,6325,5,D,XL,YU,D
14:40:18,INDF,RG,6325,6,D,YU,YU,D
14:40:15,INDF,RG,6325,27,D,YU,AK,F
14:40:04,INDF,RG,6325,10,D,YU,BK,F
14:40:03,INDF,RG,6325,7,D,YU,YU,D
14:39:45,INDF,RG,6325,9,D,YP,YU,D
14:39:45,INDF,RG,6350,3,F,AK,KZ,F
14:39:28,INDF,RG,6325,2,D,YP,PD,D
14:39:24,INDF,RG,6325,10,D,YP,YU,D
14:39:15,INDF,RG,6350,3,F,AK,KZ,F
14:39:00,INDF,RG,6350,3,F,AK,KZ,F
14:38:56,INDF,RG,6325,11,D,YP,YU,D
14:38:51,INDF,RG,6325,4,D,YP,YB,D
14:38:30,INDF,RG,6325,12,D,YP,YU,D
14:38:30,INDF,RG,6350,3,F,AK,KZ,F
14:38:14,INDF,RG,6325,10,D,YP,BK,F
14:38:00,INDF,RG,6325,21,D,YP,KZ,F
14:37:58,INDF,RG,6325,14,D,YP,YU,D
14:37:45,INDF,RG,6350,3,F,AK,KZ,F
14:37:15,INDF,RG,6325,3,D,YP,AK,F
14:37:15,INDF,RG,6325,96,D,YP,KZ,F
14:37:15,INDF,RG,6325,4,D,YP,KZ,F
14:37:14,INDF,RG,6350,2,D,YP,KZ,F
14:37:14,INDF,RG,6325,13,D,YP,YU,D
14:36:51,INDF,RG,6350,10,D,XC,KZ,F
14:36:38,INDF,RG,6325,12,D,YP,YU,D
14:36:37,INDF,RG,6350,2,D,PD,KZ,F
14:36:37,INDF,RG,6350,1,D,PD,KZ,F
14:36:23,INDF,RG,6325,9,D,YP,BK,F
14:36:23,INDF,RG,6325,70,D,YP,BK,F
14:36:23,INDF,RG,6325,6,D,YP,BK,F
14:36:23,INDF,RG,6325,1,D,GR,BK,F
14:36:23,INDF,RG,6325,2,D,KK,BK,F
14:36:23,INDF,RG,6325,1,D,XL,BK,F
14:36:23,INDF,RG,6325,400,D,LG,BK,F
14:36:23,INDF,RG,6325,3,D,PD,BK,F
14:36:23,INDF,RG,6325,5,D,SQ,BK,F
14:36:23,INDF,RG,6325,200,D,YP,BK,F
14:36:23,INDF,RG,6325,2,D,KK,BK,F
14:36:23,INDF,RG,6325,20,D,DH,BK,F
14:36:23,INDF,RG,6325,4,D,XC,BK,F
14:36:23,INDF,RG,6325,100,D,PD,BK,F
14:36:23,INDF,RG,6325,5,D,YP,BK,F
14:36:20,INDF,RG,6350,20,F,AK,BK,F
14:36:20,INDF,RG,6350,2,F,AK,KZ,F
14:36:20,INDF,RG,6350,3,F,AK,KZ,F
14:36:20,INDF,RG,6350,2,F,AK,KZ,F
14:36:20,INDF,RG,6350,4,F,AK,KZ,F
14:36:18,INDF,RG,6350,499,F,AK,AK,F
14:36:18,INDF,RG,6350,1,F,AK,AK,F
14:36:17,INDF,RG,6325,5,D,YP,PD,D
14:36:17,INDF,RG,6325,1,D,PD,PD,D
14:36:17,INDF,RG,6325,310,F,AK,PD,D
14:36:17,INDF,RG,6325,1,F,AK,PD,D
14:36:17,INDF,RG,6325,300,D,YP,PD,D
14:36:17,INDF,RG,6325,1,D,PD,PD,D
14:36:17,INDF,RG,6325,10,D,YP,PD,D
14:36:17,INDF,RG,6325,80,D,KK,PD,D
14:36:17,INDF,RG,6325,1,D,CC,PD,D
14:36:17,INDF,RG,6325,95,F,YU,PD,D
14:36:17,INDF,RG,6325,100,D,NI,PD,D
14:36:17,INDF,RG,6325,1,D,YP,PD,D
14:36:17,INDF,RG,6325,1,D,LS,PD,D
14:36:17,INDF,RG,6325,5,D,CC,PD,D
14:36:17,INDF,RG,6325,10,D,AO,PD,D
14:36:17,INDF,RG,6325,1,F,AK,PD,D
14:36:17,INDF,RG,6325,1,D,NI,PD,D
14:36:17,INDF,RG,6325,3,F,AK,PD,D
14:36:17,INDF,RG,6325,10,D,LG,PD,D
14:36:17,INDF,RG,6325,2,D,NI,PD,D
14:36:17,INDF,RG,6325,650,D,PD,PD,D
14:36:17,INDF,RG,6325,5,D,YP,PD,D
14:36:17,INDF,RG,6325,1,D,XL,PD,D
14:36:17,INDF,RG,6325,2,D,PD,PD,D
14:36:17,INDF,RG,6325,1,D,PD,PD,D
14:36:17,INDF,RG,6325,2,D,DH,PD,D
14:36:17,INDF,RG,6325,3,D,PD,PD,D
14:36:17,INDF,RG,6325,1,D,PD,PD,D
14:36:17,INDF,RG,6325,1,D,CC,PD,D
14:36:17,INDF,RG,6325,30,D,SQ,PD,D
14:36:17,INDF,RG,6325,13,D,PD,PD,D
14:36:17,INDF,RG,6325,10,D,CC,PD,D
14:36:17,INDF,RG,6325,1,D,YP,PD,D
14:36:17,INDF,RG,6325,2,D,PD,PD,D
14:36:17,INDF,RG,6325,100,D,OD,PD,D
14:36:17,INDF,RG,6325,100,D,XA,PD,D
14:36:17,INDF,RG,6325,1,D,NI,PD,D
14:36:17,INDF,RG,6325,2,D,KK,PD,D
14:36:17,INDF,RG,6325,9,D,NI,PD,D
14:36:17,INDF,RG,6325,5,D,DH,PD,D
14:36:17,INDF,RG,6325,5,D,YP,PD,D
14:36:17,INDF,RG,6325,1,D,YP,PD,D
14:36:17,INDF,RG,6325,1,D,YP,PD,D
14:36:17,INDF,RG,6325,5,D,YP,PD,D
14:36:17,INDF,RG,6325,20,F,ZP,PD,D
14:36:17,INDF,RG,6325,3,F,ZP,PD,D
14:36:17,INDF,RG,6325,82,F,AK,PD,D
14:36:17,INDF,RG,6325,7,F,AK,PD,D
14:36:17,INDF,RG,6325,5,D,CC,PD,D
14:36:17,INDF,RG,6325,5,D,TP,PD,D
14:36:17,INDF,RG,6325,3,D,YP,PD,D
14:36:17,INDF,RG,6325,2,D,YP,PD,D
14:36:17,INDF,RG,6325,18,D,XC,PD,D
14:36:17,INDF,RG,6325,25,D,NI,PD,D
14:36:17,INDF,RG,6325,1,D,PD,PD,D
14:36:17,INDF,RG,6325,1,D,EP,PD,D
14:36:17,INDF,RG,6325,50,D,YJ,PD,D
14:36:17,INDF,RG,6350,1,D,PD,PD,D
14:36:17,INDF,RG,6350,24,F,ZP,PD,D
14:36:17,INDF,RG,6350,10,D,PD,PD,D
14:36:17,INDF,RG,6350,23,F,DX,PD,D
14:36:17,INDF,RG,6350,2,F,ZP,PD,D
14:36:17,INDF,RG,6350,2,F,ZP,PD,D
14:36:17,INDF,RG,6350,349,F,DX,PD,D
14:36:17,INDF,RG,6350,14,F,DX,PD,D
14:36:17,INDF,RG,6350,1,D,CC,PD,D
14:36:17,INDF,RG,6350,50,D,AZ,PD,D
14:36:17,INDF,RG,6350,204,F,YU,PD,D
14:36:17,INDF,RG,6350,1,D,CC,PD,D
14:36:17,INDF,RG,6350,11,F,DX,PD,D
14:36:17,INDF,RG,6350,78,F,DX,PD,D
14:36:17,INDF,RG,6350,15,D,YP,PD,D
14:36:17,INDF,RG,6350,5,D,SQ,PD,D
14:36:17,INDF,RG,6350,10,F,DX,PD,D
14:36:17,INDF,RG,6350,3,D,XC,PD,D
14:36:17,INDF,RG,6350,3,D,XL,PD,D
14:36:17,INDF,RG,6350,4,F,CC,PD,D
14:36:17,INDF,RG,6350,10,F,DX,PD,D
14:36:17,INDF,RG,6350,7,F,ZP,PD,D
14:36:17,INDF,RG,6350,11,F,DX,PD,D
14:36:17,INDF,RG,6350,5,D,DH,PD,D
14:36:17,INDF,RG,6350,13,F,DX,PD,D
14:36:17,INDF,RG,6350,1,D,XL,PD,D
14:36:17,INDF,RG,6350,10,F,DX,PD,D
14:36:17,INDF,RG,6350,7,F,ZP,PD,D
14:36:17,INDF,RG,6350,29,F,AK,PD,D
14:36:17,INDF,RG,6350,1,F,ZP,PD,D
14:36:17,INDF,RG,6350,1,F,ZP,PD,D
14:36:17,INDF,RG,6350,10,D,GR,PD,D
14:36:17,INDF,RG,6350,2,F,ZP,PD,D
14:36:17,INDF,RG,6350,20,D,CC,PD,D
14:36:17,INDF,RG,6350,7,F,ZP,PD,D
14:36:17,INDF,RG,6350,95,F,YU,PD,D
14:36:17,INDF,RG,6350,16,F,DX,PD,D
14:36:17,INDF,RG,6350,1,F,ZP,PD,D
14:36:17,INDF,RG,6350,74,F,AK,PD,D
14:36:17,INDF,RG,6350,6,F,ZP,PD,D
14:36:17,INDF,RG,6350,23,F,DX,PD,D
14:36:17,INDF,RG,6350,1,F,AK,PD,D
14:36:17,INDF,RG,6350,78,F,AK,PD,D
14:36:17,INDF,RG,6350,38,F,AK,PD,D
14:36:17,INDF,RG,6350,14,F,AK,PD,D
14:36:17,INDF,RG,6350,2,F,AK,PD,D
14:36:17,INDF,RG,6350,131,F,DX,PD,D
14:36:17,INDF,RG,6350,169,F,DX,PD,D
14:36:16,INDF,RG,6375,38,F,AK,YP,D
14:36:15,INDF,RG,6350,1,F,DX,MG,D
14:36:06,INDF,RG,6375,3,F,ZP,YP,D
14:36:01,INDF,RG,6350,11,F,DX,YU,D
14:36:00,INDF,RG,6350,4,F,DX,AK,F
14:35:55,INDF,RG,6350,1,F,DX,MG,D
14:35:46,INDF,RG,6375,4,F,ZP,YP,D
14:35:30,INDF,RG,6350,19,F,DX,BK,F
14:35:29,INDF,RG,6350,11,F,DX,YU,D
14:35:26,INDF,RG,6375,2,D,NI,YP,D
14:35:26,INDF,RG,6375,4,F,ZP,YP,D
14:35:10,INDF,RG,6350,5,F,DX,PD,D
14:35:08,INDF,RG,6350,4,F,DX,XC,D
14:35:06,INDF,RG,6375,4,F,ZP,YP,D
14:34:58,INDF,RG,6375,8,F,AK,YP,D
14:34:57,INDF,RG,6350,12,F,DX,YU,D
14:34:48,INDF,RG,6375,2,F,ZP,YP,D
14:34:48,INDF,RG,6375,1,F,ZP,XC,D
14:34:47,INDF,RG,6350,20,F,DX,BK,F
14:34:45,INDF,RG,6350,4,F,DX,AK,F
14:34:42,INDF,RG,6350,31,F,DX,BK,F
14:34:38,INDF,RG,6375,4,F,AK,XC,D
14:34:38,INDF,RG,6375,160,F,AK,DR,D
14:34:22,INDF,RG,6350,12,F,DX,YU,D
14:33:48,INDF,RG,6350,11,F,DX,YU,D
14:33:47,INDF,RG,6350,15,F,DX,GR,D
14:33:39,INDF,RG,6375,7,F,AK,DR,D
14:33:38,INDF,RG,6350,16,F,DX,BK,F
14:33:34,INDF,RG,6350,20,F,DX,BK,F
14:33:29,INDF,RG,6350,91,F,DX,BK,F
14:33:24,INDF,RG,6350,354,F,DX,AK,F
14:33:24,INDF,RG,6350,146,F,YU,AK,F
14:33:23,INDF,RG,6350,13,F,YU,BK,F
14:33:17,INDF,RG,6350,13,F,YU,YU,D
14:32:36,INDF,RG,6350,11,F,YU,YU,D
14:32:35,INDF,RG,6350,10,F,YU,BK,F
14:32:32,INDF,RG,6350,3,F,YU,BK,F
14:32:32,INDF,RG,6350,21,F,ZP,BK,F
14:32:27,INDF,RG,6375,33,F,YU,DR,D
14:32:27,INDF,RG,6375,35,F,YU,XC,D
14:32:27,INDF,RG,6375,118,F,YU,KZ,F
14:32:27,INDF,RG,6375,1,F,YU,PD,D
14:32:27,INDF,RG,6375,16,F,YU,YP,D
14:32:27,INDF,RG,6375,12,D,DH,YP,D
14:32:27,INDF,RG,6375,13,D,DH,PD,D
14:32:25,INDF,RG,6350,4,F,ZP,XC,D
14:32:22,INDF,RG,6375,8,F,AK,PD,D
14:32:21,INDF,RG,6375,3,F,ZP,PD,D
14:32:04,INDF,RG,6375,1,D,DH,PD,D
14:32:01,INDF,RG,6375,3,F,ZP,PD,D
14:31:41,INDF,RG,6375,3,F,ZP,PD,D
14:31:23,INDF,RG,6375,2,F,ZP,PD,D
14:31:00,INDF,RG,6375,7,F,AK,PD,D
14:30:38,INDF,RG,6375,70,F,AK,PD,D
14:30:38,INDF,RG,6375,10,F,AK,DH,D
14:30:38,INDF,RG,6375,1,F,AK,KK,D
14:30:38,INDF,RG,6375,3,F,AK,OD,D
14:30:38,INDF,RG,6375,10,F,AK,PD,D
14:30:38,INDF,RG,6375,9,F,AK,PD,D
14:30:38,INDF,RG,6375,86,F,AK,YP,D
14:30:21,INDF,RG,6375,1,D,PD,YP,D
14:30:15,INDF,RG,6375,160,F,YU,YP,D
14:29:53,INDF,RG,6350,13,F,ZP,YP,D
14:29:53,INDF,RG,6350,1,F,ZP,YP,D
14:29:50,INDF,RG,6375,2,F,ZP,YP,D
14:29:45,INDF,RG,6375,6,F,AK,YP,D
14:28:39,INDF,RG,6375,5,F,AK,YP,D
14:28:39,INDF,RG,6375,1,F,AK,YJ,D
14:28:38,INDF,RG,6375,1,F,AK,YJ,D
14:28:38,INDF,RG,6375,40,F,AK,YP,D
14:28:38,INDF,RG,6375,16,F,AK,XL,D
14:28:38,INDF,RG,6375,10,F,AK,XC,D
14:28:38,INDF,RG,6375,10,F,AK,YP,D
14:28:08,INDF,RG,6375,143,F,YU,YP,D
14:28:08,INDF,RG,6350,7,F,YU,YU,D
14:28:08,INDF,RG,6350,9,F,YU,BK,F
14:28:08,INDF,RG,6350,1,F,YU,KZ,F
14:28:08,INDF,RG,6350,6,F,YU,YU,D
14:28:02,INDF,RG,6350,3,F,DX,YU,D
14:28:02,INDF,RG,6350,1,F,DX,CC,D
14:28:02,INDF,RG,6350,11,F,DX,KZ,F
14:27:38,INDF,RG,6350,18,F,AK,KZ,F
14:27:38,INDF,RG,6350,3,F,AK,YU,D
14:27:38,INDF,RG,6350,1,F,AK,CC,D
14:27:38,INDF,RG,6350,1,F,AK,AK,F
14:27:38,INDF,RG,6350,2,F,AK,XC,D
14:27:38,INDF,RG,6350,2,F,AK,PD,D
14:27:38,INDF,RG,6350,10,F,AK,BK,F
14:27:38,INDF,RG,6350,28,F,AK,CS,F
14:27:36,INDF,RG,6350,13,F,DX,CS,F
14:27:30,INDF,RG,6350,6,F,AK,CS,F
14:27:10,INDF,RG,6350,23,F,DX,CS,F
14:27:10,INDF,RG,6350,38,F,DX,CS,F
14:27:08,INDF,RG,6350,10,F,DX,CS,F
14:26:53,INDF,RG,6350,3,F,ZP,CS,F
14:26:53,INDF,RG,6350,1,F,ZP,CS,F
14:26:53,INDF,RG,6350,3,F,ZP,YU,D
14:26:53,INDF,RG,6350,2,F,AK,YU,D
14:26:53,INDF,RG,6350,13,F,AK,YU,D
14:26:53,INDF,RG,6350,2,F,AK,AK,F
14:26:53,INDF,RG,6350,2,F,AK,AK,F
14:26:53,INDF,RG,6350,19,F,AK,AK,F
14:26:53,INDF,RG,6350,39,F,AK,AK,F
14:26:53,INDF,RG,6350,1,F,AK,YU,D
14:26:36,INDF,RG,6350,7,F,DX,YU,D
14:26:36,INDF,RG,6350,11,F,DX,YU,D
14:26:36,INDF,RG,6350,10,F,DX,YU,D
14:26:36,INDF,RG,6350,4,F,AK,YU,D
14:26:36,INDF,RG,6350,10,F,AK,BK,F
14:26:36,INDF,RG,6350,10,F,AK,YU,D
14:26:36,INDF,RG,6350,12,F,AK,YU,D
14:26:36,INDF,RG,6350,3,F,AK,YU,D
14:26:36,INDF,RG,6350,1,F,AK,AK,F
14:26:36,INDF,RG,6350,3,F,AK,PD,D
14:26:36,INDF,RG,6350,4,F,AK,DR,D
14:26:36,INDF,RG,6350,1,F,ZP,DR,D
14:26:36,INDF,RG,6350,8,F,DX,CC,D
14:26:36,INDF,RG,6350,6,F,DX,AK,F
14:26:36,INDF,RG,6350,21,F,DX,AK,F
14:26:36,INDF,RG,6350,2,F,DX,LG,D
14:26:36,INDF,RG,6350,8,F,DX,YU,D
14:26:36,INDF,RG,6350,5,F,DX,BK,F
14:26:36,INDF,RG,6350,52,F,DX,YP,D
14:26:36,INDF,RG,6325,10,D,YJ,YU,D
14:26:36,INDF,RG,6325,1,D,PD,YU,D
14:26:35,INDF,RG,6350,30,F,ZP,YP,D
14:26:15,INDF,RG,6350,5,F,AK,YP,D
14:25:56,INDF,RG,6350,3,F,ZP,YP,D
14:25:52,INDF,RG,6325,12,D,YJ,YU,D
14:25:31,INDF,RG,6350,5,F,ZP,YP,D
14:25:22,INDF,RG,6325,10,D,YJ,BK,F
14:25:08,INDF,RG,6350,10,D,CC,YP,D
14:24:55,INDF,RG,6350,3,F,AK,YP,D
14:24:54,INDF,RG,6325,12,D,YJ,YU,D
14:24:41,INDF,RG,6350,3,F,ZP,YP,D
14:24:33,INDF,RG,6350,1,D,PD,YP,D
14:24:17,INDF,RG,6350,5,F,ZP,YP,D
14:24:15,INDF,RG,6350,2,F,AK,YP,D
14:23:53,INDF,RG,6325,12,D,YJ,YU,D
14:23:46,INDF,RG,6325,5,D,YJ,AK,F
14:23:45,INDF,RG,6350,1,F,AK,YP,D
14:23:37,INDF,RG,6325,2,D,YJ,PD,D
14:23:31,INDF,RG,6350,5,F,ZP,YP,D
14:23:30,INDF,RG,6350,1,F,AK,YP,D
14:23:00,INDF,RG,6325,12,D,YJ,YU,D
14:23:00,INDF,RG,6350,1,F,AK,YP,D
14:22:45,INDF,RG,6350,1,F,AK,YP,D
14:22:43,INDF,RG,6350,3,F,ZP,YP,D
14:22:30,INDF,RG,6350,1,F,AK,YP,D
14:22:21,INDF,RG,6350,5,F,ZP,YP,D
14:22:08,INDF,RG,6325,13,D,YJ,YU,D
14:21:52,INDF,RG,6350,1,D,PD,YP,D
14:21:26,INDF,RG,6350,5,F,ZP,YP,D
14:21:11,INDF,RG,6350,1,D,XC,YP,D
14:20:59,INDF,RG,6325,12,D,YJ,YU,D
14:20:59,INDF,RG,6350,2,D,NI,YP,D
14:20:42,INDF,RG,6350,2,D,CC,YP,D
14:20:41,INDF,RG,6350,3,F,ZP,YP,D
14:20:21,INDF,RG,6350,5,F,ZP,YP,D
14:20:15,INDF,RG,6350,1,F,AK,YP,D
14:20:06,INDF,RG,6325,12,F,DX,YU,D
14:20:06,INDF,RG,6325,1,F,DX,AK,F
14:20:05,INDF,RG,6325,4,F,DX,AK,F
14:19:36,INDF,RG,6350,3,F,ZP,YP,D
14:19:21,INDF,RG,6350,10,D,XL,YP,D
14:19:11,INDF,RG,6325,12,F,DX,YU,D
14:19:10,INDF,RG,6350,5,F,ZP,YP,D
14:18:35,INDF,RG,6350,1,D,PD,YP,D
14:18:13,INDF,RG,6350,5,F,ZP,YP,D
14:18:13,INDF,RG,6325,8,F,DX,YU,D
14:18:13,INDF,RG,6325,1,F,ZP,YU,D
14:18:13,INDF,RG,6325,3,D,CC,YU,D
14:17:45,INDF,RG,6350,2,D,PD,YP,D
14:17:36,INDF,RG,6350,5,D,YP,YP,D
14:17:25,INDF,RG,6325,2,D,CC,GR,D
14:17:25,INDF,RG,6325,23,F,DX,GR,D
14:17:21,INDF,RG,6350,5,F,ZP,YP,D
14:17:19,INDF,RG,6325,11,F,DX,YU,D
14:17:19,INDF,RG,6350,1,D,XC,YP,D
14:17:04,INDF,RG,6325,4,F,DX,AK,F
14:17:04,INDF,RG,6325,3,F,DX,YP,D
14:16:57,INDF,RG,6350,5,D,YP,YP,D
14:16:27,INDF,RG,6325,12,F,DX,YU,D
14:16:26,INDF,RG,6350,2,F,ZP,YP,D
14:15:32,INDF,RG,6325,13,F,DX,YU,D
14:14:59,INDF,RG,6325,5,F,DX,NI,D
14:14:24,INDF,RG,6325,11,F,DX,YU,D
14:14:04,INDF,RG,6325,26,F,DX,KZ,F
14:14:04,INDF,RG,6325,10,D,YP,KZ,F
14:14:04,INDF,RG,6325,100,D,XA,KZ,F
14:14:04,INDF,RG,6325,22,D,YP,KZ,F
14:13:58,INDF,RG,6325,2,D,YP,CC,D
14:13:54,INDF,RG,6325,1,D,YP,XC,D
14:13:45,INDF,RG,6325,1,D,YP,AK,F
14:13:26,INDF,RG,6325,24,D,YP,GR,D
14:13:26,INDF,RG,6325,8,D,SQ,GR,D
14:13:26,INDF,RG,6325,1,F,ZP,GR,D
14:13:26,INDF,RG,6325,20,D,PD,GR,D
14:13:26,INDF,RG,6325,2,D,PD,GR,D
14:13:26,INDF,RG,6325,13,F,AK,GR,D
14:13:26,INDF,RG,6325,1,D,OD,GR,D
14:13:26,INDF,RG,6325,10,D,PD,GR,D
14:13:26,INDF,RG,6325,11,D,XC,GR,D
14:13:26,INDF,RG,6325,3,F,ZP,GR,D
14:13:26,INDF,RG,6325,9,F,DX,GR,D
14:13:26,INDF,RG,6325,136,F,DX,GR,D
14:13:26,INDF,RG,6325,50,D,YP,GR,D
14:13:26,INDF,RG,6325,1,F,CC,GR,D
14:13:26,INDF,RG,6325,3,F,ZP,GR,D
14:13:26,INDF,RG,6325,25,D,CC,GR,D
14:13:26,INDF,RG,6325,50,D,YP,GR,D
14:13:26,INDF,RG,6325,150,D,NI,GR,D
14:13:26,INDF,RG,6325,10,D,TP,GR,D
14:13:26,INDF,RG,6325,5,F,ZP,GR,D
14:13:26,INDF,RG,6325,3,D,YP,GR,D
14:13:26,INDF,RG,6325,5,D,YP,GR,D
14:13:26,INDF,RG,6325,1,D,LS,GR,D
14:13:26,INDF,RG,6325,58,F,AK,GR,D
14:13:26,INDF,RG,6325,5,F,ZP,GR,D
14:13:26,INDF,RG,6325,5,D,PD,GR,D
14:13:26,INDF,RG,6325,15,F,AK,GR,D
14:13:26,INDF,RG,6325,17,D,AZ,GR,D
14:13:26,INDF,RG,6325,58,F,DX,GR,D
14:13:12,INDF,RG,6325,11,F,DX,YU,D
14:12:34,INDF,RG,6350,187,F,AK,YP,D
14:12:19,INDF,RG,6350,28,D,NI,YP,D
14:12:19,INDF,RG,6350,13,D,NI,YP,D
14:12:19,INDF,RG,6350,26,D,NI,YP,D
14:12:11,INDF,RG,6350,1,D,XC,YP,D
14:12:11,INDF,RG,6350,10,D,XC,YP,D
14:12:11,INDF,RG,6350,4,D,XC,YP,D
14:12:11,INDF,RG,6325,11,F,DX,YU,D
14:10:25,INDF,RG,6350,7,D,EP,YP,D
14:10:25,INDF,RG,6350,3,D,EP,AK,F
14:10:25,INDF,RG,6350,2,D,EP,AK,F
14:10:25,INDF,RG,6350,17,D,EP,AK,F
14:10:25,INDF,RG,6350,18,D,EP,AK,F
14:10:25,INDF,RG,6350,3,D,EP,BK,F
14:09:42,INDF,RG,6350,1,D,KK,BK,F
14:08:53,INDF,RG,6350,5,D,NI,BK,F
14:08:42,INDF,RG,6350,1,D,YP,BK,F
14:08:42,INDF,RG,6350,4,D,YP,YP,D
14:08:29,INDF,RG,6325,2,F,DX,KZ,F
14:08:27,INDF,RG,6350,10,D,YP,YP,D
14:07:30,INDF,RG,6325,6,F,DX,AK,F
14:06:54,INDF,RG,6325,85,F,DX,KZ,F
14:06:54,INDF,RG,6325,15,F,AK,KZ,F
14:06:54,INDF,RG,6325,27,D,YP,KZ,F
14:06:54,INDF,RG,6325,38,F,DX,KZ,F
14:06:54,INDF,RG,6325,2,D,YP,KZ,F
14:06:54,INDF,RG,6325,19,F,ZP,KZ,F
14:06:50,INDF,RG,6350,1,D,PD,YP,D
14:06:49,INDF,RG,6350,8,D,PD,YP,D
14:06:31,INDF,RG,6325,9,F,ZP,PD,D
14:06:00,INDF,RG,6325,1,F,ZP,AK,F
14:06:00,INDF,RG,6325,1,F,ZP,AK,F
14:04:15,INDF,RG,6325,6,D,YP,YU,D
14:04:15,INDF,RG,6325,11,D,YP,YU,D
14:04:15,INDF,RG,6325,9,D,YP,BK,F
14:04:15,INDF,RG,6325,21,D,YP,KZ,F
14:04:15,INDF,RG,6325,57,D,YP,YU,D
14:04:15,INDF,RG,6325,8,D,YP,DX,F
14:04:15,INDF,RG,6325,103,D,YP,KZ,F
14:04:15,INDF,RG,6325,8,D,YP,DX,F
14:03:51,INDF,RG,6300,11,D,KK,YU,D
14:03:51,INDF,RG,6325,2,D,YU,AK,F
14:03:51,INDF,RG,6325,1,D,YU,AK,F
14:03:51,INDF,RG,6325,34,D,YU,AK,F
14:03:51,INDF,RG,6325,13,D,YU,KZ,F
14:03:50,INDF,RG,6325,5,D,DH,KZ,F
14:03:36,INDF,RG,6325,9,D,NI,KZ,F
14:03:34,INDF,RG,6325,18,F,DX,KZ,F
14:03:34,INDF,RG,6325,3,F,DX,KZ,F
14:03:32,INDF,RG,6325,10,D,DR,KZ,F
14:02:45,INDF,RG,6300,742,D,KK,PD,D
14:02:39,INDF,RG,6325,7,D,PD,KZ,F
14:02:28,INDF,RG,6325,1,D,XC,KZ,F
14:02:21,INDF,RG,6325,1,D,XC,KZ,F
14:02:17,INDF,RG,6325,10,D,YP,KZ,F
14:02:17,INDF,RG,6325,5,D,DH,KZ,F
14:02:08,INDF,RG,6325,1,D,LS,KZ,F
14:02:00,INDF,RG,6325,2,D,PD,KZ,F
14:01:49,INDF,RG,6325,1,D,YP,KZ,F
14:01:49,INDF,RG,6325,5,D,PD,KZ,F
14:01:44,INDF,RG,6325,13,F,DX,KZ,F
14:01:44,INDF,RG,6325,13,F,DX,CC,F
14:01:35,INDF,RG,6325,7,D,YP,CC,F
14:01:35,INDF,RG,6325,13,D,YP,YU,D
14:01:35,INDF,RG,6325,4,D,YP,YU,D
14:01:35,INDF,RG,6325,26,D,YP,BK,F
14:01:35,INDF,RG,6325,32,D,YP,KZ,F
14:01:35,INDF,RG,6325,18,D,YP,KZ,F
14:01:27,INDF,RG,6325,9,D,YP,KZ,F
14:01:19,INDF,RG,6325,5,D,DH,KZ,F
14:01:06,INDF,RG,6300,10,D,KK,YU,D
14:00:45,INDF,RG,6300,4,D,KK,AK,F
14:00:15,INDF,RG,6325,10,D,KK,KZ,F
14:00:14,INDF,RG,6325,5,D,YP,KZ,F
14:00:11,INDF,RG,6300,10,D,KK,YU,D
14:00:07,INDF,RG,6325,1,D,YP,KZ,F
14:00:06,INDF,RG,6325,1,D,KK,KZ,F
14:00:00,INDF,RG,6325,3,D,PD,KZ,F
13:59:24,INDF,RG,6325,2,D,IF,KZ,F
13:59:15,INDF,RG,6300,2,D,KK,AK,F
13:59:14,INDF,RG,6300,17,D,KK,BK,F
13:59:12,INDF,RG,6300,24,D,KK,BK,F
13:59:09,INDF,RG,6300,55,D,KK,BK,F
13:59:09,INDF,RG,6300,76,D,CP,BK,F
13:59:06,INDF,RG,6300,16,D,CP,PD,D
13:59:05,INDF,RG,6300,8,D,CP,YU,D
13:59:05,INDF,RG,6300,2,D,XC,YU,D
13:59:04,INDF,RG,6325,77,F,AK,KZ,F
13:59:04,INDF,RG,6325,64,F,AK,KZ,F
13:59:04,INDF,RG,6325,22,F,DX,KZ,F
13:59:04,INDF,RG,6325,87,F,DX,KZ,F
13:59:04,INDF,RG,6325,46,F,ZP,KZ,F
13:59:04,INDF,RG,6325,1,D,NI,KZ,F
13:59:04,INDF,RG,6325,1,D,PD,KZ,F
13:59:04,INDF,RG,6325,2,F,CC,KZ,F
13:59:04,INDF,RG,6325,4,D,PD,KZ,F
13:59:04,INDF,RG,6325,5,D,TP,KZ,F
13:59:04,INDF,RG,6325,2,D,PD,KZ,F
13:59:04,INDF,RG,6325,1,D,PD,KZ,F
13:59:04,INDF,RG,6325,1,D,XC,KZ,F
13:59:04,INDF,RG,6325,85,D,PD,KZ,F
13:59:04,INDF,RG,6325,1,D,HP,KZ,F
13:59:04,INDF,RG,6325,3,D,YP,KZ,F
13:59:04,INDF,RG,6325,2,D,YP,KZ,F
13:59:00,INDF,RG,6325,54,D,YP,BK,F
13:59:00,INDF,RG,6325,20,D,XC,BK,F
13:59:00,INDF,RG,6325,1,D,AZ,BK,F
13:59:00,INDF,RG,6325,1,D,IF,BK,F
13:59:00,INDF,RG,6325,27,F,DX,BK,F
13:59:00,INDF,RG,6325,1,F,ZP,BK,F
13:59:00,INDF,RG,6325,2,D,PD,BK,F
13:59:00,INDF,RG,6325,20,D,PD,BK,F
13:59:00,INDF,RG,6325,24,D,YP,BK,F
13:58:59,INDF,RG,6325,15,D,YP,KZ,F
13:58:59,INDF,RG,6325,16,D,XL,KZ,F
13:58:59,INDF,RG,6325,7,D,YP,KZ,F
13:58:59,INDF,RG,6325,1,D,XC,KZ,F
13:58:59,INDF,RG,6325,1,D,CC,KZ,F
13:58:59,INDF,RG,6325,93,F,DX,KZ,F
13:58:59,INDF,RG,6325,2,F,DX,KZ,F
13:58:59,INDF,RG,6325,1,F,DX,KZ,F
13:58:56,INDF,RG,6325,10,D,YP,AK,F
13:58:56,INDF,RG,6325,10,D,DR,AK,F
13:58:56,INDF,RG,6325,2,D,XC,AK,F
13:58:56,INDF,RG,6325,5,D,YB,AK,F
13:58:56,INDF,RG,6325,6,D,YP,AK,F
13:58:56,INDF,RG,6325,72,F,AK,AK,F
13:58:56,INDF,RG,6325,2,D,PD,AK,F
13:58:56,INDF,RG,6325,19,F,DX,AK,F
13:58:56,INDF,RG,6325,5,D,YP,AK,F
13:58:56,INDF,RG,6325,2,D,CC,AK,F
13:58:56,INDF,RG,6325,76,F,DX,AK,F
13:58:56,INDF,RG,6325,3,D,XL,AK,F
13:58:56,INDF,RG,6325,200,D,YB,AK,F
13:58:56,INDF,RG,6325,1,D,NI,AK,F
13:58:56,INDF,RG,6325,4,D,XC,AK,F
13:58:56,INDF,RG,6325,1,D,PD,AK,F
13:58:56,INDF,RG,6325,25,D,XL,AK,F
13:58:56,INDF,RG,6325,10,D,YP,AK,F
13:58:56,INDF,RG,6325,47,F,DX,AK,F
13:58:56,INDF,RG,6325,33,F,DX,GR,D
13:58:56,INDF,RG,6325,34,F,DX,GR,D
13:58:56,INDF,RG,6325,10,D,DH,GR,D
13:58:56,INDF,RG,6325,15,F,AK,GR,D
13:58:56,INDF,RG,6325,10,D,DH,GR,D
13:58:56,INDF,RG,6325,2,D,PD,GR,D
13:58:56,INDF,RG,6325,1,D,XL,GR,D
13:58:56,INDF,RG,6325,1,D,XC,GR,D
13:58:56,INDF,RG,6325,66,F,AK,GR,D
13:58:56,INDF,RG,6325,69,F,AK,GR,D
13:58:56,INDF,RG,6325,2,D,KK,GR,D
13:58:56,INDF,RG,6325,10,D,DH,GR,D
13:58:56,INDF,RG,6325,22,F,DX,GR,D
13:58:56,INDF,RG,6325,100,D,GR,GR,D
13:58:56,INDF,RG,6325,25,D,XC,GR,D
13:58:56,INDF,RG,6325,5,D,YP,GR,D
13:58:56,INDF,RG,6325,200,D,GR,GR,D
13:58:56,INDF,RG,6325,1,F,ZP,GR,D
13:58:56,INDF,RG,6325,2,F,ZP,GR,D
13:58:56,INDF,RG,6325,13,F,DX,GR,D
13:58:56,INDF,RG,6325,16,F,AK,GR,D
13:58:56,INDF,RG,6325,2,F,ZP,GR,D
13:58:56,INDF,RG,6325,36,F,DX,GR,D
13:58:56,INDF,RG,6325,5,D,PD,GR,D
13:58:56,INDF,RG,6325,1,F,ZP,GR,D
13:58:56,INDF,RG,6325,2,D,GR,GR,D
13:58:56,INDF,RG,6325,2,D,NI,GR,D
13:58:56,INDF,RG,6325,50,D,PD,GR,D
13:58:56,INDF,RG,6325,1,D,YP,GR,D
13:58:56,INDF,RG,6325,5,D,SQ,GR,D
13:58:56,INDF,RG,6325,46,D,XC,GR,D
13:58:56,INDF,RG,6325,20,D,PD,GR,D
13:58:56,INDF,RG,6325,50,D,NI,GR,D
13:58:14,INDF,RG,6350,5,D,DH,CC,F
13:58:10,INDF,RG,6325,11,D,NI,YU,D
13:58:05,INDF,RG,6350,5,F,ZP,CC,F
13:57:10,INDF,RG,6325,11,D,NI,YU,D
13:56:58,INDF,RG,6350,5,F,ZP,CC,F
13:56:05,INDF,RG,6325,11,D,NI,YU,D
13:56:03,INDF,RG,6350,5,D,DH,CC,F
13:55:51,INDF,RG,6350,1,F,ZP,CC,F
13:55:01,INDF,RG,6325,12,D,NI,YU,D
13:55:00,INDF,RG,6325,55,D,NI,PD,D
13:55:00,INDF,RG,6325,5,D,KK,PD,D
13:55:00,INDF,RG,6325,100,D,YP,PD,D
13:55:00,INDF,RG,6325,5,D,YP,PD,D
13:55:00,INDF,RG,6325,3,D,YP,PD,D
13:55:00,INDF,RG,6325,1,D,PD,PD,D
13:55:00,INDF,RG,6325,3,D,CC,PD,D
13:55:00,INDF,RG,6325,1,D,PD,PD,D
13:55:00,INDF,RG,6325,3,F,ZP,PD,D
13:55:00,INDF,RG,6325,6,F,ZP,PD,D
13:55:00,INDF,RG,6325,3,D,PD,PD,D
13:55:00,INDF,RG,6325,557,D,EP,PD,D
13:54:17,INDF,RG,6325,6,D,EP,PD,D
13:53:50,INDF,RG,6325,12,D,EP,YU,D
13:52:52,INDF,RG,6350,7,D,XL,CC,F
13:52:48,INDF,RG,6325,425,D,EP,GR,D
13:52:48,INDF,RG,6325,10,D,SQ,GR,D
13:52:48,INDF,RG,6325,76,F,AK,GR,D
13:52:48,INDF,RG,6325,5,D,DH,GR,D
13:52:48,INDF,RG,6325,341,D,IF,GR,D
13:52:37,INDF,RG,6325,12,D,IF,YU,D
13:51:50,INDF,RG,6325,6,D,IF,AK,F
13:51:43,INDF,RG,6350,1,D,XC,CC,F
13:51:21,INDF,RG,6325,12,D,IF,YU,D
13:50:09,INDF,RG,6325,11,D,IF,YU,D
13:49:51,INDF,RG,6325,742,D,IF,PD,D
13:49:14,INDF,RG,6350,1,D,XC,CC,F
13:49:07,INDF,RG,6325,11,D,IF,YU,D
13:48:35,INDF,RG,6325,2,D,IF,AK,F
13:48:28,INDF,RG,6350,30,D,PD,CC,F
13:47:53,INDF,RG,6325,11,D,IF,YU,D
13:47:45,INDF,RG,6325,1,D,IF,AK,F
13:47:15,INDF,RG,6325,300,D,IF,GR,D
13:47:15,INDF,RG,6325,44,F,AK,GR,D
13:47:15,INDF,RG,6325,10,D,PD,GR,D
13:47:15,INDF,RG,6325,1,D,PD,GR,D
13:47:15,INDF,RG,6325,1,D,XC,GR,D
13:47:15,INDF,RG,6325,50,F,AK,GR,D
13:47:15,INDF,RG,6325,10,D,NI,GR,D
13:47:15,INDF,RG,6325,25,D,YP,GR,D
13:47:15,INDF,RG,6325,416,D,YP,GR,D
13:47:10,INDF,RG,6350,1,D,XC,CC,F
13:46:54,INDF,RG,6350,1,D,DR,CC,F
13:46:49,INDF,RG,6325,11,D,YP,YU,D
13:46:06,INDF,RG,6350,10,D,YP,CC,F
13:46:05,INDF,RG,6325,2,D,YP,AK,F
13:45:39,INDF,RG,6325,17,D,YP,BK,F
13:45:36,INDF,RG,6325,9,D,YP,YU,D
13:45:30,INDF,RG,6325,1,D,YP,AK,F
13:44:55,INDF,RG,6350,10,D,GR,CC,F
13:44:49,INDF,RG,6325,10,D,YP,YU,D
13:44:11,INDF,RG,6325,11,D,YP,YU,D
13:44:06,INDF,RG,6350,10,D,GR,AK,F
13:43:52,INDF,RG,6325,13,D,YP,BK,F
13:43:49,INDF,RG,6325,10,D,YP,BK,F
13:43:49,INDF,RG,6325,12,D,YB,BK,F
13:43:47,INDF,RG,6325,88,D,YB,PD,D
13:43:47,INDF,RG,6325,100,D,YB,PD,D
13:43:47,INDF,RG,6325,2,D,XC,PD,D
13:43:47,INDF,RG,6325,3,D,CC,PD,D
13:43:47,INDF,RG,6325,2,D,PD,PD,D
13:43:47,INDF,RG,6325,1,D,XC,PD,D
13:43:47,INDF,RG,6325,3,D,KK,PD,D
13:43:47,INDF,RG,6325,1,F,ZP,PD,D
13:43:47,INDF,RG,6325,25,D,GR,PD,D
13:43:47,INDF,RG,6325,5,D,PD,PD,D
13:43:47,INDF,RG,6325,3,D,CC,PD,D
13:43:47,INDF,RG,6325,1,D,NI,PD,D
13:43:47,INDF,RG,6325,1,D,CC,PD,D
13:43:47,INDF,RG,6325,2,D,XC,PD,D
13:43:47,INDF,RG,6325,10,D,PD,PD,D
13:43:47,INDF,RG,6325,1,D,XL,PD,D
13:43:47,INDF,RG,6325,50,D,XC,PD,D
13:43:47,INDF,RG,6325,1,D,XL,PD,D
13:43:47,INDF,RG,6325,1,D,PD,PD,D
13:43:47,INDF,RG,6325,2,D,PD,PD,D
13:43:47,INDF,RG,6325,2,D,PD,PD,D
13:43:47,INDF,RG,6325,1,D,PD,PD,D
13:43:47,INDF,RG,6325,2,D,CC,PD,D
13:43:47,INDF,RG,6325,2,D,PD,PD,D
13:43:47,INDF,RG,6325,1,D,PD,PD,D
13:43:47,INDF,RG,6325,1,D,PD,PD,D
13:43:47,INDF,RG,6325,1,D,PD,PD,D
13:43:47,INDF,RG,6325,2,D,DH,PD,D
13:43:47,INDF,RG,6325,4,D,CC,PD,D
13:43:47,INDF,RG,6325,50,D,SQ,PD,D
13:43:47,INDF,RG,6325,2,D,PD,PD,D
13:43:47,INDF,RG,6325,10,D,HP,PD,D
13:43:47,INDF,RG,6325,50,D,GR,PD,D
13:43:47,INDF,RG,6325,3,D,PD,PD,D
13:43:47,INDF,RG,6325,1,D,PD,PD,D
13:43:47,INDF,RG,6325,3,D,KK,PD,D
13:43:47,INDF,RG,6325,50,D,DR,PD,D
13:43:47,INDF,RG,6325,10,D,XL,PD,D
13:43:47,INDF,RG,6325,5,D,PD,PD,D
13:43:47,INDF,RG,6325,3,D,PD,PD,D
13:43:47,INDF,RG,6350,1,F,ZP,PD,D
13:43:47,INDF,RG,6350,5,D,PD,PD,D
13:43:47,INDF,RG,6350,40,D,CC,PD,D
13:43:47,INDF,RG,6350,2,F,ZP,PD,D
13:43:47,INDF,RG,6350,1,D,DH,PD,D
13:43:47,INDF,RG,6350,14,F,AK,PD,D
13:43:47,INDF,RG,6350,83,F,DX,PD,D
13:43:47,INDF,RG,6350,1,F,ZP,PD,D
13:43:47,INDF,RG,6350,25,F,DX,PD,D
13:43:47,INDF,RG,6350,1,F,ZP,PD,D
13:43:47,INDF,RG,6350,2,F,ZP,PD,D
13:43:47,INDF,RG,6350,62,F,DX,PD,D
13:42:39,INDF,RG,6350,98,F,DX,KZ,F
13:42:39,INDF,RG,6350,11,F,ZP,KZ,F
13:42:39,INDF,RG,6350,69,F,DX,KZ,F
13:42:39,INDF,RG,6350,2,F,ZP,KZ,F
13:42:39,INDF,RG,6350,15,F,AK,KZ,F
13:42:39,INDF,RG,6350,1,F,ZP,KZ,F
13:42:39,INDF,RG,6350,2,D,CC,KZ,F
13:41:46,INDF,RG,6350,3,F,DX,YU,D
13:41:46,INDF,RG,6350,2,F,DX,AK,F
13:41:46,INDF,RG,6350,1,F,DX,AK,F
13:41:46,INDF,RG,6350,3,F,DX,YU,D
13:41:46,INDF,RG,6350,3,F,DX,YU,D
13:41:46,INDF,RG,6350,9,F,DX,YU,D
13:41:46,INDF,RG,6350,1,F,DX,AK,F
13:41:46,INDF,RG,6350,1,F,DX,AK,F
13:41:46,INDF,RG,6350,17,F,DX,AK,F
13:41:46,INDF,RG,6350,6,F,DX,BK,F
13:41:45,INDF,RG,6350,2,D,CC,BK,F
13:41:43,INDF,RG,6325,7,D,PD,GR,D
13:41:43,INDF,RG,6325,1,D,CC,GR,D
13:41:43,INDF,RG,6325,1,D,XC,GR,D
13:41:43,INDF,RG,6325,3,D,DX,GR,D
13:41:43,INDF,RG,6325,10,D,DR,GR,D
13:41:43,INDF,RG,6325,2,D,DH,GR,D
13:41:43,INDF,RG,6325,10,D,NI,GR,D
13:41:43,INDF,RG,6325,5,D,YP,GR,D
13:41:43,INDF,RG,6325,1,D,PD,GR,D
13:41:43,INDF,RG,6325,2,D,CC,GR,D
13:41:43,INDF,RG,6325,1,D,NI,GR,D
13:41:43,INDF,RG,6325,1,D,PD,GR,D
13:41:43,INDF,RG,6325,5,D,TP,GR,D
13:41:43,INDF,RG,6325,1,D,XC,GR,D
13:41:43,INDF,RG,6325,1,D,CC,GR,D
13:41:43,INDF,RG,6325,1,D,PD,GR,D
13:41:43,INDF,RG,6325,10,D,GR,GR,D
13:41:43,INDF,RG,6325,5,D,GR,GR,D
13:41:43,INDF,RG,6325,20,D,CC,GR,D
13:41:43,INDF,RG,6325,10,D,SQ,GR,D
13:41:43,INDF,RG,6325,4,D,YP,GR,D
13:41:43,INDF,RG,6325,756,D,YP,GR,D
13:41:33,INDF,RG,6350,2,D,SQ,BK,F
13:41:33,INDF,RG,6350,23,D,SQ,KZ,F
13:41:16,INDF,RG,6325,40,D,YP,PC,D
13:41:09,INDF,RG,6350,1,D,XL,KZ,F
13:40:46,INDF,RG,6350,44,F,AK,KZ,F
13:40:36,INDF,RG,6350,1,D,PD,KZ,F
13:40:33,INDF,RG,6350,3,D,XC,KZ,F
13:40:23,INDF,RG,6350,1,F,ZP,KZ,F
13:40:11,INDF,RG,6350,2,D,CC,KZ,F
13:39:43,INDF,RG,6350,2,D,XC,KZ,F
13:39:35,INDF,RG,6350,1,D,XC,KZ,F
13:39:32,INDF,RG,6350,1,D,PD,KZ,F
13:39:21,INDF,RG,6325,12,D,YP,BK,F
13:39:19,INDF,RG,6350,1,F,ZP,KZ,F
13:39:19,INDF,RG,6350,1,F,ZP,KZ,F
13:39:19,INDF,RG,6350,10,D,DR,KZ,F
13:39:04,INDF,RG,6350,1,D,PD,BK,F
13:39:00,INDF,RG,6325,23,D,YP,BK,F
13:38:54,INDF,RG,6350,2,D,EP,BK,F
13:38:54,INDF,RG,6350,2,F,ZP,BK,F
13:38:54,INDF,RG,6350,10,D,DR,BK,F
13:38:54,INDF,RG,6350,1,F,ZP,BK,F
13:38:54,INDF,RG,6350,15,F,AK,BK,F
13:38:54,INDF,RG,6350,2,F,ZP,BK,F
13:38:54,INDF,RG,6350,2,F,CC,BK,F
13:38:54,INDF,RG,6350,2,F,ZP,BK,F
13:38:54,INDF,RG,6350,2,F,ZP,BK,F
13:38:54,INDF,RG,6350,49,F,DX,BK,F
13:38:49,INDF,RG,6375,47,D,PD,YP,D
13:38:49,INDF,RG,6375,50,D,PD,YP,D
13:38:49,INDF,RG,6375,50,D,PD,YP,D
13:38:49,INDF,RG,6375,1,D,PD,OD,D
13:38:49,INDF,RG,6375,2,D,PD,XL,D
13:38:49,INDF,RG,6375,1,D,PD,EP,D
13:38:49,INDF,RG,6375,14,D,PD,XC,D
13:38:49,INDF,RG,6375,3,D,PD,PD,D
13:38:49,INDF,RG,6375,4,D,PD,PD,D
13:38:49,INDF,RG,6375,2,D,PD,YP,D
13:38:49,INDF,RG,6375,100,D,PD,GR,D
13:38:49,INDF,RG,6375,151,D,PD,GR,D
13:37:45,INDF,RG,6350,5,F,DX,KK,D
13:37:31,INDF,RG,6350,11,F,DX,BK,F
13:37:28,INDF,RG,6350,27,F,DX,BK,F
13:37:28,INDF,RG,6350,1,F,ZP,BK,F
13:37:28,INDF,RG,6350,1,F,ZP,BK,F
13:37:28,INDF,RG,6350,6,F,ZP,BK,F
13:37:26,INDF,RG,6375,49,D,PD,GR,D
13:37:26,INDF,RG,6375,1,D,PD,PD,D
13:37:26,INDF,RG,6375,100,D,PD,YP,D
13:37:26,INDF,RG,6375,50,D,PD,YP,D
13:37:26,INDF,RG,6375,1,D,PD,MG,D
13:37:26,INDF,RG,6375,1,D,PD,PD,D
13:37:26,INDF,RG,6375,7,D,PD,XC,D
13:37:26,INDF,RG,6375,174,D,PD,CC,D
13:37:24,INDF,RG,6350,1,F,ZP,KZ,F
13:36:29,INDF,RG,6375,9,D,PD,CC,D
13:36:29,INDF,RG,6375,10,D,PD,PD,D
13:36:29,INDF,RG,6375,4,D,PD,PD,D
13:36:29,INDF,RG,6375,9,D,PD,PD,D
13:36:29,INDF,RG,6375,40,D,PD,KK,D
13:36:29,INDF,RG,6375,1,D,PD,LG,D
13:36:29,INDF,RG,6375,9,D,PD,DX,F
13:36:29,INDF,RG,6375,4,D,PD,PD,D
13:36:29,INDF,RG,6375,18,D,PD,KZ,F
13:36:29,INDF,RG,6350,108,D,PD,KZ,F
13:36:28,INDF,RG,6350,3,D,PD,YU,D
13:36:28,INDF,RG,6350,9,D,PD,YU,D
13:36:28,INDF,RG,6350,6,D,PD,YU,D
13:36:28,INDF,RG,6350,26,D,PD,YU,D
13:36:28,INDF,RG,6350,18,D,PD,LG,D
13:35:28,INDF,RG,6375,1,D,XC,KZ,F
13:35:12,INDF,RG,6375,1,D,PD,KZ,F
13:35:10,INDF,RG,6325,193,D,YP,PD,D
13:35:10,INDF,RG,6350,10,D,EP,PD,D
13:35:10,INDF,RG,6350,15,F,AK,PD,D
13:35:10,INDF,RG,6350,2,F,ZP,PD,D
13:35:10,INDF,RG,6350,55,D,PD,PD,D
13:35:10,INDF,RG,6350,50,D,DH,PD,D
13:35:10,INDF,RG,6350,2,F,ZP,PD,D
13:35:10,INDF,RG,6350,71,F,AK,PD,D
13:35:10,INDF,RG,6350,1,D,YP,PD,D
13:35:10,INDF,RG,6350,270,F,DX,PD,D
13:35:10,INDF,RG,6350,5,D,CC,PD,D
13:35:10,INDF,RG,6350,16,F,AK,PD,D
13:35:10,INDF,RG,6350,2,F,ZP,PD,D
13:35:10,INDF,RG,6350,10,D,DR,PD,D
13:35:10,INDF,RG,6350,7,F,ZP,PD,D
13:35:10,INDF,RG,6350,2,F,ZP,PD,D
13:35:10,INDF,RG,6350,31,D,YP,PD,D
13:33:52,INDF,RG,6375,4,D,SQ,KZ,F
13:33:49,INDF,RG,6350,2,D,YP,LG,D
13:33:24,INDF,RG,6350,1,D,YP,BQ,D
13:33:04,INDF,RG,6350,23,D,YP,KZ,F
13:33:04,INDF,RG,6350,9,D,YP,YU,D
13:33:04,INDF,RG,6350,6,D,YP,YU,D
13:33:04,INDF,RG,6350,3,D,YP,YU,D
13:33:04,INDF,RG,6350,20,D,YP,YU,D
13:33:04,INDF,RG,6350,5,D,YP,YP,D
13:32:05,INDF,RG,6325,2,D,YP,PD,D
13:30:59,INDF,RG,6375,6,F,ZP,KZ,F
13:30:59,INDF,RG,6350,18,F,ZP,AK,F
13:30:59,INDF,RG,6350,2,D,CC,AK,F
13:30:59,INDF,RG,6350,15,F,ZP,AK,F
13:30:59,INDF,RG,6350,2,F,CC,AK,F
13:30:59,INDF,RG,6350,17,F,ZP,AK,F
13:30:59,INDF,RG,6350,1,F,ZP,AK,F
13:30:59,INDF,RG,6350,87,F,AK,AK,F
13:30:59,INDF,RG,6350,3,F,DX,AK,F
13:30:59,INDF,RG,6350,44,F,DX,KZ,F
13:30:49,INDF,RG,6350,10,F,DX,PD,D
13:30:34,INDF,RG,6350,7,F,DX,PD,D
13:30:16,INDF,RG,6350,10,F,DX,NI,D
13:30:15,INDF,RG,6350,31,F,DX,EP,D
13:30:15,INDF,RG,6350,26,F,DX,BK,F
13:30:15,INDF,RG,6350,29,F,ZP,BK,F
13:30:15,INDF,RG,6350,2,F,CC,BK,F
13:30:15,INDF,RG,6350,1,D,CC,BK,F
13:30:09,INDF,RG,6350,5,D,XC,XC,D
13:30:09,INDF,RG,6350,2,D,XC,XC,D
13:30:09,INDF,RG,6350,1,D,XL,XC,D
13:30:09,INDF,RG,6350,1,D,XL,XC,D
13:30:09,INDF,RG,6350,1,D,PD,XC,D
13:30:08,INDF,RG,6350,1,D,PD,XL,D
13:30:08,INDF,RG,6350,1,D,PD,XL,D
13:30:07,INDF,RG,6375,14,F,AK,KZ,F
13:30:07,INDF,RG,6350,117,F,AK,AK,F
13:30:07,INDF,RG,6350,1,F,AK,AK,F
13:30:06,INDF,RG,6350,8,F,AK,DX,F
13:30:05,INDF,RG,6350,1,F,AK,PD,D
13:30:05,INDF,RG,6350,8,F,AK,AK,F
13:30:05,INDF,RG,6350,4,F,AK,SQ,D
13:30:05,INDF,RG,6350,1,F,AK,XC,D
13:30:05,INDF,RG,6350,9,F,AK,DX,F
13:30:05,INDF,RG,6350,9,F,AK,DX,F
13:30:05,INDF,RG,6350,3,F,AK,XC,D
13:30:05,INDF,RG,6350,10,F,AK,DX,F
13:30:05,INDF,RG,6350,3,F,AK,KK,D
13:30:05,INDF,RG,6350,2,F,AK,YP,D
13:30:05,INDF,RG,6350,3,F,AK,YP,D
13:30:05,INDF,RG,6350,28,F,AK,KZ,F
13:30:05,INDF,RG,6350,2,D,CC,KZ,F
13:30:05,INDF,RG,6325,3,D,YP,AT,D
13:30:05,INDF,RG,6350,124,F,DX,KZ,F
13:30:05,INDF,RG,6350,45,F,DX,KZ,F
13:30:05,INDF,RG,6350,61,F,DX,BK,F
13:30:05,INDF,RG,6350,1,F,DX,PD,D
13:30:05,INDF,RG,6350,58,F,DX,YU,D
13:30:05,INDF,RG,6350,27,F,DX,IU,D
13:30:04,INDF,RG,6350,3,D,PD,IU,D
13:30:04,INDF,RG,6350,1,D,PD,IU,D
13:30:04,INDF,RG,6350,19,F,ZP,IU,D
13:30:04,INDF,RG,6325,10,D,YP,PD,D
13:30:03,INDF,RG,6350,1,D,PD,IU,D
13:30:03,INDF,RG,6350,1,D,KK,IU,D
13:30:03,INDF,RG,6350,1,D,PD,IU,D
13:30:03,INDF,RG,6325,1,D,YP,PD,D
13:30:03,INDF,RG,6350,1,D,PD,IU,D
13:30:03,INDF,RG,6325,8,D,YP,YU,D
13:30:03,INDF,RG,6350,2,D,KK,IU,D
13:30:03,INDF,RG,6350,34,F,AK,IU,D
13:30:02,INDF,RG,6350,238,D,YP,IU,D
13:30:02,INDF,RG,6350,13,D,YP,PD,D
13:30:02,INDF,RG,6350,106,D,YP,KZ,F
13:30:02,INDF,RG,6350,10,D,YP,PD,D
13:30:02,INDF,RG,6350,32,D,YP,SQ,D
13:30:02,INDF,RG,6350,2,D,YP,PD,D
13:30:02,INDF,RG,6350,5,D,YP,KK,D
13:30:02,INDF,RG,6350,2,D,YP,YJ,D
13:30:02,INDF,RG,6350,5,D,YP,BK,F
13:30:02,INDF,RG,6350,2,D,YP,CC,D
13:30:02,INDF,RG,6350,1,D,YP,XC,D
13:30:02,INDF,RG,6350,84,D,YP,KZ,F
13:30:02,INDF,RG,6350,2,D,DH,KZ,F
13:30:01,INDF,RG,6350,5,F,ZP,KZ,F
13:30:01,INDF,RG,6350,1,D,PD,KZ,F
13:30:01,INDF,RG,6350,2,D,PD,KZ,F
13:30:01,INDF,RG,6350,2,D,GR,KZ,F
13:30:01,INDF,RG,6350,50,D,GR,KZ,F
13:30:01,INDF,RG,6350,70,D,GR,KZ,F
13:30:01,INDF,RG,6350,1,D,GR,PD,D
13:30:01,INDF,RG,6350,1,D,GR,EP,D
13:30:01,INDF,RG,6350,2,D,GR,PD,D
13:30:01,INDF,RG,6350,1,D,GR,BK,F
13:30:01,INDF,RG,6325,452,D,YP,AG,D
13:30:01,INDF,RG,6325,5,D,CC,AG,D
13:30:01,INDF,RG,6325,8,F,DX,AG,D
13:30:01,INDF,RG,6325,2,D,YP,AG,D
13:30:01,INDF,RG,6325,14,F,DX,AG,D
13:30:01,INDF,RG,6325,10,F,DX,AG,D
13:30:01,INDF,RG,6325,21,F,DX,AG,D
13:30:01,INDF,RG,6325,53,D,PD,AG,D
13:30:01,INDF,RG,6325,1,F,ZP,AG,D
13:30:01,INDF,RG,6325,64,D,KK,AG,D
13:30:01,INDF,RG,6350,1,D,OD,BK,F
11:29:50,INDF,RG,6350,1,F,AK,BK,F
11:29:49,INDF,RG,6350,1,D,XC,BK,F
11:29:47,INDF,RG,6350,2,F,ZP,BK,F
11:29:47,INDF,RG,6350,2,F,ZP,BK,F
11:29:47,INDF,RG,6350,3,F,CC,BK,F
11:29:46,INDF,RG,6350,1,F,AK,CC,F
11:29:46,INDF,RG,6350,1,F,AK,CC,F
11:29:45,INDF,RG,6325,6,D,KK,AK,F
11:29:45,INDF,RG,6350,6,F,AK,CC,F
11:29:45,INDF,RG,6350,2,F,AK,CC,F
11:29:45,INDF,RG,6350,2,F,AK,CC,F
11:29:45,INDF,RG,6350,1,F,AK,CC,F
11:29:05,INDF,RG,6325,1,D,KK,AK,F
11:28:56,INDF,RG,6350,5,F,ZP,CC,F
11:28:48,INDF,RG,6350,5,D,PD,CC,F
11:28:20,INDF,RG,6325,1,D,KK,AK,F
11:28:20,INDF,RG,6350,15,F,AK,CC,F
11:28:20,INDF,RG,6350,1,F,AK,CC,F
11:28:15,INDF,RG,6350,46,F,AK,CC,F
11:28:06,INDF,RG,6325,10,D,KK,BK,F
11:28:00,INDF,RG,6350,9,F,AK,CC,F
11:27:50,INDF,RG,6350,6,F,AK,CC,F
11:27:46,INDF,RG,6350,5,F,ZP,CC,F
11:27:35,INDF,RG,6325,1,D,KK,AK,F
11:27:30,INDF,RG,6325,17,D,KK,AK,F
11:27:20,INDF,RG,6350,4,F,AK,CC,F
11:27:15,INDF,RG,6325,1,F,DX,SQ,D
11:27:05,INDF,RG,6325,1,F,DX,AK,F
11:26:45,INDF,RG,6350,47,F,AK,CC,F
11:26:35,INDF,RG,6325,1,F,DX,AK,F
11:26:30,INDF,RG,6350,15,F,AK,CC,F
11:26:26,INDF,RG,6350,5,F,ZP,CC,F
11:26:00,INDF,RG,6325,15,F,DX,AK,F
11:25:50,INDF,RG,6325,1,F,DX,AK,F
11:25:45,INDF,RG,6325,2,F,DX,AK,F
11:25:45,INDF,RG,6350,26,F,AK,CC,F
11:25:01,INDF,RG,6350,3,F,ZP,CC,F
11:24:35,INDF,RG,6325,2,F,DX,AK,F
11:24:30,INDF,RG,6325,15,F,DX,YU,D
11:24:24,INDF,RG,6325,9,F,DX,BK,F
11:24:00,INDF,RG,6325,1,F,DX,YU,D
11:23:58,INDF,RG,6325,1,F,DX,AK,F
11:23:57,INDF,RG,6350,7,D,CC,CC,F
11:22:33,INDF,RG,6325,16,F,DX,XL,D
11:21:56,INDF,RG,6325,1,F,DX,AK,F
11:21:50,INDF,RG,6325,3,F,DX,AK,F
11:21:36,INDF,RG,6325,126,F,DX,KZ,F
11:21:36,INDF,RG,6325,33,F,DX,KZ,F
11:21:36,INDF,RG,6325,2,D,PD,KZ,F
11:21:36,INDF,RG,6325,11,D,XL,KZ,F
11:21:36,INDF,RG,6325,5,D,AZ,KZ,F
11:21:36,INDF,RG,6325,5,D,YP,KZ,F
11:21:36,INDF,RG,6325,2,D,YP,KZ,F
11:21:36,INDF,RG,6325,60,D,YP,KZ,F
11:21:30,INDF,RG,6325,40,D,YP,GR,D
11:21:30,INDF,RG,6325,4,D,XC,GR,D
11:21:30,INDF,RG,6325,3,D,YP,GR,D
11:21:30,INDF,RG,6325,3,D,YP,GR,D
11:21:30,INDF,RG,6325,1,D,PD,GR,D
11:21:30,INDF,RG,6325,45,F,AK,GR,D
11:21:30,INDF,RG,6325,10,D,CC,GR,D
11:21:30,INDF,RG,6325,1,D,PD,GR,D
11:21:30,INDF,RG,6325,1,F,ZP,GR,D
11:21:30,INDF,RG,6325,2,D,YP,GR,D
11:21:30,INDF,RG,6325,50,D,YP,GR,D
11:21:30,INDF,RG,6325,5,D,SQ,GR,D
11:21:30,INDF,RG,6325,1,D,XC,GR,D
11:21:30,INDF,RG,6325,16,D,XL,GR,D
11:21:30,INDF,RG,6325,15,F,AK,GR,D
11:21:30,INDF,RG,6325,3,F,ZP,GR,D
11:21:30,INDF,RG,6325,4,D,XC,GR,D
11:21:30,INDF,RG,6325,1,D,YP,GR,D
11:21:30,INDF,RG,6325,44,F,AK,GR,D
11:21:30,INDF,RG,6325,3,F,ZP,GR,D
11:21:30,INDF,RG,6325,3,D,XL,GR,D
11:21:30,INDF,RG,6325,1,D,PD,GR,D
11:21:30,INDF,RG,6325,15,D,GR,GR,D
11:21:30,INDF,RG,6325,1,D,PD,GR,D
11:21:30,INDF,RG,6325,16,F,AK,GR,D
11:21:30,INDF,RG,6325,2,F,ZP,GR,D
11:21:30,INDF,RG,6325,5,D,YP,GR,D
11:21:30,INDF,RG,6325,2,F,ZP,GR,D
11:21:30,INDF,RG,6325,5,D,IF,GR,D
11:21:30,INDF,RG,6325,5,D,KK,GR,D
11:21:30,INDF,RG,6325,1,D,PD,GR,D
11:21:30,INDF,RG,6325,43,F,AK,GR,D
11:21:30,INDF,RG,6325,2,F,CC,GR,D
11:21:30,INDF,RG,6325,12,D,XL,GR,D
11:21:30,INDF,RG,6325,1,F,ZP,GR,D
11:21:30,INDF,RG,6325,3,F,ZP,GR,D
11:21:30,INDF,RG,6325,2,F,AK,GR,D
11:21:30,INDF,RG,6325,10,D,PD,GR,D
11:21:30,INDF,RG,6325,5,D,NI,GR,D
11:21:30,INDF,RG,6325,100,D,YP,GR,D
11:21:30,INDF,RG,6325,5,D,PD,GR,D
11:21:30,INDF,RG,6325,1,D,PD,GR,D
11:21:30,INDF,RG,6325,20,D,PD,GR,D
11:21:30,INDF,RG,6325,50,D,YP,GR,D
11:21:30,INDF,RG,6325,1,D,NI,GR,D
11:21:30,INDF,RG,6325,100,D,YB,GR,D
11:21:30,INDF,RG,6325,194,D,YP,GR,D
11:21:30,INDF,RG,6350,10,D,OD,CC,F
11:21:21,INDF,RG,6350,5,F,ZP,CC,F
11:20:43,INDF,RG,6325,10,D,YP,BK,F
11:20:15,INDF,RG,6350,55,F,AK,CC,F
11:19:51,INDF,RG,6350,5,F,ZP,CC,F
11:19:50,INDF,RG,6325,3,D,YP,AK,F
11:19:00,INDF,RG,6325,51,D,YP,AK,F
11:18:45,INDF,RG,6350,44,F,AK,CC,F
11:18:17,INDF,RG,6350,5,F,ZP,CC,F
11:18:15,INDF,RG,6325,2,D,YP,YJ,D
11:18:03,INDF,RG,6325,7,D,YP,AK,F
11:17:31,INDF,RG,6325,10,D,YP,BK,F
11:17:00,INDF,RG,6350,54,F,AK,CC,F
11:16:50,INDF,RG,6350,92,D,XC,CC,F
11:16:46,INDF,RG,6350,5,F,ZP,CC,F
11:16:20,INDF,RG,6350,84,F,AK,CC,F
11:15:11,INDF,RG,6350,3,F,ZP,CC,F
11:15:05,INDF,RG,6325,4,D,YP,AK,F
11:14:06,INDF,RG,6350,1,F,ZP,CC,F
11:13:56,INDF,RG,6325,1,D,YP,AK,F
11:13:49,INDF,RG,6325,3,D,YP,DR,D
11:13:28,INDF,RG,6350,1,D,PD,CC,F
11:12:57,INDF,RG,6350,1,D,CC,CC,F
11:10:47,INDF,RG,6325,2,D,YP,AK,F
11:10:46,INDF,RG,6350,10,D,XL,CC,F
11:10:00,INDF,RG,6350,1,D,PD,CC,F
11:09:50,INDF,RG,6350,5,D,YP,CC,F
11:09:30,INDF,RG,6325,213,D,YP,PD,D
11:09:30,INDF,RG,6325,111,F,DX,PD,D
11:09:30,INDF,RG,6325,1,D,XC,PD,D
11:09:30,INDF,RG,6325,1,D,XC,PD,D
11:09:30,INDF,RG,6325,100,D,KK,PD,D
11:09:30,INDF,RG,6325,25,D,TP,PD,D
11:09:30,INDF,RG,6325,10,D,XC,PD,D
11:09:30,INDF,RG,6325,281,D,SQ,PD,D
11:09:00,INDF,RG,6350,5,D,YP,CC,F
11:08:05,INDF,RG,6325,2,D,SQ,AK,F
11:07:02,INDF,RG,6350,5,D,AZ,CC,F
11:06:57,INDF,RG,6325,332,D,SQ,GR,D
11:06:57,INDF,RG,6325,50,D,XA,GR,D
11:06:57,INDF,RG,6325,10,D,YP,GR,D
11:06:57,INDF,RG,6325,5,D,CC,GR,D
11:06:57,INDF,RG,6325,1,D,XC,GR,D
11:06:57,INDF,RG,6325,2,D,YP,GR,D
11:06:57,INDF,RG,6325,124,F,DX,GR,D
11:06:57,INDF,RG,6325,1,D,XL,GR,D
11:06:57,INDF,RG,6325,150,D,YB,GR,D
11:06:57,INDF,RG,6325,10,D,GR,GR,D
11:06:57,INDF,RG,6325,10,D,OD,GR,D
11:06:57,INDF,RG,6325,3,D,XC,GR,D
11:06:57,INDF,RG,6325,1,D,NI,GR,D
11:06:57,INDF,RG,6325,5,D,CC,GR,D
11:06:57,INDF,RG,6325,1,D,YP,GR,D
11:06:57,INDF,RG,6325,5,D,XL,GR,D
11:06:57,INDF,RG,6325,1,D,CC,GR,D
11:06:57,INDF,RG,6325,6,D,XC,GR,D
11:06:57,INDF,RG,6325,10,D,EP,GR,D
11:06:57,INDF,RG,6325,10,D,PD,GR,D
11:06:57,INDF,RG,6325,2,D,YP,GR,D
11:06:57,INDF,RG,6325,1,D,XL,GR,D
11:06:57,INDF,RG,6325,1,D,YP,GR,D
11:06:57,INDF,RG,6325,2,D,PD,GR,D
11:06:57,INDF,RG,6325,5,D,YP,GR,D
11:06:57,INDF,RG,6325,5,D,YP,GR,D
11:06:57,INDF,RG,6325,10,D,YP,GR,D
11:06:57,INDF,RG,6325,94,F,DX,GR,D
11:06:40,INDF,RG,6350,3,D,NI,CC,F
11:05:25,INDF,RG,6350,1,D,PD,CC,F
11:05:03,INDF,RG,6325,10,F,DX,XL,D
11:04:50,INDF,RG,6325,3,F,DX,AK,F
11:04:23,INDF,RG,6350,5,D,AZ,CC,F
11:04:00,INDF,RG,6350,1,D,PD,CC,F
11:01:44,INDF,RG,6325,1,F,DX,XC,D
11:00:50,INDF,RG,6325,1,D,XC,AK,F
11:00:50,INDF,RG,6325,2,D,XC,AK,F
11:00:43,INDF,RG,6350,1,D,NI,CC,F
11:00:38,INDF,RG,6350,1,D,PD,CC,F
10:59:21,INDF,RG,6325,2,D,XC,NI,D
10:57:49,INDF,RG,6325,12,D,XC,BK,F
10:57:49,INDF,RG,6325,1,D,NI,BK,F
10:57:49,INDF,RG,6325,2,D,XC,BK,F
10:57:49,INDF,RG,6325,2,D,XC,BK,F
10:57:49,INDF,RG,6325,3,D,CC,BK,F
10:57:48,INDF,RG,6350,1,D,XL,CC,F
10:57:47,INDF,RG,6350,20,D,PD,CC,F
10:57:08,INDF,RG,6350,9,D,YP,CC,F
10:57:08,INDF,RG,6350,1,D,YP,XC,D
10:57:07,INDF,RG,6325,7,D,CC,BK,F
10:57:07,INDF,RG,6325,1,D,XC,BK,F
10:57:07,INDF,RG,6325,4,F,AK,BK,F
10:57:07,INDF,RG,6325,1,D,XC,BK,F
10:57:01,INDF,RG,6325,1,D,XC,BK,F
10:57:01,INDF,RG,6325,1,D,XC,BK,F
10:57:01,INDF,RG,6325,1,D,XC,BK,F
10:57:01,INDF,RG,6325,10,D,DH,BK,F
10:57:01,INDF,RG,6325,20,F,AK,BK,F
10:57:00,INDF,RG,6325,3,F,AK,AK,F
10:56:59,INDF,RG,6350,1,F,DX,XC,D
10:56:59,INDF,RG,6350,10,F,DX,BK,F
10:56:58,INDF,RG,6325,6,F,AK,BK,F
10:56:58,INDF,RG,6325,5,D,YP,BK,F
10:56:58,INDF,RG,6325,5,D,DH,BK,F
10:56:58,INDF,RG,6325,5,D,CC,BK,F
10:56:58,INDF,RG,6325,118,F,DX,BK,F
10:56:57,INDF,RG,6350,33,F,DX,BK,F
10:56:57,INDF,RG,6350,18,F,DX,KZ,F
10:56:57,INDF,RG,6350,49,F,CC,KZ,F
10:56:55,INDF,RG,6350,41,F,AK,BK,F
10:56:55,INDF,RG,6350,9,F,AK,BK,F
10:56:53,INDF,RG,6350,1,F,YU,PD,D
10:56:52,INDF,RG,6325,74,F,DX,PD,D
10:56:52,INDF,RG,6325,10,D,YP,PD,D
10:56:52,INDF,RG,6325,1,D,NI,PD,D
10:56:52,INDF,RG,6325,50,D,PD,PD,D
10:56:52,INDF,RG,6325,50,D,YB,PD,D
10:56:52,INDF,RG,6325,5,D,CC,PD,D
10:56:52,INDF,RG,6325,3,D,CC,PD,D
10:56:52,INDF,RG,6325,3,D,PD,PD,D
10:56:52,INDF,RG,6325,2,D,XC,PD,D
10:56:52,INDF,RG,6325,44,D,YP,PD,D
10:56:52,INDF,RG,6350,3,F,ZP,PD,D
10:56:52,INDF,RG,6350,1,F,AG,PD,D
10:56:52,INDF,RG,6350,15,F,AK,PD,D
10:56:52,INDF,RG,6350,3,F,ZP,PD,D
10:56:52,INDF,RG,6350,1,D,PD,PD,D
10:56:52,INDF,RG,6350,29,F,AK,PD,D
10:56:52,INDF,RG,6350,146,F,YU,PD,D
10:56:52,INDF,RG,6350,73,F,AK,PD,D
10:56:52,INDF,RG,6350,2,F,ZP,PD,D
10:56:52,INDF,RG,6350,2,D,PD,PD,D
10:56:52,INDF,RG,6350,5,D,PD,PD,D
10:56:52,INDF,RG,6350,2,F,ZP,PD,D
10:56:52,INDF,RG,6350,2,D,YP,PD,D
10:56:52,INDF,RG,6350,1,F,ZP,PD,D
10:56:52,INDF,RG,6350,1,F,CC,PD,D
10:56:52,INDF,RG,6350,70,F,DX,PD,D
10:56:52,INDF,RG,6350,144,F,DX,PD,D
10:55:27,INDF,RG,6375,1,D,PD,KZ,F
10:54:42,INDF,RG,6350,11,F,DX,BK,F
10:54:37,INDF,RG,6350,17,F,DX,BK,F
10:54:34,INDF,RG,6350,37,F,DX,BK,F
10:54:34,INDF,RG,6350,41,F,AK,BK,F
10:54:31,INDF,RG,6350,97,F,AK,KZ,F
10:54:31,INDF,RG,6350,306,F,AK,KZ,F
10:54:28,INDF,RG,6375,2,D,XL,KZ,F
10:54:02,INDF,RG,6350,19,F,AK,BK,F
10:54:01,INDF,RG,6350,28,F,AK,KZ,F
10:52:56,INDF,RG,6350,20,F,AK,BK,F
10:52:53,INDF,RG,6350,26,F,AK,BK,F
10:52:53,INDF,RG,6350,40,F,AK,BK,F
10:52:50,INDF,RG,6350,22,F,AK,BK,F
10:52:50,INDF,RG,6350,37,F,AK,BK,F
10:52:50,INDF,RG,6350,7,F,ZP,BK,F
10:52:49,INDF,RG,6350,5,F,ZP,BK,F
10:52:49,INDF,RG,6350,40,F,DX,BK,F
10:52:49,INDF,RG,6350,8,F,DX,BK,F
10:52:49,INDF,RG,6350,6,D,YP,BK,F
10:52:49,INDF,RG,6350,63,F,DX,BK,F
10:52:49,INDF,RG,6350,1,D,XC,BK,F
10:52:49,INDF,RG,6350,1,D,XC,BK,F
10:52:49,INDF,RG,6350,2,F,ZP,BK,F
10:52:49,INDF,RG,6350,72,F,DX,BK,F
10:52:49,INDF,RG,6350,44,F,AK,BK,F
10:52:48,INDF,RG,6350,10,F,AK,BK,F
10:52:48,INDF,RG,6350,31,F,AK,BK,F
10:52:48,INDF,RG,6350,2,F,ZP,BK,F
10:52:48,INDF,RG,6350,32,F,AK,BK,F
10:52:48,INDF,RG,6350,3,D,CC,BK,F
10:52:48,INDF,RG,6350,1,D,NI,BK,F
10:52:48,INDF,RG,6350,3,F,ZP,BK,F
10:52:48,INDF,RG,6350,1,D,YP,BK,F
10:52:48,INDF,RG,6350,3,F,ZP,BK,F
10:52:48,INDF,RG,6350,2,F,CC,BK,F
10:52:48,INDF,RG,6350,38,F,AK,BK,F
10:52:48,INDF,RG,6350,16,F,AK,BK,F
10:52:48,INDF,RG,6350,1,F,ZP,BK,F
10:52:48,INDF,RG,6350,54,F,DX,BK,F
10:52:47,INDF,RG,6350,15,F,DX,BK,F
10:52:45,INDF,RG,6375,74,D,YP,KZ,F
10:52:45,INDF,RG,6375,10,D,YP,PD,D
10:52:45,INDF,RG,6375,16,D,YP,YP,D
10:52:32,INDF,RG,6350,11,F,DX,BK,F
10:52:28,INDF,RG,6350,22,F,DX,BK,F
10:52:26,INDF,RG,6375,84,D,YP,YP,D
10:52:26,INDF,RG,6375,5,D,YP,NI,D
10:52:26,INDF,RG,6375,11,D,YP,YP,D
10:51:46,INDF,RG,6350,9,F,DX,PD,D
10:49:42,INDF,RG,6350,1,F,DX,LG,D
10:49:40,INDF,RG,6350,9,F,DX,BK,F
10:49:38,INDF,RG,6350,9,F,DX,XL,D
10:48:31,INDF,RG,6350,10,F,DX,EP,D
10:48:24,INDF,RG,6350,2,F,DX,XC,D
10:48:13,INDF,RG,6375,2,D,PD,YP,D
10:48:04,INDF,RG,6350,15,F,DX,BK,F
10:48:00,INDF,RG,6350,35,F,DX,BK,F
10:47:58,INDF,RG,6350,117,F,DX,BK,F
10:47:57,INDF,RG,6350,11,F,DX,PD,D
10:47:57,INDF,RG,6350,33,F,DX,BK,F
10:47:53,INDF,RG,6350,117,F,DX,BK,F
10:47:52,INDF,RG,6350,35,F,DX,BK,F
10:47:47,INDF,RG,6350,120,F,DX,BK,F
10:47:47,INDF,RG,6350,27,F,AK,BK,F
10:47:47,INDF,RG,6350,5,F,AK,BK,F
10:47:47,INDF,RG,6350,8,F,AK,BK,F
10:47:43,INDF,RG,6350,27,F,AK,BK,F
10:47:43,INDF,RG,6350,57,F,AK,BK,F
10:47:43,INDF,RG,6350,14,F,ZP,BK,F
10:47:43,INDF,RG,6350,1,F,ZP,BK,F
10:47:43,INDF,RG,6350,18,D,CP,BK,F
10:47:42,INDF,RG,6350,117,D,CP,BK,F
10:47:41,INDF,RG,6350,117,D,CP,BK,F
10:47:41,INDF,RG,6350,857,D,CP,GR,D
10:46:47,INDF,RG,6350,3,D,CP,YP,D
10:46:25,INDF,RG,6350,1,D,CP,PD,D
10:45:15,INDF,RG,6375,129,F,AK,YP,D
10:45:15,INDF,RG,6375,2,F,AK,YP,D
10:45:15,INDF,RG,6375,219,F,AK,YP,D
10:45:15,INDF,RG,6375,4,F,AK,YP,D
10:45:14,INDF,RG,6350,79,D,CP,BK,F
10:45:14,INDF,RG,6350,8,D,CP,YU,D
10:45:14,INDF,RG,6350,7,D,CP,KK,D
10:45:14,INDF,RG,6350,54,D,CP,KZ,F
10:45:14,INDF,RG,6350,43,D,CP,KZ,F
10:45:14,INDF,RG,6350,1,D,CP,AK,F
10:45:14,INDF,RG,6350,3,D,CP,AT,D
10:45:14,INDF,RG,6350,2,D,CP,PD,D
10:45:14,INDF,RG,6350,102,D,CP,KZ,F
10:45:14,INDF,RG,6350,1,D,CP,AK,F
10:45:14,INDF,RG,6350,1,D,CP,AK,F
10:45:14,INDF,RG,6350,92,D,CP,KZ,F
10:45:14,INDF,RG,6350,12,D,CP,AK,F
10:45:14,INDF,RG,6350,14,D,CP,AK,F
10:45:14,INDF,RG,6350,2,D,CP,YP,D
10:45:14,INDF,RG,6350,10,D,CP,BK,F
10:45:14,INDF,RG,6350,6,D,CP,KZ,F
10:45:14,INDF,RG,6350,84,D,CP,BK,F
10:45:14,INDF,RG,6350,366,D,CP,YP,D
10:45:02,INDF,RG,6350,5,D,YP,YP,D
10:43:38,INDF,RG,6350,10,D,YP,YP,D
10:43:06,INDF,RG,6350,1,D,YP,YP,D
10:42:45,INDF,RG,6350,35,F,AK,YP,D
10:42:44,INDF,RG,6325,106,D,YP,PD,D
10:42:44,INDF,RG,6325,10,D,HP,PD,D
10:42:44,INDF,RG,6325,10,D,SQ,PD,D
10:42:44,INDF,RG,6325,1,D,PD,PD,D
10:42:44,INDF,RG,6325,91,F,DX,PD,D
10:42:44,INDF,RG,6325,200,D,DR,PD,D
10:42:44,INDF,RG,6325,1,D,PD,PD,D
10:42:44,INDF,RG,6325,10,D,CC,PD,D
10:42:44,INDF,RG,6325,10,D,DR,PD,D
10:42:44,INDF,RG,6325,10,D,DH,PD,D
10:42:44,INDF,RG,6325,1,D,YU,PD,D
10:42:44,INDF,RG,6325,144,F,DX,PD,D
10:42:44,INDF,RG,6325,45,F,AK,PD,D
10:42:44,INDF,RG,6325,103,F,DX,PD,D
10:41:29,INDF,RG,6350,1,D,PD,YP,D
10:41:05,INDF,RG,6350,10,D,NI,YP,D
10:40:15,INDF,RG,6350,67,F,AK,YP,D
10:40:02,INDF,RG,6325,3,F,DX,XC,D
10:39:29,INDF,RG,6350,5,D,YP,YP,D
10:39:05,INDF,RG,6325,67,F,DX,GR,D
10:39:05,INDF,RG,6325,1,F,ZP,GR,D
10:39:05,INDF,RG,6325,431,D,YP,GR,D
10:39:04,INDF,RG,6325,69,D,YP,GR,D
10:39:04,INDF,RG,6325,2,D,PD,GR,D
10:39:04,INDF,RG,6325,86,F,DX,GR,D
10:39:04,INDF,RG,6325,22,D,XC,GR,D
10:39:03,INDF,RG,6350,5,F,ZP,GR,D
10:39:03,INDF,RG,6350,2,D,NI,GR,D
10:39:03,INDF,RG,6350,1,D,YU,GR,D
10:39:03,INDF,RG,6350,1,D,CC,GR,D
10:39:03,INDF,RG,6350,1,D,XC,GR,D
10:39:03,INDF,RG,6350,15,F,AK,GR,D
10:39:03,INDF,RG,6350,17,F,AK,GR,D
10:39:03,INDF,RG,6350,5,F,CC,GR,D
10:39:03,INDF,RG,6350,10,F,KK,GR,D
10:39:03,INDF,RG,6350,93,F,DX,GR,D
10:39:03,INDF,RG,6350,29,F,ZP,GR,D
10:37:58,INDF,RG,6375,1,D,PD,YP,D
10:37:45,INDF,RG,6375,53,F,AK,YP,D
10:37:33,INDF,RG,6350,1,F,AK,CC,D
10:37:21,INDF,RG,6350,8,F,AK,DX,F
10:36:53,INDF,RG,6350,8,F,AK,DX,F
10:36:46,INDF,RG,6350,8,F,AK,DX,F
10:36:31,INDF,RG,6350,18,F,AK,DX,F
10:36:30,INDF,RG,6375,43,F,AK,YP,D
10:36:18,INDF,RG,6350,1,F,DX,PD,D
10:36:18,INDF,RG,6350,1,F,DX,AK,F
10:36:18,INDF,RG,6350,6,F,DX,KZ,F
10:36:15,INDF,RG,6350,52,F,DX,KZ,F
10:36:12,INDF,RG,6350,26,F,DX,BK,F
10:34:52,INDF,RG,6350,5,D,CC,CC,F
10:34:34,INDF,RG,6350,16,D,YP,CC,F
10:34:24,INDF,RG,6350,67,F,DX,BK,F
10:34:24,INDF,RG,6350,1,F,DX,AK,F
10:34:21,INDF,RG,6350,57,F,DX,BK,F
10:34:21,INDF,RG,6350,1,F,DX,AK,F
10:34:21,INDF,RG,6350,11,F,DX,AK,F
10:34:21,INDF,RG,6350,63,F,DX,CC,F
10:34:20,INDF,RG,6350,1,D,PD,CC,F
10:34:19,INDF,RG,6350,125,F,DX,CC,F
10:34:18,INDF,RG,6350,1,F,DX,AK,F
10:34:18,INDF,RG,6350,10,F,DX,AK,F
10:34:18,INDF,RG,6350,10,F,DX,KZ,F
10:34:18,INDF,RG,6350,13,F,DX,BK,F
10:34:16,INDF,RG,6350,16,F,DX,BK,F
10:34:15,INDF,RG,6350,25,F,AK,BK,F
10:34:15,INDF,RG,6350,1,F,AK,AK,F
10:34:15,INDF,RG,6350,13,F,AK,AK,F
10:34:15,INDF,RG,6350,112,F,AK,KZ,F
10:34:15,INDF,RG,6350,2,F,AK,EP,D
10:34:15,INDF,RG,6350,4,F,AK,NI,D
10:34:15,INDF,RG,6350,5,F,AK,KZ,F
10:34:15,INDF,RG,6350,3,F,AK,XC,D
10:34:15,INDF,RG,6350,35,F,AK,SQ,D
10:34:15,INDF,RG,6350,1,F,AK,KZ,F
10:34:15,INDF,RG,6350,3,F,AK,KZ,F
10:34:15,INDF,RG,6350,2,F,AK,AK,F
10:34:15,INDF,RG,6350,8,F,AK,AK,F
10:34:15,INDF,RG,6350,11,F,AK,BK,F
10:34:15,INDF,RG,6350,29,F,AK,KZ,F
10:34:15,INDF,RG,6350,26,F,AK,KZ,F
10:34:15,INDF,RG,6350,49,F,AK,CC,F
10:34:15,INDF,RG,6350,5,F,AK,CC,F
10:34:15,INDF,RG,6350,18,F,AK,CC,F
10:34:15,INDF,RG,6350,2,F,ZP,CC,F
10:34:14,INDF,RG,6350,200,D,EP,CC,F
10:33:31,INDF,RG,6350,9,F,AK,CC,F
10:33:30,INDF,RG,6350,9,F,KK,CC,F
10:33:30,INDF,RG,6350,79,F,KK,BK,F
10:33:30,INDF,RG,6350,1,F,KK,CC,D
10:33:30,INDF,RG,6350,1,F,KK,KZ,F
10:33:30,INDF,RG,6350,10,F,KK,XC,D
10:33:21,INDF,RG,6350,1,D,CC,KZ,F
10:33:15,INDF,RG,6350,2,F,AK,YP,D
10:33:15,INDF,RG,6350,1,F,AK,YP,D
10:33:15,INDF,RG,6350,5,F,AK,KZ,F
10:33:15,INDF,RG,6350,1,F,AK,AK,F
10:33:15,INDF,RG,6350,1,F,AK,AK,F
10:33:15,INDF,RG,6350,26,F,AK,AK,F
10:32:50,INDF,RG,6350,8,F,AK,AK,F
10:32:50,INDF,RG,6350,27,F,AK,KZ,F
10:32:49,INDF,RG,6325,17,D,XC,PD,D
10:32:49,INDF,RG,6325,28,D,YP,PD,D
10:32:49,INDF,RG,6325,1,D,LS,PD,D
10:32:49,INDF,RG,6325,2,D,YP,PD,D
10:32:49,INDF,RG,6325,2,D,XC,PD,D
10:32:49,INDF,RG,6325,5,D,CC,PD,D
10:32:49,INDF,RG,6325,1,D,PD,PD,D
10:32:49,INDF,RG,6325,28,D,YP,PD,D
10:32:49,INDF,RG,6325,15,D,YB,PD,D
10:32:49,INDF,RG,6325,3,D,SQ,PD,D
10:32:49,INDF,RG,6325,13,D,PD,PD,D
10:32:49,INDF,RG,6325,2,F,ZP,PD,D
10:32:49,INDF,RG,6325,100,D,GR,PD,D
10:32:49,INDF,RG,6325,2,F,ZP,PD,D
10:32:49,INDF,RG,6325,93,F,DX,PD,D
10:32:49,INDF,RG,6325,54,D,YP,PD,D
10:32:49,INDF,RG,6325,15,F,AK,PD,D
10:32:49,INDF,RG,6325,200,D,GR,PD,D
10:32:49,INDF,RG,6325,1,D,PD,PD,D
10:32:49,INDF,RG,6325,50,D,DH,PD,D
10:32:49,INDF,RG,6325,110,F,YU,PD,D
10:32:45,INDF,RG,6350,10,F,KK,KZ,F
10:32:44,INDF,RG,6350,1,D,PD,KZ,F
10:32:08,INDF,RG,6350,1,D,CC,KZ,F
10:31:18,INDF,RG,6350,5,F,ZP,KZ,F
10:31:17,INDF,RG,6350,17,F,ZP,KZ,F
10:31:16,INDF,RG,6350,5,F,ZP,KZ,F
10:30:51,INDF,RG,6350,1,D,PD,KZ,F
10:30:26,INDF,RG,6325,1,F,YU,AZ,D
10:30:19,INDF,RG,6350,2,D,PD,KZ,F
10:29:38,INDF,RG,6350,51,F,DX,BK,F
10:29:35,INDF,RG,6350,11,F,AK,BK,F
10:29:35,INDF,RG,6350,82,F,AK,CC,F
10:29:14,INDF,RG,6350,4,D,XC,CC,F
10:29:06,INDF,RG,6350,5,F,ZP,CC,F
10:29:00,INDF,RG,6350,39,F,AK,CC,F
10:27:55,INDF,RG,6350,3,D,NI,CC,F
10:27:37,INDF,RG,6350,1,D,XC,CC,F
10:27:11,INDF,RG,6350,5,F,ZP,CC,F
10:27:05,INDF,RG,6350,100,F,KK,CC,F
10:25:53,INDF,RG,6350,1,D,LG,CC,F
10:25:33,INDF,RG,6350,100,F,KK,CC,F
10:25:30,INDF,RG,6350,27,F,AK,CC,F
10:25:30,INDF,RG,6350,9,F,AK,BK,F
10:25:18,INDF,RG,6350,1,D,SQ,BK,F
10:25:08,INDF,RG,6350,17,F,DX,BK,F
10:25:08,INDF,RG,6350,1,F,DX,KZ,F
10:25:08,INDF,RG,6350,1,F,DX,KZ,F
10:25:08,INDF,RG,6350,8,F,DX,YU,D
10:25:08,INDF,RG,6350,2,F,DX,XC,D
10:25:08,INDF,RG,6350,13,F,DX,KZ,F
10:25:05,INDF,RG,6350,56,F,DX,KZ,F
10:25:03,INDF,RG,6350,59,D,PD,KZ,F
10:25:03,INDF,RG,6350,1,D,PD,YP,D
10:25:03,INDF,RG,6350,10,D,PD,BK,F
10:25:03,INDF,RG,6350,10,D,PD,AK,F
10:25:03,INDF,RG,6350,1,D,PD,AK,F
10:25:03,INDF,RG,6350,145,D,PD,KZ,F
10:25:03,INDF,RG,6350,1,D,PD,AK,F
10:25:03,INDF,RG,6350,69,D,PD,BK,F
10:25:03,INDF,RG,6350,14,D,PD,CC,F
10:24:56,INDF,RG,6350,5,F,ZP,CC,F
10:24:07,INDF,RG,6350,1,D,LG,CC,F
10:23:50,INDF,RG,6350,1,F,ZP,CC,F
10:23:35,INDF,RG,6325,6,F,YU,AK,F
10:23:12,INDF,RG,6325,1,F,YU,NI,D
10:22:51,INDF,RG,6350,5,F,ZP,CC,F
10:20:58,INDF,RG,6350,1,D,PD,CC,F
10:20:46,INDF,RG,6350,5,F,ZP,CC,F
10:20:29,INDF,RG,6350,2,D,CC,CC,F
10:20:24,INDF,RG,6350,5,D,PD,CC,F
10:18:36,INDF,RG,6350,2,F,ZP,CC,F
10:18:26,INDF,RG,6350,1,D,DH,CC,F
10:18:15,INDF,RG,6350,3,D,PD,CC,F
10:17:45,INDF,RG,6350,5,D,CC,CC,F
10:16:43,INDF,RG,6350,5,D,YP,CC,F
10:15:43,INDF,RG,6325,28,F,YU,GR,D
10:15:43,INDF,RG,6325,1,F,ZP,GR,D
10:15:43,INDF,RG,6325,25,D,AI,GR,D
10:15:43,INDF,RG,6325,1,D,BQ,GR,D
10:15:43,INDF,RG,6325,3,F,ZP,GR,D
10:15:43,INDF,RG,6325,1,D,KK,GR,D
10:15:43,INDF,RG,6325,3,D,YP,GR,D
10:15:43,INDF,RG,6325,25,D,AI,GR,D
10:15:43,INDF,RG,6325,2,D,NI,GR,D
10:15:43,INDF,RG,6325,1,D,PD,GR,D
10:15:43,INDF,RG,6325,3,F,ZP,GR,D
10:15:43,INDF,RG,6325,20,D,XC,GR,D
10:15:43,INDF,RG,6325,1,F,ZP,GR,D
10:15:43,INDF,RG,6325,1,F,ZP,GR,D
10:15:43,INDF,RG,6325,4,F,ZP,GR,D
10:15:43,INDF,RG,6325,1,D,PD,GR,D
10:15:43,INDF,RG,6325,1,D,PD,GR,D
10:15:43,INDF,RG,6325,2,D,PD,GR,D
10:15:43,INDF,RG,6325,20,D,YP,GR,D
10:15:43,INDF,RG,6325,5,D,IF,GR,D
10:15:43,INDF,RG,6325,100,D,KK,GR,D
10:15:43,INDF,RG,6325,4,D,XC,GR,D
10:15:43,INDF,RG,6325,1,D,ZP,GR,D
10:15:43,INDF,RG,6325,1,D,XC,GR,D
10:15:43,INDF,RG,6325,5,F,PD,GR,D
10:15:43,INDF,RG,6325,176,D,SQ,GR,D
10:15:43,INDF,RG,6325,1,D,PD,GR,D
10:15:43,INDF,RG,6325,1,D,NI,GR,D
10:15:43,INDF,RG,6325,1,D,XL,GR,D
10:15:43,INDF,RG,6325,2,D,PD,GR,D
10:15:43,INDF,RG,6325,77,F,DX,GR,D
10:15:43,INDF,RG,6325,20,D,OD,GR,D
10:15:43,INDF,RG,6325,2,D,YP,GR,D
10:15:43,INDF,RG,6325,63,F,AK,GR,D
10:15:43,INDF,RG,6325,80,F,AK,GR,D
10:15:43,INDF,RG,6325,1,D,XC,GR,D
10:15:43,INDF,RG,6325,2,D,PD,GR,D
10:15:43,INDF,RG,6325,2,D,XC,GR,D
10:15:43,INDF,RG,6325,10,D,DH,GR,D
10:15:43,INDF,RG,6325,6,D,YP,GR,D
10:15:43,INDF,RG,6325,154,F,DX,GR,D
10:15:41,INDF,RG,6325,2,F,DX,KZ,F
10:15:39,INDF,RG,6350,2,F,ZP,CC,F
10:15:19,INDF,RG,6350,1,F,ZP,CC,F
10:15:18,INDF,RG,6350,15,D,YU,CC,F
10:15:11,INDF,RG,6350,5,F,ZP,CC,F
10:15:11,INDF,RG,6325,2,F,DX,KZ,F
10:14:50,INDF,RG,6350,1,D,PD,CC,F
10:13:45,INDF,RG,6350,25,F,AK,CC,F
10:13:11,INDF,RG,6350,5,F,ZP,CC,F
10:13:05,INDF,RG,6350,50,F,AK,CC,F
10:13:05,INDF,RG,6350,2,F,AK,YP,D
10:13:05,INDF,RG,6350,1,F,AK,KZ,F
10:13:05,INDF,RG,6350,10,F,AK,BK,F
10:13:05,INDF,RG,6350,1,F,AK,KZ,F
10:13:05,INDF,RG,6350,3,F,AK,NI,D
10:13:05,INDF,RG,6350,1,F,AK,KZ,F
10:13:05,INDF,RG,6350,8,F,AK,YU,D
10:13:05,INDF,RG,6350,4,F,AK,KZ,F
10:13:05,INDF,RG,6350,1,F,AK,KZ,F
10:13:05,INDF,RG,6350,9,F,AK,DX,F
10:13:05,INDF,RG,6350,5,F,AK,KZ,F
10:12:42,INDF,RG,6350,1,D,OD,KZ,F
10:11:11,INDF,RG,6350,16,D,XC,KZ,F
10:11:06,INDF,RG,6350,5,F,ZP,KZ,F
10:10:47,INDF,RG,6350,1,D,XC,KZ,F
10:10:30,INDF,RG,6350,32,F,AK,KZ,F
10:10:30,INDF,RG,6350,29,F,AK,KZ,F
10:10:29,INDF,RG,6325,40,F,DX,PD,D
10:10:29,INDF,RG,6325,73,F,AK,PD,D
10:10:29,INDF,RG,6325,1,D,XC,PD,D
10:10:29,INDF,RG,6325,5,D,XC,PD,D
10:10:29,INDF,RG,6325,2,D,YP,PD,D
10:10:29,INDF,RG,6325,100,D,YP,PD,D
10:10:29,INDF,RG,6325,1,D,NI,PD,D
10:10:29,INDF,RG,6325,1,D,NI,PD,D
10:10:29,INDF,RG,6325,1,D,PD,PD,D
10:10:29,INDF,RG,6325,62,F,AK,PD,D
10:10:29,INDF,RG,6325,104,F,DX,PD,D
10:10:29,INDF,RG,6325,200,D,YP,PD,D
10:10:29,INDF,RG,6325,5,D,YP,PD,D
10:10:29,INDF,RG,6325,1,D,XC,PD,D
10:10:29,INDF,RG,6325,30,D,KK,PD,D
10:10:29,INDF,RG,6325,6,D,XC,PD,D
10:10:29,INDF,RG,6325,1,D,PD,PD,D
10:10:29,INDF,RG,6325,50,D,SQ,PD,D
10:10:29,INDF,RG,6325,2,D,XC,PD,D
10:10:29,INDF,RG,6325,57,F,DX,PD,D
10:10:19,INDF,RG,6350,13,F,DX,KZ,F
10:10:16,INDF,RG,6350,5,D,XC,KZ,F
10:10:15,INDF,RG,6350,13,F,DX,KZ,F
10:10:10,INDF,RG,6350,10,D,GR,KZ,F
10:09:56,INDF,RG,6350,8,F,DX,KZ,F
10:09:54,INDF,RG,6350,5,D,CC,KZ,F
10:09:45,INDF,RG,6350,15,F,AK,KZ,F
10:09:45,INDF,RG,6350,19,F,AK,CC,F
10:09:11,INDF,RG,6350,3,D,PD,CC,F
10:08:56,INDF,RG,6350,5,F,ZP,CC,F
10:08:43,INDF,RG,6350,2,D,PD,CC,F
10:08:00,INDF,RG,6350,55,F,AK,CC,F
10:07:57,INDF,RG,6350,1,F,ZP,CC,F
10:07:19,INDF,RG,6350,1,F,ZP,CC,F
10:07:11,INDF,RG,6350,1,F,ZP,CC,F
10:07:11,INDF,RG,6350,1,F,ZP,BK,F
10:07:06,INDF,RG,6350,3,D,XC,BK,F
10:06:58,INDF,RG,6350,1,D,OD,BK,F
10:06:30,INDF,RG,6350,4,F,AK,BK,F
10:06:30,INDF,RG,6350,1,F,AK,PD,D
10:06:30,INDF,RG,6350,16,F,AK,KZ,F
10:06:30,INDF,RG,6350,2,F,AK,YP,D
10:06:30,INDF,RG,6350,16,F,AK,AK,F
10:06:30,INDF,RG,6350,5,F,AK,AK,F
10:06:30,INDF,RG,6350,8,F,AK,YU,D
10:06:30,INDF,RG,6350,8,F,AK,KZ,F
10:06:01,INDF,RG,6350,1,D,XL,KZ,F
10:05:30,INDF,RG,6350,2,D,CC,KZ,F
10:05:30,INDF,RG,6350,4,F,AK,KZ,F
10:05:30,INDF,RG,6350,34,F,AK,AK,F
10:04:51,INDF,RG,6350,1,D,LG,AK,F
10:04:45,INDF,RG,6325,1,F,DX,XL,D
10:04:15,INDF,RG,6350,58,F,AK,AK,F
10:04:02,INDF,RG,6350,1,D,CC,AK,F
10:04:02,INDF,RG,6350,2,D,CC,AK,F
10:03:47,INDF,RG,6325,2,F,DX,XC,D
10:03:30,INDF,RG,6350,5,D,PD,AK,F
10:03:30,INDF,RG,6350,5,D,PD,KZ,F
10:03:04,INDF,RG,6350,1,D,XL,KZ,F
10:02:44,INDF,RG,6350,1,D,YP,KZ,F
10:02:34,INDF,RG,6350,1,D,PD,KZ,F
10:02:17,INDF,RG,6350,10,D,XL,KZ,F
10:02:15,INDF,RG,6350,43,F,AK,KZ,F
10:01:30,INDF,RG,6350,1,D,NI,KZ,F
10:00:01,INDF,RG,6350,4,F,ZP,KZ,F
10:00:00,INDF,RG,6325,57,F,DX,GR,D
10:00:00,INDF,RG,6325,1,D,YP,GR,D
10:00:00,INDF,RG,6325,300,D,KK,GR,D
10:00:00,INDF,RG,6325,1,D,OD,GR,D
10:00:00,INDF,RG,6325,5,D,PD,GR,D
10:00:00,INDF,RG,6325,10,D,YP,GR,D
10:00:00,INDF,RG,6325,10,D,XL,GR,D
10:00:00,INDF,RG,6325,81,F,DX,GR,D
10:00:00,INDF,RG,6325,160,F,DX,GR,D
10:00:00,INDF,RG,6325,232,F,AK,GR,D
10:00:00,INDF,RG,6350,66,F,AK,KZ,F
9:59:50,INDF,RG,6350,1,F,ZP,KZ,F
9:59:30,INDF,RG,6350,26,F,AK,KZ,F
9:59:30,INDF,RG,6350,9,F,AK,BK,F
9:59:30,INDF,RG,6350,15,F,AK,KZ,F
9:59:13,INDF,RG,6350,3,D,CC,KZ,F
9:58:54,INDF,RG,6350,2,D,XC,KZ,F
9:58:05,INDF,RG,6350,20,D,GR,KZ,F
9:57:35,INDF,RG,6350,2,D,NI,KZ,F
9:57:01,INDF,RG,6350,2,D,LS,KZ,F
9:56:32,INDF,RG,6350,16,D,XL,KZ,F
9:54:22,INDF,RG,6325,28,F,AK,XL,D
9:53:01,INDF,RG,6350,5,D,PD,KZ,F
9:52:46,INDF,RG,6325,2,F,AK,XC,D
9:52:42,INDF,RG,6325,5,F,AK,YP,D
9:51:51,INDF,RG,6325,1,F,AK,XC,D
9:51:31,INDF,RG,6350,3,F,ZP,KZ,F
9:51:31,INDF,RG,6350,5,F,CC,KZ,F
9:51:31,INDF,RG,6350,2,F,ZP,KZ,F
9:51:31,INDF,RG,6350,37,F,DX,KZ,F
9:51:29,INDF,RG,6350,9,F,DX,DX,F
9:51:26,INDF,RG,6350,1,F,AK,KZ,F
9:51:26,INDF,RG,6350,8,F,AK,KZ,F
9:51:21,INDF,RG,6350,28,F,AK,KZ,F
9:51:21,INDF,RG,6350,1,F,AK,KZ,F
9:51:21,INDF,RG,6350,3,D,AZ,KZ,F
9:51:18,INDF,RG,6325,48,F,AK,GR,D
9:51:18,INDF,RG,6325,300,D,YB,GR,D
9:51:18,INDF,RG,6325,1,D,XL,GR,D
9:51:18,INDF,RG,6325,1,F,ZP,GR,D
9:51:18,INDF,RG,6325,1,D,KK,GR,D
9:51:18,INDF,RG,6325,62,F,DX,GR,D
9:51:17,INDF,RG,6350,44,F,DX,GR,D
9:51:17,INDF,RG,6350,5,F,CC,GR,D
9:51:17,INDF,RG,6350,10,D,CC,GR,D
9:51:17,INDF,RG,6350,1,D,PD,GR,D
9:51:17,INDF,RG,6350,4,D,DH,GR,D
9:51:17,INDF,RG,6350,6,F,ZP,GR,D
9:51:17,INDF,RG,6350,1,D,PD,GR,D
9:51:17,INDF,RG,6350,43,F,DX,GR,D
9:51:17,INDF,RG,6350,42,F,AK,GR,D
9:51:17,INDF,RG,6350,94,F,AK,GR,D
9:51:17,INDF,RG,6350,68,F,AK,GR,D
9:51:17,INDF,RG,6350,17,F,AK,GR,D
9:51:17,INDF,RG,6350,52,F,AK,GR,D
9:51:17,INDF,RG,6350,1,F,ZP,GR,D
9:51:17,INDF,RG,6350,44,F,DX,GR,D
9:51:17,INDF,RG,6350,12,F,ZP,GR,D
9:50:45,INDF,RG,6375,36,F,AK,YP,D
9:50:45,INDF,RG,6375,20,F,AK,PD,D
9:50:45,INDF,RG,6375,37,F,AK,AK,F
9:50:45,INDF,RG,6375,13,F,AK,AK,F
9:50:29,INDF,RG,6350,19,F,ZP,PD,D
9:50:29,INDF,RG,6350,1,F,ZP,PD,D
9:49:46,INDF,RG,6350,5,F,CC,SQ,D
9:48:22,INDF,RG,6350,10,F,DX,BK,F
9:48:22,INDF,RG,6350,2,F,DX,YP,D
9:48:21,INDF,RG,6350,3,D,YP,YP,D
9:48:21,INDF,RG,6350,2,D,YP,OD,D
9:48:20,INDF,RG,6350,8,F,DX,OD,D
9:48:20,INDF,RG,6350,1,F,DX,AK,F
9:48:19,INDF,RG,6350,1,D,PD,AK,F
9:48:18,INDF,RG,6350,1,D,DH,AK,F
9:48:18,INDF,RG,6350,10,D,YP,AK,F
9:48:17,INDF,RG,6350,2,D,YP,AK,F
9:48:12,INDF,RG,6350,1,D,XL,AK,F
9:48:02,INDF,RG,6325,5,F,DX,DR,D
9:47:59,INDF,RG,6350,1,F,DX,DH,D
9:47:59,INDF,RG,6350,11,F,DX,KZ,F
9:47:27,INDF,RG,6350,9,F,DX,KZ,F
9:47:25,INDF,RG,6325,1,F,DX,AK,F
9:47:24,INDF,RG,6350,25,D,YP,KZ,F
9:47:23,INDF,RG,6325,20,F,DX,AK,F
9:47:18,INDF,RG,6350,2,F,DX,KZ,F
9:47:18,INDF,RG,6350,1,F,DX,XC,D
9:47:18,INDF,RG,6350,2,F,DX,KZ,F
9:47:18,INDF,RG,6350,9,F,DX,BK,F
9:47:15,INDF,RG,6350,1,F,DX,BK,F
9:47:15,INDF,RG,6350,1,F,DX,PD,D
9:47:15,INDF,RG,6350,12,F,DX,KZ,F
9:47:13,INDF,RG,6350,12,F,DX,KZ,F
9:47:10,INDF,RG,6350,16,F,DX,KZ,F
9:47:07,INDF,RG,6350,25,F,DX,KZ,F
9:47:04,INDF,RG,6350,37,F,DX,KZ,F
9:47:01,INDF,RG,6350,44,F,AK,KZ,F
9:47:01,INDF,RG,6350,12,F,DX,KZ,F
9:47:00,INDF,RG,6350,100,D,GR,KZ,F
9:46:52,INDF,RG,6350,3,D,XC,KZ,F
9:46:38,INDF,RG,6350,2,D,PD,KZ,F
9:44:53,INDF,RG,6350,1,D,YP,KZ,F
9:44:47,INDF,RG,6325,7,F,DX,YU,D
9:44:38,INDF,RG,6350,2,D,PD,KZ,F
9:44:21,INDF,RG,6350,10,F,ZP,KZ,F
9:44:20,INDF,RG,6350,120,F,AK,KZ,F
9:44:20,INDF,RG,6350,2,F,AK,XL,D
9:44:20,INDF,RG,6350,11,F,AK,CC,D
9:44:20,INDF,RG,6350,25,F,AK,CC,D
9:44:20,INDF,RG,6350,2,F,AK,AT,D
9:44:20,INDF,RG,6350,25,F,AK,EP,D
9:44:20,INDF,RG,6350,1,F,AK,XC,D
9:44:20,INDF,RG,6350,10,F,AK,BK,F
9:44:20,INDF,RG,6350,16,F,AK,AK,F
9:44:20,INDF,RG,6350,1,F,AK,LG,D
9:44:20,INDF,RG,6350,86,F,AK,KZ,F
9:44:19,INDF,RG,6325,138,F,YU,PD,D
9:44:19,INDF,RG,6325,10,D,PD,PD,D
9:44:19,INDF,RG,6325,5,D,YP,PD,D
9:44:19,INDF,RG,6325,1,D,LG,PD,D
9:44:19,INDF,RG,6325,99,F,DX,PD,D
9:44:19,INDF,RG,6325,100,D,YP,PD,D
9:44:19,INDF,RG,6325,10,D,SQ,PD,D
9:44:19,INDF,RG,6325,57,F,AK,PD,D
9:44:19,INDF,RG,6325,54,F,AK,PD,D
9:44:19,INDF,RG,6325,97,F,DX,PD,D
9:44:19,INDF,RG,6325,171,F,AK,PD,D
9:44:15,INDF,RG,6350,5,D,YP,KZ,F
9:43:49,INDF,RG,6325,2,F,AK,XC,D
9:43:30,INDF,RG,6350,2,D,NI,KZ,F
9:42:25,INDF,RG,6350,1,D,XC,KZ,F
9:41:56,INDF,RG,6350,5,D,YP,KZ,F
9:41:50,INDF,RG,6325,1,F,AK,YP,D
9:41:10,INDF,RG,6325,42,F,AK,PD,D
9:41:10,INDF,RG,6325,10,D,PD,PD,D
9:41:10,INDF,RG,6325,1,F,ZP,PD,D
9:41:10,INDF,RG,6325,5,D,PD,PD,D
9:41:10,INDF,RG,6325,10,D,YB,PD,D
9:41:10,INDF,RG,6325,50,D,DH,PD,D
9:41:10,INDF,RG,6325,78,F,DX,PD,D
9:41:10,INDF,RG,6325,2,D,XC,PD,D
9:41:10,INDF,RG,6325,1,D,PD,PD,D
9:41:10,INDF,RG,6325,1,D,PD,PD,D
9:41:10,INDF,RG,6325,150,D,YP,PD,D
9:41:10,INDF,RG,6325,5,D,PD,PD,D
9:41:10,INDF,RG,6325,11,D,XC,PD,D
9:41:10,INDF,RG,6325,1,D,YP,PD,D
9:41:10,INDF,RG,6325,71,F,DX,PD,D
9:41:10,INDF,RG,6325,1,D,PD,PD,D
9:41:10,INDF,RG,6325,37,D,DH,PD,D
9:41:10,INDF,RG,6325,1,D,LS,PD,D
9:41:10,INDF,RG,6325,53,F,AK,PD,D
9:41:10,INDF,RG,6325,5,D,PD,PD,D
9:41:10,INDF,RG,6325,3,F,ZP,PD,D
9:41:10,INDF,RG,6325,5,D,CC,PD,D
9:41:10,INDF,RG,6325,1,D,XC,PD,D
9:41:10,INDF,RG,6325,3,F,ZP,PD,D
9:41:10,INDF,RG,6325,16,F,AK,PD,D
9:41:10,INDF,RG,6325,4,F,AK,PD,D
9:41:10,INDF,RG,6325,5,D,YP,PD,D
9:41:10,INDF,RG,6325,1,F,ZP,PD,D
9:41:10,INDF,RG,6325,2,D,PD,PD,D
9:41:10,INDF,RG,6325,1,D,CC,PD,D
9:41:10,INDF,RG,6325,47,F,AK,PD,D
9:41:10,INDF,RG,6325,1,F,ZP,PD,D
9:41:10,INDF,RG,6325,97,F,DX,PD,D
9:41:10,INDF,RG,6325,21,D,YP,PD,D
9:39:25,INDF,RG,6350,1,D,PD,KZ,F
9:38:21,INDF,RG,6350,1,D,XC,KZ,F
9:38:17,INDF,RG,6350,23,F,ZP,KZ,F
9:38:16,INDF,RG,6350,30,D,PD,KZ,F
9:36:44,INDF,RG,6350,1,D,XC,KZ,F
9:36:41,INDF,RG,6350,3,F,ZP,KZ,F
9:36:20,INDF,RG,6350,15,D,SQ,KZ,F
9:36:00,INDF,RG,6350,2,D,NI,KZ,F
9:35:50,INDF,RG,6350,4,F,ZP,KZ,F
9:35:50,INDF,RG,6325,1,D,YP,XC,D
9:34:50,INDF,RG,6325,1,D,YP,YP,D
9:34:18,INDF,RG,6350,3,D,PD,KZ,F
9:33:17,INDF,RG,6325,77,D,YP,PD,D
9:33:17,INDF,RG,6325,129,F,DX,PD,D
9:33:17,INDF,RG,6325,10,D,PD,PD,D
9:33:17,INDF,RG,6325,20,D,CP,PD,D
9:33:17,INDF,RG,6325,500,D,PD,PD,D
9:33:17,INDF,RG,6325,1,D,PD,PD,D
9:33:17,INDF,RG,6325,5,D,YP,PD,D
9:32:57,INDF,RG,6325,1,D,YP,YP,D
9:32:51,INDF,RG,6325,19,D,YP,GR,D
9:32:51,INDF,RG,6325,9,D,XL,GR,D
9:32:51,INDF,RG,6325,1,D,PD,GR,D
9:32:51,INDF,RG,6325,10,D,CC,GR,D
9:32:51,INDF,RG,6325,40,D,KK,GR,D
9:32:51,INDF,RG,6325,2,D,PD,GR,D
9:32:51,INDF,RG,6325,1,D,SQ,GR,D
9:32:51,INDF,RG,6325,125,D,CC,GR,D
9:32:51,INDF,RG,6325,1,D,SQ,GR,D
9:32:51,INDF,RG,6325,3,D,PD,GR,D
9:32:51,INDF,RG,6325,10,D,XL,GR,D
9:32:51,INDF,RG,6325,1,D,PD,GR,D
9:32:51,INDF,RG,6325,1,F,ZP,GR,D
9:32:51,INDF,RG,6325,100,D,XA,GR,D
9:32:51,INDF,RG,6325,1,D,YP,GR,D
9:32:51,INDF,RG,6325,1,D,XC,GR,D
9:32:51,INDF,RG,6325,2,D,KK,GR,D
9:32:51,INDF,RG,6325,1,D,PD,GR,D
9:32:51,INDF,RG,6325,50,D,PD,GR,D
9:32:51,INDF,RG,6325,1,D,XC,GR,D
9:32:51,INDF,RG,6325,10,D,DH,GR,D
9:32:51,INDF,RG,6325,2,D,KK,GR,D
9:32:51,INDF,RG,6325,1,D,KK,GR,D
9:32:51,INDF,RG,6325,20,D,YP,GR,D
9:32:51,INDF,RG,6325,20,D,PD,GR,D
9:32:51,INDF,RG,6325,100,D,YP,GR,D
9:32:51,INDF,RG,6325,232,F,AK,GR,D
9:32:51,INDF,RG,6325,15,D,LG,GR,D
9:32:51,INDF,RG,6325,78,F,DX,GR,D
9:32:04,INDF,RG,6350,2,D,DH,KZ,F
9:31:40,INDF,RG,6350,64,D,NI,KZ,F
9:31:37,INDF,RG,6350,5,D,YP,KZ,F
9:31:35,INDF,RG,6350,17,F,AK,KZ,F
9:31:24,INDF,RG,6350,1,D,NI,KZ,F
9:31:06,INDF,RG,6325,1,F,DX,XC,D
9:31:05,INDF,RG,6350,1,D,KK,KZ,F
9:30:04,INDF,RG,6350,1,F,ZP,KZ,F
9:29:55,INDF,RG,6350,2,D,PD,KZ,F
9:29:28,INDF,RG,6350,83,D,DR,KZ,F
9:28:29,INDF,RG,6350,2,D,XC,KZ,F
9:28:20,INDF,RG,6350,1,D,PD,KZ,F
9:28:17,INDF,RG,6350,8,D,XL,KZ,F
9:26:38,INDF,RG,6350,1,D,XC,KZ,F
9:26:38,INDF,RG,6350,2,D,XC,YP,D
9:25:39,INDF,RG,6375,3,D,XL,CC,F
9:25:32,INDF,RG,6375,1,D,YP,CC,F
9:25:03,INDF,RG,6325,2,F,DX,XC,D
9:24:50,INDF,RG,6325,4,F,DX,XC,D
9:22:49,INDF,RG,6375,39,F,AK,CC,F
9:22:49,INDF,RG,6375,20,F,AK,YP,D
9:22:49,INDF,RG,6375,11,F,AK,BK,F
9:22:49,INDF,RG,6375,32,F,AK,BK,F
9:22:49,INDF,RG,6375,45,F,AK,YP,D
9:22:47,INDF,RG,6325,6,F,DX,BK,F
9:22:47,INDF,RG,6325,54,D,YP,BK,F
9:22:42,INDF,RG,6325,446,D,YP,GR,D
9:22:42,INDF,RG,6325,79,F,DX,GR,D
9:22:42,INDF,RG,6325,5,D,NI,GR,D
9:22:42,INDF,RG,6325,50,D,GR,GR,D
9:22:42,INDF,RG,6325,1,D,LS,GR,D
9:22:42,INDF,RG,6325,100,D,CP,GR,D
9:22:42,INDF,RG,6325,5,D,DH,GR,D
9:22:42,INDF,RG,6325,164,F,DX,GR,D
9:22:42,INDF,RG,6350,1,F,ZP,GR,D
9:22:41,INDF,RG,6325,1,F,DX,GR,D
9:22:41,INDF,RG,6350,2,D,AT,GR,D
9:22:40,INDF,RG,6350,1,D,CC,GR,D
9:22:40,INDF,RG,6350,2,F,ZP,GR,D
9:22:37,INDF,RG,6350,4,F,CC,PD,D
9:21:51,INDF,RG,6350,10,F,CC,DX,F
9:21:44,INDF,RG,6350,1,F,CC,PD,D
9:21:32,INDF,RG,6375,10,D,YB,YP,D
9:21:24,INDF,RG,6375,140,F,AK,YP,D
9:21:24,INDF,RG,6325,275,F,DX,PD,D
9:21:24,INDF,RG,6325,3,D,XC,PD,D
9:21:24,INDF,RG,6325,1,D,PD,PD,D
9:21:24,INDF,RG,6325,5,D,YP,PD,D
9:21:24,INDF,RG,6325,9,D,YP,PD,D
9:21:24,INDF,RG,6350,2,D,XC,PD,D
9:21:24,INDF,RG,6350,180,F,AK,PD,D
9:21:24,INDF,RG,6350,1,D,YP,PD,D
9:21:24,INDF,RG,6350,2,F,ZP,PD,D
9:21:24,INDF,RG,6350,4,D,CC,PD,D
9:21:24,INDF,RG,6350,3,F,ZP,PD,D
9:21:24,INDF,RG,6350,3,D,PD,PD,D
9:21:24,INDF,RG,6350,2,F,ZP,PD,D
9:21:24,INDF,RG,6350,31,F,AK,PD,D
9:21:24,INDF,RG,6350,48,F,AK,PD,D
9:21:24,INDF,RG,6350,1,D,SQ,PD,D
9:21:24,INDF,RG,6350,172,F,DX,PD,D
9:21:21,INDF,RG,6375,5,D,YB,YP,D
9:20:48,INDF,RG,6350,35,F,DX,YP,D
9:20:13,INDF,RG,6350,10,F,CC,PD,D
9:19:40,INDF,RG,6400,1,D,PD,NI,D
9:19:21,INDF,RG,6350,1,F,CC,XC,D
9:19:21,INDF,RG,6350,2,F,ZP,XC,D
9:19:18,INDF,RG,6375,16,F,DX,CC,F
9:19:15,INDF,RG,6375,28,F,DX,CC,F
9:19:13,INDF,RG,6375,14,F,DX,CC,F
9:19:09,INDF,RG,6375,11,F,DX,CC,F
9:19:06,INDF,RG,6375,26,F,DX,CC,F
9:19:04,INDF,RG,6375,16,F,DX,CC,F
9:19:04,INDF,RG,6375,11,F,DX,AK,F
9:19:01,INDF,RG,6375,3,F,DX,AK,F
9:19:01,INDF,RG,6375,13,F,DX,KZ,F
9:18:59,INDF,RG,6375,13,F,DX,KZ,F
9:18:56,INDF,RG,6375,23,F,DX,KZ,F
9:18:56,INDF,RG,6375,5,F,DX,PD,D
9:18:56,INDF,RG,6375,10,F,DX,CC,D
9:18:56,INDF,RG,6375,10,F,DX,PD,D
9:18:56,INDF,RG,6375,1,F,DX,XC,D
9:18:56,INDF,RG,6375,10,F,DX,EP,D
9:18:56,INDF,RG,6375,7,F,DX,KZ,F
9:18:53,INDF,RG,6375,10,F,DX,KZ,F
9:18:53,INDF,RG,6375,7,F,DX,AT,D
9:18:53,INDF,RG,6375,18,F,AK,AT,D
9:18:53,INDF,RG,6375,1,F,AK,YP,D
9:18:53,INDF,RG,6375,54,F,AK,PD,D
9:18:53,INDF,RG,6375,36,F,AK,AK,F
9:18:53,INDF,RG,6375,50,F,AK,KZ,F
9:18:52,INDF,RG,6325,91,D,YP,GR,D
9:18:52,INDF,RG,6325,300,D,YP,GR,D
9:18:52,INDF,RG,6325,15,D,YP,GR,D
9:18:52,INDF,RG,6325,100,D,YP,GR,D
9:18:52,INDF,RG,6325,5,D,SQ,GR,D
9:18:52,INDF,RG,6325,30,D,KK,GR,D
9:18:52,INDF,RG,6325,5,D,PD,GR,D
9:18:52,INDF,RG,6325,40,D,YP,GR,D
9:18:52,INDF,RG,6325,219,D,YP,GR,D
9:18:51,INDF,RG,6325,1,D,YP,GR,D
9:18:50,INDF,RG,6325,50,D,YP,GR,D
9:18:50,INDF,RG,6350,1,D,CC,GR,D
9:18:49,INDF,RG,6375,15,F,DX,KZ,F
9:18:31,INDF,RG,6350,2,F,CC,KZ,F
9:18:31,INDF,RG,6350,9,F,CC,KZ,F
9:18:31,INDF,RG,6350,1,F,CC,KZ,F
9:18:31,INDF,RG,6350,2,F,AK,KZ,F
9:18:30,INDF,RG,6375,45,F,DX,KZ,F
9:18:26,INDF,RG,6375,20,F,AK,KZ,F
9:18:26,INDF,RG,6375,10,F,AK,BK,F
9:18:26,INDF,RG,6375,1,F,AK,KZ,F
9:18:26,INDF,RG,6375,12,F,AK,KZ,F
9:18:26,INDF,RG,6375,59,F,AK,YP,D
9:18:24,INDF,RG,6325,211,D,YP,PD,D
9:18:24,INDF,RG,6350,67,F,DX,PD,D
9:18:24,INDF,RG,6350,100,D,GR,PD,D
9:18:24,INDF,RG,6350,2,D,CC,PD,D
9:18:24,INDF,RG,6350,1,D,PD,PD,D
9:18:24,INDF,RG,6350,160,F,AK,PD,D
9:18:24,INDF,RG,6350,3,F,ZP,PD,D
9:18:24,INDF,RG,6350,12,F,CC,PD,D
9:18:24,INDF,RG,6350,3,F,ZP,PD,D
9:18:24,INDF,RG,6350,1,D,SQ,PD,D
9:18:24,INDF,RG,6350,1,D,KK,PD,D
9:18:24,INDF,RG,6350,3,F,ZP,PD,D
9:18:24,INDF,RG,6350,1,D,PD,PD,D
9:18:24,INDF,RG,6350,1,D,XC,PD,D
9:18:24,INDF,RG,6350,1,D,EP,PD,D
9:18:24,INDF,RG,6350,78,F,AK,PD,D
9:18:24,INDF,RG,6350,2,F,ZP,PD,D
9:18:24,INDF,RG,6350,95,F,DX,PD,D
9:18:01,INDF,RG,6350,2,F,DX,PD,D
9:17:17,INDF,RG,6375,14,F,DX,YP,D
9:17:16,INDF,RG,6350,50,F,DX,NI,D
9:16:46,INDF,RG,6350,2,F,DX,YP,D
9:15:18,INDF,RG,6375,2,F,DX,YP,D
9:15:18,INDF,RG,6375,3,F,DX,KZ,F
9:15:18,INDF,RG,6375,3,F,DX,AK,F
9:15:16,INDF,RG,6375,22,F,DX,AK,F
9:15:16,INDF,RG,6375,11,F,DX,AK,F
9:15:16,INDF,RG,6375,14,F,DX,KZ,F
9:15:15,INDF,RG,6375,168,F,AK,KZ,F
9:15:13,INDF,RG,6375,14,F,DX,KZ,F
9:15:09,INDF,RG,6375,11,F,DX,KZ,F
9:15:07,INDF,RG,6375,12,F,DX,KZ,F
9:15:05,INDF,RG,6375,23,F,DX,KZ,F
9:15:04,INDF,RG,6375,24,F,DX,KZ,F
9:15:04,INDF,RG,6375,2,F,DX,XL,D
9:15:04,INDF,RG,6375,3,F,DX,XC,D
9:15:04,INDF,RG,6375,2,F,DX,BK,F
9:15:03,INDF,RG,6375,8,F,AK,BK,F
9:15:03,INDF,RG,6375,5,F,AK,DH,D
9:15:03,INDF,RG,6375,56,F,AK,EP,D
9:15:02,INDF,RG,6325,387,D,YP,GR,D
9:15:01,INDF,RG,6375,44,F,AK,EP,D
9:15:01,INDF,RG,6375,5,F,AK,PD,D
9:15:01,INDF,RG,6375,28,F,AK,XC,D
9:15:01,INDF,RG,6375,1,F,AK,PD,D
9:15:01,INDF,RG,6375,1,F,AK,PD,D
9:15:01,INDF,RG,6325,132,D,YP,GR,D
9:15:01,INDF,RG,6325,100,D,PD,GR,D
9:15:01,INDF,RG,6325,2,D,KK,GR,D
9:15:01,INDF,RG,6325,1,D,XC,GR,D
9:15:00,INDF,RG,6350,5,F,ZP,GR,D
9:15:00,INDF,RG,6350,1,D,YP,GR,D
9:15:00,INDF,RG,6350,39,D,YP,GR,D
9:15:00,INDF,RG,6350,2,D,CC,GR,D
9:15:00,INDF,RG,6350,1,D,XC,GR,D
9:15:00,INDF,RG,6350,10,D,CC,GR,D
9:15:00,INDF,RG,6350,3,F,ZP,GR,D
9:15:00,INDF,RG,6350,2,D,XL,GR,D
9:15:00,INDF,RG,6350,101,F,DX,GR,D
9:15:00,INDF,RG,6350,2,F,ZP,GR,D
9:15:00,INDF,RG,6350,11,D,YP,GR,D
9:15:00,INDF,RG,6350,5,D,NI,GR,D
9:15:00,INDF,RG,6350,2,F,ZP,GR,D
9:15:00,INDF,RG,6350,5,D,XC,GR,D
9:15:00,INDF,RG,6350,31,F,AK,GR,D
9:15:00,INDF,RG,6350,5,D,YP,GR,D
9:15:00,INDF,RG,6350,5,D,XL,GR,D
9:15:00,INDF,RG,6350,4,D,PD,GR,D
9:15:00,INDF,RG,6350,1,F,ZP,GR,D
9:14:31,INDF,RG,6350,2,F,ZP,XC,D
9:14:31,INDF,RG,6350,8,D,CC,XC,D
9:14:02,INDF,RG,6350,2,D,CC,YP,D
9:13:33,INDF,RG,6375,9,D,YP,PD,D
9:13:33,INDF,RG,6375,1,D,YP,AK,F
9:13:33,INDF,RG,6375,1,D,YP,YP,D
9:13:06,INDF,RG,6350,1,F,DX,KK,D
9:12:22,INDF,RG,6350,6,F,DX,XC,D
9:11:51,INDF,RG,6350,7,F,DX,KZ,F
9:11:48,INDF,RG,6350,1,F,DX,PD,D
9:11:46,INDF,RG,6350,6,F,DX,KZ,F
9:11:45,INDF,RG,6350,20,F,DX,PD,D
9:11:45,INDF,RG,6350,25,F,DX,PD,D
9:11:45,INDF,RG,6350,32,F,CC,PD,D
9:11:45,INDF,RG,6350,2,F,AK,PD,D
9:11:45,INDF,RG,6350,18,F,ZP,PD,D
9:11:45,INDF,RG,6350,89,F,AK,PD,D
9:11:45,INDF,RG,6350,40,D,SQ,PD,D
9:11:45,INDF,RG,6350,61,F,DX,PD,D
9:11:45,INDF,RG,6350,36,F,AK,PD,D
9:11:45,INDF,RG,6350,50,D,YP,PD,D
9:11:45,INDF,RG,6350,1,D,YP,PD,D
9:11:45,INDF,RG,6350,10,D,YP,PD,D
9:11:45,INDF,RG,6350,55,F,DX,PD,D
9:11:45,INDF,RG,6350,2,D,KK,PD,D
9:11:45,INDF,RG,6350,299,F,AK,PD,D
9:11:45,INDF,RG,6350,7,D,PD,PD,D
9:11:45,INDF,RG,6350,1,D,PD,PD,D
9:11:45,INDF,RG,6350,10,D,YB,PD,D
9:11:45,INDF,RG,6350,1,F,ZP,PD,D
9:11:45,INDF,RG,6350,3,D,PD,PD,D
9:11:28,INDF,RG,6375,1,D,PD,KZ,F
9:10:59,INDF,RG,6375,8,D,YP,KZ,F
9:10:47,INDF,RG,6375,14,F,AK,KZ,F
9:10:47,INDF,RG,6375,20,F,AK,AK,F
9:10:46,INDF,RG,6350,1,D,PD,PD,D
9:10:46,INDF,RG,6350,1,D,XL,PD,D
9:10:46,INDF,RG,6350,1,F,ZP,PD,D
9:10:46,INDF,RG,6350,1,F,ZP,PD,D
9:10:46,INDF,RG,6350,1,F,ZP,PD,D
9:10:46,INDF,RG,6350,1,F,ZP,PD,D
9:10:46,INDF,RG,6350,9,F,DX,PD,D
9:10:45,INDF,RG,6350,89,F,DX,PD,D
9:10:45,INDF,RG,6350,23,F,AK,PD,D
9:10:45,INDF,RG,6350,21,F,AK,PD,D
9:10:45,INDF,RG,6350,1,D,KK,PD,D
9:10:45,INDF,RG,6350,50,D,YP,PD,D
9:10:45,INDF,RG,6350,40,F,DX,PD,D
9:10:45,INDF,RG,6350,150,D,YP,PD,D
9:10:45,INDF,RG,6350,46,F,DX,PD,D
9:10:45,INDF,RG,6350,50,D,CC,PD,D
9:10:45,INDF,RG,6350,47,F,AK,PD,D
9:10:45,INDF,RG,6350,5,D,NI,PD,D
9:10:45,INDF,RG,6350,46,F,DX,PD,D
9:10:45,INDF,RG,6350,1,D,YP,PD,D
9:10:45,INDF,RG,6350,5,D,YP,PD,D
9:10:45,INDF,RG,6350,50,D,YP,PD,D
9:10:45,INDF,RG,6350,1,F,NI,PD,D
9:10:45,INDF,RG,6350,1,D,YP,PD,D
9:10:45,INDF,RG,6350,1,D,YP,PD,D
9:10:45,INDF,RG,6350,2,D,PD,PD,D
9:10:45,INDF,RG,6350,2,D,CC,PD,D
9:10:45,INDF,RG,6350,2,D,XL,PD,D
9:10:45,INDF,RG,6350,3,D,EP,PD,D
9:10:45,INDF,RG,6350,100,D,PD,PD,D
9:10:45,INDF,RG,6350,1,D,TP,PD,D
9:10:45,INDF,RG,6350,5,D,XC,PD,D
9:10:33,INDF,RG,6375,17,D,SQ,AK,F
9:10:33,INDF,RG,6375,15,D,SQ,BK,F
9:10:33,INDF,RG,6375,18,D,SQ,KZ,F
9:10:30,INDF,RG,6375,1,D,YP,KZ,F
9:10:19,INDF,RG,6375,1,F,ZP,KZ,F
9:10:17,INDF,RG,6375,5,D,YP,KZ,F
9:10:17,INDF,RG,6375,10,D,YP,HP,D
9:08:41,INDF,RG,6375,18,F,AK,HP,D
9:08:39,INDF,RG,6375,25,D,SQ,HP,D
9:08:29,INDF,RG,6375,25,D,SQ,HP,D
9:08:23,INDF,RG,6375,31,D,YP,HP,D
9:07:29,INDF,RG,6375,1,D,NI,HP,D
9:07:11,INDF,RG,6375,5,D,YB,HP,D
9:05:52,INDF,RG,6375,1,D,XC,HP,D
9:05:49,INDF,RG,6375,5,D,PD,HP,D
9:05:08,INDF,RG,6375,10,D,YP,HP,D
9:04:55,INDF,RG,6375,3,F,AK,HP,D
9:04:55,INDF,RG,6375,4,F,AK,HP,D
9:04:55,INDF,RG,6375,19,F,ZP,HP,D
9:04:55,INDF,RG,6375,1,F,ZP,HP,D
9:04:55,INDF,RG,6375,1,F,AK,HP,D
9:04:55,INDF,RG,6375,20,F,DX,HP,D
9:04:55,INDF,RG,6375,11,F,DX,HP,D
9:04:53,INDF,RG,6400,19,F,AK,CC,F
9:04:52,INDF,RG,6375,31,F,DX,CC,D
9:04:52,INDF,RG,6375,7,F,AK,CC,D
9:04:52,INDF,RG,6375,1,F,ZP,CC,D
9:04:52,INDF,RG,6375,1,F,ZP,CC,D
9:04:52,INDF,RG,6375,2,F,ZP,CC,D
9:04:52,INDF,RG,6375,29,F,DX,CC,D
9:04:52,INDF,RG,6375,2,F,ZP,CC,D
9:04:52,INDF,RG,6375,17,F,CC,CC,D
9:04:52,INDF,RG,6375,35,F,DX,CC,D
9:04:51,INDF,RG,6375,1,F,AK,KK,D
9:04:51,INDF,RG,6375,26,F,DX,KK,D
9:04:51,INDF,RG,6375,41,F,DX,KK,D
9:04:51,INDF,RG,6375,15,F,AK,KK,D
9:04:51,INDF,RG,6375,1,D,YP,KK,D
9:04:51,INDF,RG,6375,1,D,EP,KK,D
9:04:51,INDF,RG,6375,15,D,PD,KK,D
9:04:36,INDF,RG,6375,3,D,PD,PD,D
9:04:34,INDF,RG,6375,1,D,PD,YP,D
9:04:18,INDF,RG,6400,10,F,DX,CC,F
9:04:14,INDF,RG,6400,8,F,DX,CC,F
9:04:06,INDF,RG,6375,1,D,PD,NI,D
9:03:53,INDF,RG,6400,1,D,PD,CC,F
9:03:41,INDF,RG,6400,13,F,DX,CC,F
9:03:40,INDF,RG,6400,12,F,DX,CC,F
9:03:38,INDF,RG,6400,7,F,AK,CC,F
9:03:38,INDF,RG,6400,1,F,AK,KZ,F
9:03:37,INDF,RG,6375,15,D,PD,GR,D
9:03:20,INDF,RG,6375,15,D,PD,XC,D
9:03:18,INDF,RG,6375,2,D,PD,YP,D
9:02:49,INDF,RG,6375,15,D,PD,XL,D
9:01:41,INDF,RG,6400,7,F,AK,KZ,F
9:01:40,INDF,RG,6375,5,D,PD,PD,D
9:01:38,INDF,RG,6400,9,F,DX,KZ,F
9:01:36,INDF,RG,6375,18,D,PD,KZ,F
9:01:27,INDF,RG,6400,1,D,YP,KZ,F
9:01:25,INDF,RG,6375,10,D,PD,DX,F
9:01:08,INDF,RG,6400,12,F,AK,KZ,F
9:01:07,INDF,RG,6400,12,D,CC,KZ,F
9:01:07,INDF,RG,6400,68,D,CC,OD,D
9:01:00,INDF,RG,6400,5,D,PD,OD,D
9:00:59,INDF,RG,6400,6,D,PD,OD,D
9:00:51,INDF,RG,6400,10,D,PD,OD,D
9:00:49,INDF,RG,6400,2,F,ZP,OD,D
9:00:49,INDF,RG,6400,9,F,DX,OD,D
9:00:47,INDF,RG,6400,27,F,DX,SQ,D
9:00:47,INDF,RG,6400,5,D,PD,SQ,D
9:00:47,INDF,RG,6400,1,D,XC,SQ,D
9:00:47,INDF,RG,6400,1,D,NI,SQ,D
9:00:47,INDF,RG,6400,4,F,ZP,SQ,D
9:00:45,INDF,RG,6425,9,F,DX,XA,D
9:00:42,INDF,RG,6425,8,F,AK,XA,D
9:00:41,INDF,RG,6400,1,F,ZP,XC,D
9:00:41,INDF,RG,6400,1,D,XC,XC,D
9:00:41,INDF,RG,6400,4,D,XC,CC,D
9:00:41,INDF,RG,6400,10,D,PD,CC,D
9:00:41,INDF,RG,6400,12,F,AK,CC,D
9:00:41,INDF,RG,6400,24,F,DX,CC,D
9:00:39,INDF,RG,6425,1,F,AK,XA,D
9:00:39,INDF,RG,6400,2,F,DX,XC,D
9:00:37,INDF,RG,6400,1,F,DX,XC,D
9:00:37,INDF,RG,6400,2,F,DX,XC,D
9:00:37,INDF,RG,6400,1,F,DX,XC,D
9:00:37,INDF,RG,6400,2,F,DX,XC,D
9:00:34,INDF,RG,6425,4,F,AK,XA,D
9:00:32,INDF,RG,6400,20,F,DX,NI,D
9:00:30,INDF,RG,6425,1,F,AK,XA,D
9:00:27,INDF,RG,6425,5,F,AK,XA,D
9:00:27,INDF,RG,6400,7,F,DX,KZ,F
9:00:25,INDF,RG,6400,5,F,DX,XC,D
9:00:25,INDF,RG,6400,20,F,ZP,XC,D
9:00:25,INDF,RG,6400,1,D,YP,XC,D
9:00:25,INDF,RG,6400,2,D,PD,XC,D
9:00:25,INDF,RG,6400,1,D,XA,XC,D
9:00:25,INDF,RG,6400,2,D,MK,XC,D
9:00:20,INDF,RG,6400,1,F,DX,PD,D
9:00:15,INDF,RG,6425,4,F,AK,XA,D
9:00:14,INDF,RG,6400,1,F,DX,NI,D
9:00:13,INDF,RG,6400,5,F,DX,CC,D
9:00:13,INDF,RG,6425,1,D,NI,XA,D
9:00:12,INDF,RG,6400,30,F,DX,LS,D
9:00:00,INDF,RG,6425,4,D,YB,XA,D
8:59:00,INDF,RG,6400,1,F,DX,YP,D
8:59:00,INDF,RG,6400,1,D,YP,YP,D
8:59:00,INDF,RG,6400,1,D,CC,YP,D
8:59:00,INDF,RG,6400,1,D,CC,XC,D
8:59:00,INDF,RG,6400,1,D,CC,YP,D
8:59:00,INDF,RG,6400,5,D,PD,BS,D
8:59:00,INDF,RG,6400,1,D,PD,YP,D
8:59:00,INDF,RG,6400,1,D,PD,YP,D
8:59:00,INDF,RG,6400,16,D,PD,XL,D
8:59:00,INDF,RG,6400,31,D,PD,YP,D
8:59:00,INDF,RG,6400,3,D,PD,YP,D
8:59:00,INDF,RG,6400,16,D,PD,YP,D
8:59:00,INDF,RG,6400,1,D,PD,CC,D
8:59:00,INDF,RG,6400,5,D,PD,FZ,D
8:59:00,INDF,RG,6400,38,D,PD,DR,D
8:59:00,INDF,RG,6400,1,D,PD,DR,D
8:59:00,INDF,RG,6400,1,D,PD,DR,D
8:59:00,INDF,RG,6400,2,D,PD,DR,D
8:59:00,INDF,RG,6400,1,D,PD,DR,D
8:59:00,INDF,RG,6400,15,D,CC,DR,D
8:59:00,INDF,RG,6400,2,D,XL,DR,D
8:59:00,INDF,RG,6400,1,F,ZP,DR,D
8:59:00,INDF,RG,6400,39,F,DX,DR,D
8:59:00,INDF,RG,6400,5,F,DX,YP,D
8:59:00,INDF,RG,6400,13,F,DX,YP,D
8:59:00,INDF,RG,6400,1,F,DX,YP,D
8:59:00,INDF,RG,6400,6,F,BB,YP,D
8:59:00,INDF,RG,6400,22,F,BB,XL,D
8:59:00,INDF,RG,6400,10,F,BB,GR,D
8:59:00,INDF,RG,6400,6,F,BB,XC,D
8:59:00,INDF,RG,6400,20,F,BB,XC,D
8:59:00,INDF,RG,6400,10,F,BB,PD,D
8:59:00,INDF,RG,6400,7,F,BB,IF,D
8:59:00,INDF,RG,6400,20,F,BB,CC,D
8:59:00,INDF,RG,6400,1,F,BB,PD,D
8:59:00,INDF,RG,6400,7,F,BB,DH,D
8:59:00,INDF,RG,6400,10,F,BB,DH,D
8:59:00,INDF,RG,6400,1,F,BB,PD,D
8:59:00,INDF,RG,6400,2,F,BB,PD,D
8:59:00,INDF,RG,6400,1,F,BB,KK,D
8:59:00,INDF,RG,6400,2,F,BB,PD,D
8:59:00,INDF,RG,6400,5,F,AK,PD,D
8:59:00,INDF,RG,6400,1,F,AK,PD,D
8:59:00,INDF,RG,6400,1,F,ZP,KZ,F
8:59:00,INDF,RG,6400,1,F,ZP,KZ,F
8:59:00,INDF,RG,6400,2,F,ZP,KZ,F
8:59:00,INDF,RG,6400,2,F,ZP,KZ,F
8:59:00,INDF,RG,6400,8,F,AK,KZ,F
8:59:00,INDF,RG,6400,2,F,AK,KZ,F
8:59:00,INDF,RG,6400,16,F,AK,KZ,F
8:59:00,INDF,RG,6400,7,F,AK,KZ,F
8:59:00,INDF,RG,6400,3,F,AK,KZ,F
8:59:00,INDF,RG,6400,1,F,ZP,KZ,F
8:59:00,INDF,RG,6400,7,F,AK,KZ,F
8:59:00,INDF,RG,6400,6,F,AK,AK,F