Time,Stock,Brd,Price,Qty,BT,BC,SC,ST
15:12:35,INDF,RG,7075,100,D,GR,YP,D
15:12:22,INDF,RG,7075,1,D,GR,XC,D
15:10:55,INDF,RG,7075,100,D,GR,YP,D
15:09:56,INDF,RG,7075,101,D,GR,YP,D
15:09:49,INDF,RG,7075,100,D,GR,YP,D
15:09:45,INDF,RG,7075,50,D,GR,YP,D
15:08:12,INDF,RG,7075,14,D,GR,YP,D
15:08:12,INDF,RG,7075,1,D,KK,YP,D
15:08:12,INDF,RG,7075,2,D,KK,YP,D
15:08:12,INDF,RG,7075,1,D,YP,YP,D
15:07:01,INDF,RG,7075,100,F,CS,KI,D
15:06:45,INDF,RG,7075,5,F,CS,CC,D
15:06:19,INDF,RG,7075,12,F,CS,YU,D
15:06:11,INDF,RG,7075,25,F,CS,GR,D
15:05:31,INDF,RG,7075,50,F,CS,YP,D
15:05:25,INDF,RG,7075,4,F,CS,PD,D
15:05:15,INDF,RG,7075,4,F,CS,EP,D
15:04:58,INDF,RG,7075,50,F,CS,DX,D
15:04:27,INDF,RG,7075,2,F,CS,EP,D
15:03:11,INDF,RG,7075,2,F,CS,DR,D
15:02:51,INDF,RG,7075,5,F,CS,EP,D
15:02:33,INDF,RG,7075,16,F,CS,PD,D
15:02:31,INDF,RG,7075,6,F,CS,YU,D
15:02:29,INDF,RG,7075,32,F,CS,EP,D
15:02:12,INDF,RG,7075,52,F,CS,PD,D
15:02:10,INDF,RG,7075,50,F,CS,KK,D
15:02:06,INDF,RG,7075,20,F,CS,PD,D
15:01:14,INDF,RG,7075,45,F,CS,EP,D
15:01:12,INDF,RG,7075,42,F,CS,YP,D
15:01:12,INDF,RG,7075,8,F,CS,YP,D
15:01:09,INDF,RG,7075,6,F,CS,PD,D
15:01:07,INDF,RG,7075,5,F,CS,YP,D
15:00:00,INDF,RG,7075,10,F,CS,CD,D
15:00:00,INDF,RG,7075,664,F,CS,EP,D
15:00:00,INDF,RG,7075,399,F,CS,YU,F
15:00:00,INDF,RG,7075,20,D,AG,YU,F
15:00:00,INDF,RG,7075,114,F,CC,YU,F
15:00:00,INDF,RG,7075,127,F,AK,YU,F
15:00:00,INDF,RG,7075,1,D,CP,YU,F
15:00:00,INDF,RG,7075,60,D,CP,YU,F
15:00:00,INDF,RG,7075,190,D,CP,ZP,F
15:00:00,INDF,RG,7075,554,F,AK,ZP,F
15:00:00,INDF,RG,7075,1,D,XC,ZP,F
15:00:00,INDF,RG,7075,100,D,YB,ZP,F
15:00:00,INDF,RG,7075,5,D,PD,ZP,F
15:00:00,INDF,RG,7075,2,D,KK,ZP,F
15:00:00,INDF,RG,7075,1,D,YP,ZP,F
15:00:00,INDF,RG,7075,235,F,CS,ZP,F
15:00:00,INDF,RG,7075,1088,F,CS,ZP,F
15:00:00,INDF,RG,7075,2,D,EP,ZP,F
15:00:00,INDF,RG,7075,10,D,PD,ZP,F
15:00:00,INDF,RG,7075,10,D,DR,ZP,F
15:00:00,INDF,RG,7075,1,D,CP,ZP,F
15:00:00,INDF,RG,7075,1,D,YP,ZP,F
15:00:00,INDF,RG,7075,5,D,XL,ZP,F
15:00:00,INDF,RG,7075,300,D,XA,ZP,F
15:00:00,INDF,RG,7075,1,D,PD,ZP,F
15:00:00,INDF,RG,7075,5,D,DH,ZP,F
15:00:00,INDF,RG,7075,1,D,PD,ZP,F
15:00:00,INDF,RG,7075,1,D,BQ,ZP,F
15:00:00,INDF,RG,7075,32,D,YB,ZP,F
15:00:00,INDF,RG,7075,4,D,PD,ZP,F
15:00:00,INDF,RG,7075,4,D,PD,ZP,F
15:00:00,INDF,RG,7075,1,D,XC,ZP,F
15:00:00,INDF,RG,7075,15,D,XC,ZP,F
15:00:00,INDF,RG,7075,2,D,PD,ZP,F
15:00:00,INDF,RG,7075,1,D,CP,ZP,F
15:00:00,INDF,RG,7075,1,D,EP,ZP,F
15:00:00,INDF,RG,7075,40,D,YP,ZP,F
15:00:00,INDF,RG,7075,2,D,XC,ZP,F
15:00:00,INDF,RG,7075,3,D,NI,ZP,F
15:00:00,INDF,RG,7075,1,D,KK,ZP,F
15:00:00,INDF,RG,7075,10,D,SQ,ZP,F
15:00:00,INDF,RG,7075,3,D,NI,ZP,F
15:00:00,INDF,RG,7075,3,D,GR,ZP,F
15:00:00,INDF,RG,7075,1,D,XC,ZP,F
15:00:00,INDF,RG,7075,1,D,NI,ZP,F
15:00:00,INDF,RG,7075,15,D,PD,ZP,F
15:00:00,INDF,RG,7075,1,D,AT,ZP,F
15:00:00,INDF,RG,7075,3,D,YP,ZP,F
15:00:00,INDF,RG,7075,1,D,CC,ZP,F
15:00:00,INDF,RG,7075,14,F,ZP,ZP,F
15:00:00,INDF,RG,7075,4,F,ZP,ZP,F
15:00:00,INDF,RG,7075,1063,F,ZP,ZP,F
15:00:00,INDF,RG,7075,552,F,ZP,AK,F
15:00:00,INDF,RG,7075,300,F,ZP,CS,D
15:00:00,INDF,RG,7075,167,F,ZP,BK,F
15:00:00,INDF,RG,7075,18,F,ZP,BK,F
15:00:00,INDF,RG,7075,46,F,ZP,KZ,D
15:00:00,INDF,RG,7075,1183,F,ZP,OD,D
15:00:00,INDF,RG,7075,544,F,ZP,OD,D
15:00:00,INDF,RG,7075,51,F,ZP,RX,D
15:00:00,INDF,RG,7075,436,F,ZP,AK,F
15:00:00,INDF,RG,7075,3056,F,KZ,AK,F
15:00:00,INDF,RG,7075,23,F,BK,AK,F
15:00:00,INDF,RG,7075,273,F,DX,AK,F
15:00:00,INDF,RG,7075,1,F,AK,AK,F
15:00:00,INDF,RG,7075,6,F,AK,AK,F
15:00:00,INDF,RG,7075,32,F,AK,AK,F
15:00:00,INDF,RG,7075,1,F,AK,AK,F
15:00:00,INDF,RG,7075,1301,F,DP,AK,F
15:00:00,INDF,RG,7075,522,F,DP,AK,F
15:00:00,INDF,RG,7075,10,F,DP,AK,F
15:00:00,INDF,RG,7075,18,F,DP,AK,F
15:00:00,INDF,RG,7075,247,F,DP,ZP,F
15:00:00,INDF,RG,7075,73,F,AK,ZP,F
15:00:00,INDF,RG,7075,1,F,AK,YU,F
15:00:00,INDF,RG,7075,14,F,AK,YU,F
15:00:00,INDF,RG,7075,17,D,OD,YU,F
15:00:00,INDF,RG,7075,122,D,OD,YU,F
15:00:00,INDF,RG,7075,128,D,OD,YU,F
15:00:00,INDF,RG,7075,26,D,OD,YU,F
15:00:00,INDF,RG,7075,24,D,OD,YU,F
15:00:00,INDF,RG,7075,13,D,OD,YU,F
15:00:00,INDF,RG,7075,43,D,CC,YU,F
15:00:00,INDF,RG,7075,74,D,OD,YU,F
15:00:00,INDF,RG,7075,180,D,OD,LG,D
15:00:00,INDF,RG,7075,130,D,OD,PD,D
15:00:00,INDF,RG,7075,31,D,YU,PD,D
15:00:00,INDF,RG,7075,1,D,YU,LG,D
14:49:49,INDF,RG,7125,1,F,AK,AK,F
14:49:40,INDF,RG,7125,1,F,ZP,AK,F
14:49:35,INDF,RG,7125,12,F,AK,AK,F
14:49:34,INDF,RG,7125,24,F,AK,AK,F
14:49:16,INDF,RG,7125,197,F,KZ,AK,F
14:49:15,INDF,RG,7125,219,D,BB,AK,F
14:49:13,INDF,RG,7125,38,D,BB,AK,F
14:49:12,INDF,RG,7125,1,F,ZP,AK,F
14:49:12,INDF,RG,7125,19,D,BB,AK,F
14:49:11,INDF,RG,7125,1,D,EP,AK,F
14:49:11,INDF,RG,7125,85,F,DP,AK,F
14:49:11,INDF,RG,7125,1,F,ZP,AK,F
14:49:11,INDF,RG,7125,23,D,NI,AK,F
14:49:11,INDF,RG,7125,1,F,AK,AK,F
14:49:11,INDF,RG,7125,2,F,AK,AK,F
14:49:11,INDF,RG,7125,2,D,CC,AK,F
14:49:11,INDF,RG,7125,3,D,YP,AK,F
14:49:11,INDF,RG,7125,17,D,BB,AK,F
14:49:11,INDF,RG,7125,187,F,DP,AK,F
14:49:10,INDF,RG,7150,61,D,BB,CC,F
14:49:09,INDF,RG,7150,25,D,BB,CC,F
14:49:04,INDF,RG,7150,5,D,BB,CC,F
14:49:00,INDF,RG,7150,13,D,PD,CC,F
14:48:57,INDF,RG,7125,15,F,DP,BK,F
14:48:47,INDF,RG,7125,32,F,DP,AK,F
14:48:38,INDF,RG,7150,10,D,BB,CC,F
14:48:38,INDF,RG,7125,28,F,DP,AK,F
14:48:38,INDF,RG,7125,98,F,DP,AK,F
14:48:38,INDF,RG,7100,68,D,YB,AK,F
14:48:38,INDF,RG,7100,1,D,XL,AK,F
14:48:38,INDF,RG,7100,67,D,BB,AK,F
14:48:38,INDF,RG,7100,1,D,GR,AK,F
14:48:38,INDF,RG,7100,12,D,BB,AK,F
14:48:38,INDF,RG,7125,2,F,ZP,AK,F
14:48:38,INDF,RG,7125,2,F,AK,AK,F
14:48:38,INDF,RG,7125,8,D,XC,AK,F
14:48:38,INDF,RG,7125,4,F,AK,AK,F
14:48:38,INDF,RG,7125,300,D,XA,AK,F
14:48:38,INDF,RG,7125,1,F,AK,AK,F
14:48:38,INDF,RG,7125,1,F,ZP,AK,F
14:48:38,INDF,RG,7125,5,D,XL,AK,F
14:48:38,INDF,RG,7125,24,F,DP,AK,F
14:48:38,INDF,RG,7125,7,D,BB,AK,F
14:48:38,INDF,RG,7125,1,D,DH,AK,F
14:48:38,INDF,RG,7125,2,D,BB,AK,F
14:48:37,INDF,RG,7150,5,D,BB,AK,F
14:48:30,INDF,RG,7125,26,D,BB,BK,F
14:48:26,INDF,RG,7150,5,D,BB,AK,F
14:48:26,INDF,RG,7150,29,D,BB,AK,F
14:48:26,INDF,RG,7125,1,D,BB,KK,D
14:48:19,INDF,RG,7150,9,D,BB,AK,F
14:48:14,INDF,RG,7150,41,D,BB,AK,F
14:48:06,INDF,RG,7150,17,D,BB,AK,F
14:48:05,INDF,RG,7125,1,D,BB,YJ,D
14:48:04,INDF,RG,7150,18,F,KZ,AK,F
14:48:00,INDF,RG,7150,119,D,BB,AK,F
14:47:52,INDF,RG,7125,14,D,BB,BK,F
14:47:42,INDF,RG,7150,36,D,BB,AK,F
14:47:31,INDF,RG,7125,12,D,BB,AK,F
14:47:31,INDF,RG,7125,1,D,XL,AK,F
14:47:31,INDF,RG,7125,20,D,ID,AK,F
14:47:31,INDF,RG,7125,1,D,YB,AK,F
14:47:10,INDF,RG,7150,134,D,BB,AK,F
14:46:54,INDF,RG,7150,200,D,YU,AK,F
14:46:52,INDF,RG,7150,32,D,BB,AK,F
14:46:52,INDF,RG,7150,100,D,YU,AK,F
14:46:47,INDF,RG,7150,50,D,YU,AK,F
14:46:46,INDF,RG,7150,1,D,XC,AK,F
14:46:43,INDF,RG,7150,10,D,YU,AK,F
14:46:40,INDF,RG,7125,13,D,YB,BK,F
14:46:40,INDF,RG,7125,1,D,PD,BK,F
14:46:40,INDF,RG,7125,1,D,XL,BK,F
14:46:39,INDF,RG,7150,100,D,YU,AK,F
14:46:33,INDF,RG,7150,100,D,YU,BK,F
14:46:29,INDF,RG,7150,31,D,YU,BK,F
14:46:29,INDF,RG,7150,169,D,YU,BK,F
14:46:26,INDF,RG,7150,200,D,YU,BK,F
14:46:24,INDF,RG,7150,58,D,BB,BK,F
14:46:24,INDF,RG,7150,75,D,NI,BK,F
14:46:24,INDF,RG,7150,296,D,NI,CC,D
14:46:23,INDF,RG,7150,31,D,BB,CC,D
14:46:23,INDF,RG,7150,116,F,DP,CC,D
14:46:23,INDF,RG,7150,1,F,ZP,CC,D
14:46:23,INDF,RG,7150,1,D,PD,CC,D
14:46:23,INDF,RG,7150,2,D,XC,CC,D
14:46:23,INDF,RG,7150,10,D,SQ,CC,D
14:46:23,INDF,RG,7150,7,F,AK,CC,D
14:46:23,INDF,RG,7150,15,D,PD,CC,D
14:46:23,INDF,RG,7150,30,D,BB,CC,D
14:46:23,INDF,RG,7150,5,D,BB,CC,D
14:46:23,INDF,RG,7150,1,F,AK,CC,D
14:46:23,INDF,RG,7150,9,F,DP,CC,D
14:46:21,INDF,RG,7150,1,F,DP,YP,D
14:46:12,INDF,RG,7150,1,F,DP,NI,D
14:46:12,INDF,RG,7150,2,F,DP,XC,D
14:46:09,INDF,RG,7150,7,F,DP,YP,D
14:46:08,INDF,RG,7150,41,F,DP,AK,F
14:46:06,INDF,RG,7150,1,F,DP,YP,D
14:46:02,INDF,RG,7175,5,D,BB,YP,D
14:46:02,INDF,RG,7175,1,D,BB,PD,D
14:46:02,INDF,RG,7175,25,D,BB,GR,D
14:45:56,INDF,RG,7150,10,F,DP,XC,D
14:45:50,INDF,RG,7150,39,F,DP,PD,D
14:45:50,INDF,RG,7150,1,F,ZP,PD,D
14:45:50,INDF,RG,7150,4,D,XC,PD,D
14:45:50,INDF,RG,7150,1,D,PD,PD,D
14:45:50,INDF,RG,7150,3,D,BB,PD,D
14:45:50,INDF,RG,7150,12,D,BB,PD,D
14:45:44,INDF,RG,7150,3,D,BB,YJ,D
14:45:44,INDF,RG,7150,2,D,CS,YJ,D
14:45:42,INDF,RG,7150,2,F,DP,PD,D
14:45:38,INDF,RG,7175,75,D,BB,GR,D
14:45:38,INDF,RG,7175,2,D,BB,XC,D
14:45:38,INDF,RG,7175,94,D,BB,CC,D
14:45:37,INDF,RG,7150,1,F,DP,NI,D
14:45:35,INDF,RG,7150,5,F,DP,GR,D
14:45:31,INDF,RG,7150,5,F,DP,DR,D
14:45:31,INDF,RG,7150,5,F,SQ,DR,D
14:45:31,INDF,RG,7150,2,D,YU,DR,D
14:45:21,INDF,RG,7150,10,D,YU,GR,D
14:45:20,INDF,RG,7150,5,D,YU,CP,D
14:45:15,INDF,RG,7175,6,D,BB,CC,D
14:45:15,INDF,RG,7175,2,D,BB,PD,D
14:45:15,INDF,RG,7175,34,D,BB,YJ,D
14:45:04,INDF,RG,7150,3,D,YU,PD,D
14:44:54,INDF,RG,7150,1,D,YU,YP,D
14:44:54,INDF,RG,7150,1,D,YU,YP,D
14:44:54,INDF,RG,7150,1,D,YU,YP,D
14:44:54,INDF,RG,7150,1,D,YU,YP,D
14:44:53,INDF,RG,7150,276,D,YU,PD,D
14:44:53,INDF,RG,7150,1,F,DP,PD,D
14:44:53,INDF,RG,7150,2,D,CC,PD,D
14:44:53,INDF,RG,7150,102,D,YU,PD,D
14:44:46,INDF,RG,7150,1,D,YU,KK,D
14:44:41,INDF,RG,7150,1,D,YU,PD,D
14:44:41,INDF,RG,7175,91,D,BB,YJ,D
14:44:40,INDF,RG,7150,3,D,YU,BK,F
14:44:40,INDF,RG,7150,193,D,YU,BK,F
14:44:36,INDF,RG,7150,136,D,YU,BK,F
14:44:36,INDF,RG,7150,31,D,YU,AK,F
14:44:36,INDF,RG,7150,33,D,YU,CC,F
14:44:35,INDF,RG,7125,14,D,NI,BK,F
14:44:33,INDF,RG,7125,26,D,NI,BK,F
14:44:33,INDF,RG,7125,1,D,NI,CC,D
14:44:30,INDF,RG,7150,13,D,YU,CC,F
14:44:30,INDF,RG,7125,57,D,NI,BK,F
14:44:30,INDF,RG,7125,56,D,BB,BK,F
14:44:28,INDF,RG,7150,108,F,DP,BK,F
14:44:28,INDF,RG,7175,4,D,CS,YJ,D
14:44:28,INDF,RG,7150,1,D,CS,BK,F
14:44:28,INDF,RG,7150,5,D,CC,BK,F
14:44:28,INDF,RG,7150,1,D,YU,BK,F
14:44:28,INDF,RG,7150,1,D,YU,BK,F
14:44:28,INDF,RG,7150,1,D,PD,BK,F
14:44:28,INDF,RG,7150,2,F,AK,BK,F
14:44:28,INDF,RG,7150,12,F,AK,BK,F
14:44:28,INDF,RG,7150,25,F,KZ,BK,F
14:44:28,INDF,RG,7150,96,F,DP,BK,F
14:44:28,INDF,RG,7150,127,D,YU,BK,F
14:44:28,INDF,RG,7150,73,D,YU,BK,F
14:44:28,INDF,RG,7150,3,D,CS,BK,F
14:44:28,INDF,RG,7150,2,D,CS,BK,F
14:44:28,INDF,RG,7150,4,D,CS,BK,F
14:44:28,INDF,RG,7150,122,F,KZ,BK,F
14:44:28,INDF,RG,7150,1,F,KZ,YP,D
14:44:28,INDF,RG,7150,1,F,KZ,YP,D
14:44:25,INDF,RG,7150,1,F,KZ,CC,D
14:44:24,INDF,RG,7150,14,F,KZ,BK,F
14:44:19,INDF,RG,7175,33,D,BB,YJ,D
14:44:14,INDF,RG,7150,1,F,KZ,YP,D
14:44:00,INDF,RG,7175,153,D,YU,YJ,D
14:43:59,INDF,RG,7150,4,F,KZ,PD,D
14:43:50,INDF,RG,7175,174,D,BB,YJ,D
14:43:37,INDF,RG,7150,100,F,KZ,CP,D
14:43:34,INDF,RG,7175,11,D,BB,YJ,D
14:43:34,INDF,RG,7175,22,D,BB,PD,D
14:43:33,INDF,RG,7150,1,F,KZ,EP,D
14:43:32,INDF,RG,7175,1,D,PD,PD,D
14:43:24,INDF,RG,7150,1,F,KZ,XC,D
14:43:24,INDF,RG,7150,40,F,KZ,AK,F
14:43:24,INDF,RG,7150,20,F,KZ,PD,D
14:43:24,INDF,RG,7150,1,F,KZ,ZP,D
14:43:24,INDF,RG,7150,1,F,KZ,CC,D
14:43:24,INDF,RG,7150,15,F,KZ,KK,D
14:43:24,INDF,RG,7150,76,F,KZ,BK,F
14:43:24,INDF,RG,7150,150,F,KZ,BK,F
14:43:24,INDF,RG,7150,36,F,KZ,KK,D
14:43:24,INDF,RG,7150,15,F,KZ,CC,D
14:43:24,INDF,RG,7150,13,F,KZ,CC,F
14:43:24,INDF,RG,7150,50,F,KZ,LG,D
14:43:24,INDF,RG,7150,1,F,KZ,YP,D
14:43:24,INDF,RG,7150,1,F,KZ,XL,D
14:43:24,INDF,RG,7150,105,F,KZ,BK,F
14:43:19,INDF,RG,7125,560,F,KZ,PD,D
14:43:19,INDF,RG,7125,2,F,ZP,PD,D
14:43:18,INDF,RG,7150,50,D,YU,BK,F
14:43:18,INDF,RG,7150,351,D,YU,ZP,D
14:43:12,INDF,RG,7150,1,D,NI,ZP,D
14:43:08,INDF,RG,7150,48,D,YU,ZP,D
14:43:08,INDF,RG,7150,200,D,YU,BK,F
14:43:08,INDF,RG,7150,229,D,YU,BK,F
14:43:08,INDF,RG,7150,23,D,YU,AK,F
14:43:04,INDF,RG,7150,20,D,YU,AK,F
14:43:00,INDF,RG,7150,500,D,YU,AK,F
14:42:59,INDF,RG,7125,20,D,YU,NI,D
14:42:53,INDF,RG,7150,185,D,BB,AK,F
14:42:52,INDF,RG,7150,131,D,YU,AK,F
14:42:52,INDF,RG,7150,13,D,YU,BK,F
14:42:52,INDF,RG,7150,248,D,YU,BK,F
14:42:52,INDF,RG,7150,108,D,YU,CC,F
14:42:48,INDF,RG,7150,40,D,BB,CC,F
14:42:47,INDF,RG,7150,72,D,YU,CC,F
14:42:47,INDF,RG,7150,1,D,YU,XL,D
14:42:47,INDF,RG,7150,106,D,YU,CC,D
14:42:47,INDF,RG,7150,1,D,YU,YP,D
14:42:47,INDF,RG,7150,10,D,YU,PD,D
14:42:47,INDF,RG,7150,50,D,YU,YP,D
14:42:47,INDF,RG,7150,2,D,YU,TP,D
14:42:47,INDF,RG,7150,3,D,YU,KK,D
14:42:47,INDF,RG,7150,5,D,YU,YP,D
14:42:44,INDF,RG,7150,100,D,YU,BK,F
14:42:41,INDF,RG,7150,5,D,YU,BK,F
14:42:33,INDF,RG,7125,97,D,YU,PD,D
14:42:33,INDF,RG,7150,3,F,ZP,BK,F
14:42:31,INDF,RG,7150,4,F,BK,BK,F
14:42:31,INDF,RG,7150,109,F,DP,BK,F
14:42:29,INDF,RG,7125,5,D,YU,CC,D
14:42:28,INDF,RG,7125,16,D,YU,PD,D
14:42:28,INDF,RG,7125,200,D,YU,BK,F
14:42:28,INDF,RG,7125,100,D,YU,YP,D
14:42:28,INDF,RG,7125,1,D,YU,YP,D
14:42:28,INDF,RG,7125,1,D,YU,XL,D
14:42:28,INDF,RG,7125,7,D,YU,CC,D
14:42:28,INDF,RG,7125,152,D,YU,EP,D
14:42:04,INDF,RG,7125,1,F,BK,EP,D
14:42:00,INDF,RG,7100,81,D,YU,PD,D
14:41:59,INDF,RG,7125,7,D,BB,EP,D
14:41:59,INDF,RG,7125,1,D,BB,YP,D
14:41:59,INDF,RG,7125,10,D,BB,YP,D
14:41:59,INDF,RG,7125,55,D,BB,CC,F
14:41:59,INDF,RG,7125,4,D,BB,PD,D
14:41:53,INDF,RG,7125,3,D,BB,PD,D
14:41:49,INDF,RG,7125,1,D,GR,PD,D
14:41:31,INDF,RG,7125,5,D,XC,PD,D
14:41:25,INDF,RG,7125,1,D,PD,PD,D
14:41:22,INDF,RG,7125,2,D,PD,PD,D
14:41:21,INDF,RG,7125,1,F,BK,CC,F
14:41:17,INDF,RG,7125,47,F,AK,CC,F
14:41:11,INDF,RG,7125,36,D,OD,BK,F
14:41:11,INDF,RG,7125,33,D,OD,BK,F
14:41:11,INDF,RG,7125,31,D,OD,AK,F
14:41:11,INDF,RG,7125,350,D,OD,AK,F
14:41:11,INDF,RG,7125,170,D,OD,AK,F
14:41:09,INDF,RG,7100,5,D,YU,XC,D
14:40:53,INDF,RG,7075,31,D,NI,BK,F
14:40:53,INDF,RG,7075,1,D,YP,BK,F
14:40:53,INDF,RG,7075,1,D,PD,BK,F
14:40:53,INDF,RG,7075,31,F,KZ,BK,F
14:40:53,INDF,RG,7075,100,D,KK,BK,F
14:40:51,INDF,RG,7075,50,D,KK,PD,D
14:40:51,INDF,RG,7075,1,D,PD,PD,D
14:40:51,INDF,RG,7075,7,D,YP,PD,D
14:40:51,INDF,RG,7075,10,D,YP,PD,D
14:40:51,INDF,RG,7075,20,D,DH,PD,D
14:40:51,INDF,RG,7075,105,F,KZ,PD,D
14:40:51,INDF,RG,7075,10,D,CC,PD,D
14:40:51,INDF,RG,7075,1,D,XC,PD,D
14:40:51,INDF,RG,7075,5,D,CC,PD,D
14:40:51,INDF,RG,7075,2,D,YJ,PD,D
14:40:51,INDF,RG,7075,5,D,CC,PD,D
14:40:51,INDF,RG,7075,1,D,KK,PD,D
14:40:51,INDF,RG,7075,5,D,CC,PD,D
14:40:51,INDF,RG,7075,5,D,GR,PD,D
14:40:51,INDF,RG,7075,5,D,PD,PD,D
14:40:51,INDF,RG,7075,5,D,XC,PD,D
14:40:51,INDF,RG,7075,5,D,CC,PD,D
14:40:51,INDF,RG,7075,1,D,XC,PD,D
14:40:51,INDF,RG,7075,1,D,EP,PD,D
14:40:51,INDF,RG,7075,10,D,EP,PD,D
14:40:51,INDF,RG,7075,10,D,SQ,PD,D
14:40:51,INDF,RG,7075,2,D,OD,PD,D
14:40:51,INDF,RG,7075,199,D,KK,PD,D
14:40:51,INDF,RG,7075,355,D,PD,PD,D
14:40:51,INDF,RG,7075,2,D,PD,PD,D
14:40:51,INDF,RG,7075,25,D,GR,PD,D
14:40:51,INDF,RG,7075,50,D,YP,PD,D
14:40:51,INDF,RG,7075,1,D,PD,PD,D
14:40:51,INDF,RG,7075,2,D,PD,PD,D
14:40:51,INDF,RG,7075,10,D,EP,PD,D
14:40:51,INDF,RG,7075,2,D,PD,PD,D
14:40:51,INDF,RG,7075,1,D,XL,PD,D
14:40:51,INDF,RG,7075,3,D,LG,PD,D
14:40:51,INDF,RG,7075,20,D,YP,PD,D
14:40:48,INDF,RG,7075,8,D,YP,BK,F
14:40:48,INDF,RG,7075,1,D,XC,BK,F
14:40:48,INDF,RG,7075,1,D,YP,BK,F
14:40:48,INDF,RG,7075,1,D,XC,BK,F
14:40:48,INDF,RG,7075,5,D,YB,BK,F
14:40:48,INDF,RG,7075,42,D,CC,BK,F
14:40:47,INDF,RG,7100,18,F,AK,AK,F
14:40:47,INDF,RG,7100,2,F,AK,SQ,D
14:40:47,INDF,RG,7100,14,D,BB,SQ,D
14:40:47,INDF,RG,7100,5,D,XC,SQ,D
14:40:47,INDF,RG,7100,6,D,CS,SQ,D
14:40:47,INDF,RG,7100,105,D,BB,SQ,D
14:40:47,INDF,RG,7100,1,F,ZP,SQ,D
14:40:47,INDF,RG,7100,20,F,DP,SQ,D
14:40:47,INDF,RG,7100,57,F,KZ,SQ,D
14:40:45,INDF,RG,7100,49,F,KZ,BK,F
14:40:45,INDF,RG,7100,20,D,BB,BK,F
14:40:44,INDF,RG,7100,40,D,BB,YP,D
14:40:44,INDF,RG,7100,2,D,YU,YP,D
14:40:44,INDF,RG,7100,158,D,NI,YP,D
14:40:43,INDF,RG,7100,92,D,NI,BK,F
14:40:43,INDF,RG,7100,1,D,AT,BK,F
14:40:43,INDF,RG,7100,1,D,YP,BK,F
14:40:43,INDF,RG,7100,10,D,HP,BK,F
14:40:43,INDF,RG,7100,1,D,XL,BK,F
14:40:43,INDF,RG,7100,1,D,YP,BK,F
14:40:43,INDF,RG,7100,1,D,DR,BK,F
14:40:43,INDF,RG,7100,29,F,KZ,BK,F
14:40:41,INDF,RG,7100,3,F,KZ,AK,F
14:40:41,INDF,RG,7100,8,D,YP,AK,F
14:40:41,INDF,RG,7100,10,D,GR,AK,F
14:40:41,INDF,RG,7100,1,D,PD,AK,F
14:40:41,INDF,RG,7100,1,D,PD,AK,F
14:40:41,INDF,RG,7100,5,D,CC,AK,F
14:40:41,INDF,RG,7100,1,D,BQ,AK,F
14:40:41,INDF,RG,7100,5,D,XC,AK,F
14:40:41,INDF,RG,7100,1,D,SQ,AK,F
14:40:41,INDF,RG,7100,1,D,CC,AK,F
14:40:41,INDF,RG,7100,1,D,XL,AK,F
14:40:41,INDF,RG,7100,7,D,YP,AK,F
14:40:41,INDF,RG,7100,10,D,YP,AK,F
14:40:41,INDF,RG,7100,5,D,KK,AK,F
14:40:41,INDF,RG,7100,5,D,PD,AK,F
14:40:41,INDF,RG,7100,1,D,YP,AK,F
14:40:41,INDF,RG,7100,10,D,CC,AK,F
14:40:41,INDF,RG,7100,5,D,CC,AK,F
14:40:41,INDF,RG,7100,10,D,PD,AK,F
14:40:41,INDF,RG,7100,1,D,PD,AK,F
14:40:41,INDF,RG,7100,5,D,CC,AK,F
14:40:41,INDF,RG,7100,25,D,OD,AK,F
14:40:41,INDF,RG,7100,5,D,YP,AK,F
14:40:41,INDF,RG,7100,5,D,CC,AK,F
14:40:41,INDF,RG,7100,3,D,LG,AK,F
14:40:41,INDF,RG,7100,4,D,XC,AK,F
14:40:41,INDF,RG,7100,5,D,CC,AK,F
14:40:41,INDF,RG,7100,1,D,XC,AK,F
14:40:41,INDF,RG,7100,5,D,CC,AK,F
14:40:41,INDF,RG,7100,2,D,PD,AK,F
14:40:41,INDF,RG,7100,1,D,KK,AK,F
14:40:41,INDF,RG,7100,5,D,CC,AK,F
14:40:41,INDF,RG,7100,10,D,PD,AK,F
14:40:41,INDF,RG,7100,2,D,YJ,AK,F
14:40:41,INDF,RG,7100,5,D,YP,AK,F
14:40:41,INDF,RG,7100,5,D,CC,AK,F
14:40:41,INDF,RG,7100,5,D,CC,AK,F
14:40:41,INDF,RG,7100,5,D,XL,AK,F
14:40:41,INDF,RG,7100,5,D,XL,AK,F
14:40:41,INDF,RG,7100,20,D,YB,AK,F
14:40:41,INDF,RG,7100,5,D,CC,AK,F
14:40:41,INDF,RG,7100,5,D,PD,AK,F
14:40:41,INDF,RG,7100,3,D,PD,AK,F
14:40:41,INDF,RG,7100,2,D,AZ,AK,F
14:40:41,INDF,RG,7100,5,D,CC,AK,F
14:40:41,INDF,RG,7100,15,D,XL,AK,F
14:40:41,INDF,RG,7100,50,D,YP,AK,F
14:40:41,INDF,RG,7100,20,D,ZP,AK,F
14:40:41,INDF,RG,7100,1,D,XC,AK,F
14:40:41,INDF,RG,7100,1,D,XL,AK,F
14:40:41,INDF,RG,7100,1,D,XL,AK,F
14:40:41,INDF,RG,7100,374,D,OD,AK,F
14:40:29,INDF,RG,7100,14,D,OD,PD,D
14:40:23,INDF,RG,7150,11,D,BB,AK,F
14:40:17,INDF,RG,7100,20,D,OD,BK,F
14:40:12,INDF,RG,7100,19,D,OD,BK,F
14:40:10,INDF,RG,7100,78,D,OD,BK,F
14:40:07,INDF,RG,7125,64,F,AK,BK,F
14:40:07,INDF,RG,7125,6,F,KZ,BK,F
14:40:07,INDF,RG,7125,17,D,YP,BK,F
14:40:07,INDF,RG,7125,17,D,YP,BK,F
14:40:07,INDF,RG,7125,17,D,YP,BK,F
14:40:07,INDF,RG,7125,25,D,YP,BK,F
14:40:07,INDF,RG,7125,20,D,YP,BK,F
14:40:07,INDF,RG,7125,126,D,YU,BK,F
14:40:07,INDF,RG,7125,15,D,BB,BK,F
14:40:07,INDF,RG,7125,71,D,NI,BK,F
14:40:02,INDF,RG,7150,50,F,DP,BK,F
14:40:02,INDF,RG,7150,1,F,AK,BK,F
14:40:02,INDF,RG,7150,23,D,YU,BK,F
14:40:02,INDF,RG,7150,10,D,SQ,BK,F
14:40:02,INDF,RG,7150,9,D,CS,BK,F
14:40:02,INDF,RG,7150,38,D,YU,BK,F
14:40:02,INDF,RG,7150,1,D,XC,BK,F
14:40:02,INDF,RG,7150,5,F,DP,BK,F
14:40:02,INDF,RG,7150,38,F,DP,AK,F
14:40:02,INDF,RG,7150,239,F,DP,BK,F
14:40:02,INDF,RG,7150,211,D,YU,BK,F
14:40:02,INDF,RG,7150,15,D,BB,BK,F
14:40:01,INDF,RG,7150,241,D,BB,LG,D
14:40:01,INDF,RG,7150,25,D,BB,LG,D
14:40:01,INDF,RG,7150,1,F,AK,LG,D
14:40:01,INDF,RG,7150,1,F,AK,LG,D
14:40:01,INDF,RG,7150,10,F,AK,LG,D
14:40:01,INDF,RG,7150,1,D,NI,LG,D
14:40:01,INDF,RG,7150,1,F,ZP,LG,D
14:40:01,INDF,RG,7150,140,D,YU,LG,D
14:40:00,INDF,RG,7175,77,D,YU,PD,D
14:40:00,INDF,RG,7175,20,D,YU,CC,D
14:40:00,INDF,RG,7175,2,D,YU,PD,D
14:40:00,INDF,RG,7175,1,D,YU,NI,D
14:40:00,INDF,RG,7175,60,D,YU,YP,D
14:40:00,INDF,RG,7175,1,D,YU,YP,D
14:40:00,INDF,RG,7175,5,D,YU,SQ,D
14:40:00,INDF,RG,7175,14,D,YU,XC,D
14:40:00,INDF,RG,7175,2,D,YU,PC,D
14:40:00,INDF,RG,7175,1,D,YU,XC,D
14:39:59,INDF,RG,7150,465,D,YU,BK,F
14:39:59,INDF,RG,7150,936,D,YU,PD,D
14:39:52,INDF,RG,7175,1,D,YP,NI,D
14:39:51,INDF,RG,7175,2,D,PD,NI,D
14:39:47,INDF,RG,7150,1,D,YU,PD,D
14:39:44,INDF,RG,7150,1,D,YU,YP,D
14:39:20,INDF,RG,7150,5,D,YU,CC,D
14:39:19,INDF,RG,7175,2,D,BB,NI,D
14:39:19,INDF,RG,7175,1,D,BB,CC,D
14:39:19,INDF,RG,7175,1,D,BB,YP,D
14:39:19,INDF,RG,7175,17,D,BB,YP,D
14:39:19,INDF,RG,7175,42,D,BB,YP,D
14:39:17,INDF,RG,7175,134,D,BB,YP,D
14:38:57,INDF,RG,7150,5,D,YU,AZ,D
14:38:31,INDF,RG,7175,146,D,BB,YP,D
14:38:22,INDF,RG,7150,447,D,YU,BK,F
14:38:22,INDF,RG,7150,18,F,DP,BK,F
14:38:22,INDF,RG,7150,5,F,DP,XC,D
14:38:22,INDF,RG,7150,5,D,YU,XC,D
14:38:20,INDF,RG,7150,60,D,YU,PD,D
14:38:02,INDF,RG,7175,19,D,BB,YP,D
14:37:46,INDF,RG,7150,40,D,YU,CC,D
14:37:41,INDF,RG,7175,19,D,BB,YP,D
14:37:40,INDF,RG,7150,1,D,YU,YP,D
14:37:38,INDF,RG,7150,2,D,YU,PD,D
14:37:37,INDF,RG,7150,3,D,YU,SQ,D
14:37:23,INDF,RG,7150,1,D,YU,XC,D
14:37:08,INDF,RG,7150,20,D,YU,PD,D
14:37:08,INDF,RG,7150,118,D,YU,BK,F
14:37:04,INDF,RG,7150,111,D,YU,BK,F
14:37:04,INDF,RG,7150,293,D,YU,AK,F
14:37:04,INDF,RG,7150,18,D,YU,BK,F
14:37:04,INDF,RG,7150,15,D,YU,BK,F
14:37:04,INDF,RG,7150,63,D,YU,CC,F
14:36:59,INDF,RG,7125,131,D,NI,BK,F
14:36:56,INDF,RG,7150,18,D,YU,CC,F
14:36:56,INDF,RG,7150,200,D,YU,BK,F
14:36:56,INDF,RG,7150,29,D,YU,AK,F
14:36:56,INDF,RG,7150,253,D,YU,PD,D
14:36:54,INDF,RG,7125,48,D,NI,BK,F
14:36:54,INDF,RG,7125,76,D,BB,BK,F
14:36:54,INDF,RG,7125,4,D,NI,BK,F
14:36:51,INDF,RG,7150,500,D,YU,PD,D
14:36:49,INDF,RG,7125,21,D,NI,BK,F
14:36:49,INDF,RG,7125,25,D,YP,BK,F
14:36:49,INDF,RG,7125,1,D,PD,BK,F
14:36:49,INDF,RG,7125,1,D,XL,BK,F
14:36:49,INDF,RG,7125,5,D,CC,BK,F
14:36:49,INDF,RG,7125,1,D,GR,BK,F
14:36:49,INDF,RG,7125,1,F,AK,BK,F
14:36:49,INDF,RG,7125,1,F,AK,BK,F
14:36:49,INDF,RG,7125,1,F,AK,BK,F
14:36:49,INDF,RG,7125,8,F,AK,BK,F
14:36:49,INDF,RG,7125,15,F,AK,BK,F
14:36:49,INDF,RG,7125,10,F,AK,BK,F
14:36:49,INDF,RG,7125,1,F,AK,BK,F
14:36:49,INDF,RG,7125,10,F,AK,BK,F
14:36:49,INDF,RG,7125,15,F,HP,BK,F
14:36:46,INDF,RG,7150,68,D,BB,PD,D
14:36:46,INDF,RG,7150,2,F,ZP,PD,D
14:36:46,INDF,RG,7150,19,D,BB,PD,D
14:36:46,INDF,RG,7150,94,F,DP,PD,D
14:36:46,INDF,RG,7175,78,D,BB,YP,D
14:36:44,INDF,RG,7150,86,F,DP,BK,F
14:36:44,INDF,RG,7150,7,F,AK,BK,F
14:36:44,INDF,RG,7150,35,F,AK,BK,F
14:36:44,INDF,RG,7150,170,D,YU,BK,F
14:36:43,INDF,RG,7150,1,D,YU,YU,D
14:36:41,INDF,RG,7175,1000,D,YU,YP,D
14:36:41,INDF,RG,7150,329,D,YU,AK,F
14:36:41,INDF,RG,7150,2,D,XC,AK,F
14:36:41,INDF,RG,7150,59,D,YU,AK,F
14:36:38,INDF,RG,7150,44,D,YU,BK,F
14:36:36,INDF,RG,7150,36,D,YU,BK,F
14:36:36,INDF,RG,7150,68,D,BB,BK,F
14:36:36,INDF,RG,7150,3,D,CC,BK,F
14:36:36,INDF,RG,7150,5,D,CS,BK,F
14:36:36,INDF,RG,7150,19,F,KZ,BK,F
14:36:36,INDF,RG,7150,80,D,YU,BK,F
14:36:36,INDF,RG,7175,500,D,YU,YP,D
14:36:32,INDF,RG,7150,4,D,YU,BK,F
14:36:32,INDF,RG,7150,2,D,XC,BK,F
14:36:32,INDF,RG,7150,1,F,ZP,BK,F
14:36:32,INDF,RG,7150,7,D,BB,BK,F
14:36:32,INDF,RG,7175,62,D,YU,YP,D
14:36:32,INDF,RG,7175,5,D,YU,ZP,D
14:36:32,INDF,RG,7175,1,D,YU,XC,D
14:36:32,INDF,RG,7175,1,D,YU,DR,D
14:36:32,INDF,RG,7175,431,D,YU,PD,D
14:36:32,INDF,RG,7150,10,D,BB,YP,D
14:36:31,INDF,RG,7175,47,D,BB,PD,D
14:36:30,INDF,RG,7150,2,D,BB,AK,F
14:36:30,INDF,RG,7150,46,F,DP,AK,F
14:36:30,INDF,RG,7150,13,D,YU,AK,F
14:36:07,INDF,RG,7150,15,D,YU,YP,D
14:36:06,INDF,RG,7150,19,D,YU,BK,F
14:36:01,INDF,RG,7150,4,D,YU,DH,D
14:36:01,INDF,RG,7150,6,D,YU,DH,D
14:35:57,INDF,RG,7150,1,D,YU,XC,D
14:35:56,INDF,RG,7150,18,D,YU,BK,F
14:35:56,INDF,RG,7175,122,D,BB,PD,D
14:35:56,INDF,RG,7175,1,D,BB,PD,D
14:35:56,INDF,RG,7175,3,D,BB,SQ,D
14:35:56,INDF,RG,7175,22,D,BB,DH,D
14:35:34,INDF,RG,7150,7,D,YU,BK,F
14:35:34,INDF,RG,7150,17,D,YU,BK,F
14:35:31,INDF,RG,7175,28,D,BB,DH,D
14:35:31,INDF,RG,7175,3,D,BB,YP,D
14:35:31,INDF,RG,7175,28,D,BB,KI,D
14:35:24,INDF,RG,7150,28,D,YU,BK,F
14:35:22,INDF,RG,7150,17,D,YU,PD,D
14:35:22,INDF,RG,7150,44,F,KZ,PD,D
14:35:05,INDF,RG,7175,72,D,BB,KI,D
14:35:05,INDF,RG,7175,20,D,BB,YP,D
14:35:05,INDF,RG,7175,1,D,BB,DR,D
14:35:05,INDF,RG,7175,1,D,BB,YP,D
14:35:05,INDF,RG,7175,3,D,BB,DH,D
14:35:05,INDF,RG,7175,50,D,BB,TP,D
14:35:05,INDF,RG,7175,1,D,BB,XC,D
14:35:05,INDF,RG,7175,1,D,BB,NI,D
14:35:05,INDF,RG,7175,10,D,BB,TP,D
14:35:04,INDF,RG,7150,2,F,KZ,IF,D
14:34:38,INDF,RG,7150,500,F,KZ,YP,D
14:34:20,INDF,RG,7150,5,F,KZ,YP,D
14:34:16,INDF,RG,7175,5,D,BB,TP,D
14:34:16,INDF,RG,7175,5,D,BB,XC,D
14:34:16,INDF,RG,7175,1,D,BB,DH,D
14:34:16,INDF,RG,7175,1,D,BB,PD,D
14:34:16,INDF,RG,7175,15,D,BB,KK,D
14:34:16,INDF,RG,7175,2,D,BB,YP,D
14:34:16,INDF,RG,7175,1,D,BB,DR,D
14:34:16,INDF,RG,7175,1,D,BB,NI,D
14:34:16,INDF,RG,7175,1,D,BB,CC,D
14:34:16,INDF,RG,7175,21,D,BB,DR,D
14:34:16,INDF,RG,7150,22,F,KZ,NI,D
14:34:16,INDF,RG,7150,33,F,DP,NI,D
14:34:16,INDF,RG,7150,101,D,YU,NI,D
14:34:14,INDF,RG,7175,79,D,BB,DR,D
14:34:14,INDF,RG,7175,1,D,BB,PD,D
14:34:14,INDF,RG,7175,20,D,BB,KK,D
14:34:14,INDF,RG,7175,25,D,BB,YP,D
14:34:14,INDF,RG,7175,9,D,BB,PD,D
14:34:14,INDF,RG,7175,10,D,BB,YP,D
14:34:12,INDF,RG,7150,3,D,YU,YP,D
14:33:57,INDF,RG,7150,82,D,YU,BK,F
14:33:57,INDF,RG,7150,5,D,YU,YP,D
14:33:57,INDF,RG,7150,309,D,YU,AK,F
14:33:49,INDF,RG,7150,200,D,YU,BK,F
14:33:46,INDF,RG,7150,5,D,YU,BK,F
14:33:46,INDF,RG,7150,45,D,YU,BK,F
14:33:43,INDF,RG,7150,100,D,YU,BK,F
14:33:36,INDF,RG,7150,15,D,YU,BK,F
14:33:23,INDF,RG,7150,1,D,NI,BK,F
14:33:21,INDF,RG,7150,98,D,BB,BK,F
14:33:21,INDF,RG,7150,30,D,BB,AK,F
14:33:18,INDF,RG,7150,3,D,CS,AK,F
14:33:18,INDF,RG,7150,3,F,DP,AK,F
14:33:18,INDF,RG,7150,43,F,DP,HP,D
14:33:18,INDF,RG,7150,27,D,YU,HP,D
14:33:18,INDF,RG,7150,75,D,YU,YP,D
14:33:18,INDF,RG,7150,2,D,CC,YP,D
14:33:18,INDF,RG,7150,1,D,CC,YP,D
14:33:18,INDF,RG,7150,6,D,BB,YP,D
14:33:18,INDF,RG,7150,1,D,BB,YP,D
14:33:18,INDF,RG,7150,5,D,CS,YP,D
14:33:18,INDF,RG,7150,2,F,ZP,YP,D
14:33:18,INDF,RG,7150,8,F,DP,YP,D
14:32:57,INDF,RG,7175,5,F,HP,AZ,D
14:32:57,INDF,RG,7175,10,F,HP,YP,D
14:32:56,INDF,RG,7175,49,D,BB,ES,D
14:32:35,INDF,RG,7175,1,D,BB,ES,D
14:32:35,INDF,RG,7175,1,D,BB,YP,D
14:32:35,INDF,RG,7175,2,D,BB,AI,D
14:32:35,INDF,RG,7175,10,D,BB,YP,D
14:32:35,INDF,RG,7175,5,D,BB,PD,D
14:32:35,INDF,RG,7175,2,D,BB,SQ,D
14:32:35,INDF,RG,7175,1,D,BB,CC,D
14:32:35,INDF,RG,7175,8,D,BB,YB,D
14:32:35,INDF,RG,7175,20,D,BB,CC,D
14:32:35,INDF,RG,7175,90,D,BB,BK,F
14:32:33,INDF,RG,7150,22,F,DP,AK,F
14:32:33,INDF,RG,7150,5,D,CS,AK,F
14:32:33,INDF,RG,7150,10,D,BB,AK,F
14:32:33,INDF,RG,7150,3,D,YU,AK,F
14:32:31,INDF,RG,7150,2,D,YU,PD,D
14:32:27,INDF,RG,7150,67,D,YU,AT,D
14:32:27,INDF,RG,7150,59,F,DP,AT,D
14:32:27,INDF,RG,7150,53,D,YU,AT,D
14:32:27,INDF,RG,7150,21,D,YU,AT,D
14:32:11,INDF,RG,7150,60,D,YU,PD,D
14:32:11,INDF,RG,7150,5,D,YU,SQ,D
14:31:48,INDF,RG,7175,159,D,BB,BK,F
14:31:47,INDF,RG,7175,221,D,YU,BK,F
14:31:47,INDF,RG,7175,1,D,YU,YP,D
14:31:47,INDF,RG,7175,1,D,YU,XC,D
14:31:47,INDF,RG,7175,1,D,YU,KK,D
14:31:47,INDF,RG,7175,2,D,YU,TP,D
14:31:47,INDF,RG,7175,1,D,YU,PD,D
14:31:47,INDF,RG,7175,1,D,YU,YP,D
14:31:47,INDF,RG,7175,1,D,YU,YP,D
14:31:47,INDF,RG,7175,1,D,YU,YP,D
14:31:47,INDF,RG,7175,50,D,YU,LS,D
14:31:47,INDF,RG,7175,81,D,YU,PD,D
14:31:47,INDF,RG,7175,2,D,YU,CC,D
14:31:47,INDF,RG,7175,5,D,YU,NI,D
14:31:47,INDF,RG,7175,20,D,YU,YP,D
14:31:47,INDF,RG,7175,6,D,YU,KK,D
14:31:47,INDF,RG,7175,5,D,YU,YP,D
14:31:47,INDF,RG,7175,2,D,YU,NI,D
14:31:47,INDF,RG,7175,10,D,YU,KK,D
14:31:47,INDF,RG,7175,100,D,YU,PD,D
14:31:47,INDF,RG,7175,10,D,YU,OD,D
14:31:47,INDF,RG,7175,9,D,YU,CC,D
14:31:47,INDF,RG,7150,14,D,YU,BK,F
14:31:47,INDF,RG,7150,661,D,YU,BK,F
14:31:47,INDF,RG,7150,163,D,YU,BK,F
14:31:47,INDF,RG,7150,2,D,YU,YP,D
14:31:47,INDF,RG,7150,10,D,YU,NI,D
14:31:47,INDF,RG,7150,30,D,YU,DH,D
14:31:47,INDF,RG,7150,2,D,YU,YP,D
14:31:47,INDF,RG,7150,5,D,YU,LG,D
14:31:47,INDF,RG,7150,1,D,YU,PD,D
14:31:47,INDF,RG,7150,1,D,YU,AZ,D
14:31:47,INDF,RG,7150,6,D,YU,EP,D
14:31:47,INDF,RG,7150,1,D,YU,XL,D
14:31:47,INDF,RG,7150,1,D,YU,XC,D
14:31:47,INDF,RG,7150,10,D,YU,SQ,D
14:31:47,INDF,RG,7150,100,D,YU,ES,D
14:31:47,INDF,RG,7150,20,D,YU,PD,D
14:31:47,INDF,RG,7150,100,D,YU,PD,D
14:31:47,INDF,RG,7150,343,D,YU,YP,D
14:31:42,INDF,RG,7150,59,D,BB,YP,D
14:31:39,INDF,RG,7150,17,D,YU,YP,D
14:31:39,INDF,RG,7150,10,D,YU,PD,D
14:31:39,INDF,RG,7150,4,D,YU,PD,D
14:31:39,INDF,RG,7150,5,D,YU,PD,D
14:31:39,INDF,RG,7150,10,D,YU,YP,D
14:31:39,INDF,RG,7150,5,D,YU,YP,D
14:31:39,INDF,RG,7150,25,D,YU,NI,D
14:31:39,INDF,RG,7150,292,D,YU,YU,F
14:31:39,INDF,RG,7125,5,D,YU,LS,D
14:31:39,INDF,RG,7125,100,D,YU,YP,D
14:31:39,INDF,RG,7125,7,D,YU,YP,D
14:31:39,INDF,RG,7125,20,D,YU,GR,D
14:31:28,INDF,RG,7125,2,D,CS,BK,F
14:31:28,INDF,RG,7125,17,D,YU,BK,F
14:31:28,INDF,RG,7125,13,D,YU,BK,F
14:31:28,INDF,RG,7125,99,D,YU,AK,F
14:31:28,INDF,RG,7125,100,D,YU,PD,D
14:31:28,INDF,RG,7125,150,D,YU,EP,D
14:31:28,INDF,RG,7125,72,D,YU,CC,F
14:31:28,INDF,RG,7125,49,D,YU,YP,D
14:31:13,INDF,RG,7100,495,D,OD,PD,D
14:31:13,INDF,RG,7100,5,D,EP,PD,D
14:31:13,INDF,RG,7100,2,D,PD,PD,D
14:31:13,INDF,RG,7100,434,D,NI,PD,D
14:30:58,INDF,RG,7125,51,F,DP,YP,D
14:30:58,INDF,RG,7125,33,F,DP,AZ,D
14:30:58,INDF,RG,7125,15,F,DP,BK,F
14:30:58,INDF,RG,7125,6,F,DP,CC,D
14:30:58,INDF,RG,7125,2,F,DP,AK,F
14:30:53,INDF,RG,7125,60,D,BB,AK,F
14:30:53,INDF,RG,7125,78,D,BB,YP,D
14:30:27,INDF,RG,7125,35,D,BB,YP,D
14:30:07,INDF,RG,7125,14,F,AK,YP,D
14:30:07,INDF,RG,7125,71,F,AK,YP,D
14:30:06,INDF,RG,7125,154,D,BB,YP,D
14:29:57,INDF,RG,7125,2,D,CD,YP,D
14:29:56,INDF,RG,7100,66,D,NI,AK,F
14:29:56,INDF,RG,7100,291,D,NI,AK,F
14:29:51,INDF,RG,7125,10,D,PD,YP,D
14:29:32,INDF,RG,7100,5,D,NI,DR,D
14:29:23,INDF,RG,7100,5,D,NI,HP,D
14:29:22,INDF,RG,7100,61,D,NI,PD,D
14:29:16,INDF,RG,7125,79,D,BB,YP,D
14:29:07,INDF,RG,7125,31,D,BB,YP,D
14:29:02,INDF,RG,7125,47,D,YU,YP,D
14:29:02,INDF,RG,7125,15,D,BB,YP,D
14:29:02,INDF,RG,7125,3,D,BB,YP,D
14:29:02,INDF,RG,7125,61,F,DP,YP,D
14:29:02,INDF,RG,7125,40,D,LG,YP,D
14:28:57,INDF,RG,7125,30,D,LG,YP,D
14:28:57,INDF,RG,7125,65,D,YU,YP,D
14:28:57,INDF,RG,7125,34,D,YU,YP,D
14:28:57,INDF,RG,7125,4,F,DP,YP,D
14:28:57,INDF,RG,7125,6,D,XL,YP,D
14:28:57,INDF,RG,7125,2,F,ZP,YP,D
14:28:57,INDF,RG,7125,2,F,AK,YP,D
14:28:57,INDF,RG,7125,10,F,AK,YP,D
14:28:57,INDF,RG,7125,6,D,BB,YP,D
14:28:57,INDF,RG,7125,41,D,BB,YP,D
14:28:27,INDF,RG,7150,17,D,BB,YU,F
14:28:21,INDF,RG,7125,25,D,BB,YP,D
14:28:14,INDF,RG,7125,1,D,BB,PD,D
14:28:12,INDF,RG,7150,14,D,BB,YU,F
14:28:12,INDF,RG,7150,19,D,BB,BK,F
14:28:00,INDF,RG,7125,7,D,BB,CC,D
14:27:57,INDF,RG,7125,21,D,BB,BK,F
14:27:53,INDF,RG,7125,31,D,BB,BK,F
14:27:50,INDF,RG,7125,27,D,BB,PD,D
14:27:50,INDF,RG,7125,256,F,DP,PD,D
14:27:50,INDF,RG,7125,15,F,KZ,PD,D
14:27:50,INDF,RG,7125,30,D,YU,PD,D
14:27:50,INDF,RG,7125,7,D,CS,PD,D
14:27:50,INDF,RG,7125,517,F,KZ,PD,D
14:27:50,INDF,RG,7125,1,D,XC,PD,D
14:27:50,INDF,RG,7125,5,D,CC,PD,D
14:27:50,INDF,RG,7125,2,D,XC,PD,D
14:27:50,INDF,RG,7125,37,D,YU,PD,D
14:27:50,INDF,RG,7125,9,D,YP,PD,D
14:27:50,INDF,RG,7125,1,D,XL,PD,D
14:27:50,INDF,RG,7125,29,D,YU,PD,D
14:27:47,INDF,RG,7150,6,D,XC,BK,F
14:27:26,INDF,RG,7150,6,D,BB,BK,F
14:27:14,INDF,RG,7125,31,D,YU,PD,D
14:27:14,INDF,RG,7125,3,D,CS,PD,D
14:27:14,INDF,RG,7125,54,D,YU,PD,D
14:27:14,INDF,RG,7125,3,F,AK,PD,D
14:27:14,INDF,RG,7125,149,F,DP,PD,D
14:27:14,INDF,RG,7125,2,F,ZP,PD,D
14:27:14,INDF,RG,7125,5,D,XL,PD,D
14:27:14,INDF,RG,7125,4,D,KK,PD,D
14:27:14,INDF,RG,7125,5,D,YP,PD,D
14:27:14,INDF,RG,7125,1,D,PD,PD,D
14:27:14,INDF,RG,7125,1,D,NI,PD,D
14:27:14,INDF,RG,7125,15,D,AZ,PD,D
14:27:14,INDF,RG,7125,1,F,AK,PD,D
14:27:14,INDF,RG,7125,8,F,AK,PD,D
14:27:14,INDF,RG,7125,17,D,YP,PD,D
14:27:14,INDF,RG,7125,6,D,XC,PD,D
14:27:14,INDF,RG,7125,2,D,PD,PD,D
14:27:14,INDF,RG,7125,28,D,YU,PD,D
14:27:14,INDF,RG,7125,1,D,SQ,PD,D
14:27:14,INDF,RG,7125,2,D,YP,PD,D
14:27:14,INDF,RG,7125,2,D,XC,PD,D
14:27:14,INDF,RG,7125,5,D,CC,PD,D
14:27:14,INDF,RG,7125,33,D,BB,PD,D
14:27:14,INDF,RG,7125,70,D,LG,PD,D
14:27:14,INDF,RG,7125,2,D,LG,PD,D
14:27:14,INDF,RG,7125,5,D,CC,PD,D
14:27:14,INDF,RG,7125,3,D,CC,PD,D
14:27:14,INDF,RG,7125,155,D,BB,PD,D
14:27:14,INDF,RG,7125,1,D,PD,PD,D
14:27:14,INDF,RG,7125,1,D,PD,PD,D
14:27:14,INDF,RG,7125,20,D,NI,PD,D
14:27:14,INDF,RG,7125,5,D,CC,PD,D
14:27:14,INDF,RG,7125,5,D,CC,PD,D
14:27:14,INDF,RG,7125,5,D,YP,PD,D
14:27:14,INDF,RG,7125,6,F,AK,PD,D
14:27:14,INDF,RG,7125,1,D,KK,PD,D
14:27:14,INDF,RG,7125,279,D,NI,PD,D
14:27:13,INDF,RG,7125,3,D,NI,YP,D
14:27:00,INDF,RG,7150,106,D,YU,BK,F
14:27:00,INDF,RG,7150,6,D,YU,LS,D
14:27:00,INDF,RG,7150,14,D,YU,BK,F
14:27:00,INDF,RG,7150,1,D,YU,YP,D
14:27:00,INDF,RG,7150,25,D,YU,DR,D
14:27:00,INDF,RG,7150,54,D,YU,AK,F
14:27:00,INDF,RG,7150,61,D,YU,BK,F
14:26:50,INDF,RG,7150,115,D,BB,BK,F
14:26:50,INDF,RG,7150,1,D,BB,XC,D
14:26:50,INDF,RG,7150,3,D,BB,SQ,D
14:26:50,INDF,RG,7150,5,D,BB,NI,D
14:26:50,INDF,RG,7150,10,D,BB,EP,D
14:26:50,INDF,RG,7150,20,D,BB,GR,D
14:26:50,INDF,RG,7150,4,D,BB,BK,F
14:26:40,INDF,RG,7125,12,D,NI,PD,D
14:26:39,INDF,RG,7125,10,D,NI,PD,D
14:26:33,INDF,RG,7150,25,D,BB,BK,F
14:26:33,INDF,RG,7150,10,D,BB,PD,D
14:26:33,INDF,RG,7150,1,D,BB,LG,D
14:26:33,INDF,RG,7150,1,D,BB,OD,D
14:26:32,INDF,RG,7125,4,D,NI,PD,D
14:26:22,INDF,RG,7125,60,D,NI,PD,D
14:25:56,INDF,RG,7150,49,D,BB,AG,D
14:25:56,INDF,RG,7150,5,D,BB,PD,D
14:25:56,INDF,RG,7150,3,D,BB,PD,D
14:25:56,INDF,RG,7150,81,D,BB,BR,D
14:25:43,INDF,RG,7150,38,D,BB,BR,D
14:25:09,INDF,RG,7150,133,D,BB,BR,D
14:25:00,INDF,RG,7150,187,D,YU,BR,D
14:24:51,INDF,RG,7125,50,D,NI,MG,D
14:24:51,INDF,RG,7150,36,D,BB,BR,D
14:24:48,INDF,RG,7150,1,D,NI,BR,D
14:24:39,INDF,RG,7125,5,D,NI,YP,D
14:24:23,INDF,RG,7150,24,D,BB,BR,D
14:24:23,INDF,RG,7150,13,D,BB,BK,F
14:24:23,INDF,RG,7150,26,D,BB,AK,F
14:24:23,INDF,RG,7150,77,D,BB,BK,F
14:24:02,INDF,RG,7150,39,D,BB,BK,F
14:23:35,INDF,RG,7150,147,D,BB,BK,F
14:23:11,INDF,RG,7125,73,D,NI,PD,D
14:23:08,INDF,RG,7150,33,D,BB,BK,F
14:23:06,INDF,RG,7150,1,D,PD,BK,F
14:22:45,INDF,RG,7150,123,D,BB,BK,F
14:22:45,INDF,RG,7150,33,D,BB,CC,F
14:22:23,INDF,RG,7150,38,D,BB,CC,F
14:22:22,INDF,RG,7125,701,D,NI,PD,D
14:22:22,INDF,RG,7125,1,D,NI,PD,D
14:22:22,INDF,RG,7125,17,D,YP,PD,D
14:22:22,INDF,RG,7125,5,F,KZ,PD,D
14:22:22,INDF,RG,7125,105,F,KZ,PD,D
14:22:22,INDF,RG,7125,103,F,KZ,PD,D
14:22:22,INDF,RG,7125,4,D,YU,PD,D
14:21:52,INDF,RG,7150,133,D,BB,CC,F
14:21:47,INDF,RG,7150,3,D,CC,CC,F
14:21:47,INDF,RG,7150,2,D,CC,NI,D
14:21:44,INDF,RG,7150,39,D,SQ,BK,F
14:21:44,INDF,RG,7150,11,D,SQ,BK,F
14:21:35,INDF,RG,7150,4,D,YP,BK,F
14:21:31,INDF,RG,7150,42,D,BB,BK,F
14:21:31,INDF,RG,7150,12,D,BB,DR,D
14:21:31,INDF,RG,7150,10,D,BB,CC,D
14:21:31,INDF,RG,7150,1,D,BB,XL,D
14:21:06,INDF,RG,7150,192,D,BB,BK,F
14:21:06,INDF,RG,7150,42,D,BB,AK,F
14:20:44,INDF,RG,7150,27,D,BB,AK,F
14:20:34,INDF,RG,7150,60,F,AK,BK,F
14:20:34,INDF,RG,7150,69,F,AK,BK,F
14:20:34,INDF,RG,7150,221,D,NI,BK,F
14:20:34,INDF,RG,7150,48,D,NI,BK,F
14:20:34,INDF,RG,7150,37,D,NI,AK,F
14:20:34,INDF,RG,7150,194,D,NI,EP,D
14:20:24,INDF,RG,7125,14,D,YU,BK,F
14:20:22,INDF,RG,7125,20,D,YU,PD,D
14:20:22,INDF,RG,7125,29,D,YU,PD,D
14:20:22,INDF,RG,7125,3,D,BB,PD,D
14:20:22,INDF,RG,7125,7,D,YP,PD,D
14:20:22,INDF,RG,7125,39,D,YU,PD,D
14:20:22,INDF,RG,7125,9,F,AK,PD,D
14:20:22,INDF,RG,7125,1,F,AK,PD,D
14:20:22,INDF,RG,7125,1,D,YB,PD,D
14:20:22,INDF,RG,7125,1,F,AK,PD,D
14:20:22,INDF,RG,7125,91,D,YU,PD,D
14:20:22,INDF,RG,7125,1,D,XL,PD,D
14:20:22,INDF,RG,7125,11,F,AK,PD,D
14:20:22,INDF,RG,7125,50,D,OD,PD,D
14:20:22,INDF,RG,7125,1,F,AK,PD,D
14:20:22,INDF,RG,7125,1500,D,YU,PD,D
14:20:22,INDF,RG,7125,95,D,YU,PD,D
14:20:22,INDF,RG,7125,1,D,XL,PD,D
14:20:22,INDF,RG,7125,1,D,XL,PD,D
14:20:22,INDF,RG,7125,2,D,YP,PD,D
14:20:22,INDF,RG,7125,10,D,CC,PD,D
14:20:17,INDF,RG,7150,3,D,BB,EP,D
14:20:17,INDF,RG,7150,10,D,BB,EP,D
14:20:17,INDF,RG,7150,3,D,CS,EP,D
14:20:17,INDF,RG,7150,40,F,DP,EP,D
14:20:16,INDF,RG,7150,115,F,DP,BK,F
14:20:16,INDF,RG,7150,74,D,YU,BK,F
14:20:16,INDF,RG,7150,10,D,BB,BK,F
14:20:16,INDF,RG,7150,14,D,BB,BK,F
14:20:16,INDF,RG,7150,8,F,KZ,BK,F
14:20:16,INDF,RG,7150,1,F,ZP,BK,F
14:20:16,INDF,RG,7150,17,D,YP,BK,F
14:20:16,INDF,RG,7150,2,F,AK,BK,F
14:20:16,INDF,RG,7150,7,F,AK,BK,F
14:20:16,INDF,RG,7150,37,D,OD,BK,F
14:20:16,INDF,RG,7150,215,F,KZ,BK,F
14:20:15,INDF,RG,7150,10,F,KZ,CC,D
14:20:06,INDF,RG,7150,54,F,KZ,PD,D
14:20:06,INDF,RG,7150,5,D,CS,PD,D
14:20:06,INDF,RG,7150,14,F,DP,PD,D
14:20:03,INDF,RG,7175,41,D,BB,CC,D
14:20:03,INDF,RG,7175,125,D,BB,PD,D
14:20:03,INDF,RG,7175,2,D,BB,LG,D
14:20:03,INDF,RG,7175,5,D,BB,YP,D
14:20:03,INDF,RG,7175,5,D,BB,YP,D
14:20:03,INDF,RG,7175,1,D,BB,NI,D
14:20:03,INDF,RG,7175,3,D,BB,PD,D
14:20:03,INDF,RG,7175,57,D,BB,YJ,D
14:19:45,INDF,RG,7150,22,F,DP,AZ,D
14:19:45,INDF,RG,7150,13,D,BB,AZ,D
14:19:37,INDF,RG,7175,14,D,XC,YJ,D
14:19:11,INDF,RG,7175,55,D,BB,YJ,D
14:19:04,INDF,RG,7175,1,D,PD,YJ,D
14:19:00,INDF,RG,7175,1,F,AK,YJ,D
14:19:00,INDF,RG,7175,163,D,YU,YJ,D
14:18:42,INDF,RG,7175,209,D,BB,YJ,D
14:18:42,INDF,RG,7175,2,D,BB,PD,D
14:18:42,INDF,RG,7175,1,D,BB,PD,D
14:18:42,INDF,RG,7175,5,D,BB,GR,D
14:18:42,INDF,RG,7175,3,D,BB,LG,D
14:18:42,INDF,RG,7175,1,D,BB,CC,D
14:18:42,INDF,RG,7175,10,D,BB,ZP,D
14:18:42,INDF,RG,7175,2,D,BB,XC,D
14:18:42,INDF,RG,7175,1,D,BB,XC,D
14:17:55,INDF,RG,7175,15,D,BB,PD,D
14:17:55,INDF,RG,7175,2,D,BB,PD,D
14:17:55,INDF,RG,7175,1,D,BB,NI,D
14:17:55,INDF,RG,7175,3,D,BB,NI,D
14:17:55,INDF,RG,7175,1,D,BB,EP,D
14:17:55,INDF,RG,7175,17,D,BB,OD,D
14:17:52,INDF,RG,7150,1,D,BB,PD,D
14:17:51,INDF,RG,7175,25,D,YP,OD,D
14:17:45,INDF,RG,7175,1,D,KK,OD,D
14:17:45,INDF,RG,7175,2,F,AK,OD,D
14:17:45,INDF,RG,7175,5,F,AK,YB,D
14:17:39,INDF,RG,7175,1,D,XC,YB,D
14:17:34,INDF,RG,7175,1,F,AK,YB,D
14:17:22,INDF,RG,7175,3,D,BB,YB,D
14:17:22,INDF,RG,7175,3,D,BB,YP,D
14:17:22,INDF,RG,7175,100,D,BB,NI,D
14:17:22,INDF,RG,7175,8,D,BB,XL,D
14:17:22,INDF,RG,7175,2,D,BB,YP,D
14:17:22,INDF,RG,7175,1,D,BB,YP,D
14:17:22,INDF,RG,7175,5,D,BB,YP,D
14:17:22,INDF,RG,7175,2,D,BB,PD,D
14:17:22,INDF,RG,7175,10,D,BB,PD,D
14:17:22,INDF,RG,7175,10,D,BB,XC,D
14:17:22,INDF,RG,7175,26,D,BB,DR,D
14:17:22,INDF,RG,7175,3,D,BB,PD,D
14:17:22,INDF,RG,7175,2,D,BB,PD,D
14:17:22,INDF,RG,7175,1,D,BB,OD,D
14:17:22,INDF,RG,7175,1,D,BB,KK,D
14:17:22,INDF,RG,7175,1,D,BB,KK,D
14:17:22,INDF,RG,7175,5,D,BB,KK,D
14:17:22,INDF,RG,7175,2,D,BB,LS,D
14:17:22,INDF,RG,7175,5,D,BB,PD,D
14:17:22,INDF,RG,7175,5,D,BB,AZ,D
14:17:22,INDF,RG,7125,67,D,CC,PD,D
14:17:22,INDF,RG,7150,13,D,BB,YP,D
14:17:17,INDF,RG,7150,36,D,CC,BK,F
14:17:17,INDF,RG,7150,10,D,CC,YJ,D
14:17:17,INDF,RG,7150,3,D,CC,CC,D
14:17:17,INDF,RG,7150,1,D,CC,AK,F
14:16:47,INDF,RG,7150,10,D,PD,AK,F
14:16:41,INDF,RG,7150,20,D,XL,AK,F
14:16:30,INDF,RG,7150,7,D,BB,AK,F
14:16:30,INDF,RG,7150,28,D,BB,PD,D
14:16:30,INDF,RG,7150,21,F,DP,PD,D
14:16:29,INDF,RG,7150,36,F,DP,PD,D
14:16:29,INDF,RG,7150,3,D,BB,PD,D
14:16:29,INDF,RG,7150,12,D,YU,PD,D
14:16:29,INDF,RG,7150,2,D,YU,AI,D
14:16:22,INDF,RG,7150,22,D,YU,YP,D
14:16:14,INDF,RG,7150,1,D,YU,TP,D
14:16:10,INDF,RG,7175,8,D,BB,AZ,D
14:16:10,INDF,RG,7175,30,D,BB,ZP,D
14:16:10,INDF,RG,7175,1,D,BB,YP,D
14:16:10,INDF,RG,7175,15,D,BB,GR,D
14:16:10,INDF,RG,7175,169,D,BB,GR,D
14:16:05,INDF,RG,7150,9,D,YU,PD,D
14:16:00,INDF,RG,7175,5,D,YP,GR,D
14:15:39,INDF,RG,7175,17,D,BB,GR,D
14:15:38,INDF,RG,7150,17,D,BB,SQ,D
14:15:15,INDF,RG,7150,10,F,DP,SQ,D
14:15:15,INDF,RG,7150,1,F,DP,SQ,D
14:15:15,INDF,RG,7150,4,D,CS,SQ,D
14:15:15,INDF,RG,7150,1,F,AK,SQ,D
14:15:15,INDF,RG,7150,7,F,AK,SQ,D
14:15:00,INDF,RG,7175,156,D,YU,GR,D
14:15:00,INDF,RG,7175,38,D,YU,GR,D
14:15:00,INDF,RG,7175,29,D,YU,GR,D
14:14:54,INDF,RG,7175,214,D,BB,GR,D
14:14:52,INDF,RG,7175,37,D,BB,GR,D
14:14:51,INDF,RG,7150,5,D,BB,YP,D
14:14:51,INDF,RG,7150,5,D,BB,PD,D
14:14:51,INDF,RG,7150,30,D,BB,YP,D
14:14:34,INDF,RG,7150,1,F,ZP,YP,D
14:14:18,INDF,RG,7150,12,F,DP,YP,D
14:14:17,INDF,RG,7150,42,F,DP,YP,D
14:14:17,INDF,RG,7150,17,D,YP,YP,D
14:14:17,INDF,RG,7150,34,D,BB,YP,D
14:14:17,INDF,RG,7150,364,D,NI,YP,D
14:14:05,INDF,RG,7150,15,D,NI,GR,D
14:14:02,INDF,RG,7150,73,D,NI,PD,D
14:14:01,INDF,RG,7150,48,D,NI,AK,F
14:13:58,INDF,RG,7150,5,D,CC,AK,F
14:13:55,INDF,RG,7150,10,F,AK,BK,F
14:13:55,INDF,RG,7150,56,F,AK,AK,F
14:13:55,INDF,RG,7150,3,F,AK,AK,F
14:13:54,INDF,RG,7150,7,F,DP,AK,F
14:13:54,INDF,RG,7150,3,F,DP,PD,D
14:13:54,INDF,RG,7150,10,F,DP,PD,D
14:13:46,INDF,RG,7150,1,D,BB,NI,F
14:13:46,INDF,RG,7150,18,D,BB,NI,F
14:13:46,INDF,RG,7150,1,F,DP,NI,F
14:13:46,INDF,RG,7175,165,D,BB,GR,D
14:13:46,INDF,RG,7175,1,D,BB,PD,D
14:13:46,INDF,RG,7175,5,D,BB,EP,D
14:13:46,INDF,RG,7175,1,D,BB,YP,D
14:13:46,INDF,RG,7175,2,D,BB,CC,D
14:13:46,INDF,RG,7175,2,D,BB,PD,D
14:13:46,INDF,RG,7175,164,D,BB,ZP,D
14:13:44,INDF,RG,7175,336,D,BB,ZP,D
14:13:44,INDF,RG,7175,5,D,BB,CD,D
14:13:44,INDF,RG,7175,3,D,BB,LG,D
14:13:44,INDF,RG,7175,1,D,BB,KK,D
14:13:44,INDF,RG,7175,1,D,BB,XC,D
14:13:44,INDF,RG,7175,100,D,BB,YP,D
14:13:44,INDF,RG,7175,1,D,BB,PD,D
14:13:44,INDF,RG,7175,5,D,BB,KK,D
14:13:44,INDF,RG,7175,1,D,BB,PD,D
14:13:44,INDF,RG,7175,5,D,BB,KK,D
14:13:44,INDF,RG,7175,10,D,BB,YP,D
14:13:44,INDF,RG,7175,4,D,BB,LS,D
14:13:44,INDF,RG,7175,20,D,BB,SQ,D
14:13:44,INDF,RG,7175,26,D,BB,BK,F
14:13:44,INDF,RG,7175,1,D,BB,PD,D
14:13:44,INDF,RG,7175,2,D,BB,XC,D
14:13:44,INDF,RG,7175,16,D,BB,BK,F
14:13:44,INDF,RG,7175,25,D,BB,YP,D
14:13:44,INDF,RG,7175,50,D,BB,YP,D
14:13:44,INDF,RG,7175,2,D,BB,YJ,D
14:13:44,INDF,RG,7175,25,D,BB,PD,D
14:13:44,INDF,RG,7175,1,D,BB,NI,D
14:13:44,INDF,RG,7175,20,D,BB,PD,D
14:13:44,INDF,RG,7175,10,D,BB,KK,D
14:13:44,INDF,RG,7175,1,D,BB,PD,D
14:13:44,INDF,RG,7175,1,D,BB,XL,D
14:13:44,INDF,RG,7175,10,D,BB,YP,D
14:13:44,INDF,RG,7175,4,D,BB,YU,D
14:13:44,INDF,RG,7175,1,D,BB,GR,D
14:13:44,INDF,RG,7175,3,D,BB,AZ,D
14:13:44,INDF,RG,7175,2,D,BB,YP,D
14:13:44,INDF,RG,7175,2,D,BB,KK,D
14:13:44,INDF,RG,7175,3,D,BB,PD,D
14:13:44,INDF,RG,7175,1,D,BB,DR,D
14:13:44,INDF,RG,7175,1,D,BB,TF,D
14:13:44,INDF,RG,7175,1,D,BB,YP,D
14:13:44,INDF,RG,7175,10,D,BB,PD,D
14:13:44,INDF,RG,7175,100,D,BB,KK,D
14:13:44,INDF,RG,7175,5,D,BB,PO,D
14:13:44,INDF,RG,7175,1,D,BB,DR,D
14:13:44,INDF,RG,7175,1,D,BB,YP,D
14:13:44,INDF,RG,7175,5,D,BB,NI,D
14:13:44,INDF,RG,7175,8,D,BB,YP,D
14:13:44,INDF,RG,7175,99,D,BB,YP,D
14:13:44,INDF,RG,7175,1,D,BB,KK,D
14:13:44,INDF,RG,7175,10,D,BB,YP,D
14:13:44,INDF,RG,7175,1,D,BB,YP,D
14:13:44,INDF,RG,7175,1,D,BB,XL,D
14:13:44,INDF,RG,7175,1,D,BB,AT,D
14:13:44,INDF,RG,7175,2,D,BB,YP,D
14:13:44,INDF,RG,7175,1,D,BB,XC,D
14:13:44,INDF,RG,7175,1,D,BB,DR,D
14:13:44,INDF,RG,7175,3,D,BB,SQ,D
14:13:44,INDF,RG,7175,25,D,BB,YP,F
14:13:44,INDF,RG,7175,36,D,BB,PD,D
14:13:44,INDF,RG,7175,1,D,BB,YP,D
14:13:44,INDF,RG,7175,5,D,BB,AZ,D
14:13:44,INDF,RG,7175,25,D,BB,LS,D
14:13:44,INDF,RG,7175,2,D,BB,AZ,D
14:13:44,INDF,RG,7175,17,D,BB,PD,D
14:13:44,INDF,RG,7175,435,D,BB,YP,D
14:13:39,INDF,RG,7150,27,F,DP,YP,D
14:13:39,INDF,RG,7150,50,D,SQ,YP,D
14:13:39,INDF,RG,7150,1,F,ZP,YP,D
14:13:39,INDF,RG,7150,8,D,BB,YP,D
14:13:39,INDF,RG,7150,14,D,YU,YP,D
14:13:23,INDF,RG,7150,60,D,YU,YP,D
14:13:23,INDF,RG,7150,11,D,BB,YP,D
14:13:23,INDF,RG,7150,27,F,DP,YP,D
14:13:23,INDF,RG,7150,2,D,CC,YP,D
14:13:04,INDF,RG,7150,1,D,BB,SQ,D
14:12:58,INDF,RG,7150,4,D,BB,YP,D
14:12:58,INDF,RG,7150,18,D,BB,YP,D
14:12:58,INDF,RG,7150,69,F,DP,YP,D
14:12:58,INDF,RG,7150,9,D,YU,YP,D
14:12:27,INDF,RG,7150,76,D,YU,YP,D
14:12:27,INDF,RG,7150,1,D,XL,YP,D
14:12:27,INDF,RG,7150,1,D,XC,YP,D
14:12:27,INDF,RG,7150,17,D,YP,YP,D
14:12:27,INDF,RG,7150,18,D,BB,YP,D
14:12:27,INDF,RG,7150,2,D,BB,YP,D
14:12:27,INDF,RG,7150,1,D,CS,YP,D
14:12:27,INDF,RG,7150,2,D,CS,YP,D
14:12:27,INDF,RG,7150,15,F,DP,YP,D
14:12:27,INDF,RG,7150,17,D,OD,YP,D
14:11:49,INDF,RG,7150,2,D,OD,PD,D
14:11:38,INDF,RG,7150,8,D,OD,PD,D
14:11:13,INDF,RG,7150,10,D,OD,PD,D
14:11:13,INDF,RG,7150,20,F,DP,PD,D
14:11:13,INDF,RG,7150,7,F,KZ,PD,D
14:11:13,INDF,RG,7150,2,D,BB,PD,D
14:11:13,INDF,RG,7150,1,D,CS,PD,D
14:11:13,INDF,RG,7150,2,D,CS,PD,D
14:11:13,INDF,RG,7150,3,D,CS,PD,D
14:11:13,INDF,RG,7150,27,D,OD,PD,D
14:11:11,INDF,RG,7150,1,D,OD,PD,D
14:11:00,INDF,RG,7175,131,D,YU,YP,D
14:10:50,INDF,RG,7175,1038,D,BB,YP,D
14:10:50,INDF,RG,7150,13,D,BB,BK,F
14:10:50,INDF,RG,7150,10,D,BB,EP,D
14:10:50,INDF,RG,7150,3,D,BB,CD,D
14:10:50,INDF,RG,7150,20,D,BB,CC,F
14:10:49,INDF,RG,7150,3,D,PD,CC,F
14:10:44,INDF,RG,7150,1,F,ZP,CC,F
14:10:44,INDF,RG,7150,59,F,DP,CC,F
14:10:44,INDF,RG,7150,6,F,DP,EP,D
14:10:44,INDF,RG,7150,1,F,DP,PD,D
14:10:44,INDF,RG,7150,5,F,DP,NI,D
14:10:44,INDF,RG,7150,1,F,DP,XC,D
14:10:44,INDF,RG,7150,1,F,DP,SQ,D
14:10:42,INDF,RG,7150,1,D,CS,SQ,D
14:10:24,INDF,RG,7150,6,F,KZ,SQ,D
14:10:24,INDF,RG,7150,1,F,KZ,YP,D
14:10:24,INDF,RG,7150,2,F,KZ,CC,D
14:10:24,INDF,RG,7150,5,F,KZ,PD,D
14:10:24,INDF,RG,7150,13,F,KZ,XL,D
14:10:24,INDF,RG,7150,4,F,KZ,PD,D
14:10:24,INDF,RG,7150,29,F,KZ,BK,F
14:10:24,INDF,RG,7150,50,F,KZ,TP,D
14:10:24,INDF,RG,7150,1,F,KZ,XC,D
14:10:24,INDF,RG,7150,9,F,KZ,KK,D
14:10:24,INDF,RG,7150,40,F,KZ,ZP,D
14:10:24,INDF,RG,7150,115,F,KZ,AK,F
14:10:21,INDF,RG,7150,1,D,CS,AK,F
14:10:20,INDF,RG,7150,67,D,BB,AK,F
14:10:20,INDF,RG,7150,2,D,BB,DX,D
14:10:20,INDF,RG,7150,1,D,BB,GR,D
14:10:20,INDF,RG,7150,5,D,BB,CC,D
14:10:20,INDF,RG,7150,233,D,BB,YU,F
14:10:13,INDF,RG,7125,22,D,CC,EP,D
14:09:45,INDF,RG,7125,1,D,CC,EP,D
14:09:45,INDF,RG,7125,9,F,AK,EP,D
14:09:45,INDF,RG,7125,2,F,AK,EP,D
14:09:45,INDF,RG,7125,3,D,PD,EP,D
14:09:45,INDF,RG,7125,1,D,XC,EP,D
14:09:45,INDF,RG,7125,2,D,CC,EP,D
14:09:45,INDF,RG,7125,1,D,PD,EP,D
14:09:45,INDF,RG,7125,20,D,IF,EP,D
14:09:45,INDF,RG,7125,5,D,KK,EP,D
14:09:45,INDF,RG,7125,17,D,YP,EP,D
14:09:45,INDF,RG,7125,5,D,SQ,EP,D
14:09:45,INDF,RG,7125,11,D,BB,EP,D
14:09:44,INDF,RG,7150,15,D,DH,YU,F
14:09:32,INDF,RG,7150,25,F,AK,YU,F
14:09:32,INDF,RG,7150,11,F,AK,YU,F
14:09:32,INDF,RG,7150,7,D,CC,YU,F
14:09:32,INDF,RG,7150,1,F,ZP,YU,F
14:09:32,INDF,RG,7150,241,F,DP,YU,F
14:09:31,INDF,RG,7150,2,D,CS,YU,F
14:09:26,INDF,RG,7150,3,D,CC,YU,F
14:08:15,INDF,RG,7150,9,F,AK,YU,F
14:08:00,INDF,RG,7150,2,D,CS,YU,F
14:08:00,INDF,RG,7150,206,D,YU,YU,F
14:08:00,INDF,RG,7150,10,D,YU,EP,D
14:08:00,INDF,RG,7150,3,D,YU,PD,D
14:08:00,INDF,RG,7150,40,D,YU,YP,D
14:08:00,INDF,RG,7150,10,D,YU,YP,D
14:08:00,INDF,RG,7150,20,D,YU,FS,D
14:08:00,INDF,RG,7150,9,D,YU,PD,D
14:07:45,INDF,RG,7150,1,F,AK,PD,D
14:07:45,INDF,RG,7150,1,F,AK,BK,F
14:07:38,INDF,RG,7125,3,D,BB,YP,D
14:07:33,INDF,RG,7125,73,D,BB,PD,D
14:07:15,INDF,RG,7150,1,D,LG,BK,F
14:07:15,INDF,RG,7150,1,F,ZP,BK,F
14:07:10,INDF,RG,7150,19,D,YP,BK,F
14:07:10,INDF,RG,7150,2,D,YP,YP,D
14:07:10,INDF,RG,7150,79,D,YP,CC,D
14:07:00,INDF,RG,7150,1,D,XL,CC,D
14:06:58,INDF,RG,7125,1,D,BB,PD,D
14:06:55,INDF,RG,7125,11,D,BB,XL,D
14:06:38,INDF,RG,7150,1,F,ZP,CC,D
14:06:16,INDF,RG,7150,1,D,CS,CC,D
14:06:15,INDF,RG,7150,1,F,AK,CC,D
14:06:11,INDF,RG,7150,1,D,YP,CC,D
14:06:09,INDF,RG,7150,104,F,DP,CC,D
14:06:00,INDF,RG,7150,5,D,XC,CC,D
14:05:46,INDF,RG,7150,1,D,CS,CC,D
14:05:18,INDF,RG,7150,1,F,ZP,CC,D
14:05:00,INDF,RG,7150,1,D,CS,CC,D
14:05:00,INDF,RG,7150,4,D,YU,CC,D
14:05:00,INDF,RG,7150,2,D,YU,YP,D
14:05:00,INDF,RG,7150,3,D,YU,PD,D
14:05:00,INDF,RG,7150,60,D,YU,KK,D
14:05:00,INDF,RG,7150,8,D,YU,CC,D
14:05:00,INDF,RG,7150,107,D,YU,CP,D
14:04:58,INDF,RG,7150,15,D,PD,CP,D
14:04:56,INDF,RG,7150,17,D,YP,CP,D
14:04:50,INDF,RG,7150,11,D,XC,CP,D
14:04:50,INDF,RG,7150,14,D,XC,CP,D
14:04:24,INDF,RG,7150,8,F,KZ,CP,D
14:04:24,INDF,RG,7150,78,F,KZ,CP,D
14:04:24,INDF,RG,7150,100,F,KZ,DR,D
14:04:24,INDF,RG,7150,5,F,KZ,PD,D
14:04:24,INDF,RG,7150,5,F,KZ,PD,D
14:04:24,INDF,RG,7150,10,F,KZ,PD,D
14:04:24,INDF,RG,7150,1,F,KZ,YP,D
14:04:24,INDF,RG,7150,3,F,KZ,PD,D
14:04:24,INDF,RG,7150,2,F,KZ,YP,D
14:04:24,INDF,RG,7150,9,F,KZ,PD,D
14:04:24,INDF,RG,7150,2,F,KZ,YP,D
14:04:24,INDF,RG,7150,30,F,KZ,AK,F
14:04:24,INDF,RG,7150,2,F,KZ,SQ,D
14:04:24,INDF,RG,7150,10,F,KZ,YP,D
14:04:24,INDF,RG,7150,1,F,KZ,XL,D
14:04:24,INDF,RG,7150,32,F,KZ,CC,F
14:04:24,INDF,RG,7150,10,F,KZ,YP,D
14:04:24,INDF,RG,7150,19,F,KZ,YU,F
14:04:22,INDF,RG,7150,180,F,DP,YU,F
14:04:20,INDF,RG,7150,374,D,NI,YU,F
14:04:20,INDF,RG,7150,37,D,NI,BK,F
14:04:20,INDF,RG,7150,589,D,NI,YB,D
14:04:18,INDF,RG,7125,97,D,BB,PD,D
14:03:33,INDF,RG,7150,57,F,AK,YB,D
14:03:33,INDF,RG,7150,8,F,AK,YB,D
14:03:32,INDF,RG,7150,1,F,ZP,YB,D
14:03:32,INDF,RG,7150,573,D,BB,YB,D
14:03:19,INDF,RG,7150,47,D,BB,YB,D
14:02:58,INDF,RG,7150,20,D,XL,YB,D
14:02:30,INDF,RG,7150,1,F,AK,YB,D
14:02:15,INDF,RG,7150,13,F,AK,YB,D
14:01:42,INDF,RG,7125,10,D,BB,YP,D
14:01:20,INDF,RG,7150,6,D,NI,YB,D
14:01:00,INDF,RG,7150,184,D,YU,YB,D
14:00:15,INDF,RG,7150,1,F,AK,YB,D
14:00:00,INDF,RG,7150,43,D,YU,YB,D
13:59:14,INDF,RG,7150,8,F,AK,YB,D
13:59:14,INDF,RG,7125,20,D,BB,YU,D
13:58:55,INDF,RG,7125,34,D,BB,PD,D
13:58:53,INDF,RG,7125,1,D,BB,KK,D
13:58:21,INDF,RG,7125,1,D,BB,NI,D
13:58:15,INDF,RG,7150,1,F,AK,YB,D
13:58:00,INDF,RG,7150,227,D,YU,YB,D
13:57:49,INDF,RG,7150,10,D,PD,YB,D
13:57:30,INDF,RG,7125,1,D,BB,PD,D
13:57:29,INDF,RG,7150,1,D,XL,YB,D
13:57:05,INDF,RG,7150,2,D,CC,YB,D
13:56:11,INDF,RG,7150,232,D,BB,YB,D
13:56:10,INDF,RG,7150,27,D,YP,YB,D
13:56:07,INDF,RG,7125,4,D,BB,BK,F
13:56:06,INDF,RG,7150,5,D,CC,YB,D
13:55:58,INDF,RG,7150,112,D,XC,YB,D
13:55:53,INDF,RG,7150,69,F,DP,YB,D
13:55:53,INDF,RG,7150,1,D,XC,YB,D
13:55:53,INDF,RG,7150,7,D,CS,YB,D
13:55:53,INDF,RG,7150,1,F,ZP,YB,D
13:55:53,INDF,RG,7150,1,D,XL,YB,D
13:55:53,INDF,RG,7150,228,F,DP,YB,D
13:55:53,INDF,RG,7150,7,F,KZ,YB,D
13:55:53,INDF,RG,7150,25,D,DX,YB,D
13:55:53,INDF,RG,7150,30,D,YU,YB,D
13:55:53,INDF,RG,7150,2,F,ZP,YB,D
13:55:53,INDF,RG,7150,294,F,KZ,YB,D
13:55:53,INDF,RG,7150,50,D,OD,YB,D
13:55:53,INDF,RG,7150,2,D,NI,YB,D
13:55:53,INDF,RG,7150,1,F,AK,YB,D
13:55:53,INDF,RG,7150,7,F,AK,YB,D
13:55:53,INDF,RG,7150,215,D,BB,YB,D
13:55:53,INDF,RG,7150,1,D,PD,YB,D
13:55:53,INDF,RG,7150,38,D,BB,YB,D
13:55:53,INDF,RG,7150,3,D,CC,YB,D
13:55:53,INDF,RG,7150,440,D,NI,YB,D
13:55:45,INDF,RG,7150,10,D,NI,RO,D
13:55:35,INDF,RG,7150,34,D,NI,PD,D
13:55:30,INDF,RG,7175,8,F,AK,YP,D
13:55:23,INDF,RG,7175,40,D,BB,YP,D
13:55:20,INDF,RG,7150,7,D,NI,OD,D
13:54:36,INDF,RG,7150,9,D,NI,SQ,D
13:54:36,INDF,RG,7150,11,F,DP,SQ,D
13:54:27,INDF,RG,7175,47,D,BB,YP,D
13:54:20,INDF,RG,7175,1,D,NI,YP,D
13:54:00,INDF,RG,7175,241,D,YU,YP,D
13:53:23,INDF,RG,7175,3,F,AK,YP,D
13:53:23,INDF,RG,7175,48,D,BB,YP,D
13:53:00,INDF,RG,7175,8,D,YU,YP,D
13:53:00,INDF,RG,7175,1,D,YU,YP,D
13:53:00,INDF,RG,7175,5,D,YU,CC,D
13:53:00,INDF,RG,7175,5,D,YU,DR,D
13:53:00,INDF,RG,7175,5,D,YU,PD,D
13:53:00,INDF,RG,7175,14,D,YU,PC,D
13:52:40,INDF,RG,7175,15,D,BB,PC,D
13:52:40,INDF,RG,7175,10,D,BB,GR,D
13:52:40,INDF,RG,7175,1,D,BB,YP,D
13:52:40,INDF,RG,7175,50,D,BB,XA,D
13:52:40,INDF,RG,7175,10,D,BB,YP,D
13:52:40,INDF,RG,7175,10,D,BB,YP,D
13:52:40,INDF,RG,7175,1,D,BB,PD,D
13:52:40,INDF,RG,7175,10,D,BB,YU,D
13:52:40,INDF,RG,7175,5,D,BB,YP,D
13:52:40,INDF,RG,7175,2,D,BB,LG,D
13:52:40,INDF,RG,7175,10,D,BB,YP,D
13:52:40,INDF,RG,7175,10,D,BB,YP,D
13:52:40,INDF,RG,7175,1,D,BB,KK,D
13:52:40,INDF,RG,7175,48,D,BB,SQ,D
13:52:40,INDF,RG,7175,7,D,BB,PD,D
13:52:40,INDF,RG,7175,20,D,BB,YP,D
13:52:40,INDF,RG,7175,1,D,BB,YP,D
13:52:40,INDF,RG,7175,5,D,BB,YP,D
13:52:40,INDF,RG,7175,5,D,BB,NI,D
13:52:40,INDF,RG,7175,1,D,BB,OD,D
13:52:40,INDF,RG,7175,58,D,BB,YP,D
13:52:40,INDF,RG,7175,10,D,BB,PD,D
13:52:40,INDF,RG,7175,1,D,BB,YP,D
13:52:40,INDF,RG,7175,10,D,BB,PD,D
13:52:40,INDF,RG,7175,1,D,BB,YP,D
13:52:40,INDF,RG,7175,1,D,BB,YU,D
13:52:40,INDF,RG,7175,5,D,BB,GR,D
13:52:40,INDF,RG,7175,131,D,BB,CP,D
13:52:18,INDF,RG,7175,36,D,BB,CP,D
13:52:18,INDF,RG,7150,7,D,BB,CP,D
13:52:18,INDF,RG,7150,1,D,PD,CP,D
13:52:18,INDF,RG,7150,2,F,DP,CP,D
13:52:17,INDF,RG,7150,8,F,DP,KK,D
13:52:04,INDF,RG,7150,6,F,AK,XL,D
13:52:03,INDF,RG,7150,4,F,DP,XL,D
13:52:01,INDF,RG,7150,2,F,DP,BQ,D
13:52:00,INDF,RG,7175,167,D,YU,CP,D
13:51:54,INDF,RG,7150,16,F,DP,KK,D
13:51:54,INDF,RG,7150,28,F,DP,KK,D
13:51:54,INDF,RG,7150,1,F,ZP,KK,D
13:51:54,INDF,RG,7150,3,D,CS,KK,D
13:51:54,INDF,RG,7150,2,D,CC,KK,D
13:51:37,INDF,RG,7150,1,D,CC,KK,D
13:51:24,INDF,RG,7150,5,F,AK,OD,D
13:51:20,INDF,RG,7175,452,D,BB,CP,D
13:51:20,INDF,RG,7150,13,F,AK,BK,F
13:51:19,INDF,RG,7150,43,D,BB,BK,F
13:51:19,INDF,RG,7150,30,D,BB,BK,F
13:51:19,INDF,RG,7150,44,D,BB,NI,D
13:51:04,INDF,RG,7150,20,D,XC,NI,D
13:50:56,INDF,RG,7150,21,F,DP,NI,D
13:50:56,INDF,RG,7150,1,D,CS,NI,D
13:50:56,INDF,RG,7150,3,D,CS,NI,D
13:50:56,INDF,RG,7150,4,D,BB,NI,D
13:50:56,INDF,RG,7150,57,F,DP,NI,D
13:50:40,INDF,RG,7150,1,F,DP,XL,D
13:50:36,INDF,RG,7150,5,F,DP,FS,D
13:50:35,INDF,RG,7150,3,D,BB,FS,D
13:50:35,INDF,RG,7150,41,D,BB,FS,D
13:50:35,INDF,RG,7150,1,F,DP,FS,D
13:50:19,INDF,RG,7150,3,F,DP,SQ,D
13:50:19,INDF,RG,7150,7,D,BB,SQ,D
13:50:07,INDF,RG,7150,4,D,CS,PD,D
13:50:07,INDF,RG,7150,1,F,ZP,PD,D
13:50:07,INDF,RG,7150,29,D,YU,PD,D
13:50:03,INDF,RG,7150,5,D,YU,XA,D
13:50:02,INDF,RG,7150,55,D,YU,KI,D
13:49:56,INDF,RG,7175,340,D,BB,CP,D
13:49:51,INDF,RG,7150,5,D,YU,XA,D
13:49:08,INDF,RG,7150,10,D,YU,XA,D
13:49:00,INDF,RG,7150,20,D,YU,CC,D
13:49:00,INDF,RG,7150,2,D,YU,PD,D
13:49:00,INDF,RG,7150,1,D,YU,YP,D
13:48:47,INDF,RG,7150,2,D,PD,YP,D
13:48:45,INDF,RG,7150,5,D,PD,YP,D
13:48:31,INDF,RG,7150,1,D,PD,YP,D
13:48:14,INDF,RG,7125,1,D,BB,NI,D
13:47:48,INDF,RG,7150,1,D,AT,YP,D
13:47:33,INDF,RG,7125,21,D,BB,BK,F
13:47:28,INDF,RG,7125,36,D,BB,BK,F
13:47:23,INDF,RG,7125,56,D,BB,BK,F
13:47:23,INDF,RG,7125,5,D,CC,BK,F
13:47:23,INDF,RG,7125,7,D,BB,BK,F
13:47:23,INDF,RG,7125,1,D,NI,BK,F
13:47:23,INDF,RG,7125,5,D,CC,BK,F
13:47:23,INDF,RG,7125,5,D,CC,BK,F
13:47:23,INDF,RG,7125,1,D,KK,BK,F
13:47:23,INDF,RG,7125,4,D,BB,BK,F
13:47:23,INDF,RG,7125,5,D,GR,BK,F
13:47:23,INDF,RG,7125,1,D,YP,BK,F
13:47:23,INDF,RG,7125,165,D,YU,BK,F
13:47:21,INDF,RG,7175,22,D,BB,CP,D
13:47:21,INDF,RG,7175,99,D,BB,YP,D
13:47:21,INDF,RG,7175,1,D,BB,PD,D
13:47:21,INDF,RG,7175,48,D,BB,ZP,D
13:47:21,INDF,RG,7175,2,D,BB,YP,D
13:47:21,INDF,RG,7175,2,D,BB,PD,D
13:47:21,INDF,RG,7175,5,D,BB,YP,D
13:47:21,INDF,RG,7175,1,D,BB,EP,D
13:47:21,INDF,RG,7175,1,D,BB,PD,D
13:47:21,INDF,RG,7175,10,D,BB,YP,D
13:47:21,INDF,RG,7175,100,D,BB,NI,D
13:47:21,INDF,RG,7175,4,D,BB,YB,D
13:47:21,INDF,RG,7175,1,D,BB,YP,D
13:47:21,INDF,RG,7175,1,D,BB,YP,D
13:47:21,INDF,RG,7175,5,D,BB,YP,D
13:47:21,INDF,RG,7175,23,D,BB,YP,D
13:47:21,INDF,RG,7175,25,D,BB,CC,D
13:47:21,INDF,RG,7175,1,D,BB,PD,D
13:47:21,INDF,RG,7175,2,D,BB,CC,D
13:47:21,INDF,RG,7175,8,D,BB,YP,D
13:47:21,INDF,RG,7175,4,D,BB,YP,D
13:47:21,INDF,RG,7175,1,D,BB,YP,D
13:47:21,INDF,RG,7175,1,D,BB,NI,D
13:47:21,INDF,RG,7175,1,D,BB,PD,D
13:47:21,INDF,RG,7175,100,D,BB,YJ,D
13:47:21,INDF,RG,7175,5,D,BB,YP,D
13:47:21,INDF,RG,7175,1,D,BB,YP,D
13:47:21,INDF,RG,7175,100,D,BB,YP,D
13:47:21,INDF,RG,7175,100,D,BB,YU,D
13:47:21,INDF,RG,7175,5,D,BB,GR,D
13:47:21,INDF,RG,7175,1,D,BB,NI,D
13:47:21,INDF,RG,7175,1,D,BB,YP,D
13:47:21,INDF,RG,7175,1,D,BB,KK,D
13:47:21,INDF,RG,7175,1,D,BB,NI,D
13:47:21,INDF,RG,7175,5,D,BB,XC,D
13:47:21,INDF,RG,7175,1,D,BB,LG,D
13:47:21,INDF,RG,7175,80,D,BB,YP,D
13:47:21,INDF,RG,7175,5,D,BB,PD,D
13:47:21,INDF,RG,7175,1,D,BB,PD,D
13:47:21,INDF,RG,7175,1,D,BB,YP,D
13:47:21,INDF,RG,7175,47,D,BB,YP,D
13:47:21,INDF,RG,7175,3,D,BB,YP,D
13:47:21,INDF,RG,7175,28,D,BB,SQ,D
13:47:21,INDF,RG,7175,5,D,BB,YP,D
13:47:21,INDF,RG,7175,20,D,BB,XA,D
13:47:21,INDF,RG,7175,2,D,BB,SQ,D
13:47:21,INDF,RG,7175,50,D,BB,GR,D
13:47:21,INDF,RG,7175,1,D,BB,YB,D
13:47:21,INDF,RG,7175,500,D,BB,AI,D
13:47:21,INDF,RG,7175,5,D,BB,EP,D
13:47:21,INDF,RG,7175,1,D,BB,HP,D
13:47:21,INDF,RG,7175,1,D,BB,YP,D
13:47:21,INDF,RG,7175,2,D,BB,PD,D
13:47:21,INDF,RG,7175,1,D,BB,PD,D
13:47:21,INDF,RG,7175,5,D,BB,KK,D
13:47:21,INDF,RG,7175,50,D,BB,FS,D
13:47:21,INDF,RG,7175,2,D,BB,NI,D
13:47:21,INDF,RG,7175,20,D,BB,PD,D
13:47:21,INDF,RG,7175,5,D,BB,AI,D
13:47:21,INDF,RG,7175,1,D,BB,XC,D
13:47:21,INDF,RG,7175,18,D,BB,TP,D
13:47:21,INDF,RG,7175,2,D,BB,CC,D
13:47:21,INDF,RG,7175,1,D,BB,YP,D
13:47:21,INDF,RG,7175,1,D,BB,YP,D
13:47:21,INDF,RG,7175,1,D,BB,YP,D
13:47:21,INDF,RG,7175,5,D,BB,PD,D
13:47:21,INDF,RG,7175,3,D,BB,YP,D
13:47:21,INDF,RG,7175,35,D,BB,CC,D
13:47:21,INDF,RG,7175,2,D,BB,CC,D
13:47:21,INDF,RG,7175,20,D,BB,LG,D
13:47:21,INDF,RG,7175,3,D,BB,XC,D
13:47:21,INDF,RG,7175,5,D,BB,DR,D
13:47:21,INDF,RG,7175,5,D,BB,EP,D
13:47:21,INDF,RG,7175,10,D,BB,XA,D
13:47:21,INDF,RG,7175,80,D,BB,EP,D
13:47:21,INDF,RG,7175,5,D,BB,KK,D
13:47:21,INDF,RG,7175,49,D,BB,SQ,D
13:47:21,INDF,RG,7175,1,D,BB,KK,D
13:47:21,INDF,RG,7175,5,D,BB,KK,D
13:47:21,INDF,RG,7175,1,D,BB,PD,D
13:47:21,INDF,RG,7175,2,D,BB,SQ,D
13:47:21,INDF,RG,7175,50,D,BB,YP,D
13:47:21,INDF,RG,7175,10,D,BB,GR,D
13:47:21,INDF,RG,7175,1,D,BB,AT,D
13:47:21,INDF,RG,7175,2,D,BB,NI,D
13:47:21,INDF,RG,7150,11,D,BB,BK,F
13:47:21,INDF,RG,7150,2,D,PD,BK,F
13:47:21,INDF,RG,7150,12,F,DP,BK,F
13:47:20,INDF,RG,7150,57,F,DP,YP,D
13:47:17,INDF,RG,7150,11,F,DP,DH,D
13:47:17,INDF,RG,7150,39,F,DP,BK,F
13:47:11,INDF,RG,7150,14,F,DP,YP,D
13:47:11,INDF,RG,7150,8,F,KZ,BK,F
13:47:11,INDF,RG,7150,60,D,BB,BK,F
13:47:11,INDF,RG,7150,3,D,CS,BK,F
13:47:11,INDF,RG,7150,1,D,CS,BK,F
13:47:11,INDF,RG,7150,1,D,CS,BK,F
13:47:11,INDF,RG,7150,2,D,CS,BK,F
13:47:11,INDF,RG,7150,151,D,YU,BK,F
13:47:11,INDF,RG,7150,309,F,KZ,BK,F
13:47:11,INDF,RG,7150,200,D,CC,BK,F
13:47:11,INDF,RG,7150,2,D,CS,BK,F
13:47:11,INDF,RG,7150,2,D,CS,BK,F
13:47:11,INDF,RG,7150,1,D,CS,BK,F
13:47:11,INDF,RG,7150,1,F,AK,BK,F
13:47:11,INDF,RG,7150,1,F,AK,BK,F
13:47:11,INDF,RG,7150,9,F,AK,BK,F
13:47:11,INDF,RG,7150,7,F,AK,BK,F
13:47:11,INDF,RG,7150,50,D,OD,BK,F
13:47:11,INDF,RG,7150,30,D,YU,BK,F
13:47:11,INDF,RG,7150,4,F,DP,BK,F
13:47:10,INDF,RG,7150,7,F,DP,PD,D
13:47:01,INDF,RG,7150,1,F,DP,PD,D
13:46:29,INDF,RG,7150,30,F,DP,DH,D
13:46:20,INDF,RG,7150,1,F,DP,KK,D
13:46:08,INDF,RG,7150,57,F,DP,YU,D
13:46:08,INDF,RG,7150,4,D,BB,YU,D
13:46:00,INDF,RG,7175,36,D,YU,NI,D
13:45:58,INDF,RG,7150,1,D,BB,CP,D
13:45:51,INDF,RG,7150,1,D,BB,NI,D
13:45:30,INDF,RG,7150,2,D,BB,NI,D
13:45:29,INDF,RG,7150,25,D,BB,YP,D
13:45:21,INDF,RG,7150,1,D,BB,PD,D
13:45:16,INDF,RG,7150,26,D,BB,PD,D
13:45:16,INDF,RG,7150,3,F,ZP,PD,D
13:45:16,INDF,RG,7150,3,D,CS,PD,D
13:45:16,INDF,RG,7150,1,D,CS,PD,D
13:45:16,INDF,RG,7150,1,D,CS,PD,D
13:45:00,INDF,RG,7175,37,D,YU,NI,D
13:45:00,INDF,RG,7175,50,D,YU,SQ,D
13:45:00,INDF,RG,7175,200,D,YU,YB,D
13:45:00,INDF,RG,7175,50,D,YU,PD,D
13:45:00,INDF,RG,7175,22,D,YU,MK,D
13:44:59,INDF,RG,7150,3,D,NI,PD,D
13:44:46,INDF,RG,7150,2,D,NI,YP,D
13:44:46,INDF,RG,7150,22,D,NI,BK,F
13:44:46,INDF,RG,7150,1,D,NI,SQ,D
13:44:46,INDF,RG,7150,268,D,NI,BK,F
13:44:46,INDF,RG,7150,206,D,NI,AK,F
13:44:46,INDF,RG,7150,301,D,NI,YU,D
13:43:56,INDF,RG,7150,4,D,CC,YU,D
13:43:50,INDF,RG,7150,162,D,BB,YU,D
13:43:37,INDF,RG,7150,135,F,DP,YU,D
13:43:37,INDF,RG,7150,1,D,PD,YU,D
13:43:37,INDF,RG,7150,7,D,YP,YU,D
13:43:37,INDF,RG,7150,20,D,YP,YU,D
13:43:37,INDF,RG,7150,70,D,LG,YU,D
13:43:37,INDF,RG,7150,5,D,GR,YU,D
13:43:37,INDF,RG,7150,1,D,YP,YU,D
13:43:37,INDF,RG,7150,1,D,DR,YU,D
13:43:37,INDF,RG,7150,136,F,DP,YU,D
13:43:37,INDF,RG,7150,121,D,BB,YU,D
13:43:37,INDF,RG,7150,23,D,BB,YU,D
13:43:37,INDF,RG,7150,1,D,CS,YU,D
13:43:37,INDF,RG,7150,2,D,CS,YU,D
13:43:37,INDF,RG,7150,3,D,CS,YU,D
13:43:37,INDF,RG,7150,1,D,CS,YU,D
13:43:37,INDF,RG,7150,1,F,ZP,YU,D
13:43:37,INDF,RG,7150,5,D,YU,YU,D
13:43:35,INDF,RG,7150,12,D,YU,PD,D
13:43:35,INDF,RG,7150,1,D,YU,YP,D
13:43:35,INDF,RG,7150,1,D,YU,PC,D
13:43:29,INDF,RG,7150,5,D,YU,DR,D
13:43:26,INDF,RG,7150,2,D,YU,PD,D
13:43:24,INDF,RG,7150,10,D,YU,YB,D
13:43:23,INDF,RG,7150,232,D,YU,AK,F
13:43:23,INDF,RG,7150,4,D,YU,CC,D
13:43:04,INDF,RG,7150,30,D,YU,PD,D
13:42:29,INDF,RG,7150,6,D,YU,NI,D
13:42:25,INDF,RG,7150,4,D,YU,PD,D
13:42:16,INDF,RG,7150,1,D,YU,KK,D
13:42:01,INDF,RG,7175,18,D,PD,MK,D
13:42:01,INDF,RG,7175,38,D,PD,MK,D
13:42:01,INDF,RG,7175,1,D,PD,CP,D
13:42:01,INDF,RG,7175,23,D,PD,AI,D
13:42:01,INDF,RG,7175,12,D,PD,AI,D
13:42:01,INDF,RG,7175,14,D,PD,AI,D
13:42:00,INDF,RG,7175,1,D,CS,AI,D
13:42:00,INDF,RG,7150,1,D,YU,YP,D
13:42:00,INDF,RG,7150,2,D,YU,NI,D
13:42:00,INDF,RG,7150,1,D,YU,YP,D
13:42:00,INDF,RG,7150,5,D,YU,YP,D
13:42:00,INDF,RG,7150,65,D,YU,YP,D
13:42:00,INDF,RG,7150,9,D,YU,EP,D
13:41:59,INDF,RG,7125,2,D,YU,DR,D
13:41:31,INDF,RG,7150,1,D,CS,EP,D
13:41:20,INDF,RG,7150,4,D,XC,CC,F
13:40:58,INDF,RG,7150,1,D,CS,CC,F
13:40:58,INDF,RG,7150,40,F,KZ,CC,F
13:40:48,INDF,RG,7150,40,F,KZ,CC,F
13:40:40,INDF,RG,7150,15,F,DP,CC,F
13:40:40,INDF,RG,7150,9,F,DP,YP,D
13:40:40,INDF,RG,7150,1,F,DP,YP,D
13:40:40,INDF,RG,7150,10,F,DP,AZ,D
13:40:40,INDF,RG,7150,16,F,DP,YP,D
13:40:39,INDF,RG,7150,1,D,CS,YP,D
13:40:05,INDF,RG,7150,1,D,PD,YP,D
13:40:04,INDF,RG,7150,1,D,KK,YP,D
13:40:02,INDF,RG,7125,33,D,YU,PD,D
13:40:02,INDF,RG,7150,11,F,DP,YP,D
13:40:02,INDF,RG,7150,1,F,DP,YP,D
13:40:02,INDF,RG,7150,80,F,DP,CC,D
13:40:02,INDF,RG,7150,1,F,DP,KK,D
13:40:02,INDF,RG,7150,10,F,DP,CC,D
13:39:51,INDF,RG,7150,25,D,YP,PD,D
13:39:51,INDF,RG,7150,2,D,YP,PD,D
13:39:51,INDF,RG,7150,1,D,YP,XC,D
13:39:51,INDF,RG,7150,20,D,YP,YP,D
13:39:51,INDF,RG,7150,1,D,YP,CC,D
13:39:51,INDF,RG,7150,51,D,YP,DR,D
13:39:43,INDF,RG,7150,2,D,CS,DR,D
13:39:43,INDF,RG,7150,47,D,YP,DR,D
13:39:43,INDF,RG,7150,1,D,YP,PD,D
13:39:43,INDF,RG,7150,21,D,YP,BK,F
13:39:36,INDF,RG,7150,1,F,ZP,BK,F
13:39:35,INDF,RG,7150,6,D,YP,BK,F
13:39:35,INDF,RG,7150,2,D,YP,LS,D
13:39:35,INDF,RG,7150,2,D,YP,YP,D
13:39:35,INDF,RG,7150,40,D,YP,YP,D
13:39:35,INDF,RG,7150,89,D,YP,BK,F
13:39:35,INDF,RG,7150,50,D,YP,BK,F
13:39:30,INDF,RG,7150,88,D,OD,BK,F
13:39:30,INDF,RG,7150,1,D,OD,YP,D
13:39:30,INDF,RG,7150,3,D,OD,YP,D
13:39:30,INDF,RG,7150,8,D,OD,YP,F
13:39:29,INDF,RG,7150,13,F,KZ,YP,F
13:39:28,INDF,RG,7125,21,D,YU,BK,F
13:39:24,INDF,RG,7150,1,F,KZ,YP,F
13:39:24,INDF,RG,7150,3,F,KZ,YP,F
13:39:24,INDF,RG,7150,1,F,KZ,YP,D
13:39:24,INDF,RG,7150,5,F,KZ,YP,D
13:39:24,INDF,RG,7150,5,F,KZ,YP,D
13:39:24,INDF,RG,7150,1,F,KZ,YP,D
13:39:24,INDF,RG,7150,5,F,KZ,YP,D
13:39:24,INDF,RG,7150,12,F,KZ,YP,D
13:39:24,INDF,RG,7150,1,F,KZ,YP,D
13:39:24,INDF,RG,7150,2,F,KZ,YP,D
13:39:24,INDF,RG,7150,15,F,KZ,YP,D
13:39:24,INDF,RG,7150,227,F,KZ,YP,D
13:39:23,INDF,RG,7125,55,D,YU,BK,F
13:39:22,INDF,RG,7150,100,D,YP,YP,D
13:39:19,INDF,RG,7125,1,D,YU,YP,D
13:39:19,INDF,RG,7150,20,F,KZ,YP,D
13:39:19,INDF,RG,7150,27,F,KZ,YP,D
13:39:19,INDF,RG,7150,141,F,KZ,YP,D
13:39:19,INDF,RG,7150,3,F,KZ,YP,D
13:39:19,INDF,RG,7150,2,F,KZ,KK,D
13:39:19,INDF,RG,7150,10,F,KZ,CC,D
13:39:19,INDF,RG,7150,5,F,KZ,PD,D
13:39:19,INDF,RG,7150,5,F,KZ,PD,D
13:39:19,INDF,RG,7150,80,F,KZ,CC,D
13:39:19,INDF,RG,7150,20,F,KZ,CC,D
13:39:19,INDF,RG,7150,10,F,KZ,XC,D
13:39:19,INDF,RG,7150,10,F,KZ,PD,D
13:39:19,INDF,RG,7150,1,F,KZ,PD,D
13:39:19,INDF,RG,7150,104,F,KZ,CS,F
13:39:19,INDF,RG,7150,8,F,KZ,CS,F
13:39:19,INDF,RG,7150,8,F,KZ,XC,D
13:39:19,INDF,RG,7150,1,F,KZ,XC,D
13:39:19,INDF,RG,7150,2,F,KZ,XC,D
13:39:19,INDF,RG,7150,5,F,KZ,DR,D
13:39:19,INDF,RG,7150,2,F,KZ,PD,D
13:39:19,INDF,RG,7150,1,F,KZ,PD,D
13:39:19,INDF,RG,7150,30,F,KZ,PD,D
13:39:19,INDF,RG,7150,3,F,KZ,EP,D
13:39:19,INDF,RG,7150,4,F,KZ,OD,D
13:39:19,INDF,RG,7150,1,F,KZ,LS,D
13:39:19,INDF,RG,7150,42,F,KZ,PD,D
13:39:19,INDF,RG,7150,5,F,KZ,PD,D
13:39:19,INDF,RG,7150,10,F,KZ,KK,D
13:39:19,INDF,RG,7150,5,F,KZ,PD,D
13:39:19,INDF,RG,7150,100,F,KZ,PD,D
13:39:19,INDF,RG,7150,12,F,KZ,KK,D
13:39:19,INDF,RG,7150,1,F,KZ,KK,D
13:39:19,INDF,RG,7150,1,F,KZ,KK,D
13:39:19,INDF,RG,7150,2,F,KZ,PD,D
13:39:19,INDF,RG,7150,2,F,KZ,PD,D
13:39:19,INDF,RG,7150,3,F,KZ,PD,D
13:39:19,INDF,RG,7150,13,F,KZ,ZP,D
13:39:19,INDF,RG,7150,10,F,KZ,YP,D
13:39:19,INDF,RG,7150,2,F,KZ,SQ,D
13:39:19,INDF,RG,7150,2,F,KZ,SQ,D
13:39:19,INDF,RG,7150,2,F,KZ,PD,D
13:39:19,INDF,RG,7150,30,F,KZ,EP,D
13:39:19,INDF,RG,7150,10,F,KZ,YP,D
13:39:19,INDF,RG,7150,10,F,KZ,YP,D
13:39:19,INDF,RG,7150,7,F,KZ,EP,D
13:39:19,INDF,RG,7150,10,F,KZ,SQ,D
13:39:19,INDF,RG,7150,8,F,KZ,PD,D
13:39:19,INDF,RG,7150,205,F,KZ,YP,F
13:39:19,INDF,RG,7125,14,D,YU,BK,F
13:39:15,INDF,RG,7125,92,D,YU,BK,F
13:39:14,INDF,RG,7150,6,F,ZP,YP,F
13:39:14,INDF,RG,7150,21,D,NI,YP,F
13:39:14,INDF,RG,7150,1,D,NI,DH,D
13:39:14,INDF,RG,7150,11,D,NI,DH,D
13:39:14,INDF,RG,7150,5,D,NI,ZP,D
13:39:14,INDF,RG,7150,5,D,NI,DH,D
13:39:14,INDF,RG,7150,2,D,NI,SQ,D
13:39:14,INDF,RG,7150,50,D,NI,KK,D
13:39:14,INDF,RG,7150,1,D,NI,GR,D
13:39:14,INDF,RG,7150,15,D,NI,DR,D
13:39:14,INDF,RG,7150,5,D,NI,GR,D
13:39:14,INDF,RG,7150,40,D,NI,GR,D
13:39:14,INDF,RG,7150,25,D,NI,GR,D
13:39:14,INDF,RG,7150,50,D,NI,DR,D
13:39:14,INDF,RG,7150,200,D,NI,GR,D
13:39:14,INDF,RG,7150,10,D,NI,GR,D
13:39:14,INDF,RG,7150,3,D,NI,CP,D
13:39:14,INDF,RG,7150,50,D,NI,NI,D
13:39:14,INDF,RG,7150,9,D,NI,PC,D
13:39:14,INDF,RG,7150,7,D,NI,HP,D
13:39:14,INDF,RG,7150,1,D,NI,YP,D
13:39:14,INDF,RG,7150,20,D,NI,YP,D
13:39:14,INDF,RG,7150,1,D,NI,YP,D
13:39:14,INDF,RG,7150,1,D,NI,CC,D
13:39:14,INDF,RG,7150,3,D,NI,CC,D
13:39:14,INDF,RG,7150,200,D,NI,SQ,D
13:39:14,INDF,RG,7150,3,D,NI,OD,D
13:39:14,INDF,RG,7150,10,D,NI,DR,D
13:39:14,INDF,RG,7150,25,D,NI,YP,D
13:39:14,INDF,RG,7150,1,D,NI,PD,D
13:39:14,INDF,RG,7150,1,D,NI,OD,D
13:39:14,INDF,RG,7150,1,D,NI,KK,D
13:39:14,INDF,RG,7150,15,D,NI,PD,D
13:39:14,INDF,RG,7150,1,D,NI,EP,D
13:39:14,INDF,RG,7150,10,D,NI,DH,D
13:39:14,INDF,RG,7150,20,D,NI,GR,D
13:39:14,INDF,RG,7150,10,D,NI,DR,D
13:39:14,INDF,RG,7150,265,D,NI,YU,F
13:39:14,INDF,RG,7150,20,D,NI,PD,D
13:39:14,INDF,RG,7150,10,D,NI,PD,D
13:39:14,INDF,RG,7150,25,D,NI,SQ,D
13:39:14,INDF,RG,7150,4,D,NI,XC,D
13:39:14,INDF,RG,7150,1,D,NI,LG,D
13:39:14,INDF,RG,7150,1,D,NI,CC,D
13:39:14,INDF,RG,7150,5,D,NI,KK,D
13:39:14,INDF,RG,7150,200,D,NI,YP,D
13:39:14,INDF,RG,7150,3,D,NI,KK,D
13:39:14,INDF,RG,7150,10,D,NI,SS,D
13:39:14,INDF,RG,7150,2,D,NI,CC,D
13:39:14,INDF,RG,7150,1,D,NI,XC,D
13:39:14,INDF,RG,7150,1,D,NI,DR,D
13:39:14,INDF,RG,7150,5,D,NI,DR,D
13:39:14,INDF,RG,7150,1,D,NI,PD,D
13:39:14,INDF,RG,7150,10,D,NI,YP,D
13:39:14,INDF,RG,7150,5,D,NI,AI,D
13:39:14,INDF,RG,7150,1,D,NI,XC,D
13:39:14,INDF,RG,7150,30,D,NI,PD,D
13:39:14,INDF,RG,7150,2,D,NI,YJ,D
13:39:14,INDF,RG,7150,5,D,NI,YP,D
13:39:14,INDF,RG,7150,100,D,NI,CC,D
13:39:14,INDF,RG,7150,2,D,NI,ZP,D
13:39:14,INDF,RG,7150,19,D,NI,BK,F
13:39:14,INDF,RG,7150,1,D,NI,DR,D
13:39:14,INDF,RG,7150,12,D,NI,YP,D
13:39:14,INDF,RG,7150,100,D,NI,YP,D
13:39:14,INDF,RG,7150,500,D,NI,AI,D
13:39:14,INDF,RG,7150,75,D,NI,DR,D
13:39:14,INDF,RG,7150,2,D,NI,NI,D
13:39:14,INDF,RG,7150,10,D,NI,YP,D
13:39:14,INDF,RG,7150,1,D,NI,PD,D
13:39:14,INDF,RG,7150,75,D,NI,YP,D
13:39:14,INDF,RG,7150,35,D,NI,PD,D
13:39:14,INDF,RG,7150,500,D,NI,YJ,D
13:39:14,INDF,RG,7150,2,D,NI,PD,D
13:39:14,INDF,RG,7150,1,D,NI,PD,D
13:39:14,INDF,RG,7150,1,D,NI,XC,D
13:39:14,INDF,RG,7150,6,D,NI,CC,D
13:39:14,INDF,RG,7150,1,D,NI,YP,D
13:39:14,INDF,RG,7150,1,D,NI,CC,D
13:39:14,INDF,RG,7150,28,D,NI,BK,F
13:39:14,INDF,RG,7150,88,D,NI,FS,D
13:39:02,INDF,RG,7150,43,D,PD,FS,D
13:39:00,INDF,RG,7150,185,D,YU,FS,D
13:38:44,INDF,RG,7125,2,D,YU,CC,D
13:38:41,INDF,RG,7125,1,D,YU,PD,D
13:38:39,INDF,RG,7150,813,F,DP,FS,D
13:38:37,INDF,RG,7150,10,D,CS,FS,D
13:38:26,INDF,RG,7150,30,D,YP,FS,D
13:37:00,INDF,RG,7150,122,D,YU,FS,D
13:36:56,INDF,RG,7125,5,D,YU,PD,D
13:36:16,INDF,RG,7125,2,D,YU,KK,D
13:35:42,INDF,RG,7125,1,D,YU,NI,D
13:35:03,INDF,RG,7125,34,D,YU,PD,D
13:34:37,INDF,RG,7125,4,D,YU,CC,D
13:33:50,INDF,RG,7125,45,D,YU,CC,D
13:32:09,INDF,RG,7150,16,D,CS,FS,D
13:31:41,INDF,RG,7125,17,D,YU,CC,D
13:30:29,INDF,RG,7125,36,D,YU,XL,D
13:30:29,INDF,RG,7125,3,D,YU,XL,D
13:30:17,INDF,RG,7125,198,D,YU,AK,F
13:30:16,INDF,RG,7125,34,D,YU,PD,D
13:30:12,INDF,RG,7125,5,D,YU,YP,D
13:30:09,INDF,RG,7125,100,D,YU,YP,D
13:30:09,INDF,RG,7150,5,D,YP,FS,D
13:30:05,INDF,RG,7150,70,D,LG,FS,D
13:30:04,INDF,RG,7150,168,D,YU,FS,D
13:30:04,INDF,RG,7150,38,D,YU,FS,D
13:30:04,INDF,RG,7150,1,D,PD,FS,D
13:30:04,INDF,RG,7150,29,D,YU,FS,D
13:30:04,INDF,RG,7150,21,F,AK,FS,D
13:30:04,INDF,RG,7150,4,F,AK,FS,D
13:30:04,INDF,RG,7150,3,D,XC,FS,D
13:30:03,INDF,RG,7125,1,D,YU,XC,D
13:30:03,INDF,RG,7150,1,D,XC,FS,D
13:30:03,INDF,RG,7150,13,D,PD,FS,D
13:30:02,INDF,RG,7125,15,D,YU,PD,D
13:30:02,INDF,RG,7150,4,D,PD,FS,D
13:30:02,INDF,RG,7150,5,D,PD,FS,D
13:30:02,INDF,RG,7125,39,D,YU,DX,D
13:30:01,INDF,RG,7125,2,D,YU,PD,D
13:30:01,INDF,RG,7125,4,D,YU,PD,D
13:30:01,INDF,RG,7150,3,D,KK,FS,D
13:30:01,INDF,RG,7125,1,D,YU,PD,D
13:30:01,INDF,RG,7125,1,D,YU,PD,D
13:30:01,INDF,RG,7150,1,D,AT,FS,D
13:30:01,INDF,RG,7125,5,D,YU,GR,D
13:30:01,INDF,RG,7150,1,D,YU,FS,D
11:29:53,INDF,RG,7150,8,D,BB,FS,D
11:29:52,INDF,RG,7125,62,D,YU,PD,D
11:29:52,INDF,RG,7125,5,D,XC,PD,D
11:29:52,INDF,RG,7125,10,D,CC,PD,D
11:29:52,INDF,RG,7125,3,D,CC,PD,D
11:29:30,INDF,RG,7150,1,F,AK,FS,D
11:29:30,INDF,RG,7150,3,D,BB,FS,D
11:29:25,INDF,RG,7150,9,D,BB,FS,D
11:28:39,INDF,RG,7150,8,D,BB,FS,D
11:28:30,INDF,RG,7150,33,D,YU,FS,D
11:28:30,INDF,RG,7150,92,D,YU,FS,D
11:28:30,INDF,RG,7150,50,D,YU,FS,D
11:28:28,INDF,RG,7150,4,D,BB,FS,D
11:28:15,INDF,RG,7125,2,D,CC,PD,D
11:28:15,INDF,RG,7125,4,D,BB,PD,D
11:28:15,INDF,RG,7125,3,D,CC,PD,D
11:28:15,INDF,RG,7125,25,F,DP,PD,D
11:28:11,INDF,RG,7125,14,F,DP,BK,F
11:28:00,INDF,RG,7150,9,D,YU,FS,D
11:27:45,INDF,RG,7150,5,F,AK,FS,D
11:27:42,INDF,RG,7150,1,D,XC,FS,D
11:27:32,INDF,RG,7150,8,D,BB,FS,D
11:27:30,INDF,RG,7150,1,F,AK,FS,D
11:27:21,INDF,RG,7150,5,D,XL,FS,D
11:27:00,INDF,RG,7150,61,D,YU,FS,D
11:26:54,INDF,RG,7150,5,D,BB,FS,D
11:26:38,INDF,RG,7150,7,D,BB,FS,D
11:26:30,INDF,RG,7150,1,F,AK,FS,D
11:26:30,INDF,RG,7125,5,F,DP,YP,D
11:26:29,INDF,RG,7125,1,F,DP,BQ,D
11:25:55,INDF,RG,7125,1,F,DP,PD,D
11:25:48,INDF,RG,7150,6,D,BB,FS,D
11:25:45,INDF,RG,7150,5,F,AK,FS,D
11:25:45,INDF,RG,7125,13,F,DP,BK,F
11:25:03,INDF,RG,7150,4,D,BB,FS,D
11:25:03,INDF,RG,7150,4,D,BB,DH,D
11:25:03,INDF,RG,7150,1,D,BB,EP,D
11:25:00,INDF,RG,7150,94,D,YU,EP,D
11:24:45,INDF,RG,7150,1,F,AK,EP,D
11:24:30,INDF,RG,7150,4,F,AK,EP,D
11:24:30,INDF,RG,7150,1,F,AK,KK,D
11:24:21,INDF,RG,7125,2,F,DP,BQ,D
11:24:05,INDF,RG,7150,1,D,BB,NI,D
11:24:05,INDF,RG,7150,24,D,BB,PD,D
11:23:57,INDF,RG,7150,2,F,AK,PD,D
11:23:57,INDF,RG,7150,2,D,PD,PD,D
11:23:30,INDF,RG,7150,1,F,AK,PD,D
11:23:27,INDF,RG,7150,4,D,BB,PD,D
11:23:27,INDF,RG,7150,5,D,BB,PD,D
11:23:21,INDF,RG,7125,34,F,DP,PD,D
11:23:20,INDF,RG,7150,20,D,LG,PD,D
11:23:20,INDF,RG,7150,3,D,LG,YU,D
11:23:20,INDF,RG,7150,6,D,LG,YP,D
11:23:20,INDF,RG,7150,4,D,LG,PD,D
11:23:20,INDF,RG,7150,7,D,LG,CC,D
11:23:13,INDF,RG,7150,47,D,BB,CC,D
11:23:12,INDF,RG,7125,5,F,DP,PD,D
11:23:00,INDF,RG,7150,53,D,YU,CC,D
11:23:00,INDF,RG,7150,3,D,YU,AZ,D
11:23:00,INDF,RG,7150,10,D,YU,CC,D
11:23:00,INDF,RG,7150,5,D,YU,YP,D
11:23:00,INDF,RG,7150,25,D,YU,KK,D
11:23:00,INDF,RG,7150,12,D,YU,PD,D
11:22:45,INDF,RG,7150,6,F,AK,PD,D
11:22:41,INDF,RG,7150,12,D,BB,PD,D
11:22:28,INDF,RG,7125,56,F,DP,BK,F
11:22:28,INDF,RG,7125,4,D,CS,BK,F
11:22:28,INDF,RG,7125,8,D,BB,BK,F
11:22:28,INDF,RG,7125,97,D,AZ,BK,F
11:22:27,INDF,RG,7150,71,D,BB,BK,F
11:22:15,INDF,RG,7150,1,F,AK,BK,F
11:21:44,INDF,RG,7150,19,D,BB,BK,F
11:21:38,INDF,RG,7150,73,D,BB,BK,F
11:21:15,INDF,RG,7150,1,F,AK,BK,F
11:21:15,INDF,RG,7150,6,F,AK,BK,F
11:21:00,INDF,RG,7150,2,D,PD,BK,F
11:20:52,INDF,RG,7150,16,D,BB,BK,F
11:20:47,INDF,RG,7150,76,D,BB,BK,F
11:20:45,INDF,RG,7150,3,F,AK,BK,F
11:20:06,INDF,RG,7150,17,D,BB,BK,F
11:20:00,INDF,RG,7150,99,D,YU,BK,F
11:19:54,INDF,RG,7150,72,D,BB,BK,F
11:19:40,INDF,RG,7125,18,D,AZ,PD,D
11:19:19,INDF,RG,7150,17,D,BB,BK,F
11:19:16,INDF,RG,7125,3,D,AZ,KK,D
11:19:05,INDF,RG,7125,3,D,AZ,OD,D
11:19:05,INDF,RG,7125,2,D,AZ,LS,D
11:19:05,INDF,RG,7125,2,D,AZ,XC,D
11:19:04,INDF,RG,7125,3,D,BB,XC,D
11:19:04,INDF,RG,7125,16,D,BB,YP,D
11:19:04,INDF,RG,7125,48,D,BB,BK,F
11:18:58,INDF,RG,7100,1,D,NI,PD,D
11:18:46,INDF,RG,7125,1,F,ZP,BK,F
11:18:46,INDF,RG,7125,256,F,KZ,BK,F
11:18:46,INDF,RG,7125,10,F,KZ,YP,D
11:18:46,INDF,RG,7125,30,F,KZ,YP,D
11:18:46,INDF,RG,7125,14,F,KZ,BK,F
11:18:46,INDF,RG,7125,425,F,KZ,YU,F
11:18:36,INDF,RG,7100,29,D,NI,PD,D
11:18:32,INDF,RG,7125,19,D,BB,YU,F
11:18:18,INDF,RG,7125,65,D,BB,YU,F
11:18:04,INDF,RG,7100,33,D,NI,PD,D
11:17:41,INDF,RG,7125,17,D,BB,YU,F
11:17:32,INDF,RG,7125,66,D,BB,YU,F
11:17:30,INDF,RG,7125,5,D,CC,YU,F
11:17:00,INDF,RG,7125,1,F,ZP,YU,F
11:17:00,INDF,RG,7125,232,D,YU,YU,F
11:16:59,INDF,RG,7125,3,D,CC,YU,F
11:16:54,INDF,RG,7125,13,D,KK,YU,F
11:16:53,INDF,RG,7125,16,D,BB,YU,F
11:16:46,INDF,RG,7125,58,D,BB,YU,F
11:16:46,INDF,RG,7125,10,D,BB,YP,D
11:16:46,INDF,RG,7125,16,D,BB,CC,F
11:16:27,INDF,RG,7125,1,F,ZP,CC,F
11:16:07,INDF,RG,7125,19,D,BB,CC,F
11:15:56,INDF,RG,7125,1,D,CC,CC,F
11:15:48,INDF,RG,7125,28,D,BB,CC,F
11:15:48,INDF,RG,7125,41,D,BB,BK,F
11:15:22,INDF,RG,7100,1,D,NI,XL,D
11:15:14,INDF,RG,7125,17,D,BB,BK,F
11:15:01,INDF,RG,7125,66,D,BB,BK,F
11:15:00,INDF,RG,7125,71,D,YU,BK,F
11:14:43,INDF,RG,7125,1,D,PD,BK,F
11:14:37,INDF,RG,7125,5,D,CC,BK,F
11:14:27,INDF,RG,7125,20,D,BB,BK,F
11:14:18,INDF,RG,7100,15,D,NI,YP,D
11:14:15,INDF,RG,7125,70,D,BB,BK,F
11:14:11,INDF,RG,7100,1,D,NI,BQ,D
11:13:43,INDF,RG,7125,3,F,KZ,BK,F
11:13:34,INDF,RG,7125,16,D,BB,BK,F
11:13:31,INDF,RG,7125,10,D,HP,BK,F
11:13:26,INDF,RG,7125,81,D,BB,BK,F
11:13:17,INDF,RG,7100,34,D,NI,PD,D
11:12:58,INDF,RG,7125,30,F,KZ,BK,F
11:12:53,INDF,RG,7125,250,D,YP,BK,F
11:12:50,INDF,RG,7100,8,D,NI,SQ,D
11:12:47,INDF,RG,7125,20,D,BB,BK,F
11:12:30,INDF,RG,7125,39,D,BB,BK,F
11:12:30,INDF,RG,7125,9,D,BB,XC,D
11:12:30,INDF,RG,7125,19,D,BB,PD,D
11:12:00,INDF,RG,7125,48,D,YU,PD,D
11:12:00,INDF,RG,7125,2,D,YU,OD,D
11:12:00,INDF,RG,7125,69,D,YU,YP,D
11:12:00,INDF,RG,7125,2,F,ZP,YP,D
11:11:53,INDF,RG,7125,17,D,BB,YP,D
11:11:46,INDF,RG,7125,12,F,KZ,YP,D
11:11:46,INDF,RG,7125,70,F,KZ,YP,D
11:11:46,INDF,RG,7125,5,F,KZ,PD,D
11:11:46,INDF,RG,7125,50,F,KZ,NI,D
11:11:46,INDF,RG,7125,1,F,KZ,CC,D
11:11:46,INDF,RG,7125,32,F,KZ,PD,D
11:11:46,INDF,RG,7125,20,F,KZ,GR,D
11:11:46,INDF,RG,7125,3,F,KZ,EP,D
11:11:46,INDF,RG,7125,56,F,KZ,YU,F
11:11:44,INDF,RG,7125,500,D,YU,YU,F
11:11:43,INDF,RG,7125,69,D,BB,YU,F
11:11:42,INDF,RG,7125,246,D,YU,YU,F
11:11:42,INDF,RG,7125,1,D,YU,DH,D
11:11:42,INDF,RG,7125,2,D,YU,NI,D
11:11:42,INDF,RG,7125,2,D,YU,YP,D
11:11:42,INDF,RG,7125,2,D,YU,YJ,D
11:11:42,INDF,RG,7125,15,D,YU,BK,F
11:11:42,INDF,RG,7125,100,D,YU,YP,D
11:11:42,INDF,RG,7125,2,D,YU,YP,D
11:11:42,INDF,RG,7125,10,D,YU,YP,D
11:11:42,INDF,RG,7125,31,D,YU,GR,D
11:11:42,INDF,RG,7125,5,D,YU,AT,D
11:11:42,INDF,RG,7125,10,D,YU,LG,D
11:11:42,INDF,RG,7125,74,D,YU,CC,F
11:11:42,INDF,RG,7125,5,D,CC,CC,F
11:11:39,INDF,RG,7125,24,D,YU,CC,F
11:11:39,INDF,RG,7125,1,D,YU,YP,D
11:11:39,INDF,RG,7125,475,D,YU,BK,F
11:11:09,INDF,RG,7125,5,D,CC,BK,F
11:11:04,INDF,RG,7125,18,D,BB,BK,F
11:10:55,INDF,RG,7125,73,D,BB,BK,F
11:10:28,INDF,RG,7100,1,D,NI,YP,D
11:10:15,INDF,RG,7125,13,D,BB,BK,F
11:10:11,INDF,RG,7125,2,D,XC,BK,F
11:10:04,INDF,RG,7125,70,D,BB,BK,F
11:10:00,INDF,RG,7125,139,D,YU,BK,F
11:09:46,INDF,RG,7125,5,D,CC,BK,F
11:09:28,INDF,RG,7125,1,D,XL,BK,F
11:09:15,INDF,RG,7125,74,D,BB,BK,F
11:08:34,INDF,RG,7100,15,D,NI,PD,D
11:08:34,INDF,RG,7100,2,D,OD,PD,D
11:08:34,INDF,RG,7100,4,D,NI,PD,D
11:08:34,INDF,RG,7100,13,D,OD,PD,D
11:08:24,INDF,RG,7125,74,D,BB,BK,F
11:08:11,INDF,RG,7125,500,D,YU,BK,F
11:08:07,INDF,RG,7125,500,D,YU,BK,F
11:08:02,INDF,RG,7125,1,F,BK,BK,F
11:07:59,INDF,RG,7125,930,D,YU,BK,F
11:07:59,INDF,RG,7125,70,D,YU,AZ,D
11:07:53,INDF,RG,7100,2,D,OD,CC,D
11:07:14,INDF,RG,7125,1,D,OD,AZ,D
11:05:56,INDF,RG,7125,3,D,CC,AZ,D
11:05:46,INDF,RG,7100,17,D,OD,XL,D
11:05:36,INDF,RG,7100,2,D,OD,BQ,D
11:05:05,INDF,RG,7100,3,D,OD,XC,D
11:05:05,INDF,RG,7100,3,D,OD,XC,D
11:05:00,INDF,RG,7100,460,D,OD,BK,F
11:05:00,INDF,RG,7100,35,D,YU,BK,F
11:05:00,INDF,RG,7100,5,D,MG,BK,F
11:05:00,INDF,RG,7100,2,D,KK,BK,F
11:05:00,INDF,RG,7100,1,D,NI,BK,F
11:05:00,INDF,RG,7100,1,D,AZ,BK,F
11:05:00,INDF,RG,7100,8,D,PD,BK,F
11:05:00,INDF,RG,7100,4,F,AK,BK,F
11:05:00,INDF,RG,7100,10,D,PD,BK,F
11:05:00,INDF,RG,7100,26,D,YU,BK,F
11:05:00,INDF,RG,7100,22,D,YU,BK,F
11:05:00,INDF,RG,7100,2,D,PD,BK,F
11:05:00,INDF,RG,7100,1,D,DR,BK,F
11:05:00,INDF,RG,7100,60,D,YU,BK,F
11:05:00,INDF,RG,7100,1,D,YP,BK,F
11:05:00,INDF,RG,7100,215,D,NI,BK,F
11:04:58,INDF,RG,7125,3,D,BB,AZ,D
11:04:58,INDF,RG,7125,48,D,BB,AZ,D
11:04:55,INDF,RG,7125,43,D,BB,BK,F
11:04:55,INDF,RG,7125,82,D,BB,BK,F
11:04:54,INDF,RG,7125,500,D,BB,YP,D
11:04:50,INDF,RG,7125,46,D,BB,AK,F
11:04:50,INDF,RG,7125,83,F,DP,AK,F
11:04:50,INDF,RG,7125,58,F,DP,BK,F
11:04:50,INDF,RG,7125,131,F,DP,BK,F
11:04:50,INDF,RG,7125,1,D,PD,BK,F
11:04:50,INDF,RG,7125,1,F,AK,BK,F
11:04:50,INDF,RG,7125,7,F,AK,BK,F
11:04:50,INDF,RG,7125,37,D,YU,BK,F
11:04:50,INDF,RG,7125,5,D,CC,BK,F
11:04:50,INDF,RG,7125,3,D,CS,BK,F
11:04:50,INDF,RG,7125,2,D,XL,BK,F
11:04:50,INDF,RG,7125,2,D,PD,BK,F
11:04:50,INDF,RG,7125,501,D,BB,BK,F
11:04:50,INDF,RG,7125,1,F,AK,BK,F
11:04:50,INDF,RG,7125,3,F,AK,BK,F
11:04:50,INDF,RG,7125,1,F,AK,BK,F
11:04:50,INDF,RG,7125,4,F,AK,BK,F
11:04:50,INDF,RG,7125,878,D,NI,BK,F
11:04:50,INDF,RG,7125,122,D,NI,AK,F
11:04:50,INDF,RG,7125,5,D,CC,AK,F
11:04:50,INDF,RG,7125,1,D,YB,AK,F
11:04:50,INDF,RG,7125,3,D,CC,AK,F
11:04:50,INDF,RG,7125,1,D,CS,AK,F
11:04:50,INDF,RG,7125,5,D,YP,AK,F
11:04:50,INDF,RG,7125,2,D,CS,AK,F
11:04:50,INDF,RG,7125,1,D,OD,AK,F
11:04:50,INDF,RG,7125,31,F,DP,AK,F
11:04:49,INDF,RG,7125,652,F,DP,BK,F
11:04:49,INDF,RG,7125,4,D,CC,BK,F
11:04:49,INDF,RG,7125,5,D,CS,BK,F
11:04:49,INDF,RG,7125,2,D,XC,BK,F
11:04:49,INDF,RG,7125,3,D,CS,BK,F
11:04:49,INDF,RG,7125,303,F,KZ,BK,F
11:04:49,INDF,RG,7125,1,D,NI,BK,F
11:04:49,INDF,RG,7125,30,D,OD,BK,F
11:04:49,INDF,RG,7125,3,D,CS,BK,F
11:04:49,INDF,RG,7125,2,D,CS,BK,F
11:04:49,INDF,RG,7125,25,D,YU,BK,F
11:04:49,INDF,RG,7125,4,D,CS,BK,F
11:04:49,INDF,RG,7125,1,D,NI,BK,F
11:04:49,INDF,RG,7125,22,D,YU,BK,F
11:04:49,INDF,RG,7125,2,D,XL,BK,F
11:04:49,INDF,RG,7125,200,D,YU,BK,F
11:04:49,INDF,RG,7125,5,D,YU,BK,F
11:04:49,INDF,RG,7125,1000,D,YU,BK,F
11:04:49,INDF,RG,7125,1,F,AK,BK,F
11:04:49,INDF,RG,7125,6,F,AK,BK,F
11:04:49,INDF,RG,7125,229,D,BB,BK,F
11:04:49,INDF,RG,7125,500,D,BB,YP,D
11:04:49,INDF,RG,7125,95,D,BB,BK,F
11:04:47,INDF,RG,7125,500,D,BB,YP,D
11:04:07,INDF,RG,7125,1,D,BB,BQ,D
11:04:02,INDF,RG,7125,3,D,BB,BK,F
11:04:02,INDF,RG,7125,1,F,AK,BK,F
11:04:02,INDF,RG,7125,4,F,AK,BK,F
11:04:02,INDF,RG,7125,15,D,OD,BK,F
11:04:00,INDF,RG,7150,52,D,YU,BK,F
11:03:46,INDF,RG,7150,2,D,PD,BK,F
11:03:38,INDF,RG,7125,34,D,OD,PD,D
11:03:18,INDF,RG,7150,1,D,XL,BK,F
11:03:03,INDF,RG,7125,24,D,OD,BK,F
11:03:03,INDF,RG,7125,1,D,OD,BK,F
11:03:01,INDF,RG,7125,22,D,OD,BK,F
11:03:00,INDF,RG,7150,152,D,YU,BK,F
11:02:49,INDF,RG,7125,20,D,OD,BK,F
11:02:44,INDF,RG,7125,19,D,OD,BK,F
11:02:44,INDF,RG,7125,2,D,OD,BQ,D
11:02:39,INDF,RG,7125,85,D,OD,BK,F
11:02:36,INDF,RG,7125,401,D,OD,YP,D
11:02:35,INDF,RG,7125,29,D,OD,BK,F
11:02:32,INDF,RG,7125,1,D,OD,XC,D
11:02:31,INDF,RG,7125,97,D,OD,BK,F
11:02:29,INDF,RG,7125,250,D,OD,YP,D
11:02:29,INDF,RG,7125,10,D,BB,YP,D
11:02:29,INDF,RG,7125,43,D,BB,YP,D
11:02:29,INDF,RG,7125,5,D,CC,YP,D
11:02:29,INDF,RG,7125,10,D,SQ,YP,D
11:02:29,INDF,RG,7125,1,D,XC,YP,D
11:02:29,INDF,RG,7125,5,D,XL,YP,D
11:02:29,INDF,RG,7125,1,D,YP,YP,D
11:02:29,INDF,RG,7125,1,D,CC,YP,D
11:02:29,INDF,RG,7125,2,D,PD,YP,D
11:02:29,INDF,RG,7125,1,D,AZ,YP,D
11:02:29,INDF,RG,7125,171,F,DP,YP,D
11:02:15,INDF,RG,7125,26,F,DP,BK,F
11:02:10,INDF,RG,7125,40,F,DP,BK,F
11:02:08,INDF,RG,7125,184,F,DP,BK,F
11:02:05,INDF,RG,7150,528,D,YU,BK,F
11:02:05,INDF,RG,7150,2,D,YU,CC,D
11:02:05,INDF,RG,7150,1,D,YU,CC,D
11:02:05,INDF,RG,7150,1,D,YU,XC,D
11:02:05,INDF,RG,7150,5,D,YU,NI,D
11:02:05,INDF,RG,7150,100,D,YU,SQ,D
11:02:05,INDF,RG,7150,3,D,YU,XC,D
11:02:05,INDF,RG,7150,5,D,YU,DR,D
11:02:05,INDF,RG,7150,21,D,YU,BK,F
11:02:05,INDF,RG,7150,144,D,YU,XA,D
11:02:05,INDF,RG,7150,1,D,YU,NI,D
11:02:05,INDF,RG,7150,30,D,YU,YP,D
11:02:05,INDF,RG,7150,2,D,YU,DR,D
11:02:05,INDF,RG,7150,7,D,YU,BK,F
11:02:05,INDF,RG,7150,2,D,YU,NI,D
11:02:05,INDF,RG,7150,2,D,YU,DR,D
11:02:05,INDF,RG,7150,10,D,YU,CC,D
11:02:05,INDF,RG,7150,10,D,YU,DR,D
11:02:05,INDF,RG,7150,1,D,YU,KK,D
11:02:05,INDF,RG,7150,1,D,YU,PD,D
11:02:05,INDF,RG,7150,15,D,YU,NI,D
11:02:05,INDF,RG,7150,100,D,YU,YP,D
11:02:05,INDF,RG,7150,9,D,YU,YP,D
11:01:48,INDF,RG,7125,2,F,DP,PD,D
11:01:00,INDF,RG,7150,64,D,YU,YP,D
11:00:58,INDF,RG,7125,12,F,DP,BK,F
11:00:58,INDF,RG,7125,13,D,KK,BK,F
11:00:53,INDF,RG,7125,15,D,KK,PD,D
11:00:17,INDF,RG,7125,29,D,KK,BK,F
11:00:14,INDF,RG,7125,88,D,KK,BK,F
11:00:11,INDF,RG,7150,27,F,KZ,YP,D
11:00:11,INDF,RG,7150,62,F,KZ,PD,D
11:00:11,INDF,RG,7150,5,F,KZ,TP,D
11:00:11,INDF,RG,7150,30,F,KZ,YP,D
11:00:11,INDF,RG,7150,1,F,KZ,XC,D
11:00:11,INDF,RG,7150,1,F,KZ,LG,D
11:00:11,INDF,RG,7150,1,F,KZ,NI,D
11:00:11,INDF,RG,7150,2,F,KZ,NI,D
11:00:11,INDF,RG,7150,1,F,KZ,XC,D
11:00:11,INDF,RG,7150,10,F,KZ,YP,D
11:00:11,INDF,RG,7150,3,F,KZ,PD,D
11:00:11,INDF,RG,7150,3,F,KZ,PD,D
11:00:11,INDF,RG,7150,5,F,KZ,XA,D
11:00:11,INDF,RG,7150,20,F,KZ,PD,D
11:00:11,INDF,RG,7150,1,F,KZ,YP,D
11:00:11,INDF,RG,7150,3,F,KZ,XC,D
11:00:11,INDF,RG,7150,3,F,KZ,YP,D
11:00:11,INDF,RG,7150,133,F,KZ,YU,D
11:00:11,INDF,RG,7150,1,D,YP,YU,D
11:00:10,INDF,RG,7125,55,D,KK,BK,F
11:00:10,INDF,RG,7125,3,D,CC,BK,F
11:00:10,INDF,RG,7125,5,D,AZ,BK,F
11:00:10,INDF,RG,7125,31,D,LG,BK,F
11:00:05,INDF,RG,7125,39,D,LG,BK,F
11:00:05,INDF,RG,7125,50,D,LG,BK,F
11:00:05,INDF,RG,7125,1,D,CC,BK,F
11:00:05,INDF,RG,7125,63,D,XC,BK,F
11:00:05,INDF,RG,7125,5,D,CC,BK,F
11:00:05,INDF,RG,7125,1,F,AK,BK,F
11:00:05,INDF,RG,7125,3,F,AK,BK,F
11:00:05,INDF,RG,7125,2,D,XC,BK,F
11:00:05,INDF,RG,7125,1,D,NI,BK,F
11:00:05,INDF,RG,7125,1,F,AK,BK,F
11:00:05,INDF,RG,7125,6,F,AK,BK,F
11:00:05,INDF,RG,7125,263,D,NI,BK,F
11:00:02,INDF,RG,7150,66,D,OD,YU,D
11:00:02,INDF,RG,7150,1,D,OD,YP,D
11:00:02,INDF,RG,7150,20,D,OD,YP,D
11:00:02,INDF,RG,7150,5,D,OD,SQ,D
11:00:02,INDF,RG,7150,1,D,OD,OD,D
11:00:02,INDF,RG,7150,5,D,OD,CC,D
11:00:02,INDF,RG,7150,30,D,OD,SQ,D
11:00:02,INDF,RG,7150,9,D,OD,GR,D
11:00:02,INDF,RG,7150,1,D,OD,YP,D
11:00:02,INDF,RG,7150,8,D,OD,CC,D
11:00:02,INDF,RG,7150,1,D,OD,YP,D
11:00:02,INDF,RG,7150,1,D,OD,YP,D
11:00:02,INDF,RG,7150,11,D,OD,PD,D
11:00:02,INDF,RG,7150,15,D,OD,CC,D
11:00:02,INDF,RG,7150,1,D,OD,DR,D
11:00:02,INDF,RG,7150,1,D,OD,CC,D
11:00:02,INDF,RG,7150,15,D,OD,PD,D
11:00:02,INDF,RG,7150,2,D,OD,PS,D
11:00:02,INDF,RG,7150,1,D,OD,NI,D
11:00:02,INDF,RG,7150,1,D,OD,SQ,D
11:00:02,INDF,RG,7150,5,D,OD,PD,D
11:00:02,INDF,RG,7150,1,D,OD,XC,D
11:00:02,INDF,RG,7150,1,D,OD,KK,D
11:00:02,INDF,RG,7150,200,D,OD,YP,D
11:00:02,INDF,RG,7150,4,D,OD,NI,D
11:00:02,INDF,RG,7150,2,D,OD,XL,D
11:00:02,INDF,RG,7150,1,D,OD,CC,D
11:00:02,INDF,RG,7150,16,D,OD,BK,F
11:00:02,INDF,RG,7150,1,D,OD,CC,D
11:00:02,INDF,RG,7150,1,D,OD,XA,D
11:00:02,INDF,RG,7150,1,D,OD,KK,D
11:00:02,INDF,RG,7150,6,D,OD,YP,D
11:00:02,INDF,RG,7150,2,D,OD,YP,D
11:00:02,INDF,RG,7150,2,D,OD,CC,D
11:00:02,INDF,RG,7150,16,D,OD,CC,D
11:00:02,INDF,RG,7150,16,D,OD,DH,D
11:00:02,INDF,RG,7150,2,D,OD,YP,D
11:00:02,INDF,RG,7150,1,D,OD,AG,D
11:00:02,INDF,RG,7150,1,D,OD,PD,D
11:00:02,INDF,RG,7150,2,D,OD,SQ,D
11:00:02,INDF,RG,7150,300,D,OD,YJ,D
11:00:02,INDF,RG,7150,166,D,OD,YU,F
11:00:02,INDF,RG,7150,1,D,OD,PD,D
11:00:02,INDF,RG,7150,1,D,OD,NI,D
11:00:02,INDF,RG,7150,1,D,OD,PD,D
11:00:02,INDF,RG,7150,25,D,OD,YP,D
11:00:02,INDF,RG,7150,2,D,OD,NI,D
11:00:02,INDF,RG,7150,682,D,OD,BK,F
11:00:02,INDF,RG,7150,36,D,OD,AK,F
11:00:02,INDF,RG,7150,1,D,OD,NI,D
11:00:02,INDF,RG,7150,40,D,OD,NI,D
11:00:02,INDF,RG,7150,1,D,OD,CC,D
11:00:02,INDF,RG,7150,10,D,OD,SQ,D
11:00:02,INDF,RG,7150,1,D,OD,NI,D
11:00:02,INDF,RG,7150,1,D,OD,NI,D
11:00:02,INDF,RG,7150,5,D,OD,YP,D
11:00:02,INDF,RG,7150,20,D,OD,AN,D
11:00:02,INDF,RG,7150,10,D,OD,EP,D
11:00:02,INDF,RG,7150,42,D,OD,YP,D
11:00:02,INDF,RG,7150,1,D,OD,XC,D
11:00:02,INDF,RG,7150,6,D,OD,PD,D
11:00:02,INDF,RG,7150,7,D,OD,PD,D
11:00:02,INDF,RG,7150,5,D,OD,YP,D
11:00:02,INDF,RG,7150,1,D,OD,YP,D
11:00:02,INDF,RG,7150,5,D,OD,SQ,D
11:00:02,INDF,RG,7150,10,D,OD,LG,D
11:00:02,INDF,RG,7150,1,D,OD,YP,D
11:00:02,INDF,RG,7150,2,D,OD,PD,D
11:00:02,INDF,RG,7150,10,D,OD,NI,D
11:00:02,INDF,RG,7150,1,D,OD,XC,D
11:00:02,INDF,RG,7150,2,D,OD,XC,D
11:00:02,INDF,RG,7150,25,D,OD,NI,D
11:00:02,INDF,RG,7150,10,D,OD,NI,D
11:00:02,INDF,RG,7150,8,D,OD,EP,D
11:00:02,INDF,RG,7150,1,D,OD,CC,D
11:00:02,INDF,RG,7150,7,D,OD,PD,D
11:00:02,INDF,RG,7150,10,D,OD,PD,D
11:00:02,INDF,RG,7150,10,D,OD,GR,D
11:00:02,INDF,RG,7150,1,D,OD,PD,D
11:00:02,INDF,RG,7150,5,D,OD,SQ,D
11:00:02,INDF,RG,7150,10,D,OD,YP,D
11:00:02,INDF,RG,7150,41,D,OD,NI,D
11:00:00,INDF,RG,7125,15,D,NI,BK,F
11:00:00,INDF,RG,7150,24,D,YU,NI,D
10:59:55,INDF,RG,7150,50,D,EP,NI,D
10:59:54,INDF,RG,7125,34,D,NI,PD,D
10:59:50,INDF,RG,7125,27,D,NI,BK,F
10:59:48,INDF,RG,7125,50,D,NI,BK,F
10:59:45,INDF,RG,7150,200,D,YU,NI,D
10:59:42,INDF,RG,7150,15,D,PD,NI,D
10:59:42,INDF,RG,7125,18,D,NI,BK,F
10:59:42,INDF,RG,7150,5,D,YU,NI,D
10:59:41,INDF,RG,7150,250,D,AZ,NI,D
10:59:38,INDF,RG,7150,5,D,YU,NI,D
10:59:35,INDF,RG,7150,100,D,YU,NI,D
10:59:32,INDF,RG,7150,310,D,YU,NI,D
10:59:32,INDF,RG,7150,100,D,YU,KK,D
10:59:32,INDF,RG,7150,3,D,YU,YP,D
10:59:32,INDF,RG,7150,200,D,YU,PD,D
10:59:32,INDF,RG,7150,1,D,YU,YP,D
10:59:32,INDF,RG,7150,2,D,YU,CC,D
10:59:32,INDF,RG,7150,50,D,YU,CC,D
10:59:32,INDF,RG,7150,334,D,YU,BK,F
10:59:28,INDF,RG,7150,13,D,CS,BK,F
10:59:28,INDF,RG,7150,86,D,YU,BK,F
10:59:28,INDF,RG,7150,10,D,YU,YP,D
10:59:28,INDF,RG,7150,3,D,YU,PD,D
10:59:28,INDF,RG,7150,10,D,YU,PD,D
10:59:28,INDF,RG,7150,8,D,YU,SQ,D
10:59:28,INDF,RG,7150,1,D,YU,NI,D
10:59:28,INDF,RG,7150,1,D,YU,PD,D
10:59:28,INDF,RG,7150,5,D,YU,PD,D
10:59:28,INDF,RG,7150,363,D,YU,BK,F
10:59:28,INDF,RG,7150,2,D,YU,PD,D
10:59:28,INDF,RG,7150,1,D,YU,YP,D
10:59:28,INDF,RG,7150,12,D,YU,NI,D
10:59:28,INDF,RG,7150,20,D,YU,CC,D
10:59:28,INDF,RG,7150,14,D,YU,PD,D
10:59:28,INDF,RG,7150,6,D,YU,CC,D
10:59:28,INDF,RG,7150,10,D,YU,YU,D
10:59:28,INDF,RG,7150,1,D,YU,CC,D
10:59:28,INDF,RG,7150,5,D,YU,YP,D
10:59:28,INDF,RG,7150,100,D,YU,AI,D
10:59:28,INDF,RG,7150,3,D,YU,PD,D
10:59:28,INDF,RG,7150,302,D,YU,BK,F
10:59:28,INDF,RG,7150,2,D,YU,KK,D
10:59:28,INDF,RG,7150,5,D,YU,YP,D
10:59:28,INDF,RG,7150,2,D,YU,KK,D
10:59:28,INDF,RG,7150,1,D,YU,PD,D
10:59:28,INDF,RG,7150,23,D,YU,BK,F
10:59:28,INDF,RG,7150,342,D,YU,BK,F
10:59:28,INDF,RG,7150,419,D,YU,BK,F
10:59:28,INDF,RG,7150,20,D,YU,PD,D
10:59:28,INDF,RG,7150,83,D,YU,BK,F
10:59:28,INDF,RG,7150,3,D,YU,CC,F
10:59:28,INDF,RG,7150,2,D,YU,XC,D
10:59:28,INDF,RG,7150,12,D,YU,KK,D
10:59:28,INDF,RG,7150,5,D,YU,PD,D
10:59:28,INDF,RG,7150,60,D,YU,HD,D
10:59:28,INDF,RG,7150,4,D,YU,NI,D
10:59:28,INDF,RG,7150,5,D,YU,PD,D
10:59:28,INDF,RG,7150,5,D,YU,KK,D
10:59:28,INDF,RG,7150,5,D,YU,YP,D
10:59:28,INDF,RG,7150,39,D,YU,YP,D
10:59:26,INDF,RG,7150,21,D,YU,YP,D
10:59:26,INDF,RG,7150,1,D,YU,DH,D
10:59:26,INDF,RG,7150,250,D,YU,BK,F
10:59:26,INDF,RG,7150,5,D,YU,CC,D
10:59:26,INDF,RG,7150,5,D,YU,AT,D
10:59:26,INDF,RG,7150,10,D,YU,YP,D
10:59:26,INDF,RG,7150,10,D,YU,LG,D
10:59:26,INDF,RG,7150,2,D,YU,DH,D
10:59:26,INDF,RG,7150,25,D,YU,AG,D
10:59:26,INDF,RG,7150,50,D,YU,NI,D
10:59:26,INDF,RG,7150,1,D,YU,YP,D
10:59:26,INDF,RG,7150,208,D,YU,BK,F
10:59:26,INDF,RG,7150,1,D,YU,NI,D
10:59:26,INDF,RG,7150,3,D,YU,PD,D
10:59:26,INDF,RG,7150,1,D,YU,PD,D
10:59:26,INDF,RG,7150,1,D,YU,PD,D
10:59:26,INDF,RG,7150,25,D,YU,YP,F
10:59:26,INDF,RG,7150,23,D,YU,YP,D
10:59:26,INDF,RG,7150,58,D,YU,CC,D
10:59:15,INDF,RG,7150,1,F,AK,CC,D
10:58:37,INDF,RG,7125,14,D,NI,BK,F
10:58:30,INDF,RG,7150,5,F,AK,CC,D
10:58:28,INDF,RG,7125,4,D,NI,YP,D
10:58:22,INDF,RG,7125,1,D,NI,DH,D
10:58:11,INDF,RG,7125,1,D,NI,KK,D
10:58:01,INDF,RG,7125,4,D,NI,PD,D
10:58:00,INDF,RG,7150,138,D,YU,CC,D
10:57:34,INDF,RG,7125,1,D,NI,XC,D
10:57:23,INDF,RG,7125,14,D,NI,PD,D
10:56:50,INDF,RG,7125,3,D,NI,NI,D
10:56:41,INDF,RG,7125,17,D,NI,YU,D
10:56:15,INDF,RG,7150,1,F,AK,CC,D
10:56:11,INDF,RG,7125,14,D,NI,BK,F
10:56:00,INDF,RG,7150,5,F,AK,CC,D
10:55:45,INDF,RG,7125,50,D,NI,EP,D
10:55:31,INDF,RG,7125,1,D,NI,YP,D
10:55:02,INDF,RG,7125,13,D,NI,BK,F
10:55:02,INDF,RG,7125,10,D,NI,GR,D
10:55:00,INDF,RG,7150,73,D,YU,CC,D
10:54:55,INDF,RG,7125,1,D,NI,BQ,D
10:54:47,INDF,RG,7125,5,D,NI,AZ,D
10:54:31,INDF,RG,7125,16,D,NI,BK,F
10:54:31,INDF,RG,7125,200,D,NI,GR,D
10:54:10,INDF,RG,7125,15,D,NI,YP,D
10:54:10,INDF,RG,7150,1,D,YP,CC,D
10:53:46,INDF,RG,7125,14,D,NI,BK,F
10:53:45,INDF,RG,7150,1,F,AK,CC,D
10:53:20,INDF,RG,7125,15,D,NI,PD,D
10:53:15,INDF,RG,7150,6,F,AK,CC,D
10:53:07,INDF,RG,7125,34,D,NI,PD,D
10:53:00,INDF,RG,7150,83,D,YU,CC,D
10:52:58,INDF,RG,7125,3,D,NI,PD,D
10:52:38,INDF,RG,7125,20,D,NI,PD,D
10:52:10,INDF,RG,7125,5,D,NI,YP,D
10:52:05,INDF,RG,7125,5,D,NI,YP,D
10:51:45,INDF,RG,7150,1,F,AK,CC,D
10:51:30,INDF,RG,7150,5,F,AK,CC,D
10:51:20,INDF,RG,7150,1,D,XL,CC,D
10:51:03,INDF,RG,7125,15,D,NI,BK,F
10:51:00,INDF,RG,7150,64,D,YU,CC,D
10:50:17,INDF,RG,7125,50,D,NI,AF,D
10:49:04,INDF,RG,7150,2,D,CC,CC,D
10:48:47,INDF,RG,7150,5,D,GR,CC,D
10:48:36,INDF,RG,7125,34,D,NI,PD,D
10:48:27,INDF,RG,7125,2,D,NI,BQ,D
10:48:15,INDF,RG,7125,12,D,NI,BK,F
10:48:15,INDF,RG,7125,2,D,YU,BK,F
10:48:00,INDF,RG,7150,80,D,YU,CC,D
10:46:56,INDF,RG,7150,70,F,KZ,CC,D
10:46:56,INDF,RG,7150,14,F,KZ,AT,D
10:46:56,INDF,RG,7150,2,F,KZ,LG,D
10:46:56,INDF,RG,7150,1,F,KZ,YP,D
10:46:56,INDF,RG,7150,3,F,KZ,YP,D
10:46:56,INDF,RG,7150,92,F,KZ,BK,F
10:46:51,INDF,RG,7150,80,D,NI,BK,F
10:46:51,INDF,RG,7150,2,D,NI,YP,D
10:46:51,INDF,RG,7150,500,D,NI,KI,D
10:46:51,INDF,RG,7150,1,D,NI,PD,D
10:46:51,INDF,RG,7150,5,D,NI,CP,D
10:46:51,INDF,RG,7150,1,D,NI,NI,D
10:46:51,INDF,RG,7150,1,D,NI,PD,D
10:46:51,INDF,RG,7150,25,D,NI,CC,D
10:46:51,INDF,RG,7150,143,D,NI,BK,F
10:46:51,INDF,RG,7150,10,D,NI,KK,D
10:46:51,INDF,RG,7150,2,D,NI,YP,D
10:46:51,INDF,RG,7150,15,D,NI,PD,D
10:46:51,INDF,RG,7150,5,D,NI,LG,D
10:46:51,INDF,RG,7150,3,D,NI,SQ,D
10:46:51,INDF,RG,7150,207,D,NI,CP,D
10:45:47,INDF,RG,7125,13,D,YU,BQ,D
10:45:43,INDF,RG,7125,11,D,YU,XC,D
10:45:43,INDF,RG,7125,4,D,NI,XC,D
10:45:43,INDF,RG,7125,56,F,DP,XC,D
10:45:38,INDF,RG,7125,10,F,DP,NI,D
10:45:00,INDF,RG,7150,124,D,YU,CP,D
10:44:52,INDF,RG,7125,2,F,DP,PD,D
10:44:50,INDF,RG,7150,1,D,BB,CP,D
10:44:42,INDF,RG,7125,3,F,DP,AT,D
10:44:40,INDF,RG,7125,2,F,DP,XC,D
10:44:37,INDF,RG,7125,15,F,DP,BK,F
10:44:25,INDF,RG,7125,22,F,DP,BK,F
10:44:22,INDF,RG,7125,41,F,DP,BK,F
10:44:17,INDF,RG,7150,168,D,PC,CP,D
10:44:17,INDF,RG,7150,2,D,PC,YP,D
10:44:17,INDF,RG,7150,2,D,PC,PD,D
10:44:17,INDF,RG,7150,30,D,PC,PD,D
10:44:17,INDF,RG,7150,124,D,PC,BK,F
10:44:17,INDF,RG,7150,5,D,PC,GR,D
10:44:17,INDF,RG,7150,10,D,PC,XL,D
10:44:17,INDF,RG,7150,2,D,PC,KK,D
10:44:17,INDF,RG,7150,2,D,PC,XC,D
10:44:17,INDF,RG,7150,2,D,PC,CC,D
10:44:17,INDF,RG,7150,1,D,PC,NI,D
10:44:17,INDF,RG,7150,1,D,PC,CC,D
10:44:17,INDF,RG,7150,1,D,PC,PD,D
10:44:17,INDF,RG,7150,450,D,PC,BK,F
10:43:52,INDF,RG,7125,1,F,DP,NI,D
10:43:46,INDF,RG,7125,2,F,DP,ZP,D
10:43:23,INDF,RG,7125,15,F,DP,BK,F
10:43:19,INDF,RG,7125,16,F,DP,BK,F
10:43:18,INDF,RG,7125,1,F,DP,TF,D
10:43:17,INDF,RG,7125,170,F,DP,BK,F
10:43:16,INDF,RG,7125,72,F,DP,BK,F
10:43:16,INDF,RG,7125,1,F,DP,AK,F
10:43:15,INDF,RG,7125,1,F,DP,AK,F
10:43:15,INDF,RG,7125,3,F,DP,AK,F
10:43:14,INDF,RG,7125,123,F,DP,BQ,D
10:43:14,INDF,RG,7125,70,D,XC,BQ,D
10:43:14,INDF,RG,7125,1,D,PD,BQ,D
10:43:14,INDF,RG,7125,23,D,YU,BQ,D
10:43:14,INDF,RG,7125,1,D,XC,BQ,D
10:43:14,INDF,RG,7125,10,D,DH,BQ,D
10:43:14,INDF,RG,7125,1,D,YP,BQ,D
10:43:14,INDF,RG,7125,8,D,XL,BQ,D
10:43:14,INDF,RG,7125,30,D,LG,BQ,D
10:43:14,INDF,RG,7125,50,D,YP,BQ,D
10:43:14,INDF,RG,7125,500,D,NI,BQ,D
10:43:14,INDF,RG,7125,1,F,AK,BQ,D
10:43:14,INDF,RG,7125,3,F,AK,BQ,D
10:43:14,INDF,RG,7125,1,F,AK,BQ,D
10:43:14,INDF,RG,7125,9,F,AK,BQ,D
10:43:14,INDF,RG,7125,169,D,NI,BQ,D
10:43:12,INDF,RG,7125,64,D,NI,BK,F
10:43:10,INDF,RG,7125,156,D,NI,BK,F
10:43:09,INDF,RG,7150,126,D,NI,BK,F
10:43:09,INDF,RG,7150,3,D,NI,PD,D
10:43:09,INDF,RG,7150,5,D,NI,PD,D
10:43:09,INDF,RG,7150,1,D,NI,PD,D
10:43:09,INDF,RG,7150,25,D,NI,GR,D
10:43:09,INDF,RG,7150,10,D,NI,AN,D
10:43:09,INDF,RG,7150,2,D,NI,NI,D
10:43:09,INDF,RG,7150,2,D,NI,PD,D
10:43:09,INDF,RG,7150,250,D,NI,EP,D
10:43:09,INDF,RG,7150,28,D,NI,KK,D
10:43:09,INDF,RG,7150,8,D,NI,PD,D
10:43:09,INDF,RG,7150,55,D,NI,PD,D
10:43:09,INDF,RG,7150,5,D,NI,CC,D
10:43:09,INDF,RG,7150,5,D,NI,OD,D
10:43:09,INDF,RG,7150,475,D,NI,AH,D
10:43:06,INDF,RG,7150,1,D,YP,AH,D
10:43:06,INDF,RG,7125,34,D,NI,PD,D
10:43:00,INDF,RG,7125,23,D,NI,BK,F
10:43:00,INDF,RG,7150,1,F,AK,AH,D
10:42:59,INDF,RG,7125,54,D,NI,BK,F
10:42:59,INDF,RG,7125,7,D,XC,BK,F
10:42:59,INDF,RG,7125,33,F,KZ,BK,F
10:42:58,INDF,RG,7125,20,F,KZ,PD,D
10:42:54,INDF,RG,7150,650,D,BB,AH,D
10:42:54,INDF,RG,7150,1000,D,BB,AH,D
10:42:42,INDF,RG,7125,6,F,KZ,AK,F
10:42:41,INDF,RG,7125,12,F,KZ,AK,F
10:42:40,INDF,RG,7125,15,F,KZ,AK,F
10:42:40,INDF,RG,7125,169,F,KZ,AK,F
10:42:40,INDF,RG,7125,2,D,PD,AK,F
10:42:40,INDF,RG,7125,37,D,OD,AK,F
10:42:40,INDF,RG,7125,109,D,OD,AK,F
10:42:30,INDF,RG,7150,4,F,AK,AH,D
10:42:12,INDF,RG,7125,1,D,OD,PD,D
10:42:00,INDF,RG,7150,143,D,YU,AH,D
10:41:32,INDF,RG,7150,1,D,YP,AH,D
10:41:30,INDF,RG,7150,14,D,PD,AH,D
10:41:21,INDF,RG,7150,2,D,CC,AH,D
10:41:00,INDF,RG,7150,53,D,YU,AH,D
10:40:30,INDF,RG,7150,4,F,AK,AH,D
10:40:15,INDF,RG,7150,1,F,AK,AH,D
10:40:05,INDF,RG,7125,50,D,OD,SQ,D
10:39:38,INDF,RG,7125,1,D,OD,YP,D
10:39:37,INDF,RG,7125,15,D,OD,ZP,D
10:39:00,INDF,RG,7150,135,D,YU,AH,D
10:38:59,INDF,RG,7150,100,D,BB,AH,D
10:38:05,INDF,RG,7125,34,D,OD,PD,D
10:38:04,INDF,RG,7150,242,D,YU,AH,D
10:38:04,INDF,RG,7150,10,D,YU,NI,D
10:38:04,INDF,RG,7150,5,D,YU,YP,D
10:38:04,INDF,RG,7150,27,D,YU,NI,D
10:38:04,INDF,RG,7150,1,D,YU,EP,D
10:38:04,INDF,RG,7150,1,D,YU,DR,D
10:38:04,INDF,RG,7150,14,D,YU,YP,D
10:37:15,INDF,RG,7150,5,F,AK,YP,D
10:37:07,INDF,RG,7125,1,D,OD,BQ,D
10:37:00,INDF,RG,7150,181,D,YU,YP,D
10:37:00,INDF,RG,7150,17,D,YU,IF,D
10:37:00,INDF,RG,7150,3,D,YU,IF,D
10:37:00,INDF,RG,7150,1,D,YU,YP,D
10:37:00,INDF,RG,7150,4,D,YU,NI,D
10:37:00,INDF,RG,7150,14,D,YU,GR,D
10:35:28,INDF,RG,7150,1,D,XC,GR,D
10:35:21,INDF,RG,7150,35,F,KZ,GR,D
10:35:21,INDF,RG,7150,16,F,KZ,YP,D
10:35:21,INDF,RG,7150,10,F,KZ,DR,D
10:35:21,INDF,RG,7150,20,F,KZ,KK,D
10:35:21,INDF,RG,7150,1,F,KZ,CC,D
10:35:21,INDF,RG,7150,1,F,KZ,PD,D
10:35:21,INDF,RG,7150,20,F,KZ,YP,D
10:35:21,INDF,RG,7150,10,F,KZ,PD,D
10:35:21,INDF,RG,7150,4,F,KZ,XL,D
10:35:21,INDF,RG,7150,17,F,KZ,NI,D
10:34:51,INDF,RG,7125,40,D,OD,CC,D
10:34:00,INDF,RG,7150,63,D,YU,NI,D
10:34:00,INDF,RG,7150,40,D,YU,AR,D
10:33:58,INDF,RG,7125,1,D,OD,YP,D
10:33:46,INDF,RG,7125,10,D,OD,GR,D
10:33:31,INDF,RG,7125,1,D,OD,YU,D
10:33:04,INDF,RG,7125,33,D,OD,PD,D
10:32:50,INDF,RG,7125,5,D,OD,YP,D
10:32:49,INDF,RG,7125,13,D,OD,YP,D
10:32:40,INDF,RG,7150,10,D,SQ,AR,D
10:31:57,INDF,RG,7125,26,D,OD,BK,F
10:31:56,INDF,RG,7125,6,D,OD,XC,D
10:31:55,INDF,RG,7125,4,D,OD,PD,D
10:31:40,INDF,RG,7125,25,D,OD,BK,F
10:31:34,INDF,RG,7125,88,D,OD,NI,D
10:31:34,INDF,RG,7125,27,D,YU,NI,D
10:31:34,INDF,RG,7125,1,D,NI,NI,D
10:31:34,INDF,RG,7125,5,D,GR,NI,D
10:31:34,INDF,RG,7125,1,D,AZ,NI,D
10:31:34,INDF,RG,7125,1,F,AK,NI,D
10:31:34,INDF,RG,7125,3,F,AK,NI,D
10:31:34,INDF,RG,7125,24,F,KZ,NI,D
10:31:18,INDF,RG,7150,10,D,PD,AR,D
10:31:06,INDF,RG,7125,26,F,KZ,BK,F
10:31:02,INDF,RG,7125,30,F,KZ,BK,F
10:31:01,INDF,RG,7150,1,D,PD,AR,D
10:31:00,INDF,RG,7150,221,D,YU,AR,D
10:30:49,INDF,RG,7150,1,D,XC,AR,D
10:30:45,INDF,RG,7150,1,F,AK,AR,D
10:30:33,INDF,RG,7125,3,F,KZ,CC,D
10:30:29,INDF,RG,7125,22,F,KZ,BK,F
10:30:28,INDF,RG,7125,50,F,KZ,EP,D
10:30:28,INDF,RG,7150,1,D,YP,AR,D
10:30:24,INDF,RG,7125,2,F,KZ,BQ,D
10:30:02,INDF,RG,7125,30,F,KZ,YP,D
10:29:49,INDF,RG,7125,24,F,KZ,BK,F
10:29:46,INDF,RG,7125,20,F,KZ,CC,D
10:29:35,INDF,RG,7125,2,F,KZ,SQ,D
10:29:33,INDF,RG,7125,10,F,KZ,YP,D
10:29:02,INDF,RG,7125,15,F,KZ,BK,F
10:29:02,INDF,RG,7125,9,F,DP,BK,F
10:29:00,INDF,RG,7150,15,D,YU,AR,D
10:29:00,INDF,RG,7150,4,D,YU,DR,D
10:29:00,INDF,RG,7150,98,D,YU,CP,D
10:28:35,INDF,RG,7150,6,F,AK,CP,D
10:28:26,INDF,RG,7125,14,F,DP,BK,F
10:28:25,INDF,RG,7125,34,F,DP,PD,D
10:27:33,INDF,RG,7125,18,F,DP,BK,F
10:27:28,INDF,RG,7125,35,F,DP,BK,F
10:27:26,INDF,RG,7150,46,F,KZ,CP,D
10:27:26,INDF,RG,7150,5,F,KZ,NI,D
10:27:26,INDF,RG,7150,1,F,KZ,XC,D
10:27:26,INDF,RG,7150,10,F,KZ,HP,D
10:27:26,INDF,RG,7150,4,F,KZ,PD,D
10:27:26,INDF,RG,7150,50,F,KZ,PD,D
10:27:26,INDF,RG,7150,10,F,KZ,SQ,D
10:27:26,INDF,RG,7150,34,F,KZ,YP,D
10:27:26,INDF,RG,7150,1,F,KZ,PD,D
10:27:26,INDF,RG,7150,1,F,KZ,YP,D
10:27:26,INDF,RG,7150,10,F,KZ,YP,D
10:27:26,INDF,RG,7150,148,F,KZ,NI,D
10:27:26,INDF,RG,7150,1,F,KZ,OD,D
10:27:06,INDF,RG,7125,1,F,DP,NI,D
10:26:38,INDF,RG,7125,4,F,DP,OD,D
10:26:24,INDF,RG,7125,2,F,DP,AZ,D
10:26:15,INDF,RG,7150,1,F,AK,OD,D
10:26:06,INDF,RG,7125,3,F,DP,NI,D
10:26:00,INDF,RG,7150,1,D,YU,OD,D
10:26:00,INDF,RG,7150,2,D,YU,CC,D
10:26:00,INDF,RG,7150,1,D,YU,CC,D
10:26:00,INDF,RG,7150,20,D,YU,XC,D
10:26:00,INDF,RG,7150,5,D,YU,PD,D
10:26:00,INDF,RG,7150,1,D,YU,PD,D
10:26:00,INDF,RG,7150,1,D,YU,PD,D
10:26:00,INDF,RG,7150,3,D,YU,NI,D
10:26:00,INDF,RG,7150,5,D,YU,OD,D
10:26:00,INDF,RG,7150,3,D,YU,MG,D
10:26:00,INDF,RG,7150,34,D,YU,CP,D
10:25:59,INDF,RG,7125,100,F,DP,GR,D
10:25:57,INDF,RG,7125,3,F,DP,NI,D
10:25:52,INDF,RG,7125,5,F,DP,AZ,D
10:25:31,INDF,RG,7125,2,F,DP,PD,D
10:25:30,INDF,RG,7125,3,F,DP,XC,D
10:25:00,INDF,RG,7125,10,F,DP,BQ,D
10:24:48,INDF,RG,7125,1,F,DP,XL,D
10:24:48,INDF,RG,7125,2,F,DP,DH,D
10:24:45,INDF,RG,7150,5,F,AK,CP,D
10:24:10,INDF,RG,7150,1,D,YP,CP,D
10:24:09,INDF,RG,7150,10,D,CC,CP,D
10:23:47,INDF,RG,7150,1,D,YP,CP,D
10:23:13,INDF,RG,7125,7,F,DP,PD,D
10:23:05,INDF,RG,7125,32,F,DP,PD,D
10:23:05,INDF,RG,7125,2,D,BB,PD,D
10:22:25,INDF,RG,7150,5,D,XC,CP,D
10:22:01,INDF,RG,7150,10,D,NI,CP,D
10:22:00,INDF,RG,7125,5,D,BB,YP,D
10:22:00,INDF,RG,7150,97,D,YU,CP,D
10:21:43,INDF,RG,7125,39,D,BB,IF,D
10:21:21,INDF,RG,7150,1,D,YP,CP,D
10:19:49,INDF,RG,7150,1,F,ZP,CP,D
10:19:39,INDF,RG,7125,100,D,BB,LG,D
10:19:21,INDF,RG,7125,12,D,BB,PD,D
10:18:48,INDF,RG,7125,5,D,BB,YP,D
10:18:32,INDF,RG,7125,2,D,BB,NI,D
10:18:15,INDF,RG,7125,34,D,BB,PD,D
10:18:00,INDF,RG,7150,72,D,YU,CP,D
10:17:46,INDF,RG,7125,1,D,BB,YP,D
10:17:40,INDF,RG,7150,1,D,CC,CP,D
10:17:21,INDF,RG,7125,100,D,BB,NI,D
10:17:18,INDF,RG,7125,6,D,BB,YP,D
10:17:12,INDF,RG,7125,200,D,BB,YJ,D
10:17:01,INDF,RG,7125,5,D,BB,YP,D
10:16:13,INDF,RG,7125,61,D,BB,YP,D
10:15:59,INDF,RG,7125,1,D,BB,GR,D
10:15:58,INDF,RG,7125,20,D,BB,XC,D
10:15:50,INDF,RG,7125,2,D,BB,YP,D
10:15:49,INDF,RG,7125,2,D,BB,NI,D
10:15:49,INDF,RG,7125,132,D,BB,BK,F
10:15:49,INDF,RG,7125,10,D,BB,YP,D
10:15:49,INDF,RG,7125,150,D,BB,CP,D
10:15:49,INDF,RG,7125,13,D,BB,BK,F
10:15:49,INDF,RG,7125,230,D,BB,BK,F
10:15:49,INDF,RG,7125,43,D,BB,AK,F
10:15:49,INDF,RG,7125,1,D,BB,OD,D
10:15:49,INDF,RG,7125,20,D,BB,AG,F
10:15:49,INDF,RG,7125,164,D,BB,YU,F
10:15:49,INDF,RG,7125,180,D,BB,CC,F
10:15:49,INDF,RG,7125,1,D,BB,PD,D
10:15:49,INDF,RG,7125,20,D,BB,YU,D
10:15:49,INDF,RG,7125,79,D,BB,YP,D
10:15:49,INDF,RG,7125,30,D,BB,YP,D
10:15:49,INDF,RG,7125,20,D,BB,YP,D
10:15:49,INDF,RG,7125,2,D,BB,LG,D
10:15:49,INDF,RG,7125,25,D,BB,CC,D
10:15:49,INDF,RG,7125,28,D,BB,YP,D
10:15:49,INDF,RG,7125,60,D,BB,EP,D
10:15:49,INDF,RG,7125,1,D,BB,CD,D
10:15:49,INDF,RG,7125,52,D,BB,BK,F
10:15:49,INDF,RG,7125,142,D,BB,BK,F
10:15:48,INDF,RG,7125,1,D,PD,BK,F
10:15:47,INDF,RG,7100,1,D,NI,XL,D
10:15:14,INDF,RG,7100,1,D,NI,PD,D
10:15:00,INDF,RG,7125,101,D,YU,BK,F
10:14:57,INDF,RG,7100,34,D,NI,PD,D
10:14:31,INDF,RG,7100,2,D,NI,NI,D
10:13:49,INDF,RG,7100,1,D,NI,XC,D
10:13:25,INDF,RG,7100,1,D,NI,XL,D
10:12:57,INDF,RG,7125,25,D,GR,BK,F
10:12:47,INDF,RG,7125,159,D,YU,BK,F
10:12:47,INDF,RG,7125,27,D,YU,AK,F
10:12:47,INDF,RG,7125,5,D,YU,OD,D
10:12:47,INDF,RG,7125,1,D,YU,XC,D
10:12:47,INDF,RG,7125,100,D,YU,YU,D
10:12:47,INDF,RG,7125,2,D,YU,YP,D
10:12:47,INDF,RG,7125,40,D,YU,SQ,D
10:12:47,INDF,RG,7125,28,D,YU,BK,F
10:12:47,INDF,RG,7125,138,D,YU,BK,F
10:12:43,INDF,RG,7100,2,D,NI,CC,D
10:12:33,INDF,RG,7100,1,D,NI,BQ,D
10:12:10,INDF,RG,7100,242,D,NI,SQ,D
10:12:10,INDF,RG,7100,1,F,AK,SQ,D
10:12:10,INDF,RG,7100,10,D,PD,SQ,D
10:12:10,INDF,RG,7100,2,D,OD,SQ,D
10:12:10,INDF,RG,7100,2,D,XC,SQ,D
10:12:10,INDF,RG,7100,5,D,OD,SQ,D
10:12:10,INDF,RG,7100,33,D,YU,SQ,D
10:12:10,INDF,RG,7100,245,D,YP,SQ,D
10:11:20,INDF,RG,7125,1,D,YP,BK,F
10:10:44,INDF,RG,7100,2,D,YP,BQ,D
10:10:22,INDF,RG,7125,1,D,XL,BK,F
10:10:04,INDF,RG,7100,10,D,YP,PD,D
10:10:00,INDF,RG,7125,100,D,YU,BK,F
10:10:00,INDF,RG,7125,479,D,YU,YU,F
10:10:00,INDF,RG,7125,123,D,YU,CC,D
10:10:00,INDF,RG,7125,1,D,YU,NI,D
10:10:00,INDF,RG,7125,27,D,YU,CC,D
10:10:00,INDF,RG,7125,90,D,YU,PD,D
10:10:00,INDF,RG,7125,2,D,YU,XC,D
10:10:00,INDF,RG,7125,1,D,YU,PD,D
10:10:00,INDF,RG,7125,43,D,YU,PD,D
10:10:00,INDF,RG,7125,34,D,YU,BK,F
10:09:57,INDF,RG,7125,70,D,YU,BK,F
10:09:53,INDF,RG,7125,74,D,YU,BK,F
10:09:53,INDF,RG,7125,226,D,YU,BK,F
10:09:51,INDF,RG,7125,100,D,YU,BK,F
10:09:48,INDF,RG,7125,700,D,YU,BK,F
10:09:37,INDF,RG,7100,50,D,YP,GR,D
10:09:36,INDF,RG,7100,14,D,YP,DR,D
10:09:23,INDF,RG,7125,1,D,KK,BK,F
10:09:00,INDF,RG,7100,5,D,YP,YP,D
10:09:00,INDF,RG,7125,113,D,YU,BK,F
10:08:25,INDF,RG,7100,2,D,YP,NI,D
10:08:23,INDF,RG,7100,13,D,YP,LG,D
10:08:14,INDF,RG,7100,34,D,YP,PD,D
10:08:02,INDF,RG,7100,2,F,AK,PD,D
10:07:57,INDF,RG,7100,2,F,AK,PD,D
10:07:42,INDF,RG,7100,1,F,AK,CP,D
10:07:42,INDF,RG,7100,1,F,AK,CP,D
10:07:42,INDF,RG,7100,10,F,AK,CP,D
10:07:42,INDF,RG,7100,10,D,DH,CP,D
10:07:42,INDF,RG,7100,5,D,AZ,CP,D
10:07:42,INDF,RG,7100,4,F,AK,CP,D
10:07:42,INDF,RG,7100,1,F,AK,CP,D
10:07:42,INDF,RG,7100,1,F,AK,CP,D
10:07:42,INDF,RG,7100,5,F,AK,CP,D
10:07:42,INDF,RG,7100,12,D,NI,CP,D
10:07:00,INDF,RG,7125,50,D,YU,BK,F
10:07:00,INDF,RG,7125,134,D,YU,BK,F
10:07:00,INDF,RG,7125,26,D,YU,BK,F
10:07:00,INDF,RG,7125,32,D,YU,AK,F
10:05:38,INDF,RG,7100,12,D,NI,XC,D
10:05:36,INDF,RG,7125,1,D,IF,AK,F
10:05:35,INDF,RG,7100,10,D,NI,SQ,D
10:05:29,INDF,RG,7100,21,D,NI,BK,F
10:05:27,INDF,RG,7100,30,D,NI,YP,D
10:04:43,INDF,RG,7100,20,D,NI,BK,F
10:04:41,INDF,RG,7125,7,D,XC,AK,F
10:04:38,INDF,RG,7100,60,D,NI,BK,F
10:04:33,INDF,RG,7100,297,D,NI,BK,F
10:04:30,INDF,RG,7125,39,F,DP,BK,F
10:04:30,INDF,RG,7125,2,D,YP,BK,F
10:04:30,INDF,RG,7125,27,F,KZ,BK,F
10:04:30,INDF,RG,7125,93,F,KZ,AK,F
10:04:30,INDF,RG,7125,39,F,KZ,AK,F
10:04:30,INDF,RG,7125,130,F,KZ,YP,D
10:04:30,INDF,RG,7125,264,F,DP,YP,D
10:04:30,INDF,RG,7125,50,D,YP,YP,D
10:04:30,INDF,RG,7125,28,D,YU,YP,D
10:04:30,INDF,RG,7125,91,D,YU,YP,D
10:04:30,INDF,RG,7125,1,F,AK,YP,D
10:04:30,INDF,RG,7125,5,F,AK,YP,D
10:04:30,INDF,RG,7125,70,D,LG,YP,D
10:04:30,INDF,RG,7125,37,D,OD,YP,D
10:04:30,INDF,RG,7125,324,D,OD,YP,D
10:04:29,INDF,RG,7125,139,D,OD,BK,F
10:04:29,INDF,RG,7125,1,F,AK,BK,F
10:04:29,INDF,RG,7125,5,F,AK,BK,F
10:04:29,INDF,RG,7125,95,D,DH,BK,F
10:04:29,INDF,RG,7125,47,D,DH,BK,F
10:04:26,INDF,RG,7125,240,D,DH,BK,F
