Time,Stock,Brd,Price,Qty,BT,BC,SC,ST
15:14:41,INDF,RG,6825,10,D,AK,YP,D
15:08:27,INDF,RG,6825,24,D,AK,YP,D
15:08:27,INDF,RG,6825,4,D,AK,YP,D
15:08:26,INDF,RG,6825,10,D,AK,EP,D
15:08:12,INDF,RG,6825,5,D,AK,YP,D
15:07:39,INDF,RG,6825,1,D,AK,YP,D
15:07:31,INDF,RG,6825,6,D,AK,YP,D
15:07:27,INDF,RG,6825,11,D,AK,YP,D
15:07:19,INDF,RG,6825,49,D,AK,YP,D
15:07:19,INDF,RG,6825,43,D,AK,YP,D
15:06:29,INDF,RG,6825,35,D,AK,YP,D
15:05:08,INDF,RG,6825,1,D,AK,YP,D
15:05:06,INDF,RG,6825,5,D,AK,YB,D
15:04:34,INDF,RG,6825,62,D,AK,YU,D
15:04:34,INDF,RG,6825,46,D,AK,YU,D
15:04:29,INDF,RG,6825,1,D,AK,CP,D
15:04:25,INDF,RG,6825,1,D,AK,YP,D
15:04:11,INDF,RG,6825,1,D,AK,YP,D
15:03:29,INDF,RG,6825,2,D,AK,XC,D
15:03:13,INDF,RG,6825,4,D,AK,CC,D
15:03:06,INDF,RG,6825,5,D,AK,YP,D
15:02:30,INDF,RG,6825,5,D,AK,YP,D
15:01:43,INDF,RG,6825,7,D,AK,GR,D
15:00:00,INDF,RG,6825,1,D,AK,KK,D
15:00:00,INDF,RG,6825,1,D,AK,YB,D
15:00:00,INDF,RG,6825,32,D,AK,HP,D
15:00:00,INDF,RG,6825,68,D,AK,HP,D
15:00:00,INDF,RG,6825,16,D,AK,NI,D
15:00:00,INDF,RG,6825,7,D,AK,PD,D
15:00:00,INDF,RG,6825,2,D,AK,KK,D
15:00:00,INDF,RG,6825,2,D,AK,CC,D
15:00:00,INDF,RG,6825,10,D,AK,CC,D
15:00:00,INDF,RG,6825,200,D,AK,CP,D
15:00:00,INDF,RG,6825,2,D,AK,PD,D
15:00:00,INDF,RG,6825,10,D,AK,GR,D
15:00:00,INDF,RG,6825,323,D,AK,ZP,F
15:00:00,INDF,RG,6825,177,D,AK,ZP,F
15:00:00,INDF,RG,6825,234,D,AK,ZP,F
15:00:00,INDF,RG,6825,999,D,AK,ZP,F
15:00:00,INDF,RG,6825,1,D,BQ,ZP,F
15:00:00,INDF,RG,6825,5,D,PD,ZP,F
15:00:00,INDF,RG,6825,3,D,YP,ZP,F
15:00:00,INDF,RG,6825,2,D,DR,ZP,F
15:00:00,INDF,RG,6825,100,D,CC,ZP,F
15:00:00,INDF,RG,6825,10,D,ZP,ZP,F
15:00:00,INDF,RG,6825,10,D,YP,ZP,F
15:00:00,INDF,RG,6825,15,D,YP,ZP,F
15:00:00,INDF,RG,6825,25,D,AZ,ZP,F
15:00:00,INDF,RG,6825,3,D,NI,ZP,F
15:00:00,INDF,RG,6825,50,D,KK,ZP,F
15:00:00,INDF,RG,6825,300,D,NI,ZP,F
15:00:00,INDF,RG,6825,1,D,CC,ZP,F
15:00:00,INDF,RG,6825,35,D,PD,ZP,F
15:00:00,INDF,RG,6825,20,D,PD,ZP,F
15:00:00,INDF,RG,6825,5,D,YP,ZP,F
15:00:00,INDF,RG,6825,416,D,YU,ZP,F
15:00:00,INDF,RG,6825,2,D,YU,YB,D
15:00:00,INDF,RG,6825,2,D,YU,YP,D
15:00:00,INDF,RG,6825,100,D,YU,YB,D
15:00:00,INDF,RG,6825,1,D,YU,YB,D
15:00:00,INDF,RG,6825,25,D,YU,YP,D
15:00:00,INDF,RG,6825,15,D,YU,KK,D
15:00:00,INDF,RG,6825,2,D,YU,HP,D
15:00:00,INDF,RG,6825,121,D,YU,DX,F
15:00:00,INDF,RG,6825,1,D,YU,ZP,F
15:00:00,INDF,RG,6825,315,D,YU,ZP,F
15:00:00,INDF,RG,6825,1,D,XC,ZP,F
15:00:00,INDF,RG,6825,1,D,YP,ZP,F
15:00:00,INDF,RG,6825,25,D,KK,ZP,F
15:00:00,INDF,RG,6825,1,D,NI,ZP,F
15:00:00,INDF,RG,6825,1,D,XL,ZP,F
15:00:00,INDF,RG,6825,3,D,KK,ZP,F
15:00:00,INDF,RG,6825,613,D,EP,ZP,F
15:00:00,INDF,RG,6825,387,D,EP,ZP,F
15:00:00,INDF,RG,6825,5,D,KK,ZP,F
15:00:00,INDF,RG,6825,10,D,YP,ZP,F
15:00:00,INDF,RG,6825,1,D,XC,ZP,F
15:00:00,INDF,RG,6825,1,D,DH,ZP,F
15:00:00,INDF,RG,6825,10,D,NI,ZP,F
15:00:00,INDF,RG,6825,2,D,YP,ZP,F
15:00:00,INDF,RG,6825,1337,F,ZP,ZP,F
15:00:00,INDF,RG,6825,168,F,CC,ZP,F
15:00:00,INDF,RG,6825,399,F,BK,ZP,F
15:00:00,INDF,RG,6825,1,D,KZ,ZP,F
15:00:00,INDF,RG,6825,79,D,KZ,ZP,F
15:00:00,INDF,RG,6825,38,D,KZ,ZP,F
15:00:00,INDF,RG,6825,3,F,BK,ZP,F
15:00:00,INDF,RG,6825,88,F,BK,DX,F
15:00:00,INDF,RG,6825,106,F,BK,DX,F
15:00:00,INDF,RG,6825,202,F,BK,AK,F
15:00:00,INDF,RG,6825,8,F,ZP,AK,F
15:00:00,INDF,RG,6825,9,F,ZP,AK,F
15:00:00,INDF,RG,6825,20,F,ZP,AK,F
15:00:00,INDF,RG,6825,21,F,ZP,AK,F
15:00:00,INDF,RG,6825,17,F,ZP,AK,F
15:00:00,INDF,RG,6825,324,F,CC,AK,F
15:00:00,INDF,RG,6825,353,F,CC,DX,F
15:00:00,INDF,RG,6825,60,F,CC,DX,F
15:00:00,INDF,RG,6825,238,F,CC,LG,D
15:00:00,INDF,RG,6825,78,F,CS,LG,D
15:00:00,INDF,RG,6825,8,F,AK,LG,D
15:00:00,INDF,RG,6825,4,F,AK,LG,D
15:00:00,INDF,RG,6825,414,F,AK,LG,D
15:00:00,INDF,RG,6825,1,F,RX,LG,D
15:00:00,INDF,RG,6825,70,F,RX,LG,D
15:00:00,INDF,RG,6825,59,F,RX,LG,D
15:00:00,INDF,RG,6825,3,F,RX,LG,D
15:00:00,INDF,RG,6825,211,F,RX,LG,D
15:00:00,INDF,RG,6825,21,F,RX,LG,D
15:00:00,INDF,RG,6825,13,F,RX,LG,D
15:00:00,INDF,RG,6825,176,F,RX,LG,D
15:00:00,INDF,RG,6825,8,F,RX,LG,D
15:00:00,INDF,RG,6825,196,F,RX,LG,D
15:00:00,INDF,RG,6825,686,F,RX,DX,F
15:00:00,INDF,RG,6825,599,D,OD,DX,F
15:00:00,INDF,RG,6825,641,D,OD,DX,F
15:00:00,INDF,RG,6825,69,D,DR,DX,F
15:00:00,INDF,RG,6825,90,D,DR,YU,F
15:00:00,INDF,RG,6825,78,D,PD,YU,F
15:00:00,INDF,RG,6825,7,D,PD,RX,F
15:00:00,INDF,RG,6825,230,D,PD,RX,F
15:00:00,INDF,RG,6825,1429,D,PD,CS,F
15:00:00,INDF,RG,6825,140,D,LG,CS,F
14:49:58,INDF,RG,6825,6,D,PD,ZP,F
14:49:57,INDF,RG,6825,1,D,PD,ZP,F
14:49:57,INDF,RG,6825,2,D,PD,RX,F
14:49:54,INDF,RG,6825,6,D,PD,ZP,F
14:49:54,INDF,RG,6825,3,D,PD,ZP,F
14:49:52,INDF,RG,6825,5,D,PD,ZP,F
14:49:47,INDF,RG,6825,3,D,PD,RX,F
14:49:46,INDF,RG,6825,2,D,PD,ZP,F
14:49:45,INDF,RG,6825,2,D,PD,DX,F
14:49:45,INDF,RG,6825,6,D,PD,DX,F
14:49:45,INDF,RG,6825,4,D,PD,DX,F
14:49:41,INDF,RG,6825,1,D,PD,ZP,F
14:49:38,INDF,RG,6825,11,D,PD,DX,F
14:49:38,INDF,RG,6825,21,D,PD,ZP,F
14:49:38,INDF,RG,6825,87,D,PD,CC,D
14:49:38,INDF,RG,6825,2,D,CC,CC,D
14:49:38,INDF,RG,6825,3,D,XC,CC,D
14:49:38,INDF,RG,6825,4,D,DH,CC,D
14:49:38,INDF,RG,6825,1,D,PD,CC,D
14:49:38,INDF,RG,6825,20,D,DR,CC,D
14:49:38,INDF,RG,6825,10,D,YP,CC,D
14:49:38,INDF,RG,6825,50,D,EP,CC,D
14:49:38,INDF,RG,6825,5,D,KK,CC,D
14:49:38,INDF,RG,6825,1,D,XC,CC,D
14:49:38,INDF,RG,6825,1,D,YP,CC,D
14:49:38,INDF,RG,6825,100,D,YB,CC,D
14:49:38,INDF,RG,6825,2,D,YP,CC,D
14:49:38,INDF,RG,6825,3,D,YP,CC,D
14:49:38,INDF,RG,6825,2,D,YP,CC,D
14:49:38,INDF,RG,6825,1,D,HD,CC,D
14:49:38,INDF,RG,6825,25,D,SQ,CC,D
14:49:38,INDF,RG,6825,10,D,KK,CC,D
14:49:38,INDF,RG,6825,10,D,YP,CC,D
14:49:38,INDF,RG,6825,155,F,RX,CC,D
14:49:37,INDF,RG,6825,4,F,RX,RX,F
14:49:35,INDF,RG,6825,30,F,RX,ZP,F
14:49:32,INDF,RG,6825,156,F,RX,DX,F
14:49:27,INDF,RG,6850,6,F,CC,CC,D
14:49:26,INDF,RG,6825,1,F,RX,DX,F
14:49:26,INDF,RG,6825,1,F,RX,DX,F
14:49:26,INDF,RG,6825,12,F,RX,DX,F
14:49:22,INDF,RG,6825,5,F,RX,ZP,F
14:49:18,INDF,RG,6825,6,F,RX,RX,F
14:49:18,INDF,RG,6825,4,F,CC,RX,F
14:49:09,INDF,RG,6850,7,D,CC,CC,D
14:49:07,INDF,RG,6825,140,F,CC,DX,F
14:49:06,INDF,RG,6825,13,F,CC,DX,F
14:49:06,INDF,RG,6825,57,F,CC,ZP,F
14:49:06,INDF,RG,6825,17,F,CC,ZP,F
14:49:03,INDF,RG,6825,2,F,CC,DX,F
14:49:01,INDF,RG,6850,1,F,CS,CC,D
14:49:00,INDF,RG,6850,1,D,XC,CC,D
14:49:00,INDF,RG,6850,1,D,XC,CC,D
14:48:48,INDF,RG,6850,1,D,SQ,CC,D
14:48:41,INDF,RG,6825,1,F,CC,RX,F
14:48:41,INDF,RG,6825,5,D,YB,RX,F
14:48:41,INDF,RG,6825,1,F,AK,RX,F
14:48:41,INDF,RG,6825,1,D,XC,RX,F
14:48:41,INDF,RG,6825,1,F,RX,RX,F
14:48:41,INDF,RG,6825,160,F,RX,DX,F
14:48:35,INDF,RG,6825,42,F,RX,YP,D
14:48:31,INDF,RG,6825,44,F,RX,AK,F
14:48:17,INDF,RG,6825,13,F,RX,DX,F
14:48:15,INDF,RG,6850,1,F,AK,CC,D
14:48:12,INDF,RG,6825,95,F,RX,DX,F
14:48:12,INDF,RG,6825,15,D,KK,DX,F
14:48:12,INDF,RG,6825,34,F,CC,DX,F
14:48:12,INDF,RG,6825,7,F,CC,RX,F
14:48:10,INDF,RG,6825,3,D,HP,RX,F
14:47:59,INDF,RG,6825,24,D,HP,AK,F
14:47:46,INDF,RG,6825,73,D,HP,DX,F
14:47:46,INDF,RG,6825,97,F,RX,DX,F
14:47:45,INDF,RG,6850,1,F,AK,CC,D
14:47:40,INDF,RG,6825,10,F,RX,RX,F
14:47:39,INDF,RG,6825,3,F,RX,YP,D
14:47:35,INDF,RG,6825,20,F,RX,CC,D
14:47:14,INDF,RG,6825,1,F,RX,XC,D
14:47:12,INDF,RG,6825,48,F,RX,DX,F
14:47:03,INDF,RG,6825,6,F,RX,AZ,D
14:47:01,INDF,RG,6825,80,F,RX,AK,F
14:47:01,INDF,RG,6825,34,F,BK,AK,F
14:47:01,INDF,RG,6825,22,F,ZP,AK,F
14:47:01,INDF,RG,6825,90,F,CC,AK,F
14:47:00,INDF,RG,6850,49,F,BK,CC,D
14:47:00,INDF,RG,6850,1,F,AK,CC,D
14:46:51,INDF,RG,6825,3,F,CC,AZ,D
14:46:46,INDF,RG,6850,13,F,BK,CC,D
14:46:37,INDF,RG,6850,13,F,BK,CC,D
14:46:36,INDF,RG,6825,3,F,CC,AZ,D
14:46:27,INDF,RG,6850,45,F,CC,CC,D
14:46:26,INDF,RG,6850,13,F,BK,CC,D
14:46:23,INDF,RG,6850,1,D,YP,CC,D
14:46:23,INDF,RG,6825,4,F,CC,AZ,D
14:46:16,INDF,RG,6850,14,F,BK,CC,D
14:46:15,INDF,RG,6850,1,F,AK,CC,D
14:46:02,INDF,RG,6850,14,F,BK,CC,D
14:45:55,INDF,RG,6850,1,D,XC,CC,D
14:45:54,INDF,RG,6850,14,F,BK,CC,D
14:45:40,INDF,RG,6850,15,F,BK,CC,D
14:45:34,INDF,RG,6850,14,F,BK,CC,D
14:45:26,INDF,RG,6850,3,D,PD,CC,D
14:45:15,INDF,RG,6850,1,F,AK,CC,D
14:45:11,INDF,RG,6850,15,F,BK,CC,D
14:45:00,INDF,RG,6850,1,D,XC,CC,D
14:44:57,INDF,RG,6850,5,D,YP,CC,D
14:44:56,INDF,RG,6850,5,D,YP,CC,D
14:44:53,INDF,RG,6850,22,F,ZP,CC,D
14:44:53,INDF,RG,6850,6,D,XL,CC,D
14:44:50,INDF,RG,6850,13,F,BK,CC,D
14:44:34,INDF,RG,6850,1,D,YB,CC,D
14:44:32,INDF,RG,6850,1,D,XC,CC,D
14:44:26,INDF,RG,6850,14,F,BK,CC,D
14:44:15,INDF,RG,6850,1,F,AK,CC,D
14:44:07,INDF,RG,6825,1,F,CC,PD,D
14:44:06,INDF,RG,6850,13,F,BK,CC,D
14:44:02,INDF,RG,6825,396,F,BK,ZP,F
14:44:02,INDF,RG,6825,1,F,CS,ZP,F
14:44:02,INDF,RG,6825,1,F,CS,ZP,F
14:44:02,INDF,RG,6825,278,F,BK,ZP,F
14:44:02,INDF,RG,6825,22,F,BK,YU,F
14:44:02,INDF,RG,6825,35,F,BK,ZP,F
14:44:02,INDF,RG,6825,50,F,BK,DX,F
14:44:02,INDF,RG,6825,10,F,BK,RX,F
14:44:02,INDF,RG,6825,199,F,BK,ZP,F
14:44:02,INDF,RG,6825,40,F,AK,ZP,F
14:44:02,INDF,RG,6825,80,F,AK,ZP,F
14:44:02,INDF,RG,6825,1,F,CS,ZP,F
14:44:02,INDF,RG,6825,1,F,CS,ZP,F
14:44:02,INDF,RG,6825,164,F,BK,ZP,F
14:44:02,INDF,RG,6825,836,F,BK,CC,D
14:44:02,INDF,RG,6825,664,F,CS,CC,D
14:44:02,INDF,RG,6825,10,F,CS,DX,F
14:44:02,INDF,RG,6825,67,F,CS,DX,F
14:44:02,INDF,RG,6825,176,F,CS,DX,F
14:44:02,INDF,RG,6825,17,F,CS,RX,F
14:44:02,INDF,RG,6825,1,F,CS,XC,D
14:44:02,INDF,RG,6825,12,F,CS,DX,F
14:44:02,INDF,RG,6825,92,F,CS,DX,F
14:44:01,INDF,RG,6825,103,F,CS,DX,F
14:44:01,INDF,RG,6825,34,F,CS,ZP,F
14:44:01,INDF,RG,6825,236,F,CS,DX,F
14:44:01,INDF,RG,6825,19,F,CS,CS,F
14:44:01,INDF,RG,6825,9,F,CS,DX,F
14:44:01,INDF,RG,6825,34,F,CS,YU,F
14:44:01,INDF,RG,6825,10,F,CS,NI,D
14:44:01,INDF,RG,6825,9,F,CS,DX,F
14:44:01,INDF,RG,6825,20,F,CS,RX,F
14:44:01,INDF,RG,6825,9,F,CS,DX,F
14:44:01,INDF,RG,6825,17,F,CS,CS,F
14:44:01,INDF,RG,6825,9,F,CS,DX,F
14:44:01,INDF,RG,6825,530,F,CS,CC,D
14:44:01,INDF,RG,6825,470,F,CS,CC,D
14:44:01,INDF,RG,6825,156,F,CS,ZP,F
14:44:01,INDF,RG,6825,413,F,CS,AK,F
14:44:01,INDF,RG,6825,19,F,CS,AK,F
14:44:01,INDF,RG,6825,5,F,CS,DR,D
14:44:01,INDF,RG,6825,75,F,CS,ZP,F
14:44:01,INDF,RG,6825,57,F,CS,YU,F
14:44:01,INDF,RG,6825,73,F,CS,YP,D
14:44:01,INDF,RG,6825,572,F,CS,ZP,F
14:44:01,INDF,RG,6825,8,F,CS,ZP,F
14:44:01,INDF,RG,6825,53,F,CS,CS,F
14:44:01,INDF,RG,6825,50,F,CS,AZ,D
14:44:01,INDF,RG,6825,127,F,CS,CC,D
14:44:01,INDF,RG,6825,873,F,CS,CC,D
14:44:01,INDF,RG,6825,13,F,CS,DX,F
14:44:01,INDF,RG,6825,93,F,CS,ZP,F
14:44:01,INDF,RG,6825,35,F,CS,AZ,D
14:44:01,INDF,RG,6825,10,F,CS,DX,F
14:44:01,INDF,RG,6825,1,F,CS,IF,D
14:44:01,INDF,RG,6825,14,F,CS,CS,F
14:44:01,INDF,RG,6800,39,F,RX,DX,F
14:44:00,INDF,RG,6800,9,F,RX,RX,F
14:43:44,INDF,RG,6825,7,F,BK,CS,F
14:43:44,INDF,RG,6825,8,F,BK,ZP,F
14:43:43,INDF,RG,6825,2,D,PD,ZP,F
14:43:34,INDF,RG,6800,9,F,RX,DX,F
14:43:34,INDF,RG,6800,2,F,RX,PD,D
14:43:23,INDF,RG,6825,14,F,BK,ZP,F
14:43:21,INDF,RG,6800,11,F,RX,RX,F
14:43:15,INDF,RG,6825,19,F,BK,ZP,F
14:43:12,INDF,RG,6825,10,F,BK,ZP,F
14:43:12,INDF,RG,6825,5,F,BK,DX,F
14:43:10,INDF,RG,6825,22,F,ZP,DX,F
14:43:08,INDF,RG,6800,64,F,RX,CS,F
14:43:07,INDF,RG,6800,15,F,RX,YB,D
14:43:07,INDF,RG,6825,15,F,BK,DX,F
14:43:07,INDF,RG,6800,2,F,RX,DX,F
14:43:07,INDF,RG,6800,10,D,XA,DX,F
14:43:07,INDF,RG,6800,3,D,YP,DX,F
14:43:07,INDF,RG,6800,5,D,CC,DX,F
14:43:07,INDF,RG,6800,44,D,YP,DX,F
14:43:03,INDF,RG,6800,6,D,YP,DX,F
14:43:03,INDF,RG,6800,5,D,YP,DX,F
14:43:00,INDF,RG,6825,14,F,BK,DX,F
14:42:50,INDF,RG,6825,1,D,YP,DX,F
14:42:34,INDF,RG,6825,15,F,BK,DX,F
14:42:34,INDF,RG,6800,5,D,YP,YU,F
14:42:34,INDF,RG,6800,1,D,PD,YU,F
14:42:34,INDF,RG,6800,1,D,YP,YU,F
14:42:34,INDF,RG,6800,1,D,PD,YU,F
14:42:34,INDF,RG,6800,1,D,XC,YU,F
14:42:34,INDF,RG,6800,8,D,GR,YU,F
14:42:34,INDF,RG,6800,2,D,GR,DX,F
14:42:34,INDF,RG,6800,2,D,YJ,DX,F
14:42:34,INDF,RG,6800,1,D,CC,DX,F
14:42:34,INDF,RG,6800,1,D,YP,DX,F
14:42:34,INDF,RG,6800,6,D,YP,DX,F
14:42:22,INDF,RG,6825,16,F,BK,DX,F
14:42:21,INDF,RG,6825,25,D,YP,DX,F
14:42:17,INDF,RG,6825,5,D,XL,DX,F
14:42:17,INDF,RG,6825,13,F,BK,DX,F
14:42:11,INDF,RG,6800,7,D,YP,RX,F
14:42:11,INDF,RG,6800,2,D,PD,RX,F
14:42:10,INDF,RG,6800,1,D,PD,NI,D
14:42:04,INDF,RG,6800,2,D,PD,DX,F
14:42:04,INDF,RG,6800,9,D,GR,DX,F
14:42:00,INDF,RG,6800,1,D,GR,DX,F
14:41:59,INDF,RG,6800,9,D,GR,RX,F
14:41:59,INDF,RG,6800,1,D,GR,GR,D
14:41:59,INDF,RG,6800,5,D,AT,GR,D
14:41:59,INDF,RG,6800,5,D,LG,GR,D
14:41:59,INDF,RG,6800,15,D,YP,GR,D
14:41:59,INDF,RG,6800,1,D,YP,GR,D
14:41:59,INDF,RG,6800,2,D,CC,GR,D
14:41:59,INDF,RG,6800,50,D,PD,GR,D
14:41:59,INDF,RG,6800,1,D,SQ,GR,D
14:41:59,INDF,RG,6800,14,D,PD,GR,D
14:41:59,INDF,RG,6800,4,D,XC,GR,D
14:41:59,INDF,RG,6800,1,D,CC,GR,D
14:41:59,INDF,RG,6800,1,D,DR,GR,D
14:41:59,INDF,RG,6800,20,D,PD,GR,D
14:41:59,INDF,RG,6800,10,D,CC,GR,D
14:41:59,INDF,RG,6800,10,D,YP,GR,D
14:41:59,INDF,RG,6800,10,D,OD,GR,D
14:41:59,INDF,RG,6825,45,F,CC,DX,F
14:41:55,INDF,RG,6825,14,F,BK,DX,F
14:41:50,INDF,RG,6800,3,D,OD,PD,D
14:41:46,INDF,RG,6825,1,D,YP,DX,F
14:41:39,INDF,RG,6825,1,D,YP,DX,F
14:41:36,INDF,RG,6800,17,D,OD,DX,F
14:41:36,INDF,RG,6800,1,D,OD,DX,F
14:41:30,INDF,RG,6800,5,D,OD,YU,D
14:41:30,INDF,RG,6800,12,D,CC,YU,D
14:41:30,INDF,RG,6825,14,F,BK,DX,F
14:41:09,INDF,RG,6800,3,D,CC,DX,F
14:41:09,INDF,RG,6800,15,D,CC,DX,F
14:41:09,INDF,RG,6800,30,D,XC,DX,F
14:41:09,INDF,RG,6800,2,D,XC,DX,F
14:41:09,INDF,RG,6800,4,D,XL,DX,F
14:41:06,INDF,RG,6825,15,F,BK,DX,F
14:41:04,INDF,RG,6825,1,D,OD,DX,F
14:41:03,INDF,RG,6825,5,D,DH,DX,F
14:41:00,INDF,RG,6800,1,D,CC,YU,D
14:40:52,INDF,RG,6825,1,D,GR,DX,F
14:40:49,INDF,RG,6800,10,D,CC,RX,F
14:40:46,INDF,RG,6825,13,F,BK,DX,F
14:40:37,INDF,RG,6800,39,D,CC,DX,F
14:40:37,INDF,RG,6800,27,D,YP,DX,F
14:40:30,INDF,RG,6825,3,F,AK,DX,F
14:40:26,INDF,RG,6800,23,D,YP,ZP,F
14:40:26,INDF,RG,6800,1,D,PD,ZP,F
14:40:26,INDF,RG,6800,2,D,RB,ZP,F
14:40:26,INDF,RG,6800,1,D,KK,ZP,F
14:40:26,INDF,RG,6800,10,D,DR,ZP,F
14:40:26,INDF,RG,6800,10,D,PD,ZP,F
14:40:26,INDF,RG,6800,1,D,YP,ZP,F
14:40:26,INDF,RG,6800,1,D,PD,ZP,F
14:40:26,INDF,RG,6800,2,D,AZ,ZP,F
14:40:26,INDF,RG,6800,10,D,YP,ZP,F
14:40:26,INDF,RG,6800,2,D,XC,ZP,F
14:40:24,INDF,RG,6825,14,F,BK,DX,F
14:40:18,INDF,RG,6800,15,D,AI,CS,F
14:40:18,INDF,RG,6800,20,D,SQ,CS,F
14:40:18,INDF,RG,6800,1,D,XL,CS,F
14:40:18,INDF,RG,6800,10,D,PD,CS,F
14:40:18,INDF,RG,6800,23,D,PD,CS,F
14:40:15,INDF,RG,6800,9,D,PD,ZP,F
14:40:10,INDF,RG,6800,1,D,PD,PD,D
14:40:10,INDF,RG,6800,72,D,PD,DX,F
14:40:08,INDF,RG,6800,1,D,PD,XL,D
14:40:00,INDF,RG,6800,4,D,PD,YU,D
14:40:00,INDF,RG,6825,2,D,PD,DX,F
14:39:59,INDF,RG,6825,15,F,BK,DX,F
14:39:41,INDF,RG,6800,28,D,PD,DX,F
14:39:37,INDF,RG,6825,34,D,XC,DX,F
14:39:35,INDF,RG,6825,15,F,BK,DX,F
14:39:30,INDF,RG,6800,42,D,PD,PD,D
14:39:17,INDF,RG,6825,3,D,YP,DX,F
14:39:17,INDF,RG,6825,5,D,YP,YU,F
14:39:17,INDF,RG,6825,2,D,YP,AZ,D
14:39:15,INDF,RG,6800,60,D,PD,DX,F
14:39:14,INDF,RG,6825,14,F,BK,AZ,D
14:39:08,INDF,RG,6825,3,D,XL,AZ,D
14:38:48,INDF,RG,6825,14,F,BK,AZ,D
14:38:38,INDF,RG,6825,7,D,PD,RX,F
14:38:38,INDF,RG,6800,44,D,PD,ZP,F
14:38:29,INDF,RG,6825,4,D,XL,RX,F
14:38:23,INDF,RG,6825,15,F,BK,RX,F
14:38:04,INDF,RG,6825,14,F,BK,RX,F
14:37:40,INDF,RG,6825,14,F,BK,RX,F
14:37:31,INDF,RG,6800,1,D,PD,PD,D
14:37:29,INDF,RG,6800,15,D,PD,AZ,D
14:37:29,INDF,RG,6800,1,D,YP,AZ,D
14:37:29,INDF,RG,6800,1,D,PD,AZ,D
14:37:29,INDF,RG,6800,1,D,PD,AZ,D
14:37:29,INDF,RG,6800,1,D,GR,AZ,D
14:37:29,INDF,RG,6800,11,D,SQ,AZ,D
14:37:16,INDF,RG,6800,68,D,SQ,CS,F
14:37:13,INDF,RG,6825,14,F,BK,RX,F
14:37:00,INDF,RG,6800,8,D,SQ,YU,D
14:36:57,INDF,RG,6800,1,D,SQ,RX,F
14:36:56,INDF,RG,6800,12,D,SQ,RX,F
14:36:56,INDF,RG,6800,6,D,PD,RX,F
14:36:55,INDF,RG,6800,2,D,PD,RX,F
14:36:54,INDF,RG,6800,2,D,PD,RX,F
14:36:54,INDF,RG,6800,5,D,AI,RX,F
14:36:54,INDF,RG,6800,50,D,LG,RX,F
14:36:54,INDF,RG,6800,1,D,YP,RX,F
14:36:54,INDF,RG,6800,10,D,YU,RX,F
14:36:54,INDF,RG,6800,1,D,PD,RX,F
14:36:54,INDF,RG,6800,5,D,PD,RX,F
14:36:54,INDF,RG,6800,1,D,PD,RX,F
14:36:54,INDF,RG,6800,4,D,YU,RX,F
14:36:51,INDF,RG,6825,2,F,RX,RX,F
14:36:51,INDF,RG,6825,14,F,BK,RX,F
14:36:50,INDF,RG,6825,2,F,RX,RX,F
14:36:49,INDF,RG,6825,22,F,ZP,RX,F
14:36:26,INDF,RG,6825,2,F,RX,RX,F
14:36:25,INDF,RG,6825,6,F,BK,RX,F
14:36:25,INDF,RG,6825,8,F,BK,CS,F
14:36:08,INDF,RG,6825,5,D,GR,CS,F
14:36:05,INDF,RG,6825,2,F,RX,CS,F
14:36:03,INDF,RG,6825,12,F,BK,CS,F
14:36:03,INDF,RG,6825,1,F,BK,DX,F
14:36:02,INDF,RG,6825,1,F,RX,DX,F
14:36:02,INDF,RG,6825,10,F,RX,DX,F
14:36:02,INDF,RG,6825,11,F,RX,DX,F
14:36:02,INDF,RG,6825,3,F,RX,DX,F
14:36:01,INDF,RG,6825,3,D,PD,DX,F
14:36:01,INDF,RG,6825,7,D,PD,DX,F
14:36:01,INDF,RG,6825,8,D,PD,DX,F
14:36:01,INDF,RG,6825,8,D,PD,DX,F
14:36:01,INDF,RG,6825,42,D,PD,AK,F
14:36:01,INDF,RG,6825,51,D,PD,ZP,F
14:35:59,INDF,RG,6825,100,D,DH,ZP,F
14:35:44,INDF,RG,6825,13,F,BK,ZP,F
14:35:43,INDF,RG,6800,2,D,YU,CC,D
14:35:31,INDF,RG,6800,1,D,YU,DX,F
14:35:31,INDF,RG,6800,3,D,YU,DX,F
14:35:31,INDF,RG,6800,12,D,YU,DX,F
14:35:28,INDF,RG,6800,73,D,YU,ZP,F
14:35:18,INDF,RG,6800,1,D,YU,XC,D
14:35:17,INDF,RG,6825,11,F,RX,ZP,F
14:35:15,INDF,RG,6825,7,D,YP,ZP,F
14:34:31,INDF,RG,6800,4,D,YU,DX,F
14:34:31,INDF,RG,6800,5,D,XL,DX,F
14:34:29,INDF,RG,6825,11,D,AT,ZP,F
14:34:29,INDF,RG,6825,9,D,AT,ZP,F
14:34:07,INDF,RG,6825,15,D,XC,ZP,F
14:33:49,INDF,RG,6825,2,D,YP,ZP,F
14:33:47,INDF,RG,6825,5,D,YP,ZP,F
14:33:31,INDF,RG,6825,5,D,YP,ZP,F
14:33:17,INDF,RG,6800,1,D,KK,XC,D
14:33:14,INDF,RG,6800,10,D,YP,DX,F
14:33:09,INDF,RG,6800,90,D,YP,SQ,D
14:33:09,INDF,RG,6800,5,D,PD,SQ,D
14:33:09,INDF,RG,6800,5,D,NI,SQ,D
14:33:03,INDF,RG,6800,5,D,NI,CS,F
14:33:03,INDF,RG,6800,10,D,YP,CS,F
14:33:03,INDF,RG,6800,1,D,XC,CS,F
14:33:03,INDF,RG,6800,1,D,KK,CS,F
14:33:03,INDF,RG,6800,1,D,PD,CS,F
14:33:03,INDF,RG,6800,1,D,PD,CS,F
14:33:03,INDF,RG,6800,20,D,DR,CS,F
14:33:03,INDF,RG,6800,5,D,CC,CS,F
14:33:03,INDF,RG,6800,1,D,PD,CS,F
14:33:03,INDF,RG,6800,1,D,YP,CS,F
14:33:03,INDF,RG,6800,2,D,YP,CS,F
14:33:03,INDF,RG,6800,1,D,HP,CS,F
14:33:03,INDF,RG,6800,1,D,YP,CS,F
14:33:03,INDF,RG,6800,1,D,YP,CS,F
14:33:03,INDF,RG,6800,25,D,IH,CS,F
14:33:00,INDF,RG,6800,10,D,IH,YU,D
14:32:46,INDF,RG,6800,3,D,IH,PD,D
14:32:37,INDF,RG,6800,12,D,IH,RX,F
14:32:37,INDF,RG,6800,15,D,KI,RX,F
14:32:35,INDF,RG,6800,25,D,KI,RX,F
14:32:35,INDF,RG,6800,1,D,IF,RX,F
14:32:35,INDF,RG,6800,20,D,NI,RX,F
14:32:35,INDF,RG,6800,1,D,OD,RX,F
14:32:35,INDF,RG,6800,1,D,YP,RX,F
14:32:35,INDF,RG,6800,2,D,AZ,RX,F
14:32:35,INDF,RG,6800,30,D,PD,RX,F
14:32:35,INDF,RG,6800,1,D,PD,RX,F
14:32:35,INDF,RG,6800,2,D,SQ,RX,F
14:32:35,INDF,RG,6800,2,D,PD,RX,F
14:32:35,INDF,RG,6800,10,D,YP,RX,F
14:32:35,INDF,RG,6800,5,D,HD,RX,F
14:32:35,INDF,RG,6800,10,D,PD,RX,F
14:32:35,INDF,RG,6800,3,D,YP,RX,F
14:32:35,INDF,RG,6800,1,D,YP,RX,F
14:32:35,INDF,RG,6800,5,D,YU,RX,F
14:32:24,INDF,RG,6800,4,D,YU,SQ,D
14:32:20,INDF,RG,6800,3,D,YU,RX,F
14:31:58,INDF,RG,6800,11,D,YU,DX,F
14:31:55,INDF,RG,6825,1,D,NI,ZP,F
14:31:54,INDF,RG,6825,15,D,XA,ZP,F
14:31:14,INDF,RG,6825,1,D,XL,ZP,F
14:31:12,INDF,RG,6825,7,D,YP,ZP,F
14:31:09,INDF,RG,6825,2,D,YP,ZP,F
14:30:49,INDF,RG,6825,2,D,CC,ZP,F
14:30:38,INDF,RG,6825,1,D,LG,ZP,F
14:30:19,INDF,RG,6800,59,D,YU,ZP,F
14:30:05,INDF,RG,6825,10,D,NI,ZP,F
14:30:04,INDF,RG,6825,1,D,PD,ZP,F
14:29:56,INDF,RG,6825,5,D,PD,ZP,F
14:29:33,INDF,RG,6800,18,D,YU,YB,D
14:29:33,INDF,RG,6800,1,D,YP,YB,D
14:29:33,INDF,RG,6800,3,D,XL,YB,D
14:29:33,INDF,RG,6800,1,D,XL,YB,D
14:29:33,INDF,RG,6800,2,D,XL,YB,D
14:29:33,INDF,RG,6800,2,D,CC,YB,D
14:29:33,INDF,RG,6800,7,D,YP,YB,D
14:29:33,INDF,RG,6800,15,D,LG,YB,D
14:29:33,INDF,RG,6800,5,D,YP,YB,D
14:29:33,INDF,RG,6800,10,D,LG,YB,D
14:29:33,INDF,RG,6800,2,D,SQ,YB,D
14:29:33,INDF,RG,6800,5,D,YP,YB,D
14:29:33,INDF,RG,6800,5,D,PD,YB,D
14:29:33,INDF,RG,6800,5,D,SQ,YB,D
14:29:33,INDF,RG,6800,2,D,AZ,YB,D
14:29:33,INDF,RG,6800,2,D,KK,YB,D
14:29:33,INDF,RG,6800,3,D,PD,YB,D
14:29:33,INDF,RG,6800,2,D,AZ,YB,D
14:29:33,INDF,RG,6800,1,D,XC,YB,D
14:29:33,INDF,RG,6800,6,D,DR,YB,D
14:29:33,INDF,RG,6800,103,D,RO,YB,D
14:29:00,INDF,RG,6800,8,D,RO,YU,D
14:28:44,INDF,RG,6825,1,D,CC,ZP,F
14:28:42,INDF,RG,6825,21,F,RX,ZP,F
14:28:42,INDF,RG,6825,24,F,RX,CS,F
14:28:39,INDF,RG,6800,7,D,RO,CS,F
14:28:39,INDF,RG,6825,1,F,AK,AK,F
14:28:39,INDF,RG,6825,2,D,YP,AK,F
14:28:39,INDF,RG,6825,10,F,CC,AK,F
14:28:39,INDF,RG,6825,30,D,DR,AK,F
14:28:39,INDF,RG,6825,1,F,CS,AK,F
14:28:39,INDF,RG,6825,10,F,CC,AK,F
14:28:39,INDF,RG,6825,1,D,AZ,AK,F
14:28:39,INDF,RG,6825,3,D,PD,AK,F
14:28:39,INDF,RG,6825,10,D,GR,AK,F
14:28:39,INDF,RG,6825,74,D,XL,AK,F
14:28:39,INDF,RG,6825,82,F,BK,AK,F
14:28:39,INDF,RG,6825,1,D,XC,AK,F
14:28:39,INDF,RG,6825,2,D,NI,AK,F
14:28:39,INDF,RG,6825,1,D,GR,AK,F
14:28:39,INDF,RG,6825,2,D,PD,AK,F
14:28:39,INDF,RG,6825,10,F,CC,AK,F
14:28:39,INDF,RG,6825,1,D,PD,AK,F
14:28:39,INDF,RG,6825,1,F,CS,AK,F
14:28:39,INDF,RG,6825,1,D,KK,AK,F
14:28:39,INDF,RG,6825,1,D,PD,AK,F
14:28:39,INDF,RG,6825,5,D,YP,AK,F
14:28:39,INDF,RG,6825,4,D,AT,AK,F
14:28:39,INDF,RG,6825,25,D,YP,AK,F
14:28:39,INDF,RG,6825,3,D,AZ,AK,F
14:28:39,INDF,RG,6825,6,D,AT,AK,F
14:28:39,INDF,RG,6825,1,F,CS,AK,F
14:28:39,INDF,RG,6825,50,D,YP,AK,F
14:28:39,INDF,RG,6825,5,F,CC,AK,F
14:28:39,INDF,RG,6825,1,D,NI,AK,F
14:28:39,INDF,RG,6825,3,F,CC,AK,F
14:28:39,INDF,RG,6825,5,D,PD,AK,F
14:28:39,INDF,RG,6825,1,D,CC,AK,F
14:28:39,INDF,RG,6825,5,D,PD,AK,F
14:28:39,INDF,RG,6825,144,F,BK,AK,F
14:28:39,INDF,RG,6825,25,D,CC,AK,F
14:28:39,INDF,RG,6825,39,F,RX,AK,F
14:28:39,INDF,RG,6825,5,D,EP,AK,F
14:28:39,INDF,RG,6825,2,D,AZ,AK,F
14:28:39,INDF,RG,6825,1,D,YP,AK,F
14:28:39,INDF,RG,6825,24,D,CC,AK,F
14:28:39,INDF,RG,6825,20,D,SQ,AK,F
14:28:39,INDF,RG,6825,23,D,KK,AK,F
14:28:39,INDF,RG,6825,75,D,KK,YU,F
14:28:38,INDF,RG,6825,17,D,KK,ZP,F
14:28:38,INDF,RG,6825,5,D,NI,ZP,F
14:28:38,INDF,RG,6825,5,D,PD,ZP,F
14:28:38,INDF,RG,6825,2,D,NI,ZP,F
14:28:38,INDF,RG,6825,45,D,GR,ZP,F
14:28:38,INDF,RG,6825,1,D,NI,ZP,F
14:28:38,INDF,RG,6825,11,F,RX,ZP,F
14:28:38,INDF,RG,6825,3,D,LG,ZP,F
14:28:38,INDF,RG,6825,1,F,CS,ZP,F
14:28:38,INDF,RG,6825,1,D,NI,ZP,F
14:28:38,INDF,RG,6825,4,D,NI,ZP,F
14:28:38,INDF,RG,6825,100,D,YP,ZP,F
14:28:38,INDF,RG,6825,1,D,XC,ZP,F
14:28:38,INDF,RG,6825,1,D,XC,ZP,F
14:28:38,INDF,RG,6825,1,D,XC,ZP,F
14:28:38,INDF,RG,6825,1,D,DH,ZP,F
14:28:38,INDF,RG,6825,25,D,YP,ZP,F
14:28:38,INDF,RG,6825,3,F,CC,ZP,F
14:28:38,INDF,RG,6825,3,D,YP,ZP,F
14:28:38,INDF,RG,6825,50,F,YP,ZP,F
14:28:38,INDF,RG,6825,2,D,KK,ZP,F
14:28:38,INDF,RG,6825,23,F,ZP,ZP,F
14:28:38,INDF,RG,6825,10,F,CC,ZP,F
14:28:38,INDF,RG,6825,13,D,NI,ZP,F
14:28:38,INDF,RG,6825,1,D,BQ,ZP,F
14:28:38,INDF,RG,6825,1,D,KK,ZP,F
14:28:38,INDF,RG,6825,40,F,CC,ZP,F
14:28:38,INDF,RG,6825,1,D,XC,ZP,F
14:28:38,INDF,RG,6825,1,F,CS,ZP,F
14:28:38,INDF,RG,6825,1,D,HP,ZP,F
14:28:38,INDF,RG,6825,10,D,PD,ZP,F
14:28:38,INDF,RG,6825,2,D,YJ,ZP,F
14:28:38,INDF,RG,6825,1,D,HD,ZP,F
14:28:38,INDF,RG,6825,50,D,YB,ZP,F
14:28:38,INDF,RG,6825,1,D,YP,ZP,F
14:28:38,INDF,RG,6825,139,F,BK,ZP,F
14:28:38,INDF,RG,6825,1,D,RO,ZP,F
14:28:38,INDF,RG,6825,25,D,PD,ZP,F
14:28:38,INDF,RG,6825,1,D,YP,ZP,F
14:28:38,INDF,RG,6825,1,F,AK,ZP,F
14:28:38,INDF,RG,6825,1,D,DH,ZP,F
14:28:38,INDF,RG,6825,25,D,YP,ZP,F
14:28:38,INDF,RG,6825,4,D,YP,ZP,F
14:28:38,INDF,RG,6825,7,D,YP,ZP,F
14:28:38,INDF,RG,6825,5,D,XC,ZP,F
14:28:38,INDF,RG,6825,30,D,SQ,ZP,F
14:28:38,INDF,RG,6825,1,F,AK,ZP,F
14:28:38,INDF,RG,6825,2,D,DH,ZP,F
14:28:38,INDF,RG,6825,8,D,NI,ZP,F
14:28:38,INDF,RG,6825,1,D,YP,ZP,F
14:28:38,INDF,RG,6825,15,D,YP,ZP,F
14:28:38,INDF,RG,6825,29,D,YB,ZP,F
14:28:38,INDF,RG,6825,1,D,PD,ZP,F
14:28:38,INDF,RG,6825,1,D,PD,ZP,F
14:28:38,INDF,RG,6825,2,D,YP,ZP,F
14:28:38,INDF,RG,6825,10,D,OD,ZP,F
14:28:38,INDF,RG,6825,2,D,CC,ZP,F
14:28:38,INDF,RG,6825,10,D,XC,ZP,F
14:28:38,INDF,RG,6825,1,D,PD,ZP,F
14:28:38,INDF,RG,6825,100,D,CP,ZP,F
14:28:38,INDF,RG,6825,75,D,XC,ZP,F
14:28:38,INDF,RG,6825,5,D,PD,ZP,F
14:28:38,INDF,RG,6825,100,D,NI,ZP,F
14:28:38,INDF,RG,6825,10,D,XA,ZP,F
14:28:38,INDF,RG,6825,10,D,DR,ZP,F
14:28:38,INDF,RG,6825,1,D,XL,ZP,F
14:28:38,INDF,RG,6825,5,D,YP,ZP,F
14:28:38,INDF,RG,6825,1,D,XC,ZP,F
14:28:38,INDF,RG,6825,1,F,AK,ZP,F
14:28:38,INDF,RG,6825,10,D,EP,ZP,F
14:28:38,INDF,RG,6825,47,F,RX,ZP,F
14:28:38,INDF,RG,6825,114,F,CS,ZP,F
14:28:38,INDF,RG,6825,384,D,AK,ZP,F
14:28:38,INDF,RG,6825,636,D,AK,ZP,F
14:28:38,INDF,RG,6825,12,D,AK,DX,F
14:28:30,INDF,RG,6850,1,F,AK,CC,D
14:28:27,INDF,RG,6850,15,F,BK,CC,D
14:28:26,INDF,RG,6850,1,D,CC,CC,D
14:28:20,INDF,RG,6825,96,D,AK,ZP,F
14:28:20,INDF,RG,6825,50,D,AK,CS,F
14:28:18,INDF,RG,6850,2,D,XL,CC,D
14:27:58,INDF,RG,6850,14,F,BK,CC,D
14:27:55,INDF,RG,6825,51,D,AK,RX,F
14:27:55,INDF,RG,6825,52,D,AK,RX,F
14:27:55,INDF,RG,6825,3,D,AK,RX,F
14:27:53,INDF,RG,6825,40,D,AK,RX,F
14:27:39,INDF,RG,6850,13,F,BK,CC,D
14:27:33,INDF,RG,6825,17,D,AK,YU,F
14:27:32,INDF,RG,6850,25,D,YP,CC,D
14:27:05,INDF,RG,6850,15,F,BK,CC,D
14:27:00,INDF,RG,6825,4,D,AK,YU,D
14:27:00,INDF,RG,6825,3,D,AK,YU,D
14:26:45,INDF,RG,6850,1,F,AK,CC,D
14:26:39,INDF,RG,6825,10,D,AK,DX,F
14:26:39,INDF,RG,6850,1,D,PD,CC,D
14:26:38,INDF,RG,6850,14,F,BK,CC,D
14:26:11,INDF,RG,6850,14,F,BK,CC,D
14:26:09,INDF,RG,6850,14,D,XC,CC,D
14:26:07,INDF,RG,6825,59,D,AK,CS,F
14:25:45,INDF,RG,6850,14,F,BK,CC,D
14:25:27,INDF,RG,6850,2,D,SQ,CC,D
14:25:26,INDF,RG,6850,1,D,NI,CC,D
14:25:24,INDF,RG,6825,8,D,AK,DX,F
14:25:14,INDF,RG,6850,15,F,BK,CC,D
14:24:51,INDF,RG,6850,13,F,BK,CC,D
14:24:50,INDF,RG,6850,5,D,YP,CC,D
14:24:50,INDF,RG,6850,1,D,YP,RX,F
14:24:49,INDF,RG,6850,1,F,AK,RX,F
14:24:24,INDF,RG,6850,1,D,PD,RX,F
14:24:20,INDF,RG,6850,14,F,BK,AZ,D
14:23:57,INDF,RG,6850,6,F,BK,AZ,D
14:23:57,INDF,RG,6850,7,F,BK,RX,F
14:23:44,INDF,RG,6850,2,D,PD,RX,F
14:23:42,INDF,RG,6825,8,D,AK,DX,F
14:23:42,INDF,RG,6825,1,D,AK,DX,F
14:23:42,INDF,RG,6825,2,D,AK,RX,F
14:23:40,INDF,RG,6825,2,D,AK,RX,F
14:23:32,INDF,RG,6825,55,D,AK,CS,F
14:23:26,INDF,RG,6850,15,F,BK,RX,F
14:23:02,INDF,RG,6850,13,F,BK,RX,F
14:22:41,INDF,RG,6850,1,D,YU,RX,F
14:22:22,INDF,RG,6825,2,D,AK,PD,D
14:22:22,INDF,RG,6850,5,D,CC,RX,F
14:22:10,INDF,RG,6850,1,D,PD,RX,F
14:21:06,INDF,RG,6825,5,D,AK,CS,F
14:21:06,INDF,RG,6825,5,D,CC,CS,F
14:21:06,INDF,RG,6825,10,D,CC,CS,F
14:21:06,INDF,RG,6825,44,D,YP,CS,F
14:21:05,INDF,RG,6850,15,D,CC,RX,F
14:20:23,INDF,RG,6825,1,D,YP,NI,D
14:20:17,INDF,RG,6850,5,D,PD,RX,F
14:19:56,INDF,RG,6850,1,D,PD,RX,F
14:19:44,INDF,RG,6850,81,D,EP,RX,F
14:19:44,INDF,RG,6850,15,D,EP,ZP,F
14:19:44,INDF,RG,6850,52,D,EP,ZP,F
14:19:44,INDF,RG,6850,5,D,EP,ZP,F
14:19:38,INDF,RG,6850,28,F,CC,ZP,F
14:19:38,INDF,RG,6850,4,F,CC,ZP,F
14:19:38,INDF,RG,6850,7,F,CC,DX,F
14:19:38,INDF,RG,6850,6,F,CC,DX,F
14:19:19,INDF,RG,6825,21,D,YP,AZ,D
14:19:11,INDF,RG,6825,3,D,YP,RX,F
14:19:01,INDF,RG,6825,27,D,YP,RX,F
14:18:59,INDF,RG,6825,4,D,YP,RX,F
14:18:59,INDF,RG,6825,2,D,YP,RX,F
14:18:59,INDF,RG,6825,24,D,KK,RX,F
14:18:59,INDF,RG,6825,2,D,AR,RX,F
14:18:59,INDF,RG,6825,20,D,YJ,RX,F
14:18:59,INDF,RG,6825,20,D,CC,RX,F
14:18:59,INDF,RG,6825,10,D,ZP,RX,F
14:18:59,INDF,RG,6825,5,D,XL,RX,F
14:18:59,INDF,RG,6825,30,D,CP,RX,F
14:18:59,INDF,RG,6825,2,D,XC,RX,F
14:18:17,INDF,RG,6825,18,D,XC,CS,F
14:18:17,INDF,RG,6825,1,D,XC,CS,F
14:18:17,INDF,RG,6825,5,D,YP,CS,F
14:18:17,INDF,RG,6825,1,D,PD,CS,F
14:18:17,INDF,RG,6825,1,F,AK,CS,F
14:18:17,INDF,RG,6825,5,D,GR,CS,F
14:18:17,INDF,RG,6825,15,D,CD,CS,F
14:18:17,INDF,RG,6825,4,D,PD,CS,F
14:18:17,INDF,RG,6825,5,D,YP,CS,F
14:18:17,INDF,RG,6825,7,F,RX,CS,F
14:17:45,INDF,RG,6850,1,F,AK,DX,F
14:16:33,INDF,RG,6825,10,F,RX,PD,D
14:15:32,INDF,RG,6825,68,F,RX,CS,F
14:15:03,INDF,RG,6825,20,F,RX,EP,D
14:15:03,INDF,RG,6850,1,D,SQ,DX,F
14:14:41,INDF,RG,6825,27,F,RX,RX,F
14:14:39,INDF,RG,6825,84,F,RX,RX,F
14:14:39,INDF,RG,6825,35,D,CP,RX,F
14:14:36,INDF,RG,6825,6,D,CP,YP,D
14:14:34,INDF,RG,6825,7,D,CP,YU,D
14:14:29,INDF,RG,6825,2,D,CP,RX,F
14:14:29,INDF,RG,6825,1,F,RX,RX,F
14:14:17,INDF,RG,6850,1,D,FS,DX,F
14:14:17,INDF,RG,6850,1,D,FS,DX,F
14:14:13,INDF,RG,6825,1,F,RX,XC,D
14:14:06,INDF,RG,6825,3,F,RX,PD,D
14:14:04,INDF,RG,6850,2,D,YP,DX,F
14:13:35,INDF,RG,6850,3,D,PD,DX,F
14:13:35,INDF,RG,6850,2,D,PD,DX,F
14:13:02,INDF,RG,6850,1,D,PD,DX,F
14:12:16,INDF,RG,6850,1,D,YP,DX,F
14:11:55,INDF,RG,6850,1,D,PD,DX,F
14:11:40,INDF,RG,6850,1,D,XC,DX,F
14:11:15,INDF,RG,6850,2,D,YJ,DX,F
14:11:07,INDF,RG,6850,1,D,XL,DX,F
14:10:56,INDF,RG,6850,6,D,EP,DX,F
14:10:56,INDF,RG,6850,9,D,EP,YU,F
14:10:56,INDF,RG,6850,2,D,EP,CS,F
14:10:56,INDF,RG,6850,8,D,EP,DX,F
14:10:56,INDF,RG,6850,25,D,EP,AK,F
14:10:40,INDF,RG,6850,42,D,YB,AK,F
14:10:40,INDF,RG,6850,5,D,YB,ZP,F
14:10:40,INDF,RG,6850,2,D,YB,ZP,F
14:10:40,INDF,RG,6850,51,D,YB,CS,F
14:10:27,INDF,RG,6850,1,D,YP,CS,F
14:10:26,INDF,RG,6850,1,D,NI,CS,F
14:10:19,INDF,RG,6825,61,F,RX,RX,F
14:10:19,INDF,RG,6825,5,D,YJ,RX,F
14:10:18,INDF,RG,6850,1,D,XC,CS,F
14:10:17,INDF,RG,6850,1,F,CS,AK,F
14:10:17,INDF,RG,6850,6,D,XC,AK,F
14:10:17,INDF,RG,6850,7,D,XL,AK,F
14:10:17,INDF,RG,6850,107,F,RX,AK,F
14:10:17,INDF,RG,6850,8,F,CC,AK,F
14:10:17,INDF,RG,6850,12,D,XL,AK,F
14:10:17,INDF,RG,6850,1,D,YP,AK,F
14:10:17,INDF,RG,6850,1,D,DH,AK,F
14:10:17,INDF,RG,6850,3,F,CC,AK,F
14:10:17,INDF,RG,6850,13,F,CC,ZP,F
14:10:17,INDF,RG,6850,2,D,PD,ZP,F
14:10:17,INDF,RG,6850,8,D,AZ,ZP,F
14:10:17,INDF,RG,6850,7,D,AZ,ZP,F
14:10:17,INDF,RG,6850,1,D,XC,ZP,F
14:10:17,INDF,RG,6850,50,D,LS,ZP,F
14:10:17,INDF,RG,6850,50,D,LS,RX,F
14:10:17,INDF,RG,6850,1,D,XC,RX,F
14:10:17,INDF,RG,6850,5,D,PD,RX,F
14:10:17,INDF,RG,6850,4,F,CC,RX,F
14:10:17,INDF,RG,6850,1,D,DH,RX,F
14:10:17,INDF,RG,6850,18,F,CC,RX,F
14:10:08,INDF,RG,6850,1,F,CC,RX,F
14:10:06,INDF,RG,6850,3,F,CC,ZP,F
14:10:06,INDF,RG,6850,2,F,CC,RX,F
14:10:05,INDF,RG,6850,4,F,CC,CS,F
14:10:05,INDF,RG,6850,1,F,AK,CS,F
14:10:05,INDF,RG,6850,1,F,CS,CS,F
14:10:05,INDF,RG,6850,6,F,CC,CS,F
14:09:58,INDF,RG,6875,3,D,PD,SQ,D
14:09:33,INDF,RG,6850,2,F,CC,ZP,F
14:09:33,INDF,RG,6850,11,F,CC,CS,F
14:09:03,INDF,RG,6850,2,F,CC,ZP,F
14:09:03,INDF,RG,6850,11,F,CC,CS,F
14:08:54,INDF,RG,6850,3,F,CC,ZP,F
14:08:53,INDF,RG,6850,76,F,CC,ZP,F
14:08:52,INDF,RG,6850,17,F,CC,YU,F
14:08:51,INDF,RG,6850,22,F,CC,ZP,F
14:08:51,INDF,RG,6850,23,F,ZP,ZP,F
14:08:51,INDF,RG,6850,1,D,PD,ZP,F
14:08:51,INDF,RG,6850,1,D,PD,ZP,F
14:08:51,INDF,RG,6850,1,D,NI,ZP,F
14:08:51,INDF,RG,6850,1,D,XC,ZP,F
14:08:51,INDF,RG,6850,7,D,NI,ZP,F
14:08:51,INDF,RG,6850,75,F,RX,ZP,F
14:08:51,INDF,RG,6850,108,F,RX,DX,F
14:08:51,INDF,RG,6850,163,D,GR,DX,F
14:08:51,INDF,RG,6850,1,F,AK,DX,F
14:08:51,INDF,RG,6850,4,F,CC,DX,F
14:08:51,INDF,RG,6850,1,F,CS,DX,F
14:08:51,INDF,RG,6850,25,F,RX,DX,F
14:08:38,INDF,RG,6850,18,F,RX,ZP,F
14:08:37,INDF,RG,6850,100,F,RX,YP,D
14:08:33,INDF,RG,6850,6,F,RX,ZP,F
14:08:33,INDF,RG,6850,31,F,RX,CS,F
14:08:20,INDF,RG,6850,5,F,RX,YP,D
14:07:12,INDF,RG,6850,6,F,RX,ZP,F
14:07:11,INDF,RG,6850,34,F,RX,CS,F
14:06:34,INDF,RG,6850,1,F,RX,ZP,F
14:06:32,INDF,RG,6850,4,F,RX,YB,D
14:05:59,INDF,RG,6850,1,F,RX,ZP,F
14:05:59,INDF,RG,6850,2,F,RX,RX,F
14:05:57,INDF,RG,6850,1,F,RX,RX,F
14:05:42,INDF,RG,6850,15,F,RX,CS,F
14:05:42,INDF,RG,6850,16,F,CS,CS,F
14:05:42,INDF,RG,6850,106,F,CS,RX,F
14:05:40,INDF,RG,6850,40,F,CS,RX,F
14:05:30,INDF,RG,6875,93,D,EP,SQ,D
14:05:30,INDF,RG,6875,5,D,EP,AZ,D
14:05:30,INDF,RG,6875,90,D,EP,CC,D
14:05:30,INDF,RG,6875,1,F,AK,CC,D
14:04:36,INDF,RG,6850,2,F,CS,NI,D
14:04:19,INDF,RG,6850,35,F,CS,CS,F
14:04:01,INDF,RG,6850,2,F,CS,PD,D
14:03:38,INDF,RG,6875,2,D,XC,CC,D
14:03:05,INDF,RG,6850,10,F,CS,PD,D
14:02:48,INDF,RG,6850,31,F,CS,CS,F
14:02:41,INDF,RG,6850,7,F,CS,PD,D
14:01:56,INDF,RG,6875,1,D,KK,CC,D
14:01:45,INDF,RG,6875,7,D,PD,CC,D
14:01:14,INDF,RG,6850,10,D,CC,AK,F
14:01:14,INDF,RG,6850,10,D,PD,AK,F
14:01:14,INDF,RG,6850,1,F,CS,AK,F
14:01:14,INDF,RG,6850,29,F,RX,AK,F
14:01:14,INDF,RG,6850,15,F,BK,AK,F
14:01:08,INDF,RG,6850,14,F,BK,CC,D
14:01:08,INDF,RG,6850,21,F,RX,CC,D
14:01:08,INDF,RG,6850,15,F,ZP,CC,D
14:01:01,INDF,RG,6875,2,D,CC,CC,D
14:00:12,INDF,RG,6875,2,F,YP,CC,D
14:00:04,INDF,RG,6850,6,F,ZP,YB,D
13:59:59,INDF,RG,6875,12,F,BK,CC,D
13:59:56,INDF,RG,6850,15,F,BK,YU,F
13:59:56,INDF,RG,6850,1,F,BK,KK,D
13:59:56,INDF,RG,6850,6,F,BK,DX,F
13:59:56,INDF,RG,6850,13,F,BK,ZP,F
13:59:56,INDF,RG,6850,39,F,BK,ZP,F
13:59:56,INDF,RG,6850,7,F,BK,DX,F
13:59:56,INDF,RG,6850,87,F,BK,ZP,F
13:59:56,INDF,RG,6850,146,F,BK,RX,F
13:59:56,INDF,RG,6850,4,F,BK,RX,F
13:59:56,INDF,RG,6850,29,F,BK,CS,F
13:59:56,INDF,RG,6850,291,F,BK,DX,F
13:59:56,INDF,RG,6850,38,F,BK,AK,F
13:59:56,INDF,RG,6850,318,F,BK,ZP,F
13:59:56,INDF,RG,6850,5,F,BK,ZP,F
13:59:56,INDF,RG,6850,14,F,BK,ZP,F
13:59:56,INDF,RG,6850,6,F,BK,YU,F
13:59:56,INDF,RG,6850,80,F,BK,ZP,F
13:59:56,INDF,RG,6850,55,F,BK,ZP,F
13:59:56,INDF,RG,6850,5,D,YJ,XL,D
13:59:56,INDF,RG,6850,20,D,YJ,PD,D
13:59:56,INDF,RG,6850,19,D,YJ,BK,F
13:59:56,INDF,RG,6850,1,D,YJ,XC,D
13:59:56,INDF,RG,6850,1,D,YJ,FS,D
13:59:56,INDF,RG,6850,954,D,YJ,CC,D
13:59:24,INDF,RG,6825,1,D,YJ,NI,D
13:59:13,INDF,RG,6850,1,D,YP,CC,D
13:59:02,INDF,RG,6850,1,F,RX,CC,D
13:58:59,INDF,RG,6850,10,D,AZ,CC,D
13:58:48,INDF,RG,6850,2,F,RX,CC,D
13:58:46,INDF,RG,6850,10,D,EP,CC,D
13:58:00,INDF,RG,6825,1,D,YJ,CC,D
13:57:38,INDF,RG,6850,22,F,RX,CC,D
13:57:38,INDF,RG,6850,31,F,RX,ZP,F
13:57:36,INDF,RG,6850,461,D,GR,ZP,F
13:57:24,INDF,RG,6850,8,D,CC,ZP,F
13:57:24,INDF,RG,6850,2,D,CC,AZ,D
13:56:58,INDF,RG,6850,10,D,PD,AZ,D
13:56:30,INDF,RG,6850,3,F,RX,AZ,D
13:56:27,INDF,RG,6850,30,D,GR,AZ,D
13:56:14,INDF,RG,6825,20,D,YJ,KK,D
13:56:03,INDF,RG,6850,1,D,FS,AZ,D
13:55:26,INDF,RG,6825,3,D,YJ,SQ,D
13:55:26,INDF,RG,6825,1,F,CC,SQ,D
13:55:26,INDF,RG,6825,1,F,CS,SQ,D
13:55:26,INDF,RG,6850,4,F,RX,AZ,D
13:55:26,INDF,RG,6850,26,F,RX,ZP,F
13:55:20,INDF,RG,6850,37,F,BK,ZP,F
13:55:20,INDF,RG,6850,11,F,BK,DX,F
13:55:17,INDF,RG,6850,212,F,BK,ZP,F
13:55:17,INDF,RG,6850,7,F,BK,ZP,F
13:55:17,INDF,RG,6850,19,F,BK,ZP,F
13:55:12,INDF,RG,6825,11,F,BK,DX,F
13:55:12,INDF,RG,6825,17,F,BK,CS,F
13:55:12,INDF,RG,6825,17,F,BK,YU,F
13:55:09,INDF,RG,6825,5,F,BK,AT,D
13:55:09,INDF,RG,6825,4,F,BK,NI,D
13:55:09,INDF,RG,6825,19,F,BK,BK,F
13:55:09,INDF,RG,6825,13,F,BK,DX,F
13:55:09,INDF,RG,6825,3,F,BK,RX,F
13:55:09,INDF,RG,6825,146,F,BK,RX,F
13:55:09,INDF,RG,6825,10,F,BK,PD,D
13:55:09,INDF,RG,6825,174,F,BK,DX,F
13:55:09,INDF,RG,6825,316,D,ZP,DX,F
13:55:09,INDF,RG,6825,19,D,ZP,YU,F
13:55:09,INDF,RG,6825,132,D,ZP,ZP,F
13:55:09,INDF,RG,6825,68,D,ZP,ZP,F
13:55:09,INDF,RG,6825,15,D,ZP,DX,F
13:55:09,INDF,RG,6825,59,D,ZP,CS,F
13:55:09,INDF,RG,6825,6,D,ZP,CS,F
13:55:09,INDF,RG,6825,52,D,ZP,CS,F
13:55:09,INDF,RG,6825,10,D,ZP,XC,D
13:55:09,INDF,RG,6825,20,D,ZP,BK,F
13:55:09,INDF,RG,6825,303,D,ZP,DX,F
13:55:00,INDF,RG,6825,1,D,PD,DX,F
13:54:39,INDF,RG,6825,1,D,YP,DX,F
13:54:31,INDF,RG,6825,10,D,XL,DX,F
13:54:16,INDF,RG,6825,22,F,BK,DX,F
13:54:14,INDF,RG,6800,102,D,RO,CS,F
13:54:11,INDF,RG,6825,20,D,YP,DX,F
13:54:04,INDF,RG,6800,1,D,RO,XC,D
13:53:57,INDF,RG,6825,2,D,FS,DX,F
13:53:26,INDF,RG,6825,1,F,RX,DX,F
13:53:26,INDF,RG,6825,15,F,BK,DX,F
13:53:25,INDF,RG,6800,15,D,RO,LG,D
13:53:24,INDF,RG,6825,1,D,XC,DX,F
13:53:24,INDF,RG,6825,1,F,RX,DX,F
13:53:21,INDF,RG,6825,5,D,PD,DX,F
13:53:15,INDF,RG,6825,1,D,XC,DX,F
13:53:10,INDF,RG,6825,4,F,RX,DX,F
13:53:10,INDF,RG,6825,10,D,XL,DX,F
13:53:08,INDF,RG,6825,25,D,CP,DX,F
13:53:03,INDF,RG,6825,1,D,XC,DX,F
13:53:00,INDF,RG,6800,10,D,RO,XC,D
13:52:57,INDF,RG,6825,3,D,CC,DX,F
13:52:53,INDF,RG,6825,6,F,RX,DX,F
13:52:52,INDF,RG,6825,5,D,YP,DX,F
13:52:49,INDF,RG,6825,25,F,BK,DX,F
13:52:46,INDF,RG,6825,20,D,YJ,DX,F
13:52:46,INDF,RG,6825,1,D,FS,DX,F
13:52:42,INDF,RG,6825,1,F,RX,DX,F
13:52:41,INDF,RG,6825,3,D,PD,DX,F
13:52:41,INDF,RG,6825,2,D,PD,DX,F
13:52:25,INDF,RG,6825,3,F,RX,DX,F
13:52:24,INDF,RG,6825,33,D,PD,DX,F
13:52:17,INDF,RG,6825,1,D,IF,DX,F
13:52:14,INDF,RG,6825,2,F,RX,DX,F
13:52:13,INDF,RG,6825,2,D,YP,DX,F
13:52:11,INDF,RG,6825,2,F,RX,DX,F
13:52:11,INDF,RG,6825,14,F,BK,DX,F
13:52:11,INDF,RG,6825,15,D,PD,DX,F
13:52:09,INDF,RG,6825,2,D,PD,DX,F
13:52:00,INDF,RG,6825,2,F,RX,DX,F
13:51:54,INDF,RG,6825,13,F,BK,DX,F
13:51:51,INDF,RG,6825,5,F,RX,DX,F
13:51:51,INDF,RG,6825,50,D,XC,DX,F
13:51:48,INDF,RG,6825,1,F,RX,DX,F
13:51:47,INDF,RG,6825,5,D,YJ,DX,F
13:51:46,INDF,RG,6825,3,F,RX,DX,F
13:51:46,INDF,RG,6825,27,F,BK,DX,F
13:51:43,INDF,RG,6825,8,F,RX,DX,F
13:51:42,INDF,RG,6825,74,F,BK,DX,F
13:51:40,INDF,RG,6825,103,F,RX,DX,F
13:51:38,INDF,RG,6825,269,F,BK,DX,F
13:51:37,INDF,RG,6825,23,F,AK,DX,F
13:51:37,INDF,RG,6825,137,F,AK,DX,F
13:51:37,INDF,RG,6825,500,F,BK,DX,F
13:51:37,INDF,RG,6825,128,F,RX,DX,F
13:51:37,INDF,RG,6825,477,F,BK,DX,F
13:51:37,INDF,RG,6825,3,F,BK,RX,F
13:51:37,INDF,RG,6825,20,F,BK,ZP,F
13:51:36,INDF,RG,6825,25,F,BK,ZP,F
13:51:36,INDF,RG,6825,146,F,BK,RX,F
13:51:36,INDF,RG,6825,50,F,BK,AZ,D
13:51:36,INDF,RG,6825,53,F,BK,BK,F
13:51:36,INDF,RG,6825,2,F,BK,YU,F
13:51:36,INDF,RG,6825,7,F,BK,DX,F
13:51:36,INDF,RG,6825,29,F,BK,DX,F
13:51:36,INDF,RG,6825,7,F,BK,DX,F
13:51:36,INDF,RG,6825,13,F,BK,DX,F
13:51:36,INDF,RG,6825,168,F,BK,AK,F
13:51:36,INDF,RG,6825,22,D,PD,AK,F
13:51:36,INDF,RG,6825,4,D,PD,ZP,F
13:51:36,INDF,RG,6825,14,D,PD,CS,F
13:51:31,INDF,RG,6825,3,D,PD,CS,F
13:51:21,INDF,RG,6825,3,D,PD,CS,F
13:51:19,INDF,RG,6825,4,D,EP,CS,F
13:51:19,INDF,RG,6825,6,D,EP,ZP,F
13:51:13,INDF,RG,6800,36,D,RO,DX,F
13:51:05,INDF,RG,6800,39,D,RO,CC,D
13:51:04,INDF,RG,6800,8,D,RO,HP,D
13:51:01,INDF,RG,6800,1,D,RO,XC,D
13:50:58,INDF,RG,6825,54,D,PD,ZP,F
13:50:58,INDF,RG,6825,26,D,PD,CC,D
13:50:46,INDF,RG,6800,45,D,RO,DX,F
13:50:17,INDF,RG,6800,24,D,RO,DX,F
13:50:13,INDF,RG,6825,2,D,FS,CC,D
13:49:56,INDF,RG,6825,1,D,YP,CC,D
13:49:52,INDF,RG,6825,1,D,PD,CC,D
13:49:40,INDF,RG,6825,8,D,XL,CC,D
13:49:19,INDF,RG,6825,1,D,XC,CC,D
13:49:11,INDF,RG,6800,72,D,RO,YP,D
13:48:57,INDF,RG,6800,5,D,RO,CC,D
13:48:41,INDF,RG,6800,1,D,RO,XA,D
13:48:40,INDF,RG,6800,9,D,RO,YP,D
13:48:40,INDF,RG,6800,5,D,RO,YP,D
13:48:40,INDF,RG,6800,9,D,RO,CS,F
13:48:40,INDF,RG,6800,6,D,DR,CS,F
13:48:40,INDF,RG,6825,3,D,NI,CC,D
13:48:40,INDF,RG,6825,1,D,KK,CC,D
13:48:40,INDF,RG,6825,112,F,RX,CC,D
13:48:40,INDF,RG,6825,182,F,CS,CC,D
13:48:40,INDF,RG,6825,1,F,CS,CC,D
13:48:40,INDF,RG,6825,1,D,XL,CC,D
13:48:40,INDF,RG,6825,1,D,NI,CC,D
13:48:40,INDF,RG,6825,25,D,NI,CC,D
13:48:40,INDF,RG,6825,1,D,MK,CC,D
13:48:40,INDF,RG,6825,1,D,NI,CC,D
13:48:40,INDF,RG,6825,1,D,TP,CC,D
13:48:40,INDF,RG,6825,10,F,CC,CC,D
13:48:40,INDF,RG,6825,1,F,AK,CC,D
13:48:40,INDF,RG,6825,10,D,PD,CC,D
13:48:40,INDF,RG,6825,5,D,NI,CC,D
13:48:40,INDF,RG,6825,2,D,PD,CC,D
13:48:40,INDF,RG,6825,1,F,CS,CC,D
13:48:40,INDF,RG,6825,100,D,XC,CC,D
13:48:40,INDF,RG,6825,15,D,AZ,CC,D
13:48:40,INDF,RG,6825,1,D,NI,CC,D
13:48:40,INDF,RG,6825,5,D,PD,CC,D
13:48:40,INDF,RG,6825,10,D,YP,CC,D
13:48:40,INDF,RG,6825,5,D,PD,CC,D
13:48:40,INDF,RG,6825,10,F,CC,CC,D
13:48:40,INDF,RG,6825,23,F,ZP,CC,D
13:48:40,INDF,RG,6825,19,F,CC,CC,D
13:48:40,INDF,RG,6825,1,D,XC,CC,D
13:48:40,INDF,RG,6825,6,D,CC,CC,D
13:48:40,INDF,RG,6825,100,D,CC,CC,D
13:48:40,INDF,RG,6825,100,D,YB,CC,D
13:48:40,INDF,RG,6825,2,F,CC,CC,D
13:48:40,INDF,RG,6825,13,F,CC,CC,D
13:48:40,INDF,RG,6825,3,D,CC,CC,D
13:48:40,INDF,RG,6825,5,D,XC,CC,D
13:48:40,INDF,RG,6825,20,D,YP,CC,D
13:48:40,INDF,RG,6825,15,D,YJ,CC,D
13:48:40,INDF,RG,6825,1,D,GR,CC,D
13:48:40,INDF,RG,6825,100,D,NI,CC,D
13:48:40,INDF,RG,6825,49,D,PD,CC,D
13:48:36,INDF,RG,6825,8,D,PD,YU,F
13:48:36,INDF,RG,6825,5,D,CC,YU,F
13:48:36,INDF,RG,6825,20,D,PD,YU,F
13:48:35,INDF,RG,6825,280,D,PD,ZP,F
13:48:35,INDF,RG,6825,1,D,PD,ZP,F
13:48:35,INDF,RG,6825,50,D,YP,ZP,F
13:48:35,INDF,RG,6825,6,D,NI,ZP,F
13:48:35,INDF,RG,6825,25,D,YP,ZP,F
13:48:35,INDF,RG,6825,2,D,XC,ZP,F
13:48:35,INDF,RG,6825,7,D,XC,ZP,F
13:48:35,INDF,RG,6825,2,D,DR,ZP,F
13:48:35,INDF,RG,6825,1,D,BQ,ZP,F
13:48:35,INDF,RG,6825,5,D,XC,ZP,F
13:48:35,INDF,RG,6825,2,D,YP,ZP,F
13:48:35,INDF,RG,6825,5,D,YP,ZP,F
13:48:35,INDF,RG,6825,1,D,YP,ZP,F
13:48:35,INDF,RG,6825,5,D,PD,ZP,F
13:48:35,INDF,RG,6825,5,D,KK,ZP,F
13:48:35,INDF,RG,6825,25,D,PD,ZP,F
13:48:35,INDF,RG,6825,98,D,SQ,ZP,F
13:48:35,INDF,RG,6825,2,D,SQ,ZP,F
13:48:35,INDF,RG,6825,1,D,PD,ZP,F
13:48:35,INDF,RG,6825,2,D,XC,ZP,F
13:48:35,INDF,RG,6825,1,D,YP,ZP,F
13:48:35,INDF,RG,6825,1,D,PD,ZP,F
13:48:35,INDF,RG,6825,1,D,YP,ZP,F
13:48:35,INDF,RG,6825,1,D,CC,ZP,F
13:48:35,INDF,RG,6825,1,D,XC,ZP,F
13:48:35,INDF,RG,6825,1,D,CC,ZP,F
13:48:35,INDF,RG,6825,1,D,CC,ZP,F
13:48:35,INDF,RG,6825,1,D,OD,ZP,F
13:48:35,INDF,RG,6825,1,D,PD,ZP,F
13:48:35,INDF,RG,6825,10,D,NI,ZP,F
13:48:35,INDF,RG,6825,40,D,SQ,ZP,F
13:48:35,INDF,RG,6825,3,D,DH,ZP,F
13:48:35,INDF,RG,6825,20,D,PD,ZP,F
13:48:35,INDF,RG,6825,4,D,XC,ZP,F
13:48:35,INDF,RG,6825,1,D,OD,ZP,F
13:48:35,INDF,RG,6825,1,D,YP,ZP,F
13:48:35,INDF,RG,6825,90,D,ZP,ZP,F
13:48:35,INDF,RG,6825,1,D,EP,ZP,F
13:48:35,INDF,RG,6825,10,D,XL,ZP,F
13:48:35,INDF,RG,6825,3,D,YP,ZP,F
13:48:35,INDF,RG,6825,12,D,DH,ZP,F
13:48:35,INDF,RG,6825,1,D,XC,ZP,F
13:48:35,INDF,RG,6825,2,D,XC,ZP,F
13:48:35,INDF,RG,6825,1,D,XL,ZP,F
13:48:35,INDF,RG,6825,1,D,XC,ZP,F
13:48:35,INDF,RG,6825,1,D,NI,ZP,F
13:48:35,INDF,RG,6825,10,D,CC,ZP,F
13:48:35,INDF,RG,6825,5,D,XL,ZP,F
13:48:35,INDF,RG,6825,1,D,PD,ZP,F
13:48:35,INDF,RG,6825,15,D,EP,ZP,F
13:48:35,INDF,RG,6825,20,D,YP,ZP,F
13:48:35,INDF,RG,6825,2,D,PD,ZP,F
13:48:35,INDF,RG,6825,1,D,XC,ZP,F
13:48:35,INDF,RG,6825,2,D,XL,ZP,F
13:48:35,INDF,RG,6825,25,D,ZP,ZP,F
13:48:35,INDF,RG,6825,2,D,XC,ZP,F
13:48:35,INDF,RG,6825,25,D,YP,ZP,F
13:48:35,INDF,RG,6825,2,D,XC,ZP,F
13:48:35,INDF,RG,6825,5,D,PD,ZP,F
13:48:35,INDF,RG,6825,1,D,XC,ZP,F
13:48:35,INDF,RG,6825,2,D,PD,ZP,F
13:48:35,INDF,RG,6825,5,D,PD,ZP,F
13:48:35,INDF,RG,6825,14,D,OD,ZP,F
13:48:35,INDF,RG,6825,13,D,PD,ZP,F
13:48:35,INDF,RG,6825,40,D,YJ,ZP,F
13:48:35,INDF,RG,6825,1,D,PD,ZP,F
13:48:35,INDF,RG,6825,1,D,KK,ZP,F
13:48:35,INDF,RG,6825,10,D,YP,ZP,F
13:48:35,INDF,RG,6825,10,D,PD,ZP,F
13:48:35,INDF,RG,6825,1,D,XC,ZP,F
13:48:35,INDF,RG,6825,30,D,BQ,ZP,F
13:48:35,INDF,RG,6825,1,D,XC,ZP,F
13:48:35,INDF,RG,6825,2,D,PD,ZP,F
13:48:35,INDF,RG,6825,1,D,YP,ZP,F
13:48:35,INDF,RG,6825,1,D,PD,ZP,F
13:48:35,INDF,RG,6825,1,D,PD,ZP,F
13:48:35,INDF,RG,6825,1,D,YP,ZP,F
13:48:35,INDF,RG,6825,1,D,KK,ZP,F
13:48:35,INDF,RG,6825,1,D,XL,ZP,F
13:48:35,INDF,RG,6825,13,F,RX,ZP,F
13:48:31,INDF,RG,6850,2,D,FS,ZP,F
13:48:27,INDF,RG,6825,30,F,RX,YB,D
13:48:26,INDF,RG,6825,13,F,RX,DX,F
13:48:14,INDF,RG,6825,1,F,RX,DX,F
13:48:05,INDF,RG,6825,3,F,RX,RX,F
13:48:01,INDF,RG,6825,24,F,RX,ZP,F
13:48:01,INDF,RG,6825,6,F,RX,CS,F
13:48:01,INDF,RG,6825,2,D,YP,CS,F
13:48:01,INDF,RG,6825,19,F,RX,CS,F
13:48:01,INDF,RG,6825,156,F,RX,ZP,F
13:48:01,INDF,RG,6825,1,D,GR,ZP,F
13:48:01,INDF,RG,6825,1,D,PD,ZP,F
13:48:01,INDF,RG,6825,2,D,YJ,ZP,F
13:48:01,INDF,RG,6825,50,F,YP,ZP,F
13:48:01,INDF,RG,6825,2,D,XC,ZP,F
13:48:01,INDF,RG,6825,1,D,PD,ZP,F
13:48:01,INDF,RG,6825,5,D,PD,ZP,F
13:48:01,INDF,RG,6825,5,D,PD,ZP,F
13:48:01,INDF,RG,6825,1,D,PD,ZP,F
13:48:01,INDF,RG,6825,60,D,YJ,ZP,F
13:48:01,INDF,RG,6825,1,D,LG,ZP,F
13:48:01,INDF,RG,6825,5,D,XL,ZP,F
13:48:01,INDF,RG,6825,5,D,YP,ZP,F
13:48:01,INDF,RG,6825,1,D,XC,ZP,F
13:48:01,INDF,RG,6825,4,D,XC,ZP,F
13:48:01,INDF,RG,6825,28,D,YP,ZP,F
13:48:01,INDF,RG,6825,1,D,PD,ZP,F
13:48:01,INDF,RG,6825,10,D,DR,ZP,F
13:48:01,INDF,RG,6825,5,D,FZ,ZP,F
13:48:01,INDF,RG,6825,5,D,BS,ZP,F
13:48:01,INDF,RG,6825,5,D,PD,ZP,F
13:48:01,INDF,RG,6825,2,D,AZ,ZP,F
13:48:01,INDF,RG,6825,5,D,GR,ZP,F
13:48:01,INDF,RG,6825,2,D,PD,ZP,F
13:48:01,INDF,RG,6825,1,D,PD,ZP,F
13:48:01,INDF,RG,6825,15,D,PD,ZP,F
13:48:01,INDF,RG,6825,1,D,KK,ZP,F
13:48:01,INDF,RG,6825,10,D,YP,ZP,F
13:48:01,INDF,RG,6825,1,D,YP,ZP,F
13:48:01,INDF,RG,6825,118,D,YP,ZP,F
13:48:01,INDF,RG,6825,111,D,DH,ZP,F
13:48:01,INDF,RG,6825,35,D,DX,ZP,F
13:48:01,INDF,RG,6825,2,D,YP,ZP,F
13:48:01,INDF,RG,6825,30,D,FS,ZP,F
13:48:01,INDF,RG,6825,1,D,YP,ZP,F
13:48:01,INDF,RG,6825,50,D,XA,ZP,F
13:48:01,INDF,RG,6825,20,D,YP,ZP,F
13:48:01,INDF,RG,6825,1,D,PD,ZP,F
13:48:01,INDF,RG,6825,1,D,XC,ZP,F
13:48:01,INDF,RG,6825,6,D,KK,ZP,F
13:48:01,INDF,RG,6825,2,D,YP,ZP,F
13:48:01,INDF,RG,6825,100,D,CC,ZP,F
13:48:01,INDF,RG,6825,5,D,CC,ZP,F
13:48:01,INDF,RG,6825,1,D,YP,ZP,F
13:48:01,INDF,RG,6825,1,D,YP,ZP,F
13:48:01,INDF,RG,6825,20,D,DR,ZP,F
13:48:01,INDF,RG,6825,105,D,YB,ZP,F
13:47:59,INDF,RG,6850,2,D,FS,ZP,F
13:47:48,INDF,RG,6825,95,D,YB,RX,F
13:47:48,INDF,RG,6825,10,D,NI,RX,F
13:47:48,INDF,RG,6825,5,D,NI,RX,F
13:47:48,INDF,RG,6825,2,D,EP,RX,F
13:47:48,INDF,RG,6825,10,D,CC,RX,F
13:47:48,INDF,RG,6825,1,D,CC,RX,F
13:47:48,INDF,RG,6825,20,D,PD,RX,F
13:47:48,INDF,RG,6825,2,D,PD,RX,F
13:47:27,INDF,RG,6850,2,D,NI,ZP,F
13:47:10,INDF,RG,6825,1,D,PD,IF,D
13:46:50,INDF,RG,6825,42,D,PD,CS,F
13:46:42,INDF,RG,6850,1,D,YP,ZP,F
13:46:42,INDF,RG,6825,13,D,PD,DX,F
13:46:40,INDF,RG,6850,1,D,PD,ZP,F
13:46:36,INDF,RG,6850,2,D,XC,ZP,F
13:46:25,INDF,RG,6850,1,D,NI,ZP,F
13:46:00,INDF,RG,6850,1,D,YP,ZP,F
13:45:55,INDF,RG,6850,2,D,BQ,ZP,F
13:45:37,INDF,RG,6850,2,D,YP,ZP,F
13:45:29,INDF,RG,6825,5,D,PD,YP,D
13:44:57,INDF,RG,6825,43,D,PD,CS,F
13:44:47,INDF,RG,6825,1,D,PD,YP,D
13:44:18,INDF,RG,6825,13,D,PD,DX,F
13:43:28,INDF,RG,6825,67,D,PD,RX,F
13:43:27,INDF,RG,6825,1,D,PD,RX,F
13:43:26,INDF,RG,6825,12,D,PD,RX,F
13:43:26,INDF,RG,6825,50,D,XA,RX,F
13:43:26,INDF,RG,6825,2,D,YP,RX,F
13:43:26,INDF,RG,6825,5,D,CC,RX,F
13:43:26,INDF,RG,6825,10,D,CC,RX,F
13:43:25,INDF,RG,6825,3,D,CC,RX,F
13:43:19,INDF,RG,6825,10,D,CC,CC,D
13:43:03,INDF,RG,6825,27,D,CC,CS,F
13:43:03,INDF,RG,6825,5,D,YP,CS,F
13:43:03,INDF,RG,6825,1,D,YP,CS,F
13:43:03,INDF,RG,6825,1,D,XL,CS,F
13:43:03,INDF,RG,6825,1,D,XL,CS,F
13:43:03,INDF,RG,6825,9,D,LG,CS,F
13:42:42,INDF,RG,6825,6,D,LG,DX,F
13:42:42,INDF,RG,6825,5,D,YP,DX,F
13:42:42,INDF,RG,6825,2,D,CC,DX,F
13:42:41,INDF,RG,6825,12,D,CC,YP,D
13:42:41,INDF,RG,6825,5,D,DR,YP,D
13:42:41,INDF,RG,6825,1,D,ZP,YP,D
13:42:41,INDF,RG,6825,5,D,YP,YP,D
13:42:34,INDF,RG,6850,2,D,XL,ZP,F
13:42:17,INDF,RG,6850,1,D,YP,ZP,F
13:41:59,INDF,RG,6850,3,D,NI,ZP,F
13:41:07,INDF,RG,6850,1,F,AK,BK,F
13:41:07,INDF,RG,6825,7,D,YP,CS,F
13:41:07,INDF,RG,6850,1,F,CS,BK,F
13:41:07,INDF,RG,6850,32,F,CS,BK,F
13:41:07,INDF,RG,6850,77,F,CS,BK,F
13:41:07,INDF,RG,6850,10,D,NI,BK,F
13:41:07,INDF,RG,6850,1,D,YP,BK,F
13:41:07,INDF,RG,6850,1,D,XC,BK,F
13:41:07,INDF,RG,6850,50,D,SQ,BK,F
13:41:07,INDF,RG,6850,1,D,GR,BK,F
13:41:07,INDF,RG,6850,30,D,KK,BK,F
13:41:07,INDF,RG,6850,104,F,RX,BK,F
13:41:07,INDF,RG,6850,50,D,CC,BK,F
13:41:07,INDF,RG,6850,1,F,AK,BK,F
13:41:07,INDF,RG,6850,1,D,OD,BK,F
13:41:07,INDF,RG,6850,2,D,PD,BK,F
13:41:07,INDF,RG,6850,3,D,YP,BK,F
13:41:07,INDF,RG,6850,1,F,CS,BK,F
13:41:07,INDF,RG,6850,10,D,CC,BK,F
13:41:07,INDF,RG,6850,1,D,PD,BK,F
13:41:07,INDF,RG,6850,1,D,YP,BK,F
13:41:07,INDF,RG,6850,20,D,YP,BK,F
13:41:07,INDF,RG,6850,1,F,AK,BK,F
13:41:07,INDF,RG,6850,100,D,TP,BK,F
13:41:07,INDF,RG,6850,1,D,EP,BK,F
13:41:07,INDF,RG,6850,5,D,NI,BK,F
13:41:07,INDF,RG,6850,1,F,CS,BK,F
13:41:07,INDF,RG,6850,6,F,CC,BK,F
13:41:07,INDF,RG,6850,2,D,XL,BK,F
13:41:07,INDF,RG,6850,3,D,XL,BK,F
13:41:07,INDF,RG,6850,2,D,XL,BK,F
13:41:07,INDF,RG,6850,15,F,RX,BK,F
13:41:07,INDF,RG,6850,101,F,RX,AK,F
13:41:07,INDF,RG,6850,25,F,CC,AK,F
13:41:07,INDF,RG,6850,3,D,XL,AK,F
13:41:07,INDF,RG,6850,1,D,YP,AK,F
13:41:07,INDF,RG,6850,2,D,YP,AK,F
13:41:07,INDF,RG,6850,2,D,CC,AK,F
13:41:07,INDF,RG,6850,32,F,CC,AK,F
13:41:07,INDF,RG,6850,12,F,CC,OD,D
13:41:07,INDF,RG,6850,1,F,AK,OD,D
13:41:07,INDF,RG,6850,10,D,XC,OD,D
13:41:07,INDF,RG,6850,238,F,CS,OD,D
13:41:07,INDF,RG,6850,239,F,CS,OD,D
13:41:00,INDF,RG,6850,21,F,CS,ZP,F
13:40:59,INDF,RG,6850,118,F,CS,ZP,F
13:40:35,INDF,RG,6850,10,F,CS,ZP,F
13:40:34,INDF,RG,6850,58,F,CS,YU,F
13:40:24,INDF,RG,6850,2,F,CS,ZP,F
13:40:23,INDF,RG,6850,13,F,CS,ZP,F
13:40:14,INDF,RG,6850,53,F,CS,ZP,F
13:40:13,INDF,RG,6850,104,F,CS,ZP,F
13:40:13,INDF,RG,6850,1,D,XC,ZP,F
13:40:13,INDF,RG,6850,1,D,XC,ZP,F
13:40:13,INDF,RG,6850,1,D,XC,ZP,F
13:40:13,INDF,RG,6850,3,D,OD,ZP,F
13:40:13,INDF,RG,6850,1,D,OD,ZP,F
13:40:13,INDF,RG,6850,1,D,OD,ZP,F
13:40:13,INDF,RG,6850,5,D,XC,ZP,F
13:40:13,INDF,RG,6850,1,D,YP,ZP,F
13:40:13,INDF,RG,6850,1,D,YP,ZP,F
13:40:13,INDF,RG,6850,1,D,PD,ZP,F
13:40:13,INDF,RG,6850,3,D,PD,ZP,F
13:40:13,INDF,RG,6850,1,D,PD,ZP,F
13:40:13,INDF,RG,6850,3,D,PD,ZP,F
13:40:13,INDF,RG,6850,1,D,KK,ZP,F
13:40:13,INDF,RG,6850,12,D,KK,ZP,F
13:40:13,INDF,RG,6850,3,D,PD,ZP,F
13:40:13,INDF,RG,6850,25,D,PD,ZP,F
13:40:13,INDF,RG,6850,1,D,SQ,ZP,F
13:40:13,INDF,RG,6850,5,D,SQ,ZP,F
13:40:13,INDF,RG,6850,98,D,SQ,ZP,F
13:40:13,INDF,RG,6850,3,D,AI,ZP,F
13:40:13,INDF,RG,6850,24,D,XC,ZP,F
13:40:13,INDF,RG,6850,1,D,CC,ZP,F
13:40:06,INDF,RG,6850,1,D,CC,ZP,F
13:40:06,INDF,RG,6850,3,D,CC,ZP,F
13:40:06,INDF,RG,6850,1,D,XC,ZP,F
13:40:06,INDF,RG,6850,12,D,XC,ZP,F
13:40:06,INDF,RG,6850,1,D,DH,ZP,F
13:40:06,INDF,RG,6850,5,D,YP,ZP,F
13:40:06,INDF,RG,6850,2,D,PD,ZP,F
13:40:06,INDF,RG,6850,1,F,CS,ZP,F
13:40:06,INDF,RG,6850,4,D,XC,ZP,F
13:40:06,INDF,RG,6850,1,D,PD,ZP,F
13:40:06,INDF,RG,6850,10,D,CC,ZP,F
13:40:06,INDF,RG,6850,1,D,YP,ZP,F
13:40:06,INDF,RG,6850,1,F,CS,ZP,F
13:40:06,INDF,RG,6850,10,D,XC,ZP,F
13:40:05,INDF,RG,6850,22,D,XC,ZP,F
13:40:05,INDF,RG,6850,10,D,YP,ZP,F
13:40:05,INDF,RG,6850,1,D,CC,ZP,F
13:40:05,INDF,RG,6850,1,D,XC,ZP,F
13:40:05,INDF,RG,6850,15,D,DX,ZP,F
13:40:05,INDF,RG,6850,21,F,ZP,ZP,F
13:40:05,INDF,RG,6850,1,D,NI,ZP,F
13:40:05,INDF,RG,6850,2,D,YP,ZP,F
13:40:05,INDF,RG,6850,3,D,YP,ZP,F
13:40:05,INDF,RG,6850,11,D,XC,ZP,F
13:40:05,INDF,RG,6850,3,D,XL,ZP,F
13:40:05,INDF,RG,6850,61,F,RX,ZP,F
13:40:05,INDF,RG,6850,1,F,CS,ZP,F
13:40:05,INDF,RG,6850,148,D,CP,ZP,F
13:39:33,INDF,RG,6850,98,D,CP,ZP,F
13:39:32,INDF,RG,6850,53,D,CP,ZP,F
13:39:32,INDF,RG,6850,500,D,CP,CC,D
13:39:28,INDF,RG,6850,2,D,CP,ZP,F
13:39:26,INDF,RG,6850,10,D,CP,KK,D
13:39:13,INDF,RG,6850,12,D,CP,ZP,F
13:39:10,INDF,RG,6850,67,D,CP,RX,F
13:39:08,INDF,RG,6850,79,D,CP,RX,F
13:39:07,INDF,RG,6850,11,D,CP,DX,F
13:39:05,INDF,RG,6850,2,D,CP,RX,F
13:39:04,INDF,RG,6875,1,F,RX,CC,D
13:39:03,INDF,RG,6850,1,D,CP,RX,F
13:38:13,INDF,RG,6875,5,D,DR,CC,D
13:38:06,INDF,RG,6875,5,F,RX,CC,D
13:38:05,INDF,RG,6875,45,F,CC,CC,D
13:38:00,INDF,RG,6875,2,F,RX,CC,D
13:37:59,INDF,RG,6875,17,D,PD,CC,D
13:37:57,INDF,RG,6875,1,D,NI,CC,D
13:37:56,INDF,RG,6875,1,D,PD,CC,D
13:37:51,INDF,RG,6875,43,F,RX,CC,D
13:37:50,INDF,RG,6875,263,F,CS,CC,D
13:37:50,INDF,RG,6875,10,F,CS,YP,D
13:37:50,INDF,RG,6875,68,F,CS,CS,F
13:37:50,INDF,RG,6875,5,F,CS,AZ,D
13:37:50,INDF,RG,6875,21,F,CS,BK,F
13:37:50,INDF,RG,6875,168,F,CS,ZP,F
13:37:50,INDF,RG,6875,496,F,CS,CC,D
13:37:49,INDF,RG,6850,10,D,CP,XC,D
13:37:48,INDF,RG,6850,7,D,CP,CS,F
13:37:48,INDF,RG,6850,10,D,EP,CS,F
13:37:48,INDF,RG,6850,21,D,ZP,CS,F
13:37:06,INDF,RG,6850,15,D,ZP,AZ,D
13:36:57,INDF,RG,6850,7,D,ZP,DX,F
13:36:08,INDF,RG,6850,36,D,ZP,CS,F
13:34:41,INDF,RG,6850,1,D,ZP,RX,F
13:34:39,INDF,RG,6850,2,D,ZP,RX,F
13:34:38,INDF,RG,6850,18,D,ZP,RX,F
13:34:38,INDF,RG,6850,5,D,XC,RX,F
13:34:38,INDF,RG,6850,10,D,GR,RX,F
13:34:38,INDF,RG,6850,1,D,XC,RX,F
13:34:38,INDF,RG,6850,9,D,XL,RX,F
13:34:38,INDF,RG,6850,1,D,YP,RX,F
13:34:38,INDF,RG,6850,23,F,YP,RX,F
13:34:36,INDF,RG,6850,27,F,YP,RX,F
13:34:36,INDF,RG,6850,1,D,CP,RX,F
13:34:36,INDF,RG,6850,1,F,CS,RX,F
13:34:36,INDF,RG,6850,3,D,NI,RX,F
13:34:36,INDF,RG,6850,1,F,CC,RX,F
13:34:36,INDF,RG,6850,46,F,RX,RX,F
13:34:34,INDF,RG,6850,41,F,RX,CS,F
13:34:27,INDF,RG,6875,1,D,YP,CC,D
13:34:20,INDF,RG,6875,3,D,YP,CC,D
13:34:20,INDF,RG,6875,4,D,YP,ZP,F
13:34:20,INDF,RG,6875,13,D,YP,PD,D
13:34:01,INDF,RG,6875,1,D,NI,PD,D
13:33:43,INDF,RG,6875,1,D,NI,PD,D
13:33:25,INDF,RG,6875,1,D,NI,PD,D
13:33:19,INDF,RG,6850,2,F,RX,PD,D
13:32:43,INDF,RG,6850,43,F,RX,CS,F
13:32:41,INDF,RG,6875,1,D,KK,PD,D
13:32:27,INDF,RG,6875,1,D,XC,PD,D
13:32:27,INDF,RG,6875,2,D,XC,PD,D
13:32:15,INDF,RG,6875,1,D,EP,PD,D
13:31:56,INDF,RG,6875,3,D,AT,PD,D
13:30:30,INDF,RG,6875,1,D,XL,PD,D
13:30:27,INDF,RG,6875,1,D,XL,PD,D
13:30:20,INDF,RG,6850,142,F,RX,AK,F
13:30:20,INDF,RG,6850,13,D,YP,AK,F
13:30:20,INDF,RG,6850,1,F,CS,AK,F
13:30:20,INDF,RG,6850,39,D,YJ,AK,F
13:30:07,INDF,RG,6875,1,F,RX,PD,D
13:30:07,INDF,RG,6875,1,D,CC,PD,D
13:30:04,INDF,RG,6875,8,F,RX,PD,D
13:30:04,INDF,RG,6875,2,F,AK,PD,D
13:30:03,INDF,RG,6875,10,D,XC,PD,D
13:30:03,INDF,RG,6875,32,D,EP,PD,D
13:30:03,INDF,RG,6875,15,D,EP,BK,F
13:30:03,INDF,RG,6875,2,D,EP,SQ,D
13:30:03,INDF,RG,6875,1,D,EP,CS,F
13:30:03,INDF,RG,6875,8,F,RX,CS,F
13:30:03,INDF,RG,6875,2,D,AT,CS,F
13:30:03,INDF,RG,6875,1,D,CC,CS,F
13:30:02,INDF,RG,6875,5,D,AG,CS,F
13:30:01,INDF,RG,6875,2,D,NI,CS,F
13:30:01,INDF,RG,6850,1,D,YJ,PD,D
13:30:01,INDF,RG,6875,2,D,PD,CS,F
13:30:01,INDF,RG,6875,2,D,PD,CS,F
13:30:01,INDF,RG,6875,10,D,SQ,CS,F
13:30:01,INDF,RG,6875,8,D,HP,CS,F
11:29:25,INDF,RG,6875,8,F,CC,CS,F
11:29:25,INDF,RG,6875,1,F,CC,XC,D
11:29:25,INDF,RG,6875,7,F,CC,ZP,F
11:29:25,INDF,RG,6875,5,F,CC,ZP,F
11:29:25,INDF,RG,6875,24,F,CC,DX,F
11:29:03,INDF,RG,6875,2,D,PD,DX,F
11:28:41,INDF,RG,6850,61,D,YJ,CS,F
11:28:04,INDF,RG,6875,2,D,YP,DX,F
11:27:27,INDF,RG,6875,1,D,NI,DX,F
11:25:59,INDF,RG,6850,80,D,YJ,CS,F
11:25:57,INDF,RG,6875,1,D,YP,DX,F
11:25:27,INDF,RG,6875,1,F,AK,DX,F
11:25:09,INDF,RG,6875,1,D,XC,DX,F
11:24:22,INDF,RG,6875,1,D,YP,DX,F
11:24:08,INDF,RG,6875,1,D,XL,ZP,F
11:24:05,INDF,RG,6850,30,D,YJ,GR,D
11:23:57,INDF,RG,6850,1,D,YJ,CC,D
11:22:27,INDF,RG,6850,80,D,YJ,CS,F
11:21:42,INDF,RG,6875,1,F,AK,ZP,F
11:20:51,INDF,RG,6875,1,D,XC,ZP,F
11:20:41,INDF,RG,6875,1,D,BQ,ZP,F
11:19:42,INDF,RG,6875,1,F,RX,ZP,F
11:19:42,INDF,RG,6875,3,D,PD,ZP,F
11:19:27,INDF,RG,6875,1,F,AK,ZP,F
11:19:09,INDF,RG,6875,4,D,DH,ZP,F
11:18:50,INDF,RG,6875,1,D,NI,ZP,F
11:18:24,INDF,RG,6875,1,F,RX,ZP,F
11:18:21,INDF,RG,6875,1,D,PD,ZP,F
11:18:06,INDF,RG,6875,4,D,NI,ZP,F
11:18:03,INDF,RG,6875,3,D,PD,ZP,F
11:17:47,INDF,RG,6875,3,F,RX,ZP,F
11:17:47,INDF,RG,6875,15,F,BK,ZP,F
11:17:46,INDF,RG,6875,5,D,YP,ZP,F
11:16:57,INDF,RG,6875,2,F,RX,ZP,F
11:16:56,INDF,RG,6875,8,F,BK,ZP,F
11:16:56,INDF,RG,6875,16,F,BK,AK,F
11:16:55,INDF,RG,6875,14,F,RX,AK,F
11:16:54,INDF,RG,6875,84,D,ZP,AK,F
11:16:54,INDF,RG,6875,36,D,ZP,ZP,F
11:16:32,INDF,RG,6875,2,F,RX,ZP,F
11:16:31,INDF,RG,6875,4,D,YJ,ZP,F
11:16:31,INDF,RG,6875,6,D,YJ,ZP,F
11:16:31,INDF,RG,6875,10,D,DR,ZP,F
11:16:29,INDF,RG,6875,2,F,RX,ZP,F
11:16:28,INDF,RG,6875,1,D,CP,ZP,F
11:16:22,INDF,RG,6875,1,D,TP,ZP,F
11:16:20,INDF,RG,6875,16,F,BK,ZP,F
11:16:20,INDF,RG,6875,2,F,BK,SQ,D
11:16:16,INDF,RG,6875,3,F,RX,SQ,D
11:16:16,INDF,RG,6875,15,F,BK,YP,D
11:16:16,INDF,RG,6875,1,F,BK,YP,D
11:16:16,INDF,RG,6875,1,F,BK,AZ,D
11:16:15,INDF,RG,6875,2,D,BQ,AZ,D
11:16:14,INDF,RG,6875,5,D,LG,AZ,D
11:16:13,INDF,RG,6875,12,F,RX,AZ,D
11:16:13,INDF,RG,6875,2,F,RX,CC,D
11:16:13,INDF,RG,6875,1,F,RX,XC,D
11:16:12,INDF,RG,6875,140,D,DR,OD,D
11:15:53,INDF,RG,6875,3,F,RX,OD,D
11:15:51,INDF,RG,6850,20,D,YJ,CC,F
11:15:51,INDF,RG,6875,21,F,BK,OD,D
11:15:47,INDF,RG,6875,10,F,RX,OD,D
11:15:46,INDF,RG,6875,19,F,BK,OD,D
11:15:44,INDF,RG,6875,77,F,BK,OD,D
11:15:40,INDF,RG,6875,30,F,RX,OD,D
11:15:40,INDF,RG,6875,18,F,RX,AZ,D
11:15:40,INDF,RG,6875,63,F,RX,CC,D
11:15:39,INDF,RG,6875,313,F,BK,CC,D
11:15:36,INDF,RG,6875,124,F,CS,CC,D
11:15:36,INDF,RG,6875,1,F,CS,DX,F
11:15:36,INDF,RG,6875,500,F,CS,CC,D
11:15:36,INDF,RG,6875,50,F,CS,YP,D
11:15:36,INDF,RG,6875,316,F,CS,ZP,F
11:15:36,INDF,RG,6875,20,F,CS,AZ,D
11:15:36,INDF,RG,6875,24,F,CS,ZP,F
11:15:36,INDF,RG,6875,10,F,CS,ZP,F
11:15:36,INDF,RG,6875,14,F,CS,BK,F
11:15:36,INDF,RG,6850,165,D,YJ,ZP,F
11:15:36,INDF,RG,6850,5,D,YJ,ZP,F
11:15:36,INDF,RG,6850,147,D,YJ,ZP,F
11:15:36,INDF,RG,6850,5,D,YJ,ZP,F
11:15:36,INDF,RG,6850,27,D,YJ,ZP,F
11:15:36,INDF,RG,6850,78,D,YJ,ZP,F
11:15:36,INDF,RG,6850,166,D,YJ,ZP,F
11:15:36,INDF,RG,6850,27,D,YJ,CS,F
11:15:36,INDF,RG,6850,68,D,YJ,CS,F
11:15:35,INDF,RG,6850,1,D,XC,CS,F
11:15:33,INDF,RG,6850,1,F,RX,CS,F
11:15:32,INDF,RG,6850,10,D,DR,CS,F
11:15:30,INDF,RG,6850,6,F,RX,CS,F
11:15:28,INDF,RG,6850,4,F,BK,CS,F
11:15:28,INDF,RG,6850,15,F,BK,DX,F
11:15:22,INDF,RG,6850,31,F,BK,DX,F
11:15:20,INDF,RG,6850,5,D,YP,DX,F
11:15:19,INDF,RG,6850,51,F,RX,DX,F
11:15:19,INDF,RG,6850,10,F,RX,YP,D
11:15:19,INDF,RG,6850,5,F,RX,BK,F
11:15:19,INDF,RG,6850,68,F,BK,BK,F
11:15:19,INDF,RG,6850,1,F,BK,YP,D
11:15:19,INDF,RG,6850,2,F,BK,XC,D
11:15:19,INDF,RG,6850,13,F,BK,BK,F
11:15:19,INDF,RG,6850,7,F,BK,NI,D
11:15:19,INDF,RG,6850,4,F,BK,DX,F
11:15:18,INDF,RG,6850,1,D,KK,DX,F
11:15:18,INDF,RG,6850,117,F,BK,DX,F
11:15:18,INDF,RG,6850,115,F,BK,DX,F
11:15:18,INDF,RG,6850,33,F,BK,ZP,F
11:15:18,INDF,RG,6850,235,F,BK,CC,D
11:15:17,INDF,RG,6850,15,F,RX,CC,D
11:15:17,INDF,RG,6850,15,F,BK,CC,D
11:15:15,INDF,RG,6850,100,D,CP,CC,D
11:15:12,INDF,RG,6850,14,F,BK,CC,D
11:15:09,INDF,RG,6850,3,F,RX,CC,D
11:15:09,INDF,RG,6850,32,F,BK,CC,D
11:15:08,INDF,RG,6850,22,F,RX,CC,D
11:15:08,INDF,RG,6825,20,D,YP,NI,D
11:15:07,INDF,RG,6850,64,D,CP,CC,D
11:15:07,INDF,RG,6850,69,D,CP,ZP,F
11:15:07,INDF,RG,6850,59,D,CP,ZP,F
11:15:07,INDF,RG,6850,8,D,CP,ZP,F
11:15:05,INDF,RG,6850,1,F,RX,ZP,F
11:15:02,INDF,RG,6850,1,D,PD,ZP,F
11:14:49,INDF,RG,6825,2,D,YP,SQ,D
11:14:45,INDF,RG,6850,13,F,RX,ZP,F
11:14:44,INDF,RG,6850,45,D,DH,ZP,F
11:14:44,INDF,RG,6850,29,D,DH,ZP,F
11:14:44,INDF,RG,6850,37,D,DH,ZP,F
11:14:38,INDF,RG,6850,1,D,OD,ZP,F
11:14:14,INDF,RG,6850,1,D,XL,ZP,F
11:14:12,INDF,RG,6850,2,D,XL,ZP,F
11:13:52,INDF,RG,6850,1,D,XL,ZP,F
11:13:47,INDF,RG,6850,1,D,NI,ZP,F
11:13:45,INDF,RG,6825,3,D,YP,CS,F
11:13:45,INDF,RG,6825,14,D,YP,CS,F
11:13:45,INDF,RG,6825,1,D,XC,CS,F
11:13:45,INDF,RG,6825,5,D,DR,CS,F
11:13:45,INDF,RG,6825,25,D,GR,CS,F
11:13:45,INDF,RG,6825,20,D,BS,CS,F
11:13:45,INDF,RG,6825,25,D,YB,CS,F
11:13:40,INDF,RG,6850,6,F,RX,ZP,F
11:13:39,INDF,RG,6850,60,D,PD,ZP,F
11:13:22,INDF,RG,6825,14,D,YB,BK,F
11:13:15,INDF,RG,6850,17,F,RX,ZP,F
11:13:15,INDF,RG,6850,150,D,AT,ZP,F
11:13:01,INDF,RG,6850,1,D,CC,ZP,F
11:12:54,INDF,RG,6850,1,D,KK,ZP,F
11:12:45,INDF,RG,6850,1,F,RX,ZP,F
11:12:44,INDF,RG,6850,10,D,ZP,ZP,F
11:12:33,INDF,RG,6850,1,F,RX,ZP,F
11:12:31,INDF,RG,6850,10,D,ZP,ZP,F
11:12:21,INDF,RG,6850,1,F,RX,ZP,F
11:12:20,INDF,RG,6850,5,D,CC,ZP,F
11:12:05,INDF,RG,6850,5,D,XL,ZP,F
11:12:04,INDF,RG,6850,1,F,RX,ZP,F
11:12:01,INDF,RG,6850,7,D,NI,ZP,F
11:11:51,INDF,RG,6850,1,D,XC,ZP,F
11:11:40,INDF,RG,6850,5,F,RX,ZP,F
11:11:39,INDF,RG,6850,1,D,XC,ZP,F
11:11:39,INDF,RG,6850,7,D,XC,ZP,F
11:11:14,INDF,RG,6850,33,D,XC,ZP,F
11:11:12,INDF,RG,6850,2,D,CC,ZP,F
11:10:54,INDF,RG,6850,2,D,NI,ZP,F
11:10:44,INDF,RG,6825,13,D,YB,BK,F
11:10:22,INDF,RG,6850,1,F,RX,ZP,F
11:10:21,INDF,RG,6850,5,D,CC,ZP,F
11:10:20,INDF,RG,6850,2,D,ZP,ZP,F
11:10:10,INDF,RG,6850,2,D,DH,ZP,F
11:09:20,INDF,RG,6850,1,F,RX,ZP,F
11:09:19,INDF,RG,6850,1,D,PD,ZP,F
11:09:18,INDF,RG,6850,5,D,EP,ZP,F
11:08:56,INDF,RG,6850,1,D,XC,ZP,F
11:08:29,INDF,RG,6850,1,D,NI,ZP,F
11:08:26,INDF,RG,6850,1,F,RX,ZP,F
11:08:21,INDF,RG,6850,10,D,YP,ZP,F
11:08:15,INDF,RG,6850,10,F,RX,ZP,F
11:08:09,INDF,RG,6850,20,D,OD,ZP,F
11:08:09,INDF,RG,6850,66,D,PD,ZP,F
11:07:58,INDF,RG,6850,1,D,XC,ZP,F
11:07:25,INDF,RG,6850,8,F,RX,ZP,F
11:07:24,INDF,RG,6850,100,D,YU,ZP,F
11:06:52,INDF,RG,6850,1,D,LG,ZP,F
11:06:51,INDF,RG,6850,1,D,PD,ZP,F
11:06:46,INDF,RG,6850,3,D,NI,ZP,F
11:06:44,INDF,RG,6850,5,D,GR,ZP,F
11:06:43,INDF,RG,6850,10,D,XC,ZP,F
11:06:41,INDF,RG,6850,2,D,NI,ZP,F
11:06:41,INDF,RG,6850,161,F,RX,ZP,F
11:06:41,INDF,RG,6850,15,F,CC,ZP,F
11:06:41,INDF,RG,6850,152,F,BK,ZP,F
11:06:41,INDF,RG,6850,25,F,RX,ZP,F
11:06:41,INDF,RG,6850,20,D,GR,ZP,F
11:06:24,INDF,RG,6850,5,D,GR,SQ,D
11:06:11,INDF,RG,6875,1,D,PD,BK,F
11:06:04,INDF,RG,6875,14,F,BK,BK,F
11:06:00,INDF,RG,6850,43,F,BK,XC,D
11:06:00,INDF,RG,6850,2,F,BK,YP,D
11:06:00,INDF,RG,6850,9,F,BK,CS,F
11:06:00,INDF,RG,6850,19,F,BK,CS,F
11:06:00,INDF,RG,6850,20,F,BK,AZ,D
11:06:00,INDF,RG,6850,14,F,BK,NI,D
11:06:00,INDF,RG,6850,86,F,BK,BK,F
11:06:00,INDF,RG,6850,108,F,BK,CS,F
11:06:00,INDF,RG,6850,113,F,BK,ZP,F
11:06:00,INDF,RG,6850,1,D,XC,ZP,F
11:05:59,INDF,RG,6850,80,F,BK,ZP,F
11:05:59,INDF,RG,6850,920,F,BK,DX,F
11:05:59,INDF,RG,6850,33,F,RX,DX,F
11:05:58,INDF,RG,6850,300,D,OD,DX,F
11:05:51,INDF,RG,6850,1,D,CC,DX,F
11:05:50,INDF,RG,6850,32,F,RX,DX,F
11:05:50,INDF,RG,6850,1,D,XC,DX,F
11:05:49,INDF,RG,6850,223,F,CC,DX,F
11:05:49,INDF,RG,6850,65,D,PD,DX,F
11:05:48,INDF,RG,6850,1,D,YP,DX,F
11:05:47,INDF,RG,6850,3,F,RX,DX,F
11:05:46,INDF,RG,6850,20,D,XA,DX,F
11:04:43,INDF,RG,6850,33,F,RX,DX,F
11:04:37,INDF,RG,6850,267,D,SS,DX,F
11:04:37,INDF,RG,6850,4,D,SS,GR,D
11:04:37,INDF,RG,6850,20,D,SS,AZ,D
11:04:37,INDF,RG,6850,1,D,SS,DX,F
11:04:37,INDF,RG,6850,6,D,SS,DX,F
11:04:37,INDF,RG,6850,2,D,SS,ZP,F
11:04:31,INDF,RG,6825,26,D,YB,DX,F
11:04:05,INDF,RG,6825,22,D,YB,DX,F
11:03:53,INDF,RG,6850,1,F,RX,ZP,F
11:03:51,INDF,RG,6850,5,D,NI,ZP,F
11:03:43,INDF,RG,6850,15,F,RX,ZP,F
11:03:42,INDF,RG,6850,1,D,XC,ZP,F
11:03:41,INDF,RG,6850,112,F,CS,BK,F
11:03:41,INDF,RG,6850,5,D,PD,BK,F
11:03:41,INDF,RG,6850,20,D,YB,BK,F
11:03:41,INDF,RG,6850,1,D,XC,BK,F
11:03:41,INDF,RG,6850,55,F,RX,BK,F
11:03:41,INDF,RG,6850,216,D,PD,BK,F
11:03:41,INDF,RG,6850,3,D,PD,AK,F
11:03:41,INDF,RG,6850,4,F,CC,AK,F
11:03:41,INDF,RG,6850,1,D,CC,AK,F
11:03:41,INDF,RG,6850,14,D,YP,AK,F
11:03:41,INDF,RG,6850,5,D,XC,AK,F
11:03:41,INDF,RG,6850,10,D,EP,AK,F
11:03:41,INDF,RG,6850,50,D,YP,AK,F
11:03:41,INDF,RG,6850,1,F,CS,AK,F
11:03:41,INDF,RG,6850,2,F,CC,AK,F
11:03:41,INDF,RG,6850,1,D,PD,AK,F
11:03:41,INDF,RG,6850,22,F,ZP,AK,F
11:03:41,INDF,RG,6850,4,D,XL,AK,F
11:03:41,INDF,RG,6850,1,D,YP,AK,F
11:03:41,INDF,RG,6850,1,D,LG,AK,F
11:03:41,INDF,RG,6850,1,D,KK,AK,F
11:03:41,INDF,RG,6850,22,D,YP,AK,F
11:03:41,INDF,RG,6850,28,D,YP,ZP,F
11:03:41,INDF,RG,6850,1,F,AK,ZP,F
11:03:41,INDF,RG,6850,1,D,DH,ZP,F
11:03:41,INDF,RG,6850,2,D,DH,CS,F
11:03:41,INDF,RG,6850,19,F,CC,CS,F
11:03:40,INDF,RG,6850,24,F,CC,CC,D
11:03:40,INDF,RG,6850,10,D,YU,CC,D
11:03:40,INDF,RG,6850,121,F,CS,CC,D
11:03:40,INDF,RG,6850,48,D,YP,CC,D
11:03:40,INDF,RG,6850,13,F,BK,CC,D
11:03:40,INDF,RG,6850,5,D,CC,CC,D
11:03:40,INDF,RG,6850,1,F,CS,CC,D
11:03:40,INDF,RG,6850,1,D,XC,CC,D
11:03:40,INDF,RG,6850,10,D,YP,CC,D
11:03:40,INDF,RG,6850,18,D,XA,CC,D
11:03:40,INDF,RG,6850,5,D,YP,CC,D
11:03:40,INDF,RG,6850,30,D,BQ,CC,D
11:03:40,INDF,RG,6850,120,F,KZ,CC,D
11:03:40,INDF,RG,6850,5,D,YP,CC,D
11:03:40,INDF,RG,6850,89,F,KZ,CC,D
11:03:35,INDF,RG,6875,4,F,KZ,BK,F
11:03:34,INDF,RG,6850,42,F,KZ,DX,F
11:03:26,INDF,RG,6875,7,F,KZ,BK,F
11:03:25,INDF,RG,6850,100,F,KZ,OD,D
11:03:14,INDF,RG,6875,21,F,KZ,ZP,F
11:03:12,INDF,RG,6850,70,F,KZ,ZP,F
11:03:12,INDF,RG,6850,14,F,KZ,OD,D
11:03:12,INDF,RG,6850,1,F,AK,OD,D
11:03:12,INDF,RG,6850,1,D,HP,OD,D
11:03:12,INDF,RG,6850,20,D,XA,OD,D
11:03:12,INDF,RG,6850,1,D,PD,OD,D
11:03:12,INDF,RG,6850,7,F,CC,OD,D
11:03:12,INDF,RG,6850,4,F,GR,OD,D
11:03:12,INDF,RG,6850,1,D,PD,OD,D
11:03:12,INDF,RG,6850,2,D,NI,OD,D
11:03:12,INDF,RG,6850,1,D,XC,OD,D
11:03:12,INDF,RG,6850,1,D,XC,OD,D
11:03:12,INDF,RG,6850,147,F,RX,OD,D
11:03:03,INDF,RG,6875,2,F,KZ,ZP,F
11:03:02,INDF,RG,6850,30,F,RX,DX,F
11:03:00,INDF,RG,6875,1,F,KZ,ZP,F
11:02:58,INDF,RG,6850,15,F,RX,BK,F
11:02:46,INDF,RG,6875,3,F,KZ,ZP,F
11:02:46,INDF,RG,6875,22,F,KZ,ZP,F
11:02:45,INDF,RG,6850,29,F,RX,CS,F
11:02:45,INDF,RG,6850,33,F,RX,OD,D
11:02:45,INDF,RG,6850,267,F,CS,OD,D
11:02:29,INDF,RG,6875,1,F,KZ,ZP,F
11:02:28,INDF,RG,6850,24,F,CS,DX,F
11:02:00,INDF,RG,6875,2,F,KZ,ZP,F
11:01:59,INDF,RG,6850,24,F,CS,DX,F
11:01:53,INDF,RG,6875,1,F,KZ,ZP,F
11:01:52,INDF,RG,6875,5,D,CC,ZP,F
11:01:34,INDF,RG,6875,2,F,KZ,ZP,F
11:01:32,INDF,RG,6850,32,F,CS,DX,F
11:01:31,INDF,RG,6875,1,D,NI,ZP,F
11:01:27,INDF,RG,6875,2,F,KZ,ZP,F
11:01:26,INDF,RG,6850,30,F,CS,CS,F
11:01:06,INDF,RG,6875,2,F,KZ,ZP,F
11:01:05,INDF,RG,6850,24,F,CS,DX,F
11:00:40,INDF,RG,6875,2,F,KZ,ZP,F
11:00:39,INDF,RG,6850,22,F,CS,DX,F
11:00:31,INDF,RG,6875,1,F,KZ,ZP,F
11:00:30,INDF,RG,6850,15,F,CS,BK,F
11:00:10,INDF,RG,6875,1,F,KZ,ZP,F
11:00:08,INDF,RG,6850,20,F,CS,DX,F
11:00:06,INDF,RG,6850,32,F,CS,CS,F
10:59:36,INDF,RG,6875,3,F,KZ,ZP,F
10:59:35,INDF,RG,6850,28,F,CS,DX,F
10:59:20,INDF,RG,6875,2,D,PD,ZP,F
10:59:08,INDF,RG,6875,2,F,KZ,ZP,F
10:59:07,INDF,RG,6850,24,F,CS,DX,F
10:58:45,INDF,RG,6875,2,F,KZ,ZP,F
10:58:43,INDF,RG,6850,30,F,CS,CS,F
10:58:38,INDF,RG,6875,1,F,KZ,ZP,F
10:58:37,INDF,RG,6850,13,F,CS,DX,F
10:58:11,INDF,RG,6875,2,F,KZ,ZP,F
10:58:10,INDF,RG,6875,1,F,KZ,ZP,F
10:58:09,INDF,RG,6850,24,F,CS,DX,F
10:58:08,INDF,RG,6850,15,F,CS,BK,F
10:58:05,INDF,RG,6875,1,F,KZ,ZP,F
10:58:04,INDF,RG,6850,16,F,CS,BK,F
10:57:44,INDF,RG,6875,1,F,KZ,ZP,F
10:57:43,INDF,RG,6850,18,F,CS,DX,F
10:57:29,INDF,RG,6850,1,F,CS,PD,D
10:57:26,INDF,RG,6875,2,F,KZ,ZP,F
10:57:24,INDF,RG,6850,12,F,CS,CS,F
10:57:24,INDF,RG,6850,18,D,PD,CS,F
10:57:18,INDF,RG,6875,1,F,KZ,ZP,F
10:57:17,INDF,RG,6850,20,D,PD,AZ,D
10:57:13,INDF,RG,6875,1,F,KZ,ZP,F
10:57:13,INDF,RG,6875,1,F,KZ,ZP,F
10:57:12,INDF,RG,6850,22,D,PD,DX,F
10:57:08,INDF,RG,6875,1,F,KZ,ZP,F
10:57:07,INDF,RG,6850,13,D,PD,BK,F
10:57:07,INDF,RG,6875,26,F,KZ,ZP,F
10:57:06,INDF,RG,6875,21,F,KZ,ZP,F
10:57:05,INDF,RG,6850,21,D,PD,ZP,F
10:57:05,INDF,RG,6850,6,D,PD,ZP,F
10:57:05,INDF,RG,6850,10,D,AT,ZP,F
10:57:05,INDF,RG,6850,10,D,DR,ZP,F
10:57:05,INDF,RG,6850,1,F,CC,ZP,F
10:57:05,INDF,RG,6850,1,F,CS,ZP,F
10:57:05,INDF,RG,6850,1,F,AK,ZP,F
10:57:05,INDF,RG,6850,100,D,XL,ZP,F
10:57:05,INDF,RG,6850,2,F,CC,ZP,F
10:57:05,INDF,RG,6850,2,D,PD,ZP,F
10:57:05,INDF,RG,6850,3,D,KK,ZP,F
10:57:05,INDF,RG,6850,3,D,KK,CC,D
10:57:05,INDF,RG,6850,3,F,CC,CC,D
10:57:05,INDF,RG,6850,3,D,PD,CC,D
10:57:05,INDF,RG,6850,64,F,KZ,CC,D
10:57:05,INDF,RG,6850,1,D,XC,CC,D
10:57:05,INDF,RG,6850,124,F,CS,CC,D
10:57:05,INDF,RG,6850,10,D,LG,CC,D
10:57:05,INDF,RG,6850,15,D,YP,CC,D
10:57:05,INDF,RG,6850,5,D,SS,CC,D
10:57:05,INDF,RG,6850,31,F,KZ,CC,D
10:57:05,INDF,RG,6850,2,F,CC,CC,D
10:57:05,INDF,RG,6850,1,F,CC,CC,D
10:57:05,INDF,RG,6850,1,D,KK,CC,D
10:57:05,INDF,RG,6850,3,F,CC,CC,D
10:57:05,INDF,RG,6850,1,F,AK,CC,D
10:57:05,INDF,RG,6850,20,D,YP,CC,D
10:57:05,INDF,RG,6850,1,F,CS,CC,D
10:57:05,INDF,RG,6850,5,D,YP,CC,D
10:57:05,INDF,RG,6850,1,D,PD,CC,D
10:57:05,INDF,RG,6850,22,F,ZP,CC,D
10:57:05,INDF,RG,6850,1,D,EP,CC,D
10:57:05,INDF,RG,6850,1,D,PD,CC,D
10:57:05,INDF,RG,6850,5,D,PD,CC,D
10:57:05,INDF,RG,6850,2,D,SQ,CC,D
10:57:05,INDF,RG,6850,5,D,YP,CC,D
10:57:05,INDF,RG,6850,15,F,KZ,CC,D
10:57:05,INDF,RG,6850,3,F,CC,CC,D
10:57:05,INDF,RG,6850,5,D,XC,CC,D
10:57:05,INDF,RG,6850,2,D,YP,CC,D
10:57:05,INDF,RG,6850,30,D,SQ,CC,D
10:57:05,INDF,RG,6850,25,F,YP,CC,D
10:57:05,INDF,RG,6850,1,D,YP,CC,D
10:57:05,INDF,RG,6850,1,D,NI,CC,D
10:57:05,INDF,RG,6850,50,F,YP,CC,D
10:57:05,INDF,RG,6850,15,D,CC,CC,D
10:57:05,INDF,RG,6850,16,F,CC,CC,D
10:57:05,INDF,RG,6850,2,F,KZ,CC,D
10:57:05,INDF,RG,6850,5,F,KZ,CC,D
10:57:03,INDF,RG,6875,3,F,KZ,ZP,F
10:57:03,INDF,RG,6875,72,F,KZ,ZP,F
10:57:01,INDF,RG,6850,10,F,KZ,ZP,F
10:57:01,INDF,RG,6850,115,F,RX,ZP,F
10:57:01,INDF,RG,6850,309,F,KZ,ZP,F
10:57:01,INDF,RG,6850,390,F,KZ,ZP,F
10:57:01,INDF,RG,6850,176,F,BK,ZP,F
10:56:44,INDF,RG,6875,2,F,KZ,ZP,F
10:56:43,INDF,RG,6850,14,F,BK,DX,F
10:56:27,INDF,RG,6875,36,F,KZ,ZP,F
10:56:26,INDF,RG,6850,2,F,BK,CC,D
10:56:26,INDF,RG,6850,10,D,XL,CC,D
10:56:26,INDF,RG,6850,1,D,YP,CC,D
10:56:26,INDF,RG,6850,3,D,PD,CC,D
10:56:26,INDF,RG,6850,16,F,CC,CC,D
10:56:26,INDF,RG,6850,1,D,YP,CC,D
10:56:26,INDF,RG,6850,2,D,PD,CC,D
10:56:26,INDF,RG,6850,1,D,AZ,CC,D
10:56:26,INDF,RG,6850,1,D,YP,CC,D
10:56:26,INDF,RG,6850,73,F,RX,CC,D
10:56:26,INDF,RG,6850,2,D,AT,CC,D
10:56:26,INDF,RG,6850,2,D,SQ,CC,D
10:56:26,INDF,RG,6850,5,D,DH,CC,D
10:56:26,INDF,RG,6850,5,D,XL,CC,D
10:56:26,INDF,RG,6850,10,D,PD,CC,D
10:56:26,INDF,RG,6850,10,D,LG,CC,D
10:56:26,INDF,RG,6850,1,D,PD,CC,D
10:56:26,INDF,RG,6850,20,D,PD,CC,D
10:56:26,INDF,RG,6850,1,D,XC,CC,D
10:56:26,INDF,RG,6850,1,D,XC,CC,D
10:56:26,INDF,RG,6850,1,D,XC,CC,D
10:56:26,INDF,RG,6850,2,D,XL,CC,D
10:56:26,INDF,RG,6850,1,D,PD,CC,D
10:56:26,INDF,RG,6850,1,D,XL,CC,D
10:56:26,INDF,RG,6850,10,D,NI,CC,D
10:56:26,INDF,RG,6850,2,D,YJ,CC,D
10:56:26,INDF,RG,6850,20,D,ZP,CC,D
10:56:26,INDF,RG,6850,13,D,YP,CC,D
10:56:26,INDF,RG,6850,20,D,YP,CC,D
10:56:26,INDF,RG,6850,1,D,XL,CC,D
10:56:26,INDF,RG,6850,75,D,CC,CC,D
10:56:26,INDF,RG,6850,1,D,KK,CC,D
10:56:26,INDF,RG,6850,100,D,CC,CC,D
10:56:26,INDF,RG,6850,1,D,XL,CC,D
10:56:26,INDF,RG,6850,30,D,CP,CC,D
10:56:26,INDF,RG,6850,1,D,PD,CC,D
10:56:26,INDF,RG,6850,1,D,XL,CC,D
10:56:26,INDF,RG,6850,1,D,XC,CC,D
10:56:26,INDF,RG,6850,5,D,YP,CC,D
10:56:26,INDF,RG,6850,1,D,XC,CC,D
10:56:26,INDF,RG,6850,5,D,XL,CC,D
10:56:26,INDF,RG,6850,10,D,CC,CC,D
10:56:26,INDF,RG,6850,3,D,PD,CC,D
10:56:26,INDF,RG,6850,1,D,PD,CC,D
10:56:26,INDF,RG,6850,1,D,XC,CC,D
10:56:26,INDF,RG,6850,6,D,XL,CC,D
10:56:26,INDF,RG,6850,1,D,PD,CC,D
10:56:26,INDF,RG,6850,1,D,YP,CC,D
10:56:26,INDF,RG,6850,1,D,AZ,CC,D
10:56:26,INDF,RG,6850,10,D,NI,CC,D
10:56:26,INDF,RG,6850,1,D,DR,CC,D
10:56:26,INDF,RG,6850,1,D,XC,CC,D
10:56:26,INDF,RG,6850,1,D,LG,CC,D
10:56:26,INDF,RG,6850,4,D,YP,CC,D
10:56:18,INDF,RG,6875,2,F,KZ,ZP,F
10:56:17,INDF,RG,6850,6,D,YP,DX,F
10:56:17,INDF,RG,6850,1,D,YP,DX,F
10:56:17,INDF,RG,6850,6,D,YP,DX,F
10:56:17,INDF,RG,6850,1,D,DR,DX,F
10:56:17,INDF,RG,6850,10,D,OD,DX,F
10:56:06,INDF,RG,6875,41,F,KZ,ZP,F
10:56:05,INDF,RG,6850,52,D,OD,CS,F
10:56:05,INDF,RG,6850,238,D,OD,ZP,F
10:56:05,INDF,RG,6850,1,D,PD,ZP,F
10:56:05,INDF,RG,6850,1,D,PD,ZP,F
10:56:05,INDF,RG,6850,1,D,NI,ZP,F
10:56:05,INDF,RG,6850,1,D,PD,ZP,F
10:56:05,INDF,RG,6850,3,D,YP,ZP,F
10:56:05,INDF,RG,6850,20,D,CC,ZP,F
10:56:05,INDF,RG,6850,1,D,XC,ZP,F
10:56:05,INDF,RG,6850,10,D,DR,ZP,F
10:56:05,INDF,RG,6850,60,D,YJ,ZP,F
10:56:05,INDF,RG,6850,5,D,SQ,ZP,F
10:56:05,INDF,RG,6850,159,D,YP,ZP,F
10:55:47,INDF,RG,6875,1,F,KZ,ZP,F
10:55:46,INDF,RG,6850,14,D,YP,DX,F
10:55:32,INDF,RG,6875,1,D,XC,ZP,F
10:55:13,INDF,RG,6875,1,F,KZ,ZP,F
10:55:12,INDF,RG,6850,12,D,YP,DX,F
10:54:58,INDF,RG,6850,1,D,YP,YB,D
10:54:52,INDF,RG,6850,1,D,YP,EP,D
10:54:48,INDF,RG,6875,3,F,KZ,ZP,F
10:54:47,INDF,RG,6850,13,D,YP,DX,F
10:54:47,INDF,RG,6850,1,D,XC,DX,F
10:54:47,INDF,RG,6850,5,D,XL,DX,F
10:54:47,INDF,RG,6850,14,D,DH,DX,F
10:54:47,INDF,RG,6850,1,D,SQ,DX,F
10:54:47,INDF,RG,6850,2,D,XL,DX,F
10:54:47,INDF,RG,6850,1,D,XC,DX,F
10:54:47,INDF,RG,6850,1,D,BQ,DX,F
10:54:47,INDF,RG,6850,2,D,CC,DX,F
10:54:46,INDF,RG,6875,2,F,KZ,ZP,F
10:54:45,INDF,RG,6850,3,D,CC,BK,F
10:54:45,INDF,RG,6850,11,D,EP,BK,F
10:54:43,INDF,RG,6875,3,D,YP,ZP,F
10:54:42,INDF,RG,6875,2,F,KZ,ZP,F
10:54:41,INDF,RG,6850,30,D,EP,DX,F
10:54:33,INDF,RG,6875,1,D,PD,ZP,F
10:54:17,INDF,RG,6875,1,D,HP,ZP,F
10:54:08,INDF,RG,6875,2,F,KZ,ZP,F
10:54:07,INDF,RG,6850,9,D,EP,DX,F
10:54:07,INDF,RG,6850,2,D,AZ,DX,F
10:54:07,INDF,RG,6850,7,D,YP,DX,F
10:53:49,INDF,RG,6875,4,F,KZ,ZP,F
10:53:47,INDF,RG,6875,8,D,NI,ZP,F
10:53:47,INDF,RG,6850,43,D,YP,CS,F
10:53:47,INDF,RG,6850,1,D,XC,CS,F
10:53:47,INDF,RG,6850,1,D,PD,CS,F
10:53:47,INDF,RG,6850,5,D,XL,CS,F
10:53:47,INDF,RG,6850,1,D,YP,CS,F
10:53:47,INDF,RG,6850,1,D,KK,CS,F
10:53:41,INDF,RG,6875,1,F,KZ,ZP,F
10:53:40,INDF,RG,6850,1,D,KK,DX,F
10:53:40,INDF,RG,6850,5,D,YP,DX,F
10:53:40,INDF,RG,6850,1,D,PD,DX,F
10:53:40,INDF,RG,6850,4,D,CP,DX,F
10:53:39,INDF,RG,6875,1,D,PD,ZP,F
10:53:36,INDF,RG,6875,5,D,EP,ZP,F
10:53:17,INDF,RG,6875,1,D,PD,ZP,F
10:53:16,INDF,RG,6875,3,F,KZ,ZP,F
10:53:15,INDF,RG,6850,4,D,CP,DX,F
10:53:15,INDF,RG,6850,1,D,KK,DX,F
10:53:15,INDF,RG,6850,10,D,ES,DX,F
10:53:15,INDF,RG,6850,1,D,YP,DX,F
10:53:15,INDF,RG,6850,1,D,XC,DX,F
10:53:15,INDF,RG,6850,5,D,XL,DX,F
10:53:15,INDF,RG,6850,1,D,KK,DX,F
10:53:15,INDF,RG,6850,5,D,DR,DX,F
10:52:44,INDF,RG,6875,2,F,KZ,ZP,F
10:52:43,INDF,RG,6850,5,D,KK,DX,F
10:52:43,INDF,RG,6850,2,D,YP,DX,F
10:52:43,INDF,RG,6850,1,D,XC,DX,F
10:52:43,INDF,RG,6850,1,D,PD,DX,F
10:52:43,INDF,RG,6850,2,D,YP,DX,F
10:52:43,INDF,RG,6850,15,D,GR,DX,F
10:52:43,INDF,RG,6850,6,D,YP,DX,F
10:52:36,INDF,RG,6875,1,D,PD,ZP,F
10:52:11,INDF,RG,6875,2,F,KZ,ZP,F
10:52:10,INDF,RG,6850,9,D,YP,DX,F
10:52:10,INDF,RG,6850,11,D,PD,DX,F
10:51:39,INDF,RG,6875,2,F,KZ,ZP,F
10:51:38,INDF,RG,6850,9,D,PD,DX,F
10:51:38,INDF,RG,6850,10,D,PD,DX,F
10:51:38,INDF,RG,6850,10,D,LG,DX,F
10:51:38,INDF,RG,6850,1,F,RX,DX,F
10:51:29,INDF,RG,6875,4,F,KZ,ZP,F
10:51:28,INDF,RG,6850,51,F,RX,CS,F
10:51:28,INDF,RG,6875,1,F,KZ,ZP,F
10:51:26,INDF,RG,6850,13,F,RX,BK,F
10:51:08,INDF,RG,6875,1,F,KZ,ZP,F
10:51:06,INDF,RG,6850,20,F,RX,DX,F
10:50:40,INDF,RG,6875,1,F,KZ,ZP,F
10:50:39,INDF,RG,6850,18,F,RX,DX,F
10:50:08,INDF,RG,6875,3,F,KZ,ZP,F
10:50:07,INDF,RG,6850,23,F,RX,DX,F
10:50:07,INDF,RG,6850,10,D,YP,DX,F
10:49:59,INDF,RG,6875,1,F,KZ,ZP,F
10:49:59,INDF,RG,6875,9,D,EP,ZP,F
10:49:45,INDF,RG,6875,1,F,KZ,ZP,F
10:49:45,INDF,RG,6875,22,D,XC,ZP,F
10:49:37,INDF,RG,6875,1,F,KZ,ZP,F
10:49:37,INDF,RG,6875,1,F,KZ,ZP,F
10:49:36,INDF,RG,6850,22,D,YP,DX,F
10:49:24,INDF,RG,6875,1,F,KZ,ZP,F
10:49:23,INDF,RG,6850,13,D,YP,BK,F
10:49:14,INDF,RG,6875,4,F,KZ,ZP,F
10:49:12,INDF,RG,6850,54,D,YP,CS,F
10:49:11,INDF,RG,6875,1,F,KZ,ZP,F
10:49:10,INDF,RG,6850,20,D,YP,DX,F
10:49:03,INDF,RG,6875,3,F,KZ,ZP,F
10:49:02,INDF,RG,6850,28,D,YP,DX,F
10:48:32,INDF,RG,6875,1,F,KZ,ZP,F
10:48:30,INDF,RG,6850,18,D,YP,DX,F
10:48:02,INDF,RG,6875,23,F,KZ,ZP,F
10:48:01,INDF,RG,6850,300,D,YP,PC,D
10:48:00,INDF,RG,6875,2,F,KZ,ZP,F
10:47:59,INDF,RG,6850,28,D,YP,DX,F
10:47:46,INDF,RG,6875,1,F,KZ,ZP,F
10:47:45,INDF,RG,6875,15,D,EP,ZP,F
10:47:39,INDF,RG,6875,2,D,XC,ZP,F
10:47:33,INDF,RG,6875,2,F,KZ,ZP,F
10:47:32,INDF,RG,6850,22,D,YP,DX,F
10:47:12,INDF,RG,6875,6,D,YP,ZP,F
10:47:06,INDF,RG,6875,1,F,KZ,ZP,F
10:47:05,INDF,RG,6850,11,D,YP,DX,F
10:46:52,INDF,RG,6875,2,F,KZ,ZP,F
10:46:51,INDF,RG,6875,2,F,KZ,ZP,F
10:46:50,INDF,RG,6850,57,D,YP,CS,F
10:46:49,INDF,RG,6875,1,F,KZ,ZP,F
10:46:48,INDF,RG,6850,9,D,YP,DX,F
10:46:32,INDF,RG,6875,2,F,KZ,ZP,F
10:46:30,INDF,RG,6850,26,D,YP,DX,F
10:46:16,INDF,RG,6875,1,F,KZ,ZP,F
10:46:15,INDF,RG,6875,15,D,XC,ZP,F
10:46:06,INDF,RG,6875,1,F,KZ,ZP,F
10:46:05,INDF,RG,6850,18,D,YP,DX,F
10:45:37,INDF,RG,6875,2,F,KZ,ZP,F
10:45:36,INDF,RG,6850,22,D,YP,DX,F
10:45:15,INDF,RG,6875,3,D,CC,ZP,F
10:45:11,INDF,RG,6875,2,F,KZ,ZP,F
10:45:10,INDF,RG,6850,22,D,YP,DX,F
10:44:52,INDF,RG,6875,1,D,BQ,ZP,F
10:44:41,INDF,RG,6875,1,F,KZ,ZP,F
10:44:37,INDF,RG,6875,1,F,KZ,ZP,F
10:44:36,INDF,RG,6850,28,D,YP,DX,F
10:44:22,INDF,RG,6875,5,F,KZ,ZP,F
10:44:21,INDF,RG,6850,64,D,YP,CS,F
10:44:02,INDF,RG,6875,2,F,KZ,ZP,F
10:44:01,INDF,RG,6850,28,D,YP,DX,F
10:43:36,INDF,RG,6875,4,D,XL,ZP,F
10:43:30,INDF,RG,6875,1,F,KZ,ZP,F
10:43:29,INDF,RG,6850,14,D,YP,DX,F
10:43:27,INDF,RG,6875,1,D,YP,ZP,F
10:43:26,INDF,RG,6875,2,D,XC,ZP,F
10:43:20,INDF,RG,6875,1,F,KZ,ZP,F
10:43:19,INDF,RG,6850,8,D,YP,PD,D
10:43:09,INDF,RG,6875,3,F,KZ,ZP,F
10:43:08,INDF,RG,6875,25,F,YP,ZP,F
10:43:08,INDF,RG,6875,1,D,PD,ZP,F
10:43:03,INDF,RG,6850,13,D,YP,DX,F
10:42:58,INDF,RG,6875,2,D,BQ,ZP,F
10:42:52,INDF,RG,6875,12,F,KZ,ZP,F
10:42:51,INDF,RG,6850,160,D,YP,YB,D
10:42:40,INDF,RG,6875,1,D,YP,ZP,F
10:42:31,INDF,RG,6875,1,F,KZ,ZP,F
10:42:29,INDF,RG,6850,5,D,YP,BK,F
10:42:29,INDF,RG,6850,5,D,CC,BK,F
10:42:29,INDF,RG,6850,5,D,PD,BK,F
10:42:24,INDF,RG,6875,22,F,KZ,ZP,F
10:42:23,INDF,RG,6850,4,D,OD,YB,D
10:42:23,INDF,RG,6850,3,D,KK,YB,D
10:42:23,INDF,RG,6850,4,F,KZ,YB,D
10:42:23,INDF,RG,6850,100,D,CC,YB,D
10:42:23,INDF,RG,6850,5,D,CC,YB,D
10:42:23,INDF,RG,6850,1,D,PD,YB,D
10:42:23,INDF,RG,6850,1,D,XL,YB,D
10:42:23,INDF,RG,6850,100,D,PD,YB,D
10:42:23,INDF,RG,6850,72,F,KZ,YB,D
10:42:19,INDF,RG,6875,1,D,XC,ZP,F
10:42:16,INDF,RG,6875,1,F,KZ,ZP,F
10:42:15,INDF,RG,6850,3,F,KZ,PD,D
10:41:57,INDF,RG,6875,17,F,KZ,ZP,F
10:41:56,INDF,RG,6850,85,F,KZ,YB,D
10:41:56,INDF,RG,6850,1,D,YP,YB,D
10:41:56,INDF,RG,6850,149,F,RX,YB,D
10:41:51,INDF,RG,6875,1,F,KZ,ZP,F
10:41:50,INDF,RG,6875,4,D,KK,ZP,F
10:41:36,INDF,RG,6900,10,F,KZ,ZP,F
10:41:35,INDF,RG,6875,1,F,KZ,DX,F
10:41:35,INDF,RG,6875,1,F,KZ,ZP,F
10:41:35,INDF,RG,6875,1,F,KZ,ZP,F
10:41:34,INDF,RG,6875,6,F,KZ,YB,D
10:41:34,INDF,RG,6875,46,F,KZ,YB,D
10:41:34,INDF,RG,6875,135,F,CS,YB,D
10:41:34,INDF,RG,6875,30,F,RX,YB,D
10:41:34,INDF,RG,6875,2,F,CC,YB,D
10:41:34,INDF,RG,6875,16,F,KZ,YB,D
10:41:33,INDF,RG,6875,30,F,KZ,AZ,D
10:41:32,INDF,RG,6900,4,F,KZ,ZP,F
10:41:31,INDF,RG,6875,50,F,KZ,YP,D
10:41:31,INDF,RG,6900,1,F,KZ,ZP,F
10:41:30,INDF,RG,6900,81,F,KZ,ZP,F
10:41:29,INDF,RG,6875,11,F,KZ,CS,F
10:41:29,INDF,RG,6875,54,F,KZ,MG,D
10:41:29,INDF,RG,6875,62,F,RX,MG,D
10:41:29,INDF,RG,6875,1,D,XC,MG,D
10:41:29,INDF,RG,6875,50,D,YP,MG,D
10:41:29,INDF,RG,6875,2,D,PD,MG,D
10:41:29,INDF,RG,6875,169,F,KZ,MG,D
10:41:29,INDF,RG,6875,10,F,KZ,MG,D
10:41:29,INDF,RG,6875,110,D,HP,MG,D
10:41:29,INDF,RG,6875,108,F,RX,MG,D
10:41:29,INDF,RG,6875,137,D,EP,MG,D
10:41:28,INDF,RG,6875,113,D,EP,OD,D
10:41:28,INDF,RG,6875,1,F,AK,OD,D
10:41:28,INDF,RG,6875,22,F,ZP,OD,D
10:41:28,INDF,RG,6875,20,D,YP,OD,D
10:41:28,INDF,RG,6875,1,D,XC,OD,D
10:41:28,INDF,RG,6875,8,F,CC,OD,D
10:41:28,INDF,RG,6875,335,F,CS,OD,D
10:41:22,INDF,RG,6875,232,F,CS,YB,D
10:41:22,INDF,RG,6875,1,D,PD,YB,D
10:41:22,INDF,RG,6875,47,F,KZ,YB,D
10:41:22,INDF,RG,6875,1,D,XL,YB,D
10:41:22,INDF,RG,6875,209,F,RX,YB,D
10:41:22,INDF,RG,6875,162,F,KZ,YB,D
10:41:22,INDF,RG,6875,20,D,NI,YB,D
10:41:22,INDF,RG,6875,1,D,PD,YB,D
10:41:22,INDF,RG,6875,1,F,CS,YB,D
10:41:22,INDF,RG,6875,70,F,KZ,YB,D
10:41:22,INDF,RG,6875,136,F,KZ,YB,D
10:41:22,INDF,RG,6875,1,D,XL,YB,D
10:41:22,INDF,RG,6875,1,D,XC,YB,D
10:41:22,INDF,RG,6875,1,D,KK,YB,D
10:41:22,INDF,RG,6875,1,D,AZ,YB,D
10:41:22,INDF,RG,6875,1,D,HP,YB,D
10:41:22,INDF,RG,6900,1,F,KZ,ZP,F
10:41:21,INDF,RG,6875,4,D,HP,PD,D
10:41:04,INDF,RG,6900,4,D,AT,ZP,F
10:41:00,INDF,RG,6900,2,F,KZ,ZP,F
10:40:59,INDF,RG,6900,20,D,PD,ZP,F
10:40:30,INDF,RG,6900,5,F,KZ,ZP,F
10:40:29,INDF,RG,6900,72,D,YP,ZP,F
10:40:00,INDF,RG,6900,8,F,KZ,ZP,F
10:39:59,INDF,RG,6900,100,D,YP,ZP,F
10:39:55,INDF,RG,6900,1,F,KZ,ZP,F
10:39:54,INDF,RG,6875,15,D,HP,BK,F
10:39:14,INDF,RG,6900,3,F,KZ,ZP,F
10:39:13,INDF,RG,6875,50,D,HP,YP,D
10:38:58,INDF,RG,6900,28,F,KZ,ZP,F
10:38:58,INDF,RG,6900,33,F,KZ,CS,F
10:38:57,INDF,RG,6875,30,D,HP,PC,D
10:38:57,INDF,RG,6875,1,D,PD,PC,D
10:38:57,INDF,RG,6875,2,D,AZ,PC,D
10:38:57,INDF,RG,6875,1,D,XL,PC,D
10:38:57,INDF,RG,6875,1,D,PD,PC,D
10:38:57,INDF,RG,6875,15,D,XA,PC,D
10:38:57,INDF,RG,6875,20,D,ZP,PC,D
10:38:57,INDF,RG,6875,2,D,YJ,PC,D
10:38:57,INDF,RG,6875,50,F,YP,PC,D
10:38:57,INDF,RG,6875,1,D,PD,PC,D
10:38:57,INDF,RG,6875,2,D,KK,PC,D
10:38:57,INDF,RG,6875,1,D,XL,PC,D
10:38:57,INDF,RG,6875,35,D,DH,PC,D
10:38:57,INDF,RG,6875,15,D,CC,PC,D
10:38:57,INDF,RG,6875,1,D,NI,PC,D
10:38:57,INDF,RG,6875,160,F,KZ,PC,D
10:38:57,INDF,RG,6875,1,D,XL,PC,D
10:38:57,INDF,RG,6875,157,F,KZ,PC,D
10:38:57,INDF,RG,6875,2,D,XL,PC,D
10:38:57,INDF,RG,6875,108,D,YU,PC,D
10:38:57,INDF,RG,6875,1,D,XC,PC,D
10:38:57,INDF,RG,6875,1,D,PD,PC,D
10:38:57,INDF,RG,6875,3,D,PD,PC,D
10:38:57,INDF,RG,6875,1,D,AZ,PC,D
10:38:57,INDF,RG,6875,1,D,YP,PC,D
10:38:57,INDF,RG,6875,40,D,SQ,PC,D
10:38:57,INDF,RG,6875,1,D,YP,PC,D
10:38:57,INDF,RG,6875,1,D,NI,PC,D
10:38:57,INDF,RG,6875,1,D,XC,PC,D
10:38:57,INDF,RG,6875,5,D,XL,PC,D
10:38:57,INDF,RG,6875,5,D,NI,PC,D
10:38:57,INDF,RG,6875,4,D,XC,PC,D
10:38:57,INDF,RG,6875,25,D,GR,PC,D
10:38:57,INDF,RG,6875,1,D,PD,PC,D
10:38:57,INDF,RG,6875,1,D,PD,PC,D
10:38:57,INDF,RG,6875,104,F,CS,PC,D
10:38:47,INDF,RG,6900,15,F,KZ,CS,F
10:38:46,INDF,RG,6875,57,F,CS,PC,F
10:38:46,INDF,RG,6875,15,D,XC,PC,F
10:38:46,INDF,RG,6875,5,D,NI,PC,F
10:38:46,INDF,RG,6875,100,D,CC,PC,F
10:38:46,INDF,RG,6875,10,D,CC,PC,F
10:38:46,INDF,RG,6875,10,D,PD,PC,F
10:38:46,INDF,RG,6875,2,D,PD,PC,F
10:38:46,INDF,RG,6875,1,D,PD,PC,F
10:38:34,INDF,RG,6900,15,F,KZ,CS,F
10:38:33,INDF,RG,6875,1,D,XC,PC,D
10:38:33,INDF,RG,6875,2,D,EP,PC,D
10:38:33,INDF,RG,6875,20,D,NI,PC,D
10:38:33,INDF,RG,6875,1,D,PD,PC,D
10:38:33,INDF,RG,6875,20,D,CC,PC,D
10:38:33,INDF,RG,6875,1,D,XC,PC,D
10:38:33,INDF,RG,6875,100,D,CC,PC,D
10:38:33,INDF,RG,6875,2,D,NI,PC,D
10:38:33,INDF,RG,6875,37,D,YP,PC,D
10:38:33,INDF,RG,6875,1,D,PD,PC,D
10:38:33,INDF,RG,6875,1,D,XL,PC,D
10:38:33,INDF,RG,6875,14,D,DR,PC,D
10:38:23,INDF,RG,6900,7,F,KZ,CS,F
10:38:23,INDF,RG,6900,8,F,KZ,AK,F
10:38:22,INDF,RG,6875,66,D,DR,PC,D
10:38:22,INDF,RG,6875,1,D,XC,PC,D
10:38:22,INDF,RG,6875,5,D,NI,PC,D
10:38:22,INDF,RG,6875,7,D,NI,PC,D
10:38:22,INDF,RG,6875,121,F,CS,PC,D
10:38:14,INDF,RG,6875,8,F,CS,PD,D
10:38:13,INDF,RG,6875,1,F,CS,YP,D
10:38:01,INDF,RG,6900,16,F,KZ,AK,F
10:38:00,INDF,RG,6875,19,F,CS,PC,D
10:38:00,INDF,RG,6875,40,D,YJ,PC,D
10:38:00,INDF,RG,6875,11,D,XC,PC,D
10:38:00,INDF,RG,6875,1,D,GR,PC,D
10:38:00,INDF,RG,6875,2,D,CC,PC,D
10:38:00,INDF,RG,6875,10,D,NI,PC,D
10:38:00,INDF,RG,6875,10,D,DH,PC,D
10:38:00,INDF,RG,6875,2,D,PD,PC,D
10:38:00,INDF,RG,6875,1,D,PD,PC,D
10:38:00,INDF,RG,6875,40,D,SQ,PC,D
10:38:00,INDF,RG,6875,5,D,NI,PC,D
10:38:00,INDF,RG,6875,20,D,SQ,PC,D
10:38:00,INDF,RG,6875,39,F,CS,PC,D
10:37:55,INDF,RG,6875,46,F,CS,CS,F
10:37:54,INDF,RG,6900,1,F,KZ,AK,F
10:37:52,INDF,RG,6875,15,F,CS,AZ,D
10:37:46,INDF,RG,6900,75,F,KZ,AK,F
10:37:45,INDF,RG,6875,26,F,CS,PC,D
10:37:45,INDF,RG,6875,100,D,OD,PC,D
10:37:45,INDF,RG,6875,10,D,DH,PC,D
10:37:45,INDF,RG,6875,1,D,XL,PC,D
10:37:45,INDF,RG,6875,75,D,OD,PC,D
10:37:45,INDF,RG,6875,5,D,DH,PC,D
10:37:45,INDF,RG,6875,1,D,YP,PC,D
10:37:45,INDF,RG,6875,100,D,PD,PC,D
10:37:45,INDF,RG,6875,10,D,NI,PC,D
10:37:45,INDF,RG,6875,1,D,XC,PC,D
10:37:45,INDF,RG,6875,20,D,PD,PC,D
10:37:45,INDF,RG,6875,2,D,PD,PC,D
10:37:45,INDF,RG,6875,1,D,KK,PC,D
10:37:45,INDF,RG,6875,10,D,EP,PC,D
10:37:45,INDF,RG,6875,5,D,YP,PC,D
10:37:45,INDF,RG,6875,61,F,RX,PC,D
10:37:45,INDF,RG,6875,5,D,XL,PC,D
10:37:45,INDF,RG,6875,5,D,YP,PC,D
10:37:45,INDF,RG,6875,2,D,YP,PC,D
10:37:45,INDF,RG,6875,2,D,XL,PC,D
10:37:45,INDF,RG,6875,50,F,KZ,PC,D
10:37:45,INDF,RG,6875,10,D,NI,PC,D
10:37:45,INDF,RG,6875,2,D,YP,PC,D
10:37:45,INDF,RG,6875,49,F,RX,PC,D
10:37:45,INDF,RG,6875,10,D,DH,PC,D
10:37:45,INDF,RG,6875,1,D,PD,PC,D
10:37:45,INDF,RG,6875,2,D,XC,PC,D
10:37:45,INDF,RG,6875,10,D,LG,PC,D
10:37:45,INDF,RG,6875,5,D,YB,PC,D
10:37:45,INDF,RG,6875,5,D,CC,PC,D
10:37:45,INDF,RG,6875,1,D,XC,PC,D
10:37:45,INDF,RG,6875,1,D,PD,PC,D
10:37:45,INDF,RG,6875,74,F,RX,PC,D
10:37:45,INDF,RG,6875,280,F,KZ,PC,D
10:37:45,INDF,RG,6875,58,D,YB,PC,D
10:37:37,INDF,RG,6900,3,D,DH,AK,F
10:37:33,INDF,RG,6900,1,F,KZ,AK,F
10:37:32,INDF,RG,6875,14,D,YB,BK,F
10:37:30,INDF,RG,6900,2,F,KZ,AK,F
10:37:29,INDF,RG,6875,18,D,YB,BK,F
10:37:14,INDF,RG,6875,1,D,YB,XC,D
10:36:22,INDF,RG,6875,1,D,YB,XC,D
10:36:07,INDF,RG,6875,4,D,YB,PD,D
10:35:55,INDF,RG,6900,146,F,KZ,BK,F
10:35:55,INDF,RG,6875,19,D,YB,CS,F
10:35:55,INDF,RG,6900,10,D,NI,BK,F
10:35:55,INDF,RG,6900,14,F,CC,BK,F
10:35:55,INDF,RG,6900,5,D,DH,BK,F
10:35:55,INDF,RG,6900,1,D,YP,BK,F
10:35:55,INDF,RG,6900,1,F,AK,BK,F
10:35:55,INDF,RG,6900,14,D,KK,BK,F
10:35:55,INDF,RG,6900,18,D,CC,BK,F
10:35:55,INDF,RG,6900,2,D,YB,BK,F
10:35:55,INDF,RG,6900,10,D,GR,BK,F
10:35:55,INDF,RG,6900,50,D,YJ,BK,F
10:35:55,INDF,RG,6900,294,F,KZ,BK,F
10:35:55,INDF,RG,6900,1,F,CC,BK,F
10:35:55,INDF,RG,6900,2,D,AT,BK,F
10:35:55,INDF,RG,6900,10,D,CC,BK,F
10:35:55,INDF,RG,6900,1,D,PD,BK,F
10:35:55,INDF,RG,6900,10,D,LG,BK,F
10:35:55,INDF,RG,6900,3,D,EP,BK,F
10:35:55,INDF,RG,6900,2,F,CC,BK,F
10:35:55,INDF,RG,6900,7,F,CC,BK,F
10:35:55,INDF,RG,6900,10,D,DH,BK,F
10:35:55,INDF,RG,6900,1,D,YP,BK,F
10:35:55,INDF,RG,6900,100,D,HP,BK,F
10:35:55,INDF,RG,6900,1,D,KK,BK,F
10:35:55,INDF,RG,6900,3,D,PD,BK,F
10:35:55,INDF,RG,6900,178,F,RX,BK,F
10:35:55,INDF,RG,6900,175,D,SQ,BK,F
10:35:55,INDF,RG,6900,283,D,SQ,BK,F
10:35:55,INDF,RG,6900,120,D,PD,BK,F
10:35:55,INDF,RG,6900,137,F,CS,BK,F
10:35:55,INDF,RG,6900,1,F,CC,BK,F
10:35:55,INDF,RG,6900,1,D,PD,BK,F
10:35:55,INDF,RG,6900,2,F,CC,BK,F
10:35:55,INDF,RG,6900,110,D,PD,BK,F
10:35:55,INDF,RG,6900,1,D,XC,BK,F
10:35:55,INDF,RG,6900,6,D,XA,BK,F
10:35:55,INDF,RG,6900,10,F,CC,BK,F
10:35:55,INDF,RG,6900,5,D,XL,BK,F
10:35:55,INDF,RG,6900,10,D,PD,BK,F
10:35:55,INDF,RG,6900,1,D,PD,BK,F
10:35:55,INDF,RG,6900,2,D,YJ,BK,F
10:35:55,INDF,RG,6900,2,D,YP,BK,F
10:35:55,INDF,RG,6900,50,F,YP,BK,F
10:35:55,INDF,RG,6900,60,D,YJ,BK,F
10:35:55,INDF,RG,6900,10,D,PD,BK,F
10:35:55,INDF,RG,6900,22,F,ZP,BK,F
10:35:55,INDF,RG,6900,1,D,PD,BK,F
10:35:55,INDF,RG,6900,4,F,CC,BK,F
10:35:55,INDF,RG,6900,162,F,KZ,BK,F
10:35:54,INDF,RG,6900,11,F,KZ,ZP,F
10:35:54,INDF,RG,6900,16,F,KZ,ZP,F
10:35:54,INDF,RG,6900,1,D,YP,ZP,F
10:35:54,INDF,RG,6900,1,D,PD,ZP,F
10:35:54,INDF,RG,6900,10,D,KK,ZP,F
10:35:54,INDF,RG,6900,7,D,NI,ZP,F
10:35:54,INDF,RG,6900,3,D,PD,ZP,F
10:35:54,INDF,RG,6900,1,F,CS,ZP,F
10:35:54,INDF,RG,6900,13,D,OD,ZP,F
10:35:54,INDF,RG,6900,87,D,OD,CC,D
10:35:54,INDF,RG,6900,1,F,CS,CC,D
10:35:54,INDF,RG,6900,10,D,YP,CC,D
10:35:54,INDF,RG,6900,1,F,CS,CC,D
10:35:54,INDF,RG,6900,2,D,KK,CC,D
10:35:54,INDF,RG,6900,1,F,CS,CC,D
10:35:54,INDF,RG,6900,5,F,CC,CC,D
10:35:54,INDF,RG,6900,5,D,PD,CC,D
10:35:54,INDF,RG,6900,5,D,XC,CC,D
10:35:54,INDF,RG,6900,1,F,CS,CC,D
10:35:54,INDF,RG,6900,1,D,XC,CC,D
10:35:54,INDF,RG,6900,145,F,CS,CC,D
10:35:54,INDF,RG,6900,48,F,CC,CC,D
10:35:54,INDF,RG,6900,46,F,KZ,CC,D
10:35:45,INDF,RG,6900,65,F,KZ,ZP,F
10:35:43,INDF,RG,6900,64,F,KZ,AK,F
10:35:43,INDF,RG,6900,303,F,RX,AK,F
10:35:06,INDF,RG,6900,10,F,RX,ZP,F
10:35:04,INDF,RG,6900,43,F,RX,CS,F
10:35:04,INDF,RG,6900,1,F,AK,CS,F
10:35:04,INDF,RG,6900,1,F,AK,CS,F
10:35:04,INDF,RG,6900,13,D,DH,CS,F
10:34:14,INDF,RG,6900,9,D,DH,ZP,F
10:34:13,INDF,RG,6925,50,F,RX,OD,D
10:34:12,INDF,RG,6900,27,D,DH,ZP,F
10:34:11,INDF,RG,6925,122,D,AT,OD,D
10:34:11,INDF,RG,6925,1,D,AT,XL,D
10:34:11,INDF,RG,6925,18,D,AT,BK,F
10:34:11,INDF,RG,6925,9,D,AT,XA,D
10:33:44,INDF,RG,6925,1,F,CS,XA,D
10:33:44,INDF,RG,6925,1,F,CS,PD,D
10:33:44,INDF,RG,6925,1,F,CS,ZP,F
10:33:09,INDF,RG,6900,1,D,DH,ZP,F
10:33:08,INDF,RG,6900,9,D,DH,PD,D
10:32:59,INDF,RG,6900,3,D,DH,ZP,F
10:32:58,INDF,RG,6900,14,D,DH,BK,F
10:32:50,INDF,RG,6900,2,D,DH,ZP,F
10:32:49,INDF,RG,6900,1,D,DH,SQ,D
10:32:49,INDF,RG,6925,10,D,PD,ZP,F
10:32:32,INDF,RG,6900,10,D,DH,ZP,F
10:32:31,INDF,RG,6900,22,D,DH,CS,F
10:32:31,INDF,RG,6900,34,F,KZ,CS,F
10:32:12,INDF,RG,6925,1,F,AK,ZP,F
10:31:32,INDF,RG,6900,2,F,KZ,ZP,F
10:31:31,INDF,RG,6925,10,D,CC,ZP,F
10:31:08,INDF,RG,6900,4,F,KZ,PD,D
10:30:57,INDF,RG,6925,1,D,NI,ZP,F
10:30:26,INDF,RG,6900,3,F,KZ,ZP,F
10:30:25,INDF,RG,6900,13,F,KZ,BK,F
10:30:03,INDF,RG,6900,10,F,KZ,ZP,F
10:30:02,INDF,RG,6900,59,F,KZ,CS,F
10:29:10,INDF,RG,6900,1,F,KZ,SQ,D
10:28:53,INDF,RG,6900,3,F,KZ,ZP,F
10:28:52,INDF,RG,6925,16,D,XL,ZP,F
10:28:15,INDF,RG,6900,2,F,KZ,ZP,F
10:28:14,INDF,RG,6900,8,F,KZ,PD,D
10:28:04,INDF,RG,6900,1,F,KZ,SQ,D
10:27:58,INDF,RG,6900,2,F,KZ,XL,D
10:27:51,INDF,RG,6900,1,F,KZ,XC,D
10:27:50,INDF,RG,6900,2,F,KZ,ZP,F
10:27:48,INDF,RG,6900,10,F,KZ,EP,D
10:27:26,INDF,RG,6900,99,F,KZ,ZP,F
10:27:25,INDF,RG,6900,60,F,KZ,CS,F
10:27:24,INDF,RG,6900,8,F,KZ,OD,D
10:27:24,INDF,RG,6900,1,D,YP,OD,D
10:27:24,INDF,RG,6900,491,D,CP,OD,D
10:26:41,INDF,RG,6900,2,D,CP,ZP,F
10:26:39,INDF,RG,6900,13,D,CP,BK,F
10:26:35,INDF,RG,6900,3,D,CP,ZP,F
10:26:33,INDF,RG,6900,15,D,CP,OD,D
10:26:20,INDF,RG,6900,1,D,CP,ZP,F
10:26:18,INDF,RG,6900,4,D,CP,PD,D
10:26:10,INDF,RG,6925,1,D,XC,ZP,F
10:25:44,INDF,RG,6925,1,D,PD,ZP,F
10:25:05,INDF,RG,6900,2,D,CP,CC,D
10:24:48,INDF,RG,6900,9,D,CP,ZP,F
10:24:47,INDF,RG,6900,57,D,CP,CS,F
10:24:42,INDF,RG,6925,1,F,AK,ZP,F
10:24:41,INDF,RG,6900,3,D,CP,BK,F
10:24:41,INDF,RG,6900,10,D,XL,BK,F
10:24:07,INDF,RG,6925,15,D,YP,ZP,F
10:23:12,INDF,RG,6900,8,D,YU,PD,D
10:23:06,INDF,RG,6925,4,D,EP,ZP,F
10:22:23,INDF,RG,6925,5,D,YP,ZP,F
10:22:15,INDF,RG,6900,61,F,BK,CS,F
10:21:11,INDF,RG,6925,5,D,NI,ZP,F
10:21:09,INDF,RG,6900,5,F,BK,PD,D
10:21:06,INDF,RG,6925,1,D,CC,ZP,F
10:20:30,INDF,RG,6925,1,D,XL,ZP,F
10:20:24,INDF,RG,6900,15,F,BK,BK,F
10:19:35,INDF,RG,6900,65,F,BK,CS,F
10:19:15,INDF,RG,6925,2,D,YJ,ZP,F
10:18:32,INDF,RG,6900,13,F,BK,BK,F
10:18:10,INDF,RG,6900,8,F,BK,PD,D
10:17:27,INDF,RG,6925,1,F,AK,ZP,F
10:17:16,INDF,RG,6925,45,F,CC,ZP,F
10:17:08,INDF,RG,6925,2,D,XC,ZP,F
10:17:03,INDF,RG,6925,1,D,BQ,ZP,F
10:17:00,INDF,RG,6925,1,D,PD,ZP,F
10:16:49,INDF,RG,6900,25,F,BK,OD,D
10:16:41,INDF,RG,6900,68,F,BK,CS,F
10:16:25,INDF,RG,6900,4,F,BK,PD,D
10:15:27,INDF,RG,6925,2,D,BQ,ZP,F
10:15:02,INDF,RG,6900,14,F,BK,BK,F
10:14:56,INDF,RG,6900,7,F,BK,PD,D
10:14:56,INDF,RG,6900,192,F,RX,PD,D
10:14:56,INDF,RG,6900,1,F,KZ,PD,D
10:13:41,INDF,RG,6900,42,F,KZ,CS,F
10:13:41,INDF,RG,6900,22,F,ZP,CS,F
10:13:41,INDF,RG,6900,1,F,CS,CS,F
10:13:41,INDF,RG,6900,11,F,KZ,CS,F
10:13:23,INDF,RG,6925,18,F,BK,ZP,F
10:13:22,INDF,RG,6900,2,F,KZ,PD,D
10:13:22,INDF,RG,6900,6,F,KZ,PD,D
10:13:12,INDF,RG,6925,1,F,AK,ZP,F
10:12:49,INDF,RG,6925,2,D,YP,ZP,F
10:12:49,INDF,RG,6925,5,D,AZ,ZP,F
10:11:28,INDF,RG,6925,1,D,PD,ZP,F
10:11:21,INDF,RG,6900,13,F,KZ,BK,F
10:11:09,INDF,RG,6900,4,F,KZ,PD,D
10:10:28,INDF,RG,6925,1,D,XC,ZP,F
10:10:22,INDF,RG,6900,77,F,KZ,CS,F
10:10:11,INDF,RG,6925,22,F,BK,ZP,F
10:10:10,INDF,RG,6925,7,D,SQ,ZP,F
10:09:41,INDF,RG,6925,3,D,CC,ZP,F
10:09:40,INDF,RG,6925,1,D,YP,ZP,F
10:08:27,INDF,RG,6925,1,F,AK,ZP,F
10:08:09,INDF,RG,6900,9,F,KZ,PD,D
10:06:06,INDF,RG,6900,4,F,KZ,PD,D
10:05:55,INDF,RG,6925,22,F,BK,ZP,F
10:05:51,INDF,RG,6925,89,F,BK,ZP,F
10:05:47,INDF,RG,6900,77,F,KZ,ZP,F
10:05:47,INDF,RG,6900,5,F,KZ,YP,D
10:05:47,INDF,RG,6900,21,F,KZ,ZP,F
10:05:47,INDF,RG,6900,36,F,KZ,ZP,F
10:05:47,INDF,RG,6900,144,F,KZ,DX,F
10:05:47,INDF,RG,6900,5,F,KZ,DX,F
10:05:47,INDF,RG,6900,14,F,KZ,BK,F
10:05:47,INDF,RG,6900,24,F,KZ,ZP,F
10:05:47,INDF,RG,6900,1,F,KZ,PD,D
10:05:47,INDF,RG,6900,144,F,KZ,ZP,F
10:05:47,INDF,RG,6900,24,F,KZ,DX,F
10:05:47,INDF,RG,6900,35,F,BK,DX,F
10:05:47,INDF,RG,6900,24,F,RX,DX,F
10:05:45,INDF,RG,6900,15,F,KZ,DX,F
10:05:44,INDF,RG,6900,32,D,YU,DX,F
10:05:44,INDF,RG,6900,24,D,YU,ZP,F
10:05:44,INDF,RG,6900,90,D,YU,AK,F
10:05:44,INDF,RG,6900,17,D,YU,BK,F
10:05:44,INDF,RG,6900,37,D,YU,ZP,F
10:05:19,INDF,RG,6900,1,F,KZ,ZP,F
10:05:19,INDF,RG,6900,2,D,CC,DX,F
10:04:50,INDF,RG,6900,1,F,KZ,DX,F
10:04:49,INDF,RG,6900,15,F,RX,DX,F
10:04:45,INDF,RG,6900,2,F,KZ,DX,F
10:04:45,INDF,RG,6900,28,F,BK,DX,F
10:04:44,INDF,RG,6900,7,F,KZ,DX,F
10:04:44,INDF,RG,6900,68,D,CC,DX,F
10:04:44,INDF,RG,6900,19,D,CC,ZP,F
10:04:44,INDF,RG,6900,13,D,CC,CS,F
10:04:35,INDF,RG,6900,1,D,PD,CS,F
10:04:18,INDF,RG,6900,1,F,RX,CS,F
10:04:16,INDF,RG,6900,1,F,KZ,CS,F
10:04:15,INDF,RG,6900,1,F,RX,CS,F
10:04:14,INDF,RG,6900,10,D,YJ,CS,F
10:04:09,INDF,RG,6900,1,F,KZ,CS,F
10:04:09,INDF,RG,6900,1,D,AT,CS,F
10:04:09,INDF,RG,6900,1,D,AT,ZP,F
10:04:09,INDF,RG,6900,1,F,RX,ZP,F
10:04:08,INDF,RG,6900,10,D,KK,ZP,F
10:04:03,INDF,RG,6900,2,F,KZ,ZP,F
10:04:03,INDF,RG,6900,4,F,RX,ZP,F
10:04:03,INDF,RG,6900,13,F,BK,ZP,F
10:04:02,INDF,RG,6900,1,F,KZ,ZP,F
10:04:02,INDF,RG,6900,17,D,CC,ZP,F
10:04:02,INDF,RG,6900,3,D,CC,BK,F
10:03:31,INDF,RG,6900,1,D,PD,BK,F
10:03:29,INDF,RG,6900,1,F,KZ,BK,F
10:03:28,INDF,RG,6900,11,F,RX,BK,F
10:03:28,INDF,RG,6900,1,F,RX,ZP,F
10:03:28,INDF,RG,6900,2,D,YP,ZP,F
10:03:13,INDF,RG,6900,1,D,XL,ZP,F
10:03:07,INDF,RG,6900,1,F,KZ,ZP,F
10:03:06,INDF,RG,6875,8,D,YB,PD,D
10:03:03,INDF,RG,6900,2,F,KZ,ZP,F
10:03:02,INDF,RG,6900,30,D,YJ,ZP,F
10:02:46,INDF,RG,6900,2,F,KZ,ZP,F
10:02:45,INDF,RG,6900,26,F,BK,ZP,F
10:02:44,INDF,RG,6900,8,F,KZ,ZP,F
10:02:44,INDF,RG,6900,30,D,OD,ZP,F
10:02:43,INDF,RG,6875,77,D,YB,NI,D
10:02:43,INDF,RG,6875,1,D,YP,NI,D
10:02:43,INDF,RG,6875,2,F,BK,NI,D
10:02:33,INDF,RG,6900,1,F,KZ,ZP,F
10:02:32,INDF,RG,6900,1,F,KZ,ZP,F
10:02:32,INDF,RG,6900,7,F,RX,ZP,F
10:02:31,INDF,RG,6900,14,F,BK,ZP,F
10:02:30,INDF,RG,6900,4,F,KZ,ZP,F
10:02:30,INDF,RG,6900,50,D,CC,ZP,F
10:02:30,INDF,RG,6900,1,F,RX,ZP,F
10:02:30,INDF,RG,6900,2,F,KZ,ZP,F
10:02:27,INDF,RG,6900,4,F,KZ,ZP,F
10:02:27,INDF,RG,6900,1,F,AK,ZP,F
10:02:22,INDF,RG,6900,2,F,RX,ZP,F
10:02:22,INDF,RG,6900,2,F,KZ,ZP,F
10:02:21,INDF,RG,6900,15,F,BK,ZP,F
10:02:19,INDF,RG,6900,2,F,RX,ZP,F
10:02:18,INDF,RG,6900,2,F,KZ,ZP,F
10:02:18,INDF,RG,6900,2,F,KZ,ZP,F
10:02:18,INDF,RG,6900,6,F,BK,ZP,F
10:02:18,INDF,RG,6900,7,F,BK,DX,F
10:02:18,INDF,RG,6900,3,F,KZ,DX,F
10:02:18,INDF,RG,6900,13,F,RX,DX,F
10:02:16,INDF,RG,6900,8,F,KZ,DX,F
10:02:16,INDF,RG,6900,91,F,KZ,DX,F
10:02:16,INDF,RG,6900,17,F,BK,DX,F
10:02:15,INDF,RG,6900,1,F,KZ,DX,F
10:02:15,INDF,RG,6900,15,F,RX,DX,F
10:02:14,INDF,RG,6900,10,F,KZ,DX,F
10:02:14,INDF,RG,6900,10,F,BK,DX,F
10:02:14,INDF,RG,6900,2,F,BK,CC,D
10:02:14,INDF,RG,6900,5,F,BK,CS,F
10:02:13,INDF,RG,6900,5,F,KZ,CS,F
10:02:13,INDF,RG,6900,39,D,XC,CS,F
10:02:13,INDF,RG,6900,61,D,XC,DX,F
10:02:09,INDF,RG,6900,1,D,DR,DX,F
10:02:00,INDF,RG,6900,2,F,RX,DX,F
10:01:58,INDF,RG,6900,1,F,KZ,DX,F
10:01:58,INDF,RG,6900,18,F,BK,DX,F
10:01:57,INDF,RG,6900,1,F,KZ,DX,F
10:01:57,INDF,RG,6900,14,F,RX,DX,F
10:01:55,INDF,RG,6900,7,F,KZ,DX,F
10:01:55,INDF,RG,6900,13,D,SQ,DX,F
10:01:55,INDF,RG,6900,5,D,SQ,ZP,F
10:01:55,INDF,RG,6900,39,D,SQ,CS,F
10:01:55,INDF,RG,6900,2,D,SQ,CC,F
10:01:55,INDF,RG,6900,1,D,SQ,PD,D
10:01:55,INDF,RG,6900,6,D,SQ,BK,F
10:01:55,INDF,RG,6900,24,D,SQ,ZP,F
10:01:51,INDF,RG,6900,1,F,KZ,ZP,F
10:01:50,INDF,RG,6900,3,F,BK,ZP,F
10:01:50,INDF,RG,6900,14,F,BK,DX,F
10:01:48,INDF,RG,6900,7,F,KZ,DX,F
10:01:47,INDF,RG,6875,89,F,BK,CS,F
10:01:32,INDF,RG,6900,1,D,PD,DX,F
10:01:21,INDF,RG,6875,4,F,BK,PD,D
10:00:30,INDF,RG,6900,1,F,RX,DX,F
10:00:29,INDF,RG,6900,1,F,KZ,DX,F
10:00:28,INDF,RG,6900,5,D,CC,DX,F
10:00:14,INDF,RG,6900,1,F,RX,DX,F
10:00:12,INDF,RG,6900,1,F,KZ,DX,F
10:00:11,INDF,RG,6900,9,D,XC,DX,F
10:00:04,INDF,RG,6900,1,F,RX,DX,F
10:00:01,INDF,RG,6900,5,D,PD,DX,F
10:00:00,INDF,RG,6900,5,D,YU,DX,F
09:59:57,INDF,RG,6900,3,F,KZ,DX,F
09:59:56,INDF,RG,6900,3,F,RX,DX,F
09:59:56,INDF,RG,6900,7,F,KZ,DX,F
09:59:56,INDF,RG,6900,20,D,YJ,DX,F
09:59:55,INDF,RG,6900,1,F,KZ,DX,F
09:59:54,INDF,RG,6900,3,F,RX,DX,F
09:59:54,INDF,RG,6900,2,F,KZ,DX,F
09:59:53,INDF,RG,6900,24,F,BK,DX,F
09:59:49,INDF,RG,6900,1,F,KZ,DX,F
09:59:49,INDF,RG,6900,6,F,RX,DX,F
09:59:49,INDF,RG,6900,3,F,KZ,DX,F
09:59:49,INDF,RG,6900,10,F,KZ,DX,F
09:59:48,INDF,RG,6900,8,F,BK,DX,F
09:59:48,INDF,RG,6900,18,F,BK,ZP,F
09:59:47,INDF,RG,6900,4,D,PD,ZP,F
09:59:47,INDF,RG,6900,1,F,KZ,ZP,F
09:59:46,INDF,RG,6900,1,F,KZ,ZP,F
09:59:46,INDF,RG,6900,8,F,KZ,ZP,F
09:59:46,INDF,RG,6900,12,F,RX,ZP,F
09:59:46,INDF,RG,6900,88,F,KZ,ZP,F
09:59:46,INDF,RG,6900,7,F,KZ,BK,F
09:59:46,INDF,RG,6900,6,D,YP,BK,F
09:59:45,INDF,RG,6900,1,F,KZ,BK,F
09:59:44,INDF,RG,6900,2,F,RX,BK,F
09:59:44,INDF,RG,6900,15,F,BK,AK,F
09:59:44,INDF,RG,6900,1,F,KZ,AK,F
09:59:43,INDF,RG,6900,4,F,KZ,AK,F
09:59:43,INDF,RG,6900,11,F,RX,AK,F
09:59:43,INDF,RG,6900,7,F,KZ,AK,F
09:59:42,INDF,RG,6900,63,D,YP,AK,F
09:59:42,INDF,RG,6900,29,D,YP,ZP,F
09:59:21,INDF,RG,6900,3,F,RX,ZP,F
09:59:19,INDF,RG,6900,1,F,KZ,ZP,F
09:59:19,INDF,RG,6900,1,D,YP,ZP,F
09:59:19,INDF,RG,6900,1,D,DH,ZP,F
09:59:14,INDF,RG,6900,1,F,KZ,ZP,F
09:59:13,INDF,RG,6900,14,F,BK,ZP,F
09:59:11,INDF,RG,6900,12,D,YP,ZP,F
09:59:07,INDF,RG,6900,1,F,KZ,ZP,F
09:59:06,INDF,RG,6875,4,F,BK,XC,D
09:58:35,INDF,RG,6875,4,F,BK,XC,D
09:58:17,INDF,RG,6900,1,F,KZ,ZP,F
09:58:16,INDF,RG,6875,8,F,BK,PD,D
09:57:57,INDF,RG,6900,1,F,RX,ZP,F
09:57:56,INDF,RG,6900,1,D,NI,ZP,F
09:57:56,INDF,RG,6900,2,D,XL,ZP,F
09:57:41,INDF,RG,6900,1,F,RX,ZP,F
09:57:40,INDF,RG,6900,1,F,KZ,ZP,F
09:57:40,INDF,RG,6900,14,F,BK,ZP,F
09:57:39,INDF,RG,6900,1,F,KZ,ZP,F
09:57:38,INDF,RG,6900,6,F,RX,ZP,F
09:57:37,INDF,RG,6900,1,D,XC,ZP,F
09:57:36,INDF,RG,6900,3,F,KZ,ZP,F
09:57:35,INDF,RG,6900,45,F,CC,ZP,F
09:57:13,INDF,RG,6900,2,D,CP,ZP,F
09:57:12,INDF,RG,6900,1,F,AK,ZP,F
09:57:07,INDF,RG,6875,1,F,BK,XC,D
09:56:34,INDF,RG,6900,1,D,NI,ZP,F
09:56:31,INDF,RG,6900,1,F,KZ,ZP,F
09:56:30,INDF,RG,6900,2,F,RX,ZP,F
09:56:30,INDF,RG,6900,1,F,KZ,ZP,F
09:56:30,INDF,RG,6900,13,F,BK,ZP,F
09:56:26,INDF,RG,6900,4,F,RX,ZP,F
09:56:25,INDF,RG,6900,2,F,KZ,ZP,F
09:56:25,INDF,RG,6900,20,F,BK,ZP,F
09:56:25,INDF,RG,6900,12,F,BK,ZP,F
09:56:25,INDF,RG,6900,1,D,XL,ZP,F
09:56:24,INDF,RG,6900,2,F,KZ,ZP,F
09:56:23,INDF,RG,6900,1,D,YP,ZP,F
09:56:23,INDF,RG,6900,19,F,RX,ZP,F
09:56:22,INDF,RG,6900,6,F,KZ,ZP,F
09:56:21,INDF,RG,6900,6,F,KZ,ZP,F
09:56:21,INDF,RG,6900,87,F,KZ,ZP,F
09:56:21,INDF,RG,6900,73,F,BK,ZP,F
09:56:20,INDF,RG,6900,1,F,RX,ZP,F
09:56:19,INDF,RG,6900,5,F,KZ,BK,F
09:56:19,INDF,RG,6900,4,F,KZ,BK,F
09:56:19,INDF,RG,6875,5,F,BK,PD,D
09:56:18,INDF,RG,6900,6,F,RX,BK,F
09:56:18,INDF,RG,6900,2,F,RX,XC,D
09:56:18,INDF,RG,6900,35,F,RX,SQ,D
09:56:18,INDF,RG,6900,15,F,KZ,SQ,D
09:56:18,INDF,RG,6900,12,F,KZ,ZP,F
09:56:18,INDF,RG,6900,13,F,KZ,ZP,F
09:56:18,INDF,RG,6900,45,F,KZ,DX,F
09:56:18,INDF,RG,6900,82,D,PD,DX,F
09:56:18,INDF,RG,6900,28,D,PD,CS,F
09:56:18,INDF,RG,6900,2,D,PD,XC,D
09:56:18,INDF,RG,6900,80,D,PD,YP,D
09:56:18,INDF,RG,6900,12,D,PD,BK,F
09:56:18,INDF,RG,6900,96,D,PD,DX,F
09:56:10,INDF,RG,6875,14,F,BK,BK,F
09:56:04,INDF,RG,6900,2,F,RX,DX,F
09:56:04,INDF,RG,6900,2,F,KZ,DX,F
09:56:03,INDF,RG,6900,14,D,GR,DX,F
09:56:03,INDF,RG,6900,4,D,GR,ZP,F
09:56:03,INDF,RG,6900,7,D,GR,CS,F
09:55:37,INDF,RG,6900,1,D,PD,CS,F
09:55:23,INDF,RG,6900,1,D,OD,CS,F
09:55:01,INDF,RG,6900,1,D,OD,CS,F
09:55:00,INDF,RG,6900,1,D,XC,CS,F
09:54:48,INDF,RG,6900,2,F,KZ,CS,F
09:54:47,INDF,RG,6900,11,D,CC,CS,F
09:54:47,INDF,RG,6900,9,D,CC,CS,F
09:54:43,INDF,RG,6900,1,D,OD,CS,F
09:54:31,INDF,RG,6900,1,F,KZ,CS,F
09:54:31,INDF,RG,6900,16,F,BK,CS,F
09:54:29,INDF,RG,6900,4,F,KZ,CS,F
09:54:28,INDF,RG,6900,34,D,CC,CS,F
09:54:28,INDF,RG,6900,10,D,CC,OD,D
09:54:28,INDF,RG,6900,6,D,CC,NI,D
09:53:42,INDF,RG,6900,1,D,PD,NI,D
09:53:37,INDF,RG,6875,5,F,BK,YP,D
09:53:25,INDF,RG,6900,2,F,KZ,ZP,F
09:53:24,INDF,RG,6900,19,F,BK,ZP,F
09:53:24,INDF,RG,6900,1,F,KZ,ZP,F
09:53:24,INDF,RG,6900,3,F,KZ,BK,F
09:53:24,INDF,RG,6900,11,F,KZ,BK,F
09:53:24,INDF,RG,6900,44,F,KZ,ZP,F
09:53:22,INDF,RG,6900,1,F,KZ,ZP,F
09:53:21,INDF,RG,6900,5,F,KZ,ZP,F
09:53:21,INDF,RG,6900,5,D,NI,ZP,F
09:53:18,INDF,RG,6875,1,F,BK,XL,D
09:53:10,INDF,RG,6900,10,D,SQ,ZP,F
09:52:58,INDF,RG,6900,1,F,KZ,ZP,F
09:52:58,INDF,RG,6900,5,D,EP,ZP,F
09:52:57,INDF,RG,6900,1,F,AK,ZP,F
09:52:53,INDF,RG,6900,1,D,PD,ZP,F
09:52:43,INDF,RG,6900,2,F,KZ,ZP,F
09:52:43,INDF,RG,6900,2,F,BK,ZP,F
09:52:43,INDF,RG,6900,24,F,BK,DX,F
09:52:42,INDF,RG,6900,7,F,KZ,DX,F
09:52:41,INDF,RG,6875,96,F,BK,CS,F
09:52:14,INDF,RG,6900,1,D,KK,DX,F
09:52:12,INDF,RG,6900,1,D,XC,DX,F
09:52:08,INDF,RG,6900,1,D,PD,DX,F
09:52:07,INDF,RG,6900,1,F,KZ,DX,F
09:52:06,INDF,RG,6900,3,D,PD,DX,F
09:51:31,INDF,RG,6900,1,D,PD,DX,F
09:51:15,INDF,RG,6875,1,F,BK,XC,D
09:51:07,INDF,RG,6875,13,F,BK,BK,F
09:50:14,INDF,RG,6875,3,F,BK,PD,D
09:50:00,INDF,RG,6900,2,D,YP,DX,F
09:49:59,INDF,RG,6900,4,F,KZ,DX,F
09:49:58,INDF,RG,6900,50,D,YP,DX,F
09:49:37,INDF,RG,6900,5,D,LG,DX,F
09:49:36,INDF,RG,6900,2,F,KZ,DX,F
09:49:36,INDF,RG,6900,16,F,BK,DX,F
09:49:36,INDF,RG,6900,1,F,BK,NI,F
09:49:36,INDF,RG,6900,7,F,BK,AK,F
09:49:35,INDF,RG,6900,1,F,KZ,AK,F
09:49:35,INDF,RG,6900,8,D,PD,AK,F
09:49:32,INDF,RG,6900,1,F,KZ,AK,F
09:49:32,INDF,RG,6900,20,D,YP,AK,F
09:49:29,INDF,RG,6900,2,F,KZ,AK,F
09:49:28,INDF,RG,6900,20,D,NI,AK,F
09:49:27,INDF,RG,6900,1,D,PD,AK,F
09:49:17,INDF,RG,6900,7,F,KZ,AK,F
09:49:16,INDF,RG,6900,1,D,PD,AK,F
09:49:15,INDF,RG,6900,1,F,KZ,AK,F
09:49:14,INDF,RG,6900,2,F,KZ,AK,F
09:49:14,INDF,RG,6900,15,F,BK,AK,F
09:49:13,INDF,RG,6900,1,F,KZ,AK,F
09:49:13,INDF,RG,6900,15,D,XC,AK,F
09:49:08,INDF,RG,6900,5,D,AG,AK,F
09:48:58,INDF,RG,6900,1,D,XC,AK,F
09:48:39,INDF,RG,6900,2,F,KZ,AK,F
09:48:39,INDF,RG,6900,7,F,KZ,AK,F
09:48:39,INDF,RG,6900,14,F,KZ,CS,F
09:48:36,INDF,RG,6900,1,F,KZ,CS,F
09:48:36,INDF,RG,6900,1,D,PD,CS,F
09:48:25,INDF,RG,6875,7,F,BK,PD,D
09:48:03,INDF,RG,6900,2,D,PD,CS,F
09:47:57,INDF,RG,6900,2,F,KZ,CS,F
09:47:56,INDF,RG,6900,20,D,YJ,CS,F
09:47:46,INDF,RG,6900,1,F,KZ,CS,F
09:47:45,INDF,RG,6900,15,F,BK,CS,F
09:47:44,INDF,RG,6900,2,D,CC,CS,F
09:47:43,INDF,RG,6900,1,F,KZ,CS,F
09:47:43,INDF,RG,6900,5,D,RO,CS,F
09:47:41,INDF,RG,6900,3,D,SQ,CS,F
09:47:41,INDF,RG,6900,7,D,SQ,PG,D
09:47:30,INDF,RG,6900,1,F,KZ,PG,D
09:47:29,INDF,RG,6900,2,D,YP,PG,D
09:46:13,INDF,RG,6900,1,F,KZ,PG,D
09:46:12,INDF,RG,6900,13,F,BK,PG,D
09:46:10,INDF,RG,6900,7,F,KZ,PG,D
09:46:10,INDF,RG,6900,27,F,KZ,PG,D
09:46:10,INDF,RG,6900,78,D,XC,PG,D
09:46:01,INDF,RG,6900,1,F,KZ,PG,D
09:46:00,INDF,RG,6875,5,F,BK,YP,D
09:45:53,INDF,RG,6900,1,F,KZ,PG,D
09:45:53,INDF,RG,6900,12,F,BK,PG,D
09:45:53,INDF,RG,6900,2,F,BK,PD,D
09:45:53,INDF,RG,6900,7,F,BK,DR,D
09:45:49,INDF,RG,6900,6,F,KZ,DR,D
09:45:48,INDF,RG,6900,3,D,XC,DR,D
09:45:48,INDF,RG,6900,75,D,XC,DX,F
09:45:36,INDF,RG,6875,2,F,BK,KK,D
09:45:24,INDF,RG,6900,1,D,YU,DX,F
09:45:05,INDF,RG,6900,2,F,KZ,DX,F
09:45:05,INDF,RG,6900,15,F,BK,DX,F
09:45:02,INDF,RG,6900,3,F,KZ,DX,F
09:45:01,INDF,RG,6900,26,D,XC,DX,F
09:45:01,INDF,RG,6900,19,D,XC,BK,F
09:44:58,INDF,RG,6900,1,F,KZ,BK,F
09:44:57,INDF,RG,6900,9,F,BK,BK,F
09:44:57,INDF,RG,6900,1,F,BK,XC,D
09:44:57,INDF,RG,6900,5,F,BK,OD,D
09:44:57,INDF,RG,6900,1,F,BK,ZP,F
09:44:54,INDF,RG,6900,5,F,KZ,ZP,F
09:44:54,INDF,RG,6900,4,F,KZ,BK,F
09:44:53,INDF,RG,6900,11,F,KZ,BK,F
09:44:53,INDF,RG,6900,11,F,KZ,DX,F
09:44:53,INDF,RG,6900,100,D,YP,DX,F
09:44:52,INDF,RG,6900,1,F,KZ,DX,F
09:44:45,INDF,RG,6900,5,F,KZ,DX,F
09:44:45,INDF,RG,6900,14,F,BK,DX,F
09:44:45,INDF,RG,6900,3,F,BK,ZP,F
09:44:45,INDF,RG,6900,16,F,KZ,ZP,F
09:44:45,INDF,RG,6900,31,F,KZ,ZP,F
09:44:45,INDF,RG,6900,1,D,XL,ZP,F
09:44:43,INDF,RG,6900,2,F,KZ,ZP,F
09:44:42,INDF,RG,6900,1,F,KZ,ZP,F
09:44:41,INDF,RG,6900,1,F,KZ,ZP,F
09:44:41,INDF,RG,6900,8,D,GR,ZP,F
09:44:41,INDF,RG,6900,2,D,GR,XC,D
09:44:28,INDF,RG,6900,1,F,KZ,XC,D
09:44:25,INDF,RG,6900,1,F,KZ,XC,D
09:44:24,INDF,RG,6900,11,F,KZ,XC,D
09:44:24,INDF,RG,6900,1,F,KZ,CS,F
09:44:24,INDF,RG,6900,5,D,YP,CS,F
09:43:52,INDF,RG,6900,1,F,KZ,CS,F
09:43:51,INDF,RG,6900,15,F,KZ,CS,F
09:43:49,INDF,RG,6900,2,F,KZ,CS,F
09:43:48,INDF,RG,6900,21,F,BK,CS,F
09:43:48,INDF,RG,6900,2,F,KZ,CS,F
09:43:47,INDF,RG,6900,21,D,YP,CS,F
09:43:47,INDF,RG,6900,4,D,YP,DX,F
09:43:39,INDF,RG,6875,14,F,BK,BK,F
09:43:10,INDF,RG,6900,11,D,YP,DX,F
09:42:57,INDF,RG,6900,1,F,KZ,DX,F
09:42:57,INDF,RG,6900,1,D,XC,DX,F
09:42:56,INDF,RG,6900,1,D,PD,DX,F
09:42:32,INDF,RG,6900,7,F,KZ,DX,F
09:42:31,INDF,RG,6875,96,F,BK,CS,F
09:42:17,INDF,RG,6875,14,F,BK,BK,F
09:42:05,INDF,RG,6900,3,D,PD,DX,F
09:42:01,INDF,RG,6900,1,D,PD,DX,F
