Time,Stock,Brd,Price,Qty,BT,BC,SC,ST
15:13:39,INDF,RG,6775,13,D,NI,YP,D
15:11:36,INDF,RG,6775,1096,D,MG,YP,D
15:11:36,INDF,RG,6775,1,D,MG,KK,D
15:11:36,INDF,RG,6775,2,D,MG,CC,D
15:11:36,INDF,RG,6775,4,D,MG,XC,D
15:11:36,INDF,RG,6775,40,D,MG,SQ,D
15:11:36,INDF,RG,6775,6,D,MG,XC,D
15:11:36,INDF,RG,6775,1,D,MG,PD,D
15:11:36,INDF,RG,6775,2,D,MG,DR,D
15:11:36,INDF,RG,6775,2,D,MG,GR,D
15:11:36,INDF,RG,6775,1,D,MG,PD,D
15:11:36,INDF,RG,6775,25,D,MG,DH,D
15:11:36,INDF,RG,6775,1,D,MG,XL,D
15:11:36,INDF,RG,6775,100,D,MG,YP,D
15:11:36,INDF,RG,6775,1,D,MG,YP,D
15:11:36,INDF,RG,6775,10,D,MG,ZP,D
15:11:36,INDF,RG,6775,37,D,MG,XC,D
15:11:36,INDF,RG,6775,2,D,MG,XC,D
15:11:36,INDF,RG,6775,5,D,MG,DR,D
15:11:36,INDF,RG,6775,2,D,MG,PD,D
15:11:36,INDF,RG,6775,2,D,MG,XL,D
15:11:36,INDF,RG,6775,50,D,MG,ZP,D
15:11:36,INDF,RG,6775,20,D,MG,SQ,D
15:11:36,INDF,RG,6775,1,D,MG,DH,D
15:11:36,INDF,RG,6775,4,D,MG,SQ,D
15:11:36,INDF,RG,6775,41,D,MG,XC,D
15:11:36,INDF,RG,6775,5,D,MG,PD,D
15:11:36,INDF,RG,6775,5,D,MG,PD,D
15:11:36,INDF,RG,6775,1,D,MG,XC,D
15:11:36,INDF,RG,6775,5,D,MG,XC,D
15:11:36,INDF,RG,6775,2,D,MG,PD,D
15:11:36,INDF,RG,6775,40,D,MG,XC,D
15:11:36,INDF,RG,6775,25,D,MG,YP,D
15:11:36,INDF,RG,6775,37,D,MG,OD,D
15:11:36,INDF,RG,6775,2,D,MG,YP,D
15:11:36,INDF,RG,6775,1,D,MG,YP,D
15:11:36,INDF,RG,6775,15,D,MG,OD,D
15:11:36,INDF,RG,6775,6,D,MG,PD,D
15:11:36,INDF,RG,6775,2,D,MG,NI,D
15:11:36,INDF,RG,6775,75,D,MG,KK,D
15:11:36,INDF,RG,6775,17,D,MG,PD,D
15:11:36,INDF,RG,6775,6,D,MG,PD,D
15:11:36,INDF,RG,6775,25,D,MG,OD,D
15:11:36,INDF,RG,6775,1,D,MG,PD,D
15:11:36,INDF,RG,6775,2,D,MG,YP,D
15:11:36,INDF,RG,6775,5,D,MG,XL,D
15:11:36,INDF,RG,6775,2,D,MG,YP,D
15:11:36,INDF,RG,6775,2,D,MG,GR,D
15:11:36,INDF,RG,6775,2,D,MG,YP,D
15:11:36,INDF,RG,6775,5,D,MG,XL,D
15:11:36,INDF,RG,6775,1,D,MG,YP,D
15:11:36,INDF,RG,6775,1,D,MG,PD,D
15:11:36,INDF,RG,6775,2,D,MG,SQ,D
15:11:36,INDF,RG,6775,3,D,MG,NI,D
15:11:36,INDF,RG,6775,1,D,MG,YP,D
15:11:36,INDF,RG,6775,10,D,MG,PD,D
15:11:36,INDF,RG,6775,10,D,MG,NI,D
15:11:36,INDF,RG,6775,10,D,MG,XL,D
15:11:36,INDF,RG,6775,1,D,MG,YB,D
15:11:36,INDF,RG,6775,3,D,MG,NI,D
15:11:36,INDF,RG,6775,1,D,MG,PD,D
15:11:36,INDF,RG,6775,5,D,MG,YB,D
15:11:36,INDF,RG,6775,3,D,MG,AT,D
15:11:36,INDF,RG,6775,2,D,MG,XC,D
15:11:36,INDF,RG,6775,1,D,MG,XL,D
15:11:36,INDF,RG,6775,2,D,MG,DH,D
15:11:36,INDF,RG,6775,14,D,MG,YP,D
15:11:36,INDF,RG,6775,3,D,MG,CC,D
15:11:36,INDF,RG,6775,2,D,MG,XL,D
15:11:36,INDF,RG,6775,2,D,MG,EP,D
15:11:36,INDF,RG,6775,1,D,MG,SQ,D
15:11:36,INDF,RG,6775,4,D,MG,PD,D
15:11:36,INDF,RG,6775,25,D,MG,KK,D
15:11:36,INDF,RG,6775,7,D,MG,XC,D
15:11:36,INDF,RG,6775,2,D,MG,YP,D
15:11:36,INDF,RG,6775,17,D,MG,PD,D
15:11:36,INDF,RG,6775,300,D,MG,AI,D
15:11:36,INDF,RG,6775,1,D,MG,PD,D
15:11:36,INDF,RG,6775,1,D,MG,XC,D
15:11:36,INDF,RG,6775,5,D,MG,PD,D
15:11:36,INDF,RG,6775,15,D,MG,PD,D
15:11:36,INDF,RG,6775,10,D,MG,PD,D
15:11:36,INDF,RG,6775,3,D,MG,PD,D
15:11:36,INDF,RG,6775,20,D,MG,YP,D
15:11:36,INDF,RG,6775,18,D,MG,YP,D
15:11:36,INDF,RG,6775,13,D,MG,CC,D
15:11:36,INDF,RG,6775,15,D,MG,CC,D
15:11:36,INDF,RG,6775,100,D,MG,YB,D
15:11:36,INDF,RG,6775,20,D,MG,EP,D
15:11:36,INDF,RG,6775,1,D,MG,IP,D
15:11:36,INDF,RG,6775,5,D,MG,XL,D
15:11:36,INDF,RG,6775,4,D,MG,YP,D
15:11:36,INDF,RG,6775,2,D,MG,YP,D
15:11:36,INDF,RG,6775,6,D,MG,PD,D
15:11:36,INDF,RG,6775,1,D,MG,PD,D
15:11:36,INDF,RG,6775,1,D,MG,PD,D
15:11:36,INDF,RG,6775,9,D,MG,PD,D
15:11:36,INDF,RG,6775,6,D,MG,DH,D
15:11:36,INDF,RG,6775,1,D,MG,PD,D
15:11:36,INDF,RG,6775,5,D,MG,PD,D
15:11:36,INDF,RG,6775,1,D,MG,PD,D
15:11:36,INDF,RG,6775,2,D,MG,PD,D
15:11:36,INDF,RG,6775,3,D,MG,LS,D
15:11:36,INDF,RG,6775,48,D,MG,YP,D
15:11:36,INDF,RG,6775,72,D,MG,CC,D
15:11:36,INDF,RG,6775,7,D,MG,YP,D
15:11:36,INDF,RG,6775,20,D,MG,XC,D
15:11:36,INDF,RG,6775,4,D,MG,YP,D
15:11:36,INDF,RG,6775,3,D,MG,DX,D
15:11:36,INDF,RG,6775,1,D,MG,XC,D
15:11:36,INDF,RG,6775,400,D,MG,CP,D
15:09:54,INDF,RG,6775,369,D,OD,CP,D
15:09:49,INDF,RG,6775,10,D,XC,CP,D
15:07:46,INDF,RG,6775,6,D,CC,CP,D
15:07:03,INDF,RG,6775,6,D,PD,CP,D
15:06:16,INDF,RG,6775,1,D,OD,CP,D
15:03:39,INDF,RG,6775,1,D,XC,CP,D
15:00:00,INDF,RG,6775,5,D,YP,CP,D
15:00:00,INDF,RG,6775,1,F,ZP,CP,D
15:00:00,INDF,RG,6775,66,F,ZP,CP,D
15:00:00,INDF,RG,6775,61,F,ZP,BK,F
15:00:00,INDF,RG,6775,540,F,AK,BK,F
15:00:00,INDF,RG,6775,512,F,AK,BK,F
15:00:00,INDF,RG,6775,263,F,BK,BK,F
15:00:00,INDF,RG,6775,5,F,BK,PD,D
15:00:00,INDF,RG,6775,1,F,BK,PD,D
15:00:00,INDF,RG,6775,4,F,BK,PD,D
15:00:00,INDF,RG,6775,4,F,BK,XC,D
15:00:00,INDF,RG,6775,100,F,BK,YB,D
15:00:00,INDF,RG,6775,200,F,BK,KK,D
15:00:00,INDF,RG,6775,10,F,BK,DR,D
15:00:00,INDF,RG,6775,52,F,BK,YP,D
15:00:00,INDF,RG,6775,26,F,BK,YP,D
15:00:00,INDF,RG,6775,72,D,KZ,YP,D
15:00:00,INDF,RG,6775,5,D,KZ,CC,D
15:00:00,INDF,RG,6775,100,D,KZ,YB,D
15:00:00,INDF,RG,6775,1,D,KZ,HP,D
15:00:00,INDF,RG,6775,13,D,KZ,XC,D
15:00:00,INDF,RG,6775,100,D,KZ,YB,D
15:00:00,INDF,RG,6775,10,D,KZ,NI,D
15:00:00,INDF,RG,6775,1,D,KZ,YP,D
15:00:00,INDF,RG,6775,10,D,KZ,NI,D
15:00:00,INDF,RG,6775,2,D,KZ,CC,D
15:00:00,INDF,RG,6775,2,D,KZ,NI,D
15:00:00,INDF,RG,6775,1,D,KZ,NI,D
15:00:00,INDF,RG,6775,2,D,KZ,YP,D
15:00:00,INDF,RG,6775,2,D,KZ,NI,D
15:00:00,INDF,RG,6775,10,D,KZ,YP,D
15:00:00,INDF,RG,6775,2,D,KZ,YP,D
15:00:00,INDF,RG,6775,2,D,KZ,YP,D
15:00:00,INDF,RG,6775,3,F,ZP,YP,D
15:00:00,INDF,RG,6775,5,F,ZP,XL,D
15:00:00,INDF,RG,6775,50,F,ZP,DR,D
15:00:00,INDF,RG,6775,10,F,ZP,DH,D
15:00:00,INDF,RG,6775,10,F,ZP,SQ,D
15:00:00,INDF,RG,6775,10,F,ZP,YP,D
15:00:00,INDF,RG,6775,2,F,ZP,NI,D
15:00:00,INDF,RG,6775,25,F,ZP,YP,D
15:00:00,INDF,RG,6775,70,F,ZP,YP,D
15:00:00,INDF,RG,6775,180,F,ZP,YP,D
15:00:00,INDF,RG,6775,1,F,ZP,KK,D
15:00:00,INDF,RG,6775,500,F,ZP,YB,D
15:00:00,INDF,RG,6775,5,F,ZP,YP,D
15:00:00,INDF,RG,6775,10,F,ZP,CC,D
15:00:00,INDF,RG,6775,4,F,ZP,KK,D
15:00:00,INDF,RG,6775,3,F,ZP,CC,D
15:00:00,INDF,RG,6775,5,F,ZP,YP,D
15:00:00,INDF,RG,6775,2,F,ZP,CC,D
15:00:00,INDF,RG,6775,1,F,ZP,YP,D
15:00:00,INDF,RG,6775,5,F,ZP,PD,D
15:00:00,INDF,RG,6775,25,F,ZP,CC,D
15:00:00,INDF,RG,6775,3,F,ZP,PD,D
15:00:00,INDF,RG,6775,5,F,ZP,PD,D
15:00:00,INDF,RG,6775,10,F,ZP,NI,D
15:00:00,INDF,RG,6775,100,F,ZP,KK,D
15:00:00,INDF,RG,6775,5,F,ZP,CC,D
15:00:00,INDF,RG,6775,5,F,ZP,KK,D
15:00:00,INDF,RG,6775,22,F,ZP,XL,D
15:00:00,INDF,RG,6775,20,F,ZP,HD,D
15:00:00,INDF,RG,6775,10,F,ZP,ZP,D
15:00:00,INDF,RG,6775,123,F,ZP,YP,D
15:00:00,INDF,RG,6775,2,F,ZP,XC,D
15:00:00,INDF,RG,6775,3,F,ZP,HP,D
15:00:00,INDF,RG,6775,54,F,ZP,YU,F
15:00:00,INDF,RG,6775,702,D,BB,YU,F
15:00:00,INDF,RG,6775,1,D,BB,ZP,F
15:00:00,INDF,RG,6775,127,D,BB,ZP,F
15:00:00,INDF,RG,6775,37,D,BB,ZP,F
15:00:00,INDF,RG,6775,1285,D,BB,BK,F
15:00:00,INDF,RG,6775,583,D,BB,BK,F
15:00:00,INDF,RG,6775,57,F,ZP,BK,F
15:00:00,INDF,RG,6775,23,F,AK,BK,F
15:00:00,INDF,RG,6775,79,D,OD,BK,F
15:00:00,INDF,RG,6775,14,D,OD,BK,F
15:00:00,INDF,RG,6775,39,D,YU,BK,F
15:00:00,INDF,RG,6775,243,D,DX,BK,F
15:00:00,INDF,RG,6775,199,D,DX,BK,F
15:00:00,INDF,RG,6775,358,D,DX,YU,F
15:00:00,INDF,RG,6775,32,D,DR,YU,F
15:00:00,INDF,RG,6775,765,D,NI,YU,F
15:00:00,INDF,RG,6775,496,D,NI,DR,D
15:00:00,INDF,RG,6775,17,D,AZ,DR,D
15:00:00,INDF,RG,6775,10,D,AZ,DR,D
15:00:00,INDF,RG,6775,27,D,BQ,DR,D
15:00:00,INDF,RG,6775,214,D,BQ,BB,F
15:00:00,INDF,RG,6775,16,D,BQ,YU,D
15:00:00,INDF,RG,6775,14,D,BQ,LG,D
14:49:54,INDF,RG,6750,3,D,EP,BK,F
14:49:54,INDF,RG,6725,26,F,ZP,BK,F
14:49:52,INDF,RG,6725,1,F,ZP,ZP,F
14:49:51,INDF,RG,6750,31,F,ZP,BK,F
14:49:51,INDF,RG,6750,18,F,ZP,PD,D
14:49:50,INDF,RG,6725,75,F,ZP,BK,F
14:49:50,INDF,RG,6725,2,F,ZP,BK,F
14:49:50,INDF,RG,6725,75,D,DX,BK,F
14:49:50,INDF,RG,6725,30,D,DX,YB,D
14:49:49,INDF,RG,6750,19,F,ZP,PD,D
14:49:48,INDF,RG,6750,63,F,ZP,PD,D
14:49:48,INDF,RG,6750,1,F,ZP,OD,F
14:49:48,INDF,RG,6750,20,F,ZP,EP,D
14:49:48,INDF,RG,6750,3,F,ZP,EP,D
14:49:48,INDF,RG,6750,27,D,DX,EP,D
14:49:48,INDF,RG,6750,1,D,DX,KK,D
14:49:48,INDF,RG,6750,20,D,DX,NI,D
14:49:48,INDF,RG,6750,5,D,DX,KK,D
14:49:48,INDF,RG,6750,1,D,DX,NI,D
14:49:48,INDF,RG,6750,1,D,DX,CC,D
14:49:48,INDF,RG,6750,10,D,DX,YP,D
14:49:48,INDF,RG,6750,10,D,DX,YP,F
14:49:48,INDF,RG,6750,1,D,DX,PD,D
14:49:48,INDF,RG,6750,10,D,DX,PD,D
14:49:48,INDF,RG,6750,2,D,DX,PD,D
14:49:48,INDF,RG,6750,20,D,DX,YP,D
14:49:48,INDF,RG,6750,14,D,DX,YP,D
14:49:48,INDF,RG,6750,5,D,DX,CP,D
14:49:48,INDF,RG,6750,1,D,DX,XL,D
14:49:48,INDF,RG,6750,1,D,DX,SQ,D
14:49:48,INDF,RG,6750,2,D,DX,YP,D
14:49:48,INDF,RG,6750,1,D,DX,XC,D
14:49:48,INDF,RG,6750,1,D,DX,CC,D
14:49:48,INDF,RG,6750,25,D,DX,PD,D
14:49:48,INDF,RG,6750,20,D,DX,PD,D
14:49:48,INDF,RG,6750,126,D,DX,BK,F
14:49:48,INDF,RG,6750,2,D,DX,AI,D
14:49:48,INDF,RG,6750,1,D,DX,PD,D
14:49:48,INDF,RG,6750,2,D,DX,YP,D
14:49:48,INDF,RG,6750,2,D,DX,ZP,F
14:49:48,INDF,RG,6750,2,D,DX,PD,D
14:49:48,INDF,RG,6750,37,D,DX,HP,D
14:49:48,INDF,RG,6750,8,D,DX,SQ,D
14:49:48,INDF,RG,6750,2,D,DX,PD,D
14:49:48,INDF,RG,6750,1,D,DX,NI,D
14:49:48,INDF,RG,6750,49,D,DX,DH,D
14:49:48,INDF,RG,6750,1,D,DX,YP,D
14:49:48,INDF,RG,6750,12,D,DX,IP,D
14:49:48,INDF,RG,6750,5,D,DX,CC,D
14:49:48,INDF,RG,6750,5,D,DX,PD,D
14:49:48,INDF,RG,6750,10,D,DX,SQ,D
14:49:48,INDF,RG,6750,10,D,DX,PD,D
14:49:48,INDF,RG,6750,5,D,DX,LG,D
14:49:48,INDF,RG,6750,5,D,DX,SQ,D
14:49:48,INDF,RG,6750,4,D,DX,CC,D
14:49:48,INDF,RG,6750,7,D,DX,YP,D
14:49:48,INDF,RG,6750,5,D,DX,CC,D
14:49:48,INDF,RG,6750,4,D,DX,EP,D
14:49:48,INDF,RG,6750,10,D,DX,SQ,D
14:49:48,INDF,RG,6750,10,D,DX,CC,D
14:49:48,INDF,RG,6750,5,D,DX,LG,D
14:49:48,INDF,RG,6750,3,D,DX,PD,D
14:49:48,INDF,RG,6750,50,D,DX,NI,D
14:49:48,INDF,RG,6750,100,D,DX,PD,D
14:49:48,INDF,RG,6750,5,D,DX,SQ,D
14:49:48,INDF,RG,6750,1,D,DX,SQ,D
14:49:48,INDF,RG,6750,6,D,DX,XC,D
14:49:48,INDF,RG,6750,2,D,DX,XC,D
14:49:48,INDF,RG,6750,1,D,DX,BR,D
14:49:48,INDF,RG,6750,42,D,DX,CC,D
14:49:48,INDF,RG,6750,60,D,DX,CC,D
14:49:48,INDF,RG,6750,5,D,DX,LG,D
14:49:48,INDF,RG,6750,5,D,DX,ID,D
14:49:48,INDF,RG,6750,10,D,DX,PD,D
14:49:48,INDF,RG,6750,2,D,DX,NI,D
14:49:48,INDF,RG,6750,20,D,DX,YP,D
14:49:48,INDF,RG,6750,10,D,DX,YP,D
14:49:48,INDF,RG,6750,6,D,DX,NI,D
14:49:48,INDF,RG,6750,149,D,DX,MU,D
14:49:48,INDF,RG,6750,10,D,DX,NI,D
14:49:48,INDF,RG,6750,2,D,DX,PD,D
14:49:48,INDF,RG,6750,1,D,DX,DR,D
14:49:48,INDF,RG,6750,2,D,DX,DR,D
14:49:44,INDF,RG,6725,3,D,DX,ZP,F
14:49:41,INDF,RG,6725,11,D,DX,BK,F
14:49:37,INDF,RG,6725,1,D,DX,ZP,F
14:49:37,INDF,RG,6725,6,D,DX,ZP,F
14:49:37,INDF,RG,6725,19,D,DX,ZP,F
14:49:37,INDF,RG,6750,2,F,ZP,DR,D
14:49:37,INDF,RG,6750,10,F,ZP,YU,D
14:49:36,INDF,RG,6725,8,D,DX,BK,F
14:49:35,INDF,RG,6725,15,D,DX,XL,D
14:49:33,INDF,RG,6750,1,F,ZP,YU,D
14:49:33,INDF,RG,6750,10,D,RX,YU,D
14:49:27,INDF,RG,6725,2,D,DX,ZP,F
14:49:22,INDF,RG,6725,2,D,DX,BK,F
14:49:19,INDF,RG,6750,4,D,RX,YU,D
14:49:19,INDF,RG,6750,2,D,RX,SQ,D
14:49:19,INDF,RG,6750,4,D,RX,YP,D
14:49:16,INDF,RG,6750,1,F,AK,YP,D
14:49:14,INDF,RG,6725,15,D,DX,BB,F
14:49:13,INDF,RG,6750,114,D,BB,YP,D
14:49:11,INDF,RG,6725,1,D,DX,BB,F
14:49:10,INDF,RG,6750,8,F,ZP,YP,D
14:49:10,INDF,RG,6750,1,D,BB,YP,D
14:49:10,INDF,RG,6725,1,D,DX,YP,D
14:49:05,INDF,RG,6750,8,D,BB,YP,D
14:49:05,INDF,RG,6750,5,D,BB,GR,D
14:49:03,INDF,RG,6725,10,D,DX,BK,F
14:49:02,INDF,RG,6750,11,F,BK,GR,D
14:48:59,INDF,RG,6725,6,D,DX,AK,F
14:48:59,INDF,RG,6725,1,D,DX,AK,F
14:48:59,INDF,RG,6750,12,D,BB,GR,D
14:48:59,INDF,RG,6725,2,D,DX,BB,F
14:48:57,INDF,RG,6725,8,D,DX,PD,D
14:48:52,INDF,RG,6750,2,F,ZP,GR,D
14:48:52,INDF,RG,6750,3,F,ZP,GR,D
14:48:52,INDF,RG,6750,21,D,BB,GR,D
14:48:52,INDF,RG,6750,1,F,ZP,GR,D
14:48:51,INDF,RG,6750,3,F,ZP,GR,D
14:48:51,INDF,RG,6725,3,D,DX,BB,F
14:48:50,INDF,RG,6725,10,D,DX,XL,D
14:48:46,INDF,RG,6750,1,F,AK,GR,D
14:48:42,INDF,RG,6750,9,D,RX,GR,D
14:48:42,INDF,RG,6725,2,D,DX,AK,F
14:48:42,INDF,RG,6725,1,D,DX,AK,F
14:48:41,INDF,RG,6750,22,D,BB,GR,D
14:48:40,INDF,RG,6725,2,D,DX,BB,F
14:48:40,INDF,RG,6750,69,F,AK,GR,D
14:48:30,INDF,RG,6725,4,D,DX,ZP,F
14:48:30,INDF,RG,6725,4,D,DX,BB,F
14:48:30,INDF,RG,6725,19,D,DX,ZP,F
14:48:30,INDF,RG,6725,2,D,DX,AK,F
14:48:30,INDF,RG,6750,12,F,BK,GR,D
14:48:18,INDF,RG,6725,23,D,DX,BB,D
14:48:15,INDF,RG,6725,10,D,DX,BK,F
14:48:15,INDF,RG,6725,1,D,DX,BB,D
14:48:14,INDF,RG,6725,3,D,DX,BB,F
14:48:13,INDF,RG,6750,27,F,ZP,GR,D
14:48:13,INDF,RG,6725,1,D,DX,BB,D
14:48:13,INDF,RG,6725,17,D,DX,BB,D
14:48:13,INDF,RG,6725,10,D,DX,CC,D
14:48:13,INDF,RG,6725,1,D,DX,BB,D
14:48:11,INDF,RG,6725,1,D,DX,BB,D
14:48:08,INDF,RG,6725,10,D,DX,BB,D
14:48:08,INDF,RG,6750,9,D,RX,GR,D
14:48:07,INDF,RG,6750,1,F,ZP,GR,D
14:48:07,INDF,RG,6725,3,D,DX,NI,D
14:48:07,INDF,RG,6750,1,F,ZP,GR,D
14:48:07,INDF,RG,6725,1,D,DX,BB,D
14:48:06,INDF,RG,6750,1,F,ZP,GR,D
14:48:06,INDF,RG,6750,4,D,BB,GR,D
14:48:06,INDF,RG,6725,4,D,DX,AK,F
14:48:05,INDF,RG,6725,1,D,DX,BB,D
14:48:05,INDF,RG,6750,1,D,BB,GR,D
14:48:02,INDF,RG,6725,6,D,DX,BB,F
14:48:00,INDF,RG,6725,5,D,DX,BB,D
14:47:49,INDF,RG,6725,1,D,DX,BB,D
14:47:49,INDF,RG,6750,10,F,BK,GR,D
14:47:48,INDF,RG,6750,1,F,ZP,GR,D
14:47:48,INDF,RG,6750,1,D,BB,GR,D
14:47:48,INDF,RG,6750,2,F,ZP,GR,D
14:47:47,INDF,RG,6725,10,D,DX,BB,D
14:47:45,INDF,RG,6750,2,D,DR,GR,D
14:47:37,INDF,RG,6725,24,D,DX,BB,F
14:47:36,INDF,RG,6750,1,D,BB,GR,D
14:47:35,INDF,RG,6750,8,D,RX,GR,D
14:47:33,INDF,RG,6725,2,D,DX,CC,D
14:47:33,INDF,RG,6725,9,D,DX,BB,D
14:47:32,INDF,RG,6750,1,D,CS,GR,D
14:47:31,INDF,RG,6750,1,D,DR,GR,D
14:47:31,INDF,RG,6750,3,F,ZP,GR,D
14:47:30,INDF,RG,6750,1,D,DR,GR,D
14:47:21,INDF,RG,6725,6,D,DX,BB,D
14:47:21,INDF,RG,6725,1,D,DX,BB,D
14:47:13,INDF,RG,6750,2,D,CS,GR,D
14:47:11,INDF,RG,6750,1,D,BB,GR,D
14:47:11,INDF,RG,6725,6,D,DX,BB,D
14:47:07,INDF,RG,6725,12,D,DX,BK,F
14:47:06,INDF,RG,6750,1,D,BB,GR,D
14:47:06,INDF,RG,6750,1,D,BB,CC,D
14:47:06,INDF,RG,6725,3,D,DX,BB,D
14:47:05,INDF,RG,6750,8,D,RX,CC,D
14:47:05,INDF,RG,6725,1,D,DX,BB,D
14:47:03,INDF,RG,6725,67,D,DX,BB,D
14:47:02,INDF,RG,6725,5,D,DX,PD,D
14:47:00,INDF,RG,6725,1,D,DX,BB,D
14:46:53,INDF,RG,6750,1,D,CS,CC,D
14:46:45,INDF,RG,6725,16,D,DX,AK,F
14:46:35,INDF,RG,6750,10,D,RX,CC,D
14:46:33,INDF,RG,6725,2,D,DX,BB,D
14:46:30,INDF,RG,6725,112,D,DX,YU,D
14:46:26,INDF,RG,6750,80,D,SQ,CC,D
14:46:26,INDF,RG,6750,14,D,SQ,CC,D
14:46:26,INDF,RG,6750,3,D,SQ,IH,D
14:46:16,INDF,RG,6750,2,D,BB,IH,D
14:46:15,INDF,RG,6725,5,D,DX,AK,F
14:46:12,INDF,RG,6750,2,D,CS,IH,D
14:46:12,INDF,RG,6750,1,D,CS,IH,D
14:46:01,INDF,RG,6750,5,F,AK,IH,D
14:46:00,INDF,RG,6725,57,D,DX,YU,D
14:46:00,INDF,RG,6725,189,F,ZP,YU,D
14:46:00,INDF,RG,6725,14,F,BK,YU,D
14:46:00,INDF,RG,6725,16,F,BK,YU,D
14:46:00,INDF,RG,6725,56,F,ZP,YU,D
14:45:59,INDF,RG,6750,8,F,ZP,IH,D
14:45:59,INDF,RG,6725,403,F,ZP,KZ,D
14:45:59,INDF,RG,6750,8,D,RX,IH,D
14:45:54,INDF,RG,6725,11,F,ZP,BK,F
14:45:48,INDF,RG,6750,11,F,BK,IH,D
14:45:31,INDF,RG,6750,1,F,AK,IH,D
14:45:30,INDF,RG,6725,160,F,ZP,IF,D
14:45:29,INDF,RG,6725,2,F,ZP,PD,D
14:45:27,INDF,RG,6725,10,F,ZP,SQ,D
14:45:15,INDF,RG,6750,8,D,RX,IH,D
14:45:01,INDF,RG,6750,1,F,AK,IH,D
14:44:54,INDF,RG,6725,2,F,ZP,BB,D
14:44:52,INDF,RG,6750,10,F,BK,IH,D
14:44:52,INDF,RG,6750,1,F,BK,DX,D
14:44:49,INDF,RG,6750,9,F,BK,DX,D
14:44:49,INDF,RG,6750,1,F,BK,YP,D
14:44:49,INDF,RG,6725,10,F,ZP,BK,F
14:44:45,INDF,RG,6725,65,F,ZP,BB,D
14:44:42,INDF,RG,6725,3,F,ZP,CC,D
14:44:36,INDF,RG,6725,19,F,ZP,BB,F
14:44:35,INDF,RG,6750,2,D,RX,YP,D
14:44:33,INDF,RG,6750,8,D,RX,YP,D
14:44:27,INDF,RG,6750,3,F,ZP,YP,D
14:44:27,INDF,RG,6750,10,F,ZP,DH,D
14:44:27,INDF,RG,6750,1,F,ZP,CC,D
14:44:24,INDF,RG,6750,9,F,ZP,CC,D
14:44:24,INDF,RG,6750,1,F,ZP,NI,D
14:44:24,INDF,RG,6750,6,F,ZP,NI,D
14:44:22,INDF,RG,6750,14,F,ZP,NI,D
14:44:22,INDF,RG,6750,17,F,ZP,NI,D
14:44:21,INDF,RG,6750,83,D,DX,NI,D
14:44:21,INDF,RG,6750,1,D,DX,XC,D
14:44:21,INDF,RG,6750,1,D,DX,XC,D
14:44:21,INDF,RG,6750,1,D,DX,XC,D
14:44:21,INDF,RG,6750,1,D,DX,XC,D
14:44:21,INDF,RG,6750,1,D,DX,XC,D
14:44:21,INDF,RG,6750,5,D,DX,XC,D
14:44:21,INDF,RG,6750,1,D,DX,XC,D
14:44:21,INDF,RG,6750,1,D,DX,XC,D
14:44:21,INDF,RG,6750,1,D,DX,XC,D
14:44:21,INDF,RG,6750,2,D,DX,XC,D
14:44:21,INDF,RG,6750,9,D,DX,XC,D
14:44:21,INDF,RG,6750,1,D,DX,XC,D
14:44:21,INDF,RG,6750,2,D,DX,XC,D
14:44:21,INDF,RG,6750,1,D,DX,XC,D
14:44:21,INDF,RG,6750,2,D,DX,XL,D
14:44:21,INDF,RG,6750,1,D,DX,XC,D
14:44:21,INDF,RG,6750,1,D,DX,YP,D
14:44:21,INDF,RG,6750,42,D,DX,YP,D
14:44:21,INDF,RG,6750,1,D,DX,YP,D
14:44:21,INDF,RG,6750,7,D,DX,XC,D
14:44:21,INDF,RG,6750,4,D,DX,YP,D
14:44:21,INDF,RG,6750,8,D,DX,XL,D
14:44:21,INDF,RG,6750,10,D,DX,YP,D
14:44:21,INDF,RG,6750,5,D,DX,PD,D
14:44:21,INDF,RG,6750,10,D,DX,PD,D
14:44:21,INDF,RG,6750,6,D,DX,PD,D
14:44:21,INDF,RG,6750,3,D,DX,PD,D
14:44:21,INDF,RG,6750,10,D,DX,PD,D
14:44:21,INDF,RG,6750,1,D,DX,PD,D
14:44:21,INDF,RG,6750,10,D,DX,LG,D
14:44:21,INDF,RG,6750,1,D,DX,PD,D
14:44:21,INDF,RG,6750,2,D,DX,PD,D
14:44:21,INDF,RG,6750,5,D,DX,SQ,D
14:44:21,INDF,RG,6750,20,D,DX,SQ,D
14:44:21,INDF,RG,6750,8,D,DX,SQ,D
14:44:21,INDF,RG,6750,10,D,DX,EP,D
14:44:21,INDF,RG,6750,20,D,DX,EP,D
14:44:21,INDF,RG,6750,1,D,DX,ZP,D
14:44:21,INDF,RG,6750,1,D,DX,EP,D
14:44:21,INDF,RG,6750,28,D,DX,HP,D
14:44:21,INDF,RG,6750,20,D,DX,SQ,D
14:44:21,INDF,RG,6750,2,D,DX,SQ,D
14:44:21,INDF,RG,6750,12,D,DX,PD,D
14:44:21,INDF,RG,6750,10,D,DX,DR,D
14:44:21,INDF,RG,6750,3,D,DX,EP,D
14:44:21,INDF,RG,6750,15,D,DX,YB,D
14:44:21,INDF,RG,6750,1,D,DX,PD,D
14:44:21,INDF,RG,6750,1,D,DX,CC,D
14:44:21,INDF,RG,6750,1,D,DX,SQ,D
14:44:21,INDF,RG,6750,1,D,DX,PD,D
14:44:21,INDF,RG,6750,3,D,DX,PD,D
14:44:21,INDF,RG,6750,103,D,DX,CC,D
14:44:09,INDF,RG,6725,58,F,ZP,AZ,D
14:44:09,INDF,RG,6725,20,D,DR,AZ,D
14:44:09,INDF,RG,6725,3,F,ZP,AZ,D
14:44:09,INDF,RG,6725,11,F,ZP,AZ,D
14:44:09,INDF,RG,6725,8,F,ZP,AZ,D
14:44:05,INDF,RG,6750,13,F,ZP,CC,D
14:44:03,INDF,RG,6750,1,F,ZP,NI,D
14:44:03,INDF,RG,6750,1,F,ZP,CC,D
14:44:03,INDF,RG,6750,31,F,ZP,CC,D
14:44:01,INDF,RG,6750,72,F,ZP,CC,D
14:44:01,INDF,RG,6750,11,F,BK,CC,D
14:44:01,INDF,RG,6750,1,F,AK,CC,D
14:44:00,INDF,RG,6725,378,F,BK,YU,D
14:44:00,INDF,RG,6725,6,D,BB,YU,D
14:44:00,INDF,RG,6725,153,D,BB,YU,D
14:43:53,INDF,RG,6750,3,D,DR,CC,D
14:43:52,INDF,RG,6750,14,D,DR,CC,D
14:43:51,INDF,RG,6725,1,D,BB,PD,D
14:43:47,INDF,RG,6750,9,D,RX,CC,D
14:43:34,INDF,RG,6750,10,F,ZP,CC,D
14:43:32,INDF,RG,6725,63,D,BB,PC,D
14:43:27,INDF,RG,6750,13,F,ZP,CC,D
14:43:26,INDF,RG,6750,11,F,BK,CC,D
14:43:21,INDF,RG,6750,11,F,BK,CC,D
14:43:07,INDF,RG,6750,10,D,YP,CC,D
14:43:06,INDF,RG,6750,9,D,RX,CC,D
14:42:50,INDF,RG,6750,10,F,ZP,CC,D
14:42:48,INDF,RG,6750,54,D,SQ,CC,D
14:42:40,INDF,RG,6750,11,F,ZP,CC,D
14:42:37,INDF,RG,6750,10,F,BK,CC,D
14:42:27,INDF,RG,6750,8,D,RX,CC,D
14:42:05,INDF,RG,6750,9,F,ZP,CC,D
14:42:03,INDF,RG,6750,34,F,ZP,CC,D
14:42:01,INDF,RG,6750,43,F,ZP,CC,D
14:42:01,INDF,RG,6750,3,F,ZP,NI,D
14:42:01,INDF,RG,6750,4,F,ZP,NI,D
14:42:01,INDF,RG,6750,24,F,ZP,XA,D
14:42:00,INDF,RG,6725,191,D,BB,YU,D
14:42:00,INDF,RG,6725,280,F,AK,YU,D
14:42:00,INDF,RG,6725,1,D,CS,YU,D
14:42:00,INDF,RG,6725,12,F,ZP,YU,D
14:42:00,INDF,RG,6725,7,D,CS,YU,D
14:42:00,INDF,RG,6725,70,D,DX,YU,D
14:41:50,INDF,RG,6750,6,D,RX,XA,D
14:41:50,INDF,RG,6750,2,D,RX,IF,D
14:41:47,INDF,RG,6750,10,F,BK,IF,D
14:41:42,INDF,RG,6725,2,D,DX,BB,D
14:41:41,INDF,RG,6725,1,D,DX,BB,D
14:41:33,INDF,RG,6750,6,D,CS,IF,D
14:41:30,INDF,RG,6750,11,F,BK,IF,D
14:41:13,INDF,RG,6750,9,D,RX,IF,D
14:41:01,INDF,RG,6750,12,F,ZP,IF,D
14:41:01,INDF,RG,6750,1,F,ZP,XC,D
14:41:01,INDF,RG,6750,1,F,ZP,PD,D
14:41:00,INDF,RG,6750,3,F,BK,PD,D
14:41:00,INDF,RG,6750,7,F,BK,YP,D
14:40:59,INDF,RG,6725,6,D,DX,CC,D
14:40:51,INDF,RG,6725,5,D,DX,YP,D
14:40:29,INDF,RG,6750,3,D,RX,YP,D
14:40:29,INDF,RG,6750,7,D,RX,PD,D
14:40:22,INDF,RG,6725,10,D,DX,DH,D
14:40:08,INDF,RG,6750,5,F,ZP,PD,D
14:40:08,INDF,RG,6750,1,F,ZP,KK,D
14:40:08,INDF,RG,6750,9,F,ZP,YP,D
14:40:06,INDF,RG,6750,1,F,ZP,YP,D
14:40:06,INDF,RG,6750,20,F,ZP,SQ,D
14:40:06,INDF,RG,6750,13,F,ZP,BS,D
14:40:05,INDF,RG,6750,11,F,BK,BS,D
14:40:03,INDF,RG,6750,72,F,ZP,BS,D
14:40:00,INDF,RG,6725,514,D,DX,YU,D
14:39:54,INDF,RG,6725,5,D,DX,NI,D
14:39:21,INDF,RG,6750,4,D,YP,BS,D
14:39:21,INDF,RG,6750,1,D,YP,PD,D
14:39:07,INDF,RG,6750,1,D,YP,PD,D
14:38:59,INDF,RG,6750,1,D,DR,PD,D
14:38:41,INDF,RG,6750,12,F,ZP,PD,D
14:38:40,INDF,RG,6750,12,F,ZP,PD,D
14:38:39,INDF,RG,6725,27,D,DX,AK,F
14:38:39,INDF,RG,6725,5,D,DX,BB,D
14:38:39,INDF,RG,6725,1,D,DX,BB,D
14:38:39,INDF,RG,6725,130,D,DX,PD,D
14:38:39,INDF,RG,6725,176,D,DX,YU,D
14:38:39,INDF,RG,6725,1,D,DX,SQ,D
14:38:39,INDF,RG,6725,1,D,DX,PD,D
14:38:39,INDF,RG,6725,1,D,DX,XC,D
14:38:39,INDF,RG,6725,45,D,DX,BK,F
14:38:39,INDF,RG,6725,79,F,AK,BK,F
14:38:39,INDF,RG,6725,124,F,AK,BK,F
14:38:39,INDF,RG,6725,11,F,AK,AK,F
14:38:39,INDF,RG,6725,2,F,AK,YP,D
14:38:39,INDF,RG,6725,1,F,AK,BB,D
14:38:39,INDF,RG,6725,10,F,AK,ES,D
14:38:39,INDF,RG,6725,17,F,AK,YU,F
14:38:39,INDF,RG,6725,50,F,AK,ES,D
14:38:39,INDF,RG,6725,7,F,AK,XL,D
14:38:38,INDF,RG,6700,5,D,RX,GR,D
14:38:37,INDF,RG,6725,13,F,ZP,XL,D
14:38:37,INDF,RG,6725,1,F,ZP,XL,D
14:38:37,INDF,RG,6725,2,F,ZP,NI,D
14:38:37,INDF,RG,6725,24,F,ZP,ZP,F
14:38:37,INDF,RG,6725,8,F,ZP,ZP,F
14:38:37,INDF,RG,6725,1,F,ZP,PD,D
14:38:37,INDF,RG,6725,24,F,ZP,YU,F
14:38:37,INDF,RG,6725,39,F,ZP,YU,F
14:38:37,INDF,RG,6725,20,F,ZP,YU,F
14:38:35,INDF,RG,6725,145,F,BK,YU,F
14:38:35,INDF,RG,6725,23,F,BK,YU,F
14:38:35,INDF,RG,6725,17,F,BK,YU,F
14:38:35,INDF,RG,6725,10,F,BK,CC,D
14:38:35,INDF,RG,6725,5,F,BK,NI,D
14:38:35,INDF,RG,6725,14,F,BK,AK,F
14:38:35,INDF,RG,6725,69,F,BK,YU,F
14:38:35,INDF,RG,6725,717,F,BK,YU,F
14:38:34,INDF,RG,6725,113,D,DX,YU,F
14:38:34,INDF,RG,6725,25,D,DX,KK,D
14:38:34,INDF,RG,6725,52,D,DX,BK,F
14:38:34,INDF,RG,6725,2,D,DX,BB,D
14:38:34,INDF,RG,6725,26,D,DX,BB,F
14:38:34,INDF,RG,6725,65,D,DX,BB,D
14:38:34,INDF,RG,6725,17,D,DX,ZP,F
14:38:34,INDF,RG,6725,62,D,DX,ZP,F
14:38:34,INDF,RG,6725,11,D,DX,BB,D
14:38:34,INDF,RG,6725,627,D,DX,YP,D
14:38:31,INDF,RG,6700,3,D,RX,BB,D
14:38:31,INDF,RG,6700,1,F,AK,BB,D
14:38:31,INDF,RG,6700,7,D,XL,BB,D
14:38:31,INDF,RG,6700,1,F,ZP,BB,D
14:38:31,INDF,RG,6700,7,F,ZP,BB,D
14:38:31,INDF,RG,6700,5,D,CS,BB,D
14:38:31,INDF,RG,6700,30,D,NI,BB,D
14:38:31,INDF,RG,6700,11,F,BK,BB,D
14:38:30,INDF,RG,6700,1,F,ZP,YU,F
14:38:30,INDF,RG,6700,27,F,ZP,YU,F
14:38:26,INDF,RG,6700,44,F,ZP,YU,F
14:38:25,INDF,RG,6725,19,D,RX,YP,D
14:38:21,INDF,RG,6725,5,D,PD,YP,D
14:38:19,INDF,RG,6700,22,F,ZP,BB,F
14:38:19,INDF,RG,6725,41,D,PP,YP,D
14:38:13,INDF,RG,6725,11,F,BK,YP,D
14:38:11,INDF,RG,6700,3,F,ZP,AZ,D
14:38:07,INDF,RG,6700,11,F,ZP,BK,F
14:37:50,INDF,RG,6700,3,F,ZP,ZP,F
14:37:50,INDF,RG,6700,9,F,ZP,ZP,F
14:37:50,INDF,RG,6700,4,F,ZP,NI,D
14:37:50,INDF,RG,6700,11,F,AK,NI,D
14:37:42,INDF,RG,6700,1,F,AK,CC,D
14:37:34,INDF,RG,6700,7,F,AK,GR,D
14:37:29,INDF,RG,6700,23,F,AK,YU,F
14:37:25,INDF,RG,6700,2,F,AK,YP,D
14:37:16,INDF,RG,6725,11,F,BK,YP,D
14:37:14,INDF,RG,6700,1,F,AK,BB,D
14:37:12,INDF,RG,6725,10,D,RX,YP,D
14:37:02,INDF,RG,6725,12,D,DR,YP,D
14:37:00,INDF,RG,6700,3,F,AK,ZP,F
14:37:00,INDF,RG,6700,10,F,AK,ZP,F
14:37:00,INDF,RG,6700,123,F,AK,YU,D
14:37:00,INDF,RG,6700,4,D,XC,YU,D
14:37:00,INDF,RG,6700,1,F,AK,YU,D
14:37:00,INDF,RG,6700,5,F,ZP,YU,D
14:37:00,INDF,RG,6700,11,F,BK,YU,D
14:37:00,INDF,RG,6700,5,D,NI,YU,D
14:37:00,INDF,RG,6700,100,D,YP,YU,D
14:37:00,INDF,RG,6700,7,F,ZP,YU,D
14:37:00,INDF,RG,6700,82,F,ZP,YU,D
14:37:00,INDF,RG,6700,12,D,BB,YU,D
14:37:00,INDF,RG,6700,70,D,BB,YU,D
14:36:48,INDF,RG,6700,15,D,BB,CC,D
14:36:45,INDF,RG,6700,11,D,BB,BK,F
14:36:29,INDF,RG,6700,27,D,BB,YU,F
14:36:18,INDF,RG,6700,2,D,BB,HP,D
14:36:04,INDF,RG,6700,20,D,BB,YU,F
14:35:57,INDF,RG,6725,14,D,RX,YP,D
14:35:53,INDF,RG,6725,11,F,BK,YP,D
14:35:48,INDF,RG,6725,5,D,XL,YP,D
14:35:42,INDF,RG,6700,19,D,BB,YU,F
14:35:39,INDF,RG,6700,3,D,BB,BB,D
14:35:37,INDF,RG,6700,10,D,BB,YU,D
14:35:28,INDF,RG,6700,15,D,BB,SQ,D
14:35:27,INDF,RG,6700,33,D,BB,BB,D
14:35:27,INDF,RG,6700,1,F,AK,BB,D
14:35:27,INDF,RG,6700,5,D,OD,BB,D
14:35:27,INDF,RG,6700,25,D,SQ,BB,D
14:35:25,INDF,RG,6700,2,D,SQ,ZP,F
14:35:25,INDF,RG,6700,1,D,SQ,ZP,F
14:35:15,INDF,RG,6700,22,D,SQ,BB,F
14:35:14,INDF,RG,6700,4,D,SQ,BK,F
14:35:14,INDF,RG,6700,1,D,YP,BK,F
14:35:14,INDF,RG,6700,6,F,BK,BK,F
14:35:06,INDF,RG,6700,4,F,BK,PD,D
14:35:04,INDF,RG,6700,1,F,BK,YU,F
14:35:04,INDF,RG,6700,20,F,ZP,YU,F
14:35:01,INDF,RG,6700,2,F,ZP,ZP,F
14:35:01,INDF,RG,6700,7,F,ZP,ZP,F
14:35:00,INDF,RG,6700,95,F,ZP,YU,D
14:35:00,INDF,RG,6700,178,F,BK,YU,D
14:34:34,INDF,RG,6700,2,F,BK,GR,D
14:34:12,INDF,RG,6725,13,D,RX,YP,D
14:34:03,INDF,RG,6700,27,F,BK,YU,F
14:34:00,INDF,RG,6700,1,F,BK,PD,D
14:33:46,INDF,RG,6700,11,F,BK,BK,F
14:33:26,INDF,RG,6700,18,F,BK,YU,F
14:33:17,INDF,RG,6700,3,F,BK,ZP,F
14:33:16,INDF,RG,6700,15,F,BK,SQ,D
14:33:13,INDF,RG,6700,13,F,BK,ZP,F
14:33:00,INDF,RG,6700,324,F,BK,YU,D
14:32:37,INDF,RG,6700,2,F,BK,BB,D
14:32:29,INDF,RG,6700,28,F,BK,YU,F
14:32:26,INDF,RG,6700,68,F,BK,BB,D
14:32:13,INDF,RG,6700,11,F,BK,BB,D
14:32:11,INDF,RG,6700,23,F,BK,BB,F
14:32:05,INDF,RG,6700,12,F,BK,BK,F
14:32:00,INDF,RG,6700,20,F,BK,YU,F
14:31:53,INDF,RG,6700,14,F,BK,YP,D
14:31:39,INDF,RG,6700,3,F,BK,DX,D
14:31:29,INDF,RG,6700,2,F,BK,PD,D
14:31:00,INDF,RG,6700,17,F,BK,YU,D
14:31:00,INDF,RG,6700,7,F,ZP,YU,D
14:31:00,INDF,RG,6700,3,D,CS,YU,D
14:31:00,INDF,RG,6700,419,D,DX,YU,D
14:31:00,INDF,RG,6700,2,D,DX,ZP,F
14:31:00,INDF,RG,6700,71,D,DX,AK,F
14:30:57,INDF,RG,6700,8,D,DX,YU,F
14:30:57,INDF,RG,6700,14,D,DR,YU,F
14:30:49,INDF,RG,6700,1,D,DR,BB,D
14:30:33,INDF,RG,6700,1,D,DR,CC,D
14:30:30,INDF,RG,6700,11,D,DR,BK,F
14:30:29,INDF,RG,6700,4,D,DR,ZP,F
14:30:22,INDF,RG,6700,1,D,YP,ZP,F
14:30:01,INDF,RG,6700,7,D,YP,YU,F
14:30:01,INDF,RG,6700,21,D,CC,YU,F
14:30:00,INDF,RG,6700,2,D,CC,ZP,F
14:30:00,INDF,RG,6700,2,D,CC,ZP,F
14:30:00,INDF,RG,6700,5,D,RX,ZP,F
14:29:42,INDF,RG,6725,13,D,DR,YP,D
14:29:31,INDF,RG,6700,2,D,RX,BB,D
14:29:12,INDF,RG,6700,16,D,RX,BB,D
14:29:12,INDF,RG,6700,49,F,ZP,BB,D
14:29:00,INDF,RG,6700,91,F,ZP,YU,D
14:29:00,INDF,RG,6700,1,F,ZP,YU,D
14:29:00,INDF,RG,6700,1,F,AK,YU,D
14:29:00,INDF,RG,6700,4,D,XC,YU,D
14:29:00,INDF,RG,6700,1,F,ZP,YU,D
14:29:00,INDF,RG,6700,7,F,ZP,YU,D
14:29:00,INDF,RG,6700,1,F,ZP,YU,D
14:29:00,INDF,RG,6700,11,F,BK,YU,D
14:29:00,INDF,RG,6700,50,D,YP,YU,D
14:29:00,INDF,RG,6700,115,F,ZP,YU,D
14:29:00,INDF,RG,6700,1,D,YP,YU,D
14:29:00,INDF,RG,6700,3,D,XC,YU,D
14:29:00,INDF,RG,6700,2,D,CS,YU,D
14:29:00,INDF,RG,6700,2,D,CD,YU,D
14:29:00,INDF,RG,6700,1,F,ZP,YU,D
14:29:00,INDF,RG,6700,88,F,ZP,YU,D
14:29:00,INDF,RG,6700,8,F,AK,YU,D
14:29:00,INDF,RG,6700,24,F,AK,YU,F
14:29:00,INDF,RG,6700,16,F,AK,AK,F
14:28:58,INDF,RG,6700,22,F,AK,BB,F
14:28:52,INDF,RG,6700,11,F,AK,BK,F
14:28:19,INDF,RG,6700,15,F,AK,CC,D
14:28:18,INDF,RG,6700,8,F,AK,ZP,F
14:28:11,INDF,RG,6700,2,F,AK,ZP,F
14:28:04,INDF,RG,6700,20,F,AK,YU,F
14:27:51,INDF,RG,6700,3,F,AK,EP,D
14:27:29,INDF,RG,6700,19,F,AK,YU,F
14:27:01,INDF,RG,6700,12,F,AK,BK,F
14:27:00,INDF,RG,6700,114,F,AK,YU,D
14:27:00,INDF,RG,6700,100,F,ZP,YU,D
14:27:00,INDF,RG,6700,42,D,BB,YU,D
14:27:00,INDF,RG,6700,78,D,BB,YU,D
14:26:30,INDF,RG,6700,2,D,BB,BB,D
14:26:30,INDF,RG,6700,27,D,BB,YU,F
14:26:21,INDF,RG,6700,9,D,BB,YU,D
14:26:08,INDF,RG,6700,65,D,BB,BB,D
14:26:07,INDF,RG,6700,5,D,BB,CC,D
14:25:54,INDF,RG,6700,22,D,BB,BB,F
14:25:36,INDF,RG,6725,1,D,HP,YP,D
14:25:23,INDF,RG,6700,4,D,BB,ZP,F
14:25:06,INDF,RG,6725,1,F,AK,YP,D
14:25:06,INDF,RG,6700,11,D,BB,BK,F
14:25:01,INDF,RG,6725,40,F,AK,YP,D
14:25:00,INDF,RG,6700,81,D,BB,YU,D
14:25:00,INDF,RG,6700,6,F,ZP,YU,D
14:25:00,INDF,RG,6700,330,D,DX,YU,D
14:25:00,INDF,RG,6725,1,F,AK,YP,D
14:24:50,INDF,RG,6725,4,D,DR,YP,D
14:24:31,INDF,RG,6700,1,D,DX,BB,D
14:23:39,INDF,RG,6725,3,F,AK,YP,D
14:23:39,INDF,RG,6700,30,D,DX,YU,D
14:23:34,INDF,RG,6725,4,D,DR,YP,D
14:23:28,INDF,RG,6725,1,F,AK,YP,D
14:23:28,INDF,RG,6700,11,D,DX,BK,F
14:23:23,INDF,RG,6700,2,D,DX,BB,D
14:23:09,INDF,RG,6700,3,D,DX,XC,D
14:23:09,INDF,RG,6700,1,D,DX,XC,D
14:23:03,INDF,RG,6700,65,D,DX,BB,D
14:23:00,INDF,RG,6700,57,D,DX,YU,D
14:23:00,INDF,RG,6700,2,D,CS,YU,D
14:23:00,INDF,RG,6700,7,D,XL,YU,D
14:23:00,INDF,RG,6700,9,D,XL,YU,D
14:23:00,INDF,RG,6700,2,D,PD,YU,D
14:23:00,INDF,RG,6700,1,D,XL,YU,D
14:23:00,INDF,RG,6700,1,D,NI,YU,D
14:23:00,INDF,RG,6700,25,D,NI,YU,D
14:23:00,INDF,RG,6700,3,D,PD,YU,D
14:23:00,INDF,RG,6700,54,D,SQ,YU,D
14:23:00,INDF,RG,6700,5,D,PD,YU,D
14:23:00,INDF,RG,6700,51,F,ZP,YU,D
14:23:00,INDF,RG,6700,76,F,ZP,YU,D
14:23:00,INDF,RG,6700,37,F,ZP,YU,D
14:23:00,INDF,RG,6700,46,F,ZP,YU,D
14:22:48,INDF,RG,6700,22,F,ZP,BB,F
14:22:46,INDF,RG,6700,9,F,ZP,BB,D
14:22:35,INDF,RG,6725,1,F,AK,YP,D
14:22:35,INDF,RG,6725,2,F,AK,YP,D
14:22:35,INDF,RG,6725,3,F,AK,YP,D
14:22:35,INDF,RG,6725,7,F,AK,YP,D
14:22:35,INDF,RG,6725,14,F,AK,YP,D
14:22:35,INDF,RG,6725,27,F,AK,YP,D
14:22:35,INDF,RG,6725,54,F,AK,YP,D
14:22:21,INDF,RG,6725,5,F,AK,YP,D
14:22:21,INDF,RG,6725,14,F,ZP,YP,D
14:22:21,INDF,RG,6725,353,D,BB,YP,D
14:22:21,INDF,RG,6725,1,F,AK,YP,D
14:22:21,INDF,RG,6725,13,F,ZP,YP,D
14:22:21,INDF,RG,6725,12,F,BK,YP,D
14:22:21,INDF,RG,6725,15,D,RX,YP,D
14:22:21,INDF,RG,6725,1,D,PD,YP,D
14:22:21,INDF,RG,6725,4,D,CS,YP,D
14:22:21,INDF,RG,6725,13,D,DR,YP,D
14:22:21,INDF,RG,6725,11,F,BK,YP,D
14:22:21,INDF,RG,6725,72,F,ZP,YP,D
14:22:21,INDF,RG,6725,3,D,CS,YP,D
14:22:21,INDF,RG,6725,17,F,ZP,YP,D
14:22:21,INDF,RG,6725,123,F,ZP,YP,D
14:22:21,INDF,RG,6725,74,D,YP,YP,D
14:22:21,INDF,RG,6725,11,F,BK,YP,D
14:22:21,INDF,RG,6725,31,D,RX,YP,D
14:22:21,INDF,RG,6725,1,F,BK,YP,D
14:22:21,INDF,RG,6725,103,F,ZP,YP,D
14:22:21,INDF,RG,6725,3,D,CS,YP,D
14:22:21,INDF,RG,6725,34,F,AK,YP,D
14:22:21,INDF,RG,6725,29,F,ZP,YP,D
14:22:21,INDF,RG,6725,1,D,EP,YP,D
14:22:21,INDF,RG,6725,2,F,AK,YP,D
14:22:21,INDF,RG,6725,9,D,BB,YP,D
14:22:21,INDF,RG,6725,1,F,AK,YP,D
14:22:21,INDF,RG,6725,27,F,BK,YP,D
14:22:21,INDF,RG,6725,208,F,ZP,YP,D
14:22:21,INDF,RG,6725,800,D,DX,YP,D
14:22:21,INDF,RG,6725,22,D,RX,YP,D
14:22:21,INDF,RG,6725,3,F,ZP,YP,D
14:22:21,INDF,RG,6725,1,D,NI,YP,D
14:22:21,INDF,RG,6725,2,D,CS,YP,D
14:22:21,INDF,RG,6725,54,D,SQ,YP,D
14:22:21,INDF,RG,6725,11,F,BK,YP,D
14:22:21,INDF,RG,6725,16,F,BK,YP,D
14:22:21,INDF,RG,6725,77,F,ZP,YP,D
14:22:21,INDF,RG,6725,662,D,BB,YP,D
14:22:21,INDF,RG,6725,11,F,BK,YP,D
14:22:21,INDF,RG,6725,2,D,CS,YP,D
14:22:21,INDF,RG,6725,1,D,AT,YP,D
14:22:21,INDF,RG,6725,1,F,ZP,YP,D
14:22:21,INDF,RG,6725,2,D,PD,YP,D
14:22:21,INDF,RG,6725,32,D,DR,YP,D
14:22:21,INDF,RG,6725,1,F,ZP,YP,D
14:22:21,INDF,RG,6725,3,D,CS,YP,D
14:22:21,INDF,RG,6725,13,F,BK,YP,D
14:22:21,INDF,RG,6725,128,F,ZP,YP,D
14:22:21,INDF,RG,6725,1,F,ZP,YP,D
14:22:21,INDF,RG,6725,229,F,ZP,YP,D
14:22:21,INDF,RG,6725,499,D,DX,YP,D
14:22:00,INDF,RG,6725,1,D,DX,XC,D
14:22:00,INDF,RG,6725,3,F,BK,XC,D
14:21:50,INDF,RG,6725,9,F,BK,BK,F
14:21:50,INDF,RG,6725,3,F,BK,BK,F
14:21:47,INDF,RG,6725,10,F,BK,KK,D
14:21:47,INDF,RG,6725,1,F,AK,KK,D
14:21:47,INDF,RG,6725,14,D,BB,KK,D
14:21:34,INDF,RG,6750,4,D,HP,PD,D
14:21:29,INDF,RG,6725,1,D,BB,BB,D
14:21:27,INDF,RG,6725,1,D,BB,PD,D
14:21:14,INDF,RG,6725,2,D,BB,YP,D
14:21:10,INDF,RG,6725,5,D,BB,XC,D
14:21:00,INDF,RG,6725,287,D,BB,YU,D
14:20:57,INDF,RG,6725,6,D,BB,YP,D
14:20:49,INDF,RG,6750,19,D,SQ,PD,D
14:20:49,INDF,RG,6750,5,D,SQ,CC,D
14:20:49,INDF,RG,6750,1,D,SQ,BR,D
14:20:49,INDF,RG,6750,4,D,SQ,PD,D
14:20:49,INDF,RG,6750,3,D,SQ,XC,D
14:20:49,INDF,RG,6750,5,D,SQ,GR,D
14:20:49,INDF,RG,6750,1,D,SQ,XC,D
14:20:49,INDF,RG,6750,3,D,SQ,XL,D
14:20:49,INDF,RG,6750,1,D,SQ,DR,D
14:20:49,INDF,RG,6750,3,D,SQ,CC,D
14:20:49,INDF,RG,6750,9,D,SQ,PD,D
14:20:48,INDF,RG,6750,11,D,RX,PD,D
14:20:34,INDF,RG,6750,5,D,RX,CC,D
14:20:34,INDF,RG,6750,3,D,RX,YP,D
14:20:17,INDF,RG,6725,3,D,BB,BB,D
14:19:58,INDF,RG,6725,66,D,BB,BB,D
14:19:52,INDF,RG,6750,11,F,BK,YP,D
14:19:45,INDF,RG,6725,22,D,BB,BB,F
14:19:42,INDF,RG,6725,5,D,BB,NI,D
14:19:21,INDF,RG,6725,1,D,BB,YP,D
14:19:03,INDF,RG,6725,10,D,BB,PD,D
14:19:00,INDF,RG,6725,2,D,BB,EP,D
14:19:00,INDF,RG,6725,238,D,BB,YU,D
14:18:26,INDF,RG,6750,17,D,RX,YP,D
14:18:07,INDF,RG,6750,1,D,MI,YP,D
14:17:28,INDF,RG,6750,5,D,DR,YP,D
14:17:27,INDF,RG,6750,1,D,DR,YP,D
14:17:22,INDF,RG,6750,1,D,YP,YP,D
14:17:14,INDF,RG,6725,2,D,BB,BB,D
14:17:14,INDF,RG,6750,9,D,RX,YP,D
14:17:13,INDF,RG,6725,3,D,BB,CC,D
14:17:10,INDF,RG,6750,52,D,BB,YP,D
14:17:10,INDF,RG,6750,1,D,BB,YP,D
14:17:10,INDF,RG,6750,2,D,BB,YP,D
14:17:10,INDF,RG,6750,10,D,BB,CC,D
14:17:10,INDF,RG,6750,50,D,BB,KK,D
14:17:10,INDF,RG,6750,1,D,BB,PD,D
14:17:10,INDF,RG,6750,4,D,BB,PD,D
14:17:10,INDF,RG,6750,1,D,BB,XC,D
14:17:10,INDF,RG,6750,1,D,BB,PD,D
14:17:10,INDF,RG,6750,1,D,BB,PD,D
14:17:10,INDF,RG,6750,2,D,BB,CC,D
14:17:10,INDF,RG,6750,1,D,BB,XC,D
14:17:10,INDF,RG,6750,7,D,BB,DH,D
14:17:10,INDF,RG,6750,35,D,BB,PD,D
14:17:02,INDF,RG,6725,10,D,BB,PD,D
14:17:00,INDF,RG,6725,141,D,BB,YU,D
14:17:00,INDF,RG,6725,1,F,AK,YU,D
14:17:00,INDF,RG,6725,9,F,BK,YU,D
14:16:51,INDF,RG,6725,15,F,BK,BB,D
14:16:51,INDF,RG,6725,49,F,ZP,BB,D
14:16:42,INDF,RG,6725,21,F,ZP,BB,F
14:16:21,INDF,RG,6725,78,F,ZP,AK,F
14:16:14,INDF,RG,6750,2,D,DR,PD,D
14:16:13,INDF,RG,6750,8,D,DR,PD,D
14:16:13,INDF,RG,6750,1,D,DR,PD,D
14:16:13,INDF,RG,6750,2,D,DR,CC,D
14:16:13,INDF,RG,6750,3,D,DR,DR,D
14:16:13,INDF,RG,6750,1,D,DR,PD,D
14:16:13,INDF,RG,6750,5,D,DR,XC,D
14:16:13,INDF,RG,6750,5,D,DR,CC,D
14:15:57,INDF,RG,6725,1,F,ZP,YP,D
14:15:31,INDF,RG,6725,7,F,ZP,AT,D
14:15:13,INDF,RG,6725,1,F,ZP,BB,D
14:15:01,INDF,RG,6750,1,F,AK,CC,D
14:15:00,INDF,RG,6725,96,F,ZP,YU,D
14:15:00,INDF,RG,6725,13,F,ZP,YU,D
14:15:00,INDF,RG,6725,282,D,DH,YU,D
14:14:43,INDF,RG,6750,10,D,RX,CC,D
14:14:40,INDF,RG,6750,4,F,BK,CC,D
14:14:40,INDF,RG,6750,4,F,BK,YP,D
14:14:40,INDF,RG,6750,1,F,BK,YP,D
14:14:40,INDF,RG,6750,2,F,BK,XC,D
14:14:11,INDF,RG,6725,3,D,DH,XA,D
14:14:07,INDF,RG,6725,2,D,DH,BB,D
14:13:48,INDF,RG,6725,64,D,DH,BB,D
14:13:39,INDF,RG,6725,22,D,DH,BB,F
14:13:00,INDF,RG,6725,186,D,DH,YU,D
14:12:31,INDF,RG,6750,3,D,YP,XC,D
14:12:31,INDF,RG,6750,1,D,YP,YP,D
14:12:31,INDF,RG,6750,2,D,YP,NI,D
14:12:31,INDF,RG,6750,1,D,YP,PD,D
14:12:31,INDF,RG,6750,1,D,YP,XC,D
14:12:31,INDF,RG,6750,1,D,YP,XC,D
14:12:31,INDF,RG,6750,2,D,YP,YP,D
14:12:31,INDF,RG,6750,40,D,YP,DH,D
14:12:31,INDF,RG,6750,2,D,YP,XC,D
14:12:31,INDF,RG,6750,47,D,YP,OD,D
14:12:08,INDF,RG,6725,5,D,DH,CC,D
14:12:04,INDF,RG,6750,8,D,RX,OD,D
14:11:40,INDF,RG,6750,45,D,BB,OD,D
14:11:40,INDF,RG,6750,1,D,BB,XC,D
14:11:40,INDF,RG,6750,1,D,BB,CC,D
14:11:40,INDF,RG,6750,1,D,BB,CC,D
14:11:40,INDF,RG,6750,1,D,BB,XC,D
14:11:40,INDF,RG,6750,14,D,BB,YP,D
14:11:40,INDF,RG,6750,8,D,BB,PD,D
14:11:40,INDF,RG,6750,25,D,BB,YP,D
14:11:40,INDF,RG,6750,2,D,BB,YP,D
14:11:40,INDF,RG,6750,13,D,BB,XL,D
14:11:40,INDF,RG,6750,1,D,BB,XL,D
14:11:40,INDF,RG,6750,2,D,BB,HP,D
14:11:40,INDF,RG,6750,10,D,BB,CC,D
14:11:40,INDF,RG,6750,4,D,BB,PD,D
14:11:40,INDF,RG,6750,2,D,BB,XC,D
14:11:40,INDF,RG,6750,5,D,BB,SQ,D
14:11:40,INDF,RG,6750,2,D,BB,PD,D
14:11:40,INDF,RG,6750,2,D,BB,YP,D
14:11:40,INDF,RG,6750,5,D,BB,DR,D
14:11:40,INDF,RG,6750,1,D,BB,PD,D
14:11:40,INDF,RG,6750,71,D,BB,PD,D
14:11:20,INDF,RG,6725,2,D,DH,PD,D
14:11:18,INDF,RG,6725,25,D,DH,XC,D
14:11:04,INDF,RG,6725,2,D,DH,BB,D
14:11:00,INDF,RG,6725,407,D,DH,YU,D
14:11:00,INDF,RG,6725,43,F,ZP,YU,D
14:10:56,INDF,RG,6725,10,F,ZP,NI,D
14:10:56,INDF,RG,6725,10,D,YP,NI,D
14:10:48,INDF,RG,6725,10,D,YP,SQ,D
14:10:48,INDF,RG,6725,29,D,YP,BB,D
14:10:35,INDF,RG,6725,22,D,YP,BB,F
14:09:51,INDF,RG,6725,3,D,YP,XC,D
14:09:51,INDF,RG,6725,1,D,CD,XC,D
14:09:46,INDF,RG,6750,5,D,DH,PD,D
14:09:35,INDF,RG,6725,1,D,CD,XC,D
14:09:00,INDF,RG,6725,3,D,CD,YU,D
14:09:00,INDF,RG,6725,5,F,ZP,YU,D
14:09:00,INDF,RG,6725,1,F,ZP,YU,D
14:09:00,INDF,RG,6725,15,D,BB,YU,D
14:09:00,INDF,RG,6725,15,D,RX,YU,D
14:09:00,INDF,RG,6725,2,D,NI,YU,D
14:09:00,INDF,RG,6725,48,D,BB,YU,D
14:09:00,INDF,RG,6725,1,F,AK,YU,D
14:09:00,INDF,RG,6725,12,F,BK,YU,D
14:09:00,INDF,RG,6725,4,F,ZP,YU,D
14:09:00,INDF,RG,6725,22,F,ZP,YU,D
14:08:52,INDF,RG,6750,12,D,DR,PD,D
14:08:52,INDF,RG,6725,1,F,ZP,BB,D
14:08:51,INDF,RG,6750,1,D,PD,PD,D
14:08:22,INDF,RG,6750,8,D,RX,PD,D
14:08:14,INDF,RG,6725,1,F,ZP,XC,D
14:08:03,INDF,RG,6725,3,F,ZP,BB,D
14:07:33,INDF,RG,6725,22,F,ZP,BB,F
14:07:00,INDF,RG,6725,71,F,ZP,YU,D
14:06:06,INDF,RG,6725,2,F,ZP,YP,D
14:05:32,INDF,RG,6725,3,F,ZP,YP,D
14:05:15,INDF,RG,6725,1,F,ZP,YP,D
14:05:15,INDF,RG,6725,12,F,ZP,PD,D
14:05:02,INDF,RG,6725,1,F,ZP,BB,D
14:05:00,INDF,RG,6725,57,F,ZP,YU,D
14:05:00,INDF,RG,6725,11,F,BK,YU,D
14:05:00,INDF,RG,6725,2,F,ZP,YU,D
14:05:00,INDF,RG,6725,37,F,AK,YU,D
14:04:30,INDF,RG,6725,21,F,AK,BB,F
14:04:11,INDF,RG,6725,1,F,AK,OD,D
14:03:21,INDF,RG,6725,6,F,AK,XL,D
14:03:12,INDF,RG,6725,1,F,AK,YP,D
14:03:00,INDF,RG,6725,96,F,AK,YU,D
14:03:00,INDF,RG,6725,3,D,CS,YU,D
14:03:00,INDF,RG,6725,39,D,DX,YU,D
14:02:21,INDF,RG,6725,1,D,DX,YP,D
14:02:18,INDF,RG,6750,53,F,AK,PD,D
14:02:18,INDF,RG,6750,6,F,AK,KK,D
14:02:18,INDF,RG,6750,8,F,AK,YP,D
14:02:18,INDF,RG,6750,2,F,AK,PD,D
14:01:53,INDF,RG,6750,8,D,RX,PD,D
14:01:27,INDF,RG,6725,2,D,DX,BB,F
14:01:18,INDF,RG,6725,8,D,DX,YP,D
14:01:16,INDF,RG,6750,1,D,DR,AT,D
14:01:16,INDF,RG,6750,1,D,DR,BK,F
14:00:43,INDF,RG,6725,6,D,DX,CC,D
14:00:25,INDF,RG,6725,5,D,DX,NI,D
14:00:01,INDF,RG,6750,1,D,PD,BK,F
13:59:59,INDF,RG,6725,20,D,DX,HP,D
13:59:18,INDF,RG,6725,22,D,DX,YU,F
13:59:18,INDF,RG,6725,94,D,DX,YU,D
13:59:18,INDF,RG,6725,3,D,DX,PD,D
13:59:04,INDF,RG,6725,2,D,DR,PD,D
13:58:51,INDF,RG,6725,2,F,ZP,BB,D
13:58:51,INDF,RG,6725,5,F,ZP,BB,D
13:58:51,INDF,RG,6725,15,F,ZP,NI,D
13:58:51,INDF,RG,6725,2,F,ZP,BR,D
13:58:51,INDF,RG,6725,1,F,ZP,XC,D
13:58:51,INDF,RG,6725,1,F,ZP,YP,D
13:58:51,INDF,RG,6725,1,F,ZP,BB,D
13:58:51,INDF,RG,6725,163,D,DX,BB,D
13:58:51,INDF,RG,6725,10,D,DX,YP,D
13:58:51,INDF,RG,6725,1,D,DX,BR,D
13:58:51,INDF,RG,6725,1,D,DX,XC,D
13:58:51,INDF,RG,6725,2,D,DX,CC,D
13:58:51,INDF,RG,6725,98,D,DX,CC,D
13:58:51,INDF,RG,6725,10,D,DX,SQ,D
13:58:51,INDF,RG,6725,1,D,DX,PD,D
13:58:51,INDF,RG,6725,37,D,DX,BB,F
13:58:51,INDF,RG,6725,43,D,DX,YU,D
13:58:51,INDF,RG,6725,111,D,DX,YU,D
13:58:51,INDF,RG,6725,5,D,DX,NI,D
13:58:51,INDF,RG,6725,5,D,DX,XC,D
13:58:51,INDF,RG,6725,3,D,DX,BB,F
13:58:51,INDF,RG,6725,1,D,DX,BB,D
13:58:51,INDF,RG,6725,9,D,DX,YP,D
13:58:41,INDF,RG,6725,16,D,CC,YP,D
13:58:41,INDF,RG,6725,2,D,CC,BB,D
13:58:41,INDF,RG,6725,1,D,CC,BB,D
13:58:32,INDF,RG,6700,6,F,AK,CC,D
13:58:23,INDF,RG,6700,8,F,AK,BB,F
13:58:23,INDF,RG,6700,2,F,ZP,BB,F
13:58:23,INDF,RG,6700,17,D,DR,BB,F
13:58:18,INDF,RG,6700,1,F,ZP,BB,F
13:58:18,INDF,RG,6700,1,F,ZP,YP,D
13:58:18,INDF,RG,6700,9,F,ZP,BB,D
13:58:15,INDF,RG,6700,7,D,YP,BB,D
13:58:15,INDF,RG,6700,8,D,YP,BB,F
13:58:15,INDF,RG,6700,35,D,YP,YU,F
13:58:13,INDF,RG,6700,11,F,ZP,YU,F
13:58:13,INDF,RG,6700,2,F,ZP,BB,D
13:58:12,INDF,RG,6700,22,F,ZP,BB,D
13:58:11,INDF,RG,6700,1,F,ZP,BB,D
13:58:11,INDF,RG,6700,11,F,ZP,BB,F
13:58:11,INDF,RG,6700,4,F,ZP,ZP,F
13:58:11,INDF,RG,6700,12,F,ZP,BK,F
13:58:11,INDF,RG,6700,7,F,ZP,CC,D
13:58:08,INDF,RG,6700,9,F,AK,CC,D
13:58:08,INDF,RG,6700,11,F,AK,CC,D
13:58:08,INDF,RG,6700,2,F,AK,BR,D
13:58:08,INDF,RG,6700,21,F,AK,YU,F
13:58:08,INDF,RG,6700,49,F,ZP,YU,F
13:58:08,INDF,RG,6700,1,F,ZP,ZP,F
13:58:08,INDF,RG,6700,14,F,ZP,AK,F
13:58:07,INDF,RG,6700,2,D,YB,AK,F
13:58:07,INDF,RG,6700,1,D,YB,YP,D
13:58:07,INDF,RG,6700,19,D,YB,AK,F
13:58:07,INDF,RG,6700,1,D,YB,BB,D
13:58:07,INDF,RG,6700,5,D,YB,BB,D
13:58:07,INDF,RG,6700,4,D,YB,BB,D
13:58:07,INDF,RG,6700,9,D,YB,BB,F
13:58:07,INDF,RG,6700,59,D,YB,BB,D
13:58:06,INDF,RG,6700,14,F,ZP,BB,D
13:58:03,INDF,RG,6700,21,F,ZP,BB,D
13:58:03,INDF,RG,6700,5,F,ZP,BK,F
13:58:01,INDF,RG,6700,10,D,AZ,BK,F
13:58:00,INDF,RG,6700,11,F,ZP,BK,F
13:58:00,INDF,RG,6675,101,D,DH,YU,D
13:57:57,INDF,RG,6700,10,D,YP,BK,F
13:57:57,INDF,RG,6700,15,D,YP,YU,F
13:57:45,INDF,RG,6700,40,D,YJ,YU,F
13:57:39,INDF,RG,6700,54,D,SQ,YU,F
13:57:26,INDF,RG,6700,25,D,YP,YU,F
13:57:20,INDF,RG,6700,231,D,CC,YU,F
13:57:02,INDF,RG,6675,3,D,DH,BB,D
13:56:58,INDF,RG,6700,1,D,NI,YU,F
13:56:43,INDF,RG,6675,11,D,DH,BB,D
13:56:33,INDF,RG,6675,76,D,DH,BB,F
13:56:05,INDF,RG,6700,97,F,AK,YU,F
13:56:05,INDF,RG,6700,9,F,AK,BB,F
13:56:05,INDF,RG,6700,17,F,AK,BB,D
13:56:00,INDF,RG,6700,2,F,AK,BB,D
13:56:00,INDF,RG,6700,1,F,AK,ZP,F
13:56:00,INDF,RG,6700,1,F,AK,ZP,F
13:56:00,INDF,RG,6700,52,F,AK,YU,D
13:56:00,INDF,RG,6700,4,D,BB,YU,D
13:55:57,INDF,RG,6675,36,D,DH,BB,D
13:55:57,INDF,RG,6700,2,F,ZP,BB,D
13:55:57,INDF,RG,6700,1,F,ZP,BB,D
13:55:57,INDF,RG,6700,4,D,BB,BB,D
13:55:57,INDF,RG,6700,36,F,ZP,BB,D
13:55:57,INDF,RG,6700,10,D,DR,BB,D
13:55:57,INDF,RG,6700,33,D,BB,BB,D
13:55:57,INDF,RG,6700,3,D,CS,BB,D
13:55:57,INDF,RG,6700,2,F,BK,BB,D
13:55:27,INDF,RG,6700,8,F,BK,YU,F
13:55:27,INDF,RG,6700,17,F,ZP,YU,F
13:55:26,INDF,RG,6700,2,F,ZP,ZP,F
13:55:19,INDF,RG,6700,5,F,ZP,PD,D
13:55:19,INDF,RG,6700,13,F,ZP,KK,D
13:55:15,INDF,RG,6700,41,D,BB,AK,F
13:55:15,INDF,RG,6700,7,D,RX,AK,F
13:55:15,INDF,RG,6700,1,F,ZP,AK,F
13:55:15,INDF,RG,6700,12,D,CC,AK,F
13:55:15,INDF,RG,6700,2,D,SQ,AK,F
13:55:15,INDF,RG,6700,4,D,XC,AK,F
13:55:15,INDF,RG,6700,1,F,ZP,AK,F
13:55:15,INDF,RG,6700,4,D,CS,AK,F
13:55:15,INDF,RG,6700,5,D,YP,AK,F
13:55:15,INDF,RG,6700,1,F,ZP,AK,F
13:55:15,INDF,RG,6700,4,F,ZP,AK,F
13:55:15,INDF,RG,6700,10,F,BK,AK,F
13:55:15,INDF,RG,6700,1,F,ZP,AK,F
13:55:15,INDF,RG,6700,5,D,YP,AK,F
13:55:15,INDF,RG,6700,5,D,DR,AK,F
13:55:00,INDF,RG,6700,6,D,DR,YU,D
13:55:00,INDF,RG,6700,5,D,YP,YU,D
13:55:00,INDF,RG,6700,7,D,BB,YU,D
13:55:00,INDF,RG,6700,12,F,BK,YU,D
13:55:00,INDF,RG,6700,77,F,ZP,YU,D
13:55:00,INDF,RG,6700,3,F,ZP,YU,D
13:55:00,INDF,RG,6700,28,D,BB,YU,D
13:54:56,INDF,RG,6700,5,D,BB,SQ,D
13:54:54,INDF,RG,6700,10,D,BB,XA,D
13:54:40,INDF,RG,6700,18,D,BB,YU,F
13:54:37,INDF,RG,6725,5,D,XL,AK,F
13:54:11,INDF,RG,6725,1,D,DR,AK,F
13:54:10,INDF,RG,6725,11,D,DR,AK,F
13:54:03,INDF,RG,6700,2,D,BB,PD,D
13:53:33,INDF,RG,6700,20,D,BB,SQ,D
13:53:27,INDF,RG,6700,27,D,BB,YU,F
13:53:12,INDF,RG,6700,6,D,BB,XL,D
13:53:01,INDF,RG,6725,10,D,CC,AK,F
13:53:00,INDF,RG,6700,75,D,BB,YU,D
13:53:00,INDF,RG,6700,16,D,BB,AK,F
13:52:44,INDF,RG,6700,6,D,BB,ZP,F
13:52:30,INDF,RG,6700,2,D,BB,ZP,F
13:51:54,INDF,RG,6700,1,D,BB,YP,D
13:51:24,INDF,RG,6700,10,D,BB,XC,D
13:51:15,INDF,RG,6700,5,D,BB,BB,D
13:51:14,INDF,RG,6700,29,D,BB,BB,D
13:51:14,INDF,RG,6700,1,F,AK,BB,D
13:51:14,INDF,RG,6700,1,F,ZP,BB,D
13:51:14,INDF,RG,6700,2,D,CS,BB,D
13:51:14,INDF,RG,6700,65,F,AK,BB,D
13:51:00,INDF,RG,6700,81,F,AK,YU,D
13:51:00,INDF,RG,6700,1,D,YP,YU,D
13:50:39,INDF,RG,6700,10,D,YP,CC,D
13:49:38,INDF,RG,6700,10,D,YP,YP,D
13:49:00,INDF,RG,6700,29,D,YP,YU,D
13:49:00,INDF,RG,6700,97,D,SQ,YU,D
13:48:38,INDF,RG,6700,3,D,SQ,YP,D
13:48:38,INDF,RG,6700,6,D,BB,YP,D
13:48:38,INDF,RG,6700,1,D,DR,YP,D
13:48:38,INDF,RG,6700,10,D,DR,YP,D
13:48:38,INDF,RG,6700,1,D,PD,YP,D
13:48:38,INDF,RG,6700,2,D,CC,YP,D
13:48:38,INDF,RG,6700,7,F,BK,YP,D
13:48:37,INDF,RG,6700,4,F,BK,CC,D
13:48:37,INDF,RG,6700,2,F,ZP,CC,D
13:48:37,INDF,RG,6700,1,F,ZP,CC,D
13:48:37,INDF,RG,6700,2,D,XL,CC,D
13:48:37,INDF,RG,6700,131,D,BB,CC,D
13:48:08,INDF,RG,6700,9,D,BB,YP,D
13:48:08,INDF,RG,6700,1,D,LS,YP,D
13:47:58,INDF,RG,6700,1,D,LS,BQ,D
13:47:52,INDF,RG,6700,4,D,CS,YP,D
13:47:52,INDF,RG,6700,1,F,ZP,YP,D
13:47:52,INDF,RG,6700,1,F,AK,YP,D
13:47:52,INDF,RG,6700,3,D,CC,YP,D
13:47:52,INDF,RG,6700,4,F,ZP,YP,D
13:47:52,INDF,RG,6700,1,F,ZP,YP,D
13:47:52,INDF,RG,6700,5,D,GR,YP,D
13:47:30,INDF,RG,6700,3,D,GR,ZP,F
13:47:15,INDF,RG,6700,2,D,GR,YP,D
13:47:11,INDF,RG,6700,1,D,GR,ZP,F
13:47:00,INDF,RG,6700,9,D,GR,YU,D
13:47:00,INDF,RG,6700,3,D,HP,YU,D
13:47:00,INDF,RG,6700,11,D,DR,YU,D
13:47:00,INDF,RG,6700,10,D,CC,YU,D
13:47:00,INDF,RG,6700,1,F,ZP,YU,D
13:47:00,INDF,RG,6700,6,F,ZP,YU,D
13:47:00,INDF,RG,6700,9,D,BB,YU,D
13:47:00,INDF,RG,6700,18,F,AK,YU,D
13:46:49,INDF,RG,6725,11,D,DR,AK,F
13:46:45,INDF,RG,6700,100,F,AK,FS,D
13:46:29,INDF,RG,6700,7,F,AK,PD,D
13:46:23,INDF,RG,6700,1,F,ZP,BQ,D
13:46:23,INDF,RG,6700,1,D,CC,BQ,D
13:45:46,INDF,RG,6700,5,D,CC,NI,D
13:45:44,INDF,RG,6700,1,D,CC,YP,D
13:45:25,INDF,RG,6725,1,D,PD,AK,F
13:45:23,INDF,RG,6700,1,D,CC,CC,D
13:45:22,INDF,RG,6700,1,D,CC,ZP,F
13:45:18,INDF,RG,6700,11,D,CC,BB,D
13:45:18,INDF,RG,6700,54,D,SQ,BB,D
13:45:18,INDF,RG,6700,3,D,YP,BB,D
13:45:18,INDF,RG,6700,5,D,PD,BB,D
13:45:18,INDF,RG,6700,8,D,BB,BB,D
13:45:16,INDF,RG,6700,3,D,BB,ZP,F
13:45:11,INDF,RG,6700,4,D,BB,ZP,F
13:45:11,INDF,RG,6700,1,D,PD,ZP,F
13:45:11,INDF,RG,6700,2,D,YP,ZP,F
13:45:11,INDF,RG,6700,1,D,PD,ZP,F
13:45:06,INDF,RG,6700,3,D,PD,BB,D
13:45:00,INDF,RG,6700,3,D,PD,YU,D
13:45:00,INDF,RG,6700,1,D,PD,YU,D
13:45:00,INDF,RG,6700,12,D,YP,YU,D
13:45:00,INDF,RG,6700,50,D,PD,YU,D
13:45:00,INDF,RG,6700,2,D,PD,YU,D
13:45:00,INDF,RG,6700,3,D,EP,YU,D
13:45:00,INDF,RG,6700,67,D,YB,YU,D
13:44:56,INDF,RG,6725,5,D,BB,AK,F
13:44:56,INDF,RG,6725,1,D,BB,BK,F
13:44:52,INDF,RG,6700,1,D,YB,XC,D
13:44:47,INDF,RG,6700,10,D,YB,SQ,D
13:44:44,INDF,RG,6700,15,D,YB,OD,D
13:44:37,INDF,RG,6700,1,D,YB,NI,D
13:44:37,INDF,RG,6700,6,D,YB,YP,D
13:44:37,INDF,RG,6700,9,D,LS,YP,D
13:44:37,INDF,RG,6700,1,D,LS,PD,D
13:44:37,INDF,RG,6700,1,D,PD,PD,D
13:44:37,INDF,RG,6700,3,F,ZP,PD,D
13:43:18,INDF,RG,6700,51,F,ZP,YP,D
13:43:14,INDF,RG,6700,10,F,ZP,SQ,D
13:43:01,INDF,RG,6700,5,F,ZP,YP,D
13:41:59,INDF,RG,6700,1,F,ZP,XL,D
13:41:47,INDF,RG,6700,3,F,ZP,YP,D
13:41:20,INDF,RG,6725,23,D,DR,BK,F
13:41:20,INDF,RG,6725,3,D,DR,BB,F
13:41:20,INDF,RG,6725,3,D,DR,BB,D
13:41:15,INDF,RG,6700,102,F,ZP,YU,D
13:41:03,INDF,RG,6725,1,D,PD,BB,D
13:40:41,INDF,RG,6700,104,F,ZP,BB,D
13:40:34,INDF,RG,6700,4,F,ZP,BB,D
13:40:27,INDF,RG,6725,2,D,BB,BB,D
13:40:23,INDF,RG,6725,2,D,CS,AK,F
13:40:23,INDF,RG,6725,1,F,AK,AK,F
13:40:23,INDF,RG,6725,11,F,BK,AK,F
13:40:23,INDF,RG,6725,2,F,ZP,AK,F
13:40:23,INDF,RG,6725,3,D,CS,AK,F
13:40:23,INDF,RG,6725,5,D,CC,AK,F
13:40:23,INDF,RG,6725,1,F,ZP,AK,F
13:40:23,INDF,RG,6725,11,F,BK,AK,F
13:40:23,INDF,RG,6725,54,D,SQ,AK,F
13:40:23,INDF,RG,6725,28,D,DR,AK,F
13:40:23,INDF,RG,6725,1,F,AK,AK,F
13:40:23,INDF,RG,6725,146,F,ZP,AK,F
13:40:23,INDF,RG,6725,10,D,BB,AK,F
13:40:23,INDF,RG,6725,16,F,BK,AK,F
13:40:23,INDF,RG,6725,3,D,CS,AK,F
13:40:23,INDF,RG,6725,1,D,CS,AK,F
13:40:23,INDF,RG,6725,233,D,BB,AK,F
13:40:23,INDF,RG,6725,3,D,BB,ZP,F
13:40:23,INDF,RG,6725,16,D,BB,ZP,F
13:40:23,INDF,RG,6725,353,D,BB,XC,D
13:40:23,INDF,RG,6725,1,D,CS,XC,D
13:40:23,INDF,RG,6725,2,D,CS,XC,D
13:40:23,INDF,RG,6725,1,D,CS,XC,D
13:40:23,INDF,RG,6725,77,D,AG,XC,D
13:40:23,INDF,RG,6725,1,F,AK,XC,D
13:40:23,INDF,RG,6725,47,F,ZP,XC,D
13:40:23,INDF,RG,6725,28,F,BK,XC,D
13:40:23,INDF,RG,6725,141,F,ZP,XC,D
13:40:23,INDF,RG,6725,8,F,ZP,XC,D
13:40:23,INDF,RG,6725,122,F,AK,XC,D
13:40:23,INDF,RG,6725,16,D,BB,XC,D
13:40:23,INDF,RG,6725,1,D,CS,XC,D
13:40:23,INDF,RG,6725,2,D,CS,XC,D
13:40:23,INDF,RG,6725,1,D,CS,XC,D
13:40:23,INDF,RG,6725,199,D,BB,XC,D
13:40:00,INDF,RG,6725,1,D,BB,YP,D
13:39:29,INDF,RG,6725,130,D,BB,KK,D
13:39:00,INDF,RG,6725,3,D,BB,SQ,D
13:38:24,INDF,RG,6725,5,D,BB,KK,D
13:37:57,INDF,RG,6750,2,D,NI,YP,D
13:37:55,INDF,RG,6750,2,D,YP,NI,D
13:37:55,INDF,RG,6750,2,D,YP,YP,D
13:37:55,INDF,RG,6750,1,D,YP,NI,D
13:37:55,INDF,RG,6750,5,D,YP,CC,D
13:37:55,INDF,RG,6750,2,D,YP,SQ,D
13:37:55,INDF,RG,6750,1,D,YP,NI,D
13:37:55,INDF,RG,6750,24,D,YP,NI,D
13:37:02,INDF,RG,6750,4,D,DR,NI,D
13:36:34,INDF,RG,6725,10,D,BB,XC,D
13:36:32,INDF,RG,6725,50,D,BB,KK,D
13:36:32,INDF,RG,6725,1,D,BB,XL,D
13:36:05,INDF,RG,6725,98,D,BB,YU,D
13:35:56,INDF,RG,6725,2,D,BB,YP,D
13:35:49,INDF,RG,6750,7,D,DR,NI,D
13:35:49,INDF,RG,6750,3,D,DR,YP,D
13:35:49,INDF,RG,6750,1,D,DR,YP,D
13:34:34,INDF,RG,6725,1,D,BB,XC,D
13:34:20,INDF,RG,6750,1,D,XC,TP,D
13:33:21,INDF,RG,6750,9,D,CC,TP,D
13:33:21,INDF,RG,6750,1,D,CC,NI,D
13:31:42,INDF,RG,6750,25,D,PD,SQ,D
13:31:24,INDF,RG,6725,17,F,ZP,YU,F
13:31:22,INDF,RG,6725,46,F,ZP,YU,F
13:31:22,INDF,RG,6725,1,F,ZP,KK,D
13:31:11,INDF,RG,6725,1,F,ZP,ZP,F
13:31:11,INDF,RG,6725,12,F,ZP,YP,D
13:31:04,INDF,RG,6725,20,F,ZP,NI,D
13:30:51,INDF,RG,6725,65,F,ZP,CC,D
13:30:38,INDF,RG,6725,6,F,AK,ZP,F
13:30:38,INDF,RG,6725,29,F,AK,YU,F
13:30:38,INDF,RG,6725,2,F,AK,BB,D
13:30:38,INDF,RG,6725,1,F,AK,ZP,F
13:30:38,INDF,RG,6725,17,F,AK,BB,F
13:30:38,INDF,RG,6725,32,F,AK,YU,F
13:30:35,INDF,RG,6725,74,F,ZP,YU,F
13:30:33,INDF,RG,6725,13,F,ZP,YU,F
13:30:28,INDF,RG,6725,14,F,ZP,YU,F
13:30:26,INDF,RG,6725,9,F,ZP,YU,F
13:30:23,INDF,RG,6725,11,F,ZP,YU,F
13:30:23,INDF,RG,6725,4,F,ZP,NI,D
13:30:21,INDF,RG,6725,9,F,ZP,NI,D
13:30:18,INDF,RG,6725,5,F,ZP,NI,D
13:30:18,INDF,RG,6725,8,F,ZP,AK,F
13:30:15,INDF,RG,6725,8,F,ZP,AK,F
13:30:15,INDF,RG,6725,1,F,ZP,ZP,F
13:30:15,INDF,RG,6725,11,F,ZP,YP,D
13:30:13,INDF,RG,6725,35,F,ZP,YP,D
13:30:07,INDF,RG,6725,2,F,AK,YP,D
13:30:06,INDF,RG,6700,8,F,BK,AK,F
13:30:06,INDF,RG,6700,1,D,CS,AK,F
13:30:06,INDF,RG,6700,1,D,CS,AK,F
13:30:06,INDF,RG,6700,1,D,CS,AK,F
13:30:06,INDF,RG,6700,28,D,FS,AK,F
13:30:05,INDF,RG,6725,16,F,ZP,YP,D
13:30:05,INDF,RG,6725,18,F,ZP,YP,D
13:30:04,INDF,RG,6725,2,D,XC,YP,D
13:30:04,INDF,RG,6725,1,D,XC,YP,D
13:30:04,INDF,RG,6725,1,D,XC,YP,D
13:30:04,INDF,RG,6725,1,D,XC,YP,D
13:30:04,INDF,RG,6725,1,D,YP,YP,D
13:30:04,INDF,RG,6700,8,D,FS,XL,D
13:30:04,INDF,RG,6725,1,D,YP,YP,D
13:30:03,INDF,RG,6725,1,D,CS,YP,D
13:30:03,INDF,RG,6725,1,D,CS,YP,D
13:30:03,INDF,RG,6725,1,D,CC,YP,D
13:30:03,INDF,RG,6700,1,D,FS,XL,D
13:30:02,INDF,RG,6725,1,D,CC,YP,D
13:30:02,INDF,RG,6725,1,D,CC,YP,D
13:30:02,INDF,RG,6725,5,D,PD,YP,D
13:30:02,INDF,RG,6700,32,D,FS,PD,D
13:30:02,INDF,RG,6700,6,D,FS,PD,D
13:30:02,INDF,RG,6700,1,D,FS,PD,D
13:30:02,INDF,RG,6725,1,D,CC,YP,D
13:30:01,INDF,RG,6700,3,D,FS,PD,D
13:30:01,INDF,RG,6700,2,D,FS,XL,D
13:30:01,INDF,RG,6750,2,D,LG,SQ,D
13:30:01,INDF,RG,6700,3,D,FS,PD,D
13:30:01,INDF,RG,6725,25,D,YP,PD,D
13:30:01,INDF,RG,6750,5,D,YP,SQ,D
13:30:01,INDF,RG,6750,10,D,KK,SQ,D
13:30:01,INDF,RG,6700,3,D,FS,PD,D
13:30:01,INDF,RG,6750,5,D,EP,SQ,D
13:30:01,INDF,RG,6750,2,D,PD,SQ,D
13:30:01,INDF,RG,6750,111,D,KI,SQ,D
13:30:01,INDF,RG,6750,1,D,KI,NI,D
13:30:01,INDF,RG,6750,5,D,KI,XC,D
13:30:01,INDF,RG,6750,11,D,KI,BK,F
13:30:01,INDF,RG,6750,191,D,KI,RF,D
13:30:01,INDF,RG,6725,64,D,KI,AZ,D
13:30:01,INDF,RG,6700,2,D,FS,KK,D
13:30:01,INDF,RG,6725,1,D,BK,AZ,D
13:30:01,INDF,RG,6700,8,D,FS,AZ,D
11:29:58,INDF,RG,6750,1,D,BB,RF,D
11:29:57,INDF,RG,6750,10,F,ZP,RF,D
11:29:54,INDF,RG,6700,2,D,FS,BB,F
11:29:53,INDF,RG,6750,8,F,ZP,RF,D
11:29:51,INDF,RG,6750,36,F,ZP,RF,D
11:29:50,INDF,RG,6725,1,F,ZP,AK,F
11:29:50,INDF,RG,6725,1,F,ZP,ZP,F
11:29:50,INDF,RG,6725,5,F,ZP,GR,D
11:29:50,INDF,RG,6725,2,F,ZP,YP,D
11:29:49,INDF,RG,6725,1,D,CS,YP,D
11:29:49,INDF,RG,6700,1,D,FS,XC,D
11:29:49,INDF,RG,6725,2,F,AK,YP,D
11:29:49,INDF,RG,6725,1,F,AK,PD,D
11:29:49,INDF,RG,6725,1,F,AK,CC,D
11:29:49,INDF,RG,6725,1,F,AK,CC,D
11:29:49,INDF,RG,6725,5,F,AK,YP,D
11:29:49,INDF,RG,6725,10,F,AK,DR,D
11:29:49,INDF,RG,6725,25,F,AK,TF,D
11:29:49,INDF,RG,6725,5,F,AK,YB,D
11:29:49,INDF,RG,6725,1,F,AK,NI,D
11:29:49,INDF,RG,6725,2,F,AK,XC,D
11:29:49,INDF,RG,6725,5,F,AK,YP,D
11:29:49,INDF,RG,6725,19,F,AK,KK,D
11:29:49,INDF,RG,6725,1,F,AK,PD,D
11:29:49,INDF,RG,6725,15,F,AK,XL,D
11:29:49,INDF,RG,6725,1,F,AK,DH,D
11:29:49,INDF,RG,6725,10,F,AK,CC,D
11:29:49,INDF,RG,6725,5,F,AK,CC,D
11:29:49,INDF,RG,6725,2,F,AK,CC,D
11:29:49,INDF,RG,6725,1,F,AK,YP,D
11:29:49,INDF,RG,6725,4,F,AK,XC,D
11:29:49,INDF,RG,6725,1,F,AK,BR,D
11:29:49,INDF,RG,6725,2,F,AK,CC,D
11:29:49,INDF,RG,6725,5,F,AK,SQ,D
11:29:49,INDF,RG,6725,37,F,AK,CC,D
11:29:49,INDF,RG,6725,1,F,AK,CC,D
11:29:49,INDF,RG,6725,40,F,AK,SQ,D
11:29:49,INDF,RG,6725,19,F,AK,CC,D
11:29:47,INDF,RG,6725,1,F,ZP,CC,D
11:29:47,INDF,RG,6725,3,F,ZP,NI,D
11:29:47,INDF,RG,6725,10,F,ZP,EP,D
11:29:46,INDF,RG,6725,2,F,ZP,CC,D
11:29:46,INDF,RG,6725,2,F,ZP,XC,D
11:29:46,INDF,RG,6725,6,F,ZP,KK,D
11:29:45,INDF,RG,6725,4,F,ZP,KK,D
11:29:45,INDF,RG,6725,15,F,ZP,NI,D
11:29:44,INDF,RG,6725,11,F,BK,NI,D
11:29:43,INDF,RG,6725,13,F,ZP,NI,D
11:29:41,INDF,RG,6725,17,F,ZP,NI,D
11:29:39,INDF,RG,6725,2,F,ZP,NI,D
11:29:38,INDF,RG,6725,25,F,ZP,NI,D
11:29:36,INDF,RG,6725,37,F,ZP,NI,D
11:29:36,INDF,RG,6725,50,F,ZP,PD,D
11:29:36,INDF,RG,6725,10,F,ZP,CC,D
11:29:36,INDF,RG,6725,30,F,ZP,CC,D
11:29:36,INDF,RG,6725,1,F,ZP,DR,D
11:29:36,INDF,RG,6725,5,F,ZP,DR,D
11:29:36,INDF,RG,6725,1,F,ZP,YP,D
11:29:33,INDF,RG,6700,10,F,AK,ZP,F
11:29:33,INDF,RG,6700,38,F,AK,ZP,F
11:29:33,INDF,RG,6700,1,F,AK,AK,F
11:29:33,INDF,RG,6700,2,F,AK,AK,F
11:29:33,INDF,RG,6700,1,F,AK,DR,D
11:29:33,INDF,RG,6700,1,F,AK,PD,D
11:29:33,INDF,RG,6700,3,F,AK,PD,D
11:29:33,INDF,RG,6700,10,F,AK,DH,D
11:29:33,INDF,RG,6700,1,F,AK,XL,D
11:29:33,INDF,RG,6700,1,F,AK,CC,D
11:29:33,INDF,RG,6700,1,F,AK,PD,D
11:29:33,INDF,RG,6700,2,F,AK,PD,D
11:29:33,INDF,RG,6700,1,F,AK,PD,D
11:29:33,INDF,RG,6700,25,F,AK,XC,D
11:29:33,INDF,RG,6700,10,F,AK,PD,D
11:29:33,INDF,RG,6700,1,F,AK,PD,D
11:29:33,INDF,RG,6700,5,F,AK,PD,D
11:29:33,INDF,RG,6700,50,F,AK,SQ,D
11:29:33,INDF,RG,6700,5,D,CS,SQ,D
11:29:33,INDF,RG,6700,245,D,KI,SQ,D
11:29:33,INDF,RG,6700,8,D,KI,CC,D
11:29:33,INDF,RG,6700,3,D,KI,XC,D
11:29:33,INDF,RG,6700,5,D,KI,XC,D
11:29:33,INDF,RG,6700,15,D,KI,YP,D
11:29:33,INDF,RG,6700,2,D,KI,BB,F
11:29:33,INDF,RG,6700,2,D,KI,ZP,F
11:29:33,INDF,RG,6700,5,D,KI,XC,D
11:29:33,INDF,RG,6700,20,D,KI,XC,D
11:29:33,INDF,RG,6700,8,D,KI,NI,D
11:29:33,INDF,RG,6700,2,D,KI,NI,D
11:29:33,INDF,RG,6700,3,D,KI,PD,D
11:29:33,INDF,RG,6700,10,D,KI,YP,D
11:29:33,INDF,RG,6700,1,D,KI,ZP,F
11:29:33,INDF,RG,6700,4,D,KI,ZP,F
11:29:33,INDF,RG,6700,1,D,KI,BB,D
11:29:33,INDF,RG,6700,3,D,KI,YP,D
11:29:33,INDF,RG,6700,3,D,KI,YP,D
11:29:33,INDF,RG,6700,2,D,KI,BK,F
11:29:33,INDF,RG,6700,2,D,KI,NI,D
11:29:33,INDF,RG,6700,8,D,KI,ZP,F
11:29:33,INDF,RG,6700,60,D,KI,PD,D
11:29:33,INDF,RG,6700,20,D,KI,AG,D
11:29:33,INDF,RG,6700,10,D,KI,SQ,D
11:29:33,INDF,RG,6700,1,D,KI,NI,D
11:29:33,INDF,RG,6700,5,D,KI,ZP,F
11:29:33,INDF,RG,6700,300,D,KI,DR,D
11:29:33,INDF,RG,6700,12,D,KI,BK,F
11:29:33,INDF,RG,6700,107,D,KI,CC,D
11:29:33,INDF,RG,6700,7,D,KI,XL,D
11:29:33,INDF,RG,6700,10,D,KI,ZP,F
11:29:33,INDF,RG,6700,3,D,KI,BB,D
11:29:33,INDF,RG,6700,113,D,KI,YU,F
11:29:30,INDF,RG,6675,2,D,DH,BB,D
11:29:28,INDF,RG,6700,2,D,BB,YU,F
11:29:22,INDF,RG,6700,1,F,AK,YU,F
11:29:01,INDF,RG,6700,9,D,PD,YU,F
11:28:37,INDF,RG,6675,5,D,DH,BB,D
11:28:32,INDF,RG,6700,3,D,BB,YU,F
11:28:31,INDF,RG,6675,26,D,DH,YU,F
11:28:24,INDF,RG,6700,1,D,XC,YU,F
11:28:11,INDF,RG,6700,14,F,ZP,YU,F
11:28:08,INDF,RG,6675,10,D,DH,BK,F
11:28:01,INDF,RG,6700,12,F,BK,YU,F
11:28:00,INDF,RG,6675,1,D,DH,YU,F
11:28:00,INDF,RG,6700,9,F,ZP,YU,F
11:28:00,INDF,RG,6675,18,D,DH,AK,F
11:27:58,INDF,RG,6700,37,D,HP,YU,F
11:27:49,INDF,RG,6675,2,D,DH,AK,F
11:27:30,INDF,RG,6675,9,D,DH,BB,F
11:27:16,INDF,RG,6700,1,F,AK,YU,F
11:27:15,INDF,RG,6675,8,D,DH,AK,F
11:26:53,INDF,RG,6700,13,F,ZP,YU,F
11:26:53,INDF,RG,6700,10,F,BK,YU,F
11:26:37,INDF,RG,6700,2,D,BB,YU,F
11:26:30,INDF,RG,6675,49,D,DH,BB,D
11:26:16,INDF,RG,6700,15,F,ZP,YU,F
11:26:15,INDF,RG,6675,9,D,DH,AK,F
11:26:10,INDF,RG,6675,12,D,DH,BK,F
11:26:01,INDF,RG,6700,1,F,AK,YU,F
11:25:57,INDF,RG,6675,20,D,DH,SQ,D
11:25:42,INDF,RG,6675,1,D,DH,BB,D
11:25:38,INDF,RG,6700,12,F,BK,YU,F
11:25:21,INDF,RG,6675,4,D,DH,BB,D
11:24:59,INDF,RG,6700,12,F,ZP,YU,F
11:24:58,INDF,RG,6675,10,D,DH,SQ,D
11:24:41,INDF,RG,6675,10,D,DH,BK,F
11:24:39,INDF,RG,6700,2,D,LS,YU,F
11:24:34,INDF,RG,6700,8,F,ZP,YU,F
11:24:31,INDF,RG,6700,15,F,ZP,YU,F
11:24:30,INDF,RG,6675,48,D,DH,YU,D
11:24:30,INDF,RG,6675,48,D,DH,CC,D
11:24:28,INDF,RG,6675,10,D,DH,BB,F
11:24:23,INDF,RG,6700,11,F,BK,YU,F
11:24:16,INDF,RG,6700,1,F,AK,YU,F
11:24:01,INDF,RG,6700,9,F,ZP,YU,F
11:24:00,INDF,RG,6675,65,D,DH,YU,D
11:24:00,INDF,RG,6675,1,D,DH,CC,D
11:23:15,INDF,RG,6700,15,F,ZP,YU,F
11:23:13,INDF,RG,6700,5,D,CC,YU,F
11:23:05,INDF,RG,6675,10,D,DH,PD,D
11:23:01,INDF,RG,6700,32,D,SQ,YU,F
11:22:55,INDF,RG,6700,12,F,ZP,YU,F
11:22:53,INDF,RG,6700,11,F,BK,YU,F
11:22:41,INDF,RG,6675,11,D,DH,BK,F
11:22:39,INDF,RG,6675,23,D,DH,YU,F
11:22:20,INDF,RG,6675,171,D,DH,BB,D
11:22:15,INDF,RG,6700,1,F,AK,YU,F
11:22:00,INDF,RG,6675,96,D,DH,YU,D
11:21:23,INDF,RG,6675,11,D,DH,BB,F
11:21:08,INDF,RG,6675,6,D,DH,YU,F
11:21:08,INDF,RG,6675,23,F,AK,YU,F
11:20:54,INDF,RG,6675,2,F,AK,NI,D
11:20:51,INDF,RG,6675,2,F,AK,BB,D
11:20:51,INDF,RG,6700,1,D,XC,YU,F
11:20:40,INDF,RG,6675,18,F,AK,YU,F
11:20:24,INDF,RG,6675,11,F,AK,BK,F
11:20:22,INDF,RG,6675,10,F,AK,YP,D
11:20:22,INDF,RG,6675,9,F,AK,CC,D
11:20:15,INDF,RG,6675,8,F,AK,BB,D
11:20:00,INDF,RG,6675,152,F,AK,YU,D
11:19:03,INDF,RG,6675,28,F,AK,YU,F
11:18:44,INDF,RG,6675,1,F,AK,BB,D
11:18:21,INDF,RG,6700,2,D,XL,YU,F
11:18:19,INDF,RG,6675,11,F,AK,BB,F
11:18:15,INDF,RG,6675,1,D,XL,AK,F
11:18:15,INDF,RG,6675,1,F,ZP,AK,F
11:18:15,INDF,RG,6675,1,D,CS,AK,F
11:18:15,INDF,RG,6675,1,D,PD,AK,F
11:18:15,INDF,RG,6675,1,F,ZP,AK,F
11:18:15,INDF,RG,6675,1,F,AK,AK,F
11:18:15,INDF,RG,6675,10,D,MG,AK,F
11:18:15,INDF,RG,6675,2,D,CS,AK,F
11:18:15,INDF,RG,6675,1,D,AR,AK,F
11:18:15,INDF,RG,6675,1,F,ZP,AK,F
11:18:15,INDF,RG,6675,1,D,NI,AK,F
11:18:15,INDF,RG,6675,50,D,CC,AK,F
11:18:15,INDF,RG,6675,20,D,SQ,AK,F
11:18:12,INDF,RG,6675,11,D,SQ,BK,F
11:18:03,INDF,RG,6675,1,D,SQ,YU,F
11:18:03,INDF,RG,6675,20,D,CC,YU,F
11:18:03,INDF,RG,6675,2,D,YB,YU,F
11:17:14,INDF,RG,6700,1,D,XL,YU,F
11:17:00,INDF,RG,6675,43,D,YB,YU,D
11:17:00,INDF,RG,6675,30,D,XA,YU,D
11:17:00,INDF,RG,6675,26,F,AK,YU,D
11:16:59,INDF,RG,6700,1,D,PD,YU,F
11:16:56,INDF,RG,6700,12,D,KK,YU,F
11:16:34,INDF,RG,6675,16,F,AK,AK,F
11:15:50,INDF,RG,6675,29,F,AK,YU,F
11:15:39,INDF,RG,6700,1,D,XC,YU,F
11:15:38,INDF,RG,6675,1,F,AK,OD,D
11:15:25,INDF,RG,6675,2,F,AK,BB,D
11:15:16,INDF,RG,6675,5,F,AK,XC,D
11:15:16,INDF,RG,6675,1,D,XL,XC,D
11:15:16,INDF,RG,6675,1,F,AK,XC,D
11:15:16,INDF,RG,6675,1,D,YP,XC,D
11:15:13,INDF,RG,6675,4,D,YP,BB,F
11:15:13,INDF,RG,6675,2,D,PD,BB,F
11:15:13,INDF,RG,6675,1,D,CC,BB,F
11:15:13,INDF,RG,6675,2,D,SQ,BB,F
11:15:00,INDF,RG,6675,2,D,YP,YU,D
11:15:00,INDF,RG,6675,1,D,OD,YU,D
11:15:00,INDF,RG,6675,15,D,YP,YU,D
11:15:00,INDF,RG,6675,1,D,XL,YU,D
11:15:00,INDF,RG,6675,1,F,ZP,YU,D
11:15:00,INDF,RG,6675,14,F,ZP,YU,D
11:14:52,INDF,RG,6675,20,F,ZP,YU,F
11:14:37,INDF,RG,6700,1,D,NI,YU,F
11:14:18,INDF,RG,6700,2,F,AK,YU,F
11:14:18,INDF,RG,6675,23,F,ZP,YP,D
11:14:18,INDF,RG,6675,50,D,PD,YP,D
11:14:18,INDF,RG,6675,23,F,ZP,YP,D
11:14:18,INDF,RG,6675,29,D,XL,YP,D
11:14:18,INDF,RG,6675,1,D,XC,YP,D
11:14:18,INDF,RG,6675,65,D,CC,YP,D
11:14:18,INDF,RG,6675,4,D,PD,YP,D
11:14:18,INDF,RG,6675,3,D,XL,YP,D
11:14:18,INDF,RG,6675,9,D,EP,YP,D
11:14:18,INDF,RG,6675,20,D,XL,YP,D
11:14:18,INDF,RG,6675,1,D,XC,YP,D
11:14:18,INDF,RG,6675,2,D,PD,YP,D
11:14:18,INDF,RG,6675,2,D,NI,YP,D
11:14:18,INDF,RG,6675,5,D,CC,YP,D
11:14:18,INDF,RG,6675,3,D,NI,YP,D
11:14:18,INDF,RG,6675,1,D,CP,YP,D
11:14:18,INDF,RG,6675,2,D,XL,YP,D
11:14:18,INDF,RG,6675,10,D,GR,YP,D
11:14:18,INDF,RG,6675,10,D,LG,YP,D
11:14:18,INDF,RG,6675,3,D,XC,YP,D
11:14:18,INDF,RG,6675,5,D,CC,YP,D
11:14:18,INDF,RG,6675,96,F,ZP,YP,D
11:14:18,INDF,RG,6675,5,D,PD,YP,D
11:14:18,INDF,RG,6675,40,F,ZP,YP,D
11:14:05,INDF,RG,6700,1,F,AK,YU,F
11:14:04,INDF,RG,6700,2,F,AK,YU,F
11:14:04,INDF,RG,6675,1,F,ZP,BB,D
11:14:04,INDF,RG,6675,21,D,YP,BB,D
11:14:04,INDF,RG,6675,15,F,BK,BB,D
11:14:04,INDF,RG,6675,3,D,EP,BB,D
11:14:04,INDF,RG,6675,1,D,XC,BB,D
11:14:04,INDF,RG,6675,1,D,XC,BB,D
11:14:04,INDF,RG,6675,5,D,CC,BB,D
11:14:04,INDF,RG,6675,64,D,CC,BB,D
11:13:47,INDF,RG,6675,5,D,CC,YP,D
11:13:31,INDF,RG,6675,27,D,CC,YU,F
11:13:30,INDF,RG,6675,20,D,CC,AK,F
11:13:03,INDF,RG,6675,10,D,CC,PD,D
11:13:00,INDF,RG,6700,1,F,AK,YU,F
11:13:00,INDF,RG,6675,99,D,CC,YU,D
11:12:33,INDF,RG,6675,21,D,CC,YU,F
11:11:00,INDF,RG,6675,45,D,CC,YU,D
11:10:58,INDF,RG,6675,5,D,CC,SQ,D
11:10:54,INDF,RG,6700,21,D,SQ,YU,F
11:10:54,INDF,RG,6700,21,D,SQ,BK,F
11:10:54,INDF,RG,6700,12,D,SQ,BB,F
11:10:28,INDF,RG,6675,4,D,CC,YU,F
11:10:28,INDF,RG,6675,1,D,XL,YU,F
11:10:28,INDF,RG,6675,16,F,ZP,YU,F
11:10:07,INDF,RG,6675,5,F,ZP,BB,D
11:09:58,INDF,RG,6675,3,F,ZP,CC,D
11:09:56,INDF,RG,6675,19,F,ZP,YU,F
11:09:56,INDF,RG,6675,1,F,ZP,BB,D
11:09:08,INDF,RG,6675,9,F,ZP,BB,F
11:09:00,INDF,RG,6675,32,F,ZP,YU,D
11:09:00,INDF,RG,6675,2,D,PD,YU,D
11:09:00,INDF,RG,6675,2,D,LG,YU,D
11:09:00,INDF,RG,6675,10,D,PD,YU,D
11:09:00,INDF,RG,6675,1,D,XC,YU,D
11:09:00,INDF,RG,6675,3,D,XL,YU,D
11:09:00,INDF,RG,6675,2,D,XL,YU,D
11:08:36,INDF,RG,6675,8,D,XL,YU,F
11:08:36,INDF,RG,6675,5,D,PD,YU,F
11:08:36,INDF,RG,6675,14,D,YB,YU,F
11:08:35,INDF,RG,6675,86,D,YB,YP,D
11:08:35,INDF,RG,6675,9,F,ZP,YP,D
11:07:38,INDF,RG,6675,25,F,ZP,YU,F
11:07:05,INDF,RG,6675,10,F,ZP,GR,D
11:07:00,INDF,RG,6675,26,F,ZP,YU,D
11:07:00,INDF,RG,6675,26,D,MK,YU,D
11:06:59,INDF,RG,6675,2,D,MK,XC,D
11:06:56,INDF,RG,6675,5,D,MK,DH,D
11:06:38,INDF,RG,6675,21,D,MK,YU,F
11:04:39,INDF,RG,6675,27,D,MK,YU,F
11:04:33,INDF,RG,6700,4,D,DR,BB,F
11:04:33,INDF,RG,6700,1,D,DR,ZP,F
11:04:33,INDF,RG,6700,36,D,DR,BB,D
11:04:33,INDF,RG,6700,1,D,DR,BB,D
11:04:33,INDF,RG,6700,13,D,DR,YU,F
11:04:33,INDF,RG,6700,5,D,DR,ZP,F
11:04:33,INDF,RG,6700,13,D,DR,YU,F
11:04:33,INDF,RG,6700,77,D,DR,MG,D
11:04:29,INDF,RG,6675,1,D,MK,BB,D
11:04:18,INDF,RG,6675,2,D,MK,CC,D
11:04:04,INDF,RG,6675,73,D,MK,OD,D
11:04:00,INDF,RG,6675,1,D,MK,BB,D
11:03:36,INDF,RG,6675,250,D,MK,YP,D
11:03:35,INDF,RG,6675,92,D,MK,KK,D
11:03:35,INDF,RG,6675,110,F,ZP,KK,D
11:03:05,INDF,RG,6675,2,F,ZP,BB,F
11:03:05,INDF,RG,6675,1,D,CP,BB,F
11:03:05,INDF,RG,6675,8,D,YB,BB,F
11:03:00,INDF,RG,6675,38,D,YB,YU,D
11:02:41,INDF,RG,6675,24,D,YB,YU,F
11:02:40,INDF,RG,6675,100,D,YB,XA,D
11:01:36,INDF,RG,6675,80,D,YB,PD,D
11:01:21,INDF,RG,6675,1,D,YB,YB,D
11:01:19,INDF,RG,6675,2,D,YB,BB,D
11:01:12,INDF,RG,6700,14,D,NI,MG,D
11:00:41,INDF,RG,6675,48,D,YB,CC,D
11:00:01,INDF,RG,6675,26,D,YB,BB,F
10:59:19,INDF,RG,6700,2,D,PD,MG,D
10:59:05,INDF,RG,6700,1,F,ZP,MG,D
10:59:01,INDF,RG,6675,1,D,YB,DR,D
10:58:37,INDF,RG,6675,15,D,YB,NI,D
10:58:34,INDF,RG,6675,1,D,YB,PD,D
10:58:07,INDF,RG,6675,5,D,YB,BB,D
10:58:03,INDF,RG,6675,20,D,YB,YU,D
10:57:46,INDF,RG,6675,1,D,YB,BB,D
10:57:25,INDF,RG,6675,86,D,YB,BB,D
10:57:18,INDF,RG,6700,1,D,PD,MG,D
10:57:15,INDF,RG,6675,44,D,YB,AK,F
10:57:15,INDF,RG,6675,2,D,XL,AK,F
10:57:15,INDF,RG,6675,3,D,XL,AK,F
10:57:15,INDF,RG,6675,1,D,OD,AK,F
10:57:15,INDF,RG,6675,5,D,CC,AK,F
10:57:15,INDF,RG,6675,5,D,PD,AK,F
10:57:15,INDF,RG,6675,2,D,CC,AK,F
10:57:15,INDF,RG,6675,4,D,PD,AK,F
10:57:15,INDF,RG,6675,3,D,YP,AK,F
10:57:15,INDF,RG,6675,9,D,CC,AK,F
10:57:15,INDF,RG,6675,1,D,PD,AK,F
10:57:15,INDF,RG,6675,15,D,XA,AK,F
10:57:03,INDF,RG,6675,4,D,XA,XC,D
10:57:00,INDF,RG,6675,25,D,XA,CC,D
10:57:00,INDF,RG,6675,6,D,XA,YB,D
10:57:00,INDF,RG,6675,32,D,SQ,YB,D
10:57:00,INDF,RG,6675,1,D,EP,YB,D
10:57:00,INDF,RG,6675,1,D,XC,YB,D
10:57:00,INDF,RG,6675,10,D,TF,YB,D
10:57:00,INDF,RG,6675,15,D,TF,YU,F
10:56:52,INDF,RG,6700,1,F,AK,MG,D
10:56:52,INDF,RG,6700,3,D,XC,MG,D
10:56:52,INDF,RG,6700,12,F,BK,MG,D
10:56:52,INDF,RG,6700,48,F,ZP,MG,D
10:56:52,INDF,RG,6700,108,D,SQ,MG,D
10:56:52,INDF,RG,6700,2,D,CS,MG,D
10:56:52,INDF,RG,6700,1,F,ZP,MG,D
10:56:52,INDF,RG,6700,2,D,CS,MG,D
10:56:52,INDF,RG,6700,2,D,PD,MG,D
10:56:52,INDF,RG,6700,1,D,PD,MG,D
10:56:52,INDF,RG,6700,2,F,ZP,MG,D
10:56:52,INDF,RG,6700,83,F,ZP,MG,D
10:56:52,INDF,RG,6700,65,F,ZP,MG,D
10:56:52,INDF,RG,6700,351,F,AK,MG,D
10:56:52,INDF,RG,6700,1,F,AK,MG,D
10:56:52,INDF,RG,6700,15,D,DH,MG,D
10:56:52,INDF,RG,6700,8,F,ZP,MG,D
10:56:42,INDF,RG,6700,1,F,ZP,CC,D
10:56:42,INDF,RG,6700,1,D,CS,CC,D
10:56:42,INDF,RG,6700,1,D,XC,CC,D
10:56:42,INDF,RG,6700,1,D,CS,CC,D
10:56:42,INDF,RG,6700,10,D,MG,CC,D
10:56:42,INDF,RG,6700,1,D,CS,CC,D
10:56:28,INDF,RG,6700,1,F,BK,YP,D
10:56:21,INDF,RG,6700,4,F,BK,PD,D
10:56:00,INDF,RG,6725,70,F,ZP,YU,F
10:55:59,INDF,RG,6700,6,F,BK,YU,F
10:55:59,INDF,RG,6700,1,D,XL,YU,F
10:55:59,INDF,RG,6700,10,D,XL,YU,F
10:55:44,INDF,RG,6700,1,D,CS,YP,D
10:55:44,INDF,RG,6700,2,D,NI,YP,D
10:55:44,INDF,RG,6700,2,D,PD,YP,D
10:55:43,INDF,RG,6700,3,D,PD,XC,D
10:55:27,INDF,RG,6700,1,F,BK,CC,D
10:55:20,INDF,RG,6700,10,F,BK,ZP,F
10:55:20,INDF,RG,6700,1,D,XL,ZP,F
10:55:14,INDF,RG,6700,1,D,CS,ZP,F
10:55:14,INDF,RG,6700,5,D,XL,ZP,F
10:55:14,INDF,RG,6700,1,D,CS,ZP,F
10:55:14,INDF,RG,6700,31,F,ZP,ZP,F
10:55:05,INDF,RG,6700,1,F,ZP,XL,D
10:54:51,INDF,RG,6700,2,F,ZP,PD,D
10:54:24,INDF,RG,6700,20,F,ZP,YU,F
10:54:24,INDF,RG,6700,2,D,SQ,YU,F
10:54:16,INDF,RG,6700,3,D,SQ,XC,D
10:54:16,INDF,RG,6700,1,D,CS,XC,D
10:54:06,INDF,RG,6700,1,D,CS,CC,D
10:54:04,INDF,RG,6700,1,D,OD,CC,D
10:53:53,INDF,RG,6700,2,D,OD,XC,D
10:53:50,INDF,RG,6700,5,D,OD,CP,D
10:53:46,INDF,RG,6700,12,D,OD,XL,D
10:53:46,INDF,RG,6700,5,D,PD,XL,D
10:53:46,INDF,RG,6700,2,D,PD,XL,D
10:53:46,INDF,RG,6700,5,F,BK,XL,D
10:53:38,INDF,RG,6700,6,F,BK,YP,D
10:53:38,INDF,RG,6700,1,D,YP,YP,D
10:53:38,INDF,RG,6700,3,D,SQ,YP,D
10:53:31,INDF,RG,6700,10,D,SQ,NI,D
10:53:30,INDF,RG,6700,19,D,SQ,XL,D
10:53:30,INDF,RG,6700,1,F,AK,XL,D
10:53:30,INDF,RG,6700,62,F,ZP,XL,D
10:53:30,INDF,RG,6700,1,F,ZP,XL,D
10:53:30,INDF,RG,6700,2,D,CS,XL,D
10:53:30,INDF,RG,6700,2,D,XL,XL,D
10:53:30,INDF,RG,6700,1,F,ZP,XL,D
10:53:30,INDF,RG,6700,1,D,PD,XL,D
10:53:30,INDF,RG,6700,11,F,BK,XL,D
10:53:30,INDF,RG,6700,1,F,ZP,XL,D
10:53:30,INDF,RG,6700,2,D,CS,XL,D
10:53:30,INDF,RG,6700,37,F,ZP,XL,D
10:53:22,INDF,RG,6700,75,F,ZP,SQ,D
10:53:22,INDF,RG,6700,114,F,BK,SQ,D
10:53:22,INDF,RG,6700,11,F,BK,SQ,D
10:53:21,INDF,RG,6700,59,F,BK,SQ,D
10:53:01,INDF,RG,6700,1,F,BK,SQ,D
10:52:38,INDF,RG,6700,1,F,BK,BB,F
10:52:29,INDF,RG,6700,15,F,BK,KK,D
10:52:00,INDF,RG,6700,13,F,BK,YU,F
10:51:37,INDF,RG,6725,26,F,ZP,YU,F
10:51:37,INDF,RG,6725,1,F,ZP,SQ,D
10:51:37,INDF,RG,6725,2,F,ZP,ZP,F
10:51:37,INDF,RG,6725,18,F,ZP,AK,F
10:51:35,INDF,RG,6725,1,D,CC,AK,F
10:51:10,INDF,RG,6700,1,F,BK,DH,D
10:51:03,INDF,RG,6700,20,F,BK,YU,F
10:50:40,INDF,RG,6700,20,F,BK,EP,D
10:50:21,INDF,RG,6700,19,F,BK,PD,D
10:50:01,INDF,RG,6700,82,F,BK,YP,D
10:50:01,INDF,RG,6700,1,F,ZP,YP,D
10:50:01,INDF,RG,6700,50,D,PD,YP,D
10:50:01,INDF,RG,6700,175,F,AK,YP,D
10:50:01,INDF,RG,6700,95,F,ZP,YP,D
10:50:01,INDF,RG,6700,1,F,AK,YP,D
10:50:01,INDF,RG,6700,30,D,XL,YP,D
10:50:01,INDF,RG,6700,1,D,LS,YP,D
10:50:01,INDF,RG,6700,1,D,CC,YP,D
10:50:01,INDF,RG,6700,1,D,XL,YP,D
10:50:01,INDF,RG,6700,10,D,PD,YP,D
10:50:01,INDF,RG,6700,2,D,YP,YP,D
10:50:01,INDF,RG,6700,1,D,PD,YP,D
10:50:01,INDF,RG,6700,1,D,NI,YP,D
10:50:01,INDF,RG,6700,1,F,AK,YP,D
10:50:01,INDF,RG,6700,1,D,NI,YP,D
10:50:01,INDF,RG,6700,1,D,XC,YP,D
10:50:01,INDF,RG,6700,3,D,XC,YP,D
10:50:01,INDF,RG,6700,1,D,CC,YP,D
10:50:01,INDF,RG,6700,2,D,SQ,YP,D
10:50:01,INDF,RG,6700,3,D,YP,YP,D
10:50:01,INDF,RG,6700,14,D,XL,YP,D
10:50:01,INDF,RG,6700,2,D,HP,YP,D
10:50:01,INDF,RG,6700,50,D,YP,YP,D
10:50:01,INDF,RG,6700,10,D,EP,YP,D
10:50:01,INDF,RG,6700,1,D,CC,YP,D
10:50:01,INDF,RG,6700,22,D,SQ,YP,D
10:50:01,INDF,RG,6700,2,D,PD,YP,D
10:50:01,INDF,RG,6700,1,D,CC,YP,D
10:50:01,INDF,RG,6700,5,D,IF,YP,D
10:50:01,INDF,RG,6700,3,D,XL,YP,D
10:50:01,INDF,RG,6700,3,D,EP,YP,D
10:50:01,INDF,RG,6700,1,D,EP,YP,D
10:50:01,INDF,RG,6700,1,D,CC,YP,D
10:50:01,INDF,RG,6700,1,D,CC,YP,D
10:50:01,INDF,RG,6700,11,F,BK,YP,D
10:50:01,INDF,RG,6700,1,D,PD,YP,D
10:50:01,INDF,RG,6700,3,D,XL,YP,D
10:50:01,INDF,RG,6700,90,F,ZP,YP,D
10:50:01,INDF,RG,6700,5,D,XL,YP,D
10:50:01,INDF,RG,6700,25,D,YB,YP,D
10:50:01,INDF,RG,6700,2,D,LG,YP,D
10:50:01,INDF,RG,6700,20,D,DH,YP,D
10:50:01,INDF,RG,6700,3,D,NI,YP,D
10:50:01,INDF,RG,6700,5,D,AZ,YP,D
10:50:01,INDF,RG,6700,1,D,CC,YP,D
10:50:01,INDF,RG,6700,22,D,XC,YP,D
10:50:01,INDF,RG,6700,40,F,ZP,YP,D
10:50:01,INDF,RG,6700,5,D,CC,YP,D
10:50:01,INDF,RG,6700,8,D,GR,YP,D
10:50:01,INDF,RG,6700,1,D,XC,YP,D
10:50:01,INDF,RG,6700,179,D,CC,YP,D
10:50:01,INDF,RG,6700,1,D,CC,BB,D
10:50:00,INDF,RG,6700,5,D,CC,YP,D
10:49:50,INDF,RG,6700,3,D,CC,XC,D
10:49:50,INDF,RG,6700,12,D,CC,AK,F
10:49:50,INDF,RG,6700,4,D,XL,AK,F
10:49:50,INDF,RG,6700,12,F,ZP,AK,F
10:49:49,INDF,RG,6700,2,F,ZP,BR,D
10:49:28,INDF,RG,6700,26,F,ZP,YU,F
10:49:19,INDF,RG,6700,35,F,ZP,YP,D
10:49:19,INDF,RG,6700,2,D,PD,YP,D
10:49:19,INDF,RG,6700,2,D,PD,YP,D
10:49:19,INDF,RG,6700,3,D,XC,YP,D
10:49:19,INDF,RG,6700,5,D,CC,YP,D
10:49:19,INDF,RG,6700,10,D,PD,YP,D
10:49:19,INDF,RG,6700,2,D,CC,YP,D
10:49:19,INDF,RG,6700,1,D,YP,YP,D
10:49:19,INDF,RG,6700,15,D,YP,YP,D
10:48:15,INDF,RG,6725,2,D,XL,BK,F
10:47:33,INDF,RG,6700,5,D,YP,YU,F
10:47:33,INDF,RG,6700,1,D,KK,YU,F
10:47:33,INDF,RG,6700,1,D,CC,YU,F
10:47:33,INDF,RG,6700,1,D,CC,YU,F
10:47:33,INDF,RG,6700,5,D,YP,YU,F
10:47:33,INDF,RG,6700,11,D,PD,YU,F
10:47:22,INDF,RG,6700,2,D,PD,PD,D
10:47:14,INDF,RG,6700,20,D,PD,YP,D
10:47:14,INDF,RG,6725,10,D,NI,BK,F
10:47:02,INDF,RG,6700,8,D,PD,PD,D
10:46:47,INDF,RG,6700,1,D,PD,NI,D
10:46:33,INDF,RG,6700,2,D,PD,BQ,D
10:45:45,INDF,RG,6700,17,D,PD,AK,F
10:45:36,INDF,RG,6725,3,D,XL,BK,F
10:45:34,INDF,RG,6700,27,D,PD,YU,F
10:45:33,INDF,RG,6700,3,D,PD,PD,D
10:44:37,INDF,RG,6700,1,D,PD,YP,D
10:44:32,INDF,RG,6700,4,D,PD,LG,D
10:44:12,INDF,RG,6700,4,D,PD,YU,F
10:44:12,INDF,RG,6700,10,D,MG,YU,F
10:44:12,INDF,RG,6700,5,D,PD,YU,F
10:44:12,INDF,RG,6700,1,D,YP,YU,F
10:43:50,INDF,RG,6725,45,D,SQ,BK,F
10:43:50,INDF,RG,6725,9,D,SQ,BB,F
10:43:47,INDF,RG,6700,4,D,YP,CC,D
10:43:47,INDF,RG,6700,1,D,XL,CC,D
10:43:32,INDF,RG,6700,4,D,XL,BB,F
10:43:32,INDF,RG,6700,2,D,CC,BB,F
10:43:32,INDF,RG,6700,2,D,XL,BB,F
10:43:32,INDF,RG,6700,1,D,YP,BB,F
10:43:32,INDF,RG,6700,1,F,BK,BB,F
10:42:47,INDF,RG,6725,1,F,ZP,BB,F
10:42:46,INDF,RG,6725,1,F,AK,ZP,F
10:42:11,INDF,RG,6700,1,F,BK,XC,D
10:42:10,INDF,RG,6700,1,D,DR,XL,D
10:41:10,INDF,RG,6700,23,D,DR,PD,D
10:40:58,INDF,RG,6700,5,D,DR,DR,D
10:40:39,INDF,RG,6700,20,D,DR,YP,D
10:40:34,INDF,RG,6700,1,D,DR,BK,F
10:40:34,INDF,RG,6700,3,D,XC,BK,F
10:40:34,INDF,RG,6700,2,D,PD,BK,F
10:40:34,INDF,RG,6700,5,D,CC,BK,F
10:40:31,INDF,RG,6725,1,D,XC,ZP,F
10:40:25,INDF,RG,6700,5,D,CC,BB,F
10:40:25,INDF,RG,6700,1,D,KK,BB,F
10:40:25,INDF,RG,6700,5,D,CC,BB,F
10:39:05,INDF,RG,6725,3,D,CC,CC,D
10:38:00,INDF,RG,6725,2,D,XL,CC,D
10:37:53,INDF,RG,6700,1,D,XL,GR,D
10:37:53,INDF,RG,6700,9,F,BK,GR,D
10:37:46,INDF,RG,6725,1,F,AK,CC,D
10:37:13,INDF,RG,6700,8,F,BK,BB,F
10:37:13,INDF,RG,6700,3,D,XL,BB,F
10:36:00,INDF,RG,6700,14,F,ZP,YU,F
10:35:58,INDF,RG,6700,1,F,ZP,CC,D
10:35:33,INDF,RG,6725,13,F,AK,CC,D
10:35:33,INDF,RG,6725,3,F,AK,CC,D
10:35:32,INDF,RG,6700,73,F,ZP,XL,D
10:35:18,INDF,RG,6700,1,F,ZP,BB,D
10:34:28,INDF,RG,6700,10,F,ZP,BK,F
10:34:14,INDF,RG,6700,3,F,ZP,YP,D
10:34:09,INDF,RG,6700,11,F,ZP,BB,F
10:33:22,INDF,RG,6725,7,D,YP,CC,D
10:33:02,INDF,RG,6725,4,F,AK,CC,D
10:33:02,INDF,RG,6725,1,F,AK,CC,D
10:33:02,INDF,RG,6700,9,F,ZP,XC,D
10:32:35,INDF,RG,6700,10,F,ZP,YP,D
10:32:30,INDF,RG,6725,2,F,AK,CC,D
10:32:29,INDF,RG,6700,26,F,ZP,BB,D
10:32:29,INDF,RG,6700,5,D,MG,BB,D
10:32:00,INDF,RG,6700,1,D,MG,BB,D
10:31:45,INDF,RG,6700,3,D,MG,NI,D
10:31:43,INDF,RG,6700,2,D,MG,BB,D
10:30:59,INDF,RG,6725,1,F,AK,CC,D
10:30:59,INDF,RG,6700,11,D,MG,BB,F
10:30:54,INDF,RG,6725,1,D,PD,CC,D
10:30:35,INDF,RG,6700,50,D,MG,PD,D
10:30:03,INDF,RG,6700,3,D,MG,KK,D
10:30:03,INDF,RG,6700,2,D,CC,KK,D
10:29:27,INDF,RG,6725,1,F,AK,CC,D
10:29:27,INDF,RG,6700,8,D,CC,BB,D
10:29:27,INDF,RG,6700,4,D,PD,BB,D
10:29:27,INDF,RG,6700,1,D,XL,BB,D
10:29:27,INDF,RG,6700,1,D,XL,BB,D
10:29:27,INDF,RG,6700,1,D,OD,BB,D
10:29:27,INDF,RG,6700,5,D,PD,BB,D
10:29:27,INDF,RG,6700,11,D,PD,BB,D
10:29:19,INDF,RG,6700,1,D,PD,XL,D
10:29:19,INDF,RG,6700,1,D,CC,XL,D
10:29:14,INDF,RG,6700,1,D,CC,YP,D
10:29:05,INDF,RG,6725,1,D,PD,CC,D
10:29:04,INDF,RG,6725,2,F,AK,CC,D
10:29:04,INDF,RG,6700,2,D,YP,AK,F
10:29:04,INDF,RG,6700,2,D,YP,AK,F
10:29:04,INDF,RG,6700,92,D,FZ,AK,F
10:28:20,INDF,RG,6700,1,D,FZ,BB,D
10:28:13,INDF,RG,6700,1,D,FZ,BB,D
10:28:00,INDF,RG,6700,6,D,FZ,BK,F
10:28:00,INDF,RG,6700,1,D,KK,BK,F
10:28:00,INDF,RG,6700,4,D,GR,BK,F
10:27:51,INDF,RG,6725,1,F,AK,CC,D
10:27:50,INDF,RG,6700,46,D,GR,BB,F
10:27:50,INDF,RG,6700,3,D,KK,BB,F
10:27:50,INDF,RG,6700,5,D,KK,BB,F
10:26:45,INDF,RG,6725,1,D,CP,CC,D
10:26:39,INDF,RG,6700,1,D,NI,BB,D
10:26:21,INDF,RG,6700,1,D,NI,CC,D
10:26:21,INDF,RG,6700,271,D,YP,BB,D
10:25:06,INDF,RG,6725,18,F,ZP,CC,D
10:25:06,INDF,RG,6725,1,D,CS,CC,D
10:25:06,INDF,RG,6725,1,D,CS,XC,D
10:25:05,INDF,RG,6725,1,F,ZP,XC,D
10:25:05,INDF,RG,6725,1,F,ZP,XC,D
10:25:05,INDF,RG,6725,11,F,BK,XC,D
10:25:05,INDF,RG,6725,5,D,CC,XC,D
10:25:05,INDF,RG,6725,1,D,YP,XC,D
10:25:05,INDF,RG,6725,4,D,PD,XC,D
10:25:05,INDF,RG,6725,2,D,XC,XC,D
10:25:05,INDF,RG,6725,1,D,PD,XC,D
10:25:05,INDF,RG,6725,1,F,ZP,XC,D
10:25:05,INDF,RG,6725,1,D,CS,XC,D
10:25:05,INDF,RG,6725,1,D,CS,XC,D
10:25:05,INDF,RG,6725,2,D,CS,XC,D
10:25:05,INDF,RG,6725,2,F,ZP,XC,D
10:25:05,INDF,RG,6725,2,D,CC,XC,D
10:25:05,INDF,RG,6725,8,D,BQ,XC,D
10:25:05,INDF,RG,6725,8,D,YP,XC,D
10:25:05,INDF,RG,6725,38,F,ZP,XC,D
10:25:05,INDF,RG,6725,11,F,BK,XC,D
10:25:05,INDF,RG,6725,1,F,ZP,XC,D
10:25:05,INDF,RG,6725,98,F,ZP,XC,D
10:25:01,INDF,RG,6725,2,F,AK,YU,F
10:25:01,INDF,RG,6725,3,F,ZP,YU,F
10:25:01,INDF,RG,6725,11,F,BK,YU,F
10:25:01,INDF,RG,6725,1,D,HP,YU,F
10:24:50,INDF,RG,6725,1,D,HP,BB,D
10:24:46,INDF,RG,6725,2,D,CS,BB,F
10:24:46,INDF,RG,6725,1,D,CS,BB,F
10:24:46,INDF,RG,6725,50,D,CC,BB,F
10:24:43,INDF,RG,6725,1,F,ZP,BB,D
10:24:25,INDF,RG,6725,1,F,ZP,ZP,F
10:24:09,INDF,RG,6725,5,F,ZP,GR,D
10:24:02,INDF,RG,6725,30,F,ZP,YU,F
10:23:46,INDF,RG,6725,4,F,ZP,YP,D
10:23:39,INDF,RG,6725,4,F,ZP,SQ,D
10:23:38,INDF,RG,6725,9,F,ZP,BK,F
10:23:38,INDF,RG,6725,1,D,CS,BK,F
10:23:30,INDF,RG,6750,1,F,AK,RF,D
10:22:38,INDF,RG,6725,10,F,AK,CC,D
10:22:22,INDF,RG,6725,1,F,AK,YP,D
10:22:19,INDF,RG,6725,2,F,AK,ZP,F
10:22:07,INDF,RG,6725,42,F,AK,XC,D
10:22:02,INDF,RG,6725,38,F,AK,YU,F
10:21:21,INDF,RG,6725,74,F,AK,NI,D
10:21:21,INDF,RG,6725,15,D,OD,NI,D
10:21:21,INDF,RG,6725,10,D,PD,NI,D
10:21:21,INDF,RG,6725,11,F,BK,NI,D
10:21:21,INDF,RG,6725,2,D,CS,NI,D
10:21:21,INDF,RG,6725,34,F,ZP,NI,D
10:21:21,INDF,RG,6725,54,D,SQ,NI,D
10:21:20,INDF,RG,6725,2,D,NI,BB,D
10:21:09,INDF,RG,6725,2,D,CS,BB,D
10:21:03,INDF,RG,6725,1,D,XC,XC,D
10:21:00,INDF,RG,6725,1,D,XC,YU,F
10:21:00,INDF,RG,6725,1,F,ZP,YU,F
10:21:00,INDF,RG,6725,10,D,CC,YU,F
10:20:42,INDF,RG,6725,2,D,KK,NI,D
10:20:31,INDF,RG,6725,8,D,KK,CC,D
10:20:31,INDF,RG,6725,1,F,ZP,CC,D
10:20:31,INDF,RG,6725,1,D,CS,CC,D
10:20:28,INDF,RG,6725,1,D,CS,XC,D
10:20:28,INDF,RG,6725,6,F,BK,XC,D
10:20:25,INDF,RG,6725,1,F,BK,ZP,F
10:20:24,INDF,RG,6725,4,F,BK,CC,D
10:20:24,INDF,RG,6725,6,F,ZP,CC,D
10:20:10,INDF,RG,6725,5,F,ZP,CC,D
10:19:20,INDF,RG,6725,32,F,ZP,CC,D
10:19:20,INDF,RG,6725,18,F,BK,CC,D
10:19:20,INDF,RG,6725,1,F,BK,ZP,F
10:19:13,INDF,RG,6725,4,F,BK,ZP,F
10:19:12,INDF,RG,6725,1,F,BK,XL,D
10:18:59,INDF,RG,6725,20,F,BK,AT,D
10:18:39,INDF,RG,6725,2,F,BK,YP,D
10:18:06,INDF,RG,6725,12,F,BK,BK,F
10:18:05,INDF,RG,6725,21,F,BK,OD,D
10:17:46,INDF,RG,6725,1,F,BK,BB,D
10:17:33,INDF,RG,6725,1,F,BK,BB,D
10:17:18,INDF,RG,6750,2,D,NI,RF,D
10:17:12,INDF,RG,6725,3,F,BK,ZP,F
10:17:11,INDF,RG,6725,1,F,BK,ZP,F
10:16:43,INDF,RG,6725,2,F,BK,PD,D
10:16:00,INDF,RG,6725,27,F,BK,CC,D
10:16:00,INDF,RG,6725,1,F,ZP,CC,D
10:16:00,INDF,RG,6725,1,F,ZP,CC,D
10:16:00,INDF,RG,6725,12,F,BK,CC,D
10:16:00,INDF,RG,6725,1,F,AK,CC,D
10:16:00,INDF,RG,6725,23,F,ZP,CC,D
10:15:59,INDF,RG,6725,10,F,ZP,XC,D
10:15:16,INDF,RG,6725,2,F,ZP,PD,D
10:15:13,INDF,RG,6725,9,F,ZP,ZP,F
10:15:09,INDF,RG,6725,10,F,ZP,PD,D
10:15:02,INDF,RG,6750,2,D,SQ,RF,D
10:14:35,INDF,RG,6750,1,F,AK,RF,D
10:14:34,INDF,RG,6725,2,F,ZP,ZP,F
10:14:18,INDF,RG,6725,1,F,ZP,BB,D
10:13:57,INDF,RG,6725,2,F,ZP,BB,D
10:13:20,INDF,RG,6725,1,F,ZP,BB,D
10:12:58,INDF,RG,6725,1,F,ZP,PD,D
10:12:55,INDF,RG,6725,2,F,ZP,XC,D
10:12:35,INDF,RG,6725,12,F,ZP,BK,F
10:12:10,INDF,RG,6750,1,F,AK,RF,D
10:12:09,INDF,RG,6725,4,F,ZP,XL,D
10:12:09,INDF,RG,6725,2,D,CS,XL,D
10:12:09,INDF,RG,6725,19,F,ZP,XL,D
10:12:01,INDF,RG,6750,2,F,AK,RF,D
10:12:00,INDF,RG,6725,49,F,ZP,AK,F
10:12:00,INDF,RG,6725,50,F,AK,AK,F
10:11:44,INDF,RG,6750,1,F,AK,RF,D
10:11:44,INDF,RG,6725,45,F,AK,BB,D
10:11:34,INDF,RG,6725,1,F,AK,PD,D
10:11:31,INDF,RG,6750,1,F,AK,RF,D
10:11:00,INDF,RG,6725,9,F,AK,YU,F
10:11:00,INDF,RG,6725,2,D,CS,YU,F
10:11:00,INDF,RG,6725,1,F,ZP,YU,F
10:11:00,INDF,RG,6725,1,D,CS,YU,F
10:10:45,INDF,RG,6725,1,F,ZP,BB,D
10:10:40,INDF,RG,6725,2,F,ZP,SQ,D
10:10:17,INDF,RG,6725,1,F,ZP,BB,D
10:09:32,INDF,RG,6725,4,F,ZP,ZP,F
10:09:27,INDF,RG,6725,12,F,ZP,BB,F
10:09:22,INDF,RG,6725,1,F,ZP,ZP,F
10:09:17,INDF,RG,6725,1,F,ZP,XC,D
10:08:19,INDF,RG,6725,22,F,ZP,AK,F
10:08:11,INDF,RG,6725,1,F,ZP,YU,F
10:08:11,INDF,RG,6725,20,D,SQ,YU,F
10:07:45,INDF,RG,6725,2,D,SQ,PD,D
10:07:37,INDF,RG,6725,2,D,SQ,PD,D
10:07:21,INDF,RG,6725,2,D,SQ,ZP,F
10:07:15,INDF,RG,6725,8,D,SQ,ZP,F
10:07:13,INDF,RG,6725,2,D,SQ,PD,D
10:07:13,INDF,RG,6725,1,D,SQ,BB,D
10:07:07,INDF,RG,6725,12,D,SQ,BK,F
10:06:41,INDF,RG,6725,2,D,SQ,BB,D
10:06:08,INDF,RG,6725,3,D,SQ,YU,F
10:06:08,INDF,RG,6725,1,F,ZP,YU,F
10:06:08,INDF,RG,6725,10,D,YP,YU,F
10:06:08,INDF,RG,6725,7,D,YP,YU,F
10:04:47,INDF,RG,6750,10,D,XC,RF,D
10:04:24,INDF,RG,6725,5,D,YP,CC,D
10:04:24,INDF,RG,6725,1,D,YP,PD,D
10:04:22,INDF,RG,6725,1,D,YP,PD,D
10:04:22,INDF,RG,6725,4,D,YP,YP,D
10:04:22,INDF,RG,6725,6,F,AK,YP,D
10:04:22,INDF,RG,6725,5,D,PD,YP,D
10:04:21,INDF,RG,6725,7,D,PD,YU,F
10:04:21,INDF,RG,6725,10,D,XL,YU,F
10:04:21,INDF,RG,6725,1,F,ZP,YU,F
10:04:21,INDF,RG,6725,2,D,YP,YU,F
10:04:21,INDF,RG,6725,1,F,AK,YU,F
10:04:19,INDF,RG,6725,1,D,CS,AK,F
10:04:19,INDF,RG,6725,12,F,BK,AK,F
10:04:19,INDF,RG,6725,1,D,CS,AK,F
10:04:19,INDF,RG,6725,11,F,ZP,AK,F
10:04:00,INDF,RG,6725,13,F,ZP,YU,F
10:03:55,INDF,RG,6725,1,F,ZP,XL,D
10:03:47,INDF,RG,6750,200,D,KK,RF,D
10:03:46,INDF,RG,6725,2,F,ZP,XC,D
10:03:44,INDF,RG,6725,1,F,ZP,BB,D
10:03:37,INDF,RG,6725,2,F,ZP,ZP,F
10:03:37,INDF,RG,6725,2,F,ZP,ZP,F
10:03:25,INDF,RG,6725,21,F,ZP,YU,F
10:03:10,INDF,RG,6725,1,F,ZP,BB,D
10:03:01,INDF,RG,6750,1,F,AK,RF,D
10:03:01,INDF,RG,6725,17,F,ZP,YU,F
10:03:01,INDF,RG,6725,2,D,CS,YU,F
10:03:01,INDF,RG,6725,2,F,ZP,YU,F
10:02:33,INDF,RG,6725,3,F,ZP,ZP,F
10:02:19,INDF,RG,6725,1,F,ZP,BK,F
10:02:19,INDF,RG,6725,5,D,KK,BK,F
10:02:19,INDF,RG,6725,1,D,CS,BK,F
10:02:19,INDF,RG,6725,4,F,ZP,BK,F
10:02:10,INDF,RG,6725,7,F,ZP,XL,D
10:01:55,INDF,RG,6750,1,F,AK,RF,D
10:01:55,INDF,RG,6725,25,F,ZP,PD,D
10:01:29,INDF,RG,6725,25,F,ZP,YU,F
10:01:10,INDF,RG,6725,4,F,ZP,PD,D
10:00:59,INDF,RG,6750,2,D,PD,RF,D
10:00:59,INDF,RG,6750,8,D,PD,BB,D
10:00:34,INDF,RG,6725,1,F,ZP,ZP,F
10:00:34,INDF,RG,6725,10,F,ZP,YU,F
10:00:34,INDF,RG,6725,26,F,BK,YU,F
10:00:34,INDF,RG,6725,19,F,BK,YU,F
10:00:34,INDF,RG,6725,16,F,BK,AK,F
10:00:33,INDF,RG,6725,2,F,BK,XC,D
10:00:27,INDF,RG,6725,1,F,BK,BB,D
10:00:23,INDF,RG,6725,50,F,BK,CP,D
10:00:23,INDF,RG,6725,2,D,AT,CP,D
10:00:23,INDF,RG,6725,1,D,CS,CP,D
10:00:23,INDF,RG,6725,97,F,AK,CP,D
10:00:21,INDF,RG,6725,100,F,AK,NI,D
10:00:20,INDF,RG,6725,1,F,AK,ZP,F
10:00:19,INDF,RG,6725,5,F,AK,CC,D
10:00:19,INDF,RG,6725,5,D,SQ,CC,D
10:00:18,INDF,RG,6725,20,D,SQ,CC,D
10:00:12,INDF,RG,6725,1,D,SQ,ZP,F
10:00:09,INDF,RG,6725,2,D,SQ,BB,D
09:59:39,INDF,RG,6750,3,D,CC,BB,D
09:59:35,INDF,RG,6725,2,D,SQ,BB,D
09:59:15,INDF,RG,6725,2,D,SQ,PD,D
09:59:05,INDF,RG,6725,5,F,BK,XC,D
09:59:02,INDF,RG,6725,2,F,BK,ZP,F
09:58:34,INDF,RG,6725,4,F,BK,IP,D
09:58:34,INDF,RG,6725,1,D,XC,IP,D
09:58:34,INDF,RG,6725,2,D,PD,IP,D
09:58:34,INDF,RG,6725,2,D,CS,IP,D
09:58:34,INDF,RG,6725,2,D,CS,IP,D
09:58:34,INDF,RG,6725,11,F,BK,IP,D
09:58:34,INDF,RG,6725,62,F,ZP,IP,D
09:58:34,INDF,RG,6725,2,D,CS,IP,D
09:58:34,INDF,RG,6725,11,F,BK,IP,D
09:58:34,INDF,RG,6725,5,D,NI,IP,D
09:58:34,INDF,RG,6725,1,F,ZP,IP,D
09:58:34,INDF,RG,6725,3,D,YP,IP,D
09:58:34,INDF,RG,6725,1,F,ZP,IP,D
09:58:34,INDF,RG,6725,3,D,CC,IP,D
09:58:34,INDF,RG,6725,32,D,SQ,IP,D
09:58:34,INDF,RG,6725,1,D,XC,IP,D
09:58:34,INDF,RG,6725,1,F,ZP,IP,D
09:58:34,INDF,RG,6725,1,D,CC,IP,D
09:58:34,INDF,RG,6725,1,D,NI,IP,D
09:58:34,INDF,RG,6725,1,F,ZP,IP,D
09:58:34,INDF,RG,6725,1,F,AK,IP,D
09:58:34,INDF,RG,6725,2,F,BK,IP,D
09:58:00,INDF,RG,6750,3,D,SQ,BB,D
09:57:56,INDF,RG,6750,1,F,ZP,BB,D
09:57:50,INDF,RG,6725,10,F,BK,PD,D
09:57:50,INDF,RG,6725,53,F,ZP,PD,D
09:57:50,INDF,RG,6725,36,F,ZP,PD,D
09:57:32,INDF,RG,6725,4,F,ZP,KK,D
09:57:26,INDF,RG,6725,10,F,AK,AK,F
09:57:26,INDF,RG,6725,9,F,ZP,AK,F
09:57:25,INDF,RG,6725,2,F,ZP,ZP,F
09:57:14,INDF,RG,6725,1,F,ZP,NI,D
09:56:57,INDF,RG,6725,8,F,ZP,ZP,F
09:56:52,INDF,RG,6725,1,F,ZP,YP,D
09:56:50,INDF,RG,6725,11,F,ZP,BK,F
09:56:37,INDF,RG,6725,1,F,ZP,BB,D
09:56:06,INDF,RG,6725,1,F,ZP,BB,D
09:55:48,INDF,RG,6750,1,F,AK,BB,D
09:55:48,INDF,RG,6725,11,F,ZP,CC,D
09:55:35,INDF,RG,6725,1,F,AK,KK,D
09:55:18,INDF,RG,6725,1,F,AK,ZP,F
09:55:10,INDF,RG,6725,20,F,AK,ZP,F
09:54:56,INDF,RG,6725,8,F,AK,CC,D
09:54:53,INDF,RG,6725,1,F,AK,XL,D
09:54:45,INDF,RG,6750,1,F,AK,BB,D
09:54:45,INDF,RG,6725,10,F,AK,NI,D
09:54:30,INDF,RG,6725,1,F,AK,PD,D
09:54:17,INDF,RG,6725,3,F,AK,ZP,F
09:54:06,INDF,RG,6725,22,F,AK,PD,D
09:53:56,INDF,RG,6750,1,F,AK,YU,F
09:53:56,INDF,RG,6725,11,F,AK,BB,F
09:53:53,INDF,RG,6725,1,F,AK,YP,D
09:53:52,INDF,RG,6725,22,F,AK,AK,F
09:53:52,INDF,RG,6725,7,F,AK,CC,D
09:53:31,INDF,RG,6725,1,F,AK,YP,D
09:53:16,INDF,RG,6750,2,F,AK,YU,F
09:53:16,INDF,RG,6725,28,F,AK,BB,D
09:53:16,INDF,RG,6725,3,F,ZP,BB,D
09:53:07,INDF,RG,6725,1,F,ZP,BB,D
09:53:00,INDF,RG,6750,1,F,AK,YU,F
09:53:00,INDF,RG,6725,13,F,ZP,YU,F
09:52:32,INDF,RG,6750,1,F,AK,YU,F
09:52:32,INDF,RG,6725,2,F,ZP,BB,D
09:51:27,INDF,RG,6750,1,D,CC,YU,F
09:51:05,INDF,RG,6725,2,F,ZP,NI,D
09:50:49,INDF,RG,6750,1,F,AK,YU,F
09:50:49,INDF,RG,6725,10,F,ZP,BB,F
09:50:33,INDF,RG,6725,1,F,ZP,XL,D
09:50:25,INDF,RG,6725,1,F,ZP,PD,D
09:50:11,INDF,RG,6750,1,F,AK,YU,F
09:50:11,INDF,RG,6750,1,F,AK,YU,F
09:50:11,INDF,RG,6725,20,F,ZP,BB,D
09:50:11,INDF,RG,6725,1,F,ZP,BB,D
09:50:11,INDF,RG,6725,9,F,ZP,BB,D
09:50:09,INDF,RG,6750,1,F,AK,YU,F
09:50:09,INDF,RG,6725,15,F,ZP,NI,D
09:49:49,INDF,RG,6750,2,F,AK,YU,F
09:49:49,INDF,RG,6725,20,F,ZP,AK,F
09:49:49,INDF,RG,6725,5,F,BK,AK,F
09:49:33,INDF,RG,6750,2,F,AK,YU,F
09:49:33,INDF,RG,6750,25,D,ZP,YU,F
09:49:31,INDF,RG,6725,3,F,BK,XC,D
09:49:26,INDF,RG,6725,1,F,BK,BB,D
09:49:16,INDF,RG,6750,1,F,AK,YU,F
09:49:16,INDF,RG,6725,2,F,BK,ZP,F
09:49:04,INDF,RG,6725,1,F,BK,BB,D
09:48:00,INDF,RG,6725,1,F,BK,PD,D
09:47:44,INDF,RG,6750,1,F,AK,YU,F
09:47:44,INDF,RG,6725,11,F,BK,BB,F
09:47:43,INDF,RG,6725,1,F,BK,BB,D
09:47:42,INDF,RG,6725,10,F,BK,DX,D
09:47:09,INDF,RG,6750,3,F,AK,YU,F
09:47:09,INDF,RG,6725,32,F,BK,BB,D
09:47:06,INDF,RG,6725,3,F,BK,NI,D
09:46:57,INDF,RG,6725,5,F,BK,AZ,D
09:46:05,INDF,RG,6725,1,F,BK,SQ,D
09:46:00,INDF,RG,6725,17,F,BK,AK,F
09:45:47,INDF,RG,6725,1,F,BK,BB,D
09:45:31,INDF,RG,6725,2,F,BK,BB,D
09:45:19,INDF,RG,6725,1,F,BK,PD,D
09:45:19,INDF,RG,6725,1,F,BK,XC,D
09:45:09,INDF,RG,6725,1,F,BK,XC,D
09:45:00,INDF,RG,6725,35,F,BK,CC,D
09:45:00,INDF,RG,6725,5,D,XL,CC,D
09:45:00,INDF,RG,6725,1,D,SQ,CC,D
09:45:00,INDF,RG,6725,10,F,BK,CC,D
09:45:00,INDF,RG,6725,5,D,OD,CC,D
09:45:00,INDF,RG,6725,7,D,CC,CC,D
09:44:40,INDF,RG,6725,1,D,CC,PD,D
09:44:36,INDF,RG,6725,2,D,CC,BB,F
09:44:36,INDF,RG,6725,1,F,ZP,BB,F
09:44:36,INDF,RG,6725,1,F,AK,BB,F
09:44:36,INDF,RG,6725,1,F,ZP,BB,F
09:44:36,INDF,RG,6725,6,F,ZP,BB,F
09:44:32,INDF,RG,6725,20,F,ZP,CC,D
09:44:24,INDF,RG,6725,30,F,ZP,CC,D
09:44:23,INDF,RG,6725,4,F,ZP,CC,D
09:44:23,INDF,RG,6725,16,F,AK,CC,D
09:43:59,INDF,RG,6725,31,F,AK,BB,D
09:43:59,INDF,RG,6725,5,F,AK,PD,D
09:43:35,INDF,RG,6725,84,F,AK,SQ,D
09:43:35,INDF,RG,6725,16,D,XL,SQ,D
09:43:31,INDF,RG,6725,1,D,XL,DH,D
09:43:26,INDF,RG,6725,3,D,XL,YU,F
09:43:26,INDF,RG,6725,24,F,ZP,YU,F
09:43:21,INDF,RG,6725,2,F,ZP,XC,D
09:43:21,INDF,RG,6725,1,D,PD,XC,D
09:43:17,INDF,RG,6725,1,D,PD,PD,D
09:43:00,INDF,RG,6725,9,D,PD,YU,F
09:43:00,INDF,RG,6725,3,F,BK,YU,F
09:42:51,INDF,RG,6725,8,F,BK,PD,D
09:42:51,INDF,RG,6725,21,F,ZP,PD,D
09:42:43,INDF,RG,6725,3,F,ZP,CC,D
09:42:43,INDF,RG,6725,1,F,ZP,ZP,F
09:42:20,INDF,RG,6725,4,F,ZP,ZP,F
09:42:19,INDF,RG,6725,2,F,ZP,BB,D
09:42:16,INDF,RG,6725,2,F,ZP,PD,D
09:42:08,INDF,RG,6725,24,F,ZP,YP,D
09:42:08,INDF,RG,6725,24,D,YP,YP,D
09:42:00,INDF,RG,6725,1,D,YP,XC,D
09:41:59,INDF,RG,6725,8,D,YP,PD,D
09:41:57,INDF,RG,6725,1,D,YP,BB,D
09:41:56,INDF,RG,6725,55,D,YP,OD,D
09:41:50,INDF,RG,6725,3,D,YP,YP,D
09:41:25,INDF,RG,6725,8,D,YP,BB,F
09:41:25,INDF,RG,6725,3,D,SQ,BB,F
09:41:12,INDF,RG,6725,19,D,SQ,YU,F
09:41:12,INDF,RG,6725,5,D,KK,YU,F
09:41:12,INDF,RG,6725,4,D,YP,YU,F
09:41:01,INDF,RG,6725,5,D,YP,PD,D
09:40:53,INDF,RG,6725,16,D,YP,BB,D
09:40:53,INDF,RG,6725,1,F,ZP,BB,D
09:40:53,INDF,RG,6725,1,F,AK,BB,D
09:40:53,INDF,RG,6725,2,D,CC,BB,D
09:40:53,INDF,RG,6725,11,F,AK,BB,D
09:40:46,INDF,RG,6725,2,F,AK,PD,D
09:40:26,INDF,RG,6725,5,F,AK,ZP,F
09:40:25,INDF,RG,6725,5,F,AK,PD,D
09:40:21,INDF,RG,6725,80,F,AK,CC,D
09:40:21,INDF,RG,6725,20,F,ZP,CC,D
09:40:18,INDF,RG,6725,19,F,ZP,NI,D
09:40:18,INDF,RG,6725,7,D,PD,NI,D
09:40:04,INDF,RG,6725,8,D,PD,PD,D
09:40:01,INDF,RG,6725,1,D,PD,DR,D
09:40:01,INDF,RG,6725,1,D,YP,DR,D
09:40:01,INDF,RG,6725,1,F,ZP,DR,D
09:40:01,INDF,RG,6725,2,D,XC,DR,D
09:39:50,INDF,RG,6725,1,D,XC,PD,D
09:39:50,INDF,RG,6725,28,F,AK,YU,F
09:39:50,INDF,RG,6725,1,F,AK,YU,F
09:39:43,INDF,RG,6725,1,F,AK,HP,D
09:39:37,INDF,RG,6725,1,F,AK,PD,D
09:39:36,INDF,RG,6725,15,F,AK,ZP,F
09:39:31,INDF,RG,6725,36,F,AK,XC,D
09:39:31,INDF,RG,6725,1,F,ZP,XC,D
09:39:31,INDF,RG,6725,22,D,YP,XC,D
09:39:31,INDF,RG,6725,5,D,XL,XC,D
09:39:31,INDF,RG,6725,1,F,ZP,XC,D
09:39:31,INDF,RG,6725,15,D,IF,XC,D
09:39:23,INDF,RG,6725,2,D,IF,XL,D
09:39:18,INDF,RG,6725,83,D,IF,KK,D
09:39:18,INDF,RG,6725,1,F,AK,KK,D
09:39:18,INDF,RG,6725,11,F,BK,KK,D
09:39:18,INDF,RG,6725,30,F,ZP,KK,D
09:39:15,INDF,RG,6725,2,F,ZP,YP,D
09:39:14,INDF,RG,6725,5,F,ZP,YU,F
09:39:14,INDF,RG,6725,14,F,ZP,YU,F
09:38:59,INDF,RG,6725,1,F,ZP,CP,D
09:38:39,INDF,RG,6725,1,F,ZP,BB,D
09:38:27,INDF,RG,6725,2,F,ZP,BB,D
09:38:18,INDF,RG,6725,11,F,ZP,BB,F
09:38:11,INDF,RG,6750,26,F,ZP,YU,F
09:38:04,INDF,RG,6725,10,F,ZP,YJ,D
09:37:58,INDF,RG,6725,1,F,ZP,YU,D
09:37:47,INDF,RG,6725,31,F,ZP,BB,D
09:37:33,INDF,RG,6725,2,F,ZP,AZ,D
09:37:25,INDF,RG,6725,17,F,ZP,YU,F
09:37:03,INDF,RG,6725,6,F,BK,NI,D
09:36:55,INDF,RG,6725,9,F,BK,AZ,D
09:36:38,INDF,RG,6725,100,F,BK,YP,D
09:36:18,INDF,RG,6750,5,D,XL,YU,F
09:36:14,INDF,RG,6725,1,F,BK,SQ,D
09:35:59,INDF,RG,6725,40,F,BK,NI,D
09:35:34,INDF,RG,6750,1,D,XC,YU,F
09:35:30,INDF,RG,6725,5,F,BK,CC,D
09:35:13,INDF,RG,6725,11,F,AK,BB,F
09:35:11,INDF,RG,6725,8,F,AK,CC,D
09:35:07,INDF,RG,6725,1,F,AK,BB,D
09:34:59,INDF,RG,6725,1,F,AK,BB,D
09:34:44,INDF,RG,6725,31,F,AK,BB,D
09:34:36,INDF,RG,6725,1,F,AK,KK,D
09:34:10,INDF,RG,6725,76,F,AK,CC,D
09:34:10,INDF,RG,6725,2,F,AK,CC,D
09:34:10,INDF,RG,6725,22,F,AK,CC,D
09:34:04,INDF,RG,6725,15,F,AK,AZ,D
09:33:06,INDF,RG,6750,14,D,XC,YU,F
09:33:06,INDF,RG,6750,4,D,XC,PD,D
09:33:02,INDF,RG,6725,2,F,AK,XL,D
09:32:31,INDF,RG,6750,11,F,ZP,PD,D
09:32:22,INDF,RG,6725,2,F,AK,PD,D
09:32:07,INDF,RG,6725,11,F,AK,BB,F
09:31:46,INDF,RG,6725,76,F,AK,DR,D
09:31:40,INDF,RG,6725,28,F,AK,BB,D
09:31:40,INDF,RG,6725,1,F,ZP,BB,D
09:31:40,INDF,RG,6725,1,D,AT,BB,D
09:31:40,INDF,RG,6725,1,D,SQ,BB,D
09:31:40,INDF,RG,6725,1,D,SQ,BB,D
09:31:31,INDF,RG,6725,7,D,SQ,OD,D
09:31:28,INDF,RG,6725,1,D,SQ,BB,D
09:31:23,INDF,RG,6725,2,D,SQ,PD,D
09:30:58,INDF,RG,6725,1,D,SQ,BQ,D
09:30:54,INDF,RG,6725,1,D,SQ,XL,D
09:30:42,INDF,RG,6725,1,D,SQ,NI,D
09:30:33,INDF,RG,6725,7,D,SQ,YP,D
09:30:33,INDF,RG,6725,1,F,ZP,YP,D
09:30:33,INDF,RG,6725,5,D,RO,YP,D
09:30:33,INDF,RG,6725,1,F,ZP,YP,D
09:30:33,INDF,RG,6725,1,F,AK,YP,D
09:30:33,INDF,RG,6725,1,D,OD,YP,D
09:30:33,INDF,RG,6725,10,F,BK,YP,D
09:30:33,INDF,RG,6725,10,D,MG,YP,D
09:30:33,INDF,RG,6725,4,F,ZP,YP,D
09:30:28,INDF,RG,6725,1,F,ZP,ZP,F
09:30:28,INDF,RG,6725,6,F,ZP,ZP,F
09:30:28,INDF,RG,6725,5,F,ZP,AI,D
09:30:28,INDF,RG,6725,1,D,XL,AI,D
09:30:28,INDF,RG,6725,1,D,PD,AI,D
09:30:28,INDF,RG,6725,1,F,ZP,AI,D
09:30:28,INDF,RG,6725,63,F,AK,AI,D
09:30:28,INDF,RG,6725,2,F,AK,AI,D
09:30:28,INDF,RG,6725,149,F,AK,AI,D
09:30:28,INDF,RG,6725,5,D,PD,AI,D
09:30:28,INDF,RG,6725,1,D,XL,AI,D
09:30:28,INDF,RG,6725,89,F,ZP,AI,D
09:30:28,INDF,RG,6725,150,F,BK,AI,D
09:30:28,INDF,RG,6725,33,F,ZP,AI,D
09:30:02,INDF,RG,6725,8,F,ZP,PD,D
09:30:02,INDF,RG,6725,52,F,BK,PD,D
09:29:53,INDF,RG,6725,2,F,BK,BQ,D
09:29:49,INDF,RG,6725,6,F,BK,XC,D
09:29:36,INDF,RG,6725,4,F,BK,CC,D
09:29:20,INDF,RG,6725,1,F,BK,XL,D
09:29:11,INDF,RG,6750,16,F,ZP,PD,D
09:28:53,INDF,RG,6725,6,F,BK,BB,F
09:28:34,INDF,RG,6725,13,F,BK,BB,D
09:28:26,INDF,RG,6725,28,F,BK,SQ,D
09:28:18,INDF,RG,6725,1,F,BK,KK,D
09:28:17,INDF,RG,6725,1,F,BK,PD,D
09:28:04,INDF,RG,6725,5,F,BK,XL,D
09:28:03,INDF,RG,6725,51,F,BK,YP,D
09:28:03,INDF,RG,6725,9,F,ZP,YP,D
09:28:02,INDF,RG,6725,30,F,ZP,NI,D
09:27:58,INDF,RG,6725,2,F,ZP,DH,D
09:26:57,INDF,RG,6725,1,F,ZP,YP,D
09:26:36,INDF,RG,6725,1,F,ZP,CC,D
09:26:15,INDF,RG,6750,1,D,NI,PD,D
09:26:03,INDF,RG,6750,5,D,XL,PD,D
09:25:23,INDF,RG,6750,1,D,CC,PD,D
09:25:23,INDF,RG,6725,1,F,ZP,AZ,D
09:25:06,INDF,RG,6750,1,D,XC,PD,D
09:24:46,INDF,RG,6725,3,F,ZP,AZ,D
09:24:27,INDF,RG,6750,11,F,ZP,PD,D
09:24:26,INDF,RG,6750,20,D,CC,PD,D
09:24:25,INDF,RG,6750,6,F,AK,PD,D
09:24:25,INDF,RG,6750,6,F,AK,PD,D
09:24:25,INDF,RG,6750,3,F,AK,PD,D
09:24:25,INDF,RG,6750,19,F,ZP,PD,D
09:24:25,INDF,RG,6750,46,F,ZP,PD,D
09:24:24,INDF,RG,6750,1,F,ZP,XL,D
09:24:16,INDF,RG,6750,1,F,ZP,PD,D
09:24:11,INDF,RG,6750,32,F,ZP,YU,F
09:24:11,INDF,RG,6750,24,F,AK,YU,F
09:24:04,INDF,RG,6750,4,F,AK,YP,D
09:24:00,INDF,RG,6750,30,F,AK,XC,D
09:23:56,INDF,RG,6750,1,F,AK,PD,D
09:23:54,INDF,RG,6750,37,F,AK,YU,F
09:23:34,INDF,RG,6750,1,F,AK,ZP,F
09:23:34,INDF,RG,6750,3,F,AK,ZP,F
09:23:34,INDF,RG,6750,340,F,AK,AI,D
09:23:34,INDF,RG,6750,1,F,ZP,AI,D
09:23:34,INDF,RG,6750,45,F,ZP,AI,D
09:23:34,INDF,RG,6750,200,F,RX,AI,D
09:23:34,INDF,RG,6750,77,F,ZP,AI,D
09:23:34,INDF,RG,6750,300,F,RX,AI,D
09:23:34,INDF,RG,6750,38,F,AK,AI,D
09:23:34,INDF,RG,6750,5,D,YP,AI,D
09:23:34,INDF,RG,6750,128,F,ZP,AI,D
09:23:34,INDF,RG,6750,1,F,AK,AI,D
09:23:34,INDF,RG,6750,178,F,AK,AI,D
09:23:34,INDF,RG,6750,1,F,ZP,AI,D
09:23:34,INDF,RG,6750,64,F,AK,AI,D
09:23:34,INDF,RG,6750,122,D,NI,AI,D
09:23:11,INDF,RG,6750,1,D,NI,NI,D
09:23:00,INDF,RG,6750,55,D,NI,GR,D
09:22:51,INDF,RG,6750,20,D,NI,LG,D
09:22:47,INDF,RG,6750,1,D,NI,PD,D
09:22:35,INDF,RG,6750,1,D,NI,SQ,D
09:22:19,INDF,RG,6750,2,F,ZP,SQ,D
09:22:19,INDF,RG,6750,6,F,ZP,BB,F
09:22:19,INDF,RG,6750,23,F,ZP,YU,F
09:22:19,INDF,RG,6750,3,F,ZP,BB,D
09:22:19,INDF,RG,6750,1,F,ZP,BB,D
09:22:19,INDF,RG,6750,1,F,ZP,BB,D
09:22:19,INDF,RG,6750,6,F,ZP,AK,F
09:22:15,INDF,RG,6750,11,F,ZP,AK,F
09:22:12,INDF,RG,6750,14,F,ZP,AK,F
09:22:08,INDF,RG,6750,14,F,ZP,AK,F
09:22:08,INDF,RG,6725,7,F,ZP,YU,F
09:22:07,INDF,RG,6750,8,F,ZP,AK,F
09:22:07,INDF,RG,6750,12,F,ZP,BK,F
09:22:07,INDF,RG,6750,50,F,ZP,PD,D
09:22:06,INDF,RG,6725,21,F,ZP,YU,F
09:22:06,INDF,RG,6725,64,F,BK,YU,F
09:22:06,INDF,RG,6750,50,F,RX,PD,D
09:22:06,INDF,RG,6750,131,F,RX,YU,F
09:22:06,INDF,RG,6750,4,F,RX,ZP,F
09:22:06,INDF,RG,6750,2,F,RX,ZP,F
09:22:06,INDF,RG,6750,13,F,RX,YU,F
09:22:06,INDF,RG,6750,7,F,RX,CD,D
09:22:06,INDF,RG,6750,1,F,RX,YP,D
09:22:06,INDF,RG,6750,1,F,RX,XC,D
09:22:06,INDF,RG,6750,5,F,RX,CC,D
09:22:06,INDF,RG,6750,152,F,RX,YU,F
09:22:06,INDF,RG,6750,17,F,RX,AK,F
09:22:06,INDF,RG,6750,17,F,RX,AK,F
09:22:06,INDF,RG,6750,18,F,RX,BK,F
09:22:06,INDF,RG,6750,17,F,RX,BB,F
09:22:06,INDF,RG,6750,46,F,RX,BB,D
09:22:06,INDF,RG,6750,1,F,RX,BB,D
09:22:06,INDF,RG,6750,2,F,RX,BB,D
09:22:06,INDF,RG,6750,1,F,RX,ZP,F
09:22:06,INDF,RG,6750,115,F,RX,NI,D
09:22:00,INDF,RG,6750,13,F,ZP,NI,D
09:21:56,INDF,RG,6750,11,F,ZP,NI,D
09:21:54,INDF,RG,6750,32,F,ZP,NI,D
09:21:54,INDF,RG,6725,114,F,BK,YU,F
09:21:54,INDF,RG,6725,20,F,AK,YU,F
09:21:54,INDF,RG,6725,170,F,BK,YU,F
09:21:54,INDF,RG,6725,1,F,AK,YU,F
09:21:54,INDF,RG,6725,2,F,AK,YU,F
09:21:53,INDF,RG,6725,1,F,BK,BB,D
09:21:53,INDF,RG,6725,4,F,BK,BB,F
09:21:53,INDF,RG,6725,4,F,AK,BB,F
09:21:53,INDF,RG,6725,1,F,AK,BB,D
09:21:53,INDF,RG,6725,42,F,AK,BB,D
09:21:53,INDF,RG,6725,2,F,AK,ZP,F
09:21:53,INDF,RG,6725,1,F,AK,BB,D
09:21:53,INDF,RG,6725,8,F,AK,ZP,F
09:21:53,INDF,RG,6725,169,F,AK,AI,D
09:21:53,INDF,RG,6725,2,D,XL,AI,D
09:21:53,INDF,RG,6725,1,F,ZP,AI,D
09:21:53,INDF,RG,6725,25,D,CC,AI,D
09:21:53,INDF,RG,6725,25,D,YB,AI,D
09:21:53,INDF,RG,6725,4,F,ZP,AI,D
09:21:53,INDF,RG,6725,80,F,ZP,AI,D
09:21:53,INDF,RG,6725,42,F,AK,AI,D
09:21:53,INDF,RG,6725,341,F,AK,AI,D
09:21:53,INDF,RG,6725,97,F,AK,AI,D
09:21:53,INDF,RG,6725,3,D,PD,AI,D
09:21:53,INDF,RG,6725,1,F,AK,AI,D
09:21:53,INDF,RG,6725,1,D,AT,AI,D
09:21:53,INDF,RG,6725,50,D,OD,AI,D
09:21:53,INDF,RG,6725,1,D,PD,AI,D
09:21:53,INDF,RG,6725,1,D,XC,AI,D
09:21:53,INDF,RG,6725,1,D,KK,AI,D
09:21:53,INDF,RG,6725,1,F,ZP,AI,D
09:21:53,INDF,RG,6725,10,D,MG,AI,D
09:21:53,INDF,RG,6725,3,D,CC,AI,D
09:21:53,INDF,RG,6725,1,D,EP,AI,D
09:21:53,INDF,RG,6725,5,D,PD,AI,D
09:21:53,INDF,RG,6725,300,F,RX,AI,D
09:21:53,INDF,RG,6725,2,D,PD,AI,D
09:21:53,INDF,RG,6725,20,F,BK,AI,D
09:21:53,INDF,RG,6725,160,F,ZP,AI,D
09:21:53,INDF,RG,6725,154,F,RX,AI,D
09:21:29,INDF,RG,6750,1,F,AK,NI,D
09:21:29,INDF,RG,6725,5,F,RX,KK,D
09:21:20,INDF,RG,6725,4,F,RX,YU,F
09:21:20,INDF,RG,6750,2,F,AK,NI,D
09:21:20,INDF,RG,6725,20,F,RX,XL,D
09:20:41,INDF,RG,6725,2,F,RX,YU,F
09:20:40,INDF,RG,6750,1,F,AK,NI,D
09:20:40,INDF,RG,6750,10,D,XC,NI,D
09:20:36,INDF,RG,6750,1,D,XC,NI,D
09:20:21,INDF,RG,6725,3,F,RX,YU,F
09:20:20,INDF,RG,6750,1,D,YP,NI,D
09:19:23,INDF,RG,6750,1,F,AK,NI,D
09:19:23,INDF,RG,6750,12,F,ZP,NI,D
09:19:22,INDF,RG,6750,2,F,ZP,LS,D
09:19:15,INDF,RG,6750,1,F,ZP,PD,D
09:18:58,INDF,RG,6750,3,F,ZP,YU,F
09:18:57,INDF,RG,6750,11,F,ZP,BB,F
09:18:57,INDF,RG,6750,2,F,AK,BB,F
09:18:51,INDF,RG,6750,1,F,AK,YU,F
09:18:51,INDF,RG,6750,1,D,HP,YU,F
09:18:51,INDF,RG,6750,9,D,HP,BB,D
09:18:51,INDF,RG,6750,2,F,ZP,BB,D
09:18:51,INDF,RG,6750,2,D,PD,BB,D
09:18:50,INDF,RG,6750,3,D,PD,YU,F
09:18:49,INDF,RG,6750,11,F,BK,LG,D
09:18:49,INDF,RG,6750,2,D,EP,LG,D
09:18:47,INDF,RG,6750,2,D,XL,PD,D
09:18:47,INDF,RG,6750,1,D,AZ,PD,D
09:18:47,INDF,RG,6750,1,F,ZP,PD,D
09:18:44,INDF,RG,6750,15,F,AK,YU,F
09:18:43,INDF,RG,6750,34,F,AK,YU,F
09:18:43,INDF,RG,6750,41,F,AK,YU,F
09:18:43,INDF,RG,6750,2,D,CC,YU,F
09:18:43,INDF,RG,6750,1,D,SQ,YU,F
09:18:43,INDF,RG,6750,1,D,XC,YU,F
09:18:43,INDF,RG,6750,1,F,ZP,YU,F
09:18:43,INDF,RG,6750,1,F,AK,YU,F
09:18:43,INDF,RG,6750,37,F,ZP,YU,F
09:18:43,INDF,RG,6775,6,F,AK,CP,D
09:18:43,INDF,RG,6750,13,F,ZP,AK,F
09:18:43,INDF,RG,6750,27,F,ZP,AK,F
09:18:42,INDF,RG,6750,56,F,ZP,BK,F
09:18:42,INDF,RG,6750,12,F,BK,BK,F
09:18:42,INDF,RG,6750,1,F,ZP,BK,F
09:18:42,INDF,RG,6750,51,F,RX,BK,F
09:18:42,INDF,RG,6775,28,F,AK,CP,D
09:18:42,INDF,RG,6750,108,F,RX,YU,F
09:18:42,INDF,RG,6750,3,F,RX,ZP,F
09:18:42,INDF,RG,6750,6,F,RX,ZP,F
09:18:42,INDF,RG,6750,332,F,RX,YP,D
09:18:42,INDF,RG,6750,40,D,CC,YP,D
09:18:42,INDF,RG,6750,1,F,ZP,YP,D
09:18:42,INDF,RG,6750,2,D,AT,YP,D
09:18:42,INDF,RG,6750,67,F,ZP,YP,D
09:18:42,INDF,RG,6750,5,D,XL,YP,D
09:18:42,INDF,RG,6750,153,F,AK,YP,D
09:18:39,INDF,RG,6775,1,F,AK,CP,D
09:18:39,INDF,RG,6750,2,F,AK,YU,F
09:18:38,INDF,RG,6775,11,F,ZP,CP,D
09:18:37,INDF,RG,6750,3,F,AK,YU,F
09:18:36,INDF,RG,6750,16,F,AK,XC,D
09:18:23,INDF,RG,6750,1,F,AK,EP,D
09:18:18,INDF,RG,6775,1,F,AK,CP,D
09:18:18,INDF,RG,6750,12,F,AK,YU,F
09:18:17,INDF,RG,6775,1,D,CC,CP,D
09:18:17,INDF,RG,6750,3,F,AK,YP,D
09:18:09,INDF,RG,6750,10,F,AK,CC,D
09:17:20,INDF,RG,6750,50,F,AK,YP,D
09:17:18,INDF,RG,6750,3,F,AK,XC,D
09:16:49,INDF,RG,6750,1,F,AK,LG,D
09:16:24,INDF,RG,6750,1,F,AK,PD,D
09:16:21,INDF,RG,6750,4,F,AK,YU,F
09:16:20,INDF,RG,6775,1,D,YP,CP,D
09:16:15,INDF,RG,6750,2,F,AK,PD,D
09:16:08,INDF,RG,6750,3,F,AK,NI,D
09:16:02,INDF,RG,6750,15,F,AK,PD,D
09:15:58,INDF,RG,6750,1,F,AK,YP,D
09:15:56,INDF,RG,6750,25,F,AK,YU,F
09:15:56,INDF,RG,6775,2,D,XL,CP,D
09:15:31,INDF,RG,6750,18,F,AK,SQ,D
09:15:26,INDF,RG,6750,5,F,AK,CC,D
09:15:20,INDF,RG,6750,13,F,AK,CC,D
09:15:20,INDF,RG,6750,5,D,PD,CC,D
09:15:20,INDF,RG,6750,2,D,DR,CC,D
09:15:20,INDF,RG,6750,16,D,PD,CC,D
09:15:20,INDF,RG,6750,10,D,DH,CC,D
09:15:20,INDF,RG,6750,15,D,KK,CC,D
09:15:20,INDF,RG,6750,1,F,ZP,CC,D
09:15:20,INDF,RG,6750,1,F,AK,CC,D
09:15:20,INDF,RG,6750,14,F,BK,CC,D
09:15:20,INDF,RG,6750,28,F,ZP,CC,D
09:15:18,INDF,RG,6750,5,F,ZP,CC,D
09:15:17,INDF,RG,6775,1,D,PD,CP,D
09:15:13,INDF,RG,6750,6,F,ZP,BB,F
09:15:10,INDF,RG,6750,11,F,ZP,YU,F
09:15:10,INDF,RG,6750,23,F,AK,YU,F
09:15:09,INDF,RG,6775,9,F,ZP,CP,D
09:15:08,INDF,RG,6750,38,F,AK,YP,D
09:14:51,INDF,RG,6750,10,F,AK,CC,D
09:14:40,INDF,RG,6750,1,F,AK,NI,D
09:14:28,INDF,RG,6750,40,F,AK,IF,D
09:14:12,INDF,RG,6750,1,F,AK,NI,D
09:13:57,INDF,RG,6750,3,F,AK,XC,D
09:13:34,INDF,RG,6750,10,F,AK,CC,D
09:13:32,INDF,RG,6750,1,F,AK,PD,D
09:13:16,INDF,RG,6750,2,F,AK,XL,D
09:13:00,INDF,RG,6750,10,F,AK,SQ,D
09:12:41,INDF,RG,6750,2,F,AK,PD,D
09:12:32,INDF,RG,6750,8,F,AK,PD,D
09:12:30,INDF,RG,6750,1,F,AK,CC,D
09:12:29,INDF,RG,6750,1,F,AK,DR,D
09:12:26,INDF,RG,6750,16,F,AK,YP,D
09:12:22,INDF,RG,6750,1,F,AK,CC,D
09:12:21,INDF,RG,6750,1,F,AK,BQ,D
09:12:12,INDF,RG,6750,10,F,AK,AI,D
09:12:05,INDF,RG,6750,25,F,AK,YU,F
09:12:05,INDF,RG,6750,1,F,AK,YU,F
09:11:56,INDF,RG,6750,1,F,AK,YU,F
09:11:56,INDF,RG,6750,2,F,ZP,YU,F
09:11:55,INDF,RG,6775,1,F,AK,CP,D
09:11:55,INDF,RG,6750,16,F,ZP,YU,F
09:11:17,INDF,RG,6750,3,F,ZP,DR,D
09:11:06,INDF,RG,6750,5,F,ZP,YU,F
09:11:06,INDF,RG,6775,2,F,AK,CP,D
09:11:06,INDF,RG,6750,14,F,ZP,PD,D
09:11:06,INDF,RG,6750,7,D,CC,PD,D
09:11:06,INDF,RG,6750,1,D,KK,PD,D
09:11:06,INDF,RG,6750,2,D,CC,PD,D
09:11:06,INDF,RG,6750,1,D,CC,PD,D
09:11:03,INDF,RG,6750,1,D,CC,YU,F
09:11:03,INDF,RG,6775,1,F,AK,CP,D
09:11:02,INDF,RG,6750,5,D,CC,YP,D
09:10:55,INDF,RG,6750,2,D,CC,YU,F
09:10:54,INDF,RG,6775,1,F,AK,CP,D
09:10:53,INDF,RG,6750,10,D,CC,YP,D
09:10:51,INDF,RG,6750,1,D,CC,YU,F
09:10:50,INDF,RG,6775,2,D,XL,CP,D
09:10:30,INDF,RG,6750,5,D,CC,OD,D
09:10:29,INDF,RG,6750,3,D,CC,YU,F
09:10:29,INDF,RG,6775,1,F,AK,CP,D
09:10:29,INDF,RG,6750,16,D,CC,SQ,D
09:10:21,INDF,RG,6775,1,F,AK,CP,D
09:10:20,INDF,RG,6750,4,D,CC,YU,F
09:10:20,INDF,RG,6775,1,F,AK,CP,D
09:10:20,INDF,RG,6750,2,D,CC,OD,D
09:10:20,INDF,RG,6750,1,F,ZP,OD,D
09:10:20,INDF,RG,6750,1,F,AK,OD,D
09:10:20,INDF,RG,6750,16,F,BK,OD,D
09:10:14,INDF,RG,6750,1,F,BK,YU,F
09:10:14,INDF,RG,6750,2,F,BK,BQ,D
09:10:12,INDF,RG,6775,1,F,AK,CP,D
09:10:12,INDF,RG,6750,9,F,BK,YU,F
09:10:11,INDF,RG,6775,3,F,AK,CP,D
09:10:11,INDF,RG,6750,50,F,BK,XC,D
09:10:02,INDF,RG,6750,3,F,BK,YU,F
09:10:01,INDF,RG,6775,1,F,AK,CP,D
09:10:01,INDF,RG,6750,5,F,BK,NI,D
09:10:01,INDF,RG,6750,10,F,BK,SQ,D
09:09:55,INDF,RG,6750,14,F,BK,YU,F
09:09:54,INDF,RG,6775,6,F,AK,CP,D
09:09:53,INDF,RG,6750,24,F,BK,CC,D
09:09:53,INDF,RG,6750,33,F,AK,CC,D
09:09:53,INDF,RG,6750,18,F,ZP,CC,D
09:09:48,INDF,RG,6750,11,F,ZP,YU,F
09:09:48,INDF,RG,6750,1,F,ZP,YU,F
09:09:48,INDF,RG,6775,62,F,AK,CP,D
09:09:48,INDF,RG,6750,3,F,ZP,XL,D
09:09:35,INDF,RG,6750,2,F,ZP,XA,D
09:09:34,INDF,RG,6750,1,F,ZP,NI,D
09:09:21,INDF,RG,6750,6,F,ZP,YU,F
09:09:20,INDF,RG,6775,1,D,XC,CP,D
09:09:17,INDF,RG,6750,1,F,ZP,PD,D
09:09:13,INDF,RG,6750,29,F,ZP,DX,D
09:09:13,INDF,RG,6750,2,F,AK,DX,D
09:09:13,INDF,RG,6750,1,F,BK,DX,D
09:09:03,INDF,RG,6750,1,F,BK,YU,F
09:09:02,INDF,RG,6750,5,F,BK,OD,D
09:08:59,INDF,RG,6750,5,F,BK,YU,F
09:08:58,INDF,RG,6750,9,F,BK,AI,D
09:08:58,INDF,RG,6750,5,F,ZP,AI,D
09:08:58,INDF,RG,6750,5,F,ZP,AI,D
09:08:58,INDF,RG,6750,6,F,RX,AI,D
09:08:57,INDF,RG,6750,1,F,RX,XC,D
09:08:43,INDF,RG,6750,5,F,RX,PD,D
09:07:52,INDF,RG,6750,2,F,RX,YU,F
09:07:52,INDF,RG,6775,9,F,ZP,CP,D
09:07:50,INDF,RG,6750,2,F,RX,YU,F
09:07:50,INDF,RG,6750,12,F,RX,NI,D
09:07:46,INDF,RG,6750,2,F,RX,YU,F
09:07:46,INDF,RG,6775,1,D,PD,CP,D
09:07:46,INDF,RG,6775,11,F,ZP,CP,D
09:07:42,INDF,RG,6775,14,F,ZP,CP,D
09:07:39,INDF,RG,6750,1,F,RX,PD,D
09:07:39,INDF,RG,6775,13,F,ZP,CP,D
09:07:37,INDF,RG,6775,11,F,ZP,CP,D
09:07:37,INDF,RG,6775,25,F,ZP,CP,D
09:07:35,INDF,RG,6750,5,F,RX,BB,F
09:07:35,INDF,RG,6750,3,F,RX,DH,D
09:07:35,INDF,RG,6750,45,F,RX,XA,D
09:07:35,INDF,RG,6750,1,F,RX,ZP,F
09:07:35,INDF,RG,6750,1,F,RX,BB,D
09:07:35,INDF,RG,6750,2,F,RX,BB,D
09:07:35,INDF,RG,6750,10,F,RX,YP,D
09:07:35,INDF,RG,6750,1,F,RX,XC,D
09:07:35,INDF,RG,6750,2,F,RX,NI,D
09:07:35,INDF,RG,6750,5,F,RX,EP,D
09:07:35,INDF,RG,6750,1,F,RX,XC,D
09:07:35,INDF,RG,6750,100,F,RX,PC,D
09:07:35,INDF,RG,6750,2,F,RX,SQ,D
09:07:35,INDF,RG,6750,6,F,RX,EP,D
09:07:35,INDF,RG,6750,15,F,RX,YU,F
09:07:35,INDF,RG,6750,5,F,RX,EP,D
09:07:35,INDF,RG,6750,2,F,RX,KK,D
09:07:35,INDF,RG,6750,4,F,RX,AT,D
09:07:35,INDF,RG,6750,36,F,RX,YU,F
09:07:35,INDF,RG,6750,123,F,RX,CC,D
09:07:23,INDF,RG,6750,1,D,YB,CC,D
09:07:19,INDF,RG,6750,9,F,ZP,CC,D
09:07:16,INDF,RG,6750,11,F,ZP,CC,D
09:07:16,INDF,RG,6725,18,F,AK,YU,F
09:07:16,INDF,RG,6725,1,F,AK,BB,D
09:07:16,INDF,RG,6725,1,F,AK,BB,D
09:07:16,INDF,RG,6725,14,F,AK,YU,F
09:07:16,INDF,RG,6725,17,F,AK,YU,F
09:07:16,INDF,RG,6725,2,F,AK,NI,D
09:07:16,INDF,RG,6725,18,F,AK,AK,F
09:07:16,INDF,RG,6725,19,F,AK,YU,F
09:07:16,INDF,RG,6725,2,F,AK,BB,F
09:07:16,INDF,RG,6725,11,F,AK,BK,F
09:07:16,INDF,RG,6725,7,F,AK,XC,D
09:07:16,INDF,RG,6725,20,F,AK,YU,F
09:07:16,INDF,RG,6725,46,F,AK,YP,D
09:07:04,INDF,RG,6725,4,D,DR,YP,D
09:07:04,INDF,RG,6725,6,D,DR,YU,F
09:06:48,INDF,RG,6725,14,F,ZP,YU,F
09:06:46,INDF,RG,6725,9,F,ZP,YU,F
09:06:43,INDF,RG,6725,1,F,ZP,YU,F
09:06:43,INDF,RG,6725,1,F,ZP,YP,D
09:06:43,INDF,RG,6725,1,F,ZP,EP,D
09:06:43,INDF,RG,6725,20,F,ZP,YU,F
09:06:42,INDF,RG,6725,8,D,OD,YU,F
09:06:42,INDF,RG,6725,2,D,OD,PD,D
09:06:42,INDF,RG,6725,2,D,OD,ZP,F
09:06:42,INDF,RG,6725,1,D,OD,BB,D
09:06:42,INDF,RG,6725,21,D,OD,YU,F
09:06:42,INDF,RG,6725,4,D,OD,EP,D
09:06:42,INDF,RG,6725,3,D,OD,YP,D
09:06:42,INDF,RG,6725,18,D,OD,AK,F
09:06:42,INDF,RG,6725,2,D,OD,BB,D
09:06:42,INDF,RG,6725,2,D,OD,BB,D
09:06:42,INDF,RG,6725,1,D,OD,XC,D
09:06:42,INDF,RG,6725,4,D,OD,YP,D
09:06:42,INDF,RG,6725,21,D,OD,YU,F
09:06:42,INDF,RG,6725,11,D,OD,PD,D
09:06:21,INDF,RG,6725,4,F,ZP,PD,D
09:06:21,INDF,RG,6725,1,F,ZP,XC,D
09:06:21,INDF,RG,6725,1,F,ZP,KK,D
09:06:21,INDF,RG,6725,5,F,ZP,PD,D
09:06:21,INDF,RG,6725,1,F,ZP,YU,F
09:06:19,INDF,RG,6725,13,F,AK,YU,F
