Time,Stock,Brd,Price,Qty,BT,BC,SC,ST
15:13:43,INDF,RG,6325,10,D,PD,CC,D
15:13:10,INDF,RG,6325,1,D,PD,NI,D
15:10:13,INDF,RG,6325,2,D,PD,DX,D
15:08:03,INDF,RG,6325,150,D,PD,NI,D
15:06:56,INDF,RG,6325,1271,D,PD,CS,F
15:06:56,INDF,RG,6325,1729,D,PD,CS,F
15:06:54,INDF,RG,6325,4,D,PD,SQ,D
15:05:26,INDF,RG,6325,1,D,PD,PD,D
15:05:17,INDF,RG,6325,20,D,PD,LG,D
15:05:02,INDF,RG,6325,1,D,PD,KK,D
15:05:02,INDF,RG,6325,1,D,PD,YP,D
15:05:02,INDF,RG,6325,1,D,PD,YP,D
15:05:02,INDF,RG,6325,1,D,PD,XC,D
15:05:02,INDF,RG,6325,1,D,PD,PD,D
15:05:02,INDF,RG,6325,10,D,PD,CC,D
15:05:02,INDF,RG,6325,10,D,PD,CC,D
15:05:02,INDF,RG,6325,10,D,PD,PD,D
15:05:02,INDF,RG,6325,10,D,PD,SQ,D
15:05:02,INDF,RG,6325,17,D,PD,KK,D
15:05:02,INDF,RG,6325,15,D,PD,CC,D
15:05:02,INDF,RG,6325,669,D,PD,AK,D
15:05:02,INDF,RG,6325,2,D,YP,AK,D
15:05:01,INDF,RG,6325,10,D,AG,AK,D
15:05:01,INDF,RG,6325,3,D,XC,AK,D
15:05:01,INDF,RG,6325,1,D,XC,AK,D
15:05:00,INDF,RG,6325,2500,D,XA,AK,D
15:00:00,INDF,RG,6325,27,F,BK,AK,D
15:00:00,INDF,RG,6325,246,F,CS,AK,D
15:00:00,INDF,RG,6325,723,F,CS,AK,D
15:00:00,INDF,RG,6325,2,D,XC,AK,D
15:00:00,INDF,RG,6325,2,D,XC,AK,D
15:00:00,INDF,RG,6325,32,D,EP,AK,D
15:00:00,INDF,RG,6325,20,D,CC,AK,D
15:00:00,INDF,RG,6325,1,D,PD,AK,D
15:00:00,INDF,RG,6325,1,D,PD,AK,D
15:00:00,INDF,RG,6325,10,D,YP,AK,D
15:00:00,INDF,RG,6325,5,D,YP,AK,D
15:00:00,INDF,RG,6325,9,D,NI,AK,D
15:00:00,INDF,RG,6325,1,D,XC,AK,D
15:00:00,INDF,RG,6325,50,D,GR,AK,D
15:00:00,INDF,RG,6325,1,D,PD,AK,D
15:00:00,INDF,RG,6325,816,D,YP,AK,D
15:00:00,INDF,RG,6325,29,D,PD,AK,D
15:00:00,INDF,RG,6325,5,D,EP,AK,D
15:00:00,INDF,RG,6325,20,D,ES,AK,D
15:00:00,INDF,RG,6325,3,D,SQ,AK,D
15:00:00,INDF,RG,6325,50,D,CC,AK,D
15:00:00,INDF,RG,6325,10,D,PD,AK,D
15:00:00,INDF,RG,6325,2,D,AT,AK,D
15:00:00,INDF,RG,6325,60,F,BK,AK,D
15:00:00,INDF,RG,6325,1,D,XC,AK,D
15:00:00,INDF,RG,6325,17,D,PD,AK,D
15:00:00,INDF,RG,6325,1,D,YP,AK,D
15:00:00,INDF,RG,6325,2,D,XC,AK,D
15:00:00,INDF,RG,6325,123,D,NI,AK,D
15:00:00,INDF,RG,6325,115,D,AK,AK,D
15:00:00,INDF,RG,6325,132,D,AK,AK,D
15:00:00,INDF,RG,6325,125,D,AK,AK,D
15:00:00,INDF,RG,6325,44,D,AK,AK,D
15:00:00,INDF,RG,6325,3,D,AK,YP,D
15:00:00,INDF,RG,6325,1,D,AK,PD,D
15:00:00,INDF,RG,6325,2,D,AK,XL,D
15:00:00,INDF,RG,6325,32,D,AK,CC,D
15:00:00,INDF,RG,6325,17,D,AK,CC,D
15:00:00,INDF,RG,6325,5,D,EP,CC,D
15:00:00,INDF,RG,6325,10,D,CC,CC,D
15:00:00,INDF,RG,6325,5,D,XC,CC,D
15:00:00,INDF,RG,6325,50,D,OD,CC,D
15:00:00,INDF,RG,6325,9,D,GR,CC,D
15:00:00,INDF,RG,6325,2,D,GR,YP,D
15:00:00,INDF,RG,6325,1,D,GR,KK,D
15:00:00,INDF,RG,6325,2,D,GR,YP,D
15:00:00,INDF,RG,6325,11,D,GR,DR,D
15:00:00,INDF,RG,6325,1,D,PD,DR,D
15:00:00,INDF,RG,6325,64,D,AG,DR,D
15:00:00,INDF,RG,6325,20,D,YP,DR,D
15:00:00,INDF,RG,6325,2,D,YP,DR,D
15:00:00,INDF,RG,6325,8,D,PD,DR,D
15:00:00,INDF,RG,6325,3,D,PD,DR,D
15:00:00,INDF,RG,6325,3,D,NI,DR,D
15:00:00,INDF,RG,6325,25,D,GR,DR,D
15:00:00,INDF,RG,6325,3,D,PD,DR,D
15:00:00,INDF,RG,6325,35,D,EP,DR,D
15:00:00,INDF,RG,6325,15,D,EP,PC,D
15:00:00,INDF,RG,6325,60,D,PC,PC,D
15:00:00,INDF,RG,6325,61,D,PC,BK,F
15:00:00,INDF,RG,6325,441,F,BK,BK,F
15:00:00,INDF,RG,6325,1,D,PD,BK,F
15:00:00,INDF,RG,6325,2,D,PD,BK,F
15:00:00,INDF,RG,6325,3,D,DR,BK,F
15:00:00,INDF,RG,6325,15,D,SQ,BK,F
15:00:00,INDF,RG,6325,5,D,YP,BK,F
15:00:00,INDF,RG,6325,2,D,PD,BK,F
15:00:00,INDF,RG,6325,2,D,XL,BK,F
15:00:00,INDF,RG,6325,8,D,SQ,BK,F
15:00:00,INDF,RG,6325,20,D,XC,BK,F
15:00:00,INDF,RG,6325,1,D,YP,BK,F
15:00:00,INDF,RG,6325,1,D,YP,BK,F
15:00:00,INDF,RG,6325,205,D,DH,BK,F
15:00:00,INDF,RG,6325,2,D,CC,BK,F
15:00:00,INDF,RG,6325,262,F,ZP,BK,F
15:00:00,INDF,RG,6325,218,F,ZP,ZP,F
15:00:00,INDF,RG,6325,52,D,BB,ZP,F
15:00:00,INDF,RG,6325,56,F,AK,ZP,F
15:00:00,INDF,RG,6325,106,F,ZP,ZP,F
15:00:00,INDF,RG,6325,56,F,ZP,ZP,F
15:00:00,INDF,RG,6325,9,F,ZP,AK,F
15:00:00,INDF,RG,6325,213,F,ZP,BK,F
15:00:00,INDF,RG,6325,530,D,YU,BK,F
15:00:00,INDF,RG,6325,410,D,YU,BK,F
15:00:00,INDF,RG,6325,24,D,YU,AK,F
15:00:00,INDF,RG,6325,22,D,YU,AK,F
15:00:00,INDF,RG,6325,1,D,YU,AK,F
15:00:00,INDF,RG,6325,44,D,YU,KZ,D
15:00:00,INDF,RG,6325,98,D,OD,KZ,D
15:00:00,INDF,RG,6325,145,D,PD,KZ,D
15:00:00,INDF,RG,6325,5,D,PD,LG,D
15:00:00,INDF,RG,6325,4,D,PD,LG,D
14:49:58,INDF,RG,6325,24,D,PC,BK,F
14:49:58,INDF,RG,6325,1,D,PC,ZP,F
14:49:58,INDF,RG,6325,4,D,PC,BK,F
14:49:58,INDF,RG,6325,2,D,CC,BK,F
14:49:58,INDF,RG,6325,1,D,PD,BK,F
14:49:55,INDF,RG,6350,133,D,BQ,YP,D
14:49:55,INDF,RG,6325,12,D,BQ,BK,F
14:49:54,INDF,RG,6325,3,D,BQ,ZP,F
14:49:51,INDF,RG,6325,3,D,BQ,ZP,F
14:49:50,INDF,RG,6325,1,D,BQ,BK,F
14:49:48,INDF,RG,6325,12,D,BQ,BK,F
14:49:46,INDF,RG,6325,9,D,BQ,DR,D
14:49:46,INDF,RG,6325,1,D,BQ,BK,F
14:49:45,INDF,RG,6325,2,D,BQ,AK,F
14:49:41,INDF,RG,6325,1,D,BQ,ZP,F
14:49:34,INDF,RG,6325,4,D,BQ,BK,F
14:49:33,INDF,RG,6325,12,D,BQ,BK,F
14:49:30,INDF,RG,6350,46,F,ZP,YP,D
14:49:30,INDF,RG,6325,2,D,BQ,AK,F
14:49:30,INDF,RG,6325,1,D,BQ,AK,F
14:49:30,INDF,RG,6325,7,D,BQ,BK,F
14:49:29,INDF,RG,6350,10,F,ZP,YP,D
14:49:29,INDF,RG,6350,5,F,ZP,DH,D
14:49:29,INDF,RG,6325,17,D,BQ,DR,D
14:49:26,INDF,RG,6325,1,D,BQ,ZP,F
14:49:25,INDF,RG,6350,23,F,ZP,DH,D
14:49:24,INDF,RG,6325,11,D,BQ,BK,F
14:49:21,INDF,RG,6325,74,D,BQ,BK,F
14:49:19,INDF,RG,6325,3,D,BQ,ZP,F
14:49:19,INDF,RG,6350,72,D,BQ,DH,D
14:49:19,INDF,RG,6350,10,D,BQ,YB,D
14:49:19,INDF,RG,6350,1,D,BQ,PD,D
14:49:19,INDF,RG,6350,2,D,BQ,YP,D
14:49:19,INDF,RG,6350,5,D,BQ,YP,D
14:49:19,INDF,RG,6350,1,D,BQ,NI,D
14:49:19,INDF,RG,6350,1,D,BQ,ZP,F
14:49:19,INDF,RG,6350,1,D,BQ,NI,D
14:49:19,INDF,RG,6350,5,D,BQ,NI,D
14:49:19,INDF,RG,6350,5,D,BQ,PD,D
14:49:19,INDF,RG,6350,5,D,BQ,PD,D
14:49:19,INDF,RG,6350,2,D,BQ,KK,D
14:49:19,INDF,RG,6350,1,D,BQ,YP,D
14:49:19,INDF,RG,6350,3,D,BQ,XC,D
14:49:19,INDF,RG,6350,10,D,BQ,PD,D
14:49:19,INDF,RG,6350,9,D,BQ,PD,D
14:49:19,INDF,RG,6350,1,D,BQ,PD,D
14:49:19,INDF,RG,6350,2,D,BQ,PD,D
14:49:19,INDF,RG,6350,1,D,BQ,PD,D
14:49:19,INDF,RG,6350,21,D,BQ,BK,F
14:49:19,INDF,RG,6350,4,D,BQ,PD,D
14:49:19,INDF,RG,6350,15,D,BQ,BK,F
14:49:19,INDF,RG,6350,70,D,BQ,CC,D
14:49:19,INDF,RG,6350,100,D,BQ,YP,D
14:49:19,INDF,RG,6350,8,D,BQ,PD,D
14:49:19,INDF,RG,6350,25,D,BQ,PD,D
14:49:19,INDF,RG,6350,25,D,BQ,YP,D
14:49:19,INDF,RG,6350,7,D,BQ,KK,D
14:49:19,INDF,RG,6350,1,D,BQ,PD,D
14:49:19,INDF,RG,6350,1,D,BQ,XC,D
14:49:19,INDF,RG,6350,15,D,BQ,CC,D
14:49:19,INDF,RG,6350,12,D,BQ,CC,D
14:49:19,INDF,RG,6350,25,D,BQ,YP,D
14:49:19,INDF,RG,6350,33,D,BQ,YP,D
14:49:19,INDF,RG,6350,1,D,BQ,PD,D
14:49:15,INDF,RG,6325,13,D,BQ,BK,F
14:49:13,INDF,RG,6325,12,D,BQ,BK,F
14:49:11,INDF,RG,6325,15,D,BQ,BK,F
14:49:09,INDF,RG,6325,16,D,BQ,BK,F
14:49:07,INDF,RG,6325,76,D,BQ,BK,F
14:49:07,INDF,RG,6325,216,D,BQ,BK,F
14:49:06,INDF,RG,6350,16,D,SQ,PD,D
14:49:06,INDF,RG,6350,2,D,SQ,PD,D
14:49:06,INDF,RG,6350,10,D,SQ,PD,D
14:49:06,INDF,RG,6350,40,D,SQ,AT,D
14:49:06,INDF,RG,6350,1,D,SQ,EP,D
14:49:06,INDF,RG,6350,50,D,SQ,GR,D
14:49:06,INDF,RG,6350,25,D,SQ,YP,D
14:49:06,INDF,RG,6350,8,D,SQ,PD,D
14:49:06,INDF,RG,6350,8,D,SQ,PD,D
14:49:06,INDF,RG,6350,9,D,SQ,XC,D
14:49:06,INDF,RG,6350,1,D,SQ,OD,D
14:49:06,INDF,RG,6350,180,D,SQ,CC,D
14:49:06,INDF,RG,6350,1,D,SQ,NI,D
14:49:06,INDF,RG,6350,20,D,SQ,LG,D
14:49:06,INDF,RG,6350,25,D,SQ,YP,D
14:49:06,INDF,RG,6350,1,D,SQ,PD,D
14:49:06,INDF,RG,6350,2,D,SQ,PD,D
14:49:06,INDF,RG,6350,5,D,SQ,PD,D
14:49:06,INDF,RG,6350,6,D,SQ,PD,D
14:49:06,INDF,RG,6350,1,D,SQ,PD,D
14:49:06,INDF,RG,6350,2,D,SQ,RF,D
14:49:06,INDF,RG,6350,5,D,SQ,PD,D
14:49:06,INDF,RG,6350,1,D,SQ,NI,D
14:49:06,INDF,RG,6350,1,D,SQ,AZ,D
14:49:06,INDF,RG,6350,5,D,SQ,PD,D
14:49:06,INDF,RG,6350,6,D,SQ,NI,D
14:49:06,INDF,RG,6350,10,D,SQ,XC,D
14:49:06,INDF,RG,6350,20,D,SQ,CC,D
14:49:06,INDF,RG,6350,38,D,SQ,YP,D
14:49:06,INDF,RG,6350,1,D,SQ,TF,D
14:49:04,INDF,RG,6325,20,D,BQ,ZP,F
14:49:04,INDF,RG,6350,9,D,SQ,TF,D
14:49:04,INDF,RG,6350,1,D,SQ,PD,D
14:49:04,INDF,RG,6350,1,D,SQ,PD,D
14:49:04,INDF,RG,6350,3,D,SQ,YP,D
14:49:04,INDF,RG,6350,3,D,SQ,PD,D
14:49:04,INDF,RG,6350,1,D,SQ,NI,D
14:49:04,INDF,RG,6350,1,D,SQ,PD,D
14:49:04,INDF,RG,6350,2,D,SQ,XC,D
14:49:04,INDF,RG,6350,8,D,SQ,XC,D
14:49:04,INDF,RG,6350,5,D,SQ,PD,D
14:49:04,INDF,RG,6350,1,D,SQ,OD,D
14:49:04,INDF,RG,6350,5,D,SQ,NI,D
14:49:04,INDF,RG,6350,2,D,SQ,AT,D
14:49:04,INDF,RG,6350,14,D,SQ,YP,D
14:49:04,INDF,RG,6350,2,D,SQ,PD,D
14:49:04,INDF,RG,6350,5,D,SQ,DH,D
14:49:04,INDF,RG,6350,50,D,SQ,PD,D
14:49:04,INDF,RG,6350,1,D,SQ,TF,D
14:49:04,INDF,RG,6350,10,D,SQ,YP,D
14:49:04,INDF,RG,6350,2,D,SQ,CC,D
14:49:04,INDF,RG,6350,1,D,SQ,XC,D
14:49:04,INDF,RG,6350,1,D,SQ,GR,D
14:49:04,INDF,RG,6350,1,D,SQ,KK,D
14:49:04,INDF,RG,6350,6,D,SQ,XC,D
14:49:04,INDF,RG,6350,30,D,SQ,CC,D
14:49:04,INDF,RG,6350,3,D,SQ,OD,D
14:49:04,INDF,RG,6350,2,D,SQ,PD,D
14:49:04,INDF,RG,6350,10,D,SQ,CC,D
14:49:04,INDF,RG,6350,4,D,SQ,XC,D
14:49:04,INDF,RG,6350,11,D,SQ,XC,D
14:49:04,INDF,RG,6350,10,D,SQ,CC,D
14:49:04,INDF,RG,6350,10,D,SQ,CC,D
14:49:04,INDF,RG,6350,1,D,SQ,PD,D
14:49:04,INDF,RG,6350,2,D,SQ,YP,D
14:49:04,INDF,RG,6350,1,D,SQ,XC,D
14:49:04,INDF,RG,6350,45,D,SQ,TP,D
14:49:04,INDF,RG,6350,7,D,SQ,DX,D
14:49:04,INDF,RG,6350,1,D,SQ,XC,D
14:49:04,INDF,RG,6350,7,D,SQ,KK,D
14:49:04,INDF,RG,6350,5,D,SQ,YP,D
14:49:04,INDF,RG,6350,5,D,SQ,PD,D
14:49:04,INDF,RG,6350,1,D,SQ,NI,D
14:49:04,INDF,RG,6350,31,D,SQ,PD,D
14:49:04,INDF,RG,6350,16,D,SQ,XC,D
14:49:04,INDF,RG,6350,20,D,SQ,DX,D
14:49:04,INDF,RG,6350,5,D,SQ,YP,D
14:49:04,INDF,RG,6350,1,D,SQ,XC,D
14:49:04,INDF,RG,6350,6,D,SQ,PD,D
14:49:04,INDF,RG,6350,15,D,SQ,CC,D
14:49:04,INDF,RG,6350,5,D,SQ,CC,D
14:49:04,INDF,RG,6350,46,D,SQ,KK,D
14:49:04,INDF,RG,6350,20,D,SQ,YP,D
14:49:04,INDF,RG,6350,100,D,SQ,YP,D
14:49:04,INDF,RG,6350,200,D,SQ,YP,D
14:49:04,INDF,RG,6350,100,D,SQ,YP,D
14:49:04,INDF,RG,6350,1,D,SQ,YP,D
14:49:04,INDF,RG,6350,1,D,SQ,YP,D
14:49:04,INDF,RG,6350,2,D,SQ,YP,D
14:49:04,INDF,RG,6350,2,D,SQ,YP,D
14:49:04,INDF,RG,6350,139,D,SQ,YP,D
14:49:00,INDF,RG,6350,1,F,AK,YP,D
14:49:00,INDF,RG,6325,3,D,BQ,AK,F
14:49:00,INDF,RG,6325,1,D,BQ,AK,F
14:49:00,INDF,RG,6325,1,D,BQ,AK,F
14:48:59,INDF,RG,6350,1,F,AK,YP,D
14:48:57,INDF,RG,6325,14,D,BQ,BK,F
14:48:51,INDF,RG,6350,1,D,XC,YP,D
14:48:45,INDF,RG,6350,1,F,AK,YP,D
14:48:42,INDF,RG,6350,22,F,ZP,YP,D
14:48:39,INDF,RG,6325,14,D,BQ,BK,F
14:48:36,INDF,RG,6325,14,D,BQ,BK,F
14:48:36,INDF,RG,6325,14,D,BQ,BK,F
14:48:33,INDF,RG,6325,58,D,BQ,BK,F
14:48:33,INDF,RG,6325,3,D,BQ,ZP,F
14:48:33,INDF,RG,6325,1,D,BQ,BK,F
14:48:33,INDF,RG,6325,13,D,OD,BK,F
14:48:30,INDF,RG,6325,18,D,OD,BK,F
14:48:29,INDF,RG,6350,85,D,SQ,YP,D
14:48:29,INDF,RG,6350,5,D,SQ,CC,D
14:48:29,INDF,RG,6350,6,D,SQ,LG,D
14:48:29,INDF,RG,6350,50,D,SQ,YP,D
14:48:29,INDF,RG,6350,5,D,SQ,PD,D
14:48:29,INDF,RG,6350,1,D,SQ,PD,D
14:48:29,INDF,RG,6350,50,D,SQ,DH,D
14:48:29,INDF,RG,6350,5,D,SQ,XL,D
14:48:29,INDF,RG,6350,16,D,SQ,XC,D
14:48:29,INDF,RG,6350,1,D,SQ,XC,D
14:48:29,INDF,RG,6350,10,D,SQ,DR,D
14:48:29,INDF,RG,6350,1,D,SQ,AZ,D
14:48:29,INDF,RG,6350,15,D,SQ,DR,D
14:48:28,INDF,RG,6325,14,D,OD,BK,F
14:48:27,INDF,RG,6350,135,D,SQ,DR,D
14:48:27,INDF,RG,6350,115,D,SQ,YB,D
14:48:26,INDF,RG,6325,10,D,OD,YP,D
14:48:23,INDF,RG,6325,12,D,OD,BK,F
14:48:21,INDF,RG,6350,1,F,AK,YB,D
14:48:21,INDF,RG,6325,1,D,OD,PD,D
14:48:20,INDF,RG,6350,2,D,AZ,YB,D
14:48:15,INDF,RG,6325,6,D,OD,AK,F
14:48:15,INDF,RG,6325,2,D,OD,AK,F
14:48:08,INDF,RG,6325,4,D,OD,KK,D
14:47:55,INDF,RG,6325,1,D,OD,DR,D
14:47:50,INDF,RG,6325,2,D,OD,AK,F
14:47:48,INDF,RG,6325,13,D,OD,BK,F
14:47:45,INDF,RG,6325,2,D,OD,DR,D
14:47:40,INDF,RG,6325,2,D,OD,CC,D
14:47:40,INDF,RG,6325,1,F,AK,CC,D
14:47:40,INDF,RG,6325,6,F,ZP,CC,D
14:47:32,INDF,RG,6325,1,F,ZP,DR,D
14:47:30,INDF,RG,6325,2,F,ZP,DR,D
14:47:30,INDF,RG,6325,3,F,ZP,AK,F
14:47:28,INDF,RG,6325,12,F,ZP,BK,F
14:47:28,INDF,RG,6325,1,D,SQ,BK,F
14:47:27,INDF,RG,6325,9,D,SQ,ZP,F
14:47:26,INDF,RG,6350,23,F,ZP,YB,D
14:47:15,INDF,RG,6325,3,D,SQ,AK,F
14:47:08,INDF,RG,6325,12,D,SQ,BK,F
14:47:07,INDF,RG,6325,23,D,SQ,BK,F
14:47:05,INDF,RG,6325,15,D,SQ,BK,F
14:47:04,INDF,RG,6350,80,D,SQ,YB,D
14:46:46,INDF,RG,6325,1,D,SQ,PD,D
14:46:35,INDF,RG,6350,8,D,CC,YB,D
14:46:28,INDF,RG,6350,4,D,YP,YB,D
14:46:25,INDF,RG,6350,6,F,AK,YB,D
14:46:24,INDF,RG,6325,16,D,SQ,BK,F
14:46:08,INDF,RG,6325,20,D,SQ,BK,F
14:46:04,INDF,RG,6325,14,D,SQ,BK,F
14:46:03,INDF,RG,6325,19,D,SQ,BK,F
14:46:02,INDF,RG,6350,23,F,ZP,YB,D
14:45:59,INDF,RG,6350,37,F,ZP,YB,D
14:45:59,INDF,RG,6325,2,D,SQ,XC,D
14:45:49,INDF,RG,6325,15,D,SQ,BK,F
14:45:45,INDF,RG,6325,11,D,SQ,AK,F
14:45:32,INDF,RG,6325,14,D,SQ,BK,F
14:45:29,INDF,RG,6325,16,D,SQ,PD,D
14:45:28,INDF,RG,6350,34,F,ZP,YB,D
14:45:26,INDF,RG,6325,14,D,SQ,BK,F
14:45:14,INDF,RG,6325,1,D,SQ,XC,D
14:45:05,INDF,RG,6325,14,D,SQ,BK,F
14:45:00,INDF,RG,6325,1,D,SQ,XC,D
14:44:55,INDF,RG,6325,16,D,SQ,CC,D
14:44:50,INDF,RG,6325,22,D,SQ,BK,F
14:44:47,INDF,RG,6325,48,D,SQ,XC,D
14:44:38,INDF,RG,6325,13,D,SQ,BK,F
14:44:36,INDF,RG,6325,12,D,SQ,BK,F
14:44:31,INDF,RG,6325,23,D,SQ,BK,F
14:44:31,INDF,RG,6325,25,D,SQ,BK,F
14:44:30,INDF,RG,6325,159,D,SQ,CC,D
14:44:26,INDF,RG,6350,22,F,ZP,YB,D
14:44:23,INDF,RG,6325,20,D,SQ,BK,F
14:44:18,INDF,RG,6325,10,D,SQ,TP,D
14:44:03,INDF,RG,6325,20,D,SQ,BK,F
14:44:01,INDF,RG,6325,14,D,SQ,BK,F
14:43:59,INDF,RG,6325,3,D,SQ,DR,D
14:43:45,INDF,RG,6325,3,D,SQ,AK,F
14:43:36,INDF,RG,6350,8,D,NI,YB,D
14:43:29,INDF,RG,6325,1,D,SQ,XA,D
14:43:28,INDF,RG,6350,23,F,ZP,YB,D
14:43:27,INDF,RG,6325,13,D,SQ,ZP,F
14:43:24,INDF,RG,6325,15,D,SQ,XL,D
14:43:15,INDF,RG,6325,125,D,SQ,LG,D
14:43:13,INDF,RG,6325,3,D,SQ,DR,D
14:43:00,INDF,RG,6325,3,D,SQ,AK,F
14:42:44,INDF,RG,6350,23,F,ZP,YB,D
14:42:30,INDF,RG,6325,3,D,SQ,AK,F
14:42:27,INDF,RG,6325,63,D,SQ,LG,D
14:42:25,INDF,RG,6325,65,D,SQ,KK,D
14:42:25,INDF,RG,6325,5,D,EP,KK,D
14:42:25,INDF,RG,6325,25,D,GR,KK,D
14:42:25,INDF,RG,6325,5,F,CC,KK,D
14:42:13,INDF,RG,6350,23,F,ZP,YB,D
14:42:12,INDF,RG,6350,2,D,CD,YB,D
14:41:53,INDF,RG,6325,33,F,CC,YP,D
14:41:43,INDF,RG,6325,3,F,CC,AK,F
14:41:31,INDF,RG,6350,52,D,YU,YB,D
14:41:24,INDF,RG,6325,10,F,CC,SQ,D
14:41:11,INDF,RG,6350,10,D,YP,YB,D
14:41:05,INDF,RG,6325,30,F,CC,PD,D
14:41:00,INDF,RG,6350,4,D,YU,YB,D
14:41:00,INDF,RG,6350,35,D,YU,DH,D
14:41:00,INDF,RG,6350,12,D,YU,GR,D
14:40:51,INDF,RG,6325,18,F,CC,BK,F
14:40:47,INDF,RG,6325,17,F,CC,NI,D
14:40:26,INDF,RG,6325,1,F,CC,ZP,F
14:40:01,INDF,RG,6325,3,F,CC,ZP,F
14:39:59,INDF,RG,6325,15,F,CC,CC,D
14:39:53,INDF,RG,6325,1,F,CC,YP,D
14:39:46,INDF,RG,6325,10,F,CC,CC,D
14:39:45,INDF,RG,6325,14,F,CC,BK,F
14:39:43,INDF,RG,6325,5,F,CC,XC,D
14:39:39,INDF,RG,6325,15,F,CC,BK,F
14:39:35,INDF,RG,6325,73,F,CC,BK,F
14:39:31,INDF,RG,6325,13,F,CC,ZP,F
14:39:31,INDF,RG,6325,38,F,CC,BK,F
14:39:31,INDF,RG,6325,11,F,AK,BK,F
14:39:31,INDF,RG,6325,59,D,YU,BK,F
14:39:31,INDF,RG,6325,1,D,NI,BK,F
14:39:31,INDF,RG,6325,220,D,AZ,BK,F
14:39:31,INDF,RG,6325,1,D,SQ,BK,F
14:39:31,INDF,RG,6325,8,D,AZ,BK,F
14:39:29,INDF,RG,6325,1,D,AZ,XC,D
14:39:29,INDF,RG,6325,18,D,AZ,CC,D
14:39:29,INDF,RG,6325,1,D,YP,CC,D
14:39:29,INDF,RG,6325,40,D,CC,CC,D
14:39:29,INDF,RG,6325,1,D,CC,CC,D
14:39:29,INDF,RG,6325,16,D,KK,CC,D
14:39:29,INDF,RG,6325,200,D,SQ,CC,D
14:39:29,INDF,RG,6325,1,D,PD,CC,D
14:39:29,INDF,RG,6325,600,D,BQ,CC,D
14:39:29,INDF,RG,6325,155,F,BK,CC,D
14:39:29,INDF,RG,6325,13,D,KK,CC,D
14:39:29,INDF,RG,6325,9,F,AK,CC,D
14:39:29,INDF,RG,6325,3,F,AK,CC,D
14:39:29,INDF,RG,6325,625,F,CC,CC,D
14:39:29,INDF,RG,6325,13,D,XC,CC,D
14:39:29,INDF,RG,6325,23,F,ZP,CC,D
14:39:29,INDF,RG,6325,23,F,ZP,CC,D
14:39:29,INDF,RG,6325,259,D,SQ,CC,D
14:39:19,INDF,RG,6325,30,D,SQ,YP,D
14:39:13,INDF,RG,6350,24,F,ZP,GR,D
14:38:16,INDF,RG,6350,23,F,ZP,GR,D
14:38:16,INDF,RG,6350,3,D,TP,GR,D
14:38:00,INDF,RG,6350,38,D,YU,GR,D
14:38:00,INDF,RG,6350,88,D,YU,GR,D
14:37:56,INDF,RG,6350,1,D,PD,GR,D
14:37:28,INDF,RG,6325,14,D,SQ,XC,D
14:37:26,INDF,RG,6350,11,F,ZP,GR,D
14:37:26,INDF,RG,6350,3,F,ZP,EP,D
14:37:26,INDF,RG,6350,1,F,ZP,GR,D
14:37:26,INDF,RG,6350,8,F,ZP,YJ,D
14:37:09,INDF,RG,6325,3,D,SQ,PD,D
14:36:54,INDF,RG,6325,4,D,SQ,XC,D
14:36:00,INDF,RG,6350,144,D,YU,YJ,D
14:35:54,INDF,RG,6325,277,D,SQ,YP,D
14:35:54,INDF,RG,6325,10,D,SQ,KK,D
14:35:54,INDF,RG,6325,1,D,SQ,CC,F
14:35:54,INDF,RG,6325,20,D,SQ,CC,D
14:35:54,INDF,RG,6325,54,D,SQ,BK,F
14:35:54,INDF,RG,6325,4,D,SQ,DR,D
14:35:54,INDF,RG,6325,7,D,SQ,AK,F
14:35:54,INDF,RG,6325,7,D,SQ,ZP,F
14:35:54,INDF,RG,6325,60,D,SQ,CC,D
14:35:51,INDF,RG,6325,22,F,ZP,CC,D
14:35:50,INDF,RG,6325,20,D,AZ,CC,D
14:35:47,INDF,RG,6325,750,D,SQ,CC,D
14:35:45,INDF,RG,6325,10,D,AZ,CC,D
14:35:26,INDF,RG,6300,10,D,SQ,PD,D
14:35:16,INDF,RG,6325,138,D,BQ,CC,D
14:35:16,INDF,RG,6325,4,D,BQ,DR,D
14:35:16,INDF,RG,6325,2,D,BQ,AT,D
14:35:16,INDF,RG,6325,119,D,BQ,CS,F
14:35:16,INDF,RG,6325,3,D,BQ,AK,F
14:35:16,INDF,RG,6325,2,D,BQ,AK,F
14:35:16,INDF,RG,6325,15,D,BQ,CC,D
14:35:16,INDF,RG,6325,20,D,BQ,YP,D
14:35:16,INDF,RG,6325,1,D,BQ,CC,F
14:35:16,INDF,RG,6325,1,D,BQ,YP,D
14:35:16,INDF,RG,6325,65,D,BQ,BK,F
14:35:01,INDF,RG,6325,35,D,DX,BK,F
14:35:01,INDF,RG,6325,16,D,DX,CC,D
14:35:00,INDF,RG,6300,3,D,SQ,AK,F
14:34:49,INDF,RG,6325,984,D,BQ,CC,D
14:34:49,INDF,RG,6325,16,D,BQ,CC,D
14:34:39,INDF,RG,6325,145,D,YP,CC,D
14:34:39,INDF,RG,6325,11,D,YP,ZP,F
14:34:39,INDF,RG,6325,635,D,YP,CC,D
14:34:27,INDF,RG,6325,23,F,ZP,CC,D
14:34:23,INDF,RG,6325,31,D,NI,CC,D
14:34:00,INDF,RG,6325,65,D,YU,CC,D
14:33:53,INDF,RG,6325,2,D,XL,CC,D
14:33:49,INDF,RG,6325,1,D,XC,CC,D
14:33:29,INDF,RG,6325,3,D,PD,CC,D
14:33:28,INDF,RG,6325,24,F,ZP,CC,D
14:33:28,INDF,RG,6300,20,D,SQ,YP,D
14:33:22,INDF,RG,6325,10,D,GR,CC,D
14:33:12,INDF,RG,6300,1,D,SQ,PP,D
14:33:08,INDF,RG,6325,206,D,BQ,CC,D
14:33:08,INDF,RG,6325,10,D,BQ,XC,D
14:33:08,INDF,RG,6325,10,D,BQ,KK,D
14:33:08,INDF,RG,6325,1,D,BQ,CC,D
14:33:08,INDF,RG,6325,1,D,BQ,AK,F
14:33:08,INDF,RG,6325,1,D,BQ,AK,F
14:33:08,INDF,RG,6325,244,D,BQ,BK,F
14:33:08,INDF,RG,6325,7,D,BQ,DR,D
14:32:37,INDF,RG,6300,40,D,SQ,PP,D
14:32:07,INDF,RG,6300,4,D,SQ,DR,D
14:31:51,INDF,RG,6325,23,F,ZP,AK,F
14:31:13,INDF,RG,6300,3,D,SQ,AK,F
14:31:01,INDF,RG,6325,2,D,PD,AK,F
14:31:00,INDF,RG,6325,99,D,YU,AK,F
14:30:55,INDF,RG,6325,2,D,CC,AK,F
14:30:53,INDF,RG,6325,1,D,PD,AK,F
14:30:18,INDF,RG,6300,5,D,SQ,DR,D
14:30:15,INDF,RG,6300,2,D,SQ,AK,F
14:30:00,INDF,RG,6325,1,D,PD,AK,F
14:29:56,INDF,RG,6300,14,D,SQ,PD,D
14:29:43,INDF,RG,6300,1,D,SQ,AK,F
14:29:15,INDF,RG,6300,1,D,SQ,AK,F
14:29:06,INDF,RG,6325,1,F,YP,AK,F
14:28:28,INDF,RG,6300,2,D,SQ,AK,F
14:28:27,INDF,RG,6325,2,D,KK,AK,F
14:27:56,INDF,RG,6325,1,D,XC,AK,F
14:27:47,INDF,RG,6300,20,D,SQ,BK,F
14:27:43,INDF,RG,6300,26,D,SQ,BK,F
14:27:37,INDF,RG,6300,126,D,SQ,BK,F
14:27:37,INDF,RG,6325,50,D,AZ,AK,F
14:27:33,INDF,RG,6325,71,D,GR,AK,F
14:27:33,INDF,RG,6325,17,D,GR,ZP,F
14:27:33,INDF,RG,6325,412,D,GR,CC,D
14:27:33,INDF,RG,6300,19,D,SQ,BK,F
14:27:32,INDF,RG,6325,50,D,AZ,CC,D
14:27:30,INDF,RG,6300,76,D,SQ,BK,F
14:27:25,INDF,RG,6300,187,D,SQ,BK,F
14:27:25,INDF,RG,6300,180,D,BQ,BK,F
14:27:23,INDF,RG,6325,1,D,YP,CC,D
14:27:23,INDF,RG,6325,1,D,PD,CC,D
14:27:23,INDF,RG,6325,3,D,PD,CC,D
14:27:23,INDF,RG,6325,14,D,NI,CC,D
14:27:23,INDF,RG,6325,5,D,GR,CC,D
14:27:23,INDF,RG,6325,100,D,CC,CC,D
14:27:23,INDF,RG,6325,80,D,PD,CC,D
14:27:23,INDF,RG,6325,30,D,AZ,CC,D
14:27:23,INDF,RG,6325,7,D,NI,CC,D
14:27:23,INDF,RG,6325,2,D,XL,CC,D
14:27:23,INDF,RG,6325,16,D,KK,CC,D
14:27:23,INDF,RG,6325,2,D,YU,CC,D
14:27:23,INDF,RG,6325,10,D,CC,CC,D
14:27:23,INDF,RG,6325,550,D,SQ,CC,D
14:27:23,INDF,RG,6325,20,D,PD,CC,D
14:27:23,INDF,RG,6325,20,D,CC,CC,D
14:27:23,INDF,RG,6325,10,D,SQ,CC,D
14:27:23,INDF,RG,6325,1000,D,BQ,CC,D
14:27:23,INDF,RG,6325,3,F,AK,CC,D
14:27:23,INDF,RG,6325,8,F,AK,CC,D
14:27:23,INDF,RG,6325,46,F,CC,CC,D
14:27:23,INDF,RG,6325,24,F,ZP,CC,D
14:27:23,INDF,RG,6325,23,F,ZP,CC,D
14:27:23,INDF,RG,6325,63,D,SQ,CC,D
14:27:00,INDF,RG,6350,73,D,YU,YJ,D
14:26:43,INDF,RG,6325,4,D,SQ,AK,F
14:25:53,INDF,RG,6350,23,F,ZP,YJ,D
14:25:32,INDF,RG,6325,1,D,SQ,DR,D
14:25:24,INDF,RG,6350,10,D,EP,YJ,D
14:24:56,INDF,RG,6325,1,D,SQ,SQ,D
14:24:52,INDF,RG,6325,5,D,SQ,NI,D
14:24:26,INDF,RG,6350,7,D,AO,YJ,D
14:24:22,INDF,RG,6350,1,D,CC,YJ,D
14:24:10,INDF,RG,6350,22,F,ZP,YJ,D
14:24:09,INDF,RG,6325,11,D,SQ,AN,D
14:24:05,INDF,RG,6350,20,D,YP,YJ,D
14:24:00,INDF,RG,6350,159,D,YU,YJ,D
14:23:58,INDF,RG,6325,10,D,SQ,NI,D
14:23:50,INDF,RG,6350,5,D,CC,YJ,D
14:23:14,INDF,RG,6350,24,F,ZP,YJ,D
14:23:13,INDF,RG,6325,10,D,SQ,LG,D
14:23:06,INDF,RG,6325,10,D,SQ,KK,D
14:23:06,INDF,RG,6325,51,D,SQ,BK,F
14:23:06,INDF,RG,6325,3,D,SQ,PD,D
14:23:06,INDF,RG,6325,2,D,SQ,YP,D
14:23:06,INDF,RG,6325,7,D,SQ,ZP,F
14:23:06,INDF,RG,6325,115,D,SQ,CS,F
14:23:06,INDF,RG,6325,10,D,SQ,PD,D
14:23:06,INDF,RG,6325,3,D,SQ,DR,D
14:23:06,INDF,RG,6325,10,D,SQ,YP,D
14:23:06,INDF,RG,6325,56,D,SQ,BK,F
14:23:06,INDF,RG,6325,32,D,SQ,YP,D
14:23:06,INDF,RG,6325,15,D,SQ,KK,D
14:23:06,INDF,RG,6325,4,D,SQ,DR,D
14:23:06,INDF,RG,6325,1,D,SQ,AK,F
14:23:06,INDF,RG,6325,2,D,SQ,AK,F
14:23:06,INDF,RG,6325,374,D,SQ,CC,D
14:22:28,INDF,RG,6325,23,F,ZP,CC,D
14:22:00,INDF,RG,6325,71,D,YU,CC,D
14:21:36,INDF,RG,6300,25,D,BQ,YP,D
14:21:27,INDF,RG,6325,23,F,ZP,CC,D
14:21:07,INDF,RG,6325,10,D,KK,CC,D
14:21:07,INDF,RG,6325,1,D,PD,CC,D
14:21:00,INDF,RG,6325,1,D,KK,CC,D
14:20:57,INDF,RG,6325,1,D,PD,CC,D
14:20:27,INDF,RG,6325,4,D,KK,CC,D
14:20:11,INDF,RG,6325,2,D,PD,CC,D
14:20:01,INDF,RG,6325,2,D,PD,CC,D
14:20:00,INDF,RG,6325,77,D,YU,CC,D
14:19:48,INDF,RG,6325,1,D,PD,CC,D
14:19:10,INDF,RG,6325,410,D,SQ,CC,D
14:19:10,INDF,RG,6325,10,D,SQ,TP,D
14:19:10,INDF,RG,6325,54,D,SQ,BK,F
14:19:10,INDF,RG,6325,6,D,SQ,DR,D
14:19:10,INDF,RG,6325,2,D,SQ,ZP,F
14:19:10,INDF,RG,6325,318,D,SQ,CC,D
14:19:07,INDF,RG,6325,1,D,SQ,CC,D
14:18:25,INDF,RG,6325,1,D,PD,CC,D
14:18:07,INDF,RG,6325,1,D,PD,CC,D
14:18:03,INDF,RG,6325,50,D,AZ,CC,D
14:18:02,INDF,RG,6325,75,D,KK,CC,D
14:18:02,INDF,RG,6325,5,D,EP,CC,D
14:18:02,INDF,RG,6325,150,D,SQ,CC,D
14:18:02,INDF,RG,6325,4,F,AK,CC,D
14:18:02,INDF,RG,6325,6,F,AK,CC,D
14:18:02,INDF,RG,6325,6,D,YP,CC,D
14:18:02,INDF,RG,6325,96,F,CC,CC,D
14:18:02,INDF,RG,6325,24,F,ZP,CC,D
14:18:02,INDF,RG,6325,24,F,ZP,CC,D
14:18:02,INDF,RG,6325,239,D,BQ,CC,D
14:17:22,INDF,RG,6325,1,D,BQ,NI,D
14:17:16,INDF,RG,6325,2,D,BQ,AK,F
14:17:16,INDF,RG,6325,4,D,BQ,AK,F
14:17:16,INDF,RG,6325,2,D,BQ,PD,D
14:17:16,INDF,RG,6325,81,D,BQ,BK,F
14:17:16,INDF,RG,6325,16,D,BQ,ZP,F
14:17:16,INDF,RG,6325,2,D,BQ,AK,F
14:17:16,INDF,RG,6325,2,D,BQ,AK,F
14:17:16,INDF,RG,6325,23,D,BQ,XC,D
14:17:16,INDF,RG,6325,5,D,BQ,YP,D
14:17:16,INDF,RG,6325,2,D,BQ,XC,D
14:17:16,INDF,RG,6325,1,D,BQ,NI,D
14:17:16,INDF,RG,6325,1,D,BQ,PD,D
14:17:16,INDF,RG,6325,6,D,BQ,DR,D
14:17:16,INDF,RG,6325,159,D,BQ,CC,D
14:17:16,INDF,RG,6325,454,D,BQ,CC,D
14:17:14,INDF,RG,6300,4,D,BQ,DR,D
14:17:00,INDF,RG,6325,118,D,YU,CC,D
14:17:00,INDF,RG,6325,115,D,AK,CC,D
14:17:00,INDF,RG,6325,132,D,AK,CC,D
14:17:00,INDF,RG,6325,125,D,AK,CC,D
14:17:00,INDF,RG,6325,56,D,AK,CC,D
14:17:00,INDF,RG,6325,3,D,AK,XC,D
14:17:00,INDF,RG,6325,23,D,AK,CS,F
14:17:00,INDF,RG,6325,17,D,AK,CS,F
14:16:51,INDF,RG,6325,22,F,ZP,CS,F
14:16:46,INDF,RG,6325,25,D,NI,CS,F
14:16:46,INDF,RG,6325,47,D,BQ,CS,F
14:16:46,INDF,RG,6325,76,D,BQ,PP,D
14:16:46,INDF,RG,6325,10,D,BQ,YP,D
14:16:46,INDF,RG,6325,2,D,BQ,YP,D
14:16:46,INDF,RG,6325,5,D,BQ,YP,D
14:16:46,INDF,RG,6325,15,D,BQ,PD,D
14:16:46,INDF,RG,6325,7,D,BQ,ZP,F
14:16:46,INDF,RG,6325,3,D,BQ,AK,F
14:16:46,INDF,RG,6325,1,D,BQ,AK,F
14:16:46,INDF,RG,6325,1,D,BQ,AK,F
14:16:46,INDF,RG,6325,88,D,BQ,BK,F
14:16:46,INDF,RG,6325,745,D,BQ,CC,D
14:16:38,INDF,RG,6325,25,D,SQ,CC,D
14:16:00,INDF,RG,6325,23,F,AK,CC,D
14:15:49,INDF,RG,6325,31,D,YP,CC,D
14:15:29,INDF,RG,6325,24,F,ZP,CC,D
14:15:23,INDF,RG,6325,1,D,PD,CC,D
14:15:04,INDF,RG,6300,1,D,BQ,YB,D
14:15:00,INDF,RG,6325,116,D,YU,CC,D
14:14:28,INDF,RG,6300,4,D,BQ,AK,F
14:14:18,INDF,RG,6325,10,D,XC,CC,D
14:13:56,INDF,RG,6325,1,D,PD,CC,D
14:13:53,INDF,RG,6325,24,F,ZP,CC,D
14:13:07,INDF,RG,6325,1,D,YP,CC,D
14:13:00,INDF,RG,6325,86,D,YU,CC,D
14:12:57,INDF,RG,6300,10,D,BQ,LG,D
14:12:28,INDF,RG,6300,2,D,BQ,AK,F
14:12:16,INDF,RG,6325,10,D,YP,CC,D
14:11:51,INDF,RG,6325,24,F,ZP,CC,D
14:11:39,INDF,RG,6300,2,D,BQ,NI,D
14:11:29,INDF,RG,6300,1,D,BQ,CC,D
14:11:00,INDF,RG,6325,66,D,YU,CC,D
14:10:57,INDF,RG,6325,5,D,XC,CC,D
14:10:46,INDF,RG,6325,2,D,PD,CC,D
14:10:29,INDF,RG,6325,30,D,AZ,CC,D
14:10:12,INDF,RG,6300,30,D,BQ,HP,D
14:09:47,INDF,RG,6325,3,D,CC,CC,D
14:09:23,INDF,RG,6325,1,D,YP,CC,D
14:09:19,INDF,RG,6325,23,F,ZP,CC,D
14:09:10,INDF,RG,6325,35,D,CC,CC,D
14:08:00,INDF,RG,6325,69,D,YU,CC,D
14:07:46,INDF,RG,6325,145,D,BQ,CC,D
14:07:46,INDF,RG,6325,1,D,BQ,KK,D
14:07:46,INDF,RG,6325,20,D,BQ,ZP,F
14:07:46,INDF,RG,6325,4,D,BQ,DR,D
14:07:46,INDF,RG,6325,20,D,BQ,CC,D
14:07:46,INDF,RG,6325,50,D,BQ,YP,D
14:07:46,INDF,RG,6325,3,D,BQ,GR,D
14:07:46,INDF,RG,6325,1,D,BQ,XC,D
14:07:46,INDF,RG,6325,7,D,BQ,XC,D
14:07:46,INDF,RG,6325,5,D,BQ,YP,D
14:07:46,INDF,RG,6325,1,D,BQ,CC,D
14:07:46,INDF,RG,6325,30,D,BQ,YP,D
14:07:46,INDF,RG,6325,152,D,BQ,CC,D
14:07:46,INDF,RG,6325,134,D,BQ,CS,F
14:07:46,INDF,RG,6325,32,D,BQ,YB,D
14:07:46,INDF,RG,6325,1,D,BQ,NI,D
14:07:46,INDF,RG,6325,1,D,BQ,PD,D
14:07:46,INDF,RG,6325,30,D,BQ,BK,F
14:07:46,INDF,RG,6325,2,D,BQ,YP,D
14:07:46,INDF,RG,6325,9,D,BQ,BK,F
14:07:46,INDF,RG,6325,5,D,BQ,PD,D
14:07:46,INDF,RG,6325,80,D,BQ,DR,D
14:07:46,INDF,RG,6325,7,D,BQ,DR,D
14:07:46,INDF,RG,6325,2,D,BQ,AT,D
14:07:46,INDF,RG,6325,1,D,BQ,PD,D
14:07:46,INDF,RG,6325,57,D,BQ,BK,F
14:07:46,INDF,RG,6325,2,D,BQ,AK,F
14:07:46,INDF,RG,6325,1,D,BQ,XC,D
14:07:46,INDF,RG,6325,76,D,BQ,PP,D
14:07:46,INDF,RG,6325,1,D,BQ,CC,D
14:07:46,INDF,RG,6325,10,D,BQ,TP,D
14:07:46,INDF,RG,6325,5,D,BQ,PD,D
14:07:46,INDF,RG,6325,2,D,BQ,XC,D
14:07:46,INDF,RG,6325,27,D,BQ,ZP,F
14:07:46,INDF,RG,6325,1,D,BQ,XC,D
14:07:46,INDF,RG,6325,1,D,BQ,AK,F
14:07:46,INDF,RG,6325,2,D,BQ,AK,F
14:07:46,INDF,RG,6325,2,D,BQ,AK,F
14:07:46,INDF,RG,6325,14,D,BQ,YP,D
14:07:46,INDF,RG,6325,156,D,BQ,CC,D
14:07:34,INDF,RG,6325,300,D,SQ,CC,D
14:07:26,INDF,RG,6325,24,F,ZP,CC,D
14:07:23,INDF,RG,6325,20,D,SQ,CC,D
14:07:23,INDF,RG,6325,7,D,SQ,XC,D
14:07:23,INDF,RG,6325,1,D,SQ,DH,D
14:07:23,INDF,RG,6325,2,D,SQ,PD,D
14:07:23,INDF,RG,6325,1,D,SQ,PD,D
14:07:23,INDF,RG,6325,2,D,SQ,XC,D
14:07:23,INDF,RG,6325,25,D,SQ,YP,D
14:07:23,INDF,RG,6325,25,D,SQ,YP,D
14:07:23,INDF,RG,6325,3,D,SQ,XC,D
14:07:23,INDF,RG,6325,10,D,SQ,KK,D
14:07:23,INDF,RG,6325,5,D,SQ,SQ,D
14:07:23,INDF,RG,6325,1,D,SQ,YP,D
14:07:23,INDF,RG,6325,17,D,SQ,NI,D
14:07:23,INDF,RG,6325,1,D,SQ,OD,D
14:07:23,INDF,RG,6325,1,D,SQ,LG,D
14:07:23,INDF,RG,6325,2,D,SQ,ZP,F
14:07:23,INDF,RG,6325,15,D,SQ,YP,D
14:07:23,INDF,RG,6325,1,D,SQ,XC,D
14:07:23,INDF,RG,6325,3,D,SQ,XC,D
14:07:23,INDF,RG,6325,70,D,SQ,KK,D
14:07:23,INDF,RG,6325,5,D,SQ,CC,D
14:07:23,INDF,RG,6325,1,D,SQ,YP,D
14:07:23,INDF,RG,6325,1,D,SQ,PD,D
14:07:23,INDF,RG,6325,2,D,SQ,PD,D
14:07:23,INDF,RG,6325,34,D,SQ,PD,D
14:07:23,INDF,RG,6325,4,D,SQ,BK,F
14:07:23,INDF,RG,6325,100,D,SQ,NI,D
14:07:23,INDF,RG,6325,10,D,SQ,OD,D
14:07:23,INDF,RG,6325,231,D,SQ,CC,D
14:07:22,INDF,RG,6325,769,D,SQ,CC,D
14:07:22,INDF,RG,6325,25,D,SQ,YP,D
14:07:22,INDF,RG,6325,6,D,SQ,BK,F
14:07:18,INDF,RG,6325,100,D,SQ,BK,F
14:07:16,INDF,RG,6325,6,D,SQ,BK,F
14:07:16,INDF,RG,6325,794,D,SQ,CC,D
14:07:15,INDF,RG,6325,206,D,SQ,CC,D
14:07:15,INDF,RG,6325,1,D,SQ,XC,D
14:07:15,INDF,RG,6325,93,D,SQ,CS,F
14:07:15,INDF,RG,6300,1,D,BQ,AK,F
14:07:08,INDF,RG,6300,3,D,BQ,ZP,F
14:07:08,INDF,RG,6325,407,D,SQ,CS,F
14:07:08,INDF,RG,6325,10,D,SQ,XC,D
14:07:08,INDF,RG,6325,20,D,SQ,XC,D
14:07:08,INDF,RG,6325,10,D,SQ,YP,D
14:07:08,INDF,RG,6325,61,D,SQ,BK,F
14:07:08,INDF,RG,6325,292,D,SQ,CC,D
14:06:45,INDF,RG,6300,1,D,BQ,AK,F
14:06:15,INDF,RG,6300,1,D,BQ,AK,F
14:05:58,INDF,RG,6300,1,D,BQ,AK,F
14:05:18,INDF,RG,6300,4,D,BQ,ZP,F
14:05:16,INDF,RG,6325,24,F,ZP,CC,D
14:05:13,INDF,RG,6300,1,D,BQ,AK,F
14:05:00,INDF,RG,6325,70,D,YU,CC,D
14:04:38,INDF,RG,6300,1,D,BQ,AK,F
14:04:37,INDF,RG,6325,5,D,PD,CC,D
14:04:22,INDF,RG,6325,2,D,PD,CC,D
14:04:15,INDF,RG,6325,20,D,YP,CC,D
14:04:03,INDF,RG,6325,5,D,EP,CC,D
14:03:30,INDF,RG,6300,2,D,BQ,AK,F
14:03:29,INDF,RG,6300,5,D,BQ,DR,D
14:03:25,INDF,RG,6325,24,F,ZP,CC,D
14:03:25,INDF,RG,6300,3,D,BQ,ZP,F
14:03:06,INDF,RG,6300,3,D,BQ,PD,D
14:03:00,INDF,RG,6325,58,D,YU,CC,D
14:03:00,INDF,RG,6325,10,D,YU,PD,D
14:03:00,INDF,RG,6325,10,D,YU,CC,D
14:02:59,INDF,RG,6300,2,D,BQ,PD,D
14:02:53,INDF,RG,6300,5,D,BQ,CC,D
14:02:44,INDF,RG,6325,2,D,XC,CC,D
14:02:41,INDF,RG,6300,10,D,BQ,YP,D
14:02:27,INDF,RG,6325,25,F,AK,CC,D
14:02:27,INDF,RG,6300,2,D,BQ,AK,F
14:02:26,INDF,RG,6325,23,F,ZP,CC,D
14:02:14,INDF,RG,6300,5,D,BQ,CC,D
14:01:50,INDF,RG,6325,1,D,PD,CC,D
14:01:50,INDF,RG,6300,5,D,BQ,DR,D
14:01:28,INDF,RG,6325,23,F,ZP,CC,D
14:01:08,INDF,RG,6300,1,D,BQ,NI,D
14:01:07,INDF,RG,6325,100,D,AZ,CC,D
14:01:02,INDF,RG,6325,1,D,CC,CC,D
14:01:00,INDF,RG,6325,76,D,YU,CC,D
14:00:49,INDF,RG,6325,5,D,XC,CC,D
14:00:45,INDF,RG,6300,2,D,BQ,AK,F
14:00:26,INDF,RG,6325,23,F,ZP,CC,D
13:59:55,INDF,RG,6300,5,D,BQ,CC,D
13:59:37,INDF,RG,6325,8,D,XC,CC,D
13:59:28,INDF,RG,6300,2,D,BQ,AK,F
13:59:13,INDF,RG,6300,1,D,BQ,YP,D
13:58:56,INDF,RG,6325,23,F,ZP,CC,D
13:58:38,INDF,RG,6300,24,D,BQ,YP,D
13:58:03,INDF,RG,6325,100,D,OD,CC,D
13:58:00,INDF,RG,6325,78,D,YU,CC,D
13:58:00,INDF,RG,6300,2,D,BQ,AK,F
13:57:29,INDF,RG,6325,2,F,ZP,CC,D
13:57:29,INDF,RG,6325,3,F,ZP,PD,D
13:57:29,INDF,RG,6325,1,F,ZP,YP,D
13:57:29,INDF,RG,6325,5,F,ZP,CC,D
13:57:29,INDF,RG,6325,12,F,ZP,PD,D
13:56:45,INDF,RG,6300,2,D,BQ,AK,F
13:56:25,INDF,RG,6300,4,D,BQ,DR,D
13:56:23,INDF,RG,6300,1,D,BQ,DR,D
13:56:15,INDF,RG,6325,3,D,EP,PD,D
13:56:15,INDF,RG,6325,2,D,EP,BK,F
13:56:14,INDF,RG,6325,1,D,XC,BK,F
13:56:06,INDF,RG,6325,3,D,YP,BK,F
13:56:00,INDF,RG,6325,81,D,YU,BK,F
13:56:00,INDF,RG,6325,13,D,YU,XC,D
13:55:53,INDF,RG,6325,5,F,ZP,XC,D
13:55:53,INDF,RG,6325,18,F,ZP,CC,D
13:55:33,INDF,RG,6300,37,D,BQ,CC,D
13:55:14,INDF,RG,6300,76,D,BQ,PP,D
13:55:01,INDF,RG,6300,10,D,BQ,AZ,D
13:55:00,INDF,RG,6300,2,D,BQ,AK,F
13:54:43,INDF,RG,6300,5,D,BQ,DR,D
13:54:30,INDF,RG,6325,8,F,ZP,CC,D
13:54:30,INDF,RG,6325,15,F,ZP,CC,D
13:54:30,INDF,RG,6300,1,D,BQ,AK,F
13:54:21,INDF,RG,6300,11,D,BQ,AG,D
13:54:21,INDF,RG,6300,24,D,KK,AG,D
13:53:45,INDF,RG,6300,1,D,KK,AK,F
13:53:42,INDF,RG,6300,8,D,KK,SQ,D
13:53:37,INDF,RG,6325,22,F,ZP,CC,D
13:53:00,INDF,RG,6325,143,D,YU,CC,D
13:52:43,INDF,RG,6300,2,D,KK,AK,F
13:51:55,INDF,RG,6300,1,D,KK,PD,D
13:51:22,INDF,RG,6300,2,D,KK,AK,F
13:51:21,INDF,RG,6325,1,D,PD,CC,D
13:51:17,INDF,RG,6325,22,F,ZP,CC,D
13:50:27,INDF,RG,6325,9,D,XC,CC,D
13:50:13,INDF,RG,6300,2,D,KK,AK,F
13:49:32,INDF,RG,6325,24,F,ZP,CC,D
13:49:12,INDF,RG,6300,1,D,KK,DR,D
13:49:00,INDF,RG,6325,107,D,YU,CC,D
13:48:43,INDF,RG,6300,2,D,KK,AK,F
13:48:30,INDF,RG,6325,23,F,ZP,CC,D
13:48:29,INDF,RG,6300,3,D,KK,YP,D
13:48:15,INDF,RG,6325,26,F,AK,CC,D
13:48:05,INDF,RG,6325,24,D,NI,CC,D
13:48:01,INDF,RG,6325,1,D,PD,CC,D
13:47:51,INDF,RG,6325,1,D,PD,CC,D
13:47:37,INDF,RG,6325,4,D,PD,CC,D
13:47:36,INDF,RG,6300,2,D,KK,DR,D
13:47:29,INDF,RG,6325,1,D,KK,CC,D
13:47:29,INDF,RG,6325,1,D,YP,CC,D
13:47:28,INDF,RG,6300,2,D,KK,AK,F
13:47:00,INDF,RG,6325,75,D,YU,CC,D
13:46:55,INDF,RG,6300,11,F,ZP,XC,D
13:45:43,INDF,RG,6300,3,F,ZP,AK,F
13:44:51,INDF,RG,6325,10,D,YP,CC,D
13:43:58,INDF,RG,6300,2,F,ZP,AK,F
13:43:05,INDF,RG,6325,2,D,XC,CC,D
13:43:01,INDF,RG,6300,6,F,ZP,PP,D
13:43:01,INDF,RG,6300,34,F,ZP,PP,D
13:43:01,INDF,RG,6300,36,D,SQ,PP,D
13:42:45,INDF,RG,6300,1,D,SQ,AK,F
13:42:31,INDF,RG,6325,3,D,NI,CC,D
13:42:28,INDF,RG,6325,22,F,ZP,CC,D
13:42:00,INDF,RG,6325,92,D,YU,CC,D
13:41:58,INDF,RG,6300,160,D,SQ,KK,D
13:41:45,INDF,RG,6300,1,D,SQ,AK,F
13:41:31,INDF,RG,6300,4,D,SQ,DR,D
13:40:53,INDF,RG,6325,23,F,ZP,CC,D
13:40:52,INDF,RG,6300,2,D,SQ,PD,D
13:40:44,INDF,RG,6300,18,D,SQ,PD,D
13:40:23,INDF,RG,6300,1,D,SQ,XC,D
13:40:13,INDF,RG,6300,3,D,SQ,AK,F
13:40:00,INDF,RG,6325,96,D,YU,CC,D
13:39:57,INDF,RG,6300,25,D,SQ,YP,D
13:39:44,INDF,RG,6300,76,D,SQ,PP,D
13:39:25,INDF,RG,6325,23,F,ZP,CC,D
13:39:14,INDF,RG,6325,5,D,NI,CC,D
13:38:26,INDF,RG,6325,23,F,ZP,CC,D
13:37:52,INDF,RG,6325,8,D,PD,CC,D
13:37:10,INDF,RG,6325,25,F,BK,CC,D
13:37:06,INDF,RG,6325,38,F,BK,CC,D
13:37:03,INDF,RG,6325,31,F,BK,CC,D
13:37:03,INDF,RG,6325,2,F,BK,CC,D
13:37:03,INDF,RG,6325,1,F,BK,CC,D
13:37:03,INDF,RG,6325,50,F,BK,YP,D
13:37:03,INDF,RG,6325,4,F,BK,CC,D
13:37:03,INDF,RG,6325,122,F,BK,NI,D
13:37:01,INDF,RG,6300,4,D,SQ,DR,D
13:37:00,INDF,RG,6300,5,D,SQ,DR,D
13:37:00,INDF,RG,6300,2,D,SQ,PD,D
13:37:00,INDF,RG,6300,25,D,SQ,YP,D
13:37:00,INDF,RG,6300,4,D,SQ,PD,D
13:37:00,INDF,RG,6300,25,D,SQ,YP,D
13:37:00,INDF,RG,6300,39,D,SQ,ZP,F
13:37:00,INDF,RG,6300,1,D,SQ,XC,D
13:37:00,INDF,RG,6300,2,D,SQ,AK,F
13:37:00,INDF,RG,6300,35,D,SQ,BK,F
13:37:00,INDF,RG,6300,3,D,SQ,AK,F
13:37:00,INDF,RG,6300,1,D,SQ,CC,D
13:37:00,INDF,RG,6300,6,D,SQ,CC,D
13:37:00,INDF,RG,6300,10,D,SQ,CC,D
13:37:00,INDF,RG,6300,404,D,SQ,CS,F
13:37:00,INDF,RG,6300,20,D,SQ,AZ,D
13:37:00,INDF,RG,6300,51,D,SQ,DR,D
13:37:00,INDF,RG,6300,1,D,SQ,NI,D
13:37:00,INDF,RG,6300,1,D,SQ,PD,D
13:37:00,INDF,RG,6300,10,D,SQ,LG,D
13:37:00,INDF,RG,6300,24,D,SQ,CC,D
13:36:58,INDF,RG,6300,101,D,TP,CC,D
13:36:58,INDF,RG,6300,5,D,TP,TP,D
13:36:58,INDF,RG,6300,25,D,TP,YP,D
13:36:58,INDF,RG,6300,369,D,TP,CC,D
13:36:50,INDF,RG,6300,26,F,BK,CC,D
13:36:50,INDF,RG,6300,5,D,PD,CC,D
13:36:48,INDF,RG,6300,100,D,YP,CC,D
13:36:46,INDF,RG,6300,1,D,NI,CC,D
13:36:32,INDF,RG,6300,21,F,BK,CC,D
13:36:30,INDF,RG,6300,75,F,BK,CC,D
13:36:26,INDF,RG,6300,1,D,NI,CC,D
13:36:26,INDF,RG,6300,500,D,BQ,CC,D
13:36:25,INDF,RG,6300,1,D,LG,CC,D
13:36:24,INDF,RG,6300,22,F,BK,CC,D
13:36:23,INDF,RG,6300,24,F,ZP,CC,D
13:36:04,INDF,RG,6300,1,D,CC,CC,D
13:36:03,INDF,RG,6300,21,F,BK,CC,D
13:36:02,INDF,RG,6300,1,D,XC,CC,D
13:36:00,INDF,RG,6300,86,D,YU,CC,D
13:35:46,INDF,RG,6300,18,D,AZ,CC,D
13:35:16,INDF,RG,6275,16,D,AK,XC,D
13:35:16,INDF,RG,6275,16,D,AK,XC,D
13:35:05,INDF,RG,6300,18,F,BK,CC,D
13:35:01,INDF,RG,6300,20,F,BK,CC,D
13:34:59,INDF,RG,6300,180,D,CC,CC,D
13:34:55,INDF,RG,6300,10,F,BK,CC,D
13:34:55,INDF,RG,6300,6,F,BK,CC,D
13:34:52,INDF,RG,6300,18,F,BK,CC,D
13:34:49,INDF,RG,6300,100,D,PD,CC,D
13:34:46,INDF,RG,6300,10,D,CC,CC,D
13:34:30,INDF,RG,6300,19,F,BK,CC,D
13:34:26,INDF,RG,6300,56,F,BK,CC,D
13:34:26,INDF,RG,6275,1,D,AK,AK,F
13:34:25,INDF,RG,6300,825,D,YP,CC,D
13:33:26,INDF,RG,6300,10,D,PD,CC,D
13:33:22,INDF,RG,6300,1,D,XC,CC,D
13:33:18,INDF,RG,6300,23,F,ZP,CC,D
13:32:40,INDF,RG,6300,1,D,CC,CC,D
13:32:00,INDF,RG,6300,94,D,YU,CC,D
13:32:00,INDF,RG,6300,22,F,ZP,CC,D
13:31:47,INDF,RG,6275,5,D,AK,CC,D
13:31:28,INDF,RG,6300,35,F,ZP,CC,D
13:30:18,INDF,RG,6300,269,D,EP,CC,D
13:30:17,INDF,RG,6275,3,D,AK,ZP,F
13:30:16,INDF,RG,6300,1,D,YP,CC,D
13:30:15,INDF,RG,6300,12,F,AK,CC,D
13:30:15,INDF,RG,6300,5,D,YP,CC,D
13:30:14,INDF,RG,6275,7,D,AK,AK,F
13:30:12,INDF,RG,6300,1,D,YP,CC,D
13:30:10,INDF,RG,6275,15,D,AK,CC,D
13:30:10,INDF,RG,6300,116,D,YU,CC,D
13:30:10,INDF,RG,6275,1,D,AK,XC,D
13:30:09,INDF,RG,6275,10,D,AK,CC,D
13:30:09,INDF,RG,6300,27,D,XC,CC,D
13:30:09,INDF,RG,6275,2,D,AK,XC,D
13:30:07,INDF,RG,6300,1,D,PD,CC,D
13:30:07,INDF,RG,6275,3,D,AK,PD,D
13:30:07,INDF,RG,6300,1,D,XC,CC,D
13:30:07,INDF,RG,6300,160,D,DH,CC,D
13:30:07,INDF,RG,6300,5,D,OD,CC,D
13:30:07,INDF,RG,6300,48,D,CC,CC,D
13:30:07,INDF,RG,6275,5,D,AK,PD,D
13:30:06,INDF,RG,6275,10,D,AK,PD,D
13:30:06,INDF,RG,6275,5,D,AK,PD,D
13:30:06,INDF,RG,6300,1,D,PD,CC,D
13:30:05,INDF,RG,6300,133,D,DH,CC,D
13:30:05,INDF,RG,6300,25,D,DH,YP,D
13:30:05,INDF,RG,6300,33,D,DH,ZP,F
13:30:05,INDF,RG,6300,33,D,DH,BK,F
13:30:05,INDF,RG,6300,186,D,DH,BK,F
13:30:05,INDF,RG,6300,38,D,DH,CC,D
13:30:05,INDF,RG,6300,3,D,PD,CC,D
13:30:05,INDF,RG,6275,1,D,AK,PD,D
13:30:05,INDF,RG,6300,1,D,PD,CC,D
13:30:04,INDF,RG,6300,2,D,PD,CC,D
13:30:04,INDF,RG,6300,36,F,ZP,CC,D
13:30:04,INDF,RG,6275,13,D,AK,TP,D
13:30:03,INDF,RG,6300,1,D,PD,CC,D
13:30:03,INDF,RG,6300,1,D,PD,CC,D
13:30:03,INDF,RG,6275,1,D,AK,PD,D
13:30:03,INDF,RG,6300,1,D,PD,CC,D
13:30:03,INDF,RG,6275,159,D,AK,CC,D
13:30:03,INDF,RG,6300,2,D,KK,CC,D
11:29:55,INDF,RG,6275,2,D,AK,BK,F
11:29:49,INDF,RG,6275,54,D,AK,BK,F
11:29:46,INDF,RG,6275,62,D,AK,CC,D
11:29:46,INDF,RG,6275,247,D,AK,CC,D
11:29:46,INDF,RG,6275,52,D,AK,CC,D
11:29:46,INDF,RG,6275,3,D,PD,CC,D
11:29:46,INDF,RG,6275,2,D,PD,CC,D
11:29:46,INDF,RG,6275,6,D,YP,CC,D
11:29:46,INDF,RG,6275,1,D,XC,CC,D
11:29:46,INDF,RG,6275,2,D,YP,CC,D
11:29:46,INDF,RG,6275,10,D,PD,CC,D
11:29:46,INDF,RG,6275,2,D,XC,CC,D
11:29:46,INDF,RG,6275,1,D,XC,CC,D
11:29:46,INDF,RG,6275,5,D,YP,CC,D
11:29:46,INDF,RG,6275,100,D,CP,CC,D
11:29:46,INDF,RG,6275,500,D,GR,CC,D
11:29:46,INDF,RG,6275,7,D,NI,CC,D
11:29:26,INDF,RG,6300,23,F,BK,CC,D
11:29:25,INDF,RG,6275,3,D,NI,CC,D
11:29:25,INDF,RG,6275,1,D,SQ,CC,D
11:29:25,INDF,RG,6275,4,D,DH,CC,D
11:29:25,INDF,RG,6275,1,D,NI,CC,D
11:29:25,INDF,RG,6275,1,D,YP,CC,D
11:29:25,INDF,RG,6275,27,D,GR,CC,D
11:29:21,INDF,RG,6275,12,D,GR,BK,F
11:29:06,INDF,RG,6275,1,D,GR,AK,F
11:29:00,INDF,RG,6300,3,F,AK,CC,D
11:28:58,INDF,RG,6300,3,D,XL,CC,D
11:28:45,INDF,RG,6300,1,F,AK,CC,D
11:28:36,INDF,RG,6275,1,D,GR,AK,F
11:28:24,INDF,RG,6275,9,D,GR,BK,F
11:28:24,INDF,RG,6275,3,D,KK,BK,F
11:28:22,INDF,RG,6300,22,F,BK,CC,D
11:28:22,INDF,RG,6300,9,D,SQ,CC,D
11:28:22,INDF,RG,6300,7,D,SQ,ZP,F
11:28:22,INDF,RG,6300,44,D,SQ,CS,F
11:28:19,INDF,RG,6275,37,D,KK,CC,D
11:28:01,INDF,RG,6275,12,D,KK,BK,F
11:28:00,INDF,RG,6300,2,F,AK,CS,F
11:27:55,INDF,RG,6300,14,F,BK,CS,F
11:27:51,INDF,RG,6275,1,D,KK,AK,F
11:27:49,INDF,RG,6275,37,D,KK,CC,D
11:27:37,INDF,RG,6300,17,F,BK,CS,F
11:27:36,INDF,RG,6275,13,D,KK,BK,F
11:27:35,INDF,RG,6300,42,F,BK,CS,F
11:27:32,INDF,RG,6275,56,D,KK,BK,F
11:27:30,INDF,RG,6300,174,F,BK,CS,F
11:27:29,INDF,RG,6275,241,D,KK,CC,D
11:27:29,INDF,RG,6275,100,D,GR,CC,D
11:27:29,INDF,RG,6275,10,D,PD,CC,D
11:27:29,INDF,RG,6275,1,D,PD,CC,D
11:27:29,INDF,RG,6275,100,D,DH,CC,D
11:27:29,INDF,RG,6275,200,D,YB,CC,D
11:27:29,INDF,RG,6275,200,D,YB,CC,D
11:27:29,INDF,RG,6275,148,D,YP,CC,D
11:27:26,INDF,RG,6300,2,F,AK,CS,F
11:27:25,INDF,RG,6275,3,D,YP,ZP,F
11:27:21,INDF,RG,6275,8,D,YP,BK,F
11:27:21,INDF,RG,6275,1,D,YP,BK,F
11:27:21,INDF,RG,6275,4,D,NI,BK,F
11:27:19,INDF,RG,6275,1,D,SQ,AK,F
11:27:19,INDF,RG,6300,1,D,KK,CS,F
11:27:11,INDF,RG,6300,1,D,PD,CS,F
11:27:03,INDF,RG,6300,24,F,BK,CS,F
11:27:00,INDF,RG,6300,55,D,YU,CS,F
11:26:51,INDF,RG,6275,1,D,SQ,AK,F
11:26:43,INDF,RG,6300,1,D,KK,CS,F
11:26:42,INDF,RG,6275,2,D,SQ,BK,F
11:26:42,INDF,RG,6275,2,D,DH,BK,F
11:26:42,INDF,RG,6275,3,D,PD,BK,F
11:26:42,INDF,RG,6275,1,D,YP,BK,F
11:26:42,INDF,RG,6275,6,D,SQ,BK,F
11:26:15,INDF,RG,6300,3,D,PD,CS,F
11:26:06,INDF,RG,6275,1,D,SQ,AK,F
11:25:47,INDF,RG,6275,14,D,SQ,BK,F
11:25:33,INDF,RG,6275,2,D,SQ,ZP,F
11:25:18,INDF,RG,6300,14,F,BK,CS,F
11:25:17,INDF,RG,6300,23,F,ZP,CS,F
11:25:10,INDF,RG,6300,5,D,PD,CS,F
11:25:05,INDF,RG,6275,12,D,SQ,BK,F
11:24:59,INDF,RG,6300,5,D,XC,CS,F
11:24:38,INDF,RG,6300,20,D,PD,CS,F
11:24:29,INDF,RG,6300,16,F,BK,CS,F
11:24:27,INDF,RG,6275,1,D,SQ,ZP,F
11:24:26,INDF,RG,6275,13,D,SQ,BK,F
11:24:17,INDF,RG,6275,1,D,SQ,ZP,F
11:24:13,INDF,RG,6300,50,D,SQ,CS,F
11:24:01,INDF,RG,6275,12,D,SQ,BK,F
11:24:01,INDF,RG,6300,21,F,BK,CS,F
11:24:01,INDF,RG,6300,5,D,DR,CS,F
11:24:00,INDF,RG,6300,65,D,YU,CS,F
11:23:38,INDF,RG,6300,10,D,YP,CS,F
11:23:36,INDF,RG,6300,17,F,BK,CS,F
11:23:31,INDF,RG,6300,50,D,AZ,CS,F
11:23:25,INDF,RG,6300,23,F,ZP,CS,F
11:23:24,INDF,RG,6300,2,D,PD,CS,F
11:23:23,INDF,RG,6300,13,F,BK,CS,F
11:23:22,INDF,RG,6275,14,D,SQ,BK,F
11:23:03,INDF,RG,6300,3,D,XC,CS,F
11:23:01,INDF,RG,6300,2,D,PD,CS,F
11:22:59,INDF,RG,6275,47,D,SQ,PP,D
11:22:56,INDF,RG,6300,5,D,PD,CS,F
11:22:41,INDF,RG,6275,17,D,SQ,BK,F
11:22:30,INDF,RG,6300,2,D,DH,CS,F
11:22:17,INDF,RG,6300,20,F,BK,CS,F
11:22:15,INDF,RG,6275,9,D,SQ,CC,D
11:21:47,INDF,RG,6275,15,D,SQ,BK,F
11:21:16,INDF,RG,6300,24,F,ZP,CS,F
11:21:13,INDF,RG,6300,12,F,BK,CS,F
11:21:10,INDF,RG,6300,15,F,BK,CS,F
11:21:07,INDF,RG,6275,13,D,SQ,BK,F
11:21:04,INDF,RG,6300,70,F,BK,CS,F
11:21:02,INDF,RG,6275,17,D,SQ,BK,F
11:21:00,INDF,RG,6300,60,D,YU,CS,F
11:20:58,INDF,RG,6300,230,F,BK,CS,F
11:20:57,INDF,RG,6275,76,D,SQ,BK,F
11:20:55,INDF,RG,6275,230,D,SQ,CC,D
11:20:55,INDF,RG,6275,50,D,PD,CC,D
11:20:55,INDF,RG,6275,5,D,YB,CC,D
11:20:55,INDF,RG,6275,16,D,PD,CC,D
11:20:55,INDF,RG,6275,10,D,LG,CC,D
11:20:55,INDF,RG,6275,3,D,PD,CC,D
11:20:55,INDF,RG,6275,3,D,NI,CC,D
11:20:55,INDF,RG,6275,15,D,PD,CC,D
11:20:55,INDF,RG,6275,5,D,PD,CC,D
11:20:55,INDF,RG,6275,150,D,SQ,CC,D
11:20:55,INDF,RG,6275,1000,D,KK,CC,D
11:20:55,INDF,RG,6275,13,D,DR,CC,D
11:20:50,INDF,RG,6275,7,D,DR,PP,D
11:20:50,INDF,RG,6275,3,D,XC,PP,D
11:20:50,INDF,RG,6275,5,D,PD,PP,D
11:20:50,INDF,RG,6275,5,D,XL,PP,D
11:20:50,INDF,RG,6275,1,D,CC,PP,D
11:20:50,INDF,RG,6275,26,D,XC,PP,D
11:20:41,INDF,RG,6275,12,D,XC,BK,F
11:20:40,INDF,RG,6300,15,D,PD,CS,F
11:20:24,INDF,RG,6300,1,D,PD,CS,F
11:19:24,INDF,RG,6275,17,D,XC,YP,D
11:19:24,INDF,RG,6275,2,D,XC,YP,D
11:19:24,INDF,RG,6275,1,D,PD,YP,D
11:19:21,INDF,RG,6275,3,D,PD,AK,F
11:19:19,INDF,RG,6275,6,D,PD,BK,F
11:19:19,INDF,RG,6275,1,D,PD,BK,F
11:19:19,INDF,RG,6275,4,D,NI,BK,F
11:19:19,INDF,RG,6275,1,D,XC,BK,F
11:19:19,INDF,RG,6275,2,D,PD,BK,F
11:19:19,INDF,RG,6275,2,D,DR,BK,F
11:19:19,INDF,RG,6275,5,D,XC,BK,F
11:19:19,INDF,RG,6275,2,D,KK,BK,F
11:19:19,INDF,RG,6275,1,D,KK,BK,F
11:19:15,INDF,RG,6300,28,F,AK,CS,F
11:18:45,INDF,RG,6300,33,D,CC,CS,F
11:18:28,INDF,RG,6300,5,D,XC,CS,F
11:18:14,INDF,RG,6300,15,D,AZ,CS,F
11:18:07,INDF,RG,6300,2,D,NI,CS,F
11:18:02,INDF,RG,6275,9,D,KK,BK,F
11:18:02,INDF,RG,6275,1,D,XC,BK,F
11:18:02,INDF,RG,6275,10,D,DR,BK,F
11:18:00,INDF,RG,6300,63,D,YU,CS,F
11:17:45,INDF,RG,6300,22,F,ZP,CS,F
11:17:45,INDF,RG,6300,5,F,AK,CS,F
11:17:24,INDF,RG,6275,10,D,DR,BK,F
11:17:24,INDF,RG,6275,3,D,PD,BK,F
11:17:24,INDF,RG,6275,1,D,YP,BK,F
11:16:50,INDF,RG,6275,9,D,YP,YP,D
11:16:50,INDF,RG,6275,2,D,PD,YP,D
11:16:50,INDF,RG,6275,1,D,NI,YP,D
11:16:50,INDF,RG,6275,1,D,PD,YP,D
11:16:50,INDF,RG,6275,5,D,CC,YP,D
11:16:50,INDF,RG,6275,2,D,PD,YP,D
11:15:52,INDF,RG,6300,5,D,DH,CS,F
11:15:31,INDF,RG,6300,10,D,PD,CS,F
11:15:30,INDF,RG,6300,6,F,AK,CS,F
11:15:21,INDF,RG,6300,1,D,DH,CS,F
11:15:00,INDF,RG,6300,24,F,ZP,CS,F
11:15:00,INDF,RG,6300,53,D,YU,CS,F
11:14:36,INDF,RG,6300,5,D,PD,CS,F
11:13:49,INDF,RG,6300,9,D,XC,CS,F
11:13:25,INDF,RG,6300,4,D,DH,CS,F
11:12:49,INDF,RG,6300,20,D,AG,CS,F
11:12:41,INDF,RG,6275,1,D,PD,NI,D
11:12:18,INDF,RG,6300,24,D,XC,CS,F
11:12:00,INDF,RG,6300,80,D,YU,CS,F
11:11:47,INDF,RG,6300,2,D,PD,CS,F
11:09:45,INDF,RG,6300,100,D,PC,CS,F
11:09:40,INDF,RG,6275,6,D,PD,AK,F
11:09:40,INDF,RG,6275,1,D,YP,AK,F
11:09:40,INDF,RG,6275,4,D,PD,AK,F
11:09:40,INDF,RG,6275,1,D,XC,AK,F
11:09:40,INDF,RG,6275,2,D,DR,AK,F
11:09:40,INDF,RG,6275,1,D,IU,AK,F
11:09:40,INDF,RG,6275,10,D,SQ,AK,F
11:09:40,INDF,RG,6275,15,D,YP,AK,F
11:09:13,INDF,RG,6275,5,D,YP,BK,F
11:09:13,INDF,RG,6275,2,D,DH,BK,F
11:09:13,INDF,RG,6275,2,D,XC,BK,F
11:09:13,INDF,RG,6275,10,D,AN,BK,F
11:09:13,INDF,RG,6275,10,D,PD,BK,F
11:09:08,INDF,RG,6275,40,D,PD,BK,F
11:09:08,INDF,RG,6275,1,D,CC,BK,F
11:09:08,INDF,RG,6275,36,D,YP,BK,F
11:09:04,INDF,RG,6300,1,D,PD,CS,F
11:09:04,INDF,RG,6300,1,D,CC,CS,F
11:09:04,INDF,RG,6300,1,D,YP,CS,F
11:09:04,INDF,RG,6300,2,D,YJ,CS,F
11:09:04,INDF,RG,6300,2,D,PD,CS,F
11:09:04,INDF,RG,6300,3,D,OD,CS,F
11:09:04,INDF,RG,6300,1,D,NI,CS,F
11:09:04,INDF,RG,6300,1,D,PD,CS,F
11:09:04,INDF,RG,6300,8,D,YP,CS,F
11:09:04,INDF,RG,6300,5,D,CC,CS,F
11:09:04,INDF,RG,6300,350,D,SQ,CS,F
11:09:04,INDF,RG,6300,1,D,PD,CS,F
11:09:04,INDF,RG,6300,5,D,YP,CS,F
11:09:04,INDF,RG,6300,18,D,NI,CS,F
11:09:04,INDF,RG,6300,500,D,SQ,CS,F
11:09:04,INDF,RG,6300,10,D,IF,CS,F
11:09:04,INDF,RG,6300,230,D,AK,CS,F
11:09:04,INDF,RG,6300,265,D,AK,CS,F
11:09:04,INDF,RG,6300,250,D,AK,CS,F
11:09:04,INDF,RG,6300,165,D,AK,CS,F
11:09:04,INDF,RG,6300,35,D,AK,CS,F
11:09:04,INDF,RG,6300,1,D,PD,CS,F
11:09:04,INDF,RG,6300,1,D,PD,CS,F
11:09:04,INDF,RG,6300,1,F,CC,CS,F
11:09:04,INDF,RG,6300,10,D,KK,CS,F
11:09:04,INDF,RG,6300,5,D,XL,CS,F
11:09:04,INDF,RG,6300,20,D,AZ,CS,F
11:09:04,INDF,RG,6300,100,D,YP,CS,F
11:09:04,INDF,RG,6300,1,D,PD,CS,F
11:09:04,INDF,RG,6300,30,D,AG,CS,F
11:09:04,INDF,RG,6300,55,D,PD,CS,F
11:09:04,INDF,RG,6300,115,D,AK,CS,F
11:09:04,INDF,RG,6300,132,D,AK,CS,F
11:09:04,INDF,RG,6300,125,D,AK,CS,F
11:09:04,INDF,RG,6300,82,D,AK,CS,F
11:09:04,INDF,RG,6300,17,D,AK,CS,F
11:09:04,INDF,RG,6300,500,D,BQ,CS,F
11:09:04,INDF,RG,6300,24,F,ZP,CS,F
11:09:04,INDF,RG,6300,15,D,TP,CS,F
11:09:04,INDF,RG,6300,150,D,GR,CS,F
11:09:04,INDF,RG,6300,25,D,GR,CS,F
11:09:04,INDF,RG,6300,90,D,AZ,CS,F
11:09:04,INDF,RG,6300,23,F,ZP,CS,F
11:09:04,INDF,RG,6300,10,D,YP,CS,F
11:09:04,INDF,RG,6300,30,D,AZ,CS,F
11:09:04,INDF,RG,6300,1,D,YP,CS,F
11:09:04,INDF,RG,6300,25,D,DH,CS,F
11:09:04,INDF,RG,6300,10,D,PD,CS,F
11:09:04,INDF,RG,6300,500,D,SQ,CS,F
11:09:04,INDF,RG,6300,3,D,AZ,CS,F
11:09:04,INDF,RG,6300,115,D,AK,CS,F
11:09:04,INDF,RG,6300,132,D,AK,CS,F
11:09:04,INDF,RG,6300,125,D,AK,CS,F
11:09:04,INDF,RG,6300,82,D,AK,CS,F
11:09:04,INDF,RG,6300,17,D,AK,CS,F
11:09:04,INDF,RG,6300,2,D,PD,CS,F
11:09:04,INDF,RG,6300,5,F,AK,CS,F
11:09:04,INDF,RG,6300,5,F,AK,CS,F
11:09:04,INDF,RG,6300,50,D,SQ,CS,F
11:09:04,INDF,RG,6300,457,F,BK,CS,F
11:09:04,INDF,RG,6300,20,D,DR,CS,F
11:09:04,INDF,RG,6300,100,D,YP,CS,F
11:09:04,INDF,RG,6300,241,D,BQ,CS,F
11:09:00,INDF,RG,6325,104,D,YU,NI,D
11:08:57,INDF,RG,6325,24,F,ZP,NI,D
11:08:44,INDF,RG,6325,2,D,XC,NI,D
11:08:07,INDF,RG,6300,5,D,BQ,DR,D
11:07:36,INDF,RG,6300,1,D,BQ,SQ,D
11:06:59,INDF,RG,6325,3,D,XC,NI,D
11:06:59,INDF,RG,6325,10,D,PD,NI,D
11:06:50,INDF,RG,6325,2,D,YJ,NI,D
11:06:25,INDF,RG,6325,24,F,ZP,NI,D
11:05:16,INDF,RG,6300,47,D,BQ,PP,D
11:05:00,INDF,RG,6325,12,D,YU,NI,D
11:05:00,INDF,RG,6325,2,D,YU,CC,D
11:05:00,INDF,RG,6325,1,D,YU,XC,D
11:05:00,INDF,RG,6325,10,D,YU,CP,D
11:05:00,INDF,RG,6325,40,D,YU,YP,D
11:04:47,INDF,RG,6325,2,D,YP,YP,D
11:04:47,INDF,RG,6325,8,D,YP,BK,F
11:04:02,INDF,RG,6325,10,D,CC,BK,F
11:03:53,INDF,RG,6325,24,F,ZP,BK,F
11:03:00,INDF,RG,6325,51,D,YU,BK,F
11:03:00,INDF,RG,6325,26,D,YU,DR,D
11:02:12,INDF,RG,6325,3,D,XL,DR,D
11:02:04,INDF,RG,6325,5,D,XC,DR,D
11:01:52,INDF,RG,6325,1,D,XL,DR,D
11:01:20,INDF,RG,6325,24,F,ZP,DR,D
10:59:20,INDF,RG,6325,14,D,PD,DR,D
10:59:00,INDF,RG,6325,64,D,YU,DR,D
10:58:57,INDF,RG,6325,23,F,ZP,DR,D
10:57:56,INDF,RG,6300,1,D,BQ,XC,D
10:56:52,INDF,RG,6325,17,F,ZP,DR,D
10:56:52,INDF,RG,6325,6,F,ZP,ZP,D
10:56:38,INDF,RG,6325,1,D,PD,ZP,D
10:56:05,INDF,RG,6300,5,D,BQ,PD,D
10:56:04,INDF,RG,6300,47,D,BQ,PP,D
10:56:01,INDF,RG,6300,1,D,BQ,CC,D
10:55:00,INDF,RG,6325,134,D,YU,ZP,D
10:54:59,INDF,RG,6325,23,F,ZP,ZP,D
10:54:10,INDF,RG,6325,1,D,XL,ZP,D
10:53:28,INDF,RG,6325,23,F,ZP,ZP,D
10:53:20,INDF,RG,6325,1,D,HP,ZP,D
10:52:45,INDF,RG,6325,32,F,AK,ZP,D
10:52:16,INDF,RG,6300,2,D,BQ,PD,D
10:51:57,INDF,RG,6325,24,F,ZP,ZP,D
10:51:56,INDF,RG,6325,3,D,XC,ZP,D
10:50:52,INDF,RG,6300,5,D,BQ,KK,D
10:49:38,INDF,RG,6300,100,D,BQ,SQ,D
10:49:24,INDF,RG,6300,7,D,BQ,DH,D
10:49:23,INDF,RG,6300,1,D,BQ,YP,D
10:49:00,INDF,RG,6325,172,D,YU,ZP,D
10:48:43,INDF,RG,6300,33,D,BQ,SQ,D
10:48:17,INDF,RG,6325,1,D,KK,ZP,D
10:48:14,INDF,RG,6325,31,D,PD,ZP,D
10:48:14,INDF,RG,6325,2,D,PD,DH,D
10:48:14,INDF,RG,6325,1,D,PD,YP,D
10:48:14,INDF,RG,6325,16,D,PD,YP,D
10:46:40,INDF,RG,6325,32,D,XC,YP,D
10:46:01,INDF,RG,6325,14,F,BK,YP,D
10:45:59,INDF,RG,6325,33,F,BK,YP,D
10:45:57,INDF,RG,6300,4,D,BQ,CC,D
10:45:57,INDF,RG,6300,24,F,ZP,CC,D
10:45:57,INDF,RG,6300,23,F,ZP,CC,D
10:45:57,INDF,RG,6300,249,D,SQ,CC,D
10:45:16,INDF,RG,6325,22,F,ZP,YP,D
10:45:03,INDF,RG,6325,20,F,BK,YP,D
10:45:00,INDF,RG,6325,12,F,BK,YP,D
10:45:00,INDF,RG,6325,12,D,YU,YP,D
10:45:00,INDF,RG,6325,10,D,YU,OD,D
10:45:00,INDF,RG,6325,20,D,YU,LG,D
10:45:00,INDF,RG,6325,20,D,YU,LG,D
10:45:00,INDF,RG,6325,3,D,YU,ZP,F
10:45:00,INDF,RG,6325,5,D,YU,CC,D
10:45:00,INDF,RG,6325,5,D,YU,TP,D
10:45:00,INDF,RG,6325,1,D,YU,YP,D
10:45:00,INDF,RG,6325,5,D,YU,SQ,D
10:45:00,INDF,RG,6325,1,D,YU,PD,D
10:45:00,INDF,RG,6325,2,D,YU,TP,D
10:44:17,INDF,RG,6300,1,D,SQ,DH,D
10:43:20,INDF,RG,6325,2,D,PD,TP,D
10:42:48,INDF,RG,6325,6,F,BK,TP,D
10:42:48,INDF,RG,6325,5,F,BK,XC,D
10:42:48,INDF,RG,6325,1,F,BK,IF,D
10:42:48,INDF,RG,6325,1,F,BK,PD,D
10:42:48,INDF,RG,6325,11,F,BK,YP,D
10:42:45,INDF,RG,6325,124,F,BK,YP,D
10:42:40,INDF,RG,6300,5,F,AK,PD,D
10:42:40,INDF,RG,6300,1,F,AK,CC,D
10:42:40,INDF,RG,6300,2,F,AK,PD,D
10:42:40,INDF,RG,6300,5,F,AK,OD,D
10:42:40,INDF,RG,6300,80,F,AK,BK,F
10:42:40,INDF,RG,6300,3,F,AK,SQ,D
10:42:40,INDF,RG,6300,3,F,AK,XC,D
10:42:40,INDF,RG,6300,3,F,AK,ZP,F
10:42:40,INDF,RG,6300,20,F,AK,PD,D
10:42:40,INDF,RG,6300,200,F,AK,YU,D
10:42:40,INDF,RG,6300,20,F,AK,DR,D
10:42:40,INDF,RG,6300,1,F,AK,PD,D
10:42:40,INDF,RG,6300,42,F,AK,CC,D
10:42:40,INDF,RG,6300,500,D,SQ,CC,D
10:42:32,INDF,RG,6300,18,F,BK,CC,D
10:42:32,INDF,RG,6300,20,D,PD,CC,D
10:42:30,INDF,RG,6300,30,F,BK,CC,D
10:42:27,INDF,RG,6300,200,D,YP,CC,D
10:42:24,INDF,RG,6300,5,D,YP,CC,D
10:42:14,INDF,RG,6300,21,D,CC,CC,D
10:41:13,INDF,RG,6300,15,F,BK,CC,D
10:41:08,INDF,RG,6300,53,F,BK,CC,D
10:41:07,INDF,RG,6300,23,F,ZP,CC,D
10:41:05,INDF,RG,6300,73,D,BQ,CC,D
10:41:05,INDF,RG,6300,69,D,BQ,BK,F
10:41:05,INDF,RG,6300,8,D,BQ,ZP,F
10:41:05,INDF,RG,6300,450,D,BQ,YU,F
10:40:57,INDF,RG,6300,1,D,PD,YU,F
10:40:53,INDF,RG,6300,25,D,YP,YU,F
10:40:00,INDF,RG,6300,64,D,YU,YU,F
10:39:04,INDF,RG,6300,20,D,AZ,YU,F
10:38:48,INDF,RG,6300,2,D,NI,YU,F
10:38:25,INDF,RG,6300,10,D,EP,YU,F
10:37:45,INDF,RG,6300,15,D,PD,YU,F
10:36:29,INDF,RG,6300,20,D,PD,YU,F
10:36:00,INDF,RG,6300,53,D,YU,YU,F
10:35:39,INDF,RG,6300,50,D,PD,YU,F
10:35:36,INDF,RG,6275,4,D,YP,CC,D
10:35:36,INDF,RG,6275,1,D,PD,CC,D
10:35:31,INDF,RG,6300,2,D,KK,YU,F
10:35:30,INDF,RG,6300,3,D,XC,YU,F
10:34:31,INDF,RG,6300,8,D,FS,YU,F
10:34:31,INDF,RG,6300,47,D,FS,PP,D
10:34:31,INDF,RG,6300,45,D,FS,CC,D
10:34:01,INDF,RG,6275,1,D,SQ,XC,D
10:34:01,INDF,RG,6275,20,D,TP,XC,D
10:34:01,INDF,RG,6275,10,D,SQ,XC,D
10:34:01,INDF,RG,6275,1,D,DH,XC,D
10:34:01,INDF,RG,6275,1,D,PD,XC,D
10:33:14,INDF,RG,6275,1,D,PD,PD,D
10:33:14,INDF,RG,6275,2,D,NI,PD,D
10:32:57,INDF,RG,6275,1,D,NI,YP,D
10:32:57,INDF,RG,6275,20,D,YP,YP,D
10:32:57,INDF,RG,6275,5,D,CC,YP,D
10:32:57,INDF,RG,6275,1,D,PD,YP,D
10:32:57,INDF,RG,6275,1,D,NI,YP,D
10:32:57,INDF,RG,6275,8,D,BQ,YP,D
10:32:57,INDF,RG,6275,50,D,LG,YP,D
10:32:57,INDF,RG,6275,5,D,PD,YP,D
10:32:57,INDF,RG,6275,97,D,YP,YP,D
10:32:52,INDF,RG,6275,1,D,YP,XC,D
10:32:30,INDF,RG,6300,1,D,XC,CC,D
10:32:09,INDF,RG,6300,5,D,CP,CC,D
10:31:55,INDF,RG,6300,20,D,AG,CC,D
10:31:53,INDF,RG,6300,460,D,CP,CC,D
10:31:53,INDF,RG,6300,40,D,CP,CC,D
10:31:52,INDF,RG,6275,2,D,YP,PP,D
10:31:52,INDF,RG,6275,15,D,XL,PP,D
10:31:52,INDF,RG,6275,25,D,TP,PP,D
10:31:52,INDF,RG,6275,1,D,PD,PP,D
10:31:52,INDF,RG,6275,2,D,XC,PP,D
10:31:52,INDF,RG,6275,2,D,SQ,PP,D
10:31:44,INDF,RG,6300,60,D,SQ,CC,D
10:31:44,INDF,RG,6300,90,D,SQ,BK,F
10:31:42,INDF,RG,6300,9,D,KK,BK,F
10:31:36,INDF,RG,6300,3,D,YP,BK,F
10:31:11,INDF,RG,6300,7,D,YP,BK,F
10:31:09,INDF,RG,6300,1,D,KK,BK,F
10:31:07,INDF,RG,6300,1,D,CC,BK,F
10:31:06,INDF,RG,6300,2,D,PD,BK,F
10:31:05,INDF,RG,6300,113,D,BQ,BK,F
10:31:05,INDF,RG,6300,2,D,BQ,ZP,F
10:31:05,INDF,RG,6300,147,D,BQ,CC,D
10:31:05,INDF,RG,6300,151,D,BQ,CC,D
10:31:05,INDF,RG,6300,28,D,BQ,AK,F
10:31:05,INDF,RG,6300,5,D,BQ,ZP,F
10:31:05,INDF,RG,6300,154,D,BQ,CC,D
10:31:04,INDF,RG,6275,12,D,SQ,BK,F
10:31:01,INDF,RG,6300,115,D,AK,CC,D
10:31:01,INDF,RG,6300,132,D,AK,CC,D
10:31:01,INDF,RG,6300,125,D,AK,CC,D
10:31:01,INDF,RG,6300,82,D,AK,CC,D
10:31:01,INDF,RG,6300,17,D,AK,CC,D
10:30:44,INDF,RG,6300,50,D,CP,CC,D
10:30:25,INDF,RG,6275,23,D,SQ,BK,F
10:30:20,INDF,RG,6275,81,D,SQ,BK,F
10:30:17,INDF,RG,6275,182,D,SQ,YU,F
10:30:17,INDF,RG,6275,15,D,CC,YU,F
10:30:17,INDF,RG,6300,2,D,DR,CC,D
10:30:17,INDF,RG,6300,25,D,YU,CC,D
10:30:17,INDF,RG,6300,6,D,KK,CC,D
10:30:17,INDF,RG,6300,21,D,EP,CC,D
10:30:17,INDF,RG,6300,115,D,AK,CC,D
10:30:17,INDF,RG,6300,132,D,AK,CC,D
10:30:17,INDF,RG,6300,125,D,AK,CC,D
10:30:17,INDF,RG,6300,82,D,AK,CC,D
10:30:17,INDF,RG,6300,17,D,AK,CC,D
10:30:17,INDF,RG,6300,10,D,XC,CC,D
10:30:17,INDF,RG,6300,1,D,YP,CC,D
10:30:17,INDF,RG,6300,1,D,NI,CC,D
10:30:17,INDF,RG,6300,1,D,XC,CC,D
10:30:17,INDF,RG,6300,4,D,PD,CC,D
10:30:17,INDF,RG,6300,5,D,NI,CC,D
10:30:17,INDF,RG,6300,1,D,YP,CC,D
10:30:17,INDF,RG,6300,1,D,NI,CC,D
10:30:17,INDF,RG,6300,18,D,XC,CC,D
10:30:17,INDF,RG,6300,2,D,PD,CC,D
10:30:17,INDF,RG,6300,1,D,NI,CC,D
10:30:17,INDF,RG,6300,500,D,SQ,CC,D
10:30:17,INDF,RG,6300,4,D,NI,CC,D
10:30:17,INDF,RG,6300,38,D,YU,CC,D
10:30:17,INDF,RG,6300,23,F,ZP,CC,D
10:30:17,INDF,RG,6300,4,D,DH,CC,D
10:30:17,INDF,RG,6300,25,F,AK,CC,D
10:30:17,INDF,RG,6300,2,D,XC,CC,D
10:30:17,INDF,RG,6300,53,D,YU,CC,D
10:30:17,INDF,RG,6300,50,D,XC,CC,D
10:30:17,INDF,RG,6300,1,D,PD,CC,D
10:30:17,INDF,RG,6300,2,D,CC,CC,D
10:30:17,INDF,RG,6300,10,D,KK,CC,D
10:30:17,INDF,RG,6300,30,D,SQ,CC,D
10:30:17,INDF,RG,6300,1,D,XC,CC,D
10:30:17,INDF,RG,6300,12,D,AK,CC,D
10:30:16,INDF,RG,6300,26,D,AK,YU,F
10:30:15,INDF,RG,6300,77,D,AK,BK,F
10:30:15,INDF,RG,6300,42,D,AK,BK,F
10:30:14,INDF,RG,6300,90,D,AK,YU,F
10:30:14,INDF,RG,6300,125,D,AK,YU,F
10:30:14,INDF,RG,6300,82,D,AK,YU,F
10:30:14,INDF,RG,6300,17,D,AK,YU,F
10:30:14,INDF,RG,6300,5,D,PC,YU,F
10:30:14,INDF,RG,6300,1,F,CC,YU,F
10:30:14,INDF,RG,6300,3,D,XC,YU,F
10:30:14,INDF,RG,6300,2,D,XC,YU,F
10:30:14,INDF,RG,6300,1,D,PD,YU,F
10:30:14,INDF,RG,6300,10,D,NI,YU,F
10:30:14,INDF,RG,6300,2,D,BQ,YU,F
10:30:13,INDF,RG,6300,348,D,BQ,BK,F
10:30:13,INDF,RG,6300,1,D,KK,BK,F
10:30:13,INDF,RG,6300,160,D,PD,BK,F
10:30:13,INDF,RG,6300,1,D,XC,BK,F
10:30:13,INDF,RG,6300,4,D,XC,BK,F
10:30:13,INDF,RG,6300,10,D,ES,BK,F
10:30:13,INDF,RG,6300,30,D,AZ,BK,F
10:30:13,INDF,RG,6300,30,D,AZ,BK,F
10:30:13,INDF,RG,6300,1,D,XC,BK,F
10:30:13,INDF,RG,6300,25,D,XC,BK,F
10:30:13,INDF,RG,6300,3,D,YP,BK,F
10:30:13,INDF,RG,6300,5,D,XC,BK,F
10:30:13,INDF,RG,6300,2,D,PD,BK,F
10:30:13,INDF,RG,6300,1,D,PD,BK,F
10:30:13,INDF,RG,6300,115,D,AK,BK,F
10:30:13,INDF,RG,6300,132,D,AK,BK,F
10:30:13,INDF,RG,6300,125,D,AK,BK,F
10:30:13,INDF,RG,6300,82,D,AK,BK,F
10:30:13,INDF,RG,6300,17,D,AK,BK,F
10:30:13,INDF,RG,6300,30,D,YP,BK,F
10:30:13,INDF,RG,6300,3,D,PD,BK,F
10:30:13,INDF,RG,6300,33,D,CC,BK,F
10:30:13,INDF,RG,6300,27,D,XC,BK,F
10:30:13,INDF,RG,6300,1,D,PD,BK,F
10:30:13,INDF,RG,6300,1,D,PD,BK,F
10:30:13,INDF,RG,6300,3,D,PD,BK,F
10:30:13,INDF,RG,6300,10,D,PD,BK,F
10:30:13,INDF,RG,6300,16,D,SQ,BK,F
10:30:13,INDF,RG,6300,1,D,XC,BK,F
10:30:13,INDF,RG,6300,5,D,PD,BK,F
10:30:13,INDF,RG,6300,226,D,SQ,BK,F
10:30:13,INDF,RG,6300,22,D,SQ,ZP,F
10:30:12,INDF,RG,6300,2,D,SQ,YU,F
10:30:12,INDF,RG,6300,20,D,AZ,YU,F
10:30:12,INDF,RG,6300,5,D,NI,YU,F
10:30:12,INDF,RG,6300,100,F,XA,YU,F
10:30:12,INDF,RG,6300,1,D,YP,YU,F
10:30:12,INDF,RG,6300,10,D,NI,YU,F
10:30:12,INDF,RG,6300,2,D,XC,YU,F
10:30:12,INDF,RG,6300,299,D,BQ,YU,F
10:30:12,INDF,RG,6300,69,D,BQ,BK,F
10:30:11,INDF,RG,6300,11,D,BQ,YP,D
10:30:11,INDF,RG,6300,10,D,NI,YP,D
10:30:11,INDF,RG,6300,500,D,SQ,YP,D
10:30:11,INDF,RG,6300,1,D,YU,YP,D
10:30:11,INDF,RG,6300,3,D,YP,YP,D
10:30:11,INDF,RG,6300,5,D,PD,YP,D
10:30:11,INDF,RG,6300,1,D,LG,YP,D
10:30:11,INDF,RG,6300,3,D,PD,YP,D
10:30:11,INDF,RG,6300,1,D,CC,YP,D
10:30:11,INDF,RG,6300,11,D,LG,YP,D
10:30:11,INDF,RG,6300,5,D,CP,YP,D
10:30:11,INDF,RG,6300,2,D,NI,YP,D
10:30:11,INDF,RG,6300,10,D,YP,YP,D
10:30:11,INDF,RG,6300,40,D,PD,YP,D
10:30:11,INDF,RG,6300,1,D,XC,YP,D
10:30:11,INDF,RG,6300,5,D,NI,YP,D
10:30:11,INDF,RG,6300,10,D,PD,YP,D
10:30:11,INDF,RG,6300,1,D,PD,YP,D
10:30:11,INDF,RG,6300,2,D,XL,YP,D
10:30:11,INDF,RG,6300,1,D,CC,YP,D
10:30:11,INDF,RG,6300,1,D,XC,YP,D
10:30:11,INDF,RG,6300,1,D,CC,YP,D
10:30:11,INDF,RG,6300,1,D,SQ,YP,D
10:30:11,INDF,RG,6300,5,D,PD,YP,D
10:30:11,INDF,RG,6300,20,D,DX,YP,D
10:30:11,INDF,RG,6300,3,D,XC,YP,D
10:30:11,INDF,RG,6300,5,D,YP,YP,D
10:30:11,INDF,RG,6300,4,D,YP,YP,D
10:30:11,INDF,RG,6300,1,D,KK,YP,D
10:30:11,INDF,RG,6300,25,D,YP,YP,D
10:30:11,INDF,RG,6300,50,D,CC,YP,D
10:30:11,INDF,RG,6300,5,D,AZ,YP,D
10:30:11,INDF,RG,6300,1,D,XC,YP,D
10:30:11,INDF,RG,6300,12,D,YP,YP,D
10:30:11,INDF,RG,6300,1,D,CC,YP,D
10:30:11,INDF,RG,6300,25,D,SQ,YP,D
10:30:11,INDF,RG,6300,3,D,PD,YP,D
10:30:11,INDF,RG,6300,100,D,SQ,YP,D
10:30:11,INDF,RG,6300,17,D,AZ,YP,D
10:30:11,INDF,RG,6300,10,D,PD,YP,D
10:30:11,INDF,RG,6300,10,D,PD,YP,D
10:30:11,INDF,RG,6300,1,D,XC,YP,D
10:30:11,INDF,RG,6300,1,D,XC,YP,D
10:30:11,INDF,RG,6300,5,D,OD,YP,D
10:30:11,INDF,RG,6300,1,D,PD,YP,D
10:30:11,INDF,RG,6300,150,D,SQ,YP,D
10:30:11,INDF,RG,6300,1,D,XC,YP,D
10:30:11,INDF,RG,6300,50,D,YP,YP,D
10:30:11,INDF,RG,6300,100,D,PD,YP,D
10:30:11,INDF,RG,6300,2,D,OD,YP,D
10:30:11,INDF,RG,6300,90,D,PD,YP,D
10:30:11,INDF,RG,6300,1,D,YP,YP,D
10:30:11,INDF,RG,6300,1,D,PD,YP,D
10:30:11,INDF,RG,6300,200,D,YP,YP,D
10:30:11,INDF,RG,6300,25,D,YP,YP,D
10:30:11,INDF,RG,6300,1,D,NI,YP,D
10:30:11,INDF,RG,6300,2,D,XC,YP,D
10:30:11,INDF,RG,6300,4,D,NI,YP,D
10:30:11,INDF,RG,6300,8,D,AT,YP,D
10:30:11,INDF,RG,6300,3,D,PD,YP,D
10:30:11,INDF,RG,6300,5,D,PD,YP,D
10:30:11,INDF,RG,6300,6,D,CP,YP,D
10:30:11,INDF,RG,6300,1,D,NI,YP,D
10:30:11,INDF,RG,6300,1,D,XC,YP,D
10:30:11,INDF,RG,6300,2,D,PD,YP,D
10:30:11,INDF,RG,6300,10,D,KK,YP,D
10:30:11,INDF,RG,6300,1,D,PD,YP,D
10:30:11,INDF,RG,6300,6,D,PD,YP,D
10:30:11,INDF,RG,6300,3,D,XC,YP,D
10:30:11,INDF,RG,6300,4,D,YP,YP,D
10:30:11,INDF,RG,6300,2,D,PD,YP,D
10:30:11,INDF,RG,6300,8,D,PD,YP,D
10:30:11,INDF,RG,6300,10,D,KK,YP,D
10:30:11,INDF,RG,6300,5,D,DR,YP,D
10:30:11,INDF,RG,6300,5,D,XC,YP,D
10:30:11,INDF,RG,6300,5,D,SQ,YP,D
10:30:11,INDF,RG,6300,30,F,DH,YP,D
10:30:11,INDF,RG,6300,5,D,YP,YP,D
10:30:11,INDF,RG,6300,2,D,YB,YP,D
10:30:11,INDF,RG,6300,3,D,YP,YP,D
10:30:11,INDF,RG,6300,10,D,YP,YP,D
10:30:11,INDF,RG,6300,1,D,XC,YP,D
10:30:11,INDF,RG,6300,6,D,XC,YP,D
10:30:11,INDF,RG,6300,9,D,XC,YP,D
10:30:11,INDF,RG,6300,291,D,SQ,YP,D
10:29:57,INDF,RG,6300,9,D,SQ,YU,F
10:29:57,INDF,RG,6300,10,D,KK,YU,F
10:29:57,INDF,RG,6300,5,D,YP,YU,F
10:29:57,INDF,RG,6300,420,D,DR,YU,F
10:29:56,INDF,RG,6300,80,D,DR,CC,D
10:29:56,INDF,RG,6300,5,D,PD,CC,D
10:29:56,INDF,RG,6300,5,D,NI,CC,D
10:29:56,INDF,RG,6300,79,D,XC,CC,D
10:29:56,INDF,RG,6300,1,D,CC,CC,D
10:29:56,INDF,RG,6300,1,D,GR,CC,D
10:29:56,INDF,RG,6300,5,D,PD,CC,D
10:29:56,INDF,RG,6300,1,D,PD,CC,D
10:29:56,INDF,RG,6300,1,D,PD,CC,D
10:29:56,INDF,RG,6300,1,D,SQ,CC,D
10:29:56,INDF,RG,6300,8,D,NI,CC,D
10:29:56,INDF,RG,6300,1,D,XC,CC,D
10:29:56,INDF,RG,6300,3,D,XC,CC,D
10:29:56,INDF,RG,6300,1,D,YP,CC,D
10:29:56,INDF,RG,6300,50,D,YP,CC,D
10:29:56,INDF,RG,6300,230,D,AK,CC,D
10:29:56,INDF,RG,6300,265,D,AK,CC,D
10:29:56,INDF,RG,6300,250,D,AK,CC,D
10:29:56,INDF,RG,6300,165,D,AK,CC,D
10:29:56,INDF,RG,6300,35,D,AK,CC,D
10:29:56,INDF,RG,6300,5,D,CC,CC,D
10:29:56,INDF,RG,6300,25,D,GR,CC,D
10:29:56,INDF,RG,6300,3,D,YP,CC,D
10:29:56,INDF,RG,6300,2,D,YP,CC,D
10:29:56,INDF,RG,6300,1,D,YP,CC,D
10:29:56,INDF,RG,6300,5,D,XC,CC,D
10:29:56,INDF,RG,6300,20,F,DH,CC,D
10:29:56,INDF,RG,6300,100,D,YP,CC,D
10:29:56,INDF,RG,6300,50,D,ZP,CC,D
10:29:56,INDF,RG,6300,3,D,XC,CC,D
10:29:56,INDF,RG,6300,20,D,CC,CC,D
10:29:56,INDF,RG,6300,5,D,IU,CC,D
10:29:56,INDF,RG,6300,40,D,XC,CC,D
10:29:56,INDF,RG,6300,300,D,SQ,CC,D
10:29:56,INDF,RG,6300,2,D,XC,CC,D
10:29:56,INDF,RG,6300,1,D,XC,CC,D
10:29:56,INDF,RG,6300,1,D,YB,CC,D
10:29:56,INDF,RG,6300,5,F,AK,CC,D
10:29:56,INDF,RG,6300,50,D,GR,CC,D
10:29:56,INDF,RG,6300,80,D,BS,CC,D
10:29:56,INDF,RG,6300,3,D,PD,CC,D
10:29:56,INDF,RG,6300,24,F,ZP,CC,D
10:29:56,INDF,RG,6300,2,D,CC,CC,D
10:29:56,INDF,RG,6300,39,D,YP,CC,D
10:29:56,INDF,RG,6300,5,D,PD,CC,D
10:29:56,INDF,RG,6300,1,D,EP,CC,D
10:29:56,INDF,RG,6300,17,D,LG,CC,D
10:29:56,INDF,RG,6300,4,D,YP,CC,D
10:29:51,INDF,RG,6300,2,D,YP,YU,F
10:29:51,INDF,RG,6325,23,F,ZP,YP,D
10:29:51,INDF,RG,6325,7,D,GR,YP,D
10:29:45,INDF,RG,6300,4,D,YP,YU,F
10:29:45,INDF,RG,6300,3,D,CC,YU,F
10:29:44,INDF,RG,6325,33,D,XC,YP,D
10:29:30,INDF,RG,6325,1,D,XC,YP,D
10:28:45,INDF,RG,6300,3,D,CC,YU,F
10:28:45,INDF,RG,6325,1,F,AK,YP,D
10:28:45,INDF,RG,6325,10,F,AK,PD,D
10:28:20,INDF,RG,6300,1,D,CC,NI,D
10:28:01,INDF,RG,6300,19,D,CC,YU,F
10:28:00,INDF,RG,6325,30,D,YU,PD,D
10:28:00,INDF,RG,6325,6,D,YU,XL,D
10:28:00,INDF,RG,6325,1,D,YU,XC,D
10:28:00,INDF,RG,6325,48,D,YU,CC,D
10:27:55,INDF,RG,6300,5,D,CC,YU,F
10:27:54,INDF,RG,6325,24,F,ZP,CC,D
10:27:15,INDF,RG,6300,1,D,CC,PD,D
10:27:14,INDF,RG,6300,3,D,CC,YU,F
10:27:13,INDF,RG,6325,10,D,PD,CC,D
10:27:07,INDF,RG,6325,1,D,XL,CC,D
10:26:16,INDF,RG,6325,1,D,CC,CC,D
10:25:54,INDF,RG,6300,5,D,CC,YU,F
10:25:53,INDF,RG,6325,23,F,ZP,CC,D
10:25:07,INDF,RG,6300,3,D,CC,YU,F
10:25:06,INDF,RG,6325,13,D,XC,CC,D
10:25:01,INDF,RG,6300,14,D,CC,YU,F
10:25:00,INDF,RG,6325,67,D,YU,CC,D
10:23:52,INDF,RG,6300,5,D,CC,YU,F
10:23:51,INDF,RG,6325,23,F,ZP,CC,D
10:23:24,INDF,RG,6300,26,D,CC,YU,F
10:23:23,INDF,RG,6325,100,D,AZ,CC,D
10:23:15,INDF,RG,6300,5,D,CC,PD,D
10:23:13,INDF,RG,6300,10,D,CC,GR,D
10:23:12,INDF,RG,6300,2,D,CC,XC,D
10:23:00,INDF,RG,6300,1,D,CC,NI,D
10:22:48,INDF,RG,6300,5,D,CC,YU,F
10:22:46,INDF,RG,6325,23,F,ZP,CC,D
10:22:37,INDF,RG,6300,17,D,CC,YU,F
10:22:37,INDF,RG,6300,10,D,SQ,YU,F
10:22:37,INDF,RG,6300,26,D,YU,YU,F
10:22:37,INDF,RG,6300,10,D,AZ,YU,F
10:22:37,INDF,RG,6300,5,D,NI,YU,F
10:22:37,INDF,RG,6300,1,D,CC,YU,F
10:22:37,INDF,RG,6300,10,D,DX,YU,F
10:22:37,INDF,RG,6300,3,F,ZP,YU,F
10:22:36,INDF,RG,6325,32,D,AZ,CC,D
10:22:00,INDF,RG,6300,20,F,ZP,CC,D
10:22:00,INDF,RG,6300,1,D,XC,CC,D
10:22:00,INDF,RG,6300,5,D,PD,CC,D
10:22:00,INDF,RG,6300,10,D,GR,CC,D
10:22:00,INDF,RG,6300,5,D,AN,CC,D
10:22:00,INDF,RG,6300,3,D,AZ,CC,D
10:22:00,INDF,RG,6300,34,D,YU,CC,D
10:22:00,INDF,RG,6300,10,D,SQ,CC,D
10:22:00,INDF,RG,6300,7,D,PD,CC,D
10:22:00,INDF,RG,6300,1,D,KK,CC,D
10:22:00,INDF,RG,6300,12,F,AK,CC,D
10:22:00,INDF,RG,6300,1,D,AG,CC,D
10:22:00,INDF,RG,6300,10,D,YP,CC,D
10:22:00,INDF,RG,6300,32,D,YP,CC,D
10:21:55,INDF,RG,6300,68,D,YP,SQ,D
10:21:55,INDF,RG,6300,1,D,GR,SQ,D
10:21:55,INDF,RG,6300,10,D,CC,SQ,D
10:21:55,INDF,RG,6300,1,D,NI,SQ,D
10:21:55,INDF,RG,6300,15,D,CC,SQ,D
10:21:55,INDF,RG,6300,15,D,YP,SQ,D
10:21:55,INDF,RG,6300,2,D,SQ,SQ,D
10:21:55,INDF,RG,6300,2,D,PD,SQ,D
10:21:55,INDF,RG,6300,1,D,PD,SQ,D
10:21:55,INDF,RG,6300,1,D,PD,SQ,D
10:21:55,INDF,RG,6300,1,D,XC,SQ,D
10:21:55,INDF,RG,6300,65,D,YP,SQ,D
10:21:48,INDF,RG,6300,5,D,YP,NI,D
10:21:46,INDF,RG,6300,1,D,YP,YB,D
10:21:36,INDF,RG,6300,5,D,YP,YU,F
10:21:34,INDF,RG,6325,23,F,ZP,CC,D
10:21:10,INDF,RG,6300,1,D,YP,GR,D
10:21:09,INDF,RG,6325,1,D,CC,CC,D
10:21:04,INDF,RG,6300,12,D,YP,YU,F
10:21:03,INDF,RG,6325,500,D,SQ,CC,D
10:21:00,INDF,RG,6325,100,D,YU,CC,D
10:20:28,INDF,RG,6325,11,F,ZP,CC,D
10:20:28,INDF,RG,6325,12,F,ZP,CS,F
10:20:25,INDF,RG,6325,22,F,ZP,CS,F
10:20:24,INDF,RG,6300,10,D,YP,CC,D
10:19:33,INDF,RG,6300,1,D,YP,PD,D
10:19:33,INDF,RG,6300,1,D,KK,PD,D
10:19:33,INDF,RG,6300,1,D,YP,PD,D
10:19:33,INDF,RG,6300,10,D,PD,PD,D
10:19:33,INDF,RG,6300,5,D,AZ,PD,D
10:19:33,INDF,RG,6300,2,D,NI,PD,D
10:19:33,INDF,RG,6300,10,D,NI,PD,D
10:19:33,INDF,RG,6300,5,D,KK,PD,D
10:19:33,INDF,RG,6300,5,D,YP,PD,D
10:19:33,INDF,RG,6300,5,D,DR,PD,D
10:19:33,INDF,RG,6300,34,D,CC,PD,D
10:19:10,INDF,RG,6325,139,D,BQ,CS,F
10:19:10,INDF,RG,6325,2,D,BQ,ZP,F
10:19:10,INDF,RG,6325,5,D,BQ,MG,D
10:19:10,INDF,RG,6325,1,D,BQ,GR,D
10:19:10,INDF,RG,6325,22,D,BQ,PD,D
10:19:10,INDF,RG,6325,60,D,BQ,NI,D
10:19:10,INDF,RG,6325,2,D,BQ,XC,D
10:19:10,INDF,RG,6325,88,D,BQ,BK,F
10:19:10,INDF,RG,6325,231,D,BQ,YU,F
10:19:10,INDF,RG,6325,9,D,BQ,ZP,F
10:19:10,INDF,RG,6325,41,D,BQ,YU,F
10:18:39,INDF,RG,6325,2,D,PD,YU,F
10:17:51,INDF,RG,6300,1,D,CC,YU,F
10:17:50,INDF,RG,6325,5,D,PC,YU,F
10:17:01,INDF,RG,6300,11,D,CC,YU,F
10:17:00,INDF,RG,6325,49,D,YU,YU,F
10:16:46,INDF,RG,6300,20,D,CC,YU,F
10:16:45,INDF,RG,6325,24,F,ZP,YU,F
10:15:11,INDF,RG,6300,1,D,CC,KK,D
10:14:40,INDF,RG,6300,33,D,CC,PD,D
10:14:40,INDF,RG,6300,10,D,AZ,PD,D
10:14:40,INDF,RG,6300,2,D,YP,PD,D
10:14:40,INDF,RG,6300,20,D,SQ,PD,D
10:14:09,INDF,RG,6300,2,D,SQ,CC,D
10:14:06,INDF,RG,6300,1,D,SQ,YU,F
10:14:05,INDF,RG,6325,3,D,YP,YU,F
10:13:30,INDF,RG,6325,4,D,NI,YU,F
10:12:43,INDF,RG,6300,9,D,SQ,YU,F
10:12:41,INDF,RG,6325,24,F,ZP,YU,F
10:12:38,INDF,RG,6300,17,D,SQ,CC,D
10:12:01,INDF,RG,6300,1,D,SQ,YU,F
10:12:01,INDF,RG,6300,8,D,YP,YU,F
10:12:00,INDF,RG,6325,73,D,YU,YU,F
10:11:50,INDF,RG,6325,4,D,XC,YU,F
10:11:15,INDF,RG,6325,3,D,YP,YU,F
10:11:07,INDF,RG,6325,3,D,PD,YU,F
10:10:25,INDF,RG,6325,2,D,PD,YU,F
10:10:02,INDF,RG,6325,20,D,YP,YU,F
10:09:00,INDF,RG,6325,57,D,YU,YU,F
10:08:54,INDF,RG,6325,23,F,ZP,YU,F
10:08:50,INDF,RG,6325,23,F,ZP,YU,F
10:08:39,INDF,RG,6325,4,D,PD,YU,F
10:08:02,INDF,RG,6300,42,D,YP,PP,D
10:08:02,INDF,RG,6300,5,D,YP,PP,D
10:08:00,INDF,RG,6325,25,F,AK,YU,F
10:07:49,INDF,RG,6300,20,D,YP,PP,D
10:07:49,INDF,RG,6300,4,D,XC,PP,D
10:07:49,INDF,RG,6300,10,D,CC,PP,D
10:07:49,INDF,RG,6300,1,D,YP,PP,D
10:07:49,INDF,RG,6300,5,D,PD,PP,D
10:07:49,INDF,RG,6300,5,D,YP,PP,D
10:07:49,INDF,RG,6300,2,D,PD,PP,D
10:07:24,INDF,RG,6325,1,D,XC,YU,F
10:06:20,INDF,RG,6325,2,D,PD,YU,F
10:06:09,INDF,RG,6300,1,D,PD,XC,D
10:05:44,INDF,RG,6325,5,D,SQ,YU,F
10:05:37,INDF,RG,6300,3,D,YP,NI,D
10:05:37,INDF,RG,6300,10,D,YP,NI,D
10:05:37,INDF,RG,6300,2,D,CC,NI,D
10:05:36,INDF,RG,6325,1,D,YP,YU,F
10:05:21,INDF,RG,6300,1,D,CC,NI,D
10:05:00,INDF,RG,6325,63,D,YU,YU,F
10:04:58,INDF,RG,6300,7,D,CC,NI,D
10:04:58,INDF,RG,6300,10,D,KK,NI,D
10:04:58,INDF,RG,6300,5,D,YP,NI,D
10:04:58,INDF,RG,6300,10,D,DR,NI,D
10:04:28,INDF,RG,6300,10,D,DR,DH,D
10:04:28,INDF,RG,6300,2,D,PD,DH,D
10:04:28,INDF,RG,6300,8,D,YU,DH,D
10:04:03,INDF,RG,6300,2,D,YU,CC,D
10:03:38,INDF,RG,6300,200,D,YU,CC,D
10:03:33,INDF,RG,6325,23,F,ZP,YU,F
10:03:29,INDF,RG,6325,25,D,NI,YU,F
10:03:03,INDF,RG,6325,10,D,GR,YU,F
10:02:25,INDF,RG,6325,10,D,CC,YU,F
10:01:46,INDF,RG,6325,1,D,XC,YU,F
10:01:43,INDF,RG,6325,20,D,KI,YU,F
10:01:15,INDF,RG,6325,1,D,PD,YU,F
10:00:25,INDF,RG,6325,1,D,PD,YU,F
9:59:00,INDF,RG,6325,49,D,YU,YU,F
9:58:46,INDF,RG,6325,24,F,ZP,YU,F
9:57:06,INDF,RG,6325,10,D,XL,YU,F
9:56:57,INDF,RG,6325,10,D,PD,YU,F
9:56:52,INDF,RG,6300,2,D,YU,XC,D
9:56:37,INDF,RG,6325,1,D,XC,YU,F
9:56:01,INDF,RG,6325,17,F,BK,YU,F
9:56:00,INDF,RG,6325,44,D,YU,YU,F
9:56:00,INDF,RG,6325,16,D,YU,BK,F
9:55:59,INDF,RG,6325,30,F,BK,BK,F
9:55:57,INDF,RG,6300,188,D,YU,PD,D
9:55:57,INDF,RG,6300,20,D,NI,PD,D
9:55:57,INDF,RG,6300,91,D,YP,PD,D
9:55:56,INDF,RG,6325,1,D,XC,BK,F
9:55:52,INDF,RG,6300,2,D,YP,PD,D
9:55:33,INDF,RG,6325,4,D,LG,BK,F
9:55:32,INDF,RG,6325,3,D,KK,BK,F
9:55:18,INDF,RG,6325,23,F,ZP,BK,F
9:54:29,INDF,RG,6325,10,D,XC,BK,F
9:54:12,INDF,RG,6325,3,D,GR,BK,F
9:54:10,INDF,RG,6325,3,D,XC,BK,F
9:53:51,INDF,RG,6325,3,D,XC,BK,F
9:53:48,INDF,RG,6325,14,F,BK,BK,F
9:53:47,INDF,RG,6325,4,D,PD,BK,F
9:53:45,INDF,RG,6325,25,F,AK,BK,F
9:53:22,INDF,RG,6325,5,D,SQ,BK,F
9:53:19,INDF,RG,6325,10,D,PD,BK,F
9:53:09,INDF,RG,6325,14,F,BK,BK,F
9:53:07,INDF,RG,6325,147,D,SQ,BK,F
9:53:07,INDF,RG,6325,423,D,SQ,YU,F
9:53:07,INDF,RG,6325,10,D,SQ,ZP,F
9:53:07,INDF,RG,6325,420,D,SQ,CS,F
9:52:35,INDF,RG,6300,2,D,YP,YU,F
9:52:34,INDF,RG,6325,9,D,XC,CS,F
9:52:19,INDF,RG,6300,11,D,YP,YU,F
9:52:17,INDF,RG,6325,23,F,ZP,CS,F
9:52:02,INDF,RG,6300,23,D,YP,BK,F
9:52:01,INDF,RG,6300,12,D,YP,YU,F
9:52:00,INDF,RG,6325,57,D,YU,CS,F
9:51:44,INDF,RG,6300,2,D,YP,YU,F
9:51:43,INDF,RG,6325,10,D,AZ,CS,F
9:50:54,INDF,RG,6300,3,D,YP,YU,F
9:50:52,INDF,RG,6325,10,D,YP,CS,F
9:50:45,INDF,RG,6300,3,D,YP,YP,D
9:50:24,INDF,RG,6300,3,D,YP,YU,F
9:50:23,INDF,RG,6325,2,D,NI,CS,F
9:50:12,INDF,RG,6300,2,D,YP,YU,F
9:50:11,INDF,RG,6300,9,D,YP,KK,D
9:50:10,INDF,RG,6325,7,D,XC,CS,F
9:49:48,INDF,RG,6325,5,D,CC,CS,F
9:49:38,INDF,RG,6300,2,D,YP,YU,F
9:49:37,INDF,RG,6325,10,D,YP,CS,F
9:49:29,INDF,RG,6300,5,D,YP,YU,F
9:49:28,INDF,RG,6325,12,F,BK,CS,F
9:49:26,INDF,RG,6300,8,D,YP,SQ,D
9:49:17,INDF,RG,6300,5,D,YP,YU,F
9:49:16,INDF,RG,6325,22,F,ZP,CS,F
9:49:11,INDF,RG,6300,2,D,YP,YU,F
9:49:10,INDF,RG,6325,10,D,YP,CS,F
9:49:07,INDF,RG,6300,5,D,YP,YU,F
9:49:06,INDF,RG,6325,20,D,KK,CS,F
9:49:05,INDF,RG,6300,2,D,YP,NI,D
9:49:03,INDF,RG,6300,3,D,YP,YU,F
9:49:02,INDF,RG,6325,17,F,BK,CS,F
9:49:01,INDF,RG,6300,17,D,YP,YU,F
9:49:00,INDF,RG,6325,55,D,YU,CS,F
9:48:50,INDF,RG,6300,4,D,YP,YU,F
9:48:50,INDF,RG,6300,19,D,YP,BK,F
9:48:50,INDF,RG,6325,22,F,BK,CS,F
9:48:48,INDF,RG,6300,8,D,YP,YU,F
9:48:47,INDF,RG,6325,36,D,NI,CS,F
9:48:40,INDF,RG,6300,7,D,YP,YU,F
9:48:39,INDF,RG,6325,30,D,DH,CS,F
9:48:27,INDF,RG,6300,3,D,YP,YU,F
9:48:26,INDF,RG,6325,13,F,BK,CS,F
9:48:21,INDF,RG,6300,5,D,YP,YU,F
9:48:20,INDF,RG,6325,20,D,KK,CS,F
9:48:03,INDF,RG,6325,3,D,PD,CS,F
9:47:53,INDF,RG,6325,3,D,XL,CS,F
9:47:42,INDF,RG,6300,3,D,YP,YU,F
9:47:41,INDF,RG,6325,10,D,YP,CS,F
9:47:00,INDF,RG,6300,1,D,YP,YU,F
9:46:59,INDF,RG,6325,5,D,CC,CS,F
9:46:19,INDF,RG,6300,5,D,YP,YU,F
9:46:18,INDF,RG,6325,23,F,ZP,CS,F
9:45:28,INDF,RG,6325,2,D,XL,CS,F
9:45:22,INDF,RG,6300,4,D,YP,YU,F
9:45:21,INDF,RG,6325,18,F,BK,CS,F
9:45:18,INDF,RG,6300,8,D,YP,YU,F
9:45:17,INDF,RG,6325,3,D,YP,CS,F
9:45:15,INDF,RG,6300,19,D,YP,BK,F
9:45:15,INDF,RG,6325,14,F,BK,CS,F
9:45:14,INDF,RG,6300,22,D,YP,YU,F
9:45:13,INDF,RG,6325,100,D,DH,CS,F
9:45:07,INDF,RG,6325,1,D,PD,CS,F
9:45:04,INDF,RG,6300,6,D,YP,YU,F
9:45:03,INDF,RG,6325,25,F,BK,CS,F
9:45:01,INDF,RG,6300,11,D,YP,YU,F
9:45:00,INDF,RG,6325,52,D,YU,CS,F
9:44:56,INDF,RG,6325,1,D,YB,CS,F
9:44:54,INDF,RG,6300,7,D,YP,YU,F
9:44:53,INDF,RG,6325,30,F,DH,CS,F
9:44:43,INDF,RG,6300,1,D,YP,YU,F
9:44:42,INDF,RG,6325,5,D,KK,CS,F
9:44:39,INDF,RG,6300,4,D,YP,YU,F
9:44:38,INDF,RG,6325,14,F,BK,CS,F
9:44:36,INDF,RG,6325,5,D,PD,CS,F
9:43:52,INDF,RG,6300,6,D,YP,YU,F
9:43:50,INDF,RG,6325,24,F,ZP,CS,F
9:43:32,INDF,RG,6300,3,D,YP,IF,D
9:43:03,INDF,RG,6300,9,D,YP,YU,F
9:43:01,INDF,RG,6325,20,D,PD,CS,F
9:42:22,INDF,RG,6300,22,D,YP,BK,F
9:42:16,INDF,RG,6300,5,D,YP,YU,F
9:42:15,INDF,RG,6325,20,F,BK,CS,F
9:42:13,INDF,RG,6300,4,D,YP,YU,F
9:42:11,INDF,RG,6325,20,D,LG,CS,F
9:42:09,INDF,RG,6300,5,D,YP,YU,F
9:42:07,INDF,RG,6325,20,D,SQ,CS,F
9:42:05,INDF,RG,6300,4,D,YP,YU,F
9:42:04,INDF,RG,6325,20,D,CC,CS,F
9:42:04,INDF,RG,6300,21,D,YP,YU,F
9:42:03,INDF,RG,6325,77,D,CD,CS,F
9:42:02,INDF,RG,6300,21,D,YP,BK,F
9:42:02,INDF,RG,6300,22,D,YP,YU,F
9:42:00,INDF,RG,6325,96,D,YU,CS,F
9:42:00,INDF,RG,6300,29,D,YP,YU,F
9:42:00,INDF,RG,6300,5,D,YP,YU,F
9:41:59,INDF,RG,6325,155,D,CD,CS,F
9:41:53,INDF,RG,6300,5,D,KK,YU,F
9:41:51,INDF,RG,6325,23,F,ZP,CS,F
9:41:14,INDF,RG,6300,4,D,KK,YU,F
9:41:13,INDF,RG,6325,2,D,CC,CS,F
9:41:13,INDF,RG,6325,20,D,PD,CS,F
9:41:05,INDF,RG,6300,1,D,KK,YU,F
9:41:05,INDF,RG,6300,1,D,YP,YU,F
9:41:04,INDF,RG,6325,5,D,KK,CS,F
9:41:04,INDF,RG,6300,9,D,YP,YU,F
9:41:04,INDF,RG,6300,1,D,CC,YU,F
9:41:04,INDF,RG,6300,3,D,PD,YU,F
9:41:02,INDF,RG,6325,42,D,AZ,CS,F
9:41:02,INDF,RG,6325,18,D,AZ,CS,F
9:40:55,INDF,RG,6325,1,D,XC,CS,F
9:40:26,INDF,RG,6300,2,D,PD,YU,F
9:40:26,INDF,RG,6300,3,D,AZ,YU,F
9:40:25,INDF,RG,6325,22,F,ZP,CS,F
9:40:17,INDF,RG,6300,5,D,AZ,YU,F
9:40:16,INDF,RG,6325,20,F,DH,CS,F
9:40:15,INDF,RG,6325,5,D,YP,CS,F
9:40:01,INDF,RG,6300,4,D,AZ,YU,F
9:40:01,INDF,RG,6300,1,D,PD,YU,F
9:40:01,INDF,RG,6300,1,D,XC,YU,F
9:40:01,INDF,RG,6300,5,D,NI,YU,F
9:40:01,INDF,RG,6300,4,D,CC,YU,F
9:40:00,INDF,RG,6325,66,D,YU,CS,F
9:39:19,INDF,RG,6300,5,D,XC,YU,F
9:39:19,INDF,RG,6300,11,D,PD,YU,F
9:39:18,INDF,RG,6325,1,D,AZ,CS,F
9:38:53,INDF,RG,6300,33,D,PD,BK,F
9:38:41,INDF,RG,6300,6,D,PD,XC,D
9:38:41,INDF,RG,6300,1,D,KK,XC,D
9:38:41,INDF,RG,6300,5,D,SQ,XC,D
9:38:41,INDF,RG,6300,2,D,GR,XC,D
9:38:31,INDF,RG,6300,1,D,GR,NI,D
9:38:25,INDF,RG,6300,15,D,GR,BK,F
9:38:25,INDF,RG,6300,9,D,IF,BK,F
9:37:59,INDF,RG,6300,1,D,IF,YU,F
9:37:59,INDF,RG,6300,2,D,XC,YU,F
9:37:59,INDF,RG,6300,8,D,YP,YU,F
9:37:59,INDF,RG,6300,1,D,EP,YU,F
9:37:59,INDF,RG,6300,1,D,CC,YU,F
9:37:58,INDF,RG,6325,10,D,YP,CS,F
9:37:51,INDF,RG,6300,3,D,CC,BK,F
9:37:51,INDF,RG,6300,2,D,KK,BK,F
9:37:51,INDF,RG,6300,1,D,SQ,BK,F
9:37:51,INDF,RG,6300,10,D,KK,BK,F
9:37:51,INDF,RG,6300,5,D,DR,BK,F
9:37:51,INDF,RG,6300,5,D,YB,BK,F
9:37:23,INDF,RG,6300,24,D,YB,BK,F
9:37:22,INDF,RG,6300,3,D,YB,YU,F
9:37:21,INDF,RG,6325,10,D,YP,CS,F
9:37:08,INDF,RG,6325,2,D,PD,CS,F
9:37:04,INDF,RG,6300,4,D,YB,YU,F
9:37:03,INDF,RG,6300,16,D,YB,BK,F
9:36:49,INDF,RG,6325,1,D,XC,CS,F
9:36:42,INDF,RG,6325,1,D,XC,CS,F
9:36:40,INDF,RG,6325,3,D,YP,CS,F
9:36:34,INDF,RG,6300,7,D,YB,YU,F
9:36:34,INDF,RG,6325,1,D,PD,CS,F
9:36:33,INDF,RG,6325,1,D,KK,CS,F
9:36:32,INDF,RG,6300,31,D,YB,BK,F
9:36:32,INDF,RG,6300,110,D,YB,YU,F
9:36:32,INDF,RG,6300,200,D,YB,YU,F
9:36:32,INDF,RG,6300,1,D,YP,YU,F
9:36:32,INDF,RG,6300,150,D,SQ,YU,F
9:36:32,INDF,RG,6300,200,D,YP,YU,F
9:36:32,INDF,RG,6300,1,D,YP,YU,F
9:36:32,INDF,RG,6300,237,D,DR,YU,F
9:36:32,INDF,RG,6300,1,D,PD,YU,F
9:36:32,INDF,RG,6300,8,D,AZ,YU,F
9:36:32,INDF,RG,6300,227,D,SQ,YU,F
9:36:31,INDF,RG,6325,97,D,YP,CS,F
9:36:31,INDF,RG,6325,3,D,AZ,CS,F
9:36:31,INDF,RG,6325,25,D,CC,CS,F
9:36:31,INDF,RG,6325,1,D,AG,CS,F
9:36:31,INDF,RG,6325,2,D,PD,CS,F
9:36:31,INDF,RG,6325,5,D,YP,CS,F
9:36:31,INDF,RG,6325,250,D,SQ,CS,F
9:36:31,INDF,RG,6325,300,D,SQ,CS,F
9:36:31,INDF,RG,6325,3,D,PD,CS,F
9:36:31,INDF,RG,6325,10,D,YP,CS,F
9:36:31,INDF,RG,6325,1580,D,CP,CS,F
9:36:31,INDF,RG,6325,10,D,YP,CS,F
9:36:31,INDF,RG,6325,43,D,YU,CS,F
9:36:31,INDF,RG,6325,10,D,YP,CS,F
9:36:31,INDF,RG,6325,32,D,EP,CS,F
9:36:31,INDF,RG,6325,1,D,PD,CS,F
9:36:31,INDF,RG,6325,5,D,AZ,CS,F
9:36:31,INDF,RG,6325,400,D,YU,CS,F
9:36:31,INDF,RG,6325,200,D,YB,CS,F
9:36:31,INDF,RG,6325,2,D,NI,CS,F
9:36:31,INDF,RG,6325,1,D,PD,CS,F
9:36:31,INDF,RG,6325,4,D,PD,CS,F
9:36:31,INDF,RG,6325,25,D,PD,CS,F
9:36:31,INDF,RG,6325,1,D,NI,CS,F
9:36:31,INDF,RG,6325,2,D,PD,CS,F
9:36:31,INDF,RG,6325,4,D,NI,CS,F
9:36:31,INDF,RG,6325,23,D,YU,CS,F
9:36:31,INDF,RG,6325,22,D,YP,CS,F
9:36:31,INDF,RG,6325,10,D,CC,CS,F
9:36:31,INDF,RG,6325,10,D,PD,CS,F
9:36:31,INDF,RG,6325,158,D,YP,CS,F
9:36:31,INDF,RG,6325,39,D,YP,CS,F
9:36:31,INDF,RG,6325,50,D,PD,CS,F
9:36:31,INDF,RG,6325,50,D,PD,CS,F
9:36:31,INDF,RG,6325,100,D,FS,CS,F
9:36:31,INDF,RG,6325,10,D,YB,CS,F
9:36:31,INDF,RG,6325,80,D,PD,CS,F
9:36:31,INDF,RG,6325,5,D,YP,CS,F
9:36:31,INDF,RG,6325,3,D,PD,CS,F
9:36:31,INDF,RG,6325,10,D,AZ,CS,F
9:36:31,INDF,RG,6325,5,D,DR,CS,F
9:36:31,INDF,RG,6325,15,D,DR,CS,F
9:36:31,INDF,RG,6325,10,D,YP,CS,F
9:36:31,INDF,RG,6325,60,D,YP,CS,F
9:36:31,INDF,RG,6325,50,D,YP,CS,F
9:36:31,INDF,RG,6325,14,D,YP,CS,F
9:36:31,INDF,RG,6325,5,D,KK,CS,F
9:36:31,INDF,RG,6325,4,D,XC,CS,F
9:36:31,INDF,RG,6325,8,D,CC,CS,F
9:36:31,INDF,RG,6325,5,D,YP,CS,F
9:36:31,INDF,RG,6325,100,D,NI,CS,F
9:36:31,INDF,RG,6325,2,D,YP,CS,F
9:36:31,INDF,RG,6325,1,D,PD,CS,F
9:36:31,INDF,RG,6325,10,D,CC,CS,F
9:36:31,INDF,RG,6325,7,F,CC,CS,F
9:36:31,INDF,RG,6325,7,F,AK,CS,F
9:36:31,INDF,RG,6325,5,F,AK,CS,F
9:36:31,INDF,RG,6325,8,D,YB,CS,F
9:36:31,INDF,RG,6325,643,D,XC,CS,F
9:36:31,INDF,RG,6325,1,D,XC,CS,F
9:36:31,INDF,RG,6325,5,D,YP,CS,F
9:36:31,INDF,RG,6325,5,D,GR,CS,F
9:36:31,INDF,RG,6325,4,D,XC,CS,F
9:36:31,INDF,RG,6325,10,D,SQ,CS,F
9:36:31,INDF,RG,6325,2,D,PD,CS,F
9:36:31,INDF,RG,6325,1,D,PD,CS,F
9:36:31,INDF,RG,6325,1,D,XC,CS,F
9:36:31,INDF,RG,6325,5,D,IP,CS,F
9:36:31,INDF,RG,6325,24,F,ZP,CS,F
9:36:31,INDF,RG,6325,10,D,DR,CS,F
9:36:31,INDF,RG,6325,24,F,ZP,CS,F
9:36:31,INDF,RG,6325,1,D,PD,CS,F
9:36:31,INDF,RG,6325,146,F,CC,CS,F
9:36:31,INDF,RG,6325,386,D,MG,CS,F
9:36:29,INDF,RG,6325,3,D,MG,YU,F
9:36:28,INDF,RG,6350,12,D,CC,YJ,D
9:36:15,INDF,RG,6325,4,D,MG,YU,F
9:36:14,INDF,RG,6350,1,D,PD,YJ,D
9:36:14,INDF,RG,6325,16,D,MG,PD,D
9:36:04,INDF,RG,6325,1,D,MG,YU,F
9:36:02,INDF,RG,6350,4,D,EP,YJ,D
9:35:53,INDF,RG,6325,1,D,MG,DH,D
9:35:52,INDF,RG,6325,5,D,MG,YU,F
9:35:50,INDF,RG,6350,24,F,ZP,YJ,D
9:35:40,INDF,RG,6325,3,D,MG,YU,F
9:35:38,INDF,RG,6350,10,D,NI,YJ,D
9:35:19,INDF,RG,6325,2,D,MG,XC,D
9:35:18,INDF,RG,6325,18,D,MG,YU,F
9:35:17,INDF,RG,6350,80,D,DR,YJ,D
9:35:12,INDF,RG,6325,5,D,MG,PD,D
9:35:08,INDF,RG,6325,34,D,MG,YU,F
9:35:07,INDF,RG,6325,134,D,MG,PD,D
9:34:36,INDF,RG,6325,18,D,MG,CC,D
9:34:35,INDF,RG,6325,17,D,MG,YU,F
9:34:34,INDF,RG,6325,47,D,MG,PP,D
9:33:57,INDF,RG,6325,30,D,MG,GR,D
9:33:34,INDF,RG,6325,11,D,MG,YU,F
9:33:32,INDF,RG,6350,50,D,SQ,YJ,D
9:33:31,INDF,RG,6325,14,D,MG,YU,F
9:33:30,INDF,RG,6350,40,D,YP,YJ,D
9:33:20,INDF,RG,6325,1,D,MG,XC,D
9:33:17,INDF,RG,6325,2,D,MG,YU,F
9:33:16,INDF,RG,6350,24,F,ZP,YJ,D
9:33:16,INDF,RG,6350,10,D,YP,YJ,D
9:33:09,INDF,RG,6325,2,D,MG,YU,F
9:33:08,INDF,RG,6350,5,D,DR,YJ,D
9:33:01,INDF,RG,6350,1,D,XC,YJ,D
9:32:59,INDF,RG,6350,1,D,PD,YJ,D
9:32:49,INDF,RG,6325,11,D,MG,YU,F
9:32:48,INDF,RG,6325,1,D,MG,YU,F
9:32:48,INDF,RG,6350,1,D,PD,YJ,D
9:32:47,INDF,RG,6350,6,D,SQ,YJ,D
9:32:47,INDF,RG,6350,44,D,SQ,CP,D
9:32:47,INDF,RG,6350,4,D,YP,CP,D
9:32:47,INDF,RG,6325,11,D,MG,YU,F
9:32:46,INDF,RG,6350,1,D,YB,CP,D
9:32:45,INDF,RG,6325,50,D,MG,NI,D
9:32:34,INDF,RG,6325,31,D,MG,YU,F
9:32:34,INDF,RG,6325,112,D,MG,CC,D
9:32:34,INDF,RG,6325,10,D,MG,AT,D
9:32:34,INDF,RG,6325,20,D,MG,BK,F
9:32:34,INDF,RG,6325,1,D,XC,BK,F
9:32:33,INDF,RG,6325,3,D,YP,BK,F
9:32:32,INDF,RG,6325,5,D,YP,BK,F
9:32:32,INDF,RG,6325,100,D,AZ,BK,F
9:32:32,INDF,RG,6325,30,D,PD,BK,F
9:32:31,INDF,RG,6325,8,D,YP,BK,F
9:32:30,INDF,RG,6325,50,D,FS,BK,F
9:32:29,INDF,RG,6325,5,D,PD,BK,F
9:32:29,INDF,RG,6325,5,D,PD,BK,F
9:32:28,INDF,RG,6325,30,D,CC,BK,F
9:32:28,INDF,RG,6325,26,D,SQ,BK,F
9:32:28,INDF,RG,6325,24,D,SQ,YP,D
9:32:28,INDF,RG,6325,76,D,DR,YP,D
9:32:28,INDF,RG,6325,3,D,DR,OD,D
9:32:27,INDF,RG,6325,5,D,DR,OD,D
9:32:27,INDF,RG,6325,50,D,SQ,OD,D
9:32:27,INDF,RG,6325,42,D,YP,OD,D
9:32:27,INDF,RG,6325,19,D,YP,YP,D
9:32:27,INDF,RG,6325,20,D,XC,YP,D
9:32:27,INDF,RG,6325,1,D,YU,YP,D
9:32:27,INDF,RG,6325,40,D,CC,YP,D
9:32:27,INDF,RG,6325,60,D,CC,CC,D
9:32:26,INDF,RG,6325,15,D,CP,CC,D
9:32:26,INDF,RG,6325,5,D,CP,ZP,F
9:32:26,INDF,RG,6325,180,D,CP,YU,F
9:32:25,INDF,RG,6325,3,D,YP,YU,F
9:32:25,INDF,RG,6325,379,D,YU,YU,F
9:32:25,INDF,RG,6325,161,D,YP,YU,F
9:32:24,INDF,RG,6325,20,D,LG,YU,F
9:32:22,INDF,RG,6325,1,D,DR,YU,F
9:32:21,INDF,RG,6325,3,D,PD,YU,F
9:32:21,INDF,RG,6300,2,D,SQ,YU,F
9:32:20,INDF,RG,6300,3,D,SQ,YU,F
9:32:20,INDF,RG,6325,10,D,YP,YU,F
9:32:19,INDF,RG,6300,2,D,SQ,YU,F
9:32:18,INDF,RG,6325,10,D,YP,YU,F
9:32:18,INDF,RG,6325,1,D,SQ,YU,F
9:32:18,INDF,RG,6325,10,D,CC,YU,F
9:32:16,INDF,RG,6325,1,D,YP,YU,F
9:32:16,INDF,RG,6325,2,D,DR,YU,F
9:32:15,INDF,RG,6325,5,D,PD,YU,F
9:32:14,INDF,RG,6325,5,D,YP,YU,F
9:32:14,INDF,RG,6325,5,D,PD,YU,F
9:32:13,INDF,RG,6300,25,D,SQ,BK,F
9:32:13,INDF,RG,6325,5,D,YP,YU,F
9:32:11,INDF,RG,6325,36,D,YP,YU,F
9:32:11,INDF,RG,6325,14,D,YP,YU,F
9:32:11,INDF,RG,6325,20,D,PD,YU,F
9:32:10,INDF,RG,6325,10,D,XC,YU,F
9:32:10,INDF,RG,6325,9,D,YP,YU,F
9:32:10,INDF,RG,6300,41,D,SQ,CC,D
9:32:10,INDF,RG,6300,72,D,YB,CC,D
9:32:09,INDF,RG,6325,5,D,YP,YU,F
9:32:08,INDF,RG,6325,28,D,PD,YU,F
9:32:08,INDF,RG,6325,1,D,PD,PD,D
9:32:08,INDF,RG,6325,71,D,PD,YU,F
9:32:06,INDF,RG,6325,4,D,YP,YU,F
9:32:01,INDF,RG,6325,2,D,SQ,YU,F
9:31:26,INDF,RG,6300,16,D,YB,BK,F
9:31:25,INDF,RG,6325,94,D,YU,YU,F
9:31:25,INDF,RG,6325,4,D,YU,ZP,F
9:31:25,INDF,RG,6325,213,D,YU,CS,F
9:31:24,INDF,RG,6325,383,D,YU,CS,F
9:31:23,INDF,RG,6325,20,D,PD,CS,F
9:31:08,INDF,RG,6300,50,D,YB,CC,D
9:31:03,INDF,RG,6300,160,D,YB,DH,D
9:30:51,INDF,RG,6300,30,D,YB,BK,F
9:30:46,INDF,RG,6300,72,D,YB,CC,D
9:30:46,INDF,RG,6300,2,D,PD,CC,D
9:30:46,INDF,RG,6300,26,D,FS,CC,D
9:30:24,INDF,RG,6300,1,D,FS,XL,D
9:29:30,INDF,RG,6300,14,D,FS,PD,D
9:29:18,INDF,RG,6325,10,D,CC,CS,F
9:29:01,INDF,RG,6325,5,D,XL,CS,F
9:29:00,INDF,RG,6300,59,D,FS,CC,D
9:29:00,INDF,RG,6300,61,D,SQ,CC,D
9:28:38,INDF,RG,6325,50,D,DH,CS,F
9:28:24,INDF,RG,6300,17,D,SQ,BK,F
9:27:56,INDF,RG,6300,17,D,SQ,BK,F
9:27:45,INDF,RG,6325,1,D,PD,CS,F
9:27:32,INDF,RG,6300,5,D,SQ,BK,F
9:27:32,INDF,RG,6300,1,D,OD,BK,F
9:27:32,INDF,RG,6300,11,D,YP,BK,F
9:27:07,INDF,RG,6300,16,D,YP,BK,F
9:27:04,INDF,RG,6325,2,D,PD,CS,F
9:27:04,INDF,RG,6325,10,D,KK,CS,F
9:27:04,INDF,RG,6325,1,D,SQ,CS,F
9:27:04,INDF,RG,6325,23,F,ZP,CS,F
9:27:04,INDF,RG,6325,200,D,YB,CS,F
9:27:04,INDF,RG,6325,400,D,YB,CS,F
9:27:04,INDF,RG,6325,300,D,SQ,CS,F
9:27:04,INDF,RG,6325,50,D,FS,CS,F
9:27:04,INDF,RG,6325,150,D,SQ,CS,F
9:27:04,INDF,RG,6325,20,F,AK,CS,F
9:27:04,INDF,RG,6325,8,F,AK,CS,F
9:27:04,INDF,RG,6325,22,F,ZP,CS,F
9:27:04,INDF,RG,6325,1132,D,YP,CS,F
9:26:58,INDF,RG,6350,1,D,PD,CP,D
9:26:25,INDF,RG,6350,23,F,ZP,BQ,D
9:26:25,INDF,RG,6325,2,D,YP,SQ,D
9:26:24,INDF,RG,6325,15,D,YP,XC,D
9:26:13,INDF,RG,6325,1,D,YP,DR,D
9:26:13,INDF,RG,6325,20,D,YP,KK,D
9:25:21,INDF,RG,6325,1,D,YP,CC,D
9:25:06,INDF,RG,6325,15,D,YP,YP,D
9:25:05,INDF,RG,6325,5,D,YP,PD,D
9:24:50,INDF,RG,6325,11,D,YP,YP,D
9:24:42,INDF,RG,6325,1160,D,YP,YU,F
9:24:41,INDF,RG,6325,15,D,YP,NI,D
9:24:41,INDF,RG,6325,5,D,YP,DH,D
9:24:41,INDF,RG,6325,15,D,YP,XC,D
9:24:41,INDF,RG,6325,124,D,YP,CC,D
9:24:41,INDF,RG,6325,16,D,YP,ZP,F
9:24:41,INDF,RG,6325,3,D,YP,XC,D
9:24:41,INDF,RG,6325,20,D,YP,PD,D
9:24:41,INDF,RG,6325,2,D,YP,ZP,F
9:24:41,INDF,RG,6325,540,D,YP,YP,D
9:24:41,INDF,RG,6325,25,D,YP,DX,D
9:24:41,INDF,RG,6325,110,D,YP,RG,D
9:24:41,INDF,RG,6325,7,D,YP,GR,D
9:24:41,INDF,RG,6325,268,D,YP,BK,F
9:24:41,INDF,RG,6325,35,D,YP,PD,D
9:24:41,INDF,RG,6325,100,D,YP,PC,D
9:24:41,INDF,RG,6325,147,D,YP,CC,D
9:24:41,INDF,RG,6325,206,D,YP,YU,F
9:24:41,INDF,RG,6325,1000,D,YP,CC,D
9:24:41,INDF,RG,6325,100,D,YP,PD,D
9:24:41,INDF,RG,6325,1,D,YP,YP,D
9:24:41,INDF,RG,6325,1,D,YP,ZP,F
9:24:41,INDF,RG,6325,816,D,YP,YU,F
9:24:41,INDF,RG,6325,500,D,YP,YP,D
9:24:41,INDF,RG,6325,10,D,YP,AT,D
9:24:41,INDF,RG,6325,25,D,YP,YP,D
9:24:41,INDF,RG,6325,200,D,YP,YP,D
9:24:41,INDF,RG,6325,50,D,YP,YP,D
9:24:41,INDF,RG,6325,100,D,YP,YP,D
9:24:41,INDF,RG,6325,197,D,YP,YP,D
9:24:40,INDF,RG,6325,103,D,MG,YP,D
9:24:40,INDF,RG,6325,397,D,MG,CC,D
9:23:26,INDF,RG,6325,103,D,MG,CC,D
9:23:26,INDF,RG,6325,200,D,MG,DH,D
9:23:26,INDF,RG,6325,50,D,MG,YP,D
9:23:26,INDF,RG,6325,4,D,MG,YP,D
9:23:26,INDF,RG,6325,200,D,MG,NI,D
9:23:26,INDF,RG,6325,3,D,MG,YP,D
9:23:26,INDF,RG,6325,4,D,MG,YP,D
9:23:26,INDF,RG,6325,250,D,MG,YP,D
9:23:26,INDF,RG,6325,10,D,MG,CC,D
9:23:26,INDF,RG,6325,2,D,MG,YP,D
9:23:26,INDF,RG,6325,2,D,MG,LG,D
9:23:26,INDF,RG,6325,5,D,MG,PD,D
9:23:26,INDF,RG,6325,100,D,MG,DH,D
9:23:26,INDF,RG,6325,32,D,MG,PD,D
9:23:26,INDF,RG,6325,10,D,MG,PD,D
9:23:26,INDF,RG,6325,1,D,MG,XC,D
9:23:26,INDF,RG,6325,7,D,MG,AT,D
9:23:26,INDF,RG,6325,10,D,MG,AO,D
9:23:26,INDF,RG,6325,1,D,MG,XA,D
9:23:26,INDF,RG,6325,3,D,MG,XC,D
9:23:26,INDF,RG,6325,3,D,MG,EP,D
9:23:12,INDF,RG,6300,250,D,YP,CC,D
9:23:12,INDF,RG,6300,22,D,YP,BK,F
9:23:12,INDF,RG,6300,1,D,YP,CC,D
9:23:07,INDF,RG,6300,2,D,ZP,CC,D
9:23:07,INDF,RG,6300,2,D,CC,CC,D
9:23:05,INDF,RG,6300,45,D,TP,CC,D
9:22:58,INDF,RG,6300,50,D,SQ,CC,D
9:22:55,INDF,RG,6300,5,D,SQ,CC,D
9:22:55,INDF,RG,6300,270,D,PD,CC,D
9:22:55,INDF,RG,6300,29,D,PD,YU,F
9:22:54,INDF,RG,6300,8,D,SQ,YU,F
9:22:54,INDF,RG,6300,142,D,SQ,CC,D
9:22:53,INDF,RG,6300,5,D,CC,CC,D
9:22:49,INDF,RG,6300,100,D,CC,CC,D
9:22:49,INDF,RG,6300,19,F,ZP,CC,D
9:22:49,INDF,RG,6300,109,D,SQ,CC,D
9:22:46,INDF,RG,6300,8,D,SQ,ZP,F
9:22:46,INDF,RG,6300,113,D,SQ,BK,F
9:22:46,INDF,RG,6300,270,D,SQ,YU,F
9:22:40,INDF,RG,6300,700,D,SQ,YU,F
9:22:38,INDF,RG,6275,3,F,ZP,YU,F
9:22:38,INDF,RG,6275,2,D,YP,YU,F
9:22:38,INDF,RG,6275,3,D,PD,YU,F
9:22:37,INDF,RG,6300,5,D,NI,YU,F
9:22:31,INDF,RG,6275,5,D,PD,YU,F
9:22:31,INDF,RG,6275,1,D,YP,YU,F
9:22:31,INDF,RG,6275,88,F,BK,YU,F
9:22:31,INDF,RG,6275,20,D,PD,YU,F
9:22:31,INDF,RG,6275,15,D,SQ,YU,F
9:22:31,INDF,RG,6275,5,D,CC,YU,F
9:22:31,INDF,RG,6275,4,D,XC,YU,F
9:22:31,INDF,RG,6275,56,D,NI,YU,F
9:22:31,INDF,RG,6275,150,D,SQ,YU,F
9:22:31,INDF,RG,6275,1,D,PD,YU,F
9:22:31,INDF,RG,6275,10,D,XC,YU,F
9:22:31,INDF,RG,6275,2,D,DH,YU,F
9:22:31,INDF,RG,6275,5,F,AK,YU,F
9:22:31,INDF,RG,6275,24,F,ZP,YU,F
9:22:31,INDF,RG,6275,300,D,AI,YU,F
9:22:31,INDF,RG,6275,200,D,SQ,YU,F
9:22:31,INDF,RG,6275,10,D,DR,YU,F
9:22:31,INDF,RG,6275,5,D,NI,YU,F
9:22:31,INDF,RG,6275,25,F,CC,YU,F
9:22:31,INDF,RG,6300,25,D,PD,YU,F
9:22:31,INDF,RG,6300,25,D,PD,ZP,F
9:22:30,INDF,RG,6300,4000,F,SH,BQ,F
9:22:25,INDF,RG,6300,52,F,AK,ZP,F
9:22:25,INDF,RG,6300,1,F,AK,XC,D
9:22:25,INDF,RG,6300,6,F,AK,XC,D
9:22:25,INDF,RG,6300,50,F,AK,YP,D
9:22:25,INDF,RG,6300,5,F,AK,GR,D
9:22:25,INDF,RG,6300,7,F,AK,SQ,D
9:22:25,INDF,RG,6300,1,F,AK,PD,D
9:22:25,INDF,RG,6300,3,F,AK,CC,D
9:22:25,INDF,RG,6300,1,F,AK,XC,D
9:22:25,INDF,RG,6300,33,F,AK,YU,F
9:22:25,INDF,RG,6300,9,F,AK,DH,D
9:22:25,INDF,RG,6300,2,F,AK,KK,D
9:22:25,INDF,RG,6300,128,F,AK,BK,F
9:22:25,INDF,RG,6300,1,F,AK,PD,D
9:22:25,INDF,RG,6300,1,F,AK,XC,D
9:22:25,INDF,RG,6300,102,F,AK,YU,F
9:22:25,INDF,RG,6300,500,F,AK,CC,D
9:22:25,INDF,RG,6300,124,F,AK,YU,F
9:22:25,INDF,RG,6300,306,F,AK,CC,D
9:22:24,INDF,RG,6300,16,D,YP,CC,D
9:22:23,INDF,RG,6300,177,D,CC,CC,D
9:22:23,INDF,RG,6300,200,D,CC,YP,D
9:22:23,INDF,RG,6300,51,D,CC,YU,F
9:22:23,INDF,RG,6300,5,D,CC,CC,F
9:22:23,INDF,RG,6300,67,D,CC,CC,D
9:22:02,INDF,RG,6300,8,D,PD,CC,D
9:22:02,INDF,RG,6300,9,D,PD,ZP,F
9:22:02,INDF,RG,6300,1,D,PD,ZP,F
9:22:02,INDF,RG,6300,32,D,PD,CC,D
9:21:53,INDF,RG,6300,8,D,XL,CC,D
9:21:52,INDF,RG,6300,23,F,ZP,CC,D
9:21:45,INDF,RG,6300,5,D,CC,CC,D
9:21:39,INDF,RG,6300,1,D,PD,CC,D
9:21:26,INDF,RG,6300,5,D,PD,CC,D
9:21:19,INDF,RG,6275,1,F,CC,NI,D
9:21:19,INDF,RG,6275,9,D,XL,NI,D
9:20:27,INDF,RG,6275,23,D,XL,CC,D
9:20:26,INDF,RG,6300,1,D,NI,YP,D
9:20:10,INDF,RG,6300,5,D,PD,YP,D
9:19:57,INDF,RG,6300,10,D,PD,YP,D
9:19:18,INDF,RG,6300,24,F,ZP,YP,D
9:19:06,INDF,RG,6300,2,D,YP,YP,D
9:18:59,INDF,RG,6300,25,D,AZ,YP,D
9:18:59,INDF,RG,6300,11,D,AZ,YP,D
9:18:02,INDF,RG,6300,1,D,SQ,YP,D
9:18:00,INDF,RG,6275,1,D,YP,PD,D
9:18:00,INDF,RG,6275,1,D,NI,PD,D
9:18:00,INDF,RG,6300,1,D,PD,YP,D
9:17:52,INDF,RG,6300,10,D,XC,YP,D
9:17:50,INDF,RG,6300,1,D,PD,YP,D
9:17:47,INDF,RG,6275,1,D,NI,NI,D
9:17:39,INDF,RG,6300,1,D,YU,YP,D
9:17:32,INDF,RG,6300,5,D,DH,YP,D
9:17:25,INDF,RG,6300,23,F,ZP,YP,D
9:17:18,INDF,RG,6300,25,D,CC,YP,D
9:17:13,INDF,RG,6275,1,D,NI,NI,D
9:16:51,INDF,RG,6300,3,D,NI,YP,D
9:16:40,INDF,RG,6300,11,D,YP,YP,D
9:16:40,INDF,RG,6300,189,D,YP,YU,F
9:15:16,INDF,RG,6300,4,F,ZP,YU,F
9:15:16,INDF,RG,6300,18,F,ZP,CC,D
9:15:03,INDF,RG,6275,5,D,NI,YU,F
9:15:03,INDF,RG,6275,10,D,YP,YU,F
9:15:03,INDF,RG,6275,23,D,PD,YU,F
9:15:02,INDF,RG,6300,150,D,PD,CC,D
9:14:17,INDF,RG,6275,2,D,PD,YU,F
9:14:16,INDF,RG,6300,10,D,YP,CC,D
9:13:48,INDF,RG,6275,3,D,CC,YU,F
9:13:47,INDF,RG,6300,10,D,YP,CC,D
9:13:36,INDF,RG,6275,1,D,CC,YU,F
9:13:35,INDF,RG,6300,3,D,YP,CC,D
9:13:17,INDF,RG,6300,1,D,XL,CC,D
9:12:52,INDF,RG,6275,5,D,CC,YU,F
9:12:51,INDF,RG,6300,22,F,ZP,CC,D
9:11:27,INDF,RG,6275,1,D,CC,YU,F
9:11:27,INDF,RG,6275,1,D,PD,YU,F
9:11:27,INDF,RG,6275,7,D,EP,YU,F
9:11:26,INDF,RG,6300,10,D,YB,CC,D
9:11:26,INDF,RG,6300,22,F,ZP,CC,D
9:11:17,INDF,RG,6275,1,D,EP,YU,F
9:11:17,INDF,RG,6275,10,D,OD,YU,F
9:11:17,INDF,RG,6275,3,D,NI,YU,F
9:11:17,INDF,RG,6275,8,D,CC,YU,F
9:11:17,INDF,RG,6275,1,D,CC,YU,F
9:11:17,INDF,RG,6275,5,F,AK,YU,F
9:11:17,INDF,RG,6275,2,D,PD,YU,F
9:11:17,INDF,RG,6275,10,D,PD,YU,F
9:11:17,INDF,RG,6275,5,D,PD,YU,F
9:11:17,INDF,RG,6275,10,D,DR,YU,F
9:11:17,INDF,RG,6275,3,D,YP,YU,F
9:11:17,INDF,RG,6275,1,D,NI,YU,F
9:11:17,INDF,RG,6275,3,D,EP,YU,F
9:11:17,INDF,RG,6300,3,D,PD,CC,D
9:11:16,INDF,RG,6300,20,D,YP,CC,D
9:11:07,INDF,RG,6275,1,D,EP,YU,D
9:11:07,INDF,RG,6275,10,D,XC,YU,D
9:11:07,INDF,RG,6275,2,D,SQ,YU,D
9:11:07,INDF,RG,6275,170,D,SQ,YU,D
9:11:07,INDF,RG,6275,36,D,SQ,YU,D
9:10:39,INDF,RG,6275,7,D,SQ,XC,D
9:09:44,INDF,RG,6275,9,D,SQ,YU,F
9:09:43,INDF,RG,6275,37,D,SQ,CC,D
9:09:41,INDF,RG,6275,20,D,SQ,YU,F
9:09:40,INDF,RG,6275,80,D,SQ,PD,D
9:09:25,INDF,RG,6275,2,D,SQ,YU,F
9:09:23,INDF,RG,6275,9,D,SQ,YP,D
9:09:20,INDF,RG,6275,2,F,ZP,YU,F
9:09:19,INDF,RG,6300,4,D,XC,CC,D
9:08:49,INDF,RG,6300,2,D,XC,CC,D
9:08:48,INDF,RG,6275,4,F,ZP,YU,F
9:08:47,INDF,RG,6275,9,F,ZP,YU,F
9:08:46,INDF,RG,6300,17,F,ZP,CC,D
9:08:45,INDF,RG,6275,9,F,ZP,CC,D
9:08:45,INDF,RG,6275,5,D,XC,CC,D
9:08:45,INDF,RG,6275,23,D,DR,CC,D
9:07:52,INDF,RG,6275,6,F,BK,YU,F
9:07:51,INDF,RG,6300,24,F,ZP,CC,D
9:07:09,INDF,RG,6275,15,F,BK,YU,F
9:07:09,INDF,RG,6300,1,D,CC,CC,D
9:06:56,INDF,RG,6275,2,F,BK,PD,D
9:06:42,INDF,RG,6275,55,F,BK,YP,D
9:06:21,INDF,RG,6275,1,F,BK,YU,F
9:06:20,INDF,RG,6300,3,D,PD,CC,D
9:06:12,INDF,RG,6275,1,F,BK,PC,D
9:05:47,INDF,RG,6275,2,F,BK,YU,F
9:05:47,INDF,RG,6275,13,D,SQ,YU,F
9:05:47,INDF,RG,6300,1,D,XC,CC,D
9:05:32,INDF,RG,6275,17,D,SQ,ZP,D
9:05:32,INDF,RG,6275,4,D,SQ,ZP,D
9:05:32,INDF,RG,6275,5,D,CC,ZP,D
9:05:32,INDF,RG,6275,14,F,ZP,ZP,D
9:05:14,INDF,RG,6275,7,F,ZP,YU,F
9:05:14,INDF,RG,6300,19,F,ZP,CC,D
9:05:13,INDF,RG,6300,23,F,ZP,CC,D
9:05:05,INDF,RG,6275,2,F,ZP,NI,D
9:05:05,INDF,RG,6275,6,D,KK,NI,D
9:04:27,INDF,RG,6275,6,D,KK,YU,F
9:04:26,INDF,RG,6300,22,F,ZP,CC,D
9:03:27,INDF,RG,6275,6,D,KK,YU,F
9:03:25,INDF,RG,6300,24,F,ZP,CC,D
9:02:10,INDF,RG,6275,1,D,KK,YU,F
9:02:09,INDF,RG,6300,3,D,KK,CC,D
9:02:08,INDF,RG,6275,4,D,KK,YU,F
9:02:07,INDF,RG,6275,16,D,KK,PD,D
9:02:02,INDF,RG,6275,10,D,KK,YU,F
9:02:00,INDF,RG,6300,19,F,ZP,CC,D
9:02:00,INDF,RG,6300,21,F,ZP,CC,D
9:02:00,INDF,RG,6275,4,D,KK,YU,F
9:01:59,INDF,RG,6275,82,D,KK,YU,F
9:01:58,INDF,RG,6300,19,F,ZP,CC,D
9:01:58,INDF,RG,6300,30,D,XC,CC,D
9:01:58,INDF,RG,6300,238,D,XC,YP,D
9:01:58,INDF,RG,6300,2,D,XC,YP,D
9:01:58,INDF,RG,6300,10,D,XC,CC,D
9:01:58,INDF,RG,6300,7,D,XC,EP,D
9:01:58,INDF,RG,6300,80,D,XC,DR,D
9:01:58,INDF,RG,6300,2,D,XC,XC,D
9:01:58,INDF,RG,6300,1,D,XC,XA,D
9:01:58,INDF,RG,6300,22,D,XC,YB,D
9:01:46,INDF,RG,6300,55,D,YP,YB,D
9:01:29,INDF,RG,6300,19,F,ZP,YB,D
9:01:29,INDF,RG,6275,33,D,KK,YU,F
9:01:29,INDF,RG,6275,8,D,KK,YU,F
9:01:29,INDF,RG,6275,66,D,KK,BK,F
9:01:29,INDF,RG,6275,24,D,KK,YU,F
9:01:29,INDF,RG,6275,5,D,KK,ZP,F
9:01:29,INDF,RG,6275,29,D,KK,CC,D
9:01:28,INDF,RG,6275,21,D,XC,CC,D
9:01:26,INDF,RG,6250,1,D,XA,YU,F
9:01:26,INDF,RG,6250,4,D,XC,YU,F
9:01:26,INDF,RG,6250,1,D,DX,YU,F
9:01:26,INDF,RG,6250,7,D,XC,YU,F
9:01:26,INDF,RG,6250,1,D,KK,YU,F
9:01:26,INDF,RG,6250,1,D,XC,YU,F
9:01:25,INDF,RG,6275,20,F,ZP,CC,D
9:01:24,INDF,RG,6275,20,F,ZP,CC,D
9:01:22,INDF,RG,6250,3,D,XC,YU,F
9:01:22,INDF,RG,6250,64,D,YU,YU,F
9:01:21,INDF,RG,6275,20,F,ZP,CC,D
9:01:21,INDF,RG,6275,25,D,AZ,CC,D
9:01:21,INDF,RG,6275,11,D,AZ,CC,D
9:01:20,INDF,RG,6275,100,D,YP,CC,D
9:01:20,INDF,RG,6275,2,D,DR,CC,D
9:01:20,INDF,RG,6275,17,D,DR,CC,D
9:01:20,INDF,RG,6275,1,D,NI,CC,D
9:01:20,INDF,RG,6275,20,D,CC,CC,D
9:01:20,INDF,RG,6275,2,D,PD,CC,D
9:01:20,INDF,RG,6275,2,D,DR,CC,D
9:01:20,INDF,RG,6275,2,D,DR,CC,D
9:01:20,INDF,RG,6275,24,F,ZP,CC,D
9:01:20,INDF,RG,6275,10,D,HD,CC,D
9:01:20,INDF,RG,6275,10,D,CC,CC,D
9:01:20,INDF,RG,6275,150,D,SQ,CC,D
9:01:20,INDF,RG,6275,15,F,ZP,CC,D
9:01:13,INDF,RG,6300,21,F,ZP,YB,D
9:01:13,INDF,RG,6275,9,F,ZP,YP,D
9:01:13,INDF,RG,6275,1,D,PD,YP,D
9:01:13,INDF,RG,6275,2,D,XC,YP,D
9:01:13,INDF,RG,6275,2,D,PD,YP,D
9:01:13,INDF,RG,6275,1,D,PD,YP,D
9:01:13,INDF,RG,6275,1,D,XC,YP,D
9:01:13,INDF,RG,6300,100,D,YP,YB,D
9:00:50,INDF,RG,6300,19,F,ZP,YB,D
9:00:46,INDF,RG,6300,19,F,ZP,YB,D
9:00:34,INDF,RG,6275,1,F,YU,YU,F
9:00:32,INDF,RG,6300,2,D,CC,YB,D
9:00:28,INDF,RG,6275,1,F,YU,YU,F
9:00:27,INDF,RG,6275,5,F,YU,YU,F
9:00:25,INDF,RG,6275,19,F,YU,YU,F
9:00:23,INDF,RG,6275,5,F,YU,YU,F
9:00:23,INDF,RG,6275,72,F,YU,YU,F
9:00:22,INDF,RG,6275,1,F,YU,ZP,F
9:00:22,INDF,RG,6275,1,F,YU,ZP,F
9:00:22,INDF,RG,6300,19,F,ZP,YB,D
9:00:22,INDF,RG,6275,39,F,YU,YU,F
9:00:22,INDF,RG,6275,5,F,YU,YU,F
9:00:21,INDF,RG,6275,91,F,YU,NI,D
9:00:21,INDF,RG,6275,25,D,YP,NI,D
9:00:21,INDF,RG,6275,129,D,DR,NI,D
9:00:20,INDF,RG,6275,30,D,DR,YU,F
9:00:20,INDF,RG,6275,10,D,DR,YU,F
9:00:20,INDF,RG,6275,100,D,GR,YU,F
9:00:20,INDF,RG,6275,10,D,PD,YU,F
9:00:20,INDF,RG,6275,3,D,AZ,YU,F
9:00:18,INDF,RG,6300,4,D,XC,YB,D
9:00:15,INDF,RG,6300,19,F,AK,YB,D
9:00:11,INDF,RG,6300,1,D,XC,YB,D
8:55:00,INDF,RG,6275,1,D,AZ,NI,D
8:55:00,INDF,RG,6275,1,D,XC,NI,D
8:55:00,INDF,RG,6275,1,D,SQ,NI,D
8:55:00,INDF,RG,6275,13,D,GR,NI,D
8:55:00,INDF,RG,6275,5,D,GR,YB,D
8:55:00,INDF,RG,6275,5,D,YP,YB,D
8:55:00,INDF,RG,6275,1,D,YP,YB,D
8:55:00,INDF,RG,6275,1,D,YP,YB,D
8:55:00,INDF,RG,6275,5,D,YP,YB,D
8:55:00,INDF,RG,6275,83,D,YP,YB,D
8:55:00,INDF,RG,6275,4,D,YP,YP,D
8:55:00,INDF,RG,6275,2,D,YP,SQ,D
8:55:00,INDF,RG,6275,3,D,YP,PD,D
8:55:00,INDF,RG,6275,2,D,YP,PD,D
8:55:00,INDF,RG,6275,15,D,YP,XL,D
8:55:00,INDF,RG,6275,8,D,YP,PD,D
8:55:00,INDF,RG,6275,2,D,YP,YU,D
8:55:00,INDF,RG,6275,81,D,YP,YB,D
8:55:00,INDF,RG,6275,5,D,CC,YB,D
8:55:00,INDF,RG,6275,5,D,CC,YB,D
8:55:00,INDF,RG,6275,13,D,YP,YB,D
8:55:00,INDF,RG,6275,5,D,CC,YB,D
8:55:00,INDF,RG,6275,1,D,AT,YB,D
8:55:00,INDF,RG,6275,10,D,CC,YB,D
8:55:00,INDF,RG,6275,20,D,CC,YB,D
8:55:00,INDF,RG,6275,15,D,CC,YB,D
8:55:00,INDF,RG,6275,4,D,PD,YB,D
8:55:00,INDF,RG,6275,5,D,PD,YB,D
8:55:00,INDF,RG,6275,1,D,PD,YB,D
8:55:00,INDF,RG,6275,5,D,YP,YB,D
8:55:00,INDF,RG,6275,10,D,CC,YB,D
8:55:00,INDF,RG,6275,6,D,CC,YB,D
8:55:00,INDF,RG,6275,1,D,XC,YB,D
8:55:00,INDF,RG,6275,1,D,PD,YB,D
8:55:00,INDF,RG,6275,12,D,PD,YB,D
8:55:00,INDF,RG,6275,10,D,PD,YB,D
8:55:00,INDF,RG,6275,14,D,YP,YB,D
8:55:00,INDF,RG,6275,52,D,OD,YB,D
8:55:00,INDF,RG,6275,16,D,PD,YB,D
8:55:00,INDF,RG,6275,2,D,SQ,YB,D
8:55:00,INDF,RG,6275,20,D,SQ,YB,D
8:55:00,INDF,RG,6275,1,D,PD,YB,D
8:55:00,INDF,RG,6275,1,D,PD,YB,D
8:55:00,INDF,RG,6275,1,D,PD,YB,D
8:55:00,INDF,RG,6275,1,D,PD,YB,D
8:55:00,INDF,RG,6275,50,D,SQ,YB,D
8:55:00,INDF,RG,6275,1,D,KK,YB,D
8:55:00,INDF,RG,6275,1,D,XC,YB,D
8:55:00,INDF,RG,6275,1,D,KK,YB,D
8:55:00,INDF,RG,6275,5,D,PD,YB,D
8:55:00,INDF,RG,6275,24,D,PD,YB,D
8:55:00,INDF,RG,6275,1,D,PD,YB,D
8:55:00,INDF,RG,6275,154,D,SQ,YB,D
8:55:00,INDF,RG,6275,8,D,DR,YB,D
8:55:00,INDF,RG,6275,1,D,XC,YB,D
8:55:00,INDF,RG,6275,2,D,YJ,YB,D
8:55:00,INDF,RG,6275,1,D,PD,YB,D
8:55:00,INDF,RG,6275,1,D,XC,YB,D
8:55:00,INDF,RG,6275,2,D,PD,YB,D
8:55:00,INDF,RG,6275,1,D,PD,YB,D
8:55:00,INDF,RG,6275,1,D,XL,YB,D
8:55:00,INDF,RG,6275,28,D,SQ,YB,D
8:55:00,INDF,RG,6275,45,D,SQ,YB,D
8:55:00,INDF,RG,6275,25,D,XC,YB,D
8:55:00,INDF,RG,6275,1,D,PD,YB,D
8:55:00,INDF,RG,6275,5,D,LG,YB,D
8:55:00,INDF,RG,6275,50,D,DR,YB,D
8:55:00,INDF,RG,6275,5,D,XC,YB,D
8:55:00,INDF,RG,6275,1,D,GR,YB,D
8:55:00,INDF,RG,6275,1,D,XC,YB,D
8:55:00,INDF,RG,6275,16,D,DR,YB,D
8:55:00,INDF,RG,6275,8,D,YB,YB,D
8:55:00,INDF,RG,6275,2,D,XC,YB,D
8:55:00,INDF,RG,6275,5,D,KK,YB,D
8:55:00,INDF,RG,6275,2,D,EP,YB,D
8:55:00,INDF,RG,6275,16,D,DR,YB,D
8:55:00,INDF,RG,6275,1,D,KK,YB,D
8:55:00,INDF,RG,6275,1,D,XC,YB,D
8:55:00,INDF,RG,6275,16,D,KK,YB,D
8:55:00,INDF,RG,6275,5,D,KK,PD,D
8:55:00,INDF,RG,6275,3,D,KK,YU,F
8:55:00,INDF,RG,6275,3,D,XC,YU,F
8:55:00,INDF,RG,6275,63,D,LG,YU,F
8:55:00,INDF,RG,6275,1,D,SQ,YU,F
8:55:00,INDF,RG,6275,1,D,XL,YU,F
8:55:00,INDF,RG,6275,2,D,XL,YU,F
8:55:00,INDF,RG,6275,14,F,ZP,YU,F