Time,Stock,Brd,Price,Qty,BT,BC,SC,ST
15:05:45,INDF,RG,6800,3,D,OD,YP,D
15:05:39,INDF,RG,6800,28,D,YP,YP,D
15:05:39,INDF,RG,6800,7,D,YP,DH,D
15:05:28,INDF,RG,6800,2,D,PD,DH,D
15:01:40,INDF,RG,6800,10,D,XL,DH,D
15:00:00,INDF,RG,6800,581,F,CS,DH,D
15:00:00,INDF,RG,6800,50,F,CS,AG,D
15:00:00,INDF,RG,6800,5,F,CS,YP,D
15:00:00,INDF,RG,6800,20,F,CS,KK,D
15:00:00,INDF,RG,6800,1,F,CS,PD,D
15:00:00,INDF,RG,6800,29,F,CS,CC,D
15:00:00,INDF,RG,6800,97,F,CS,YB,D
15:00:00,INDF,RG,6800,3,F,CS,YP,D
15:00:00,INDF,RG,6800,2,D,TP,YP,D
15:00:00,INDF,RG,6800,40,F,AK,YP,D
15:00:00,INDF,RG,6800,1,F,AK,NI,D
15:00:00,INDF,RG,6800,1,F,AK,PD,D
15:00:00,INDF,RG,6800,50,F,AK,AT,D
15:00:00,INDF,RG,6800,2,F,AK,HP,D
15:00:00,INDF,RG,6800,100,F,AK,YB,D
15:00:00,INDF,RG,6800,880,F,AK,ZP,F
15:00:00,INDF,RG,6800,18,F,AK,KK,D
15:00:00,INDF,RG,6800,658,F,AK,YU,D
15:00:00,INDF,RG,6800,1,D,KK,YU,D
15:00:00,INDF,RG,6800,5,D,PD,YU,D
15:00:00,INDF,RG,6800,14,D,XC,YU,D
15:00:00,INDF,RG,6800,1,D,YP,YU,D
15:00:00,INDF,RG,6800,585,F,DX,YU,D
15:00:00,INDF,RG,6800,594,F,ZP,YU,D
15:00:00,INDF,RG,6800,425,F,ZP,ZP,F
15:00:00,INDF,RG,6800,133,F,ZP,ZP,F
15:00:00,INDF,RG,6800,146,F,ZP,ZP,F
15:00:00,INDF,RG,6800,41,F,ZP,ZP,F
15:00:00,INDF,RG,6800,401,F,AK,ZP,F
15:00:00,INDF,RG,6800,166,F,AK,KZ,D
15:00:00,INDF,RG,6800,195,F,AK,CS,F
15:00:00,INDF,RG,6800,287,F,ZP,CS,F
15:00:00,INDF,RG,6800,174,F,ZP,CS,F
15:00:00,INDF,RG,6800,54,F,ZP,YU,F
15:00:00,INDF,RG,6800,49,F,ZP,YU,F
15:00:00,INDF,RG,6800,64,F,ZP,YU,F
15:00:00,INDF,RG,6800,231,F,ZP,YU,F
15:00:00,INDF,RG,6800,342,F,ZP,RX,D
15:00:00,INDF,RG,6800,71,F,ZP,RX,D
15:00:00,INDF,RG,6800,162,F,ZP,BB,D
15:00:00,INDF,RG,6800,45,F,ZP,AK,F
15:00:00,INDF,RG,6800,32,F,ZP,ZP,F
15:00:00,INDF,RG,6800,768,F,ZP,PD,D
15:00:00,INDF,RG,6800,327,F,BK,PD,D
15:00:00,INDF,RG,6800,379,F,BK,PD,D
15:00:00,INDF,RG,6800,1765,F,BK,PD,D
15:00:00,INDF,RG,6800,3022,F,AK,PD,D
15:00:00,INDF,RG,6800,74,F,AK,PD,D
15:00:00,INDF,RG,6800,129,F,AK,AK,F
15:00:00,INDF,RG,6800,1,F,AK,AK,F
15:00:00,INDF,RG,6800,6,F,AK,AK,F
15:00:00,INDF,RG,6800,12,F,AK,AK,F
15:00:00,INDF,RG,6800,1,F,AK,AK,F
15:00:00,INDF,RG,6800,28,F,AK,AK,F
15:00:00,INDF,RG,6800,14,F,AK,AK,F
15:00:00,INDF,RG,6800,58,F,YU,AK,F
15:00:00,INDF,RG,6800,8,D,CC,AK,F
15:00:00,INDF,RG,6800,1,D,CC,AK,F
14:49:57,INDF,RG,6800,17,F,BK,CC,D
14:49:55,INDF,RG,6775,12,F,CS,YU,F
14:49:55,INDF,RG,6775,1,F,CC,YU,F
14:49:55,INDF,RG,6775,1,D,YP,YU,F
14:49:53,INDF,RG,6800,4,F,ZP,CC,D
14:49:53,INDF,RG,6800,100,F,ZP,CP,D
14:49:53,INDF,RG,6800,1,F,ZP,CC,D
14:49:52,INDF,RG,6800,49,F,ZP,CC,D
14:49:51,INDF,RG,6800,1,F,ZP,CC,D
14:49:49,INDF,RG,6800,4,F,BK,CC,D
14:49:45,INDF,RG,6800,1,F,AK,CC,D
14:49:45,INDF,RG,6800,1,F,AK,CC,D
14:49:45,INDF,RG,6800,11,F,BK,CC,D
14:49:45,INDF,RG,6800,25,F,DX,CC,D
14:49:41,INDF,RG,6800,12,F,BK,CC,D
14:49:40,INDF,RG,6775,4,F,ZP,CS,F
14:49:40,INDF,RG,6800,92,F,AK,CC,D
14:49:40,INDF,RG,6800,1,F,DX,CC,D
14:49:40,INDF,RG,6800,68,F,DX,CC,D
14:49:39,INDF,RG,6800,24,D,YP,CC,D
14:49:39,INDF,RG,6800,1,D,YP,PD,D
14:49:39,INDF,RG,6800,12,D,YP,CS,F
14:49:39,INDF,RG,6800,13,D,YP,AK,F
14:49:37,INDF,RG,6800,2,F,BK,AK,F
14:49:35,INDF,RG,6775,1,D,PD,CS,F
14:49:35,INDF,RG,6775,1,F,ZP,CS,F
14:49:35,INDF,RG,6775,4,F,ZP,CS,F
14:49:33,INDF,RG,6800,11,F,BK,AK,F
14:49:32,INDF,RG,6775,6,F,ZP,ZP,F
14:49:30,INDF,RG,6775,13,F,ZP,YU,F
14:49:30,INDF,RG,6775,20,F,ZP,CS,F
14:49:30,INDF,RG,6775,14,F,ZP,YU,F
14:49:30,INDF,RG,6800,1,F,CS,AK,F
14:49:30,INDF,RG,6800,3,F,YU,AK,F
14:49:30,INDF,RG,6800,10,F,YU,YP,D
14:49:30,INDF,RG,6800,19,F,YU,CC,D
14:49:30,INDF,RG,6775,9,F,ZP,ZP,F
14:49:29,INDF,RG,6775,5,F,ZP,CS,F
14:49:29,INDF,RG,6800,13,F,BK,CC,D
14:49:28,INDF,RG,6800,48,F,DX,CC,D
14:49:27,INDF,RG,6800,2,F,ZP,CC,D
14:49:27,INDF,RG,6800,2,F,DX,CC,D
14:49:25,INDF,RG,6800,1,F,DX,CC,D
14:49:25,INDF,RG,6800,10,F,DX,CC,D
14:49:25,INDF,RG,6800,60,F,BK,CC,D
14:49:25,INDF,RG,6775,6,F,ZP,CS,F
14:49:24,INDF,RG,6775,12,F,ZP,YU,F
14:49:20,INDF,RG,6800,13,F,BK,CC,D
14:49:18,INDF,RG,6800,1,F,CS,CC,D
14:49:18,INDF,RG,6775,5,F,ZP,CS,F
14:49:17,INDF,RG,6800,13,F,BK,CC,D
14:49:16,INDF,RG,6775,30,F,ZP,CS,F
14:49:14,INDF,RG,6775,15,F,ZP,ZP,F
14:49:14,INDF,RG,6775,4,F,ZP,ZP,F
14:49:14,INDF,RG,6800,25,F,BK,CC,D
14:49:13,INDF,RG,6775,11,F,ZP,CS,F
14:49:13,INDF,RG,6800,59,F,DX,CC,D
14:49:11,INDF,RG,6800,6,F,ZP,CC,D
14:49:11,INDF,RG,6800,7,F,DX,CC,D
14:49:11,INDF,RG,6800,1,F,CS,CC,D
14:49:09,INDF,RG,6800,30,D,YB,CC,D
14:49:08,INDF,RG,6800,5,D,BB,CC,D
14:49:06,INDF,RG,6800,1,D,BB,CC,D
14:49:04,INDF,RG,6800,12,F,BK,CC,D
14:49:02,INDF,RG,6775,6,F,ZP,CS,F
14:49:01,INDF,RG,6800,23,F,BK,CC,D
14:49:00,INDF,RG,6800,1,D,BB,CC,D
14:49:00,INDF,RG,6800,2,F,AK,CC,D
14:49:00,INDF,RG,6800,4,F,AK,CC,D
14:49:00,INDF,RG,6800,1,F,YU,CC,D
14:48:59,INDF,RG,6800,68,F,DX,CC,D
14:48:59,INDF,RG,6775,40,F,ZP,AK,F
14:48:59,INDF,RG,6775,11,F,ZP,AK,F
14:48:59,INDF,RG,6775,21,F,ZP,AK,F
14:48:59,INDF,RG,6775,6,F,ZP,AK,F
14:48:59,INDF,RG,6775,3,F,ZP,AK,F
14:48:59,INDF,RG,6775,3,F,ZP,AK,F
14:48:58,INDF,RG,6800,15,F,BK,CC,D
14:48:55,INDF,RG,6800,1,F,CS,CC,D
14:48:55,INDF,RG,6775,63,F,ZP,ZP,F
14:48:55,INDF,RG,6800,45,F,AK,CC,D
14:48:53,INDF,RG,6775,1,F,ZP,CS,F
14:48:53,INDF,RG,6775,13,F,ZP,CS,F
14:48:51,INDF,RG,6800,19,F,BK,CC,D
14:48:47,INDF,RG,6800,20,F,BK,CC,D
14:48:46,INDF,RG,6800,5,F,DX,CC,D
14:48:46,INDF,RG,6800,2,F,DX,CC,D
14:48:46,INDF,RG,6800,54,F,DX,CC,D
14:48:45,INDF,RG,6800,2,F,AK,CC,D
14:48:40,INDF,RG,6800,39,F,BK,CC,D
14:48:40,INDF,RG,6800,1,D,BB,CC,D
14:48:39,INDF,RG,6800,13,F,ZP,CC,D
14:48:39,INDF,RG,6800,1,F,CS,CC,D
14:48:39,INDF,RG,6800,56,F,ZP,CC,D
14:48:39,INDF,RG,6800,1,F,ZP,XC,D
14:48:39,INDF,RG,6800,1,F,ZP,PD,D
14:48:39,INDF,RG,6800,20,F,ZP,NI,D
14:48:39,INDF,RG,6800,46,F,ZP,CS,F
14:48:38,INDF,RG,6775,111,F,ZP,PD,D
14:48:38,INDF,RG,6775,50,D,CP,PD,D
14:48:32,INDF,RG,6775,12,D,CP,CS,F
14:48:31,INDF,RG,6800,1,D,BB,CS,F
14:48:31,INDF,RG,6800,39,F,AK,CS,F
14:48:30,INDF,RG,6800,1,F,AK,CS,F
14:48:30,INDF,RG,6800,2,F,AK,CS,F
14:48:24,INDF,RG,6800,21,F,BK,CS,F
14:48:22,INDF,RG,6800,3,F,ZP,CS,F
14:48:21,INDF,RG,6800,6,F,ZP,CS,F
14:48:21,INDF,RG,6800,16,F,ZP,GR,D
14:48:21,INDF,RG,6800,1,F,ZP,XC,D
14:48:21,INDF,RG,6800,5,F,ZP,DR,D
14:48:21,INDF,RG,6800,20,F,ZP,XC,D
14:48:21,INDF,RG,6800,2,F,ZP,KK,D
14:48:21,INDF,RG,6800,102,F,ZP,AK,F
14:48:21,INDF,RG,6800,22,F,ZP,ZP,F
14:48:21,INDF,RG,6800,1,D,BB,ZP,F
14:48:15,INDF,RG,6800,1,F,AK,ZP,F
14:48:14,INDF,RG,6800,1,F,AK,ZP,F
14:48:13,INDF,RG,6775,13,D,CP,CS,F
14:48:10,INDF,RG,6800,2,F,CS,ZP,F
14:48:06,INDF,RG,6800,13,F,BK,ZP,F
14:48:04,INDF,RG,6800,6,D,BB,ZP,F
14:48:01,INDF,RG,6800,85,F,ZP,ZP,F
14:48:00,INDF,RG,6800,1,F,AK,ZP,F
14:48:00,INDF,RG,6800,2,F,AK,ZP,F
14:47:47,INDF,RG,6800,16,F,BK,ZP,F
14:47:44,INDF,RG,6800,58,F,ZP,ZP,F
14:47:30,INDF,RG,6800,32,F,BK,ZP,F
14:47:28,INDF,RG,6800,2,F,CS,ZP,F
14:47:27,INDF,RG,6800,65,F,ZP,ZP,F
14:47:27,INDF,RG,6775,212,D,CP,ZP,F
14:47:27,INDF,RG,6800,2,F,ZP,ZP,F
14:47:26,INDF,RG,6775,50,D,CP,YP,D
14:47:25,INDF,RG,6800,4,D,XL,ZP,F
14:47:21,INDF,RG,6800,50,F,AK,ZP,F
14:47:15,INDF,RG,6775,1,D,CP,PD,D
14:47:09,INDF,RG,6800,13,F,ZP,ZP,F
14:47:09,INDF,RG,6800,1,F,ZP,PD,D
14:47:09,INDF,RG,6800,10,F,ZP,EP,D
14:47:09,INDF,RG,6800,1,F,ZP,GR,D
14:47:09,INDF,RG,6800,2,F,ZP,CC,D
14:47:09,INDF,RG,6800,6,F,ZP,ZP,F
14:47:09,INDF,RG,6800,24,F,ZP,YP,D
14:47:09,INDF,RG,6800,4,F,ZP,XC,D
14:47:09,INDF,RG,6800,22,F,ZP,AK,F
14:47:04,INDF,RG,6800,2,F,BK,AK,F
14:47:04,INDF,RG,6800,20,F,BK,CS,F
14:47:00,INDF,RG,6800,2,F,AK,CS,F
14:47:00,INDF,RG,6800,4,F,AK,CS,F
14:47:00,INDF,RG,6800,8,F,YU,CS,F
14:47:00,INDF,RG,6800,3,F,YU,XC,D
14:47:00,INDF,RG,6800,2,F,YU,CC,D
14:47:00,INDF,RG,6800,2,F,YU,CS,F
14:46:51,INDF,RG,6800,2,D,BB,CS,F
14:46:48,INDF,RG,6800,3,F,CS,CS,F
14:46:46,INDF,RG,6800,8,F,ZP,CS,F
14:46:46,INDF,RG,6800,1,F,ZP,YP,D
14:46:46,INDF,RG,6800,59,F,ZP,CS,F
14:46:39,INDF,RG,6775,19,D,CP,CS,F
14:46:31,INDF,RG,6800,13,F,BK,CS,F
14:46:31,INDF,RG,6800,3,F,BK,NI,D
14:46:29,INDF,RG,6800,7,F,ZP,NI,D
14:46:29,INDF,RG,6800,79,F,ZP,YU,F
14:46:15,INDF,RG,6800,1,F,AK,YU,F
14:46:15,INDF,RG,6800,2,F,AK,YU,F
14:46:09,INDF,RG,6775,20,D,CP,CS,F
14:46:06,INDF,RG,6800,2,F,ZP,YU,F
14:46:06,INDF,RG,6800,60,F,ZP,AK,F
14:46:01,INDF,RG,6800,13,F,BK,AK,F
14:46:00,INDF,RG,6800,1,F,CS,AK,F
14:45:53,INDF,RG,6800,9,F,BK,AK,F
14:45:53,INDF,RG,6800,68,F,BK,AK,F
14:45:50,INDF,RG,6800,2,F,ZP,AK,F
14:45:50,INDF,RG,6800,3,F,CS,AK,F
14:45:49,INDF,RG,6800,40,F,AK,AK,F
14:45:49,INDF,RG,6800,25,F,AK,PD,D
14:45:49,INDF,RG,6800,8,F,AK,YU,F
14:45:49,INDF,RG,6800,11,F,AK,YU,F
14:45:49,INDF,RG,6800,11,F,AK,YU,F
14:45:49,INDF,RG,6800,27,F,AK,CS,F
14:45:49,INDF,RG,6800,14,F,AK,YU,F
14:45:49,INDF,RG,6800,9,F,AK,YU,F
14:45:49,INDF,RG,6800,10,F,AK,PD,D
14:45:49,INDF,RG,6800,50,F,AK,SQ,D
14:45:49,INDF,RG,6800,67,F,AK,CS,F
14:45:49,INDF,RG,6800,9,F,AK,YU,F
14:45:49,INDF,RG,6800,20,F,AK,YU,F
14:45:49,INDF,RG,6800,1,F,AK,PD,D
14:45:49,INDF,RG,6800,2,F,AK,KK,D
14:45:49,INDF,RG,6800,5,F,AK,PD,D
14:45:49,INDF,RG,6800,9,F,AK,YU,F
14:45:49,INDF,RG,6800,1,F,AK,PD,D
14:45:49,INDF,RG,6800,20,F,AK,YU,F
14:45:49,INDF,RG,6800,1,F,AK,XC,D
14:45:49,INDF,RG,6800,5,F,AK,IF,D
14:45:49,INDF,RG,6800,23,F,AK,YU,F
14:45:49,INDF,RG,6800,9,F,AK,YU,F
14:45:49,INDF,RG,6800,300,F,AK,SQ,D
14:45:49,INDF,RG,6800,10,F,AK,YU,F
14:45:49,INDF,RG,6800,213,F,AK,PD,D
14:45:49,INDF,RG,6800,75,F,ZP,PD,D
14:45:42,INDF,RG,6775,12,D,CP,YU,F
14:45:40,INDF,RG,6775,101,D,CP,CS,F
14:45:40,INDF,RG,6775,44,D,CP,CS,F
14:45:39,INDF,RG,6775,25,D,CP,CS,F
14:45:37,INDF,RG,6775,10,D,CP,YU,F
14:45:26,INDF,RG,6775,60,D,CP,CC,D
14:45:26,INDF,RG,6800,59,F,ZP,PD,D
14:45:26,INDF,RG,6800,9,F,ZP,PD,D
14:45:19,INDF,RG,6775,150,D,CP,ZP,F
14:45:16,INDF,RG,6800,2,F,ZP,PD,D
14:45:15,INDF,RG,6775,228,D,CP,AK,F
14:45:09,INDF,RG,6800,62,F,ZP,PD,D
14:45:08,INDF,RG,6800,1,F,CS,PD,D
14:44:59,INDF,RG,6775,25,D,CP,CS,F
14:44:57,INDF,RG,6800,3,F,CS,PD,D
14:44:51,INDF,RG,6800,20,F,ZP,PD,D
14:44:51,INDF,RG,6800,40,F,ZP,CS,F
14:44:50,INDF,RG,6775,3,D,CP,NI,D
14:44:36,INDF,RG,6775,13,D,CP,YU,F
14:44:34,INDF,RG,6800,31,F,ZP,CS,F
14:44:34,INDF,RG,6800,27,F,ZP,YU,F
14:44:34,INDF,RG,6800,4,F,ZP,CP,D
14:44:23,INDF,RG,6775,96,D,CP,AK,F
14:44:16,INDF,RG,6800,54,F,ZP,CP,D
14:44:09,INDF,RG,6775,31,D,CP,CS,F
14:43:59,INDF,RG,6800,42,F,ZP,CP,D
14:43:59,INDF,RG,6800,6,F,ZP,ZP,F
14:43:59,INDF,RG,6800,28,F,ZP,AK,F
14:43:52,INDF,RG,6775,1,D,CP,PD,D
14:43:39,INDF,RG,6800,38,F,ZP,AK,F
14:43:39,INDF,RG,6800,30,F,ZP,XA,D
14:43:12,INDF,RG,6800,2,D,BB,XA,D
14:43:08,INDF,RG,6775,30,D,CP,CS,F
14:43:01,INDF,RG,6800,3,F,ZP,XA,D
14:43:01,INDF,RG,6775,294,D,CP,PD,D
14:43:01,INDF,RG,6775,238,F,BK,PD,D
14:43:01,INDF,RG,6775,53,F,DX,PD,D
14:43:01,INDF,RG,6775,54,F,DX,PD,D
14:43:01,INDF,RG,6775,1,F,CC,PD,D
14:43:01,INDF,RG,6775,10,D,AI,PD,D
14:43:01,INDF,RG,6775,3,F,CS,PD,D
14:43:01,INDF,RG,6775,59,F,DX,PD,D
14:43:01,INDF,RG,6775,18,D,YP,PD,D
14:43:01,INDF,RG,6775,1,D,PD,PD,D
14:43:01,INDF,RG,6775,1,D,NI,PD,D
14:43:01,INDF,RG,6775,59,F,DX,PD,D
14:43:01,INDF,RG,6775,3,D,NI,PD,D
14:43:01,INDF,RG,6775,3,D,OD,PD,D
14:43:01,INDF,RG,6775,1,D,YP,PD,D
14:43:01,INDF,RG,6775,14,F,YU,PD,D
14:43:01,INDF,RG,6775,52,F,DX,PD,D
14:43:01,INDF,RG,6775,27,F,DX,PD,D
14:43:00,INDF,RG,6775,6,F,DX,ZP,F
14:43:00,INDF,RG,6775,22,F,DX,AK,F
14:43:00,INDF,RG,6775,1,D,SQ,AK,F
14:43:00,INDF,RG,6775,5,D,XL,AK,F
14:43:00,INDF,RG,6775,1,D,YP,AK,F
14:43:00,INDF,RG,6775,58,F,DX,AK,F
14:43:00,INDF,RG,6775,6,D,PD,AK,F
14:43:00,INDF,RG,6775,1,D,PD,AK,F
14:43:00,INDF,RG,6775,1,F,CS,AK,F
14:43:00,INDF,RG,6775,47,F,DX,AK,F
14:42:37,INDF,RG,6800,2,F,CS,XA,D
14:42:31,INDF,RG,6775,4,F,DX,CC,D
14:42:31,INDF,RG,6775,3,F,ZP,CC,D
14:42:31,INDF,RG,6800,13,F,BK,XA,D
14:42:30,INDF,RG,6775,54,F,ZP,AK,F
14:42:30,INDF,RG,6775,8,F,ZP,AK,F
14:42:26,INDF,RG,6800,20,F,BK,XA,D
14:42:25,INDF,RG,6800,30,F,DX,XA,D
14:42:25,INDF,RG,6800,26,F,DX,AK,F
14:42:25,INDF,RG,6800,1,F,DX,YU,F
14:42:24,INDF,RG,6775,37,F,ZP,ZP,F
14:42:24,INDF,RG,6775,1,F,ZP,ZP,F
14:42:24,INDF,RG,6775,42,F,ZP,ZP,F
14:42:24,INDF,RG,6775,1,F,CS,ZP,F
14:42:24,INDF,RG,6775,1,D,BB,ZP,F
14:42:24,INDF,RG,6775,75,F,BK,ZP,F
14:42:24,INDF,RG,6800,8,F,ZP,YU,F
14:42:24,INDF,RG,6800,23,F,ZP,CS,F
14:42:18,INDF,RG,6800,2,D,BB,CS,F
14:42:11,INDF,RG,6800,14,F,BK,CS,F
14:42:11,INDF,RG,6800,7,F,ZP,CS,F
14:42:10,INDF,RG,6775,32,F,BK,CS,F
14:42:07,INDF,RG,6800,21,F,ZP,CS,F
14:42:07,INDF,RG,6800,15,F,ZP,PD,D
14:42:06,INDF,RG,6800,5,D,AI,PD,D
14:41:49,INDF,RG,6800,47,F,ZP,PD,D
14:41:35,INDF,RG,6800,13,F,BK,PD,D
14:41:32,INDF,RG,6800,4,D,YU,PD,D
14:41:32,INDF,RG,6800,57,F,DX,PD,D
14:41:32,INDF,RG,6800,10,D,YU,PD,D
14:41:29,INDF,RG,6800,3,F,CS,PD,D
14:41:29,INDF,RG,6800,46,F,ZP,PD,D
14:41:18,INDF,RG,6800,3,D,BB,PD,D
14:41:08,INDF,RG,6800,36,F,ZP,PD,D
14:41:08,INDF,RG,6775,35,F,BK,CS,F
14:40:55,INDF,RG,6800,18,F,BK,PD,D
14:40:54,INDF,RG,6800,39,F,ZP,PD,D
14:40:39,INDF,RG,6800,54,F,ZP,PD,D
14:40:26,INDF,RG,6800,14,F,BK,PD,D
14:40:23,INDF,RG,6775,108,F,BK,ZP,F
14:40:23,INDF,RG,6775,2,F,AK,ZP,F
14:40:18,INDF,RG,6800,2,F,ZP,PD,D
14:40:18,INDF,RG,6800,35,F,ZP,PD,D
14:40:17,INDF,RG,6800,2,F,CS,PD,D
14:40:16,INDF,RG,6800,3,F,CS,PD,D
14:40:11,INDF,RG,6800,4,D,BB,PD,D
14:39:56,INDF,RG,6775,29,F,AK,CS,F
14:39:28,INDF,RG,6800,15,F,BK,PD,D
14:39:25,INDF,RG,6775,2,F,AK,PD,D
14:39:21,INDF,RG,6800,1,D,AT,PD,D
14:39:20,INDF,RG,6775,7,F,AK,ZP,F
14:39:19,INDF,RG,6775,25,F,AK,XC,D
14:38:56,INDF,RG,6800,3,D,BB,PD,D
14:38:52,INDF,RG,6800,13,F,BK,PD,D
14:38:47,INDF,RG,6800,16,F,BK,PD,D
14:38:47,INDF,RG,6775,78,F,AK,ZP,F
14:38:47,INDF,RG,6775,120,F,ZP,ZP,F
14:38:45,INDF,RG,6800,3,F,CS,PD,D
14:38:44,INDF,RG,6775,32,F,ZP,CS,F
14:38:40,INDF,RG,6800,23,F,BK,PD,D
14:38:38,INDF,RG,6775,32,F,ZP,CS,F
14:38:38,INDF,RG,6775,10,F,ZP,CS,F
14:38:38,INDF,RG,6775,14,F,YU,CS,F
14:38:38,INDF,RG,6775,66,F,DX,CS,F
14:38:38,INDF,RG,6775,1,F,AK,CS,F
14:38:38,INDF,RG,6775,2,F,AK,CS,F
14:38:38,INDF,RG,6775,60,D,GR,CS,F
14:38:38,INDF,RG,6775,2,D,PD,CS,F
14:38:38,INDF,RG,6775,1,F,AK,CS,F
14:38:38,INDF,RG,6775,2,F,AK,CS,F
14:38:38,INDF,RG,6775,11,F,DX,CS,F
14:38:30,INDF,RG,6775,57,F,DX,AK,F
14:38:28,INDF,RG,6775,1,F,DX,YP,D
14:38:28,INDF,RG,6775,4,D,CP,YP,D
14:38:24,INDF,RG,6800,35,F,ZP,PD,D
14:38:23,INDF,RG,6775,3,D,CP,CC,D
14:38:06,INDF,RG,6800,55,F,DX,PD,D
14:38:04,INDF,RG,6800,38,F,ZP,PD,D
14:38:00,INDF,RG,6800,10,F,AK,PD,D
14:38:00,INDF,RG,6800,20,F,AK,PD,D
14:37:44,INDF,RG,6800,35,F,ZP,PD,D
14:37:32,INDF,RG,6800,4,D,BB,PD,D
14:37:25,INDF,RG,6800,29,F,ZP,PD,D
14:37:24,INDF,RG,6775,29,D,CP,CS,F
14:37:13,INDF,RG,6800,2,F,CS,PD,D
14:37:09,INDF,RG,6800,50,F,ZP,PD,D
14:37:04,INDF,RG,6800,3,F,CS,PD,D
14:36:54,INDF,RG,6800,58,F,DX,PD,D
14:36:49,INDF,RG,6800,7,F,ZP,PD,D
14:36:49,INDF,RG,6800,56,F,ZP,PD,D
14:36:30,INDF,RG,6800,2,F,ZP,PD,D
14:36:30,INDF,RG,6800,30,F,ZP,YU,F
14:36:30,INDF,RG,6800,11,F,ZP,YU,F
14:36:30,INDF,RG,6800,10,F,ZP,ZP,F
14:36:14,INDF,RG,6775,1,D,CP,DR,D
14:36:13,INDF,RG,6800,57,F,ZP,ZP,F
14:36:12,INDF,RG,6775,34,D,CP,CS,F
14:36:05,INDF,RG,6800,5,D,BB,ZP,F
14:35:54,INDF,RG,6800,20,F,ZP,ZP,F
14:35:54,INDF,RG,6800,35,F,ZP,YU,F
14:35:54,INDF,RG,6800,1,F,ZP,YU,F
14:35:45,INDF,RG,6800,9,F,DX,YU,F
14:35:45,INDF,RG,6800,3,F,DX,SQ,D
14:35:45,INDF,RG,6800,9,F,DX,YU,F
14:35:45,INDF,RG,6800,34,F,DX,AK,F
14:35:34,INDF,RG,6800,32,F,ZP,AK,F
14:35:34,INDF,RG,6800,11,F,ZP,YU,F
14:35:24,INDF,RG,6800,3,F,CS,YU,F
14:35:21,INDF,RG,6775,138,D,CP,ZP,F
14:35:19,INDF,RG,6800,3,F,ZP,YU,F
14:35:19,INDF,RG,6800,12,F,ZP,AK,F
14:35:19,INDF,RG,6800,28,F,ZP,YU,F
14:35:19,INDF,RG,6800,6,F,ZP,YU,F
14:35:01,INDF,RG,6800,3,F,ZP,YU,F
14:35:01,INDF,RG,6800,11,F,ZP,YU,F
14:35:01,INDF,RG,6800,6,F,ZP,ZP,F
14:35:01,INDF,RG,6800,7,F,ZP,CS,F
14:35:00,INDF,RG,6800,18,F,YU,CS,F
14:34:52,INDF,RG,6800,6,F,DX,CS,F
14:34:52,INDF,RG,6800,38,F,DX,CS,F
14:34:52,INDF,RG,6800,13,F,DX,PD,D
14:34:44,INDF,RG,6800,33,F,ZP,PD,D
14:34:39,INDF,RG,6775,33,D,CP,CS,F
14:34:24,INDF,RG,6800,33,F,ZP,PD,D
14:34:23,INDF,RG,6800,5,D,BB,PD,D
14:34:13,INDF,RG,6800,2,F,CS,PD,D
14:34:04,INDF,RG,6800,29,F,ZP,PD,D
14:34:00,INDF,RG,6800,3,F,CS,PD,D
14:33:48,INDF,RG,6800,33,F,ZP,PD,D
14:33:29,INDF,RG,6800,33,F,ZP,PD,D
14:33:16,INDF,RG,6775,444,D,CP,PD,D
14:33:10,INDF,RG,6800,27,F,ZP,PD,D
14:32:55,INDF,RG,6775,26,D,CP,CS,F
14:32:52,INDF,RG,6800,20,F,ZP,PD,D
14:32:36,INDF,RG,6800,1,D,XC,PD,D
14:32:34,INDF,RG,6800,18,F,ZP,PD,D
14:32:26,INDF,RG,6775,7,D,CP,ZP,F
14:32:25,INDF,RG,6800,5,D,BB,PD,D
14:32:19,INDF,RG,6800,23,F,ZP,PD,D
14:32:00,INDF,RG,6800,3,F,CS,PD,D
14:31:59,INDF,RG,6800,24,F,ZP,PD,D
14:31:52,INDF,RG,6800,2,F,CS,PD,D
14:31:45,INDF,RG,6775,43,D,CP,AK,F
14:31:40,INDF,RG,6800,22,F,ZP,PD,D
14:31:24,INDF,RG,6800,26,F,ZP,PD,D
14:31:04,INDF,RG,6800,27,F,ZP,PD,D
14:30:45,INDF,RG,6800,35,D,GR,PD,D
14:30:44,INDF,RG,6800,27,F,ZP,PD,D
14:30:37,INDF,RG,6800,1,D,NI,PD,D
14:30:24,INDF,RG,6800,20,F,ZP,PD,D
14:30:14,INDF,RG,6800,7,D,BB,PD,D
14:30:09,INDF,RG,6800,14,F,ZP,PD,D
14:29:23,INDF,RG,6800,1,F,AK,PD,D
14:29:00,INDF,RG,6800,17,F,YU,PD,D
14:28:58,INDF,RG,6800,2,F,CS,PD,D
14:28:30,INDF,RG,6775,12,D,CP,AK,F
14:28:16,INDF,RG,6775,726,D,CP,PD,D
14:28:16,INDF,RG,6775,1,F,AK,PD,D
14:28:16,INDF,RG,6775,2,F,AK,PD,D
14:28:16,INDF,RG,6775,159,F,CS,PD,D
14:27:46,INDF,RG,6800,7,D,BB,PD,D
14:27:19,INDF,RG,6800,3,D,NI,PD,D
14:26:55,INDF,RG,6775,6,F,CS,ZP,F
14:26:44,INDF,RG,6800,3,D,NI,PD,D
14:26:31,INDF,RG,6800,1,D,DR,PD,D
14:26:31,INDF,RG,6800,3,D,NI,PD,D
14:26:23,INDF,RG,6800,4,F,AK,PD,D
14:26:23,INDF,RG,6800,8,F,AK,PD,D
14:25:52,INDF,RG,6775,2,F,CS,CC,D
14:25:44,INDF,RG,6800,2,F,CS,PD,D
14:25:04,INDF,RG,6800,1,D,YP,PD,D
14:24:56,INDF,RG,6800,8,D,BB,PD,D
14:24:01,INDF,RG,6775,1,F,CS,IF,D
14:22:47,INDF,RG,6800,2,F,CS,PD,D
14:21:56,INDF,RG,6800,9,D,BB,PD,D
14:20:25,INDF,RG,6800,1,D,CC,PD,D
14:19:33,INDF,RG,6800,2,F,CS,PD,D
14:19:02,INDF,RG,6775,3,F,CS,XC,D
14:17:48,INDF,RG,6775,1,F,CS,KK,D
14:17:00,INDF,RG,6775,2,F,CS,NI,D
14:16:47,INDF,RG,6775,1,F,CS,AZ,D
14:14:50,INDF,RG,6775,1,F,CS,PD,D
14:14:09,INDF,RG,6800,59,F,ZP,PD,D
14:14:08,INDF,RG,6800,2,F,CS,PD,D
14:14:08,INDF,RG,6800,1,D,XL,PD,D
14:14:08,INDF,RG,6800,69,F,DX,PD,D
14:14:08,INDF,RG,6800,5,D,NI,PD,D
14:14:08,INDF,RG,6800,4,D,BB,PD,D
14:14:08,INDF,RG,6800,2,F,ZP,PD,D
14:14:08,INDF,RG,6800,1,D,PD,PD,D
14:14:08,INDF,RG,6800,5,D,YP,PD,D
14:14:08,INDF,RG,6800,35,F,AK,PD,D
14:14:08,INDF,RG,6800,1,F,CS,PD,D
14:14:08,INDF,RG,6800,1,F,CS,PD,D
14:14:08,INDF,RG,6800,143,F,ZP,PD,D
14:13:49,INDF,RG,6825,2,D,BB,YB,D
14:13:01,INDF,RG,6825,2,D,BB,YB,D
14:12:57,INDF,RG,6825,7,D,PD,YB,D
14:12:14,INDF,RG,6825,2,D,BB,YB,D
14:11:27,INDF,RG,6825,2,D,BB,YB,D
14:11:06,INDF,RG,6800,444,F,ZP,PD,D
14:11:06,INDF,RG,6800,3,F,ZP,YP,D
14:11:06,INDF,RG,6800,4,F,ZP,YP,D
14:11:06,INDF,RG,6800,3,D,YU,YP,D
14:10:56,INDF,RG,6775,10,F,CS,YP,D
14:10:46,INDF,RG,6775,2,F,CS,PD,D
14:10:38,INDF,RG,6800,10,F,AK,YU,F
14:10:37,INDF,RG,6825,39,F,ZP,YB,D
14:10:37,INDF,RG,6800,1,F,ZP,NI,D
14:10:36,INDF,RG,6825,2,D,BB,YB,D
14:10:33,INDF,RG,6800,1,F,CS,DH,D
14:10:05,INDF,RG,6825,36,F,ZP,YB,D
14:10:03,INDF,RG,6775,5,F,CS,XC,D
14:09:49,INDF,RG,6825,2,D,BB,YB,D
14:09:12,INDF,RG,6825,1,D,XC,YB,D
14:09:02,INDF,RG,6825,6,D,BB,YB,D
14:08:22,INDF,RG,6825,2,D,DR,YB,D
14:08:05,INDF,RG,6850,7,D,XL,YP,D
14:07:59,INDF,RG,6850,26,F,BK,YP,D
14:07:55,INDF,RG,6850,160,F,BK,YP,D
14:07:50,INDF,RG,6850,1360,F,BK,YP,D
14:07:49,INDF,RG,6825,1,F,ZP,BK,F
14:07:48,INDF,RG,6825,18,F,ZP,BK,F
14:07:48,INDF,RG,6825,1,F,CS,BK,F
14:07:48,INDF,RG,6825,1,F,ZP,BK,F
14:07:48,INDF,RG,6825,4,D,BB,BK,F
14:07:48,INDF,RG,6750,13,D,BB,CS,F
14:07:48,INDF,RG,6825,32,D,OD,CS,F
14:07:47,INDF,RG,6825,17,D,OD,CS,F
14:07:47,INDF,RG,6825,68,D,OD,CS,F
14:07:47,INDF,RG,6825,295,D,OD,MG,D
14:07:47,INDF,RG,6825,2000,D,OD,PD,D
14:07:47,INDF,RG,6825,20,D,OD,PD,D
14:07:47,INDF,RG,6825,994,D,OD,PD,D
14:07:47,INDF,RG,6825,151,D,OD,PD,D
14:07:47,INDF,RG,6825,30,D,OD,YP,D
14:07:47,INDF,RG,6825,100,D,OD,CP,D
14:07:47,INDF,RG,6825,3,D,OD,XL,D
14:07:47,INDF,RG,6825,18,D,OD,YP,D
14:07:47,INDF,RG,6825,10,D,OD,DR,D
14:07:47,INDF,RG,6825,2636,D,OD,PD,D
14:07:47,INDF,RG,6825,2,D,OD,DR,D
14:07:47,INDF,RG,6825,1,D,OD,PD,D
14:07:47,INDF,RG,6825,1,D,OD,CP,D
14:07:47,INDF,RG,6825,1,D,OD,PD,D
14:07:47,INDF,RG,6825,12,D,OD,DH,D
14:07:47,INDF,RG,6825,5,D,OD,YP,D
14:07:47,INDF,RG,6825,4,D,OD,DR,D
14:07:47,INDF,RG,6825,10,D,OD,YP,D
14:07:47,INDF,RG,6825,55,D,OD,YP,D
14:07:47,INDF,RG,6825,300,D,OD,CC,D
14:07:47,INDF,RG,6825,5,D,OD,YP,D
14:07:47,INDF,RG,6825,200,D,OD,YP,D
14:07:47,INDF,RG,6825,2,D,OD,PD,D
14:07:47,INDF,RG,6825,2,D,OD,PD,D
14:07:47,INDF,RG,6825,11,D,OD,PD,D
14:07:47,INDF,RG,6825,100,D,OD,SQ,D
14:07:47,INDF,RG,6825,2,D,OD,ZP,D
14:07:47,INDF,RG,6825,44,D,OD,SQ,D
14:07:47,INDF,RG,6825,2,D,OD,SQ,D
14:07:47,INDF,RG,6825,10,D,OD,XC,D
14:07:47,INDF,RG,6825,3,D,OD,CC,D
14:07:47,INDF,RG,6825,3,D,OD,XC,D
14:07:47,INDF,RG,6825,1,D,OD,YP,D
14:07:47,INDF,RG,6825,200,D,OD,YP,D
14:07:47,INDF,RG,6825,1,D,OD,CC,D
14:07:47,INDF,RG,6825,2,D,OD,PD,D
14:07:47,INDF,RG,6825,1,D,OD,PD,D
14:07:47,INDF,RG,6825,4,D,OD,NI,D
14:07:47,INDF,RG,6825,1,D,OD,XC,D
14:07:47,INDF,RG,6825,2,D,OD,DH,D
14:07:47,INDF,RG,6825,200,D,OD,YP,D
14:07:47,INDF,RG,6825,5,D,OD,NI,D
14:07:47,INDF,RG,6825,3,D,OD,XL,D
14:07:47,INDF,RG,6825,5,D,OD,CC,D
14:07:47,INDF,RG,6825,1,D,OD,PD,D
14:07:47,INDF,RG,6825,3,D,OD,YB,D
14:07:47,INDF,RG,6800,17,D,OD,AK,F
14:07:47,INDF,RG,6800,1,D,OD,PD,D
14:07:47,INDF,RG,6800,29,D,OD,AK,F
14:07:47,INDF,RG,6800,114,D,OD,AK,F
14:07:47,INDF,RG,6800,2,D,OD,NI,D
14:07:47,INDF,RG,6800,5,D,OD,DH,D
14:07:47,INDF,RG,6800,1,D,OD,YP,D
14:07:47,INDF,RG,6800,60,D,OD,LG,D
14:07:47,INDF,RG,6800,100,D,OD,CP,D
14:07:47,INDF,RG,6800,8,D,OD,YP,D
14:07:47,INDF,RG,6800,1,D,OD,XC,D
14:07:47,INDF,RG,6800,8,D,OD,PD,D
14:07:47,INDF,RG,6800,1,D,OD,XC,D
14:07:47,INDF,RG,6800,20,D,OD,DH,D
14:07:47,INDF,RG,6800,20,D,OD,CP,D
14:07:47,INDF,RG,6800,50,D,OD,KK,D
14:07:47,INDF,RG,6800,2000,D,OD,OD,D
14:07:47,INDF,RG,6800,20,D,OD,YP,D
14:07:47,INDF,RG,6800,3,D,OD,SQ,D
14:07:47,INDF,RG,6800,10,D,OD,EP,D
14:07:47,INDF,RG,6800,5,D,OD,PD,D
14:07:47,INDF,RG,6800,12,D,OD,YP,D
14:07:47,INDF,RG,6800,20,D,OD,NI,D
14:07:47,INDF,RG,6800,3,D,OD,XL,D
14:07:47,INDF,RG,6800,21,D,OD,OD,D
14:07:47,INDF,RG,6800,10,D,OD,CC,D
14:07:47,INDF,RG,6800,1,D,OD,PD,D
14:07:47,INDF,RG,6800,1,D,OD,PD,D
14:07:47,INDF,RG,6800,2,D,OD,DH,D
14:07:47,INDF,RG,6800,30,D,OD,KK,D
14:07:47,INDF,RG,6800,10,D,OD,PD,D
14:07:47,INDF,RG,6800,10,D,OD,PD,D
14:07:47,INDF,RG,6800,5,D,OD,DH,D
14:07:47,INDF,RG,6800,30,D,OD,PD,D
14:07:47,INDF,RG,6800,3,D,OD,PD,D
14:07:47,INDF,RG,6800,5,D,OD,PD,D
14:07:47,INDF,RG,6800,3,D,OD,PD,D
14:07:47,INDF,RG,6800,3,D,OD,KK,D
14:07:47,INDF,RG,6800,4,D,OD,PD,D
14:07:47,INDF,RG,6800,1,D,OD,YP,D
14:07:47,INDF,RG,6800,51,D,OD,YP,D
14:07:47,INDF,RG,6800,34,D,OD,DH,D
14:07:47,INDF,RG,6800,5,D,OD,PD,D
14:07:47,INDF,RG,6800,50,D,OD,GR,D
14:07:47,INDF,RG,6800,3,D,OD,GR,D
14:07:47,INDF,RG,6800,4,D,OD,YP,D
14:07:47,INDF,RG,6800,100,D,OD,SQ,D
14:07:47,INDF,RG,6800,23,D,OD,PD,D
14:07:47,INDF,RG,6800,103,D,OD,DH,D
14:07:47,INDF,RG,6775,100,D,OD,CP,D
14:07:47,INDF,RG,6775,120,D,OD,ZP,F
14:07:47,INDF,RG,6775,20,D,OD,IF,D
14:07:47,INDF,RG,6775,72,D,OD,AK,F
14:07:47,INDF,RG,6775,1,D,OD,YP,D
14:07:47,INDF,RG,6775,11,D,OD,AK,F
14:07:47,INDF,RG,6775,121,D,OD,CS,F
14:07:47,INDF,RG,6775,15,D,OD,NI,D
14:07:47,INDF,RG,6775,888,D,OD,PD,D
14:07:47,INDF,RG,6775,10,D,OD,YP,D
14:07:47,INDF,RG,6775,46,D,OD,CS,F
14:07:47,INDF,RG,6775,14,D,OD,CS,F
14:07:47,INDF,RG,6775,128,D,OD,AK,F
14:07:47,INDF,RG,6775,20,D,OD,AK,F
14:07:47,INDF,RG,6775,53,D,OD,CS,F
14:07:47,INDF,RG,6775,680,D,OD,PD,D
14:07:47,INDF,RG,6750,35,D,OD,YU,F
14:07:47,INDF,RG,6750,8,D,OD,YU,F
14:07:47,INDF,RG,6750,13,D,OD,YU,F
14:07:47,INDF,RG,6750,12,D,OD,CS,F
14:07:47,INDF,RG,6750,33,D,OD,CP,D
14:07:44,INDF,RG,6725,12,F,DX,LS,D
14:07:44,INDF,RG,6725,2,D,NI,LS,D
14:07:44,INDF,RG,6725,1,D,XL,LS,D
14:07:18,INDF,RG,6750,5,D,YP,CP,D
14:07:03,INDF,RG,6750,9,F,ZP,CP,D
14:07:03,INDF,RG,6750,38,F,BK,CP,D
14:07:03,INDF,RG,6750,5,D,BB,CP,D
14:07:03,INDF,RG,6750,9,F,BK,CP,D
14:07:03,INDF,RG,6750,1,F,ZP,CP,D
14:06:42,INDF,RG,6750,38,F,AK,YU,F
14:06:41,INDF,RG,6750,5,D,CC,YU,F
14:06:41,INDF,RG,6750,1,F,ZP,YU,F
14:06:40,INDF,RG,6750,69,D,MG,YU,F
14:06:40,INDF,RG,6750,29,D,MG,YU,F
14:06:40,INDF,RG,6750,30,D,MG,YU,F
14:06:40,INDF,RG,6750,18,D,MG,CS,F
14:06:40,INDF,RG,6750,57,D,MG,CS,F
14:06:40,INDF,RG,6750,13,D,MG,AK,F
14:06:40,INDF,RG,6750,69,D,MG,AK,F
14:06:40,INDF,RG,6750,10,D,MG,CP,D
14:06:35,INDF,RG,6750,1,D,PD,CP,D
14:06:24,INDF,RG,6750,1,F,ZP,CP,D
14:06:24,INDF,RG,6750,1,F,ZP,CS,F
14:06:23,INDF,RG,6750,15,D,PD,CS,F
14:06:23,INDF,RG,6750,22,D,PD,CS,F
14:06:23,INDF,RG,6750,14,D,PD,AK,F
14:06:23,INDF,RG,6750,77,D,PD,AK,F
14:06:23,INDF,RG,6750,31,D,PD,YU,F
14:06:23,INDF,RG,6750,7,D,PD,ZP,F
14:06:23,INDF,RG,6750,29,D,PD,CS,F
14:06:23,INDF,RG,6750,6,D,PD,ZP,F
14:06:23,INDF,RG,6750,539,D,PD,ZP,F
14:06:23,INDF,RG,6750,39,D,PD,CS,F
14:06:23,INDF,RG,6750,1221,D,PD,OD,D
14:06:01,INDF,RG,6750,405,F,AK,OD,D
14:06:01,INDF,RG,6750,3,F,AK,OD,D
14:06:01,INDF,RG,6750,2,F,AK,OD,D
14:06:01,INDF,RG,6750,1,F,AK,OD,D
14:06:01,INDF,RG,6750,1,F,AK,OD,D
14:06:01,INDF,RG,6750,2,F,AK,OD,D
14:06:00,INDF,RG,6750,420,F,ZP,OD,D
14:06:00,INDF,RG,6750,6,D,YU,OD,D
14:06:00,INDF,RG,6750,1,D,AZ,OD,D
14:06:00,INDF,RG,6750,92,F,DX,OD,D
14:06:00,INDF,RG,6750,3,F,AK,OD,D
14:06:00,INDF,RG,6750,1,F,AK,OD,D
14:06:00,INDF,RG,6750,1750,F,AK,OD,D
14:06:00,INDF,RG,6750,3,D,YP,OD,D
14:06:00,INDF,RG,6750,10,F,CC,OD,D
14:06:00,INDF,RG,6750,1,D,PD,OD,D
14:06:00,INDF,RG,6750,1,D,PD,OD,D
14:06:00,INDF,RG,6750,5,D,YP,OD,D
14:06:00,INDF,RG,6750,2,D,XC,OD,D
14:06:00,INDF,RG,6750,5,D,CC,OD,D
14:06:00,INDF,RG,6750,15,D,ZP,OD,D
14:06:00,INDF,RG,6750,58,F,DX,OD,D
14:06:00,INDF,RG,6750,1,D,DR,OD,D
14:06:00,INDF,RG,6750,14,D,YP,OD,D
14:06:00,INDF,RG,6750,57,F,DX,OD,D
14:06:00,INDF,RG,6750,14,F,YU,OD,D
14:06:00,INDF,RG,6750,12,D,LS,OD,D
14:06:00,INDF,RG,6750,1,F,CS,OD,D
14:06:00,INDF,RG,6750,30,D,YP,OD,D
14:06:00,INDF,RG,6750,46,F,DX,OD,D
14:06:00,INDF,RG,6750,49,F,DX,OD,D
14:06:00,INDF,RG,6750,77,F,DX,OD,D
14:06:00,INDF,RG,6750,5,D,XL,OD,D
14:06:00,INDF,RG,6750,1,D,CC,OD,D
14:06:00,INDF,RG,6750,20,D,KK,OD,D
14:06:00,INDF,RG,6750,3,D,YU,OD,D
14:06:00,INDF,RG,6750,33,F,BK,OD,D
14:06:00,INDF,RG,6750,32,F,AK,OD,D
14:06:00,INDF,RG,6750,74,F,DX,OD,D
14:06:00,INDF,RG,6750,52,F,ZP,OD,D
14:06:00,INDF,RG,6750,1,F,CS,OD,D
14:06:00,INDF,RG,6750,2,F,ZP,OD,D
14:06:00,INDF,RG,6750,6,D,YU,OD,D
14:06:00,INDF,RG,6750,39,F,ZP,OD,D
14:06:00,INDF,RG,6750,94,F,ZP,OD,D
14:06:00,INDF,RG,6750,5,F,AK,OD,D
14:06:00,INDF,RG,6750,159,F,ZP,OD,D
14:06:00,INDF,RG,6750,11,F,ZP,OD,D
14:06:00,INDF,RG,6750,15,F,YU,OD,D
14:06:00,INDF,RG,6750,3,D,BB,OD,D
14:06:00,INDF,RG,6750,1,D,YP,OD,D
14:06:00,INDF,RG,6750,65,F,DX,OD,D
14:06:00,INDF,RG,6750,1,F,AK,OD,D
14:06:00,INDF,RG,6750,1,F,AK,OD,D
14:06:00,INDF,RG,6750,1,F,AK,OD,D
14:06:00,INDF,RG,6750,3,F,AK,OD,D
14:06:00,INDF,RG,6750,3,F,AK,OD,D
14:06:00,INDF,RG,6750,11,F,DX,OD,D
14:06:00,INDF,RG,6750,48,F,DX,OD,D
14:06:00,INDF,RG,6750,2,F,ZP,OD,D
14:05:58,INDF,RG,6775,14,F,ZP,PD,D
14:05:55,INDF,RG,6775,55,F,DX,PD,D
14:05:39,INDF,RG,6775,15,F,ZP,PD,D
14:05:38,INDF,RG,6775,1,D,XC,PD,D
14:05:20,INDF,RG,6775,25,D,BB,PD,D
14:05:19,INDF,RG,6775,14,F,ZP,PD,D
14:05:15,INDF,RG,6775,3,D,PD,PD,D
14:05:05,INDF,RG,6775,6,D,XL,PD,D
14:05:00,INDF,RG,6775,15,F,YU,PD,D
14:04:59,INDF,RG,6775,14,F,ZP,PD,D
14:04:41,INDF,RG,6775,15,F,ZP,PD,D
14:04:39,INDF,RG,6775,2,F,CS,PD,D
14:04:27,INDF,RG,6775,1,D,AZ,PD,D
14:04:21,INDF,RG,6775,13,F,ZP,PD,D
14:04:10,INDF,RG,6775,15,D,GR,PD,D
14:04:10,INDF,RG,6775,25,D,GR,YU,F
14:04:10,INDF,RG,6775,8,D,GR,YU,F
14:04:10,INDF,RG,6775,30,D,GR,CS,F
14:04:10,INDF,RG,6775,16,D,GR,CS,F
14:04:10,INDF,RG,6775,9,D,GR,YU,F
14:04:10,INDF,RG,6775,6,D,GR,ZP,F
14:04:10,INDF,RG,6775,18,D,GR,AK,F
14:04:10,INDF,RG,6775,111,D,GR,AK,F
14:04:10,INDF,RG,6775,8,D,GR,YU,F
14:04:10,INDF,RG,6775,29,D,GR,YU,F
14:04:10,INDF,RG,6775,8,D,GR,DR,D
14:04:10,INDF,RG,6775,60,D,GR,ZP,F
14:04:04,INDF,RG,6775,11,F,ZP,ZP,F
14:04:00,INDF,RG,6775,29,F,DX,ZP,F
14:04:00,INDF,RG,6775,21,F,DX,YU,F
14:04:00,INDF,RG,6775,6,F,DX,YU,F
14:03:44,INDF,RG,6775,5,F,ZP,YU,F
14:03:44,INDF,RG,6775,5,F,ZP,YU,F
14:03:24,INDF,RG,6775,4,F,ZP,YU,F
14:03:24,INDF,RG,6775,6,F,ZP,YU,F
14:03:04,INDF,RG,6775,14,F,ZP,YU,F
14:02:45,INDF,RG,6775,1,F,AK,YU,F
14:02:45,INDF,RG,6775,2,F,AK,YU,F
14:02:44,INDF,RG,6775,15,F,ZP,YU,F
14:02:35,INDF,RG,6750,20,D,PD,YB,D
14:02:24,INDF,RG,6775,6,F,ZP,YU,F
14:02:24,INDF,RG,6775,9,F,ZP,CS,F
14:02:04,INDF,RG,6775,14,F,ZP,CS,F
14:01:48,INDF,RG,6775,2,F,CS,CS,F
14:01:44,INDF,RG,6775,9,F,ZP,CS,F
14:01:30,INDF,RG,6775,16,F,DX,CS,F
14:01:30,INDF,RG,6775,6,F,DX,ZP,F
14:01:30,INDF,RG,6775,33,F,DX,ZP,F
14:01:27,INDF,RG,6775,1,D,XL,ZP,F
14:01:09,INDF,RG,6750,1,D,PD,YP,D
14:01:01,INDF,RG,6750,6,D,PD,KK,D
14:00:47,INDF,RG,6750,1,D,PD,YP,D
14:00:45,INDF,RG,6775,2,F,AK,ZP,F
14:00:44,INDF,RG,6775,5,D,XL,ZP,F
14:00:27,INDF,RG,6750,34,D,PD,ZP,F
14:00:19,INDF,RG,6750,888,D,PD,PD,D
13:59:30,INDF,RG,6750,63,D,PD,AK,F
13:58:56,INDF,RG,6775,2,F,AK,ZP,F
13:58:54,INDF,RG,6775,2,F,CS,ZP,F
13:58:44,INDF,RG,6750,1,D,PD,IF,D
13:58:15,INDF,RG,6750,12,D,PD,AK,F
13:57:37,INDF,RG,6775,3,F,AK,ZP,F
13:57:35,INDF,RG,6775,5,D,YP,ZP,F
13:57:30,INDF,RG,6750,10,D,PD,AK,F
13:56:40,INDF,RG,6750,7,D,PD,ZP,F
13:56:20,INDF,RG,6750,10,D,PD,YP,D
13:55:57,INDF,RG,6775,2,F,CS,ZP,F
13:55:56,INDF,RG,6750,1,D,PD,KK,D
13:55:50,INDF,RG,6775,5,F,AK,ZP,F
13:55:49,INDF,RG,6750,10,D,PD,YP,D
13:55:30,INDF,RG,6750,19,D,PD,AK,F
13:55:15,INDF,RG,6775,2,F,AK,ZP,F
13:55:00,INDF,RG,6775,15,F,YU,ZP,F
13:54:44,INDF,RG,6775,4,D,BB,ZP,F
13:54:28,INDF,RG,6750,12,D,PD,PD,D
13:54:23,INDF,RG,6750,32,D,PD,PD,D
13:54:13,INDF,RG,6775,1,F,CS,ZP,F
13:54:09,INDF,RG,6750,10,D,PD,YP,D
13:54:00,INDF,RG,6750,12,D,PD,AK,F
13:53:05,INDF,RG,6775,2,D,XL,ZP,F
13:52:45,INDF,RG,6775,1,F,CS,ZP,F
13:52:42,INDF,RG,6750,1,D,PD,AZ,D
13:52:22,INDF,RG,6775,5,D,YP,ZP,F
13:51:30,INDF,RG,6750,15,D,PD,AK,F
13:51:12,INDF,RG,6775,1,F,CS,ZP,F
13:50:38,INDF,RG,6775,1,F,AK,ZP,F
13:50:19,INDF,RG,6775,1,F,ZP,ZP,F
13:50:14,INDF,RG,6775,3,D,NI,ZP,F
13:50:03,INDF,RG,6775,1,D,YU,ZP,F
13:49:27,INDF,RG,6775,10,F,ZP,ZP,F
13:49:23,INDF,RG,6775,10,D,YP,ZP,F
13:49:10,INDF,RG,6775,1,F,CS,ZP,F
13:49:10,INDF,RG,6775,6,D,LS,ZP,F
13:47:28,INDF,RG,6775,1,F,CS,ZP,F
13:46:19,INDF,RG,6775,14,D,YP,ZP,F
13:46:19,INDF,RG,6775,8,D,YP,YB,D
13:44:13,INDF,RG,6775,10,D,YP,YB,D
13:44:08,INDF,RG,6775,2,D,BB,YB,D
13:43:59,INDF,RG,6775,30,F,ZP,YB,D
13:43:58,INDF,RG,6775,12,F,ZP,YB,D
13:43:58,INDF,RG,6775,11,F,ZP,YB,D
13:43:58,INDF,RG,6775,72,F,DX,YB,D
13:43:58,INDF,RG,6775,2,F,AK,YB,D
13:43:58,INDF,RG,6775,3,F,AK,YB,D
13:43:58,INDF,RG,6775,5,F,CS,YB,D
13:43:58,INDF,RG,6775,1,F,CS,YB,D
13:43:58,INDF,RG,6775,44,F,DX,YB,D
13:43:55,INDF,RG,6775,1,F,DX,ZP,F
13:43:55,INDF,RG,6775,1,F,CS,ZP,F
13:43:55,INDF,RG,6775,16,F,ZP,ZP,F
13:43:55,INDF,RG,6775,14,F,YU,ZP,F
13:43:55,INDF,RG,6775,9,F,DX,ZP,F
13:43:55,INDF,RG,6775,48,F,DX,YB,D
13:43:55,INDF,RG,6775,2,F,CS,YB,D
13:43:55,INDF,RG,6775,5,D,HP,YB,D
13:43:55,INDF,RG,6775,5,D,HP,YB,D
13:43:55,INDF,RG,6775,1,D,YP,YB,D
13:43:55,INDF,RG,6775,7,F,ZP,YB,D
13:43:55,INDF,RG,6775,1,F,CS,YB,D
13:43:55,INDF,RG,6775,1,D,XC,YB,D
13:43:55,INDF,RG,6775,2,D,BB,YB,D
13:43:55,INDF,RG,6775,87,F,ZP,YB,D
13:43:55,INDF,RG,6775,8,F,CS,YB,D
13:43:55,INDF,RG,6775,1,F,AK,YB,D
13:43:55,INDF,RG,6775,3,F,AK,YB,D
13:43:55,INDF,RG,6775,18,D,HP,YB,D
13:43:55,INDF,RG,6775,176,F,AK,YB,D
13:43:55,INDF,RG,6775,487,F,ZP,YB,D
13:43:55,INDF,RG,6775,1,F,CS,YB,D
13:43:55,INDF,RG,6775,65,F,DX,YB,D
13:43:55,INDF,RG,6775,82,F,DX,YB,D
13:42:31,INDF,RG,6800,3,D,BB,DH,D
13:42:16,INDF,RG,6800,8,F,CS,DH,D
13:41:14,INDF,RG,6800,2,D,DR,DH,D
13:40:57,INDF,RG,6800,4,D,BB,DH,D
13:40:51,INDF,RG,6800,6,D,YP,DH,D
13:39:52,INDF,RG,6800,5,F,CS,DH,D
13:39:41,INDF,RG,6800,1,D,YP,DH,D
13:39:35,INDF,RG,6800,10,D,HP,DH,D
13:39:35,INDF,RG,6800,18,D,HP,YP,D
13:39:19,INDF,RG,6800,4,D,BB,YP,D
13:38:48,INDF,RG,6800,24,F,BK,YP,D
13:38:45,INDF,RG,6800,14,F,BK,YP,D
13:38:41,INDF,RG,6800,40,F,BK,YP,D
13:38:41,INDF,RG,6800,38,F,BK,YP,D
13:38:38,INDF,RG,6800,62,F,BK,YP,D
13:38:38,INDF,RG,6800,1,F,BK,PD,D
13:38:38,INDF,RG,6800,100,F,BK,YP,D
13:38:38,INDF,RG,6800,50,F,BK,LG,D
13:38:38,INDF,RG,6800,25,F,BK,CC,D
13:38:38,INDF,RG,6800,7,F,BK,NI,D
13:38:38,INDF,RG,6800,18,F,BK,YP,D
13:38:38,INDF,RG,6800,1,F,BK,PD,D
13:38:38,INDF,RG,6800,5,F,BK,CC,D
13:38:38,INDF,RG,6800,1,F,BK,PD,D
13:38:38,INDF,RG,6800,1,F,BK,XL,D
13:38:38,INDF,RG,6800,1,F,BK,XC,D
13:38:38,INDF,RG,6800,15,F,BK,YP,D
13:38:38,INDF,RG,6800,5,F,BK,XC,D
13:38:38,INDF,RG,6800,3,F,BK,PD,D
13:38:38,INDF,RG,6800,29,F,BK,XL,D
13:38:38,INDF,RG,6800,1,F,BK,PD,D
13:38:38,INDF,RG,6800,21,F,BK,YP,D
13:38:38,INDF,RG,6800,1,F,BK,PD,D
13:38:38,INDF,RG,6800,24,F,BK,PD,D
13:38:38,INDF,RG,6800,1,F,BK,YP,D
13:38:38,INDF,RG,6800,1,F,BK,XC,D
13:38:38,INDF,RG,6800,3,F,BK,OD,D
13:38:38,INDF,RG,6800,7,F,BK,DH,D
13:38:38,INDF,RG,6800,1,F,BK,IF,D
13:38:38,INDF,RG,6800,2,F,BK,PD,D
13:38:38,INDF,RG,6800,8,F,BK,NI,D
13:38:38,INDF,RG,6800,3,F,BK,CC,D
13:38:38,INDF,RG,6800,15,F,BK,OD,D
13:38:38,INDF,RG,6800,1,F,BK,AZ,D
13:38:38,INDF,RG,6800,5,F,BK,SQ,D
13:38:38,INDF,RG,6800,2,F,BK,NI,D
13:38:38,INDF,RG,6800,2,F,BK,CC,D
13:38:38,INDF,RG,6800,1,F,BK,XC,D
13:38:33,INDF,RG,6775,1,F,CS,CS,F
13:38:32,INDF,RG,6775,3,F,AK,CS,F
13:38:32,INDF,RG,6775,61,F,AK,CS,F
13:38:32,INDF,RG,6775,4,F,AK,ZP,F
13:38:32,INDF,RG,6775,20,F,AK,CC,D
13:38:32,INDF,RG,6775,4,F,AK,PD,D
13:38:32,INDF,RG,6775,1,F,AK,XC,D
13:38:32,INDF,RG,6775,5,F,AK,PD,D
13:38:32,INDF,RG,6775,8,F,AK,YP,D
13:38:32,INDF,RG,6775,1,F,AK,DH,D
13:38:32,INDF,RG,6775,1,F,AK,PD,D
13:38:32,INDF,RG,6775,4,F,AK,YP,D
13:38:32,INDF,RG,6775,4,F,AK,PD,D
13:38:32,INDF,RG,6775,5,F,AK,YP,D
13:38:32,INDF,RG,6775,16,F,AK,YP,D
13:38:32,INDF,RG,6775,2,F,ZP,YP,D
13:38:32,INDF,RG,6775,1,F,CS,YP,D
13:38:31,INDF,RG,6775,81,F,ZP,YP,D
13:38:31,INDF,RG,6775,1,F,ZP,PD,D
13:38:31,INDF,RG,6775,51,F,ZP,YB,D
13:38:30,INDF,RG,6750,67,D,PD,AK,F
13:38:30,INDF,RG,6775,1,F,CS,YB,D
13:38:30,INDF,RG,6750,57,D,PD,CS,F
13:38:30,INDF,RG,6750,9,D,PD,YU,F
13:38:30,INDF,RG,6750,61,D,PD,CS,F
13:38:30,INDF,RG,6750,100,D,PD,AZ,D
13:38:30,INDF,RG,6750,11,D,PD,YU,F
13:38:30,INDF,RG,6750,39,D,PD,CS,F
13:38:30,INDF,RG,6750,28,D,PD,YU,F
13:38:30,INDF,RG,6750,438,D,PD,AK,F
13:38:30,INDF,RG,6750,15,D,PD,CC,D
13:38:30,INDF,RG,6750,42,D,PD,CS,F
13:38:30,INDF,RG,6750,444,D,PD,PD,D
13:38:30,INDF,RG,6750,8,D,PD,YU,F
13:38:30,INDF,RG,6750,9,D,PD,CS,F
13:38:30,INDF,RG,6750,25,D,PD,CS,F
13:38:30,INDF,RG,6750,14,D,PD,AK,F
13:38:30,INDF,RG,6750,47,D,PD,ZP,F
13:38:30,INDF,RG,6750,6,D,PD,CS,F
13:38:30,INDF,RG,6750,24,D,PD,CS,F
13:38:30,INDF,RG,6750,36,D,PD,CS,F
13:38:30,INDF,RG,6750,23,D,PD,YU,F
13:38:30,INDF,RG,6750,26,D,PD,YU,F
13:38:30,INDF,RG,6750,148,D,PD,YU,F
13:38:30,INDF,RG,6750,16,D,PD,AK,F
13:38:30,INDF,RG,6750,169,D,PD,AK,F
13:38:30,INDF,RG,6750,34,D,PD,YU,F
13:38:30,INDF,RG,6750,6,D,PD,ZP,F
13:38:30,INDF,RG,6750,4,D,PD,CS,F
13:38:30,INDF,RG,6750,7,D,PD,ZP,F
13:38:30,INDF,RG,6750,191,D,PD,ZP,F
13:38:30,INDF,RG,6750,4,D,PD,CS,F
13:38:30,INDF,RG,6750,26,D,PD,CS,F
13:38:30,INDF,RG,6750,502,D,PD,PD,D
13:38:15,INDF,RG,6750,25,D,HP,PD,D
13:38:01,INDF,RG,6750,3,F,CS,PD,D
13:37:57,INDF,RG,6750,5,D,HP,PD,D
13:37:34,INDF,RG,6750,5,D,RF,PD,D
13:37:32,INDF,RG,6750,3,D,BB,PD,D
13:37:24,INDF,RG,6750,1,D,HP,PD,D
13:37:22,INDF,RG,6750,2,F,CS,PD,D
13:37:06,INDF,RG,6750,10,D,HP,PD,D
13:37:04,INDF,RG,6750,1,F,ZP,PD,D
13:36:52,INDF,RG,6750,20,D,HP,PD,D
13:36:49,INDF,RG,6725,5,D,YP,AZ,D
13:36:39,INDF,RG,6750,2,F,CS,PD,D
13:36:35,INDF,RG,6750,50,D,HP,PD,D
13:36:34,INDF,RG,6725,10,D,YP,CC,D
13:36:10,INDF,RG,6725,5,D,YP,PD,D
13:35:51,INDF,RG,6750,1,D,YP,PD,D
13:35:51,INDF,RG,6750,1,D,BB,PD,D
13:35:18,INDF,RG,6750,1,D,NI,PD,D
13:34:54,INDF,RG,6750,2,F,CS,PD,D
13:34:54,INDF,RG,6750,2,F,CS,PD,D
13:34:54,INDF,RG,6750,1,D,PD,PD,D
13:34:54,INDF,RG,6750,1,D,BB,PD,D
13:34:54,INDF,RG,6750,5,F,ZP,PD,D
13:34:54,INDF,RG,6750,2,D,DH,PD,D
13:34:54,INDF,RG,6750,1,D,XL,PD,D
13:34:54,INDF,RG,6750,1,D,XL,PD,D
13:34:54,INDF,RG,6750,2,F,CS,PD,D
13:34:54,INDF,RG,6750,5,F,CS,PD,D
13:34:54,INDF,RG,6750,33,F,CC,PD,D
13:34:54,INDF,RG,6750,10,D,HP,PD,D
13:34:54,INDF,RG,6750,1,D,OD,PD,D
13:34:54,INDF,RG,6750,72,F,BK,PD,D
13:34:54,INDF,RG,6750,30,D,XL,PD,D
13:34:54,INDF,RG,6750,1,D,XL,PD,D
13:34:54,INDF,RG,6750,2,D,CC,PD,D
13:34:54,INDF,RG,6750,5,D,PD,PD,D
13:34:54,INDF,RG,6750,58,D,XL,PD,D
13:34:54,INDF,RG,6750,14,F,YU,PD,D
13:34:54,INDF,RG,6750,8,D,CC,PD,D
13:34:41,INDF,RG,6750,2,D,CC,YP,D
13:34:33,INDF,RG,6750,3,D,CC,YP,D
13:34:05,INDF,RG,6750,7,D,CC,CS,F
13:34:05,INDF,RG,6750,10,D,HP,CS,F
13:34:05,INDF,RG,6750,1,F,ZP,CS,F
13:34:05,INDF,RG,6750,4,F,CS,CS,F
13:34:05,INDF,RG,6750,4,D,BB,CS,F
13:34:05,INDF,RG,6750,2,D,PD,CS,F
13:34:05,INDF,RG,6750,3,D,PD,CS,F
13:34:05,INDF,RG,6750,2,D,YP,CS,F
13:34:05,INDF,RG,6750,1,D,PD,CS,F
13:34:05,INDF,RG,6750,10,D,YP,CS,F
13:34:05,INDF,RG,6750,1,D,PD,CS,F
13:34:05,INDF,RG,6750,1,D,YP,CS,F
13:34:05,INDF,RG,6750,1,D,EP,CS,F
13:34:05,INDF,RG,6750,10,D,AZ,CS,F
13:34:05,INDF,RG,6750,14,D,ZR,CS,F
13:33:24,INDF,RG,6750,3,D,ZR,PD,D
13:33:14,INDF,RG,6775,2,D,BB,YB,D
13:32:38,INDF,RG,6750,3,D,ZR,XL,D
13:32:35,INDF,RG,6775,9,F,CS,YB,D
13:30:38,INDF,RG,6775,1,D,OD,YB,D
13:30:34,INDF,RG,6775,2,D,XL,YB,D
13:30:33,INDF,RG,6775,13,D,XL,YB,D
13:30:24,INDF,RG,6775,5,D,XL,YB,D
13:30:23,INDF,RG,6775,10,D,XL,YB,D
13:30:09,INDF,RG,6775,2,D,CC,YB,D
13:30:08,INDF,RG,6775,104,F,AK,YB,D
13:30:08,INDF,RG,6775,105,F,AK,YB,D
13:30:08,INDF,RG,6775,3,F,AK,YB,D
13:30:08,INDF,RG,6775,7,F,AK,YB,D
13:30:05,INDF,RG,6775,1,D,SQ,YB,D
13:30:04,INDF,RG,6775,6,D,YU,YB,D
13:30:04,INDF,RG,6775,3,D,YU,YB,D
13:30:04,INDF,RG,6775,2,D,XC,YB,D
13:30:03,INDF,RG,6775,42,D,DR,YB,D
13:30:03,INDF,RG,6775,10,D,SQ,YB,D
13:30:03,INDF,RG,6775,3,D,BB,YB,D
13:30:02,INDF,RG,6775,18,D,KK,YB,D
13:30:02,INDF,RG,6775,2,D,KK,EP,D
13:30:02,INDF,RG,6775,10,D,KK,PD,D
13:30:02,INDF,RG,6775,3,D,PD,PD,D
13:30:01,INDF,RG,6775,1,D,PD,PD,D
13:30:01,INDF,RG,6775,4,D,PD,PD,D
13:30:01,INDF,RG,6775,1,D,PD,YB,D
13:30:01,INDF,RG,6775,1,D,EP,YB,D
13:30:01,INDF,RG,6775,1,D,YP,YB,D
13:30:01,INDF,RG,6775,1,D,PD,YB,D
13:30:01,INDF,RG,6750,50,D,PG,YB,D
13:30:01,INDF,RG,6750,1,D,PD,YB,D
13:30:01,INDF,RG,6750,20,D,PD,YB,D
13:30:01,INDF,RG,6750,7,F,YU,YB,D
13:30:01,INDF,RG,6750,5,D,KK,YB,D
13:30:01,INDF,RG,6750,10,D,ZP,YB,D
13:30:01,INDF,RG,6750,5,D,GR,YB,D
13:30:01,INDF,RG,6750,1,D,PD,YB,D
13:30:01,INDF,RG,6750,20,D,PD,YB,D
13:30:01,INDF,RG,6750,3,D,KK,YB,D
13:30:01,INDF,RG,6750,2,D,CC,YB,D
13:30:01,INDF,RG,6750,1,D,KK,YB,D
13:30:01,INDF,RG,6750,12,F,YU,YB,D
13:30:01,INDF,RG,6750,10,D,CC,YB,D
13:30:01,INDF,RG,6750,29,F,DX,YB,D
13:30:01,INDF,RG,6750,1,D,NI,YB,D
13:30:01,INDF,RG,6750,500,D,NI,YB,D
13:30:01,INDF,RG,6750,10,D,NI,YB,D
13:30:01,INDF,RG,6750,10,D,PD,YB,D
13:30:01,INDF,RG,6750,3,D,XC,YB,D
13:30:01,INDF,RG,6750,10,D,YU,YB,D
13:30:01,INDF,RG,6750,58,F,DX,YB,D
13:30:01,INDF,RG,6750,2,D,XC,YB,D
13:30:01,INDF,RG,6750,30,F,DX,YB,D
13:30:01,INDF,RG,6775,2,F,CS,YB,D
13:30:01,INDF,RG,6775,3,D,NI,YB,D
13:30:01,INDF,RG,6775,1,F,ZP,YB,D
13:30:01,INDF,RG,6775,1,D,YU,YB,D
11:29:52,INDF,RG,6775,1,F,AK,AK,F
11:29:51,INDF,RG,6775,9,F,AK,CS,F
11:29:51,INDF,RG,6775,2,F,AK,AK,F
11:29:51,INDF,RG,6775,4,F,AK,AK,F
11:29:50,INDF,RG,6775,5,F,AK,AK,F
11:29:50,INDF,RG,6775,2,F,DX,AK,F
11:29:43,INDF,RG,6775,9,F,DX,YU,F
11:29:35,INDF,RG,6775,1,F,DX,AK,F
11:29:35,INDF,RG,6775,10,F,DX,AK,F
11:29:17,INDF,RG,6775,59,F,DX,CS,F
11:29:17,INDF,RG,6775,2,F,DX,CS,F
11:29:17,INDF,RG,6775,54,F,DX,CS,F
11:29:17,INDF,RG,6775,2,F,DX,CS,F
11:29:16,INDF,RG,6775,3,D,NI,CS,F
11:29:10,INDF,RG,6775,12,D,DH,ZP,F
11:28:27,INDF,RG,6775,102,D,DH,ZP,F
11:28:27,INDF,RG,6775,9,D,DH,AK,F
11:28:16,INDF,RG,6775,1,F,AK,AK,F
11:28:15,INDF,RG,6775,1,F,ZP,CS,F
11:28:15,INDF,RG,6775,1,F,CS,CS,F
11:28:14,INDF,RG,6775,1,D,NI,CS,F
11:28:14,INDF,RG,6775,20,D,NI,YU,D
11:28:14,INDF,RG,6775,1,D,NI,AK,F
11:28:14,INDF,RG,6775,99,D,NI,ZP,F
11:28:14,INDF,RG,6775,21,D,NI,ZP,F
11:28:14,INDF,RG,6775,7,D,NI,ZP,F
11:28:14,INDF,RG,6775,92,D,NI,ZP,F
11:28:14,INDF,RG,6775,167,D,NI,ZP,F
11:28:14,INDF,RG,6775,4,D,NI,XC,D
11:28:14,INDF,RG,6775,29,D,NI,XL,D
11:28:14,INDF,RG,6775,2,D,NI,ZP,F
11:28:14,INDF,RG,6775,10,D,NI,YU,F
11:28:14,INDF,RG,6775,14,D,NI,CS,F
11:28:14,INDF,RG,6775,7,D,NI,CS,F
11:28:14,INDF,RG,6775,7,D,NI,CS,F
11:28:14,INDF,RG,6775,10,D,NI,CS,F
11:28:14,INDF,RG,6775,5,D,NI,CS,F
11:28:14,INDF,RG,6775,4,D,NI,CS,F
11:27:50,INDF,RG,6750,1,F,DX,PD,D
11:27:29,INDF,RG,6775,1,F,CS,CS,F
11:27:16,INDF,RG,6775,1,F,AK,CS,F
11:27:16,INDF,RG,6775,1,F,AK,CS,F
11:26:31,INDF,RG,6775,1,F,AK,AK,F
11:26:08,INDF,RG,6775,1,F,CS,AK,F
11:26:02,INDF,RG,6775,1,F,ZP,AK,F
11:26:01,INDF,RG,6775,20,D,YP,AK,F
11:25:31,INDF,RG,6775,1,F,AK,AK,F
11:25:31,INDF,RG,6775,1,F,AK,AK,F
11:25:16,INDF,RG,6750,146,F,DX,AK,F
11:25:08,INDF,RG,6775,2,F,ZP,AK,F
11:24:46,INDF,RG,6775,1,F,AK,AK,F
11:24:37,INDF,RG,6775,1,F,CS,AK,F
11:24:34,INDF,RG,6775,8,D,DH,AK,F
11:24:16,INDF,RG,6775,1,F,AK,AK,F
11:23:05,INDF,RG,6775,1,F,CS,AK,F
11:22:54,INDF,RG,6775,1,F,ZP,AK,F
11:22:42,INDF,RG,6775,1,D,YP,AK,F
11:21:55,INDF,RG,6775,1,D,KK,AK,F
11:21:30,INDF,RG,6775,10,D,EP,AK,F
11:21:16,INDF,RG,6775,7,D,PD,AK,F
11:20:50,INDF,RG,6775,27,D,XC,AK,F
11:19:30,INDF,RG,6775,3,D,CC,AK,F
11:18:42,INDF,RG,6750,23,F,DX,SQ,D
11:18:42,INDF,RG,6750,1,F,CS,SQ,D
11:18:42,INDF,RG,6750,1,F,CS,SQ,D
11:18:15,INDF,RG,6775,3,D,EP,AK,F
11:17:57,INDF,RG,6775,2,F,CS,AK,F
11:16:12,INDF,RG,6775,19,F,BK,AK,F
11:16:10,INDF,RG,6775,14,F,BK,AK,F
11:16:06,INDF,RG,6750,1,F,BK,YP,D
11:16:06,INDF,RG,6750,4,F,BK,ZP,F
11:16:05,INDF,RG,6750,5,D,YP,ZP,F
11:16:04,INDF,RG,6750,2,D,XC,ZP,F
11:16:04,INDF,RG,6750,2,D,XC,YU,F
11:16:03,INDF,RG,6750,8,D,CC,YU,F
11:16:03,INDF,RG,6750,9,D,CC,YU,F
11:16:03,INDF,RG,6750,10,D,CC,YU,F
11:16:03,INDF,RG,6750,66,D,CC,AK,F
11:16:03,INDF,RG,6750,7,D,CC,ZP,F
11:15:55,INDF,RG,6750,20,D,EP,ZP,F
11:15:18,INDF,RG,6750,10,D,EP,ZP,F
11:15:06,INDF,RG,6750,1,F,CS,ZP,F
11:14:45,INDF,RG,6750,10,D,DR,ZP,F
11:14:45,INDF,RG,6725,1,D,DH,XC,D
11:14:17,INDF,RG,6750,5,D,YP,ZP,F
11:14:11,INDF,RG,6750,5,D,YP,ZP,F
11:14:09,INDF,RG,6750,16,F,BK,ZP,F
11:14:05,INDF,RG,6750,14,F,BK,ZP,F
11:13:59,INDF,RG,6750,29,F,BK,ZP,F
11:13:59,INDF,RG,6750,14,F,BK,YU,F
11:13:59,INDF,RG,6750,14,F,BK,YU,F
11:13:59,INDF,RG,6750,9,F,BK,YU,F
11:13:59,INDF,RG,6750,9,F,BK,YU,F
11:13:58,INDF,RG,6725,13,D,DH,AK,F
11:13:58,INDF,RG,6725,42,D,DH,AK,F
11:13:58,INDF,RG,6725,65,D,DH,AK,F
11:13:58,INDF,RG,6725,22,D,DH,AK,F
11:13:55,INDF,RG,6725,1,F,CS,AK,F
11:13:54,INDF,RG,6725,29,F,AK,AK,F
11:13:54,INDF,RG,6725,74,F,AK,AK,F
11:13:54,INDF,RG,6725,12,F,AK,CS,F
11:13:54,INDF,RG,6725,21,F,AK,CS,F
11:13:54,INDF,RG,6725,105,F,AK,YU,F
11:13:54,INDF,RG,6725,11,F,AK,AK,F
11:13:54,INDF,RG,6725,12,F,AK,AK,F
11:13:54,INDF,RG,6725,14,F,AK,CS,F
11:13:54,INDF,RG,6725,58,F,AK,ZP,F
11:13:54,INDF,RG,6725,664,F,AK,OD,D
11:13:53,INDF,RG,6725,1,D,XC,OD,D
11:13:28,INDF,RG,6725,10,D,CC,OD,D
11:13:22,INDF,RG,6725,2,D,PD,OD,D
11:12:51,INDF,RG,6725,1,D,YP,OD,D
11:12:20,INDF,RG,6725,13,F,BK,OD,D
11:12:18,INDF,RG,6725,100,D,YP,OD,D
11:12:12,INDF,RG,6700,22,D,SQ,BK,F
11:12:12,INDF,RG,6725,21,F,BK,OD,D
11:12:09,INDF,RG,6700,5,D,PD,BK,F
11:12:09,INDF,RG,6700,1,D,PD,BK,F
11:12:09,INDF,RG,6700,1,D,PD,BK,F
11:12:09,INDF,RG,6700,2,D,PD,BK,F
11:12:09,INDF,RG,6700,5,D,YP,BK,F
11:12:09,INDF,RG,6700,1,D,GR,BK,F
11:12:09,INDF,RG,6700,7,D,YP,BK,F
11:12:08,INDF,RG,6725,42,F,BK,OD,D
11:12:06,INDF,RG,6700,1,D,YP,YP,D
11:12:06,INDF,RG,6700,1,D,YP,YP,D
11:12:06,INDF,RG,6700,16,D,YP,GR,D
11:12:06,INDF,RG,6700,31,D,GR,GR,D
11:12:06,INDF,RG,6700,69,D,GR,BK,F
11:12:06,INDF,RG,6700,1,D,XC,BK,F
11:12:06,INDF,RG,6700,2,D,KK,BK,F
11:12:06,INDF,RG,6700,1,D,AZ,BK,F
11:12:06,INDF,RG,6700,100,D,YB,BK,F
11:12:06,INDF,RG,6700,2,D,TF,BK,F
11:12:03,INDF,RG,6725,1000,F,AK,OD,D
11:12:02,INDF,RG,6725,394,F,BK,OD,D
11:12:01,INDF,RG,6725,2,D,YP,OD,D
11:12:01,INDF,RG,6725,10,D,CC,OD,D
11:12:01,INDF,RG,6725,91,F,DX,OD,D
11:12:01,INDF,RG,6725,1,D,BB,OD,D
11:12:01,INDF,RG,6725,10,F,CC,OD,D
11:12:01,INDF,RG,6725,10,F,BK,OD,D
11:12:01,INDF,RG,6725,121,F,DX,OD,D
11:12:01,INDF,RG,6725,2,D,YU,OD,D
11:12:01,INDF,RG,6725,351,F,BK,OD,D
11:12:01,INDF,RG,6725,100,D,CP,OD,D
11:12:01,INDF,RG,6725,1,D,SQ,OD,D
11:12:01,INDF,RG,6725,2,D,DR,OD,D
11:12:01,INDF,RG,6725,100,D,YP,OD,D
11:12:01,INDF,RG,6725,320,F,BK,OD,D
11:12:01,INDF,RG,6725,2,F,AK,OD,D
11:12:01,INDF,RG,6725,10,F,YU,OD,D
11:12:01,INDF,RG,6725,1,F,ZP,OD,D
11:12:01,INDF,RG,6725,1,D,PD,OD,D
11:12:01,INDF,RG,6725,20,D,CC,OD,D
11:12:01,INDF,RG,6725,63,F,DX,OD,D
11:12:01,INDF,RG,6725,343,F,AK,OD,D
11:12:01,INDF,RG,6725,1,D,SQ,OD,D
11:12:01,INDF,RG,6725,3,D,CC,OD,D
11:12:01,INDF,RG,6725,26,D,PD,OD,D
11:12:01,INDF,RG,6725,1,D,YP,OD,D
11:12:01,INDF,RG,6725,1,D,YP,OD,D
11:12:01,INDF,RG,6725,20,D,CC,OD,D
11:12:01,INDF,RG,6725,5,D,YP,OD,D
11:12:01,INDF,RG,6725,150,D,AR,OD,D
11:12:01,INDF,RG,6725,30,D,XA,OD,D
11:12:01,INDF,RG,6725,30,D,XA,OD,D
11:12:01,INDF,RG,6725,2,D,DR,OD,D
11:12:01,INDF,RG,6725,10,D,YP,OD,D
11:12:01,INDF,RG,6725,5,D,XC,OD,D
11:12:01,INDF,RG,6725,1,D,PD,OD,D
11:12:01,INDF,RG,6725,1,D,YP,OD,D
11:12:01,INDF,RG,6725,10,D,PG,OD,D
11:12:01,INDF,RG,6725,1,D,YB,OD,D
11:12:01,INDF,RG,6725,50,D,KK,OD,D
11:12:01,INDF,RG,6725,3,D,XL,OD,D
11:12:01,INDF,RG,6725,236,D,PD,OD,D
11:12:01,INDF,RG,6725,25,D,YP,OD,D
11:12:01,INDF,RG,6725,10,D,NI,OD,D
11:12:01,INDF,RG,6725,300,D,CC,OD,D
11:12:01,INDF,RG,6725,11,D,KK,OD,D
11:12:01,INDF,RG,6750,4,D,YU,OD,D
11:12:01,INDF,RG,6750,11,F,ZP,OD,D
11:12:01,INDF,RG,6750,6,D,XL,OD,D
11:12:01,INDF,RG,6750,20,F,ZP,OD,D
11:12:01,INDF,RG,6750,206,F,BK,OD,D
11:12:01,INDF,RG,6750,10,F,ZP,OD,D
11:12:01,INDF,RG,6750,1,F,DX,OD,D
11:12:01,INDF,RG,6750,1,F,ZP,OD,D
11:11:54,INDF,RG,6775,1,D,CC,YU,F
11:11:16,INDF,RG,6775,55,F,DX,YU,F
11:11:14,INDF,RG,6775,15,F,BK,YU,F
11:11:14,INDF,RG,6775,6,F,BK,YU,F
11:11:12,INDF,RG,6775,11,F,BK,YU,F
11:11:12,INDF,RG,6775,14,F,BK,CS,F
11:11:12,INDF,RG,6775,16,F,BK,CS,F
11:11:12,INDF,RG,6775,21,F,BK,BK,F
11:11:09,INDF,RG,6750,1,F,BK,CS,F
11:11:09,INDF,RG,6750,4,F,BK,CS,F
11:11:09,INDF,RG,6750,11,F,BK,AK,F
11:11:08,INDF,RG,6750,1,D,XC,AK,F
11:11:06,INDF,RG,6750,11,F,BK,AK,F
11:11:06,INDF,RG,6750,254,F,BK,ZP,F
11:11:06,INDF,RG,6750,1,F,BK,CS,F
11:11:06,INDF,RG,6750,16,F,BK,CS,F
11:11:06,INDF,RG,6750,14,F,BK,CS,F
11:11:06,INDF,RG,6750,13,F,BK,CS,F
11:11:06,INDF,RG,6750,85,F,BK,BK,F
11:11:04,INDF,RG,6750,72,F,DX,BK,F
11:11:04,INDF,RG,6750,104,F,BK,BK,F
11:11:02,INDF,RG,6750,78,F,BK,BK,F
11:11:02,INDF,RG,6750,66,F,BK,AK,F
11:11:02,INDF,RG,6750,6,F,BK,ZP,F
11:11:02,INDF,RG,6750,20,F,BK,CS,F
11:11:02,INDF,RG,6750,7,F,BK,ZP,F
11:11:02,INDF,RG,6750,162,F,BK,ZP,F
11:11:02,INDF,RG,6725,30,D,KK,CC,D
11:11:01,INDF,RG,6725,49,D,KK,BK,F
11:11:01,INDF,RG,6725,10,D,KK,BK,F
11:11:01,INDF,RG,6725,5,D,CC,BK,F
11:11:01,INDF,RG,6725,1,D,XL,BK,F
11:11:01,INDF,RG,6725,4,D,CC,BK,F
11:11:01,INDF,RG,6725,1,D,YP,BK,F
11:11:01,INDF,RG,6725,10,D,SQ,BK,F
11:11:01,INDF,RG,6725,1,D,TF,BK,F
11:11:01,INDF,RG,6725,15,D,YP,BK,F
11:11:01,INDF,RG,6725,1,D,HD,BK,F
11:11:01,INDF,RG,6725,15,D,EP,BK,F
11:11:01,INDF,RG,6725,1,D,YB,BK,F
11:11:01,INDF,RG,6725,5,D,CC,BK,F
11:11:01,INDF,RG,6725,10,D,EP,BK,F
11:11:01,INDF,RG,6725,1,D,DR,BK,F
11:11:01,INDF,RG,6725,20,D,GR,BK,F
11:11:01,INDF,RG,6725,3,D,XC,BK,F
11:11:01,INDF,RG,6725,10,D,SQ,BK,F
11:11:01,INDF,RG,6725,5,D,YP,BK,F
11:11:01,INDF,RG,6725,1,D,PD,BK,F
11:11:01,INDF,RG,6725,6,D,PD,BK,F
11:11:01,INDF,RG,6725,100,D,YB,BK,F
11:11:01,INDF,RG,6725,5,D,CC,BK,F
11:11:01,INDF,RG,6725,5,D,NI,BK,F
11:11:01,INDF,RG,6725,1,D,KK,BK,F
11:11:01,INDF,RG,6725,5,D,AZ,BK,F
11:11:01,INDF,RG,6725,5,D,PD,BK,F
11:11:01,INDF,RG,6725,5,D,YP,BK,F
11:11:01,INDF,RG,6725,1,D,XL,BK,F
11:11:01,INDF,RG,6725,1,D,PD,BK,F
11:11:01,INDF,RG,6725,2,D,YP,BK,F
11:11:01,INDF,RG,6725,3,D,YB,BK,F
11:11:01,INDF,RG,6725,10,D,DR,BK,F
11:11:01,INDF,RG,6725,1,D,AZ,BK,F
11:11:01,INDF,RG,6750,90,F,BK,ZP,F
11:11:00,INDF,RG,6750,222,F,DX,ZP,F
11:10:58,INDF,RG,6750,45,F,BK,ZP,F
11:10:58,INDF,RG,6750,25,F,BK,CS,F
11:10:58,INDF,RG,6750,13,F,BK,CS,F
11:10:58,INDF,RG,6750,10,F,BK,GR,D
11:10:58,INDF,RG,6750,1775,F,BK,OD,D
11:10:58,INDF,RG,6750,91,F,BK,OD,D
11:10:57,INDF,RG,6750,2,F,AK,OD,D
11:10:57,INDF,RG,6750,15,D,XC,OD,D
11:10:57,INDF,RG,6750,1,D,PD,OD,D
11:10:57,INDF,RG,6750,173,F,ZP,OD,D
11:10:57,INDF,RG,6750,100,D,CP,OD,D
11:10:57,INDF,RG,6750,95,D,XC,OD,D
11:10:57,INDF,RG,6750,1,D,CC,OD,D
11:10:57,INDF,RG,6750,5,F,ZP,OD,D
11:10:57,INDF,RG,6750,10,D,CC,OD,D
11:10:57,INDF,RG,6750,1,D,CD,OD,D
11:10:57,INDF,RG,6750,1,F,AK,OD,D
11:10:57,INDF,RG,6750,30,D,XA,OD,D
11:10:57,INDF,RG,6750,1,D,DR,OD,D
11:10:57,INDF,RG,6750,10,D,CC,OD,D
11:10:57,INDF,RG,6750,422,F,BK,OD,D
11:10:57,INDF,RG,6750,1,F,CS,OD,D
11:10:57,INDF,RG,6750,1,D,PD,OD,D
11:10:57,INDF,RG,6750,45,F,DX,OD,D
11:10:57,INDF,RG,6750,10,D,KK,OD,D
11:10:57,INDF,RG,6750,72,D,PD,OD,D
11:10:57,INDF,RG,6750,10,D,DR,OD,D
11:10:57,INDF,RG,6750,100,D,DH,OD,D
11:10:57,INDF,RG,6750,10,D,HP,OD,D
11:10:57,INDF,RG,6750,1,F,AK,OD,D
11:10:57,INDF,RG,6750,10,F,ZP,OD,D
11:10:57,INDF,RG,6750,29,D,XL,OD,D
11:10:57,INDF,RG,6750,1,D,YP,OD,D
11:10:57,INDF,RG,6750,1,D,YP,OD,D
11:10:57,INDF,RG,6750,1,D,SQ,OD,D
11:10:57,INDF,RG,6750,5,D,XC,OD,D
11:10:57,INDF,RG,6750,9,F,ZP,OD,D
11:10:57,INDF,RG,6750,20,D,YP,OD,D
11:10:57,INDF,RG,6750,20,D,CC,OD,D
11:10:57,INDF,RG,6750,5,D,SQ,OD,D
11:10:57,INDF,RG,6750,1,F,CS,OD,D
11:10:57,INDF,RG,6750,9,F,ZP,OD,D
11:10:57,INDF,RG,6750,16,D,BB,OD,D
11:10:57,INDF,RG,6750,19,F,CC,OD,D
11:10:57,INDF,RG,6750,58,F,DX,OD,D
11:10:57,INDF,RG,6750,11,F,ZP,OD,D
11:10:57,INDF,RG,6750,7,F,ZP,OD,D
11:10:57,INDF,RG,6750,1,D,NI,OD,D
11:10:57,INDF,RG,6750,3,F,AK,OD,D
11:10:57,INDF,RG,6750,5,D,OD,OD,D
11:10:57,INDF,RG,6750,1,D,ZP,OD,D
11:10:57,INDF,RG,6750,2,F,AK,OD,D
11:10:57,INDF,RG,6750,2,D,XC,OD,D
11:10:57,INDF,RG,6750,2,D,XC,OD,D
11:10:57,INDF,RG,6750,5,D,NI,OD,D
11:10:57,INDF,RG,6750,1,D,CC,OD,D
11:10:57,INDF,RG,6750,1,D,YP,OD,D
11:10:57,INDF,RG,6750,5,D,CC,OD,D
11:10:57,INDF,RG,6750,10,D,DX,OD,D
11:10:57,INDF,RG,6750,10,D,YP,OD,D
11:10:57,INDF,RG,6750,10,D,PD,OD,D
11:10:57,INDF,RG,6750,20,D,CC,OD,D
11:10:57,INDF,RG,6750,20,D,CC,OD,D
11:10:57,INDF,RG,6750,10,D,YP,OD,D
11:10:57,INDF,RG,6750,78,D,PD,OD,D
11:10:57,INDF,RG,6750,1,D,XC,OD,D
11:10:57,INDF,RG,6750,1,D,XC,OD,D
11:10:57,INDF,RG,6750,90,D,ZP,OD,D
11:10:57,INDF,RG,6750,1,D,PD,OD,D
11:10:57,INDF,RG,6750,1,F,AK,OD,D
11:10:57,INDF,RG,6750,2,F,AK,OD,D
11:10:57,INDF,RG,6750,2,D,DR,OD,D
11:10:57,INDF,RG,6750,1,D,PD,OD,D
11:10:57,INDF,RG,6750,1,D,CC,OD,D
11:10:57,INDF,RG,6750,5,D,DH,OD,D
11:10:57,INDF,RG,6750,1,D,XC,OD,D
11:10:57,INDF,RG,6750,1,D,PD,OD,D
11:10:57,INDF,RG,6750,5,D,PD,OD,D
11:10:57,INDF,RG,6750,1,D,YP,OD,D
11:10:57,INDF,RG,6750,5,D,DH,OD,D
11:10:57,INDF,RG,6750,1,D,XC,OD,D
11:10:57,INDF,RG,6750,2,D,DR,OD,D
11:10:57,INDF,RG,6750,5,D,YP,OD,D
11:10:57,INDF,RG,6750,1,D,XC,OD,D
11:10:57,INDF,RG,6750,1,D,XC,OD,D
11:10:57,INDF,RG,6750,136,F,DX,OD,D
11:10:57,INDF,RG,6750,3,D,XL,OD,D
11:10:57,INDF,RG,6750,20,D,YP,OD,D
11:10:57,INDF,RG,6750,20,D,CC,OD,D
11:10:57,INDF,RG,6750,1,D,XC,OD,D
11:10:57,INDF,RG,6750,10,D,SH,OD,D
11:10:57,INDF,RG,6750,1,D,DR,OD,D
11:10:57,INDF,RG,6750,1,D,PD,OD,D
11:10:57,INDF,RG,6750,300,D,CC,OD,D
11:10:57,INDF,RG,6750,30,D,NI,OD,D
11:10:57,INDF,RG,6750,2,D,GR,OD,D
11:10:57,INDF,RG,6750,11,D,YP,OD,D
11:10:57,INDF,RG,6750,10,D,YP,OD,D
11:10:57,INDF,RG,6750,1,D,PD,OD,D
11:10:57,INDF,RG,6750,1,D,NI,OD,D
11:10:57,INDF,RG,6750,2,D,PD,OD,D
11:10:57,INDF,RG,6750,7,D,YP,OD,D
11:10:57,INDF,RG,6750,10,D,CC,OD,D
11:10:57,INDF,RG,6750,2,D,SQ,OD,D
11:10:57,INDF,RG,6750,1,D,DR,OD,D
11:10:57,INDF,RG,6750,1,D,XC,OD,D
11:10:57,INDF,RG,6750,2,D,SQ,OD,D
11:10:57,INDF,RG,6750,5,D,PD,OD,D
11:10:57,INDF,RG,6750,1,D,TF,OD,D
11:10:57,INDF,RG,6750,5,D,CC,OD,D
11:10:57,INDF,RG,6750,1,D,YB,OD,D
11:10:57,INDF,RG,6750,10,D,YP,OD,D
11:10:57,INDF,RG,6750,1,D,XC,OD,D
11:10:57,INDF,RG,6750,10,D,SQ,OD,D
11:10:57,INDF,RG,6750,5,D,DR,OD,D
11:10:57,INDF,RG,6750,5,D,YP,OD,D
11:10:57,INDF,RG,6750,16,D,XL,OD,D
11:10:57,INDF,RG,6750,2,D,DH,OD,D
11:10:57,INDF,RG,6750,2,D,NI,OD,D
11:10:57,INDF,RG,6750,100,D,YP,OD,D
11:10:57,INDF,RG,6750,5,D,YP,OD,D
11:10:57,INDF,RG,6750,25,D,KK,OD,D
11:10:57,INDF,RG,6750,2,D,CC,OD,D
11:10:57,INDF,RG,6750,1,D,GR,OD,D
11:10:57,INDF,RG,6750,1,D,XC,OD,D
11:10:57,INDF,RG,6750,1,D,AT,OD,D
11:10:57,INDF,RG,6750,1,D,XC,OD,D
11:10:57,INDF,RG,6750,3,D,YP,OD,D
11:10:57,INDF,RG,6750,1,D,GR,OD,D
11:10:57,INDF,RG,6750,1,D,PD,OD,D
11:10:57,INDF,RG,6750,5,D,XC,OD,D
11:10:57,INDF,RG,6750,2,D,DR,OD,D
11:10:57,INDF,RG,6750,2,D,NI,OD,D
11:10:57,INDF,RG,6750,1,D,DR,OD,D
11:10:57,INDF,RG,6750,5,D,CC,OD,D
11:10:57,INDF,RG,6750,10,D,YP,OD,D
11:10:57,INDF,RG,6750,9,D,YP,OD,D
11:10:57,INDF,RG,6750,200,D,CC,OD,D
11:10:57,INDF,RG,6750,469,F,AK,OD,D
11:10:57,INDF,RG,6750,2,F,BK,OD,D
11:10:47,INDF,RG,6750,9,F,BK,YU,F
11:10:32,INDF,RG,6750,1,F,BK,CC,D
11:10:18,INDF,RG,6775,1,F,AK,BK,F
11:10:18,INDF,RG,6750,17,F,BK,ZP,F
11:10:18,INDF,RG,6775,1,F,CS,BK,F
11:09:33,INDF,RG,6750,53,F,BK,ZP,F
11:09:22,INDF,RG,6775,5,D,CC,BK,F
11:08:47,INDF,RG,6775,1,F,CS,BK,F
11:08:43,INDF,RG,6775,20,D,XA,BK,F
11:08:24,INDF,RG,6775,33,F,DX,BK,F
11:08:23,INDF,RG,6775,100,D,CP,BK,F
11:08:10,INDF,RG,6750,1,F,BK,DH,D
11:07:48,INDF,RG,6750,7,F,BK,ZP,F
11:07:05,INDF,RG,6750,1,F,BK,XC,D
11:06:38,INDF,RG,6750,24,F,BK,ZP,F
11:06:22,INDF,RG,6750,3,F,BK,PD,D
11:05:58,INDF,RG,6775,15,D,NI,BK,F
11:05:33,INDF,RG,6750,10,F,BK,DR,D
11:05:16,INDF,RG,6750,8,F,BK,DR,D
11:05:16,INDF,RG,6750,5,D,YP,DR,D
11:05:15,INDF,RG,6750,1,D,GR,ZP,F
11:05:15,INDF,RG,6750,1,D,XL,ZP,F
11:05:15,INDF,RG,6750,13,D,YP,ZP,F
11:04:31,INDF,RG,6750,12,D,YP,ZP,F
11:04:31,INDF,RG,6750,4,D,DH,ZP,F
11:04:21,INDF,RG,6750,4,D,DH,BK,F
11:04:21,INDF,RG,6750,8,D,DR,BK,F
11:04:18,INDF,RG,6750,2,D,DR,BK,F
11:04:18,INDF,RG,6750,6,D,KK,BK,F
11:04:18,INDF,RG,6750,1,D,AZ,BK,F
11:04:18,INDF,RG,6750,5,D,PD,BK,F
11:04:18,INDF,RG,6750,1,D,KK,BK,F
11:04:18,INDF,RG,6750,44,D,GR,BK,F
11:04:14,INDF,RG,6775,72,F,DX,BK,F
11:04:14,INDF,RG,6775,492,F,ZP,BK,F
11:04:14,INDF,RG,6775,1,D,PD,BK,F
11:04:14,INDF,RG,6775,1,F,AK,BK,F
11:04:14,INDF,RG,6775,1,D,BB,BK,F
11:04:14,INDF,RG,6775,12,F,ZP,BK,F
11:04:14,INDF,RG,6775,1,F,AK,BK,F
11:04:14,INDF,RG,6775,39,F,ZP,BK,F
11:04:14,INDF,RG,6775,12,F,YU,BK,F
11:04:14,INDF,RG,6775,2,F,CS,BK,F
11:04:14,INDF,RG,6775,39,F,ZP,BK,F
11:04:14,INDF,RG,6775,16,F,ZP,BK,F
11:04:14,INDF,RG,6775,20,D,CC,BK,F
11:04:14,INDF,RG,6775,1,D,DR,BK,F
11:04:14,INDF,RG,6775,14,D,YP,BK,F
11:04:14,INDF,RG,6775,5,F,YU,BK,F
11:04:14,INDF,RG,6775,2,D,PD,BK,F
11:04:14,INDF,RG,6775,2,D,DR,BK,F
11:04:14,INDF,RG,6775,5,D,GR,BK,F
11:04:14,INDF,RG,6775,1,D,PD,BK,F
11:04:14,INDF,RG,6775,1,D,YP,BK,F
11:04:14,INDF,RG,6775,10,D,YP,BK,F
11:04:14,INDF,RG,6775,5,D,XC,BK,F
11:04:14,INDF,RG,6775,10,D,YP,BK,F
11:04:14,INDF,RG,6775,5,F,YU,BK,F
11:04:14,INDF,RG,6775,25,F,CC,BK,F
11:04:14,INDF,RG,6775,12,D,PD,BK,F
11:04:08,INDF,RG,6775,10,D,PD,YU,F
11:03:49,INDF,RG,6775,1,D,PD,YU,F
11:03:49,INDF,RG,6775,11,D,CC,YU,F
11:03:46,INDF,RG,6775,9,D,CC,BK,F
11:03:46,INDF,RG,6775,1,D,PD,BK,F
11:03:46,INDF,RG,6775,1,D,SQ,BK,F
11:03:46,INDF,RG,6775,2,D,XC,BK,F
11:03:46,INDF,RG,6775,1,D,XC,BK,F
11:03:46,INDF,RG,6775,9,D,YP,BK,F
11:03:44,INDF,RG,6775,5,D,YP,YU,F
11:03:44,INDF,RG,6775,1,D,PD,YU,F
11:03:44,INDF,RG,6775,16,D,CC,YU,F
11:03:41,INDF,RG,6775,4,D,CC,YU,F
11:03:41,INDF,RG,6775,1,F,AK,YU,F
11:03:41,INDF,RG,6775,1,F,AK,YU,F
11:03:41,INDF,RG,6775,4,D,XC,YU,F
11:03:41,INDF,RG,6775,12,D,XC,YU,F
11:03:40,INDF,RG,6775,17,D,XC,YU,F
11:03:34,INDF,RG,6775,15,D,XC,AK,F
11:03:33,INDF,RG,6775,13,D,XC,BK,F
11:03:28,INDF,RG,6775,32,D,XC,BK,F
11:03:27,INDF,RG,6775,23,D,XC,YU,F
11:03:23,INDF,RG,6775,170,D,XC,BK,F
11:03:23,INDF,RG,6775,20,D,CC,BK,F
11:03:23,INDF,RG,6775,1,D,XC,BK,F
11:03:23,INDF,RG,6775,3,D,YU,BK,F
11:03:23,INDF,RG,6775,10,D,GR,BK,F
11:03:23,INDF,RG,6775,77,D,YP,BK,F
11:03:23,INDF,RG,6775,5,D,XC,BK,F
11:03:23,INDF,RG,6775,1,D,XC,BK,F
11:03:23,INDF,RG,6775,29,D,XC,AK,F
11:03:23,INDF,RG,6775,67,D,XC,CS,F
11:03:23,INDF,RG,6775,59,D,XC,AK,F
11:03:22,INDF,RG,6775,376,D,XC,BK,F
11:03:22,INDF,RG,6775,2,D,CC,BK,F
11:03:22,INDF,RG,6775,2,D,DR,BK,F
11:03:22,INDF,RG,6775,1,F,AK,BK,F
11:03:22,INDF,RG,6775,10,D,CC,BK,F
11:03:22,INDF,RG,6775,20,D,CC,BK,F
11:03:22,INDF,RG,6775,38,F,DX,BK,F
11:03:22,INDF,RG,6775,2,F,AK,BK,F
11:03:22,INDF,RG,6775,1,D,PD,BK,F
11:03:22,INDF,RG,6775,315,F,AK,BK,F
11:03:22,INDF,RG,6775,200,D,CC,BK,F
11:03:22,INDF,RG,6775,1,F,AK,BK,F
11:03:22,INDF,RG,6775,5,D,XL,BK,F
11:03:22,INDF,RG,6775,1,D,YP,BK,F
11:03:22,INDF,RG,6775,1,D,XC,BK,F
11:03:22,INDF,RG,6775,8,F,ZP,BK,F
11:03:22,INDF,RG,6775,10,D,CC,BK,F
11:03:22,INDF,RG,6775,1,D,XC,BK,F
11:03:22,INDF,RG,6775,6,D,GR,BK,F
11:03:21,INDF,RG,6800,68,F,DX,KZ,F
11:03:21,INDF,RG,6775,194,D,GR,BK,F
11:03:21,INDF,RG,6775,2,D,XC,BK,F
11:03:21,INDF,RG,6775,6,D,YU,BK,F
11:03:21,INDF,RG,6775,1,D,XC,BK,F
11:03:21,INDF,RG,6775,1,D,XC,BK,F
11:03:21,INDF,RG,6775,1,D,NI,BK,F
11:03:21,INDF,RG,6775,20,D,CC,BK,F
11:03:21,INDF,RG,6775,2,D,PD,BK,F
11:03:21,INDF,RG,6775,2,F,CS,BK,F
11:03:21,INDF,RG,6775,12,D,XC,BK,F
11:03:21,INDF,RG,6775,5,D,PD,BK,F
11:03:21,INDF,RG,6775,3,D,DR,BK,F
11:03:21,INDF,RG,6775,16,D,XL,BK,F
11:03:21,INDF,RG,6775,1,F,ZP,BK,F
11:03:21,INDF,RG,6775,3,D,YU,BK,F
11:03:21,INDF,RG,6775,20,D,CC,BK,F
11:03:21,INDF,RG,6775,3,D,YB,BK,F
11:03:21,INDF,RG,6775,10,D,NI,BK,F
11:03:21,INDF,RG,6775,20,D,CC,BK,F
11:03:21,INDF,RG,6775,4,D,PD,BK,F
11:03:21,INDF,RG,6775,11,F,ZP,BK,F
11:03:21,INDF,RG,6775,1,D,BB,BK,F
11:03:21,INDF,RG,6775,1,D,CP,BK,F
11:03:21,INDF,RG,6775,3,D,NI,BK,F
11:03:21,INDF,RG,6775,1,D,PD,BK,F
11:03:21,INDF,RG,6775,20,D,CC,BK,F
11:03:21,INDF,RG,6775,1,F,AK,BK,F
11:03:21,INDF,RG,6775,179,F,DX,BK,F
11:03:21,INDF,RG,6775,2,F,AK,BK,F
11:03:21,INDF,RG,6775,4,F,AK,BK,F
11:03:21,INDF,RG,6775,451,D,CC,BK,F
11:03:21,INDF,RG,6800,41,F,DX,KZ,F
11:03:21,INDF,RG,6775,38,D,CC,ZP,F
11:03:20,INDF,RG,6775,12,D,CC,BK,F
11:03:20,INDF,RG,6775,1000,D,CC,BK,F
11:03:19,INDF,RG,6775,140,D,CC,NI,D
11:03:07,INDF,RG,6800,1,D,BB,KZ,F
11:02:58,INDF,RG,6800,3,F,ZP,KZ,F
11:02:50,INDF,RG,6775,12,D,CC,BK,F
11:02:49,INDF,RG,6775,127,D,CC,AK,F
11:02:26,INDF,RG,6775,14,D,CC,YU,F
11:02:14,INDF,RG,6800,1,D,BB,KZ,F
11:02:11,INDF,RG,6775,12,D,CC,BK,F
11:02:09,INDF,RG,6775,36,D,CC,ZP,F
11:01:23,INDF,RG,6800,1,D,BB,KZ,F
11:01:15,INDF,RG,6800,2,F,CS,KZ,F
11:01:01,INDF,RG,6800,1,F,AK,KZ,F
11:01:01,INDF,RG,6800,1,F,AK,KZ,F
11:00:50,INDF,RG,6800,10,D,XC,KZ,F
11:00:47,INDF,RG,6775,14,D,CC,YU,F
11:00:45,INDF,RG,6775,2,D,CC,CC,D
11:00:31,INDF,RG,6800,1,D,BB,KZ,F
11:00:26,INDF,RG,6775,8,D,CC,YU,F
11:00:11,INDF,RG,6775,19,D,CC,ZP,F
10:59:46,INDF,RG,6800,1,D,BB,KZ,F
10:59:41,INDF,RG,6800,1,F,ZP,KZ,F
10:59:28,INDF,RG,6775,19,D,CC,ZP,F
10:59:27,INDF,RG,6775,1,D,CC,DR,D
10:59:21,INDF,RG,6800,1,F,ZP,KZ,F
10:59:19,INDF,RG,6800,5,D,OD,KZ,F
10:59:00,INDF,RG,6800,1,D,BB,KZ,F
10:59:00,INDF,RG,6775,10,D,CC,DR,D
10:58:12,INDF,RG,6800,2,F,CS,KZ,F
10:58:11,INDF,RG,6800,1,D,BB,KZ,F
10:58:00,INDF,RG,6775,10,D,CC,YU,F
10:57:55,INDF,RG,6775,6,D,CC,ZP,F
10:57:31,INDF,RG,6800,1,F,AK,KZ,F
10:57:31,INDF,RG,6800,2,F,AK,KZ,F
10:57:23,INDF,RG,6800,1,D,BB,KZ,F
10:57:23,INDF,RG,6775,14,D,CC,BK,F
10:57:21,INDF,RG,6775,55,D,CC,CS,F
10:57:21,INDF,RG,6775,30,D,XC,CS,F
10:57:21,INDF,RG,6775,30,D,PD,CS,F
10:57:21,INDF,RG,6775,42,D,XL,CS,F
10:57:21,INDF,RG,6775,1,D,XC,CS,F
10:57:21,INDF,RG,6775,17,F,DX,CS,F
10:57:09,INDF,RG,6775,5,F,DX,YP,D
10:56:34,INDF,RG,6800,1,F,ZP,KZ,F
10:56:33,INDF,RG,6800,1,D,BB,KZ,F
10:56:14,INDF,RG,6800,1,F,ZP,KZ,F
10:55:48,INDF,RG,6800,1,D,BB,KZ,F
10:55:39,INDF,RG,6775,14,F,DX,YU,F
10:55:25,INDF,RG,6775,11,F,DX,YU,F
10:55:12,INDF,RG,6800,3,F,ZP,KZ,F
10:55:10,INDF,RG,6800,2,F,CS,KZ,F
10:55:03,INDF,RG,6800,1,D,BB,KZ,F
10:54:46,INDF,RG,6800,1,F,AK,KZ,F
10:54:46,INDF,RG,6800,2,F,AK,KZ,F
10:54:10,INDF,RG,6800,1,D,BB,KZ,F
10:53:20,INDF,RG,6775,1,F,DX,YU,F
10:53:20,INDF,RG,6775,1,D,IF,YU,F
10:53:20,INDF,RG,6775,7,D,YP,YU,F
10:53:16,INDF,RG,6800,1,D,BB,KZ,F
10:53:06,INDF,RG,6800,1,F,ZP,KZ,F
10:52:31,INDF,RG,6800,1,F,AK,KZ,F
10:52:16,INDF,RG,6775,1,D,YP,PD,D
10:52:14,INDF,RG,6800,2,F,CS,KZ,F
10:51:40,INDF,RG,6800,1,D,BB,KZ,F
10:51:10,INDF,RG,6775,2,D,YP,YU,F
10:51:10,INDF,RG,6775,1,D,DX,YU,F
10:51:10,INDF,RG,6775,5,D,YU,YU,F
10:51:10,INDF,RG,6775,2,D,XC,YU,F
10:51:05,INDF,RG,6800,41,F,DX,KZ,F
10:51:03,INDF,RG,6800,193,F,AK,KZ,F
10:51:03,INDF,RG,6800,67,F,AK,BK,F
10:51:03,INDF,RG,6800,100,F,AK,AK,F
10:51:03,INDF,RG,6800,44,F,AK,CS,F
10:51:03,INDF,RG,6800,161,F,AK,ZP,F
10:51:03,INDF,RG,6800,20,F,AK,CS,F
10:51:03,INDF,RG,6800,3,F,AK,KZ,F
10:51:03,INDF,RG,6800,9,F,AK,ZP,F
10:51:02,INDF,RG,6800,1,F,ZP,ZP,F
10:50:54,INDF,RG,6800,1,D,BB,ZP,F
10:50:50,INDF,RG,6775,2,D,XC,PD,D
10:50:39,INDF,RG,6775,11,D,XC,YU,F
10:50:39,INDF,RG,6775,1,D,TP,YU,F
10:50:19,INDF,RG,6775,15,D,TP,BK,F
10:50:16,INDF,RG,6800,1,F,AK,ZP,F
10:50:14,INDF,RG,6775,13,D,TP,ZP,F
10:50:03,INDF,RG,6800,4,F,AK,ZP,F
10:50:02,INDF,RG,6800,1,D,BB,ZP,F
10:49:36,INDF,RG,6775,14,D,TP,XC,D
10:49:14,INDF,RG,6800,1,D,BB,ZP,F
10:49:09,INDF,RG,6800,2,F,CS,ZP,F
10:49:08,INDF,RG,6775,33,D,TP,ZP,F
10:48:57,INDF,RG,6775,6,D,TP,ZP,F
10:48:26,INDF,RG,6800,1,D,BB,ZP,F
10:48:14,INDF,RG,6775,14,D,TP,YU,F
10:47:36,INDF,RG,6800,1,D,BB,ZP,F
10:47:03,INDF,RG,6775,37,D,TP,ZP,F
10:46:49,INDF,RG,6800,1,D,BB,ZP,F
10:46:30,INDF,RG,6800,2,D,XC,ZP,F
10:46:15,INDF,RG,6800,2,F,CS,ZP,F
10:46:03,INDF,RG,6800,1,D,BB,ZP,F
10:45:17,INDF,RG,6775,12,D,TP,BK,F
10:45:13,INDF,RG,6800,1,D,BB,ZP,F
10:45:11,INDF,RG,6775,5,D,TP,ZP,F
10:45:00,INDF,RG,6775,86,D,TP,ZP,F
10:44:31,INDF,RG,6775,14,D,TP,BK,F
10:44:29,INDF,RG,6775,50,D,TP,AK,F
10:44:29,INDF,RG,6775,20,D,CC,AK,F
10:44:29,INDF,RG,6775,1,F,AK,AK,F
10:44:29,INDF,RG,6775,2,F,AK,AK,F
10:44:29,INDF,RG,6775,31,F,DX,AK,F
10:44:29,INDF,RG,6775,10,D,NI,AK,F
10:44:29,INDF,RG,6775,61,D,KK,AK,F
10:44:27,INDF,RG,6800,7,D,CC,ZP,F
10:44:27,INDF,RG,6800,3,D,CC,KZ,F
10:44:22,INDF,RG,6800,1,D,BB,KZ,F
10:44:00,INDF,RG,6800,6,D,YU,KZ,F
10:43:32,INDF,RG,6800,1,D,BB,KZ,F
10:43:15,INDF,RG,6800,2,F,CS,KZ,F
10:42:46,INDF,RG,6800,1,F,AK,CS,F
10:42:44,INDF,RG,6800,2,F,AK,CS,F
10:42:43,INDF,RG,6800,1,D,BB,CS,F
10:42:12,INDF,RG,6775,20,D,KK,ZP,F
10:41:57,INDF,RG,6800,1,D,BB,CS,F
10:41:38,INDF,RG,6775,10,D,KK,CC,D
10:41:17,INDF,RG,6775,9,D,KK,ZP,F
10:41:17,INDF,RG,6775,1,D,PD,ZP,F
10:41:17,INDF,RG,6775,10,D,XC,ZP,F
10:41:17,INDF,RG,6775,10,D,CC,ZP,F
10:41:17,INDF,RG,6775,1,D,NI,ZP,F
10:41:14,INDF,RG,6800,1,D,PD,CS,F
10:41:10,INDF,RG,6800,1,D,BB,CS,F
10:40:40,INDF,RG,6800,2,F,CS,CS,F
10:40:32,INDF,RG,6800,2,D,PD,CS,F
10:40:21,INDF,RG,6800,1,D,BB,CS,F
10:40:15,INDF,RG,6775,37,D,CC,ZP,F
10:39:32,INDF,RG,6800,1,D,BB,CS,F
10:39:16,INDF,RG,6800,1,F,AK,CS,F
10:39:16,INDF,RG,6800,2,F,AK,CS,F
10:38:41,INDF,RG,6800,1,D,BB,CS,F
10:38:01,INDF,RG,6775,47,D,CC,ZP,F
10:37:58,INDF,RG,6775,6,D,CC,ZP,F
10:37:44,INDF,RG,6800,1,D,BB,CS,F
10:37:34,INDF,RG,6775,10,D,CC,YU,F
10:37:34,INDF,RG,6775,1,D,PD,YU,F
10:37:34,INDF,RG,6775,1,D,SQ,YU,F
10:37:34,INDF,RG,6775,2,F,DX,YU,F
10:37:25,INDF,RG,6800,2,F,CS,CS,F
10:36:54,INDF,RG,6800,1,D,BB,CS,F
10:36:50,INDF,RG,6800,1,D,NI,CS,F
10:35:57,INDF,RG,6800,1,D,BB,CS,F
10:35:09,INDF,RG,6800,1,D,BB,CS,F
10:34:41,INDF,RG,6800,1,D,XC,CS,F
10:34:34,INDF,RG,6800,2,F,CS,CS,F
10:34:30,INDF,RG,6800,1,D,XC,CS,F
10:34:14,INDF,RG,6800,1,D,BB,CS,F
10:33:56,INDF,RG,6775,8,F,DX,XC,D
10:33:40,INDF,RG,6775,1,F,DX,PD,D
10:33:27,INDF,RG,6800,1,D,BB,CS,F
10:32:33,INDF,RG,6800,1,D,BB,CS,F
10:31:54,INDF,RG,6775,1,F,DX,PD,D
10:31:50,INDF,RG,6800,2,F,CS,CS,F
10:31:45,INDF,RG,6800,1,D,BB,CS,F
10:30:55,INDF,RG,6800,1,D,BB,CS,F
10:30:24,INDF,RG,6775,40,F,DX,YP,D
10:30:24,INDF,RG,6775,1,D,YP,YP,D
10:30:24,INDF,RG,6775,14,D,IF,YP,D
10:30:24,INDF,RG,6775,1,D,PD,YP,D
10:30:24,INDF,RG,6775,1,D,DR,YP,D
10:30:24,INDF,RG,6775,25,F,CC,YP,D
10:30:24,INDF,RG,6775,10,D,DR,YP,D
10:30:24,INDF,RG,6775,200,D,CC,YP,D
10:30:24,INDF,RG,6775,1,D,XC,YP,D
10:30:24,INDF,RG,6775,1,F,AK,YP,D
10:30:24,INDF,RG,6775,2,F,AK,YP,D
10:30:24,INDF,RG,6775,4,F,DX,YP,D
10:30:06,INDF,RG,6800,1,D,BB,CS,F
10:29:46,INDF,RG,6775,38,F,DX,YP,D
10:29:46,INDF,RG,6775,32,D,YP,YP,D
10:29:46,INDF,RG,6775,1,D,XC,YP,D
10:29:46,INDF,RG,6775,1,D,DR,YP,D
10:29:46,INDF,RG,6775,3,D,XC,YP,D
10:29:46,INDF,RG,6775,6,D,XC,YP,D
10:29:46,INDF,RG,6775,1,D,KK,YP,D
10:29:46,INDF,RG,6775,18,F,AK,YP,D
10:29:20,INDF,RG,6800,1,D,CC,CS,F
10:29:16,INDF,RG,6800,1,F,AK,CS,F
10:29:16,INDF,RG,6800,2,F,AK,CS,F
10:29:14,INDF,RG,6800,1,D,BB,CS,F
10:28:58,INDF,RG,6800,1,D,PD,CS,F
10:28:46,INDF,RG,6800,2,F,CS,CS,F
10:28:46,INDF,RG,6775,3,F,AK,PD,D
10:28:45,INDF,RG,6775,137,F,AK,AK,F
10:28:33,INDF,RG,6800,30,D,YB,CS,F
10:28:23,INDF,RG,6800,1,D,PD,CS,F
10:28:21,INDF,RG,6800,1,D,BB,CS,F
10:27:45,INDF,RG,6800,50,D,AZ,CS,F
10:27:38,INDF,RG,6800,12,F,DX,CS,F
10:27:35,INDF,RG,6800,10,D,CC,CS,F
10:27:30,INDF,RG,6800,1,D,BB,CS,F
10:27:09,INDF,RG,6800,1,D,PD,CS,F
10:25:55,INDF,RG,6800,1,D,BB,CS,F
10:25:52,INDF,RG,6800,2,F,CS,CS,F
10:25:46,INDF,RG,6800,1,F,AK,KZ,F
10:25:10,INDF,RG,6800,1,D,BB,YU,F
10:25:04,INDF,RG,6800,14,D,CC,YU,F
10:25:04,INDF,RG,6800,1,D,CC,PD,D
10:24:57,INDF,RG,6800,6,D,CC,PD,D
10:24:57,INDF,RG,6800,4,D,CC,KZ,F
10:24:20,INDF,RG,6800,1,D,BB,NI,D
10:24:16,INDF,RG,6800,3,F,AK,NI,D
10:23:35,INDF,RG,6800,1,D,BB,NI,D
10:23:16,INDF,RG,6800,1,F,AK,NI,D
10:23:16,INDF,RG,6800,1,F,AK,NI,D
10:23:05,INDF,RG,6800,10,D,CC,NI,D
10:22:59,INDF,RG,6800,2,F,CS,NI,D
10:22:50,INDF,RG,6800,1,D,BB,NI,D
10:22:47,INDF,RG,6800,2,D,PD,NI,D
10:22:18,INDF,RG,6800,3,D,PD,NI,D
10:22:16,INDF,RG,6800,1,F,AK,NI,D
10:22:04,INDF,RG,6800,1,D,BB,NI,D
10:21:55,INDF,RG,6775,1,F,AK,YP,D
10:21:18,INDF,RG,6800,1,D,BB,NI,D
10:21:16,INDF,RG,6800,1,F,AK,NI,D
10:21:16,INDF,RG,6800,1,F,AK,NI,D
10:20:52,INDF,RG,6775,1,F,AK,PD,D
10:20:29,INDF,RG,6800,1,D,BB,NI,D
10:20:01,INDF,RG,6800,1,F,AK,NI,D
10:19:54,INDF,RG,6800,2,F,CS,NI,D
10:19:40,INDF,RG,6800,1,D,BB,NI,D
10:18:56,INDF,RG,6800,3,D,PD,NI,D
10:18:53,INDF,RG,6800,10,D,CC,NI,D
10:18:51,INDF,RG,6800,1,D,BB,NI,D
10:18:47,INDF,RG,6800,1,D,XC,NI,D
10:18:46,INDF,RG,6800,1,F,AK,KZ,F
10:18:46,INDF,RG,6800,1,F,AK,BK,F
10:18:24,INDF,RG,6800,1,D,PD,BK,F
10:18:10,INDF,RG,6800,1,D,NI,BK,F
10:18:04,INDF,RG,6800,1,D,BB,BK,F
10:17:06,INDF,RG,6800,1,D,BB,BK,F
10:17:03,INDF,RG,6800,2,F,CS,BK,F
10:16:36,INDF,RG,6800,1,D,XC,BK,F
10:16:01,INDF,RG,6800,1,F,AK,BK,F
10:15:34,INDF,RG,6800,2,D,BB,BK,F
10:15:15,INDF,RG,6775,2,F,AK,XC,D
10:14:39,INDF,RG,6800,1,D,BB,BK,F
10:14:31,INDF,RG,6800,1,F,AK,BK,F
10:14:31,INDF,RG,6800,1,F,AK,BK,F
10:14:16,INDF,RG,6800,11,D,CC,BK,F
10:14:16,INDF,RG,6800,9,D,CC,CS,F
10:14:10,INDF,RG,6800,30,F,DX,CS,F
10:14:05,INDF,RG,6800,1,D,XC,CS,F
10:14:02,INDF,RG,6800,2,F,CS,CS,F
10:13:37,INDF,RG,6800,3,D,XC,CS,F
10:13:18,INDF,RG,6800,9,D,CC,YU,F
10:13:18,INDF,RG,6800,1,D,CC,KZ,F
10:13:18,INDF,RG,6800,5,D,CC,KZ,F
10:13:18,INDF,RG,6800,20,D,CC,CS,F
10:13:18,INDF,RG,6800,11,D,CC,YU,F
10:13:18,INDF,RG,6800,2,D,CC,KZ,F
10:13:18,INDF,RG,6800,13,D,CC,YU,F
10:13:18,INDF,RG,6800,8,D,CC,KZ,F
10:13:18,INDF,RG,6800,31,D,CC,YP,D
10:13:00,INDF,RG,6800,1,D,BB,YP,D
10:12:46,INDF,RG,6800,1,F,AK,YP,D
10:12:16,INDF,RG,6800,1,D,SQ,YP,D
10:12:10,INDF,RG,6800,1,D,BB,YP,D
10:11:53,INDF,RG,6775,1,F,AK,PD,D
10:11:43,INDF,RG,6775,1,F,AK,DR,D
10:11:18,INDF,RG,6800,1,D,BB,YP,D
10:11:06,INDF,RG,6800,2,F,CS,YP,D
10:11:04,INDF,RG,6800,2,D,YP,YP,D
10:10:46,INDF,RG,6800,1,F,AK,YP,D
10:10:46,INDF,RG,6800,1,F,AK,YP,D
10:10:38,INDF,RG,6800,10,D,CC,YP,D
10:10:32,INDF,RG,6800,1,D,BB,YP,D
10:10:27,INDF,RG,6800,10,D,CC,YP,D
10:09:46,INDF,RG,6800,30,D,HP,YP,D
10:09:46,INDF,RG,6800,1,D,BB,YP,D
10:09:35,INDF,RG,6800,5,D,YP,YP,D
10:09:16,INDF,RG,6800,1,F,AK,YP,D
10:08:48,INDF,RG,6800,1,F,AK,KZ,F
10:08:47,INDF,RG,6800,1,D,BB,KZ,F
10:08:08,INDF,RG,6800,2,F,ZP,KZ,F
10:08:08,INDF,RG,6800,1,F,ZP,ZP,F
10:07:58,INDF,RG,6800,1,D,BB,ZP,F
10:07:46,INDF,RG,6800,1,F,AK,ZP,F
10:07:41,INDF,RG,6800,5,D,DR,ZP,F
10:07:11,INDF,RG,6800,2,D,PD,ZP,F
10:07:03,INDF,RG,6800,1,D,BB,ZP,F
10:06:31,INDF,RG,6800,2,F,AK,ZP,F
10:06:06,INDF,RG,6800,1,D,BB,ZP,F
10:06:00,INDF,RG,6800,2,F,ZP,ZP,F
10:05:30,INDF,RG,6800,1,D,XC,ZP,F
10:05:16,INDF,RG,6800,1,F,AK,ZP,F
10:05:16,INDF,RG,6800,1,D,BB,ZP,F
10:05:16,INDF,RG,6800,1,F,AK,ZP,F
10:05:05,INDF,RG,6800,3,D,PD,ZP,F
10:04:24,INDF,RG,6800,1,D,BB,ZP,F
10:04:06,INDF,RG,6800,11,D,YP,ZP,F
10:04:06,INDF,RG,6800,5,D,YP,KZ,F
10:04:06,INDF,RG,6800,2,D,YP,KZ,F
10:04:06,INDF,RG,6800,2,D,YP,BK,F
10:04:03,INDF,RG,6800,1,F,ZP,BK,F
10:04:00,INDF,RG,6800,9,D,CC,BK,F
10:04:00,INDF,RG,6800,1,D,CC,ZP,F
10:03:58,INDF,RG,6775,1,F,AK,YP,D
10:03:38,INDF,RG,6800,1,D,BB,ZP,F
10:03:19,INDF,RG,6800,20,D,CC,ZP,F
10:03:05,INDF,RG,6800,2,D,YP,ZP,F
10:02:49,INDF,RG,6800,1,D,BB,ZP,F
10:02:11,INDF,RG,6800,1,F,ZP,ZP,F
10:02:11,INDF,RG,6800,1,F,CS,ZP,F
10:02:11,INDF,RG,6800,1,F,CS,CS,F
10:02:11,INDF,RG,6800,1,F,CS,CS,F
10:02:10,INDF,RG,6800,41,F,AK,CS,F
10:02:10,INDF,RG,6800,2,F,AK,CS,F
10:02:10,INDF,RG,6800,1,F,AK,SQ,D
10:02:10,INDF,RG,6800,3,F,AK,KZ,F
10:02:10,INDF,RG,6800,8,F,AK,BK,F
10:02:10,INDF,RG,6800,28,F,DX,BK,F
10:02:10,INDF,RG,6800,4,F,DX,KZ,F
10:02:10,INDF,RG,6800,11,F,DX,CS,F
10:02:09,INDF,RG,6800,15,D,AZ,CS,F
10:02:09,INDF,RG,6800,4,D,AZ,PD,D
10:02:09,INDF,RG,6800,3,D,AZ,KZ,F
10:02:09,INDF,RG,6800,1,D,AZ,KZ,F
10:02:09,INDF,RG,6800,20,D,AZ,YU,F
10:02:09,INDF,RG,6800,4,D,AZ,KZ,F
10:02:09,INDF,RG,6800,88,D,AZ,ZP,F
10:02:09,INDF,RG,6800,16,D,AZ,ZP,F
10:02:09,INDF,RG,6800,2,D,AZ,CC,D
10:02:09,INDF,RG,6800,1,D,AZ,YU,D
10:02:09,INDF,RG,6800,6,D,AZ,ZP,F
10:02:09,INDF,RG,6800,2,D,AZ,NI,D
10:02:09,INDF,RG,6800,3,D,AZ,KZ,F
10:02:09,INDF,RG,6800,33,D,AZ,CS,F
10:02:09,INDF,RG,6800,2,D,AZ,KZ,F
10:02:06,INDF,RG,6800,1,F,CS,YU,F
10:01:53,INDF,RG,6800,1,D,BB,YU,F
10:01:08,INDF,RG,6800,1,D,BB,YU,F
10:01:05,INDF,RG,6800,1,F,ZP,YU,F
10:01:01,INDF,RG,6800,1,F,AK,YU,F
10:01:01,INDF,RG,6800,2,F,AK,YU,F
10:00:54,INDF,RG,6800,13,D,OD,YU,F
10:00:54,INDF,RG,6800,1,D,OD,KZ,F
10:00:54,INDF,RG,6800,10,D,OD,YU,F
10:00:54,INDF,RG,6800,2,D,OD,YP,D
10:00:54,INDF,RG,6800,1,D,OD,PD,D
10:00:54,INDF,RG,6800,1,D,OD,KZ,F
10:00:54,INDF,RG,6800,1,D,OD,KZ,F
10:00:54,INDF,RG,6800,3,D,OD,KZ,F
10:00:54,INDF,RG,6800,4,D,OD,KZ,F
10:00:54,INDF,RG,6800,30,D,OD,CS,F
10:00:54,INDF,RG,6800,34,D,OD,BK,F
10:00:45,INDF,RG,6800,1,F,CS,BK,F
10:00:27,INDF,RG,6800,15,D,YP,BK,F
10:00:27,INDF,RG,6800,10,D,YP,KZ,F
10:00:27,INDF,RG,6800,75,D,YP,AK,F
10:00:11,INDF,RG,6800,1,D,BB,AK,F
10:00:08,INDF,RG,6800,42,D,YP,AK,F
10:00:08,INDF,RG,6800,8,D,YP,KZ,F
09:59:56,INDF,RG,6800,4,D,CC,KZ,F
09:59:56,INDF,RG,6800,1,D,CC,KZ,F
09:59:46,INDF,RG,6800,7,F,DX,KZ,F
09:59:46,INDF,RG,6800,37,F,DX,ZP,F
09:59:42,INDF,RG,6800,100,D,YP,ZP,F
09:59:33,INDF,RG,6800,1,F,CS,ZP,F
09:59:30,INDF,RG,6800,1,F,ZP,ZP,F
09:59:20,INDF,RG,6800,7,D,CC,ZP,F
09:59:15,INDF,RG,6800,1,D,BB,ZP,F
09:58:34,INDF,RG,6800,5,D,CC,ZP,F
09:58:26,INDF,RG,6800,10,D,CC,ZP,F
09:58:23,INDF,RG,6800,1,D,BB,ZP,F
09:58:16,INDF,RG,6800,4,D,PC,ZP,F
09:58:16,INDF,RG,6800,1,D,PC,KZ,F
09:58:16,INDF,RG,6800,5,D,PC,CS,F
09:58:14,INDF,RG,6800,1,F,CS,CS,F
09:57:38,INDF,RG,6800,2,F,ZP,CS,F
09:57:37,INDF,RG,6800,2,D,BB,CS,F
09:57:36,INDF,RG,6775,34,F,AK,PD,D
09:57:20,INDF,RG,6775,1,F,AK,AZ,D
09:57:09,INDF,RG,6800,1,F,CS,CS,F
09:56:25,INDF,RG,6800,1,D,KK,CS,F
09:56:14,INDF,RG,6800,25,D,XC,CS,F
09:55:49,INDF,RG,6800,1,D,BB,CS,F
09:55:46,INDF,RG,6800,1,F,CS,CS,F
09:55:42,INDF,RG,6800,3,F,ZP,CS,F
09:55:21,INDF,RG,6800,1,D,KK,CS,F
09:54:56,INDF,RG,6800,1,D,BB,YU,F
09:54:28,INDF,RG,6800,10,D,DR,YU,F
09:54:22,INDF,RG,6800,1,F,CS,YU,F
09:54:11,INDF,RG,6800,1,D,BB,YU,F
09:54:11,INDF,RG,6775,9,F,AK,PD,D
09:53:37,INDF,RG,6775,10,F,AK,XC,D
09:53:36,INDF,RG,6800,5,D,CC,YU,F
09:53:25,INDF,RG,6800,3,D,CC,YU,F
09:53:25,INDF,RG,6800,2,D,CC,YU,F
09:53:22,INDF,RG,6800,1,D,BB,YU,F
09:53:04,INDF,RG,6800,17,F,BK,YU,F
09:53:02,INDF,RG,6800,1,F,CS,YU,F
09:53:01,INDF,RG,6800,1,F,AK,YU,F
09:53:01,INDF,RG,6800,2,F,AK,KZ,F
09:53:01,INDF,RG,6800,6,F,AK,KZ,F
09:52:33,INDF,RG,6800,1,D,BB,KZ,F
09:52:08,INDF,RG,6775,1,F,AK,YU,D
09:51:48,INDF,RG,6800,7,D,XL,KZ,F
09:51:48,INDF,RG,6800,8,D,XL,BK,F
09:51:31,INDF,RG,6800,1,F,ZP,BK,F
09:51:26,INDF,RG,6800,10,D,DR,BK,F
09:51:21,INDF,RG,6775,30,F,AK,YB,D
09:51:20,INDF,RG,6800,1,D,PD,BK,F
09:51:15,INDF,RG,6800,2,F,KK,BK,F
09:51:03,INDF,RG,6800,10,D,DR,BK,F
09:51:02,INDF,RG,6800,1,F,CS,BK,F
09:51:01,INDF,RG,6800,1,F,ZP,BK,F
09:50:54,INDF,RG,6800,2,D,NI,BK,F
09:50:24,INDF,RG,6775,3,F,AK,XC,D
09:50:12,INDF,RG,6800,10,D,YP,BK,F
09:50:08,INDF,RG,6800,27,D,YB,BK,F
09:50:08,INDF,RG,6800,33,D,YB,KZ,F
09:50:08,INDF,RG,6800,6,D,YB,PD,D
09:50:08,INDF,RG,6800,34,D,YB,ZP,F
09:50:01,INDF,RG,6800,80,F,DX,ZP,F
09:49:59,INDF,RG,6800,48,F,DX,ZP,F
09:49:59,INDF,RG,6800,3,F,DX,CS,F
09:49:59,INDF,RG,6800,6,D,BB,CS,F
09:49:59,INDF,RG,6800,8,F,ZP,CS,F
09:49:58,INDF,RG,6800,39,F,AK,CS,F
09:49:58,INDF,RG,6800,71,F,AK,AK,F
09:49:58,INDF,RG,6800,48,F,AK,CS,F
09:49:58,INDF,RG,6800,42,F,AK,AK,F
09:49:58,INDF,RG,6800,20,D,OD,AK,F
09:49:58,INDF,RG,6800,2,F,BK,AK,F
09:49:58,INDF,RG,6800,25,F,BK,CS,F
09:49:58,INDF,RG,6800,4,F,BK,DH,D
09:49:58,INDF,RG,6800,10,F,BK,YU,F
09:49:58,INDF,RG,6800,16,F,BK,NI,D
09:49:58,INDF,RG,6800,44,F,BK,CS,F
09:49:58,INDF,RG,6800,5,F,BK,KZ,F
09:49:58,INDF,RG,6800,50,F,BK,PD,D
09:49:58,INDF,RG,6800,1,F,BK,NI,D
09:49:58,INDF,RG,6800,1,F,BK,KZ,F
09:49:58,INDF,RG,6800,12,F,BK,XC,D
09:49:58,INDF,RG,6800,6,F,BK,ZP,F
09:49:58,INDF,RG,6800,1,F,BK,KZ,F
09:49:58,INDF,RG,6800,2,F,BK,SQ,D
09:49:58,INDF,RG,6800,1,F,BK,KZ,F
09:49:58,INDF,RG,6800,38,F,BK,YU,F
09:49:58,INDF,RG,6800,1,F,BK,XC,D
09:49:58,INDF,RG,6800,2,F,BK,XC,D
09:49:58,INDF,RG,6800,1,F,BK,KZ,F
09:49:58,INDF,RG,6800,21,F,BK,YU,F
09:49:58,INDF,RG,6800,6,F,BK,ZP,F
09:49:58,INDF,RG,6800,72,F,BK,AK,F
09:49:58,INDF,RG,6800,16,F,BK,YU,F
09:49:58,INDF,RG,6800,25,F,BK,CC,D
09:49:58,INDF,RG,6800,2,F,BK,KZ,F
09:49:58,INDF,RG,6800,64,F,BK,BK,F
09:49:58,INDF,RG,6800,100,F,BK,KZ,F
09:49:58,INDF,RG,6800,1,F,BK,YP,D
09:49:58,INDF,RG,6800,20,F,BK,KZ,F
09:49:58,INDF,RG,6800,1,F,BK,KZ,F
09:49:58,INDF,RG,6800,8,F,BK,PD,D
09:49:58,INDF,RG,6800,10,F,BK,KZ,F
09:49:58,INDF,RG,6800,59,F,BK,ZP,F
09:49:58,INDF,RG,6800,7,F,BK,PD,D
09:49:58,INDF,RG,6800,2,F,CS,PD,D
09:49:57,INDF,RG,6800,3,F,DX,PD,D
09:49:57,INDF,RG,6800,1,F,DX,YP,D
09:49:57,INDF,RG,6800,1,F,DX,XC,D
09:49:57,INDF,RG,6800,1,F,DX,XC,D
09:49:57,INDF,RG,6800,2,F,DX,KZ,F
09:49:57,INDF,RG,6800,38,F,DX,AK,F
09:49:57,INDF,RG,6800,27,F,AK,AK,F
09:49:57,INDF,RG,6800,16,F,AK,YU,F
09:49:57,INDF,RG,6800,2,F,AK,CC,D
09:49:57,INDF,RG,6800,65,F,AK,AK,F
09:49:57,INDF,RG,6800,2,F,AK,XC,D
09:49:57,INDF,RG,6800,2,F,AK,NI,D
09:49:57,INDF,RG,6800,1,F,AK,ZP,D
09:49:57,INDF,RG,6800,10,F,AK,CC,D
09:49:57,INDF,RG,6800,3,F,AK,DR,D
09:49:57,INDF,RG,6800,18,F,AK,YU,F
09:49:57,INDF,RG,6800,250,F,AK,KZ,F
09:49:57,INDF,RG,6800,5,F,AK,KZ,F
09:49:57,INDF,RG,6800,40,F,AK,YB,D
09:49:57,INDF,RG,6800,20,F,AK,YP,D
09:49:57,INDF,RG,6800,14,F,AK,DH,D
09:49:57,INDF,RG,6800,16,F,AK,YU,F
09:49:57,INDF,RG,6800,20,F,AK,SQ,D
09:49:57,INDF,RG,6800,30,F,AK,CS,F
09:49:56,INDF,RG,6800,20,D,YP,CS,F
09:49:02,INDF,RG,6800,9,D,YP,CS,F
09:49:02,INDF,RG,6800,8,D,YP,PD,D
09:49:02,INDF,RG,6800,1,D,YP,PD,D
09:49:02,INDF,RG,6800,17,D,YP,BK,F
09:49:02,INDF,RG,6800,13,D,YP,YU,F
09:49:02,INDF,RG,6800,13,D,YP,YU,F
09:49:02,INDF,RG,6800,65,D,YP,CS,F
09:49:02,INDF,RG,6800,1,D,YP,CC,D
09:49:02,INDF,RG,6800,49,D,YP,CS,F
09:49:02,INDF,RG,6800,5,D,YP,YU,F
09:48:34,INDF,RG,6800,3,D,BB,YU,F
09:47:54,INDF,RG,6800,1,D,PD,YU,F
09:46:35,INDF,RG,6800,3,F,CS,CS,F
09:46:28,INDF,RG,6800,37,D,PD,CS,F
09:46:28,INDF,RG,6800,15,D,PD,ZP,F
09:46:01,INDF,RG,6800,4,D,XL,ZP,F
09:45:49,INDF,RG,6800,2,D,BB,ZP,F
09:45:13,INDF,RG,6775,5,F,AK,XC,D
09:44:29,INDF,RG,6775,73,F,AK,YP,D
09:44:29,INDF,RG,6775,23,F,BK,YP,D
09:44:29,INDF,RG,6775,3,D,YU,YP,D
09:44:29,INDF,RG,6775,43,D,YP,YP,D
09:43:31,INDF,RG,6800,3,F,AK,ZP,F
09:43:31,INDF,RG,6800,6,F,AK,ZP,F
09:43:17,INDF,RG,6775,7,D,YP,PD,D
09:42:30,INDF,RG,6800,3,F,CS,ZP,F
09:42:20,INDF,RG,6800,1,D,AZ,ZP,F
09:41:55,INDF,RG,6800,2,D,CC,ZP,F
09:40:56,INDF,RG,6800,20,D,YP,ZP,F
09:38:15,INDF,RG,6800,1,D,XC,ZP,F
09:38:12,INDF,RG,6775,1,F,CS,PD,D
09:37:59,INDF,RG,6800,20,D,IF,ZP,F
09:37:31,INDF,RG,6800,1,D,PD,ZP,F
09:37:31,INDF,RG,6800,2,F,AK,ZP,F
09:37:31,INDF,RG,6800,4,F,AK,ZP,F
09:37:10,INDF,RG,6775,1,F,CS,PD,D
09:35:50,INDF,RG,6775,1,F,CS,YP,D
09:35:50,INDF,RG,6775,2,D,ZP,YP,D
09:35:43,INDF,RG,6775,8,D,ZP,XC,D
09:35:16,INDF,RG,6800,1,F,AK,ZP,F
09:35:16,INDF,RG,6800,2,F,AK,ZP,F
09:33:01,INDF,RG,6800,28,F,DX,ZP,F
09:33:01,INDF,RG,6800,10,F,DX,CS,F
09:33:00,INDF,RG,6800,21,D,PD,CS,F
09:33:00,INDF,RG,6800,7,D,PD,CS,F
09:33:00,INDF,RG,6800,106,D,PD,BK,F
09:33:00,INDF,RG,6800,7,D,PD,CS,F
09:33:00,INDF,RG,6800,55,D,PD,KZ,F
09:32:36,INDF,RG,6775,10,D,ZP,CS,F
09:32:35,INDF,RG,6775,1,D,DR,CS,F
09:32:26,INDF,RG,6775,1,D,LG,CS,F
09:32:18,INDF,RG,6800,7,D,YP,KZ,F
09:31:18,INDF,RG,6775,1,D,LG,CS,F
09:30:11,INDF,RG,6775,1,D,CC,CS,F
09:30:11,INDF,RG,6775,1,D,XC,CS,F
09:30:11,INDF,RG,6775,2,D,DH,CS,F
09:30:11,INDF,RG,6775,1,D,DH,KK,D
09:30:11,INDF,RG,6775,8,F,BK,KK,D
09:29:53,INDF,RG,6775,4,F,BK,CS,F
09:29:53,INDF,RG,6775,1,D,LG,CS,F
09:29:53,INDF,RG,6775,1,F,CS,CS,F
09:29:35,INDF,RG,6775,1,F,CS,AZ,D
09:29:35,INDF,RG,6775,1,D,NI,AZ,D
09:29:35,INDF,RG,6775,3,D,PD,AZ,D
09:28:15,INDF,RG,6775,7,D,PD,YP,D
09:28:15,INDF,RG,6775,4,D,GR,YP,D
09:28:15,INDF,RG,6775,14,F,BK,YP,D
09:28:15,INDF,RG,6775,10,D,BB,YP,D
09:28:11,INDF,RG,6775,2,D,BB,YU,F
09:28:11,INDF,RG,6775,29,D,KK,YU,F
09:27:51,INDF,RG,6775,3,D,KK,YP,D
09:27:31,INDF,RG,6775,68,D,KK,YP,D
09:27:31,INDF,RG,6775,8,D,PD,YP,D
09:27:31,INDF,RG,6775,21,F,BK,YP,D
09:27:31,INDF,RG,6775,1,D,BB,YP,D
09:27:31,INDF,RG,6775,2,F,CC,YP,D
09:26:10,INDF,RG,6800,14,F,DX,KZ,F
09:26:10,INDF,RG,6800,20,F,DX,CS,F
09:26:08,INDF,RG,6775,10,F,AK,CS,F
09:26:08,INDF,RG,6775,2,F,AK,CS,F
09:26:08,INDF,RG,6775,71,F,AK,BK,F
09:26:08,INDF,RG,6750,13,D,GR,BK,F
09:26:05,INDF,RG,6750,27,D,GR,BK,F
09:26:05,INDF,RG,6775,7,F,AK,ZP,F
09:26:05,INDF,RG,6775,7,F,AK,CS,F
09:26:05,INDF,RG,6775,5,F,AK,CS,F
09:26:05,INDF,RG,6775,6,F,AK,ZP,F
09:26:05,INDF,RG,6775,6,F,AK,ZP,F
09:26:04,INDF,RG,6750,16,D,GR,CS,F
09:26:04,INDF,RG,6750,16,D,GR,CS,F
09:26:04,INDF,RG,6775,3,F,CS,AK,F
09:26:04,INDF,RG,6775,1,D,SQ,AK,F
09:26:04,INDF,RG,6775,6,D,YU,AK,F
09:26:04,INDF,RG,6775,1,D,NI,AK,F
09:26:04,INDF,RG,6775,2,D,AZ,AK,F
09:26:04,INDF,RG,6775,20,D,CC,AK,F
09:26:04,INDF,RG,6775,2,D,CC,AK,F
09:26:03,INDF,RG,6775,28,D,CC,YP,D
09:26:03,INDF,RG,6775,1,D,HD,YP,D
09:26:03,INDF,RG,6775,2,D,PD,YP,D
09:26:03,INDF,RG,6775,5,D,CC,YP,D
09:26:03,INDF,RG,6775,2,F,CS,YP,D
09:26:03,INDF,RG,6775,34,D,SQ,YP,D
09:26:03,INDF,RG,6775,2,D,EP,YP,D
09:26:03,INDF,RG,6775,1,D,PD,YP,D
09:26:03,INDF,RG,6775,1,D,YB,YP,D
09:26:03,INDF,RG,6775,13,F,BK,YP,D
09:26:03,INDF,RG,6775,20,D,BB,YP,D
09:26:03,INDF,RG,6775,3,F,CC,YP,D
09:26:03,INDF,RG,6775,40,D,OD,YP,D
09:26:03,INDF,RG,6775,1,D,XC,YP,D
09:26:03,INDF,RG,6775,10,D,CC,YP,D
09:26:03,INDF,RG,6775,1,F,AK,YP,D
09:26:03,INDF,RG,6775,2,F,AK,YP,D
09:26:03,INDF,RG,6775,10,D,NI,YP,D
09:26:03,INDF,RG,6775,1,F,CS,YP,D
09:26:03,INDF,RG,6775,73,D,GR,YP,D
09:25:41,INDF,RG,6775,1,D,GR,XA,D
09:25:27,INDF,RG,6775,1,D,GR,CC,D
09:24:48,INDF,RG,6775,6,D,GR,ZP,F
09:24:22,INDF,RG,6800,7,D,XC,CS,F
09:23:54,INDF,RG,6800,15,D,CC,CS,F
09:22:33,INDF,RG,6775,1,D,GR,PD,D
09:22:32,INDF,RG,6775,2,D,GR,YP,D
09:22:02,INDF,RG,6775,6,D,GR,PD,D
09:21:37,INDF,RG,6800,1,D,YB,CS,F
09:21:15,INDF,RG,6775,26,D,GR,YU,F
09:21:04,INDF,RG,6775,13,D,GR,BK,F
09:21:02,INDF,RG,6775,56,D,GR,BK,F
09:21:02,INDF,RG,6775,5,D,YP,BK,F
09:21:02,INDF,RG,6775,1,D,LG,BK,F
09:21:02,INDF,RG,6775,10,D,PD,BK,F
09:21:02,INDF,RG,6775,1,D,XC,BK,F
09:21:02,INDF,RG,6775,1,D,XC,BK,F
09:21:02,INDF,RG,6775,5,D,CC,BK,F
09:21:02,INDF,RG,6775,2,F,CS,BK,F
09:21:01,INDF,RG,6775,1,F,CS,AK,F
09:21:01,INDF,RG,6775,1,D,XC,AK,F
09:21:01,INDF,RG,6775,11,D,XC,AK,F
09:21:00,INDF,RG,6775,9,D,XC,CS,F
09:21:00,INDF,RG,6775,9,D,BB,CS,F
09:21:00,INDF,RG,6775,98,F,AK,CS,F
09:21:00,INDF,RG,6775,442,F,AK,AK,F
09:21:00,INDF,RG,6775,1,D,XL,AK,F
09:21:00,INDF,RG,6775,10,D,XL,AK,F
09:21:00,INDF,RG,6775,7,D,YP,AK,F
09:21:00,INDF,RG,6775,33,F,BK,AK,F
09:21:00,INDF,RG,6775,73,F,DX,AK,F
09:21:00,INDF,RG,6775,1,F,AK,AK,F
09:21:00,INDF,RG,6775,2,F,AK,AK,F
09:21:00,INDF,RG,6775,10,D,DH,AK,F
09:21:00,INDF,RG,6775,1,D,CC,AK,F
09:21:00,INDF,RG,6775,25,F,YU,AK,F
09:21:00,INDF,RG,6775,2,D,NI,AK,F
09:21:00,INDF,RG,6775,1,D,PD,AK,F
09:21:00,INDF,RG,6775,100,D,CC,AK,F
09:21:00,INDF,RG,6775,3,D,YU,AK,F
09:21:00,INDF,RG,6775,5,D,CC,AK,F
09:21:00,INDF,RG,6775,5,D,NI,AK,F
09:21:00,INDF,RG,6775,2,D,DH,AK,F
09:21:00,INDF,RG,6775,6,D,YU,AK,F
09:21:00,INDF,RG,6775,1,D,XC,AK,F
09:21:00,INDF,RG,6775,5,D,YP,AK,F
09:21:00,INDF,RG,6775,25,D,KK,AK,F
09:20:43,INDF,RG,6775,2,D,KK,SQ,D
09:20:16,INDF,RG,6775,12,D,KK,BK,F
09:20:13,INDF,RG,6775,21,D,KK,CC,D
09:20:13,INDF,RG,6775,1,F,AK,CC,D
09:20:13,INDF,RG,6775,7,D,CC,CC,D
09:20:13,INDF,RG,6775,71,D,KK,CC,D
09:19:45,INDF,RG,6775,9,D,KK,AK,F
09:19:45,INDF,RG,6775,1,D,XL,AK,F
09:19:45,INDF,RG,6775,4,D,YP,AK,F
09:19:45,INDF,RG,6775,50,D,YP,AK,F
09:19:45,INDF,RG,6775,6,D,CC,AK,F
09:19:14,INDF,RG,6775,3,D,CC,DR,D
09:19:02,INDF,RG,6800,3,F,CS,CS,F
09:18:15,INDF,RG,6775,1,D,CC,AK,F
09:18:15,INDF,RG,6775,25,D,PD,AK,F
09:18:15,INDF,RG,6775,5,D,CC,AK,F
09:18:15,INDF,RG,6775,3,F,AK,AK,F
09:18:15,INDF,RG,6775,5,D,SQ,AK,F
09:18:15,INDF,RG,6775,44,F,DX,AK,F
09:17:59,INDF,RG,6775,2,F,DX,PD,D
09:17:41,INDF,RG,6775,3,F,DX,YP,D
09:17:22,INDF,RG,6800,6,F,DX,CS,F
09:17:22,INDF,RG,6800,45,F,DX,BK,F
09:17:18,INDF,RG,6775,14,F,DX,KZ,F
09:17:18,INDF,RG,6775,25,D,YP,KZ,F
09:17:18,INDF,RG,6775,1,F,AK,KZ,F
09:17:18,INDF,RG,6775,4,F,AK,KZ,F
09:17:18,INDF,RG,6775,200,D,KK,KZ,F
09:17:18,INDF,RG,6775,57,F,BK,KZ,F
09:15:52,INDF,RG,6775,4,F,BK,XC,D
09:14:37,INDF,RG,6775,2,F,BK,AZ,D
09:14:12,INDF,RG,6775,2,F,BK,PD,D
09:13:53,INDF,RG,6800,30,D,YP,KZ,F
09:13:37,INDF,RG,6800,3,D,PD,KZ,F
09:13:05,INDF,RG,6775,34,F,BK,CS,F
09:13:05,INDF,RG,6775,27,F,DX,CS,F
09:13:05,INDF,RG,6775,71,F,AK,CS,F
09:13:05,INDF,RG,6775,1,F,CS,CS,F
09:13:05,INDF,RG,6775,2,F,CS,CS,F
09:13:05,INDF,RG,6775,3,D,BB,CS,F
09:13:05,INDF,RG,6775,30,D,YU,CS,F
09:11:46,INDF,RG,6800,1,D,XL,KZ,F
09:11:45,INDF,RG,6775,1,D,YU,CC,D
09:11:25,INDF,RG,6800,2,D,BB,KZ,F
09:10:43,INDF,RG,6800,3,F,CS,KZ,F
09:10:30,INDF,RG,6775,1,D,YU,CC,D
09:10:14,INDF,RG,6775,46,D,YU,CC,D
09:10:09,INDF,RG,6800,1,D,YP,KZ,F
09:09:50,INDF,RG,6775,15,D,YU,XL,D
09:08:49,INDF,RG,6775,36,D,YU,GR,D
09:08:35,INDF,RG,6775,2,D,YU,AZ,D
09:07:51,INDF,RG,6775,1,D,YU,PD,D
09:07:33,INDF,RG,6775,4,D,YU,XL,D
09:07:28,INDF,RG,6775,5,D,YU,PD,D
09:07:17,INDF,RG,6775,22,D,YU,SQ,D
09:07:14,INDF,RG,6775,2,D,YU,AZ,D
09:06:09,INDF,RG,6775,22,D,YU,XC,D
09:05:38,INDF,RG,6775,24,D,YU,CS,F
09:05:38,INDF,RG,6775,43,D,YU,CS,F
09:05:38,INDF,RG,6775,15,D,YU,YU,F
09:05:38,INDF,RG,6775,6,D,YU,ZP,F
09:05:38,INDF,RG,6775,5,D,YU,YP,D
09:05:38,INDF,RG,6775,75,D,YU,BQ,F
09:05:38,INDF,RG,6775,99,D,YU,YU,F
09:05:38,INDF,RG,6775,6,D,YU,ZP,F
09:05:38,INDF,RG,6775,38,D,YU,CS,F
09:05:38,INDF,RG,6775,2,D,YU,BK,F
09:05:38,INDF,RG,6775,1,D,SQ,BK,F
09:05:28,INDF,RG,6775,10,D,DR,BK,F
09:05:16,INDF,RG,6750,1,D,GR,NI,D
09:05:09,INDF,RG,6775,10,D,SQ,BK,F
09:04:47,INDF,RG,6775,1,D,KK,BK,F
09:04:46,INDF,RG,6775,1,D,PD,BK,F
09:03:55,INDF,RG,6775,1,D,CC,BK,F
09:03:50,INDF,RG,6775,1,D,KK,BK,F
09:03:47,INDF,RG,6775,1,D,NI,BK,F
09:03:46,INDF,RG,6775,25,D,KK,BK,F
09:03:18,INDF,RG,6775,7,D,XL,BK,F
09:03:09,INDF,RG,6775,20,D,CC,BK,F
09:02:51,INDF,RG,6750,8,D,GR,BK,F
09:02:51,INDF,RG,6750,4,D,KK,BK,F
09:02:50,INDF,RG,6750,1,D,KK,PD,D
09:02:50,INDF,RG,6750,1,D,KK,PD,D
09:02:49,INDF,RG,6750,12,D,KK,BK,F
09:02:47,INDF,RG,6775,14,F,BK,CS,F
09:02:46,INDF,RG,6775,2,F,AK,BK,F
09:02:46,INDF,RG,6775,333,D,DH,BK,F
09:02:46,INDF,RG,6775,3,F,CS,BK,F
09:02:46,INDF,RG,6775,100,D,CC,BK,F
09:02:46,INDF,RG,6775,38,F,AK,BK,F
09:02:46,INDF,RG,6775,87,F,BK,BK,F
09:02:46,INDF,RG,6775,3,F,CC,BK,F
09:02:46,INDF,RG,6775,1,D,BB,BK,F
09:02:46,INDF,RG,6775,252,F,AK,BK,F
09:02:46,INDF,RG,6775,1,F,CS,BK,F
09:02:46,INDF,RG,6775,5,D,YP,BK,F
09:02:46,INDF,RG,6775,1,D,XL,BK,F
09:02:46,INDF,RG,6775,1,D,AZ,BK,F
09:02:46,INDF,RG,6775,6,D,KK,BK,F
09:02:46,INDF,RG,6775,11,D,XC,BK,F
09:02:45,INDF,RG,6775,2,D,XC,PD,D
09:02:13,INDF,RG,6775,2,D,HP,NI,D
09:02:01,INDF,RG,6800,1,D,NI,BQ,F
09:01:24,INDF,RG,6800,3924,F,SH,BQ,F
09:01:24,INDF,RG,6800,1,F,SH,KZ,F
09:01:24,INDF,RG,6800,4,F,SH,YP,D
09:01:24,INDF,RG,6800,2,F,SH,KZ,F
09:01:24,INDF,RG,6800,1,F,SH,KZ,F
09:01:24,INDF,RG,6800,51,F,SH,BK,F
09:01:24,INDF,RG,6800,16,F,SH,YU,F
09:01:24,INDF,RG,6800,1,F,SH,KZ,F
09:01:15,INDF,RG,6800,2,F,AK,KZ,F
09:01:15,INDF,RG,6800,6,F,AK,CS,F
09:01:15,INDF,RG,6800,7,F,AK,CS,F
09:01:15,INDF,RG,6800,9,F,AK,YU,F
09:01:04,INDF,RG,6800,1,F,CS,YU,F
09:01:01,INDF,RG,6800,2,D,PD,YU,F
09:00:46,INDF,RG,6800,1,D,SQ,YU,F
09:00:42,INDF,RG,6800,10,D,YP,YU,F
09:00:42,INDF,RG,6800,2,D,YP,KZ,F
09:00:15,INDF,RG,6800,1,D,CC,KZ,F
09:00:01,INDF,RG,6800,3,D,YU,BK,F
09:00:00,INDF,RG,6800,5,D,YU,BK,F
09:00:00,INDF,RG,6800,1,D,YU,CC,D
08:59:00,INDF,RG,6800,1,D,XL,KZ,F
08:59:00,INDF,RG,6800,5,D,YP,KZ,F
08:59:00,INDF,RG,6800,6,F,NI,KZ,F
08:59:00,INDF,RG,6800,7,D,YP,KZ,F
08:59:00,INDF,RG,6800,1,D,PD,NI,D
08:59:00,INDF,RG,6800,1,D,PD,PD,D
08:59:00,INDF,RG,6800,1,D,PD,BB,D
08:59:00,INDF,RG,6800,7,D,PD,XL,D
08:59:00,INDF,RG,6800,4,D,XC,XL,D
08:59:00,INDF,RG,6800,5,D,KK,XL,D
08:59:00,INDF,RG,6800,7,F,YU,XL,D
08:59:00,INDF,RG,6800,4,F,YU,YP,D
08:59:00,INDF,RG,6800,1,F,YU,YP,D
08:59:00,INDF,RG,6800,1,F,YU,CC,D
08:59:00,INDF,RG,6800,12,F,YU,OD,D
08:59:00,INDF,RG,6800,2,D,YU,OD,D
08:59:00,INDF,RG,6800,1,D,YU,SQ,D
08:59:00,INDF,RG,6800,2,D,YU,PD,D
08:59:00,INDF,RG,6800,9,D,YU,KK,D
08:59:00,INDF,RG,6800,1,D,YU,OD,D
08:59:00,INDF,RG,6800,1,D,YU,XC,D
08:59:00,INDF,RG,6800,2,D,YU,XC,D
08:59:00,INDF,RG,6800,18,D,YU,PD,D
08:59:00,INDF,RG,6800,17,D,YU,YB,D
08:59:00,INDF,RG,6800,5,D,YU,NI,D
08:59:00,INDF,RG,6800,35,D,YU,YP,D
08:59:00,INDF,RG,6800,11,D,YU,YU,F
08:59:00,INDF,RG,6800,4,D,YU,ZP,F
08:59:00,INDF,RG,6800,37,D,YU,AK,F
08:59:00,INDF,RG,6800,2,D,XC,AK,F
08:59:00,INDF,RG,6800,5,D,YP,AK,F
08:59:00,INDF,RG,6800,7,D,XL,AK,F
08:59:00,INDF,RG,6800,1,D,PD,AK,F
08:59:00,INDF,RG,6800,5,D,YP,AK,F
08:59:00,INDF,RG,6800,5,D,YP,AK,F
08:59:00,INDF,RG,6800,1,D,AT,AK,F
08:59:00,INDF,RG,6800,1,F,AK,AK,F
08:59:00,INDF,RG,6800,1,F,AK,AK,F
08:59:00,INDF,RG,6800,3,F,AK,AK,F
08:59:00,INDF,RG,6800,1,D,YP,AK,F
