Time,Stock,Brd,Price,Qty,BT,BC,SC,ST
15:14:10,INDF,RG,6625,1,D,XC,ZP,D
15:13:43,INDF,RG,6625,1,D,XC,ZP,D
15:13:36,INDF,RG,6625,1,D,XC,ZP,D
15:12:48,INDF,RG,6625,22,D,NI,ZP,D
15:11:45,INDF,RG,6625,1,D,PD,ZP,D
15:11:04,INDF,RG,6625,5,D,PD,ZP,D
15:10:44,INDF,RG,6625,1,D,XC,ZP,D
15:10:06,INDF,RG,6625,1,D,PD,ZP,D
15:09:28,INDF,RG,6625,100,D,NI,ZP,D
15:09:03,INDF,RG,6625,10,D,YP,ZP,D
15:07:26,INDF,RG,6625,5,D,KK,ZP,D
15:07:02,INDF,RG,6625,1,D,PD,ZP,D
15:06:57,INDF,RG,6625,5,D,YP,ZP,D
15:06:44,INDF,RG,6625,5,D,YP,ZP,D
15:06:09,INDF,RG,6625,10,D,XC,ZP,D
15:05:34,INDF,RG,6625,438,D,CC,ZP,D
15:05:34,INDF,RG,6625,5,D,CC,XL,D
15:05:34,INDF,RG,6625,2,D,CC,XL,D
15:05:34,INDF,RG,6625,3,D,CC,NI,D
15:05:34,INDF,RG,6625,1,D,CC,XC,D
15:05:34,INDF,RG,6625,4,D,CC,KK,D
15:05:34,INDF,RG,6625,10,D,CC,PD,D
15:05:34,INDF,RG,6625,2,D,CC,CC,D
15:05:34,INDF,RG,6625,100,D,CC,YP,D
15:05:34,INDF,RG,6625,200,D,CC,YP,D
15:05:34,INDF,RG,6625,1,D,CC,OD,D
15:05:34,INDF,RG,6625,1,D,CC,XC,D
15:05:34,INDF,RG,6625,1,D,CC,EP,D
15:05:34,INDF,RG,6625,10,D,CC,PD,D
15:05:34,INDF,RG,6625,3,D,CC,XL,D
15:05:34,INDF,RG,6625,10,D,CC,CC,D
15:05:34,INDF,RG,6625,5,D,CC,YP,D
15:05:34,INDF,RG,6625,25,D,CC,DX,D
15:05:34,INDF,RG,6625,16,D,CC,GR,D
15:05:34,INDF,RG,6625,3,D,CC,CC,D
15:05:34,INDF,RG,6625,100,D,CC,KK,D
15:05:34,INDF,RG,6625,5,D,CC,XC,D
15:05:34,INDF,RG,6625,1,D,CC,CC,D
15:05:34,INDF,RG,6625,3,D,CC,EP,D
15:05:34,INDF,RG,6625,100,D,CC,EP,D
15:05:34,INDF,RG,6625,35,D,CC,YP,D
15:05:34,INDF,RG,6625,1,D,CC,CC,D
15:05:34,INDF,RG,6625,1,D,CC,YP,D
15:05:34,INDF,RG,6625,5,D,CC,EP,D
15:05:34,INDF,RG,6625,5,D,CC,PD,D
15:05:34,INDF,RG,6625,5,D,CC,CC,D
15:05:34,INDF,RG,6625,1,D,CC,XC,D
15:05:34,INDF,RG,6625,1,D,CC,SQ,D
15:05:34,INDF,RG,6625,15,D,CC,YP,D
15:05:34,INDF,RG,6625,5,D,CC,PD,D
15:05:34,INDF,RG,6625,30,D,CC,YP,D
15:05:34,INDF,RG,6625,90,D,CC,YP,D
15:05:34,INDF,RG,6625,3,D,CC,PD,D
15:05:34,INDF,RG,6625,65,D,CC,YP,D
15:05:34,INDF,RG,6625,20,D,CC,YU,D
15:05:34,INDF,RG,6625,1,D,CC,XL,D
15:05:34,INDF,RG,6625,200,D,CC,YP,D
15:05:34,INDF,RG,6625,4,D,CC,XL,D
15:05:34,INDF,RG,6625,1,D,CC,XL,D
15:05:34,INDF,RG,6625,3,D,CC,XC,D
15:05:34,INDF,RG,6625,7,D,CC,EP,D
15:05:34,INDF,RG,6625,3,D,CC,PD,D
15:05:34,INDF,RG,6625,80,D,CC,YP,D
15:05:34,INDF,RG,6625,5,D,CC,PD,D
15:05:34,INDF,RG,6625,1,D,CC,PD,D
15:05:34,INDF,RG,6625,1,D,CC,CC,D
15:05:34,INDF,RG,6625,5,D,CC,NI,D
15:05:34,INDF,RG,6625,30,D,CC,OD,D
15:05:34,INDF,RG,6625,2,D,CC,XL,D
15:05:34,INDF,RG,6625,1,D,CC,LS,D
15:05:34,INDF,RG,6625,1,D,CC,KK,D
15:05:34,INDF,RG,6625,1,D,CC,KK,D
15:05:34,INDF,RG,6625,1,D,CC,CC,D
15:05:34,INDF,RG,6625,122,D,CC,AG,D
15:04:46,INDF,RG,6625,7,D,NI,AG,D
15:03:12,INDF,RG,6625,20,D,SQ,AG,D
15:01:42,INDF,RG,6625,2,D,PD,AG,D
15:00:00,INDF,RG,6625,8,D,NI,AG,D
15:00:00,INDF,RG,6625,1,F,ZP,AG,D
15:00:00,INDF,RG,6625,40,F,ZP,AG,D
15:00:00,INDF,RG,6625,3,F,ZP,PD,D
15:00:00,INDF,RG,6625,21,F,ZP,PD,D
15:00:00,INDF,RG,6625,2,F,ZP,XC,D
15:00:00,INDF,RG,6625,1,F,ZP,XC,D
15:00:00,INDF,RG,6625,1,F,ZP,XL,D
15:00:00,INDF,RG,6625,1,F,ZP,XL,D
15:00:00,INDF,RG,6625,1,F,ZP,XC,D
15:00:00,INDF,RG,6625,1,F,ZP,PD,D
15:00:00,INDF,RG,6625,8,F,ZP,PD,D
15:00:00,INDF,RG,6625,40,F,ZP,SQ,D
15:00:00,INDF,RG,6625,60,F,ZP,SQ,D
15:00:00,INDF,RG,6625,48,F,ZP,XC,D
15:00:00,INDF,RG,6625,20,F,ZP,OD,D
15:00:00,INDF,RG,6625,30,F,ZP,OD,D
15:00:00,INDF,RG,6625,5,F,ZP,XL,D
15:00:00,INDF,RG,6625,21,F,ZP,SQ,D
15:00:00,INDF,RG,6625,194,F,ZP,CS,F
15:00:00,INDF,RG,6625,11,F,ZP,AI,D
15:00:00,INDF,RG,6625,1,F,ZP,XC,D
15:00:00,INDF,RG,6625,388,F,ZP,EP,D
15:00:00,INDF,RG,6625,232,F,AK,EP,D
15:00:00,INDF,RG,6625,380,F,AK,EP,D
15:00:00,INDF,RG,6625,125,F,AK,BB,D
15:00:00,INDF,RG,6625,148,F,ZP,BB,D
15:00:00,INDF,RG,6625,17,F,BK,BB,D
15:00:00,INDF,RG,6625,1,F,BK,BB,D
15:00:00,INDF,RG,6625,342,F,KZ,BB,D
15:00:00,INDF,RG,6625,117,F,KZ,BB,D
15:00:00,INDF,RG,6625,1,F,KZ,XC,D
15:00:00,INDF,RG,6625,5,F,KZ,NI,D
15:00:00,INDF,RG,6625,1,F,KZ,XC,D
15:00:00,INDF,RG,6625,50,F,KZ,YP,D
15:00:00,INDF,RG,6625,20,F,KZ,YP,D
15:00:00,INDF,RG,6625,4,F,KZ,EP,D
15:00:00,INDF,RG,6625,3,F,KZ,YP,D
15:00:00,INDF,RG,6625,8,F,KZ,KK,D
15:00:00,INDF,RG,6625,2,F,KZ,YU,D
15:00:00,INDF,RG,6625,25,F,KZ,SQ,D
15:00:00,INDF,RG,6625,75,F,KZ,YP,D
15:00:00,INDF,RG,6625,6,F,KZ,HP,D
15:00:00,INDF,RG,6625,2,F,KZ,HP,D
15:00:00,INDF,RG,6625,4,F,KZ,YP,D
15:00:00,INDF,RG,6625,108,F,KZ,ZP,F
15:00:00,INDF,RG,6625,904,F,KZ,BK,F
15:00:00,INDF,RG,6625,344,F,KZ,BK,F
15:00:00,INDF,RG,6625,525,F,KZ,BK,F
15:00:00,INDF,RG,6625,67,F,ZP,BK,F
15:00:00,INDF,RG,6625,7,D,BB,BK,F
15:00:00,INDF,RG,6625,86,F,AK,BK,F
15:00:00,INDF,RG,6625,2067,F,AK,BK,F
15:00:00,INDF,RG,6625,169,F,AK,KK,D
15:00:00,INDF,RG,6625,81,F,AK,ZP,F
15:00:00,INDF,RG,6625,5,F,AK,LG,D
15:00:00,INDF,RG,6625,1158,F,AK,ZP,F
15:00:00,INDF,RG,6625,1,F,AK,ZP,F
15:00:00,INDF,RG,6625,82,F,YU,ZP,F
15:00:00,INDF,RG,6625,4,F,FS,ZP,F
15:00:00,INDF,RG,6625,133,D,PD,ZP,F
15:00:00,INDF,RG,6625,46,D,PD,ZP,F
15:00:00,INDF,RG,6625,25,D,PD,AK,F
15:00:00,INDF,RG,6625,13,D,PD,AK,F
15:00:00,INDF,RG,6625,112,D,PD,AK,F
15:00:00,INDF,RG,6625,26,D,PD,AK,F
15:00:00,INDF,RG,6625,9,D,PD,AK,F
15:00:00,INDF,RG,6625,182,D,ZP,AK,F
15:00:00,INDF,RG,6625,1,D,ZP,AK,F
15:00:00,INDF,RG,6625,1,D,ZP,AK,F
15:00:00,INDF,RG,6625,7,D,ZP,ZP,F
15:00:00,INDF,RG,6625,114,D,ZP,EP,D
15:00:00,INDF,RG,6625,16,D,ZP,ZP,D
15:00:00,INDF,RG,6625,4,D,LG,ZP,D
15:00:00,INDF,RG,6625,1,D,LG,LG,D
15:00:00,INDF,RG,6625,34,D,LG,YU,D
14:49:58,INDF,RG,6600,1,F,ZP,YP,D
14:49:57,INDF,RG,6600,1,F,ZP,YP,D
14:49:55,INDF,RG,6600,15,F,ZP,YP,D
14:49:55,INDF,RG,6575,14,F,ZP,ZP,F
14:49:54,INDF,RG,6600,1,F,ZP,ZP,F
14:49:52,INDF,RG,6600,2,F,ZP,ZP,F
14:49:52,INDF,RG,6600,1,F,ZP,XC,D
14:49:52,INDF,RG,6600,2,F,ZP,ZP,F
14:49:51,INDF,RG,6600,2,F,ZP,ZP,F
14:49:50,INDF,RG,6600,2,F,ZP,ZP,F
14:49:46,INDF,RG,6575,1,F,ZP,AK,F
14:49:46,INDF,RG,6575,1,F,ZP,AK,F
14:49:45,INDF,RG,6600,1,F,AK,ZP,F
14:49:45,INDF,RG,6600,1,F,AK,LG,D
14:49:44,INDF,RG,6575,1,F,ZP,XC,D
14:49:44,INDF,RG,6575,1,F,ZP,AK,F
14:49:43,INDF,RG,6600,1,F,ZP,LG,D
14:49:39,INDF,RG,6600,1,F,ZP,LG,D
14:49:33,INDF,RG,6575,11,F,ZP,RX,D
14:49:30,INDF,RG,6575,11,F,ZP,AK,F
14:49:27,INDF,RG,6600,6,F,ZP,LG,D
14:49:25,INDF,RG,6600,5,F,ZP,LG,D
14:49:19,INDF,RG,6600,3,D,YP,LG,D
14:49:19,INDF,RG,6575,1,F,ZP,AK,F
14:49:16,INDF,RG,6575,2,F,ZP,AK,F
14:49:15,INDF,RG,6575,2,F,ZP,AK,F
14:49:09,INDF,RG,6575,161,F,ZP,BB,D
14:49:05,INDF,RG,6575,1,F,ZP,BB,D
14:49:01,INDF,RG,6575,2,F,ZP,AK,F
14:49:00,INDF,RG,6600,3,F,ZP,LG,D
14:49:00,INDF,RG,6600,8,F,ZP,LG,D
14:49:00,INDF,RG,6600,2,F,ZP,LG,D
14:49:00,INDF,RG,6600,7,F,ZP,BB,D
14:49:00,INDF,RG,6575,1,F,ZP,AK,D
14:49:00,INDF,RG,6575,1,F,ZP,AK,D
14:48:59,INDF,RG,6575,29,F,ZP,BB,D
14:48:49,INDF,RG,6575,9,F,ZP,BB,D
14:48:49,INDF,RG,6575,8,D,CC,BB,D
14:48:49,INDF,RG,6600,5,F,AK,BB,D
14:48:49,INDF,RG,6600,2,F,AK,BB,D
14:48:46,INDF,RG,6575,1,D,CC,AK,F
14:48:45,INDF,RG,6575,1,D,CC,AK,F
14:48:40,INDF,RG,6600,5,D,XL,BB,D
14:48:39,INDF,RG,6575,31,D,KI,BB,D
14:48:31,INDF,RG,6575,4,D,KI,AK,F
14:48:31,INDF,RG,6575,6,F,AK,AK,F
14:48:31,INDF,RG,6575,5,D,YP,AK,F
14:48:31,INDF,RG,6575,4,D,YP,AK,F
14:48:30,INDF,RG,6600,4,F,ZP,BB,D
14:48:30,INDF,RG,6600,1,F,ZP,BB,D
14:48:30,INDF,RG,6600,3,F,ZP,RX,D
14:48:30,INDF,RG,6600,9,F,ZP,RX,D
14:48:30,INDF,RG,6600,3,F,AK,RX,D
14:48:30,INDF,RG,6600,3,F,AK,YU,D
14:48:28,INDF,RG,6575,11,D,YP,BB,D
14:48:28,INDF,RG,6575,3,D,GR,BB,D
14:48:24,INDF,RG,6575,1,D,GR,BB,D
14:48:24,INDF,RG,6575,5,D,YP,BB,D
14:48:24,INDF,RG,6575,1,D,KK,BB,D
14:48:24,INDF,RG,6575,5,D,YP,BB,D
14:48:24,INDF,RG,6575,1,D,XC,BB,D
14:48:24,INDF,RG,6575,16,D,GR,BB,D
14:48:24,INDF,RG,6575,2,D,GR,CC,D
14:48:18,INDF,RG,6600,2,D,YP,YU,D
14:48:18,INDF,RG,6600,1,D,YP,AK,D
14:48:18,INDF,RG,6600,1,D,YP,AK,D
14:48:18,INDF,RG,6600,6,D,YP,BB,D
14:48:15,INDF,RG,6575,1,D,GR,AK,F
14:48:15,INDF,RG,6600,3,D,YP,BB,D
14:48:15,INDF,RG,6600,8,D,YP,BB,D
14:48:15,INDF,RG,6600,1,F,AK,BB,D
14:48:06,INDF,RG,6575,6,D,GR,AK,D
14:48:06,INDF,RG,6575,5,D,GR,BB,D
14:48:06,INDF,RG,6575,94,D,PD,BB,D
14:48:01,INDF,RG,6575,1,D,PD,AK,F
14:48:01,INDF,RG,6575,1,D,PD,AK,F
14:48:00,INDF,RG,6575,12,D,PD,AK,F
14:48:00,INDF,RG,6600,4,F,AK,BB,D
14:47:57,INDF,RG,6600,1,D,DH,BB,D
14:47:57,INDF,RG,6600,2,F,ZP,BB,D
14:47:57,INDF,RG,6600,5,F,ZP,BB,D
14:47:57,INDF,RG,6600,15,D,CC,BB,D
14:47:57,INDF,RG,6600,6,D,PD,BB,D
14:47:47,INDF,RG,6600,94,D,PD,BB,D
14:47:47,INDF,RG,6600,1,D,DX,BB,D
14:47:47,INDF,RG,6600,6,D,PD,BB,D
14:47:47,INDF,RG,6600,1,D,YP,BB,D
14:47:47,INDF,RG,6600,15,D,YB,BB,D
14:47:47,INDF,RG,6600,2,F,ZP,BB,D
14:47:47,INDF,RG,6600,5,D,CC,BB,D
14:47:47,INDF,RG,6600,3,D,PD,BB,D
14:47:47,INDF,RG,6600,3,F,ZP,BB,D
14:47:47,INDF,RG,6600,10,D,PD,BB,D
14:47:47,INDF,RG,6600,10,D,YP,BB,D
14:47:47,INDF,RG,6600,1,F,ZP,BB,D
14:47:47,INDF,RG,6600,2,F,ZP,BB,D
14:47:47,INDF,RG,6600,6,D,PD,BB,D
14:47:47,INDF,RG,6600,2,F,ZP,BB,D
14:47:47,INDF,RG,6600,4,D,YP,BB,D
14:47:45,INDF,RG,6625,2,F,AK,SQ,D
14:47:43,INDF,RG,6625,3,F,ZP,SQ,D
14:47:43,INDF,RG,6600,6,D,YP,BB,D
14:47:43,INDF,RG,6600,1,F,BK,BB,D
14:47:43,INDF,RG,6600,6,F,ZP,BB,D
14:47:43,INDF,RG,6600,2,F,AK,BB,D
14:47:34,INDF,RG,6600,34,F,AK,BB,D
14:47:34,INDF,RG,6600,20,F,ZP,BB,D
14:47:34,INDF,RG,6600,18,F,ZP,BB,D
14:47:34,INDF,RG,6600,49,D,PD,BB,D
14:47:30,INDF,RG,6600,6,D,PD,AK,F
14:47:27,INDF,RG,6600,233,D,PD,BB,D
14:47:23,INDF,RG,6625,2,F,ZP,SQ,D
14:47:18,INDF,RG,6600,1,D,PD,XC,D
14:47:16,INDF,RG,6600,1,D,PD,AK,F
14:47:16,INDF,RG,6600,2,D,PD,AK,F
14:47:15,INDF,RG,6625,5,F,BK,SQ,D
14:47:02,INDF,RG,6600,4,D,PD,PD,D
14:47:00,INDF,RG,6600,12,D,PD,AK,F
14:46:45,INDF,RG,6600,1,D,PD,AK,F
14:46:37,INDF,RG,6625,10,F,ZP,SQ,D
14:46:37,INDF,RG,6625,9,F,ZP,SQ,D
14:46:31,INDF,RG,6600,1,D,PD,AK,F
14:46:31,INDF,RG,6600,1,D,PD,AK,F
14:46:15,INDF,RG,6600,12,D,PD,AK,F
14:46:01,INDF,RG,6600,1,D,PD,AK,F
14:45:54,INDF,RG,6600,10,D,PD,XC,D
14:45:45,INDF,RG,6600,11,D,PD,AK,F
14:45:31,INDF,RG,6600,1,D,PD,AK,F
14:45:30,INDF,RG,6600,1,D,PD,AK,F
14:45:18,INDF,RG,6600,25,D,PD,EP,D
14:45:16,INDF,RG,6600,1,D,PD,AK,F
14:45:15,INDF,RG,6600,38,D,PD,XC,D
14:45:01,INDF,RG,6600,31,F,AK,RX,D
14:45:01,INDF,RG,6600,1,F,AK,BB,D
14:45:01,INDF,RG,6600,2,F,AK,BB,D
14:44:51,INDF,RG,6600,2,D,PD,BB,D
14:44:48,INDF,RG,6600,2,D,NI,AK,D
14:44:48,INDF,RG,6600,1,D,NI,BB,D
14:44:48,INDF,RG,6600,7,D,NI,BB,D
14:44:46,INDF,RG,6575,1,D,PD,AK,F
14:44:45,INDF,RG,6600,2,F,AK,BB,D
14:44:45,INDF,RG,6600,3,F,AK,AK,D
14:44:45,INDF,RG,6600,2,F,AK,AK,D
14:44:45,INDF,RG,6600,2,F,AK,YB,D
14:44:45,INDF,RG,6600,8,F,AK,ZP,F
14:44:45,INDF,RG,6600,7,F,AK,BB,D
14:44:43,INDF,RG,6600,6,D,AI,BB,D
14:44:43,INDF,RG,6600,13,D,AI,BB,D
14:44:43,INDF,RG,6600,1,D,AI,BB,D
14:44:43,INDF,RG,6600,30,D,AI,EP,D
14:44:43,INDF,RG,6600,1,D,PD,EP,D
14:44:29,INDF,RG,6575,171,D,PD,BB,D
14:44:16,INDF,RG,6600,1,F,ZP,EP,D
14:44:16,INDF,RG,6600,2,D,PD,EP,D
14:44:16,INDF,RG,6600,1,F,ZP,EP,D
14:44:16,INDF,RG,6600,2,D,YP,EP,D
14:44:16,INDF,RG,6600,3,D,XC,EP,D
14:44:16,INDF,RG,6600,6,F,CC,EP,D
14:44:16,INDF,RG,6600,1,F,ZP,EP,D
14:44:16,INDF,RG,6600,3,F,ZP,EP,D
14:44:16,INDF,RG,6600,1,D,OD,PD,D
14:44:15,INDF,RG,6600,2,D,OD,AK,F
14:44:14,INDF,RG,6600,1,D,OD,XC,D
14:44:13,INDF,RG,6600,20,D,OD,GR,D
14:44:01,INDF,RG,6600,5,D,OD,DR,D
14:43:51,INDF,RG,6600,50,D,OD,EP,D
14:43:39,INDF,RG,6600,6,D,OD,BB,D
14:43:39,INDF,RG,6600,14,D,OD,AK,F
14:43:39,INDF,RG,6600,1,D,OD,AK,F
14:43:16,INDF,RG,6575,93,D,PD,YP,D
14:43:16,INDF,RG,6600,1,F,ZP,YP,D
14:43:16,INDF,RG,6600,6,F,AK,YP,D
14:43:11,INDF,RG,6625,1,D,XL,SQ,D
14:43:02,INDF,RG,6600,7,F,ZP,ZP,F
14:43:02,INDF,RG,6600,13,F,ZP,ZP,F
14:43:02,INDF,RG,6600,13,F,ZP,ZP,F
14:43:02,INDF,RG,6600,9,F,CS,ZP,F
14:43:02,INDF,RG,6600,1,F,CS,ZP,F
14:43:02,INDF,RG,6600,188,D,PD,ZP,F
14:43:02,INDF,RG,6600,23,D,PD,ZP,F
14:43:01,INDF,RG,6600,10,D,PD,CC,D
14:43:01,INDF,RG,6600,57,D,PD,BB,D
14:43:01,INDF,RG,6600,62,D,PD,BK,F
14:43:01,INDF,RG,6600,9,D,PD,ZP,F
14:43:01,INDF,RG,6600,24,D,PD,RX,D
14:43:01,INDF,RG,6600,8,D,PD,AK,D
14:43:01,INDF,RG,6600,3,D,PD,AK,D
14:43:01,INDF,RG,6600,1,D,PD,AK,F
14:43:01,INDF,RG,6600,7,D,PD,BB,D
14:43:01,INDF,RG,6600,1,D,PD,BB,D
14:43:01,INDF,RG,6600,13,D,PD,AK,F
14:43:00,INDF,RG,6600,5,F,AK,AK,F
14:42:46,INDF,RG,6575,1,D,PD,AK,F
14:42:30,INDF,RG,6575,29,D,PD,AK,F
14:42:30,INDF,RG,6575,2,D,PD,PD,D
14:41:56,INDF,RG,6600,2,F,ZP,ZP,F
14:41:56,INDF,RG,6600,2,F,ZP,ZP,F
14:41:56,INDF,RG,6600,1,F,ZP,ZP,F
14:41:56,INDF,RG,6600,2,F,ZP,CC,D
14:41:56,INDF,RG,6600,1,F,ZP,CC,D
14:41:30,INDF,RG,6600,1,F,ZP,AK,F
14:41:30,INDF,RG,6600,3,F,CS,ZP,F
14:41:30,INDF,RG,6600,7,F,ZP,ZP,F
14:41:30,INDF,RG,6600,31,F,AK,ZP,F
14:41:26,INDF,RG,6600,11,F,AK,BB,D
14:41:26,INDF,RG,6600,19,F,ZP,BB,D
14:41:26,INDF,RG,6600,14,F,ZP,BB,D
14:41:26,INDF,RG,6600,358,D,PD,BB,D
14:41:06,INDF,RG,6600,5,D,PD,PD,D
14:40:31,INDF,RG,6600,1,D,PD,CC,D
14:40:04,INDF,RG,6600,7,D,PD,ZP,F
14:40:04,INDF,RG,6600,20,D,PD,LG,D
14:40:04,INDF,RG,6600,1,D,PD,BB,D
14:40:04,INDF,RG,6600,5,D,PD,AK,D
14:40:04,INDF,RG,6600,4,D,PD,AK,D
14:40:04,INDF,RG,6600,2,D,PD,BB,D
14:40:04,INDF,RG,6600,2,D,PD,BB,D
14:40:04,INDF,RG,6600,1,D,PD,AK,F
14:39:55,INDF,RG,6600,4,D,XL,AK,F
14:39:52,INDF,RG,6575,1,D,PD,XL,D
14:39:34,INDF,RG,6575,1,D,SQ,AK,F
14:39:34,INDF,RG,6575,7,D,YP,AK,F
14:39:31,INDF,RG,6575,1,D,YP,AK,F
14:38:45,INDF,RG,6575,2,D,YP,BB,D
14:38:41,INDF,RG,6575,5,D,YP,BB,D
14:38:41,INDF,RG,6575,8,D,YP,ZP,F
14:38:41,INDF,RG,6575,69,D,YP,BB,D
14:38:31,INDF,RG,6575,11,D,YP,ZP,F
14:38:31,INDF,RG,6575,58,D,YP,BB,D
14:38:27,INDF,RG,6575,13,D,YP,BB,D
14:38:20,INDF,RG,6575,41,D,YP,ZP,F
14:38:20,INDF,RG,6575,85,D,YP,ZP,F
14:38:20,INDF,RG,6575,1,D,YP,BB,D
14:38:20,INDF,RG,6575,15,F,AK,BB,D
14:38:20,INDF,RG,6575,10,D,XL,BB,D
14:38:20,INDF,RG,6575,5,D,CC,BB,D
14:38:20,INDF,RG,6575,1,D,NI,BB,D
14:38:20,INDF,RG,6575,1,D,XL,BB,D
14:38:20,INDF,RG,6575,295,D,NI,BB,D
14:38:19,INDF,RG,6575,2,D,NI,BB,D
14:38:19,INDF,RG,6575,283,D,NI,BB,D
14:38:19,INDF,RG,6600,1,F,ZP,BB,D
14:38:19,INDF,RG,6600,8,F,CS,BB,D
14:38:19,INDF,RG,6600,152,D,XL,BB,D
14:38:19,INDF,RG,6600,1,D,YP,BB,D
14:38:19,INDF,RG,6600,1,F,ZP,BB,D
14:38:19,INDF,RG,6600,4,D,SQ,BB,D
14:38:19,INDF,RG,6600,1,F,ZP,BB,D
14:38:19,INDF,RG,6600,1,F,ZP,BB,D
14:38:19,INDF,RG,6600,25,F,ZP,BB,D
14:38:19,INDF,RG,6600,321,D,PD,BB,D
14:38:15,INDF,RG,6600,8,D,PD,BB,D
14:38:08,INDF,RG,6600,7,D,PD,BB,D
14:38:05,INDF,RG,6600,23,D,PD,BB,D
14:38:05,INDF,RG,6600,9,D,PD,ZP,F
14:38:00,INDF,RG,6600,38,D,PD,AK,F
14:38:00,INDF,RG,6600,4,D,XC,AK,F
14:38:00,INDF,RG,6600,2,F,ZP,AK,F
14:38:00,INDF,RG,6600,11,F,ZP,AK,F
14:37:56,INDF,RG,6600,2,F,ZP,BB,D
14:37:45,INDF,RG,6600,3,F,ZP,AK,F
14:37:32,INDF,RG,6600,1,F,ZP,BB,D
14:37:32,INDF,RG,6600,1,F,CS,BB,D
14:37:24,INDF,RG,6600,2,F,CS,BB,D
14:37:24,INDF,RG,6600,2,F,CS,BB,D
14:37:14,INDF,RG,6600,1,F,ZP,BB,D
14:37:14,INDF,RG,6600,1,D,FS,BB,D
14:37:14,INDF,RG,6600,3,D,FS,BB,D
14:37:04,INDF,RG,6600,11,D,FS,BB,D
14:37:04,INDF,RG,6600,1,F,ZP,BB,D
14:37:04,INDF,RG,6600,2,F,ZP,BB,D
14:37:04,INDF,RG,6600,2,F,CS,BB,D
14:37:04,INDF,RG,6600,1,F,CS,CC,D
14:36:41,INDF,RG,6600,7,F,CS,ZP,F
14:36:40,INDF,RG,6600,2,F,CS,BB,D
14:36:40,INDF,RG,6600,2,F,CS,CC,D
14:36:40,INDF,RG,6600,2,F,ZP,CC,D
14:36:40,INDF,RG,6600,2,F,ZP,CC,D
14:36:40,INDF,RG,6600,3,D,XC,CC,D
14:36:33,INDF,RG,6600,1,F,ZP,CC,D
14:36:32,INDF,RG,6600,1,F,ZP,BB,D
14:36:32,INDF,RG,6600,1,F,ZP,BB,D
14:36:32,INDF,RG,6600,3,F,ZP,BB,D
14:36:17,INDF,RG,6600,4,F,ZP,BB,D
14:36:17,INDF,RG,6600,2,F,ZP,BB,D
14:36:02,INDF,RG,6600,1,F,ZP,BB,D
14:36:02,INDF,RG,6600,2,F,ZP,SQ,D
14:35:57,INDF,RG,6600,2,F,ZP,BB,D
14:35:57,INDF,RG,6600,2,F,ZP,BB,D
14:35:44,INDF,RG,6600,1,F,ZP,BB,D
14:35:37,INDF,RG,6600,2,F,ZP,BB,D
14:35:15,INDF,RG,6600,6,F,AK,BB,D
14:35:14,INDF,RG,6600,1,F,ZP,ZP,F
14:35:14,INDF,RG,6600,1,F,ZP,BB,D
14:35:14,INDF,RG,6600,1,F,ZP,BB,D
14:35:14,INDF,RG,6600,1,F,AK,BB,D
14:35:13,INDF,RG,6600,10,F,AK,CC,D
14:35:03,INDF,RG,6600,2,F,AK,XL,D
14:34:54,INDF,RG,6600,1,F,AK,BB,D
14:34:54,INDF,RG,6600,5,F,AK,YP,D
14:34:42,INDF,RG,6600,9,F,AK,BB,D
14:34:22,INDF,RG,6600,3,F,AK,ZP,F
14:34:22,INDF,RG,6600,1,F,ZP,ZP,F
14:34:22,INDF,RG,6600,1,D,SQ,ZP,F
14:34:22,INDF,RG,6600,1,F,ZP,ZP,F
14:34:22,INDF,RG,6600,1,F,BK,ZP,F
14:34:22,INDF,RG,6600,8,F,BK,ZP,F
14:34:22,INDF,RG,6600,2,D,PD,ZP,F
14:34:21,INDF,RG,6600,2,D,PD,BB,D
14:34:21,INDF,RG,6600,10,F,CS,BB,D
14:34:21,INDF,RG,6600,6,F,ZP,BB,D
14:34:21,INDF,RG,6600,4,F,ZP,BB,D
14:34:08,INDF,RG,6600,12,F,ZP,ZP,F
14:34:08,INDF,RG,6600,5,F,ZP,ZP,F
14:34:08,INDF,RG,6600,2,F,ZP,BB,D
14:34:08,INDF,RG,6600,11,F,ZP,YP,D
14:34:08,INDF,RG,6600,24,D,PD,YP,D
14:34:01,INDF,RG,6600,1,D,PD,BB,D
14:34:01,INDF,RG,6625,1,D,PD,SQ,D
14:33:47,INDF,RG,6600,37,D,PD,BB,D
14:33:45,INDF,RG,6600,84,D,PD,BB,D
14:33:42,INDF,RG,6600,5,D,PD,BB,D
14:33:42,INDF,RG,6600,53,D,PD,BB,D
14:33:29,INDF,RG,6600,36,D,PD,BB,D
14:33:28,INDF,RG,6600,41,D,PD,BB,D
14:33:28,INDF,RG,6600,1,D,PD,PD,D
14:33:28,INDF,RG,6600,16,D,PD,ZP,F
14:33:28,INDF,RG,6600,32,D,PD,BB,D
14:33:28,INDF,RG,6600,6,D,PD,AK,D
14:33:28,INDF,RG,6600,61,D,PD,OD,D
14:33:28,INDF,RG,6600,8,D,PD,BB,D
14:33:28,INDF,RG,6600,1,D,PD,BB,D
14:33:22,INDF,RG,6575,8,D,NI,ZP,F
14:33:22,INDF,RG,6575,70,D,NI,BB,D
14:33:16,INDF,RG,6575,8,D,NI,ZP,F
14:33:15,INDF,RG,6575,1,D,NI,AK,F
14:33:15,INDF,RG,6575,5,D,NI,AK,F
14:33:15,INDF,RG,6575,83,D,NI,ZP,F
14:33:11,INDF,RG,6575,45,D,NI,BB,D
14:33:11,INDF,RG,6575,1,D,YP,BB,D
14:33:11,INDF,RG,6575,1,D,XL,BB,D
14:33:11,INDF,RG,6575,5,D,SQ,BB,D
14:33:11,INDF,RG,6575,25,D,YP,BB,D
14:33:11,INDF,RG,6575,1,D,PD,BB,D
14:33:11,INDF,RG,6575,1,D,NI,BB,D
14:33:11,INDF,RG,6575,76,D,PD,BB,D
14:33:11,INDF,RG,6575,1,D,YP,BB,D
14:33:11,INDF,RG,6575,2,D,NI,BB,D
14:33:11,INDF,RG,6575,1,D,PD,BB,D
14:33:11,INDF,RG,6575,1,D,YP,BB,D
14:33:11,INDF,RG,6575,300,D,GR,BB,D
14:33:11,INDF,RG,6575,1,D,PD,BB,D
14:33:11,INDF,RG,6575,100,D,PD,BB,D
14:33:11,INDF,RG,6575,2,D,NI,BB,D
14:33:11,INDF,RG,6575,1,D,YP,BB,D
14:33:11,INDF,RG,6575,1,D,XC,BB,D
14:33:11,INDF,RG,6575,3,D,CC,BB,D
14:33:11,INDF,RG,6575,1,D,YP,BB,D
14:33:11,INDF,RG,6575,100,D,GR,BB,D
14:33:11,INDF,RG,6575,1,D,YP,BB,D
14:33:11,INDF,RG,6575,1,D,PD,BB,D
14:33:11,INDF,RG,6575,2,D,SH,BB,D
14:33:11,INDF,RG,6575,1,D,XC,BB,D
14:33:11,INDF,RG,6575,1,D,XC,BB,D
14:33:11,INDF,RG,6575,8,D,SQ,BB,D
14:33:11,INDF,RG,6575,1,D,CC,BB,D
14:33:11,INDF,RG,6575,15,D,PD,BB,D
14:33:11,INDF,RG,6575,5,D,PD,BB,D
14:33:11,INDF,RG,6575,25,D,XL,BB,D
14:33:11,INDF,RG,6575,1,D,PD,BB,D
14:33:11,INDF,RG,6575,1,D,XC,BB,D
14:33:11,INDF,RG,6575,5,D,XC,BB,D
14:33:11,INDF,RG,6575,1,D,LS,BB,D
14:33:11,INDF,RG,6575,4,F,ZP,BB,D
14:33:11,INDF,RG,6575,3,F,ZP,BB,D
14:33:11,INDF,RG,6575,10,D,YP,BB,D
14:33:11,INDF,RG,6575,10,D,SQ,BB,D
14:33:11,INDF,RG,6575,48,D,YP,BB,D
14:33:07,INDF,RG,6575,14,D,YP,ZP,F
14:33:06,INDF,RG,6575,122,D,YP,BB,D
14:33:05,INDF,RG,6575,16,D,YP,ZP,F
14:33:05,INDF,RG,6575,161,D,YP,ZP,F
14:33:04,INDF,RG,6575,139,D,YP,BB,D
14:33:04,INDF,RG,6575,100,D,YP,BB,D
14:33:04,INDF,RG,6575,1,D,AZ,BB,D
14:33:04,INDF,RG,6575,1,D,AT,BB,D
14:33:04,INDF,RG,6575,1,D,PD,BB,D
14:33:04,INDF,RG,6575,1,D,AT,BB,D
14:33:04,INDF,RG,6575,25,D,YP,BB,D
14:33:04,INDF,RG,6575,5,D,YP,BB,D
14:33:04,INDF,RG,6575,1,D,KK,BB,D
14:33:04,INDF,RG,6575,1,D,NI,BB,D
14:33:04,INDF,RG,6575,30,D,YP,BB,D
14:33:04,INDF,RG,6575,1,D,KK,BB,D
14:33:04,INDF,RG,6575,1,D,NI,BB,D
14:33:04,INDF,RG,6575,9,D,YP,BB,D
14:33:04,INDF,RG,6575,2,D,XC,BB,D
14:33:04,INDF,RG,6575,38,D,DX,BB,D
14:33:04,INDF,RG,6575,1,D,CC,BB,D
14:33:04,INDF,RG,6575,1,D,AT,BB,D
14:33:04,INDF,RG,6575,10,D,CC,BB,D
14:33:04,INDF,RG,6575,2,D,XL,BB,D
14:33:04,INDF,RG,6575,2,D,SQ,BB,D
14:33:04,INDF,RG,6575,7,D,XL,BB,D
14:33:04,INDF,RG,6575,1,D,XC,BB,D
14:33:04,INDF,RG,6575,50,D,TP,BB,D
14:33:04,INDF,RG,6575,1,D,XL,BB,D
14:33:04,INDF,RG,6575,1,D,GR,BB,D
14:33:04,INDF,RG,6575,1,D,PD,BB,D
14:33:04,INDF,RG,6575,20,D,YP,BB,D
14:33:04,INDF,RG,6575,2,D,XC,BB,D
14:33:04,INDF,RG,6575,4,D,XC,BB,D
14:33:04,INDF,RG,6575,1,D,PD,BB,D
14:33:04,INDF,RG,6575,1,D,PC,BB,D
14:33:04,INDF,RG,6575,5,D,NI,BB,D
14:33:04,INDF,RG,6575,5,D,PD,BB,D
14:33:04,INDF,RG,6575,1,D,XL,BB,D
14:33:04,INDF,RG,6575,10,D,CC,BB,D
14:33:04,INDF,RG,6575,1,D,XC,BB,D
14:33:04,INDF,RG,6575,1,D,XC,BB,D
14:33:04,INDF,RG,6575,5,D,YP,BB,D
14:33:04,INDF,RG,6575,1,D,NI,BB,D
14:33:04,INDF,RG,6575,10,D,MG,BB,D
14:33:04,INDF,RG,6575,1,D,XL,BB,D
14:33:04,INDF,RG,6575,15,D,XL,BB,D
14:33:04,INDF,RG,6575,1,D,CC,BB,D
14:33:04,INDF,RG,6575,1,D,NI,BB,D
14:33:04,INDF,RG,6575,1,D,XC,BB,D
14:33:04,INDF,RG,6575,100,D,YU,BB,D
14:33:04,INDF,RG,6575,5,D,PD,BB,D
14:33:04,INDF,RG,6575,4,D,CC,BB,D
14:33:04,INDF,RG,6575,1,D,XC,BB,D
14:33:04,INDF,RG,6575,2,D,YP,BB,D
14:33:04,INDF,RG,6575,2,D,PD,BB,D
14:33:04,INDF,RG,6575,1,D,YP,BB,D
14:33:04,INDF,RG,6575,3,D,YP,BB,D
14:33:04,INDF,RG,6575,1,D,AZ,BB,D
14:33:04,INDF,RG,6575,1,D,YP,BB,D
14:33:04,INDF,RG,6575,1,D,YU,BB,D
14:33:04,INDF,RG,6575,4,D,XL,BB,D
14:33:04,INDF,RG,6575,20,F,AG,BB,D
14:33:04,INDF,RG,6575,3,D,XC,BB,D
14:33:04,INDF,RG,6575,1,D,XC,BB,D
14:33:04,INDF,RG,6575,5,D,EP,BB,D
14:33:04,INDF,RG,6575,10,D,YU,BB,D
14:33:04,INDF,RG,6575,926,F,ZP,BB,D
14:33:02,INDF,RG,6575,8,F,ZP,ZP,F
14:33:02,INDF,RG,6575,60,F,ZP,BB,D
14:32:52,INDF,RG,6575,6,F,ZP,ZP,F
14:32:52,INDF,RG,6575,1,D,PD,ZP,F
14:32:52,INDF,RG,6575,5,D,YP,ZP,F
14:32:52,INDF,RG,6575,7,D,YP,ZP,F
14:32:52,INDF,RG,6575,29,D,YP,ZP,F
14:32:52,INDF,RG,6600,3,F,AK,BB,D
14:32:52,INDF,RG,6600,42,F,AK,BB,D
14:32:52,INDF,RG,6600,58,F,AK,BB,D
14:32:52,INDF,RG,6600,18,F,AK,ZP,F
14:32:52,INDF,RG,6600,25,F,AK,RX,D
14:32:51,INDF,RG,6575,64,D,YP,BB,D
14:32:51,INDF,RG,6575,2,D,DH,BB,D
14:32:51,INDF,RG,6575,1,D,SQ,BB,D
14:32:51,INDF,RG,6575,1,D,CC,BB,D
14:32:51,INDF,RG,6575,3,D,PD,BB,D
14:32:51,INDF,RG,6575,1,D,CC,BB,D
14:32:51,INDF,RG,6575,1,D,XC,BB,D
14:32:51,INDF,RG,6575,1,D,YP,BB,D
14:32:51,INDF,RG,6575,1,D,PD,BB,D
14:32:51,INDF,RG,6575,100,D,TP,BB,D
14:32:51,INDF,RG,6575,1,D,PD,BB,D
14:32:51,INDF,RG,6575,20,D,PD,BB,D
14:32:51,INDF,RG,6575,10,D,CC,BB,D
14:32:51,INDF,RG,6575,1,D,PD,BB,D
14:32:51,INDF,RG,6575,15,D,AZ,BB,D
14:32:51,INDF,RG,6575,1,D,EP,BB,D
14:32:51,INDF,RG,6575,1,D,XL,BB,D
14:32:51,INDF,RG,6575,4,D,EP,BB,D
14:32:51,INDF,RG,6575,25,D,AI,BB,D
14:32:51,INDF,RG,6575,1,D,XL,BB,D
14:32:51,INDF,RG,6575,5,D,CD,BB,D
14:32:51,INDF,RG,6575,1,D,XL,BB,D
14:32:51,INDF,RG,6575,6,D,XL,BB,D
14:32:51,INDF,RG,6575,2,D,XL,BB,D
14:32:51,INDF,RG,6575,1,D,CC,BB,D
14:32:51,INDF,RG,6575,20,D,CC,BB,D
14:32:51,INDF,RG,6575,10,D,CC,BB,D
14:32:51,INDF,RG,6575,1,D,CC,BB,D
14:32:51,INDF,RG,6575,1,D,XL,BB,D
14:32:51,INDF,RG,6575,2,D,CC,BB,D
14:32:51,INDF,RG,6575,5,D,CC,BB,D
14:32:51,INDF,RG,6575,1,D,XC,BB,D
14:32:51,INDF,RG,6575,3,D,XC,BB,D
14:32:51,INDF,RG,6575,2,D,XC,BB,D
14:32:51,INDF,RG,6575,1,D,XC,BB,D
14:32:51,INDF,RG,6575,5,D,CC,BB,D
14:32:51,INDF,RG,6575,30,D,YP,BB,D
14:32:51,INDF,RG,6575,5,D,XC,BB,D
14:32:51,INDF,RG,6575,1,D,EP,BB,D
14:32:51,INDF,RG,6575,1,D,EP,BB,D
14:32:51,INDF,RG,6575,55,D,XC,BB,D
14:32:51,INDF,RG,6575,64,D,YP,BB,D
14:32:45,INDF,RG,6575,4,D,YP,BB,D
14:32:45,INDF,RG,6575,7,D,YP,ZP,F
14:32:42,INDF,RG,6575,10,D,YP,BB,D
14:32:33,INDF,RG,6575,9,D,YP,BB,D
14:32:33,INDF,RG,6575,3,D,YP,BB,D
14:32:25,INDF,RG,6575,3,D,YP,BB,D
14:32:25,INDF,RG,6575,6,D,YP,BB,D
14:32:15,INDF,RG,6575,12,D,YP,BB,D
14:32:15,INDF,RG,6575,1,D,YP,BB,D
14:32:15,INDF,RG,6575,2,D,XC,BB,D
14:32:15,INDF,RG,6575,1,D,CC,BB,D
14:32:10,INDF,RG,6600,8,D,XC,RX,D
14:32:08,INDF,RG,6575,8,D,CC,ZP,F
14:32:07,INDF,RG,6575,1,D,CC,BB,D
14:32:07,INDF,RG,6575,5,D,OD,BB,D
14:32:07,INDF,RG,6575,1,D,OD,BB,D
14:32:07,INDF,RG,6575,10,D,CC,BB,D
14:32:07,INDF,RG,6575,25,D,PD,BB,D
14:32:07,INDF,RG,6575,3,D,PD,BB,D
14:32:07,INDF,RG,6575,1,D,PD,BB,D
14:32:07,INDF,RG,6575,5,D,KK,BB,D
14:32:07,INDF,RG,6575,11,D,YP,BB,D
14:32:07,INDF,RG,6575,5,D,PD,BB,D
14:32:02,INDF,RG,6575,9,D,PD,ZP,F
14:32:02,INDF,RG,6575,5,D,IF,ZP,F
14:32:02,INDF,RG,6575,1,D,PD,ZP,F
14:32:02,INDF,RG,6600,57,D,KI,RX,D
14:32:02,INDF,RG,6600,7,D,KI,BB,D
14:32:02,INDF,RG,6600,7,D,KI,BB,D
14:32:02,INDF,RG,6600,17,D,KI,AK,F
14:31:57,INDF,RG,6575,1,D,PD,BB,D
14:31:57,INDF,RG,6575,57,D,YP,BB,D
14:31:57,INDF,RG,6600,1,F,CS,BB,D
14:31:57,INDF,RG,6600,1,F,CC,BB,D
14:31:54,INDF,RG,6575,8,D,YP,ZP,F
14:31:53,INDF,RG,6575,35,D,YP,BB,D
14:31:53,INDF,RG,6575,1,D,PD,BB,D
14:31:53,INDF,RG,6575,1,D,PD,BB,D
14:31:53,INDF,RG,6575,1,D,PD,BB,D
14:31:53,INDF,RG,6575,4,D,PD,BB,D
14:31:53,INDF,RG,6575,5,D,PD,BB,D
14:31:53,INDF,RG,6575,5,D,PD,BB,D
14:31:53,INDF,RG,6575,1,D,PD,BB,D
14:31:53,INDF,RG,6575,2,D,PD,BB,D
14:31:53,INDF,RG,6575,1,D,KK,BB,D
14:31:53,INDF,RG,6575,1,D,PD,BB,D
14:31:53,INDF,RG,6600,2,F,CS,BB,D
14:31:53,INDF,RG,6600,2,D,YP,BB,D
14:31:49,INDF,RG,6600,1,D,YP,BB,D
14:31:49,INDF,RG,6600,3,D,YP,BB,D
14:31:48,INDF,RG,6575,9,D,PD,ZP,F
14:31:48,INDF,RG,6575,4,D,PD,ZP,F
14:31:48,INDF,RG,6575,6,D,PD,BB,D
14:31:48,INDF,RG,6575,2,D,PD,BB,D
14:31:48,INDF,RG,6575,1,D,PD,ZP,F
14:31:48,INDF,RG,6575,1,D,PD,ZP,F
14:31:48,INDF,RG,6575,10,D,KK,ZP,F
14:31:48,INDF,RG,6575,1,D,KK,ZP,F
14:31:48,INDF,RG,6575,1,D,PD,ZP,F
14:31:48,INDF,RG,6575,5,D,PD,ZP,F
14:31:48,INDF,RG,6575,5,D,PD,ZP,F
14:31:48,INDF,RG,6575,1,D,PD,ZP,F
14:31:48,INDF,RG,6575,2,D,PD,ZP,F
14:31:48,INDF,RG,6575,1,D,PD,ZP,F
14:31:48,INDF,RG,6575,90,D,PD,ZP,F
14:31:47,INDF,RG,6575,118,D,PD,BB,D
14:31:47,INDF,RG,6575,2,D,SQ,BB,D
14:31:47,INDF,RG,6575,1,D,GR,BB,D
14:31:47,INDF,RG,6575,2,D,DH,BB,D
14:31:47,INDF,RG,6575,10,D,GR,BB,D
14:31:47,INDF,RG,6575,50,D,GR,BB,D
14:31:47,INDF,RG,6575,1,D,KK,BB,D
14:31:47,INDF,RG,6575,6,D,AT,BB,D
14:31:47,INDF,RG,6575,11,D,DR,BB,D
14:31:47,INDF,RG,6575,5,D,YP,BB,D
14:31:47,INDF,RG,6575,25,D,OD,BB,D
14:31:47,INDF,RG,6575,10,D,YP,BB,D
14:31:47,INDF,RG,6575,1,D,LG,BB,D
14:31:47,INDF,RG,6575,10,D,XC,BB,D
14:31:47,INDF,RG,6575,10,D,YP,BB,D
14:31:47,INDF,RG,6575,3,D,PD,BB,D
14:31:47,INDF,RG,6575,1,D,XC,BB,D
14:31:47,INDF,RG,6575,20,D,YP,BB,D
14:31:47,INDF,RG,6575,1,D,YP,BB,D
14:31:47,INDF,RG,6575,20,D,XL,BB,D
14:31:47,INDF,RG,6575,3,D,GR,BB,D
14:31:47,INDF,RG,6575,1,D,YP,BB,D
14:31:47,INDF,RG,6575,5,D,ZP,BB,D
14:31:47,INDF,RG,6575,300,D,XC,BB,D
14:31:47,INDF,RG,6575,2,D,CC,BB,D
14:31:47,INDF,RG,6575,1,D,PD,BB,D
14:31:47,INDF,RG,6575,3,D,CC,BB,D
14:31:47,INDF,RG,6575,2,D,XL,BB,D
14:31:47,INDF,RG,6575,1,D,PD,BB,D
14:31:47,INDF,RG,6575,20,D,AI,BB,D
14:31:47,INDF,RG,6575,1,D,YP,BB,D
14:31:47,INDF,RG,6575,2,D,PD,BB,D
14:31:47,INDF,RG,6575,4,D,CC,BB,D
14:31:47,INDF,RG,6575,2,D,CC,BB,D
14:31:47,INDF,RG,6575,2,D,XC,BB,D
14:31:47,INDF,RG,6575,1,D,KK,BB,D
14:31:47,INDF,RG,6575,1,D,PD,BB,D
14:31:47,INDF,RG,6575,1,D,PD,BB,D
14:31:47,INDF,RG,6575,1,D,PD,BB,D
14:31:47,INDF,RG,6575,1,D,XL,BB,D
14:31:47,INDF,RG,6575,20,D,CP,BB,D
14:31:47,INDF,RG,6575,5,D,NI,BB,D
14:31:47,INDF,RG,6575,4,D,YJ,BB,D
14:31:47,INDF,RG,6575,3,D,CC,BB,D
14:31:47,INDF,RG,6575,5,D,YP,BB,D
14:31:47,INDF,RG,6575,100,D,NI,BB,D
14:31:47,INDF,RG,6575,2,D,PD,BB,D
14:31:47,INDF,RG,6575,9,D,PD,BB,D
14:31:47,INDF,RG,6575,2,D,PD,BB,D
14:31:47,INDF,RG,6575,1,D,GR,BB,D
14:31:47,INDF,RG,6575,10,D,YP,BB,D
14:31:47,INDF,RG,6575,5,D,SQ,BB,D
14:31:47,INDF,RG,6575,3,D,CC,BB,D
14:31:47,INDF,RG,6575,10,D,YP,BB,D
14:31:47,INDF,RG,6575,1,D,ZP,BB,D
14:31:47,INDF,RG,6575,3,D,XC,BB,D
14:31:47,INDF,RG,6575,10,D,YP,BB,D
14:31:47,INDF,RG,6575,10,D,YP,BB,D
14:31:47,INDF,RG,6575,2,D,PD,BB,D
14:31:47,INDF,RG,6575,2,D,PD,BB,D
14:31:47,INDF,RG,6575,10,D,YP,BB,D
14:31:47,INDF,RG,6575,20,D,PD,BB,D
14:31:47,INDF,RG,6575,5,D,ZP,BB,D
14:31:47,INDF,RG,6575,2,D,CC,BB,D
14:31:47,INDF,RG,6575,1,D,EP,BB,D
14:31:47,INDF,RG,6575,15,D,CC,BB,D
14:31:47,INDF,RG,6575,5,D,YP,BB,D
14:31:47,INDF,RG,6575,1,D,NI,BB,D
14:31:47,INDF,RG,6575,1,D,YP,BB,D
14:31:47,INDF,RG,6575,1,D,YU,BB,D
14:31:47,INDF,RG,6575,1,D,PD,BB,D
14:31:47,INDF,RG,6575,73,F,ZP,BB,D
14:31:47,INDF,RG,6575,68,F,ZP,BB,D
14:31:47,INDF,RG,6600,4,F,ZP,BB,D
14:31:47,INDF,RG,6600,1,D,LG,BB,D
14:31:47,INDF,RG,6600,40,F,ZP,BB,D
14:31:47,INDF,RG,6600,1,F,CC,BB,D
14:31:47,INDF,RG,6600,3,F,CS,BB,D
14:31:47,INDF,RG,6600,19,F,ZP,BB,D
14:31:47,INDF,RG,6600,5,F,CS,BB,D
14:31:30,INDF,RG,6600,7,F,CS,BB,D
14:31:30,INDF,RG,6600,28,D,PD,BB,D
14:31:30,INDF,RG,6600,7,D,PD,ZP,F
14:31:27,INDF,RG,6600,6,D,PD,BB,D
14:31:19,INDF,RG,6600,13,D,PD,BB,D
14:31:19,INDF,RG,6600,47,D,PD,BB,D
14:31:00,INDF,RG,6600,35,D,PD,BB,D
14:31:00,INDF,RG,6600,1,D,PD,AK,F
14:31:00,INDF,RG,6600,2,D,PD,AK,F
14:30:49,INDF,RG,6600,31,D,PD,BB,D
14:30:49,INDF,RG,6600,16,D,PD,BB,D
14:30:46,INDF,RG,6600,65,D,PD,BB,D
14:30:46,INDF,RG,6600,7,D,PD,AK,D
14:30:46,INDF,RG,6600,1,D,PD,XC,D
14:30:46,INDF,RG,6600,2,D,PD,NI,D
14:30:46,INDF,RG,6600,17,D,PD,RX,D
14:30:46,INDF,RG,6600,1,D,PD,NI,D
14:30:46,INDF,RG,6600,9,D,PD,BB,D
14:30:46,INDF,RG,6600,2,D,PD,XC,D
14:30:46,INDF,RG,6600,13,D,PD,ZP,F
14:30:46,INDF,RG,6600,13,D,PD,AK,D
14:30:46,INDF,RG,6600,10,D,PD,DX,D
14:30:46,INDF,RG,6600,1,D,PD,GR,D
14:30:46,INDF,RG,6600,20,D,PD,ZP,F
14:30:46,INDF,RG,6600,59,D,PD,BB,D
14:30:32,INDF,RG,6600,5,D,PD,BB,D
14:30:31,INDF,RG,6575,7,F,ZP,ZP,F
14:30:30,INDF,RG,6575,18,F,ZP,BB,D
14:30:30,INDF,RG,6600,10,D,YP,BB,D
14:30:30,INDF,RG,6575,18,F,ZP,AK,F
14:30:22,INDF,RG,6575,31,F,ZP,BB,D
14:30:13,INDF,RG,6575,7,F,ZP,ZP,F
14:30:12,INDF,RG,6575,28,F,ZP,BB,D
14:30:00,INDF,RG,6575,9,F,ZP,BB,D
14:30:00,INDF,RG,6600,2,D,PD,BB,D
14:29:54,INDF,RG,6575,22,F,ZP,BB,D
14:29:50,INDF,RG,6575,8,F,ZP,ZP,F
14:29:47,INDF,RG,6575,28,F,ZP,BB,D
14:29:37,INDF,RG,6575,19,F,ZP,BB,D
14:29:31,INDF,RG,6575,16,F,ZP,BB,D
14:29:25,INDF,RG,6575,15,F,ZP,ZP,F
14:29:25,INDF,RG,6575,61,F,ZP,BB,D
14:29:18,INDF,RG,6575,7,F,ZP,AK,F
14:29:13,INDF,RG,6575,1,F,ZP,BB,D
14:29:13,INDF,RG,6575,33,F,ZP,ZP,F
14:29:12,INDF,RG,6575,54,F,ZP,BB,D
14:28:41,INDF,RG,6575,10,F,ZP,ZP,F
14:28:41,INDF,RG,6575,16,F,ZP,BB,D
14:28:40,INDF,RG,6575,2,F,ZP,OD,D
14:28:31,INDF,RG,6600,14,D,YU,BB,D
14:28:28,INDF,RG,6575,18,F,ZP,BB,D
14:28:28,INDF,RG,6600,25,D,YP,BB,D
14:28:28,INDF,RG,6575,8,F,ZP,BB,D
14:28:16,INDF,RG,6575,3,F,ZP,BB,D
14:28:16,INDF,RG,6575,57,F,ZP,BB,D
14:28:07,INDF,RG,6600,1,D,PD,BB,D
14:28:07,INDF,RG,6600,1,F,AK,BB,D
14:28:07,INDF,RG,6600,7,F,AK,BB,D
14:28:07,INDF,RG,6600,50,F,AK,YP,D
14:28:07,INDF,RG,6600,24,F,AK,RX,D
14:28:07,INDF,RG,6575,4,F,ZP,BB,D
14:28:07,INDF,RG,6575,21,F,ZP,BB,D
14:28:00,INDF,RG,6575,1,F,ZP,AK,F
14:27:55,INDF,RG,6575,25,F,ZP,BB,D
14:27:48,INDF,RG,6575,5,F,ZP,BB,D
14:27:45,INDF,RG,6575,9,F,ZP,BB,D
14:27:45,INDF,RG,6575,47,F,ZP,BB,D
14:27:32,INDF,RG,6575,12,F,ZP,ZP,F
14:27:31,INDF,RG,6575,52,F,ZP,BB,D
14:27:31,INDF,RG,6575,6,F,ZP,BB,D
14:27:15,INDF,RG,6575,21,F,ZP,BB,D
14:27:15,INDF,RG,6575,11,F,ZP,BB,D
14:27:06,INDF,RG,6575,20,F,ZP,BB,D
14:27:01,INDF,RG,6575,9,F,ZP,ZP,F
14:27:00,INDF,RG,6575,38,F,ZP,BB,D
14:27:00,INDF,RG,6575,17,F,ZP,AK,F
14:26:57,INDF,RG,6575,3,F,ZP,BB,D
14:26:48,INDF,RG,6575,20,F,ZP,BB,D
14:26:40,INDF,RG,6575,9,F,ZP,ZP,F
14:26:39,INDF,RG,6575,33,F,ZP,BB,D
14:26:39,INDF,RG,6575,3,D,PD,BB,D
14:26:39,INDF,RG,6575,29,D,LG,BB,D
14:26:39,INDF,RG,6575,1,D,PD,BB,D
14:26:39,INDF,RG,6575,1,D,XL,BB,D
14:26:39,INDF,RG,6575,1,D,PD,BB,D
14:26:39,INDF,RG,6575,10,D,CC,BB,D
14:26:39,INDF,RG,6575,10,D,GR,BB,D
14:26:35,INDF,RG,6575,7,D,GR,ZP,F
14:26:34,INDF,RG,6575,3,D,GR,ZP,F
14:26:34,INDF,RG,6575,1,D,DH,ZP,F
14:26:34,INDF,RG,6575,10,D,CC,ZP,F
14:26:34,INDF,RG,6575,1,D,XL,ZP,F
14:26:34,INDF,RG,6575,2,D,XC,ZP,F
14:26:34,INDF,RG,6575,1,D,YP,ZP,F
14:26:34,INDF,RG,6575,10,D,KK,BB,D
14:26:34,INDF,RG,6575,10,D,CC,BB,D
14:26:34,INDF,RG,6575,1,D,HP,BB,D
14:26:34,INDF,RG,6575,1,D,TP,BB,D
14:26:34,INDF,RG,6575,1,D,CC,BB,D
14:26:34,INDF,RG,6575,19,D,CC,BB,D
14:26:34,INDF,RG,6575,1,D,PD,BB,D
14:26:34,INDF,RG,6575,5,D,PD,BB,D
14:26:34,INDF,RG,6575,1,D,YP,BB,D
14:26:34,INDF,RG,6575,1,D,YP,BB,D
14:26:34,INDF,RG,6575,2,D,CC,BB,D
14:26:34,INDF,RG,6575,36,D,CC,HP,F
14:26:34,INDF,RG,6575,10,D,PD,HP,F
14:26:34,INDF,RG,6575,1,D,PD,HP,F
14:26:34,INDF,RG,6575,3,D,CC,HP,F
14:26:34,INDF,RG,6575,1,D,XC,HP,F
14:26:34,INDF,RG,6575,99,D,YP,HP,F
14:26:22,INDF,RG,6575,1,D,YP,ZP,F
14:26:22,INDF,RG,6575,1,D,XL,ZP,F
14:26:22,INDF,RG,6575,24,D,XC,ZP,F
14:26:22,INDF,RG,6575,1,D,XC,BB,D
14:26:22,INDF,RG,6575,50,F,AG,BB,D
14:26:22,INDF,RG,6575,100,D,LG,BB,D
14:26:22,INDF,RG,6575,9,D,EP,BB,D
14:26:22,INDF,RG,6575,1,D,NI,BB,D
14:26:22,INDF,RG,6575,10,D,PD,BB,D
14:26:22,INDF,RG,6575,1,D,NI,BB,D
14:26:22,INDF,RG,6575,32,D,XL,BB,D
14:26:20,INDF,RG,6575,27,D,XL,ZP,F
14:26:19,INDF,RG,6575,7,D,XL,BB,D
14:26:19,INDF,RG,6575,1,D,PD,BB,D
14:26:19,INDF,RG,6575,5,D,PD,BB,D
14:26:19,INDF,RG,6575,5,D,PD,BB,D
14:26:19,INDF,RG,6575,3,D,GR,BB,D
14:26:19,INDF,RG,6575,1,D,NI,BB,D
14:26:19,INDF,RG,6575,15,D,XL,BB,D
14:26:09,INDF,RG,6575,57,D,XL,ZP,F
14:26:09,INDF,RG,6575,35,D,XL,BB,D
14:26:09,INDF,RG,6600,213,D,PD,BK,F
14:26:09,INDF,RG,6600,118,D,PD,ZP,F
14:26:09,INDF,RG,6600,9,D,PD,ZP,F
14:26:09,INDF,RG,6600,19,D,PD,BB,D
14:26:09,INDF,RG,6600,6,D,PD,AK,D
14:26:09,INDF,RG,6600,37,D,PD,AK,D
14:26:09,INDF,RG,6600,1,D,PD,BB,D
14:26:09,INDF,RG,6600,3,D,PD,BB,D
14:26:05,INDF,RG,6575,15,D,XL,ZP,F
14:26:05,INDF,RG,6575,9,D,XL,BB,D
14:26:05,INDF,RG,6575,25,D,XL,BK,F
14:26:01,INDF,RG,6575,9,D,XL,ZP,F
14:26:00,INDF,RG,6575,35,D,XL,BB,D
14:26:00,INDF,RG,6575,1,D,XC,BB,D
14:26:00,INDF,RG,6575,1,D,XC,BB,D
14:26:00,INDF,RG,6575,2,D,PD,BB,D
14:26:00,INDF,RG,6575,1,D,XA,BB,D
14:26:00,INDF,RG,6575,2,D,PD,BB,D
14:26:00,INDF,RG,6575,20,F,AG,BB,D
14:26:00,INDF,RG,6575,21,D,GR,BB,D
14:26:00,INDF,RG,6575,9,D,GR,BK,F
14:26:00,INDF,RG,6575,4,D,CC,BK,F
14:25:55,INDF,RG,6575,1,D,CC,ZP,F
14:25:55,INDF,RG,6575,1,D,CC,ZP,F
14:25:55,INDF,RG,6575,6,D,PD,ZP,F
14:25:55,INDF,RG,6575,14,D,PD,BK,F
14:25:55,INDF,RG,6575,3,F,ZP,BK,F
14:25:55,INDF,RG,6575,2,F,ZP,BK,F
14:25:55,INDF,RG,6575,36,D,YP,BK,F
14:25:51,INDF,RG,6575,34,D,YP,BB,D
14:25:49,INDF,RG,6575,31,D,YP,ZP,F
14:25:49,INDF,RG,6575,7,D,YP,ZP,F
14:25:49,INDF,RG,6575,276,D,YP,BB,D
14:25:49,INDF,RG,6575,25,D,YP,BK,F
14:25:46,INDF,RG,6575,64,D,YP,BK,F
14:25:42,INDF,RG,6575,33,D,YP,ZP,F
14:25:42,INDF,RG,6575,288,D,YP,BB,D
14:25:42,INDF,RG,6575,26,D,YP,BK,F
14:25:38,INDF,RG,6575,17,D,YP,RX,D
14:25:37,INDF,RG,6575,15,D,YP,ZP,F
14:25:36,INDF,RG,6575,113,D,YP,BK,F
14:25:34,INDF,RG,6575,35,D,YP,ZP,F
14:25:34,INDF,RG,6575,3,D,KK,ZP,F
14:25:34,INDF,RG,6575,2,D,XL,ZP,F
14:25:34,INDF,RG,6575,1,D,NI,ZP,F
14:25:34,INDF,RG,6575,2,D,XC,ZP,F
14:25:34,INDF,RG,6575,5,D,SQ,ZP,F
14:25:34,INDF,RG,6575,1,D,PD,ZP,F
14:25:34,INDF,RG,6575,1,D,XL,ZP,F
14:25:34,INDF,RG,6575,2,D,YP,ZP,F
14:25:33,INDF,RG,6575,98,D,YP,BB,D
14:25:33,INDF,RG,6575,256,D,XC,BB,D
14:25:33,INDF,RG,6575,5,D,CC,BB,D
14:25:33,INDF,RG,6575,50,D,CC,BB,D
14:25:33,INDF,RG,6575,5,D,PD,BB,D
14:25:33,INDF,RG,6575,5,D,YP,BB,D
14:25:33,INDF,RG,6575,1,D,YP,BB,D
14:25:33,INDF,RG,6575,5,D,GR,BB,D
14:25:33,INDF,RG,6575,3,D,PD,BB,D
14:25:33,INDF,RG,6575,5,D,YP,BB,D
14:25:33,INDF,RG,6575,1,D,NI,BB,D
14:25:33,INDF,RG,6575,2,D,NI,BB,D
14:25:33,INDF,RG,6575,2,D,SQ,BB,D
14:25:33,INDF,RG,6575,43,D,GR,BB,D
14:25:33,INDF,RG,6575,12,D,GR,ZP,F
14:25:32,INDF,RG,6575,70,D,GR,BK,F
14:25:31,INDF,RG,6575,57,D,GR,ZP,F
14:25:30,INDF,RG,6575,18,D,GR,ZP,F
14:25:30,INDF,RG,6575,1,D,PD,ZP,F
14:25:30,INDF,RG,6575,1,D,PD,ZP,F
14:25:30,INDF,RG,6575,10,D,PD,ZP,F
14:25:30,INDF,RG,6575,1,D,YP,ZP,F
14:25:30,INDF,RG,6575,1,D,PD,ZP,F
14:25:30,INDF,RG,6575,3,D,PD,ZP,F
14:25:30,INDF,RG,6575,27,D,PD,BK,F
14:25:30,INDF,RG,6575,1,D,YP,BK,F
14:25:30,INDF,RG,6575,1,D,NI,BK,F
14:25:30,INDF,RG,6575,50,D,YP,BK,F
14:25:30,INDF,RG,6575,5,D,GR,BK,F
14:25:30,INDF,RG,6575,5,D,GR,BK,F
14:25:30,INDF,RG,6575,10,D,PD,BK,F
14:25:30,INDF,RG,6575,20,D,YP,BK,F
14:25:30,INDF,RG,6575,1,D,CC,BK,F
14:25:30,INDF,RG,6575,2,D,XL,BK,F
14:25:30,INDF,RG,6575,2,D,XC,BK,F
14:25:30,INDF,RG,6575,1,D,SQ,BK,F
14:25:30,INDF,RG,6575,9,D,OD,BK,F
14:25:30,INDF,RG,6575,3,D,PD,BK,F
14:25:30,INDF,RG,6575,1,D,NI,BK,F
14:25:30,INDF,RG,6575,3,D,PD,BK,F
14:25:30,INDF,RG,6575,10,D,KK,BK,F
14:25:30,INDF,RG,6575,3,D,SQ,BK,F
14:25:30,INDF,RG,6575,1,D,AZ,BK,F
14:25:30,INDF,RG,6575,5,D,XL,BK,F
14:25:30,INDF,RG,6575,1,D,PD,BK,F
14:25:30,INDF,RG,6575,131,D,YU,BK,F
14:25:30,INDF,RG,6575,43,D,YU,ZP,F
14:25:30,INDF,RG,6575,1,D,XC,ZP,F
14:25:30,INDF,RG,6575,50,D,GR,ZP,F
14:25:30,INDF,RG,6575,31,D,YP,ZP,F
14:25:30,INDF,RG,6600,15,F,AK,BB,D
14:25:30,INDF,RG,6600,5,F,AK,BB,D
14:25:30,INDF,RG,6600,5,F,AK,BB,D
14:25:30,INDF,RG,6600,3,F,AK,BB,D
14:25:30,INDF,RG,6600,4,F,AK,BB,D
14:25:30,INDF,RG,6600,42,F,AK,BB,D
14:25:30,INDF,RG,6600,29,F,AK,BB,D
14:25:30,INDF,RG,6600,70,F,AK,BB,D
14:25:30,INDF,RG,6600,9,F,AK,BB,D
14:25:30,INDF,RG,6600,5,F,ZP,BK,F
14:25:30,INDF,RG,6600,9,F,ZP,BK,F
14:25:30,INDF,RG,6600,1,D,PD,BK,F
14:25:30,INDF,RG,6600,60,D,GR,BK,F
14:25:30,INDF,RG,6600,22,F,ZP,BK,F
14:25:30,INDF,RG,6600,2,D,XC,BK,F
14:25:30,INDF,RG,6600,15,D,XC,BK,F
14:25:30,INDF,RG,6600,3,F,CC,BK,F
14:25:30,INDF,RG,6600,92,F,ZP,BK,F
14:25:30,INDF,RG,6600,85,F,ZP,BK,F
14:25:30,INDF,RG,6600,6,F,CS,BK,F
14:25:30,INDF,RG,6600,3,D,YP,BK,F
14:25:30,INDF,RG,6600,30,F,ZP,BK,F
14:25:30,INDF,RG,6600,1,D,YP,BK,F
14:25:30,INDF,RG,6600,5,D,PD,BK,F
14:25:30,INDF,RG,6600,10,F,CS,BK,F
14:25:30,INDF,RG,6600,16,D,PD,BK,F
14:25:30,INDF,RG,6600,9,F,ZP,BK,F
14:25:30,INDF,RG,6600,13,F,ZP,BK,F
14:25:30,INDF,RG,6600,406,D,PD,BK,F
14:25:30,INDF,RG,6600,1,D,KK,BK,F
14:25:30,INDF,RG,6600,10,F,ZP,BK,F
14:25:30,INDF,RG,6600,1,D,PD,BK,F
14:25:30,INDF,RG,6600,3,F,CS,BK,F
14:25:30,INDF,RG,6600,12,F,ZP,BK,F
14:25:30,INDF,RG,6600,17,F,ZP,BK,F
14:25:30,INDF,RG,6600,1,D,NI,BK,F
14:25:30,INDF,RG,6600,3,F,AK,BK,F
14:25:30,INDF,RG,6600,15,F,ZP,BK,F
14:25:30,INDF,RG,6600,2,D,PD,BK,F
14:25:30,INDF,RG,6600,1,D,YP,BK,F
14:25:30,INDF,RG,6600,5,D,EP,BK,F
14:25:30,INDF,RG,6600,5,D,PD,BK,F
14:25:30,INDF,RG,6600,20,F,ZP,BK,F
14:25:30,INDF,RG,6600,1,D,XC,BK,F
14:25:30,INDF,RG,6600,1,F,BK,BK,F
14:25:30,INDF,RG,6600,9,F,BK,BK,F
14:25:30,INDF,RG,6600,3,F,AK,BK,F
14:25:30,INDF,RG,6600,179,F,ZP,BK,F
14:25:30,INDF,RG,6600,14,F,ZP,ZP,F
14:25:29,INDF,RG,6600,153,F,ZP,OD,D
14:25:29,INDF,RG,6600,9,F,ZP,OD,D
14:25:29,INDF,RG,6600,12,F,ZP,BB,D
14:25:29,INDF,RG,6600,50,F,ZP,YP,D
14:25:18,INDF,RG,6600,13,F,ZP,BK,F
14:25:17,INDF,RG,6600,16,F,ZP,ZP,F
14:25:15,INDF,RG,6600,12,F,ZP,BK,F
14:25:15,INDF,RG,6600,7,F,ZP,AK,D
14:25:11,INDF,RG,6600,7,F,ZP,ZP,F
14:25:11,INDF,RG,6600,1,F,ZP,YP,D
14:25:10,INDF,RG,6600,38,F,ZP,BB,D
14:25:10,INDF,RG,6600,12,F,ZP,BK,F
14:25:05,INDF,RG,6600,65,F,ZP,BK,F
14:25:02,INDF,RG,6600,19,F,ZP,ZP,F
14:25:02,INDF,RG,6600,176,F,ZP,OD,D
14:25:02,INDF,RG,6600,10,F,ZP,OD,D
14:25:00,INDF,RG,6600,15,F,ZP,ZP,F
14:25:00,INDF,RG,6600,1,F,ZP,AK,F
14:25:00,INDF,RG,6600,130,F,ZP,YP,D
14:25:00,INDF,RG,6600,7,F,ZP,ZP,F
14:25:00,INDF,RG,6600,7,F,ZP,BB,D
14:25:00,INDF,RG,6600,13,F,ZP,BK,F
14:24:59,INDF,RG,6600,21,F,ZP,ZP,F
14:24:59,INDF,RG,6600,13,F,ZP,BB,D
14:24:59,INDF,RG,6600,3,D,AT,BB,D
14:24:58,INDF,RG,6600,3,D,AT,YP,D
14:24:58,INDF,RG,6600,8,F,CS,YP,D
14:24:58,INDF,RG,6600,23,D,ZP,YP,D
14:24:45,INDF,RG,6600,23,D,ZP,BK,F
14:24:43,INDF,RG,6600,7,D,ZP,ZP,F
14:24:43,INDF,RG,6600,43,D,ZP,ZP,F
14:24:43,INDF,RG,6600,21,D,ZP,BB,D
14:24:43,INDF,RG,6600,70,D,ZP,YP,D
14:24:11,INDF,RG,6600,12,D,ZP,ZP,F
14:24:11,INDF,RG,6600,20,D,ZP,BK,F
14:24:11,INDF,RG,6600,6,D,ZP,BB,D
14:24:11,INDF,RG,6600,50,D,ZP,YP,D
14:24:07,INDF,RG,6600,11,D,ZP,ZP,F
14:24:07,INDF,RG,6600,4,D,ZP,BB,D
14:24:07,INDF,RG,6600,5,D,ZP,KK,D
14:23:52,INDF,RG,6600,12,D,ZP,BB,D
14:23:52,INDF,RG,6625,1,F,ZP,SQ,D
14:23:46,INDF,RG,6600,23,D,ZP,BK,F
14:23:46,INDF,RG,6600,7,D,ZP,ZP,F
14:23:45,INDF,RG,6600,3,D,ZP,BB,D
14:23:45,INDF,RG,6600,5,D,ZP,AK,F
14:23:45,INDF,RG,6600,17,D,ZP,AK,F
14:23:30,INDF,RG,6600,2,D,ZP,AK,F
14:23:23,INDF,RG,6600,3,D,ZP,BB,D
14:23:16,INDF,RG,6600,8,D,ZP,AK,D
14:23:15,INDF,RG,6600,12,D,ZP,BK,F
14:23:15,INDF,RG,6600,32,D,ZP,BB,D
14:23:15,INDF,RG,6600,10,D,ZP,LG,D
14:23:06,INDF,RG,6600,10,D,ZP,ZP,F
14:23:06,INDF,RG,6600,24,D,ZP,ZP,F
14:22:55,INDF,RG,6600,12,D,ZP,ZP,F
14:22:53,INDF,RG,6600,19,D,ZP,BK,F
14:22:48,INDF,RG,6600,8,D,ZP,ZP,F
14:22:48,INDF,RG,6600,20,D,ZP,RX,D
14:22:47,INDF,RG,6600,12,D,ZP,BK,F
14:22:43,INDF,RG,6600,14,D,ZP,ZP,F
14:22:42,INDF,RG,6600,44,D,ZP,BK,F
14:22:37,INDF,RG,6600,28,D,ZP,ZP,F
14:22:37,INDF,RG,6600,130,D,ZP,BK,F
14:22:37,INDF,RG,6600,13,D,FS,BK,F
14:22:37,INDF,RG,6600,2,D,FS,ZP,F
14:22:37,INDF,RG,6600,25,F,ZP,ZP,F
14:22:37,INDF,RG,6600,1,D,YP,ZP,F
14:22:37,INDF,RG,6600,5,D,YP,ZP,F
14:22:37,INDF,RG,6600,15,D,SQ,ZP,F
14:22:37,INDF,RG,6600,9,F,CS,ZP,F
14:22:37,INDF,RG,6600,15,D,NI,ZP,F
14:22:37,INDF,RG,6600,485,D,NI,BB,D
14:22:37,INDF,RG,6600,3,F,CS,BB,D
14:22:37,INDF,RG,6600,298,D,YB,BB,D
14:22:30,INDF,RG,6600,17,D,YB,RX,D
14:22:29,INDF,RG,6600,185,D,YB,YU,D
14:22:29,INDF,RG,6600,2,D,CC,YU,D
14:22:29,INDF,RG,6600,5,D,YP,YU,D
14:22:29,INDF,RG,6600,1,D,XC,YU,D
14:22:29,INDF,RG,6600,5,D,XL,YU,D
14:22:29,INDF,RG,6600,5,D,LG,YU,D
14:22:29,INDF,RG,6600,1,D,CC,YU,D
14:22:29,INDF,RG,6600,35,D,FS,YU,D
14:22:29,INDF,RG,6600,10,D,YP,YU,D
14:22:29,INDF,RG,6600,3,D,XC,YU,D
14:22:29,INDF,RG,6600,1,F,ZP,YU,D
14:22:29,INDF,RG,6600,16,F,ZP,YU,D
14:22:29,INDF,RG,6600,1,F,ZP,YU,D
14:22:29,INDF,RG,6600,2,D,XC,YU,D
14:22:29,INDF,RG,6600,1,F,ZP,YU,D
14:22:29,INDF,RG,6600,2,D,YP,YU,D
14:22:29,INDF,RG,6600,17,D,XC,YU,D
14:22:29,INDF,RG,6600,22,D,LG,YU,D
14:22:29,INDF,RG,6600,3,F,CS,YU,D
14:22:29,INDF,RG,6600,2,F,CS,YU,D
14:22:29,INDF,RG,6600,2,F,CS,YU,D
14:22:29,INDF,RG,6600,1,F,ZP,YU,D
14:22:29,INDF,RG,6600,3,F,AK,YU,D
14:22:29,INDF,RG,6600,2,F,CS,YU,D
14:22:29,INDF,RG,6600,92,F,AK,YU,D
14:22:29,INDF,RG,6600,13,F,ZP,YU,D
14:22:29,INDF,RG,6600,14,F,ZP,YU,D
14:22:29,INDF,RG,6600,3,F,CS,YU,D
14:22:29,INDF,RG,6600,4,F,CS,YU,D
14:22:29,INDF,RG,6600,47,D,KI,YU,D
14:22:21,INDF,RG,6625,5,D,YP,SQ,D
14:22:15,INDF,RG,6600,1,D,KI,AK,F
14:22:15,INDF,RG,6600,1,D,KI,AK,F
14:21:45,INDF,RG,6625,1,D,NI,SQ,D
14:21:45,INDF,RG,6625,13,F,AK,SQ,D
14:21:37,INDF,RG,6625,5,F,ZP,SQ,D
14:21:30,INDF,RG,6625,3,D,PD,SQ,D
14:21:08,INDF,RG,6625,1,D,DX,SQ,D
14:20:24,INDF,RG,6600,100,D,KI,NI,D
14:20:15,INDF,RG,6625,3,F,AK,SQ,D
14:19:48,INDF,RG,6600,1,D,KI,CC,D
14:19:47,INDF,RG,6600,20,D,KI,XC,D
14:19:30,INDF,RG,6625,5,F,ZP,SQ,D
14:19:30,INDF,RG,6600,11,D,KI,RX,D
14:19:30,INDF,RG,6600,18,D,KI,AK,D
14:18:45,INDF,RG,6600,12,D,KI,AK,F
14:18:43,INDF,RG,6625,2,D,CC,SQ,D
14:18:33,INDF,RG,6600,1,D,KI,DR,D
14:18:31,INDF,RG,6600,15,D,KI,BK,F
14:18:29,INDF,RG,6600,33,D,KI,ZP,F
14:18:29,INDF,RG,6625,57,D,PD,SQ,D
14:18:29,INDF,RG,6625,1,D,PD,PD,D
14:18:29,INDF,RG,6625,84,D,PD,ZP,F
14:18:29,INDF,RG,6625,1,D,PD,XC,D
14:18:29,INDF,RG,6625,1,D,PD,XC,D
14:18:29,INDF,RG,6625,1,D,PD,YP,D
14:18:29,INDF,RG,6625,153,D,PD,OD,D
14:18:29,INDF,RG,6625,9,D,PD,OD,D
14:18:29,INDF,RG,6625,36,D,PD,ZP,F
14:18:29,INDF,RG,6625,63,D,PD,EP,D
14:18:00,INDF,RG,6600,1,D,KI,AK,F
14:18:00,INDF,RG,6600,7,D,KI,AK,D
14:17:17,INDF,RG,6625,1,F,ZP,EP,D
14:16:30,INDF,RG,6600,1,D,KI,AK,F
14:15:41,INDF,RG,6600,7,D,KI,DX,F
14:15:26,INDF,RG,6600,1,D,KI,XC,D
14:15:17,INDF,RG,6625,23,F,CS,EP,D
14:15:04,INDF,RG,6600,2,D,KI,AK,F
14:14:00,INDF,RG,6600,5,D,KI,AK,F
14:13:30,INDF,RG,6600,11,D,KI,AK,D
14:13:28,INDF,RG,6600,283,D,KI,OD,D
14:13:28,INDF,RG,6600,17,D,KI,OD,D
14:13:22,INDF,RG,6600,5,D,KI,ZP,D
14:13:14,INDF,RG,6600,10,D,KI,AK,F
14:13:12,INDF,RG,6625,164,F,AK,EP,D
14:12:47,INDF,RG,6600,1,D,KI,AK,F
14:12:46,INDF,RG,6625,18,F,AK,EP,D
14:12:46,INDF,RG,6600,1,D,KI,PD,D
14:11:30,INDF,RG,6600,8,D,KI,AK,D
14:11:13,INDF,RG,6600,1,D,KI,PD,D
14:08:29,INDF,RG,6625,3,D,CC,EP,D
14:08:02,INDF,RG,6600,1,D,KI,YP,D
14:08:00,INDF,RG,6600,1,D,KI,AK,F
14:07:49,INDF,RG,6600,16,D,KI,AK,D
14:07:48,INDF,RG,6600,15,D,KI,AK,F
14:07:48,INDF,RG,6600,200,D,KI,GR,D
14:06:41,INDF,RG,6600,2,D,KI,GR,D
14:05:42,INDF,RG,6600,1,D,KI,PD,D
14:05:40,INDF,RG,6625,2,D,PD,EP,D
14:05:40,INDF,RG,6625,1,D,BQ,EP,D
14:05:26,INDF,RG,6625,1,D,XL,EP,D
14:04:41,INDF,RG,6600,1,D,KI,NI,D
14:04:20,INDF,RG,6600,3,D,KI,AK,F
14:04:20,INDF,RG,6625,10,F,AK,EP,D
14:04:08,INDF,RG,6600,50,D,KI,EP,D
14:04:06,INDF,RG,6600,9,D,KI,AK,D
14:03:44,INDF,RG,6600,2,D,KI,XC,D
14:02:55,INDF,RG,6625,2,D,BQ,EP,D
14:02:30,INDF,RG,6625,3,F,AK,EP,D
14:02:03,INDF,RG,6600,1,D,KI,PD,D
14:01:48,INDF,RG,6600,77,D,KI,AZ,D
14:01:48,INDF,RG,6600,1,F,ZP,AZ,D
14:01:48,INDF,RG,6600,20,F,ZP,AZ,D
14:01:48,INDF,RG,6600,3,F,CC,AZ,D
14:01:48,INDF,RG,6600,5,D,YP,AZ,D
14:01:48,INDF,RG,6600,94,F,DX,AZ,D
14:01:16,INDF,RG,6600,100,F,DX,TP,D
14:00:09,INDF,RG,6600,226,F,DX,GR,D
14:00:09,INDF,RG,6600,1,F,ZP,GR,D
14:00:09,INDF,RG,6600,5,F,CS,GR,D
14:00:09,INDF,RG,6600,18,D,GR,GR,D
13:59:57,INDF,RG,6625,42,F,DX,EP,D
13:59:53,INDF,RG,6600,2,D,GR,XC,D
13:59:00,INDF,RG,6575,469,D,YP,BB,D
13:59:00,INDF,RG,6575,100,D,KK,BB,D
13:59:00,INDF,RG,6575,10,D,YP,BB,D
13:59:00,INDF,RG,6575,25,D,YP,BB,D
13:59:00,INDF,RG,6575,1,D,PC,BB,D
13:59:00,INDF,RG,6575,1,D,YP,BB,D
13:59:00,INDF,RG,6575,1,D,SQ,BB,D
13:59:00,INDF,RG,6575,30,D,DH,BB,D
13:59:00,INDF,RG,6575,10,D,XC,BB,D
13:59:00,INDF,RG,6575,1,D,XL,BB,D
13:59:00,INDF,RG,6575,1,D,XC,BB,D
13:59:00,INDF,RG,6575,5,D,PD,BB,D
13:59:00,INDF,RG,6575,1,D,PD,BB,D
13:59:00,INDF,RG,6575,5,D,PD,BB,D
13:59:00,INDF,RG,6600,5,F,AK,BB,D
13:58:46,INDF,RG,6625,66,F,DX,EP,D
13:58:46,INDF,RG,6600,3,F,CS,ZP,F
13:58:46,INDF,RG,6600,2,F,CS,ZP,F
13:58:46,INDF,RG,6600,2,F,CS,ZP,F
13:58:46,INDF,RG,6600,57,F,DX,ZP,F
13:58:46,INDF,RG,6600,9,F,BK,ZP,F
13:58:45,INDF,RG,6600,128,F,DX,ZP,F
13:58:45,INDF,RG,6600,45,F,DX,BB,D
13:58:45,INDF,RG,6600,41,F,ZP,BB,D
13:58:45,INDF,RG,6600,6,F,CC,BB,D
13:58:45,INDF,RG,6600,12,F,ZP,BB,D
13:58:45,INDF,RG,6600,13,F,ZP,BB,D
13:58:45,INDF,RG,6600,32,F,ZP,BB,D
13:58:45,INDF,RG,6600,4,F,CS,BB,D
13:58:45,INDF,RG,6600,76,F,ZP,BB,D
13:58:45,INDF,RG,6600,71,F,ZP,BB,D
13:58:45,INDF,RG,6600,2,F,BK,BB,D
13:58:45,INDF,RG,6600,44,F,AK,BB,D
13:58:45,INDF,RG,6600,80,F,ZP,BB,D
13:58:41,INDF,RG,6625,11,F,DX,EP,D
13:58:40,INDF,RG,6625,31,F,DX,EP,D
13:58:38,INDF,RG,6625,159,F,DX,EP,D
13:58:38,INDF,RG,6625,83,F,DX,XC,D
13:58:38,INDF,RG,6625,15,F,DX,CC,D
13:58:38,INDF,RG,6625,1,F,DX,XL,D
13:58:38,INDF,RG,6625,1,F,DX,PD,D
13:58:38,INDF,RG,6625,5,F,DX,ZP,F
13:58:38,INDF,RG,6625,3,F,DX,PD,D
13:58:38,INDF,RG,6625,1,F,DX,XC,D
13:58:38,INDF,RG,6625,10,F,DX,PD,D
13:58:38,INDF,RG,6625,2,F,DX,PD,D
13:58:38,INDF,RG,6625,5,F,DX,YP,D
13:58:38,INDF,RG,6625,3,F,DX,YP,D
13:58:38,INDF,RG,6625,1,F,DX,YP,D
13:58:38,INDF,RG,6625,1,F,DX,XC,D
13:58:38,INDF,RG,6625,30,F,DX,CC,D
13:58:38,INDF,RG,6625,50,F,DX,YP,D
13:58:38,INDF,RG,6625,1,F,DX,YP,D
13:58:38,INDF,RG,6625,3,F,DX,CC,D
13:58:38,INDF,RG,6625,5,F,DX,GR,D
13:58:38,INDF,RG,6600,451,F,ZP,ZP,F
13:58:38,INDF,RG,6600,85,F,ZP,ZP,F
13:58:37,INDF,RG,6600,488,F,ZP,BB,D
13:58:36,INDF,RG,6600,13,F,ZP,ZP,F
13:58:36,INDF,RG,6600,20,F,ZP,PD,D
13:58:36,INDF,RG,6600,49,F,ZP,ZP,F
13:58:35,INDF,RG,6600,1,F,ZP,AK,F
13:58:35,INDF,RG,6600,10,F,ZP,AK,F
13:58:35,INDF,RG,6600,8,F,ZP,AK,F
13:58:35,INDF,RG,6600,1,F,ZP,AK,F
13:58:35,INDF,RG,6600,1,F,ZP,AK,F
13:58:35,INDF,RG,6600,1,F,ZP,AK,F
13:58:35,INDF,RG,6600,13,F,ZP,AK,F
13:58:35,INDF,RG,6600,1,F,ZP,AK,F
13:58:35,INDF,RG,6600,28,F,ZP,CC,D
13:58:35,INDF,RG,6600,1,F,ZP,AK,F
13:58:35,INDF,RG,6600,67,F,ZP,ZP,F
13:58:35,INDF,RG,6600,455,F,ZP,OD,D
13:58:35,INDF,RG,6600,26,F,ZP,OD,D
13:58:35,INDF,RG,6600,25,F,ZP,RX,D
13:58:35,INDF,RG,6600,13,F,ZP,ZP,F
13:58:35,INDF,RG,6600,7,F,ZP,AK,D
13:58:35,INDF,RG,6600,1,F,ZP,AK,F
13:58:35,INDF,RG,6600,10,F,ZP,XA,D
13:58:35,INDF,RG,6600,11,F,ZP,ZP,F
13:58:35,INDF,RG,6600,8,F,ZP,XC,D
13:58:35,INDF,RG,6600,10,F,ZP,LG,D
13:58:35,INDF,RG,6600,11,F,ZP,ZP,F
13:58:35,INDF,RG,6600,22,F,ZP,XL,D
13:58:35,INDF,RG,6600,85,F,ZP,ZP,F
13:58:35,INDF,RG,6600,554,F,ZP,BB,D
13:58:35,INDF,RG,6600,1,F,ZP,AK,F
13:58:35,INDF,RG,6600,1,F,ZP,AK,F
13:58:35,INDF,RG,6600,9,F,ZP,AK,F
13:58:35,INDF,RG,6600,112,F,ZP,ZP,F
13:58:35,INDF,RG,6600,746,F,ZP,BB,D
13:58:35,INDF,RG,6600,26,F,ZP,ZP,F
13:58:35,INDF,RG,6600,1,F,ZP,YP,D
13:58:35,INDF,RG,6600,102,F,ZP,BB,D
13:58:35,INDF,RG,6600,11,F,ZP,ZP,F
13:58:35,INDF,RG,6600,1,F,ZP,AK,F
13:58:35,INDF,RG,6600,14,F,ZP,ZP,F
13:58:35,INDF,RG,6600,61,F,ZP,XC,D
13:58:35,INDF,RG,6600,20,F,ZP,RX,D
13:58:35,INDF,RG,6600,10,F,ZP,LG,D
13:58:35,INDF,RG,6600,9,F,ZP,AK,F
13:58:35,INDF,RG,6600,1,F,ZP,PD,D
13:58:35,INDF,RG,6600,1,F,ZP,AK,F
13:58:35,INDF,RG,6600,5,F,ZP,DR,D
13:58:35,INDF,RG,6600,73,F,ZP,ZP,F
13:58:35,INDF,RG,6600,451,F,ZP,BB,D
13:58:35,INDF,RG,6600,38,F,ZP,ZP,F
13:58:35,INDF,RG,6600,10,F,ZP,SQ,D
13:58:35,INDF,RG,6600,11,F,ZP,ZP,F
13:58:35,INDF,RG,6600,100,F,ZP,AZ,D
13:58:35,INDF,RG,6600,8,F,ZP,AK,F
13:58:35,INDF,RG,6600,1,F,ZP,AK,F
13:58:35,INDF,RG,6600,12,F,ZP,AK,F
13:58:35,INDF,RG,6600,22,F,ZP,BB,D
13:58:35,INDF,RG,6600,8,F,ZP,AK,D
13:58:35,INDF,RG,6600,90,F,ZP,ZP,F
13:58:35,INDF,RG,6600,57,F,ZP,ZP,F
13:58:35,INDF,RG,6600,1,F,ZP,CC,D
13:58:35,INDF,RG,6600,13,F,ZP,ZP,F
13:58:35,INDF,RG,6600,2,F,ZP,AK,F
13:58:35,INDF,RG,6600,19,F,ZP,RX,D
13:58:35,INDF,RG,6600,5,F,ZP,LG,D
13:58:35,INDF,RG,6600,392,F,ZP,CS,F
13:58:34,INDF,RG,6575,7,D,PD,BB,D
13:58:34,INDF,RG,6600,1,D,LG,CS,F
13:58:27,INDF,RG,6600,5,F,ZP,CS,F
13:58:22,INDF,RG,6575,6,D,PD,BB,D
13:58:22,INDF,RG,6600,9,F,CS,CS,F
13:58:12,INDF,RG,6600,1,D,LG,CS,F
13:58:10,INDF,RG,6575,9,D,PD,BB,D
13:58:10,INDF,RG,6575,2,D,PD,RX,D
13:58:10,INDF,RG,6575,1,D,SQ,RX,D
13:58:10,INDF,RG,6575,1,D,DX,RX,D
13:58:10,INDF,RG,6575,7,D,YP,RX,D
13:58:04,INDF,RG,6575,17,D,YP,AK,F
13:58:00,INDF,RG,6575,4,D,YP,BB,D
13:58:00,INDF,RG,6600,1,D,LG,CS,F
13:57:22,INDF,RG,6575,2,D,YP,BB,D
13:57:16,INDF,RG,6575,9,D,YP,BB,D
13:57:04,INDF,RG,6600,9,F,BK,CS,F
13:56:59,INDF,RG,6575,4,D,YP,BB,D
13:56:59,INDF,RG,6600,10,D,XC,CS,F
13:56:45,INDF,RG,6575,2,D,YP,AK,F
13:56:45,INDF,RG,6600,3,F,AK,CS,F
13:56:42,INDF,RG,6575,2,D,YP,BB,D
13:56:31,INDF,RG,6575,1,D,YP,BB,D
13:56:24,INDF,RG,6575,3,D,YP,BB,D
13:56:23,INDF,RG,6600,1,D,PD,CS,F
13:56:10,INDF,RG,6575,7,D,YP,BB,D
13:56:10,INDF,RG,6600,4,D,XL,CS,F
13:56:06,INDF,RG,6575,12,D,YP,BB,D
13:56:06,INDF,RG,6575,14,D,YP,ZP,F
13:55:49,INDF,RG,6600,24,F,ZP,ZP,D
13:55:47,INDF,RG,6575,5,D,YP,BB,D
13:55:36,INDF,RG,6575,2,D,YP,BB,D
13:55:36,INDF,RG,6575,10,D,YP,CC,D
13:55:30,INDF,RG,6575,3,D,YP,BB,D
13:55:30,INDF,RG,6575,1,D,YP,AK,F
13:55:05,INDF,RG,6575,4,D,YP,BB,D
13:55:01,INDF,RG,6600,5,F,ZP,ZP,D
13:55:00,INDF,RG,6600,1,D,PD,ZP,D
13:54:52,INDF,RG,6575,7,D,YP,BB,D
13:54:45,INDF,RG,6600,3,F,AK,ZP,D
13:54:40,INDF,RG,6600,9,F,CS,ZP,D
13:54:31,INDF,RG,6575,3,D,YP,BB,D
13:54:20,INDF,RG,6575,12,D,YP,BB,D
13:54:07,INDF,RG,6575,12,D,YP,RX,D
13:54:01,INDF,RG,6575,15,D,YP,ZP,F
13:54:00,INDF,RG,6575,7,D,YP,BB,D
13:54:00,INDF,RG,6575,1,D,YP,AK,F
13:53:51,INDF,RG,6600,1,D,CC,ZP,D
13:53:50,INDF,RG,6575,12,D,YP,ZP,F
13:53:49,INDF,RG,6575,11,D,YP,BB,D
13:53:43,INDF,RG,6575,22,D,YP,ZP,F
13:53:43,INDF,RG,6575,6,D,YP,BB,D
13:53:31,INDF,RG,6600,5,D,CC,ZP,D
13:53:23,INDF,RG,6600,5,D,PD,ZP,D
13:53:22,INDF,RG,6575,2,D,YP,BB,D
13:53:17,INDF,RG,6575,6,D,YP,BB,D
13:53:05,INDF,RG,6575,2,D,YP,BB,D
13:53:05,INDF,RG,6575,9,D,YP,ZP,F
13:53:05,INDF,RG,6575,5,D,YP,LG,D
13:52:45,INDF,RG,6575,2,D,YP,BB,D
13:52:42,INDF,RG,6575,8,D,YP,BB,D
13:52:34,INDF,RG,6575,3,D,YP,AK,F
13:52:30,INDF,RG,6575,6,D,YP,BB,D
13:52:30,INDF,RG,6575,14,D,YP,AK,F
13:52:12,INDF,RG,6575,3,D,YP,BB,D
13:52:12,INDF,RG,6600,10,D,XL,ZP,D
13:52:07,INDF,RG,6600,5,F,ZP,ZP,D
13:52:07,INDF,RG,6575,7,D,YP,BB,D
13:51:47,INDF,RG,6575,8,D,YP,ZP,F
13:51:47,INDF,RG,6575,2,D,YP,BB,D
13:51:45,INDF,RG,6600,3,F,AK,ZP,D
13:51:36,INDF,RG,6575,4,D,YP,BB,D
13:51:17,INDF,RG,6600,2,D,PD,ZP,D
13:51:16,INDF,RG,6575,6,D,YP,BB,D
13:51:07,INDF,RG,6600,15,D,XL,ZP,D
13:50:57,INDF,RG,6600,9,F,CS,ZP,D
13:50:56,INDF,RG,6575,10,D,YP,PD,D
13:50:15,INDF,RG,6575,25,D,YP,RX,D
13:50:07,INDF,RG,6575,5,D,YP,PD,D
13:49:30,INDF,RG,6575,1,D,YP,AK,F
13:49:30,INDF,RG,6600,3,F,AK,ZP,D
13:49:25,INDF,RG,6600,20,F,ZP,ZP,D
13:48:19,INDF,RG,6600,8,D,YP,ZP,D
13:48:15,INDF,RG,6575,1,D,YP,AK,F
13:48:00,INDF,RG,6575,9,D,YP,AK,F
13:48:00,INDF,RG,6575,46,D,YP,AK,D
13:47:55,INDF,RG,6600,5,F,ZP,ZP,D
13:47:55,INDF,RG,6600,3,D,XC,ZP,D
13:47:41,INDF,RG,6600,15,D,YP,ZP,D
13:47:30,INDF,RG,6600,3,F,AK,ZP,D
13:47:15,INDF,RG,6575,2,D,YP,AK,F
13:47:02,INDF,RG,6600,8,F,CS,ZP,D
13:46:45,INDF,RG,6575,9,D,YP,AK,F
13:46:45,INDF,RG,6575,1,D,YP,PD,D
13:46:30,INDF,RG,6600,4,F,AK,ZP,D
13:46:26,INDF,RG,6575,2,D,YP,YP,D
13:46:15,INDF,RG,6575,1,D,YP,AK,F
13:46:15,INDF,RG,6575,1,D,YP,AK,F
13:46:01,INDF,RG,6575,10,D,YP,BB,D
13:46:00,INDF,RG,6575,8,D,YP,AK,D
13:45:44,INDF,RG,6600,34,D,YP,ZP,D
13:45:44,INDF,RG,6600,6,D,YP,AZ,D
13:45:31,INDF,RG,6575,2,D,YP,CC,D
13:45:25,INDF,RG,6575,11,D,YP,RX,D
13:45:07,INDF,RG,6600,5,F,ZP,AZ,D
13:45:05,INDF,RG,6575,10,D,YP,ZP,F
13:45:05,INDF,RG,6600,3,D,XC,AZ,D
13:45:00,INDF,RG,6575,1,D,YP,AK,F
13:44:36,INDF,RG,6600,16,F,ZP,AZ,D
13:43:37,INDF,RG,6600,8,F,CS,AZ,D
13:43:30,INDF,RG,6575,1,D,YP,AK,F
13:43:01,INDF,RG,6575,1,D,YP,YP,D
13:42:45,INDF,RG,6575,1,D,YP,AK,F
13:42:00,INDF,RG,6575,1,D,YP,AK,F
13:41:35,INDF,RG,6600,2,D,PD,AZ,D
13:41:12,INDF,RG,6600,1,F,ZP,AZ,D
13:40:27,INDF,RG,6600,14,F,ZP,AZ,D
13:39:47,INDF,RG,6600,2,D,YP,AZ,D
13:39:32,INDF,RG,6600,10,D,YP,AZ,D
13:39:16,INDF,RG,6600,1,D,YP,AZ,D
13:39:10,INDF,RG,6600,5,D,PD,AZ,D
13:38:38,INDF,RG,6600,1,D,KK,AZ,D
13:38:14,INDF,RG,6575,2,D,YP,YP,D
13:38:05,INDF,RG,6600,1,D,CC,AZ,D
13:38:04,INDF,RG,6600,14,F,ZP,AZ,D
13:37:29,INDF,RG,6575,1,D,YP,XC,D
13:37:12,INDF,RG,6575,1,D,YP,YP,D
13:36:55,INDF,RG,6600,1,D,PD,AZ,D
13:36:47,INDF,RG,6600,2,D,BQ,AZ,D
13:36:40,INDF,RG,6575,15,D,YP,XC,D
13:36:13,INDF,RG,6575,18,D,YP,BB,D
13:36:13,INDF,RG,6575,20,D,DH,BB,D
13:36:01,INDF,RG,6575,2,D,DH,XC,D
13:35:48,INDF,RG,6575,22,D,DH,RX,D
13:35:35,INDF,RG,6575,7,D,DH,EP,D
13:34:03,INDF,RG,6575,3,D,DH,CC,D
13:34:02,INDF,RG,6600,8,D,XL,AZ,D
13:34:02,INDF,RG,6600,2,D,XL,ZP,F
13:33:51,INDF,RG,6600,2,D,DH,ZP,F
13:33:31,INDF,RG,6600,9,F,ZP,ZP,F
13:33:31,INDF,RG,6600,8,F,ZP,BB,D
13:33:24,INDF,RG,6600,1,D,XC,BB,D
13:33:22,INDF,RG,6575,14,D,DH,ZP,F
13:33:07,INDF,RG,6600,6,D,FS,BB,D
13:33:07,INDF,RG,6600,9,D,FS,ZP,D
13:33:02,INDF,RG,6575,1,D,DH,XC,D
13:32:45,INDF,RG,6575,2,D,DH,CC,D
13:32:37,INDF,RG,6575,8,D,DH,NI,D
13:32:28,INDF,RG,6600,19,F,ZP,ZP,D
13:32:19,INDF,RG,6575,76,D,DH,KI,D
13:32:19,INDF,RG,6575,7,D,XC,KI,D
13:32:19,INDF,RG,6575,10,D,PD,KI,D
13:32:19,INDF,RG,6575,100,D,CP,KI,D
13:32:19,INDF,RG,6575,1,D,PD,KI,D
13:32:19,INDF,RG,6575,1,D,XL,KI,D
13:32:19,INDF,RG,6575,61,D,XL,KI,D
13:32:19,INDF,RG,6575,15,D,XL,KI,D
13:32:19,INDF,RG,6575,4,D,YP,KI,D
13:32:19,INDF,RG,6575,1,D,YP,KI,D
13:32:19,INDF,RG,6575,1,D,YP,KI,D
13:32:19,INDF,RG,6575,1,D,XC,KI,D
13:32:19,INDF,RG,6575,5,D,YP,KI,D
13:32:19,INDF,RG,6575,2,D,YP,KI,D
13:32:19,INDF,RG,6575,1,D,YP,KI,D
13:32:19,INDF,RG,6575,2,D,YP,KI,D
13:32:19,INDF,RG,6575,112,D,YP,KI,D
13:32:17,INDF,RG,6600,1,D,DH,ZP,D
13:31:47,INDF,RG,6600,21,F,ZP,ZP,D
13:31:47,INDF,RG,6600,9,F,ZP,ZP,D
13:31:41,INDF,RG,6600,41,F,AK,ZP,D
13:31:41,INDF,RG,6600,11,F,AK,ZP,F
13:31:25,INDF,RG,6600,1,D,NI,ZP,F
13:31:10,INDF,RG,6600,2,D,AT,ZP,F
13:31:01,INDF,RG,6575,5,D,YP,PD,D
13:30:17,INDF,RG,6575,8,D,YP,XL,D
13:30:07,INDF,RG,6575,8,D,YP,ZP,F
13:30:07,INDF,RG,6600,1,D,XL,ZP,F
13:30:06,INDF,RG,6575,21,D,YP,AK,D
13:30:05,INDF,RG,6575,8,D,YP,ZP,F
13:30:05,INDF,RG,6600,9,F,AK,ZP,F
13:30:05,INDF,RG,6600,3,F,AK,BB,D
13:30:04,INDF,RG,6575,26,D,YP,AK,F
13:30:04,INDF,RG,6575,3,D,YP,AK,F
13:30:04,INDF,RG,6575,3,D,YP,XC,D
13:30:03,INDF,RG,6600,3,F,ZP,BB,D
13:30:03,INDF,RG,6600,11,F,ZP,OD,D
13:30:03,INDF,RG,6575,6,D,YP,ZP,F
13:30:03,INDF,RG,6575,34,D,YP,ZP,F
13:30:03,INDF,RG,6600,8,D,EP,OD,D
13:30:03,INDF,RG,6600,16,D,LG,OD,D
13:30:03,INDF,RG,6575,4,D,YP,YP,D
13:30:03,INDF,RG,6575,2,D,YP,AK,F
13:30:02,INDF,RG,6600,10,D,YP,OD,D
13:30:02,INDF,RG,6600,25,D,PD,OD,D
13:30:02,INDF,RG,6600,34,D,YP,OD,D
13:30:02,INDF,RG,6600,8,D,YP,OD,D
13:30:02,INDF,RG,6600,2,D,YP,OD,D
13:30:01,INDF,RG,6575,1,D,YP,PD,D
13:30:01,INDF,RG,6600,1,D,PD,OD,D
13:30:01,INDF,RG,6600,1,D,PD,OD,D
13:30:01,INDF,RG,6600,5,D,KK,OD,D
13:30:01,INDF,RG,6600,5,D,YP,OD,D
11:29:57,INDF,RG,6575,2,D,YP,BB,D
11:29:50,INDF,RG,6575,1,D,YP,AK,F
11:29:50,INDF,RG,6575,1,D,YP,AK,F
11:29:49,INDF,RG,6575,9,D,YP,BB,D
11:29:46,INDF,RG,6575,1,D,YP,AK,D
11:29:41,INDF,RG,6575,6,D,YP,BB,D
11:29:40,INDF,RG,6575,1,D,YP,BB,D
11:29:38,INDF,RG,6575,4,D,YP,BB,D
11:29:38,INDF,RG,6600,10,F,ZP,OD,D
11:29:31,INDF,RG,6575,2,D,YP,AK,D
11:29:31,INDF,RG,6575,1,D,YP,AK,F
11:29:30,INDF,RG,6600,1,F,AK,OD,D
11:29:23,INDF,RG,6575,2,D,YP,BB,D
11:29:23,INDF,RG,6575,4,D,YP,BB,D
11:29:20,INDF,RG,6600,2,D,XL,OD,D
11:29:15,INDF,RG,6575,1,D,YP,AK,F
11:29:15,INDF,RG,6575,2,D,YP,AK,D
11:29:15,INDF,RG,6575,10,D,YP,BB,D
11:29:15,INDF,RG,6575,1,D,YP,BB,D
11:29:05,INDF,RG,6600,10,D,XL,OD,D
11:29:04,INDF,RG,6575,7,D,YP,BB,D
11:29:04,INDF,RG,6575,1,D,YP,BB,D
11:29:04,INDF,RG,6600,4,D,YP,OD,D
11:29:04,INDF,RG,6600,6,D,YP,OD,D
11:28:55,INDF,RG,6575,12,D,YP,BB,D
11:28:46,INDF,RG,6575,1,D,YP,BB,D
11:28:45,INDF,RG,6575,2,D,YP,BB,D
11:28:45,INDF,RG,6600,1,F,AK,OD,D
11:28:40,INDF,RG,6575,2,D,YP,BB,D
11:28:40,INDF,RG,6600,2,D,XL,OD,D
11:28:30,INDF,RG,6575,1,D,YP,BB,D
11:28:27,INDF,RG,6575,1,D,YP,BB,D
11:28:16,INDF,RG,6575,2,D,YP,BB,D
11:28:07,INDF,RG,6575,2,D,YP,BB,D
11:28:07,INDF,RG,6575,1,D,YP,BB,D
11:27:53,INDF,RG,6575,1,D,YP,BB,D
11:27:53,INDF,RG,6575,21,D,YP,BB,D
11:27:45,INDF,RG,6575,11,D,YP,BB,D
11:27:45,INDF,RG,6575,13,D,YP,BB,D
11:27:28,INDF,RG,6575,26,D,YP,BB,D
11:27:26,INDF,RG,6575,22,D,YP,BB,D
11:27:19,INDF,RG,6575,4,D,YP,BB,D
11:27:19,INDF,RG,6575,30,D,YP,BB,D
11:27:08,INDF,RG,6575,12,D,YP,BB,D
11:27:08,INDF,RG,6575,7,D,YP,BB,D
11:27:08,INDF,RG,6600,1,D,PD,BB,D
11:27:03,INDF,RG,6575,31,D,YP,BB,D
11:27:03,INDF,RG,6575,4,D,YP,BB,D
11:27:03,INDF,RG,6600,1,D,XL,BB,D
11:27:03,INDF,RG,6600,1,D,CC,BB,D
11:27:03,INDF,RG,6600,1,F,ZP,BB,D
11:27:03,INDF,RG,6600,1,F,ZP,BB,D
11:26:46,INDF,RG,6600,1,F,ZP,BB,D
11:26:46,INDF,RG,6600,3,F,CS,BB,D
11:26:46,INDF,RG,6600,6,F,ZP,BB,D
11:26:45,INDF,RG,6600,17,F,ZP,BB,D
11:26:45,INDF,RG,6600,10,F,ZP,ZP,F
11:26:36,INDF,RG,6600,99,F,ZP,BB,D
11:26:32,INDF,RG,6600,25,F,ZP,BB,D
11:26:23,INDF,RG,6600,6,F,ZP,AK,F
11:26:23,INDF,RG,6600,2,F,ZP,AK,F
11:26:23,INDF,RG,6600,39,F,ZP,ZP,F
11:26:23,INDF,RG,6600,224,F,ZP,BB,D
11:26:23,INDF,RG,6600,30,F,ZP,BB,D
11:26:23,INDF,RG,6600,70,F,ZP,ZP,F
11:26:23,INDF,RG,6600,448,F,ZP,BK,F
11:26:23,INDF,RG,6600,20,F,ZP,RX,D
11:26:23,INDF,RG,6600,1,F,ZP,BB,D
11:26:23,INDF,RG,6600,3,F,ZP,AK,D
11:26:07,INDF,RG,6575,26,D,YP,BB,D
11:26:07,INDF,RG,6575,3,D,YP,BB,D
11:26:01,INDF,RG,6575,1,D,YP,AK,F
11:26:00,INDF,RG,6575,4,D,YP,BB,D
11:25:53,INDF,RG,6575,14,D,YP,BB,D
11:25:48,INDF,RG,6575,8,D,YP,BB,D
11:25:48,INDF,RG,6575,15,D,YP,BB,D
11:25:39,INDF,RG,6575,20,D,YP,BB,D
11:25:39,INDF,RG,6575,31,D,YP,BB,D
11:25:39,INDF,RG,6575,3,D,YP,BB,D
11:25:25,INDF,RG,6575,2,D,YP,BB,D
11:25:17,INDF,RG,6575,5,D,YP,BB,D
11:25:15,INDF,RG,6575,23,D,YP,BB,D
11:25:15,INDF,RG,6575,3,D,YP,BB,D
11:25:01,INDF,RG,6575,17,D,YP,BB,D
11:25:01,INDF,RG,6575,2,D,YP,BB,D
11:24:46,INDF,RG,6575,11,D,YP,BB,D
11:24:46,INDF,RG,6575,21,D,YP,BB,D
11:24:33,INDF,RG,6575,163,D,YP,BB,D
11:24:33,INDF,RG,6575,22,D,YP,BB,D
11:24:27,INDF,RG,6575,4,D,YP,AK,F
11:24:24,INDF,RG,6575,172,D,YP,BB,D
11:24:24,INDF,RG,6575,17,D,YP,BB,D
11:24:24,INDF,RG,6600,1,F,ZP,BB,D
11:24:24,INDF,RG,6600,187,F,ZP,BB,D
11:24:20,INDF,RG,6600,103,F,ZP,BB,D
11:24:19,INDF,RG,6600,5,F,ZP,LG,D
11:24:15,INDF,RG,6600,10,F,ZP,AK,F
11:24:14,INDF,RG,6600,3,F,ZP,BB,D
11:24:13,INDF,RG,6600,30,F,ZP,ZP,F
11:24:13,INDF,RG,6600,21,F,ZP,ZP,F
11:24:13,INDF,RG,6600,100,F,ZP,PD,D
11:24:13,INDF,RG,6600,1,F,ZP,CC,D
11:24:13,INDF,RG,6600,8,F,ZP,AK,D
11:24:13,INDF,RG,6600,8,F,ZP,AK,D
11:24:13,INDF,RG,6600,8,F,ZP,BB,D
11:24:13,INDF,RG,6600,2,F,ZP,BB,D
11:24:13,INDF,RG,6600,14,F,ZP,BB,D
11:24:11,INDF,RG,6600,5,D,YP,BB,D
11:24:10,INDF,RG,6575,28,D,YP,BB,D
11:24:07,INDF,RG,6575,16,D,YP,RX,D
11:24:07,INDF,RG,6575,18,D,YP,BB,D
11:24:01,INDF,RG,6575,1,D,YP,AK,F
11:24:00,INDF,RG,6575,1,D,YP,AK,F
11:24:00,INDF,RG,6575,109,D,YP,BB,D
11:24:00,INDF,RG,6575,45,D,YP,BB,D
11:24:00,INDF,RG,6600,1,F,CC,BB,D
11:24:00,INDF,RG,6600,1,F,ZP,BB,D
11:24:00,INDF,RG,6600,1,F,AK,BB,D
11:24:00,INDF,RG,6600,2,D,XL,BB,D
11:24:00,INDF,RG,6600,5,F,ZP,BB,D
11:24:00,INDF,RG,6600,4,D,JB,BB,D
11:24:00,INDF,RG,6600,5,D,GR,BB,D
11:24:00,INDF,RG,6600,2,D,XL,BB,D
11:24:00,INDF,RG,6600,6,F,CS,BB,D
11:24:00,INDF,RG,6600,10,D,CC,BB,D
11:24:00,INDF,RG,6600,15,D,YP,BB,D
11:24:00,INDF,RG,6600,10,D,NI,BB,D
11:24:00,INDF,RG,6600,2,D,XL,BB,D
11:24:00,INDF,RG,6600,14,F,ZP,BB,D
11:24:00,INDF,RG,6600,2,D,PD,BB,D
11:24:00,INDF,RG,6600,25,F,AK,BB,D
11:24:00,INDF,RG,6600,56,F,ZP,BB,D
11:24:00,INDF,RG,6600,45,F,ZP,BB,D
11:23:52,INDF,RG,6600,71,F,ZP,ZP,F
11:23:52,INDF,RG,6600,328,F,ZP,ZP,F
11:23:52,INDF,RG,6600,1,F,ZP,ZP,F
11:23:52,INDF,RG,6600,1,D,PD,ZP,F
11:23:52,INDF,RG,6600,10,D,NI,ZP,F
11:23:52,INDF,RG,6600,1,F,ZP,ZP,F
11:23:52,INDF,RG,6600,3,F,CS,ZP,F
11:23:52,INDF,RG,6600,1,D,XC,ZP,F
11:23:52,INDF,RG,6600,2,F,ZP,ZP,F
11:23:52,INDF,RG,6600,15,F,ZP,ZP,F
11:23:52,INDF,RG,6600,2,F,AK,ZP,F
11:23:52,INDF,RG,6600,7,F,CS,ZP,F
11:23:52,INDF,RG,6600,1,F,CC,ZP,F
11:23:52,INDF,RG,6600,1,F,ZP,ZP,F
11:23:52,INDF,RG,6600,6,D,AT,ZP,F
11:23:52,INDF,RG,6600,1,D,XC,ZP,F
11:23:52,INDF,RG,6600,1,D,XC,ZP,F
11:23:52,INDF,RG,6600,73,D,YP,ZP,F
11:23:51,INDF,RG,6600,26,D,YP,ZP,F
11:23:51,INDF,RG,6600,117,D,YP,LG,D
11:23:51,INDF,RG,6600,1,D,XC,LG,D
11:23:51,INDF,RG,6600,1,D,DR,LG,D
11:23:51,INDF,RG,6600,7,F,CS,LG,D
11:23:51,INDF,RG,6600,1,D,XC,LG,D
11:23:51,INDF,RG,6600,23,F,ZP,LG,D
11:23:50,INDF,RG,6600,14,F,ZP,ZP,F
11:23:49,INDF,RG,6600,18,F,ZP,ZP,F
11:23:49,INDF,RG,6600,61,F,ZP,BB,D
11:23:49,INDF,RG,6600,10,F,ZP,BB,D
11:23:49,INDF,RG,6600,3,F,ZP,PD,D
11:23:25,INDF,RG,6600,18,F,ZP,ZP,F
11:23:25,INDF,RG,6600,11,F,ZP,BB,D
11:23:25,INDF,RG,6600,3,F,ZP,BB,D
11:23:25,INDF,RG,6600,78,F,ZP,YP,D
11:23:15,INDF,RG,6600,11,F,ZP,ZP,F
11:23:15,INDF,RG,6600,17,F,ZP,BB,D
11:23:15,INDF,RG,6600,3,F,ZP,BB,D
11:23:12,INDF,RG,6600,1,F,ZP,AK,F
11:23:07,INDF,RG,6600,10,F,ZP,ZP,F
11:23:07,INDF,RG,6600,11,F,ZP,BB,D
11:23:07,INDF,RG,6600,3,F,ZP,BB,D
11:22:57,INDF,RG,6600,3,F,ZP,LG,D
11:22:55,INDF,RG,6600,11,F,ZP,BB,D
11:22:55,INDF,RG,6600,8,F,ZP,ZP,F
11:22:52,INDF,RG,6600,5,F,ZP,BB,D
11:22:50,INDF,RG,6600,20,F,ZP,BB,D
11:22:50,INDF,RG,6600,9,F,ZP,ZP,F
11:22:48,INDF,RG,6600,20,F,ZP,YP,D
11:22:46,INDF,RG,6600,2,F,ZP,BB,D
11:22:46,INDF,RG,6600,8,F,ZP,BB,D
11:22:45,INDF,RG,6600,7,F,ZP,AK,F
11:22:39,INDF,RG,6600,20,F,ZP,BB,D
11:22:39,INDF,RG,6600,1,F,ZP,BB,D
11:22:39,INDF,RG,6600,1,F,ZP,PD,D
11:22:30,INDF,RG,6600,1,F,ZP,AK,F
11:22:30,INDF,RG,6600,2,F,ZP,BB,D
11:22:30,INDF,RG,6625,8,F,AK,ZP,F
11:22:26,INDF,RG,6600,3,F,ZP,BB,D
11:22:19,INDF,RG,6600,25,F,ZP,BB,D
11:22:16,INDF,RG,6600,13,F,ZP,ZP,F
11:22:16,INDF,RG,6600,8,F,ZP,BB,D
11:22:15,INDF,RG,6600,3,F,ZP,AK,F
11:22:12,INDF,RG,6600,1,F,ZP,AK,F
11:22:07,INDF,RG,6600,9,F,ZP,ZP,F
11:22:07,INDF,RG,6600,25,F,ZP,BB,D
11:22:07,INDF,RG,6600,1,D,OD,BB,D
11:22:07,INDF,RG,6600,1,D,YP,BB,D
11:22:07,INDF,RG,6600,1,D,PD,BB,D
11:22:07,INDF,RG,6600,1,D,XL,BB,D
11:22:07,INDF,RG,6600,3,F,CS,BB,D
11:22:07,INDF,RG,6625,23,D,XL,ZP,F
11:21:58,INDF,RG,6600,2,F,CS,BB,D
11:21:58,INDF,RG,6600,25,D,KI,BB,D
11:21:58,INDF,RG,6600,4,D,KI,BB,D
11:21:58,INDF,RG,6600,20,D,KI,NI,D
11:21:45,INDF,RG,6600,32,D,KI,AK,D
11:21:45,INDF,RG,6600,1,D,KI,PD,D
11:21:45,INDF,RG,6600,20,D,KI,BB,D
11:21:45,INDF,RG,6600,4,D,KI,BB,D
11:21:45,INDF,RG,6625,2,F,AK,ZP,F
11:21:40,INDF,RG,6600,17,D,KI,XC,D
11:21:33,INDF,RG,6600,30,D,KI,BB,D
11:21:33,INDF,RG,6600,3,D,KI,BB,D
11:21:16,INDF,RG,6600,1,D,KI,AK,F
11:21:15,INDF,RG,6600,1,D,KI,AK,F
11:21:12,INDF,RG,6600,4,D,KI,BB,D
11:21:12,INDF,RG,6600,1,D,KI,AK,F
11:21:05,INDF,RG,6600,12,D,KI,BB,D
11:21:00,INDF,RG,6600,18,D,KI,BB,D
11:21:00,INDF,RG,6600,3,D,KI,BB,D
11:21:00,INDF,RG,6625,2,F,AK,ZP,F
11:20:46,INDF,RG,6600,2,D,KI,BB,D
11:20:45,INDF,RG,6600,9,D,KI,AK,F
11:20:39,INDF,RG,6600,14,D,KI,BB,D
11:20:37,INDF,RG,6600,3,D,KI,BB,D
11:20:32,INDF,RG,6600,14,D,KI,BB,D
11:20:24,INDF,RG,6600,3,D,KI,BB,D
11:20:16,INDF,RG,6600,16,D,KI,BB,D
11:20:16,INDF,RG,6600,4,D,KI,BB,D
11:20:15,INDF,RG,6600,1,D,KI,AK,F
11:20:14,INDF,RG,6600,2,D,KI,XL,D
11:20:09,INDF,RG,6600,1,D,KI,BB,D
11:20:09,INDF,RG,6600,19,D,KI,BB,D
11:20:09,INDF,RG,6600,11,D,KI,RX,D
11:19:57,INDF,RG,6600,1,D,KI,AK,F
11:19:57,INDF,RG,6600,5,D,KI,BB,D
11:19:50,INDF,RG,6600,9,D,KI,BB,D
11:19:50,INDF,RG,6600,9,D,KI,ZP,F
11:19:45,INDF,RG,6600,21,D,KI,BB,D
11:19:45,INDF,RG,6600,3,D,KI,BB,D
11:19:30,INDF,RG,6600,10,D,KI,ZP,F
11:19:29,INDF,RG,6600,14,D,KI,BB,D
11:19:29,INDF,RG,6600,3,D,KI,BB,D
11:19:17,INDF,RG,6600,13,D,KI,BB,D
11:19:17,INDF,RG,6600,3,D,KI,BB,D
11:19:08,INDF,RG,6600,26,D,KI,BB,D
11:19:08,INDF,RG,6600,2,D,KI,BB,D
11:19:08,INDF,RG,6625,9,D,PD,ZP,F
11:19:01,INDF,RG,6600,1,D,KI,AK,F
11:19:00,INDF,RG,6600,1,D,KI,AK,F
11:19:00,INDF,RG,6600,17,D,KI,BB,D
11:19:00,INDF,RG,6600,14,D,KI,ZP,F
11:18:56,INDF,RG,6600,94,D,KI,BB,D
11:18:49,INDF,RG,6600,25,D,KI,ZP,F
11:18:49,INDF,RG,6600,6,D,KI,BB,D
11:18:49,INDF,RG,6600,153,D,KI,OD,D
11:18:49,INDF,RG,6600,9,D,KI,OD,D
11:18:45,INDF,RG,6600,8,D,KI,ZP,F
11:18:45,INDF,RG,6600,12,D,KI,AK,F
11:18:45,INDF,RG,6600,72,D,KI,BB,D
11:18:38,INDF,RG,6600,27,D,KI,BB,D
11:18:32,INDF,RG,6600,28,D,KI,ZP,F
11:18:31,INDF,RG,6600,46,D,KI,ZP,F
11:18:30,INDF,RG,6600,73,D,KI,BB,D
11:18:30,INDF,RG,6600,1,D,CC,BB,D
11:18:30,INDF,RG,6600,9,D,XC,BB,D
11:18:30,INDF,RG,6600,1,F,YP,BB,D
11:18:30,INDF,RG,6600,40,D,PD,BB,D
11:18:30,INDF,RG,6600,5,D,YP,BB,D
11:18:30,INDF,RG,6600,1,D,YP,BB,D
11:18:30,INDF,RG,6600,10,D,XL,BB,D
11:18:30,INDF,RG,6600,30,D,CC,BB,D
11:18:30,INDF,RG,6600,2,F,AK,BB,D
11:18:30,INDF,RG,6600,5,D,PD,BB,D
11:18:30,INDF,RG,6600,1,D,XC,BB,D
11:18:30,INDF,RG,6600,5,F,CS,BB,D
11:18:30,INDF,RG,6600,10,D,XL,BB,D
11:18:30,INDF,RG,6600,22,F,ZP,BB,D
11:18:30,INDF,RG,6600,1,D,XC,BB,D
11:18:30,INDF,RG,6600,4,F,ZP,BB,D
11:18:30,INDF,RG,6600,30,D,SQ,BB,D
11:18:30,INDF,RG,6600,5,D,DH,BB,D
11:18:30,INDF,RG,6600,3,F,CS,BB,D
11:18:30,INDF,RG,6600,1,D,PD,BB,D
11:18:30,INDF,RG,6600,7,D,YU,BB,D
11:18:30,INDF,RG,6600,3,D,YJ,BB,D
11:18:30,INDF,RG,6600,4,F,CS,BB,D
11:18:30,INDF,RG,6600,10,D,GR,BB,D
11:18:30,INDF,RG,6600,2,F,ZP,BB,D
11:18:30,INDF,RG,6600,1,F,BK,BB,D
11:18:30,INDF,RG,6600,100,D,YP,BB,D
11:18:30,INDF,RG,6600,12,F,ZP,BB,D
11:18:30,INDF,RG,6600,2,D,AZ,BB,D
11:18:30,INDF,RG,6600,10,D,CC,BB,D
11:18:30,INDF,RG,6600,9,F,CS,BB,D
11:18:30,INDF,RG,6600,58,F,CS,BB,D
11:18:21,INDF,RG,6600,19,F,CS,ZP,F
11:18:21,INDF,RG,6600,129,F,CS,ZP,F
11:18:21,INDF,RG,6625,2,F,ZP,ZP,F
11:18:21,INDF,RG,6625,1,F,ZP,ZP,F
11:18:21,INDF,RG,6625,1,F,ZP,BB,D
11:18:21,INDF,RG,6600,15,F,CS,BB,D
11:18:21,INDF,RG,6600,2,F,CS,BB,D
11:18:21,INDF,RG,6600,308,F,CS,BB,D
11:18:21,INDF,RG,6600,7,D,XC,BB,D
11:18:21,INDF,RG,6600,1,D,NI,BB,D
11:18:21,INDF,RG,6600,3,F,CS,BB,D
11:18:21,INDF,RG,6600,4,D,PD,BB,D
11:18:21,INDF,RG,6600,26,F,ZP,BB,D
11:18:21,INDF,RG,6600,4,F,CS,BB,D
11:18:21,INDF,RG,6600,1,D,CC,BB,D
11:18:21,INDF,RG,6600,20,D,FS,BB,D
11:18:21,INDF,RG,6600,10,D,AT,BB,D
11:18:21,INDF,RG,6600,1,D,CC,BB,D
11:18:21,INDF,RG,6600,5,F,CS,BB,D
11:18:21,INDF,RG,6600,104,F,ZP,BB,D
11:18:21,INDF,RG,6600,5,D,XL,BB,D
11:18:21,INDF,RG,6600,1,D,CC,BB,D
11:18:21,INDF,RG,6600,2,F,AK,BB,D
11:18:21,INDF,RG,6600,2,F,AK,BB,D
11:18:21,INDF,RG,6600,5,D,PD,BB,D
11:18:21,INDF,RG,6600,21,F,ZP,BB,D
11:18:21,INDF,RG,6600,92,F,ZP,BB,D
11:18:21,INDF,RG,6600,200,F,ZP,BB,D
11:18:21,INDF,RG,6600,20,D,YP,BB,D
11:18:21,INDF,RG,6600,1,D,XC,BB,D
11:18:21,INDF,RG,6600,3,F,CS,BB,D
11:18:21,INDF,RG,6600,5,D,XL,BB,D
11:18:21,INDF,RG,6600,7,D,SQ,BB,D
11:18:21,INDF,RG,6600,2,D,YP,BB,D
11:18:21,INDF,RG,6600,10,D,PD,BB,D
11:18:21,INDF,RG,6600,23,D,YP,BB,D
11:18:21,INDF,RG,6600,1,D,XC,BB,D
11:18:21,INDF,RG,6600,11,F,ZP,BB,D
11:18:21,INDF,RG,6600,1,D,YP,BB,D
11:18:21,INDF,RG,6600,7,D,PD,BB,D
11:18:21,INDF,RG,6600,2,D,KK,BB,D
11:18:11,INDF,RG,6600,2,D,OD,BB,D
11:18:11,INDF,RG,6600,1,D,CC,BB,D
11:18:11,INDF,RG,6600,18,D,CC,BB,D
11:18:11,INDF,RG,6600,4,D,CC,BB,D
11:18:01,INDF,RG,6600,3,D,CC,AK,F
11:18:01,INDF,RG,6600,3,F,ZP,AK,F
11:17:58,INDF,RG,6600,8,F,ZP,ZP,F
11:17:58,INDF,RG,6600,1,D,PD,ZP,F
11:17:58,INDF,RG,6600,2,D,PD,ZP,F
11:17:58,INDF,RG,6600,3,F,ZP,ZP,F
11:17:57,INDF,RG,6600,7,F,ZP,BB,D
11:17:57,INDF,RG,6600,1,D,PD,BB,D
11:17:57,INDF,RG,6600,3,D,AI,BB,D
11:17:57,INDF,RG,6600,1,D,XC,BB,D
11:17:57,INDF,RG,6600,4,D,GR,BB,D
11:17:57,INDF,RG,6600,2,D,XC,BB,D
11:17:57,INDF,RG,6600,1,D,PD,BB,D
11:17:57,INDF,RG,6600,7,D,PD,BB,D
11:17:57,INDF,RG,6600,1,D,PD,AK,F
11:17:46,INDF,RG,6600,7,D,PD,ZP,F
11:17:45,INDF,RG,6600,1,D,PD,AK,F
11:17:44,INDF,RG,6600,11,D,PD,ZP,F
11:17:43,INDF,RG,6600,16,D,PD,BB,D
11:17:43,INDF,RG,6600,9,D,PD,ZP,F
11:17:40,INDF,RG,6600,16,D,PD,ZP,F
11:17:40,INDF,RG,6600,17,D,PD,BB,D
11:17:40,INDF,RG,6600,6,D,PD,BB,D
11:17:39,INDF,RG,6600,5,D,PD,NI,D
11:17:30,INDF,RG,6600,3,D,PD,BB,D
11:17:30,INDF,RG,6600,8,D,YU,BB,D
11:17:30,INDF,RG,6600,2,D,YU,ZP,F
11:17:30,INDF,RG,6600,3,D,YP,ZP,F
11:17:30,INDF,RG,6600,1,F,BK,ZP,F
11:17:30,INDF,RG,6600,14,F,ZP,ZP,F
11:17:30,INDF,RG,6600,3,D,CC,ZP,F
11:17:30,INDF,RG,6625,3,F,ZP,BB,D
11:17:30,INDF,RG,6600,27,D,CC,BB,D
11:17:30,INDF,RG,6600,5,F,CS,BB,D
11:17:30,INDF,RG,6600,37,D,YP,BB,D
11:17:30,INDF,RG,6625,3,F,ZP,BB,D
11:17:23,INDF,RG,6600,25,D,YP,ZP,F
11:17:23,INDF,RG,6600,100,D,YP,YP,D
11:17:19,INDF,RG,6600,26,D,YP,ZP,F
11:17:19,INDF,RG,6600,23,D,YP,BB,D
11:17:19,INDF,RG,6600,3,D,YP,BB,D
11:17:05,INDF,RG,6600,3,D,YP,BB,D
11:17:01,INDF,RG,6600,7,D,YP,ZP,F
11:17:01,INDF,RG,6600,9,D,YP,ZP,F
11:17:01,INDF,RG,6600,25,D,YP,BB,D
11:17:01,INDF,RG,6600,2,D,YP,BB,D
11:17:00,INDF,RG,6600,5,D,YP,AK,F
11:16:45,INDF,RG,6600,5,D,YP,BB,D
11:16:45,INDF,RG,6600,7,D,YP,ZP,F
11:16:42,INDF,RG,6600,14,D,YP,BB,D
11:16:35,INDF,RG,6600,9,D,YP,ZP,F
11:16:31,INDF,RG,6600,23,D,YP,BB,D
11:16:31,INDF,RG,6600,3,D,YP,BB,D
11:16:31,INDF,RG,6600,5,D,YP,NI,D
11:16:27,INDF,RG,6600,19,D,YP,ZP,F
11:16:27,INDF,RG,6600,17,D,YP,BB,D
11:16:27,INDF,RG,6600,6,D,YP,BB,D
11:16:27,INDF,RG,6625,5,F,ZP,BB,D
11:16:01,INDF,RG,6600,1,D,YP,AK,F
11:16:00,INDF,RG,6600,1,D,YP,AK,F
11:15:56,INDF,RG,6600,14,D,YP,BB,D
11:15:56,INDF,RG,6600,3,D,YP,BB,D
11:15:47,INDF,RG,6600,16,D,YP,BB,D
11:15:47,INDF,RG,6600,5,D,YP,BB,D
11:15:24,INDF,RG,6600,8,D,YP,ZP,F
11:15:24,INDF,RG,6625,7,F,ZP,BB,D
11:15:23,INDF,RG,6600,11,D,YP,BB,D
11:15:23,INDF,RG,6600,1,D,YP,BB,D
11:15:23,INDF,RG,6625,4,F,ZP,BB,D
11:15:12,INDF,RG,6600,3,D,YP,BB,D
11:15:07,INDF,RG,6600,4,D,YP,BB,D
11:15:07,INDF,RG,6600,15,D,YP,BB,D
11:15:00,INDF,RG,6600,6,D,YP,AK,F
11:15:00,INDF,RG,6600,8,D,YP,ZP,F
11:14:57,INDF,RG,6600,27,D,YP,BB,D
11:14:57,INDF,RG,6600,1,D,YP,AK,F
11:14:55,INDF,RG,6600,3,D,YP,ZP,F
11:14:55,INDF,RG,6600,1,D,YP,ZP,F
11:14:55,INDF,RG,6600,1,D,CC,ZP,F
11:14:55,INDF,RG,6600,2,D,RO,ZP,F
11:14:54,INDF,RG,6600,1,D,RO,BB,D
11:14:54,INDF,RG,6600,2,D,YP,BB,D
11:14:54,INDF,RG,6600,2,D,YP,BB,D
11:14:45,INDF,RG,6600,9,D,YP,ZP,F
11:14:42,INDF,RG,6600,28,D,YP,BB,D
11:14:42,INDF,RG,6600,4,D,YP,BB,D
11:14:42,INDF,RG,6600,4,D,YP,RX,D
11:14:42,INDF,RG,6600,5,D,XC,RX,D
11:14:42,INDF,RG,6600,2,F,ZP,RX,D
11:14:19,INDF,RG,6600,1,F,ZP,BB,D
11:14:19,INDF,RG,6625,6,F,ZP,BB,D
11:14:08,INDF,RG,6600,4,F,ZP,BB,D
11:14:08,INDF,RG,6600,2,F,ZP,BB,D
11:14:08,INDF,RG,6600,7,D,FS,BB,D
11:14:01,INDF,RG,6600,9,D,FS,BB,D
11:14:01,INDF,RG,6625,5,F,ZP,BB,D
11:13:57,INDF,RG,6600,18,D,FS,BB,D
11:13:57,INDF,RG,6600,6,D,FS,BB,D
11:13:34,INDF,RG,6600,3,D,SQ,BB,D
11:13:34,INDF,RG,6600,2,D,XC,BB,D
11:13:34,INDF,RG,6600,2,F,CS,BB,D
11:13:34,INDF,RG,6600,4,F,CS,BB,D
11:13:34,INDF,RG,6600,23,D,YP,BB,D
11:13:34,INDF,RG,6600,7,D,YP,BB,D
11:13:34,INDF,RG,6600,4,D,YP,YP,D
11:12:56,INDF,RG,6600,3,D,YP,BB,D
11:12:50,INDF,RG,6600,2,D,YP,BB,D
11:12:50,INDF,RG,6600,2,D,YP,BB,D
11:12:45,INDF,RG,6600,1,D,YP,AK,F
11:12:44,INDF,RG,6600,4,D,YP,BB,D
11:12:29,INDF,RG,6625,4,F,ZP,BB,D
11:12:29,INDF,RG,6625,3,F,ZP,ZP,F
11:12:27,INDF,RG,6600,5,D,YP,BB,D
11:12:21,INDF,RG,6600,3,D,YP,BB,D
11:12:21,INDF,RG,6600,3,D,YP,BB,D
11:12:20,INDF,RG,6625,7,F,ZP,ZP,F
11:12:04,INDF,RG,6600,3,D,YP,BB,D
11:12:04,INDF,RG,6600,3,D,YP,BB,D
11:11:58,INDF,RG,6600,4,D,YP,BB,D
11:11:57,INDF,RG,6600,4,D,YP,BB,D
11:11:57,INDF,RG,6600,1,D,YP,AK,F
11:11:32,INDF,RG,6600,3,D,YP,BB,D
11:11:32,INDF,RG,6625,5,F,ZP,ZP,F
11:11:27,INDF,RG,6600,2,D,YP,BB,D
11:11:19,INDF,RG,6600,4,D,YP,BB,D
11:11:19,INDF,RG,6600,3,D,YP,BB,D
11:11:05,INDF,RG,6600,31,D,YP,BB,D
11:11:05,INDF,RG,6600,4,D,YP,BB,D
11:11:00,INDF,RG,6600,8,D,YP,AK,F
11:10:57,INDF,RG,6600,8,D,YP,ZP,F
11:10:57,INDF,RG,6600,4,D,YP,BB,D
11:10:57,INDF,RG,6625,15,D,PD,ZP,F
11:10:57,INDF,RG,6625,25,D,PD,YP,D
11:10:55,INDF,RG,6600,8,D,YP,ZP,F
11:10:55,INDF,RG,6600,5,D,YP,BB,D
11:10:55,INDF,RG,6600,25,D,YP,BB,D
11:10:55,INDF,RG,6600,11,D,YP,RX,D
11:10:51,INDF,RG,6600,8,D,YP,ZP,F
11:10:51,INDF,RG,6600,48,D,YP,AK,D
11:10:50,INDF,RG,6600,7,D,YP,ZP,F
11:10:46,INDF,RG,6600,11,D,YP,BB,D
11:10:46,INDF,RG,6600,3,D,YP,BB,D
11:10:29,INDF,RG,6600,14,D,YP,ZP,F
11:10:27,INDF,RG,6600,3,D,YP,BB,D
11:10:27,INDF,RG,6625,3,F,ZP,YP,D
11:10:26,INDF,RG,6600,3,D,YP,BB,D
11:10:26,INDF,RG,6625,4,F,ZP,YP,D
11:10:15,INDF,RG,6600,5,D,YP,BB,D
11:10:15,INDF,RG,6600,3,D,YP,BB,D
11:10:09,INDF,RG,6600,2,D,YP,EP,D
11:10:05,INDF,RG,6600,7,D,YP,ZP,F
11:10:04,INDF,RG,6600,6,D,YP,BB,D
11:10:04,INDF,RG,6600,1,D,YP,BB,D
11:09:57,INDF,RG,6600,5,D,YP,BB,D
11:09:57,INDF,RG,6600,4,D,YP,BB,D
11:09:51,INDF,RG,6625,11,F,AK,YP,D
11:09:50,INDF,RG,6600,8,D,YP,ZP,F
11:09:50,INDF,RG,6600,12,D,YP,BB,D
11:09:50,INDF,RG,6600,2,D,YP,BB,D
11:09:30,INDF,RG,6600,4,D,YP,BB,D
11:09:26,INDF,RG,6600,14,D,YP,ZP,F
11:09:26,INDF,RG,6625,2,F,ZP,YP,D
11:09:26,INDF,RG,6600,11,D,YP,BB,D
11:09:26,INDF,RG,6600,7,D,YP,BB,D
11:08:46,INDF,RG,6600,9,D,YP,ZP,F
11:08:46,INDF,RG,6600,1,D,YP,AK,F
11:08:45,INDF,RG,6600,1,D,YP,AK,F
11:08:43,INDF,RG,6625,1,D,BQ,YP,D
11:08:41,INDF,RG,6600,12,D,YP,BB,D
11:08:41,INDF,RG,6600,3,D,YP,BB,D
11:08:37,INDF,RG,6600,10,D,YP,ZP,F
11:08:37,INDF,RG,6600,2,D,YP,BB,D
11:08:37,INDF,RG,6625,3,F,ZP,YP,D
11:08:25,INDF,RG,6600,11,D,YP,ZP,F
11:08:25,INDF,RG,6600,4,D,YP,BB,D
11:08:25,INDF,RG,6600,3,D,YP,BB,D
11:08:07,INDF,RG,6600,3,D,YP,BB,D
11:08:07,INDF,RG,6600,3,D,YP,BB,D
11:07:52,INDF,RG,6600,2,D,YP,BB,D
11:07:52,INDF,RG,6600,4,D,YP,BB,D
11:07:34,INDF,RG,6600,3,D,YP,BB,D
11:07:27,INDF,RG,6600,3,D,YP,BB,D
11:07:27,INDF,RG,6600,4,D,YP,BB,D
11:07:27,INDF,RG,6600,1,D,YP,AK,F
11:07:03,INDF,RG,6600,1,D,YP,BB,D
11:07:02,INDF,RG,6600,3,D,YP,BB,D
11:06:58,INDF,RG,6600,4,D,YP,BB,D
11:06:54,INDF,RG,6600,5,D,YP,BB,D
11:06:54,INDF,RG,6600,1,D,YP,NI,D
11:06:45,INDF,RG,6600,9,D,YP,AK,F
11:06:44,INDF,RG,6600,5,D,YP,BB,D
11:06:44,INDF,RG,6600,1,D,YP,BB,D
11:06:40,INDF,RG,6625,1,F,ZP,YP,D
11:06:40,INDF,RG,6600,3,D,YP,BB,D
11:06:40,INDF,RG,6600,8,D,YP,ZP,F
11:06:35,INDF,RG,6600,30,D,YP,BB,D
11:06:33,INDF,RG,6600,17,D,YP,BB,D
11:06:31,INDF,RG,6600,9,D,YP,ZP,F
11:06:30,INDF,RG,6600,51,D,YP,ZP,F
11:06:30,INDF,RG,6600,3,D,YP,BB,D
11:06:30,INDF,RG,6600,295,D,YP,BB,D
11:06:30,INDF,RG,6600,12,D,LG,BB,D
11:06:15,INDF,RG,6600,8,D,LG,ZP,F
11:06:15,INDF,RG,6600,5,D,LG,BB,D
11:06:15,INDF,RG,6600,1,D,NI,BB,D
11:06:15,INDF,RG,6600,3,D,KK,BB,D
11:06:15,INDF,RG,6600,1,D,XC,BB,D
11:06:15,INDF,RG,6600,27,F,ZP,BB,D
11:06:15,INDF,RG,6600,12,F,ZP,ZP,F
11:06:14,INDF,RG,6600,68,F,ZP,ZP,F
11:06:14,INDF,RG,6600,59,F,ZP,ZP,F
11:06:14,INDF,RG,6600,334,F,ZP,BB,D
11:06:14,INDF,RG,6600,13,F,ZP,BB,D
11:06:14,INDF,RG,6600,6,F,CS,BB,D
11:06:14,INDF,RG,6600,10,D,DH,BB,D
11:06:14,INDF,RG,6600,3,D,DH,BB,D
11:06:14,INDF,RG,6600,4,D,PD,BB,D
11:06:14,INDF,RG,6600,3,D,PD,BB,D
11:06:14,INDF,RG,6600,1,D,SQ,BB,D
11:06:14,INDF,RG,6600,10,F,BK,BB,D
11:06:14,INDF,RG,6600,4,D,PD,BB,D
11:06:14,INDF,RG,6600,2,D,DH,BB,D
11:06:14,INDF,RG,6600,1,D,PD,BB,D
11:06:14,INDF,RG,6600,1,D,YU,BB,D
11:06:14,INDF,RG,6600,37,F,AK,BB,D
11:06:14,INDF,RG,6600,8,F,ZP,BB,D
11:06:14,INDF,RG,6600,10,D,NI,BB,D
11:06:14,INDF,RG,6600,50,D,NI,BB,D
11:06:14,INDF,RG,6600,1,F,ZP,BB,D
11:06:14,INDF,RG,6600,2,F,CS,BB,D
11:06:14,INDF,RG,6600,1,F,CS,BB,D
11:06:14,INDF,RG,6600,2,F,AK,BB,D
11:06:14,INDF,RG,6600,159,D,YP,BB,D
11:06:13,INDF,RG,6600,4,D,YP,BB,D
11:06:11,INDF,RG,6600,1,D,YP,BB,D
11:06:05,INDF,RG,6600,6,D,YP,BB,D
11:06:05,INDF,RG,6600,6,D,YP,BB,D
11:05:50,INDF,RG,6600,8,D,YP,ZP,F
11:05:48,INDF,RG,6600,3,D,YP,BB,D
11:05:48,INDF,RG,6600,11,D,YP,BB,D
11:05:30,INDF,RG,6600,1,D,YP,AK,F
11:05:28,INDF,RG,6600,2,D,YP,BB,D
11:05:28,INDF,RG,6600,8,D,YP,ZP,F
11:05:28,INDF,RG,6600,3,D,YP,BB,D
11:05:27,INDF,RG,6625,12,F,ZP,YP,D
11:05:23,INDF,RG,6625,2,D,BQ,YP,D
11:05:19,INDF,RG,6600,7,D,YP,BB,D
11:05:15,INDF,RG,6600,3,D,YP,BB,D
11:05:15,INDF,RG,6600,10,D,YP,ZP,F
11:05:14,INDF,RG,6600,10,D,YP,BB,D
11:05:14,INDF,RG,6600,3,D,YP,BB,D
11:04:49,INDF,RG,6600,11,D,YP,ZP,F
11:04:47,INDF,RG,6600,7,D,YP,ZP,F
11:04:47,INDF,RG,6600,3,D,YP,BB,D
11:04:47,INDF,RG,6600,6,D,YP,BB,D
11:04:38,INDF,RG,6600,8,D,YP,ZP,F
11:04:36,INDF,RG,6600,5,D,YP,BB,D
11:04:36,INDF,RG,6600,3,D,YP,BB,D
11:04:21,INDF,RG,6600,9,D,YP,ZP,F
11:04:21,INDF,RG,6600,5,D,YP,BB,D
11:04:21,INDF,RG,6600,2,D,YP,BB,D
11:04:11,INDF,RG,6600,9,D,YP,BB,D
11:04:11,INDF,RG,6600,10,D,YP,BB,D
11:03:41,INDF,RG,6600,7,D,YP,ZP,F
11:03:41,INDF,RG,6600,12,D,YP,BB,D
11:03:41,INDF,RG,6600,70,D,YP,BB,D
11:03:31,INDF,RG,6600,23,D,YP,YP,D
11:03:30,INDF,RG,6600,7,D,YP,BB,D
11:03:30,INDF,RG,6600,9,D,YP,BB,D
11:03:30,INDF,RG,6600,49,D,YP,OD,D
11:03:30,INDF,RG,6600,3,F,ZP,OD,D
11:03:30,INDF,RG,6600,5,D,XL,OD,D
11:03:30,INDF,RG,6600,2,F,CS,OD,D
11:03:30,INDF,RG,6600,94,D,YP,OD,D
11:03:30,INDF,RG,6600,9,D,YP,OD,D
11:02:50,INDF,RG,6600,3,D,YP,BB,D
11:02:49,INDF,RG,6625,10,F,BK,YP,D
11:02:46,INDF,RG,6600,1,D,YP,BB,D
11:02:45,INDF,RG,6600,1,D,YP,XL,D
11:02:45,INDF,RG,6600,2,D,YP,BB,D
11:02:45,INDF,RG,6600,3,D,YP,BB,D
11:02:31,INDF,RG,6600,2,D,YP,BB,D
11:02:31,INDF,RG,6600,1,D,YP,BB,D
11:02:20,INDF,RG,6600,4,D,YP,BB,D
11:02:20,INDF,RG,6600,2,D,YP,BB,D
11:02:06,INDF,RG,6600,6,D,YP,BB,D
11:02:06,INDF,RG,6600,9,D,YP,BB,D
11:02:05,INDF,RG,6625,1,D,NI,YP,D
11:01:46,INDF,RG,6625,3,F,ZP,YP,D
11:01:45,INDF,RG,6600,3,D,YP,BB,D
11:01:45,INDF,RG,6600,8,D,YP,AK,F
11:01:37,INDF,RG,6600,1,D,YP,XL,D
11:01:36,INDF,RG,6600,1,D,YP,BB,D
11:01:27,INDF,RG,6600,6,D,YP,BB,D
11:01:27,INDF,RG,6600,1,D,YP,AK,F
11:01:25,INDF,RG,6600,3,D,YP,BB,D
11:01:23,INDF,RG,6625,2,D,YJ,YP,D
11:01:15,INDF,RG,6625,4,D,SQ,YP,D
11:01:14,INDF,RG,6600,3,D,YP,BB,D
11:01:13,INDF,RG,6600,2,D,YP,BB,D
11:01:01,INDF,RG,6600,1,D,YP,BB,D
11:01:01,INDF,RG,6600,2,D,YP,BB,D
11:01:00,INDF,RG,6600,1,D,YP,AK,F
11:01:00,INDF,RG,6600,1,D,YP,AK,F
11:00:53,INDF,RG,6600,4,D,YP,BB,D
11:00:53,INDF,RG,6600,2,D,YP,BB,D
11:00:42,INDF,RG,6600,2,D,YP,BB,D
11:00:42,INDF,RG,6600,4,D,YP,BB,D
11:00:27,INDF,RG,6600,12,D,YP,BB,D
11:00:21,INDF,RG,6625,2,D,YP,YP,D
11:00:20,INDF,RG,6600,5,D,YP,BB,D
11:00:18,INDF,RG,6600,11,D,YP,ZP,F
11:00:15,INDF,RG,6600,41,D,YP,BB,D
11:00:15,INDF,RG,6600,6,D,YP,BB,D
11:00:15,INDF,RG,6625,6,F,AK,YP,D
11:00:04,INDF,RG,6600,11,D,YP,ZP,F
11:00:04,INDF,RG,6600,4,D,YP,BB,D
11:00:04,INDF,RG,6600,2,D,YP,BB,D
11:00:04,INDF,RG,6600,98,D,YP,OD,D
10:59:52,INDF,RG,6600,3,D,YP,BB,D
10:59:52,INDF,RG,6600,5,D,YP,BB,D
10:59:30,INDF,RG,6600,1,D,YP,PD,D
10:59:28,INDF,RG,6600,19,D,YP,BB,D
10:59:28,INDF,RG,6600,2,D,YP,BB,D
10:59:28,INDF,RG,6600,2,D,NI,BB,D
10:59:24,INDF,RG,6600,1,D,KK,BB,D
10:59:24,INDF,RG,6600,5,D,PD,BB,D
10:59:21,INDF,RG,6600,5,D,PD,ZP,F
10:59:21,INDF,RG,6600,4,F,CS,ZP,F
10:59:21,INDF,RG,6600,1,F,CS,ZP,F
10:59:21,INDF,RG,6600,3,F,CS,ZP,F
10:59:21,INDF,RG,6600,1,F,ZP,ZP,F
10:59:21,INDF,RG,6600,19,D,GR,ZP,F
10:59:21,INDF,RG,6625,108,F,AK,YP,D
10:59:21,INDF,RG,6625,40,F,AK,ZP,F
10:59:21,INDF,RG,6625,4,F,AK,BB,D
10:59:00,INDF,RG,6600,1,D,GR,ZP,F
10:59:00,INDF,RG,6600,5,F,ZP,ZP,F
10:59:00,INDF,RG,6600,5,F,ZP,ZP,F
10:58:30,INDF,RG,6600,8,F,ZP,AK,F
10:58:29,INDF,RG,6600,2,F,ZP,PD,D
10:58:12,INDF,RG,6600,1,D,SQ,AK,F
10:58:00,INDF,RG,6600,1,D,SQ,AK,F
10:57:57,INDF,RG,6600,3,D,SQ,ZP,F
10:57:57,INDF,RG,6600,1,F,ZP,ZP,F
10:57:57,INDF,RG,6600,3,F,CS,ZP,F
10:57:57,INDF,RG,6600,6,F,ZP,ZP,F
10:57:57,INDF,RG,6625,5,F,ZP,BB,D
10:57:45,INDF,RG,6600,29,F,ZP,ZP,F
10:57:43,INDF,RG,6600,2,F,ZP,PD,D
10:57:37,INDF,RG,6600,1,F,ZP,OD,D
10:57:00,INDF,RG,6600,14,F,ZP,ZP,F
10:56:56,INDF,RG,6600,50,F,ZP,AK,D
10:56:55,INDF,RG,6600,24,F,ZP,ZP,F
10:56:55,INDF,RG,6600,306,F,ZP,OD,D
10:56:55,INDF,RG,6600,18,F,ZP,OD,D
10:56:32,INDF,RG,6625,13,F,ZP,BB,D
10:56:17,INDF,RG,6600,20,F,ZP,PD,D
10:56:00,INDF,RG,6600,7,F,ZP,AK,F
10:55:58,INDF,RG,6600,4,F,ZP,PD,D
10:55:56,INDF,RG,6625,1,D,YP,BB,D
10:55:49,INDF,RG,6625,1,D,YP,BB,D
10:55:44,INDF,RG,6625,2,D,YP,BB,D
10:55:35,INDF,RG,6625,4,D,YP,BB,D
10:55:30,INDF,RG,6600,1,F,ZP,AK,F
10:55:30,INDF,RG,6600,1,F,ZP,AK,F
10:55:27,INDF,RG,6625,9,D,YP,BB,D
10:55:23,INDF,RG,6625,5,D,YP,BB,D
10:55:19,INDF,RG,6625,17,D,YP,BB,D
10:55:07,INDF,RG,6625,35,D,YP,BB,D
10:55:00,INDF,RG,6625,1,D,YP,BB,D
10:54:56,INDF,RG,6625,1,D,YP,BB,D
10:54:50,INDF,RG,6625,1,D,YP,BB,D
10:54:29,INDF,RG,6625,1,D,EP,BB,D
10:54:28,INDF,RG,6625,1,D,YP,BB,D
10:54:27,INDF,RG,6600,1,F,ZP,AK,F
10:53:45,INDF,RG,6600,6,F,ZP,AK,F
10:53:07,INDF,RG,6625,5,F,ZP,BB,D
10:53:07,INDF,RG,6600,10,F,ZP,PD,D
10:53:07,INDF,RG,6600,3,F,AK,PD,D
10:53:07,INDF,RG,6600,2,F,AK,PD,D
10:53:07,INDF,RG,6600,1,F,BK,PD,D
10:53:07,INDF,RG,6600,9,F,ZP,PD,D
10:52:45,INDF,RG,6600,1,F,ZP,AK,F
10:51:57,INDF,RG,6600,1,F,ZP,AK,F
10:51:45,INDF,RG,6600,6,F,ZP,AK,F
10:51:00,INDF,RG,6625,6,F,AK,BB,D
10:50:27,INDF,RG,6600,2,F,ZP,YP,D
10:50:00,INDF,RG,6600,1,F,CS,AK,F
10:50:00,INDF,RG,6600,1,F,CS,AK,F
10:49:23,INDF,RG,6625,1,D,CC,BB,D
10:49:23,INDF,RG,6625,3,D,PD,BB,D
10:49:15,INDF,RG,6600,1,F,CS,AK,F
10:49:15,INDF,RG,6600,6,D,KI,AK,F
10:49:14,INDF,RG,6600,8,D,KI,NI,D
10:49:12,INDF,RG,6600,1,D,KI,AK,F
10:49:06,INDF,RG,6625,24,F,CS,BB,D
10:47:57,INDF,RG,6625,5,F,ZP,BB,D
10:47:41,INDF,RG,6625,2,D,PD,BB,D
10:46:42,INDF,RG,6600,1,D,KI,AK,F
10:46:20,INDF,RG,6625,1,D,NI,BB,D
10:46:15,INDF,RG,6600,1,D,KI,AK,F
10:46:15,INDF,RG,6600,5,D,KI,AK,F
10:46:00,INDF,RG,6625,5,F,AK,BB,D
10:45:45,INDF,RG,6625,30,D,FS,BB,D
10:45:03,INDF,RG,6600,10,D,KI,YP,D
10:44:43,INDF,RG,6625,5,D,CC,BB,D
10:44:17,INDF,RG,6600,1,D,KI,CC,D
10:44:16,INDF,RG,6600,14,D,KI,XL,D
10:44:15,INDF,RG,6600,6,D,KI,AK,F
10:44:11,INDF,RG,6625,5,D,XL,BB,D
10:43:45,INDF,RG,6600,1,D,KI,AK,F
10:43:45,INDF,RG,6600,1,D,KI,AK,F
10:43:28,INDF,RG,6600,45,D,KI,AK,D
10:43:28,INDF,RG,6625,1,D,PD,BB,D
10:43:12,INDF,RG,6600,1,D,KI,AK,F
10:42:42,INDF,RG,6625,1,F,ZP,BB,D
10:42:07,INDF,RG,6625,1,D,BQ,BB,D
10:41:41,INDF,RG,6600,7,D,KI,ZP,F
10:41:41,INDF,RG,6600,41,D,KI,ZP,F
10:41:41,INDF,RG,6600,349,D,KI,BB,D
10:40:57,INDF,RG,6600,1,D,KI,AK,F
10:40:45,INDF,RG,6600,7,D,KI,AK,F
10:40:31,INDF,RG,6625,14,D,HP,BB,D
10:40:31,INDF,RG,6625,21,D,HP,ZP,F
10:40:27,INDF,RG,6625,1,D,CC,ZP,F
10:40:26,INDF,RG,6625,2,D,BQ,ZP,F
10:40:11,INDF,RG,6600,1,D,KI,PD,D
10:40:00,INDF,RG,6600,1,D,KI,AK,F
10:39:45,INDF,RG,6625,7,F,AK,ZP,F
10:39:31,INDF,RG,6625,6,D,YP,ZP,F
10:38:56,INDF,RG,6625,3,D,YP,ZP,F
10:38:48,INDF,RG,6625,1,D,YP,ZP,F
10:38:30,INDF,RG,6625,2,D,PD,ZP,F
10:38:22,INDF,RG,6625,1,D,YP,ZP,F
10:38:15,INDF,RG,6625,1,D,YP,ZP,F
10:38:04,INDF,RG,6625,2,D,PD,ZP,F
10:37:53,INDF,RG,6625,2,D,PD,ZP,F
10:37:42,INDF,RG,6600,5,D,KI,XL,D
10:37:40,INDF,RG,6625,2,D,PD,ZP,F
10:37:38,INDF,RG,6625,2,D,PD,ZP,F
10:37:12,INDF,RG,6625,2,D,PD,ZP,F
10:37:05,INDF,RG,6600,1,D,KI,PD,D
10:36:57,INDF,RG,6600,1,D,KI,AK,F
10:36:46,INDF,RG,6625,2,D,PD,ZP,F
10:36:45,INDF,RG,6600,1,D,KI,PD,D
10:36:36,INDF,RG,6625,2,D,PD,ZP,F
10:36:25,INDF,RG,6625,3,D,YP,ZP,F
10:36:20,INDF,RG,6625,2,D,PD,ZP,F
10:36:16,INDF,RG,6625,1,D,YP,ZP,F
10:36:10,INDF,RG,6625,2,D,CC,ZP,F
10:36:10,INDF,RG,6625,5,D,CC,CC,D
10:36:10,INDF,RG,6625,1,D,CC,AK,F
10:36:10,INDF,RG,6625,1,D,CC,AK,F
10:36:10,INDF,RG,6625,8,D,CC,AK,F
10:36:10,INDF,RG,6625,9,D,CC,OD,D
10:35:54,INDF,RG,6625,2,D,PD,OD,D
10:35:39,INDF,RG,6625,1,D,CC,OD,D
10:35:28,INDF,RG,6625,2,D,PD,OD,D
10:35:20,INDF,RG,6625,2,D,PD,OD,D
10:35:15,INDF,RG,6600,7,D,KI,AK,F
10:35:06,INDF,RG,6625,1,D,YP,OD,D
10:35:02,INDF,RG,6625,2,D,PD,OD,D
10:34:45,INDF,RG,6625,1,D,YP,OD,D
10:34:36,INDF,RG,6625,2,D,PD,OD,D
10:34:36,INDF,RG,6625,6,D,YP,OD,D
10:34:36,INDF,RG,6600,1,D,KI,AK,F
10:34:23,INDF,RG,6625,3,D,YP,OD,D
10:34:10,INDF,RG,6625,2,D,PD,OD,D
10:34:06,INDF,RG,6625,3,D,YP,OD,D
10:34:04,INDF,RG,6625,2,D,PD,OD,D
10:33:53,INDF,RG,6625,1,D,CC,OD,D
10:33:44,INDF,RG,6625,2,D,PD,OD,D
10:33:27,INDF,RG,6600,1,D,KI,AK,F
10:33:19,INDF,RG,6625,2,D,PD,OD,D
10:32:52,INDF,RG,6625,2,D,PD,OD,D
10:32:52,INDF,RG,6625,6,D,PD,OD,D
10:32:48,INDF,RG,6625,2,D,PD,OD,D
10:32:45,INDF,RG,6625,7,F,AK,OD,D
10:32:26,INDF,RG,6625,2,D,PD,OD,D
10:32:00,INDF,RG,6625,2,D,PD,OD,D
10:31:58,INDF,RG,6600,1,D,KI,PD,D
10:31:45,INDF,RG,6600,10,D,KI,YP,D
10:31:34,INDF,RG,6625,2,D,PD,OD,D
10:31:32,INDF,RG,6625,2,D,PD,OD,D
10:31:08,INDF,RG,6625,2,D,PD,OD,D
10:31:00,INDF,RG,6600,7,D,KI,AK,F
10:30:51,INDF,RG,6625,1,D,YP,OD,D
10:30:44,INDF,RG,6600,10,D,KI,YP,D
10:30:43,INDF,RG,6625,2,D,PD,OD,D
10:30:37,INDF,RG,6600,46,D,KI,AK,D
10:30:36,INDF,RG,6600,28,D,KI,HP,D
10:30:19,INDF,RG,6600,10,D,KI,YP,D
10:30:17,INDF,RG,6625,2,D,PD,OD,D
10:30:17,INDF,RG,6625,2,D,PD,OD,D
10:30:15,INDF,RG,6600,1,D,KI,AK,F
10:30:15,INDF,RG,6600,1,D,KI,AK,F
10:29:57,INDF,RG,6600,10,D,KI,YP,D
10:29:50,INDF,RG,6625,2,D,PD,OD,D
10:29:40,INDF,RG,6600,5,D,KI,XC,D
10:29:32,INDF,RG,6600,10,D,KI,YP,D
10:29:24,INDF,RG,6625,2,D,PD,OD,D
10:29:13,INDF,RG,6600,10,D,KI,YP,D
10:29:07,INDF,RG,6625,1,D,XL,OD,D
10:29:00,INDF,RG,6625,2,D,PD,OD,D
10:28:58,INDF,RG,6625,2,D,PD,OD,D
10:28:53,INDF,RG,6600,10,D,KI,YP,D
10:28:32,INDF,RG,6625,2,D,PD,OD,D
10:28:30,INDF,RG,6600,6,D,KI,AK,F
10:28:13,INDF,RG,6625,65,D,PD,OD,D
10:28:13,INDF,RG,6625,9,D,PD,OD,D
10:28:13,INDF,RG,6625,8,D,PD,PD,D
10:28:13,INDF,RG,6625,25,D,PD,YP,D
10:28:13,INDF,RG,6625,39,D,PD,BB,D
10:28:13,INDF,RG,6625,66,D,PD,ZP,F
10:28:13,INDF,RG,6625,97,D,PD,BB,D
10:28:06,INDF,RG,6625,2,D,PD,BB,D
10:27:44,INDF,RG,6625,2,D,PD,BB,D
10:27:40,INDF,RG,6625,2,D,PD,BB,D
10:27:15,INDF,RG,6600,1,D,KI,AK,F
10:27:15,INDF,RG,6625,2,D,PD,BB,D
10:27:13,INDF,RG,6625,1,D,XC,BB,D
10:26:49,INDF,RG,6625,2,D,PD,BB,D
10:26:40,INDF,RG,6600,7,D,KI,ZP,F
10:26:35,INDF,RG,6625,5,D,PD,BB,D
10:26:28,INDF,RG,6625,2,D,PD,BB,D
10:26:25,INDF,RG,6600,10,D,KI,YP,D
10:26:23,INDF,RG,6625,2,D,PD,BB,D
10:26:00,INDF,RG,6600,7,D,KI,AK,F
10:25:57,INDF,RG,6625,2,D,PD,BB,D
10:25:31,INDF,RG,6625,2,D,PD,BB,D
10:25:30,INDF,RG,6625,8,F,AK,BB,D
10:25:12,INDF,RG,6625,2,D,PD,BB,D
10:25:05,INDF,RG,6625,2,D,PD,BB,D
10:24:39,INDF,RG,6625,2,D,PD,BB,D
10:24:30,INDF,RG,6600,1,D,KI,AK,F
10:24:30,INDF,RG,6600,1,D,KI,AK,F
10:24:15,INDF,RG,6625,17,D,XL,BB,D
10:24:13,INDF,RG,6625,2,D,PD,BB,D
10:24:00,INDF,RG,6600,7,D,KI,ZP,F
10:23:56,INDF,RG,6625,2,D,PD,BB,D
10:23:50,INDF,RG,6600,1,D,KI,PD,D
10:23:47,INDF,RG,6625,2,D,PD,BB,D
10:23:21,INDF,RG,6625,2,D,PD,BB,D
10:22:55,INDF,RG,6625,2,D,PD,BB,D
10:22:40,INDF,RG,6625,2,D,PD,BB,D
10:22:30,INDF,RG,6600,7,D,KI,AK,F
10:22:29,INDF,RG,6625,2,D,PD,BB,D
10:22:03,INDF,RG,6625,2,D,PD,BB,D
10:21:57,INDF,RG,6625,1,D,PD,BB,D
10:21:37,INDF,RG,6625,2,D,PD,BB,D
10:21:37,INDF,RG,6600,1,D,KI,BB,D
10:21:25,INDF,RG,6600,1,D,KI,BB,D
10:21:24,INDF,RG,6625,1,D,PD,BB,D
10:21:24,INDF,RG,6625,1,D,PD,BB,D
10:21:11,INDF,RG,6625,2,D,PD,BB,D
10:20:56,INDF,RG,6600,1,D,KI,BB,D
10:20:45,INDF,RG,6625,2,D,PD,BB,D
10:20:42,INDF,RG,6600,1,D,KI,BB,D
10:20:30,INDF,RG,6600,2,D,KI,BB,D
10:20:30,INDF,RG,6600,1,D,KI,AK,F
10:20:24,INDF,RG,6625,1,D,XL,BB,D
10:20:19,INDF,RG,6625,2,D,PD,BB,D
10:20:11,INDF,RG,6600,1,D,KI,BB,D
10:19:47,INDF,RG,6600,7,D,KI,BB,D
10:19:40,INDF,RG,6600,15,D,KI,ZP,F
10:19:35,INDF,RG,6600,120,D,KI,BB,D
10:19:30,INDF,RG,6600,31,D,KI,ZP,F
10:19:28,INDF,RG,6600,87,D,KI,BB,D
10:19:28,INDF,RG,6600,20,D,CC,BB,D
10:19:28,INDF,RG,6600,1,F,ZP,BB,D
10:19:28,INDF,RG,6600,20,D,PD,BB,D
10:19:28,INDF,RG,6600,2,D,PD,BB,D
10:19:28,INDF,RG,6600,5,D,MG,BB,D
10:19:28,INDF,RG,6600,5,D,PD,BB,D
10:19:28,INDF,RG,6600,2,D,PD,BB,D
10:19:28,INDF,RG,6600,1,F,ZP,BB,D
10:19:28,INDF,RG,6600,5,F,CS,BB,D
10:19:28,INDF,RG,6600,114,F,ZP,BB,D
10:19:27,INDF,RG,6625,2,D,PD,BB,D
10:19:11,INDF,RG,6600,1,F,ZP,BB,D
10:19:06,INDF,RG,6600,1,F,ZP,BB,D
10:19:06,INDF,RG,6600,1,F,ZP,XC,D
10:19:01,INDF,RG,6600,2,F,ZP,BB,D
10:19:01,INDF,RG,6625,2,D,PD,BB,D
10:18:52,INDF,RG,6625,2,D,PD,BB,D
10:18:42,INDF,RG,6600,4,F,ZP,BB,D
10:18:35,INDF,RG,6625,2,D,PD,BB,D
10:18:30,INDF,RG,6600,7,F,ZP,AK,F
10:18:24,INDF,RG,6600,2,F,ZP,BB,D
10:18:09,INDF,RG,6625,2,D,PD,BB,D
10:18:06,INDF,RG,6600,1,F,ZP,BB,D
10:17:59,INDF,RG,6600,1,F,ZP,XC,D
10:17:59,INDF,RG,6625,1,D,KK,BB,D
10:17:52,INDF,RG,6600,1,F,ZP,BB,D
10:17:43,INDF,RG,6600,2,F,ZP,BB,D
10:17:43,INDF,RG,6625,2,D,PD,BB,D
10:17:36,INDF,RG,6625,2,D,PD,BB,D
10:17:25,INDF,RG,6600,1,F,ZP,BB,D
10:17:17,INDF,RG,6625,2,D,PD,BB,D
10:17:16,INDF,RG,6600,3,F,ZP,BB,D
10:17:02,INDF,RG,6600,7,F,ZP,ZP,F
10:17:02,INDF,RG,6600,4,F,ZP,BB,D
10:16:51,INDF,RG,6625,2,D,PD,BB,D
10:16:42,INDF,RG,6600,2,F,ZP,BB,D
10:16:42,INDF,RG,6625,5,D,YP,BB,D
10:16:38,INDF,RG,6625,1,D,XL,BB,D
10:16:35,INDF,RG,6600,2,F,ZP,BB,D
10:16:25,INDF,RG,6625,2,D,PD,BB,D
10:16:20,INDF,RG,6625,2,D,PD,BB,D
10:16:16,INDF,RG,6600,2,F,ZP,BB,D
10:15:59,INDF,RG,6625,2,D,PD,BB,D
10:15:52,INDF,RG,6600,2,F,ZP,BB,D
10:15:34,INDF,RG,6625,2,D,PD,BB,D
10:15:31,INDF,RG,6600,1,F,ZP,BB,D
10:15:30,INDF,RG,6600,1,F,ZP,XC,D
10:15:15,INDF,RG,6600,5,F,ZP,BB,D
10:15:08,INDF,RG,6625,2,D,PD,BB,D
10:15:03,INDF,RG,6625,2,D,PD,BB,D
10:15:02,INDF,RG,6600,6,F,ZP,CC,D
10:15:00,INDF,RG,6600,1,F,ZP,AK,F
10:15:00,INDF,RG,6600,2,F,ZP,BB,D
10:14:42,INDF,RG,6600,1,F,ZP,BB,D
10:14:42,INDF,RG,6625,2,D,PD,BB,D
10:14:31,INDF,RG,6600,1,F,ZP,BB,D
10:14:17,INDF,RG,6600,1,F,ZP,BB,D
10:14:16,INDF,RG,6625,2,D,PD,BB,D
10:13:58,INDF,RG,6600,5,F,ZP,BB,D
10:13:55,INDF,RG,6625,1,D,CC,BB,D
10:13:50,INDF,RG,6625,2,D,PD,BB,D
10:13:45,INDF,RG,6600,8,F,ZP,ZP,F
10:13:44,INDF,RG,6600,18,F,ZP,BB,D
10:13:29,INDF,RG,6600,13,F,ZP,BB,D
10:13:29,INDF,RG,6625,1,D,BQ,BB,D
10:13:29,INDF,RG,6600,43,F,ZP,BB,D
10:13:21,INDF,RG,6600,7,F,ZP,ZP,F
10:13:21,INDF,RG,6600,12,F,ZP,AK,F
10:13:21,INDF,RG,6600,1,F,ZP,BB,D
10:13:21,INDF,RG,6600,8,F,ZP,AK,D
10:13:21,INDF,RG,6600,2,F,ZP,BB,D
10:13:21,INDF,RG,6600,2,F,ZP,BB,D
10:13:21,INDF,RG,6600,1,F,ZP,AK,F
10:13:21,INDF,RG,6600,1,F,ZP,AK,F
10:13:18,INDF,RG,6600,5,D,YP,AK,F
10:13:08,INDF,RG,6575,15,D,YP,BB,D
10:13:02,INDF,RG,6575,15,D,YP,ZP,F
10:13:01,INDF,RG,6600,5,F,CS,ZP,F
10:13:01,INDF,RG,6600,1,F,CS,ZP,F
10:13:01,INDF,RG,6600,1,D,NI,ZP,F
10:13:01,INDF,RG,6600,10,D,SQ,ZP,F
10:13:01,INDF,RG,6600,2,D,YP,ZP,F
10:13:01,INDF,RG,6600,1,D,PD,ZP,F
10:13:01,INDF,RG,6600,1,F,AK,ZP,F
10:13:00,INDF,RG,6600,3,F,AK,BB,D
10:13:00,INDF,RG,6600,1,F,ZP,BB,D
10:13:00,INDF,RG,6600,12,F,ZP,BB,D
10:13:00,INDF,RG,6600,2,D,PD,BB,D
10:13:00,INDF,RG,6600,2,D,PD,BB,D
10:13:00,INDF,RG,6600,2,F,ZP,BB,D
10:13:00,INDF,RG,6600,4,F,CS,BB,D
10:13:00,INDF,RG,6600,4,F,ZP,BB,D
10:13:00,INDF,RG,6600,5,F,ZP,BB,D
10:13:00,INDF,RG,6600,501,D,KI,BB,D
10:12:58,INDF,RG,6625,2,D,PD,BB,D
10:12:38,INDF,RG,6600,3,D,KI,BB,D
10:12:32,INDF,RG,6625,2,D,PD,BB,D
10:12:31,INDF,RG,6625,2,D,PD,BB,D
10:12:25,INDF,RG,6600,55,D,KI,BB,D
10:12:21,INDF,RG,6600,38,D,KI,ZP,F
10:12:21,INDF,RG,6600,24,D,KI,AK,F
10:12:21,INDF,RG,6600,10,D,KI,ZP,F
10:12:21,INDF,RG,6600,80,D,KI,LG,D
10:12:21,INDF,RG,6600,25,D,KI,ZP,F
10:12:21,INDF,RG,6600,65,D,KI,BB,D
10:12:21,INDF,RG,6600,67,D,KI,BB,D
10:12:21,INDF,RG,6600,1,D,KI,XC,D
10:12:21,INDF,RG,6600,8,D,KI,BB,D
10:12:21,INDF,RG,6600,68,D,KI,BK,F
10:12:21,INDF,RG,6600,29,D,KI,AK,D
10:12:21,INDF,RG,6600,8,D,KI,AK,D
10:12:21,INDF,RG,6600,7,D,KI,ZP,F
10:12:21,INDF,RG,6600,11,D,KI,ZP,F
10:12:07,INDF,RG,6575,7,D,YP,ZP,F
10:12:06,INDF,RG,6600,2,D,PD,ZP,F
10:12:01,INDF,RG,6600,8,D,PD,ZP,F
10:12:00,INDF,RG,6575,1,D,YP,AK,F
10:11:44,INDF,RG,6600,10,D,PD,ZP,F
10:11:40,INDF,RG,6600,2,D,PD,ZP,F
10:11:31,INDF,RG,6600,2,D,BQ,ZP,F
10:11:30,INDF,RG,6575,7,D,YP,AK,F
10:11:23,INDF,RG,6600,2,D,DR,ZP,F
10:11:23,INDF,RG,6600,5,D,DR,CC,F
10:11:23,INDF,RG,6600,1,D,DR,BB,D
10:11:23,INDF,RG,6600,1,D,DR,BB,D
10:11:23,INDF,RG,6600,1,D,DR,XC,D
10:11:14,INDF,RG,6600,2,D,PD,XC,D
10:10:43,INDF,RG,6575,18,D,YP,ZP,F
10:10:41,INDF,RG,6575,129,D,YP,BB,D
10:10:23,INDF,RG,6575,51,D,YP,ZP,F
10:10:23,INDF,RG,6600,2,F,AK,ZP,F
10:10:23,INDF,RG,6600,10,D,PD,BK,F
10:10:23,INDF,RG,6600,59,F,AK,BK,F
10:10:23,INDF,RG,6600,5,F,ZP,BK,F
10:10:23,INDF,RG,6600,5,F,CS,BK,F
10:10:23,INDF,RG,6600,1,D,XC,BK,F
10:10:23,INDF,RG,6600,2,F,CS,BK,F
10:10:23,INDF,RG,6600,3,F,CS,BK,F
10:10:23,INDF,RG,6600,10,F,ZP,BK,F
10:10:23,INDF,RG,6600,2,D,XL,BK,F
10:10:23,INDF,RG,6600,2,D,DR,BK,F
10:10:23,INDF,RG,6600,1,D,CC,BK,F
10:10:23,INDF,RG,6600,10,D,YP,BK,F
10:10:23,INDF,RG,6600,16,D,XC,BK,F
10:10:23,INDF,RG,6600,7,F,CS,BK,F
10:10:23,INDF,RG,6600,17,D,XL,BK,F
10:10:23,INDF,RG,6600,10,D,SQ,BK,F
10:10:23,INDF,RG,6600,3,F,ZP,BK,F
10:10:23,INDF,RG,6600,4,D,CC,BK,F
10:10:23,INDF,RG,6600,2,F,CS,BK,F
10:10:23,INDF,RG,6600,1,D,DH,BK,F
10:10:23,INDF,RG,6600,14,F,ZP,BK,F
10:10:23,INDF,RG,6600,1,D,XC,BK,F
10:10:23,INDF,RG,6600,1,D,SQ,BK,F
10:10:23,INDF,RG,6600,12,F,ZP,BK,F
10:10:23,INDF,RG,6600,92,D,PD,BK,F
10:10:22,INDF,RG,6600,22,D,PD,BB,D
10:10:22,INDF,RG,6600,9,F,ZP,BB,D
10:10:22,INDF,RG,6600,3,F,ZP,BB,D
10:10:22,INDF,RG,6600,1,D,XC,BB,D
10:10:22,INDF,RG,6600,7,F,CS,BB,D
10:10:22,INDF,RG,6600,1,D,XC,BB,D
10:10:22,INDF,RG,6600,15,D,BF,BB,D
10:10:22,INDF,RG,6600,9,F,ZP,BB,D
10:10:22,INDF,RG,6600,5,D,PD,BB,D
10:10:22,INDF,RG,6600,3,F,CS,BB,D
10:10:22,INDF,RG,6600,2,F,ZP,BB,D
10:10:22,INDF,RG,6600,2,F,CS,BB,D
10:10:22,INDF,RG,6600,16,D,PD,BB,D
10:10:22,INDF,RG,6600,2,D,PD,BB,D
10:10:22,INDF,RG,6600,2,F,AK,BB,D
10:10:22,INDF,RG,6600,2,D,PD,BB,D
10:10:22,INDF,RG,6600,5,D,PD,BB,D
10:10:22,INDF,RG,6600,26,F,ZP,BB,D
10:10:22,INDF,RG,6600,27,F,ZP,BB,D
10:10:22,INDF,RG,6600,12,F,ZP,BB,D
10:10:22,INDF,RG,6600,15,D,YP,BB,D
10:10:22,INDF,RG,6600,1,D,XL,BB,D
10:10:22,INDF,RG,6600,1,D,NI,BB,D
10:10:22,INDF,RG,6600,4,D,XL,BB,D
10:10:22,INDF,RG,6600,9,F,ZP,BB,D
10:10:22,INDF,RG,6600,31,F,YU,BB,D
10:10:22,INDF,RG,6625,2,D,PD,BB,D
10:10:19,INDF,RG,6600,7,F,YU,ZP,F
10:10:19,INDF,RG,6600,34,F,YU,BB,D
10:10:16,INDF,RG,6600,26,F,YU,AK,D
10:10:16,INDF,RG,6600,1,D,XC,AK,D
10:10:16,INDF,RG,6600,1,D,YP,AK,D
10:10:16,INDF,RG,6600,1,D,XC,AK,D
10:10:14,INDF,RG,6600,4,D,XC,ZP,F
10:10:14,INDF,RG,6600,4,D,CC,ZP,F
10:10:13,INDF,RG,6600,7,D,CC,ZP,F
10:10:13,INDF,RG,6600,2,F,AK,ZP,F
10:10:13,INDF,RG,6600,32,F,AK,ZP,F
10:10:13,INDF,RG,6600,10,D,KI,ZP,F
10:10:13,INDF,RG,6600,24,D,KI,BB,D
10:10:13,INDF,RG,6600,6,D,KI,BB,D
10:10:13,INDF,RG,6600,500,D,KI,YP,D
10:09:59,INDF,RG,6600,9,D,KI,ZP,F
10:09:59,INDF,RG,6625,2,D,PD,BB,D
10:09:59,INDF,RG,6600,46,D,KI,HP,D
10:09:56,INDF,RG,6600,5,D,KI,BB,D
10:09:56,INDF,RG,6625,2,D,PD,BB,D
10:09:53,INDF,RG,6600,8,D,KI,BB,D
10:09:53,INDF,RG,6600,12,D,KI,BB,D
10:09:45,INDF,RG,6600,17,D,KI,ZP,F
10:09:45,INDF,RG,6600,159,D,KI,BB,D
10:09:38,INDF,RG,6600,3,D,KI,BB,D
10:09:34,INDF,RG,6600,8,D,KI,ZP,F
10:09:34,INDF,RG,6600,34,D,KI,ZP,F
10:09:34,INDF,RG,6600,42,D,KI,AK,F
10:09:34,INDF,RG,6600,6,D,KI,AK,F
10:09:33,INDF,RG,6600,111,D,KI,BB,D
10:09:33,INDF,RG,6600,9,F,BK,BB,D
10:09:33,INDF,RG,6600,1,D,PC,BB,D
10:09:33,INDF,RG,6600,12,D,XL,BB,D
10:09:33,INDF,RG,6600,10,F,ZP,BB,D
10:09:33,INDF,RG,6600,3,D,PD,BB,D
10:09:33,INDF,RG,6600,1,D,XL,BB,D
10:09:33,INDF,RG,6600,130,F,YU,BB,D
10:09:33,INDF,RG,6600,1,D,PD,BB,D
10:09:33,INDF,RG,6600,5,D,PD,BB,D
10:09:33,INDF,RG,6600,10,F,AG,BB,D
10:09:33,INDF,RG,6600,1,D,NI,BB,D
10:09:33,INDF,RG,6600,30,D,GR,BB,D
10:09:33,INDF,RG,6600,9,D,DH,BB,D
10:09:31,INDF,RG,6600,7,D,DH,ZP,F
10:09:30,INDF,RG,6600,2,D,DH,BB,D
10:09:30,INDF,RG,6625,2,D,PD,BB,D
10:09:23,INDF,RG,6600,2,D,DH,BB,D
10:09:15,INDF,RG,6600,2,D,DH,BB,D
10:09:15,INDF,RG,6600,1,D,DH,AK,F
10:09:15,INDF,RG,6600,1,D,DH,AK,F
10:09:04,INDF,RG,6600,2,D,DH,BB,D
10:09:04,INDF,RG,6625,2,D,PD,BB,D
10:08:55,INDF,RG,6600,6,D,DH,BB,D
10:08:47,INDF,RG,6625,1,D,XL,BB,D
10:08:45,INDF,RG,6600,7,D,DH,AK,F
10:08:43,INDF,RG,6625,2,D,PD,BB,D
10:08:38,INDF,RG,6600,2,D,DH,BB,D
10:08:38,INDF,RG,6625,2,D,PD,BB,D
10:08:30,INDF,RG,6600,1,D,DH,BB,D
10:08:30,INDF,RG,6600,2,D,DH,XC,D
10:08:22,INDF,RG,6600,2,D,DH,BB,D
10:08:12,INDF,RG,6600,2,D,DH,BB,D
10:08:12,INDF,RG,6625,2,D,PD,BB,D
10:08:06,INDF,RG,6600,5,D,DH,BB,D
10:07:47,INDF,RG,6625,5,F,AK,BB,D
10:07:46,INDF,RG,6600,1,D,DH,BB,D
10:07:46,INDF,RG,6625,2,D,PD,BB,D
10:07:37,INDF,RG,6600,2,D,DH,BB,D
10:07:27,INDF,RG,6600,4,D,DH,BB,D
10:07:27,INDF,RG,6625,2,D,PD,BB,D
10:07:21,INDF,RG,6600,7,D,DH,ZP,F
10:07:20,INDF,RG,6600,1,D,DH,BB,D
10:07:20,INDF,RG,6625,2,D,PD,BB,D
10:07:15,INDF,RG,6600,2,D,DH,BB,D
10:07:05,INDF,RG,6600,1,D,DH,BB,D
10:06:54,INDF,RG,6625,2,D,PD,BB,D
10:06:52,INDF,RG,6600,6,D,DH,BB,D
10:06:28,INDF,RG,6600,1,D,DH,BB,D
10:06:28,INDF,RG,6625,2,D,PD,BB,D
10:06:21,INDF,RG,6600,2,D,DH,BB,D
10:06:11,INDF,RG,6600,4,D,DH,BB,D
10:06:11,INDF,RG,6625,2,D,PD,BB,D
10:06:02,INDF,RG,6600,5,D,DH,PD,D
10:06:02,INDF,RG,6625,2,D,PD,BB,D
10:06:01,INDF,RG,6600,7,D,DH,BB,D
10:05:53,INDF,RG,6625,10,D,YB,BB,D
10:05:45,INDF,RG,6600,1,D,DH,BB,D
10:05:45,INDF,RG,6600,1,D,DH,AK,F
10:05:36,INDF,RG,6600,8,D,DH,BB,D
10:05:36,INDF,RG,6625,2,D,PD,BB,D
10:05:10,INDF,RG,6625,2,D,PD,BB,D
10:05:10,INDF,RG,6600,7,D,DH,ZP,F
10:05:06,INDF,RG,6600,3,D,DH,BB,D
10:04:55,INDF,RG,6600,1,D,DH,BB,D
10:04:55,INDF,RG,6625,2,D,PD,BB,D
10:04:45,INDF,RG,6600,5,D,DH,BB,D
10:04:45,INDF,RG,6625,2,D,PD,BB,D
10:04:35,INDF,RG,6600,1,D,DH,BB,D
10:04:35,INDF,RG,6600,6,D,DH,XL,D
10:04:20,INDF,RG,6600,6,D,DH,BB,D
10:04:19,INDF,RG,6625,2,D,PD,BB,D
10:04:15,INDF,RG,6600,2,D,DH,BB,D
10:04:15,INDF,RG,6600,11,D,DH,AK,F
10:04:10,INDF,RG,6600,1,D,DH,BB,D
10:04:01,INDF,RG,6600,2,D,DH,BB,D
10:03:54,INDF,RG,6625,2,D,XC,BB,D
10:03:53,INDF,RG,6600,2,D,DH,BB,D
10:03:53,INDF,RG,6625,2,D,PD,BB,D
10:03:50,INDF,RG,6600,3,D,DH,BB,D
10:03:39,INDF,RG,6625,2,D,PD,BB,D
10:03:35,INDF,RG,6600,2,D,DH,BB,D
10:03:27,INDF,RG,6600,5,D,DH,BB,D
10:03:27,INDF,RG,6625,2,D,PD,BB,D
10:03:16,INDF,RG,6600,7,D,DH,ZP,F
10:03:15,INDF,RG,6600,3,D,DH,BB,D
10:03:15,INDF,RG,6600,1,D,DH,AK,F
10:03:15,INDF,RG,6600,1,D,DH,AK,F
10:03:01,INDF,RG,6625,2,D,PD,BB,D
10:03:01,INDF,RG,6600,4,D,DH,BB,D
10:02:35,INDF,RG,6600,5,D,DH,BB,D
10:02:35,INDF,RG,6625,2,D,PD,BB,D
10:02:30,INDF,RG,6600,6,D,DH,AK,F
10:02:23,INDF,RG,6600,4,D,DH,BB,D
10:02:23,INDF,RG,6625,2,D,PD,BB,D
10:02:09,INDF,RG,6600,5,D,DH,BB,D
10:02:09,INDF,RG,6625,2,D,PD,BB,D
10:01:54,INDF,RG,6625,4,D,XL,BB,D
10:01:51,INDF,RG,6600,3,D,DH,BB,D
10:01:43,INDF,RG,6625,2,D,PD,BB,D
10:01:32,INDF,RG,6600,2,D,DH,BB,D
10:01:28,INDF,RG,6600,3,D,DH,BB,D
10:01:17,INDF,RG,6625,2,D,PD,BB,D
10:01:07,INDF,RG,6600,6,D,DH,BB,D
10:01:07,INDF,RG,6625,2,D,PD,BB,D
10:01:05,INDF,RG,6600,1,D,DH,XC,D
10:00:55,INDF,RG,6600,2,D,DH,BB,D
10:00:55,INDF,RG,6600,6,D,DH,ZP,F
10:00:55,INDF,RG,6600,1,F,ZP,ZP,F
10:00:51,INDF,RG,6600,1,D,CC,BB,D
10:00:51,INDF,RG,6625,2,D,PD,BB,D
10:00:41,INDF,RG,6600,1,F,ZP,BB,D
10:00:31,INDF,RG,6600,2,F,ZP,BB,D
10:00:25,INDF,RG,6600,2,F,ZP,BB,D
10:00:25,INDF,RG,6600,3,F,ZP,BB,D
10:00:25,INDF,RG,6600,1,D,XC,BB,D
10:00:25,INDF,RG,6600,1,D,IF,BB,D
10:00:25,INDF,RG,6600,1,D,YP,BB,D
10:00:25,INDF,RG,6625,2,D,PD,BB,D
10:00:03,INDF,RG,6625,2,D,PD,BB,D
10:00:00,INDF,RG,6600,1,D,YP,AK,F
09:59:59,INDF,RG,6600,7,D,YP,BB,D
09:59:59,INDF,RG,6625,2,D,PD,BB,D
09:59:46,INDF,RG,6600,1,D,YP,AK,D
09:59:46,INDF,RG,6600,1,F,ZP,AK,D
09:59:46,INDF,RG,6600,1,D,NI,AK,D
09:59:46,INDF,RG,6600,3,D,PD,AK,D
09:59:46,INDF,RG,6600,2,F,ZP,AK,D
09:59:45,INDF,RG,6600,1,F,ZP,BB,D
09:59:45,INDF,RG,6600,5,F,ZP,AK,F
09:59:33,INDF,RG,6600,1,F,ZP,BB,D
09:59:33,INDF,RG,6600,1,F,ZP,BB,D
09:59:33,INDF,RG,6600,2,F,AK,BB,D
09:59:33,INDF,RG,6600,1,F,YU,BB,D
09:59:28,INDF,RG,6600,4,F,YU,YP,D
09:59:27,INDF,RG,6600,2,F,YU,YP,D
09:59:21,INDF,RG,6600,5,F,YU,BB,D
09:59:15,INDF,RG,6600,12,F,YU,ZP,F
09:59:15,INDF,RG,6600,64,F,YU,BB,D
09:59:15,INDF,RG,6600,2,F,ZP,BB,D
09:59:15,INDF,RG,6600,2,D,PD,BB,D
09:59:15,INDF,RG,6600,2,D,PD,BB,D
09:59:15,INDF,RG,6600,2,F,ZP,BB,D
09:59:15,INDF,RG,6600,5,F,ZP,BB,D
09:59:15,INDF,RG,6600,7,D,YB,BB,D
09:59:13,INDF,RG,6600,31,D,YB,ZP,F
09:59:13,INDF,RG,6600,291,D,YB,BB,D
09:59:07,INDF,RG,6625,2,D,PD,BB,D
09:58:41,INDF,RG,6625,2,D,PD,BB,D
09:58:35,INDF,RG,6625,2,D,PD,BB,D
09:58:15,INDF,RG,6625,2,D,PD,BB,D
09:57:49,INDF,RG,6625,2,D,PD,BB,D
09:57:45,INDF,RG,6600,5,D,YB,AK,F
09:57:23,INDF,RG,6625,2,D,PD,BB,D
09:57:20,INDF,RG,6600,7,D,YB,ZP,F
09:57:19,INDF,RG,6625,2,D,PD,BB,D
09:57:00,INDF,RG,6600,1,D,YB,AK,F
09:56:58,INDF,RG,6600,1,D,YB,AK,F
09:56:57,INDF,RG,6625,2,D,PD,BB,D
09:56:31,INDF,RG,6625,2,D,PD,BB,D
09:56:06,INDF,RG,6600,1,D,YB,YP,D
09:56:05,INDF,RG,6625,2,D,PD,BB,D
09:56:03,INDF,RG,6625,2,D,PD,BB,D
09:55:39,INDF,RG,6625,2,D,PD,BB,D
09:55:30,INDF,RG,6600,5,D,YB,AK,F
09:55:23,INDF,RG,6600,10,D,YB,DX,D
09:55:13,INDF,RG,6625,2,D,PD,BB,D
09:55:05,INDF,RG,6625,1,D,PD,BB,D
09:54:47,INDF,RG,6625,1,D,PD,BB,D
09:54:47,INDF,RG,6625,1,D,PD,BK,F
09:54:47,INDF,RG,6625,2,D,PD,BK,F
09:54:21,INDF,RG,6625,2,D,PD,BK,F
09:53:55,INDF,RG,6625,2,D,PD,BK,F
09:53:45,INDF,RG,6600,1,D,YB,AK,F
09:53:31,INDF,RG,6625,2,D,PD,BK,F
09:53:30,INDF,RG,6625,2,D,PD,BK,F
09:53:04,INDF,RG,6625,2,D,PD,BK,F
09:53:00,INDF,RG,6600,6,D,YB,AK,F
09:52:38,INDF,RG,6625,2,D,PD,BK,F
09:52:14,INDF,RG,6625,2,D,PD,BK,F
09:52:12,INDF,RG,6625,2,D,PD,BK,F
09:51:46,INDF,RG,6625,2,D,PD,BK,F
09:51:26,INDF,RG,6625,1,D,XC,BK,F
09:51:20,INDF,RG,6625,2,D,PD,BK,F
09:50:58,INDF,RG,6625,2,D,PD,BK,F
09:50:54,INDF,RG,6625,2,D,PD,BK,F
09:50:29,INDF,RG,6600,1,D,YB,AK,F
09:50:28,INDF,RG,6625,2,D,PD,BK,F
09:50:02,INDF,RG,6625,2,D,PD,BK,F
09:49:42,INDF,RG,6625,2,D,PD,BK,F
09:49:36,INDF,RG,6625,2,D,PD,BK,F
09:49:22,INDF,RG,6625,1,D,NI,BK,F
