Time,Stock,Brd,Price,Qty,BT,BC,SC,ST
15:14:25,INDF,RG,5950,5,D,CC,YU,F
15:14:18,INDF,RG,5950,4,D,CC,YU,F
15:14:09,INDF,RG,5950,3,D,PD,YU,F
15:14:04,INDF,RG,5950,2,D,SQ,YU,F
15:14:02,INDF,RG,5950,43,D,SQ,YU,F
15:14:02,INDF,RG,5950,5,D,SQ,CC,D
15:14:02,INDF,RG,5950,2,D,SQ,YU,F
15:13:54,INDF,RG,5950,2,D,PD,YU,F
15:13:39,INDF,RG,5950,247,D,KK,YU,F
15:13:39,INDF,RG,5950,251,D,KK,YU,F
15:13:39,INDF,RG,5950,2,D,KK,YU,F
15:13:28,INDF,RG,5950,100,D,ZP,YU,F
15:13:07,INDF,RG,5950,1,D,PD,YU,F
15:12:54,INDF,RG,5950,1,D,YP,YU,F
15:12:01,INDF,RG,5950,21,D,YP,YU,F
15:12:01,INDF,RG,5950,1,D,YP,KK,D
15:12:01,INDF,RG,5950,2,D,YP,XC,D
15:12:01,INDF,RG,5950,1,D,YP,XC,D
15:11:47,INDF,RG,5950,1,D,KK,XC,D
15:11:16,INDF,RG,5950,4,D,NI,XC,D
15:11:16,INDF,RG,5950,26,D,NI,PD,D
15:10:50,INDF,RG,5950,1,D,YP,PD,D
15:10:50,INDF,RG,5950,10,D,ES,PD,D
15:10:45,INDF,RG,5950,4,D,YP,PD,D
15:10:30,INDF,RG,5950,31,D,ES,PD,D
15:10:30,INDF,RG,5950,1,D,ES,CC,D
15:10:30,INDF,RG,5950,10,D,ES,YP,D
15:10:30,INDF,RG,5950,5,D,ES,DR,D
15:10:30,INDF,RG,5950,3,D,ES,PD,D
15:10:30,INDF,RG,5950,2,D,CC,PD,D
15:10:18,INDF,RG,5950,1,D,CC,PD,D
15:10:15,INDF,RG,5950,1,D,SQ,PD,D
15:10:09,INDF,RG,5950,1,D,YP,PD,D
15:10:09,INDF,RG,5950,1,D,SQ,PD,D
15:10:08,INDF,RG,5950,1,D,YP,PD,D
15:10:07,INDF,RG,5950,10,D,CC,PD,D
15:10:03,INDF,RG,5950,1,D,SQ,HP,D
15:10:01,INDF,RG,5950,1,D,CC,HP,D
15:09:57,INDF,RG,5950,1,D,SQ,HP,D
15:09:54,INDF,RG,5950,1,D,YP,HP,D
15:09:45,INDF,RG,5950,4,D,CC,HP,D
15:09:31,INDF,RG,5950,1,D,SQ,HP,D
15:09:24,INDF,RG,5950,5,D,PD,HP,D
15:09:21,INDF,RG,5950,1,D,PD,HP,D
15:09:01,INDF,RG,5950,3,D,CC,HP,D
15:08:55,INDF,RG,5950,3,D,XC,HP,D
15:08:49,INDF,RG,5950,2,D,YP,HP,D
15:08:48,INDF,RG,5950,1,D,PD,HP,D
15:08:46,INDF,RG,5950,2,D,CC,HP,D
15:08:28,INDF,RG,5950,3,D,CC,HP,D
15:08:20,INDF,RG,5950,7,D,KK,HP,D
15:08:20,INDF,RG,5950,9,D,KK,CC,D
15:08:16,INDF,RG,5950,1,D,CC,CC,D
15:08:16,INDF,RG,5950,1,D,CC,YP,D
15:07:54,INDF,RG,5950,1,D,SQ,CS,F
15:07:53,INDF,RG,5950,1,D,CC,CS,F
15:07:44,INDF,RG,5950,10,D,YP,CS,F
15:07:43,INDF,RG,5950,40,D,YP,CS,F
15:07:08,INDF,RG,5950,40,D,YP,CS,F
15:07:00,INDF,RG,5950,20,D,YP,CS,F
15:06:53,INDF,RG,5950,4,D,XL,CS,F
15:06:49,INDF,RG,5950,1,D,XC,CS,F
15:06:35,INDF,RG,5950,1,D,PD,CS,F
15:06:05,INDF,RG,5950,1,D,PD,CS,F
15:05:59,INDF,RG,5950,10,D,YP,CS,F
15:05:50,INDF,RG,5950,1,D,PD,CS,F
15:05:47,INDF,RG,5950,2,D,CC,CS,F
15:05:42,INDF,RG,5950,1,D,KK,CS,F
15:05:31,INDF,RG,5950,8,D,KK,CS,F
15:05:26,INDF,RG,5950,2,D,YP,CS,F
15:05:19,INDF,RG,5950,1,D,YP,CS,F
15:05:16,INDF,RG,5950,1,D,CC,CS,F
15:05:03,INDF,RG,5950,3,D,CC,CS,F
15:04:49,INDF,RG,5950,169,D,LG,CS,F
15:04:46,INDF,RG,5950,1,D,CC,CS,F
15:04:42,INDF,RG,5950,1,D,SQ,CS,F
15:04:39,INDF,RG,5950,2,D,CC,CS,F
15:04:38,INDF,RG,5950,10,D,PD,CS,F
15:04:30,INDF,RG,5950,375,D,CC,CS,F
15:04:30,INDF,RG,5950,1,D,CC,YP,D
15:04:30,INDF,RG,5950,42,D,CC,AI,D
15:04:29,INDF,RG,5950,2,D,CC,AI,D
15:04:22,INDF,RG,5950,1,D,YP,AI,D
15:04:01,INDF,RG,5950,5,D,PD,AI,D
15:03:53,INDF,RG,5950,1,D,NI,AI,D
15:03:39,INDF,RG,5950,5,D,YP,AI,D
15:03:37,INDF,RG,5950,1,D,PD,AI,D
15:03:29,INDF,RG,5950,1,D,ZP,AI,D
15:03:26,INDF,RG,5950,4,D,CC,AI,D
15:03:21,INDF,RG,5950,1,D,XC,AI,D
15:03:21,INDF,RG,5950,4,D,YP,AI,D
15:03:20,INDF,RG,5950,50,D,PD,AI,D
15:03:14,INDF,RG,5950,1,D,XC,AI,D
15:03:06,INDF,RG,5950,10,D,IP,AI,D
15:03:05,INDF,RG,5950,1,D,CC,AI,D
15:02:58,INDF,RG,5950,40,D,YP,AI,D
15:02:45,INDF,RG,5950,5,D,CC,AI,D
15:02:38,INDF,RG,5950,1,D,YP,AI,D
15:02:26,INDF,RG,5950,1,D,PD,AI,D
15:01:58,INDF,RG,5950,2,D,NI,AI,D
15:01:49,INDF,RG,5950,5,D,IF,AI,D
15:01:46,INDF,RG,5950,1,D,CC,AI,D
15:01:19,INDF,RG,5950,40,D,PD,AI,D
15:01:09,INDF,RG,5950,30,D,KK,AI,D
15:01:00,INDF,RG,5950,5,D,PD,AI,D
15:00:00,INDF,RG,5950,10,D,PD,AI,D
15:00:00,INDF,RG,5950,50,D,YP,AI,D
15:00:00,INDF,RG,5950,20,D,PD,AI,D
15:00:00,INDF,RG,5950,2,D,YP,AI,D
15:00:00,INDF,RG,5950,1,D,XL,AI,D
15:00:00,INDF,RG,5950,1,D,CC,AI,D
15:00:00,INDF,RG,5950,8,D,YP,AI,D
15:00:00,INDF,RG,5950,25,D,DR,AI,D
15:00:00,INDF,RG,5950,24,D,PD,AI,D
15:00:00,INDF,RG,5950,1,D,PD,XC,D
15:00:00,INDF,RG,5950,2,D,KK,XC,D
15:00:00,INDF,RG,5950,4,D,XC,XC,D
15:00:00,INDF,RG,5950,9,D,YP,XC,D
15:00:00,INDF,RG,5950,1,D,YP,YP,D
15:00:00,INDF,RG,5950,3,D,YP,NI,D
15:00:00,INDF,RG,5950,1,D,YP,YP,D
15:00:00,INDF,RG,5950,1,D,SQ,YP,D
15:00:00,INDF,RG,5950,3,D,SQ,CD,D
15:00:00,INDF,RG,5950,3,D,SQ,XC,D
15:00:00,INDF,RG,5950,10,D,SQ,YP,D
15:00:00,INDF,RG,5950,10,D,SQ,CC,D
15:00:00,INDF,RG,5950,1,D,SQ,XL,D
15:00:00,INDF,RG,5950,5,D,PD,XL,D
15:00:00,INDF,RG,5950,2,D,XL,XL,D
15:00:00,INDF,RG,5950,10,D,YP,XL,D
15:00:00,INDF,RG,5950,2,D,XL,XL,D
15:00:00,INDF,RG,5950,2,D,KK,XL,D
15:00:00,INDF,RG,5950,32,F,YU,XL,D
15:00:00,INDF,RG,5950,5,F,YU,XC,D
15:00:00,INDF,RG,5950,9,F,YU,PD,D
15:00:00,INDF,RG,5950,80,F,YU,NI,D
15:00:00,INDF,RG,5950,60,F,YU,PD,D
15:00:00,INDF,RG,5950,10,F,YU,KK,D
15:00:00,INDF,RG,5950,83,F,YU,EP,D
15:00:00,INDF,RG,5950,5,D,SQ,EP,D
15:00:00,INDF,RG,5950,121,D,YP,EP,D
15:00:00,INDF,RG,5950,3,D,NI,EP,D
15:00:00,INDF,RG,5950,1,D,PD,EP,D
15:00:00,INDF,RG,5950,17,D,PD,EP,D
15:00:00,INDF,RG,5950,1,D,PD,EP,D
15:00:00,INDF,RG,5950,1,D,XC,EP,D
15:00:00,INDF,RG,5950,5,D,CC,EP,D
15:00:00,INDF,RG,5950,9,D,YP,EP,D
15:00:00,INDF,RG,5950,20,D,YP,EP,D
15:00:00,INDF,RG,5950,171,F,KZ,EP,D
15:00:00,INDF,RG,5950,1,D,HP,EP,D
15:00:00,INDF,RG,5950,62,F,ZP,EP,D
15:00:00,INDF,RG,5950,7,F,ZP,PD,D
15:00:00,INDF,RG,5950,25,F,ZP,YP,D
15:00:00,INDF,RG,5950,50,F,ZP,YP,D
15:00:00,INDF,RG,5950,290,F,ZP,PD,D
15:00:00,INDF,RG,5950,30,F,ZP,ZP,D
15:00:00,INDF,RG,5950,6,F,ZP,XC,D
15:00:00,INDF,RG,5950,10,F,ZP,DR,D
15:00:00,INDF,RG,5950,100,F,ZP,DR,D
15:00:00,INDF,RG,5950,1,F,ZP,HP,D
15:00:00,INDF,RG,5950,9,F,ZP,YP,D
15:00:00,INDF,RG,5950,200,F,ZP,YP,D
15:00:00,INDF,RG,5950,685,F,ZP,ZP,F
15:00:00,INDF,RG,5950,1,F,ZP,PD,D
15:00:00,INDF,RG,5950,135,F,ZP,BK,F
15:00:00,INDF,RG,5950,1,F,ZP,BK,F
15:00:00,INDF,RG,5950,632,F,ZP,BK,F
15:00:00,INDF,RG,5950,691,F,DX,BK,F
15:00:00,INDF,RG,5950,34,F,DX,ZP,F
15:00:00,INDF,RG,5950,63,F,DX,AK,F
15:00:00,INDF,RG,5950,19,F,DX,BK,F
15:00:00,INDF,RG,5950,1363,F,DX,BK,F
15:00:00,INDF,RG,5950,28,F,DX,CS,F
15:00:00,INDF,RG,5950,384,F,DX,KZ,D
15:00:00,INDF,RG,5950,11,F,DX,DX,F
15:00:00,INDF,RG,5950,567,F,ZP,DX,F
15:00:00,INDF,RG,5950,33,F,ZP,DX,F
15:00:00,INDF,RG,5950,188,F,ZP,AK,F
15:00:00,INDF,RG,5950,1078,F,ZP,YU,F
15:00:00,INDF,RG,5950,1060,F,ZP,CS,F
15:00:00,INDF,RG,5950,700,F,ZP,CS,F
15:00:00,INDF,RG,5950,608,F,ZP,CS,F
15:00:00,INDF,RG,5950,187,F,ZP,CS,F
15:00:00,INDF,RG,5950,293,F,ZP,ZP,F
15:00:00,INDF,RG,5950,97,F,ZP,ZP,F
15:00:00,INDF,RG,5950,33,F,BK,ZP,F
15:00:00,INDF,RG,5950,26,F,BK,ZP,F
15:00:00,INDF,RG,5950,3,F,CS,ZP,F
15:00:00,INDF,RG,5950,77,F,CS,YU,D
15:00:00,INDF,RG,5950,71,F,AK,YU,D
15:00:00,INDF,RG,5950,129,F,AK,YU,D
15:00:00,INDF,RG,5950,5,F,AK,AK,F
15:00:00,INDF,RG,5950,8,F,AK,AK,F
15:00:00,INDF,RG,5950,966,F,AK,YU,F
15:00:00,INDF,RG,5950,489,F,AK,CC,D
15:00:00,INDF,RG,5950,734,F,AK,PD,D
15:00:00,INDF,RG,5950,16,F,AK,AK,F
15:00:00,INDF,RG,5950,11,F,AK,AK,F
15:00:00,INDF,RG,5950,7,F,AK,PD,D
15:00:00,INDF,RG,5950,68,F,AK,PD,D
15:00:00,INDF,RG,5950,1,F,AK,PD,D
15:00:00,INDF,RG,5950,1,F,AK,PD,D
15:00:00,INDF,RG,5950,1323,F,YU,PD,D
15:00:00,INDF,RG,5950,766,F,YU,YU,D
15:00:00,INDF,RG,5950,1,F,ZP,YU,D
14:49:59,INDF,RG,5975,1,F,AK,YP,D
14:49:58,INDF,RG,5950,1,F,YU,ZP,F
14:49:58,INDF,RG,5975,1,F,ZP,YP,D
14:49:57,INDF,RG,5950,20,F,YU,BK,F
14:49:56,INDF,RG,5975,1,F,ZP,YP,D
14:49:56,INDF,RG,5975,2,D,CC,YP,D
14:49:56,INDF,RG,5950,15,F,YU,DX,F
14:49:53,INDF,RG,5950,1,F,YU,ZP,F
14:49:52,INDF,RG,5975,1,F,ZP,YP,D
14:49:51,INDF,RG,5975,20,D,YP,YP,D
14:49:50,INDF,RG,5975,4,F,ZP,YP,D
14:49:46,INDF,RG,5950,1,F,YU,AK,F
14:49:45,INDF,RG,5950,1,F,YU,AK,F
14:49:43,INDF,RG,5950,1,F,YU,ZP,F
14:49:41,INDF,RG,5975,6,F,ZP,YP,D
14:49:37,INDF,RG,5950,7,F,YU,BK,F
14:49:36,INDF,RG,5975,1,D,CC,YP,D
14:49:34,INDF,RG,5950,1,F,YU,NI,D
14:49:33,INDF,RG,5950,7,F,YU,RX,D
14:49:33,INDF,RG,5950,14,F,YU,RX,D
14:49:33,INDF,RG,5950,1,F,YU,RX,D
14:49:30,INDF,RG,5950,1,F,YU,AK,F
14:49:30,INDF,RG,5975,13,F,AK,YP,D
14:49:30,INDF,RG,5975,2,F,AK,YP,D
14:49:29,INDF,RG,5950,5,F,YU,RX,D
14:49:28,INDF,RG,5950,9,F,YU,BK,F
14:49:26,INDF,RG,5975,17,F,ZP,YP,D
14:49:26,INDF,RG,5975,1,F,KZ,YP,D
14:49:23,INDF,RG,5950,10,F,YU,SQ,D
14:49:22,INDF,RG,5950,9,F,YU,BK,F
14:49:21,INDF,RG,5975,36,F,ZP,YP,D
14:49:21,INDF,RG,5975,45,F,ZP,YP,D
14:49:18,INDF,RG,5950,9,F,YU,RX,D
14:49:17,INDF,RG,5950,10,F,YU,BB,D
14:49:16,INDF,RG,5950,29,F,YU,BB,D
14:49:16,INDF,RG,5950,1,F,YU,AK,F
14:49:15,INDF,RG,5950,1,F,YU,AK,F
14:49:15,INDF,RG,5975,8,F,AK,YP,D
14:49:14,INDF,RG,5950,3,F,YU,BB,D
14:49:13,INDF,RG,5950,1,F,YU,BB,D
14:49:12,INDF,RG,5950,9,F,YU,BB,D
14:49:12,INDF,RG,5950,1,F,YU,BB,D
14:49:11,INDF,RG,5950,2,F,YU,BB,D
14:49:05,INDF,RG,5950,4,F,YU,BB,D
14:49:04,INDF,RG,5950,2,F,YU,BK,F
14:49:01,INDF,RG,5950,2,F,YU,BB,D
14:49:00,INDF,RG,5975,3,F,AK,YP,D
14:48:58,INDF,RG,5950,10,F,YU,BB,D
14:48:54,INDF,RG,5950,1,F,YU,PD,D
14:48:54,INDF,RG,5950,2,F,YU,BB,D
14:48:51,INDF,RG,5950,1,F,YU,BB,D
14:48:48,INDF,RG,5950,1,F,YU,PD,D
14:48:47,INDF,RG,5950,3,F,YU,BB,D
14:48:45,INDF,RG,5975,8,F,AK,YP,D
14:48:45,INDF,RG,5975,5,F,AK,YP,D
14:48:44,INDF,RG,5950,8,F,YU,BB,D
14:48:33,INDF,RG,5950,25,F,YU,PD,D
14:48:33,INDF,RG,5950,5,F,YU,BB,D
14:48:33,INDF,RG,5950,3,F,YU,BB,D
14:48:24,INDF,RG,5950,5,F,YU,BB,D
14:48:24,INDF,RG,5975,25,F,KZ,YP,D
14:48:22,INDF,RG,5950,2,F,YU,BB,D
14:48:17,INDF,RG,5950,4,F,YU,BB,D
14:48:17,INDF,RG,5950,2,F,YU,BB,D
14:48:10,INDF,RG,5950,7,F,YU,BB,D
14:48:09,INDF,RG,5975,1,F,KZ,YP,D
14:48:09,INDF,RG,5975,3,F,KZ,YP,D
14:48:07,INDF,RG,5975,1,F,KZ,YP,D
14:48:06,INDF,RG,5975,60,F,ZP,YP,D
14:48:04,INDF,RG,5975,4,F,ZP,YP,D
14:48:04,INDF,RG,5950,18,F,YU,BB,D
14:48:03,INDF,RG,5975,2,F,KZ,YP,D
14:48:01,INDF,RG,5975,34,F,KZ,YP,D
14:48:01,INDF,RG,5950,59,F,YU,BB,D
14:48:00,INDF,RG,5975,18,F,KZ,YP,D
14:48:00,INDF,RG,5975,1,F,KZ,YP,D
14:48:00,INDF,RG,5975,60,F,KZ,YP,D
14:48:00,INDF,RG,5975,1,F,KZ,YP,D
14:48:00,INDF,RG,5975,12,F,KZ,YP,D
14:48:00,INDF,RG,5975,85,F,KZ,YP,D
14:48:00,INDF,RG,5975,15,F,AK,YP,D
14:47:46,INDF,RG,5950,80,F,YU,PD,D
14:47:45,INDF,RG,5950,87,F,YU,AK,F
14:47:45,INDF,RG,5975,6,F,ZP,YP,D
14:47:45,INDF,RG,5950,507,F,YU,CS,F
14:47:45,INDF,RG,5950,126,F,YU,CS,F
14:47:45,INDF,RG,5950,1,F,YU,NI,D
14:47:45,INDF,RG,5950,2,F,YU,EP,D
14:47:45,INDF,RG,5950,4,F,YU,CC,D
14:47:45,INDF,RG,5950,1,F,YU,BB,D
14:47:45,INDF,RG,5950,7,F,YU,RX,D
14:47:45,INDF,RG,5950,2,F,YU,AK,F
14:47:45,INDF,RG,5950,2,F,YU,AK,F
14:47:45,INDF,RG,5950,1,F,YU,AK,F
14:47:45,INDF,RG,5950,1,F,YU,AK,F
14:47:45,INDF,RG,5950,2,F,YU,AK,F
14:47:45,INDF,RG,5950,2,F,YU,AK,F
14:47:45,INDF,RG,5950,10,F,YU,EP,D
14:47:45,INDF,RG,5950,1,F,YU,BK,F
14:47:45,INDF,RG,5950,18,F,YU,PD,D
14:47:45,INDF,RG,5950,22,F,YU,BB,D
14:47:45,INDF,RG,5950,9,F,YU,BB,D
14:47:45,INDF,RG,5950,10,F,YU,PD,D
14:47:45,INDF,RG,5950,11,F,YU,RX,D
14:47:45,INDF,RG,5950,17,F,YU,EP,D
14:47:45,INDF,RG,5950,17,F,YU,RX,D
14:47:45,INDF,RG,5950,1,F,YU,RX,D
14:47:45,INDF,RG,5950,1,F,YU,AK,F
14:47:45,INDF,RG,5950,1,F,YU,AK,F
14:47:45,INDF,RG,5950,250,F,YU,YP,D
14:47:45,INDF,RG,5950,36,F,YU,DX,F
14:47:45,INDF,RG,5950,10,F,YU,YP,D
14:47:45,INDF,RG,5950,1,F,YU,NI,D
14:47:45,INDF,RG,5950,299,F,YU,AK,F
14:47:45,INDF,RG,5950,17,F,YU,CC,D
14:47:45,INDF,RG,5950,400,F,YU,YU,D
14:47:45,INDF,RG,5950,300,F,YU,YU,D
14:47:45,INDF,RG,5950,30,F,YU,YU,D
14:47:45,INDF,RG,5950,10,F,YU,YU,D
14:47:45,INDF,RG,5950,50,F,YU,YU,D
14:47:45,INDF,RG,5950,200,F,YU,YU,D
14:47:45,INDF,RG,5950,20,F,YU,NI,D
14:47:45,INDF,RG,5950,171,F,YU,DX,F
14:47:45,INDF,RG,5950,10,F,YU,KK,D
14:47:45,INDF,RG,5950,5,F,YU,DR,D
14:47:45,INDF,RG,5950,100,F,YU,CC,F
14:47:45,INDF,RG,5950,130,F,YU,PD,D
14:47:45,INDF,RG,5950,7,F,YU,ZP,F
14:47:45,INDF,RG,5950,5,F,YU,GR,D
14:47:45,INDF,RG,5950,16,F,YU,RX,D
14:47:45,INDF,RG,5950,15,F,YU,YP,D
14:47:45,INDF,RG,5950,5,F,YU,YP,D
14:47:45,INDF,RG,5950,15,F,YU,CC,D
14:47:45,INDF,RG,5950,2476,F,YU,YU,D
14:47:45,INDF,RG,5950,9,F,AK,YU,D
14:47:44,INDF,RG,5925,5,D,CC,RX,D
14:47:34,INDF,RG,5925,7,D,CC,AK,F
14:47:33,INDF,RG,5950,15,F,ZP,YU,D
14:47:33,INDF,RG,5950,26,F,ZP,DX,F
14:47:33,INDF,RG,5950,95,F,ZP,KK,D
14:47:32,INDF,RG,5925,4,D,CC,AK,F
14:47:31,INDF,RG,5925,80,D,CC,PD,D
14:47:30,INDF,RG,5925,1,D,CC,AK,F
14:47:29,INDF,RG,5950,1,D,ZP,KK,D
14:47:28,INDF,RG,5925,8,D,CC,RX,D
14:47:23,INDF,RG,5925,1,D,CC,AK,F
14:47:22,INDF,RG,5950,8,F,KZ,KK,D
14:47:22,INDF,RG,5950,10,F,KZ,KK,D
14:47:21,INDF,RG,5925,2,D,CC,AK,F
14:47:21,INDF,RG,5925,1,D,CC,AK,F
14:47:20,INDF,RG,5950,8,F,KZ,KK,D
14:47:20,INDF,RG,5950,10,F,KZ,KK,D
14:47:20,INDF,RG,5950,25,F,KZ,KK,D
14:47:20,INDF,RG,5950,6,F,KZ,KK,D
14:47:20,INDF,RG,5950,3,D,ZP,KK,D
14:47:14,INDF,RG,5925,1,D,CC,AK,F
14:47:12,INDF,RG,5925,4,D,CC,ZP,F
14:47:10,INDF,RG,5925,1,D,CC,BB,D
14:47:10,INDF,RG,5925,7,D,CC,RX,D
14:47:08,INDF,RG,5950,6,F,BK,KK,D
14:47:07,INDF,RG,5925,1,D,CC,PD,D
14:47:00,INDF,RG,5925,3,D,CC,AK,F
14:47:00,INDF,RG,5925,5,D,CC,AK,F
14:46:59,INDF,RG,5925,80,D,CC,PD,D
14:46:51,INDF,RG,5925,9,D,CC,RX,D
14:46:50,INDF,RG,5925,1,D,CC,AK,F
14:46:50,INDF,RG,5925,11,D,CC,RX,D
14:46:48,INDF,RG,5925,4,D,CC,AK,F
14:46:48,INDF,RG,5925,81,D,CC,PD,D
14:46:45,INDF,RG,5925,1,D,CC,AK,F
14:46:41,INDF,RG,5925,1,D,CC,AK,F
14:46:40,INDF,RG,5925,9,D,CC,BB,D
14:46:31,INDF,RG,5925,7,D,CC,RX,D
14:46:20,INDF,RG,5925,1,D,CC,AK,F
14:46:19,INDF,RG,5925,12,D,CC,BB,D
14:46:18,INDF,RG,5925,1,D,CC,RX,D
14:46:13,INDF,RG,5925,5,D,CC,RX,D
14:46:10,INDF,RG,5950,6,F,BK,KK,D
14:46:04,INDF,RG,5925,1,D,CC,AK,F
14:46:03,INDF,RG,5925,7,D,CC,RX,D
14:46:03,INDF,RG,5925,5,D,CC,RX,D
14:46:00,INDF,RG,5950,2,D,XL,KK,D
14:45:57,INDF,RG,5925,1,D,CC,AK,F
14:45:56,INDF,RG,5925,57,D,CC,YP,D
14:45:56,INDF,RG,5925,10,D,KK,YP,D
14:45:56,INDF,RG,5925,17,D,YP,YP,D
14:45:53,INDF,RG,5925,7,D,YP,RX,D
14:45:46,INDF,RG,5925,1,D,YP,EP,D
14:45:46,INDF,RG,5925,2,D,XC,EP,D
14:45:46,INDF,RG,5925,1,D,PD,EP,D
14:45:46,INDF,RG,5925,1,D,HP,EP,D
14:45:46,INDF,RG,5925,1,D,XC,EP,D
14:45:46,INDF,RG,5925,1,D,XC,EP,D
14:45:46,INDF,RG,5925,5,D,CC,EP,D
14:45:46,INDF,RG,5925,1,D,YP,EP,D
14:45:46,INDF,RG,5925,2,D,XL,EP,D
14:45:46,INDF,RG,5925,2,D,XL,EP,D
14:45:46,INDF,RG,5925,2,D,XC,EP,D
14:45:46,INDF,RG,5925,5,D,CP,EP,D
14:45:46,INDF,RG,5925,2,D,YP,EP,D
14:45:46,INDF,RG,5925,1,D,DR,EP,D
14:45:46,INDF,RG,5925,1,D,LG,EP,D
14:45:46,INDF,RG,5925,2,D,YP,EP,D
14:45:46,INDF,RG,5925,7,D,XC,EP,D
14:45:46,INDF,RG,5925,1,D,XC,EP,D
14:45:46,INDF,RG,5925,2,D,YP,EP,D
14:45:46,INDF,RG,5925,30,D,NI,EP,D
14:45:46,INDF,RG,5925,1,D,YP,EP,D
14:45:46,INDF,RG,5925,5,D,DR,EP,D
14:45:46,INDF,RG,5925,1,D,XC,EP,D
14:45:46,INDF,RG,5925,1,D,HP,EP,D
14:45:46,INDF,RG,5925,1,D,YP,EP,D
14:45:46,INDF,RG,5925,2,D,XC,EP,D
14:45:46,INDF,RG,5925,2,D,CP,EP,D
14:45:46,INDF,RG,5925,8,D,NI,EP,D
14:45:46,INDF,RG,5925,3,F,ZP,EP,D
14:45:46,INDF,RG,5925,1,D,YP,EP,D
14:45:46,INDF,RG,5925,1,D,YP,EP,D
14:45:46,INDF,RG,5925,4,F,KZ,EP,D
14:45:38,INDF,RG,5925,4,F,KZ,SQ,D
14:45:38,INDF,RG,5925,1,D,YJ,SQ,D
14:45:38,INDF,RG,5925,100,D,YP,SQ,D
14:45:38,INDF,RG,5925,8,F,KZ,SQ,D
14:45:38,INDF,RG,5925,1,D,XC,SQ,D
14:45:38,INDF,RG,5925,3,F,CS,SQ,D
14:45:38,INDF,RG,5925,6,D,SQ,SQ,D
14:45:38,INDF,RG,5925,1,D,XC,SQ,D
14:45:38,INDF,RG,5925,1,D,XC,SQ,D
14:45:38,INDF,RG,5925,15,D,YP,SQ,D
14:45:38,INDF,RG,5925,1,D,OD,SQ,D
14:45:38,INDF,RG,5925,1,D,YP,SQ,D
14:45:38,INDF,RG,5925,2,D,XC,SQ,D
14:45:38,INDF,RG,5925,1,D,YP,SQ,D
14:45:38,INDF,RG,5925,8,F,CS,SQ,D
14:45:38,INDF,RG,5925,7,F,CS,SQ,D
14:45:38,INDF,RG,5925,1,D,PD,SQ,D
14:45:38,INDF,RG,5925,17,D,PD,SQ,D
14:45:38,INDF,RG,5925,1,D,NI,SQ,D
14:45:38,INDF,RG,5925,1,D,PD,SQ,D
14:45:38,INDF,RG,5925,7,D,XC,SQ,D
14:45:38,INDF,RG,5925,11,D,CC,SQ,D
14:45:38,INDF,RG,5925,100,D,YP,SQ,D
14:45:38,INDF,RG,5925,30,D,PD,SQ,D
14:45:38,INDF,RG,5925,10,D,PD,SQ,D
14:45:38,INDF,RG,5925,10,F,CS,SQ,D
14:45:38,INDF,RG,5925,5,D,GR,SQ,D
14:45:38,INDF,RG,5925,4,D,ZP,SQ,D
14:45:38,INDF,RG,5925,20,D,KK,SQ,D
14:45:38,INDF,RG,5925,5,F,CS,SQ,D
14:45:38,INDF,RG,5925,12,F,ZP,SQ,D
14:45:38,INDF,RG,5925,1,F,ZP,SQ,D
14:45:38,INDF,RG,5925,5,F,AK,SQ,D
14:45:37,INDF,RG,5925,7,F,AK,RX,D
14:45:34,INDF,RG,5950,4,F,ZP,KK,D
14:45:34,INDF,RG,5950,4,F,ZP,DX,F
14:45:34,INDF,RG,5925,1,F,AK,ZP,F
14:45:34,INDF,RG,5925,10,D,LS,ZP,F
14:45:34,INDF,RG,5925,4,F,CS,SQ,D
14:45:34,INDF,RG,5925,137,F,ZP,SQ,D
14:45:34,INDF,RG,5925,26,F,ZP,SQ,D
14:45:34,INDF,RG,5925,15,D,YP,SQ,D
14:45:34,INDF,RG,5925,1,D,EP,SQ,D
14:45:34,INDF,RG,5925,2,D,PD,SQ,D
14:45:34,INDF,RG,5925,1,D,XC,SQ,D
14:45:34,INDF,RG,5925,1,D,PD,SQ,D
14:45:34,INDF,RG,5925,1,D,XC,SQ,D
14:45:34,INDF,RG,5925,2,D,CC,SQ,D
14:45:34,INDF,RG,5925,5,D,CC,SQ,D
14:45:34,INDF,RG,5925,5,D,PD,SQ,D
14:45:30,INDF,RG,5925,2,D,PD,AK,F
14:45:30,INDF,RG,5925,5,D,XC,AK,F
14:45:30,INDF,RG,5925,2,D,CC,AK,F
14:45:30,INDF,RG,5925,2,D,PD,AK,F
14:45:30,INDF,RG,5925,3,D,OD,AK,F
14:45:30,INDF,RG,5925,1,D,XL,AK,F
14:45:30,INDF,RG,5925,50,D,PD,AK,F
14:45:30,INDF,RG,5925,100,D,PD,SQ,D
14:45:30,INDF,RG,5925,10,D,XC,SQ,D
14:45:30,INDF,RG,5925,1,D,OD,SQ,D
14:45:30,INDF,RG,5925,10,D,SQ,SQ,D
14:45:30,INDF,RG,5925,79,D,YP,SQ,D
14:45:29,INDF,RG,5950,1,D,NI,DX,F
14:45:27,INDF,RG,5925,7,D,YP,RX,D
14:45:22,INDF,RG,5950,8,F,ZP,DX,F
14:45:22,INDF,RG,5950,115,F,ZP,SQ,D
14:45:20,INDF,RG,5950,6,F,ZP,SQ,D
14:45:09,INDF,RG,5925,35,D,YP,NI,D
14:45:05,INDF,RG,5950,79,D,EP,SQ,D
14:45:05,INDF,RG,5950,21,D,EP,DX,F
14:44:58,INDF,RG,5925,6,D,YP,RX,D
14:44:57,INDF,RG,5950,2,F,CS,DX,F
14:44:57,INDF,RG,5950,4,F,CS,DX,F
14:44:57,INDF,RG,5950,7,F,CS,DX,F
14:44:57,INDF,RG,5950,4,F,CS,ZP,F
14:44:52,INDF,RG,5925,7,D,YP,RX,D
14:44:47,INDF,RG,5950,1,F,CS,ZP,F
14:44:47,INDF,RG,5950,1,F,CS,AK,F
14:44:47,INDF,RG,5950,1,F,CS,AK,F
14:44:47,INDF,RG,5950,1,F,CS,AK,F
14:44:47,INDF,RG,5950,1,F,CS,AK,F
14:44:46,INDF,RG,5950,3,F,CS,BB,D
14:44:46,INDF,RG,5950,7,F,CS,DX,F
14:44:46,INDF,RG,5950,4,F,CS,DX,F
14:44:38,INDF,RG,5925,3,D,YP,BB,D
14:44:38,INDF,RG,5925,8,D,YP,RX,D
14:44:35,INDF,RG,5925,55,D,YP,PD,D
14:44:35,INDF,RG,5925,1,D,XC,PD,D
14:44:35,INDF,RG,5925,2,D,NI,PD,D
14:44:35,INDF,RG,5925,1,D,YP,PD,D
14:44:35,INDF,RG,5925,2,D,YP,PD,D
14:44:31,INDF,RG,5925,3,D,YP,PD,D
14:44:31,INDF,RG,5925,1,D,SQ,PD,D
14:44:31,INDF,RG,5925,8,F,KZ,PD,D
14:44:31,INDF,RG,5925,2,D,YP,PD,D
14:44:31,INDF,RG,5925,10,D,SQ,PD,D
14:44:31,INDF,RG,5925,1,D,YP,PD,D
14:44:31,INDF,RG,5925,2,F,KZ,PD,D
14:44:31,INDF,RG,5925,1,D,PD,PD,D
14:44:31,INDF,RG,5925,25,D,PD,PD,D
14:44:31,INDF,RG,5925,2,D,YP,PD,D
14:44:31,INDF,RG,5925,1,D,YP,PD,D
14:44:31,INDF,RG,5925,2,D,CC,PD,D
14:44:31,INDF,RG,5925,1,D,CC,PD,D
14:44:31,INDF,RG,5925,1,D,YP,PD,D
14:44:31,INDF,RG,5925,1,D,HP,PD,D
14:44:30,INDF,RG,5950,5,F,BK,DX,F
14:44:18,INDF,RG,5925,5,D,HP,RX,D
14:44:14,INDF,RG,5925,1,D,HP,NI,D
14:44:12,INDF,RG,5950,2,F,ZP,DX,F
14:44:12,INDF,RG,5950,8,F,ZP,DX,F
14:44:12,INDF,RG,5925,3,D,HP,AK,F
14:44:12,INDF,RG,5925,10,D,NI,AK,F
14:44:12,INDF,RG,5925,2,D,YP,AK,F
14:44:12,INDF,RG,5925,10,D,NI,AK,F
14:44:12,INDF,RG,5925,50,D,YP,AK,F
14:44:12,INDF,RG,5925,1,D,CC,AK,F
14:44:12,INDF,RG,5925,5,D,PD,AK,F
14:44:12,INDF,RG,5925,5,D,SQ,AK,F
14:44:12,INDF,RG,5925,1,D,XC,AK,F
14:44:12,INDF,RG,5925,5,D,AZ,AK,F
14:44:12,INDF,RG,5925,1,D,PD,AK,F
14:44:12,INDF,RG,5925,1,D,KK,AK,F
14:44:12,INDF,RG,5925,6,D,SQ,AK,F
14:44:12,INDF,RG,5925,15,D,PD,AK,F
14:44:12,INDF,RG,5925,1,D,YP,AK,F
14:44:12,INDF,RG,5925,10,D,CC,AK,F
14:44:12,INDF,RG,5925,5,D,NI,AK,F
14:44:12,INDF,RG,5925,10,D,NI,AK,F
14:44:12,INDF,RG,5925,1,D,NI,AK,F
14:44:12,INDF,RG,5925,1,D,HP,AK,F
14:44:12,INDF,RG,5925,1,D,PD,AK,F
14:44:12,INDF,RG,5925,2,D,CC,AK,F
14:44:12,INDF,RG,5925,16,D,CC,AK,F
14:44:12,INDF,RG,5925,2,D,LG,AK,F
14:44:12,INDF,RG,5925,1,D,CC,AK,F
14:44:12,INDF,RG,5925,1,D,PD,AK,F
14:44:12,INDF,RG,5925,2,D,KK,AK,F
14:44:12,INDF,RG,5925,5,D,YP,AK,F
14:44:12,INDF,RG,5925,2,D,KK,AK,F
14:44:12,INDF,RG,5925,50,D,YP,AK,F
14:44:12,INDF,RG,5925,15,D,NI,AK,F
14:44:12,INDF,RG,5925,312,D,YP,AK,F
14:44:12,INDF,RG,5925,1,D,XC,AK,F
14:44:12,INDF,RG,5925,1,D,XC,AK,F
14:44:12,INDF,RG,5925,1,D,PD,AK,F
14:44:12,INDF,RG,5925,5,D,PD,AK,F
14:44:12,INDF,RG,5925,3,D,YP,AK,F
14:44:12,INDF,RG,5925,5,D,YP,AK,F
14:44:12,INDF,RG,5925,2,D,NI,AK,F
14:44:12,INDF,RG,5925,50,D,NI,AK,F
14:44:12,INDF,RG,5925,1,D,YP,AK,F
14:44:12,INDF,RG,5925,1,D,YP,AK,F
14:44:12,INDF,RG,5925,5,D,LG,AK,F
14:44:12,INDF,RG,5925,10,D,EP,AK,F
14:44:12,INDF,RG,5925,1,D,HP,AK,F
14:44:12,INDF,RG,5925,196,D,CC,AK,F
14:44:06,INDF,RG,5925,4,D,CC,YP,D
14:44:06,INDF,RG,5925,1,D,GR,YP,D
14:43:58,INDF,RG,5925,6,D,XL,RX,D
14:43:55,INDF,RG,5950,1,D,CC,DX,F
14:43:41,INDF,RG,5925,20,D,XL,GR,D
14:43:40,INDF,RG,5925,3,D,XL,BK,F
14:43:39,INDF,RG,5925,6,D,XL,RX,D
14:43:37,INDF,RG,5925,1,D,XL,RX,D
14:43:36,INDF,RG,5925,10,D,XL,CC,D
14:43:31,INDF,RG,5925,7,D,XL,RX,D
14:43:28,INDF,RG,5925,1,D,XL,XC,D
14:43:21,INDF,RG,5925,6,D,XL,RX,D
14:43:17,INDF,RG,5950,1,D,PD,DX,F
14:43:12,INDF,RG,5925,7,D,XL,RX,D
14:42:51,INDF,RG,5950,1,D,CC,DX,F
14:42:51,INDF,RG,5925,5,D,XL,RX,D
14:42:49,INDF,RG,5925,2,D,XL,BB,D
14:42:48,INDF,RG,5950,1,D,YP,DX,F
14:42:37,INDF,RG,5950,13,F,ZP,DX,F
14:42:37,INDF,RG,5925,5,D,XL,ZP,F
14:42:37,INDF,RG,5950,26,F,ZP,DX,F
14:42:37,INDF,RG,5950,50,F,ZP,YP,D
14:42:37,INDF,RG,5950,4,F,ZP,BB,D
14:42:37,INDF,RG,5950,26,F,ZP,DX,F
14:42:37,INDF,RG,5950,2,F,ZP,ZP,F
14:42:37,INDF,RG,5950,30,F,ZP,DX,F
14:42:36,INDF,RG,5950,1,F,CS,DX,F
14:42:36,INDF,RG,5950,1,F,CS,BB,D
14:42:35,INDF,RG,5950,1,F,CS,BB,D
14:42:35,INDF,RG,5950,8,F,CS,BB,D
14:42:35,INDF,RG,5950,7,F,CS,EP,D
14:42:35,INDF,RG,5950,12,F,CS,EP,D
14:42:28,INDF,RG,5925,3,D,XL,BB,D
14:42:25,INDF,RG,5950,34,D,YP,EP,D
14:42:25,INDF,RG,5950,5,F,BK,EP,D
14:42:21,INDF,RG,5925,7,D,XL,RX,D
14:42:21,INDF,RG,5925,5,D,HP,RX,D
14:42:21,INDF,RG,5925,1,D,XC,RX,D
14:42:21,INDF,RG,5950,6,F,CS,EP,D
14:42:21,INDF,RG,5950,20,F,CS,EP,D
14:42:21,INDF,RG,5950,7,F,CS,EP,D
14:42:15,INDF,RG,5925,7,D,XC,AK,F
14:42:12,INDF,RG,5925,12,D,XC,BB,D
14:42:12,INDF,RG,5925,4,D,XL,BB,D
14:42:10,INDF,RG,5950,2,D,XC,EP,D
14:42:04,INDF,RG,5925,1,D,XL,RX,D
14:42:04,INDF,RG,5925,6,D,CC,RX,D
14:42:02,INDF,RG,5925,4,D,CC,DR,D
14:42:02,INDF,RG,5925,1,D,HP,DR,D
14:42:02,INDF,RG,5925,7,D,HP,BB,D
14:41:54,INDF,RG,5950,2,D,XC,EP,D
14:41:53,INDF,RG,5925,2,D,HP,RX,D
14:41:53,INDF,RG,5925,1,D,YP,RX,D
14:41:53,INDF,RG,5925,1,D,PD,RX,D
14:41:53,INDF,RG,5925,3,D,YP,RX,D
14:41:34,INDF,RG,5925,2,D,YP,RX,D
14:41:34,INDF,RG,5925,3,F,KZ,RX,D
14:41:27,INDF,RG,5925,11,F,KZ,BB,D
14:41:27,INDF,RG,5925,1,D,YP,BB,D
14:41:27,INDF,RG,5925,8,D,PD,BB,D
14:41:23,INDF,RG,5950,1,D,CC,EP,D
14:41:20,INDF,RG,5950,10,F,KZ,EP,D
14:41:20,INDF,RG,5950,8,F,KZ,EP,D
14:41:19,INDF,RG,5950,19,F,KZ,EP,D
14:41:19,INDF,RG,5950,21,F,KZ,EP,D
14:41:19,INDF,RG,5950,9,F,KZ,EP,D
14:41:19,INDF,RG,5950,8,F,KZ,EP,D
14:41:12,INDF,RG,5925,2,D,PD,BB,D
14:41:12,INDF,RG,5925,2,D,PD,BB,D
14:41:12,INDF,RG,5925,1,D,KK,BB,D
14:41:12,INDF,RG,5925,2,D,NI,BB,D
14:41:12,INDF,RG,5925,1,D,AT,BB,D
14:41:12,INDF,RG,5925,1,D,PD,BB,D
14:41:12,INDF,RG,5925,1,D,XL,BB,D
14:41:01,INDF,RG,5950,6,F,ZP,EP,D
14:40:49,INDF,RG,5925,2,D,XL,ZP,F
14:40:45,INDF,RG,5925,1,D,XL,AK,F
14:40:44,INDF,RG,5950,1,D,OD,EP,D
14:40:39,INDF,RG,5925,14,D,XL,AK,F
14:40:38,INDF,RG,5925,7,D,XL,RX,D
14:40:38,INDF,RG,5925,1,D,SQ,RX,D
14:40:38,INDF,RG,5925,15,D,OD,RX,D
14:40:38,INDF,RG,5925,1,D,YP,RX,D
14:40:38,INDF,RG,5925,25,D,CC,RX,D
14:40:38,INDF,RG,5925,50,D,PD,RX,D
14:40:38,INDF,RG,5925,5,D,XC,RX,D
14:40:38,INDF,RG,5925,2,D,PD,RX,D
14:40:38,INDF,RG,5925,3,D,CC,RX,D
14:40:38,INDF,RG,5925,3,F,ZP,RX,D
14:40:38,INDF,RG,5925,1,F,ZP,RX,D
14:40:38,INDF,RG,5925,9,F,AK,RX,D
14:40:38,INDF,RG,5925,178,D,CC,RX,D
14:40:33,INDF,RG,5925,1,D,CC,AK,F
14:40:32,INDF,RG,5925,15,D,CC,AK,F
14:40:32,INDF,RG,5925,6,D,CC,BB,D
14:40:32,INDF,RG,5925,5,D,CC,BB,D
14:40:32,INDF,RG,5925,1,D,XC,BB,D
14:40:32,INDF,RG,5925,4,D,YP,BB,D
14:40:31,INDF,RG,5925,1,D,YP,RX,D
14:40:31,INDF,RG,5925,2,D,PD,RX,D
14:40:31,INDF,RG,5925,7,D,NI,RX,D
14:40:31,INDF,RG,5925,100,D,SQ,RX,D
14:40:31,INDF,RG,5925,29,D,OD,RX,D
14:40:31,INDF,RG,5925,2,D,YP,RX,D
14:40:31,INDF,RG,5925,48,D,YP,RX,D
14:40:31,INDF,RG,5925,10,D,YP,RX,D
14:40:31,INDF,RG,5925,10,D,YP,RX,D
14:40:31,INDF,RG,5925,3,D,YP,RX,D
14:40:31,INDF,RG,5925,2,D,YP,RX,D
14:40:31,INDF,RG,5925,1,D,YP,RX,D
14:40:31,INDF,RG,5925,1,D,YP,RX,D
14:40:31,INDF,RG,5925,5,D,YP,RX,D
14:40:31,INDF,RG,5925,10,D,YP,RX,D
14:40:31,INDF,RG,5925,2,D,CC,RX,D
14:40:31,INDF,RG,5925,5,D,XL,RX,D
14:40:31,INDF,RG,5925,62,D,CC,RX,D
14:40:30,INDF,RG,5925,11,D,CC,RX,D
14:40:23,INDF,RG,5925,51,D,CC,AK,F
14:40:22,INDF,RG,5950,41,F,ZP,EP,D
14:40:21,INDF,RG,5925,126,D,CC,SQ,D
14:40:21,INDF,RG,5925,1,D,CC,SQ,D
14:40:21,INDF,RG,5925,10,D,XL,SQ,D
14:40:21,INDF,RG,5925,1,D,XL,SQ,D
14:40:21,INDF,RG,5925,1,D,XC,SQ,D
14:40:21,INDF,RG,5925,1,D,CC,SQ,D
14:40:21,INDF,RG,5925,1,D,XL,SQ,D
14:40:21,INDF,RG,5925,1,D,XL,SQ,D
14:40:21,INDF,RG,5925,13,F,AK,SQ,D
14:40:21,INDF,RG,5925,2,D,CC,SQ,D
14:40:21,INDF,RG,5925,1,D,KK,SQ,D
14:40:21,INDF,RG,5925,4,D,CC,SQ,D
14:40:21,INDF,RG,5925,1,D,CC,SQ,D
14:40:21,INDF,RG,5925,8,D,XC,SQ,D
14:40:21,INDF,RG,5925,1,D,DR,SQ,D
14:40:21,INDF,RG,5925,5,D,DR,SQ,D
14:40:21,INDF,RG,5925,2,D,HP,SQ,D
14:40:21,INDF,RG,5925,2,D,DH,SQ,D
14:40:21,INDF,RG,5925,10,D,PD,SQ,D
14:40:21,INDF,RG,5925,1,D,PD,SQ,D
14:40:21,INDF,RG,5925,1,D,CC,SQ,D
14:40:21,INDF,RG,5925,200,D,AG,SQ,D
14:40:21,INDF,RG,5925,10,D,KK,SQ,D
14:40:21,INDF,RG,5925,2,D,SQ,SQ,D
14:40:21,INDF,RG,5925,2,D,PD,SQ,D
14:40:21,INDF,RG,5925,1,D,PD,SQ,D
14:40:21,INDF,RG,5925,1,D,KK,SQ,D
14:40:21,INDF,RG,5925,1,D,GR,SQ,D
14:40:21,INDF,RG,5925,1,D,PD,SQ,D
14:40:21,INDF,RG,5925,1,D,PD,SQ,D
14:40:21,INDF,RG,5925,100,D,PD,SQ,D
14:40:21,INDF,RG,5925,3,D,DH,SQ,D
14:40:21,INDF,RG,5925,1,D,PD,SQ,D
14:40:21,INDF,RG,5925,3,D,PD,SQ,D
14:40:21,INDF,RG,5925,5,D,DH,SQ,D
14:40:21,INDF,RG,5925,5,D,ZP,SQ,D
14:40:21,INDF,RG,5925,1,D,LG,SQ,D
14:40:21,INDF,RG,5925,20,D,DH,SQ,D
14:40:21,INDF,RG,5925,10,D,DH,SQ,D
14:40:21,INDF,RG,5925,5,D,PD,SQ,D
14:40:21,INDF,RG,5925,1,D,PD,SQ,D
14:40:21,INDF,RG,5925,1,D,PD,SQ,D
14:40:21,INDF,RG,5925,14,D,PD,SQ,D
14:40:21,INDF,RG,5925,2,D,KK,SQ,D
14:40:21,INDF,RG,5925,1,D,EP,SQ,D
14:40:21,INDF,RG,5925,1,D,GR,SQ,D
14:40:21,INDF,RG,5925,1,D,HP,SQ,D
14:40:21,INDF,RG,5925,5,D,TP,SQ,D
14:40:21,INDF,RG,5925,4,D,AT,SQ,D
14:40:21,INDF,RG,5925,50,D,XA,SQ,D
14:40:21,INDF,RG,5925,10,D,IF,SQ,D
14:40:21,INDF,RG,5925,10,D,FZ,SQ,D
14:40:21,INDF,RG,5925,1,D,EP,SQ,D
14:40:21,INDF,RG,5925,2,D,EP,SQ,D
14:40:21,INDF,RG,5925,25,D,GR,SQ,D
14:40:21,INDF,RG,5925,20,D,KK,SQ,D
14:40:21,INDF,RG,5925,287,D,GR,SQ,D
14:40:21,INDF,RG,5925,1,D,GR,AK,F
14:40:21,INDF,RG,5950,5,F,ZP,EP,D
14:40:20,INDF,RG,5925,2,D,GR,ZP,F
14:40:19,INDF,RG,5925,10,D,GR,RX,D
14:40:19,INDF,RG,5925,1,D,PD,RX,D
14:40:17,INDF,RG,5925,1,D,PD,AK,F
14:40:16,INDF,RG,5925,3,D,PD,XC,D
14:40:16,INDF,RG,5925,2,D,XC,XC,D
14:40:16,INDF,RG,5925,4,F,BK,XC,D
14:40:08,INDF,RG,5925,2,D,DR,BB,D
14:40:08,INDF,RG,5925,6,D,SQ,BB,D
14:40:08,INDF,RG,5925,2,D,GR,BB,D
14:40:06,INDF,RG,5950,4,D,XC,EP,D
14:40:06,INDF,RG,5950,2,D,XC,EP,D
14:40:01,INDF,RG,5925,1,D,PD,AK,F
14:40:01,INDF,RG,5925,1,D,NI,AK,F
14:40:01,INDF,RG,5925,3,D,SQ,AK,F
14:39:59,INDF,RG,5950,80,F,AK,EP,D
14:39:59,INDF,RG,5925,2,D,SQ,AK,F
14:39:59,INDF,RG,5925,2,D,KK,AK,F
14:39:59,INDF,RG,5925,8,D,HP,AK,F
14:39:59,INDF,RG,5925,2,D,XC,AK,F
14:39:57,INDF,RG,5950,1,D,CC,EP,D
14:39:52,INDF,RG,5925,3,D,XC,AK,F
14:39:51,INDF,RG,5925,5,D,XC,PD,D
14:39:51,INDF,RG,5925,3,D,PD,PD,D
14:39:51,INDF,RG,5925,5,D,XC,PD,D
14:39:51,INDF,RG,5925,5,D,YB,PD,D
14:39:51,INDF,RG,5925,2,D,AT,PD,D
14:39:51,INDF,RG,5925,10,D,PD,PD,D
14:39:51,INDF,RG,5925,5,D,KK,PD,D
14:39:51,INDF,RG,5925,1,D,XC,PD,D
14:39:51,INDF,RG,5925,21,D,NI,PD,D
14:39:50,INDF,RG,5925,14,D,NI,LG,D
14:39:48,INDF,RG,5925,7,D,NI,AK,F
14:39:47,INDF,RG,5925,1,D,NI,AK,F
14:39:47,INDF,RG,5950,133,F,ZP,EP,D
14:39:46,INDF,RG,5925,18,D,NI,BB,D
14:39:45,INDF,RG,5925,1,D,NI,AK,F
14:39:44,INDF,RG,5950,15,F,ZP,EP,D
14:39:37,INDF,RG,5925,1,D,NI,AK,F
14:39:36,INDF,RG,5925,5,D,NI,BB,D
14:39:31,INDF,RG,5950,8,F,KZ,EP,D
14:39:31,INDF,RG,5950,1,F,KZ,EP,D
14:39:31,INDF,RG,5950,10,F,KZ,EP,D
14:38:59,INDF,RG,5925,11,D,NI,BB,D
14:38:57,INDF,RG,5925,1,D,NI,AK,F
14:38:56,INDF,RG,5925,17,D,NI,BB,D
14:38:31,INDF,RG,5950,1,D,CC,EP,D
14:38:10,INDF,RG,5925,1,D,NI,AK,F
14:38:09,INDF,RG,5925,17,D,NI,BB,D
14:38:04,INDF,RG,5925,2,D,NI,AK,F
14:38:02,INDF,RG,5950,21,F,CS,EP,D
14:38:02,INDF,RG,5950,1,F,CS,AK,F
14:38:02,INDF,RG,5950,1,F,CS,AK,F
14:38:02,INDF,RG,5950,9,F,CS,NI,D
14:37:47,INDF,RG,5925,3,D,NI,AK,F
14:37:46,INDF,RG,5925,1,D,NI,AK,F
14:37:45,INDF,RG,5925,76,D,NI,RX,D
14:37:45,INDF,RG,5925,13,D,NI,BB,D
14:37:40,INDF,RG,5925,2,D,NI,AK,F
14:37:37,INDF,RG,5950,6,F,CS,NI,D
14:37:37,INDF,RG,5950,27,F,CS,DX,F
14:37:33,INDF,RG,5950,9,F,BK,DX,F
14:37:22,INDF,RG,5925,1,D,NI,AK,F
14:37:22,INDF,RG,5925,19,D,NI,BB,D
14:37:17,INDF,RG,5925,2,D,NI,AK,F
14:37:16,INDF,RG,5925,2,D,NI,HP,D
14:37:16,INDF,RG,5950,8,F,KZ,DX,F
14:37:16,INDF,RG,5950,8,F,KZ,DX,F
14:37:16,INDF,RG,5950,10,F,KZ,DX,F
14:37:16,INDF,RG,5950,8,F,KZ,DX,F
14:37:05,INDF,RG,5950,1,D,CC,DX,F
14:36:49,INDF,RG,5925,2,D,NI,AK,F
14:36:49,INDF,RG,5925,50,D,NI,DR,D
14:36:29,INDF,RG,5925,1,D,NI,AK,F
14:36:29,INDF,RG,5950,9,F,BK,DX,F
14:36:28,INDF,RG,5925,11,D,NI,BB,D
14:36:28,INDF,RG,5925,1,D,XC,BB,D
14:36:28,INDF,RG,5925,4,D,OD,BB,D
14:36:22,INDF,RG,5925,1,D,OD,AK,F
14:36:21,INDF,RG,5925,12,D,OD,BB,D
14:36:09,INDF,RG,5925,3,D,OD,AK,F
14:36:09,INDF,RG,5925,61,D,OD,PD,D
14:35:56,INDF,RG,5925,7,D,OD,BB,D
14:35:43,INDF,RG,5925,1,D,OD,AK,F
14:35:43,INDF,RG,5925,11,D,OD,BB,D
14:35:43,INDF,RG,5925,8,D,PD,BB,D
14:35:25,INDF,RG,5925,5,D,PD,AK,F
14:35:25,INDF,RG,5950,1,F,ZP,DX,F
14:35:24,INDF,RG,5950,92,F,ZP,DX,F
14:35:01,INDF,RG,5950,1,D,XC,DX,F
14:34:58,INDF,RG,5925,1,D,XC,BB,D
14:34:58,INDF,RG,5925,13,D,NI,BB,D
14:34:51,INDF,RG,5925,20,D,NI,BB,D
14:34:20,INDF,RG,5950,16,F,AK,DX,F
14:34:14,INDF,RG,5925,5,D,NI,AK,F
14:34:13,INDF,RG,5950,1,D,CC,DX,F
14:33:54,INDF,RG,5950,1,D,XC,DX,F
14:33:54,INDF,RG,5925,21,D,NI,BB,D
14:33:42,INDF,RG,5925,1,D,NI,SQ,D
14:33:39,INDF,RG,5950,9,F,BK,DX,F
14:33:30,INDF,RG,5925,7,D,NI,RX,D
14:33:28,INDF,RG,5925,9,D,NI,BB,D
14:33:28,INDF,RG,5925,6,D,NI,BB,D
14:33:25,INDF,RG,5925,2,D,NI,XC,D
14:33:21,INDF,RG,5925,10,D,NI,AZ,D
14:33:05,INDF,RG,5925,24,D,NI,YP,D
14:32:55,INDF,RG,5925,17,D,NI,BB,D
14:32:50,INDF,RG,5925,20,D,NI,PD,D
14:32:49,INDF,RG,5950,1,D,CC,DX,F
14:32:30,INDF,RG,5925,1,D,NI,AK,F
14:32:09,INDF,RG,5925,1,D,NI,AK,F
14:32:08,INDF,RG,5925,17,D,NI,BB,D
14:31:44,INDF,RG,5950,2,F,ZP,DX,F
14:31:42,INDF,RG,5925,18,D,NI,BB,D
14:31:35,INDF,RG,5950,1,D,CC,DX,F
14:31:34,INDF,RG,5950,1,D,CC,DX,F
14:31:23,INDF,RG,5950,1,D,CC,DX,F
14:31:21,INDF,RG,5925,1,D,NI,AK,F
14:31:20,INDF,RG,5925,17,D,NI,BB,D
14:31:02,INDF,RG,5925,6,D,NI,AK,F
14:31:01,INDF,RG,5925,9,D,NI,BB,D
14:30:45,INDF,RG,5950,22,F,AK,DX,F
14:30:33,INDF,RG,5925,18,D,NI,BB,D
14:30:20,INDF,RG,5925,10,D,NI,DR,D
14:30:10,INDF,RG,5925,20,D,NI,CC,D
14:29:58,INDF,RG,5925,2,D,NI,YP,D
14:29:57,INDF,RG,5950,1,D,CC,DX,F
14:29:45,INDF,RG,5950,1,D,XC,DX,F
14:29:44,INDF,RG,5925,19,D,NI,BB,D
14:29:41,INDF,RG,5925,19,D,NI,BB,D
14:29:28,INDF,RG,5950,1,D,HP,DX,F
14:29:00,INDF,RG,5925,1,D,NI,PD,D
14:28:51,INDF,RG,5925,16,D,NI,BB,D
14:28:31,INDF,RG,5950,1,D,CC,DX,F
14:28:06,INDF,RG,5925,17,D,NI,BB,D
14:28:05,INDF,RG,5950,16,F,AK,DX,F
14:27:35,INDF,RG,5950,32,D,PD,DX,F
14:27:35,INDF,RG,5950,18,D,PD,CC,F
14:27:35,INDF,RG,5925,21,D,NI,BB,D
14:27:19,INDF,RG,5925,20,D,NI,BB,D
14:27:16,INDF,RG,5950,2,D,PD,CC,F
14:27:10,INDF,RG,5925,6,D,NI,PD,D
14:27:10,INDF,RG,5925,1,D,XC,PD,D
14:27:10,INDF,RG,5925,10,D,YP,PD,D
14:27:10,INDF,RG,5925,44,D,NI,PD,D
14:27:05,INDF,RG,5950,1,D,CC,CC,F
14:26:59,INDF,RG,5925,1,D,NI,NI,D
14:26:34,INDF,RG,5925,5,D,NI,EP,D
14:26:22,INDF,RG,5925,19,D,NI,BB,D
14:25:39,INDF,RG,5950,1,D,CC,CC,F
14:25:29,INDF,RG,5925,18,D,NI,BB,D
14:25:11,INDF,RG,5925,11,D,NI,BB,D
14:25:06,INDF,RG,5925,5,D,NI,AK,F
14:24:39,INDF,RG,5925,17,D,NI,BB,D
14:24:29,INDF,RG,5925,7,D,NI,AK,F
14:24:28,INDF,RG,5925,12,D,NI,BB,D
14:24:13,INDF,RG,5950,1,D,CC,CC,F
14:23:58,INDF,RG,5925,168,D,NI,YP,D
14:23:50,INDF,RG,5925,10,D,NI,BB,D
14:23:50,INDF,RG,5925,1,D,XC,BB,D
14:23:50,INDF,RG,5925,7,D,CC,BB,D
14:23:49,INDF,RG,5950,2,F,KZ,CC,F
14:23:47,INDF,RG,5950,12,F,KZ,CC,F
14:23:47,INDF,RG,5950,4,F,KZ,CC,F
14:23:46,INDF,RG,5950,1,D,NI,CC,F
14:23:02,INDF,RG,5925,3,D,CC,BB,D
14:23:02,INDF,RG,5925,10,D,YP,BB,D
14:23:02,INDF,RG,5925,3,D,KK,BB,D
14:22:47,INDF,RG,5950,1,D,CC,CC,F
14:22:27,INDF,RG,5950,1,D,PD,CC,F
14:22:17,INDF,RG,5925,2,D,KK,BB,D
14:22:17,INDF,RG,5925,1,D,XC,BB,D
14:22:17,INDF,RG,5925,1,D,YP,BB,D
14:22:17,INDF,RG,5925,1,D,YP,BB,D
14:22:17,INDF,RG,5925,2,D,DR,BB,D
14:22:17,INDF,RG,5925,10,D,YP,BB,D
14:21:58,INDF,RG,5925,5,D,YP,PD,D
14:21:58,INDF,RG,5925,10,D,CC,PD,D
14:21:58,INDF,RG,5925,10,D,YP,PD,D
14:21:58,INDF,RG,5925,11,D,XL,PD,D
14:21:58,INDF,RG,5925,5,D,DH,PD,D
14:21:56,INDF,RG,5950,51,D,YP,CC,F
14:21:56,INDF,RG,5950,39,D,YP,CC,F
14:21:56,INDF,RG,5950,4,D,YP,BB,D
14:21:56,INDF,RG,5950,6,D,YP,RX,D
14:21:40,INDF,RG,5925,7,D,DH,BB,D
14:21:28,INDF,RG,5925,19,D,DH,BB,D
14:20:52,INDF,RG,5950,14,D,SQ,RX,D
14:20:52,INDF,RG,5950,2,D,SQ,AK,F
14:20:52,INDF,RG,5950,1,D,SQ,ZP,F
14:20:52,INDF,RG,5950,3,D,SQ,AK,F
14:20:49,INDF,RG,5925,7,D,DH,BB,D
14:20:36,INDF,RG,5925,12,D,DH,BB,D
14:20:36,INDF,RG,5925,5,D,YP,BB,D
14:20:36,INDF,RG,5925,1,D,PD,BB,D
14:20:36,INDF,RG,5925,1,D,GR,BB,D
14:20:16,INDF,RG,5925,7,D,GR,RX,D
14:20:11,INDF,RG,5925,1,D,GR,PD,D
14:19:57,INDF,RG,5925,3,D,GR,AK,F
14:19:56,INDF,RG,5925,38,D,GR,AK,F
14:19:56,INDF,RG,5925,1,D,CC,AK,F
14:19:56,INDF,RG,5925,3,D,TP,AK,F
14:19:56,INDF,RG,5925,15,D,XC,AK,F
14:19:56,INDF,RG,5925,12,D,DR,AK,F
14:19:56,INDF,RG,5950,2,F,CS,AK,F
14:19:56,INDF,RG,5950,1,F,CS,RX,D
14:19:55,INDF,RG,5950,3,F,NI,RX,D
14:19:55,INDF,RG,5950,3,D,IP,RX,D
14:19:55,INDF,RG,5950,7,D,IP,YP,D
14:19:55,INDF,RG,5950,1,D,PD,YP,D
14:19:55,INDF,RG,5950,4,F,KZ,YP,D
14:19:55,INDF,RG,5950,9,F,YU,YP,D
14:19:53,INDF,RG,5950,6,F,YU,BB,D
14:19:48,INDF,RG,5950,100,F,YU,PD,D
14:19:47,INDF,RG,5950,200,F,YU,SQ,D
14:19:42,INDF,RG,5950,17,F,YU,BB,D
14:19:36,INDF,RG,5950,162,F,YU,SQ,D
14:19:36,INDF,RG,5950,38,D,PC,SQ,D
14:19:29,INDF,RG,5950,12,D,PC,SQ,D
14:19:29,INDF,RG,5950,3,F,KZ,SQ,D
14:19:29,INDF,RG,5950,3,F,KZ,SQ,D
14:19:29,INDF,RG,5950,182,F,YU,SQ,D
14:19:19,INDF,RG,5950,200,F,YU,SQ,D
14:19:13,INDF,RG,5950,381,F,YU,YU,D
14:19:13,INDF,RG,5950,1,D,XC,YU,D
14:19:13,INDF,RG,5950,4,F,KZ,YU,D
14:19:13,INDF,RG,5950,2,F,KZ,YU,D
14:19:13,INDF,RG,5950,12,F,YU,YU,D
14:19:10,INDF,RG,5950,30,F,YU,PD,D
14:19:09,INDF,RG,5950,100,F,YU,DH,D
14:19:07,INDF,RG,5950,5,F,YU,BB,D
14:19:07,INDF,RG,5950,50,F,YU,YU,D
14:19:04,INDF,RG,5950,100,F,YU,YU,D
14:18:59,INDF,RG,5950,214,F,YU,RX,D
14:18:55,INDF,RG,5950,1000,F,YU,AK,F
14:18:55,INDF,RG,5950,5,F,YU,BB,D
14:18:55,INDF,RG,5950,10,F,YU,BK,F
14:18:55,INDF,RG,5950,164,F,YU,YU,D
14:18:54,INDF,RG,5950,763,F,YU,YU,D
14:18:54,INDF,RG,5950,763,F,YU,YU,D
14:18:54,INDF,RG,5950,9,F,CS,YU,D
14:18:54,INDF,RG,5950,763,F,YU,YU,D
14:18:54,INDF,RG,5950,20,D,PD,YU,D
14:18:54,INDF,RG,5950,1,F,KZ,YU,D
14:18:54,INDF,RG,5950,7,F,CS,YU,D
14:18:54,INDF,RG,5950,10,F,YU,YU,D
14:18:54,INDF,RG,5950,18,F,YU,BB,D
14:18:52,INDF,RG,5950,69,F,YU,DX,F
14:18:49,INDF,RG,5950,2,F,YU,ZP,F
14:18:49,INDF,RG,5950,43,F,YU,AK,F
14:18:49,INDF,RG,5950,5,F,YU,AK,F
14:18:49,INDF,RG,5950,616,F,YU,YU,D
14:18:49,INDF,RG,5950,14,F,CS,YU,D
14:18:49,INDF,RG,5950,10,D,PD,YU,D
14:18:49,INDF,RG,5950,9,F,AK,YU,D
14:18:49,INDF,RG,5950,7,F,CS,YU,D
14:18:49,INDF,RG,5950,12,F,CS,YU,D
14:18:49,INDF,RG,5950,1,D,CC,YU,D
14:18:49,INDF,RG,5950,9,F,KZ,YU,D
14:18:49,INDF,RG,5950,76,F,ZP,YU,D
14:18:49,INDF,RG,5950,246,F,YU,YU,D
14:18:46,INDF,RG,5950,300,F,YU,RX,D
14:18:46,INDF,RG,5950,1,F,YU,ZP,F
14:18:45,INDF,RG,5950,216,F,YU,RX,D
14:18:45,INDF,RG,5950,1,D,YP,RX,D
14:18:45,INDF,RG,5950,9,F,AK,RX,D
14:18:45,INDF,RG,5950,1,F,CS,RX,D
14:18:45,INDF,RG,5950,10,F,CS,RX,D
14:18:45,INDF,RG,5950,1,D,PD,RX,D
14:18:45,INDF,RG,5950,5,D,PD,RX,D
14:18:45,INDF,RG,5950,3,D,EP,RX,D
14:18:45,INDF,RG,5950,10,F,KZ,RX,D
14:18:45,INDF,RG,5950,12,F,KZ,RX,D
14:18:45,INDF,RG,5950,1,D,XC,RX,D
14:18:45,INDF,RG,5950,6,D,PD,RX,D
14:18:45,INDF,RG,5950,1,D,XC,RX,D
14:18:45,INDF,RG,5950,100,D,TP,RX,D
14:18:45,INDF,RG,5950,24,D,NI,RX,D
14:18:38,INDF,RG,5950,5,D,NI,YU,D
14:18:35,INDF,RG,5950,28,D,NI,YU,D
14:18:35,INDF,RG,5950,4,F,ZP,YU,D
14:18:35,INDF,RG,5950,12,F,KZ,YU,D
14:18:35,INDF,RG,5950,10,D,HP,YU,D
14:18:35,INDF,RG,5950,4,F,ZP,YU,D
14:18:35,INDF,RG,5950,5,D,CC,YU,D
14:18:35,INDF,RG,5950,10,D,CC,YU,D
14:18:35,INDF,RG,5950,2,D,XL,YU,D
14:18:35,INDF,RG,5950,10,F,CS,YU,D
14:18:35,INDF,RG,5950,2,F,CS,YU,D
14:18:35,INDF,RG,5950,3,D,CC,YU,D
14:18:35,INDF,RG,5950,11,F,BK,YU,D
14:18:35,INDF,RG,5950,22,F,KZ,YU,D
14:18:35,INDF,RG,5950,20,D,DR,YU,D
14:18:35,INDF,RG,5950,16,F,ZP,YU,D
14:18:35,INDF,RG,5950,10,D,SQ,YU,D
14:18:35,INDF,RG,5950,5,D,KK,YU,D
14:18:35,INDF,RG,5950,26,F,ZP,YU,D
14:18:31,INDF,RG,5975,1,D,CC,YP,D
14:18:30,INDF,RG,5950,46,F,ZP,YU,D
14:18:30,INDF,RG,5950,9,D,PD,YU,D
14:18:30,INDF,RG,5950,10,F,BK,YU,D
14:18:30,INDF,RG,5950,10,D,YP,YU,D
14:18:30,INDF,RG,5950,5,F,CS,YU,D
14:18:30,INDF,RG,5950,2,D,PD,YU,D
14:18:30,INDF,RG,5950,10,D,DR,YU,D
14:18:30,INDF,RG,5950,50,D,YP,YU,D
14:18:30,INDF,RG,5950,5,F,KZ,YU,D
14:18:30,INDF,RG,5950,6,F,CS,YU,D
14:18:30,INDF,RG,5950,5,F,KZ,YU,D
14:18:30,INDF,RG,5950,742,F,YU,YU,D
14:18:26,INDF,RG,5950,21,F,YU,SQ,F
14:18:26,INDF,RG,5950,8,F,CS,SQ,F
14:18:26,INDF,RG,5950,8,F,AK,SQ,F
14:18:26,INDF,RG,5950,8,D,XL,SQ,F
14:18:25,INDF,RG,5950,2,D,XL,ZP,F
14:18:25,INDF,RG,5950,1,D,YP,ZP,F
14:18:25,INDF,RG,5950,84,D,YP,YU,D
14:18:25,INDF,RG,5950,39,F,ZP,YU,D
14:18:25,INDF,RG,5950,5,D,XC,YU,D
14:18:25,INDF,RG,5950,5,F,KZ,YU,D
14:18:25,INDF,RG,5950,12,F,KZ,YU,D
14:18:25,INDF,RG,5950,25,D,NI,YU,D
14:18:25,INDF,RG,5950,25,D,YP,YU,D
14:18:25,INDF,RG,5950,2,F,CS,YU,D
14:18:25,INDF,RG,5950,3,F,CS,YU,D
14:18:25,INDF,RG,5950,3,F,CS,XC,D
14:18:25,INDF,RG,5950,22,D,CC,XC,D
14:18:22,INDF,RG,5950,20,D,CC,YU,D
14:18:18,INDF,RG,5950,45,D,CC,DX,F
14:18:17,INDF,RG,5950,200,D,CC,YU,D
14:18:14,INDF,RG,5975,1,D,PD,YP,D
14:18:10,INDF,RG,5975,66,D,SQ,YP,D
14:18:05,INDF,RG,5950,7,D,CC,BB,D
14:18:05,INDF,RG,5950,17,D,CC,BB,D
14:17:51,INDF,RG,5975,2,D,EP,YP,D
14:17:46,INDF,RG,5950,1,D,CC,PD,D
14:17:46,INDF,RG,5950,10,D,CC,LG,D
14:17:35,INDF,RG,5950,7,D,CC,XC,D
14:17:17,INDF,RG,5950,19,D,CC,BB,D
14:17:13,INDF,RG,5950,9,D,CC,XC,D
14:17:11,INDF,RG,5950,9,D,CC,BB,D
14:17:05,INDF,RG,5975,1,D,CC,YP,D
14:16:50,INDF,RG,5950,5,D,CC,PD,D
14:16:26,INDF,RG,5950,17,D,CC,BB,D
14:16:16,INDF,RG,5950,50,D,CC,PD,D
14:16:11,INDF,RG,5950,8,D,CC,BB,D
14:16:10,INDF,RG,5975,1,D,PD,YP,D
14:15:39,INDF,RG,5975,1,D,CC,YP,D
14:15:36,INDF,RG,5950,18,D,CC,BB,D
14:15:20,INDF,RG,5975,2,D,CC,YP,D
14:15:18,INDF,RG,5950,2,D,CC,ZP,F
14:15:10,INDF,RG,5950,9,D,CC,BB,D
14:15:05,INDF,RG,5975,26,F,AK,YP,D
14:14:46,INDF,RG,5950,21,D,CC,BB,D
14:14:20,INDF,RG,5950,10,D,CC,DR,D
14:14:13,INDF,RG,5975,1,D,CC,YP,D
14:14:10,INDF,RG,5975,1,D,PD,YP,D
14:14:06,INDF,RG,5950,8,D,CC,BB,D
14:14:06,INDF,RG,5950,10,D,CC,KK,D
14:13:48,INDF,RG,5950,19,D,CC,BB,D
14:13:44,INDF,RG,5975,25,D,PD,YP,D
14:13:42,INDF,RG,5950,1,D,CC,ZP,F
14:13:42,INDF,RG,5950,1,D,CC,ZP,F
14:13:36,INDF,RG,5950,2,D,CC,KK,D
14:13:23,INDF,RG,5950,100,D,CC,DR,D
14:13:05,INDF,RG,5950,9,D,CC,BB,D
14:12:55,INDF,RG,5950,19,D,CC,BB,D
14:12:53,INDF,RG,5975,6,D,XL,YP,D
14:12:50,INDF,RG,5950,5,D,CC,XC,D
14:12:47,INDF,RG,5975,1,D,CC,YP,D
14:12:25,INDF,RG,5950,3,D,CC,XA,D
14:12:22,INDF,RG,5950,2,D,CC,SQ,D
14:12:20,INDF,RG,5975,5,D,PD,YP,D
14:12:17,INDF,RG,5950,155,D,CC,YP,D
14:12:17,INDF,RG,5950,1,D,YP,YP,D
14:12:17,INDF,RG,5950,1,F,KZ,YP,D
14:12:17,INDF,RG,5950,40,F,ZP,YP,D
14:12:17,INDF,RG,5950,6,F,CS,YP,D
14:12:17,INDF,RG,5950,2,F,CS,YP,D
14:12:17,INDF,RG,5950,5,F,ZP,YP,D
14:12:17,INDF,RG,5950,10,F,AK,YP,D
14:12:17,INDF,RG,5950,9,F,BK,YP,D
14:12:17,INDF,RG,5950,4,F,CS,YP,D
14:12:17,INDF,RG,5950,4,F,KZ,YP,D
14:12:17,INDF,RG,5950,9,F,CS,YP,D
14:12:17,INDF,RG,5950,254,F,YU,YP,D
14:12:03,INDF,RG,5950,17,F,YU,BB,D
14:11:59,INDF,RG,5950,8,F,YU,BB,D
14:11:38,INDF,RG,5950,1,F,YU,ZP,F
14:11:37,INDF,RG,5950,300,F,YU,SQ,D
14:11:33,INDF,RG,5950,1,F,YU,PD,D
14:11:31,INDF,RG,5950,182,F,YU,SQ,D
14:11:31,INDF,RG,5950,9,F,BK,SQ,D
14:11:31,INDF,RG,5950,1,D,XC,SQ,D
14:11:31,INDF,RG,5950,1,D,YP,SQ,D
14:11:31,INDF,RG,5950,8,F,ZP,SQ,D
14:11:31,INDF,RG,5950,52,F,ZP,SQ,D
14:11:31,INDF,RG,5950,3,D,XA,SQ,D
14:11:31,INDF,RG,5950,44,D,GR,SQ,D
14:11:23,INDF,RG,5950,4,D,GR,PD,D
14:11:21,INDF,RG,5975,1,D,CC,YP,D
14:11:15,INDF,RG,5950,2,D,GR,BB,D
14:11:15,INDF,RG,5950,1,D,CC,BB,D
14:11:15,INDF,RG,5950,4,D,EP,BB,D
14:11:15,INDF,RG,5950,11,D,YP,BB,D
14:10:56,INDF,RG,5950,5,D,YP,BB,D
14:10:56,INDF,RG,5950,4,F,CS,BB,D
14:10:47,INDF,RG,5950,1,F,CS,ZP,F
14:10:23,INDF,RG,5950,3,F,CS,BB,D
14:10:23,INDF,RG,5950,1,F,CS,BB,D
14:10:23,INDF,RG,5950,4,F,CS,BB,D
14:10:23,INDF,RG,5950,2,F,CS,BB,D
14:10:23,INDF,RG,5950,2,F,KZ,BB,D
14:10:23,INDF,RG,5950,8,F,ZP,BB,D
14:10:17,INDF,RG,5950,2,F,ZP,XC,D
14:10:04,INDF,RG,5950,19,F,ZP,AK,F
14:10:04,INDF,RG,5950,27,F,YU,AK,F
14:10:03,INDF,RG,5950,33,F,YU,NI,D
14:09:55,INDF,RG,5975,1,D,CC,YP,D
14:09:53,INDF,RG,5950,9,F,YU,BB,D
14:09:51,INDF,RG,5950,20,F,YU,SQ,D
14:09:43,INDF,RG,5950,2,F,YU,SQ,D
14:09:27,INDF,RG,5950,17,F,YU,BB,D
14:09:23,INDF,RG,5950,17,F,YU,CP,D
14:09:15,INDF,RG,5950,2,F,YU,YP,D
14:09:12,INDF,RG,5950,3,F,YU,XC,D
14:09:02,INDF,RG,5950,2,F,YU,ZP,F
14:08:45,INDF,RG,5950,1,F,YU,BB,D
14:08:05,INDF,RG,5975,16,D,XA,YP,D
14:08:05,INDF,RG,5975,3,D,XA,DH,D
14:08:05,INDF,RG,5975,1,D,XA,YP,D
14:08:05,INDF,RG,5975,10,D,XA,KK,D
14:07:36,INDF,RG,5950,30,F,YU,LG,D
14:07:32,INDF,RG,5950,1,F,YU,ZP,F
14:07:32,INDF,RG,5950,500,F,YU,EP,D
14:07:24,INDF,RG,5950,99,F,YU,YP,D
14:07:24,INDF,RG,5950,1,D,CC,YP,D
14:07:12,INDF,RG,5950,20,D,NI,AK,F
14:07:12,INDF,RG,5950,8,D,XC,AK,F
14:07:12,INDF,RG,5950,2,D,YP,AK,F
14:07:12,INDF,RG,5950,9,F,AK,AK,F
14:07:12,INDF,RG,5950,9,D,GR,AK,F
14:07:12,INDF,RG,5950,10,D,YP,AK,F
14:07:12,INDF,RG,5950,40,D,ZP,AK,F
14:07:12,INDF,RG,5950,4,F,CS,AK,F
14:07:12,INDF,RG,5950,3,F,CS,AK,F
14:07:12,INDF,RG,5950,1,F,CS,AK,F
14:07:12,INDF,RG,5950,2,F,CS,AK,F
14:07:12,INDF,RG,5950,100,D,SQ,AK,F
14:07:12,INDF,RG,5950,5,F,ZP,AK,F
14:07:12,INDF,RG,5950,49,F,KZ,AK,F
14:07:12,INDF,RG,5950,21,F,ZP,AK,F
14:07:12,INDF,RG,5950,10,D,NI,AK,F
14:07:12,INDF,RG,5950,2,F,ZP,AK,F
14:07:12,INDF,RG,5950,25,D,YP,AK,F
14:07:12,INDF,RG,5950,1,D,KK,AK,F
14:07:12,INDF,RG,5950,6,D,EP,AK,F
14:07:12,INDF,RG,5950,2,F,KZ,AK,F
14:07:12,INDF,RG,5950,10,D,XL,AK,F
14:07:12,INDF,RG,5950,3,F,KZ,AK,F
14:07:12,INDF,RG,5950,23,F,BK,AK,F
14:07:12,INDF,RG,5950,5,F,KZ,AK,F
14:07:12,INDF,RG,5950,11,F,BK,AK,F
14:07:12,INDF,RG,5950,3,F,ZP,AK,F
14:07:12,INDF,RG,5950,8,F,CS,AK,F
14:07:12,INDF,RG,5950,12,F,KZ,AK,F
14:07:12,INDF,RG,5950,5,F,KZ,AK,F
14:07:12,INDF,RG,5950,1,F,CS,AK,F
14:07:12,INDF,RG,5950,10,D,XC,AK,F
14:07:12,INDF,RG,5950,2,F,CS,AK,F
14:07:12,INDF,RG,5950,2,F,CS,AK,F
14:07:12,INDF,RG,5950,24,F,ZP,AK,F
14:07:12,INDF,RG,5950,1,F,CS,AK,F
14:07:12,INDF,RG,5950,2,F,CS,AK,F
14:07:12,INDF,RG,5950,3,F,ZP,AK,F
14:07:12,INDF,RG,5950,633,F,YU,AK,F
14:06:54,INDF,RG,5950,2,F,YU,MU,D
14:06:52,INDF,RG,5950,40,F,YU,CC,D
14:06:41,INDF,RG,5950,34,F,YU,DR,D
14:06:41,INDF,RG,5975,5,F,AK,KK,D
14:06:41,INDF,RG,5975,4,F,AK,OD,D
14:06:40,INDF,RG,5950,1,F,YU,CC,D
14:06:33,INDF,RG,5950,2,F,YU,XC,D
14:05:42,INDF,RG,5950,6,F,YU,DR,D
14:05:37,INDF,RG,5975,1,D,CC,OD,D
14:05:28,INDF,RG,5975,9,F,BK,OD,D
14:05:18,INDF,RG,5975,1,D,XC,OD,D
14:03:44,INDF,RG,5975,5,F,AK,OD,D
14:03:44,INDF,RG,5975,3,F,AK,YP,D
14:03:44,INDF,RG,5975,4,F,AK,YP,D
14:03:43,INDF,RG,5950,1,F,YU,AK,F
14:03:43,INDF,RG,5950,44,F,YU,BB,D
14:03:43,INDF,RG,5950,2,F,YU,YP,D
14:03:43,INDF,RG,5950,11,F,YU,AK,F
14:03:43,INDF,RG,5950,77,F,YU,BB,D
14:03:43,INDF,RG,5950,1,F,YU,BB,D
14:03:43,INDF,RG,5950,11,F,YU,AK,F
14:03:43,INDF,RG,5950,80,F,YU,DX,F
14:03:43,INDF,RG,5950,4,F,YU,BB,D
14:03:37,INDF,RG,5950,20,D,NI,BB,D
14:03:23,INDF,RG,5950,1,D,CC,BB,D
14:03:23,INDF,RG,5950,5,D,CC,AK,F
14:03:23,INDF,RG,5950,33,D,CC,AK,F
14:03:23,INDF,RG,5950,6,D,CC,BB,D
14:03:07,INDF,RG,5950,13,F,KZ,BB,D
14:03:06,INDF,RG,5950,17,F,KZ,BB,D
14:03:06,INDF,RG,5950,13,F,KZ,BB,D
14:03:06,INDF,RG,5950,2,F,KZ,BB,D
14:03:06,INDF,RG,5950,13,F,KZ,BB,D
14:03:05,INDF,RG,5950,6,F,CS,BB,D
14:03:05,INDF,RG,5950,1,D,CC,BB,D
14:03:05,INDF,RG,5950,255,F,YU,AK,F
14:03:04,INDF,RG,5950,1,F,CS,AK,F
14:03:04,INDF,RG,5950,5,F,CS,AK,F
14:03:04,INDF,RG,5950,197,F,ZP,AK,F
14:03:04,INDF,RG,5950,26,F,ZP,AK,F
14:03:04,INDF,RG,5950,9,F,CS,AK,F
14:03:04,INDF,RG,5950,3,F,CS,AK,F
14:03:04,INDF,RG,5950,52,F,YU,AK,F
14:03:04,INDF,RG,5950,1,F,YU,AK,F
14:03:04,INDF,RG,5950,106,F,YU,AK,F
14:03:04,INDF,RG,5950,345,F,YU,AK,F
14:03:04,INDF,RG,5950,1,F,YU,AK,F
14:03:04,INDF,RG,5950,1,F,YU,AK,F
14:03:04,INDF,RG,5950,1,F,YU,AK,F
14:03:04,INDF,RG,5950,1,F,YU,AK,F
14:03:04,INDF,RG,5950,60,F,YU,PD,D
14:03:04,INDF,RG,5950,20,F,YU,YP,D
14:03:04,INDF,RG,5950,9,F,YU,BK,F
14:03:04,INDF,RG,5950,97,F,YU,BB,D
14:03:04,INDF,RG,5950,1,F,YU,AK,F
14:03:04,INDF,RG,5950,1,F,YU,AK,F
14:03:04,INDF,RG,5950,41,F,YU,SQ,D
14:03:04,INDF,RG,5950,331,F,YU,XC,D
14:03:04,INDF,RG,5950,1,F,YU,PD,D
14:03:04,INDF,RG,5950,6,F,YU,AK,F
14:03:04,INDF,RG,5950,90,F,YU,DX,F
14:03:04,INDF,RG,5950,377,F,YU,AK,F
14:03:04,INDF,RG,5950,485,F,YU,RX,D
14:03:04,INDF,RG,5950,203,F,YU,BB,D
14:03:04,INDF,RG,5950,151,F,YU,CC,F
14:03:04,INDF,RG,5950,25,F,YU,XC,D
14:03:04,INDF,RG,5950,6,F,YU,ZP,F
14:03:04,INDF,RG,5950,2,F,YU,XC,D
14:03:04,INDF,RG,5950,1,F,YU,AK,F
14:03:04,INDF,RG,5950,2,F,YU,AK,F
14:03:04,INDF,RG,5950,12,F,YU,GR,D
14:03:04,INDF,RG,5950,35,F,YU,IF,D
14:03:04,INDF,RG,5950,27,F,YU,YP,D
14:03:04,INDF,RG,5950,100,F,YU,YP,D
14:03:04,INDF,RG,5950,100,F,YU,YP,D
14:03:04,INDF,RG,5950,138,F,YU,CS,F
14:03:04,INDF,RG,5950,79,F,YU,DX,F
14:03:04,INDF,RG,5950,16,F,YU,RX,D
14:03:04,INDF,RG,5950,2,F,YU,AK,F
14:03:04,INDF,RG,5950,1,F,YU,AK,F
14:03:04,INDF,RG,5950,1710,F,YU,RF,D
14:03:04,INDF,RG,5950,5,F,YU,ZP,F
14:03:04,INDF,RG,5950,103,F,YU,YU,D
14:02:47,INDF,RG,5950,1,D,CC,YU,D
14:02:45,INDF,RG,5925,55,D,DR,PD,D
14:02:45,INDF,RG,5925,1,D,LG,PD,D
14:02:45,INDF,RG,5925,1,D,XL,PD,D
14:02:45,INDF,RG,5925,3,D,GR,PD,D
14:02:45,INDF,RG,5925,2,D,GR,AZ,D
14:02:45,INDF,RG,5925,3,D,NI,AZ,D
14:02:30,INDF,RG,5950,896,F,YU,YU,D
14:02:30,INDF,RG,5950,1,F,YU,KK,D
14:02:30,INDF,RG,5950,10,F,YU,PC,D
14:02:30,INDF,RG,5950,1,F,YU,XC,D
14:02:30,INDF,RG,5950,1,F,YU,AK,F
14:02:30,INDF,RG,5950,5,F,YU,AK,F
14:02:30,INDF,RG,5950,300,F,YU,RX,D
14:02:30,INDF,RG,5950,34,F,YU,CC,D
14:02:30,INDF,RG,5950,118,F,YU,DX,F
14:02:30,INDF,RG,5950,1,F,YU,NI,D
14:02:30,INDF,RG,5950,8,F,YU,BB,D
14:02:30,INDF,RG,5950,1,F,YU,BB,D
14:02:30,INDF,RG,5950,10,F,YU,BK,F
14:02:30,INDF,RG,5950,3,F,YU,XL,D
14:02:30,INDF,RG,5950,5,F,YU,ZP,F
14:02:30,INDF,RG,5950,267,F,YU,YU,D
14:02:27,INDF,RG,5925,1,F,YU,BB,D
14:02:16,INDF,RG,5950,10,D,CC,YU,D
14:02:11,INDF,RG,5925,1,F,YU,PD,D
14:01:51,INDF,RG,5950,11,F,BK,YU,D
14:01:41,INDF,RG,5950,100,D,YP,YU,D
14:01:33,INDF,RG,5925,1,F,YU,PD,D
14:01:30,INDF,RG,5925,1,F,YU,BB,D
14:01:21,INDF,RG,5950,1,D,CC,YU,D
14:01:05,INDF,RG,5925,1,F,YU,PD,D
14:01:01,INDF,RG,5950,1,F,ZP,YU,D
14:00:57,INDF,RG,5925,1,F,YU,CD,D
14:00:44,INDF,RG,5950,1,D,PD,YU,D
14:00:43,INDF,RG,5950,5,D,PD,YU,D
14:00:42,INDF,RG,5925,1,F,YU,PD,D
14:00:35,INDF,RG,5950,12,F,AK,YU,D
14:00:28,INDF,RG,5950,1,D,PD,YU,D
14:00:19,INDF,RG,5925,1,F,YU,PD,D
14:00:19,INDF,RG,5950,2,D,YP,YU,D
13:59:58,INDF,RG,5925,2,F,YU,DH,D
13:59:55,INDF,RG,5950,1,D,CC,YU,D
13:59:53,INDF,RG,5950,88,D,YU,YU,D
13:59:53,INDF,RG,5950,75,D,YU,XL,D
13:59:53,INDF,RG,5950,25,D,YU,PD,D
13:59:53,INDF,RG,5950,10,D,YU,PD,D
13:59:53,INDF,RG,5950,1,D,YU,SQ,D
13:59:53,INDF,RG,5950,1,D,YU,RX,D
13:59:52,INDF,RG,5950,1,D,PD,RX,D
13:59:52,INDF,RG,5925,244,F,YU,AK,F
13:59:52,INDF,RG,5925,3,D,PD,AK,F
13:59:52,INDF,RG,5925,5,D,NI,AK,F
13:59:52,INDF,RG,5925,136,F,YU,AK,F
13:59:52,INDF,RG,5925,10,D,CC,AK,F
13:59:52,INDF,RG,5925,2,D,NI,AK,F
13:59:52,INDF,RG,5925,150,D,AZ,AK,F
13:59:52,INDF,RG,5925,5,D,XC,AK,F
13:59:52,INDF,RG,5925,2,D,XA,AK,F
13:59:52,INDF,RG,5925,5,D,CC,AK,F
13:59:52,INDF,RG,5925,2,D,PD,AK,F
13:59:52,INDF,RG,5925,1,D,XC,AK,F
13:59:52,INDF,RG,5925,16,D,YP,AK,F
13:59:52,INDF,RG,5925,1,D,YP,AK,F
13:59:52,INDF,RG,5925,5,D,SQ,AK,F
13:59:52,INDF,RG,5925,1,D,KK,AK,F
13:59:52,INDF,RG,5925,1,D,XC,AK,F
13:59:52,INDF,RG,5925,100,D,YP,AK,F
13:59:52,INDF,RG,5925,9,D,CC,AK,F
13:59:52,INDF,RG,5925,2,D,PD,AK,F
13:59:52,INDF,RG,5925,5,D,YP,AK,F
13:59:52,INDF,RG,5925,1,D,CC,AK,F
13:59:52,INDF,RG,5925,1,D,CC,AK,F
13:59:52,INDF,RG,5925,1,D,XC,AK,F
13:59:52,INDF,RG,5925,10,D,CC,AK,F
13:59:52,INDF,RG,5925,10,D,ZP,AK,F
13:59:52,INDF,RG,5925,2,D,PD,AK,F
13:59:52,INDF,RG,5925,84,D,YU,AK,F
13:59:52,INDF,RG,5925,20,D,CC,AK,F
13:59:52,INDF,RG,5925,5,D,GR,AK,F
13:59:52,INDF,RG,5925,5,D,PD,AK,F
13:59:52,INDF,RG,5925,10,D,PD,AK,F
13:59:52,INDF,RG,5925,3,D,SQ,AK,F
13:59:52,INDF,RG,5925,2,D,EP,AK,F
13:59:52,INDF,RG,5925,5,D,NI,AK,F
13:59:52,INDF,RG,5925,5,D,YP,AK,F
13:59:52,INDF,RG,5925,100,D,YP,AK,F
13:59:52,INDF,RG,5925,3,D,PD,AK,F
13:59:52,INDF,RG,5925,5,D,XC,AK,F
13:59:52,INDF,RG,5925,1,D,ID,AK,F
13:59:52,INDF,RG,5925,1,D,PD,AK,F
13:59:52,INDF,RG,5925,4,D,CC,AK,F
13:59:52,INDF,RG,5925,3,D,EP,AK,F
13:59:52,INDF,RG,5925,4,D,CC,AK,F
13:59:52,INDF,RG,5925,10,D,YP,AK,F
13:59:51,INDF,RG,5925,1,D,YP,BB,D
13:59:35,INDF,RG,5950,7,D,YU,RX,D
13:59:35,INDF,RG,5950,11,D,YU,BB,D
13:59:35,INDF,RG,5950,132,D,YU,AK,F
13:59:24,INDF,RG,5925,89,D,YP,YU,D
13:59:24,INDF,RG,5925,1,D,PD,YU,D
13:59:24,INDF,RG,5925,8,F,ZP,YU,D
13:59:24,INDF,RG,5925,10,D,YP,YU,D
13:59:24,INDF,RG,5925,10,D,YP,YU,D
13:59:24,INDF,RG,5925,20,D,NI,YU,D
13:59:24,INDF,RG,5925,2,D,ZP,YU,D
13:59:24,INDF,RG,5925,10,D,PD,YU,D
13:59:24,INDF,RG,5925,1,D,YB,YU,D
13:59:24,INDF,RG,5925,10,D,SQ,YU,D
13:59:24,INDF,RG,5925,16,D,XL,YU,D
13:59:24,INDF,RG,5925,1,D,YP,YU,D
13:59:24,INDF,RG,5925,2,D,PD,YU,D
13:59:24,INDF,RG,5925,2,D,PD,YU,D
13:59:24,INDF,RG,5925,10,D,CC,YU,D
13:59:24,INDF,RG,5925,50,D,PD,YU,D
13:59:24,INDF,RG,5925,1,D,PD,YU,D
13:59:24,INDF,RG,5925,10,D,NI,YU,D
13:59:24,INDF,RG,5925,50,D,GR,YU,D
13:59:24,INDF,RG,5925,1,D,YP,YU,D
13:59:24,INDF,RG,5925,1,D,XC,YU,D
13:59:24,INDF,RG,5925,63,D,NI,YU,D
13:59:24,INDF,RG,5925,2,D,XL,YU,D
13:59:24,INDF,RG,5925,20,D,PD,YU,D
13:59:24,INDF,RG,5925,1,D,KK,YU,D
13:59:24,INDF,RG,5925,4,D,CC,YU,D
13:59:24,INDF,RG,5925,1,D,XC,YU,D
13:59:24,INDF,RG,5925,2,D,XC,YU,D
13:59:24,INDF,RG,5925,10,D,OD,YU,D
13:59:24,INDF,RG,5925,10,D,CC,YU,D
13:59:24,INDF,RG,5925,1,D,XC,YU,D
13:59:24,INDF,RG,5925,10,D,DH,YU,D
13:59:24,INDF,RG,5925,1,D,SQ,YU,D
13:59:24,INDF,RG,5925,1,D,CC,YU,D
13:59:24,INDF,RG,5925,1,D,KK,YU,D
13:59:24,INDF,RG,5925,10,D,SQ,YU,D
13:59:24,INDF,RG,5925,10,D,IP,YU,D
13:59:24,INDF,RG,5925,1,D,PD,YU,D
13:59:24,INDF,RG,5925,2,D,XC,YU,D
13:59:24,INDF,RG,5925,4,D,NI,YU,D
13:59:24,INDF,RG,5925,1,D,CC,YU,D
13:59:24,INDF,RG,5925,2,D,CC,YU,D
13:59:24,INDF,RG,5925,3,D,YP,YU,D
13:59:24,INDF,RG,5925,1,D,CC,YU,D
13:59:24,INDF,RG,5925,1,D,PD,YU,D
13:59:24,INDF,RG,5925,25,D,CC,YU,D
13:59:24,INDF,RG,5925,5,D,CC,YU,D
13:59:24,INDF,RG,5925,1,D,XL,YU,D
13:59:24,INDF,RG,5925,9,D,YP,YU,D
13:59:24,INDF,RG,5925,1,F,ZP,YU,D
13:59:24,INDF,RG,5925,4,D,KK,YU,D
13:59:24,INDF,RG,5925,1,D,PD,YU,D
13:59:24,INDF,RG,5925,1,D,DR,YU,D
13:59:24,INDF,RG,5925,2,D,YB,YU,D
13:59:24,INDF,RG,5925,100,D,YP,YU,D
13:59:24,INDF,RG,5925,10,D,PD,YU,D
13:59:24,INDF,RG,5925,100,D,PD,YU,D
13:59:24,INDF,RG,5925,5,D,XC,YU,D
13:59:24,INDF,RG,5925,1,D,SQ,YU,D
13:59:24,INDF,RG,5925,114,F,YU,YU,D
13:59:24,INDF,RG,5925,4,D,CC,YU,D
13:59:24,INDF,RG,5925,5,D,DR,YU,D
13:59:24,INDF,RG,5925,145,F,YU,YU,D
13:59:10,INDF,RG,5950,5,D,NI,AK,F
13:59:05,INDF,RG,5950,1,D,YP,AK,F
13:59:03,INDF,RG,5925,7,F,YU,RX,D
13:59:02,INDF,RG,5925,1,F,YU,BB,D
13:58:52,INDF,RG,5950,2,D,YP,AK,F
13:58:45,INDF,RG,5925,2,F,YU,AK,F
13:58:45,INDF,RG,5950,20,D,GR,AK,F
13:58:45,INDF,RG,5950,1,D,GR,AK,F
13:58:45,INDF,RG,5950,1,D,GR,AK,F
13:58:45,INDF,RG,5950,74,D,GR,DX,F
13:58:45,INDF,RG,5950,61,D,GR,PD,D
13:58:45,INDF,RG,5950,1,D,GR,PD,D
13:58:45,INDF,RG,5950,15,D,GR,AK,F
13:58:29,INDF,RG,5950,1,D,CC,AK,F
13:58:26,INDF,RG,5925,9,F,YU,YP,D
13:58:26,INDF,RG,5950,2,D,PD,AK,F
13:58:17,INDF,RG,5925,1,F,YU,AK,F
13:58:16,INDF,RG,5925,1,F,YU,BB,D
13:58:06,INDF,RG,5950,1,F,YP,AK,F
13:57:48,INDF,RG,5950,1,D,PD,AK,F
13:57:40,INDF,RG,5925,1,F,YU,AK,F
13:57:39,INDF,RG,5925,4,F,YU,PD,D
13:57:28,INDF,RG,5925,1,F,YU,PD,D
13:57:24,INDF,RG,5925,1,F,YU,BB,D
13:57:18,INDF,RG,5925,1,F,YU,PD,D
13:57:08,INDF,RG,5925,1,F,YU,PD,D
13:57:03,INDF,RG,5950,1,D,CC,AK,F
13:57:02,INDF,RG,5950,1,F,ZP,AK,F
13:56:45,INDF,RG,5925,1,F,YU,AK,F
13:56:45,INDF,RG,5925,1,F,YU,AK,F
13:56:33,INDF,RG,5925,1,F,YU,BB,D
13:56:02,INDF,RG,5950,7,D,TP,AK,F
13:56:02,INDF,RG,5950,2,D,TP,ZP,F
13:56:02,INDF,RG,5950,20,D,TP,SQ,D
13:56:02,INDF,RG,5950,50,D,TP,DX,F
13:55:52,INDF,RG,5950,19,D,AZ,DX,F
13:55:46,INDF,RG,5950,24,D,YP,DX,F
13:55:46,INDF,RG,5950,6,D,YP,SQ,D
13:55:37,INDF,RG,5950,1,D,CC,SQ,D
13:55:36,INDF,RG,5925,2,F,YU,XC,D
13:55:27,INDF,RG,5925,48,F,YU,FS,D
13:55:27,INDF,RG,5925,3,D,NI,FS,D
13:55:27,INDF,RG,5925,49,F,YU,FS,D
13:55:16,INDF,RG,5925,1,F,YU,PD,D
13:55:15,INDF,RG,5950,14,F,AK,SQ,D
13:55:14,INDF,RG,5925,10,F,YU,SQ,D
13:55:11,INDF,RG,5950,1,D,XC,SQ,D
13:54:46,INDF,RG,5925,1,F,YU,BB,D
13:54:36,INDF,RG,5950,70,D,YP,SQ,D
13:54:30,INDF,RG,5925,2,F,YU,AK,F
13:54:28,INDF,RG,5950,30,D,YP,SQ,D
13:54:18,INDF,RG,5950,78,F,ZP,SQ,D
13:54:18,INDF,RG,5950,2,F,ZP,ZP,F
13:54:18,INDF,RG,5950,7,F,ZP,RX,D
13:54:11,INDF,RG,5950,1,D,CC,RX,D
13:54:00,INDF,RG,5950,8,F,AK,RX,D
13:53:57,INDF,RG,5925,1,F,YU,BB,D
13:53:33,INDF,RG,5925,1,F,YU,YP,D
13:53:27,INDF,RG,5950,50,D,YP,RX,D
13:53:08,INDF,RG,5925,1,D,XC,BB,D
13:52:52,INDF,RG,5950,8,F,ZP,RX,D
13:52:45,INDF,RG,5950,1,D,CC,RX,D
13:52:29,INDF,RG,5925,1,D,XC,SQ,D
13:52:29,INDF,RG,5925,9,D,PD,SQ,D
13:52:21,INDF,RG,5925,1,D,PD,BB,D
13:52:21,INDF,RG,5925,4,F,YU,BB,D
13:52:19,INDF,RG,5925,1,F,YU,BB,D
13:52:15,INDF,RG,5950,10,F,AK,RX,D
13:52:05,INDF,RG,5950,1,D,PD,RX,D
13:51:57,INDF,RG,5950,28,D,YP,RX,D
13:51:57,INDF,RG,5950,22,D,YP,RX,D
13:51:51,INDF,RG,5950,3,D,NI,RX,D
13:51:33,INDF,RG,5950,1,D,PD,RX,D
13:51:33,INDF,RG,5950,3,D,PD,BB,D
13:51:33,INDF,RG,5950,4,D,PD,DX,F
13:51:32,INDF,RG,5950,1,D,HP,DX,F
13:51:25,INDF,RG,5950,17,F,KZ,DX,F
13:51:22,INDF,RG,5925,7,F,YU,BB,D
13:51:19,INDF,RG,5950,1,D,CC,DX,F
13:51:13,INDF,RG,5950,1,D,PD,DX,F
13:51:13,INDF,RG,5925,5,F,YU,PD,D
13:50:45,INDF,RG,5925,1,F,YU,BB,D
13:50:33,INDF,RG,5925,10,D,CC,KK,D
13:50:25,INDF,RG,5925,1,D,CC,BB,D
13:50:25,INDF,RG,5925,7,F,YU,BB,D
13:50:24,INDF,RG,5950,17,F,ZP,DX,F
13:50:20,INDF,RG,5950,19,F,ZP,DX,F
13:49:53,INDF,RG,5950,1,D,CC,DX,F
13:49:49,INDF,RG,5950,16,F,KZ,DX,F
13:49:47,INDF,RG,5925,1,F,YU,BB,D
13:49:47,INDF,RG,5925,1,F,YU,BB,D
13:49:46,INDF,RG,5950,1,F,KZ,DX,F
13:49:45,INDF,RG,5950,50,D,GR,DX,F
13:49:45,INDF,RG,5950,9,F,AK,DX,F
13:49:31,INDF,RG,5925,6,F,YU,BB,D
13:49:14,INDF,RG,5950,2,F,ZP,DX,F
13:49:14,INDF,RG,5950,1,F,ZP,AK,F
13:49:14,INDF,RG,5950,1,F,ZP,AK,F
13:49:14,INDF,RG,5950,15,F,ZP,BB,D
13:49:14,INDF,RG,5950,14,F,ZP,AK,F
13:49:12,INDF,RG,5950,5,D,YP,AK,F
13:49:12,INDF,RG,5950,43,D,XC,AK,F
13:49:07,INDF,RG,5925,9,F,YU,CC,D
13:49:07,INDF,RG,5925,1,D,YP,CC,D
13:49:00,INDF,RG,5925,4,D,YP,BB,D
13:49:00,INDF,RG,5925,1,D,SQ,BB,D
13:49:00,INDF,RG,5925,1,D,PD,BB,D
13:49:00,INDF,RG,5925,1,D,DH,BB,D
13:49:00,INDF,RG,5925,1,D,PD,BB,D
13:49:00,INDF,RG,5925,1,D,XC,BB,D
13:49:00,INDF,RG,5925,1,D,PD,BB,D
13:49:00,INDF,RG,5925,1,D,PD,BB,D
13:49:00,INDF,RG,5925,5,D,PD,BB,D
13:49:00,INDF,RG,5925,1,D,KK,BB,D
13:49:00,INDF,RG,5925,2,D,GR,BB,D
13:48:54,INDF,RG,5925,1,D,GR,BB,D
13:48:52,INDF,RG,5925,4,D,GR,LG,D
13:48:42,INDF,RG,5925,1,D,GR,AK,F
13:48:42,INDF,RG,5925,1,D,PD,AK,F
13:48:41,INDF,RG,5925,2,D,PD,BB,D
13:48:41,INDF,RG,5925,6,D,CP,BB,D
13:48:38,INDF,RG,5925,4,D,CP,XC,D
13:48:38,INDF,RG,5925,2,D,XL,XC,D
13:48:38,INDF,RG,5925,3,D,ZP,XC,D
13:48:37,INDF,RG,5950,30,D,PD,AK,F
13:48:33,INDF,RG,5950,180,D,NI,AK,F
13:48:29,INDF,RG,5950,1,D,CC,AK,F
13:48:28,INDF,RG,5950,5,D,YP,AK,F
13:48:11,INDF,RG,5925,2,D,ZP,XA,D
13:48:11,INDF,RG,5925,1,D,XL,XA,D
13:48:11,INDF,RG,5925,4,D,NI,XA,D
13:48:11,INDF,RG,5925,1,D,XC,XA,D
13:48:11,INDF,RG,5925,2,D,CC,XA,D
13:48:09,INDF,RG,5925,3,D,CC,BB,D
13:48:09,INDF,RG,5925,1,D,DH,BB,D
13:48:09,INDF,RG,5925,1,D,XC,BB,D
13:48:09,INDF,RG,5925,13,D,YP,BB,D
13:48:04,INDF,RG,5925,1,D,YP,BB,D
13:48:03,INDF,RG,5950,32,D,DH,AK,F
13:47:57,INDF,RG,5925,1,D,YP,PD,D
13:47:55,INDF,RG,5950,1,D,YP,AK,F
13:47:43,INDF,RG,5925,7,D,YP,BB,D
13:47:31,INDF,RG,5950,16,F,KZ,AK,F
13:47:28,INDF,RG,5950,7,D,PD,AK,F
13:47:23,INDF,RG,5925,18,D,YP,XC,D
13:47:18,INDF,RG,5925,19,D,YP,BB,D
13:47:18,INDF,RG,5925,1,D,YP,BB,D
13:47:13,INDF,RG,5950,1,F,KZ,AK,F
13:47:13,INDF,RG,5950,1,D,PD,AK,F
13:47:12,INDF,RG,5950,99,F,ZP,AK,F
13:47:03,INDF,RG,5950,1,D,CC,AK,F
13:46:49,INDF,RG,5925,7,D,YP,BB,D
13:46:26,INDF,RG,5925,18,D,YP,BB,D
13:46:23,INDF,RG,5950,10,D,PD,AK,F
13:46:21,INDF,RG,5950,5,D,PD,AK,F
13:46:06,INDF,RG,5950,2,D,XC,AK,F
13:46:06,INDF,RG,5950,1,D,XC,DX,D
13:46:03,INDF,RG,5925,6,D,YP,BB,D
13:45:40,INDF,RG,5950,1,D,PD,DX,D
13:45:40,INDF,RG,5950,7,D,PD,RX,D
13:45:39,INDF,RG,5950,1,D,PD,RX,D
13:45:37,INDF,RG,5950,1,D,CC,RX,D
13:45:34,INDF,RG,5925,9,D,YP,BB,D
13:45:34,INDF,RG,5925,10,D,CC,BB,D
13:45:34,INDF,RG,5925,1,D,DH,BB,D
13:45:13,INDF,RG,5925,4,D,DH,BB,D
13:45:13,INDF,RG,5925,3,D,CC,BB,D
13:44:38,INDF,RG,5925,22,D,CC,BB,D
13:44:36,INDF,RG,5950,6,D,KK,RX,D
13:44:27,INDF,RG,5925,5,D,CC,BB,D
13:44:27,INDF,RG,5925,1,D,PD,BB,D
13:44:27,INDF,RG,5950,5,D,DH,RX,D
13:44:27,INDF,RG,5950,27,D,DH,CC,F
13:44:26,INDF,RG,5950,10,D,YP,CC,F
13:44:11,INDF,RG,5950,1,D,CC,CC,F
13:44:11,INDF,RG,5950,1,F,KZ,CC,F
13:44:10,INDF,RG,5950,28,D,DH,CC,F
13:44:10,INDF,RG,5950,4,D,DH,XC,D
13:43:38,INDF,RG,5925,4,D,PD,BB,D
13:43:38,INDF,RG,5925,2,D,SQ,BB,D
13:43:38,INDF,RG,5925,1,D,YP,BB,D
13:43:38,INDF,RG,5925,10,D,BQ,BB,D
13:43:36,INDF,RG,5925,4,D,NI,BB,D
13:42:50,INDF,RG,5925,3,D,NI,BB,D
13:42:49,INDF,RG,5925,4,D,NI,CC,D
13:42:49,INDF,RG,5950,7,D,NI,XC,D
13:42:47,INDF,RG,5950,3,D,PD,BB,D
13:42:39,INDF,RG,5950,5,F,ZP,BB,D
13:42:39,INDF,RG,5950,1,F,ZP,BB,D
13:42:39,INDF,RG,5950,15,F,ZP,BB,D
13:42:39,INDF,RG,5950,1,F,ZP,ZP,F
13:42:39,INDF,RG,5950,4,F,ZP,AK,F
13:42:39,INDF,RG,5950,1,F,ZP,AK,F
13:42:39,INDF,RG,5950,31,F,ZP,YU,D
13:42:26,INDF,RG,5950,6,F,CS,YU,D
13:42:26,INDF,RG,5950,8,F,CS,YU,D
13:42:26,INDF,RG,5950,8,F,CS,YU,D
13:42:26,INDF,RG,5950,10,F,CS,YU,D
13:42:26,INDF,RG,5950,5,D,PD,YU,D
13:42:26,INDF,RG,5950,1,F,CS,YU,D
13:42:26,INDF,RG,5950,4,F,CS,YU,D
13:42:26,INDF,RG,5950,2,F,ZP,YU,D
13:42:26,INDF,RG,5950,1,D,CC,YU,D
13:42:26,INDF,RG,5950,3,F,CS,YU,D
13:42:26,INDF,RG,5950,2,F,CS,YU,D
13:42:26,INDF,RG,5950,5,F,CS,YU,D
13:42:26,INDF,RG,5950,1,F,CS,YU,D
13:42:26,INDF,RG,5950,2,D,AT,YU,D
13:42:26,INDF,RG,5950,10,D,GR,YU,D
13:42:26,INDF,RG,5950,1,D,EP,YU,D
13:42:26,INDF,RG,5950,5,D,SQ,YU,D
13:42:26,INDF,RG,5950,59,D,LG,YU,D
13:42:26,INDF,RG,5950,4,D,YP,YU,D
13:42:26,INDF,RG,5950,1,D,DR,YU,D
13:42:26,INDF,RG,5950,15,D,NI,YU,D
13:42:26,INDF,RG,5950,16,F,ZP,YU,D
13:42:18,INDF,RG,5950,30,F,ZP,YU,D
13:42:18,INDF,RG,5950,6,F,ZP,YU,D
13:42:18,INDF,RG,5950,11,F,BK,YU,D
13:42:18,INDF,RG,5950,11,D,XL,YU,D
13:42:18,INDF,RG,5950,3,D,AT,YU,D
13:42:18,INDF,RG,5950,39,F,KZ,YU,D
13:42:10,INDF,RG,5975,3,D,EP,YP,D
13:42:06,INDF,RG,5950,2,F,KZ,ZP,F
13:42:06,INDF,RG,5950,10,F,KZ,XC,D
13:42:01,INDF,RG,5950,1,F,KZ,BB,D
13:42:01,INDF,RG,5950,1,D,NI,BB,D
13:42:01,INDF,RG,5950,9,F,BK,BB,D
13:42:00,INDF,RG,5950,1,F,BK,BB,D
13:42:00,INDF,RG,5950,1,F,KZ,BB,D
13:42:00,INDF,RG,5950,1,F,KZ,BB,D
13:42:00,INDF,RG,5950,4,F,CS,BB,D
13:42:00,INDF,RG,5950,1,F,CS,BB,D
13:41:19,INDF,RG,5975,1,D,CC,YP,D
13:41:05,INDF,RG,5950,6,F,CS,BB,D
13:41:05,INDF,RG,5950,1,F,CS,BB,D
13:40:56,INDF,RG,5950,1,F,KZ,CC,D
13:40:56,INDF,RG,5950,3,F,CS,CC,D
13:40:56,INDF,RG,5950,6,F,CS,CC,D
13:40:56,INDF,RG,5950,8,D,AO,CC,D
13:40:19,INDF,RG,5950,1,D,AO,ZP,F
13:40:13,INDF,RG,5950,6,D,AO,BB,D
13:40:02,INDF,RG,5950,1,D,AO,PD,D
13:39:53,INDF,RG,5975,1,D,CC,YP,D
13:39:44,INDF,RG,5975,1,D,XL,YP,D
13:39:44,INDF,RG,5975,30,D,XL,AZ,D
13:39:28,INDF,RG,5950,7,D,AO,BB,D
13:38:34,INDF,RG,5950,8,D,AO,BB,D
13:38:27,INDF,RG,5975,1,D,CC,AZ,D
13:38:24,INDF,RG,5950,1,D,AO,XC,D
13:38:13,INDF,RG,5950,2,D,AO,PD,D
13:37:54,INDF,RG,5975,1,F,ZP,AZ,D
13:37:43,INDF,RG,5950,10,D,AO,PD,D
13:37:36,INDF,RG,5950,7,D,AO,BB,D
13:36:33,INDF,RG,5950,1,D,AO,XC,D
13:36:33,INDF,RG,5950,1,D,AO,XC,D
13:36:33,INDF,RG,5950,4,D,AO,AK,F
13:36:19,INDF,RG,5925,9,D,NI,AK,F
13:36:19,INDF,RG,5925,39,D,SQ,AK,F
13:36:18,INDF,RG,5950,3,D,HP,AK,F
13:36:18,INDF,RG,5950,6,D,HP,BB,D
13:36:18,INDF,RG,5950,167,D,HP,DX,F
13:36:18,INDF,RG,5950,1,D,HP,PD,D
13:36:18,INDF,RG,5950,2,D,HP,ZP,F
13:36:18,INDF,RG,5950,5,D,HP,AK,F
13:36:18,INDF,RG,5950,16,D,HP,SQ,D
13:36:03,INDF,RG,5950,1,D,DH,SQ,D
13:35:58,INDF,RG,5950,1,F,KZ,SQ,D
13:35:58,INDF,RG,5950,3,F,CS,SQ,D
13:35:58,INDF,RG,5950,4,F,CS,SQ,D
13:35:58,INDF,RG,5950,1,F,CS,SQ,D
13:35:58,INDF,RG,5950,2,F,CS,SQ,D
13:35:58,INDF,RG,5950,5,F,CS,SQ,D
13:35:58,INDF,RG,5950,2,F,CS,SQ,D
13:35:58,INDF,RG,5950,2,F,CS,SQ,D
13:35:58,INDF,RG,5950,4,F,CS,SQ,D
13:35:57,INDF,RG,5950,1,D,NI,SQ,D
13:35:57,INDF,RG,5950,25,D,YP,SQ,D
13:35:57,INDF,RG,5950,1,D,CC,SQ,D
13:35:57,INDF,RG,5950,10,D,NI,SQ,D
13:35:57,INDF,RG,5950,2,D,XC,SQ,D
13:35:57,INDF,RG,5950,1,F,KZ,SQ,D
13:35:57,INDF,RG,5950,1,D,XA,SQ,D
13:35:57,INDF,RG,5950,3,F,CS,SQ,D
13:35:57,INDF,RG,5950,1,F,CS,SQ,D
13:35:57,INDF,RG,5950,8,F,CS,SQ,D
13:35:57,INDF,RG,5950,9,F,CS,SQ,D
13:35:57,INDF,RG,5950,2,F,CS,SQ,D
13:35:57,INDF,RG,5950,2,F,KZ,SQ,D
13:35:57,INDF,RG,5950,93,F,ZP,SQ,D
13:35:20,INDF,RG,5950,12,F,ZP,AK,F
13:35:20,INDF,RG,5950,8,F,ZP,AK,F
13:35:20,INDF,RG,5950,23,F,ZP,AK,F
13:35:19,INDF,RG,5950,78,F,ZP,AK,F
13:35:19,INDF,RG,5950,23,F,ZP,AK,F
13:35:19,INDF,RG,5950,1,F,KZ,AK,F
13:35:19,INDF,RG,5950,1,F,ZP,AK,F
13:35:19,INDF,RG,5950,5,D,CC,AK,F
13:35:19,INDF,RG,5950,4,F,CS,AK,F
13:35:19,INDF,RG,5950,100,D,YP,AK,F
13:35:19,INDF,RG,5950,5,D,XC,AK,F
13:35:19,INDF,RG,5950,1,D,XC,AK,F
13:35:19,INDF,RG,5950,50,D,SQ,AK,F
13:35:19,INDF,RG,5950,2,D,NI,AK,F
13:35:19,INDF,RG,5950,25,D,NI,AK,F
13:35:19,INDF,RG,5950,1,D,CC,AK,F
13:35:19,INDF,RG,5950,1,D,NI,AK,F
13:35:19,INDF,RG,5950,20,F,KZ,AK,F
13:35:19,INDF,RG,5950,2,D,NI,AK,F
13:35:19,INDF,RG,5950,25,D,PD,AK,F
13:35:19,INDF,RG,5950,50,D,YP,AK,F
13:35:19,INDF,RG,5950,15,D,PD,AK,F
13:35:19,INDF,RG,5950,3,D,CC,AK,F
13:35:19,INDF,RG,5950,11,F,AK,AK,F
13:35:19,INDF,RG,5950,7,F,CS,AK,F
13:35:19,INDF,RG,5950,3,F,CS,AK,F
13:35:19,INDF,RG,5950,2,F,CS,AK,F
13:35:19,INDF,RG,5950,50,D,NI,AK,F
13:35:19,INDF,RG,5950,15,D,NI,AK,F
13:35:18,INDF,RG,5950,185,D,NI,AK,F
13:35:18,INDF,RG,5950,3,D,GR,AK,F
13:35:18,INDF,RG,5950,1,D,KK,AK,F
13:35:18,INDF,RG,5950,10,F,BK,AK,F
13:35:18,INDF,RG,5950,100,D,SQ,AK,F
13:35:18,INDF,RG,5950,4,F,CS,AK,F
13:35:18,INDF,RG,5950,6,F,CS,AK,F
13:35:18,INDF,RG,5950,1,D,NI,AK,F
13:35:18,INDF,RG,5950,23,F,KZ,AK,F
13:35:18,INDF,RG,5950,1,D,PD,AK,F
13:35:18,INDF,RG,5950,3,D,NI,AK,F
13:35:18,INDF,RG,5950,1,F,KZ,AK,F
13:35:18,INDF,RG,5950,162,D,HP,AK,F
13:35:18,INDF,RG,5950,6,D,HP,ZP,F
13:35:18,INDF,RG,5950,1,D,HP,AK,F
13:35:18,INDF,RG,5950,19,D,HP,AK,F
13:35:17,INDF,RG,5950,12,D,HP,AK,F
13:35:17,INDF,RG,5950,5,D,XL,AK,F
13:35:17,INDF,RG,5950,4,F,ZP,AK,F
13:35:17,INDF,RG,5950,2,F,ZP,AK,F
13:35:17,INDF,RG,5950,2,F,KZ,AK,F
13:35:17,INDF,RG,5950,380,F,BK,AK,F
13:35:17,INDF,RG,5950,4,F,KZ,AK,F
13:35:17,INDF,RG,5950,7,F,KZ,AK,F
13:35:17,INDF,RG,5950,11,F,KZ,AK,F
13:35:17,INDF,RG,5950,4,F,CS,AK,F
13:35:17,INDF,RG,5950,2,F,ZP,AK,F
13:35:17,INDF,RG,5950,11,F,BK,AK,F
13:35:17,INDF,RG,5950,4,F,CS,AK,F
13:35:17,INDF,RG,5950,1,F,CS,AK,F
13:35:17,INDF,RG,5950,2,F,ZP,AK,F
13:35:17,INDF,RG,5950,2,F,CS,AK,F
13:35:17,INDF,RG,5950,2,F,CS,AK,F
13:35:17,INDF,RG,5950,21,F,ZP,AK,F
13:35:17,INDF,RG,5950,5,D,YP,AK,F
13:35:17,INDF,RG,5950,17,D,YP,AK,F
13:35:17,INDF,RG,5950,2,D,YP,AK,F
13:35:16,INDF,RG,5950,1,D,YP,AK,F
13:35:16,INDF,RG,5950,9,D,YP,CC,D
13:35:02,INDF,RG,5950,2,D,YP,XC,D
13:34:49,INDF,RG,5950,1,D,YP,AK,F
13:34:49,INDF,RG,5950,30,D,YP,YP,D
13:34:21,INDF,RG,5950,5,D,YP,XC,D
13:34:19,INDF,RG,5950,1,D,YP,PD,D
13:34:11,INDF,RG,5975,1,D,CC,AZ,D
13:33:54,INDF,RG,5975,2,F,ZP,AZ,D
13:33:00,INDF,RG,5975,1,D,CC,AZ,D
13:32:45,INDF,RG,5975,1,D,CC,AZ,D
13:32:36,INDF,RG,5975,1,D,CC,AZ,D
13:32:03,INDF,RG,5975,1,D,PD,AZ,D
13:31:40,INDF,RG,5950,3,D,YP,YP,D
13:31:37,INDF,RG,5975,1,D,PD,AZ,D
13:30:24,INDF,RG,5950,52,D,YP,SQ,D
13:30:16,INDF,RG,5950,61,D,YP,DX,F
13:30:15,INDF,RG,5950,3,D,YP,NI,D
13:30:15,INDF,RG,5950,4,D,YP,YP,D
13:30:15,INDF,RG,5950,5,D,YP,BB,D
13:30:15,INDF,RG,5950,299,D,YP,DX,F
13:30:15,INDF,RG,5950,418,D,YP,YP,D
13:30:15,INDF,RG,5950,100,D,YP,YP,D
13:30:15,INDF,RG,5950,2,D,YP,ZP,F
13:30:15,INDF,RG,5950,2,D,YP,CC,D
13:30:15,INDF,RG,5950,2,D,YP,CC,D
13:30:14,INDF,RG,5950,1,D,YP,CC,D
13:30:14,INDF,RG,5950,20,D,NI,AK,F
13:30:14,INDF,RG,5950,42,D,YP,AK,F
13:30:13,INDF,RG,5950,1,D,YP,AK,F
13:30:12,INDF,RG,5950,68,D,CC,AK,F
13:30:12,INDF,RG,5950,235,D,CC,AK,F
13:30:12,INDF,RG,5950,8,D,CC,BB,D
13:30:12,INDF,RG,5950,235,D,CC,AK,F
13:30:12,INDF,RG,5950,35,D,CC,CC,F
13:30:12,INDF,RG,5950,1,D,CC,AK,F
13:30:12,INDF,RG,5950,258,D,CC,CS,F
13:30:12,INDF,RG,5950,1,F,KZ,CS,F
13:30:10,INDF,RG,5950,2,D,CC,CS,F
13:30:10,INDF,RG,5950,97,D,CC,CS,F
13:30:10,INDF,RG,5950,2,D,CC,XC,D
13:30:09,INDF,RG,5950,1,F,CS,AK,F
13:30:09,INDF,RG,5950,2,D,XL,AK,F
13:30:09,INDF,RG,5950,1,D,XL,KK,D
13:30:08,INDF,RG,5950,3,D,XC,AK,F
13:30:08,INDF,RG,5950,5,F,KZ,AK,F
13:30:08,INDF,RG,5950,8,F,KZ,AK,F
13:30:08,INDF,RG,5950,5,F,KZ,AK,F
13:30:08,INDF,RG,5950,5,D,PD,AK,F
13:30:08,INDF,RG,5950,1,D,XL,AK,F
13:30:08,INDF,RG,5950,2,D,XL,AK,F
13:30:08,INDF,RG,5950,2,D,XL,AK,F
13:30:08,INDF,RG,5950,2,D,XL,AK,F
13:30:07,INDF,RG,5950,2,D,XC,AK,F
13:30:07,INDF,RG,5950,2,D,XC,AK,F
13:30:06,INDF,RG,5950,1,D,XC,AK,F
13:30:06,INDF,RG,5950,1,F,CS,AK,F
13:30:06,INDF,RG,5950,2,D,XL,AK,F
13:30:06,INDF,RG,5950,1,D,XC,AK,F
13:30:06,INDF,RG,5950,26,D,XL,AK,F
13:30:06,INDF,RG,5950,1,D,XL,AK,F
13:30:06,INDF,RG,5950,1,D,XL,AK,F
13:30:06,INDF,RG,5925,6,D,SQ,XL,D
13:30:06,INDF,RG,5925,4,D,SQ,AK,F
13:30:06,INDF,RG,5950,31,F,AK,AK,F
13:30:05,INDF,RG,5950,1,D,XC,AK,F
13:30:05,INDF,RG,5950,50,D,KK,AK,F
13:30:05,INDF,RG,5950,10,D,KK,AK,F
13:30:05,INDF,RG,5950,1,D,XC,AK,F
13:30:05,INDF,RG,5950,2,D,XC,AK,F
13:30:05,INDF,RG,5950,1,D,XC,AK,F
13:30:05,INDF,RG,5950,12,F,CS,AK,F
13:30:05,INDF,RG,5950,25,D,PD,AK,F
13:30:05,INDF,RG,5950,5,D,CC,AK,F
13:30:05,INDF,RG,5950,6,F,CS,AK,F
13:30:05,INDF,RG,5950,5,D,PD,AK,F
13:30:04,INDF,RG,5950,7,F,KZ,AK,F
13:30:04,INDF,RG,5950,6,F,KZ,AK,F
13:30:04,INDF,RG,5950,3,F,KZ,AK,F
13:30:04,INDF,RG,5950,1,F,KZ,AK,F
13:30:04,INDF,RG,5950,40,F,ZP,AK,F
13:30:04,INDF,RG,5950,10,F,ZP,RX,D
13:30:04,INDF,RG,5950,2,F,ZP,AG,F
13:30:04,INDF,RG,5950,7,F,ZP,AG,F
13:30:03,INDF,RG,5950,1,D,KK,AG,F
13:30:03,INDF,RG,5950,1,D,KK,PD,D
13:30:03,INDF,RG,5950,8,D,KK,ZP,D
13:30:03,INDF,RG,5925,5,D,SQ,AK,F
13:30:03,INDF,RG,5950,3,D,PD,ZP,D
13:30:03,INDF,RG,5925,1,D,SQ,PD,D
13:30:03,INDF,RG,5950,1,D,CC,ZP,D
13:30:03,INDF,RG,5950,1,D,CC,BB,D
13:30:03,INDF,RG,5950,224,F,YU,BB,D
13:30:03,INDF,RG,5950,48,F,YU,BB,D
13:30:03,INDF,RG,5950,61,F,YU,PD,D
13:30:03,INDF,RG,5950,33,F,YU,DH,D
13:30:03,INDF,RG,5950,2,F,YU,EP,D
13:30:03,INDF,RG,5950,4,F,YU,YP,D
13:30:03,INDF,RG,5950,7,F,YU,TP,D
13:30:03,INDF,RG,5950,1000,F,YU,YU,D
13:30:03,INDF,RG,5950,9,F,YU,ZP,F
13:30:03,INDF,RG,5950,7,F,YU,PD,D
13:30:03,INDF,RG,5950,300,F,YU,RX,D
13:30:03,INDF,RG,5950,18,F,YU,PD,D
13:30:03,INDF,RG,5950,6,F,YU,XC,D
13:30:03,INDF,RG,5950,281,F,YU,YU,D
13:30:03,INDF,RG,5950,2,D,DH,YU,D
13:30:03,INDF,RG,5925,1,D,SQ,PD,D
13:30:03,INDF,RG,5950,1,D,DH,YU,D
13:30:03,INDF,RG,5950,5,D,LG,YU,D
13:30:03,INDF,RG,5950,230,D,DP,YU,D
13:30:03,INDF,RG,5950,2,D,DX,YU,D
13:30:03,INDF,RG,5925,2,D,SQ,PD,D
13:30:03,INDF,RG,5950,2,D,KK,YU,D
13:30:03,INDF,RG,5950,15,D,PD,YU,D
13:30:03,INDF,RG,5950,50,D,SQ,YU,D
13:30:02,INDF,RG,5950,1,D,PD,YU,D
13:30:02,INDF,RG,5950,359,D,CC,YU,D
13:30:02,INDF,RG,5950,5,D,PD,YU,D
13:30:02,INDF,RG,5950,47,D,SQ,YU,D
13:30:02,INDF,RG,5950,3,D,SQ,XC,D
13:30:02,INDF,RG,5950,2,D,SQ,CC,D
13:30:02,INDF,RG,5925,60,D,SQ,PD,D
13:30:01,INDF,RG,5950,2,D,DH,CC,D
13:30:01,INDF,RG,5950,4,D,DH,LG,D
13:30:01,INDF,RG,5950,7,D,DH,BK,F
13:30:01,INDF,RG,5950,1,D,DH,XC,D
13:30:01,INDF,RG,5950,6,D,DH,RX,D
13:30:01,INDF,RG,5950,1,D,KK,RX,D
13:30:01,INDF,RG,5950,1,D,PD,XC,D
13:30:01,INDF,RG,5950,2,D,PD,ZP,F
13:30:01,INDF,RG,5925,23,D,SQ,PD,D
13:30:01,INDF,RG,5950,3,D,PD,YP,D
13:30:01,INDF,RG,5950,17,D,PD,YP,D
13:30:01,INDF,RG,5950,23,D,PD,DX,F
13:30:01,INDF,RG,5950,1,D,GR,DX,F
13:30:01,INDF,RG,5950,4,D,PD,ZP,F
13:30:01,INDF,RG,5950,7,D,PD,AT,D
13:30:01,INDF,RG,5950,5,D,CP,NI,D
13:30:01,INDF,RG,5950,11,D,CP,RX,D
13:30:01,INDF,RG,5950,1,D,CP,BB,D
13:30:01,INDF,RG,5950,3,D,CP,DX,F
13:30:01,INDF,RG,5925,7,D,SQ,DX,D
13:30:01,INDF,RG,5950,5,D,ES,DX,F
13:30:01,INDF,RG,5950,1,D,EP,DX,F
11:29:40,INDF,RG,5950,1,F,ZP,DX,F
11:29:35,INDF,RG,5950,2,D,NI,DX,F
11:29:22,INDF,RG,5950,1,F,ZP,DX,F
11:29:16,INDF,RG,5950,1,D,PD,DX,F
11:29:08,INDF,RG,5950,1,D,CP,DX,F
11:28:45,INDF,RG,5950,4,F,AK,DX,F
11:28:30,INDF,RG,5950,1,F,AK,DX,F
11:28:28,INDF,RG,5925,52,D,SQ,PD,D
11:28:28,INDF,RG,5925,3,D,YP,PD,D
11:28:28,INDF,RG,5925,2,D,PD,PD,D
11:28:28,INDF,RG,5925,1,D,XC,PD,D
11:28:28,INDF,RG,5925,10,D,KK,PD,D
11:28:28,INDF,RG,5925,13,D,GR,PD,D
11:28:25,INDF,RG,5950,1,D,XC,DX,F
11:28:04,INDF,RG,5950,3,D,EP,DX,F
11:28:03,INDF,RG,5925,7,D,GR,KK,D
11:28:03,INDF,RG,5925,1,D,NI,KK,D
11:27:39,INDF,RG,5950,2,F,CS,DX,F
11:27:39,INDF,RG,5950,11,F,CS,YP,D
11:27:30,INDF,RG,5925,1,D,DR,AK,F
11:27:30,INDF,RG,5950,4,F,AK,YP,D
11:27:26,INDF,RG,5950,5,F,ZP,YP,D
11:27:26,INDF,RG,5950,18,F,ZP,BB,D
11:27:26,INDF,RG,5950,5,F,ZP,BB,D
11:27:26,INDF,RG,5950,16,F,ZP,CC,D
11:27:24,INDF,RG,5950,1,D,CC,CC,D
11:27:22,INDF,RG,5950,18,F,ZP,CC,D
11:27:18,INDF,RG,5950,25,D,DR,CC,D
11:27:18,INDF,RG,5950,25,D,DR,DX,F
11:27:16,INDF,RG,5925,2,D,PD,BB,D
11:27:15,INDF,RG,5950,1,F,AK,DX,F
11:27:03,INDF,RG,5925,1,D,PD,PD,D
11:26:56,INDF,RG,5925,10,D,PD,BK,F
11:26:32,INDF,RG,5950,2,D,XC,DX,F
11:26:30,INDF,RG,5925,1,D,PD,AK,F
11:26:24,INDF,RG,5925,1,D,PD,AK,F
11:26:18,INDF,RG,5925,8,D,PD,NI,D
11:26:18,INDF,RG,5925,12,F,BK,NI,D
11:26:18,INDF,RG,5925,8,D,TP,NI,D
11:26:15,INDF,RG,5950,1,F,AK,DX,F
11:26:15,INDF,RG,5950,2,F,AK,ZP,F
11:26:15,INDF,RG,5950,4,F,AK,RX,D
11:26:11,INDF,RG,5950,1,D,XC,RX,D
11:25:58,INDF,RG,5950,1,F,AK,RX,D
11:25:58,INDF,RG,5950,1,D,CC,RX,D
11:25:46,INDF,RG,5950,4,D,NI,RX,D
11:25:45,INDF,RG,5950,2,F,AK,RX,D
11:25:34,INDF,RG,5950,14,F,CS,RX,D
11:25:30,INDF,RG,5925,1,D,TP,AK,F
11:25:28,INDF,RG,5950,66,F,ZP,RX,D
11:25:24,INDF,RG,5950,2,D,PD,RX,D
11:25:09,INDF,RG,5925,11,D,TP,BB,D
11:25:09,INDF,RG,5925,10,D,KK,BB,D
11:25:09,INDF,RG,5925,3,D,PD,BB,D
11:25:09,INDF,RG,5925,2,D,PD,BB,D
11:25:09,INDF,RG,5925,1,D,PD,BB,D
11:25:09,INDF,RG,5925,1,D,YP,BB,D
11:25:09,INDF,RG,5925,10,D,PD,BB,D
11:25:09,INDF,RG,5925,6,D,XC,BB,D
11:25:09,INDF,RG,5925,1,D,DR,BB,D
11:25:09,INDF,RG,5925,10,D,NI,BB,D
11:25:09,INDF,RG,5925,7,D,PD,BB,D
11:25:09,INDF,RG,5925,8,D,BQ,BB,D
11:25:09,INDF,RG,5925,1,D,AT,BB,D
11:25:09,INDF,RG,5925,7,D,PD,BB,D
11:25:02,INDF,RG,5950,1,F,ZP,RX,D
11:24:54,INDF,RG,5925,1,D,PD,AK,F
11:24:40,INDF,RG,5950,9,F,BK,RX,D
11:24:32,INDF,RG,5925,2,D,PD,BB,D
11:24:32,INDF,RG,5925,3,D,NI,BB,D
11:24:32,INDF,RG,5950,1,D,CC,RX,D
11:24:30,INDF,RG,5925,1,D,NI,AK,F
11:24:11,INDF,RG,5950,10,D,YP,RX,D
11:24:09,INDF,RG,5925,1,D,PD,BB,D
11:24:09,INDF,RG,5925,5,D,ZP,BB,D
11:24:09,INDF,RG,5925,5,D,PD,BB,D
11:24:09,INDF,RG,5925,2,D,XC,BB,D
11:24:09,INDF,RG,5925,4,D,YP,BB,D
11:24:09,INDF,RG,5925,3,D,NI,BB,D
11:24:09,INDF,RG,5925,10,D,XL,BB,D
11:24:09,INDF,RG,5925,1,D,KK,BB,D
11:24:09,INDF,RG,5925,2,D,CC,BB,D
11:24:09,INDF,RG,5925,1,D,CC,BB,D
11:24:09,INDF,RG,5925,1,D,DR,BB,D
11:24:09,INDF,RG,5925,10,D,XC,BB,D
11:24:09,INDF,RG,5925,1,D,PD,BB,D
11:23:45,INDF,RG,5950,10,F,AK,RX,D
11:23:26,INDF,RG,5950,10,F,BK,RX,D
11:23:15,INDF,RG,5925,1,D,CC,AK,F
11:23:15,INDF,RG,5950,3,F,AK,RX,D
11:23:09,INDF,RG,5925,1,D,CC,AK,F
11:23:06,INDF,RG,5950,1,D,CC,RX,D
11:22:15,INDF,RG,5925,1,D,PC,AK,F
11:22:08,INDF,RG,5950,7,F,CS,RX,D
11:22:00,INDF,RG,5925,1,D,PC,DR,D
11:21:58,INDF,RG,5925,1,D,PC,PD,D
11:21:45,INDF,RG,5950,8,F,AK,RX,D
11:21:40,INDF,RG,5950,1,D,CC,RX,D
11:21:30,INDF,RG,5950,8,F,KZ,RX,D
11:21:24,INDF,RG,5925,1,D,PC,AK,F
11:21:22,INDF,RG,5950,10,F,KZ,RX,D
11:21:22,INDF,RG,5950,9,F,KZ,RX,D
11:21:22,INDF,RG,5950,32,F,KZ,RX,D
11:21:21,INDF,RG,5950,2,F,ZP,RX,D
11:21:09,INDF,RG,5950,5,D,KK,RX,D
11:20:46,INDF,RG,5950,2,D,PD,RX,D
11:20:44,INDF,RG,5950,10,D,YP,RX,D
11:20:30,INDF,RG,5950,7,F,AK,RX,D
11:20:24,INDF,RG,5925,6,D,PC,RX,D
11:20:24,INDF,RG,5925,6,D,CC,RX,D
11:20:16,INDF,RG,5950,7,F,CS,RX,D
11:20:14,INDF,RG,5950,1,F,KZ,RX,D
11:20:14,INDF,RG,5950,1,D,CC,RX,D
11:20:13,INDF,RG,5925,23,D,CC,GR,D
11:20:13,INDF,RG,5925,5,D,YP,GR,D
11:20:13,INDF,RG,5925,5,D,YP,GR,D
11:20:13,INDF,RG,5925,10,D,SQ,GR,D
11:20:13,INDF,RG,5925,10,D,SQ,GR,D
11:20:13,INDF,RG,5925,1,D,XC,GR,D
11:20:13,INDF,RG,5925,25,D,YP,GR,D
11:20:13,INDF,RG,5925,1,D,YP,GR,D
11:20:13,INDF,RG,5925,8,D,CC,GR,D
11:20:13,INDF,RG,5925,5,D,KK,GR,D
11:20:13,INDF,RG,5925,1,D,YP,GR,D
11:20:13,INDF,RG,5925,1,D,XC,GR,D
11:20:13,INDF,RG,5925,25,D,PD,GR,D
11:20:13,INDF,RG,5925,1,D,KK,GR,D
11:20:13,INDF,RG,5925,5,D,SQ,GR,D
11:20:13,INDF,RG,5925,5,D,YP,GR,D
11:20:13,INDF,RG,5925,3,D,ZP,GR,D
11:20:13,INDF,RG,5925,15,D,CC,GR,D
11:20:13,INDF,RG,5925,1,D,SQ,GR,D
11:20:13,INDF,RG,5925,1,D,KK,GR,D
11:20:13,INDF,RG,5925,1,D,PD,GR,D
11:20:13,INDF,RG,5925,1,D,XL,GR,D
11:20:13,INDF,RG,5925,1,D,CC,GR,D
11:20:13,INDF,RG,5925,1,D,XL,GR,D
11:20:13,INDF,RG,5925,45,D,DH,GR,D
11:19:51,INDF,RG,5925,1,D,DH,AK,F
11:19:49,INDF,RG,5925,56,D,DH,BB,D
11:19:21,INDF,RG,5950,43,F,ZP,RX,D
11:18:47,INDF,RG,5950,1,D,CC,RX,D
11:18:45,INDF,RG,5925,3,D,DH,AK,F
11:18:44,INDF,RG,5950,5,D,KK,RX,D
11:18:34,INDF,RG,5950,1,F,BK,RX,D
11:18:34,INDF,RG,5950,4,F,BK,PC,D
11:18:34,INDF,RG,5950,4,F,BK,SQ,D
11:18:32,INDF,RG,5950,1,D,XC,SQ,D
11:18:30,INDF,RG,5950,9,F,AK,SQ,D
11:17:46,INDF,RG,5950,11,F,BK,SQ,D
11:17:36,INDF,RG,5925,22,D,DH,BB,D
11:17:35,INDF,RG,5950,5,D,SQ,SQ,D
11:17:35,INDF,RG,5950,2,D,SQ,PD,D
11:17:35,INDF,RG,5950,1,D,SQ,PD,D
11:17:35,INDF,RG,5950,2,D,SQ,CC,D
11:17:35,INDF,RG,5950,2,D,SQ,DX,F
11:17:23,INDF,RG,5950,1,D,CC,DX,F
11:17:16,INDF,RG,5950,5,D,YP,DX,F
11:17:14,INDF,RG,5950,10,F,KZ,DX,F
11:17:13,INDF,RG,5950,1,D,NI,DX,F
11:17:05,INDF,RG,5950,5,F,ZP,DX,F
11:17:05,INDF,RG,5950,1,F,ZP,AK,F
11:17:05,INDF,RG,5950,1,F,ZP,AK,F
11:17:05,INDF,RG,5950,9,F,ZP,YU,D
11:17:05,INDF,RG,5950,2,F,ZP,YU,D
11:16:05,INDF,RG,5950,3,D,PD,YU,D
11:15:57,INDF,RG,5950,1,D,CC,YU,D
11:15:22,INDF,RG,5925,1,D,DH,AK,F
11:15:21,INDF,RG,5950,5,F,ZP,YU,D
11:15:19,INDF,RG,5950,1,F,ZP,YU,D
11:15:16,INDF,RG,5950,3,D,NI,YU,D
11:15:10,INDF,RG,5950,1,D,PD,YU,D
11:14:41,INDF,RG,5950,71,F,ZP,YU,D
11:14:35,INDF,RG,5950,2,D,PD,YU,D
11:14:28,INDF,RG,5950,1,F,ZP,YU,D
11:14:20,INDF,RG,5950,1,F,ZP,YU,D
11:14:14,INDF,RG,5950,11,F,AK,YU,D
11:14:13,INDF,RG,5950,1,D,NI,YU,D
11:13:56,INDF,RG,5950,1,D,XC,YU,D
11:13:56,INDF,RG,5950,1,D,AZ,YU,D
11:13:46,INDF,RG,5950,1,D,KK,YU,D
11:13:27,INDF,RG,5950,2,D,KK,YU,D
11:13:05,INDF,RG,5950,1,D,CC,YU,D
11:12:22,INDF,RG,5925,1,D,DH,AK,F
11:12:21,INDF,RG,5950,7,F,ZP,YU,D
11:12:01,INDF,RG,5950,4,D,YP,YU,D
11:11:43,INDF,RG,5950,1,F,ZP,YU,D
11:11:39,INDF,RG,5950,1,D,CC,YU,D
11:11:39,INDF,RG,5950,10,D,OD,YU,D
11:11:36,INDF,RG,5950,10,D,YP,YU,D
11:11:28,INDF,RG,5950,1,D,XC,YU,D
11:10:55,INDF,RG,5950,1,D,YP,YU,D
11:10:32,INDF,RG,5950,1,F,KZ,YU,D
11:10:31,INDF,RG,5950,4,D,YP,YU,D
11:10:24,INDF,RG,5950,5,D,YP,YU,D
11:10:21,INDF,RG,5950,2,D,NI,YU,D
11:10:21,INDF,RG,5950,1,F,ZP,YU,D
11:10:13,INDF,RG,5950,1,D,CC,YU,D
11:10:13,INDF,RG,5950,33,F,ZP,YU,D
11:10:13,INDF,RG,5950,10,F,ZP,YU,D
11:10:13,INDF,RG,5950,102,F,ZP,YU,D
11:10:05,INDF,RG,5950,6,F,KZ,YU,D
11:10:05,INDF,RG,5950,2,F,KZ,YU,D
11:10:05,INDF,RG,5950,12,F,KZ,YU,D
11:10:05,INDF,RG,5950,8,F,ZP,YU,D
11:10:05,INDF,RG,5950,1,F,ZP,ZP,F
11:10:05,INDF,RG,5950,3,F,ZP,CC,D
11:10:05,INDF,RG,5950,1,F,ZP,PD,D
11:10:05,INDF,RG,5950,9,F,ZP,DX,F
11:10:00,INDF,RG,5950,12,F,AK,DX,F
11:09:21,INDF,RG,5950,25,F,KZ,DX,F
11:09:21,INDF,RG,5950,5,F,KZ,AT,D
11:09:21,INDF,RG,5950,7,F,KZ,AT,D
11:09:21,INDF,RG,5925,4,D,DH,AK,F
11:09:16,INDF,RG,5925,3,D,DH,XL,D
11:08:47,INDF,RG,5950,1,D,CC,AT,D
11:08:47,INDF,RG,5950,1,D,XC,YP,D
11:08:01,INDF,RG,5950,2,D,YP,YP,D
11:08:00,INDF,RG,5925,1,D,DH,AK,F
11:07:39,INDF,RG,5925,1,D,DH,AK,F
11:07:22,INDF,RG,5950,11,D,NI,YP,D
11:07:21,INDF,RG,5950,1,D,CC,YP,D
11:07:16,INDF,RG,5950,1,D,NI,YP,D
11:06:59,INDF,RG,5950,4,D,NI,YP,D
11:06:59,INDF,RG,5950,1,D,NI,ZP,F
11:06:59,INDF,RG,5950,3,D,NI,BB,D
11:06:59,INDF,RG,5950,4,D,NI,PD,D
11:06:59,INDF,RG,5950,10,D,NI,XA,D
11:06:59,INDF,RG,5950,8,D,NI,PD,D
11:06:59,INDF,RG,5950,33,D,NI,BB,D
11:06:59,INDF,RG,5950,1,D,NI,BB,D
11:06:50,INDF,RG,5950,11,D,XC,BK,F
11:06:50,INDF,RG,5950,6,D,XC,DX,F
11:06:47,INDF,RG,5925,1,D,DH,BB,D
11:06:35,INDF,RG,5950,85,D,NI,DX,F
11:06:30,INDF,RG,5925,1,D,DH,AK,F
11:06:10,INDF,RG,5950,10,D,CC,DX,F
11:05:55,INDF,RG,5950,1,D,CC,DX,F
11:05:54,INDF,RG,5950,1,D,NI,DX,F
11:05:51,INDF,RG,5950,5,F,KZ,DX,F
11:05:44,INDF,RG,5925,28,D,DH,YP,D
11:05:44,INDF,RG,5925,1,D,DR,YP,D
11:05:44,INDF,RG,5925,1,D,YP,YP,D
11:05:44,INDF,RG,5925,1,D,CC,YP,D
11:05:44,INDF,RG,5925,1,D,PD,YP,D
11:05:44,INDF,RG,5925,17,D,XC,YP,D
11:05:44,INDF,RG,5925,1,D,NI,YP,D
11:05:44,INDF,RG,5925,1,D,PD,YP,D
11:05:44,INDF,RG,5925,1,D,XC,YP,D
11:05:44,INDF,RG,5925,1,D,CC,YP,D
11:05:44,INDF,RG,5925,20,D,YP,YP,D
11:05:44,INDF,RG,5925,1,D,NI,YP,D
11:05:44,INDF,RG,5925,2,D,XC,YP,D
11:05:44,INDF,RG,5925,2,D,NI,YP,D
11:05:44,INDF,RG,5925,1,D,XL,YP,D
11:05:44,INDF,RG,5925,1,D,PD,YP,D
11:05:44,INDF,RG,5925,15,D,NI,YP,D
11:05:44,INDF,RG,5925,6,D,PD,YP,D
11:05:44,INDF,RG,5925,7,D,DX,YP,D
11:05:44,INDF,RG,5925,10,D,CC,YP,D
11:05:44,INDF,RG,5925,1,D,YP,YP,D
11:05:44,INDF,RG,5925,1,D,XC,YP,D
11:05:44,INDF,RG,5925,1,D,PD,YP,D
11:05:44,INDF,RG,5925,1,D,YP,YP,D
11:05:44,INDF,RG,5925,30,D,CC,YP,D
11:05:44,INDF,RG,5925,5,D,YP,YP,D
11:05:44,INDF,RG,5925,2,D,NI,YP,D
11:05:44,INDF,RG,5925,5,D,EP,YP,D
11:05:44,INDF,RG,5925,5,D,YP,YP,D
11:05:44,INDF,RG,5925,2,D,YP,YP,D
11:05:44,INDF,RG,5925,1,D,PD,YP,D
11:05:44,INDF,RG,5925,100,D,PD,YP,D
11:05:44,INDF,RG,5925,1,D,YP,YP,D
11:05:44,INDF,RG,5925,3,D,PD,YP,D
11:05:44,INDF,RG,5925,2,D,PD,YP,D
11:05:44,INDF,RG,5925,101,D,SQ,YP,D
11:05:44,INDF,RG,5925,15,D,SQ,YP,D
11:05:44,INDF,RG,5925,1,D,YP,YP,D
11:05:44,INDF,RG,5925,10,D,PD,YP,D
11:05:44,INDF,RG,5925,500,D,YP,YP,D
11:05:44,INDF,RG,5925,1,D,SQ,YP,D
11:05:44,INDF,RG,5925,5,D,ZP,YP,D
11:05:44,INDF,RG,5925,5,D,SQ,YP,D
11:05:44,INDF,RG,5925,1,D,PD,YP,D
11:05:44,INDF,RG,5925,5,D,GR,YP,D
11:05:44,INDF,RG,5925,10,D,LG,YP,D
11:05:44,INDF,RG,5925,96,D,DR,YP,D
11:05:44,INDF,RG,5925,1,D,PD,YP,D
11:05:44,INDF,RG,5925,1,D,SQ,YP,D
11:05:44,INDF,RG,5925,10,D,CP,YP,D
11:05:44,INDF,RG,5925,219,F,YU,YP,D
11:05:44,INDF,RG,5925,3,D,XC,YP,D
11:05:44,INDF,RG,5925,1,D,PD,YP,D
11:05:44,INDF,RG,5925,2,D,XC,YP,D
11:05:44,INDF,RG,5925,3,D,CC,YP,D
11:05:44,INDF,RG,5925,9,D,DH,YP,D
11:05:44,INDF,RG,5925,1,D,PD,YP,D
11:05:44,INDF,RG,5925,6,D,XC,YP,D
11:05:44,INDF,RG,5925,5,D,LG,YP,D
11:05:44,INDF,RG,5925,80,D,CC,YP,D
11:05:44,INDF,RG,5925,3,D,CC,YP,D
11:05:44,INDF,RG,5925,1,D,XC,YP,D
11:05:44,INDF,RG,5925,1,D,XC,YP,D
11:05:44,INDF,RG,5925,1,D,YP,YP,D
11:05:44,INDF,RG,5925,1,D,PD,YP,D
11:05:44,INDF,RG,5925,100,D,YP,YP,D
11:05:44,INDF,RG,5925,5,D,YP,YP,D
11:05:44,INDF,RG,5925,10,D,NI,YP,D
11:05:44,INDF,RG,5925,5,D,DR,YP,D
11:05:44,INDF,RG,5925,10,D,AG,YP,D
11:05:44,INDF,RG,5925,1,D,GR,YP,D
11:05:44,INDF,RG,5925,10,D,PC,YP,D
11:05:44,INDF,RG,5925,2,D,EP,YP,D
11:05:44,INDF,RG,5925,1,D,YP,YP,D
11:05:44,INDF,RG,5925,5,D,PD,YP,D
11:05:44,INDF,RG,5925,2,D,CC,YP,D
11:05:44,INDF,RG,5925,25,D,PC,YP,D
11:05:44,INDF,RG,5925,5,D,YP,YP,D
11:05:44,INDF,RG,5925,15,D,CP,YP,D
11:05:44,INDF,RG,5925,25,D,OD,YP,D
11:05:44,INDF,RG,5925,2,D,ZP,YP,D
11:05:44,INDF,RG,5925,1,D,NI,YP,D
11:05:44,INDF,RG,5925,200,D,YP,YP,D
11:05:44,INDF,RG,5925,10,D,AO,YP,D
11:05:44,INDF,RG,5925,15,F,YU,YP,D
11:05:44,INDF,RG,5925,2,D,XC,YP,D
11:05:44,INDF,RG,5925,2,D,XC,YP,D
11:05:44,INDF,RG,5925,20,D,CC,YP,D
11:05:44,INDF,RG,5925,10,D,EP,YP,D
11:05:44,INDF,RG,5925,119,F,YU,YP,D
11:05:44,INDF,RG,5925,11,F,YU,YP,D
11:05:44,INDF,RG,5925,10,F,YU,YP,D
11:05:44,INDF,RG,5925,126,F,YU,YP,D
11:05:44,INDF,RG,5925,1,D,XC,YP,D
11:05:44,INDF,RG,5925,200,D,GR,YP,D
11:05:44,INDF,RG,5925,10,D,PD,YP,D
11:05:44,INDF,RG,5925,5,D,MU,YP,D
11:05:44,INDF,RG,5925,9,D,DH,YP,D
11:05:44,INDF,RG,5925,4,D,EP,YP,D
11:05:44,INDF,RG,5925,9,D,PD,YP,D
11:05:44,INDF,RG,5925,1,D,XC,YP,D
11:05:44,INDF,RG,5925,6,D,XC,YP,D
11:05:44,INDF,RG,5925,1,D,IF,YP,D
11:05:44,INDF,RG,5925,10,D,DH,YP,D
11:05:44,INDF,RG,5925,40,D,OD,YP,D
11:05:44,INDF,RG,5925,16,D,GR,YP,D
11:05:44,INDF,RG,5925,20,D,CP,YP,D
11:05:44,INDF,RG,5925,10,D,EP,YP,D
11:05:44,INDF,RG,5925,6,D,PD,YP,D
11:05:44,INDF,RG,5925,1,D,LG,YP,D
11:05:44,INDF,RG,5925,1,D,YP,YP,D
11:05:44,INDF,RG,5925,5,D,YP,YP,D
11:05:44,INDF,RG,5925,20,D,YP,YP,D
11:05:28,INDF,RG,5925,1,D,YP,AK,F
11:05:27,INDF,RG,5950,5,D,NI,DX,F
11:05:05,INDF,RG,5950,1,F,KZ,DX,F
11:05:03,INDF,RG,5925,29,D,YP,BB,D
11:05:03,INDF,RG,5925,2,D,YP,BB,D
11:05:03,INDF,RG,5925,13,D,YP,BB,D
11:04:52,INDF,RG,5925,8,D,YP,BB,D
11:04:45,INDF,RG,5950,18,F,AK,DX,F
11:04:36,INDF,RG,5950,1,D,NI,DX,F
11:04:29,INDF,RG,5950,1,D,CC,DX,F
11:04:26,INDF,RG,5950,2,D,PD,DX,F
11:04:16,INDF,RG,5925,1,D,YP,BB,D
11:04:05,INDF,RG,5950,3,D,NI,DX,F
11:04:04,INDF,RG,5950,1,D,YP,DX,F
11:03:46,INDF,RG,5950,1,D,PD,DX,F
11:03:39,INDF,RG,5950,1,D,XC,DX,F
11:03:09,INDF,RG,5925,1,D,YP,AK,F
11:03:03,INDF,RG,5950,1,D,CC,DX,F
11:02:20,INDF,RG,5925,37,D,YP,EP,D
11:01:41,INDF,RG,5925,2,D,YP,BB,D
11:01:41,INDF,RG,5925,22,D,YP,CC,D
11:01:41,INDF,RG,5925,3,D,YP,CC,D
11:01:41,INDF,RG,5925,2,D,YP,CC,D
11:01:41,INDF,RG,5925,5,D,YP,CC,D
11:01:41,INDF,RG,5925,8,D,OD,CC,D
11:01:39,INDF,RG,5950,1,D,CC,DX,F
11:01:37,INDF,RG,5925,10,D,OD,YP,D
11:01:28,INDF,RG,5925,10,D,OD,YP,D
11:01:13,INDF,RG,5950,1,D,XC,DX,F
11:01:04,INDF,RG,5925,12,D,OD,DR,D
11:01:04,INDF,RG,5925,8,D,YP,DR,D
11:01:04,INDF,RG,5925,2,D,PD,DR,D
11:01:04,INDF,RG,5925,40,D,CC,DR,D
11:01:04,INDF,RG,5925,2,D,CC,DR,D
11:01:04,INDF,RG,5925,2,D,PD,DR,D
11:01:04,INDF,RG,5925,14,D,YP,DR,D
11:00:55,INDF,RG,5925,43,D,YP,BB,D
11:00:41,INDF,RG,5925,1,D,YP,XL,D
10:59:51,INDF,RG,5950,1,D,XC,DX,F
10:59:44,INDF,RG,5950,14,F,KZ,DX,F
10:59:14,INDF,RG,5950,6,F,KZ,DX,F
10:59:13,INDF,RG,5925,1,D,YP,BB,D
10:59:08,INDF,RG,5950,4,D,NI,RX,D
10:58:54,INDF,RG,5925,1,D,YP,AK,F
10:58:47,INDF,RG,5950,1,D,CC,RX,D
10:58:42,INDF,RG,5950,13,F,AK,RX,D
10:58:41,INDF,RG,5925,5,D,YP,BB,D
10:58:15,INDF,RG,5950,3,F,PD,RX,D
10:58:15,INDF,RG,5950,3,F,PD,BB,D
10:57:49,INDF,RG,5925,6,D,YP,YP,D
10:57:25,INDF,RG,5925,2,D,YP,EP,D
10:57:21,INDF,RG,5950,1,D,CC,ZP,F
10:56:54,INDF,RG,5925,27,D,YP,BB,D
10:56:54,INDF,RG,5925,11,D,CC,BB,D
10:56:54,INDF,RG,5925,2,D,OD,BB,D
10:56:54,INDF,RG,5925,3,D,GR,BB,D
10:56:51,INDF,RG,5925,2,D,GR,AK,F
10:56:51,INDF,RG,5925,2,D,SQ,AK,F
10:56:44,INDF,RG,5925,1,D,SQ,BB,D
10:56:42,INDF,RG,5925,3,D,SQ,BB,D
10:56:42,INDF,RG,5925,2,D,SQ,BB,D
10:56:42,INDF,RG,5925,3,D,GR,BB,D
10:56:38,INDF,RG,5950,5,D,YP,PD,D
10:55:41,INDF,RG,5925,1,D,GR,AK,F
10:55:39,INDF,RG,5925,9,D,GR,RX,D
10:55:30,INDF,RG,5950,5,D,XC,PD,D
10:55:29,INDF,RG,5950,1,D,NI,PD,D
10:55:25,INDF,RG,5925,2,D,GR,AK,F
10:55:25,INDF,RG,5925,1,D,XL,AK,F
10:55:25,INDF,RG,5925,1,D,XL,AK,F
10:55:25,INDF,RG,5925,10,D,DR,AK,F
10:55:25,INDF,RG,5925,1,D,XC,AK,F
10:55:25,INDF,RG,5925,1,D,XC,AK,F
10:55:25,INDF,RG,5925,10,D,XL,AK,F
10:55:25,INDF,RG,5925,10,D,XL,AK,F
10:55:24,INDF,RG,5950,1,D,SQ,PD,D
10:55:24,INDF,RG,5925,1,D,XL,AK,F
10:55:15,INDF,RG,5950,7,D,NI,PD,D
10:55:15,INDF,RG,5950,8,D,EP,PD,D
10:55:15,INDF,RG,5950,1,D,PD,PD,D
10:55:15,INDF,RG,5950,1,D,YP,PD,D
10:55:15,INDF,RG,5950,1,F,KZ,PD,D
10:55:15,INDF,RG,5950,1,D,XC,PD,D
10:55:15,INDF,RG,5950,50,F,ZP,PD,D
10:55:15,INDF,RG,5950,2,F,KZ,PD,D
10:55:15,INDF,RG,5950,12,D,NI,PD,D
10:55:15,INDF,RG,5950,5,F,KZ,PD,D
10:55:11,INDF,RG,5975,2,D,CC,AZ,D
10:54:57,INDF,RG,5950,1,F,KZ,ZP,F
10:54:56,INDF,RG,5950,6,F,KZ,YP,D
10:54:56,INDF,RG,5950,1,D,CC,YP,D
10:54:56,INDF,RG,5950,1,D,PD,YP,D
10:54:56,INDF,RG,5950,1,D,NI,YP,D
10:54:56,INDF,RG,5950,4,F,ZP,YP,D
10:54:56,INDF,RG,5950,1,D,PD,YP,D
10:54:56,INDF,RG,5950,1,D,NI,YP,D
10:54:56,INDF,RG,5950,1,D,NI,YP,D
10:54:56,INDF,RG,5950,2,F,KZ,YP,D
10:54:56,INDF,RG,5950,1,D,YP,YP,D
10:54:56,INDF,RG,5950,50,D,PD,YP,D
10:54:56,INDF,RG,5950,1,D,NI,YP,D
10:54:56,INDF,RG,5950,20,D,YP,YP,D
10:54:56,INDF,RG,5950,55,D,YP,YP,D
10:54:56,INDF,RG,5950,5,D,XC,YP,D
10:54:56,INDF,RG,5950,101,D,PD,YP,D
10:54:56,INDF,RG,5950,4,D,XC,YP,D
10:54:56,INDF,RG,5950,11,D,YP,YP,D
10:54:56,INDF,RG,5950,20,D,CC,YP,D
10:54:56,INDF,RG,5950,1,D,XL,YP,D
10:54:56,INDF,RG,5950,3,F,CS,YP,D
10:54:56,INDF,RG,5950,13,F,KZ,YP,D
10:54:56,INDF,RG,5950,1,D,SQ,YP,D
10:54:56,INDF,RG,5950,7,F,CS,YP,D
10:54:56,INDF,RG,5950,10,D,PD,YP,D
10:54:56,INDF,RG,5950,4,D,PD,YP,D
10:54:56,INDF,RG,5950,2,D,XC,YP,D
10:54:56,INDF,RG,5950,1,D,CC,YP,D
10:54:56,INDF,RG,5950,1,D,YP,YP,D
10:54:56,INDF,RG,5950,10,D,PD,YP,D
10:54:56,INDF,RG,5950,5,D,PD,YP,D
10:54:56,INDF,RG,5950,2,D,NI,YP,D
10:54:56,INDF,RG,5950,1,F,ZP,YP,D
10:54:56,INDF,RG,5950,5,D,PD,YP,D
10:54:56,INDF,RG,5950,10,F,KZ,YP,D
10:54:56,INDF,RG,5950,2,D,NI,YP,D
10:54:56,INDF,RG,5950,5,F,CS,YP,D
10:54:56,INDF,RG,5950,42,D,OD,YP,D
10:54:56,INDF,RG,5950,4,D,PD,YP,D
10:54:56,INDF,RG,5950,4,F,ZP,YP,D
10:54:56,INDF,RG,5950,5,D,NI,YP,D
10:54:56,INDF,RG,5950,5,D,XC,YP,D
10:54:56,INDF,RG,5950,1,D,NI,YP,D
10:54:56,INDF,RG,5950,3,F,KZ,YP,D
10:54:56,INDF,RG,5950,3,F,KZ,YP,D
10:54:56,INDF,RG,5950,3,D,PD,YP,D
10:54:56,INDF,RG,5950,66,F,CC,YP,D
10:54:52,INDF,RG,5950,2,F,CC,NI,D
10:54:43,INDF,RG,5950,9,F,CC,BB,D
10:54:41,INDF,RG,5975,8,D,DR,AZ,D
10:54:41,INDF,RG,5975,25,D,DR,YP,D
10:54:41,INDF,RG,5975,2,D,DR,YP,D
10:54:41,INDF,RG,5975,1,D,DR,DR,D
10:54:41,INDF,RG,5975,1,D,DR,AK,F
10:54:41,INDF,RG,5975,13,D,DR,YU,D
10:54:37,INDF,RG,5950,55,F,CC,DX,F
10:54:29,INDF,RG,5975,1,D,CC,YU,D
10:54:18,INDF,RG,5950,7,F,CC,RX,D
10:54:14,INDF,RG,5950,1,F,CC,BB,D
10:53:47,INDF,RG,5950,2,F,CC,ZP,F
10:53:30,INDF,RG,5950,1,F,CC,AK,F
10:53:09,INDF,RG,5950,1,F,CC,AK,F
10:53:07,INDF,RG,5950,10,F,CC,LG,D
10:53:06,INDF,RG,5975,6,D,XC,YU,D
10:53:03,INDF,RG,5975,1,D,CC,YU,D
10:52:54,INDF,RG,5950,43,F,CC,BB,D
10:52:40,INDF,RG,5950,7,F,CC,BB,D
10:52:34,INDF,RG,5950,50,F,CC,BF,D
10:52:32,INDF,RG,5950,6,F,CC,YP,D
10:52:32,INDF,RG,5950,1,F,KZ,YP,D
10:52:32,INDF,RG,5950,13,F,ZP,YP,D
10:52:15,INDF,RG,5950,10,F,ZP,LG,D
10:52:13,INDF,RG,5975,10,D,PD,YU,D
10:51:51,INDF,RG,5975,1,D,PD,YU,D
10:51:37,INDF,RG,5975,1,D,CC,YU,D
10:51:34,INDF,RG,5950,2,F,ZP,BB,D
10:51:01,INDF,RG,5950,1,F,ZP,XC,D
10:50:42,INDF,RG,5950,5,F,ZP,BB,D
10:50:42,INDF,RG,5950,3,F,KZ,BB,D
10:50:41,INDF,RG,5950,1,F,KZ,KK,D
10:50:29,INDF,RG,5975,1,D,PD,YU,D
10:50:19,INDF,RG,5950,3,F,KZ,DR,D
10:50:19,INDF,RG,5950,3,F,CS,DR,D
10:50:19,INDF,RG,5950,34,D,DR,DR,D
10:50:19,INDF,RG,5950,7,F,CS,DR,D
10:50:19,INDF,RG,5950,47,D,LG,DR,D
10:50:17,INDF,RG,5950,52,D,LG,DX,F
10:50:11,INDF,RG,5975,1,D,CC,YU,D
10:50:02,INDF,RG,5975,15,D,LG,YU,D
10:49:25,INDF,RG,5950,201,D,LG,AK,F
10:49:25,INDF,RG,5950,4,D,NI,AK,F
10:49:25,INDF,RG,5950,2,F,KZ,AK,F
10:49:25,INDF,RG,5950,1,D,PD,AK,F
10:49:25,INDF,RG,5950,10,D,PD,AK,F
10:49:25,INDF,RG,5950,10,D,PD,AK,F
10:49:25,INDF,RG,5950,2,D,PD,AK,F
10:49:25,INDF,RG,5950,10,D,OD,AK,F
10:49:24,INDF,RG,5950,1,D,OD,AK,F
10:49:00,INDF,RG,5950,1,D,OD,BB,D
10:48:47,INDF,RG,5950,8,D,OD,BB,D
10:48:46,INDF,RG,5950,22,D,OD,BB,D
10:48:46,INDF,RG,5950,22,D,NI,BB,D
10:48:46,INDF,RG,5950,1,D,NI,ZP,D
10:48:45,INDF,RG,5975,1,D,CC,YU,D
10:48:01,INDF,RG,5950,2,D,NI,ZP,F
10:48:00,INDF,RG,5950,41,D,NI,GR,D
10:48:00,INDF,RG,5950,4,F,CS,GR,D
10:48:00,INDF,RG,5950,39,D,NI,GR,D
10:48:00,INDF,RG,5950,15,D,XC,GR,D
10:48:00,INDF,RG,5950,4,D,NI,GR,D
10:48:00,INDF,RG,5950,2,D,XC,GR,D
10:48:00,INDF,RG,5950,2,F,ZP,GR,D
10:48:00,INDF,RG,5950,2,F,ZP,GR,D
10:48:00,INDF,RG,5950,2,F,KZ,GR,D
10:48:00,INDF,RG,5950,10,F,KZ,GR,D
10:48:00,INDF,RG,5950,25,F,ZP,GR,D
10:48:00,INDF,RG,5950,10,D,PD,GR,D
10:48:00,INDF,RG,5950,2,D,NI,GR,D
10:48:00,INDF,RG,5950,2,D,NI,GR,D
10:48:00,INDF,RG,5950,2,D,NI,GR,D
10:48:00,INDF,RG,5950,16,D,NI,GR,D
10:48:00,INDF,RG,5950,1,D,PD,GR,D
10:48:00,INDF,RG,5950,11,F,BK,GR,D
10:48:00,INDF,RG,5950,2,F,CS,GR,D
10:48:00,INDF,RG,5950,4,F,CS,GR,D
10:48:00,INDF,RG,5950,100,D,PD,GR,D
10:48:00,INDF,RG,5950,1,D,XC,GR,D
10:48:00,INDF,RG,5950,10,D,SQ,GR,D
10:48:00,INDF,RG,5950,4,F,ZP,GR,D
10:48:00,INDF,RG,5950,79,F,BK,GR,D
10:48:00,INDF,RG,5950,6,F,CS,GR,D
10:48:00,INDF,RG,5950,8,F,AK,GR,D
10:48:00,INDF,RG,5950,2,D,NI,GR,D
10:48:00,INDF,RG,5950,2,F,KZ,GR,D
10:48:00,INDF,RG,5950,2,F,KZ,GR,D
10:48:00,INDF,RG,5950,31,F,ZP,GR,D
10:48:00,INDF,RG,5950,7,F,CS,GR,D
10:48:00,INDF,RG,5950,52,D,LG,GR,D
10:47:58,INDF,RG,5950,9,D,LG,DH,D
10:47:46,INDF,RG,5975,2,D,YP,YU,D
10:47:21,INDF,RG,5975,1,D,CC,YU,D
10:46:49,INDF,RG,5975,1,D,PD,YU,D
10:46:48,INDF,RG,5950,8,D,LG,BB,D
10:46:35,INDF,RG,5975,3,D,XC,YU,D
10:46:34,INDF,RG,5975,42,D,OD,YU,D
10:46:32,INDF,RG,5950,1,D,LG,BB,D
10:46:29,INDF,RG,5950,1,D,LG,CC,D
10:46:27,INDF,RG,5950,2,D,LG,AK,F
10:46:26,INDF,RG,5950,10,D,LG,NI,D
10:46:19,INDF,RG,5950,48,D,LG,DX,F
10:46:05,INDF,RG,5950,1,D,LG,CC,D
10:45:52,INDF,RG,5950,10,D,LG,NI,D
10:45:43,INDF,RG,5975,2,D,XC,YU,D
10:45:23,INDF,RG,5950,23,D,LG,YP,D
10:45:12,INDF,RG,5950,1,D,LG,YP,D
10:45:11,INDF,RG,5975,1,D,XL,YU,D
10:45:06,INDF,RG,5950,20,D,LG,YP,D
10:44:47,INDF,RG,5950,8,D,LG,BB,D
10:44:39,INDF,RG,5950,44,D,LG,BB,D
10:44:30,INDF,RG,5950,30,D,LG,YP,D
10:44:29,INDF,RG,5975,1,D,CC,YU,D
10:44:09,INDF,RG,5950,20,D,LG,YP,D
10:44:09,INDF,RG,5950,1,D,LG,AK,F
10:44:04,INDF,RG,5950,1,D,LG,BB,D
10:43:49,INDF,RG,5975,1,D,LG,YU,D
10:43:15,INDF,RG,5950,1,D,LG,AK,F
10:43:03,INDF,RG,5975,1,D,CC,YU,D
10:42:48,INDF,RG,5950,1,D,LG,XC,D
10:42:48,INDF,RG,5950,8,D,LG,BB,D
10:42:36,INDF,RG,5950,47,D,LG,DX,F
10:42:35,INDF,RG,5950,35,D,LG,NI,D
10:42:34,INDF,RG,5950,2,D,LG,XL,D
10:42:25,INDF,RG,5950,39,D,LG,YP,D
10:41:35,INDF,RG,5950,1,D,LG,ZP,F
10:41:35,INDF,RG,5950,20,D,LG,AK,F
10:41:34,INDF,RG,5950,398,D,LG,AK,F
10:41:34,INDF,RG,5950,2,D,XC,AK,F
10:41:34,INDF,RG,5950,7,D,YP,AK,F
10:41:34,INDF,RG,5950,68,F,BK,AK,F
10:41:34,INDF,RG,5950,2,F,CS,AK,F
10:41:34,INDF,RG,5950,1,F,CS,AK,F
10:41:34,INDF,RG,5950,22,D,NI,AK,F
10:41:33,INDF,RG,5950,2,D,NI,BB,D
10:41:26,INDF,RG,5975,1,D,LG,YU,D
10:41:12,INDF,RG,5950,1,D,NI,XC,D
10:40:56,INDF,RG,5950,2,D,NI,AK,F
10:40:56,INDF,RG,5950,50,D,NI,TP,D
10:40:51,INDF,RG,5950,8,D,NI,BB,D
10:40:50,INDF,RG,5950,12,D,NI,AK,F
10:40:50,INDF,RG,5950,3,D,NI,AK,F
10:40:50,INDF,RG,5950,1,F,KZ,AK,F
10:40:50,INDF,RG,5950,4,F,BK,AK,F
10:40:49,INDF,RG,5950,7,F,BK,AK,F
10:40:49,INDF,RG,5950,1,D,CC,AK,F
10:40:49,INDF,RG,5950,18,D,PD,AK,F
10:40:49,INDF,RG,5950,3,D,NI,AK,F
10:40:49,INDF,RG,5950,8,F,ZP,AK,F
10:40:49,INDF,RG,5950,4,F,CS,AK,F
10:40:49,INDF,RG,5950,64,F,ZP,AK,F
10:40:49,INDF,RG,5950,69,D,DR,AK,F
10:40:49,INDF,RG,5950,6,D,PD,AK,F
10:40:49,INDF,RG,5950,4,D,XL,AK,F
10:40:49,INDF,RG,5950,30,F,KZ,AK,F
10:40:49,INDF,RG,5950,1,F,KZ,AK,F
10:40:49,INDF,RG,5950,4,F,AK,AK,F
10:40:49,INDF,RG,5950,1,D,NI,AK,F
10:40:49,INDF,RG,5950,1,D,CC,AK,F
10:40:49,INDF,RG,5950,10,D,KK,AK,F
10:40:49,INDF,RG,5950,50,D,ZP,AK,F
10:40:49,INDF,RG,5950,2,D,NI,AK,F
10:40:49,INDF,RG,5950,2,D,PD,AK,F
10:40:49,INDF,RG,5950,5,D,OD,AK,F
10:40:49,INDF,RG,5950,1,D,SQ,AK,F
10:40:49,INDF,RG,5950,1,F,KK,AK,F
10:40:49,INDF,RG,5950,5,D,PD,AK,F
10:40:49,INDF,RG,5950,1,D,NI,AK,F
10:40:49,INDF,RG,5950,4,F,CS,AK,F
10:40:49,INDF,RG,5950,5,D,XL,AK,F
10:40:49,INDF,RG,5950,1,D,NI,AK,F
10:40:49,INDF,RG,5950,10,D,KK,AK,F
10:40:49,INDF,RG,5950,2,F,KZ,AK,F
10:40:49,INDF,RG,5950,3,D,NI,AK,F
10:40:49,INDF,RG,5950,7,F,KZ,AK,F
10:40:49,INDF,RG,5950,5,D,EP,AK,F
10:40:49,INDF,RG,5950,2,D,NI,AK,F
10:40:49,INDF,RG,5950,3,D,PD,AK,F
10:40:49,INDF,RG,5950,22,D,XC,AK,F
10:40:49,INDF,RG,5950,2,F,KZ,AK,F
10:40:49,INDF,RG,5950,7,F,KZ,AK,F
10:40:49,INDF,RG,5950,1,D,YP,AK,F
10:40:49,INDF,RG,5950,4,F,CS,AK,F
10:40:49,INDF,RG,5950,6,F,CS,AK,F
10:40:49,INDF,RG,5950,5,D,PD,AK,F
10:40:49,INDF,RG,5950,2,D,XA,AK,F
10:40:49,INDF,RG,5950,10,D,AZ,AK,F
10:40:49,INDF,RG,5950,1,D,CC,AK,F
10:40:49,INDF,RG,5950,9,F,BK,AK,F
10:40:49,INDF,RG,5950,3,D,NI,AK,F
10:40:49,INDF,RG,5950,10,D,XC,AK,F
10:40:49,INDF,RG,5950,6,D,NI,AK,F
10:40:49,INDF,RG,5950,7,F,KZ,AK,F
10:40:49,INDF,RG,5950,8,D,PD,AK,F
10:40:49,INDF,RG,5950,3,D,CC,AK,F
10:40:49,INDF,RG,5950,2,D,EP,AK,F
10:40:49,INDF,RG,5950,1,D,DX,AK,F
10:40:49,INDF,RG,5950,34,D,OD,AK,F
10:40:49,INDF,RG,5950,5,F,ZP,AK,F
10:40:49,INDF,RG,5950,5,F,ZP,AK,F
10:40:49,INDF,RG,5950,4,F,CS,AK,F
10:40:49,INDF,RG,5950,2,F,CS,AK,F
10:40:49,INDF,RG,5950,1,F,ZP,AK,F
10:40:48,INDF,RG,5950,1,F,ZP,ZP,F
10:40:36,INDF,RG,5950,1,F,ZP,AK,F
10:40:36,INDF,RG,5950,2,F,ZP,AK,F
10:40:35,INDF,RG,5950,24,F,ZP,BB,D
10:40:35,INDF,RG,5950,2,D,DH,BB,D
10:40:35,INDF,RG,5950,17,D,YP,BB,D
10:40:11,INDF,RG,5975,1,D,CC,YU,D
10:39:55,INDF,RG,5950,1,D,YP,PD,D
10:39:46,INDF,RG,5950,2,D,YP,PD,D
10:39:43,INDF,RG,5950,8,D,YP,PD,D
10:38:59,INDF,RG,5950,8,D,YP,AK,F
10:38:58,INDF,RG,5950,14,D,YP,YP,D
10:38:58,INDF,RG,5950,8,D,NI,YP,D
10:38:58,INDF,RG,5950,1,D,DH,YP,D
10:38:58,INDF,RG,5950,1,F,KZ,YP,D
10:38:58,INDF,RG,5950,1,D,XC,YP,D
10:38:58,INDF,RG,5950,8,F,KZ,YP,D
10:38:58,INDF,RG,5950,20,D,KK,YP,D
10:38:58,INDF,RG,5950,5,D,PD,YP,D
10:38:58,INDF,RG,5950,4,D,NI,YP,D
10:38:58,INDF,RG,5950,6,F,AK,YP,D
10:38:58,INDF,RG,5950,2,F,KZ,YP,D
10:38:58,INDF,RG,5950,36,F,ZP,YP,D
10:38:58,INDF,RG,5950,2,F,CS,YP,D
10:38:58,INDF,RG,5950,1,F,KZ,YP,D
10:38:58,INDF,RG,5950,4,F,ZP,YP,D
10:38:58,INDF,RG,5950,37,D,LG,YP,D
10:38:52,INDF,RG,5950,1,D,LG,BB,D
10:38:52,INDF,RG,5950,8,D,LG,BB,D
10:38:45,INDF,RG,5975,1,D,CC,YU,D
10:38:41,INDF,RG,5975,2,D,PD,YU,D
10:38:40,INDF,RG,5950,1,D,LG,YP,D
10:38:30,INDF,RG,5975,30,F,AK,YU,D
10:37:56,INDF,RG,5950,10,D,LG,PD,D
10:37:51,INDF,RG,5975,35,D,PD,YU,D
10:37:32,INDF,RG,5975,1,D,PD,YU,D
10:37:30,INDF,RG,5950,10,D,LG,PC,D
10:37:19,INDF,RG,5975,1,D,CC,YU,D
10:36:57,INDF,RG,5950,1,D,LG,XL,D
10:36:51,INDF,RG,5950,1,D,LG,ZP,F
10:36:51,INDF,RG,5950,8,D,LG,BB,D
10:36:45,INDF,RG,5950,5,D,LG,DH,D
10:36:41,INDF,RG,5950,2,D,LG,XL,D
10:36:39,INDF,RG,5975,1,D,XC,YU,D
10:36:32,INDF,RG,5950,1,D,LG,AK,F
10:36:30,INDF,RG,5950,43,D,LG,BB,D
10:36:17,INDF,RG,5950,1,D,LG,BB,D
10:35:53,INDF,RG,5975,1,D,CC,YU,D
10:35:34,INDF,RG,5950,4,D,LG,XC,D
10:34:52,INDF,RG,5950,5,D,LG,BB,D
10:34:47,INDF,RG,5950,2,D,LG,PD,D
10:34:27,INDF,RG,5975,1,D,CC,YU,D
10:34:25,INDF,RG,5975,3,D,NI,YU,D
10:33:45,INDF,RG,5950,1,D,LG,BB,D
10:33:33,INDF,RG,5950,1,D,LG,AK,F
10:33:32,INDF,RG,5950,50,D,LG,SQ,D
10:33:29,INDF,RG,5950,1,D,LG,ZP,F
10:33:13,INDF,RG,5950,1,D,LG,PD,D
10:33:03,INDF,RG,5975,1,D,CC,YU,D
10:33:00,INDF,RG,5950,5,D,LG,XC,D
10:32:27,INDF,RG,5950,37,D,LG,BB,D
10:32:19,INDF,RG,5950,7,D,LG,DR,D
10:31:46,INDF,RG,5975,30,D,DR,YU,D
10:31:22,INDF,RG,5975,1,D,CC,YU,D
10:31:14,INDF,RG,5950,2,D,LG,BB,D
10:31:02,INDF,RG,5950,4,D,LG,EP,D
10:30:58,INDF,RG,5950,50,D,LG,YP,D
10:30:48,INDF,RG,5975,2,D,PD,YU,D
10:30:43,INDF,RG,5950,2,D,LG,XC,D
10:30:17,INDF,RG,5975,2,D,XC,YU,D
10:30:11,INDF,RG,5975,1,D,CC,YU,D
10:29:23,INDF,RG,5950,48,D,LG,YP,D
10:29:08,INDF,RG,5950,20,D,LG,YP,D
10:29:05,INDF,RG,5975,5,D,XL,YU,D
10:28:54,INDF,RG,5975,1,D,PD,YU,D
10:28:45,INDF,RG,5975,1,D,CC,YU,D
10:28:21,INDF,RG,5950,10,D,LG,NI,D
10:28:03,INDF,RG,5950,10,D,LG,KK,D
10:27:56,INDF,RG,5950,40,D,LG,DX,F
10:27:56,INDF,RG,5950,2,D,LG,YP,D
10:27:56,INDF,RG,5950,9,D,LG,DX,F
10:27:56,INDF,RG,5950,220,D,LG,CC,D
10:27:56,INDF,RG,5950,1,D,LG,BB,D
10:27:56,INDF,RG,5950,1,D,LG,ZP,F
10:27:56,INDF,RG,5950,20,D,LG,BB,D
10:27:56,INDF,RG,5950,160,D,LG,RX,D
10:27:34,INDF,RG,5950,1,D,PD,RX,D
10:27:24,INDF,RG,5950,7,D,PD,RX,D
10:27:21,INDF,RG,5950,1,D,CC,RX,D
10:27:12,INDF,RG,5950,2,D,CC,RX,D
10:27:11,INDF,RG,5950,1,D,XC,RX,D
10:26:49,INDF,RG,5950,3,F,CS,RX,D
10:26:49,INDF,RG,5950,3,F,CS,RX,D
10:26:49,INDF,RG,5950,24,D,XC,RX,D
10:26:49,INDF,RG,5950,1,D,XC,RX,D
10:26:49,INDF,RG,5950,1,D,CC,RX,D
10:26:49,INDF,RG,5950,8,F,KZ,RX,D
10:26:49,INDF,RG,5950,1,F,ZP,RX,D
10:26:49,INDF,RG,5950,3,F,ZP,RX,D
10:26:49,INDF,RG,5950,21,F,ZP,RX,D
10:26:49,INDF,RG,5950,5,D,BQ,RX,D
10:26:49,INDF,RG,5950,10,D,KK,RX,D
10:26:49,INDF,RG,5950,5,F,AK,RX,D
10:26:49,INDF,RG,5950,1,F,KZ,RX,D
10:26:49,INDF,RG,5950,1,F,KZ,RX,D
10:26:49,INDF,RG,5950,200,D,KK,RX,D
10:26:49,INDF,RG,5950,1,D,PD,RX,D
10:26:49,INDF,RG,5950,10,D,KK,RX,D
10:26:49,INDF,RG,5950,6,F,CS,RX,D
10:26:49,INDF,RG,5950,1,F,CS,RX,D
10:26:49,INDF,RG,5950,4,D,XL,RX,D
10:26:49,INDF,RG,5950,3,D,PD,RX,D
10:26:49,INDF,RG,5950,11,D,CC,RX,D
10:26:49,INDF,RG,5950,2,F,CS,RX,D
10:26:49,INDF,RG,5950,3,F,ZP,RX,D
10:26:46,INDF,RG,5975,1,D,KK,YU,D
10:26:41,INDF,RG,5975,4,D,XL,YU,D
10:25:53,INDF,RG,5975,1,D,CC,YU,D
10:25:10,INDF,RG,5950,7,F,ZP,PD,D
10:25:08,INDF,RG,5950,5,F,ZP,XA,D
10:25:06,INDF,RG,5950,1,F,ZP,XL,D
10:24:46,INDF,RG,5950,2,D,ZP,PD,D
10:24:44,INDF,RG,5975,1,D,XC,YU,D
10:24:27,INDF,RG,5975,1,D,CC,YU,D
10:24:15,INDF,RG,5950,15,D,ZP,XA,D
10:23:57,INDF,RG,5950,2,D,ZP,XC,D
10:23:41,INDF,RG,5950,11,D,ZP,BB,D
10:23:39,INDF,RG,5950,6,D,EP,BB,D
10:23:39,INDF,RG,5950,25,D,EP,DX,F
10:23:39,INDF,RG,5950,1,D,EP,XL,D
10:23:39,INDF,RG,5950,1,D,EP,BB,D
10:23:39,INDF,RG,5950,1,D,EP,ZP,F
10:23:39,INDF,RG,5950,2,D,EP,XC,D
10:23:39,INDF,RG,5950,5,D,EP,YP,D
10:23:39,INDF,RG,5950,1,D,EP,YP,D
10:23:39,INDF,RG,5950,1,D,EP,AK,F
10:23:39,INDF,RG,5950,57,D,EP,BB,D
10:23:36,INDF,RG,5950,2,D,CC,BB,D
10:23:34,INDF,RG,5950,3,D,YP,BB,D
10:23:34,INDF,RG,5950,5,D,YP,BB,D
10:23:34,INDF,RG,5950,5,D,CC,BB,D
10:23:34,INDF,RG,5950,1,D,XC,BB,D
10:23:27,INDF,RG,5950,10,D,YP,BB,D
10:23:24,INDF,RG,5950,1,D,NI,BB,D
10:23:23,INDF,RG,5950,18,D,SQ,BB,D
10:23:23,INDF,RG,5950,13,D,SQ,DX,F
10:23:23,INDF,RG,5950,2,D,SQ,AK,F
10:23:23,INDF,RG,5950,1,D,SQ,AK,F
10:23:23,INDF,RG,5950,1,D,SQ,BB,D
10:23:23,INDF,RG,5950,1,D,SQ,ZP,F
10:23:23,INDF,RG,5950,64,D,SQ,YP,D
10:23:23,INDF,RG,5950,1,D,CC,YP,D
10:23:21,INDF,RG,5950,1,D,CC,YP,D
10:23:20,INDF,RG,5950,5,D,CC,YP,D
10:23:16,INDF,RG,5950,2,D,DR,YP,D
10:23:14,INDF,RG,5950,9,D,YB,YP,D
10:23:09,INDF,RG,5950,1,F,KZ,YP,D
10:23:08,INDF,RG,5950,2,D,CC,YP,D
10:23:08,INDF,RG,5950,181,D,PD,YP,D
10:23:07,INDF,RG,5950,3,D,PD,YP,D
10:23:07,INDF,RG,5950,1,D,PD,YP,D
10:23:04,INDF,RG,5950,5,D,YP,YP,D
10:23:03,INDF,RG,5950,5,D,XC,YP,D
10:23:03,INDF,RG,5950,1,D,XC,YP,D
10:23:01,INDF,RG,5950,1,D,NI,YP,D
10:23:01,INDF,RG,5950,1,D,CC,YP,D
10:22:56,INDF,RG,5950,26,D,SQ,YP,D
10:22:56,INDF,RG,5950,20,D,YB,YP,D
10:22:54,INDF,RG,5950,5,D,YP,YP,D
10:22:51,INDF,RG,5950,1,D,XC,YP,D
10:22:39,INDF,RG,5950,14,F,ZP,YP,D
10:22:39,INDF,RG,5950,3,F,ZP,YP,D
10:22:37,INDF,RG,5950,2,D,YP,YP,D
10:22:27,INDF,RG,5950,42,D,AZ,YP,D
10:22:22,INDF,RG,5950,5,D,CC,YP,D
10:22:07,INDF,RG,5950,50,D,LG,YP,D
10:21:38,INDF,RG,5950,5,D,XC,YP,D
10:21:21,INDF,RG,5950,100,D,PD,YP,D
10:21:21,INDF,RG,5950,40,D,AI,YP,D
10:21:21,INDF,RG,5950,2,D,XC,YP,D
10:21:21,INDF,RG,5950,2,D,CC,YP,D
10:21:14,INDF,RG,5950,8,D,CC,DH,D
10:21:14,INDF,RG,5950,3,D,NI,DH,D
10:21:14,INDF,RG,5950,5,D,DR,DH,D
10:21:13,INDF,RG,5950,2,D,DR,YP,D
10:20:41,INDF,RG,5950,3,D,DR,AG,D
10:20:41,INDF,RG,5950,2,F,CS,AG,D
10:20:41,INDF,RG,5950,1,F,KZ,AG,D
10:20:41,INDF,RG,5950,1,D,CC,AG,D
10:20:23,INDF,RG,5950,3,F,KZ,YP,D
10:20:23,INDF,RG,5950,1,F,KZ,YP,D
10:20:23,INDF,RG,5950,4,F,CS,YP,D
10:20:23,INDF,RG,5950,8,D,PF,YP,D
10:20:20,INDF,RG,5950,33,D,PF,DX,F
10:20:20,INDF,RG,5950,31,D,PF,BB,D
10:20:20,INDF,RG,5950,18,D,PF,NI,D
10:20:20,INDF,RG,5950,1,D,PF,BB,D
10:20:20,INDF,RG,5950,13,D,PF,CC,F
10:20:20,INDF,RG,5950,1,D,PF,ZP,F
10:20:20,INDF,RG,5950,395,D,PF,DR,D
10:20:03,INDF,RG,5950,1,D,XC,DR,D
10:19:57,INDF,RG,5950,1,D,PD,DR,D
10:19:55,INDF,RG,5950,3,D,PD,DR,D
10:19:51,INDF,RG,5950,4,F,KZ,DR,D
10:19:50,INDF,RG,5950,1,F,KZ,DR,D
10:19:50,INDF,RG,5950,10,F,BK,DR,D
10:19:50,INDF,RG,5950,2,F,KZ,DR,D
10:19:50,INDF,RG,5950,1,F,CS,DR,D
10:19:50,INDF,RG,5950,72,F,ZP,DR,D
10:19:50,INDF,RG,5950,2,F,CS,DR,D
10:19:50,INDF,RG,5950,2,F,ZP,DR,D
10:19:50,INDF,RG,5950,1,F,KZ,DR,D
10:19:50,INDF,RG,5950,4,F,CS,DR,D
10:19:50,INDF,RG,5950,1,D,CC,DR,D
10:19:50,INDF,RG,5950,610,D,CC,DR,D
10:19:47,INDF,RG,5950,1,D,CC,AK,F
10:19:47,INDF,RG,5950,1,D,CC,AK,F
10:19:46,INDF,RG,5950,1,D,CC,AK,F
10:19:46,INDF,RG,5950,1,D,CC,AK,F
10:19:46,INDF,RG,5950,18,D,CC,YP,D
10:19:46,INDF,RG,5950,33,D,CC,YP,D
10:19:46,INDF,RG,5950,41,D,CC,DX,F
10:19:46,INDF,RG,5950,5,D,CC,SQ,D
10:19:46,INDF,RG,5950,15,D,CC,PD,D
10:19:46,INDF,RG,5950,20,D,CC,PD,D
10:19:46,INDF,RG,5950,5,D,CC,SQ,D
10:19:46,INDF,RG,5950,1,D,CC,DR,D
10:19:46,INDF,RG,5950,1,D,CC,AK,F
10:19:46,INDF,RG,5950,5,D,CC,SQ,D
10:19:46,INDF,RG,5950,5,D,CC,PD,D
10:19:46,INDF,RG,5950,2,D,CC,PD,D
10:19:46,INDF,RG,5950,50,D,CC,XA,D
10:19:46,INDF,RG,5950,24,D,CC,RX,D
