Time,Stock,Brd,Price,Qty,BT,BC,SC,m
15:14:09,INDF,RG,6375,1,D,SQ,AK,F
15:13:45,INDF,RG,6375,1,D,PD,AK,F
15:12:02,INDF,RG,6375,1,D,PD,AK,F
15:11:58,INDF,RG,6375,1,D,XC,AK,F
15:11:53,INDF,RG,6375,3,D,LS,AK,F
15:10:19,INDF,RG,6375,6,D,CC,AK,F
15:06:06,INDF,RG,6375,1,D,KK,AK,F
15:06:00,INDF,RG,6375,2,F,ZP,AK,F
15:05:29,INDF,RG,6375,10,D,XL,AK,F
15:05:13,INDF,RG,6375,5,D,PD,AK,F
15:04:48,INDF,RG,6375,1,F,ZP,AK,F
15:04:41,INDF,RG,6375,1,D,DR,AK,F
15:04:29,INDF,RG,6375,1,F,ZP,AK,F
15:04:26,INDF,RG,6375,10,D,PG,AK,F
15:04:19,INDF,RG,6375,1,F,ZP,AK,F
15:04:17,INDF,RG,6375,5,D,PD,AK,F
15:03:46,INDF,RG,6375,1,F,ZP,AK,F
15:03:21,INDF,RG,6375,2,F,ZP,AK,F
15:03:14,INDF,RG,6375,17,D,NI,AK,F
15:03:08,INDF,RG,6375,2,F,ZP,AK,F
15:02:52,INDF,RG,6375,10,D,NI,AK,F
15:02:47,INDF,RG,6375,1,F,ZP,AK,F
15:02:42,INDF,RG,6375,5,D,XC,AK,F
15:02:38,INDF,RG,6375,1,F,ZP,AK,F
15:02:35,INDF,RG,6375,5,F,ZP,AK,F
15:02:28,INDF,RG,6375,20,D,FS,AK,F
15:02:28,INDF,RG,6375,13,F,ZP,AK,F
15:02:28,INDF,RG,6375,55,D,LS,AK,F
15:02:28,INDF,RG,6375,2,D,YP,AK,F
15:02:28,INDF,RG,6375,20,D,YP,AK,F
15:02:28,INDF,RG,6375,4,F,ZP,AK,F
15:02:28,INDF,RG,6375,31,F,ZP,AK,F
15:02:28,INDF,RG,6375,28,D,RO,AK,F
15:01:46,INDF,RG,6375,72,D,RO,YU,D
15:01:46,INDF,RG,6375,28,F,CS,YU,D
15:00:00,INDF,RG,6375,10,F,CS,PD,D
15:00:00,INDF,RG,6375,20,F,CS,PD,D
15:00:00,INDF,RG,6375,2,F,CS,XC,D
15:00:00,INDF,RG,6375,2,F,CS,HP,D
15:00:00,INDF,RG,6375,50,F,CS,YP,D
15:00:00,INDF,RG,6375,210,F,CS,YP,D
15:00:00,INDF,RG,6375,1,D,XC,YP,D
15:00:00,INDF,RG,6375,10,D,NI,YP,D
15:00:00,INDF,RG,6375,24,D,XC,YP,D
15:00:00,INDF,RG,6375,1,D,PD,YP,D
15:00:00,INDF,RG,6375,1,D,NI,YP,D
15:00:00,INDF,RG,6375,4,D,XC,YP,D
15:00:00,INDF,RG,6375,1,D,YU,YP,D
15:00:00,INDF,RG,6375,5,D,SQ,YP,D
15:00:00,INDF,RG,6375,20,D,SQ,YP,D
15:00:00,INDF,RG,6375,10,D,XC,YP,D
15:00:00,INDF,RG,6375,3,D,PD,YP,D
15:00:00,INDF,RG,6375,1,D,XC,YP,D
15:00:00,INDF,RG,6375,6,D,XL,YP,D
15:00:00,INDF,RG,6375,1,D,NI,YP,D
15:00:00,INDF,RG,6375,2,D,YP,YP,D
15:00:00,INDF,RG,6375,18,F,ZP,YP,D
15:00:00,INDF,RG,6375,1,F,ZP,PD,D
15:00:00,INDF,RG,6375,5,F,ZP,PD,D
15:00:00,INDF,RG,6375,2,F,ZP,HP,D
15:00:00,INDF,RG,6375,544,F,ZP,YB,D
15:00:00,INDF,RG,6375,107,F,ZP,YB,D
15:00:00,INDF,RG,6375,4,F,ZP,YB,D
15:00:00,INDF,RG,6375,2,F,ZP,YB,D
15:00:00,INDF,RG,6375,343,F,ZP,YB,D
15:00:00,INDF,RG,6375,8,F,ZP,ZP,F
15:00:00,INDF,RG,6375,88,F,ZP,ZP,F
15:00:00,INDF,RG,6375,206,F,ZP,ZP,F
15:00:00,INDF,RG,6375,848,F,ZP,ZP,F
15:00:00,INDF,RG,6375,574,F,ZP,ZP,F
15:00:00,INDF,RG,6375,723,F,BK,ZP,F
15:00:00,INDF,RG,6375,68,F,CS,ZP,F
15:00:00,INDF,RG,6375,276,F,CS,AK,F
15:00:00,INDF,RG,6375,1853,F,CS,BK,F
15:00:00,INDF,RG,6375,12,F,CS,DX,F
15:00:00,INDF,RG,6375,10,F,CS,AK,F
15:00:00,INDF,RG,6375,38,F,CS,AK,F
15:00:00,INDF,RG,6375,10,F,CS,AK,F
15:00:00,INDF,RG,6375,59,F,CS,AK,F
15:00:00,INDF,RG,6375,2,F,CS,AK,F
15:00:00,INDF,RG,6375,4,F,CS,AK,F
15:00:00,INDF,RG,6375,3,F,CS,KK,D
15:00:00,INDF,RG,6375,11,F,CS,AK,F
15:00:00,INDF,RG,6375,62,F,CS,AK,F
15:00:00,INDF,RG,6375,408,F,CS,AK,F
15:00:00,INDF,RG,6375,8,F,CS,AK,F
15:00:00,INDF,RG,6375,53,F,CS,AK,F
15:00:00,INDF,RG,6375,136,F,CS,AK,F
15:00:00,INDF,RG,6375,215,F,CS,AK,F
15:00:00,INDF,RG,6375,6,F,CS,DH,D
15:00:00,INDF,RG,6375,330,F,CS,AK,F
15:00:00,INDF,RG,6375,49,F,CS,DR,D
15:00:00,INDF,RG,6375,53,F,CS,DP,D
15:00:00,INDF,RG,6375,671,F,CS,AK,F
15:00:00,INDF,RG,6375,227,F,CS,PD,D
15:00:00,INDF,RG,6375,523,F,CS,PD,D
15:00:00,INDF,RG,6375,48,F,CS,PD,D
15:00:00,INDF,RG,6375,42,F,DP,PD,D
15:00:00,INDF,RG,6375,9,F,AK,PD,D
15:00:00,INDF,RG,6375,236,F,AK,PD,D
15:00:00,INDF,RG,6375,288,F,AK,PD,D
15:00:00,INDF,RG,6375,680,F,AK,PD,D
15:00:00,INDF,RG,6375,8,F,AK,PD,D
15:00:00,INDF,RG,6375,480,F,RX,PD,D
15:00:00,INDF,RG,6375,8,F,RX,YU,D
14:49:58,INDF,RG,6350,1,D,LS,ZP,F
14:49:57,INDF,RG,6350,1,D,LS,ZP,F
14:49:57,INDF,RG,6350,12,D,LS,ZP,F
14:49:57,INDF,RG,6375,16,F,ZP,YP,D
14:49:54,INDF,RG,6350,3,D,LS,ZP,F
14:49:53,INDF,RG,6375,1,D,YP,YP,D
14:49:52,INDF,RG,6375,20,F,ZP,YP,D
14:49:52,INDF,RG,6350,28,D,LS,ZP,F
14:49:52,INDF,RG,6350,3,D,NI,ZP,F
14:49:52,INDF,RG,6350,6,D,KK,ZP,F
14:49:52,INDF,RG,6350,9,F,ZP,ZP,F
14:49:52,INDF,RG,6350,4,F,ZP,ZP,F
14:49:52,INDF,RG,6350,10,D,CC,ZP,F
14:49:52,INDF,RG,6350,1,D,PD,ZP,F
14:49:52,INDF,RG,6350,7,D,YP,ZP,F
14:49:51,INDF,RG,6375,16,F,ZP,YP,D
14:49:50,INDF,RG,6375,4,F,ZP,YP,D
14:49:45,INDF,RG,6375,1,F,AK,YP,D
14:49:45,INDF,RG,6350,43,D,YP,AK,F
14:49:45,INDF,RG,6350,22,F,RX,AK,F
14:49:40,INDF,RG,6350,1,F,RX,ZP,F
14:49:40,INDF,RG,6350,10,D,OD,ZP,F
14:49:40,INDF,RG,6350,2,D,PD,ZP,F
14:49:39,INDF,RG,6375,6,F,CS,YP,D
14:49:39,INDF,RG,6375,17,F,ZP,YP,D
14:49:37,INDF,RG,6375,4,F,RX,YP,D
14:49:37,INDF,RG,6375,22,F,ZP,YP,D
14:49:37,INDF,RG,6375,12,F,CS,YP,D
14:49:36,INDF,RG,6375,4,F,ZP,YP,D
14:49:35,INDF,RG,6375,7,F,RX,YP,D
14:49:30,INDF,RG,6350,3,D,PD,DX,F
14:49:30,INDF,RG,6350,1,D,XC,DX,F
14:49:30,INDF,RG,6350,8,F,CS,DX,F
14:49:28,INDF,RG,6375,9,F,CS,YP,D
14:49:25,INDF,RG,6375,43,F,ZP,YP,D
14:49:25,INDF,RG,6375,5,F,ZP,RX,D
14:49:21,INDF,RG,6375,12,F,ZP,RX,D
14:49:21,INDF,RG,6375,15,F,ZP,AK,F
14:49:21,INDF,RG,6375,1,F,RX,AK,F
14:49:21,INDF,RG,6375,1,F,RX,AT,D
14:49:21,INDF,RG,6375,7,F,RX,ZP,F
14:49:15,INDF,RG,6375,1,F,AK,ZP,F
14:49:13,INDF,RG,6350,1,F,CS,BB,D
14:49:11,INDF,RG,6350,39,F,CS,AK,F
14:49:11,INDF,RG,6375,9,F,RX,AK,F
14:49:09,INDF,RG,6350,4,F,CS,ZP,F
14:49:06,INDF,RG,6375,2,F,CS,AK,F
14:49:06,INDF,RG,6375,4,F,CS,BK,F
14:49:06,INDF,RG,6375,6,F,CS,ZP,F
14:49:01,INDF,RG,6375,78,F,ZP,ZP,F
14:49:00,INDF,RG,6375,11,F,RX,ZP,F
14:49:00,INDF,RG,6350,7,F,CS,BK,F
14:49:00,INDF,RG,6350,116,D,YP,BK,F
14:49:00,INDF,RG,6350,184,D,YP,ZP,F
14:49:00,INDF,RG,6350,1,D,CC,ZP,F
14:49:00,INDF,RG,6350,12,F,ZP,ZP,F
14:49:00,INDF,RG,6375,45,F,ZP,ZP,F
14:49:00,INDF,RG,6375,87,F,ZP,ZP,F
14:49:00,INDF,RG,6375,1,F,AK,ZP,F
14:49:00,INDF,RG,6350,26,F,ZP,AK,F
14:49:00,INDF,RG,6350,1,F,CS,AK,F
14:49:00,INDF,RG,6350,3,D,PD,AK,F
14:49:00,INDF,RG,6350,1,D,NI,AK,F
14:49:00,INDF,RG,6350,2,D,NI,AK,F
14:49:00,INDF,RG,6350,20,D,YP,AK,F
14:49:00,INDF,RG,6350,5,D,AG,AK,F
14:49:00,INDF,RG,6350,24,D,YP,AK,F
14:49:00,INDF,RG,6350,110,D,YP,AK,F
14:48:57,INDF,RG,6350,9,D,YP,BK,F
14:48:56,INDF,RG,6375,17,F,CS,ZP,F
14:48:55,INDF,RG,6350,10,D,YP,BK,F
14:48:50,INDF,RG,6350,9,D,YP,BK,F
14:48:45,INDF,RG,6375,16,F,CS,ZP,F
14:48:42,INDF,RG,6350,10,D,YP,BK,F
14:48:37,INDF,RG,6350,9,D,YP,BK,F
14:48:35,INDF,RG,6375,16,F,CS,ZP,F
14:48:33,INDF,RG,6350,9,D,YP,BK,F
14:48:28,INDF,RG,6350,9,D,YP,BK,F
14:48:25,INDF,RG,6350,8,D,YP,BK,F
14:48:25,INDF,RG,6375,32,F,CS,ZP,F
14:48:22,INDF,RG,6350,9,D,YP,BK,F
14:48:18,INDF,RG,6350,8,D,YP,BK,F
14:48:18,INDF,RG,6350,2,D,NI,BK,F
14:48:18,INDF,RG,6350,1,D,CC,BK,F
14:48:13,INDF,RG,6350,10,D,CC,BK,F
14:48:08,INDF,RG,6350,79,D,CC,ZP,F
14:48:08,INDF,RG,6350,7,F,CS,ZP,F
14:48:08,INDF,RG,6350,3,D,CC,ZP,F
14:48:08,INDF,RG,6350,50,D,CP,ZP,F
14:48:08,INDF,RG,6350,1,D,PD,ZP,F
14:48:08,INDF,RG,6350,5,D,AI,ZP,F
14:48:08,INDF,RG,6350,2,D,YP,ZP,F
14:48:06,INDF,RG,6375,1,D,PC,ZP,F
14:48:04,INDF,RG,6375,20,F,CS,ZP,F
14:47:46,INDF,RG,6375,27,F,ZP,ZP,F
14:47:46,INDF,RG,6375,21,F,ZP,ZP,F
14:47:46,INDF,RG,6375,2,F,ZP,YP,D
14:47:46,INDF,RG,6375,8,F,ZP,DH,D
14:47:45,INDF,RG,6350,3,D,YP,AK,F
14:47:45,INDF,RG,6350,1,D,KK,AK,F
14:47:45,INDF,RG,6350,100,D,YB,AK,F
14:47:45,INDF,RG,6350,39,F,ZP,AK,F
14:47:45,INDF,RG,6350,28,F,ZP,AK,F
14:47:33,INDF,RG,6350,7,F,ZP,ZP,F
14:47:33,INDF,RG,6350,3,F,CS,ZP,F
14:47:33,INDF,RG,6350,14,F,CS,ZP,F
14:47:33,INDF,RG,6350,11,F,CS,ZP,F
14:47:33,INDF,RG,6350,2,F,CS,ZP,F
14:47:33,INDF,RG,6350,118,D,YB,ZP,F
14:47:33,INDF,RG,6350,7,D,YB,ZP,F
14:47:33,INDF,RG,6375,2,F,CS,DH,D
14:47:33,INDF,RG,6375,16,F,CS,RX,D
14:47:22,INDF,RG,6375,27,F,CS,RX,D
14:47:08,INDF,RG,6375,1,D,CD,BK,F
14:47:06,INDF,RG,6350,93,D,YB,AK,F
14:47:06,INDF,RG,6375,45,F,ZP,BK,F
14:47:06,INDF,RG,6375,1,F,ZP,XC,D
14:47:06,INDF,RG,6375,28,F,ZP,BK,F
14:47:06,INDF,RG,6350,4,D,YB,ZP,F
14:47:06,INDF,RG,6350,8,D,YB,RX,D
14:47:05,INDF,RG,6350,249,D,YB,ZP,F
14:47:04,INDF,RG,6375,19,F,CS,BK,F
14:47:04,INDF,RG,6350,5,D,YB,LG,D
14:47:03,INDF,RG,6375,25,F,ZP,BK,F
14:47:03,INDF,RG,6375,1,F,ZP,XC,D
14:47:03,INDF,RG,6375,10,F,ZP,BK,F
14:47:03,INDF,RG,6375,66,F,ZP,ZP,F
14:47:00,INDF,RG,6375,5,D,PD,ZP,F
14:46:57,INDF,RG,6350,9,D,YB,BK,F
14:46:52,INDF,RG,6375,42,F,ZP,ZP,F
14:46:52,INDF,RG,6375,5,F,ZP,ZP,F
14:46:52,INDF,RG,6375,19,F,ZP,AK,F
14:46:52,INDF,RG,6350,8,D,YB,BK,F
14:46:52,INDF,RG,6375,17,F,CS,AK,F
14:46:52,INDF,RG,6375,14,F,CS,ZP,F
14:46:47,INDF,RG,6350,9,D,YB,BK,F
14:46:43,INDF,RG,6350,9,D,YB,BK,F
14:46:35,INDF,RG,6350,10,D,YB,BK,F
14:46:33,INDF,RG,6350,9,D,YB,BK,F
14:46:32,INDF,RG,6375,31,F,CS,ZP,F
14:46:29,INDF,RG,6350,6,D,YB,RX,D
14:46:26,INDF,RG,6350,5,D,YB,RX,D
14:46:24,INDF,RG,6350,10,D,YB,BK,F
14:46:21,INDF,RG,6350,10,D,YB,BK,F
14:46:14,INDF,RG,6350,10,D,YB,BK,F
14:46:12,INDF,RG,6350,10,D,YB,BK,F
14:46:12,INDF,RG,6375,31,F,CS,ZP,F
14:46:03,INDF,RG,6350,9,D,YB,BK,F
14:45:57,INDF,RG,6375,1,D,NI,ZP,F
14:45:56,INDF,RG,6350,9,D,YB,BK,F
14:45:56,INDF,RG,6375,1,D,YP,ZP,F
14:45:52,INDF,RG,6375,34,F,CS,ZP,F
14:45:50,INDF,RG,6350,10,D,YB,BK,F
14:45:46,INDF,RG,6350,10,D,YB,BK,F
14:45:42,INDF,RG,6350,9,D,YB,BK,F
14:45:36,INDF,RG,6350,9,D,YB,BK,F
14:45:30,INDF,RG,6350,9,D,YB,BK,F
14:45:30,INDF,RG,6375,28,F,CS,ZP,F
14:45:25,INDF,RG,6350,31,D,YB,ZP,F
14:45:23,INDF,RG,6350,10,D,YB,BK,F
14:45:22,INDF,RG,6375,112,F,ZP,ZP,F
14:45:22,INDF,RG,6375,6,F,ZP,ZP,F
14:45:16,INDF,RG,6350,9,D,YB,BK,F
14:45:14,INDF,RG,6350,3,D,YB,PD,D
14:45:11,INDF,RG,6350,9,D,YB,BK,F
14:45:10,INDF,RG,6375,5,D,YP,ZP,F
14:45:06,INDF,RG,6350,9,D,YB,BK,F
14:45:02,INDF,RG,6350,9,D,YB,BK,F
14:45:01,INDF,RG,6350,162,D,YB,ZP,F
14:45:00,INDF,RG,6350,104,D,YB,AK,F
14:45:00,INDF,RG,6350,22,F,CS,AK,F
14:45:00,INDF,RG,6350,20,F,CS,AK,F
14:45:00,INDF,RG,6350,2,F,AK,AK,F
14:45:00,INDF,RG,6350,42,D,CP,AK,F
14:45:00,INDF,RG,6350,2,D,CP,AK,F
14:44:56,INDF,RG,6350,6,D,CP,BK,F
14:44:56,INDF,RG,6350,4,F,ZP,BK,F
14:44:54,INDF,RG,6350,1,F,ZP,DX,D
14:44:53,INDF,RG,6350,9,F,ZP,BK,F
14:44:47,INDF,RG,6375,3,D,GR,AK,F
14:44:47,INDF,RG,6375,72,D,GR,YU,D
14:44:45,INDF,RG,6375,95,F,ZP,YU,D
14:44:44,INDF,RG,6350,21,F,ZP,YU,D
14:44:44,INDF,RG,6350,50,D,GR,YU,D
14:44:44,INDF,RG,6350,12,F,CS,YU,D
14:44:44,INDF,RG,6350,4,F,CS,YU,D
14:44:44,INDF,RG,6350,1,F,CS,YU,D
14:44:44,INDF,RG,6350,112,F,RX,YU,D
14:44:42,INDF,RG,6350,8,F,RX,BK,F
14:44:40,INDF,RG,6350,10,F,RX,BK,F
14:44:37,INDF,RG,6375,33,F,ZP,YU,D
14:44:37,INDF,RG,6375,37,F,ZP,YP,D
14:44:32,INDF,RG,6350,9,F,RX,BK,F
14:44:30,INDF,RG,6375,8,F,AK,YP,D
14:44:28,INDF,RG,6375,38,F,CS,YP,D
14:44:25,INDF,RG,6350,9,F,RX,BK,F
14:44:24,INDF,RG,6350,2,F,RX,DX,D
14:44:20,INDF,RG,6350,9,F,RX,BK,F
14:44:16,INDF,RG,6350,8,F,RX,BK,F
14:44:11,INDF,RG,6350,9,F,RX,BK,F
14:44:02,INDF,RG,6350,8,F,RX,BK,F
14:44:00,INDF,RG,6375,1,F,AK,YP,D
14:43:58,INDF,RG,6375,38,F,CS,YP,D
14:43:56,INDF,RG,6350,9,F,RX,BK,F
14:43:50,INDF,RG,6350,10,F,RX,BK,F
14:43:47,INDF,RG,6350,9,F,RX,BK,F
14:43:41,INDF,RG,6350,9,F,RX,BK,F
14:43:38,INDF,RG,6375,1,F,AK,YP,D
14:43:37,INDF,RG,6375,3,D,XL,YP,D
14:43:28,INDF,RG,6375,39,F,CS,YP,D
14:43:22,INDF,RG,6375,31,F,RX,YP,D
14:43:15,INDF,RG,6375,1,F,AK,YP,D
14:43:14,INDF,RG,6375,11,F,RX,YP,D
14:42:57,INDF,RG,6375,39,F,CS,YP,D
14:42:54,INDF,RG,6375,9,F,RX,YP,D
14:42:46,INDF,RG,6375,36,F,ZP,YP,D
14:42:37,INDF,RG,6375,8,F,RX,YP,D
14:42:37,INDF,RG,6375,4,F,RX,YP,D
14:42:27,INDF,RG,6375,52,F,CS,YP,D
14:42:14,INDF,RG,6375,137,F,ZP,YP,D
14:41:54,INDF,RG,6375,7,D,KK,YP,D
14:41:54,INDF,RG,6375,3,D,KK,AK,F
14:41:46,INDF,RG,6375,52,F,CS,AK,F
14:41:05,INDF,RG,6375,51,F,CS,AK,F
14:40:26,INDF,RG,6375,18,F,ZP,AK,F
14:40:26,INDF,RG,6375,3,F,ZP,XC,D
14:40:26,INDF,RG,6375,9,F,ZP,YP,D
14:40:24,INDF,RG,6375,1,F,CS,YP,D
14:40:24,INDF,RG,6375,1,F,CS,YP,D
14:40:24,INDF,RG,6375,7,F,CS,YP,D
14:40:24,INDF,RG,6375,46,F,CS,YP,D
14:40:07,INDF,RG,6350,2,F,RX,LG,D
14:40:07,INDF,RG,6350,1,D,NI,LG,D
14:40:07,INDF,RG,6350,6,F,CS,LG,D
14:40:07,INDF,RG,6350,6,F,CS,LG,D
14:40:07,INDF,RG,6350,10,D,YP,LG,D
14:39:50,INDF,RG,6375,2,D,NI,YP,D
14:39:30,INDF,RG,6375,2,F,CS,YP,D
14:39:30,INDF,RG,6375,19,D,YU,YP,D
14:39:30,INDF,RG,6375,2,D,YU,PD,D
14:39:30,INDF,RG,6375,1,D,YU,XC,D
14:39:30,INDF,RG,6375,1,D,YU,PD,D
14:39:30,INDF,RG,6375,7,D,YU,XC,D
14:39:30,INDF,RG,6375,1,D,YU,YP,D
14:39:30,INDF,RG,6350,1,D,YU,AK,F
14:39:30,INDF,RG,6350,1,D,YU,DX,D
14:39:30,INDF,RG,6350,5,D,YU,AK,F
14:39:29,INDF,RG,6350,1,F,CS,AK,F
14:39:28,INDF,RG,6350,1,F,CS,AK,F
14:39:27,INDF,RG,6350,1,F,CS,AK,F
14:39:27,INDF,RG,6350,1,F,CS,AK,F
14:39:27,INDF,RG,6350,10,D,DH,AK,F
14:39:22,INDF,RG,6350,5,D,NI,AK,F
14:39:15,INDF,RG,6350,18,F,BK,AK,F
14:39:14,INDF,RG,6350,1,D,PD,AK,F
14:39:14,INDF,RG,6350,19,D,PD,ZP,F
14:39:13,INDF,RG,6350,7,D,YP,ZP,F
14:39:11,INDF,RG,6350,23,F,BK,ZP,F
14:39:09,INDF,RG,6350,100,D,YJ,ZP,F
14:39:05,INDF,RG,6350,39,F,BK,ZP,F
14:38:59,INDF,RG,6350,2,F,BK,ZP,F
14:38:59,INDF,RG,6350,32,F,BK,CC,D
14:38:59,INDF,RG,6350,47,F,BK,BB,D
14:38:59,INDF,RG,6350,1,F,BK,AK,F
14:38:59,INDF,RG,6350,147,F,BK,AK,F
14:38:58,INDF,RG,6350,4,D,YP,AK,F
14:38:56,INDF,RG,6350,113,F,ZP,AK,F
14:38:55,INDF,RG,6350,1,D,PD,AK,F
14:38:55,INDF,RG,6350,103,F,AK,AK,F
14:38:55,INDF,RG,6350,2,F,AK,PD,D
14:38:55,INDF,RG,6350,88,F,AK,BK,F
14:38:55,INDF,RG,6350,18,F,AK,ZP,F
14:38:55,INDF,RG,6350,84,F,AK,RX,D
14:38:55,INDF,RG,6350,1,F,AK,YP,D
14:38:55,INDF,RG,6350,156,F,AK,BK,F
14:38:55,INDF,RG,6350,48,F,AK,ZP,F
14:38:55,INDF,RG,6350,169,F,BK,ZP,F
14:38:54,INDF,RG,6350,500,F,AK,ZP,F
14:38:54,INDF,RG,6350,88,F,ZP,ZP,F
14:38:53,INDF,RG,6350,112,F,AK,ZP,F
14:38:53,INDF,RG,6350,112,F,AK,BK,F
14:38:53,INDF,RG,6350,213,F,AK,ZP,F
14:38:53,INDF,RG,6350,63,F,AK,AK,F
14:38:53,INDF,RG,6350,88,F,ZP,AK,F
14:38:52,INDF,RG,6350,217,F,AK,AK,F
14:38:52,INDF,RG,6350,3,F,AK,AK,F
14:38:52,INDF,RG,6350,280,F,AK,BB,D
14:38:52,INDF,RG,6350,10,F,DH,BB,D
14:38:51,INDF,RG,6350,77,F,ZP,BB,D
14:38:48,INDF,RG,6325,9,D,YP,BK,F
14:38:46,INDF,RG,6350,5,D,NI,BB,D
14:38:45,INDF,RG,6350,1,D,YP,BB,D
14:38:39,INDF,RG,6325,9,D,YP,BK,F
14:38:29,INDF,RG,6325,7,D,YP,BK,F
14:38:29,INDF,RG,6325,1,D,DR,BK,F
14:38:29,INDF,RG,6325,1,D,CC,BK,F
14:38:29,INDF,RG,6325,1,D,YP,BK,F
14:38:26,INDF,RG,6325,12,D,YP,RX,D
14:38:22,INDF,RG,6325,8,D,YP,BK,F
14:38:20,INDF,RG,6325,4,D,YP,ZP,F
14:38:20,INDF,RG,6325,1,D,PD,ZP,F
14:38:20,INDF,RG,6325,5,D,GR,ZP,F
14:38:20,INDF,RG,6325,10,D,PD,ZP,F
14:38:20,INDF,RG,6325,5,D,YP,ZP,F
14:38:20,INDF,RG,6325,2,D,NI,ZP,F
14:38:20,INDF,RG,6325,25,D,YP,ZP,F
14:38:20,INDF,RG,6325,1,D,YP,ZP,F
14:38:20,INDF,RG,6325,1,D,KK,ZP,F
14:38:20,INDF,RG,6325,10,D,KK,ZP,F
14:38:20,INDF,RG,6325,1,D,GR,ZP,F
14:38:20,INDF,RG,6325,5,D,AG,ZP,F
14:38:20,INDF,RG,6325,5,D,SQ,ZP,F
14:38:20,INDF,RG,6325,168,D,SQ,ZP,F
14:38:20,INDF,RG,6325,1,D,DH,ZP,F
14:38:20,INDF,RG,6325,1,D,PD,ZP,F
14:38:20,INDF,RG,6325,20,D,SQ,ZP,F
14:38:20,INDF,RG,6325,5,D,DH,ZP,F
14:38:20,INDF,RG,6325,2,D,CC,ZP,F
14:38:17,INDF,RG,6350,14,D,CP,BB,D
14:38:17,INDF,RG,6350,11,D,CP,ZP,F
14:38:17,INDF,RG,6350,1,D,CP,DX,D
14:38:17,INDF,RG,6350,52,D,CP,AK,F
14:38:14,INDF,RG,6350,10,D,DR,AK,F
14:38:10,INDF,RG,6350,10,D,CC,AK,F
14:38:01,INDF,RG,6350,1,D,YP,AK,F
14:37:35,INDF,RG,6350,2,D,YP,AK,F
14:37:29,INDF,RG,6350,1,D,NI,AK,F
14:37:11,INDF,RG,6350,47,F,ZP,AK,F
14:37:11,INDF,RG,6350,37,F,ZP,BK,F
14:37:10,INDF,RG,6325,18,D,CC,ZP,F
14:37:10,INDF,RG,6325,1,D,PD,ZP,F
14:37:10,INDF,RG,6325,137,D,YP,ZP,F
14:36:54,INDF,RG,6325,9,D,YP,RX,D
14:36:43,INDF,RG,6350,59,F,ZP,BK,F
14:36:43,INDF,RG,6350,19,F,ZP,BB,D
14:36:42,INDF,RG,6325,154,D,YP,ZP,F
14:36:42,INDF,RG,6325,2,D,PD,ZP,F
14:36:42,INDF,RG,6325,1,D,XC,ZP,F
14:36:42,INDF,RG,6325,1,D,XC,ZP,F
14:36:42,INDF,RG,6325,25,D,XA,ZP,F
14:36:42,INDF,RG,6325,20,D,DR,ZP,F
14:36:42,INDF,RG,6325,1,D,YU,ZP,F
14:36:42,INDF,RG,6325,1,D,PD,ZP,F
14:36:42,INDF,RG,6325,100,D,YU,ZP,F
14:36:42,INDF,RG,6325,10,D,XC,ZP,F
14:36:42,INDF,RG,6325,2,D,XC,ZP,F
14:36:42,INDF,RG,6350,4,F,CS,BB,D
14:36:42,INDF,RG,6350,19,F,CS,YU,D
14:36:41,INDF,RG,6350,13,F,CS,YU,D
14:36:41,INDF,RG,6350,38,F,CS,YU,D
14:36:41,INDF,RG,6350,2,F,CS,YU,D
14:36:41,INDF,RG,6350,3,F,CS,YU,D
14:36:41,INDF,RG,6350,9,F,CS,YU,D
14:36:41,INDF,RG,6350,10,F,CS,YU,D
14:36:41,INDF,RG,6350,2,F,CS,YU,D
14:36:41,INDF,RG,6350,8,F,CS,YU,D
14:36:41,INDF,RG,6350,24,F,CS,YU,D
14:36:41,INDF,RG,6350,72,D,CP,YU,D
14:36:37,INDF,RG,6350,9,D,CP,BK,F
14:36:36,INDF,RG,6350,19,D,CP,YU,D
14:36:36,INDF,RG,6350,1,D,NI,YU,D
14:36:36,INDF,RG,6350,1,D,XC,YU,D
14:36:36,INDF,RG,6350,2,D,XC,YU,D
14:36:36,INDF,RG,6350,6,F,CS,YU,D
14:36:36,INDF,RG,6350,33,D,YU,YU,D
14:36:36,INDF,RG,6350,1,F,AK,YU,D
14:36:36,INDF,RG,6350,3,F,AK,YU,D
14:36:36,INDF,RG,6350,34,F,CS,YU,D
14:36:29,INDF,RG,6350,9,F,CS,BK,F
14:36:27,INDF,RG,6350,1,F,CS,DX,D
14:36:19,INDF,RG,6350,8,F,CS,BK,F
14:36:18,INDF,RG,6350,1,F,CS,YP,D
14:36:12,INDF,RG,6350,8,F,CS,BK,F
14:36:08,INDF,RG,6350,165,F,CS,YP,D
14:36:08,INDF,RG,6350,1,D,PD,YP,D
14:36:08,INDF,RG,6350,3,D,PD,YP,D
14:36:08,INDF,RG,6350,1,D,NI,YP,D
14:36:08,INDF,RG,6350,1,D,GR,YP,D
14:36:08,INDF,RG,6350,1,D,CC,YP,D
14:36:08,INDF,RG,6350,1,D,HP,YP,D
14:36:08,INDF,RG,6350,1,D,XL,YP,D
14:36:08,INDF,RG,6350,1,D,CC,YP,D
14:36:08,INDF,RG,6350,5,D,PD,YP,D
14:36:08,INDF,RG,6350,2,D,NI,YP,D
14:36:08,INDF,RG,6350,5,D,XC,YP,D
14:36:08,INDF,RG,6350,2,D,PD,YP,D
14:36:08,INDF,RG,6350,1,D,YP,YP,D
14:36:08,INDF,RG,6350,41,F,RX,YP,D
14:36:08,INDF,RG,6350,3,D,XL,YP,D
14:36:08,INDF,RG,6350,166,D,YP,YP,D
14:36:01,INDF,RG,6350,9,D,YP,BK,F
14:35:55,INDF,RG,6350,8,D,YP,BK,F
14:35:47,INDF,RG,6350,9,D,YP,BK,F
14:35:35,INDF,RG,6350,8,D,YP,BK,F
14:35:35,INDF,RG,6350,1,D,GR,BK,F
14:35:34,INDF,RG,6375,15,F,CS,ZP,F
14:35:34,INDF,RG,6375,127,F,CS,CS,F
14:35:34,INDF,RG,6375,2,F,CS,PD,D
14:35:34,INDF,RG,6375,72,F,CS,OD,D
14:35:26,INDF,RG,6350,9,D,IP,BK,F
14:35:21,INDF,RG,6350,1,D,IP,ZP,F
14:35:21,INDF,RG,6350,14,D,NI,ZP,F
14:35:21,INDF,RG,6350,1,D,PD,ZP,F
14:35:21,INDF,RG,6350,20,D,TP,ZP,F
14:35:21,INDF,RG,6350,7,D,CC,ZP,F
14:35:21,INDF,RG,6350,1,D,MU,ZP,F
14:35:21,INDF,RG,6350,13,D,YP,ZP,F
14:35:21,INDF,RG,6350,1,D,NI,ZP,F
14:35:21,INDF,RG,6350,1,D,YP,ZP,F
14:35:21,INDF,RG,6350,3,D,CC,ZP,F
14:35:21,INDF,RG,6350,10,D,YP,ZP,F
14:35:21,INDF,RG,6350,2,D,YP,ZP,F
14:35:21,INDF,RG,6350,1,D,EP,ZP,F
14:35:21,INDF,RG,6350,3,F,CS,ZP,F
14:35:21,INDF,RG,6350,5,D,SQ,ZP,F
14:35:21,INDF,RG,6350,2,D,XC,ZP,F
14:35:21,INDF,RG,6350,4,F,CS,ZP,F
14:35:21,INDF,RG,6350,5,D,PD,ZP,F
14:35:21,INDF,RG,6350,1,D,YP,ZP,F
14:35:21,INDF,RG,6350,1,D,XL,ZP,F
14:35:21,INDF,RG,6350,2,D,GR,ZP,F
14:35:21,INDF,RG,6350,34,F,RX,ZP,F
14:35:17,INDF,RG,6350,9,F,RX,BK,F
14:35:17,INDF,RG,6350,73,F,RX,AK,F
14:35:16,INDF,RG,6350,55,F,RX,AK,F
14:35:16,INDF,RG,6350,6,F,CS,AK,F
14:35:16,INDF,RG,6350,10,D,DH,AK,F
14:35:16,INDF,RG,6350,1,D,AZ,AK,F
14:35:16,INDF,RG,6350,1,D,PD,AK,F
14:35:16,INDF,RG,6350,1,D,OD,AK,F
14:35:16,INDF,RG,6350,1,D,XL,AK,F
14:35:16,INDF,RG,6350,1,D,CC,AK,F
14:35:16,INDF,RG,6350,25,D,YP,AK,F
14:35:16,INDF,RG,6350,30,D,CC,AK,F
14:35:16,INDF,RG,6350,50,D,CP,AK,F
14:35:16,INDF,RG,6350,1,D,CC,AK,F
14:35:16,INDF,RG,6350,10,D,PD,AK,F
14:35:16,INDF,RG,6350,1,D,YP,AK,F
14:35:16,INDF,RG,6350,5,D,EP,AK,F
14:35:16,INDF,RG,6350,5,D,SQ,AK,F
14:35:16,INDF,RG,6350,10,D,YP,AK,F
14:35:16,INDF,RG,6350,10,D,DR,AK,F
14:35:16,INDF,RG,6350,1,F,CS,AK,F
14:35:16,INDF,RG,6350,1,F,CS,AK,F
14:35:16,INDF,RG,6350,1,D,XL,AK,F
14:35:16,INDF,RG,6350,3,F,CC,AK,F
14:35:16,INDF,RG,6350,1,F,CS,AK,F
14:35:16,INDF,RG,6350,3,D,NI,AK,F
14:35:16,INDF,RG,6350,5,D,NI,AK,F
14:35:16,INDF,RG,6350,1,D,PD,AK,F
14:35:16,INDF,RG,6350,1,F,CS,AK,F
14:35:16,INDF,RG,6350,1,D,OD,AK,F
14:35:16,INDF,RG,6350,1,D,OD,AK,F
14:35:16,INDF,RG,6350,1,D,KK,AK,F
14:35:16,INDF,RG,6350,10,D,SQ,AK,F
14:35:16,INDF,RG,6350,1,D,XC,AK,F
14:35:16,INDF,RG,6350,1,D,XC,AK,F
14:35:16,INDF,RG,6350,10,D,YP,AK,F
14:35:16,INDF,RG,6350,1,D,CC,AK,F
14:35:16,INDF,RG,6350,21,F,RX,AK,F
14:35:16,INDF,RG,6350,4,F,CS,AK,F
14:35:16,INDF,RG,6350,10,D,NI,AK,F
14:35:16,INDF,RG,6350,5,D,XC,AK,F
14:35:16,INDF,RG,6350,5,D,YP,AK,F
14:35:16,INDF,RG,6350,25,D,SQ,AK,F
14:35:16,INDF,RG,6350,82,F,ZP,AK,F
14:35:15,INDF,RG,6350,5,F,ZP,ZP,F
14:35:09,INDF,RG,6350,10,F,ZP,SQ,D
14:35:05,INDF,RG,6350,9,F,ZP,BK,F
14:34:57,INDF,RG,6350,9,F,ZP,BK,F
14:34:47,INDF,RG,6375,6,D,SQ,OD,D
14:34:47,INDF,RG,6350,10,F,ZP,BK,F
14:34:41,INDF,RG,6375,22,F,ZP,OD,D
14:34:41,INDF,RG,6375,6,F,ZP,CC,D
14:34:41,INDF,RG,6375,1,F,ZP,XL,D
14:34:41,INDF,RG,6375,33,F,ZP,RX,D
14:34:41,INDF,RG,6375,3,F,ZP,PD,D
14:34:41,INDF,RG,6375,4,F,ZP,FS,D
14:34:41,INDF,RG,6350,97,F,ZP,ZP,F
14:34:41,INDF,RG,6350,1,F,AK,ZP,F
14:34:41,INDF,RG,6350,1,D,PD,ZP,F
14:34:41,INDF,RG,6350,1,D,XC,ZP,F
14:34:41,INDF,RG,6350,2,D,YP,ZP,F
14:34:41,INDF,RG,6350,2,D,XC,ZP,F
14:34:41,INDF,RG,6350,2,F,CS,ZP,F
14:34:41,INDF,RG,6350,1,D,XC,ZP,F
14:34:41,INDF,RG,6350,1,D,PD,ZP,F
14:34:41,INDF,RG,6350,1,D,PD,ZP,F
14:34:41,INDF,RG,6350,10,D,SQ,ZP,F
14:34:41,INDF,RG,6350,1,D,DR,ZP,F
14:34:41,INDF,RG,6350,1,F,AK,ZP,F
14:34:41,INDF,RG,6350,4,F,CS,ZP,F
14:34:41,INDF,RG,6350,1,D,PD,ZP,F
14:34:41,INDF,RG,6350,1,D,ZP,ZP,F
14:34:41,INDF,RG,6350,1,D,PD,ZP,F
14:34:41,INDF,RG,6350,14,D,YU,ZP,F
14:34:41,INDF,RG,6350,25,D,YP,ZP,F
14:34:41,INDF,RG,6350,20,D,YP,ZP,F
14:34:41,INDF,RG,6350,1,D,PD,ZP,F
14:34:41,INDF,RG,6350,23,F,RX,ZP,F
14:34:41,INDF,RG,6350,1,D,KK,ZP,F
14:34:41,INDF,RG,6350,3,D,YP,ZP,F
14:34:41,INDF,RG,6350,10,D,CC,ZP,F
14:34:41,INDF,RG,6350,1,D,PD,ZP,F
14:34:41,INDF,RG,6350,6,D,CC,ZP,F
14:34:41,INDF,RG,6350,14,D,CC,ZP,F
14:34:41,INDF,RG,6350,1,D,YP,ZP,F
14:34:40,INDF,RG,6350,4,D,YP,OD,D
14:34:40,INDF,RG,6350,2,D,PD,OD,D
14:34:40,INDF,RG,6350,22,F,CS,OD,D
14:34:40,INDF,RG,6350,1,D,NI,OD,D
14:34:40,INDF,RG,6350,21,D,YP,OD,D
14:34:39,INDF,RG,6375,10,D,NI,FS,D
14:34:34,INDF,RG,6350,10,D,YP,BK,F
14:34:23,INDF,RG,6350,6,D,YP,BK,F
14:34:23,INDF,RG,6350,3,D,NI,BK,F
14:34:15,INDF,RG,6350,7,D,NI,BK,F
14:34:15,INDF,RG,6350,2,D,XC,BK,F
14:34:07,INDF,RG,6350,3,D,XC,RX,D
14:34:07,INDF,RG,6350,1,D,EP,RX,D
14:34:07,INDF,RG,6350,1,F,AK,RX,D
14:34:07,INDF,RG,6350,4,D,NI,RX,D
14:34:06,INDF,RG,6350,9,D,NI,BK,F
14:33:54,INDF,RG,6350,10,D,NI,BK,F
14:33:46,INDF,RG,6350,1,D,NI,DX,D
14:33:42,INDF,RG,6350,10,D,NI,BK,F
14:33:39,INDF,RG,6350,2,D,NI,PD,D
14:33:31,INDF,RG,6350,5,D,NI,BK,F
14:33:31,INDF,RG,6350,5,D,CC,BK,F
14:33:28,INDF,RG,6350,5,D,CC,RX,D
14:33:28,INDF,RG,6350,15,D,NI,RX,D
14:33:26,INDF,RG,6350,5,D,NI,ZP,F
14:33:26,INDF,RG,6350,1,D,PD,ZP,F
14:33:26,INDF,RG,6350,1,F,CS,ZP,F
14:33:26,INDF,RG,6350,1,D,LG,ZP,F
14:33:26,INDF,RG,6350,23,F,RX,ZP,F
14:33:26,INDF,RG,6375,86,F,ZP,FS,D
14:33:26,INDF,RG,6375,7,F,ZP,AK,F
14:33:25,INDF,RG,6350,3,F,RX,ZP,F
14:33:25,INDF,RG,6350,1,D,PD,ZP,F
14:33:25,INDF,RG,6350,18,D,YU,ZP,F
14:33:25,INDF,RG,6350,1,D,PD,ZP,F
14:33:25,INDF,RG,6350,8,D,PD,ZP,F
14:33:25,INDF,RG,6350,2,D,CC,ZP,F
14:33:25,INDF,RG,6350,3,D,XC,ZP,F
14:33:25,INDF,RG,6350,2,D,PD,ZP,F
14:33:25,INDF,RG,6350,2,D,XC,ZP,F
14:33:25,INDF,RG,6350,4,F,CS,ZP,F
14:33:25,INDF,RG,6350,1,D,XC,ZP,F
14:33:25,INDF,RG,6350,2,D,XC,ZP,F
14:33:25,INDF,RG,6350,1,D,PD,ZP,F
14:33:25,INDF,RG,6350,1,D,PD,ZP,F
14:33:25,INDF,RG,6350,1,D,PD,ZP,F
14:33:25,INDF,RG,6350,39,F,CS,ZP,F
14:33:25,INDF,RG,6350,20,D,EP,ZP,F
14:33:25,INDF,RG,6350,5,D,YP,ZP,F
14:33:25,INDF,RG,6350,5,D,PD,ZP,F
14:33:25,INDF,RG,6350,57,F,AK,ZP,F
14:33:25,INDF,RG,6375,10,F,RX,AK,F
14:33:25,INDF,RG,6375,1,F,RX,AK,F
14:33:23,INDF,RG,6350,11,F,AK,HP,D
14:33:22,INDF,RG,6350,9,F,AK,BK,F
14:33:09,INDF,RG,6350,9,F,AK,BK,F
14:33:05,INDF,RG,6375,11,F,RX,AK,F
14:33:00,INDF,RG,6375,41,D,YU,AK,F
14:32:58,INDF,RG,6350,10,F,AK,BK,F
14:32:50,INDF,RG,6350,9,F,AK,BK,F
14:32:44,INDF,RG,6375,14,F,RX,AK,F
14:32:42,INDF,RG,6350,100,F,AK,YP,D
14:32:39,INDF,RG,6350,8,F,AK,BK,F
14:32:28,INDF,RG,6350,9,F,AK,BK,F
14:32:21,INDF,RG,6375,3,F,AK,AK,F
14:32:17,INDF,RG,6375,84,F,ZP,AK,F
14:32:17,INDF,RG,6350,10,F,AK,BK,F
14:32:16,INDF,RG,6350,138,F,AK,ZP,F
14:32:16,INDF,RG,6350,21,F,CS,ZP,F
14:32:16,INDF,RG,6350,8,F,RX,ZP,F
14:32:16,INDF,RG,6350,1,D,PD,ZP,F
14:32:16,INDF,RG,6350,5,D,YP,ZP,F
14:32:16,INDF,RG,6350,1,D,PD,ZP,F
14:32:16,INDF,RG,6350,109,D,AZ,ZP,F
14:32:16,INDF,RG,6375,5,F,CS,AK,F
14:32:16,INDF,RG,6375,27,F,CS,ZP,F
14:32:16,INDF,RG,6375,10,F,CS,DH,D
14:32:16,INDF,RG,6375,14,F,CS,RX,D
14:32:16,INDF,RG,6375,97,F,CS,YU,D
14:32:07,INDF,RG,6375,1,D,PD,YU,D
14:32:05,INDF,RG,6350,10,D,AZ,BK,F
14:32:04,INDF,RG,6375,10,F,RX,YU,D
14:31:56,INDF,RG,6350,10,D,AZ,BK,F
14:31:51,INDF,RG,6350,8,D,AZ,RX,D
14:31:47,INDF,RG,6375,15,F,RX,YU,D
14:31:41,INDF,RG,6350,11,D,AZ,BK,F
14:31:19,INDF,RG,6375,12,F,RX,YU,D
14:31:06,INDF,RG,6350,1,D,AZ,DX,D
14:31:00,INDF,RG,6375,6,D,KK,YU,D
14:30:50,INDF,RG,6375,40,D,NI,YU,D
14:30:20,INDF,RG,6375,19,F,CS,YU,D
14:30:20,INDF,RG,6375,107,F,CS,YU,D
14:30:20,INDF,RG,6350,57,D,AZ,ZP,F
14:30:19,INDF,RG,6350,28,D,AZ,YP,D
14:30:18,INDF,RG,6375,72,F,ZP,YU,D
14:30:14,INDF,RG,6350,15,D,AZ,RX,D
14:30:09,INDF,RG,6350,100,D,AZ,FS,D
14:29:23,INDF,RG,6375,9,F,RX,YU,D
14:29:00,INDF,RG,6375,12,D,YU,YU,D
14:29:00,INDF,RG,6375,10,D,YU,PD,D
14:29:00,INDF,RG,6375,15,D,YU,ZP,F
14:29:00,INDF,RG,6375,12,D,YU,ZP,F
14:28:58,INDF,RG,6375,9,F,RX,ZP,F
14:28:44,INDF,RG,6350,1,D,AZ,YP,D
14:28:30,INDF,RG,6375,43,F,RX,ZP,F
14:28:22,INDF,RG,6350,2,D,AZ,DX,D
14:28:20,INDF,RG,6375,151,F,CS,ZP,F
14:27:41,INDF,RG,6350,8,D,AZ,RX,D
14:27:30,INDF,RG,6375,3,F,AK,ZP,F
14:27:30,INDF,RG,6375,75,F,ZP,ZP,F
14:27:29,INDF,RG,6350,15,D,AZ,RX,D
14:27:24,INDF,RG,6350,243,D,AZ,AK,F
14:27:15,INDF,RG,6375,1,D,NI,ZP,F
14:27:09,INDF,RG,6350,100,D,AZ,YU,D
14:26:23,INDF,RG,6375,8,F,RX,ZP,F
14:26:07,INDF,RG,6375,48,F,CS,ZP,F
14:26:07,INDF,RG,6375,25,F,CS,RX,D
14:26:07,INDF,RG,6375,11,F,CS,PD,D
14:26:07,INDF,RG,6375,16,F,CS,YP,D
14:26:07,INDF,RG,6375,9,F,CS,DX,F
14:26:07,INDF,RG,6375,4,F,CS,AK,F
14:25:57,INDF,RG,6375,10,F,RX,AK,F
14:25:38,INDF,RG,6350,1,D,AZ,DX,D
14:25:29,INDF,RG,6375,10,F,RX,AK,F
14:25:17,INDF,RG,6375,12,F,ZP,AK,F
14:25:17,INDF,RG,6375,5,F,ZP,BB,D
14:25:00,INDF,RG,6375,8,F,RX,BB,D
14:24:54,INDF,RG,6375,2,D,YP,BB,D
14:24:53,INDF,RG,6375,100,F,ZP,BB,D
14:24:17,INDF,RG,6375,97,F,CS,BB,D
14:24:10,INDF,RG,6375,14,F,RX,BB,D
14:24:00,INDF,RG,6375,13,D,YU,BB,D
14:24:00,INDF,RG,6375,11,D,YU,ZP,F
14:24:00,INDF,RG,6375,6,D,YU,ZP,F
14:23:22,INDF,RG,6375,2,F,AK,ZP,F
14:23:20,INDF,RG,6350,100,D,AZ,YU,D
14:23:18,INDF,RG,6350,100,D,AZ,YU,D
14:23:17,INDF,RG,6350,12,D,AZ,RX,D
14:23:03,INDF,RG,6350,1,D,AZ,DX,D
14:22:35,INDF,RG,6375,12,F,RX,ZP,F
14:22:35,INDF,RG,6375,81,F,CS,ZP,F
14:22:14,INDF,RG,6375,1,D,XC,ZP,F
14:21:24,INDF,RG,6375,12,F,RX,ZP,F
14:21:08,INDF,RG,6375,93,F,CS,ZP,F
14:21:05,INDF,RG,6350,12,D,AZ,LG,D
14:20:26,INDF,RG,6350,1,D,AZ,DX,D
14:20:25,INDF,RG,6375,99,F,ZP,ZP,F
14:19:11,INDF,RG,6375,121,F,CS,ZP,F
14:18:40,INDF,RG,6350,55,D,AZ,ZP,F
14:18:40,INDF,RG,6350,1,D,PD,ZP,F
14:18:40,INDF,RG,6350,1,D,CC,ZP,F
14:18:40,INDF,RG,6350,1,F,CS,ZP,F
14:18:40,INDF,RG,6350,2,D,YP,ZP,F
14:18:40,INDF,RG,6350,1,D,PD,ZP,F
14:18:40,INDF,RG,6350,2,D,PD,ZP,F
14:18:40,INDF,RG,6350,2,D,XC,ZP,F
14:18:40,INDF,RG,6350,1,F,CS,ZP,F
14:18:40,INDF,RG,6350,1,D,NI,ZP,F
14:18:40,INDF,RG,6350,2,D,XL,ZP,F
14:18:40,INDF,RG,6350,1,D,GR,ZP,F
14:18:40,INDF,RG,6350,1,D,XA,ZP,F
14:18:40,INDF,RG,6350,10,D,YP,ZP,F
14:18:40,INDF,RG,6350,5,F,CS,ZP,F
14:18:40,INDF,RG,6350,1,D,PD,ZP,F
14:18:40,INDF,RG,6350,1,D,XL,ZP,F
14:18:40,INDF,RG,6350,1,D,NI,ZP,F
14:18:40,INDF,RG,6350,80,D,YP,ZP,F
14:18:30,INDF,RG,6350,7,D,YP,CC,D
14:18:13,INDF,RG,6350,100,D,YP,YU,D
14:18:10,INDF,RG,6350,13,D,YP,YU,D
14:18:10,INDF,RG,6350,4,D,NI,YU,D
14:18:10,INDF,RG,6350,1,D,PD,YU,D
14:18:10,INDF,RG,6350,3,F,CS,YU,D
14:18:10,INDF,RG,6350,7,D,DR,YU,D
14:18:10,INDF,RG,6350,72,D,YP,YU,D
14:18:00,INDF,RG,6375,1,F,AK,ZP,F
14:17:45,INDF,RG,6350,1,D,YP,DX,D
14:17:35,INDF,RG,6375,20,D,YJ,ZP,F
14:17:07,INDF,RG,6375,10,D,YP,ZP,F
14:17:05,INDF,RG,6375,5,D,XL,ZP,F
14:16:49,INDF,RG,6375,6,D,SQ,ZP,F
14:16:49,INDF,RG,6375,2,D,SQ,AK,F
14:16:41,INDF,RG,6375,3,D,NI,AK,F
14:16:00,INDF,RG,6375,1,D,YU,AK,F
14:16:00,INDF,RG,6375,14,D,YU,RX,D
14:16:00,INDF,RG,6375,1,D,YU,YP,D
14:16:00,INDF,RG,6375,22,D,YU,AK,F
14:15:26,INDF,RG,6350,27,D,YP,ZP,F
14:15:26,INDF,RG,6350,1,D,GR,ZP,F
14:15:26,INDF,RG,6350,1,D,CC,ZP,F
14:15:26,INDF,RG,6350,10,D,YP,ZP,F
14:15:26,INDF,RG,6350,5,F,CS,ZP,F
14:15:26,INDF,RG,6350,5,D,DH,ZP,F
14:15:26,INDF,RG,6350,1,D,KK,ZP,F
14:15:26,INDF,RG,6350,72,F,CS,ZP,F
14:15:24,INDF,RG,6375,10,D,YP,AK,F
14:15:17,INDF,RG,6375,176,F,CS,AK,F
14:15:05,INDF,RG,6350,1,F,CS,DX,D
14:14:44,INDF,RG,6350,8,F,CS,RX,D
14:13:30,INDF,RG,6350,11,F,CS,ZP,F
14:13:30,INDF,RG,6350,10,D,YP,ZP,F
14:13:30,INDF,RG,6350,3,F,CS,ZP,F
14:13:30,INDF,RG,6350,50,D,YU,ZP,F
14:13:30,INDF,RG,6350,1,F,AK,ZP,F
14:13:30,INDF,RG,6350,1,D,LG,ZP,F
14:13:30,INDF,RG,6350,63,F,ZP,ZP,F
14:12:45,INDF,RG,6350,2,F,ZP,NI,D
14:12:34,INDF,RG,6350,78,F,ZP,YU,D
14:12:34,INDF,RG,6350,22,D,AI,YU,D
14:12:30,INDF,RG,6350,2,D,AI,DX,D
14:11:18,INDF,RG,6375,59,F,CS,AK,F
14:11:18,INDF,RG,6375,10,F,CS,DX,F
14:11:18,INDF,RG,6375,16,F,CS,ZP,F
14:11:18,INDF,RG,6375,3,F,CS,XC,D
14:11:18,INDF,RG,6375,137,F,CS,XC,D
14:10:28,INDF,RG,6350,152,D,AI,ZP,F
14:10:24,INDF,RG,6375,94,F,ZP,XC,D
14:10:21,INDF,RG,6375,5,D,GR,XC,D
14:10:08,INDF,RG,6350,1,D,AI,XC,D
14:10:00,INDF,RG,6350,31,D,AI,RX,D
14:09:56,INDF,RG,6350,92,D,AI,AK,F
14:09:56,INDF,RG,6350,1,D,NI,AK,F
14:09:56,INDF,RG,6350,1,D,OD,AK,F
14:09:56,INDF,RG,6350,4,F,CS,AK,F
14:09:56,INDF,RG,6350,115,F,RX,AK,F
14:09:56,INDF,RG,6350,1,F,AK,AK,F
14:09:56,INDF,RG,6350,117,D,NI,AK,F
14:09:55,INDF,RG,6350,41,D,NI,BB,D
14:09:55,INDF,RG,6350,1,F,CC,BB,D
14:09:55,INDF,RG,6350,21,D,YU,BB,D
14:09:55,INDF,RG,6350,38,F,CS,BB,D
14:09:43,INDF,RG,6350,1,F,CS,DX,D
14:09:30,INDF,RG,6375,15,F,RX,XC,D
14:09:30,INDF,RG,6375,1,F,AK,XC,D
14:08:17,INDF,RG,6375,48,F,RX,XC,D
14:08:14,INDF,RG,6375,1,D,NI,XC,D
14:07:59,INDF,RG,6375,8,F,RX,XC,D
14:07:56,INDF,RG,6350,8,F,CS,RX,D
14:07:44,INDF,RG,6350,5,F,CS,XC,D
14:07:38,INDF,RG,6375,1,D,XA,XC,D
14:07:18,INDF,RG,6375,10,F,RX,XC,D
14:07:17,INDF,RG,6375,3,D,PD,XC,D
14:07:08,INDF,RG,6350,1,F,CS,DX,D
14:06:00,INDF,RG,6375,28,D,YU,XC,D
14:06:00,INDF,RG,6375,13,F,CS,XC,D
14:05:26,INDF,RG,6375,12,F,ZP,XC,D
14:05:03,INDF,RG,6375,1,D,NI,XC,D
14:04:22,INDF,RG,6350,1,F,CS,DX,D
14:03:19,INDF,RG,6375,78,F,ZP,XC,D
14:03:15,INDF,RG,6375,1,F,AK,XC,D
14:03:10,INDF,RG,6350,21,F,CS,RX,D
14:02:49,INDF,RG,6350,80,F,CS,YU,D
14:02:49,INDF,RG,6350,1,D,XL,YU,D
14:02:49,INDF,RG,6350,19,D,YP,YU,D
14:02:47,INDF,RG,6350,6,D,YP,YU,D
14:02:47,INDF,RG,6350,1,D,YP,YU,D
14:02:47,INDF,RG,6350,1,D,YP,YU,D
14:02:47,INDF,RG,6350,5,D,YP,YU,D
14:02:47,INDF,RG,6350,1,D,YP,YU,D
14:02:47,INDF,RG,6350,1,D,YP,YU,D
14:02:47,INDF,RG,6350,2,D,CC,YU,D
14:02:47,INDF,RG,6350,83,F,CS,YU,D
14:02:18,INDF,RG,6375,13,F,RX,XC,D
14:02:11,INDF,RG,6375,10,D,YP,XC,D
14:01:39,INDF,RG,6350,1,F,CS,DX,D
14:01:28,INDF,RG,6350,6,F,CS,LG,D
14:01:28,INDF,RG,6350,6,D,XC,LG,D
14:00:49,INDF,RG,6375,17,F,RX,XC,D
14:00:43,INDF,RG,6375,194,F,CS,XC,D
14:00:26,INDF,RG,6375,52,F,ZP,XC,D
13:59:44,INDF,RG,6375,3,D,NI,XC,D
13:59:40,INDF,RG,6350,4,D,XC,PD,D
13:59:40,INDF,RG,6350,1,D,XC,PD,D
13:59:40,INDF,RG,6350,1,F,AK,PD,D
13:59:40,INDF,RG,6350,16,D,XL,PD,D
13:59:40,INDF,RG,6350,1,D,PD,PD,D
13:59:40,INDF,RG,6350,1,D,CC,PD,D
13:59:40,INDF,RG,6350,2,D,CC,PD,D
13:59:40,INDF,RG,6350,1,D,KK,PD,D
13:59:40,INDF,RG,6350,1,D,PD,PD,D
13:59:40,INDF,RG,6350,1,D,PD,PD,D
13:59:40,INDF,RG,6350,21,D,YU,PD,D
13:59:06,INDF,RG,6350,1,D,YU,DX,D
13:58:06,INDF,RG,6375,1,D,PD,XC,D
13:58:03,INDF,RG,6375,38,F,RX,XC,D
13:57:45,INDF,RG,6375,1,F,AK,XC,D
13:56:30,INDF,RG,6375,193,F,CS,XC,D
13:56:22,INDF,RG,6350,2,D,YU,DX,D
13:55:26,INDF,RG,6375,22,F,ZP,XC,D
13:55:26,INDF,RG,6375,25,F,ZP,CC,F
13:55:26,INDF,RG,6375,14,F,ZP,ZP,F
13:55:01,INDF,RG,6375,75,D,YP,ZP,F
13:54:45,INDF,RG,6375,1,F,AK,ZP,F
13:54:04,INDF,RG,6375,10,F,CS,ZP,F
13:54:04,INDF,RG,6375,2,F,CS,BB,D
13:53:48,INDF,RG,6375,2,D,XC,BB,D
13:53:46,INDF,RG,6350,3,D,YU,CC,D
13:53:40,INDF,RG,6350,1,D,YU,DX,D
13:52:55,INDF,RG,6350,19,D,YU,YU,D
13:52:55,INDF,RG,6350,3,D,CC,YU,D
13:52:55,INDF,RG,6350,1,D,PD,YU,D
13:52:55,INDF,RG,6350,1,D,CC,YU,D
13:52:55,INDF,RG,6350,50,D,SQ,YU,D
13:52:55,INDF,RG,6350,2,D,CP,YU,D
13:52:55,INDF,RG,6350,8,D,XL,YU,D
13:52:55,INDF,RG,6350,16,F,CS,YU,D
13:52:53,INDF,RG,6350,100,F,CS,YU,D
13:51:38,INDF,RG,6375,9,F,RX,BB,D
13:51:30,INDF,RG,6375,1,F,AK,BB,D
13:51:06,INDF,RG,6350,1,F,CS,DX,D
13:51:00,INDF,RG,6375,31,D,YU,BB,D
13:50:21,INDF,RG,6375,58,F,ZP,BB,D
13:50:21,INDF,RG,6375,13,F,ZP,AK,F
13:50:17,INDF,RG,6375,33,F,RX,AK,F
13:50:05,INDF,RG,6375,26,F,CS,AK,F
13:50:05,INDF,RG,6375,137,F,CS,ZP,F
13:49:55,INDF,RG,6375,9,F,RX,ZP,F
13:49:10,INDF,RG,6350,12,F,CS,LG,D
13:48:23,INDF,RG,6350,1,F,CS,DX,D
13:48:09,INDF,RG,6375,9,F,RX,ZP,F
13:47:00,INDF,RG,6375,1,F,AK,ZP,F
13:46:57,INDF,RG,6375,3,D,KK,ZP,F
13:46:33,INDF,RG,6375,29,F,CS,ZP,F
13:46:33,INDF,RG,6375,37,F,CS,ZP,F
13:46:33,INDF,RG,6375,122,F,CS,AK,F
13:46:22,INDF,RG,6375,4,D,PD,AK,F
13:46:22,INDF,RG,6375,9,F,RX,AK,F
13:46:00,INDF,RG,6375,1,F,AK,AK,F
13:45:45,INDF,RG,6350,2,F,CS,DX,D
13:45:18,INDF,RG,6375,29,F,ZP,AK,F
13:45:18,INDF,RG,6375,8,F,ZP,DX,F
13:45:10,INDF,RG,6375,1,D,PD,DX,F
13:44:41,INDF,RG,6375,8,F,RX,RX,D
13:44:00,INDF,RG,6375,25,D,YU,RX,D
13:44:00,INDF,RG,6375,8,D,YU,YP,D
13:44:00,INDF,RG,6375,2,D,YU,YP,D
13:43:39,INDF,RG,6375,1,D,PD,YP,D
13:43:09,INDF,RG,6350,1,F,CS,DX,D
13:42:59,INDF,RG,6375,9,F,RX,YP,D
13:42:49,INDF,RG,6375,123,F,CS,YP,D
13:42:49,INDF,RG,6375,1,F,CS,YP,D
13:42:49,INDF,RG,6375,18,F,CS,DX,F
13:42:49,INDF,RG,6375,1,F,CS,ZP,F
13:41:14,INDF,RG,6375,8,F,RX,ZP,F
13:40:47,INDF,RG,6375,5,D,AZ,ZP,F
13:40:29,INDF,RG,6350,1,F,CS,DX,D
13:40:25,INDF,RG,6375,35,F,ZP,ZP,F
13:40:04,INDF,RG,6375,234,F,ZP,ZP,F
13:40:00,INDF,RG,6375,3,D,CC,ZP,F
13:39:58,INDF,RG,6375,229,F,CS,ZP,F
13:39:28,INDF,RG,6375,12,F,RX,ZP,F
13:39:19,INDF,RG,6350,10,F,CS,YU,D
13:39:19,INDF,RG,6350,1,D,PD,YU,D
13:39:19,INDF,RG,6350,2,D,XL,YU,D
13:39:19,INDF,RG,6350,1,D,PD,YU,D
13:39:19,INDF,RG,6350,2,D,PD,YU,D
13:39:19,INDF,RG,6350,1,D,YU,YU,D
13:39:19,INDF,RG,6350,3,D,PD,YU,D
13:39:19,INDF,RG,6350,5,D,EP,YU,D
13:39:19,INDF,RG,6350,10,D,ZP,YU,D
13:39:19,INDF,RG,6350,5,D,HP,YU,D
13:39:19,INDF,RG,6350,1,D,PD,YU,D
13:39:19,INDF,RG,6350,2,D,KK,YU,D
13:39:19,INDF,RG,6350,1,D,PD,YU,D
13:39:19,INDF,RG,6350,1,D,NI,YU,D
13:39:19,INDF,RG,6350,3,F,CS,YU,D
13:39:19,INDF,RG,6350,10,D,CC,YU,D
13:39:19,INDF,RG,6350,5,D,CC,YU,D
13:39:19,INDF,RG,6350,37,D,PD,YU,D
13:39:14,INDF,RG,6350,63,D,PD,YU,D
13:39:14,INDF,RG,6350,2,D,CC,YU,D
13:39:14,INDF,RG,6350,1,D,PD,YU,D
13:39:14,INDF,RG,6350,3,D,DH,YU,D
13:39:14,INDF,RG,6350,1,D,PD,YU,D
13:39:14,INDF,RG,6350,1,D,CC,YU,D
13:39:14,INDF,RG,6350,2,F,CS,YU,D
13:39:14,INDF,RG,6350,27,D,GR,YU,D
13:39:12,INDF,RG,6350,100,D,GR,YU,D
13:37:50,INDF,RG,6350,117,D,GR,ZP,F
13:37:50,INDF,RG,6375,439,D,FZ,ZP,F
13:37:50,INDF,RG,6375,1,D,FZ,XC,D
13:37:50,INDF,RG,6375,11,D,FZ,XC,D
13:37:50,INDF,RG,6375,103,D,FZ,AK,F
13:37:50,INDF,RG,6375,10,D,FZ,KK,D
13:37:50,INDF,RG,6375,2,D,FZ,KK,D
13:37:50,INDF,RG,6375,127,D,FZ,CS,F
13:37:50,INDF,RG,6375,1,D,FZ,PD,D
13:37:50,INDF,RG,6375,99,D,FZ,BB,D
13:37:50,INDF,RG,6375,160,D,FZ,FS,D
13:37:50,INDF,RG,6375,21,D,FZ,RX,D
13:37:50,INDF,RG,6375,26,D,FZ,NI,D
13:37:44,INDF,RG,6350,1,D,GR,DX,D
13:37:30,INDF,RG,6375,4,F,RX,NI,D
13:37:30,INDF,RG,6375,1,F,RX,DX,D
13:37:30,INDF,RG,6375,1,F,RX,PD,D
13:37:30,INDF,RG,6375,2,F,RX,ZP,F
13:37:30,INDF,RG,6375,2,F,RX,AK,F
13:37:12,INDF,RG,6350,5,D,GR,AT,D
13:37:01,INDF,RG,6350,8,D,GR,RX,D
13:35:42,INDF,RG,6375,21,F,RX,AK,F
13:35:35,INDF,RG,6375,20,D,TP,AK,F
13:35:26,INDF,RG,6350,19,D,GR,ZP,F
13:35:20,INDF,RG,6375,82,F,CS,AK,F
13:35:20,INDF,RG,6375,2,F,CS,CC,D
13:35:20,INDF,RG,6375,30,F,CS,ZP,F
13:35:20,INDF,RG,6375,113,F,CS,AK,F
13:35:20,INDF,RG,6375,1,F,CS,XL,D
13:35:20,INDF,RG,6375,1,F,CS,AT,D
13:35:20,INDF,RG,6375,3,F,CS,XC,D
13:35:20,INDF,RG,6375,5,F,CS,PD,D
13:35:20,INDF,RG,6375,20,F,CS,YP,D
13:35:20,INDF,RG,6375,12,F,CS,ZP,F
13:35:20,INDF,RG,6375,2,F,CS,ZP,F
13:35:02,INDF,RG,6350,1,D,GR,DX,D
13:34:57,INDF,RG,6375,1,D,XL,ZP,F
13:34:35,INDF,RG,6350,8,D,GR,RX,D
13:34:29,INDF,RG,6350,2,D,GR,YP,D
13:34:19,INDF,RG,6375,10,F,RX,ZP,F
13:34:12,INDF,RG,6375,1,D,XC,ZP,F
13:33:42,INDF,RG,6375,16,F,RX,ZP,F
13:33:34,INDF,RG,6350,8,D,GR,RX,D
13:32:57,INDF,RG,6375,8,F,RX,ZP,F
13:32:50,INDF,RG,6350,1,D,GR,XC,D
13:32:42,INDF,RG,6350,8,D,GR,RX,D
13:32:31,INDF,RG,6350,1,D,GR,DX,D
13:32:30,INDF,RG,6350,6,D,GR,PD,D
13:32:16,INDF,RG,6350,188,D,GR,ZP,F
13:32:16,INDF,RG,6350,2,F,CS,ZP,F
13:32:16,INDF,RG,6350,5,D,NI,ZP,F
13:32:16,INDF,RG,6350,2,F,CS,ZP,F
13:32:16,INDF,RG,6350,5,D,DH,ZP,F
13:32:16,INDF,RG,6350,6,D,PD,ZP,F
13:32:16,INDF,RG,6350,15,D,YU,ZP,F
13:32:16,INDF,RG,6350,10,D,NI,ZP,F
13:32:16,INDF,RG,6350,5,D,DH,ZP,F
13:32:16,INDF,RG,6350,1,D,XC,ZP,F
13:32:16,INDF,RG,6350,5,F,CS,ZP,F
13:32:16,INDF,RG,6350,69,F,ZP,ZP,F
13:31:47,INDF,RG,6350,9,F,ZP,RX,D
13:31:15,INDF,RG,6350,1,F,ZP,NI,D
13:30:28,INDF,RG,6350,107,F,ZP,ZP,F
13:30:28,INDF,RG,6350,8,D,PD,ZP,F
13:30:28,INDF,RG,6350,1,D,NI,ZP,F
13:30:22,INDF,RG,6350,24,D,PD,AK,F
13:30:22,INDF,RG,6350,3,D,PD,AK,F
13:30:22,INDF,RG,6350,10,D,YP,AK,F
13:30:22,INDF,RG,6350,10,D,SQ,AK,F
13:30:22,INDF,RG,6350,25,D,GR,AK,F
13:30:22,INDF,RG,6350,5,D,YP,AK,F
13:30:22,INDF,RG,6350,50,D,GR,AK,F
13:30:22,INDF,RG,6350,14,D,YU,AK,F
13:30:22,INDF,RG,6350,101,D,NI,AK,F
13:30:21,INDF,RG,6375,29,F,ZP,ZP,F
13:30:18,INDF,RG,6375,15,D,YP,ZP,F
13:30:17,INDF,RG,6375,4,D,YP,ZP,F
13:30:16,INDF,RG,6350,7,D,NI,YP,D
13:30:09,INDF,RG,6375,3,D,CC,ZP,F
13:30:08,INDF,RG,6375,10,D,CC,ZP,F
13:30:06,INDF,RG,6350,11,D,NI,AK,F
13:30:06,INDF,RG,6350,1,D,SQ,AK,F
13:30:06,INDF,RG,6350,5,F,CS,AK,F
13:30:06,INDF,RG,6350,1,D,LG,AK,F
13:30:06,INDF,RG,6350,2,D,CP,AK,F
13:30:06,INDF,RG,6350,3,F,CS,AK,F
13:30:06,INDF,RG,6350,80,D,EP,AK,F
13:30:06,INDF,RG,6375,4,F,AK,ZP,F
13:30:05,INDF,RG,6375,1,D,XC,ZP,F
13:30:04,INDF,RG,6375,1,D,KK,ZP,F
13:30:04,INDF,RG,6375,1,D,AT,ZP,F
13:30:04,INDF,RG,6375,4,D,PD,ZP,F
13:30:04,INDF,RG,6350,1,D,EP,PD,D
13:30:04,INDF,RG,6375,2,D,PD,ZP,F
13:30:02,INDF,RG,6375,6,D,EP,ZP,F
13:30:02,INDF,RG,6350,2,D,EP,PD,D
13:30:02,INDF,RG,6375,1,F,AK,ZP,F
13:30:02,INDF,RG,6375,1,F,AK,ZP,F
13:30:02,INDF,RG,6375,1,D,PD,ZP,F
13:30:02,INDF,RG,6375,5,D,PD,ZP,F
13:30:02,INDF,RG,6375,10,D,SQ,ZP,F
13:30:02,INDF,RG,6350,2,D,EP,PD,D
13:30:02,INDF,RG,6350,1,D,EP,XL,D
13:30:02,INDF,RG,6375,4,D,XL,ZP,F
13:30:01,INDF,RG,6375,3,D,PD,ZP,F
13:30:01,INDF,RG,6375,1,D,PD,ZP,F
13:30:01,INDF,RG,6375,1,D,DH,ZP,F
13:30:01,INDF,RG,6375,1,D,SQ,ZP,F
11:29:52,INDF,RG,6375,2,F,ZP,ZP,F
11:29:48,INDF,RG,6350,3,D,EP,OD,D
11:29:45,INDF,RG,6375,6,F,ZP,ZP,F
11:29:37,INDF,RG,6350,5,D,EP,EP,D
11:29:31,INDF,RG,6350,3,D,EP,PD,D
11:29:30,INDF,RG,6375,33,F,ZP,ZP,F
11:29:25,INDF,RG,6350,9,D,EP,ZP,F
11:29:12,INDF,RG,6350,1,D,EP,DX,D
11:29:08,INDF,RG,6350,49,D,EP,ZP,F
11:28:00,INDF,RG,6375,18,D,YU,ZP,F
11:27:36,INDF,RG,6350,1,D,EP,NI,D
11:27:14,INDF,RG,6350,86,D,EP,ZP,F
11:26:53,INDF,RG,6350,1,D,EP,XC,D
11:26:39,INDF,RG,6350,1,D,EP,DX,D
11:25:34,INDF,RG,6375,3,D,PD,ZP,F
11:25:26,INDF,RG,6350,30,D,EP,ZP,F
11:25:21,INDF,RG,6375,20,F,ZP,ZP,F
11:24:35,INDF,RG,6350,93,D,EP,ZP,F
11:24:25,INDF,RG,6375,13,F,ZP,ZP,F
11:24:25,INDF,RG,6375,1,F,ZP,SQ,D
11:24:25,INDF,RG,6375,29,F,ZP,ZP,F
11:24:15,INDF,RG,6350,19,D,EP,AK,F
11:24:15,INDF,RG,6350,4,D,EP,ZP,F
11:24:08,INDF,RG,6350,1,D,EP,DX,D
11:23:15,INDF,RG,6375,1,F,AK,PD,D
11:23:14,INDF,RG,6350,25,D,EP,LG,D
11:22:28,INDF,RG,6350,169,D,EP,ZP,F
11:22:11,INDF,RG,6350,6,D,EP,ZP,F
11:21:45,INDF,RG,6375,1,F,AK,PD,D
11:21:30,INDF,RG,6350,19,D,EP,YU,F
11:21:29,INDF,RG,6350,1,D,EP,DX,D
11:21:28,INDF,RG,6350,2,D,EP,DR,D
11:20:53,INDF,RG,6350,1,D,EP,EP,D
11:20:53,INDF,RG,6350,20,D,EP,FS,D
11:20:24,INDF,RG,6375,5,F,ZP,YU,F
11:20:24,INDF,RG,6375,11,F,ZP,YU,D
11:20:23,INDF,RG,6350,1,D,EP,ZP,F
11:20:21,INDF,RG,6350,37,D,EP,ZP,F
11:20:04,INDF,RG,6375,72,F,ZP,YU,D
11:20:01,INDF,RG,6350,128,D,EP,ZP,F
11:20:01,INDF,RG,6350,4,D,EP,ZP,F
11:20:00,INDF,RG,6375,39,D,YU,YU,D
11:19:10,INDF,RG,6375,2,D,NI,YU,D
11:19:00,INDF,RG,6350,100,D,EP,YU,D
11:18:59,INDF,RG,6350,47,D,EP,ZP,F
11:18:59,INDF,RG,6350,1,D,EP,ZP,F
11:18:59,INDF,RG,6350,2,D,EP,DX,D
11:18:58,INDF,RG,6350,45,D,EP,YU,D
11:18:58,INDF,RG,6350,1,F,AK,YU,D
11:18:58,INDF,RG,6350,2,D,NI,YU,D
11:18:58,INDF,RG,6350,10,D,CC,YU,D
11:18:58,INDF,RG,6350,16,D,YU,YU,D
11:18:58,INDF,RG,6350,17,D,YP,YU,D
11:18:58,INDF,RG,6350,9,D,YP,YU,D
11:18:51,INDF,RG,6350,1,D,YP,ZP,F
11:18:30,INDF,RG,6375,1,F,AK,YU,D
11:18:27,INDF,RG,6350,3,D,YP,ZP,F
11:18:27,INDF,RG,6350,17,D,YP,ZP,F
11:18:27,INDF,RG,6350,47,D,PD,ZP,F
11:18:27,INDF,RG,6350,3,D,PD,ZP,F
11:17:45,INDF,RG,6350,30,D,PD,AK,F
11:17:45,INDF,RG,6350,2,D,PD,AK,F
11:17:45,INDF,RG,6350,9,D,PD,AK,F
11:17:17,INDF,RG,6350,41,D,PD,ZP,F
11:17:17,INDF,RG,6350,3,F,CS,ZP,F
11:17:17,INDF,RG,6350,10,D,YP,ZP,F
11:17:17,INDF,RG,6350,10,D,AR,ZP,F
11:17:17,INDF,RG,6350,5,D,NI,ZP,F
11:17:17,INDF,RG,6350,1,D,PD,ZP,F
11:17:17,INDF,RG,6350,2,D,YP,ZP,F
11:17:17,INDF,RG,6350,2,F,CS,ZP,F
11:17:17,INDF,RG,6350,3,D,LS,ZP,F
11:17:17,INDF,RG,6350,1,D,XC,ZP,F
11:17:17,INDF,RG,6350,3,D,PD,ZP,F
11:17:17,INDF,RG,6350,1,D,CC,ZP,F
11:17:17,INDF,RG,6350,32,D,PD,ZP,F
11:17:13,INDF,RG,6350,4,D,PD,ZP,F
11:16:22,INDF,RG,6350,1,D,PD,DX,D
11:16:12,INDF,RG,6375,1,D,YP,YU,D
11:16:00,INDF,RG,6350,13,D,PD,YU,F
11:16:00,INDF,RG,6350,13,D,YP,YU,F
11:15:18,INDF,RG,6350,12,D,YP,ZP,F
11:15:18,INDF,RG,6350,1,D,YP,ZP,F
11:15:18,INDF,RG,6350,5,D,NI,ZP,F
11:15:18,INDF,RG,6350,1,D,YP,ZP,F
11:15:17,INDF,RG,6350,1,D,YP,ZP,F
11:15:17,INDF,RG,6350,2,D,YP,ZP,F
11:14:59,INDF,RG,6350,13,D,YP,ZP,F
11:14:59,INDF,RG,6350,2,D,NI,ZP,F
11:14:59,INDF,RG,6350,36,F,ZP,ZP,F
11:14:32,INDF,RG,6350,5,F,ZP,SQ,D
11:13:43,INDF,RG,6350,1,F,ZP,DX,D
11:13:13,INDF,RG,6350,10,F,ZP,PD,D
11:13:12,INDF,RG,6350,3,F,ZP,ZP,F
11:13:06,INDF,RG,6350,50,F,ZP,AK,F
11:13:06,INDF,RG,6350,20,D,YP,AK,F
11:13:06,INDF,RG,6350,1,D,YP,AK,F
11:13:06,INDF,RG,6350,7,F,CC,AK,F
11:13:06,INDF,RG,6350,100,D,KK,AK,F
11:13:06,INDF,RG,6350,1,D,DR,AK,F
11:13:06,INDF,RG,6350,1,D,YP,AK,F
11:13:06,INDF,RG,6350,1,D,YP,AK,F
11:13:06,INDF,RG,6350,10,D,YP,AK,F
11:13:06,INDF,RG,6350,5,D,CC,AK,F
11:13:06,INDF,RG,6350,33,D,YP,AK,F
11:13:05,INDF,RG,6350,17,D,YP,ZP,F
11:13:05,INDF,RG,6350,2,D,XC,ZP,F
11:13:05,INDF,RG,6350,1,D,PD,ZP,F
11:13:05,INDF,RG,6350,3,F,CS,ZP,F
11:13:05,INDF,RG,6350,15,D,DH,ZP,F
11:13:05,INDF,RG,6350,5,D,PD,ZP,F
11:13:05,INDF,RG,6350,1,D,PD,ZP,F
11:13:05,INDF,RG,6350,17,D,YU,ZP,F
11:13:05,INDF,RG,6350,10,D,GR,ZP,F
11:13:05,INDF,RG,6350,2,F,CS,ZP,F
11:13:05,INDF,RG,6350,10,D,XA,ZP,F
11:13:05,INDF,RG,6350,1,D,NI,ZP,F
11:13:05,INDF,RG,6350,1,D,MU,ZP,F
11:13:05,INDF,RG,6350,1,D,NI,ZP,F
11:13:05,INDF,RG,6350,1,D,KK,ZP,F
11:13:05,INDF,RG,6350,5,D,YP,ZP,F
11:13:05,INDF,RG,6350,1,D,NI,ZP,F
11:13:05,INDF,RG,6350,1,F,AK,ZP,F
11:13:05,INDF,RG,6350,1,D,YP,ZP,F
11:13:05,INDF,RG,6350,3,F,CS,ZP,F
11:13:05,INDF,RG,6350,20,D,PD,ZP,F
11:13:05,INDF,RG,6350,26,D,PD,ZP,F
11:11:08,INDF,RG,6350,2,D,PD,ZP,F
11:11:08,INDF,RG,6375,28,F,ZP,YU,D
11:11:07,INDF,RG,6350,1,D,PD,DX,D
11:10:31,INDF,RG,6375,38,F,ZP,YU,D
11:10:31,INDF,RG,6350,21,D,PD,AK,F
11:10:31,INDF,RG,6350,17,D,YU,AK,F
11:10:31,INDF,RG,6350,1,D,XC,AK,F
11:10:31,INDF,RG,6350,10,D,SQ,AK,F
11:10:31,INDF,RG,6350,2,D,DX,AK,F
11:10:31,INDF,RG,6350,4,F,CS,AK,F
11:10:31,INDF,RG,6350,1,D,CC,AK,F
11:10:31,INDF,RG,6350,10,D,XA,AK,F
11:10:31,INDF,RG,6350,3,D,CC,AK,F
11:10:31,INDF,RG,6350,1,D,XC,AK,F
11:10:31,INDF,RG,6350,10,D,SQ,AK,F
11:10:31,INDF,RG,6350,1,D,XC,AK,F
11:10:31,INDF,RG,6350,1,F,AK,AK,F
11:10:31,INDF,RG,6350,69,D,YP,AK,F
11:10:29,INDF,RG,6350,100,D,YP,YU,D
11:10:28,INDF,RG,6375,1,D,XC,YU,D
11:10:27,INDF,RG,6350,100,D,YP,YU,D
11:10:26,INDF,RG,6350,2,D,YP,ZP,F
11:10:23,INDF,RG,6350,40,D,YP,ZP,F
11:10:16,INDF,RG,6375,6,F,ZP,YU,D
11:09:57,INDF,RG,6375,1,D,NI,YU,D
11:09:31,INDF,RG,6350,89,D,YP,ZP,F
11:09:31,INDF,RG,6350,2,D,PD,ZP,F
11:09:31,INDF,RG,6350,5,D,AI,ZP,F
11:09:31,INDF,RG,6350,10,D,PD,ZP,F
11:09:31,INDF,RG,6350,1,D,PD,ZP,F
11:09:31,INDF,RG,6350,10,D,YP,ZP,F
11:09:31,INDF,RG,6350,4,D,PD,ZP,F
11:09:19,INDF,RG,6375,1,F,AK,YU,D
11:09:16,INDF,RG,6350,2,F,CS,ZP,F
11:09:16,INDF,RG,6350,2,D,AI,ZP,F
11:08:57,INDF,RG,6350,30,D,AI,PD,D
11:08:28,INDF,RG,6350,1,D,AI,DX,D
11:07:29,INDF,RG,6350,137,D,AI,ZP,F
11:07:27,INDF,RG,6350,6,D,AI,ZP,F
11:07:00,INDF,RG,6375,27,D,YU,YU,D
11:07:00,INDF,RG,6375,1,F,AK,YU,D
11:06:00,INDF,RG,6350,2,D,AI,DX,D
11:05:50,INDF,RG,6375,5,D,NI,YU,D
11:05:49,INDF,RG,6375,15,D,XL,YU,D
11:05:36,INDF,RG,6350,12,D,AI,LG,D
11:05:24,INDF,RG,6350,10,D,AI,ZP,F
11:05:24,INDF,RG,6350,1,D,NI,ZP,F
11:05:24,INDF,RG,6350,1,D,PD,ZP,F
11:05:24,INDF,RG,6350,10,D,PD,ZP,F
11:05:24,INDF,RG,6350,2,F,CS,ZP,F
11:05:24,INDF,RG,6350,10,D,OD,ZP,F
11:05:24,INDF,RG,6350,3,D,IF,ZP,F
11:05:24,INDF,RG,6350,1,D,XC,ZP,F
11:05:24,INDF,RG,6350,25,F,YP,ZP,F
11:05:24,INDF,RG,6350,5,D,NI,ZP,F
11:05:24,INDF,RG,6350,5,D,SQ,ZP,F
11:05:19,INDF,RG,6350,1,F,CS,ZP,F
11:04:53,INDF,RG,6375,1,D,YP,YU,D
11:04:42,INDF,RG,6375,2,D,PD,YU,D
11:04:06,INDF,RG,6350,1,F,CS,OD,D
11:04:02,INDF,RG,6350,1,F,CS,ZP,F
11:04:02,INDF,RG,6350,2,D,YP,ZP,F
11:04:02,INDF,RG,6350,1,D,NI,ZP,F
11:03:56,INDF,RG,6375,1,D,PD,YU,D
11:03:55,INDF,RG,6350,4,D,NI,ZP,F
11:03:55,INDF,RG,6350,1,D,PD,ZP,F
11:03:55,INDF,RG,6350,1,D,EP,ZP,F
11:03:55,INDF,RG,6350,1,D,PD,ZP,F
11:03:55,INDF,RG,6350,20,D,NI,ZP,F
11:03:55,INDF,RG,6350,5,D,NI,ZP,F
11:03:55,INDF,RG,6350,8,D,PD,ZP,F
11:03:55,INDF,RG,6350,3,F,CS,ZP,F
11:03:55,INDF,RG,6350,5,D,SQ,ZP,F
11:03:55,INDF,RG,6350,10,D,CC,ZP,F
11:03:55,INDF,RG,6350,25,D,GR,ZP,F
11:03:55,INDF,RG,6350,14,D,GR,ZP,F
11:03:27,INDF,RG,6350,1,D,GR,DX,D
11:02:45,INDF,RG,6375,1,F,AK,YU,D
11:02:21,INDF,RG,6350,1,D,GR,OD,D
11:02:00,INDF,RG,6375,29,D,YU,YU,D
11:01:55,INDF,RG,6350,1,D,GR,ZP,F
11:01:53,INDF,RG,6350,33,D,GR,ZP,F
11:01:53,INDF,RG,6350,1,D,DR,ZP,F
11:01:53,INDF,RG,6350,3,D,PD,ZP,F
11:01:53,INDF,RG,6350,3,D,XC,ZP,F
11:01:53,INDF,RG,6350,1,D,YP,ZP,F
11:01:53,INDF,RG,6350,1,D,LG,ZP,F
11:01:53,INDF,RG,6350,8,D,YU,ZP,F
11:01:53,INDF,RG,6350,2,D,YU,ZP,F
11:01:51,INDF,RG,6350,1,D,YU,OD,D
11:01:44,INDF,RG,6375,3,D,XL,YU,D
11:01:31,INDF,RG,6350,3,D,YU,OD,D
11:01:02,INDF,RG,6350,50,D,YU,FS,D
11:01:00,INDF,RG,6350,24,D,YU,YU,F
11:00:50,INDF,RG,6350,1,D,YU,DX,D
10:59:09,INDF,RG,6350,61,D,YU,AK,F
10:59:09,INDF,RG,6350,2,D,YP,AK,F
10:59:09,INDF,RG,6350,2,D,XC,AK,F
10:59:09,INDF,RG,6350,50,D,OD,AK,F
10:59:09,INDF,RG,6350,5,D,SQ,AK,F
10:59:09,INDF,RG,6350,2,D,PD,AK,F
10:59:09,INDF,RG,6350,5,D,EP,AK,F
10:59:09,INDF,RG,6350,1,D,PD,AK,F
10:59:09,INDF,RG,6350,10,D,CC,AK,F
10:59:09,INDF,RG,6350,2,D,PD,AK,F
10:59:09,INDF,RG,6350,7,D,PD,AK,F
10:59:09,INDF,RG,6350,3,F,CS,AK,F
10:59:09,INDF,RG,6350,39,D,AZ,AK,F
10:59:08,INDF,RG,6350,11,D,AZ,EP,D
10:59:08,INDF,RG,6350,3,F,CC,EP,D
10:59:08,INDF,RG,6350,7,D,PD,EP,D
10:59:08,INDF,RG,6350,29,F,ZP,EP,D
10:59:08,INDF,RG,6350,1,D,XC,EP,D
10:59:08,INDF,RG,6350,1,F,CS,EP,D
10:59:08,INDF,RG,6350,25,D,YP,EP,D
10:59:08,INDF,RG,6350,8,F,ZP,EP,D
10:58:09,INDF,RG,6350,1,F,ZP,DX,D
10:56:43,INDF,RG,6375,9,D,PD,YU,D
10:55:38,INDF,RG,6350,100,F,ZP,YU,D
10:55:37,INDF,RG,6350,2,F,ZP,DX,D
10:55:35,INDF,RG,6350,64,F,ZP,YU,D
10:55:35,INDF,RG,6350,10,D,YP,YU,D
10:55:35,INDF,RG,6350,3,F,CS,YU,D
10:55:35,INDF,RG,6350,20,D,NI,YU,D
10:55:35,INDF,RG,6350,2,D,CC,YU,D
10:55:35,INDF,RG,6350,1,D,XC,YU,D
10:55:25,INDF,RG,6350,5,D,XC,YU,D
10:55:25,INDF,RG,6350,95,D,AR,YU,D
10:55:24,INDF,RG,6375,1,D,PD,YU,D
10:55:23,INDF,RG,6350,5,D,AR,YU,D
10:55:23,INDF,RG,6350,95,D,TF,YU,D
10:55:21,INDF,RG,6375,4,F,ZP,YU,D
10:53:02,INDF,RG,6350,1,D,TF,DX,D
10:52:41,INDF,RG,6350,1,D,TF,XC,D
10:50:30,INDF,RG,6350,1,D,TF,DX,D
10:50:21,INDF,RG,6375,23,F,ZP,YU,D
10:49:14,INDF,RG,6375,1,D,PD,YU,D
10:48:52,INDF,RG,6375,2,D,XC,YU,D
10:48:37,INDF,RG,6375,50,F,ZP,YU,D
10:48:36,INDF,RG,6350,2,D,TF,YU,D
10:48:36,INDF,RG,6350,1,D,YP,YU,D
10:48:36,INDF,RG,6350,1,F,AK,YU,D
10:48:36,INDF,RG,6350,1,D,XC,YU,D
10:48:36,INDF,RG,6350,1,D,TF,YU,D
10:48:36,INDF,RG,6350,1,D,CC,YU,D
10:48:36,INDF,RG,6350,1,D,PD,YU,D
10:48:36,INDF,RG,6350,3,F,CS,YU,D
10:48:36,INDF,RG,6350,2,D,KK,YU,D
10:48:36,INDF,RG,6350,1,D,YP,YU,D
10:48:36,INDF,RG,6350,50,D,HP,YU,D
10:48:36,INDF,RG,6350,5,D,AG,YU,D
10:48:36,INDF,RG,6350,2,D,PD,YU,D
10:48:36,INDF,RG,6350,15,D,YU,YU,D
10:48:36,INDF,RG,6350,10,D,LG,YU,D
10:48:36,INDF,RG,6350,4,D,CC,YU,D
10:48:20,INDF,RG,6375,4,D,PD,YU,D
10:48:15,INDF,RG,6350,6,D,CC,YU,D
10:48:15,INDF,RG,6350,2,D,LG,YU,D
10:48:15,INDF,RG,6350,1,D,SQ,YU,D
10:48:15,INDF,RG,6350,5,D,XC,YU,D
10:48:15,INDF,RG,6350,1,D,DR,YU,D
10:48:15,INDF,RG,6350,10,D,CC,YU,D
10:48:15,INDF,RG,6350,5,D,YP,YU,D
10:48:15,INDF,RG,6350,16,D,XL,YU,D
10:48:15,INDF,RG,6350,2,F,CS,YU,D
10:48:15,INDF,RG,6350,1,D,CC,YU,D
10:48:15,INDF,RG,6350,8,D,NI,YU,D
10:48:15,INDF,RG,6350,2,D,CC,YU,D
10:48:15,INDF,RG,6350,5,D,NI,YU,D
10:48:15,INDF,RG,6350,14,D,YU,YU,D
10:48:15,INDF,RG,6350,5,D,NI,YU,D
10:48:15,INDF,RG,6350,2,F,CS,YU,D
10:48:15,INDF,RG,6350,1,D,NI,YU,D
10:48:15,INDF,RG,6350,5,D,CC,YU,D
10:48:15,INDF,RG,6350,1,D,XC,YU,D
10:48:15,INDF,RG,6350,2,D,NI,YU,D
10:48:15,INDF,RG,6350,1,D,NI,YU,D
10:48:15,INDF,RG,6350,5,D,YP,YU,D
10:48:07,INDF,RG,6350,45,D,YP,YU,D
10:48:07,INDF,RG,6350,1,F,AK,YU,D
10:48:07,INDF,RG,6350,6,D,YP,YU,D
10:48:07,INDF,RG,6350,5,D,YP,YU,D
10:48:07,INDF,RG,6350,10,D,PD,YU,D
10:48:07,INDF,RG,6350,10,D,GR,YU,D
10:48:07,INDF,RG,6350,3,D,YP,YU,D
10:48:07,INDF,RG,6350,2,D,CC,YU,D
10:48:07,INDF,RG,6350,5,D,GR,YU,D
10:48:07,INDF,RG,6350,2,F,CS,YU,D
10:48:07,INDF,RG,6350,11,D,IF,YU,D
10:48:00,INDF,RG,6375,20,F,ZP,YU,D
10:48:00,INDF,RG,6375,12,F,ZP,CC,F
10:48:00,INDF,RG,6350,100,D,IF,YU,D
10:47:54,INDF,RG,6375,1,F,AK,CC,F
10:47:50,INDF,RG,6375,2,D,NI,CC,F
10:47:47,INDF,RG,6350,1,D,IF,DX,D
10:47:43,INDF,RG,6350,100,D,IF,YU,D
10:47:40,INDF,RG,6350,100,D,IF,YU,D
10:46:30,INDF,RG,6350,1,D,IF,PD,D
10:45:15,INDF,RG,6375,8,F,ZP,CC,F
10:45:15,INDF,RG,6375,1,F,AK,CC,F
10:45:09,INDF,RG,6350,1,D,IF,DX,D
10:44:20,INDF,RG,6375,1,D,CC,CC,F
10:42:36,INDF,RG,6350,1,D,IF,DX,D
10:42:00,INDF,RG,6375,24,D,YU,CC,F
10:42:00,INDF,RG,6375,4,D,YU,SQ,D
10:41:32,INDF,RG,6375,10,D,AG,SQ,D
10:40:25,INDF,RG,6375,8,F,ZP,SQ,D
10:40:12,INDF,RG,6375,5,D,NI,SQ,D
10:40:06,INDF,RG,6350,1,D,IF,DX,D
10:39:56,INDF,RG,6350,25,D,IF,LG,D
10:38:45,INDF,RG,6375,1,F,AK,SQ,D
10:38:29,INDF,RG,6375,2,D,SQ,SQ,D
10:38:29,INDF,RG,6375,2,D,SQ,AK,F
10:38:29,INDF,RG,6375,6,D,SQ,ZP,F
10:37:52,INDF,RG,6375,1,D,PD,ZP,F
10:37:38,INDF,RG,6375,1,D,PD,ZP,F
10:37:27,INDF,RG,6350,1,D,IF,DX,D
10:37:10,INDF,RG,6375,3,D,NI,ZP,F
10:35:21,INDF,RG,6375,10,F,ZP,ZP,F
10:34:56,INDF,RG,6350,1,D,IF,DX,D
10:34:45,INDF,RG,6375,1,F,AK,ZP,F
10:33:19,INDF,RG,6350,1,D,IF,DH,D
10:33:09,INDF,RG,6350,1,D,IF,XC,D
10:32:15,INDF,RG,6350,1,D,IF,DX,D
10:31:50,INDF,RG,6375,15,D,NI,ZP,F
10:31:36,INDF,RG,6375,1,D,NI,ZP,F
10:30:32,INDF,RG,6375,1,D,NI,AK,F
10:30:21,INDF,RG,6375,35,F,ZP,AK,F
10:30:21,INDF,RG,6375,6,F,ZP,DX,F
10:30:12,INDF,RG,6350,50,D,IF,DX,D
10:29:35,INDF,RG,6350,2,D,IF,DX,D
10:29:00,INDF,RG,6375,17,D,YU,DX,F
10:29:00,INDF,RG,6375,11,D,YU,AK,F
10:28:24,INDF,RG,6375,7,D,YP,AK,F
10:28:18,INDF,RG,6375,69,F,ZP,AK,F
10:28:18,INDF,RG,6375,17,F,ZP,ZP,F
10:28:18,INDF,RG,6375,102,F,ZP,ZP,F
10:27:25,INDF,RG,6375,10,D,PD,ZP,F
10:27:24,INDF,RG,6375,5,D,XC,ZP,F
10:27:07,INDF,RG,6350,1,D,IF,DX,D
10:27:00,INDF,RG,6375,1,F,AK,ZP,F
10:26:11,INDF,RG,6350,214,D,IF,AK,F
10:26:10,INDF,RG,6375,1000,D,XC,ZP,F
10:25:17,INDF,RG,6375,24,F,ZP,ZP,F
10:24:52,INDF,RG,6375,1,D,DH,ZP,F
10:24:36,INDF,RG,6350,1,D,IF,DX,D
10:24:33,INDF,RG,6375,2,F,AK,ZP,F
10:24:31,INDF,RG,6350,146,D,IF,AK,F
10:24:30,INDF,RG,6350,202,D,IF,AK,F
10:24:30,INDF,RG,6350,38,D,IF,ZP,F
10:24:30,INDF,RG,6350,2,D,YP,ZP,F
10:24:30,INDF,RG,6350,1,D,PD,ZP,F
10:24:30,INDF,RG,6350,1,D,KK,ZP,F
10:24:30,INDF,RG,6350,10,F,ZP,ZP,F
10:24:30,INDF,RG,6350,4,D,CC,ZP,F
10:24:30,INDF,RG,6350,2,D,YP,ZP,F
10:24:30,INDF,RG,6350,31,F,ZP,ZP,F
10:23:26,INDF,RG,6375,1,D,KK,ZP,F
10:22:21,INDF,RG,6375,1,D,CC,ZP,F
10:22:01,INDF,RG,6350,1,F,ZP,DX,D
10:21:51,INDF,RG,6350,2,F,ZP,PD,D
10:21:18,INDF,RG,6375,2,D,XC,ZP,F
10:21:18,INDF,RG,6375,1,D,PD,ZP,F
10:20:55,INDF,RG,6375,1,D,CC,ZP,F
10:20:52,INDF,RG,6350,3,F,ZP,XC,D
10:20:39,INDF,RG,6375,1,D,XC,ZP,F
10:20:31,INDF,RG,6375,5,D,PD,ZP,F
10:20:18,INDF,RG,6375,5,D,PD,ZP,F
10:20:17,INDF,RG,6375,7,F,ZP,ZP,F
10:19:27,INDF,RG,6375,44,F,ZP,ZP,F
10:19:26,INDF,RG,6350,1,D,PD,XC,D
10:19:19,INDF,RG,6350,1,F,CS,DX,D
10:19:01,INDF,RG,6350,2,F,CS,FS,D
10:19:01,INDF,RG,6350,10,D,PD,FS,D
10:19:01,INDF,RG,6350,10,D,SS,FS,D
10:19:01,INDF,RG,6350,2,D,YP,FS,D
10:19:01,INDF,RG,6350,1,D,NI,FS,D
10:19:01,INDF,RG,6350,5,D,GR,FS,D
10:19:01,INDF,RG,6350,1,F,AK,FS,D
10:19:01,INDF,RG,6350,2,D,XL,FS,D
10:19:01,INDF,RG,6350,3,F,CS,FS,D
10:19:01,INDF,RG,6350,5,D,PD,FS,D
10:18:45,INDF,RG,6375,2,D,XL,ZP,F
10:18:24,INDF,RG,6350,5,D,NI,YU,F
10:18:24,INDF,RG,6350,6,D,PD,YU,F
10:18:24,INDF,RG,6350,10,D,YP,YU,F
10:18:24,INDF,RG,6350,2,D,CP,YU,F
10:18:24,INDF,RG,6350,2,D,YP,YU,F
10:18:24,INDF,RG,6350,14,D,IF,YU,F
10:17:52,INDF,RG,6350,6,D,IF,ZP,F
10:17:52,INDF,RG,6350,41,D,KK,ZP,F
10:16:42,INDF,RG,6350,1,D,KK,DX,D
10:16:32,INDF,RG,6375,1,D,PD,ZP,F
10:15:30,INDF,RG,6375,1,F,AK,ZP,F
10:15:22,INDF,RG,6350,100,D,KK,YU,D
10:15:19,INDF,RG,6350,1,D,KK,ZP,F
10:15:19,INDF,RG,6350,14,D,KK,YU,D
10:15:19,INDF,RG,6350,1,D,PD,YU,D
10:15:19,INDF,RG,6350,85,D,CC,YU,D
10:15:15,INDF,RG,6375,1,F,AK,ZP,F
10:15:13,INDF,RG,6350,46,D,CC,ZP,F
10:15:13,INDF,RG,6350,100,D,CC,YU,D
10:15:10,INDF,RG,6350,100,D,CC,YU,D
10:14:50,INDF,RG,6350,3,D,CC,YP,D
10:14:10,INDF,RG,6350,2,D,CC,DX,D
10:13:40,INDF,RG,6350,4,D,CC,PD,D
10:13:15,INDF,RG,6375,1,F,AK,ZP,F
10:13:10,INDF,RG,6350,88,D,CC,ZP,F
10:12:54,INDF,RG,6375,5,D,PD,ZP,F
10:12:30,INDF,RG,6375,1,F,AK,ZP,F
10:12:24,INDF,RG,6350,72,D,CC,AK,F
10:12:24,INDF,RG,6350,4,D,XC,AK,F
10:12:24,INDF,RG,6350,2,D,SQ,AK,F
10:12:24,INDF,RG,6350,1,D,PD,AK,F
10:12:24,INDF,RG,6350,1,F,AK,AK,F
10:12:24,INDF,RG,6350,1,D,NI,AK,F
10:12:24,INDF,RG,6350,1,D,XC,AK,F
10:12:24,INDF,RG,6350,2,F,CS,AK,F
10:12:24,INDF,RG,6350,3,D,PD,AK,F
10:12:24,INDF,RG,6350,4,D,XC,AK,F
10:12:24,INDF,RG,6350,1,D,YP,AK,F
10:12:24,INDF,RG,6350,39,D,YU,AK,F
10:12:23,INDF,RG,6350,61,D,YU,ZP,F
10:12:23,INDF,RG,6350,13,D,YU,ZP,F
10:11:53,INDF,RG,6375,10,D,CC,ZP,F
10:11:39,INDF,RG,6350,1,D,YP,DX,D
10:11:17,INDF,RG,6375,1,D,PD,ZP,F
10:11:07,INDF,RG,6375,1,D,PD,ZP,F
10:10:40,INDF,RG,6350,1,D,YP,PD,D
10:10:21,INDF,RG,6350,13,D,YP,ZP,F
10:10:21,INDF,RG,6350,1,D,NI,ZP,F
10:10:21,INDF,RG,6350,4,D,DX,ZP,F
10:09:29,INDF,RG,6350,1,D,DX,ZP,F
10:09:29,INDF,RG,6350,2,F,CS,ZP,F
10:09:29,INDF,RG,6350,48,D,YP,ZP,F
10:08:57,INDF,RG,6350,1,D,YP,DX,D
10:08:47,INDF,RG,6350,1,D,YP,EP,D
10:08:47,INDF,RG,6350,1,D,XL,EP,D
10:08:47,INDF,RG,6350,8,D,XA,EP,D
10:08:00,INDF,RG,6350,14,D,XA,YU,F
10:07:30,INDF,RG,6350,3,D,XA,ZP,F
10:07:30,INDF,RG,6350,1,D,PD,ZP,F
10:07:30,INDF,RG,6350,15,D,YP,ZP,F
10:07:30,INDF,RG,6350,1,D,XC,ZP,F
10:07:30,INDF,RG,6350,2,D,YP,ZP,F
10:07:30,INDF,RG,6350,16,D,YU,ZP,F
10:07:30,INDF,RG,6350,17,D,XC,ZP,F
10:07:17,INDF,RG,6350,1,D,XC,XC,D
10:06:15,INDF,RG,6350,1,D,XC,DX,D
10:05:24,INDF,RG,6350,13,D,XC,ZP,F
10:05:24,INDF,RG,6350,36,D,YU,ZP,F
10:05:00,INDF,RG,6375,8,D,YU,ZP,F
10:05:00,INDF,RG,6375,19,D,YU,CC,F
10:04:49,INDF,RG,6350,14,D,YU,YU,D
10:04:49,INDF,RG,6350,1,F,CC,YU,D
10:04:49,INDF,RG,6350,1,F,AK,YU,D
10:04:49,INDF,RG,6350,2,F,CS,YU,D
10:04:49,INDF,RG,6350,3,D,XC,YU,D
10:04:49,INDF,RG,6350,1,D,CC,YU,D
10:04:49,INDF,RG,6350,10,D,PD,YU,D
10:04:49,INDF,RG,6350,1,D,NI,YU,D
10:04:49,INDF,RG,6350,1,D,AO,YU,D
10:04:49,INDF,RG,6350,1,D,PD,YU,D
10:04:49,INDF,RG,6350,1,D,NI,YU,D
10:04:49,INDF,RG,6350,50,D,PD,YU,D
10:04:49,INDF,RG,6350,14,D,SQ,YU,D
10:04:37,INDF,RG,6350,16,D,SQ,ZP,F
10:04:37,INDF,RG,6350,2,D,PD,ZP,F
10:04:37,INDF,RG,6350,20,D,YP,ZP,F
10:04:37,INDF,RG,6350,1,D,GR,ZP,F
10:04:37,INDF,RG,6350,78,D,YP,ZP,F
10:04:37,INDF,RG,6350,25,D,YP,ZP,F
10:04:37,INDF,RG,6350,5,D,YP,YU,D
10:04:37,INDF,RG,6350,30,D,DR,YU,D
10:04:37,INDF,RG,6350,5,D,XC,YU,D
10:04:37,INDF,RG,6350,2,D,CC,YU,D
10:04:37,INDF,RG,6350,30,D,XA,YU,D
10:04:37,INDF,RG,6350,2,F,CS,YU,D
10:04:37,INDF,RG,6350,1,D,PD,YU,D
10:04:37,INDF,RG,6350,25,F,ZP,YU,D
10:04:34,INDF,RG,6350,100,F,ZP,YU,D
10:03:33,INDF,RG,6350,1,F,ZP,XC,D
10:03:13,INDF,RG,6375,2,F,AK,CC,F
10:03:03,INDF,RG,6350,125,F,ZP,AK,F
10:03:01,INDF,RG,6350,200,F,ZP,YU,D
10:02:59,INDF,RG,6350,51,F,ZP,YU,D
10:02:59,INDF,RG,6350,10,D,CP,YU,D
10:02:59,INDF,RG,6350,3,D,NI,YU,D
10:02:59,INDF,RG,6350,3,D,YP,YU,D
10:02:59,INDF,RG,6350,5,D,YP,YU,D
10:02:59,INDF,RG,6350,1,D,NI,YU,D
10:02:59,INDF,RG,6350,1,D,XL,YU,D
10:02:59,INDF,RG,6350,2,D,GR,YU,D
10:02:59,INDF,RG,6350,1,D,PD,YU,D
10:02:59,INDF,RG,6350,5,D,NI,YU,D
10:02:59,INDF,RG,6350,5,D,YP,YU,D
10:02:59,INDF,RG,6350,5,D,CC,YU,D
10:02:59,INDF,RG,6350,5,D,DH,YU,D
10:02:59,INDF,RG,6350,10,D,YP,YU,D
10:02:59,INDF,RG,6350,10,D,YP,YU,D
10:02:59,INDF,RG,6350,10,D,YP,YU,D
10:02:59,INDF,RG,6350,50,D,YP,YU,D
10:02:59,INDF,RG,6350,1,D,DR,YU,D
10:02:59,INDF,RG,6350,1,D,XC,YU,D
10:02:59,INDF,RG,6350,21,D,NI,YU,D
10:02:28,INDF,RG,6375,1,F,AK,CC,F
10:02:25,INDF,RG,6375,5,D,NI,CC,F
10:02:19,INDF,RG,6350,29,D,NI,ZP,F
10:02:19,INDF,RG,6350,9,D,XC,ZP,F
10:02:19,INDF,RG,6350,2,D,GR,ZP,F
10:02:19,INDF,RG,6350,3,D,CC,ZP,F
10:02:19,INDF,RG,6350,1,D,YP,ZP,F
10:02:19,INDF,RG,6350,56,D,NI,ZP,F
10:02:10,INDF,RG,6375,107,F,ZP,CC,F
10:02:04,INDF,RG,6375,4,D,XC,CC,F
10:01:48,INDF,RG,6350,1,D,NI,XC,D
10:01:27,INDF,RG,6350,1,D,NI,DX,D
10:00:54,INDF,RG,6375,2,D,YP,CC,F
10:00:51,INDF,RG,6350,3,D,NI,CC,D
10:00:49,INDF,RG,6375,1,D,LG,CC,F
10:00:45,INDF,RG,6350,1,D,NI,AK,F
10:00:25,INDF,RG,6350,6,D,NI,ZP,F
10:00:20,INDF,RG,6375,1,F,AK,CC,F
10:00:17,INDF,RG,6350,32,D,NI,ZP,F
10:00:17,INDF,RG,6350,3,D,CC,ZP,F
10:00:17,INDF,RG,6350,1,D,CC,ZP,F
10:00:17,INDF,RG,6350,15,D,XA,ZP,F
10:00:17,INDF,RG,6350,19,D,CC,ZP,F
10:00:17,INDF,RG,6375,32,F,ZP,CC,F
10:00:00,INDF,RG,6350,11,D,CC,AK,F
10:00:00,INDF,RG,6350,1,D,XC,AK,F
10:00:00,INDF,RG,6350,5,D,PD,AK,F
10:00:00,INDF,RG,6350,5,D,PD,AK,F
9:59:13,INDF,RG,6375,54,F,ZP,CC,F
9:58:10,INDF,RG,6350,3,D,PD,ZP,F
9:58:10,INDF,RG,6350,1,D,CC,ZP,F
9:58:10,INDF,RG,6350,2,D,PD,ZP,F
9:58:10,INDF,RG,6350,2,D,CC,ZP,F
9:58:10,INDF,RG,6350,15,D,NI,ZP,F
9:58:10,INDF,RG,6350,10,D,CC,ZP,F
9:58:10,INDF,RG,6350,5,D,CC,ZP,F
9:58:10,INDF,RG,6350,5,D,CC,ZP,F
9:58:10,INDF,RG,6350,2,D,NI,ZP,F
9:58:10,INDF,RG,6350,4,D,XC,ZP,F
9:58:08,INDF,RG,6350,1,D,XC,DX,F
9:58:08,INDF,RG,6350,10,D,CC,DX,F
9:57:57,INDF,RG,6350,1,D,CC,YP,D
9:57:53,INDF,RG,6350,8,D,CC,KK,D
9:57:28,INDF,RG,6375,1,F,AK,CC,F
9:57:28,INDF,RG,6350,31,D,CC,AK,F
9:57:28,INDF,RG,6350,2,D,DR,AK,F
9:57:28,INDF,RG,6350,1,D,PD,AK,F
9:57:28,INDF,RG,6350,5,D,PD,AK,F
9:57:28,INDF,RG,6350,2,D,CC,AK,F
9:57:28,INDF,RG,6350,1,D,DR,AK,F
9:57:28,INDF,RG,6350,20,D,KK,AK,F
9:57:28,INDF,RG,6350,3,D,KK,AK,F
9:57:28,INDF,RG,6350,1,D,XC,AK,F
9:57:28,INDF,RG,6350,1,D,PD,AK,F
9:57:28,INDF,RG,6350,12,D,XC,AK,F
9:57:28,INDF,RG,6350,1,D,XC,AK,F
9:57:28,INDF,RG,6350,5,D,SQ,AK,F
9:57:28,INDF,RG,6350,1,D,DR,AK,F
9:57:28,INDF,RG,6350,1,D,PD,AK,F
9:57:28,INDF,RG,6350,1,D,XC,AK,F
9:57:28,INDF,RG,6350,3,D,DR,AK,F
9:57:28,INDF,RG,6350,1,D,CC,AK,F
9:57:28,INDF,RG,6350,6,D,NI,AK,F
9:57:27,INDF,RG,6350,58,D,NI,ZP,F
9:57:27,INDF,RG,6350,1,D,CC,ZP,F
9:57:27,INDF,RG,6350,1,D,YP,ZP,F
9:57:27,INDF,RG,6350,2,D,YP,ZP,F
9:57:27,INDF,RG,6350,10,D,NI,ZP,F
9:57:27,INDF,RG,6350,1,D,DR,ZP,F
9:57:27,INDF,RG,6350,100,D,PD,ZP,F
9:57:27,INDF,RG,6350,2,D,YP,ZP,F
9:57:27,INDF,RG,6350,1,D,YP,ZP,F
9:57:27,INDF,RG,6350,1,D,DH,ZP,F
9:57:27,INDF,RG,6350,10,D,YP,ZP,F
9:57:27,INDF,RG,6350,1,D,AT,ZP,F
9:57:27,INDF,RG,6350,1,D,KK,ZP,F
9:57:27,INDF,RG,6350,5,D,NI,ZP,F
9:57:00,INDF,RG,6350,2,D,NI,YU,F
9:57:00,INDF,RG,6350,1,D,SQ,YU,F
9:57:00,INDF,RG,6350,1,D,DR,YU,F
9:57:00,INDF,RG,6350,5,D,YP,YU,F
9:57:00,INDF,RG,6350,1,D,PD,YU,F
9:57:00,INDF,RG,6350,1,D,DR,YU,F
9:57:00,INDF,RG,6350,3,D,YP,YU,F
9:56:12,INDF,RG,6350,7,D,YP,YU,D
9:56:12,INDF,RG,6350,5,D,PD,YU,D
9:56:12,INDF,RG,6350,10,D,PD,YU,D
9:56:12,INDF,RG,6350,26,D,XC,YU,D
9:56:12,INDF,RG,6350,20,D,YP,YU,D
9:56:12,INDF,RG,6350,32,D,SQ,YU,D
9:56:10,INDF,RG,6375,1,F,AK,CC,F
9:56:09,INDF,RG,6350,98,D,SQ,YU,D
9:56:09,INDF,RG,6350,2,F,ZP,YU,D
9:56:06,INDF,RG,6350,1,F,ZP,XC,D
9:55:47,INDF,RG,6350,12,F,ZP,CC,D
9:55:19,INDF,RG,6350,16,F,ZP,ZP,F
9:55:19,INDF,RG,6350,5,D,YP,ZP,F
9:55:19,INDF,RG,6350,1,D,YP,ZP,F
9:55:19,INDF,RG,6350,10,D,YP,ZP,F
9:55:19,INDF,RG,6350,1,D,XL,ZP,F
9:55:19,INDF,RG,6350,1,D,DR,ZP,F
9:55:19,INDF,RG,6350,5,D,YP,ZP,F
9:55:19,INDF,RG,6350,22,D,AZ,ZP,F
9:54:15,INDF,RG,6375,1,D,AT,CC,F
9:54:09,INDF,RG,6375,1,D,YP,CC,F
9:54:00,INDF,RG,6375,1,F,AK,CC,F
9:53:57,INDF,RG,6350,78,D,AZ,ZP,F
9:53:57,INDF,RG,6350,12,D,NI,ZP,F
9:52:08,INDF,RG,6375,1,D,XC,CC,F
9:52:04,INDF,RG,6350,1,D,PD,AK,F
9:52:04,INDF,RG,6350,25,D,YP,AK,F
9:52:04,INDF,RG,6350,65,D,YB,AK,F
9:52:04,INDF,RG,6375,1,F,AK,CC,F
9:52:02,INDF,RG,6350,57,D,YB,ZP,F
9:50:42,INDF,RG,6350,28,D,YB,GR,D
9:50:42,INDF,RG,6350,1,D,XL,GR,D
9:50:42,INDF,RG,6350,2,D,PD,GR,D
9:50:42,INDF,RG,6350,10,D,PD,GR,D
9:50:42,INDF,RG,6350,59,D,PD,GR,D
9:50:17,INDF,RG,6350,9,D,PD,ZP,F
9:49:51,INDF,RG,6350,32,D,PD,ZP,F
9:49:51,INDF,RG,6350,3,D,YB,ZP,F
9:49:51,INDF,RG,6350,1,D,NI,ZP,F
9:49:51,INDF,RG,6350,37,D,YP,ZP,F
9:49:02,INDF,RG,6350,18,D,YP,BK,F
9:48:56,INDF,RG,6350,22,D,YP,BK,F
9:48:52,INDF,RG,6350,23,D,YP,YU,D
9:48:52,INDF,RG,6350,77,D,OD,YU,D
9:48:51,INDF,RG,6350,22,D,OD,BK,F
9:48:49,INDF,RG,6350,1,D,OD,YU,D
9:48:49,INDF,RG,6350,50,D,CC,YU,D
9:48:49,INDF,RG,6350,5,D,YP,YU,D
9:48:49,INDF,RG,6350,5,D,YP,YU,D
9:48:49,INDF,RG,6350,1,D,LG,YU,D
9:48:49,INDF,RG,6350,1,D,YP,YU,D
9:48:49,INDF,RG,6350,10,D,AT,YU,D
9:48:49,INDF,RG,6350,1,D,AT,YU,D
9:48:49,INDF,RG,6350,1,D,GR,YU,D
9:48:49,INDF,RG,6350,1,D,XC,YU,D
9:48:49,INDF,RG,6350,3,D,GR,YU,D
9:48:49,INDF,RG,6350,5,D,AG,YU,D
9:48:49,INDF,RG,6350,2,D,HP,YU,D
9:48:49,INDF,RG,6350,1,D,PD,YU,D
9:48:49,INDF,RG,6350,13,D,PD,YU,D
9:48:48,INDF,RG,6350,7,D,PD,BK,F
9:48:48,INDF,RG,6350,5,D,DH,BK,F
9:48:48,INDF,RG,6350,1,D,TF,BK,F
9:48:48,INDF,RG,6350,10,D,YP,BK,F
9:48:48,INDF,RG,6350,1,D,PD,BK,F
9:48:48,INDF,RG,6350,1,D,PD,BK,F
9:48:48,INDF,RG,6350,1,D,PD,BK,F
9:48:48,INDF,RG,6350,2,D,PD,BK,F
9:48:44,INDF,RG,6350,3,D,PD,AK,F
9:48:44,INDF,RG,6350,2,D,PD,AK,F
9:48:44,INDF,RG,6350,88,D,PD,AK,F
9:48:43,INDF,RG,6350,70,D,PD,YU,D
9:48:43,INDF,RG,6350,1,D,XL,YU,D
9:48:43,INDF,RG,6350,1,D,DR,YU,D
9:48:43,INDF,RG,6350,2,D,KK,YU,D
9:48:43,INDF,RG,6350,10,D,DR,YU,D
9:48:43,INDF,RG,6350,1,D,TP,YU,D
9:48:43,INDF,RG,6350,5,D,DR,YU,D
9:48:39,INDF,RG,6350,9,D,DR,YU,D
9:48:29,INDF,RG,6350,9,D,DR,BK,F
9:48:27,INDF,RG,6350,11,D,DR,BK,F
9:48:23,INDF,RG,6350,61,D,DR,BK,F
9:48:18,INDF,RG,6350,5,D,DR,BK,F
9:48:18,INDF,RG,6350,200,D,FZ,BK,F
9:48:18,INDF,RG,6350,100,D,YU,BK,F
9:48:18,INDF,RG,6350,44,D,XA,BK,F
9:48:16,INDF,RG,6350,20,D,XA,PD,D
9:48:16,INDF,RG,6350,86,D,XA,AK,F
9:48:16,INDF,RG,6350,2,D,XC,AK,F
9:48:15,INDF,RG,6375,1,F,AK,BK,F
9:48:15,INDF,RG,6375,5,D,YU,BK,F
9:48:14,INDF,RG,6375,14,D,YU,AK,F
9:48:14,INDF,RG,6375,2,D,CC,AK,F
9:48:14,INDF,RG,6375,2,F,CS,AK,F
9:48:14,INDF,RG,6375,1,F,CC,AK,F
9:48:14,INDF,RG,6375,1,D,PD,AK,F
9:48:14,INDF,RG,6375,1,D,PD,AK,F
9:48:14,INDF,RG,6375,11,D,PD,AK,F
9:48:14,INDF,RG,6375,1,D,XL,AK,F
9:48:14,INDF,RG,6375,5,D,YP,AK,F
9:48:14,INDF,RG,6375,3,D,YP,AK,F
9:48:14,INDF,RG,6375,1,F,AK,AK,F
9:48:14,INDF,RG,6375,4,F,CS,AK,F
9:48:14,INDF,RG,6375,454,D,IF,AK,F
9:48:14,INDF,RG,6375,90,D,IF,AK,F
9:48:13,INDF,RG,6375,107,D,IF,AK,F
9:48:13,INDF,RG,6375,349,D,IF,AK,F
9:48:13,INDF,RG,6375,5,D,DH,AK,F
9:48:13,INDF,RG,6375,1,D,KK,AK,F
9:48:13,INDF,RG,6375,1,D,NI,AK,F
9:48:13,INDF,RG,6375,5,D,XC,AK,F
9:48:13,INDF,RG,6375,1,D,XC,AK,F
9:48:13,INDF,RG,6375,3,F,CS,AK,F
9:48:13,INDF,RG,6375,1,D,PD,AK,F
9:48:13,INDF,RG,6375,3,D,XC,AK,F
9:48:13,INDF,RG,6375,6,D,XL,AK,F
9:48:13,INDF,RG,6375,1,D,NI,AK,F
9:48:13,INDF,RG,6375,6,D,BQ,AK,F
9:48:13,INDF,RG,6375,118,F,ZP,AK,F
9:48:13,INDF,RG,6375,17,F,ZP,ZP,F
9:48:12,INDF,RG,6375,91,F,ZP,AK,F
9:48:12,INDF,RG,6375,96,F,ZP,BK,F
9:48:12,INDF,RG,6375,4,F,CS,BK,F
9:48:12,INDF,RG,6375,10,D,CC,BK,F
9:48:12,INDF,RG,6375,10,D,PD,AK,F
9:48:12,INDF,RG,6375,1,D,XC,AK,F
9:48:12,INDF,RG,6375,2,D,CC,AK,F
9:48:12,INDF,RG,6375,1,D,PD,AK,F
9:48:12,INDF,RG,6375,2,D,XC,AK,F
9:48:12,INDF,RG,6375,2,D,YU,AK,F
9:48:12,INDF,RG,6375,10,D,KK,AK,F
9:48:12,INDF,RG,6375,1,D,XC,AK,F
9:48:12,INDF,RG,6375,2,D,XL,AK,F
9:48:12,INDF,RG,6375,1,D,PD,AK,F
9:48:12,INDF,RG,6375,3,F,CS,AK,F
9:48:12,INDF,RG,6375,5,D,XC,AK,F
9:48:12,INDF,RG,6375,10,D,PD,AK,F
9:48:12,INDF,RG,6375,1,D,CC,AK,F
9:48:12,INDF,RG,6375,1,D,XL,AK,F
9:48:12,INDF,RG,6375,1,D,DX,AK,F
9:48:12,INDF,RG,6375,5,D,PD,AK,F
9:48:12,INDF,RG,6375,2,D,AT,AK,F
9:48:12,INDF,RG,6375,1,F,CS,AK,F
9:48:12,INDF,RG,6375,2,D,XC,AK,F
9:48:12,INDF,RG,6375,2,D,XC,AK,F
9:48:12,INDF,RG,6375,2,D,XC,AK,F
9:48:12,INDF,RG,6375,2,D,XC,AK,F
9:48:12,INDF,RG,6375,3,D,PD,AK,F
9:48:12,INDF,RG,6375,5,D,XC,AK,F
9:48:12,INDF,RG,6375,3,D,XC,AK,F
9:48:12,INDF,RG,6375,1,D,PD,AK,F
9:48:12,INDF,RG,6375,3,D,NI,AK,F
9:48:12,INDF,RG,6375,2,D,XC,AK,F
9:48:12,INDF,RG,6375,2,D,PD,AK,F
9:48:12,INDF,RG,6375,5,D,KK,AK,F
9:48:12,INDF,RG,6375,13,D,YU,AK,F
9:48:12,INDF,RG,6375,20,D,KK,AK,F
9:48:12,INDF,RG,6375,1,D,YP,AK,F
9:48:12,INDF,RG,6375,5,D,GR,AK,F
9:48:12,INDF,RG,6375,2,D,CC,AK,F
9:48:12,INDF,RG,6375,5,D,PD,AK,F
9:48:12,INDF,RG,6375,1,D,GR,AK,F
9:48:12,INDF,RG,6375,1,D,XC,AK,F
9:48:12,INDF,RG,6375,8,D,CC,AK,F
9:48:12,INDF,RG,6375,1,F,AK,AK,F
9:48:12,INDF,RG,6375,1,D,NI,AK,F
9:48:12,INDF,RG,6375,1,D,PD,AK,F
9:48:12,INDF,RG,6375,5,D,DR,AK,F
9:48:12,INDF,RG,6375,25,D,YP,AK,F
9:48:12,INDF,RG,6375,5,D,DR,AK,F
9:48:12,INDF,RG,6375,4,F,CS,AK,F
9:48:12,INDF,RG,6375,309,D,FZ,AK,F
9:48:11,INDF,RG,6375,500,D,FZ,AK,F
9:48:10,INDF,RG,6375,103,D,FZ,AK,F
9:48:10,INDF,RG,6375,24,D,FZ,BK,F
9:48:09,INDF,RG,6375,64,D,FZ,AK,F
9:48:09,INDF,RG,6375,1,D,XC,AK,F
9:48:09,INDF,RG,6375,13,D,YU,AK,F
9:48:09,INDF,RG,6375,2,D,YB,AK,F
9:48:09,INDF,RG,6375,1,D,PD,AK,F
9:48:09,INDF,RG,6375,2,D,CC,AK,F
9:48:09,INDF,RG,6375,1,D,YP,AK,F
9:48:09,INDF,RG,6375,8,D,NI,AK,F
9:48:09,INDF,RG,6375,5,D,DX,AK,F
9:48:09,INDF,RG,6375,1,F,AK,AK,F
9:48:09,INDF,RG,6375,15,D,KK,AK,F
9:48:09,INDF,RG,6375,1,D,PD,AK,F
9:48:09,INDF,RG,6375,276,D,YP,AK,F
9:48:09,INDF,RG,6375,1,D,SQ,AK,F
9:48:09,INDF,RG,6375,6,F,CS,AK,F
9:48:09,INDF,RG,6375,1,D,PD,AK,F
9:48:09,INDF,RG,6375,1,D,SQ,AK,F
9:48:09,INDF,RG,6375,6,F,CS,AK,F
9:48:09,INDF,RG,6375,1,F,AK,AK,F
9:48:09,INDF,RG,6375,10,D,GR,AK,F
9:48:09,INDF,RG,6375,20,D,DR,AK,F
9:48:09,INDF,RG,6375,2,D,XC,AK,F
9:48:09,INDF,RG,6375,62,F,ZP,AK,F
9:47:19,INDF,RG,6375,7,F,ZP,YU,F
9:47:19,INDF,RG,6375,26,F,ZP,AK,F
9:47:19,INDF,RG,6375,85,F,ZP,ZP,F
9:47:18,INDF,RG,6400,73,F,ZP,CC,F
9:47:18,INDF,RG,6400,6,F,ZP,ZP,F
9:47:18,INDF,RG,6400,2,F,ZP,AK,F
9:47:03,INDF,RG,6400,1,D,DR,AK,F
9:45:31,INDF,RG,6375,3,F,ZP,YU,F
9:45:28,INDF,RG,6400,1,D,DR,AK,F
9:45:20,INDF,RG,6375,2,F,ZP,YU,F
9:45:20,INDF,RG,6400,22,F,ZP,AK,F
9:45:20,INDF,RG,6400,1,F,ZP,ZP,F
9:45:18,INDF,RG,6375,3,F,ZP,ZP,F
9:45:13,INDF,RG,6400,20,D,PD,ZP,F
9:44:57,INDF,RG,6375,1,F,ZP,YU,F
9:44:43,INDF,RG,6375,9,F,ZP,YU,F
9:44:40,INDF,RG,6375,24,F,ZP,AK,F
9:44:38,INDF,RG,6400,59,F,ZP,ZP,F
9:44:15,INDF,RG,6400,1,F,AK,ZP,F
9:44:11,INDF,RG,6375,2,F,ZP,YU,F
9:44:00,INDF,RG,6375,17,F,ZP,YU,F
9:43:05,INDF,RG,6375,3,F,ZP,YU,F
9:43:00,INDF,RG,6400,33,D,YU,ZP,F
9:42:25,INDF,RG,6400,1,D,DH,ZP,F
9:40:52,INDF,RG,6375,1,F,ZP,YU,F
9:40:42,INDF,RG,6375,5,F,ZP,YP,D
9:40:33,INDF,RG,6375,2,F,ZP,YU,F
9:40:24,INDF,RG,6375,14,F,ZP,YU,F
9:40:22,INDF,RG,6375,29,F,ZP,AK,F
9:40:21,INDF,RG,6375,112,F,ZP,XC,D
9:38:29,INDF,RG,6375,3,F,ZP,YU,F
9:38:16,INDF,RG,6400,1,F,AK,ZP,F
9:38:15,INDF,RG,6375,23,F,ZP,YU,F
9:38:15,INDF,RG,6375,3,F,ZP,AZ,D
9:38:14,INDF,RG,6375,63,F,ZP,AK,F
9:38:14,INDF,RG,6400,2,F,AK,ZP,F
9:38:14,INDF,RG,6375,23,F,ZP,YU,F
9:38:13,INDF,RG,6375,12,F,ZP,AK,F
9:38:13,INDF,RG,6375,69,F,ZP,AK,F
9:38:13,INDF,RG,6375,1,F,CS,AK,F
9:38:13,INDF,RG,6375,5,F,CS,AK,F
9:38:13,INDF,RG,6375,4,F,CS,AK,F
9:38:13,INDF,RG,6375,10,D,AT,AK,F
9:38:13,INDF,RG,6375,1,D,GR,AK,F
9:38:13,INDF,RG,6375,10,D,LG,AK,F
9:38:13,INDF,RG,6375,10,D,YP,AK,F
9:38:13,INDF,RG,6375,5,D,KK,AK,F
9:38:13,INDF,RG,6375,8,F,ZP,AK,F
9:38:13,INDF,RG,6375,240,D,YB,AK,F
9:38:12,INDF,RG,6375,5,D,YB,YU,F
9:38:12,INDF,RG,6400,48,F,ZP,ZP,F
9:38:00,INDF,RG,6400,1,F,AK,ZP,F
9:37:22,INDF,RG,6375,1,D,YB,YU,F
9:37:21,INDF,RG,6375,4,D,YB,YU,F
9:37:20,INDF,RG,6375,20,D,YB,AK,F
9:37:20,INDF,RG,6400,1,F,AK,ZP,F
9:37:20,INDF,RG,6375,8,D,YB,CS,F
9:37:19,INDF,RG,6375,9,D,YB,YU,F
9:37:19,INDF,RG,6400,94,F,ZP,ZP,F
9:35:26,INDF,RG,6375,1,D,YB,YU,F
9:35:21,INDF,RG,6375,1,D,YB,CS,F
9:35:19,INDF,RG,6375,1,D,YB,CS,F
9:35:19,INDF,RG,6375,4,D,YB,YU,F
9:35:18,INDF,RG,6375,2,D,YB,CS,F
9:35:18,INDF,RG,6375,9,D,YB,AK,F
9:35:16,INDF,RG,6400,29,F,ZP,ZP,F
9:35:04,INDF,RG,6375,2,D,YB,YU,F
9:35:02,INDF,RG,6375,2,D,YB,CS,F
9:35:00,INDF,RG,6375,15,D,YB,YU,F
9:34:05,INDF,RG,6375,1,D,YB,YU,F
9:34:01,INDF,RG,6375,1,D,YB,CS,F
9:34:01,INDF,RG,6375,2,D,YB,CS,F
9:34:01,INDF,RG,6375,9,D,YB,AK,F
9:34:01,INDF,RG,6375,3,D,YB,YU,F
9:34:00,INDF,RG,6400,30,D,YU,ZP,F
9:33:58,INDF,RG,6375,1,D,YB,YU,F
9:33:56,INDF,RG,6375,1,D,YB,CS,F
9:33:54,INDF,RG,6375,2,D,YB,PD,D
9:32:52,INDF,RG,6375,1,D,YB,CS,F
9:32:52,INDF,RG,6375,1,D,YB,YU,F
9:32:50,INDF,RG,6400,10,D,PD,ZP,F
9:32:45,INDF,RG,6400,1,F,AK,ZP,F
9:27:47,INDF,RG,6375,3,D,YB,AK,F
9:27:46,INDF,RG,6375,2,D,YB,YU,F
9:27:44,INDF,RG,6375,1,D,YB,CS,F
9:27:43,INDF,RG,6400,10,F,CS,ZP,F
9:27:37,INDF,RG,6400,1,D,YB,ZP,F
9:27:01,INDF,RG,6375,1,D,YB,YU,F
9:26:57,INDF,RG,6375,2,D,YB,CS,F
9:26:56,INDF,RG,6375,1,D,YB,YU,F
9:26:56,INDF,RG,6375,5,D,YB,AK,F
9:26:54,INDF,RG,6400,18,D,NI,ZP,F
9:26:52,INDF,RG,6375,1,D,YB,YU,F
9:26:48,INDF,RG,6400,1,D,PD,ZP,F
9:26:45,INDF,RG,6400,1,F,AK,ZP,F
9:26:17,INDF,RG,6375,1,D,YB,CS,F
9:26:13,INDF,RG,6375,3,D,YB,YU,F
9:26:06,INDF,RG,6375,2,D,YB,CS,F
9:26:06,INDF,RG,6400,2,D,PD,ZP,F
9:26:06,INDF,RG,6375,4,D,YB,AK,F
9:26:05,INDF,RG,6400,20,D,PD,ZP,F
9:24:30,INDF,RG,6375,1,D,YB,YP,D
9:24:29,INDF,RG,6375,1,D,YB,YU,F
9:24:22,INDF,RG,6375,1,D,YB,CS,F
9:24:22,INDF,RG,6375,3,D,YB,AK,F
9:24:22,INDF,RG,6375,1,D,YB,YU,F
9:24:21,INDF,RG,6375,10,D,YB,EP,D
9:24:16,INDF,RG,6375,1,D,YB,CS,F
9:24:13,INDF,RG,6400,2,D,PD,ZP,F
9:23:33,INDF,RG,6375,1,D,YB,CS,F
9:23:33,INDF,RG,6375,1,D,YB,YU,F
9:23:32,INDF,RG,6375,2,D,YB,AK,F
9:23:32,INDF,RG,6400,10,D,XC,ZP,F
9:23:30,INDF,RG,6375,1,D,YB,AK,F
9:23:29,INDF,RG,6375,1,D,YB,YU,F
9:23:27,INDF,RG,6400,1,D,PD,ZP,F
9:21:02,INDF,RG,6400,1,D,XL,ZP,F
9:20:38,INDF,RG,6400,1,D,PD,ZP,F
9:19:56,INDF,RG,6375,1,D,YB,YU,F
9:19:50,INDF,RG,6375,1,D,YB,CS,F
9:19:49,INDF,RG,6375,2,D,YB,AK,F
9:19:48,INDF,RG,6400,4,D,EP,ZP,F
9:19:48,INDF,RG,6400,2,D,EP,ZP,F
9:19:48,INDF,RG,6400,2,D,EP,ZP,F
9:19:48,INDF,RG,6400,1,D,EP,ZP,F
9:19:48,INDF,RG,6400,1,D,EP,ZP,F
9:19:10,INDF,RG,6400,1,D,PD,ZP,F
9:18:13,INDF,RG,6375,1,D,YB,YU,F
9:18:11,INDF,RG,6375,1,D,YB,CS,F
9:18:06,INDF,RG,6375,1,D,YB,YU,F
9:18:04,INDF,RG,6375,2,D,YB,AK,F
9:18:02,INDF,RG,6400,9,F,CS,ZP,F
9:18:00,INDF,RG,6375,1,D,YB,CS,F
9:17:59,INDF,RG,6375,1,D,YB,AK,F
9:17:58,INDF,RG,6400,4,D,YU,ZP,F
9:16:59,INDF,RG,6375,1,D,YB,PD,D
9:16:35,INDF,RG,6375,1,D,YB,YU,F
9:16:31,INDF,RG,6375,1,D,YB,AK,F
9:16:30,INDF,RG,6400,2,D,NI,ZP,F
9:16:01,INDF,RG,6375,1,D,YB,YU,F
9:15:59,INDF,RG,6375,1,D,YB,CS,F
9:15:59,INDF,RG,6375,6,D,YB,AK,F
9:15:58,INDF,RG,6375,3,D,YB,CS,F
9:15:58,INDF,RG,6375,3,D,YB,YU,F
9:15:57,INDF,RG,6375,30,D,YB,OD,D
9:15:28,INDF,RG,6375,1,D,YB,YU,F
9:15:27,INDF,RG,6375,1,D,YB,CS,F
9:15:27,INDF,RG,6375,1,D,YB,AK,F
9:15:25,INDF,RG,6375,6,D,YB,NI,D
9:14:10,INDF,RG,6375,2,D,YB,YU,F
9:14:08,INDF,RG,6400,16,D,YP,ZP,F
9:14:06,INDF,RG,6400,2,D,PD,ZP,F
9:13:17,INDF,RG,6375,1,D,YB,YU,F
9:13:14,INDF,RG,6375,5,D,YB,PD,D
9:11:06,INDF,RG,6400,4,D,PD,ZP,F
9:10:33,INDF,RG,6400,1,D,XL,ZP,F
9:08:28,INDF,RG,6400,2,D,NI,ZP,F
9:08:00,INDF,RG,6375,1,D,YB,YU,F
9:07:53,INDF,RG,6375,2,D,YB,YU,F
9:07:49,INDF,RG,6375,20,D,YB,DR,D
9:06:42,INDF,RG,6375,5,D,YB,YU,F
9:06:41,INDF,RG,6400,47,D,SQ,ZP,F
9:05:38,INDF,RG,6375,1,D,YB,YU,F
9:05:31,INDF,RG,6375,6,D,YP,YU,F
9:05:27,INDF,RG,6375,10,D,YP,YU,F
9:05:26,INDF,RG,6375,8,D,YP,YU,F
9:05:26,INDF,RG,6375,5,D,YP,YU,F
9:05:26,INDF,RG,6375,1,D,GR,YU,F
9:05:26,INDF,RG,6375,5,D,AG,YU,F
9:05:26,INDF,RG,6375,12,D,PD,YU,F
9:05:26,INDF,RG,6375,5,D,PD,YU,F
9:05:26,INDF,RG,6375,2,D,XL,YU,F
9:05:26,INDF,RG,6375,1,D,PD,YU,F
9:05:26,INDF,RG,6375,1,D,AZ,YU,F
9:05:26,INDF,RG,6375,10,D,DR,YU,F
9:05:26,INDF,RG,6375,1,D,EP,YU,F
9:05:26,INDF,RG,6375,100,D,DR,YU,F
9:05:26,INDF,RG,6375,2,D,DR,YU,F
9:05:25,INDF,RG,6375,1,D,DR,YU,F
9:05:25,INDF,RG,6375,2,D,HP,YU,F
9:05:25,INDF,RG,6400,14,F,SH,ZP,F
9:05:25,INDF,RG,6400,33,F,SH,ZP,F
9:05:25,INDF,RG,6400,29,F,SH,ZP,F
9:05:25,INDF,RG,6400,3924,F,SH,BQ,F
9:05:25,INDF,RG,6400,1,F,CS,BQ,F
9:05:24,INDF,RG,6400,2,F,CS,BQ,F
9:05:24,INDF,RG,6400,1,F,CS,BQ,F
9:05:24,INDF,RG,6400,2,F,CS,BQ,F
9:05:24,INDF,RG,6400,6,F,CS,BQ,F
9:05:24,INDF,RG,6400,1,D,XC,BQ,F
9:05:24,INDF,RG,6400,1,D,PD,BQ,F
9:05:24,INDF,RG,6400,1,F,AK,BQ,F
9:05:24,INDF,RG,6400,16,D,YU,BQ,F
9:05:24,INDF,RG,6400,1,F,CC,BQ,F
9:05:24,INDF,RG,6400,3,D,YP,BQ,F
9:05:24,INDF,RG,6400,4,D,XC,BQ,F
9:05:24,INDF,RG,6400,2,F,AK,BQ,F
9:05:24,INDF,RG,6400,1,D,CC,BQ,F
9:05:24,INDF,RG,6400,6,F,ZP,BQ,F
9:05:24,INDF,RG,6400,24,F,ZP,BQ,F
9:05:24,INDF,RG,6400,3,F,CS,BQ,F
9:05:24,INDF,RG,6400,1,D,PD,BQ,F
9:05:11,INDF,RG,6400,1,D,YP,ZP,F
9:04:21,INDF,RG,6400,1,D,YP,YU,F
9:04:21,INDF,RG,6400,1,F,KK,YU,F
9:04:15,INDF,RG,6400,12,F,KK,ZP,F
9:04:04,INDF,RG,6400,3,F,KK,YU,F
9:04:01,INDF,RG,6400,6,F,KK,YU,F
9:04:00,INDF,RG,6400,28,F,KK,ZP,F
9:04:00,INDF,RG,6400,25,D,CC,ZP,F
9:04:00,INDF,RG,6400,1,D,KK,ZP,F
9:04:00,INDF,RG,6400,1,D,XC,ZP,F
9:04:00,INDF,RG,6400,1,D,PD,ZP,F
9:04:00,INDF,RG,6400,2,D,XL,ZP,F
9:04:00,INDF,RG,6400,5,D,PD,ZP,F
9:04:00,INDF,RG,6400,2,D,XL,ZP,F
9:04:00,INDF,RG,6400,2,D,XL,ZP,F
9:04:00,INDF,RG,6400,12,D,DR,ZP,F
9:03:10,INDF,RG,6400,1,D,DR,KK,D
9:03:06,INDF,RG,6400,4,D,DR,YU,F
9:03:05,INDF,RG,6400,39,D,DR,AK,F
9:00:42,INDF,RG,6425,3,D,PD,CC,D
9:00:01,INDF,RG,6400,2,D,DR,YU,F
9:00:01,INDF,RG,6400,1,D,DR,YU,F
9:00:00,INDF,RG,6400,15,D,DR,YU,F
9:00:00,INDF,RG,6425,5,D,YU,CC,D
9:00:00,INDF,RG,6425,10,D,YU,EP,D
8:59:00,INDF,RG,6400,26,D,DR,ZP,F
8:59:00,INDF,RG,6400,1,D,XL,ZP,F
8:59:00,INDF,RG,6400,5,F,KK,ZP,F
8:59:00,INDF,RG,6400,3,F,KK,ZP,F
8:59:00,INDF,RG,6400,5,D,KK,ZP,F
8:59:00,INDF,RG,6400,1,D,XC,ZP,F
8:59:00,INDF,RG,6400,1,D,CC,ZP,F
8:59:00,INDF,RG,6400,2,D,PD,ZP,F
8:59:00,INDF,RG,6400,5,D,PD,ZP,F
8:59:00,INDF,RG,6400,2,D,XL,ZP,F
8:59:00,INDF,RG,6400,1,D,DR,ZP,F
8:59:00,INDF,RG,6400,1,D,XC,ZP,F
8:59:00,INDF,RG,6400,1,F,ZP,ZP,F
8:59:00,INDF,RG,6400,7,F,ZP,ZP,F
8:59:00,INDF,RG,6400,3,F,ZP,ZP,F
8:59:00,INDF,RG,6400,1,D,YU,YU,F
8:59:00,INDF,RG,6400,3,D,YU,YU,F
8:59:00,INDF,RG,6400,1,D,YU,YU,F
8:59:00,INDF,RG,6400,1,F,CS,YU,F
8:59:00,INDF,RG,6400,1,F,CS,YU,F
8:59:00,INDF,RG,6400,1,F,AK,YU,F