Time,Stock,Brd,Price,Qty,BT,BC,SC,ST
15:07:17,INDF,RG,6975,3,D,YP,YP,D
15:05:29,INDF,RG,6975,1,D,YU,YP,D
15:05:19,INDF,RG,6975,5,D,YP,YP,D
15:02:42,INDF,RG,6975,5,D,IF,YP,D
15:01:09,INDF,RG,6975,10,D,IF,YP,D
15:00:00,INDF,RG,6975,12,D,GR,YP,D
15:00:00,INDF,RG,6975,83,F,ZP,YP,D
15:00:00,INDF,RG,6975,7,F,ZP,XC,D
15:00:00,INDF,RG,6975,10,F,ZP,YP,D
15:00:00,INDF,RG,6975,10,F,ZP,YP,D
15:00:00,INDF,RG,6975,54,F,ZP,DR,D
15:00:00,INDF,RG,6975,7,F,ZP,PD,D
15:00:00,INDF,RG,6975,1,F,ZP,KK,D
15:00:00,INDF,RG,6975,1,F,ZP,YP,D
15:00:00,INDF,RG,6975,1,F,ZP,YP,D
15:00:00,INDF,RG,6975,1,F,ZP,PD,D
15:00:00,INDF,RG,6975,5,F,ZP,PD,D
15:00:00,INDF,RG,6975,1,F,ZP,YU,D
15:00:00,INDF,RG,6975,1,F,ZP,PD,D
15:00:00,INDF,RG,6975,3,F,ZP,MU,D
15:00:00,INDF,RG,6975,5,F,ZP,EP,D
15:00:00,INDF,RG,6975,1,F,ZP,PD,D
15:00:00,INDF,RG,6975,1,F,ZP,PD,D
15:00:00,INDF,RG,6975,8,F,ZP,XL,D
15:00:00,INDF,RG,6975,3,F,ZP,XC,D
15:00:00,INDF,RG,6975,5,F,ZP,YP,D
15:00:00,INDF,RG,6975,33,F,ZP,CC,D
15:00:00,INDF,RG,6975,5,F,ZP,YP,D
15:00:00,INDF,RG,6975,1,F,ZP,YU,D
15:00:00,INDF,RG,6975,1,F,ZP,YP,D
15:00:00,INDF,RG,6975,1,F,ZP,YP,D
15:00:00,INDF,RG,6975,20,F,ZP,XC,D
15:00:00,INDF,RG,6975,3,F,ZP,AZ,D
15:00:00,INDF,RG,6975,455,F,ZP,BK,F
15:00:00,INDF,RG,6975,1,D,PD,BK,F
15:00:00,INDF,RG,6975,280,F,BK,BK,F
15:00:00,INDF,RG,6975,736,F,BK,BK,F
15:00:00,INDF,RG,6975,123,F,BK,BK,F
15:00:00,INDF,RG,6975,56,F,BK,BK,F
15:00:00,INDF,RG,6975,46,F,BK,BK,F
15:00:00,INDF,RG,6975,511,D,KZ,BK,F
15:00:00,INDF,RG,6975,50,D,KZ,AG,D
15:00:00,INDF,RG,6975,1,D,KZ,PD,D
15:00:00,INDF,RG,6975,100,D,KZ,TP,F
15:00:00,INDF,RG,6975,2,D,KZ,XL,D
15:00:00,INDF,RG,6975,1,D,KZ,CC,D
15:00:00,INDF,RG,6975,144,D,KZ,GR,D
15:00:00,INDF,RG,6975,438,D,BB,GR,D
15:00:00,INDF,RG,6975,10,D,BB,CP,D
15:00:00,INDF,RG,6975,3,D,BB,SQ,D
15:00:00,INDF,RG,6975,5,D,BB,YP,D
15:00:00,INDF,RG,6975,1,D,BB,YP,D
15:00:00,INDF,RG,6975,25,D,BB,GR,D
15:00:00,INDF,RG,6975,10,D,BB,PD,D
15:00:00,INDF,RG,6975,1,D,BB,XC,D
15:00:00,INDF,RG,6975,1,D,BB,XC,D
15:00:00,INDF,RG,6975,1,D,BB,YP,D
15:00:00,INDF,RG,6975,2,D,BB,KK,D
15:00:00,INDF,RG,6975,50,D,BB,AG,D
15:00:00,INDF,RG,6975,9,D,BB,CC,D
15:00:00,INDF,RG,6975,4,D,BB,SQ,D
15:00:00,INDF,RG,6975,4,D,BB,PD,D
15:00:00,INDF,RG,6975,5,D,BB,SQ,D
15:00:00,INDF,RG,6975,1007,D,BB,YU,D
15:00:00,INDF,RG,6975,10,D,BB,YJ,D
15:00:00,INDF,RG,6975,5,D,BB,SQ,D
15:00:00,INDF,RG,6975,1,D,BB,XC,D
15:00:00,INDF,RG,6975,100,D,BB,CC,D
15:00:00,INDF,RG,6975,1,D,BB,YP,D
15:00:00,INDF,RG,6975,3,D,BB,PD,D
15:00:00,INDF,RG,6975,5,D,BB,YP,D
15:00:00,INDF,RG,6975,398,D,BB,HD,D
15:00:00,INDF,RG,6975,45,F,AK,HD,D
15:00:00,INDF,RG,6975,2,F,AK,HD,D
15:00:00,INDF,RG,6975,54,F,AK,HD,D
15:00:00,INDF,RG,6975,1,F,AK,HD,D
15:00:00,INDF,RG,6975,140,F,AK,HD,D
15:00:00,INDF,RG,6975,3,F,AK,HD,D
15:00:00,INDF,RG,6975,293,F,ZP,HD,D
15:00:00,INDF,RG,6975,24,D,YU,HD,D
15:00:00,INDF,RG,6975,248,F,ZP,HD,D
15:00:00,INDF,RG,6975,292,F,YU,HD,D
15:00:00,INDF,RG,6975,1,F,YU,CC,D
15:00:00,INDF,RG,6975,2,F,YU,YP,D
15:00:00,INDF,RG,6975,1,F,YU,PD,D
15:00:00,INDF,RG,6975,2,F,YU,DR,D
15:00:00,INDF,RG,6975,1,F,YU,DR,D
15:00:00,INDF,RG,6975,20,F,YU,XA,D
15:00:00,INDF,RG,6975,237,F,YU,CC,D
15:00:00,INDF,RG,6975,263,F,ZP,CC,D
15:00:00,INDF,RG,6975,1,F,ZP,YP,D
15:00:00,INDF,RG,6975,2,F,ZP,YP,D
15:00:00,INDF,RG,6975,1,F,ZP,PD,D
15:00:00,INDF,RG,6975,1,F,ZP,YU,D
15:00:00,INDF,RG,6975,144,F,ZP,YP,D
15:00:00,INDF,RG,6975,10,F,ZP,KI,D
15:00:00,INDF,RG,6975,100,F,ZP,YB,D
15:00:00,INDF,RG,6975,45,F,ZP,YP,D
15:00:00,INDF,RG,6975,1,D,YU,YP,D
15:00:00,INDF,RG,6975,1,D,YU,YP,D
15:00:00,INDF,RG,6975,153,D,OD,YP,D
15:00:00,INDF,RG,6975,330,D,OD,BK,F
15:00:00,INDF,RG,6975,166,D,OD,BK,F
15:00:00,INDF,RG,6975,29,D,DR,BK,F
15:00:00,INDF,RG,6975,41,F,RX,BK,F
15:00:00,INDF,RG,6975,502,F,RX,BK,F
15:00:00,INDF,RG,6975,8,F,RX,XC,D
15:00:00,INDF,RG,6975,5,F,RX,KK,D
15:00:00,INDF,RG,6975,10,F,RX,KK,D
15:00:00,INDF,RG,6975,1,F,RX,XL,D
15:00:00,INDF,RG,6975,5,F,RX,YP,D
15:00:00,INDF,RG,6975,50,F,RX,GR,D
15:00:00,INDF,RG,6975,1,F,RX,YP,D
15:00:00,INDF,RG,6975,8,F,RX,PD,D
15:00:00,INDF,RG,6975,1,F,RX,XC,D
15:00:00,INDF,RG,6975,15,F,RX,YP,D
15:00:00,INDF,RG,6975,2,F,RX,PD,D
15:00:00,INDF,RG,6975,20,F,RX,YB,D
15:00:00,INDF,RG,6975,30,F,RX,YP,D
15:00:00,INDF,RG,6975,1,F,RX,YP,D
15:00:00,INDF,RG,6975,5,F,RX,HP,D
15:00:00,INDF,RG,6975,22,F,RX,KK,D
15:00:00,INDF,RG,6975,187,F,RX,KI,D
15:00:00,INDF,RG,6975,181,F,RX,ZP,F
15:00:00,INDF,RG,6975,324,F,RX,ZP,F
15:00:00,INDF,RG,6975,424,F,RX,BK,F
15:00:00,INDF,RG,6975,93,F,RX,AK,F
15:00:00,INDF,RG,6975,85,F,RX,YU,F
15:00:00,INDF,RG,6975,550,F,RX,ZP,F
15:00:00,INDF,RG,6975,455,F,RX,CS,F
15:00:00,INDF,RG,6975,7,F,RX,ZP,F
15:00:00,INDF,RG,6975,124,F,RX,AK,F
15:00:00,INDF,RG,6975,31,F,RX,ZP,D
14:49:58,INDF,RG,6950,1,F,AK,YP,D
14:49:57,INDF,RG,6900,3,F,RX,ZP,F
14:49:56,INDF,RG,6950,20,F,RX,YP,D
14:49:54,INDF,RG,6950,1,F,RX,YP,D
14:49:54,INDF,RG,6900,1,F,RX,YU,F
14:49:52,INDF,RG,6900,7,F,RX,ZP,F
14:49:47,INDF,RG,6950,27,F,RX,YP,D
14:49:45,INDF,RG,6950,1,F,AK,YP,D
14:49:45,INDF,RG,6900,8,F,RX,ZP,F
14:49:40,INDF,RG,6900,1,F,RX,YU,F
14:49:38,INDF,RG,6900,7,F,RX,ZP,F
14:49:37,INDF,RG,6950,7,F,RX,YP,D
14:49:36,INDF,RG,6950,9,F,AK,YP,D
14:49:36,INDF,RG,6925,1,F,AK,YP,D
14:49:35,INDF,RG,6950,3,F,RX,YP,D
14:49:33,INDF,RG,6950,24,F,RX,YP,D
14:49:30,INDF,RG,6900,13,F,RX,ZP,F
14:49:30,INDF,RG,6950,6,F,ZP,YP,D
14:49:29,INDF,RG,6950,20,F,BK,YP,D
14:49:26,INDF,RG,6900,1,F,RX,YU,F
14:49:24,INDF,RG,6950,37,F,RX,YP,D
14:49:24,INDF,RG,6950,2,F,RX,CC,D
14:49:22,INDF,RG,6900,2,F,RX,ZP,F
14:49:15,INDF,RG,6950,3,F,RX,DR,D
14:49:15,INDF,RG,6950,2,F,RX,YP,D
14:49:15,INDF,RG,6950,5,F,RX,ZP,D
14:49:15,INDF,RG,6950,30,F,RX,NI,D
14:49:15,INDF,RG,6950,4,F,RX,YP,D
14:49:15,INDF,RG,6950,1,F,RX,YP,D
14:49:15,INDF,RG,6950,1,F,RX,YP,D
14:49:14,INDF,RG,6950,2,F,BK,NI,D
14:49:14,INDF,RG,6950,10,F,BK,CC,D
14:49:09,INDF,RG,6950,3,F,BK,CC,D
14:49:09,INDF,RG,6950,2,F,BK,NI,D
14:49:09,INDF,RG,6950,25,F,BK,GR,D
14:49:09,INDF,RG,6950,2,F,BK,PD,D
14:49:04,INDF,RG,6900,41,F,RX,ZP,F
14:49:04,INDF,RG,6925,29,F,ZP,ZP,F
14:49:04,INDF,RG,6925,6,F,BK,ZP,F
14:49:04,INDF,RG,6925,1,F,BK,XC,D
14:49:04,INDF,RG,6925,5,F,BK,ZP,F
14:48:59,INDF,RG,6925,12,F,BK,ZP,F
14:48:53,INDF,RG,6925,2,F,RX,ZP,F
14:48:53,INDF,RG,6925,18,F,RX,ZP,F
14:48:53,INDF,RG,6925,10,F,RX,ZP,F
14:48:53,INDF,RG,6925,5,F,RX,CC,D
14:48:53,INDF,RG,6925,3,F,RX,BK,F
14:48:47,INDF,RG,6925,12,F,BK,BK,F
14:48:45,INDF,RG,6925,5,F,AK,BK,F
14:48:44,INDF,RG,6925,47,F,ZP,BK,F
14:48:44,INDF,RG,6925,38,F,RX,BK,F
14:48:35,INDF,RG,6925,11,F,RX,BK,F
14:48:35,INDF,RG,6925,10,F,RX,YP,D
14:48:35,INDF,RG,6925,9,F,RX,ZP,F
14:48:30,INDF,RG,6925,1,F,AK,ZP,F
14:48:28,INDF,RG,6900,4,F,RX,NI,D
14:48:27,INDF,RG,6925,6,F,RX,ZP,F
14:48:27,INDF,RG,6925,7,F,RX,YU,F
14:48:27,INDF,RG,6925,20,F,RX,ZP,F
14:48:25,INDF,RG,6900,1,F,RX,YU,F
14:48:19,INDF,RG,6925,32,F,RX,ZP,F
14:48:18,INDF,RG,6900,1,F,RX,YU,F
14:48:15,INDF,RG,6925,1,F,AK,ZP,F
14:48:11,INDF,RG,6925,25,F,RX,ZP,F
14:48:10,INDF,RG,6900,1,F,RX,YU,F
14:48:04,INDF,RG,6900,21,F,RX,KZ,D
14:48:04,INDF,RG,6900,10,F,CC,KZ,D
14:48:04,INDF,RG,6900,33,F,BK,KZ,D
14:48:00,INDF,RG,6925,13,F,BK,ZP,F
14:48:00,INDF,RG,6925,32,F,RX,ZP,F
14:48:00,INDF,RG,6925,10,F,RX,ZP,F
14:48:00,INDF,RG,6925,28,F,ZP,ZP,F
14:47:52,INDF,RG,6900,1,F,BK,NI,D
14:47:50,INDF,RG,6925,6,F,RX,ZP,F
14:47:50,INDF,RG,6925,1,F,RX,NI,D
14:47:50,INDF,RG,6925,39,F,RX,DR,D
14:47:45,INDF,RG,6925,2,F,AK,DR,D
14:47:44,INDF,RG,6900,1,F,BK,CS,D
14:47:39,INDF,RG,6900,1,F,BK,CS,D
14:47:39,INDF,RG,6900,3,F,BK,CS,D
14:47:38,INDF,RG,6925,9,F,RX,DR,D
14:47:38,INDF,RG,6925,26,F,RX,CC,D
14:47:35,INDF,RG,6900,4,F,BK,CS,D
14:47:31,INDF,RG,6900,8,F,BK,CS,D
14:47:30,INDF,RG,6925,4,F,RX,CC,D
14:47:30,INDF,RG,6925,1,F,RX,PD,D
14:47:30,INDF,RG,6925,1,F,RX,PD,D
14:47:30,INDF,RG,6925,2,F,RX,ZP,F
14:47:30,INDF,RG,6925,38,F,RX,AG,D
14:47:30,INDF,RG,6925,1,F,AK,AG,D
14:47:24,INDF,RG,6900,5,F,BK,CS,D
14:47:19,INDF,RG,6900,4,F,BK,CS,D
14:47:19,INDF,RG,6900,1,F,ZP,CS,D
14:47:19,INDF,RG,6925,11,F,RX,AG,D
14:47:19,INDF,RG,6925,32,F,RX,BK,F
14:47:18,INDF,RG,6925,13,F,BK,BK,F
14:47:16,INDF,RG,6900,10,F,ZP,CP,D
14:47:14,INDF,RG,6900,6,F,ZP,CS,D
14:47:09,INDF,RG,6900,2,F,ZP,CS,D
14:47:09,INDF,RG,6900,4,F,ZP,CS,D
14:47:09,INDF,RG,6900,3,F,ZP,HP,D
14:47:09,INDF,RG,6925,72,F,RX,BK,F
14:47:09,INDF,RG,6925,1,F,RX,YP,D
14:47:09,INDF,RG,6925,5,F,RX,YU,F
14:47:09,INDF,RG,6925,1,F,RX,YP,D
14:47:09,INDF,RG,6925,2,F,RX,KK,D
14:47:09,INDF,RG,6925,5,F,RX,XL,D
14:47:09,INDF,RG,6925,9,F,RX,GR,D
14:47:05,INDF,RG,6925,13,F,BK,GR,D
14:47:03,INDF,RG,6900,4,F,ZP,CS,D
14:47:00,INDF,RG,6900,3,F,ZP,CS,D
14:47:00,INDF,RG,6925,28,F,ZP,GR,D
14:46:58,INDF,RG,6925,40,F,RX,GR,D
14:46:57,INDF,RG,6925,1,F,AK,AK,F
14:46:56,INDF,RG,6900,3,F,ZP,CS,D
14:46:51,INDF,RG,6900,2,F,ZP,CS,D
14:46:51,INDF,RG,6925,32,F,RX,AK,F
14:46:50,INDF,RG,6925,13,F,BK,AK,F
14:46:49,INDF,RG,6900,4,F,RX,YP,D
14:46:45,INDF,RG,6900,6,F,ZP,YP,D
14:46:45,INDF,RG,6900,18,F,ZP,ZP,F
14:46:45,INDF,RG,6900,5,F,ZP,ZP,F
14:46:45,INDF,RG,6900,2,F,ZP,CS,D
14:46:45,INDF,RG,6900,2,F,ZP,CS,D
14:46:45,INDF,RG,6900,3,F,ZP,ZP,F
14:46:45,INDF,RG,6900,1,F,AK,ZP,F
14:46:41,INDF,RG,6900,12,F,RX,ZP,F
14:46:41,INDF,RG,6900,2,F,RX,CS,D
14:46:41,INDF,RG,6900,6,F,RX,YP,D
14:46:41,INDF,RG,6900,5,F,RX,YP,D
14:46:41,INDF,RG,6900,21,F,RX,ZP,F
14:46:36,INDF,RG,6900,1,F,AK,ZP,F
14:46:36,INDF,RG,6900,2,F,BK,ZP,F
14:46:36,INDF,RG,6900,11,F,BK,KZ,D
14:46:32,INDF,RG,6900,2,F,AK,KZ,D
14:46:31,INDF,RG,6900,3,F,AK,KZ,D
14:46:31,INDF,RG,6900,16,F,RX,KZ,D
14:46:31,INDF,RG,6900,24,F,RX,KZ,D
14:46:30,INDF,RG,6875,4,D,YP,YU,D
14:46:22,INDF,RG,6900,6,F,AK,KZ,D
14:46:22,INDF,RG,6900,1,F,RX,KZ,D
14:46:22,INDF,RG,6900,7,F,RX,YU,D
14:46:22,INDF,RG,6900,17,F,RX,ZP,F
14:46:22,INDF,RG,6900,16,F,RX,ZP,F
14:46:21,INDF,RG,6900,7,F,BK,ZP,F
14:46:21,INDF,RG,6900,6,F,BK,ZP,F
14:46:13,INDF,RG,6900,2,F,AK,ZP,F
14:46:13,INDF,RG,6900,10,F,AK,ZP,F
14:46:13,INDF,RG,6900,10,F,RX,ZP,F
14:46:13,INDF,RG,6900,9,F,RX,ZP,F
14:46:13,INDF,RG,6900,31,F,RX,CS,D
14:46:05,INDF,RG,6900,12,F,BK,CS,D
14:46:02,INDF,RG,6900,21,F,RX,CS,D
14:46:02,INDF,RG,6900,7,F,RX,ZP,F
14:46:02,INDF,RG,6900,8,F,RX,ZP,F
14:46:02,INDF,RG,6900,9,F,RX,ZP,F
14:46:00,INDF,RG,6875,1,D,YP,YU,D
14:45:52,INDF,RG,6900,7,F,RX,ZP,F
14:45:52,INDF,RG,6900,4,F,RX,ZP,F
14:45:52,INDF,RG,6900,5,F,RX,ZP,F
14:45:52,INDF,RG,6900,58,F,RX,ZP,F
14:45:52,INDF,RG,6900,3,F,RX,ZP,F
14:45:52,INDF,RG,6900,6,F,RX,ZP,F
14:45:51,INDF,RG,6900,2,F,BK,ZP,F
14:45:51,INDF,RG,6900,4,F,BK,ZP,F
14:45:51,INDF,RG,6900,2,F,BK,ZP,F
14:45:51,INDF,RG,6900,3,F,BK,ZP,F
14:45:51,INDF,RG,6900,2,F,BK,YU,F
14:45:45,INDF,RG,6900,11,F,AK,YU,F
14:45:45,INDF,RG,6900,17,F,AK,ZP,F
14:45:45,INDF,RG,6900,2,F,AK,ZP,F
14:45:45,INDF,RG,6900,23,F,AK,CS,D
14:45:33,INDF,RG,6900,45,F,RX,CS,D
14:45:33,INDF,RG,6900,13,F,BK,CS,D
14:45:30,INDF,RG,6900,3,F,AK,CS,D
14:45:30,INDF,RG,6900,18,F,ZP,CS,D
14:45:29,INDF,RG,6875,4,D,YP,YU,F
14:45:23,INDF,RG,6900,37,F,RX,CS,D
14:45:23,INDF,RG,6900,2,F,RX,ZP,F
14:45:23,INDF,RG,6900,2,F,RX,ZP,F
14:45:23,INDF,RG,6900,2,F,RX,ZP,F
14:45:23,INDF,RG,6900,4,F,RX,LS,D
14:45:23,INDF,RG,6900,2,F,RX,ZP,F
14:45:23,INDF,RG,6900,1,F,RX,ZP,F
14:45:16,INDF,RG,6900,1,F,BK,ZP,F
14:45:16,INDF,RG,6900,5,F,BK,LS,D
14:45:16,INDF,RG,6900,8,F,BK,ZP,F
14:45:15,INDF,RG,6900,1,F,AK,ZP,F
14:45:12,INDF,RG,6900,7,F,RX,ZP,F
14:45:12,INDF,RG,6900,2,F,RX,ZP,F
14:45:12,INDF,RG,6900,2,F,RX,ZP,F
14:45:12,INDF,RG,6900,21,F,RX,ZP,F
14:45:12,INDF,RG,6900,2,F,RX,ZP,F
14:45:12,INDF,RG,6900,2,F,RX,ZP,F
14:45:12,INDF,RG,6900,9,F,RX,AK,F
14:45:02,INDF,RG,6900,18,F,ZP,AK,F
14:45:02,INDF,RG,6900,27,F,RX,AK,F
14:45:02,INDF,RG,6900,2,F,RX,CC,D
14:44:57,INDF,RG,6900,12,F,BK,CC,D
14:44:54,INDF,RG,6900,25,F,RX,CC,D
14:44:52,INDF,RG,6900,2,D,OD,CC,D
14:44:46,INDF,RG,6900,25,F,RX,CC,D
14:44:40,INDF,RG,6900,14,F,BK,CC,D
14:44:38,INDF,RG,6900,65,F,RX,CC,D
14:44:36,INDF,RG,6900,18,F,ZP,CC,D
14:44:17,INDF,RG,6900,25,F,RX,CC,D
14:44:09,INDF,RG,6900,176,F,RX,CC,D
14:44:09,INDF,RG,6900,1,F,RX,XC,D
14:44:09,INDF,RG,6900,4,F,RX,CS,D
14:44:00,INDF,RG,6900,19,F,ZP,CS,D
14:43:10,INDF,RG,6900,34,F,RX,CS,D
14:43:07,INDF,RG,6900,19,F,ZP,CS,D
14:42:59,INDF,RG,6900,35,F,RX,CS,D
14:42:48,INDF,RG,6900,7,F,RX,CS,D
14:42:48,INDF,RG,6900,24,F,RX,KZ,D
14:42:48,INDF,RG,6900,2,D,OD,KZ,D
14:42:38,INDF,RG,6900,68,F,RX,KZ,D
14:42:35,INDF,RG,6900,18,F,ZP,KZ,D
14:42:16,INDF,RG,6900,29,F,RX,KZ,D
14:42:07,INDF,RG,6900,14,F,RX,KZ,D
14:42:07,INDF,RG,6900,25,F,RX,ZP,F
14:42:07,INDF,RG,6900,7,F,RX,YU,F
14:42:07,INDF,RG,6900,4,F,RX,ZP,F
14:42:07,INDF,RG,6900,11,F,RX,KZ,D
14:42:07,INDF,RG,6900,4,F,RX,ZP,F
14:42:07,INDF,RG,6900,3,F,RX,ZP,F
14:42:07,INDF,RG,6900,18,F,RX,CS,D
14:42:05,INDF,RG,6900,19,F,ZP,CS,D
14:41:39,INDF,RG,6900,29,F,RX,CS,D
14:41:32,INDF,RG,6900,1,D,NI,CS,D
14:41:30,INDF,RG,6900,5,D,KK,CS,D
14:41:30,INDF,RG,6900,17,F,RX,CS,D
14:41:30,INDF,RG,6900,3,F,RX,ZP,F
14:41:30,INDF,RG,6900,15,F,RX,ZP,F
14:41:26,INDF,RG,6900,1,D,OD,ZP,F
14:41:00,INDF,RG,6900,14,F,ZP,ZP,F
14:41:00,INDF,RG,6900,5,F,ZP,CS,D
14:41:00,INDF,RG,6900,1,F,AK,CS,D
14:40:30,INDF,RG,6900,11,F,ZP,CS,D
14:40:30,INDF,RG,6900,8,F,ZP,ZP,F
14:40:30,INDF,RG,6900,10,F,AK,LG,D
14:40:30,INDF,RG,6900,1,F,AK,ZP,F
14:40:04,INDF,RG,6900,15,F,ZP,ZP,F
14:40:04,INDF,RG,6900,4,F,ZP,ZP,F
14:40:03,INDF,RG,6900,1,D,OD,ZP,F
14:39:01,INDF,RG,6900,18,F,ZP,ZP,F
14:39:01,INDF,RG,6900,16,F,AK,ZP,F
14:39:01,INDF,RG,6900,7,F,AK,ZP,F
14:39:01,INDF,RG,6900,1,F,AK,YP,D
14:39:01,INDF,RG,6900,1,F,AK,YP,D
14:39:01,INDF,RG,6900,148,F,RX,CS,D
14:39:01,INDF,RG,6900,7,F,RX,YU,F
14:39:01,INDF,RG,6900,122,F,RX,BK,F
14:39:01,INDF,RG,6900,23,F,RX,IF,D
14:38:43,INDF,RG,6900,7,F,RX,IF,D
14:38:43,INDF,RG,6900,9,F,RX,ZP,F
14:38:42,INDF,RG,6900,1,D,NI,ZP,F
14:38:41,INDF,RG,6900,2,D,OD,ZP,F
14:38:32,INDF,RG,6900,2,F,ZP,ZP,F
14:38:32,INDF,RG,6900,5,F,ZP,LS,D
14:38:32,INDF,RG,6900,12,F,ZP,ZP,F
14:38:32,INDF,RG,6900,17,F,RX,ZP,F
14:38:32,INDF,RG,6900,3,F,RX,ZP,F
14:38:23,INDF,RG,6875,2,D,YP,PD,D
14:38:19,INDF,RG,6900,5,F,RX,ZP,F
14:38:19,INDF,RG,6900,9,F,RX,ZP,F
14:38:19,INDF,RG,6900,16,F,RX,ZP,F
14:38:19,INDF,RG,6900,34,F,RX,AK,F
14:38:09,INDF,RG,6900,8,F,ZP,AK,F
14:38:09,INDF,RG,6900,9,F,ZP,YU,F
14:38:09,INDF,RG,6900,2,F,ZP,ZP,F
14:37:36,INDF,RG,6900,17,F,RX,ZP,F
14:37:35,INDF,RG,6900,11,F,ZP,ZP,F
14:37:35,INDF,RG,6900,8,F,ZP,CS,D
14:37:24,INDF,RG,6900,1,F,RX,CS,D
14:37:24,INDF,RG,6900,28,F,RX,CS,D
14:37:19,INDF,RG,6900,1,D,OD,CS,D
14:37:03,INDF,RG,6900,63,F,RX,CS,D
14:37:00,INDF,RG,6900,18,F,ZP,CC,D
14:36:21,INDF,RG,6900,36,F,RX,CC,D
14:36:09,INDF,RG,6900,9,D,PD,CC,D
14:35:57,INDF,RG,6900,47,F,RX,CC,D
14:35:55,INDF,RG,6900,1,D,OD,CC,D
14:35:25,INDF,RG,6900,34,F,RX,CC,D
14:35:12,INDF,RG,6875,1,D,YP,NI,D
14:35:01,INDF,RG,6900,24,F,RX,CC,D
14:35:00,INDF,RG,6900,18,F,ZP,CC,D
14:34:45,INDF,RG,6900,9,F,RX,CC,D
14:34:45,INDF,RG,6900,19,F,RX,ZP,F
14:34:29,INDF,RG,6900,2,D,OD,ZP,F
14:34:26,INDF,RG,6900,16,F,RX,ZP,F
14:34:26,INDF,RG,6900,5,F,RX,CC,F
14:34:26,INDF,RG,6900,7,F,RX,ZP,F
14:34:21,INDF,RG,6875,1,D,YP,NI,D
14:34:07,INDF,RG,6900,4,F,RX,ZP,F
14:34:07,INDF,RG,6900,50,F,RX,ZP,F
14:34:07,INDF,RG,6900,11,F,RX,CS,D
14:34:07,INDF,RG,6900,7,F,RX,ZP,F
14:34:07,INDF,RG,6900,43,F,RX,CS,D
14:34:00,INDF,RG,6900,13,F,ZP,CS,D
14:34:00,INDF,RG,6900,1,F,ZP,CC,D
14:34:00,INDF,RG,6900,5,F,ZP,YU,F
14:34:00,INDF,RG,6900,1,F,AK,YU,F
14:33:22,INDF,RG,6900,1,D,KK,YU,F
14:33:06,INDF,RG,6900,1,F,ZP,YU,F
14:33:06,INDF,RG,6900,18,F,ZP,ZP,F
14:33:05,INDF,RG,6900,1,D,OD,ZP,F
14:33:00,INDF,RG,6875,2,D,YP,YU,D
14:33:00,INDF,RG,6875,3,D,YJ,YU,D
14:32:48,INDF,RG,6900,16,F,RX,ZP,F
14:32:48,INDF,RG,6900,11,F,RX,CS,D
14:32:45,INDF,RG,6900,5,F,AK,CS,D
14:32:45,INDF,RG,6900,27,F,AK,CS,D
14:32:45,INDF,RG,6900,14,F,AK,CS,D
14:32:45,INDF,RG,6900,1,F,AK,DH,D
14:32:45,INDF,RG,6900,30,F,AK,KZ,D
14:32:45,INDF,RG,6900,2,D,XL,KZ,D
14:32:30,INDF,RG,6900,30,F,RX,KZ,D
14:32:19,INDF,RG,6900,2,D,AZ,KZ,D
14:32:10,INDF,RG,6900,28,F,RX,KZ,D
14:32:06,INDF,RG,6900,19,F,ZP,KZ,D
14:31:51,INDF,RG,6900,27,F,RX,KZ,D
14:31:39,INDF,RG,6900,2,D,OD,KZ,D
14:31:32,INDF,RG,6900,14,F,RX,KZ,D
14:31:32,INDF,RG,6900,14,F,RX,ZP,F
14:31:13,INDF,RG,6900,2,F,RX,ZP,F
14:31:13,INDF,RG,6900,82,F,RX,ZP,F
14:31:13,INDF,RG,6900,9,F,RX,CS,D
14:31:13,INDF,RG,6900,1,F,RX,PD,D
14:31:13,INDF,RG,6900,1,F,RX,YP,D
14:31:10,INDF,RG,6900,7,F,ZP,YU,F
14:31:10,INDF,RG,6900,12,F,ZP,ZP,F
14:30:36,INDF,RG,6875,1,D,YJ,CC,D
14:30:30,INDF,RG,6900,14,F,AK,ZP,F
14:30:24,INDF,RG,6875,1,D,YJ,XC,D
14:30:23,INDF,RG,6875,4,D,YJ,XC,D
14:30:14,INDF,RG,6900,1,D,OD,ZP,F
14:30:08,INDF,RG,6900,2,F,RX,ZP,F
14:30:08,INDF,RG,6900,7,F,RX,CS,D
14:30:08,INDF,RG,6900,2,F,RX,CS,D
14:30:08,INDF,RG,6900,1,F,RX,XC,D
14:30:08,INDF,RG,6900,17,F,RX,ZP,F
14:30:08,INDF,RG,6900,29,F,RX,CS,D
14:30:00,INDF,RG,6900,4,F,ZP,CS,D
14:30:00,INDF,RG,6900,15,F,ZP,CS,D
14:29:28,INDF,RG,6875,3,D,YJ,XL,D
14:29:27,INDF,RG,6900,9,F,RX,CS,D
14:29:27,INDF,RG,6900,8,F,RX,ZP,F
14:29:22,INDF,RG,6900,10,D,IF,ZP,F
14:29:15,INDF,RG,6900,3,F,RX,ZP,F
14:29:15,INDF,RG,6900,19,F,RX,CS,D
14:29:07,INDF,RG,6900,19,F,ZP,CS,D
14:28:59,INDF,RG,6900,12,F,RX,CS,D
14:28:59,INDF,RG,6900,24,F,RX,ZP,F
14:28:52,INDF,RG,6900,1,D,OD,ZP,F
14:28:33,INDF,RG,6900,19,F,RX,ZP,F
14:28:32,INDF,RG,6900,1,D,GR,ZP,F
14:28:32,INDF,RG,6900,16,D,GR,ZP,F
14:28:32,INDF,RG,6900,8,D,GR,YU,F
14:28:32,INDF,RG,6900,10,D,GR,CS,D
14:28:32,INDF,RG,6900,1,D,GR,YP,D
14:28:32,INDF,RG,6900,1,D,GR,YP,D
14:28:20,INDF,RG,6900,22,F,RX,ZP,F
14:28:05,INDF,RG,6900,36,F,RX,ZP,F
14:28:05,INDF,RG,6900,2,F,RX,ZP,F
14:28:05,INDF,RG,6900,1,F,RX,CC,D
14:28:01,INDF,RG,6900,18,F,ZP,CC,D
14:28:01,INDF,RG,6900,8,D,XC,CC,D
14:27:56,INDF,RG,6900,1,D,XC,CC,D
14:27:56,INDF,RG,6900,3,D,NI,CC,D
14:27:37,INDF,RG,6900,22,F,RX,CC,D
14:27:30,INDF,RG,6900,1,F,AK,CC,D
14:27:28,INDF,RG,6900,2,D,OD,CC,D
14:27:22,INDF,RG,6900,19,F,ZP,CC,D
14:27:22,INDF,RG,6900,72,F,RX,CC,D
14:27:18,INDF,RG,6900,18,F,ZP,CC,D
14:26:41,INDF,RG,6875,2,D,YJ,SQ,D
14:26:04,INDF,RG,6900,1,D,OD,CC,D
14:26:01,INDF,RG,6900,19,F,ZP,CC,D
14:26:01,INDF,RG,6875,1,D,YJ,YP,D
14:25:45,INDF,RG,6875,5,D,YJ,PD,D
14:25:23,INDF,RG,6900,2,D,KK,CC,D
14:25:14,INDF,RG,6875,2,D,YJ,YP,D
14:25:05,INDF,RG,6900,8,F,ZP,CC,D
14:25:05,INDF,RG,6900,7,F,ZP,CS,D
14:25:05,INDF,RG,6900,3,F,ZP,CS,D
14:24:42,INDF,RG,6900,1,D,OD,CS,D
14:24:16,INDF,RG,6875,20,D,YJ,YP,D
14:24:06,INDF,RG,6900,7,F,ZP,CS,D
14:24:06,INDF,RG,6900,13,F,ZP,ZP,F
14:23:44,INDF,RG,6900,2,D,EP,ZP,F
14:23:44,INDF,RG,6900,28,D,EP,ZP,F
14:22:13,INDF,RG,6900,12,D,XC,ZP,F
14:22:09,INDF,RG,6900,2,D,OD,ZP,F
14:22:09,INDF,RG,6900,2,F,CC,ZP,F
14:22:09,INDF,RG,6900,19,F,ZP,ZP,F
14:22:09,INDF,RG,6900,106,F,RX,ZP,F
14:22:09,INDF,RG,6900,7,F,RX,KZ,D
14:22:09,INDF,RG,6900,19,F,ZP,KZ,D
14:22:09,INDF,RG,6900,15,D,EP,KZ,D
14:22:09,INDF,RG,6900,138,F,RX,KZ,D
14:22:09,INDF,RG,6900,3,D,PD,KZ,D
14:22:09,INDF,RG,6900,1,D,YP,KZ,D
14:22:09,INDF,RG,6900,4,D,XL,KZ,D
14:22:09,INDF,RG,6900,1,D,XC,KZ,D
14:22:09,INDF,RG,6900,14,F,RX,KZ,D
14:22:06,INDF,RG,6900,100,F,RX,PD,D
14:22:00,INDF,RG,6900,180,F,RX,CC,D
14:22:00,INDF,RG,6900,10,D,ZP,CC,D
14:22:00,INDF,RG,6900,1,F,CC,CC,D
14:22:00,INDF,RG,6900,10,F,ZP,CC,D
14:21:57,INDF,RG,6925,2,D,NI,AK,F
14:21:50,INDF,RG,6925,1,D,OD,AK,F
14:21:37,INDF,RG,6925,18,F,ZP,AK,F
14:21:37,INDF,RG,6900,2,F,ZP,PD,D
14:20:56,INDF,RG,6925,35,F,RX,AK,F
14:20:52,INDF,RG,6900,5,F,ZP,XC,D
14:20:41,INDF,RG,6925,8,F,RX,AK,F
14:20:41,INDF,RG,6925,9,F,RX,CS,D
14:20:41,INDF,RG,6925,8,F,RX,CS,D
14:20:41,INDF,RG,6925,5,F,RX,ZP,F
14:20:41,INDF,RG,6925,1,F,RX,DH,D
14:20:41,INDF,RG,6925,43,F,RX,CS,D
14:20:41,INDF,RG,6925,62,F,RX,CS,D
14:20:41,INDF,RG,6925,12,F,RX,ZP,F
14:20:26,INDF,RG,6925,1,D,OD,ZP,F
14:19:52,INDF,RG,6900,1,F,ZP,YP,D
14:19:24,INDF,RG,6900,2,F,ZP,NI,D
14:19:07,INDF,RG,6900,5,F,ZP,KK,D
14:19:06,INDF,RG,6925,2,F,RX,ZP,F
14:19:06,INDF,RG,6925,3,F,RX,ZP,F
14:19:06,INDF,RG,6925,1,F,RX,ZP,F
14:19:06,INDF,RG,6925,2,F,RX,ZP,F
14:19:06,INDF,RG,6925,7,F,RX,YU,F
14:19:06,INDF,RG,6925,4,F,RX,ZP,F
14:19:02,INDF,RG,6925,18,F,ZP,ZP,F
14:19:02,INDF,RG,6925,2,D,OD,ZP,F
14:18:46,INDF,RG,6925,7,F,RX,ZP,F
14:18:46,INDF,RG,6925,2,F,RX,ZP,F
14:18:46,INDF,RG,6925,1,F,RX,YP,D
14:18:46,INDF,RG,6925,5,F,RX,YP,D
14:18:46,INDF,RG,6925,53,F,RX,KK,D
14:18:38,INDF,RG,6925,2,D,HP,KK,D
14:17:40,INDF,RG,6925,22,F,RX,KK,D
14:17:40,INDF,RG,6925,1,D,OD,KK,D
14:17:36,INDF,RG,6925,8,F,AK,KK,D
14:17:18,INDF,RG,6925,14,F,ZP,KK,D
14:17:18,INDF,RG,6925,1,F,ZP,YP,D
14:17:18,INDF,RG,6925,1,F,ZP,CP,D
14:17:18,INDF,RG,6925,2,F,ZP,CC,D
14:17:18,INDF,RG,6925,4,F,RX,ZP,F
14:17:18,INDF,RG,6925,1,F,RX,PD,D
14:17:18,INDF,RG,6925,9,F,RX,KZ,D
14:17:18,INDF,RG,6925,10,F,RX,GR,D
14:17:18,INDF,RG,6925,1,F,RX,KZ,D
14:16:53,INDF,RG,6925,11,F,RX,KZ,D
14:16:53,INDF,RG,6925,2,F,RX,YP,D
14:16:53,INDF,RG,6925,1,F,RX,CC,D
14:16:53,INDF,RG,6925,3,F,RX,OD,D
14:16:53,INDF,RG,6925,3,F,RX,SQ,D
14:16:37,INDF,RG,6900,10,F,ZP,NI,D
14:16:33,INDF,RG,6925,17,F,RX,SQ,D
14:16:33,INDF,RG,6925,5,F,RX,EP,D
14:16:33,INDF,RG,6925,1,F,RX,PD,D
14:16:30,INDF,RG,6900,1,F,ZP,IF,D
14:16:15,INDF,RG,6925,1,D,OD,YU,D
14:16:15,INDF,RG,6925,1,D,OD,XC,D
14:16:11,INDF,RG,6925,2,F,RX,XC,D
14:16:11,INDF,RG,6925,23,F,RX,ZP,D
14:15:47,INDF,RG,6925,18,F,ZP,ZP,D
14:15:47,INDF,RG,6925,14,F,RX,ZP,D
14:15:47,INDF,RG,6925,3,F,RX,DR,D
14:15:29,INDF,RG,6925,2,F,RX,YP,D
14:15:29,INDF,RG,6925,6,F,RX,CC,D
14:15:29,INDF,RG,6925,62,F,RX,NI,D
14:15:08,INDF,RG,6925,19,F,ZP,NI,D
14:14:14,INDF,RG,6925,48,F,RX,NI,D
14:14:14,INDF,RG,6925,18,F,ZP,NI,D
14:13:21,INDF,RG,6925,36,F,RX,NI,D
14:13:14,INDF,RG,6900,1,D,OD,XC,D
14:13:09,INDF,RG,6900,4,F,AK,CS,D
14:13:09,INDF,RG,6900,5,F,AK,ZP,F
14:13:09,INDF,RG,6900,15,F,AK,ZP,F
14:13:09,INDF,RG,6900,18,D,YP,ZP,F
14:13:09,INDF,RG,6900,5,D,YP,CS,D
14:13:09,INDF,RG,6900,7,D,YP,ZP,F
14:13:09,INDF,RG,6900,28,D,YP,CS,D
14:13:09,INDF,RG,6900,123,D,YP,BK,F
14:13:09,INDF,RG,6900,19,D,YP,CS,D
14:12:39,INDF,RG,6900,16,F,RX,CS,D
14:12:35,INDF,RG,6875,1,D,YJ,PD,D
14:12:21,INDF,RG,6900,5,F,RX,CS,D
14:12:21,INDF,RG,6900,4,F,RX,ZP,F
14:12:21,INDF,RG,6900,4,F,RX,ZP,F
14:12:21,INDF,RG,6900,1,F,RX,ZP,F
14:12:12,INDF,RG,6900,4,D,AI,ZP,F
14:12:12,INDF,RG,6900,4,D,AI,YU,F
14:12:12,INDF,RG,6900,3,D,AI,ZP,F
14:12:12,INDF,RG,6900,23,D,AI,ZP,F
14:12:12,INDF,RG,6900,16,D,AI,EP,D
14:12:06,INDF,RG,6900,18,F,RX,EP,D
14:12:05,INDF,RG,6900,19,F,ZP,EP,D
14:11:59,INDF,RG,6900,1,D,OD,EP,D
14:11:45,INDF,RG,6900,7,F,RX,EP,D
14:11:45,INDF,RG,6900,1,F,RX,YP,D
14:11:45,INDF,RG,6900,5,F,RX,CS,D
14:11:45,INDF,RG,6900,74,F,RX,CC,D
14:11:35,INDF,RG,6875,6,D,YJ,NI,D
14:11:16,INDF,RG,6900,13,F,RX,CC,D
14:10:35,INDF,RG,6900,1,D,OD,CC,D
14:08:49,INDF,RG,6900,42,F,AK,CC,D
14:08:49,INDF,RG,6900,31,F,AK,CC,D
14:08:49,INDF,RG,6900,145,F,RX,CC,D
14:08:49,INDF,RG,6900,200,F,RX,CC,D
14:08:49,INDF,RG,6900,5,F,RX,CS,D
14:08:49,INDF,RG,6900,4,F,RX,YU,D
14:08:49,INDF,RG,6900,10,F,RX,KK,D
14:08:49,INDF,RG,6900,1,F,RX,AZ,D
14:08:49,INDF,RG,6900,14,F,RX,NI,D
14:08:49,INDF,RG,6900,7,F,RX,CS,D
14:08:49,INDF,RG,6900,20,F,RX,CS,D
14:08:49,INDF,RG,6900,2,F,RX,CC,D
14:08:49,INDF,RG,6900,1,F,RX,YP,D
14:08:49,INDF,RG,6900,24,F,RX,CS,D
14:08:49,INDF,RG,6900,30,F,RX,CS,D
14:08:49,INDF,RG,6900,62,F,RX,CS,D
14:08:49,INDF,RG,6900,52,F,RX,NI,D
14:08:49,INDF,RG,6900,7,F,RX,CC,D
14:08:49,INDF,RG,6900,200,F,RX,NI,D
14:08:49,INDF,RG,6900,1,F,RX,XL,D
14:08:49,INDF,RG,6900,4,F,RX,CS,D
14:08:49,INDF,RG,6900,189,F,RX,CC,D
14:08:49,INDF,RG,6900,2,F,RX,CS,D
14:08:49,INDF,RG,6900,3,F,RX,CS,D
14:08:49,INDF,RG,6900,67,F,RX,CS,D
14:08:23,INDF,RG,6875,15,D,YJ,CC,D
14:08:19,INDF,RG,6875,35,D,YJ,CC,D
14:07:28,INDF,RG,6875,1,D,YJ,YP,D
14:07:19,INDF,RG,6875,18,F,ZP,AK,F
14:07:19,INDF,RG,6875,1,D,OD,AK,F
14:07:19,INDF,RG,6875,9,F,AK,CS,D
14:07:19,INDF,RG,6875,1,F,AK,CS,D
14:07:19,INDF,RG,6875,4,F,AK,ZP,F
14:07:19,INDF,RG,6875,8,F,AK,YU,F
14:07:19,INDF,RG,6875,2,F,AK,ZP,F
14:07:19,INDF,RG,6875,1,F,RX,ZP,F
14:07:19,INDF,RG,6875,50,F,RX,SQ,D
14:07:02,INDF,RG,6850,2,D,GR,OD,D
14:07:01,INDF,RG,6850,4,D,GR,XC,D
14:06:36,INDF,RG,6850,3,D,GR,CS,D
14:06:36,INDF,RG,6875,8,F,RX,YU,F
14:06:36,INDF,RG,6875,205,F,RX,ZP,F
14:06:36,INDF,RG,6875,3,F,RX,ZP,F
14:06:36,INDF,RG,6875,37,F,RX,AK,F
14:06:36,INDF,RG,6875,16,F,RX,ZP,F
14:06:24,INDF,RG,6875,1,D,YP,ZP,F
14:06:24,INDF,RG,6850,31,D,GR,CS,D
14:06:24,INDF,RG,6875,25,D,SQ,ZP,F
14:06:24,INDF,RG,6875,2,D,XL,ZP,F
14:06:24,INDF,RG,6875,1,F,AK,ZP,F
14:06:24,INDF,RG,6875,100,D,YB,ZP,F
14:06:24,INDF,RG,6875,20,D,YB,ZP,F
14:06:24,INDF,RG,6875,10,D,YJ,ZP,F
14:06:24,INDF,RG,6875,10,D,XA,ZP,F
14:06:24,INDF,RG,6875,2,D,YP,ZP,F
14:06:24,INDF,RG,6875,1,D,XC,ZP,F
14:06:24,INDF,RG,6875,1,D,YP,ZP,F
14:06:24,INDF,RG,6875,1,D,AT,ZP,F
14:06:24,INDF,RG,6875,1,D,PD,ZP,F
14:06:24,INDF,RG,6875,1,D,PD,ZP,F
14:06:24,INDF,RG,6875,7,D,SQ,ZP,F
14:06:24,INDF,RG,6875,1,D,YU,ZP,F
14:06:24,INDF,RG,6875,1,F,AK,ZP,F
14:06:24,INDF,RG,6875,6,F,AK,ZP,F
14:06:24,INDF,RG,6875,4,D,XC,ZP,F
14:06:24,INDF,RG,6875,20,F,ZP,ZP,F
14:06:24,INDF,RG,6875,1,D,YP,ZP,F
14:06:24,INDF,RG,6875,19,F,ZP,ZP,F
14:06:24,INDF,RG,6875,5,D,XC,ZP,F
14:06:24,INDF,RG,6875,1,F,AK,ZP,F
14:06:24,INDF,RG,6875,1,F,AK,ZP,F
14:06:24,INDF,RG,6875,36,F,AK,ZP,F
14:06:24,INDF,RG,6875,6,F,AK,ZP,F
14:06:24,INDF,RG,6875,14,D,MG,ZP,F
14:06:24,INDF,RG,6875,37,F,BK,ZP,F
14:06:24,INDF,RG,6875,78,F,BK,KZ,D
14:06:21,INDF,RG,6875,77,F,BK,ZP,F
14:06:21,INDF,RG,6900,1,D,OD,CS,D
14:06:13,INDF,RG,6875,81,F,BK,AK,F
14:06:05,INDF,RG,6900,2,F,ZP,CS,D
14:06:05,INDF,RG,6900,1,F,ZP,YP,D
14:06:05,INDF,RG,6900,1,F,ZP,PD,D
14:06:05,INDF,RG,6900,15,F,ZP,ZP,F
14:05:54,INDF,RG,6900,1,F,RX,ZP,F
14:05:54,INDF,RG,6900,6,F,RX,YU,F
14:05:54,INDF,RG,6900,7,F,RX,YU,F
14:05:54,INDF,RG,6900,4,F,RX,ZP,F
14:05:54,INDF,RG,6900,1,F,RX,ZP,F
14:05:37,INDF,RG,6875,1,F,BK,XC,D
14:05:31,INDF,RG,6875,1,F,BK,NI,D
14:05:29,INDF,RG,6900,2,F,RX,ZP,F
14:05:29,INDF,RG,6900,24,F,RX,CS,D
14:05:27,INDF,RG,6900,2,F,RX,CS,D
14:05:09,INDF,RG,6875,83,F,BK,KZ,D
14:05:08,INDF,RG,6875,1,F,BK,YP,D
14:05:04,INDF,RG,6875,17,F,BK,ZP,F
14:05:04,INDF,RG,6875,86,F,BK,KZ,D
14:04:51,INDF,RG,6900,1,D,OD,CS,D
14:04:24,INDF,RG,6875,14,F,BK,HP,D
14:03:26,INDF,RG,6900,6,F,AK,CS,D
14:03:25,INDF,RG,6900,1,D,OD,ZP,F
14:03:19,INDF,RG,6900,3,F,RX,ZP,F
14:03:19,INDF,RG,6900,25,F,RX,ZP,F
14:03:17,INDF,RG,6900,2,F,RX,ZP,F
14:02:36,INDF,RG,6900,5,F,AK,ZP,F
14:02:11,INDF,RG,6875,128,F,BK,CS,D
14:02:10,INDF,RG,6875,1,F,BK,NI,D
14:02:03,INDF,RG,6900,5,F,RX,ZP,F
14:02:01,INDF,RG,6900,5,F,RX,ZP,F
14:01:29,INDF,RG,6875,6,F,BK,LG,D
14:01:21,INDF,RG,6900,19,F,ZP,ZP,F
14:01:21,INDF,RG,6875,1,F,BK,NI,D
14:00:47,INDF,RG,6875,1,F,BK,NI,D
14:00:33,INDF,RG,6900,1,D,OD,ZP,F
14:00:05,INDF,RG,6900,6,D,YP,ZP,F
14:00:05,INDF,RG,6900,5,D,YP,KK,D
14:00:05,INDF,RG,6900,1,D,YP,YP,D
14:00:05,INDF,RG,6900,1,D,YP,PD,D
14:00:05,INDF,RG,6900,1,D,YP,SQ,D
14:00:05,INDF,RG,6900,1,D,YP,ZP,F
13:59:56,INDF,RG,6900,3,F,RX,ZP,F
13:59:56,INDF,RG,6900,5,F,RX,NI,D
13:59:56,INDF,RG,6900,2,F,RX,YP,D
13:59:30,INDF,RG,6900,6,F,AK,YP,D
13:59:09,INDF,RG,6900,17,F,ZP,YP,D
13:59:09,INDF,RG,6900,2,F,ZP,NI,D
13:59:09,INDF,RG,6900,1,D,OD,NI,D
13:58:02,INDF,RG,6900,12,F,ZP,NI,D
13:58:02,INDF,RG,6900,6,F,ZP,XC,D
13:57:47,INDF,RG,6900,1,D,OD,XC,D
13:57:21,INDF,RG,6900,1,D,CC,XC,D
13:57:07,INDF,RG,6900,7,F,RX,XC,D
13:57:07,INDF,RG,6900,12,F,RX,XL,D
13:57:07,INDF,RG,6900,62,F,RX,CC,D
13:57:05,INDF,RG,6900,1,F,RX,CC,D
13:56:59,INDF,RG,6900,5,D,YB,CC,D
13:56:17,INDF,RG,6900,2,F,RX,CC,D
13:56:14,INDF,RG,6900,18,F,ZP,CC,D
13:56:00,INDF,RG,6900,1,F,AK,CC,D
13:55:53,INDF,RG,6900,22,F,RX,CC,D
13:55:51,INDF,RG,6900,10,F,RX,CC,D
13:55:45,INDF,RG,6900,6,F,AK,CC,D
13:55:35,INDF,RG,6900,18,F,ZP,CC,D
13:55:02,INDF,RG,6900,19,F,ZP,CC,D
13:54:59,INDF,RG,6900,1,D,OD,CC,D
13:54:55,INDF,RG,6875,16,F,BK,ZP,F
13:53:33,INDF,RG,6900,1,D,OD,CC,D
13:53:05,INDF,RG,6900,19,F,ZP,CC,D
13:52:13,INDF,RG,6900,1,D,OD,CC,D
13:51:45,INDF,RG,6900,7,F,AK,CC,D
13:51:07,INDF,RG,6875,1,F,BK,HP,D
13:51:05,INDF,RG,6900,18,F,ZP,CC,D
13:50:54,INDF,RG,6900,145,F,RX,CC,D
13:50:52,INDF,RG,6900,1,F,RX,CC,D
13:50:36,INDF,RG,6900,6,F,AK,CC,D
13:50:35,INDF,RG,6900,24,F,RX,CC,D
13:50:35,INDF,RG,6900,11,F,RX,KZ,D
13:50:35,INDF,RG,6900,48,F,RX,PD,D
13:50:33,INDF,RG,6900,29,F,RX,PD,D
13:50:33,INDF,RG,6900,2,F,RX,DR,D
13:50:33,INDF,RG,6900,10,F,RX,AR,D
13:50:33,INDF,RG,6900,2,F,RX,ZP,F
13:50:33,INDF,RG,6900,142,F,RX,CC,D
13:50:19,INDF,RG,6900,18,F,ZP,CC,D
13:49:32,INDF,RG,6875,80,F,BK,NI,D
13:49:27,INDF,RG,6900,1,D,OD,CC,D
13:49:05,INDF,RG,6900,19,F,ZP,CC,D
13:48:03,INDF,RG,6900,1,D,OD,CC,D
13:47:23,INDF,RG,6900,3,D,NI,PD,D
13:47:15,INDF,RG,6900,1,F,AK,PD,D
13:46:45,INDF,RG,6900,6,F,AK,PD,D
13:46:39,INDF,RG,6900,1,D,OD,XL,D
13:46:02,INDF,RG,6900,13,F,ZP,XL,D
13:46:02,INDF,RG,6900,6,F,ZP,GR,D
13:44:25,INDF,RG,6900,18,F,ZP,GR,D
13:44:10,INDF,RG,6900,18,F,ZP,GR,D
13:43:51,INDF,RG,6900,1,D,OD,GR,D
13:43:17,INDF,RG,6900,7,F,RX,GR,D
13:43:17,INDF,RG,6900,2,F,RX,CS,D
13:43:17,INDF,RG,6900,3,F,RX,CS,D
13:43:17,INDF,RG,6900,2,F,RX,CC,D
13:43:17,INDF,RG,6900,3,F,RX,CS,D
13:43:17,INDF,RG,6900,4,F,RX,CS,D
13:43:17,INDF,RG,6900,1,F,RX,CS,D
13:43:17,INDF,RG,6900,4,F,RX,CS,D
13:43:17,INDF,RG,6900,2,F,RX,YP,D
13:42:46,INDF,RG,6900,1,F,RX,CS,D
13:42:46,INDF,RG,6900,4,F,RX,CS,D
13:42:46,INDF,RG,6900,2,F,RX,CS,D
13:42:46,INDF,RG,6900,3,F,RX,CS,D
13:42:46,INDF,RG,6900,2,F,RX,CS,D
13:42:46,INDF,RG,6900,1,F,RX,CS,D
13:42:46,INDF,RG,6900,1,F,RX,CS,D
13:42:46,INDF,RG,6900,8,F,RX,CC,D
13:42:25,INDF,RG,6900,1,D,OD,CC,D
13:42:21,INDF,RG,6900,42,F,RX,CC,D
13:42:10,INDF,RG,6900,18,F,ZP,CC,D
13:41:32,INDF,RG,6900,27,F,RX,CC,D
13:41:03,INDF,RG,6900,1,D,OD,CC,D
13:41:01,INDF,RG,6900,20,F,RX,CC,D
13:40:01,INDF,RG,6900,18,F,ZP,CC,D
13:39:39,INDF,RG,6900,1,D,OD,CC,D
13:38:25,INDF,RG,6900,1,D,XL,CC,D
13:38:19,INDF,RG,6875,1,F,BK,YP,D
13:38:07,INDF,RG,6875,5,F,BK,PD,D
13:37:26,INDF,RG,6875,1,F,BK,PD,D
13:37:08,INDF,RG,6875,14,F,BK,XC,D
13:36:28,INDF,RG,6875,1,F,BK,XC,D
13:36:28,INDF,RG,6875,1,F,CC,XC,D
13:36:03,INDF,RG,6875,18,F,ZP,ZP,F
13:36:03,INDF,RG,6875,18,F,ZP,ZP,F
13:36:03,INDF,RG,6875,1,D,OD,ZP,F
13:36:03,INDF,RG,6875,130,F,RX,ZP,F
13:36:03,INDF,RG,6875,101,F,RX,KZ,F
13:36:03,INDF,RG,6875,26,F,RX,CS,D
13:36:02,INDF,RG,6875,5,F,RX,ZP,F
13:36:02,INDF,RG,6875,4,F,RX,ZP,F
13:36:02,INDF,RG,6875,17,F,RX,ZP,F
13:36:02,INDF,RG,6875,11,F,RX,ZP,F
13:36:02,INDF,RG,6875,207,F,RX,KZ,F
13:36:02,INDF,RG,6875,8,F,RX,ZP,F
13:36:02,INDF,RG,6875,3,F,RX,ZP,F
13:36:02,INDF,RG,6875,7,F,RX,ZP,F
13:36:02,INDF,RG,6875,17,F,RX,ZP,F
13:36:02,INDF,RG,6875,1,F,RX,YP,D
13:36:02,INDF,RG,6875,2,F,RX,ZP,F
13:36:02,INDF,RG,6875,4,F,RX,ZP,F
13:36:02,INDF,RG,6875,8,F,RX,ZP,F
13:36:02,INDF,RG,6875,5,F,RX,SQ,D
13:36:02,INDF,RG,6875,4,F,RX,ZP,F
13:36:02,INDF,RG,6875,190,F,RX,KZ,F
13:36:00,INDF,RG,6875,8,F,YU,KZ,F
13:36:00,INDF,RG,6875,6,F,YU,YU,F
13:36:00,INDF,RG,6875,9,F,YU,ZP,F
13:36:00,INDF,RG,6875,7,F,YU,ZP,F
13:35:45,INDF,RG,6875,292,F,RX,ZP,F
13:35:44,INDF,RG,6875,33,D,YP,ZP,F
13:35:44,INDF,RG,6875,49,D,YP,ZP,F
13:35:44,INDF,RG,6875,4,D,YP,ZP,F
13:35:44,INDF,RG,6875,33,D,YP,ZP,F
13:35:44,INDF,RG,6875,17,D,YP,ZP,F
13:35:44,INDF,RG,6875,14,D,YP,KZ,F
13:35:31,INDF,RG,6875,77,F,YU,KZ,F
13:35:29,INDF,RG,6875,8,F,YU,KZ,F
13:35:23,INDF,RG,6875,1,D,OD,KZ,F
13:35:17,INDF,RG,6875,10,D,YP,KZ,F
13:35:14,INDF,RG,6875,12,F,YU,KZ,F
13:34:55,INDF,RG,6875,52,F,RX,KZ,F
13:34:53,INDF,RG,6875,20,D,YP,KZ,F
13:34:48,INDF,RG,6875,10,F,YU,KZ,F
13:34:47,INDF,RG,6875,2,D,CC,KZ,F
13:34:23,INDF,RG,6875,21,F,RX,KZ,F
13:34:17,INDF,RG,6875,50,D,PD,KZ,F
13:34:15,INDF,RG,6875,57,F,YU,KZ,F
13:34:15,INDF,RG,6875,7,F,YU,YU,F
13:34:15,INDF,RG,6875,1,F,YU,CS,D
13:34:15,INDF,RG,6875,70,F,YU,KZ,F
13:34:11,INDF,RG,6875,340,F,AK,KZ,F
13:34:11,INDF,RG,6875,160,F,AK,ZP,F
13:34:11,INDF,RG,6875,57,F,BK,ZP,F
13:34:11,INDF,RG,6875,25,F,BK,PD,D
13:34:11,INDF,RG,6875,8,F,BK,PD,D
13:34:11,INDF,RG,6875,116,F,BK,ZP,F
13:34:11,INDF,RG,6875,60,F,BK,AK,F
13:34:11,INDF,RG,6875,108,F,BK,KZ,D
13:34:11,INDF,RG,6875,15,F,BK,CC,D
13:34:11,INDF,RG,6875,6,F,BK,XC,D
13:34:11,INDF,RG,6875,3,F,BK,XC,D
13:34:11,INDF,RG,6875,1,F,BK,XC,D
13:34:11,INDF,RG,6875,50,F,BK,YP,D
13:34:11,INDF,RG,6875,10,F,BK,OD,D
13:34:11,INDF,RG,6875,165,F,BK,ZP,F
13:34:11,INDF,RG,6875,8,F,BK,CC,D
13:34:11,INDF,RG,6875,2,F,BK,XC,D
13:34:11,INDF,RG,6875,1,F,BK,PD,D
13:34:11,INDF,RG,6875,4,F,BK,YU,D
13:34:11,INDF,RG,6875,3,F,BK,YP,D
13:34:11,INDF,RG,6875,1,F,BK,PD,D
13:34:11,INDF,RG,6875,17,F,BK,ZP,F
13:34:11,INDF,RG,6875,1,F,BK,PD,D
13:34:11,INDF,RG,6875,1,F,BK,PD,D
13:34:11,INDF,RG,6875,82,F,BK,PD,D
13:34:11,INDF,RG,6875,1,F,BK,SQ,D
13:34:11,INDF,RG,6875,3,F,BK,SQ,D
13:34:11,INDF,RG,6875,10,F,BK,NI,D
13:34:11,INDF,RG,6875,8,F,BK,YU,F
13:34:11,INDF,RG,6875,3,F,CC,YU,F
13:34:11,INDF,RG,6875,19,F,CC,ZP,F
13:34:11,INDF,RG,6875,10,F,CC,ZP,F
13:34:11,INDF,RG,6875,26,F,CC,KZ,D
13:34:11,INDF,RG,6875,2,F,CC,ZP,F
13:34:11,INDF,RG,6875,5,F,CC,LG,D
13:34:11,INDF,RG,6875,3,F,CC,ZP,F
13:34:11,INDF,RG,6875,62,F,CC,ZP,F
13:34:11,INDF,RG,6875,55,F,CC,CS,D
13:34:11,INDF,RG,6875,19,F,CC,ZP,F
13:34:11,INDF,RG,6875,564,F,CC,KZ,F
13:34:11,INDF,RG,6875,16,F,CC,YU,F
13:34:11,INDF,RG,6875,3,F,CC,ZP,F
13:34:11,INDF,RG,6875,1,F,CC,XC,D
13:34:11,INDF,RG,6875,24,F,CC,CS,D
13:34:11,INDF,RG,6875,3,F,CC,ZP,F
13:34:11,INDF,RG,6875,61,F,CC,CS,D
13:34:11,INDF,RG,6875,2,F,CC,ZP,F
13:34:11,INDF,RG,6875,1,F,CC,XC,D
13:34:11,INDF,RG,6875,56,F,CC,CS,D
13:34:11,INDF,RG,6875,3,F,CC,PD,D
13:34:11,INDF,RG,6875,1,F,CC,YP,D
13:34:11,INDF,RG,6875,90,F,CC,ZP,F
13:34:11,INDF,RG,6875,8,F,CC,ZP,F
13:34:11,INDF,RG,6875,7,F,CC,ZP,F
13:34:11,INDF,RG,6875,21,F,CC,ZP,F
13:34:11,INDF,RG,6875,5,F,CC,ZP,F
13:34:11,INDF,RG,6875,16,F,CC,ZP,F
13:34:11,INDF,RG,6875,300,F,CC,YJ,D
13:34:11,INDF,RG,6875,150,F,CC,YP,D
13:34:11,INDF,RG,6875,3,F,CC,ZP,F
13:34:11,INDF,RG,6875,48,F,CC,CS,D
13:34:11,INDF,RG,6875,1,F,CC,YU,D
13:34:11,INDF,RG,6875,10,F,CC,ZP,F
13:34:10,INDF,RG,6875,9,F,ZP,ZP,F
13:34:10,INDF,RG,6875,3,F,ZP,ZP,F
13:34:10,INDF,RG,6875,6,F,ZP,YP,D
13:34:10,INDF,RG,6875,9,F,RX,YP,D
13:34:10,INDF,RG,6875,13,F,RX,ZP,F
13:34:10,INDF,RG,6875,3,F,RX,XC,D
13:34:10,INDF,RG,6875,15,F,RX,XC,D
13:34:10,INDF,RG,6875,8,F,RX,YU,F
13:34:10,INDF,RG,6875,2,F,RX,ZP,F
13:34:10,INDF,RG,6875,21,F,RX,ZP,F
13:34:08,INDF,RG,6875,3,F,ZP,ZP,F
13:34:08,INDF,RG,6875,15,F,ZP,CS,D
13:33:59,INDF,RG,6875,1,D,OD,CS,D
13:33:54,INDF,RG,6875,12,F,RX,CS,D
13:33:54,INDF,RG,6875,77,F,RX,KZ,D
13:33:54,INDF,RG,6875,43,F,RX,CS,D
13:33:54,INDF,RG,6875,1,F,RX,ZP,F
13:33:52,INDF,RG,6875,1,F,RX,ZP,F
13:33:51,INDF,RG,6875,5,D,PD,ZP,F
13:32:53,INDF,RG,6850,116,D,GR,CS,D
13:32:53,INDF,RG,6850,5,D,YP,CS,D
13:32:53,INDF,RG,6850,20,D,XL,CS,D
13:32:53,INDF,RG,6850,2,D,XL,CS,D
13:32:53,INDF,RG,6850,1,D,XL,CS,D
13:32:53,INDF,RG,6850,3,D,YP,CS,D
13:32:53,INDF,RG,6850,5,D,XL,CS,D
13:32:53,INDF,RG,6850,1,D,YP,CS,D
13:32:53,INDF,RG,6850,15,D,PD,CS,D
13:32:53,INDF,RG,6850,1,D,CC,CS,D
13:32:53,INDF,RG,6850,1,D,YP,CS,D
13:32:53,INDF,RG,6850,3,D,CC,CS,D
13:32:53,INDF,RG,6850,5,D,SQ,CS,D
13:32:53,INDF,RG,6850,17,D,SQ,CS,D
13:32:34,INDF,RG,6850,1,D,SQ,XL,D
13:31:15,INDF,RG,6850,12,D,SQ,PD,D
13:31:15,INDF,RG,6850,1,D,XC,PD,D
13:31:15,INDF,RG,6850,83,D,YU,PD,D
13:30:35,INDF,RG,6875,28,F,ZP,ZP,F
13:30:06,INDF,RG,6875,1,F,AK,ZP,F
13:30:06,INDF,RG,6875,4,F,AK,ZP,F
13:30:03,INDF,RG,6850,6,D,YU,XL,D
13:30:03,INDF,RG,6875,3,D,XC,ZP,F
13:30:03,INDF,RG,6850,2,D,YU,XL,D
13:30:03,INDF,RG,6875,1,D,XC,ZP,F
13:30:02,INDF,RG,6875,4,D,XC,ZP,F
13:30:02,INDF,RG,6875,2,D,YP,ZP,F
13:30:02,INDF,RG,6875,1,D,YP,ZP,F
13:30:01,INDF,RG,6875,1,D,PD,ZP,F
13:30:01,INDF,RG,6850,12,D,YU,PD,D
13:30:01,INDF,RG,6850,2,D,YU,PD,D
13:30:01,INDF,RG,6875,1,D,KK,ZP,F
13:30:01,INDF,RG,6875,1,D,PD,ZP,F
13:30:01,INDF,RG,6850,1,D,YU,PD,D
13:30:01,INDF,RG,6875,1,D,SQ,ZP,F
13:30:01,INDF,RG,6875,10,D,YP,ZP,F
13:30:00,INDF,RG,6875,5,D,YP,ZP,F
13:30:00,INDF,RG,6850,500,D,YU,YB,D
13:30:00,INDF,RG,6875,14,D,DR,ZP,F
13:30:00,INDF,RG,6875,1,D,DR,XC,D
13:30:00,INDF,RG,6875,1,D,DR,YP,D
13:30:00,INDF,RG,6875,8,D,DR,ZP,F
13:30:00,INDF,RG,6875,6,D,DR,YP,D
11:29:45,INDF,RG,6875,1,D,PD,YP,D
11:29:40,INDF,RG,6875,3,D,YP,YP,D
11:29:40,INDF,RG,6875,3,D,YP,ZP,F
11:29:40,INDF,RG,6875,4,D,YP,ZP,F
11:29:22,INDF,RG,6875,10,F,RX,ZP,F
11:29:20,INDF,RG,6875,8,F,RX,ZP,F
11:29:16,INDF,RG,6875,1,D,OD,ZP,F
11:29:15,INDF,RG,6875,6,F,AK,ZP,F
11:29:05,INDF,RG,6875,13,F,RX,ZP,F
11:29:05,INDF,RG,6875,2,F,RX,PD,D
11:29:05,INDF,RG,6875,3,F,RX,KK,D
11:29:05,INDF,RG,6875,16,F,RX,ZP,F
11:29:05,INDF,RG,6875,2,F,RX,ZP,F
11:29:05,INDF,RG,6875,51,F,RX,KZ,F
11:29:00,INDF,RG,6875,1,F,AK,KZ,F
11:28:50,INDF,RG,6875,9,F,YU,KZ,F
11:28:42,INDF,RG,6875,2,D,CC,KZ,F
11:28:30,INDF,RG,6875,4,F,AK,KZ,F
11:28:15,INDF,RG,6875,1,F,AK,KZ,F
11:27:52,INDF,RG,6875,1,D,OD,KZ,F
11:27:51,INDF,RG,6875,2,D,CC,KZ,F
11:27:30,INDF,RG,6875,1,F,AK,KZ,F
11:26:45,INDF,RG,6875,1,F,AK,KZ,F
11:26:28,INDF,RG,6875,1,D,OD,KZ,F
11:25:45,INDF,RG,6875,1,F,AK,KZ,F
11:25:24,INDF,RG,6875,1,D,IF,KZ,F
11:25:17,INDF,RG,6850,2,D,YU,XL,D
11:25:04,INDF,RG,6875,1,D,OD,KZ,F
11:24:57,INDF,RG,6875,19,F,ZP,KZ,F
11:24:57,INDF,RG,6850,8,D,YU,YP,D
11:24:52,INDF,RG,6875,1,D,XL,KZ,F
11:24:26,INDF,RG,6850,25,D,YU,PD,D
11:24:15,INDF,RG,6850,1,D,YU,YP,D
11:23:30,INDF,RG,6850,16,D,YU,ZP,F
11:22:16,INDF,RG,6875,1,D,OD,KZ,F
11:21:47,INDF,RG,6875,152,D,YP,KZ,F
11:21:47,INDF,RG,6875,3,D,YP,ZP,F
11:21:47,INDF,RG,6875,40,D,YP,CS,D
11:21:47,INDF,RG,6875,9,D,YP,ZP,F
11:21:47,INDF,RG,6875,34,D,YP,AK,F
11:21:47,INDF,RG,6875,62,D,YP,KZ,F
11:20:52,INDF,RG,6875,1,D,OD,KZ,F
11:19:56,INDF,RG,6875,1,D,YP,KZ,F
11:19:55,INDF,RG,6850,2,D,YU,YU,D
11:19:45,INDF,RG,6875,5,F,AK,KZ,F
11:19:45,INDF,RG,6875,31,F,AK,KZ,F
11:19:31,INDF,RG,6850,1,D,YU,YP,D
11:19:26,INDF,RG,6875,1,D,OD,KZ,F
11:19:21,INDF,RG,6875,5,D,YB,KZ,F
11:19:20,INDF,RG,6875,1,D,PD,KZ,F
11:19:13,INDF,RG,6875,1,F,YP,KZ,F
11:19:00,INDF,RG,6875,1,F,AK,KZ,F
11:18:37,INDF,RG,6875,5,D,SQ,KZ,F
11:18:30,INDF,RG,6875,6,F,AK,KZ,F
11:18:15,INDF,RG,6875,1,F,AK,KZ,F
11:16:40,INDF,RG,6875,1,D,OD,KZ,F
11:16:15,INDF,RG,6875,13,F,RX,KZ,F
11:16:13,INDF,RG,6875,6,F,RX,KZ,F
11:16:12,INDF,RG,6850,62,D,YU,KZ,D
11:15:39,INDF,RG,6875,5,D,YB,KZ,F
11:15:17,INDF,RG,6875,1,D,OD,KZ,F
11:14:32,INDF,RG,6875,2,D,PD,KZ,F
11:14:29,INDF,RG,6850,10,D,YU,OD,D
11:12:29,INDF,RG,6875,1,D,OD,KZ,F
11:12:17,INDF,RG,6850,1,D,YU,YU,D
11:11:37,INDF,RG,6875,25,F,RX,KZ,F
11:11:37,INDF,RG,6875,9,F,RX,YU,F
11:11:37,INDF,RG,6875,2,F,RX,PD,D
11:11:37,INDF,RG,6875,16,F,RX,ZP,F
11:11:29,INDF,RG,6875,5,D,XC,ZP,F
11:11:29,INDF,RG,6850,5,D,YU,XC,D
11:11:28,INDF,RG,6875,10,D,GR,ZP,F
11:11:28,INDF,RG,6875,20,D,GR,CS,D
11:11:28,INDF,RG,6875,10,D,GR,AR,D
11:11:28,INDF,RG,6875,52,D,GR,KZ,D
11:11:28,INDF,RG,6875,10,D,GR,NI,D
11:11:28,INDF,RG,6875,8,D,GR,ZP,F
11:11:28,INDF,RG,6875,7,D,GR,YU,F
11:11:28,INDF,RG,6875,9,D,GR,YU,F
11:11:28,INDF,RG,6875,3,D,GR,ZP,F
11:11:28,INDF,RG,6875,23,D,GR,ZP,F
11:11:28,INDF,RG,6875,44,D,GR,CS,D
11:11:28,INDF,RG,6875,4,D,GR,AK,F
11:11:03,INDF,RG,6875,1,D,OD,AK,F
11:10:00,INDF,RG,6875,10,D,XL,AK,F
11:08:37,INDF,RG,6875,1,D,XC,AK,F
11:08:35,INDF,RG,6875,1,D,XC,AK,F
11:08:09,INDF,RG,6875,1,D,OD,AK,F
11:08:00,INDF,RG,6875,6,F,AK,AK,F
11:08:00,INDF,RG,6875,1,D,YP,AK,F
11:07:45,INDF,RG,6875,1,F,AK,AK,F
11:07:33,INDF,RG,6875,14,F,RX,AK,F
11:07:31,INDF,RG,6850,1,D,YU,YU,D
11:07:14,INDF,RG,6850,55,D,YU,SH,D
11:07:00,INDF,RG,6850,7,D,YU,CC,D
11:06:30,INDF,RG,6875,1,F,AK,AK,F
11:06:00,INDF,RG,6875,12,F,RX,AK,F
11:05:45,INDF,RG,6850,1,D,YU,PD,D
11:05:40,INDF,RG,6875,50,D,AG,AK,F
11:05:15,INDF,RG,6875,1,D,OD,AK,F
11:05:00,INDF,RG,6875,1,F,AK,AK,F
11:04:10,INDF,RG,6875,25,F,RX,AK,F
11:03:51,INDF,RG,6875,1,D,OD,AK,F
11:03:50,INDF,RG,6875,14,D,GR,AK,F
11:03:50,INDF,RG,6875,1,D,GR,ZP,F
11:03:50,INDF,RG,6875,7,D,GR,ZP,F
11:03:50,INDF,RG,6875,2,D,GR,ZP,F
11:03:50,INDF,RG,6875,3,D,GR,ZP,F
11:03:50,INDF,RG,6875,3,D,GR,PD,D
11:03:50,INDF,RG,6875,8,D,GR,ZP,F
11:03:50,INDF,RG,6875,16,D,GR,ZP,F
11:03:50,INDF,RG,6875,46,D,GR,ZP,F
11:03:10,INDF,RG,6875,5,D,RO,ZP,F
11:02:40,INDF,RG,6875,1,D,OD,ZP,F
11:02:40,INDF,RG,6875,5,D,SQ,ZP,F
11:01:04,INDF,RG,6875,1,D,CC,ZP,F
11:00:57,INDF,RG,6875,1,D,OD,ZP,F
11:00:32,INDF,RG,6875,20,F,RX,ZP,F
11:00:07,INDF,RG,6875,3,D,PD,ZP,F
10:59:31,INDF,RG,6875,1,D,OD,ZP,F
10:59:19,INDF,RG,6850,10,D,YU,PD,D
10:58:51,INDF,RG,6875,34,F,RX,ZP,F
10:58:33,INDF,RG,6875,5,D,XL,ZP,F
10:57:53,INDF,RG,6875,18,F,RX,ZP,F
10:57:38,INDF,RG,6875,8,D,XC,ZP,F
10:57:22,INDF,RG,6875,17,F,RX,ZP,F
10:57:16,INDF,RG,6875,31,D,YP,ZP,F
10:57:16,INDF,RG,6875,27,D,YP,KZ,F
10:57:14,INDF,RG,6875,1,D,PD,KZ,F
10:56:51,INDF,RG,6875,23,F,RX,KZ,F
10:56:49,INDF,RG,6875,1,D,OD,KZ,F
10:56:18,INDF,RG,6850,2,D,YU,XC,D
10:56:17,INDF,RG,6875,2,D,OD,KZ,F
10:56:14,INDF,RG,6875,18,F,RX,KZ,F
10:56:03,INDF,RG,6875,1,D,XC,KZ,F
10:55:42,INDF,RG,6875,18,F,RX,KZ,F
10:55:42,INDF,RG,6875,1,D,CC,KZ,F
10:55:13,INDF,RG,6875,4,D,XC,KZ,F
10:55:11,INDF,RG,6875,15,F,RX,KZ,F
10:54:51,INDF,RG,6875,30,D,YJ,KZ,F
10:54:47,INDF,RG,6875,72,F,RX,KZ,F
10:54:42,INDF,RG,6875,8,D,XC,KZ,F
10:54:25,INDF,RG,6875,2,D,PD,KZ,F
10:53:05,INDF,RG,6875,14,F,RX,KZ,F
10:52:56,INDF,RG,6875,1,D,PD,KZ,F
10:52:44,INDF,RG,6875,18,F,RX,KZ,F
10:52:37,INDF,RG,6875,5,D,XL,KZ,F
10:51:55,INDF,RG,6850,10,D,YU,AR,D
10:51:13,INDF,RG,6850,2,D,YU,YB,D
10:50:52,INDF,RG,6875,8,F,YU,KZ,F
10:50:51,INDF,RG,6850,2,D,YU,PD,D
10:50:17,INDF,RG,6850,3,D,YU,NI,D
10:50:14,INDF,RG,6875,30,D,CC,KZ,F
10:49:48,INDF,RG,6875,8,F,YU,KZ,F
10:49:20,INDF,RG,6875,3,F,CC,KZ,F
10:49:16,INDF,RG,6875,27,F,BK,ZP,F
10:49:16,INDF,RG,6875,328,F,BK,KZ,F
10:49:16,INDF,RG,6875,19,F,BK,KZ,F
10:49:16,INDF,RG,6875,1,F,BK,CS,D
10:49:16,INDF,RG,6875,9,F,BK,AK,F
10:49:15,INDF,RG,6875,1,F,BK,XC,D
10:49:15,INDF,RG,6875,4,F,BK,ZP,F
10:49:15,INDF,RG,6875,16,F,BK,ZP,F
10:49:15,INDF,RG,6875,24,F,BK,CS,D
10:49:15,INDF,RG,6875,199,F,BK,AK,F
10:49:15,INDF,RG,6875,2,F,BK,CC,D
10:49:15,INDF,RG,6875,320,F,BK,KZ,F
10:49:15,INDF,RG,6875,11,F,YU,KZ,F
10:49:15,INDF,RG,6875,18,F,YU,KZ,F
10:48:57,INDF,RG,6850,124,D,YU,ZP,F
10:48:56,INDF,RG,6875,461,F,RX,KZ,F
10:48:56,INDF,RG,6875,15,F,RX,CS,D
10:48:56,INDF,RG,6875,12,F,RX,CS,D
10:48:56,INDF,RG,6875,3,F,RX,CS,D
10:48:56,INDF,RG,6875,5,F,RX,XC,D
10:48:56,INDF,RG,6875,44,F,RX,CS,D
10:48:56,INDF,RG,6875,4,F,RX,CS,D
10:48:56,INDF,RG,6875,13,F,RX,XL,D
10:48:56,INDF,RG,6875,5,F,RX,ZP,F
10:48:56,INDF,RG,6875,20,F,RX,CS,D
10:48:56,INDF,RG,6875,1,F,RX,YP,D
10:48:56,INDF,RG,6875,2,F,RX,YP,D
10:48:56,INDF,RG,6875,6,F,RX,CS,D
10:48:56,INDF,RG,6875,14,F,RX,CS,D
10:48:56,INDF,RG,6875,3,F,RX,CS,D
10:48:56,INDF,RG,6875,8,F,RX,CS,D
10:48:56,INDF,RG,6875,20,F,RX,CS,D
10:48:56,INDF,RG,6875,5,F,RX,YP,D
10:48:56,INDF,RG,6875,4,F,RX,ZP,F
10:48:56,INDF,RG,6875,9,F,RX,ZP,F
10:48:56,INDF,RG,6875,7,F,RX,XL,D
10:48:56,INDF,RG,6875,85,F,RX,AK,F
10:48:56,INDF,RG,6875,1,F,RX,XC,D
10:48:56,INDF,RG,6875,34,F,RX,AK,F
10:48:56,INDF,RG,6875,22,F,RX,CS,D
10:48:56,INDF,RG,6875,1,F,RX,CS,D
10:48:56,INDF,RG,6875,3,F,RX,CS,D
10:48:56,INDF,RG,6875,14,F,RX,CS,D
10:48:56,INDF,RG,6875,23,F,RX,CS,D
10:48:56,INDF,RG,6875,16,F,RX,CS,D
10:48:56,INDF,RG,6875,12,F,RX,CS,D
10:48:56,INDF,RG,6875,358,F,RX,ZP,F
10:48:56,INDF,RG,6875,21,F,RX,CS,D
10:48:56,INDF,RG,6875,29,F,RX,CS,D
10:48:56,INDF,RG,6875,22,F,RX,CS,D
10:48:56,INDF,RG,6875,260,F,RX,AK,F
10:48:56,INDF,RG,6875,47,F,RX,KZ,D
10:48:56,INDF,RG,6875,44,F,RX,YU,F
10:48:56,INDF,RG,6875,206,F,RX,ZP,F
10:48:56,INDF,RG,6875,12,F,RX,CS,D
10:48:56,INDF,RG,6875,5,F,RX,CS,D
10:48:56,INDF,RG,6875,1,F,RX,CS,D
10:48:56,INDF,RG,6875,82,F,RX,ZP,F
10:48:56,INDF,RG,6875,41,F,RX,YU,F
10:48:56,INDF,RG,6875,54,F,RX,ZP,F
10:48:56,INDF,RG,6875,316,F,RX,AK,F
10:48:56,INDF,RG,6875,214,F,RX,ZP,F
10:48:56,INDF,RG,6875,17,F,RX,ZP,F
10:48:56,INDF,RG,6875,16,F,RX,ZP,F
10:48:56,INDF,RG,6875,55,F,RX,ZP,F
10:48:56,INDF,RG,6875,42,F,RX,ZP,F
10:48:56,INDF,RG,6875,286,F,RX,KZ,F
10:48:33,INDF,RG,6850,22,D,YU,ZP,F
10:48:33,INDF,RG,6875,560,F,RX,KZ,F
10:48:09,INDF,RG,6875,4,F,RX,KZ,F
10:47:42,INDF,RG,6850,5,D,YU,ZP,F
10:47:03,INDF,RG,6875,1,D,NI,KZ,F
10:46:19,INDF,RG,6850,2,D,YU,ZP,F
10:46:19,INDF,RG,6850,5,D,YU,ZP,F
10:45:23,INDF,RG,6850,2,D,YU,ZP,F
10:45:23,INDF,RG,6850,16,D,YU,ZP,F
10:45:07,INDF,RG,6850,13,D,YU,AK,F
10:45:07,INDF,RG,6850,7,D,FZ,AK,F
10:45:02,INDF,RG,6850,3,D,FZ,ZP,F
10:44:46,INDF,RG,6875,90,D,GR,KZ,F
10:44:30,INDF,RG,6850,5,D,FZ,ZP,F
10:44:18,INDF,RG,6850,1,D,FZ,PD,D
10:44:11,INDF,RG,6875,15,D,PD,KZ,F
10:43:38,INDF,RG,6850,2,D,FZ,ZP,F
10:43:38,INDF,RG,6875,10,D,GR,KZ,F
10:43:37,INDF,RG,6850,3,D,FZ,AK,F
10:43:22,INDF,RG,6850,3,D,FZ,ZP,F
10:43:15,INDF,RG,6850,15,D,FZ,PD,D
10:43:07,INDF,RG,6850,10,D,FZ,AK,F
10:42:52,INDF,RG,6850,4,D,FZ,ZP,F
10:42:52,INDF,RG,6850,78,D,FZ,AK,F
10:42:52,INDF,RG,6850,1,D,HP,AK,F
10:42:52,INDF,RG,6850,5,D,IP,AK,F
10:42:52,INDF,RG,6850,1,D,KK,AK,F
10:42:50,INDF,RG,6850,6,D,KK,ZP,F
10:42:50,INDF,RG,6850,5,D,KK,ZP,F
10:41:59,INDF,RG,6850,1,D,KK,XC,D
10:41:52,INDF,RG,6850,4,D,KK,AK,F
10:41:52,INDF,RG,6850,25,D,HP,AK,F
10:41:52,INDF,RG,6850,38,D,KK,AK,F
10:41:41,INDF,RG,6850,2,D,KK,ZP,F
10:41:41,INDF,RG,6850,6,D,KK,KK,D
10:41:41,INDF,RG,6850,5,D,KK,PD,D
10:41:41,INDF,RG,6850,49,D,KK,ZP,F
10:41:40,INDF,RG,6875,10,D,CC,KZ,F
10:41:40,INDF,RG,6875,5,D,XL,KZ,F
10:41:40,INDF,RG,6875,1,D,XC,KZ,F
10:41:40,INDF,RG,6875,1,F,AK,KZ,F
10:41:40,INDF,RG,6875,8,D,XA,KZ,F
10:41:40,INDF,RG,6875,12,D,XA,CS,D
10:41:40,INDF,RG,6875,1,F,CC,CS,D
10:41:40,INDF,RG,6875,4,D,EP,CS,D
10:41:40,INDF,RG,6875,6,F,AK,CS,D
10:41:40,INDF,RG,6875,1,D,XC,CS,D
10:41:40,INDF,RG,6875,5,D,YP,CS,D
10:41:40,INDF,RG,6875,2,D,XC,CS,D
10:41:40,INDF,RG,6875,1,F,AK,CS,D
10:41:40,INDF,RG,6875,25,F,RX,CS,D
10:41:40,INDF,RG,6875,406,F,RX,GR,D
10:41:40,INDF,RG,6875,80,F,BK,GR,D
10:41:40,INDF,RG,6875,22,D,NI,GR,D
10:41:40,INDF,RG,6875,14,D,YP,GR,D
10:41:40,INDF,RG,6875,14,F,AK,GR,D
10:41:40,INDF,RG,6875,200,D,DR,GR,D
10:41:40,INDF,RG,6875,1,D,YP,GR,D
10:41:40,INDF,RG,6875,5,D,YP,GR,D
10:41:40,INDF,RG,6875,1,D,XC,GR,D
10:41:40,INDF,RG,6875,10,D,CC,GR,D
10:41:40,INDF,RG,6875,4,D,YP,GR,D
10:41:40,INDF,RG,6875,7,F,YU,GR,D
10:41:40,INDF,RG,6875,1,D,XC,GR,D
10:41:40,INDF,RG,6875,1,D,PD,GR,D
10:41:40,INDF,RG,6875,1,D,XC,GR,D
10:41:40,INDF,RG,6875,2,D,PD,GR,D
10:41:40,INDF,RG,6875,1,D,XC,GR,D
10:41:40,INDF,RG,6875,300,D,CC,GR,D
10:41:40,INDF,RG,6875,4,D,XC,GR,D
10:41:40,INDF,RG,6875,1,D,YP,GR,D
10:41:40,INDF,RG,6875,3,D,NI,GR,D
10:41:40,INDF,RG,6875,1,D,YP,GR,D
10:41:40,INDF,RG,6875,18,D,BQ,GR,D
10:41:40,INDF,RG,6875,103,D,HD,GR,D
10:41:10,INDF,RG,6875,10,D,HD,YU,F
10:40:42,INDF,RG,6875,20,D,HD,XC,D
10:39:52,INDF,RG,6875,3,D,HD,ZP,F
10:39:47,INDF,RG,6875,1,D,HD,XC,D
10:39:29,INDF,RG,6900,1,D,CC,CC,D
10:38:46,INDF,RG,6900,2,D,NI,CC,D
10:37:35,INDF,RG,6875,5,D,HD,AR,D
10:37:22,INDF,RG,6875,13,D,HD,YU,F
10:37:02,INDF,RG,6875,25,D,HD,YP,D
10:36:52,INDF,RG,6875,16,D,HD,ZP,F
10:36:20,INDF,RG,6875,2,D,HD,ZP,F
10:36:19,INDF,RG,6875,30,D,HD,ZP,F
10:36:19,INDF,RG,6875,22,D,HD,XL,D
10:36:19,INDF,RG,6875,250,D,HD,AK,F
10:36:19,INDF,RG,6875,5,D,XC,AK,F
10:36:19,INDF,RG,6875,2,D,PD,AK,F
10:36:19,INDF,RG,6875,30,D,XA,AK,F
10:36:19,INDF,RG,6875,5,D,KK,AK,F
10:36:19,INDF,RG,6875,22,D,KK,AK,F
10:36:19,INDF,RG,6875,1,D,YP,AK,F
10:36:19,INDF,RG,6875,3,D,CC,AK,F
10:36:19,INDF,RG,6875,1,D,DH,AK,F
10:36:19,INDF,RG,6875,25,D,GR,AK,F
10:36:19,INDF,RG,6875,1,D,KK,AK,F
10:36:18,INDF,RG,6900,8,F,AK,AK,F
10:36:18,INDF,RG,6900,6,F,AK,AK,F
10:36:18,INDF,RG,6900,1,F,AK,AK,F
10:36:18,INDF,RG,6900,10,D,YB,AK,F
10:36:18,INDF,RG,6900,7,D,OD,AK,F
10:36:18,INDF,RG,6900,1,D,XC,AK,F
10:36:18,INDF,RG,6900,4,D,XL,AK,F
10:36:18,INDF,RG,6900,7,D,AR,AK,F
10:36:18,INDF,RG,6900,1,F,AK,AK,F
10:36:18,INDF,RG,6900,10,D,XC,AK,F
10:36:18,INDF,RG,6900,1,D,XC,AK,F
10:36:18,INDF,RG,6900,1,D,PD,AK,F
10:36:18,INDF,RG,6900,5,D,NI,AK,F
10:36:18,INDF,RG,6900,1,D,XC,AK,F
10:36:18,INDF,RG,6900,1,D,XL,AK,F
10:36:18,INDF,RG,6900,3,D,XC,AK,F
10:36:18,INDF,RG,6900,1,D,XL,AK,F
10:36:18,INDF,RG,6900,3,D,YP,AK,F
10:36:18,INDF,RG,6900,30,D,EP,AK,F
10:36:18,INDF,RG,6900,1,D,XC,AK,F
10:36:18,INDF,RG,6900,1,D,OD,AK,F
10:36:18,INDF,RG,6900,2,D,PD,AK,F
10:36:18,INDF,RG,6900,1,F,AK,AK,F
10:36:18,INDF,RG,6900,96,F,BK,AK,F
10:36:18,INDF,RG,6900,104,F,BK,ZP,F
10:36:18,INDF,RG,6900,33,F,BK,KZ,F
10:36:18,INDF,RG,6900,1,F,AK,KZ,F
10:36:18,INDF,RG,6900,7,F,AK,KZ,F
10:36:18,INDF,RG,6900,50,D,ZP,KZ,F
10:36:18,INDF,RG,6900,647,F,RX,KZ,F
10:36:18,INDF,RG,6900,108,F,AK,KZ,F
10:36:18,INDF,RG,6900,1,D,PD,KZ,F
10:36:18,INDF,RG,6900,3,D,PD,KZ,F
10:36:18,INDF,RG,6900,6,F,AK,KZ,F
10:36:18,INDF,RG,6900,15,D,CP,KZ,F
10:36:18,INDF,RG,6900,1,F,AK,KZ,F
10:36:18,INDF,RG,6900,2,F,AK,KZ,F
10:36:18,INDF,RG,6900,2,D,PD,KZ,F
10:36:18,INDF,RG,6900,1,D,YP,KZ,F
10:36:18,INDF,RG,6900,13,D,XC,KZ,F
10:36:18,INDF,RG,6900,50,D,PD,KZ,F
10:36:18,INDF,RG,6900,200,D,CC,KZ,F
10:36:18,INDF,RG,6900,2,D,PD,KZ,F
10:36:18,INDF,RG,6900,2,D,PD,KZ,F
10:36:18,INDF,RG,6900,10,D,DH,KZ,F
10:36:18,INDF,RG,6900,6,F,AK,KZ,F
10:36:18,INDF,RG,6900,2,D,PD,KZ,F
10:36:18,INDF,RG,6900,2,D,PD,KZ,F
10:36:18,INDF,RG,6900,6,F,AK,KZ,F
10:36:18,INDF,RG,6900,1,D,YP,KZ,F
10:36:18,INDF,RG,6900,10,D,CC,KZ,F
10:36:18,INDF,RG,6900,100,D,YB,KZ,F
10:36:18,INDF,RG,6900,7,D,NI,KZ,F
10:36:18,INDF,RG,6900,10,D,PD,KZ,F
10:36:18,INDF,RG,6900,25,D,YP,KZ,F
10:36:18,INDF,RG,6900,2,D,NI,KZ,F
10:36:18,INDF,RG,6900,5,F,AK,KZ,F
10:36:18,INDF,RG,6900,1,D,PD,KZ,F
10:36:18,INDF,RG,6900,1,D,NI,KZ,F
10:36:18,INDF,RG,6900,1,D,XL,KZ,F
10:36:18,INDF,RG,6900,10,D,ES,KZ,F
10:36:18,INDF,RG,6900,31,D,NI,KZ,F
10:36:18,INDF,RG,6900,10,D,NI,CS,D
10:36:18,INDF,RG,6900,119,D,NI,AK,F
10:36:18,INDF,RG,6900,2,D,KK,AK,F
10:36:18,INDF,RG,6900,1,D,PD,AK,F
10:36:18,INDF,RG,6900,30,D,BQ,AK,F
10:36:18,INDF,RG,6900,8,D,XC,AK,F
10:36:18,INDF,RG,6900,1,D,CC,AK,F
10:36:18,INDF,RG,6900,5,D,XL,AK,F
10:36:18,INDF,RG,6900,1,D,XC,AK,F
10:36:18,INDF,RG,6900,1,D,YP,AK,F
10:36:18,INDF,RG,6900,832,D,HD,AK,F
10:36:18,INDF,RG,6900,2,D,HD,ZP,F
10:36:18,INDF,RG,6900,124,D,HD,CS,D
10:36:02,INDF,RG,6925,3,D,PD,CC,D
10:35:45,INDF,RG,6925,1,F,AK,CC,D
10:35:11,INDF,RG,6925,1,D,PD,CC,D
10:33:58,INDF,RG,6925,5,D,PD,CC,D
10:33:45,INDF,RG,6925,1,F,AK,CC,D
10:33:23,INDF,RG,6900,5,D,HD,EP,D
10:31:00,INDF,RG,6925,1,F,AK,CC,D
10:30:46,INDF,RG,6900,10,D,HD,YU,F
10:30:33,INDF,RG,6925,24,F,RX,CC,D
10:30:31,INDF,RG,6925,5,F,RX,CC,D
10:30:20,INDF,RG,6900,27,D,HD,AK,F
10:30:20,INDF,RG,6900,1,D,XC,AK,F
10:30:20,INDF,RG,6900,10,D,PD,AK,F
10:30:20,INDF,RG,6900,38,D,PD,AK,F
10:30:07,INDF,RG,6900,16,D,PD,ZP,F
10:29:33,INDF,RG,6900,1,D,PD,YP,D
10:29:30,INDF,RG,6925,1,F,AK,CC,D
10:28:51,INDF,RG,6925,3,D,PD,CC,D
10:28:12,INDF,RG,6900,1,D,PD,OD,D
10:27:59,INDF,RG,6900,14,D,PD,YU,F
10:27:48,INDF,RG,6900,14,D,PD,CS,D
10:27:45,INDF,RG,6925,1,F,AK,CC,D
10:27:24,INDF,RG,6900,1,D,PD,YU,D
10:26:15,INDF,RG,6925,1,F,AK,CC,D
10:25:57,INDF,RG,6900,2,D,PD,ZP,F
10:25:53,INDF,RG,6925,4,F,RX,CC,D
10:25:53,INDF,RG,6925,54,F,RX,CC,D
10:25:51,INDF,RG,6925,8,F,RX,CC,D
10:25:26,INDF,RG,6900,3,D,PD,ZP,F
10:25:26,INDF,RG,6900,10,D,PD,AK,F
10:25:26,INDF,RG,6900,100,D,CC,AK,F
10:25:26,INDF,RG,6900,5,D,CP,AK,F
10:25:26,INDF,RG,6900,4,D,CP,ZP,F
10:25:25,INDF,RG,6900,41,D,CP,CS,D
10:25:25,INDF,RG,6900,1,D,YP,CS,D
10:25:25,INDF,RG,6900,1,D,YP,CS,D
10:25:25,INDF,RG,6900,3,D,CC,CS,D
10:25:25,INDF,RG,6900,1,D,PD,CS,D
10:25:25,INDF,RG,6900,1,D,AT,CS,D
10:25:25,INDF,RG,6900,1,D,PD,CS,D
10:25:25,INDF,RG,6900,2,D,DH,CS,D
10:25:25,INDF,RG,6900,1,D,XC,CS,D
10:25:25,INDF,RG,6900,87,D,YP,CS,D
10:25:06,INDF,RG,6900,2,D,YP,ZP,F
10:25:03,INDF,RG,6925,27,F,AK,CC,D
10:24:30,INDF,RG,6925,1,F,AK,CC,D
10:24:25,INDF,RG,6925,4,F,RX,CC,D
10:24:25,INDF,RG,6925,16,F,RX,ZP,F
10:24:23,INDF,RG,6925,2,F,RX,ZP,F
10:24:11,INDF,RG,6900,2,D,YP,ZP,F
10:24:11,INDF,RG,6900,9,D,YP,DR,D
10:24:11,INDF,RG,6900,50,D,GR,DR,D
10:24:11,INDF,RG,6900,35,D,AG,DR,D
10:23:29,INDF,RG,6900,2,D,AG,ZP,F
10:23:28,INDF,RG,6925,24,F,RX,ZP,F
10:23:28,INDF,RG,6925,28,F,RX,KZ,F
10:23:26,INDF,RG,6925,1,F,RX,KZ,F
10:23:22,INDF,RG,6900,13,D,AG,PD,D
10:23:22,INDF,RG,6900,5,D,HP,PD,D
10:23:22,INDF,RG,6900,1,D,YP,PD,D
10:23:12,INDF,RG,6900,1,D,YP,NI,D
10:23:00,INDF,RG,6900,22,D,YP,ZP,F
10:23:00,INDF,RG,6900,185,D,YP,CC,D
10:22:44,INDF,RG,6900,8,D,YP,YU,F
10:22:32,INDF,RG,6925,12,F,RX,KZ,F
10:22:30,INDF,RG,6925,3,F,RX,KZ,F
10:22:27,INDF,RG,6900,16,D,YP,ZP,F
10:22:15,INDF,RG,6900,17,D,YP,ZP,F
10:22:15,INDF,RG,6900,1,D,YP,PD,D
10:22:15,INDF,RG,6925,1,F,AK,KZ,F
10:21:02,INDF,RG,6900,8,D,YP,XL,D
10:20:00,INDF,RG,6925,1,F,AK,KZ,F
10:19:05,INDF,RG,6925,27,F,RX,KZ,F
10:19:03,INDF,RG,6900,12,D,YP,ZP,F
10:19:03,INDF,RG,6900,14,D,YP,YP,D
10:19:03,INDF,RG,6925,2,F,RX,KZ,F
10:18:46,INDF,RG,6900,15,D,YP,AK,F
10:18:46,INDF,RG,6900,5,D,KK,AK,F
10:18:46,INDF,RG,6900,1,D,KK,AK,F
10:18:46,INDF,RG,6900,71,D,YP,AK,F
10:18:45,INDF,RG,6925,5,D,GR,KZ,F
10:18:33,INDF,RG,6925,1,F,AK,KZ,F
10:18:33,INDF,RG,6900,10,D,YP,YU,F
10:17:55,INDF,RG,6900,1,D,YP,OD,D
10:17:50,INDF,RG,6925,1,D,OD,KZ,F
10:17:39,INDF,RG,6900,18,D,YP,CS,D
10:16:42,INDF,RG,6925,9,F,RX,KZ,F
10:16:40,INDF,RG,6925,2,F,RX,KZ,F
10:16:36,INDF,RG,6900,42,D,YP,ZP,F
10:16:00,INDF,RG,6925,1,F,AK,KZ,F
10:15:56,INDF,RG,6925,1,D,OD,KZ,F
10:14:53,INDF,RG,6925,3,D,XC,KZ,F
10:14:46,INDF,RG,6925,41,F,RX,KZ,F
10:14:45,INDF,RG,6925,1,F,AK,KZ,F
10:14:44,INDF,RG,6925,1,F,RX,KZ,F
10:14:32,INDF,RG,6900,185,D,YP,CS,D
10:14:30,INDF,RG,6925,1,D,XC,KZ,F
10:14:02,INDF,RG,6925,1,D,OD,KZ,F
10:13:50,INDF,RG,6925,36,F,RX,KZ,F
10:13:48,INDF,RG,6925,2,F,RX,KZ,F
10:13:42,INDF,RG,6900,60,D,YP,PD,D
10:13:25,INDF,RG,6900,12,D,YP,ZP,F
10:13:25,INDF,RG,6900,45,D,YP,YP,D
10:13:24,INDF,RG,6900,43,D,YP,YP,D
10:13:10,INDF,RG,6900,9,D,YP,YU,F
10:12:32,INDF,RG,6925,26,F,RX,KZ,F
10:12:30,INDF,RG,6925,1,F,AK,KZ,F
10:12:25,INDF,RG,6900,79,D,YP,AK,F
10:12:24,INDF,RG,6900,8,D,YP,ZP,F
10:12:10,INDF,RG,6925,1,D,OD,KZ,F
10:10:46,INDF,RG,6900,7,D,YP,IF,D
10:10:45,INDF,RG,6900,3,D,YP,YP,D
10:10:21,INDF,RG,6900,16,D,YP,ZP,F
10:10:15,INDF,RG,6925,1,F,AK,KZ,F
10:10:15,INDF,RG,6925,40,F,RX,KZ,F
10:10:13,INDF,RG,6925,4,F,RX,KZ,F
10:10:09,INDF,RG,6900,2,D,YP,YP,D
10:10:04,INDF,RG,6900,4,D,YP,YB,D
10:10:00,INDF,RG,6900,4,D,YP,ZP,F
10:10:00,INDF,RG,6900,183,D,YP,CC,D
10:09:04,INDF,RG,6925,1,D,CC,KZ,F
10:08:32,INDF,RG,6925,1,D,OD,KZ,F
10:08:30,INDF,RG,6925,1,F,AK,KZ,F
10:07:48,INDF,RG,6925,14,F,RX,KZ,F
10:07:35,INDF,RG,6925,60,D,SQ,KZ,F
10:06:45,INDF,RG,6925,1,F,AK,KZ,F
10:06:42,INDF,RG,6925,1,D,OD,KZ,F
10:05:50,INDF,RG,6925,10,F,RX,KZ,F
10:05:32,INDF,RG,6925,8,D,XL,KZ,F
10:05:18,INDF,RG,6925,32,D,XL,KZ,F
10:05:18,INDF,RG,6925,17,D,XL,ZP,F
10:05:18,INDF,RG,6925,23,D,XL,CS,D
10:04:52,INDF,RG,6925,1,D,OD,CS,D
10:03:45,INDF,RG,6925,1,F,AK,CS,D
10:03:45,INDF,RG,6925,1,F,AK,KZ,F
10:03:00,INDF,RG,6925,1,D,OD,KZ,F
10:02:20,INDF,RG,6900,16,D,YP,ZP,F
10:02:20,INDF,RG,6900,3,D,YP,LS,D
10:01:08,INDF,RG,6925,1,D,OD,KZ,F
09:59:31,INDF,RG,6925,5,D,XC,KZ,F
09:59:22,INDF,RG,6900,4,D,YP,XC,D
09:58:22,INDF,RG,6900,4,D,YP,AK,F
09:58:19,INDF,RG,6900,3,D,YP,PD,D
09:58:08,INDF,RG,6900,20,D,YP,PD,D
09:58:08,INDF,RG,6900,148,D,YP,AK,F
09:58:07,INDF,RG,6925,2,F,AK,AK,F
09:58:07,INDF,RG,6925,1,D,OD,AK,F
09:58:07,INDF,RG,6925,2,D,CC,AK,F
09:58:07,INDF,RG,6925,2,D,PD,AK,F
09:58:07,INDF,RG,6925,54,F,AK,AK,F
09:58:07,INDF,RG,6925,7,F,AK,AK,F
09:58:07,INDF,RG,6925,1,F,AK,AK,F
09:58:07,INDF,RG,6925,1,F,AK,AK,F
09:58:07,INDF,RG,6925,10,D,CC,AK,F
09:58:07,INDF,RG,6925,1,D,YP,AK,F
09:58:07,INDF,RG,6925,2,D,SQ,AK,F
09:58:07,INDF,RG,6925,1,F,AK,AK,F
09:58:07,INDF,RG,6925,2,D,PD,AK,F
09:58:07,INDF,RG,6925,1,D,LS,AK,F
09:58:07,INDF,RG,6925,5,D,PD,AK,F
09:58:07,INDF,RG,6925,50,D,PD,AK,F
09:58:07,INDF,RG,6925,1,D,CC,ZP,F
09:58:07,INDF,RG,6925,1,D,XC,ZP,F
09:58:07,INDF,RG,6925,3,D,PD,ZP,F
09:58:07,INDF,RG,6925,1,D,PD,ZP,F
09:58:07,INDF,RG,6925,10,D,PD,ZP,F
09:58:07,INDF,RG,6925,1,D,XL,ZP,F
09:58:07,INDF,RG,6925,20,D,CC,ZP,F
09:58:07,INDF,RG,6925,1,D,PD,ZP,F
09:58:07,INDF,RG,6925,10,D,YP,ZP,F
09:58:07,INDF,RG,6925,1,F,AK,ZP,F
09:58:07,INDF,RG,6925,1,D,YP,ZP,F
09:58:07,INDF,RG,6925,1,D,PD,ZP,F
09:58:07,INDF,RG,6925,1,D,CC,ZP,F
09:58:07,INDF,RG,6925,2,D,CC,ZP,F
09:58:07,INDF,RG,6925,10,D,YP,ZP,F
09:58:07,INDF,RG,6925,109,F,RX,ZP,F
09:58:07,INDF,RG,6925,72,F,RX,CS,D
09:58:07,INDF,RG,6925,54,F,RX,KZ,F
09:58:07,INDF,RG,6925,8,F,AK,KZ,F
09:58:07,INDF,RG,6925,59,F,AK,KZ,F
09:58:07,INDF,RG,6925,354,F,BK,KZ,F
09:58:07,INDF,RG,6925,17,F,BK,AK,F
09:58:07,INDF,RG,6925,1,F,BK,AK,F
09:58:07,INDF,RG,6925,3,F,BK,AK,F
09:57:57,INDF,RG,6925,129,F,BK,ZP,F
09:57:27,INDF,RG,6950,1,D,OD,KZ,F
09:56:03,INDF,RG,6925,43,F,BK,AK,F
09:56:03,INDF,RG,6950,51,F,RX,KZ,F
09:56:01,INDF,RG,6950,1,F,RX,KZ,F
09:56:00,INDF,RG,6925,12,F,BK,ZP,F
09:56:00,INDF,RG,6925,182,F,BK,CC,D
09:55:54,INDF,RG,6950,1,D,XC,KZ,F
09:55:37,INDF,RG,6950,1,D,OD,KZ,F
09:54:22,INDF,RG,6925,12,F,BK,AK,F
09:54:09,INDF,RG,6925,13,F,BK,YU,F
09:53:26,INDF,RG,6925,1,F,BK,PD,D
09:52:58,INDF,RG,6925,16,F,BK,ZP,F
09:52:58,INDF,RG,6950,1,D,PD,KZ,F
09:52:29,INDF,RG,6925,2,F,BK,YP,D
09:52:29,INDF,RG,6925,8,F,AK,YP,D
09:52:21,INDF,RG,6950,38,F,RX,KZ,F
09:52:21,INDF,RG,6950,10,F,RX,ZP,F
09:52:21,INDF,RG,6950,19,F,RX,ZP,F
09:52:19,INDF,RG,6950,5,F,RX,ZP,F
09:52:07,INDF,RG,6925,26,F,AK,CS,D
09:52:07,INDF,RG,6925,5,D,XC,CS,D
09:52:07,INDF,RG,6925,10,D,ES,CS,D
09:52:07,INDF,RG,6925,1,D,YP,CS,D
09:52:07,INDF,RG,6925,7,F,AK,CS,D
09:52:07,INDF,RG,6925,1,F,AK,CS,D
09:52:07,INDF,RG,6925,1,D,PD,CS,D
09:52:07,INDF,RG,6925,10,D,CC,CS,D
09:52:07,INDF,RG,6925,1,D,PD,CS,D
09:52:07,INDF,RG,6925,1,D,YP,CS,D
09:52:07,INDF,RG,6925,1,D,XC,CS,D
09:52:07,INDF,RG,6925,3,D,XC,CS,D
09:52:07,INDF,RG,6925,5,D,KK,CS,D
09:52:07,INDF,RG,6925,8,D,CC,CS,D
09:52:07,INDF,RG,6925,2,D,CC,CS,D
09:52:07,INDF,RG,6925,5,D,XL,CS,D
09:52:07,INDF,RG,6925,1,F,AK,CS,D
09:52:07,INDF,RG,6925,3,D,PD,CS,D
09:52:07,INDF,RG,6925,1,F,AK,CS,D
09:52:07,INDF,RG,6925,16,F,AK,CS,D
09:52:07,INDF,RG,6925,12,F,AK,CS,D
09:52:07,INDF,RG,6925,1,F,AK,CS,D
09:52:07,INDF,RG,6925,5,D,YP,CS,D
09:52:07,INDF,RG,6925,1,D,YP,CS,D
09:52:07,INDF,RG,6925,1,D,PD,CS,D
09:52:07,INDF,RG,6925,1,D,DR,CS,D
09:52:07,INDF,RG,6925,13,D,YP,CS,D
09:52:07,INDF,RG,6950,1,D,OD,ZP,F
09:52:04,INDF,RG,6925,8,D,YP,XL,D
09:50:16,INDF,RG,6950,1,F,RX,ZP,F
09:50:15,INDF,RG,6950,1,D,OD,ZP,F
09:50:15,INDF,RG,6950,1,F,AK,ZP,F
09:48:43,INDF,RG,6950,28,F,RX,ZP,F
09:48:29,INDF,RG,6950,1,D,OD,ZP,F
09:48:24,INDF,RG,6950,9,F,RX,ZP,F
09:48:24,INDF,RG,6950,5,F,RX,ZP,F
09:48:24,INDF,RG,6950,14,F,RX,AK,F
09:48:15,INDF,RG,6950,1,F,AK,AK,F
09:48:15,INDF,RG,6950,8,F,AK,AK,F
09:46:54,INDF,RG,6925,1,D,YP,ZP,F
09:46:37,INDF,RG,6950,1,D,OD,AK,F
09:46:05,INDF,RG,6925,2,D,YP,XL,D
09:46:04,INDF,RG,6950,5,D,NI,AK,F
09:45:39,INDF,RG,6950,2,D,PD,AK,F
09:45:15,INDF,RG,6950,1,F,AK,AK,F
09:44:59,INDF,RG,6925,2,D,YP,ZP,F
09:44:47,INDF,RG,6950,1,D,OD,AK,F
09:44:12,INDF,RG,6950,2,D,IF,AK,F
09:44:08,INDF,RG,6950,1,D,BQ,AK,F
09:43:45,INDF,RG,6950,1,F,AK,AK,F
09:43:15,INDF,RG,6950,7,F,AK,AK,F
09:43:00,INDF,RG,6925,3,D,YP,ZP,F
09:43:00,INDF,RG,6925,33,D,YP,AK,F
09:43:00,INDF,RG,6925,1,D,YP,ZP,F
09:43:00,INDF,RG,6925,37,D,YP,CC,D
09:43:00,INDF,RG,6925,50,D,AG,CC,D
09:43:00,INDF,RG,6925,98,D,YP,CC,D
09:42:59,INDF,RG,6950,1,D,OD,AK,F
09:42:07,INDF,RG,6950,9,F,RX,AK,F
09:42:05,INDF,RG,6950,4,F,RX,AK,F
09:42:03,INDF,RG,6950,1,F,AK,AK,F
09:41:59,INDF,RG,6925,10,D,YP,SQ,D
09:41:46,INDF,RG,6950,1,D,BQ,AK,F
09:41:46,INDF,RG,6950,4,D,BQ,ZP,F
09:41:25,INDF,RG,6950,15,D,PD,ZP,F
09:41:25,INDF,RG,6950,12,D,PD,KZ,F
09:41:25,INDF,RG,6950,23,D,PD,AK,F
09:40:52,INDF,RG,6925,1,D,YP,PD,D
09:40:50,INDF,RG,6925,1,D,YP,XL,D
09:40:45,INDF,RG,6950,1,F,AK,AK,F
09:40:45,INDF,RG,6950,7,F,AK,AK,F
09:40:37,INDF,RG,6925,1,D,YP,PD,D
09:39:50,INDF,RG,6925,5,D,YP,PD,D
09:39:30,INDF,RG,6950,1,D,OD,AK,F
09:38:29,INDF,RG,6925,3,D,YP,PD,D
09:37:40,INDF,RG,6950,1,D,OD,AK,F
09:37:00,INDF,RG,6950,6,F,AK,AK,F
09:36:33,INDF,RG,6950,2,F,AK,AK,F
09:36:15,INDF,RG,6925,4,D,YP,YP,D
09:35:57,INDF,RG,6925,20,D,YP,AK,F
09:35:56,INDF,RG,6950,17,D,XL,ZP,F
09:35:56,INDF,RG,6950,3,D,XL,ZP,F
09:35:50,INDF,RG,6950,1,D,OD,ZP,F
09:35:36,INDF,RG,6925,1,D,YP,CC,D
09:35:31,INDF,RG,6925,9,D,YP,XC,D
09:34:33,INDF,RG,6925,50,D,YP,YP,D
09:34:30,INDF,RG,6950,1,F,AK,ZP,F
09:34:04,INDF,RG,6925,6,D,YP,XC,D
09:34:00,INDF,RG,6950,1,D,OD,ZP,F
09:33:10,INDF,RG,6950,1,D,XC,ZP,F
09:32:45,INDF,RG,6950,1,F,AK,ZP,F
09:30:20,INDF,RG,6950,1,D,OD,ZP,F
09:30:15,INDF,RG,6950,1,F,AK,ZP,F
09:29:55,INDF,RG,6950,5,D,XL,ZP,F
09:28:43,INDF,RG,6950,1,D,PD,ZP,F
09:28:29,INDF,RG,6950,1,D,OD,ZP,F
09:28:00,INDF,RG,6950,1,F,AK,ZP,F
09:26:41,INDF,RG,6950,1,D,OD,ZP,F
09:26:14,INDF,RG,6925,8,D,YP,YP,D
09:26:02,INDF,RG,6950,1,D,YP,ZP,F
09:24:55,INDF,RG,6950,1,D,OD,ZP,F
09:23:04,INDF,RG,6925,16,D,YP,AK,F
09:23:03,INDF,RG,6950,2,D,PD,ZP,F
09:23:03,INDF,RG,6950,3,D,PD,KZ,F
09:22:50,INDF,RG,6925,4,D,YP,ZP,F
09:22:50,INDF,RG,6950,1,F,AK,KZ,F
09:22:50,INDF,RG,6950,2,F,AK,KZ,F
09:22:50,INDF,RG,6950,1,F,AK,KZ,F
09:22:49,INDF,RG,6950,1,D,PD,ZP,F
09:22:49,INDF,RG,6950,2,D,KK,ZP,F
09:22:49,INDF,RG,6950,13,F,AK,ZP,F
09:22:38,INDF,RG,6950,14,F,AK,KZ,F
09:22:38,INDF,RG,6950,1,F,AK,ZP,F
09:22:38,INDF,RG,6950,5,D,CC,ZP,F
09:22:38,INDF,RG,6950,2,D,NI,ZP,F
09:22:38,INDF,RG,6950,19,F,RX,ZP,F
09:21:15,INDF,RG,6975,1,D,OD,RX,F
09:20:49,INDF,RG,6950,1,F,RX,KZ,F
09:20:48,INDF,RG,6950,2,F,RX,XC,D
09:20:41,INDF,RG,6950,1,F,RX,KZ,F
09:20:41,INDF,RG,6950,1,F,RX,AK,F
09:20:41,INDF,RG,6950,1,F,RX,KZ,F
09:20:41,INDF,RG,6950,2,F,RX,AK,F
09:20:41,INDF,RG,6950,14,F,RX,KZ,F
09:20:41,INDF,RG,6950,14,F,RX,AK,F
09:20:41,INDF,RG,6950,1,F,AK,AK,F
09:20:41,INDF,RG,6950,1,F,AK,AK,F
09:20:41,INDF,RG,6950,1,F,AK,AK,F
09:20:41,INDF,RG,6950,6,F,AK,AK,F
09:20:41,INDF,RG,6950,6,F,AK,AK,F
09:20:40,INDF,RG,6950,1,F,AK,KZ,F
09:20:40,INDF,RG,6950,23,F,AK,KZ,F
09:20:40,INDF,RG,6950,24,F,BK,KZ,F
09:20:40,INDF,RG,6950,12,F,BK,YU,F
09:20:40,INDF,RG,6950,9,F,BK,KZ,F
09:20:40,INDF,RG,6950,69,F,BK,AK,F
09:20:40,INDF,RG,6950,16,F,BK,AK,F
09:20:40,INDF,RG,6950,18,F,BK,ZP,F
09:20:40,INDF,RG,6950,1,F,BK,KZ,F
09:20:40,INDF,RG,6950,21,F,BK,ZP,F
09:20:39,INDF,RG,6950,9,F,BK,KZ,F
09:20:39,INDF,RG,6975,11,F,RX,RX,F
09:20:39,INDF,RG,6975,1,F,RX,ZP,F
09:20:39,INDF,RG,6975,6,F,RX,KZ,F
09:20:25,INDF,RG,6950,11,F,BK,KZ,F
09:20:25,INDF,RG,6950,22,F,BK,ZP,F
09:20:23,INDF,RG,6950,4,F,BK,KZ,F
09:20:23,INDF,RG,6950,8,F,BK,AK,F
09:20:23,INDF,RG,6950,1,F,BK,KZ,F
09:20:23,INDF,RG,6950,1,F,BK,AK,F
09:20:23,INDF,RG,6950,2,F,BK,AK,F
09:20:23,INDF,RG,6950,12,F,BK,KZ,F
09:20:23,INDF,RG,6950,23,F,BK,ZP,F
09:20:07,INDF,RG,6950,2,F,BK,KZ,F
09:20:07,INDF,RG,6950,7,F,BK,AK,F
09:20:07,INDF,RG,6950,6,F,BK,XC,D
09:18:50,INDF,RG,6950,2,F,BK,AK,F
09:18:50,INDF,RG,6950,1,F,BK,AZ,D
09:18:50,INDF,RG,6950,1,F,AK,AZ,D
09:18:06,INDF,RG,6950,1,F,AK,YB,D
09:17:48,INDF,RG,6975,1,D,XC,KZ,F
09:16:45,INDF,RG,6975,3,D,HP,KZ,F
09:16:20,INDF,RG,6975,2,D,SQ,KZ,F
09:11:20,INDF,RG,6950,1,D,XC,KZ,F
09:10:39,INDF,RG,6975,9,F,RX,KZ,F
09:10:39,INDF,RG,6975,1,F,RX,ZP,F
09:10:39,INDF,RG,6975,7,F,RX,ZP,F
09:10:39,INDF,RG,6975,1,F,RX,EP,D
09:10:39,INDF,RG,6925,10,D,YP,AK,F
09:10:38,INDF,RG,6950,13,F,BK,KZ,F
09:10:38,INDF,RG,6950,5,F,BK,ZP,F
09:10:38,INDF,RG,6950,10,F,BK,ZP,F
09:10:38,INDF,RG,6950,11,F,BK,ZP,F
09:10:38,INDF,RG,6950,13,F,BK,KZ,F
09:10:38,INDF,RG,6950,1,F,BK,YP,D
09:10:20,INDF,RG,6925,9,D,YP,AK,F
09:10:20,INDF,RG,6950,1,F,BK,XC,D
09:10:20,INDF,RG,6950,6,F,BK,ZP,F
09:10:20,INDF,RG,6950,16,F,BK,KZ,F
09:10:20,INDF,RG,6950,14,F,BK,ZP,F
09:10:20,INDF,RG,6950,2,F,BK,ZP,F
09:10:05,INDF,RG,6950,9,F,RX,ZP,F
09:10:05,INDF,RG,6950,2,F,RX,ZP,F
09:10:04,INDF,RG,6925,10,D,YP,AK,F
09:10:04,INDF,RG,6925,5,D,YP,ZP,F
09:10:03,INDF,RG,6950,16,F,BK,KZ,F
09:10:03,INDF,RG,6950,5,F,BK,ZP,F
09:10:03,INDF,RG,6950,2,F,BK,ZP,F
09:10:03,INDF,RG,6950,16,F,BK,ZP,F
09:10:03,INDF,RG,6950,16,F,BK,KZ,F
09:10:03,INDF,RG,6950,2,F,BK,ZP,F
09:09:37,INDF,RG,6925,1,D,YP,AK,F
09:09:37,INDF,RG,6925,1,D,YP,AK,F
09:09:37,INDF,RG,6950,6,F,RX,ZP,F
09:09:37,INDF,RG,6950,3,F,RX,PD,D
09:09:35,INDF,RG,6950,1,F,RX,PD,D
09:08:50,INDF,RG,6925,1,D,YP,AK,F
09:08:50,INDF,RG,6925,5,D,YP,CC,D
09:08:14,INDF,RG,6925,1,D,YP,AK,F
09:08:14,INDF,RG,6925,10,D,YP,CC,D
09:08:13,INDF,RG,6925,6,D,YP,AK,F
09:08:12,INDF,RG,6950,4,F,BK,ZP,F
09:08:12,INDF,RG,6950,8,F,BK,KZ,F
09:08:12,INDF,RG,6950,8,F,BK,ZP,F
09:08:12,INDF,RG,6950,10,F,BK,ZP,F
09:08:12,INDF,RG,6950,3,F,BK,KZ,F
09:07:43,INDF,RG,6925,1,D,YP,ZP,F
09:07:43,INDF,RG,6950,10,D,CC,KZ,F
09:07:04,INDF,RG,6975,3,F,RX,EP,D
09:07:02,INDF,RG,6975,1,F,RX,EP,D
09:07:02,INDF,RG,6975,6,F,RX,DX,D
09:07:01,INDF,RG,6950,4,F,BK,ZP,F
09:07:01,INDF,RG,6950,10,F,BK,CC,D
09:07:01,INDF,RG,6950,7,F,BK,KZ,F
09:07:01,INDF,RG,6950,2,F,BK,ZP,F
09:07:01,INDF,RG,6950,5,F,BK,ZP,F
09:07:01,INDF,RG,6950,6,F,BK,ZP,F
09:07:01,INDF,RG,6950,3,F,BK,KZ,F
09:07:01,INDF,RG,6950,3,F,BK,RB,D
09:06:46,INDF,RG,6925,1,D,YP,CC,D
09:06:46,INDF,RG,6925,2,D,YP,ZP,F
09:06:46,INDF,RG,6950,2,D,SQ,RB,D
09:06:30,INDF,RG,6950,1,D,SQ,KZ,F
09:06:30,INDF,RG,6950,4,D,CC,KZ,F
09:06:30,INDF,RG,6950,6,D,CC,XL,D
09:06:30,INDF,RG,6950,4,F,AK,XL,D
09:06:30,INDF,RG,6950,1,F,AK,XL,D
09:06:06,INDF,RG,6950,3,F,AK,KZ,F
09:06:06,INDF,RG,6950,6,F,AK,YU,F
09:06:02,INDF,RG,6950,1,F,AK,KZ,F
09:06:02,INDF,RG,6950,1,F,AK,NI,D
09:05:36,INDF,RG,6950,1,F,AK,KZ,F
09:05:36,INDF,RG,6950,1,F,AK,KZ,F
09:05:36,INDF,RG,6975,5,D,XL,DX,D
09:05:24,INDF,RG,6950,2,F,AK,KZ,F
09:05:24,INDF,RG,6950,5,F,AK,ZP,F
09:05:04,INDF,RG,6950,1,F,RX,KZ,F
09:05:02,INDF,RG,6950,1,F,RX,KZ,F
09:05:02,INDF,RG,6950,1,F,RX,YP,D
09:05:01,INDF,RG,6950,1,F,RX,KZ,F
09:05:01,INDF,RG,6950,3,F,RX,ZP,F
09:05:01,INDF,RG,6950,1,D,YP,ZP,F
09:04:01,INDF,RG,6950,1,D,PD,KZ,F
09:04:01,INDF,RG,6950,1,D,PD,YP,D
09:04:00,INDF,RG,6950,1,D,PD,AK,F
09:04:00,INDF,RG,6950,1,D,PD,AK,F
09:04:00,INDF,RG,6950,1,D,PD,KZ,F
09:04:00,INDF,RG,6950,6,D,NI,KZ,F
09:03:15,INDF,RG,6950,1,D,NI,ZP,F
09:01:50,INDF,RG,6975,5,D,YP,DX,D
09:01:50,INDF,RG,6950,2,D,NI,KK,D
09:01:49,INDF,RG,6950,1,D,NI,ZP,F
09:01:15,INDF,RG,6975,1,D,CC,DX,D
09:01:15,INDF,RG,6975,3,D,NI,DX,D
09:01:15,INDF,RG,6975,1,F,AK,DX,D
08:59:00,INDF,RG,6975,6,D,XL,DX,D
08:59:00,INDF,RG,6975,1,D,YP,DX,D
08:59:00,INDF,RG,6975,2,D,PD,DX,D
08:59:00,INDF,RG,6975,1,D,XL,DX,D
08:59:00,INDF,RG,6975,2,F,KK,DX,D
08:59:00,INDF,RG,6975,1,D,XL,DX,D
08:59:00,INDF,RG,6975,4,D,YP,DX,D
08:59:00,INDF,RG,6975,8,D,YP,ZP,F
08:59:00,INDF,RG,6975,2,D,LS,KZ,F
08:59:00,INDF,RG,6975,1,D,PD,KZ,F
08:59:00,INDF,RG,6975,1,D,PD,KZ,F
08:59:00,INDF,RG,6975,1,D,PD,KZ,F
08:59:00,INDF,RG,6975,7,D,GR,KZ,F
08:59:00,INDF,RG,6975,2,D,CC,KZ,F
08:59:00,INDF,RG,6975,1,D,DR,KZ,F
08:59:00,INDF,RG,6975,3,F,RX,KZ,F
08:59:00,INDF,RG,6975,1,F,RX,YU,F
08:59:00,INDF,RG,6975,3,F,RX,ZP,F
08:59:00,INDF,RG,6975,1,F,RX,ZP,F
08:59:00,INDF,RG,6975,1,F,AK,ZP,F
08:59:00,INDF,RG,6975,3,F,AK,ZP,F
08:59:00,INDF,RG,6975,1,F,AK,ZP,F
08:59:00,INDF,RG,6975,1,F,AK,ZP,F
08:59:00,INDF,RG,6975,1,F,AK,ZP,F
