Time,Stock,Brd,Price,Qty,BT,BC,SC,ST
15:12:08,INDF,RG,6925,1,D,CC,CC,D
15:07:15,INDF,RG,6925,100,D,DR,CC,D
15:00:00,INDF,RG,6925,399,F,CS,CC,D
15:00:00,INDF,RG,6925,20,F,CS,XA,D
15:00:00,INDF,RG,6925,111,F,CS,DH,D
15:00:00,INDF,RG,6925,15,F,CS,XA,D
15:00:00,INDF,RG,6925,1,F,CS,YP,D
15:00:00,INDF,RG,6925,5,F,CS,KK,D
15:00:00,INDF,RG,6925,1,F,CS,YP,D
15:00:00,INDF,RG,6925,10,F,CS,DR,D
15:00:00,INDF,RG,6925,499,F,CS,ZP,F
15:00:00,INDF,RG,6925,501,F,CS,ZP,F
15:00:00,INDF,RG,6925,1,F,CS,YP,D
15:00:00,INDF,RG,6925,108,F,CS,YB,D
15:00:00,INDF,RG,6925,1,F,CS,YP,D
15:00:00,INDF,RG,6925,1,F,CS,BQ,D
15:00:00,INDF,RG,6925,2,F,CS,NI,D
15:00:00,INDF,RG,6925,25,F,CS,KK,D
15:00:00,INDF,RG,6925,1,F,CS,PD,D
15:00:00,INDF,RG,6925,2,F,CS,HD,D
15:00:00,INDF,RG,6925,16,F,CS,PD,D
15:00:00,INDF,RG,6925,25,F,CS,YP,D
15:00:00,INDF,RG,6925,378,F,CS,ZP,F
15:00:00,INDF,RG,6925,50,D,NI,ZP,F
15:00:00,INDF,RG,6925,1,D,PD,ZP,F
15:00:00,INDF,RG,6925,7,D,IF,ZP,F
15:00:00,INDF,RG,6925,574,F,CS,ZP,F
15:00:00,INDF,RG,6925,406,F,AK,ZP,F
15:00:00,INDF,RG,6925,92,D,KZ,ZP,F
15:00:00,INDF,RG,6925,1,D,KZ,ZP,F
15:00:00,INDF,RG,6925,491,F,KZ,ZP,F
15:00:00,INDF,RG,6925,2,F,KZ,KK,D
15:00:00,INDF,RG,6925,25,F,KZ,YP,D
15:00:00,INDF,RG,6925,10,F,KZ,PD,D
15:00:00,INDF,RG,6925,22,F,KZ,YP,D
15:00:00,INDF,RG,6925,4903,F,KZ,ZP,F
15:00:00,INDF,RG,6925,124,F,CS,ZP,F
15:00:00,INDF,RG,6925,573,F,DX,ZP,F
15:00:00,INDF,RG,6925,1361,F,ZP,ZP,F
15:00:00,INDF,RG,6925,39,F,AK,ZP,F
15:00:00,INDF,RG,6925,43,F,AK,CP,D
15:00:00,INDF,RG,6925,2,F,AK,CP,D
15:00:00,INDF,RG,6925,365,F,AK,CP,D
15:00:00,INDF,RG,6925,25,F,AK,YP,D
15:00:00,INDF,RG,6925,6,F,AK,CC,D
15:00:00,INDF,RG,6925,1,F,AK,YP,D
15:00:00,INDF,RG,6925,894,F,AK,YU,F
15:00:00,INDF,RG,6925,144,F,AK,YU,F
15:00:00,INDF,RG,6925,5,F,AK,YU,F
15:00:00,INDF,RG,6925,7,F,AK,YU,F
15:00:00,INDF,RG,6925,4,F,AK,YU,F
15:00:00,INDF,RG,6925,3,F,AK,YU,F
15:00:00,INDF,RG,6925,1863,F,AK,YU,F
15:00:00,INDF,RG,6925,2050,F,AK,YU,F
15:00:00,INDF,RG,6925,479,F,YU,YU,F
15:00:00,INDF,RG,6925,391,F,YU,YU,F
15:00:00,INDF,RG,6925,88,F,YU,BK,F
15:00:00,INDF,RG,6925,479,F,YU,BK,F
15:00:00,INDF,RG,6925,45,F,RX,BK,F
15:00:00,INDF,RG,6925,216,F,RX,BK,F
15:00:00,INDF,RG,6925,11,F,RX,BK,F
15:00:00,INDF,RG,6925,1,F,RX,BK,F
15:00:00,INDF,RG,6925,13,F,RX,BK,F
15:00:00,INDF,RG,6925,148,F,RX,BK,F
15:00:00,INDF,RG,6925,4,F,RX,CS,F
15:00:00,INDF,RG,6925,21,F,RX,CS,F
15:00:00,INDF,RG,6925,1780,F,RX,CS,F
15:00:00,INDF,RG,6925,186,D,OD,CS,F
15:00:00,INDF,RG,6925,76,D,OD,CS,F
15:00:00,INDF,RG,6925,515,F,RX,CS,F
15:00:00,INDF,RG,6925,341,F,RX,YU,F
15:00:00,INDF,RG,6925,375,F,RX,GW,F
15:00:00,INDF,RG,6925,46,F,RX,DR,D
15:00:00,INDF,RG,6925,45,F,RX,RX,F
15:00:00,INDF,RG,6925,380,F,RX,PD,D
15:00:00,INDF,RG,6925,25,D,OD,PD,D
15:00:00,INDF,RG,6925,157,D,BQ,PD,D
15:00:00,INDF,RG,6925,46,D,DP,PD,D
15:00:00,INDF,RG,6925,95,D,LG,PD,D
14:49:59,INDF,RG,6925,7,F,ZP,YB,D
14:49:56,INDF,RG,6900,32,F,CS,BK,F
14:49:56,INDF,RG,6925,1,F,AK,YB,D
14:49:55,INDF,RG,6900,11,F,CS,YU,F
14:49:55,INDF,RG,6900,1,F,CS,XC,D
14:49:55,INDF,RG,6925,5,F,ZP,YB,D
14:49:55,INDF,RG,6925,5,F,ZP,YB,D
14:49:54,INDF,RG,6925,64,F,AK,YB,D
14:49:45,INDF,RG,6925,1,F,RX,YB,D
14:49:44,INDF,RG,6925,2,F,ZP,YB,D
14:49:42,INDF,RG,6925,6,F,CS,YB,D
14:49:42,INDF,RG,6925,3,F,CS,YB,D
14:49:34,INDF,RG,6925,1,F,RX,YB,D
14:49:34,INDF,RG,6925,2,D,PD,YB,D
14:49:27,INDF,RG,6925,1,D,NI,YB,D
14:49:24,INDF,RG,6925,1,F,ZP,YB,D
14:49:24,INDF,RG,6925,6,F,CS,YB,D
14:49:16,INDF,RG,6925,12,F,ZP,YB,D
14:49:15,INDF,RG,6925,5,F,CS,YB,D
14:49:15,INDF,RG,6925,52,F,AK,YB,D
14:49:15,INDF,RG,6925,18,F,RX,YB,D
14:49:14,INDF,RG,6925,1,F,RX,YP,D
14:49:10,INDF,RG,6950,1,F,RX,CP,D
14:49:08,INDF,RG,6950,3,F,ZP,CP,D
14:49:07,INDF,RG,6950,8,F,RX,CP,D
14:49:07,INDF,RG,6925,1,F,RX,YP,D
14:49:06,INDF,RG,6950,1,F,CS,CP,D
14:49:06,INDF,RG,6950,9,F,CS,CP,D
14:49:06,INDF,RG,6950,56,F,ZP,CP,D
14:49:04,INDF,RG,6950,9,F,ZP,CP,D
14:49:01,INDF,RG,6950,10,F,RX,CP,D
14:49:00,INDF,RG,6950,1,F,AK,CP,D
14:48:58,INDF,RG,6925,1,F,RX,YP,D
14:48:57,INDF,RG,6950,17,F,ZP,CP,D
14:48:57,INDF,RG,6950,1,F,ZP,CP,D
14:48:57,INDF,RG,6925,1,F,ZP,TP,D
14:48:57,INDF,RG,6925,1,F,ZP,TP,D
14:48:54,INDF,RG,6950,63,F,AK,CP,D
14:48:50,INDF,RG,6925,1,F,CS,YP,D
14:48:46,INDF,RG,6950,10,F,ZP,CP,D
14:48:46,INDF,RG,6925,1,F,ZP,YP,D
14:48:46,INDF,RG,6925,27,F,ZP,BK,F
14:48:45,INDF,RG,6925,1,F,AK,BK,F
14:48:43,INDF,RG,6925,4,F,CS,BK,F
14:48:42,INDF,RG,6925,40,D,CC,BK,F
14:48:42,INDF,RG,6925,40,D,CC,LG,D
14:48:37,INDF,RG,6925,1,F,CS,YP,D
14:48:37,INDF,RG,6925,30,F,RX,BK,F
14:48:37,INDF,RG,6925,44,F,RX,PD,D
14:48:35,INDF,RG,6925,6,F,CS,PD,D
14:48:34,INDF,RG,6925,79,F,ZP,BK,F
14:48:34,INDF,RG,6925,29,F,ZP,XC,D
14:48:33,INDF,RG,6925,1,F,CS,XC,D
14:48:33,INDF,RG,6925,2,F,ZP,XC,D
14:48:33,INDF,RG,6925,1,F,ZP,XC,D
14:48:30,INDF,RG,6950,1,F,CS,CP,D
14:48:30,INDF,RG,6925,1,F,ZP,XL,D
14:48:30,INDF,RG,6925,125,D,CC,BK,F
14:48:30,INDF,RG,6925,5,D,CC,NI,D
14:48:30,INDF,RG,6925,417,D,CC,CS,F
14:48:26,INDF,RG,6925,23,F,RX,CS,F
14:48:24,INDF,RG,6925,2,F,CS,CS,F
14:48:24,INDF,RG,6925,60,F,AK,CS,F
14:48:20,INDF,RG,6925,91,F,ZP,CS,F
14:48:20,INDF,RG,6925,1,F,ZP,YP,D
14:48:20,INDF,RG,6925,30,F,ZP,KK,D
14:48:20,INDF,RG,6925,1,F,ZP,XC,D
14:48:20,INDF,RG,6925,1,F,ZP,XC,D
14:48:20,INDF,RG,6925,21,F,ZP,SQ,D
14:48:15,INDF,RG,6925,1,F,AK,SQ,D
14:48:14,INDF,RG,6925,8,F,RX,SQ,D
14:48:14,INDF,RG,6925,1,F,RX,YP,D
14:48:14,INDF,RG,6925,5,F,RX,YP,D
14:48:14,INDF,RG,6925,7,F,RX,DH,D
14:48:14,INDF,RG,6925,88,F,RX,BK,F
14:48:13,INDF,RG,6925,5,F,ZP,BK,F
14:48:13,INDF,RG,6925,10,F,ZP,BK,F
14:48:13,INDF,RG,6925,3,F,ZP,BK,F
14:48:12,INDF,RG,6925,41,D,SQ,BK,F
14:48:12,INDF,RG,6925,65,D,SQ,PD,D
14:48:12,INDF,RG,6925,10,D,SQ,RX,F
14:48:12,INDF,RG,6925,3,D,SQ,CC,D
14:48:12,INDF,RG,6925,8,D,SQ,XA,D
14:48:12,INDF,RG,6925,1,D,SQ,SQ,D
14:48:12,INDF,RG,6925,500,D,SQ,ZP,F
14:48:12,INDF,RG,6925,1,D,SQ,YP,D
14:48:12,INDF,RG,6925,10,D,SQ,SQ,D
14:48:12,INDF,RG,6925,1,D,SQ,XC,D
14:48:12,INDF,RG,6925,2,D,SQ,YP,D
14:48:12,INDF,RG,6925,5,D,SQ,DH,D
14:48:12,INDF,RG,6925,30,D,SQ,SQ,D
14:48:12,INDF,RG,6925,20,D,SQ,YP,D
14:48:12,INDF,RG,6925,10,D,SQ,DR,D
14:48:12,INDF,RG,6925,19,D,SQ,YP,D
14:48:12,INDF,RG,6925,1,D,SQ,PD,D
14:48:12,INDF,RG,6925,10,D,SQ,PD,D
14:48:12,INDF,RG,6925,5,D,SQ,KK,D
14:48:12,INDF,RG,6925,14,D,SQ,XC,D
14:48:12,INDF,RG,6925,24,D,SQ,PF,D
14:48:11,INDF,RG,6900,15,F,CS,BK,F
14:48:09,INDF,RG,6925,9,F,CS,PF,D
14:48:04,INDF,RG,6925,22,F,ZP,PF,D
14:48:00,INDF,RG,6925,1,D,CC,PF,D
14:47:59,INDF,RG,6900,13,F,CS,BK,F
14:47:57,INDF,RG,6925,45,F,AK,PF,D
14:47:53,INDF,RG,6900,15,F,CS,BK,F
14:47:53,INDF,RG,6925,25,F,ZP,PF,D
14:47:47,INDF,RG,6925,8,F,CS,PF,D
14:47:47,INDF,RG,6900,7,F,CS,CS,F
14:47:47,INDF,RG,6900,15,F,CS,BK,F
14:47:45,INDF,RG,6925,18,F,ZP,PF,D
14:47:45,INDF,RG,6900,98,F,CS,GW,F
14:47:45,INDF,RG,6900,2,F,RX,GW,F
14:47:40,INDF,RG,6925,2,F,RX,PF,D
14:47:39,INDF,RG,6925,12,F,ZP,PF,D
14:47:39,INDF,RG,6925,62,F,AK,PF,D
14:47:30,INDF,RG,6900,9,F,RX,CS,F
14:47:29,INDF,RG,6925,2,F,RX,PF,D
14:47:29,INDF,RG,6925,10,F,CS,PF,D
14:47:28,INDF,RG,6925,8,F,ZP,PF,D
14:47:20,INDF,RG,6925,5,F,RX,PF,D
14:47:19,INDF,RG,6925,39,F,ZP,PF,D
14:47:17,INDF,RG,6900,11,F,RX,CS,F
14:47:16,INDF,RG,6925,38,F,RX,PF,D
14:47:15,INDF,RG,6925,1,F,AK,PF,D
14:47:09,INDF,RG,6925,110,F,AK,PF,D
14:47:09,INDF,RG,6925,59,F,ZP,PF,D
14:47:09,INDF,RG,6925,1,F,ZP,PD,D
14:47:09,INDF,RG,6925,3,F,ZP,XL,D
14:47:09,INDF,RG,6925,5,F,ZP,PD,D
14:47:09,INDF,RG,6925,1,F,ZP,NI,D
14:47:09,INDF,RG,6925,25,F,ZP,YP,D
14:47:09,INDF,RG,6925,1,F,ZP,EP,D
14:47:09,INDF,RG,6925,9,F,ZP,YP,D
14:47:09,INDF,RG,6925,1,F,ZP,PD,D
14:47:09,INDF,RG,6925,64,F,ZP,ZP,F
14:47:09,INDF,RG,6925,55,F,AK,ZP,F
14:47:06,INDF,RG,6925,11,F,CS,ZP,F
14:47:05,INDF,RG,6925,1,F,CS,ZP,F
14:47:05,INDF,RG,6925,1,F,CS,ZP,F
14:47:05,INDF,RG,6900,159,F,RX,BK,F
14:47:05,INDF,RG,6900,2,D,CC,BK,F
14:47:03,INDF,RG,6925,11,F,RX,ZP,F
14:47:02,INDF,RG,6900,7,D,CC,CS,F
14:47:02,INDF,RG,6900,6,D,CC,CS,F
14:47:02,INDF,RG,6925,99,F,AK,ZP,F
14:47:02,INDF,RG,6925,109,F,RX,ZP,F
14:47:00,INDF,RG,6925,649,D,SQ,ZP,F
14:47:00,INDF,RG,6925,30,D,SQ,SQ,D
14:47:00,INDF,RG,6925,1,D,SQ,KK,D
14:47:00,INDF,RG,6925,2,D,SQ,XC,D
14:47:00,INDF,RG,6925,18,D,SQ,GW,F
14:46:55,INDF,RG,6925,3,F,ZP,GW,F
14:46:46,INDF,RG,6900,13,D,CC,BK,F
14:46:44,INDF,RG,6900,1,D,CC,CS,D
14:46:44,INDF,RG,6925,22,F,ZP,GW,F
14:46:43,INDF,RG,6900,15,D,CC,BK,F
14:46:39,INDF,RG,6900,6,D,CC,CS,D
14:46:39,INDF,RG,6900,3,D,CC,XA,D
14:46:39,INDF,RG,6925,7,F,AK,GW,F
14:46:39,INDF,RG,6925,10,F,AK,YP,D
14:46:39,INDF,RG,6925,8,F,AK,XC,D
14:46:39,INDF,RG,6925,1,F,AK,KK,D
14:46:39,INDF,RG,6925,2,F,AK,YJ,D
14:46:39,INDF,RG,6925,1,F,AK,PD,D
14:46:39,INDF,RG,6925,14,F,AK,PD,D
14:46:39,INDF,RG,6925,1,F,AK,KK,D
14:46:39,INDF,RG,6925,10,F,AK,CC,D
14:46:38,INDF,RG,6900,13,D,CC,BK,F
14:46:37,INDF,RG,6925,7,F,CS,CC,D
14:46:37,INDF,RG,6925,1,F,CS,YP,D
14:46:37,INDF,RG,6925,3,F,CS,CC,D
14:46:37,INDF,RG,6925,1,F,CS,XC,D
14:46:37,INDF,RG,6925,10,F,CS,GW,F
14:46:36,INDF,RG,6900,21,D,CC,CS,F
14:46:33,INDF,RG,6900,12,D,CC,CS,D
14:46:30,INDF,RG,6925,3,F,AK,GW,F
14:46:29,INDF,RG,6925,3,F,ZP,GW,F
14:46:23,INDF,RG,6900,13,D,CC,CS,D
14:46:22,INDF,RG,6925,1,F,CS,GW,F
14:46:19,INDF,RG,6925,8,F,ZP,GW,F
14:46:19,INDF,RG,6925,2,F,ZP,PD,D
14:46:19,INDF,RG,6925,1,F,ZP,XC,D
14:46:19,INDF,RG,6925,1,F,ZP,YP,D
14:46:16,INDF,RG,6900,15,D,CC,BK,F
14:46:15,INDF,RG,6925,1,F,AK,DH,D
14:46:13,INDF,RG,6900,16,D,CC,CS,D
14:46:12,INDF,RG,6925,1,D,NI,DR,D
14:46:07,INDF,RG,6900,15,D,CC,BK,F
14:46:05,INDF,RG,6925,5,F,ZP,SQ,D
14:46:05,INDF,RG,6925,11,F,ZP,CC,D
14:46:05,INDF,RG,6900,30,D,CC,SQ,D
14:45:58,INDF,RG,6900,17,D,CC,BK,F
14:45:54,INDF,RG,6900,23,D,CC,CS,F
14:45:54,INDF,RG,6925,11,F,ZP,CC,D
14:45:54,INDF,RG,6925,3,F,AK,CC,D
14:45:54,INDF,RG,6925,1,F,AK,DH,D
14:45:54,INDF,RG,6925,5,F,AK,CC,D
14:45:54,INDF,RG,6925,25,F,AK,GR,D
14:45:54,INDF,RG,6925,5,F,AK,YP,D
14:45:54,INDF,RG,6925,26,F,AK,ZP,F
14:45:49,INDF,RG,6900,15,D,CC,BK,F
14:45:46,INDF,RG,6900,28,D,CC,BK,F
14:45:46,INDF,RG,6925,27,F,CS,ZP,F
14:45:45,INDF,RG,6925,1,F,AK,ZP,F
14:45:33,INDF,RG,6900,1,D,CC,SQ,D
14:45:30,INDF,RG,6925,1,F,AK,ZP,F
14:45:29,INDF,RG,6925,4,F,ZP,ZP,F
14:45:20,INDF,RG,6900,2,D,CC,YP,D
14:45:10,INDF,RG,6900,13,D,CC,BK,F
14:45:07,INDF,RG,6925,31,F,ZP,ZP,F
14:45:03,INDF,RG,6900,15,D,CC,BK,F
14:44:58,INDF,RG,6900,90,D,CC,YP,D
14:44:58,INDF,RG,6900,4,D,YP,YP,D
14:44:58,INDF,RG,6900,6,F,CS,YP,D
14:44:58,INDF,RG,6900,1,F,CS,BK,F
14:44:58,INDF,RG,6900,1,F,CS,BK,F
14:44:58,INDF,RG,6900,12,F,ZP,BK,F
14:44:58,INDF,RG,6900,3,F,CS,BK,F
14:44:58,INDF,RG,6900,1,F,CS,BK,F
14:44:55,INDF,RG,6925,8,F,RX,ZP,F
14:44:54,INDF,RG,6925,9,F,ZP,ZP,F
14:44:54,INDF,RG,6925,64,F,AK,ZP,F
14:44:50,INDF,RG,6925,2,F,RX,ZP,F
14:44:49,INDF,RG,6925,16,D,PD,ZP,F
14:44:45,INDF,RG,6925,1,F,AK,ZP,F
14:44:38,INDF,RG,6925,4,F,RX,ZP,F
14:44:37,INDF,RG,6925,33,F,CS,ZP,F
14:44:17,INDF,RG,6925,1,F,ZP,ZP,F
14:44:07,INDF,RG,6925,1,F,ZP,ZP,F
14:44:07,INDF,RG,6900,4,F,CS,XL,D
14:44:05,INDF,RG,6925,1,F,RX,ZP,F
14:44:05,INDF,RG,6925,7,F,ZP,ZP,F
14:44:03,INDF,RG,6925,1,F,ZP,ZP,F
14:43:54,INDF,RG,6925,1,F,RX,ZP,F
14:43:53,INDF,RG,6925,1,F,ZP,ZP,F
14:43:48,INDF,RG,6925,2,F,CS,ZP,F
14:43:48,INDF,RG,6925,5,F,CS,ZP,F
14:43:47,INDF,RG,6925,1,F,ZP,ZP,F
14:43:46,INDF,RG,6900,2,F,CS,LG,D
14:43:44,INDF,RG,6925,1,F,RX,ZP,F
14:43:43,INDF,RG,6925,4,D,XC,ZP,F
14:43:37,INDF,RG,6925,1,F,CS,ZP,F
14:43:37,INDF,RG,6925,1,F,CS,ZP,F
14:43:30,INDF,RG,6925,1,F,AK,ZP,F
14:43:23,INDF,RG,6925,1,F,ZP,ZP,F
14:43:16,INDF,RG,6925,5,F,ZP,ZP,F
14:43:05,INDF,RG,6925,8,F,RX,ZP,F
14:43:04,INDF,RG,6925,46,F,ZP,ZP,F
14:43:04,INDF,RG,6925,25,F,CS,ZP,F
14:42:53,INDF,RG,6925,32,F,RX,ZP,F
14:42:52,INDF,RG,6925,16,F,ZP,ZP,F
14:42:52,INDF,RG,6925,111,D,CC,ZP,F
14:42:52,INDF,RG,6925,1,D,CC,PD,D
14:42:52,INDF,RG,6925,5,D,CC,BS,D
14:42:52,INDF,RG,6925,5,D,CC,FZ,D
14:42:52,INDF,RG,6925,16,D,CC,YP,D
14:42:52,INDF,RG,6925,10,D,CC,DR,D
14:42:52,INDF,RG,6925,3,D,CC,YP,D
14:42:52,INDF,RG,6925,111,D,CC,DH,D
14:42:52,INDF,RG,6925,2,D,CC,PD,D
14:42:52,INDF,RG,6925,10,D,CC,XA,D
14:42:29,INDF,RG,6925,19,F,RX,XA,D
14:42:28,INDF,RG,6925,1,F,ZP,XA,D
14:42:22,INDF,RG,6900,1,F,CS,YP,D
14:42:15,INDF,RG,6925,1,F,AK,XA,D
14:42:15,INDF,RG,6925,90,F,ZP,XA,D
14:42:05,INDF,RG,6925,4,D,PD,XA,D
14:42:05,INDF,RG,6925,41,F,ZP,IH,D
14:42:05,INDF,RG,6925,27,F,ZP,IH,D
14:42:05,INDF,RG,6925,6,F,ZP,IH,D
14:42:04,INDF,RG,6925,1,F,CS,IH,D
14:42:04,INDF,RG,6900,5,F,AK,CC,D
14:42:04,INDF,RG,6900,69,F,AK,CS,D
14:42:04,INDF,RG,6900,34,F,AK,PD,D
14:42:04,INDF,RG,6900,16,D,SQ,PD,D
14:42:04,INDF,RG,6900,20,D,SQ,GR,D
14:42:04,INDF,RG,6900,25,D,SQ,YP,D
14:42:04,INDF,RG,6900,60,D,SQ,CS,F
14:42:04,INDF,RG,6900,34,D,SQ,CS,D
14:42:04,INDF,RG,6900,345,D,SQ,CS,F
14:42:03,INDF,RG,6900,49,F,RX,CS,F
14:42:01,INDF,RG,6900,5,D,YP,CS,F
14:42:01,INDF,RG,6900,5,D,HP,CS,F
14:42:00,INDF,RG,6900,2,F,ZP,CS,F
14:42:00,INDF,RG,6900,16,F,CS,CS,F
14:42:00,INDF,RG,6900,237,D,CC,CS,F
14:42:00,INDF,RG,6900,70,D,CC,SQ,D
14:42:00,INDF,RG,6900,50,D,CC,GW,F
14:42:00,INDF,RG,6900,4,D,CC,YP,D
14:42:00,INDF,RG,6900,1,D,CC,XC,D
14:42:00,INDF,RG,6900,5,D,CC,PD,D
14:42:00,INDF,RG,6900,49,D,CC,CS,F
14:41:53,INDF,RG,6900,1,F,ZP,CS,F
14:41:36,INDF,RG,6900,1,F,RX,CS,F
14:41:34,INDF,RG,6900,5,F,ZP,CS,F
14:41:33,INDF,RG,6900,2,F,RX,CS,F
14:41:23,INDF,RG,6900,3,F,ZP,CS,F
14:41:23,INDF,RG,6900,1,F,CS,CS,F
14:41:23,INDF,RG,6900,13,F,CS,RX,F
14:41:23,INDF,RG,6900,3,F,CS,CS,D
14:41:15,INDF,RG,6900,5,F,RX,CS,D
14:41:14,INDF,RG,6900,39,F,ZP,CS,D
14:41:14,INDF,RG,6900,2,D,NI,CS,D
14:41:00,INDF,RG,6900,3,F,AK,CS,D
14:40:56,INDF,RG,6900,22,F,RX,CS,D
14:40:56,INDF,RG,6900,34,D,CC,CS,D
14:40:56,INDF,RG,6900,104,D,CC,YP,D
14:40:56,INDF,RG,6900,10,D,CC,DR,D
14:40:56,INDF,RG,6900,1,D,CC,YP,D
14:40:56,INDF,RG,6900,51,D,CC,CS,D
14:40:55,INDF,RG,6900,6,F,RX,CS,D
14:40:53,INDF,RG,6900,21,F,ZP,CS,D
14:40:53,INDF,RG,6900,34,F,ZP,CS,F
14:40:52,INDF,RG,6900,18,F,RX,CS,F
14:40:52,INDF,RG,6900,17,F,RX,SQ,D
14:40:49,INDF,RG,6900,2,F,CS,SQ,D
14:40:49,INDF,RG,6900,5,F,CS,SQ,D
14:40:49,INDF,RG,6900,16,D,CC,SQ,D
14:40:49,INDF,RG,6900,50,D,CC,GW,F
14:40:49,INDF,RG,6900,9,D,CC,PD,D
14:40:49,INDF,RG,6900,5,D,CC,NI,D
14:40:49,INDF,RG,6900,55,D,CC,YU,F
14:40:49,INDF,RG,6900,11,D,CC,PD,D
14:40:49,INDF,RG,6900,19,D,CC,XL,D
14:40:49,INDF,RG,6900,50,D,CC,KK,D
14:40:49,INDF,RG,6900,1,D,CC,NI,D
14:40:49,INDF,RG,6900,84,D,CC,ZP,F
14:40:47,INDF,RG,6900,2,F,CS,ZP,F
14:40:45,INDF,RG,6900,1,F,AK,ZP,F
14:40:42,INDF,RG,6900,5,F,ZP,ZP,F
14:40:42,INDF,RG,6900,2,F,RX,ZP,F
14:40:41,INDF,RG,6900,17,F,CS,ZP,F
14:40:29,INDF,RG,6900,1,F,RX,ZP,F
14:40:28,INDF,RG,6900,8,F,ZP,ZP,F
14:40:28,INDF,RG,6900,1,D,OD,ZP,F
14:40:26,INDF,RG,6900,2,F,RX,ZP,F
14:40:24,INDF,RG,6900,16,D,PD,ZP,F
14:40:23,INDF,RG,6900,1,F,RX,ZP,F
14:40:23,INDF,RG,6900,4,F,ZP,ZP,F
14:40:20,INDF,RG,6900,9,F,RX,ZP,F
14:40:20,INDF,RG,6900,2,F,CS,ZP,F
14:40:20,INDF,RG,6900,80,F,ZP,ZP,F
14:40:07,INDF,RG,6900,51,F,RX,ZP,F
14:40:06,INDF,RG,6900,384,F,AK,ZP,F
14:40:06,INDF,RG,6875,4,D,CC,OD,D
14:40:06,INDF,RG,6900,78,F,ZP,ZP,F
14:40:02,INDF,RG,6900,45,F,RX,ZP,F
14:40:01,INDF,RG,6900,21,F,CS,ZP,F
14:39:59,INDF,RG,6900,32,F,AK,ZP,F
14:39:59,INDF,RG,6900,25,F,AK,ZP,F
14:39:58,INDF,RG,6900,129,D,CC,ZP,F
14:39:58,INDF,RG,6900,1,D,CC,AZ,D
14:39:58,INDF,RG,6900,37,D,CC,CC,D
14:39:58,INDF,RG,6900,155,D,CC,YU,F
14:39:56,INDF,RG,6900,3,F,ZP,YU,F
14:39:56,INDF,RG,6900,2,D,OD,YU,F
14:39:53,INDF,RG,6900,1,F,RX,YP,D
14:39:52,INDF,RG,6900,7,F,ZP,YP,D
14:39:35,INDF,RG,6900,3,F,RX,YP,D
14:39:34,INDF,RG,6900,6,F,ZP,YP,D
14:39:34,INDF,RG,6900,20,D,YP,YP,D
14:39:15,INDF,RG,6900,7,F,ZP,YP,D
14:39:10,INDF,RG,6900,3,F,RX,YP,D
14:39:09,INDF,RG,6900,3,F,CS,YP,D
14:39:09,INDF,RG,6900,12,F,CS,CS,D
14:39:09,INDF,RG,6900,1,F,CS,NI,D
14:39:09,INDF,RG,6900,10,F,CS,CS,F
14:39:08,INDF,RG,6900,4,F,RX,CS,F
14:39:08,INDF,RG,6900,35,F,ZP,CS,F
14:39:01,INDF,RG,6900,54,F,RX,CS,F
14:39:00,INDF,RG,6900,30,D,PD,CS,F
14:39:00,INDF,RG,6900,2,D,PD,CS,F
14:39:00,INDF,RG,6900,51,D,CC,CS,F
14:39:00,INDF,RG,6900,4,D,CC,NI,D
14:39:00,INDF,RG,6900,3,D,CC,PD,D
14:39:00,INDF,RG,6900,28,D,CC,YU,F
14:39:00,INDF,RG,6900,54,D,CC,YU,F
14:39:00,INDF,RG,6900,4,D,CC,NI,D
14:39:00,INDF,RG,6900,25,D,CC,SQ,D
14:39:00,INDF,RG,6900,48,D,CC,YU,F
14:39:00,INDF,RG,6900,115,D,CC,CS,F
14:39:00,INDF,RG,6900,8,D,CC,XC,D
14:39:00,INDF,RG,6900,2,D,CC,YP,D
14:38:54,INDF,RG,6900,2,D,OD,YP,D
14:38:06,INDF,RG,6900,2,F,CS,PD,D
14:38:06,INDF,RG,6900,24,F,CS,YU,F
14:37:54,INDF,RG,6900,1,D,OD,YU,F
14:37:40,INDF,RG,6875,50,D,CC,GW,F
14:37:36,INDF,RG,6875,1,D,CC,NI,D
14:37:25,INDF,RG,6900,20,D,PD,YU,F
14:37:25,INDF,RG,6900,12,D,PD,RX,F
14:37:25,INDF,RG,6900,5,D,PD,NI,D
14:37:25,INDF,RG,6900,33,D,PD,YP,D
14:37:25,INDF,RG,6900,1,D,PD,LG,D
14:37:25,INDF,RG,6900,10,D,PD,YU,F
14:37:19,INDF,RG,6875,61,D,CC,CS,F
14:37:06,INDF,RG,6900,3,F,RX,YU,F
14:37:04,INDF,RG,6900,30,F,CS,YU,F
14:36:51,INDF,RG,6900,1,F,RX,YU,F
14:36:50,INDF,RG,6900,2,D,OD,YU,F
14:36:40,INDF,RG,6900,1,D,YP,YU,F
14:35:51,INDF,RG,6900,2,F,RX,YU,F
14:35:51,INDF,RG,6900,1,F,RX,YP,D
14:35:51,INDF,RG,6900,24,F,CS,YP,D
14:35:51,INDF,RG,6900,5,F,CS,PD,D
14:35:51,INDF,RG,6900,2,F,CS,PD,D
14:35:48,INDF,RG,6900,2,D,OD,PD,D
14:35:14,INDF,RG,6900,3,F,RX,PD,D
14:35:13,INDF,RG,6900,13,D,PD,PD,D
14:35:13,INDF,RG,6900,1,D,PD,YP,D
14:35:13,INDF,RG,6900,2,D,PD,PD,D
14:35:13,INDF,RG,6900,5,D,PD,NI,D
14:34:46,INDF,RG,6900,2,D,OD,NI,D
14:34:39,INDF,RG,6900,3,F,RX,NI,D
14:34:38,INDF,RG,6900,26,F,CS,GW,F
14:34:03,INDF,RG,6900,24,F,RX,GW,F
14:34:03,INDF,RG,6900,10,F,RX,LG,D
14:34:03,INDF,RG,6900,11,F,RX,YU,F
14:34:00,INDF,RG,6900,37,D,CC,YU,F
14:34:00,INDF,RG,6900,73,D,CC,CS,D
14:34:00,INDF,RG,6900,2,D,CC,SQ,D
14:34:00,INDF,RG,6900,3,D,CC,NI,D
14:34:00,INDF,RG,6900,36,D,CC,XC,D
14:34:00,INDF,RG,6900,5,D,CC,CC,D
14:34:00,INDF,RG,6900,3,D,CC,OD,D
14:34:00,INDF,RG,6900,2,D,CC,CC,D
14:34:00,INDF,RG,6900,39,D,CC,YU,F
14:34:00,INDF,RG,6900,14,D,CC,CS,F
14:34:00,INDF,RG,6900,15,D,CC,RX,F
14:34:00,INDF,RG,6900,79,D,CC,CS,D
14:34:00,INDF,RG,6900,2,D,CC,XL,D
14:34:00,INDF,RG,6900,44,D,CC,CS,F
14:34:00,INDF,RG,6900,31,D,CC,YU,F
14:34:00,INDF,RG,6900,19,D,CC,SQ,D
14:33:44,INDF,RG,6900,2,D,OD,SQ,D
14:33:34,INDF,RG,6900,9,F,RX,SQ,D
14:33:34,INDF,RG,6900,10,F,RX,SQ,D
14:33:34,INDF,RG,6900,25,F,RX,GW,F
14:33:33,INDF,RG,6900,25,F,CS,GW,F
14:33:33,INDF,RG,6900,7,F,CS,PD,D
14:33:33,INDF,RG,6900,8,D,CC,PD,D
14:33:33,INDF,RG,6900,1,D,CC,GR,D
14:33:33,INDF,RG,6900,8,D,CC,YP,D
14:33:33,INDF,RG,6900,4,D,CC,SQ,D
14:33:33,INDF,RG,6900,25,D,CC,YP,D
14:33:33,INDF,RG,6900,10,D,CC,AZ,D
14:33:33,INDF,RG,6900,266,D,CC,ZP,F
14:33:22,INDF,RG,6875,4,D,CC,PD,D
14:33:22,INDF,RG,6875,5,F,CS,PD,D
14:33:22,INDF,RG,6875,157,F,ZP,PD,D
14:33:16,INDF,RG,6875,46,F,ZP,CS,F
14:32:59,INDF,RG,6875,5,F,ZP,RX,F
14:32:46,INDF,RG,6900,1,D,OD,ZP,F
14:32:11,INDF,RG,6900,10,F,ZP,ZP,F
14:32:11,INDF,RG,6875,67,F,ZP,CS,D
14:32:05,INDF,RG,6900,3,F,ZP,ZP,F
14:32:04,INDF,RG,6875,8,F,ZP,GW,F
14:32:04,INDF,RG,6875,1,F,CS,GW,F
14:32:04,INDF,RG,6875,3,F,CS,GW,F
14:32:04,INDF,RG,6875,20,D,YP,GW,F
14:32:04,INDF,RG,6875,1,F,CS,GW,F
14:32:04,INDF,RG,6875,43,F,ZP,GW,F
14:32:04,INDF,RG,6875,1,F,AK,GW,F
14:32:04,INDF,RG,6875,1,F,AK,GW,F
14:32:04,INDF,RG,6875,1,F,CC,GW,F
14:32:04,INDF,RG,6875,1,F,CS,GW,F
14:32:04,INDF,RG,6875,20,F,CS,GW,F
14:31:50,INDF,RG,6900,10,F,ZP,ZP,F
14:31:46,INDF,RG,6900,2,D,OD,ZP,F
14:31:42,INDF,RG,6900,10,F,ZP,ZP,F
14:31:42,INDF,RG,6875,1,F,CS,CS,F
14:31:42,INDF,RG,6875,1,F,CS,CS,F
14:31:42,INDF,RG,6875,3,F,CS,CS,F
14:31:42,INDF,RG,6875,1,F,CS,CS,F
14:31:42,INDF,RG,6875,1,F,AK,CS,F
14:31:42,INDF,RG,6875,1,F,AK,CS,F
14:31:42,INDF,RG,6875,1,F,AK,CS,F
14:31:42,INDF,RG,6875,34,F,RX,CS,F
14:31:35,INDF,RG,6875,39,F,RX,XL,D
14:31:30,INDF,RG,6900,7,F,ZP,ZP,F
14:31:27,INDF,RG,6900,4,F,RX,ZP,F
14:31:25,INDF,RG,6900,34,F,CS,ZP,F
14:31:19,INDF,RG,6875,15,F,RX,SQ,D
14:31:17,INDF,RG,6900,3,F,RX,ZP,F
14:31:16,INDF,RG,6875,15,F,RX,SQ,D
14:31:14,INDF,RG,6900,21,F,ZP,ZP,F
14:31:14,INDF,RG,6900,4,F,CS,ZP,F
14:31:08,INDF,RG,6900,1,D,CC,ZP,F
14:31:07,INDF,RG,6900,9,F,RX,ZP,F
14:30:57,INDF,RG,6900,80,D,PD,ZP,F
14:30:56,INDF,RG,6900,3,F,ZP,ZP,F
14:30:53,INDF,RG,6900,5,F,RX,ZP,F
14:30:50,INDF,RG,6900,49,F,ZP,ZP,F
14:30:45,INDF,RG,6900,42,F,RX,ZP,F
14:30:44,INDF,RG,6900,2,D,OD,ZP,F
14:30:44,INDF,RG,6900,322,D,CC,ZP,F
14:30:35,INDF,RG,6900,30,D,AZ,ZP,F
14:30:30,INDF,RG,6900,1,F,AK,ZP,F
14:30:29,INDF,RG,6900,4,F,ZP,ZP,F
14:30:19,INDF,RG,6900,5,F,ZP,ZP,F
14:30:12,INDF,RG,6900,12,F,ZP,ZP,F
14:30:12,INDF,RG,6875,1,F,AK,CS,F
14:30:12,INDF,RG,6875,2,D,XC,CS,F
14:30:12,INDF,RG,6875,36,F,AK,CS,F
14:30:09,INDF,RG,6900,2,F,RX,ZP,F
14:30:09,INDF,RG,6900,21,D,PD,ZP,F
14:30:06,INDF,RG,6900,5,F,RX,ZP,F
14:30:05,INDF,RG,6900,6,F,ZP,ZP,F
14:30:05,INDF,RG,6900,34,F,CS,ZP,F
14:29:50,INDF,RG,6900,5,F,ZP,ZP,F
14:29:45,INDF,RG,6900,2,F,RX,ZP,F
14:29:44,INDF,RG,6900,17,F,ZP,ZP,F
14:29:44,INDF,RG,6900,1,D,OD,ZP,F
14:29:25,INDF,RG,6900,3,F,RX,ZP,F
14:29:24,INDF,RG,6900,27,F,ZP,ZP,F
14:29:24,INDF,RG,6875,9,F,AK,CS,D
14:29:24,INDF,RG,6875,2,D,XC,CS,D
14:29:24,INDF,RG,6875,49,F,RX,CS,D
14:29:06,INDF,RG,6900,18,F,RX,ZP,F
14:29:03,INDF,RG,6900,154,F,ZP,ZP,F
14:29:03,INDF,RG,6900,81,F,RX,ZP,F
14:29:00,INDF,RG,6900,43,F,AK,ZP,F
14:29:00,INDF,RG,6900,8,F,ZP,ZP,F
14:29:00,INDF,RG,6900,403,F,AK,ZP,F
14:29:00,INDF,RG,6900,101,F,AK,ZP,F
14:29:00,INDF,RG,6900,12,F,AK,ZP,F
14:29:00,INDF,RG,6900,117,F,AK,ZP,F
14:29:00,INDF,RG,6900,2,F,AK,XL,D
14:29:00,INDF,RG,6900,2,F,AK,YP,D
14:29:00,INDF,RG,6900,1,F,AK,CC,D
14:29:00,INDF,RG,6900,1,F,AK,CC,D
14:29:00,INDF,RG,6900,12,F,AK,DR,D
14:28:53,INDF,RG,6875,41,F,RX,CS,F
14:28:53,INDF,RG,6875,2,F,CS,CS,F
14:28:53,INDF,RG,6875,1,F,CS,CS,F
14:28:53,INDF,RG,6900,14,F,ZP,DR,D
14:28:47,INDF,RG,6900,10,F,CS,DR,D
14:28:47,INDF,RG,6900,6,F,CS,XL,D
14:28:45,INDF,RG,6900,1,F,AK,XL,D
14:28:45,INDF,RG,6900,1,F,AK,XL,D
14:28:44,INDF,RG,6900,2,F,RX,XL,D
14:28:44,INDF,RG,6900,6,F,RX,XC,D
14:28:42,INDF,RG,6900,2,D,OD,XC,D
14:28:42,INDF,RG,6900,23,F,ZP,XC,D
14:28:42,INDF,RG,6900,9,F,ZP,YP,D
14:28:42,INDF,RG,6900,5,F,CS,YP,D
14:28:42,INDF,RG,6900,10,F,CS,AT,D
14:28:42,INDF,RG,6900,1,F,CS,PD,D
14:28:42,INDF,RG,6900,1,F,CS,PD,D
14:28:42,INDF,RG,6900,1,F,CS,PD,D
14:28:42,INDF,RG,6900,5,F,CS,SQ,D
14:28:42,INDF,RG,6900,1,F,CS,SQ,D
14:28:42,INDF,RG,6900,10,F,CS,SQ,D
14:28:20,INDF,RG,6900,43,F,RX,SQ,D
14:28:20,INDF,RG,6900,1,F,AK,SQ,D
14:28:19,INDF,RG,6900,6,F,ZP,SQ,D
14:28:19,INDF,RG,6900,5,F,ZP,KK,D
14:28:19,INDF,RG,6900,10,D,PD,KK,D
14:28:19,INDF,RG,6900,1,D,PD,GR,D
14:28:19,INDF,RG,6900,5,D,PD,ZP,D
14:28:19,INDF,RG,6900,1,D,PD,DR,D
14:28:19,INDF,RG,6900,15,D,PD,AI,D
14:28:19,INDF,RG,6900,10,D,PD,XC,D
14:28:19,INDF,RG,6900,39,D,PD,YP,D
14:28:00,INDF,RG,6900,29,F,AK,YP,D
14:27:55,INDF,RG,6900,3,F,ZP,YP,D
14:27:47,INDF,RG,6900,1,F,ZP,YP,D
14:27:44,INDF,RG,6900,2,D,OD,YP,D
14:27:37,INDF,RG,6900,12,F,ZP,YP,D
14:27:32,INDF,RG,6900,6,F,ZP,YP,D
14:27:22,INDF,RG,6875,2,F,CS,CS,F
14:27:22,INDF,RG,6875,1,F,CS,CS,F
14:27:22,INDF,RG,6875,40,D,SQ,CS,F
14:27:22,INDF,RG,6900,8,F,ZP,YP,D
14:27:22,INDF,RG,6900,1,D,XC,YP,D
14:27:20,INDF,RG,6900,35,F,CS,YP,D
14:27:14,INDF,RG,6900,9,F,ZP,YP,D
14:26:47,INDF,RG,6900,3,F,ZP,YP,D
14:26:46,INDF,RG,6875,1,D,SQ,YP,D
14:26:42,INDF,RG,6900,16,F,ZP,YP,D
14:26:42,INDF,RG,6900,1,D,OD,YP,D
14:26:31,INDF,RG,6875,59,D,SQ,CS,D
14:26:30,INDF,RG,6900,1,F,AK,YP,D
14:26:30,INDF,RG,6900,6,F,ZP,YP,D
14:26:30,INDF,RG,6900,1,F,AK,YP,D
14:26:27,INDF,RG,6900,87,F,ZP,YP,D
14:26:27,INDF,RG,6875,6,D,SQ,RX,F
14:26:16,INDF,RG,6900,5,F,ZP,YP,D
14:26:16,INDF,RG,6900,4,F,ZP,YP,D
14:26:16,INDF,RG,6875,94,D,SQ,ZP,F
14:26:16,INDF,RG,6875,3,D,KK,ZP,F
14:26:16,INDF,RG,6875,119,F,RX,ZP,F
14:26:16,INDF,RG,6875,1,F,CS,ZP,F
14:26:16,INDF,RG,6875,1,F,CS,ZP,F
14:26:16,INDF,RG,6875,282,D,CC,ZP,F
14:26:04,INDF,RG,6900,14,F,ZP,YP,D
14:26:04,INDF,RG,6900,15,D,HP,YP,D
14:25:56,INDF,RG,6900,34,F,CS,YP,D
14:25:54,INDF,RG,6900,8,F,ZP,YP,D
14:25:54,INDF,RG,6875,44,D,CC,CS,F
14:25:34,INDF,RG,6900,1,F,RX,YP,D
14:25:30,INDF,RG,6900,1,F,ZP,YP,D
14:25:22,INDF,RG,6900,1,F,ZP,YP,D
14:25:06,INDF,RG,6900,1,F,RX,YP,D
14:25:06,INDF,RG,6900,8,F,ZP,YP,D
14:25:06,INDF,RG,6875,1,D,CC,PD,D
14:25:03,INDF,RG,6900,2,F,RX,YP,D
14:25:03,INDF,RG,6900,1,F,ZP,YP,D
14:25:03,INDF,RG,6900,21,D,PD,YP,D
14:24:56,INDF,RG,6900,2,F,RX,YP,D
14:24:55,INDF,RG,6900,15,F,ZP,YP,D
14:24:55,INDF,RG,6900,4,F,CS,YP,D
14:24:45,INDF,RG,6900,1,F,AK,YP,D
14:24:43,INDF,RG,6900,9,F,RX,YP,D
14:24:35,INDF,RG,6900,1,D,XC,YP,D
14:24:34,INDF,RG,6900,41,F,ZP,YP,D
14:24:34,INDF,RG,6875,16,D,CC,PD,D
14:24:33,INDF,RG,6900,35,F,CS,YP,D
14:24:30,INDF,RG,6900,18,F,RX,YP,D
14:24:24,INDF,RG,6900,154,F,AK,YP,D
14:24:24,INDF,RG,6900,8,F,ZP,YP,D
14:24:23,INDF,RG,6875,44,D,CC,CS,F
14:24:23,INDF,RG,6875,1,D,YP,CS,F
14:24:19,INDF,RG,6900,2,F,RX,YP,D
14:24:18,INDF,RG,6900,21,F,ZP,YP,D
14:24:06,INDF,RG,6900,8,F,RX,YP,D
14:24:03,INDF,RG,6900,75,F,ZP,YP,D
14:24:03,INDF,RG,6900,65,F,RX,YP,D
14:24:00,INDF,RG,6900,397,D,CC,YP,D
14:23:53,INDF,RG,6900,17,F,ZP,YP,D
14:23:53,INDF,RG,6900,2,D,PD,YP,D
14:23:35,INDF,RG,6900,80,D,PD,YP,D
14:23:33,INDF,RG,6900,16,F,ZP,YP,D
14:23:32,INDF,RG,6900,13,F,ZP,YP,D
14:23:32,INDF,RG,6875,9,D,YP,CS,D
14:23:32,INDF,RG,6875,9,F,ZP,CS,D
14:23:32,INDF,RG,6875,2,F,CS,CS,D
14:23:32,INDF,RG,6875,2,F,CS,CS,D
14:23:32,INDF,RG,6875,38,D,CC,CS,D
14:23:11,INDF,RG,6900,17,F,ZP,YP,D
14:23:10,INDF,RG,6900,34,F,CS,YP,D
14:22:51,INDF,RG,6900,5,F,ZP,YP,D
14:22:51,INDF,RG,6875,44,D,CC,CS,F
14:22:35,INDF,RG,6900,1,F,RX,YP,D
14:22:32,INDF,RG,6900,10,F,ZP,YP,D
14:22:32,INDF,RG,6900,1,F,RX,YP,D
14:22:28,INDF,RG,6900,7,D,CC,YP,D
14:22:25,INDF,RG,6900,17,F,RX,YP,D
14:22:24,INDF,RG,6900,3,F,ZP,YP,D
14:22:24,INDF,RG,6900,3,D,CC,YP,D
14:22:11,INDF,RG,6900,16,F,ZP,YP,D
14:21:48,INDF,RG,6900,5,F,ZP,YP,D
14:21:47,INDF,RG,6900,34,F,CS,YP,D
14:21:45,INDF,RG,6900,16,F,ZP,YP,D
14:21:45,INDF,RG,6900,1,F,AK,YP,D
14:21:21,INDF,RG,6900,13,F,ZP,YP,D
14:21:21,INDF,RG,6875,18,D,CC,CS,F
14:21:21,INDF,RG,6875,1,F,CS,CS,F
14:21:21,INDF,RG,6875,22,D,SQ,CS,F
14:20:46,INDF,RG,6875,1,D,SQ,FS,D
14:20:39,INDF,RG,6900,5,F,ZP,YP,D
14:20:27,INDF,RG,6900,33,F,CS,YP,D
14:20:22,INDF,RG,6875,6,D,SQ,RX,F
14:20:14,INDF,RG,6875,61,D,SQ,CS,D
14:20:05,INDF,RG,6900,21,D,PD,YP,D
14:20:02,INDF,RG,6875,8,D,SQ,RX,F
14:19:59,INDF,RG,6900,9,F,RX,YP,D
14:19:58,INDF,RG,6900,81,D,PD,YP,D
14:19:58,INDF,RG,6875,45,D,SQ,CS,F
14:19:08,INDF,RG,6900,4,F,RX,YP,D
14:19:06,INDF,RG,6900,38,F,CS,YP,D
14:18:41,INDF,RG,6875,1,D,SQ,PD,D
14:18:25,INDF,RG,6875,39,D,SQ,CS,F
14:18:02,INDF,RG,6875,1,D,SQ,FS,D
14:18:00,INDF,RG,6900,39,F,RX,YP,D
14:18:00,INDF,RG,6900,344,D,CC,YP,D
14:17:59,INDF,RG,6900,5,D,PD,YP,D
14:17:27,INDF,RG,6875,2,D,SQ,XC,D
14:17:05,INDF,RG,6875,14,D,SQ,CS,F
14:17:05,INDF,RG,6875,1,F,CS,CS,F
14:17:05,INDF,RG,6875,15,F,CS,CS,F
14:17:02,INDF,RG,6875,13,F,CS,GW,F
14:17:02,INDF,RG,6875,1,F,CS,GW,F
14:17:02,INDF,RG,6875,2,F,CS,GW,F
14:17:02,INDF,RG,6875,9,D,ZP,GW,F
14:17:02,INDF,RG,6875,25,F,ZP,GW,F
14:16:39,INDF,RG,6875,46,F,ZP,CS,D
14:16:27,INDF,RG,6900,4,F,RX,YP,D
14:16:26,INDF,RG,6900,39,F,CS,YP,D
14:16:03,INDF,RG,6875,34,F,ZP,CS,F
14:16:00,INDF,RG,6900,15,F,RX,YP,D
14:16:00,INDF,RG,6900,135,F,AK,YP,D
14:15:55,INDF,RG,6900,12,F,RX,YP,D
14:15:53,INDF,RG,6900,80,D,PD,YP,D
14:15:09,INDF,RG,6900,21,D,PD,YP,D
14:15:06,INDF,RG,6875,4,F,ZP,RX,F
14:15:06,INDF,RG,6875,1,F,CS,RX,F
14:14:53,INDF,RG,6900,41,F,CS,YP,D
14:14:53,INDF,RG,6875,1,F,CS,CS,F
14:14:53,INDF,RG,6875,2,F,CS,CS,F
14:14:53,INDF,RG,6875,3,F,CS,CS,F
14:14:53,INDF,RG,6875,3,F,CC,CS,F
14:14:53,INDF,RG,6875,1,F,AK,CS,F
14:14:53,INDF,RG,6875,1,F,AK,CS,F
14:14:53,INDF,RG,6875,12,F,ZP,CS,F
14:14:53,INDF,RG,6875,5,F,AK,CS,F
14:14:49,INDF,RG,6900,6,F,ZP,YP,D
14:14:33,INDF,RG,6875,2,F,AK,XC,D
14:14:30,INDF,RG,6900,1,F,AK,YP,D
14:13:55,INDF,RG,6900,6,F,ZP,YP,D
14:13:55,INDF,RG,6875,26,F,AK,CS,F
14:13:48,INDF,RG,6875,20,F,AK,CS,D
14:13:48,INDF,RG,6875,3,F,AK,CS,D
14:13:48,INDF,RG,6875,1,F,AK,CS,D
14:13:48,INDF,RG,6875,1,F,AK,CS,D
14:13:48,INDF,RG,6875,11,D,SQ,CS,D
14:13:44,INDF,RG,6900,1,F,ZP,YP,D
14:13:30,INDF,RG,6900,1,F,ZP,YP,D
14:13:30,INDF,RG,6900,1,F,AK,YP,D
14:13:24,INDF,RG,6900,21,F,ZP,YP,D
14:13:14,INDF,RG,6900,43,F,CS,YP,D
14:13:03,INDF,RG,6875,26,D,SQ,CS,F
14:13:02,INDF,RG,6900,81,F,ZP,YP,D
14:13:02,INDF,RG,6900,4,D,YP,YP,D
14:13:00,INDF,RG,6900,421,D,CC,YP,D
14:12:58,INDF,RG,6900,4,F,ZP,YP,D
14:12:29,INDF,RG,6900,4,F,ZP,YP,D
14:12:20,INDF,RG,6900,6,F,ZP,YP,D
14:12:10,INDF,RG,6900,1,F,ZP,YP,D
14:12:10,INDF,RG,6875,24,D,SQ,CS,F
14:12:02,INDF,RG,6900,2,F,ZP,YP,D
14:11:56,INDF,RG,6900,7,F,ZP,YP,D
14:11:35,INDF,RG,6900,10,F,ZP,YP,D
14:11:35,INDF,RG,6875,33,D,SQ,CS,D
14:11:30,INDF,RG,6900,42,F,CS,YP,D
14:11:26,INDF,RG,6900,20,F,ZP,YP,D
14:11:26,INDF,RG,6875,1,D,SQ,CC,D
14:11:20,INDF,RG,6875,24,D,SQ,CS,F
14:11:20,INDF,RG,6900,3,F,ZP,YP,D
14:11:20,INDF,RG,6900,80,D,PD,YP,D
14:10:42,INDF,RG,6900,3,D,KK,YP,D
14:10:37,INDF,RG,6900,4,F,ZP,YP,D
14:10:31,INDF,RG,6900,8,F,ZP,YP,D
14:10:31,INDF,RG,6875,25,D,SQ,CS,F
14:10:15,INDF,RG,6900,1,F,AK,YP,D
14:10:06,INDF,RG,6900,21,D,PD,YP,D
14:10:05,INDF,RG,6900,7,F,ZP,YP,D
14:09:49,INDF,RG,6900,16,F,ZP,YP,D
14:09:48,INDF,RG,6900,39,F,CS,YP,D
14:09:48,INDF,RG,6900,5,F,CS,GW,F
14:09:41,INDF,RG,6900,13,F,ZP,GW,F
14:09:40,INDF,RG,6875,23,D,SQ,CS,F
14:09:40,INDF,RG,6875,33,D,SQ,KK,D
14:09:40,INDF,RG,6875,67,F,RX,KK,D
14:09:33,INDF,RG,6900,1,F,ZP,GW,F
14:09:33,INDF,RG,6875,34,F,RX,CS,D
14:09:23,INDF,RG,6875,2,F,RX,XL,D
14:09:17,INDF,RG,6900,1,F,ZP,GW,F
14:09:17,INDF,RG,6875,18,F,RX,PD,D
14:09:16,INDF,RG,6875,1,F,RX,FS,D
14:09:12,INDF,RG,6900,1,F,ZP,GW,F
14:09:12,INDF,RG,6900,1,D,XL,GW,F
14:09:01,INDF,RG,6900,7,F,ZP,GW,F
14:09:01,INDF,RG,6875,1,F,RX,FS,D
14:08:56,INDF,RG,6900,1,D,LG,GW,F
14:08:52,INDF,RG,6900,20,F,ZP,GW,F
14:08:52,INDF,RG,6900,2,F,ZP,XC,D
14:08:52,INDF,RG,6875,25,F,RX,CS,F
14:08:13,INDF,RG,6900,1,D,PD,YP,D
14:08:13,INDF,RG,6900,45,D,PD,DX,D
14:08:13,INDF,RG,6900,35,D,PD,ZP,F
14:08:07,INDF,RG,6900,57,F,ZP,ZP,F
14:08:03,INDF,RG,6900,42,F,CS,ZP,F
14:08:01,INDF,RG,6875,25,F,RX,CS,F
14:08:00,INDF,RG,6900,366,D,CC,ZP,F
14:08:00,INDF,RG,6900,9,D,CC,DR,D
14:07:13,INDF,RG,6875,50,F,RX,GW,F
14:07:09,INDF,RG,6875,20,F,RX,CS,F
14:06:56,INDF,RG,6875,5,F,RX,CC,D
14:06:45,INDF,RG,6900,1,F,AK,DR,D
14:06:44,INDF,RG,6875,12,F,RX,BQ,D
14:06:36,INDF,RG,6875,15,F,RX,CC,D
14:06:29,INDF,RG,6875,20,F,RX,CS,F
14:06:21,INDF,RG,6900,5,F,CS,EP,D
14:06:21,INDF,RG,6900,1,F,CS,XC,D
14:06:21,INDF,RG,6900,10,F,CS,CC,D
14:06:21,INDF,RG,6900,31,F,CS,XC,D
14:06:00,INDF,RG,6900,1,F,AK,XC,D
14:05:48,INDF,RG,6875,20,F,RX,CS,F
14:05:25,INDF,RG,6900,3,D,PD,XC,D
14:05:24,INDF,RG,6875,20,F,RX,CC,D
14:05:15,INDF,RG,6900,1,D,XC,XC,D
14:05:08,INDF,RG,6900,21,D,PD,XC,D
14:05:07,INDF,RG,6875,16,F,RX,CS,F
14:04:28,INDF,RG,6900,47,F,CS,XC,D
14:04:19,INDF,RG,6900,80,D,PD,XC,D
14:04:05,INDF,RG,6900,1,D,HP,XC,D
14:03:35,INDF,RG,6875,12,F,RX,SQ,D
14:03:35,INDF,RG,6875,1,F,RX,PD,D
14:03:23,INDF,RG,6875,42,F,RX,YP,D
14:02:52,INDF,RG,6875,2,F,RX,XL,D
14:02:30,INDF,RG,6875,10,F,RX,XL,D
14:02:15,INDF,RG,6900,1,F,AK,XC,D
14:02:10,INDF,RG,6900,10,F,RX,XC,D
14:02:10,INDF,RG,6900,5,F,RX,YP,D
14:02:10,INDF,RG,6900,34,F,RX,YB,D
14:02:05,INDF,RG,6900,161,D,PD,YB,D
14:01:43,INDF,RG,6875,15,F,RX,ZP,F
14:01:43,INDF,RG,6875,65,F,ZP,ZP,F
14:01:43,INDF,RG,6875,24,F,CS,ZP,F
14:01:43,INDF,RG,6875,341,D,CC,ZP,F
14:01:43,INDF,RG,6875,1,F,CS,ZP,F
14:01:43,INDF,RG,6875,30,F,AK,ZP,F
14:01:43,INDF,RG,6875,8,F,CS,ZP,F
14:01:43,INDF,RG,6875,1,F,CS,ZP,F
14:01:43,INDF,RG,6875,1,F,CS,ZP,F
14:01:43,INDF,RG,6875,13,F,CS,ZP,F
14:01:43,INDF,RG,6875,1,F,CS,ZP,F
14:01:36,INDF,RG,6875,1,F,CS,PD,D
14:01:09,INDF,RG,6900,2,F,RX,YB,D
14:01:00,INDF,RG,6900,1,F,AK,YB,D
14:00:48,INDF,RG,6900,2,F,ZP,YB,D
14:00:48,INDF,RG,6900,17,F,ZP,YP,D
14:00:47,INDF,RG,6900,8,F,ZP,YP,D
14:00:47,INDF,RG,6900,24,F,ZP,DH,D
14:00:47,INDF,RG,6900,130,F,ZP,CP,D
14:00:46,INDF,RG,6875,2,F,AK,CS,F
14:00:46,INDF,RG,6900,2,F,CS,CP,D
14:00:46,INDF,RG,6875,2,F,AK,CS,F
14:00:46,INDF,RG,6875,160,F,AK,CS,F
14:00:46,INDF,RG,6875,68,F,RX,CS,F
14:00:43,INDF,RG,6875,26,F,RX,YP,D
14:00:43,INDF,RG,6875,7,F,AK,YP,D
14:00:43,INDF,RG,6875,28,F,AK,CS,D
14:00:43,INDF,RG,6875,2,F,AK,CC,D
14:00:43,INDF,RG,6875,2,F,CS,CC,D
14:00:43,INDF,RG,6875,1,F,AK,CC,D
14:00:43,INDF,RG,6875,30,F,AK,SQ,D
14:00:43,INDF,RG,6875,3,F,AK,SQ,D
14:00:43,INDF,RG,6875,40,F,AK,YU,F
14:00:43,INDF,RG,6875,35,F,AK,CS,F
14:00:43,INDF,RG,6875,130,F,AK,ZP,F
14:00:43,INDF,RG,6875,370,F,AK,ZP,F
14:00:43,INDF,RG,6875,1,F,AK,YP,D
14:00:43,INDF,RG,6875,25,F,AK,YP,D
14:00:43,INDF,RG,6875,1,F,AK,NI,D
14:00:43,INDF,RG,6875,76,F,AK,CS,F
14:00:43,INDF,RG,6875,35,F,AK,CS,D
14:00:43,INDF,RG,6875,33,F,AK,GW,F
14:00:42,INDF,RG,6850,90,F,AK,CS,F
14:00:41,INDF,RG,6875,13,F,CS,GW,F
14:00:41,INDF,RG,6875,4,F,ZP,GW,F
14:00:41,INDF,RG,6875,7,F,ZP,RX,F
14:00:41,INDF,RG,6875,8,F,ZP,YU,F
14:00:29,INDF,RG,6875,23,F,RX,YU,F
14:00:29,INDF,RG,6875,2,D,PD,YU,F
14:00:29,INDF,RG,6875,25,D,PD,YP,D
14:00:29,INDF,RG,6875,29,D,PD,CS,D
14:00:29,INDF,RG,6875,105,D,PD,ZP,F
14:00:27,INDF,RG,6875,2,D,NI,ZP,F
14:00:10,INDF,RG,6875,16,F,CS,ZP,F
14:00:04,INDF,RG,6875,21,D,PD,ZP,F
13:59:57,INDF,RG,6875,2,D,BQ,ZP,F
13:59:40,INDF,RG,6850,8,F,AK,NI,D
13:59:40,INDF,RG,6850,2,F,ZP,NI,D
13:59:40,INDF,RG,6850,1,D,PD,NI,D
13:59:40,INDF,RG,6850,3,D,YP,NI,D
13:59:40,INDF,RG,6850,2,F,CS,NI,D
13:59:40,INDF,RG,6850,1,F,CS,NI,D
13:59:40,INDF,RG,6850,1,F,CS,NI,D
13:59:40,INDF,RG,6850,23,D,CC,NI,D
13:59:39,INDF,RG,6875,1,F,YP,ZP,F
13:59:39,INDF,RG,6875,2,F,RX,ZP,F
13:59:31,INDF,RG,6875,17,F,CS,ZP,F
13:59:25,INDF,RG,6875,1,D,SQ,ZP,F
13:59:25,INDF,RG,6850,3,D,CC,HP,D
13:59:05,INDF,RG,6875,4,F,ZP,ZP,F
13:58:53,INDF,RG,6875,1,F,RX,ZP,F
13:58:52,INDF,RG,6875,7,D,XC,ZP,F
13:58:50,INDF,RG,6875,1,F,RX,ZP,F
13:58:50,INDF,RG,6875,1,F,ZP,ZP,F
13:58:49,INDF,RG,6875,9,F,CS,ZP,F
13:58:38,INDF,RG,6875,1,F,RX,ZP,F
13:58:37,INDF,RG,6875,3,F,ZP,ZP,F
13:58:30,INDF,RG,6875,1,F,RX,ZP,F
13:58:29,INDF,RG,6875,3,F,ZP,ZP,F
13:58:29,INDF,RG,6875,8,F,CS,ZP,F
13:58:12,INDF,RG,6875,4,F,RX,ZP,F
13:58:11,INDF,RG,6875,40,F,ZP,ZP,F
13:58:11,INDF,RG,6875,1,F,RX,ZP,F
13:58:09,INDF,RG,6875,9,F,CS,ZP,F
13:58:08,INDF,RG,6875,1,F,CS,ZP,F
13:58:08,INDF,RG,6875,18,F,RX,ZP,F
13:58:07,INDF,RG,6875,1,F,CS,ZP,F
13:58:04,INDF,RG,6875,161,D,PD,ZP,F
13:58:00,INDF,RG,6875,1,F,RX,ZP,F
13:57:59,INDF,RG,6875,8,F,ZP,ZP,F
13:57:59,INDF,RG,6875,1,D,XL,ZP,F
13:57:47,INDF,RG,6875,7,F,RX,ZP,F
13:57:47,INDF,RG,6875,2,F,ZP,ZP,F
13:57:47,INDF,RG,6875,40,F,ZP,ZP,F
13:57:47,INDF,RG,6875,5,F,ZP,CS,F
13:57:47,INDF,RG,6875,13,F,CS,CS,F
13:57:17,INDF,RG,6875,2,F,RX,CS,F
13:57:15,INDF,RG,6875,13,F,CS,CS,F
13:57:15,INDF,RG,6875,1,F,AK,CS,F
13:57:14,INDF,RG,6875,2,F,RX,CS,F
13:57:14,INDF,RG,6875,25,D,CC,CS,F
13:57:11,INDF,RG,6875,19,F,RX,CS,F
13:57:10,INDF,RG,6875,4,F,ZP,CS,F
13:57:10,INDF,RG,6875,161,D,PD,CS,F
13:56:47,INDF,RG,6875,2,F,RX,CS,F
13:56:45,INDF,RG,6875,13,F,CS,CS,F
13:56:44,INDF,RG,6875,4,F,ZP,CS,F
13:56:40,INDF,RG,6875,7,F,CS,CS,F
13:56:32,INDF,RG,6875,1,D,KK,CS,F
13:56:27,INDF,RG,6875,4,F,RX,CS,F
13:56:27,INDF,RG,6875,36,F,ZP,CS,F
13:56:17,INDF,RG,6875,2,F,RX,CS,F
13:56:15,INDF,RG,6875,1,F,AK,NI,D
13:56:14,INDF,RG,6875,4,F,CS,NI,D
13:56:14,INDF,RG,6875,9,F,CS,CS,D
13:56:11,INDF,RG,6875,18,F,RX,CS,D
13:56:09,INDF,RG,6875,4,F,ZP,CS,D
13:56:09,INDF,RG,6875,19,D,PD,CS,D
13:56:09,INDF,RG,6875,142,D,PD,ZP,F
13:55:53,INDF,RG,6875,5,F,RX,ZP,F
13:55:53,INDF,RG,6875,45,F,ZP,ZP,F
13:55:43,INDF,RG,6875,2,F,RX,ZP,F
13:55:42,INDF,RG,6875,13,F,CS,ZP,F
13:55:16,INDF,RG,6875,30,F,RX,ZP,F
13:55:15,INDF,RG,6875,161,D,PD,ZP,F
13:55:11,INDF,RG,6875,16,F,CS,ZP,F
13:55:11,INDF,RG,6875,17,F,ZP,ZP,F
13:55:05,INDF,RG,6875,21,D,PD,ZP,F
13:55:02,INDF,RG,6875,48,F,ZP,ZP,F
13:55:02,INDF,RG,6875,5,F,ZP,EP,D
13:55:02,INDF,RG,6875,4,F,ZP,YU,F
13:55:02,INDF,RG,6850,42,D,CC,YB,D
13:54:54,INDF,RG,6875,1,F,RX,YU,F
13:54:52,INDF,RG,6875,5,D,XL,YU,F
13:54:51,INDF,RG,6875,2,F,ZP,YU,F
13:54:35,INDF,RG,6875,5,F,RX,YU,F
13:54:34,INDF,RG,6875,18,F,ZP,YU,F
13:54:34,INDF,RG,6875,12,F,ZP,PD,D
13:54:32,INDF,RG,6875,17,F,CS,PD,D
13:54:25,INDF,RG,6875,22,F,RX,PD,D
13:54:22,INDF,RG,6875,109,D,SQ,PD,D
13:54:22,INDF,RG,6875,50,D,SQ,GW,F
13:54:22,INDF,RG,6875,4,D,SQ,NI,D
13:54:22,INDF,RG,6875,9,D,SQ,CS,F
13:54:22,INDF,RG,6875,28,D,SQ,CS,D
13:54:15,INDF,RG,6875,11,F,RX,CS,D
13:54:15,INDF,RG,6875,11,F,ZP,CS,D
13:54:15,INDF,RG,6875,10,F,ZP,GW,F
13:54:10,INDF,RG,6875,40,D,PD,GW,F
13:54:10,INDF,RG,6875,33,D,PD,CS,F
13:54:04,INDF,RG,6875,54,F,RX,CS,F
13:54:03,INDF,RG,6875,2,D,XC,CS,F
13:54:00,INDF,RG,6875,13,F,AK,CS,F
13:54:00,INDF,RG,6875,69,F,AK,ZP,F
13:54:00,INDF,RG,6875,5,F,AK,ZP,F
13:54:00,INDF,RG,6875,34,F,AK,ZP,F
13:54:00,INDF,RG,6875,13,F,AK,ZP,F
13:54:00,INDF,RG,6875,343,D,CC,ZP,F
13:53:59,INDF,RG,6875,9,F,ZP,ZP,F
13:53:58,INDF,RG,6875,4,F,ZP,ZP,F
13:53:51,INDF,RG,6875,3,F,RX,ZP,F
13:53:50,INDF,RG,6875,20,F,CS,ZP,F
13:53:50,INDF,RG,6875,1,F,CS,YU,F
13:53:30,INDF,RG,6875,1,F,AK,YU,F
13:53:25,INDF,RG,6875,8,F,RX,YU,F
13:53:21,INDF,RG,6875,28,D,PD,YU,F
13:53:21,INDF,RG,6875,11,D,PD,RX,F
13:53:21,INDF,RG,6875,2,D,PD,PD,D
13:53:21,INDF,RG,6875,31,D,PD,ZP,F
13:53:17,INDF,RG,6875,2,F,YP,ZP,F
13:53:01,INDF,RG,6875,2,F,RX,ZP,F
13:52:59,INDF,RG,6875,22,F,CS,ZP,F
13:52:44,INDF,RG,6875,2,F,RX,ZP,F
13:52:38,INDF,RG,6875,17,F,ZP,ZP,F
13:52:29,INDF,RG,6875,9,F,RX,ZP,F
13:52:28,INDF,RG,6875,2,F,ZP,ZP,F
13:52:28,INDF,RG,6875,73,D,PD,ZP,F
13:52:14,INDF,RG,6875,5,F,ZP,ZP,F
13:52:14,INDF,RG,6875,2,F,RX,ZP,F
13:52:08,INDF,RG,6875,2,F,ZP,ZP,F
13:52:07,INDF,RG,6875,17,F,CS,ZP,F
13:51:59,INDF,RG,6875,4,F,RX,ZP,F
13:51:58,INDF,RG,6875,30,F,ZP,ZP,F
13:51:45,INDF,RG,6875,1,F,AK,ZP,F
13:51:39,INDF,RG,6875,30,F,RX,ZP,F
13:51:38,INDF,RG,6875,161,D,CC,ZP,F
13:51:36,INDF,RG,6875,35,F,ZP,ZP,F
13:51:34,INDF,RG,6875,53,D,PD,ZP,F
13:51:34,INDF,RG,6875,19,D,PD,CS,F
13:51:31,INDF,RG,6850,80,D,CC,CS,F
13:51:28,INDF,RG,6875,2,F,RX,CS,F
13:51:27,INDF,RG,6875,20,F,CS,CS,F
13:50:41,INDF,RG,6875,1,D,SQ,CS,F
13:50:40,INDF,RG,6875,2,F,RX,CS,F
13:50:37,INDF,RG,6875,17,F,CS,CS,F
13:50:08,INDF,RG,6875,2,F,RX,CS,F
13:50:07,INDF,RG,6875,21,D,PD,CS,F
13:49:58,INDF,RG,6875,2,F,RX,CS,F
13:49:56,INDF,RG,6875,20,F,CS,CS,F
13:49:12,INDF,RG,6875,3,F,RX,CS,F
13:49:08,INDF,RG,6875,20,F,CS,CS,F
13:49:04,INDF,RG,6850,6,D,CC,YP,D
13:48:59,INDF,RG,6875,1,F,RX,CS,F
13:48:59,INDF,RG,6875,7,F,AK,CS,F
13:48:59,INDF,RG,6875,1,F,AK,CS,F
13:48:59,INDF,RG,6875,1,F,AK,CS,F
13:48:46,INDF,RG,6875,1,F,AK,CS,F
13:48:45,INDF,RG,6875,1,F,AK,CS,F
13:48:30,INDF,RG,6875,1,F,AK,CS,F
13:48:28,INDF,RG,6875,7,F,RX,CS,F
13:48:27,INDF,RG,6875,65,F,ZP,CS,F
13:48:22,INDF,RG,6875,18,F,RX,CS,F
13:48:22,INDF,RG,6875,29,F,RX,CS,D
13:48:21,INDF,RG,6875,2,F,ZP,CS,D
13:48:21,INDF,RG,6875,14,F,CS,CS,D
13:48:21,INDF,RG,6875,14,F,AK,CS,D
13:48:21,INDF,RG,6875,10,F,AK,XC,D
13:48:21,INDF,RG,6875,50,F,AK,GW,F
13:48:21,INDF,RG,6875,37,F,AK,YU,F
13:48:21,INDF,RG,6875,53,F,AK,CS,D
13:48:21,INDF,RG,6875,293,F,AK,ZP,F
13:48:20,INDF,RG,6875,161,D,CC,ZP,F
13:48:15,INDF,RG,6875,8,F,AK,ZP,F
13:48:15,INDF,RG,6875,1,F,AK,ZP,F
13:48:00,INDF,RG,6875,1,F,AK,ZP,F
13:48:00,INDF,RG,6850,15,D,CC,DH,D
13:47:46,INDF,RG,6875,19,F,CS,ZP,F
13:47:46,INDF,RG,6875,3,F,AK,ZP,F
13:47:46,INDF,RG,6875,1,F,AK,ZP,F
13:47:45,INDF,RG,6875,1,F,AK,ZP,F
13:47:37,INDF,RG,6850,97,D,CC,PD,D
13:47:37,INDF,RG,6850,10,D,YP,PD,D
13:47:37,INDF,RG,6850,1,F,CS,PD,D
13:47:37,INDF,RG,6850,3,D,DX,PD,D
13:47:37,INDF,RG,6850,1,F,CS,PD,D
13:47:37,INDF,RG,6850,1,F,CS,PD,D
13:47:37,INDF,RG,6850,1,F,CS,PD,D
13:47:37,INDF,RG,6850,1,F,CS,PD,D
13:47:37,INDF,RG,6850,1,F,CS,PD,D
13:47:37,INDF,RG,6850,4,F,CS,PD,D
13:47:37,INDF,RG,6850,23,F,RX,PD,D
13:47:30,INDF,RG,6850,8,F,RX,PD,D
13:47:30,INDF,RG,6850,4,D,KK,PD,D
13:47:30,INDF,RG,6850,2,F,CS,PD,D
13:47:30,INDF,RG,6850,1,F,CS,PD,D
13:47:30,INDF,RG,6850,9,F,ZP,PD,D
13:47:30,INDF,RG,6875,3,F,AK,ZP,F
13:47:21,INDF,RG,6875,1,F,AK,ZP,F
13:47:15,INDF,RG,6875,2,F,AK,ZP,F
13:47:00,INDF,RG,6875,4,F,ZP,ZP,F
13:47:00,INDF,RG,6875,2,F,CS,ZP,F
13:47:00,INDF,RG,6875,11,F,CS,CS,F
13:47:00,INDF,RG,6875,59,D,CC,CS,F
13:47:00,INDF,RG,6875,15,D,CC,SQ,D
13:47:00,INDF,RG,6875,3,D,CC,RG,D
13:47:00,INDF,RG,6875,29,D,CC,YU,F
13:47:00,INDF,RG,6875,39,D,CC,CS,D
13:47:00,INDF,RG,6875,1,D,CC,PD,D
13:47:00,INDF,RG,6875,5,D,CC,CC,D
13:47:00,INDF,RG,6875,28,D,CC,YU,F
13:47:00,INDF,RG,6875,51,D,CC,CS,D
13:47:00,INDF,RG,6875,5,D,CC,RX,F
13:47:00,INDF,RG,6875,26,D,CC,YU,F
13:47:00,INDF,RG,6875,25,D,CC,YP,D
13:47:00,INDF,RG,6875,35,D,CC,CS,D
13:47:00,INDF,RG,6875,2,D,CC,NI,D
13:47:00,INDF,RG,6875,41,D,CC,CS,F
13:47:00,INDF,RG,6875,33,D,CC,YU,F
13:47:00,INDF,RG,6875,24,D,CC,ZP,F
13:46:28,INDF,RG,6875,17,F,CS,ZP,F
13:45:53,INDF,RG,6875,3,D,CC,ZP,F
13:45:47,INDF,RG,6875,16,F,CS,ZP,F
13:45:45,INDF,RG,6875,1,F,AK,ZP,F
13:45:30,INDF,RG,6875,8,F,AK,ZP,F
13:45:19,INDF,RG,6875,21,D,PD,ZP,F
13:45:09,INDF,RG,6875,17,F,CS,ZP,F
13:45:00,INDF,RG,6875,4,F,AK,ZP,F
13:44:59,INDF,RG,6850,85,F,ZP,CS,F
13:44:45,INDF,RG,6875,3,F,AK,ZP,F
13:44:42,INDF,RG,6875,30,F,AK,ZP,F
13:44:30,INDF,RG,6875,4,F,AK,ZP,F
13:44:28,INDF,RG,6875,18,F,CS,ZP,F
13:44:10,INDF,RG,6875,14,D,GR,ZP,F
13:44:00,INDF,RG,6875,5,F,CS,ZP,F
13:43:47,INDF,RG,6875,2,F,ZP,ZP,F
13:43:47,INDF,RG,6875,2,F,CS,ZP,F
13:43:46,INDF,RG,6875,13,F,CS,ZP,F
13:43:30,INDF,RG,6875,9,F,AK,ZP,F
13:43:15,INDF,RG,6875,1,F,AK,ZP,F
13:43:14,INDF,RG,6875,12,F,CS,ZP,F
13:43:06,INDF,RG,6875,5,F,AK,ZP,F
13:42:45,INDF,RG,6875,13,F,CS,ZP,F
13:42:34,INDF,RG,6875,200,D,SQ,ZP,F
13:42:14,INDF,RG,6875,15,F,CS,ZP,F
13:42:01,INDF,RG,6850,1,F,ZP,XC,D
13:41:45,INDF,RG,6875,4,F,AK,ZP,F
13:41:38,INDF,RG,6875,8,F,ZP,ZP,F
13:41:38,INDF,RG,6875,15,F,CS,ZP,F
13:41:30,INDF,RG,6875,16,F,AK,ZP,F
13:41:30,INDF,RG,6875,49,F,AK,CS,D
13:41:30,INDF,RG,6875,8,F,AK,RX,F
13:41:30,INDF,RG,6875,13,F,AK,CS,F
13:41:19,INDF,RG,6875,3,F,CS,CS,F
13:41:15,INDF,RG,6875,7,F,AK,CS,F
13:41:02,INDF,RG,6875,20,F,CS,CS,F
13:40:45,INDF,RG,6875,1,F,AK,CS,F
13:40:45,INDF,RG,6875,3,F,AK,YU,F
13:40:15,INDF,RG,6875,21,D,PD,YU,F
13:40:15,INDF,RG,6875,5,F,AK,YU,F
13:40:13,INDF,RG,6875,4,F,CS,YU,F
13:40:13,INDF,RG,6875,18,F,CS,CS,F
13:40:00,INDF,RG,6875,8,F,CS,CS,F
13:40:00,INDF,RG,6875,2,F,CS,GW,F
13:40:00,INDF,RG,6875,48,D,CC,GW,F
13:40:00,INDF,RG,6875,3,D,CC,CC,D
13:40:00,INDF,RG,6875,56,D,CC,CS,D
13:40:00,INDF,RG,6875,132,D,CC,YU,F
13:40:00,INDF,RG,6875,124,D,CC,CS,F
13:39:48,INDF,RG,6850,36,F,ZP,GW,F
13:39:48,INDF,RG,6850,32,F,AK,GW,F
13:39:48,INDF,RG,6850,7,F,RX,GW,F
13:39:45,INDF,RG,6875,4,F,AK,CS,F
13:39:41,INDF,RG,6850,39,F,RX,CS,F
13:39:41,INDF,RG,6850,1,F,CS,CS,F
13:39:41,INDF,RG,6850,11,F,ZP,CS,F
13:39:41,INDF,RG,6850,6,F,AK,CS,F
13:39:20,INDF,RG,6875,30,F,CS,CS,F
13:39:15,INDF,RG,6875,6,F,AK,CS,F
13:38:49,INDF,RG,6875,1,D,XC,CS,F
13:38:47,INDF,RG,6850,1,F,AK,YU,D
13:38:45,INDF,RG,6875,7,F,AK,CS,F
13:38:07,INDF,RG,6875,30,F,CS,CS,F
13:37:45,INDF,RG,6850,55,F,AK,CS,F
13:37:19,INDF,RG,6850,41,F,AK,GW,F
13:37:19,INDF,RG,6850,1,F,CS,GW,F
13:37:19,INDF,RG,6850,2,F,CS,GW,F
13:37:19,INDF,RG,6850,1,D,PD,GW,F
13:37:19,INDF,RG,6850,1,D,PD,GW,F
13:37:19,INDF,RG,6850,1,D,PD,GW,F
13:37:19,INDF,RG,6850,1,D,KK,GW,F
13:37:19,INDF,RG,6850,2,F,RX,GW,F
13:37:15,INDF,RG,6875,7,F,AK,CS,F
13:36:55,INDF,RG,6875,30,F,CS,CS,F
13:36:45,INDF,RG,6875,2,F,AK,CS,F
13:36:45,INDF,RG,6875,1,F,AK,XC,D
13:36:45,INDF,RG,6875,2,F,AK,BK,F
13:36:15,INDF,RG,6875,7,F,AK,BK,F
13:35:52,INDF,RG,6850,10,F,RX,CS,F
13:35:52,INDF,RG,6850,48,D,CC,CS,F
13:35:43,INDF,RG,6875,26,F,CS,BK,F
13:35:36,INDF,RG,6875,6,F,AK,BK,F
13:35:13,INDF,RG,6875,21,D,PD,BK,F
13:35:00,INDF,RG,6875,128,D,CC,BK,F
13:35:00,INDF,RG,6875,11,D,CC,CS,F
13:35:00,INDF,RG,6875,10,D,CC,YP,D
13:35:00,INDF,RG,6875,15,D,CC,AG,D
13:35:00,INDF,RG,6875,4,D,CC,YP,D
13:35:00,INDF,RG,6875,45,D,CC,DX,D
13:35:00,INDF,RG,6875,4,D,CC,PD,D
13:35:00,INDF,RG,6875,20,D,CC,AT,D
13:35:00,INDF,RG,6875,1,D,CC,BQ,D
13:35:00,INDF,RG,6875,1,D,CC,PD,D
13:35:00,INDF,RG,6875,100,D,CC,KK,D
13:35:00,INDF,RG,6875,10,D,CC,PD,D
13:35:00,INDF,RG,6875,46,D,CC,SQ,D
13:34:59,INDF,RG,6850,10,D,CC,KK,D
13:34:52,INDF,RG,6875,1,D,XC,SQ,D
13:34:41,INDF,RG,6875,13,F,CS,SQ,D
13:34:41,INDF,RG,6875,2,F,CS,DR,D
13:34:41,INDF,RG,6875,1,F,CS,CP,D
13:34:41,INDF,RG,6875,5,F,CS,GR,D
13:34:40,INDF,RG,6875,8,F,CS,GR,D
13:33:31,INDF,RG,6875,30,F,CS,GR,D
13:33:20,INDF,RG,6875,1,D,XC,GR,D
13:32:18,INDF,RG,6875,30,F,CS,GR,D
13:31:50,INDF,RG,6875,6,F,AK,GR,D
13:31:50,INDF,RG,6875,22,F,AK,CS,F
13:31:50,INDF,RG,6875,49,F,AK,CS,D
13:31:50,INDF,RG,6875,30,F,AK,YU,D
13:31:50,INDF,RG,6875,1,F,AK,KK,D
13:31:50,INDF,RG,6875,28,F,AK,CS,D
13:31:50,INDF,RG,6875,9,F,AK,CS,F
13:31:34,INDF,RG,6850,1,D,CC,XC,D
13:31:24,INDF,RG,6850,1,D,CC,AK,F
13:31:24,INDF,RG,6850,2,D,CC,AK,F
13:31:24,INDF,RG,6850,78,D,CC,CS,D
13:31:09,INDF,RG,6850,50,D,CC,GW,F
13:31:06,INDF,RG,6875,20,F,CS,CS,F
13:31:06,INDF,RG,6875,7,F,CS,GW,F
13:30:20,INDF,RG,6875,18,D,PD,GW,F
13:30:20,INDF,RG,6875,3,D,PD,CS,F
13:30:11,INDF,RG,6875,7,D,XL,CS,F
13:30:07,INDF,RG,6875,13,D,YP,CS,F
13:30:07,INDF,RG,6875,2,D,YP,PD,D
13:30:07,INDF,RG,6875,5,D,YP,CS,F
13:30:06,INDF,RG,6850,1,D,CC,AK,F
13:30:06,INDF,RG,6850,2,D,CC,AK,F
13:30:06,INDF,RG,6875,19,F,AK,CS,F
13:30:06,INDF,RG,6875,1,F,AK,CS,F
13:30:05,INDF,RG,6875,1,F,AK,CS,F
13:30:04,INDF,RG,6850,7,D,CC,CS,F
13:30:04,INDF,RG,6850,52,D,CC,CS,F
13:30:03,INDF,RG,6875,1,D,AT,CS,F
13:30:01,INDF,RG,6875,1,D,PD,CS,F
13:30:01,INDF,RG,6875,1,D,PD,CS,F
13:30:01,INDF,RG,6850,1,D,CC,PD,D
13:30:01,INDF,RG,6875,1,D,PD,CS,F
13:30:01,INDF,RG,6850,1,D,CC,PD,D
13:30:01,INDF,RG,6875,6,D,GR,CS,F
13:30:01,INDF,RG,6875,1,D,EP,CS,F
13:30:01,INDF,RG,6875,1,D,DR,CS,F
11:29:58,INDF,RG,6875,1,F,ZP,YU,F
11:29:44,INDF,RG,6875,1,F,ZP,YU,F
11:29:44,INDF,RG,6875,1,F,ZP,YU,F
11:29:30,INDF,RG,6875,3,F,AK,YU,F
11:29:30,INDF,RG,6875,1,F,AK,YU,F
11:29:29,INDF,RG,6875,1,F,ZP,YU,F
11:29:00,INDF,RG,6875,3,F,AK,YU,F
11:28:56,INDF,RG,6875,2,F,ZP,YU,F
11:28:50,INDF,RG,6875,3,F,ZP,YU,F
11:28:45,INDF,RG,6875,1,F,AK,YU,F
11:28:30,INDF,RG,6875,3,F,AK,YU,F
11:28:29,INDF,RG,6875,1,F,ZP,YU,F
11:28:17,INDF,RG,6875,1,F,ZP,YU,F
11:28:15,INDF,RG,6875,1,F,AK,YU,F
11:28:06,INDF,RG,6875,4,F,ZP,YU,F
11:28:06,INDF,RG,6875,1,F,AK,YU,F
11:27:52,INDF,RG,6875,21,D,PD,YU,F
11:27:45,INDF,RG,6875,16,F,ZP,YU,F
11:27:45,INDF,RG,6875,4,F,AK,YU,F
11:27:40,INDF,RG,6850,97,D,CC,CS,F
11:27:30,INDF,RG,6875,1,F,ZP,YU,F
11:27:30,INDF,RG,6875,1,F,AK,YU,F
11:27:21,INDF,RG,6875,1,F,ZP,YU,F
11:27:21,INDF,RG,6875,3,D,KK,YU,F
11:27:15,INDF,RG,6875,1,F,ZP,YU,F
11:27:15,INDF,RG,6875,3,F,AK,YU,F
11:26:45,INDF,RG,6875,1,D,NI,YU,F
11:26:45,INDF,RG,6875,2,F,ZP,YU,F
11:26:45,INDF,RG,6875,3,F,AK,YU,F
11:26:42,INDF,RG,6875,3,F,ZP,YU,F
11:26:42,INDF,RG,6875,5,F,CS,YU,F
11:26:30,INDF,RG,6875,2,F,ZP,YU,F
11:26:30,INDF,RG,6875,2,F,AK,YU,F
11:26:00,INDF,RG,6875,4,F,AK,YU,F
11:25:59,INDF,RG,6875,2,F,ZP,YU,F
11:25:25,INDF,RG,6875,2,F,ZP,YU,F
11:25:22,INDF,RG,6875,2,F,ZP,YU,F
11:25:22,INDF,RG,6875,1,D,YP,YU,F
11:25:22,INDF,RG,6875,2,D,YP,PD,D
11:25:00,INDF,RG,6875,2,F,AK,PD,D
11:24:49,INDF,RG,6875,3,F,ZP,PD,D
11:24:42,INDF,RG,6875,3,F,ZP,PD,D
11:24:42,INDF,RG,6875,4,F,ZP,PD,D
11:24:35,INDF,RG,6875,5,F,ZP,PD,D
11:24:35,INDF,RG,6875,1,D,PD,PD,D
11:24:15,INDF,RG,6875,2,F,ZP,PD,D
11:24:15,INDF,RG,6875,5,F,ZP,DR,D
11:24:15,INDF,RG,6875,6,F,ZP,PD,D
11:24:15,INDF,RG,6875,1,F,ZP,YP,D
11:24:15,INDF,RG,6875,11,F,ZP,CS,F
11:24:15,INDF,RG,6875,1,F,AK,CS,F
11:24:15,INDF,RG,6875,3,F,AK,CS,F
11:23:40,INDF,RG,6875,23,F,ZP,CS,F
11:23:40,INDF,RG,6875,5,F,ZP,CS,F
11:23:10,INDF,RG,6875,5,F,ZP,CS,F
11:23:10,INDF,RG,6875,8,F,ZP,CS,F
11:23:06,INDF,RG,6875,50,D,GR,CS,F
11:23:06,INDF,RG,6875,20,D,PD,CS,F
11:23:01,INDF,RG,6875,26,F,ZP,CS,F
11:22:41,INDF,RG,6875,4,F,ZP,CS,F
11:22:41,INDF,RG,6850,87,D,CC,CS,F
11:22:28,INDF,RG,6875,6,F,ZP,CS,F
11:22:09,INDF,RG,6875,1,D,XC,CS,F
11:20:25,INDF,RG,6875,5,D,PD,CS,F
11:20:09,INDF,RG,6875,1,F,ZP,CS,F
11:20:09,INDF,RG,6875,1,F,CS,CS,F
11:20:09,INDF,RG,6875,1,F,CS,CS,F
11:20:09,INDF,RG,6875,1,F,ZP,CS,F
11:20:09,INDF,RG,6875,1,F,CS,CS,F
11:20:09,INDF,RG,6850,3,D,CC,CS,F
11:20:09,INDF,RG,6875,6,D,PD,CS,F
11:20:09,INDF,RG,6875,3,D,PD,CS,F
11:20:09,INDF,RG,6875,3,D,PD,CS,F
11:20:09,INDF,RG,6875,3,D,PD,CC,F
11:18:40,INDF,RG,6900,18,F,ZP,CP,D
11:18:40,INDF,RG,6900,11,F,ZP,GW,F
11:18:36,INDF,RG,6875,8,F,ZP,CC,F
11:18:33,INDF,RG,6875,10,F,ZP,CS,F
11:18:33,INDF,RG,6875,10,F,ZP,DR,D
11:18:23,INDF,RG,6900,14,D,PD,GW,F
11:18:23,INDF,RG,6900,7,D,PD,CS,F
11:18:02,INDF,RG,6850,9,D,CC,BK,F
11:18:02,INDF,RG,6850,1,D,TF,BK,F
11:18:02,INDF,RG,6850,12,F,RX,BK,F
11:17:59,INDF,RG,6850,33,F,RX,BK,F
11:17:59,INDF,RG,6850,29,F,ZP,BK,F
11:17:59,INDF,RG,6850,1,F,ZP,BK,F
11:17:57,INDF,RG,6875,2,F,CS,BK,F
11:17:57,INDF,RG,6875,2,F,CS,BK,F
11:17:57,INDF,RG,6875,23,F,ZP,BK,F
11:17:57,INDF,RG,6875,4,F,AK,BK,F
11:17:57,INDF,RG,6875,1,F,CS,BK,F
11:17:57,INDF,RG,6875,1,F,CS,BK,F
11:17:57,INDF,RG,6875,128,F,AK,BK,F
11:17:57,INDF,RG,6875,7,F,AK,AK,F
11:17:56,INDF,RG,6875,14,F,AK,AK,F
11:17:56,INDF,RG,6875,2,F,AK,CS,F
11:17:56,INDF,RG,6875,2,F,AK,ZP,F
11:17:55,INDF,RG,6875,8,D,PD,ZP,F
11:17:55,INDF,RG,6875,1,D,PD,ZP,F
11:17:55,INDF,RG,6875,184,F,ZP,ZP,F
11:17:55,INDF,RG,6875,8,F,ZP,ZP,F
11:17:55,INDF,RG,6875,1,F,AK,ZP,F
11:17:55,INDF,RG,6875,25,F,AK,ZP,F
11:17:55,INDF,RG,6875,3,F,AK,ZP,F
11:17:55,INDF,RG,6875,1,F,AK,ZP,F
11:17:55,INDF,RG,6875,4,F,AK,ZP,F
11:17:55,INDF,RG,6875,9,F,AK,ZP,F
11:17:55,INDF,RG,6875,2,F,CS,ZP,F
11:17:55,INDF,RG,6875,1,F,CS,ZP,F
11:17:55,INDF,RG,6875,1,F,CS,ZP,F
11:17:55,INDF,RG,6875,1,F,CS,ZP,F
11:17:55,INDF,RG,6875,1,F,CS,ZP,F
11:17:55,INDF,RG,6875,15,F,AK,ZP,F
11:17:55,INDF,RG,6875,1,F,AK,ZP,F
11:17:55,INDF,RG,6875,3,F,AK,ZP,F
11:17:55,INDF,RG,6875,1,F,AK,ZP,F
11:17:55,INDF,RG,6875,28,F,AK,ZP,F
11:17:55,INDF,RG,6875,236,F,CS,ZP,F
11:17:55,INDF,RG,6875,2,F,CS,ZP,F
11:17:55,INDF,RG,6875,17,F,ZP,ZP,F
11:17:55,INDF,RG,6875,345,F,RX,ZP,F
11:17:55,INDF,RG,6875,1,F,CS,ZP,F
11:17:55,INDF,RG,6875,1,F,CS,ZP,F
11:17:55,INDF,RG,6875,98,D,CC,ZP,F
11:17:53,INDF,RG,6900,12,F,RX,CS,F
11:17:52,INDF,RG,6900,3,F,AK,CS,F
11:17:51,INDF,RG,6875,10,D,CC,DR,D
11:17:36,INDF,RG,6900,10,F,ZP,CS,F
11:17:30,INDF,RG,6900,3,F,AK,CS,F
11:17:26,INDF,RG,6875,4,D,CC,AK,F
11:17:26,INDF,RG,6875,16,D,CC,AK,F
11:17:26,INDF,RG,6900,3,F,ZP,CS,F
11:17:26,INDF,RG,6875,25,D,CC,BK,F
11:17:22,INDF,RG,6875,48,D,CC,CS,F
11:17:21,INDF,RG,6900,1,F,AK,CS,F
11:17:13,INDF,RG,6900,1,F,RX,CS,F
11:16:45,INDF,RG,6900,3,F,AK,CS,F
11:16:33,INDF,RG,6900,2,F,ZP,CS,F
11:16:33,INDF,RG,6900,8,F,RX,CS,F
11:16:11,INDF,RG,6900,5,F,ZP,CS,F
11:15:57,INDF,RG,6900,2,F,ZP,CS,F
11:15:57,INDF,RG,6900,6,F,ZP,AT,D
11:15:57,INDF,RG,6900,4,F,ZP,CC,F
11:15:57,INDF,RG,6900,67,F,ZP,BK,F
11:15:53,INDF,RG,6900,35,F,RX,BK,F
11:15:51,INDF,RG,6900,29,F,AK,BK,F
11:15:50,INDF,RG,6900,96,F,AK,BK,F
11:15:50,INDF,RG,6900,18,F,AK,YU,F
11:15:50,INDF,RG,6900,183,F,AK,AK,F
11:15:49,INDF,RG,6900,30,D,PD,AK,F
11:15:46,INDF,RG,6900,1,F,RX,AK,F
11:15:45,INDF,RG,6900,6,F,AK,AK,F
11:15:30,INDF,RG,6900,3,F,AK,AK,F
11:15:12,INDF,RG,6900,11,F,RX,AK,F
11:15:00,INDF,RG,6875,1,D,CC,AK,F
11:15:00,INDF,RG,6875,7,D,CC,AK,F
11:15:00,INDF,RG,6875,12,D,CC,AK,F
11:15:00,INDF,RG,6875,49,D,CC,CS,F
11:15:00,INDF,RG,6900,3,F,AK,AK,F
11:14:51,INDF,RG,6900,1,F,AK,AK,F
11:14:40,INDF,RG,6875,30,D,CC,YU,D
11:14:30,INDF,RG,6900,2,F,AK,AK,F
11:14:30,INDF,RG,6900,1,F,AK,PD,D
11:14:30,INDF,RG,6900,1,F,AK,ZP,D
11:14:09,INDF,RG,6900,1,F,RX,GR,D
11:14:06,INDF,RG,6900,6,D,XC,GR,D
11:13:54,INDF,RG,6900,1,D,PD,GR,D
11:13:45,INDF,RG,6900,1,F,AK,GR,D
11:13:45,INDF,RG,6900,5,F,AK,GR,D
11:13:21,INDF,RG,6900,1,F,RX,GR,D
11:13:21,INDF,RG,6900,16,F,RX,BK,F
11:13:19,INDF,RG,6875,48,D,CC,CS,F
11:13:09,INDF,RG,6900,21,D,PD,BK,F
11:12:55,INDF,RG,6900,100,D,PD,BK,F
11:12:45,INDF,RG,6900,5,F,AK,BK,F
11:12:34,INDF,RG,6900,2,F,RX,BK,F
11:12:32,INDF,RG,6875,8,D,CC,CC,D
11:12:32,INDF,RG,6875,2,D,CC,CC,D
11:12:08,INDF,RG,6900,1,D,BQ,BK,F
11:12:00,INDF,RG,6900,5,F,AK,BK,F
11:11:39,INDF,RG,6900,11,F,RX,BK,F
11:11:39,INDF,RG,6900,1,F,ZP,BK,F
11:11:28,INDF,RG,6900,1,F,ZP,BK,F
11:11:23,INDF,RG,6900,15,F,ZP,BK,F
11:11:05,INDF,RG,6875,27,D,CC,BK,F
11:11:01,INDF,RG,6900,71,F,ZP,BK,F
11:11:00,INDF,RG,6900,22,F,RX,BK,F
11:11:00,INDF,RG,6900,11,F,RX,GR,D
11:11:00,INDF,RG,6900,3,D,CC,GR,D
11:11:00,INDF,RG,6900,5,D,CC,YP,D
11:11:00,INDF,RG,6900,1,D,CC,XC,D
11:11:00,INDF,RG,6900,2,D,CC,XC,D
11:11:00,INDF,RG,6900,5,D,CC,YP,D
11:11:00,INDF,RG,6900,4,D,CC,PD,D
11:11:00,INDF,RG,6900,307,D,CC,TP,D
11:10:46,INDF,RG,6900,1,F,RX,TP,D
11:10:45,INDF,RG,6900,8,F,AK,TP,D
11:10:28,INDF,RG,6900,5,D,YP,TP,D
11:10:22,INDF,RG,6900,1,D,NI,TP,D
11:10:09,INDF,RG,6900,2,F,RX,TP,D
11:10:09,INDF,RG,6900,13,F,ZP,TP,D
11:10:09,INDF,RG,6900,2,D,BQ,TP,D
11:09:59,INDF,RG,6900,4,F,RX,TP,D
11:09:58,INDF,RG,6875,47,D,CC,BK,F
11:09:57,INDF,RG,6900,7,F,RX,TP,D
11:09:57,INDF,RG,6900,50,F,ZP,TP,D
11:09:57,INDF,RG,6900,7,F,ZP,XC,D
11:09:57,INDF,RG,6900,10,F,ZP,YU,D
11:09:45,INDF,RG,6900,2,F,RX,YU,D
11:09:43,INDF,RG,6875,26,D,CC,BK,F
11:09:42,INDF,RG,6900,5,F,RX,YU,D
11:09:39,INDF,RG,6875,40,D,CC,BK,F
11:09:39,INDF,RG,6900,6,F,ZP,YU,D
11:09:39,INDF,RG,6900,77,F,RX,YU,D
11:09:39,INDF,RG,6900,25,F,RX,YP,D
11:09:39,INDF,RG,6900,5,F,RX,PD,D
11:09:39,INDF,RG,6900,1,F,RX,XC,D
11:09:39,INDF,RG,6900,25,F,RX,CC,D
11:09:39,INDF,RG,6900,24,F,RX,OK,D
11:09:35,INDF,RG,6900,8,F,RX,OK,D
11:09:30,INDF,RG,6900,68,F,ZP,OK,D
11:09:30,INDF,RG,6900,2,F,ZP,CC,D
11:09:30,INDF,RG,6900,1,F,ZP,AN,D
11:09:28,INDF,RG,6875,20,D,CC,BK,F
11:09:28,INDF,RG,6875,1,F,AK,BK,F
11:09:21,INDF,RG,6900,29,F,RX,AN,D
11:09:21,INDF,RG,6900,7,F,RX,YP,D
11:09:21,INDF,RG,6900,10,F,RX,NI,D
11:09:21,INDF,RG,6900,1,F,RX,PD,D
11:09:21,INDF,RG,6900,19,F,RX,EP,D
11:09:20,INDF,RG,6900,31,F,ZP,EP,D
11:09:20,INDF,RG,6900,5,F,ZP,PD,D
11:09:20,INDF,RG,6900,25,F,ZP,YP,D
11:09:20,INDF,RG,6900,1,F,ZP,GR,D
11:09:20,INDF,RG,6900,5,F,ZP,AZ,D
11:09:20,INDF,RG,6900,1,F,ZP,YP,D
11:09:20,INDF,RG,6900,3,F,ZP,PD,D
11:09:20,INDF,RG,6900,5,F,ZP,YJ,D
11:09:20,INDF,RG,6900,5,F,ZP,YP,D
11:09:20,INDF,RG,6900,5,F,ZP,PD,D
11:09:20,INDF,RG,6900,300,F,ZP,ZP,F
11:09:20,INDF,RG,6900,1,F,ZP,CC,D
11:09:20,INDF,RG,6900,1,F,ZP,CC,D
11:09:20,INDF,RG,6900,2,F,ZP,PD,D
11:09:20,INDF,RG,6900,100,F,ZP,PD,D
11:09:20,INDF,RG,6900,4,F,ZP,PD,D
11:09:20,INDF,RG,6900,1,F,ZP,PD,D
11:09:20,INDF,RG,6900,2,F,ZP,XC,D
11:09:20,INDF,RG,6900,5,F,ZP,DR,D
11:09:20,INDF,RG,6900,10,F,ZP,DR,D
11:09:20,INDF,RG,6900,89,F,ZP,CP,D
11:09:19,INDF,RG,6900,11,F,RX,CP,D
11:09:16,INDF,RG,6900,100,D,CS,CP,D
11:09:16,INDF,RG,6875,2,D,CS,CC,F
11:09:13,INDF,RG,6875,5,F,RX,BK,F
11:09:13,INDF,RG,6875,22,D,CS,BK,F
11:09:13,INDF,RG,6875,126,F,AK,BK,F
11:09:13,INDF,RG,6875,1,F,AK,OD,D
11:09:13,INDF,RG,6875,2,F,AK,PD,D
11:09:13,INDF,RG,6875,15,F,AK,YP,D
11:09:12,INDF,RG,6875,3,D,CS,YP,D
11:09:12,INDF,RG,6875,3,D,CS,YP,D
11:09:12,INDF,RG,6875,7,D,CS,YP,D
11:09:12,INDF,RG,6875,6,D,CS,YP,D
11:09:12,INDF,RG,6875,3,D,CS,YP,D
11:09:12,INDF,RG,6875,5,D,CS,YP,D
11:09:12,INDF,RG,6875,9,D,CS,YP,D
11:09:12,INDF,RG,6875,8,D,CS,YP,D
11:09:12,INDF,RG,6875,7,D,CS,YP,D
11:09:12,INDF,RG,6875,2,D,CS,YP,D
11:09:12,INDF,RG,6875,32,F,ZP,YP,D
11:09:12,INDF,RG,6875,8,F,ZP,BK,F
11:09:12,INDF,RG,6875,6,D,CS,BK,F
11:09:12,INDF,RG,6875,7,F,CS,BK,F
11:09:12,INDF,RG,6875,32,D,CS,BK,F
11:09:12,INDF,RG,6875,135,F,CC,BK,F
11:09:12,INDF,RG,6875,50,F,CC,KK,D
11:09:12,INDF,RG,6875,2,F,CC,XC,D
11:09:12,INDF,RG,6875,21,F,CC,CC,D
11:09:12,INDF,RG,6875,4,F,RX,CC,D
11:09:12,INDF,RG,6875,13,F,RX,YU,F
11:09:11,INDF,RG,6875,19,D,CS,YU,F
11:09:11,INDF,RG,6875,1,D,CS,PD,D
11:09:11,INDF,RG,6875,3,D,CS,PD,D
11:09:11,INDF,RG,6875,1,D,CS,DR,D
11:09:11,INDF,RG,6875,1,D,CS,YP,D
11:09:11,INDF,RG,6875,24,D,CS,YP,D
11:09:11,INDF,RG,6875,3,D,CS,AK,F
11:09:11,INDF,RG,6875,2,D,CS,AK,F
11:09:11,INDF,RG,6875,2,D,CS,AK,F
11:09:11,INDF,RG,6875,93,D,CS,AK,F
11:09:11,INDF,RG,6875,60,F,RX,AK,F
11:09:10,INDF,RG,6875,54,F,AK,AK,F
11:09:10,INDF,RG,6875,67,F,AK,AK,F
11:09:10,INDF,RG,6875,1,F,AK,YP,D
11:09:10,INDF,RG,6875,75,F,AK,GW,F
11:09:10,INDF,RG,6875,12,F,AK,GR,D
11:09:10,INDF,RG,6875,1,F,AK,GR,D
11:09:10,INDF,RG,6875,1,F,AK,GR,D
11:09:10,INDF,RG,6875,15,F,AK,GR,D
11:09:10,INDF,RG,6875,13,F,AK,GR,D
11:09:10,INDF,RG,6875,3,F,AK,GR,D
11:09:10,INDF,RG,6875,288,F,AK,ZP,F
11:09:10,INDF,RG,6875,3,D,CS,ZP,F
11:09:10,INDF,RG,6875,9,D,CS,ZP,F
11:09:10,INDF,RG,6875,3,D,CS,LG,D
11:09:10,INDF,RG,6850,94,F,AK,BK,F
11:09:10,INDF,RG,6850,16,F,AK,YU,F
11:09:10,INDF,RG,6850,75,F,AK,GW,F
11:09:10,INDF,RG,6850,500,F,AK,ZP,F
11:09:10,INDF,RG,6850,17,F,AK,YU,F
11:09:10,INDF,RG,6850,9,F,AK,NI,D
11:09:10,INDF,RG,6850,25,F,AK,KK,D
11:09:10,INDF,RG,6850,2,F,AK,NI,D
11:09:10,INDF,RG,6850,96,F,AK,BK,F
11:09:10,INDF,RG,6850,4,F,AK,RX,F
11:09:10,INDF,RG,6850,20,F,AK,CS,F
11:09:10,INDF,RG,6850,19,F,AK,YU,F
11:09:10,INDF,RG,6850,330,F,AK,XL,D
11:09:10,INDF,RG,6850,28,F,AK,YP,D
11:09:10,INDF,RG,6850,20,F,AK,YU,F
11:09:10,INDF,RG,6850,1,F,AK,PD,D
11:09:10,INDF,RG,6850,8,F,AK,CC,F
11:09:10,INDF,RG,6850,22,F,AK,YU,F
11:09:10,INDF,RG,6850,151,F,AK,YU,F
11:09:10,INDF,RG,6850,20,F,AK,LS,D
11:09:10,INDF,RG,6850,1,F,AK,PD,D
11:09:10,INDF,RG,6850,7,F,AK,RX,F
11:09:10,INDF,RG,6850,94,F,AK,GR,D
11:09:10,INDF,RG,6850,24,F,AK,YU,F
11:09:10,INDF,RG,6850,10,F,AK,EP,D
11:09:10,INDF,RG,6850,3,F,AK,XC,D
11:09:10,INDF,RG,6850,54,F,AK,YP,D
11:09:10,INDF,RG,6850,39,F,BK,YP,D
11:09:10,INDF,RG,6850,26,F,BK,YU,F
11:09:10,INDF,RG,6850,41,F,BK,XC,D
11:09:10,INDF,RG,6850,83,F,BK,BK,F
11:09:10,INDF,RG,6850,30,F,BK,YU,F
11:09:10,INDF,RG,6850,8,F,BK,RX,F
11:09:10,INDF,RG,6850,13,F,BK,BK,F
11:09:10,INDF,RG,6850,66,F,AK,BK,F
11:09:10,INDF,RG,6850,91,F,AK,CS,F
11:09:10,INDF,RG,6850,35,F,AK,YU,F
11:09:09,INDF,RG,6850,8,D,CS,YU,F
11:09:09,INDF,RG,6850,31,F,BK,YU,F
11:09:09,INDF,RG,6850,8,F,BK,YU,F
11:09:09,INDF,RG,6850,88,F,BK,BK,F
11:09:09,INDF,RG,6850,113,F,BK,ZP,F
11:09:09,INDF,RG,6850,240,F,BK,ZP,F
11:09:09,INDF,RG,6850,81,D,CS,ZP,F
11:09:09,INDF,RG,6850,1,D,CS,ZP,F
11:09:09,INDF,RG,6850,3,D,CS,ZP,F
11:09:09,INDF,RG,6850,33,F,RX,ZP,F
11:09:05,INDF,RG,6850,29,F,BK,ZP,F
11:09:05,INDF,RG,6850,18,F,BK,CC,D
11:09:05,INDF,RG,6850,75,F,BK,GW,F
11:09:05,INDF,RG,6850,5,F,BK,KK,D
11:09:05,INDF,RG,6850,1,F,BK,PD,D
11:09:05,INDF,RG,6850,1,F,BK,XL,D
11:09:05,INDF,RG,6850,1,F,BK,XC,D
11:09:05,INDF,RG,6850,1,F,BK,PD,D
11:09:05,INDF,RG,6850,14,F,BK,PD,D
11:09:05,INDF,RG,6850,2,F,BK,XC,D
11:09:05,INDF,RG,6850,10,F,BK,XC,D
11:09:05,INDF,RG,6850,83,F,BK,BK,F
11:09:05,INDF,RG,6850,53,D,CS,BK,F
11:09:00,INDF,RG,6850,16,F,RX,BK,F
11:09:00,INDF,RG,6850,65,D,CC,BK,F
11:09:00,INDF,RG,6850,4,D,CC,EP,D
11:09:00,INDF,RG,6850,15,D,CC,YP,D
11:09:00,INDF,RG,6850,19,D,CC,AI,D
11:09:00,INDF,RG,6850,19,D,CC,AI,D
11:09:00,INDF,RG,6850,19,D,CC,AI,D
11:09:00,INDF,RG,6850,7,D,CC,DH,D
11:09:00,INDF,RG,6850,2,D,CC,NI,D
11:08:59,INDF,RG,6850,5,F,RX,NI,D
11:08:56,INDF,RG,6850,2,D,CS,NI,D
11:08:56,INDF,RG,6850,6,D,CS,CC,D
11:08:56,INDF,RG,6850,12,D,CS,EP,D
11:08:56,INDF,RG,6850,1,D,CS,PD,D
11:08:56,INDF,RG,6850,5,D,CS,CC,D
11:08:56,INDF,RG,6850,1,D,CS,CC,D
11:08:56,INDF,RG,6850,10,D,CS,CC,D
11:08:56,INDF,RG,6850,1,D,CS,AZ,D
11:08:56,INDF,RG,6850,3,D,CS,GW,F
11:08:56,INDF,RG,6850,5,D,CS,GW,F
11:08:56,INDF,RG,6850,25,F,RX,GW,F
11:08:55,INDF,RG,6825,29,F,AK,BK,F
11:08:54,INDF,RG,6850,22,D,CS,GW,F
11:08:53,INDF,RG,6850,20,D,CC,GW,F
11:08:53,INDF,RG,6850,1,D,CC,XC,D
11:08:53,INDF,RG,6850,130,D,CC,AZ,D
11:08:53,INDF,RG,6850,3,D,CC,XC,D
11:08:53,INDF,RG,6850,46,D,CC,ZP,F
11:08:48,INDF,RG,6850,1,F,RX,ZP,F
11:08:47,INDF,RG,6850,5,D,CS,ZP,F
11:08:38,INDF,RG,6850,15,F,RX,ZP,F
11:08:38,INDF,RG,6850,3,D,PD,ZP,F
11:08:27,INDF,RG,6850,3,D,CS,ZP,F
11:08:20,INDF,RG,6850,4,D,CS,ZP,F
11:08:18,INDF,RG,6850,21,D,PD,ZP,F
11:08:06,INDF,RG,6850,15,F,AK,ZP,F
11:08:06,INDF,RG,6850,3,D,CS,ZP,F
11:07:56,INDF,RG,6850,10,D,CS,ZP,F
11:07:52,INDF,RG,6825,12,F,AK,CS,F
11:07:52,INDF,RG,6825,1,F,AK,CS,F
11:07:52,INDF,RG,6825,1,F,CS,CS,F
11:07:52,INDF,RG,6825,3,D,YB,CS,F
11:07:52,INDF,RG,6825,23,D,CP,CS,F
11:07:25,INDF,RG,6850,3,D,XL,ZP,F
11:06:32,INDF,RG,6825,20,D,CP,BK,F
11:06:31,INDF,RG,6825,38,D,CP,CS,F
11:06:22,INDF,RG,6850,2,D,NI,ZP,F
11:05:37,INDF,RG,6850,21,F,AK,ZP,F
11:05:36,INDF,RG,6825,2,D,CP,XL,D
11:05:26,INDF,RG,6825,6,D,CP,RX,F
11:05:16,INDF,RG,6825,16,D,CP,BK,F
11:05:12,INDF,RG,6825,40,D,CP,CS,F
11:04:53,INDF,RG,6850,1,D,XL,ZP,F
11:04:35,INDF,RG,6825,5,D,CP,XL,D
11:04:35,INDF,RG,6825,1,F,CS,XL,D
11:04:35,INDF,RG,6825,1,F,CS,XL,D
11:03:51,INDF,RG,6825,1,F,CS,CS,F
11:03:51,INDF,RG,6825,35,F,ZP,CS,F
11:03:49,INDF,RG,6850,21,D,PD,ZP,F
11:02:39,INDF,RG,6825,13,F,ZP,BK,F
11:02:37,INDF,RG,6825,32,F,ZP,CS,F
11:02:37,INDF,RG,6825,1,F,CS,CS,F
11:02:37,INDF,RG,6825,1,D,CS,CS,F
11:02:37,INDF,RG,6825,5,D,CS,CS,F
11:02:37,INDF,RG,6825,1,D,CS,CS,F
11:02:36,INDF,RG,6850,1,F,AK,ZP,F
11:02:31,INDF,RG,6850,2,D,XC,ZP,F
11:02:15,INDF,RG,6850,20,F,AK,ZP,F
11:01:25,INDF,RG,6850,11,F,ZP,ZP,F
11:01:15,INDF,RG,6825,3,D,CS,BK,F
11:01:15,INDF,RG,6825,5,D,CS,BK,F
11:01:15,INDF,RG,6825,6,F,RX,BK,F
11:01:14,INDF,RG,6825,2,F,RX,AK,F
11:01:14,INDF,RG,6825,4,F,RX,AK,F
11:01:13,INDF,RG,6825,11,F,RX,AK,F
11:01:13,INDF,RG,6825,2,F,CS,AK,F
11:01:13,INDF,RG,6825,1,F,CS,CS,F
11:01:13,INDF,RG,6825,1,F,CS,CS,F
11:01:13,INDF,RG,6825,1,F,CS,CS,F
11:01:13,INDF,RG,6825,6,F,ZP,CS,F
11:01:13,INDF,RG,6825,1,D,CS,CS,F
11:01:13,INDF,RG,6825,1,F,CS,CS,F
11:01:13,INDF,RG,6825,7,D,CS,CS,F
11:01:13,INDF,RG,6825,1,D,YP,CS,F
11:01:13,INDF,RG,6825,1,F,CS,CS,F
11:01:13,INDF,RG,6825,4,D,CS,CS,F
11:01:13,INDF,RG,6825,1,F,CS,CS,F
11:01:13,INDF,RG,6825,5,D,CS,CS,F
11:01:13,INDF,RG,6825,1,D,YB,CS,F
11:00:54,INDF,RG,6850,1,F,ZP,ZP,F
11:00:54,INDF,RG,6850,1,F,RX,ZP,F
11:00:49,INDF,RG,6850,2,F,ZP,ZP,F
11:00:42,INDF,RG,6850,1,F,RX,ZP,F
11:00:41,INDF,RG,6850,3,F,ZP,ZP,F
11:00:18,INDF,RG,6825,1,D,YB,BK,F
11:00:18,INDF,RG,6825,10,D,PD,BK,F
11:00:18,INDF,RG,6825,2,D,YP,BK,F
11:00:16,INDF,RG,6850,19,F,ZP,ZP,F
11:00:15,INDF,RG,6850,1,F,AK,ZP,F
11:00:13,INDF,RG,6850,153,F,AK,ZP,F
11:00:12,INDF,RG,6825,3,D,YP,BK,F
11:00:12,INDF,RG,6825,3,F,AK,BK,F
11:00:12,INDF,RG,6825,15,F,RX,BK,F
11:00:11,INDF,RG,6825,26,F,RX,CS,F
11:00:11,INDF,RG,6825,8,F,CS,CS,F
10:59:53,INDF,RG,6850,5,D,XC,ZP,F
10:59:30,INDF,RG,6850,8,F,AK,ZP,F
10:59:01,INDF,RG,6825,36,F,CS,CS,F
10:58:15,INDF,RG,6850,6,F,AK,ZP,F
10:58:09,INDF,RG,6825,13,F,CS,BK,F
10:58:07,INDF,RG,6850,21,D,PD,ZP,F
10:57:46,INDF,RG,6825,35,F,CS,CS,F
10:57:32,INDF,RG,6825,1,F,CS,XL,D
10:57:15,INDF,RG,6850,5,F,AK,ZP,F
10:56:35,INDF,RG,6825,31,F,CS,CS,F
10:56:15,INDF,RG,6850,4,F,AK,ZP,F
10:55:33,INDF,RG,6825,14,F,CS,BK,F
10:55:31,INDF,RG,6825,36,F,CS,CS,F
10:55:30,INDF,RG,6850,4,F,AK,ZP,F
10:54:45,INDF,RG,6850,3,F,AK,ZP,F
10:54:41,INDF,RG,6825,5,F,CS,RX,F
10:54:17,INDF,RG,6825,36,F,CS,CS,F
10:54:00,INDF,RG,6850,4,F,AK,ZP,F
10:53:23,INDF,RG,6825,15,F,CS,BK,F
10:53:21,INDF,RG,6850,21,D,PD,ZP,F
10:53:12,INDF,RG,6850,8,D,XL,ZP,F
10:53:04,INDF,RG,6825,1,F,CS,CS,F
10:53:04,INDF,RG,6825,2,D,XL,CS,F
10:53:04,INDF,RG,6825,5,D,PD,CS,F
10:53:04,INDF,RG,6825,3,D,CS,CS,F
10:53:04,INDF,RG,6825,1,F,CS,CS,F
10:53:04,INDF,RG,6825,6,D,CS,CS,F
10:53:04,INDF,RG,6825,1,F,AK,CS,F
10:53:04,INDF,RG,6825,3,F,AK,CS,F
10:53:04,INDF,RG,6825,1,F,AK,CS,F
10:53:04,INDF,RG,6825,2,D,PD,CS,F
10:52:51,INDF,RG,6850,1,F,AK,ZP,F
10:52:23,INDF,RG,6825,3,D,YP,YU,F
10:52:23,INDF,RG,6825,5,D,YP,YU,F
10:52:23,INDF,RG,6825,10,D,YP,YU,F
10:52:23,INDF,RG,6825,8,F,ZP,YU,F
10:52:13,INDF,RG,6825,14,F,ZP,CS,F
10:52:13,INDF,RG,6825,1,F,CS,CS,F
10:52:13,INDF,RG,6825,4,F,ZP,CS,F
10:51:33,INDF,RG,6825,21,F,ZP,CS,F
10:51:26,INDF,RG,6825,5,F,ZP,PD,D
10:50:51,INDF,RG,6825,20,F,ZP,CS,F
10:50:26,INDF,RG,6825,15,F,ZP,XC,D
10:50:26,INDF,RG,6825,1,F,CS,YP,D
10:50:26,INDF,RG,6825,1,F,CS,YP,D
10:50:26,INDF,RG,6825,2,F,CS,YP,D
10:50:26,INDF,RG,6825,16,F,RX,YP,D
10:50:20,INDF,RG,6850,1,F,ZP,ZP,F
10:50:13,INDF,RG,6825,2,F,RX,YP,D
10:50:10,INDF,RG,6825,11,F,RX,CS,F
10:50:10,INDF,RG,6825,7,D,CS,CS,F
10:50:10,INDF,RG,6825,1,F,CS,CS,F
10:50:10,INDF,RG,6825,1,D,CS,CS,F
10:49:55,INDF,RG,6850,2,F,ZP,ZP,F
10:49:51,INDF,RG,6850,3,F,ZP,ZP,F
10:49:51,INDF,RG,6825,5,D,KK,PD,D
10:49:36,INDF,RG,6850,1,F,AK,ZP,F
10:49:29,INDF,RG,6850,1,F,ZP,ZP,F
10:49:29,INDF,RG,6825,5,D,KK,CS,F
10:49:29,INDF,RG,6825,1,D,KK,CS,F
10:49:29,INDF,RG,6825,1,F,CS,CS,F
10:49:29,INDF,RG,6825,2,F,CS,CS,F
10:49:29,INDF,RG,6825,1,D,XL,CS,F
10:49:29,INDF,RG,6825,9,D,CS,CS,F
10:49:29,INDF,RG,6825,1,F,ZP,CS,F
10:49:23,INDF,RG,6850,7,F,ZP,ZP,F
10:49:23,INDF,RG,6850,1,D,YP,ZP,F
10:48:50,INDF,RG,6850,5,D,PD,ZP,F
10:48:50,INDF,RG,6850,16,D,PD,AK,F
10:48:47,INDF,RG,6825,4,F,ZP,CS,F
10:48:47,INDF,RG,6825,17,F,RX,CS,F
10:48:45,INDF,RG,6850,1,F,AK,AK,F
10:48:42,INDF,RG,6850,1,F,ZP,AK,F
10:48:35,INDF,RG,6825,3,F,RX,PD,D
10:48:34,INDF,RG,6850,2,F,ZP,AK,F
10:48:32,INDF,RG,6825,26,F,RX,YU,F
10:48:25,INDF,RG,6850,6,D,XL,AK,F
10:48:03,INDF,RG,6825,7,F,RX,CS,F
10:48:03,INDF,RG,6825,3,D,CS,CS,F
10:48:03,INDF,RG,6825,1,F,CS,CS,F
10:48:03,INDF,RG,6825,14,F,AK,CS,F
10:48:01,INDF,RG,6850,1,D,DX,AK,F
10:47:21,INDF,RG,6850,3,F,ZP,AK,F
10:47:15,INDF,RG,6850,10,F,AK,AK,F
10:47:13,INDF,RG,6825,17,F,AK,CS,F
10:47:03,INDF,RG,6850,9,F,ZP,AK,F
10:47:03,INDF,RG,6850,1,D,XC,AK,F
10:46:37,INDF,RG,6850,1,F,ZP,AK,F
10:46:37,INDF,RG,6825,19,F,AK,CS,F
10:46:21,INDF,RG,6850,5,F,ZP,AK,F
10:45:59,INDF,RG,6825,21,F,AK,CS,F
10:45:52,INDF,RG,6850,2,D,XC,AK,F
10:45:24,INDF,RG,6850,4,F,ZP,AK,F
10:45:17,INDF,RG,6850,10,F,ZP,AK,F
10:45:17,INDF,RG,6825,20,F,AK,CS,F
10:44:36,INDF,RG,6850,4,F,ZP,AK,F
10:44:35,INDF,RG,6825,19,F,AK,CS,F
10:44:28,INDF,RG,6850,21,D,PD,AK,F
10:44:22,INDF,RG,6850,5,D,DH,AK,F
10:43:55,INDF,RG,6825,20,F,AK,CS,F
10:43:22,INDF,RG,6850,1,D,KK,AK,F
10:43:15,INDF,RG,6850,1,F,AK,AK,F
10:43:14,INDF,RG,6850,2,F,ZP,AK,F
10:43:14,INDF,RG,6825,11,F,AK,CS,F
10:43:14,INDF,RG,6825,8,F,ZP,CS,F
10:43:02,INDF,RG,6850,75,F,ZP,AK,F
10:42:35,INDF,RG,6825,10,F,ZP,CS,F
10:42:35,INDF,RG,6825,1,F,CS,CS,F
10:42:35,INDF,RG,6825,1,F,CS,CS,F
10:42:35,INDF,RG,6825,3,F,ZP,CS,F
10:42:35,INDF,RG,6825,4,D,CS,CS,F
10:42:34,INDF,RG,6850,1,F,AK,AK,F
10:42:34,INDF,RG,6850,1,F,AK,AK,F
10:41:57,INDF,RG,6850,2,F,ZP,AK,F
10:41:56,INDF,RG,6825,2,F,CS,CS,F
10:41:56,INDF,RG,6825,18,F,AK,CS,F
10:41:21,INDF,RG,6850,1,F,AK,AK,F
10:41:16,INDF,RG,6825,20,F,AK,CS,F
10:40:34,INDF,RG,6825,19,F,AK,CS,F
10:40:31,INDF,RG,6825,7,F,AK,YP,D
10:39:55,INDF,RG,6825,15,F,AK,CS,F
10:39:25,INDF,RG,6825,19,F,AK,CS,F
10:38:55,INDF,RG,6850,10,D,YP,AK,F
10:38:46,INDF,RG,6825,17,F,AK,CS,F
10:38:10,INDF,RG,6850,21,D,PD,AK,F
10:36:52,INDF,RG,6850,1,F,ZP,AK,F
10:36:21,INDF,RG,6850,1,F,ZP,AK,F
10:36:12,INDF,RG,6850,1,F,ZP,AK,F
10:36:12,INDF,RG,6825,1,F,AK,XL,D
10:35:50,INDF,RG,6850,2,F,ZP,AK,F
10:35:21,INDF,RG,6850,27,F,ZP,AK,F
10:35:06,INDF,RG,6825,1,F,AK,CC,F
10:35:06,INDF,RG,6825,23,F,AK,YU,F
10:35:06,INDF,RG,6825,23,F,RX,BK,F
10:35:06,INDF,RG,6825,3,D,CS,BK,F
10:35:06,INDF,RG,6825,47,F,AK,BK,F
10:35:06,INDF,RG,6825,10,F,AK,CC,D
10:35:06,INDF,RG,6825,39,F,AK,CS,F
10:35:05,INDF,RG,6825,2,F,ZP,CS,F
10:35:05,INDF,RG,6825,54,F,ZP,CS,F
10:35:05,INDF,RG,6825,53,F,ZP,GW,F
10:34:54,INDF,RG,6825,22,F,RX,GW,F
10:34:54,INDF,RG,6825,21,F,RX,YU,F
10:34:54,INDF,RG,6825,5,F,RX,CC,F
10:34:54,INDF,RG,6825,16,F,RX,CS,F
10:34:54,INDF,RG,6825,4,F,RX,CC,D
10:34:54,INDF,RG,6825,7,F,RX,RX,F
10:34:54,INDF,RG,6825,8,F,RX,YU,F
10:34:53,INDF,RG,6825,13,D,CC,YU,F
10:34:53,INDF,RG,6825,108,D,CC,BK,F
10:34:53,INDF,RG,6825,479,D,CC,ZP,F
10:34:39,INDF,RG,6825,21,F,ZP,ZP,F
10:34:39,INDF,RG,6825,5,F,ZP,PD,D
10:34:39,INDF,RG,6825,7,F,ZP,YU,F
10:34:23,INDF,RG,6825,14,F,AK,YU,F
10:34:23,INDF,RG,6825,80,F,AK,BK,F
10:34:23,INDF,RG,6825,15,F,AK,YU,F
10:34:23,INDF,RG,6825,7,F,ZP,YU,F
10:34:23,INDF,RG,6800,50,F,RX,CS,F
10:34:23,INDF,RG,6800,2,D,DH,CS,F
10:34:23,INDF,RG,6800,2,D,PD,CS,F
10:34:23,INDF,RG,6800,10,D,LG,CS,F
10:34:23,INDF,RG,6800,19,D,YJ,CS,F
10:34:19,INDF,RG,6825,5,F,RX,YU,F
10:34:19,INDF,RG,6825,31,D,CS,YU,F
10:34:19,INDF,RG,6825,17,F,ZP,YU,F
10:34:05,INDF,RG,6825,3,F,RX,YU,F
10:34:04,INDF,RG,6825,21,D,PD,YU,F
10:34:02,INDF,RG,6825,11,F,RX,YU,F
10:34:02,INDF,RG,6825,2,F,ZP,YU,F
10:34:01,INDF,RG,6825,47,D,YP,YU,F
10:34:01,INDF,RG,6825,11,D,YP,YU,F
10:34:01,INDF,RG,6825,2,D,YP,CS,F
10:34:01,INDF,RG,6825,20,D,YP,GW,F
10:33:00,INDF,RG,6825,1,F,AK,GW,F
10:32:21,INDF,RG,6825,1,F,AK,GW,F
10:32:12,INDF,RG,6825,1,F,ZP,GW,F
10:31:46,INDF,RG,6825,2,F,ZP,GW,F
10:31:31,INDF,RG,6825,16,F,ZP,GW,F
10:31:00,INDF,RG,6825,1,F,ZP,GW,F
10:31:00,INDF,RG,6800,31,D,YJ,CS,F
10:31:00,INDF,RG,6800,5,D,YP,CS,F
10:31:00,INDF,RG,6800,46,D,RO,CS,F
10:30:54,INDF,RG,6825,2,D,CP,GW,F
10:30:46,INDF,RG,6825,1,D,XL,GW,F
10:30:32,INDF,RG,6825,2,F,RX,GW,F
10:30:31,INDF,RG,6825,16,D,XL,GW,F
10:29:34,INDF,RG,6825,12,F,RX,GW,F
10:29:34,INDF,RG,6825,2,F,RX,CS,F
10:29:33,INDF,RG,6825,12,D,XL,CS,F
10:29:14,INDF,RG,6825,1,D,BQ,CS,F
10:28:51,INDF,RG,6825,5,D,XC,CS,F
10:28:34,INDF,RG,6825,21,D,PD,CS,F
10:27:10,INDF,RG,6825,2,D,BQ,CS,F
10:26:54,INDF,RG,6825,2,F,ZP,CS,F
10:26:37,INDF,RG,6825,3,F,ZP,CS,F
10:26:37,INDF,RG,6825,4,F,ZP,RX,F
10:26:37,INDF,RG,6825,10,F,ZP,BK,F
10:26:32,INDF,RG,6825,1,F,ZP,BK,F
10:26:32,INDF,RG,6800,100,D,RO,CS,F
10:26:15,INDF,RG,6825,1,F,ZP,BK,F
10:24:06,INDF,RG,6825,1,F,AK,BK,F
10:23:53,INDF,RG,6825,3,F,ZP,BK,F
10:23:52,INDF,RG,6825,21,D,PD,BK,F
10:23:30,INDF,RG,6825,20,F,ZP,BK,F
10:23:30,INDF,RG,6825,2,D,KK,BK,F
10:23:06,INDF,RG,6825,10,D,CS,BK,F
10:23:06,INDF,RG,6800,81,D,RO,CS,F
10:23:06,INDF,RG,6800,26,D,RO,CS,F
10:22:30,INDF,RG,6825,1,F,AK,BK,F
10:21:16,INDF,RG,6825,8,D,XL,BK,F
10:21:09,INDF,RG,6800,3,D,RO,PD,D
10:21:00,INDF,RG,6825,5,D,XL,BK,F
10:20:55,INDF,RG,6825,27,F,AK,BK,F
10:20:55,INDF,RG,6825,57,F,AK,YU,F
10:20:55,INDF,RG,6825,3,F,AK,GW,F
10:20:54,INDF,RG,6800,25,D,RO,DH,D
10:19:37,INDF,RG,6800,14,D,RO,BK,F
10:19:36,INDF,RG,6825,4,D,CS,GW,F
10:19:36,INDF,RG,6825,143,F,AK,GW,F
10:19:22,INDF,RG,6825,2,D,CS,CS,F
10:19:21,INDF,RG,6825,3,D,CS,BK,F
10:19:21,INDF,RG,6800,1,D,RO,CS,F
10:19:21,INDF,RG,6825,1,F,ZP,BK,F
10:19:21,INDF,RG,6825,1,F,CS,BK,F
10:19:21,INDF,RG,6825,1,F,CS,BK,F
10:19:21,INDF,RG,6825,1,F,CS,BK,F
10:19:21,INDF,RG,6825,6,F,RX,BK,F
10:19:21,INDF,RG,6825,1,D,PD,BK,F
10:19:21,INDF,RG,6825,1,D,PD,BK,F
10:19:20,INDF,RG,6825,1,F,CS,AK,F
10:19:20,INDF,RG,6825,1,F,CS,AK,F
10:19:20,INDF,RG,6825,1,F,CS,AK,F
10:19:20,INDF,RG,6825,1,D,CS,AK,F
10:19:20,INDF,RG,6825,2,F,ZP,AK,F
10:19:19,INDF,RG,6825,7,F,ZP,AK,F
10:19:19,INDF,RG,6825,14,F,RX,AK,F
10:19:19,INDF,RG,6825,4,F,RX,CS,F
10:19:19,INDF,RG,6825,1,F,RX,CS,F
10:19:08,INDF,RG,6825,5,F,RX,CS,F
10:18:58,INDF,RG,6825,5,F,RX,CS,F
10:18:48,INDF,RG,6825,5,F,RX,CS,F
10:18:37,INDF,RG,6825,5,F,RX,CS,F
10:18:27,INDF,RG,6825,1,F,RX,CS,F
10:18:27,INDF,RG,6825,1,F,CS,CS,F
10:18:27,INDF,RG,6825,1,F,CS,CS,F
10:18:27,INDF,RG,6825,1,F,CS,CS,F
10:18:27,INDF,RG,6825,1,F,CS,CS,F
10:18:20,INDF,RG,6825,1,D,XC,YP,D
10:18:20,INDF,RG,6825,4,D,YP,YP,D
10:18:20,INDF,RG,6825,1,D,ZP,YP,D
10:18:20,INDF,RG,6825,3,D,PD,YP,D
10:18:20,INDF,RG,6825,1,D,YP,YP,D
10:18:16,INDF,RG,6825,1,D,YP,CS,F
10:18:16,INDF,RG,6825,5,D,CS,CS,F
10:18:07,INDF,RG,6850,21,D,PD,AK,F
10:18:06,INDF,RG,6825,1,D,CS,CS,F
10:18:06,INDF,RG,6825,3,F,ZP,CS,F
10:17:56,INDF,RG,6825,1,F,ZP,CS,F
10:17:56,INDF,RG,6825,4,F,ZP,CS,F
10:17:46,INDF,RG,6825,5,F,ZP,CS,F
10:17:36,INDF,RG,6825,5,F,ZP,CS,F
10:17:27,INDF,RG,6825,7,F,ZP,BK,F
10:17:27,INDF,RG,6825,8,F,RX,BK,F
10:17:26,INDF,RG,6850,3,F,ZP,AK,F
10:17:26,INDF,RG,6825,5,F,RX,CS,F
10:17:22,INDF,RG,6825,2,F,RX,PD,D
10:17:16,INDF,RG,6825,5,F,RX,CS,F
10:17:06,INDF,RG,6825,5,F,RX,CS,F
10:17:05,INDF,RG,6850,1,F,AK,AK,F
10:16:59,INDF,RG,6850,4,F,ZP,AK,F
10:16:57,INDF,RG,6825,10,F,RX,KK,D
10:16:55,INDF,RG,6850,4,F,ZP,AK,F
10:16:55,INDF,RG,6825,9,F,RX,CS,F
10:16:36,INDF,RG,6825,6,F,RX,CS,F
10:16:36,INDF,RG,6825,20,F,RX,CC,D
10:16:36,INDF,RG,6825,2,F,CS,CC,D
10:16:36,INDF,RG,6825,1,F,CS,CC,D
10:16:36,INDF,RG,6825,2,D,CS,CC,D
10:16:34,INDF,RG,6850,2,F,ZP,AK,F
10:16:15,INDF,RG,6850,1,F,ZP,AK,F
10:16:15,INDF,RG,6825,1,F,CS,CS,F
10:16:15,INDF,RG,6825,5,F,AK,CS,F
10:15:57,INDF,RG,6850,1,F,ZP,AK,F
10:15:57,INDF,RG,6850,1,F,ZP,PD,D
10:15:57,INDF,RG,6825,3,F,AK,NI,D
10:15:54,INDF,RG,6825,7,F,AK,CS,F
10:15:47,INDF,RG,6825,1,F,AK,XC,D
10:15:45,INDF,RG,6850,1,F,AK,PD,D
10:15:40,INDF,RG,6850,1,F,ZP,PD,D
10:15:31,INDF,RG,6850,1,F,ZP,PD,D
10:15:18,INDF,RG,6850,2,F,ZP,PD,D
10:14:52,INDF,RG,6850,1,F,ZP,PD,D
10:14:52,INDF,RG,6825,7,F,AK,CS,F
10:14:42,INDF,RG,6850,3,F,ZP,PD,D
10:14:32,INDF,RG,6825,12,F,AK,CS,F
10:14:24,INDF,RG,6850,3,D,CC,PD,D
10:14:24,INDF,RG,6850,7,D,CC,ZP,F
10:14:18,INDF,RG,6850,2,F,ZP,ZP,F
10:14:00,INDF,RG,6825,10,F,AK,CS,F
10:13:50,INDF,RG,6850,3,F,ZP,ZP,F
10:13:40,INDF,RG,6850,5,F,ZP,ZP,F
10:13:40,INDF,RG,6825,12,F,AK,CS,F
10:13:26,INDF,RG,6850,20,D,PD,ZP,F
10:13:25,INDF,RG,6850,1,D,PD,ZP,F
10:13:05,INDF,RG,6850,3,F,ZP,ZP,F
10:12:25,INDF,RG,6850,2,F,ZP,ZP,F
10:12:13,INDF,RG,6825,7,F,AK,YP,D
10:12:00,INDF,RG,6850,1,F,ZP,ZP,F
10:11:56,INDF,RG,6850,7,F,ZP,ZP,F
10:11:55,INDF,RG,6850,2,D,XC,ZP,F
10:11:26,INDF,RG,6850,4,F,ZP,ZP,F
10:11:16,INDF,RG,6850,2,F,ZP,ZP,F
10:11:16,INDF,RG,6850,14,D,NI,ZP,F
10:10:37,INDF,RG,6850,15,F,ZP,ZP,F
10:10:35,INDF,RG,6850,2,D,CC,ZP,F
10:10:29,INDF,RG,6850,76,F,AK,ZP,F
10:10:29,INDF,RG,6850,59,F,ZP,ZP,F
10:10:21,INDF,RG,6850,21,D,PD,ZP,F
10:10:17,INDF,RG,6825,2,F,ZP,AK,F
10:10:17,INDF,RG,6825,3,F,ZP,AK,F
10:10:17,INDF,RG,6825,1,F,ZP,AK,F
10:10:17,INDF,RG,6825,8,D,CS,AK,F
10:10:17,INDF,RG,6825,1,F,CS,AK,F
10:10:17,INDF,RG,6825,2,F,CS,AK,F
10:10:17,INDF,RG,6825,1,F,CS,AK,F
10:10:17,INDF,RG,6825,33,D,PD,AK,F
10:10:17,INDF,RG,6825,25,D,PD,YU,F
10:10:17,INDF,RG,6825,20,D,PD,EP,D
10:10:17,INDF,RG,6825,6,D,PD,RX,F
10:10:17,INDF,RG,6825,20,D,PD,YU,F
10:10:17,INDF,RG,6825,2,D,PD,NI,D
10:10:17,INDF,RG,6825,244,D,PD,YU,F
10:10:13,INDF,RG,6825,27,F,RX,YU,F
10:10:13,INDF,RG,6825,40,F,RX,BK,F
10:10:11,INDF,RG,6825,103,F,AK,BK,F
10:10:11,INDF,RG,6825,107,D,PF,BK,F
10:10:11,INDF,RG,6825,2,D,PF,RX,F
10:10:11,INDF,RG,6825,20,D,PF,CC,D
10:10:11,INDF,RG,6825,204,D,PF,YU,F
10:10:11,INDF,RG,6825,167,D,PF,YP,D
10:09:30,INDF,RG,6825,1,F,AK,YP,D
10:09:10,INDF,RG,6825,1,F,RX,YP,D
10:09:09,INDF,RG,6825,7,D,YP,YP,D
10:08:59,INDF,RG,6825,1,D,XC,YP,D
10:08:59,INDF,RG,6825,1,F,RX,YP,D
10:08:56,INDF,RG,6825,2,D,PD,YP,D
10:08:22,INDF,RG,6825,1,D,PD,YP,D
10:07:55,INDF,RG,6825,1,D,CC,YP,D
10:07:32,INDF,RG,6825,5,F,RX,YP,D
10:07:32,INDF,RG,6825,13,D,KK,YP,D
10:07:32,INDF,RG,6825,17,D,KK,BK,F
10:07:31,INDF,RG,6825,47,D,CP,BK,F
10:07:31,INDF,RG,6825,13,D,CP,AK,F
10:03:32,INDF,RG,6825,1,D,NI,AK,F
10:03:24,INDF,RG,6825,21,D,PD,AK,F
10:03:07,INDF,RG,6800,1,D,RO,PD,D
10:02:16,INDF,RG,6825,2,D,XL,AK,F
10:01:58,INDF,RG,6825,2,D,PD,AK,F
10:01:49,INDF,RG,6800,5,D,RO,RX,F
10:01:19,INDF,RG,6825,1,D,KK,AK,F
10:01:13,INDF,RG,6825,5,D,SQ,AK,F
10:00:35,INDF,RG,6800,14,D,RO,BK,F
10:00:31,INDF,RG,6825,5,D,BQ,BK,F
10:00:31,INDF,RG,6825,1,D,HP,BK,F
10:00:31,INDF,RG,6825,5,D,XC,BK,F
10:00:31,INDF,RG,6825,3,D,XC,BK,F
10:00:31,INDF,RG,6825,1,F,CS,BK,F
10:00:31,INDF,RG,6825,1,F,CS,BK,F
10:00:31,INDF,RG,6825,15,D,PD,BK,F
10:00:31,INDF,RG,6825,3,D,CC,BK,F
10:00:31,INDF,RG,6825,4,F,CS,BK,F
10:00:31,INDF,RG,6825,3,F,CC,BK,F
10:00:31,INDF,RG,6825,4,F,ZP,BK,F
10:00:31,INDF,RG,6825,1,D,SQ,BK,F
10:00:31,INDF,RG,6825,11,D,CS,BK,F
10:00:31,INDF,RG,6825,1,D,PD,BK,F
10:00:31,INDF,RG,6825,36,F,RX,BK,F
10:00:31,INDF,RG,6825,6,D,CS,BK,F
10:00:31,INDF,RG,6825,4,D,CS,BK,F
10:00:31,INDF,RG,6825,1,F,AK,BK,F
10:00:31,INDF,RG,6825,8,F,ZP,BK,F
10:00:27,INDF,RG,6825,37,F,ZP,YP,D
09:59:58,INDF,RG,6825,9,F,ZP,YU,F
09:58:21,INDF,RG,6825,8,F,ZP,YU,F
09:58:07,INDF,RG,6850,21,D,PD,ZP,F
09:57:54,INDF,RG,6825,15,F,ZP,BK,F
09:57:51,INDF,RG,6825,5,F,ZP,CC,D
09:57:51,INDF,RG,6825,15,F,ZP,YU,D
09:57:47,INDF,RG,6850,2,F,ZP,ZP,F
09:57:47,INDF,RG,6825,1,F,ZP,YP,D
09:57:32,INDF,RG,6850,14,F,ZP,ZP,F
09:57:30,INDF,RG,6825,15,F,ZP,BK,F
09:57:27,INDF,RG,6825,12,F,ZP,CS,F
09:57:27,INDF,RG,6825,5,D,CS,CS,F
09:57:26,INDF,RG,6825,2,D,CS,BK,F
09:57:26,INDF,RG,6825,14,F,ZP,BK,F
09:57:26,INDF,RG,6825,3,D,YP,BK,F
09:57:26,INDF,RG,6825,24,F,AK,BK,F
09:57:26,INDF,RG,6825,31,F,AK,AK,F
09:57:24,INDF,RG,6825,94,F,AK,XL,D
09:57:24,INDF,RG,6825,1,D,AZ,XL,D
09:57:24,INDF,RG,6825,1,D,DH,XL,D
09:57:24,INDF,RG,6825,3,D,CC,XL,D
09:57:24,INDF,RG,6825,1,F,CS,XL,D
09:57:24,INDF,RG,6825,76,F,AK,XL,D
09:57:24,INDF,RG,6825,1,D,SQ,XL,D
09:57:24,INDF,RG,6825,1,D,SQ,XL,D
09:57:24,INDF,RG,6825,1,F,CS,XL,D
09:57:24,INDF,RG,6825,3,F,CS,XL,D
09:57:24,INDF,RG,6825,1,F,CS,XL,D
09:57:24,INDF,RG,6825,20,D,CC,XL,D
09:57:24,INDF,RG,6825,1,F,AK,XL,D
09:57:24,INDF,RG,6825,4,F,CS,XL,D
09:57:24,INDF,RG,6825,1,D,YB,XL,D
09:57:24,INDF,RG,6825,20,D,PD,XL,D
09:57:24,INDF,RG,6825,1,D,PD,XL,D
09:57:24,INDF,RG,6825,1,F,CS,XL,D
09:57:24,INDF,RG,6825,3,D,YP,XL,D
09:57:24,INDF,RG,6825,15,D,CS,XL,D
09:57:24,INDF,RG,6825,28,F,CS,XL,D
09:57:08,INDF,RG,6825,15,F,CS,YU,D
09:57:08,INDF,RG,6850,31,F,AK,ZP,F
09:57:07,INDF,RG,6825,8,F,CS,YU,F
09:57:07,INDF,RG,6825,1,F,CS,LG,D
09:57:01,INDF,RG,6825,6,F,CS,XC,D
09:56:53,INDF,RG,6825,15,F,CS,BK,F
09:56:49,INDF,RG,6825,10,F,CS,YU,D
09:56:48,INDF,RG,6825,32,F,CS,CS,F
09:56:45,INDF,RG,6850,1,D,CC,ZP,F
09:56:01,INDF,RG,6850,25,D,PD,ZP,F
09:55:42,INDF,RG,6825,13,F,CS,BK,F
09:55:39,INDF,RG,6825,35,F,CS,YU,F
09:55:36,INDF,RG,6825,16,F,CS,CS,F
09:55:36,INDF,RG,6825,4,F,CS,CS,F
09:55:36,INDF,RG,6825,1,D,XL,CS,F
09:55:36,INDF,RG,6825,1,F,CS,CS,F
09:55:36,INDF,RG,6825,4,D,AZ,CS,F
09:55:36,INDF,RG,6825,1,F,CS,CS,F
09:55:36,INDF,RG,6825,1,F,AK,CS,F
09:55:36,INDF,RG,6825,2,D,YP,CS,F
09:55:36,INDF,RG,6825,2,D,XL,CS,F
09:55:36,INDF,RG,6825,3,D,KK,CS,F
09:55:11,INDF,RG,6825,13,F,RX,BK,F
09:55:09,INDF,RG,6825,18,F,RX,BK,F
09:55:06,INDF,RG,6850,40,F,AK,ZP,F
09:55:05,INDF,RG,6825,42,F,RX,CC,D
09:55:05,INDF,RG,6825,100,D,OD,CC,D
09:55:05,INDF,RG,6825,8,D,CC,CC,D
09:54:15,INDF,RG,6825,15,D,CC,BK,F
09:54:15,INDF,RG,6825,7,D,CC,CS,F
09:54:15,INDF,RG,6825,10,D,CS,CS,F
09:54:15,INDF,RG,6825,7,D,CS,CS,F
09:54:15,INDF,RG,6825,5,D,KK,CS,F
09:54:15,INDF,RG,6825,1,D,CC,CS,F
09:54:15,INDF,RG,6825,1,F,CS,CS,F
09:54:15,INDF,RG,6825,1,F,AK,CS,F
09:54:15,INDF,RG,6825,4,F,CS,CS,F
09:54:15,INDF,RG,6825,2,D,KK,CS,F
09:54:15,INDF,RG,6825,4,D,CS,CS,F
09:53:31,INDF,RG,6825,5,D,CS,BK,F
09:53:31,INDF,RG,6825,8,D,CS,BK,F
09:53:31,INDF,RG,6825,1,D,SQ,BK,F
09:53:29,INDF,RG,6825,9,D,SQ,BK,F
09:53:29,INDF,RG,6825,3,F,ZP,BK,F
09:53:29,INDF,RG,6825,1,D,NI,BK,F
09:53:29,INDF,RG,6825,1,D,CC,BK,F
09:53:29,INDF,RG,6825,1,F,CS,BK,F
09:53:29,INDF,RG,6825,20,D,YP,BK,F
09:53:29,INDF,RG,6825,1,D,GR,BK,F
09:53:29,INDF,RG,6825,5,D,YP,BK,F
09:53:29,INDF,RG,6825,1,D,SQ,BK,F
09:53:29,INDF,RG,6825,9,D,YB,BK,F
09:53:26,INDF,RG,6850,42,F,AK,ZP,F
09:53:26,INDF,RG,6850,18,F,AK,CC,D
09:53:26,INDF,RG,6825,1,D,YB,AK,F
09:53:25,INDF,RG,6825,1,D,YP,AK,F
09:53:25,INDF,RG,6825,8,D,CS,AK,F
09:53:25,INDF,RG,6825,5,D,XC,AK,F
09:53:25,INDF,RG,6825,4,D,YB,AK,F
09:53:25,INDF,RG,6825,1,F,AK,AK,F
09:53:25,INDF,RG,6825,5,D,YP,AK,F
09:53:25,INDF,RG,6825,6,D,XL,AK,F
09:53:25,INDF,RG,6825,8,D,XL,AK,F
09:53:25,INDF,RG,6825,11,D,XL,BK,F
09:53:25,INDF,RG,6825,10,D,CS,BK,F
09:53:25,INDF,RG,6825,10,D,NI,BK,F
09:53:25,INDF,RG,6825,2,D,PD,BK,F
09:53:25,INDF,RG,6825,1,F,CS,BK,F
09:53:25,INDF,RG,6825,2,F,CS,BK,F
09:53:25,INDF,RG,6825,1,F,CS,BK,F
09:53:25,INDF,RG,6825,5,D,CS,BK,F
09:53:25,INDF,RG,6825,5,D,PD,BK,F
09:53:25,INDF,RG,6825,8,F,ZP,BK,F
09:53:25,INDF,RG,6825,6,D,CS,BK,F
09:53:25,INDF,RG,6825,30,D,PD,BK,F
09:53:25,INDF,RG,6825,12,D,CS,BK,F
09:53:25,INDF,RG,6825,2,F,CS,BK,F
09:53:25,INDF,RG,6825,1,F,AK,BK,F
09:53:25,INDF,RG,6825,177,F,ZP,BK,F
09:53:25,INDF,RG,6825,56,F,RX,BK,F
09:53:25,INDF,RG,6850,2,D,DX,CC,D
09:53:25,INDF,RG,6850,3,D,DX,GW,F
09:53:01,INDF,RG,6850,21,D,PD,GW,F
09:52:58,INDF,RG,6825,1,F,RX,EP,D
09:52:40,INDF,RG,6850,9,F,AK,GW,F
09:52:40,INDF,RG,6825,53,F,RX,CS,F
09:52:20,INDF,RG,6850,1,F,ZP,GW,F
09:52:12,INDF,RG,6850,2,F,ZP,GW,F
09:51:51,INDF,RG,6850,1,F,ZP,GW,F
09:51:50,INDF,RG,6850,1,F,AK,GW,F
09:51:40,INDF,RG,6850,3,F,ZP,GW,F
09:51:15,INDF,RG,6850,1,F,ZP,GW,F
09:51:15,INDF,RG,6850,1,F,AK,GW,F
09:50:52,INDF,RG,6850,2,F,ZP,GW,F
09:50:39,INDF,RG,6850,11,F,AK,GW,F
09:50:38,INDF,RG,6850,1,F,ZP,GW,F
09:50:38,INDF,RG,6825,31,F,RX,CS,F
09:50:38,INDF,RG,6825,20,F,ZP,CS,F
09:50:38,INDF,RG,6825,3,F,AK,CS,F
09:50:18,INDF,RG,6850,2,F,ZP,GW,F
09:50:00,INDF,RG,6850,2,F,ZP,GW,F
09:49:43,INDF,RG,6850,4,F,ZP,GW,F
09:49:43,INDF,RG,6850,4,F,RX,GW,F
09:49:43,INDF,RG,6850,6,F,AK,GW,F
09:49:43,INDF,RG,6850,1,F,AK,YJ,D
09:49:43,INDF,RG,6850,1,F,AK,YP,D
09:49:42,INDF,RG,6850,15,F,ZP,AZ,D
09:49:42,INDF,RG,6850,2,F,ZP,PD,D
09:49:42,INDF,RG,6850,1,F,ZP,YP,D
09:49:42,INDF,RG,6850,11,F,ZP,ZP,F
09:49:42,INDF,RG,6825,1,F,AK,YP,D
09:49:24,INDF,RG,6850,4,F,ZP,ZP,F
09:49:03,INDF,RG,6850,2,F,RX,ZP,F
09:49:02,INDF,RG,6850,12,F,ZP,ZP,F
09:49:02,INDF,RG,6850,9,F,RX,ZP,F
09:48:37,INDF,RG,6850,9,F,AK,ZP,F
09:48:36,INDF,RG,6850,6,F,ZP,ZP,F
09:48:36,INDF,RG,6825,49,F,AK,CS,F
09:48:32,INDF,RG,6850,4,F,AK,ZP,F
09:48:31,INDF,RG,6850,21,D,PD,ZP,F
09:48:30,INDF,RG,6850,2,F,ZP,ZP,F
09:48:29,INDF,RG,6850,1,D,YP,ZP,F
09:48:21,INDF,RG,6850,2,F,ZP,ZP,F
09:48:20,INDF,RG,6850,1,F,AK,ZP,F
09:48:01,INDF,RG,6850,2,F,ZP,ZP,F
09:48:01,INDF,RG,6850,2,F,RX,ZP,F
09:47:39,INDF,RG,6850,3,F,AK,ZP,F
09:47:39,INDF,RG,6850,2,F,ZP,ZP,F
09:47:38,INDF,RG,6850,10,D,XL,ZP,F
09:47:30,INDF,RG,6850,1,F,ZP,ZP,F
09:47:30,INDF,RG,6850,1,D,CC,ZP,F
09:47:18,INDF,RG,6850,2,F,ZP,ZP,F
09:47:18,INDF,RG,6850,1,D,SQ,ZP,F
09:47:11,INDF,RG,6850,1,F,RX,ZP,F
09:47:10,INDF,RG,6850,1,D,SQ,ZP,F
09:47:10,INDF,RG,6850,2,F,AK,ZP,F
09:47:09,INDF,RG,6850,9,F,ZP,ZP,F
09:47:04,INDF,RG,6850,1,F,AK,ZP,F
09:47:04,INDF,RG,6850,5,F,RX,ZP,F
09:47:04,INDF,RG,6850,5,F,AK,ZP,F
09:47:03,INDF,RG,6850,14,F,ZP,ZP,F
09:47:03,INDF,RG,6825,20,F,AK,GW,F
09:47:03,INDF,RG,6825,1,F,CS,GW,F
09:47:03,INDF,RG,6825,4,F,CC,GW,F
09:46:49,INDF,RG,6850,5,F,RX,ZP,F
09:46:47,INDF,RG,6850,1,D,SQ,ZP,F
09:46:44,INDF,RG,6825,54,F,CC,CS,F
09:46:39,INDF,RG,6850,1,F,ZP,ZP,F
09:46:38,INDF,RG,6850,1,D,SQ,ZP,F
09:46:30,INDF,RG,6850,1,F,ZP,ZP,F
09:46:23,INDF,RG,6850,1,F,RX,ZP,F
09:46:23,INDF,RG,6850,1,F,ZP,ZP,F
09:46:11,INDF,RG,6850,6,F,ZP,ZP,F
09:45:34,INDF,RG,6850,1,F,RX,ZP,F
09:45:33,INDF,RG,6850,3,F,ZP,ZP,F
09:45:33,INDF,RG,6825,7,F,CC,YP,D
09:45:19,INDF,RG,6850,1,F,ZP,ZP,F
09:45:19,INDF,RG,6825,1,F,CC,XC,D
09:45:10,INDF,RG,6850,7,F,RX,ZP,F
09:45:07,INDF,RG,6850,4,F,ZP,ZP,F
09:44:58,INDF,RG,6850,8,F,ZP,ZP,F
09:44:58,INDF,RG,6850,1,D,XC,ZP,F
09:44:41,INDF,RG,6825,53,F,CC,CS,F
09:44:37,INDF,RG,6850,3,F,ZP,ZP,F
09:44:05,INDF,RG,6850,1,F,AK,ZP,F
09:44:05,INDF,RG,6850,1,D,XC,ZP,F
09:44:04,INDF,RG,6850,1,F,ZP,ZP,F
09:43:55,INDF,RG,6850,1,F,RX,ZP,F
09:43:54,INDF,RG,6850,3,F,ZP,ZP,F
09:43:54,INDF,RG,6850,1,F,RX,ZP,F
09:43:53,INDF,RG,6850,1,F,ZP,ZP,F
09:43:53,INDF,RG,6850,6,F,ZP,BK,F
09:43:52,INDF,RG,6850,5,D,CC,BK,F
09:42:57,INDF,RG,6850,5,F,ZP,BK,F
09:42:56,INDF,RG,6850,3,F,RX,BK,F
09:42:54,INDF,RG,6850,5,D,CC,BK,F
09:42:54,INDF,RG,6850,21,D,PD,BK,F
09:42:48,INDF,RG,6850,1,F,RX,BK,F
09:42:46,INDF,RG,6850,1,F,ZP,BK,F
09:42:46,INDF,RG,6850,10,F,ZP,BK,F
09:42:39,INDF,RG,6850,5,F,RX,BK,F
09:42:39,INDF,RG,6825,53,F,CC,CS,F
09:42:38,INDF,RG,6850,1,F,RX,BK,F
09:42:38,INDF,RG,6850,4,F,ZP,BK,F
09:42:38,INDF,RG,6850,1,D,LG,BK,F
09:42:05,INDF,RG,6850,2,F,ZP,BK,F
09:41:48,INDF,RG,6850,3,F,ZP,BK,F
09:41:31,INDF,RG,6850,1,F,RX,BK,F
09:41:29,INDF,RG,6850,2,F,ZP,BK,F
09:41:29,INDF,RG,6850,1,D,LG,BK,F
09:41:19,INDF,RG,6850,1,F,RX,BK,F
09:41:18,INDF,RG,6850,4,F,ZP,BK,F
09:41:18,INDF,RG,6825,7,F,CC,PD,D
09:40:53,INDF,RG,6850,4,F,ZP,BK,F
09:40:44,INDF,RG,6850,7,F,RX,BK,F
09:40:41,INDF,RG,6850,11,F,ZP,BK,F
09:40:41,INDF,RG,6850,5,D,PD,BK,F
09:40:38,INDF,RG,6825,53,F,CC,CS,F
09:40:28,INDF,RG,6850,1,F,ZP,BK,F
09:39:06,INDF,RG,6850,6,F,RX,BK,F
09:38:47,INDF,RG,6825,1,F,CC,XC,D
09:38:38,INDF,RG,6825,54,F,CC,CS,F
09:38:36,INDF,RG,6850,1,D,LS,BK,F
09:38:36,INDF,RG,6850,2,D,LS,EP,D
09:38:25,INDF,RG,6850,1,F,RX,EP,D
09:38:24,INDF,RG,6850,7,F,ZP,EP,D
09:38:24,INDF,RG,6825,2,F,CC,XC,D
09:38:07,INDF,RG,6850,2,F,RX,EP,D
09:38:07,INDF,RG,6850,5,F,ZP,EP,D
09:38:07,INDF,RG,6850,3,D,PD,EP,D
09:38:07,INDF,RG,6850,18,D,PD,YP,D
09:37:44,INDF,RG,6850,2,F,ZP,YP,D
09:37:26,INDF,RG,6850,1,F,ZP,YP,D
09:37:14,INDF,RG,6850,1,F,ZP,YP,D
09:36:35,INDF,RG,6825,52,F,CC,CS,F
09:35:27,INDF,RG,6850,3,D,CC,YP,D
09:35:27,INDF,RG,6850,7,D,CC,ZP,F
09:35:21,INDF,RG,6850,2,D,KK,ZP,F
09:35:02,INDF,RG,6825,1,F,CC,XC,D
09:34:56,INDF,RG,6850,13,F,ZP,ZP,F
09:34:35,INDF,RG,6825,53,F,CC,CS,F
09:34:32,INDF,RG,6850,4,F,ZP,ZP,F
09:34:32,INDF,RG,6850,3,D,YP,ZP,F
09:34:14,INDF,RG,6850,4,F,ZP,ZP,F
09:34:14,INDF,RG,6825,3,F,CC,XL,D
09:33:50,INDF,RG,6850,2,F,ZP,ZP,F
09:33:47,INDF,RG,6850,1,D,SQ,ZP,F
09:33:34,INDF,RG,6850,1,D,SQ,ZP,F
09:33:26,INDF,RG,6850,2,F,ZP,ZP,F
09:33:26,INDF,RG,6850,1,D,SQ,ZP,F
09:33:11,INDF,RG,6850,4,F,ZP,ZP,F
09:33:11,INDF,RG,6850,1,D,SQ,ZP,F
09:32:57,INDF,RG,6850,1,D,SQ,ZP,F
09:32:51,INDF,RG,6850,1,D,YP,ZP,F
09:32:51,INDF,RG,6850,6,F,ZP,ZP,F
09:32:46,INDF,RG,6850,1,D,SQ,ZP,F
09:32:38,INDF,RG,6850,10,F,ZP,ZP,F
09:32:38,INDF,RG,6850,1,D,SQ,ZP,F
09:32:35,INDF,RG,6825,54,F,CC,CS,F
09:32:34,INDF,RG,6850,3,F,ZP,ZP,F
09:32:34,INDF,RG,6850,20,D,YP,ZP,F
09:32:13,INDF,RG,6850,3,F,ZP,ZP,F
09:32:10,INDF,RG,6850,21,D,PD,ZP,F
09:31:06,INDF,RG,6825,1,F,CC,PD,D
09:30:36,INDF,RG,6850,1,D,YP,ZP,F
09:30:31,INDF,RG,6825,53,F,CC,CS,F
09:30:24,INDF,RG,6850,1,D,BQ,ZP,F
09:30:15,INDF,RG,6850,2,F,AK,ZP,F
09:30:01,INDF,RG,6825,3,F,CC,XC,D
09:29:30,INDF,RG,6825,2,F,CC,PD,D
09:28:31,INDF,RG,6825,51,F,CC,CS,F
09:28:27,INDF,RG,6825,1,F,CC,XL,D
09:28:25,INDF,RG,6850,21,D,PD,ZP,F
09:28:19,INDF,RG,6850,1,D,YB,ZP,F
09:26:48,INDF,RG,6850,1,D,XL,ZP,F
09:26:34,INDF,RG,6825,52,F,CC,CS,F
09:25:57,INDF,RG,6825,16,F,CC,KK,D
09:24:58,INDF,RG,6825,5,F,CC,XC,D
09:24:55,INDF,RG,6825,8,F,CC,NI,D
09:24:55,INDF,RG,6825,1,D,CS,NI,D
09:24:54,INDF,RG,6825,1,F,CS,SQ,D
09:24:54,INDF,RG,6825,1,F,ZP,SQ,D
09:24:54,INDF,RG,6825,1,D,CC,SQ,D
09:23:48,INDF,RG,6825,12,F,CC,YU,F
09:23:48,INDF,RG,6825,15,F,CC,BK,F
09:23:48,INDF,RG,6825,9,F,CC,RX,F
09:23:48,INDF,RG,6825,3,F,CC,BK,F
09:23:43,INDF,RG,6825,11,F,RX,BK,F
09:23:41,INDF,RG,6825,50,D,YP,CS,F
09:23:41,INDF,RG,6825,50,D,YP,YU,F
09:23:27,INDF,RG,6825,6,F,AK,YU,F
09:23:27,INDF,RG,6825,76,F,AK,BK,F
09:23:21,INDF,RG,6800,2,D,RO,PD,D
09:23:19,INDF,RG,6825,2,D,BQ,BK,F
09:23:05,INDF,RG,6825,18,D,YP,BK,F
09:23:05,INDF,RG,6825,37,D,YP,BK,F
09:23:05,INDF,RG,6825,45,D,YP,AK,F
09:22:47,INDF,RG,6800,13,D,RO,BK,F
09:22:45,INDF,RG,6800,14,D,RO,BK,F
09:22:43,INDF,RG,6825,2,F,CS,BK,F
09:22:43,INDF,RG,6825,1,F,CS,BK,F
09:22:43,INDF,RG,6825,8,F,ZP,BK,F
09:22:43,INDF,RG,6825,4,F,RX,BK,F
09:22:43,INDF,RG,6825,1,F,RX,CS,F
09:22:43,INDF,RG,6825,8,F,RX,BK,F
09:22:43,INDF,RG,6825,1,F,CS,BK,F
09:22:43,INDF,RG,6825,3,F,CS,BK,F
09:22:43,INDF,RG,6825,35,F,AK,BK,F
09:22:41,INDF,RG,6825,5,F,AK,AK,F
09:22:41,INDF,RG,6825,1,F,CS,AK,F
09:22:41,INDF,RG,6825,9,D,CS,AK,F
09:22:41,INDF,RG,6825,2,F,CS,AK,F
09:22:41,INDF,RG,6825,1,D,PD,AK,F
09:22:41,INDF,RG,6825,10,F,CC,AK,F
09:22:40,INDF,RG,6825,50,F,CC,AK,F
09:22:40,INDF,RG,6825,5,F,RX,AK,F
09:22:40,INDF,RG,6825,10,F,RX,CS,F
09:22:40,INDF,RG,6825,4,F,RX,ZP,F
09:22:40,INDF,RG,6825,8,D,CS,ZP,F
09:22:40,INDF,RG,6825,139,F,CS,ZP,F
09:22:40,INDF,RG,6825,4,F,AK,ZP,F
09:22:40,INDF,RG,6825,1,F,CS,ZP,F
09:22:40,INDF,RG,6825,1,F,CS,ZP,F
09:22:40,INDF,RG,6825,21,F,RX,ZP,F
09:22:40,INDF,RG,6825,1,F,CS,ZP,F
09:22:40,INDF,RG,6825,52,F,AK,ZP,F
09:22:40,INDF,RG,6825,10,F,ZP,ZP,F
09:22:40,INDF,RG,6825,22,D,PD,ZP,F
09:22:40,INDF,RG,6825,3,F,CS,ZP,F
09:22:40,INDF,RG,6825,69,F,ZP,ZP,F
09:22:40,INDF,RG,6825,1,F,CS,ZP,F
09:22:40,INDF,RG,6825,21,D,CS,ZP,F
09:22:40,INDF,RG,6825,14,D,PD,ZP,F
09:22:40,INDF,RG,6825,17,F,RX,ZP,F
09:22:40,INDF,RG,6825,112,F,CS,ZP,F
09:22:29,INDF,RG,6825,14,F,CS,BK,F
09:22:27,INDF,RG,6850,21,D,PD,ZP,F
09:22:25,INDF,RG,6825,15,F,CS,BK,F
09:22:21,INDF,RG,6825,3,F,CS,OD,D
09:22:21,INDF,RG,6825,1,F,CS,OD,D
09:22:21,INDF,RG,6825,1,F,CS,OD,D
09:22:21,INDF,RG,6825,1,F,AK,OD,D
09:22:21,INDF,RG,6825,20,F,RX,OD,D
09:22:21,INDF,RG,6825,4,D,YP,OD,D
09:22:21,INDF,RG,6825,1,D,YP,XC,D
09:22:16,INDF,RG,6825,5,D,YP,CS,F
09:22:16,INDF,RG,6825,2,F,CS,CS,F
09:22:16,INDF,RG,6825,1,F,CS,CS,F
09:22:16,INDF,RG,6825,5,F,AK,CS,F
09:22:16,INDF,RG,6825,2,D,PD,CS,F
09:22:16,INDF,RG,6825,2,F,AK,CS,F
09:21:56,INDF,RG,6825,42,F,AK,YP,F
09:21:56,INDF,RG,6825,1,D,XC,YP,F
09:21:56,INDF,RG,6825,2,D,KK,YP,F
09:21:56,INDF,RG,6825,1,D,XC,YP,F
09:21:56,INDF,RG,6825,12,F,ZP,YP,F
09:21:56,INDF,RG,6825,3,D,PD,YP,F
09:21:56,INDF,RG,6825,1,F,CS,YP,F
09:21:56,INDF,RG,6825,139,D,AI,YP,F
09:21:39,INDF,RG,6825,11,D,AI,CS,F
09:21:39,INDF,RG,6825,11,F,ZP,CS,F
09:21:36,INDF,RG,6825,33,F,ZP,GW,F
09:21:36,INDF,RG,6825,1,D,NI,GW,F
09:21:36,INDF,RG,6825,1,F,CS,GW,F
09:21:36,INDF,RG,6825,1,F,AK,GW,F
09:21:36,INDF,RG,6825,1,F,CS,GW,F
09:21:36,INDF,RG,6825,11,D,CS,GW,F
09:21:36,INDF,RG,6825,15,D,CS,GW,F
09:21:36,INDF,RG,6825,1,D,CS,GW,F
09:21:36,INDF,RG,6825,11,D,CS,GW,F
09:21:18,INDF,RG,6850,4,D,PD,ZP,F
09:21:13,INDF,RG,6825,5,D,CS,PD,D
09:21:13,INDF,RG,6825,5,F,CS,PD,D
09:21:13,INDF,RG,6825,5,D,CS,PD,D
09:21:13,INDF,RG,6825,6,D,CS,PD,D
09:21:13,INDF,RG,6825,5,D,YB,PD,D
09:21:12,INDF,RG,6825,5,D,YB,YU,F
09:21:12,INDF,RG,6825,1,F,AK,YU,F
09:21:12,INDF,RG,6825,1,D,YB,YU,F
09:21:12,INDF,RG,6825,10,F,RX,YU,F
09:21:01,INDF,RG,6825,2,F,RX,PD,D
09:20:51,INDF,RG,6850,2,D,XL,ZP,F
09:20:47,INDF,RG,6825,18,F,RX,CS,F
09:20:23,INDF,RG,6825,1,F,RX,XC,D
09:20:06,INDF,RG,6825,18,F,RX,CS,F
09:19:44,INDF,RG,6825,2,F,RX,AK,F
09:19:43,INDF,RG,6825,12,F,RX,AK,F
09:19:31,INDF,RG,6825,23,F,RX,CC,D
09:19:31,INDF,RG,6825,27,F,AK,CC,D
09:19:27,INDF,RG,6850,2,F,RX,ZP,F
09:19:26,INDF,RG,6825,27,F,AK,CS,F
09:18:54,INDF,RG,6850,1,F,RX,ZP,F
09:18:47,INDF,RG,6825,2,F,AK,XC,D
09:18:44,INDF,RG,6850,2,F,RX,ZP,F
09:18:43,INDF,RG,6850,21,D,PD,ZP,F
09:18:34,INDF,RG,6850,7,F,RX,ZP,F
09:18:33,INDF,RG,6850,1,D,CC,ZP,F
09:18:24,INDF,RG,6825,17,F,AK,CS,F
09:18:24,INDF,RG,6825,5,F,AK,CS,F
09:18:24,INDF,RG,6825,4,F,AK,CS,F
09:17:24,INDF,RG,6825,26,F,AK,CS,F
09:16:25,INDF,RG,6825,21,F,AK,CS,F
09:16:01,INDF,RG,6825,10,F,AK,GR,D
09:15:39,INDF,RG,6825,3,F,AK,AK,F
09:15:39,INDF,RG,6825,16,F,AK,AK,F
09:15:39,INDF,RG,6825,7,F,AK,AK,F
09:15:39,INDF,RG,6825,24,F,AK,CS,F
09:15:39,INDF,RG,6825,14,F,AK,YP,D
09:15:39,INDF,RG,6825,8,F,ZP,YP,D
09:15:39,INDF,RG,6825,21,F,BK,YP,D
09:15:39,INDF,RG,6825,6,F,RX,YP,D
09:15:39,INDF,RG,6825,70,F,CC,YP,D
09:15:35,INDF,RG,6825,2,F,CC,PD,D
09:14:50,INDF,RG,6825,30,F,CC,YP,D
09:14:03,INDF,RG,6825,15,F,CC,CC,D
09:14:03,INDF,RG,6825,2,D,CS,CC,D
09:14:03,INDF,RG,6825,2,F,CS,CC,D
09:14:03,INDF,RG,6825,1,D,AZ,CC,D
09:13:49,INDF,RG,6825,1,D,AZ,PD,D
09:12:43,INDF,RG,6825,21,F,AK,BK,F
09:12:43,INDF,RG,6825,5,F,AK,PD,D
09:12:43,INDF,RG,6825,20,F,AK,BK,F
09:12:42,INDF,RG,6825,57,F,CC,CS,F
09:12:42,INDF,RG,6825,83,F,CC,YU,F
09:12:40,INDF,RG,6825,31,F,RX,YU,F
09:12:36,INDF,RG,6825,10,F,CC,YU,F
09:12:36,INDF,RG,6825,57,F,CC,PD,D
09:12:36,INDF,RG,6825,53,F,CC,BK,F
09:12:25,INDF,RG,6825,21,D,PD,BK,F
09:12:18,INDF,RG,6825,7,F,CC,BK,F
09:12:10,INDF,RG,6825,3,D,XC,BK,F
09:12:10,INDF,RG,6825,16,D,XC,BK,F
09:12:05,INDF,RG,6825,13,D,YP,BK,F
09:12:05,INDF,RG,6825,6,D,YP,RX,F
09:12:05,INDF,RG,6825,1,D,YP,AK,F
09:11:59,INDF,RG,6800,13,D,RO,BK,F
09:11:59,INDF,RG,6800,10,D,RO,KK,D
09:11:57,INDF,RG,6825,8,D,YB,AK,F
09:11:25,INDF,RG,6800,15,D,RO,BK,F
09:11:23,INDF,RG,6800,17,D,RO,BK,F
09:11:23,INDF,RG,6800,1,D,XC,BK,F
09:11:23,INDF,RG,6800,1,D,XL,BK,F
09:11:21,INDF,RG,6825,32,F,AK,CS,F
09:11:21,INDF,RG,6825,1,F,AK,BK,F
09:11:21,INDF,RG,6825,1,F,CS,BK,F
09:11:21,INDF,RG,6825,1,F,CS,BK,F
09:11:21,INDF,RG,6825,19,F,AK,BK,F
09:11:21,INDF,RG,6825,3,F,AK,CS,F
09:11:21,INDF,RG,6825,16,F,AK,AK,F
09:11:21,INDF,RG,6825,4,F,AK,AK,F
09:11:21,INDF,RG,6825,2,D,PD,AK,F
09:11:21,INDF,RG,6825,1,D,XL,AK,F
09:11:21,INDF,RG,6825,10,F,BK,AK,F
09:11:21,INDF,RG,6850,19,F,AK,YU,F
09:11:21,INDF,RG,6850,22,F,AK,BK,F
09:11:21,INDF,RG,6850,13,F,AK,BK,F
09:11:21,INDF,RG,6825,3,F,BK,BK,F
09:11:21,INDF,RG,6825,20,D,YB,BK,F
09:11:21,INDF,RG,6825,30,D,NI,BK,F
09:11:21,INDF,RG,6825,1,D,XC,BK,F
09:11:21,INDF,RG,6825,1,D,XC,BK,F
09:11:21,INDF,RG,6825,20,D,YB,BK,F
09:11:21,INDF,RG,6825,1,D,CC,BK,F
09:11:21,INDF,RG,6825,2,D,YB,BK,F
09:11:21,INDF,RG,6825,29,F,RX,BK,F
09:11:21,INDF,RG,6825,1,F,AK,BK,F
09:11:21,INDF,RG,6825,2,F,CS,BK,F
09:11:21,INDF,RG,6825,1,D,NI,BK,F
09:11:21,INDF,RG,6825,1,D,YB,BK,F
09:11:21,INDF,RG,6825,5,D,YB,BK,F
09:11:21,INDF,RG,6825,15,D,YP,BK,F
09:11:21,INDF,RG,6825,1,D,XC,BK,F
09:11:21,INDF,RG,6825,10,D,YB,BK,F
09:11:21,INDF,RG,6825,1,D,HP,BK,F
09:11:21,INDF,RG,6825,9,D,CS,BK,F
09:11:21,INDF,RG,6825,15,D,CS,BK,F
09:11:21,INDF,RG,6825,3,D,RG,BK,F
09:11:21,INDF,RG,6825,39,F,AK,BK,F
09:11:21,INDF,RG,6825,1,D,YB,BK,F
09:11:21,INDF,RG,6825,3,D,CS,BK,F
09:11:21,INDF,RG,6825,5,D,CS,BK,F
09:11:21,INDF,RG,6825,3,F,CS,BK,F
09:11:21,INDF,RG,6825,2,F,CS,BK,F
09:11:21,INDF,RG,6825,1,F,CS,BK,F
09:11:21,INDF,RG,6825,12,F,AK,BK,F
09:11:21,INDF,RG,6825,5,F,ZP,BK,F
09:11:21,INDF,RG,6825,75,D,YB,BK,F
09:11:21,INDF,RG,6825,8,F,CC,BK,F
09:11:21,INDF,RG,6825,104,F,AK,BK,F
09:11:21,INDF,RG,6825,1,F,CS,BK,F
09:11:21,INDF,RG,6825,1,D,PD,BK,F
09:11:21,INDF,RG,6825,1,F,CS,BK,F
09:11:21,INDF,RG,6825,2,F,CS,BK,F
09:11:21,INDF,RG,6825,1,F,AK,BK,F
09:11:21,INDF,RG,6825,65,F,ZP,BK,F
09:11:20,INDF,RG,6825,19,F,ZP,YU,F
09:11:15,INDF,RG,6825,14,F,ZP,BK,F
09:11:14,INDF,RG,6825,14,F,ZP,BK,F
09:11:12,INDF,RG,6825,1,F,ZP,CS,F
09:11:12,INDF,RG,6825,22,F,ZP,CS,F
09:11:12,INDF,RG,6825,10,D,EP,CS,F
09:11:12,INDF,RG,6825,4,D,YP,CS,F
09:10:43,INDF,RG,6825,20,D,YP,CC,D
09:09:48,INDF,RG,6825,44,D,YP,CS,F
09:09:47,INDF,RG,6825,13,D,YP,XL,D
09:09:03,INDF,RG,6825,19,D,YP,XL,D
09:09:03,INDF,RG,6825,17,F,RX,XL,D
09:08:59,INDF,RG,6825,13,F,RX,BK,F
09:08:59,INDF,RG,6825,9,F,RX,XL,D
09:08:30,INDF,RG,6825,4,F,RX,CC,D
09:08:30,INDF,RG,6825,4,D,CS,CC,D
09:08:30,INDF,RG,6825,10,D,CS,CC,D
09:08:30,INDF,RG,6825,28,F,RX,CC,D
09:08:30,INDF,RG,6825,54,F,BK,CC,D
09:08:11,INDF,RG,6825,2,F,BK,XL,D
09:08:10,INDF,RG,6825,14,F,BK,BK,F
09:08:08,INDF,RG,6850,21,D,PD,ZP,F
09:08:07,INDF,RG,6825,54,F,BK,CS,F
09:07:52,INDF,RG,6825,2,F,BK,PD,D
09:07:52,INDF,RG,6850,100,D,YB,ZP,F
09:07:50,INDF,RG,6825,17,F,BK,XC,D
09:07:00,INDF,RG,6825,30,F,BK,DR,D
09:06:43,INDF,RG,6825,1,F,BK,XL,D
09:06:18,INDF,RG,6825,10,F,BK,YP,D
09:06:14,INDF,RG,6825,2,F,BK,XC,D
09:06:06,INDF,RG,6825,7,F,BK,PD,D
09:06:05,INDF,RG,6825,42,F,BK,CS,F
09:06:05,INDF,RG,6825,9,D,CS,CS,F
09:06:05,INDF,RG,6825,11,D,CS,CS,F
09:06:05,INDF,RG,6825,5,F,CS,CS,F
09:06:05,INDF,RG,6825,3,F,RX,CS,F
09:05:27,INDF,RG,6850,1,D,PD,ZP,F
09:04:29,INDF,RG,6825,2,F,RX,XC,D
09:04:23,INDF,RG,6825,42,F,RX,KK,D
09:04:23,INDF,RG,6825,2,F,CS,KK,D
09:04:23,INDF,RG,6825,4,F,CC,KK,D
09:04:23,INDF,RG,6825,22,F,AK,KK,D
09:04:18,INDF,RG,6825,20,F,AK,PD,D
09:04:03,INDF,RG,6825,26,F,AK,NI,D
09:04:03,INDF,RG,6825,1,F,CS,NI,D
09:04:03,INDF,RG,6825,5,F,ZP,NI,D
09:03:54,INDF,RG,6850,4,D,XC,ZP,F
09:03:47,INDF,RG,6850,1,D,XC,ZP,F
09:03:44,INDF,RG,6825,5,F,BK,YP,D
09:03:42,INDF,RG,6825,15,F,BK,AZ,D
09:03:37,INDF,RG,6825,16,F,BK,CC,D
09:03:37,INDF,RG,6825,58,F,RX,CC,D
09:03:37,INDF,RG,6825,24,F,AK,CC,D
09:03:37,INDF,RG,6825,22,F,AK,CC,D
09:03:34,INDF,RG,6850,19,F,ZP,ZP,F
09:03:34,INDF,RG,6850,19,F,ZP,ZP,F
09:03:33,INDF,RG,6850,35,F,BK,ZP,F
09:03:33,INDF,RG,6850,1,F,BK,XC,D
09:03:33,INDF,RG,6850,8,F,BK,BK,F
09:03:33,INDF,RG,6850,18,F,ZP,BK,F
09:03:33,INDF,RG,6850,18,F,ZP,BK,F
09:03:32,INDF,RG,6850,19,F,ZP,BK,F
09:03:32,INDF,RG,6850,16,F,ZP,BK,F
09:03:32,INDF,RG,6850,2,F,ZP,BK,F
09:03:32,INDF,RG,6825,16,F,AK,BK,F
09:03:32,INDF,RG,6825,4,F,AK,BK,F
09:03:32,INDF,RG,6850,20,F,ZP,BK,F
09:03:31,INDF,RG,6850,12,F,ZP,BK,F
09:03:31,INDF,RG,6850,1,F,ZP,PD,D
09:03:31,INDF,RG,6850,6,F,ZP,AK,F
09:03:31,INDF,RG,6825,11,F,AK,KZ,F
09:03:31,INDF,RG,6850,18,F,ZP,AK,F
09:03:31,INDF,RG,6850,18,F,ZP,AK,F
09:03:30,INDF,RG,6850,19,F,ZP,AK,F
09:03:30,INDF,RG,6850,71,F,BK,AK,F
09:03:30,INDF,RG,6825,19,F,ZP,KZ,F
09:03:30,INDF,RG,6825,19,F,ZP,KZ,F
09:03:30,INDF,RG,6825,1,F,CS,KZ,F
09:03:30,INDF,RG,6825,1,F,ZP,KZ,F
09:03:30,INDF,RG,6825,1,F,CS,KZ,F
09:03:30,INDF,RG,6825,19,F,ZP,KZ,F
09:03:30,INDF,RG,6825,15,F,ZP,KZ,F
09:03:28,INDF,RG,6850,4,F,ZP,AK,F
09:03:26,INDF,RG,6850,35,F,RX,AK,F
09:03:26,INDF,RG,6850,19,F,ZP,AK,F
09:03:26,INDF,RG,6850,72,F,AK,AK,F
09:03:25,INDF,RG,6850,18,F,BK,AK,F
09:03:25,INDF,RG,6850,2,F,BK,SQ,D
09:03:25,INDF,RG,6850,38,F,BK,BK,F
09:03:25,INDF,RG,6850,50,F,BK,YP,D
09:03:25,INDF,RG,6850,2,F,BK,YB,D
09:03:25,INDF,RG,6850,16,F,BK,BK,F
09:03:25,INDF,RG,6850,1,F,BK,GR,D
09:03:25,INDF,RG,6850,3,F,BK,YJ,D
09:03:25,INDF,RG,6850,50,F,BK,GW,F
09:03:25,INDF,RG,6850,1,F,BK,YB,D
09:03:25,INDF,RG,6850,5,F,BK,PD,D
09:03:25,INDF,RG,6850,10,F,BK,PD,D
09:03:25,INDF,RG,6850,29,F,BK,ZP,F
09:03:25,INDF,RG,6825,4,F,ZP,CS,F
09:03:25,INDF,RG,6825,1,F,CS,CS,F
09:03:25,INDF,RG,6825,3,F,ZP,CS,F
09:03:25,INDF,RG,6825,1,F,CS,CS,F
09:03:25,INDF,RG,6825,4,F,CS,CS,F
09:03:25,INDF,RG,6825,19,F,ZP,CS,F
09:03:24,INDF,RG,6850,156,F,RX,ZP,F
09:03:24,INDF,RG,6850,15,F,ZP,ZP,F
09:03:24,INDF,RG,6850,3,F,ZP,LG,D
09:03:24,INDF,RG,6850,2,F,ZP,AZ,D
09:03:23,INDF,RG,6825,1,F,RX,KZ,F
09:03:23,INDF,RG,6825,4,F,RX,RX,F
09:03:23,INDF,RG,6825,3,F,RX,KK,D
09:03:23,INDF,RG,6825,13,F,RX,NI,D
09:03:22,INDF,RG,6825,87,F,AK,NI,D
09:03:22,INDF,RG,6825,75,F,AK,GW,F
09:03:22,INDF,RG,6825,50,F,AK,YP,D
09:03:22,INDF,RG,6825,19,F,AK,YU,F
09:03:22,INDF,RG,6825,3,F,AK,XC,D
09:03:22,INDF,RG,6825,3,F,AK,DH,D
09:03:22,INDF,RG,6825,1,F,AK,DH,D
09:03:22,INDF,RG,6825,45,F,AK,BK,F
09:03:22,INDF,RG,6825,40,F,AK,BK,F
09:03:22,INDF,RG,6825,19,F,ZP,BK,F
09:03:22,INDF,RG,6825,2,F,CS,BK,F
09:03:22,INDF,RG,6825,7,F,CS,BK,F
09:03:21,INDF,RG,6825,11,D,CS,BK,F
09:03:21,INDF,RG,6825,18,D,CS,ZP,F
09:03:21,INDF,RG,6825,22,F,ZP,ZP,F
09:03:21,INDF,RG,6825,160,D,PD,ZP,F
09:03:21,INDF,RG,6825,6,D,PD,YP,D
09:03:21,INDF,RG,6825,3,D,PD,XC,D
09:03:21,INDF,RG,6825,50,D,PD,CS,F
09:03:21,INDF,RG,6825,19,D,PD,YU,F
09:03:21,INDF,RG,6825,100,D,PD,YP,D
09:03:21,INDF,RG,6825,15,D,PD,NI,D
09:03:21,INDF,RG,6825,50,D,PD,YP,D
09:03:21,INDF,RG,6825,4,D,PD,RX,F
09:03:21,INDF,RG,6825,120,D,PD,BK,F
09:03:21,INDF,RG,6825,57,D,PD,BK,F
09:03:21,INDF,RG,6825,86,D,PD,KZ,F
09:03:21,INDF,RG,6825,1,D,PD,NI,D
09:03:21,INDF,RG,6825,36,D,PD,YU,F
09:03:21,INDF,RG,6825,100,D,PD,ZP,F
09:03:21,INDF,RG,6825,28,D,PD,OD,D
09:03:21,INDF,RG,6825,200,D,PD,ZP,F
09:03:21,INDF,RG,6825,1,D,PD,YP,D
09:03:21,INDF,RG,6825,1,D,PD,EP,D
09:03:21,INDF,RG,6825,336,D,PD,AT,D
09:03:21,INDF,RG,6800,1,D,XL,CC,D
09:03:14,INDF,RG,6825,4,F,RX,AT,D
09:03:13,INDF,RG,6800,1,D,XL,KZ,F
09:03:13,INDF,RG,6800,2,D,CC,KZ,F
09:03:11,INDF,RG,6800,1,D,IP,KZ,F
09:03:09,INDF,RG,6825,6,F,AK,AT,D
09:03:09,INDF,RG,6825,20,F,ZP,AT,D
09:03:08,INDF,RG,6800,1,D,PD,XC,D
09:03:06,INDF,RG,6800,1,D,BQ,KZ,F
09:03:06,INDF,RG,6800,1,D,BQ,AZ,D
09:03:06,INDF,RG,6800,1,D,PD,AZ,D
09:03:06,INDF,RG,6800,5,D,YB,AZ,D
09:02:52,INDF,RG,6800,1,D,YB,DR,D
09:02:33,INDF,RG,6825,1,F,RX,AT,D
09:02:31,INDF,RG,6800,1,D,YB,XL,D
09:02:31,INDF,RG,6800,1,D,YB,XL,D
09:02:31,INDF,RG,6800,1,D,KK,XL,D
09:02:18,INDF,RG,6800,3,D,YB,KZ,F
09:02:18,INDF,RG,6825,4,F,RX,AT,D
09:02:16,INDF,RG,6800,1,D,YB,KZ,F
09:02:15,INDF,RG,6825,6,F,AK,AT,D
09:02:15,INDF,RG,6800,1,D,KK,KZ,F
09:02:15,INDF,RG,6800,19,D,KK,YP,D
09:02:15,INDF,RG,6800,11,D,YJ,YP,D
09:01:58,INDF,RG,6800,2,D,YJ,PD,D
09:01:46,INDF,RG,6825,2,F,RX,AT,D
09:01:46,INDF,RG,6825,3,F,AK,AT,D
09:01:45,INDF,RG,6800,4,D,YJ,KZ,F
09:01:45,INDF,RG,6800,12,D,YJ,PD,D
09:01:35,INDF,RG,6825,3,F,AK,AT,D
09:01:31,INDF,RG,6825,4,F,RX,AT,D
09:01:28,INDF,RG,6825,5,F,AK,AT,D
09:01:28,INDF,RG,6825,6,F,ZP,AT,D
09:01:28,INDF,RG,6825,4,F,ZP,SQ,D
09:01:28,INDF,RG,6825,10,F,ZP,KK,D
09:01:28,INDF,RG,6800,2,D,YJ,KZ,F
09:01:28,INDF,RG,6800,10,D,YJ,DH,D
09:01:26,INDF,RG,6800,1,D,YJ,KZ,F
09:01:23,INDF,RG,6825,3,F,RX,KK,D
09:01:22,INDF,RG,6825,5,F,AK,KK,D
09:01:21,INDF,RG,6800,3,D,YJ,KZ,F
09:01:21,INDF,RG,6800,25,D,YJ,AZ,D
09:01:11,INDF,RG,6800,2,D,YJ,NI,D
09:01:05,INDF,RG,6825,1,F,RX,KK,D
09:01:04,INDF,RG,6825,2,D,XC,KK,D
09:01:01,INDF,RG,6825,1,D,CC,KK,D
09:00:54,INDF,RG,6800,2,D,YJ,KZ,F
09:00:54,INDF,RG,6800,10,D,YJ,AZ,D
09:00:50,INDF,RG,6825,5,D,CC,KK,D
09:00:46,INDF,RG,6800,1,D,YJ,KZ,F
09:00:41,INDF,RG,6800,5,D,YJ,XC,D
09:00:35,INDF,RG,6800,1,D,YJ,NI,D
09:00:33,INDF,RG,6800,3,D,YJ,PD,D
09:00:33,INDF,RG,6800,1,D,YJ,PD,D
09:00:19,INDF,RG,6800,2,D,YJ,NI,D
09:00:19,INDF,RG,6800,2,D,YJ,KZ,F
09:00:19,INDF,RG,6800,1,D,YJ,NI,D
09:00:14,INDF,RG,6825,1,F,RX,KK,D
09:00:13,INDF,RG,6825,1,D,XC,KK,D
09:00:13,INDF,RG,6825,2,D,XC,AZ,D
09:00:02,INDF,RG,6825,6,D,NI,AZ,D
09:00:02,INDF,RG,6825,4,D,NI,PD,D
08:59:00,INDF,RG,6825,4,D,KK,PD,D
08:59:00,INDF,RG,6825,6,D,KK,PD,D
08:59:00,INDF,RG,6825,2,D,YB,PD,D
08:59:00,INDF,RG,6825,2,D,YP,PD,D
08:59:00,INDF,RG,6825,2,D,YP,PD,D
08:59:00,INDF,RG,6825,2,D,YP,PD,D
08:59:00,INDF,RG,6825,1,D,YP,YP,D
08:59:00,INDF,RG,6825,1,D,YP,PD,D
08:59:00,INDF,RG,6825,1,D,YP,PD,D
08:59:00,INDF,RG,6825,5,D,YP,SQ,D
08:59:00,INDF,RG,6825,10,D,YP,DH,D
08:59:00,INDF,RG,6825,10,D,YP,ZP,F
08:59:00,INDF,RG,6825,1,D,XL,ZP,F
08:59:00,INDF,RG,6825,1,D,XL,ZP,F
08:59:00,INDF,RG,6825,1,D,XL,ZP,F
08:59:00,INDF,RG,6825,1,D,XL,ZP,F
08:59:00,INDF,RG,6825,1,D,XL,ZP,F
08:59:00,INDF,RG,6825,10,F,KK,ZP,F
08:59:00,INDF,RG,6825,1,D,XL,ZP,F
08:59:00,INDF,RG,6825,7,D,YP,ZP,F
08:59:00,INDF,RG,6825,2,D,LS,ZP,F
08:59:00,INDF,RG,6825,15,D,YP,ZP,F
08:59:00,INDF,RG,6825,5,D,YP,ZP,F
08:59:00,INDF,RG,6825,2,D,LS,ZP,F
08:59:00,INDF,RG,6825,1,D,PD,ZP,F
