Time,Stock,Brd,Price,Qty,BT,BC,SC,ST
15:13:42,INDF,RG,6400,96,D,CC,TP,F
15:13:42,INDF,RG,6400,1,D,DX,TP,F
15:13:42,INDF,RG,6400,1,D,YP,TP,F
15:13:42,INDF,RG,6400,5,D,YP,TP,F
15:13:42,INDF,RG,6400,2,D,DR,TP,F
15:13:42,INDF,RG,6400,3,D,DR,TP,F
15:13:42,INDF,RG,6400,1,D,PD,TP,F
15:13:42,INDF,RG,6400,50,D,GR,TP,F
15:13:42,INDF,RG,6400,13,D,YP,TP,F
15:13:42,INDF,RG,6400,328,D,AT,TP,F
15:09:19,INDF,RG,6400,10,D,AT,YP,D
15:08:58,INDF,RG,6400,117,D,AT,DR,D
15:08:23,INDF,RG,6400,5,D,AT,AT,D
15:07:55,INDF,RG,6400,5,D,AT,YP,D
15:07:32,INDF,RG,6400,5,D,AT,YP,D
15:07:32,INDF,RG,6400,4,D,GR,YP,D
15:06:49,INDF,RG,6400,2,D,GR,XC,D
15:03:53,INDF,RG,6400,1,D,GR,KK,D
15:00:00,INDF,RG,6400,43,D,GR,BK,F
15:00:00,INDF,RG,6400,15,D,XA,BK,F
15:00:00,INDF,RG,6400,20,D,CC,BK,F
15:00:00,INDF,RG,6400,10,D,CC,BK,F
15:00:00,INDF,RG,6400,50,D,LG,BK,F
15:00:00,INDF,RG,6400,2,D,PD,BK,F
15:00:00,INDF,RG,6400,70,D,DR,BK,F
15:00:00,INDF,RG,6400,3,D,DR,HP,D
15:00:00,INDF,RG,6400,27,D,DR,BK,F
15:00:00,INDF,RG,6400,5,D,PD,BK,F
15:00:00,INDF,RG,6400,5,D,PD,BK,F
15:00:00,INDF,RG,6400,1,D,PD,BK,F
15:00:00,INDF,RG,6400,5,D,NI,BK,F
15:00:00,INDF,RG,6400,5,D,PD,BK,F
15:00:00,INDF,RG,6400,218,D,YP,BK,F
15:00:00,INDF,RG,6400,50,D,YP,AK,F
15:00:00,INDF,RG,6400,87,D,YP,DX,F
15:00:00,INDF,RG,6400,5,D,NI,DX,F
15:00:00,INDF,RG,6400,1,D,DH,DX,F
15:00:00,INDF,RG,6400,40,D,CC,DX,F
15:00:00,INDF,RG,6400,1,D,NI,DX,F
15:00:00,INDF,RG,6400,3,D,YB,DX,F
15:00:00,INDF,RG,6400,1,D,PD,DX,F
15:00:00,INDF,RG,6400,150,F,YU,DX,F
15:00:00,INDF,RG,6400,3,D,YP,DX,F
15:00:00,INDF,RG,6400,381,F,ZP,DX,F
15:00:00,INDF,RG,6400,3,F,ZP,BK,F
15:00:00,INDF,RG,6400,71,F,ZP,BK,F
15:00:00,INDF,RG,6400,27,F,ZP,BK,F
15:00:00,INDF,RG,6400,51,F,KZ,BK,F
15:00:00,INDF,RG,6400,806,F,KZ,DX,F
15:00:00,INDF,RG,6400,17,F,KZ,DX,F
15:00:00,INDF,RG,6400,5,F,KZ,AK,F
15:00:00,INDF,RG,6400,33,F,KZ,AK,F
15:00:00,INDF,RG,6400,10,F,KZ,AK,F
15:00:00,INDF,RG,6400,16,F,KZ,AK,F
15:00:00,INDF,RG,6400,106,F,KZ,AK,F
15:00:00,INDF,RG,6400,3,F,KZ,KK,D
15:00:00,INDF,RG,6400,700,F,KZ,CC,D
15:00:00,INDF,RG,6400,5,F,KZ,AK,F
15:00:00,INDF,RG,6400,34,F,KZ,AK,F
15:00:00,INDF,RG,6400,225,F,KZ,AK,F
15:00:00,INDF,RG,6400,28,F,KZ,AK,F
15:00:00,INDF,RG,6400,154,F,KZ,RX,D
15:00:00,INDF,RG,6400,13,F,KZ,AK,F
15:00:00,INDF,RG,6400,7,F,KZ,BB,D
15:00:00,INDF,RG,6400,70,F,BK,BB,D
15:00:00,INDF,RG,6400,10,F,BK,AK,F
15:00:00,INDF,RG,6400,11,F,BK,AK,F
15:00:00,INDF,RG,6400,53,F,AK,AK,F
15:00:00,INDF,RG,6400,7,F,AK,AK,F
15:00:00,INDF,RG,6400,24,F,AK,AK,F
15:00:00,INDF,RG,6400,25,F,AK,AK,F
15:00:00,INDF,RG,6400,1,F,AK,AK,F
15:00:00,INDF,RG,6400,3,F,AK,AK,F
15:00:00,INDF,RG,6400,21,F,AK,AK,F
15:00:00,INDF,RG,6400,141,F,AK,RX,F
15:00:00,INDF,RG,6400,1,F,AK,AK,F
15:00:00,INDF,RG,6400,1,F,AK,RX,F
15:00:00,INDF,RG,6400,2,F,AK,AK,F
15:00:00,INDF,RG,6400,14,F,AK,AK,F
15:00:00,INDF,RG,6400,95,F,AK,AK,F
15:00:00,INDF,RG,6400,2,F,AK,AK,F
15:00:00,INDF,RG,6400,1,F,AK,PD,D
15:00:00,INDF,RG,6400,1,F,AK,PD,D
15:00:00,INDF,RG,6400,90,F,AK,PD,D
15:00:00,INDF,RG,6400,166,F,AK,PD,D
15:00:00,INDF,RG,6400,189,F,AK,PD,D
15:00:00,INDF,RG,6400,80,F,AK,PD,D
15:00:00,INDF,RG,6400,86,F,AK,PD,D
15:00:00,INDF,RG,6400,3,D,RX,PD,D
15:00:00,INDF,RG,6400,236,D,PD,PD,D
15:00:00,INDF,RG,6400,122,D,PD,YU,D
14:49:59,INDF,RG,6425,1,F,AK,DX,F
14:49:58,INDF,RG,6425,1,F,KZ,BK,F
14:49:58,INDF,RG,6425,1,F,ZP,BK,F
14:49:57,INDF,RG,6425,1,F,ZP,BK,F
14:49:57,INDF,RG,6425,2,F,AK,BK,F
14:49:56,INDF,RG,6425,1,F,AK,BK,F
14:49:56,INDF,RG,6425,1,F,KZ,YP,D
14:49:56,INDF,RG,6425,1,F,AK,YP,D
14:49:55,INDF,RG,6425,1,F,AK,YP,D
14:49:55,INDF,RG,6425,1,F,ZP,YP,D
14:49:54,INDF,RG,6425,1,F,ZP,YP,D
14:49:51,INDF,RG,6450,1,F,KZ,DR,D
14:49:50,INDF,RG,6450,1,F,AK,BK,F
14:49:49,INDF,RG,6450,1,F,KZ,BK,F
14:49:48,INDF,RG,6450,4,F,KZ,BK,F
14:49:48,INDF,RG,6450,1,F,KZ,BK,F
14:49:47,INDF,RG,6450,10,F,KZ,EP,D
14:49:47,INDF,RG,6450,5,F,KZ,OD,D
14:49:46,INDF,RG,6425,1,F,KZ,AK,F
14:49:46,INDF,RG,6400,53,D,YP,AK,F
14:49:46,INDF,RG,6425,6,F,KZ,AK,F
14:49:45,INDF,RG,6425,1,F,KZ,AK,F
14:49:45,INDF,RG,6425,8,F,KZ,AK,F
14:49:45,INDF,RG,6425,1,D,CC,AK,F
14:49:45,INDF,RG,6425,3,F,ZP,AK,F
14:49:45,INDF,RG,6425,1,F,KZ,AK,F
14:49:45,INDF,RG,6425,14,F,AK,AK,F
14:49:45,INDF,RG,6425,3,F,AK,AK,F
14:49:45,INDF,RG,6450,2,F,AK,OD,D
14:49:44,INDF,RG,6450,2,F,ZP,OD,D
14:49:43,INDF,RG,6450,2,F,ZP,OD,D
14:49:41,INDF,RG,6450,1,D,PD,OD,D
14:49:39,INDF,RG,6450,8,F,KZ,OD,D
14:49:39,INDF,RG,6450,6,F,KZ,OD,D
14:49:39,INDF,RG,6450,3,F,AK,OD,D
14:49:38,INDF,RG,6450,2,F,AK,OD,D
14:49:38,INDF,RG,6450,19,F,AK,OD,D
14:49:38,INDF,RG,6450,7,F,AK,BK,F
14:49:38,INDF,RG,6450,1,F,AK,BK,F
14:49:38,INDF,RG,6450,3,F,AK,BK,F
14:49:37,INDF,RG,6450,4,F,ZP,BK,F
14:49:32,INDF,RG,6450,2,F,KZ,BK,F
14:49:32,INDF,RG,6450,9,F,KZ,CS,F
14:49:30,INDF,RG,6450,1,F,BK,CS,F
14:49:30,INDF,RG,6450,2,F,AK,CS,F
14:49:30,INDF,RG,6450,3,F,AK,CS,F
14:49:30,INDF,RG,6450,2,F,AK,CS,F
14:49:30,INDF,RG,6450,1,F,AK,CS,F
14:49:23,INDF,RG,6450,7,F,ZP,CS,F
14:49:23,INDF,RG,6450,9,F,AK,CS,F
14:49:23,INDF,RG,6450,2,F,ZP,CS,F
14:49:22,INDF,RG,6450,8,F,KZ,CS,F
14:49:14,INDF,RG,6450,2,F,AK,CS,F
14:49:14,INDF,RG,6450,5,F,AK,CS,F
14:49:13,INDF,RG,6450,8,F,KZ,CS,F
14:49:01,INDF,RG,6450,6,F,KZ,CS,F
14:49:00,INDF,RG,6425,7,F,AK,AK,F
14:49:00,INDF,RG,6425,3,F,AK,AK,F
14:49:00,INDF,RG,6425,1,F,AK,AK,F
14:48:56,INDF,RG,6450,13,F,KZ,CS,F
14:48:55,INDF,RG,6450,35,F,AK,CS,F
14:48:50,INDF,RG,6450,1,F,KZ,CS,F
14:48:50,INDF,RG,6450,7,F,KZ,YP,D
14:48:49,INDF,RG,6450,17,F,AK,YP,D
14:48:48,INDF,RG,6450,13,F,KZ,YP,D
14:48:38,INDF,RG,6450,1,F,ZP,YP,D
14:48:32,INDF,RG,6425,2,F,AK,PD,D
14:48:28,INDF,RG,6450,1,F,ZP,YP,D
14:48:26,INDF,RG,6450,16,F,KZ,YP,D
14:48:25,INDF,RG,6450,35,F,AK,YP,D
14:48:24,INDF,RG,6450,2,F,ZP,YP,D
14:48:16,INDF,RG,6475,2,F,KZ,PD,D
14:48:16,INDF,RG,6475,1,F,KZ,XC,D
14:48:16,INDF,RG,6475,9,F,KZ,DH,D
14:48:15,INDF,RG,6475,1,F,AK,DH,D
14:48:15,INDF,RG,6475,10,F,AK,XC,D
14:48:15,INDF,RG,6475,1,F,AK,PD,D
14:48:15,INDF,RG,6475,5,F,AK,DH,D
14:48:15,INDF,RG,6475,2,F,AK,XC,D
14:48:15,INDF,RG,6475,6,F,AK,NI,D
14:48:11,INDF,RG,6475,8,F,KZ,NI,D
14:48:11,INDF,RG,6475,9,F,KZ,XC,D
14:48:10,INDF,RG,6475,9,F,KZ,XC,D
14:48:10,INDF,RG,6475,32,F,KZ,KK,D
14:48:10,INDF,RG,6475,24,F,AK,KK,D
14:48:09,INDF,RG,6400,92,D,YP,KZ,D
14:48:09,INDF,RG,6400,1,D,XC,KZ,D
14:48:09,INDF,RG,6400,1,F,CC,KZ,D
14:48:09,INDF,RG,6400,3,D,CC,KZ,D
14:48:09,INDF,RG,6400,100,D,DR,KZ,D
14:48:09,INDF,RG,6400,2,D,NI,KZ,D
14:48:08,INDF,RG,6425,15,F,KZ,KZ,D
14:48:07,INDF,RG,6425,10,F,BK,KZ,D
14:48:07,INDF,RG,6425,11,F,KZ,KZ,D
14:48:07,INDF,RG,6425,1,F,ZP,KZ,D
14:48:07,INDF,RG,6425,15,F,ZP,KZ,D
14:48:04,INDF,RG,6475,8,F,KZ,KK,D
14:47:59,INDF,RG,6475,9,F,BK,KK,D
14:47:57,INDF,RG,6475,12,F,KZ,KK,D
14:47:56,INDF,RG,6475,4,F,ZP,KK,D
14:47:55,INDF,RG,6475,1,F,ZP,KK,D
14:47:55,INDF,RG,6450,19,F,AK,AK,F
14:47:55,INDF,RG,6450,1,F,AK,NI,D
14:47:44,INDF,RG,6450,5,F,KZ,YP,D
14:47:44,INDF,RG,6450,1,F,KZ,DR,D
14:47:43,INDF,RG,6450,1,F,KZ,DR,D
14:47:43,INDF,RG,6450,2,F,KZ,DR,D
14:47:40,INDF,RG,6450,3,F,ZP,AK,F
14:47:40,INDF,RG,6425,7,F,KZ,AK,F
14:47:39,INDF,RG,6425,6,F,KZ,AK,F
14:47:38,INDF,RG,6425,14,F,KZ,AK,F
14:47:38,INDF,RG,6425,3,F,AK,AK,F
14:47:38,INDF,RG,6425,15,F,AK,RX,F
14:47:38,INDF,RG,6425,5,F,AK,AK,F
14:47:38,INDF,RG,6425,2,F,AK,YP,D
14:47:37,INDF,RG,6425,18,F,ZP,YP,D
14:47:37,INDF,RG,6425,3,F,ZP,YP,D
14:47:37,INDF,RG,6425,7,D,PD,YP,D
14:47:37,INDF,RG,6425,6,D,PD,AK,F
14:47:37,INDF,RG,6425,5,D,PD,AK,F
14:47:37,INDF,RG,6425,25,D,PD,AK,F
14:47:31,INDF,RG,6425,5,F,KZ,AK,F
14:47:30,INDF,RG,6400,1,D,NI,AK,F
14:47:26,INDF,RG,6425,11,F,KZ,AK,F
14:47:25,INDF,RG,6425,25,F,AK,AK,F
14:47:22,INDF,RG,6425,12,F,KZ,AK,F
14:47:10,INDF,RG,6425,31,F,KZ,AK,F
14:47:08,INDF,RG,6400,2,D,NI,PD,D
14:47:08,INDF,RG,6400,2,D,YP,PD,D
14:47:08,INDF,RG,6400,3,D,XC,PD,D
14:47:08,INDF,RG,6400,95,D,YP,PD,D
14:47:02,INDF,RG,6425,4,F,KZ,AK,F
14:47:02,INDF,RG,6425,6,F,KZ,RX,F
14:47:01,INDF,RG,6425,9,F,BK,RX,F
14:47:00,INDF,RG,6400,1,D,YP,AK,F
14:46:52,INDF,RG,6425,11,F,KZ,RX,F
14:46:39,INDF,RG,6425,23,F,AK,RX,F
14:46:37,INDF,RG,6425,5,F,KZ,RX,F
14:46:27,INDF,RG,6425,4,F,KZ,RX,F
14:46:27,INDF,RG,6425,1,F,KZ,CC,D
14:46:26,INDF,RG,6425,18,F,KZ,CC,D
14:46:25,INDF,RG,6425,56,F,AK,CC,D
14:46:22,INDF,RG,6425,12,F,KZ,CC,D
14:46:15,INDF,RG,6425,8,F,BK,CC,D
14:46:13,INDF,RG,6400,1,D,YP,XL,D
14:46:11,INDF,RG,6425,14,F,KZ,CC,D
14:46:10,INDF,RG,6400,9,D,YP,RX,F
14:46:10,INDF,RG,6425,49,F,KZ,CC,D
14:46:09,INDF,RG,6425,2,F,ZP,CC,D
14:46:09,INDF,RG,6425,5,F,ZP,CC,D
14:46:09,INDF,RG,6425,135,D,PD,CC,D
14:46:09,INDF,RG,6425,2,D,PD,AK,F
14:46:09,INDF,RG,6425,34,D,PD,AK,F
14:45:57,INDF,RG,6425,6,F,KZ,AK,F
14:45:56,INDF,RG,6425,20,F,KZ,AK,F
14:45:56,INDF,RG,6425,3,D,SQ,AK,F
14:45:55,INDF,RG,6425,17,F,AK,AK,F
14:45:55,INDF,RG,6425,29,F,AK,KZ,D
14:45:43,INDF,RG,6425,8,F,KZ,KZ,D
14:45:42,INDF,RG,6400,10,D,YP,RX,F
14:45:41,INDF,RG,6425,5,D,XC,KZ,D
14:45:28,INDF,RG,6425,6,F,KZ,KZ,D
14:45:19,INDF,RG,6400,1,D,YP,XC,D
14:45:16,INDF,RG,6425,4,F,KZ,KZ,D
14:45:15,INDF,RG,6400,3,D,YP,AK,F
14:45:13,INDF,RG,6425,10,F,KZ,KZ,D
14:45:12,INDF,RG,6400,10,D,YP,RX,F
14:45:01,INDF,RG,6425,11,F,KZ,KZ,D
14:45:00,INDF,RG,6400,26,D,YP,AK,F
14:45:00,INDF,RG,6400,3,F,BK,AK,F
14:44:55,INDF,RG,6425,8,F,KZ,KZ,D
14:44:55,INDF,RG,6425,1,D,CC,KZ,D
14:44:51,INDF,RG,6400,1,F,BK,AK,F
14:44:45,INDF,RG,6425,14,F,KZ,KZ,D
14:44:44,INDF,RG,6425,57,F,KZ,KZ,D
14:44:43,INDF,RG,6425,171,D,PD,KZ,D
14:44:16,INDF,RG,6425,20,F,KZ,KZ,D
14:44:15,INDF,RG,6425,39,F,AK,KZ,D
14:43:52,INDF,RG,6425,6,F,KZ,KZ,D
14:43:43,INDF,RG,6425,14,F,KZ,KZ,D
14:43:31,INDF,RG,6425,1,D,KK,KZ,D
14:43:14,INDF,RG,6425,11,F,KZ,KZ,D
14:43:13,INDF,RG,6425,45,F,KZ,KZ,D
14:43:12,INDF,RG,6425,171,D,PD,CC,D
14:43:10,INDF,RG,6425,7,F,KZ,CC,D
14:43:00,INDF,RG,6425,1,D,PD,CC,D
14:42:55,INDF,RG,6425,7,F,KZ,CC,D
14:42:46,INDF,RG,6425,14,F,KZ,CC,D
14:42:14,INDF,RG,6450,12,F,KZ,AK,F
14:42:14,INDF,RG,6450,50,F,KZ,AK,F
14:42:13,INDF,RG,6450,64,D,PD,AK,F
14:42:13,INDF,RG,6450,107,D,PD,CS,F
14:41:58,INDF,RG,6450,11,F,KZ,CS,F
14:41:57,INDF,RG,6425,16,F,KZ,AK,F
14:41:57,INDF,RG,6400,25,F,BK,AK,F
14:41:57,INDF,RG,6400,1,F,CC,AK,F
14:41:57,INDF,RG,6400,2,F,BK,AK,F
14:41:57,INDF,RG,6400,1,D,PD,AK,F
14:41:57,INDF,RG,6400,5,D,YP,AK,F
14:41:57,INDF,RG,6400,10,D,SQ,AK,F
14:41:57,INDF,RG,6400,1,D,YP,AK,F
14:41:57,INDF,RG,6425,10,F,KZ,AK,F
14:41:56,INDF,RG,6425,3,F,ZP,AK,F
14:41:56,INDF,RG,6425,5,F,ZP,AK,F
14:41:56,INDF,RG,6425,1,D,DR,AK,F
14:41:56,INDF,RG,6425,3,F,KZ,AK,F
14:41:56,INDF,RG,6450,4,F,KZ,CS,F
14:41:56,INDF,RG,6450,71,F,KZ,AK,F
14:41:55,INDF,RG,6450,109,F,AK,AK,F
14:41:55,INDF,RG,6450,2,F,AK,AK,F
14:41:55,INDF,RG,6450,124,F,AK,KZ,D
14:41:55,INDF,RG,6450,1,F,AK,NI,D
14:41:55,INDF,RG,6450,24,F,AK,PD,D
14:41:55,INDF,RG,6450,5,F,AK,CC,D
14:41:55,INDF,RG,6450,1,F,AK,PD,D
14:41:55,INDF,RG,6450,36,F,AK,LG,D
14:41:43,INDF,RG,6425,5,F,KZ,AK,F
14:41:43,INDF,RG,6450,4,F,KZ,LG,D
14:41:42,INDF,RG,6450,10,F,KZ,LG,D
14:41:42,INDF,RG,6450,2,F,KZ,PD,D
14:41:42,INDF,RG,6450,2,F,KZ,PD,D
14:41:41,INDF,RG,6450,5,F,BK,PD,D
14:41:41,INDF,RG,6450,2,F,BK,AT,D
14:41:41,INDF,RG,6450,2,F,BK,PD,D
14:41:17,INDF,RG,6450,1,F,KZ,PD,D
14:41:17,INDF,RG,6450,9,F,KZ,CC,D
14:41:17,INDF,RG,6425,3,F,KZ,AK,F
14:41:16,INDF,RG,6425,10,F,ZP,AK,F
14:41:16,INDF,RG,6425,2,F,ZP,AK,F
14:41:15,INDF,RG,6425,1,F,ZP,AK,F
14:41:15,INDF,RG,6425,1,D,YP,AK,F
14:41:15,INDF,RG,6425,12,F,KZ,AK,F
14:41:15,INDF,RG,6425,9,F,ZP,AK,F
14:41:15,INDF,RG,6425,3,F,ZP,AK,F
14:41:15,INDF,RG,6450,63,F,KZ,CC,D
14:41:15,INDF,RG,6450,38,F,AK,CC,D
14:41:15,INDF,RG,6450,171,D,PD,CC,D
14:41:09,INDF,RG,6425,1,F,ZP,AK,F
14:41:08,INDF,RG,6450,12,D,XC,CC,D
14:40:58,INDF,RG,6450,10,F,KZ,CC,D
14:40:34,INDF,RG,6450,8,F,KZ,CC,D
14:40:26,INDF,RG,6450,1,D,PD,CC,D
14:40:19,INDF,RG,6450,13,F,KZ,CC,D
14:40:18,INDF,RG,6450,53,F,KZ,CC,D
14:40:17,INDF,RG,6450,122,D,PD,CC,D
14:40:17,INDF,RG,6450,49,D,PD,DR,D
14:40:14,INDF,RG,6450,8,F,BK,DR,D
14:39:58,INDF,RG,6450,11,F,KZ,DR,D
14:39:35,INDF,RG,6450,5,F,KZ,DR,D
14:39:35,INDF,RG,6450,5,F,KZ,DH,D
14:39:35,INDF,RG,6450,1,F,KZ,YP,D
14:39:35,INDF,RG,6450,2,F,KZ,DR,D
14:39:34,INDF,RG,6450,15,F,KZ,DR,D
14:39:33,INDF,RG,6450,34,F,KZ,DR,D
14:39:33,INDF,RG,6450,63,D,PD,DR,D
14:39:32,INDF,RG,6425,65,D,PD,AK,F
14:39:32,INDF,RG,6425,43,D,PD,PD,D
14:39:23,INDF,RG,6425,1,D,PD,PD,D
14:39:16,INDF,RG,6425,6,F,KZ,PD,D
14:38:45,INDF,RG,6425,1,F,ZP,PD,D
14:38:45,INDF,RG,6425,4,F,ZP,PD,D
14:38:31,INDF,RG,6425,12,F,KZ,PD,D
14:38:30,INDF,RG,6425,10,F,KZ,PD,D
14:38:29,INDF,RG,6425,1,F,ZP,PD,D
14:38:29,INDF,RG,6425,5,F,KZ,PD,D
14:38:29,INDF,RG,6425,2,F,ZP,PD,D
14:38:29,INDF,RG,6425,2,F,ZP,PD,D
14:38:29,INDF,RG,6425,13,F,AK,PD,D
14:38:28,INDF,RG,6450,9,F,BK,DR,D
14:38:28,INDF,RG,6450,8,F,KZ,DR,D
14:38:28,INDF,RG,6450,3,F,KZ,KZ,D
14:38:27,INDF,RG,6450,46,F,KZ,KZ,D
14:38:26,INDF,RG,6450,6,D,PD,KZ,D
14:38:26,INDF,RG,6450,11,D,PD,KZ,D
14:38:26,INDF,RG,6450,1,D,PD,YP,D
14:38:26,INDF,RG,6450,1,D,PD,XC,D
14:38:26,INDF,RG,6450,5,D,PD,PD,D
14:38:26,INDF,RG,6450,20,D,PD,PD,D
14:38:26,INDF,RG,6450,127,D,PD,YP,D
14:38:25,INDF,RG,6450,15,F,KZ,YP,D
14:38:17,INDF,RG,6450,3,D,CC,YP,D
14:37:55,INDF,RG,6450,18,F,KZ,YP,D
14:37:54,INDF,RG,6425,2,F,AK,AK,F
14:37:54,INDF,RG,6425,5,F,AK,PD,D
14:37:54,INDF,RG,6425,1,F,AK,AK,F
14:37:54,INDF,RG,6425,26,F,AK,AK,F
14:37:53,INDF,RG,6425,3,D,NI,AK,F
14:37:48,INDF,RG,6425,10,D,SQ,AK,F
14:37:46,INDF,RG,6425,14,F,KZ,AK,F
14:37:38,INDF,RG,6425,19,F,ZP,AK,F
14:37:38,INDF,RG,6425,6,F,ZP,AK,F
14:37:35,INDF,RG,6425,5,D,SQ,AK,F
14:37:34,INDF,RG,6425,15,F,KZ,AK,F
14:37:22,INDF,RG,6425,40,F,KZ,AK,F
14:37:22,INDF,RG,6425,3,F,KZ,AK,F
14:37:20,INDF,RG,6425,1,D,PD,AK,F
14:37:20,INDF,RG,6425,7,D,PD,XC,D
14:37:20,INDF,RG,6425,124,D,PD,KZ,D
14:37:20,INDF,RG,6425,1,D,PD,YP,D
14:37:20,INDF,RG,6425,38,D,PD,DR,D
14:37:19,INDF,RG,6425,6,F,KZ,DR,D
14:37:10,INDF,RG,6425,11,F,KZ,DR,D
14:36:46,INDF,RG,6425,14,F,KZ,DR,D
14:36:45,INDF,RG,6425,10,D,SQ,DR,D
14:36:42,INDF,RG,6425,9,F,BK,DR,D
14:36:28,INDF,RG,6425,13,F,KZ,DR,D
14:36:27,INDF,RG,6425,1,D,NI,DR,D
14:36:27,INDF,RG,6425,48,F,KZ,DR,D
14:36:27,INDF,RG,6425,4,F,KZ,PD,D
14:36:26,INDF,RG,6425,7,D,PD,PD,D
14:36:26,INDF,RG,6425,3,D,PD,PD,D
14:36:26,INDF,RG,6425,3,D,PD,PD,D
14:36:26,INDF,RG,6425,158,D,PD,CC,D
14:36:04,INDF,RG,6425,14,F,KZ,CC,D
14:35:31,INDF,RG,6425,14,F,KZ,CC,D
14:35:22,INDF,RG,6425,16,F,BK,CC,D
14:35:18,INDF,RG,6425,12,F,KZ,CC,D
14:35:17,INDF,RG,6425,13,F,BK,CC,D
14:35:17,INDF,RG,6425,41,F,KZ,CC,D
14:35:16,INDF,RG,6425,6,F,KZ,CC,D
14:35:16,INDF,RG,6425,171,D,PD,CC,D
14:35:01,INDF,RG,6425,7,F,KZ,CC,D
14:34:52,INDF,RG,6425,15,F,KZ,CC,D
14:34:51,INDF,RG,6425,9,F,BK,CC,D
14:34:29,INDF,RG,6425,17,F,KZ,CC,D
14:34:28,INDF,RG,6425,7,F,KZ,CC,D
14:34:24,INDF,RG,6400,11,F,KZ,AK,F
14:34:24,INDF,RG,6400,1,F,KZ,OD,D
14:34:24,INDF,RG,6400,37,F,KZ,PD,D
14:34:24,INDF,RG,6400,5,F,KZ,AK,F
14:34:24,INDF,RG,6400,1,F,KZ,AK,F
14:34:24,INDF,RG,6400,6,F,KZ,AK,F
14:34:23,INDF,RG,6400,1,D,PD,AK,F
14:34:23,INDF,RG,6400,63,F,KZ,AK,F
14:34:23,INDF,RG,6400,4,F,KZ,NI,D
14:34:23,INDF,RG,6400,45,F,KZ,AK,F
14:34:23,INDF,RG,6400,125,F,KZ,CS,F
14:34:23,INDF,RG,6400,3,F,KZ,DX,F
14:34:22,INDF,RG,6400,16,F,KZ,DX,F
14:34:22,INDF,RG,6400,31,F,KZ,RX,F
14:34:21,INDF,RG,6400,97,F,AK,RX,F
14:34:21,INDF,RG,6400,1,F,AK,AK,F
14:34:21,INDF,RG,6400,719,F,AK,BK,F
14:34:21,INDF,RG,6400,27,F,AK,DX,F
14:34:21,INDF,RG,6400,156,F,AK,KZ,D
14:34:21,INDF,RG,6400,1,F,ZP,KZ,D
14:34:21,INDF,RG,6400,171,D,PD,KZ,D
14:34:18,INDF,RG,6400,12,F,BK,KZ,D
14:34:16,INDF,RG,6400,6,F,KZ,KZ,D
14:34:12,INDF,RG,6400,10,F,BK,KZ,D
14:34:12,INDF,RG,6400,12,F,KZ,KZ,D
14:34:11,INDF,RG,6400,37,F,AK,KZ,D
14:34:10,INDF,RG,6400,8,F,KZ,KZ,D
14:34:09,INDF,RG,6400,9,F,BK,KZ,D
14:34:06,INDF,RG,6400,12,F,KZ,KZ,D
14:34:06,INDF,RG,6400,2,F,ZP,KZ,D
14:34:06,INDF,RG,6400,6,F,ZP,KZ,D
14:34:05,INDF,RG,6400,16,F,BK,KZ,D
14:34:04,INDF,RG,6400,30,F,KZ,KZ,D
14:34:03,INDF,RG,6400,20,F,AI,KZ,D
14:34:03,INDF,RG,6400,80,F,AI,CC,D
14:33:53,INDF,RG,6375,2,D,EP,OD,D
14:33:52,INDF,RG,6400,12,F,KZ,CC,D
14:33:29,INDF,RG,6400,10,F,BK,CC,D
14:33:28,INDF,RG,6400,9,F,KZ,CC,D
14:33:23,INDF,RG,6400,1,D,XC,CC,D
14:33:21,INDF,RG,6400,13,F,BK,CC,D
14:33:19,INDF,RG,6400,11,F,KZ,CC,D
14:33:18,INDF,RG,6400,34,F,BK,CC,D
14:33:18,INDF,RG,6400,11,F,KZ,CC,D
14:33:17,INDF,RG,6400,48,F,KZ,CC,D
14:33:16,INDF,RG,6400,171,D,PD,CC,D
14:33:15,INDF,RG,6400,18,F,BK,CC,D
14:33:12,INDF,RG,6400,6,F,KZ,CC,D
14:33:11,INDF,RG,6400,11,F,KZ,CC,D
14:33:11,INDF,RG,6400,13,F,KZ,CC,D
14:33:10,INDF,RG,6400,43,F,BK,CC,D
14:33:09,INDF,RG,6400,9,F,KZ,CC,D
14:33:09,INDF,RG,6400,47,F,KZ,DX,F
14:33:09,INDF,RG,6400,1,F,ZP,DX,F
14:33:08,INDF,RG,6400,8,F,AK,DX,F
14:33:08,INDF,RG,6400,26,F,AK,DX,F
14:33:08,INDF,RG,6400,31,F,AK,DX,F
14:33:08,INDF,RG,6400,65,F,AK,DX,F
14:33:08,INDF,RG,6400,2,F,AK,AK,F
14:33:08,INDF,RG,6400,22,F,AK,DX,F
14:33:08,INDF,RG,6400,2,F,AK,AK,F
14:33:08,INDF,RG,6400,59,F,AK,DX,F
14:33:07,INDF,RG,6400,14,F,KZ,DX,F
14:33:01,INDF,RG,6400,2,F,ZP,DX,F
14:32:59,INDF,RG,6400,9,F,BK,DX,F
14:32:53,INDF,RG,6400,10,D,CC,DX,F
14:32:40,INDF,RG,6400,8,F,KZ,DX,F
14:32:40,INDF,RG,6400,14,F,BK,DX,F
14:32:37,INDF,RG,6400,13,F,KZ,DX,F
14:32:36,INDF,RG,6400,16,F,ZP,DX,F
14:32:36,INDF,RG,6400,6,F,ZP,DX,F
14:32:35,INDF,RG,6375,1,D,EP,OD,D
14:32:35,INDF,RG,6400,10,D,YP,DX,F
14:32:31,INDF,RG,6400,5,F,KZ,DX,F
14:32:31,INDF,RG,6400,12,F,BK,DX,F
14:32:27,INDF,RG,6400,15,F,KZ,DX,F
14:32:26,INDF,RG,6400,17,F,BK,DX,F
14:32:21,INDF,RG,6400,13,F,KZ,DX,F
14:32:21,INDF,RG,6400,26,F,BK,DX,F
14:32:20,INDF,RG,6400,5,F,KZ,DX,F
14:32:20,INDF,RG,6400,7,F,KZ,AK,F
14:32:20,INDF,RG,6400,4,F,KZ,PD,D
14:32:20,INDF,RG,6400,39,F,KZ,AK,F
14:32:20,INDF,RG,6400,171,D,PD,AK,F
14:31:57,INDF,RG,6400,2,D,DR,AK,F
14:31:43,INDF,RG,6400,13,F,KZ,AK,F
14:31:21,INDF,RG,6400,13,F,BK,AK,F
14:31:19,INDF,RG,6400,14,F,KZ,AK,F
14:31:18,INDF,RG,6400,21,F,BK,AK,F
14:31:15,INDF,RG,6375,1,D,EP,OD,D
14:31:14,INDF,RG,6400,29,F,KZ,AK,F
14:31:13,INDF,RG,6400,89,F,BK,AK,F
14:31:13,INDF,RG,6400,6,F,BK,AK,F
14:31:12,INDF,RG,6400,25,F,KZ,AK,F
14:31:11,INDF,RG,6400,11,F,KZ,AK,F
14:31:11,INDF,RG,6400,74,F,KZ,CC,D
14:31:10,INDF,RG,6400,19,F,KZ,CC,D
14:31:09,INDF,RG,6375,361,D,EP,AK,F
14:31:09,INDF,RG,6400,46,F,KZ,CC,D
14:31:09,INDF,RG,6400,30,F,BK,CC,D
14:31:09,INDF,RG,6400,171,D,PD,CC,D
14:31:03,INDF,RG,6400,17,F,KZ,CC,D
14:31:02,INDF,RG,6400,9,F,BK,CC,D
14:31:00,INDF,RG,6400,21,F,AK,CC,D
14:30:44,INDF,RG,6400,8,F,BK,CC,D
14:30:43,INDF,RG,6400,12,F,KZ,CC,D
14:30:19,INDF,RG,6400,14,F,BK,CC,D
14:30:16,INDF,RG,6400,5,F,KZ,CC,D
14:30:15,INDF,RG,6400,19,F,KZ,CC,D
14:30:14,INDF,RG,6400,35,F,BK,CC,D
14:30:13,INDF,RG,6400,20,F,KZ,CC,D
14:30:13,INDF,RG,6400,22,F,KZ,DX,F
14:30:12,INDF,RG,6400,171,D,PD,DX,F
14:30:10,INDF,RG,6400,6,F,KZ,DX,F
14:30:00,INDF,RG,6400,13,F,KZ,DX,F
14:29:59,INDF,RG,6375,1,D,EP,OD,D
14:29:21,INDF,RG,6400,1,F,KZ,DX,F
14:29:21,INDF,RG,6400,7,F,KZ,BK,F
14:29:20,INDF,RG,6400,19,F,BK,BK,F
14:29:18,INDF,RG,6400,13,F,KZ,BK,F
14:29:17,INDF,RG,6400,8,F,BK,BK,F
14:29:17,INDF,RG,6400,10,F,BK,BK,F
14:29:17,INDF,RG,6400,1,F,BK,PD,D
14:29:17,INDF,RG,6400,24,F,BK,RX,F
14:29:16,INDF,RG,6400,1,F,KZ,RX,F
14:29:16,INDF,RG,6400,11,F,KZ,DX,F
14:29:15,INDF,RG,6400,47,F,KZ,DX,F
14:29:14,INDF,RG,6400,26,D,PD,DX,F
14:29:14,INDF,RG,6400,145,D,PD,KZ,D
14:29:04,INDF,RG,6400,16,F,KZ,KZ,D
14:29:03,INDF,RG,6400,1,F,ZP,KZ,D
14:29:03,INDF,RG,6400,4,F,ZP,KZ,D
14:28:43,INDF,RG,6400,11,F,AK,KZ,D
14:28:41,INDF,RG,6375,2,D,EP,OD,D
14:28:29,INDF,RG,6400,10,F,KZ,KZ,D
14:28:28,INDF,RG,6400,42,F,KZ,KZ,D
14:28:27,INDF,RG,6400,52,D,PD,KZ,D
14:28:27,INDF,RG,6400,1,D,PD,TP,D
14:28:27,INDF,RG,6400,93,D,PD,DX,F
14:28:27,INDF,RG,6400,25,D,PD,DX,F
14:28:25,INDF,RG,6400,5,F,KZ,DX,F
14:28:24,INDF,RG,6400,5,D,SQ,DX,F
14:28:19,INDF,RG,6400,11,F,KZ,DX,F
14:28:09,INDF,RG,6400,14,F,ZP,DX,F
14:28:04,INDF,RG,6400,15,F,KZ,DX,F
14:27:44,INDF,RG,6400,36,F,KZ,DX,F
14:27:44,INDF,RG,6400,1,F,KZ,AT,D
14:27:44,INDF,RG,6400,7,F,KZ,CS,F
14:27:43,INDF,RG,6400,111,D,PD,CS,F
14:27:43,INDF,RG,6400,60,D,PD,DX,F
14:27:34,INDF,RG,6400,6,F,KZ,DX,F
14:27:31,INDF,RG,6400,8,F,BK,DX,F
14:27:29,INDF,RG,6400,10,F,KZ,DX,F
14:27:28,INDF,RG,6400,10,D,PD,DX,F
14:27:21,INDF,RG,6375,1,D,EP,OD,D
14:27:12,INDF,RG,6400,7,F,KZ,DX,F
14:27:12,INDF,RG,6400,7,F,AK,DX,F
14:27:10,INDF,RG,6400,10,F,ZP,DX,F
14:27:10,INDF,RG,6400,6,F,ZP,DX,F
14:27:07,INDF,RG,6400,9,F,KZ,DX,F
14:26:48,INDF,RG,6400,10,F,KZ,DX,F
14:26:48,INDF,RG,6400,2,F,KZ,AK,F
14:26:48,INDF,RG,6400,2,F,KZ,SQ,D
14:26:47,INDF,RG,6400,3,D,YP,SQ,D
14:26:47,INDF,RG,6400,13,D,YP,YP,D
14:26:43,INDF,RG,6400,12,F,KZ,YP,D
14:26:43,INDF,RG,6400,30,F,KZ,DX,F
14:26:42,INDF,RG,6400,128,D,PD,DX,F
14:26:42,INDF,RG,6400,17,D,PD,RX,F
14:26:42,INDF,RG,6400,1,D,PD,PD,D
14:26:42,INDF,RG,6400,4,D,PD,XC,D
14:26:42,INDF,RG,6400,4,D,PD,DX,F
14:26:34,INDF,RG,6400,15,F,KZ,DX,F
14:26:15,INDF,RG,6400,3,F,AK,DX,F
14:26:01,INDF,RG,6375,1,D,EP,OD,D
14:25:51,INDF,RG,6400,13,F,KZ,DX,F
14:25:50,INDF,RG,6400,52,F,KZ,DX,F
14:25:48,INDF,RG,6400,84,D,YP,DX,F
14:25:48,INDF,RG,6400,1,D,YP,XC,D
14:25:48,INDF,RG,6400,1,D,YP,AK,F
14:25:48,INDF,RG,6400,114,D,YP,DX,F
14:25:40,INDF,RG,6400,12,F,KZ,DX,F
14:25:40,INDF,RG,6400,3,F,KZ,CC,D
14:25:33,INDF,RG,6400,8,F,BK,CC,D
14:25:32,INDF,RG,6400,3,D,YP,CC,D
14:25:30,INDF,RG,6400,3,F,AK,CC,D
14:25:17,INDF,RG,6400,26,F,KZ,CC,D
14:25:16,INDF,RG,6400,86,D,PD,CC,D
14:25:15,INDF,RG,6375,7,D,EP,AK,F
14:25:07,INDF,RG,6400,9,F,KZ,CC,D
14:24:50,INDF,RG,6400,10,D,SQ,CC,D
14:24:47,INDF,RG,6400,4,F,KZ,CC,D
14:24:46,INDF,RG,6400,17,F,KZ,CC,D
14:24:45,INDF,RG,6375,32,D,EP,AK,F
14:24:43,INDF,RG,6375,2,D,EP,OD,D
14:24:43,INDF,RG,6400,4,F,AK,CC,D
14:24:41,INDF,RG,6400,1,D,YP,CC,D
14:24:16,INDF,RG,6400,4,F,KZ,CC,D
14:24:10,INDF,RG,6400,10,F,KZ,CC,D
14:24:04,INDF,RG,6400,10,D,PD,CC,D
14:23:46,INDF,RG,6400,2,F,KZ,CC,D
14:23:46,INDF,RG,6400,1,F,KZ,AZ,D
14:23:46,INDF,RG,6400,5,F,KZ,CC,D
14:23:45,INDF,RG,6400,4,F,AK,CC,D
14:23:33,INDF,RG,6375,4,D,EP,AK,F
14:23:32,INDF,RG,6400,9,F,KZ,CC,D
14:23:31,INDF,RG,6375,4,D,EP,YP,D
14:23:27,INDF,RG,6375,1,D,EP,OD,D
14:23:24,INDF,RG,6400,9,F,BK,CC,D
14:23:15,INDF,RG,6400,10,F,KZ,CC,D
14:23:15,INDF,RG,6400,2,F,AK,CC,D
14:22:59,INDF,RG,6400,1,D,PD,CC,D
14:22:45,INDF,RG,6400,4,F,KZ,CC,D
14:22:45,INDF,RG,6400,2,F,AK,CC,D
14:22:34,INDF,RG,6400,4,F,KZ,CC,D
14:22:33,INDF,RG,6400,18,F,KZ,CC,D
14:22:32,INDF,RG,6400,78,F,KZ,CC,D
14:22:31,INDF,RG,6375,305,D,EP,AK,F
14:22:30,INDF,RG,6400,31,F,KZ,CC,D
14:22:30,INDF,RG,6400,116,F,AK,CC,D
14:22:22,INDF,RG,6400,7,F,KZ,CC,D
14:22:22,INDF,RG,6400,1,F,KZ,DX,F
14:22:15,INDF,RG,6400,3,F,AK,DX,F
14:22:07,INDF,RG,6375,1,D,EP,OD,D
14:21:58,INDF,RG,6400,5,F,KZ,DX,F
14:21:49,INDF,RG,6400,13,F,KZ,DX,F
14:21:23,INDF,RG,6400,5,F,AK,DX,F
14:21:23,INDF,RG,6400,8,F,BK,DX,F
14:21:13,INDF,RG,6400,5,F,KZ,DX,F
14:21:04,INDF,RG,6400,14,F,KZ,DX,F
14:20:49,INDF,RG,6375,1,D,EP,OD,D
14:20:25,INDF,RG,6400,4,F,ZP,DX,F
14:20:19,INDF,RG,6400,8,F,KZ,DX,F
14:19:58,INDF,RG,6400,14,F,KZ,DX,F
14:19:45,INDF,RG,6400,9,F,AK,DX,F
14:19:32,INDF,RG,6400,6,D,NI,DX,F
14:19:30,INDF,RG,6400,15,F,KZ,DX,F
14:19:29,INDF,RG,6375,2,D,EP,OD,D
14:19:03,INDF,RG,6400,1,D,PD,DX,F
14:19:00,INDF,RG,6400,9,F,BK,DX,F
14:18:59,INDF,RG,6400,2,D,CC,DX,F
14:18:52,INDF,RG,6400,11,F,KZ,DX,F
14:18:39,INDF,RG,6400,1,D,YP,DX,F
14:18:30,INDF,RG,6375,2,D,EP,AK,F
14:18:22,INDF,RG,6400,5,F,KZ,DX,F
14:18:22,INDF,RG,6400,10,F,KZ,KZ,D
14:18:13,INDF,RG,6375,1,D,EP,OD,D
14:18:05,INDF,RG,6375,1,D,EP,PD,D
14:18:03,INDF,RG,6400,1,D,KK,KZ,D
14:17:50,INDF,RG,6375,3,D,EP,PD,D
14:17:37,INDF,RG,6400,12,F,KZ,KZ,D
14:17:26,INDF,RG,6400,12,F,AK,KZ,D
14:17:25,INDF,RG,6400,5,F,ZP,KZ,D
14:17:25,INDF,RG,6400,1,F,ZP,KZ,D
14:17:16,INDF,RG,6400,12,F,KZ,KZ,D
14:16:57,INDF,RG,6375,1,D,EP,OD,D
14:16:53,INDF,RG,6400,10,D,GR,KZ,D
14:16:46,INDF,RG,6400,12,F,KZ,KZ,D
14:16:45,INDF,RG,6400,39,F,AK,KZ,D
14:16:43,INDF,RG,6400,10,F,KZ,KZ,D
14:16:34,INDF,RG,6400,1,F,BK,KZ,D
14:16:34,INDF,RG,6400,8,F,BK,YU,D
14:16:16,INDF,RG,6400,6,F,KZ,YU,D
14:16:06,INDF,RG,6400,15,F,KZ,YU,D
14:16:04,INDF,RG,6400,10,D,AZ,YU,D
14:15:59,INDF,RG,6400,5,D,SQ,YU,D
14:15:39,INDF,RG,6375,1,D,EP,OD,D
14:15:25,INDF,RG,6400,10,F,KZ,YU,D
14:15:15,INDF,RG,6400,7,F,AK,YU,D
14:15:04,INDF,RG,6400,15,F,KZ,YU,D
14:15:01,INDF,RG,6400,1,F,ZP,YU,D
14:14:51,INDF,RG,6400,1,D,XL,YU,D
14:14:51,INDF,RG,6375,2,D,EP,AK,F
14:14:50,INDF,RG,6400,3,F,ZP,YU,D
14:14:19,INDF,RG,6400,9,F,KZ,YU,D
14:14:19,INDF,RG,6375,1,D,EP,OD,D
14:14:14,INDF,RG,6400,8,F,BK,YU,D
14:14:01,INDF,RG,6400,11,F,KZ,YU,D
14:14:00,INDF,RG,6400,7,F,AK,YU,D
14:14:00,INDF,RG,6400,30,F,AK,DX,F
14:13:52,INDF,RG,6400,5,F,KZ,DX,F
14:13:45,INDF,RG,6400,5,F,AK,DX,F
14:13:43,INDF,RG,6400,8,F,KZ,DX,F
14:13:28,INDF,RG,6400,1,D,NI,DX,F
14:13:16,INDF,RG,6400,7,F,KZ,DX,F
14:13:02,INDF,RG,6400,3,F,ZP,DX,F
14:12:57,INDF,RG,6400,2,F,ZP,DX,F
14:12:55,INDF,RG,6400,4,F,KZ,DX,F
14:12:52,INDF,RG,6400,14,F,KZ,DX,F
14:12:45,INDF,RG,6400,3,F,AK,DX,F
14:12:27,INDF,RG,6400,1,D,NI,DX,F
14:12:15,INDF,RG,6400,2,F,AK,DX,F
14:12:13,INDF,RG,6400,2,D,NI,DX,F
14:12:13,INDF,RG,6400,7,F,KZ,DX,F
14:12:13,INDF,RG,6400,6,F,KZ,DX,F
14:12:01,INDF,RG,6400,1,D,AT,DX,F
14:11:55,INDF,RG,6400,1,D,DH,DX,F
14:11:52,INDF,RG,6400,8,F,BK,DX,F
14:11:45,INDF,RG,6375,1,D,EP,AK,F
14:11:45,INDF,RG,6400,2,F,AK,DX,F
14:11:39,INDF,RG,6400,9,F,KZ,DX,F
14:11:39,INDF,RG,6375,1,D,EP,OD,D
14:11:14,INDF,RG,6400,2,F,AK,DX,F
14:11:13,INDF,RG,6400,10,F,KZ,DX,F
14:11:08,INDF,RG,6400,4,F,ZP,DX,F
14:11:08,INDF,RG,6400,11,F,ZP,DX,F
14:11:08,INDF,RG,6400,4,F,ZP,DX,F
14:11:01,INDF,RG,6400,15,F,KZ,DX,F
14:10:30,INDF,RG,6400,1,D,LG,DX,F
14:10:30,INDF,RG,6400,3,F,AK,DX,F
14:10:07,INDF,RG,6400,4,F,KZ,DX,F
14:09:55,INDF,RG,6400,7,F,KZ,DX,F
14:09:49,INDF,RG,6400,1,D,CC,DX,F
14:09:44,INDF,RG,6400,2,F,AK,DX,F
14:09:43,INDF,RG,6400,5,F,KZ,DX,F
14:09:43,INDF,RG,6400,1,F,KZ,AK,F
14:09:43,INDF,RG,6400,9,F,KZ,RX,F
14:09:19,INDF,RG,6400,2,D,XC,RX,F
14:09:15,INDF,RG,6400,2,F,AK,RX,F
14:09:04,INDF,RG,6400,9,F,BK,RX,F
14:09:03,INDF,RG,6375,1,D,EP,OD,D
14:09:01,INDF,RG,6400,10,F,KZ,RX,F
14:09:00,INDF,RG,6375,31,D,EP,YP,F
14:08:52,INDF,RG,6400,5,F,KZ,RX,F
14:08:46,INDF,RG,6400,13,F,KZ,RX,F
14:08:45,INDF,RG,6400,12,F,AK,RX,F
14:08:45,INDF,RG,6400,26,F,AK,DX,F
14:08:31,INDF,RG,6400,6,F,KZ,DX,F
14:08:30,INDF,RG,6400,3,F,AK,DX,F
14:08:19,INDF,RG,6400,14,F,KZ,DX,F
14:07:29,INDF,RG,6400,4,F,AK,DX,F
14:07:28,INDF,RG,6400,6,F,KZ,DX,F
14:07:09,INDF,RG,6400,6,F,KZ,DX,F
14:07:08,INDF,RG,6375,1,D,EP,XC,D
14:07:00,INDF,RG,6375,1,D,EP,AK,F
14:06:55,INDF,RG,6400,11,F,KZ,DX,F
14:06:29,INDF,RG,6400,3,F,AK,DX,F
14:06:29,INDF,RG,6400,12,F,KZ,DX,F
14:06:28,INDF,RG,6400,8,F,BK,DX,F
14:06:28,INDF,RG,6375,13,D,EP,RX,F
14:06:15,INDF,RG,6400,3,D,DH,DX,F
14:06:10,INDF,RG,6400,15,F,KZ,DX,F
14:06:09,INDF,RG,6375,11,D,EP,RX,F
14:06:09,INDF,RG,6375,139,D,EP,KZ,D
14:06:09,INDF,RG,6375,1,D,YP,KZ,D
14:06:09,INDF,RG,6375,5,D,KK,KZ,D
14:06:09,INDF,RG,6375,1,D,PD,KZ,D
14:06:09,INDF,RG,6375,1,D,XL,KZ,D
14:06:09,INDF,RG,6375,20,D,KK,KZ,D
14:06:09,INDF,RG,6375,20,D,YP,KZ,D
14:06:09,INDF,RG,6375,1,D,PD,KZ,D
14:06:09,INDF,RG,6375,36,D,SQ,KZ,D
14:06:08,INDF,RG,6375,5,D,SQ,PD,D
14:06:06,INDF,RG,6400,1,D,YP,DX,F
14:05:45,INDF,RG,6400,2,F,AK,DX,F
14:05:15,INDF,RG,6400,2,F,AK,DX,F
14:05:08,INDF,RG,6400,1,D,DH,DX,F
14:05:07,INDF,RG,6375,1,D,SQ,OD,D
14:04:49,INDF,RG,6400,11,F,KZ,DX,F
14:04:32,INDF,RG,6400,1,F,ZP,DX,F
14:04:27,INDF,RG,6400,1,D,DH,DX,F
14:04:08,INDF,RG,6400,1,F,ZP,DX,F
14:03:56,INDF,RG,6400,2,D,XC,DX,F
14:03:30,INDF,RG,6400,27,F,AK,DX,F
14:03:26,INDF,RG,6400,9,F,BK,DX,F
14:03:10,INDF,RG,6400,2,F,ZP,DX,F
14:02:58,INDF,RG,6400,14,F,KZ,DX,F
14:02:45,INDF,RG,6400,15,D,XL,DX,F
14:02:39,INDF,RG,6375,2,D,SQ,XC,D
14:02:37,INDF,RG,6375,16,D,SQ,RX,F
14:02:26,INDF,RG,6375,1,D,SQ,AK,F
14:02:25,INDF,RG,6375,1,D,SQ,OD,D
14:02:18,INDF,RG,6400,2,F,ZP,DX,F
14:02:09,INDF,RG,6400,1,D,DH,DX,F
14:02:06,INDF,RG,6400,4,D,CC,DX,F
14:01:57,INDF,RG,6400,1,D,NI,DX,F
14:01:52,INDF,RG,6400,5,F,ZP,DX,F
14:01:35,INDF,RG,6400,1,D,XC,DX,F
14:01:30,INDF,RG,6400,24,F,AK,DX,F
14:01:25,INDF,RG,6400,68,D,PD,DX,F
14:00:25,INDF,RG,6400,15,F,KZ,DX,F
14:00:23,INDF,RG,6400,1,F,ZP,DX,F
14:00:20,INDF,RG,6400,9,F,BK,DX,F
14:00:15,INDF,RG,6400,7,F,AK,DX,F
14:00:06,INDF,RG,6400,68,D,PD,BK,F
13:59:47,INDF,RG,6375,1,D,SQ,OD,D
13:59:45,INDF,RG,6400,28,F,AK,BK,F
13:59:30,INDF,RG,6375,40,D,SQ,YB,D
13:59:06,INDF,RG,6400,2,D,PD,BK,F
13:59:06,INDF,RG,6400,67,D,PD,AK,F
13:58:54,INDF,RG,6375,7,D,SQ,DR,D
13:58:01,INDF,RG,6400,4,F,ZP,AK,F
13:58:01,INDF,RG,6400,1,F,ZP,AK,F
13:58:00,INDF,RG,6400,22,F,AK,AK,F
13:58:00,INDF,RG,6400,3,F,AK,AK,F
13:57:33,INDF,RG,6400,8,D,KK,AK,F
13:57:20,INDF,RG,6375,2,D,SQ,AK,F
13:57:19,INDF,RG,6400,15,F,KZ,AK,F
13:57:13,INDF,RG,6400,3,D,CC,AK,F
13:57:07,INDF,RG,6375,1,D,SQ,OD,D
13:56:53,INDF,RG,6400,7,D,LS,AK,F
13:56:53,INDF,RG,6400,93,D,LS,KZ,D
13:56:41,INDF,RG,6375,4,D,SQ,PD,D
13:56:41,INDF,RG,6400,10,F,BK,KZ,D
13:56:03,INDF,RG,6375,1,D,SQ,YP,D
13:54:53,INDF,RG,6375,19,D,SQ,RX,F
13:54:29,INDF,RG,6375,1,D,SQ,OD,D
13:54:28,INDF,RG,6400,1,F,ZP,KZ,D
13:53:49,INDF,RG,6400,11,F,KZ,KZ,D
13:51:54,INDF,RG,6375,1,D,SQ,OD,D
13:51:42,INDF,RG,6400,18,D,PD,KZ,D
13:51:31,INDF,RG,6400,5,D,XL,KZ,D
13:51:10,INDF,RG,6375,3,D,SQ,AK,F
13:51:10,INDF,RG,6400,4,F,KZ,KZ,D
13:51:05,INDF,RG,6400,1,D,XC,KZ,D
13:50:27,INDF,RG,6400,1,F,ZP,KZ,D
13:50:15,INDF,RG,6400,6,F,ZP,KZ,D
13:50:10,INDF,RG,6400,13,F,KZ,KZ,D
13:49:30,INDF,RG,6375,1,D,SQ,AK,F
13:48:50,INDF,RG,6400,1,D,AG,KZ,D
13:48:36,INDF,RG,6375,1,D,SQ,PD,D
13:48:08,INDF,RG,6375,1,D,SQ,OD,D
13:48:08,INDF,RG,6400,4,D,XC,KZ,D
13:47:43,INDF,RG,6400,5,D,YP,KZ,D
13:47:35,INDF,RG,6400,2,D,NI,KZ,D
13:47:35,INDF,RG,6375,1,D,SQ,DR,D
13:47:15,INDF,RG,6400,2,D,PD,KZ,D
13:47:14,INDF,RG,6400,1,D,NI,CC,D
13:47:13,INDF,RG,6375,16,D,SQ,RX,F
13:47:13,INDF,RG,6375,2,D,DR,RX,F
13:47:13,INDF,RG,6375,3,D,HP,RX,F
13:47:13,INDF,RG,6375,1,D,TP,RX,F
13:47:01,INDF,RG,6400,1,F,ZP,CC,D
13:46:57,INDF,RG,6400,1,D,XC,CC,D
13:46:50,INDF,RG,6400,9,F,KZ,CC,D
13:46:49,INDF,RG,6400,9,F,KZ,CC,D
13:46:48,INDF,RG,6400,10,F,BK,CC,D
13:46:48,INDF,RG,6400,3,F,ZP,CC,D
13:46:48,INDF,RG,6400,164,F,YU,CC,D
13:46:48,INDF,RG,6400,2,F,ZP,CC,D
13:46:48,INDF,RG,6400,2,D,PD,CC,D
13:46:48,INDF,RG,6400,2,F,CC,CC,D
13:46:48,INDF,RG,6400,10,F,BK,CC,D
13:46:48,INDF,RG,6400,10,F,KZ,CC,D
13:46:48,INDF,RG,6400,2,D,CC,CC,D
13:46:48,INDF,RG,6400,2,F,ZP,CC,D
13:46:48,INDF,RG,6400,1,F,ZP,CC,D
13:46:48,INDF,RG,6400,1,D,PD,CC,D
13:46:48,INDF,RG,6400,20,D,KK,CC,D
13:46:40,INDF,RG,6425,12,F,KZ,BK,F
13:45:34,INDF,RG,6400,1,D,KK,OD,D
13:44:16,INDF,RG,6400,1,D,KK,OD,D
13:43:19,INDF,RG,6425,11,F,KZ,BK,F
13:43:09,INDF,RG,6400,2,D,KK,OD,D
13:43:08,INDF,RG,6425,48,D,PD,BK,F
13:43:08,INDF,RG,6425,12,D,PD,CC,D
13:43:03,INDF,RG,6400,7,D,KK,YP,D
13:42:54,INDF,RG,6400,1,D,KK,OD,D
13:42:28,INDF,RG,6425,1,D,YP,CC,D
13:42:15,INDF,RG,6425,59,D,PD,CC,D
13:41:51,INDF,RG,6400,4,D,KK,AK,F
13:41:13,INDF,RG,6425,60,D,PD,CC,D
13:41:00,INDF,RG,6400,1,D,KK,AK,F
13:40:39,INDF,RG,6400,2,D,KK,XC,D
13:40:29,INDF,RG,6425,60,D,PD,CC,D
13:40:16,INDF,RG,6400,1,D,KK,OD,D
13:39:49,INDF,RG,6400,60,D,KK,DX,F
13:39:49,INDF,RG,6400,9,F,BK,DX,F
13:39:49,INDF,RG,6400,6,F,KZ,DX,F
13:39:49,INDF,RG,6400,40,F,AK,DX,F
13:39:48,INDF,RG,6425,60,D,PD,CC,D
13:39:39,INDF,RG,6425,5,D,XC,CC,D
13:39:01,INDF,RG,6400,1,F,AK,OD,D
13:38:39,INDF,RG,6425,43,D,PD,CC,D
13:38:39,INDF,RG,6425,17,D,PD,AK,F
13:37:51,INDF,RG,6425,6,D,PD,AK,F
13:37:48,INDF,RG,6425,4,F,KZ,AK,F
13:37:43,INDF,RG,6425,12,D,PD,AK,F
13:37:43,INDF,RG,6425,1,D,PD,YP,D
13:37:43,INDF,RG,6425,3,D,PD,YP,D
13:37:43,INDF,RG,6425,10,D,PD,YP,D
13:37:43,INDF,RG,6425,21,D,PD,YP,D
13:37:43,INDF,RG,6425,1,D,PD,YP,D
13:37:43,INDF,RG,6425,12,D,PD,DX,F
13:37:40,INDF,RG,6400,1,F,AK,OD,D
13:37:06,INDF,RG,6425,3,D,NI,DX,F
13:36:57,INDF,RG,6425,60,D,PD,DX,F
13:36:02,INDF,RG,6425,59,D,PD,DX,F
13:36:01,INDF,RG,6400,19,F,YU,AK,F
13:36:01,INDF,RG,6400,211,F,YU,AK,F
13:36:01,INDF,RG,6400,5,F,ZP,AK,F
13:36:01,INDF,RG,6400,9,F,KZ,AK,F
13:36:01,INDF,RG,6400,1,D,XC,AK,F
13:36:01,INDF,RG,6400,5,D,YP,AK,F
13:36:01,INDF,RG,6400,9,F,BK,AK,F
13:36:01,INDF,RG,6400,3,D,XC,AK,F
13:36:01,INDF,RG,6400,38,F,AK,AK,F
13:36:01,INDF,RG,6400,5,F,ZP,AK,F
13:35:59,INDF,RG,6400,117,F,YU,SH,D
13:35:59,INDF,RG,6400,100,D,KK,SH,D
13:35:59,INDF,RG,6400,1,D,YP,SH,D
13:35:59,INDF,RG,6400,11,F,ZP,SH,D
13:35:59,INDF,RG,6400,5,D,SQ,SH,D
13:35:59,INDF,RG,6400,3,F,ZP,SH,D
13:35:59,INDF,RG,6400,2,F,ZP,SH,D
13:35:59,INDF,RG,6400,6,D,NI,SH,D
13:35:59,INDF,RG,6400,1,D,NI,SH,D
13:35:59,INDF,RG,6400,15,D,YP,SH,D
13:35:59,INDF,RG,6400,2,D,YP,SH,D
13:35:59,INDF,RG,6400,4,D,YP,SH,D
13:35:59,INDF,RG,6400,5,D,XC,SH,D
13:35:59,INDF,RG,6400,6,F,KZ,SH,D
13:35:59,INDF,RG,6400,46,F,AK,SH,D
13:35:59,INDF,RG,6400,1,D,SQ,SH,D
13:35:59,INDF,RG,6400,1,D,PD,SH,D
13:35:59,INDF,RG,6400,1,D,LG,SH,D
13:35:59,INDF,RG,6400,5,D,PD,SH,D
13:35:59,INDF,RG,6400,2,D,KK,SH,D
13:35:59,INDF,RG,6400,1,D,KK,SH,D
13:35:59,INDF,RG,6400,1,D,AT,SH,D
13:35:59,INDF,RG,6400,100,D,YB,SH,D
13:35:59,INDF,RG,6400,100,D,YB,SH,D
13:35:59,INDF,RG,6400,64,D,YB,SH,D
13:35:08,INDF,RG,6400,1,D,YB,OD,D
13:35:00,INDF,RG,6425,4,F,KZ,DX,F
13:34:51,INDF,RG,6425,60,D,PD,DX,F
13:34:48,INDF,RG,6400,2,D,YB,DH,D
13:33:50,INDF,RG,6400,1,D,YB,OD,D
13:33:45,INDF,RG,6425,2,D,XC,DX,F
13:30:12,INDF,RG,6400,20,D,YB,DX,F
13:30:12,INDF,RG,6400,11,D,YB,DX,F
13:30:09,INDF,RG,6425,2,F,CC,DX,F
13:30:09,INDF,RG,6425,3,F,ZP,DX,F
13:30:09,INDF,RG,6425,7,F,ZP,DX,F
13:30:09,INDF,RG,6425,1,D,XC,DX,F
13:30:09,INDF,RG,6425,1,D,XC,DX,F
13:30:09,INDF,RG,6425,254,F,KZ,DX,F
13:30:07,INDF,RG,6425,1,F,KZ,XC,D
13:30:06,INDF,RG,6425,13,F,KZ,XL,D
13:30:06,INDF,RG,6425,24,F,KZ,XC,D
13:30:06,INDF,RG,6425,4,F,KZ,AK,F
13:30:05,INDF,RG,6425,59,F,KZ,BK,F
13:30:05,INDF,RG,6425,318,F,KZ,KZ,D
13:30:05,INDF,RG,6425,1,F,KZ,PD,D
13:30:05,INDF,RG,6425,10,F,KZ,PD,D
13:30:05,INDF,RG,6425,5,F,KZ,CC,D
13:30:05,INDF,RG,6425,1,F,KZ,PD,D
13:30:05,INDF,RG,6425,2,F,KZ,SQ,D
13:30:05,INDF,RG,6425,2,F,KZ,PD,D
13:30:05,INDF,RG,6425,10,F,KZ,PD,D
13:30:05,INDF,RG,6425,2,F,KZ,PD,D
13:30:05,INDF,RG,6425,1,F,KZ,PD,D
13:30:05,INDF,RG,6425,2,F,KZ,PD,D
13:30:05,INDF,RG,6425,288,F,KZ,CC,D
13:30:05,INDF,RG,6425,2,D,OD,CC,D
13:30:04,INDF,RG,6425,10,F,AK,CC,D
13:30:04,INDF,RG,6425,1,F,AK,OD,D
13:30:04,INDF,RG,6425,9,F,AK,RX,F
13:30:04,INDF,RG,6425,4,F,AK,EP,D
13:30:04,INDF,RG,6425,35,F,AK,YP,D
13:30:04,INDF,RG,6425,6,F,AK,AK,F
13:30:04,INDF,RG,6425,20,F,AK,AK,F
13:30:04,INDF,RG,6425,20,F,AK,DX,F
13:30:04,INDF,RG,6425,3,F,AK,KZ,D
13:30:03,INDF,RG,6400,1,D,YB,PD,D
13:30:03,INDF,RG,6425,1,F,AK,KZ,D
13:30:01,INDF,RG,6425,1,D,KK,KZ,D
13:30:01,INDF,RG,6425,2,D,PD,KZ,D
13:30:01,INDF,RG,6425,1,D,YJ,KZ,D
11:29:45,INDF,RG,6425,3,F,AK,KZ,D
11:29:45,INDF,RG,6425,2,F,AK,YB,D
11:29:37,INDF,RG,6425,8,F,KZ,YB,D
11:29:37,INDF,RG,6425,3,F,KZ,KZ,D
11:29:37,INDF,RG,6425,1,F,ZP,KZ,D
11:29:30,INDF,RG,6425,1,F,AK,KZ,D
11:29:15,INDF,RG,6425,3,F,AK,KZ,D
11:29:15,INDF,RG,6425,1,F,AK,KZ,D
11:28:38,INDF,RG,6425,13,F,KZ,KZ,D
11:27:54,INDF,RG,6425,12,F,KZ,KZ,D
11:27:54,INDF,RG,6425,12,F,KZ,KZ,D
11:27:53,INDF,RG,6425,62,F,KZ,KZ,D
11:27:49,INDF,RG,6400,32,F,KZ,AK,F
11:27:49,INDF,RG,6400,6,F,KZ,AK,F
11:27:49,INDF,RG,6400,1,F,ZP,AK,F
11:27:48,INDF,RG,6400,4,F,KZ,AK,F
11:27:48,INDF,RG,6400,15,F,KZ,AK,F
11:27:48,INDF,RG,6400,49,F,AK,AK,F
11:27:48,INDF,RG,6400,361,F,AK,DX,F
11:27:48,INDF,RG,6400,11,F,AK,AK,F
11:27:48,INDF,RG,6400,40,F,AK,AK,F
11:27:48,INDF,RG,6400,39,F,AK,RX,F
11:27:47,INDF,RG,6400,80,F,KZ,BK,F
11:27:46,INDF,RG,6375,11,D,DR,DX,F
11:27:46,INDF,RG,6400,5,F,AK,BK,F
11:27:46,INDF,RG,6400,69,F,AK,AK,F
11:27:46,INDF,RG,6400,63,F,AK,DX,F
11:27:46,INDF,RG,6400,137,F,AK,CS,F
11:27:46,INDF,RG,6400,226,F,AK,KZ,D
11:27:29,INDF,RG,6400,14,F,KZ,KZ,D
11:27:15,INDF,RG,6375,16,D,DR,AK,F
11:27:14,INDF,RG,6375,11,D,DR,DX,F
11:27:11,INDF,RG,6375,1,D,DR,AK,F
11:26:39,INDF,RG,6375,9,D,DR,DX,F
11:26:32,INDF,RG,6400,2,D,XC,KZ,D
11:26:08,INDF,RG,6400,5,F,KZ,KZ,D
11:25:56,INDF,RG,6375,1,D,DR,AK,F
11:25:53,INDF,RG,6375,17,D,DR,RX,F
11:25:53,INDF,RG,6375,1,D,DR,RX,F
11:25:43,INDF,RG,6375,5,D,DR,NI,D
11:25:42,INDF,RG,6400,5,D,PD,KZ,D
11:25:42,INDF,RG,6375,1,D,DR,DX,F
11:25:42,INDF,RG,6375,10,D,DR,DX,F
11:25:42,INDF,RG,6375,1,D,YU,DX,F
11:25:38,INDF,RG,6400,14,F,KZ,KZ,D
11:25:37,INDF,RG,6400,13,F,KZ,KZ,D
11:25:37,INDF,RG,6400,3,F,CC,KZ,D
11:25:37,INDF,RG,6400,6,F,KZ,KZ,D
11:25:37,INDF,RG,6400,13,F,AK,KZ,D
11:25:34,INDF,RG,6425,12,F,KZ,KZ,D
11:25:34,INDF,RG,6425,32,F,KZ,KZ,D
11:25:33,INDF,RG,6425,28,F,KZ,KZ,D
11:25:32,INDF,RG,6400,101,F,YU,AK,F
11:25:32,INDF,RG,6400,9,F,ZP,AK,F
11:25:32,INDF,RG,6400,30,F,ZP,AK,F
11:25:32,INDF,RG,6400,13,F,KZ,AK,F
11:25:32,INDF,RG,6400,7,F,AK,AK,F
11:25:32,INDF,RG,6400,2,D,PD,AK,F
11:25:32,INDF,RG,6400,1,D,XC,AK,F
11:25:32,INDF,RG,6400,4,D,AT,AK,F
11:25:32,INDF,RG,6400,5,D,YP,AK,F
11:25:32,INDF,RG,6400,5,D,SQ,AK,F
11:25:32,INDF,RG,6400,7,D,YP,AK,F
11:25:32,INDF,RG,6400,10,D,PD,AK,F
11:25:32,INDF,RG,6400,1,F,BK,AK,F
11:25:32,INDF,RG,6400,1,D,XC,AK,F
11:25:32,INDF,RG,6400,1,D,DH,AK,F
11:25:32,INDF,RG,6400,2,F,ZP,AK,F
11:25:32,INDF,RG,6400,1,D,XC,AK,F
11:25:32,INDF,RG,6400,1,D,NI,AK,F
11:25:32,INDF,RG,6400,93,D,OD,AK,F
11:25:32,INDF,RG,6400,7,D,OD,AK,F
11:25:32,INDF,RG,6400,5,D,DH,AK,F
11:25:32,INDF,RG,6400,1,D,NI,AK,F
11:25:32,INDF,RG,6400,1,F,ZP,AK,F
11:25:32,INDF,RG,6425,18,F,KZ,KZ,D
11:25:32,INDF,RG,6425,39,F,KZ,KZ,D
11:25:31,INDF,RG,6425,46,F,KZ,KZ,D
11:25:31,INDF,RG,6400,36,F,YU,AK,F
11:25:31,INDF,RG,6400,8,D,YP,AK,F
11:25:30,INDF,RG,6400,2,D,YP,KZ,D
11:25:30,INDF,RG,6400,1,D,XC,KZ,D
11:25:30,INDF,RG,6400,1,F,ZP,KZ,D
11:25:30,INDF,RG,6400,2,F,CC,KZ,D
11:25:30,INDF,RG,6400,7,F,KZ,KZ,D
11:25:30,INDF,RG,6400,10,F,ZP,KZ,D
11:25:30,INDF,RG,6400,6,F,ZP,KZ,D
11:25:30,INDF,RG,6400,164,F,YU,KZ,D
11:25:30,INDF,RG,6400,3,D,AT,KZ,D
11:25:30,INDF,RG,6400,1,D,CC,KZ,D
11:25:30,INDF,RG,6400,10,D,PD,KZ,D
11:25:30,INDF,RG,6400,2,D,CP,KZ,D
11:25:30,INDF,RG,6400,5,D,NI,KZ,D
11:25:30,INDF,RG,6400,9,D,PD,KZ,D
11:25:30,INDF,RG,6400,1,D,PD,KZ,D
11:25:30,INDF,RG,6400,1,D,CC,KZ,D
11:25:30,INDF,RG,6400,21,F,AK,KZ,D
11:25:30,INDF,RG,6400,1,D,CC,KZ,D
11:25:30,INDF,RG,6400,79,D,PD,KZ,D
11:25:30,INDF,RG,6400,7,D,PD,KZ,D
11:25:30,INDF,RG,6400,1,D,PD,KZ,D
11:25:30,INDF,RG,6400,20,F,AK,KZ,D
11:25:30,INDF,RG,6400,1,D,PD,KZ,D
11:25:30,INDF,RG,6400,5,D,XC,KZ,D
11:25:30,INDF,RG,6400,1,D,PD,KZ,D
11:25:30,INDF,RG,6400,1,D,PD,KZ,D
11:25:30,INDF,RG,6400,1,D,XC,KZ,D
11:25:30,INDF,RG,6400,10,D,PD,KZ,D
11:25:30,INDF,RG,6400,1,D,YP,KZ,D
11:25:30,INDF,RG,6400,5,D,PD,KZ,D
11:25:30,INDF,RG,6400,1,D,CC,KZ,D
11:25:30,INDF,RG,6400,1,D,PD,KZ,D
11:25:30,INDF,RG,6400,1,D,NI,KZ,D
11:25:30,INDF,RG,6400,1,D,PD,KZ,D
11:25:30,INDF,RG,6400,5,D,PD,KZ,D
11:25:30,INDF,RG,6400,1,D,XC,KZ,D
11:25:30,INDF,RG,6400,1,D,YP,KZ,D
11:25:30,INDF,RG,6400,2,D,CC,KZ,D
11:25:30,INDF,RG,6400,2,D,ZP,KZ,D
11:25:30,INDF,RG,6400,5,D,NI,KZ,D
11:25:30,INDF,RG,6400,2,D,GR,KZ,D
11:25:30,INDF,RG,6400,5,D,PD,KZ,D
11:25:30,INDF,RG,6400,1,D,XC,KZ,D
11:25:30,INDF,RG,6400,5,D,YP,KZ,D
11:25:30,INDF,RG,6400,2,D,YP,KZ,D
11:25:30,INDF,RG,6400,5,D,PD,KZ,D
11:25:30,INDF,RG,6400,81,D,YP,KZ,D
11:25:14,INDF,RG,6400,14,D,YP,DX,F
11:24:56,INDF,RG,6400,1,D,YP,AK,F
11:24:53,INDF,RG,6425,15,F,KZ,KZ,D
11:24:43,INDF,RG,6400,4,D,YP,DX,F
11:24:43,INDF,RG,6400,6,D,PD,DX,F
11:24:16,INDF,RG,6400,1,D,PD,YP,D
11:24:10,INDF,RG,6400,11,D,PD,DX,F
11:23:56,INDF,RG,6400,1,D,PD,AK,F
11:23:23,INDF,RG,6425,15,F,KZ,KZ,D
11:23:12,INDF,RG,6400,13,D,PD,DX,F
11:22:46,INDF,RG,6400,12,D,PD,DX,F
11:22:16,INDF,RG,6425,20,F,KZ,KZ,D
11:22:15,INDF,RG,6425,89,F,AK,KZ,D
11:22:14,INDF,RG,6400,8,D,PD,DX,F
11:21:58,INDF,RG,6400,2,D,PD,AK,F
11:21:56,INDF,RG,6425,7,F,KZ,KZ,D
11:21:54,INDF,RG,6400,1,D,PD,XC,D
11:21:48,INDF,RG,6400,12,D,PD,DX,F
11:21:40,INDF,RG,6425,13,F,KZ,KZ,D
11:21:38,INDF,RG,6400,32,D,PD,RX,F
11:21:33,INDF,RG,6425,12,F,KZ,KZ,D
11:21:32,INDF,RG,6400,1,D,PD,KZ,D
11:21:32,INDF,RG,6400,3,D,XC,KZ,D
11:21:32,INDF,RG,6400,5,D,PD,KZ,D
11:21:32,INDF,RG,6400,1,D,XC,KZ,D
11:21:32,INDF,RG,6400,1,D,YP,KZ,D
11:21:32,INDF,RG,6400,5,D,PD,KZ,D
11:21:32,INDF,RG,6400,1,D,XL,KZ,D
11:21:32,INDF,RG,6400,5,D,CC,KZ,D
11:21:32,INDF,RG,6400,10,D,PD,KZ,D
11:21:32,INDF,RG,6400,3,D,DR,KZ,D
11:21:32,INDF,RG,6400,2,D,YP,KZ,D
11:21:32,INDF,RG,6400,10,D,PD,KZ,D
11:21:32,INDF,RG,6400,1,D,PD,KZ,D
11:21:32,INDF,RG,6400,2,D,SQ,KZ,D
11:21:32,INDF,RG,6400,1,D,XC,KZ,D
11:21:32,INDF,RG,6400,3,D,AT,KZ,D
11:21:32,INDF,RG,6400,90,D,IF,KZ,D
11:21:32,INDF,RG,6400,2,D,ZP,KZ,D
11:21:32,INDF,RG,6400,1,D,SQ,KZ,D
11:21:32,INDF,RG,6400,2,D,NI,KZ,D
11:21:32,INDF,RG,6400,1,D,PD,KZ,D
11:21:32,INDF,RG,6400,10,D,DR,KZ,D
11:21:32,INDF,RG,6400,3,D,PD,KZ,D
11:21:32,INDF,RG,6400,10,D,YP,KZ,D
11:21:32,INDF,RG,6400,5,D,YP,KZ,D
11:21:32,INDF,RG,6400,2,D,YP,KZ,D
11:21:32,INDF,RG,6400,1,D,YP,KZ,D
11:21:32,INDF,RG,6400,4,D,SQ,KZ,D
11:21:16,INDF,RG,6400,10,D,SQ,DX,F
11:21:02,INDF,RG,6425,9,F,KZ,KZ,D
11:21:00,INDF,RG,6425,23,F,AK,KZ,D
11:20:48,INDF,RG,6400,9,D,SQ,DX,F
11:20:36,INDF,RG,6400,20,D,SQ,YB,D
11:20:21,INDF,RG,6400,14,D,SQ,DX,F
11:20:08,INDF,RG,6425,7,D,YP,KZ,D
11:20:05,INDF,RG,6425,7,F,KZ,KZ,D
11:20:05,INDF,RG,6425,4,F,KZ,KZ,D
11:19:28,INDF,RG,6400,8,D,SQ,PD,D
11:19:17,INDF,RG,6400,11,D,SQ,DX,F
11:18:56,INDF,RG,6425,11,F,KZ,KZ,D
11:18:49,INDF,RG,6400,12,D,SQ,DX,F
11:18:21,INDF,RG,6400,13,D,SQ,DX,F
11:17:47,INDF,RG,6425,6,F,KZ,KZ,D
11:17:46,INDF,RG,6400,10,D,SQ,DX,F
11:17:45,INDF,RG,6425,64,F,AK,KZ,D
11:17:26,INDF,RG,6400,2,D,SQ,AK,F
11:17:13,INDF,RG,6400,13,D,SQ,DX,F
11:17:08,INDF,RG,6425,9,F,KZ,KZ,D
11:17:00,INDF,RG,6425,1,D,NI,KZ,D
11:16:22,INDF,RG,6400,11,D,SQ,RX,F
11:16:18,INDF,RG,6400,13,D,SQ,DX,F
11:16:11,INDF,RG,6425,4,F,KZ,KZ,D
11:15:47,INDF,RG,6425,5,F,KZ,KZ,D
11:15:46,INDF,RG,6400,12,D,SQ,DX,F
11:15:46,INDF,RG,6400,1,D,CC,DX,F
11:15:15,INDF,RG,6400,4,D,CC,DX,F
11:15:15,INDF,RG,6400,5,D,CC,DX,F
11:15:14,INDF,RG,6425,10,F,KZ,KZ,D
11:15:00,INDF,RG,6425,35,F,AK,KZ,D
11:14:43,INDF,RG,6400,5,D,CC,DX,F
11:14:43,INDF,RG,6400,5,D,XL,DX,F
11:14:43,INDF,RG,6400,1,D,PD,DX,F
11:14:43,INDF,RG,6400,2,D,DR,DX,F
11:14:19,INDF,RG,6400,1,D,DR,PD,D
11:14:19,INDF,RG,6400,3,D,DR,PD,D
11:14:11,INDF,RG,6425,11,F,KZ,KZ,D
11:14:10,INDF,RG,6400,8,D,DR,DX,F
11:13:42,INDF,RG,6400,8,D,DR,DX,F
11:13:18,INDF,RG,6400,2,D,DR,AK,F
11:13:17,INDF,RG,6400,9,D,DR,DX,F
11:13:17,INDF,RG,6400,1,D,KK,DX,F
11:13:17,INDF,RG,6400,6,D,DR,DX,F
11:13:02,INDF,RG,6425,4,F,KZ,KZ,D
11:12:55,INDF,RG,6400,3,D,DR,PD,D
11:12:50,INDF,RG,6400,9,D,DR,RX,F
11:12:38,INDF,RG,6425,12,F,KZ,KZ,D
11:12:31,INDF,RG,6425,2,D,XL,KZ,D
11:12:24,INDF,RG,6400,20,D,DR,DX,F
11:11:50,INDF,RG,6400,9,D,DR,DX,F
11:11:23,INDF,RG,6425,9,F,KZ,KZ,D
11:10:53,INDF,RG,6400,14,D,DR,DX,F
11:10:41,INDF,RG,6400,5,D,DR,PD,D
11:10:40,INDF,RG,6425,2,D,XC,KZ,D
11:10:29,INDF,RG,6425,6,F,KZ,KZ,D
11:10:19,INDF,RG,6400,12,D,DR,DX,F
11:10:15,INDF,RG,6425,27,F,AK,KZ,D
11:10:15,INDF,RG,6425,2,F,AK,AK,F
11:10:15,INDF,RG,6425,6,F,AK,AK,F
11:09:52,INDF,RG,6425,11,F,KZ,AK,F
11:09:51,INDF,RG,6400,11,D,DR,DX,F
11:09:50,INDF,RG,6400,1,D,DR,AK,F
11:09:49,INDF,RG,6400,9,D,DR,RX,F
11:09:19,INDF,RG,6400,1,D,DR,DX,F
11:09:19,INDF,RG,6400,2,D,GR,DX,F
11:09:19,INDF,RG,6400,2,D,GR,DX,F
11:09:19,INDF,RG,6400,6,D,PD,DX,F
11:08:50,INDF,RG,6400,11,D,PD,DX,F
11:08:44,INDF,RG,6425,13,F,KZ,AK,F
11:08:40,INDF,RG,6400,3,D,PD,YP,D
11:08:24,INDF,RG,6400,10,D,PD,DX,F
11:07:26,INDF,RG,6425,9,F,KZ,AK,F
11:07:21,INDF,RG,6400,13,D,PD,DX,F
11:06:49,INDF,RG,6400,13,D,PD,DX,F
11:06:41,INDF,RG,6400,1,D,PD,AK,F
11:06:32,INDF,RG,6425,4,F,KZ,AK,F
11:06:15,INDF,RG,6400,14,D,PD,DX,F
11:06:08,INDF,RG,6425,8,F,KZ,AK,F
11:05:45,INDF,RG,6400,13,D,PD,DX,F
11:05:23,INDF,RG,6425,12,F,KZ,AK,F
11:05:12,INDF,RG,6400,9,D,PD,DX,F
11:05:11,INDF,RG,6425,11,D,YP,AK,F
11:04:54,INDF,RG,6425,3,D,YP,AK,F
11:04:46,INDF,RG,6400,9,D,PD,DX,F
11:04:19,INDF,RG,6400,11,D,PD,DX,F
11:04:13,INDF,RG,6425,43,D,PD,AK,F
11:04:11,INDF,RG,6425,11,F,KZ,AK,F
11:03:47,INDF,RG,6400,10,D,PD,DX,F
11:03:26,INDF,RG,6400,1,D,PD,AK,F
11:03:08,INDF,RG,6425,4,F,KZ,AK,F
11:02:44,INDF,RG,6425,6,F,KZ,AK,F
11:02:09,INDF,RG,6425,8,F,KZ,AK,F
11:02:09,INDF,RG,6425,41,F,KZ,AK,F
11:02:08,INDF,RG,6425,1,F,ZP,AK,F
11:02:08,INDF,RG,6425,12,F,KZ,AK,F
11:02:08,INDF,RG,6450,11,F,KZ,DX,F
11:02:07,INDF,RG,6425,172,F,YU,KZ,D
11:02:07,INDF,RG,6425,1,D,KK,KZ,D
11:02:07,INDF,RG,6425,9,F,ZP,KZ,D
11:02:07,INDF,RG,6425,2,F,ZP,KZ,D
11:02:07,INDF,RG,6425,1,D,PD,KZ,D
11:02:07,INDF,RG,6425,6,D,YP,KZ,D
11:02:07,INDF,RG,6425,1,D,NI,KZ,D
11:02:07,INDF,RG,6425,5,D,SQ,KZ,D
11:02:07,INDF,RG,6425,1,D,PD,KZ,D
11:02:07,INDF,RG,6425,5,F,ZP,KZ,D
11:02:07,INDF,RG,6425,10,D,SQ,KZ,D
11:02:07,INDF,RG,6425,5,D,XC,KZ,D
11:02:07,INDF,RG,6425,5,D,SQ,KZ,D
11:02:07,INDF,RG,6425,11,F,ZP,KZ,D
11:02:07,INDF,RG,6425,9,D,XC,KZ,D
11:02:07,INDF,RG,6425,2,F,ZP,KZ,D
11:02:07,INDF,RG,6425,1,D,XC,KZ,D
11:02:07,INDF,RG,6425,41,F,AK,KZ,D
11:02:07,INDF,RG,6425,8,F,KZ,KZ,D
11:02:07,INDF,RG,6425,3,F,ZP,KZ,D
11:02:07,INDF,RG,6425,18,F,AK,KZ,D
11:02:07,INDF,RG,6425,17,D,YP,KZ,D
11:02:05,INDF,RG,6425,500,D,YP,KZ,D
11:02:05,INDF,RG,6425,12,D,YP,RX,F
11:01:56,INDF,RG,6450,4,F,KZ,DX,F
11:01:40,INDF,RG,6425,27,D,YP,RX,F
11:01:39,INDF,RG,6425,33,D,YP,PD,D
11:01:26,INDF,RG,6450,15,F,KZ,DX,F
11:01:24,INDF,RG,6425,14,D,YP,DX,F
11:00:52,INDF,RG,6425,12,D,YP,DX,F
11:00:26,INDF,RG,6425,1,D,YP,AK,F
11:00:25,INDF,RG,6425,10,D,YP,DX,F
10:59:29,INDF,RG,6450,12,F,KZ,DX,F
10:58:30,INDF,RG,6450,10,D,CC,DX,F
10:58:19,INDF,RG,6450,8,D,XL,DX,F
10:57:59,INDF,RG,6450,10,F,KZ,DX,F
10:57:57,INDF,RG,6425,2,D,YP,AT,D
10:57:56,INDF,RG,6425,1,D,YP,AK,F
10:56:47,INDF,RG,6450,12,F,KZ,DX,F
10:55:20,INDF,RG,6450,7,F,KZ,DX,F
10:54:32,INDF,RG,6450,9,F,KZ,DX,F
10:53:29,INDF,RG,6450,13,F,KZ,DX,F
10:52:02,INDF,RG,6450,4,F,KZ,DX,F
10:51:57,INDF,RG,6425,1,D,YP,PD,D
10:51:50,INDF,RG,6450,64,F,AK,DX,F
10:51:35,INDF,RG,6450,15,F,KZ,DX,F
10:51:24,INDF,RG,6425,13,D,YP,DX,F
10:51:10,INDF,RG,6425,18,D,YP,NI,F
10:50:59,INDF,RG,6425,2,D,YP,NI,D
10:50:56,INDF,RG,6425,10,D,YP,DX,F
10:50:30,INDF,RG,6425,32,D,YP,AK,F
10:50:06,INDF,RG,6425,1,D,YP,PD,D
10:50:00,INDF,RG,6425,1,D,YP,XC,D
10:49:56,INDF,RG,6450,15,F,KZ,DX,F
10:49:55,INDF,RG,6425,1,D,YP,XC,D
10:49:41,INDF,RG,6425,2,D,YP,AK,F
10:49:32,INDF,RG,6425,12,D,YP,DX,F
10:48:32,INDF,RG,6425,9,D,YP,RX,F
10:48:22,INDF,RG,6425,10,D,YP,YP,D
10:48:17,INDF,RG,6450,7,F,KZ,DX,F
10:48:05,INDF,RG,6425,14,D,YP,DX,F
10:47:32,INDF,RG,6450,14,F,KZ,DX,F
10:47:04,INDF,RG,6425,10,D,YP,DX,F
10:46:51,INDF,RG,6425,1,D,YP,NI,D
10:46:14,INDF,RG,6425,5,D,YP,NI,D
10:46:09,INDF,RG,6425,10,D,YP,DX,F
10:46:02,INDF,RG,6450,6,F,KZ,DX,F
10:45:23,INDF,RG,6450,10,F,KZ,DX,F
10:44:36,INDF,RG,6450,1,D,PD,DX,F
10:44:23,INDF,RG,6450,11,F,KZ,DX,F
10:44:16,INDF,RG,6425,10,D,YP,DX,F
10:43:42,INDF,RG,6425,9,D,YP,DX,F
10:43:16,INDF,RG,6450,1,F,KZ,DX,F
10:43:16,INDF,RG,6450,7,F,KZ,AK,F
10:43:15,INDF,RG,6425,10,D,YP,DX,F
10:42:40,INDF,RG,6425,8,D,YP,DX,F
10:42:29,INDF,RG,6450,15,F,KZ,AK,F
10:42:12,INDF,RG,6425,10,D,YP,DX,F
10:41:43,INDF,RG,6425,16,D,YP,DX,F
10:41:35,INDF,RG,6425,9,D,YP,RX,F
10:41:10,INDF,RG,6425,10,D,YP,DX,F
10:41:02,INDF,RG,6450,9,F,KZ,AK,F
10:40:10,INDF,RG,6425,14,D,YP,DX,F
10:40:08,INDF,RG,6450,5,F,KZ,AK,F
10:40:05,INDF,RG,6425,2,D,YP,CC,D
10:39:42,INDF,RG,6425,12,D,YP,DX,F
10:39:38,INDF,RG,6450,10,F,KZ,AK,F
10:39:38,INDF,RG,6450,1,F,KZ,AK,F
10:39:29,INDF,RG,6450,10,D,PD,AK,F
10:39:16,INDF,RG,6450,5,D,XC,AK,F
10:38:35,INDF,RG,6425,9,D,YP,DX,F
10:38:35,INDF,RG,6425,1,F,ZP,DX,F
10:38:35,INDF,RG,6425,3,F,KZ,DX,F
10:38:24,INDF,RG,6450,1,D,PD,AK,F
10:38:20,INDF,RG,6450,4,F,KZ,AK,F
10:37:56,INDF,RG,6450,5,F,KZ,AK,F
10:37:27,INDF,RG,6425,4,F,KZ,SQ,D
10:37:26,INDF,RG,6425,1,D,NI,SQ,D
10:37:26,INDF,RG,6425,5,F,KZ,SQ,D
10:37:26,INDF,RG,6425,1,F,KZ,AK,F
10:37:14,INDF,RG,6450,10,F,KZ,AK,F
10:36:42,INDF,RG,6425,1,F,KZ,PD,D
10:36:29,INDF,RG,6450,10,D,CC,BK,F
10:36:23,INDF,RG,6425,1,F,KZ,YP,D
10:36:11,INDF,RG,6450,7,F,KZ,BK,F
10:35:32,INDF,RG,6425,5,F,CC,RX,F
10:35:32,INDF,RG,6425,7,F,KZ,RX,F
10:35:32,INDF,RG,6425,2,D,YP,RX,F
10:35:15,INDF,RG,6400,13,D,PD,BK,F
10:35:13,INDF,RG,6425,14,F,KZ,KZ,D
10:35:13,INDF,RG,6400,13,D,PD,BK,F
10:35:13,INDF,RG,6400,1,D,PD,BK,F
10:35:13,INDF,RG,6400,1,D,YU,BK,F
10:35:12,INDF,RG,6425,9,F,KZ,KZ,D
10:35:12,INDF,RG,6425,13,F,KZ,KZ,D
10:35:12,INDF,RG,6425,2,F,ZP,KZ,D
10:35:12,INDF,RG,6425,4,D,YP,KZ,D
10:35:12,INDF,RG,6425,10,D,LG,KZ,D
10:35:12,INDF,RG,6425,5,D,SQ,KZ,D
10:35:12,INDF,RG,6425,1,D,DH,KZ,D
10:35:12,INDF,RG,6425,43,D,YP,KZ,D
10:35:12,INDF,RG,6425,1,D,CC,KZ,D
10:35:12,INDF,RG,6425,10,D,XL,KZ,D
10:35:12,INDF,RG,6425,1,D,PD,KZ,D
10:35:12,INDF,RG,6425,10,D,XL,KZ,D
10:35:12,INDF,RG,6425,1,D,YP,KZ,D
10:35:12,INDF,RG,6425,19,D,YP,KZ,D
10:35:10,INDF,RG,6450,1,D,YP,KZ,D
10:35:04,INDF,RG,6425,9,D,YP,BK,F
10:35:02,INDF,RG,6425,11,D,YP,BK,F
10:34:56,INDF,RG,6425,72,D,YP,BK,F
10:34:53,INDF,RG,6450,10,F,KZ,KZ,D
10:34:52,INDF,RG,6450,6,F,KZ,KZ,D
10:34:52,INDF,RG,6475,4,F,KZ,KK,D
10:34:52,INDF,RG,6450,7,F,KZ,BK,F
10:34:52,INDF,RG,6450,7,F,KZ,BK,F
10:34:51,INDF,RG,6475,55,F,KZ,KK,D
10:34:49,INDF,RG,6425,52,D,YP,AK,F
10:34:49,INDF,RG,6425,5,D,PD,AK,F
10:34:49,INDF,RG,6425,1,D,KK,AK,F
10:34:49,INDF,RG,6425,5,D,NI,AK,F
10:34:49,INDF,RG,6425,170,F,AK,AK,F
10:34:49,INDF,RG,6425,2,D,YP,AK,F
10:34:49,INDF,RG,6425,10,D,KK,AK,F
10:34:49,INDF,RG,6450,20,F,KZ,AK,F
10:34:49,INDF,RG,6450,17,F,AK,AK,F
10:34:49,INDF,RG,6450,1,D,XC,AK,F
10:34:49,INDF,RG,6450,7,F,KZ,AK,F
10:34:49,INDF,RG,6450,5,D,NI,AK,F
10:34:49,INDF,RG,6475,15,F,KZ,KK,D
10:34:48,INDF,RG,6475,36,F,KZ,KK,D
10:34:48,INDF,RG,6475,64,F,KZ,DX,F
10:34:48,INDF,RG,6475,3,F,KZ,NI,D
10:34:47,INDF,RG,6450,5,D,NI,BK,F
10:34:47,INDF,RG,6450,20,D,NI,BK,F
10:34:47,INDF,RG,6450,7,F,ZP,BK,F
10:34:47,INDF,RG,6450,1,D,XC,BK,F
10:34:47,INDF,RG,6450,1,D,KK,BK,F
10:34:47,INDF,RG,6450,3,D,PD,BK,F
10:34:47,INDF,RG,6450,7,D,XC,BK,F
10:34:47,INDF,RG,6450,11,F,CC,BK,F
10:34:47,INDF,RG,6450,1,D,PD,BK,F
10:34:47,INDF,RG,6450,1,D,YP,BK,F
10:34:47,INDF,RG,6450,5,D,SQ,BK,F
10:34:47,INDF,RG,6450,7,D,XC,BK,F
10:34:47,INDF,RG,6450,2,D,RF,BK,F
10:34:47,INDF,RG,6450,618,D,RF,YP,D
10:34:47,INDF,RG,6450,1,F,ZP,YP,D
10:34:47,INDF,RG,6450,20,F,AK,YP,D
10:34:47,INDF,RG,6450,310,D,RF,YP,D
10:34:47,INDF,RG,6450,10,D,KK,YP,D
10:34:47,INDF,RG,6450,1,F,ZP,YP,D
10:34:47,INDF,RG,6450,2,D,PD,YP,D
10:34:47,INDF,RG,6450,37,D,PD,YP,D
10:34:47,INDF,RG,6450,1,D,CC,YP,D
10:34:42,INDF,RG,6450,3,D,CC,CC,D
10:34:41,INDF,RG,6475,1,F,KZ,NI,D
10:34:41,INDF,RG,6475,10,F,KZ,YP,D
10:34:35,INDF,RG,6475,13,D,XL,YP,D
10:34:35,INDF,RG,6450,1,D,CC,DX,F
10:34:35,INDF,RG,6450,5,D,PD,DX,F
10:34:35,INDF,RG,6450,6,F,AK,DX,F
10:34:06,INDF,RG,6450,8,F,AK,DX,F
10:33:58,INDF,RG,6475,30,D,PD,YP,D
10:33:31,INDF,RG,6450,5,F,AK,DX,F
10:33:31,INDF,RG,6450,8,F,AK,DX,F
10:33:09,INDF,RG,6450,10,F,AK,NI,D
10:33:09,INDF,RG,6450,6,F,KZ,NI,D
10:33:09,INDF,RG,6450,4,F,YU,NI,D
10:32:47,INDF,RG,6475,13,F,KZ,YP,D
10:31:05,INDF,RG,6475,13,F,KZ,YP,D
10:29:26,INDF,RG,6475,6,F,KZ,YP,D
10:28:41,INDF,RG,6475,13,F,KZ,YP,D
10:27:17,INDF,RG,6450,13,F,YU,BK,F
10:27:13,INDF,RG,6475,47,F,AK,YP,D
10:27:12,INDF,RG,6450,9,F,YU,BK,F
10:27:08,INDF,RG,6475,9,F,KZ,YP,D
10:27:01,INDF,RG,6450,4,F,YU,XC,D
10:26:56,INDF,RG,6450,1,F,YU,PD,D
10:26:54,INDF,RG,6450,8,F,YU,BK,F
10:26:51,INDF,RG,6450,24,F,YU,BK,F
10:26:47,INDF,RG,6450,101,F,YU,KZ,D
10:26:47,INDF,RG,6450,3,F,ZP,KZ,D
10:26:47,INDF,RG,6450,81,D,RF,KZ,D
10:26:00,INDF,RG,6450,9,D,RF,BK,F
10:25:56,INDF,RG,6475,14,F,KZ,YP,D
10:24:55,INDF,RG,6450,122,D,RF,AK,F
10:24:54,INDF,RG,6450,50,D,RF,YP,D
10:24:34,INDF,RG,6450,1,D,RF,XC,D
10:23:50,INDF,RG,6475,13,F,KZ,YP,D
10:23:11,INDF,RG,6475,13,D,NI,YP,D
10:22:52,INDF,RG,6475,1,D,PD,YP,D
10:22:14,INDF,RG,6450,7,D,RF,CC,D
10:22:02,INDF,RG,6450,3,D,RF,PD,D
10:21:47,INDF,RG,6450,142,D,RF,KZ,D
10:21:47,INDF,RG,6475,5,F,KZ,YP,D
10:21:47,INDF,RG,6475,2,F,KZ,PD,D
10:21:47,INDF,RG,6475,1,F,KZ,PD,D
10:21:46,INDF,RG,6450,18,D,RF,RX,F
10:21:42,INDF,RG,6450,94,D,RF,KZ,D
10:21:41,INDF,RG,6450,27,D,RF,LG,D
10:21:25,INDF,RG,6450,45,D,RF,PD,D
10:21:18,INDF,RG,6450,7,D,RF,CC,D
10:21:11,INDF,RG,6450,10,D,RF,AI,D
10:19:59,INDF,RG,6475,1,F,KZ,PD,D
10:19:59,INDF,RG,6475,8,F,KZ,OD,D
10:19:10,INDF,RG,6475,2,D,XL,OD,D
10:18:42,INDF,RG,6450,2,D,RF,NI,D
10:18:17,INDF,RG,6475,1,D,NI,OD,D
10:18:02,INDF,RG,6475,4,F,KZ,OD,D
10:18:02,INDF,RG,6475,10,F,KZ,CC,D
10:17:30,INDF,RG,6475,5,F,AK,CC,D
10:17:30,INDF,RG,6475,1,F,AK,PD,D
10:17:30,INDF,RG,6475,20,F,AK,PD,D
10:17:30,INDF,RG,6475,37,F,AK,DX,F
10:16:53,INDF,RG,6450,50,D,RF,PD,D
10:14:50,INDF,RG,6475,14,F,KZ,DX,F
10:14:00,INDF,RG,6475,18,F,AK,DX,F
10:11:56,INDF,RG,6450,10,D,RF,SQ,D
10:11:47,INDF,RG,6475,7,F,KZ,DX,F
10:11:47,INDF,RG,6475,2,F,KZ,AK,F
10:11:47,INDF,RG,6475,3,F,KZ,RX,F
10:11:12,INDF,RG,6450,4,D,RF,CC,D
10:11:12,INDF,RG,6450,5,D,RF,XC,D
10:10:21,INDF,RG,6450,1,D,RF,PD,D
10:10:14,INDF,RG,6450,2,D,RF,PD,D
10:09:20,INDF,RG,6475,5,F,KZ,RX,F
10:09:00,INDF,RG,6450,3,D,RF,PD,D
10:08:20,INDF,RG,6475,3,F,KZ,RX,F
10:08:20,INDF,RG,6475,2,F,KZ,AK,F
10:08:17,INDF,RG,6475,1,D,PD,AK,F
10:07:30,INDF,RG,6475,1,D,PD,AK,F
10:07:26,INDF,RG,6475,10,F,KZ,AK,F
10:05:44,INDF,RG,6475,10,F,KZ,AK,F
10:04:37,INDF,RG,6450,1,D,RF,NI,F
10:04:35,INDF,RG,6450,1,D,RF,XC,D
10:04:29,INDF,RG,6450,33,D,RF,PD,D
10:04:08,INDF,RG,6475,10,F,KZ,AK,F
10:02:39,INDF,RG,6450,10,D,RF,XC,D
10:02:38,INDF,RG,6475,5,F,KZ,AK,F
10:01:56,INDF,RG,6475,9,F,KZ,AK,F
10:01:42,INDF,RG,6475,1,D,XC,AK,F
10:00:41,INDF,RG,6475,12,F,KZ,AK,F
10:00:15,INDF,RG,6475,6,F,AK,AK,F
10:00:15,INDF,RG,6475,10,F,AK,RX,F
10:00:15,INDF,RG,6475,61,F,AK,DX,F
9:59:15,INDF,RG,6475,2,D,YP,DX,F
9:59:05,INDF,RG,6475,3,F,KZ,DX,F
9:59:05,INDF,RG,6475,3,F,KZ,KZ,D
9:59:05,INDF,RG,6475,100,D,PD,KZ,D
9:58:57,INDF,RG,6475,77,F,YP,KZ,D
9:58:05,INDF,RG,6475,1,F,KZ,KZ,D
9:58:05,INDF,RG,6475,3,F,KZ,YP,D
9:57:26,INDF,RG,6475,2,F,KZ,YP,D
9:57:26,INDF,RG,6475,2,F,KZ,XC,D
9:56:53,INDF,RG,6475,5,D,XL,XC,D
9:56:53,INDF,RG,6475,2,D,XL,EP,D
9:56:53,INDF,RG,6475,3,D,XL,EP,D
9:56:53,INDF,RG,6475,5,D,XL,DX,F
9:56:50,INDF,RG,6475,6,F,KZ,DX,F
9:55:53,INDF,RG,6475,9,F,KZ,DX,F
9:54:38,INDF,RG,6475,10,F,KZ,DX,F
9:53:23,INDF,RG,6475,5,F,KZ,DX,F
9:52:52,INDF,RG,6475,10,F,KK,DX,F
9:52:47,INDF,RG,6475,2,F,KZ,DX,F
9:52:47,INDF,RG,6475,1,F,KZ,AK,F
9:52:47,INDF,RG,6475,10,F,KZ,AK,F
9:51:33,INDF,RG,6450,2,D,RF,PD,D
9:51:20,INDF,RG,6475,12,F,KZ,AK,F
9:50:08,INDF,RG,6475,4,F,KZ,AK,F
9:50:01,INDF,RG,6450,3,D,RF,EP,D
9:49:51,INDF,RG,6450,48,D,RF,PD,D
9:49:44,INDF,RG,6475,7,F,KZ,AK,F
9:49:44,INDF,RG,6475,1,F,KZ,SQ,D
9:49:44,INDF,RG,6475,1,F,KZ,PD,D
9:48:53,INDF,RG,6475,15,F,KZ,PD,D
9:48:29,INDF,RG,6475,5,D,PD,PD,D
9:48:29,INDF,RG,6475,19,D,PD,KZ,D
9:47:32,INDF,RG,6475,11,F,KZ,KZ,D
9:47:31,INDF,RG,6450,6,D,RF,XL,D
9:46:38,INDF,RG,6475,9,F,KZ,KZ,D
9:46:12,INDF,RG,6475,2,D,NI,KZ,D
9:45:56,INDF,RG,6475,14,F,KZ,KZ,D
9:45:56,INDF,RG,6475,1,F,KZ,XC,D
9:44:53,INDF,RG,6475,1,F,KZ,XC,D
9:44:53,INDF,RG,6475,7,F,KZ,NI,D
9:44:37,INDF,RG,6475,3,F,KZ,NI,D
9:44:37,INDF,RG,6475,10,F,KZ,YP,D
9:44:37,INDF,RG,6475,1,F,KZ,PD,D
9:44:37,INDF,RG,6475,5,F,KZ,PD,D
9:44:36,INDF,RG,6475,5,F,KZ,PD,D
9:44:36,INDF,RG,6475,30,F,KZ,YP,D
9:44:36,INDF,RG,6475,1,F,KZ,YP,D
9:44:36,INDF,RG,6475,1,F,KZ,PD,D
9:44:36,INDF,RG,6475,10,F,KZ,YP,D
9:44:36,INDF,RG,6475,15,F,KZ,YP,D
9:44:36,INDF,RG,6475,2,F,KZ,YP,D
9:44:36,INDF,RG,6475,2,F,KZ,CC,D
9:44:36,INDF,RG,6475,5,F,KZ,CC,D
9:44:36,INDF,RG,6475,3,F,KZ,YP,D
9:44:36,INDF,RG,6475,6,F,KZ,PD,D
9:44:36,INDF,RG,6475,2,F,KZ,YB,D
9:44:35,INDF,RG,6450,8,D,RF,AK,F
9:44:35,INDF,RG,6450,20,D,RF,AK,F
9:44:35,INDF,RG,6450,108,D,RF,AK,F
9:44:35,INDF,RG,6450,68,D,RF,DX,F
9:44:35,INDF,RG,6450,20,D,RF,PD,D
9:44:35,INDF,RG,6450,24,D,RF,RX,F
9:44:35,INDF,RG,6450,2,D,RF,NI,D
9:44:35,INDF,RG,6450,1,D,RF,DR,D
9:44:35,INDF,RG,6450,175,D,RF,NI,D
9:44:35,INDF,RG,6450,17,D,RF,DX,F
9:44:26,INDF,RG,6450,8,F,KZ,DX,F
9:43:48,INDF,RG,6425,1,D,NI,PD,D
9:43:48,INDF,RG,6425,1,F,ZP,PD,D
9:43:48,INDF,RG,6425,14,F,KZ,PD,D
9:43:48,INDF,RG,6425,9,D,XC,PD,D
9:43:38,INDF,RG,6450,24,F,KZ,DX,F
9:43:37,INDF,RG,6450,110,F,KZ,DX,F
9:43:35,INDF,RG,6450,284,D,RF,DX,F
9:43:35,INDF,RG,6450,83,D,RF,AK,F
9:43:35,INDF,RG,6450,34,D,RF,AK,F
9:43:35,INDF,RG,6450,18,D,RF,RX,F
9:43:35,INDF,RG,6450,201,D,RF,BK,F
9:43:35,INDF,RG,6450,115,D,RF,KZ,D
9:43:08,INDF,RG,6450,15,F,KZ,KZ,D
9:41:32,INDF,RG,6450,15,F,KZ,KZ,D
9:41:15,INDF,RG,6450,1,D,NI,KZ,D
9:41:14,INDF,RG,6450,2,D,YP,KZ,D
9:40:08,INDF,RG,6450,4,F,KZ,KZ,D
9:39:47,INDF,RG,6450,15,F,KZ,KZ,D
9:38:52,INDF,RG,6425,1,D,XC,XC,D
9:38:49,INDF,RG,6425,10,D,XC,KZ,F
9:38:49,INDF,RG,6425,7,F,KZ,KZ,F
9:38:49,INDF,RG,6425,2,F,ZP,KZ,F
9:38:49,INDF,RG,6425,5,D,PD,KZ,F
9:38:49,INDF,RG,6425,4,D,PD,KZ,F
9:38:48,INDF,RG,6450,4,D,PD,BK,F
9:38:46,INDF,RG,6450,16,F,KZ,BK,F
9:38:46,INDF,RG,6425,14,D,PD,KZ,F
9:38:45,INDF,RG,6425,2,D,PD,KZ,F
9:38:45,INDF,RG,6425,5,D,SQ,KZ,F
9:38:45,INDF,RG,6425,1,D,XL,KZ,F
9:38:45,INDF,RG,6425,3,D,DR,KZ,F
9:38:43,INDF,RG,6425,5,D,DR,KZ,F
9:38:43,INDF,RG,6425,9,D,PD,KZ,F
9:38:43,INDF,RG,6425,9,D,PD,KZ,F
9:38:43,INDF,RG,6425,5,D,PD,KZ,F
9:38:41,INDF,RG,6450,20,F,KZ,BK,F
9:38:40,INDF,RG,6425,37,D,YP,KZ,F
9:38:40,INDF,RG,6425,3,D,XC,KZ,F
9:38:40,INDF,RG,6425,3,D,YP,KZ,F
9:38:40,INDF,RG,6425,1,D,YP,KZ,F
9:38:40,INDF,RG,6425,5,D,PD,KZ,F
9:38:40,INDF,RG,6425,2,D,YB,KZ,F
9:38:40,INDF,RG,6425,31,D,DR,KZ,F
9:38:39,INDF,RG,6425,1,D,DR,NI,D
9:38:16,INDF,RG,6450,11,F,KZ,BK,F
9:38:15,INDF,RG,6450,17,F,KZ,BK,F
9:38:14,INDF,RG,6450,35,F,KZ,BK,F
9:38:14,INDF,RG,6450,1,F,ZP,BK,F
9:38:14,INDF,RG,6425,65,D,DR,BK,F
9:38:14,INDF,RG,6450,9,F,KZ,BK,F
9:38:13,INDF,RG,6450,19,F,KZ,AK,F
9:38:12,INDF,RG,6450,22,F,KZ,AK,F
9:38:12,INDF,RG,6450,2,F,KZ,KZ,F
9:38:12,INDF,RG,6425,3,D,DR,AK,F
9:38:12,INDF,RG,6425,100,D,SF,AK,F
9:38:12,INDF,RG,6450,11,F,KZ,AK,F
9:38:12,INDF,RG,6450,1,F,ZP,AK,F
9:38:12,INDF,RG,6450,1,F,ZP,AK,F
9:38:11,INDF,RG,6450,15,F,KZ,AK,F
9:38:11,INDF,RG,6475,46,F,KZ,BK,F
9:38:11,INDF,RG,6450,114,F,YU,KZ,D
9:38:11,INDF,RG,6450,2,F,ZP,KZ,D
9:38:11,INDF,RG,6450,8,F,KZ,KZ,D
9:38:11,INDF,RG,6450,151,F,YU,KZ,D
9:38:11,INDF,RG,6450,13,F,YU,BK,F
9:38:11,INDF,RG,6450,1,F,AK,BK,F
9:38:10,INDF,RG,6475,37,F,KZ,BK,F
9:38:10,INDF,RG,6450,23,F,AK,AK,F
9:38:10,INDF,RG,6450,8,F,KZ,AK,F
9:38:10,INDF,RG,6450,2,F,ZP,AK,F
9:38:10,INDF,RG,6450,23,F,AK,AK,F
9:38:10,INDF,RG,6450,2,D,KK,AK,F
9:38:10,INDF,RG,6450,10,D,SQ,AK,F
9:38:10,INDF,RG,6450,1,D,XC,AK,F
9:38:10,INDF,RG,6450,5,D,NI,AK,F
9:38:10,INDF,RG,6450,1,D,PD,AK,F
9:38:10,INDF,RG,6450,1,F,ZP,AK,F
9:38:10,INDF,RG,6450,5,D,YP,AK,F
9:38:10,INDF,RG,6450,5,D,PD,AK,F
9:38:10,INDF,RG,6450,2,F,ZP,AK,F
9:38:10,INDF,RG,6450,5,D,YP,AK,F
9:38:10,INDF,RG,6450,147,D,RF,AK,F
9:38:10,INDF,RG,6450,1,D,RF,KZ,F
9:38:09,INDF,RG,6450,96,D,RF,AK,F
9:38:09,INDF,RG,6475,31,F,KZ,BK,F
9:38:09,INDF,RG,6475,1,F,KZ,PD,D
9:38:09,INDF,RG,6475,40,F,KZ,KZ,F
9:38:09,INDF,RG,6475,24,F,KZ,KZ,F
9:38:08,INDF,RG,6475,58,F,KZ,KZ,F
9:38:08,INDF,RG,6450,240,D,RF,AK,F
9:38:07,INDF,RG,6450,16,D,RF,AK,F
9:38:07,INDF,RG,6450,2,D,NI,AK,F
9:38:07,INDF,RG,6450,2,D,EP,AK,F
9:38:07,INDF,RG,6450,1,D,XC,AK,F
9:38:07,INDF,RG,6450,21,F,AK,AK,F
9:38:07,INDF,RG,6450,1,D,XC,AK,F
9:38:07,INDF,RG,6450,5,D,YU,AK,F
9:38:07,INDF,RG,6450,4,F,ZP,AK,F
9:38:07,INDF,RG,6450,4,F,KZ,AK,F
9:38:07,INDF,RG,6450,16,F,AK,AK,F
9:38:07,INDF,RG,6475,3,F,KZ,KZ,F
9:38:07,INDF,RG,6475,20,F,KZ,CC,D
9:38:07,INDF,RG,6475,14,F,KZ,AK,F
9:38:07,INDF,RG,6450,10,F,AK,AK,F
9:38:07,INDF,RG,6450,1,F,BK,AK,F
9:38:07,INDF,RG,6450,20,D,DH,AK,F
9:38:07,INDF,RG,6450,1,D,PD,AK,F
9:38:07,INDF,RG,6450,5,D,YP,AK,F
9:38:07,INDF,RG,6450,5,D,PD,AK,F
9:38:07,INDF,RG,6450,2,D,SQ,AK,F
9:38:07,INDF,RG,6450,31,F,AK,AK,F
9:38:07,INDF,RG,6450,76,D,NI,AK,F
9:38:07,INDF,RG,6450,5,D,LG,AK,F
9:38:07,INDF,RG,6450,84,D,RF,AK,F
9:38:07,INDF,RG,6450,35,D,RF,KZ,F
9:38:06,INDF,RG,6450,240,D,RF,AK,F
9:38:05,INDF,RG,6450,50,D,RF,YP,D
9:38:01,INDF,RG,6450,10,D,RF,PD,D
9:37:31,INDF,RG,6450,2,D,RF,PD,D
9:37:00,INDF,RG,6475,5,D,NI,AK,F
9:36:57,INDF,RG,6450,6,D,RF,KZ,F
9:36:56,INDF,RG,6450,45,D,RF,AK,F
9:36:55,INDF,RG,6450,15,D,RF,YP,D
9:36:35,INDF,RG,6475,11,F,KZ,AK,F
9:36:06,INDF,RG,6450,3,D,RF,NI,D
9:35:57,INDF,RG,6450,2,D,RF,PD,D
9:35:13,INDF,RG,6450,2,D,RF,KZ,F
9:35:13,INDF,RG,6450,1,D,RF,KZ,F
9:33:39,INDF,RG,6450,10,D,RF,NI,D
9:33:29,INDF,RG,6450,8,D,RF,NI,D
9:33:08,INDF,RG,6475,4,F,KZ,AK,F
9:33:08,INDF,RG,6475,4,F,KZ,DX,F
9:32:58,INDF,RG,6475,44,F,AK,DX,F
9:32:57,INDF,RG,6475,1,D,PD,DX,F
9:31:11,INDF,RG,6475,5,D,NI,DX,F
9:30:47,INDF,RG,6450,2,D,RF,PD,D
9:29:50,INDF,RG,6475,7,F,KZ,DX,F
9:29:06,INDF,RG,6475,2,D,XC,DX,F
9:29:03,INDF,RG,6450,10,D,RF,AT,D
9:27:41,INDF,RG,6475,12,F,KZ,DX,F
9:27:38,INDF,RG,6475,1,D,NI,DX,F
9:27:15,INDF,RG,6475,4,F,AK,XC,D
9:27:15,INDF,RG,6475,31,F,AK,CP,D
9:26:56,INDF,RG,6475,1,D,YP,CP,D
9:26:38,INDF,RG,6475,1,D,DH,CP,D
9:25:41,INDF,RG,6450,1,D,RF,KK,D
9:25:26,INDF,RG,6450,3,D,RF,NI,D
9:24:31,INDF,RG,6475,9,F,KZ,CP,D
9:24:08,INDF,RG,6475,8,D,XC,CP,D
9:24:08,INDF,RG,6475,1,D,XC,XC,D
9:24:08,INDF,RG,6475,3,D,XC,AK,F
9:23:35,INDF,RG,6475,5,F,AK,AK,F
9:23:35,INDF,RG,6475,18,F,AK,NI,D
9:23:23,INDF,RG,6475,5,D,PD,NI,D
9:23:20,INDF,RG,6450,1,D,RF,YP,D
9:22:36,INDF,RG,6475,1,D,PD,NI,D
9:22:26,INDF,RG,6475,6,F,KZ,NI,D
9:21:14,INDF,RG,6475,4,F,KZ,KZ,F
9:21:14,INDF,RG,6475,6,F,KZ,BK,F
9:20:31,INDF,RG,6450,1,D,RF,XC,D
9:20:29,INDF,RG,6450,10,D,RF,PD,D
9:19:58,INDF,RG,6475,2,F,KZ,BK,F
9:19:58,INDF,RG,6475,9,F,KZ,DX,F
9:19:46,INDF,RG,6450,5,D,RF,KK,F
9:19:24,INDF,RG,6475,1,D,KK,DX,F
9:18:55,INDF,RG,6475,15,F,KZ,DX,F
9:18:32,INDF,RG,6475,2,F,ZP,DX,F
9:18:32,INDF,RG,6475,28,F,KZ,DX,F
9:18:31,INDF,RG,6475,15,F,KZ,DX,F
9:18:30,INDF,RG,6475,119,F,KZ,DX,F
9:18:30,INDF,RG,6475,64,F,KZ,DX,F
9:18:28,INDF,RG,6475,79,D,CC,DX,F
9:18:28,INDF,RG,6475,166,D,CC,AK,F
9:18:28,INDF,RG,6475,1,D,CC,PD,D
9:18:28,INDF,RG,6475,1,D,CC,XC,D
9:18:28,INDF,RG,6475,28,D,CC,IF,D
9:18:28,INDF,RG,6475,79,D,CC,BK,F
9:18:28,INDF,RG,6475,1,D,CC,SQ,D
9:18:28,INDF,RG,6475,1,D,CC,PD,D
9:18:28,INDF,RG,6475,145,D,CC,KK,D
9:18:28,INDF,RG,6475,2,D,CC,YP,D
9:18:28,INDF,RG,6475,33,D,CC,YP,D
9:18:28,INDF,RG,6475,10,D,CC,KZ,F
9:18:28,INDF,RG,6475,10,D,CC,SQ,D
9:18:28,INDF,RG,6475,1,D,CC,XC,D
9:18:28,INDF,RG,6475,1,D,CC,YP,D
9:18:28,INDF,RG,6475,16,D,CC,BK,F
9:18:28,INDF,RG,6475,3,D,CC,XC,D
9:18:28,INDF,RG,6475,5,D,CC,YP,D
9:18:28,INDF,RG,6475,1,D,CC,PD,D
9:18:28,INDF,RG,6475,1,D,CC,XC,D
9:18:28,INDF,RG,6475,10,D,CC,SQ,D
9:18:28,INDF,RG,6475,1,D,CC,GR,D
9:18:28,INDF,RG,6475,1,D,CC,KZ,F
9:18:28,INDF,RG,6475,1,D,CC,YP,D
9:18:28,INDF,RG,6475,26,D,CC,KZ,F
9:18:28,INDF,RG,6475,25,D,CC,KZ,D
9:18:28,INDF,RG,6475,50,D,CC,CC,D
9:18:28,INDF,RG,6475,36,D,CC,RX,F
9:18:28,INDF,RG,6475,4,D,CC,KZ,F
9:18:28,INDF,RG,6475,35,D,CC,BK,F
9:17:52,INDF,RG,6475,1,D,NI,BK,F
9:16:42,INDF,RG,6475,6,F,KZ,BK,F
9:16:41,INDF,RG,6450,13,D,RF,KZ,D
9:16:38,INDF,RG,6475,12,F,KZ,BK,F
9:16:37,INDF,RG,6450,5,D,RF,PD,D
9:16:35,INDF,RG,6475,1,D,DH,BK,F
9:16:33,INDF,RG,6450,9,D,RF,AK,F
9:16:31,INDF,RG,6450,3,D,RF,PD,D
9:16:21,INDF,RG,6450,9,D,RF,RX,F
9:16:05,INDF,RG,6475,1,D,PD,BK,F
9:16:05,INDF,RG,6475,9,F,KZ,BK,F
9:16:04,INDF,RG,6475,14,F,KZ,LG,D
9:16:03,INDF,RG,6450,38,D,RF,AK,F
9:16:02,INDF,RG,6450,13,D,RF,CS,F
9:16:02,INDF,RG,6475,36,F,KZ,LG,D
9:16:02,INDF,RG,6475,10,F,KZ,KZ,F
9:16:01,INDF,RG,6450,134,D,RF,KZ,D
9:16:01,INDF,RG,6450,2,F,ZP,KZ,D
9:16:01,INDF,RG,6450,20,D,CP,KZ,D
9:16:01,INDF,RG,6450,10,D,CP,KZ,D
9:16:00,INDF,RG,6450,1,D,CP,CS,F
9:16:00,INDF,RG,6450,3,D,CP,AK,F
9:15:59,INDF,RG,6450,9,D,CP,YP,D
9:15:36,INDF,RG,6450,1,D,CP,XC,D
9:15:19,INDF,RG,6450,1,D,CP,CS,F
9:15:19,INDF,RG,6475,5,F,KZ,KZ,F
9:15:19,INDF,RG,6450,3,D,CP,CS,F
9:15:19,INDF,RG,6450,2,D,CP,AK,F
9:15:19,INDF,RG,6450,1,D,SQ,AK,F
9:15:18,INDF,RG,6450,2,D,SQ,AK,F
9:15:18,INDF,RG,6450,1,D,PD,AK,F
9:15:18,INDF,RG,6450,3,D,XC,AK,F
9:15:18,INDF,RG,6475,9,F,KZ,KZ,F
9:15:18,INDF,RG,6475,2,F,KZ,KZ,F
9:15:17,INDF,RG,6450,4,D,XC,CS,F
9:15:17,INDF,RG,6475,2,F,KZ,KZ,F
9:15:17,INDF,RG,6475,17,F,KZ,KZ,D
9:15:17,INDF,RG,6450,8,D,XC,AK,F
9:15:17,INDF,RG,6450,1,F,ZP,AK,F
9:15:17,INDF,RG,6450,1,D,DH,AK,F
9:15:17,INDF,RG,6450,5,D,YP,AK,F
9:15:16,INDF,RG,6450,13,D,XL,CS,F
9:15:15,INDF,RG,6450,11,D,XL,AZ,D
9:15:15,INDF,RG,6450,10,F,CC,AZ,D
9:15:15,INDF,RG,6450,10,F,AK,AZ,D
9:15:15,INDF,RG,6450,2,D,SQ,AZ,D
9:15:15,INDF,RG,6450,1,F,KZ,AZ,D
9:15:15,INDF,RG,6450,34,F,AK,AZ,D
9:15:15,INDF,RG,6450,1,F,ZP,AZ,D
9:15:15,INDF,RG,6450,4,D,PD,AZ,D
9:15:15,INDF,RG,6450,18,F,NI,AZ,D
9:14:45,INDF,RG,6450,1,F,NI,CS,F
9:14:43,INDF,RG,6475,5,F,KZ,KZ,D
9:14:11,INDF,RG,6450,7,F,NI,KK,D
9:12:10,INDF,RG,6475,7,F,KZ,KZ,D
9:12:09,INDF,RG,6475,32,D,NI,KZ,D
9:12:05,INDF,RG,6450,1,F,NI,PD,D
9:11:42,INDF,RG,6475,4,D,SQ,KZ,D
9:11:22,INDF,RG,6475,14,F,KZ,KZ,D
9:10:24,INDF,RG,6450,10,F,NI,GR,D
9:09:40,INDF,RG,6450,9,F,NI,RX,F
9:09:33,INDF,RG,6450,1,F,NI,XC,D
9:09:16,INDF,RG,6475,2,D,PD,KZ,D
9:09:04,INDF,RG,6475,2,D,OD,KZ,D
9:08:45,INDF,RG,6475,5,D,XC,KZ,D
9:08:12,INDF,RG,6475,2,D,IF,KZ,D
9:07:13,INDF,RG,6475,2,D,NI,KZ,D
9:05:48,INDF,RG,6475,12,F,KZ,KZ,D
9:05:47,INDF,RG,6450,3,F,NI,NI,D
9:05:47,INDF,RG,6450,20,D,PD,NI,D
9:04:32,INDF,RG,6450,2,D,PD,PD,D
9:04:20,INDF,RG,6450,1,D,PD,PD,D
9:03:11,INDF,RG,6475,18,D,PD,KZ,D
9:02:38,INDF,RG,6475,1,F,KZ,KZ,D
9:02:38,INDF,RG,6475,7,F,KZ,YB,D
9:02:37,INDF,RG,6450,16,D,PD,XL,D
9:02:27,INDF,RG,6450,10,D,PD,YP,D
9:02:01,INDF,RG,6450,2,D,PD,KZ,F
9:01:59,INDF,RG,6475,5,F,KZ,YB,D
9:01:58,INDF,RG,6475,14,F,KZ,YB,D
9:01:57,INDF,RG,6450,5,D,PD,KZ,F
9:01:57,INDF,RG,6450,37,D,PD,YP,D
9:01:46,INDF,RG,6450,6,D,PD,KZ,F
9:01:46,INDF,RG,6450,1,D,PD,KZ,F
9:01:46,INDF,RG,6450,1,D,CC,KZ,F
9:01:44,INDF,RG,6475,14,F,KZ,YB,D
9:01:41,INDF,RG,6475,10,F,CC,YB,D
9:01:23,INDF,RG,6450,4,D,CC,GR,D
9:01:23,INDF,RG,6450,2,D,KK,GR,D
9:01:23,INDF,RG,6450,1,D,PD,GR,D
9:01:23,INDF,RG,6450,3,D,XL,GR,D
9:01:23,INDF,RG,6450,1,D,XL,GR,D
9:01:23,INDF,RG,6450,3,D,XL,GR,D
9:01:23,INDF,RG,6450,1,D,PD,GR,D
9:01:23,INDF,RG,6450,20,D,PD,GR,D
9:01:23,INDF,RG,6450,2,D,AT,GR,D
9:01:12,INDF,RG,6475,10,F,KZ,YB,D
9:01:11,INDF,RG,6475,30,F,KZ,YB,D
9:01:10,INDF,RG,6475,1,F,ZP,YB,D
9:01:10,INDF,RG,6475,4,F,AK,YB,D
9:01:10,INDF,RG,6475,5,D,SQ,YB,D
9:01:09,INDF,RG,6475,1,F,ZP,AK,F
9:01:09,INDF,RG,6475,5,D,NI,AK,F
9:01:09,INDF,RG,6475,8,F,KZ,AK,F
9:01:09,INDF,RG,6475,3,D,XC,AK,F
9:01:09,INDF,RG,6475,3,D,XC,AK,F
9:01:09,INDF,RG,6475,1,D,PD,AK,F
9:01:09,INDF,RG,6475,18,F,AK,AK,F
9:01:09,INDF,RG,6475,1,F,ZP,AK,F
9:01:09,INDF,RG,6475,32,F,BK,AK,F
9:01:09,INDF,RG,6475,5,D,PD,AK,F
9:01:09,INDF,RG,6475,1,D,XL,AK,F
9:01:09,INDF,RG,6475,1,D,XC,AK,F
9:01:09,INDF,RG,6475,10,D,DR,AK,F
9:01:09,INDF,RG,6475,7,D,OD,AK,F
9:01:09,INDF,RG,6475,10,F,NI,AK,F
9:01:09,INDF,RG,6475,4,D,YP,AK,F
9:01:09,INDF,RG,6475,1,D,YP,AK,F
9:01:09,INDF,RG,6475,1,D,CC,AK,F
9:00:52,INDF,RG,6475,1,D,CC,KZ,F
9:00:49,INDF,RG,6500,4,F,BK,YP,D
9:00:45,INDF,RG,6500,5,F,BK,YP,D
9:00:28,INDF,RG,6500,12,F,AK,YP,D
9:00:28,INDF,RG,6500,16,F,KZ,YP,D
9:00:26,INDF,RG,6475,3,D,CC,KZ,D
9:00:26,INDF,RG,6475,1,D,CC,KZ,D
9:00:26,INDF,RG,6475,2,D,SQ,KZ,D
9:00:26,INDF,RG,6475,5,D,PD,KZ,D
9:00:26,INDF,RG,6475,5,D,CC,KZ,D
9:00:26,INDF,RG,6475,3,D,PD,KZ,D
9:00:26,INDF,RG,6475,1,D,PD,KZ,D
9:00:26,INDF,RG,6475,14,D,PD,KZ,D
9:00:26,INDF,RG,6475,1,D,PD,KZ,D
9:00:26,INDF,RG,6475,1,D,PD,KZ,D
9:00:26,INDF,RG,6475,1,D,XL,KZ,D
9:00:26,INDF,RG,6475,1,D,XC,KZ,D
9:00:26,INDF,RG,6475,2,D,CC,KZ,D
9:00:26,INDF,RG,6475,1,D,PD,KZ,D
9:00:26,INDF,RG,6475,1,D,XC,KZ,D
9:00:26,INDF,RG,6475,30,D,YJ,KZ,D
8:59:00,INDF,RG,6475,1,D,YJ,PD,D
8:59:00,INDF,RG,6475,1,D,YJ,KK,D
8:59:00,INDF,RG,6475,94,D,YJ,GR,D
8:59:00,INDF,RG,6475,1,D,YJ,XC,D
8:59:00,INDF,RG,6475,46,D,YJ,YP,D
8:59:00,INDF,RG,6475,15,D,YJ,KK,F
8:59:00,INDF,RG,6475,1,D,YJ,PD,D
8:59:00,INDF,RG,6475,1,D,YJ,PD,D
8:59:00,INDF,RG,6475,7,D,YJ,CC,D
8:59:00,INDF,RG,6475,1,D,YJ,XC,D
8:59:00,INDF,RG,6475,1,D,YJ,XC,D
8:59:00,INDF,RG,6475,1,D,YJ,PD,D
8:59:00,INDF,RG,6475,2,D,YP,PD,D
8:59:00,INDF,RG,6475,1,D,YP,CC,D
8:59:00,INDF,RG,6475,1,D,YP,PD,D
8:59:00,INDF,RG,6475,1,D,YP,PD,D
8:59:00,INDF,RG,6475,1,D,XL,PD,D
8:59:00,INDF,RG,6475,2,D,XL,BK,F
8:59:00,INDF,RG,6475,2,D,PD,BK,F
8:59:00,INDF,RG,6475,10,F,KZ,BK,F
8:59:00,INDF,RG,6475,1,F,KZ,KZ,F
8:59:00,INDF,RG,6475,1,F,KZ,KZ,F
8:59:00,INDF,RG,6475,6,F,KZ,KZ,F
8:59:00,INDF,RG,6475,1,F,KZ,KZ,F
8:59:00,INDF,RG,6475,29,F,KZ,KZ,D
8:59:00,INDF,RG,6475,13,F,BK,KZ,D
8:59:00,INDF,RG,6475,2,F,BK,KZ,F
8:59:00,INDF,RG,6475,14,F,BK,KZ,F
8:59:00,INDF,RG,6475,2,F,BK,KZ,F
8:59:00,INDF,RG,6475,12,F,BK,KZ,F
8:59:00,INDF,RG,6475,3,F,BK,RX,F
8:59:00,INDF,RG,6475,1,D,YP,RX,F