Time,Stock,Brd,Price,Qty,BT,BC,SC,ST
15:10:34,INDF,RG,6800,1,D,CC,YP,D
15:10:34,INDF,RG,6800,5,D,CC,YP,D
15:00:00,INDF,RG,6800,50,F,ZP,YP,D
15:00:00,INDF,RG,6800,2,F,ZP,PD,D
15:00:00,INDF,RG,6800,100,F,ZP,PD,D
15:00:00,INDF,RG,6800,10,F,ZP,DH,D
15:00:00,INDF,RG,6800,1,F,ZP,YP,D
15:00:00,INDF,RG,6800,1,F,ZP,PD,D
15:00:00,INDF,RG,6800,1,F,ZP,YP,D
15:00:00,INDF,RG,6800,1,F,ZP,YU,D
15:00:00,INDF,RG,6800,6,F,ZP,PD,D
15:00:00,INDF,RG,6800,1,F,ZP,PD,D
15:00:00,INDF,RG,6800,35,F,ZP,CC,D
15:00:00,INDF,RG,6800,1,F,ZP,PD,D
15:00:00,INDF,RG,6800,50,F,ZP,ZP,D
15:00:00,INDF,RG,6800,5,F,ZP,YP,D
15:00:00,INDF,RG,6800,1,F,ZP,DX,D
15:00:00,INDF,RG,6800,10,F,ZP,PG,D
15:00:00,INDF,RG,6800,14,F,ZP,PD,D
15:00:00,INDF,RG,6800,5,F,ZP,AN,D
15:00:00,INDF,RG,6800,10,F,ZP,PD,D
15:00:00,INDF,RG,6800,1,F,ZP,XC,D
15:00:00,INDF,RG,6800,1,F,ZP,PD,D
15:00:00,INDF,RG,6800,1,F,ZP,PD,D
15:00:00,INDF,RG,6800,5,F,ZP,YP,D
15:00:00,INDF,RG,6800,1,F,ZP,XL,D
15:00:00,INDF,RG,6800,1,F,ZP,OD,D
15:00:00,INDF,RG,6800,1,F,ZP,YP,D
15:00:00,INDF,RG,6800,6,F,ZP,PD,D
15:00:00,INDF,RG,6800,6,F,ZP,YP,D
15:00:00,INDF,RG,6800,143,F,ZP,SQ,D
15:00:00,INDF,RG,6800,3,F,ZP,YB,D
15:00:00,INDF,RG,6800,5,F,ZP,EP,D
15:00:00,INDF,RG,6800,100,F,ZP,YP,D
15:00:00,INDF,RG,6800,3,F,ZP,KK,D
15:00:00,INDF,RG,6800,380,F,ZP,YP,D
15:00:00,INDF,RG,6800,316,F,ZP,BK,F
15:00:00,INDF,RG,6800,723,F,ZP,BK,F
15:00:00,INDF,RG,6800,500,F,ZP,BK,F
15:00:00,INDF,RG,6800,1,D,PD,BK,F
15:00:00,INDF,RG,6800,222,F,ZP,BK,F
15:00:00,INDF,RG,6800,1,F,ZP,PD,D
15:00:00,INDF,RG,6800,1,F,ZP,DH,D
15:00:00,INDF,RG,6800,50,F,ZP,GR,D
15:00:00,INDF,RG,6800,500,F,ZP,YB,D
15:00:00,INDF,RG,6800,850,F,ZP,XA,D
15:00:00,INDF,RG,6800,2,F,ZP,HP,D
15:00:00,INDF,RG,6800,1,F,ZP,PD,D
15:00:00,INDF,RG,6800,5,F,ZP,FS,D
15:00:00,INDF,RG,6800,4,F,ZP,NI,D
15:00:00,INDF,RG,6800,3,F,ZP,YP,D
15:00:00,INDF,RG,6800,1,F,ZP,KK,D
15:00:00,INDF,RG,6800,1,F,ZP,TF,D
15:00:00,INDF,RG,6800,500,F,ZP,GR,D
15:00:00,INDF,RG,6800,6,F,ZP,YP,D
15:00:00,INDF,RG,6800,1,F,ZP,CC,D
15:00:00,INDF,RG,6800,1,F,ZP,CC,D
15:00:00,INDF,RG,6800,1,F,ZP,KK,D
15:00:00,INDF,RG,6800,5,F,ZP,YB,D
15:00:00,INDF,RG,6800,1,F,ZP,XC,D
15:00:00,INDF,RG,6800,5,F,ZP,PD,D
15:00:00,INDF,RG,6800,2,F,ZP,SQ,D
15:00:00,INDF,RG,6800,100,F,ZP,KK,D
15:00:00,INDF,RG,6800,3,F,ZP,NI,D
15:00:00,INDF,RG,6800,4,F,ZP,KK,D
15:00:00,INDF,RG,6800,199,F,ZP,XA,D
15:00:00,INDF,RG,6800,181,F,ZP,XA,D
15:00:00,INDF,RG,6800,80,F,ZP,GR,D
15:00:00,INDF,RG,6800,99,F,ZP,BK,F
15:00:00,INDF,RG,6800,54,F,AK,BK,F
15:00:00,INDF,RG,6800,246,F,AK,YU,F
15:00:00,INDF,RG,6800,132,F,AK,CC,D
15:00:00,INDF,RG,6800,3,F,ZP,CC,D
15:00:00,INDF,RG,6800,1,F,ZP,PD,D
15:00:00,INDF,RG,6800,1,F,ZP,CC,D
15:00:00,INDF,RG,6800,18,F,ZP,YP,D
15:00:00,INDF,RG,6800,32,F,ZP,YU,F
15:00:00,INDF,RG,6800,52,F,ZP,YU,F
15:00:00,INDF,RG,6800,39,F,ZP,YU,F
15:00:00,INDF,RG,6800,30,F,ZP,XL,D
15:00:00,INDF,RG,6800,491,F,ZP,HD,D
15:00:00,INDF,RG,6800,431,F,ZP,YU,F
15:00:00,INDF,RG,6800,2,F,ZP,AK,F
15:00:00,INDF,RG,6800,3,F,ZP,AK,F
15:00:00,INDF,RG,6800,35,F,ZP,CC,D
15:00:00,INDF,RG,6800,626,F,ZP,ZP,F
15:00:00,INDF,RG,6800,162,F,TP,ZP,F
15:00:00,INDF,RG,6800,18,F,TP,ZP,F
15:00:00,INDF,RG,6800,706,F,TP,RX,F
15:00:00,INDF,RG,6800,236,F,TP,YU,F
15:00:00,INDF,RG,6800,451,D,KZ,YU,F
15:00:00,INDF,RG,6800,62,D,KZ,YU,D
15:00:00,INDF,RG,6800,2,D,KZ,YU,D
15:00:00,INDF,RG,6800,190,D,KZ,PD,D
15:00:00,INDF,RG,6800,1,F,AK,PD,D
15:00:00,INDF,RG,6800,92,F,AK,PD,D
15:00:00,INDF,RG,6800,58,D,RX,PD,D
15:00:00,INDF,RG,6800,555,F,ZP,PD,D
15:00:00,INDF,RG,6800,185,D,NI,PD,D
15:00:00,INDF,RG,6800,4,D,NI,PD,D
15:00:00,INDF,RG,6800,11,D,NI,PD,D
14:49:59,INDF,RG,6775,1,F,ZP,XA,D
14:49:59,INDF,RG,6775,1,F,ZP,XA,D
14:49:58,INDF,RG,6775,1,F,ZP,XA,D
14:49:58,INDF,RG,6775,1,F,ZP,XA,D
14:49:57,INDF,RG,6775,1,F,ZP,XA,D
14:49:57,INDF,RG,6775,2,F,ZP,XA,D
14:49:57,INDF,RG,6775,2,F,ZP,XA,D
14:49:57,INDF,RG,6775,1,F,ZP,XA,D
14:49:56,INDF,RG,6775,5,F,ZP,XA,D
14:49:56,INDF,RG,6775,1,F,ZP,XA,D
14:49:56,INDF,RG,6775,4,F,ZP,XA,D
14:49:56,INDF,RG,6775,5,F,ZP,XA,D
14:49:56,INDF,RG,6775,22,F,ZP,XA,D
14:49:55,INDF,RG,6775,1,F,ZP,XA,D
14:49:55,INDF,RG,6775,5,F,ZP,XA,D
14:49:55,INDF,RG,6775,25,F,ZP,XA,D
14:49:55,INDF,RG,6775,112,F,ZP,XA,D
14:49:54,INDF,RG,6775,2,F,ZP,XA,D
14:49:54,INDF,RG,6750,12,F,ZP,XL,D
14:49:48,INDF,RG,6775,1,F,ZP,XA,D
14:49:48,INDF,RG,6775,1,F,AK,XA,D
14:49:45,INDF,RG,6775,3,F,AK,XA,D
14:49:32,INDF,RG,6775,8,F,ZP,XA,D
14:49:32,INDF,RG,6775,34,F,ZP,XA,D
14:49:32,INDF,RG,6775,18,F,ZP,XA,D
14:49:30,INDF,RG,6750,1,F,AK,YU,F
14:49:30,INDF,RG,6750,1,F,AK,YU,F
14:49:30,INDF,RG,6750,9,F,ZP,YU,F
14:49:30,INDF,RG,6750,1,F,AK,YU,F
14:49:30,INDF,RG,6750,36,F,ZP,GR,D
14:49:30,INDF,RG,6750,6,F,ZP,YP,D
14:49:30,INDF,RG,6750,1,F,ZP,RX,D
14:49:30,INDF,RG,6750,9,F,ZP,RX,F
14:49:30,INDF,RG,6750,26,F,ZP,XL,D
14:49:30,INDF,RG,6725,41,D,AK,ZP,F
14:49:30,INDF,RG,6750,4,F,ZP,XL,D
14:49:30,INDF,RG,6750,20,F,ZP,ZP,F
14:49:30,INDF,RG,6750,3,F,ZP,RX,F
14:49:30,INDF,RG,6725,9,D,AK,YU,F
14:49:30,INDF,RG,6725,117,D,AK,YU,F
14:49:22,INDF,RG,6750,13,F,ZP,RX,F
14:49:22,INDF,RG,6725,59,D,AK,XL,D
14:49:17,INDF,RG,6750,13,F,ZP,RX,F
14:49:17,INDF,RG,6750,3,F,ZP,RX,F
14:49:17,INDF,RG,6750,57,F,ZP,YU,F
14:49:12,INDF,RG,6750,1,F,ZP,YU,F
14:49:12,INDF,RG,6725,1,D,AK,ZP,F
14:49:10,INDF,RG,6750,4,F,ZP,YU,F
14:49:10,INDF,RG,6725,20,D,AK,ZP,F
14:49:00,INDF,RG,6750,4,F,ZP,YU,F
14:49:00,INDF,RG,6725,20,D,AK,ZP,F
14:49:00,INDF,RG,6750,35,F,ZP,YU,F
14:49:00,INDF,RG,6725,56,D,AK,YU,F
14:49:00,INDF,RG,6725,67,D,AK,EP,D
14:48:59,INDF,RG,6750,26,F,ZP,YU,F
14:48:59,INDF,RG,6750,5,F,ZP,XC,D
14:48:59,INDF,RG,6750,2,F,ZP,YU,F
14:48:43,INDF,RG,6750,20,F,ZP,YU,F
14:48:42,INDF,RG,6750,36,F,ZP,YU,F
14:48:42,INDF,RG,6750,6,F,ZP,PD,D
14:48:42,INDF,RG,6725,4,D,AK,ZP,F
14:48:42,INDF,RG,6725,5,D,NI,ZP,F
14:48:42,INDF,RG,6725,5,D,GR,ZP,F
14:48:42,INDF,RG,6725,4,F,AK,ZP,F
14:48:42,INDF,RG,6725,35,F,CC,ZP,F
14:48:25,INDF,RG,6750,4,F,ZP,PD,D
14:48:25,INDF,RG,6750,2,F,ZP,YP,D
14:48:24,INDF,RG,6750,24,F,ZP,YU,F
14:48:16,INDF,RG,6750,3,F,ZP,YU,F
14:48:15,INDF,RG,6725,13,F,CC,BB,D
14:48:12,INDF,RG,6750,1,F,ZP,YU,F
14:48:11,INDF,RG,6725,5,F,CC,BB,D
14:48:07,INDF,RG,6750,9,F,ZP,YU,F
14:48:07,INDF,RG,6750,32,F,AK,YU,F
14:48:07,INDF,RG,6750,1,F,AK,CC,D
14:48:07,INDF,RG,6750,11,F,AK,RX,F
14:48:04,INDF,RG,6750,20,F,ZP,RX,F
14:48:04,INDF,RG,6725,84,F,CC,KZ,D
14:48:04,INDF,RG,6725,4,D,NI,KZ,D
14:48:04,INDF,RG,6725,2,F,ZP,KZ,D
14:48:00,INDF,RG,6750,6,F,ZP,RX,F
14:48:00,INDF,RG,6725,7,F,ZP,EP,D
14:48:00,INDF,RG,6725,20,F,ZP,ZP,F
14:47:53,INDF,RG,6725,1,D,NI,BB,D
14:47:53,INDF,RG,6725,1,F,ZP,BB,D
14:47:30,INDF,RG,6750,51,F,ZP,RX,F
14:47:30,INDF,RG,6725,20,F,ZP,ZP,F
14:47:30,INDF,RG,6725,94,F,ZP,CC,D
14:47:30,INDF,RG,6725,31,F,ZP,CC,D
14:47:30,INDF,RG,6725,19,F,ZP,CC,D
14:47:30,INDF,RG,6725,67,F,AK,CC,D
14:47:15,INDF,RG,6750,13,F,ZP,RX,F
14:47:14,INDF,RG,6750,59,F,ZP,RX,F
14:47:10,INDF,RG,6750,5,F,ZP,RX,F
14:47:09,INDF,RG,6725,21,F,AK,ZP,F
14:47:00,INDF,RG,6750,10,F,ZP,RX,F
14:47:00,INDF,RG,6725,7,F,AK,EP,D
14:47:00,INDF,RG,6725,40,F,AK,ZP,F
14:46:55,INDF,RG,6750,9,F,ZP,RX,F
14:46:54,INDF,RG,6750,5,F,ZP,YP,D
14:46:54,INDF,RG,6750,3,F,ZP,RX,D
14:46:54,INDF,RG,6750,20,F,ZP,ZP,F
14:46:54,INDF,RG,6750,14,F,ZP,YU,F
14:46:54,INDF,RG,6750,18,F,ZP,YU,F
14:46:54,INDF,RG,6750,9,F,ZP,BK,F
14:46:54,INDF,RG,6750,123,F,AK,BK,F
14:46:54,INDF,RG,6750,1,F,AK,CC,D
14:46:49,INDF,RG,6750,3,F,ZP,CC,D
14:46:49,INDF,RG,6725,11,F,AK,RX,F
14:46:42,INDF,RG,6725,1,F,AK,NI,D
14:46:40,INDF,RG,6750,4,F,ZP,CC,D
14:46:40,INDF,RG,6725,20,F,AK,RX,F
14:46:39,INDF,RG,6750,10,F,ZP,CC,D
14:46:39,INDF,RG,6750,44,F,ZP,CC,D
14:46:39,INDF,RG,6725,1,F,AK,RX,D
14:46:22,INDF,RG,6750,3,F,ZP,CC,D
14:46:22,INDF,RG,6725,12,F,AK,RX,F
14:46:21,INDF,RG,6750,2,F,ZP,CC,D
14:46:19,INDF,RG,6750,11,F,ZP,CC,D
14:46:13,INDF,RG,6750,3,F,ZP,CC,D
14:46:12,INDF,RG,6725,10,F,AK,RX,F
14:46:12,INDF,RG,6725,1,D,CS,RX,F
14:46:09,INDF,RG,6750,4,F,ZP,CC,D
14:46:09,INDF,RG,6725,3,D,CS,KZ,D
14:46:09,INDF,RG,6725,18,D,CS,KZ,D
14:46:04,INDF,RG,6750,44,F,ZP,CC,D
14:46:04,INDF,RG,6725,27,D,CS,KZ,D
14:46:04,INDF,RG,6725,13,F,CC,KZ,D
14:46:04,INDF,RG,6725,50,D,HP,KZ,D
14:46:04,INDF,RG,6725,86,F,OD,KZ,D
14:46:04,INDF,RG,6725,23,D,AK,KZ,D
14:46:03,INDF,RG,6750,4,F,ZP,CC,D
14:46:03,INDF,RG,6725,19,D,AK,RX,F
14:46:00,INDF,RG,6750,2,F,ZP,CC,D
14:46:00,INDF,RG,6725,7,D,AK,EP,D
14:45:46,INDF,RG,6750,10,F,ZP,CC,D
14:45:46,INDF,RG,6725,17,D,AK,RX,F
14:45:45,INDF,RG,6750,13,F,AK,CC,D
14:45:45,INDF,RG,6750,17,F,AK,ZP,F
14:45:45,INDF,RG,6750,3,F,ZP,ZP,F
14:45:45,INDF,RG,6750,2,F,ZP,DR,D
14:45:45,INDF,RG,6750,1,F,ZP,AK,F
14:45:45,INDF,RG,6750,5,F,ZP,YU,F
14:45:44,INDF,RG,6725,21,D,AK,KZ,D
14:45:44,INDF,RG,6725,27,D,AK,KZ,D
14:45:41,INDF,RG,6725,1,D,AK,RX,D
14:45:10,INDF,RG,6750,43,F,ZP,YU,F
14:45:10,INDF,RG,6750,2,F,ZP,CC,D
14:45:10,INDF,RG,6750,32,F,ZP,BB,D
14:45:10,INDF,RG,6750,5,F,ZP,RX,F
14:45:09,INDF,RG,6725,13,D,AK,CC,D
14:45:09,INDF,RG,6725,195,D,AK,CC,D
14:45:09,INDF,RG,6725,22,D,AK,CC,D
14:45:09,INDF,RG,6725,60,F,AK,CC,D
14:45:09,INDF,RG,6725,86,D,AK,CC,D
14:45:01,INDF,RG,6750,16,F,ZP,RX,F
14:45:00,INDF,RG,6725,71,D,AK,YU,F
14:45:00,INDF,RG,6750,6,F,ZP,RX,F
14:45:00,INDF,RG,6725,20,D,AK,ZP,F
14:45:00,INDF,RG,6725,7,D,AK,EP,D
14:44:48,INDF,RG,6750,6,F,ZP,RX,F
14:44:47,INDF,RG,6725,29,D,AK,BB,D
14:44:31,INDF,RG,6750,4,F,ZP,RX,F
14:44:30,INDF,RG,6750,9,F,AK,RX,F
14:44:30,INDF,RG,6750,10,D,CC,RX,F
14:44:30,INDF,RG,6750,5,F,ZP,RX,F
14:44:30,INDF,RG,6725,20,D,AK,ZP,F
14:44:15,INDF,RG,6725,1,D,AK,AK,F
14:44:00,INDF,RG,6750,6,F,ZP,RX,F
14:44:00,INDF,RG,6725,19,D,AK,ZP,F
14:44:00,INDF,RG,6725,7,D,AK,EP,D
14:44:00,INDF,RG,6750,1,D,CC,RX,F
14:43:34,INDF,RG,6750,1,F,ZP,RX,F
14:43:33,INDF,RG,6725,3,D,AK,YP,D
14:43:31,INDF,RG,6750,1,F,ZP,RX,F
14:43:30,INDF,RG,6750,7,F,AK,RX,F
14:43:00,INDF,RG,6750,25,F,ZP,RX,F
14:43:00,INDF,RG,6725,83,D,AK,YU,F
14:43:00,INDF,RG,6725,7,D,AK,EP,D
14:43:00,INDF,RG,6725,2,D,AK,ZP,F
14:43:00,INDF,RG,6725,19,D,AK,ZP,F
14:42:54,INDF,RG,6750,7,F,ZP,RX,F
14:42:52,INDF,RG,6725,32,D,AK,CC,D
14:42:46,INDF,RG,6750,1,F,ZP,RX,F
14:42:45,INDF,RG,6750,5,F,AK,CC,D
14:42:33,INDF,RG,6750,3,F,ZP,CC,D
14:42:31,INDF,RG,6750,14,D,PD,CC,D
14:42:31,INDF,RG,6750,138,F,ZP,CC,D
14:42:31,INDF,RG,6750,2,F,ZP,RX,D
14:42:31,INDF,RG,6750,54,F,ZP,YU,F
14:42:30,INDF,RG,6725,7,D,AK,ZP,F
14:42:30,INDF,RG,6725,13,D,CS,ZP,F
14:42:08,INDF,RG,6725,15,D,CS,RX,F
14:42:00,INDF,RG,6725,7,D,CS,EP,D
14:42:00,INDF,RG,6725,5,D,CS,ZP,F
14:42:00,INDF,RG,6725,15,D,AK,ZP,F
14:41:56,INDF,RG,6750,3,F,KZ,YU,F
14:41:42,INDF,RG,6725,23,D,AK,RX,F
14:41:36,INDF,RG,6725,42,D,AK,BB,D
14:41:35,INDF,RG,6725,1,D,AK,RX,D
14:41:01,INDF,RG,6725,24,D,AK,RX,F
14:41:00,INDF,RG,6725,7,D,AK,EP,D
14:41:00,INDF,RG,6725,58,D,AK,YU,F
14:41:00,INDF,RG,6725,20,D,AK,ZP,F
14:40:25,INDF,RG,6725,12,D,AK,RX,F
14:40:06,INDF,RG,6725,1,D,AK,RX,D
14:40:04,INDF,RG,6725,12,D,AK,RX,F
14:40:04,INDF,RG,6725,10,D,AK,RX,F
14:40:00,INDF,RG,6725,19,D,AK,ZP,F
14:40:00,INDF,RG,6725,7,D,AK,EP,D
14:39:44,INDF,RG,6750,47,D,PD,YU,F
14:39:44,INDF,RG,6750,40,D,PD,YU,F
14:39:31,INDF,RG,6725,11,D,AK,RX,F
14:39:15,INDF,RG,6725,1,D,AK,AK,F
14:39:15,INDF,RG,6750,3,D,PD,YU,F
14:39:10,INDF,RG,6725,11,D,AK,ZP,F
14:39:10,INDF,RG,6725,9,F,OD,ZP,F
14:39:00,INDF,RG,6725,46,F,OD,YU,F
14:39:00,INDF,RG,6725,1,D,XC,YU,F
14:39:00,INDF,RG,6725,2,D,EP,YU,F
14:39:00,INDF,RG,6725,1,D,YP,YU,F
14:39:00,INDF,RG,6725,1,F,CC,YU,F
14:39:00,INDF,RG,6725,7,D,CS,YU,F
14:39:00,INDF,RG,6725,6,D,CS,EP,D
14:39:00,INDF,RG,6725,1,F,CC,EP,D
14:39:00,INDF,RG,6725,4,F,CC,RX,F
14:39:00,INDF,RG,6725,1,F,ZP,RX,F
14:39:00,INDF,RG,6725,7,D,CC,RX,F
14:38:33,INDF,RG,6725,5,D,CC,ZP,F
14:38:33,INDF,RG,6725,14,F,AK,ZP,F
14:38:09,INDF,RG,6725,1,F,AK,RX,D
14:38:03,INDF,RG,6725,19,F,AK,ZP,F
14:38:03,INDF,RG,6725,1,D,NI,ZP,F
14:38:00,INDF,RG,6725,4,D,NI,EP,D
14:38:00,INDF,RG,6725,3,F,OD,EP,D
14:37:50,INDF,RG,6750,7,D,OD,YU,F
14:37:45,INDF,RG,6725,8,F,OD,XC,D
14:37:41,INDF,RG,6725,20,F,OD,BB,D
14:37:41,INDF,RG,6725,2,F,OD,BB,D
14:37:04,INDF,RG,6725,20,F,OD,ZP,F
14:37:00,INDF,RG,6725,7,F,OD,EP,D
14:36:48,INDF,RG,6750,6,D,OD,YU,F
14:36:42,INDF,RG,6725,2,F,OD,RX,F
14:36:42,INDF,RG,6725,13,D,CS,RX,F
14:36:23,INDF,RG,6725,1,D,CS,RX,D
14:36:19,INDF,RG,6725,5,D,CS,KZ,D
14:36:19,INDF,RG,6725,43,F,OD,KZ,D
14:36:19,INDF,RG,6725,6,D,HP,KZ,D
14:36:19,INDF,RG,6725,26,D,CS,KZ,D
14:36:19,INDF,RG,6725,19,D,CS,KZ,D
14:36:19,INDF,RG,6725,69,F,CC,KZ,D
14:36:14,INDF,RG,6725,87,F,CC,RX,F
14:36:06,INDF,RG,6725,1,F,CC,RX,D
14:36:00,INDF,RG,6750,87,F,ZP,YU,F
14:36:00,INDF,RG,6725,62,F,CC,YU,F
14:36:00,INDF,RG,6725,7,F,CC,EP,D
14:36:00,INDF,RG,6725,128,F,CC,CC,D
14:36:00,INDF,RG,6725,6,F,AK,CC,D
14:36:00,INDF,RG,6725,10,F,AK,CC,D
14:36:00,INDF,RG,6725,5,F,CC,CC,D
14:36:00,INDF,RG,6725,178,D,YB,CC,D
14:35:49,INDF,RG,6750,1,D,PD,YU,F
14:35:46,INDF,RG,6750,1,F,ZP,YU,F
14:35:46,INDF,RG,6750,6,D,OD,YU,F
14:35:19,INDF,RG,6750,3,F,ZP,YU,F
14:35:19,INDF,RG,6750,12,D,XC,YU,F
14:35:13,INDF,RG,6750,44,F,ZP,YU,F
14:35:13,INDF,RG,6725,200,D,YB,ZP,F
14:35:10,INDF,RG,6750,19,F,ZP,YU,F
14:35:10,INDF,RG,6750,88,D,PD,YU,F
14:35:06,INDF,RG,6750,6,F,ZP,YU,F
14:35:04,INDF,RG,6725,26,D,YB,RX,F
14:35:00,INDF,RG,6750,1,F,ZP,YU,F
14:35:00,INDF,RG,6725,7,D,YB,EP,D
14:34:48,INDF,RG,6750,5,F,ZP,YU,F
14:34:48,INDF,RG,6725,20,D,YB,ZP,F
14:34:45,INDF,RG,6750,1,F,ZP,YU,F
14:34:44,INDF,RG,6750,6,D,OD,YU,F
14:34:36,INDF,RG,6725,1,D,YB,RX,D
14:34:00,INDF,RG,6750,2,F,ZP,YU,F
14:34:00,INDF,RG,6725,7,D,YB,EP,D
14:33:49,INDF,RG,6750,4,F,ZP,YU,F
14:33:49,INDF,RG,6725,19,D,YB,ZP,F
14:33:45,INDF,RG,6750,1,F,ZP,YU,F
14:33:44,INDF,RG,6750,7,D,OD,YU,F
14:33:06,INDF,RG,6750,3,F,ZP,YU,F
14:33:05,INDF,RG,6750,13,D,YP,YU,F
14:33:02,INDF,RG,6750,1,D,XC,YU,F
14:33:00,INDF,RG,6750,19,F,ZP,YU,F
14:33:00,INDF,RG,6725,21,D,YB,ZP,F
14:33:00,INDF,RG,6725,7,D,YB,EP,D
14:33:00,INDF,RG,6725,14,D,YB,YU,F
14:33:00,INDF,RG,6725,41,F,OD,YU,F
14:32:45,INDF,RG,6750,1,F,ZP,YU,F
14:32:44,INDF,RG,6750,5,D,OD,KZ,D
14:32:34,INDF,RG,6725,2,F,OD,DH,D
14:32:30,INDF,RG,6750,5,F,ZP,KZ,D
14:32:28,INDF,RG,6725,20,F,AK,ZP,F
14:32:05,INDF,RG,6725,1,F,AK,RX,D
14:32:00,INDF,RG,6750,1,F,ZP,KZ,D
14:32:00,INDF,RG,6725,7,F,AK,EP,D
14:31:43,INDF,RG,6750,6,F,ZP,KZ,D
14:31:43,INDF,RG,6750,20,F,AK,KZ,D
14:31:42,INDF,RG,6750,7,D,OD,KZ,D
14:31:18,INDF,RG,6750,1,F,ZP,KZ,D
14:31:17,INDF,RG,6750,1,D,NI,KZ,D
14:31:00,INDF,RG,6750,1,F,ZP,KZ,D
14:31:00,INDF,RG,6725,7,F,AK,EP,D
14:30:45,INDF,RG,6750,1,F,ZP,KZ,D
14:30:44,INDF,RG,6750,5,D,OD,KZ,D
14:30:37,INDF,RG,6750,19,F,ZP,KZ,D
14:30:36,INDF,RG,6750,45,D,PD,KZ,D
14:30:36,INDF,RG,6750,21,D,PD,ZP,F
14:30:36,INDF,RG,6750,21,D,PD,YU,F
14:30:30,INDF,RG,6725,1,F,AK,XC,D
14:30:09,INDF,RG,6750,1,F,ZP,YU,F
14:30:08,INDF,RG,6750,1,D,YP,YU,F
14:30:00,INDF,RG,6750,1,F,ZP,YU,F
14:30:00,INDF,RG,6725,7,F,AK,EP,D
14:29:45,INDF,RG,6750,2,F,ZP,YU,F
14:29:44,INDF,RG,6750,2,D,OD,YU,F
14:29:44,INDF,RG,6750,4,D,OD,ZP,F
14:29:24,INDF,RG,6750,4,F,ZP,ZP,F
14:29:24,INDF,RG,6725,20,F,AK,ZP,F
14:29:13,INDF,RG,6750,1,D,CC,ZP,F
14:29:00,INDF,RG,6750,2,F,ZP,ZP,F
14:29:00,INDF,RG,6725,7,F,AK,EP,D
14:28:45,INDF,RG,6750,1,F,ZP,ZP,F
14:28:44,INDF,RG,6750,7,D,OD,ZP,F
14:28:40,INDF,RG,6750,1,F,ZP,ZP,F
14:28:40,INDF,RG,6725,4,F,AK,EP,D
14:28:33,INDF,RG,6750,4,F,ZP,BB,D
14:28:33,INDF,RG,6725,20,F,AK,ZP,F
14:28:22,INDF,RG,6750,60,F,ZP,BB,D
14:28:22,INDF,RG,6750,189,F,ZP,CC,D
14:28:22,INDF,RG,6750,27,F,ZP,YU,F
14:28:08,INDF,RG,6750,7,D,YB,YU,F
14:28:00,INDF,RG,6725,7,F,AK,EP,D
14:27:42,INDF,RG,6750,6,D,OD,YU,F
14:27:39,INDF,RG,6725,33,F,AK,CC,D
14:27:00,INDF,RG,6725,55,F,AK,YU,F
14:26:47,INDF,RG,6725,20,F,AK,ZP,F
14:26:42,INDF,RG,6750,1,D,OD,YU,F
14:26:42,INDF,RG,6750,6,D,OD,NI,D
14:25:44,INDF,RG,6750,6,D,OD,NI,D
14:25:35,INDF,RG,6725,45,F,AK,NI,D
14:25:09,INDF,RG,6750,88,D,PD,NI,D
14:25:00,INDF,RG,6725,46,F,AK,YU,F
14:25:00,INDF,RG,6725,16,F,OD,YU,F
14:24:46,INDF,RG,6750,5,D,OD,ZP,F
14:24:00,INDF,RG,6725,7,F,OD,EP,D
14:23:59,INDF,RG,6725,20,F,OD,ZP,F
14:23:59,INDF,RG,6750,15,F,OD,ZP,F
14:23:59,INDF,RG,6750,9,F,OD,AK,F
14:23:59,INDF,RG,6750,19,F,OD,ZP,F
14:23:30,INDF,RG,6750,8,D,CS,AK,F
14:23:30,INDF,RG,6750,4,D,CS,ZP,F
14:23:30,INDF,RG,6750,6,D,OD,ZP,F
14:23:30,INDF,RG,6750,5,D,CS,ZP,F
14:23:30,INDF,RG,6750,4,F,CC,ZP,F
14:23:00,INDF,RG,6750,7,F,CC,EP,D
14:23:00,INDF,RG,6750,13,F,CC,ZP,F
14:23:00,INDF,RG,6750,6,F,AK,ZP,F
14:22:48,INDF,RG,6775,6,D,OD,XA,D
14:22:16,INDF,RG,6750,200,F,AK,CC,D
14:22:15,INDF,RG,6775,16,F,AK,XA,D
14:22:15,INDF,RG,6750,1,F,AK,YP,D
14:22:00,INDF,RG,6750,7,D,CS,EP,D
14:21:50,INDF,RG,6775,7,D,OD,XA,D
14:21:39,INDF,RG,6750,34,F,CC,YU,F
14:21:39,INDF,RG,6750,1,F,CC,YP,D
14:21:39,INDF,RG,6750,4,F,CC,XC,D
14:21:39,INDF,RG,6750,1,F,CC,CC,D
14:21:39,INDF,RG,6750,100,F,CC,NI,D
14:21:39,INDF,RG,6750,1,F,CC,EP,D
14:21:39,INDF,RG,6750,25,F,CC,BB,D
14:21:39,INDF,RG,6750,3,F,CC,PD,D
14:21:39,INDF,RG,6750,5,F,CC,KZ,D
14:21:34,INDF,RG,6750,23,F,OD,KZ,D
14:21:34,INDF,RG,6750,1,F,OD,XC,D
14:21:34,INDF,RG,6750,10,F,OD,PD,D
14:21:34,INDF,RG,6750,1,F,OD,KK,D
14:21:34,INDF,RG,6750,8,F,OD,KK,D
14:21:24,INDF,RG,6750,12,F,AK,KK,D
14:21:24,INDF,RG,6750,10,F,AK,EP,D
14:21:24,INDF,RG,6750,63,F,AK,XC,D
14:21:24,INDF,RG,6750,3,F,AK,YP,D
14:21:24,INDF,RG,6750,1,F,AK,XC,D
14:21:24,INDF,RG,6750,5,F,AK,DX,D
14:21:24,INDF,RG,6750,1,F,AK,YP,D
14:21:24,INDF,RG,6750,3,F,AK,PD,D
14:21:16,INDF,RG,6725,174,F,AK,YU,F
14:21:16,INDF,RG,6725,21,F,AK,ZP,F
14:21:16,INDF,RG,6725,1,F,AK,AK,F
14:21:16,INDF,RG,6725,44,F,AK,PD,D
14:21:15,INDF,RG,6725,148,F,ZP,PD,D
14:21:15,INDF,RG,6725,10,F,ZP,PD,D
14:21:15,INDF,RG,6725,240,F,AK,PD,D
14:21:14,INDF,RG,6725,83,F,AK,YU,F
14:21:14,INDF,RG,6725,21,F,AK,YU,F
14:21:14,INDF,RG,6725,1,F,AK,RX,D
14:21:14,INDF,RG,6725,21,F,AK,ZP,F
14:21:14,INDF,RG,6725,114,F,AK,RX,F
14:21:14,INDF,RG,6725,22,F,AK,RX,F
14:21:14,INDF,RG,6725,159,F,AK,KZ,D
14:21:14,INDF,RG,6725,23,F,AK,YU,F
14:21:14,INDF,RG,6725,4,F,AK,XL,D
14:21:14,INDF,RG,6725,32,F,AK,BB,D
14:21:00,INDF,RG,6725,2,F,ZP,BB,D
14:21:00,INDF,RG,6700,7,D,AK,EP,D
14:20:52,INDF,RG,6725,1,F,ZP,BB,D
14:20:52,INDF,RG,6725,6,D,OD,BB,D
14:20:01,INDF,RG,6725,22,F,ZP,BB,D
14:20:00,INDF,RG,6725,62,F,ZP,BB,D
14:20:00,INDF,RG,6725,4,F,ZP,OD,D
14:20:00,INDF,RG,6725,34,F,ZP,BK,F
14:20:00,INDF,RG,6725,2,F,ZP,BK,F
14:20:00,INDF,RG,6700,7,D,AK,EP,D
14:19:54,INDF,RG,6725,1,F,ZP,BK,F
14:19:54,INDF,RG,6725,6,D,OD,BK,F
14:19:00,INDF,RG,6725,1,F,ZP,BK,F
14:19:00,INDF,RG,6700,7,D,AK,EP,D
14:18:54,INDF,RG,6725,2,F,ZP,BK,F
14:18:54,INDF,RG,6725,7,D,OD,BK,F
14:18:33,INDF,RG,6725,38,F,ZP,BK,F
14:18:32,INDF,RG,6725,35,D,PD,BK,F
14:18:32,INDF,RG,6725,140,D,PD,RX,F
14:18:00,INDF,RG,6725,2,F,ZP,RX,D
14:18:00,INDF,RG,6700,7,D,AK,EP,D
14:17:52,INDF,RG,6725,1,F,ZP,RX,D
14:17:52,INDF,RG,6725,7,D,OD,YU,F
14:17:03,INDF,RG,6725,3,F,ZP,YU,F
14:17:03,INDF,RG,6700,10,D,AK,RX,F
14:17:00,INDF,RG,6725,1,F,ZP,YU,F
14:17:00,INDF,RG,6700,7,D,AK,EP,D
14:16:51,INDF,RG,6725,2,F,ZP,YU,F
14:16:50,INDF,RG,6725,6,D,OD,YU,F
14:16:44,INDF,RG,6700,1,D,AK,XC,D
14:16:16,INDF,RG,6725,9,F,ZP,YU,F
14:16:16,INDF,RG,6725,22,F,OD,YU,F
14:16:16,INDF,RG,6725,1,F,OD,AK,F
14:16:16,INDF,RG,6725,20,F,OD,CC,D
14:16:00,INDF,RG,6725,2,F,ZP,CC,D
14:16:00,INDF,RG,6700,7,D,AK,EP,D
14:15:43,INDF,RG,6725,2,D,KK,CC,D
14:15:30,INDF,RG,6725,21,F,ZP,CC,D
14:15:30,INDF,RG,6700,39,D,AK,RX,F
14:15:30,INDF,RG,6700,2,D,AK,RX,F
14:15:30,INDF,RG,6700,3,D,AK,RX,F
14:15:30,INDF,RG,6700,1,D,AK,RX,F
14:15:30,INDF,RG,6700,1,D,AK,RX,F
14:15:30,INDF,RG,6700,1,D,PD,RX,F
14:15:30,INDF,RG,6700,1,D,PD,RX,F
14:15:30,INDF,RG,6700,1,D,YP,RX,F
14:15:30,INDF,RG,6700,1,D,PD,RX,F
14:15:30,INDF,RG,6700,1,D,PD,RX,F
14:15:30,INDF,RG,6700,20,D,PD,RX,F
14:15:30,INDF,RG,6700,1,D,NI,RX,F
14:15:30,INDF,RG,6700,21,F,ZP,RX,F
14:15:27,INDF,RG,6725,1,D,PD,CC,D
14:15:22,INDF,RG,6725,159,F,ZP,CC,D
14:15:21,INDF,RG,6725,5,F,AK,CC,D
14:15:21,INDF,RG,6725,5,F,AK,CC,D
14:15:21,INDF,RG,6725,10,F,AK,CC,D
14:15:21,INDF,RG,6725,20,F,AK,CC,D
14:15:21,INDF,RG,6725,14,F,AK,CC,D
14:15:21,INDF,RG,6725,27,F,AK,CC,D
14:15:20,INDF,RG,6725,235,F,AK,CC,D
14:15:19,INDF,RG,6725,7,D,PD,CC,D
14:15:19,INDF,RG,6725,30,D,PD,ZP,F
14:15:19,INDF,RG,6725,20,D,PD,ZP,F
14:15:19,INDF,RG,6725,25,D,PD,YU,F
14:15:19,INDF,RG,6725,23,D,PD,YU,F
14:15:01,INDF,RG,6700,79,F,ZP,CC,D
14:15:01,INDF,RG,6700,10,D,YP,CC,D
14:15:01,INDF,RG,6700,2,D,KK,CC,D
14:15:01,INDF,RG,6700,1,D,DR,CC,D
14:15:01,INDF,RG,6700,1,D,XC,CC,D
14:15:01,INDF,RG,6700,2,D,NI,CC,D
14:15:01,INDF,RG,6700,1,D,NI,CC,D
14:15:01,INDF,RG,6700,25,D,CC,CC,D
14:15:01,INDF,RG,6700,5,D,YP,CC,D
14:15:01,INDF,RG,6700,4,F,OD,CC,D
14:15:00,INDF,RG,6700,7,F,OD,EP,D
14:15:00,INDF,RG,6725,17,D,CS,CC,D
14:15:00,INDF,RG,6725,4,D,CS,CC,D
14:15:00,INDF,RG,6725,6,D,OD,CC,D
14:15:00,INDF,RG,6725,1,F,ZP,CC,D
14:15:00,INDF,RG,6725,1,D,PD,CC,D
14:15:00,INDF,RG,6725,5,D,CS,CC,D
14:15:00,INDF,RG,6725,5,D,CS,CC,D
14:15:00,INDF,RG,6725,6,F,CC,CC,D
14:15:00,INDF,RG,6725,2,D,PD,CC,D
14:15:00,INDF,RG,6725,43,F,OD,CC,D
14:15:00,INDF,RG,6725,29,F,AK,CC,D
14:14:54,INDF,RG,6725,21,F,AK,ZP,F
14:14:50,INDF,RG,6725,19,F,AK,ZP,F
14:14:50,INDF,RG,6750,4,D,OD,PD,D
14:14:00,INDF,RG,6725,7,F,AK,EP,D
14:13:50,INDF,RG,6750,4,D,OD,PD,D
14:13:16,INDF,RG,6725,1,F,AK,RX,D
14:13:00,INDF,RG,6750,2,F,ZP,PD,D
14:13:00,INDF,RG,6725,7,F,AK,EP,D
14:12:52,INDF,RG,6750,4,F,ZP,PD,D
14:12:52,INDF,RG,6725,8,F,AK,ZP,F
14:12:52,INDF,RG,6725,4,D,CS,ZP,F
14:12:52,INDF,RG,6725,7,D,CS,ZP,F
14:12:48,INDF,RG,6750,1,F,ZP,PD,D
14:12:48,INDF,RG,6750,4,D,OD,PD,D
14:12:40,INDF,RG,6750,7,F,ZP,PD,D
14:12:39,INDF,RG,6725,1,D,CS,RX,F
14:12:39,INDF,RG,6725,7,D,CS,RX,F
14:12:39,INDF,RG,6725,2,D,CS,RX,F
14:12:39,INDF,RG,6725,6,D,CS,RX,F
14:12:39,INDF,RG,6725,16,D,CS,RX,F
14:12:39,INDF,RG,6725,1,F,OD,RX,F
14:12:36,INDF,RG,6750,1,F,ZP,PD,D
14:12:35,INDF,RG,6750,2,D,PD,PD,D
14:12:30,INDF,RG,6750,18,F,ZP,PD,D
14:12:29,INDF,RG,6725,42,F,OD,KZ,D
14:12:29,INDF,RG,6725,7,D,CS,KZ,D
14:12:29,INDF,RG,6725,8,D,CS,KZ,D
14:12:29,INDF,RG,6725,8,D,CS,KZ,D
14:12:29,INDF,RG,6725,11,D,CS,KZ,D
14:12:29,INDF,RG,6725,5,D,CS,KZ,D
14:12:29,INDF,RG,6725,3,D,CS,KZ,D
14:12:29,INDF,RG,6725,1,D,CC,KZ,D
14:12:24,INDF,RG,6750,11,F,ZP,PD,D
14:12:24,INDF,RG,6750,10,F,ZP,XL,D
14:12:24,INDF,RG,6725,5,D,CC,KZ,D
14:12:24,INDF,RG,6725,43,F,OD,KZ,D
14:12:24,INDF,RG,6725,4,F,AK,KZ,D
14:12:24,INDF,RG,6725,3,F,AK,KZ,D
14:12:24,INDF,RG,6725,3,F,AK,KZ,D
14:12:24,INDF,RG,6725,12,F,CC,KZ,D
14:12:24,INDF,RG,6725,26,F,CC,KZ,D
14:12:22,INDF,RG,6750,3,F,ZP,XL,D
14:12:22,INDF,RG,6750,14,F,ZP,ZP,D
14:12:21,INDF,RG,6725,75,F,CC,BB,D
14:12:19,INDF,RG,6750,5,F,ZP,ZP,D
14:12:19,INDF,RG,6725,21,F,CC,RX,F
14:12:00,INDF,RG,6750,16,F,ZP,ZP,D
14:12:00,INDF,RG,6725,50,F,CC,YU,F
14:12:00,INDF,RG,6725,19,D,YP,YU,F
14:12:00,INDF,RG,6725,7,D,YP,EP,D
14:11:48,INDF,RG,6750,1,F,ZP,ZP,D
14:11:48,INDF,RG,6750,4,D,OD,ZP,D
14:11:44,INDF,RG,6750,5,F,ZP,ZP,D
14:11:42,INDF,RG,6725,21,D,YP,ZP,F
14:11:36,INDF,RG,6750,5,F,ZP,ZP,D
14:11:36,INDF,RG,6750,12,F,ZP,NI,D
14:11:35,INDF,RG,6750,78,D,CS,NI,D
14:11:01,INDF,RG,6750,4,F,ZP,NI,D
14:11:00,INDF,RG,6725,19,D,YP,RX,F
14:11:00,INDF,RG,6750,2,F,ZP,NI,D
14:11:00,INDF,RG,6725,7,D,YP,EP,D
14:10:46,INDF,RG,6750,3,D,OD,NI,D
14:10:45,INDF,RG,6725,1,D,YP,AK,F
14:10:30,INDF,RG,6750,23,F,ZP,NI,D
14:10:29,INDF,RG,6750,105,D,PD,NI,D
14:10:22,INDF,RG,6750,1,F,ZP,NI,D
14:10:22,INDF,RG,6725,1,D,YP,RX,D
14:10:16,INDF,RG,6750,1,D,YP,NI,D
14:10:00,INDF,RG,6750,1,F,ZP,NI,D
14:10:00,INDF,RG,6725,7,D,YP,EP,D
14:09:49,INDF,RG,6750,6,F,ZP,NI,D
14:09:49,INDF,RG,6725,21,D,YP,ZP,F
14:09:48,INDF,RG,6750,3,D,CC,NI,D
14:09:45,INDF,RG,6750,1,F,ZP,NI,D
14:09:44,INDF,RG,6750,4,D,OD,NI,D
14:09:03,INDF,RG,6750,3,F,ZP,NI,D
14:09:02,INDF,RG,6725,15,D,YP,RX,F
14:09:00,INDF,RG,6750,12,F,ZP,NI,D
14:09:00,INDF,RG,6725,47,D,YP,YU,F
14:09:00,INDF,RG,6725,7,D,YP,EP,D
14:08:52,INDF,RG,6750,4,F,ZP,NI,D
14:08:51,INDF,RG,6725,20,D,YP,ZP,F
14:08:46,INDF,RG,6750,1,F,ZP,NI,D
14:08:46,INDF,RG,6750,3,D,OD,NI,D
14:08:27,INDF,RG,6750,1,F,ZP,NI,D
14:08:26,INDF,RG,6725,7,D,YP,KK,D
14:08:07,INDF,RG,6750,1,F,ZP,NI,D
14:08:07,INDF,RG,6725,1,D,YP,RX,D
14:08:00,INDF,RG,6750,1,F,ZP,NI,D
14:08:00,INDF,RG,6725,7,D,YP,EP,D
14:07:48,INDF,RG,6750,1,F,ZP,NI,D
14:07:48,INDF,RG,6750,5,D,OD,NI,D
14:07:00,INDF,RG,6750,2,F,ZP,NI,D
14:07:00,INDF,RG,6725,7,D,YP,EP,D
14:06:46,INDF,RG,6750,1,F,ZP,NI,D
14:06:46,INDF,RG,6750,4,D,OD,NI,D
14:06:41,INDF,RG,6750,2,D,HP,NI,D
14:06:28,INDF,RG,6750,2,F,ZP,NI,D
14:06:27,INDF,RG,6725,10,D,YP,RX,F
14:06:15,INDF,RG,6725,1,D,YP,RX,D
14:06:00,INDF,RG,6750,2,F,ZP,NI,D
14:06:00,INDF,RG,6725,7,D,YP,EP,D
14:05:48,INDF,RG,6750,1,F,ZP,NI,D
14:05:48,INDF,RG,6750,3,D,OD,NI,D
14:05:27,INDF,RG,6750,23,F,ZP,NI,D
14:05:25,INDF,RG,6750,105,D,PD,NI,D
14:05:04,INDF,RG,6750,18,F,ZP,NI,D
14:05:04,INDF,RG,6725,82,D,YP,KZ,D
14:05:01,INDF,RG,6750,1,F,ZP,NI,D
14:05:00,INDF,RG,6725,7,D,YP,EP,D
14:04:28,INDF,RG,6750,8,F,ZP,NI,D
14:04:28,INDF,RG,6725,35,D,YP,CC,D
14:04:18,INDF,RG,6750,88,F,ZP,NI,D
14:04:17,INDF,RG,6725,400,D,YP,ZP,F
14:04:00,INDF,RG,6750,12,F,ZP,NI,D
14:04:00,INDF,RG,6725,7,D,YP,EP,D
14:04:00,INDF,RG,6725,47,D,YP,YU,F
14:03:19,INDF,RG,6750,3,F,ZP,NI,D
14:03:19,INDF,RG,6750,16,F,AK,NI,D
14:03:01,INDF,RG,6750,154,F,ZP,NI,D
14:03:00,INDF,RG,6725,7,D,YP,EP,D
14:02:17,INDF,RG,6750,43,F,OD,NI,D
14:02:02,INDF,RG,6725,19,D,YP,ZP,F
14:01:00,INDF,RG,6750,11,D,CC,NI,D
14:00:28,INDF,RG,6750,105,D,PD,NI,D
14:00:05,INDF,RG,6725,1,D,YP,XC,D
14:00:02,INDF,RG,6725,13,D,YP,DR,D
13:59:38,INDF,RG,6725,1,D,YP,NI,D
13:59:27,INDF,RG,6725,1,D,YP,YP,D
13:59:00,INDF,RG,6725,7,D,YP,EP,D
13:59:00,INDF,RG,6725,39,D,YP,YU,F
13:58:42,INDF,RG,6725,20,D,YP,ZP,F
13:58:15,INDF,RG,6750,6,F,AK,NI,D
13:58:07,INDF,RG,6725,19,D,YP,ZP,F
13:58:07,INDF,RG,6725,30,D,YP,YP,D
13:58:00,INDF,RG,6725,7,D,YP,EP,D
13:57:00,INDF,RG,6725,7,D,YP,EP,D
13:56:48,INDF,RG,6725,19,D,YP,ZP,F
13:56:48,INDF,RG,6725,2,D,CS,XL,D
13:56:48,INDF,RG,6725,78,F,AK,XL,D
13:56:16,INDF,RG,6725,20,F,AK,ZP,F
13:56:00,INDF,RG,6725,20,F,AK,ZP,F
13:56:00,INDF,RG,6725,7,F,AK,EP,D
13:56:00,INDF,RG,6725,60,F,AK,YU,F
13:55:22,INDF,RG,6725,29,F,AK,ZP,F
13:55:06,INDF,RG,6750,105,D,PD,NI,D
13:55:00,INDF,RG,6725,7,F,AK,EP,D
13:54:00,INDF,RG,6725,7,F,AK,EP,D
13:53:16,INDF,RG,6725,3,F,AK,ZP,F
13:53:16,INDF,RG,6725,5,D,CS,ZP,F
13:53:16,INDF,RG,6725,6,D,CS,ZP,F
13:53:16,INDF,RG,6725,6,F,ZP,ZP,F
13:53:00,INDF,RG,6725,7,F,ZP,EP,D
13:52:00,INDF,RG,6725,19,F,ZP,ZP,F
13:52:00,INDF,RG,6750,2,F,ZP,NI,D
13:52:00,INDF,RG,6725,7,F,ZP,EP,D
13:51:41,INDF,RG,6725,5,F,ZP,YP,D
13:51:19,INDF,RG,6750,2,F,ZP,NI,D
13:51:19,INDF,RG,6750,13,F,AK,NI,D
13:51:00,INDF,RG,6725,7,F,ZP,EP,D
13:50:33,INDF,RG,6750,13,F,ZP,NI,D
13:50:33,INDF,RG,6725,23,F,CC,BB,D
13:50:33,INDF,RG,6725,32,F,CC,YU,F
13:50:18,INDF,RG,6725,9,F,ZP,YU,F
13:50:18,INDF,RG,6725,11,F,OD,YU,F
13:50:18,INDF,RG,6725,14,F,OD,RX,F
13:50:18,INDF,RG,6725,1,F,OD,KK,D
13:50:18,INDF,RG,6725,17,F,OD,YU,F
13:50:12,INDF,RG,6725,3,F,ZP,YU,F
13:50:12,INDF,RG,6725,20,F,ZP,RX,F
13:50:11,INDF,RG,6725,24,D,PD,RX,F
13:50:11,INDF,RG,6725,74,D,PD,KZ,D
13:50:11,INDF,RG,6725,7,D,PD,YP,D
13:50:01,INDF,RG,6725,9,F,ZP,YP,D
13:50:01,INDF,RG,6725,8,F,OD,YP,D
13:50:01,INDF,RG,6725,17,F,OD,RX,F
13:50:01,INDF,RG,6725,18,F,OD,RX,F
13:50:00,INDF,RG,6725,2,F,ZP,RX,F
13:50:00,INDF,RG,6700,7,F,OD,EP,D
13:49:57,INDF,RG,6725,1,F,ZP,RX,F
13:49:57,INDF,RG,6725,54,F,ZP,BB,D
13:49:56,INDF,RG,6725,15,F,ZP,YU,F
13:49:56,INDF,RG,6725,3,F,ZP,CC,D
13:49:56,INDF,RG,6725,1,F,ZP,AK,F
13:49:56,INDF,RG,6725,231,F,ZP,CC,D
13:49:30,INDF,RG,6725,15,F,ZP,CC,D
13:49:30,INDF,RG,6725,2,F,ZP,CC,D
13:49:30,INDF,RG,6725,2,F,ZP,XC,D
13:49:30,INDF,RG,6725,43,F,ZP,CC,D
13:49:29,INDF,RG,6725,33,D,CS,CC,D
13:49:29,INDF,RG,6725,53,F,ZP,CC,D
13:49:29,INDF,RG,6725,2,F,ZP,RX,D
13:49:29,INDF,RG,6725,39,F,ZP,ZP,F
13:49:29,INDF,RG,6725,19,F,ZP,RX,F
13:49:29,INDF,RG,6725,128,F,ZP,CC,D
13:49:29,INDF,RG,6725,9,F,ZP,YU,F
13:49:06,INDF,RG,6725,22,F,ZP,YU,F
13:49:05,INDF,RG,6725,37,F,ZP,YU,F
13:49:05,INDF,RG,6725,63,F,ZP,RX,F
13:49:00,INDF,RG,6725,1,F,ZP,RX,F
13:49:00,INDF,RG,6700,7,F,OD,EP,D
13:48:07,INDF,RG,6725,2,F,ZP,RX,F
13:48:07,INDF,RG,6725,9,D,PD,RX,F
13:48:01,INDF,RG,6725,1,F,ZP,RX,F
13:48:00,INDF,RG,6725,3,F,AK,RX,F
13:48:00,INDF,RG,6725,2,F,ZP,RX,F
13:48:00,INDF,RG,6700,7,F,OD,EP,D
13:47:45,INDF,RG,6725,9,F,ZP,RX,F
13:47:44,INDF,RG,6725,13,F,OD,RX,F
13:47:44,INDF,RG,6725,1,F,OD,AK,F
13:47:44,INDF,RG,6725,29,F,OD,KZ,D
13:47:35,INDF,RG,6725,1,D,YP,KZ,D
13:47:09,INDF,RG,6725,1,F,ZP,KZ,D
13:47:07,INDF,RG,6700,5,F,OD,YB,D
13:47:00,INDF,RG,6725,2,F,ZP,KZ,D
13:47:00,INDF,RG,6700,6,F,OD,EP,D
13:47:00,INDF,RG,6700,1,D,YP,EP,D
13:46:00,INDF,RG,6725,67,F,ZP,KZ,D
13:46:00,INDF,RG,6700,7,D,YP,EP,D
13:46:00,INDF,RG,6700,299,D,YP,CC,D
13:45:55,INDF,RG,6725,4,F,ZP,KZ,D
13:45:54,INDF,RG,6700,19,D,YP,BB,D
13:45:06,INDF,RG,6725,7,F,ZP,KZ,D
13:45:06,INDF,RG,6725,1,F,ZP,PD,D
13:45:06,INDF,RG,6725,12,F,ZP,PD,D
13:45:06,INDF,RG,6725,3,F,ZP,YP,D
13:45:05,INDF,RG,6725,17,D,PD,YP,D
13:45:05,INDF,RG,6725,40,D,PD,CC,D
13:45:05,INDF,RG,6725,40,D,PD,ZP,F
13:45:05,INDF,RG,6725,8,D,PD,RX,F
13:45:00,INDF,RG,6725,2,F,ZP,RX,F
13:45:00,INDF,RG,6700,7,D,YP,EP,D
13:44:49,INDF,RG,6725,2,F,ZP,RX,F
13:44:48,INDF,RG,6700,10,D,YP,PD,D
13:44:10,INDF,RG,6725,4,F,ZP,RX,F
13:44:10,INDF,RG,6700,19,D,YP,ZP,F
13:44:00,INDF,RG,6725,2,F,ZP,RX,F
13:44:00,INDF,RG,6700,7,D,YP,EP,D
13:43:54,INDF,RG,6725,50,F,ZP,RX,F
13:43:52,INDF,RG,6725,53,D,LG,RX,F
13:43:52,INDF,RG,6725,128,D,LG,YU,F
13:43:52,INDF,RG,6725,25,D,LG,BB,D
13:43:52,INDF,RG,6725,2,D,LG,RX,D
13:43:52,INDF,RG,6725,10,D,LG,KK,D
13:43:52,INDF,RG,6725,1,D,LG,YP,D
13:43:52,INDF,RG,6725,11,D,LG,YU,F
13:43:49,INDF,RG,6700,1,D,YP,RX,D
13:43:42,INDF,RG,6725,5,F,ZP,YU,F
13:43:41,INDF,RG,6700,20,D,YP,RX,F
13:43:23,INDF,RG,6700,2,D,YP,CC,D
13:43:04,INDF,RG,6725,16,F,ZP,YU,F
13:43:04,INDF,RG,6700,72,D,YP,KZ,D
13:43:00,INDF,RG,6725,11,F,ZP,YU,F
13:43:00,INDF,RG,6725,1,D,XC,YU,F
13:43:00,INDF,RG,6700,40,D,YP,YU,F
13:43:00,INDF,RG,6700,7,D,YP,EP,D
13:42:58,INDF,RG,6725,7,F,ZP,YU,F
13:42:58,INDF,RG,6700,7,D,YP,EP,D
13:42:58,INDF,RG,6700,7,D,YP,EP,D
13:42:58,INDF,RG,6700,7,D,YP,EP,D
13:42:58,INDF,RG,6700,7,D,YP,EP,D
13:42:57,INDF,RG,6700,7,D,YP,EP,D
13:42:27,INDF,RG,6725,2,F,ZP,YU,F
13:42:27,INDF,RG,6725,3,D,CC,YU,F
13:42:27,INDF,RG,6725,3,D,CC,PD,D
13:42:12,INDF,RG,6725,2,F,ZP,PD,D
13:42:11,INDF,RG,6700,11,D,YP,RX,F
13:42:10,INDF,RG,6725,1,F,ZP,PD,D
13:42:09,INDF,RG,6700,2,D,YP,RX,F
13:42:06,INDF,RG,6725,4,F,ZP,PD,D
13:42:06,INDF,RG,6725,2,D,XC,PD,D
13:42:05,INDF,RG,6700,19,D,YP,ZP,F
13:42:05,INDF,RG,6725,1,D,PD,PD,D
13:41:34,INDF,RG,6725,3,F,ZP,PD,D
13:41:34,INDF,RG,6700,13,D,YP,RX,F
13:41:33,INDF,RG,6725,9,F,ZP,PD,D
13:41:32,INDF,RG,6725,36,D,CS,PD,D
13:41:32,INDF,RG,6700,4,D,YP,RX,F
13:41:31,INDF,RG,6725,136,F,ZP,PD,D
13:40:09,INDF,RG,6700,12,D,YP,RX,F
13:40:08,INDF,RG,6700,5,D,YP,XC,D
13:40:07,INDF,RG,6725,53,D,PD,PD,D
13:40:07,INDF,RG,6725,52,D,PD,PD,D
13:40:05,INDF,RG,6700,20,D,YP,ZP,F
13:40:05,INDF,RG,6700,2,D,YP,RX,F
13:39:54,INDF,RG,6700,15,D,YP,GR,D
13:39:45,INDF,RG,6700,1,D,YP,RX,D
13:39:03,INDF,RG,6700,20,D,YP,ZP,F
13:39:00,INDF,RG,6700,52,D,YP,YU,F
13:38:52,INDF,RG,6700,5,D,YP,XC,D
13:38:32,INDF,RG,6700,1,D,YP,RX,D
13:37:48,INDF,RG,6700,3,D,YP,DR,D
13:37:32,INDF,RG,6700,8,D,YP,RX,F
13:37:29,INDF,RG,6700,2,D,YP,RX,F
13:37:16,INDF,RG,6700,20,D,YP,ZP,F
13:36:48,INDF,RG,6700,1,D,YP,RX,D
13:35:10,INDF,RG,6725,105,D,PD,PD,D
13:35:03,INDF,RG,6700,20,D,YP,ZP,F
13:35:00,INDF,RG,6725,1,D,PD,PD,D
13:34:53,INDF,RG,6725,1,D,PD,PD,D
13:34:43,INDF,RG,6700,1,D,YP,RX,D
13:34:04,INDF,RG,6700,21,D,YP,ZP,F
13:34:00,INDF,RG,6700,48,D,YP,YU,F
13:33:54,INDF,RG,6700,10,D,YP,DR,D
13:33:39,INDF,RG,6700,4,D,YP,PD,D
13:33:38,INDF,RG,6700,2,D,YP,XL,D
13:32:21,INDF,RG,6700,1,D,YP,RX,D
13:32:15,INDF,RG,6700,20,D,YP,ZP,F
13:32:04,INDF,RG,6700,20,D,YP,ZP,F
13:30:59,INDF,RG,6700,91,D,YP,YP,D
13:30:59,INDF,RG,6700,1,D,YP,YP,D
13:30:59,INDF,RG,6700,1,D,PD,YP,D
13:30:59,INDF,RG,6700,2,D,KK,YP,D
13:30:59,INDF,RG,6700,5,D,OD,YP,D
13:30:59,INDF,RG,6700,2,D,YP,YP,D
13:30:59,INDF,RG,6700,1,D,PD,YP,D
13:30:46,INDF,RG,6725,91,F,AK,PD,D
13:30:46,INDF,RG,6725,19,F,AK,ZP,F
13:30:46,INDF,RG,6725,50,F,AK,CP,D
13:30:46,INDF,RG,6725,34,F,AK,YU,F
13:30:46,INDF,RG,6725,45,F,AK,ZP,F
13:30:30,INDF,RG,6700,1,D,PD,ZP,F
13:30:30,INDF,RG,6700,1,D,XC,ZP,F
13:30:30,INDF,RG,6700,2,D,XL,ZP,F
13:30:30,INDF,RG,6700,30,D,LG,ZP,F
13:30:30,INDF,RG,6700,4,D,AK,ZP,F
13:30:13,INDF,RG,6725,105,D,PD,ZP,F
13:30:04,INDF,RG,6700,1,D,AK,AK,F
13:30:04,INDF,RG,6725,13,F,AK,ZP,F
13:30:03,INDF,RG,6700,1,D,AK,XL,D
13:30:02,INDF,RG,6700,2,D,AK,YP,D
13:30:02,INDF,RG,6700,5,D,DH,YP,D
13:30:02,INDF,RG,6700,2,D,XL,YP,D
13:30:02,INDF,RG,6700,81,D,AK,YP,D
13:30:02,INDF,RG,6700,2,D,AK,YP,D
13:30:01,INDF,RG,6700,1,D,AK,CC,D
13:30:01,INDF,RG,6725,1,D,PD,ZP,F
13:30:01,INDF,RG,6725,1,D,PD,ZP,F
13:30:01,INDF,RG,6700,1,D,AK,KK,D
13:30:01,INDF,RG,6700,1,D,AK,PD,D
13:30:01,INDF,RG,6700,94,D,AK,GR,D
13:30:01,INDF,RG,6700,5,D,AK,GR,D
13:30:01,INDF,RG,6700,1,D,AK,GR,D
13:30:01,INDF,RG,6700,7,D,AK,GR,D
13:30:01,INDF,RG,6700,2,D,AK,GR,D
13:30:01,INDF,RG,6700,1,D,YP,GR,D
13:30:01,INDF,RG,6700,2,D,AK,GR,D
13:30:01,INDF,RG,6700,1,D,PD,GR,D
13:30:01,INDF,RG,6700,31,D,AK,GR,D
13:30:01,INDF,RG,6700,68,D,AK,GR,D
13:30:01,INDF,RG,6700,32,D,AK,GR,D
13:30:01,INDF,RG,6700,9,D,AK,GR,D
13:30:01,INDF,RG,6700,6,D,AK,GR,D
13:30:01,INDF,RG,6700,6,D,AK,GR,D
13:30:01,INDF,RG,6700,10,D,AK,GR,D
13:30:01,INDF,RG,6700,10,D,AK,GR,D
13:30:01,INDF,RG,6700,5,D,AK,GR,D
13:30:01,INDF,RG,6700,5,D,AK,GR,D
13:30:01,INDF,RG,6700,1,D,AK,GR,D
13:30:01,INDF,RG,6700,3,D,AK,GR,D
13:30:01,INDF,RG,6700,1,D,AK,GR,D
13:30:01,INDF,RG,6700,1,D,AK,GR,D
13:30:01,INDF,RG,6700,20,D,LG,GR,D
13:30:01,INDF,RG,6700,3,D,CS,GR,D
13:30:01,INDF,RG,6700,4,F,OD,GR,D
13:30:01,INDF,RG,6700,6,F,OD,KK,D
13:30:01,INDF,RG,6700,3,F,OD,EP,D
13:30:00,INDF,RG,6700,3,F,OD,NI,D
13:30:00,INDF,RG,6700,10,F,OD,DR,D
13:30:00,INDF,RG,6700,17,F,OD,AO,D
13:30:00,INDF,RG,6700,1,D,XL,AO,D
13:30:00,INDF,RG,6700,8,D,CS,AO,D
13:30:00,INDF,RG,6700,13,D,CS,AO,D
13:30:00,INDF,RG,6700,1,D,XL,AO,D
13:30:00,INDF,RG,6700,8,D,CS,AO,D
13:30:00,INDF,RG,6700,12,D,SQ,AO,D
13:30:00,INDF,RG,6700,1,D,SQ,GR,D
13:30:00,INDF,RG,6700,15,D,SQ,IF,D
11:29:33,INDF,RG,6700,1,D,SQ,RX,D
11:29:30,INDF,RG,6725,1,F,AK,ZP,F
11:29:01,INDF,RG,6725,34,D,PD,ZP,F
11:29:01,INDF,RG,6725,1,D,PD,BB,D
11:29:01,INDF,RG,6725,58,D,PD,RX,F
11:29:01,INDF,RG,6725,9,D,PD,ZP,F
11:29:01,INDF,RG,6700,21,D,SQ,YU,F
11:29:01,INDF,RG,6700,4,D,XL,YU,F
11:29:01,INDF,RG,6700,31,D,YP,YU,F
11:28:30,INDF,RG,6725,3,F,AK,ZP,F
11:28:15,INDF,RG,6725,1,F,AK,ZP,F
11:27:45,INDF,RG,6725,1,F,AK,ZP,F
11:27:30,INDF,RG,6725,1,F,AK,ZP,F
11:27:22,INDF,RG,6700,1,D,YP,RX,D
11:26:00,INDF,RG,6700,41,D,YP,YU,F
11:25:19,INDF,RG,6725,6,D,BQ,ZP,F
11:25:19,INDF,RG,6725,5,D,BQ,BB,D
11:24:55,INDF,RG,6700,1,D,YP,RX,D
11:24:40,INDF,RG,6700,5,D,YP,BB,D
11:24:34,INDF,RG,6725,3,D,KK,BB,D
11:24:05,INDF,RG,6725,18,D,PD,BB,D
11:24:05,INDF,RG,6725,19,D,PD,ZP,F
11:24:05,INDF,RG,6725,61,D,PD,ZP,F
11:23:55,INDF,RG,6725,1,D,XC,ZP,F
11:23:55,INDF,RG,6725,3,D,NI,ZP,F
11:23:55,INDF,RG,6725,6,D,CS,ZP,F
11:23:55,INDF,RG,6725,1,D,CS,ZP,F
11:23:55,INDF,RG,6725,10,D,CS,ZP,F
11:23:55,INDF,RG,6725,18,F,OD,ZP,F
11:23:06,INDF,RG,6725,16,F,OD,YP,D
11:22:10,INDF,RG,6725,9,F,OD,CC,F
11:22:00,INDF,RG,6725,11,D,CS,ZP,F
11:22:00,INDF,RG,6725,8,D,YU,ZP,F
11:20:38,INDF,RG,6750,98,D,PD,NI,D
11:20:00,INDF,RG,6725,2,D,YU,ZP,F
11:20:00,INDF,RG,6725,8,D,CS,ZP,F
11:20:00,INDF,RG,6725,9,F,AK,ZP,F
11:18:15,INDF,RG,6725,5,F,AK,NI,D
11:18:15,INDF,RG,6750,4,F,AK,NI,D
11:16:15,INDF,RG,6750,4,F,AK,NI,D
11:14:31,INDF,RG,6750,40,F,ZP,NI,D
11:14:23,INDF,RG,6725,6,D,CS,CC,D
11:14:23,INDF,RG,6725,7,D,CS,CC,D
11:14:23,INDF,RG,6725,7,F,ZP,CC,D
11:14:06,INDF,RG,6725,19,F,AK,ZP,F
11:14:06,INDF,RG,6725,24,F,AK,YU,F
11:14:05,INDF,RG,6725,4,D,CS,YU,F
11:14:05,INDF,RG,6725,4,D,PD,YU,F
11:14:05,INDF,RG,6725,1,D,PD,YP,D
11:14:05,INDF,RG,6725,18,D,PD,BB,D
11:14:05,INDF,RG,6725,19,D,PD,ZP,F
11:14:05,INDF,RG,6725,27,D,PD,YU,F
11:14:05,INDF,RG,6725,2,D,PD,RX,D
11:14:05,INDF,RG,6725,27,D,PD,RX,F
11:13:00,INDF,RG,6700,21,D,YP,YU,F
11:13:00,INDF,RG,6700,28,D,GR,YU,F
11:13:00,INDF,RG,6725,9,D,CS,RX,F
11:12:36,INDF,RG,6725,15,D,YP,RX,F
11:12:10,INDF,RG,6700,1,D,GR,RX,D
11:11:59,INDF,RG,6700,1,D,GR,NI,D
11:09:20,INDF,RG,6725,52,D,PD,RX,F
11:09:20,INDF,RG,6725,15,D,PD,BB,D
11:09:20,INDF,RG,6725,21,D,PD,ZP,F
11:09:20,INDF,RG,6725,10,D,PD,ZP,F
11:09:18,INDF,RG,6700,1,D,GR,RX,D
11:09:00,INDF,RG,6700,19,D,GR,ZP,F
11:09:00,INDF,RG,6700,1,D,AZ,ZP,F
11:07:35,INDF,RG,6700,4,D,AZ,BB,D
11:07:03,INDF,RG,6700,459,D,AZ,ZP,D
11:07:00,INDF,RG,6725,9,D,CS,ZP,F
11:07:00,INDF,RG,6725,2,D,CS,BB,D
11:07:00,INDF,RG,6725,4,D,CS,ZP,F
11:07:00,INDF,RG,6725,2,D,CS,ZP,F
11:07:00,INDF,RG,6725,6,D,CS,ZP,F
11:07:00,INDF,RG,6725,7,F,AK,ZP,F
11:06:30,INDF,RG,6750,4,F,AK,NI,D
11:04:10,INDF,RG,6725,15,D,CC,YU,F
11:04:10,INDF,RG,6725,4,D,DR,YU,F
11:04:10,INDF,RG,6725,1,D,YP,YU,F
11:04:10,INDF,RG,6725,12,F,CC,YU,F
11:04:10,INDF,RG,6725,11,D,CC,YU,F
11:04:10,INDF,RG,6725,3,D,CS,YU,F
11:04:10,INDF,RG,6725,3,F,OD,YU,F
11:04:05,INDF,RG,6750,196,D,PD,NI,D
11:03:24,INDF,RG,6725,21,F,OD,RX,F
11:03:24,INDF,RG,6725,19,F,OD,ZP,F
11:03:22,INDF,RG,6725,1,D,XL,ZP,F
11:03:22,INDF,RG,6725,1,D,XL,ZP,F
11:02:53,INDF,RG,6725,1,D,CS,ZP,F
11:02:32,INDF,RG,6725,1,D,CS,ZP,F
11:02:15,INDF,RG,6725,1,F,ZP,ZP,F
11:02:15,INDF,RG,6725,1,D,CS,ZP,F
11:02:15,INDF,RG,6725,4,F,AK,ZP,F
11:02:01,INDF,RG,6725,3,F,ZP,ZP,F
11:02:00,INDF,RG,6725,8,D,CS,ZP,F
11:02:00,INDF,RG,6725,1,D,CS,RX,D
11:02:00,INDF,RG,6725,1,D,CS,YU,F
11:02:00,INDF,RG,6725,21,F,ZP,YU,F
11:02:00,INDF,RG,6725,1,F,ZP,AK,F
11:02:00,INDF,RG,6725,2,F,ZP,YP,D
11:02:00,INDF,RG,6725,40,F,ZP,YU,F
11:02:00,INDF,RG,6725,20,F,ZP,ZP,F
11:02:00,INDF,RG,6725,7,F,ZP,BB,D
11:02:00,INDF,RG,6725,55,F,AK,BB,D
11:02:00,INDF,RG,6725,112,F,AK,YU,F
11:02:00,INDF,RG,6725,41,F,AK,RX,F
11:02:00,INDF,RG,6725,77,F,AK,PD,D
11:02:00,INDF,RG,6700,38,D,AZ,YU,F
11:01:48,INDF,RG,6725,173,F,ZP,PD,D
11:01:48,INDF,RG,6725,63,F,ZP,RX,F
10:59:15,INDF,RG,6725,10,F,ZP,RX,F
10:59:15,INDF,RG,6725,1,F,ZP,YP,D
10:59:14,INDF,RG,6725,4,F,OD,YP,D
10:59:14,INDF,RG,6725,39,F,OD,RX,F
10:59:00,INDF,RG,6725,1,F,ZP,RX,F
10:59:00,INDF,RG,6725,1,F,AK,RX,F
10:59:00,INDF,RG,6725,4,F,AK,ZP,F
10:57:03,INDF,RG,6725,6,F,ZP,ZP,F
10:57:02,INDF,RG,6700,22,D,AZ,RX,F
10:56:55,INDF,RG,6725,5,F,ZP,ZP,F
10:56:54,INDF,RG,6700,21,D,AZ,ZP,F
10:56:08,INDF,RG,6725,1,D,PD,ZP,F
10:55:18,INDF,RG,6725,1,F,ZP,ZP,F
10:55:17,INDF,RG,6700,3,D,AZ,CC,D
10:55:00,INDF,RG,6725,2,F,ZP,ZP,F
10:55:00,INDF,RG,6725,1,F,ZP,AK,F
10:55:00,INDF,RG,6725,3,D,CC,RX,D
10:55:00,INDF,RG,6725,9,D,CC,ZP,F
10:54:16,INDF,RG,6725,12,F,ZP,ZP,F
10:54:16,INDF,RG,6725,15,F,ZP,YU,F
10:54:16,INDF,RG,6700,5,D,AZ,BB,D
10:54:15,INDF,RG,6725,3,F,AK,YU,F
10:54:15,INDF,RG,6725,16,D,PD,YU,F
10:54:15,INDF,RG,6725,30,D,PD,YP,D
10:54:15,INDF,RG,6725,39,D,PD,BB,D
10:54:15,INDF,RG,6725,13,D,PD,YU,F
10:54:09,INDF,RG,6725,12,F,ZP,YU,F
10:54:09,INDF,RG,6725,1,F,ZP,PD,D
10:54:08,INDF,RG,6700,52,D,AZ,RX,F
10:54:00,INDF,RG,6725,18,F,ZP,PD,D
10:54:00,INDF,RG,6700,72,D,AZ,YU,F
10:53:55,INDF,RG,6725,5,F,ZP,PD,D
10:53:55,INDF,RG,6700,20,D,AZ,ZP,F
10:53:30,INDF,RG,6725,2,F,ZP,PD,D
10:53:30,INDF,RG,6725,8,F,AK,PD,D
10:52:19,INDF,RG,6700,1,D,AZ,RX,D
10:52:00,INDF,RG,6725,5,F,ZP,PD,D
10:52:00,INDF,RG,6700,19,D,AZ,ZP,F
10:51:31,INDF,RG,6725,60,F,ZP,PD,D
10:50:00,INDF,RG,6700,33,D,AZ,YU,F
10:50:00,INDF,RG,6700,8,D,IF,YU,F
10:49:46,INDF,RG,6725,98,D,PD,PD,D
10:49:34,INDF,RG,6700,1,D,IF,RX,D
10:49:00,INDF,RG,6725,7,F,AK,PD,D
10:49:00,INDF,RG,6700,1,D,IF,ZP,F
10:49:00,INDF,RG,6700,1,D,XC,ZP,F
10:49:00,INDF,RG,6700,18,F,OD,ZP,F
10:48:32,INDF,RG,6725,2,D,RO,PD,D
10:48:00,INDF,RG,6700,19,F,OD,ZP,F
10:47:54,INDF,RG,6725,5,D,XL,PD,D
10:47:30,INDF,RG,6700,6,F,OD,ZP,F
10:47:30,INDF,RG,6700,13,F,ZP,ZP,F
10:47:16,INDF,RG,6700,1,F,ZP,RX,D
10:46:54,INDF,RG,6700,21,F,ZP,ZP,F
10:46:00,INDF,RG,6725,3,F,AK,PD,D
10:45:39,INDF,RG,6700,1,F,ZP,RX,D
10:45:17,INDF,RG,6700,2,F,ZP,SQ,D
10:45:00,INDF,RG,6700,62,F,ZP,YU,F
10:45:00,INDF,RG,6700,4,D,KK,YU,F
10:45:00,INDF,RG,6700,21,D,KK,ZP,F
10:44:49,INDF,RG,6725,2,D,XC,PD,D
10:44:23,INDF,RG,6725,98,D,PD,PD,D
10:44:00,INDF,RG,6700,15,D,CC,ZP,F
10:44:00,INDF,RG,6700,1,D,XL,ZP,F
10:44:00,INDF,RG,6700,1,D,XC,ZP,F
10:44:00,INDF,RG,6700,3,D,AK,ZP,F
10:43:08,INDF,RG,6700,1,D,AK,RX,D
10:42:15,INDF,RG,6725,1,D,CC,PD,D
10:42:00,INDF,RG,6700,4,D,AK,ZP,F
10:42:00,INDF,RG,6700,13,D,AK,ZP,F
10:42:00,INDF,RG,6700,4,D,AK,ZP,F
10:41:37,INDF,RG,6700,1,D,AK,BB,D
10:41:37,INDF,RG,6700,7,D,AK,BB,D
10:41:37,INDF,RG,6700,2,D,AK,BB,D
10:41:01,INDF,RG,6700,2,D,AK,PD,D
10:41:01,INDF,RG,6700,2,D,PD,PD,D
10:40:59,INDF,RG,6700,19,D,PD,ZP,F
10:40:44,INDF,RG,6700,1,D,PD,RX,D
10:40:44,INDF,RG,6725,43,F,OD,PD,D
10:40:26,INDF,RG,6725,1,D,CC,PD,D
10:40:17,INDF,RG,6725,5,D,CC,PD,D
10:40:00,INDF,RG,6700,28,D,PD,YU,F
10:40:00,INDF,RG,6700,8,D,AK,YU,F
10:40:00,INDF,RG,6700,13,D,AK,YU,F
10:40:00,INDF,RG,6700,5,D,AK,YU,F
10:39:52,INDF,RG,6700,2,D,AK,ZP,F
10:39:52,INDF,RG,6700,2,D,AK,ZP,F
10:39:52,INDF,RG,6700,5,D,AK,ZP,F
10:39:52,INDF,RG,6700,2,D,AK,ZP,F
10:39:52,INDF,RG,6700,8,D,SQ,ZP,F
10:39:52,INDF,RG,6700,1,D,AK,ZP,F
10:39:51,INDF,RG,6725,6,D,CC,PD,D
10:39:41,INDF,RG,6725,5,D,CC,PD,D
10:39:36,INDF,RG,6725,1,D,XL,PD,D
10:39:09,INDF,RG,6725,98,D,PD,PD,D
10:38:52,INDF,RG,6700,1,D,AK,PD,D
10:38:00,INDF,RG,6700,9,D,AK,ZP,F
10:38:00,INDF,RG,6700,12,D,AK,ZP,F
10:37:49,INDF,RG,6700,1,D,AK,RX,D
10:37:23,INDF,RG,6700,2,D,AK,YP,D
10:36:00,INDF,RG,6700,7,D,AK,YU,F
10:36:00,INDF,RG,6700,10,D,AK,YU,F
10:36:00,INDF,RG,6700,4,D,AK,YU,F
10:36:00,INDF,RG,6700,16,D,AK,YU,F
10:34:46,INDF,RG,6700,5,D,AK,XC,D
10:34:07,INDF,RG,6725,58,D,PD,PD,D
10:34:07,INDF,RG,6725,1,D,PD,RX,D
10:34:07,INDF,RG,6725,19,D,PD,ZP,F
10:34:07,INDF,RG,6725,20,D,PD,ZP,F
10:33:55,INDF,RG,6700,31,D,AK,ZP,F
10:33:00,INDF,RG,6700,10,D,AK,YU,F
10:33:00,INDF,RG,6700,38,D,AK,YU,F
10:33:00,INDF,RG,6700,4,D,AK,YU,F
10:32:39,INDF,RG,6700,30,D,AK,ZP,F
10:32:30,INDF,RG,6725,3,F,CC,ZP,F
10:32:00,INDF,RG,6725,3,F,CC,ZP,F
10:32:00,INDF,RG,6725,17,F,AK,ZP,F
10:31:00,INDF,RG,6750,5,F,ZP,PD,D
10:31:00,INDF,RG,6725,20,F,AK,ZP,F
10:30:53,INDF,RG,6725,1,F,AK,XC,D
10:30:02,INDF,RG,6750,251,F,ZP,PD,D
10:30:02,INDF,RG,6750,20,F,ZP,YP,D
10:30:02,INDF,RG,6750,27,F,ZP,BB,D
10:30:02,INDF,RG,6750,1,F,ZP,RX,D
10:30:02,INDF,RG,6750,22,F,ZP,YU,F
10:30:02,INDF,RG,6750,5,F,ZP,YP,D
10:30:02,INDF,RG,6750,245,F,ZP,RX,F
10:30:02,INDF,RG,6750,12,F,ZP,AK,F
10:30:00,INDF,RG,6725,3,D,SQ,ZP,F
10:30:00,INDF,RG,6725,3,F,CC,ZP,F
10:30:00,INDF,RG,6725,7,D,CS,ZP,F
10:30:00,INDF,RG,6725,5,D,AK,ZP,F
10:30:00,INDF,RG,6725,2,D,AK,ZP,F
10:29:15,INDF,RG,6725,12,D,AK,YU,F
10:29:15,INDF,RG,6725,36,D,AK,YU,F
10:29:09,INDF,RG,6750,98,D,PD,AK,F
10:29:09,INDF,RG,6725,15,D,AK,RX,F
10:29:06,INDF,RG,6725,1,D,AK,RX,D
10:28:55,INDF,RG,6725,17,D,AK,ZP,F
10:28:55,INDF,RG,6725,2,F,CC,ZP,F
10:27:12,INDF,RG,6725,98,F,ZP,RX,F
10:27:00,INDF,RG,6725,140,F,ZP,AK,F
10:27:00,INDF,RG,6725,109,F,ZP,YU,F
10:27:00,INDF,RG,6725,21,F,ZP,YU,F
10:27:00,INDF,RG,6725,20,F,ZP,ZP,F
10:27:00,INDF,RG,6700,43,F,OD,YU,F
10:26:25,INDF,RG,6725,43,F,OD,AK,F
10:26:25,INDF,RG,6725,15,D,CS,AK,F
10:26:25,INDF,RG,6725,5,F,CC,AK,F
10:26:25,INDF,RG,6725,7,F,AK,AK,F
10:26:25,INDF,RG,6725,15,D,CS,AK,F
10:26:25,INDF,RG,6725,72,F,AK,AK,F
10:26:25,INDF,RG,6725,243,F,ZP,AK,F
10:26:23,INDF,RG,6725,7,F,ZP,PD,D
10:26:23,INDF,RG,6725,10,D,YP,PD,D
10:26:23,INDF,RG,6725,10,D,XL,PD,D
10:26:23,INDF,RG,6725,1,D,XL,PD,D
10:26:23,INDF,RG,6725,20,D,CC,PD,D
10:26:23,INDF,RG,6725,150,F,ZP,PD,D
10:26:23,INDF,RG,6725,10,D,YU,PD,D
10:26:23,INDF,RG,6725,1,F,KK,PD,D
10:26:23,INDF,RG,6725,1,D,XC,PD,D
10:26:23,INDF,RG,6725,10,D,XL,PD,D
10:26:23,INDF,RG,6725,30,F,OD,PD,D
10:26:15,INDF,RG,6725,12,F,OD,RX,F
10:26:06,INDF,RG,6750,2,D,NI,AK,F
10:24:40,INDF,RG,6725,1,F,OD,RX,F
10:24:40,INDF,RG,6725,10,F,ZP,RX,F
10:24:38,INDF,RG,6725,5,F,ZP,RX,F
10:24:30,INDF,RG,6750,57,D,PD,AK,F
10:24:30,INDF,RG,6750,21,D,PD,ZP,F
10:24:30,INDF,RG,6750,20,D,PD,ZP,F
10:23:54,INDF,RG,6725,19,F,ZP,ZP,F
10:22:22,INDF,RG,6725,29,F,ZP,RX,F
10:22:16,INDF,RG,6750,16,D,CS,BK,F
10:22:16,INDF,RG,6750,6,F,AK,BK,F
10:22:16,INDF,RG,6750,9,D,CS,BK,F
10:22:16,INDF,RG,6750,2,F,CC,BK,F
10:22:16,INDF,RG,6750,7,D,CS,BK,F
10:22:16,INDF,RG,6750,115,D,YP,BK,F
10:22:16,INDF,RG,6750,43,F,OD,BK,F
10:22:16,INDF,RG,6750,390,F,CC,BK,F
10:22:16,INDF,RG,6750,3,F,AK,BK,F
10:22:16,INDF,RG,6750,4,F,AK,BK,F
10:22:16,INDF,RG,6750,129,D,IF,BK,F
10:22:15,INDF,RG,6750,240,D,IF,AK,F
10:21:44,INDF,RG,6775,1,D,ZP,PD,D
10:20:43,INDF,RG,6775,13,D,CS,PD,D
10:20:43,INDF,RG,6775,1,D,CS,PD,D
10:20:43,INDF,RG,6775,4,D,CS,PD,D
10:20:43,INDF,RG,6775,9,D,CS,PD,D
10:20:43,INDF,RG,6775,4,D,CS,PD,D
10:20:43,INDF,RG,6775,6,F,CC,PD,D
10:20:43,INDF,RG,6775,3,F,AK,PD,D
10:20:43,INDF,RG,6775,171,F,CC,PD,D
10:20:40,INDF,RG,6775,1,F,CC,PD,D
10:20:28,INDF,RG,6775,28,F,CC,PD,D
10:20:28,INDF,RG,6775,11,D,CC,PD,D
10:20:28,INDF,RG,6775,13,D,CS,PD,D
10:20:28,INDF,RG,6775,5,D,CS,PD,D
10:20:28,INDF,RG,6775,10,D,YP,PD,D
10:20:28,INDF,RG,6775,100,D,CP,PD,D
10:20:28,INDF,RG,6775,4,F,ZP,PD,D
10:20:28,INDF,RG,6775,3,F,AK,PD,D
10:20:28,INDF,RG,6775,215,F,AK,PD,D
10:20:28,INDF,RG,6775,43,F,OD,PD,D
10:20:28,INDF,RG,6775,6,D,CS,PD,D
10:20:28,INDF,RG,6775,51,F,CC,PD,D
10:19:12,INDF,RG,6800,22,F,ZP,YP,D
10:19:11,INDF,RG,6800,98,D,PD,YP,D
10:18:50,INDF,RG,6775,16,F,CC,BB,D
10:18:50,INDF,RG,6775,100,F,CC,NI,D
10:18:50,INDF,RG,6775,1,F,CC,YP,D
10:18:50,INDF,RG,6775,1,F,CC,XC,D
10:18:50,INDF,RG,6775,1,F,CC,YP,D
10:18:50,INDF,RG,6775,5,F,CC,KK,D
10:18:50,INDF,RG,6775,1,F,CC,PD,D
10:18:50,INDF,RG,6775,1,F,CC,XC,D
10:18:50,INDF,RG,6775,2,F,CC,XC,D
10:18:50,INDF,RG,6775,20,F,CC,IF,D
10:18:50,INDF,RG,6775,5,F,CC,EP,D
10:18:50,INDF,RG,6775,11,F,CC,XL,D
10:18:50,INDF,RG,6775,4,F,CC,PD,D
10:18:50,INDF,RG,6775,1,F,CC,PD,D
10:18:50,INDF,RG,6775,2,F,CC,YP,D
10:18:50,INDF,RG,6775,1,F,CC,PD,D
10:18:50,INDF,RG,6775,1,F,CC,PD,D
10:18:50,INDF,RG,6775,1,F,CC,NI,D
10:18:50,INDF,RG,6775,5,F,CC,CP,D
10:18:50,INDF,RG,6775,50,F,CC,GR,D
10:18:50,INDF,RG,6775,8,F,CC,CC,D
10:18:50,INDF,RG,6775,212,F,CC,YP,D
10:18:41,INDF,RG,6750,19,D,IF,ZP,F
10:18:40,INDF,RG,6775,27,D,CS,YP,D
10:18:40,INDF,RG,6775,2,D,CS,KK,D
10:18:40,INDF,RG,6750,22,D,IF,XC,D
10:18:40,INDF,RG,6750,5,D,IF,XC,D
10:18:40,INDF,RG,6750,1,D,IF,RX,F
10:18:40,INDF,RG,6750,1,D,IF,XC,D
10:18:40,INDF,RG,6750,1,D,IF,AK,F
10:18:40,INDF,RG,6750,50,D,IF,ZP,D
10:18:40,INDF,RG,6750,10,D,IF,PD,D
10:18:40,INDF,RG,6750,48,D,IF,YU,F
10:18:40,INDF,RG,6750,2,D,IF,XC,D
10:18:40,INDF,RG,6750,14,D,IF,YP,D
10:18:40,INDF,RG,6750,14,D,IF,YU,F
10:18:40,INDF,RG,6750,38,D,IF,YU,F
10:18:40,INDF,RG,6750,23,D,IF,BB,D
10:18:40,INDF,RG,6750,1,D,IF,NI,D
10:18:40,INDF,RG,6750,22,D,IF,YU,F
10:18:40,INDF,RG,6750,1,D,IF,NI,D
10:18:40,INDF,RG,6750,1,D,IF,NI,D
10:18:40,INDF,RG,6750,24,D,IF,YU,F
10:18:40,INDF,RG,6750,19,D,IF,ZP,F
10:18:40,INDF,RG,6750,19,D,IF,YU,F
10:18:40,INDF,RG,6750,3,D,IF,PD,D
10:18:40,INDF,RG,6750,19,D,IF,ZP,F
10:18:40,INDF,RG,6750,99,D,IF,RX,F
10:18:40,INDF,RG,6750,3,D,IF,XC,D
10:18:40,INDF,RG,6750,1,D,IF,XC,D
10:18:40,INDF,RG,6750,77,D,IF,DR,D
10:18:40,INDF,RG,6750,94,D,IF,NI,D
10:18:30,INDF,RG,6725,19,F,ZP,ZP,F
10:18:00,INDF,RG,6725,18,F,ZP,ZP,F
10:18:00,INDF,RG,6725,3,F,CC,ZP,F
10:16:28,INDF,RG,6750,1,F,ZP,NI,D
10:16:28,INDF,RG,6725,6,F,CC,BB,D
10:16:10,INDF,RG,6750,2,F,ZP,NI,D
10:16:09,INDF,RG,6725,8,F,CC,RX,F
10:16:07,INDF,RG,6750,1,F,ZP,NI,D
10:16:07,INDF,RG,6725,5,F,CC,RX,F
10:16:00,INDF,RG,6750,2,F,ZP,NI,D
10:16:00,INDF,RG,6750,5,F,ZP,YP,D
10:16:00,INDF,RG,6750,7,F,ZP,PD,D
10:16:00,INDF,RG,6725,65,F,CC,YU,F
10:15:03,INDF,RG,6750,9,F,ZP,PD,D
10:15:02,INDF,RG,6750,43,F,OD,PD,D
10:14:42,INDF,RG,6750,2,F,ZP,PD,D
10:14:40,INDF,RG,6725,7,F,CC,RX,F
10:14:39,INDF,RG,6750,1,F,ZP,PD,D
10:14:38,INDF,RG,6725,4,F,CC,RX,F
10:14:36,INDF,RG,6750,77,F,ZP,PD,D
10:14:30,INDF,RG,6725,30,F,CC,ZP,F
10:14:15,INDF,RG,6725,7,F,CC,RX,F
10:14:15,INDF,RG,6725,3,F,AK,RX,F
10:14:15,INDF,RG,6725,1,F,AK,RX,F
10:14:13,INDF,RG,6725,12,F,AK,RX,F
10:14:11,INDF,RG,6750,61,D,PD,PD,D
10:14:11,INDF,RG,6750,37,D,PD,YU,F
10:14:05,INDF,RG,6725,5,F,AK,LG,D
10:14:02,INDF,RG,6750,1,D,PD,YU,F
10:14:00,INDF,RG,6725,68,F,AK,YU,F
10:13:58,INDF,RG,6725,20,F,AK,ZP,F
10:12:00,INDF,RG,6725,6,F,AK,ZP,F
10:12:00,INDF,RG,6725,12,D,CS,ZP,F
10:12:00,INDF,RG,6725,2,D,CP,ZP,F
10:12:00,INDF,RG,6750,12,F,AK,YU,F
10:11:22,INDF,RG,6750,1,D,XC,YU,F
10:10:17,INDF,RG,6750,1,D,PD,YU,F
10:10:09,INDF,RG,6725,1,D,CP,KK,D
10:10:03,INDF,RG,6725,10,D,CP,RX,F
10:09:43,INDF,RG,6725,2,D,CP,XL,D
10:09:40,INDF,RG,6750,98,D,PD,YU,F
10:09:25,INDF,RG,6725,12,D,CP,RX,F
10:09:00,INDF,RG,6725,61,D,CP,YU,F
10:08:55,INDF,RG,6750,43,F,OD,YU,F
10:08:54,INDF,RG,6750,2,D,NI,YU,F
10:08:30,INDF,RG,6750,4,F,AK,YU,F
10:08:07,INDF,RG,6725,1,D,CP,AK,F
10:08:00,INDF,RG,6725,20,D,CP,ZP,F
10:05:55,INDF,RG,6725,13,D,CP,RX,F
10:05:45,INDF,RG,6750,4,F,AK,YU,F
10:05:25,INDF,RG,6750,22,F,OD,YU,F
10:05:25,INDF,RG,6750,9,F,OD,YP,D
10:05:25,INDF,RG,6750,12,F,OD,YP,D
10:05:15,INDF,RG,6725,10,D,CP,DR,D
10:05:00,INDF,RG,6725,19,D,CP,ZP,F
10:05:00,INDF,RG,6725,47,D,CP,YU,F
10:04:19,INDF,RG,6725,9,D,CP,RX,F
10:04:17,INDF,RG,6725,6,D,CP,RX,F
10:04:05,INDF,RG,6750,8,D,PD,YP,D
10:04:05,INDF,RG,6750,25,D,PD,NI,D
10:04:05,INDF,RG,6750,10,D,PD,NI,D
10:04:05,INDF,RG,6750,5,D,PD,XC,D
10:04:05,INDF,RG,6750,5,D,PD,YP,D
10:04:05,INDF,RG,6750,18,D,PD,NI,D
10:04:05,INDF,RG,6750,1,D,PD,YP,D
10:04:05,INDF,RG,6750,26,D,PD,LG,D
10:03:55,INDF,RG,6725,20,D,CP,ZP,F
10:03:55,INDF,RG,6725,2,D,CP,PD,D
10:02:00,INDF,RG,6725,20,D,CP,ZP,F
10:01:03,INDF,RG,6725,6,D,CP,RX,F
10:01:01,INDF,RG,6725,3,D,CP,RX,F
10:01:00,INDF,RG,6725,53,D,CP,YU,F
10:00:30,INDF,RG,6725,19,D,CP,ZP,F
09:59:58,INDF,RG,6750,5,F,ZP,LG,D
09:59:58,INDF,RG,6725,20,D,CP,ZP,F
09:59:22,INDF,RG,6750,19,F,ZP,LG,D
09:59:22,INDF,RG,6750,1,F,ZP,NI,D
09:59:22,INDF,RG,6750,1,F,ZP,NI,D
09:59:21,INDF,RG,6750,7,D,PD,NI,D
09:59:21,INDF,RG,6750,91,D,PD,DR,D
09:58:57,INDF,RG,6750,5,F,ZP,DR,D
09:58:56,INDF,RG,6725,20,D,CP,ZP,F
09:58:48,INDF,RG,6750,2,F,ZP,DR,D
09:58:48,INDF,RG,6750,8,F,AK,DR,D
09:58:46,INDF,RG,6750,1,D,NI,DR,D
09:54:28,INDF,RG,6750,21,F,ZP,DR,D
09:54:28,INDF,RG,6750,98,D,PD,DR,D
09:53:51,INDF,RG,6750,1,D,XC,DR,D
09:53:48,INDF,RG,6750,1,F,ZP,DR,D
09:53:47,INDF,RG,6750,1,D,PD,DR,D
09:53:37,INDF,RG,6750,27,F,ZP,DR,D
09:53:36,INDF,RG,6725,39,D,CP,RX,F
09:53:36,INDF,RG,6725,20,D,CP,ZP,F
09:53:36,INDF,RG,6725,20,D,CP,ZP,F
09:53:36,INDF,RG,6725,21,D,CP,YU,F
09:53:36,INDF,RG,6725,24,D,CP,YU,F
09:53:36,INDF,RG,6725,3,F,ZP,YU,F
09:53:35,INDF,RG,6700,13,F,BK,RX,F
09:53:06,INDF,RG,6725,11,F,ZP,YU,F
09:53:05,INDF,RG,6725,3,D,CS,YU,F
09:53:05,INDF,RG,6725,8,D,CS,YU,F
09:53:05,INDF,RG,6725,9,D,CS,YU,F
09:53:05,INDF,RG,6725,30,F,CC,YU,F
09:53:02,INDF,RG,6750,2,D,CC,DR,D
09:52:30,INDF,RG,6750,5,F,ZP,DR,D
09:52:30,INDF,RG,6725,18,F,CC,ZP,F
09:52:30,INDF,RG,6725,2,D,CS,ZP,F
09:52:00,INDF,RG,6750,4,F,ZP,DR,D
09:52:00,INDF,RG,6725,9,D,CS,ZP,F
09:52:00,INDF,RG,6725,1,D,PD,ZP,F
09:52:00,INDF,RG,6725,10,D,CC,ZP,F
09:50:42,INDF,RG,6725,1,D,CC,PD,D
09:50:27,INDF,RG,6750,3,F,ZP,DR,D
09:50:25,INDF,RG,6725,1,D,CC,RX,F
09:50:25,INDF,RG,6725,6,D,CS,RX,F
09:50:25,INDF,RG,6725,8,F,OD,RX,F
09:50:24,INDF,RG,6750,3,F,ZP,DR,D
09:50:23,INDF,RG,6725,13,F,OD,RX,F
09:50:01,INDF,RG,6750,5,F,ZP,DR,D
09:50:00,INDF,RG,6725,1,F,OD,AK,F
09:50:00,INDF,RG,6725,1,F,OD,AK,F
09:50:00,INDF,RG,6725,18,F,OD,AK,F
09:50:00,INDF,RG,6750,8,F,ZP,DR,D
09:50:00,INDF,RG,6750,10,F,ZP,PD,D
09:50:00,INDF,RG,6750,1,F,ZP,SQ,D
09:50:00,INDF,RG,6725,2,F,OD,ZP,F
09:50:00,INDF,RG,6725,6,D,CS,ZP,F
09:50:00,INDF,RG,6725,1,D,CS,ZP,F
09:50:00,INDF,RG,6725,4,D,CS,ZP,F
09:50:00,INDF,RG,6725,2,D,CS,ZP,F
09:50:00,INDF,RG,6725,1,F,ZP,ZP,F
09:50:00,INDF,RG,6725,3,F,AK,ZP,F
09:50:00,INDF,RG,6725,1,F,AK,YU,F
09:50:00,INDF,RG,6725,70,F,AK,YU,F
09:49:13,INDF,RG,6750,1,F,ZP,SQ,D
09:49:13,INDF,RG,6750,1,F,ZP,PD,D
09:49:12,INDF,RG,6750,1,F,AK,PD,D
09:49:12,INDF,RG,6750,5,F,AK,SQ,D
09:49:12,INDF,RG,6750,21,F,ZP,SQ,D
09:49:11,INDF,RG,6750,98,D,PD,SQ,D
09:49:00,INDF,RG,6750,5,F,ZP,SQ,D
09:49:00,INDF,RG,6725,21,F,AK,ZP,F
09:48:00,INDF,RG,6750,4,F,ZP,SQ,D
09:48:00,INDF,RG,6725,20,F,AK,ZP,F
09:46:42,INDF,RG,6750,43,F,ZP,SQ,D
09:46:27,INDF,RG,6725,1,F,AK,YP,D
09:46:16,INDF,RG,6725,1,F,AK,XC,D
09:46:00,INDF,RG,6725,53,F,AK,YU,F
09:45:03,INDF,RG,6750,4,F,AK,SQ,D
09:44:09,INDF,RG,6750,72,D,PD,SQ,D
09:44:09,INDF,RG,6750,26,D,PD,DR,D
09:42:28,INDF,RG,6725,10,F,AK,RX,F
09:42:28,INDF,RG,6725,20,F,AK,ZP,F
09:42:28,INDF,RG,6725,5,F,AK,PD,D
09:42:26,INDF,RG,6725,2,D,LG,PD,D
09:42:24,INDF,RG,6725,3,D,CS,PD,D
09:42:24,INDF,RG,6725,3,F,AK,PD,D
09:39:36,INDF,RG,6750,20,F,ZP,DR,D
09:39:35,INDF,RG,6725,2,F,ZP,RX,F
09:39:34,INDF,RG,6725,4,F,AK,RX,F
09:39:34,INDF,RG,6725,23,D,PD,RX,F
09:39:34,INDF,RG,6725,20,D,PD,ZP,F
09:39:34,INDF,RG,6725,20,D,PD,ZP,F
09:39:34,INDF,RG,6725,21,D,PD,YU,F
09:39:34,INDF,RG,6725,14,D,PD,YU,F
09:39:22,INDF,RG,6725,2,F,ZP,YU,F
09:39:20,INDF,RG,6700,20,F,BK,XC,D
09:39:20,INDF,RG,6700,1,F,BK,XC,D
09:38:30,INDF,RG,6700,19,F,BK,ZP,F
09:38:27,INDF,RG,6700,3,F,BK,RX,F
09:38:25,INDF,RG,6700,8,F,BK,RX,F
09:38:15,INDF,RG,6725,1,D,CS,YU,F
09:38:15,INDF,RG,6725,4,D,CS,RX,F
09:38:15,INDF,RG,6725,1,D,CS,RX,F
09:38:15,INDF,RG,6725,1,D,XC,RX,F
09:38:15,INDF,RG,6725,3,F,CC,RX,F
09:38:14,INDF,RG,6750,2,D,NI,DR,D
09:38:14,INDF,RG,6725,1,F,CC,CC,D
09:38:14,INDF,RG,6725,3,F,AK,CC,D
09:38:14,INDF,RG,6725,1,D,CS,CC,D
09:38:00,INDF,RG,6725,3,D,CS,ZP,F
09:38:00,INDF,RG,6725,10,D,YP,ZP,F
09:38:00,INDF,RG,6725,1,D,LG,ZP,F
09:38:00,INDF,RG,6725,7,D,YP,ZP,F
09:38:00,INDF,RG,6725,4,D,CS,YU,F
09:38:00,INDF,RG,6725,5,D,YP,YU,F
09:38:00,INDF,RG,6725,2,D,YB,YU,F
09:38:00,INDF,RG,6725,9,D,PD,YU,F
09:38:00,INDF,RG,6725,32,F,OD,YU,F
09:37:33,INDF,RG,6750,5,F,AK,DR,D
09:37:02,INDF,RG,6725,11,F,OD,RX,F
09:37:02,INDF,RG,6725,1,D,CC,RX,F
09:37:02,INDF,RG,6725,2,D,SH,RX,F
09:35:13,INDF,RG,6725,8,D,SH,RX,F
09:35:13,INDF,RG,6725,1,D,YP,RX,F
09:35:13,INDF,RG,6725,1,F,CC,RX,F
09:35:11,INDF,RG,6725,3,F,CC,RX,F
09:34:55,INDF,RG,6725,16,F,CC,ZP,F
09:34:55,INDF,RG,6725,4,D,CS,ZP,F
09:33:59,INDF,RG,6750,1,D,CC,DR,D
09:33:01,INDF,RG,6750,17,F,ZP,DR,D
09:33:00,INDF,RG,6725,7,D,CS,YU,F
09:33:00,INDF,RG,6725,2,D,XC,YU,F
09:33:00,INDF,RG,6725,10,D,DR,YU,F
09:33:00,INDF,RG,6725,2,D,CS,YU,F
09:33:00,INDF,RG,6725,8,D,CS,YU,F
09:33:00,INDF,RG,6725,19,F,OD,YU,F
09:33:00,INDF,RG,6725,20,F,OD,ZP,F
09:32:41,INDF,RG,6725,1,F,OD,GR,D
09:32:19,INDF,RG,6750,2,F,ZP,DR,D
09:32:18,INDF,RG,6750,5,D,YP,DR,D
09:31:31,INDF,RG,6750,1,D,PD,DR,D
09:29:59,INDF,RG,6750,1,F,ZP,DR,D
09:29:58,INDF,RG,6725,3,F,OD,ZP,D
09:29:58,INDF,RG,6725,2,D,CS,ZP,D
09:29:49,INDF,RG,6750,5,F,ZP,DR,D
09:29:48,INDF,RG,6725,8,D,CS,ZP,F
09:29:48,INDF,RG,6725,1,D,XC,ZP,F
09:29:48,INDF,RG,6725,1,D,LS,ZP,F
09:29:48,INDF,RG,6725,1,D,CS,ZP,F
09:29:48,INDF,RG,6725,8,D,CS,ZP,F
09:29:04,INDF,RG,6725,2,D,CS,PD,D
09:28:01,INDF,RG,6750,19,F,ZP,DR,D
09:28:00,INDF,RG,6725,3,D,CS,YU,F
09:28:00,INDF,RG,6725,1,D,NI,YU,F
09:28:00,INDF,RG,6725,6,D,CC,YU,F
09:28:00,INDF,RG,6725,4,F,AK,YU,F
09:28:00,INDF,RG,6725,4,F,AK,YU,F
09:28:00,INDF,RG,6725,6,D,CS,YU,F
09:28:00,INDF,RG,6725,51,F,AK,YU,F
09:27:57,INDF,RG,6750,1,D,YP,DR,D
09:27:01,INDF,RG,6750,5,F,ZP,DR,D
09:27:01,INDF,RG,6750,1,F,ZP,NI,D
09:27:00,INDF,RG,6725,21,F,AK,ZP,F
09:26:41,INDF,RG,6750,4,F,ZP,NI,D
09:26:41,INDF,RG,6750,1,F,ZP,PD,D
09:26:41,INDF,RG,6750,7,F,ZP,PD,D
09:26:41,INDF,RG,6750,5,F,ZP,YU,D
09:26:41,INDF,RG,6750,1,F,ZP,YP,D
09:26:41,INDF,RG,6750,2,F,ZP,GR,D
09:26:41,INDF,RG,6750,7,F,ZP,KK,D
09:26:41,INDF,RG,6750,2,F,ZP,XC,D
09:26:41,INDF,RG,6750,1,F,ZP,KK,D
09:26:36,INDF,RG,6725,1,F,AK,PD,D
09:26:00,INDF,RG,6725,21,F,AK,ZP,F
09:26:00,INDF,RG,6725,92,F,AK,YU,F
09:25:49,INDF,RG,6725,9,F,AK,XC,D
09:25:00,INDF,RG,6725,5,D,CS,ZP,F
09:25:00,INDF,RG,6725,16,F,ZP,ZP,F
09:22:07,INDF,RG,6725,10,F,ZP,XC,D
09:21:09,INDF,RG,6725,1,F,ZP,PD,D
09:20:25,INDF,RG,6725,19,F,AK,ZP,F
09:20:25,INDF,RG,6725,50,F,AK,LG,D
09:20:25,INDF,RG,6725,12,F,AK,RX,F
09:20:25,INDF,RG,6725,20,F,AK,ZP,F
09:20:25,INDF,RG,6725,1,F,AK,YP,D
09:19:16,INDF,RG,6725,1,D,XC,YP,D
09:18:38,INDF,RG,6725,7,F,ZP,YP,D
09:18:38,INDF,RG,6725,4,F,ZP,YU,F
09:18:37,INDF,RG,6725,16,F,OD,YU,F
09:18:37,INDF,RG,6725,1,F,OD,PD,D
09:18:37,INDF,RG,6725,12,F,OD,RX,F
09:18:37,INDF,RG,6725,14,F,OD,YU,F
09:18:15,INDF,RG,6725,3,F,ZP,YU,F
09:18:15,INDF,RG,6725,2,F,ZP,NI,D
09:18:15,INDF,RG,6725,8,F,ZP,YP,D
09:18:15,INDF,RG,6725,6,D,PD,YP,D
09:18:15,INDF,RG,6725,1,D,PD,PD,D
09:18:15,INDF,RG,6725,20,D,PD,ZP,F
09:18:15,INDF,RG,6725,23,D,PD,EP,D
09:18:02,INDF,RG,6725,1,D,PD,EP,D
09:18:00,INDF,RG,6725,15,F,ZP,EP,D
09:18:00,INDF,RG,6700,37,F,BK,YU,F
09:18:00,INDF,RG,6700,4,D,CS,YU,F
09:18:00,INDF,RG,6700,6,D,CS,ZP,F
09:18:00,INDF,RG,6700,1,F,KZ,ZP,F
09:18:00,INDF,RG,6700,5,D,XL,ZP,F
09:18:00,INDF,RG,6700,8,F,AK,ZP,F
09:16:59,INDF,RG,6725,1,F,ZP,EP,D
09:16:58,INDF,RG,6725,3,D,CC,EP,D
09:16:50,INDF,RG,6725,1,F,ZP,EP,D
09:16:50,INDF,RG,6725,4,D,CC,EP,D
09:16:44,INDF,RG,6725,1,D,XL,EP,D
09:16:35,INDF,RG,6725,1,F,ZP,EP,D
09:16:34,INDF,RG,6725,1,D,CC,YP,D
09:16:34,INDF,RG,6725,2,D,CC,ZP,F
09:15:49,INDF,RG,6725,2,F,KZ,ZP,F
09:15:26,INDF,RG,6725,1,F,ZP,ZP,F
09:15:25,INDF,RG,6700,1,F,AK,KK,D
09:15:21,INDF,RG,6700,1,F,AK,PD,D
09:15:06,INDF,RG,6725,1,F,ZP,ZP,F
09:15:06,INDF,RG,6725,5,D,SQ,ZP,F
09:15:02,INDF,RG,6725,1,D,PD,ZP,F
09:14:33,INDF,RG,6725,2,F,ZP,ZP,F
09:14:32,INDF,RG,6725,5,D,YP,ZP,F
09:14:05,INDF,RG,6725,2,F,ZP,NI,D
09:14:04,INDF,RG,6725,10,D,XL,NI,D
09:14:00,INDF,RG,6725,5,F,ZP,NI,D
09:14:00,INDF,RG,6700,20,F,AK,ZP,F
09:13:43,INDF,RG,6725,1,D,BQ,NI,D
09:12:41,INDF,RG,6725,1,F,ZP,NI,D
09:12:40,INDF,RG,6700,1,F,AK,YU,D
09:11:56,INDF,RG,6725,2,F,ZP,NI,D
09:11:55,INDF,RG,6725,4,D,CC,NI,D
09:11:55,INDF,RG,6725,4,D,CC,RX,F
09:11:42,INDF,RG,6725,4,F,ZP,RX,F
09:11:42,INDF,RG,6725,19,D,BQ,RX,F
09:11:26,INDF,RG,6725,1,F,ZP,RX,F
09:11:26,INDF,RG,6725,1,D,NI,RX,F
09:11:02,INDF,RG,6725,10,F,ZP,RX,F
09:11:00,INDF,RG,6725,42,F,OD,RX,F
09:11:00,INDF,RG,6725,1,F,OD,YU,F
09:10:59,INDF,RG,6725,5,F,ZP,YU,F
09:10:59,INDF,RG,6700,19,F,AK,ZP,F
09:10:27,INDF,RG,6725,3,F,ZP,YU,F
09:10:27,INDF,RG,6725,10,D,XC,YU,F
09:10:25,INDF,RG,6725,2,F,KZ,YU,F
09:10:20,INDF,RG,6725,1,F,ZP,YP,D
09:10:19,INDF,RG,6725,1,F,KZ,PD,D
09:10:19,INDF,RG,6725,1,F,KZ,YU,F
09:10:19,INDF,RG,6725,1,F,KZ,YU,F
09:10:02,INDF,RG,6725,1,F,KZ,YU,F
09:10:00,INDF,RG,6725,13,F,ZP,YU,F
09:10:00,INDF,RG,6700,49,F,AK,YU,F
09:10:00,INDF,RG,6700,1,F,KZ,YU,F
09:07:38,INDF,RG,6725,6,F,ZP,YU,F
09:07:38,INDF,RG,6725,1,F,ZP,PD,D
09:07:38,INDF,RG,6725,2,F,ZP,YP,D
09:07:38,INDF,RG,6725,38,F,ZP,CC,D
09:06:56,INDF,RG,6725,28,F,ZP,CC,D
09:06:55,INDF,RG,6725,79,F,AK,CC,D
09:06:55,INDF,RG,6725,33,F,AK,YU,F
09:06:35,INDF,RG,6700,19,F,ZP,ZP,F
09:06:35,INDF,RG,6700,19,F,ZP,ZP,F
09:06:35,INDF,RG,6700,3,F,ZP,PD,D
09:06:34,INDF,RG,6700,3,F,KZ,PD,D
09:06:34,INDF,RG,6700,1,F,KZ,PD,D
09:06:34,INDF,RG,6700,3,F,AK,PD,D
09:06:34,INDF,RG,6700,1,F,KZ,PD,D
09:06:21,INDF,RG,6700,3,F,KZ,AK,F
09:06:21,INDF,RG,6700,1,D,PD,AK,F
09:06:21,INDF,RG,6700,1,D,XC,AK,F
09:06:21,INDF,RG,6700,4,D,CS,AK,F
09:06:17,INDF,RG,6700,1,F,KZ,LG,D
09:06:17,INDF,RG,6700,13,D,CS,LG,D
09:06:17,INDF,RG,6700,33,F,AK,LG,D
09:06:17,INDF,RG,6700,1,D,KK,LG,D
09:06:17,INDF,RG,6700,15,D,CS,LG,D
09:06:17,INDF,RG,6700,4,F,AK,LG,D
09:06:17,INDF,RG,6700,22,D,CS,LG,D
09:06:17,INDF,RG,6700,40,F,OD,LG,D
09:06:00,INDF,RG,6700,3,F,OD,ZP,F
09:06:00,INDF,RG,6700,9,F,KZ,ZP,F
09:06:00,INDF,RG,6700,9,D,CS,ZP,F
09:05:19,INDF,RG,6725,1,D,CC,RX,F
09:04:56,INDF,RG,6700,1,D,CS,NI,D
09:04:53,INDF,RG,6700,3,D,CS,AK,F
09:04:01,INDF,RG,6700,1,F,CC,ZP,F
09:04:01,INDF,RG,6700,5,D,CC,ZP,F
09:04:01,INDF,RG,6700,14,F,AK,ZP,F
09:03:46,INDF,RG,6700,1,F,AK,NI,D
09:03:34,INDF,RG,6725,1,D,PD,RX,F
09:03:34,INDF,RG,6725,4,D,PD,ZP,F
09:02:59,INDF,RG,6725,1,F,KZ,ZP,F
09:02:57,INDF,RG,6700,19,F,AK,ZP,F
09:02:45,INDF,RG,6700,1,D,CS,KK,D
09:02:44,INDF,RG,6725,2,D,NI,ZP,F
09:02:26,INDF,RG,6700,3,D,CS,XL,D
09:02:22,INDF,RG,6725,1,F,KZ,ZP,F
09:02:22,INDF,RG,6725,1,F,KZ,ZP,F
09:02:21,INDF,RG,6725,2,F,KZ,ZP,F
09:02:20,INDF,RG,6725,10,F,AK,ZP,F
09:02:20,INDF,RG,6725,11,F,AK,YU,F
09:02:20,INDF,RG,6725,19,F,AK,NI,D
09:02:02,INDF,RG,6725,1,D,XL,NI,D
09:01:21,INDF,RG,6725,5,F,AK,NI,D
09:01:21,INDF,RG,6725,4,F,AK,CC,D
09:01:21,INDF,RG,6725,11,F,AK,YU,F
09:01:21,INDF,RG,6725,1,F,AK,XC,D
09:01:21,INDF,RG,6725,9,F,AK,RX,F
09:01:21,INDF,RG,6725,19,F,AK,YP,D
09:01:00,INDF,RG,6700,18,D,CS,YP,D
09:01:00,INDF,RG,6700,11,F,ZP,YP,D
09:01:00,INDF,RG,6700,2,F,KZ,YP,D
09:01:00,INDF,RG,6700,2,F,KZ,YP,D
09:01:00,INDF,RG,6700,1,F,AK,YP,D
09:01:00,INDF,RG,6700,1,F,KZ,YP,D
09:01:00,INDF,RG,6700,11,F,AK,YP,D
09:01:00,INDF,RG,6700,2,F,KZ,YP,D
09:01:00,INDF,RG,6700,1,F,ZP,YP,D
09:01:00,INDF,RG,6700,1,D,CS,YP,D
09:00:55,INDF,RG,6700,3,D,CS,AK,F
09:00:55,INDF,RG,6700,14,D,CS,NI,D
09:00:55,INDF,RG,6700,2,D,KK,NI,D
09:00:55,INDF,RG,6700,9,F,ZP,NI,D
09:00:49,INDF,RG,6700,33,F,ZP,YP,D
09:00:49,INDF,RG,6725,5,D,XL,YP,D
09:00:04,INDF,RG,6700,1,F,ZP,PD,D
09:00:04,INDF,RG,6725,6,D,PD,YP,D
09:00:04,INDF,RG,6725,2,D,PD,DR,D
08:59:00,INDF,RG,6700,1,F,ZP,PD,D
08:59:00,INDF,RG,6700,56,F,ZP,YB,D
08:59:00,INDF,RG,6700,5,D,PD,YB,D
08:59:00,INDF,RG,6700,1,D,CC,YB,D
08:59:00,INDF,RG,6700,10,D,YP,YB,D
08:59:00,INDF,RG,6700,1,D,CC,YB,D
08:59:00,INDF,RG,6700,5,D,CC,YB,D
08:59:00,INDF,RG,6700,5,D,CC,YB,D
08:59:00,INDF,RG,6700,2,D,XL,YB,D
08:59:00,INDF,RG,6700,5,D,YP,YB,D
08:59:00,INDF,RG,6700,1,D,CC,YB,D
08:59:00,INDF,RG,6700,1,D,PD,YB,D
08:59:00,INDF,RG,6700,10,D,YP,YB,D
08:59:00,INDF,RG,6700,1,D,CC,YB,D
08:59:00,INDF,RG,6700,1,D,DR,YB,D
08:59:00,INDF,RG,6700,2,D,PD,YB,D
08:59:00,INDF,RG,6700,1,D,PD,YB,D
08:59:00,INDF,RG,6700,5,D,YP,YB,D
08:59:00,INDF,RG,6700,8,F,ZP,YB,D
08:59:00,INDF,RG,6700,5,F,ZP,YP,D
08:59:00,INDF,RG,6700,4,F,ZP,YU,F
08:59:00,INDF,RG,6700,29,F,OD,YU,F
08:59:00,INDF,RG,6700,9,F,OD,RX,F
08:59:00,INDF,RG,6700,1,F,OD,RX,F
08:59:00,INDF,RG,6700,4,F,OD,ZP,F
08:59:00,INDF,RG,6700,1,F,KZ,ZP,F
08:59:00,INDF,RG,6700,7,F,KZ,ZP,F
08:59:00,INDF,RG,6700,1,F,KZ,ZP,F
08:59:00,INDF,RG,6700,1,F,KZ,ZP,F
08:59:00,INDF,RG,6700,1,F,KZ,ZP,F
08:59:00,INDF,RG,6700,3,F,KZ,ZP,F
08:59:00,INDF,RG,6700,2,F,KZ,ZP,F
08:59:00,INDF,RG,6700,2,D,CS,ZP,F
08:59:00,INDF,RG,6700,3,D,CS,RX,F
08:59:00,INDF,RG,6700,2,D,CS,RX,F
08:59:00,INDF,RG,6700,3,D,CS,RX,F
08:59:00,INDF,RG,6700,2,F,AK,RX,F
