Time,Stock,Brd,Price,Qty,BT,BC,SC,ST
15:14:42,INDF,RG,7125,6,D,YU,XL,D
15:14:13,INDF,RG,7125,2,D,PD,XL,D
15:12:55,INDF,RG,7125,1,D,HP,XL,D
15:11:25,INDF,RG,7125,3,D,PD,XL,D
15:09:34,INDF,RG,7125,1,D,PD,XL,D
15:09:30,INDF,RG,7125,2,D,OD,XL,D
15:09:11,INDF,RG,7125,1,D,YP,XL,D
15:08:50,INDF,RG,7125,1,D,XL,XL,D
15:08:40,INDF,RG,7125,1,D,YP,XL,D
15:08:22,INDF,RG,7125,3,D,CC,XL,D
15:07:46,INDF,RG,7125,1,D,CD,XL,D
15:07:46,INDF,RG,7125,1,D,DH,XL,D
15:07:15,INDF,RG,7125,2,D,CC,XL,D
15:07:14,INDF,RG,7125,1,D,XC,XL,D
15:07:00,INDF,RG,7125,2,D,NI,XL,D
15:06:39,INDF,RG,7125,5,D,XC,XL,D
15:06:26,INDF,RG,7125,1,D,YU,XL,D
15:06:26,INDF,RG,7125,2,D,CC,XL,D
15:05:57,INDF,RG,7125,20,D,AZ,XL,D
15:04:32,INDF,RG,7125,2,D,DH,XL,D
15:04:19,INDF,RG,7125,10,D,XC,XL,D
15:04:00,INDF,RG,7125,1,D,PD,XL,D
15:03:58,INDF,RG,7125,1,D,DR,XL,D
15:03:45,INDF,RG,7125,1,D,YP,XL,D
15:03:33,INDF,RG,7125,1,D,CC,XL,D
15:03:32,INDF,RG,7125,2,D,YP,XL,D
15:03:28,INDF,RG,7125,50,D,YP,XL,D
15:03:23,INDF,RG,7125,1,D,EP,XL,D
15:03:21,INDF,RG,7125,4,D,YB,XL,D
15:03:18,INDF,RG,7125,3,D,PD,XL,D
15:03:06,INDF,RG,7125,10,D,CC,XL,D
15:03:04,INDF,RG,7125,50,D,FS,XL,D
15:02:11,INDF,RG,7125,10,D,DH,XL,D
15:01:34,INDF,RG,7125,2,D,YP,XL,D
15:01:24,INDF,RG,7125,14,D,PP,XL,D
15:01:14,INDF,RG,7125,10,D,CP,XL,D
15:01:07,INDF,RG,7125,1,D,SQ,XL,D
15:01:00,INDF,RG,7125,4,D,XC,XL,D
15:01:00,INDF,RG,7125,5,D,XC,XL,D
15:01:00,INDF,RG,7125,1,D,DH,XL,D
15:00:00,INDF,RG,7125,35,D,TP,XL,D
15:00:00,INDF,RG,7125,1,D,YP,XL,D
15:00:00,INDF,RG,7125,3,D,XC,XL,D
15:00:00,INDF,RG,7125,2,D,XC,XL,D
15:00:00,INDF,RG,7125,1,D,YB,XL,D
15:00:00,INDF,RG,7125,1,D,YP,XL,D
15:00:00,INDF,RG,7125,5,D,XC,XL,D
15:00:00,INDF,RG,7125,5,D,PD,XL,D
15:00:00,INDF,RG,7125,3,D,NI,XL,D
15:00:00,INDF,RG,7125,1,D,XC,XL,D
15:00:00,INDF,RG,7125,10,D,YP,XL,D
15:00:00,INDF,RG,7125,2,D,DH,XL,D
15:00:00,INDF,RG,7125,1,D,YP,XL,D
15:00:00,INDF,RG,7125,1,D,PD,XL,D
15:00:00,INDF,RG,7125,4,D,XL,XL,D
15:00:00,INDF,RG,7125,4,D,XC,XL,D
15:00:00,INDF,RG,7125,5,D,YP,XL,D
15:00:00,INDF,RG,7125,19,D,BQ,XL,D
15:00:00,INDF,RG,7125,2,D,XL,XL,D
15:00:00,INDF,RG,7125,1,D,XL,XL,D
15:00:00,INDF,RG,7125,3,D,NI,XL,D
15:00:00,INDF,RG,7125,5,D,PD,XL,D
15:00:00,INDF,RG,7125,2,D,AZ,XL,D
15:00:00,INDF,RG,7125,4,D,YP,XL,D
15:00:00,INDF,RG,7125,3,D,XC,XL,D
15:00:00,INDF,RG,7125,5,D,LG,XL,D
15:00:00,INDF,RG,7125,10,D,YP,XL,D
15:00:00,INDF,RG,7125,45,F,ZP,XL,D
15:00:00,INDF,RG,7125,100,F,ZP,AZ,D
15:00:00,INDF,RG,7125,2,F,ZP,TF,D
15:00:00,INDF,RG,7125,70,F,ZP,YP,D
15:00:00,INDF,RG,7125,1,F,ZP,NI,D
15:00:00,INDF,RG,7125,1,F,ZP,YP,D
15:00:00,INDF,RG,7125,50,F,ZP,XA,D
15:00:00,INDF,RG,7125,234,F,ZP,CS,F
15:00:00,INDF,RG,7125,1,D,CC,CS,F
15:00:00,INDF,RG,7125,1,D,XL,CS,F
15:00:00,INDF,RG,7125,108,D,PP,CS,F
15:00:00,INDF,RG,7125,884,D,PP,CS,F
15:00:00,INDF,RG,7125,1,D,YP,CS,F
15:00:00,INDF,RG,7125,7,D,EP,CS,F
15:00:00,INDF,RG,7125,180,F,ZP,CS,F
15:00:00,INDF,RG,7125,1072,F,ZP,CS,F
15:00:00,INDF,RG,7125,15,F,ZP,DR,D
15:00:00,INDF,RG,7125,299,F,ZP,YP,D
15:00:00,INDF,RG,7125,10,F,ZP,OD,D
15:00:00,INDF,RG,7125,1,F,ZP,YP,D
15:00:00,INDF,RG,7125,50,F,ZP,AF,D
15:00:00,INDF,RG,7125,1,F,ZP,YP,D
15:00:00,INDF,RG,7125,11,F,ZP,YP,D
15:00:00,INDF,RG,7125,5,F,ZP,AI,D
15:00:00,INDF,RG,7125,1,F,ZP,CP,D
15:00:00,INDF,RG,7125,10,F,ZP,EP,D
15:00:00,INDF,RG,7125,20,F,ZP,LS,D
15:00:00,INDF,RG,7125,2,F,ZP,YP,D
15:00:00,INDF,RG,7125,1000,F,ZP,EP,D
15:00:00,INDF,RG,7125,1044,F,ZP,YU,D
15:00:00,INDF,RG,7125,521,F,ZP,YU,D
15:00:00,INDF,RG,7125,435,F,ZP,YU,D
15:00:00,INDF,RG,7125,85,F,ZP,EP,D
15:00:00,INDF,RG,7125,43,F,ZP,EP,D
15:00:00,INDF,RG,7125,10,F,ZP,YP,D
15:00:00,INDF,RG,7125,5,F,ZP,KK,D
15:00:00,INDF,RG,7125,458,F,ZP,YU,D
15:00:00,INDF,RG,7125,280,F,ZP,YU,D
15:00:00,INDF,RG,7125,12,F,ZP,YU,D
15:00:00,INDF,RG,7125,41,D,KZ,YU,D
15:00:00,INDF,RG,7125,209,F,BK,YU,D
15:00:00,INDF,RG,7125,1,F,BK,NI,D
15:00:00,INDF,RG,7125,3,F,ZP,DH,D
15:00:00,INDF,RG,7125,11,F,ZP,SQ,D
15:00:00,INDF,RG,7125,5,F,ZP,YU,D
15:00:00,INDF,RG,7125,20,F,ZP,YP,D
15:00:00,INDF,RG,7125,70,F,ZP,DH,D
15:00:00,INDF,RG,7125,5,F,ZP,XC,D
15:00:00,INDF,RG,7125,1,F,ZP,CC,D
15:00:00,INDF,RG,7125,50,F,ZP,YP,F
15:00:00,INDF,RG,7125,10,F,ZP,HD,D
15:00:00,INDF,RG,7125,76,F,ZP,YP,D
15:00:00,INDF,RG,7125,10,F,ZP,YP,D
15:00:00,INDF,RG,7125,10,F,ZP,PD,D
15:00:00,INDF,RG,7125,1,F,ZP,YP,D
15:00:00,INDF,RG,7125,1,F,ZP,CC,D
15:00:00,INDF,RG,7125,10,F,ZP,AI,D
15:00:00,INDF,RG,7125,1310,F,ZP,YU,F
15:00:00,INDF,RG,7125,374,F,YU,YU,F
15:00:00,INDF,RG,7125,2169,F,YU,BK,F
15:00:00,INDF,RG,7125,462,F,YU,YU,F
15:00:00,INDF,RG,7125,118,D,BB,YU,F
15:00:00,INDF,RG,7125,25,F,AK,YU,F
15:00:00,INDF,RG,7125,144,F,AK,YU,F
15:00:00,INDF,RG,7125,1,F,AK,YU,F
15:00:00,INDF,RG,7125,12,F,AK,YU,F
15:00:00,INDF,RG,7125,62,F,AK,YU,F
15:00:00,INDF,RG,7125,70,D,CC,YU,F
15:00:00,INDF,RG,7125,608,D,OD,YU,F
15:00:00,INDF,RG,7125,3281,D,OD,YU,F
15:00:00,INDF,RG,7125,46,D,OD,ZP,F
15:00:00,INDF,RG,7125,133,D,OD,AK,F
15:00:00,INDF,RG,7125,78,D,RX,AK,F
15:00:00,INDF,RG,7125,172,D,RX,YU,F
15:00:00,INDF,RG,7125,211,D,RX,KZ,F
15:00:00,INDF,RG,7125,41,D,RX,BK,F
15:00:00,INDF,RG,7125,13,D,RX,ZP,F
15:00:00,INDF,RG,7125,1,D,CC,ZP,F
15:00:00,INDF,RG,7125,199,D,DR,ZP,F
15:00:00,INDF,RG,7125,31,D,DR,YU,F
15:00:00,INDF,RG,7125,68,D,DR,ZP,F
15:00:00,INDF,RG,7125,209,D,DR,AZ,D
15:00:00,INDF,RG,7125,257,D,NI,AZ,D
15:00:00,INDF,RG,7125,190,D,NI,RX,F
15:00:00,INDF,RG,7125,8,D,LG,YU,F
14:49:59,INDF,RG,7125,1,F,AK,YP,D
14:49:59,INDF,RG,7125,1,F,AK,YP,D
14:49:59,INDF,RG,7125,1,F,AK,YP,D
14:49:58,INDF,RG,7100,13,D,KK,BK,F
14:49:55,INDF,RG,7100,16,D,KK,BK,F
14:49:54,INDF,RG,7125,2,D,XL,YP,D
14:49:54,INDF,RG,7100,1,D,KK,ZP,F
14:49:47,INDF,RG,7100,13,D,KK,BK,F
14:49:46,INDF,RG,7125,5,F,AK,YP,D
14:49:45,INDF,RG,7125,1,F,AK,XC,D
14:49:44,INDF,RG,7100,100,D,KK,BK,F
14:49:44,INDF,RG,7125,4,F,ZP,XC,D
14:49:44,INDF,RG,7125,21,F,ZP,YP,F
14:49:43,INDF,RG,7100,5,D,KK,HD,D
14:49:39,INDF,RG,7125,4,F,ZP,YP,F
14:49:39,INDF,RG,7125,1,F,ZP,XC,D
14:49:39,INDF,RG,7125,10,F,ZP,AO,D
14:49:39,INDF,RG,7125,9,F,ZP,YU,D
14:49:39,INDF,RG,7100,1,F,ZP,ZP,F
14:49:39,INDF,RG,7100,1,F,ZP,BK,F
14:49:38,INDF,RG,7100,5,D,YP,BK,F
14:49:38,INDF,RG,7100,1,F,AK,BK,F
14:49:38,INDF,RG,7100,2,F,AK,BK,F
14:49:38,INDF,RG,7100,1,F,AK,YP,D
14:49:35,INDF,RG,7100,1,F,AK,ZP,F
14:49:35,INDF,RG,7125,1,D,PP,YU,D
14:49:35,INDF,RG,7125,88,D,PP,YP,D
14:49:35,INDF,RG,7125,1,D,PP,CC,D
14:49:35,INDF,RG,7125,5,D,PP,DH,D
14:49:35,INDF,RG,7125,1,D,PP,LS,D
14:49:35,INDF,RG,7125,1,D,PP,KK,D
14:49:35,INDF,RG,7125,20,D,PP,PD,D
14:49:35,INDF,RG,7125,10,D,PP,LG,D
14:49:35,INDF,RG,7125,10,D,PP,GR,D
14:49:35,INDF,RG,7125,1,D,PP,YP,D
14:49:35,INDF,RG,7125,3,D,PP,PD,D
14:49:35,INDF,RG,7125,2,D,PP,AG,D
14:49:35,INDF,RG,7125,550,D,PP,KK,D
14:49:31,INDF,RG,7100,14,D,PP,BK,F
14:49:29,INDF,RG,7125,26,F,ZP,KK,D
14:49:28,INDF,RG,7100,3,D,PP,ZP,F
14:49:27,INDF,RG,7075,6,D,CC,ZP,F
14:49:27,INDF,RG,7100,1,D,CC,XC,D
14:49:27,INDF,RG,7100,1,D,YP,XC,D
14:49:19,INDF,RG,7100,14,D,YP,YP,D
14:49:19,INDF,RG,7100,5,D,YP,YP,D
14:49:19,INDF,RG,7100,1,D,RX,YP,D
14:49:17,INDF,RG,7100,5,D,RX,XC,D
14:49:17,INDF,RG,7125,1,D,EP,KK,D
14:49:14,INDF,RG,7125,25,F,ZP,KK,D
14:49:13,INDF,RG,7100,8,D,RX,BK,F
14:49:13,INDF,RG,7100,5,D,XC,BK,F
14:49:12,INDF,RG,7100,2,D,XC,ZP,F
14:49:12,INDF,RG,7100,1,D,CC,PD,D
14:49:10,INDF,RG,7125,1,F,ZP,KK,D
14:49:10,INDF,RG,7125,65,D,BB,KK,D
14:49:09,INDF,RG,7100,1,D,CC,BK,F
14:49:09,INDF,RG,7100,2,D,CC,BK,F
14:49:09,INDF,RG,7100,1,F,ZP,BK,F
14:49:09,INDF,RG,7100,1,F,AK,BK,F
14:49:09,INDF,RG,7100,9,D,DR,BK,F
14:49:08,INDF,RG,7100,1,D,DR,ZP,F
14:49:08,INDF,RG,7100,4,F,SQ,ZP,F
14:49:05,INDF,RG,7125,44,D,BB,KK,D
14:49:05,INDF,RG,7100,1,F,SQ,ZP,F
14:49:04,INDF,RG,7125,2,D,BB,KK,D
14:49:02,INDF,RG,7100,1,D,AZ,YU,F
14:49:02,INDF,RG,7100,8,F,AK,YU,F
14:49:02,INDF,RG,7100,1,D,EP,YU,F
14:49:02,INDF,RG,7100,1,D,XC,YU,F
14:49:02,INDF,RG,7100,6,D,BB,YU,F
14:48:59,INDF,RG,7125,26,F,ZP,KK,D
14:48:57,INDF,RG,7125,6,D,BB,KK,D
14:48:53,INDF,RG,7125,189,F,ZP,KK,D
14:48:53,INDF,RG,7125,65,F,ZP,KK,D
14:48:53,INDF,RG,7125,5,F,ZP,PD,D
14:48:53,INDF,RG,7125,1,F,ZP,XC,D
14:48:53,INDF,RG,7100,1,D,BB,ZP,F
14:48:50,INDF,RG,7125,1,D,BB,XC,D
14:48:50,INDF,RG,7125,10,D,BB,CC,D
14:48:48,INDF,RG,7125,9,D,XL,CC,D
14:48:41,INDF,RG,7125,7,D,BB,CC,D
14:48:37,INDF,RG,7100,10,F,ZP,NI,D
14:48:37,INDF,RG,7125,4,D,BB,CC,D
14:48:37,INDF,RG,7125,1,D,BB,CC,D
14:48:37,INDF,RG,7100,1,F,ZP,ZP,F
14:48:28,INDF,RG,7125,1,D,BB,YP,D
14:48:28,INDF,RG,7125,1,D,BB,NI,D
14:48:28,INDF,RG,7125,1,D,BB,YP,D
14:48:28,INDF,RG,7125,1,D,BB,YP,D
14:48:28,INDF,RG,7125,2,D,BB,CC,D
14:48:28,INDF,RG,7125,2,D,BB,PD,D
14:48:22,INDF,RG,7100,1,F,ZP,ZP,F
14:48:22,INDF,RG,7125,1,F,ZP,PD,D
14:48:14,INDF,RG,7125,2,D,PP,PD,D
14:48:14,INDF,RG,7125,50,D,PP,TP,D
14:48:14,INDF,RG,7125,5,D,PP,YP,D
14:48:14,INDF,RG,7125,45,D,PP,CP,D
14:48:14,INDF,RG,7125,1,D,PP,YP,D
14:48:14,INDF,RG,7125,250,D,PP,DH,D
14:48:14,INDF,RG,7125,1,D,PP,PD,D
14:48:14,INDF,RG,7125,1,D,PP,PD,D
14:48:14,INDF,RG,7125,1,D,PP,PD,D
14:48:14,INDF,RG,7125,7,D,PP,XC,D
14:48:14,INDF,RG,7125,1,D,PP,OD,D
14:48:14,INDF,RG,7125,1,D,PP,PD,D
14:48:14,INDF,RG,7125,2,D,PP,YP,D
14:48:14,INDF,RG,7125,100,D,PP,YP,D
14:48:14,INDF,RG,7125,220,D,PP,CC,D
14:48:14,INDF,RG,7125,1,D,PP,EL,D
14:48:14,INDF,RG,7125,250,D,PP,IF,D
14:48:14,INDF,RG,7125,1,D,PP,KK,D
14:48:14,INDF,RG,7125,5,D,PP,PD,D
14:48:14,INDF,RG,7125,10,D,PP,PD,D
14:48:14,INDF,RG,7125,1,D,PP,YP,D
14:48:14,INDF,RG,7125,2,D,PP,CC,D
14:48:14,INDF,RG,7125,125,D,PP,AI,D
14:48:14,INDF,RG,7100,1,D,PP,CC,D
14:48:11,INDF,RG,7100,1,D,PP,ZP,F
14:48:02,INDF,RG,7100,28,D,PP,HP,D
14:47:55,INDF,RG,7100,1,D,PP,YU,F
14:47:50,INDF,RG,7100,2,D,PP,ZP,F
14:47:45,INDF,RG,7100,2,D,PP,PD,D
14:47:43,INDF,RG,7100,250,D,PP,SQ,D
14:47:41,INDF,RG,7125,1,F,ZP,AI,D
14:47:32,INDF,RG,7100,5,D,PP,YU,F
14:47:30,INDF,RG,7100,36,D,PP,AK,F
14:47:22,INDF,RG,7100,5,D,PP,YU,F
14:47:21,INDF,RG,7100,20,D,PP,ES,D
14:47:21,INDF,RG,7100,1,D,PP,NI,D
14:47:19,INDF,RG,7100,18,D,PP,BK,F
14:47:19,INDF,RG,7100,5,D,PP,ZP,F
14:47:19,INDF,RG,7100,167,D,PP,BK,F
14:47:19,INDF,RG,7100,1,D,PP,CP,D
14:47:19,INDF,RG,7100,72,D,PP,RX,F
14:47:19,INDF,RG,7100,2,D,PP,KK,D
14:47:19,INDF,RG,7100,2,D,PP,ZP,F
14:47:19,INDF,RG,7100,3,D,PP,YU,F
14:47:19,INDF,RG,7100,8,D,PP,YU,F
14:47:17,INDF,RG,7075,15,D,CC,BK,F
14:47:17,INDF,RG,7075,1,D,CC,BK,F
14:47:17,INDF,RG,7075,1,D,PD,BK,F
14:47:17,INDF,RG,7075,1,D,YP,BK,F
14:47:17,INDF,RG,7075,1,D,XC,BK,F
14:47:17,INDF,RG,7075,1,D,YP,BK,F
14:47:17,INDF,RG,7075,5,D,DR,BK,F
14:47:17,INDF,RG,7075,1,D,YP,BK,F
14:47:17,INDF,RG,7075,1,D,XC,BK,F
14:47:17,INDF,RG,7075,1,D,CC,BK,F
14:47:17,INDF,RG,7075,3,D,KK,BK,F
14:47:17,INDF,RG,7075,10,D,CC,BK,F
14:47:17,INDF,RG,7075,2,D,CC,BK,F
14:47:17,INDF,RG,7075,10,D,PD,BK,F
14:47:17,INDF,RG,7075,3,D,XC,BK,F
14:47:17,INDF,RG,7075,1,D,SQ,BK,F
14:47:17,INDF,RG,7075,3,D,CC,BK,F
14:47:17,INDF,RG,7075,1,D,PD,BK,F
14:47:17,INDF,RG,7075,3,D,PD,BK,F
14:47:17,INDF,RG,7075,2,D,YP,BK,F
14:47:17,INDF,RG,7075,4,D,DR,BK,F
14:47:17,INDF,RG,7075,3,D,DR,YU,F
14:47:12,INDF,RG,7100,2,D,CC,BK,F
14:47:07,INDF,RG,7100,91,D,BB,AK,F
14:47:07,INDF,RG,7100,15,D,IF,AK,F
14:47:07,INDF,RG,7100,1,F,ZP,AK,F
14:47:07,INDF,RG,7100,2,F,AK,AK,F
14:47:07,INDF,RG,7100,1,D,DR,AK,F
14:47:07,INDF,RG,7100,31,F,ZP,AK,F
14:47:07,INDF,RG,7100,161,F,ZP,AK,F
14:47:07,INDF,RG,7100,26,F,ZP,AK,F
14:47:07,INDF,RG,7100,100,D,YP,AK,F
14:47:07,INDF,RG,7100,6,F,ZP,AK,F
14:47:07,INDF,RG,7100,3,D,CC,AK,F
14:47:07,INDF,RG,7100,6,F,ZP,AK,F
14:47:07,INDF,RG,7100,5,D,EP,AK,F
14:47:07,INDF,RG,7100,4,D,EP,BK,F
14:47:07,INDF,RG,7100,1,F,ZP,BK,F
14:47:07,INDF,RG,7100,9,D,CC,BK,F
14:47:07,INDF,RG,7100,3,D,CP,BK,F
14:47:04,INDF,RG,7100,1,D,CP,RX,F
14:47:04,INDF,RG,7100,1,D,CC,RX,F
14:47:04,INDF,RG,7100,11,F,AK,RX,F
14:47:03,INDF,RG,7100,3,F,AK,HD,D
14:47:03,INDF,RG,7100,2,D,XL,HD,D
14:47:03,INDF,RG,7100,5,D,BB,HD,D
14:47:00,INDF,RG,7100,17,D,BB,XC,D
14:46:58,INDF,RG,7100,4,D,BB,YU,F
14:46:58,INDF,RG,7100,1,D,BB,ZP,F
14:46:58,INDF,RG,7100,2,D,CC,ZP,F
14:46:57,INDF,RG,7100,1,D,CC,AT,D
14:46:57,INDF,RG,7100,1,F,ZP,AT,D
14:46:55,INDF,RG,7100,3,F,ZP,PD,D
14:46:54,INDF,RG,7100,1,F,ZP,YP,D
14:46:49,INDF,RG,7100,1,F,ZP,PD,D
14:46:43,INDF,RG,7100,2,F,ZP,SQ,D
14:46:42,INDF,RG,7100,3,F,ZP,CS,F
14:46:40,INDF,RG,7100,4,F,ZP,YU,F
14:46:39,INDF,RG,7100,1,F,ZP,XC,D
14:46:31,INDF,RG,7100,4,F,ZP,CS,F
14:46:30,INDF,RG,7100,3,F,ZP,AT,D
14:46:29,INDF,RG,7100,2,F,ZP,LG,D
14:46:26,INDF,RG,7100,2,F,ZP,AZ,D
14:46:25,INDF,RG,7100,1,F,ZP,KK,D
14:46:24,INDF,RG,7100,3,F,ZP,YU,F
14:46:24,INDF,RG,7100,1,F,ZP,PD,D
14:46:22,INDF,RG,7100,16,F,ZP,BK,F
14:46:21,INDF,RG,7100,1,F,ZP,CS,F
14:46:20,INDF,RG,7100,3,F,ZP,CS,F
14:46:20,INDF,RG,7100,1,F,ZP,PD,D
14:46:20,INDF,RG,7100,12,F,ZP,PD,D
14:46:15,INDF,RG,7100,1,F,ZP,KK,D
14:46:12,INDF,RG,7100,3,F,ZP,CS,F
14:46:10,INDF,RG,7100,1,F,ZP,NI,D
14:46:09,INDF,RG,7100,3,F,ZP,YU,F
14:46:08,INDF,RG,7100,4,F,ZP,ZP,F
14:46:04,INDF,RG,7100,2,F,ZP,CS,F
14:45:59,INDF,RG,7100,2,F,ZP,CS,F
14:45:59,INDF,RG,7100,25,F,ZP,BK,F
14:45:57,INDF,RG,7100,1,F,ZP,KK,D
14:45:56,INDF,RG,7100,1,F,ZP,BK,F
14:45:56,INDF,RG,7100,37,D,BB,BK,F
14:45:56,INDF,RG,7100,1,D,DR,BK,F
14:45:56,INDF,RG,7100,51,F,ZP,BK,F
14:45:53,INDF,RG,7100,3,F,ZP,CS,F
14:45:53,INDF,RG,7125,1,D,DR,AI,D
14:45:53,INDF,RG,7100,11,F,ZP,AK,F
14:45:53,INDF,RG,7100,489,D,BK,AK,F
14:45:53,INDF,RG,7100,11,D,BK,AK,F
14:45:53,INDF,RG,7100,2,D,PD,AK,F
14:45:53,INDF,RG,7100,2,D,CC,AK,F
14:45:53,INDF,RG,7100,9,F,ZP,AK,F
14:45:52,INDF,RG,7100,4,F,ZP,YU,F
14:45:44,INDF,RG,7100,10,F,ZP,TF,D
14:45:41,INDF,RG,7100,3,F,ZP,CS,F
14:45:32,INDF,RG,7100,4,F,ZP,YU,F
14:45:31,INDF,RG,7100,3,F,ZP,CS,F
14:45:28,INDF,RG,7100,21,F,ZP,BK,F
14:45:22,INDF,RG,7100,11,F,ZP,PD,D
14:45:22,INDF,RG,7100,1,D,PD,PD,D
14:45:22,INDF,RG,7100,3,F,AK,PD,D
14:45:22,INDF,RG,7100,5,D,XC,PD,D
14:45:22,INDF,RG,7100,10,D,DH,PD,D
14:45:22,INDF,RG,7100,5,F,ZP,PD,D
14:45:21,INDF,RG,7100,5,F,ZP,CS,F
14:45:19,INDF,RG,7100,18,F,ZP,BK,F
14:45:16,INDF,RG,7100,24,F,ZP,BK,F
14:45:16,INDF,RG,7100,1,D,PD,BK,F
14:45:16,INDF,RG,7100,44,F,ZP,BK,F
14:45:16,INDF,RG,7100,6,D,RX,BK,F
14:45:15,INDF,RG,7125,61,D,BB,AI,D
14:45:15,INDF,RG,7100,51,D,RX,AK,F
14:45:15,INDF,RG,7100,1,D,DR,AK,F
14:45:15,INDF,RG,7100,40,F,ZP,AK,F
14:45:15,INDF,RG,7100,64,F,ZP,AK,F
14:45:15,INDF,RG,7100,22,F,AK,AK,F
14:45:15,INDF,RG,7100,1,F,CS,AK,F
14:45:15,INDF,RG,7100,44,D,BB,AK,F
14:45:15,INDF,RG,7100,253,F,ZP,AK,F
14:45:15,INDF,RG,7100,2,F,ZP,AK,F
14:45:15,INDF,RG,7100,22,F,CS,AK,F
14:45:15,INDF,RG,7100,3,F,CS,YU,F
14:45:14,INDF,RG,7100,3,F,CS,ZP,F
14:45:14,INDF,RG,7100,1,F,CS,ZP,F
14:45:09,INDF,RG,7125,56,F,ZP,AI,D
14:45:01,INDF,RG,7125,195,D,PD,AI,D
14:44:58,INDF,RG,7100,4,D,PP,YU,F
14:44:57,INDF,RG,7100,1,D,PP,NI,D
14:44:54,INDF,RG,7100,19,D,PP,DX,D
14:44:53,INDF,RG,7100,3,D,PP,PD,D
14:44:52,INDF,RG,7125,29,F,ZP,AI,D
14:44:46,INDF,RG,7125,12,D,NI,AI,D
14:44:43,INDF,RG,7100,1,D,PP,PD,D
14:44:41,INDF,RG,7100,4,D,PP,YU,F
14:44:29,INDF,RG,7125,1,D,NI,AI,D
14:44:27,INDF,RG,7125,3,D,CC,AI,D
14:44:23,INDF,RG,7125,1,D,PD,AI,D
14:44:18,INDF,RG,7125,15,D,BB,AI,D
14:44:18,INDF,RG,7125,42,D,BB,TP,D
14:44:16,INDF,RG,7125,3,D,YU,TP,D
14:44:16,INDF,RG,7125,3,D,YU,TP,D
14:44:15,INDF,RG,7125,3,F,ZP,TP,D
14:44:14,INDF,RG,7125,13,D,YU,TP,D
14:44:14,INDF,RG,7125,23,D,YU,TP,D
14:44:14,INDF,RG,7125,3,D,YU,TP,D
14:44:13,INDF,RG,7125,10,D,YU,TP,D
14:44:13,INDF,RG,7125,6,D,YU,AI,D
14:44:13,INDF,RG,7125,3,D,YU,AI,D
14:44:11,INDF,RG,7125,1,D,YU,AI,D
14:44:11,INDF,RG,7125,12,D,YU,YB,D
14:44:11,INDF,RG,7125,8,D,YU,YB,D
14:44:11,INDF,RG,7125,3,D,YU,YB,D
14:44:10,INDF,RG,7125,1,D,YP,YB,D
14:44:08,INDF,RG,7125,3,D,YU,YB,D
14:44:08,INDF,RG,7125,9,D,YU,YB,D
14:44:08,INDF,RG,7125,14,D,YU,YB,D
14:44:08,INDF,RG,7125,1,D,YU,NI,D
14:44:08,INDF,RG,7125,10,D,YU,CP,D
14:44:08,INDF,RG,7125,6,D,YU,CP,D
14:44:08,INDF,RG,7125,3,D,YU,CP,D
14:44:04,INDF,RG,7125,6,D,YU,CP,D
14:44:02,INDF,RG,7125,19,D,YU,CP,D
14:44:00,INDF,RG,7125,1,D,AK,CP,D
14:44:00,INDF,RG,7125,1,D,AK,CP,D
14:44:00,INDF,RG,7125,1,D,AK,CP,D
14:43:59,INDF,RG,7125,3,D,YU,CP,D
14:43:59,INDF,RG,7125,36,D,YU,YP,D
14:43:56,INDF,RG,7125,26,D,YU,YP,D
14:43:56,INDF,RG,7125,19,D,YU,YP,D
14:43:55,INDF,RG,7125,3,D,CC,YP,D
14:43:53,INDF,RG,7125,16,D,YU,YP,D
14:43:53,INDF,RG,7125,1,D,YU,CC,D
14:43:53,INDF,RG,7125,7,D,YU,KK,D
14:43:47,INDF,RG,7125,6,D,YU,KK,D
14:43:47,INDF,RG,7125,18,D,YU,KK,D
14:43:46,INDF,RG,7125,26,D,YU,KK,D
14:43:42,INDF,RG,7125,2,D,XL,KK,D
14:43:40,INDF,RG,7125,38,D,YU,KK,D
14:43:39,INDF,RG,7125,3,D,YU,KK,D
14:43:39,INDF,RG,7125,1,D,YU,KK,D
14:43:39,INDF,RG,7125,15,D,YU,PD,D
14:43:36,INDF,RG,7125,5,D,CC,PD,D
14:43:36,INDF,RG,7125,3,D,YU,PD,D
14:43:36,INDF,RG,7125,15,D,YU,PD,D
14:43:35,INDF,RG,7125,1,D,YU,PD,D
14:43:35,INDF,RG,7125,2,D,YU,PD,D
14:43:34,INDF,RG,7125,9,D,YU,PD,D
14:43:34,INDF,RG,7125,1,D,YU,PD,D
14:43:34,INDF,RG,7125,3,D,YU,LG,D
14:43:34,INDF,RG,7125,5,D,YU,YP,D
14:43:34,INDF,RG,7125,1,D,YU,XL,D
14:43:34,INDF,RG,7125,5,D,YU,YB,D
14:43:34,INDF,RG,7125,1,D,YU,YB,D
14:43:33,INDF,RG,7125,6,D,YU,YB,D
14:43:33,INDF,RG,7125,7,D,YU,YB,D
14:43:30,INDF,RG,7125,1,D,YU,YB,D
14:43:30,INDF,RG,7125,1,D,YU,YP,D
14:43:28,INDF,RG,7125,2,D,AK,GR,D
14:43:28,INDF,RG,7125,3,D,YU,GR,D
14:43:28,INDF,RG,7125,1,D,YU,PD,D
14:43:28,INDF,RG,7125,1,D,YU,XC,D
14:43:28,INDF,RG,7125,10,D,YU,SQ,D
14:43:28,INDF,RG,7125,4,D,YU,PD,D
14:43:28,INDF,RG,7125,1,D,YU,PD,D
14:43:28,INDF,RG,7125,2,D,YU,NI,D
14:43:28,INDF,RG,7125,5,D,YU,YP,D
14:43:28,INDF,RG,7125,1,D,YU,PD,D
14:43:28,INDF,RG,7125,1,D,YU,PD,D
14:43:28,INDF,RG,7125,1,D,YU,NI,D
14:43:28,INDF,RG,7125,11,D,YU,DR,D
14:43:28,INDF,RG,7125,4,D,YU,PD,D
14:43:27,INDF,RG,7100,5,D,PP,SQ,D
14:43:27,INDF,RG,7100,1,D,PP,YU,F
14:43:27,INDF,RG,7100,6,D,PP,YU,F
14:43:27,INDF,RG,7100,1,D,PP,NI,D
14:43:27,INDF,RG,7100,30,D,PP,HD,D
14:43:27,INDF,RG,7100,30,D,PP,EP,D
14:43:27,INDF,RG,7100,5,D,PP,EP,D
14:43:27,INDF,RG,7100,3,D,PP,ZP,F
14:43:27,INDF,RG,7100,1,D,PP,YP,D
14:43:27,INDF,RG,7100,1,D,PP,NI,D
14:43:27,INDF,RG,7100,10,D,PP,CC,D
14:43:27,INDF,RG,7100,2,D,PP,YP,D
14:43:27,INDF,RG,7100,7,D,PP,KK,D
14:43:27,INDF,RG,7100,5,D,PP,YP,D
14:43:27,INDF,RG,7100,10,D,PP,YP,D
14:43:27,INDF,RG,7100,3,D,PP,YU,F
14:43:27,INDF,RG,7100,1,D,PP,NI,D
14:43:27,INDF,RG,7100,23,D,PP,DX,D
14:43:27,INDF,RG,7100,5,D,PP,GR,D
14:43:27,INDF,RG,7100,4,D,PP,XL,D
14:43:27,INDF,RG,7100,3,D,PP,CC,D
14:43:27,INDF,RG,7100,23,D,PP,CS,F
14:43:27,INDF,RG,7100,294,D,PP,YP,D
14:43:26,INDF,RG,7100,2,D,YU,YP,D
14:43:26,INDF,RG,7100,7,D,YU,YP,D
14:43:25,INDF,RG,7075,5,D,DR,PD,D
14:43:25,INDF,RG,7100,51,D,BB,YP,D
14:43:25,INDF,RG,7100,5,D,YP,YP,D
14:43:24,INDF,RG,7100,1,D,LG,YP,D
14:43:23,INDF,RG,7100,3,D,YU,YP,D
14:43:23,INDF,RG,7100,21,D,YU,YP,D
14:43:23,INDF,RG,7100,1,D,YU,YP,D
14:43:23,INDF,RG,7100,5,D,YU,YP,D
14:43:23,INDF,RG,7100,4,D,YU,YP,D
14:43:21,INDF,RG,7100,4,D,YU,YP,D
14:43:21,INDF,RG,7075,8,D,DR,CS,F
14:43:21,INDF,RG,7075,1,D,DR,CS,F
14:43:21,INDF,RG,7075,1,D,YP,CS,F
14:43:21,INDF,RG,7100,10,D,YU,YP,D
14:43:21,INDF,RG,7100,34,D,YU,YP,D
14:43:21,INDF,RG,7100,9,D,YU,YP,D
14:43:19,INDF,RG,7100,7,D,YU,YP,D
14:43:19,INDF,RG,7100,7,D,YU,YP,D
14:43:19,INDF,RG,7100,2,D,YU,YP,D
14:43:14,INDF,RG,7075,5,D,YP,HP,D
14:43:14,INDF,RG,7100,1,D,CC,YP,D
14:43:13,INDF,RG,7100,14,D,YU,YP,D
14:43:12,INDF,RG,7100,2,D,YU,YP,D
14:43:12,INDF,RG,7100,9,D,YU,YP,D
14:43:11,INDF,RG,7100,10,D,YU,YP,D
14:43:10,INDF,RG,7100,2,D,YU,YP,D
14:43:10,INDF,RG,7100,7,D,YU,YP,D
14:43:08,INDF,RG,7100,7,D,YU,YP,D
14:43:04,INDF,RG,7100,4,D,YU,YP,D
14:43:04,INDF,RG,7100,2,D,YU,GR,D
14:43:04,INDF,RG,7100,5,D,YU,SQ,D
14:43:04,INDF,RG,7100,3,D,YU,RX,F
14:43:02,INDF,RG,7100,23,F,AK,RX,F
14:43:02,INDF,RG,7100,1,F,AK,NI,D
14:43:02,INDF,RG,7100,1,F,AK,ZP,F
14:43:02,INDF,RG,7100,9,F,AK,YU,F
14:43:02,INDF,RG,7100,10,D,CC,IF,D
14:43:02,INDF,RG,7100,50,D,CC,YP,F
14:43:02,INDF,RG,7100,10,D,CC,AI,D
14:43:02,INDF,RG,7100,113,D,CC,PD,D
14:43:02,INDF,RG,7100,2,D,CC,PD,D
14:43:02,INDF,RG,7100,10,D,YU,PD,D
14:43:02,INDF,RG,7100,9,D,YU,PD,D
14:43:02,INDF,RG,7100,2,D,YU,PD,D
14:43:01,INDF,RG,7100,7,D,YU,PD,D
14:43:00,INDF,RG,7100,1,D,YU,PD,D
14:42:59,INDF,RG,7100,1,D,CC,PD,D
14:42:59,INDF,RG,7100,7,D,YU,PD,D
14:42:58,INDF,RG,7100,1,D,YU,PD,D
14:42:54,INDF,RG,7100,2,D,YU,PD,D
14:42:54,INDF,RG,7100,14,D,YU,PD,D
14:42:53,INDF,RG,7100,9,D,YU,PD,D
14:42:52,INDF,RG,7100,10,D,YU,PD,D
14:42:52,INDF,RG,7100,7,D,YU,PD,D
14:42:50,INDF,RG,7100,7,D,YU,PD,D
14:42:50,INDF,RG,7075,1,D,YP,YU,F
14:42:50,INDF,RG,7075,2,D,YP,YU,F
14:42:49,INDF,RG,7075,3,D,YP,TP,D
14:42:49,INDF,RG,7075,4,F,ZP,TP,D
14:42:49,INDF,RG,7075,2,D,CC,TP,D
14:42:47,INDF,RG,7100,14,D,YU,PD,D
14:42:45,INDF,RG,7100,10,D,YU,PD,D
14:42:45,INDF,RG,7100,9,D,YU,PD,D
14:42:44,INDF,RG,7100,3,D,YU,PD,D
14:42:44,INDF,RG,7100,7,D,YU,PD,D
14:42:43,INDF,RG,7100,7,D,YU,PD,D
14:42:39,INDF,RG,7100,14,D,YU,PD,D
14:42:38,INDF,RG,7100,10,D,YU,PD,D
14:42:38,INDF,RG,7100,7,D,YU,PD,D
14:42:38,INDF,RG,7100,9,D,YU,PD,D
14:42:37,INDF,RG,7100,8,D,BB,PD,D
14:42:37,INDF,RG,7100,9,D,BB,CC,D
14:42:37,INDF,RG,7100,3,D,BB,YP,D
14:42:37,INDF,RG,7100,3,D,BB,YP,D
14:42:37,INDF,RG,7100,7,D,YU,YP,D
14:42:35,INDF,RG,7100,3,D,YU,PD,D
14:42:34,INDF,RG,7075,2,D,YP,CC,D
14:42:34,INDF,RG,7075,10,D,CP,CC,D
14:42:34,INDF,RG,7075,17,D,YP,CC,D
14:42:33,INDF,RG,7100,2,D,CC,PD,D
14:42:32,INDF,RG,7100,14,D,YU,BK,F
14:42:32,INDF,RG,7100,7,D,YU,BK,F
14:42:31,INDF,RG,7100,2,D,YU,BK,F
14:42:31,INDF,RG,7100,10,D,YU,BK,F
14:42:31,INDF,RG,7100,7,D,YU,BK,F
14:42:31,INDF,RG,7100,9,D,YU,BK,F
14:42:30,INDF,RG,7100,8,F,ZP,BK,F
14:42:26,INDF,RG,7100,4,D,YU,BK,F
14:42:26,INDF,RG,7100,3,D,YU,YU,F
14:42:25,INDF,RG,7100,1,D,YU,YU,F
14:42:25,INDF,RG,7100,13,D,YU,AK,F
14:42:25,INDF,RG,7100,9,D,YU,AK,F
14:42:24,INDF,RG,7100,4,D,YU,AK,F
14:42:24,INDF,RG,7100,10,D,YU,AK,F
14:42:24,INDF,RG,7100,8,D,YU,AK,F
14:42:23,INDF,RG,7075,14,D,YP,BK,F
14:42:22,INDF,RG,7100,1,D,LG,AK,F
14:42:17,INDF,RG,7075,9,D,YP,BK,F
14:42:17,INDF,RG,7075,23,D,AI,BK,F
14:42:16,INDF,RG,7075,3,D,AI,YU,F
14:42:16,INDF,RG,7100,225,D,PD,AK,F
14:42:16,INDF,RG,7100,4,D,PD,CS,F
14:42:16,INDF,RG,7100,23,D,PD,AK,F
14:42:15,INDF,RG,7075,4,D,AI,CS,F
14:42:15,INDF,RG,7075,1,D,PD,CS,F
14:42:15,INDF,RG,7075,5,D,YP,CS,F
14:42:13,INDF,RG,7075,1,D,LG,XC,D
14:42:12,INDF,RG,7075,1,D,YB,EP,D
14:42:10,INDF,RG,7075,2,D,YB,DX,D
14:42:10,INDF,RG,7075,2,D,CC,DX,D
14:42:10,INDF,RG,7075,1,D,XC,DX,D
14:42:10,INDF,RG,7075,7,D,YP,DX,D
14:42:10,INDF,RG,7075,2,D,CC,DX,D
14:42:10,INDF,RG,7075,1,D,XL,DX,D
14:42:10,INDF,RG,7075,2,F,AK,DX,D
14:42:10,INDF,RG,7075,2,F,AK,DX,D
14:42:10,INDF,RG,7075,2,F,AK,DX,D
14:42:05,INDF,RG,7075,1,F,AK,PD,D
14:42:05,INDF,RG,7100,2,D,PD,CS,F
14:42:05,INDF,RG,7100,2,D,PD,YP,D
14:42:02,INDF,RG,7075,3,F,AK,YU,F
14:41:45,INDF,RG,7075,4,F,AK,YU,F
14:41:23,INDF,RG,7075,4,F,AK,YU,F
14:41:22,INDF,RG,7100,4,D,BB,YP,D
14:41:22,INDF,RG,7100,1,D,CC,YP,D
14:41:22,INDF,RG,7100,3,F,ZP,YP,D
14:41:22,INDF,RG,7100,3,D,YU,YP,D
14:41:22,INDF,RG,7100,3,D,YU,YP,D
14:41:22,INDF,RG,7100,3,D,YU,YP,D
14:41:22,INDF,RG,7100,6,D,YU,YP,D
14:41:21,INDF,RG,7125,10,F,ZP,PD,D
14:41:21,INDF,RG,7125,3,F,ZP,PD,D
14:41:21,INDF,RG,7100,3,D,YU,YP,D
14:41:21,INDF,RG,7100,6,D,YU,YP,D
14:41:21,INDF,RG,7100,14,F,ZP,YP,D
14:41:21,INDF,RG,7100,3,D,YU,YP,D
14:41:21,INDF,RG,7100,3,D,YU,YP,D
14:41:21,INDF,RG,7100,12,D,BB,YP,D
14:41:21,INDF,RG,7100,1,D,YU,YP,D
14:41:21,INDF,RG,7100,3,D,YU,YP,D
14:41:21,INDF,RG,7100,1,D,YU,YP,D
14:41:21,INDF,RG,7100,13,F,CS,YP,D
14:41:21,INDF,RG,7100,1,D,YU,YP,D
14:41:19,INDF,RG,7100,2,D,YU,YB,D
14:41:19,INDF,RG,7100,3,D,YU,YB,D
14:41:19,INDF,RG,7100,1,D,YU,CS,F
14:41:19,INDF,RG,7100,3,D,YU,NI,D
14:41:19,INDF,RG,7100,3,D,CC,NI,D
14:41:19,INDF,RG,7100,3,D,YU,NI,D
14:41:19,INDF,RG,7100,1,D,YU,NI,D
14:41:16,INDF,RG,7100,2,D,YU,OD,D
14:41:16,INDF,RG,7100,1,D,YU,OD,D
14:41:14,INDF,RG,7100,2,D,YU,YP,D
14:41:14,INDF,RG,7100,1,D,BB,CS,F
14:41:12,INDF,RG,7100,2,D,BB,PD,D
14:41:11,INDF,RG,7100,1,D,YU,XC,D
14:41:11,INDF,RG,7100,1,D,YU,XC,D
14:41:11,INDF,RG,7100,6,F,CS,XC,D
14:41:11,INDF,RG,7100,2,D,YU,XC,D
14:41:10,INDF,RG,7100,3,D,YU,YP,D
14:41:08,INDF,RG,7100,1,D,YU,CS,F
14:41:08,INDF,RG,7125,3,D,NI,PD,D
14:41:08,INDF,RG,7125,10,D,NI,YP,D
14:41:08,INDF,RG,7125,2,D,NI,YJ,D
14:41:08,INDF,RG,7125,3,D,NI,LS,D
14:41:08,INDF,RG,7125,1,D,NI,SQ,D
14:41:06,INDF,RG,7100,27,D,YU,AK,F
14:41:06,INDF,RG,7100,18,D,YU,AK,F
14:41:06,INDF,RG,7100,18,D,YU,AK,F
14:41:06,INDF,RG,7100,18,D,YU,AK,F
14:41:06,INDF,RG,7100,23,D,YU,AK,F
14:41:06,INDF,RG,7100,5,D,BQ,AK,F
14:41:06,INDF,RG,7100,43,F,ZP,AK,F
14:41:06,INDF,RG,7100,3,F,AK,AK,F
14:41:06,INDF,RG,7100,14,F,AK,AK,F
14:41:06,INDF,RG,7100,1,D,PD,AK,F
14:41:06,INDF,RG,7100,200,D,KK,AK,F
14:41:06,INDF,RG,7100,3,D,YU,AK,F
14:41:06,INDF,RG,7100,1,D,AK,AK,F
14:41:06,INDF,RG,7100,36,F,ZP,AK,F
14:41:06,INDF,RG,7100,2,D,CC,AK,F
14:41:06,INDF,RG,7100,10,D,YP,AK,F
14:41:06,INDF,RG,7100,10,D,YU,AK,F
14:41:06,INDF,RG,7100,1,D,YU,AK,F
14:41:06,INDF,RG,7100,3,D,YU,AK,F
14:41:06,INDF,RG,7100,26,D,BB,AK,F
14:41:06,INDF,RG,7100,1,F,ZP,AK,F
14:41:06,INDF,RG,7100,9,D,EP,AK,F
14:41:06,INDF,RG,7100,9,D,YU,AK,F
14:41:06,INDF,RG,7100,1,D,YU,AK,F
14:41:06,INDF,RG,7100,14,D,YU,AK,F
14:41:06,INDF,RG,7100,4,D,YU,AK,F
14:41:06,INDF,RG,7100,12,D,YU,YP,D
14:41:05,INDF,RG,7100,4,D,YU,YU,F
14:41:04,INDF,RG,7100,1,D,YU,CS,F
14:41:04,INDF,RG,7100,1,D,YU,CS,F
14:40:58,INDF,RG,7100,2,D,YU,CS,F
14:40:48,INDF,RG,7100,1,D,YU,CS,F
14:40:45,INDF,RG,7100,4,D,YU,YU,F
14:40:41,INDF,RG,7100,1,D,YU,YP,D
14:40:41,INDF,RG,7100,2,D,YU,CS,F
14:40:41,INDF,RG,7100,4,D,YU,AK,F
14:40:41,INDF,RG,7100,26,F,ZP,AK,F
14:40:41,INDF,RG,7100,9,F,ZP,AK,F
14:40:41,INDF,RG,7100,7,D,YP,AK,F
14:40:40,INDF,RG,7100,1,D,YU,XL,D
14:40:35,INDF,RG,7100,1,D,YU,CS,F
14:40:33,INDF,RG,7100,13,D,YU,BK,F
14:40:33,INDF,RG,7100,2,D,YU,BK,F
14:40:31,INDF,RG,7100,1,D,YU,CS,F
14:40:31,INDF,RG,7100,13,F,AK,YP,D
14:40:31,INDF,RG,7100,21,F,AK,YP,D
14:40:31,INDF,RG,7100,107,D,KI,YP,D
14:40:31,INDF,RG,7100,1,D,AK,YP,D
14:40:31,INDF,RG,7100,24,F,ZP,YP,D
14:40:31,INDF,RG,7100,60,D,BB,YP,D
14:40:31,INDF,RG,7100,6,D,YU,YP,D
14:40:31,INDF,RG,7100,1,D,CC,YP,D
14:40:31,INDF,RG,7100,5,F,ZP,YP,D
14:40:31,INDF,RG,7100,4,D,AI,YP,D
14:40:31,INDF,RG,7100,8,D,SQ,YP,D
14:40:29,INDF,RG,7100,1,D,SQ,YU,D
14:40:29,INDF,RG,7100,2,D,NI,YU,D
14:40:29,INDF,RG,7100,7,F,ZP,YU,D
14:40:27,INDF,RG,7100,7,F,ZP,BK,F
14:40:27,INDF,RG,7100,7,D,CC,BK,F
14:40:26,INDF,RG,7100,3,D,CC,CC,D
14:40:26,INDF,RG,7100,1,D,YU,CC,D
14:40:26,INDF,RG,7100,2,D,YU,CC,D
14:40:26,INDF,RG,7100,1,D,PD,CC,D
14:40:26,INDF,RG,7100,23,D,YU,CC,D
14:40:25,INDF,RG,7100,4,D,YU,YU,F
14:40:25,INDF,RG,7100,2,D,YU,CS,F
14:40:25,INDF,RG,7100,9,D,YU,YP,D
14:40:25,INDF,RG,7100,8,D,SQ,YP,D
14:40:25,INDF,RG,7100,24,D,YU,YP,D
14:40:25,INDF,RG,7100,6,D,YU,YP,D
14:40:25,INDF,RG,7100,25,D,YU,YP,D
14:40:25,INDF,RG,7100,4,D,YU,YP,D
14:40:16,INDF,RG,7100,2,D,YU,CS,F
14:40:10,INDF,RG,7100,12,D,YU,EP,D
14:40:10,INDF,RG,7100,8,D,YU,EP,D
14:40:08,INDF,RG,7100,12,D,YU,BK,F
14:40:08,INDF,RG,7100,3,F,ZP,BK,F
14:40:06,INDF,RG,7100,2,F,ZP,CS,F
14:40:06,INDF,RG,7100,10,F,ZP,KI,D
14:40:06,INDF,RG,7100,50,D,PD,KI,D
14:40:06,INDF,RG,7100,1,D,YU,KI,D
14:40:06,INDF,RG,7100,9,D,XC,KI,D
14:40:06,INDF,RG,7100,10,D,NI,KI,D
14:40:06,INDF,RG,7100,18,F,ZP,KI,D
14:40:06,INDF,RG,7100,1,D,AK,KI,D
14:40:06,INDF,RG,7100,1,F,ZP,KI,D
14:40:06,INDF,RG,7100,4,F,ZP,YU,F
14:40:05,INDF,RG,7125,2,D,CC,SQ,D
14:40:00,INDF,RG,7100,7,F,ZP,PD,D
14:40:00,INDF,RG,7100,1,D,KK,PD,D
14:40:00,INDF,RG,7100,1,D,PD,PD,D
14:40:00,INDF,RG,7100,1,D,YU,PD,D
14:40:00,INDF,RG,7100,3,D,YU,PD,D
14:40:00,INDF,RG,7100,3,D,YU,PD,D
14:40:00,INDF,RG,7100,3,D,YU,PD,D
14:40:00,INDF,RG,7100,3,D,YU,PD,D
14:40:00,INDF,RG,7100,3,D,YU,PD,D
14:40:00,INDF,RG,7100,12,F,ZP,PD,D
14:40:00,INDF,RG,7100,1,D,YU,PD,D
14:40:00,INDF,RG,7100,16,F,ZP,PD,D
14:40:00,INDF,RG,7100,2,D,DR,PD,D
14:40:00,INDF,RG,7100,3,D,YU,PD,D
14:40:00,INDF,RG,7100,41,D,PD,PD,D
14:39:58,INDF,RG,7100,2,D,PD,CS,F
14:39:54,INDF,RG,7125,2,D,PD,SQ,D
14:39:54,INDF,RG,7125,50,D,PD,CC,D
14:39:54,INDF,RG,7125,5,D,PD,YP,D
14:39:54,INDF,RG,7125,321,D,PD,TP,D
14:39:53,INDF,RG,7100,8,D,PD,GR,D
14:39:52,INDF,RG,7100,40,D,PD,GR,D
14:39:52,INDF,RG,7100,5,D,PD,YU,D
14:39:49,INDF,RG,7100,1,D,PD,NI,D
14:39:48,INDF,RG,7100,4,D,PD,YU,F
14:39:44,INDF,RG,7100,100,D,PD,PD,D
14:39:44,INDF,RG,7100,18,D,PD,DX,D
14:39:42,INDF,RG,7100,3,D,PD,CS,F
14:39:42,INDF,RG,7100,50,D,PD,CC,D
14:39:42,INDF,RG,7100,100,D,PD,CC,D
14:39:41,INDF,RG,7100,1,D,PD,GR,D
14:39:34,INDF,RG,7100,1,D,PD,NI,D
14:39:31,INDF,RG,7100,10,D,PD,YP,D
14:39:28,INDF,RG,7100,3,D,PD,CS,F
14:39:27,INDF,RG,7100,2,D,PD,CC,D
14:39:27,INDF,RG,7100,4,D,PD,YU,F
14:39:26,INDF,RG,7125,10,D,KK,TP,D
14:39:19,INDF,RG,7100,13,D,PD,BK,F
14:39:17,INDF,RG,7100,29,D,PD,BK,F
14:39:16,INDF,RG,7100,100,D,PD,YP,D
14:39:15,INDF,RG,7100,24,D,PD,BK,F
14:39:15,INDF,RG,7100,9,D,PD,XC,D
14:39:14,INDF,RG,7100,32,D,PD,AZ,D
14:39:14,INDF,RG,7100,6,D,YU,AZ,D
14:39:14,INDF,RG,7100,6,D,YU,AZ,D
14:39:14,INDF,RG,7100,6,D,YU,AZ,D
14:39:14,INDF,RG,7100,3,D,YU,AZ,D
14:39:14,INDF,RG,7100,1,D,DR,AZ,D
14:39:14,INDF,RG,7100,3,D,YU,AZ,D
14:39:14,INDF,RG,7100,16,D,YU,AZ,D
14:39:14,INDF,RG,7100,3,D,YU,AZ,D
14:39:14,INDF,RG,7100,1,D,AK,AZ,D
14:39:14,INDF,RG,7100,2,D,YU,AZ,D
14:39:14,INDF,RG,7100,12,D,YU,AZ,D
14:39:14,INDF,RG,7100,9,D,YU,AZ,D
14:39:13,INDF,RG,7125,6,D,LG,TP,D
14:39:12,INDF,RG,7100,1,D,YU,BK,F
14:39:12,INDF,RG,7100,3,D,TP,BK,F
14:39:12,INDF,RG,7100,4,D,YU,BK,F
14:39:12,INDF,RG,7100,2,F,AK,BK,F
14:39:12,INDF,RG,7100,15,F,AK,BK,F
14:39:12,INDF,RG,7100,24,F,ZP,BK,F
14:39:10,INDF,RG,7100,1,F,ZP,CS,F
14:39:10,INDF,RG,7100,7,F,ZP,YP,D
14:39:10,INDF,RG,7100,1,F,ZP,YP,D
14:39:08,INDF,RG,7100,7,F,ZP,BK,F
14:39:08,INDF,RG,7100,8,D,YU,BK,F
14:39:08,INDF,RG,7100,3,D,YU,BK,F
14:39:08,INDF,RG,7100,1,D,CC,BK,F
14:39:08,INDF,RG,7100,49,F,ZP,BK,F
14:39:08,INDF,RG,7100,59,D,BB,BK,F
14:39:08,INDF,RG,7100,1,D,YP,BK,F
14:39:08,INDF,RG,7100,1,D,DR,BK,F
14:39:08,INDF,RG,7100,2,D,YU,BK,F
14:39:08,INDF,RG,7100,9,F,CS,BK,F
14:39:08,INDF,RG,7100,64,D,XC,BK,F
14:39:08,INDF,RG,7100,34,D,YU,BK,F
14:39:08,INDF,RG,7100,4,D,YU,YU,F
14:39:07,INDF,RG,7100,15,D,YU,SQ,D
14:39:06,INDF,RG,7100,10,D,YU,KK,D
14:39:05,INDF,RG,7100,8,D,YU,CC,D
14:39:05,INDF,RG,7100,51,D,YU,CC,D
14:39:05,INDF,RG,7100,14,F,ZP,CC,D
14:39:03,INDF,RG,7100,3,F,ZP,CS,F
14:39:03,INDF,RG,7100,13,F,ZP,AK,F
14:39:03,INDF,RG,7100,1,D,AK,AK,F
14:39:03,INDF,RG,7100,1,D,YU,AK,F
14:39:03,INDF,RG,7100,2,D,DH,AK,F
14:39:03,INDF,RG,7100,4,D,YU,AK,F
14:39:03,INDF,RG,7100,1,D,KK,AK,F
14:39:03,INDF,RG,7100,17,F,ZP,AK,F
14:39:03,INDF,RG,7100,5,D,AT,AK,F
14:39:03,INDF,RG,7100,7,D,XC,AK,F
14:39:03,INDF,RG,7100,30,D,YU,AK,F
14:39:03,INDF,RG,7100,96,D,YU,AK,F
14:39:03,INDF,RG,7100,323,D,RF,AK,F
14:39:02,INDF,RG,7100,151,D,RF,AK,F
14:39:02,INDF,RG,7100,2,F,AK,AK,F
14:39:02,INDF,RG,7100,11,F,AK,AK,F
14:39:02,INDF,RG,7100,3,D,XC,AK,F
14:39:02,INDF,RG,7100,3,D,YU,AK,F
14:39:02,INDF,RG,7100,2,F,CS,AK,F
14:39:02,INDF,RG,7100,11,F,CS,AK,F
14:39:02,INDF,RG,7100,1,F,ZP,AK,F
14:39:02,INDF,RG,7100,7,F,CS,AK,F
14:39:02,INDF,RG,7100,7,F,CS,AK,F
14:39:02,INDF,RG,7100,302,D,BK,AK,F
14:39:02,INDF,RG,7125,10,D,PD,TP,D
14:39:02,INDF,RG,7125,6,D,PD,TP,D
14:39:02,INDF,RG,7100,68,D,BK,BK,F
14:39:02,INDF,RG,7100,78,D,YU,BK,F
14:39:02,INDF,RG,7100,3,D,CC,BK,F
14:39:02,INDF,RG,7100,35,F,ZP,BK,F
14:39:02,INDF,RG,7100,10,D,YP,BK,F
14:39:02,INDF,RG,7100,6,D,BK,BK,F
14:38:59,INDF,RG,7100,500,D,BK,AK,F
14:38:59,INDF,RG,7100,5,D,BK,YP,D
14:38:58,INDF,RG,7100,489,D,BK,AK,F
14:38:58,INDF,RG,7100,8,D,YP,AK,F
14:38:58,INDF,RG,7100,2,D,KK,AK,F
14:38:58,INDF,RG,7100,1,D,AK,AK,F
14:38:58,INDF,RG,7100,2,F,AK,BK,F
14:38:58,INDF,RG,7100,11,F,AK,BK,F
14:38:58,INDF,RG,7100,1,D,YP,BK,F
14:38:58,INDF,RG,7100,2,D,XC,BK,F
14:38:58,INDF,RG,7100,4,D,YU,BK,F
14:38:58,INDF,RG,7100,25,F,ZP,BK,F
14:38:58,INDF,RG,7100,6,D,CC,BK,F
14:38:58,INDF,RG,7100,3,D,YU,BK,F
14:38:58,INDF,RG,7100,2,D,DR,BK,F
14:38:58,INDF,RG,7100,33,D,YP,BK,F
14:38:53,INDF,RG,7125,2,D,YB,TP,D
14:38:53,INDF,RG,7125,2,D,CC,TP,D
14:38:53,INDF,RG,7100,47,D,YP,AK,F
14:38:53,INDF,RG,7100,1,D,YU,AK,F
14:38:53,INDF,RG,7100,1,D,YU,AK,F
14:38:53,INDF,RG,7100,22,F,ZP,AK,F
14:38:53,INDF,RG,7100,6,F,ZP,AK,F
14:38:53,INDF,RG,7100,31,F,ZP,AK,F
14:38:53,INDF,RG,7100,54,D,RX,AK,F
14:38:53,INDF,RG,7100,4,F,CS,AK,F
14:38:53,INDF,RG,7100,11,F,CS,AK,F
14:38:53,INDF,RG,7100,5,F,CS,AK,F
14:38:53,INDF,RG,7100,8,F,CS,AK,F
14:38:53,INDF,RG,7100,84,D,YU,AK,F
14:38:53,INDF,RG,7100,1,D,LG,AK,F
14:38:53,INDF,RG,7100,30,D,YU,AK,F
14:38:53,INDF,RG,7100,195,D,BB,AK,F
14:38:52,INDF,RG,7100,3,D,BB,YU,F
14:38:47,INDF,RG,7100,3,D,BB,CS,F
14:38:47,INDF,RG,7100,4,D,YU,CS,F
14:38:46,INDF,RG,7100,19,D,YU,BK,F
14:38:45,INDF,RG,7125,1,D,XC,TP,D
14:38:43,INDF,RG,7100,4,D,YU,BK,F
14:38:43,INDF,RG,7100,9,D,SQ,BK,F
14:38:43,INDF,RG,7100,11,D,YU,BK,F
14:38:43,INDF,RG,7100,19,D,YU,BK,F
14:38:43,INDF,RG,7125,11,D,RX,TP,D
14:38:42,INDF,RG,7125,21,D,YU,TP,D
14:38:41,INDF,RG,7125,110,D,BB,TP,D
14:38:41,INDF,RG,7125,3,D,BB,NI,D
14:38:41,INDF,RG,7125,86,D,BB,PD,D
14:38:39,INDF,RG,7125,14,D,YU,PD,D
14:38:39,INDF,RG,7125,3,D,YU,YP,D
14:38:35,INDF,RG,7125,7,D,YU,YP,D
14:38:35,INDF,RG,7125,11,D,YU,CP,D
14:38:35,INDF,RG,7125,6,D,YU,CP,D
14:38:35,INDF,RG,7100,4,D,YU,YU,F
14:38:17,INDF,RG,7125,18,D,YU,CP,D
14:38:15,INDF,RG,7125,1,D,CC,CP,D
14:38:13,INDF,RG,7125,5,D,YU,CP,D
14:38:04,INDF,RG,7100,2,D,YU,YP,D
14:37:54,INDF,RG,7100,21,D,YU,BK,F
14:37:54,INDF,RG,7100,3,F,AK,BK,F
14:37:54,INDF,RG,7100,2,F,AK,BK,F
14:37:54,INDF,RG,7125,6,D,LG,CP,D
14:37:54,INDF,RG,7125,3,D,YU,CP,D
14:37:54,INDF,RG,7125,14,D,YU,YU,D
14:37:52,INDF,RG,7125,4,D,YU,YU,D
14:37:52,INDF,RG,7125,16,D,YU,CD,D
14:37:49,INDF,RG,7100,21,F,AK,BK,F
14:37:46,INDF,RG,7100,50,F,AK,BK,F
14:37:46,INDF,RG,7100,11,D,AK,BK,F
14:37:46,INDF,RG,7100,2,D,AK,YP,D
14:37:46,INDF,RG,7100,4,D,AK,YP,D
14:37:46,INDF,RG,7100,3,D,CC,YP,D
14:37:46,INDF,RG,7100,26,D,BK,YP,D
14:37:46,INDF,RG,7125,16,D,TF,CD,D
14:37:46,INDF,RG,7125,16,D,TF,CD,D
14:37:45,INDF,RG,7125,19,F,AK,CD,D
14:37:45,INDF,RG,7125,5,D,TF,CD,D
14:37:45,INDF,RG,7125,11,D,TF,CD,D
14:37:45,INDF,RG,7125,16,D,TF,CD,D
14:37:44,INDF,RG,7125,16,D,TF,CD,D
14:37:43,INDF,RG,7100,50,D,BK,EP,D
14:37:43,INDF,RG,7100,247,D,BK,YJ,D
14:37:43,INDF,RG,7100,9,D,SQ,YJ,D
14:37:43,INDF,RG,7100,2,D,KK,YJ,D
14:37:43,INDF,RG,7100,50,D,YU,YJ,D
14:37:43,INDF,RG,7100,161,D,YU,YJ,D
14:37:43,INDF,RG,7100,1,D,YU,YJ,D
14:37:43,INDF,RG,7100,27,D,YU,YJ,D
14:37:43,INDF,RG,7100,36,D,YU,YJ,D
14:37:43,INDF,RG,7100,8,D,YU,YJ,D
14:37:43,INDF,RG,7100,6,D,YU,YJ,D
14:37:43,INDF,RG,7100,8,D,YU,YJ,D
14:37:43,INDF,RG,7100,120,D,YU,YJ,D
14:37:43,INDF,RG,7100,1,D,YU,YJ,D
14:37:43,INDF,RG,7100,2,D,DR,YJ,D
14:37:43,INDF,RG,7100,71,F,ZP,YJ,D
14:37:43,INDF,RG,7100,6,F,ZP,YJ,D
14:37:43,INDF,RG,7100,245,F,ZP,YJ,D
14:37:40,INDF,RG,7125,19,D,YU,CD,D
14:37:37,INDF,RG,7125,10,D,YU,CD,D
14:37:37,INDF,RG,7125,1,D,YU,PD,D
14:37:37,INDF,RG,7125,10,D,YU,XL,D
14:37:37,INDF,RG,7125,1,D,YU,PD,D
14:37:37,INDF,RG,7125,1,D,YU,YP,D
14:37:37,INDF,RG,7125,10,D,YU,XA,D
14:37:33,INDF,RG,7125,2,D,YU,YP,D
14:37:33,INDF,RG,7125,2,D,YU,YP,D
14:37:33,INDF,RG,7125,2,D,YU,PD,D
14:37:33,INDF,RG,7125,5,D,YU,SQ,D
14:37:33,INDF,RG,7125,1,D,YU,PD,D
14:37:33,INDF,RG,7125,11,D,YU,SQ,D
14:37:32,INDF,RG,7125,17,D,YU,SQ,D
14:37:31,INDF,RG,7125,12,D,YU,SQ,D
14:37:31,INDF,RG,7125,1,D,YU,PD,D
14:37:31,INDF,RG,7125,7,D,YU,YP,D
14:37:30,INDF,RG,7100,7,F,ZP,CP,D
14:37:30,INDF,RG,7100,2,D,CC,CP,D
14:37:30,INDF,RG,7100,2,D,CC,CP,D
14:37:30,INDF,RG,7100,9,D,CC,CP,D
14:37:25,INDF,RG,7100,1,D,CC,XC,D
14:37:23,INDF,RG,7125,23,D,RX,YP,D
14:37:22,INDF,RG,7125,3,D,YU,YP,D
14:37:21,INDF,RG,7125,7,D,BK,YP,D
14:37:21,INDF,RG,7125,22,D,BK,LG,D
14:37:20,INDF,RG,7125,7,D,DR,LG,D
14:37:20,INDF,RG,7125,71,D,CC,LG,D
14:37:20,INDF,RG,7125,10,D,CC,PD,D
14:37:20,INDF,RG,7125,3,D,CC,SQ,D
14:37:20,INDF,RG,7125,1,D,CC,AT,D
14:37:20,INDF,RG,7125,100,D,CC,DH,D
14:37:20,INDF,RG,7125,2,D,CC,YP,D
14:37:20,INDF,RG,7125,2,D,CC,DH,D
14:37:20,INDF,RG,7125,5,D,CC,PD,D
14:37:20,INDF,RG,7125,15,D,CC,IF,D
14:37:20,INDF,RG,7125,100,D,CC,YB,D
14:37:20,INDF,RG,7125,1,D,CC,MU,D
14:37:20,INDF,RG,7100,2,D,CC,KK,D
14:37:20,INDF,RG,7100,1,D,CC,KK,D
14:37:20,INDF,RG,7100,5,D,CC,YU,F
14:37:19,INDF,RG,7100,5,D,YU,YU,F
14:37:18,INDF,RG,7100,2,D,NI,YU,F
14:37:18,INDF,RG,7100,1,D,NI,YP,D
14:37:18,INDF,RG,7100,1,D,NI,LS,D
14:37:18,INDF,RG,7100,6,D,NI,CC,D
14:37:17,INDF,RG,7100,1,F,CS,CC,D
14:37:15,INDF,RG,7100,3,D,YU,CC,D
14:37:15,INDF,RG,7100,10,D,YU,HP,D
14:37:15,INDF,RG,7100,3,D,YU,ZP,F
14:37:15,INDF,RG,7100,3,D,YU,KK,D
14:37:15,INDF,RG,7100,1,D,YU,KK,D
14:37:15,INDF,RG,7100,10,D,YU,DX,D
14:37:15,INDF,RG,7100,1,D,YU,YU,F
14:37:15,INDF,RG,7100,8,D,YU,OD,D
14:37:15,INDF,RG,7100,5,D,YU,YP,D
14:37:15,INDF,RG,7100,8,D,YU,AZ,D
14:37:12,INDF,RG,7100,1,D,YU,AZ,D
14:37:11,INDF,RG,7075,4,D,RF,YU,F
14:37:11,INDF,RG,7100,23,D,YU,AZ,D
14:37:11,INDF,RG,7100,21,D,YU,AZ,D
14:37:10,INDF,RG,7100,2,F,CS,AZ,D
14:37:10,INDF,RG,7100,17,D,YU,AZ,D
14:37:06,INDF,RG,7100,6,D,KK,AZ,D
14:37:05,INDF,RG,7100,2,D,YU,AZ,D
14:37:03,INDF,RG,7100,2,D,PD,AZ,D
14:37:03,INDF,RG,7100,5,D,YU,AZ,D
14:37:03,INDF,RG,7100,8,D,AK,AZ,D
14:37:02,INDF,RG,7100,1,D,YP,AZ,D
14:37:00,INDF,RG,7100,42,F,ZP,AZ,D
14:36:59,INDF,RG,7100,62,F,ZP,AZ,D
14:36:59,INDF,RG,7100,136,F,ZP,YP,D
14:36:59,INDF,RG,7100,2,D,DR,YP,D
14:36:59,INDF,RG,7100,42,F,ZP,YP,D
14:36:59,INDF,RG,7100,1,F,ZP,YP,D
14:36:59,INDF,RG,7100,11,F,CS,YP,D
14:36:59,INDF,RG,7100,2,D,CC,YP,D
14:36:59,INDF,RG,7100,26,D,BK,YP,D
14:36:56,INDF,RG,7100,3,D,CC,YP,D
14:36:54,INDF,RG,7100,1,D,SQ,YP,D
14:36:53,INDF,RG,7100,7,D,YP,YP,D
14:36:53,INDF,RG,7100,7,F,ZP,YP,D
14:36:52,INDF,RG,7100,34,D,YU,YP,D
14:36:52,INDF,RG,7100,18,D,YU,YP,D
14:36:51,INDF,RG,7100,1,F,ZP,YP,D
14:36:49,INDF,RG,7100,17,D,YU,YP,D
14:36:49,INDF,RG,7100,23,D,YU,YP,D
14:36:49,INDF,RG,7100,21,D,YU,YP,D
14:36:49,INDF,RG,7075,5,D,RF,EP,D
14:36:48,INDF,RG,7100,3,D,YU,YP,D
14:36:42,INDF,RG,7100,5,D,YU,YP,D
14:36:42,INDF,RG,7100,44,F,ZP,YP,D
14:36:41,INDF,RG,7100,19,D,BK,YP,D
14:36:40,INDF,RG,7100,1,D,YU,YP,D
14:36:36,INDF,RG,7100,11,D,RX,YP,D
14:36:32,INDF,RG,7100,7,D,YP,YP,D
14:36:32,INDF,RG,7100,1,D,XC,YP,D
14:36:31,INDF,RG,7100,5,D,YP,YP,D
14:36:31,INDF,RG,7100,20,D,YP,YP,D
14:36:29,INDF,RG,7100,1,D,SQ,YP,D
14:36:29,INDF,RG,7100,18,D,YU,YP,D
14:36:29,INDF,RG,7100,33,D,YU,YP,D
14:36:28,INDF,RG,7100,18,D,YU,YP,D
14:36:28,INDF,RG,7100,22,D,YU,YP,D
14:36:28,INDF,RG,7100,23,D,YU,YP,D
14:36:27,INDF,RG,7100,21,D,BK,YP,D
14:36:23,INDF,RG,7100,41,F,ZP,YP,D
14:36:22,INDF,RG,7100,5,D,YU,YP,D
14:36:21,INDF,RG,7100,1,D,CC,YP,D
14:36:12,INDF,RG,7100,13,D,BK,YP,D
14:36:07,INDF,RG,7100,25,D,YU,YP,D
14:36:06,INDF,RG,7100,34,D,YU,YP,D
14:36:06,INDF,RG,7100,19,D,YU,YP,D
14:36:06,INDF,RG,7100,8,D,YU,YP,D
14:36:06,INDF,RG,7100,11,D,YU,CS,F
14:36:06,INDF,RG,7100,3,D,YU,CS,F
14:36:06,INDF,RG,7100,10,F,ZP,CS,F
14:36:06,INDF,RG,7100,17,F,ZP,DX,D
14:36:06,INDF,RG,7100,7,F,ZP,PD,D
14:36:06,INDF,RG,7100,1,F,ZP,CC,D
14:36:06,INDF,RG,7100,4,F,ZP,ZP,F
14:36:06,INDF,RG,7100,3,F,ZP,YU,F
14:36:06,INDF,RG,7100,1,F,ZP,YU,D
14:36:05,INDF,RG,7100,4,D,YU,YU,D
14:36:05,INDF,RG,7100,3,D,YU,SQ,D
14:36:05,INDF,RG,7100,2,D,YU,PS,D
14:36:05,INDF,RG,7100,10,D,YU,YU,F
14:36:05,INDF,RG,7100,3,D,YU,CC,F
14:36:03,INDF,RG,7100,6,D,YU,CC,F
14:35:56,INDF,RG,7100,1,D,YU,CC,F
14:35:56,INDF,RG,7100,2,D,YU,YB,D
14:35:52,INDF,RG,7075,3,D,RF,YU,F
14:35:50,INDF,RG,7100,48,F,ZP,YB,D
14:35:50,INDF,RG,7100,20,F,ZP,ZP,F
14:35:49,INDF,RG,7100,19,D,BK,ZP,F
14:35:49,INDF,RG,7100,6,D,BK,AK,F
14:35:49,INDF,RG,7100,50,D,TP,AK,F
14:35:47,INDF,RG,7100,1,D,BQ,AK,F
14:35:47,INDF,RG,7100,22,F,ZP,AK,F
14:35:47,INDF,RG,7100,20,F,ZP,YP,D
14:35:44,INDF,RG,7100,5,D,CC,YP,D
14:35:43,INDF,RG,7100,20,D,YU,YP,D
14:35:43,INDF,RG,7100,24,D,YU,YP,D
14:35:43,INDF,RG,7100,25,D,YU,YP,D
14:35:43,INDF,RG,7100,36,D,YU,YP,D
14:35:43,INDF,RG,7100,19,D,YU,YP,D
14:35:43,INDF,RG,7100,2,D,CC,YP,D
14:35:38,INDF,RG,7100,69,F,AK,YP,D
14:35:37,INDF,RG,7100,16,F,CS,YP,D
14:35:37,INDF,RG,7100,1,F,ZP,YP,D
14:35:37,INDF,RG,7100,268,D,PD,YP,D
14:35:37,INDF,RG,7100,250,D,PD,YP,D
14:35:37,INDF,RG,7100,482,D,PD,AK,F
14:35:36,INDF,RG,7100,6,D,YU,AK,F
14:35:36,INDF,RG,7100,194,D,BB,AK,F
14:35:36,INDF,RG,7075,4,D,RF,YU,F
14:35:28,INDF,RG,7100,3,D,YU,AK,F
14:35:28,INDF,RG,7100,32,F,ZP,AK,F
14:35:28,INDF,RG,7100,21,D,BK,AK,F
14:35:23,INDF,RG,7100,2,F,ZP,AK,F
14:35:23,INDF,RG,7100,20,D,PD,AK,F
14:35:23,INDF,RG,7100,5,D,PD,YP,D
14:35:23,INDF,RG,7100,3,D,PD,GR,D
14:35:23,INDF,RG,7100,25,D,PD,YP,D
14:35:23,INDF,RG,7100,1,D,PD,PD,D
14:35:23,INDF,RG,7100,100,D,PD,NI,D
14:35:23,INDF,RG,7100,6,D,PD,KK,F
14:35:23,INDF,RG,7100,10,D,PD,YU,D
14:35:23,INDF,RG,7100,5,D,PD,DH,D
14:35:23,INDF,RG,7100,5,D,PD,DH,D
14:35:23,INDF,RG,7100,5,D,PD,DR,D
14:35:23,INDF,RG,7100,5,D,PD,YP,D
14:35:23,INDF,RG,7100,50,D,PD,YP,F
14:35:23,INDF,RG,7100,25,D,PD,YP,D
14:35:23,INDF,RG,7100,15,D,PD,DR,D
14:35:23,INDF,RG,7100,10,D,PD,GR,D
14:35:23,INDF,RG,7100,6,D,PD,GR,D
14:35:23,INDF,RG,7100,20,D,PD,AZ,D
14:35:23,INDF,RG,7100,1,D,PD,XC,D
14:35:23,INDF,RG,7100,30,D,PD,OD,D
14:35:23,INDF,RG,7100,31,D,PD,AI,D
14:35:20,INDF,RG,7100,19,D,YU,AI,D
14:35:20,INDF,RG,7100,1,D,YU,CC,D
14:35:20,INDF,RG,7100,1,D,YU,YP,D
14:35:20,INDF,RG,7100,3,D,YU,PD,D
14:35:19,INDF,RG,7100,3,D,YU,YP,D
14:35:19,INDF,RG,7100,4,D,YU,YP,D
14:35:19,INDF,RG,7100,5,D,YU,KK,D
14:35:19,INDF,RG,7100,3,D,YU,XC,D
14:35:19,INDF,RG,7100,3,D,YU,PD,D
14:35:18,INDF,RG,7075,3,D,RF,YU,F
14:35:18,INDF,RG,7100,2,D,YU,PD,D
14:35:18,INDF,RG,7100,5,D,YU,RO,D
14:35:18,INDF,RG,7100,1,D,YU,XC,D
14:35:18,INDF,RG,7100,14,D,YU,YP,D
14:35:17,INDF,RG,7100,33,D,YU,YP,D
14:35:17,INDF,RG,7100,3,D,YU,YP,D
14:35:17,INDF,RG,7100,1,D,YU,CS,F
14:35:17,INDF,RG,7100,10,D,YU,KK,D
14:35:17,INDF,RG,7100,1,D,YU,YP,D
14:35:17,INDF,RG,7100,4,D,YU,YP,D
14:35:17,INDF,RG,7075,10,D,RF,SQ,D
14:35:14,INDF,RG,7100,2,D,CC,YP,D
14:35:12,INDF,RG,7100,6,D,YU,YP,D
14:35:11,INDF,RG,7100,33,F,ZP,YP,D
14:35:11,INDF,RG,7100,3,D,CC,GR,D
14:35:11,INDF,RG,7100,2,D,CC,CP,D
14:35:11,INDF,RG,7100,10,D,CC,RX,F
14:35:07,INDF,RG,7100,17,D,BK,RX,F
14:35:07,INDF,RG,7100,1,D,CC,RX,F
14:35:07,INDF,RG,7100,2,D,YU,RX,F
14:35:06,INDF,RG,7075,20,D,RF,DX,D
14:34:57,INDF,RG,7100,25,D,YU,RX,F
14:34:56,INDF,RG,7100,24,F,ZP,RX,F
14:34:56,INDF,RG,7100,14,D,YU,RX,F
14:34:56,INDF,RG,7100,5,D,YU,LG,D
14:34:55,INDF,RG,7100,15,D,YU,LG,D
14:34:55,INDF,RG,7100,7,D,YU,YP,F
14:34:54,INDF,RG,7100,15,D,BK,YP,F
14:34:54,INDF,RG,7100,28,D,YU,YP,F
14:34:54,INDF,RG,7100,6,D,YU,PD,D
14:34:53,INDF,RG,7100,3,F,ZP,PD,D
14:34:53,INDF,RG,7100,18,D,YU,PD,D
14:34:53,INDF,RG,7100,1,D,XL,PD,D
14:34:52,INDF,RG,7100,2,D,YU,PD,D
14:34:52,INDF,RG,7100,3,D,YU,LG,D
14:34:51,INDF,RG,7100,1,F,ZP,LG,D
14:34:51,INDF,RG,7100,1,F,ZP,CC,F
14:34:51,INDF,RG,7100,25,F,ZP,CS,F
14:34:51,INDF,RG,7100,11,F,ZP,ZP,F
14:34:51,INDF,RG,7100,1,F,ZP,XC,D
14:34:51,INDF,RG,7100,1,F,ZP,YP,D
14:34:51,INDF,RG,7100,1,F,ZP,HP,D
14:34:51,INDF,RG,7100,6,F,ZP,YP,D
14:34:51,INDF,RG,7100,10,F,ZP,AG,F
14:34:51,INDF,RG,7100,2,F,ZP,CC,D
14:34:51,INDF,RG,7100,2,F,ZP,GR,D
14:34:47,INDF,RG,7100,3,D,YU,GR,D
14:34:42,INDF,RG,7100,5,D,CC,GR,D
14:34:41,INDF,RG,7100,1,F,ZP,XC,D
14:34:41,INDF,RG,7100,1,F,ZP,KK,D
14:34:41,INDF,RG,7100,22,F,ZP,OD,D
14:34:41,INDF,RG,7100,2,D,CC,OD,D
14:34:38,INDF,RG,7100,20,D,YP,OD,D
14:34:38,INDF,RG,7100,1,D,YU,OD,D
14:34:37,INDF,RG,7100,1,D,PD,OD,D
14:34:33,INDF,RG,7100,25,D,YU,OD,D
14:34:32,INDF,RG,7100,22,D,YU,OD,D
14:34:32,INDF,RG,7100,7,D,YU,OD,D
14:34:32,INDF,RG,7100,3,D,YU,CC,D
14:34:32,INDF,RG,7100,9,D,YU,ZP,F
14:34:31,INDF,RG,7100,2,D,YP,ZP,F
14:34:31,INDF,RG,7100,30,D,YU,ZP,F
14:34:31,INDF,RG,7100,1,D,YU,PD,D
14:34:31,INDF,RG,7100,2,D,YU,AK,F
14:34:30,INDF,RG,7100,18,D,YU,AK,F
14:34:29,INDF,RG,7100,2,D,CC,AK,F
14:34:28,INDF,RG,7100,6,D,YU,AK,F
14:34:28,INDF,RG,7100,2,F,ZP,AK,F
14:34:28,INDF,RG,7100,1,F,AK,AK,F
14:34:28,INDF,RG,7100,6,F,AK,AK,F
14:34:28,INDF,RG,7100,84,F,AK,AK,F
14:34:28,INDF,RG,7100,6,F,AK,YP,D
14:34:28,INDF,RG,7100,10,F,AK,LG,D
14:34:28,INDF,RG,7100,2,F,AK,NI,D
14:34:28,INDF,RG,7100,2,F,AK,KK,D
14:34:27,INDF,RG,7100,20,D,CC,KK,D
14:34:27,INDF,RG,7100,8,D,PD,KK,D
14:34:27,INDF,RG,7100,1,D,PD,GR,D
14:34:27,INDF,RG,7100,2,D,PD,YP,D
14:34:27,INDF,RG,7100,2,D,PD,DH,D
14:34:27,INDF,RG,7100,15,D,PD,PD,D
14:34:27,INDF,RG,7100,1,D,PD,YP,D
14:34:27,INDF,RG,7100,20,D,PD,SQ,D
14:34:27,INDF,RG,7100,2,D,PD,YP,D
14:34:27,INDF,RG,7100,10,D,PD,NI,D
14:34:27,INDF,RG,7100,2,D,PD,YP,D
14:34:24,INDF,RG,7100,8,D,SQ,YP,D
14:34:24,INDF,RG,7100,2,D,SQ,AZ,D
14:34:24,INDF,RG,7100,22,F,ZP,AZ,D
14:34:24,INDF,RG,7100,11,D,CC,AZ,D
14:34:24,INDF,RG,7100,9,D,CC,FZ,D
14:34:19,INDF,RG,7100,2,D,YU,FZ,D
14:34:12,INDF,RG,7100,10,D,CC,FZ,D
14:34:12,INDF,RG,7100,4,F,AK,FZ,D
14:34:11,INDF,RG,7100,2,D,CC,FZ,D
14:34:10,INDF,RG,7100,1,D,YP,FZ,D
14:34:09,INDF,RG,7100,25,D,YU,FZ,D
14:34:09,INDF,RG,7100,33,F,ZP,FZ,D
14:34:09,INDF,RG,7100,22,D,YU,FZ,D
14:34:08,INDF,RG,7100,34,D,YU,FZ,D
14:34:08,INDF,RG,7100,19,D,YU,FZ,D
14:34:08,INDF,RG,7100,5,D,YU,FZ,D
14:34:08,INDF,RG,7100,18,D,YU,FZ,D
14:34:05,INDF,RG,7100,3,D,YU,FZ,D
14:34:04,INDF,RG,7100,100,D,PD,FZ,D
14:34:01,INDF,RG,7100,2,D,DR,FZ,D
14:33:59,INDF,RG,7100,1,D,DR,FZ,D
14:33:59,INDF,RG,7100,30,D,YP,FZ,D
14:33:57,INDF,RG,7100,400,D,YB,FZ,D
14:33:57,INDF,RG,7100,100,D,PD,FZ,D
14:33:56,INDF,RG,7100,10,D,YP,FZ,D
14:33:53,INDF,RG,7100,40,D,NI,FZ,D
14:33:53,INDF,RG,7100,1,D,CC,FZ,D
14:33:51,INDF,RG,7100,31,F,ZP,FZ,D
14:33:49,INDF,RG,7100,25,D,YP,FZ,D
14:33:46,INDF,RG,7100,22,D,YU,FZ,D
14:33:46,INDF,RG,7100,24,D,YU,FZ,D
14:33:45,INDF,RG,7100,18,D,YU,FZ,D
14:33:45,INDF,RG,7100,9,D,YU,FZ,D
14:33:45,INDF,RG,7100,8,D,YU,YU,F
14:33:45,INDF,RG,7100,5,D,YU,YP,D
14:33:45,INDF,RG,7100,3,D,YU,MG,D
14:33:45,INDF,RG,7100,2,D,YU,NI,D
14:33:45,INDF,RG,7100,8,D,YU,YP,D
14:33:45,INDF,RG,7100,6,D,YU,YP,D
14:33:44,INDF,RG,7100,18,D,YU,YP,D
14:33:40,INDF,RG,7100,20,D,TP,YP,D
14:33:36,INDF,RG,7100,2,D,YU,YP,D
14:33:35,INDF,RG,7100,30,F,ZP,YP,D
14:33:23,INDF,RG,7100,3,D,YU,YP,D
14:33:23,INDF,RG,7100,23,D,YU,YP,D
14:33:23,INDF,RG,7100,25,D,YU,YP,D
14:33:22,INDF,RG,7100,19,D,YU,YP,D
14:33:22,INDF,RG,7100,6,D,YU,YP,D
14:33:22,INDF,RG,7100,18,D,YU,YP,D
14:33:22,INDF,RG,7100,1,D,YU,YP,D
14:33:22,INDF,RG,7100,35,D,YU,YP,D
14:33:17,INDF,RG,7100,2,D,DR,YP,D
14:33:17,INDF,RG,7100,1,F,ZP,YP,D
14:33:17,INDF,RG,7100,2,D,CC,YP,D
14:33:16,INDF,RG,7100,27,F,ZP,YP,D
14:33:12,INDF,RG,7100,1,D,NI,YP,D
14:33:12,INDF,RG,7100,27,F,CS,YP,D
14:32:59,INDF,RG,7100,18,D,YU,YP,D
14:32:59,INDF,RG,7100,22,D,YU,YP,D
14:32:59,INDF,RG,7100,25,D,YU,YP,D
14:32:58,INDF,RG,7100,18,D,YU,YP,D
14:32:57,INDF,RG,7100,35,D,YU,YP,D
14:32:57,INDF,RG,7100,6,D,YU,YP,D
14:32:56,INDF,RG,7100,22,F,ZP,YP,D
14:32:50,INDF,RG,7100,100,D,PD,YP,D
14:32:45,INDF,RG,7075,23,D,RF,DX,D
14:32:45,INDF,RG,7100,3,D,YU,YP,D
14:32:45,INDF,RG,7100,2,D,YU,YP,D
14:32:44,INDF,RG,7075,15,D,RF,CS,F
14:32:41,INDF,RG,7100,1,D,CC,YP,D
14:32:37,INDF,RG,7100,21,F,ZP,YP,D
14:32:37,INDF,RG,7100,18,D,YU,YP,D
14:32:37,INDF,RG,7100,22,D,YU,YP,D
14:32:36,INDF,RG,7100,18,D,YU,YP,D
14:32:36,INDF,RG,7100,24,D,YU,YP,D
14:32:34,INDF,RG,7100,185,D,BB,YP,D
14:32:33,INDF,RG,7100,6,D,YU,YP,D
14:32:32,INDF,RG,7100,34,D,YU,YP,D
14:32:31,INDF,RG,7075,1,D,RF,YP,D
14:32:21,INDF,RG,7100,19,F,ZP,YP,D
14:32:17,INDF,RG,7075,76,D,RF,AZ,D
14:32:13,INDF,RG,7100,19,D,YU,YP,D
14:32:13,INDF,RG,7100,24,D,YU,YP,D
14:32:13,INDF,RG,7100,23,D,YU,YP,D
14:32:13,INDF,RG,7100,18,D,YU,YP,D
14:32:12,INDF,RG,7100,1,D,CC,YP,D
14:32:09,INDF,RG,7075,1,D,RF,CC,D
14:32:09,INDF,RG,7100,6,D,YU,YP,D
14:32:08,INDF,RG,7100,33,D,YU,YP,D
14:32:05,INDF,RG,7075,10,D,RF,GR,D
14:32:05,INDF,RG,7100,3,F,AK,YP,D
14:32:05,INDF,RG,7100,16,F,AK,AT,D
14:32:05,INDF,RG,7100,2,D,CC,AT,D
14:32:03,INDF,RG,7100,1,D,YU,AT,D
14:32:02,INDF,RG,7100,1,D,AK,AT,D
14:32:02,INDF,RG,7100,1,D,AK,CS,F
14:32:02,INDF,RG,7100,7,D,AK,PD,D
14:32:02,INDF,RG,7100,3,F,ZP,PD,D
14:32:02,INDF,RG,7100,16,F,ZP,AZ,D
14:31:58,INDF,RG,7100,2,D,YP,AZ,D
14:31:58,INDF,RG,7075,4,D,RF,PD,D
14:31:58,INDF,RG,7100,1,D,YP,AZ,D
14:31:57,INDF,RG,7100,2,D,XL,AZ,D
14:31:57,INDF,RG,7100,9,D,PD,AZ,D
14:31:57,INDF,RG,7100,2,D,PD,CC,D
14:31:57,INDF,RG,7100,2,D,PD,YP,D
14:31:57,INDF,RG,7100,3,D,PD,YP,D
14:31:57,INDF,RG,7100,10,D,PD,PD,D
14:31:57,INDF,RG,7100,3,D,PD,KK,D
14:31:57,INDF,RG,7100,5,D,PD,DH,D
14:31:57,INDF,RG,7100,1,D,PD,XC,D
14:31:57,INDF,RG,7100,2,D,PD,AI,D
14:31:57,INDF,RG,7100,5,D,PD,PD,D
14:31:57,INDF,RG,7100,10,D,PD,GR,D
14:31:57,INDF,RG,7100,20,D,PD,AZ,D
14:31:57,INDF,RG,7100,1,D,PD,PD,D
14:31:57,INDF,RG,7100,1,D,PD,CC,D
14:31:57,INDF,RG,7100,25,D,PD,YP,F
14:31:57,INDF,RG,7100,1,D,PD,PD,D
14:31:57,INDF,RG,7100,278,D,PD,AZ,D
14:31:55,INDF,RG,7100,1,D,YP,AZ,D
14:31:52,INDF,RG,7100,16,D,SQ,AZ,D
14:31:51,INDF,RG,7100,25,D,YU,AZ,D
14:31:51,INDF,RG,7100,23,D,YU,AZ,D
14:31:51,INDF,RG,7100,19,D,YU,AZ,D
14:31:50,INDF,RG,7100,19,D,YU,AZ,D
14:31:46,INDF,RG,7100,34,D,YU,AZ,D
14:31:45,INDF,RG,7100,6,D,YU,AZ,D
14:31:45,INDF,RG,7100,18,F,ZP,AZ,D
14:31:43,INDF,RG,7100,10,D,CC,AZ,D
14:31:38,INDF,RG,7100,1,D,CC,AZ,D
14:31:30,INDF,RG,7100,19,F,ZP,AZ,D
14:31:29,INDF,RG,7075,1,D,RF,PD,D
14:31:29,INDF,RG,7100,1,D,CC,AZ,D
14:31:26,INDF,RG,7100,24,D,YU,AZ,D
14:31:25,INDF,RG,7100,18,D,YU,AZ,D
14:31:25,INDF,RG,7100,22,D,YU,AZ,D
14:31:25,INDF,RG,7100,19,D,YU,AZ,D
14:31:22,INDF,RG,7100,34,D,YU,AZ,D
14:31:21,INDF,RG,7100,6,D,YU,AZ,D
14:31:20,INDF,RG,7100,2,D,CC,AZ,D
14:31:13,INDF,RG,7100,2,D,YP,AZ,D
14:31:12,INDF,RG,7100,19,F,ZP,AZ,D
14:31:04,INDF,RG,7100,24,D,YU,AZ,D
14:31:03,INDF,RG,7100,40,D,CC,AZ,D
14:31:03,INDF,RG,7100,18,D,YU,AZ,D
14:31:03,INDF,RG,7100,22,D,YU,AZ,D
14:31:02,INDF,RG,7100,18,D,YU,AZ,D
14:31:00,INDF,RG,7100,5,D,YP,AZ,D
14:30:59,INDF,RG,7100,9,D,EP,AZ,D
14:30:59,INDF,RG,7100,100,D,SQ,AZ,D
14:30:58,INDF,RG,7100,34,D,YU,AZ,D
14:30:57,INDF,RG,7100,6,D,YU,AZ,D
14:30:57,INDF,RG,7100,18,F,ZP,AZ,D
14:30:53,INDF,RG,7075,44,D,RF,ZP,F
14:30:53,INDF,RG,7100,2,D,CC,AZ,D
14:30:51,INDF,RG,7100,3,F,AK,AZ,D
14:30:49,INDF,RG,7075,13,D,RF,CS,F
14:30:44,INDF,RG,7100,1,D,YU,AZ,D
14:30:40,INDF,RG,7100,25,D,YU,AZ,D
14:30:40,INDF,RG,7100,18,D,YU,AZ,D
14:30:39,INDF,RG,7100,22,D,YU,AZ,D
14:30:39,INDF,RG,7100,18,D,YU,AZ,D
14:30:39,INDF,RG,7100,20,F,ZP,AZ,D
14:30:35,INDF,RG,7100,6,D,YU,AZ,D
14:30:35,INDF,RG,7100,33,D,YU,AZ,D
14:30:34,INDF,RG,7100,315,D,PD,AZ,D
14:30:29,INDF,RG,7075,14,D,RF,YP,D
14:30:26,INDF,RG,7075,18,D,RF,DX,D
14:30:22,INDF,RG,7075,5,D,RF,GR,D
14:30:21,INDF,RG,7100,18,F,ZP,AZ,D
14:30:18,INDF,RG,7100,19,D,YU,AZ,D
14:30:18,INDF,RG,7100,24,D,YU,AZ,D
14:30:18,INDF,RG,7100,26,D,YU,AZ,D
14:30:17,INDF,RG,7100,19,D,YU,AZ,D
14:30:17,INDF,RG,7100,2,D,CC,AZ,D
14:30:13,INDF,RG,7075,1,D,RF,GR,D
14:30:11,INDF,RG,7100,34,D,YU,AZ,D
14:30:02,INDF,RG,7100,15,F,ZP,AZ,D
14:29:56,INDF,RG,7100,3,D,PD,AZ,D
14:29:47,INDF,RG,7100,10,D,CC,AZ,D
14:29:47,INDF,RG,7100,19,D,YU,AZ,D
14:29:46,INDF,RG,7100,22,D,YU,AZ,D
14:29:46,INDF,RG,7100,19,D,YU,AZ,D
14:29:46,INDF,RG,7100,25,D,YU,AZ,D
14:29:45,INDF,RG,7100,13,F,ZP,AZ,D
14:29:42,INDF,RG,7100,192,D,BB,AZ,D
14:29:42,INDF,RG,7100,14,D,XA,AZ,D
14:29:39,INDF,RG,7100,33,D,YU,AZ,D
14:29:39,INDF,RG,7100,1,D,CC,AZ,D
14:29:34,INDF,RG,7100,178,F,KZ,AZ,D
14:29:34,INDF,RG,7100,6,F,KZ,AZ,D
14:29:34,INDF,RG,7100,113,F,KZ,AZ,D
14:29:33,INDF,RG,7100,149,F,KZ,AZ,D
14:29:33,INDF,RG,7100,2,F,KZ,AZ,D
14:29:33,INDF,RG,7100,2,F,KZ,AZ,D
14:29:33,INDF,RG,7100,96,F,KZ,AZ,D
14:29:26,INDF,RG,7100,14,F,ZP,AZ,D
14:29:26,INDF,RG,7100,3,F,KZ,AZ,D
14:29:26,INDF,RG,7100,186,F,KZ,AZ,D
14:29:26,INDF,RG,7100,11,F,KZ,AZ,D
14:29:26,INDF,RG,7100,149,F,KZ,AZ,D
14:29:21,INDF,RG,7075,1,D,RF,CC,D
14:29:21,INDF,RG,7100,19,F,ZP,AZ,D
14:29:17,INDF,RG,7075,300,D,RF,PD,D
14:29:17,INDF,RG,7075,38,D,RX,PD,D
14:29:17,INDF,RG,7075,100,D,AZ,PD,D
14:29:17,INDF,RG,7075,1,D,BQ,PD,D
14:29:17,INDF,RG,7075,3,D,YU,PD,D
14:29:17,INDF,RG,7075,8,D,YU,PD,D
14:29:17,INDF,RG,7075,1,D,YU,PD,D
14:29:17,INDF,RG,7075,6,D,YU,PD,D
14:29:17,INDF,RG,7075,1,F,ZP,PD,D
14:29:17,INDF,RG,7075,292,D,BK,PD,D
14:29:17,INDF,RG,7075,9,D,YU,PD,D
14:29:17,INDF,RG,7075,2,D,DR,PD,D
14:29:17,INDF,RG,7075,1,F,ZP,PD,D
14:29:15,INDF,RG,7100,1,D,CC,AZ,D
14:29:14,INDF,RG,7100,100,D,PD,AZ,D
14:29:12,INDF,RG,7100,3,D,YU,AZ,D
14:29:12,INDF,RG,7075,1,F,ZP,LG,D
14:29:11,INDF,RG,7100,6,D,YU,AZ,D
14:29:11,INDF,RG,7100,1,D,YU,AZ,D
14:29:10,INDF,RG,7100,21,D,BK,AZ,D
14:29:08,INDF,RG,7100,5,D,YP,AZ,D
14:29:07,INDF,RG,7100,18,F,ZP,AZ,D
14:29:06,INDF,RG,7100,7,F,KZ,AZ,D
14:29:06,INDF,RG,7100,90,F,KZ,AZ,D
14:29:05,INDF,RG,7100,2,D,CC,AZ,D
14:29:04,INDF,RG,7100,22,D,YU,AZ,D
14:29:04,INDF,RG,7100,24,D,YU,AZ,D
14:29:03,INDF,RG,7100,18,D,YU,AZ,D
14:29:03,INDF,RG,7100,19,D,YU,AZ,D
14:29:02,INDF,RG,7100,100,D,YP,AZ,D
14:29:01,INDF,RG,7100,249,F,KZ,AZ,D
14:29:01,INDF,RG,7100,213,F,KZ,AZ,D
14:28:58,INDF,RG,7100,133,F,KZ,AZ,D
14:28:57,INDF,RG,7100,34,D,YU,AZ,D
14:28:56,INDF,RG,7100,125,F,KZ,AZ,D
14:28:56,INDF,RG,7100,3,F,KZ,XC,D
14:28:56,INDF,RG,7100,2,F,KZ,GR,D
14:28:56,INDF,RG,7100,5,F,KZ,ZP,F
14:28:56,INDF,RG,7100,50,F,KZ,CC,D
14:28:56,INDF,RG,7100,1,F,KZ,KK,D
14:28:56,INDF,RG,7100,22,F,KZ,KK,D
14:28:56,INDF,RG,7100,9,F,KZ,KK,D
14:28:56,INDF,RG,7100,1,F,KZ,KK,D
14:28:56,INDF,RG,7100,4,F,KZ,KK,D
14:28:56,INDF,RG,7100,4,F,KZ,KK,D
14:28:56,INDF,RG,7100,1,F,KZ,YP,D
14:28:56,INDF,RG,7100,3,F,KZ,YP,D
14:28:56,INDF,RG,7100,6,F,KZ,YP,D
14:28:56,INDF,RG,7100,1,F,KZ,YP,D
14:28:56,INDF,RG,7100,1,F,KZ,YP,D
14:28:56,INDF,RG,7100,6,F,KZ,YP,D
14:28:56,INDF,RG,7100,5,F,KZ,AI,D
14:28:56,INDF,RG,7100,5,F,KZ,RO,D
14:28:56,INDF,RG,7100,15,F,KZ,YU,D
14:28:56,INDF,RG,7100,10,F,KZ,YP,D
14:28:56,INDF,RG,7100,12,F,KZ,PD,D
14:28:56,INDF,RG,7100,5,F,KZ,PD,D
14:28:56,INDF,RG,7100,25,F,KZ,YP,F
14:28:56,INDF,RG,7100,5,F,KZ,RX,F
14:28:56,INDF,RG,7100,2,F,KZ,RX,F
14:28:53,INDF,RG,7100,55,F,KZ,RX,F
14:28:53,INDF,RG,7100,10,F,KZ,AO,D
14:28:53,INDF,RG,7100,1,F,KZ,PD,D
14:28:53,INDF,RG,7100,11,F,KZ,YU,F
14:28:53,INDF,RG,7100,5,F,KZ,XC,D
14:28:53,INDF,RG,7100,10,F,KZ,PD,D
14:28:53,INDF,RG,7100,1,F,KZ,PD,D
14:28:53,INDF,RG,7100,2,F,KZ,NI,D
14:28:53,INDF,RG,7100,143,F,KZ,YP,D
14:28:53,INDF,RG,7100,5,F,KZ,NI,D
14:28:53,INDF,RG,7100,1,F,KZ,PD,D
14:28:53,INDF,RG,7100,4,F,KZ,PD,D
14:28:53,INDF,RG,7100,60,F,KZ,KK,D
14:28:53,INDF,RG,7100,1,F,KZ,KK,D
14:28:52,INDF,RG,7100,2,D,DR,KK,D
14:28:51,INDF,RG,7100,29,F,CS,AK,F
14:28:51,INDF,RG,7100,3500,D,IF,AK,F
14:28:51,INDF,RG,7100,3,F,KZ,AK,F
14:28:50,INDF,RG,7100,19,F,ZP,AK,F
14:28:50,INDF,RG,7100,9,D,BK,AK,F
14:28:50,INDF,RG,7100,7,D,BK,YU,F
14:28:41,INDF,RG,7100,6,D,LG,YU,F
14:28:41,INDF,RG,7100,238,F,KZ,YU,F
14:28:41,INDF,RG,7100,4,F,KZ,YU,F
14:28:41,INDF,RG,7100,2,F,KZ,YU,F
14:28:41,INDF,RG,7100,6,D,LG,YU,F
14:28:41,INDF,RG,7100,1,F,KZ,YU,F
14:28:39,INDF,RG,7100,14,D,BK,YU,F
14:28:37,INDF,RG,7100,315,D,PD,YU,F
14:28:36,INDF,RG,7100,28,F,KZ,YU,F
14:28:36,INDF,RG,7100,352,F,KZ,YU,F
14:28:34,INDF,RG,7100,17,F,ZP,YU,F
14:28:34,INDF,RG,7100,100,D,YP,YU,F
14:28:29,INDF,RG,7100,6,D,YU,YU,F
14:28:29,INDF,RG,7100,1,D,YU,YU,F
14:28:27,INDF,RG,7100,1,D,CC,YU,F
14:28:26,INDF,RG,7100,3,F,KZ,YU,F
14:28:23,INDF,RG,7100,22,D,YU,YU,F
14:28:23,INDF,RG,7100,24,D,YU,YU,F
14:28:22,INDF,RG,7100,18,D,YU,YU,F
14:28:22,INDF,RG,7100,18,D,YU,YU,F
14:28:21,INDF,RG,7100,14,D,BK,YU,F
14:28:21,INDF,RG,7100,22,F,ZP,YU,F
14:28:21,INDF,RG,7100,10,F,ZP,YU,D
14:28:21,INDF,RG,7100,1,F,ZP,PD,D
14:28:16,INDF,RG,7100,33,D,YU,CC,D
14:28:15,INDF,RG,7100,1,F,ZP,CC,D
14:28:15,INDF,RG,7100,10,F,ZP,GR,D
14:28:15,INDF,RG,7100,3,F,ZP,YP,D
14:28:15,INDF,RG,7100,20,F,AK,YP,D
14:28:07,INDF,RG,7100,7,D,BK,YP,D
14:28:07,INDF,RG,7100,3,D,BK,CC,D
14:28:07,INDF,RG,7100,5,D,BK,KK,D
14:28:07,INDF,RG,7100,1,D,PD,KK,D
14:28:04,INDF,RG,7075,1,F,ZP,CC,D
14:28:03,INDF,RG,7075,21,F,ZP,DX,D
14:27:59,INDF,RG,7100,3,D,YU,KK,D
14:27:59,INDF,RG,7100,1,D,AZ,KK,D
14:27:59,INDF,RG,7100,10,D,AZ,LS,D
14:27:59,INDF,RG,7100,116,D,AZ,GR,D
14:27:59,INDF,RG,7075,1,F,ZP,YP,D
14:27:53,INDF,RG,7100,2,D,CC,GR,D
14:27:52,INDF,RG,7075,3,F,ZP,NI,D
14:27:51,INDF,RG,7100,2,D,CC,GR,D
14:27:50,INDF,RG,7100,8,D,SQ,GR,D
14:27:49,INDF,RG,7100,21,D,BK,GR,D
14:27:46,INDF,RG,7100,92,F,KZ,GR,D
14:27:46,INDF,RG,7100,6,D,YU,GR,D
14:27:46,INDF,RG,7100,5,F,KZ,GR,D
14:27:46,INDF,RG,7100,41,F,KZ,GR,D
14:27:46,INDF,RG,7100,30,F,KZ,GR,D
14:27:45,INDF,RG,7100,3,F,AK,GR,D
14:27:43,INDF,RG,7100,18,D,YU,GR,D
14:27:43,INDF,RG,7100,22,D,YU,GR,D
14:27:43,INDF,RG,7100,19,D,YU,GR,D
14:27:43,INDF,RG,7100,5,D,YU,DR,D
14:27:42,INDF,RG,7100,18,D,YU,MG,D
14:27:36,INDF,RG,7100,1,F,ZP,MG,D
14:27:36,INDF,RG,7100,1,D,YU,MG,D
14:27:36,INDF,RG,7100,15,D,YU,NI,D
14:27:36,INDF,RG,7100,18,D,YU,OD,D
14:27:30,INDF,RG,7100,7,D,BK,OD,D
14:27:30,INDF,RG,7100,3,D,BK,NI,D
14:27:30,INDF,RG,7100,2,D,BK,OD,D
14:27:30,INDF,RG,7100,4,D,BK,ZP,F
14:27:15,INDF,RG,7100,1,D,CC,ZP,F
14:27:11,INDF,RG,7100,1,D,BK,CS,F
14:27:11,INDF,RG,7100,10,D,BK,GR,D
14:27:11,INDF,RG,7100,6,D,BK,OD,D
14:27:09,INDF,RG,7100,1,D,AI,OD,D
14:27:05,INDF,RG,7100,2,D,YU,OD,D
14:27:05,INDF,RG,7100,6,D,YU,OD,D
14:27:04,INDF,RG,7075,29,F,ZP,YB,D
14:27:04,INDF,RG,7075,13,F,ZP,YB,D
14:27:01,INDF,RG,7100,5,D,YU,OD,D
14:27:01,INDF,RG,7100,1,D,YU,DH,D
14:27:01,INDF,RG,7100,13,D,YU,SQ,D
14:27:01,INDF,RG,7100,18,D,YU,SQ,D
14:27:01,INDF,RG,7100,23,D,YU,SQ,D
14:27:01,INDF,RG,7100,25,D,YU,SQ,D
14:27:00,INDF,RG,7100,3,D,PD,SQ,D
14:27:00,INDF,RG,7075,4,F,ZP,XL,D
14:27:00,INDF,RG,7075,1,D,YU,XL,D
14:27:00,INDF,RG,7075,12,F,ZP,XL,D
14:26:57,INDF,RG,7100,8,D,BK,SQ,D
14:26:57,INDF,RG,7100,6,D,BK,PD,D
14:26:53,INDF,RG,7100,34,D,YU,PD,D
14:26:53,INDF,RG,7100,5,D,GR,PD,D
14:26:53,INDF,RG,7100,5,D,GR,PD,D
14:26:46,INDF,RG,7100,3,D,YU,PD,D
14:26:43,INDF,RG,7100,17,D,BB,PD,D
14:26:43,INDF,RG,7100,1,D,BB,PD,D
14:26:43,INDF,RG,7100,35,D,BB,CC,D
14:26:43,INDF,RG,7100,2,D,BB,OD,D
14:26:43,INDF,RG,7100,5,D,BB,CC,F
14:26:43,INDF,RG,7100,1,D,BB,BQ,D
14:26:43,INDF,RG,7100,1,D,BB,YP,D
14:26:43,INDF,RG,7100,20,D,BB,CC,D
14:26:43,INDF,RG,7100,2,D,BB,YP,D
14:26:43,INDF,RG,7100,1,D,BB,NI,D
14:26:43,INDF,RG,7100,9,D,BB,YU,F
14:26:43,INDF,RG,7100,10,D,BB,XL,D
14:26:43,INDF,RG,7100,5,D,BB,PD,D
14:26:43,INDF,RG,7100,86,D,BB,YJ,D
14:26:42,INDF,RG,7100,16,D,BK,YJ,D
14:26:41,INDF,RG,7100,398,D,PD,YJ,D
14:26:41,INDF,RG,7100,1,D,PD,TF,D
14:26:41,INDF,RG,7100,5,D,PD,CC,D
14:26:41,INDF,RG,7100,35,D,PD,CC,D
14:26:41,INDF,RG,7100,22,D,PD,CS,F
14:26:41,INDF,RG,7100,5,D,PD,SQ,D
14:26:41,INDF,RG,7100,1,D,PD,XC,D
14:26:41,INDF,RG,7100,1,D,PD,YP,D
14:26:41,INDF,RG,7100,3,D,PD,DR,D
14:26:41,INDF,RG,7100,5,D,PD,NI,D
14:26:41,INDF,RG,7100,2,D,PD,ZP,F
14:26:41,INDF,RG,7100,1,D,PD,XC,D
14:26:41,INDF,RG,7100,5,D,PD,XC,D
14:26:41,INDF,RG,7100,20,D,PD,DH,D
14:26:41,INDF,RG,7100,6,D,PD,KK,D
14:26:41,INDF,RG,7100,1,D,PD,KK,D
14:26:41,INDF,RG,7100,5,D,PD,CC,D
14:26:41,INDF,RG,7100,40,D,PD,CC,D
14:26:41,INDF,RG,7100,1,D,PD,YP,D
14:26:41,INDF,RG,7100,2,D,PD,YP,D
14:26:41,INDF,RG,7100,2,D,PD,CC,D
14:26:41,INDF,RG,7100,1,D,PD,PD,D
14:26:41,INDF,RG,7100,2,D,PD,KK,D
14:26:41,INDF,RG,7100,8,D,PD,KK,D
14:26:41,INDF,RG,7100,59,D,PD,YP,D
14:26:40,INDF,RG,7100,1,D,YU,YP,D
14:26:39,INDF,RG,7100,2,D,CC,YP,D
14:26:37,INDF,RG,7100,2,D,CC,YP,D
14:26:34,INDF,RG,7100,11,D,AK,YP,D
14:26:34,INDF,RG,7100,9,D,AK,AK,F
14:26:33,INDF,RG,7100,13,F,ZP,AK,F
14:26:27,INDF,RG,7100,5,D,YU,AK,F
14:26:27,INDF,RG,7100,1,D,XC,AK,F
14:26:26,INDF,RG,7100,1,F,KZ,AK,F
14:26:26,INDF,RG,7100,18,F,KZ,AK,F
14:26:26,INDF,RG,7100,15,D,BK,AK,F
14:26:26,INDF,RG,7100,1,F,KZ,AK,F
14:26:21,INDF,RG,7100,1,D,YU,AK,F
14:26:20,INDF,RG,7100,1,D,YU,AK,F
14:26:20,INDF,RG,7100,3,D,YU,CS,F
14:26:20,INDF,RG,7100,14,D,YU,NI,D
14:26:19,INDF,RG,7100,11,D,YU,NI,D
14:26:19,INDF,RG,7100,10,D,YU,DR,D
14:26:19,INDF,RG,7100,1,D,YU,ZP,F
14:26:19,INDF,RG,7100,10,D,YU,ZP,F
14:26:19,INDF,RG,7100,1,D,YU,PD,D
14:26:19,INDF,RG,7100,10,D,YU,NI,D
14:26:19,INDF,RG,7100,3,D,YU,ZP,D
14:26:18,INDF,RG,7100,17,D,YU,ZP,D
14:26:18,INDF,RG,7100,1,D,YU,KK,D
14:26:16,INDF,RG,7100,1,D,YP,KK,D
14:26:13,INDF,RG,7100,8,D,PD,KK,D
14:26:13,INDF,RG,7100,25,D,PD,BS,D
14:26:13,INDF,RG,7100,5,D,PD,YU,D
14:26:12,INDF,RG,7100,35,D,YU,YU,D
14:26:11,INDF,RG,7100,4,F,KZ,YU,D
14:26:11,INDF,RG,7100,4,F,KZ,YU,D
14:26:11,INDF,RG,7100,8,F,KZ,YU,D
14:26:11,INDF,RG,7100,44,F,KZ,YU,D
14:26:11,INDF,RG,7100,1,F,KZ,XC,D
14:26:11,INDF,RG,7100,20,F,KZ,GR,D
14:26:11,INDF,RG,7100,5,F,KZ,GR,D
14:26:11,INDF,RG,7100,10,F,KZ,DR,D
14:26:11,INDF,RG,7100,5,F,KZ,YP,D
14:26:11,INDF,RG,7100,5,F,KZ,DH,D
14:26:05,INDF,RG,7100,5,D,BK,DH,D
14:26:05,INDF,RG,7100,5,D,BK,KK,D
14:26:05,INDF,RG,7100,2,D,BK,DR,D
14:26:05,INDF,RG,7100,10,D,BK,AN,D
14:25:59,INDF,RG,7100,1,D,CC,SQ,D
14:25:52,INDF,RG,7100,4,D,BK,SQ,D
14:25:52,INDF,RG,7100,1,D,BK,OD,D
14:25:52,INDF,RG,7100,10,D,BK,CP,D
14:25:51,INDF,RG,7100,1,D,YU,PD,D
14:25:51,INDF,RG,7100,1,D,YU,XC,D
14:25:51,INDF,RG,7100,2,D,YU,GR,D
14:25:51,INDF,RG,7100,1,D,YU,XC,D
14:25:46,INDF,RG,7100,1,F,KZ,LG,D
14:25:45,INDF,RG,7075,18,F,ZP,DX,D
14:25:41,INDF,RG,7075,5,F,ZP,YP,D
14:25:39,INDF,RG,7100,6,D,RX,LG,D
14:25:39,INDF,RG,7100,5,D,RX,NI,D
14:25:39,INDF,RG,7100,4,D,RX,YP,D
14:25:38,INDF,RG,7100,1,D,YU,YP,D
14:25:38,INDF,RG,7100,19,D,YU,YP,D
14:25:38,INDF,RG,7100,24,D,YU,YP,D
14:25:38,INDF,RG,7100,22,D,YU,YP,D
14:25:38,INDF,RG,7100,13,D,BK,YP,D
14:25:37,INDF,RG,7100,18,D,YU,YP,D
14:25:37,INDF,RG,7100,6,D,EP,YP,D
14:25:36,INDF,RG,7100,7,F,KZ,YP,D
14:25:36,INDF,RG,7100,1,F,KZ,YP,D
14:25:36,INDF,RG,7100,1,F,KZ,YP,D
14:25:36,INDF,RG,7100,34,F,KZ,YP,D
14:25:36,INDF,RG,7100,2,F,KZ,KK,D
14:25:36,INDF,RG,7100,5,F,KZ,OD,D
14:25:36,INDF,RG,7100,5,F,KZ,GR,D
14:25:36,INDF,RG,7100,1,F,KZ,YP,D
14:25:36,INDF,RG,7100,20,F,KZ,CD,D
14:25:36,INDF,RG,7100,2,F,KZ,CC,D
14:25:36,INDF,RG,7100,5,F,KZ,KK,D
14:25:36,INDF,RG,7100,219,F,KZ,CP,D
14:25:34,INDF,RG,7100,3,D,YU,CP,D
14:25:32,INDF,RG,7100,5,D,KK,CP,D
14:25:31,INDF,RG,7100,5,F,KZ,CP,D
14:25:31,INDF,RG,7100,76,F,KZ,CP,D
14:25:31,INDF,RG,7100,5,F,KZ,PD,D
14:25:31,INDF,RG,7100,25,F,KZ,YJ,D
14:25:31,INDF,RG,7100,5,F,KZ,CC,D
14:25:31,INDF,RG,7100,1,F,KZ,PD,D
14:25:31,INDF,RG,7100,20,F,KZ,PD,D
14:25:31,INDF,RG,7100,1,F,KZ,CC,D
14:25:31,INDF,RG,7100,5,F,KZ,PS,D
14:25:31,INDF,RG,7100,50,F,KZ,GR,D
14:25:31,INDF,RG,7100,50,F,KZ,GR,D
14:25:31,INDF,RG,7100,88,F,KZ,YP,D
14:25:27,INDF,RG,7100,33,D,YU,YP,D
14:25:26,INDF,RG,7075,1,F,ZP,XL,D
14:25:23,INDF,RG,7100,2,D,CC,YP,D
14:25:21,INDF,RG,7100,2,F,KZ,YP,D
14:25:20,INDF,RG,7075,35,F,ZP,NI,D
14:25:17,INDF,RG,7100,16,D,BK,YP,D
14:25:11,INDF,RG,7100,2,D,DR,YP,D
14:25:10,INDF,RG,7100,6,D,YU,YP,D
14:25:09,INDF,RG,7100,8,D,SQ,YP,D
14:25:04,INDF,RG,7100,17,D,BK,YP,D
14:25:02,INDF,RG,7075,10,F,ZP,CS,F
14:25:01,INDF,RG,7100,4,F,KZ,YP,D
14:25:00,INDF,RG,7100,21,F,AK,YP,D
14:24:58,INDF,RG,7100,24,D,YU,YP,D
14:24:57,INDF,RG,7100,9,D,EP,YP,D
14:24:57,INDF,RG,7100,18,D,YU,YP,D
14:24:57,INDF,RG,7100,22,D,YU,YP,D
14:24:56,INDF,RG,7100,18,D,YU,YP,D
14:24:50,INDF,RG,7100,14,D,BK,YP,D
14:24:46,INDF,RG,7100,33,D,YU,YP,D
14:24:43,INDF,RG,7075,1,F,ZP,OD,D
14:24:43,INDF,RG,7100,1,D,CC,YP,D
14:24:30,INDF,RG,7100,4,F,AK,YP,D
14:24:26,INDF,RG,7100,2,D,DR,YP,D
14:24:26,INDF,RG,7100,6,D,YU,YP,D
14:24:25,INDF,RG,7100,50,D,SQ,YP,D
14:24:25,INDF,RG,7100,5,D,SQ,GR,F
14:24:25,INDF,RG,7100,15,D,SQ,SQ,D
14:24:25,INDF,RG,7100,30,D,SQ,YP,D
14:24:21,INDF,RG,7100,3,D,YU,YP,D
14:24:20,INDF,RG,7100,1,D,YU,YP,D
14:24:19,INDF,RG,7075,24,F,ZP,DX,D
14:24:16,INDF,RG,7100,2,D,YU,YP,D
14:24:16,INDF,RG,7100,14,D,YU,YP,D
14:24:16,INDF,RG,7100,4,D,YU,PD,D
14:24:16,INDF,RG,7075,3,F,ZP,CC,D
14:24:16,INDF,RG,7100,11,D,YU,PD,D
14:24:16,INDF,RG,7100,2,D,YU,KK,D
14:24:16,INDF,RG,7100,5,D,YU,OD,D
14:24:16,INDF,RG,7100,5,D,YU,OD,D
14:24:16,INDF,RG,7100,5,D,YU,DR,D
14:24:16,INDF,RG,7100,2,D,YU,CC,D
14:24:16,INDF,RG,7100,10,D,YU,MU,D
14:24:16,INDF,RG,7100,10,D,YU,MU,D
14:24:16,INDF,RG,7100,2,D,YU,YU,D
14:24:16,INDF,RG,7100,3,D,YU,PD,D
14:24:16,INDF,RG,7100,5,D,YU,PD,D
14:24:16,INDF,RG,7100,1,D,YU,YP,D
14:24:16,INDF,RG,7100,4,D,YU,YP,D
14:24:11,INDF,RG,7075,5,F,ZP,PD,D
14:24:07,INDF,RG,7100,16,D,YU,YP,D
14:24:07,INDF,RG,7100,1,D,YU,EL,D
14:24:07,INDF,RG,7100,1,D,YU,PD,D
14:24:07,INDF,RG,7100,10,D,YU,LG,D
14:24:07,INDF,RG,7100,1,D,YU,NI,D
14:24:07,INDF,RG,7100,5,D,YU,PD,D
14:24:07,INDF,RG,7100,2,D,CC,MU,D
14:23:55,INDF,RG,7100,48,D,PD,MU,D
14:23:55,INDF,RG,7100,200,D,PD,CP,D
14:23:55,INDF,RG,7100,50,D,PD,YP,D
14:23:55,INDF,RG,7100,5,D,PD,YP,D
14:23:55,INDF,RG,7100,1,D,PD,PD,D
14:23:55,INDF,RG,7100,1,D,PD,YP,D
14:23:55,INDF,RG,7100,100,D,PD,TP,D
14:23:55,INDF,RG,7100,5,D,PD,KK,D
14:23:55,INDF,RG,7100,40,D,PD,SQ,D
14:23:55,INDF,RG,7100,181,D,PD,AT,D
14:23:50,INDF,RG,7100,1,D,XC,AT,D
14:23:43,INDF,RG,7100,6,D,YU,AT,D
14:23:41,INDF,RG,7100,12,D,BB,AT,D
14:23:41,INDF,RG,7100,1,D,BB,CC,D
14:23:41,INDF,RG,7100,25,D,BB,RS,D
14:23:41,INDF,RG,7100,1,D,BB,YP,D
14:23:41,INDF,RG,7100,2,D,BB,PD,D
14:23:41,INDF,RG,7100,1,D,BB,CC,D
14:23:41,INDF,RG,7100,10,D,BB,SQ,D
14:23:41,INDF,RG,7100,14,D,BB,NI,D
14:23:41,INDF,RG,7100,2,D,BB,XC,D
14:23:41,INDF,RG,7100,7,D,BB,SQ,D
14:23:41,INDF,RG,7100,10,D,BB,DX,D
14:23:41,INDF,RG,7100,10,D,BB,SQ,D
14:23:41,INDF,RG,7100,1,D,BB,NI,D
14:23:41,INDF,RG,7100,20,D,BB,GR,D
14:23:41,INDF,RG,7100,15,D,BB,XC,D
14:23:41,INDF,RG,7100,5,D,BB,YP,D
14:23:41,INDF,RG,7100,1,D,BB,SQ,D
14:23:41,INDF,RG,7100,2,D,BB,SQ,D
14:23:41,INDF,RG,7100,25,D,BB,DR,D
14:23:41,INDF,RG,7100,10,D,BB,GR,D
14:23:41,INDF,RG,7100,9,D,BB,YP,D
14:23:37,INDF,RG,7100,11,D,PD,YP,D
14:23:37,INDF,RG,7100,3,D,PD,PD,D
14:23:37,INDF,RG,7100,1,D,PD,PD,D
14:23:36,INDF,RG,7100,18,D,YU,PD,D
14:23:36,INDF,RG,7075,95,F,ZP,OD,D
14:23:36,INDF,RG,7075,5,D,CC,OD,D
14:23:35,INDF,RG,7100,18,D,YU,PD,D
14:23:35,INDF,RG,7100,22,D,YU,PD,D
14:23:34,INDF,RG,7100,24,D,YU,PD,D
14:23:32,INDF,RG,7100,1,D,YU,PD,D
14:23:27,INDF,RG,7100,2,D,CC,PD,D
14:23:24,INDF,RG,7100,3,F,ZP,PD,D
14:23:24,INDF,RG,7075,1,D,CC,DX,D
14:23:24,INDF,RG,7075,5,D,EP,DX,D
14:23:24,INDF,RG,7075,15,F,ZP,DX,D
14:23:24,INDF,RG,7100,11,D,YU,PD,D
14:23:24,INDF,RG,7100,4,D,YU,LS,D
14:23:24,INDF,RG,7100,5,D,YU,PD,D
14:23:24,INDF,RG,7100,5,D,YU,NI,D
14:23:24,INDF,RG,7100,9,D,YU,AI,D
14:23:23,INDF,RG,7100,13,F,ZP,AI,D
14:23:16,INDF,RG,7075,10,F,ZP,CS,F
14:23:09,INDF,RG,7100,5,D,PD,AI,D
14:23:09,INDF,RG,7100,3,D,YU,AI,D
14:23:03,INDF,RG,7100,470,F,KZ,AI,D
14:23:03,INDF,RG,7100,37,F,KZ,KK,D
14:23:01,INDF,RG,7100,3,F,KZ,KK,D
14:23:01,INDF,RG,7100,2,F,KZ,NI,D
14:23:01,INDF,RG,7100,1,F,KZ,DR,D
14:23:01,INDF,RG,7100,30,F,KZ,YU,D
14:23:01,INDF,RG,7100,29,F,KZ,YP,D
14:23:01,INDF,RG,7100,13,F,KZ,YP,D
14:23:01,INDF,RG,7100,58,F,KZ,YP,D
14:23:01,INDF,RG,7100,1,F,KZ,CC,D
14:23:01,INDF,RG,7100,10,F,KZ,KK,D
14:23:01,INDF,RG,7100,10,F,KZ,CC,D
14:23:01,INDF,RG,7100,2,F,KZ,DR,D
14:23:01,INDF,RG,7100,4,F,KZ,PD,D
14:23:01,INDF,RG,7100,14,F,KZ,PD,D
14:23:01,INDF,RG,7100,364,F,KZ,OD,D
14:23:01,INDF,RG,7100,18,F,KZ,OD,D
14:23:01,INDF,RG,7100,2,F,KZ,OD,D
14:23:01,INDF,RG,7100,1,F,KZ,OD,D
14:23:01,INDF,RG,7100,7,F,KZ,OD,D
14:23:00,INDF,RG,7100,6,D,YU,OD,D
14:23:00,INDF,RG,7075,5,F,ZP,PD,D
14:22:56,INDF,RG,7100,260,F,KZ,OD,D
14:22:56,INDF,RG,7100,2,F,KZ,OD,D
14:22:56,INDF,RG,7100,5,F,KZ,OD,D
14:22:56,INDF,RG,7100,11,F,KZ,OD,D
14:22:55,INDF,RG,7100,274,D,IF,OD,D
14:22:55,INDF,RG,7100,10,D,IF,YP,D
14:22:55,INDF,RG,7100,1,D,IF,KK,D
14:22:55,INDF,RG,7100,2,D,IF,PD,D
14:22:55,INDF,RG,7100,1,D,IF,KK,D
14:22:55,INDF,RG,7100,1,D,IF,EP,D
14:22:55,INDF,RG,7100,5,D,IF,SQ,D
14:22:55,INDF,RG,7100,1,D,IF,DH,D
14:22:55,INDF,RG,7100,40,D,IF,SQ,D
14:22:55,INDF,RG,7100,5,D,IF,CC,D
14:22:55,INDF,RG,7100,3,D,IF,SQ,D
14:22:55,INDF,RG,7100,1,D,IF,XC,D
14:22:55,INDF,RG,7100,2,D,IF,PD,D
14:22:55,INDF,RG,7100,1,D,IF,DH,D
14:22:55,INDF,RG,7100,200,D,IF,TP,D
14:22:55,INDF,RG,7100,1,D,IF,PD,D
14:22:55,INDF,RG,7100,2,D,IF,PD,D
14:22:55,INDF,RG,7100,25,D,IF,YP,D
14:22:55,INDF,RG,7100,2,D,IF,XL,D
14:22:55,INDF,RG,7100,6,D,IF,SQ,D
14:22:55,INDF,RG,7100,10,D,IF,NI,D
14:22:55,INDF,RG,7100,10,D,IF,AT,D
14:22:55,INDF,RG,7100,1,D,IF,NI,D
14:22:55,INDF,RG,7100,40,D,IF,DX,D
14:22:55,INDF,RG,7100,14,D,IF,YP,D
14:22:55,INDF,RG,7100,1,D,IF,GR,D
14:22:55,INDF,RG,7100,10,D,IF,YP,D
14:22:55,INDF,RG,7100,1,D,IF,SQ,D
14:22:55,INDF,RG,7100,10,D,IF,YP,D
14:22:55,INDF,RG,7100,100,D,IF,YP,D
14:22:55,INDF,RG,7100,13,D,IF,CC,D
14:22:55,INDF,RG,7100,10,D,IF,SQ,D
14:22:55,INDF,RG,7100,25,D,IF,RS,D
14:22:55,INDF,RG,7100,94,D,IF,CP,D
14:22:55,INDF,RG,7100,3,D,IF,XC,D
14:22:55,INDF,RG,7100,5,D,IF,YP,D
14:22:55,INDF,RG,7100,10,D,IF,YP,D
14:22:55,INDF,RG,7100,50,D,IF,KK,D
14:22:55,INDF,RG,7100,2,D,IF,PD,D
14:22:55,INDF,RG,7100,50,D,IF,KK,D
14:22:55,INDF,RG,7100,1,D,IF,PD,D
14:22:55,INDF,RG,7100,8,D,IF,NI,D
14:22:55,INDF,RG,7100,18,D,IF,PD,D
14:22:55,INDF,RG,7100,4,D,IF,PD,D
14:22:55,INDF,RG,7100,50,D,IF,DX,D
14:22:55,INDF,RG,7100,10,D,IF,CC,D
14:22:55,INDF,RG,7100,200,D,IF,LG,D
14:22:55,INDF,RG,7100,15,D,IF,CC,D
14:22:55,INDF,RG,7100,5,D,IF,SQ,D
14:22:55,INDF,RG,7100,100,D,IF,YU,F
14:22:55,INDF,RG,7100,15,D,IF,YP,D
14:22:55,INDF,RG,7100,10,D,IF,YP,D
14:22:55,INDF,RG,7100,4,D,IF,PD,D
14:22:55,INDF,RG,7100,18,D,IF,NI,D
14:22:54,INDF,RG,7100,32,F,ZP,NI,D
14:22:54,INDF,RG,7100,4,F,ZP,PD,D
14:22:54,INDF,RG,7100,8,D,YU,PD,D
14:22:54,INDF,RG,7100,11,D,YU,SQ,D
14:22:54,INDF,RG,7100,19,D,YU,SQ,D
14:22:54,INDF,RG,7100,24,D,YU,SQ,D
14:22:53,INDF,RG,7100,22,D,YU,SQ,D
14:22:53,INDF,RG,7100,15,D,AZ,SQ,D
14:22:52,INDF,RG,7075,2,F,ZP,ZP,F
14:22:49,INDF,RG,7100,1,D,YU,SQ,D
14:22:49,INDF,RG,7100,1,D,CC,SQ,D
14:22:45,INDF,RG,7100,18,F,AK,SQ,D
14:22:41,INDF,RG,7100,34,D,YU,SQ,D
14:22:30,INDF,RG,7100,3,F,AK,SQ,D
14:22:29,INDF,RG,7100,10,D,PD,SQ,D
14:22:17,INDF,RG,7100,6,D,YU,SQ,D
14:22:16,INDF,RG,7100,336,F,KZ,SQ,D
14:22:16,INDF,RG,7100,100,F,KZ,AN,D
14:22:16,INDF,RG,7100,1,F,KZ,YP,D
14:22:16,INDF,RG,7100,15,F,KZ,PD,D
14:22:16,INDF,RG,7100,1,F,KZ,XL,D
14:22:16,INDF,RG,7100,26,F,KZ,OD,D
14:22:16,INDF,RG,7100,1,F,KZ,PD,D
14:22:16,INDF,RG,7100,26,F,KZ,DH,D
14:22:16,INDF,RG,7100,98,F,KZ,DH,D
14:22:16,INDF,RG,7100,10,F,KZ,CP,D
14:22:16,INDF,RG,7100,2,F,KZ,XC,D
14:22:16,INDF,RG,7100,1,F,KZ,XC,D
14:22:16,INDF,RG,7100,3,F,KZ,AR,D
14:22:16,INDF,RG,7100,7,F,KZ,AR,D
14:22:14,INDF,RG,7100,1,D,CC,AR,D
14:22:13,INDF,RG,7100,22,D,YU,AR,D
14:22:13,INDF,RG,7100,17,D,YU,AR,D
14:22:13,INDF,RG,7100,2,D,YU,NI,D
14:22:13,INDF,RG,7100,5,D,YU,PD,D
14:22:12,INDF,RG,7100,5,D,YU,PD,D
14:22:12,INDF,RG,7100,1,D,YU,PD,D
14:22:12,INDF,RG,7100,12,D,YU,OD,D
14:22:12,INDF,RG,7100,18,D,YU,OD,D
14:22:11,INDF,RG,7100,2,D,CC,OD,D
14:22:00,INDF,RG,7100,1,D,YU,OD,D
14:21:59,INDF,RG,7100,61,F,KZ,OD,D
14:21:58,INDF,RG,7100,6,D,YU,OD,D
14:21:58,INDF,RG,7100,27,D,YU,YP,D
14:21:57,INDF,RG,7100,3,D,YU,YP,D
14:21:56,INDF,RG,7100,1,F,KZ,YP,D
14:21:56,INDF,RG,7100,19,F,KZ,YP,D
14:21:56,INDF,RG,7100,3,F,KZ,LG,D
14:21:56,INDF,RG,7100,200,F,KZ,YP,D
14:21:56,INDF,RG,7100,5,F,KZ,SQ,D
14:21:56,INDF,RG,7100,10,F,KZ,YP,D
14:21:56,INDF,RG,7100,2,F,KZ,PD,D
14:21:56,INDF,RG,7100,45,F,KZ,AT,D
14:21:56,INDF,RG,7100,10,F,KZ,AT,D
14:21:56,INDF,RG,7100,4,F,KZ,AT,D
14:21:56,INDF,RG,7100,23,F,KZ,AT,D
14:21:53,INDF,RG,7100,10,F,ZP,AT,D
14:21:52,INDF,RG,7100,9,F,KZ,AT,D
14:21:51,INDF,RG,7100,43,F,ZP,AT,D
14:21:48,INDF,RG,7100,27,D,BK,AT,D
14:21:48,INDF,RG,7100,3,D,BK,XC,D
14:21:46,INDF,RG,7100,1,F,KZ,XC,D
14:21:46,INDF,RG,7100,4,F,KZ,XC,D
14:21:46,INDF,RG,7100,2,F,KZ,XC,D
14:21:46,INDF,RG,7100,2,F,KZ,YP,D
14:21:46,INDF,RG,7100,3,F,KZ,NI,D
14:21:46,INDF,RG,7100,1,F,KZ,PD,D
14:21:43,INDF,RG,7075,71,F,ZP,YP,D
14:21:43,INDF,RG,7075,119,F,ZP,YP,D
14:21:43,INDF,RG,7075,11,F,CS,YP,D
14:21:43,INDF,RG,7075,259,D,PC,YP,D
14:21:41,INDF,RG,7100,1,F,ZP,PD,D
14:21:41,INDF,RG,7100,12,F,ZP,LS,D
14:21:41,INDF,RG,7100,3,D,RX,LS,D
14:21:41,INDF,RG,7100,5,D,RX,YP,D
14:21:41,INDF,RG,7100,4,D,RX,YP,D
14:21:37,INDF,RG,7100,1,D,LG,YP,D
14:21:37,INDF,RG,7100,1,D,LG,XC,D
14:21:37,INDF,RG,7100,3,D,LG,OD,D
14:21:36,INDF,RG,7100,2,D,YU,OD,D
14:21:36,INDF,RG,7100,4,D,YU,DR,D
14:21:35,INDF,RG,7100,16,D,PD,DR,D
14:21:35,INDF,RG,7100,5,D,PD,GR,D
14:21:35,INDF,RG,7100,23,D,PD,XC,D
14:21:35,INDF,RG,7100,1,D,PD,XC,D
14:21:35,INDF,RG,7100,1,D,PD,PD,D
14:21:35,INDF,RG,7100,10,D,PD,YP,D
14:21:35,INDF,RG,7100,1,D,PD,OD,D
14:21:35,INDF,RG,7100,2,D,PD,PD,D
14:21:35,INDF,RG,7100,7,D,PD,PD,D
14:21:35,INDF,RG,7100,6,D,PD,CC,D
14:21:35,INDF,RG,7100,1,D,PD,YP,D
14:21:35,INDF,RG,7100,80,D,PD,EP,D
14:21:35,INDF,RG,7100,2,D,PD,PD,D
14:21:35,INDF,RG,7100,45,D,PD,DR,D
14:21:35,INDF,RG,7100,115,D,PD,YP,D
14:21:33,INDF,RG,7100,1,D,CC,YP,D
14:21:32,INDF,RG,7100,18,D,YU,YP,D
14:21:32,INDF,RG,7100,24,D,YU,YP,D
14:21:32,INDF,RG,7100,22,D,YU,YP,D
14:21:30,INDF,RG,7100,18,D,YU,YP,D
14:21:25,INDF,RG,7100,2,D,YU,YP,D
14:21:24,INDF,RG,7100,14,F,ZP,YP,D
14:21:23,INDF,RG,7075,10,D,PC,CS,F
14:21:20,INDF,RG,7100,35,D,YU,YP,D
14:21:07,INDF,RG,7075,20,D,PC,DX,D
14:21:05,INDF,RG,7100,18,F,ZP,YP,D
14:21:05,INDF,RG,7100,2,D,CC,YP,D
14:20:54,INDF,RG,7100,2,D,CC,YP,D
14:20:53,INDF,RG,7100,3,D,DH,YP,D
14:20:52,INDF,RG,7100,6,D,YU,YP,D
14:20:51,INDF,RG,7100,18,D,YU,YP,D
14:20:51,INDF,RG,7100,24,D,YU,YP,D
14:20:51,INDF,RG,7100,22,D,YU,YP,D
14:20:50,INDF,RG,7100,2,D,DR,YP,D
14:20:50,INDF,RG,7100,184,D,BB,YP,D
14:20:48,INDF,RG,7100,18,D,YU,YP,D
14:20:47,INDF,RG,7075,100,D,PC,AI,D
14:20:45,INDF,RG,7100,19,F,ZP,YP,D
14:20:45,INDF,RG,7100,3,D,YU,YP,D
14:20:44,INDF,RG,7100,50,D,CC,YP,D
14:20:35,INDF,RG,7100,6,F,KZ,YP,D
14:20:35,INDF,RG,7100,34,D,YU,YP,D
14:20:31,INDF,RG,7100,1,D,DR,YP,D
14:20:31,INDF,RG,7100,1,F,KZ,YP,D
14:20:31,INDF,RG,7100,1,F,KZ,YP,D
14:20:31,INDF,RG,7100,3,F,KZ,YP,D
14:20:31,INDF,RG,7100,6,F,KZ,YP,D
14:20:29,INDF,RG,7100,36,F,CS,YP,D
14:20:29,INDF,RG,7100,292,D,PD,YP,D
14:20:29,INDF,RG,7100,25,D,PD,PD,D
14:20:29,INDF,RG,7100,5,D,PD,KK,D
14:20:29,INDF,RG,7100,1,D,PD,HP,D
14:20:29,INDF,RG,7100,5,D,PD,KK,D
14:20:29,INDF,RG,7100,10,D,PD,NI,D
14:20:29,INDF,RG,7100,1,D,PD,MG,D
14:20:29,INDF,RG,7100,215,D,PD,IP,D
14:20:29,INDF,RG,7100,20,D,PD,GR,D
14:20:29,INDF,RG,7100,5,D,PD,OD,D
14:20:29,INDF,RG,7100,2,D,PD,SQ,D
14:20:29,INDF,RG,7100,1,D,PD,YP,D
14:20:29,INDF,RG,7100,100,D,PD,YP,D
14:20:29,INDF,RG,7100,100,D,PD,OD,D
14:20:29,INDF,RG,7100,50,D,PD,YP,D
14:20:29,INDF,RG,7100,2,D,PD,XC,D
14:20:29,INDF,RG,7100,50,D,PD,YP,D
14:20:29,INDF,RG,7100,30,D,PD,TP,D
14:20:29,INDF,RG,7100,10,D,PD,GR,D
14:20:29,INDF,RG,7100,9,D,PD,PD,D
14:20:29,INDF,RG,7100,50,D,PD,YU,D
14:20:29,INDF,RG,7100,15,D,PD,YP,D
14:20:29,INDF,RG,7100,1,D,PD,KK,D
14:20:29,INDF,RG,7100,1,D,PD,PD,D
14:20:29,INDF,RG,7100,262,D,PD,AZ,D
14:20:29,INDF,RG,7075,19,D,PC,DH,D
14:20:26,INDF,RG,7100,38,F,ZP,AZ,D
14:20:18,INDF,RG,7100,2,D,CC,AZ,D
14:20:10,INDF,RG,7100,6,D,YU,AZ,D
14:20:09,INDF,RG,7100,25,D,YU,AZ,D
14:20:09,INDF,RG,7100,19,D,YU,AZ,D
14:20:09,INDF,RG,7100,23,D,YU,AZ,D
14:20:08,INDF,RG,7100,18,D,YU,AZ,D
14:20:06,INDF,RG,7100,17,F,ZP,AZ,D
14:20:06,INDF,RG,7100,5,D,AT,AZ,D
14:20:02,INDF,RG,7075,5,D,PC,RO,D
14:20:02,INDF,RG,7100,2,D,YP,AZ,D
14:20:02,INDF,RG,7100,2,D,YU,AZ,D
14:20:01,INDF,RG,7100,3,D,DR,AZ,D
14:19:52,INDF,RG,7100,34,D,YU,AZ,D
14:19:51,INDF,RG,7100,18,F,ZP,AZ,D
14:19:51,INDF,RG,7100,4,D,LG,AZ,D
14:19:51,INDF,RG,7100,4,D,LG,AZ,D
14:19:49,INDF,RG,7100,66,D,BK,AZ,D
14:19:46,INDF,RG,7100,57,F,KZ,AZ,D
14:19:46,INDF,RG,7100,2,F,KZ,AZ,D
14:19:46,INDF,RG,7100,1,F,KZ,AZ,D
14:19:46,INDF,RG,7100,337,F,KZ,AZ,D
14:19:41,INDF,RG,7100,1,F,KZ,AZ,D
14:19:41,INDF,RG,7100,2,F,KZ,AZ,D
14:19:41,INDF,RG,7100,525,F,KZ,AZ,D
14:19:41,INDF,RG,7100,226,F,KZ,AZ,D
14:19:41,INDF,RG,7100,38,F,KZ,AZ,D
14:19:41,INDF,RG,7100,17,F,KZ,AZ,D
14:19:41,INDF,RG,7100,5,F,KZ,AZ,D
14:19:40,INDF,RG,7075,17,D,PC,YP,D
14:19:40,INDF,RG,7100,1,F,KZ,AZ,D
14:19:39,INDF,RG,7100,1,D,YU,AZ,D
14:19:39,INDF,RG,7100,1,D,CC,AZ,D
14:19:37,INDF,RG,7100,1,D,EP,AZ,D
14:19:36,INDF,RG,7100,26,F,ZP,AZ,D
14:19:32,INDF,RG,7075,10,D,PC,CS,F
14:19:31,INDF,RG,7100,3,D,YU,AZ,D
14:19:31,INDF,RG,7100,11,F,KZ,AZ,D
14:19:31,INDF,RG,7100,15,F,KZ,AZ,D
14:19:31,INDF,RG,7100,1,F,KZ,AZ,D
14:19:31,INDF,RG,7100,3,F,KZ,AZ,D
14:19:29,INDF,RG,7075,2,D,PC,PD,D
14:19:28,INDF,RG,7100,6,D,YU,AZ,D
14:19:28,INDF,RG,7100,19,D,YU,AZ,D
14:19:27,INDF,RG,7100,19,D,YU,AZ,D
14:19:27,INDF,RG,7100,23,D,YU,AZ,D
14:19:27,INDF,RG,7100,25,D,YU,AZ,D
14:19:26,INDF,RG,7100,4,D,LG,AZ,D
14:19:18,INDF,RG,7100,20,D,OD,AZ,D
14:19:17,INDF,RG,7100,15,F,ZP,AZ,D
14:19:13,INDF,RG,7100,10,D,PD,AZ,D
14:19:10,INDF,RG,7100,34,D,YU,AZ,D
14:19:10,INDF,RG,7100,3,D,YP,AZ,D
14:19:00,INDF,RG,7100,2,D,CC,AZ,D
14:19:00,INDF,RG,7075,10,D,PC,PD,D
14:18:58,INDF,RG,7100,16,F,ZP,AZ,D
14:18:56,INDF,RG,7075,20,D,PC,DH,D
14:18:49,INDF,RG,7100,5,D,YU,AZ,D
14:18:48,INDF,RG,7100,5,D,YP,AZ,D
14:18:48,INDF,RG,7075,28,D,PC,CP,D
14:18:48,INDF,RG,7075,72,D,RF,CP,D
14:18:46,INDF,RG,7100,18,D,AK,AZ,D
14:18:45,INDF,RG,7100,24,D,YU,AZ,D
14:18:45,INDF,RG,7100,12,F,AK,AZ,D
14:18:45,INDF,RG,7100,18,D,YU,AZ,D
14:18:44,INDF,RG,7100,18,D,YU,AZ,D
14:18:44,INDF,RG,7100,22,D,YU,AZ,D
14:18:44,INDF,RG,7075,1,D,RF,CC,D
14:18:43,INDF,RG,7075,20,D,RF,DX,D
14:18:39,INDF,RG,7100,19,F,ZP,AZ,D
14:18:37,INDF,RG,7075,25,D,RF,YP,F
14:18:35,INDF,RG,7100,2,D,YU,AZ,D
14:18:35,INDF,RG,7100,40,D,BK,AZ,D
14:18:30,INDF,RG,7100,318,D,CC,AZ,D
14:18:30,INDF,RG,7100,2,F,AK,AZ,D
14:18:30,INDF,RG,7100,8,D,TP,AZ,D
14:18:27,INDF,RG,7100,34,D,YU,AZ,D
14:18:27,INDF,RG,7100,5,D,YP,AZ,D
14:18:24,INDF,RG,7100,50,D,NI,AZ,D
14:18:23,INDF,RG,7100,1,D,CC,AZ,D
14:18:22,INDF,RG,7100,13,F,ZP,AZ,D
14:18:19,INDF,RG,7100,3,D,YU,AZ,D
14:18:10,INDF,RG,7075,25,D,RF,YP,F
14:18:07,INDF,RG,7100,6,D,YU,AZ,D
14:18:06,INDF,RG,7075,10,D,RF,OD,D
14:18:04,INDF,RG,7100,24,D,YU,AZ,D
14:18:03,INDF,RG,7100,18,D,YU,AZ,D
14:18:03,INDF,RG,7100,19,D,YU,AZ,D
14:18:03,INDF,RG,7100,22,D,YU,AZ,D
14:18:02,INDF,RG,7100,14,F,ZP,AZ,D
14:18:02,INDF,RG,7075,10,D,RF,YP,D
14:17:59,INDF,RG,7100,186,D,BB,AZ,D
14:17:56,INDF,RG,7100,271,F,KZ,AZ,D
14:17:56,INDF,RG,7100,4,F,KZ,AZ,D
14:17:56,INDF,RG,7100,4,F,KZ,AZ,D
14:17:56,INDF,RG,7100,3,F,KZ,AZ,D
14:17:52,INDF,RG,7075,30,D,RF,XA,D
14:17:51,INDF,RG,7100,10,D,DH,AZ,D
14:17:51,INDF,RG,7100,11,D,RX,AZ,D
14:17:46,INDF,RG,7100,2,D,CC,AZ,D
14:17:46,INDF,RG,7100,12,F,ZP,AZ,D
14:17:46,INDF,RG,7100,34,D,YU,AZ,D
14:17:41,INDF,RG,7075,9,D,RF,CS,F
14:17:34,INDF,RG,7100,1,D,CC,AZ,D
14:17:31,INDF,RG,7100,16,F,ZP,AZ,D
14:17:30,INDF,RG,7075,1,D,RF,XC,D
14:17:24,INDF,RG,7100,6,D,YU,AZ,D
14:17:23,INDF,RG,7100,24,D,YU,AZ,D
14:17:22,INDF,RG,7100,18,D,YU,AZ,D
14:17:22,INDF,RG,7100,22,D,YU,AZ,D
14:17:21,INDF,RG,7100,1,D,YU,AZ,D
14:17:21,INDF,RG,7100,18,D,YU,AZ,D
14:17:15,INDF,RG,7100,2,F,AK,AZ,D
14:17:15,INDF,RG,7100,2,D,OD,AZ,D
14:17:14,INDF,RG,7100,1,D,CC,AZ,D
14:17:09,INDF,RG,7100,2,D,YU,AZ,D
14:17:09,INDF,RG,7100,14,F,ZP,AZ,D
14:17:08,INDF,RG,7100,2,D,CC,AZ,D
14:17:05,INDF,RG,7100,3,D,YU,AZ,D
14:17:04,INDF,RG,7100,33,D,YU,AZ,D
14:17:04,INDF,RG,7100,3,D,OD,AZ,D
14:17:02,INDF,RG,7100,631,D,PD,AZ,D
14:16:55,INDF,RG,7100,55,D,BK,AZ,D
14:16:55,INDF,RG,7075,29,D,RF,NI,D
14:16:51,INDF,RG,7100,1,D,YP,AZ,D
14:16:50,INDF,RG,7100,17,F,ZP,AZ,D
14:16:48,INDF,RG,7100,5,D,YU,AZ,D
14:16:47,INDF,RG,7100,7,D,NI,AZ,D
14:16:43,INDF,RG,7100,24,D,YU,AZ,D
14:16:41,INDF,RG,7100,18,D,YU,AZ,D
14:16:41,INDF,RG,7100,22,D,YU,AZ,D
14:16:40,INDF,RG,7100,18,D,YU,AZ,D
14:16:35,INDF,RG,7100,16,F,ZP,AZ,D
14:16:30,INDF,RG,7100,1,D,CC,AZ,D
14:16:27,INDF,RG,7100,52,F,KZ,AZ,D
14:16:26,INDF,RG,7100,1,D,YU,AZ,D
14:16:26,INDF,RG,7100,8,F,ZP,AZ,D
14:16:26,INDF,RG,7100,5,F,KZ,AZ,D
14:16:26,INDF,RG,7100,5,F,KZ,AZ,D
14:16:26,INDF,RG,7100,237,F,KZ,AZ,D
14:16:25,INDF,RG,7100,21,F,KZ,AZ,D
14:16:23,INDF,RG,7100,33,D,YU,AZ,D
14:16:23,INDF,RG,7075,47,D,RF,PD,D
14:16:22,INDF,RG,7075,19,D,RF,DX,D
14:16:21,INDF,RG,7100,3,F,KZ,AZ,D
14:16:17,INDF,RG,7100,3,F,KZ,AZ,D
14:16:17,INDF,RG,7100,15,F,ZP,AZ,D
14:16:15,INDF,RG,7100,1,F,KZ,AZ,D
14:16:14,INDF,RG,7100,5,D,PD,AZ,D
14:16:12,INDF,RG,7100,1,F,KZ,AZ,D
14:16:12,INDF,RG,7100,5,D,YU,AZ,D
14:16:07,INDF,RG,7100,17,D,CC,AZ,D
14:16:04,INDF,RG,7100,8,F,KZ,AZ,D
14:16:02,INDF,RG,7100,24,D,YU,AZ,D
14:16:01,INDF,RG,7100,5,F,KZ,AZ,D
14:16:01,INDF,RG,7100,18,D,YU,AZ,D
14:16:01,INDF,RG,7100,22,D,YU,AZ,D
14:16:00,INDF,RG,7100,18,D,YU,AZ,D
14:15:58,INDF,RG,7100,2,D,DR,AZ,D
14:15:56,INDF,RG,7100,17,F,ZP,AZ,D
14:15:56,INDF,RG,7100,65,F,KZ,AZ,D
14:15:56,INDF,RG,7100,1,F,KZ,AZ,D
14:15:56,INDF,RG,7100,3,F,KZ,AZ,D
14:15:56,INDF,RG,7100,4,F,KZ,AZ,D
14:15:52,INDF,RG,7100,2,D,CC,AZ,D
14:15:52,INDF,RG,7100,3,D,YU,AZ,D
14:15:51,INDF,RG,7100,138,D,PD,AZ,D
14:15:51,INDF,RG,7100,2,D,PD,XC,D
14:15:51,INDF,RG,7100,1,D,PD,LG,D
14:15:51,INDF,RG,7100,10,D,PD,DR,D
14:15:51,INDF,RG,7100,5,D,PD,CC,D
14:15:51,INDF,RG,7100,1,D,PD,NI,D
14:15:51,INDF,RG,7100,3,D,PD,OD,D
14:15:51,INDF,RG,7100,1,D,PD,YP,D
14:15:51,INDF,RG,7100,10,D,PD,GR,D
14:15:51,INDF,RG,7100,1,D,PD,HP,D
14:15:51,INDF,RG,7100,3,D,PD,PD,D
14:15:51,INDF,RG,7100,5,D,PD,OD,D
14:15:51,INDF,RG,7100,15,D,PD,AG,D
14:15:51,INDF,RG,7100,2,D,PD,YU,D
14:15:51,INDF,RG,7100,2,D,PD,YJ,D
14:15:51,INDF,RG,7100,1,D,PD,NI,D
14:15:51,INDF,RG,7100,1,D,PD,XC,D
14:15:51,INDF,RG,7100,20,D,PD,NI,D
14:15:51,INDF,RG,7100,17,D,PD,XC,D
14:15:51,INDF,RG,7100,2,D,PD,HP,D
14:15:51,INDF,RG,7100,5,D,PD,KK,D
14:15:51,INDF,RG,7100,10,D,PD,KK,D
14:15:51,INDF,RG,7100,10,D,PD,DH,D
14:15:51,INDF,RG,7100,1,D,PD,YP,D
14:15:51,INDF,RG,7100,1,D,PD,DR,D
14:15:51,INDF,RG,7100,5,D,PD,YP,D
14:15:51,INDF,RG,7100,2,D,PD,NI,D
14:15:51,INDF,RG,7100,9,D,PD,YP,D
14:15:51,INDF,RG,7100,1,D,PD,YP,D
14:15:51,INDF,RG,7100,100,D,PD,YU,D
14:15:51,INDF,RG,7100,2,D,PD,RB,D
14:15:51,INDF,RG,7100,2,D,PD,YP,D
14:15:51,INDF,RG,7100,1,D,PD,YP,D
14:15:51,INDF,RG,7100,5,D,PD,NI,D
14:15:51,INDF,RG,7100,35,D,PD,KK,D
14:15:51,INDF,RG,7100,1,D,PD,HP,D
14:15:51,INDF,RG,7100,10,D,PD,YP,D
14:15:51,INDF,RG,7100,1,D,PD,SQ,D
14:15:51,INDF,RG,7100,2,D,PD,DR,D
14:15:51,INDF,RG,7100,2,D,PD,EP,D
14:15:51,INDF,RG,7100,3,D,PD,DX,D
14:15:51,INDF,RG,7100,20,D,PD,YP,D
14:15:51,INDF,RG,7100,50,D,PD,CC,D
14:15:51,INDF,RG,7100,1,D,PD,PD,D
14:15:51,INDF,RG,7100,3,D,PD,LG,D
14:15:51,INDF,RG,7100,10,D,PD,YP,D
14:15:51,INDF,RG,7100,20,D,PD,PD,D
14:15:51,INDF,RG,7100,2,D,PD,GR,D
14:15:51,INDF,RG,7100,77,D,PD,LG,D
14:15:43,INDF,RG,7100,1,D,YU,LG,D
14:15:42,INDF,RG,7100,22,D,YU,LG,D
14:15:42,INDF,RG,7100,1,D,YU,YP,D
14:15:42,INDF,RG,7100,10,D,YU,CP,D
14:15:41,INDF,RG,7100,4,D,LG,CP,D
14:15:39,INDF,RG,7100,2,D,EP,CP,D
14:15:34,INDF,RG,7100,16,F,ZP,CP,D
14:15:33,INDF,RG,7100,6,D,YU,CP,D
14:15:32,INDF,RG,7075,10,D,RF,YU,D
14:15:27,INDF,RG,7100,32,D,YP,CP,D
14:15:27,INDF,RG,7100,23,D,YP,CC,D
14:15:27,INDF,RG,7100,1,D,YP,XC,D
14:15:27,INDF,RG,7100,50,D,YP,PF,D
14:15:27,INDF,RG,7100,1,D,YP,DH,D
14:15:27,INDF,RG,7100,30,D,YP,DX,F
14:15:27,INDF,RG,7100,1,D,YP,NI,D
14:15:27,INDF,RG,7100,62,D,YP,GR,D
14:15:23,INDF,RG,7100,11,F,ZP,GR,D
14:15:21,INDF,RG,7100,31,F,ZP,GR,D
14:15:21,INDF,RG,7100,24,D,YU,GR,D
14:15:20,INDF,RG,7100,18,D,YU,GR,D
14:15:20,INDF,RG,7100,18,D,YU,GR,D
14:15:20,INDF,RG,7100,22,D,YU,GR,D
14:15:18,INDF,RG,7100,272,F,KZ,GR,D
14:15:16,INDF,RG,7100,3,D,KK,GR,D
14:15:16,INDF,RG,7100,1,F,KZ,GR,D
14:15:16,INDF,RG,7100,1,F,KZ,GR,D
14:15:16,INDF,RG,7100,2,F,KZ,GR,D
14:15:16,INDF,RG,7100,1,F,KZ,GR,D
14:15:15,INDF,RG,7100,16,F,ZP,GR,D
14:15:14,INDF,RG,7100,1,D,CC,GR,D
14:15:11,INDF,RG,7100,17,D,YP,GR,D
14:15:11,INDF,RG,7100,15,D,YP,YP,D
14:15:11,INDF,RG,7100,1,D,YP,PD,D
14:15:11,INDF,RG,7100,17,D,YP,GR,D
14:15:07,INDF,RG,7075,10,D,RF,NI,D
14:15:06,INDF,RG,7100,225,F,KZ,GR,D
14:15:06,INDF,RG,7100,1,F,KZ,GR,D
14:15:06,INDF,RG,7100,2,F,KZ,GR,D
14:15:06,INDF,RG,7100,4,F,KZ,GR,D
14:15:05,INDF,RG,7100,192,D,BB,GR,D
14:15:01,INDF,RG,7100,1,D,YU,GR,D
14:15:01,INDF,RG,7100,1,D,YU,GR,D
14:15:01,INDF,RG,7100,33,D,YU,GR,D
14:15:00,INDF,RG,7100,24,D,BK,GR,D
14:15:00,INDF,RG,7100,25,D,BK,GR,D
14:15:00,INDF,RG,7100,17,D,BK,XC,D
14:14:57,INDF,RG,7100,18,F,ZP,XC,D
14:14:53,INDF,RG,7100,1,D,DR,XC,D
14:14:52,INDF,RG,7100,1,D,DR,XC,D
14:14:50,INDF,RG,7075,10,D,RF,KK,D
14:14:49,INDF,RG,7100,3,D,YU,XC,D
14:14:49,INDF,RG,7100,3,D,YU,NI,D
14:14:46,INDF,RG,7100,2,F,KZ,NI,D
14:14:46,INDF,RG,7100,8,F,KZ,NI,D
14:14:46,INDF,RG,7100,13,F,KZ,NI,D
14:14:46,INDF,RG,7100,4,F,KZ,NI,D
14:14:43,INDF,RG,7100,3,D,YU,NI,D
14:14:43,INDF,RG,7100,24,D,YU,NI,D
14:14:42,INDF,RG,7100,18,D,YU,NI,D
14:14:42,INDF,RG,7100,22,D,YU,NI,D
14:14:42,INDF,RG,7100,18,D,YU,NI,D
14:14:42,INDF,RG,7100,2,D,PD,NI,D
14:14:38,INDF,RG,7100,16,F,ZP,NI,D
14:14:38,INDF,RG,7075,1,D,RF,YP,D
14:14:37,INDF,RG,7100,11,D,RX,NI,D
14:14:36,INDF,RG,7100,2,D,CC,NI,D
14:14:33,INDF,RG,7100,200,D,YP,NI,D
14:14:30,INDF,RG,7100,6,D,NI,NI,D
14:14:25,INDF,RG,7100,34,D,YU,NI,D
14:14:24,INDF,RG,7100,1,D,YU,NI,D
14:14:23,INDF,RG,7075,2,D,RF,KK,D
14:14:22,INDF,RG,7100,14,F,ZP,NI,D
14:14:14,INDF,RG,7100,2,D,YP,NI,D
14:14:12,INDF,RG,7100,6,D,YU,NI,D
14:14:08,INDF,RG,7100,24,D,YU,NI,D
14:14:08,INDF,RG,7075,23,D,RF,DX,D
14:14:06,INDF,RG,7100,19,D,YU,NI,D
14:14:06,INDF,RG,7100,23,D,YU,NI,D
14:14:06,INDF,RG,7100,19,D,YU,NI,D
14:14:06,INDF,RG,7100,18,F,ZP,NI,D
14:14:05,INDF,RG,7075,30,D,RF,PD,D
14:13:58,INDF,RG,7100,1,D,CC,NI,D
14:13:56,INDF,RG,7075,1,D,RF,YP,D
14:13:49,INDF,RG,7075,72,D,RF,YP,D
14:13:49,INDF,RG,7100,33,D,YU,NI,D
14:13:48,INDF,RG,7100,1,D,YU,NI,D
14:13:45,INDF,RG,7100,23,F,ZP,NI,D
14:13:45,INDF,RG,7075,1,D,RF,NI,D
14:13:41,INDF,RG,7075,10,D,RF,DR,F
14:13:40,INDF,RG,7100,6,D,YU,NI,D
14:13:40,INDF,RG,7100,3,D,YU,NI,D
14:13:33,INDF,RG,7100,21,D,YU,NI,D
14:13:33,INDF,RG,7100,3,D,YU,CC,D
14:13:30,INDF,RG,7100,19,D,YU,CC,D
14:13:30,INDF,RG,7100,18,D,YU,CC,D
14:13:30,INDF,RG,7100,22,D,YU,CC,D
14:13:25,INDF,RG,7100,8,F,ZP,CC,D
14:13:25,INDF,RG,7100,5,F,ZP,PD,D
14:13:25,INDF,RG,7100,1,F,ZP,PD,D
14:13:25,INDF,RG,7100,5,F,ZP,AT,D
14:13:20,INDF,RG,7100,2,D,CC,AI,D
14:13:19,INDF,RG,7100,1,D,CC,AI,D
14:13:14,INDF,RG,7100,7,D,YU,AI,D
14:13:14,INDF,RG,7100,15,D,YU,YP,D
14:13:14,INDF,RG,7100,2,D,YU,XL,D
14:13:14,INDF,RG,7100,9,D,YU,DH,D
14:13:11,INDF,RG,7100,1,D,YU,DH,D
14:13:11,INDF,RG,7100,10,F,KZ,DH,D
14:13:11,INDF,RG,7100,15,F,KZ,LG,D
14:13:11,INDF,RG,7100,1,F,KZ,LG,D
14:13:11,INDF,RG,7100,2,F,KZ,LG,D
14:13:11,INDF,RG,7100,5,F,KZ,LG,D
14:13:11,INDF,RG,7100,2,F,KZ,CC,D
14:13:11,INDF,RG,7100,100,F,KZ,LG,D
14:13:11,INDF,RG,7100,1,F,KZ,CC,D
14:13:11,INDF,RG,7100,1,F,KZ,LG,D
14:13:11,INDF,RG,7100,1,F,KZ,YP,D
14:13:11,INDF,RG,7100,4,F,KZ,YP,D
14:13:11,INDF,RG,7100,103,F,KZ,YP,D
14:13:11,INDF,RG,7100,29,D,KK,YP,D
14:13:11,INDF,RG,7100,16,F,KZ,YP,D
14:13:10,INDF,RG,7100,67,D,BK,YP,D
14:13:08,INDF,RG,7100,35,F,KZ,YP,D
14:13:08,INDF,RG,7100,10,F,KZ,YP,D
14:13:08,INDF,RG,7100,2,F,KZ,CC,D
14:13:08,INDF,RG,7100,2,F,KZ,CC,D
14:13:08,INDF,RG,7100,4,F,KZ,DR,D
14:13:08,INDF,RG,7100,11,F,ZP,DR,D
14:13:08,INDF,RG,7100,7,F,ZP,CC,D
14:13:08,INDF,RG,7100,1,F,ZP,DR,D
14:13:06,INDF,RG,7100,3,F,KZ,DR,D
14:13:06,INDF,RG,7100,16,F,KZ,DR,D
14:13:06,INDF,RG,7100,2,F,KZ,CC,D
14:13:06,INDF,RG,7100,1,F,KZ,AG,D
14:13:06,INDF,RG,7100,10,F,KZ,XA,D
14:13:06,INDF,RG,7100,1,F,KZ,DR,D
14:13:06,INDF,RG,7100,30,F,KZ,XA,D
14:13:06,INDF,RG,7100,80,F,KZ,XA,D
14:13:06,INDF,RG,7100,5,F,KZ,IP,D
14:13:06,INDF,RG,7100,133,F,KZ,LG,D
14:13:06,INDF,RG,7100,5,F,KZ,LG,D
14:13:05,INDF,RG,7100,1,F,KZ,LG,D
14:13:04,INDF,RG,7100,5,D,YU,LG,D
14:13:03,INDF,RG,7100,2,F,KZ,LG,D
14:13:03,INDF,RG,7100,4,F,KZ,LG,D
14:13:03,INDF,RG,7100,18,F,KZ,LG,D
14:13:02,INDF,RG,7100,1,D,YU,LG,D
14:13:01,INDF,RG,7100,13,F,KZ,LG,D
14:13:01,INDF,RG,7100,45,F,KZ,LG,D
14:13:01,INDF,RG,7100,2,F,KZ,LG,D
14:13:01,INDF,RG,7100,4,F,KZ,LG,D
14:13:01,INDF,RG,7100,49,F,KZ,LG,D
14:13:01,INDF,RG,7100,49,F,KZ,LG,D
14:12:59,INDF,RG,7100,9,F,KZ,LG,D
14:12:59,INDF,RG,7100,1,F,KZ,KK,D
14:12:59,INDF,RG,7100,2,F,KZ,KK,D
14:12:59,INDF,RG,7100,10,F,KZ,KK,D
14:12:59,INDF,RG,7100,2,F,KZ,KK,D
14:12:59,INDF,RG,7100,1,F,KZ,KK,D
14:12:59,INDF,RG,7100,3,F,KZ,KK,D
14:12:59,INDF,RG,7100,3,F,KZ,YP,D
14:12:59,INDF,RG,7100,2,F,KZ,KK,D
14:12:59,INDF,RG,7100,50,F,KZ,EP,D
14:12:59,INDF,RG,7100,1,F,KZ,PD,D
14:12:59,INDF,RG,7100,149,F,KZ,YU,D
14:12:58,INDF,RG,7100,205,F,KZ,YU,D
14:12:58,INDF,RG,7100,5,D,ZP,YU,D
14:12:58,INDF,RG,7100,130,F,BK,YU,D
14:12:57,INDF,RG,7100,11,D,YU,YU,D
14:12:57,INDF,RG,7100,14,D,YU,AZ,D
14:12:56,INDF,RG,7100,6,F,KZ,AZ,D
14:12:56,INDF,RG,7100,7,F,KZ,AZ,D
14:12:56,INDF,RG,7100,2,F,KZ,AZ,D
14:12:56,INDF,RG,7100,1,F,KZ,AZ,D
14:12:56,INDF,RG,7100,14,F,KZ,AZ,D
14:12:56,INDF,RG,7100,51,F,KZ,AZ,D
14:12:56,INDF,RG,7100,3,F,KZ,AZ,D
14:12:56,INDF,RG,7100,1,F,KZ,AZ,D
14:12:55,INDF,RG,7100,1,D,PC,AZ,D
14:12:55,INDF,RG,7100,10,D,PC,PD,D
14:12:55,INDF,RG,7100,3,D,PC,SQ,D
14:12:55,INDF,RG,7100,60,D,PC,LG,D
14:12:55,INDF,RG,7100,50,D,PC,SQ,D
14:12:55,INDF,RG,7100,2,D,PC,SQ,D
14:12:55,INDF,RG,7100,5,D,PC,PD,D
14:12:55,INDF,RG,7100,10,D,PC,OD,D
14:12:55,INDF,RG,7100,200,D,PC,YP,D
14:12:55,INDF,RG,7100,65,D,PC,OD,D
14:12:55,INDF,RG,7100,3,D,PC,KK,D
14:12:55,INDF,RG,7100,2,D,PC,PD,D
14:12:55,INDF,RG,7100,5,D,PC,YP,D
14:12:55,INDF,RG,7100,2,D,PC,PD,D
14:12:55,INDF,RG,7100,2,D,PC,PD,D
14:12:55,INDF,RG,7100,1,D,PC,PD,D
14:12:55,INDF,RG,7100,215,D,PC,LG,D
14:12:55,INDF,RG,7100,20,D,PC,DH,D
14:12:55,INDF,RG,7100,5,D,PC,DH,D
14:12:55,INDF,RG,7100,2,D,PC,PD,D
14:12:55,INDF,RG,7100,5,D,PC,PD,D
14:12:55,INDF,RG,7100,50,D,PC,SQ,D
14:12:55,INDF,RG,7100,31,D,PC,PD,D
14:12:55,INDF,RG,7100,3,D,PC,PD,D
14:12:55,INDF,RG,7100,32,D,PC,GR,D
14:12:55,INDF,RG,7100,16,D,PC,LG,D
14:12:54,INDF,RG,7100,18,F,BK,LG,D
14:12:54,INDF,RG,7100,5,F,KZ,LG,D
14:12:54,INDF,RG,7100,18,D,YU,LG,D
14:12:54,INDF,RG,7100,23,D,YU,LG,D
14:12:54,INDF,RG,7100,3,D,YU,YP,D
14:12:54,INDF,RG,7100,15,D,YU,AZ,D
14:12:51,INDF,RG,7100,5,F,KZ,AZ,D
14:12:51,INDF,RG,7100,1,F,KZ,LG,D
14:12:51,INDF,RG,7100,1,F,KZ,LG,D
14:12:51,INDF,RG,7100,1,F,KZ,LG,D
14:12:51,INDF,RG,7100,3,F,KZ,LG,D
14:12:51,INDF,RG,7100,15,F,ZP,LG,D
14:12:50,INDF,RG,7100,75,D,ZP,LG,D
14:12:48,INDF,RG,7100,12,D,NI,LG,D
14:12:44,INDF,RG,7100,2,D,CC,LG,D
14:12:40,INDF,RG,7100,13,F,BK,LG,D
14:12:39,INDF,RG,7100,34,D,YU,LG,D
14:12:39,INDF,RG,7100,3,D,YU,LG,D
14:12:36,INDF,RG,7100,42,F,KZ,LG,D
14:12:36,INDF,RG,7100,2,F,KZ,LG,D
14:12:36,INDF,RG,7100,3,F,KZ,LG,D
14:12:36,INDF,RG,7100,1,F,KZ,LG,D
14:12:34,INDF,RG,7100,15,F,BK,LG,D
14:12:34,INDF,RG,7100,1,D,YU,LG,D
14:12:33,INDF,RG,7100,15,F,ZP,LG,D
14:12:33,INDF,RG,7100,5,D,YU,LG,D
14:12:29,INDF,RG,7100,14,F,BK,LG,D
14:12:29,INDF,RG,7100,13,D,XL,LG,D
14:12:26,INDF,RG,7100,2,F,KZ,LG,D
14:12:26,INDF,RG,7100,5,F,KZ,LG,D
14:12:26,INDF,RG,7100,1,F,KZ,LG,D
14:12:26,INDF,RG,7100,2,F,KZ,LG,D
14:12:24,INDF,RG,7100,28,F,BK,LG,D
14:12:23,INDF,RG,7100,51,F,KZ,LG,D
14:12:21,INDF,RG,7100,7,F,KZ,LG,D
14:12:21,INDF,RG,7100,1,F,KZ,LG,D
14:12:21,INDF,RG,7100,1,F,KZ,LG,D
14:12:21,INDF,RG,7100,3,F,KZ,LG,D
14:12:20,INDF,RG,7100,25,D,YU,LG,D
14:12:19,INDF,RG,7100,18,F,BK,LG,D
14:12:19,INDF,RG,7100,18,D,YU,LG,D
14:12:19,INDF,RG,7100,18,D,YU,LG,D
14:12:17,INDF,RG,7100,22,D,YU,LG,D
14:12:16,INDF,RG,7100,18,F,ZP,LG,D
14:12:16,INDF,RG,7100,9,F,BK,LG,D
14:12:16,INDF,RG,7100,10,F,BK,PD,D
14:12:16,INDF,RG,7100,3,F,BK,SQ,D
14:12:16,INDF,RG,7100,5,F,BK,PD,D
14:12:16,INDF,RG,7100,26,F,BK,SQ,D
14:12:13,INDF,RG,7100,74,F,KZ,SQ,D
14:12:13,INDF,RG,7100,2,F,KZ,SQ,D
14:12:13,INDF,RG,7100,4,F,KZ,PD,D
14:12:13,INDF,RG,7100,12,F,KZ,GR,D
14:12:13,INDF,RG,7100,8,D,AI,GR,D
14:12:13,INDF,RG,7100,2,D,AI,LS,D
14:12:11,INDF,RG,7100,15,F,KZ,LS,D
14:12:11,INDF,RG,7100,3,F,KZ,LS,D
14:12:11,INDF,RG,7100,1,F,KZ,LS,D
14:12:11,INDF,RG,7100,1,F,KZ,LS,D
14:12:10,INDF,RG,7100,78,F,KZ,LS,D
14:12:10,INDF,RG,7100,10,F,KZ,YP,D
14:12:10,INDF,RG,7100,1,F,KZ,KK,D
14:12:10,INDF,RG,7100,1,F,KZ,NI,D
14:12:10,INDF,RG,7100,7,F,KZ,YP,D
14:12:10,INDF,RG,7100,18,F,BK,YP,D
14:12:10,INDF,RG,7100,40,F,BK,AT,D
14:12:06,INDF,RG,7075,1,D,RF,YP,D
14:12:06,INDF,RG,7100,1,D,CC,AT,D
14:12:06,INDF,RG,7100,9,D,BB,AT,D
14:12:06,INDF,RG,7100,70,D,BB,GR,D
14:12:06,INDF,RG,7100,1,D,BB,AT,D
14:12:06,INDF,RG,7100,10,D,BB,KK,D
14:12:06,INDF,RG,7100,1,D,BB,YP,D
14:12:06,INDF,RG,7100,5,D,BB,KK,D
14:12:06,INDF,RG,7100,2,D,BB,YB,D
14:12:06,INDF,RG,7100,15,D,BB,KK,D
14:12:06,INDF,RG,7100,200,D,BB,GR,D
14:12:06,INDF,RG,7100,1,D,BB,YP,D
14:12:06,INDF,RG,7100,7,D,BB,DR,D
14:12:06,INDF,RG,7100,8,F,KZ,DR,D
14:12:06,INDF,RG,7100,1,F,KZ,DR,D
14:12:06,INDF,RG,7100,1,F,KZ,DR,D
14:12:06,INDF,RG,7100,1,F,KZ,DR,D
14:12:05,INDF,RG,7100,19,F,BK,DR,D
14:12:03,INDF,RG,7100,13,D,YU,DR,D
14:12:03,INDF,RG,7100,10,D,YU,PD,D
14:12:03,INDF,RG,7100,10,D,YU,RS,D
14:12:01,INDF,RG,7100,5,F,KZ,PD,D
14:12:01,INDF,RG,7100,4,F,KZ,YP,D
14:12:01,INDF,RG,7100,9,F,KZ,DR,D
14:12:01,INDF,RG,7100,1,F,KZ,DR,D
14:12:01,INDF,RG,7100,4,F,KZ,DR,D
14:12:01,INDF,RG,7100,1,F,KZ,DR,D
14:12:00,INDF,RG,7075,8,D,RF,KK,D
14:11:58,INDF,RG,7100,1,D,YU,IF,D
14:11:58,INDF,RG,7100,14,F,ZP,IF,D
14:11:58,INDF,RG,7100,1,F,ZP,DR,D
14:11:57,INDF,RG,7100,1,D,YU,DR,D
14:11:57,INDF,RG,7100,5,D,YU,DH,D
14:11:52,INDF,RG,7100,5,D,AK,DH,D
14:11:52,INDF,RG,7100,2,D,AK,YU,D
14:11:52,INDF,RG,7100,9,D,AK,IH,D
14:11:52,INDF,RG,7100,2,D,DR,IH,D
14:11:49,INDF,RG,7100,7,F,KZ,IH,D
14:11:49,INDF,RG,7100,35,D,XL,IH,D
14:11:48,INDF,RG,7100,7,F,KZ,IH,D
14:11:48,INDF,RG,7100,21,F,KZ,TP,F
14:11:46,INDF,RG,7100,13,F,KZ,TP,F
14:11:46,INDF,RG,7100,4,F,KZ,TP,F
14:11:46,INDF,RG,7100,1,F,KZ,TP,F
14:11:46,INDF,RG,7100,4,F,KZ,TP,F
14:11:46,INDF,RG,7100,3,F,KZ,TP,F
14:11:46,INDF,RG,7100,2,F,KZ,TP,F
14:11:46,INDF,RG,7100,7,F,KZ,TP,F
14:11:46,INDF,RG,7100,1,F,KZ,TP,F
14:11:44,INDF,RG,7100,19,D,YU,TP,F
14:11:44,INDF,RG,7100,25,D,YU,TP,F
14:11:43,INDF,RG,7100,19,D,YU,TP,F
14:11:43,INDF,RG,7100,19,F,ZP,TP,F
14:11:42,INDF,RG,7100,22,D,YU,TP,F
14:11:37,INDF,RG,7100,3,D,YU,TP,F
14:11:30,INDF,RG,7100,7,F,KZ,TP,F
14:11:28,INDF,RG,7100,2,D,CC,TP,F
14:11:28,INDF,RG,7075,2,D,RF,KK,D
14:11:27,INDF,RG,7100,34,D,YU,TP,F
14:11:27,INDF,RG,7100,12,F,KZ,TP,F
14:11:26,INDF,RG,7100,64,D,BK,TP,F
14:11:26,INDF,RG,7100,17,F,ZP,TP,F
14:11:24,INDF,RG,7100,71,F,KZ,TP,F
14:11:23,INDF,RG,7100,21,F,KZ,TP,F
14:11:23,INDF,RG,7100,109,F,BK,TP,F
14:11:23,INDF,RG,7100,236,F,BK,MK,D
14:11:21,INDF,RG,7100,2,F,KZ,MK,D
14:11:21,INDF,RG,7100,2,F,KZ,MK,D
14:11:21,INDF,RG,7100,61,F,KZ,MK,D
14:11:21,INDF,RG,7100,299,F,KZ,MK,D
14:11:21,INDF,RG,7100,10,F,KZ,MG,D
14:11:20,INDF,RG,7100,1,D,YU,MG,D
14:11:20,INDF,RG,7100,6,D,YU,MG,D
14:11:19,INDF,RG,7100,28,D,YP,MG,D
14:11:19,INDF,RG,7100,50,D,YP,MG,D
14:11:18,INDF,RG,7100,5,F,CS,MG,D
14:11:18,INDF,RG,7075,3,D,RF,ZP,F
14:11:18,INDF,RG,7075,2,D,RF,CC,F
14:11:18,INDF,RG,7075,30,D,RF,PD,D
14:11:18,INDF,RG,7075,57,D,RF,XC,D
14:11:18,INDF,RG,7075,5,D,RF,PD,D
14:11:18,INDF,RG,7075,10,D,RF,GR,D
14:11:18,INDF,RG,7075,1,D,RF,XL,D
14:11:18,INDF,RG,7075,10,D,RF,PD,D
14:11:18,INDF,RG,7075,1,D,RF,XC,D
14:11:18,INDF,RG,7075,10,D,RF,YP,D
14:11:18,INDF,RG,7075,10,D,RF,HP,D
14:11:18,INDF,RG,7075,1,D,RF,XC,D
14:11:18,INDF,RG,7075,7,D,RF,OD,D
14:11:18,INDF,RG,7075,1,D,RF,CC,D
14:11:18,INDF,RG,7075,1,D,RF,PD,D
14:11:18,INDF,RG,7075,20,D,RF,DX,D
14:11:18,INDF,RG,7075,12,D,RF,YP,D
14:11:18,INDF,RG,7075,2,D,RF,XC,D
14:11:18,INDF,RG,7075,40,D,RF,GR,D
14:11:18,INDF,RG,7075,4,D,RF,XC,D
14:11:18,INDF,RG,7075,130,D,RF,YU,D
14:11:18,INDF,RG,7075,50,D,RF,YP,D
14:11:18,INDF,RG,7075,12,D,RF,CS,F
14:11:18,INDF,RG,7075,1,D,RF,YB,D
14:11:18,INDF,RG,7075,45,D,RF,CC,D
14:11:18,INDF,RG,7075,9,D,RF,YU,F
14:11:18,INDF,RG,7075,1,D,RF,DR,D
14:11:18,INDF,RG,7075,8,D,RF,HP,D
14:11:18,INDF,RG,7075,2,D,RF,AI,D
14:11:18,INDF,RG,7075,2,D,RF,PD,D
14:11:18,INDF,RG,7075,2,D,RF,AG,D
14:11:18,INDF,RG,7075,30,D,RF,CC,D
14:11:18,INDF,RG,7075,10,D,RF,CC,D
14:11:18,INDF,RG,7075,5,D,RF,DH,D
14:11:18,INDF,RG,7075,57,D,RF,RX,F
14:11:18,INDF,RG,7075,1,D,RF,TP,D
14:11:18,INDF,RG,7075,1,D,RF,DH,D
14:11:18,INDF,RG,7075,2,D,RF,CC,D
14:11:18,INDF,RG,7075,4,D,RF,ZP,F
14:11:18,INDF,RG,7075,10,D,RF,YP,D
14:11:18,INDF,RG,7075,2,D,RF,DR,D
14:11:18,INDF,RG,7075,27,D,RF,PD,D
14:11:18,INDF,RG,7075,40,D,RF,YJ,D
14:11:18,INDF,RG,7075,14,D,RF,CS,F
14:11:18,INDF,RG,7075,5,D,RF,YP,D
14:11:18,INDF,RG,7075,2,D,RF,CC,D
14:11:18,INDF,RG,7075,3,D,RF,CC,D
14:11:18,INDF,RG,7075,1,D,RF,PD,D
14:11:18,INDF,RG,7075,2,D,RF,GR,D
14:11:18,INDF,RG,7075,3,D,RF,PD,D
14:11:18,INDF,RG,7075,2,D,RF,NI,D
14:11:18,INDF,RG,7075,25,D,RF,OD,D
14:11:18,INDF,RG,7075,17,D,RF,CS,F
14:11:18,INDF,RG,7075,519,D,RF,YU,F
14:11:18,INDF,RG,7075,262,F,KZ,YU,F
14:11:17,INDF,RG,7075,11,D,DH,YU,F
14:11:17,INDF,RG,7075,100,D,PD,YU,F
14:11:17,INDF,RG,7075,648,F,BK,YU,F
14:11:16,INDF,RG,7075,219,D,YP,YU,F
14:11:16,INDF,RG,7075,40,D,CC,YU,F
14:11:16,INDF,RG,7075,16,D,YP,YU,F
14:11:16,INDF,RG,7075,1,D,YP,NI,D
14:11:16,INDF,RG,7075,1,D,YP,GR,D
14:11:16,INDF,RG,7075,2,D,YP,NI,D
14:11:16,INDF,RG,7075,13,F,KZ,NI,D
14:11:16,INDF,RG,7075,1,F,KZ,NI,D
14:11:16,INDF,RG,7075,17,F,KZ,NI,D
14:11:16,INDF,RG,7075,1,F,KZ,NI,D
14:11:16,INDF,RG,7075,16,F,KZ,NI,D
14:11:16,INDF,RG,7075,10,F,KZ,CC,D
14:11:16,INDF,RG,7075,1,F,KZ,CC,D
14:11:16,INDF,RG,7075,35,F,KZ,AK,F
14:11:16,INDF,RG,7075,5,F,KZ,OD,D
14:11:16,INDF,RG,7075,5,F,KZ,DH,D
14:11:16,INDF,RG,7075,10,F,KZ,CC,D
14:11:16,INDF,RG,7075,2,F,KZ,DR,D
14:11:16,INDF,RG,7075,1,F,KZ,PD,D
14:11:16,INDF,RG,7075,1,F,KZ,XL,D
14:11:16,INDF,RG,7075,4,F,KZ,ZP,F
14:11:16,INDF,RG,7075,2,F,KZ,CC,D
14:11:16,INDF,RG,7075,1,F,KZ,YP,D
14:11:16,INDF,RG,7075,50,F,KZ,GR,D
14:11:16,INDF,RG,7075,1,F,KZ,KK,D
14:11:16,INDF,RG,7075,8,F,KZ,CS,F
14:11:16,INDF,RG,7075,1,F,KZ,CC,D
14:11:16,INDF,RG,7075,24,F,KZ,CS,F
14:11:16,INDF,RG,7075,2,F,KZ,XC,D
14:11:16,INDF,RG,7075,10,F,KZ,PD,D
14:11:16,INDF,RG,7075,1,F,KZ,EP,D
14:11:16,INDF,RG,7075,5,F,KZ,DR,D
14:11:16,INDF,RG,7075,2,F,KZ,KK,F
14:11:16,INDF,RG,7075,1,F,KZ,YP,D
14:11:16,INDF,RG,7075,2,F,KZ,DR,D
14:11:16,INDF,RG,7075,30,F,KZ,CC,D
14:11:16,INDF,RG,7075,2,F,KZ,XC,D
14:11:16,INDF,RG,7075,2,F,KZ,XC,D
14:11:16,INDF,RG,7075,3,F,KZ,ZP,F
14:11:16,INDF,RG,7075,17,F,KZ,ZP,F
14:11:16,INDF,RG,7075,10,F,KZ,PD,D
14:11:16,INDF,RG,7075,1,F,KZ,CC,D
14:11:16,INDF,RG,7075,4,F,KZ,PD,D
14:11:16,INDF,RG,7075,1,F,KZ,GR,D
14:11:16,INDF,RG,7075,5,F,KZ,CC,D
14:11:16,INDF,RG,7075,1,F,KZ,NI,D
14:11:16,INDF,RG,7075,1,F,KZ,IF,D
14:11:16,INDF,RG,7075,1,F,KZ,XL,D
14:11:16,INDF,RG,7075,179,F,KZ,AZ,D
14:11:15,INDF,RG,7075,3,D,YP,AZ,D
14:11:14,INDF,RG,7075,35,D,PD,AZ,D
14:11:13,INDF,RG,7075,233,F,AK,AZ,D
14:11:13,INDF,RG,7075,1,F,AK,YP,D
14:11:13,INDF,RG,7075,15,F,AK,YJ,D
14:11:13,INDF,RG,7075,4,F,ZP,YJ,D
14:11:13,INDF,RG,7075,481,F,KZ,YJ,D
14:11:13,INDF,RG,7075,50,F,KZ,SQ,D
14:11:13,INDF,RG,7075,50,F,KZ,TP,D
14:11:13,INDF,RG,7075,2,F,KZ,XC,D
14:11:13,INDF,RG,7075,180,F,KZ,AI,F
14:11:13,INDF,RG,7075,5,F,KZ,PD,D
14:11:13,INDF,RG,7075,40,F,KZ,YP,D
14:11:13,INDF,RG,7075,560,F,KZ,YP,D
14:11:13,INDF,RG,7075,2,F,KZ,PD,D
14:11:13,INDF,RG,7075,150,F,KZ,CP,D
14:11:13,INDF,RG,7075,10,F,KZ,PD,D
14:11:13,INDF,RG,7075,10,F,KZ,KK,D
14:11:13,INDF,RG,7075,1,F,KZ,NI,D
14:11:13,INDF,RG,7075,5,F,KZ,XC,D
14:11:13,INDF,RG,7075,50,F,KZ,CC,D
14:11:13,INDF,RG,7075,133,F,KZ,AZ,D
14:11:13,INDF,RG,7075,715,F,BK,AZ,D
14:11:12,INDF,RG,7075,1152,D,RF,AZ,D
14:11:12,INDF,RG,7075,5,D,RF,PD,D
14:11:12,INDF,RG,7075,1,D,RF,NI,D
14:11:12,INDF,RG,7075,2,D,RF,YP,D
14:11:12,INDF,RG,7075,20,D,RF,KK,D
14:11:12,INDF,RG,7075,1,D,RF,LG,D
14:11:12,INDF,RG,7075,100,D,RF,PD,D
14:11:12,INDF,RG,7075,1,D,RF,KK,D
14:11:12,INDF,RG,7075,100,D,RF,PD,D
14:11:12,INDF,RG,7075,2000,D,RF,AZ,D
14:11:12,INDF,RG,7075,118,D,RF,DH,D
14:11:11,INDF,RG,7075,13,F,KZ,DH,D
14:11:11,INDF,RG,7075,13,F,KZ,DH,D
14:11:11,INDF,RG,7075,8,F,KZ,DH,D
14:11:11,INDF,RG,7075,7,F,KZ,DH,D
14:11:11,INDF,RG,7075,3,F,KZ,DH,D
14:11:11,INDF,RG,7075,2,F,KZ,DH,D
14:11:11,INDF,RG,7075,2,F,KZ,DH,D
14:11:11,INDF,RG,7075,11,F,KZ,DH,D
14:11:11,INDF,RG,7075,16,F,BK,DH,D
14:11:10,INDF,RG,7075,2,D,DR,DH,D
14:11:09,INDF,RG,7075,20,D,AZ,DH,D
14:11:08,INDF,RG,7075,22,F,ZP,DH,D
14:11:08,INDF,RG,7075,16,F,KZ,DH,D
14:11:08,INDF,RG,7075,24,D,YU,DH,D
14:11:07,INDF,RG,7075,18,D,YU,DH,D
14:11:07,INDF,RG,7075,22,D,YU,DH,D
14:11:06,INDF,RG,7075,18,D,YU,DH,D
14:11:06,INDF,RG,7075,4,F,KZ,DH,D
14:11:06,INDF,RG,7075,20,F,BK,DH,D
14:11:03,INDF,RG,7075,1,D,XC,DH,D
14:11:02,INDF,RG,7075,43,D,CC,DH,D
14:11:01,INDF,RG,7075,1,D,YU,DH,D
14:10:58,INDF,RG,7050,1,D,AZ,YP,D
14:10:56,INDF,RG,7075,17,F,BK,DH,D
14:10:56,INDF,RG,7075,1,F,KZ,DH,D
14:10:56,INDF,RG,7075,3,F,KZ,DH,D
14:10:56,INDF,RG,7075,3,F,KZ,DH,D
14:10:56,INDF,RG,7075,7,F,KZ,DH,D
14:10:56,INDF,RG,7075,10,D,PD,DH,D
14:10:54,INDF,RG,7075,17,F,BK,DH,D
14:10:51,INDF,RG,7075,1,D,BQ,DH,D
14:10:51,INDF,RG,7075,14,F,KZ,DH,D
14:10:51,INDF,RG,7075,1,F,KZ,DH,D
14:10:51,INDF,RG,7075,3,F,KZ,DH,D
14:10:51,INDF,RG,7075,4,F,KZ,DH,D
14:10:50,INDF,RG,7075,1,D,CC,DH,D
14:10:50,INDF,RG,7075,33,D,YU,DH,D
14:10:50,INDF,RG,7075,18,F,ZP,DH,D
14:10:50,INDF,RG,7075,17,F,BK,DH,D
14:10:50,INDF,RG,7075,1,D,YP,DH,D
14:10:45,INDF,RG,7075,71,F,BK,DH,D
14:10:43,INDF,RG,7075,6,D,YU,DH,D
14:10:41,INDF,RG,7075,1,F,KZ,DH,D
14:10:41,INDF,RG,7075,1,F,KZ,DH,D
14:10:41,INDF,RG,7075,3,F,KZ,DH,D
14:10:41,INDF,RG,7075,17,F,KZ,DH,D
14:10:41,INDF,RG,7050,3,D,AZ,ZP,F
14:10:41,INDF,RG,7075,64,F,KZ,DH,D
14:10:41,INDF,RG,7075,42,F,KZ,DH,D
14:10:40,INDF,RG,7075,14,D,RX,DH,D
14:10:40,INDF,RG,7075,204,F,BK,DH,D
14:10:38,INDF,RG,7075,83,F,KZ,DH,D
14:10:38,INDF,RG,7075,115,F,KZ,DH,D
14:10:36,INDF,RG,7075,1,F,KZ,DH,D
14:10:36,INDF,RG,7075,9,F,KZ,DH,D
14:10:36,INDF,RG,7075,20,F,KZ,DH,D
14:10:36,INDF,RG,7075,4,F,KZ,DH,D
14:10:36,INDF,RG,7075,2,F,KZ,DH,D
14:10:36,INDF,RG,7075,7,F,KZ,DH,D
14:10:36,INDF,RG,7075,3,F,KZ,DH,D
14:10:36,INDF,RG,7050,10,D,AZ,CC,D
14:10:35,INDF,RG,7075,191,F,KZ,DH,D
14:10:35,INDF,RG,7075,1,F,KZ,YP,D
14:10:35,INDF,RG,7075,5,F,KZ,YP,D
14:10:35,INDF,RG,7075,1,F,KZ,KK,D
14:10:35,INDF,RG,7075,166,F,KZ,NI,D
14:10:35,INDF,RG,7075,264,F,KZ,NI,D
14:10:35,INDF,RG,7075,100,F,KZ,YP,D
14:10:35,INDF,RG,7075,1,F,KZ,YP,D
14:10:35,INDF,RG,7075,20,F,KZ,FZ,D
14:10:35,INDF,RG,7075,24,F,BK,FZ,D
