Time,Stock,Brd,Price,Qty,BT,BC,SC,ST
15:12:34,INDF,RG,6125,20,D,ZR,YP,D
15:12:24,INDF,RG,6125,1,D,XC,YP,D
15:11:55,INDF,RG,6125,4,D,CC,YP,D
15:11:48,INDF,RG,6125,1,D,DR,YP,D
15:10:31,INDF,RG,6125,1,D,NI,YP,D
15:10:13,INDF,RG,6125,1,D,NI,YP,D
15:08:02,INDF,RG,6125,36,D,CC,YP,D
15:08:02,INDF,RG,6125,20,D,CC,YP,D
15:08:02,INDF,RG,6125,2,D,CC,AT,D
15:08:02,INDF,RG,6125,1,D,CC,SQ,D
15:08:02,INDF,RG,6125,1,D,CC,YP,D
15:08:02,INDF,RG,6125,1,D,CC,CC,D
15:08:02,INDF,RG,6125,39,D,CC,CC,D
15:08:02,INDF,RG,6125,1,D,OD,CC,D
15:07:49,INDF,RG,6125,1,D,PD,CC,D
15:05:04,INDF,RG,6125,2,D,PD,CC,D
15:01:13,INDF,RG,6125,5,D,YP,CC,D
15:01:00,INDF,RG,6125,1,D,XC,CC,D
15:01:00,INDF,RG,6125,1,D,IF,CC,D
15:01:00,INDF,RG,6125,10,D,IF,NI,D
15:01:00,INDF,RG,6125,1,D,IF,PD,D
15:01:00,INDF,RG,6125,5,D,IF,NI,D
15:01:00,INDF,RG,6125,3,D,IF,PD,D
15:00:00,INDF,RG,6125,1,D,YP,PD,D
15:00:00,INDF,RG,6125,2,D,KK,PD,D
15:00:00,INDF,RG,6125,1,D,YU,PD,D
15:00:00,INDF,RG,6125,1,D,CC,CC,D
15:00:00,INDF,RG,6125,1,D,XA,CC,D
15:00:00,INDF,RG,6125,1,D,KK,PD,D
15:00:00,INDF,RG,6125,1,D,YP,PD,D
15:00:00,INDF,RG,6125,1,D,EP,PD,D
15:00:00,INDF,RG,6125,20,F,BK,PD,D
15:00:00,INDF,RG,6125,1,F,BK,PD,D
15:00:00,INDF,RG,6125,2,F,BK,XC,D
15:00:00,INDF,RG,6125,50,F,BK,NI,D
15:00:00,INDF,RG,6125,1,F,BK,NI,D
15:00:00,INDF,RG,6125,1,F,BK,XC,D
15:00:00,INDF,RG,6125,1,F,BK,YP,D
15:00:00,INDF,RG,6125,10,F,BK,KI,D
15:00:00,INDF,RG,6125,10,F,BK,NI,D
15:00:00,INDF,RG,6125,5,F,BK,GR,D
15:00:00,INDF,RG,6125,1,F,BK,XL,D
15:00:00,INDF,RG,6125,300,F,BK,SQ,D
15:00:00,INDF,RG,6125,5,F,BK,PD,D
15:00:00,INDF,RG,6125,8,F,BK,XL,D
15:00:00,INDF,RG,6125,25,F,BK,CC,D
15:00:00,INDF,RG,6125,6,F,BK,YP,D
15:00:00,INDF,RG,6125,1,F,BK,XC,D
15:00:00,INDF,RG,6125,629,F,BK,YP,D
15:00:00,INDF,RG,6125,3,F,BK,CC,D
15:00:00,INDF,RG,6125,90,F,BK,EP,D
15:00:00,INDF,RG,6125,265,F,BK,YJ,D
15:00:00,INDF,RG,6125,235,F,ZP,YJ,D
15:00:00,INDF,RG,6125,1,F,ZP,AT,D
15:00:00,INDF,RG,6125,10,F,ZP,KK,D
15:00:00,INDF,RG,6125,13,F,ZP,YB,D
15:00:00,INDF,RG,6125,1,F,ZP,OD,F
15:00:00,INDF,RG,6125,2,F,ZP,YP,D
15:00:00,INDF,RG,6125,3,F,ZP,NI,D
15:00:00,INDF,RG,6125,12,F,ZP,CC,D
15:00:00,INDF,RG,6125,5,F,ZP,YP,D
15:00:00,INDF,RG,6125,25,F,ZP,YB,D
15:00:00,INDF,RG,6125,25,F,ZP,YB,D
15:00:00,INDF,RG,6125,250,F,ZP,OD,D
15:00:00,INDF,RG,6125,500,F,ZP,YP,D
15:00:00,INDF,RG,6125,1,F,ZP,XC,D
15:00:00,INDF,RG,6125,2,F,ZP,YB,D
15:00:00,INDF,RG,6125,5,F,ZP,YP,D
15:00:00,INDF,RG,6125,137,F,ZP,YJ,D
15:00:00,INDF,RG,6125,41,F,ZP,YJ,D
15:00:00,INDF,RG,6125,2,F,ZP,YB,D
15:00:00,INDF,RG,6125,1,F,ZP,PC,D
15:00:00,INDF,RG,6125,1000,F,ZP,AO,D
15:00:00,INDF,RG,6125,10,F,ZP,EP,D
15:00:00,INDF,RG,6125,225,F,ZP,SS,D
15:00:00,INDF,RG,6125,4,F,ZP,KK,D
15:00:00,INDF,RG,6125,688,F,ZP,ZP,F
15:00:00,INDF,RG,6125,45,F,ZP,YP,D
15:00:00,INDF,RG,6125,228,F,ZP,AK,F
15:00:00,INDF,RG,6125,300,F,ZP,CS,D
15:00:00,INDF,RG,6125,138,F,ZP,DR,D
15:00:00,INDF,RG,6125,1,F,ZP,AK,F
15:00:00,INDF,RG,6125,378,F,ZP,AK,D
15:00:00,INDF,RG,6125,359,F,ZP,OD,D
15:00:00,INDF,RG,6125,33,F,BK,OD,D
15:00:00,INDF,RG,6125,38,F,BK,OD,D
15:00:00,INDF,RG,6125,162,F,BK,OD,D
15:00:00,INDF,RG,6125,53,F,BK,OD,D
15:00:00,INDF,RG,6125,1173,F,BK,OD,D
15:00:00,INDF,RG,6125,680,F,BK,OD,D
15:00:00,INDF,RG,6125,123,F,BK,CC,D
15:00:00,INDF,RG,6125,12,F,CS,CC,D
15:00:00,INDF,RG,6125,96,F,CS,CC,D
15:00:00,INDF,RG,6125,78,F,YU,CC,D
15:00:00,INDF,RG,6125,1,F,YU,AK,F
15:00:00,INDF,RG,6125,125,F,YU,LG,D
15:00:00,INDF,RG,6125,17,F,YU,YU,D
15:00:00,INDF,RG,6125,970,F,YU,PD,D
15:00:00,INDF,RG,6125,86,F,AK,PD,D
15:00:00,INDF,RG,6125,37,F,AK,PD,D
14:49:51,INDF,RG,6125,3,F,AK,YP,D
14:49:49,INDF,RG,6100,18,F,YU,PD,D
14:49:46,INDF,RG,6125,2,F,AK,YP,D
14:49:45,INDF,RG,6125,1,F,AK,YP,D
14:49:44,INDF,RG,6125,1,D,KK,YP,D
14:49:34,INDF,RG,6100,6,F,YU,RX,D
14:49:34,INDF,RG,6100,9,D,CC,RX,D
14:49:32,INDF,RG,6125,3,F,AK,YP,D
14:49:31,INDF,RG,6125,1,F,AK,YP,D
14:49:30,INDF,RG,6125,1,F,AK,YP,D
14:49:30,INDF,RG,6125,70,F,BK,YP,D
14:49:30,INDF,RG,6125,1,F,BK,YP,D
14:49:13,INDF,RG,6125,11,F,BK,YP,D
14:49:07,INDF,RG,6125,71,F,BK,YP,D
14:49:06,INDF,RG,6125,11,F,AK,YP,D
14:49:03,INDF,RG,6100,4,F,YU,RX,D
14:49:02,INDF,RG,6100,12,F,BK,RX,D
14:49:02,INDF,RG,6100,31,F,BK,RX,D
14:49:01,INDF,RG,6100,31,F,BK,RX,D
14:49:01,INDF,RG,6100,31,F,BK,RX,D
14:49:01,INDF,RG,6100,18,F,YU,RX,D
14:49:01,INDF,RG,6100,10,F,YU,RX,D
14:49:01,INDF,RG,6100,21,F,YU,AK,D
14:49:01,INDF,RG,6100,10,F,YU,AK,D
14:48:59,INDF,RG,6100,48,F,YU,RX,D
14:48:58,INDF,RG,6100,15,D,CP,RX,D
14:48:52,INDF,RG,6075,1,D,SQ,PD,D
14:48:51,INDF,RG,6125,3,F,AK,YP,D
14:48:37,INDF,RG,6075,22,D,SQ,RX,D
14:48:36,INDF,RG,6125,6,F,AK,YP,D
14:48:32,INDF,RG,6100,185,F,YU,AK,D
14:48:32,INDF,RG,6100,16,F,YU,AK,D
14:48:32,INDF,RG,6100,16,F,YU,AK,D
14:48:30,INDF,RG,6100,1,F,BK,AK,D
14:48:30,INDF,RG,6100,7,F,BK,AK,D
14:48:30,INDF,RG,6100,37,F,BK,AK,D
14:48:30,INDF,RG,6100,78,F,BK,AK,D
14:48:30,INDF,RG,6100,10,D,YP,AK,D
14:48:30,INDF,RG,6100,7,F,YU,AK,D
14:48:28,INDF,RG,6125,12,F,BK,YP,D
14:48:27,INDF,RG,6125,1,D,PD,YP,D
14:48:27,INDF,RG,6100,20,F,YU,RX,D
14:48:27,INDF,RG,6100,3,D,KK,RX,D
14:48:23,INDF,RG,6125,10,F,BK,YP,D
14:48:22,INDF,RG,6100,28,D,KK,AK,D
14:48:21,INDF,RG,6125,5,F,AK,YP,D
14:48:18,INDF,RG,6100,23,D,KK,RX,D
14:48:15,INDF,RG,6100,29,D,KK,AK,D
14:48:15,INDF,RG,6100,6,F,BK,AK,D
14:48:15,INDF,RG,6100,61,F,BK,AK,D
14:48:14,INDF,RG,6100,5,F,BK,GR,D
14:48:12,INDF,RG,6100,7,F,BK,NI,D
14:48:11,INDF,RG,6125,4,F,AK,YP,D
14:48:10,INDF,RG,6100,7,F,BK,RX,D
14:48:10,INDF,RG,6100,11,F,BK,RX,D
14:48:10,INDF,RG,6100,5,F,BK,RX,D
14:48:05,INDF,RG,6100,1,F,BK,EP,D
14:48:04,INDF,RG,6100,4,F,BK,NI,D
14:48:04,INDF,RG,6100,2,F,BK,GR,D
14:48:00,INDF,RG,6100,1,D,PD,XC,D
14:48:00,INDF,RG,6100,1,F,YU,XC,D
14:48:00,INDF,RG,6100,36,F,YU,AK,D
14:48:00,INDF,RG,6100,18,F,BK,AK,D
14:48:00,INDF,RG,6100,23,F,BK,RX,D
14:47:54,INDF,RG,6100,1,F,ZP,PD,D
14:47:51,INDF,RG,6125,6,F,BK,YP,D
14:47:50,INDF,RG,6100,1,F,ZP,RX,D
14:47:48,INDF,RG,6100,22,F,ZP,RX,D
14:47:42,INDF,RG,6100,2,F,ZP,CC,D
14:47:39,INDF,RG,6100,20,F,ZP,RX,D
14:47:34,INDF,RG,6100,5,F,ZP,YP,D
14:47:33,INDF,RG,6100,47,F,ZP,AK,F
14:47:32,INDF,RG,6125,13,F,AK,YP,D
14:47:31,INDF,RG,6100,23,F,ZP,RX,D
14:47:22,INDF,RG,6100,1,F,ZP,RX,D
14:47:22,INDF,RG,6100,20,F,BK,RX,D
14:47:15,INDF,RG,6100,71,F,BK,AK,D
14:47:15,INDF,RG,6100,152,F,BK,AK,D
14:47:15,INDF,RG,6100,50,F,YU,AK,D
14:47:15,INDF,RG,6100,20,F,YU,PD,D
14:47:14,INDF,RG,6100,20,F,YU,RX,D
14:47:11,INDF,RG,6125,12,F,BK,YP,D
14:47:08,INDF,RG,6125,12,F,BK,YP,D
14:47:07,INDF,RG,6125,10,F,BK,YP,D
14:47:06,INDF,RG,6125,11,F,BK,YP,D
14:47:02,INDF,RG,6125,10,F,BK,YP,D
14:47:01,INDF,RG,6125,10,F,BK,YP,D
14:46:55,INDF,RG,6125,10,F,BK,YP,D
14:46:54,INDF,RG,6100,9,F,YU,YB,D
14:46:52,INDF,RG,6125,11,F,BK,YP,D
14:46:51,INDF,RG,6100,1,D,CC,PD,D
14:46:50,INDF,RG,6125,11,F,BK,YP,D
14:46:46,INDF,RG,6125,15,F,BK,YP,D
14:46:45,INDF,RG,6125,11,F,BK,YP,D
14:46:44,INDF,RG,6125,9,D,CC,YP,D
14:46:44,INDF,RG,6100,5,F,YU,GR,D
14:46:42,INDF,RG,6100,46,F,YU,RX,D
14:46:42,INDF,RG,6100,1,F,YU,DR,D
14:46:42,INDF,RG,6100,6,F,YU,YP,D
14:46:41,INDF,RG,6100,3,D,XC,YP,D
14:46:37,INDF,RG,6100,1,D,PD,YP,D
14:46:33,INDF,RG,6125,3,F,BK,YP,D
14:46:33,INDF,RG,6125,1,F,BK,PD,D
14:46:33,INDF,RG,6125,5,F,BK,PD,D
14:46:33,INDF,RG,6125,2,F,BK,KK,D
14:46:33,INDF,RG,6125,3,F,AK,KK,D
14:46:33,INDF,RG,6125,3,F,AK,PD,D
14:46:33,INDF,RG,6125,1,F,AK,AK,D
14:46:32,INDF,RG,6125,12,F,BK,AK,D
14:46:27,INDF,RG,6125,1,D,PD,AK,D
14:46:26,INDF,RG,6125,11,F,BK,AK,D
14:46:25,INDF,RG,6100,5,F,YU,GR,D
14:46:25,INDF,RG,6100,5,F,YU,CS,D
14:46:25,INDF,RG,6100,8,F,YU,CS,D
14:46:25,INDF,RG,6100,113,F,YU,RX,D
14:46:25,INDF,RG,6100,40,F,YU,PD,D
14:46:25,INDF,RG,6075,2,D,SQ,SQ,D
14:46:22,INDF,RG,6100,10,F,BK,PD,D
14:46:09,INDF,RG,6075,21,D,SQ,RX,D
14:46:05,INDF,RG,6100,5,F,YU,GR,D
14:46:01,INDF,RG,6075,27,D,SQ,RX,D
14:45:58,INDF,RG,6100,2,F,YU,CS,D
14:45:58,INDF,RG,6100,1,F,YU,CS,D
14:45:58,INDF,RG,6100,1,F,YU,XC,D
14:45:51,INDF,RG,6075,10,D,SQ,RX,D
14:45:51,INDF,RG,6075,63,D,YP,RX,D
14:45:47,INDF,RG,6100,1,F,YU,PD,D
14:45:47,INDF,RG,6100,26,F,YU,AK,F
14:45:47,INDF,RG,6100,269,F,YU,AK,D
14:45:45,INDF,RG,6075,30,D,YP,DR,D
14:45:22,INDF,RG,6075,31,D,YP,RX,D
14:45:09,INDF,RG,6100,173,F,YU,AK,D
14:45:09,INDF,RG,6100,44,F,YU,CC,F
14:45:04,INDF,RG,6075,16,D,YP,RX,D
14:45:03,INDF,RG,6075,3,D,YP,YB,D
14:45:03,INDF,RG,6100,1,D,PD,CC,F
14:45:02,INDF,RG,6075,2,D,YP,CC,D
14:45:02,INDF,RG,6075,2,D,YP,PD,D
14:45:02,INDF,RG,6075,3,D,YP,RX,D
14:45:02,INDF,RG,6075,1,D,PD,RX,D
14:45:02,INDF,RG,6075,1,D,XC,RX,D
14:45:02,INDF,RG,6075,3,D,CC,RX,D
14:45:02,INDF,RG,6075,4,D,XL,RX,D
14:45:02,INDF,RG,6075,1,D,PD,RX,D
14:45:02,INDF,RG,6075,3,D,PD,RX,D
14:45:02,INDF,RG,6075,1,D,PD,RX,D
14:45:02,INDF,RG,6075,3,D,PD,RX,D
14:45:02,INDF,RG,6075,1,D,PD,RX,D
14:45:02,INDF,RG,6075,10,D,AO,RX,D
14:44:55,INDF,RG,6100,373,F,YU,CC,F
14:44:55,INDF,RG,6100,50,D,XC,CC,F
14:44:54,INDF,RG,6100,46,F,YU,CC,F
14:44:54,INDF,RG,6100,46,F,YU,CC,F
14:44:54,INDF,RG,6100,2,F,YU,CC,F
14:44:54,INDF,RG,6100,1,F,YU,CS,D
14:44:54,INDF,RG,6100,43,F,YU,CC,F
14:44:53,INDF,RG,6100,2,F,YU,CC,F
14:44:53,INDF,RG,6100,2,F,YU,CC,F
14:44:53,INDF,RG,6100,2,F,YU,CC,F
14:44:53,INDF,RG,6100,1,F,YU,CC,F
14:44:53,INDF,RG,6100,1,F,YU,CS,D
14:44:53,INDF,RG,6100,1,F,YU,NI,D
14:44:50,INDF,RG,6100,37,F,YU,CS,D
14:44:50,INDF,RG,6100,3,F,YU,CS,D
14:44:50,INDF,RG,6100,2,F,YU,DP,D
14:44:50,INDF,RG,6100,40,F,YU,CS,D
14:44:50,INDF,RG,6100,41,F,YU,CS,D
14:44:50,INDF,RG,6100,867,F,YU,SQ,D
14:44:49,INDF,RG,6100,40,F,BK,SQ,D
14:44:49,INDF,RG,6100,1,D,YP,SQ,D
14:44:49,INDF,RG,6100,48,F,ZP,SQ,D
14:44:49,INDF,RG,6100,1,D,CP,SQ,D
14:44:49,INDF,RG,6100,43,F,BK,SQ,D
14:44:49,INDF,RG,6100,62,F,BK,SQ,D
14:44:49,INDF,RG,6100,80,F,YU,SQ,D
14:44:49,INDF,RG,6100,108,F,ZP,SQ,D
14:44:49,INDF,RG,6100,4,F,ZP,SQ,D
14:44:49,INDF,RG,6100,2,D,IF,SQ,D
14:44:49,INDF,RG,6100,82,F,BK,SQ,D
14:44:49,INDF,RG,6100,118,F,ZP,SQ,D
14:44:49,INDF,RG,6100,15,D,XL,SQ,D
14:44:49,INDF,RG,6100,3,F,AK,SQ,D
14:44:49,INDF,RG,6100,51,F,ZP,SQ,D
14:44:49,INDF,RG,6100,84,F,BK,SQ,D
14:44:49,INDF,RG,6100,14,F,ZP,SQ,D
14:44:49,INDF,RG,6100,50,D,DR,SQ,D
14:44:49,INDF,RG,6100,45,F,ZP,SQ,D
14:44:49,INDF,RG,6100,32,D,LG,SQ,D
14:44:47,INDF,RG,6125,10,F,BK,AK,D
14:44:45,INDF,RG,6100,19,D,LG,CS,D
14:44:43,INDF,RG,6100,24,D,LG,RX,D
14:44:41,INDF,RG,6100,25,D,LG,DP,D
14:44:41,INDF,RG,6100,7,D,AZ,DP,D
14:44:39,INDF,RG,6100,30,D,AZ,DP,D
14:44:38,INDF,RG,6125,117,D,CC,AK,D
14:44:38,INDF,RG,6125,2,D,CC,PD,D
14:44:38,INDF,RG,6125,10,D,CC,CC,D
14:44:38,INDF,RG,6125,2,D,CC,CC,D
14:44:38,INDF,RG,6125,15,D,CC,CC,D
14:44:38,INDF,RG,6125,1,D,CC,NI,D
14:44:38,INDF,RG,6125,197,D,CC,RX,D
14:44:34,INDF,RG,6125,10,F,BK,RX,D
14:44:32,INDF,RG,6100,13,D,AZ,RX,D
14:44:32,INDF,RG,6100,7,F,ZP,RX,D
14:44:28,INDF,RG,6125,10,F,BK,RX,D
14:44:25,INDF,RG,6125,20,D,NI,RX,D
14:44:23,INDF,RG,6100,1,F,ZP,DP,D
14:44:23,INDF,RG,6100,12,F,ZP,RX,D
14:44:23,INDF,RG,6100,12,F,ZP,RX,D
14:44:22,INDF,RG,6125,200,D,CC,RX,D
14:44:21,INDF,RG,6100,24,F,ZP,DP,D
14:44:21,INDF,RG,6100,1,D,PD,DP,D
14:44:21,INDF,RG,6100,2,D,KK,DP,D
14:44:21,INDF,RG,6100,23,F,ZP,DP,D
14:44:21,INDF,RG,6100,5,F,YU,DP,D
14:44:21,INDF,RG,6100,9,F,ZP,DP,D
14:44:18,INDF,RG,6125,12,F,BK,RX,D
14:44:13,INDF,RG,6100,15,F,ZP,CS,D
14:44:13,INDF,RG,6100,8,F,BK,CS,D
14:44:12,INDF,RG,6100,20,F,BK,YP,D
14:44:12,INDF,RG,6100,44,F,BK,RX,D
14:44:06,INDF,RG,6125,10,F,BK,RX,D
14:44:03,INDF,RG,6125,12,F,BK,RX,D
14:43:52,INDF,RG,6100,21,F,BK,RX,D
14:43:50,INDF,RG,6125,21,F,AK,RX,D
14:43:48,INDF,RG,6100,8,F,BK,LG,D
14:43:42,INDF,RG,6100,20,F,BK,RX,D
14:43:33,INDF,RG,6100,12,F,BK,RX,D
14:43:33,INDF,RG,6100,13,F,ZP,RX,D
14:43:32,INDF,RG,6100,24,F,ZP,CS,D
14:43:31,INDF,RG,6125,21,F,BK,RX,D
14:43:22,INDF,RG,6125,15,F,BK,RX,D
14:43:21,INDF,RG,6100,23,F,ZP,RX,D
14:43:16,INDF,RG,6125,12,F,BK,RX,D
14:43:14,INDF,RG,6100,9,F,ZP,DH,D
14:43:10,INDF,RG,6100,22,F,ZP,RX,D
14:43:07,INDF,RG,6125,12,F,BK,RX,D
14:43:00,INDF,RG,6100,7,F,ZP,RX,D
14:43:00,INDF,RG,6100,14,D,YP,RX,D
14:42:57,INDF,RG,6125,17,F,BK,RX,D
14:42:51,INDF,RG,6100,18,D,YP,CS,D
14:42:50,INDF,RG,6100,25,D,YP,RX,D
14:42:46,INDF,RG,6100,3,D,YP,GR,D
14:42:46,INDF,RG,6100,2,F,BK,GR,D
14:42:41,INDF,RG,6100,77,F,BK,DH,D
14:42:41,INDF,RG,6100,1,D,YP,DH,D
14:42:41,INDF,RG,6100,37,F,ZP,DH,D
14:42:39,INDF,RG,6100,1,F,ZP,RX,D
14:42:39,INDF,RG,6100,5,F,AK,RX,D
14:42:39,INDF,RG,6100,16,D,CC,RX,D
14:42:33,INDF,RG,6125,12,F,BK,RX,D
14:42:29,INDF,RG,6100,39,D,CC,RX,D
14:42:20,INDF,RG,6100,10,D,CC,GR,D
14:42:20,INDF,RG,6100,23,D,CC,CS,D
14:42:11,INDF,RG,6100,64,D,CC,RX,D
14:42:10,INDF,RG,6100,1,D,CC,CC,D
14:42:10,INDF,RG,6125,100,D,PD,RX,D
14:41:42,INDF,RG,6100,17,D,CC,RX,D
14:41:40,INDF,RG,6100,17,D,CC,CS,D
14:41:35,INDF,RG,6125,12,F,AK,RX,D
14:41:34,INDF,RG,6100,24,D,CC,RX,D
14:41:23,INDF,RG,6100,17,D,CC,RX,D
14:41:22,INDF,RG,6100,65,D,CC,DP,D
14:41:22,INDF,RG,6100,11,F,ZP,DP,D
14:41:14,INDF,RG,6100,16,F,ZP,RX,D
14:41:14,INDF,RG,6100,28,D,DH,RX,D
14:41:10,INDF,RG,6100,22,D,DH,CS,D
14:41:10,INDF,RG,6100,2,F,BK,CS,D
14:41:09,INDF,RG,6100,95,F,BK,PD,D
14:41:09,INDF,RG,6100,25,F,ZP,PD,D
14:41:09,INDF,RG,6100,4,F,ZP,PD,D
14:40:54,INDF,RG,6100,24,F,ZP,RX,D
14:40:43,INDF,RG,6100,1,F,ZP,RX,D
14:40:43,INDF,RG,6100,12,F,BK,RX,D
14:40:43,INDF,RG,6100,1,D,NI,RX,D
14:40:43,INDF,RG,6100,15,F,ZP,RX,D
14:40:43,INDF,RG,6100,2,D,CC,RX,D
14:40:43,INDF,RG,6100,3,D,YP,RX,D
14:40:43,INDF,RG,6100,28,F,ZP,RX,D
14:40:43,INDF,RG,6100,4,D,LG,RX,D
14:40:41,INDF,RG,6100,1,D,LG,PD,D
14:40:41,INDF,RG,6100,7,F,YU,PD,D
14:40:41,INDF,RG,6100,131,D,NI,PD,D
14:40:13,INDF,RG,6100,20,D,NI,RX,D
14:40:06,INDF,RG,6125,8,F,AK,RX,D
14:39:26,INDF,RG,6100,10,D,NI,RX,D
14:39:21,INDF,RG,6125,3,F,AK,RX,D
14:39:15,INDF,RG,6100,32,D,NI,RX,D
14:39:14,INDF,RG,6100,6,D,NI,XC,D
14:39:12,INDF,RG,6100,1,D,NI,YB,D
14:39:12,INDF,RG,6100,1,D,PD,YB,D
14:39:12,INDF,RG,6100,2,D,YP,YB,D
14:39:12,INDF,RG,6100,1,F,ZP,YB,D
14:39:06,INDF,RG,6100,21,F,ZP,NI,D
14:39:06,INDF,RG,6100,5,D,XC,NI,D
14:39:06,INDF,RG,6100,11,F,BK,NI,D
14:39:06,INDF,RG,6100,13,F,ZP,NI,D
14:38:38,INDF,RG,6100,21,F,ZP,RX,D
14:38:36,INDF,RG,6125,4,F,AK,RX,D
14:38:16,INDF,RG,6100,12,F,ZP,RX,D
14:38:06,INDF,RG,6125,2,F,AK,RX,D
14:38:03,INDF,RG,6100,13,F,ZP,RX,D
14:37:49,INDF,RG,6100,6,F,ZP,RX,D
14:37:49,INDF,RG,6100,4,F,YU,RX,D
14:37:49,INDF,RG,6100,2,F,AK,RX,D
14:37:17,INDF,RG,6100,1,F,YU,CS,D
14:37:17,INDF,RG,6100,1,F,YU,CS,D
14:37:17,INDF,RG,6100,1,F,YU,CS,D
14:37:17,INDF,RG,6100,1,F,YU,YB,D
14:37:08,INDF,RG,6100,772,F,YU,RX,D
14:37:06,INDF,RG,6100,7,F,YU,RX,D
14:37:03,INDF,RG,6100,386,F,YU,RX,D
14:37:01,INDF,RG,6100,11,F,BK,RX,D
14:37:01,INDF,RG,6100,38,F,ZP,RX,D
14:37:01,INDF,RG,6100,60,D,YP,RX,D
14:37:01,INDF,RG,6100,5,D,PD,RX,D
14:36:42,INDF,RG,6100,5,F,YU,CS,D
14:36:42,INDF,RG,6100,30,F,YU,CS,D
14:36:42,INDF,RG,6100,42,F,YU,CS,D
14:36:42,INDF,RG,6100,995,F,YU,SQ,D
14:36:40,INDF,RG,6100,5,F,AK,SQ,D
14:36:26,INDF,RG,6100,155,F,YU,AK,D
14:36:26,INDF,RG,6100,281,F,YU,AK,D
14:36:26,INDF,RG,6100,223,F,YU,AK,D
14:36:26,INDF,RG,6100,51,F,YU,AK,D
14:36:22,INDF,RG,6100,34,F,ZP,AK,D
14:36:22,INDF,RG,6100,3,F,YU,AK,D
14:36:22,INDF,RG,6100,241,D,CC,AK,D
14:36:21,INDF,RG,6125,2,F,AK,RX,D
14:36:09,INDF,RG,6100,250,F,YU,SQ,D
14:36:09,INDF,RG,6100,72,F,YU,DP,D
14:36:09,INDF,RG,6100,600,F,YU,SQ,D
14:36:09,INDF,RG,6100,39,F,YU,CS,D
14:36:09,INDF,RG,6100,553,F,YU,SQ,D
14:36:06,INDF,RG,6100,50,D,CC,SQ,D
14:36:00,INDF,RG,6100,23,F,ZP,SQ,D
14:36:00,INDF,RG,6100,100,D,DH,SQ,D
14:36:00,INDF,RG,6100,10,F,ZP,SQ,D
14:36:00,INDF,RG,6100,100,D,DH,SQ,D
14:36:00,INDF,RG,6100,1,D,YP,SQ,D
14:36:00,INDF,RG,6100,33,F,ZP,SQ,D
14:36:00,INDF,RG,6100,25,D,YP,SQ,D
14:36:00,INDF,RG,6100,1,D,KK,SQ,D
14:36:00,INDF,RG,6100,9,F,ZP,SQ,D
14:36:00,INDF,RG,6100,23,F,ZP,SQ,D
14:36:00,INDF,RG,6100,6,F,YU,SQ,D
14:36:00,INDF,RG,6100,50,D,EP,SQ,D
14:36:00,INDF,RG,6100,16,F,ZP,SQ,D
14:35:51,INDF,RG,6125,4,F,AK,RX,D
14:35:20,INDF,RG,6100,2,F,ZP,YP,D
14:35:16,INDF,RG,6100,9,F,ZP,PD,D
14:35:16,INDF,RG,6100,20,F,ZP,PD,D
14:35:16,INDF,RG,6100,8,F,ZP,PD,D
14:35:05,INDF,RG,6100,1,F,ZP,YP,D
14:34:45,INDF,RG,6100,5,F,ZP,CC,D
14:34:45,INDF,RG,6100,1,D,NI,CC,D
14:34:45,INDF,RG,6100,50,D,YP,CC,D
14:34:45,INDF,RG,6100,4,F,YU,CC,D
14:34:45,INDF,RG,6100,39,F,ZP,CC,D
14:34:45,INDF,RG,6100,1,D,PD,CC,D
14:34:18,INDF,RG,6100,1,D,PD,AK,F
14:34:05,INDF,RG,6100,5,D,PD,XC,D
14:33:33,INDF,RG,6100,250,F,YU,SQ,D
14:33:28,INDF,RG,6100,31,F,YU,SQ,D
14:33:27,INDF,RG,6100,50,D,YP,SQ,D
14:33:26,INDF,RG,6100,11,F,ZP,SQ,D
14:33:26,INDF,RG,6100,10,D,YP,SQ,D
14:33:26,INDF,RG,6100,70,F,ZP,SQ,D
14:33:26,INDF,RG,6100,216,F,YU,SQ,D
14:33:26,INDF,RG,6100,20,F,YU,SQ,D
14:33:26,INDF,RG,6100,5,F,YU,SQ,D
14:33:26,INDF,RG,6100,87,D,CC,SQ,D
14:33:14,INDF,RG,6100,200,D,CC,SQ,D
14:33:08,INDF,RG,6100,250,F,YU,SQ,D
14:33:06,INDF,RG,6100,500,F,YU,SQ,D
14:33:01,INDF,RG,6100,225,F,YU,AK,D
14:32:51,INDF,RG,6100,8,F,YU,CC,F
14:32:50,INDF,RG,6125,1,D,PD,RX,D
14:32:47,INDF,RG,6100,250,F,YU,SQ,D
14:32:45,INDF,RG,6100,157,F,YU,CS,F
14:32:45,INDF,RG,6100,19,F,YU,CS,F
14:32:45,INDF,RG,6100,689,F,YU,CC,F
14:32:45,INDF,RG,6100,19,F,YU,CC,F
14:32:44,INDF,RG,6100,19,F,YU,CC,F
14:32:43,INDF,RG,6100,51,F,YU,DP,D
14:32:43,INDF,RG,6100,16,F,YU,CS,D
14:32:43,INDF,RG,6100,21,F,YU,CS,D
14:32:43,INDF,RG,6100,43,F,YU,CS,D
14:32:42,INDF,RG,6100,2,F,YU,CS,D
14:32:42,INDF,RG,6100,1,F,YU,CS,D
14:32:42,INDF,RG,6100,116,F,YU,AK,F
14:32:42,INDF,RG,6100,2,F,YU,AK,F
14:32:42,INDF,RG,6100,59,F,YU,DP,D
14:32:42,INDF,RG,6100,599,F,YU,SQ,D
14:32:42,INDF,RG,6100,1,F,YU,SQ,D
14:32:42,INDF,RG,6100,1,F,YU,OD,D
14:32:40,INDF,RG,6100,2,F,AK,BK,F
14:32:40,INDF,RG,6100,39,F,YU,BK,F
14:32:40,INDF,RG,6100,112,F,YU,BK,F
14:32:40,INDF,RG,6100,1,D,PD,BK,F
14:32:40,INDF,RG,6100,11,F,BK,BK,F
14:32:40,INDF,RG,6100,11,F,ZP,BK,F
14:32:40,INDF,RG,6100,12,D,XC,BK,F
14:32:40,INDF,RG,6100,26,F,ZP,BK,F
14:32:40,INDF,RG,6100,15,F,ZP,BK,F
14:32:40,INDF,RG,6100,21,F,ZP,BK,F
14:32:40,INDF,RG,6100,20,D,DH,BK,F
14:32:40,INDF,RG,6100,22,F,ZP,BK,F
14:32:40,INDF,RG,6100,5,D,YP,BK,F
14:32:40,INDF,RG,6100,60,F,YU,BK,F
14:32:40,INDF,RG,6100,14,F,ZP,BK,F
14:32:40,INDF,RG,6100,1,D,DX,BK,F
14:32:40,INDF,RG,6100,143,F,YU,BK,F
14:32:40,INDF,RG,6100,13,F,YU,CS,D
14:32:39,INDF,RG,6100,11,F,YU,BK,F
14:32:39,INDF,RG,6100,661,F,YU,BK,F
14:32:39,INDF,RG,6100,10,D,DR,BK,F
14:32:39,INDF,RG,6100,85,F,YU,BK,F
14:32:39,INDF,RG,6100,20,F,YU,BK,F
14:32:39,INDF,RG,6100,2,D,XC,BK,F
14:32:39,INDF,RG,6100,2,F,AK,BK,F
14:32:39,INDF,RG,6100,1,D,XC,BK,F
14:32:39,INDF,RG,6100,26,F,YU,BK,F
14:32:39,INDF,RG,6100,47,F,YU,BK,F
14:32:39,INDF,RG,6100,1,D,PD,BK,F
14:32:39,INDF,RG,6100,23,F,YU,BK,F
14:32:39,INDF,RG,6100,1,D,OD,BK,F
14:32:39,INDF,RG,6100,5,D,YP,BK,F
14:32:39,INDF,RG,6100,1,D,SQ,BK,F
14:32:39,INDF,RG,6100,33,F,YU,BK,F
14:32:39,INDF,RG,6100,1,D,YP,BK,F
14:32:39,INDF,RG,6100,45,F,YU,BK,F
14:32:39,INDF,RG,6100,25,F,YU,BK,F
14:32:38,INDF,RG,6100,11,F,YU,DP,D
14:32:38,INDF,RG,6100,75,F,YU,SQ,D
14:32:38,INDF,RG,6100,12,F,YU,SQ,D
14:32:38,INDF,RG,6100,12,F,YU,SQ,D
14:32:38,INDF,RG,6100,10,D,PD,SQ,D
14:32:38,INDF,RG,6100,3,D,IF,SQ,D
14:32:38,INDF,RG,6100,42,D,NI,SQ,D
14:32:38,INDF,RG,6100,1,D,XL,SQ,D
14:32:38,INDF,RG,6100,37,F,YU,SQ,D
14:32:38,INDF,RG,6100,10,D,PD,SQ,D
14:32:38,INDF,RG,6100,1,D,XC,SQ,D
14:32:38,INDF,RG,6100,5,D,YP,SQ,D
14:32:38,INDF,RG,6100,316,D,YP,SQ,D
14:32:38,INDF,RG,6100,1,D,DH,SQ,D
14:32:38,INDF,RG,6100,109,F,YU,SQ,D
14:32:38,INDF,RG,6100,4,D,XL,SQ,D
14:32:38,INDF,RG,6100,20,D,PD,SQ,D
14:32:38,INDF,RG,6100,12,F,YU,SQ,D
14:32:38,INDF,RG,6100,26,F,YU,SQ,D
14:32:38,INDF,RG,6100,10,D,NI,SQ,D
14:32:38,INDF,RG,6100,3,D,CC,SQ,D
14:32:38,INDF,RG,6100,2,D,NI,SQ,D
14:32:38,INDF,RG,6100,15,F,YU,SQ,D
14:32:38,INDF,RG,6100,12,F,AK,SQ,D
14:32:38,INDF,RG,6100,68,F,YU,SQ,D
14:32:38,INDF,RG,6100,3,D,PD,SQ,D
14:32:38,INDF,RG,6100,1,D,XC,SQ,D
14:32:38,INDF,RG,6100,15,D,DH,SQ,D
14:32:38,INDF,RG,6100,1,D,NI,SQ,D
14:32:38,INDF,RG,6100,33,F,YU,SQ,D
14:32:38,INDF,RG,6100,17,D,OD,SQ,D
14:32:38,INDF,RG,6100,50,D,YP,SQ,D
14:32:38,INDF,RG,6100,13,D,YP,SQ,D
14:32:38,INDF,RG,6100,186,F,YU,SQ,D
14:32:38,INDF,RG,6100,1,D,YP,SQ,D
14:32:38,INDF,RG,6100,1,D,XC,SQ,D
14:32:38,INDF,RG,6100,27,F,YU,SQ,D
14:32:38,INDF,RG,6100,126,F,ZP,SQ,D
14:32:38,INDF,RG,6100,280,D,CC,SQ,D
14:32:37,INDF,RG,6100,12,D,CC,DP,D
14:32:37,INDF,RG,6100,15,F,YU,DP,D
14:32:37,INDF,RG,6100,4,D,DR,DP,D
14:32:37,INDF,RG,6100,5,D,XC,DP,D
14:32:37,INDF,RG,6100,31,D,XC,DP,D
14:32:24,INDF,RG,6100,131,D,XC,DH,D
14:32:24,INDF,RG,6100,10,F,YU,DH,D
14:32:24,INDF,RG,6100,1,D,XC,DH,D
14:32:24,INDF,RG,6100,2,D,CC,DH,D
14:32:24,INDF,RG,6100,1,D,XC,DH,D
14:32:24,INDF,RG,6100,18,F,YU,DH,D
14:32:24,INDF,RG,6100,20,D,CC,DH,D
14:32:24,INDF,RG,6100,5,D,NI,DH,D
14:32:24,INDF,RG,6100,11,F,YU,DH,D
14:32:24,INDF,RG,6100,1,D,XC,DH,D
14:32:17,INDF,RG,6125,33,D,YP,RX,D
14:32:05,INDF,RG,6125,4,F,AK,RX,D
14:32:04,INDF,RG,6100,1,D,XC,CS,D
14:32:04,INDF,RG,6100,2,D,XC,CS,D
14:32:04,INDF,RG,6100,15,F,YU,CS,D
14:32:04,INDF,RG,6100,10,D,CC,CS,D
14:32:04,INDF,RG,6100,16,F,YU,CS,D
14:31:31,INDF,RG,6100,10,F,YU,YP,D
14:31:21,INDF,RG,6125,2,F,AK,RX,D
14:31:07,INDF,RG,6100,4,F,YU,NI,D
14:31:00,INDF,RG,6100,15,F,YU,YP,D
14:31:00,INDF,RG,6100,100,F,YU,YP,D
14:30:57,INDF,RG,6100,20,F,YU,RX,D
14:30:57,INDF,RG,6100,168,F,ZP,RX,D
14:30:57,INDF,RG,6100,1,D,XC,RX,D
14:30:57,INDF,RG,6100,5,D,OD,RX,D
14:30:57,INDF,RG,6100,3,D,XC,RX,D
14:30:57,INDF,RG,6100,2,D,PD,RX,D
14:30:57,INDF,RG,6100,39,F,YU,RX,D
14:30:57,INDF,RG,6100,1,D,DR,RX,D
14:30:57,INDF,RG,6100,5,D,TF,RX,D
14:30:57,INDF,RG,6100,1,D,PD,RX,D
14:30:57,INDF,RG,6100,5,D,PD,RX,D
14:30:57,INDF,RG,6100,25,D,AZ,RX,D
14:30:57,INDF,RG,6100,1,D,AT,RX,D
14:30:57,INDF,RG,6100,22,F,YU,RX,D
14:30:57,INDF,RG,6100,1,D,XL,RX,D
14:30:57,INDF,RG,6100,1,D,PD,RX,D
14:30:57,INDF,RG,6100,100,D,XL,RX,D
14:30:57,INDF,RG,6100,10,D,DR,RX,D
14:30:57,INDF,RG,6100,135,F,ZP,RX,D
14:30:57,INDF,RG,6100,2,D,KK,RX,D
14:30:57,INDF,RG,6100,58,F,YU,RX,D
14:30:57,INDF,RG,6100,21,F,YU,RX,D
14:30:57,INDF,RG,6100,126,F,ZP,RX,D
14:30:57,INDF,RG,6100,30,D,CC,RX,D
14:30:57,INDF,RG,6100,41,F,YU,RX,D
14:30:57,INDF,RG,6100,2,D,PD,RX,D
14:30:57,INDF,RG,6100,4,D,YP,RX,D
14:30:57,INDF,RG,6100,1,D,YP,RX,D
14:30:57,INDF,RG,6100,117,F,ZP,RX,D
14:30:57,INDF,RG,6100,11,F,YU,RX,D
14:30:57,INDF,RG,6100,30,F,YU,RX,D
14:30:57,INDF,RG,6100,5,D,CC,RX,D
14:30:57,INDF,RG,6100,7,D,YP,RX,D
14:30:53,INDF,RG,6100,1,D,YP,PD,D
14:30:49,INDF,RG,6100,12,D,YP,BK,F
14:30:49,INDF,RG,6100,5,D,YB,BK,F
14:30:49,INDF,RG,6100,5,D,SQ,BK,F
14:30:49,INDF,RG,6100,98,F,BK,BK,F
14:30:49,INDF,RG,6100,17,F,YU,BK,F
14:30:49,INDF,RG,6100,10,D,PD,BK,F
14:30:49,INDF,RG,6100,3,D,PD,BK,F
14:30:49,INDF,RG,6100,22,F,YU,BK,F
14:30:49,INDF,RG,6100,17,D,XC,BK,F
14:30:49,INDF,RG,6100,127,F,BK,BK,F
14:30:49,INDF,RG,6100,34,F,BK,BK,F
14:30:49,INDF,RG,6100,49,F,BK,AK,F
14:30:49,INDF,RG,6100,3,D,NI,AK,F
14:30:49,INDF,RG,6100,15,F,YU,AK,F
14:30:49,INDF,RG,6100,5,D,XC,AK,F
14:30:49,INDF,RG,6100,87,F,ZP,AK,F
14:30:48,INDF,RG,6100,36,F,ZP,BK,F
14:30:48,INDF,RG,6100,22,F,YU,BK,F
14:30:48,INDF,RG,6100,1,D,YP,BK,F
14:30:48,INDF,RG,6100,114,F,YU,BK,F
14:30:48,INDF,RG,6100,2,D,XC,BK,F
14:30:48,INDF,RG,6100,119,F,BK,BK,F
14:30:48,INDF,RG,6100,77,F,BK,BK,F
14:30:48,INDF,RG,6100,300,D,NI,BK,F
14:30:48,INDF,RG,6100,1,D,KK,BK,F
14:30:48,INDF,RG,6100,100,D,GR,BK,F
14:30:48,INDF,RG,6100,113,F,BK,BK,F
14:30:48,INDF,RG,6100,74,F,BK,BK,F
14:30:48,INDF,RG,6100,41,F,BK,BK,F
14:30:47,INDF,RG,6100,73,F,BK,BK,F
14:30:47,INDF,RG,6100,88,F,YU,BK,F
14:30:47,INDF,RG,6100,68,F,BK,BK,F
14:30:47,INDF,RG,6100,1,F,YU,BK,F
14:30:47,INDF,RG,6100,1,F,YU,BK,F
14:30:47,INDF,RG,6100,1,D,XC,BK,F
14:30:47,INDF,RG,6100,4,D,NI,BK,F
14:30:47,INDF,RG,6100,124,F,BK,BK,F
14:30:47,INDF,RG,6100,81,F,BK,BK,F
14:30:47,INDF,RG,6100,2,D,YP,BK,F
14:30:47,INDF,RG,6100,5,D,GR,BK,F
14:30:47,INDF,RG,6100,10,D,NI,BK,F
14:30:47,INDF,RG,6100,5,D,CC,BK,F
14:30:47,INDF,RG,6100,1,D,XC,BK,F
14:30:47,INDF,RG,6100,2,D,XL,BK,F
14:30:47,INDF,RG,6100,19,F,BK,BK,F
14:30:47,INDF,RG,6100,10,D,YP,BK,F
14:30:47,INDF,RG,6100,5,D,DR,BK,F
14:30:47,INDF,RG,6100,50,D,CC,BK,F
14:30:47,INDF,RG,6100,1,D,PD,BK,F
14:30:47,INDF,RG,6100,10,D,PD,BK,F
14:30:47,INDF,RG,6100,1,D,PD,BK,F
14:30:47,INDF,RG,6100,438,D,KK,BK,F
14:30:46,INDF,RG,6100,562,D,KK,RX,D
14:30:46,INDF,RG,6100,267,D,CC,RX,D
14:30:46,INDF,RG,6100,163,D,YP,RX,D
14:30:46,INDF,RG,6100,2,D,YP,RX,D
14:30:46,INDF,RG,6100,2,D,PD,RX,D
14:30:46,INDF,RG,6100,1,D,YP,RX,D
14:30:46,INDF,RG,6100,1,D,PD,RX,D
14:30:46,INDF,RG,6100,1,D,DH,RX,D
14:30:46,INDF,RG,6100,1,D,KK,RX,D
14:30:46,INDF,RG,6100,2,D,GR,RX,D
14:30:46,INDF,RG,6100,5,D,PD,RX,D
14:30:46,INDF,RG,6100,1,D,XL,RX,D
14:30:46,INDF,RG,6100,1,D,KK,RX,D
14:30:46,INDF,RG,6100,1,D,XC,RX,D
14:30:46,INDF,RG,6100,5,D,KK,RX,D
14:30:46,INDF,RG,6100,5,D,YP,RX,D
14:30:46,INDF,RG,6100,15,D,SQ,RX,D
14:30:46,INDF,RG,6100,2,D,DH,RX,D
14:30:46,INDF,RG,6100,115,F,BK,RX,D
14:30:46,INDF,RG,6100,59,F,BK,RX,D
14:30:46,INDF,RG,6100,3,D,NI,RX,D
14:30:46,INDF,RG,6100,25,D,NI,RX,D
14:30:46,INDF,RG,6100,20,D,YP,RX,D
14:30:46,INDF,RG,6100,1,D,PD,RX,D
14:30:46,INDF,RG,6100,1,D,SQ,RX,D
14:30:46,INDF,RG,6100,1,D,XC,RX,D
14:30:46,INDF,RG,6100,1,D,YP,RX,D
14:30:46,INDF,RG,6100,35,D,PD,RX,D
14:30:46,INDF,RG,6100,1,D,YP,RX,D
14:30:46,INDF,RG,6100,100,D,CC,RX,D
14:30:46,INDF,RG,6100,1,D,PD,RX,D
14:30:46,INDF,RG,6100,2,D,NI,RX,D
14:30:46,INDF,RG,6100,1,D,PD,RX,D
14:30:46,INDF,RG,6100,1,D,GR,RX,D
14:30:46,INDF,RG,6100,2,D,CC,RX,D
14:30:46,INDF,RG,6100,30,D,ZR,RX,D
14:30:46,INDF,RG,6100,5,D,PD,RX,D
14:30:46,INDF,RG,6100,5,D,XC,RX,D
14:30:46,INDF,RG,6100,1,D,PD,RX,D
14:30:46,INDF,RG,6100,1,D,PD,RX,D
14:30:46,INDF,RG,6100,200,D,CC,RX,D
14:30:46,INDF,RG,6100,1,D,YP,RX,D
14:30:46,INDF,RG,6100,20,D,AZ,RX,D
14:30:46,INDF,RG,6100,81,D,LG,RX,D
14:30:46,INDF,RG,6100,20,D,PD,RX,D
14:30:46,INDF,RG,6100,5,D,PD,RX,D
14:30:46,INDF,RG,6100,10,D,YP,RX,D
14:30:46,INDF,RG,6100,15,D,YP,RX,D
14:30:36,INDF,RG,6125,3,F,AK,RX,D
14:30:12,INDF,RG,6100,85,D,YP,YP,D
14:30:12,INDF,RG,6100,2,D,PD,YP,D
14:30:12,INDF,RG,6100,5,D,XC,YP,D
14:30:12,INDF,RG,6100,5,D,EP,YP,D
14:30:12,INDF,RG,6100,2,D,XC,YP,D
14:30:12,INDF,RG,6100,1,D,NI,YP,D
14:30:11,INDF,RG,6125,28,F,BK,RX,D
14:30:02,INDF,RG,6100,2,D,NI,CS,D
14:30:02,INDF,RG,6100,10,D,TP,CS,D
14:30:02,INDF,RG,6100,20,D,DR,CS,D
14:30:02,INDF,RG,6100,41,D,DH,CS,D
14:30:01,INDF,RG,6125,2,F,AK,RX,D
14:30:00,INDF,RG,6125,1,D,KK,RX,D
14:29:59,INDF,RG,6125,59,F,BK,RX,D
14:29:55,INDF,RG,6100,10,D,DH,PD,D
14:29:35,INDF,RG,6125,2,F,AK,RX,D
14:29:34,INDF,RG,6125,29,F,BK,RX,D
14:29:19,INDF,RG,6100,1,D,DH,PD,D
14:29:08,INDF,RG,6125,62,F,BK,RX,D
14:29:06,INDF,RG,6125,2,F,AK,RX,D
14:29:02,INDF,RG,6100,10,D,DH,XC,D
14:28:48,INDF,RG,6100,35,D,DH,DP,D
14:28:37,INDF,RG,6125,41,F,BK,RX,D
14:28:36,INDF,RG,6125,2,F,AK,RX,D
14:28:28,INDF,RG,6125,13,F,BK,RX,D
14:28:28,INDF,RG,6125,5,F,BK,CC,D
14:28:28,INDF,RG,6125,19,F,BK,CS,D
14:28:11,INDF,RG,6100,3,D,DH,PD,D
14:28:11,INDF,RG,6100,5,D,PD,PD,D
14:28:11,INDF,RG,6100,1,D,SQ,PD,D
14:28:11,INDF,RG,6100,100,D,DH,PD,D
14:28:11,INDF,RG,6100,30,D,DH,PD,D
14:27:54,INDF,RG,6125,4,F,BK,CS,D
14:27:54,INDF,RG,6125,1,F,BK,YP,D
14:27:54,INDF,RG,6125,5,F,BK,LG,D
14:27:54,INDF,RG,6125,1,F,BK,PD,D
14:27:54,INDF,RG,6125,5,F,BK,GR,D
14:27:54,INDF,RG,6125,1,F,BK,NI,D
14:27:54,INDF,RG,6125,10,F,BK,DH,D
14:27:51,INDF,RG,6125,2,F,AK,DH,D
14:27:39,INDF,RG,6100,38,D,DH,DP,D
14:27:30,INDF,RG,6100,32,D,DH,AK,D
14:27:30,INDF,RG,6100,5,D,PD,AK,D
14:27:30,INDF,RG,6100,50,D,PD,AK,D
14:27:30,INDF,RG,6100,1,D,XC,AK,D
14:27:30,INDF,RG,6100,10,D,NI,AK,D
14:27:30,INDF,RG,6100,1,D,KK,AK,D
14:27:30,INDF,RG,6100,1,D,XC,AK,D
14:27:30,INDF,RG,6100,1,D,XA,AK,D
14:27:30,INDF,RG,6100,1,D,CC,AK,D
14:27:30,INDF,RG,6100,4,D,NI,AK,D
14:27:30,INDF,RG,6100,2,D,DR,AK,D
14:27:30,INDF,RG,6100,5,D,PD,AK,D
14:27:30,INDF,RG,6100,1,D,CC,AK,D
14:27:30,INDF,RG,6100,5,D,XL,AK,D
14:27:30,INDF,RG,6100,2,D,DR,AK,D
14:27:30,INDF,RG,6100,1,D,NI,AK,D
14:27:30,INDF,RG,6100,7,D,AZ,AK,D
14:27:30,INDF,RG,6100,2,D,CC,AK,D
14:27:30,INDF,RG,6100,2,D,PD,AK,D
14:27:30,INDF,RG,6100,3,D,CC,AK,D
14:27:30,INDF,RG,6100,1,D,LS,AK,D
14:27:30,INDF,RG,6100,2,D,CC,AK,D
14:27:30,INDF,RG,6100,1,D,YP,AK,D
14:27:30,INDF,RG,6100,10,D,YP,AK,D
14:27:30,INDF,RG,6100,1,D,PD,AK,D
14:27:30,INDF,RG,6100,20,D,XL,AK,D
14:27:30,INDF,RG,6100,25,D,YP,AK,D
14:27:30,INDF,RG,6100,5,D,SQ,AK,D
14:27:30,INDF,RG,6100,3,D,TF,AK,D
14:27:30,INDF,RG,6100,10,D,SQ,AK,D
14:27:30,INDF,RG,6100,1,D,SQ,AK,D
14:27:30,INDF,RG,6100,5,D,CC,AK,D
14:27:30,INDF,RG,6100,9,D,NI,AK,D
14:27:30,INDF,RG,6100,10,D,PD,AK,D
14:27:30,INDF,RG,6100,1,D,SQ,AK,D
14:27:30,INDF,RG,6100,3,D,PD,AK,D
14:27:30,INDF,RG,6100,4,D,PD,AK,D
14:27:30,INDF,RG,6100,4,D,XL,AK,D
14:27:30,INDF,RG,6100,20,D,SQ,AK,D
14:27:30,INDF,RG,6100,1,D,CC,AK,D
14:27:30,INDF,RG,6100,5,D,YP,AK,D
14:27:30,INDF,RG,6100,10,D,PD,AK,D
14:27:30,INDF,RG,6100,15,D,SQ,AK,D
14:27:30,INDF,RG,6100,5,D,YP,AK,D
14:27:30,INDF,RG,6100,1,D,PD,AK,D
14:27:21,INDF,RG,6125,2,F,AK,DH,D
14:27:14,INDF,RG,6125,9,F,BK,DH,D
14:27:14,INDF,RG,6125,22,F,BK,DH,D
14:27:06,INDF,RG,6125,1,F,AK,DH,D
14:26:37,INDF,RG,6125,22,F,BK,AK,F
14:26:36,INDF,RG,6125,2,F,AK,AK,F
14:26:31,INDF,RG,6100,20,D,XC,PD,D
14:26:31,INDF,RG,6100,5,D,PD,PD,D
14:26:31,INDF,RG,6100,5,D,YP,PD,D
14:26:31,INDF,RG,6100,1,D,PD,PD,D
14:26:31,INDF,RG,6100,1,D,PD,PD,D
14:26:31,INDF,RG,6100,2,D,DR,PD,D
14:26:31,INDF,RG,6100,10,D,YP,PD,D
14:26:31,INDF,RG,6100,1,D,XL,PD,D
14:26:31,INDF,RG,6100,10,D,PD,PD,D
14:26:31,INDF,RG,6100,20,D,EP,PD,D
14:26:31,INDF,RG,6100,7,D,EP,PD,D
14:26:31,INDF,RG,6100,1,D,PD,PD,D
14:26:31,INDF,RG,6100,3,D,YP,PD,D
14:26:31,INDF,RG,6100,2,D,PD,PD,D
14:26:31,INDF,RG,6100,4,D,NI,PD,D
14:26:31,INDF,RG,6100,1,D,XC,PD,D
14:26:31,INDF,RG,6100,1,D,YP,PD,D
14:26:31,INDF,RG,6100,1,D,PD,PD,D
14:26:31,INDF,RG,6100,10,D,LG,PD,D
14:26:31,INDF,RG,6100,1,D,PD,PD,D
14:26:31,INDF,RG,6100,49,F,BK,PD,D
14:26:17,INDF,RG,6125,16,F,BK,AK,F
14:26:00,INDF,RG,6125,14,D,CC,AK,F
14:26:00,INDF,RG,6125,1,D,CC,CC,D
14:26:00,INDF,RG,6125,5,D,CC,NI,D
14:26:00,INDF,RG,6125,46,D,CC,CC,F
14:26:00,INDF,RG,6125,31,D,CC,CS,D
14:26:00,INDF,RG,6125,75,D,CC,DP,D
14:26:00,INDF,RG,6125,15,D,CC,CS,D
14:26:00,INDF,RG,6125,8,D,CC,CS,D
14:26:00,INDF,RG,6125,20,D,CC,YP,D
14:26:00,INDF,RG,6125,11,D,CC,CS,D
14:26:00,INDF,RG,6125,1,D,CC,XC,D
14:26:00,INDF,RG,6125,56,D,CC,AK,D
14:25:55,INDF,RG,6125,1,D,OD,AK,D
14:25:51,INDF,RG,6125,2,F,AK,AK,D
14:25:25,INDF,RG,6125,25,D,XC,AK,D
14:25:21,INDF,RG,6125,2,F,AK,AK,D
14:25:20,INDF,RG,6125,1,D,XA,AK,D
14:25:06,INDF,RG,6125,42,F,BK,AK,D
14:24:51,INDF,RG,6125,2,F,AK,AK,D
14:24:25,INDF,RG,6125,6,D,NI,AK,D
14:24:21,INDF,RG,6125,1,F,AK,AK,D
14:23:58,INDF,RG,6125,1,D,NI,AK,D
14:23:53,INDF,RG,6100,44,F,BK,DP,D
14:23:51,INDF,RG,6125,2,F,AK,AK,D
14:23:45,INDF,RG,6125,3,D,KK,AK,D
14:23:39,INDF,RG,6125,27,F,YU,AK,D
14:23:19,INDF,RG,6125,2,F,AK,AK,D
14:23:18,INDF,RG,6100,35,F,BK,YP,D
14:22:51,INDF,RG,6125,1,F,AK,AK,D
14:22:42,INDF,RG,6100,5,F,BK,DP,D
14:22:41,INDF,RG,6100,69,F,BK,DP,D
14:22:32,INDF,RG,6100,8,F,BK,CC,D
14:22:21,INDF,RG,6125,3,F,AK,AK,D
14:22:16,INDF,RG,6100,1,F,BK,XC,D
14:22:11,INDF,RG,6125,109,F,YU,AK,D
14:22:06,INDF,RG,6125,2,F,AK,AK,D
14:21:36,INDF,RG,6125,2,F,AK,AK,D
14:21:36,INDF,RG,6125,1,F,AK,AK,D
14:21:26,INDF,RG,6100,107,F,BK,DH,D
14:21:26,INDF,RG,6100,3,D,TF,DH,D
14:21:26,INDF,RG,6100,1,D,YP,DH,D
14:21:26,INDF,RG,6100,1,D,SQ,DH,D
14:21:26,INDF,RG,6100,5,D,PD,DH,D
14:21:26,INDF,RG,6100,10,D,CC,DH,D
14:21:26,INDF,RG,6100,5,D,CC,DH,D
14:21:26,INDF,RG,6100,8,D,NI,DH,D
14:21:26,INDF,RG,6100,50,D,CC,DH,D
14:21:26,INDF,RG,6100,2,D,XC,DH,D
14:21:26,INDF,RG,6100,8,D,YP,DH,D
14:21:24,INDF,RG,6125,74,F,BK,AK,D
14:21:00,INDF,RG,6125,44,D,CC,AK,D
14:21:00,INDF,RG,6125,5,D,CC,CS,D
14:21:00,INDF,RG,6125,140,D,CC,AK,D
14:21:00,INDF,RG,6125,103,D,CC,RX,D
14:20:59,INDF,RG,6100,7,D,YP,DR,D
14:20:51,INDF,RG,6125,3,F,AK,RX,D
14:20:51,INDF,RG,6125,1,F,AK,RX,D
14:20:49,INDF,RG,6100,1,D,YP,YP,D
14:20:37,INDF,RG,6125,109,F,YU,RX,D
14:20:21,INDF,RG,6125,2,F,AK,RX,D
14:20:07,INDF,RG,6125,73,F,BK,RX,D
14:20:01,INDF,RG,6125,2,F,AK,RX,D
14:20:00,INDF,RG,6125,24,D,YP,RX,D
14:19:51,INDF,RG,6125,2,F,AK,RX,D
14:19:21,INDF,RG,6125,2,F,AK,RX,D
14:19:13,INDF,RG,6125,109,F,YU,RX,D
14:19:04,INDF,RG,6125,64,F,BK,RX,D
14:19:00,INDF,RG,6125,247,D,CC,RX,D
14:18:58,INDF,RG,6100,34,D,YP,DP,D
14:18:58,INDF,RG,6100,5,F,BK,DP,D
14:18:40,INDF,RG,6125,100,D,CC,RX,D
14:18:37,INDF,RG,6100,1,F,BK,OD,D
14:18:33,INDF,RG,6125,126,F,YU,RX,D
14:17:48,INDF,RG,6125,33,F,BK,RX,D
14:17:48,INDF,RG,6125,29,F,BK,CS,D
14:17:48,INDF,RG,6125,6,F,BK,RX,D
14:17:44,INDF,RG,6100,15,F,BK,DP,D
14:17:43,INDF,RG,6100,63,F,BK,DP,D
14:17:30,INDF,RG,6100,140,F,BK,AK,D
14:17:30,INDF,RG,6100,33,D,YP,AK,D
14:16:57,INDF,RG,6125,2,F,BK,RX,D
14:16:57,INDF,RG,6125,46,F,BK,RX,D
14:16:57,INDF,RG,6100,17,D,YP,CS,D
14:16:57,INDF,RG,6100,24,D,YP,CS,D
14:16:57,INDF,RG,6100,1,D,YP,CS,D
14:16:57,INDF,RG,6100,5,D,CC,CS,D
14:16:57,INDF,RG,6100,5,D,PD,CS,D
14:16:57,INDF,RG,6100,1,D,DR,CS,D
14:16:57,INDF,RG,6100,45,D,CC,CS,D
14:16:52,INDF,RG,6125,66,F,BK,RX,D
14:16:33,INDF,RG,6125,1,D,XC,RX,D
14:16:26,INDF,RG,6125,2,D,NI,RX,D
14:16:20,INDF,RG,6125,4,F,AK,RX,D
14:16:19,INDF,RG,6125,186,F,YU,RX,D
14:15:28,INDF,RG,6125,51,F,BK,RX,D
14:15:19,INDF,RG,6100,55,D,CC,AI,D
14:15:19,INDF,RG,6100,4,D,NI,AI,D
14:15:19,INDF,RG,6100,5,D,YP,AI,D
14:15:19,INDF,RG,6100,5,D,YP,AI,D
14:15:19,INDF,RG,6100,100,D,YP,AI,D
14:15:19,INDF,RG,6100,20,D,YP,AI,D
14:15:19,INDF,RG,6100,211,D,YP,AI,D
14:15:16,INDF,RG,6125,46,F,BK,RX,D
14:14:58,INDF,RG,6100,19,D,YP,CC,D
14:14:29,INDF,RG,6100,1,D,YP,PD,D
14:14:26,INDF,RG,6125,12,F,AK,RX,D
14:14:22,INDF,RG,6125,186,F,YU,RX,D
14:14:00,INDF,RG,6125,303,D,CC,RX,D
14:13:49,INDF,RG,6125,48,F,BK,RX,D
14:13:46,INDF,RG,6125,3,D,PD,RX,D
14:13:22,INDF,RG,6125,1,D,OD,RX,D
14:13:00,INDF,RG,6125,37,F,BK,RX,D
14:13:00,INDF,RG,6125,10,F,BK,AK,F
14:12:45,INDF,RG,6100,34,D,YP,DP,D
14:12:45,INDF,RG,6100,35,D,YP,AK,D
14:12:45,INDF,RG,6100,5,D,YP,AK,D
14:12:45,INDF,RG,6100,5,D,CC,AK,D
14:12:45,INDF,RG,6100,100,D,YP,AK,D
14:12:45,INDF,RG,6100,3,D,CC,AK,D
14:12:45,INDF,RG,6100,10,D,AG,AK,D
14:12:45,INDF,RG,6100,1,D,CC,AK,D
14:12:45,INDF,RG,6100,1,D,NI,AK,D
14:12:45,INDF,RG,6100,13,D,GR,AK,D
14:12:30,INDF,RG,6125,5,D,GR,AK,F
14:11:58,INDF,RG,6125,66,F,BK,AK,F
14:11:36,INDF,RG,6125,15,F,AK,AK,F
14:11:08,INDF,RG,6100,6,D,GR,XL,D
14:11:00,INDF,RG,6125,84,D,CC,AK,F
14:11:00,INDF,RG,6125,10,D,CC,NI,D
14:11:00,INDF,RG,6125,100,D,CC,NI,D
14:11:00,INDF,RG,6125,2,D,CC,PD,D
14:11:00,INDF,RG,6125,2,D,CC,YB,D
14:11:00,INDF,RG,6125,9,D,CC,OD,D
14:11:00,INDF,RG,6125,50,D,CC,CC,F
14:11:00,INDF,RG,6125,2,D,CC,CC,D
14:11:00,INDF,RG,6125,8,D,CC,LG,D
14:10:49,INDF,RG,6125,1,F,BK,YP,D
14:10:49,INDF,RG,6125,23,F,BK,DH,D
14:10:49,INDF,RG,6125,6,F,BK,CC,D
14:10:49,INDF,RG,6125,24,F,BK,YP,D
14:10:47,INDF,RG,6125,1,D,XL,YP,D
14:10:34,INDF,RG,6100,40,D,GR,LG,D
14:10:15,INDF,RG,6100,146,D,GR,AK,D
14:10:08,INDF,RG,6100,40,D,GR,DR,D
14:09:36,INDF,RG,6125,25,F,BK,YP,D
14:09:36,INDF,RG,6125,2,F,BK,XC,D
14:09:36,INDF,RG,6125,1,F,BK,KK,D
14:09:36,INDF,RG,6125,33,F,BK,CS,D
14:09:36,INDF,RG,6125,28,F,BK,DP,D
14:09:33,INDF,RG,6125,31,F,BK,DP,D
14:09:24,INDF,RG,6100,40,D,GR,DP,D
14:09:19,INDF,RG,6100,56,D,GR,SQ,D
14:09:09,INDF,RG,6125,2,F,KK,DP,D
14:09:03,INDF,RG,6100,1,D,GR,AK,F
14:08:55,INDF,RG,6100,1,D,GR,OD,D
14:08:47,INDF,RG,6125,1,D,XL,DP,D
14:08:47,INDF,RG,6125,1,D,XL,CC,D
14:08:38,INDF,RG,6100,18,D,GR,DP,D
14:08:36,INDF,RG,6100,45,D,GR,DP,D
14:08:15,INDF,RG,6125,5,F,AK,CC,D
14:08:15,INDF,RG,6125,2,F,AK,XL,D
14:08:00,INDF,RG,6125,1,D,TP,XL,D
14:07:45,INDF,RG,6125,2,F,BK,XL,D
14:07:45,INDF,RG,6125,39,F,BK,CS,D
14:07:45,INDF,RG,6125,2,F,BK,NI,D
14:07:45,INDF,RG,6125,1,F,BK,PD,D
14:07:45,INDF,RG,6125,2,F,BK,PD,D
14:07:45,INDF,RG,6125,6,F,BK,AK,D
14:07:12,INDF,RG,6100,124,D,GR,PD,D
14:06:40,INDF,RG,6125,51,F,BK,AK,D
14:06:30,INDF,RG,6125,6,F,AK,AK,D
14:05:59,INDF,RG,6125,42,F,BK,AK,D
14:05:24,INDF,RG,6125,20,F,YU,AK,D
14:05:24,INDF,RG,6125,28,F,YU,AK,F
14:05:24,INDF,RG,6125,24,F,YU,CS,D
14:05:24,INDF,RG,6125,93,F,YU,RX,D
14:05:14,INDF,RG,6125,23,F,BK,RX,D
14:05:06,INDF,RG,6125,2,D,XC,RX,D
14:04:52,INDF,RG,6125,3,D,TF,RX,D
14:04:25,INDF,RG,6125,39,F,BK,RX,D
14:04:25,INDF,RG,6125,7,F,AK,RX,D
14:04:23,INDF,RG,6100,62,D,GR,DP,D
14:04:22,INDF,RG,6100,3,D,GR,DP,D
14:03:56,INDF,RG,6100,10,D,GR,YP,D
14:03:38,INDF,RG,6100,78,D,GR,DP,D
14:03:27,INDF,RG,6100,17,D,GR,OD,D
14:03:01,INDF,RG,6125,38,F,BK,RX,D
14:02:59,INDF,RG,6125,3,D,TF,RX,D
14:02:48,INDF,RG,6125,1,D,XL,RX,D
14:02:23,INDF,RG,6125,55,F,BK,RX,D
14:02:21,INDF,RG,6125,6,F,AK,RX,D
14:01:48,INDF,RG,6100,117,D,GR,AK,D
14:01:48,INDF,RG,6100,1,D,XC,AK,D
14:01:48,INDF,RG,6100,143,D,GR,AK,D
14:01:39,INDF,RG,6100,1,D,GR,PD,D
14:00:31,INDF,RG,6100,1,D,GR,NI,D
14:00:30,INDF,RG,6125,6,F,AK,RX,D
14:00:30,INDF,RG,6125,2,D,TF,RX,D
13:59:55,INDF,RG,6100,2,D,GR,PD,D
13:59:15,INDF,RG,6125,1,D,XC,RX,D
13:59:03,INDF,RG,6125,134,F,YU,RX,D
13:58:50,INDF,RG,6100,100,D,GR,NI,D
13:58:48,INDF,RG,6125,10,D,NI,RX,D
13:58:05,INDF,RG,6125,2,D,PD,RX,D
13:58:01,INDF,RG,6125,10,D,LG,RX,D
13:57:49,INDF,RG,6125,8,D,XC,RX,D
13:57:30,INDF,RG,6125,6,F,AK,RX,D
13:57:18,INDF,RG,6100,1,D,GR,NI,D
13:57:04,INDF,RG,6100,3,D,GR,DP,D
13:56:51,INDF,RG,6125,40,D,PD,RX,D
13:56:39,INDF,RG,6100,2,D,GR,PD,D
13:56:28,INDF,RG,6125,500,F,AI,RX,D
13:56:12,INDF,RG,6100,35,D,GR,DP,D
13:56:05,INDF,RG,6100,2,D,GR,YP,D
13:56:00,INDF,RG,6125,6,F,AK,RX,D
13:55:48,INDF,RG,6100,383,D,GR,AK,D
13:55:45,INDF,RG,6125,5,D,AT,RX,D
13:55:45,INDF,RG,6125,1,D,AT,OD,D
13:55:45,INDF,RG,6125,50,D,AT,XC,D
13:55:45,INDF,RG,6125,17,D,AT,YP,D
13:55:45,INDF,RG,6125,15,D,AT,XC,D
13:55:45,INDF,RG,6125,1,D,AT,NI,D
13:55:45,INDF,RG,6125,1,D,AT,NI,D
13:55:45,INDF,RG,6125,1,D,AT,PD,D
13:55:45,INDF,RG,6125,9,D,AT,DH,D
13:55:42,INDF,RG,6125,3,D,XC,DH,D
13:54:24,INDF,RG,6100,5,D,GR,CC,D
13:54:15,INDF,RG,6100,136,D,GR,AK,D
13:53:34,INDF,RG,6100,230,D,GR,PD,D
13:53:34,INDF,RG,6100,1,D,YP,PD,D
13:53:34,INDF,RG,6100,1,D,YP,PD,D
13:53:34,INDF,RG,6100,1,D,YP,PD,D
13:53:34,INDF,RG,6100,1,D,YP,PD,D
13:53:34,INDF,RG,6100,8,D,OD,PD,D
13:53:34,INDF,RG,6100,36,D,YP,PD,D
13:53:07,INDF,RG,6125,11,D,LG,DH,D
13:53:07,INDF,RG,6125,1,D,LG,XL,D
13:53:07,INDF,RG,6125,23,D,LG,DH,D
13:53:07,INDF,RG,6125,2,D,LG,NI,D
13:53:07,INDF,RG,6125,47,D,LG,CS,D
13:53:07,INDF,RG,6125,2,D,LG,CS,D
13:53:07,INDF,RG,6125,14,D,LG,CS,D
13:53:03,INDF,RG,6125,29,F,YU,CS,D
13:53:03,INDF,RG,6125,84,F,YU,CS,F
13:52:43,INDF,RG,6100,73,D,YP,NI,D
13:52:30,INDF,RG,6125,16,F,AK,CS,F
13:52:30,INDF,RG,6100,163,D,YP,AK,D
13:52:09,INDF,RG,6100,3,D,YP,NI,D
13:51:38,INDF,RG,6125,5,D,YB,CS,F
13:51:36,INDF,RG,6100,2,D,YP,YB,D
13:51:21,INDF,RG,6100,2,D,YP,CC,D
13:51:15,INDF,RG,6125,6,F,AK,CS,F
13:50:37,INDF,RG,6100,30,D,YP,CC,D
13:50:27,INDF,RG,6125,10,D,PD,CS,F
13:49:56,INDF,RG,6100,108,D,YP,CS,D
13:49:56,INDF,RG,6100,6,D,YP,CS,D
13:49:45,INDF,RG,6125,1,D,PD,CS,F
13:47:29,INDF,RG,6125,1,D,PD,OD,D
13:47:29,INDF,RG,6125,2,D,PD,RX,D
13:47:15,INDF,RG,6100,77,D,YP,AK,D
13:47:15,INDF,RG,6100,30,D,CC,AK,D
13:47:15,INDF,RG,6100,1,D,CC,AK,D
13:47:15,INDF,RG,6100,1,D,XL,AK,D
13:47:15,INDF,RG,6100,1,D,XL,AK,D
13:47:15,INDF,RG,6100,34,D,PD,AK,D
13:46:55,INDF,RG,6125,1,D,CC,RX,D
13:45:41,INDF,RG,6125,100,D,CC,RX,D
13:45:38,INDF,RG,6125,200,D,CC,RX,D
13:45:36,INDF,RG,6125,100,D,CC,RX,D
13:45:31,INDF,RG,6100,49,D,PD,CC,D
13:45:31,INDF,RG,6100,3,D,PD,CC,D
13:45:31,INDF,RG,6100,5,D,CC,CC,D
13:45:31,INDF,RG,6100,1,D,PD,CC,D
13:45:31,INDF,RG,6100,42,D,YB,CC,D
13:45:15,INDF,RG,6100,138,D,YB,AK,D
13:43:54,INDF,RG,6100,1,D,YB,NI,D
13:43:11,INDF,RG,6125,1,D,PD,RX,D
13:42:21,INDF,RG,6125,190,D,PD,RX,D
13:40:47,INDF,RG,6125,1,D,YP,RX,D
13:40:47,INDF,RG,6125,2,D,SQ,RX,D
13:40:24,INDF,RG,6125,11,F,BK,RX,D
13:40:24,INDF,RG,6125,100,D,CC,RX,D
13:40:24,INDF,RG,6125,12,F,BK,RX,D
13:40:24,INDF,RG,6125,89,D,YJ,RX,D
13:40:24,INDF,RG,6125,88,F,YU,RX,D
13:40:24,INDF,RG,6125,30,F,BK,RX,D
13:40:24,INDF,RG,6125,73,D,CC,RX,D
13:40:12,INDF,RG,6125,14,D,CC,CS,D
13:40:08,INDF,RG,6125,1,D,CC,YP,D
13:39:05,INDF,RG,6125,12,D,CC,CS,D
13:39:04,INDF,RG,6100,10,D,YB,YP,D
13:39:03,INDF,RG,6100,9,D,YB,CS,D
13:39:03,INDF,RG,6100,5,D,PC,CS,D
13:39:02,INDF,RG,6125,14,D,CC,CS,D
13:39:02,INDF,RG,6125,5,D,CC,YP,D
13:39:02,INDF,RG,6125,18,D,CC,CC,F
13:39:02,INDF,RG,6125,24,D,CC,CS,D
13:39:02,INDF,RG,6125,39,D,CC,RX,D
13:38:59,INDF,RG,6100,1,D,XC,OD,D
13:38:47,INDF,RG,6125,2,D,YP,RX,D
13:38:32,INDF,RG,6125,5,D,CC,RX,D
13:38:30,INDF,RG,6125,2,D,YP,RX,D
13:37:53,INDF,RG,6125,1,D,CC,RX,D
13:37:45,INDF,RG,6125,1,D,CC,RX,D
13:37:28,INDF,RG,6125,2,D,KK,RX,D
13:37:17,INDF,RG,6125,1,D,GR,RX,D
13:37:11,INDF,RG,6125,1,D,YP,RX,D
13:37:02,INDF,RG,6125,1,D,KI,RX,D
13:36:16,INDF,RG,6125,3,D,XL,RX,D
13:36:02,INDF,RG,6125,12,D,XL,RX,D
13:36:01,INDF,RG,6125,6,F,AK,RX,D
13:36:01,INDF,RG,6125,1,D,IF,RX,D
13:36:01,INDF,RG,6125,7,D,PD,RX,D
13:36:01,INDF,RG,6125,66,F,BK,RX,D
13:36:01,INDF,RG,6125,98,F,BK,RX,D
13:36:01,INDF,RG,6125,15,D,DH,RX,D
13:36:01,INDF,RG,6125,101,F,YU,RX,D
13:36:01,INDF,RG,6125,11,D,XL,RX,D
13:36:01,INDF,RG,6125,62,F,BK,RX,D
13:36:01,INDF,RG,6125,92,F,BK,RX,D
13:36:01,INDF,RG,6125,50,D,KK,RX,D
13:36:01,INDF,RG,6125,97,F,YU,RX,D
13:36:01,INDF,RG,6125,8,F,AK,RX,D
13:36:01,INDF,RG,6125,2,D,YP,RX,D
13:36:01,INDF,RG,6125,5,D,NI,RX,D
13:36:01,INDF,RG,6125,66,F,BK,RX,D
13:36:01,INDF,RG,6125,92,F,BK,RX,D
13:36:01,INDF,RG,6125,3,D,XL,RX,D
13:36:01,INDF,RG,6125,56,F,BK,RX,D
13:36:01,INDF,RG,6125,68,F,BK,RX,D
13:36:01,INDF,RG,6125,4,D,CC,RX,D
13:36:01,INDF,RG,6125,1,D,XC,RX,D
13:36:01,INDF,RG,6125,8,F,AK,RX,D
13:36:01,INDF,RG,6125,50,D,DH,RX,D
13:36:01,INDF,RG,6125,50,D,DH,RX,D
13:36:01,INDF,RG,6125,1,D,XC,RX,D
13:36:01,INDF,RG,6125,2,D,YP,RX,D
13:36:01,INDF,RG,6125,330,F,YU,RX,D
13:36:01,INDF,RG,6125,1,D,CC,RX,D
13:36:01,INDF,RG,6125,1,D,PD,RX,D
13:36:01,INDF,RG,6125,1,D,PD,RX,D
13:36:01,INDF,RG,6125,1,D,KK,RX,D
13:36:01,INDF,RG,6125,25,D,PD,RX,D
13:36:01,INDF,RG,6125,2,D,AT,RX,D
13:36:01,INDF,RG,6125,1,D,PD,RX,D
13:36:01,INDF,RG,6125,1,D,PD,RX,D
13:36:01,INDF,RG,6125,10,D,GR,RX,D
13:36:01,INDF,RG,6125,1,D,PD,RX,D
13:36:01,INDF,RG,6125,2,D,SQ,RX,D
13:36:01,INDF,RG,6125,6,D,DH,RX,D
13:36:01,INDF,RG,6125,50,D,DH,RX,D
13:36:01,INDF,RG,6125,1,D,AT,RX,D
13:36:01,INDF,RG,6125,3,D,PD,RX,D
13:36:01,INDF,RG,6125,472,D,SQ,RX,D
13:35:06,INDF,RG,6150,1,D,SQ,RX,D
13:34:54,INDF,RG,6125,28,D,SQ,AK,F
13:34:54,INDF,RG,6125,5,D,EP,AK,F
13:34:54,INDF,RG,6125,3,D,RO,AK,F
13:34:54,INDF,RG,6125,34,D,CC,AK,F
13:34:54,INDF,RG,6125,11,F,YU,AK,F
13:34:54,INDF,RG,6125,1,D,KI,AK,F
13:34:54,INDF,RG,6125,14,F,YU,AK,F
13:34:54,INDF,RG,6125,5,D,SQ,AK,F
13:34:54,INDF,RG,6125,2,D,CC,AK,F
13:34:54,INDF,RG,6125,10,D,PD,AK,F
13:34:54,INDF,RG,6125,1,D,EP,AK,F
13:34:54,INDF,RG,6125,2,D,XC,AK,F
13:33:33,INDF,RG,6125,1,D,YP,AK,F
13:32:45,INDF,RG,6125,13,D,YP,XC,D
13:32:45,INDF,RG,6125,25,D,DH,XC,D
13:30:45,INDF,RG,6125,3,D,DH,DH,D
13:30:41,INDF,RG,6125,5,D,DH,PD,D
13:30:41,INDF,RG,6125,15,D,DH,PD,D
13:30:11,INDF,RG,6125,20,D,DH,CC,D
13:30:10,INDF,RG,6125,8,D,DH,XL,D
13:30:10,INDF,RG,6150,9,D,XL,RX,D
13:30:09,INDF,RG,6125,9,D,DH,XL,D
13:30:09,INDF,RG,6150,25,D,XC,RX,D
13:30:08,INDF,RG,6125,1,D,DH,PD,D
13:30:07,INDF,RG,6125,1,D,DH,CC,D
13:30:07,INDF,RG,6125,1,D,DH,CC,D
13:30:06,INDF,RG,6150,19,F,AK,RX,D
13:30:06,INDF,RG,6150,4,D,XC,RX,D
13:30:06,INDF,RG,6150,7,D,XC,RX,D
13:30:05,INDF,RG,6125,7,D,DH,YP,D
13:30:05,INDF,RG,6125,2,D,DH,CC,D
13:30:05,INDF,RG,6125,10,D,DH,YP,D
13:30:05,INDF,RG,6125,1,D,DH,PD,D
13:30:05,INDF,RG,6125,10,D,DH,YP,D
13:30:04,INDF,RG,6125,14,D,DH,SQ,D
13:30:04,INDF,RG,6125,10,D,PD,SQ,D
13:30:04,INDF,RG,6125,10,D,KK,SQ,D
13:30:04,INDF,RG,6125,1,D,PD,SQ,D
13:30:04,INDF,RG,6125,1,D,YP,SQ,D
13:30:04,INDF,RG,6125,2,D,SQ,SQ,D
13:30:04,INDF,RG,6125,200,D,YP,SQ,D
13:30:04,INDF,RG,6125,10,D,DR,SQ,D
13:30:04,INDF,RG,6125,9,D,XC,SQ,D
13:30:04,INDF,RG,6125,40,D,GR,SQ,D
13:30:04,INDF,RG,6125,13,D,ZR,SQ,D
13:30:04,INDF,RG,6125,10,D,ZR,PD,D
13:30:03,INDF,RG,6150,3,D,PD,RX,D
13:30:03,INDF,RG,6125,1,D,ZR,PD,D
13:30:03,INDF,RG,6150,3,D,PD,RX,D
13:30:03,INDF,RG,6125,1,D,ZR,PD,D
13:30:03,INDF,RG,6125,5,D,ZR,AT,D
13:30:03,INDF,RG,6125,24,D,PD,AT,D
13:30:03,INDF,RG,6125,11,D,CC,AT,D
13:30:03,INDF,RG,6125,1,D,CC,PD,D
13:30:03,INDF,RG,6125,188,D,CC,AK,D
13:30:03,INDF,RG,6125,2,D,XC,AK,D
13:30:03,INDF,RG,6125,1,D,DH,AK,D
13:30:03,INDF,RG,6125,1,D,DH,AK,D
13:30:03,INDF,RG,6125,1,D,DH,AK,D
13:30:03,INDF,RG,6125,1,D,DH,AK,D
13:30:03,INDF,RG,6125,1,D,DH,AK,D
13:30:03,INDF,RG,6125,1,D,DH,AK,D
13:30:03,INDF,RG,6125,1,D,DH,AK,D
13:30:03,INDF,RG,6125,1,D,DH,AK,D
13:30:03,INDF,RG,6125,1,D,DH,AK,D
13:30:03,INDF,RG,6125,1,D,DH,AK,D
13:30:03,INDF,RG,6125,1,D,DH,AK,D
13:30:03,INDF,RG,6125,1,D,DH,AK,D
13:30:03,INDF,RG,6125,1,D,DH,AK,D
13:30:03,INDF,RG,6125,1,D,DH,AK,D
13:30:03,INDF,RG,6125,1,D,DH,AK,D
13:30:03,INDF,RG,6125,1,D,DH,AK,D
13:30:03,INDF,RG,6125,1,D,DH,AK,D
13:30:03,INDF,RG,6125,1,D,DH,AK,D
13:30:03,INDF,RG,6125,1,D,DH,AK,D
13:30:03,INDF,RG,6125,1,D,DH,AK,D
13:30:03,INDF,RG,6125,1,D,DH,AK,D
13:30:03,INDF,RG,6125,1,D,DH,AK,D
13:30:03,INDF,RG,6125,1,D,KK,AK,D
13:30:03,INDF,RG,6125,2,D,SQ,AK,D
13:30:03,INDF,RG,6125,20,D,YP,AK,D
13:30:03,INDF,RG,6125,25,D,DH,AK,D
13:30:03,INDF,RG,6125,1,D,PD,AK,D
13:30:03,INDF,RG,6125,9,D,KK,AK,D
13:30:03,INDF,RG,6125,1,D,DH,AK,D
13:30:03,INDF,RG,6125,1,D,DH,AK,D
13:30:03,INDF,RG,6125,1,D,DH,AK,D
13:30:03,INDF,RG,6125,1,D,DH,AK,D
13:30:03,INDF,RG,6125,1,D,DH,AK,D
13:30:03,INDF,RG,6125,1,D,DH,AK,D
13:30:03,INDF,RG,6125,1,D,DH,AK,D
13:30:03,INDF,RG,6125,1,D,DH,AK,D
13:30:03,INDF,RG,6125,1,D,DH,AK,D
13:30:03,INDF,RG,6125,1,D,DH,AK,D
13:30:03,INDF,RG,6125,1,D,DH,AK,D
13:30:03,INDF,RG,6125,3,D,YP,AK,D
13:30:03,INDF,RG,6125,71,F,YU,AK,D
13:30:03,INDF,RG,6125,11,F,BK,AK,D
13:30:03,INDF,RG,6125,3,D,DH,AK,D
13:30:03,INDF,RG,6125,2,D,DH,PD,D
13:30:03,INDF,RG,6125,8,D,DH,YP,D
13:30:03,INDF,RG,6150,20,D,YP,RX,D
13:30:02,INDF,RG,6125,1,D,DH,PD,D
13:30:02,INDF,RG,6150,1,D,PD,RX,D
13:30:02,INDF,RG,6125,36,D,DH,DH,D
13:30:02,INDF,RG,6125,7,F,BK,DH,D
13:30:01,INDF,RG,6125,17,F,BK,SQ,D
13:30:01,INDF,RG,6150,2,D,PD,RX,D
13:30:01,INDF,RG,6150,35,D,LG,RX,D
13:30:01,INDF,RG,6150,1,D,PD,RX,D
13:30:01,INDF,RG,6150,1,D,PD,RX,D
13:30:01,INDF,RG,6125,8,F,BK,GR,D
13:30:01,INDF,RG,6150,1,D,PD,RX,D
11:29:58,INDF,RG,6125,2,F,BK,AK,D
11:29:58,INDF,RG,6125,1,F,BK,AK,D
11:29:47,INDF,RG,6125,20,F,BK,AK,D
11:29:47,INDF,RG,6125,56,F,BK,AK,D
11:29:47,INDF,RG,6150,5,F,AK,RX,D
11:29:47,INDF,RG,6125,73,F,BK,AK,D
11:29:47,INDF,RG,6125,4,D,CC,AK,D
11:29:47,INDF,RG,6125,14,D,CC,AK,D
11:29:47,INDF,RG,6150,4,F,AK,RX,D
11:29:47,INDF,RG,6125,83,D,CC,AK,D
11:29:47,INDF,RG,6150,4,F,AK,RX,D
11:29:47,INDF,RG,6125,87,D,CC,AK,D
11:29:47,INDF,RG,6150,4,F,AK,RX,D
11:29:47,INDF,RG,6150,3,F,AK,RX,D
11:29:47,INDF,RG,6150,5,F,AK,RX,D
11:29:47,INDF,RG,6150,1,F,AK,RX,D
11:29:47,INDF,RG,6125,16,D,CC,AK,D
11:29:47,INDF,RG,6125,10,D,YP,AK,D
11:29:47,INDF,RG,6150,2,F,AK,RX,D
11:29:47,INDF,RG,6125,10,D,DR,AK,D
11:29:47,INDF,RG,6125,34,F,YU,AK,D
11:29:47,INDF,RG,6125,2,F,YU,AK,D
11:29:47,INDF,RG,6150,1,F,AK,RX,D
11:29:47,INDF,RG,6125,3,F,YU,AK,D
11:29:47,INDF,RG,6125,5,F,YU,AK,D
11:29:47,INDF,RG,6125,19,F,YU,AK,D
11:29:47,INDF,RG,6125,2,D,PD,AK,D
11:29:47,INDF,RG,6125,4,F,BK,AK,D
11:29:47,INDF,RG,6150,1,F,AK,RX,D
11:29:37,INDF,RG,6150,11,F,BK,RX,D
11:29:37,INDF,RG,6150,10,F,BK,RX,D
11:29:27,INDF,RG,6150,11,F,BK,RX,D
11:29:22,INDF,RG,6150,10,F,BK,RX,D
11:29:21,INDF,RG,6150,10,F,BK,RX,D
11:29:16,INDF,RG,6150,5,D,XL,RX,D
11:29:05,INDF,RG,6150,10,F,BK,RX,D
11:29:05,INDF,RG,6150,12,F,BK,RX,D
11:28:58,INDF,RG,6150,200,D,CC,RX,D
11:28:52,INDF,RG,6150,12,F,BK,RX,D
11:28:47,INDF,RG,6150,12,F,BK,RX,D
11:28:43,INDF,RG,6150,10,F,BK,RX,D
11:28:36,INDF,RG,6125,1,F,BK,SQ,D
11:28:24,INDF,RG,6150,10,F,BK,RX,D
11:28:22,INDF,RG,6150,12,F,BK,RX,D
11:28:15,INDF,RG,6150,11,F,BK,RX,D
11:28:02,INDF,RG,6150,10,F,BK,RX,D
11:27:59,INDF,RG,6150,12,F,BK,RX,D
11:27:49,INDF,RG,6150,11,F,BK,RX,D
11:27:31,INDF,RG,6150,10,F,BK,RX,D
11:27:16,INDF,RG,6150,10,F,BK,RX,D
11:27:06,INDF,RG,6150,10,F,BK,RX,D
11:26:45,INDF,RG,6150,12,F,BK,RX,D
11:26:22,INDF,RG,6150,14,F,BK,RX,D
11:25:53,INDF,RG,6150,3,D,YP,RX,D
11:24:44,INDF,RG,6150,3,D,CC,RX,D
11:24:20,INDF,RG,6150,1,D,LG,RX,D
11:21:04,INDF,RG,6150,35,F,BK,RX,D
11:21:04,INDF,RG,6150,82,F,BK,RX,D
11:21:04,INDF,RG,6150,3,F,BK,CC,D
11:21:00,INDF,RG,6150,161,F,BK,LG,D
11:21:00,INDF,RG,6150,75,F,BK,LG,D
11:21:00,INDF,RG,6150,185,F,BK,LG,D
11:21:00,INDF,RG,6150,210,D,CC,LG,D
11:21:00,INDF,RG,6150,217,D,CC,LG,D
11:21:00,INDF,RG,6150,27,D,DH,LG,D
11:21:00,INDF,RG,6175,18,F,BK,YU,D
11:21:00,INDF,RG,6175,316,D,CC,YU,D
11:20:53,INDF,RG,6150,142,D,DH,CC,F
11:20:52,INDF,RG,6150,10,F,BK,CC,F
11:20:52,INDF,RG,6150,7,F,BK,OD,D
11:20:33,INDF,RG,6150,1,F,BK,XC,D
11:20:33,INDF,RG,6150,3,F,BK,YP,D
11:20:33,INDF,RG,6150,1,F,BK,XA,D
11:20:33,INDF,RG,6150,1,F,BK,NI,D
11:20:33,INDF,RG,6150,5,F,BK,CC,F
11:20:33,INDF,RG,6150,10,F,BK,HP,D
11:20:26,INDF,RG,6150,18,F,BK,YP,D
11:20:24,INDF,RG,6150,28,F,YU,YP,D
11:20:12,INDF,RG,6150,16,F,BK,YP,D
11:20:06,INDF,RG,6150,16,F,BK,YP,D
11:19:46,INDF,RG,6150,34,F,BK,YP,D
11:19:34,INDF,RG,6150,19,F,YU,YP,D
11:19:31,INDF,RG,6150,3,D,XC,YP,D
11:19:31,INDF,RG,6150,26,F,BK,YP,D
11:19:29,INDF,RG,6150,15,F,YU,YP,D
11:19:09,INDF,RG,6150,33,F,BK,YP,D
11:18:59,INDF,RG,6150,25,F,BK,YP,D
11:18:38,INDF,RG,6150,16,F,BK,YP,D
11:18:33,INDF,RG,6150,12,F,YU,YP,D
11:18:29,INDF,RG,6150,43,F,BK,YP,D
11:18:23,INDF,RG,6150,14,F,YU,YP,D
11:18:17,INDF,RG,6150,15,F,BK,YP,D
11:18:13,INDF,RG,6150,30,F,BK,YP,D
11:18:04,INDF,RG,6150,37,F,AK,YP,D
11:18:04,INDF,RG,6150,2,F,AK,XL,D
11:17:54,INDF,RG,6150,19,F,BK,CC,F
11:17:54,INDF,RG,6150,5,D,PD,CC,F
11:17:51,INDF,RG,6150,13,F,BK,CC,F
11:17:44,INDF,RG,6150,47,F,BK,CC,F
11:17:41,INDF,RG,6150,16,F,BK,CC,F
11:17:36,INDF,RG,6150,33,D,DH,CC,F
11:17:32,INDF,RG,6150,35,F,YU,CC,F
11:17:32,INDF,RG,6150,12,F,BK,CC,F
11:17:29,INDF,RG,6150,24,F,YU,CC,F
11:17:10,INDF,RG,6125,20,F,BK,YP,D
11:17:05,INDF,RG,6150,23,F,BK,CC,F
11:17:02,INDF,RG,6150,27,F,YU,CC,F
11:17:01,INDF,RG,6150,39,F,BK,CC,F
11:17:00,INDF,RG,6150,200,D,CC,CC,F
11:16:56,INDF,RG,6150,47,F,BK,CC,F
11:16:50,INDF,RG,6150,8,D,YP,CC,F
11:16:39,INDF,RG,6150,28,F,BK,CC,F
11:16:17,INDF,RG,6150,16,F,BK,CC,F
11:16:16,INDF,RG,6150,46,F,BK,CC,F
11:15:53,INDF,RG,6125,6,F,BK,PD,D
11:15:43,INDF,RG,6150,12,F,BK,CC,F
11:15:42,INDF,RG,6125,2,F,BK,PD,D
11:15:38,INDF,RG,6150,31,F,BK,CC,F
11:15:32,INDF,RG,6150,32,F,YU,CC,F
11:15:32,INDF,RG,6150,3,F,YU,CC,F
11:15:22,INDF,RG,6150,1,F,BK,CC,F
11:15:22,INDF,RG,6150,20,F,BK,AK,D
11:15:20,INDF,RG,6150,5,D,NI,AK,D
11:15:20,INDF,RG,6150,27,F,BK,AK,D
11:15:19,INDF,RG,6150,25,F,BK,AK,D
11:15:19,INDF,RG,6150,35,F,BK,AK,D
11:15:16,INDF,RG,6150,75,F,BK,AK,D
11:15:16,INDF,RG,6150,10,F,BK,XC,D
11:15:14,INDF,RG,6150,6,D,DR,XC,D
11:15:12,INDF,RG,6150,10,F,BK,XC,D
11:15:12,INDF,RG,6150,10,F,BK,PD,D
11:15:12,INDF,RG,6150,21,F,BK,CC,D
11:15:12,INDF,RG,6150,4,F,BK,XC,D
11:15:12,INDF,RG,6150,8,F,BK,PD,D
11:15:12,INDF,RG,6150,2,F,BK,PD,D
11:15:12,INDF,RG,6150,24,F,BK,OD,D
11:15:12,INDF,RG,6150,47,F,BK,YP,D
11:15:12,INDF,RG,6150,1,F,BK,YP,D
11:15:12,INDF,RG,6150,72,F,BK,PD,D
11:15:12,INDF,RG,6150,2,F,BK,KK,D
11:15:12,INDF,RG,6150,17,F,BK,YP,D
11:15:12,INDF,RG,6150,1,F,BK,NI,D
11:15:12,INDF,RG,6150,9,F,BK,YP,D
11:15:12,INDF,RG,6150,19,F,BK,XC,D
11:15:12,INDF,RG,6150,1,F,BK,PD,D
11:15:12,INDF,RG,6150,10,F,BK,CC,D
11:15:12,INDF,RG,6150,10,F,BK,YP,D
11:15:12,INDF,RG,6150,6,F,BK,YP,D
11:15:12,INDF,RG,6150,3,F,BK,PD,D
11:15:12,INDF,RG,6150,1,F,BK,NI,D
11:15:12,INDF,RG,6150,17,F,BK,NI,D
11:15:12,INDF,RG,6150,2,F,BK,PD,D
11:15:12,INDF,RG,6150,5,F,BK,CC,D
11:15:12,INDF,RG,6150,2,F,BK,PD,D
11:15:12,INDF,RG,6150,4,F,BK,YP,D
11:15:12,INDF,RG,6150,10,F,BK,XC,D
11:15:12,INDF,RG,6150,10,F,BK,YP,D
11:15:12,INDF,RG,6150,1,F,BK,XC,D
11:15:12,INDF,RG,6150,3,F,BK,CC,D
11:15:12,INDF,RG,6150,2,F,BK,PD,D
11:15:12,INDF,RG,6150,1,F,BK,NI,D
11:15:12,INDF,RG,6150,8,F,BK,PD,D
11:15:12,INDF,RG,6150,5,F,BK,CC,D
11:15:12,INDF,RG,6150,1,F,BK,PD,D
11:15:12,INDF,RG,6150,20,F,BK,YU,D
11:15:12,INDF,RG,6150,92,F,BK,RX,D
11:15:10,INDF,RG,6150,908,F,ZP,RX,D
11:15:10,INDF,RG,6150,10,F,ZP,CC,D
11:15:10,INDF,RG,6150,1,F,ZP,YP,D
11:15:10,INDF,RG,6150,8,F,ZP,YP,D
11:15:10,INDF,RG,6150,9,F,ZP,CC,D
11:15:10,INDF,RG,6150,2,F,ZP,CC,D
11:15:10,INDF,RG,6150,3,F,ZP,XL,D
11:15:10,INDF,RG,6150,1,F,ZP,XC,D
11:15:10,INDF,RG,6150,1,F,ZP,NI,D
11:15:10,INDF,RG,6150,2,F,ZP,XL,D
11:15:10,INDF,RG,6150,300,F,ZP,SQ,D
11:15:10,INDF,RG,6150,1,F,ZP,NI,D
11:15:10,INDF,RG,6150,10,F,ZP,CC,D
11:15:10,INDF,RG,6150,1,F,ZP,XC,D
11:15:10,INDF,RG,6150,2,F,ZP,YP,D
11:15:10,INDF,RG,6150,15,F,ZP,PD,D
11:15:10,INDF,RG,6150,5,F,ZP,CC,D
11:15:10,INDF,RG,6150,25,F,ZP,ID,D
11:15:10,INDF,RG,6150,4,F,ZP,PD,D
11:15:10,INDF,RG,6150,100,F,ZP,KK,D
11:15:10,INDF,RG,6150,20,F,ZP,XL,D
11:15:10,INDF,RG,6150,1,F,ZP,XC,D
11:15:10,INDF,RG,6150,4,F,ZP,PD,D
11:15:10,INDF,RG,6150,15,F,ZP,HP,D
11:15:10,INDF,RG,6150,13,F,ZP,PD,D
11:15:10,INDF,RG,6150,15,F,ZP,XC,D
11:15:10,INDF,RG,6150,5,F,ZP,CC,D
11:15:10,INDF,RG,6150,36,F,ZP,AK,F
11:15:10,INDF,RG,6150,50,F,ZP,HP,D
11:15:10,INDF,RG,6150,1,F,ZP,DR,D
11:15:10,INDF,RG,6150,4,F,ZP,CC,D
11:15:10,INDF,RG,6150,5,F,ZP,YP,D
11:15:10,INDF,RG,6150,69,F,ZP,AK,D
11:15:10,INDF,RG,6150,1000,F,ZP,RX,D
11:15:10,INDF,RG,6150,68,F,ZP,AK,D
11:15:10,INDF,RG,6150,71,F,ZP,AK,D
11:15:10,INDF,RG,6150,10,F,ZP,CC,F
11:15:10,INDF,RG,6150,295,F,ZP,IF,D
11:15:05,INDF,RG,6150,27,F,BK,IF,D
11:14:41,INDF,RG,6150,1,D,CC,IF,D
11:14:40,INDF,RG,6125,2,F,BK,NI,D
11:14:21,INDF,RG,6150,23,F,BK,IF,D
11:13:32,INDF,RG,6125,1,F,BK,PD,D
11:12:56,INDF,RG,6150,11,F,BK,IF,D
11:12:52,INDF,RG,6150,54,F,BK,IF,D
11:12:48,INDF,RG,6125,50,F,BK,AK,D
11:12:48,INDF,RG,6125,123,F,BK,AK,D
11:12:48,INDF,RG,6125,1,D,SQ,AK,D
11:12:48,INDF,RG,6125,1,D,NI,AK,D
11:12:48,INDF,RG,6125,2,D,PD,AK,D
11:12:48,INDF,RG,6125,1,D,PD,AK,D
11:12:48,INDF,RG,6125,4,F,AK,AK,D
11:12:48,INDF,RG,6125,64,F,YU,AK,D
11:12:48,INDF,RG,6125,4,F,AK,AK,D
11:12:48,INDF,RG,6125,5,D,PD,AK,D
11:12:48,INDF,RG,6125,64,F,YU,AK,D
11:12:48,INDF,RG,6125,200,D,CC,AK,D
11:12:48,INDF,RG,6125,4,F,AK,AK,D
11:12:48,INDF,RG,6125,50,D,KK,AK,D
11:12:48,INDF,RG,6125,3,D,YP,AK,D
11:12:36,INDF,RG,6150,17,F,BK,IF,D
11:12:31,INDF,RG,6150,50,D,CC,IF,D
11:12:23,INDF,RG,6150,74,F,BK,IF,D
11:12:14,INDF,RG,6125,6,D,YP,PD,D
11:12:03,INDF,RG,6150,19,F,BK,IF,D
11:12:01,INDF,RG,6150,53,F,BK,IF,D
11:11:54,INDF,RG,6150,9,D,DH,IF,D
11:11:45,INDF,RG,6150,1,D,PC,IF,D
11:11:29,INDF,RG,6150,12,F,BK,IF,D
11:11:26,INDF,RG,6150,1,D,XC,IF,D
11:11:23,INDF,RG,6150,82,F,BK,IF,D
11:11:21,INDF,RG,6150,33,F,BK,IF,D
11:11:14,INDF,RG,6150,5,D,PD,IF,D
11:11:12,INDF,RG,6150,5,D,KK,IF,D
11:10:51,INDF,RG,6150,11,F,BK,IF,D
11:10:47,INDF,RG,6150,42,F,BK,IF,D
11:10:25,INDF,RG,6150,33,F,BK,IF,D
11:10:23,INDF,RG,6150,100,D,CC,IF,D
11:10:21,INDF,RG,6150,200,D,CC,IF,D
11:10:18,INDF,RG,6150,55,F,BK,IF,D
11:09:40,INDF,RG,6150,29,F,BK,IF,D
11:09:39,INDF,RG,6150,65,F,BK,IF,D
11:09:14,INDF,RG,6125,41,D,YP,AK,F
11:09:14,INDF,RG,6125,5,D,EP,AK,F
11:09:14,INDF,RG,6125,2,D,DR,AK,F
11:09:14,INDF,RG,6125,157,D,CC,AK,F
11:09:14,INDF,RG,6125,29,D,CC,PD,D
11:09:14,INDF,RG,6125,8,D,YP,PD,D
11:09:14,INDF,RG,6125,1,D,SQ,PD,D
11:09:14,INDF,RG,6125,1,D,SQ,PD,D
11:09:14,INDF,RG,6125,2,D,AZ,PD,D
11:09:14,INDF,RG,6125,10,D,XL,PD,D
11:09:14,INDF,RG,6125,33,D,DH,PD,D
11:09:14,INDF,RG,6125,55,D,CC,PD,D
11:09:00,INDF,RG,6150,34,F,BK,IF,D
11:08:08,INDF,RG,6150,87,F,BK,IF,D
11:08:05,INDF,RG,6125,2,D,CC,KK,D
11:06:15,INDF,RG,6125,2,D,CC,YB,D
11:06:06,INDF,RG,6150,12,F,BK,IF,D
11:06:02,INDF,RG,6150,23,F,BK,IF,D
11:06:00,INDF,RG,6150,226,D,CC,IF,D
11:05:39,INDF,RG,6150,5,D,CC,IF,D
11:05:23,INDF,RG,6150,21,F,BK,IF,D
11:05:22,INDF,RG,6150,16,D,GR,IF,D
11:05:20,INDF,RG,6125,38,D,CC,YP,D
11:05:20,INDF,RG,6125,2,D,PD,YP,D
11:05:20,INDF,RG,6125,5,D,KK,YP,D
11:05:20,INDF,RG,6125,1,D,XC,YP,D
11:05:20,INDF,RG,6125,2,D,YP,YP,D
11:05:20,INDF,RG,6125,1,D,YP,YP,D
11:05:20,INDF,RG,6125,3,D,YP,YP,D
11:05:08,INDF,RG,6125,4,D,YP,SQ,D
11:05:06,INDF,RG,6125,1,D,YP,PD,D
11:05:06,INDF,RG,6125,1,D,DR,PD,D
11:05:06,INDF,RG,6125,4,D,CP,PD,D
11:05:02,INDF,RG,6150,1,D,PD,IF,D
11:04:54,INDF,RG,6125,11,D,CP,PD,D
11:04:54,INDF,RG,6125,7,D,DR,PD,D
11:04:27,INDF,RG,6125,1,D,DR,XC,D
11:04:16,INDF,RG,6150,16,D,GR,IF,D
11:04:16,INDF,RG,6125,7,D,DR,PD,D
11:03:17,INDF,RG,6150,1,D,PD,IF,D
11:02:09,INDF,RG,6150,11,F,BK,IF,D
11:02:05,INDF,RG,6150,17,F,BK,IF,D
11:02:00,INDF,RG,6150,197,D,CC,IF,D
11:01:46,INDF,RG,6125,1,D,PD,PD,D
11:01:46,INDF,RG,6125,1,D,LS,PD,D
11:01:46,INDF,RG,6125,4,D,DR,PD,D
11:01:31,INDF,RG,6125,1,D,DR,XC,D
11:01:10,INDF,RG,6125,8,D,DR,AI,D
11:00:53,INDF,RG,6125,5,D,DR,PD,D
11:00:53,INDF,RG,6125,5,D,NI,PD,D
11:00:35,INDF,RG,6125,3,F,ZP,CC,D
11:00:24,INDF,RG,6125,45,F,ZP,CC,D
11:00:00,INDF,RG,6150,50,D,CC,IF,D
10:59:55,INDF,RG,6150,1,D,PD,IF,D
10:58:09,INDF,RG,6125,1,F,ZP,YP,D
10:58:07,INDF,RG,6125,2,F,ZP,XC,D
10:58:03,INDF,RG,6125,1,F,ZP,YP,D
10:58:03,INDF,RG,6125,51,F,ZP,PD,D
10:58:03,INDF,RG,6125,45,D,CC,PD,D
10:58:03,INDF,RG,6125,1,D,DR,PD,D
10:58:03,INDF,RG,6125,1,D,PD,PD,D
10:58:03,INDF,RG,6125,10,D,DR,PD,D
10:58:03,INDF,RG,6125,47,D,YJ,PD,D
10:57:58,INDF,RG,6125,3,D,YJ,YP,D
10:57:58,INDF,RG,6125,10,D,LG,YP,D
10:57:58,INDF,RG,6125,1,D,XL,YP,D
10:57:58,INDF,RG,6125,1,D,YP,YP,D
10:57:58,INDF,RG,6125,130,F,ZP,YP,D
10:57:58,INDF,RG,6125,10,D,KK,YP,D
10:57:58,INDF,RG,6125,1,D,XL,YP,D
10:57:58,INDF,RG,6125,2,D,SQ,YP,D
10:57:58,INDF,RG,6125,4,D,XL,YP,D
10:57:58,INDF,RG,6125,38,F,ZP,YP,D
10:57:25,INDF,RG,6125,290,F,ZP,AK,D
10:57:25,INDF,RG,6150,18,F,AK,IF,D
10:57:25,INDF,RG,6125,1,F,ZP,AK,F
10:57:12,INDF,RG,6125,1,F,ZP,PD,D
10:56:49,INDF,RG,6125,3,F,ZP,PD,D
10:56:38,INDF,RG,6150,30,D,ZR,IF,D
10:56:30,INDF,RG,6150,3,D,NI,IF,D
10:56:03,INDF,RG,6150,200,D,CC,IF,D
10:55:03,INDF,RG,6150,4,D,PD,IF,D
10:55:00,INDF,RG,6150,251,D,CC,IF,D
10:53:38,INDF,RG,6150,1,D,KK,IF,D
10:52:18,INDF,RG,6150,4,D,NI,IF,D
10:52:00,INDF,RG,6150,275,D,CC,IF,D
10:50:48,INDF,RG,6150,1,D,EP,IF,D
10:49:41,INDF,RG,6150,19,F,AK,IF,D
10:49:41,INDF,RG,6125,58,F,ZP,AK,D
10:49:41,INDF,RG,6125,2,D,OD,AK,D
10:49:41,INDF,RG,6125,49,D,LG,AK,D
10:49:41,INDF,RG,6125,104,F,BK,AK,D
10:49:41,INDF,RG,6125,101,F,ZP,AK,D
10:49:41,INDF,RG,6125,48,F,BK,AK,D
10:49:05,INDF,RG,6125,102,F,BK,PD,D
10:49:05,INDF,RG,6125,22,F,ZP,PD,D
10:48:51,INDF,RG,6150,1,D,EP,IF,D
10:48:00,INDF,RG,6150,199,D,CC,IF,D
10:47:50,INDF,RG,6150,1,D,PD,IF,D
10:47:50,INDF,RG,6150,100,D,CC,IF,D
10:47:23,INDF,RG,6125,15,F,ZP,YU,D
10:46:35,INDF,RG,6125,1,F,ZP,DH,D
10:45:09,INDF,RG,6125,30,F,ZP,ZR,D
10:44:52,INDF,RG,6125,139,F,ZP,PD,D
10:44:33,INDF,RG,6125,210,F,ZP,GR,D
10:44:06,INDF,RG,6125,4,F,ZP,PD,D
10:43:15,INDF,RG,6125,30,F,ZP,EP,D
10:43:15,INDF,RG,6150,2,D,PD,IF,D
10:43:01,INDF,RG,6150,4,D,PD,IF,D
10:43:00,INDF,RG,6150,1,D,NI,IF,D
10:42:23,INDF,RG,6125,7,F,ZP,YP,D
10:42:19,INDF,RG,6125,1,F,ZP,PD,D
10:42:04,INDF,RG,6125,1,F,ZP,GR,D
10:42:00,INDF,RG,6150,185,D,CC,IF,D
10:40:51,INDF,RG,6125,1,F,ZP,CC,D
10:40:45,INDF,RG,6125,53,F,ZP,AK,D
10:40:45,INDF,RG,6125,47,F,AK,AK,D
10:40:11,INDF,RG,6125,1,F,AK,YP,D
10:40:09,INDF,RG,6150,16,D,CC,IF,D
10:39:12,INDF,RG,6125,500,F,AK,CC,D
10:38:30,INDF,RG,6125,89,F,AK,AK,D
10:38:08,INDF,RG,6125,10,F,AK,PD,D
10:37:32,INDF,RG,6150,4,D,PD,IF,D
10:36:25,INDF,RG,6150,6,D,PD,IF,D
10:35:23,INDF,RG,6150,200,D,CC,IF,D
10:34:30,INDF,RG,6125,89,F,AK,AK,D
10:34:28,INDF,RG,6125,5,F,AK,DR,D
10:34:20,INDF,RG,6150,24,D,OD,IF,D
10:34:15,INDF,RG,6150,1,D,NI,IF,D
10:33:43,INDF,RG,6150,1,D,NI,IF,D
10:33:22,INDF,RG,6150,5,D,DR,IF,D
10:33:19,INDF,RG,6125,3,F,AK,SQ,D
10:33:00,INDF,RG,6125,35,F,AK,YB,D
10:32:40,INDF,RG,6125,76,F,AK,PD,D
10:31:41,INDF,RG,6125,4,F,AK,XL,D
10:31:23,INDF,RG,6150,1,D,PD,IF,D
10:30:08,INDF,RG,6150,1,D,XC,IF,D
10:30:07,INDF,RG,6150,2,D,XC,IF,D
10:29:59,INDF,RG,6150,200,D,CC,IF,D
10:29:57,INDF,RG,6150,200,D,CC,IF,D
10:29:52,INDF,RG,6150,100,D,CC,IF,D
10:29:46,INDF,RG,6150,137,D,CC,IF,D
10:29:43,INDF,RG,6150,100,D,CC,IF,D
10:29:41,INDF,RG,6150,6,F,AK,IF,D
10:29:41,INDF,RG,6150,3,F,AK,IF,D
10:29:41,INDF,RG,6150,3,F,AK,IF,D
10:29:41,INDF,RG,6150,10,D,DR,IF,D
10:29:41,INDF,RG,6150,1,D,YP,IF,D
10:29:41,INDF,RG,6150,1,D,XC,IF,D
10:29:41,INDF,RG,6150,1,D,DR,IF,D
10:29:41,INDF,RG,6150,6,F,AK,IF,D
10:29:41,INDF,RG,6150,77,F,YU,IF,D
10:29:41,INDF,RG,6150,220,F,ZP,IF,D
10:29:41,INDF,RG,6150,155,F,BK,IF,D
10:29:41,INDF,RG,6150,4,F,AK,IF,D
10:29:41,INDF,RG,6150,3,F,AK,IF,D
10:29:41,INDF,RG,6150,305,F,YU,IF,D
10:29:41,INDF,RG,6150,194,D,CC,IF,D
10:29:41,INDF,RG,6150,124,F,ZP,IF,D
10:29:41,INDF,RG,6150,140,F,ZP,IF,D
10:29:41,INDF,RG,6150,371,F,BK,IF,D
10:29:41,INDF,RG,6150,59,F,ZP,IF,D
10:29:41,INDF,RG,6150,281,F,ZP,IF,D
10:29:41,INDF,RG,6150,477,F,BK,IF,D
10:29:41,INDF,RG,6150,37,D,CC,IF,D
10:29:31,INDF,RG,6175,99,D,YP,YU,D
10:28:49,INDF,RG,6175,33,F,BK,YU,D
10:28:34,INDF,RG,6150,5,D,CC,PD,D
10:28:21,INDF,RG,6150,4,D,CC,KK,D
10:28:12,INDF,RG,6150,1,D,CC,YP,D
10:28:10,INDF,RG,6175,35,F,BK,YU,D
10:27:57,INDF,RG,6150,3,D,CC,KK,D
10:27:46,INDF,RG,6175,1,D,SQ,YU,D
10:26:54,INDF,RG,6175,15,F,BK,YU,D
10:26:52,INDF,RG,6150,10,D,CC,XC,D
10:26:47,INDF,RG,6175,25,F,BK,YU,D
10:26:19,INDF,RG,6150,11,D,CC,XL,D
10:26:17,INDF,RG,6150,26,D,CC,YP,D
10:26:17,INDF,RG,6150,1,F,AK,YP,D
10:26:08,INDF,RG,6150,1,F,AK,PD,D
10:26:02,INDF,RG,6175,47,F,BK,YU,D
10:25:44,INDF,RG,6150,3,F,AK,XC,D
10:25:25,INDF,RG,6175,6,F,AK,YU,D
10:25:17,INDF,RG,6175,19,F,BK,YU,D
10:24:56,INDF,RG,6175,1,D,CC,YU,D
10:24:40,INDF,RG,6175,18,F,BK,YU,D
10:24:40,INDF,RG,6150,3,F,ZP,PD,D
10:24:40,INDF,RG,6150,5,F,ZP,CC,D
10:24:40,INDF,RG,6150,5,F,ZP,CC,D
10:24:40,INDF,RG,6150,79,F,ZP,AK,D
10:24:40,INDF,RG,6150,3,F,ZP,CC,D
10:24:40,INDF,RG,6150,11,F,ZP,RX,D
10:24:38,INDF,RG,6150,322,F,ZP,RX,D
10:24:35,INDF,RG,6150,15,F,ZP,RX,D
10:24:34,INDF,RG,6150,2,D,XC,RX,D
10:24:32,INDF,RG,6150,17,F,ZP,RX,D
10:24:23,INDF,RG,6150,12,F,ZP,RX,D
10:24:20,INDF,RG,6150,15,F,ZP,RX,D
10:24:17,INDF,RG,6150,13,F,ZP,RX,D
10:24:15,INDF,RG,6150,28,F,ZP,RX,D
10:24:10,INDF,RG,6150,25,F,ZP,RX,D
10:24:06,INDF,RG,6150,11,F,ZP,RX,D
10:24:03,INDF,RG,6150,14,F,ZP,RX,D
10:24:00,INDF,RG,6150,10,F,ZP,RX,D
10:23:57,INDF,RG,6150,36,F,ZP,RX,D
10:23:55,INDF,RG,6150,4,F,AK,RX,D
10:23:54,INDF,RG,6150,17,F,ZP,RX,D
10:23:52,INDF,RG,6150,33,F,ZP,RX,D
10:23:50,INDF,RG,6150,18,F,ZP,RX,D
10:23:50,INDF,RG,6150,11,F,BK,RX,D
10:23:47,INDF,RG,6150,28,F,ZP,RX,D
10:23:45,INDF,RG,6150,14,F,ZP,RX,D
10:23:43,INDF,RG,6150,48,F,ZP,RX,D
10:23:43,INDF,RG,6150,16,F,BK,RX,D
10:23:41,INDF,RG,6150,14,F,ZP,RX,D
10:23:38,INDF,RG,6150,26,F,ZP,RX,D
10:23:36,INDF,RG,6150,44,F,ZP,RX,D
10:23:33,INDF,RG,6150,44,F,ZP,RX,D
10:23:31,INDF,RG,6150,10,F,BK,RX,D
10:23:30,INDF,RG,6150,9,F,ZP,RX,D
10:23:29,INDF,RG,6150,11,D,DH,RX,D
10:23:28,INDF,RG,6150,33,F,ZP,RX,D
10:23:26,INDF,RG,6150,48,F,BK,RX,D
10:23:26,INDF,RG,6150,13,F,ZP,RX,D
10:23:24,INDF,RG,6150,28,F,ZP,RX,D
10:23:22,INDF,RG,6150,13,F,ZP,CC,F
10:23:21,INDF,RG,6175,11,F,ZP,YU,D
10:23:21,INDF,RG,6150,2,F,ZP,CC,D
10:23:18,INDF,RG,6175,71,F,ZP,YU,D
10:23:16,INDF,RG,6150,103,F,AK,AK,D
10:23:15,INDF,RG,6150,158,F,AK,AK,F
10:23:15,INDF,RG,6150,1,F,AK,CC,D
10:23:15,INDF,RG,6150,10,F,AK,CC,D
10:23:15,INDF,RG,6150,3,F,AK,NI,D
10:23:15,INDF,RG,6150,2,F,AK,XL,D
10:23:15,INDF,RG,6150,4,F,AK,CC,D
10:23:15,INDF,RG,6150,5,F,AK,YP,D
10:23:15,INDF,RG,6150,5,F,AK,YP,D
10:23:15,INDF,RG,6150,1,F,AK,PD,D
10:23:15,INDF,RG,6150,3,F,AK,NI,D
10:23:15,INDF,RG,6150,2,F,AK,XC,D
10:23:15,INDF,RG,6150,3,F,AK,CC,D
10:23:15,INDF,RG,6150,10,F,AK,EP,D
10:23:15,INDF,RG,6150,5,F,AK,PD,D
10:23:15,INDF,RG,6150,10,F,AK,YP,D
10:23:15,INDF,RG,6150,1,F,AK,KK,D
10:23:15,INDF,RG,6150,2,F,AK,YP,D
10:23:15,INDF,RG,6150,1,F,AK,PD,D
10:23:15,INDF,RG,6150,10,F,AK,GR,D
10:23:15,INDF,RG,6150,3,F,AK,CC,D
10:23:15,INDF,RG,6150,5,F,AK,XC,D
10:23:15,INDF,RG,6150,5,F,AK,YP,D
10:23:15,INDF,RG,6150,23,F,AK,PD,D
10:23:15,INDF,RG,6150,2,F,AK,PD,D
10:23:15,INDF,RG,6150,3,F,AK,YP,D
10:23:15,INDF,RG,6150,2,F,AK,XC,D
10:23:15,INDF,RG,6150,2,F,AK,NI,D
10:23:15,INDF,RG,6150,1,F,AK,PD,D
10:23:15,INDF,RG,6150,5,F,AK,XC,D
10:23:15,INDF,RG,6150,5,F,AK,YP,D
10:23:15,INDF,RG,6150,20,F,AK,XC,D
10:23:15,INDF,RG,6150,2,F,AK,XC,D
10:23:15,INDF,RG,6150,3,F,AK,XC,D
10:23:15,INDF,RG,6150,100,F,AK,YP,D
10:23:15,INDF,RG,6150,120,F,AK,AK,D
10:23:15,INDF,RG,6150,3,F,AK,KK,D
10:23:15,INDF,RG,6150,1,F,AK,KK,D
10:23:15,INDF,RG,6150,2,F,AK,XC,D
10:23:15,INDF,RG,6150,17,F,AK,YP,D
10:23:15,INDF,RG,6150,7,F,AK,PD,D
10:23:15,INDF,RG,6150,5,F,AK,GR,D
10:23:15,INDF,RG,6150,2,F,AK,CC,D
10:23:15,INDF,RG,6150,1,F,AK,OD,D
10:23:15,INDF,RG,6150,50,F,AK,YP,D
10:23:15,INDF,RG,6150,9,F,AK,PD,D
10:23:15,INDF,RG,6150,1,F,AK,OD,F
10:23:15,INDF,RG,6150,5,F,AK,GR,D
10:23:15,INDF,RG,6150,1,F,AK,XC,D
10:23:15,INDF,RG,6150,5,F,AK,NI,D
10:23:15,INDF,RG,6150,1,F,AK,NI,D
10:23:15,INDF,RG,6150,20,F,AK,PD,D
10:23:15,INDF,RG,6150,3,F,AK,YP,D
10:23:15,INDF,RG,6150,70,F,AK,NI,D
10:23:15,INDF,RG,6150,20,F,AK,NI,D
10:23:15,INDF,RG,6150,9,F,AK,OD,D
10:23:15,INDF,RG,6150,55,F,AK,CP,D
10:23:15,INDF,RG,6150,224,F,ZP,CP,D
10:23:13,INDF,RG,6150,71,F,AK,CP,D
10:23:13,INDF,RG,6150,5,F,AK,PD,D
10:23:13,INDF,RG,6150,150,F,AK,OD,D
10:23:13,INDF,RG,6150,18,F,AK,CC,D
10:23:13,INDF,RG,6150,81,F,AK,AK,D
10:23:13,INDF,RG,6150,93,F,AK,YP,D
10:23:13,INDF,RG,6150,60,F,AK,YP,D
10:23:13,INDF,RG,6150,4,F,AK,PD,D
10:23:13,INDF,RG,6150,75,F,AK,CC,D
10:23:13,INDF,RG,6150,24,F,AK,YP,D
10:23:13,INDF,RG,6150,1,F,AK,GR,D
10:23:13,INDF,RG,6150,2,F,AK,NI,D
10:23:13,INDF,RG,6150,94,F,AK,NI,D
10:23:13,INDF,RG,6150,5,F,AK,GR,D
10:23:13,INDF,RG,6150,200,F,AK,SH,D
10:23:13,INDF,RG,6150,16,F,AK,CC,F
10:23:13,INDF,RG,6150,1,F,AK,XC,D
10:23:13,INDF,RG,6150,10,F,AK,PD,D
10:23:13,INDF,RG,6150,50,F,AK,NI,D
10:23:13,INDF,RG,6150,28,F,AK,AK,F
10:23:13,INDF,RG,6150,12,F,AK,CC,D
10:23:12,INDF,RG,6150,47,F,AK,CC,D
10:23:12,INDF,RG,6150,20,F,AK,PD,D
10:23:12,INDF,RG,6150,17,F,AK,XC,D
10:23:12,INDF,RG,6150,916,F,AK,RX,D
10:23:11,INDF,RG,6150,15,F,ZP,RX,D
10:23:08,INDF,RG,6150,13,F,ZP,RX,D
10:23:04,INDF,RG,6125,124,F,AK,PD,D
10:22:55,INDF,RG,6150,3,F,AK,RX,D
10:22:38,INDF,RG,6150,15,F,ZP,RX,D
10:22:36,INDF,RG,6150,14,F,ZP,RX,D
10:22:34,INDF,RG,6150,11,F,ZP,RX,D
10:22:32,INDF,RG,6150,1,D,SQ,RX,D
10:22:30,INDF,RG,6125,139,F,AK,PD,D
10:22:00,INDF,RG,6150,12,F,ZP,RX,D
10:22:00,INDF,RG,6150,1,F,ZP,XL,D
10:22:00,INDF,RG,6150,1,F,ZP,PD,D
10:21:58,INDF,RG,6150,2,D,EP,PD,D
10:21:47,INDF,RG,6150,15,F,BK,PD,D
10:21:40,INDF,RG,6150,2,F,AK,PD,D
10:21:40,INDF,RG,6150,2,F,AK,SQ,D
10:21:31,INDF,RG,6150,15,F,ZP,SQ,D
10:21:29,INDF,RG,6150,11,F,ZP,SQ,D
10:21:27,INDF,RG,6150,14,F,ZP,SQ,D
10:21:24,INDF,RG,6125,129,F,AK,AK,D
10:21:23,INDF,RG,6150,25,F,BK,SQ,D
10:21:10,INDF,RG,6150,3,D,NI,SQ,D
10:19:53,INDF,RG,6150,1,D,OD,SQ,D
10:19:45,INDF,RG,6125,3,F,AK,XC,D
10:19:40,INDF,RG,6150,4,F,AK,SQ,D
10:18:46,INDF,RG,6125,1,F,AK,EP,D
10:17:27,INDF,RG,6150,2,D,PD,SQ,D
10:16:49,INDF,RG,6125,10,F,AK,SQ,D
10:16:30,INDF,RG,6125,158,F,AK,AK,D
10:16:10,INDF,RG,6150,37,F,BK,SQ,D
10:16:05,INDF,RG,6150,59,F,BK,SQ,D
10:15:28,INDF,RG,6125,139,F,AK,PD,D
10:15:10,INDF,RG,6125,1,F,AK,NI,D
10:14:07,INDF,RG,6150,27,F,BK,SQ,D
10:14:07,INDF,RG,6150,1,F,BK,XC,D
10:14:07,INDF,RG,6150,2,F,BK,XC,D
10:14:07,INDF,RG,6150,2,F,BK,PD,D
10:14:07,INDF,RG,6150,3,F,BK,CC,D
10:14:07,INDF,RG,6150,1,F,BK,XL,D
10:14:02,INDF,RG,6125,2,F,AK,YP,D
10:13:18,INDF,RG,6125,3,F,AK,XC,D
10:13:02,INDF,RG,6150,9,F,BK,XL,D
10:13:02,INDF,RG,6150,3,F,BK,XC,D
10:13:02,INDF,RG,6150,1,F,BK,YP,D
10:13:02,INDF,RG,6150,5,F,BK,YP,D
10:13:02,INDF,RG,6150,1,F,BK,XC,D
10:13:02,INDF,RG,6150,14,F,BK,AK,D
10:13:01,INDF,RG,6150,1,D,NI,AK,D
10:12:59,INDF,RG,6125,1,F,AK,LG,D
10:12:21,INDF,RG,6125,1,F,AK,KK,D
10:12:17,INDF,RG,6125,124,F,AK,PD,D
10:12:12,INDF,RG,6125,5,F,AK,PD,D
10:12:10,INDF,RG,6150,37,F,BK,AK,D
10:12:04,INDF,RG,6125,2,F,AK,CC,D
10:12:00,INDF,RG,6125,108,F,AK,AK,D
10:11:35,INDF,RG,6125,18,F,AK,PD,D
10:11:35,INDF,RG,6150,4,D,PD,AK,D
10:11:11,INDF,RG,6125,33,F,AK,YB,D
10:09:41,INDF,RG,6150,3,D,XC,AK,D
10:09:22,INDF,RG,6150,32,F,BK,AK,D
10:09:22,INDF,RG,6150,15,F,BK,XC,D
10:08:46,INDF,RG,6150,1,D,XL,XC,D
10:08:04,INDF,RG,6150,1,D,PD,XC,D
10:07:59,INDF,RG,6125,5,F,AK,YP,D
10:07:58,INDF,RG,6150,5,D,YU,KK,D
10:07:55,INDF,RG,6150,1,D,HP,KK,D
10:07:34,INDF,RG,6150,1,D,XC,KK,D
10:05:46,INDF,RG,6150,18,D,XL,KK,D
10:05:46,INDF,RG,6150,10,D,XL,YP,D
10:05:46,INDF,RG,6150,4,D,XL,PD,D
10:05:42,INDF,RG,6150,1,D,GR,PD,D
10:05:41,INDF,RG,6150,1,F,BK,PD,D
10:05:41,INDF,RG,6150,3,F,BK,XC,D
10:05:41,INDF,RG,6150,10,F,BK,NI,D
10:05:41,INDF,RG,6150,29,F,BK,AK,D
10:05:40,INDF,RG,6125,2,F,AK,CC,D
10:05:28,INDF,RG,6125,86,F,AK,AK,D
10:05:27,INDF,RG,6150,4,D,PD,AK,D
10:04:15,INDF,RG,6150,1,D,PD,AK,D
10:04:07,INDF,RG,6125,2,F,AK,YP,D
10:03:43,INDF,RG,6125,2,F,AK,XL,D
10:02:25,INDF,RG,6150,13,F,AK,AK,D
10:02:15,INDF,RG,6125,121,F,AK,AK,D
9:59:18,INDF,RG,6150,3,D,CC,AK,D
9:58:56,INDF,RG,6125,10,F,AK,CC,D
9:57:49,INDF,RG,6150,1,D,DH,AK,D
9:57:49,INDF,RG,6150,1,D,DH,AK,D
9:57:49,INDF,RG,6150,1,D,DH,AK,D
9:57:49,INDF,RG,6150,1,D,DH,AK,D
9:57:49,INDF,RG,6150,1,D,DH,AK,D
9:57:49,INDF,RG,6150,1,D,DH,AK,D
9:57:49,INDF,RG,6150,1,D,DH,AK,D
9:57:49,INDF,RG,6150,1,D,DH,AK,D
9:57:49,INDF,RG,6150,1,D,DH,AK,D
9:57:49,INDF,RG,6150,1,D,DH,AK,D
9:57:49,INDF,RG,6150,1,D,DH,AK,D
9:57:49,INDF,RG,6150,1,D,DH,AK,D
9:57:49,INDF,RG,6150,1,D,DH,AK,D
9:57:49,INDF,RG,6150,1,D,DH,AK,D
9:57:49,INDF,RG,6150,1,D,DH,AK,D
9:57:49,INDF,RG,6150,1,D,DH,AK,D
9:57:27,INDF,RG,6125,1,F,AK,XL,D
9:56:59,INDF,RG,6125,3,F,AK,XL,D
9:55:27,INDF,RG,6150,10,D,PD,AK,D
9:55:20,INDF,RG,6150,5,D,YP,AK,D
9:54:32,INDF,RG,6125,24,F,AK,OD,D
9:53:30,INDF,RG,6125,1,F,AK,AK,F
9:53:22,INDF,RG,6150,5,D,LG,AK,D
9:53:08,INDF,RG,6150,2,D,YP,AK,D
9:52:42,INDF,RG,6125,124,F,AK,PD,D
9:52:39,INDF,RG,6150,10,D,LG,AK,D
9:52:39,INDF,RG,6150,1,D,PD,AK,D
9:52:34,INDF,RG,6150,2,D,ZP,AK,D
9:52:30,INDF,RG,6125,124,F,AK,PD,D
9:52:20,INDF,RG,6150,1,D,PD,AK,D
9:52:00,INDF,RG,6125,2,F,AK,PD,D
9:51:53,INDF,RG,6125,33,F,AK,PD,D
9:51:53,INDF,RG,6125,2,D,KK,PD,D
9:51:53,INDF,RG,6125,1,D,PD,PD,D
9:51:53,INDF,RG,6125,1,D,DX,PD,D
9:51:53,INDF,RG,6125,5,D,SQ,PD,D
9:51:53,INDF,RG,6125,3,D,XC,PD,D
9:51:53,INDF,RG,6125,11,F,BK,PD,D
9:51:53,INDF,RG,6125,83,D,TP,PD,D
9:51:41,INDF,RG,6125,17,D,TP,PD,D
9:51:41,INDF,RG,6125,50,D,EP,PD,D
9:51:41,INDF,RG,6125,1,D,XC,PD,D
9:51:41,INDF,RG,6125,5,D,PD,PD,D
9:51:41,INDF,RG,6125,4,D,XC,PD,D
9:51:41,INDF,RG,6125,5,D,LG,PD,D
9:51:41,INDF,RG,6125,57,D,YP,PD,D
9:51:12,INDF,RG,6150,1,D,OD,AK,D
9:50:35,INDF,RG,6150,4,D,PD,AK,D
9:50:16,INDF,RG,6125,10,D,YP,PD,D
9:49:39,INDF,RG,6150,3,D,XC,AK,D
9:48:33,INDF,RG,6150,10,D,YP,AK,D
9:48:32,INDF,RG,6150,25,D,YP,AK,D
9:48:28,INDF,RG,6150,100,D,SQ,AK,D
9:48:02,INDF,RG,6150,55,D,AI,AK,D
9:48:02,INDF,RG,6150,40,D,AI,YP,D
9:48:02,INDF,RG,6150,10,D,AI,DH,D
9:48:02,INDF,RG,6150,37,D,AI,AK,F
9:48:02,INDF,RG,6150,1000,D,AI,RX,D
9:48:02,INDF,RG,6150,10,D,AI,CC,F
9:48:02,INDF,RG,6150,148,D,AI,RX,D
9:47:46,INDF,RG,6150,3,D,PD,RX,D
9:47:18,INDF,RG,6125,58,D,YP,PD,D
9:47:18,INDF,RG,6125,10,D,PD,PD,D
9:47:18,INDF,RG,6125,10,D,PD,PD,D
9:47:18,INDF,RG,6125,3,D,NI,PD,D
9:47:18,INDF,RG,6125,1,D,DR,PD,D
9:47:18,INDF,RG,6125,1,D,CC,PD,D
9:47:18,INDF,RG,6125,1,D,PD,PD,D
9:47:18,INDF,RG,6125,5,D,XL,PD,D
9:47:18,INDF,RG,6125,1,D,PD,PD,D
9:47:18,INDF,RG,6125,10,D,YP,PD,D
9:47:18,INDF,RG,6125,1,D,YP,PD,D
9:47:18,INDF,RG,6125,5,D,PD,PD,D
9:47:18,INDF,RG,6125,49,D,LG,PD,D
9:46:35,INDF,RG,6125,10,D,LG,CC,F
9:46:22,INDF,RG,6125,30,D,LG,CC,D
9:45:35,INDF,RG,6125,11,D,LG,PD,D
9:45:35,INDF,RG,6125,2,D,XC,PD,D
9:45:35,INDF,RG,6125,30,D,CP,PD,D
9:45:35,INDF,RG,6125,25,D,PD,PD,D
9:45:35,INDF,RG,6125,1,D,KK,PD,D
9:45:35,INDF,RG,6125,15,D,YP,PD,D
9:45:35,INDF,RG,6125,30,D,YP,PD,D
9:45:35,INDF,RG,6125,5,D,KK,PD,D
9:45:35,INDF,RG,6125,1,D,YP,PD,D
9:45:35,INDF,RG,6125,4,D,KK,PD,D
9:45:13,INDF,RG,6125,1,D,KK,YP,D
9:45:13,INDF,RG,6125,1,D,CC,YP,D
9:44:46,INDF,RG,6125,49,D,CC,YP,D
9:44:46,INDF,RG,6125,5,D,CC,YP,D
9:44:46,INDF,RG,6125,46,F,ZP,YP,D
9:44:41,INDF,RG,6150,10,D,YP,RX,D
9:44:29,INDF,RG,6125,45,F,ZP,PD,D
9:44:29,INDF,RG,6125,1,D,PD,PD,D
9:44:29,INDF,RG,6125,1,D,PD,PD,D
9:44:29,INDF,RG,6125,76,F,ZP,PD,D
9:44:29,INDF,RG,6125,1,D,YP,PD,D
9:44:05,INDF,RG,6125,1,D,YP,PD,D
9:44:05,INDF,RG,6125,100,D,YP,PD,D
9:44:05,INDF,RG,6125,5,D,CC,PD,D
9:44:05,INDF,RG,6125,18,F,ZP,PD,D
9:43:50,INDF,RG,6125,11,F,ZP,XC,D
9:43:43,INDF,RG,6125,54,F,ZP,PD,D
9:43:43,INDF,RG,6125,50,D,YP,PD,D
9:43:43,INDF,RG,6125,2,D,YP,PD,D
9:43:43,INDF,RG,6125,5,D,CC,PD,D
9:43:43,INDF,RG,6125,5,D,CC,PD,D
9:43:43,INDF,RG,6125,8,F,ZP,PD,D
9:43:40,INDF,RG,6125,8,F,ZP,CC,D
9:43:31,INDF,RG,6125,53,F,ZP,PD,D
9:43:31,INDF,RG,6125,20,D,YP,PD,D
9:43:31,INDF,RG,6125,51,F,ZP,PD,D
9:43:25,INDF,RG,6125,5,F,ZP,CC,D
9:43:22,INDF,RG,6125,10,F,ZP,SQ,D
9:43:22,INDF,RG,6125,4,F,ZP,SQ,D
9:42:26,INDF,RG,6125,5,F,ZP,AK,F
9:42:24,INDF,RG,6125,139,F,ZP,PD,D
9:42:18,INDF,RG,6125,37,F,ZP,AK,F
9:42:17,INDF,RG,6150,10,F,BK,RX,D
9:42:17,INDF,RG,6150,75,F,ZP,RX,D
9:42:17,INDF,RG,6150,165,F,YU,RX,D
9:42:17,INDF,RG,6150,113,F,ZP,RX,D
9:42:17,INDF,RG,6150,3,D,XC,RX,D
9:42:17,INDF,RG,6150,8,D,YP,RX,D
9:42:17,INDF,RG,6150,10,D,YP,RX,D
9:42:17,INDF,RG,6150,5,D,SQ,RX,D
9:42:17,INDF,RG,6150,30,D,YB,RX,D
9:42:17,INDF,RG,6150,119,F,BK,RX,D
9:42:17,INDF,RG,6150,1,D,AZ,RX,D
9:42:17,INDF,RG,6150,5,D,CC,RX,D
9:42:17,INDF,RG,6150,30,D,BQ,RX,D
9:42:17,INDF,RG,6150,81,F,YU,RX,D
9:42:17,INDF,RG,6150,5,D,PD,RX,D
9:42:17,INDF,RG,6150,1,D,YP,RX,D
9:42:17,INDF,RG,6150,1,D,NI,RX,D
9:42:17,INDF,RG,6150,1,D,CC,RX,D
9:42:17,INDF,RG,6150,1,D,YP,RX,D
9:42:17,INDF,RG,6150,55,F,YU,RX,D
9:42:17,INDF,RG,6150,1,D,EP,RX,D
9:42:17,INDF,RG,6150,6,D,PD,RX,D
9:42:17,INDF,RG,6150,113,D,BS,RX,D
9:42:16,INDF,RG,6150,20,D,BS,AK,F
9:42:16,INDF,RG,6150,118,D,BS,AK,F
9:42:15,INDF,RG,6150,22,D,BS,AK,F
9:42:15,INDF,RG,6150,64,D,BS,AK,D
9:42:15,INDF,RG,6150,233,D,BS,OD,D
9:42:15,INDF,RG,6150,20,D,CC,OD,D
9:42:15,INDF,RG,6150,100,D,LG,OD,D
9:42:15,INDF,RG,6150,51,F,YU,OD,D
9:42:15,INDF,RG,6150,3,D,PD,OD,D
9:42:15,INDF,RG,6150,2,D,DR,OD,D
9:42:15,INDF,RG,6150,20,D,YP,OD,D
9:42:15,INDF,RG,6150,5,D,PD,OD,D
9:42:15,INDF,RG,6150,1,D,XL,OD,D
9:42:15,INDF,RG,6150,47,F,YU,OD,D
9:42:15,INDF,RG,6150,1,D,KK,OD,D
9:42:15,INDF,RG,6150,51,F,YU,OD,D
9:42:15,INDF,RG,6150,2,D,YP,OD,D
9:42:15,INDF,RG,6150,45,F,YU,OD,D
9:42:15,INDF,RG,6150,1,D,PD,OD,D
9:42:15,INDF,RG,6150,3,D,OD,OD,D
9:42:15,INDF,RG,6150,1,D,YP,OD,D
9:42:15,INDF,RG,6150,5,D,CC,OD,D
9:42:15,INDF,RG,6150,1,D,DR,OD,D
9:42:15,INDF,RG,6150,1,D,YP,OD,D
9:42:15,INDF,RG,6150,46,F,YU,OD,D
9:42:15,INDF,RG,6150,39,F,YU,OD,D
9:42:15,INDF,RG,6150,110,F,BK,OD,D
9:42:15,INDF,RG,6150,10,F,BK,OD,D
9:42:15,INDF,RG,6150,202,F,BK,OD,D
9:42:05,INDF,RG,6150,5,F,BK,PD,D
9:42:04,INDF,RG,6150,6,F,BK,AK,F
9:42:03,INDF,RG,6150,53,F,BK,PD,D
9:42:03,INDF,RG,6150,86,F,ZP,PD,D
9:41:45,INDF,RG,6175,12,F,BK,YU,D
9:41:38,INDF,RG,6150,2,F,ZP,YP,D
9:41:36,INDF,RG,6150,1,F,ZP,DH,D
9:41:33,INDF,RG,6175,1,D,PD,YU,D
9:41:19,INDF,RG,6175,1,D,PD,YU,D
9:41:08,INDF,RG,6150,1,F,ZP,AK,F
9:41:08,INDF,RG,6150,32,F,ZP,NI,D
9:41:07,INDF,RG,6175,3,D,PD,YU,D
9:40:54,INDF,RG,6150,5,F,ZP,AK,F
9:40:54,INDF,RG,6150,139,F,ZP,PD,D
9:40:45,INDF,RG,6150,1,F,ZP,AK,F
9:40:44,INDF,RG,6150,19,F,ZP,AK,F
9:40:43,INDF,RG,6150,498,F,ZP,YP,D
9:40:40,INDF,RG,6150,6,F,ZP,AK,F
9:40:38,INDF,RG,6150,139,F,ZP,PD,D
9:40:32,INDF,RG,6175,14,F,ZP,YU,D
9:40:21,INDF,RG,6150,12,F,ZP,AK,F
9:40:21,INDF,RG,6150,139,F,ZP,PD,D
9:40:19,INDF,RG,6175,27,F,ZP,YU,D
9:40:18,INDF,RG,6175,18,F,BK,YU,D
9:40:17,INDF,RG,6175,116,F,ZP,YU,D
9:40:16,INDF,RG,6150,4,F,ZP,AK,F
9:40:15,INDF,RG,6175,115,F,BK,YU,D
9:40:15,INDF,RG,6150,26,F,ZP,AK,F
9:40:15,INDF,RG,6150,225,F,ZP,OD,D
9:40:15,INDF,RG,6150,358,F,BK,OD,D
9:40:15,INDF,RG,6150,220,F,AK,OD,D
9:40:15,INDF,RG,6150,1197,D,CC,OD,D
9:39:32,INDF,RG,6175,1,D,XC,YU,D
9:39:22,INDF,RG,6175,2,D,XL,YU,D
9:39:16,INDF,RG,6150,1,D,CC,XC,D
9:38:54,INDF,RG,6150,1,D,CC,XC,D
9:38:47,INDF,RG,6150,9,D,CC,YP,D
9:38:40,INDF,RG,6150,1,D,CC,YP,D
9:38:24,INDF,RG,6150,1,D,CC,XA,D
9:38:23,INDF,RG,6150,1,D,CC,XA,D
9:38:23,INDF,RG,6150,1,D,CC,XA,D
9:38:23,INDF,RG,6150,1,D,CC,XA,D
9:38:04,INDF,RG,6150,1,D,CC,PD,D
9:37:59,INDF,RG,6175,2,D,PD,YU,D
9:37:58,INDF,RG,6150,10,D,CC,PD,D
9:37:21,INDF,RG,6150,1,D,CC,NI,D
9:37:17,INDF,RG,6150,15,D,CC,PD,D
9:37:12,INDF,RG,6175,15,F,ZP,YU,D
9:37:11,INDF,RG,6150,3,D,CC,XC,D
9:37:06,INDF,RG,6175,14,F,BK,YU,D
9:37:04,INDF,RG,6150,5,D,CC,BQ,D
9:36:28,INDF,RG,6150,1,D,CC,RG,D
9:35:58,INDF,RG,6175,2,D,CC,YU,D
9:35:48,INDF,RG,6150,1,D,CC,YJ,D
9:35:28,INDF,RG,6175,1,D,XC,YU,D
9:35:27,INDF,RG,6175,3,D,PD,YU,D
9:34:55,INDF,RG,6175,9,F,ZP,YU,D
9:34:53,INDF,RG,6175,2,D,XC,YU,D
9:34:53,INDF,RG,6175,12,F,ZP,YU,D
9:34:52,INDF,RG,6175,11,F,BK,YU,D
9:34:51,INDF,RG,6175,12,F,ZP,YU,D
9:34:48,INDF,RG,6175,85,D,DH,YU,D
9:34:34,INDF,RG,6175,21,F,BK,YU,D
9:34:01,INDF,RG,6175,12,F,ZP,YU,D
9:34:00,INDF,RG,6175,16,F,BK,YU,D
9:33:40,INDF,RG,6150,17,D,CC,YP,D
9:33:30,INDF,RG,6150,5,D,CC,PO,D
9:33:02,INDF,RG,6175,5,F,ZP,YU,D
9:33:02,INDF,RG,6175,10,F,ZP,KK,D
9:33:00,INDF,RG,6175,23,F,BK,KK,D
9:32:45,INDF,RG,6175,10,F,BK,KK,D
9:32:42,INDF,RG,6150,1,D,CC,OD,D
9:32:40,INDF,RG,6175,1,D,PD,KK,D
9:32:32,INDF,RG,6150,1,D,CC,YP,D
9:32:14,INDF,RG,6175,13,F,ZP,KK,D
9:32:13,INDF,RG,6175,16,F,BK,KK,D
9:32:12,INDF,RG,6175,16,F,ZP,KK,D
9:32:10,INDF,RG,6150,1,D,CC,PD,D
9:32:10,INDF,RG,6175,11,F,BK,KK,D
9:32:10,INDF,RG,6175,2,F,BK,KK,D
9:32:09,INDF,RG,6175,12,F,ZP,KK,D
9:32:07,INDF,RG,6150,108,D,CC,PD,D
9:31:54,INDF,RG,6175,6,F,BK,KK,D
9:31:54,INDF,RG,6175,4,F,BK,PD,D
9:31:44,INDF,RG,6175,1,F,BK,PD,D
9:31:44,INDF,RG,6175,10,F,BK,CC,D
9:31:42,INDF,RG,6175,1,F,ZP,OD,D
9:31:42,INDF,RG,6175,12,F,ZP,KK,D
9:31:40,INDF,RG,6175,13,F,ZP,KK,D
9:31:40,INDF,RG,6175,2,F,ZP,NI,D
9:31:38,INDF,RG,6175,19,F,ZP,NI,D
9:31:38,INDF,RG,6175,4,F,BK,NI,D
9:31:38,INDF,RG,6175,1,F,BK,NI,D
9:31:38,INDF,RG,6175,2,F,BK,GR,D
9:31:38,INDF,RG,6175,1,F,BK,PD,D
9:31:38,INDF,RG,6175,1,F,BK,NI,D
9:31:38,INDF,RG,6175,2,F,BK,XL,D
9:31:36,INDF,RG,6175,24,F,ZP,XL,D
9:31:36,INDF,RG,6150,250,D,CC,YP,D
9:31:30,INDF,RG,6150,2,D,CC,PD,D
9:31:28,INDF,RG,6175,15,F,ZP,XL,D
9:31:27,INDF,RG,6175,12,F,BK,XL,D
9:31:25,INDF,RG,6150,2,D,CC,XC,D
9:31:18,INDF,RG,6150,9,D,CC,YP,D
9:31:10,INDF,RG,6175,1,D,XC,XL,D
9:30:42,INDF,RG,6175,10,F,ZP,XL,D
9:30:40,INDF,RG,6175,20,F,BK,XL,D
9:30:24,INDF,RG,6175,5,F,ZP,XL,D
9:30:24,INDF,RG,6175,4,F,ZP,CS,F
9:30:23,INDF,RG,6175,15,F,BK,CS,F
9:30:22,INDF,RG,6175,10,F,BK,CS,F
9:30:09,INDF,RG,6175,10,D,YP,CS,F
9:30:04,INDF,RG,6150,9,D,CC,DR,D
9:29:54,INDF,RG,6175,9,F,ZP,CS,F
9:29:52,INDF,RG,6175,14,F,BK,CS,F
9:29:26,INDF,RG,6175,13,F,BK,CS,F
9:29:19,INDF,RG,6175,5,D,XC,CS,F
9:29:16,INDF,RG,6150,6,D,CC,YP,D
9:29:04,INDF,RG,6150,1,D,CC,XC,D
9:28:59,INDF,RG,6175,11,F,ZP,CS,F
9:28:59,INDF,RG,6175,12,F,BK,CS,F
9:28:46,INDF,RG,6175,4,D,PD,CS,F
9:28:37,INDF,RG,6175,11,F,BK,CS,F
9:28:16,INDF,RG,6175,14,F,BK,CS,F
9:28:13,INDF,RG,6175,11,F,ZP,CS,F
9:28:11,INDF,RG,6175,10,D,DH,CS,F
9:28:10,INDF,RG,6175,12,F,BK,CS,F
9:27:44,INDF,RG,6175,10,F,ZP,CS,F
9:27:41,INDF,RG,6175,10,F,BK,CS,F
9:27:40,INDF,RG,6175,12,F,BK,CS,F
9:27:25,INDF,RG,6175,1,F,BK,CS,F
9:27:25,INDF,RG,6175,10,F,BK,CS,F
9:27:06,INDF,RG,6175,10,F,BK,CS,F
9:27:00,INDF,RG,6175,10,F,ZP,CS,F
9:26:58,INDF,RG,6175,13,F,BK,CS,F
9:26:56,INDF,RG,6175,30,D,CC,CS,F
9:26:48,INDF,RG,6175,11,F,BK,CS,F
9:26:30,INDF,RG,6175,15,F,ZP,CS,F
9:26:28,INDF,RG,6150,15,D,CC,YP,D
9:26:20,INDF,RG,6175,14,F,BK,CS,F
9:26:15,INDF,RG,6175,11,F,BK,CS,F
9:26:03,INDF,RG,6150,5,D,CC,SQ,D
9:25:53,INDF,RG,6175,11,F,ZP,CS,F
9:25:51,INDF,RG,6175,17,F,BK,CS,F
9:25:43,INDF,RG,6175,15,F,ZP,CS,F
9:25:40,INDF,RG,6175,11,F,ZP,CS,F
9:25:38,INDF,RG,6175,21,F,ZP,CS,F
9:25:38,INDF,RG,6175,2,F,ZP,DR,D
9:25:37,INDF,RG,6175,1,D,YP,YP,D
9:25:37,INDF,RG,6175,1,D,YP,DR,D
9:25:37,INDF,RG,6175,1,D,YP,CC,D
9:25:37,INDF,RG,6175,5,D,YP,CC,D
9:25:37,INDF,RG,6175,1,D,YP,YP,D
9:25:36,INDF,RG,6175,9,F,ZP,YP,D
9:25:36,INDF,RG,6175,5,F,ZP,YP,D
9:25:36,INDF,RG,6175,11,F,ZP,XC,D
9:25:36,INDF,RG,6175,26,F,ZP,PD,D
9:25:33,INDF,RG,6175,13,F,ZP,PD,D
9:25:32,INDF,RG,6175,42,F,ZP,PD,D
9:25:32,INDF,RG,6175,1,D,PD,PD,D
9:25:29,INDF,RG,6175,18,F,ZP,PD,D
9:25:29,INDF,RG,6175,2,F,ZP,YO,D
9:25:27,INDF,RG,6175,26,F,ZP,YO,D
9:25:27,INDF,RG,6150,17,D,CC,AK,F
9:25:26,INDF,RG,6175,14,F,BK,YO,D
9:25:26,INDF,RG,6150,37,D,CC,PD,D
9:25:25,INDF,RG,6175,8,F,ZP,YO,D
9:25:25,INDF,RG,6175,2,F,ZP,CC,D
9:25:25,INDF,RG,6175,15,F,ZP,XL,D
9:25:25,INDF,RG,6175,5,F,ZP,EP,D
9:25:25,INDF,RG,6175,1,F,ZP,PD,D
9:25:25,INDF,RG,6175,11,F,ZP,PD,D
9:25:25,INDF,RG,6175,4,F,ZP,XC,D
9:25:25,INDF,RG,6175,2,F,ZP,CC,D
9:25:25,INDF,RG,6175,4,F,ZP,KK,D
9:25:25,INDF,RG,6175,3,F,ZP,PD,D
9:25:25,INDF,RG,6175,1,F,ZP,PD,D
9:25:23,INDF,RG,6175,4,F,ZP,PD,D
9:25:23,INDF,RG,6175,9,F,ZP,PD,D
9:25:22,INDF,RG,6175,1,F,ZP,PD,D
9:25:22,INDF,RG,6175,1,F,ZP,YP,D
9:25:22,INDF,RG,6175,1,F,ZP,CC,D
9:25:21,INDF,RG,6175,4,F,ZP,CC,D
9:25:21,INDF,RG,6175,1,F,ZP,NI,D
9:25:21,INDF,RG,6175,2,F,ZP,YP,D
9:25:21,INDF,RG,6175,1,F,ZP,PD,D
9:25:21,INDF,RG,6175,5,F,ZP,YP,D
9:25:21,INDF,RG,6175,6,F,ZP,YP,D
9:25:21,INDF,RG,6175,32,F,ZP,YP,D
9:25:21,INDF,RG,6175,62,F,BK,YP,D
9:25:21,INDF,RG,6175,2,F,BK,XC,D
9:25:21,INDF,RG,6175,20,F,BK,XC,D
9:25:21,INDF,RG,6175,2,F,BK,XC,D
9:25:21,INDF,RG,6175,15,F,BK,AG,D
9:25:21,INDF,RG,6175,6,F,BK,CC,D
9:25:21,INDF,RG,6175,11,F,BK,CC,D
9:25:21,INDF,RG,6175,5,F,BK,XC,D
9:25:20,INDF,RG,6175,12,F,ZP,XC,D
9:25:20,INDF,RG,6175,25,F,ZP,CC,D
9:25:20,INDF,RG,6175,1,F,ZP,XC,D
9:25:20,INDF,RG,6175,1,F,ZP,PD,D
9:25:20,INDF,RG,6175,1,F,ZP,PD,D
9:25:20,INDF,RG,6175,1,F,ZP,PD,D
9:25:20,INDF,RG,6175,22,F,ZP,NI,D
9:25:19,INDF,RG,6175,71,F,ZP,NI,D
9:25:18,INDF,RG,6175,7,F,BK,NI,D
9:25:18,INDF,RG,6175,1,F,BK,PD,D
9:25:18,INDF,RG,6175,10,F,BK,CC,D
9:25:18,INDF,RG,6175,33,F,BK,NI,D
9:25:18,INDF,RG,6175,97,F,BK,XL,D
9:25:18,INDF,RG,6175,26,F,ZP,XL,D
9:25:18,INDF,RG,6175,9,F,ZP,XL,D
9:25:18,INDF,RG,6175,13,F,ZP,CC,D
9:25:18,INDF,RG,6175,3,F,ZP,CC,D
9:25:18,INDF,RG,6175,4,F,ZP,CC,D
9:25:17,INDF,RG,6150,1,D,CC,AK,F
9:25:17,INDF,RG,6175,1,F,ZP,XC,D
9:25:17,INDF,RG,6175,1,F,ZP,YB,D
9:25:17,INDF,RG,6175,2,F,ZP,KK,D
9:25:17,INDF,RG,6175,15,F,ZP,AZ,D
9:25:17,INDF,RG,6175,1,F,ZP,NI,D
9:25:17,INDF,RG,6175,1,F,ZP,YP,D
9:25:17,INDF,RG,6175,50,F,ZP,PD,D
9:25:17,INDF,RG,6175,3,F,ZP,PD,D
9:25:17,INDF,RG,6175,3,F,ZP,PD,D
9:25:17,INDF,RG,6175,6,F,ZP,PD,D
9:25:17,INDF,RG,6175,2,F,ZP,NI,D
9:25:17,INDF,RG,6175,5,F,ZP,CC,D
9:25:17,INDF,RG,6175,2,F,ZP,DX,D
9:25:17,INDF,RG,6175,2,F,ZP,YP,D
9:25:17,INDF,RG,6175,1,F,ZP,DH,D
9:25:17,INDF,RG,6175,1,F,ZP,YP,D
9:25:17,INDF,RG,6175,1,F,ZP,YP,D
9:25:17,INDF,RG,6175,24,F,ZP,RX,D
9:25:16,INDF,RG,6150,25,D,CC,AK,F
9:25:15,INDF,RG,6175,11,F,BK,RX,D
9:25:15,INDF,RG,6150,1000,D,CC,EP,D
9:25:15,INDF,RG,6175,11,F,ZP,RX,D
9:25:14,INDF,RG,6175,20,F,ZP,RX,D
9:25:14,INDF,RG,6175,17,F,BK,RX,D
9:25:12,INDF,RG,6175,1,F,ZP,RX,D
9:25:11,INDF,RG,6175,32,F,ZP,RX,D
9:25:10,INDF,RG,6150,2,D,CC,AK,F
9:25:09,INDF,RG,6175,14,F,BK,RX,D
9:25:08,INDF,RG,6175,21,F,ZP,RX,D
9:25:08,INDF,RG,6175,29,F,BK,RX,D
9:25:08,INDF,RG,6175,26,F,ZP,RX,D
9:25:07,INDF,RG,6150,5,D,CC,AK,F
9:25:06,INDF,RG,6150,179,D,CC,CC,D
9:24:47,INDF,RG,6150,1,D,CC,XC,D
9:24:21,INDF,RG,6175,13,F,ZP,RX,D
9:24:19,INDF,RG,6175,14,F,ZP,RX,D
9:24:19,INDF,RG,6175,6,F,ZP,RX,D
9:24:19,INDF,RG,6175,12,F,BK,RX,D
9:24:16,INDF,RG,6150,25,D,CC,AI,D
9:23:36,INDF,RG,6175,1,D,YP,RX,D
9:23:35,INDF,RG,6175,3,D,NI,RX,D
9:22:16,INDF,RG,6175,11,F,ZP,RX,D
9:22:13,INDF,RG,6150,20,D,CC,DR,D
9:21:54,INDF,RG,6175,6,D,YP,RX,D
9:21:46,INDF,RG,6175,3,D,CC,RX,D
9:21:45,INDF,RG,6175,12,F,ZP,RX,D
9:21:42,INDF,RG,6175,13,F,BK,RX,D
9:21:42,INDF,RG,6175,2,F,BK,YP,D
9:21:41,INDF,RG,6150,30,D,CC,NI,D
9:21:17,INDF,RG,6175,1,D,PD,YP,D
9:21:16,INDF,RG,6175,12,F,ZP,YP,D
9:21:14,INDF,RG,6150,10,D,CC,SQ,D
9:21:04,INDF,RG,6175,10,F,ZP,YP,D
9:21:02,INDF,RG,6150,23,D,CC,YP,D
9:20:15,INDF,RG,6150,5,D,CC,YP,D
9:20:09,INDF,RG,6150,3,D,CC,XC,D
9:19:53,INDF,RG,6150,3,D,CC,XC,D
9:19:51,INDF,RG,6150,1,D,CC,YP,D
9:19:45,INDF,RG,6175,4,F,ZP,YP,D
9:19:43,INDF,RG,6175,2,F,ZP,YP,D
9:19:42,INDF,RG,6175,13,F,ZP,YP,D
9:19:41,INDF,RG,6175,17,F,BK,YP,D
9:19:40,INDF,RG,6175,9,F,ZP,YP,D
9:19:40,INDF,RG,6175,2,F,ZP,YP,D
9:19:40,INDF,RG,6175,21,F,ZP,YP,D
9:19:38,INDF,RG,6175,14,F,ZP,YP,D
9:19:37,INDF,RG,6150,9,D,CC,YU,D
9:19:37,INDF,RG,6175,17,F,BK,YP,D
9:19:36,INDF,RG,6150,45,D,CC,KK,D
9:18:19,INDF,RG,6150,1,D,CC,CC,D
9:17:57,INDF,RG,6150,1,D,CC,PD,D
9:17:54,INDF,RG,6175,10,F,ZP,YP,D
9:17:53,INDF,RG,6175,1,D,YB,YP,D
9:17:43,INDF,RG,6150,1,D,CC,PD,D
9:17:36,INDF,RG,6175,15,F,BK,YP,D
9:17:27,INDF,RG,6175,15,F,ZP,YP,D
9:17:26,INDF,RG,6150,66,D,CC,PD,D
9:17:20,INDF,RG,6175,5,D,YP,YP,D
9:16:39,INDF,RG,6175,2,D,PD,YP,D
9:16:35,INDF,RG,6175,12,F,ZP,YP,D
9:16:34,INDF,RG,6150,7,D,CC,PD,D
9:16:25,INDF,RG,6150,15,D,CC,EP,D
9:15:46,INDF,RG,6150,1,D,CC,YP,D
9:15:38,INDF,RG,6150,45,D,CC,DH,D
9:15:11,INDF,RG,6175,10,F,ZP,YP,D
9:15:07,INDF,RG,6150,9,D,CC,XC,D
9:15:07,INDF,RG,6150,150,D,CC,XC,D
9:15:07,INDF,RG,6150,20,D,CC,DR,D
9:15:07,INDF,RG,6150,2,D,CC,MU,D
9:15:07,INDF,RG,6150,5,D,CC,PD,D
9:15:07,INDF,RG,6150,2,D,CC,PD,D
9:15:07,INDF,RG,6150,1,D,CC,YP,D
9:15:07,INDF,RG,6150,20,D,CC,KK,D
9:15:07,INDF,RG,6150,131,D,CC,AK,F
9:15:07,INDF,RG,6150,3,D,CC,KK,D
9:15:07,INDF,RG,6150,149,D,CC,YU,D
9:15:07,INDF,RG,6150,1,D,CC,YP,D
9:15:07,INDF,RG,6150,47,D,CC,CC,D
9:15:00,INDF,RG,6125,3,F,ZP,CC,D
9:14:52,INDF,RG,6125,10,F,ZP,YP,D
9:14:07,INDF,RG,6125,2,F,ZP,DR,D
9:13:18,INDF,RG,6125,39,F,ZP,KK,D
9:13:18,INDF,RG,6125,2,D,XL,KK,D
9:13:18,INDF,RG,6125,2,D,PD,KK,D
9:13:18,INDF,RG,6125,1,D,XL,KK,D
9:13:18,INDF,RG,6125,6,D,XL,KK,D
9:13:17,INDF,RG,6150,1,D,YP,CC,D
9:13:17,INDF,RG,6150,1,D,XL,CC,D
9:13:17,INDF,RG,6150,1,D,NI,CC,D
9:13:17,INDF,RG,6150,19,F,ZP,CC,D
9:13:17,INDF,RG,6150,47,F,YU,CC,D
9:13:17,INDF,RG,6150,62,F,ZP,CC,D
9:13:17,INDF,RG,6150,22,F,BK,CC,D
9:13:02,INDF,RG,6150,24,F,BK,CC,D
9:13:02,INDF,RG,6150,17,F,ZP,CC,D
9:12:57,INDF,RG,6175,2,D,XL,AK,F
9:12:55,INDF,RG,6150,10,F,ZP,YP,D
9:12:55,INDF,RG,6150,40,F,ZP,YP,D
9:12:34,INDF,RG,6150,11,F,ZP,IF,D
9:12:31,INDF,RG,6150,5,F,ZP,AT,D
9:12:31,INDF,RG,6150,20,D,YU,AT,D
9:12:31,INDF,RG,6150,10,D,YU,PD,D
9:12:20,INDF,RG,6150,10,D,YU,YB,D
9:12:10,INDF,RG,6150,1,D,YU,PD,D
9:12:02,INDF,RG,6150,1,D,YU,XC,D
9:11:43,INDF,RG,6150,10,D,YU,XC,D
9:11:26,INDF,RG,6150,1,D,YU,PD,D
9:11:03,INDF,RG,6150,96,D,YU,AK,F
9:11:03,INDF,RG,6150,2,D,XC,AK,F
9:11:03,INDF,RG,6150,3,D,YP,AK,F
9:11:03,INDF,RG,6150,61,F,YU,AK,F
9:11:03,INDF,RG,6150,16,F,BK,AK,F
9:11:02,INDF,RG,6150,4,F,BK,YP,D
9:10:58,INDF,RG,6175,2,D,XC,AK,F
9:10:48,INDF,RG,6150,1,F,BK,PD,D
9:10:47,INDF,RG,6150,5,F,BK,AT,D
9:10:36,INDF,RG,6150,2,F,BK,NI,D
9:10:34,INDF,RG,6150,4,F,BK,CC,D
9:10:34,INDF,RG,6150,11,F,ZP,CC,D
9:10:31,INDF,RG,6150,10,F,ZP,OD,D
9:10:28,INDF,RG,6150,1,F,ZP,OD,D
9:10:28,INDF,RG,6175,2,D,NI,AK,F
9:10:18,INDF,RG,6150,50,F,ZP,YP,D
9:10:09,INDF,RG,6175,12,F,ZP,AK,F
9:10:09,INDF,RG,6150,1,F,ZP,PD,D
9:10:07,INDF,RG,6150,6,F,ZP,NI,D
9:10:07,INDF,RG,6150,27,F,ZP,NI,D
9:10:07,INDF,RG,6150,13,D,KK,NI,D
9:09:57,INDF,RG,6150,3,D,KK,DR,D
9:09:51,INDF,RG,6150,10,D,KK,YP,D
9:09:50,INDF,RG,6150,5,D,KK,PD,D
9:09:39,INDF,RG,6150,6,D,KK,CC,D
9:09:34,INDF,RG,6150,5,D,KK,PD,D
9:09:34,INDF,RG,6150,1,D,KK,NI,D
9:09:34,INDF,RG,6150,1,D,KK,YP,D
9:09:30,INDF,RG,6150,3,D,KK,NI,D
9:09:23,INDF,RG,6150,1,D,KK,KK,D
9:09:23,INDF,RG,6150,5,D,KK,YP,D
9:09:04,INDF,RG,6150,9,D,KK,YP,D
9:09:03,INDF,RG,6150,1,D,KK,CC,D
9:08:57,INDF,RG,6150,1,D,KK,PD,D
9:08:54,INDF,RG,6150,1,D,KK,XC,D
9:08:53,INDF,RG,6150,1,D,KK,YP,D
9:08:43,INDF,RG,6175,19,F,ZP,AK,F
9:08:42,INDF,RG,6150,10,D,KK,CC,D
9:08:40,INDF,RG,6150,1,D,KK,CC,D
9:08:39,INDF,RG,6150,2,D,KK,XC,D
9:08:39,INDF,RG,6150,2,D,KK,DR,D
9:08:39,INDF,RG,6150,9,D,KK,EP,D
9:08:39,INDF,RG,6150,5,D,KK,YP,D
9:08:39,INDF,RG,6150,32,D,KK,AK,F
9:08:39,INDF,RG,6150,47,D,KK,RX,D
9:08:32,INDF,RG,6125,2,D,XL,DR,D
9:08:28,INDF,RG,6150,12,F,ZP,RX,D
9:08:25,INDF,RG,6150,1,F,ZP,RX,D
9:08:19,INDF,RG,6150,5,D,CC,RX,D
9:08:17,INDF,RG,6150,43,F,RX,RX,D
9:08:17,INDF,RG,6150,2,D,XC,RX,D
9:08:17,INDF,RG,6150,20,D,YP,RX,D
9:08:17,INDF,RG,6150,22,F,ZP,RX,D
9:08:17,INDF,RG,6150,64,F,ZP,RX,D
9:08:17,INDF,RG,6150,53,F,BK,RX,D
9:08:17,INDF,RG,6150,15,D,YP,RX,D
9:08:17,INDF,RG,6150,7,F,RX,RX,D
9:08:17,INDF,RG,6150,3,D,NI,RX,D
9:08:17,INDF,RG,6150,22,F,ZP,RX,D
9:08:17,INDF,RG,6150,55,F,ZP,RX,D
9:08:17,INDF,RG,6150,49,F,YU,RX,D
9:08:17,INDF,RG,6150,36,F,RX,RX,D
9:08:17,INDF,RG,6150,22,F,ZP,RX,D
9:08:17,INDF,RG,6150,59,F,ZP,RX,D
9:08:17,INDF,RG,6150,60,F,RX,RX,D
9:08:17,INDF,RG,6150,3,D,YP,RX,D
9:08:16,INDF,RG,6175,16,F,ZP,AK,F
9:08:15,INDF,RG,6175,47,F,AK,AK,F
9:08:14,INDF,RG,6175,11,F,ZP,AK,F
9:08:10,INDF,RG,6150,47,D,YP,PD,D
9:08:10,INDF,RG,6150,1,D,YP,PD,D
9:08:10,INDF,RG,6150,1,D,YP,PD,D
9:08:10,INDF,RG,6150,2,D,XC,PD,D
9:08:10,INDF,RG,6150,10,D,SQ,PD,D
9:08:10,INDF,RG,6150,3,D,YP,PD,D
9:08:10,INDF,RG,6150,2,D,XC,PD,D
9:08:10,INDF,RG,6150,5,D,CC,PD,D
9:08:10,INDF,RG,6150,1,D,CC,PD,D
9:08:10,INDF,RG,6150,25,D,YP,PD,D
9:08:10,INDF,RG,6150,4,F,YU,PD,D
9:08:01,INDF,RG,6175,1,F,RX,AK,F
9:07:59,INDF,RG,6150,5,F,YU,CC,D
9:07:57,INDF,RG,6175,20,F,RX,AK,F
9:07:50,INDF,RG,6175,64,D,KK,AK,F
9:07:49,INDF,RG,6150,1,F,YU,HP,D
9:07:46,INDF,RG,6175,5,D,YP,AK,F
9:07:45,INDF,RG,6150,36,F,YU,NI,D
9:07:39,INDF,RG,6150,26,F,YU,PD,D
9:07:39,INDF,RG,6150,24,F,ZP,PD,D
9:07:39,INDF,RG,6150,15,F,ZP,PD,D
9:07:29,INDF,RG,6150,2,F,ZP,CC,D
9:07:29,INDF,RG,6150,1,F,ZP,XC,D
9:07:18,INDF,RG,6150,2,F,ZP,NI,D
9:07:03,INDF,RG,6150,40,F,ZP,YP,D
9:06:52,INDF,RG,6150,5,F,ZP,NI,D
9:06:23,INDF,RG,6150,1,F,ZP,YP,D
9:06:15,INDF,RG,6150,1,F,ZP,CC,D
9:06:13,INDF,RG,6175,5,D,YP,AK,F
9:06:10,INDF,RG,6150,1,F,ZP,PD,D
9:06:09,INDF,RG,6175,1,D,EP,AK,F
9:06:04,INDF,RG,6150,1,F,ZP,PD,D
9:05:45,INDF,RG,6150,1,F,ZP,YP,D
9:05:45,INDF,RG,6150,1,F,RX,YP,D
9:05:20,INDF,RG,6150,4,F,RX,CC,D
9:05:05,INDF,RG,6150,1,F,RX,XC,D
9:04:59,INDF,RG,6150,1,F,RX,LS,D
9:04:51,INDF,RG,6175,15,F,ZP,AK,F
9:04:48,INDF,RG,6175,25,F,ZP,AK,F
9:04:45,INDF,RG,6175,73,F,AK,AK,F
9:04:44,INDF,RG,6150,2,F,RX,PD,D
9:04:44,INDF,RG,6150,74,F,RX,YJ,D
9:04:44,INDF,RG,6150,26,F,ZP,YJ,D
9:04:44,INDF,RG,6175,24,D,OD,AK,F
9:04:29,INDF,RG,6175,2,F,RX,AK,F
9:04:26,INDF,RG,6150,7,F,ZP,XC,D
9:04:25,INDF,RG,6150,2,F,ZP,OD,D
9:04:25,INDF,RG,6175,5,F,RX,AK,F
9:04:18,INDF,RG,6150,9,F,ZP,NI,D
9:04:18,INDF,RG,6150,10,F,ZP,XL,D
9:04:15,INDF,RG,6175,1,F,RX,AK,F
9:04:12,INDF,RG,6150,1,F,ZP,SQ,D
9:04:12,INDF,RG,6150,1,F,ZP,SQ,D
9:04:04,INDF,RG,6150,1,F,ZP,PD,D
9:04:03,INDF,RG,6175,2,F,RX,AK,F
9:03:59,INDF,RG,6150,6,F,ZP,XC,D
9:03:31,INDF,RG,6150,1,F,ZP,PD,D
9:03:24,INDF,RG,6175,4,F,RX,AK,F
9:03:22,INDF,RG,6175,14,F,ZP,AK,F
9:03:21,INDF,RG,6150,1,F,ZP,LS,D
9:03:20,INDF,RG,6150,2,F,ZP,YP,D
9:03:04,INDF,RG,6175,3,F,RX,AK,F
9:03:02,INDF,RG,6150,11,F,ZP,PD,D
9:02:58,INDF,RG,6175,1,F,RX,AK,F
9:02:54,INDF,RG,6150,2,F,ZP,NI,D
9:02:54,INDF,RG,6175,2,F,RX,AK,F
9:02:52,INDF,RG,6175,2,F,RX,AK,F
9:02:52,INDF,RG,6175,9,F,ZP,AK,F
9:02:50,INDF,RG,6150,1,F,ZP,NI,D
9:02:49,INDF,RG,6150,5,F,ZP,YP,D
9:02:43,INDF,RG,6175,3,F,RX,AK,F
9:02:40,INDF,RG,6175,12,F,ZP,AK,F
9:02:39,INDF,RG,6175,3,F,RX,AK,F
9:02:38,INDF,RG,6175,14,F,RX,AK,F
9:02:37,INDF,RG,6150,1,F,ZP,XL,D
9:02:37,INDF,RG,6175,14,F,ZP,AK,F
9:02:35,INDF,RG,6175,14,F,ZP,AK,F
9:02:34,INDF,RG,6175,4,F,RX,AK,F
9:02:34,INDF,RG,6175,19,F,ZP,AK,F
9:02:33,INDF,RG,6175,21,F,ZP,AK,F
9:02:32,INDF,RG,6175,19,F,ZP,AK,F
9:02:32,INDF,RG,6175,22,F,RX,AK,F
9:02:31,INDF,RG,6175,2,F,RX,AK,F
9:02:30,INDF,RG,6175,7,F,RX,AK,F
9:02:30,INDF,RG,6175,10,F,ZP,AK,F
9:02:30,INDF,RG,6175,10,F,AK,AK,F
9:02:30,INDF,RG,6175,50,F,AK,NI,D
9:02:30,INDF,RG,6175,1,F,AK,YP,D
9:02:30,INDF,RG,6175,3,F,AK,XC,D
9:02:30,INDF,RG,6175,1,F,AK,PD,D
9:02:30,INDF,RG,6175,5,F,AK,CC,F
9:02:30,INDF,RG,6175,6,F,AK,YP,D
9:02:30,INDF,RG,6175,4,F,AK,YP,D
9:02:29,INDF,RG,6175,9,F,RX,YP,D
9:02:29,INDF,RG,6175,8,F,ZP,YP,D
9:02:28,INDF,RG,6175,15,F,ZP,YP,D
9:02:28,INDF,RG,6175,4,F,ZP,CC,D
9:02:27,INDF,RG,6175,6,F,ZP,CC,D
9:02:27,INDF,RG,6175,3,F,ZP,AT,D
9:02:27,INDF,RG,6175,15,F,ZP,AT,D
9:02:27,INDF,RG,6175,19,F,ZP,AT,D
9:02:26,INDF,RG,6175,2,D,DR,AT,D
9:02:26,INDF,RG,6175,1,F,RX,AT,D
9:02:26,INDF,RG,6175,2,F,RX,NI,D
9:02:25,INDF,RG,6175,5,F,RX,NI,D
9:02:24,INDF,RG,6175,3,F,RX,NI,D
9:02:24,INDF,RG,6175,7,F,RX,YP,D
9:02:24,INDF,RG,6175,3,F,ZP,YP,D
9:02:24,INDF,RG,6175,2,F,ZP,XC,D
9:02:24,INDF,RG,6175,5,F,ZP,YP,D
9:02:24,INDF,RG,6175,3,F,ZP,YB,D
9:02:23,INDF,RG,6175,1,F,ZP,YB,D
9:02:23,INDF,RG,6175,1,F,ZP,NI,D
9:02:23,INDF,RG,6175,4,F,ZP,PD,D
9:02:23,INDF,RG,6175,10,F,ZP,XC,D
9:02:23,INDF,RG,6175,3,F,ZP,XC,D
9:02:22,INDF,RG,6175,4,F,RX,XC,D
9:02:22,INDF,RG,6175,6,F,RX,CC,D
9:02:22,INDF,RG,6150,5,F,YU,YP,D
9:02:21,INDF,RG,6175,14,F,ZP,CC,D
9:02:21,INDF,RG,6175,1,F,ZP,PD,D
9:02:21,INDF,RG,6175,20,F,ZP,AG,F
9:02:21,INDF,RG,6175,2,F,ZP,DR,D
9:02:21,INDF,RG,6175,3,F,RX,DR,D
9:02:21,INDF,RG,6175,3,F,RX,GR,D
9:02:20,INDF,RG,6175,4,F,RX,XC,D
9:02:20,INDF,RG,6175,1,F,ZP,XC,D
9:02:20,INDF,RG,6175,16,F,ZP,AZ,D
9:02:19,INDF,RG,6175,17,F,ZP,AZ,D
9:02:19,INDF,RG,6175,3,F,ZP,PD,D
9:02:19,INDF,RG,6175,12,F,ZP,PD,D
9:02:19,INDF,RG,6175,2,F,ZP,GR,D
9:02:19,INDF,RG,6175,1,F,ZP,MG,D
9:02:19,INDF,RG,6175,7,F,ZP,NI,D
9:02:19,INDF,RG,6175,4,F,ZP,YP,D
9:02:19,INDF,RG,6175,5,F,RX,YP,D
9:02:18,INDF,RG,6175,5,F,RX,YP,D
9:02:17,INDF,RG,6175,17,F,ZP,YP,D
9:02:17,INDF,RG,6175,19,F,ZP,YP,D
9:02:17,INDF,RG,6175,19,F,RX,YP,D
9:02:16,INDF,RG,6175,66,F,RX,YP,D
9:02:16,INDF,RG,6175,27,F,ZP,YP,D
9:02:15,INDF,RG,6175,32,F,AK,YP,D
9:02:15,INDF,RG,6175,3,F,AK,YP,D
9:02:15,INDF,RG,6175,25,F,AK,YP,D
9:02:15,INDF,RG,6175,4,F,AK,YP,D
9:02:15,INDF,RG,6175,10,F,ZP,YP,D
9:02:14,INDF,RG,6175,17,F,ZP,YP,D
9:02:12,INDF,RG,6150,227,F,YU,RX,D
9:02:12,INDF,RG,6150,1,D,XC,RX,D
9:02:12,INDF,RG,6150,1,F,ZP,RX,D
9:02:12,INDF,RG,6150,5,D,CC,RX,D
9:02:12,INDF,RG,6150,1,D,YP,RX,D
9:02:12,INDF,RG,6150,13,F,RX,RX,D
9:02:12,INDF,RG,6150,20,F,ZP,RX,D
9:02:12,INDF,RG,6150,3,F,RX,RX,D
9:02:12,INDF,RG,6150,29,F,ZP,RX,D
9:02:11,INDF,RG,6175,1,D,XC,YP,D
9:02:01,INDF,RG,6175,1,F,ZP,YP,D
9:02:01,INDF,RG,6150,1,F,ZP,DX,D
9:02:01,INDF,RG,6175,1,F,RX,YP,D
9:01:58,INDF,RG,6175,2,F,ZP,YP,D
9:01:56,INDF,RG,6175,2,F,RX,YP,D
9:01:56,INDF,RG,6175,2,F,ZP,YP,D
9:01:55,INDF,RG,6175,6,D,XC,YP,D
9:01:54,INDF,RG,6175,4,F,RX,YP,D
9:01:54,INDF,RG,6175,1,F,ZP,YP,D
9:01:53,INDF,RG,6150,16,F,ZP,XL,D
9:01:47,INDF,RG,6175,1,F,ZP,YP,D
9:01:40,INDF,RG,6175,2,F,RX,YP,D
9:01:40,INDF,RG,6150,5,F,ZP,CC,D
9:01:36,INDF,RG,6175,2,D,SQ,YP,D
9:01:29,INDF,RG,6175,1,F,RX,YP,D
9:01:28,INDF,RG,6175,1,F,ZP,YP,D
9:01:25,INDF,RG,6175,2,F,RX,YP,D
9:01:24,INDF,RG,6175,1,F,ZP,YP,D
9:01:22,INDF,RG,6175,6,D,YP,YP,D
9:01:22,INDF,RG,6150,1,D,YP,YP,D
9:01:22,INDF,RG,6150,1,D,YP,GR,D
9:01:21,INDF,RG,6150,1,D,YP,GR,D
9:00:00,INDF,RG,6175,2,F,ZP,YP,D
8:59:00,INDF,RG,6175,9,D,PD,YP,D
8:59:00,INDF,RG,6175,1,D,PD,AG,D
8:59:00,INDF,RG,6175,15,D,SH,AG,D
8:59:00,INDF,RG,6175,1,D,SH,NI,D
8:59:00,INDF,RG,6175,4,D,SH,TP,D
8:59:00,INDF,RG,6175,1,D,SH,YP,D
8:59:00,INDF,RG,6175,5,D,SH,YP,D
8:59:00,INDF,RG,6175,1,D,SH,CC,D
8:59:00,INDF,RG,6175,173,D,SH,YP,D
8:59:00,INDF,RG,6175,1,D,SQ,YP,D
8:59:00,INDF,RG,6175,11,F,ZP,YP,D
8:59:00,INDF,RG,6175,15,F,ZP,YP,D
8:59:00,INDF,RG,6175,1,F,ZP,PD,D
8:59:00,INDF,RG,6175,5,F,ZP,SQ,D
8:59:00,INDF,RG,6175,5,F,ZP,YP,D
8:59:00,INDF,RG,6175,1,F,ZP,PD,D
8:59:00,INDF,RG,6175,2,F,ZP,XC,D
8:59:00,INDF,RG,6175,13,F,ZP,YP,D
8:59:00,INDF,RG,6175,80,F,ZP,YP,D
8:59:00,INDF,RG,6175,7,F,ZP,YP,D
8:59:00,INDF,RG,6175,17,F,ZP,PD,D
8:59:00,INDF,RG,6175,2,F,ZP,PD,D
8:59:00,INDF,RG,6175,14,F,ZP,PD,D
8:59:00,INDF,RG,6175,21,F,ZP,PD,D
8:59:00,INDF,RG,6175,19,F,ZP,PD,D
8:59:00,INDF,RG,6175,15,F,ZP,PD,D
8:59:00,INDF,RG,6175,20,F,ZP,PD,D
8:59:00,INDF,RG,6175,17,F,ZP,PD,D
8:59:00,INDF,RG,6175,5,F,ZP,PD,D
8:59:00,INDF,RG,6175,10,F,ZP,YP,D
8:59:00,INDF,RG,6175,16,F,ZP,YP,D
8:59:00,INDF,RG,6175,65,F,ZP,YP,D
8:59:00,INDF,RG,6175,9,F,ZP,YP,D
8:59:00,INDF,RG,6175,1,F,ZP,XL,D
8:59:00,INDF,RG,6175,1,F,ZP,GR,D
8:59:00,INDF,RG,6175,4,F,ZP,CC,D
8:59:00,INDF,RG,6175,17,F,ZP,CC,D
8:59:00,INDF,RG,6175,4,F,ZP,CC,D
8:59:00,INDF,RG,6175,1,F,ZP,PD,D
8:59:00,INDF,RG,6175,2,F,ZP,PD,D
8:59:00,INDF,RG,6175,1,F,ZP,KK,D
8:59:00,INDF,RG,6175,2,F,ZP,PD,D
8:59:00,INDF,RG,6175,1,F,ZP,KK,D
8:59:00,INDF,RG,6175,10,F,ZP,YP,D
8:59:00,INDF,RG,6175,13,F,ZP,YP,D
8:59:00,INDF,RG,6175,29,F,ZP,YP,D
8:59:00,INDF,RG,6175,11,F,ZP,YP,D
8:59:00,INDF,RG,6175,37,F,ZP,YP,D
8:59:00,INDF,RG,6175,1,F,ZP,PD,D
8:59:00,INDF,RG,6175,5,F,ZP,PD,D
8:59:00,INDF,RG,6175,20,F,ZP,CC,D
8:59:00,INDF,RG,6175,1,F,ZP,GR,D
8:59:00,INDF,RG,6175,1,F,ZP,AT,D
8:59:00,INDF,RG,6175,9,F,ZP,XC,D
8:59:00,INDF,RG,6175,1,F,ZP,XC,D
8:59:00,INDF,RG,6175,6,F,ZP,XC,D
8:59:00,INDF,RG,6175,3,F,ZP,TP,D
8:59:00,INDF,RG,6175,38,F,YU,TP,D
8:59:00,INDF,RG,6175,14,F,ZP,TP,D
8:59:00,INDF,RG,6175,2,F,ZP,GR,D
8:59:00,INDF,RG,6175,5,F,ZP,TP,D
8:59:00,INDF,RG,6175,100,F,ZP,HP,D
8:59:00,INDF,RG,6175,1,F,ZP,CD,D
8:59:00,INDF,RG,6175,1,F,ZP,AZ,D
8:59:00,INDF,RG,6175,10,F,ZP,YP,D
8:59:00,INDF,RG,6175,10,F,ZP,YP,D
8:59:00,INDF,RG,6175,10,F,ZP,YP,D
8:59:00,INDF,RG,6175,10,F,ZP,YP,D
8:59:00,INDF,RG,6175,10,F,ZP,YP,D
8:59:00,INDF,RG,6175,10,F,ZP,YP,D
8:59:00,INDF,RG,6175,10,F,ZP,YP,D
8:59:00,INDF,RG,6175,1,F,RX,YP,D
8:59:00,INDF,RG,6175,6,F,RX,YP,D
8:59:00,INDF,RG,6175,3,F,RX,YP,D
8:59:00,INDF,RG,6175,10,F,RX,YP,D
8:59:00,INDF,RG,6175,5,F,RX,YP,D
8:59:00,INDF,RG,6175,4,F,RX,YP,D
8:59:00,INDF,RG,6175,1,F,RX,YP,D
8:59:00,INDF,RG,6175,22,F,RX,CC,D
8:59:00,INDF,RG,6175,28,F,RX,CC,D
8:59:00,INDF,RG,6175,16,F,RX,YP,D
8:59:00,INDF,RG,6175,9,F,RX,YP,D
8:59:00,INDF,RG,6175,31,F,RX,YP,D
8:59:00,INDF,RG,6175,44,F,RX,YP,D
8:59:00,INDF,RG,6175,10,F,RX,YP,D
8:59:00,INDF,RG,6175,5,F,RX,CC,D
8:59:00,INDF,RG,6175,5,F,RX,SQ,D
8:59:00,INDF,RG,6175,1,F,RX,KK,D
8:59:00,INDF,RG,6175,2,F,RX,SQ,D
8:59:00,INDF,RG,6175,1,F,RX,KK,D
8:59:00,INDF,RG,6175,1,F,RX,PD,D
8:59:00,INDF,RG,6175,100,F,RX,YP,D
8:59:00,INDF,RG,6175,1,F,RX,XL,D
8:59:00,INDF,RG,6175,1,F,RX,CC,D
8:59:00,INDF,RG,6175,1,F,RX,PD,D
8:59:00,INDF,RG,6175,1,F,RX,KK,D
8:59:00,INDF,RG,6175,1,F,RX,KK,D
8:59:00,INDF,RG,6175,2,F,RX,PD,D
8:59:00,INDF,RG,6175,1,F,AK,PD,D
8:59:00,INDF,RG,6175,2,F,AK,PD,D
8:59:00,INDF,RG,6175,1,F,AK,PD,D
8:59:00,INDF,RG,6175,1,F,AK,PD,D
8:59:00,INDF,RG,6175,1,F,AK,PD,D
8:59:00,INDF,RG,6175,1,F,AK,KK,D
8:59:00,INDF,RG,6175,2,F,AK,KK,D
8:59:00,INDF,RG,6175,3,F,AK,KK,D
8:59:00,INDF,RG,6175,2,F,AK,KK,D
8:59:00,INDF,RG,6175,4,F,AK,KK,D
8:59:00,INDF,RG,6175,4,F,AK,KK,D
8:59:00,INDF,RG,6175,1,F,AK,KK,D
8:59:00,INDF,RG,6175,2,F,AK,KK,D
8:59:00,INDF,RG,6175,4,F,AK,KK,D
8:59:00,INDF,RG,6175,2,F,AK,KK,D
8:59:00,INDF,RG,6175,2,F,AK,KK,D
8:59:00,INDF,RG,6175,9,F,AK,KK,D
8:59:00,INDF,RG,6175,12,F,AK,KK,D
8:59:00,INDF,RG,6175,1,F,AK,KK,D
8:59:00,INDF,RG,6175,1,F,AK,KK,D
8:59:00,INDF,RG,6175,1,F,AK,KK,D
8:59:00,INDF,RG,6175,2,F,AK,EP,D
8:59:00,INDF,RG,6175,3,F,AK,EP,D
8:59:00,INDF,RG,6175,2,F,AK,GR,D
8:59:00,INDF,RG,6175,10,F,AK,YU,D
8:59:00,INDF,RG,6175,5,F,AK,CC,D
8:59:00,INDF,RG,6175,12,F,AK,CC,D
8:59:00,INDF,RG,6175,1,F,AK,CC,D
8:59:00,INDF,RG,6175,1,F,AK,CC,D
8:59:00,INDF,RG,6175,1,F,AK,CC,D
8:59:00,INDF,RG,6175,2,F,AK,XC,D
8:59:00,INDF,RG,6175,2,F,AK,XC,D
8:59:00,INDF,RG,6175,1,F,AK,PD,D
8:59:00,INDF,RG,6175,1,F,AK,PD,D
8:59:00,INDF,RG,6175,2,F,AK,GR,D
8:59:00,INDF,RG,6175,2,F,AK,KK,D
8:59:00,INDF,RG,6175,5,F,AK,YU,D
8:59:00,INDF,RG,6175,19,F,AK,CC,D
8:59:00,INDF,RG,6175,1,F,AK,CC,D
8:59:00,INDF,RG,6175,8,F,AK,CC,D
8:59:00,INDF,RG,6175,29,F,AK,CC,D
8:59:00,INDF,RG,6175,3,F,AK,YP,D
8:59:00,INDF,RG,6175,6,F,AK,YP,D
8:59:00,INDF,RG,6175,3,F,AK,YP,D
8:59:00,INDF,RG,6175,11,F,AK,YP,D
8:59:00,INDF,RG,6175,8,F,AK,YP,D
8:59:00,INDF,RG,6175,1,F,AK,YP,D
8:59:00,INDF,RG,6175,21,F,AK,YP,D
8:59:00,INDF,RG,6175,1,F,AK,YP,D
8:59:00,INDF,RG,6175,1,F,AK,XL,D
8:59:00,INDF,RG,6175,1,F,AK,PD,D
8:59:00,INDF,RG,6175,1,F,AK,PD,D
8:59:00,INDF,RG,6175,1,F,AK,PD,D
8:59:00,INDF,RG,6175,1,F,AK,HP,D
8:59:00,INDF,RG,6175,2,F,AK,CC,D
8:59:00,INDF,RG,6175,1,F,AK,AK,F