Time,Stock,Brd,Price,Qty,BT,BC,SC,ST
15:14:39,INDF,RG,6350,1,D,YP,YP,D
15:14:25,INDF,RG,6350,15,D,PD,YP,D
15:13:56,INDF,RG,6350,1,D,AI,YP,D
15:12:24,INDF,RG,6350,2,D,KK,YP,D
15:12:00,INDF,RG,6350,3,D,KK,YP,D
15:10:23,INDF,RG,6350,15,D,PD,YP,D
15:10:01,INDF,RG,6350,5,D,ZP,YP,D
15:09:36,INDF,RG,6350,1,D,YP,YP,D
15:06:55,INDF,RG,6350,10,D,YP,YP,D
15:05:56,INDF,RG,6350,3,D,PD,YP,D
15:04:18,INDF,RG,6350,1,D,DR,YP,D
15:02:35,INDF,RG,6350,20,D,SQ,YP,D
15:02:33,INDF,RG,6350,325,D,GR,YP,D
15:02:33,INDF,RG,6350,1,D,GR,YP,D
15:02:33,INDF,RG,6350,2,D,GR,XL,D
15:02:33,INDF,RG,6350,1,D,GR,YP,D
15:02:33,INDF,RG,6350,10,D,GR,PD,D
15:02:33,INDF,RG,6350,15,D,GR,NI,D
15:02:33,INDF,RG,6350,1,D,GR,DR,D
15:02:33,INDF,RG,6350,15,D,GR,XL,D
15:02:33,INDF,RG,6350,2,D,GR,YP,D
15:02:33,INDF,RG,6350,100,D,GR,NI,D
15:02:05,INDF,RG,6350,1,D,XC,NI,D
15:01:40,INDF,RG,6350,15,D,LG,NI,D
15:00:00,INDF,RG,6350,2,D,KK,NI,D
15:00:00,INDF,RG,6350,3,D,YP,NI,D
15:00:00,INDF,RG,6350,8,D,YP,NI,D
15:00:00,INDF,RG,6350,30,D,PD,NI,D
15:00:00,INDF,RG,6350,5,D,PD,NI,D
15:00:00,INDF,RG,6350,4,D,YP,NI,D
15:00:00,INDF,RG,6350,2,D,GR,NI,D
15:00:00,INDF,RG,6350,1,D,YP,NI,D
15:00:00,INDF,RG,6350,1,D,PD,NI,D
15:00:00,INDF,RG,6350,28,F,ZP,NI,D
15:00:00,INDF,RG,6350,1,F,ZP,XC,D
15:00:00,INDF,RG,6350,14,F,ZP,XC,D
15:00:00,INDF,RG,6350,5,F,ZP,PD,D
15:00:00,INDF,RG,6350,12,F,ZP,PD,D
15:00:00,INDF,RG,6350,47,F,ZP,KK,D
15:00:00,INDF,RG,6350,217,F,ZP,DR,D
15:00:00,INDF,RG,6350,1,F,ZP,PD,D
15:00:00,INDF,RG,6350,34,F,ZP,YP,D
15:00:00,INDF,RG,6350,2,F,ZP,XC,D
15:00:00,INDF,RG,6350,3,F,ZP,PD,D
15:00:00,INDF,RG,6350,20,F,ZP,KK,D
15:00:00,INDF,RG,6350,100,F,ZP,ZP,F
15:00:00,INDF,RG,6350,5,F,ZP,CC,D
15:00:00,INDF,RG,6350,2,F,ZP,XC,D
15:00:00,INDF,RG,6350,1,F,ZP,PD,D
15:00:00,INDF,RG,6350,5,F,ZP,YP,D
15:00:00,INDF,RG,6350,100,F,ZP,ZP,F
15:00:00,INDF,RG,6350,600,F,ZP,OD,D
15:00:00,INDF,RG,6350,503,F,ZP,CS,F
15:00:00,INDF,RG,6350,1,F,ZP,CS,F
15:00:00,INDF,RG,6350,116,F,ZP,CS,F
15:00:00,INDF,RG,6350,27,F,ZP,CS,F
15:00:00,INDF,RG,6350,252,F,ZP,CS,F
15:00:00,INDF,RG,6350,313,F,ZP,CS,F
15:00:00,INDF,RG,6350,42,F,ZP,CS,F
15:00:00,INDF,RG,6350,121,F,AK,CS,F
15:00:00,INDF,RG,6350,74,F,AK,YB,D
15:00:00,INDF,RG,6350,226,F,ZP,YB,D
15:00:00,INDF,RG,6350,200,F,ZP,YB,D
15:00:00,INDF,RG,6350,1,F,ZP,CC,D
15:00:00,INDF,RG,6350,1,F,ZP,DR,D
15:00:00,INDF,RG,6350,1,F,ZP,PD,D
15:00:00,INDF,RG,6350,4,F,ZP,CC,F
15:00:00,INDF,RG,6350,12,F,ZP,CC,D
15:00:00,INDF,RG,6350,122,F,ZP,CS,F
15:00:00,INDF,RG,6350,16,F,ZP,OD,D
15:00:00,INDF,RG,6350,8,F,ZP,PD,D
15:00:00,INDF,RG,6350,1,F,ZP,HP,D
15:00:00,INDF,RG,6350,5,F,ZP,AG,D
15:00:00,INDF,RG,6350,20,F,ZP,DR,D
15:00:00,INDF,RG,6350,1,F,ZP,HP,D
15:00:00,INDF,RG,6350,48,F,ZP,ZP,F
15:00:00,INDF,RG,6350,67,F,ZP,BK,F
15:00:00,INDF,RG,6350,156,F,BK,BK,F
15:00:00,INDF,RG,6350,116,F,BK,ZP,F
15:00:00,INDF,RG,6350,360,F,BK,ZP,F
15:00:00,INDF,RG,6350,19,F,CS,ZP,F
15:00:00,INDF,RG,6350,1005,F,KZ,ZP,F
15:00:00,INDF,RG,6350,62,F,KZ,KZ,D
15:00:00,INDF,RG,6350,73,F,KZ,BK,F
15:00:00,INDF,RG,6350,53,F,KZ,DX,F
15:00:00,INDF,RG,6350,27,D,CC,DX,F
15:00:00,INDF,RG,6350,175,D,CC,DX,F
15:00:00,INDF,RG,6350,18,D,CC,DX,F
15:00:00,INDF,RG,6350,140,D,OD,DX,F
15:00:00,INDF,RG,6350,38,F,AK,DX,F
15:00:00,INDF,RG,6350,502,F,AK,DX,F
15:00:00,INDF,RG,6350,21,F,AK,ZP,F
15:00:00,INDF,RG,6350,19,F,AK,AK,F
15:00:00,INDF,RG,6350,398,F,AK,CC,D
15:00:00,INDF,RG,6350,1,F,AK,AK,F
15:00:00,INDF,RG,6350,45,F,AK,AK,F
15:00:00,INDF,RG,6350,28,F,AK,PD,D
15:00:00,INDF,RG,6350,342,F,AK,LG,D
15:00:00,INDF,RG,6350,54,F,AK,YU,F
15:00:00,INDF,RG,6350,91,F,AK,YU,F
14:49:58,INDF,RG,6300,1,D,YP,ZP,F
14:49:56,INDF,RG,6325,1,F,ZP,CC,D
14:49:56,INDF,RG,6325,2,F,ZP,CC,D
14:49:56,INDF,RG,6300,18,D,YP,DX,F
14:49:53,INDF,RG,6325,4,F,ZP,CC,D
14:49:53,INDF,RG,6300,81,D,YP,CC,D
14:49:53,INDF,RG,6300,2,D,YP,CC,D
14:49:53,INDF,RG,6300,288,D,KK,CC,D
14:49:53,INDF,RG,6300,10,D,CC,CC,D
14:49:53,INDF,RG,6300,1,D,SQ,CC,D
14:49:53,INDF,RG,6300,1,D,PD,CC,D
14:49:53,INDF,RG,6300,10,D,PD,CC,D
14:49:53,INDF,RG,6300,2,D,PD,CC,D
14:49:53,INDF,RG,6300,2,D,DH,CC,D
14:49:53,INDF,RG,6300,1,D,YP,CC,D
14:49:53,INDF,RG,6300,100,D,AN,CC,D
14:49:53,INDF,RG,6300,2,D,XL,CC,D
14:49:51,INDF,RG,6300,3,D,XL,ZP,F
14:49:50,INDF,RG,6325,2,F,ZP,CC,D
14:49:50,INDF,RG,6325,5,F,ZP,CC,D
14:49:43,INDF,RG,6325,2,F,ZP,CC,D
14:49:42,INDF,RG,6300,2,D,XL,ZP,F
14:49:40,INDF,RG,6325,6,F,ZP,CC,D
14:49:40,INDF,RG,6325,22,F,YU,CC,D
14:49:37,INDF,RG,6325,8,D,PD,CC,D
14:49:37,INDF,RG,6325,27,D,PD,CC,D
14:49:31,INDF,RG,6300,1,D,XL,YU,F
14:49:31,INDF,RG,6300,22,D,XL,YU,F
14:49:31,INDF,RG,6300,1,D,YP,YU,F
14:49:31,INDF,RG,6300,1,D,YP,DX,F
14:49:31,INDF,RG,6300,13,D,XL,DX,F
14:49:31,INDF,RG,6300,7,D,XL,DX,F
14:49:31,INDF,RG,6300,1,D,PD,DX,F
14:49:31,INDF,RG,6300,1,D,XC,DX,F
14:49:31,INDF,RG,6300,1,D,XL,DX,F
14:49:31,INDF,RG,6300,3,D,PD,DX,F
14:49:31,INDF,RG,6300,1,D,YP,DX,F
14:49:31,INDF,RG,6300,2,D,CC,DX,F
14:49:31,INDF,RG,6300,4,D,IF,DX,F
14:49:30,INDF,RG,6300,4,D,IF,AK,F
14:49:27,INDF,RG,6325,1,F,CS,CC,D
14:49:18,INDF,RG,6300,4,D,IF,DX,F
14:49:18,INDF,RG,6300,1,D,SQ,DX,F
14:49:18,INDF,RG,6300,1,D,NI,DX,F
14:49:18,INDF,RG,6300,5,D,YP,DX,F
14:49:18,INDF,RG,6300,1,D,YP,DX,F
14:49:18,INDF,RG,6300,5,D,LS,DX,F
14:49:18,INDF,RG,6300,3,D,CC,DX,F
14:49:15,INDF,RG,6300,2,D,CC,AK,F
14:49:13,INDF,RG,6300,10,D,CC,DX,F
14:49:10,INDF,RG,6325,101,F,ZP,CC,D
14:49:08,INDF,RG,6325,5,D,CC,CC,D
14:49:08,INDF,RG,6325,33,F,ZP,CC,D
14:49:07,INDF,RG,6325,1,F,YU,CC,D
14:49:06,INDF,RG,6300,3,D,CC,ZP,F
14:49:06,INDF,RG,6325,36,F,ZP,CC,D
14:49:06,INDF,RG,6325,3,F,ZP,CC,D
14:49:06,INDF,RG,6325,7,F,ZP,CC,D
14:49:05,INDF,RG,6325,120,D,SQ,CC,D
14:49:03,INDF,RG,6325,10,D,TP,CC,D
14:49:02,INDF,RG,6300,2,D,CC,BK,F
14:49:02,INDF,RG,6300,7,D,XL,BK,F
14:49:01,INDF,RG,6325,10,F,ZP,CC,D
14:49:00,INDF,RG,6300,1,D,XL,AK,F
14:49:00,INDF,RG,6300,1,D,XL,AK,F
14:49:00,INDF,RG,6325,16,F,AK,CC,D
14:49:00,INDF,RG,6325,1,F,AK,CC,D
14:49:00,INDF,RG,6325,34,F,AK,CC,D
14:49:00,INDF,RG,6325,16,F,AK,CC,D
14:49:00,INDF,RG,6325,9,F,AK,CC,D
14:49:00,INDF,RG,6325,1,F,AK,CC,D
14:48:59,INDF,RG,6325,3,F,AK,CC,D
14:48:59,INDF,RG,6325,19,F,AK,CC,D
14:48:59,INDF,RG,6325,3,F,AK,CC,D
14:48:59,INDF,RG,6325,1,F,AK,CC,D
14:48:59,INDF,RG,6325,1,F,AK,CC,D
14:48:59,INDF,RG,6325,1,F,AK,CC,D
14:48:59,INDF,RG,6325,1,F,AK,CC,D
14:48:57,INDF,RG,6325,1,F,CS,CC,D
14:48:57,INDF,RG,6325,2,F,AK,CC,D
14:48:57,INDF,RG,6325,1,F,AK,CC,D
14:48:55,INDF,RG,6325,1,D,PD,CC,D
14:48:54,INDF,RG,6325,9,F,ZP,CC,D
14:48:53,INDF,RG,6325,10,D,PD,CC,D
14:48:48,INDF,RG,6300,28,D,XL,DX,F
14:48:48,INDF,RG,6300,6,D,XL,ZP,F
14:48:48,INDF,RG,6325,6,F,ZP,CC,D
14:48:47,INDF,RG,6325,10,D,PD,CC,D
14:48:47,INDF,RG,6325,21,D,PD,YU,F
14:48:47,INDF,RG,6325,1,D,PD,PD,D
14:48:45,INDF,RG,6325,4,F,AK,PD,D
14:48:45,INDF,RG,6325,7,F,AK,SQ,D
14:48:45,INDF,RG,6325,2,F,AK,SQ,D
14:48:44,INDF,RG,6325,14,F,ZP,SQ,D
14:48:30,INDF,RG,6325,7,F,AK,SQ,D
14:48:30,INDF,RG,6325,5,F,AK,SQ,D
14:48:24,INDF,RG,6325,5,D,YP,SQ,D
14:48:22,INDF,RG,6300,7,D,XL,DX,F
14:48:22,INDF,RG,6300,10,D,GR,DX,F
14:48:22,INDF,RG,6300,10,F,AK,DX,F
14:48:21,INDF,RG,6325,2,F,AK,SQ,D
14:48:15,INDF,RG,6325,24,F,AK,SQ,D
14:48:15,INDF,RG,6300,8,F,AK,DX,F
14:48:15,INDF,RG,6300,1,D,XC,DX,F
14:48:15,INDF,RG,6300,1,D,CC,DX,F
14:48:15,INDF,RG,6300,2,D,PD,DX,F
14:48:15,INDF,RG,6300,1,D,YP,DX,F
14:48:00,INDF,RG,6325,7,F,AK,SQ,D
14:47:57,INDF,RG,6325,21,F,ZP,YU,F
14:47:57,INDF,RG,6325,43,F,ZP,CS,F
14:47:57,INDF,RG,6300,1,D,YP,CC,D
14:47:57,INDF,RG,6300,1,D,PD,CC,D
14:47:57,INDF,RG,6300,4,D,PD,CC,D
14:47:57,INDF,RG,6300,10,D,NI,CC,D
14:47:57,INDF,RG,6300,1,D,NI,CC,D
14:47:57,INDF,RG,6300,1,D,XC,CC,D
14:47:57,INDF,RG,6300,2,D,YP,CC,D
14:47:57,INDF,RG,6300,10,D,CC,CC,D
14:47:57,INDF,RG,6300,39,F,BK,CC,D
14:47:57,INDF,RG,6300,2,D,PD,CC,D
14:47:57,INDF,RG,6300,4,D,CC,CC,D
14:47:57,INDF,RG,6300,1,D,PD,CC,D
14:47:57,INDF,RG,6300,5,D,XC,CC,D
14:47:57,INDF,RG,6300,5,D,NI,CC,D
14:47:57,INDF,RG,6300,3,D,XC,CC,D
14:47:57,INDF,RG,6300,10,D,EP,CC,D
14:47:57,INDF,RG,6300,1,D,PD,CC,D
14:47:57,INDF,RG,6300,5,D,NI,CC,D
14:47:57,INDF,RG,6300,2,D,PD,CC,D
14:47:57,INDF,RG,6300,5,D,XC,CC,D
14:47:57,INDF,RG,6300,25,D,KK,CC,D
14:47:57,INDF,RG,6300,1,D,YP,CC,D
14:47:57,INDF,RG,6300,3,D,CC,CC,D
14:47:57,INDF,RG,6300,1,D,GR,CC,D
14:47:57,INDF,RG,6300,1,D,CC,CC,D
14:47:57,INDF,RG,6300,2,D,PD,CC,D
14:47:57,INDF,RG,6300,10,D,YP,CC,D
14:47:57,INDF,RG,6300,1,F,CS,CC,D
14:47:57,INDF,RG,6300,1,D,NI,CC,D
14:47:57,INDF,RG,6300,4,D,DR,CC,D
14:47:57,INDF,RG,6300,10,D,YP,CC,D
14:47:57,INDF,RG,6300,3,D,NI,CC,D
14:47:57,INDF,RG,6300,3,D,YP,CC,D
14:47:57,INDF,RG,6300,90,F,ZP,CC,D
14:47:57,INDF,RG,6300,5,D,SQ,CC,D
14:47:57,INDF,RG,6300,1,D,PD,CC,D
14:47:57,INDF,RG,6300,112,D,NI,CC,D
14:47:57,INDF,RG,6300,34,F,ZP,CC,D
14:47:57,INDF,RG,6300,5,D,CC,CC,D
14:47:57,INDF,RG,6300,10,D,SQ,CC,D
14:47:57,INDF,RG,6300,1,D,YP,CC,D
14:47:57,INDF,RG,6300,1,D,YP,CC,D
14:47:57,INDF,RG,6300,1,D,PD,CC,D
14:47:57,INDF,RG,6300,1,D,AZ,CC,D
14:47:57,INDF,RG,6300,7,D,CC,CC,D
14:47:57,INDF,RG,6300,1,D,CC,CC,D
14:47:57,INDF,RG,6300,10,D,YP,CC,D
14:47:57,INDF,RG,6300,1,D,YP,CC,D
14:47:57,INDF,RG,6300,43,F,ZP,CC,D
14:47:56,INDF,RG,6300,24,F,ZP,DX,F
14:47:52,INDF,RG,6325,11,F,BK,CS,F
14:47:46,INDF,RG,6325,1,F,CS,CS,F
14:47:45,INDF,RG,6300,12,F,ZP,CS,D
14:47:40,INDF,RG,6300,8,F,ZP,CS,D
14:47:36,INDF,RG,6300,11,F,ZP,BK,F
14:47:36,INDF,RG,6300,3,F,ZP,ZP,F
14:47:36,INDF,RG,6325,60,F,ZP,CS,F
14:47:35,INDF,RG,6300,28,F,ZP,CS,D
14:47:30,INDF,RG,6325,2,D,CP,CS,F
14:47:30,INDF,RG,6300,17,F,ZP,CS,D
14:47:28,INDF,RG,6325,8,F,BK,CS,F
14:47:28,INDF,RG,6325,2,F,BK,CC,D
14:47:28,INDF,RG,6325,1,D,PD,CC,D
14:47:27,INDF,RG,6325,96,F,ZP,CC,D
14:47:25,INDF,RG,6300,15,F,ZP,CS,D
14:47:25,INDF,RG,6300,13,F,ZP,CS,D
14:47:25,INDF,RG,6300,28,F,ZP,DX,F
14:47:22,INDF,RG,6325,17,F,ZP,CC,D
14:47:22,INDF,RG,6325,9,F,ZP,CC,D
14:47:21,INDF,RG,6325,1,F,ZP,CC,D
14:47:16,INDF,RG,6325,1,F,CS,CC,D
14:47:16,INDF,RG,6325,23,F,ZP,CC,D
14:47:16,INDF,RG,6325,2,F,ZP,AK,F
14:47:16,INDF,RG,6325,14,F,ZP,CC,D
14:47:16,INDF,RG,6300,80,F,ZP,SQ,D
14:47:16,INDF,RG,6300,10,D,NI,SQ,D
14:47:16,INDF,RG,6300,1,D,NI,SQ,D
14:47:16,INDF,RG,6300,2,D,CC,SQ,D
14:47:16,INDF,RG,6300,1,D,CC,SQ,D
14:47:16,INDF,RG,6300,5,D,YP,SQ,D
14:47:16,INDF,RG,6300,10,D,CC,SQ,D
14:47:16,INDF,RG,6300,2,D,AT,SQ,D
14:47:16,INDF,RG,6300,3,D,PD,SQ,D
14:47:16,INDF,RG,6300,15,D,YP,SQ,D
14:47:16,INDF,RG,6300,2,D,AI,SQ,D
14:47:16,INDF,RG,6300,1,D,NI,SQ,D
14:47:16,INDF,RG,6300,1,D,YP,SQ,D
14:47:16,INDF,RG,6300,2,D,BQ,SQ,D
14:47:16,INDF,RG,6300,3,D,NI,SQ,D
14:47:16,INDF,RG,6300,2,D,PD,SQ,D
14:47:16,INDF,RG,6300,3,D,PD,SQ,D
14:47:16,INDF,RG,6300,10,D,AZ,SQ,D
14:47:16,INDF,RG,6300,20,D,CC,SQ,D
14:47:16,INDF,RG,6300,2,D,XC,SQ,D
14:47:16,INDF,RG,6300,5,D,PD,SQ,D
14:47:16,INDF,RG,6300,1,D,YP,SQ,D
14:47:16,INDF,RG,6300,1,D,XC,SQ,D
14:47:16,INDF,RG,6300,158,D,YP,SQ,D
14:47:16,INDF,RG,6300,10,D,ZP,SQ,D
14:47:16,INDF,RG,6300,2,D,LS,SQ,D
14:47:16,INDF,RG,6300,2,D,CC,SQ,D
14:47:16,INDF,RG,6300,2,D,LG,SQ,D
14:47:16,INDF,RG,6300,30,F,AK,SQ,D
14:47:16,INDF,RG,6300,2,D,XC,SQ,D
14:47:16,INDF,RG,6300,1,D,NI,SQ,D
14:47:16,INDF,RG,6300,8,F,AK,SQ,D
14:47:16,INDF,RG,6300,2,D,XC,SQ,D
14:47:16,INDF,RG,6300,6,D,PD,SQ,D
14:47:16,INDF,RG,6300,10,D,KK,SQ,D
14:47:16,INDF,RG,6300,8,D,XC,SQ,D
14:47:16,INDF,RG,6300,36,F,AK,SQ,D
14:47:16,INDF,RG,6300,2,D,CC,SQ,D
14:47:16,INDF,RG,6300,10,F,AK,SQ,D
14:47:16,INDF,RG,6300,10,D,XC,SQ,D
14:47:16,INDF,RG,6300,1,D,EP,SQ,D
14:47:16,INDF,RG,6300,14,F,AK,SQ,D
14:47:16,INDF,RG,6300,4,F,AK,SQ,D
14:47:15,INDF,RG,6300,5,F,AK,CS,D
14:47:15,INDF,RG,6300,9,F,AK,CS,D
14:47:15,INDF,RG,6300,10,F,AK,CS,D
14:47:15,INDF,RG,6300,2,F,AK,CS,D
14:47:15,INDF,RG,6300,6,F,AK,CS,D
14:47:15,INDF,RG,6300,13,F,AK,CS,D
14:47:15,INDF,RG,6300,1,D,SQ,CS,D
14:47:12,INDF,RG,6325,10,D,CC,CC,D
14:47:10,INDF,RG,6300,25,D,SQ,CS,D
14:47:00,INDF,RG,6300,14,D,SQ,YU,F
14:46:58,INDF,RG,6325,10,F,BK,CC,D
14:46:56,INDF,RG,6300,20,D,SQ,DX,F
14:46:55,INDF,RG,6300,25,D,SQ,CS,D
14:46:55,INDF,RG,6300,28,D,SQ,CS,D
14:46:51,INDF,RG,6325,20,D,PD,CC,D
14:46:41,INDF,RG,6325,2,F,CS,CC,D
14:46:41,INDF,RG,6325,1,F,CS,CC,D
14:46:31,INDF,RG,6325,10,F,BK,CC,D
14:46:30,INDF,RG,6300,38,D,SQ,CS,D
14:46:30,INDF,RG,6325,1,F,AK,CC,D
14:46:30,INDF,RG,6325,26,F,AK,CC,D
14:46:27,INDF,RG,6325,2,F,CS,CC,D
14:46:26,INDF,RG,6325,29,F,AK,CC,D
14:46:26,INDF,RG,6300,5,D,SQ,CS,D
14:46:25,INDF,RG,6300,9,D,SQ,CS,D
14:46:25,INDF,RG,6300,18,D,SQ,CS,D
14:46:25,INDF,RG,6300,5,D,SQ,CS,D
14:46:25,INDF,RG,6300,6,D,SQ,CS,D
14:46:25,INDF,RG,6300,7,D,SQ,CS,D
14:46:25,INDF,RG,6300,13,D,SQ,CS,D
14:46:25,INDF,RG,6300,8,D,SQ,CS,D
14:46:25,INDF,RG,6325,1,F,CS,CC,D
14:46:25,INDF,RG,6325,1,F,CS,CC,D
14:46:22,INDF,RG,6300,10,D,SQ,BK,F
14:46:21,INDF,RG,6325,1,F,CS,CC,D
14:46:21,INDF,RG,6325,2,F,CS,CC,D
14:46:20,INDF,RG,6325,5,D,YP,CC,D
14:46:15,INDF,RG,6325,158,F,AK,CC,D
14:46:11,INDF,RG,6325,3,F,CS,CC,D
14:46:11,INDF,RG,6325,109,F,AK,CC,D
14:46:09,INDF,RG,6325,95,F,KZ,CC,D
14:46:09,INDF,RG,6325,2,F,KZ,CC,D
14:46:09,INDF,RG,6325,13,F,KZ,DX,F
14:46:09,INDF,RG,6325,31,F,KZ,DX,F
14:46:09,INDF,RG,6325,1,F,KZ,YP,D
14:46:09,INDF,RG,6325,15,F,KZ,PD,D
14:46:09,INDF,RG,6325,4,F,KZ,CS,D
14:46:09,INDF,RG,6325,5,F,KZ,NI,D
14:46:09,INDF,RG,6325,10,F,KZ,CC,D
14:46:09,INDF,RG,6325,17,F,KZ,CS,D
14:46:09,INDF,RG,6325,8,F,KZ,DX,F
14:46:09,INDF,RG,6325,4,F,KZ,AK,F
14:46:09,INDF,RG,6325,33,F,KZ,CC,D
14:46:03,INDF,RG,6325,9,F,BK,CC,D
14:46:03,INDF,RG,6325,593,F,ZP,CC,D
14:46:02,INDF,RG,6325,1,F,CS,CC,D
14:46:02,INDF,RG,6325,1,F,ZP,CC,D
14:46:02,INDF,RG,6300,26,D,SQ,DX,F
14:46:01,INDF,RG,6325,3,F,CS,CC,D
14:46:00,INDF,RG,6325,28,F,AK,CC,D
14:46:00,INDF,RG,6300,13,D,SQ,YU,F
14:45:58,INDF,RG,6325,10,D,PD,CC,D
14:45:57,INDF,RG,6325,23,F,ZP,CC,D
14:45:56,INDF,RG,6325,15,F,AK,CC,D
14:45:46,INDF,RG,6325,1,F,CS,CC,D
14:45:46,INDF,RG,6325,3,F,CS,CC,D
14:45:46,INDF,RG,6300,39,D,SQ,CS,D
14:45:45,INDF,RG,6300,4,D,SQ,CS,D
14:45:45,INDF,RG,6300,14,D,SQ,CS,D
14:45:45,INDF,RG,6300,9,D,SQ,CS,D
14:45:45,INDF,RG,6300,22,D,SQ,CS,D
14:45:45,INDF,RG,6300,6,D,SQ,CS,D
14:45:45,INDF,RG,6300,20,D,SQ,CS,D
14:45:45,INDF,RG,6300,6,D,SQ,CS,D
14:45:45,INDF,RG,6300,12,D,SQ,DX,F
14:45:37,INDF,RG,6325,1,F,CS,CC,D
14:45:37,INDF,RG,6325,10,F,BK,CC,D
14:45:33,INDF,RG,6325,8,D,XC,CC,D
14:45:32,INDF,RG,6300,14,D,SQ,DX,F
14:45:30,INDF,RG,6300,16,D,SQ,AK,F
14:45:30,INDF,RG,6325,21,F,AK,CC,D
14:45:30,INDF,RG,6325,35,F,AK,CC,D
14:45:28,INDF,RG,6325,1,D,NI,CC,D
14:45:24,INDF,RG,6325,100,D,YP,CC,D
14:45:22,INDF,RG,6325,9,F,ZP,CC,D
14:45:20,INDF,RG,6325,7,F,CS,CC,D
14:45:16,INDF,RG,6325,10,D,NI,CC,D
14:45:16,INDF,RG,6325,5,F,ZP,CC,D
14:45:16,INDF,RG,6325,10,D,DH,CC,D
14:45:15,INDF,RG,6325,1,F,CS,CC,D
14:45:15,INDF,RG,6325,72,F,AK,CC,D
14:45:15,INDF,RG,6325,2,F,CS,CC,D
14:45:10,INDF,RG,6325,69,F,AK,CC,D
14:45:10,INDF,RG,6325,23,F,ZP,CC,D
14:45:10,INDF,RG,6325,4,F,ZP,CC,D
14:45:08,INDF,RG,6325,10,F,BK,CC,D
14:45:06,INDF,RG,6325,1,F,CS,CC,D
14:44:46,INDF,RG,6325,110,F,ZP,CC,D
14:44:45,INDF,RG,6300,4,D,SQ,AK,F
14:44:45,INDF,RG,6325,15,F,AK,CC,D
14:44:45,INDF,RG,6325,18,F,AK,CC,D
14:44:45,INDF,RG,6325,65,F,AK,CC,D
14:44:40,INDF,RG,6325,10,F,BK,CC,D
14:44:39,INDF,RG,6325,7,F,CS,CC,D
14:44:38,INDF,RG,6300,77,D,SQ,CS,D
14:44:37,INDF,RG,6325,1,F,CS,CC,D
14:44:34,INDF,RG,6325,30,F,ZP,CC,D
14:44:34,INDF,RG,6325,10,F,ZP,CC,D
14:44:33,INDF,RG,6300,139,D,SQ,CS,D
14:44:32,INDF,RG,6300,18,D,SQ,CS,D
14:44:32,INDF,RG,6325,14,D,YP,CC,D
14:44:15,INDF,RG,6325,57,F,AK,CC,D
14:44:13,INDF,RG,6325,9,F,BK,CC,D
14:44:07,INDF,RG,6325,2,D,CC,CC,D
14:44:05,INDF,RG,6325,1,F,CS,CC,D
14:44:00,INDF,RG,6300,6,D,SQ,AK,F
14:43:49,INDF,RG,6325,1,F,CS,CC,D
14:43:49,INDF,RG,6325,7,F,CS,CC,D
14:43:49,INDF,RG,6325,2,F,CS,CC,D
14:43:43,INDF,RG,6325,10,F,BK,CC,D
14:43:25,INDF,RG,6325,1,F,CS,CC,D
14:43:19,INDF,RG,6325,11,F,YU,CC,D
14:43:19,INDF,RG,6325,11,F,YU,DX,F
14:43:19,INDF,RG,6325,80,F,YU,CS,D
14:43:19,INDF,RG,6325,5,F,YU,ZP,F
14:43:19,INDF,RG,6325,32,F,YU,ZP,F
14:43:17,INDF,RG,6325,25,D,DH,ZP,F
14:43:15,INDF,RG,6300,6,D,SQ,AK,F
14:43:15,INDF,RG,6325,2,F,AK,ZP,F
14:43:13,INDF,RG,6325,10,F,BK,ZP,F
14:43:00,INDF,RG,6300,22,D,SQ,YU,F
14:42:52,INDF,RG,6325,1,F,CS,ZP,F
14:42:45,INDF,RG,6325,72,F,AK,ZP,F
14:42:42,INDF,RG,6325,10,F,BK,ZP,F
14:42:40,INDF,RG,6325,6,F,CS,ZP,F
14:42:39,INDF,RG,6325,8,F,CS,ZP,F
14:42:39,INDF,RG,6325,564,F,KZ,ZP,F
14:42:35,INDF,RG,6300,1,D,SQ,XC,D
14:42:34,INDF,RG,6325,237,F,KZ,ZP,F
14:42:30,INDF,RG,6325,22,F,ZP,ZP,F
14:42:30,INDF,RG,6325,1,F,CS,ZP,F
14:42:30,INDF,RG,6325,3,F,CS,ZP,F
14:42:30,INDF,RG,6325,507,D,GR,ZP,F
14:42:30,INDF,RG,6325,13,D,GR,CS,D
14:42:30,INDF,RG,6325,118,D,GR,CS,F
14:42:30,INDF,RG,6325,63,D,GR,DX,F
14:42:30,INDF,RG,6325,3,D,GR,ZP,F
14:42:30,INDF,RG,6325,1,D,GR,PD,D
14:42:30,INDF,RG,6325,872,D,GR,SQ,D
14:42:20,INDF,RG,6325,1,F,CS,SQ,D
14:42:12,INDF,RG,6325,10,F,BK,SQ,D
14:42:11,INDF,RG,6300,11,D,SQ,HP,D
14:41:50,INDF,RG,6325,2,F,CS,SQ,D
14:41:42,INDF,RG,6325,9,F,BK,SQ,D
14:41:38,INDF,RG,6325,106,F,ZP,SQ,D
14:41:38,INDF,RG,6325,17,F,ZP,DX,F
14:41:38,INDF,RG,6325,10,F,ZP,KK,D
14:41:38,INDF,RG,6325,17,F,ZP,CS,D
14:41:38,INDF,RG,6325,1,F,ZP,SQ,D
14:41:38,INDF,RG,6325,24,F,ZP,CS,D
14:41:38,INDF,RG,6325,12,F,ZP,ZP,F
14:41:38,INDF,RG,6325,20,F,ZP,BK,F
14:41:38,INDF,RG,6325,17,F,ZP,CS,D
14:41:38,INDF,RG,6325,34,F,ZP,CS,D
14:41:38,INDF,RG,6325,19,F,ZP,CS,D
14:41:38,INDF,RG,6325,1,F,ZP,CS,D
14:41:38,INDF,RG,6325,16,F,ZP,CS,D
14:41:38,INDF,RG,6325,55,F,ZP,DX,F
14:41:38,INDF,RG,6325,1,F,ZP,CS,D
14:41:38,INDF,RG,6325,18,F,ZP,CC,D
14:41:38,INDF,RG,6325,13,F,ZP,CS,D
14:41:38,INDF,RG,6325,17,F,ZP,CS,D
14:41:38,INDF,RG,6325,58,F,ZP,DX,F
14:41:38,INDF,RG,6325,2,F,ZP,CC,F
14:41:38,INDF,RG,6325,16,F,ZP,DX,F
14:41:38,INDF,RG,6325,687,F,ZP,ZP,F
14:41:34,INDF,RG,6300,2,D,SQ,ZP,F
14:41:33,INDF,RG,6325,5,D,XL,ZP,F
14:41:33,INDF,RG,6325,1,D,YP,ZP,F
14:41:21,INDF,RG,6325,7,D,PD,ZP,F
14:41:21,INDF,RG,6325,16,D,PD,YU,F
14:41:21,INDF,RG,6325,2,D,PD,NI,D
14:41:13,INDF,RG,6325,3,F,BK,NI,D
14:41:13,INDF,RG,6325,7,F,BK,DX,F
14:41:07,INDF,RG,6325,20,F,CS,DX,F
14:41:06,INDF,RG,6325,1,D,XC,DX,F
14:40:50,INDF,RG,6300,14,D,SQ,DX,F
14:40:45,INDF,RG,6300,17,D,SQ,CS,D
14:40:45,INDF,RG,6300,77,D,YP,CS,D
14:40:45,INDF,RG,6300,16,D,YP,AK,F
14:40:40,INDF,RG,6325,11,F,BK,DX,F
14:40:37,INDF,RG,6325,2,F,CS,DX,F
14:40:29,INDF,RG,6300,7,D,YP,CC,D
14:40:29,INDF,RG,6300,1,D,XC,CC,D
14:40:29,INDF,RG,6300,5,D,CC,CC,D
14:40:29,INDF,RG,6300,1,F,ZP,CC,D
14:40:29,INDF,RG,6300,1,D,YP,CC,D
14:40:29,INDF,RG,6300,1,D,YP,CC,D
14:40:29,INDF,RG,6300,50,D,YP,CC,D
14:40:29,INDF,RG,6300,2,D,YP,CC,D
14:40:29,INDF,RG,6300,1,D,YP,CC,D
14:40:29,INDF,RG,6300,1,D,YP,CC,D
14:40:29,INDF,RG,6300,2,D,NI,CC,D
14:40:29,INDF,RG,6300,2,D,YP,CC,D
14:40:29,INDF,RG,6300,5,D,CC,CC,D
14:40:29,INDF,RG,6300,1,D,XL,CC,D
14:40:29,INDF,RG,6300,21,D,XL,CC,D
14:40:29,INDF,RG,6300,1,F,ZP,CC,D
14:40:29,INDF,RG,6300,1,D,CC,CC,D
14:40:29,INDF,RG,6300,17,F,AK,CC,D
14:40:29,INDF,RG,6300,57,F,AK,CC,D
14:40:29,INDF,RG,6300,25,D,SQ,CC,D
14:40:29,INDF,RG,6300,2,D,XC,CC,D
14:40:29,INDF,RG,6300,1,D,XC,CC,D
14:40:29,INDF,RG,6300,1,D,CC,CC,D
14:40:29,INDF,RG,6300,10,D,PD,CC,D
14:40:29,INDF,RG,6300,4,D,PD,CC,D
14:40:29,INDF,RG,6300,1,D,XC,CC,D
14:40:29,INDF,RG,6300,1,D,XC,CC,D
14:40:29,INDF,RG,6300,1,D,XC,CC,D
14:40:29,INDF,RG,6300,1,D,XC,CC,D
14:40:29,INDF,RG,6300,1,D,XC,CC,D
14:40:29,INDF,RG,6300,2,D,EP,CC,D
14:40:29,INDF,RG,6300,5,D,SQ,CC,D
14:40:29,INDF,RG,6300,1,D,XC,CC,D
14:40:29,INDF,RG,6300,1,D,PD,CC,D
14:40:29,INDF,RG,6300,1,D,PD,CC,D
14:40:29,INDF,RG,6300,2,D,XL,CC,D
14:40:29,INDF,RG,6300,3,D,XC,CC,D
14:40:29,INDF,RG,6300,1,D,DH,CC,D
14:40:29,INDF,RG,6300,1,D,DH,CC,D
14:40:29,INDF,RG,6300,15,D,PD,CC,D
14:40:29,INDF,RG,6300,1,D,PD,CC,D
14:40:29,INDF,RG,6300,1,D,PD,CC,D
14:40:29,INDF,RG,6300,2,D,PD,CC,D
14:40:29,INDF,RG,6300,1,D,PD,CC,D
14:40:29,INDF,RG,6300,16,D,CC,CC,D
14:40:29,INDF,RG,6300,126,F,AK,CC,D
14:40:29,INDF,RG,6300,2,D,PD,CC,D
14:40:29,INDF,RG,6300,2,D,OD,CC,D
14:40:29,INDF,RG,6300,1,D,PD,CC,D
14:40:29,INDF,RG,6300,7,D,AG,CC,D
14:40:29,INDF,RG,6300,1,D,YU,CC,D
14:40:29,INDF,RG,6300,1,D,GR,CC,D
14:40:29,INDF,RG,6300,1,D,DR,CC,D
14:40:29,INDF,RG,6300,5,D,PD,CC,D
14:40:29,INDF,RG,6300,1,D,PD,CC,D
14:40:29,INDF,RG,6300,50,D,AZ,CC,D
14:40:29,INDF,RG,6300,7,D,EP,CC,D
14:40:29,INDF,RG,6300,5,D,ZP,CC,D
14:40:29,INDF,RG,6300,25,D,GR,CC,D
14:40:29,INDF,RG,6300,1,D,RG,CC,D
14:40:29,INDF,RG,6300,1,D,DR,CC,D
14:40:29,INDF,RG,6300,5,D,TP,CC,D
14:40:29,INDF,RG,6300,5,D,DR,CC,D
14:40:29,INDF,RG,6300,4,D,CC,CC,D
14:40:29,INDF,RG,6300,11,F,PD,CC,D
14:40:29,INDF,RG,6300,1,D,NI,CC,D
14:40:29,INDF,RG,6300,1,D,YP,CC,D
14:40:29,INDF,RG,6300,1,D,YP,CC,D
14:40:29,INDF,RG,6300,1,D,YP,CC,D
14:40:29,INDF,RG,6300,1,D,XC,CC,D
14:40:29,INDF,RG,6300,5,D,KK,CC,D
14:40:29,INDF,RG,6300,10,D,PD,CC,D
14:40:29,INDF,RG,6300,4,D,YP,CC,D
14:40:29,INDF,RG,6300,10,D,GR,CC,D
14:40:29,INDF,RG,6300,20,D,CC,CC,D
14:40:29,INDF,RG,6300,64,D,YP,CC,D
14:40:27,INDF,RG,6325,32,F,ZP,DX,F
14:40:27,INDF,RG,6325,21,F,ZP,SQ,D
14:40:26,INDF,RG,6300,500,D,YP,ZP,F
14:40:23,INDF,RG,6325,37,F,ZP,SQ,D
14:40:20,INDF,RG,6300,300,D,YP,ZP,F
14:40:19,INDF,RG,6325,1,F,ZP,SQ,D
14:40:16,INDF,RG,6300,12,D,YP,YP,D
14:40:15,INDF,RG,6325,35,F,AK,SQ,D
14:40:13,INDF,RG,6300,177,D,YP,CS,D
14:40:11,INDF,RG,6325,15,F,ZP,SQ,D
14:40:05,INDF,RG,6325,318,F,AK,SQ,D
14:40:04,INDF,RG,6300,20,D,YP,DX,F
14:40:00,INDF,RG,6300,2,D,YP,ZP,F
14:40:00,INDF,RG,6325,4,F,ZP,SQ,D
14:40:00,INDF,RG,6325,11,F,BK,SQ,D
14:40:00,INDF,RG,6300,18,D,YP,YU,F
14:39:54,INDF,RG,6300,10,D,YP,BK,F
14:39:54,INDF,RG,6325,4,F,CS,SQ,D
14:39:38,INDF,RG,6300,15,D,YP,DX,F
14:39:24,INDF,RG,6325,10,F,BK,SQ,D
14:39:17,INDF,RG,6300,2,D,YP,ZP,F
14:39:17,INDF,RG,6325,26,F,ZP,SQ,D
14:39:17,INDF,RG,6325,3,F,ZP,SQ,D
14:39:13,INDF,RG,6325,2,F,CS,SQ,D
14:38:52,INDF,RG,6325,11,F,BK,SQ,D
14:38:45,INDF,RG,6325,1,F,AK,SQ,D
14:38:43,INDF,RG,6300,2,D,YP,ZP,F
14:38:27,INDF,RG,6325,10,D,KK,SQ,D
14:38:25,INDF,RG,6325,19,F,CS,SQ,D
14:38:14,INDF,RG,6325,1,D,PD,SQ,D
14:38:12,INDF,RG,6325,11,F,BK,SQ,D
14:38:05,INDF,RG,6325,20,D,SH,SQ,D
14:38:03,INDF,RG,6325,10,D,YP,SQ,D
14:37:51,INDF,RG,6325,1,D,YP,SQ,D
14:37:49,INDF,RG,6300,128,D,YP,CS,D
14:37:49,INDF,RG,6300,1,D,LG,CS,D
14:37:49,INDF,RG,6300,2,D,SQ,CS,D
14:37:49,INDF,RG,6300,5,D,CC,CS,D
14:37:49,INDF,RG,6300,5,D,PO,CS,D
14:37:49,INDF,RG,6300,5,D,KK,CS,D
14:37:49,INDF,RG,6300,10,D,CC,CS,D
14:37:49,INDF,RG,6300,2,D,CC,CS,D
14:37:49,INDF,RG,6300,1,D,CC,CS,D
14:37:49,INDF,RG,6300,10,D,YP,CS,D
14:37:49,INDF,RG,6300,4,D,YP,CS,D
14:37:49,INDF,RG,6300,1,D,XC,CS,D
14:37:49,INDF,RG,6300,1,D,PD,CS,D
14:37:49,INDF,RG,6300,1,D,DH,CS,D
14:37:49,INDF,RG,6300,3,D,XC,CS,D
14:37:49,INDF,RG,6300,1,D,CC,CS,D
14:37:49,INDF,RG,6300,1,D,NI,CS,D
14:37:41,INDF,RG,6300,1,D,XL,ZP,F
14:37:41,INDF,RG,6300,3,D,CC,ZP,F
14:37:41,INDF,RG,6325,33,F,ZP,SQ,D
14:37:41,INDF,RG,6325,60,F,ZP,SQ,D
14:37:41,INDF,RG,6325,5,F,ZP,SQ,D
14:37:39,INDF,RG,6325,2,F,CS,SQ,D
14:37:36,INDF,RG,6325,10,F,BK,SQ,D
14:37:11,INDF,RG,6300,10,D,CC,BK,F
14:36:58,INDF,RG,6300,12,D,CC,CC,D
14:36:58,INDF,RG,6300,7,D,XC,CC,D
14:36:58,INDF,RG,6300,2,D,YP,CC,D
14:36:58,INDF,RG,6300,19,F,KZ,CC,D
14:36:57,INDF,RG,6325,11,F,BK,SQ,D
14:36:31,INDF,RG,6300,1,F,KZ,ZP,F
14:36:24,INDF,RG,6325,10,F,BK,SQ,D
14:36:21,INDF,RG,6325,156,F,AK,SQ,D
14:36:20,INDF,RG,6325,42,F,ZP,SQ,D
14:36:19,INDF,RG,6325,100,F,KZ,SQ,D
14:36:19,INDF,RG,6325,15,F,KZ,DX,F
14:36:19,INDF,RG,6325,14,F,KZ,DX,F
14:36:19,INDF,RG,6325,19,F,KZ,YU,F
14:36:19,INDF,RG,6325,1,F,KZ,XC,D
14:36:19,INDF,RG,6325,4,F,KZ,CS,D
14:36:19,INDF,RG,6325,68,F,KZ,DX,F
14:36:19,INDF,RG,6325,39,F,KZ,CS,D
14:36:19,INDF,RG,6325,207,F,KZ,SQ,D
14:36:15,INDF,RG,6325,61,F,AK,SQ,D
14:36:14,INDF,RG,6325,1,D,PD,SQ,D
14:36:10,INDF,RG,6300,2,F,KZ,ZP,F
14:36:10,INDF,RG,6325,17,F,ZP,SQ,D
14:36:10,INDF,RG,6325,1,F,ZP,SQ,D
14:36:10,INDF,RG,6325,1,F,ZP,SQ,D
14:36:09,INDF,RG,6325,2,F,CS,SQ,D
14:35:58,INDF,RG,6325,4,F,CS,SQ,D
14:35:52,INDF,RG,6325,20,F,CS,SQ,D
14:35:49,INDF,RG,6300,2,F,KZ,XC,D
14:35:45,INDF,RG,6325,9,F,BK,SQ,D
14:35:45,INDF,RG,6325,1,F,AK,SQ,D
14:35:30,INDF,RG,6325,60,D,PD,SQ,D
14:35:25,INDF,RG,6325,3,F,ZP,SQ,D
14:35:24,INDF,RG,6325,55,F,ZP,SQ,D
14:35:21,INDF,RG,6300,6,F,KZ,ZP,F
14:35:20,INDF,RG,6325,83,F,AK,SQ,D
14:35:18,INDF,RG,6300,183,F,KZ,CS,D
14:35:13,INDF,RG,6325,25,F,ZP,SQ,D
14:35:06,INDF,RG,6325,10,F,BK,SQ,D
14:34:56,INDF,RG,6300,6,F,KZ,PD,D
14:34:30,INDF,RG,6325,26,F,AK,SQ,D
14:34:30,INDF,RG,6300,9,F,KZ,BK,F
14:34:30,INDF,RG,6325,2,F,CS,SQ,D
14:34:29,INDF,RG,6325,10,F,BK,SQ,D
14:34:06,INDF,RG,6325,24,F,ZP,SQ,D
14:34:06,INDF,RG,6325,44,F,ZP,SQ,D
14:34:06,INDF,RG,6300,73,F,KZ,SQ,D
14:34:05,INDF,RG,6325,10,D,SQ,SQ,D
14:33:49,INDF,RG,6325,10,F,BK,SQ,D
14:33:46,INDF,RG,6325,101,D,GR,SQ,D
14:33:46,INDF,RG,6325,16,D,GR,DX,F
14:33:46,INDF,RG,6325,43,D,GR,DX,F
14:33:29,INDF,RG,6325,13,F,KZ,DX,F
14:33:29,INDF,RG,6325,5,F,KZ,CS,D
14:33:29,INDF,RG,6325,9,F,KZ,YU,F
14:33:29,INDF,RG,6325,41,F,KZ,CS,D
14:33:29,INDF,RG,6325,2,F,KZ,AK,F
14:33:29,INDF,RG,6325,62,F,KZ,DX,F
14:33:29,INDF,RG,6325,2,F,KZ,AK,F
14:33:29,INDF,RG,6325,245,F,KZ,SQ,D
14:33:28,INDF,RG,6300,2,F,KZ,ZP,F
14:33:27,INDF,RG,6325,5,D,XC,SQ,D
14:33:24,INDF,RG,6325,100,D,CC,SQ,D
14:33:06,INDF,RG,6325,11,F,BK,SQ,D
14:32:52,INDF,RG,6325,3,F,ZP,SQ,D
14:32:45,INDF,RG,6325,50,F,AK,SQ,D
14:32:41,INDF,RG,6325,2,F,CS,SQ,D
14:32:36,INDF,RG,6325,21,F,CS,SQ,D
14:32:24,INDF,RG,6325,11,F,BK,SQ,D
14:32:17,INDF,RG,6300,2,F,KZ,ZP,F
14:32:17,INDF,RG,6325,26,F,ZP,SQ,D
14:32:16,INDF,RG,6300,177,F,KZ,CS,D
14:32:16,INDF,RG,6300,94,F,KZ,CS,D
14:32:06,INDF,RG,6325,26,F,AK,SQ,D
14:32:06,INDF,RG,6325,9,F,AK,YU,F
14:32:06,INDF,RG,6325,22,F,AK,DX,F
14:32:06,INDF,RG,6325,3,F,AK,AK,F
14:32:06,INDF,RG,6325,55,F,AK,DX,F
14:32:06,INDF,RG,6325,9,F,AK,CC,D
14:31:45,INDF,RG,6325,30,F,AK,CC,D
14:31:42,INDF,RG,6325,10,F,BK,CC,D
14:31:36,INDF,RG,6300,8,F,KZ,DX,F
14:31:30,INDF,RG,6325,1,F,AK,CC,D
14:31:24,INDF,RG,6300,2,F,KZ,ZP,F
14:31:09,INDF,RG,6300,10,F,KZ,BK,F
14:31:08,INDF,RG,6325,15,D,PD,CC,D
14:31:04,INDF,RG,6300,9,F,KZ,DX,F
14:31:00,INDF,RG,6325,10,F,BK,CC,D
14:30:57,INDF,RG,6300,1,F,KZ,XL,D
14:30:55,INDF,RG,6325,2,F,CS,CC,D
14:30:36,INDF,RG,6300,10,F,KZ,DX,F
14:30:19,INDF,RG,6300,2,F,KZ,ZP,F
14:30:18,INDF,RG,6300,382,F,KZ,SQ,D
14:30:18,INDF,RG,6300,15,D,NI,SQ,D
14:30:18,INDF,RG,6300,3,D,DH,SQ,D
14:30:18,INDF,RG,6300,1,D,ZP,SQ,D
14:30:18,INDF,RG,6300,1,D,PD,SQ,D
14:30:18,INDF,RG,6300,5,D,PD,SQ,D
14:30:18,INDF,RG,6300,1,D,XC,SQ,D
14:30:18,INDF,RG,6300,1,D,YP,SQ,D
14:30:18,INDF,RG,6300,1,D,YP,SQ,D
14:30:18,INDF,RG,6300,5,D,CC,SQ,D
14:30:18,INDF,RG,6300,5,D,NI,SQ,D
14:30:18,INDF,RG,6300,1,D,NI,SQ,D
14:30:18,INDF,RG,6300,10,D,YP,SQ,D
14:30:18,INDF,RG,6300,1,D,XC,SQ,D
14:30:18,INDF,RG,6300,3,D,XC,SQ,D
14:30:18,INDF,RG,6300,1,D,KK,SQ,D
14:30:18,INDF,RG,6300,15,D,XC,SQ,D
14:30:18,INDF,RG,6300,5,D,PD,SQ,D
14:30:18,INDF,RG,6300,44,D,AG,SQ,D
14:30:16,INDF,RG,6325,11,F,BK,CC,D
14:30:10,INDF,RG,6325,13,F,ZP,CC,D
14:29:38,INDF,RG,6300,2,D,AG,DX,F
14:29:38,INDF,RG,6300,1,D,XC,DX,F
14:29:38,INDF,RG,6300,1,D,CC,DX,F
14:29:38,INDF,RG,6300,2,D,YP,DX,F
14:29:38,INDF,RG,6300,4,D,DR,DX,F
14:29:35,INDF,RG,6325,10,F,BK,CC,D
14:29:21,INDF,RG,6325,5,D,XL,CC,D
14:29:20,INDF,RG,6325,34,F,CC,CC,D
14:29:20,INDF,RG,6325,16,F,CC,AK,F
14:29:13,INDF,RG,6325,1,F,CS,AK,F
14:29:11,INDF,RG,6325,17,F,ZP,AK,F
14:29:10,INDF,RG,6300,1,D,YP,CS,D
14:29:10,INDF,RG,6300,1,D,PD,CS,D
14:29:10,INDF,RG,6300,16,D,PD,CS,D
14:29:10,INDF,RG,6300,10,D,YP,CS,D
14:29:10,INDF,RG,6300,20,D,NI,CS,D
14:29:10,INDF,RG,6300,5,D,PD,CS,D
14:29:10,INDF,RG,6300,1,D,CC,CS,D
14:29:10,INDF,RG,6300,5,D,PD,CS,D
14:29:10,INDF,RG,6300,1,D,KK,CS,D
14:29:10,INDF,RG,6300,5,D,PD,CS,D
14:29:10,INDF,RG,6300,5,D,PD,CS,D
14:29:10,INDF,RG,6300,20,D,PD,CS,D
14:29:10,INDF,RG,6300,1,D,PD,CS,D
14:29:10,INDF,RG,6300,1,D,YP,CS,D
14:29:10,INDF,RG,6300,1,D,PD,CS,D
14:29:10,INDF,RG,6300,4,D,XC,CS,D
14:29:10,INDF,RG,6300,75,D,KK,CS,D
14:29:10,INDF,RG,6325,2,D,CC,AK,F
14:28:57,INDF,RG,6300,2,D,KK,ZP,F
14:28:50,INDF,RG,6325,10,F,BK,AK,F
14:28:43,INDF,RG,6325,2,F,CS,AK,F
14:28:40,INDF,RG,6300,13,D,KK,DX,F
14:28:02,INDF,RG,6325,11,F,BK,AK,F
14:27:59,INDF,RG,6325,10,D,CC,AK,F
14:27:55,INDF,RG,6300,3,D,KK,ZP,F
14:27:55,INDF,RG,6325,23,F,ZP,AK,F
14:27:54,INDF,RG,6325,898,F,KZ,AK,F
14:27:51,INDF,RG,6325,15,D,SQ,AK,F
14:27:41,INDF,RG,6300,7,D,KK,DX,F
14:27:41,INDF,RG,6300,1,D,PD,DX,F
14:27:41,INDF,RG,6300,4,D,SQ,DX,F
14:27:36,INDF,RG,6325,112,F,AK,AK,F
14:27:25,INDF,RG,6300,10,D,SQ,BK,F
14:27:17,INDF,RG,6325,1,D,YP,AK,F
14:27:09,INDF,RG,6325,11,F,BK,AK,F
14:27:08,INDF,RG,6300,9,D,SQ,DX,F
14:27:04,INDF,RG,6325,3,D,NI,AK,F
14:27:00,INDF,RG,6300,9,D,SQ,YU,F
14:27:00,INDF,RG,6300,2,D,AZ,YU,F
14:27:00,INDF,RG,6300,1,D,CC,YU,F
14:27:00,INDF,RG,6300,1,D,YP,YU,F
14:27:00,INDF,RG,6300,1,D,XL,YU,F
14:27:00,INDF,RG,6300,4,D,CC,YU,F
14:27:00,INDF,RG,6300,21,D,CC,YU,F
14:26:57,INDF,RG,6325,3,D,YP,AK,F
14:26:50,INDF,RG,6325,2,F,CS,AK,F
14:26:48,INDF,RG,6300,10,D,CC,BK,F
14:26:45,INDF,RG,6325,19,F,AK,AK,F
14:26:41,INDF,RG,6300,5,D,CC,CS,D
14:26:41,INDF,RG,6300,79,D,YP,CS,D
14:26:38,INDF,RG,6300,10,D,YP,DX,F
14:26:34,INDF,RG,6325,5,D,PD,AK,F
14:26:28,INDF,RG,6300,1,D,YP,ZP,F
14:26:27,INDF,RG,6325,100,D,CC,AK,F
14:26:22,INDF,RG,6325,11,F,BK,AK,F
14:26:18,INDF,RG,6300,1,D,YP,PD,D
14:26:08,INDF,RG,6325,10,D,EP,AK,F
14:25:56,INDF,RG,6300,1,D,YP,PD,D
14:25:44,INDF,RG,6300,157,D,YP,CS,D
14:25:33,INDF,RG,6325,10,F,BK,AK,F
14:25:12,INDF,RG,6325,2,D,AZ,AK,F
14:25:10,INDF,RG,6325,6,F,ZP,AK,F
14:25:10,INDF,RG,6325,3,F,ZP,SQ,D
14:24:59,INDF,RG,6300,3,D,YP,ZP,F
14:24:53,INDF,RG,6300,3,D,YP,DR,D
14:24:46,INDF,RG,6300,3,D,YP,YP,D
14:24:28,INDF,RG,6300,23,D,YP,AK,F
14:24:27,INDF,RG,6325,2,F,CS,SQ,D
14:24:15,INDF,RG,6325,18,F,AK,SQ,D
14:24:12,INDF,RG,6300,3,D,YP,DR,D
14:24:04,INDF,RG,6300,5,D,YP,DR,D
14:23:56,INDF,RG,6300,1,D,YP,DR,D
14:23:54,INDF,RG,6325,7,D,SQ,SQ,D
14:23:45,INDF,RG,6325,1,D,DH,SQ,D
14:23:30,INDF,RG,6325,44,F,AK,SQ,D
14:23:17,INDF,RG,6300,5,D,YP,DR,D
14:23:13,INDF,RG,6325,17,F,ZP,SQ,D
14:23:13,INDF,RG,6300,10,D,YP,BK,F
14:22:59,INDF,RG,6300,8,D,YP,PD,D
14:22:30,INDF,RG,6325,52,F,AK,SQ,D
14:22:18,INDF,RG,6300,4,D,YP,SQ,D
14:22:18,INDF,RG,6300,5,D,YP,SQ,D
14:22:18,INDF,RG,6300,20,D,YP,SQ,D
14:22:18,INDF,RG,6300,1,D,PD,SQ,D
14:22:18,INDF,RG,6300,1,D,NI,SQ,D
14:22:18,INDF,RG,6300,1,D,YP,SQ,D
14:22:18,INDF,RG,6300,3,D,DH,SQ,D
14:22:18,INDF,RG,6300,5,D,KK,SQ,D
14:22:18,INDF,RG,6300,1,D,PD,SQ,D
14:22:18,INDF,RG,6300,1,D,CC,SQ,D
14:22:18,INDF,RG,6300,1,D,PD,SQ,D
14:22:18,INDF,RG,6300,30,D,PD,SQ,D
14:22:18,INDF,RG,6300,5,D,CC,SQ,D
14:22:18,INDF,RG,6300,2,D,CC,SQ,D
14:22:18,INDF,RG,6300,1,D,NI,SQ,D
14:22:18,INDF,RG,6300,1,D,PD,SQ,D
14:22:18,INDF,RG,6300,3,D,YP,SQ,D
14:22:18,INDF,RG,6300,1,D,XC,SQ,D
14:22:18,INDF,RG,6300,2,D,PD,SQ,D
14:22:18,INDF,RG,6300,1,D,PD,SQ,D
14:22:18,INDF,RG,6300,2,D,CC,SQ,D
14:22:18,INDF,RG,6300,5,D,DH,SQ,D
14:22:18,INDF,RG,6300,50,D,CC,SQ,D
14:22:18,INDF,RG,6300,2,D,XC,SQ,D
14:22:18,INDF,RG,6300,25,D,GR,SQ,D
14:22:18,INDF,RG,6300,2,F,CS,SQ,D
14:22:18,INDF,RG,6300,10,D,NI,SQ,D
14:22:18,INDF,RG,6300,5,D,PD,SQ,D
14:22:18,INDF,RG,6300,1,D,CC,SQ,D
14:22:18,INDF,RG,6300,5,D,YP,SQ,D
14:22:18,INDF,RG,6300,2,D,CC,SQ,D
14:22:18,INDF,RG,6300,1,D,XC,SQ,D
14:22:18,INDF,RG,6300,100,D,CC,SQ,D
14:22:18,INDF,RG,6300,15,D,DH,SQ,D
14:22:18,INDF,RG,6300,2,D,YP,SQ,D
14:22:18,INDF,RG,6300,10,D,NI,SQ,D
14:22:18,INDF,RG,6300,10,D,AZ,SQ,D
14:22:18,INDF,RG,6300,10,D,CC,SQ,D
14:22:18,INDF,RG,6300,1,D,YP,SQ,D
14:22:18,INDF,RG,6300,80,D,PD,SQ,D
14:22:18,INDF,RG,6300,3,D,NI,SQ,D
14:22:18,INDF,RG,6300,10,D,NI,SQ,D
14:22:18,INDF,RG,6300,1,D,YP,SQ,D
14:22:18,INDF,RG,6300,5,D,LS,SQ,D
14:22:18,INDF,RG,6300,1,D,DH,SQ,D
14:22:18,INDF,RG,6300,6,D,YP,SQ,D
14:22:18,INDF,RG,6300,2,D,NI,SQ,D
14:22:18,INDF,RG,6300,2,D,NI,SQ,D
14:22:18,INDF,RG,6300,3,D,NI,SQ,D
14:22:18,INDF,RG,6300,5,D,SQ,SQ,D
14:22:18,INDF,RG,6300,26,D,CC,SQ,D
14:22:18,INDF,RG,6300,9,D,DR,SQ,D
14:22:10,INDF,RG,6300,162,D,DR,CS,D
14:21:45,INDF,RG,6300,4,D,DR,YP,D
14:21:43,INDF,RG,6325,2,F,CS,SQ,D
14:21:30,INDF,RG,6325,1,F,AK,CC,D
14:21:30,INDF,RG,6325,16,F,AK,CC,D
14:21:22,INDF,RG,6300,7,D,DR,PD,D
14:21:16,INDF,RG,6300,1,D,DR,DR,D
14:21:16,INDF,RG,6300,16,D,DR,BK,F
14:21:11,INDF,RG,6300,33,D,DR,BK,F
14:21:10,INDF,RG,6300,3,D,DR,ZP,F
14:21:09,INDF,RG,6300,161,D,DR,SQ,D
14:21:09,INDF,RG,6300,1,D,XC,SQ,D
14:21:09,INDF,RG,6300,1,D,CC,SQ,D
14:21:09,INDF,RG,6300,50,D,CC,SQ,D
14:21:09,INDF,RG,6300,1,D,YP,SQ,D
14:21:09,INDF,RG,6300,10,D,DR,SQ,D
14:21:09,INDF,RG,6300,3,D,NI,SQ,D
14:21:09,INDF,RG,6300,10,D,YP,SQ,D
14:21:09,INDF,RG,6300,2,D,YP,SQ,D
14:21:09,INDF,RG,6300,20,D,LS,SQ,D
14:21:09,INDF,RG,6300,1,D,AT,SQ,D
14:21:09,INDF,RG,6300,1,D,GR,SQ,D
14:21:09,INDF,RG,6300,5,D,NI,SQ,D
14:21:09,INDF,RG,6300,1,D,XL,SQ,D
14:21:09,INDF,RG,6300,1,D,XL,SQ,D
14:21:09,INDF,RG,6300,4,D,XL,SQ,D
14:21:09,INDF,RG,6300,30,D,AO,SQ,D
14:21:09,INDF,RG,6300,10,D,NI,SQ,D
14:21:09,INDF,RG,6300,1,D,KK,SQ,D
14:21:09,INDF,RG,6300,1,D,NI,SQ,D
14:21:09,INDF,RG,6300,15,D,YP,SQ,D
14:21:09,INDF,RG,6300,2,D,PD,SQ,D
14:21:09,INDF,RG,6300,50,D,CC,SQ,D
14:21:09,INDF,RG,6300,1,D,SQ,SQ,D
14:21:09,INDF,RG,6300,5,D,XC,SQ,D
14:21:09,INDF,RG,6300,1,D,DH,SQ,D
14:21:09,INDF,RG,6300,8,D,YP,SQ,D
14:21:09,INDF,RG,6300,23,D,PD,SQ,D
14:21:09,INDF,RG,6300,5,D,ZP,SQ,D
14:21:09,INDF,RG,6300,1,D,YP,SQ,D
14:21:09,INDF,RG,6300,1,D,KK,SQ,D
14:21:09,INDF,RG,6300,1,D,PD,SQ,D
14:21:09,INDF,RG,6300,27,D,XC,SQ,D
14:21:09,INDF,RG,6300,1,D,CC,SQ,D
14:21:09,INDF,RG,6300,1,D,NI,SQ,D
14:21:09,INDF,RG,6300,1,D,PD,SQ,D
14:21:09,INDF,RG,6300,1,D,XC,SQ,D
14:21:09,INDF,RG,6300,16,D,YP,SQ,D
14:21:09,INDF,RG,6300,25,D,AI,SQ,D
14:21:09,INDF,RG,6300,1,D,CC,SQ,D
14:20:53,INDF,RG,6300,28,D,CC,OD,D
14:20:48,INDF,RG,6300,16,D,CC,XL,D
14:20:38,INDF,RG,6300,55,D,CC,CS,D
14:20:38,INDF,RG,6300,32,D,AO,CS,D
14:20:10,INDF,RG,6325,14,F,ZP,CC,D
14:19:45,INDF,RG,6325,49,F,AK,CC,D
14:19:16,INDF,RG,6325,44,D,SQ,CC,D
14:19:16,INDF,RG,6325,1,D,SQ,YP,D
14:19:16,INDF,RG,6325,5,D,SQ,DX,F
14:19:00,INDF,RG,6325,15,F,AK,DX,F
14:18:59,INDF,RG,6300,9,D,AO,BK,F
14:18:57,INDF,RG,6325,2,D,LG,DX,F
14:18:57,INDF,RG,6300,73,D,AO,SQ,D
14:18:52,INDF,RG,6300,3,D,AO,SQ,D
14:18:51,INDF,RG,6300,16,D,AO,ZP,F
14:18:50,INDF,RG,6300,67,D,AO,SQ,D
14:18:50,INDF,RG,6300,2,D,BQ,SQ,D
14:18:50,INDF,RG,6300,1,D,XC,SQ,D
14:18:50,INDF,RG,6300,2,D,CC,SQ,D
14:18:50,INDF,RG,6300,1,D,PD,SQ,D
14:18:47,INDF,RG,6300,6,D,DH,ZP,F
14:18:47,INDF,RG,6300,10,D,XL,ZP,F
14:18:47,INDF,RG,6300,1,D,XC,ZP,F
14:18:47,INDF,RG,6300,1,D,PD,ZP,F
14:18:47,INDF,RG,6300,2,D,NI,ZP,F
14:18:47,INDF,RG,6300,15,D,PD,ZP,F
14:18:47,INDF,RG,6300,1,D,LG,ZP,F
14:18:47,INDF,RG,6300,2,D,YP,ZP,F
14:18:47,INDF,RG,6300,1,D,YP,ZP,F
14:18:47,INDF,RG,6300,2,D,CC,ZP,F
14:18:47,INDF,RG,6300,3,D,XC,ZP,F
14:18:47,INDF,RG,6300,1,D,NI,ZP,F
14:18:47,INDF,RG,6300,5,D,PD,ZP,F
14:18:47,INDF,RG,6300,3,D,PD,ZP,F
14:18:47,INDF,RG,6300,2,D,CC,ZP,F
14:18:47,INDF,RG,6300,10,D,NI,ZP,F
14:18:47,INDF,RG,6300,1,D,CP,ZP,F
14:18:47,INDF,RG,6300,5,D,PD,ZP,F
14:18:47,INDF,RG,6300,5,D,GR,ZP,F
14:18:47,INDF,RG,6300,1,D,YP,ZP,F
14:18:46,INDF,RG,6300,299,D,YP,BK,F
14:18:46,INDF,RG,6300,19,F,ZP,BK,F
14:18:46,INDF,RG,6300,1,D,CC,BK,F
14:18:46,INDF,RG,6300,26,D,FZ,BK,F
14:18:45,INDF,RG,6300,2,D,FZ,ZP,F
14:18:44,INDF,RG,6300,122,D,FZ,ZP,F
14:18:44,INDF,RG,6300,3,D,NI,ZP,F
14:18:44,INDF,RG,6300,5,D,XC,ZP,F
14:18:44,INDF,RG,6300,1,D,PD,ZP,F
14:18:44,INDF,RG,6300,4,D,SQ,ZP,F
14:18:44,INDF,RG,6300,5,D,YP,ZP,F
14:18:44,INDF,RG,6300,20,D,SH,ZP,F
14:18:44,INDF,RG,6300,2,D,PD,ZP,F
14:18:44,INDF,RG,6300,2,D,XC,ZP,F
14:18:44,INDF,RG,6300,5,D,XC,ZP,F
14:18:44,INDF,RG,6300,5,D,TP,ZP,F
14:18:44,INDF,RG,6300,1,D,CC,ZP,F
14:18:44,INDF,RG,6300,1,D,PD,ZP,F
14:18:44,INDF,RG,6300,8,D,YP,ZP,F
14:18:44,INDF,RG,6300,10,F,KK,ZP,F
14:18:44,INDF,RG,6300,5,D,FS,ZP,F
14:18:44,INDF,RG,6300,30,D,CC,ZP,F
14:18:44,INDF,RG,6300,10,D,YP,ZP,F
14:18:44,INDF,RG,6300,5,D,PD,ZP,F
14:18:44,INDF,RG,6300,7,D,YP,ZP,F
14:18:44,INDF,RG,6300,2,D,KK,ZP,F
14:18:44,INDF,RG,6300,2,D,CC,ZP,F
14:18:44,INDF,RG,6300,20,D,AT,ZP,F
14:18:44,INDF,RG,6300,2,D,OD,ZP,F
14:18:44,INDF,RG,6300,1,D,PD,ZP,F
14:18:44,INDF,RG,6300,3,D,OD,ZP,F
14:18:44,INDF,RG,6300,1,D,XC,ZP,F
14:18:44,INDF,RG,6300,1,D,PD,ZP,F
14:18:44,INDF,RG,6300,1,D,YP,ZP,F
14:18:44,INDF,RG,6300,1,D,PD,ZP,F
14:18:44,INDF,RG,6300,2,D,CC,ZP,F
14:18:44,INDF,RG,6300,2,D,YP,ZP,F
14:18:44,INDF,RG,6300,1,D,YP,ZP,F
14:18:44,INDF,RG,6300,1,D,PD,ZP,F
14:18:44,INDF,RG,6300,1,D,PD,ZP,F
14:18:44,INDF,RG,6300,2,D,PD,ZP,F
14:18:44,INDF,RG,6300,1,D,CC,ZP,F
14:18:44,INDF,RG,6300,5,D,YP,ZP,F
14:18:44,INDF,RG,6300,5,D,XA,ZP,F
14:18:44,INDF,RG,6300,1,D,CP,ZP,F
14:18:44,INDF,RG,6300,7,F,CS,ZP,F
14:18:44,INDF,RG,6300,2,D,PD,ZP,F
14:18:44,INDF,RG,6300,5,D,XA,ZP,F
14:18:44,INDF,RG,6300,25,D,KK,ZP,F
14:18:44,INDF,RG,6300,10,D,KK,ZP,F
14:18:44,INDF,RG,6300,500,D,YP,ZP,F
14:18:44,INDF,RG,6300,11,D,PD,ZP,F
14:18:44,INDF,RG,6300,1,D,CC,ZP,F
14:18:44,INDF,RG,6300,25,D,KK,ZP,F
14:18:44,INDF,RG,6300,10,D,YP,ZP,F
14:18:44,INDF,RG,6300,100,D,CC,ZP,F
14:18:44,INDF,RG,6300,3,F,CS,ZP,F
14:18:44,INDF,RG,6300,2,D,YP,ZP,F
14:18:44,INDF,RG,6300,1,D,CC,ZP,F
14:18:44,INDF,RG,6300,1,D,AT,ZP,F
14:18:44,INDF,RG,6300,1,D,PD,ZP,F
14:18:44,INDF,RG,6300,1,F,CS,ZP,F
14:18:44,INDF,RG,6300,6,F,CS,ZP,F
14:18:44,INDF,RG,6300,30,D,PD,ZP,F
14:18:44,INDF,RG,6300,50,D,PD,ZP,F
14:18:44,INDF,RG,6300,3,D,PD,ZP,F
14:18:44,INDF,RG,6300,5,D,NI,ZP,F
14:18:44,INDF,RG,6300,1,D,PD,ZP,F
14:18:44,INDF,RG,6300,1,F,CS,ZP,F
14:18:44,INDF,RG,6300,5,D,PD,ZP,F
14:18:44,INDF,RG,6300,5,F,CS,ZP,F
14:18:44,INDF,RG,6300,50,D,SQ,ZP,F
14:18:44,INDF,RG,6300,1,D,XC,ZP,F
14:18:44,INDF,RG,6300,2,D,PD,ZP,F
14:18:44,INDF,RG,6300,3,F,CS,ZP,F
14:18:44,INDF,RG,6300,2,D,XC,ZP,F
14:18:44,INDF,RG,6300,1,D,PD,ZP,F
14:18:44,INDF,RG,6300,1,D,NI,ZP,F
14:18:44,INDF,RG,6300,7,F,CS,ZP,F
14:18:44,INDF,RG,6300,80,F,BK,ZP,F
14:18:44,INDF,RG,6300,1,D,XL,ZP,F
14:18:44,INDF,RG,6300,1,D,PD,ZP,F
14:18:44,INDF,RG,6300,1,D,YP,ZP,F
14:18:44,INDF,RG,6300,3,D,PD,ZP,F
14:18:44,INDF,RG,6300,1,D,CP,ZP,F
14:18:44,INDF,RG,6300,10,D,YP,ZP,F
14:18:44,INDF,RG,6300,3,D,PD,ZP,F
14:18:44,INDF,RG,6300,5,F,CS,ZP,F
14:18:44,INDF,RG,6300,1,D,XC,ZP,F
14:18:44,INDF,RG,6300,5,D,PD,ZP,F
14:18:44,INDF,RG,6300,4,D,ZP,ZP,F
14:18:44,INDF,RG,6300,1,F,CS,ZP,F
14:18:44,INDF,RG,6300,10,D,XC,ZP,F
14:18:44,INDF,RG,6300,1,D,CC,ZP,F
14:18:44,INDF,RG,6300,2,D,PD,ZP,F
14:18:44,INDF,RG,6300,1,D,PD,ZP,F
14:18:44,INDF,RG,6300,1,D,SQ,ZP,F
14:18:44,INDF,RG,6300,10,D,DH,ZP,F
14:18:44,INDF,RG,6300,29,D,XL,ZP,F
14:18:44,INDF,RG,6300,6,F,CS,ZP,F
14:18:44,INDF,RG,6300,10,D,YP,ZP,F
14:18:44,INDF,RG,6300,1,D,PD,ZP,F
14:18:44,INDF,RG,6300,1,D,PD,ZP,F
14:18:44,INDF,RG,6300,1,D,NI,ZP,F
14:18:44,INDF,RG,6300,5,D,XC,ZP,F
14:18:44,INDF,RG,6300,2,D,NI,ZP,F
14:18:44,INDF,RG,6300,10,F,CS,ZP,F
14:18:44,INDF,RG,6300,50,D,PD,ZP,F
14:18:44,INDF,RG,6300,5,D,XC,ZP,F
14:18:44,INDF,RG,6300,1,D,CC,ZP,F
14:18:44,INDF,RG,6300,5,D,PD,ZP,F
14:18:44,INDF,RG,6300,1,F,CS,ZP,F
14:18:44,INDF,RG,6300,5,D,SQ,ZP,F
14:18:44,INDF,RG,6300,2,D,EP,ZP,F
14:18:44,INDF,RG,6300,10,D,GR,ZP,F
14:18:44,INDF,RG,6300,1,D,PD,ZP,F
14:18:44,INDF,RG,6300,10,D,XC,ZP,F
14:18:44,INDF,RG,6300,25,D,KK,ZP,F
14:18:44,INDF,RG,6300,5,D,YP,ZP,F
14:18:44,INDF,RG,6300,5,D,RG,ZP,F
14:18:44,INDF,RG,6300,100,D,YP,ZP,F
14:18:44,INDF,RG,6300,100,D,YP,ZP,F
14:18:44,INDF,RG,6300,10,D,CC,ZP,F
14:18:44,INDF,RG,6300,10,D,YP,ZP,F
14:18:44,INDF,RG,6300,2,D,YP,ZP,F
14:18:44,INDF,RG,6300,5,D,CC,ZP,F
14:18:44,INDF,RG,6300,1,F,CS,ZP,F
14:18:44,INDF,RG,6300,1,D,XC,ZP,F
14:18:44,INDF,RG,6300,10,D,YP,ZP,F
14:18:44,INDF,RG,6300,16,D,AI,ZP,F
14:18:44,INDF,RG,6300,1,D,NI,ZP,F
14:18:44,INDF,RG,6300,2,D,YP,ZP,F
14:18:44,INDF,RG,6300,10,D,OD,ZP,F
14:18:44,INDF,RG,6300,1,D,PD,ZP,F
14:18:44,INDF,RG,6300,1,D,GR,ZP,F
14:18:44,INDF,RG,6300,20,D,CC,ZP,F
14:18:44,INDF,RG,6300,10,D,NI,ZP,F
14:18:44,INDF,RG,6300,1,D,NI,ZP,F
14:18:44,INDF,RG,6300,40,D,GR,ZP,F
14:18:44,INDF,RG,6300,261,D,NI,ZP,F
14:18:41,INDF,RG,6300,200,D,NI,SQ,D
14:18:29,INDF,RG,6325,33,F,KZ,DX,F
14:18:29,INDF,RG,6325,20,F,KZ,YP,D
14:18:29,INDF,RG,6325,1,F,KZ,CC,D
14:18:29,INDF,RG,6325,9,F,KZ,YU,F
14:18:29,INDF,RG,6325,99,F,KZ,DX,F
14:18:29,INDF,RG,6325,6,F,KZ,XC,D
14:18:29,INDF,RG,6325,4,F,KZ,AK,F
14:18:29,INDF,RG,6325,8,F,KZ,YU,F
14:18:29,INDF,RG,6325,1,F,KZ,XC,D
14:18:29,INDF,RG,6325,279,F,KZ,BK,F
14:18:28,INDF,RG,6300,383,D,NI,CC,D
14:18:25,INDF,RG,6300,31,D,NI,BK,F
14:18:22,INDF,RG,6300,155,D,NI,BK,F
14:18:21,INDF,RG,6300,13,D,NI,DX,F
14:18:19,INDF,RG,6300,57,D,NI,ZP,F
14:18:19,INDF,RG,6300,1,D,CC,ZP,F
14:18:19,INDF,RG,6300,1,D,DH,ZP,F
14:18:19,INDF,RG,6300,1,D,XC,ZP,F
14:18:19,INDF,RG,6300,79,D,YP,ZP,F
14:18:19,INDF,RG,6300,1,D,XC,ZP,F
14:18:19,INDF,RG,6300,200,D,TP,ZP,F
14:18:19,INDF,RG,6300,2,D,PD,ZP,F
14:18:19,INDF,RG,6300,2,D,KK,ZP,F
14:18:19,INDF,RG,6300,1,D,XC,ZP,F
14:18:19,INDF,RG,6300,3,D,YP,ZP,F
14:18:19,INDF,RG,6300,3,D,XC,ZP,F
14:18:19,INDF,RG,6300,1,D,XC,ZP,F
14:18:19,INDF,RG,6300,1,F,CS,ZP,F
14:18:19,INDF,RG,6300,1,D,YP,ZP,F
14:18:19,INDF,RG,6300,1,D,XC,ZP,F
14:18:19,INDF,RG,6300,1,D,PD,ZP,F
14:18:19,INDF,RG,6300,1,D,CP,ZP,F
14:18:19,INDF,RG,6300,10,D,YP,ZP,F
14:18:19,INDF,RG,6300,2,D,LS,ZP,F
14:18:19,INDF,RG,6300,10,D,PD,ZP,F
14:18:19,INDF,RG,6300,1,D,OD,ZP,F
14:18:19,INDF,RG,6300,1,D,PD,ZP,F
14:18:19,INDF,RG,6300,1,D,SQ,ZP,F
14:18:19,INDF,RG,6300,1,D,CC,ZP,F
14:18:19,INDF,RG,6300,2,D,PD,ZP,F
14:18:19,INDF,RG,6300,1,D,OD,ZP,F
14:18:19,INDF,RG,6300,10,D,PD,ZP,F
14:18:19,INDF,RG,6300,2,D,SQ,ZP,F
14:18:19,INDF,RG,6300,5,D,PD,ZP,F
14:18:19,INDF,RG,6300,1,D,PD,ZP,F
14:18:19,INDF,RG,6300,1,D,YP,ZP,F
14:18:19,INDF,RG,6300,10,D,LG,ZP,F
14:18:19,INDF,RG,6300,1,D,PD,ZP,F
14:18:19,INDF,RG,6300,1,D,CC,ZP,F
14:18:19,INDF,RG,6300,10,D,GR,ZP,F
14:18:19,INDF,RG,6300,31,D,GR,ZP,F
14:18:19,INDF,RG,6300,1,F,CS,ZP,F
14:18:19,INDF,RG,6300,25,D,ZP,ZP,F
14:18:19,INDF,RG,6300,20,D,PD,ZP,F
14:18:19,INDF,RG,6300,2,D,YP,ZP,F
14:18:19,INDF,RG,6300,1,D,NI,ZP,F
14:18:19,INDF,RG,6300,24,D,XL,ZP,F
14:18:19,INDF,RG,6300,1,D,XC,ZP,F
14:18:19,INDF,RG,6300,1,D,KK,ZP,F
14:18:19,INDF,RG,6300,1,D,CC,ZP,F
14:18:19,INDF,RG,6300,2,D,DH,ZP,F
14:18:19,INDF,RG,6300,1,D,PD,ZP,F
14:18:19,INDF,RG,6300,1,D,AT,ZP,F
14:18:19,INDF,RG,6300,2,D,PD,ZP,F
14:18:19,INDF,RG,6300,100,D,CC,ZP,F
14:18:19,INDF,RG,6300,1,F,CS,ZP,F
14:18:19,INDF,RG,6300,1,D,NI,ZP,F
14:18:19,INDF,RG,6300,5,D,CC,ZP,F
14:18:19,INDF,RG,6300,1,D,PD,ZP,F
14:18:19,INDF,RG,6300,6,D,YP,ZP,F
14:18:19,INDF,RG,6300,1,D,SQ,ZP,F
14:18:19,INDF,RG,6300,1,D,PD,ZP,F
14:18:19,INDF,RG,6300,1,D,YP,ZP,F
14:18:19,INDF,RG,6300,50,D,DH,ZP,F
14:18:19,INDF,RG,6300,1,D,KK,ZP,F
14:18:19,INDF,RG,6300,5,D,PD,ZP,F
14:18:19,INDF,RG,6300,3,D,CP,ZP,F
14:18:19,INDF,RG,6300,5,D,YP,ZP,F
14:18:19,INDF,RG,6300,100,D,TP,ZP,F
14:18:19,INDF,RG,6300,10,D,EP,ZP,F
14:18:19,INDF,RG,6300,1,D,PD,ZP,F
14:18:19,INDF,RG,6300,25,D,KK,ZP,F
14:18:19,INDF,RG,6300,1,D,XC,ZP,F
14:18:19,INDF,RG,6300,1,D,KK,ZP,F
14:18:19,INDF,RG,6300,1,D,XC,ZP,F
14:18:19,INDF,RG,6300,1,D,YP,ZP,F
14:18:19,INDF,RG,6300,1,D,GR,ZP,F
14:18:19,INDF,RG,6300,10,D,GR,ZP,F
14:18:19,INDF,RG,6300,1,F,CS,ZP,F
14:18:19,INDF,RG,6300,10,D,SQ,ZP,F
14:18:19,INDF,RG,6300,1,D,XL,ZP,F
14:18:19,INDF,RG,6300,2,D,DX,ZP,F
14:18:19,INDF,RG,6300,17,D,NI,ZP,F
14:18:19,INDF,RG,6300,1,D,XC,ZP,F
14:18:19,INDF,RG,6300,1,D,PD,ZP,F
14:18:19,INDF,RG,6300,3,D,YP,ZP,F
14:18:19,INDF,RG,6300,92,D,YP,ZP,F
14:18:10,INDF,RG,6300,8,D,YP,ZP,F
14:18:10,INDF,RG,6300,5,D,PD,ZP,F
14:18:10,INDF,RG,6300,1,D,NI,ZP,F
14:18:10,INDF,RG,6300,1,D,XC,ZP,F
14:18:10,INDF,RG,6300,1,D,CC,ZP,F
14:18:10,INDF,RG,6300,25,D,YP,ZP,F
14:18:10,INDF,RG,6300,1,D,DR,ZP,F
14:18:10,INDF,RG,6300,15,D,NI,ZP,F
14:18:10,INDF,RG,6300,1,D,YB,ZP,F
14:18:10,INDF,RG,6300,3,D,NI,ZP,F
14:18:10,INDF,RG,6300,1,F,CS,ZP,F
14:18:10,INDF,RG,6300,1,D,LS,ZP,F
14:18:10,INDF,RG,6300,1,D,AZ,ZP,F
14:18:10,INDF,RG,6300,1,D,YP,ZP,F
14:18:10,INDF,RG,6300,1,D,CC,ZP,F
14:18:10,INDF,RG,6300,1,D,XC,ZP,F
14:18:10,INDF,RG,6300,1,D,DH,ZP,F
14:18:10,INDF,RG,6300,1,D,PD,ZP,F
14:18:10,INDF,RG,6300,1,D,KK,ZP,F
14:18:10,INDF,RG,6300,1,D,PD,ZP,F
14:18:10,INDF,RG,6300,10,D,GR,ZP,F
14:18:10,INDF,RG,6300,10,D,LG,ZP,F
14:18:10,INDF,RG,6300,2,D,XC,ZP,F
14:18:10,INDF,RG,6300,5,D,PD,ZP,F
14:18:10,INDF,RG,6300,20,D,CC,ZP,F
14:18:10,INDF,RG,6300,13,F,ZP,ZP,F
14:18:10,INDF,RG,6300,8,D,NI,ZP,F
14:18:10,INDF,RG,6300,17,D,CC,ZP,F
14:18:10,INDF,RG,6300,200,D,YP,ZP,F
14:18:10,INDF,RG,6300,5,D,CC,ZP,F
14:18:10,INDF,RG,6300,1,D,XC,ZP,F
14:18:10,INDF,RG,6300,10,D,CC,ZP,F
14:18:10,INDF,RG,6300,25,D,PD,ZP,F
14:18:10,INDF,RG,6300,1,D,PD,ZP,F
14:18:10,INDF,RG,6300,50,D,KK,ZP,F
14:18:10,INDF,RG,6300,10,D,MU,ZP,F
14:18:10,INDF,RG,6300,20,D,NI,ZP,F
14:18:10,INDF,RG,6300,1,D,CC,ZP,F
14:18:10,INDF,RG,6300,1,D,YP,ZP,F
14:18:10,INDF,RG,6300,1,D,XC,ZP,F
14:18:10,INDF,RG,6300,2,D,PD,ZP,F
14:18:10,INDF,RG,6300,17,D,DH,ZP,F
14:18:04,INDF,RG,6300,83,D,DH,CS,D
14:18:04,INDF,RG,6300,50,D,CC,CS,D
14:18:04,INDF,RG,6300,24,D,DH,CS,D
14:17:48,INDF,RG,6325,16,F,ZP,BK,F
14:17:48,INDF,RG,6325,3,F,ZP,BK,F
14:17:46,INDF,RG,6300,11,D,DH,DX,F
14:17:30,INDF,RG,6325,46,F,AK,BK,F
14:17:22,INDF,RG,6325,16,F,BK,BK,F
14:17:17,INDF,RG,6300,5,D,DH,CC,D
14:16:47,INDF,RG,6300,12,D,DH,DX,F
14:16:40,INDF,RG,6300,11,D,DH,DX,F
14:16:30,INDF,RG,6325,22,F,AK,BK,F
14:16:24,INDF,RG,6325,21,F,CS,BK,F
14:16:20,INDF,RG,6325,4,F,CS,BK,F
14:16:14,INDF,RG,6300,11,D,DH,DX,F
14:16:07,INDF,RG,6325,8,F,BK,BK,F
14:16:07,INDF,RG,6325,3,F,BK,PD,D
14:16:07,INDF,RG,6325,1,F,BK,AZ,D
14:16:07,INDF,RG,6325,2,F,BK,CC,D
14:16:00,INDF,RG,6300,4,D,DH,AK,F
14:16:00,INDF,RG,6300,21,D,DH,YU,F
14:15:45,INDF,RG,6325,42,F,AK,CC,D
14:15:44,INDF,RG,6325,5,D,SQ,CC,D
14:15:30,INDF,RG,6325,9,F,AK,CC,D
14:15:24,INDF,RG,6325,1,F,ZP,CC,D
14:15:22,INDF,RG,6300,1,D,DH,RX,F
14:15:22,INDF,RG,6300,2,D,YP,RX,F
14:15:22,INDF,RG,6300,40,D,CC,RX,F
14:15:18,INDF,RG,6300,12,D,CC,DX,F
14:15:15,INDF,RG,6325,10,F,ZP,CC,D
14:15:11,INDF,RG,6300,1,D,CC,DR,D
14:15:10,INDF,RG,6300,13,D,CC,BK,F
14:15:05,INDF,RG,6300,20,D,CC,BK,F
14:15:02,INDF,RG,6300,94,D,CC,CC,D
14:15:02,INDF,RG,6300,1,D,NI,CC,D
14:15:02,INDF,RG,6300,10,D,CC,CC,D
14:15:02,INDF,RG,6300,6,D,SQ,CC,D
14:15:02,INDF,RG,6300,1,D,PD,CC,D
14:15:02,INDF,RG,6300,1,D,NI,CC,D
14:15:02,INDF,RG,6300,1,D,YP,CC,D
14:15:02,INDF,RG,6300,1,D,CC,CC,D
14:15:02,INDF,RG,6300,1,D,XC,CC,D
14:15:02,INDF,RG,6300,8,D,XC,CC,D
14:14:56,INDF,RG,6300,1,D,XC,DR,D
14:14:45,INDF,RG,6325,1,D,NI,CC,D
14:14:33,INDF,RG,6300,10,D,XC,RX,F
14:14:30,INDF,RG,6300,13,D,XC,BK,F
14:14:30,INDF,RG,6300,1,D,YP,BK,F
14:14:30,INDF,RG,6300,6,F,ZP,BK,F
14:14:30,INDF,RG,6300,4,F,ZP,RX,F
14:14:29,INDF,RG,6300,19,F,ZP,RX,F
14:14:27,INDF,RG,6300,10,F,ZP,BK,F
14:14:25,INDF,RG,6300,24,F,ZP,CC,D
14:14:25,INDF,RG,6300,4,F,ZP,RX,F
14:14:24,INDF,RG,6300,15,F,ZP,BK,F
14:14:24,INDF,RG,6300,7,F,ZP,RX,F
14:14:23,INDF,RG,6300,9,F,ZP,BK,F
14:14:23,INDF,RG,6300,37,F,ZP,RX,F
14:14:22,INDF,RG,6300,10,F,ZP,RX,F
14:14:22,INDF,RG,6300,15,F,ZP,BK,F
14:14:21,INDF,RG,6325,79,D,CD,CC,D
14:14:17,INDF,RG,6300,6,F,ZP,RX,F
14:14:16,INDF,RG,6300,1,F,ZP,BK,F
14:14:16,INDF,RG,6300,1,D,NI,BK,F
14:14:16,INDF,RG,6300,1,D,CC,BK,F
14:14:16,INDF,RG,6300,8,D,PD,BK,F
14:14:16,INDF,RG,6300,1,D,YP,BK,F
14:14:16,INDF,RG,6300,5,D,SQ,BK,F
14:14:16,INDF,RG,6300,2,D,PD,BK,F
14:14:16,INDF,RG,6300,1,D,PD,BK,F
14:14:16,INDF,RG,6300,1,D,PD,BK,F
14:14:16,INDF,RG,6300,4,D,PD,RX,F
14:14:16,INDF,RG,6300,1,D,NI,RX,F
14:14:16,INDF,RG,6300,1,D,PD,RX,F
14:14:16,INDF,RG,6300,2,D,SQ,RX,F
14:14:16,INDF,RG,6300,2,D,NI,RX,F
14:14:16,INDF,RG,6300,1,D,YP,RX,F
14:14:16,INDF,RG,6300,1,D,NI,RX,F
14:14:16,INDF,RG,6300,1,D,PD,RX,F
14:14:15,INDF,RG,6300,12,D,YP,RX,F
14:14:15,INDF,RG,6300,4,D,YP,DX,F
14:14:15,INDF,RG,6300,1,D,YP,DX,F
14:14:15,INDF,RG,6300,5,D,TP,DX,F
14:14:15,INDF,RG,6300,3,D,XC,DX,F
14:14:14,INDF,RG,6300,4,D,XC,BK,F
14:14:14,INDF,RG,6300,1,D,AT,BK,F
14:14:14,INDF,RG,6300,10,D,KK,BK,F
14:14:14,INDF,RG,6300,1,D,YP,BK,F
14:14:14,INDF,RG,6300,2,D,XC,BK,F
14:14:14,INDF,RG,6300,5,D,XC,BK,F
14:14:14,INDF,RG,6300,1,D,XC,BK,F
14:14:14,INDF,RG,6300,1,D,XL,BK,F
14:14:14,INDF,RG,6300,2,D,XC,BK,F
14:14:14,INDF,RG,6300,1,D,XC,BK,F
14:14:13,INDF,RG,6300,5,D,CC,RX,F
14:14:13,INDF,RG,6300,10,D,PD,RX,F
14:14:13,INDF,RG,6300,9,D,XL,RX,F
14:14:13,INDF,RG,6300,10,D,PD,RX,F
14:14:13,INDF,RG,6300,1,D,XC,RX,F
14:14:13,INDF,RG,6300,3,D,PD,RX,F
14:14:13,INDF,RG,6300,1,D,PD,RX,F
14:14:13,INDF,RG,6300,1,D,YP,RX,F
14:14:13,INDF,RG,6300,5,D,AZ,RX,F
14:14:13,INDF,RG,6300,1,D,PD,RX,F
14:14:13,INDF,RG,6300,2,D,GR,RX,F
14:14:13,INDF,RG,6300,76,D,AI,RX,F
14:14:12,INDF,RG,6325,1,F,ZP,CC,D
14:14:12,INDF,RG,6325,1,F,ZP,AT,D
14:14:12,INDF,RG,6325,1,F,ZP,XC,D
14:14:12,INDF,RG,6325,21,F,ZP,SQ,D
14:14:11,INDF,RG,6325,3,D,PD,SQ,D
14:14:00,INDF,RG,6300,3,D,AI,AK,F
14:14:00,INDF,RG,6325,1,F,AK,SQ,D
14:14:00,INDF,RG,6325,9,F,AK,SQ,D
14:13:48,INDF,RG,6300,21,D,AI,BK,F
14:13:45,INDF,RG,6325,2,F,ZP,SQ,D
14:13:45,INDF,RG,6325,20,F,AK,SQ,D
14:13:45,INDF,RG,6300,1,D,YP,BK,F
14:13:45,INDF,RG,6300,7,D,XL,BK,F
14:13:45,INDF,RG,6300,1,D,DH,BK,F
14:13:45,INDF,RG,6300,1,D,LS,BK,F
14:13:45,INDF,RG,6300,22,D,CC,BK,F
14:13:40,INDF,RG,6300,28,D,CC,CS,D
14:13:40,INDF,RG,6300,10,D,LG,CS,D
14:13:40,INDF,RG,6300,10,D,YP,CS,D
14:13:40,INDF,RG,6300,1,D,AZ,CS,D
14:13:40,INDF,RG,6300,50,D,DH,CS,D
14:13:40,INDF,RG,6300,1,D,XC,CS,D
14:13:40,INDF,RG,6300,2,D,YP,CS,D
14:13:40,INDF,RG,6300,2,D,YP,CS,D
14:13:40,INDF,RG,6300,2,D,CC,CS,D
14:13:40,INDF,RG,6300,2,D,NI,CS,D
14:13:40,INDF,RG,6300,2,D,NI,CS,D
14:13:40,INDF,RG,6300,10,D,YP,CS,D
14:13:40,INDF,RG,6300,5,D,XC,CS,D
14:13:40,INDF,RG,6300,1,D,GR,CS,D
14:13:40,INDF,RG,6300,20,D,CC,CS,D
14:13:40,INDF,RG,6300,2,D,XC,CS,D
14:13:40,INDF,RG,6300,3,D,CC,CS,D
14:13:40,INDF,RG,6300,2,D,XC,CS,D
14:13:40,INDF,RG,6300,1,D,PD,CS,D
14:13:40,INDF,RG,6300,5,D,YP,CS,D
14:13:40,INDF,RG,6300,13,D,NI,CS,D
14:13:33,INDF,RG,6300,5,D,NI,RX,F
14:13:32,INDF,RG,6300,1,D,NI,RX,F
14:13:30,INDF,RG,6300,11,D,NI,RX,F
14:13:30,INDF,RG,6300,13,D,NI,BK,F
14:13:28,INDF,RG,6300,11,D,NI,BK,F
14:13:26,INDF,RG,6300,13,D,NI,RX,F
14:13:25,INDF,RG,6325,14,F,ZP,SQ,D
14:13:23,INDF,RG,6300,26,D,NI,BK,F
14:13:22,INDF,RG,6300,67,D,NI,RX,F
14:13:22,INDF,RG,6300,10,D,DR,RX,F
14:13:22,INDF,RG,6300,50,D,CC,RX,F
14:13:22,INDF,RG,6300,4,D,CP,RX,F
14:13:18,INDF,RG,6300,10,D,CP,BK,F
14:13:15,INDF,RG,6325,55,F,AK,SQ,D
14:13:13,INDF,RG,6300,13,D,CP,DX,F
14:13:06,INDF,RG,6300,11,D,CP,BK,F
14:13:03,INDF,RG,6300,13,D,CP,DX,F
14:13:00,INDF,RG,6300,17,D,CP,YU,F
14:12:56,INDF,RG,6300,19,D,CP,BK,F
14:12:53,INDF,RG,6300,17,D,CP,BK,F
14:12:53,INDF,RG,6300,34,D,CP,YP,D
14:12:51,INDF,RG,6300,20,D,CP,CS,D
14:12:51,INDF,RG,6300,1,D,PD,CS,D
14:12:51,INDF,RG,6300,1,D,XC,CS,D
14:12:51,INDF,RG,6300,3,D,YP,CS,D
14:12:51,INDF,RG,6300,1,D,PD,CS,D
14:12:51,INDF,RG,6300,20,D,NI,CS,D
14:12:51,INDF,RG,6300,10,D,KK,CS,D
14:12:51,INDF,RG,6300,2,D,CC,CS,D
14:12:51,INDF,RG,6300,32,D,CP,CS,D
14:12:42,INDF,RG,6300,18,D,CP,RX,F
14:12:17,INDF,RG,6300,10,D,CP,BK,F
14:12:16,INDF,RG,6300,14,D,CP,DX,F
14:12:15,INDF,RG,6325,13,F,AK,SQ,D
14:12:13,INDF,RG,6300,1,D,CP,DR,D
14:11:44,INDF,RG,6300,4,D,CP,RX,F
14:11:41,INDF,RG,6300,9,D,CP,DX,F
14:11:11,INDF,RG,6300,1,D,CP,RX,F
14:11:10,INDF,RG,6300,6,D,CP,RX,F
14:11:09,INDF,RG,6300,3,D,CP,AK,F
14:11:07,INDF,RG,6300,12,D,CP,DX,F
14:10:53,INDF,RG,6300,8,D,CP,RX,F
14:10:50,INDF,RG,6300,17,D,CP,BK,F
14:10:49,INDF,RG,6300,5,D,CP,RX,F
14:10:45,INDF,RG,6325,10,F,AK,SQ,D
14:10:25,INDF,RG,6300,8,D,CP,RX,F
14:10:24,INDF,RG,6325,17,F,ZP,SQ,D
14:10:21,INDF,RG,6300,9,D,CP,RX,F
14:10:20,INDF,RG,6300,28,D,CP,RX,F
14:10:19,INDF,RG,6300,20,D,CP,BK,F
14:10:14,INDF,RG,6325,7,F,ZP,SQ,D
14:10:09,INDF,RG,6300,10,D,CP,DX,F
14:09:57,INDF,RG,6325,22,F,CS,SQ,D
14:09:56,INDF,RG,6300,10,D,CP,DX,F
14:09:51,INDF,RG,6325,10,D,SQ,SQ,D
14:09:37,INDF,RG,6325,1,F,ZP,SQ,D
14:09:30,INDF,RG,6300,9,D,CP,RX,F
14:09:27,INDF,RG,6300,18,D,CP,BK,F
14:09:24,INDF,RG,6300,4,D,CP,RX,F
14:09:20,INDF,RG,6300,6,D,CP,RX,F
14:09:19,INDF,RG,6300,9,D,CP,BK,F
14:09:16,INDF,RG,6300,13,D,CP,DX,F
14:09:10,INDF,RG,6300,13,D,CP,RX,F
14:09:05,INDF,RG,6300,14,D,CP,BK,F
14:09:04,INDF,RG,6325,13,F,ZP,SQ,D
14:08:57,INDF,RG,6300,32,D,CP,RX,F
14:08:54,INDF,RG,6325,15,D,SQ,SQ,D
14:08:54,INDF,RG,6300,19,D,CP,BK,F
14:08:54,INDF,RG,6325,33,F,AK,SQ,D
14:08:53,INDF,RG,6300,28,D,CP,RX,F
14:08:46,INDF,RG,6325,1,F,ZP,SQ,D
14:08:45,INDF,RG,6325,10,F,AK,SQ,D
14:08:42,INDF,RG,6300,13,D,CP,DX,F
14:08:25,INDF,RG,6300,20,D,CP,BK,F
14:08:19,INDF,RG,6300,17,D,CP,BK,F
14:08:18,INDF,RG,6300,25,D,CP,RX,F
14:08:16,INDF,RG,6300,53,D,CP,BK,F
14:08:14,INDF,RG,6300,84,D,CP,RX,F
14:08:11,INDF,RG,6300,178,D,CP,CS,D
14:08:03,INDF,RG,6300,15,D,CP,RX,F
14:08:02,INDF,RG,6325,1,D,YP,SQ,D
14:08:00,INDF,RG,6325,32,F,AK,SQ,D
14:07:59,INDF,RG,6300,16,D,CP,RX,F
14:07:57,INDF,RG,6300,19,D,CP,BK,F
14:07:52,INDF,RG,6325,13,F,ZP,SQ,D
14:07:49,INDF,RG,6300,26,D,CP,RX,F
14:07:44,INDF,RG,6300,11,D,CP,BK,F
14:07:42,INDF,RG,6325,1,D,PD,SQ,D
14:07:41,INDF,RG,6325,20,D,XC,SQ,D
14:07:38,INDF,RG,6325,1,F,ZP,SQ,D
14:07:34,INDF,RG,6325,4,F,CS,SQ,D
14:07:33,INDF,RG,6300,14,D,CP,DX,F
14:07:23,INDF,RG,6325,1,F,CS,SQ,D
14:07:14,INDF,RG,6325,1,D,XL,SQ,D
14:07:14,INDF,RG,6325,3,D,PC,SQ,D
14:06:48,INDF,RG,6300,8,D,CP,RX,F
14:06:47,INDF,RG,6325,1,F,ZP,SQ,D
14:06:37,INDF,RG,6300,17,D,CP,BK,F
14:06:31,INDF,RG,6300,48,D,CP,RX,F
14:06:27,INDF,RG,6325,2,D,PC,SQ,D
14:06:25,INDF,RG,6300,13,D,CP,DX,F
14:06:15,INDF,RG,6325,10,D,GR,SQ,D
14:06:15,INDF,RG,6300,3,D,CP,AK,F
14:06:06,INDF,RG,6300,18,D,CP,BK,F
14:06:04,INDF,RG,6300,14,D,CP,DX,F
14:06:00,INDF,RG,6325,41,F,AK,SQ,D
14:05:21,INDF,RG,6300,9,D,CP,RX,F
14:05:20,INDF,RG,6300,1,D,CP,RX,F
14:05:18,INDF,RG,6300,19,D,CP,BK,F
14:05:17,INDF,RG,6325,1,D,DH,SQ,D
14:05:16,INDF,RG,6300,36,D,CP,RX,F
14:05:15,INDF,RG,6300,2,D,CP,AK,F
14:05:09,INDF,RG,6300,12,D,CP,DX,F
14:04:48,INDF,RG,6325,5,D,KK,SQ,D
14:04:47,INDF,RG,6300,13,D,CP,BK,F
14:04:45,INDF,RG,6325,9,F,AK,SQ,D
14:04:45,INDF,RG,6325,37,F,AK,SQ,D
14:04:43,INDF,RG,6300,6,D,CP,RX,F
14:04:40,INDF,RG,6300,13,D,CP,BK,F
14:04:40,INDF,RG,6300,1,D,CP,RX,F
14:04:39,INDF,RG,6300,9,D,CP,RX,F
14:04:38,INDF,RG,6325,1,F,ZP,SQ,D
14:04:37,INDF,RG,6300,12,D,CP,BK,F
14:04:35,INDF,RG,6300,8,D,CP,DX,F
14:04:27,INDF,RG,6300,56,D,CP,RX,F
14:04:15,INDF,RG,6300,2,D,CP,AK,F
14:04:08,INDF,RG,6325,1,D,PD,SQ,D
14:04:05,INDF,RG,6300,8,D,CP,DX,F
14:04:00,INDF,RG,6300,9,D,CP,BK,F
14:03:55,INDF,RG,6300,11,D,CP,BK,F
14:03:53,INDF,RG,6325,38,F,ZP,SQ,D
14:03:53,INDF,RG,6325,20,F,ZP,CC,D
14:03:53,INDF,RG,6325,10,F,ZP,ZP,F
14:03:49,INDF,RG,6300,19,D,CP,BK,F
14:03:46,INDF,RG,6300,15,D,CP,RX,F
14:03:43,INDF,RG,6300,33,D,CP,BK,F
14:03:42,INDF,RG,6300,188,D,CP,RX,F
14:03:39,INDF,RG,6325,1,D,DH,ZP,F
14:03:39,INDF,RG,6300,10,D,CP,BK,F
14:03:37,INDF,RG,6300,14,D,CP,DX,F
14:03:30,INDF,RG,6325,1,F,AK,ZP,F
14:03:30,INDF,RG,6325,9,F,AK,ZP,F
14:03:23,INDF,RG,6300,17,D,CP,BK,F
14:03:18,INDF,RG,6300,50,D,CP,BK,F
14:03:15,INDF,RG,6325,147,F,AK,ZP,F
14:03:15,INDF,RG,6325,43,F,AK,ZP,F
14:03:11,INDF,RG,6300,13,D,CP,CS,D
14:03:11,INDF,RG,6300,5,D,PD,CS,D
14:03:11,INDF,RG,6300,10,D,DX,CS,D
14:03:11,INDF,RG,6300,5,D,PD,CS,D
14:03:11,INDF,RG,6300,1,D,XL,CS,D
14:03:11,INDF,RG,6300,2,D,XC,CS,D
14:03:11,INDF,RG,6300,1,D,DR,CS,D
14:03:11,INDF,RG,6300,1,D,PD,CS,D
14:03:11,INDF,RG,6300,55,D,PD,CS,D
14:03:10,INDF,RG,6300,15,D,PD,BK,F
14:03:04,INDF,RG,6300,29,D,PD,RX,F
14:03:00,INDF,RG,6300,19,D,PD,YU,F
14:02:45,INDF,RG,6300,3,D,PD,AK,F
14:02:39,INDF,RG,6300,11,D,PD,DX,F
14:02:33,INDF,RG,6300,16,D,PD,BK,F
14:02:28,INDF,RG,6300,12,D,PD,BK,F
14:02:26,INDF,RG,6300,40,D,PD,RX,F
14:02:26,INDF,RG,6300,1,D,CC,RX,F
14:02:26,INDF,RG,6300,26,F,NI,RX,F
14:02:15,INDF,RG,6325,10,F,AK,ZP,F
14:02:14,INDF,RG,6300,10,F,NI,BK,F
14:02:12,INDF,RG,6325,20,F,CS,ZP,F
14:02:11,INDF,RG,6300,10,F,NI,DX,F
14:01:57,INDF,RG,6300,22,F,NI,BK,F
14:01:55,INDF,RG,6300,32,F,NI,BK,F
14:01:55,INDF,RG,6300,15,D,PD,BK,F
14:01:55,INDF,RG,6300,1,D,YP,BK,F
14:01:55,INDF,RG,6300,1,D,XC,BK,F
14:01:55,INDF,RG,6300,1,D,PD,BK,F
14:01:55,INDF,RG,6300,1,D,YP,BK,F
14:01:55,INDF,RG,6300,1,D,AZ,BK,F
14:01:55,INDF,RG,6300,19,D,YP,BK,F
14:01:53,INDF,RG,6300,81,D,YP,RX,F
14:01:53,INDF,RG,6300,3,F,KZ,RX,F
14:01:52,INDF,RG,6300,11,F,KZ,RX,F
14:01:51,INDF,RG,6300,177,F,KZ,CS,D
14:01:50,INDF,RG,6300,14,F,KZ,BK,F
14:01:50,INDF,RG,6300,47,F,KZ,RX,F
14:01:50,INDF,RG,6325,10,D,PD,ZP,F
14:01:47,INDF,RG,6300,100,F,KZ,SQ,D
14:01:37,INDF,RG,6300,8,F,KZ,RX,F
14:01:35,INDF,RG,6300,17,F,KZ,BK,F
14:01:33,INDF,RG,6300,25,F,KZ,RX,F
14:01:31,INDF,RG,6300,11,F,KZ,BK,F
14:01:30,INDF,RG,6325,42,F,AK,ZP,F
14:01:15,INDF,RG,6300,46,F,KZ,RX,F
14:01:09,INDF,RG,6300,11,F,KZ,DX,F
14:01:09,INDF,RG,6300,1,F,KZ,XL,D
14:01:02,INDF,RG,6300,16,F,KZ,BK,F
14:01:00,INDF,RG,6325,28,F,YU,ZP,F
14:01:00,INDF,RG,6325,12,F,AK,ZP,F
14:00:45,INDF,RG,6300,12,F,KZ,BK,F
14:00:42,INDF,RG,6300,19,F,KZ,BK,F
14:00:40,INDF,RG,6300,193,F,KZ,RX,F
14:00:22,INDF,RG,6325,50,F,ZP,ZP,F
14:00:20,INDF,RG,6300,289,F,KZ,CC,D
14:00:20,INDF,RG,6300,3,D,YP,CC,D
14:00:20,INDF,RG,6300,1,D,KK,CC,D
14:00:20,INDF,RG,6300,1,D,YP,CC,D
14:00:20,INDF,RG,6300,2,D,PD,CC,D
14:00:20,INDF,RG,6300,3,D,PD,CC,D
14:00:20,INDF,RG,6300,1,D,CC,CC,D
14:00:15,INDF,RG,6325,32,F,AK,ZP,F
14:00:09,INDF,RG,6300,2,D,CC,DX,F
14:00:09,INDF,RG,6300,13,D,YP,DX,F
14:00:04,INDF,RG,6300,12,D,YP,DX,F
14:00:02,INDF,RG,6300,16,D,YP,RX,F
13:59:37,INDF,RG,6300,1,D,YP,ZP,F
13:59:33,INDF,RG,6325,2,D,DX,ZP,F
13:59:27,INDF,RG,6300,10,D,YP,BK,F
13:59:26,INDF,RG,6300,20,D,YP,BK,F
13:59:25,INDF,RG,6300,2,D,YP,ZP,F
13:59:24,INDF,RG,6300,26,D,YP,RX,F
13:59:24,INDF,RG,6300,1,D,PD,RX,F
13:59:24,INDF,RG,6300,5,D,SQ,RX,F
13:59:24,INDF,RG,6300,8,D,YP,RX,F
13:59:15,INDF,RG,6300,3,D,YP,AK,F
13:59:11,INDF,RG,6325,1,D,PD,ZP,F
13:59:10,INDF,RG,6325,1,D,XC,ZP,F
13:59:06,INDF,RG,6325,11,F,AK,ZP,F
13:59:05,INDF,RG,6300,2,D,YP,ZP,F
13:59:00,INDF,RG,6300,15,D,YP,BK,F
13:59:00,INDF,RG,6300,17,D,YP,YU,F
13:58:59,INDF,RG,6300,5,D,YP,ZP,F
13:58:59,INDF,RG,6300,1,D,PD,ZP,F
13:58:59,INDF,RG,6300,5,D,NI,ZP,F
13:58:59,INDF,RG,6300,1,D,YP,ZP,F
13:58:57,INDF,RG,6300,10,D,PD,BK,F
13:58:46,INDF,RG,6300,1,D,CC,BK,F
13:58:46,INDF,RG,6300,1,D,DH,BK,F
13:58:46,INDF,RG,6300,1,D,YP,BK,F
13:58:46,INDF,RG,6300,2,D,PD,BK,F
13:58:46,INDF,RG,6300,1,D,YP,BK,F
13:58:46,INDF,RG,6300,1,D,SQ,BK,F
13:58:46,INDF,RG,6300,3,D,AG,BK,F
13:58:46,INDF,RG,6300,1,D,CC,BK,F
13:58:46,INDF,RG,6300,1,D,AZ,BK,F
13:58:44,INDF,RG,6300,6,D,AZ,RX,F
13:58:41,INDF,RG,6300,12,D,AZ,BK,F
13:58:41,INDF,RG,6300,18,D,AZ,RX,F
13:58:37,INDF,RG,6300,11,D,AZ,BK,F
13:58:37,INDF,RG,6300,29,D,AZ,BK,F
13:58:37,INDF,RG,6300,7,D,AZ,RX,F
13:58:36,INDF,RG,6300,36,D,AZ,RX,F
13:58:34,INDF,RG,6300,13,D,AZ,BK,F
13:58:34,INDF,RG,6300,78,D,AZ,BK,F
13:58:34,INDF,RG,6300,18,D,AZ,RX,F
13:58:33,INDF,RG,6300,114,D,AZ,RX,F
13:58:31,INDF,RG,6300,38,D,AZ,ZP,F
13:58:30,INDF,RG,6300,33,D,AZ,BK,F
13:58:29,INDF,RG,6300,208,D,AZ,BK,F
13:58:29,INDF,RG,6300,378,D,AZ,RX,F
13:58:29,INDF,RG,6300,5,D,YP,RX,F
13:58:29,INDF,RG,6300,5,D,PD,RX,F
13:58:29,INDF,RG,6300,20,D,PD,RX,F
13:58:29,INDF,RG,6300,5,D,SQ,RX,F
13:58:29,INDF,RG,6300,3,D,YP,RX,F
13:58:29,INDF,RG,6300,200,D,YP,RX,F
13:58:29,INDF,RG,6300,1,D,PD,RX,F
13:58:29,INDF,RG,6300,2,D,CC,RX,F
13:58:29,INDF,RG,6300,1,D,PD,RX,F
13:58:29,INDF,RG,6300,1,D,YP,RX,F
13:58:29,INDF,RG,6300,10,D,YP,RX,F
13:58:29,INDF,RG,6300,5,D,DH,RX,F
13:58:29,INDF,RG,6300,1,D,PD,RX,F
13:58:29,INDF,RG,6300,403,D,AZ,RX,F
13:58:17,INDF,RG,6300,11,D,AZ,ZP,F
13:58:15,INDF,RG,6300,16,D,AZ,BK,F
13:58:13,INDF,RG,6325,100,D,YP,ZP,F
13:57:51,INDF,RG,6325,4,F,CS,ZP,F
13:57:47,INDF,RG,6325,1,D,PD,ZP,F
13:57:46,INDF,RG,6325,1,D,XL,ZP,F
13:57:38,INDF,RG,6300,12,D,AZ,DX,F
13:57:32,INDF,RG,6300,20,D,AZ,BK,F
13:57:27,INDF,RG,6300,13,D,AZ,BK,F
13:57:25,INDF,RG,6300,25,D,AZ,YP,D
13:57:25,INDF,RG,6300,1,D,YP,YP,D
13:57:25,INDF,RG,6300,3,D,YP,YP,D
13:57:25,INDF,RG,6300,1,D,XC,YP,D
13:57:25,INDF,RG,6300,5,D,PD,YP,D
13:57:25,INDF,RG,6300,3,D,YP,YP,D
13:57:25,INDF,RG,6300,3,D,YP,YP,D
13:57:25,INDF,RG,6300,30,D,PD,YP,D
13:57:25,INDF,RG,6300,29,F,BK,YP,D
13:56:50,INDF,RG,6325,5,D,KK,ZP,F
13:56:47,INDF,RG,6300,11,F,BK,BK,F
13:56:46,INDF,RG,6300,20,F,BK,BK,F
13:56:45,INDF,RG,6325,35,F,AK,ZP,F
13:56:43,INDF,RG,6300,2,F,BK,ZP,F
13:56:31,INDF,RG,6325,1,D,XC,ZP,F
13:56:17,INDF,RG,6325,10,F,AK,ZP,F
13:56:16,INDF,RG,6325,1,D,PD,ZP,F
13:55:50,INDF,RG,6325,1,D,YP,ZP,F
13:55:45,INDF,RG,6300,3,F,BK,AK,F
13:55:28,INDF,RG,6300,13,F,BK,BK,F
13:55:25,INDF,RG,6325,18,F,AK,ZP,F
13:55:23,INDF,RG,6325,20,F,CS,ZP,F
13:54:18,INDF,RG,6300,6,F,BK,ZP,F
13:53:44,INDF,RG,6325,1,D,YP,ZP,F
13:53:40,INDF,RG,6300,12,F,BK,BK,F
13:53:36,INDF,RG,6325,37,F,AK,ZP,F
13:53:29,INDF,RG,6325,5,D,NI,ZP,F
13:53:15,INDF,RG,6325,1,F,AK,ZP,F
13:52:56,INDF,RG,6300,19,F,BK,BK,F
13:52:56,INDF,RG,6300,4,F,BK,CS,D
13:52:56,INDF,RG,6300,20,D,PD,CS,D
13:52:56,INDF,RG,6300,10,D,PD,CS,D
13:52:56,INDF,RG,6300,10,D,PD,CS,D
13:52:56,INDF,RG,6300,3,D,YB,CS,D
13:52:56,INDF,RG,6300,40,D,CC,CS,D
13:52:56,INDF,RG,6300,7,D,CC,CS,D
13:52:44,INDF,RG,6300,3,D,CC,BK,F
13:52:44,INDF,RG,6300,7,D,CC,BK,F
13:52:42,INDF,RG,6325,9,F,BK,ZP,F
13:52:42,INDF,RG,6325,1,D,DH,ZP,F
13:52:30,INDF,RG,6325,10,F,AK,ZP,F
13:51:47,INDF,RG,6300,3,D,CC,ZP,F
13:51:33,INDF,RG,6300,10,D,CC,BK,F
13:51:31,INDF,RG,6300,11,D,CC,BK,F
13:51:29,INDF,RG,6300,4,D,CC,ZP,F
13:51:29,INDF,RG,6300,1,D,CC,ZP,F
13:51:29,INDF,RG,6300,1,D,NI,ZP,F
13:51:29,INDF,RG,6300,3,D,LG,ZP,F
13:51:29,INDF,RG,6325,9,D,PD,ZP,F
13:51:29,INDF,RG,6325,76,D,PD,SQ,D
13:51:27,INDF,RG,6325,1,D,EP,SQ,D
13:51:26,INDF,RG,6300,20,D,LG,BK,F
13:51:22,INDF,RG,6325,10,D,KK,SQ,D
13:51:15,INDF,RG,6325,33,F,AK,SQ,D
13:51:01,INDF,RG,6300,13,D,LG,BK,F
13:51:00,INDF,RG,6300,3,D,LG,AK,F
13:51:00,INDF,RG,6300,11,D,LG,YU,F
13:51:00,INDF,RG,6300,9,D,PD,YU,F
13:50:00,INDF,RG,6325,13,F,BK,SQ,D
13:49:46,INDF,RG,6325,1,D,YP,SQ,D
13:49:45,INDF,RG,6325,11,F,AK,SQ,D
13:49:37,INDF,RG,6325,10,D,PD,SQ,D
13:49:15,INDF,RG,6300,2,D,PD,AK,F
13:49:06,INDF,RG,6300,9,D,PD,BK,F
13:49:06,INDF,RG,6300,10,D,YP,BK,F
13:49:06,INDF,RG,6300,2,D,YP,BK,F
13:49:04,INDF,RG,6300,10,D,PD,BK,F
13:49:04,INDF,RG,6300,1,D,CC,BK,F
13:49:03,INDF,RG,6325,19,F,CS,SQ,D
13:49:03,INDF,RG,6300,4,D,XC,BK,F
13:49:03,INDF,RG,6300,2,D,XC,BK,F
13:49:03,INDF,RG,6300,4,D,XC,BK,F
13:49:00,INDF,RG,6300,28,D,XC,BK,F
13:49:00,INDF,RG,6300,1,D,XC,BK,F
13:49:00,INDF,RG,6300,24,D,KK,BK,F
13:48:59,INDF,RG,6300,1,D,KK,BK,F
13:48:59,INDF,RG,6300,2,D,NI,BK,F
13:48:59,INDF,RG,6300,13,F,ZP,BK,F
13:48:55,INDF,RG,6300,4,F,ZP,ZP,F
13:48:55,INDF,RG,6300,1,D,PD,ZP,F
13:48:55,INDF,RG,6300,1,D,SQ,ZP,F
13:48:55,INDF,RG,6300,1,D,XC,ZP,F
13:48:55,INDF,RG,6300,19,D,XC,ZP,F
13:48:54,INDF,RG,6325,326,F,KZ,SQ,D
13:48:54,INDF,RG,6325,360,F,KZ,ZP,F
13:48:51,INDF,RG,6325,1,D,CC,ZP,F
13:48:45,INDF,RG,6325,43,F,AK,ZP,F
13:48:45,INDF,RG,6325,16,F,AK,ZP,F
13:48:38,INDF,RG,6325,1,D,KK,ZP,F
13:48:30,INDF,RG,6325,7,F,AK,ZP,F
13:48:19,INDF,RG,6325,1,D,NI,ZP,F
13:48:15,INDF,RG,6325,4,F,CS,ZP,F
13:48:11,INDF,RG,6300,1,D,XC,BK,F
13:48:11,INDF,RG,6300,8,F,YP,BK,F
13:48:08,INDF,RG,6325,10,F,BK,ZP,F
13:47:57,INDF,RG,6325,1,D,XC,ZP,F
13:47:45,INDF,RG,6325,1,F,AK,ZP,F
13:47:45,INDF,RG,6300,2,F,YP,AK,F
13:47:20,INDF,RG,6300,14,F,YP,BK,F
13:47:15,INDF,RG,6325,36,F,AK,ZP,F
13:47:01,INDF,RG,6300,1,F,YP,BK,F
13:47:01,INDF,RG,6300,3,D,YP,BK,F
13:47:01,INDF,RG,6300,2,D,NI,BK,F
13:47:01,INDF,RG,6300,5,D,NI,BK,F
13:47:00,INDF,RG,6325,7,F,AK,ZP,F
13:47:00,INDF,RG,6325,19,F,AK,ZP,F
13:46:45,INDF,RG,6300,3,D,NI,AK,F
13:46:43,INDF,RG,6300,1,D,NI,ZP,F
13:46:23,INDF,RG,6300,8,D,NI,ZP,F
13:46:22,INDF,RG,6300,8,D,NI,BK,F
13:46:22,INDF,RG,6300,1,D,PD,BK,F
13:46:22,INDF,RG,6300,1,D,HP,BK,F
13:46:22,INDF,RG,6300,2,D,YP,BK,F
13:46:22,INDF,RG,6325,10,F,BK,ZP,F
13:46:17,INDF,RG,6300,15,D,YP,BK,F
13:46:15,INDF,RG,6325,43,F,AK,ZP,F
13:46:11,INDF,RG,6300,10,D,YP,BK,F
13:46:11,INDF,RG,6300,1,D,NI,BK,F
13:46:11,INDF,RG,6300,3,D,YP,BK,F
13:46:11,INDF,RG,6300,16,D,YP,BK,F
13:46:10,INDF,RG,6300,9,D,YP,BK,F
13:46:10,INDF,RG,6300,2,D,YP,BK,F
13:46:08,INDF,RG,6300,3,D,YP,BK,F
13:46:08,INDF,RG,6300,10,D,YP,BK,F
13:46:08,INDF,RG,6300,1,D,YP,BK,F
13:46:08,INDF,RG,6300,50,D,YP,BK,F
13:46:08,INDF,RG,6300,5,D,SQ,BK,F
13:46:08,INDF,RG,6300,65,D,SQ,BK,F
13:46:07,INDF,RG,6300,21,D,SQ,ZP,F
13:46:05,INDF,RG,6300,14,D,SQ,BK,F
13:46:04,INDF,RG,6325,119,F,KZ,ZP,F
13:46:04,INDF,RG,6325,2,F,KZ,XC,D
13:46:04,INDF,RG,6325,5,F,KZ,CS,D
13:46:04,INDF,RG,6325,34,F,KZ,DX,F
13:46:04,INDF,RG,6325,1,F,KZ,CS,D
13:46:04,INDF,RG,6325,6,F,KZ,CS,D
13:46:04,INDF,RG,6325,17,F,KZ,CS,D
13:46:04,INDF,RG,6325,146,F,KZ,SQ,D
13:46:04,INDF,RG,6325,17,F,KZ,CS,D
13:46:04,INDF,RG,6325,24,F,KZ,CS,D
13:46:04,INDF,RG,6325,22,F,KZ,DX,F
13:46:04,INDF,RG,6325,220,F,KZ,SQ,D
13:46:04,INDF,RG,6300,1,D,SQ,BK,F
13:46:04,INDF,RG,6300,1,D,CC,BK,F
13:46:04,INDF,RG,6300,5,D,CC,BK,F
13:46:04,INDF,RG,6300,1,D,PD,BK,F
13:46:04,INDF,RG,6300,2,D,YP,BK,F
13:46:00,INDF,RG,6325,24,F,YU,SQ,D
13:46:00,INDF,RG,6325,18,F,AK,SQ,D
13:45:59,INDF,RG,6325,1,D,YP,SQ,D
13:45:30,INDF,RG,6325,11,F,AK,SQ,D
13:45:27,INDF,RG,6325,15,D,PD,SQ,D
13:45:04,INDF,RG,6325,2,D,KK,SQ,D
13:45:01,INDF,RG,6300,8,D,YP,ZP,F
13:44:39,INDF,RG,6300,12,D,YP,BK,F
13:44:38,INDF,RG,6300,3,D,YP,BK,F
13:44:38,INDF,RG,6300,7,D,EP,BK,F
13:44:36,INDF,RG,6300,3,D,EP,BK,F
13:44:36,INDF,RG,6300,7,D,CP,BK,F
13:44:33,INDF,RG,6325,80,D,YP,SQ,D
13:44:30,INDF,RG,6325,1,D,YP,SQ,D
13:44:15,INDF,RG,6325,16,F,AK,SQ,D
13:44:14,INDF,RG,6300,20,D,CP,BK,F
13:44:10,INDF,RG,6325,14,F,BK,SQ,D
13:44:08,INDF,RG,6325,1,D,LG,SQ,D
13:43:44,INDF,RG,6325,1,D,YP,SQ,D
13:43:33,INDF,RG,6325,20,D,NI,SQ,D
13:43:24,INDF,RG,6325,25,D,GR,SQ,D
13:43:21,INDF,RG,6325,4,D,XC,SQ,D
13:43:21,INDF,RG,6300,19,D,CP,BK,F
13:43:18,INDF,RG,6325,20,F,CS,SQ,D
13:43:14,INDF,RG,6325,1,D,SQ,SQ,D
13:43:11,INDF,RG,6325,2,D,NI,SQ,D
13:42:40,INDF,RG,6325,1,D,YP,SQ,D
13:42:30,INDF,RG,6325,1,D,PD,SQ,D
13:42:14,INDF,RG,6325,8,D,PD,SQ,D
13:41:45,INDF,RG,6300,3,D,CP,ZP,F
13:41:16,INDF,RG,6300,1,D,CP,PD,D
13:41:03,INDF,RG,6325,1,F,CS,SQ,D
13:40:42,INDF,RG,6300,1,D,CP,AT,D
13:40:36,INDF,RG,6325,3,F,CS,SQ,D
13:40:15,INDF,RG,6300,7,D,CP,ZP,F
13:39:37,INDF,RG,6300,6,D,CP,ZP,F
13:39:36,INDF,RG,6300,6,D,CP,BK,F
13:39:36,INDF,RG,6300,1,D,YP,BK,F
13:39:36,INDF,RG,6300,13,D,CP,BK,F
13:39:32,INDF,RG,6300,12,D,CP,BK,F
13:39:32,INDF,RG,6300,2,D,LG,BK,F
13:39:32,INDF,RG,6300,5,D,AG,BK,F
13:39:32,INDF,RG,6300,1,D,YP,BK,F
13:39:32,INDF,RG,6300,4,F,AK,BK,F
13:39:31,INDF,RG,6300,10,F,AK,BK,F
13:39:29,INDF,RG,6325,10,D,YP,SQ,D
13:39:29,INDF,RG,6325,9,D,YP,DX,F
13:39:29,INDF,RG,6325,18,D,YP,DX,F
13:39:29,INDF,RG,6325,18,D,YP,CS,D
13:39:29,INDF,RG,6325,103,D,YP,ZP,F
13:39:13,INDF,RG,6300,7,F,AK,ZP,F
13:38:46,INDF,RG,6300,7,F,AK,ZP,F
13:38:23,INDF,RG,6300,15,F,AK,BK,F
13:38:22,INDF,RG,6300,6,F,AK,ZP,F
13:38:03,INDF,RG,6325,1,D,CC,ZP,F
13:38:01,INDF,RG,6300,9,F,AK,ZP,F
13:37:35,INDF,RG,6325,17,F,ZP,ZP,F
13:37:35,INDF,RG,6300,15,F,AK,ZP,F
13:37:35,INDF,RG,6325,2,F,ZP,ZP,F
13:37:34,INDF,RG,6325,15,F,CS,ZP,F
13:37:24,INDF,RG,6300,18,F,AK,BK,F
13:37:19,INDF,RG,6325,10,D,CC,ZP,F
13:37:14,INDF,RG,6325,2,D,XL,ZP,F
13:36:45,INDF,RG,6300,7,F,AK,ZP,F
13:35:47,INDF,RG,6300,10,F,AK,ZP,F
13:34:50,INDF,RG,6300,11,F,AK,BK,F
13:34:47,INDF,RG,6325,3,F,CS,ZP,F
13:34:46,INDF,RG,6300,6,F,AK,ZP,F
13:34:46,INDF,RG,6325,13,F,ZP,ZP,F
13:34:43,INDF,RG,6325,1,D,PD,ZP,F
13:34:11,INDF,RG,6300,11,F,AK,BK,F
13:34:09,INDF,RG,6300,9,F,AK,BK,F
13:34:07,INDF,RG,6325,30,D,PD,ZP,F
13:33:55,INDF,RG,6300,13,F,AK,BK,F
13:33:51,INDF,RG,6300,47,F,AK,BK,F
13:33:49,INDF,RG,6325,2,D,PD,ZP,F
13:33:47,INDF,RG,6300,9,F,AK,BK,F
13:33:46,INDF,RG,6300,215,F,AK,BK,F
13:33:44,INDF,RG,6300,29,F,AK,BK,F
13:33:43,INDF,RG,6300,14,F,AK,ZP,F
13:33:43,INDF,RG,6325,1,F,ZP,ZP,F
13:33:43,INDF,RG,6325,500,F,KZ,ZP,F
13:33:43,INDF,RG,6325,3,F,KZ,CS,D
13:33:43,INDF,RG,6325,20,F,KZ,CS,D
13:33:43,INDF,RG,6325,23,F,KZ,CS,D
13:33:43,INDF,RG,6325,4,F,KZ,NI,D
13:33:43,INDF,RG,6325,3,F,KZ,CS,D
13:33:43,INDF,RG,6325,189,F,KZ,CS,D
13:33:43,INDF,RG,6325,2,F,KZ,CS,D
13:33:43,INDF,RG,6325,9,F,KZ,DX,F
13:33:43,INDF,RG,6325,146,F,KZ,SQ,D
13:33:43,INDF,RG,6325,76,F,KZ,DX,F
13:33:43,INDF,RG,6325,25,F,KZ,SQ,D
13:33:41,INDF,RG,6300,3,F,AK,PD,D
13:33:31,INDF,RG,6325,15,D,PD,SQ,D
13:33:31,INDF,RG,6300,13,F,AK,DX,F
13:33:15,INDF,RG,6325,16,F,CS,SQ,D
13:33:14,INDF,RG,6325,1,D,PD,SQ,D
13:33:08,INDF,RG,6300,22,F,AK,PD,D
13:32:36,INDF,RG,6300,44,F,AK,YP,D
13:31:45,INDF,RG,6300,2,F,AK,ZP,F
13:31:38,INDF,RG,6325,1,F,ZP,SQ,D
13:31:34,INDF,RG,6325,90,D,PD,SQ,D
13:31:33,INDF,RG,6300,5,F,AK,ZP,F
13:31:11,INDF,RG,6300,10,F,AK,BK,F
13:31:11,INDF,RG,6300,10,F,AK,DX,F
13:31:08,INDF,RG,6325,4,F,ZP,SQ,D
13:31:08,INDF,RG,6325,67,F,ZP,SQ,D
13:31:00,INDF,RG,6325,30,F,YU,SQ,D
13:31:00,INDF,RG,6300,61,F,AK,ZP,F
13:30:52,INDF,RG,6300,108,F,AK,CS,D
13:30:18,INDF,RG,6300,11,F,AK,DX,F
13:30:17,INDF,RG,6325,1,D,YP,SQ,D
13:30:17,INDF,RG,6325,2,D,YP,SQ,D
13:30:16,INDF,RG,6325,1,D,YP,SQ,D
13:30:15,INDF,RG,6325,5,D,NI,SQ,D
13:30:14,INDF,RG,6325,5,D,YP,SQ,D
13:30:08,INDF,RG,6300,14,F,AK,PD,D
13:30:07,INDF,RG,6325,40,F,AK,SQ,D
13:30:07,INDF,RG,6325,138,F,AK,SQ,D
13:30:06,INDF,RG,6300,9,F,AK,DX,F
13:30:06,INDF,RG,6325,1,F,AK,SQ,D
13:30:05,INDF,RG,6300,10,F,AK,AK,F
13:30:05,INDF,RG,6325,2,D,PD,SQ,D
13:30:04,INDF,RG,6325,1,D,XC,SQ,D
13:30:04,INDF,RG,6300,1,F,AK,CC,D
13:30:04,INDF,RG,6300,126,F,AK,DX,F
13:30:04,INDF,RG,6325,2,D,PD,SQ,D
13:30:04,INDF,RG,6325,10,D,PD,SQ,D
13:30:04,INDF,RG,6325,1,D,PD,SQ,D
13:30:04,INDF,RG,6325,42,D,SQ,SQ,D
13:30:04,INDF,RG,6325,8,D,SQ,DX,F
13:30:03,INDF,RG,6325,3,D,PD,DX,F
13:30:03,INDF,RG,6325,20,D,PD,SQ,D
13:30:03,INDF,RG,6325,24,D,PD,SQ,D
13:30:03,INDF,RG,6325,3,D,PD,SQ,D
13:30:03,INDF,RG,6325,50,D,GR,SQ,D
13:30:03,INDF,RG,6325,10,D,PD,SQ,D
13:30:03,INDF,RG,6325,1,D,KK,SQ,D
13:30:02,INDF,RG,6325,1,D,PD,SQ,D
13:30:02,INDF,RG,6325,25,D,GR,SQ,D
13:30:02,INDF,RG,6325,2,D,CC,SQ,D
13:30:01,INDF,RG,6325,1,D,PD,SQ,D
13:30:01,INDF,RG,6300,101,F,AK,CC,D
13:30:01,INDF,RG,6300,978,F,AK,BB,D
13:30:01,INDF,RG,6300,1,D,PD,BB,D
13:30:01,INDF,RG,6300,5,D,YP,BB,D
13:30:01,INDF,RG,6300,100,D,YP,BB,D
13:30:01,INDF,RG,6300,15,D,SQ,BB,D
13:30:01,INDF,RG,6300,5,D,CC,BB,D
13:30:01,INDF,RG,6300,5,D,YP,BB,D
13:30:01,INDF,RG,6300,40,D,YP,BB,D
13:30:01,INDF,RG,6300,28,D,XL,BB,D
13:30:01,INDF,RG,6300,1,D,KK,BB,D
13:30:01,INDF,RG,6300,2,D,GR,BB,D
13:30:01,INDF,RG,6300,1,D,XL,BB,D
13:30:01,INDF,RG,6300,12,D,AG,BB,D
13:30:01,INDF,RG,6300,2,D,XL,BB,D
13:30:01,INDF,RG,6300,1,D,PD,BB,D
13:30:01,INDF,RG,6300,1,D,XL,BB,D
13:30:01,INDF,RG,6300,1,D,PD,BB,D
13:30:01,INDF,RG,6300,1,D,KK,BB,D
13:30:01,INDF,RG,6300,10,D,SQ,BB,D
13:30:01,INDF,RG,6300,1,D,KK,BB,D
13:30:01,INDF,RG,6300,196,D,SQ,BB,D
13:30:01,INDF,RG,6300,10,D,PD,BB,D
13:30:01,INDF,RG,6300,10,D,PD,BB,D
13:30:01,INDF,RG,6300,2,D,YP,BB,D
13:30:01,INDF,RG,6300,2,D,LG,BB,D
13:30:01,INDF,RG,6300,5,D,PD,BB,D
13:30:01,INDF,RG,6300,20,D,SQ,BB,D
13:30:01,INDF,RG,6300,1,D,YP,BB,D
13:30:01,INDF,RG,6300,20,D,SQ,BB,D
13:30:01,INDF,RG,6300,5,D,DH,BB,D
13:30:01,INDF,RG,6300,3,D,DH,BB,D
13:30:01,INDF,RG,6300,10,D,YP,BB,D
13:30:01,INDF,RG,6300,1,D,DH,BB,D
13:30:01,INDF,RG,6300,10,D,SQ,BB,D
13:30:01,INDF,RG,6300,1,D,SQ,BB,D
13:30:01,INDF,RG,6300,5,D,PD,BB,D
13:30:01,INDF,RG,6300,4,D,PD,BB,D
13:30:01,INDF,RG,6300,15,D,PD,BB,D
13:30:01,INDF,RG,6300,10,D,PD,BB,D
13:30:01,INDF,RG,6300,5,D,XC,BB,D
13:30:01,INDF,RG,6300,9,D,PD,BB,D
13:30:01,INDF,RG,6300,1,D,XC,BB,D
13:30:01,INDF,RG,6300,1,D,PD,BB,D
13:30:01,INDF,RG,6300,1,D,PD,BB,D
13:30:01,INDF,RG,6300,1,D,PD,BB,D
13:30:01,INDF,RG,6300,2,D,PD,BB,D
13:30:01,INDF,RG,6300,16,D,XC,BB,D
13:30:01,INDF,RG,6300,1,D,XC,BB,D
13:30:01,INDF,RG,6300,1,D,EP,BB,D
13:30:01,INDF,RG,6300,5,D,DH,BB,D
13:30:01,INDF,RG,6300,10,D,XC,BB,D
13:30:01,INDF,RG,6300,1,D,XC,BB,D
13:30:01,INDF,RG,6300,1,D,XC,BB,D
13:30:01,INDF,RG,6300,1,D,DR,BB,D
13:30:01,INDF,RG,6300,3,D,PD,BB,D
13:30:01,INDF,RG,6300,2,D,CD,BB,D
13:30:01,INDF,RG,6300,1,D,XC,BB,D
13:30:01,INDF,RG,6300,5,D,PD,BB,D
13:30:01,INDF,RG,6300,1,D,PD,BB,D
13:30:01,INDF,RG,6300,50,D,SQ,BB,D
13:30:01,INDF,RG,6300,9,D,KK,BB,D
13:30:01,INDF,RG,6300,15,D,XL,BB,D
13:30:01,INDF,RG,6300,50,D,PD,BB,D
13:30:01,INDF,RG,6300,1,D,PD,BB,D
13:30:01,INDF,RG,6300,607,D,YP,BB,D
13:30:01,INDF,RG,6325,200,D,YU,SQ,D
11:29:59,INDF,RG,6325,1,F,AK,SQ,D
11:29:59,INDF,RG,6325,1,F,AK,SQ,D
11:29:57,INDF,RG,6325,1,F,ZP,SQ,D
11:29:51,INDF,RG,6325,69,F,AK,SQ,D
11:29:45,INDF,RG,6325,4,F,AK,SQ,D
11:29:45,INDF,RG,6325,1,F,AK,SQ,D
11:29:44,INDF,RG,6325,2,F,AK,SQ,D
11:29:44,INDF,RG,6325,1,F,AK,SQ,D
11:29:44,INDF,RG,6325,1,F,AK,SQ,D
11:29:44,INDF,RG,6325,1,F,AK,SQ,D
11:29:44,INDF,RG,6300,1,D,YP,AK,F
11:29:43,INDF,RG,6325,1,F,ZP,SQ,D
11:29:30,INDF,RG,6325,1,F,ZP,SQ,D
11:29:23,INDF,RG,6325,2,F,ZP,SQ,D
11:29:16,INDF,RG,6325,10,F,BK,SQ,D
11:28:54,INDF,RG,6325,9,F,ZP,SQ,D
11:28:54,INDF,RG,6325,1,F,ZP,SQ,D
11:28:51,INDF,RG,6325,4,F,ZP,SQ,D
11:28:51,INDF,RG,6325,5,F,ZP,SQ,D
11:28:51,INDF,RG,6325,2,F,ZP,SQ,D
11:28:46,INDF,RG,6300,1,D,YP,AK,F
11:28:45,INDF,RG,6325,17,F,AK,SQ,D
11:28:45,INDF,RG,6325,8,F,AK,SQ,D
11:28:30,INDF,RG,6325,1,F,AK,SQ,D
11:28:28,INDF,RG,6325,1,F,AK,SQ,D
11:28:27,INDF,RG,6325,5,D,PD,SQ,D
11:28:20,INDF,RG,6325,3,F,CS,SQ,D
11:28:18,INDF,RG,6325,11,F,CS,SQ,D
11:28:18,INDF,RG,6325,4,F,CS,CC,D
11:28:16,INDF,RG,6300,1,D,YP,AK,F
11:28:10,INDF,RG,6325,1,D,PD,CC,D
11:28:10,INDF,RG,6325,2,D,PD,SQ,D
11:28:06,INDF,RG,6325,10,F,BK,SQ,D
11:28:00,INDF,RG,6325,38,F,AK,SQ,D
11:27:45,INDF,RG,6325,7,F,AK,SQ,D
11:27:36,INDF,RG,6325,5,D,GR,SQ,D
11:27:31,INDF,RG,6300,1,D,YP,AK,F
11:27:30,INDF,RG,6325,11,F,AK,SQ,D
11:27:30,INDF,RG,6325,8,F,AK,SQ,D
11:27:18,INDF,RG,6325,2,D,NI,SQ,D
11:27:16,INDF,RG,6325,13,F,ZP,SQ,D
11:27:16,INDF,RG,6325,6,F,ZP,SQ,D
11:27:16,INDF,RG,6325,44,F,KZ,SQ,D
11:27:16,INDF,RG,6325,40,F,KZ,DX,F
11:27:16,INDF,RG,6325,2,F,KZ,PD,D
11:27:16,INDF,RG,6325,50,F,KZ,GR,D
11:27:16,INDF,RG,6325,156,F,KZ,SQ,D
11:27:12,INDF,RG,6300,1,D,YP,PD,D
11:27:01,INDF,RG,6300,1,D,YP,AK,F
11:26:54,INDF,RG,6325,11,F,BK,SQ,D
11:26:45,INDF,RG,6325,35,F,AK,SQ,D
11:26:45,INDF,RG,6325,7,F,AK,SQ,D
11:26:36,INDF,RG,6325,1,D,YP,SQ,D
11:26:31,INDF,RG,6325,1,D,YP,SQ,D
11:26:30,INDF,RG,6325,3,F,AK,SQ,D
11:26:15,INDF,RG,6325,12,F,AK,SQ,D
11:26:10,INDF,RG,6325,10,D,YP,SQ,D
11:26:00,INDF,RG,6325,19,F,AK,SQ,D
11:25:57,INDF,RG,6325,10,F,BK,SQ,D
11:25:45,INDF,RG,6325,7,F,AK,SQ,D
11:25:39,INDF,RG,6325,12,D,XL,SQ,D
11:25:30,INDF,RG,6325,2,F,ZP,SQ,D
11:25:24,INDF,RG,6325,2,F,ZP,SQ,D
11:25:19,INDF,RG,6325,14,F,ZP,SQ,D
11:25:15,INDF,RG,6325,6,F,AK,SQ,D
11:25:01,INDF,RG,6300,5,D,YP,AK,F
11:25:00,INDF,RG,6325,40,F,AK,SQ,D
11:24:54,INDF,RG,6325,9,F,BK,SQ,D
11:24:45,INDF,RG,6325,5,F,AK,SQ,D
11:24:30,INDF,RG,6325,18,F,AK,SQ,D
11:24:30,INDF,RG,6325,23,F,AK,SQ,D
11:24:15,INDF,RG,6325,4,F,AK,SQ,D
11:24:15,INDF,RG,6325,5,F,AK,SQ,D
11:24:02,INDF,RG,6325,13,F,CS,SQ,D
11:24:01,INDF,RG,6300,5,D,YP,CP,D
11:23:56,INDF,RG,6325,10,F,BK,SQ,D
11:23:46,INDF,RG,6300,3,D,YP,AK,F
11:23:45,INDF,RG,6325,25,F,AK,SQ,D
11:23:29,INDF,RG,6325,40,F,ZP,SQ,D
11:23:29,INDF,RG,6325,31,F,ZP,DX,F
11:23:29,INDF,RG,6325,144,F,ZP,BK,F
11:23:16,INDF,RG,6300,1,D,YP,AK,F
11:23:15,INDF,RG,6325,19,F,AK,BK,F
11:23:15,INDF,RG,6325,10,F,AK,BK,F
11:23:07,INDF,RG,6325,8,F,ZP,BK,F
11:23:07,INDF,RG,6325,1,F,ZP,BK,F
11:23:00,INDF,RG,6325,16,F,AK,BK,F
11:22:55,INDF,RG,6325,9,F,BK,BK,F
11:22:45,INDF,RG,6325,3,F,AK,BK,F
11:22:32,INDF,RG,6325,2,D,PD,BK,F
11:22:30,INDF,RG,6325,9,F,AK,BK,F
11:22:30,INDF,RG,6325,1,F,AK,BK,F
11:22:17,INDF,RG,6300,14,D,YP,DX,F
11:22:16,INDF,RG,6300,2,D,YP,AK,F
11:22:15,INDF,RG,6325,8,F,ZP,BK,F
11:22:15,INDF,RG,6325,4,F,ZP,BK,F
11:21:56,INDF,RG,6325,10,F,BK,BK,F
11:21:52,INDF,RG,6325,3,F,CS,BK,F
11:21:45,INDF,RG,6325,39,F,AK,BK,F
11:21:24,INDF,RG,6325,14,F,ZP,BK,F
11:21:22,INDF,RG,6325,3,F,ZP,BK,F
11:21:15,INDF,RG,6325,7,F,AK,BK,F
11:21:15,INDF,RG,6325,2,F,AK,DX,F
11:20:54,INDF,RG,6325,9,F,BK,DX,F
11:20:39,INDF,RG,6300,108,D,YP,CS,D
11:20:30,INDF,RG,6325,35,F,AK,DX,F
11:20:24,INDF,RG,6325,1,D,XC,DX,F
11:20:18,INDF,RG,6325,20,F,ZP,DX,F
11:20:17,INDF,RG,6325,9,F,ZP,DX,F
11:20:05,INDF,RG,6325,1,D,CC,DX,F
11:19:53,INDF,RG,6325,6,F,CS,DX,F
11:19:53,INDF,RG,6325,9,F,CS,SQ,D
11:19:53,INDF,RG,6325,10,F,BK,SQ,D
11:19:42,INDF,RG,6325,1,D,AZ,SQ,D
11:19:11,INDF,RG,6325,1,D,NI,SQ,D
11:19:10,INDF,RG,6300,6,D,YP,PD,D
11:18:59,INDF,RG,6325,50,D,AI,SQ,D
11:18:55,INDF,RG,6325,10,F,BK,SQ,D
11:18:50,INDF,RG,6325,1,D,CC,SQ,D
11:18:45,INDF,RG,6325,33,F,AK,SQ,D
11:18:45,INDF,RG,6325,40,F,AK,SQ,D
11:18:14,INDF,RG,6300,16,D,YP,BK,F
11:18:11,INDF,RG,6325,17,F,AK,SQ,D
11:18:10,INDF,RG,6300,19,D,YP,BK,F
11:18:07,INDF,RG,6300,99,D,YP,BK,F
11:18:05,INDF,RG,6325,12,F,ZP,SQ,D
11:18:05,INDF,RG,6325,5,F,ZP,SQ,D
11:18:05,INDF,RG,6325,1,F,ZP,SQ,D
11:18:04,INDF,RG,6325,310,F,KZ,SQ,D
11:18:04,INDF,RG,6325,190,F,KZ,ZP,F
11:17:58,INDF,RG,6325,10,F,BK,ZP,F
11:16:56,INDF,RG,6300,11,D,YP,BK,F
11:16:54,INDF,RG,6325,10,F,BK,ZP,F
11:16:51,INDF,RG,6325,1,D,YP,ZP,F
11:16:51,INDF,RG,6325,1,F,CS,ZP,F
11:16:45,INDF,RG,6325,13,F,AK,ZP,F
11:16:31,INDF,RG,6300,23,D,YP,BK,F
11:16:27,INDF,RG,6300,75,D,YP,BK,F
11:16:26,INDF,RG,6325,7,F,ZP,ZP,F
11:16:26,INDF,RG,6325,1,F,ZP,ZP,F
11:16:25,INDF,RG,6325,267,F,ZP,ZP,F
11:16:25,INDF,RG,6325,41,F,ZP,DX,F
11:16:25,INDF,RG,6325,4,F,ZP,CC,F
11:16:25,INDF,RG,6325,1,F,ZP,PD,D
11:16:25,INDF,RG,6325,10,F,ZP,DX,F
11:16:25,INDF,RG,6325,73,F,ZP,SQ,D
11:16:25,INDF,RG,6325,20,F,ZP,PD,D
11:16:25,INDF,RG,6325,14,F,ZP,ZP,F
11:16:13,INDF,RG,6325,3,F,ZP,ZP,F
11:16:06,INDF,RG,6325,3,F,CS,ZP,F
11:16:04,INDF,RG,6325,9,F,BK,ZP,F
11:15:32,INDF,RG,6300,10,D,XA,BK,F
11:15:32,INDF,RG,6300,4,D,YP,BK,F
11:15:32,INDF,RG,6300,5,D,PD,BK,F
11:15:32,INDF,RG,6300,1,D,DH,BK,F
11:15:30,INDF,RG,6325,42,F,AK,ZP,F
11:15:30,INDF,RG,6325,1,F,AK,ZP,F
11:15:20,INDF,RG,6300,4,D,DH,BK,F
11:15:20,INDF,RG,6300,10,D,YP,BK,F
11:15:20,INDF,RG,6300,1,D,XA,BK,F
11:15:20,INDF,RG,6300,1,D,DR,BK,F
11:15:16,INDF,RG,6300,1,D,DR,BK,F
11:15:16,INDF,RG,6300,1,D,DR,BK,F
11:15:16,INDF,RG,6300,1,D,BQ,BK,F
11:15:16,INDF,RG,6300,5,D,DR,BK,F
11:15:16,INDF,RG,6300,1,D,DR,BK,F
11:15:16,INDF,RG,6300,1,D,GR,BK,F
11:15:16,INDF,RG,6300,1,D,XC,BK,F
11:15:16,INDF,RG,6300,2,D,DR,BK,F
11:15:16,INDF,RG,6300,3,D,DR,BK,F
11:15:16,INDF,RG,6300,7,D,YB,BK,F
11:15:13,INDF,RG,6300,93,D,YB,BK,F
11:15:13,INDF,RG,6300,1,D,XC,BK,F
11:15:13,INDF,RG,6300,1,D,KK,BK,F
11:15:13,INDF,RG,6300,10,D,CC,BK,F
11:15:13,INDF,RG,6300,9,D,SQ,BK,F
11:15:12,INDF,RG,6325,15,F,CS,ZP,F
11:15:12,INDF,RG,6325,3,D,CP,ZP,F
11:15:11,INDF,RG,6325,212,F,KZ,ZP,F
11:15:11,INDF,RG,6325,32,F,KZ,DX,F
11:15:11,INDF,RG,6325,347,F,KZ,SQ,D
11:14:57,INDF,RG,6325,1,F,ZP,SQ,D
11:14:57,INDF,RG,6325,10,F,ZP,SQ,D
11:14:57,INDF,RG,6325,5,F,ZP,SQ,D
11:14:55,INDF,RG,6325,11,F,BK,SQ,D
11:14:42,INDF,RG,6300,1,D,SQ,PD,D
11:14:39,INDF,RG,6325,2,F,CS,SQ,D
11:14:19,INDF,RG,6325,3,F,CS,SQ,D
11:14:00,INDF,RG,6325,17,F,AK,SQ,D
11:13:47,INDF,RG,6325,4,F,CS,SQ,D
11:13:44,INDF,RG,6325,11,F,BK,SQ,D
11:13:33,INDF,RG,6300,12,D,SQ,DX,F
11:13:30,INDF,RG,6300,11,D,SQ,XC,D
11:13:01,INDF,RG,6300,10,D,SQ,DX,F
11:12:57,INDF,RG,6325,1,F,CS,SQ,D
11:12:57,INDF,RG,6325,4,F,CS,SQ,D
11:12:56,INDF,RG,6325,7,F,ZP,SQ,D
11:12:55,INDF,RG,6325,20,D,XC,SQ,D
11:12:41,INDF,RG,6325,3,F,ZP,SQ,D
11:12:24,INDF,RG,6325,1,F,ZP,SQ,D
11:12:00,INDF,RG,6325,42,F,AK,SQ,D
11:12:00,INDF,RG,6325,8,D,YP,SQ,D
11:11:47,INDF,RG,6325,3,F,ZP,SQ,D
11:11:47,INDF,RG,6325,1,F,ZP,AK,F
11:11:47,INDF,RG,6325,9,F,ZP,DX,F
11:11:47,INDF,RG,6325,1,F,ZP,AK,F
11:11:47,INDF,RG,6325,10,F,ZP,LG,D
11:11:47,INDF,RG,6325,2,F,ZP,AK,F
11:11:47,INDF,RG,6325,2,F,ZP,AK,F
11:11:47,INDF,RG,6325,8,F,ZP,SQ,D
11:11:47,INDF,RG,6325,16,F,ZP,SQ,D
11:11:45,INDF,RG,6325,7,F,CS,SQ,D
11:11:45,INDF,RG,6325,1,F,CS,SQ,D
11:11:32,INDF,RG,6325,10,F,BK,SQ,D
11:11:27,INDF,RG,6300,15,D,SQ,DX,F
11:11:27,INDF,RG,6325,1,D,YP,SQ,D
11:11:25,INDF,RG,6325,1,D,OD,SQ,D
11:11:04,INDF,RG,6325,7,D,XC,SQ,D
11:10:15,INDF,RG,6325,13,F,AK,SQ,D
11:10:04,INDF,RG,6325,3,F,CS,SQ,D
11:10:03,INDF,RG,6325,6,F,CS,SQ,D
11:10:03,INDF,RG,6325,3,F,CS,BB,D
11:10:02,INDF,RG,6325,16,F,CS,BB,D
11:09:30,INDF,RG,6325,1,F,AK,BB,D
11:09:10,INDF,RG,6300,105,D,SQ,CS,D
11:09:07,INDF,RG,6325,10,F,BK,BB,D
11:09:04,INDF,RG,6325,3,F,CS,BB,D
11:08:00,INDF,RG,6325,39,F,AK,BB,D
11:07:43,INDF,RG,6300,9,D,SQ,AK,F
11:07:42,INDF,RG,6325,8,D,YP,BB,D
11:07:25,INDF,RG,6325,1,D,YP,BB,D
11:07:04,INDF,RG,6300,18,D,SQ,BK,F
11:07:02,INDF,RG,6325,11,F,CS,BB,D
11:07:01,INDF,RG,6300,9,D,SQ,BK,F
11:06:56,INDF,RG,6300,1,D,SQ,BK,F
11:06:56,INDF,RG,6300,2,D,KK,BK,F
11:06:56,INDF,RG,6300,1,D,AT,BK,F
11:06:56,INDF,RG,6300,32,D,KK,BK,F
11:06:52,INDF,RG,6325,42,F,AK,BB,D
11:06:50,INDF,RG,6325,160,D,XL,BB,D
11:06:46,INDF,RG,6325,1,D,YP,BB,D
11:06:45,INDF,RG,6325,8,F,AK,BB,D
11:06:28,INDF,RG,6300,14,D,KK,BK,F
11:06:24,INDF,RG,6300,51,D,KK,BK,F
11:06:21,INDF,RG,6300,19,D,KK,BK,F
11:06:20,INDF,RG,6300,52,D,KK,ZP,F
11:06:20,INDF,RG,6300,248,F,CS,ZP,F
11:06:18,INDF,RG,6300,61,F,CS,BK,F
11:06:15,INDF,RG,6325,39,F,AK,BB,D
11:06:12,INDF,RG,6300,300,F,CS,ZP,F
11:06:11,INDF,RG,6325,3,D,XC,BB,D
11:06:09,INDF,RG,6325,12,F,BK,BB,D
11:05:58,INDF,RG,6325,8,F,ZP,BB,D
11:05:58,INDF,RG,6325,3,F,ZP,BB,D
11:05:57,INDF,RG,6325,18,D,YP,BB,D
11:05:43,INDF,RG,6300,10,F,CS,YP,D
11:05:00,INDF,RG,6300,16,F,CS,BK,F
11:04:56,INDF,RG,6325,20,D,CC,BB,D
11:04:53,INDF,RG,6325,3,D,CC,BB,D
11:04:51,INDF,RG,6325,5,D,YP,BB,D
11:04:51,INDF,RG,6325,10,F,ZP,BB,D
11:04:51,INDF,RG,6325,4,F,ZP,BB,D
11:04:51,INDF,RG,6325,1,F,ZP,BB,D
11:04:45,INDF,RG,6325,8,F,AK,BB,D
11:04:25,INDF,RG,6300,11,F,CS,BK,F
11:04:19,INDF,RG,6325,11,F,CS,BB,D
11:04:09,INDF,RG,6325,14,F,CS,BB,D
11:03:37,INDF,RG,6300,4,F,CS,XC,D
11:03:35,INDF,RG,6300,11,F,CS,BK,F
11:03:33,INDF,RG,6325,10,F,BK,BB,D
11:03:30,INDF,RG,6325,29,F,AK,BB,D
11:03:30,INDF,RG,6325,9,F,AK,BB,D
11:03:19,INDF,RG,6300,13,F,CS,BK,F
11:03:14,INDF,RG,6300,38,F,CS,BK,F
11:03:12,INDF,RG,6325,3,F,ZP,BB,D
11:03:12,INDF,RG,6325,1,F,ZP,BB,D
11:03:11,INDF,RG,6325,210,F,KZ,BB,D
11:03:11,INDF,RG,6325,1,F,KZ,YP,D
11:03:11,INDF,RG,6325,42,F,KZ,SQ,D
11:02:50,INDF,RG,6300,1,F,CS,PD,D
11:02:45,INDF,RG,6325,6,F,ZP,SQ,D
11:02:34,INDF,RG,6325,5,D,NI,SQ,D
11:02:29,INDF,RG,6300,20,F,CS,BK,F
11:02:25,INDF,RG,6300,29,F,CS,BK,F
11:02:22,INDF,RG,6300,160,F,CS,BK,F
11:02:18,INDF,RG,6300,50,F,CS,BK,F
11:02:17,INDF,RG,6325,447,F,ZP,SQ,D
11:02:17,INDF,RG,6325,1,F,ZP,PD,D
11:02:17,INDF,RG,6325,9,F,ZP,PD,D
11:02:17,INDF,RG,6325,5,F,ZP,YP,D
11:02:17,INDF,RG,6325,100,F,ZP,CC,D
11:02:17,INDF,RG,6325,40,F,ZP,PD,D
11:02:17,INDF,RG,6325,50,F,ZP,CC,D
11:02:17,INDF,RG,6325,8,F,ZP,DX,F
11:02:17,INDF,RG,6325,1,F,ZP,DR,D
11:02:17,INDF,RG,6325,40,F,ZP,DX,F
11:02:17,INDF,RG,6325,8,F,ZP,DX,F
11:02:17,INDF,RG,6325,8,F,ZP,DX,F
11:02:17,INDF,RG,6325,15,F,ZP,CC,D
11:02:17,INDF,RG,6325,94,F,ZP,SQ,D
11:02:15,INDF,RG,6325,316,D,YP,SQ,D
11:02:15,INDF,RG,6325,8,F,AK,SQ,D
11:02:06,INDF,RG,6325,4,D,YP,SQ,D
11:02:02,INDF,RG,6300,18,F,CS,BK,F
11:02:00,INDF,RG,6325,33,F,AK,SQ,D
11:01:51,INDF,RG,6325,6,F,ZP,SQ,D
11:01:51,INDF,RG,6325,3,F,ZP,SQ,D
11:01:37,INDF,RG,6325,11,D,YP,SQ,D
11:01:27,INDF,RG,6300,10,F,CS,BK,F
11:01:24,INDF,RG,6325,23,F,AK,SQ,D
11:01:22,INDF,RG,6325,2,F,ZP,SQ,D
11:01:21,INDF,RG,6325,12,F,CS,CC,D
11:01:03,INDF,RG,6300,1,F,CS,OD,D
11:00:49,INDF,RG,6325,10,F,BK,CC,D
11:00:40,INDF,RG,6325,1,F,ZP,CC,D
11:00:40,INDF,RG,6325,2,F,ZP,CC,D
11:00:40,INDF,RG,6325,7,F,ZP,DX,F
11:00:40,INDF,RG,6325,4,F,ZP,DX,F
11:00:39,INDF,RG,6325,3,F,CS,DX,F
11:00:04,INDF,RG,6300,1,F,CS,YP,D
11:00:04,INDF,RG,6300,20,F,CS,BK,F
11:00:00,INDF,RG,6325,29,F,AK,DX,F
11:00:00,INDF,RG,6325,10,F,AK,DX,F
11:00:00,INDF,RG,6325,1,F,AK,XC,D
11:00:00,INDF,RG,6325,3,F,AK,DX,F
10:58:46,INDF,RG,6300,11,F,CS,AK,F
10:58:22,INDF,RG,6325,22,F,ZP,DX,F
10:58:22,INDF,RG,6325,9,F,ZP,DX,F
10:58:21,INDF,RG,6325,1,D,PD,DX,F
10:58:21,INDF,RG,6325,9,D,PD,CC,D
10:58:19,INDF,RG,6300,16,F,CS,BK,F
10:58:15,INDF,RG,6325,16,F,AK,CC,D
10:58:15,INDF,RG,6325,11,F,AK,ZP,F
10:58:14,INDF,RG,6300,10,F,CS,BK,F
10:58:13,INDF,RG,6325,79,F,AK,ZP,F
10:58:00,INDF,RG,6325,10,F,BK,ZP,F
10:57:55,INDF,RG,6325,15,F,CS,ZP,F
10:57:55,INDF,RG,6300,17,F,CS,BK,F
10:57:52,INDF,RG,6300,7,F,CS,KK,D
10:57:39,INDF,RG,6325,12,F,CS,ZP,F
10:57:32,INDF,RG,6300,15,F,CS,DX,F
10:56:19,INDF,RG,6325,5,D,PD,ZP,F
10:56:14,INDF,RG,6325,12,F,AK,ZP,F
10:56:13,INDF,RG,6300,11,F,CS,DX,F
10:56:12,INDF,RG,6300,9,F,CS,DX,F
10:55:32,INDF,RG,6300,16,F,CS,BK,F
10:55:30,INDF,RG,6325,29,F,AK,ZP,F
10:55:30,INDF,RG,6325,1,F,AK,ZP,F
10:55:17,INDF,RG,6300,12,F,CS,DX,F
10:55:04,INDF,RG,6300,16,F,CS,BK,F
10:55:00,INDF,RG,6325,24,F,AK,ZP,F
10:55:00,INDF,RG,6300,49,F,CS,CC,D
10:54:58,INDF,RG,6325,11,F,BK,ZP,F
10:54:29,INDF,RG,6300,12,F,CS,BK,F
10:54:25,INDF,RG,6300,8,F,CS,DX,F
10:54:04,INDF,RG,6325,2,D,XL,ZP,F
10:53:55,INDF,RG,6325,12,F,CS,ZP,F
10:53:40,INDF,RG,6325,2,F,ZP,ZP,F
10:53:40,INDF,RG,6325,1,F,ZP,ZP,F
10:53:24,INDF,RG,6325,16,D,XC,ZP,F
10:53:22,INDF,RG,6325,6,F,ZP,ZP,F
10:53:04,INDF,RG,6325,2,F,ZP,ZP,F
10:53:00,INDF,RG,6325,11,F,AK,ZP,F
10:52:49,INDF,RG,6300,15,F,CS,DX,F
10:52:32,INDF,RG,6300,16,F,CS,BK,F
10:52:31,INDF,RG,6325,1,D,PD,ZP,F
10:52:13,INDF,RG,6325,11,F,ZP,ZP,F
10:52:13,INDF,RG,6325,5,F,ZP,ZP,F
10:52:13,INDF,RG,6325,1,F,ZP,ZP,F
10:52:06,INDF,RG,6325,10,F,BK,ZP,F
10:52:00,INDF,RG,6325,34,F,AK,ZP,F
10:51:49,INDF,RG,6300,9,F,CS,DX,F
10:51:41,INDF,RG,6300,17,F,CS,BK,F
10:51:39,INDF,RG,6300,11,F,CS,BK,F
10:51:37,INDF,RG,6300,55,F,CS,BK,F
10:51:37,INDF,RG,6325,1,F,ZP,ZP,F
10:51:36,INDF,RG,6325,176,F,KZ,ZP,F
10:51:36,INDF,RG,6325,100,F,KZ,CC,D
10:51:36,INDF,RG,6325,53,F,KZ,SQ,D
10:51:32,INDF,RG,6325,12,F,ZP,SQ,D
10:51:32,INDF,RG,6325,3,F,ZP,SQ,D
10:51:30,INDF,RG,6325,1,D,PD,SQ,D
10:51:26,INDF,RG,6325,1,F,ZP,SQ,D
10:51:11,INDF,RG,6325,2,F,ZP,SQ,D
10:51:00,INDF,RG,6325,9,F,ZP,SQ,D
10:51:00,INDF,RG,6325,4,F,ZP,SQ,D
10:51:00,INDF,RG,6325,3,F,ZP,SQ,D
10:50:58,INDF,RG,6325,3,F,CS,SQ,D
10:50:58,INDF,RG,6325,15,F,CS,SQ,D
10:50:28,INDF,RG,6300,20,F,CS,BK,F
10:50:26,INDF,RG,6325,7,F,ZP,SQ,D
10:50:22,INDF,RG,6325,14,F,ZP,SQ,D
10:50:20,INDF,RG,6325,12,F,CS,SQ,D
10:49:45,INDF,RG,6325,10,F,AK,SQ,D
10:48:52,INDF,RG,6325,11,F,BK,SQ,D
10:48:00,INDF,RG,6300,12,F,CS,BK,F
10:48:00,INDF,RG,6300,48,F,CS,CC,D
10:47:43,INDF,RG,6325,1,D,PC,SQ,D
10:47:40,INDF,RG,6300,16,F,CS,BK,F
10:47:35,INDF,RG,6325,35,F,ZP,SQ,D
10:47:35,INDF,RG,6325,13,F,ZP,SQ,D
10:47:00,INDF,RG,6325,9,F,YU,SQ,D
10:46:55,INDF,RG,6325,11,F,CS,SQ,D
10:46:35,INDF,RG,6300,11,F,CS,BK,F
10:46:30,INDF,RG,6325,40,F,AK,SQ,D
10:46:24,INDF,RG,6325,3,F,ZP,SQ,D
10:46:05,INDF,RG,6325,10,F,BK,SQ,D
10:45:15,INDF,RG,6300,8,F,CS,AK,F
10:45:13,INDF,RG,6325,1,F,CS,SQ,D
10:45:05,INDF,RG,6325,1,D,YP,SQ,D
10:44:47,INDF,RG,6300,13,F,CS,BK,F
10:44:45,INDF,RG,6325,12,F,AK,SQ,D
10:44:08,INDF,RG,6300,1,F,CS,SQ,D
10:43:53,INDF,RG,6300,50,F,CS,CC,D
10:43:51,INDF,RG,6325,15,F,CS,SQ,D
10:43:49,INDF,RG,6300,17,F,CS,BK,F
10:43:45,INDF,RG,6325,3,F,ZP,SQ,D
10:43:34,INDF,RG,6325,11,F,CS,SQ,D
10:43:27,INDF,RG,6325,9,F,BK,SQ,D
10:43:23,INDF,RG,6325,3,D,YP,SQ,D
10:43:10,INDF,RG,6325,4,D,YP,SQ,D
10:43:02,INDF,RG,6300,18,F,CS,BK,F
10:43:00,INDF,RG,6325,18,F,AK,SQ,D
10:42:56,INDF,RG,6300,36,F,CS,BK,F
10:42:52,INDF,RG,6325,141,F,KZ,SQ,D
10:42:52,INDF,RG,6325,38,F,KZ,DX,F
10:42:52,INDF,RG,6325,10,F,KZ,DX,F
10:42:52,INDF,RG,6325,5,F,KZ,CC,D
10:42:52,INDF,RG,6325,37,F,KZ,DX,F
10:42:52,INDF,RG,6325,11,F,KZ,DX,F
10:42:52,INDF,RG,6325,8,F,KZ,SQ,D
10:42:51,INDF,RG,6325,1,D,XC,SQ,D
10:42:33,INDF,RG,6300,10,F,CS,DX,F
10:42:32,INDF,RG,6300,17,F,CS,BK,F
10:42:30,INDF,RG,6325,36,F,AK,SQ,D
10:42:29,INDF,RG,6325,1,D,OD,SQ,D
10:42:24,INDF,RG,6325,7,F,ZP,SQ,D
10:42:12,INDF,RG,6325,1,D,CC,SQ,D
10:42:09,INDF,RG,6325,2,F,ZP,SQ,D
10:42:08,INDF,RG,6325,1,D,OD,SQ,D
10:41:53,INDF,RG,6300,12,F,CS,DX,F
10:41:24,INDF,RG,6325,3,F,CS,SQ,D
10:41:15,INDF,RG,6325,9,F,AK,SQ,D
10:40:37,INDF,RG,6300,14,F,CS,DX,F
10:40:20,INDF,RG,6325,4,F,BK,SQ,D
10:40:20,INDF,RG,6325,7,F,BK,YP,D
10:40:19,INDF,RG,6325,4,F,ZP,YP,D
10:40:16,INDF,RG,6325,3,F,ZP,YP,D
10:40:14,INDF,RG,6325,1,D,CC,YP,D
10:39:56,INDF,RG,6325,12,F,CS,YP,D
10:39:43,INDF,RG,6300,11,F,CS,DX,F
10:39:37,INDF,RG,6300,1,F,CS,PD,D
10:39:00,INDF,RG,6300,51,F,CS,CC,D
10:38:52,INDF,RG,6325,14,F,ZP,YP,D
10:38:52,INDF,RG,6325,1,F,ZP,YP,D
10:38:51,INDF,RG,6325,18,F,KZ,YP,D
10:38:51,INDF,RG,6325,2,F,KZ,DR,D
10:38:51,INDF,RG,6325,277,F,KZ,SQ,D
10:38:32,INDF,RG,6325,6,F,ZP,SQ,D
10:38:30,INDF,RG,6325,17,F,AK,SQ,D
10:38:30,INDF,RG,6325,15,F,AK,YP,D
10:38:30,INDF,RG,6325,7,F,AK,YP,D
10:38:25,INDF,RG,6325,20,D,YP,YP,D
10:38:09,INDF,RG,6325,1,D,YP,YP,D
10:37:44,INDF,RG,6325,9,F,BK,YP,D
10:37:27,INDF,RG,6300,10,F,CS,DX,F
10:37:00,INDF,RG,6325,14,F,AK,YP,D
10:36:51,INDF,RG,6300,4,F,CS,AK,F
10:36:50,INDF,RG,6300,5,F,CS,PD,D
10:36:50,INDF,RG,6325,13,F,CS,YP,D
10:36:34,INDF,RG,6325,10,F,CS,YP,D
10:36:33,INDF,RG,6325,1,D,NI,YP,D
10:35:41,INDF,RG,6325,7,F,AK,YP,D
10:35:40,INDF,RG,6325,1,F,ZP,YP,D
10:35:28,INDF,RG,6325,1,D,YP,YP,D
10:35:22,INDF,RG,6325,7,F,ZP,YP,D
10:35:21,INDF,RG,6325,3,F,ZP,YP,D
10:35:15,INDF,RG,6325,1,F,AK,YP,D
10:35:13,INDF,RG,6325,9,F,BK,YP,D
10:35:00,INDF,RG,6325,1,D,PD,YP,D
10:34:33,INDF,RG,6325,2,D,YP,YP,D
10:34:30,INDF,RG,6325,23,F,AK,YP,D
10:33:50,INDF,RG,6325,5,F,ZP,YP,D
10:33:50,INDF,RG,6325,2,F,ZP,YP,D
10:33:48,INDF,RG,6325,5,D,EP,YP,D
10:33:38,INDF,RG,6325,1,F,ZP,YP,D
10:33:29,INDF,RG,6325,1,D,NI,YP,D
10:33:19,INDF,RG,6325,11,F,CS,YP,D
10:33:10,INDF,RG,6325,1,D,YP,YP,D
10:33:00,INDF,RG,6325,5,F,AK,YP,D
10:32:26,INDF,RG,6325,5,D,PD,YP,D
10:32:21,INDF,RG,6325,5,F,ZP,YP,D
10:32:20,INDF,RG,6325,3,F,ZP,YP,D
10:32:19,INDF,RG,6325,11,F,BK,YP,D
10:32:15,INDF,RG,6325,2,D,CC,YP,D
10:31:30,INDF,RG,6325,23,F,AK,YP,D
10:31:16,INDF,RG,6300,3,F,CS,AK,F
10:31:00,INDF,RG,6325,5,F,AK,YP,D
10:30:51,INDF,RG,6325,13,F,CS,YP,D
10:30:49,INDF,RG,6325,1,D,PD,YP,D
10:30:41,INDF,RG,6325,1,D,PD,YP,D
10:30:17,INDF,RG,6325,1,F,ZP,YP,D
10:30:15,INDF,RG,6325,5,F,ZP,YP,D
10:30:15,INDF,RG,6325,1,F,ZP,YP,D
10:30:02,INDF,RG,6325,10,F,CS,YP,D
10:29:56,INDF,RG,6325,3,F,CS,YP,D
10:29:38,INDF,RG,6325,4,D,XC,YP,D
10:29:22,INDF,RG,6325,11,F,BK,YP,D
10:29:03,INDF,RG,6300,7,F,CS,XL,D
10:28:54,INDF,RG,6325,1,F,ZP,YP,D
10:28:50,INDF,RG,6325,4,F,ZP,YP,D
10:28:45,INDF,RG,6325,16,F,AK,YP,D
10:28:45,INDF,RG,6325,5,F,AK,YP,D
10:28:39,INDF,RG,6325,8,F,ZP,YP,D
10:28:35,INDF,RG,6325,5,D,PD,YP,D
10:28:32,INDF,RG,6325,1,D,CC,YP,D
10:27:48,INDF,RG,6325,1,D,YP,YP,D
10:27:36,INDF,RG,6325,2,D,YP,YP,D
10:27:15,INDF,RG,6325,37,F,AK,YP,D
10:26:59,INDF,RG,6325,9,F,CS,YP,D
10:26:46,INDF,RG,6325,81,F,AK,YP,D
10:26:46,INDF,RG,6325,4,F,ZP,YP,D
10:26:46,INDF,RG,6325,2,F,ZP,YP,D
10:26:46,INDF,RG,6325,44,F,KZ,YP,D
10:26:46,INDF,RG,6325,31,F,KZ,DX,F
10:26:46,INDF,RG,6325,176,F,KZ,SQ,D
10:26:45,INDF,RG,6325,10,F,AK,SQ,D
10:26:30,INDF,RG,6325,5,F,AK,SQ,D
10:26:29,INDF,RG,6325,9,F,BK,SQ,D
10:26:29,INDF,RG,6325,2,F,BK,YP,D
10:26:17,INDF,RG,6325,1,D,YP,YP,D
10:25:45,INDF,RG,6325,9,F,AK,YP,D
10:25:45,INDF,RG,6325,11,F,AK,DX,F
10:25:45,INDF,RG,6325,2,F,AK,DR,D
10:25:23,INDF,RG,6325,1,F,ZP,XC,D
10:25:22,INDF,RG,6325,1,D,YP,XC,D
10:25:22,INDF,RG,6325,4,D,YP,SQ,D
10:25:15,INDF,RG,6325,5,F,AK,SQ,D
10:25:12,INDF,RG,6325,6,F,ZP,SQ,D
10:25:12,INDF,RG,6325,3,F,ZP,SQ,D
10:25:12,INDF,RG,6325,182,D,YP,SQ,D
10:25:12,INDF,RG,6325,2,D,YP,NI,D
10:25:12,INDF,RG,6325,20,D,YP,NI,D
10:25:12,INDF,RG,6325,196,D,YP,ZP,F
10:24:46,INDF,RG,6300,1,F,CS,PD,D
10:24:35,INDF,RG,6325,13,F,CS,ZP,F
10:24:30,INDF,RG,6325,10,F,AK,ZP,F
10:24:23,INDF,RG,6325,4,D,AZ,ZP,F
10:24:17,INDF,RG,6325,10,F,CS,ZP,F
10:24:11,INDF,RG,6325,9,F,BK,ZP,F
10:24:02,INDF,RG,6325,2,D,NI,ZP,F
10:24:00,INDF,RG,6300,51,F,CS,CC,D
10:23:54,INDF,RG,6325,250,D,YP,ZP,F
10:23:24,INDF,RG,6325,6,D,CC,ZP,F
10:23:24,INDF,RG,6325,3,D,CC,ZP,F
10:23:24,INDF,RG,6325,1,D,CC,DX,F
10:23:15,INDF,RG,6325,5,F,AK,DX,F
10:23:11,INDF,RG,6325,19,F,AK,DX,F
10:23:10,INDF,RG,6300,50,F,CS,CC,D
10:22:37,INDF,RG,6325,2,F,ZP,DX,F
10:22:32,INDF,RG,6325,10,D,PD,DX,F
10:22:22,INDF,RG,6325,4,F,ZP,DX,F
10:22:05,INDF,RG,6325,1,F,ZP,DX,F
10:22:00,INDF,RG,6325,5,F,AK,DX,F
10:21:45,INDF,RG,6325,20,F,AK,DX,F
10:21:41,INDF,RG,6325,9,F,BK,DX,F
10:21:30,INDF,RG,6325,13,F,AK,DX,F
10:21:22,INDF,RG,6325,5,D,PD,DX,F
10:21:06,INDF,RG,6325,10,F,CS,DX,F
10:20:45,INDF,RG,6325,5,F,AK,DX,F
10:20:41,INDF,RG,6325,14,D,XL,DX,F
10:20:29,INDF,RG,6325,3,F,CS,DX,F
10:20:16,INDF,RG,6325,1,F,ZP,DX,F
10:20:04,INDF,RG,6325,5,F,ZP,DX,F
10:20:04,INDF,RG,6325,2,F,ZP,DX,F
10:20:00,INDF,RG,6325,19,F,AK,DX,F
10:19:52,INDF,RG,6300,11,F,CS,DX,F
10:19:30,INDF,RG,6325,5,F,AK,DX,F
10:19:22,INDF,RG,6325,2,D,YP,DX,F
10:18:53,INDF,RG,6300,9,F,CS,DX,F
10:18:53,INDF,RG,6325,1,F,BK,DX,F
10:18:53,INDF,RG,6325,2,F,BK,AK,F
10:18:53,INDF,RG,6325,2,F,BK,AK,F
10:18:53,INDF,RG,6325,2,F,BK,AK,F
10:18:53,INDF,RG,6325,2,F,BK,AK,F
10:18:53,INDF,RG,6325,1,F,BK,SQ,D
10:18:42,INDF,RG,6325,5,D,CC,SQ,D
10:18:19,INDF,RG,6325,13,F,CS,SQ,D
10:18:19,INDF,RG,6325,5,F,ZP,SQ,D
10:18:19,INDF,RG,6325,1,F,ZP,SQ,D
10:18:15,INDF,RG,6325,5,F,AK,SQ,D
10:18:01,INDF,RG,6300,2,F,CS,AK,F
10:17:59,INDF,RG,6325,9,F,ZP,SQ,D
10:17:48,INDF,RG,6325,12,F,CS,SQ,D
10:17:43,INDF,RG,6325,2,D,YP,SQ,D
10:17:18,INDF,RG,6300,11,F,CS,DX,F
10:17:15,INDF,RG,6325,20,F,AK,SQ,D
10:17:15,INDF,RG,6325,16,F,AK,BB,D
10:17:01,INDF,RG,6300,1,F,CS,AK,F
10:17:00,INDF,RG,6325,14,F,AK,BB,D
10:16:44,INDF,RG,6325,1,D,NI,BB,D
10:16:35,INDF,RG,6300,23,F,CS,CC,D
10:16:15,INDF,RG,6300,12,F,CS,DX,F
10:15:45,INDF,RG,6325,19,F,AK,BB,D
10:15:44,INDF,RG,6325,41,F,ZP,BB,D
10:15:44,INDF,RG,6325,18,F,ZP,BB,D
10:15:44,INDF,RG,6325,4,F,ZP,BB,D
10:15:41,INDF,RG,6325,1,D,YP,BB,D
10:15:38,INDF,RG,6325,11,F,BK,BB,D
10:15:37,INDF,RG,6325,2,D,CC,BB,D
10:15:14,INDF,RG,6325,1,D,CC,BB,D
10:15:12,INDF,RG,6300,8,F,CS,DX,F
10:15:00,INDF,RG,6325,7,F,AK,BB,D
10:15:00,INDF,RG,6325,3,F,AK,AZ,D
10:14:46,INDF,RG,6300,2,F,CS,AK,F
10:14:36,INDF,RG,6325,271,F,KZ,AZ,D
10:14:36,INDF,RG,6325,2,D,YP,AZ,D
10:14:35,INDF,RG,6325,11,D,PD,AZ,D
10:14:05,INDF,RG,6325,3,D,XL,AZ,D
10:14:00,INDF,RG,6325,23,F,AK,AZ,D
10:13:53,INDF,RG,6325,10,F,CS,AZ,D
10:13:36,INDF,RG,6300,12,F,CS,DX,F
10:13:29,INDF,RG,6300,13,F,CS,DX,F
10:12:45,INDF,RG,6325,22,F,AK,AZ,D
10:12:36,INDF,RG,6300,10,F,CS,DX,F
10:12:33,INDF,RG,6325,10,F,BK,AZ,D
10:12:26,INDF,RG,6300,8,F,CS,CC,D
10:12:16,INDF,RG,6300,3,F,CS,AK,F
10:11:49,INDF,RG,6325,100,D,YP,AZ,D
10:11:48,INDF,RG,6325,25,D,XC,AZ,D
10:11:40,INDF,RG,6325,2,D,XC,AZ,D
10:11:40,INDF,RG,6325,12,F,CS,AZ,D
10:11:33,INDF,RG,6300,11,F,CS,DX,F
10:11:06,INDF,RG,6325,10,D,PD,AZ,D
10:11:00,INDF,RG,6300,50,F,CS,CC,D
10:10:57,INDF,RG,6325,9,F,CS,AZ,D
10:10:47,INDF,RG,6300,2,F,CS,YP,D
10:10:03,INDF,RG,6300,4,F,CS,XC,D
10:09:51,INDF,RG,6300,100,F,CS,PD,D
10:09:46,INDF,RG,6300,14,F,CS,DX,F
10:09:45,INDF,RG,6325,37,F,AK,AZ,D
10:09:33,INDF,RG,6300,9,F,CS,DX,F
10:09:07,INDF,RG,6300,500,F,CS,ZP,F
10:09:04,INDF,RG,6325,1,D,PD,AZ,D
10:08:51,INDF,RG,6300,8,F,CS,DX,F
10:08:27,INDF,RG,6325,94,D,LG,AZ,D
10:08:24,INDF,RG,6325,2,F,ZP,AZ,D
10:08:10,INDF,RG,6325,9,F,CS,AZ,D
10:08:09,INDF,RG,6325,7,F,ZP,AZ,D
10:08:06,INDF,RG,6325,15,F,ZP,AZ,D
10:08:00,INDF,RG,6325,27,F,AK,AZ,D
10:07:56,INDF,RG,6300,12,F,CS,DX,F
10:07:40,INDF,RG,6325,1,D,YP,AZ,D
10:07:24,INDF,RG,6325,2,D,PD,AZ,D
10:07:21,INDF,RG,6325,1,D,YP,AZ,D
10:07:00,INDF,RG,6325,9,F,YU,AZ,D
10:06:51,INDF,RG,6325,5,D,KK,AZ,D
10:06:25,INDF,RG,6300,5,F,CS,AK,F
10:06:23,INDF,RG,6300,13,F,CS,DX,F
10:06:13,INDF,RG,6325,1,D,PD,AZ,D
10:06:12,INDF,RG,6325,6,F,ZP,AZ,D
10:06:12,INDF,RG,6325,2,F,ZP,AZ,D
10:06:12,INDF,RG,6300,1,F,CS,YP,D
10:06:10,INDF,RG,6325,250,F,KZ,AZ,D
10:05:58,INDF,RG,6325,10,D,DH,AZ,D
10:05:55,INDF,RG,6325,13,F,CS,AZ,D
10:05:45,INDF,RG,6325,30,F,AK,AZ,D
10:05:40,INDF,RG,6300,1,F,CS,DR,D
10:05:28,INDF,RG,6325,20,D,CC,AZ,D
10:05:26,INDF,RG,6325,2,F,ZP,AZ,D
10:05:20,INDF,RG,6325,7,F,ZP,AZ,D
10:05:19,INDF,RG,6325,19,F,ZP,AZ,D
10:05:15,INDF,RG,6325,10,F,CS,AZ,D
10:05:15,INDF,RG,6300,11,F,CS,DX,F
10:04:57,INDF,RG,6325,7,D,KK,AZ,D
10:04:51,INDF,RG,6325,2,D,YB,AZ,D
10:04:45,INDF,RG,6325,5,D,PD,AZ,D
10:04:19,INDF,RG,6300,10,F,CS,GR,D
10:04:11,INDF,RG,6325,2,F,ZP,AZ,D
10:03:47,INDF,RG,6325,1,D,PD,AZ,D
10:03:03,INDF,RG,6300,9,F,CS,OD,D
10:03:00,INDF,RG,6325,35,F,AK,AZ,D
10:02:49,INDF,RG,6325,1,D,PD,AZ,D
10:02:31,INDF,RG,6300,27,F,CS,CS,F
10:02:31,INDF,RG,6325,3,D,IF,AZ,D
10:02:31,INDF,RG,6325,6,F,ZP,AZ,D
10:02:31,INDF,RG,6325,3,F,ZP,AZ,D
10:02:31,INDF,RG,6325,697,F,KZ,AZ,D
10:02:30,INDF,RG,6300,8,F,CS,CC,D
10:02:17,INDF,RG,6300,1,F,CS,CS,F
10:02:15,INDF,RG,6300,5,F,CS,NI,D
10:02:08,INDF,RG,6300,1,F,CS,CS,F
10:02:07,INDF,RG,6325,11,F,CS,AZ,D
10:01:15,INDF,RG,6300,2,F,CS,CS,F
10:01:13,INDF,RG,6325,6,F,ZP,AZ,D
10:01:13,INDF,RG,6325,3,F,ZP,AZ,D
10:01:13,INDF,RG,6325,1,F,ZP,AZ,D
10:00:20,INDF,RG,6325,2,D,SQ,AZ,D
10:00:16,INDF,RG,6300,9,F,CS,CS,F
10:00:15,INDF,RG,6325,36,F,AK,AZ,D
10:00:15,INDF,RG,6325,29,F,AK,AZ,D
10:00:15,INDF,RG,6325,1,F,AK,AZ,D
9:59:25,INDF,RG,6300,13,F,CS,CS,F
9:59:24,INDF,RG,6300,2,F,CS,CS,F
9:59:23,INDF,RG,6325,99,F,ZP,AZ,D
9:59:23,INDF,RG,6325,7,F,ZP,AZ,D
9:59:23,INDF,RG,6325,4,F,ZP,AZ,D
9:59:21,INDF,RG,6325,1,D,YP,AZ,D
9:58:58,INDF,RG,6300,11,F,CS,CS,F
9:58:57,INDF,RG,6325,80,D,CC,AZ,D
9:58:55,INDF,RG,6300,1,F,CS,CS,F
9:58:52,INDF,RG,6325,10,F,CS,AZ,D
9:58:47,INDF,RG,6300,1,F,CS,CS,F
9:58:46,INDF,RG,6300,1,F,CS,CS,F
9:58:46,INDF,RG,6300,7,F,CS,AK,F
9:58:45,INDF,RG,6300,8,F,CS,PD,D
9:58:01,INDF,RG,6300,1,F,CS,DR,D
9:57:47,INDF,RG,6300,1,F,CS,CS,F
9:57:45,INDF,RG,6300,3,F,CS,PD,D
9:57:29,INDF,RG,6300,40,F,CS,CS,F
9:57:26,INDF,RG,6325,294,F,KZ,AZ,D
9:57:25,INDF,RG,6325,2,D,CC,AZ,D
9:57:16,INDF,RG,6300,1,F,CS,CS,F
9:57:11,INDF,RG,6325,5,D,YP,AZ,D
9:57:09,INDF,RG,6300,5,F,CS,CS,F
9:57:00,INDF,RG,6325,35,F,AK,AZ,D
9:56:18,INDF,RG,6325,1,D,YP,AZ,D
9:56:00,INDF,RG,6300,1,F,CS,CS,F
9:55:59,INDF,RG,6325,10,D,DH,AZ,D
9:55:50,INDF,RG,6300,2,F,CS,CS,F
9:55:48,INDF,RG,6325,11,F,CS,AZ,D
9:55:36,INDF,RG,6300,13,F,CS,CS,F
9:55:34,INDF,RG,6300,100,F,CS,CC,D
9:54:47,INDF,RG,6325,1,D,YP,AZ,D
9:54:34,INDF,RG,6300,1,F,CS,CS,F
9:54:33,INDF,RG,6325,2,D,EP,AZ,D
9:54:22,INDF,RG,6325,1,D,YP,AZ,D
9:54:07,INDF,RG,6300,7,F,CS,CS,F
9:54:05,INDF,RG,6300,50,F,CS,CC,D
9:53:57,INDF,RG,6325,2,D,YP,AZ,D
9:53:51,INDF,RG,6300,7,F,CS,CS,F
9:53:50,INDF,RG,6300,50,F,CS,CC,D
9:53:49,INDF,RG,6325,4,D,NI,AZ,D
9:53:47,INDF,RG,6300,16,F,CS,CS,F
9:53:46,INDF,RG,6300,113,F,CS,CC,D
9:53:37,INDF,RG,6300,27,F,CS,CS,F
9:53:36,INDF,RG,6300,200,F,CS,ZP,F
9:53:32,INDF,RG,6325,2,D,NI,AZ,D
9:53:20,INDF,RG,6300,28,F,CS,CS,F
9:53:19,INDF,RG,6300,200,F,CS,ZP,F
9:52:33,INDF,RG,6300,1,F,CS,CS,F
9:52:32,INDF,RG,6325,11,F,CS,AZ,D
9:52:19,INDF,RG,6300,1,F,CS,PD,D
9:52:00,INDF,RG,6300,1,F,CS,CS,F
9:51:58,INDF,RG,6325,5,D,AZ,AZ,D
9:51:49,INDF,RG,6325,1,D,LS,AZ,D
9:51:32,INDF,RG,6300,1,F,CS,CS,F
9:51:31,INDF,RG,6300,7,F,CS,AK,F
9:51:03,INDF,RG,6300,1,F,CS,XL,D
9:50:57,INDF,RG,6300,1,F,CS,CS,F
9:50:56,INDF,RG,6325,5,D,TP,AZ,D
9:50:32,INDF,RG,6325,1,D,PD,AZ,D
9:48:02,INDF,RG,6325,3,D,NI,AZ,D
9:47:30,INDF,RG,6300,1,F,CS,CS,F
9:47:28,INDF,RG,6325,3,D,PD,AZ,D
9:47:19,INDF,RG,6300,7,F,CS,CS,F
9:47:17,INDF,RG,6300,50,F,CS,SQ,D
9:45:41,INDF,RG,6300,27,F,CS,CS,F
9:45:40,INDF,RG,6300,200,F,CS,ZP,F
9:45:32,INDF,RG,6325,1,D,PD,AZ,D
9:45:01,INDF,RG,6300,1,F,CS,DR,D
9:44:34,INDF,RG,6300,1,F,CS,CS,F
9:44:34,INDF,RG,6325,8,D,YP,AZ,D
9:44:01,INDF,RG,6325,1,D,PD,AZ,D
9:43:24,INDF,RG,6300,1,F,CS,CS,F
9:43:24,INDF,RG,6300,1,D,DX,PD,D
9:43:22,INDF,RG,6325,1,D,YP,AZ,D
9:43:22,INDF,RG,6300,1,D,DX,CS,F
9:43:18,INDF,RG,6325,10,D,CP,AZ,D
9:43:15,INDF,RG,6325,2,D,CC,AZ,D
9:43:06,INDF,RG,6300,1,D,DX,CS,F
9:43:01,INDF,RG,6300,7,D,DX,AK,F
9:42:46,INDF,RG,6300,1,D,DX,CS,F
9:42:46,INDF,RG,6325,5,D,YP,AZ,D
9:42:36,INDF,RG,6325,2,D,DH,AZ,D
9:41:48,INDF,RG,6300,1,D,DX,CS,F
9:41:47,INDF,RG,6325,5,D,AZ,AZ,D
9:41:19,INDF,RG,6325,1,D,XL,AZ,D
9:41:04,INDF,RG,6325,1,D,PD,AZ,D
9:40:39,INDF,RG,6325,2,D,NI,AZ,D
9:40:38,INDF,RG,6300,5,D,DX,CS,F
9:40:35,INDF,RG,6300,32,D,DX,XC,D
9:40:28,INDF,RG,6300,13,D,DX,CS,F
9:40:26,INDF,RG,6325,100,D,YP,AZ,D
9:38:48,INDF,RG,6300,1,D,DX,CS,F
9:38:45,INDF,RG,6325,5,D,CC,AZ,D
9:38:37,INDF,RG,6325,2,D,NI,AZ,D
9:38:32,INDF,RG,6300,3,D,DX,CS,F
9:38:31,INDF,RG,6300,18,D,DX,PD,D
9:38:20,INDF,RG,6300,4,D,DX,CS,F
9:38:19,INDF,RG,6325,30,D,NI,AZ,D
9:38:02,INDF,RG,6300,1,D,DX,CS,F
9:37:55,INDF,RG,6300,10,D,DX,BK,F
9:37:53,INDF,RG,6300,3,D,DX,CS,F
9:37:52,INDF,RG,6300,20,D,DX,BK,F
9:37:48,INDF,RG,6300,195,D,DX,CS,F
9:37:48,INDF,RG,6300,20,D,KK,CS,F
9:37:48,INDF,RG,6300,2,D,KK,CS,F
9:37:48,INDF,RG,6300,1,D,GR,CS,F
9:37:48,INDF,RG,6300,1,D,HP,CS,F
9:37:48,INDF,RG,6300,4,D,PD,CS,F
9:37:48,INDF,RG,6300,2,D,TP,CS,F
9:37:48,INDF,RG,6300,40,D,DR,CS,F
9:37:48,INDF,RG,6300,30,D,CP,CS,F
9:37:48,INDF,RG,6300,1,D,DR,CS,F
9:37:48,INDF,RG,6300,1,D,DR,CS,F
9:37:48,INDF,RG,6300,1,D,DR,CS,F
9:37:48,INDF,RG,6300,46,D,XA,CS,F
9:37:47,INDF,RG,6300,54,D,XA,BK,F
9:37:47,INDF,RG,6300,19,D,FS,BK,F
9:37:46,INDF,RG,6325,25,F,ZP,AZ,D
9:37:46,INDF,RG,6325,16,F,AK,AZ,D
9:37:46,INDF,RG,6325,16,F,AK,AZ,D
9:37:46,INDF,RG,6325,18,F,AK,AZ,D
9:37:46,INDF,RG,6325,53,D,NI,AZ,D
9:37:46,INDF,RG,6325,10,D,XC,AZ,D
9:37:46,INDF,RG,6325,2,D,KK,AZ,D
9:37:46,INDF,RG,6325,144,D,NI,AZ,D
9:37:46,INDF,RG,6325,38,F,AK,AZ,D
9:37:46,INDF,RG,6325,348,F,KZ,AZ,D
9:37:46,INDF,RG,6325,1,D,LS,AZ,D
9:37:46,INDF,RG,6325,16,F,CS,AZ,D
9:37:46,INDF,RG,6325,2,D,SQ,AZ,D
9:37:46,INDF,RG,6325,1,D,PD,AZ,D
9:37:46,INDF,RG,6325,108,F,YU,AZ,D
9:37:46,INDF,RG,6325,10,D,NI,AZ,D
9:37:46,INDF,RG,6325,40,F,AK,AZ,D
9:37:46,INDF,RG,6325,5,D,PD,AZ,D
9:37:46,INDF,RG,6325,1,D,NI,AZ,D
9:37:46,INDF,RG,6325,1,D,XC,AZ,D
9:37:46,INDF,RG,6325,1,D,EP,AZ,D
9:37:46,INDF,RG,6325,1,D,PD,AZ,D
9:37:46,INDF,RG,6325,505,F,KZ,AZ,D
