Time,Stock,Brd,Price,Qty,BT,BC,SC,ST
15:13:06,INDF,RG,6625,5,D,GR,CC,D
15:11:30,INDF,RG,6625,1,D,DR,YP,D
15:09:28,INDF,RG,6625,1,D,XL,YP,D
15:06:45,INDF,RG,6625,12,D,OD,YP,D
15:06:45,INDF,RG,6625,1,D,OD,PD,D
15:06:45,INDF,RG,6625,2,D,OD,XC,D
15:06:45,INDF,RG,6625,1,D,OD,PD,D
15:06:45,INDF,RG,6625,1,D,OD,PD,D
15:06:45,INDF,RG,6625,15,D,OD,NI,D
15:06:45,INDF,RG,6625,18,D,OD,YP,D
15:02:54,INDF,RG,6625,7,D,DR,YP,D
15:02:54,INDF,RG,6625,4,D,DR,XC,D
15:02:54,INDF,RG,6625,1,D,DR,NI,D
15:02:54,INDF,RG,6625,3,D,DR,XC,D
15:01:54,INDF,RG,6625,3,D,YP,XC,D
15:01:23,INDF,RG,6625,3,D,CC,PD,D
15:01:23,INDF,RG,6625,2,D,CC,XC,D
15:01:23,INDF,RG,6625,5,D,CC,GR,D
15:01:23,INDF,RG,6625,12,D,CC,YP,D
15:00:00,INDF,RG,6625,40,F,DX,YP,D
15:00:00,INDF,RG,6625,78,F,ZP,YP,D
15:00:00,INDF,RG,6625,120,F,ZP,YP,D
15:00:00,INDF,RG,6625,3,F,ZP,XC,D
15:00:00,INDF,RG,6625,9,F,ZP,CC,D
15:00:00,INDF,RG,6625,20,F,ZP,PD,D
15:00:00,INDF,RG,6625,1,F,ZP,PD,D
15:00:00,INDF,RG,6625,4,F,ZP,YB,D
15:00:00,INDF,RG,6625,100,F,ZP,EP,D
15:00:00,INDF,RG,6625,15,F,ZP,YP,D
15:00:00,INDF,RG,6625,25,F,ZP,PD,D
15:00:00,INDF,RG,6625,1,F,ZP,KK,D
15:00:00,INDF,RG,6625,5,F,ZP,YP,D
15:00:00,INDF,RG,6625,12,F,ZP,PD,D
15:00:00,INDF,RG,6625,8,F,ZP,SQ,D
15:00:00,INDF,RG,6625,2,F,ZP,SQ,D
15:00:00,INDF,RG,6625,5,F,ZP,HD,D
15:00:00,INDF,RG,6625,23,F,ZP,HD,D
15:00:00,INDF,RG,6625,863,F,DX,HD,D
15:00:00,INDF,RG,6625,62,F,AK,HD,D
15:00:00,INDF,RG,6625,47,D,CD,HD,D
15:00:00,INDF,RG,6625,200,D,CD,CC,D
15:00:00,INDF,RG,6625,40,D,CD,YP,D
15:00:00,INDF,RG,6625,1,D,CD,PD,D
15:00:00,INDF,RG,6625,23,D,CD,NI,D
15:00:00,INDF,RG,6625,10,D,CD,XL,D
15:00:00,INDF,RG,6625,20,D,CD,AG,F
15:00:00,INDF,RG,6625,1,D,CD,NI,D
15:00:00,INDF,RG,6625,1,D,CD,BQ,D
15:00:00,INDF,RG,6625,22,D,CD,YP,D
15:00:00,INDF,RG,6625,2,D,CD,YP,D
15:00:00,INDF,RG,6625,10,D,CD,PD,D
15:00:00,INDF,RG,6625,100,D,CD,SQ,D
15:00:00,INDF,RG,6625,100,D,CD,SQ,D
15:00:00,INDF,RG,6625,3,D,CD,YP,D
15:00:00,INDF,RG,6625,108,D,CD,SQ,D
15:00:00,INDF,RG,6625,392,F,ZP,SQ,D
15:00:00,INDF,RG,6625,1,F,ZP,PD,D
15:00:00,INDF,RG,6625,3,F,ZP,XL,D
15:00:00,INDF,RG,6625,39,F,ZP,YP,D
15:00:00,INDF,RG,6625,1,F,ZP,YU,D
15:00:00,INDF,RG,6625,30,F,ZP,PD,D
15:00:00,INDF,RG,6625,50,F,ZP,SQ,D
15:00:00,INDF,RG,6625,100,F,ZP,ZP,D
15:00:00,INDF,RG,6625,82,F,ZP,CS,F
15:00:00,INDF,RG,6625,5,F,ZP,PD,D
15:00:00,INDF,RG,6625,25,F,ZP,YP,D
15:00:00,INDF,RG,6625,9,F,ZP,YP,D
15:00:00,INDF,RG,6625,91,D,KZ,YP,D
15:00:00,INDF,RG,6625,13,D,KZ,YP,D
15:00:00,INDF,RG,6625,1,D,KZ,NI,D
15:00:00,INDF,RG,6625,178,D,KZ,YP,D
15:00:00,INDF,RG,6625,60,D,KZ,YP,D
15:00:00,INDF,RG,6625,59,F,YU,YP,D
15:00:00,INDF,RG,6625,103,D,BB,YP,D
15:00:00,INDF,RG,6625,25,D,BB,YP,D
15:00:00,INDF,RG,6625,1,D,BB,YP,D
15:00:00,INDF,RG,6625,1,D,BB,PD,D
15:00:00,INDF,RG,6625,1,D,BB,YP,D
15:00:00,INDF,RG,6625,5,D,BB,YP,D
15:00:00,INDF,RG,6625,1,D,BB,XC,D
15:00:00,INDF,RG,6625,5,D,BB,XC,D
15:00:00,INDF,RG,6625,1,D,BB,BQ,D
15:00:00,INDF,RG,6625,100,D,BB,YP,D
15:00:00,INDF,RG,6625,5,D,BB,XC,D
15:00:00,INDF,RG,6625,2,D,BB,EP,D
15:00:00,INDF,RG,6625,85,D,BB,AG,D
15:00:00,INDF,RG,6625,3,F,AK,AG,D
15:00:00,INDF,RG,6625,28,F,AK,AG,D
15:00:00,INDF,RG,6625,14,F,AK,AG,D
15:00:00,INDF,RG,6625,1,F,AK,PD,D
15:00:00,INDF,RG,6625,1,F,AK,PD,D
15:00:00,INDF,RG,6625,1,F,AK,PD,D
15:00:00,INDF,RG,6625,386,F,AK,YU,F
15:00:00,INDF,RG,6625,105,F,AK,YU,F
15:00:00,INDF,RG,6625,1,F,AK,YU,F
15:00:00,INDF,RG,6625,1,F,AK,YU,F
15:00:00,INDF,RG,6625,1,F,AK,YU,F
15:00:00,INDF,RG,6625,19,F,AK,YU,F
15:00:00,INDF,RG,6625,45,F,AK,YU,F
15:00:00,INDF,RG,6625,21,D,YU,YU,F
15:00:00,INDF,RG,6625,400,D,RX,YU,F
15:00:00,INDF,RG,6625,180,D,OD,YU,F
15:00:00,INDF,RG,6625,499,D,PD,YU,F
15:00:00,INDF,RG,6625,790,D,LG,YU,F
15:00:00,INDF,RG,6625,30,D,LG,BK,F
15:00:00,INDF,RG,6625,594,D,PD,BK,F
15:00:00,INDF,RG,6625,10,D,PD,ZP,F
15:00:00,INDF,RG,6625,551,D,PD,CS,F
15:00:00,INDF,RG,6625,883,D,PD,CS,F
15:00:00,INDF,RG,6625,208,D,PD,DP,F
15:00:00,INDF,RG,6625,42,D,PD,AK,F
15:00:00,INDF,RG,6625,95,D,PD,AK,F
14:49:59,INDF,RG,6600,1,D,CC,AK,F
14:49:59,INDF,RG,6600,1,D,CC,AK,F
14:49:58,INDF,RG,6600,40,D,CC,PD,D
14:49:57,INDF,RG,6600,29,D,CC,CS,F
14:49:57,INDF,RG,6600,1,D,CC,ZP,F
14:49:56,INDF,RG,6600,12,D,CC,BK,F
14:49:56,INDF,RG,6625,1,F,AK,YP,D
14:49:55,INDF,RG,6625,8,F,DX,YP,D
14:49:51,INDF,RG,6600,12,D,CC,BK,F
14:49:51,INDF,RG,6600,1,D,CC,ZP,F
14:49:51,INDF,RG,6625,1,F,ZP,YP,D
14:49:51,INDF,RG,6600,1,D,CC,ZP,F
14:49:48,INDF,RG,6600,16,D,CC,BK,F
14:49:45,INDF,RG,6600,72,D,CC,CS,F
14:49:45,INDF,RG,6600,41,D,CC,BK,F
14:49:44,INDF,RG,6625,1,F,DX,YP,D
14:49:44,INDF,RG,6625,25,F,DX,YB,D
14:49:43,INDF,RG,6600,48,D,CC,CP,D
14:49:43,INDF,RG,6600,3,F,AK,CP,D
14:49:43,INDF,RG,6600,3,F,AK,CP,D
14:49:43,INDF,RG,6600,26,F,DX,CP,D
14:49:43,INDF,RG,6600,8,D,CC,CP,D
14:49:43,INDF,RG,6600,12,D,CC,CP,D
14:49:42,INDF,RG,6625,14,F,AK,YB,D
14:49:42,INDF,RG,6625,2,F,AK,YB,D
14:49:42,INDF,RG,6625,1,F,AK,YB,D
14:49:42,INDF,RG,6625,1,F,DX,YB,D
14:49:42,INDF,RG,6625,3,F,DX,YB,D
14:49:41,INDF,RG,6625,54,F,DX,YB,D
14:49:41,INDF,RG,6625,41,F,DX,YP,D
14:49:39,INDF,RG,6625,7,D,PD,YP,D
14:49:39,INDF,RG,6600,3,D,CC,ZP,F
14:49:37,INDF,RG,6625,1,D,XL,YP,D
14:49:31,INDF,RG,6625,1,F,AK,YP,D
14:49:31,INDF,RG,6625,6,F,AK,XC,D
14:49:31,INDF,RG,6625,1,F,AK,XC,D
14:49:31,INDF,RG,6625,1,F,AK,XL,D
14:49:30,INDF,RG,6600,8,D,CC,AK,F
14:49:30,INDF,RG,6600,1,D,CC,AK,F
14:49:30,INDF,RG,6625,9,F,YU,XL,D
14:49:30,INDF,RG,6625,2,F,YU,YP,D
14:49:30,INDF,RG,6625,2,F,YU,CC,D
14:49:30,INDF,RG,6625,10,F,YU,XL,D
14:49:30,INDF,RG,6625,1,F,YU,SQ,D
14:49:30,INDF,RG,6625,1,F,AK,SQ,D
14:49:28,INDF,RG,6600,3,D,CC,ZP,F
14:49:23,INDF,RG,6625,1,F,AK,SQ,D
14:49:22,INDF,RG,6625,1,F,DX,SQ,D
14:49:22,INDF,RG,6625,1,F,DX,PD,D
14:49:22,INDF,RG,6625,1,F,DX,YB,D
14:49:22,INDF,RG,6625,6,F,DX,DH,D
14:49:22,INDF,RG,6600,7,D,CC,BK,F
14:49:22,INDF,RG,6600,4,F,DX,BK,F
14:49:20,INDF,RG,6600,2,F,DX,YP,D
14:49:16,INDF,RG,6600,34,F,DX,BK,F
14:49:16,INDF,RG,6600,9,F,DX,ZP,F
14:49:16,INDF,RG,6600,62,F,DX,CS,F
14:49:16,INDF,RG,6600,3,F,ZP,CS,F
14:49:16,INDF,RG,6600,80,D,XC,CS,F
14:49:16,INDF,RG,6600,1,D,PD,CS,F
14:49:16,INDF,RG,6600,50,D,CC,CS,F
14:49:15,INDF,RG,6625,9,F,AK,DH,D
14:49:15,INDF,RG,6625,2,F,AK,DH,D
14:49:15,INDF,RG,6625,85,F,DX,DH,D
14:49:15,INDF,RG,6600,2,D,CC,AK,F
14:49:15,INDF,RG,6600,1,D,CC,AK,F
14:49:12,INDF,RG,6600,1,D,CC,DR,D
14:49:08,INDF,RG,6600,1,D,CC,BB,D
14:49:08,INDF,RG,6600,20,D,CC,DP,F
14:49:05,INDF,RG,6625,13,F,DX,DH,D
14:49:05,INDF,RG,6625,1,F,DX,DH,D
14:49:05,INDF,RG,6625,19,F,DX,DH,D
14:49:05,INDF,RG,6625,51,F,DX,DH,D
14:49:00,INDF,RG,6625,1,F,YU,DH,D
14:49:00,INDF,RG,6625,7,F,AK,DH,D
14:48:59,INDF,RG,6625,1,F,AK,DH,D
14:48:57,INDF,RG,6625,5,D,PD,DH,D
14:48:55,INDF,RG,6600,1,D,CC,BB,D
14:48:55,INDF,RG,6625,1,F,ZP,DH,D
14:48:55,INDF,RG,6625,21,F,DX,DH,D
14:48:55,INDF,RG,6625,1,F,DX,NI,D
14:48:55,INDF,RG,6625,1,F,DX,YP,D
14:48:55,INDF,RG,6625,8,F,DX,LG,D
14:48:55,INDF,RG,6625,2,F,DX,YP,D
14:48:55,INDF,RG,6625,5,F,DX,BS,D
14:48:55,INDF,RG,6625,5,F,DX,FZ,D
14:48:55,INDF,RG,6625,40,F,DX,DH,D
14:48:51,INDF,RG,6625,39,F,DX,DH,D
14:48:51,INDF,RG,6625,1,F,DX,DH,D
14:48:49,INDF,RG,6625,1,D,XC,DH,D
14:48:40,INDF,RG,6625,109,F,DX,DH,D
14:48:39,INDF,RG,6600,11,D,CC,BK,F
14:48:39,INDF,RG,6600,50,D,CC,LG,D
14:48:34,INDF,RG,6600,13,D,CC,BK,F
14:48:31,INDF,RG,6625,3,F,AK,DH,D
14:48:30,INDF,RG,6600,13,F,DX,AK,F
14:48:30,INDF,RG,6625,10,D,XL,DH,D
14:48:24,INDF,RG,6625,3,F,ZP,DH,D
14:48:24,INDF,RG,6600,8,F,DX,ZP,F
14:48:15,INDF,RG,6600,4,F,DX,AK,F
14:48:03,INDF,RG,6600,1,F,DX,CC,D
14:48:01,INDF,RG,6600,1,F,DX,BB,D
14:48:00,INDF,RG,6625,6,F,AK,DH,D
14:47:55,INDF,RG,6625,1,D,DR,DH,D
14:47:54,INDF,RG,6600,11,F,DX,BK,F
14:47:53,INDF,RG,6600,2,F,DX,LG,D
14:47:51,INDF,RG,6625,1,D,DR,DH,D
14:47:48,INDF,RG,6600,16,F,DX,BK,F
14:47:45,INDF,RG,6625,77,F,AK,DH,D
14:47:45,INDF,RG,6625,4,F,AK,DH,D
14:47:42,INDF,RG,6625,1,D,DR,DH,D
14:47:41,INDF,RG,6625,1,D,DR,DH,D
14:47:38,INDF,RG,6600,20,F,DX,DP,F
14:47:30,INDF,RG,6600,15,F,DX,BK,F
14:47:27,INDF,RG,6600,18,F,DX,GR,D
14:47:27,INDF,RG,6600,30,D,CC,GR,D
14:47:27,INDF,RG,6600,2,D,YP,GR,D
14:47:15,INDF,RG,6600,5,D,YP,AK,F
14:47:15,INDF,RG,6600,1,D,PD,AK,F
14:47:15,INDF,RG,6600,7,F,DX,AK,F
14:47:06,INDF,RG,6600,10,F,DX,ZP,F
14:47:06,INDF,RG,6600,9,F,DX,ZP,F
14:47:00,INDF,RG,6625,22,F,AK,DH,D
14:46:52,INDF,RG,6600,1,F,DX,CC,D
14:46:51,INDF,RG,6600,15,F,DX,BK,F
14:46:47,INDF,RG,6600,13,F,DX,BK,F
14:46:45,INDF,RG,6625,14,F,AK,DH,D
14:46:45,INDF,RG,6625,1,F,AK,LG,D
14:46:45,INDF,RG,6625,10,F,AK,XL,D
14:46:45,INDF,RG,6625,5,F,AK,XL,D
14:46:45,INDF,RG,6600,6,F,DX,AK,F
14:46:45,INDF,RG,6600,50,F,DX,SQ,D
14:46:39,INDF,RG,6600,1,F,DX,BB,D
14:46:30,INDF,RG,6625,9,F,AK,XL,D
14:46:30,INDF,RG,6625,12,F,AK,XL,D
14:46:30,INDF,RG,6625,3,F,AK,XL,D
14:46:04,INDF,RG,6600,13,F,DX,BK,F
14:46:03,INDF,RG,6600,20,F,DX,DP,F
14:46:02,INDF,RG,6600,2,F,DX,BK,F
14:46:02,INDF,RG,6600,2,F,ZP,BK,F
14:46:02,INDF,RG,6600,9,D,YP,BK,F
14:46:00,INDF,RG,6625,5,F,AK,XL,D
14:46:00,INDF,RG,6600,1,D,YP,AK,F
14:46:00,INDF,RG,6600,9,F,DX,AK,F
14:46:00,INDF,RG,6625,3,F,YU,XL,D
14:46:00,INDF,RG,6625,8,F,YU,XL,D
14:45:57,INDF,RG,6600,1,F,DX,DH,D
14:45:56,INDF,RG,6600,17,F,DX,BK,F
14:45:55,INDF,RG,6600,70,F,DX,CS,F
14:45:55,INDF,RG,6600,12,F,DX,DR,D
14:45:55,INDF,RG,6600,5,F,ZP,DR,D
14:45:55,INDF,RG,6600,5,D,PD,DR,D
14:45:55,INDF,RG,6600,56,F,DX,DR,D
14:45:46,INDF,RG,6600,13,F,DX,BK,F
14:45:45,INDF,RG,6600,17,F,DX,PD,D
14:45:45,INDF,RG,6600,1,F,ZP,PD,D
14:45:45,INDF,RG,6600,2,F,DX,PD,D
14:45:44,INDF,RG,6600,10,F,DX,GR,D
14:45:31,INDF,RG,6600,5,F,DX,XC,D
14:45:30,INDF,RG,6625,1,F,AK,XL,D
14:45:30,INDF,RG,6625,3,F,AK,XL,D
14:45:30,INDF,RG,6625,1,F,AK,OD,D
14:45:30,INDF,RG,6625,1,F,AK,YP,D
14:45:30,INDF,RG,6600,1,F,DX,XC,D
14:45:28,INDF,RG,6600,2,F,DX,YP,D
14:45:13,INDF,RG,6600,13,F,DX,BK,F
14:45:08,INDF,RG,6600,21,F,DX,BK,F
14:45:08,INDF,RG,6600,6,F,DX,ZP,F
14:45:08,INDF,RG,6600,68,F,DX,YP,D
14:45:08,INDF,RG,6600,12,F,DX,YP,D
14:45:07,INDF,RG,6600,50,F,DX,LG,D
14:45:04,INDF,RG,6600,1,F,DX,PD,D
14:44:58,INDF,RG,6600,13,F,DX,XC,D
14:44:48,INDF,RG,6600,1,F,DX,CS,F
14:44:48,INDF,RG,6600,8,F,DX,CS,F
14:44:48,INDF,RG,6600,2,D,LG,CS,F
14:44:48,INDF,RG,6600,85,F,DX,CS,F
14:44:48,INDF,RG,6600,30,F,DX,CS,F
14:44:36,INDF,RG,6600,4,F,DX,CC,D
14:44:30,INDF,RG,6625,100,D,YU,SQ,D
14:44:30,INDF,RG,6625,35,F,YU,SQ,D
14:44:30,INDF,RG,6625,1,F,YU,PD,D
14:44:30,INDF,RG,6625,10,F,YU,CC,D
14:44:30,INDF,RG,6625,30,F,YU,SQ,D
14:44:30,INDF,RG,6625,3,F,YU,SQ,D
14:44:30,INDF,RG,6625,5,F,YU,PD,D
14:44:30,INDF,RG,6625,2,F,YU,KK,D
14:44:30,INDF,RG,6625,1,F,YU,CC,D
14:44:30,INDF,RG,6625,2,F,YU,XC,D
14:44:30,INDF,RG,6600,20,F,DX,DP,F
14:44:28,INDF,RG,6600,6,F,DX,ZP,F
14:44:19,INDF,RG,6600,1,F,DX,XL,D
14:44:15,INDF,RG,6625,2,F,AK,XC,D
14:44:15,INDF,RG,6625,73,F,AK,YU,D
14:44:15,INDF,RG,6625,10,F,AK,YU,D
14:44:12,INDF,RG,6600,1,F,DX,BQ,D
14:44:09,INDF,RG,6600,10,F,DX,PD,D
14:44:02,INDF,RG,6600,5,F,DX,BQ,D
14:44:01,INDF,RG,6600,1,F,DX,CC,D
14:44:00,INDF,RG,6625,17,F,YU,YU,D
14:44:00,INDF,RG,6625,5,F,YU,XC,D
14:43:47,INDF,RG,6600,5,F,DX,ZP,F
14:43:45,INDF,RG,6625,10,F,AK,XC,D
14:43:45,INDF,RG,6625,22,F,AK,YP,D
14:43:36,INDF,RG,6600,10,F,DX,SQ,D
14:43:32,INDF,RG,6625,2,D,DR,YP,D
14:43:27,INDF,RG,6600,15,F,DX,BQ,D
14:43:27,INDF,RG,6600,1,F,ZP,BQ,D
14:43:27,INDF,RG,6600,1,F,ZP,BQ,D
14:43:27,INDF,RG,6600,23,D,YU,BQ,D
14:43:15,INDF,RG,6600,6,D,YU,ZP,F
14:43:15,INDF,RG,6600,4,F,DX,ZP,F
14:43:15,INDF,RG,6600,7,F,DX,ZP,F
14:43:05,INDF,RG,6600,1,F,DX,DR,D
14:42:49,INDF,RG,6600,5,F,DX,XL,D
14:42:45,INDF,RG,6600,21,D,DR,DP,F
14:42:41,INDF,RG,6625,50,D,SQ,YP,D
14:42:39,INDF,RG,6600,1,D,DR,DX,D
14:42:39,INDF,RG,6600,29,F,DX,DX,D
14:42:06,INDF,RG,6600,1,F,DX,XC,D
14:42:05,INDF,RG,6600,2,F,DX,TP,D
14:42:01,INDF,RG,6600,1,F,DX,PD,D
14:41:47,INDF,RG,6600,1,F,DX,NI,D
14:41:34,INDF,RG,6600,49,F,DX,CS,F
14:41:34,INDF,RG,6600,56,F,DX,CS,F
14:41:34,INDF,RG,6600,37,F,DX,CS,F
14:41:32,INDF,RG,6625,3,D,XC,YP,D
14:41:30,INDF,RG,6625,38,D,YU,YP,D
14:41:26,INDF,RG,6600,9,F,DX,ZP,F
14:41:26,INDF,RG,6600,1,F,DX,YP,D
14:41:10,INDF,RG,6600,7,F,DX,PD,D
14:41:06,INDF,RG,6600,2,F,DX,YP,D
14:41:05,INDF,RG,6600,2,F,DX,CC,D
14:41:00,INDF,RG,6625,14,F,YU,YP,D
14:40:45,INDF,RG,6625,103,F,AK,YP,D
14:40:45,INDF,RG,6600,55,F,DX,AK,F
14:40:42,INDF,RG,6625,8,D,DR,YP,D
14:40:29,INDF,RG,6600,6,F,DX,ZP,F
14:40:29,INDF,RG,6600,98,F,DX,CS,F
14:40:29,INDF,RG,6600,63,F,DX,CS,F
14:40:29,INDF,RG,6600,161,F,DX,YP,D
14:40:29,INDF,RG,6600,1,F,ZP,YP,D
14:40:29,INDF,RG,6600,1,F,ZP,YP,D
14:40:29,INDF,RG,6600,24,D,YU,YP,D
14:40:29,INDF,RG,6600,52,D,YU,YP,D
14:40:29,INDF,RG,6600,2,F,ZP,YP,D
14:40:29,INDF,RG,6600,23,D,YU,YP,D
14:40:29,INDF,RG,6600,35,F,YU,YP,D
14:40:29,INDF,RG,6600,1,D,CC,YP,D
14:40:15,INDF,RG,6625,23,F,AK,YP,D
14:40:00,INDF,RG,6625,53,F,YU,YP,D
14:40:00,INDF,RG,6625,84,D,YU,YP,D
14:39:52,INDF,RG,6600,11,D,CC,DP,F
14:39:52,INDF,RG,6600,112,D,CC,CS,F
14:39:52,INDF,RG,6600,6,D,CC,ZP,F
14:39:52,INDF,RG,6600,130,D,CC,CS,F
14:39:52,INDF,RG,6600,4,D,CC,PD,D
14:39:52,INDF,RG,6600,1,D,CC,BB,D
14:39:52,INDF,RG,6600,34,D,CC,DP,F
14:39:52,INDF,RG,6600,2,D,CC,PD,D
14:39:52,INDF,RG,6600,5,D,CC,YP,D
14:39:52,INDF,RG,6600,1,D,CC,PD,D
14:39:52,INDF,RG,6600,25,D,CC,LG,D
14:39:52,INDF,RG,6600,10,D,CC,XC,D
14:39:52,INDF,RG,6600,2,D,CC,YP,D
14:39:52,INDF,RG,6600,7,D,CC,XC,D
14:39:52,INDF,RG,6600,2,D,CC,YP,D
14:39:52,INDF,RG,6600,30,D,CC,GR,D
14:39:52,INDF,RG,6600,1,D,CC,OD,D
14:39:52,INDF,RG,6600,1,D,CC,NI,D
14:39:52,INDF,RG,6600,4,D,CC,CC,F
14:39:52,INDF,RG,6600,1,D,CC,CC,D
14:39:52,INDF,RG,6600,1,D,CC,DH,D
14:39:52,INDF,RG,6600,50,D,CC,YP,D
14:39:52,INDF,RG,6600,1,D,CC,BQ,D
14:39:52,INDF,RG,6600,1,D,CC,XC,D
14:39:52,INDF,RG,6600,3,D,CC,ZP,F
14:39:52,INDF,RG,6600,54,D,CC,CC,D
14:39:30,INDF,RG,6600,46,D,CC,CC,D
14:39:30,INDF,RG,6600,1,D,CC,DP,F
14:39:30,INDF,RG,6600,1,D,CC,YP,D
14:39:30,INDF,RG,6600,50,D,CC,AG,D
14:39:30,INDF,RG,6600,1,D,CC,OD,D
14:39:30,INDF,RG,6600,20,D,CC,CC,D
14:39:30,INDF,RG,6600,1,D,CC,YU,D
14:39:30,INDF,RG,6600,1,D,CC,PD,D
14:39:30,INDF,RG,6600,12,D,CC,ZP,F
14:39:30,INDF,RG,6600,1,D,CC,BB,D
14:39:30,INDF,RG,6600,1,D,CC,YP,D
14:39:30,INDF,RG,6600,3,D,CC,CC,F
14:39:30,INDF,RG,6600,5,D,CC,CC,D
14:39:30,INDF,RG,6600,5,D,CC,YP,D
14:39:30,INDF,RG,6600,50,D,CC,LG,D
14:39:30,INDF,RG,6600,1,D,CC,PD,D
14:39:30,INDF,RG,6600,1,D,CC,XL,D
14:39:30,INDF,RG,6600,1,D,CC,CC,D
14:39:30,INDF,RG,6600,71,D,CC,AI,D
14:39:15,INDF,RG,6600,38,F,AK,AI,D
14:39:00,INDF,RG,6600,1,F,AK,AI,D
14:39:00,INDF,RG,6600,48,D,YU,AI,D
14:39:00,INDF,RG,6600,1,D,CC,AI,D
14:38:44,INDF,RG,6575,3,F,DX,ZP,F
14:38:19,INDF,RG,6600,6,F,ZP,AI,D
14:38:19,INDF,RG,6575,2,F,DX,ZP,F
14:38:19,INDF,RG,6575,2,D,YP,ZP,F
14:38:19,INDF,RG,6575,1,D,KK,ZP,F
14:38:19,INDF,RG,6575,1,D,YU,ZP,F
14:38:10,INDF,RG,6600,15,D,YP,AI,D
14:37:46,INDF,RG,6575,2,D,YU,BB,D
14:37:44,INDF,RG,6600,20,F,AK,AI,D
14:37:44,INDF,RG,6600,16,F,AK,YP,D
14:37:44,INDF,RG,6575,6,D,YU,ZP,F
14:37:44,INDF,RG,6600,70,F,DX,YP,D
14:37:44,INDF,RG,6600,2,F,DX,PD,D
14:37:44,INDF,RG,6600,1,F,DX,PD,D
14:37:44,INDF,RG,6600,6,F,DX,AK,F
14:37:41,INDF,RG,6600,2,D,XL,AK,F
14:37:22,INDF,RG,6600,3,D,GR,AK,F
14:37:22,INDF,RG,6600,7,D,GR,AK,F
14:37:15,INDF,RG,6600,6,F,AK,AK,F
14:37:15,INDF,RG,6600,14,F,AK,XC,D
14:37:15,INDF,RG,6600,2,F,AK,PD,D
14:37:15,INDF,RG,6600,1,F,AK,SQ,D
14:37:15,INDF,RG,6600,5,F,AK,EP,D
14:37:15,INDF,RG,6600,19,F,AK,CS,F
14:37:00,INDF,RG,6600,92,D,YU,CS,F
14:37:00,INDF,RG,6575,14,D,YU,ZP,F
14:37:00,INDF,RG,6600,9,D,CC,CS,F
14:37:00,INDF,RG,6600,20,D,CC,PD,D
14:37:00,INDF,RG,6600,50,D,CC,LG,D
14:37:00,INDF,RG,6600,1,D,CC,YP,D
14:37:00,INDF,RG,6600,5,D,CC,XL,D
14:37:00,INDF,RG,6600,198,D,CC,CS,F
14:36:02,INDF,RG,6600,92,F,DX,CS,F
14:36:00,INDF,RG,6575,22,D,YU,LG,D
14:36:00,INDF,RG,6575,3,F,YU,LG,D
14:36:00,INDF,RG,6600,7,D,YU,CS,F
14:36:00,INDF,RG,6600,1,D,YU,YP,D
14:36:00,INDF,RG,6600,1,D,YU,PD,D
14:36:00,INDF,RG,6600,16,D,YU,DR,D
14:36:00,INDF,RG,6600,1,D,YU,PD,D
14:36:00,INDF,RG,6600,10,D,YU,XC,D
14:36:00,INDF,RG,6600,10,D,YU,PD,D
14:36:00,INDF,RG,6600,1,D,YU,PD,D
14:36:00,INDF,RG,6600,1,D,YU,CC,D
14:36:00,INDF,RG,6600,56,D,YU,YP,D
14:35:35,INDF,RG,6575,17,F,YU,ZP,F
14:35:03,INDF,RG,6600,8,F,AK,YP,D
14:35:00,INDF,RG,6600,61,F,YU,YP,D
14:35:00,INDF,RG,6600,137,D,YU,YP,D
14:34:46,INDF,RG,6600,39,D,YU,YP,D
14:34:17,INDF,RG,6600,1,D,HP,YP,D
14:34:15,INDF,RG,6600,4,D,PD,YP,D
14:34:08,INDF,RG,6600,1,D,PD,YP,D
14:34:00,INDF,RG,6600,15,F,AK,YP,D
14:34:00,INDF,RG,6600,63,D,YU,YP,D
14:33:42,INDF,RG,6575,6,D,YU,ZP,F
14:32:59,INDF,RG,6550,10,D,RO,ZP,F
14:32:58,INDF,RG,6575,3,F,YU,ZP,F
14:32:58,INDF,RG,6575,13,F,YU,CS,F
14:32:58,INDF,RG,6575,2,F,ZP,CS,F
14:32:58,INDF,RG,6575,1,F,ZP,CS,F
14:32:58,INDF,RG,6575,22,D,YU,CS,F
14:32:58,INDF,RG,6575,9,F,DX,CS,F
14:32:58,INDF,RG,6575,60,F,DX,CS,F
14:32:58,INDF,RG,6575,5,D,DR,CS,F
14:32:58,INDF,RG,6575,62,F,AK,CS,F
14:32:58,INDF,RG,6575,30,F,YU,CS,F
14:32:58,INDF,RG,6575,9,F,DX,CS,F
14:32:58,INDF,RG,6575,1,D,YP,CS,F
14:32:58,INDF,RG,6575,29,D,YU,CS,F
14:32:30,INDF,RG,6600,11,F,AK,YP,D
14:32:00,INDF,RG,6600,44,D,YU,YP,D
14:32:00,INDF,RG,6600,67,D,YU,YP,D
14:31:51,INDF,RG,6600,87,F,AK,YP,D
14:31:50,INDF,RG,6575,1,D,YU,XC,D
14:31:45,INDF,RG,6600,6,F,AK,YP,D
14:31:45,INDF,RG,6600,2,F,AK,YP,D
14:31:45,INDF,RG,6600,1,F,AK,BQ,D
14:31:45,INDF,RG,6600,1,F,AK,YP,D
14:31:39,INDF,RG,6575,1,D,YU,ZP,F
14:31:39,INDF,RG,6575,2,D,CC,ZP,F
14:31:39,INDF,RG,6575,1,D,PD,ZP,F
14:31:39,INDF,RG,6575,6,F,DX,ZP,F
14:30:59,INDF,RG,6575,2,F,DX,XC,D
14:30:35,INDF,RG,6575,11,F,DX,ZP,F
14:30:35,INDF,RG,6575,18,F,DX,CS,F
14:30:35,INDF,RG,6575,50,D,SQ,CS,F
14:30:35,INDF,RG,6575,15,D,DR,CS,F
14:30:35,INDF,RG,6575,34,D,YU,CS,F
14:30:35,INDF,RG,6575,24,F,YU,CS,F
14:30:35,INDF,RG,6575,24,D,YU,CS,F
14:30:35,INDF,RG,6575,1,D,PD,CS,F
14:30:35,INDF,RG,6575,4,D,XL,CS,F
14:30:35,INDF,RG,6575,1,D,XL,CS,F
14:30:35,INDF,RG,6575,1,F,ZP,CS,F
14:30:35,INDF,RG,6575,50,F,DX,CS,F
14:30:30,INDF,RG,6575,16,F,DX,KK,D
14:29:57,INDF,RG,6575,1,F,DX,PD,D
14:28:44,INDF,RG,6600,15,D,CC,YP,D
14:28:38,INDF,RG,6575,7,F,AK,ZP,F
14:28:38,INDF,RG,6575,1,F,AK,XC,D
14:28:38,INDF,RG,6550,6,D,RO,ZP,F
14:28:27,INDF,RG,6575,11,F,DX,CS,F
14:28:27,INDF,RG,6575,1,F,ZP,CS,F
14:28:27,INDF,RG,6575,22,F,YU,CS,F
14:28:27,INDF,RG,6575,6,D,YU,CS,F
14:28:00,INDF,RG,6575,36,D,YU,CS,F
14:28:00,INDF,RG,6575,8,D,YU,ZP,F
14:28:00,INDF,RG,6575,32,D,YU,CS,F
14:27:47,INDF,RG,6550,1,D,RO,XL,D
14:27:35,INDF,RG,6575,1,F,ZP,CS,F
14:27:33,INDF,RG,6575,2,D,YP,CS,F
14:27:26,INDF,RG,6575,4,D,YU,CS,F
14:27:20,INDF,RG,6600,2,D,SQ,YP,D
14:27:17,INDF,RG,6575,2,D,YU,DR,D
14:27:16,INDF,RG,6575,18,D,YU,CS,F
14:27:16,INDF,RG,6575,18,D,YU,CS,F
14:27:16,INDF,RG,6575,33,D,YU,CS,F
14:27:00,INDF,RG,6575,5,D,YU,ZP,F
14:26:56,INDF,RG,6575,3,D,PD,CS,F
14:26:34,INDF,RG,6550,6,D,RO,ZP,F
14:26:34,INDF,RG,6575,16,F,DX,CS,F
14:26:34,INDF,RG,6575,38,F,AK,CS,F
14:26:34,INDF,RG,6575,1,F,ZP,CS,F
14:26:34,INDF,RG,6575,19,F,YU,CS,F
14:26:00,INDF,RG,6575,9,F,YU,CS,F
14:26:00,INDF,RG,6575,6,F,YU,CS,F
14:26:00,INDF,RG,6575,33,D,YU,CS,F
14:26:00,INDF,RG,6575,6,D,YU,ZP,F
14:26:00,INDF,RG,6575,25,D,YU,CS,F
14:25:49,INDF,RG,6600,81,F,DX,YP,D
14:25:49,INDF,RG,6600,1,F,DX,YP,D
14:25:48,INDF,RG,6550,250,D,RO,YP,D
14:25:20,INDF,RG,6550,5,D,RO,ZP,F
14:25:05,INDF,RG,6600,30,D,YP,BK,F
14:25:05,INDF,RG,6600,5,D,YP,DR,D
14:25:05,INDF,RG,6600,10,D,YP,CC,D
14:25:05,INDF,RG,6600,20,D,YP,XC,D
14:25:05,INDF,RG,6600,2,D,YP,CS,F
14:25:01,INDF,RG,6575,1,F,ZP,CS,F
14:25:00,INDF,RG,6575,33,D,YU,CS,F
14:24:52,INDF,RG,6550,18,D,RO,BK,F
14:24:50,INDF,RG,6550,12,D,RO,BK,F
14:24:44,INDF,RG,6550,79,D,RO,BK,F
14:24:41,INDF,RG,6600,43,F,DX,CS,F
14:24:41,INDF,RG,6600,1,F,DX,BQ,D
14:24:41,INDF,RG,6600,10,F,DX,EP,D
14:24:41,INDF,RG,6600,1,F,DX,DR,D
14:24:41,INDF,RG,6600,1,F,DX,XC,D
14:24:41,INDF,RG,6600,1,F,DX,YP,D
14:24:41,INDF,RG,6600,10,F,DX,YP,D
14:24:41,INDF,RG,6600,1,F,DX,CC,D
14:24:41,INDF,RG,6600,59,F,DX,CC,D
14:24:40,INDF,RG,6600,34,F,DX,CC,D
14:24:40,INDF,RG,6600,5,F,DX,PD,D
14:24:40,INDF,RG,6600,1,F,DX,PD,D
14:24:40,INDF,RG,6600,100,F,DX,XC,D
14:24:40,INDF,RG,6600,33,F,DX,PD,D
14:24:40,INDF,RG,6550,139,D,RO,BK,F
14:24:40,INDF,RG,6550,1,D,RO,BK,F
14:24:40,INDF,RG,6550,2,D,PD,BK,F
14:24:40,INDF,RG,6550,5,D,XL,BK,F
14:24:40,INDF,RG,6550,6,D,YP,BK,F
14:24:40,INDF,RG,6550,15,D,CC,BK,F
14:24:40,INDF,RG,6550,18,D,YU,BK,F
14:24:40,INDF,RG,6550,2,D,PD,BK,F
14:24:40,INDF,RG,6550,1,D,YP,BK,F
14:24:40,INDF,RG,6550,1,D,PD,BK,F
14:24:40,INDF,RG,6550,1,D,YP,BK,F
14:24:40,INDF,RG,6550,6,D,IP,BK,F
14:24:37,INDF,RG,6600,67,F,DX,PD,D
14:24:37,INDF,RG,6600,94,F,DX,DP,F
14:24:37,INDF,RG,6600,50,F,DX,TP,D
14:24:37,INDF,RG,6600,1,F,DX,YP,D
14:24:37,INDF,RG,6600,1,F,DX,NI,D
14:24:37,INDF,RG,6600,4,F,DX,CC,D
14:24:37,INDF,RG,6600,1,F,DX,XL,D
14:24:37,INDF,RG,6600,3,F,DX,XC,D
14:24:37,INDF,RG,6600,2,F,DX,YP,D
14:24:37,INDF,RG,6600,5,F,DX,PD,D
14:24:37,INDF,RG,6600,2,F,DX,XC,D
14:24:37,INDF,RG,6600,3,F,DX,XL,D
14:24:37,INDF,RG,6600,5,F,DX,SQ,D
14:24:37,INDF,RG,6600,7,F,DX,XL,D
14:24:37,INDF,RG,6600,9,F,DX,AK,F
14:24:37,INDF,RG,6600,1,F,DX,YB,D
14:24:37,INDF,RG,6600,3,F,DX,AI,D
14:24:37,INDF,RG,6600,5,F,DX,CC,D
14:24:37,INDF,RG,6600,9,F,DX,AK,F
14:24:37,INDF,RG,6600,1,F,DX,XC,D
14:24:37,INDF,RG,6600,20,F,DX,CC,D
14:24:37,INDF,RG,6600,1,F,DX,XC,D
14:24:37,INDF,RG,6600,8,F,DX,AK,F
14:24:37,INDF,RG,6600,20,F,DX,XL,D
14:24:37,INDF,RG,6600,10,F,DX,NI,D
14:24:37,INDF,RG,6600,10,F,DX,XL,D
14:24:37,INDF,RG,6600,9,F,DX,AK,F
14:24:37,INDF,RG,6600,4,F,DX,YP,D
14:24:37,INDF,RG,6600,1,F,DX,ZP,F
14:24:37,INDF,RG,6600,1,F,DX,CC,D
14:24:37,INDF,RG,6600,3,F,DX,NI,D
14:24:37,INDF,RG,6600,16,F,DX,YP,D
14:24:37,INDF,RG,6600,1,F,DX,PD,D
14:24:37,INDF,RG,6600,5,F,DX,PD,D
14:24:37,INDF,RG,6600,4,F,DX,GR,D
14:24:37,INDF,RG,6600,2,F,DX,GR,D
14:24:37,INDF,RG,6600,6,F,DX,NI,D
14:24:37,INDF,RG,6600,1,F,DX,NI,D
14:24:37,INDF,RG,6550,4,D,IP,ZP,F
14:24:37,INDF,RG,6550,2,D,XL,ZP,F
14:24:37,INDF,RG,6550,1,D,YP,ZP,F
14:24:36,INDF,RG,6600,7,F,DX,NI,D
14:24:36,INDF,RG,6600,5,F,DX,YU,D
14:24:36,INDF,RG,6600,1,F,DX,PD,D
14:24:36,INDF,RG,6600,8,F,DX,SQ,D
14:24:36,INDF,RG,6600,82,F,DX,SQ,D
14:24:36,INDF,RG,6600,10,F,DX,SQ,D
14:24:36,INDF,RG,6600,3,F,DX,PD,D
14:24:36,INDF,RG,6600,50,F,DX,CP,D
14:24:36,INDF,RG,6600,5,F,DX,CC,D
14:24:36,INDF,RG,6600,1,F,DX,YP,D
14:24:36,INDF,RG,6600,1,F,DX,YP,D
14:24:36,INDF,RG,6600,2,F,DX,PD,D
14:24:36,INDF,RG,6600,2,F,DX,XC,D
14:24:36,INDF,RG,6600,1,F,DX,KK,D
14:24:36,INDF,RG,6600,5,F,DX,PD,D
14:24:36,INDF,RG,6600,10,F,DX,CC,D
14:24:36,INDF,RG,6600,23,F,DX,XL,D
14:24:36,INDF,RG,6600,3,F,DX,NI,D
14:24:36,INDF,RG,6600,1,F,DX,XC,D
14:24:36,INDF,RG,6600,10,F,DX,OD,D
14:24:36,INDF,RG,6600,1,F,DX,CC,D
14:24:36,INDF,RG,6600,2,F,DX,XL,D
14:24:36,INDF,RG,6600,1,F,DX,NI,D
14:24:36,INDF,RG,6600,10,F,DX,PD,D
14:24:36,INDF,RG,6600,10,F,DX,AG,F
14:24:36,INDF,RG,6600,1,F,DX,YP,D
14:24:36,INDF,RG,6600,100,F,DX,XC,D
14:24:36,INDF,RG,6600,1,F,DX,CP,D
14:24:36,INDF,RG,6600,1,F,DX,BQ,D
14:24:36,INDF,RG,6600,6,F,DX,PD,D
14:24:36,INDF,RG,6600,1,F,DX,YP,D
14:24:36,INDF,RG,6600,1,F,DX,NI,D
14:24:36,INDF,RG,6600,1,F,DX,SQ,D
14:24:36,INDF,RG,6600,3,F,DX,PD,D
14:24:36,INDF,RG,6600,50,F,DX,YP,F
14:24:36,INDF,RG,6600,55,F,DX,YP,D
14:24:36,INDF,RG,6600,20,F,DX,DR,D
14:24:36,INDF,RG,6600,1,F,DX,XC,D
14:24:36,INDF,RG,6600,6,F,DX,OD,D
14:24:36,INDF,RG,6600,2,F,DX,XC,D
14:24:36,INDF,RG,6600,10,F,DX,GR,D
14:24:36,INDF,RG,6600,2,F,DX,NI,D
14:24:36,INDF,RG,6600,1,F,DX,CC,D
14:24:36,INDF,RG,6600,1,F,DX,PD,D
14:24:36,INDF,RG,6600,10,F,DX,SQ,D
14:24:36,INDF,RG,6600,50,F,DX,KK,D
14:24:36,INDF,RG,6600,60,F,DX,YP,D
14:24:36,INDF,RG,6600,52,F,DX,YP,D
14:24:36,INDF,RG,6600,31,F,DX,YP,D
14:24:36,INDF,RG,6600,7,F,DX,YP,D
14:24:36,INDF,RG,6600,3,F,DX,CC,D
14:24:36,INDF,RG,6600,50,F,DX,SQ,D
14:24:36,INDF,RG,6600,5,F,DX,CC,D
14:24:36,INDF,RG,6600,1,F,DX,XC,D
14:24:36,INDF,RG,6600,1,F,DX,YP,D
14:24:36,INDF,RG,6600,2,F,DX,NI,D
14:24:36,INDF,RG,6600,72,F,DX,NI,D
14:24:36,INDF,RG,6600,13,F,DX,NI,D
14:24:12,INDF,RG,6575,3,D,YU,CS,F
14:24:03,INDF,RG,6575,3,D,YU,CS,F
14:24:02,INDF,RG,6575,12,D,YU,BK,F
14:24:00,INDF,RG,6575,1,D,YU,CS,F
14:24:00,INDF,RG,6575,16,D,YU,CS,F
14:23:58,INDF,RG,6550,19,F,DX,BK,F
14:23:56,INDF,RG,6550,48,F,DX,BK,F
14:23:56,INDF,RG,6550,1,D,PD,BK,F
14:23:56,INDF,RG,6550,61,D,YU,BK,F
14:23:56,INDF,RG,6550,2,D,PD,BK,F
14:23:56,INDF,RG,6550,4,D,YP,BK,F
14:23:52,INDF,RG,6575,57,F,AK,BK,F
14:23:51,INDF,RG,6575,57,F,DX,BK,F
14:23:51,INDF,RG,6575,20,F,DX,DP,F
14:23:51,INDF,RG,6575,10,D,DR,DP,F
14:23:49,INDF,RG,6575,11,D,DR,CC,D
14:23:49,INDF,RG,6575,1,D,DR,ZP,F
14:23:49,INDF,RG,6575,10,D,DR,BB,D
14:23:48,INDF,RG,6575,1,F,ZP,BK,F
14:23:48,INDF,RG,6575,22,D,YU,BK,F
14:23:47,INDF,RG,6575,15,D,YU,DP,F
14:23:47,INDF,RG,6575,2,F,ZP,DP,F
14:23:47,INDF,RG,6575,9,F,DX,DP,F
14:23:47,INDF,RG,6575,6,D,YP,DP,F
14:23:47,INDF,RG,6575,50,D,PD,DP,F
14:23:47,INDF,RG,6575,6,D,YP,DP,F
14:23:47,INDF,RG,6575,10,F,DX,DP,F
14:23:47,INDF,RG,6575,1,F,ZP,DP,F
14:23:47,INDF,RG,6575,10,D,YP,DP,F
14:23:47,INDF,RG,6575,1,D,EP,DP,F
14:23:47,INDF,RG,6575,1,F,YU,DP,F
14:23:46,INDF,RG,6575,34,F,YU,CS,F
14:23:46,INDF,RG,6575,9,F,DX,CS,F
14:23:46,INDF,RG,6575,21,D,DR,CS,F
14:23:46,INDF,RG,6575,1,D,EP,CS,F
14:23:46,INDF,RG,6575,15,D,DR,CS,F
14:23:46,INDF,RG,6575,1,D,XC,CS,F
14:23:46,INDF,RG,6575,1,D,CC,CS,F
14:23:46,INDF,RG,6575,1,D,XC,CS,F
14:23:46,INDF,RG,6575,10,F,ZP,CS,F
14:23:46,INDF,RG,6575,1,D,EP,CS,F
14:23:46,INDF,RG,6575,3,D,XL,CS,F
14:23:46,INDF,RG,6575,8,F,DX,CS,F
14:23:46,INDF,RG,6575,1,F,ZP,CS,F
14:23:46,INDF,RG,6575,50,F,DX,CS,F
14:23:46,INDF,RG,6575,3,F,DX,CS,F
14:23:46,INDF,RG,6575,31,F,DX,CS,F
14:23:46,INDF,RG,6575,1,D,OD,CS,F
14:23:46,INDF,RG,6575,1,D,RG,CS,F
14:23:46,INDF,RG,6575,5,D,CC,CS,F
14:23:46,INDF,RG,6575,32,F,AK,CS,F
14:23:46,INDF,RG,6575,11,F,DX,CS,F
14:23:46,INDF,RG,6575,1,F,AK,CS,F
14:23:46,INDF,RG,6575,10,F,DX,CS,F
14:23:46,INDF,RG,6575,15,F,YU,CS,F
14:23:46,INDF,RG,6575,1,F,ZP,CS,F
14:23:46,INDF,RG,6575,4,D,XL,CS,F
14:23:46,INDF,RG,6575,13,F,YU,CS,F
14:23:46,INDF,RG,6575,18,F,YU,ZP,F
14:23:46,INDF,RG,6575,24,F,YU,CS,F
14:23:46,INDF,RG,6575,45,F,YU,CP,D
14:23:46,INDF,RG,6575,3,D,XL,CP,D
14:23:46,INDF,RG,6575,1,D,GR,CP,D
14:23:46,INDF,RG,6575,11,F,DX,CP,D
14:23:46,INDF,RG,6575,23,F,AK,CP,D
14:23:46,INDF,RG,6575,24,F,AK,CP,D
14:23:46,INDF,RG,6575,17,F,AK,CP,D
14:23:46,INDF,RG,6575,93,F,DX,CP,D
14:23:46,INDF,RG,6575,1,D,NI,CP,D
14:23:46,INDF,RG,6575,400,D,NI,CP,D
14:23:46,INDF,RG,6575,100,F,DX,CP,D
14:23:46,INDF,RG,6575,81,F,DX,CP,D
14:23:46,INDF,RG,6575,1,D,PD,CP,D
14:23:46,INDF,RG,6575,55,D,DR,CP,D
14:23:46,INDF,RG,6575,9,F,DX,CP,D
14:23:46,INDF,RG,6575,1,D,XC,CP,D
14:23:46,INDF,RG,6575,3,F,ZP,CP,D
14:23:46,INDF,RG,6575,1,D,PD,CP,D
14:23:46,INDF,RG,6575,1,D,PD,CP,D
14:23:46,INDF,RG,6575,9,F,DX,CP,D
14:23:46,INDF,RG,6575,37,F,DX,CP,D
14:23:46,INDF,RG,6575,84,F,DX,CP,D
14:23:15,INDF,RG,6575,22,F,DX,AK,F
14:23:00,INDF,RG,6600,61,F,YU,NI,D
14:22:19,INDF,RG,6575,21,D,YP,BK,F
14:22:15,INDF,RG,6600,7,F,AK,NI,D
14:22:02,INDF,RG,6575,11,D,YP,BK,F
14:22:00,INDF,RG,6600,53,D,YU,NI,D
14:22:00,INDF,RG,6600,69,D,YU,NI,D
14:22:00,INDF,RG,6575,10,D,YP,CC,D
14:21:58,INDF,RG,6575,20,D,YP,BK,F
14:21:53,INDF,RG,6575,26,D,YP,BK,F
14:21:52,INDF,RG,6575,18,D,YP,ZP,F
14:21:52,INDF,RG,6575,134,D,YP,XC,D
14:21:52,INDF,RG,6575,20,D,CC,XC,D
14:21:00,INDF,RG,6600,19,D,YU,NI,D
14:20:48,INDF,RG,6575,5,D,CC,BK,F
14:20:48,INDF,RG,6575,1,D,YP,BK,F
14:20:48,INDF,RG,6575,15,F,DX,BK,F
14:20:48,INDF,RG,6575,69,F,DX,YP,D
14:20:48,INDF,RG,6575,50,D,PD,YP,D
14:20:48,INDF,RG,6575,1,F,ZP,YP,D
14:20:48,INDF,RG,6575,12,F,DX,YP,D
14:20:48,INDF,RG,6575,1,D,XL,YP,D
14:20:48,INDF,RG,6575,17,F,DX,YP,D
14:20:31,INDF,RG,6600,2,D,AT,NI,D
14:20:06,INDF,RG,6575,20,F,DX,BK,F
14:20:02,INDF,RG,6575,28,F,DX,BK,F
14:20:02,INDF,RG,6575,5,F,ZP,BK,F
14:20:02,INDF,RG,6575,12,F,YU,BK,F
14:20:01,INDF,RG,6600,96,F,DX,NI,D
14:20:00,INDF,RG,6600,106,D,YU,NI,D
14:20:00,INDF,RG,6600,3,D,YU,SQ,D
14:20:00,INDF,RG,6600,2,D,YU,SQ,D
14:20:00,INDF,RG,6600,15,D,YU,SQ,D
14:20:00,INDF,RG,6600,44,D,YU,DH,D
14:20:00,INDF,RG,6600,9,D,YU,DR,D
14:20:00,INDF,RG,6575,7,F,YU,ZP,F
14:19:27,INDF,RG,6575,5,F,YU,PD,D
14:19:27,INDF,RG,6575,5,F,DX,PD,D
14:19:21,INDF,RG,6575,4,F,DX,BK,F
14:19:21,INDF,RG,6575,7,F,AK,BK,F
14:19:18,INDF,RG,6575,32,F,AK,BK,F
14:19:18,INDF,RG,6575,6,F,AK,BK,F
14:19:18,INDF,RG,6575,5,F,AK,BK,F
14:19:18,INDF,RG,6575,8,F,DX,BK,F
14:19:15,INDF,RG,6575,204,F,DX,CS,F
14:19:15,INDF,RG,6575,31,F,DX,CS,F
14:19:15,INDF,RG,6575,24,F,DX,CS,F
14:19:14,INDF,RG,6575,59,F,DX,BK,F
14:19:14,INDF,RG,6575,5,F,DX,ZP,F
14:19:14,INDF,RG,6575,73,F,DX,CS,F
14:19:14,INDF,RG,6575,46,D,NI,CS,F
14:19:14,INDF,RG,6575,128,D,NI,CS,F
14:19:14,INDF,RG,6575,144,D,NI,CS,F
14:19:06,INDF,RG,6575,12,D,NI,BK,F
14:19:04,INDF,RG,6600,6,F,DX,DR,D
14:19:04,INDF,RG,6600,1,F,DX,LG,D
14:19:04,INDF,RG,6600,1,F,DX,CC,D
14:19:04,INDF,RG,6600,1,F,DX,XC,D
14:19:04,INDF,RG,6600,43,F,DX,DR,D
14:19:04,INDF,RG,6600,2,F,DX,DR,D
14:19:04,INDF,RG,6600,15,F,DX,OD,D
14:19:04,INDF,RG,6600,1,F,DX,EP,D
14:19:02,INDF,RG,6600,5,F,DX,EP,D
14:19:02,INDF,RG,6600,9,F,DX,OD,D
14:18:59,INDF,RG,6575,10,D,NI,OD,D
14:18:46,INDF,RG,6575,2,D,NI,BB,D
14:18:42,INDF,RG,6575,14,D,NI,ZP,F
14:18:26,INDF,RG,6575,1,D,NI,XL,D
14:18:11,INDF,RG,6600,6,F,AK,OD,D
14:18:10,INDF,RG,6575,1,D,NI,SQ,D
14:18:04,INDF,RG,6575,20,D,NI,BK,F
14:18:00,INDF,RG,6600,13,F,YU,OD,D
14:18:00,INDF,RG,6600,5,F,YU,OD,D
14:18:00,INDF,RG,6600,10,F,YU,AO,D
14:18:00,INDF,RG,6600,10,F,YU,DH,D
14:18:00,INDF,RG,6600,5,F,YU,KK,D
14:18:00,INDF,RG,6600,2,F,YU,NI,D
14:18:00,INDF,RG,6600,15,F,YU,NI,D
14:17:24,INDF,RG,6575,12,D,NI,BK,F
14:17:21,INDF,RG,6575,39,D,NI,BK,F
14:17:19,INDF,RG,6575,300,D,NI,IF,D
14:17:13,INDF,RG,6575,21,D,NI,BK,F
14:17:11,INDF,RG,6575,56,D,NI,BK,F
14:17:10,INDF,RG,6575,13,D,NI,ZP,F
14:17:10,INDF,RG,6575,181,D,NI,IF,D
14:17:10,INDF,RG,6575,44,F,DX,IF,D
14:17:10,INDF,RG,6575,64,F,DX,IF,D
14:17:10,INDF,RG,6575,83,F,DX,IF,D
14:17:10,INDF,RG,6575,28,F,DX,IF,D
14:17:06,INDF,RG,6575,12,F,DX,AK,F
14:17:00,INDF,RG,6575,20,F,DX,BK,F
14:17:00,INDF,RG,6600,33,D,YU,NI,D
14:17:00,INDF,RG,6600,3,D,YU,KK,D
14:17:00,INDF,RG,6600,35,D,YU,PD,D
14:17:00,INDF,RG,6600,45,D,YU,PD,D
14:16:05,INDF,RG,6575,1,F,DX,CC,D
14:16:00,INDF,RG,6600,20,F,AK,PD,D
14:16:00,INDF,RG,6600,70,F,AK,IF,D
14:15:59,INDF,RG,6600,13,F,DX,IF,D
14:15:53,INDF,RG,6600,1,D,YP,IF,D
14:15:47,INDF,RG,6575,18,F,DX,ZP,F
14:15:45,INDF,RG,6600,9,F,AK,IF,D
14:15:00,INDF,RG,6600,18,D,YU,IF,D
14:14:33,INDF,RG,6600,86,F,DX,IF,D
14:14:30,INDF,RG,6600,88,F,DX,IF,D
14:14:28,INDF,RG,6600,9,F,AK,IF,D
14:14:27,INDF,RG,6600,6,D,DR,IF,D
14:14:27,INDF,RG,6600,1,D,DR,PD,D
14:14:00,INDF,RG,6600,20,D,YU,AT,D
14:14:00,INDF,RG,6600,1,D,YU,PD,D
14:14:00,INDF,RG,6600,1,D,YU,CC,D
14:14:00,INDF,RG,6600,8,D,YU,PD,D
14:14:00,INDF,RG,6600,4,D,YU,PD,D
14:14:00,INDF,RG,6600,7,D,YU,PD,D
14:14:00,INDF,RG,6600,5,D,YU,PD,D
14:14:00,INDF,RG,6600,70,D,YU,YP,D
14:14:00,INDF,RG,6600,74,D,YU,YP,D
14:13:51,INDF,RG,6575,1,F,DX,ZP,F
14:13:51,INDF,RG,6575,9,F,DX,ZP,F
14:13:45,INDF,RG,6575,10,F,DX,AK,F
14:13:19,INDF,RG,6600,14,F,DX,YP,D
14:13:15,INDF,RG,6600,23,F,AK,YP,D
14:12:47,INDF,RG,6575,20,F,DX,ZP,F
14:12:45,INDF,RG,6600,7,F,AK,YP,D
14:12:00,INDF,RG,6600,81,F,YU,YP,D
14:11:15,INDF,RG,6575,9,F,DX,AK,F
14:10:43,INDF,RG,6575,1,F,DX,ZP,F
14:10:43,INDF,RG,6575,1,F,ZP,ZP,F
14:10:43,INDF,RG,6575,16,D,AI,ZP,F
14:10:19,INDF,RG,6600,73,F,DX,YP,D
14:10:16,INDF,RG,6600,24,D,DR,YP,D
14:10:00,INDF,RG,6600,94,D,YU,YP,D
14:10:00,INDF,RG,6600,75,D,YU,YP,D
14:10:00,INDF,RG,6600,19,D,YU,YP,D
14:09:45,INDF,RG,6600,5,F,AK,YP,D
14:09:10,INDF,RG,6600,71,F,DX,YP,D
14:09:10,INDF,RG,6600,92,F,DX,YP,D
14:09:09,INDF,RG,6575,2,D,AI,CC,D
14:09:07,INDF,RG,6575,100,D,AI,YP,D
14:09:06,INDF,RG,6600,10,F,AK,YP,D
14:08:46,INDF,RG,6575,100,D,AI,OD,D
14:08:42,INDF,RG,6575,1,D,AI,ZP,F
14:08:33,INDF,RG,6575,20,D,AI,ZP,F
14:08:30,INDF,RG,6575,9,D,AI,AK,F
14:08:00,INDF,RG,6600,50,F,YU,YP,D
14:08:00,INDF,RG,6600,57,D,YU,YP,D
14:08:00,INDF,RG,6600,13,F,YU,YP,D
14:08:00,INDF,RG,6600,4,F,AK,YP,D
14:07:43,INDF,RG,6600,1,D,SQ,YP,D
14:07:07,INDF,RG,6600,8,D,XL,YP,D
14:07:00,INDF,RG,6600,52,D,YU,YP,D
14:06:29,INDF,RG,6575,18,D,AI,ZP,F
14:06:00,INDF,RG,6600,50,D,YU,YP,D
14:06:00,INDF,RG,6600,5,F,AK,YP,D
14:04:32,INDF,RG,6575,7,D,AI,ZP,F
14:04:26,INDF,RG,6600,1,D,NI,YP,D
14:04:15,INDF,RG,6600,1,F,AK,YP,D
14:04:03,INDF,RG,6600,100,F,DX,YP,D
14:04:01,INDF,RG,6575,9,D,AI,PD,D
14:04:00,INDF,RG,6600,81,F,DX,YP,D
14:04:00,INDF,RG,6600,50,F,YU,YP,D
14:04:00,INDF,RG,6600,53,D,YU,YP,D
14:04:00,INDF,RG,6600,17,D,YU,YP,D
14:03:46,INDF,RG,6575,14,D,AI,ZP,F
14:03:43,INDF,RG,6600,15,D,PD,YP,D
14:03:15,INDF,RG,6600,7,F,AK,YP,D
14:03:00,INDF,RG,6575,8,D,AI,AK,F
14:03:00,INDF,RG,6600,59,D,YU,YP,D
14:02:15,INDF,RG,6575,16,D,AI,ZP,F
14:02:03,INDF,RG,6575,23,D,AI,BK,F
14:02:00,INDF,RG,6600,57,D,YU,YP,D
14:01:59,INDF,RG,6600,82,F,AK,YP,D
14:01:58,INDF,RG,6575,2,D,AI,CC,D
14:01:43,INDF,RG,6600,1,D,XL,YP,D
14:01:15,INDF,RG,6600,9,F,AK,YP,D
14:01:00,INDF,RG,6575,7,D,AI,AK,F
14:00:51,INDF,RG,6600,6,F,AK,YP,D
14:00:35,INDF,RG,6575,17,D,AI,ZP,F
14:00:09,INDF,RG,6575,1,D,AI,OD,D
13:59:45,INDF,RG,6600,25,F,AK,YP,D
13:59:15,INDF,RG,6600,5,F,AK,YP,D
13:59:08,INDF,RG,6575,1,D,AI,XC,D
13:59:03,INDF,RG,6600,92,F,DX,YP,D
13:59:01,INDF,RG,6600,80,F,DX,YP,D
13:59:00,INDF,RG,6575,8,D,AI,AK,F
13:59:00,INDF,RG,6600,41,F,YU,YP,D
13:59:00,INDF,RG,6600,71,D,YU,YP,D
13:59:00,INDF,RG,6600,74,D,YU,YP,D
13:58:46,INDF,RG,6575,1,D,AI,ZP,F
13:58:37,INDF,RG,6575,11,D,AI,ZP,F
13:58:21,INDF,RG,6600,16,D,XC,YP,D
13:58:00,INDF,RG,6600,16,D,YU,YP,D
13:57:51,INDF,RG,6600,9,F,AK,YP,D
13:57:34,INDF,RG,6575,1,D,AI,XC,D
13:57:25,INDF,RG,6575,20,D,AI,ZP,F
13:57:15,INDF,RG,6575,7,D,AI,AK,F
13:56:00,INDF,RG,6600,54,D,YU,YP,D
13:55:22,INDF,RG,6575,13,D,AI,ZP,F
13:55:21,INDF,RG,6575,8,D,AI,AK,F
13:55:00,INDF,RG,6600,48,D,YU,YP,D
13:54:36,INDF,RG,6575,19,D,AI,YP,D
13:53:47,INDF,RG,6575,1,D,AI,ZP,F
13:53:45,INDF,RG,6600,13,F,AK,YP,D
13:53:39,INDF,RG,6600,61,F,DX,YP,D
13:53:38,INDF,RG,6575,11,D,AI,DP,F
13:53:38,INDF,RG,6575,9,D,AI,XC,D
13:53:38,INDF,RG,6575,12,D,AI,BK,F
13:53:38,INDF,RG,6575,4,D,AI,CS,F
13:53:38,INDF,RG,6575,1,D,AI,DP,F
13:53:38,INDF,RG,6575,3,D,AI,ZP,F
13:53:00,INDF,RG,6575,5,F,AK,ZP,F
13:53:00,INDF,RG,6575,2,F,AK,CS,F
13:52:56,INDF,RG,6575,2,F,AK,YP,D
13:52:56,INDF,RG,6550,1,D,YP,ZP,F
13:52:56,INDF,RG,6550,9,D,YU,ZP,F
13:52:56,INDF,RG,6575,11,F,DX,YP,D
13:52:56,INDF,RG,6575,1,F,ZP,YP,D
13:52:56,INDF,RG,6575,18,D,GR,YP,D
13:52:56,INDF,RG,6575,18,D,YU,YP,D
13:52:04,INDF,RG,6575,4,D,YU,PD,D
13:51:49,INDF,RG,6575,1,D,YU,CS,F
13:51:48,INDF,RG,6575,14,D,YU,CS,F
13:51:28,INDF,RG,6575,16,D,YU,CS,F
13:51:28,INDF,RG,6575,7,F,DX,CS,F
13:51:28,INDF,RG,6575,4,F,DX,PD,D
13:51:28,INDF,RG,6575,1,F,ZP,PD,D
13:51:28,INDF,RG,6575,3,F,ZP,PD,D
13:51:28,INDF,RG,6575,7,D,YU,PD,D
13:51:17,INDF,RG,6600,2,D,NI,YP,D
13:51:00,INDF,RG,6575,9,D,YU,ZP,F
13:51:00,INDF,RG,6575,25,D,YU,CS,F
13:51:00,INDF,RG,6575,11,D,YU,CS,F
13:51:00,INDF,RG,6575,3,D,YU,XC,D
13:51:00,INDF,RG,6575,8,D,YU,AK,F
13:50:19,INDF,RG,6575,25,F,DX,CS,F
13:50:19,INDF,RG,6575,10,F,DX,CC,D
13:50:19,INDF,RG,6575,3,F,DX,BB,D
13:50:19,INDF,RG,6575,3,F,DX,ZP,F
13:50:19,INDF,RG,6575,9,F,DX,DP,F
13:50:05,INDF,RG,6575,2,D,PD,DP,F
13:50:00,INDF,RG,6550,17,D,YU,BK,F
13:50:00,INDF,RG,6575,16,F,AK,DP,F
13:50:00,INDF,RG,6575,3,D,YU,BB,D
13:50:00,INDF,RG,6575,6,D,YU,CS,F
13:50:00,INDF,RG,6575,9,D,YU,ZP,F
13:49:43,INDF,RG,6575,6,D,DR,BK,F
13:49:40,INDF,RG,6575,10,D,DR,EP,D
13:49:37,INDF,RG,6575,11,D,DR,CS,F
13:49:29,INDF,RG,6575,3,D,DR,BK,F
13:49:29,INDF,RG,6575,1,F,ZP,BK,F
13:49:29,INDF,RG,6575,9,F,YU,BK,F
13:49:29,INDF,RG,6575,5,F,YU,YP,D
13:49:26,INDF,RG,6575,16,F,YU,BK,F
13:49:26,INDF,RG,6575,16,D,YU,BK,F
13:49:24,INDF,RG,6575,1,D,YU,YP,D
13:49:24,INDF,RG,6575,3,D,YU,CS,F
13:49:24,INDF,RG,6575,1,F,ZP,CS,F
13:49:24,INDF,RG,6575,9,F,DX,CS,F
13:49:24,INDF,RG,6575,9,D,YU,CS,F
13:49:24,INDF,RG,6575,11,D,YU,YP,D
13:49:24,INDF,RG,6575,3,D,CC,YP,D
13:49:24,INDF,RG,6575,35,F,DX,YP,D
13:49:24,INDF,RG,6575,1,D,XC,YP,D
13:49:24,INDF,RG,6575,12,F,DX,YP,D
13:49:24,INDF,RG,6575,29,D,DR,YP,D
13:49:24,INDF,RG,6575,30,F,YU,YP,D
13:49:24,INDF,RG,6575,1,D,PD,YP,D
13:49:24,INDF,RG,6575,10,D,XC,YP,D
13:49:24,INDF,RG,6575,4,F,ZP,YP,D
13:49:24,INDF,RG,6575,14,F,DX,YP,D
13:49:11,INDF,RG,6575,1,F,DX,YP,D
13:49:10,INDF,RG,6575,13,F,DX,BK,F
13:49:08,INDF,RG,6600,42,F,DX,YP,D
13:49:07,INDF,RG,6575,3,F,DX,YP,D
13:49:04,INDF,RG,6575,23,F,DX,BK,F
13:49:00,INDF,RG,6600,64,D,YU,YP,D
13:48:58,INDF,RG,6575,18,F,DX,BK,F
13:48:57,INDF,RG,6575,16,F,DX,CS,F
13:48:57,INDF,RG,6575,35,F,AK,CS,F
13:48:57,INDF,RG,6575,35,D,YU,CS,F
13:48:57,INDF,RG,6575,8,F,DX,CS,F
13:48:48,INDF,RG,6575,2,F,DX,NI,D
13:48:48,INDF,RG,6575,1,F,ZP,NI,D
13:48:48,INDF,RG,6575,2,F,YU,NI,D
13:48:43,INDF,RG,6575,9,F,YU,ZP,F
13:48:43,INDF,RG,6575,6,F,YU,ZP,F
13:47:36,INDF,RG,6575,8,F,YU,BK,F
13:47:36,INDF,RG,6575,6,D,YU,BK,F
13:47:32,INDF,RG,6600,38,F,DX,YP,D
13:47:30,INDF,RG,6600,7,F,AK,YP,D
13:47:30,INDF,RG,6575,7,D,YU,AK,F
13:47:07,INDF,RG,6575,11,D,YU,BK,F
13:47:07,INDF,RG,6575,1,D,PD,BK,F
13:47:06,INDF,RG,6600,22,F,AK,YP,D
13:47:05,INDF,RG,6575,8,F,DX,BK,F
13:47:05,INDF,RG,6575,1,D,PD,BK,F
13:47:05,INDF,RG,6575,4,F,CS,BK,F
13:47:02,INDF,RG,6600,53,F,DX,YP,D
13:47:01,INDF,RG,6575,27,F,CS,BK,F
13:47:00,INDF,RG,6575,10,F,CS,ZP,F
13:47:00,INDF,RG,6575,10,F,CS,ZP,F
13:47:00,INDF,RG,6600,55,D,YU,YP,D
13:46:59,INDF,RG,6575,40,F,CS,BK,F
13:46:57,INDF,RG,6600,105,F,AK,YP,D
13:46:56,INDF,RG,6575,24,F,CS,CS,F
13:46:56,INDF,RG,6575,1,F,ZP,CS,F
13:46:56,INDF,RG,6575,12,F,DX,CS,F
13:46:56,INDF,RG,6575,5,D,PD,CS,F
13:46:56,INDF,RG,6575,15,F,YU,CS,F
13:46:56,INDF,RG,6575,1,F,ZP,CS,F
13:46:56,INDF,RG,6575,36,F,YU,CS,F
13:46:56,INDF,RG,6575,9,F,DX,CS,F
13:46:56,INDF,RG,6575,1,D,NI,CS,F
13:46:56,INDF,RG,6575,34,F,YU,CS,F
13:46:21,INDF,RG,6575,5,F,YU,PD,D
13:45:43,INDF,RG,6575,2,F,YU,GR,D
13:45:41,INDF,RG,6575,13,F,YU,BK,F
13:45:38,INDF,RG,6575,20,F,YU,DP,F
13:45:14,INDF,RG,6575,1,F,YU,XC,D
13:45:10,INDF,RG,6575,12,F,YU,BK,F
13:45:08,INDF,RG,6575,13,F,YU,BK,F
13:45:08,INDF,RG,6575,10,F,DX,BK,F
13:45:08,INDF,RG,6575,8,D,YU,BK,F
13:45:04,INDF,RG,6600,78,F,DX,YP,D
13:45:02,INDF,RG,6575,9,D,YU,ZP,F
13:45:02,INDF,RG,6575,5,D,YU,BK,F
13:45:02,INDF,RG,6575,5,D,YP,BK,F
13:45:02,INDF,RG,6575,3,F,ZP,BK,F
13:45:02,INDF,RG,6575,22,F,YU,BK,F
13:45:02,INDF,RG,6575,10,F,DX,BK,F
13:45:02,INDF,RG,6575,1,D,XL,BK,F
13:45:02,INDF,RG,6575,19,F,YU,BK,F
13:45:01,INDF,RG,6600,18,F,DX,YP,D
13:45:01,INDF,RG,6600,1,F,DX,PD,D
13:45:01,INDF,RG,6600,20,F,DX,PD,D
13:45:01,INDF,RG,6600,50,F,DX,PD,D
13:45:01,INDF,RG,6600,3,F,DX,SQ,D
13:45:01,INDF,RG,6600,5,F,DX,PD,D
13:45:01,INDF,RG,6600,10,F,DX,XC,D
13:45:01,INDF,RG,6600,10,F,DX,NI,D
13:45:01,INDF,RG,6600,4,F,DX,PD,D
13:45:01,INDF,RG,6600,15,F,DX,PD,D
13:45:01,INDF,RG,6600,2,F,DX,KK,D
13:45:01,INDF,RG,6600,190,F,DX,YB,D
13:45:01,INDF,RG,6600,14,F,DX,YB,D
13:45:01,INDF,RG,6600,12,F,DX,YB,D
13:45:01,INDF,RG,6600,5,F,DX,YB,D
13:45:01,INDF,RG,6600,8,F,DX,YB,D
13:44:01,INDF,RG,6575,1,F,YU,KK,D
13:43:51,INDF,RG,6575,10,F,YU,ZP,F
13:43:51,INDF,RG,6575,3,F,YU,ZP,F
13:43:20,INDF,RG,6575,2,F,YU,YP,D
13:43:09,INDF,RG,6575,22,F,YU,BK,F
13:43:05,INDF,RG,6575,30,F,YU,BK,F
13:43:03,INDF,RG,6575,13,F,YU,CS,F
13:43:03,INDF,RG,6575,5,D,YP,CS,F
13:43:03,INDF,RG,6575,100,D,YU,CS,F
13:43:03,INDF,RG,6575,20,D,YU,CS,F
13:43:03,INDF,RG,6575,2,F,DX,CS,F
13:43:00,INDF,RG,6575,6,F,DX,BK,F
13:43:00,INDF,RG,6575,9,F,DX,BK,F
13:43:00,INDF,RG,6575,5,F,DX,BK,F
13:43:00,INDF,RG,6600,80,D,YU,YB,D
13:43:00,INDF,RG,6600,14,F,YU,YB,D
13:43:00,INDF,RG,6600,16,D,YU,YB,D
13:42:41,INDF,RG,6575,1,F,DX,NI,D
13:42:32,INDF,RG,6575,5,F,DX,ZP,F
13:42:32,INDF,RG,6575,4,F,DX,ZP,F
13:42:32,INDF,RG,6575,10,F,DX,ZP,F
13:42:16,INDF,RG,6575,11,F,DX,BK,F
13:42:15,INDF,RG,6575,20,F,DX,DP,F
13:42:00,INDF,RG,6600,58,D,YU,YB,D
13:41:42,INDF,RG,6575,2,F,DX,AZ,D
13:41:40,INDF,RG,6575,1,F,DX,NI,D
13:41:30,INDF,RG,6575,1,F,DX,BQ,D
13:41:13,INDF,RG,6575,8,F,DX,XL,D
13:41:07,INDF,RG,6600,2,D,PD,YB,D
13:41:06,INDF,RG,6575,20,F,DX,BK,F
13:41:06,INDF,RG,6575,1,D,PD,BK,F
13:41:06,INDF,RG,6575,1,F,YU,BK,F
13:41:00,INDF,RG,6600,48,D,YU,YB,D
13:40:45,INDF,RG,6575,20,F,YU,BK,F
13:40:45,INDF,RG,6575,4,D,CC,BK,F
13:40:44,INDF,RG,6575,50,D,CC,YP,D
13:40:36,INDF,RG,6575,1,D,CC,NI,D
13:40:29,INDF,RG,6575,10,D,CC,ZP,F
13:40:29,INDF,RG,6575,8,D,CC,ZP,F
13:40:07,INDF,RG,6575,12,D,CC,BK,F
13:40:04,INDF,RG,6575,5,D,CC,XC,D
13:40:04,INDF,RG,6575,10,D,CC,YP,D
13:40:04,INDF,RG,6575,2,F,ZP,YP,D
13:40:04,INDF,RG,6575,1,D,XL,YP,D
13:40:04,INDF,RG,6575,30,F,KK,YP,D
13:40:04,INDF,RG,6575,7,F,DX,YP,D
13:39:53,INDF,RG,6575,2,F,DX,BQ,D
13:39:48,INDF,RG,6575,2,F,DX,PD,D
13:39:47,INDF,RG,6575,1,F,DX,DH,D
13:39:38,INDF,RG,6575,21,F,DX,BK,F
13:39:37,INDF,RG,6575,1,F,DX,XC,D
13:39:37,INDF,RG,6575,1,D,CC,XC,D
13:39:37,INDF,RG,6575,1,F,ZP,XC,D
13:39:37,INDF,RG,6575,1,F,ZP,XC,D
13:39:37,INDF,RG,6575,5,D,AG,XC,D
13:39:37,INDF,RG,6575,66,F,DX,XC,D
13:38:44,INDF,RG,6575,8,F,DX,ZP,F
13:38:26,INDF,RG,6575,1,F,DX,PD,D
13:38:11,INDF,RG,6575,15,F,DX,PD,D
13:37:58,INDF,RG,6575,20,F,DX,DP,F
13:37:53,INDF,RG,6575,18,F,DX,BK,F
13:37:50,INDF,RG,6575,9,F,DX,ZP,F
13:37:50,INDF,RG,6575,12,F,DX,ZP,F
13:37:10,INDF,RG,6575,1,F,DX,CC,D
13:36:37,INDF,RG,6600,6,F,ZP,YB,D
13:35:52,INDF,RG,6575,14,F,DX,BK,F
13:35:49,INDF,RG,6575,4,F,DX,BK,F
13:35:49,INDF,RG,6575,1,D,XC,BK,F
13:35:49,INDF,RG,6575,26,D,DR,BK,F
13:35:45,INDF,RG,6575,1,F,CS,CS,F
13:35:44,INDF,RG,6575,194,F,CS,CS,F
13:35:37,INDF,RG,6575,10,F,CS,XL,D
13:35:36,INDF,RG,6575,13,F,CS,BK,F
13:35:34,INDF,RG,6575,8,F,CS,ZP,F
13:35:34,INDF,RG,6575,8,F,CS,ZP,F
13:35:18,INDF,RG,6600,1,D,NI,YB,D
13:35:03,INDF,RG,6600,46,F,DX,YB,D
13:35:03,INDF,RG,6600,25,F,DX,DR,D
13:35:00,INDF,RG,6600,37,D,YU,DR,D
13:35:00,INDF,RG,6600,5,D,YU,DH,D
13:35:00,INDF,RG,6600,10,D,YU,CC,D
13:35:00,INDF,RG,6600,15,D,YU,DR,D
13:34:06,INDF,RG,6575,1,F,CS,YB,D
13:33:49,INDF,RG,6575,9,F,CS,ZP,F
13:33:49,INDF,RG,6575,7,F,CS,ZP,F
13:33:45,INDF,RG,6575,1,F,CS,PD,D
13:33:18,INDF,RG,6575,20,F,CS,DP,F
13:33:15,INDF,RG,6575,4,F,CS,PD,D
13:33:05,INDF,RG,6600,1,F,AK,DR,D
13:33:05,INDF,RG,6575,3,F,CS,XL,D
13:33:00,INDF,RG,6600,16,D,YU,DR,D
13:32:00,INDF,RG,6575,10,F,CS,ZP,F
13:32:00,INDF,RG,6575,8,F,CS,ZP,F
13:31:35,INDF,RG,6575,5,F,CS,NI,D
13:31:00,INDF,RG,6600,34,D,YU,DR,D
13:31:00,INDF,RG,6600,3,D,YU,TP,D
13:31:00,INDF,RG,6600,97,D,YU,YU,D
13:31:00,INDF,RG,6600,3,D,YU,YU,D
13:31:00,INDF,RG,6600,165,D,YU,KK,D
13:30:48,INDF,RG,6600,1,D,YP,KK,D
13:30:41,INDF,RG,6600,34,D,NI,KK,D
13:30:41,INDF,RG,6600,25,D,NI,AI,D
13:30:41,INDF,RG,6600,21,D,NI,YP,D
13:30:11,INDF,RG,6600,1,D,YP,YP,D
13:30:11,INDF,RG,6575,10,F,CS,YP,D
13:30:08,INDF,RG,6575,2,F,CS,KK,F
13:30:08,INDF,RG,6575,1,F,CS,XL,D
13:30:06,INDF,RG,6575,20,F,CS,AK,F
13:30:06,INDF,RG,6575,16,F,CS,XL,D
13:30:06,INDF,RG,6600,16,F,AK,YP,D
13:30:05,INDF,RG,6600,2,D,PD,YP,D
13:30:04,INDF,RG,6575,3,F,CS,XC,D
13:30:04,INDF,RG,6600,5,D,YU,YP,D
13:30:04,INDF,RG,6575,2,D,YU,XL,D
13:30:04,INDF,RG,6575,1,D,YU,XC,D
13:30:04,INDF,RG,6575,3,D,YU,XC,D
13:30:03,INDF,RG,6575,1,D,YU,XL,D
13:30:03,INDF,RG,6575,2,D,YU,XL,D
13:30:03,INDF,RG,6575,2,D,YU,BK,F
13:30:03,INDF,RG,6575,1,F,ZP,BK,F
13:30:03,INDF,RG,6575,26,D,DR,BK,F
13:30:03,INDF,RG,6575,1,D,PD,BK,F
13:30:03,INDF,RG,6575,10,D,PD,BK,F
13:30:03,INDF,RG,6575,1,D,PD,BK,F
13:30:03,INDF,RG,6575,5,D,PD,BK,F
13:30:03,INDF,RG,6575,1,D,PD,BK,F
13:30:03,INDF,RG,6575,1,D,PD,BK,F
13:30:03,INDF,RG,6575,35,F,YU,BK,F
13:30:03,INDF,RG,6600,59,F,YU,YP,D
13:30:03,INDF,RG,6575,1,F,YU,ZP,F
13:30:03,INDF,RG,6575,1,F,YU,CS,F
13:30:03,INDF,RG,6600,51,F,AK,YP,D
13:30:03,INDF,RG,6575,3,F,YU,CS,F
13:30:03,INDF,RG,6600,14,F,AK,YP,D
13:30:02,INDF,RG,6575,60,F,YU,CS,F
13:30:02,INDF,RG,6575,25,F,YU,YP,D
13:30:02,INDF,RG,6575,5,F,YU,ZP,D
13:30:02,INDF,RG,6575,1,F,YU,PD,D
13:30:02,INDF,RG,6575,14,F,YU,PD,D
13:30:02,INDF,RG,6575,17,F,YU,PD,D
13:30:01,INDF,RG,6575,12,F,YU,DP,F
13:30:01,INDF,RG,6575,2,F,YU,PD,D
13:30:01,INDF,RG,6575,3,F,YU,PD,D
13:30:01,INDF,RG,6575,2,F,YU,PD,D
13:30:01,INDF,RG,6575,2,F,YU,ZP,D
13:30:01,INDF,RG,6575,2,F,YU,PD,D
13:30:01,INDF,RG,6575,5,F,YU,GR,D
13:30:01,INDF,RG,6575,4,F,YU,BB,D
13:30:01,INDF,RG,6575,6,F,YU,CC,D
13:30:01,INDF,RG,6575,5,D,SQ,CC,D
13:30:01,INDF,RG,6575,39,D,EP,CC,D
13:30:01,INDF,RG,6575,1,D,EP,XC,D
13:30:01,INDF,RG,6575,10,D,EP,XC,D
13:30:01,INDF,RG,6575,1,D,EP,XC,D
13:30:01,INDF,RG,6575,1,D,EP,NI,D
13:30:01,INDF,RG,6575,1,D,EP,YP,D
13:30:01,INDF,RG,6575,2,D,EP,CC,D
13:30:01,INDF,RG,6575,1,D,EP,DP,F
11:29:45,INDF,RG,6575,2,F,AK,BK,F
11:29:45,INDF,RG,6550,1,D,YU,AK,F
11:29:45,INDF,RG,6550,1,D,YU,TP,D
11:29:45,INDF,RG,6550,49,F,DX,TP,D
11:29:44,INDF,RG,6575,3,D,PD,BK,F
11:29:30,INDF,RG,6575,2,F,AK,BK,F
11:29:30,INDF,RG,6575,1,F,ZP,BK,F
11:29:15,INDF,RG,6575,1,F,AK,BK,F
11:29:15,INDF,RG,6575,2,F,AK,BK,F
11:29:01,INDF,RG,6550,4,F,DX,PD,D
11:28:42,INDF,RG,6550,2,F,DX,CP,D
11:28:15,INDF,RG,6575,3,F,AK,BK,F
11:28:00,INDF,RG,6550,5,F,DX,AK,F
11:28:00,INDF,RG,6575,3,D,YU,BK,F
11:27:45,INDF,RG,6550,1,F,DX,AK,F
11:27:45,INDF,RG,6575,1,F,AK,BK,F
11:27:00,INDF,RG,6575,48,D,YU,BK,F
11:26:53,INDF,RG,6575,5,D,XC,BK,F
11:26:45,INDF,RG,6575,6,F,AK,BK,F
11:26:30,INDF,RG,6550,4,F,DX,AK,F
11:26:15,INDF,RG,6550,1,F,DX,AK,F
11:26:00,INDF,RG,6550,1,F,DX,AK,F
11:26:00,INDF,RG,6575,4,F,AK,BK,F
11:25:45,INDF,RG,6575,35,F,AK,SQ,D
11:25:45,INDF,RG,6575,1,F,AK,SQ,D
11:25:15,INDF,RG,6575,4,F,AK,SQ,D
11:25:15,INDF,RG,6575,4,F,AK,SQ,D
11:25:03,INDF,RG,6575,50,F,DX,SQ,D
11:25:03,INDF,RG,6575,50,F,DX,SQ,D
11:25:00,INDF,RG,6575,1,F,AK,SQ,D
11:25:00,INDF,RG,6575,52,D,YU,SQ,D
11:24:39,INDF,RG,6575,3,D,DR,SQ,D
11:24:25,INDF,RG,6575,2,D,DR,CS,F
11:24:25,INDF,RG,6575,2,D,DR,XC,D
11:24:23,INDF,RG,6575,6,D,DR,CS,F
11:24:15,INDF,RG,6575,7,D,DR,AK,F
11:24:12,INDF,RG,6575,1,D,DR,CS,F
11:24:12,INDF,RG,6575,7,D,DR,CS,F
11:24:02,INDF,RG,6575,3,D,DR,XC,D
11:24:02,INDF,RG,6575,2,F,ZP,XC,D
11:24:02,INDF,RG,6575,10,F,YU,XC,D
11:24:02,INDF,RG,6575,2,D,YU,XC,D
11:24:00,INDF,RG,6575,11,D,YU,DP,F
11:24:00,INDF,RG,6575,2,D,YU,CS,F
11:24:00,INDF,RG,6575,8,D,YU,CS,F
11:24:00,INDF,RG,6575,16,D,YU,RO,D
11:24:00,INDF,RG,6575,15,D,YU,CS,F
11:24:00,INDF,RG,6575,8,D,YU,DP,F
11:24:00,INDF,RG,6575,1,D,YU,YP,D
11:24:00,INDF,RG,6575,4,F,AK,YP,D
11:23:53,INDF,RG,6575,1,D,KK,YP,D
11:23:45,INDF,RG,6575,1,F,AK,YP,D
11:23:30,INDF,RG,6550,1,D,XC,AK,F
11:23:30,INDF,RG,6550,2,F,DX,AK,F
11:23:30,INDF,RG,6575,21,F,AK,YP,D
11:23:26,INDF,RG,6575,7,D,DR,YP,D
11:23:15,INDF,RG,6575,5,F,AK,YP,D
11:23:08,INDF,RG,6575,1,D,XL,YP,D
11:23:08,INDF,RG,6575,4,D,PD,YP,D
11:22:45,INDF,RG,6575,5,F,AK,YP,D
11:22:45,INDF,RG,6575,2,F,AK,NI,D
11:22:30,INDF,RG,6575,2,F,AK,NI,D
11:22:20,INDF,RG,6575,1,D,PD,NI,D
11:22:15,INDF,RG,6575,4,F,AK,NI,D
11:22:10,INDF,RG,6575,1,D,XL,NI,D
11:22:10,INDF,RG,6575,1,D,XL,XL,D
11:22:10,INDF,RG,6575,1,D,XL,KK,D
11:22:10,INDF,RG,6575,1,D,XL,CS,F
11:22:01,INDF,RG,6575,1,F,ZP,CS,F
11:22:00,INDF,RG,6575,11,F,AK,DP,F
11:21:45,INDF,RG,6575,3,F,AK,DP,F
11:21:15,INDF,RG,6575,5,F,AK,DP,F
11:21:00,INDF,RG,6575,4,F,AK,DP,F
11:20:20,INDF,RG,6575,9,F,DX,DP,F
11:20:20,INDF,RG,6575,1,F,DX,SQ,D
11:20:19,INDF,RG,6575,1,F,ZP,KK,D
11:20:00,INDF,RG,6575,1,F,DX,KK,D
11:20:00,INDF,RG,6575,7,F,DX,YP,D
11:20:00,INDF,RG,6575,2,F,DX,CC,D
11:20:00,INDF,RG,6575,5,F,DX,AT,D
11:20:00,INDF,RG,6575,1,F,DX,CC,D
11:20:00,INDF,RG,6575,1,F,DX,XC,D
11:20:00,INDF,RG,6575,12,F,DX,YB,D
11:20:00,INDF,RG,6575,10,F,DX,SQ,D
11:20:00,INDF,RG,6575,2,F,DX,XC,D
11:20:00,INDF,RG,6575,1,F,DX,YP,D
11:20:00,INDF,RG,6575,12,F,DX,KK,D
11:20:00,INDF,RG,6575,8,F,DX,KK,D
11:20:00,INDF,RG,6575,1,F,DX,BB,D
11:20:00,INDF,RG,6575,12,F,DX,AK,F
11:20:00,INDF,RG,6575,71,D,YU,BK,F
11:20:00,INDF,RG,6575,17,D,YU,BK,F
11:20:00,INDF,RG,6575,12,D,YU,DP,F
11:20:00,INDF,RG,6575,24,D,YU,CC,F
11:19:50,INDF,RG,6575,42,F,DX,CC,F
11:19:45,INDF,RG,6550,4,F,DX,AK,F
11:19:43,INDF,RG,6575,4,D,XL,CC,F
11:19:31,INDF,RG,6575,10,D,DR,CC,F
11:19:24,INDF,RG,6575,100,F,YU,CC,F
11:19:13,INDF,RG,6575,3,F,ZP,CC,F
11:19:00,INDF,RG,6575,15,D,YU,CC,F
11:18:30,INDF,RG,6575,9,F,AK,CC,F
11:18:20,INDF,RG,6575,65,F,DX,CC,F
11:18:19,INDF,RG,6575,45,F,AK,CC,F
11:18:19,INDF,RG,6550,56,F,DX,SQ,D
11:18:19,INDF,RG,6550,2,D,XL,SQ,D
11:18:19,INDF,RG,6550,32,F,YU,SQ,D
11:18:00,INDF,RG,6575,10,F,YU,CC,F
11:17:00,INDF,RG,6550,11,F,YU,AK,F
11:17:00,INDF,RG,6575,55,D,YU,CC,F
11:16:38,INDF,RG,6550,2,F,YU,KK,D
11:16:38,INDF,RG,6550,5,F,YU,LG,D
11:15:06,INDF,RG,6550,10,F,YU,CC,D
11:15:01,INDF,RG,6575,56,F,DX,CC,F
11:15:00,INDF,RG,6575,64,D,YU,CC,F
11:15:00,INDF,RG,6575,12,F,AK,CC,F
11:14:02,INDF,RG,6550,6,F,YU,AK,F
11:14:02,INDF,RG,6575,64,F,DX,CC,F
11:14:00,INDF,RG,6575,81,D,YU,CC,F
11:13:10,INDF,RG,6575,2,D,XL,CC,F
11:12:33,INDF,RG,6550,3,F,YU,XL,D
11:12:13,INDF,RG,6575,1,F,ZP,CC,F
11:12:00,INDF,RG,6575,51,D,YU,CC,F
11:12:00,INDF,RG,6575,16,D,YU,CC,F
11:11:19,INDF,RG,6575,1,F,AK,CC,F
11:10:34,INDF,RG,6575,20,D,XA,CC,F
11:10:30,INDF,RG,6550,5,F,YU,AK,F
11:10:15,INDF,RG,6575,13,F,AK,CC,F
11:10:12,INDF,RG,6550,2,F,YU,XL,D
11:10:02,INDF,RG,6575,61,F,DX,CC,F
11:10:00,INDF,RG,6575,47,D,YU,CC,F
11:09:19,INDF,RG,6550,1,F,YU,NI,D
11:09:15,INDF,RG,6575,47,F,AK,CC,F
11:08:52,INDF,RG,6575,1,F,ZP,CC,F
11:08:40,INDF,RG,6575,4,D,DR,CC,F
11:07:31,INDF,RG,6575,4,D,XC,CC,F
11:07:03,INDF,RG,6575,79,F,DX,CC,F
11:07:00,INDF,RG,6575,77,D,YU,CC,F
11:07:00,INDF,RG,6575,71,D,YU,CC,F
11:07:00,INDF,RG,6575,1,D,YU,XC,D
11:07:00,INDF,RG,6575,1,D,YU,CC,F
11:06:58,INDF,RG,6550,1,F,YU,BQ,D
11:06:37,INDF,RG,6575,1,D,PD,CC,F
11:06:37,INDF,RG,6575,14,D,DR,CC,F
11:06:37,INDF,RG,6575,68,F,DX,CC,F
11:06:37,INDF,RG,6575,2,D,ZP,XC,D
11:06:35,INDF,RG,6575,38,D,ZP,AG,D
11:06:35,INDF,RG,6575,12,D,DR,AG,D
11:06:27,INDF,RG,6575,27,D,DR,CC,F
11:06:27,INDF,RG,6575,1,F,ZP,CC,F
11:06:27,INDF,RG,6575,27,F,YU,CC,F
11:06:12,INDF,RG,6575,11,F,YU,DP,F
11:06:12,INDF,RG,6575,1,F,YU,AK,F
11:06:11,INDF,RG,6575,1,F,YU,AK,F
11:06:11,INDF,RG,6575,1,F,YU,YP,D
11:06:11,INDF,RG,6575,2,F,YU,DP,F
11:06:11,INDF,RG,6575,50,F,YU,YP,D
11:06:11,INDF,RG,6575,5,F,YU,CC,F
11:06:11,INDF,RG,6575,2,F,YU,BK,F
11:06:06,INDF,RG,6575,16,D,DR,BK,F
11:05:58,INDF,RG,6550,13,F,YU,BQ,D
11:05:45,INDF,RG,6550,7,F,YU,AK,F
11:05:27,INDF,RG,6575,2,F,ZP,BK,F
11:05:25,INDF,RG,6575,50,F,DX,NI,D
11:05:25,INDF,RG,6575,4,F,DX,DP,F
11:05:25,INDF,RG,6575,1,D,KK,DP,F
11:05:03,INDF,RG,6575,3,D,CC,DP,F
11:05:03,INDF,RG,6575,3,D,CC,CC,F
11:05:03,INDF,RG,6575,8,D,CC,XL,D
11:05:03,INDF,RG,6575,1,D,CC,XL,D
11:05:03,INDF,RG,6575,15,D,CC,BK,F
11:05:00,INDF,RG,6575,26,D,YU,BK,F
11:05:00,INDF,RG,6575,3,D,YU,DP,F
11:05:00,INDF,RG,6575,12,D,YU,PD,D
11:05:00,INDF,RG,6575,28,D,YU,NI,D
11:05:00,INDF,RG,6575,10,F,AK,NI,D
11:03:55,INDF,RG,6575,5,D,KK,NI,D
11:02:52,INDF,RG,6575,7,D,PD,NI,D
11:02:52,INDF,RG,6575,5,D,PD,PD,D
11:02:00,INDF,RG,6575,7,F,AK,PD,D
11:02:00,INDF,RG,6575,1,F,AK,DP,F
11:01:43,INDF,RG,6575,7,D,XC,DP,F
11:01:30,INDF,RG,6575,1,F,DX,XC,D
11:01:30,INDF,RG,6575,1,F,DX,BB,D
11:01:30,INDF,RG,6575,11,F,DX,BK,F
11:01:30,INDF,RG,6575,1,F,DX,CC,D
11:01:30,INDF,RG,6575,1,F,DX,NI,D
11:01:30,INDF,RG,6575,1,F,DX,IF,D
11:01:30,INDF,RG,6575,13,F,DX,XL,D
11:01:30,INDF,RG,6575,4,F,DX,AK,F
11:01:30,INDF,RG,6575,1,F,DX,DP,F
11:01:30,INDF,RG,6575,30,F,DX,CC,F
11:01:30,INDF,RG,6575,4,F,AK,CC,F
11:01:30,INDF,RG,6575,24,F,AK,XA,D
11:01:21,INDF,RG,6550,2,F,YU,XC,D
11:00:00,INDF,RG,6575,6,D,YU,XA,D
11:00:00,INDF,RG,6575,30,D,YU,BK,F
11:00:00,INDF,RG,6575,3,D,YU,BB,D
11:00:00,INDF,RG,6575,16,D,YU,CC,D
10:59:46,INDF,RG,6575,4,D,CC,CC,D
10:59:23,INDF,RG,6575,4,D,NI,CC,D
10:59:17,INDF,RG,6575,1,F,ZP,CC,D
10:58:05,INDF,RG,6575,6,F,AK,CC,D
10:58:04,INDF,RG,6575,82,F,DX,CC,D
10:58:00,INDF,RG,6575,49,D,YU,CC,D
10:57:41,INDF,RG,6575,3,D,NI,CC,D
10:57:00,INDF,RG,6575,1,D,XC,CC,D
10:56:49,INDF,RG,6575,4,D,PD,CC,D
10:56:30,INDF,RG,6575,23,F,AK,CC,D
10:56:15,INDF,RG,6575,7,F,AK,CC,D
10:54:44,INDF,RG,6575,2,D,XL,CC,D
10:54:00,INDF,RG,6575,59,D,YU,CC,D
10:53:15,INDF,RG,6575,5,F,AK,CC,D
10:52:41,INDF,RG,6575,5,D,AT,CC,D
10:52:41,INDF,RG,6575,4,D,YP,CC,D
10:52:41,INDF,RG,6575,4,D,YP,CC,D
10:52:41,INDF,RG,6575,50,D,YP,CC,D
10:52:41,INDF,RG,6575,12,F,DX,CC,D
10:52:41,INDF,RG,6575,20,D,YP,CC,D
10:52:41,INDF,RG,6575,27,D,DR,CC,D
10:52:41,INDF,RG,6575,1,F,ZP,CC,D
10:52:41,INDF,RG,6575,10,F,YU,CC,D
10:52:41,INDF,RG,6575,123,F,DX,CC,D
10:52:41,INDF,RG,6575,59,F,DX,CC,D
10:52:39,INDF,RG,6600,14,D,DR,YP,D
10:52:38,INDF,RG,6600,9,D,DR,YP,D
10:52:36,INDF,RG,6600,1,D,XC,YP,D
10:52:08,INDF,RG,6575,2,F,DX,AK,F
10:52:04,INDF,RG,6600,20,F,AK,YP,D
10:52:03,INDF,RG,6600,26,F,DX,YP,D
10:52:03,INDF,RG,6600,19,F,DX,YP,D
10:51:50,INDF,RG,6575,4,F,DX,AK,F
10:51:50,INDF,RG,6575,9,F,DX,AK,F
10:51:50,INDF,RG,6575,18,F,DX,AK,F
10:51:39,INDF,RG,6575,10,F,DX,NI,D
10:51:20,INDF,RG,6600,9,F,DX,YP,D
10:51:20,INDF,RG,6600,62,F,DX,YP,D
10:51:19,INDF,RG,6600,8,D,PD,YP,D
10:51:19,INDF,RG,6600,63,F,DX,YP,D
10:51:19,INDF,RG,6575,11,F,DX,DP,F
10:51:19,INDF,RG,6575,9,F,DX,CS,F
10:51:19,INDF,RG,6575,25,D,YU,CS,F
10:51:19,INDF,RG,6575,21,D,YU,CS,F
10:51:18,INDF,RG,6575,10,F,BK,AK,F
10:51:18,INDF,RG,6575,10,F,BK,CC,D
10:51:18,INDF,RG,6575,3,F,BK,BB,D
10:51:18,INDF,RG,6575,51,F,BK,DP,F
10:51:18,INDF,RG,6575,84,F,BK,XL,D
10:51:18,INDF,RG,6575,116,F,BK,XL,D
10:51:18,INDF,RG,6575,52,F,BK,GR,D
10:51:18,INDF,RG,6575,1,F,BK,NI,D
10:51:18,INDF,RG,6575,50,F,BK,LG,D
10:51:18,INDF,RG,6575,21,F,BK,YP,D
10:51:18,INDF,RG,6575,2,F,ZP,YP,D
10:51:18,INDF,RG,6575,1,D,XC,YP,D
10:51:15,INDF,RG,6575,97,F,BK,YP,D
10:51:15,INDF,RG,6575,2,F,BK,JB,D
10:51:15,INDF,RG,6575,35,F,BK,YP,D
10:51:15,INDF,RG,6575,10,F,BK,YP,D
10:51:15,INDF,RG,6575,1,F,BK,DX,D
10:51:15,INDF,RG,6575,10,F,BK,AG,F
10:51:15,INDF,RG,6575,30,F,BK,YP,D
10:51:15,INDF,RG,6575,3,F,BK,CC,D
10:51:15,INDF,RG,6575,2,F,BK,YP,D
10:51:15,INDF,RG,6575,5,F,BK,OD,D
10:51:15,INDF,RG,6575,5,F,BK,CC,D
10:51:15,INDF,RG,6575,16,F,BK,XC,D
10:51:15,INDF,RG,6575,8,F,BK,PD,D
10:51:15,INDF,RG,6575,10,F,BK,CC,D
10:51:15,INDF,RG,6575,6,F,BK,KK,D
10:51:15,INDF,RG,6575,6,F,AK,KK,D
10:50:00,INDF,RG,6575,2,D,DR,KK,D
10:50:00,INDF,RG,6575,1,D,DR,BQ,D
10:50:00,INDF,RG,6575,1,D,DR,YP,D
10:50:00,INDF,RG,6575,5,D,DR,AK,F
10:50:00,INDF,RG,6575,16,D,DR,PD,D
10:50:00,INDF,RG,6575,7,F,YU,PD,D
10:50:00,INDF,RG,6575,5,F,YU,NI,D
10:49:15,INDF,RG,6575,3,F,AK,NI,D
10:49:00,INDF,RG,6575,7,D,YU,NI,D
10:49:00,INDF,RG,6575,2,D,YU,NI,D
10:49:00,INDF,RG,6575,12,D,YU,CC,F
10:49:00,INDF,RG,6575,5,D,YU,AK,F
10:49:00,INDF,RG,6575,16,D,YU,DP,F
10:49:00,INDF,RG,6575,5,D,YU,BB,D
10:49:00,INDF,RG,6575,1,D,YU,NI,D
10:49:00,INDF,RG,6575,5,D,YU,NI,D
10:48:27,INDF,RG,6575,5,D,YP,NI,D
10:48:15,INDF,RG,6575,10,F,AK,NI,D
10:48:15,INDF,RG,6575,3,F,AK,NI,D
10:48:09,INDF,RG,6575,5,D,PD,NI,D
10:48:00,INDF,RG,6575,2,D,YU,NI,D
10:48:00,INDF,RG,6575,2,D,YU,CC,D
10:48:00,INDF,RG,6575,1,D,YU,PD,D
10:48:00,INDF,RG,6575,20,D,YU,YP,D
10:48:00,INDF,RG,6575,25,D,YU,NI,D
10:47:54,INDF,RG,6575,1,D,YP,NI,D
10:47:45,INDF,RG,6575,1,D,XC,NI,D
10:47:43,INDF,RG,6550,4,D,PD,PD,D
10:46:42,INDF,RG,6575,5,F,AK,NI,D
10:46:41,INDF,RG,6575,1,D,PD,NI,D
10:46:30,INDF,RG,6550,4,D,PD,AK,F
10:45:30,INDF,RG,6575,5,F,AK,NI,D
10:45:20,INDF,RG,6575,1,F,ZP,YP,D
10:45:20,INDF,RG,6575,4,F,ZP,PD,D
10:45:05,INDF,RG,6575,6,F,DX,PD,D
10:45:05,INDF,RG,6575,1,F,DX,XL,D
10:45:05,INDF,RG,6575,50,F,DX,PD,D
10:45:05,INDF,RG,6575,2,F,DX,XL,D
10:45:05,INDF,RG,6575,1,F,DX,CC,D
10:45:05,INDF,RG,6575,1,F,DX,YP,D
10:45:05,INDF,RG,6575,38,F,DX,NI,D
10:45:01,INDF,RG,6575,37,F,DX,NI,D
10:45:01,INDF,RG,6575,32,F,DX,YP,D
10:45:00,INDF,RG,6575,58,D,YU,YP,D
10:44:45,INDF,RG,6575,23,F,AK,YP,D
10:43:52,INDF,RG,6575,200,F,YU,YP,D
10:43:32,INDF,RG,6575,10,D,NI,YP,D
10:43:28,INDF,RG,6575,1,D,YP,YP,D
10:43:26,INDF,RG,6575,1,D,NI,YP,D
10:43:00,INDF,RG,6575,44,D,YU,YP,D
10:42:59,INDF,RG,6575,1,D,PD,YP,D
10:41:59,INDF,RG,6575,100,F,YU,YP,D
10:41:33,INDF,RG,6575,7,F,AK,YP,D
10:41:33,INDF,RG,6575,62,F,DX,YP,D
10:41:32,INDF,RG,6575,70,F,DX,YP,D
10:41:29,INDF,RG,6550,2,D,PD,XC,D
10:41:29,INDF,RG,6550,1,F,ZP,XC,D
10:41:29,INDF,RG,6550,89,F,CS,XC,D
10:41:00,INDF,RG,6575,46,D,YU,YP,D
10:39:30,INDF,RG,6575,7,F,AK,YP,D
10:39:03,INDF,RG,6575,14,D,YU,YP,D
10:39:02,INDF,RG,6575,2,D,YP,YP,D
10:38:47,INDF,RG,6550,2,F,CS,BB,D
10:38:23,INDF,RG,6575,100,F,YU,YP,D
10:38:17,INDF,RG,6575,27,D,PD,YP,D
10:38:15,INDF,RG,6575,29,F,AK,YP,D
10:38:00,INDF,RG,6575,49,D,YU,YP,D
10:37:39,INDF,RG,6575,44,F,DX,YP,D
10:37:00,INDF,RG,6575,59,D,YU,YP,D
10:35:44,INDF,RG,6575,14,F,DX,YP,D
10:35:44,INDF,RG,6575,1,F,DX,XC,D
10:35:44,INDF,RG,6575,27,F,DX,DR,D
10:35:43,INDF,RG,6550,10,F,CS,YP,D
10:34:33,INDF,RG,6550,4,F,CS,XC,D
10:34:32,INDF,RG,6575,75,D,XL,DR,D
10:34:29,INDF,RG,6550,5,F,CS,NI,D
10:34:19,INDF,RG,6550,11,F,CS,CC,D
10:34:05,INDF,RG,6575,8,F,AK,DR,D
10:34:04,INDF,RG,6550,2,F,CS,PD,D
10:34:00,INDF,RG,6575,56,D,YU,DR,D
10:34:00,INDF,RG,6575,4,D,YU,EP,D
10:33:37,INDF,RG,6575,1,D,YP,EP,D
10:33:15,INDF,RG,6575,5,F,AK,EP,D
10:33:00,INDF,RG,6575,10,D,YU,EP,D
10:33:00,INDF,RG,6575,1,D,YU,NI,D
10:33:00,INDF,RG,6575,58,D,YU,PD,D
10:32:57,INDF,RG,6575,1,D,PD,PD,D
10:32:14,INDF,RG,6575,21,F,AK,PD,D
10:32:14,INDF,RG,6550,104,F,CS,CC,D
10:32:14,INDF,RG,6550,80,F,DX,CC,D
10:32:14,INDF,RG,6550,2,D,DR,CC,D
10:31:33,INDF,RG,6575,20,F,DX,PD,D
10:31:33,INDF,RG,6575,1,F,DX,NI,D
10:31:33,INDF,RG,6575,14,F,DX,YP,D
10:31:33,INDF,RG,6575,2,F,DX,NI,D
10:31:33,INDF,RG,6575,1,F,DX,PD,D
10:30:55,INDF,RG,6575,1,D,XL,PD,D
10:30:55,INDF,RG,6575,74,D,XL,PD,D
10:30:49,INDF,RG,6550,4,D,DR,YP,D
10:30:43,INDF,RG,6550,4,D,DR,YP,D
10:30:04,INDF,RG,6575,1,F,AK,PD,D
10:29:43,INDF,RG,6550,16,D,DR,CC,D
10:29:43,INDF,RG,6550,9,F,DX,CC,D
10:29:39,INDF,RG,6575,2,F,CS,PD,D
10:29:00,INDF,RG,6575,23,D,YU,PD,D
10:29:00,INDF,RG,6575,24,D,YU,YP,D
10:28:41,INDF,RG,6575,1,F,CS,YP,D
10:28:40,INDF,RG,6575,4,F,CS,YP,D
10:28:37,INDF,RG,6575,1,F,YU,YP,D
10:28:37,INDF,RG,6575,1,F,YU,LG,D
10:28:37,INDF,RG,6575,5,F,YU,KK,D
10:28:37,INDF,RG,6575,2,F,YU,YP,D
10:28:37,INDF,RG,6575,5,F,YU,OD,D
10:28:37,INDF,RG,6575,1,F,YU,CC,D
10:28:37,INDF,RG,6575,3,F,YU,PD,D
10:28:37,INDF,RG,6575,2,F,YU,KK,D
10:28:37,INDF,RG,6575,80,F,YU,YP,D
10:28:00,INDF,RG,6575,5,F,AK,YP,D
10:27:15,INDF,RG,6575,5,F,AK,YP,D
10:26:57,INDF,RG,6575,20,F,AK,YP,D
10:26:56,INDF,RG,6575,1,D,XL,YP,D
10:26:01,INDF,RG,6550,1,F,DX,XL,D
10:24:30,INDF,RG,6550,2,F,DX,BQ,D
10:24:27,INDF,RG,6550,2,F,DX,YP,D
10:24:26,INDF,RG,6550,23,F,DX,CS,F
10:24:26,INDF,RG,6550,122,F,DX,CS,F
10:24:26,INDF,RG,6550,26,F,DX,CS,F
10:24:26,INDF,RG,6550,28,D,DR,CS,F
10:24:26,INDF,RG,6575,189,F,DX,YP,D
10:24:25,INDF,RG,6525,2,D,CC,CS,F
10:24:25,INDF,RG,6550,68,F,DX,CS,F
10:24:25,INDF,RG,6550,35,F,DX,AK,F
10:24:25,INDF,RG,6550,1,F,ZP,CS,F
10:24:25,INDF,RG,6550,25,D,YU,CS,F
10:24:25,INDF,RG,6550,3,F,CS,CS,F
10:24:25,INDF,RG,6550,4,D,YU,CS,F
10:24:25,INDF,RG,6550,38,D,YU,CS,F
10:24:25,INDF,RG,6550,11,F,YU,CS,F
10:24:25,INDF,RG,6550,17,F,BK,AK,F
10:24:24,INDF,RG,6550,37,F,BK,DP,F
10:24:24,INDF,RG,6550,2,F,BK,EP,D
10:24:24,INDF,RG,6550,2,F,BK,PD,D
10:24:24,INDF,RG,6550,1,F,BK,PD,D
10:24:24,INDF,RG,6550,10,F,BK,DH,D
10:24:24,INDF,RG,6550,20,F,BK,PD,D
10:24:24,INDF,RG,6550,5,F,BK,AK,F
10:24:24,INDF,RG,6550,10,F,BK,SQ,D
10:24:24,INDF,RG,6550,25,F,BK,YP,D
10:24:24,INDF,RG,6550,1,F,BK,XL,D
10:24:24,INDF,RG,6550,10,F,BK,GR,D
10:24:24,INDF,RG,6550,5,F,BK,AG,D
10:24:24,INDF,RG,6550,10,F,BK,CC,D
10:24:24,INDF,RG,6550,3,F,BK,XC,D
10:24:24,INDF,RG,6550,7,F,BK,XC,D
10:24:24,INDF,RG,6550,10,F,BK,YP,D
10:24:24,INDF,RG,6550,10,F,BK,SQ,D
10:24:24,INDF,RG,6550,6,F,BK,XC,D
10:24:24,INDF,RG,6550,49,F,BK,CS,F
10:24:24,INDF,RG,6550,5,F,CS,CS,F
10:24:24,INDF,RG,6550,4,F,ZP,CS,F
10:24:24,INDF,RG,6550,3,F,CS,CS,F
10:24:24,INDF,RG,6550,19,F,BK,CS,F
10:24:24,INDF,RG,6550,26,F,BK,DP,F
10:24:24,INDF,RG,6550,1,F,BK,BB,D
10:24:24,INDF,RG,6550,194,F,BK,CC,F
10:24:24,INDF,RG,6550,70,F,BK,CC,F
10:24:24,INDF,RG,6550,75,F,BK,CS,F
10:24:24,INDF,RG,6550,4,F,BK,CC,D
10:24:24,INDF,RG,6550,1,F,BK,CC,D
10:24:24,INDF,RG,6550,6,F,BK,XL,D
10:24:24,INDF,RG,6550,5,F,BK,XC,D
10:24:24,INDF,RG,6550,1,F,BK,PD,D
10:24:24,INDF,RG,6550,23,F,BK,AK,F
10:24:24,INDF,RG,6550,3,F,BK,XC,D
10:24:24,INDF,RG,6550,30,F,BK,SQ,D
10:24:24,INDF,RG,6550,5,F,BK,CC,D
10:24:24,INDF,RG,6550,15,F,BK,SQ,D
10:24:24,INDF,RG,6550,2,F,BK,PD,D
10:24:23,INDF,RG,6550,13,F,DX,PD,D
10:24:23,INDF,RG,6550,5,F,DX,YP,D
10:24:23,INDF,RG,6550,34,F,DX,SQ,D
10:24:22,INDF,RG,6550,103,F,BK,SQ,D
10:24:22,INDF,RG,6550,137,F,BK,SQ,D
10:24:07,INDF,RG,6550,57,F,DX,SQ,D
10:24:03,INDF,RG,6550,51,F,DX,SQ,D
10:24:00,INDF,RG,6550,65,D,YU,SQ,D
10:23:15,INDF,RG,6525,5,D,CC,AK,F
10:23:00,INDF,RG,6550,6,F,AK,SQ,D
10:23:00,INDF,RG,6550,9,F,YU,SQ,D
10:22:45,INDF,RG,6550,17,F,AK,SQ,D
10:22:45,INDF,RG,6550,4,F,AK,SQ,D
10:21:31,INDF,RG,6550,5,D,CC,SQ,D
10:21:19,INDF,RG,6550,1,D,PD,SQ,D
10:21:00,INDF,RG,6550,50,D,YU,SQ,D
10:20:30,INDF,RG,6550,48,F,DX,SQ,D
10:20:30,INDF,RG,6525,4,D,CC,AK,F
10:20:19,INDF,RG,6550,1,D,XC,SQ,D
10:20:14,INDF,RG,6525,1,D,CC,XL,D
10:20:10,INDF,RG,6550,1,F,CS,SQ,D
10:20:09,INDF,RG,6550,7,F,CS,SQ,D
10:20:09,INDF,RG,6550,6,F,CS,SQ,D
10:20:09,INDF,RG,6550,1,F,CS,SQ,D
10:20:00,INDF,RG,6550,34,D,YU,SQ,D
10:20:00,INDF,RG,6550,5,D,YU,PD,D
10:20:00,INDF,RG,6550,15,D,YU,YP,D
10:19:31,INDF,RG,6550,2,D,XL,YP,D
10:19:30,INDF,RG,6550,3,F,AK,YP,D
10:19:15,INDF,RG,6550,10,F,AK,YP,D
10:19:15,INDF,RG,6550,4,F,AK,PD,D
10:18:52,INDF,RG,6550,1,D,YP,PD,D
10:18:52,INDF,RG,6525,4,D,CC,XL,D
10:18:49,INDF,RG,6550,53,F,DX,PD,D
10:18:45,INDF,RG,6550,42,F,DX,PD,D
10:18:45,INDF,RG,6550,3,F,DX,TF,D
10:18:45,INDF,RG,6550,7,F,DX,DH,D
10:17:30,INDF,RG,6550,6,F,AK,DH,D
10:16:31,INDF,RG,6550,4,D,DR,DH,D
10:16:30,INDF,RG,6525,4,D,CC,AK,F
10:16:28,INDF,RG,6550,4,D,CC,DH,D
10:16:27,INDF,RG,6550,3,F,AK,DH,D
10:16:26,INDF,RG,6550,3,D,XL,DH,D
10:16:10,INDF,RG,6550,57,F,DX,DH,D
10:16:09,INDF,RG,6550,12,F,AK,DH,D
10:16:08,INDF,RG,6550,2,D,YP,DH,D
10:15:26,INDF,RG,6550,8,D,DR,DH,D
10:15:10,INDF,RG,6550,1,D,YP,DH,D
10:14:59,INDF,RG,6550,4,D,YP,DH,D
10:14:59,INDF,RG,6550,6,D,YP,YB,D
10:14:51,INDF,RG,6525,1,D,CC,XL,D
10:14:31,INDF,RG,6550,1,D,XC,YB,D
10:14:30,INDF,RG,6525,3,D,CC,AK,F
10:14:00,INDF,RG,6550,51,D,YU,YB,D
10:13:40,INDF,RG,6550,13,D,DR,YB,D
10:13:39,INDF,RG,6525,5,D,CC,PD,D
10:13:39,INDF,RG,6525,1,D,PD,PD,D
10:13:39,INDF,RG,6525,2,D,NI,PD,D
10:13:30,INDF,RG,6550,3,F,AK,YB,D
10:12:34,INDF,RG,6550,8,D,DR,YB,D
10:12:00,INDF,RG,6550,4,F,AK,YB,D
10:11:13,INDF,RG,6525,2,D,NI,PD,D
10:11:00,INDF,RG,6525,4,D,NI,AK,F
10:11:00,INDF,RG,6550,48,D,YU,YB,D
10:10:45,INDF,RG,6525,1,D,NI,XC,D
10:10:21,INDF,RG,6550,5,D,CC,YB,D
10:10:20,INDF,RG,6550,26,D,YU,YB,D
10:10:19,INDF,RG,6550,66,F,DX,YB,D
10:10:17,INDF,RG,6550,100,D,PD,YB,D
10:10:00,INDF,RG,6550,3,F,AK,YB,D
10:09:50,INDF,RG,6550,20,D,DR,YB,D
10:09:10,INDF,RG,6550,1,D,PD,YB,D
10:08:52,INDF,RG,6550,3,D,XL,YB,D
10:08:30,INDF,RG,6550,2,F,AK,YB,D
10:08:15,INDF,RG,6525,4,D,NI,AK,F
10:08:05,INDF,RG,6550,1,D,XL,YB,D
10:07:52,INDF,RG,6550,1,D,EP,YB,D
10:07:00,INDF,RG,6550,4,F,AK,YB,D
10:07:00,INDF,RG,6550,48,D,YU,YB,D
10:06:30,INDF,RG,6550,2,F,AK,YB,D
10:06:15,INDF,RG,6525,4,D,GR,AK,F
10:05:52,INDF,RG,6550,1,D,YU,YB,D
10:05:50,INDF,RG,6550,4,D,NI,YB,D
10:05:00,INDF,RG,6550,3,F,AK,YB,D
10:04:45,INDF,RG,6550,2,F,AK,YB,D
10:04:41,INDF,RG,6550,53,D,NI,YB,D
10:04:30,INDF,RG,6525,4,D,GR,AK,F
10:04:20,INDF,RG,6525,2,D,GR,OD,D
10:04:00,INDF,RG,6550,3,F,AK,YB,D
10:03:51,INDF,RG,6550,1,D,PD,YB,D
10:03:10,INDF,RG,6550,2,D,XL,YB,D
10:03:09,INDF,RG,6550,1,D,PD,YB,D
10:03:09,INDF,RG,6525,3,D,GR,AK,F
10:03:08,INDF,RG,6525,25,D,GR,AK,F
10:03:05,INDF,RG,6550,1,D,YP,YB,D
10:03:00,INDF,RG,6550,13,F,AK,YB,D
10:03:00,INDF,RG,6550,1,F,AK,LG,D
10:03:00,INDF,RG,6550,5,F,AK,XL,D
10:03:00,INDF,RG,6550,10,F,AK,DR,D
10:03:00,INDF,RG,6550,24,F,AK,GR,D
10:02:55,INDF,RG,6550,2,D,CC,GR,D
10:02:53,INDF,RG,6525,42,D,GR,DR,D
10:02:53,INDF,RG,6525,7,F,CS,DR,D
10:02:53,INDF,RG,6525,15,F,CC,DR,D
10:02:53,INDF,RG,6525,1,D,EP,DR,D
10:02:45,INDF,RG,6550,3,F,AK,GR,D
10:02:30,INDF,RG,6550,5,F,AK,GR,D
10:02:17,INDF,RG,6525,5,D,YP,XC,D
10:01:49,INDF,RG,6525,5,D,YP,CS,F
10:01:49,INDF,RG,6525,36,F,DX,CS,F
10:01:49,INDF,RG,6525,26,F,DX,AG,D
10:01:49,INDF,RG,6525,5,F,CS,AG,D
10:01:49,INDF,RG,6525,2,F,CS,AG,D
10:01:49,INDF,RG,6525,5,D,PD,AG,D
10:01:49,INDF,RG,6525,1,D,NI,AG,D
10:01:49,INDF,RG,6525,4,F,CS,AG,D
10:01:49,INDF,RG,6525,2,F,CS,AG,D
10:01:49,INDF,RG,6525,1,F,ZP,AG,D
10:01:49,INDF,RG,6525,3,F,CS,AG,D
10:01:49,INDF,RG,6525,1,D,XC,AG,D
10:01:45,INDF,RG,6550,15,F,AK,GR,D
10:01:39,INDF,RG,6525,2,D,XC,XC,D
10:01:39,INDF,RG,6525,10,F,CC,XC,D
10:01:39,INDF,RG,6525,14,F,DX,XC,D
10:01:02,INDF,RG,6550,1,D,PD,GR,D
10:01:00,INDF,RG,6550,2,F,AK,KK,D
10:01:00,INDF,RG,6550,1,F,AK,XC,D
10:01:00,INDF,RG,6550,8,F,AK,CC,D
10:01:00,INDF,RG,6550,22,D,YU,CC,D
10:01:00,INDF,RG,6550,45,D,YU,YP,D
10:00:21,INDF,RG,6525,53,F,DX,CC,F
10:00:19,INDF,RG,6525,1,F,DX,NI,D
10:00:18,INDF,RG,6525,7,F,DX,CS,F
10:00:18,INDF,RG,6525,85,F,DX,CS,F
10:00:18,INDF,RG,6525,76,F,DX,CS,F
10:00:18,INDF,RG,6525,49,F,DX,CS,F
10:00:17,INDF,RG,6525,3,F,DX,KK,D
10:00:17,INDF,RG,6525,27,F,DX,KK,D
10:00:10,INDF,RG,6525,3,F,DX,XL,D
10:00:00,INDF,RG,6550,12,F,AK,YP,D
09:59:51,INDF,RG,6525,16,F,DX,EP,D
09:59:51,INDF,RG,6525,4,F,DX,EP,D
09:59:30,INDF,RG,6550,9,F,AK,YP,D
09:59:28,INDF,RG,6550,90,F,SQ,YP,D
09:59:26,INDF,RG,6550,3,F,DX,YP,D
09:59:26,INDF,RG,6550,33,F,DX,YP,D
09:59:09,INDF,RG,6525,1,F,DX,CC,D
09:58:40,INDF,RG,6525,49,F,DX,DX,F
09:58:40,INDF,RG,6525,1,F,ZP,DX,F
09:58:18,INDF,RG,6550,108,F,DX,YP,D
09:58:17,INDF,RG,6525,32,F,AK,AK,F
09:58:17,INDF,RG,6525,2,F,CS,AK,F
09:58:17,INDF,RG,6525,1,F,ZP,AK,F
09:58:17,INDF,RG,6525,3,F,CS,AK,F
09:58:17,INDF,RG,6525,10,F,YU,AK,F
09:58:17,INDF,RG,6525,2,D,YU,AK,F
09:58:17,INDF,RG,6525,307,D,YU,CS,F
09:58:17,INDF,RG,6525,3,D,YU,BB,D
09:58:17,INDF,RG,6525,4,D,YU,AK,F
09:58:17,INDF,RG,6525,79,D,YU,DP,F
09:58:17,INDF,RG,6525,2,D,YU,CS,F
09:58:17,INDF,RG,6525,3,D,YU,RG,D
09:58:16,INDF,RG,6525,2,F,BK,RG,D
09:58:16,INDF,RG,6525,1,F,BK,DR,D
09:58:16,INDF,RG,6525,5,F,BK,NI,D
09:58:16,INDF,RG,6525,2,F,BK,CC,D
09:58:16,INDF,RG,6525,3,F,BK,CC,D
09:58:16,INDF,RG,6525,1,F,BK,CC,D
09:58:16,INDF,RG,6525,4,F,BK,CC,D
09:58:16,INDF,RG,6525,2,F,BK,PD,D
09:58:16,INDF,RG,6525,15,F,BK,NI,D
09:58:16,INDF,RG,6525,10,F,BK,CC,D
09:58:16,INDF,RG,6525,8,F,BK,AK,F
09:58:16,INDF,RG,6525,99,F,BK,CC,D
09:58:16,INDF,RG,6525,1,F,BK,PD,D
09:58:16,INDF,RG,6525,3,F,BK,PD,D
09:58:16,INDF,RG,6525,84,F,BK,OD,D
09:58:16,INDF,RG,6525,79,F,DX,OD,D
09:58:15,INDF,RG,6525,4,F,CS,OD,D
09:58:15,INDF,RG,6525,33,F,BK,OD,D
09:58:15,INDF,RG,6525,1,F,BK,BB,D
09:58:15,INDF,RG,6525,7,F,BK,XC,D
09:58:15,INDF,RG,6525,80,F,BK,CS,F
09:58:15,INDF,RG,6525,6,F,BK,DP,F
09:58:15,INDF,RG,6525,56,F,BK,CS,F
09:58:15,INDF,RG,6525,18,F,BK,CS,F
09:58:15,INDF,RG,6525,6,F,BK,AK,F
09:58:15,INDF,RG,6525,15,F,BK,PD,D
09:58:15,INDF,RG,6525,18,F,BK,EP,D
09:58:15,INDF,RG,6525,8,F,AK,EP,D
09:57:45,INDF,RG,6525,22,F,AK,EP,D
09:57:45,INDF,RG,6525,4,F,AK,EP,D
09:56:59,INDF,RG,6525,30,D,SQ,EP,D
09:56:47,INDF,RG,6525,5,F,CS,EP,D
09:56:15,INDF,RG,6500,5,F,AK,AK,F
09:55:35,INDF,RG,6525,2,D,NI,EP,D
09:55:29,INDF,RG,6525,1,F,ZP,EP,D
09:55:25,INDF,RG,6525,1,D,SQ,EP,D
09:55:24,INDF,RG,6525,1,D,XC,EP,D
09:55:00,INDF,RG,6525,56,D,YU,EP,D
09:54:30,INDF,RG,6525,8,D,YP,EP,D
09:54:17,INDF,RG,6525,1,D,NI,EP,D
09:54:16,INDF,RG,6525,6,F,CS,EP,D
09:54:00,INDF,RG,6500,4,F,AK,AK,F
09:53:30,INDF,RG,6525,4,F,AK,EP,D
09:53:29,INDF,RG,6525,33,D,CC,EP,D
09:53:29,INDF,RG,6525,4,D,CC,XC,D
09:53:29,INDF,RG,6525,2,D,CC,HP,D
09:53:29,INDF,RG,6525,11,D,CC,SQ,D
09:53:24,INDF,RG,6525,1,D,FS,SQ,D
09:53:11,INDF,RG,6525,20,D,CC,SQ,D
09:52:25,INDF,RG,6525,15,F,AK,SQ,D
09:52:24,INDF,RG,6525,20,D,SQ,SQ,D
09:52:15,INDF,RG,6525,5,F,ZP,SQ,D
09:52:13,INDF,RG,6525,1,D,PD,SQ,D
09:51:59,INDF,RG,6525,3,D,PD,SQ,D
09:51:53,INDF,RG,6525,7,F,CS,SQ,D
09:51:53,INDF,RG,6525,1,D,PD,SQ,D
09:51:22,INDF,RG,6525,44,F,AK,SQ,D
09:51:17,INDF,RG,6525,10,D,PD,SQ,D
09:51:07,INDF,RG,6525,1,D,XC,SQ,D
09:51:00,INDF,RG,6525,52,D,YU,SQ,D
09:50:45,INDF,RG,6500,6,F,AK,AK,F
09:50:28,INDF,RG,6525,1,D,XC,SQ,D
09:50:16,INDF,RG,6525,3,D,YP,SQ,D
09:49:55,INDF,RG,6525,1,D,CC,SQ,D
09:49:45,INDF,RG,6525,4,F,AK,SQ,D
09:49:45,INDF,RG,6525,2,F,AK,YP,D
09:49:45,INDF,RG,6525,1,F,AK,PD,D
09:49:45,INDF,RG,6525,2,F,AK,XC,D
09:49:45,INDF,RG,6525,3,F,AK,YP,D
09:49:29,INDF,RG,6500,3,F,AK,GR,D
09:49:29,INDF,RG,6500,10,F,CC,GR,D
09:49:26,INDF,RG,6525,1,D,XL,YP,D
09:49:13,INDF,RG,6500,1,F,CC,YP,D
09:49:05,INDF,RG,6525,1,D,XC,YP,D
09:49:00,INDF,RG,6525,9,F,YU,YP,D
09:48:56,INDF,RG,6525,5,D,CC,YP,D
09:48:37,INDF,RG,6525,9,F,CS,YP,D
09:48:30,INDF,RG,6525,16,F,AK,YP,D
09:48:00,INDF,RG,6525,87,D,YU,YP,D
09:47:59,INDF,RG,6525,10,D,XL,YP,D
09:47:46,INDF,RG,6525,1,D,XC,YP,D
09:47:13,INDF,RG,6525,1,D,YP,YP,D
09:47:05,INDF,RG,6525,2,D,YP,YP,D
09:46:56,INDF,RG,6525,5,D,XL,YP,D
09:46:54,INDF,RG,6525,1,D,YP,YP,D
09:46:31,INDF,RG,6525,1,D,XL,YP,D
09:46:00,INDF,RG,6525,48,D,YU,YP,D
09:46:00,INDF,RG,6525,5,D,YU,PD,D
09:46:00,INDF,RG,6525,4,D,YU,YP,D
09:45:57,INDF,RG,6500,7,F,CC,GR,D
09:45:57,INDF,RG,6500,33,F,DX,GR,D
09:45:39,INDF,RG,6500,1,F,DX,XC,D
09:45:13,INDF,RG,6525,10,F,CS,YP,D
09:44:48,INDF,RG,6500,9,F,DX,AK,F
09:44:45,INDF,RG,6525,6,F,AK,YP,D
09:44:45,INDF,RG,6525,14,F,AK,YP,D
09:44:12,INDF,RG,6500,42,F,DX,YP,D
09:44:10,INDF,RG,6525,1,D,NI,YP,D
09:43:39,INDF,RG,6500,2,F,DX,PD,D
09:43:35,INDF,RG,6525,1,D,PD,YP,D
09:43:00,INDF,RG,6525,60,D,YU,YP,D
09:42:46,INDF,RG,6525,1,D,XL,YP,D
09:42:35,INDF,RG,6525,13,D,YP,YP,D
09:41:30,INDF,RG,6525,22,F,AK,YP,D
09:41:22,INDF,RG,6525,12,F,AK,YP,D
09:41:22,INDF,RG,6525,1,D,XL,YP,D
09:41:01,INDF,RG,6500,3,F,DX,CC,D
09:41:00,INDF,RG,6525,1,F,AK,YP,D
09:39:47,INDF,RG,6500,77,F,DX,CC,D
09:39:47,INDF,RG,6500,179,F,DX,CC,D
09:39:47,INDF,RG,6500,61,F,DX,CC,D
09:39:47,INDF,RG,6500,13,F,DX,CC,D
09:39:28,INDF,RG,6525,1,D,YP,YP,D
09:39:04,INDF,RG,6500,25,F,DX,XL,D
09:39:02,INDF,RG,6525,1,D,SQ,YP,D
09:38:40,INDF,RG,6500,8,F,DX,PD,D
09:38:40,INDF,RG,6525,1,D,XL,YP,D
09:38:32,INDF,RG,6500,1,F,DX,PD,D
09:37:37,INDF,RG,6525,15,D,CC,YP,D
09:37:21,INDF,RG,6500,1,F,DX,XL,D
09:36:44,INDF,RG,6500,53,F,DX,YP,D
09:36:44,INDF,RG,6500,71,F,DX,YP,D
09:36:44,INDF,RG,6500,1,F,ZP,YP,D
09:36:44,INDF,RG,6500,105,F,DX,YP,D
09:36:24,INDF,RG,6500,1,F,DX,PD,D
09:36:04,INDF,RG,6500,1,F,DX,BQ,D
09:35:48,INDF,RG,6500,1,F,DX,BQ,D
09:34:14,INDF,RG,6500,1,F,DX,PD,D
09:34:13,INDF,RG,6500,1,F,DX,XC,D
09:34:03,INDF,RG,6500,1,F,DX,YP,D
09:34:03,INDF,RG,6525,156,F,DX,YP,D
09:34:03,INDF,RG,6525,3,F,DX,YP,D
09:34:03,INDF,RG,6525,5,F,DX,PD,D
09:34:03,INDF,RG,6525,1,F,DX,KK,D
09:34:03,INDF,RG,6525,1,F,DX,XC,D
09:34:03,INDF,RG,6525,2,F,DX,KK,D
09:34:02,INDF,RG,6475,2,F,BK,CS,F
09:34:02,INDF,RG,6500,1,F,CS,CS,F
09:34:02,INDF,RG,6500,1,F,ZP,CS,F
09:34:02,INDF,RG,6500,5,F,CS,CS,F
09:34:02,INDF,RG,6500,3,F,CS,CS,F
09:34:02,INDF,RG,6500,15,F,BK,CS,F
09:34:02,INDF,RG,6500,5,D,PD,CS,F
09:34:02,INDF,RG,6500,19,D,PD,DP,F
09:34:02,INDF,RG,6500,1,D,PD,CS,F
09:34:02,INDF,RG,6500,3,F,CS,CS,F
09:34:02,INDF,RG,6500,5,F,CS,CS,F
09:34:02,INDF,RG,6500,1,F,CS,CS,F
09:34:02,INDF,RG,6500,21,D,YU,CS,F
09:34:02,INDF,RG,6500,1,F,ZP,CS,F
09:34:02,INDF,RG,6500,10,F,YU,CS,F
09:34:02,INDF,RG,6500,26,D,YU,CS,F
09:34:02,INDF,RG,6500,5,D,YU,CS,F
09:34:02,INDF,RG,6500,53,D,YU,AK,F
09:34:02,INDF,RG,6525,3,F,CS,KK,D
09:34:02,INDF,RG,6500,3,D,YU,BB,D
09:34:02,INDF,RG,6500,50,D,YU,PD,D
09:34:02,INDF,RG,6500,6,D,YU,YP,D
09:34:02,INDF,RG,6500,3,D,YU,XC,D
09:34:02,INDF,RG,6500,1,D,YU,XC,D
09:34:02,INDF,RG,6500,17,D,YU,DP,F
09:34:02,INDF,RG,6500,128,D,YU,YP,D
09:34:02,INDF,RG,6500,1,D,YU,XL,D
09:34:02,INDF,RG,6500,10,D,YU,DH,D
09:34:02,INDF,RG,6500,20,D,YU,AZ,D
09:34:02,INDF,RG,6500,6,D,YU,AK,F
09:34:02,INDF,RG,6500,5,D,YU,XC,D
09:34:02,INDF,RG,6500,2,D,YU,XL,D
09:34:02,INDF,RG,6500,1,D,YU,NI,D
09:34:02,INDF,RG,6500,113,D,YU,CS,F
09:34:02,INDF,RG,6500,82,D,YU,PD,D
09:34:02,INDF,RG,6500,56,D,YU,CS,F
09:34:02,INDF,RG,6500,42,D,YU,CS,F
09:34:02,INDF,RG,6500,1,D,YU,AK,F
09:34:01,INDF,RG,6500,1,D,YP,AK,F
09:34:00,INDF,RG,6500,5,D,YU,AK,F
09:34:00,INDF,RG,6500,1,D,YU,BB,D
09:34:00,INDF,RG,6500,10,D,YU,LS,D
09:34:00,INDF,RG,6500,5,D,YU,AZ,D
09:34:00,INDF,RG,6500,20,D,YU,YP,D
09:34:00,INDF,RG,6500,16,D,YU,PD,D
09:33:48,INDF,RG,6500,1,D,YB,PD,D
09:33:44,INDF,RG,6475,2,F,BK,BQ,D
09:33:17,INDF,RG,6475,2,F,BK,BQ,D
09:32:54,INDF,RG,6500,63,F,DX,PD,D
09:32:54,INDF,RG,6500,1,F,DX,PD,D
09:32:54,INDF,RG,6500,1,F,DX,YP,D
09:32:54,INDF,RG,6500,4,F,DX,PD,D
09:32:46,INDF,RG,6500,1,D,KK,PD,D
09:32:46,INDF,RG,6500,2,D,KK,CC,D
09:32:46,INDF,RG,6500,5,D,KK,SQ,D
09:32:46,INDF,RG,6500,2,D,KK,YP,D
09:32:35,INDF,RG,6500,4,F,CS,YP,D
09:32:10,INDF,RG,6500,7,D,YP,YP,D
09:32:08,INDF,RG,6500,1,F,ZP,YP,D
09:31:51,INDF,RG,6500,5,D,CC,YP,D
09:31:30,INDF,RG,6500,1,D,XC,YP,D
09:31:04,INDF,RG,6500,10,D,AT,YP,D
09:30:58,INDF,RG,6500,4,F,CS,YP,D
09:30:44,INDF,RG,6500,39,D,NI,YP,D
09:30:43,INDF,RG,6500,79,F,DX,YP,D
09:30:42,INDF,RG,6500,50,D,AG,YP,D
09:30:39,INDF,RG,6500,18,D,GR,YP,D
09:30:37,INDF,RG,6500,72,F,DX,YP,D
09:30:36,INDF,RG,6500,30,D,LG,YP,D
09:30:27,INDF,RG,6500,1,F,ZP,YP,D
09:30:15,INDF,RG,6500,10,F,AK,YP,D
09:30:02,INDF,RG,6500,2,D,CD,YP,D
09:30:00,INDF,RG,6500,70,D,YU,YP,D
09:29:44,INDF,RG,6500,5,D,YP,YP,D
09:29:43,INDF,RG,6500,2,D,KK,YP,D
09:29:16,INDF,RG,6500,6,F,CS,YP,D
09:28:55,INDF,RG,6500,70,F,DX,YP,D
09:28:45,INDF,RG,6500,4,F,ZP,YP,D
09:28:40,INDF,RG,6500,8,D,OD,YP,D
09:28:40,INDF,RG,6500,2,D,OD,XC,D
09:28:40,INDF,RG,6500,1,D,OD,XC,D
09:28:40,INDF,RG,6500,9,D,OD,XC,D
09:28:30,INDF,RG,6500,1,D,YP,XC,D
09:28:30,INDF,RG,6500,1,D,YP,YP,D
09:28:20,INDF,RG,6500,2,D,ZP,YP,D
09:28:15,INDF,RG,6500,6,F,AK,YP,D
09:28:09,INDF,RG,6500,25,D,XC,YP,D
09:27:12,INDF,RG,6500,39,D,NI,YP,D
09:27:00,INDF,RG,6500,84,D,YU,YP,D
09:27:00,INDF,RG,6500,10,F,YU,YP,D
09:26:56,INDF,RG,6475,1,F,BK,XL,D
09:26:53,INDF,RG,6500,9,F,CS,YP,D
09:26:53,INDF,RG,6500,9,F,AK,YP,D
09:26:52,INDF,RG,6475,8,F,BK,EP,D
09:26:45,INDF,RG,6500,43,F,DX,YP,D
09:26:45,INDF,RG,6500,48,F,DX,YP,D
09:26:42,INDF,RG,6475,1,F,BK,OD,D
09:25:13,INDF,RG,6500,2,D,YB,YP,D
09:24:21,INDF,RG,6475,1,F,BK,XC,D
09:24:00,INDF,RG,6500,84,D,YU,YP,D
09:23:57,INDF,RG,6475,1,F,BK,PD,D
09:23:48,INDF,RG,6500,1,D,XL,YP,D
09:23:40,INDF,RG,6500,17,D,CC,YP,D
09:23:40,INDF,RG,6500,9,F,CS,YP,D
09:23:38,INDF,RG,6475,1,F,BK,XL,D
09:22:59,INDF,RG,6475,1,F,ZP,YU,D
09:22:02,INDF,RG,6500,11,D,PD,YP,D
09:21:19,INDF,RG,6500,25,D,NI,YP,D
09:21:00,INDF,RG,6500,46,D,YU,YP,D
09:20:37,INDF,RG,6500,1,D,XC,YP,D
09:20:28,INDF,RG,6500,1,D,CC,YP,D
09:19:54,INDF,RG,6500,15,D,SQ,YP,D
09:19:36,INDF,RG,6500,1,D,XL,YP,D
09:19:15,INDF,RG,6500,1,D,XC,YP,D
09:18:57,INDF,RG,6500,10,D,YP,YP,D
09:18:57,INDF,RG,6500,10,D,YP,XL,D
09:18:50,INDF,RG,6475,1,F,AK,XL,D
09:18:50,INDF,RG,6500,4,D,PD,XL,D
09:18:50,INDF,RG,6500,1,D,PD,XC,D
09:18:50,INDF,RG,6500,1,D,PD,NI,D
09:18:43,INDF,RG,6500,2,D,PD,NI,D
09:18:43,INDF,RG,6500,2,D,PD,YB,D
09:18:43,INDF,RG,6500,1,D,PD,YP,D
09:18:43,INDF,RG,6500,5,D,CC,YP,D
09:18:35,INDF,RG,6475,7,F,AK,XC,D
09:18:35,INDF,RG,6475,8,F,CS,XC,D
09:18:29,INDF,RG,6500,1,D,GR,YP,D
09:17:56,INDF,RG,6500,3,F,DX,YP,D
09:17:56,INDF,RG,6500,1,F,DX,XC,D
09:17:56,INDF,RG,6500,3,F,DX,DR,D
09:17:56,INDF,RG,6500,4,F,DX,XC,D
09:17:56,INDF,RG,6500,1,F,DX,EP,D
09:17:56,INDF,RG,6500,7,F,DX,OD,D
09:17:56,INDF,RG,6500,34,F,DX,CC,D
09:17:54,INDF,RG,6475,146,F,BK,CS,F
09:17:54,INDF,RG,6500,2,F,CS,CC,D
09:17:54,INDF,RG,6475,7,F,BK,AK,F
09:17:54,INDF,RG,6475,129,F,BK,CS,F
09:17:54,INDF,RG,6475,59,F,BK,KK,D
09:17:54,INDF,RG,6475,47,F,DX,KK,D
09:17:54,INDF,RG,6475,7,F,DX,AK,F
09:17:54,INDF,RG,6475,1,F,DX,BB,D
09:17:54,INDF,RG,6475,16,F,DX,XL,D
09:17:54,INDF,RG,6475,8,F,DX,NI,D
09:17:54,INDF,RG,6475,100,F,DX,YP,D
09:17:54,INDF,RG,6475,1,F,DX,NI,D
09:17:54,INDF,RG,6475,8,F,DX,NI,D
09:17:54,INDF,RG,6475,12,F,BK,NI,D
09:17:54,INDF,RG,6475,3,F,BK,XC,D
09:17:54,INDF,RG,6475,3,F,BK,KK,D
09:17:54,INDF,RG,6475,482,F,BK,YP,D
09:17:54,INDF,RG,6475,2,F,ZP,YP,D
09:17:53,INDF,RG,6475,76,F,BK,YP,D
09:17:53,INDF,RG,6475,1,F,BK,DX,D
09:17:53,INDF,RG,6475,16,F,BK,YP,D
09:17:53,INDF,RG,6475,300,F,BK,OD,D
09:17:53,INDF,RG,6475,1,F,BK,XL,D
09:17:53,INDF,RG,6475,7,F,BK,AK,F
09:17:53,INDF,RG,6475,1,F,BK,NI,D
09:17:53,INDF,RG,6475,12,F,BK,LG,D
09:17:53,INDF,RG,6475,86,F,BK,CS,F
09:17:53,INDF,RG,6475,136,D,EP,CS,F
09:17:53,INDF,RG,6475,64,D,EP,XC,D
09:17:43,INDF,RG,6475,49,F,DX,XC,D
09:17:42,INDF,RG,6475,84,D,PD,XC,D
09:17:42,INDF,RG,6475,8,D,PD,YP,D
09:17:42,INDF,RG,6475,1,D,PD,XL,D
09:17:42,INDF,RG,6475,2,D,PD,CC,D
09:17:42,INDF,RG,6475,5,D,PD,DH,D
09:17:29,INDF,RG,6475,1,D,YP,DH,D
09:17:27,INDF,RG,6475,2,D,YB,DH,D
09:17:27,INDF,RG,6475,8,D,YB,NI,D
09:17:27,INDF,RG,6475,3,D,YB,CC,D
09:17:27,INDF,RG,6475,2,D,YB,XC,D
09:17:27,INDF,RG,6475,68,D,YB,YP,D
09:17:27,INDF,RG,6475,2,D,YB,XC,D
09:17:27,INDF,RG,6475,6,D,YB,DH,D
09:17:27,INDF,RG,6475,9,D,YB,PD,D
09:17:19,INDF,RG,6475,10,F,AK,PD,D
09:17:19,INDF,RG,6450,100,F,BK,EP,D
09:17:12,INDF,RG,6475,1,D,NI,PD,D
09:17:09,INDF,RG,6475,1,D,YP,PD,D
09:17:03,INDF,RG,6475,4,F,DX,PD,D
09:17:03,INDF,RG,6475,7,F,DX,AK,F
09:17:03,INDF,RG,6475,1,F,DX,XC,D
09:17:03,INDF,RG,6475,34,F,DX,XC,D
09:17:02,INDF,RG,6475,9,F,CS,XC,D
09:17:01,INDF,RG,6450,5,F,BK,PD,D
09:16:57,INDF,RG,6475,37,D,CC,XC,D
09:16:57,INDF,RG,6475,102,D,CC,CS,F
09:16:46,INDF,RG,6475,2,D,EP,CS,F
09:16:38,INDF,RG,6475,51,D,YP,CS,F
09:16:38,INDF,RG,6475,1,D,YP,BB,D
09:16:38,INDF,RG,6475,4,D,YP,XC,D
09:16:38,INDF,RG,6475,44,D,YP,YP,D
09:16:14,INDF,RG,6475,1,F,AK,YP,D
09:16:14,INDF,RG,6475,2,D,PD,YP,D
09:16:14,INDF,RG,6450,6,F,BK,CC,D
09:16:04,INDF,RG,6450,1,F,BK,NI,D
09:16:00,INDF,RG,6450,3,F,BK,XL,D
09:15:53,INDF,RG,6475,20,D,GR,YP,D
09:15:50,INDF,RG,6475,25,D,XC,YP,D
09:15:38,INDF,RG,6475,10,D,NI,YP,D
09:15:26,INDF,RG,6475,2,D,NI,YP,D
09:15:19,INDF,RG,6475,1,D,YP,YP,D
09:15:11,INDF,RG,6475,2,D,SQ,YP,D
09:15:09,INDF,RG,6450,1,F,BK,YP,D
09:14:31,INDF,RG,6475,21,D,YU,YP,D
09:14:31,INDF,RG,6475,2,D,XL,YP,D
09:14:19,INDF,RG,6450,2,F,BK,XL,D
09:14:19,INDF,RG,6475,11,F,CS,YP,D
09:14:18,INDF,RG,6450,3,F,BK,XL,D
09:14:15,INDF,RG,6475,1,D,PD,YP,D
09:14:07,INDF,RG,6475,2,D,CC,YP,D
09:14:02,INDF,RG,6475,3,D,CC,YP,D
09:13:51,INDF,RG,6475,1,D,XL,YP,D
09:13:50,INDF,RG,6475,1,D,NI,YP,D
09:13:49,INDF,RG,6475,1,D,KK,YP,D
09:13:40,INDF,RG,6475,2,D,HP,YP,D
09:13:32,INDF,RG,6475,1,D,XL,YP,D
09:13:23,INDF,RG,6475,1,D,YP,YP,D
09:13:14,INDF,RG,6475,1,D,NI,YP,D
09:13:12,INDF,RG,6450,1,F,BK,YP,D
09:13:08,INDF,RG,6475,2,D,PD,YP,D
09:13:00,INDF,RG,6475,1,D,YP,YP,D
09:12:36,INDF,RG,6475,1,D,NI,YP,D
09:12:34,INDF,RG,6475,1,D,SQ,YP,D
09:12:29,INDF,RG,6475,8,D,PG,YP,D
09:12:24,INDF,RG,6475,1,D,YP,YP,D
09:12:22,INDF,RG,6475,11,D,NI,YP,D
09:12:18,INDF,RG,6475,2,D,XL,YP,D
09:12:15,INDF,RG,6475,5,D,YP,YP,D
09:12:14,INDF,RG,6475,1,D,YP,YP,D
09:11:26,INDF,RG,6450,11,F,BK,NI,D
09:11:15,INDF,RG,6475,1,D,YP,YP,D
09:11:08,INDF,RG,6450,4,F,BK,CC,D
09:11:08,INDF,RG,6450,1,F,ZP,CC,D
09:11:07,INDF,RG,6475,5,D,XL,YP,D
09:11:02,INDF,RG,6450,2,F,ZP,YP,D
09:10:54,INDF,RG,6475,1,D,NI,YP,D
09:10:51,INDF,RG,6450,5,F,CS,EP,D
09:10:51,INDF,RG,6450,1,D,XC,EP,D
09:10:51,INDF,RG,6450,4,D,KK,EP,D
09:10:33,INDF,RG,6450,15,D,KK,YP,D
09:10:33,INDF,RG,6450,5,D,KK,YP,D
09:10:24,INDF,RG,6475,4,D,KK,YP,D
09:10:16,INDF,RG,6450,4,D,KK,XL,D
09:10:05,INDF,RG,6475,1,D,PD,YP,D
09:10:00,INDF,RG,6475,12,F,CS,YP,D
09:09:57,INDF,RG,6475,2,D,IF,YP,D
09:09:57,INDF,RG,6475,1,D,YB,YP,D
09:09:36,INDF,RG,6450,8,D,KK,PD,D
09:09:26,INDF,RG,6475,10,D,NI,YP,D
09:09:14,INDF,RG,6475,10,D,KK,YP,D
09:09:08,INDF,RG,6450,3,D,KK,XL,D
09:09:06,INDF,RG,6475,1,D,YP,YP,D
09:09:00,INDF,RG,6475,1,D,PD,YP,D
09:08:48,INDF,RG,6475,1,D,CC,YP,D
09:08:47,INDF,RG,6475,1,F,AK,YP,D
09:08:46,INDF,RG,6450,11,D,KK,PC,D
09:08:46,INDF,RG,6450,10,D,CC,PC,D
09:08:46,INDF,RG,6450,1,D,PD,PC,D
09:08:46,INDF,RG,6450,28,D,GR,PC,D
09:08:30,INDF,RG,6475,10,D,YP,YP,D
09:08:28,INDF,RG,6475,5,D,PD,YP,D
09:08:26,INDF,RG,6475,10,D,CC,YP,D
09:08:25,INDF,RG,6475,1,F,AK,YP,D
09:08:25,INDF,RG,6450,22,D,GR,YP,D
09:08:25,INDF,RG,6450,1,D,PD,YP,D
09:08:25,INDF,RG,6450,25,D,SQ,YP,D
09:08:25,INDF,RG,6450,7,D,XL,YP,D
09:08:25,INDF,RG,6450,1,D,NI,YP,D
09:08:25,INDF,RG,6450,1,D,YP,YP,D
09:08:25,INDF,RG,6450,5,D,PD,YP,D
09:08:25,INDF,RG,6450,3,D,NI,YP,D
09:08:25,INDF,RG,6450,1,D,YP,YP,D
09:08:25,INDF,RG,6450,1,D,PD,YP,D
09:08:25,INDF,RG,6450,2,D,XC,YP,D
09:08:25,INDF,RG,6450,2,D,SQ,YP,D
09:08:25,INDF,RG,6450,25,F,YP,YP,D
09:08:25,INDF,RG,6450,8,F,DX,YP,D
09:08:25,INDF,RG,6450,21,F,DX,XC,D
09:08:24,INDF,RG,6450,2,F,DX,CC,D
09:08:17,INDF,RG,6450,8,F,DX,XC,D
09:07:58,INDF,RG,6450,1,F,DX,YP,D
09:07:50,INDF,RG,6475,1,D,PD,YP,D
09:07:46,INDF,RG,6450,2,F,DX,XC,D
09:07:43,INDF,RG,6475,3,D,CC,YP,D
09:07:43,INDF,RG,6475,2,D,XL,YP,D
09:07:41,INDF,RG,6450,4,F,DX,XC,D
09:07:20,INDF,RG,6450,4,F,DX,EP,D
09:07:13,INDF,RG,6475,1,D,YP,YP,D
09:07:10,INDF,RG,6450,1,F,DX,NI,D
09:07:02,INDF,RG,6475,10,D,NI,YP,D
09:06:55,INDF,RG,6450,2,F,DX,XL,D
09:06:41,INDF,RG,6475,10,D,PD,YP,D
09:06:31,INDF,RG,6475,8,D,PD,YP,D
09:06:26,INDF,RG,6475,1,D,YP,YP,D
09:06:11,INDF,RG,6450,35,F,DX,CP,D
09:06:11,INDF,RG,6450,10,D,XC,CP,D
09:06:11,INDF,RG,6450,5,D,XC,CP,D
09:06:11,INDF,RG,6475,10,D,CC,YP,D
09:05:51,INDF,RG,6475,1,D,PD,YP,D
09:05:49,INDF,RG,6475,50,D,AG,YP,D
09:05:44,INDF,RG,6450,5,D,XC,XL,D
09:05:44,INDF,RG,6450,10,D,XC,XL,D
09:05:44,INDF,RG,6450,1,D,KK,XL,D
09:05:44,INDF,RG,6450,1,D,PD,XL,D
09:05:44,INDF,RG,6450,3,D,SQ,XL,D
09:05:40,INDF,RG,6475,1,D,YP,YP,D
09:05:33,INDF,RG,6475,1,D,AZ,YP,D
09:05:28,INDF,RG,6450,1,D,SQ,XC,D
09:05:20,INDF,RG,6450,4,D,SQ,EP,D
09:05:09,INDF,RG,6450,2,D,SQ,NI,D
09:05:09,INDF,RG,6450,2,D,DR,NI,D
09:05:09,INDF,RG,6450,1,D,SQ,NI,D
09:05:03,INDF,RG,6450,4,D,SQ,CC,D
09:05:03,INDF,RG,6450,1,D,PD,CC,D
09:05:03,INDF,RG,6450,10,D,SQ,CC,D
09:05:00,INDF,RG,6475,1,F,AK,YP,D
09:05:00,INDF,RG,6475,1,F,AK,YP,D
09:05:00,INDF,RG,6475,114,F,DX,YP,D
09:05:00,INDF,RG,6475,14,F,AK,YP,D
09:04:59,INDF,RG,6450,1,D,YP,CS,F
09:04:59,INDF,RG,6450,1,D,LG,CS,F
09:04:59,INDF,RG,6450,1,D,YP,CS,F
09:04:59,INDF,RG,6450,60,D,CC,CS,F
09:04:59,INDF,RG,6450,15,D,CC,CS,F
09:04:59,INDF,RG,6450,2,D,XL,CS,F
09:04:59,INDF,RG,6450,1,D,CC,CS,F
09:04:59,INDF,RG,6450,5,D,XL,CS,F
09:04:59,INDF,RG,6450,3,D,LG,CS,F
09:04:59,INDF,RG,6450,8,D,DR,CS,F
09:04:59,INDF,RG,6450,1,D,YP,CS,F
09:04:59,INDF,RG,6450,2,D,LG,CS,F
09:04:59,INDF,RG,6450,8,D,DR,CS,F
09:04:59,INDF,RG,6450,1,D,XC,CS,F
09:04:59,INDF,RG,6450,2,D,OD,CS,F
09:04:59,INDF,RG,6450,4,D,KK,CS,F
09:04:59,INDF,RG,6450,31,D,OD,CS,F
09:04:59,INDF,RG,6450,1,D,CC,CS,F
09:04:59,INDF,RG,6450,400,D,PG,CS,F
09:04:59,INDF,RG,6450,5,D,YP,CS,F
09:04:59,INDF,RG,6450,1,D,CC,CS,F
09:04:59,INDF,RG,6450,3,D,YP,CS,F
09:04:59,INDF,RG,6450,16,D,CC,CS,F
09:04:59,INDF,RG,6450,137,D,SQ,CS,F
09:04:59,INDF,RG,6450,1,D,GR,CS,F
09:04:59,INDF,RG,6450,5,D,CC,CS,F
09:04:59,INDF,RG,6450,1,D,LS,CS,F
09:04:59,INDF,RG,6450,2,D,PD,CS,F
09:04:59,INDF,RG,6450,1,D,CP,CS,F
09:04:59,INDF,RG,6450,39,D,PD,CS,F
09:04:59,INDF,RG,6450,20,D,SQ,CS,F
09:04:59,INDF,RG,6450,1,D,PD,CS,F
09:04:59,INDF,RG,6450,1,D,PD,CS,F
09:04:59,INDF,RG,6450,5,D,CC,CS,F
09:04:59,INDF,RG,6450,1,D,PD,CS,F
09:04:59,INDF,RG,6450,2,D,SQ,CS,F
09:04:59,INDF,RG,6450,66,D,DR,CS,F
09:04:59,INDF,RG,6450,8,D,DR,CS,F
09:04:59,INDF,RG,6450,9,D,XC,CS,F
09:04:57,INDF,RG,6475,6,D,XC,YP,D
09:04:57,INDF,RG,6475,1,D,XC,CC,D
09:04:57,INDF,RG,6475,1,D,XC,EP,D
09:04:55,INDF,RG,6475,2,D,YP,EP,D
09:04:50,INDF,RG,6475,1,F,AK,EP,D
09:04:49,INDF,RG,6450,3,D,XC,YP,D
09:04:49,INDF,RG,6450,4,D,XC,ZP,D
09:04:49,INDF,RG,6450,3,D,XC,ZP,D
09:04:49,INDF,RG,6450,12,D,YP,ZP,D
09:04:49,INDF,RG,6450,5,D,DR,ZP,D
09:04:49,INDF,RG,6450,1,D,CC,ZP,D
09:04:47,INDF,RG,6475,2,D,XL,EP,D
09:04:47,INDF,RG,6475,1,D,XL,MK,D
09:04:44,INDF,RG,6475,14,D,CC,MK,D
09:04:44,INDF,RG,6475,10,D,CC,EP,D
09:04:44,INDF,RG,6475,8,D,CC,AK,F
09:04:44,INDF,RG,6475,18,D,CC,YP,D
09:04:42,INDF,RG,6475,2,D,CC,YP,D
09:04:42,INDF,RG,6475,1,D,CC,BB,D
09:04:35,INDF,RG,6475,1,D,NI,YP,D
09:04:34,INDF,RG,6475,2,D,PD,YP,D
09:04:28,INDF,RG,6475,8,D,GR,YP,D
09:04:26,INDF,RG,6475,2,D,CC,YP,D
09:04:19,INDF,RG,6475,1,D,BQ,YP,D
09:04:19,INDF,RG,6475,4,D,PD,YP,D
09:04:17,INDF,RG,6450,3,D,CC,CC,D
09:04:15,INDF,RG,6475,63,F,DX,YP,D
09:04:12,INDF,RG,6450,6,D,CC,CC,D
09:04:12,INDF,RG,6450,2,D,KK,CC,D
09:04:12,INDF,RG,6450,7,D,EP,CC,D
09:04:12,INDF,RG,6450,3,D,EP,CC,D
09:04:12,INDF,RG,6450,15,D,EP,AZ,D
09:04:12,INDF,RG,6450,2,D,YU,CC,D
09:04:12,INDF,RG,6450,3,D,YU,CC,D
09:04:12,INDF,RG,6450,5,D,YP,CC,D
09:04:11,INDF,RG,6450,7,D,YP,PD,D
09:04:11,INDF,RG,6450,1,D,YP,PD,D
09:04:11,INDF,RG,6450,1,D,YP,ZP,D
09:04:11,INDF,RG,6450,1,D,YP,NI,D
09:04:08,INDF,RG,6475,30,D,YP,YP,D
09:04:08,INDF,RG,6475,1,F,ZP,YP,D
09:04:08,INDF,RG,6475,2,D,XC,YP,D
09:04:08,INDF,RG,6475,6,F,CS,YP,D
09:04:08,INDF,RG,6475,1,D,YP,YP,D
09:04:08,INDF,RG,6475,100,D,XL,YP,D
09:04:08,INDF,RG,6475,5,D,LG,YP,D
09:04:08,INDF,RG,6475,2,D,SQ,YP,D
09:04:08,INDF,RG,6475,4,D,PD,YP,D
09:04:07,INDF,RG,6475,7,D,PD,AK,F
09:04:07,INDF,RG,6475,5,D,PD,AK,F
09:04:07,INDF,RG,6475,3,D,XC,AK,F
09:04:07,INDF,RG,6475,8,F,YU,AK,F
09:04:06,INDF,RG,6475,1,F,YU,DR,D
09:04:06,INDF,RG,6475,10,D,OD,DR,D
09:04:06,INDF,RG,6475,1,D,XC,DR,D
09:04:06,INDF,RG,6475,3,D,SQ,DR,D
09:04:03,INDF,RG,6475,22,D,SQ,XL,D
09:04:03,INDF,RG,6475,6,F,AK,XL,D
09:04:03,INDF,RG,6475,44,D,XC,XL,D
09:04:03,INDF,RG,6475,1,D,PD,XL,D
09:04:03,INDF,RG,6475,1,D,PD,XL,D
09:04:03,INDF,RG,6475,5,D,SQ,XL,D
09:04:03,INDF,RG,6475,3,D,NI,XL,D
09:04:03,INDF,RG,6475,20,D,LG,XL,D
09:04:03,INDF,RG,6475,2,D,XC,XL,D
09:04:03,INDF,RG,6475,5,D,NI,XL,D
09:04:03,INDF,RG,6475,3,F,ZP,XL,D
09:04:03,INDF,RG,6475,1,D,PD,XL,D
09:04:03,INDF,RG,6475,1,D,YP,XL,D
09:04:03,INDF,RG,6475,1,D,PD,XL,D
09:04:03,INDF,RG,6475,1,D,NI,XL,D
09:04:03,INDF,RG,6475,3,F,DX,XL,D
09:04:01,INDF,RG,6475,1,F,DX,EP,D
09:04:01,INDF,RG,6475,12,F,CS,EP,D
09:04:01,INDF,RG,6475,10,D,GR,EP,D
09:04:01,INDF,RG,6475,1,D,PD,EP,D
09:04:01,INDF,RG,6475,1,D,SQ,EP,D
09:04:01,INDF,RG,6475,1,D,PD,EP,D
09:04:01,INDF,RG,6475,2,D,KK,EP,D
09:04:01,INDF,RG,6475,2,D,GR,EP,D
09:04:00,INDF,RG,6475,1,D,GR,NI,D
09:03:53,INDF,RG,6475,2,D,GR,PD,D
09:03:53,INDF,RG,6475,1,F,DX,PD,D
09:03:40,INDF,RG,6475,2,F,DX,XC,D
09:03:34,INDF,RG,6475,5,F,DX,XC,D
09:03:31,INDF,RG,6475,29,F,DX,YP,D
09:03:26,INDF,RG,6475,49,F,DX,PD,D
09:03:26,INDF,RG,6475,1,D,YP,PD,D
09:03:18,INDF,RG,6500,1,D,CC,CC,D
09:03:14,INDF,RG,6475,99,D,YP,NI,D
09:03:14,INDF,RG,6475,1,F,CC,NI,D
09:03:13,INDF,RG,6475,5,F,CC,PD,D
09:03:13,INDF,RG,6475,3,F,CC,KK,D
09:03:13,INDF,RG,6475,1,D,NI,KK,D
09:03:13,INDF,RG,6475,2,D,XC,KK,D
09:03:13,INDF,RG,6475,1,D,KK,KK,D
09:03:13,INDF,RG,6475,3,F,CS,KK,D
09:03:12,INDF,RG,6475,6,F,CS,LS,D
09:03:05,INDF,RG,6475,3,F,CS,CC,D
09:03:04,INDF,RG,6475,1,F,CS,YU,D
09:02:47,INDF,RG,6475,1,F,CS,YP,D
09:02:47,INDF,RG,6475,1,D,XC,YP,D
09:02:47,INDF,RG,6475,3,D,CC,YP,D
09:02:46,INDF,RG,6475,1,D,CC,XC,D
09:02:35,INDF,RG,6475,1,D,CC,CC,D
09:02:32,INDF,RG,6475,1,D,CC,DR,D
09:02:14,INDF,RG,6475,9,D,CC,YP,D
09:01:34,INDF,RG,6475,5,D,CC,YP,D
09:01:31,INDF,RG,6500,1,D,XL,CC,D
09:01:15,INDF,RG,6500,1,F,AK,CC,D
09:01:15,INDF,RG,6500,5,F,AK,KK,D
09:01:15,INDF,RG,6500,2,F,AK,YP,D
09:01:15,INDF,RG,6500,5,F,AK,YP,D
09:01:15,INDF,RG,6500,2,F,AK,YP,D
09:01:15,INDF,RG,6500,11,F,AK,PD,D
09:01:15,INDF,RG,6475,28,D,CC,AK,F
09:01:15,INDF,RG,6475,5,D,CC,AK,F
09:01:07,INDF,RG,6500,50,D,KK,PD,D
09:00:54,INDF,RG,6475,10,D,CC,PD,D
09:00:54,INDF,RG,6475,5,D,CC,PD,D
09:00:54,INDF,RG,6475,1,D,DX,PD,D
09:00:54,INDF,RG,6475,5,D,CC,PD,D
09:00:54,INDF,RG,6475,2,D,CC,PD,D
09:00:54,INDF,RG,6475,4,F,YU,PD,D
09:00:54,INDF,RG,6475,48,F,DX,PD,D
09:00:49,INDF,RG,6500,39,F,DX,PD,D
09:00:49,INDF,RG,6475,4,F,DX,AK,F
09:00:49,INDF,RG,6475,1,F,ZP,AK,F
09:00:49,INDF,RG,6475,7,F,CS,AK,F
09:00:49,INDF,RG,6475,1,D,DX,AK,F
09:00:49,INDF,RG,6475,1,D,PD,AK,F
09:00:49,INDF,RG,6475,1,D,PD,AK,F
09:00:49,INDF,RG,6475,3,D,YP,AK,F
09:00:49,INDF,RG,6475,10,D,CC,AK,F
09:00:49,INDF,RG,6475,30,D,CC,YP,D
09:00:49,INDF,RG,6475,1,D,XL,YP,D
09:00:49,INDF,RG,6475,45,D,DR,YP,D
09:00:49,INDF,RG,6475,8,D,DR,YP,D
09:00:49,INDF,RG,6500,5,D,YP,SQ,D
09:00:49,INDF,RG,6500,7,D,YP,PD,D
09:00:49,INDF,RG,6475,2,D,DR,YP,D
09:00:49,INDF,RG,6475,1,D,IN,YP,D
09:00:49,INDF,RG,6475,2,D,KK,YP,D
09:00:49,INDF,RG,6475,1,D,CC,YP,D
09:00:49,INDF,RG,6475,1,D,CC,YP,D
09:00:49,INDF,RG,6475,5,D,YP,YP,D
09:00:49,INDF,RG,6475,1,D,CC,YP,D
09:00:49,INDF,RG,6475,5,D,YP,YP,D
09:00:49,INDF,RG,6475,12,D,EP,YP,D
09:00:46,INDF,RG,6475,1,D,EP,KK,D
09:00:38,INDF,RG,6475,12,D,EP,YU,D
09:00:38,INDF,RG,6475,1,D,PD,YU,D
09:00:38,INDF,RG,6475,1,D,PD,YU,D
09:00:38,INDF,RG,6475,1,D,PD,YU,D
09:00:38,INDF,RG,6475,2,D,PD,YU,D
09:00:38,INDF,RG,6475,1,D,GR,YU,D
09:00:38,INDF,RG,6475,5,D,PD,YU,D
09:00:38,INDF,RG,6475,3,D,CC,YU,D
09:00:38,INDF,RG,6475,1,D,PD,YU,D
09:00:38,INDF,RG,6475,1,D,PD,YU,D
09:00:38,INDF,RG,6475,1,D,PD,YU,D
09:00:38,INDF,RG,6475,3,D,PD,YU,D
09:00:38,INDF,RG,6475,1,D,PD,YU,D
09:00:38,INDF,RG,6475,1,D,PD,YU,D
09:00:38,INDF,RG,6475,2,D,PD,YU,D
09:00:38,INDF,RG,6475,7,D,DR,YU,D
09:00:38,INDF,RG,6475,7,D,DR,YU,D
09:00:38,INDF,RG,6475,5,D,XC,YU,D
09:00:38,INDF,RG,6475,10,D,YP,YU,D
09:00:38,INDF,RG,6475,7,D,DR,YU,D
09:00:38,INDF,RG,6475,28,D,YP,YU,D
09:00:36,INDF,RG,6475,13,D,YP,XL,D
09:00:33,INDF,RG,6475,2,D,YP,XL,D
09:00:28,INDF,RG,6500,1,D,XC,PD,D
09:00:25,INDF,RG,6500,9,D,KK,PD,D
09:00:25,INDF,RG,6500,1,D,KK,PD,D
09:00:25,INDF,RG,6500,10,D,KK,SQ,D
09:00:25,INDF,RG,6500,5,D,KK,GR,D
09:00:25,INDF,RG,6500,6,D,KK,CC,D
09:00:25,INDF,RG,6500,1,D,KK,PD,D
09:00:25,INDF,RG,6500,18,D,KK,XC,D
09:00:15,INDF,RG,6475,2,D,YP,XC,D
09:00:15,INDF,RG,6475,8,D,YP,XC,D
09:00:15,INDF,RG,6475,8,D,YP,XC,D
09:00:15,INDF,RG,6475,20,D,YP,XC,D
09:00:14,INDF,RG,6500,2,D,XC,XC,D
09:00:14,INDF,RG,6475,4,D,YP,PD,D
09:00:14,INDF,RG,6475,50,D,YP,ZR,D
09:00:14,INDF,RG,6475,5,D,YP,CC,D
09:00:09,INDF,RG,6475,10,D,YP,KK,D
09:00:08,INDF,RG,6475,2,D,YP,XC,D
09:00:06,INDF,RG,6475,7,D,YP,PD,D
09:00:05,INDF,RG,6475,20,D,YP,HP,D
09:00:04,INDF,RG,6500,3,D,NI,XC,D
09:00:02,INDF,RG,6500,2,D,KK,XC,D
09:00:02,INDF,RG,6500,3,D,KK,KK,D
09:00:01,INDF,RG,6475,187,D,YP,CC,D
09:00:01,INDF,RG,6475,34,D,YP,CC,D
09:00:00,INDF,RG,6500,2,D,NI,KK,D
09:00:00,INDF,RG,6500,5,D,NI,KK,D
09:00:00,INDF,RG,6500,20,D,NI,KK,D
09:00:00,INDF,RG,6475,7,D,YP,GR,D
09:00:00,INDF,RG,6475,2,D,YP,YB,D
08:59:00,INDF,RG,6475,1,D,YP,BQ,D
08:59:00,INDF,RG,6475,19,D,YP,XC,D
08:59:00,INDF,RG,6475,55,D,YP,YP,D
08:59:00,INDF,RG,6475,3,D,YP,YP,D
08:59:00,INDF,RG,6475,8,D,YP,GR,D
08:59:00,INDF,RG,6475,5,D,YP,YB,D
08:59:00,INDF,RG,6475,2,D,PD,YB,D
08:59:00,INDF,RG,6475,3,D,XC,YB,D
08:59:00,INDF,RG,6475,2,D,XC,YB,D
08:59:00,INDF,RG,6475,2,D,XC,YB,D
08:59:00,INDF,RG,6475,1,D,XL,YB,D
08:59:00,INDF,RG,6475,3,D,XL,YB,D
08:59:00,INDF,RG,6475,8,D,XL,GR,D
08:59:00,INDF,RG,6475,1,D,XL,GR,D
08:59:00,INDF,RG,6475,1,D,XL,GR,D
08:59:00,INDF,RG,6475,2,D,XL,GR,D
08:59:00,INDF,RG,6475,5,F,KK,GR,D
08:59:00,INDF,RG,6475,3,D,XL,GR,D
08:59:00,INDF,RG,6475,5,D,XL,GR,D
08:59:00,INDF,RG,6475,2,F,KK,GR,D
08:59:00,INDF,RG,6475,2,D,XL,GR,D
08:59:00,INDF,RG,6475,21,D,YP,GR,D
08:59:00,INDF,RG,6475,29,D,YP,CC,D
08:59:00,INDF,RG,6475,5,D,YP,CC,D
08:59:00,INDF,RG,6475,1,D,XL,CC,D
08:59:00,INDF,RG,6475,15,F,NI,CC,D
08:59:00,INDF,RG,6475,1,F,NI,YP,D
08:59:00,INDF,RG,6475,24,F,NI,SQ,D
08:59:00,INDF,RG,6475,2,D,XL,SQ,D
08:59:00,INDF,RG,6475,1,D,XL,SQ,D
08:59:00,INDF,RG,6475,2,D,XC,SQ,D
08:59:00,INDF,RG,6475,8,D,YP,SQ,D
08:59:00,INDF,RG,6475,1,D,XL,SQ,D
08:59:00,INDF,RG,6475,3,D,OD,SQ,D
08:59:00,INDF,RG,6475,3,D,KK,SQ,D
08:59:00,INDF,RG,6475,1,D,CC,SQ,D
08:59:00,INDF,RG,6475,1,D,YP,SQ,D
08:59:00,INDF,RG,6475,5,D,YP,SQ,D
08:59:00,INDF,RG,6475,18,D,EP,SQ,D
08:59:00,INDF,RG,6475,7,D,EP,DR,D
08:59:00,INDF,RG,6475,1,D,PD,DR,D
08:59:00,INDF,RG,6475,3,D,PD,DR,D
08:59:00,INDF,RG,6475,2,D,PD,DR,D
08:59:00,INDF,RG,6475,14,D,PD,DR,D
08:59:00,INDF,RG,6475,2,D,PD,DR,D
08:59:00,INDF,RG,6475,1,D,PD,DR,D
08:59:00,INDF,RG,6475,5,D,PD,DR,D
08:59:00,INDF,RG,6475,1,D,CC,DR,D
08:59:00,INDF,RG,6475,20,D,SQ,DR,D
08:59:00,INDF,RG,6475,40,D,PD,DR,D
08:59:00,INDF,RG,6475,15,D,PD,DR,D
08:59:00,INDF,RG,6475,1,D,PD,DR,D
08:59:00,INDF,RG,6475,1,D,PD,DR,D
08:59:00,INDF,RG,6475,1,D,ZP,DR,D
08:59:00,INDF,RG,6475,2,D,PD,DR,D
08:59:00,INDF,RG,6475,1,D,KK,DR,D
08:59:00,INDF,RG,6475,1,D,PD,DR,D
08:59:00,INDF,RG,6475,2,D,PD,DR,D
08:59:00,INDF,RG,6475,2,D,PD,DR,D
08:59:00,INDF,RG,6475,1,D,PD,DR,D
08:59:00,INDF,RG,6475,2,D,GR,DR,D
08:59:00,INDF,RG,6475,1,D,YP,DR,D
08:59:00,INDF,RG,6475,1,D,YB,DR,D
08:59:00,INDF,RG,6475,10,D,YP,DR,D
08:59:00,INDF,RG,6475,1,D,KK,DR,D
08:59:00,INDF,RG,6475,10,D,EP,DR,D
08:59:00,INDF,RG,6475,40,D,KK,DR,D
08:59:00,INDF,RG,6475,5,D,YU,DR,D
08:59:00,INDF,RG,6475,7,D,YP,DR,D
08:59:00,INDF,RG,6475,100,D,YP,DR,D
08:59:00,INDF,RG,6475,93,D,YP,YB,D
08:59:00,INDF,RG,6475,1,D,XL,YB,D
08:59:00,INDF,RG,6475,2,D,XL,YB,D
08:59:00,INDF,RG,6475,1,D,XL,YB,D
08:59:00,INDF,RG,6475,1,D,XL,YB,D
08:59:00,INDF,RG,6475,1,D,XL,YB,D
08:59:00,INDF,RG,6475,1,D,XL,YB,D
08:59:00,INDF,RG,6475,1,D,KK,YB,D
08:59:00,INDF,RG,6475,1,D,PD,YB,D
08:59:00,INDF,RG,6475,2,D,PD,YB,D
08:59:00,INDF,RG,6475,1,D,PD,YB,D
08:59:00,INDF,RG,6475,2,D,PD,YB,D
08:59:00,INDF,RG,6475,1,D,PD,YB,D
08:59:00,INDF,RG,6475,10,D,PD,YB,D
08:59:00,INDF,RG,6475,2,D,CC,YB,D
08:59:00,INDF,RG,6475,3,D,CC,YB,D
08:59:00,INDF,RG,6475,1,D,PD,YB,D
08:59:00,INDF,RG,6475,15,D,SQ,YB,D
08:59:00,INDF,RG,6475,2,F,ZP,YB,D
08:59:00,INDF,RG,6475,6,F,DX,YB,D
08:59:00,INDF,RG,6475,11,F,DX,YB,D
08:59:00,INDF,RG,6475,42,F,DX,YB,D
08:59:00,INDF,RG,6475,42,F,DX,PD,D
08:59:00,INDF,RG,6475,8,F,DX,PD,D
08:59:00,INDF,RG,6475,27,F,DX,YP,D
08:59:00,INDF,RG,6475,4,F,YU,YP,D
08:59:00,INDF,RG,6475,1,F,BK,YP,D
08:59:00,INDF,RG,6475,9,F,CS,YP,D
08:59:00,INDF,RG,6475,7,F,AK,YP,D
08:59:00,INDF,RG,6475,1,F,AK,YP,D
08:59:00,INDF,RG,6475,1,D,DX,YP,D
08:59:00,INDF,RG,6475,5,D,DX,DR,D
08:59:00,INDF,RG,6475,16,D,DX,NI,D
08:59:00,INDF,RG,6475,2,D,DX,BB,D
08:59:00,INDF,RG,6475,9,D,DX,AK,F
