Time,Stock,Brd,Price,Qty,BT,BC,SC,ST
15:14:56,INDF,RG,6025,1,D,YB,PD,D
15:13:01,INDF,RG,6025,5,D,YB,YU,D
15:06:59,INDF,RG,6025,1,D,YB,YP,D
15:05:22,INDF,RG,6025,14,D,YB,YP,D
15:05:22,INDF,RG,6025,1,D,XC,YP,D
15:05:22,INDF,RG,6025,15,D,KK,YP,D
15:05:00,INDF,RG,6025,3,D,KK,KK,D
15:03:47,INDF,RG,6025,1,D,KK,XC,D
15:03:34,INDF,RG,6025,20,D,KK,CC,D
15:00:00,INDF,RG,6025,10,D,KK,DH,D
15:00:00,INDF,RG,6025,1,D,KK,HP,D
15:00:00,INDF,RG,6025,1,D,XC,HP,D
15:00:00,INDF,RG,6025,1,D,XC,HP,D
15:00:00,INDF,RG,6025,1,D,CP,HP,D
15:00:00,INDF,RG,6025,1,D,GR,HP,D
15:00:00,INDF,RG,6025,24,D,GR,DR,D
15:00:00,INDF,RG,6025,1,D,XC,DR,D
15:00:00,INDF,RG,6025,1,D,XC,DR,D
15:00:00,INDF,RG,6025,1,D,XC,DR,D
15:00:00,INDF,RG,6025,2,D,EP,DR,D
15:00:00,INDF,RG,6025,1,D,AZ,DR,D
15:00:00,INDF,RG,6025,6,D,GR,DR,D
15:00:00,INDF,RG,6025,5,D,XC,DR,D
15:00:00,INDF,RG,6025,59,D,CP,DR,D
15:00:00,INDF,RG,6025,23,D,CP,AK,F
15:00:00,INDF,RG,6025,1,D,XC,AK,F
15:00:00,INDF,RG,6025,2,D,YP,AK,F
15:00:00,INDF,RG,6025,5,D,DX,AK,F
15:00:00,INDF,RG,6025,4,D,YU,AK,F
15:00:00,INDF,RG,6025,5,D,CC,AK,F
15:00:00,INDF,RG,6025,8,D,PD,AK,F
15:00:00,INDF,RG,6025,200,D,YP,AK,F
15:00:00,INDF,RG,6025,16,D,DR,AK,F
15:00:00,INDF,RG,6025,5,D,KK,AK,F
15:00:00,INDF,RG,6025,3,D,YU,AK,F
15:00:00,INDF,RG,6025,8,D,PD,AK,F
15:00:00,INDF,RG,6025,3,D,PD,AK,F
15:00:00,INDF,RG,6025,40,D,YP,AK,F
15:00:00,INDF,RG,6025,42,D,YP,CD,D
15:00:00,INDF,RG,6025,1,D,XC,CD,D
15:00:00,INDF,RG,6025,1,D,XC,CD,D
15:00:00,INDF,RG,6025,10,D,YP,CD,D
15:00:00,INDF,RG,6025,1,D,NI,CD,D
15:00:00,INDF,RG,6025,10,D,YP,CD,D
15:00:00,INDF,RG,6025,1,D,PD,CD,D
15:00:00,INDF,RG,6025,1,D,XL,CD,D
15:00:00,INDF,RG,6025,5,D,KK,CD,D
15:00:00,INDF,RG,6025,1,D,YP,CD,D
15:00:00,INDF,RG,6025,1,D,XC,CD,D
15:00:00,INDF,RG,6025,30,D,GR,CD,D
15:00:00,INDF,RG,6025,9,D,XL,CD,D
15:00:00,INDF,RG,6025,1,D,NI,CD,D
15:00:00,INDF,RG,6025,8,D,XC,CD,D
15:00:00,INDF,RG,6025,1,D,CC,CD,D
15:00:00,INDF,RG,6025,150,D,GR,CD,D
15:00:00,INDF,RG,6025,50,D,PD,CD,D
15:00:00,INDF,RG,6025,147,D,CP,CD,D
15:00:00,INDF,RG,6025,253,D,CP,BK,F
15:00:00,INDF,RG,6025,1,D,YP,BK,F
15:00:00,INDF,RG,6025,10,D,PD,BK,F
15:00:00,INDF,RG,6025,1,D,DH,BK,F
15:00:00,INDF,RG,6025,16,D,NI,BK,F
15:00:00,INDF,RG,6025,118,F,KZ,BK,F
15:00:00,INDF,RG,6025,1471,F,KZ,CS,F
15:00:00,INDF,RG,6025,715,F,KZ,KZ,F
15:00:00,INDF,RG,6025,300,F,KZ,KZ,D
15:00:00,INDF,RG,6025,2584,F,KZ,LG,D
15:00:00,INDF,RG,6025,56,F,KZ,BB,D
15:00:00,INDF,RG,6025,5,D,NI,BB,D
15:00:00,INDF,RG,6025,1,D,NI,BB,D
15:00:00,INDF,RG,6025,2,D,CC,BB,D
15:00:00,INDF,RG,6025,10,D,DR,BB,D
15:00:00,INDF,RG,6025,1,D,PD,BB,D
15:00:00,INDF,RG,6025,1,D,YP,BB,D
15:00:00,INDF,RG,6025,10,D,GR,BB,D
15:00:00,INDF,RG,6025,5,D,XL,BB,D
15:00:00,INDF,RG,6025,2,D,GR,BB,D
15:00:00,INDF,RG,6025,50,D,SQ,BB,D
15:00:00,INDF,RG,6025,85,D,CC,BB,D
15:00:00,INDF,RG,6025,5,D,CC,BB,D
15:00:00,INDF,RG,6025,3,D,XL,BB,D
15:00:00,INDF,RG,6025,1,D,XC,BB,D
15:00:00,INDF,RG,6025,1,D,OD,BB,D
15:00:00,INDF,RG,6025,1,D,CC,BB,D
15:00:00,INDF,RG,6025,25,D,YP,BB,D
15:00:00,INDF,RG,6025,1,D,PD,BB,D
15:00:00,INDF,RG,6025,3,D,YP,BB,D
15:00:00,INDF,RG,6025,5,D,KK,BB,D
15:00:00,INDF,RG,6025,1,D,YP,BB,D
15:00:00,INDF,RG,6025,1,D,XC,BB,D
15:00:00,INDF,RG,6025,1,D,CP,BB,D
15:00:00,INDF,RG,6025,77,D,NI,BB,D
15:00:00,INDF,RG,6025,1,D,PD,BB,D
15:00:00,INDF,RG,6025,60,D,YP,BB,D
15:00:00,INDF,RG,6025,1,D,YP,BB,D
15:00:00,INDF,RG,6025,127,F,BK,BB,D
15:00:00,INDF,RG,6025,1,D,PD,BB,D
15:00:00,INDF,RG,6025,1,D,XL,BB,D
15:00:00,INDF,RG,6025,5,D,YP,BB,D
15:00:00,INDF,RG,6025,1,F,OD,BB,D
15:00:00,INDF,RG,6025,2,D,YP,BB,D
15:00:00,INDF,RG,6025,1,D,PD,BB,D
15:00:00,INDF,RG,6025,20,D,KK,BB,D
15:00:00,INDF,RG,6025,1,D,NI,BB,D
15:00:00,INDF,RG,6025,1,D,YP,BB,D
15:00:00,INDF,RG,6025,1,D,YP,BB,D
15:00:00,INDF,RG,6025,1,D,PD,BB,D
15:00:00,INDF,RG,6025,2,D,XC,BB,D
15:00:00,INDF,RG,6025,20,D,NI,BB,D
15:00:00,INDF,RG,6025,2,D,PD,BB,D
15:00:00,INDF,RG,6025,10,D,YP,BB,D
15:00:00,INDF,RG,6025,1,D,CC,BB,D
15:00:00,INDF,RG,6025,5,D,PD,BB,D
15:00:00,INDF,RG,6025,1,D,XC,BB,D
15:00:00,INDF,RG,6025,1,D,KK,BB,D
15:00:00,INDF,RG,6025,1,D,NI,BB,D
15:00:00,INDF,RG,6025,411,F,DP,BB,D
15:00:00,INDF,RG,6025,208,F,BK,BB,D
15:00:00,INDF,RG,6025,39,F,BK,BB,D
15:00:00,INDF,RG,6025,308,F,CS,BB,D
15:00:00,INDF,RG,6025,228,F,RX,BB,D
15:00:00,INDF,RG,6025,462,F,CS,BB,D
15:00:00,INDF,RG,6025,308,F,CS,BB,D
15:00:00,INDF,RG,6025,215,D,LG,BB,D
15:00:00,INDF,RG,6025,8,D,LG,AK,F
15:00:00,INDF,RG,6025,84,D,LG,AK,F
15:00:00,INDF,RG,6025,206,D,LG,AK,F
15:00:00,INDF,RG,6025,30,D,LG,AK,F
15:00:00,INDF,RG,6025,1,D,LG,AK,F
15:00:00,INDF,RG,6025,3,D,LG,ZP,D
15:00:00,INDF,RG,6025,96,D,LG,LG,D
15:00:00,INDF,RG,6025,85,D,LG,LG,D
15:00:00,INDF,RG,6025,119,D,LG,LG,D
14:49:59,INDF,RG,6050,2,D,YP,AK,F
14:49:59,INDF,RG,6050,1,D,YP,AK,F
14:49:58,INDF,RG,6075,275,F,KZ,YP,D
14:49:58,INDF,RG,6075,5,F,KZ,KZ,F
14:49:58,INDF,RG,6075,20,F,KZ,AI,D
14:49:58,INDF,RG,6075,200,F,KZ,YP,D
14:49:52,INDF,RG,6050,1,D,YP,AK,F
14:49:52,INDF,RG,6050,1,D,YP,AK,F
14:49:46,INDF,RG,6050,1,D,YP,KZ,F
14:49:46,INDF,RG,6050,1,D,YP,AK,F
14:49:46,INDF,RG,6050,1,D,YP,AK,F
14:49:45,INDF,RG,6050,4,D,YP,AK,F
14:49:45,INDF,RG,6050,1,D,YP,AK,F
14:49:40,INDF,RG,6050,1,D,YP,KZ,F
14:49:40,INDF,RG,6050,21,D,YP,CS,F
14:49:32,INDF,RG,6050,1,D,YP,KZ,F
14:49:32,INDF,RG,6050,32,D,YP,CS,F
14:49:22,INDF,RG,6050,56,D,YP,CS,F
14:49:22,INDF,RG,6050,2,D,YP,KZ,F
14:49:20,INDF,RG,6050,25,D,YP,YP,D
14:49:19,INDF,RG,6075,1,D,CC,CS,F
14:49:16,INDF,RG,6050,2,D,YP,AK,F
14:49:15,INDF,RG,6050,5,D,YP,AK,F
14:49:15,INDF,RG,6050,1,D,YP,AK,F
14:49:15,INDF,RG,6050,1,D,YP,KZ,F
14:49:15,INDF,RG,6050,20,D,YP,AK,F
14:49:15,INDF,RG,6050,1,F,KZ,AK,F
14:49:15,INDF,RG,6050,4,F,KZ,AK,F
14:49:15,INDF,RG,6050,2,F,KZ,AK,F
14:49:14,INDF,RG,6050,2,F,KZ,XC,D
14:49:12,INDF,RG,6075,1,D,PD,CS,F
14:49:02,INDF,RG,6050,1,F,KZ,CS,F
14:49:02,INDF,RG,6050,2,F,KZ,KZ,F
14:49:02,INDF,RG,6050,46,F,KZ,CS,F
14:49:02,INDF,RG,6050,1,F,KZ,AK,F
14:49:01,INDF,RG,6050,1,F,KZ,AK,F
14:48:53,INDF,RG,6050,1,F,KZ,XC,D
14:48:53,INDF,RG,6050,5,F,KZ,XC,D
14:48:52,INDF,RG,6075,1,D,PD,CS,F
14:48:51,INDF,RG,6050,1,F,KZ,AK,F
14:48:45,INDF,RG,6050,1,F,KZ,KZ,F
14:48:45,INDF,RG,6050,12,F,KZ,AK,F
14:48:45,INDF,RG,6050,5,F,KZ,AK,F
14:48:38,INDF,RG,6050,2,F,KZ,KZ,F
14:48:38,INDF,RG,6050,59,F,KZ,CS,F
14:48:36,INDF,RG,6050,11,F,KZ,KZ,F
14:48:33,INDF,RG,6050,1,F,KZ,KZ,F
14:48:33,INDF,RG,6050,1,F,KZ,KZ,F
14:48:33,INDF,RG,6050,2,F,KZ,KZ,F
14:48:33,INDF,RG,6050,34,F,KZ,KZ,F
14:48:33,INDF,RG,6050,2,F,KZ,KZ,F
14:48:31,INDF,RG,6050,2,F,KZ,AK,F
14:48:30,INDF,RG,6050,15,F,KZ,AK,F
14:48:30,INDF,RG,6050,1,F,KZ,AK,F
14:48:21,INDF,RG,6050,23,F,KZ,KZ,F
14:48:19,INDF,RG,6050,65,F,KZ,BB,D
14:48:19,INDF,RG,6050,461,F,CC,BB,D
14:48:19,INDF,RG,6050,350,F,KZ,BB,D
14:48:19,INDF,RG,6050,2,D,CC,BB,D
14:48:19,INDF,RG,6050,10,D,NI,BB,D
14:48:19,INDF,RG,6050,41,D,GR,BB,D
14:48:19,INDF,RG,6050,8,D,YP,BB,D
14:48:19,INDF,RG,6050,10,D,YP,BB,D
14:48:19,INDF,RG,6050,1,D,SQ,BB,D
14:48:19,INDF,RG,6050,5,D,YP,BB,D
14:48:19,INDF,RG,6050,6,D,CC,BB,D
14:48:19,INDF,RG,6050,1,D,SQ,BB,D
14:48:19,INDF,RG,6050,20,D,YP,BB,D
14:48:19,INDF,RG,6050,2,D,YP,BB,D
14:48:19,INDF,RG,6050,1,D,PD,BB,D
14:48:19,INDF,RG,6050,5,D,KK,BB,D
14:48:19,INDF,RG,6050,1,D,XC,BB,D
14:48:19,INDF,RG,6050,1,D,XL,BB,D
14:48:19,INDF,RG,6050,1,D,YP,BB,D
14:48:19,INDF,RG,6050,2,D,PD,BB,D
14:48:19,INDF,RG,6050,2,D,YP,BB,D
14:48:19,INDF,RG,6050,4,D,YP,BB,D
14:48:19,INDF,RG,6050,5,D,PD,BB,D
14:48:19,INDF,RG,6050,1,D,XC,BB,D
14:48:19,INDF,RG,6050,2,D,YP,BB,D
14:48:19,INDF,RG,6050,25,D,YU,BB,D
14:48:19,INDF,RG,6050,2,D,YP,BB,D
14:48:19,INDF,RG,6050,20,D,NI,BB,D
14:48:19,INDF,RG,6050,168,D,CC,BB,D
14:48:19,INDF,RG,6050,2,D,XC,BB,D
14:48:19,INDF,RG,6050,1,D,NI,BB,D
14:48:19,INDF,RG,6050,6,D,DR,BB,D
14:48:19,INDF,RG,6050,5,D,YP,BB,D
14:48:19,INDF,RG,6050,1,D,XC,BB,D
14:48:19,INDF,RG,6050,2,D,XC,BB,D
14:48:19,INDF,RG,6050,4,D,AI,BB,D
14:48:19,INDF,RG,6050,1,D,XC,BB,D
14:48:19,INDF,RG,6050,5,D,NI,BB,D
14:48:19,INDF,RG,6050,1,D,PD,BB,D
14:48:19,INDF,RG,6050,100,D,EP,BB,D
14:48:19,INDF,RG,6050,1,D,XC,BB,D
14:48:19,INDF,RG,6050,1,D,PD,BB,D
14:48:19,INDF,RG,6050,3,D,XC,BB,D
14:48:19,INDF,RG,6050,1,D,XC,BB,D
14:48:19,INDF,RG,6050,1,D,CC,BB,D
14:48:19,INDF,RG,6050,42,D,OD,BB,D
14:48:19,INDF,RG,6050,5,D,PD,BB,D
14:48:19,INDF,RG,6050,1,D,CC,BB,D
14:48:19,INDF,RG,6050,2,D,SQ,BB,D
14:48:19,INDF,RG,6050,1,D,XL,BB,D
14:48:19,INDF,RG,6050,1,D,NI,BB,D
14:48:19,INDF,RG,6050,20,D,PD,BB,D
14:48:19,INDF,RG,6050,1,D,XC,BB,D
14:48:19,INDF,RG,6050,2,D,NI,BB,D
14:48:19,INDF,RG,6050,50,D,TP,BB,D
14:48:19,INDF,RG,6050,5,D,NI,BB,D
14:48:19,INDF,RG,6050,5,D,SQ,BB,D
14:48:19,INDF,RG,6050,5,D,SQ,BB,D
14:48:19,INDF,RG,6050,1,D,NI,BB,D
14:48:19,INDF,RG,6050,1,D,XC,BB,D
14:48:19,INDF,RG,6050,10,D,OD,BB,D
14:48:19,INDF,RG,6050,20,D,ID,BB,D
14:48:19,INDF,RG,6050,1,D,YP,BB,D
14:48:19,INDF,RG,6050,20,D,DH,BB,D
14:48:19,INDF,RG,6050,7,D,PD,BB,D
14:48:19,INDF,RG,6050,5,D,AT,BB,D
14:48:19,INDF,RG,6050,5,D,PD,BB,D
14:48:19,INDF,RG,6050,1,D,YP,BB,D
14:48:19,INDF,RG,6050,5,D,PD,BB,D
14:48:19,INDF,RG,6050,5,D,PD,BB,D
14:48:19,INDF,RG,6050,17,D,GR,BB,D
14:48:19,INDF,RG,6050,8,D,GR,BB,D
14:48:19,INDF,RG,6050,377,D,YP,BB,D
14:48:19,INDF,RG,6050,34,D,YP,KZ,F
14:48:19,INDF,RG,6050,89,D,YP,PD,D
14:48:19,INDF,RG,6050,1,D,NI,PD,D
14:48:19,INDF,RG,6050,5,D,SQ,PD,D
14:48:19,INDF,RG,6050,5,D,SQ,PD,D
14:48:19,INDF,RG,6050,50,D,YP,PD,D
14:48:19,INDF,RG,6050,1,D,PD,PD,D
14:48:19,INDF,RG,6050,1,D,BQ,PD,D
14:48:19,INDF,RG,6050,14,D,PD,PD,D
14:48:19,INDF,RG,6050,26,D,PD,BB,D
14:48:19,INDF,RG,6050,1,D,PD,BB,D
14:48:19,INDF,RG,6050,5,D,BQ,BB,D
14:48:19,INDF,RG,6050,5,D,PD,BB,D
14:48:19,INDF,RG,6050,1,D,CC,BB,D
14:48:19,INDF,RG,6050,10,D,SQ,BB,D
14:48:19,INDF,RG,6050,10,D,PD,BB,D
14:48:19,INDF,RG,6050,2,D,XL,BB,D
14:48:19,INDF,RG,6050,1,D,NI,BB,D
14:48:19,INDF,RG,6050,18,D,NI,BB,D
14:48:19,INDF,RG,6050,30,D,XL,BB,D
14:48:19,INDF,RG,6050,10,D,YP,BB,D
14:48:19,INDF,RG,6050,1,D,YP,BB,D
14:48:19,INDF,RG,6050,1,D,YP,BB,D
14:48:19,INDF,RG,6050,2,D,PD,BB,D
14:48:19,INDF,RG,6050,2,D,SQ,BB,D
14:48:19,INDF,RG,6050,15,D,PD,BB,D
14:48:19,INDF,RG,6050,1,D,PD,BB,D
14:48:19,INDF,RG,6050,2,D,MK,BB,D
14:48:19,INDF,RG,6050,6,D,XC,BB,D
14:48:19,INDF,RG,6050,20,D,YP,BB,D
14:48:19,INDF,RG,6050,15,F,YP,BB,D
14:48:19,INDF,RG,6050,5,D,AI,BB,D
14:48:19,INDF,RG,6050,1,D,XC,BB,D
14:48:19,INDF,RG,6050,2,D,NI,BB,D
14:48:19,INDF,RG,6050,5,D,CC,BB,D
14:48:19,INDF,RG,6050,1,D,YP,BB,D
14:48:19,INDF,RG,6050,6,D,NI,BB,D
14:48:19,INDF,RG,6050,1,D,YP,BB,D
14:48:19,INDF,RG,6050,1,D,YU,BB,D
14:48:19,INDF,RG,6050,3,D,XL,BB,D
14:48:19,INDF,RG,6050,67,D,NI,BB,D
14:48:19,INDF,RG,6050,521,F,KZ,BB,D
14:48:15,INDF,RG,6050,7,F,KZ,AK,F
14:48:13,INDF,RG,6075,1,D,BB,BB,D
14:48:10,INDF,RG,6050,1,F,KZ,KZ,F
14:48:08,INDF,RG,6050,6,F,KZ,AK,F
14:48:08,INDF,RG,6050,1,F,KZ,KZ,F
14:48:06,INDF,RG,6050,2,F,KZ,KZ,F
14:48:05,INDF,RG,6075,21,F,KZ,BB,D
14:48:04,INDF,RG,6050,38,F,KZ,KZ,F
14:48:02,INDF,RG,6050,1,F,KZ,KZ,F
14:48:02,INDF,RG,6050,422,F,KZ,BB,D
14:48:02,INDF,RG,6050,150,D,LG,BB,D
14:48:02,INDF,RG,6050,2,D,XC,BB,D
14:48:02,INDF,RG,6050,5,D,DH,BB,D
14:48:02,INDF,RG,6050,3,D,YP,BB,D
14:48:02,INDF,RG,6050,1,D,PD,BB,D
14:48:02,INDF,RG,6050,200,D,SQ,BB,D
14:48:02,INDF,RG,6050,1,D,XL,BB,D
14:48:02,INDF,RG,6050,1,D,NI,BB,D
14:48:02,INDF,RG,6050,10,D,CC,BB,D
14:48:02,INDF,RG,6050,1000,D,CP,BB,D
14:48:02,INDF,RG,6050,50,D,AI,BB,D
14:48:02,INDF,RG,6050,10,D,CC,BB,D
14:48:02,INDF,RG,6050,4,D,NI,BB,D
14:48:02,INDF,RG,6050,100,D,SQ,BB,D
14:48:02,INDF,RG,6050,4,D,YP,BB,D
14:48:02,INDF,RG,6050,1,D,SQ,BB,D
14:48:02,INDF,RG,6050,1,D,PD,BB,D
14:48:02,INDF,RG,6050,1,D,PD,BB,D
14:48:02,INDF,RG,6050,10,D,DH,BB,D
14:48:02,INDF,RG,6050,1,D,CC,BB,D
14:48:02,INDF,RG,6050,1,D,YP,BB,D
14:48:02,INDF,RG,6050,10,D,YP,BB,D
14:48:02,INDF,RG,6050,8,D,NI,BB,D
14:48:02,INDF,RG,6050,10,D,KK,BB,D
14:48:02,INDF,RG,6050,5,D,YU,BB,D
14:48:02,INDF,RG,6050,1,D,PD,BB,D
14:48:02,INDF,RG,6050,5,D,SQ,BB,D
14:48:02,INDF,RG,6050,2,D,PD,BB,D
14:48:02,INDF,RG,6050,3,D,CP,BB,D
14:48:02,INDF,RG,6050,200,D,YP,BB,D
14:48:02,INDF,RG,6050,10,D,PD,BB,D
14:48:02,INDF,RG,6050,1,D,PD,BB,D
14:48:02,INDF,RG,6050,1,D,PD,BB,D
14:48:02,INDF,RG,6050,1,D,SQ,BB,D
14:48:02,INDF,RG,6050,5,D,YU,BB,D
14:48:02,INDF,RG,6050,1,D,XC,BB,D
14:48:02,INDF,RG,6050,9,D,LG,BB,D
14:48:02,INDF,RG,6050,10,D,PD,BB,D
14:48:02,INDF,RG,6050,5,D,YP,BB,D
14:48:02,INDF,RG,6050,1,D,XC,BB,D
14:48:02,INDF,RG,6050,1,D,NI,BB,D
14:48:02,INDF,RG,6050,1,D,XC,BB,D
14:48:02,INDF,RG,6050,2,D,SQ,BB,D
14:48:02,INDF,RG,6050,100,D,XC,BB,D
14:48:02,INDF,RG,6050,4,D,YP,BB,D
14:48:02,INDF,RG,6050,10,D,PD,BB,D
14:48:02,INDF,RG,6050,5,D,NI,BB,D
14:48:02,INDF,RG,6050,1,D,XC,BB,D
14:48:02,INDF,RG,6050,2,D,XL,BB,D
14:48:02,INDF,RG,6050,1,D,XA,BB,D
14:48:02,INDF,RG,6050,1,D,DR,BB,D
14:48:02,INDF,RG,6050,3,F,KZ,BB,D
14:48:02,INDF,RG,6050,1,D,XC,BB,D
14:48:02,INDF,RG,6050,4,F,KZ,BB,D
14:48:02,INDF,RG,6050,1,D,YP,BB,D
14:48:02,INDF,RG,6050,1,F,KZ,BB,D
14:48:02,INDF,RG,6050,1,D,PD,BB,D
14:48:02,INDF,RG,6050,15,F,KZ,BB,D
14:48:02,INDF,RG,6050,2,F,KZ,BB,D
14:48:02,INDF,RG,6050,5,D,SQ,BB,D
14:48:02,INDF,RG,6050,2,D,LG,BB,D
14:48:02,INDF,RG,6050,3,D,SQ,BB,D
14:48:02,INDF,RG,6050,8,D,AT,BB,D
14:48:02,INDF,RG,6050,33,D,XL,BB,D
14:48:02,INDF,RG,6050,1,D,CC,BB,D
14:48:02,INDF,RG,6050,9,D,CC,BB,D
14:48:02,INDF,RG,6050,1,D,PD,BB,D
14:48:02,INDF,RG,6050,60,D,XA,BB,D
14:48:02,INDF,RG,6050,1,D,PD,BB,D
14:48:02,INDF,RG,6050,5,D,AZ,BB,D
14:48:02,INDF,RG,6050,1,D,PD,BB,D
14:48:02,INDF,RG,6050,3,D,PD,BB,D
14:48:02,INDF,RG,6050,2,D,SQ,BB,D
14:48:02,INDF,RG,6050,10,D,CC,BB,D
14:48:02,INDF,RG,6050,1,D,PD,BB,D
14:48:02,INDF,RG,6050,5,D,CC,BB,D
14:48:02,INDF,RG,6050,1,D,PD,BB,D
14:48:02,INDF,RG,6050,5,D,CP,BB,D
14:48:02,INDF,RG,6050,1,D,SQ,BB,D
14:48:02,INDF,RG,6050,1,D,XC,BB,D
14:48:02,INDF,RG,6050,1,D,PD,BB,D
14:48:02,INDF,RG,6050,5,D,AZ,BB,D
14:48:02,INDF,RG,6050,1,D,PD,BB,D
14:48:02,INDF,RG,6050,1,D,YP,BB,D
14:48:02,INDF,RG,6050,1,D,NI,BB,D
14:48:02,INDF,RG,6050,10,D,SQ,BB,D
14:48:02,INDF,RG,6050,1,D,XC,BB,D
14:48:02,INDF,RG,6050,1,D,KK,BB,D
14:48:02,INDF,RG,6050,25,D,KK,BB,D
14:48:02,INDF,RG,6050,1083,F,KZ,BB,D
14:48:02,INDF,RG,6050,253,F,KZ,BB,D
14:48:02,INDF,RG,6050,2,D,XL,BB,D
14:48:02,INDF,RG,6050,2,D,YP,BB,D
14:48:02,INDF,RG,6050,1,D,KK,BB,D
14:48:02,INDF,RG,6050,3,D,XL,BB,D
14:48:02,INDF,RG,6050,1,D,SQ,BB,D
14:48:02,INDF,RG,6050,1,D,PD,BB,D
14:48:02,INDF,RG,6050,1,D,XL,BB,D
14:48:02,INDF,RG,6050,1,D,CC,BB,D
14:48:02,INDF,RG,6050,5,D,XC,BB,D
14:48:02,INDF,RG,6050,2,D,XC,BB,D
14:48:02,INDF,RG,6050,1,D,LG,BB,D
14:48:02,INDF,RG,6050,10,D,KK,BB,D
14:48:02,INDF,RG,6050,1,D,PD,BB,D
14:48:02,INDF,RG,6050,10,D,YP,BB,D
14:48:02,INDF,RG,6050,10,D,OD,BB,D
14:48:02,INDF,RG,6050,4,D,XL,BB,D
14:48:02,INDF,RG,6050,1,D,SQ,BB,D
14:48:02,INDF,RG,6050,1,D,XC,BB,D
14:48:02,INDF,RG,6050,1,D,NI,BB,D
14:48:02,INDF,RG,6050,1,D,PD,BB,D
14:48:02,INDF,RG,6050,2,D,YP,BB,D
14:48:02,INDF,RG,6050,601,D,CC,BB,D
14:48:02,INDF,RG,6050,1,D,PD,BB,D
14:48:02,INDF,RG,6050,1,D,NI,BB,D
14:48:02,INDF,RG,6050,1,D,PD,BB,D
14:48:02,INDF,RG,6050,10,D,GR,BB,D
14:48:02,INDF,RG,6050,1,D,XC,BB,D
14:48:02,INDF,RG,6050,1,D,PD,BB,D
14:48:02,INDF,RG,6050,12,D,PD,BB,D
14:47:57,INDF,RG,6075,141,F,KZ,BB,D
14:47:57,INDF,RG,6075,20,F,YP,BB,D
14:47:57,INDF,RG,6075,40,D,PD,BB,D
14:47:57,INDF,RG,6075,3,D,PD,AK,F
14:47:56,INDF,RG,6075,1,D,PD,PD,D
14:47:50,INDF,RG,6075,156,D,PD,KK,D
14:47:50,INDF,RG,6075,268,F,CC,KK,D
14:47:50,INDF,RG,6075,1,D,YP,KK,D
14:47:50,INDF,RG,6075,3,F,KZ,KK,D
14:47:50,INDF,RG,6075,33,F,KZ,KK,D
14:47:50,INDF,RG,6075,39,F,KZ,KK,D
14:47:46,INDF,RG,6075,4,F,KZ,AK,F
14:47:45,INDF,RG,6075,1,F,KZ,AK,F
14:47:34,INDF,RG,6075,12,F,KZ,BB,D
14:47:31,INDF,RG,6075,1,F,KZ,AK,F
14:47:30,INDF,RG,6075,11,F,KZ,BB,D
14:47:30,INDF,RG,6075,22,F,KZ,AK,F
14:47:28,INDF,RG,6075,7,F,KZ,BB,D
14:47:23,INDF,RG,6075,3,F,KZ,BB,D
14:47:23,INDF,RG,6075,2,F,KZ,BB,D
14:47:23,INDF,RG,6075,7,F,KZ,BB,D
14:47:23,INDF,RG,6075,11,F,KZ,KZ,F
14:47:23,INDF,RG,6075,7,F,KZ,BB,D
14:47:23,INDF,RG,6075,16,F,KZ,BB,D
14:47:23,INDF,RG,6075,4,F,KZ,BB,D
14:47:21,INDF,RG,6075,1,F,KZ,BB,D
14:47:21,INDF,RG,6050,5,D,YP,BB,D
14:47:20,INDF,RG,6050,11,D,YP,BB,D
14:47:20,INDF,RG,6075,8,F,KZ,KZ,F
14:47:20,INDF,RG,6075,63,F,KZ,BB,D
14:47:20,INDF,RG,6075,21,F,KZ,BB,D
14:47:20,INDF,RG,6075,29,F,KZ,BB,D
14:47:20,INDF,RG,6075,9,F,KZ,KZ,F
14:47:20,INDF,RG,6075,1,F,KZ,KZ,F
14:47:20,INDF,RG,6075,2,F,KZ,KZ,F
14:47:20,INDF,RG,6075,131,F,KZ,CS,F
14:47:20,INDF,RG,6075,159,F,KZ,KZ,F
14:47:20,INDF,RG,6075,1,F,KZ,KZ,F
14:47:20,INDF,RG,6075,1,F,KZ,KZ,F
14:47:20,INDF,RG,6075,1,F,KZ,KZ,F
14:47:20,INDF,RG,6075,8,F,KZ,KZ,F
14:47:20,INDF,RG,6075,22,F,KZ,KZ,F
14:47:18,INDF,RG,6050,15,D,YP,BB,D
14:47:15,INDF,RG,6050,6,D,YP,BB,D
14:47:15,INDF,RG,6050,16,D,YP,BB,D
14:47:15,INDF,RG,6050,15,D,YP,BB,D
14:47:02,INDF,RG,6050,19,D,YP,BB,D
14:47:01,INDF,RG,6075,8,F,KZ,KZ,F
14:47:01,INDF,RG,6075,5,F,KZ,CS,F
14:47:01,INDF,RG,6075,5,F,KZ,AK,F
14:47:00,INDF,RG,6075,5,D,XL,AK,F
14:47:00,INDF,RG,6075,2,D,PD,AK,F
14:46:59,INDF,RG,6075,1,D,PD,AK,F
14:46:59,INDF,RG,6075,2,D,PD,BB,D
14:46:59,INDF,RG,6075,30,F,CC,BB,D
14:46:59,INDF,RG,6075,12,F,CC,CS,F
14:46:59,INDF,RG,6075,3,F,CC,CS,F
14:46:59,INDF,RG,6075,12,F,KZ,CS,F
14:46:58,INDF,RG,6075,4,F,KZ,BB,D
14:46:51,INDF,RG,6075,10,F,KZ,BB,D
14:46:46,INDF,RG,6075,12,F,KZ,BB,D
14:46:46,INDF,RG,6075,1,F,KZ,CC,D
14:46:45,INDF,RG,6075,1,F,KZ,AK,F
14:46:45,INDF,RG,6075,13,F,KZ,AK,F
14:46:45,INDF,RG,6075,7,F,KZ,CS,F
14:46:45,INDF,RG,6075,33,F,KZ,CS,F
14:46:44,INDF,RG,6075,15,F,KZ,BB,D
14:46:44,INDF,RG,6075,11,F,KZ,BB,D
14:46:44,INDF,RG,6075,5,F,KZ,BB,D
14:46:35,INDF,RG,6075,40,F,KZ,BB,D
14:46:35,INDF,RG,6075,51,F,KZ,BB,D
14:46:30,INDF,RG,6075,74,F,KZ,BB,D
14:46:25,INDF,RG,6075,58,F,KZ,AK,F
14:46:25,INDF,RG,6075,1,D,BB,AK,F
14:46:25,INDF,RG,6075,1,D,XC,AK,F
14:46:24,INDF,RG,6075,1,D,PD,CS,F
14:46:24,INDF,RG,6075,2,D,PD,CS,F
14:46:23,INDF,RG,6075,3,D,PD,CS,F
14:46:23,INDF,RG,6075,1,F,CS,CS,F
14:46:23,INDF,RG,6075,1,D,NI,CS,F
14:46:23,INDF,RG,6075,1,D,BB,CS,F
14:46:23,INDF,RG,6075,1,F,CS,CS,F
14:46:23,INDF,RG,6075,1,F,KZ,CS,F
14:46:23,INDF,RG,6075,3,F,RX,CS,F
14:46:23,INDF,RG,6075,93,F,RX,BB,D
14:46:23,INDF,RG,6075,16,F,KZ,BB,D
14:46:22,INDF,RG,6075,9,F,KZ,CC,F
14:46:22,INDF,RG,6075,3,F,KZ,CC,F
14:46:22,INDF,RG,6075,12,F,KZ,CC,F
14:46:22,INDF,RG,6075,6,F,KZ,CC,F
14:46:22,INDF,RG,6075,440,F,CC,CC,F
14:46:22,INDF,RG,6075,14,F,CC,BB,D
14:46:17,INDF,RG,6075,113,F,CC,CS,F
14:46:15,INDF,RG,6075,5,F,CC,BB,D
14:46:15,INDF,RG,6075,5,F,CC,AK,F
14:46:10,INDF,RG,6100,22,F,RX,SQ,D
14:46:07,INDF,RG,6075,1,F,CC,BB,D
14:46:07,INDF,RG,6100,1,D,YP,SQ,D
14:46:01,INDF,RG,6075,1,F,CC,BB,D
14:46:01,INDF,RG,6075,3,F,CC,AK,F
14:45:41,INDF,RG,6100,9,F,RX,SQ,D
14:45:30,INDF,RG,6075,1,F,CC,AK,F
14:45:15,INDF,RG,6075,8,F,CC,AK,F
14:45:00,INDF,RG,6075,2,F,CC,AK,F
14:45:00,INDF,RG,6075,2,F,CS,AK,F
14:45:00,INDF,RG,6075,12,F,KZ,AK,F
14:45:00,INDF,RG,6075,17,F,KZ,AK,F
14:45:00,INDF,RG,6075,6,F,KZ,AK,F
14:45:00,INDF,RG,6075,2,F,KZ,AK,F
14:44:48,INDF,RG,6100,15,F,RX,SQ,D
14:44:40,INDF,RG,6075,8,F,KZ,YP,D
14:44:40,INDF,RG,6075,35,F,KZ,AK,F
14:44:40,INDF,RG,6075,1,F,KZ,KZ,F
14:44:40,INDF,RG,6075,1,F,KZ,KZ,F
14:44:40,INDF,RG,6075,1,F,KZ,BQ,D
14:44:40,INDF,RG,6075,1,F,KZ,CC,D
14:44:40,INDF,RG,6075,3,F,KZ,KZ,F
14:44:40,INDF,RG,6075,1,F,KZ,KZ,F
14:44:40,INDF,RG,6075,1,F,KZ,KZ,F
14:44:40,INDF,RG,6075,34,F,KZ,BB,D
14:44:40,INDF,RG,6075,86,F,KZ,BB,D
14:44:40,INDF,RG,6075,25,F,KZ,BB,D
14:44:40,INDF,RG,6075,21,F,KZ,KZ,F
14:44:40,INDF,RG,6075,124,F,KZ,CS,F
14:44:30,INDF,RG,6050,2,D,YP,BB,D
14:44:23,INDF,RG,6050,1,D,YP,BB,D
14:44:23,INDF,RG,6075,5,D,YP,CS,F
14:44:07,INDF,RG,6075,1,F,CS,CS,F
14:44:06,INDF,RG,6050,1,D,YP,BB,D
14:44:06,INDF,RG,6050,1,D,YP,BB,D
14:44:06,INDF,RG,6050,1,D,YP,BB,D
14:44:00,INDF,RG,6050,2,D,YP,BB,D
14:43:48,INDF,RG,6050,7,D,YP,BB,D
14:43:48,INDF,RG,6050,3,D,YP,BB,D
14:43:48,INDF,RG,6075,1,D,BB,CS,F
14:43:42,INDF,RG,6075,8,F,RX,CS,F
14:43:41,INDF,RG,6050,1,D,YP,BB,D
14:43:40,INDF,RG,6075,1,F,RX,CS,F
14:43:40,INDF,RG,6075,20,D,PD,CS,F
14:43:39,INDF,RG,6050,1,D,YP,BB,D
14:43:39,INDF,RG,6050,1,D,YP,BB,D
14:43:39,INDF,RG,6050,2,D,YP,CC,D
14:43:30,INDF,RG,6050,1,D,YP,CC,D
14:43:30,INDF,RG,6050,1,D,YP,BB,D
14:43:30,INDF,RG,6050,1,D,YP,BB,D
14:43:21,INDF,RG,6050,5,D,YP,BB,D
14:43:21,INDF,RG,6050,3,D,YP,BB,D
14:43:02,INDF,RG,6050,2,D,YP,BB,D
14:43:00,INDF,RG,6075,9,F,RX,CS,F
14:42:59,INDF,RG,6050,1,D,YP,BB,D
14:42:58,INDF,RG,6050,1,D,YP,BB,D
14:42:58,INDF,RG,6050,4,D,YP,YB,D
14:42:58,INDF,RG,6050,15,D,NI,YB,D
14:42:58,INDF,RG,6050,1,D,XL,YB,D
14:42:53,INDF,RG,6050,1,D,XL,BB,D
14:42:53,INDF,RG,6050,2,D,XL,BB,D
14:42:49,INDF,RG,6050,1,D,XL,BB,D
14:42:48,INDF,RG,6075,1,D,DH,CS,F
14:42:44,INDF,RG,6075,1,F,CS,CS,F
14:42:35,INDF,RG,6050,2,D,XL,BB,D
14:42:35,INDF,RG,6050,2,D,XL,BB,D
14:42:35,INDF,RG,6050,5,D,XL,BB,D
14:42:35,INDF,RG,6050,2,D,XC,BB,D
14:42:35,INDF,RG,6050,1,D,XL,BB,D
14:42:35,INDF,RG,6050,1,D,XC,BB,D
14:42:35,INDF,RG,6050,1,D,XC,BB,D
14:42:35,INDF,RG,6075,8,D,YP,CS,F
14:42:35,INDF,RG,6075,2,D,YP,YP,D
14:42:24,INDF,RG,6050,3,D,XC,BB,D
14:42:24,INDF,RG,6050,3,D,XC,BB,D
14:42:24,INDF,RG,6050,17,D,XC,BB,D
14:42:24,INDF,RG,6050,2,D,XA,BB,D
14:42:24,INDF,RG,6050,1,D,XA,BB,D
14:42:24,INDF,RG,6050,5,D,XA,BB,D
14:42:21,INDF,RG,6075,10,F,RX,YP,D
14:42:17,INDF,RG,6050,7,D,XA,BB,D
14:42:17,INDF,RG,6050,10,D,XC,BB,D
14:42:17,INDF,RG,6050,2,D,XC,BB,D
14:42:17,INDF,RG,6050,1,D,XC,BB,D
14:42:17,INDF,RG,6050,1,D,XC,BB,D
14:42:17,INDF,RG,6050,13,D,XC,BB,D
14:42:17,INDF,RG,6050,1,D,XC,BB,D
14:42:17,INDF,RG,6050,2,D,CC,BB,D
14:42:17,INDF,RG,6050,10,D,XC,BB,D
14:42:17,INDF,RG,6050,1,D,XC,BB,D
14:42:17,INDF,RG,6050,1,D,XC,BB,D
14:42:17,INDF,RG,6050,2,D,XC,BB,D
14:42:17,INDF,RG,6050,1,D,CC,BB,D
14:42:17,INDF,RG,6050,9,D,CC,BB,D
14:42:10,INDF,RG,6075,187,F,KZ,YP,D
14:42:08,INDF,RG,6075,1,D,SQ,YP,D
14:42:08,INDF,RG,6075,1,D,SQ,KZ,F
14:42:08,INDF,RG,6075,2,D,SQ,KZ,F
14:42:08,INDF,RG,6075,1,D,SQ,KZ,F
14:42:08,INDF,RG,6075,28,D,SQ,KZ,F
14:42:08,INDF,RG,6075,22,D,SQ,KZ,F
14:42:08,INDF,RG,6075,46,D,SQ,BB,D
14:42:08,INDF,RG,6075,64,D,SQ,BB,D
14:42:08,INDF,RG,6075,22,D,SQ,BB,D
14:42:08,INDF,RG,6075,101,D,SQ,CS,F
14:42:08,INDF,RG,6075,9,D,SQ,KZ,F
14:42:08,INDF,RG,6075,8,D,SQ,KZ,F
14:42:08,INDF,RG,6075,1,D,SQ,KZ,F
14:42:08,INDF,RG,6075,52,D,SQ,KZ,F
14:42:08,INDF,RG,6075,49,D,SQ,CS,F
14:42:08,INDF,RG,6075,93,D,SQ,AK,F
14:42:08,INDF,RG,6050,1,D,XC,XC,D
14:41:57,INDF,RG,6050,1,D,XC,BB,D
14:41:50,INDF,RG,6050,2,D,XC,BB,D
14:41:50,INDF,RG,6050,1,D,XC,BB,D
14:41:35,INDF,RG,6050,1,D,XC,BB,D
14:41:35,INDF,RG,6050,5,D,XC,BB,D
14:41:31,INDF,RG,6050,1,D,XC,BB,D
14:41:31,INDF,RG,6050,1,D,XC,BB,D
14:41:31,INDF,RG,6050,1,D,YP,BB,D
14:41:31,INDF,RG,6050,8,D,XC,BB,D
14:41:31,INDF,RG,6050,2,D,XC,BB,D
14:41:24,INDF,RG,6050,1,D,YP,BB,D
14:41:24,INDF,RG,6050,3,D,YP,BB,D
14:41:24,INDF,RG,6050,2,D,YP,BB,D
14:41:24,INDF,RG,6050,1,D,YP,BB,D
14:41:24,INDF,RG,6050,3,D,CC,BB,D
14:41:24,INDF,RG,6050,15,D,CC,BB,D
14:41:24,INDF,RG,6050,1,D,CC,BB,D
14:41:24,INDF,RG,6050,8,D,LG,BB,D
14:41:24,INDF,RG,6075,4,F,KZ,AK,F
14:41:24,INDF,RG,6075,1,F,KZ,KZ,F
14:41:24,INDF,RG,6075,18,F,KZ,CC,D
14:41:21,INDF,RG,6075,1,D,PD,CC,D
14:41:21,INDF,RG,6050,9,D,LG,BB,D
14:41:21,INDF,RG,6050,15,D,YP,BB,D
14:41:19,INDF,RG,6075,1,F,KZ,CC,D
14:41:19,INDF,RG,6075,1,F,KZ,GR,D
14:41:19,INDF,RG,6075,4,F,KZ,GR,D
14:41:16,INDF,RG,6075,1,F,CS,GR,D
14:41:16,INDF,RG,6075,202,F,KZ,GR,D
14:41:16,INDF,RG,6075,17,F,KZ,BB,D
14:41:16,INDF,RG,6075,1,F,KZ,KZ,F
14:41:16,INDF,RG,6075,4,F,KZ,KZ,F
14:41:16,INDF,RG,6075,24,F,KZ,BB,D
14:41:16,INDF,RG,6075,59,F,KZ,BB,D
14:41:16,INDF,RG,6075,71,F,KZ,CS,F
14:41:14,INDF,RG,6075,4,F,KZ,CS,F
14:41:14,INDF,RG,6075,1,F,KZ,CS,F
14:41:14,INDF,RG,6075,1,F,KZ,CS,F
14:41:11,INDF,RG,6050,62,D,YP,BB,D
14:41:09,INDF,RG,6050,23,D,YP,BB,D
14:41:09,INDF,RG,6050,1,D,YP,BB,D
14:41:09,INDF,RG,6050,15,D,YP,BB,D
14:41:09,INDF,RG,6050,1,D,YP,BB,D
14:41:09,INDF,RG,6050,1,D,YP,BB,D
14:41:09,INDF,RG,6050,5,D,YP,BB,D
14:41:09,INDF,RG,6050,10,D,YP,BB,D
14:41:09,INDF,RG,6050,2,D,YP,BB,D
14:41:09,INDF,RG,6050,10,D,YP,BB,D
14:41:09,INDF,RG,6050,1,D,YP,BB,D
14:41:09,INDF,RG,6050,3,D,YP,BB,D
14:41:09,INDF,RG,6050,20,D,YP,BB,D
14:41:09,INDF,RG,6050,1,D,CC,BB,D
14:41:09,INDF,RG,6050,1,D,YP,BB,D
14:41:09,INDF,RG,6050,2,D,YP,BB,D
14:41:09,INDF,RG,6050,2,D,CC,BB,D
14:41:09,INDF,RG,6050,30,D,PD,BB,D
14:41:09,INDF,RG,6050,1,D,PD,BB,D
14:41:09,INDF,RG,6050,1,D,CC,BB,D
14:41:09,INDF,RG,6050,2,D,PD,BB,D
14:41:09,INDF,RG,6050,3,D,PD,BB,D
14:41:09,INDF,RG,6050,7,D,PD,BB,D
14:41:09,INDF,RG,6050,3,D,PD,BB,D
14:41:09,INDF,RG,6050,17,D,PD,BB,D
14:41:09,INDF,RG,6050,1,D,PD,BB,D
14:41:09,INDF,RG,6050,15,D,PD,BB,D
14:41:09,INDF,RG,6050,3,D,PD,BB,D
14:41:09,INDF,RG,6050,2,D,KK,BB,D
14:41:09,INDF,RG,6050,5,D,PD,BB,D
14:41:09,INDF,RG,6050,14,D,PD,BB,D
14:41:04,INDF,RG,6050,36,D,PD,CS,F
14:41:04,INDF,RG,6050,1,D,PD,CS,F
14:41:04,INDF,RG,6050,4,D,PD,CS,F
14:41:04,INDF,RG,6050,1,D,PD,CS,F
14:41:04,INDF,RG,6050,1,D,PD,CS,F
14:41:04,INDF,RG,6050,10,D,PD,CS,F
14:41:04,INDF,RG,6050,1,D,PD,CS,F
14:41:04,INDF,RG,6050,1,D,SQ,CS,F
14:41:04,INDF,RG,6050,9,D,KK,CS,F
14:41:04,INDF,RG,6050,3,D,KK,CS,F
14:41:04,INDF,RG,6050,1,D,SQ,CS,F
14:41:04,INDF,RG,6050,3,D,SQ,CS,F
14:41:04,INDF,RG,6050,1,D,PD,CS,F
14:41:04,INDF,RG,6050,1,D,PD,CS,F
14:41:04,INDF,RG,6050,100,D,PD,CS,F
14:41:04,INDF,RG,6050,5,D,DH,CS,F
14:41:04,INDF,RG,6050,1,D,SQ,CS,F
14:41:04,INDF,RG,6050,1,D,HP,CS,F
14:41:04,INDF,RG,6050,5,D,DH,CS,F
14:41:04,INDF,RG,6050,1,D,AZ,CS,F
14:41:04,INDF,RG,6050,4,D,AT,CS,F
14:41:04,INDF,RG,6050,3,D,DR,CS,F
14:41:04,INDF,RG,6050,1,D,GR,CS,F
14:41:04,INDF,RG,6050,165,D,GR,CS,F
14:41:04,INDF,RG,6050,400,D,AT,CS,F
14:41:03,INDF,RG,6075,2,D,YP,CS,F
14:41:02,INDF,RG,6075,1,D,YP,CS,F
14:40:59,INDF,RG,6050,2,D,SQ,BB,D
14:40:50,INDF,RG,6075,10,D,CC,CS,F
14:40:47,INDF,RG,6050,1,D,SQ,BB,D
14:40:47,INDF,RG,6050,1,D,CP,BB,D
14:40:47,INDF,RG,6075,2,D,BB,CS,F
14:40:43,INDF,RG,6050,5,D,CP,BB,D
14:40:37,INDF,RG,6050,2,D,CP,BB,D
14:40:37,INDF,RG,6050,3,D,CP,BB,D
14:40:37,INDF,RG,6075,6,F,RX,CS,F
14:40:37,INDF,RG,6075,16,F,RX,KZ,F
14:40:30,INDF,RG,6050,4,D,CP,BB,D
14:40:30,INDF,RG,6050,2,D,ZP,BB,D
14:40:30,INDF,RG,6050,6,D,PS,BB,D
14:40:30,INDF,RG,6050,4,D,PS,BB,D
14:40:30,INDF,RG,6050,28,D,CP,BB,D
14:40:30,INDF,RG,6050,3,D,CP,AK,F
14:40:24,INDF,RG,6075,83,F,KZ,KZ,F
14:40:24,INDF,RG,6075,10,F,KZ,KZ,F
14:40:24,INDF,RG,6075,3,F,KZ,YJ,D
14:40:24,INDF,RG,6075,21,F,KZ,BB,D
14:40:24,INDF,RG,6075,3,F,KZ,KZ,F
14:40:22,INDF,RG,6050,2,D,CP,BB,D
14:40:19,INDF,RG,6050,3,D,CP,BB,D
14:40:19,INDF,RG,6075,42,F,KZ,KZ,F
14:40:19,INDF,RG,6075,1,F,KZ,KZ,F
14:40:19,INDF,RG,6075,3,F,KZ,KZ,F
14:40:19,INDF,RG,6075,1,F,KZ,KZ,F
14:40:19,INDF,RG,6075,5,F,KZ,KZ,F
14:40:17,INDF,RG,6050,2,D,CP,BB,D
14:40:16,INDF,RG,6075,2,F,KZ,KZ,F
14:40:15,INDF,RG,6075,3,D,PD,KZ,F
14:40:14,INDF,RG,6050,5,D,CP,BB,D
14:40:14,INDF,RG,6075,3,F,KZ,KZ,F
14:40:14,INDF,RG,6075,2,F,KZ,KZ,F
14:40:11,INDF,RG,6075,27,F,KZ,KZ,F
14:40:09,INDF,RG,6075,3,F,KZ,KZ,F
14:40:09,INDF,RG,6075,10,F,KZ,BB,D
14:40:09,INDF,RG,6075,27,F,KZ,CS,F
14:40:09,INDF,RG,6075,28,F,KZ,CS,F
14:40:09,INDF,RG,6075,7,F,KZ,CS,F
14:40:09,INDF,RG,6075,8,F,KZ,CS,F
14:40:07,INDF,RG,6075,12,D,EP,CS,F
14:40:07,INDF,RG,6075,3,D,EP,KZ,F
14:40:07,INDF,RG,6075,19,D,EP,BB,D
14:40:07,INDF,RG,6075,6,D,EP,KZ,F
14:40:02,INDF,RG,6050,6,D,CP,BB,D
14:39:56,INDF,RG,6075,28,F,RX,KZ,F
14:39:54,INDF,RG,6050,4,D,CP,BB,D
14:39:54,INDF,RG,6050,2,D,CP,YJ,D
14:39:47,INDF,RG,6050,1,D,CP,BB,D
14:39:47,INDF,RG,6075,1,D,PD,KZ,F
14:39:47,INDF,RG,6075,19,D,PD,BB,D
14:39:17,INDF,RG,6050,1,D,CP,BB,D
14:38:59,INDF,RG,6050,4,D,CP,BB,D
14:38:59,INDF,RG,6075,2,D,PD,BB,D
14:38:46,INDF,RG,6050,16,D,CP,AK,F
14:38:45,INDF,RG,6050,1,D,CP,BB,D
14:38:45,INDF,RG,6075,3,D,DR,BB,D
14:38:30,INDF,RG,6050,7,D,CP,BB,D
14:38:30,INDF,RG,6050,1,D,XL,BB,D
14:38:30,INDF,RG,6050,1,D,GR,BB,D
14:38:30,INDF,RG,6050,4,D,GR,BB,D
14:38:30,INDF,RG,6050,1,D,GR,AK,F
14:38:06,INDF,RG,6050,1,D,GR,AK,F
14:38:06,INDF,RG,6050,1,D,PD,AK,F
14:38:06,INDF,RG,6050,3,D,CC,AK,F
14:38:06,INDF,RG,6050,1,D,PD,AK,F
14:38:06,INDF,RG,6050,1,D,PD,AK,F
14:38:06,INDF,RG,6050,36,D,YU,AK,F
14:38:01,INDF,RG,6050,1,D,YU,BB,D
14:38:01,INDF,RG,6050,1,D,YU,BB,D
14:37:52,INDF,RG,6050,1,D,YU,BB,D
14:37:46,INDF,RG,6050,12,D,YU,BB,D
14:37:45,INDF,RG,6050,2,D,YU,BB,D
14:37:39,INDF,RG,6075,1,D,BB,BB,D
14:37:37,INDF,RG,6050,47,D,YU,AK,F
14:37:37,INDF,RG,6050,1,D,CP,AK,F
14:37:37,INDF,RG,6050,5,D,PD,AK,F
14:37:37,INDF,RG,6050,1,D,AZ,AK,F
14:37:37,INDF,RG,6050,1,D,NI,AK,F
14:37:37,INDF,RG,6050,1,D,YP,AK,F
14:37:37,INDF,RG,6050,5,D,GR,AK,F
14:37:37,INDF,RG,6050,10,D,PD,AK,F
14:37:37,INDF,RG,6050,8,D,SQ,AK,F
14:37:37,INDF,RG,6050,29,D,AI,AK,F
14:37:21,INDF,RG,6075,5,D,NI,BB,D
14:36:49,INDF,RG,6075,3,F,KZ,BB,D
14:36:49,INDF,RG,6075,5,F,KZ,KZ,F
14:36:49,INDF,RG,6075,4,F,KZ,BB,D
14:36:49,INDF,RG,6050,8,D,AI,BB,D
14:36:49,INDF,RG,6075,9,F,RX,BB,D
14:36:39,INDF,RG,6050,15,D,AI,BB,D
14:36:39,INDF,RG,6075,7,F,KZ,BB,D
14:36:39,INDF,RG,6075,8,F,KZ,BB,D
14:36:39,INDF,RG,6075,13,F,KZ,BB,D
14:36:36,INDF,RG,6050,14,D,AI,BB,D
14:36:36,INDF,RG,6075,38,F,KZ,BB,D
14:36:36,INDF,RG,6075,12,F,KZ,KZ,F
14:36:34,INDF,RG,6075,17,F,KZ,KZ,F
14:36:34,INDF,RG,6075,7,F,KZ,KZ,F
14:36:34,INDF,RG,6075,4,F,KZ,KZ,F
14:36:34,INDF,RG,6075,3,F,KZ,KZ,F
14:36:29,INDF,RG,6075,49,D,OD,CS,F
14:36:29,INDF,RG,6075,35,D,OD,KZ,F
14:36:29,INDF,RG,6075,1,D,OD,KZ,F
14:36:29,INDF,RG,6075,21,D,OD,CS,F
14:36:29,INDF,RG,6075,1,D,OD,KZ,F
14:36:29,INDF,RG,6075,1,D,OD,KZ,F
14:36:29,INDF,RG,6075,2,D,OD,KZ,F
14:36:29,INDF,RG,6075,40,D,OD,KZ,F
14:36:24,INDF,RG,6050,3,D,AI,BB,D
14:36:18,INDF,RG,6075,10,D,XL,KZ,F
14:36:14,INDF,RG,6075,19,F,KZ,KZ,F
14:36:14,INDF,RG,6075,5,F,KZ,BB,D
14:36:04,INDF,RG,6075,1,F,KZ,BB,D
14:36:04,INDF,RG,6075,4,F,KZ,BB,D
14:36:04,INDF,RG,6075,5,F,KZ,BB,D
14:36:01,INDF,RG,6050,5,D,AI,BB,D
14:36:01,INDF,RG,6050,3,D,AI,BB,D
14:36:01,INDF,RG,6050,5,D,AI,BB,D
14:35:58,INDF,RG,6050,50,D,AI,YP,D
14:35:52,INDF,RG,6050,2,D,AI,BB,D
14:35:52,INDF,RG,6050,2,D,AI,BB,D
14:35:44,INDF,RG,6075,9,F,RX,BB,D
14:35:44,INDF,RG,6075,9,F,RX,AK,F
14:35:44,INDF,RG,6050,1,D,AI,BB,D
14:35:44,INDF,RG,6075,2,F,KZ,AK,F
14:35:12,INDF,RG,6050,1,D,AI,BB,D
14:34:54,INDF,RG,6050,1,D,AI,BB,D
14:34:32,INDF,RG,6050,1,D,AI,BB,D
14:34:32,INDF,RG,6050,1,D,AI,BB,D
14:34:28,INDF,RG,6050,1,D,AI,BB,D
14:34:28,INDF,RG,6050,1,D,AI,BB,D
14:34:06,INDF,RG,6050,3,D,AI,BB,D
14:34:06,INDF,RG,6050,1,D,AI,BB,D
14:34:06,INDF,RG,6075,2,D,BB,AK,F
14:34:00,INDF,RG,6050,2,D,AI,BB,D
14:33:58,INDF,RG,6075,10,D,YP,AK,F
14:33:56,INDF,RG,6050,2,D,AI,BB,D
14:33:56,INDF,RG,6050,1,D,AI,BB,D
14:33:54,INDF,RG,6075,11,F,KZ,AK,F
14:33:43,INDF,RG,6050,1,D,AI,BB,D
14:33:43,INDF,RG,6050,1,D,AI,BB,D
14:33:32,INDF,RG,6050,2,D,AI,BB,D
14:33:30,INDF,RG,6050,1,D,AI,AK,F
14:33:29,INDF,RG,6050,1,D,AI,BB,D
14:33:25,INDF,RG,6050,7,D,AI,BB,D
14:33:17,INDF,RG,6050,3,D,AI,BB,D
14:33:17,INDF,RG,6050,3,D,AI,BB,D
14:33:15,INDF,RG,6050,1,D,AI,BB,D
14:33:15,INDF,RG,6075,31,F,RX,AK,F
14:33:06,INDF,RG,6050,1,D,AI,BB,D
14:33:06,INDF,RG,6075,5,D,PD,AK,F
14:32:59,INDF,RG,6050,1,D,AI,BB,D
14:32:54,INDF,RG,6050,1,D,AI,BB,D
14:32:54,INDF,RG,6050,1,D,AI,BB,D
14:32:39,INDF,RG,6050,3,D,AI,BB,D
14:32:39,INDF,RG,6050,1,D,AI,BB,D
14:32:31,INDF,RG,6050,1,D,AI,BB,D
14:32:31,INDF,RG,6050,15,D,AI,CC,D
14:32:25,INDF,RG,6050,1,D,AI,BB,D
14:32:11,INDF,RG,6050,1,D,AI,BB,D
14:31:54,INDF,RG,6050,1,D,AI,BB,D
14:31:54,INDF,RG,6050,1,D,AI,BB,D
14:31:49,INDF,RG,6050,1,D,NI,BB,D
14:31:32,INDF,RG,6050,1,D,NI,BB,D
14:31:32,INDF,RG,6050,2,D,NI,CC,D
14:31:32,INDF,RG,6050,1,D,YP,CC,D
14:31:27,INDF,RG,6050,1,D,PD,BB,D
14:31:27,INDF,RG,6050,1,D,PD,BB,D
14:31:27,INDF,RG,6050,2,D,NI,BB,D
14:31:11,INDF,RG,6050,3,D,PD,BB,D
14:31:11,INDF,RG,6050,2,D,PD,BB,D
14:31:10,INDF,RG,6075,5,D,PD,AK,F
14:31:09,INDF,RG,6050,3,D,PD,BB,D
14:31:09,INDF,RG,6050,6,D,YP,BB,D
14:31:03,INDF,RG,6050,4,D,YP,BB,D
14:31:03,INDF,RG,6050,18,D,LG,BB,D
14:31:01,INDF,RG,6075,1,F,CS,AK,F
14:31:01,INDF,RG,6050,2,D,LG,CS,F
14:31:01,INDF,RG,6050,10,D,TP,CS,F
14:31:01,INDF,RG,6075,1,F,CS,AK,F
14:31:01,INDF,RG,6050,2,D,PD,BB,D
14:31:01,INDF,RG,6050,1,D,PD,BB,D
14:31:01,INDF,RG,6050,1,D,YP,BB,D
14:31:01,INDF,RG,6050,1,D,YP,BB,D
14:31:01,INDF,RG,6050,5,D,PD,BB,D
14:31:01,INDF,RG,6050,15,D,PD,BB,D
14:31:01,INDF,RG,6075,12,F,KZ,BB,D
14:31:01,INDF,RG,6050,1,D,YU,BB,D
14:31:01,INDF,RG,6050,1,D,SQ,BB,D
14:31:01,INDF,RG,6075,1,D,YP,CS,F
14:30:54,INDF,RG,6050,4,D,SQ,CS,F
14:30:54,INDF,RG,6050,32,D,XC,CS,F
14:30:54,INDF,RG,6075,2,F,CS,CS,F
14:30:54,INDF,RG,6075,81,F,KZ,CS,F
14:30:54,INDF,RG,6075,38,F,KZ,CS,F
14:30:54,INDF,RG,6075,1,F,KZ,XC,D
14:30:54,INDF,RG,6075,1,F,KZ,KZ,F
14:30:54,INDF,RG,6075,4,F,KZ,KZ,F
14:30:54,INDF,RG,6075,10,F,KZ,KZ,F
14:30:54,INDF,RG,6075,8,F,KZ,BB,D
14:30:54,INDF,RG,6075,2,F,KZ,BB,D
14:30:54,INDF,RG,6075,3,F,KZ,BB,D
14:30:54,INDF,RG,6075,4,F,KZ,KZ,F
14:30:54,INDF,RG,6075,3,F,KZ,KZ,F
14:30:54,INDF,RG,6075,1,F,KZ,KZ,F
14:30:54,INDF,RG,6075,1,F,KZ,KZ,F
14:30:54,INDF,RG,6075,5,F,KZ,KZ,F
14:30:50,INDF,RG,6050,2,D,XC,BB,D
14:30:49,INDF,RG,6050,6,D,XC,BB,D
14:30:41,INDF,RG,6050,2,D,XC,KK,D
14:30:39,INDF,RG,6075,1,D,YP,KZ,F
14:30:39,INDF,RG,6050,1,D,XC,BB,D
14:30:39,INDF,RG,6050,1,D,XC,BB,D
14:30:39,INDF,RG,6075,24,F,KZ,KZ,F
14:30:30,INDF,RG,6050,2,D,XC,NI,D
14:30:27,INDF,RG,6050,1,D,XC,BB,D
14:30:22,INDF,RG,6050,6,D,XC,BB,D
14:30:15,INDF,RG,6050,2,D,XC,BB,D
14:30:15,INDF,RG,6050,2,D,XC,BB,D
14:30:15,INDF,RG,6050,1,D,XC,AK,F
14:30:08,INDF,RG,6050,2,D,XC,XC,D
14:30:06,INDF,RG,6050,20,D,XC,AK,F
14:30:00,INDF,RG,6050,1,D,XC,BB,D
14:30:00,INDF,RG,6050,1,D,XC,BB,D
14:29:44,INDF,RG,6050,1,D,XC,BB,D
14:29:44,INDF,RG,6050,1,D,XC,BB,D
14:29:36,INDF,RG,6050,1,D,XC,BB,D
14:29:31,INDF,RG,6050,4,D,XC,BB,D
14:29:31,INDF,RG,6050,11,D,XC,BB,D
14:29:26,INDF,RG,6050,5,D,YU,BB,D
14:29:21,INDF,RG,6050,3,D,PD,AK,F
14:29:21,INDF,RG,6050,1,D,YP,AK,F
14:29:21,INDF,RG,6050,1,D,PD,AK,F
14:29:21,INDF,RG,6050,2,D,NI,AK,F
14:29:21,INDF,RG,6050,1,D,PD,AK,F
14:29:21,INDF,RG,6050,2,D,XC,AK,F
14:29:21,INDF,RG,6050,1,D,CC,AK,F
14:29:21,INDF,RG,6050,1,D,DH,AK,F
14:29:21,INDF,RG,6050,1,D,XC,AK,F
14:29:21,INDF,RG,6050,5,D,CC,AK,F
14:29:21,INDF,RG,6050,1,D,YP,AK,F
14:29:21,INDF,RG,6050,4,D,XC,AK,F
14:29:21,INDF,RG,6050,3,D,EP,AK,F
14:29:21,INDF,RG,6050,1,D,YP,AK,F
14:29:21,INDF,RG,6050,5,D,PD,AK,F
14:29:21,INDF,RG,6050,15,D,YP,AK,F
14:29:20,INDF,RG,6050,3,D,YP,BB,D
14:29:20,INDF,RG,6050,1,D,YP,BB,D
14:29:20,INDF,RG,6050,1,D,XL,BB,D
14:29:20,INDF,RG,6050,3,D,YP,BB,D
14:29:13,INDF,RG,6050,2,D,YP,BB,D
14:29:13,INDF,RG,6050,3,D,DH,BB,D
14:29:07,INDF,RG,6050,7,D,DH,BB,D
14:29:07,INDF,RG,6050,2,D,YP,BB,D
14:29:07,INDF,RG,6050,2,D,GR,BB,D
14:29:07,INDF,RG,6050,1,D,PD,BB,D
14:29:07,INDF,RG,6050,1,D,CC,BB,D
14:29:07,INDF,RG,6050,2,D,PD,BB,D
14:29:07,INDF,RG,6050,1,D,YP,BB,D
14:29:07,INDF,RG,6050,25,D,YP,BB,D
14:29:07,INDF,RG,6050,1,D,PD,BB,D
14:29:07,INDF,RG,6050,1,D,NI,BB,D
14:29:07,INDF,RG,6050,1,D,PD,BB,D
14:29:07,INDF,RG,6050,1,D,PD,BB,D
14:29:07,INDF,RG,6050,4,D,PD,BB,D
14:29:07,INDF,RG,6050,9,D,PD,AK,F
14:29:01,INDF,RG,6050,7,D,PD,BB,D
14:29:01,INDF,RG,6050,10,D,PD,BB,D
14:29:01,INDF,RG,6050,1,D,XL,BB,D
14:29:01,INDF,RG,6050,1,D,CC,BB,D
14:28:59,INDF,RG,6050,2,D,CC,PD,D
14:28:59,INDF,RG,6050,2,D,YP,PD,D
14:28:59,INDF,RG,6050,5,D,PD,PD,D
14:28:59,INDF,RG,6050,10,D,PD,PD,D
14:28:59,INDF,RG,6050,5,D,PD,PD,D
14:28:59,INDF,RG,6050,7,D,SQ,PD,D
14:28:59,INDF,RG,6050,3,D,AZ,PD,D
14:28:59,INDF,RG,6050,20,D,CC,PD,D
14:28:59,INDF,RG,6050,30,D,DR,PD,D
14:28:59,INDF,RG,6050,80,D,NI,PD,D
14:28:59,INDF,RG,6075,17,D,GR,KZ,F
14:28:59,INDF,RG,6075,8,D,GR,BB,D
14:28:59,INDF,RG,6075,3,D,GR,BB,D
14:28:59,INDF,RG,6075,2,D,GR,BB,D
14:28:59,INDF,RG,6075,20,D,GR,IP,D
14:28:59,INDF,RG,6050,9,D,NI,BB,D
14:28:51,INDF,RG,6050,2,D,NI,XC,D
14:28:50,INDF,RG,6050,4,D,NI,BB,D
14:28:50,INDF,RG,6050,14,D,NI,BB,D
14:28:50,INDF,RG,6075,25,F,RX,IP,D
14:28:43,INDF,RG,6050,46,D,NI,BB,D
14:28:41,INDF,RG,6050,5,D,NI,BB,D
14:28:41,INDF,RG,6050,1,D,YP,BB,D
14:28:41,INDF,RG,6050,2,D,YP,BB,D
14:28:41,INDF,RG,6050,1,D,PD,BB,D
14:28:41,INDF,RG,6050,5,D,SQ,BB,D
14:28:39,INDF,RG,6075,5,F,KZ,IP,D
14:28:39,INDF,RG,6075,14,F,KZ,YP,D
14:28:39,INDF,RG,6075,5,F,KZ,YP,D
14:28:39,INDF,RG,6075,81,F,KZ,YP,D
14:28:39,INDF,RG,6075,24,F,KZ,YP,D
14:28:39,INDF,RG,6075,1,F,KZ,KZ,F
14:28:39,INDF,RG,6075,2,F,KZ,KZ,F
14:28:39,INDF,RG,6075,26,F,KZ,YP,D
14:28:39,INDF,RG,6075,1,F,KZ,KZ,F
14:28:38,INDF,RG,6075,1,F,KZ,KZ,F
14:28:38,INDF,RG,6075,1,F,KZ,EP,D
14:28:38,INDF,RG,6075,30,D,PD,CS,F
14:28:38,INDF,RG,6075,1,D,PD,KZ,F
14:28:38,INDF,RG,6075,8,D,PD,KZ,F
14:28:38,INDF,RG,6075,1,D,PD,KZ,F
14:28:38,INDF,RG,6075,8,D,PD,KZ,F
14:28:38,INDF,RG,6075,20,D,PD,YP,D
14:28:38,INDF,RG,6075,9,D,PD,KZ,F
14:28:38,INDF,RG,6075,7,D,PD,KZ,F
14:28:38,INDF,RG,6075,1,D,PD,KZ,F
14:28:38,INDF,RG,6075,8,D,PD,BB,D
14:28:38,INDF,RG,6075,6,D,PD,BB,D
14:28:38,INDF,RG,6075,1,D,PD,BB,D
14:28:32,INDF,RG,6050,1,D,SQ,BB,D
14:28:32,INDF,RG,6050,1,D,SQ,KK,D
14:27:51,INDF,RG,6050,1,D,SQ,BB,D
14:27:51,INDF,RG,6075,1,D,XC,BB,D
14:27:38,INDF,RG,6075,1,D,XC,BB,D
14:27:32,INDF,RG,6050,1,D,SQ,BB,D
14:27:29,INDF,RG,6075,5,D,OD,BB,D
14:27:24,INDF,RG,6050,2,D,SQ,BB,D
14:27:23,INDF,RG,6050,1,D,SQ,BB,D
14:27:03,INDF,RG,6050,2,D,SQ,BB,D
14:27:00,INDF,RG,6050,4,D,SQ,BB,D
14:27:00,INDF,RG,6050,5,D,PD,BB,D
14:27:00,INDF,RG,6050,6,D,YP,BB,D
14:26:58,INDF,RG,6050,4,D,YP,BB,D
14:26:58,INDF,RG,6050,1,D,SQ,BB,D
14:26:58,INDF,RG,6050,1,D,SQ,BB,D
14:26:46,INDF,RG,6050,4,D,SQ,BB,D
14:26:46,INDF,RG,6050,4,D,SQ,BB,D
14:26:46,INDF,RG,6050,20,D,PD,BB,D
14:26:46,INDF,RG,6050,3,D,XC,BB,D
14:26:46,INDF,RG,6050,46,D,YP,BB,D
14:26:33,INDF,RG,6050,2,D,YP,BB,D
14:26:32,INDF,RG,6050,1,D,YP,BB,D
14:26:32,INDF,RG,6050,1,D,YP,PD,D
14:26:30,INDF,RG,6050,2,D,XL,BB,D
14:26:24,INDF,RG,6050,2,D,XL,BB,D
14:26:24,INDF,RG,6050,4,D,XL,BB,D
14:26:24,INDF,RG,6050,4,D,XL,BB,D
14:26:15,INDF,RG,6050,13,D,XL,BB,D
14:26:07,INDF,RG,6050,10,D,DR,BB,D
14:26:07,INDF,RG,6050,2,D,IP,BB,D
14:26:07,INDF,RG,6050,8,D,IP,BB,D
14:26:01,INDF,RG,6075,10,D,XA,BB,D
14:26:01,INDF,RG,6075,90,D,XA,LG,D
14:26:00,INDF,RG,6050,15,D,IP,BB,D
14:26:00,INDF,RG,6050,22,D,IP,BB,D
14:25:59,INDF,RG,6050,3,D,IP,BB,D
14:25:59,INDF,RG,6050,3,D,CC,BB,D
14:25:59,INDF,RG,6050,1,D,PD,BB,D
14:25:59,INDF,RG,6050,3,D,AZ,BB,D
14:25:59,INDF,RG,6050,2,D,YP,BB,D
14:25:59,INDF,RG,6050,1,D,PD,BB,D
14:25:59,INDF,RG,6050,1,D,KK,BB,D
14:25:59,INDF,RG,6050,11,D,PD,BB,D
14:25:51,INDF,RG,6050,19,D,PD,BB,D
14:25:51,INDF,RG,6050,20,D,NI,BB,D
14:25:51,INDF,RG,6050,1,D,SQ,BB,D
14:25:51,INDF,RG,6050,5,D,PD,BB,D
14:25:51,INDF,RG,6050,1,D,XL,BB,D
14:25:51,INDF,RG,6050,1,D,PD,BB,D
14:25:51,INDF,RG,6050,2,D,XC,BB,D
14:25:51,INDF,RG,6050,2,D,ZP,BB,D
14:25:51,INDF,RG,6050,1,D,PD,BB,D
14:25:51,INDF,RG,6050,2,D,BQ,BB,D
14:25:51,INDF,RG,6050,3,D,BQ,BB,D
14:25:51,INDF,RG,6050,2,D,NI,BB,D
14:25:51,INDF,RG,6050,5,D,SQ,BB,D
14:25:51,INDF,RG,6050,1,D,PC,BB,D
14:25:51,INDF,RG,6050,184,F,KZ,BB,D
14:25:51,INDF,RG,6050,31,D,YP,BB,D
14:25:51,INDF,RG,6050,2,D,YP,BB,D
14:25:51,INDF,RG,6075,10,D,AZ,LG,D
14:25:40,INDF,RG,6050,24,D,YP,BB,D
14:25:39,INDF,RG,6050,2,D,YP,CS,F
14:25:39,INDF,RG,6050,20,D,YP,BB,D
14:25:39,INDF,RG,6075,2,F,KZ,BB,D
14:25:39,INDF,RG,6075,16,F,KZ,KZ,F
14:25:39,INDF,RG,6075,2,F,KZ,BB,D
14:25:39,INDF,RG,6075,6,F,KZ,BB,D
14:25:39,INDF,RG,6075,2,F,KZ,BB,D
14:25:39,INDF,RG,6075,1,F,KZ,KZ,F
14:25:39,INDF,RG,6075,9,F,KZ,YP,D
14:25:39,INDF,RG,6075,1,F,KZ,YP,D
14:25:39,INDF,RG,6075,18,F,KZ,YP,D
14:25:38,INDF,RG,6075,3,D,XC,YP,D
14:25:36,INDF,RG,6075,49,D,XA,YP,D
14:25:36,INDF,RG,6075,1,D,XA,KZ,F
14:25:36,INDF,RG,6075,1,D,XA,KZ,F
14:25:36,INDF,RG,6075,2,D,XA,KZ,F
14:25:36,INDF,RG,6075,100,D,XA,YP,D
14:25:36,INDF,RG,6075,38,D,XA,CS,F
14:25:36,INDF,RG,6075,90,D,XA,CS,F
14:25:36,INDF,RG,6075,5,D,XA,KZ,F
14:25:36,INDF,RG,6075,35,D,XA,KZ,F
14:25:36,INDF,RG,6075,1,D,XA,KZ,F
14:25:36,INDF,RG,6075,13,D,XA,BB,D
14:25:36,INDF,RG,6075,4,D,XA,BB,D
14:25:36,INDF,RG,6075,6,D,XA,BB,D
14:25:36,INDF,RG,6075,3,D,XA,KZ,F
14:25:36,INDF,RG,6075,52,D,XA,AK,F
14:25:32,INDF,RG,6075,3,D,XL,AK,F
14:25:31,INDF,RG,6050,1,D,YP,BB,D
14:25:26,INDF,RG,6075,6,D,XC,AK,F
14:25:23,INDF,RG,6050,2,D,YP,BB,D
14:25:23,INDF,RG,6050,7,D,YP,BB,D
14:25:13,INDF,RG,6050,7,D,YP,BB,D
14:25:13,INDF,RG,6050,7,D,YP,CC,D
14:25:09,INDF,RG,6050,3,D,YP,BB,D
14:25:05,INDF,RG,6050,4,D,YP,BB,D
14:25:05,INDF,RG,6050,41,D,YP,PD,D
14:24:58,INDF,RG,6050,4,D,YP,BB,D
14:24:42,INDF,RG,6050,4,D,YP,BB,D
14:24:30,INDF,RG,6050,4,D,YP,BB,D
14:24:15,INDF,RG,6050,6,D,YP,BB,D
14:24:13,INDF,RG,6050,1,D,YP,BB,D
14:24:13,INDF,RG,6050,2,D,YP,BB,D
14:24:13,INDF,RG,6075,5,D,NI,AK,F
14:24:13,INDF,RG,6075,1,D,NI,KZ,F
14:24:01,INDF,RG,6050,8,D,YP,BB,D
14:24:01,INDF,RG,6050,2,D,YP,BB,D
14:23:45,INDF,RG,6050,2,D,YP,BB,D
14:23:45,INDF,RG,6075,1,D,LS,KZ,F
14:23:45,INDF,RG,6075,1,D,LS,AK,F
14:23:40,INDF,RG,6050,5,D,YP,BB,D
14:23:36,INDF,RG,6050,4,D,YP,BB,D
14:23:34,INDF,RG,6050,1,D,YP,BB,D
14:23:29,INDF,RG,6050,41,D,YP,BB,D
14:23:24,INDF,RG,6075,3,D,BB,CS,F
14:23:24,INDF,RG,6075,12,F,AK,CS,F
14:23:24,INDF,RG,6075,18,F,AK,KZ,F
14:23:24,INDF,RG,6075,1,F,AK,KZ,F
14:23:24,INDF,RG,6075,3,F,AK,KZ,F
14:23:24,INDF,RG,6075,1,F,AK,KZ,F
14:23:24,INDF,RG,6075,5,F,AK,CC,D
14:23:24,INDF,RG,6075,30,F,AK,BB,D
14:23:24,INDF,RG,6075,21,F,AK,BB,D
14:23:24,INDF,RG,6075,3,F,AK,BB,D
14:23:24,INDF,RG,6075,1,F,KZ,BB,D
14:23:24,INDF,RG,6075,16,F,KZ,BB,D
14:23:24,INDF,RG,6075,3,F,KZ,KZ,F
14:23:24,INDF,RG,6075,35,F,KZ,CS,F
14:23:24,INDF,RG,6075,80,F,KZ,KZ,F
14:23:24,INDF,RG,6075,5,F,KZ,KZ,F
14:23:24,INDF,RG,6075,10,F,KZ,CS,F
14:23:24,INDF,RG,6075,8,F,KZ,CS,F
14:23:24,INDF,RG,6075,36,F,KZ,KZ,F
14:23:24,INDF,RG,6075,1,F,KZ,XC,D
14:23:24,INDF,RG,6075,6,F,KZ,KZ,F
14:23:24,INDF,RG,6075,29,F,KZ,KZ,F
14:23:23,INDF,RG,6050,5,D,YP,BB,D
14:23:23,INDF,RG,6050,9,D,YP,BB,D
14:23:23,INDF,RG,6050,9,D,YP,BB,D
14:23:13,INDF,RG,6050,53,D,YP,BB,D
14:23:13,INDF,RG,6075,2,D,PD,KZ,F
14:23:06,INDF,RG,6050,35,D,YP,BB,D
14:23:06,INDF,RG,6050,65,D,YP,BB,D
14:23:01,INDF,RG,6050,89,D,YP,BB,D
14:23:01,INDF,RG,6050,94,F,KZ,BB,D
14:23:01,INDF,RG,6050,12,F,KZ,BB,D
14:23:01,INDF,RG,6050,571,F,KZ,BB,D
14:22:55,INDF,RG,6050,242,F,KZ,BB,D
14:22:52,INDF,RG,6050,212,F,KZ,RS,D
14:22:52,INDF,RG,6050,251,F,KZ,RS,D
14:22:52,INDF,RG,6050,10,D,YP,RS,D
14:22:52,INDF,RG,6050,8,D,YP,RS,D
14:22:52,INDF,RG,6050,16,D,CC,RS,D
14:22:52,INDF,RG,6050,3,D,CC,RS,D
14:22:52,INDF,RG,6050,10,D,YP,RS,D
14:22:52,INDF,RG,6050,50,D,YP,RS,D
14:22:52,INDF,RG,6050,1,D,YP,RS,D
14:22:52,INDF,RG,6050,2,D,SQ,RS,D
14:22:52,INDF,RG,6050,2,D,XC,RS,D
14:22:52,INDF,RG,6050,1,D,XC,RS,D
14:22:52,INDF,RG,6050,2,D,YP,RS,D
14:22:52,INDF,RG,6050,1,D,PD,RS,D
14:22:52,INDF,RG,6050,15,D,EP,RS,D
14:22:52,INDF,RG,6050,50,D,OD,RS,D
14:22:52,INDF,RG,6050,10,D,XC,RS,D
14:22:52,INDF,RG,6050,15,D,SQ,RS,D
14:22:52,INDF,RG,6050,50,D,AZ,RS,D
14:22:52,INDF,RG,6050,3,D,PD,RS,D
14:22:52,INDF,RG,6050,5,D,SQ,RS,D
14:22:52,INDF,RG,6050,1,D,YP,RS,D
14:22:52,INDF,RG,6050,2,D,YU,RS,D
14:22:52,INDF,RG,6050,7,D,PD,RS,D
14:22:52,INDF,RG,6050,1,D,XC,RS,D
14:22:52,INDF,RG,6050,30,D,PD,RS,D
14:22:52,INDF,RG,6050,1,D,GR,RS,D
14:22:52,INDF,RG,6050,1,D,DR,RS,D
14:22:52,INDF,RG,6050,2,D,XL,RS,D
14:22:52,INDF,RG,6050,2,D,PD,RS,D
14:22:52,INDF,RG,6050,38,D,PD,RS,D
14:22:52,INDF,RG,6050,2,D,NI,RS,D
14:22:52,INDF,RG,6050,2,D,PD,RS,D
14:22:52,INDF,RG,6050,200,D,GR,RS,D
14:22:52,INDF,RG,6050,15,D,LG,RS,D
14:22:52,INDF,RG,6050,1,D,YP,RS,D
14:22:52,INDF,RG,6050,2,D,CC,RS,D
14:22:52,INDF,RG,6050,1,D,NI,RS,D
14:22:52,INDF,RG,6050,3,D,DR,RS,D
14:22:52,INDF,RG,6050,2,D,YP,RS,D
14:22:52,INDF,RG,6050,5,D,PD,RS,D
14:22:52,INDF,RG,6050,10,D,PD,RS,D
14:22:52,INDF,RG,6050,1,D,DH,RS,D
14:22:52,INDF,RG,6050,2,D,PD,RS,D
14:22:52,INDF,RG,6050,50,D,YP,RS,D
14:22:52,INDF,RG,6050,200,D,CP,RS,D
14:22:52,INDF,RG,6050,10,D,YP,RS,D
14:22:52,INDF,RG,6050,1,D,PD,RS,D
14:22:52,INDF,RG,6050,1,D,YP,RS,D
14:22:52,INDF,RG,6050,1,D,DR,RS,D
14:22:52,INDF,RG,6050,1,D,PD,RS,D
14:22:52,INDF,RG,6050,50,D,PD,RS,D
14:22:52,INDF,RG,6050,1,D,NI,RS,D
14:22:52,INDF,RG,6050,8,D,CC,RS,D
14:22:52,INDF,RG,6050,1,D,YP,RS,D
14:22:52,INDF,RG,6050,2,D,KK,RS,D
14:22:52,INDF,RG,6050,2,D,XL,RS,D
14:22:52,INDF,RG,6050,1,D,LG,RS,D
14:22:52,INDF,RG,6050,5,D,GR,RS,D
14:22:52,INDF,RG,6050,3,D,XC,RS,D
14:22:52,INDF,RG,6050,3,D,PD,RS,D
14:22:52,INDF,RG,6050,1,D,EP,RS,D
14:22:52,INDF,RG,6050,10,D,PS,RS,D
14:22:52,INDF,RG,6050,1,D,PD,RS,D
14:22:52,INDF,RG,6050,1,D,NI,RS,D
14:22:52,INDF,RG,6050,4,D,TP,RS,D
14:22:52,INDF,RG,6050,1,D,XL,RS,D
14:22:52,INDF,RG,6050,2,D,PD,RS,D
14:22:52,INDF,RG,6050,1,D,XC,RS,D
14:22:52,INDF,RG,6050,1,D,KK,RS,D
14:22:52,INDF,RG,6050,1,D,PD,RS,D
14:22:52,INDF,RG,6050,1,D,PD,RS,D
14:22:52,INDF,RG,6050,1,D,NI,RS,D
14:22:52,INDF,RG,6050,1,D,PD,RS,D
14:22:52,INDF,RG,6050,20,D,YP,RS,D
14:22:52,INDF,RG,6050,83,D,KK,RS,D
14:22:52,INDF,RG,6050,2,D,PD,RS,D
14:22:52,INDF,RG,6050,25,D,SQ,RS,D
14:22:52,INDF,RG,6050,5,D,YP,RS,D
14:22:52,INDF,RG,6050,1,D,XC,RS,D
14:22:52,INDF,RG,6050,1,D,YP,RS,D
14:22:52,INDF,RG,6050,10,D,CC,RS,D
14:22:52,INDF,RG,6050,2,D,CC,RS,D
14:22:52,INDF,RG,6050,2,D,CC,RS,D
14:22:52,INDF,RG,6050,1,D,CC,RS,D
14:22:52,INDF,RG,6050,100,D,YP,RS,D
14:22:52,INDF,RG,6050,20,D,YP,RS,D
14:22:52,INDF,RG,6050,50,D,PD,RS,D
14:22:52,INDF,RG,6050,1,D,NI,RS,D
14:22:52,INDF,RG,6050,2,D,YP,RS,D
14:22:52,INDF,RG,6050,20,D,CC,RS,D
14:22:52,INDF,RG,6050,3,D,YP,RS,D
14:22:52,INDF,RG,6050,30,D,CC,RS,D
14:22:52,INDF,RG,6050,10,D,EP,RS,D
14:22:52,INDF,RG,6050,5,D,DH,RS,D
14:22:52,INDF,RG,6050,5,D,PD,RS,D
14:22:52,INDF,RG,6050,2,D,PD,RS,D
14:22:52,INDF,RG,6050,35,D,KK,RS,D
14:22:52,INDF,RG,6050,1,D,XC,RS,D
14:22:52,INDF,RG,6050,1,D,NI,RS,D
14:22:52,INDF,RG,6050,1,D,PD,RS,D
14:22:52,INDF,RG,6050,5,D,NI,RS,D
14:22:52,INDF,RG,6050,1,D,YP,RS,D
14:22:52,INDF,RG,6050,100,D,CC,RS,D
14:22:52,INDF,RG,6050,10,D,XL,RS,D
14:22:52,INDF,RG,6050,2,D,YP,RS,D
14:22:52,INDF,RG,6050,2,D,YP,RS,D
14:22:52,INDF,RG,6050,1,D,YP,RS,D
14:22:52,INDF,RG,6050,1,D,PD,RS,D
14:22:52,INDF,RG,6050,1,D,PD,RS,D
14:22:52,INDF,RG,6050,2,D,NI,RS,D
14:22:52,INDF,RG,6050,2,D,YP,RS,D
14:22:52,INDF,RG,6050,50,D,SQ,RS,D
14:22:52,INDF,RG,6050,1,D,XC,RS,D
14:22:52,INDF,RG,6050,5,D,YP,RS,D
14:22:52,INDF,RG,6050,2,D,PD,RS,D
14:22:52,INDF,RG,6050,2,D,CC,RS,D
14:22:52,INDF,RG,6050,2,D,YP,RS,D
14:22:52,INDF,RG,6050,100,D,XL,RS,D
14:22:52,INDF,RG,6050,25,D,KK,RS,D
14:22:52,INDF,RG,6050,1,D,PD,RS,D
14:22:52,INDF,RG,6050,1,D,YP,RS,D
14:22:52,INDF,RG,6050,200,D,TP,RS,D
14:22:52,INDF,RG,6050,1,D,NI,RS,D
14:22:52,INDF,RG,6050,5,D,YP,RS,D
14:22:52,INDF,RG,6050,200,D,YP,RS,D
14:22:52,INDF,RG,6050,2,D,XC,RS,D
14:22:52,INDF,RG,6050,1,D,SQ,RS,D
14:22:52,INDF,RG,6050,40,D,KK,RS,D
14:22:52,INDF,RG,6050,1,D,DR,RS,D
14:22:52,INDF,RG,6050,2,D,SQ,RS,D
14:22:52,INDF,RG,6050,332,F,KZ,RS,D
14:22:51,INDF,RG,6050,1,F,KZ,BB,D
14:22:51,INDF,RG,6050,2,F,KZ,BB,D
14:22:42,INDF,RG,6050,2,F,KZ,BB,D
14:22:42,INDF,RG,6050,2,F,KZ,BB,D
14:22:26,INDF,RG,6050,3,F,KZ,BB,D
14:22:26,INDF,RG,6050,2,F,KZ,BB,D
14:22:10,INDF,RG,6075,1,D,KK,KZ,F
14:22:09,INDF,RG,6050,2,F,KZ,DH,D
14:22:08,INDF,RG,6050,7,F,KZ,BB,D
14:22:06,INDF,RG,6050,4,F,KZ,BB,D
14:22:06,INDF,RG,6050,18,F,KZ,AK,F
14:22:00,INDF,RG,6050,41,F,KZ,AK,F
14:22:00,INDF,RG,6050,10,F,KZ,BB,D
14:22:00,INDF,RG,6050,3,F,KZ,BB,D
14:21:59,INDF,RG,6075,1,D,NI,KZ,F
14:21:47,INDF,RG,6075,1,D,XC,KZ,F
14:21:41,INDF,RG,6050,3,F,KZ,BB,D
14:21:41,INDF,RG,6050,2,F,KZ,BB,D
14:21:24,INDF,RG,6050,2,F,KZ,BB,D
14:21:24,INDF,RG,6050,5,F,KZ,BB,D
14:21:24,INDF,RG,6050,13,F,KZ,BB,D
14:21:11,INDF,RG,6050,2,F,KZ,BB,D
14:21:03,INDF,RG,6075,1,D,XC,KZ,F
14:21:03,INDF,RG,6050,1,F,KZ,BB,D
14:21:01,INDF,RG,6075,2,D,CC,KZ,F
14:21:01,INDF,RG,6075,3,D,CC,BB,D
14:21:01,INDF,RG,6075,11,D,CC,BB,D
14:21:01,INDF,RG,6075,7,D,CC,KZ,F
14:21:01,INDF,RG,6075,6,D,CC,BB,D
14:21:01,INDF,RG,6075,1,D,CC,KZ,F
14:21:01,INDF,RG,6075,1,D,CC,KZ,F
14:21:01,INDF,RG,6075,19,D,CC,KZ,F
14:20:49,INDF,RG,6050,3,F,KZ,BB,D
14:20:49,INDF,RG,6050,3,F,KZ,BB,D
14:20:49,INDF,RG,6050,2,F,KZ,BB,D
14:20:40,INDF,RG,6050,4,F,KZ,BB,D
14:20:40,INDF,RG,6050,4,F,KZ,BB,D
14:20:33,INDF,RG,6050,13,F,KZ,BB,D
14:20:33,INDF,RG,6050,4,F,KZ,BB,D
14:20:33,INDF,RG,6050,5,F,KZ,BB,D
14:20:33,INDF,RG,6075,1,D,PD,KZ,F
14:20:33,INDF,RG,6075,2,D,PD,KZ,F
14:20:17,INDF,RG,6050,1,F,KZ,BB,D
14:20:17,INDF,RG,6050,2,F,KZ,BB,D
14:20:17,INDF,RG,6050,41,F,KZ,PD,D
14:20:11,INDF,RG,6050,3,F,KZ,BB,D
14:20:10,INDF,RG,6050,2,F,KZ,BB,D
14:20:10,INDF,RG,6050,6,F,KZ,BB,D
14:20:10,INDF,RG,6050,2,F,KZ,BB,D
14:20:10,INDF,RG,6075,1,D,PD,KZ,F
14:19:58,INDF,RG,6050,2,F,KZ,BB,D
14:19:58,INDF,RG,6050,2,F,KZ,BB,D
14:19:51,INDF,RG,6050,20,F,KZ,BB,D
14:19:51,INDF,RG,6050,5,F,KZ,BB,D
14:19:51,INDF,RG,6050,5,F,KZ,BB,D
14:19:28,INDF,RG,6050,1,F,KZ,BB,D
14:19:28,INDF,RG,6050,7,F,KZ,BB,D
14:19:28,INDF,RG,6050,21,F,KZ,BB,D
14:19:18,INDF,RG,6050,13,F,KZ,BB,D
14:19:15,INDF,RG,6050,24,F,KZ,BB,D
14:19:15,INDF,RG,6075,1,D,LG,KZ,F
14:19:12,INDF,RG,6050,62,F,KZ,BB,D
14:19:06,INDF,RG,6075,2,D,AG,KZ,F
14:19:06,INDF,RG,6075,1,D,AG,KZ,F
14:19:06,INDF,RG,6075,1,D,AG,KZ,F
14:19:06,INDF,RG,6075,1,D,AG,CC,D
14:19:03,INDF,RG,6075,5,F,AK,CC,D
14:19:03,INDF,RG,6075,24,F,AK,CC,D
14:19:03,INDF,RG,6075,11,F,AK,AK,F
14:19:03,INDF,RG,6050,38,F,KZ,BB,D
14:19:03,INDF,RG,6075,69,F,AK,AK,F
14:19:02,INDF,RG,6075,9,F,AK,BB,D
14:19:02,INDF,RG,6075,6,F,AK,BB,D
14:19:02,INDF,RG,6075,20,F,AK,BB,D
14:19:01,INDF,RG,6050,101,F,KZ,BB,D
14:19:00,INDF,RG,6050,5,F,KZ,CS,F
14:19:00,INDF,RG,6075,1,F,CS,AK,F
14:19:00,INDF,RG,6075,1,D,SQ,AK,F
14:19:00,INDF,RG,6075,2,D,YP,AK,F
14:19:00,INDF,RG,6075,1,D,NI,AK,F
14:19:00,INDF,RG,6075,1,F,KZ,AK,F
14:19:00,INDF,RG,6075,1,F,KZ,AK,F
14:19:00,INDF,RG,6075,2,F,KZ,AK,F
14:19:00,INDF,RG,6075,2,F,KZ,AK,F
14:19:00,INDF,RG,6075,40,D,YP,AK,F
14:19:00,INDF,RG,6075,65,F,KZ,AK,F
14:19:00,INDF,RG,6075,8,F,KZ,CC,F
14:19:00,INDF,RG,6075,150,F,KZ,CC,F
14:19:00,INDF,RG,6075,68,F,KZ,CC,F
14:19:00,INDF,RG,6075,1,F,CS,CC,F
14:19:00,INDF,RG,6075,1,D,KK,CC,F
14:19:00,INDF,RG,6075,1,F,CS,CC,F
14:19:00,INDF,RG,6075,168,D,YP,CC,F
14:19:00,INDF,RG,6075,29,D,YP,BB,D
14:19:00,INDF,RG,6075,3,D,YP,BB,D
14:19:00,INDF,RG,6075,5,D,CC,BB,D
14:19:00,INDF,RG,6075,1,D,PD,BB,D
14:19:00,INDF,RG,6075,1,D,DR,BB,D
14:19:00,INDF,RG,6075,9,D,DR,BB,D
14:19:00,INDF,RG,6075,5,D,DR,BB,D
14:19:00,INDF,RG,6075,2,D,XC,CC,D
14:19:00,INDF,RG,6075,20,F,KZ,CC,D
14:19:00,INDF,RG,6075,1,D,NI,CC,D
14:19:00,INDF,RG,6075,6,F,KZ,CC,D
14:18:48,INDF,RG,6075,6,F,KZ,BB,D
14:18:48,INDF,RG,6075,3,F,KZ,BB,D
14:18:48,INDF,RG,6075,2,F,KZ,BB,D
14:18:48,INDF,RG,6075,1,F,KZ,CS,F
14:18:48,INDF,RG,6075,10,F,KZ,CS,F
14:18:48,INDF,RG,6075,1,F,CS,CS,F
14:18:48,INDF,RG,6075,5,D,CP,CS,F
14:18:48,INDF,RG,6075,23,F,KZ,CS,F
14:18:48,INDF,RG,6075,98,F,KZ,CS,F
14:18:33,INDF,RG,6075,1,F,KZ,BB,D
14:18:30,INDF,RG,6075,3,F,KZ,BB,D
14:18:30,INDF,RG,6075,4,F,KZ,BB,D
14:18:30,INDF,RG,6075,7,F,KZ,BB,D
14:18:30,INDF,RG,6075,1,F,KZ,AK,F
14:18:16,INDF,RG,6075,7,F,KZ,AK,F
14:18:15,INDF,RG,6075,6,F,KZ,BB,D
14:18:15,INDF,RG,6075,13,F,KZ,BB,D
14:18:15,INDF,RG,6075,6,F,KZ,BB,D
14:17:46,INDF,RG,6075,5,F,KZ,BB,D
14:17:45,INDF,RG,6075,12,F,KZ,BB,D
14:17:45,INDF,RG,6075,8,F,KZ,BB,D
14:17:45,INDF,RG,6075,13,F,KZ,AK,F
14:17:16,INDF,RG,6075,1,F,KZ,AK,F
14:17:15,INDF,RG,6075,6,F,KZ,BB,D
14:17:15,INDF,RG,6075,9,F,KZ,BB,D
14:17:15,INDF,RG,6075,1,F,KZ,BB,D
14:17:15,INDF,RG,6075,2,D,BB,BB,D
14:17:15,INDF,RG,6075,1,F,KZ,BB,D
14:17:15,INDF,RG,6075,9,F,KZ,BB,D
14:17:15,INDF,RG,6075,5,F,KZ,AK,F
14:17:15,INDF,RG,6075,2,D,AI,AK,F
14:16:24,INDF,RG,6075,4,D,AI,BB,D
14:16:22,INDF,RG,6075,1,D,AI,BB,D
14:16:20,INDF,RG,6075,1,D,AI,BB,D
14:16:20,INDF,RG,6075,2,D,AI,BB,D
14:16:20,INDF,RG,6075,2,D,AI,BB,D
14:16:20,INDF,RG,6075,1,D,AI,XL,D
14:15:50,INDF,RG,6075,1,D,AI,BB,D
14:15:47,INDF,RG,6075,5,D,AI,BB,D
14:15:45,INDF,RG,6075,2,D,AI,BB,D
14:15:45,INDF,RG,6075,18,D,AI,BB,D
14:15:33,INDF,RG,6075,11,D,AI,BB,D
14:15:33,INDF,RG,6075,1,D,XC,BB,D
14:15:33,INDF,RG,6075,1,F,KZ,BB,D
14:15:33,INDF,RG,6075,18,F,KZ,BB,D
14:15:33,INDF,RG,6075,10,F,KZ,BB,D
14:15:31,INDF,RG,6075,6,F,KZ,CS,F
14:15:31,INDF,RG,6075,34,F,KZ,CS,F
14:15:31,INDF,RG,6075,33,F,KZ,CS,F
14:15:31,INDF,RG,6075,21,F,KZ,CS,F
14:15:31,INDF,RG,6075,9,F,KZ,CS,F
14:15:31,INDF,RG,6075,5,D,GR,CS,F
14:15:31,INDF,RG,6075,1,D,YP,CS,F
14:15:31,INDF,RG,6075,1,D,KK,CS,F
14:15:31,INDF,RG,6075,1,D,PD,CS,F
14:15:31,INDF,RG,6075,1,F,CS,CS,F
14:15:31,INDF,RG,6075,36,F,KZ,CS,F
14:15:31,INDF,RG,6075,16,F,KZ,BB,D
14:15:31,INDF,RG,6075,6,F,KZ,BB,D
14:15:31,INDF,RG,6075,8,F,KZ,BB,D
14:15:13,INDF,RG,6075,4,F,KZ,KZ,F
14:15:10,INDF,RG,6075,1,F,KZ,BB,D
14:15:10,INDF,RG,6075,1,F,KZ,BB,D
14:15:10,INDF,RG,6075,14,F,KZ,KZ,F
14:15:10,INDF,RG,6075,24,F,KZ,KZ,F
14:15:10,INDF,RG,6075,41,F,KZ,PD,D
14:15:04,INDF,RG,6075,1,F,KZ,BB,D
14:15:04,INDF,RG,6075,8,F,KZ,BB,D
14:15:04,INDF,RG,6075,4,F,KZ,BB,D
14:14:37,INDF,RG,6075,2,F,KZ,BB,D
14:14:37,INDF,RG,6075,1,F,KZ,KZ,F
14:14:34,INDF,RG,6075,5,F,KZ,KZ,F
14:14:31,INDF,RG,6075,8,F,KZ,KZ,F
14:14:31,INDF,RG,6075,1,F,KZ,KZ,F
14:14:30,INDF,RG,6075,5,F,KZ,KZ,F
14:14:30,INDF,RG,6075,1,F,KZ,KZ,F
14:14:30,INDF,RG,6075,1,F,KZ,KZ,F
14:14:30,INDF,RG,6075,1,F,KZ,KZ,F
14:14:30,INDF,RG,6075,1,F,KZ,KZ,F
14:14:30,INDF,RG,6075,1,F,KZ,BB,D
14:14:30,INDF,RG,6075,3,F,KZ,BB,D
14:14:30,INDF,RG,6075,1,F,KZ,BB,D
14:14:30,INDF,RG,6075,1,F,KZ,KZ,F
14:14:30,INDF,RG,6075,1,F,KZ,AK,F
14:14:07,INDF,RG,6075,1,F,KZ,BB,D
14:14:07,INDF,RG,6075,1,F,KZ,BB,D
14:14:07,INDF,RG,6075,1,F,KZ,BB,D
14:14:02,INDF,RG,6075,1,F,KZ,BB,D
14:14:02,INDF,RG,6075,1,F,KZ,BB,D
14:13:43,INDF,RG,6075,1,F,KZ,BB,D
14:13:43,INDF,RG,6075,2,F,KZ,BB,D
14:13:43,INDF,RG,6075,1,F,KZ,BB,D
14:13:31,INDF,RG,6075,2,F,KZ,XC,D
14:13:29,INDF,RG,6075,1,F,KZ,BB,D
14:13:27,INDF,RG,6075,1,F,KZ,BB,D
14:13:27,INDF,RG,6075,1,F,KZ,BB,D
14:13:27,INDF,RG,6075,2,F,KZ,BB,D
14:13:12,INDF,RG,6075,1,F,KZ,BB,D
14:13:12,INDF,RG,6100,5,D,DR,SQ,D
14:13:06,INDF,RG,6075,1,F,KZ,BB,D
14:13:06,INDF,RG,6075,4,F,KZ,BB,D
14:13:06,INDF,RG,6075,1,F,KZ,BB,D
14:12:39,INDF,RG,6075,1,F,KZ,BB,D
14:12:39,INDF,RG,6075,1,F,KZ,BB,D
14:12:33,INDF,RG,6075,1,F,KZ,BB,D
14:12:33,INDF,RG,6075,2,F,KZ,BB,D
14:12:33,INDF,RG,6075,1,F,KZ,BB,D
14:12:21,INDF,RG,6075,1,F,KZ,CC,D
14:12:20,INDF,RG,6075,6,F,KZ,BB,D
14:12:20,INDF,RG,6075,3,F,KZ,BB,D
14:12:20,INDF,RG,6075,4,F,KZ,BB,D
14:12:08,INDF,RG,6075,11,F,KZ,BB,D
14:12:08,INDF,RG,6075,32,F,KZ,BB,D
14:12:08,INDF,RG,6075,15,F,KZ,BB,D
14:11:49,INDF,RG,6075,2,F,KZ,BB,D
14:11:49,INDF,RG,6075,5,F,KZ,BB,D
14:11:49,INDF,RG,6075,2,F,KZ,BB,D
14:11:49,INDF,RG,6075,43,F,KZ,CS,F
14:11:49,INDF,RG,6075,24,F,RX,CS,F
14:11:49,INDF,RG,6075,25,D,KK,CS,F
14:11:49,INDF,RG,6075,10,D,XL,CS,F
14:11:49,INDF,RG,6075,15,D,PD,CS,F
14:11:49,INDF,RG,6075,1,F,CS,CS,F
14:11:49,INDF,RG,6075,1,F,CS,CS,F
14:11:49,INDF,RG,6075,4,D,PD,CS,F
14:11:49,INDF,RG,6075,2,D,CC,CS,F
14:11:49,INDF,RG,6075,6,F,KZ,CS,F
14:11:49,INDF,RG,6075,1,D,PD,CS,F
14:11:49,INDF,RG,6075,1,F,CS,CS,F
14:11:49,INDF,RG,6075,10,D,XL,CS,F
14:11:49,INDF,RG,6075,8,F,KZ,CS,F
14:11:49,INDF,RG,6075,23,F,RX,CS,F
14:11:44,INDF,RG,6100,17,D,KK,SQ,D
14:11:42,INDF,RG,6075,1,F,RX,BB,D
14:11:42,INDF,RG,6075,1,F,RX,BB,D
14:11:42,INDF,RG,6075,1,F,RX,BB,D
14:11:27,INDF,RG,6075,2,F,RX,BB,D
14:11:27,INDF,RG,6075,2,F,RX,BB,D
14:11:21,INDF,RG,6075,5,F,RX,BB,D
14:11:21,INDF,RG,6075,5,F,RX,BB,D
14:11:21,INDF,RG,6075,2,F,RX,BB,D
14:11:21,INDF,RG,6075,10,F,KZ,BB,D
14:11:07,INDF,RG,6100,36,F,RX,SQ,D
14:11:03,INDF,RG,6075,1,F,KZ,BB,D
14:11:03,INDF,RG,6075,1,F,KZ,BB,D
14:11:03,INDF,RG,6100,20,D,XL,SQ,D
14:10:52,INDF,RG,6075,2,F,KZ,BB,D
14:10:52,INDF,RG,6075,1,F,KZ,BB,D
14:10:52,INDF,RG,6075,1,F,KZ,BB,D
14:10:40,INDF,RG,6075,3,F,KZ,BB,D
14:10:31,INDF,RG,6075,1,F,KZ,BB,D
14:10:31,INDF,RG,6100,4,D,PD,SQ,D
14:10:31,INDF,RG,6100,4,D,PD,YP,D
14:10:31,INDF,RG,6075,5,F,KZ,BB,D
14:10:28,INDF,RG,6075,2,F,KZ,BB,D
14:10:23,INDF,RG,6075,3,F,KZ,BB,D
14:10:21,INDF,RG,6075,9,F,KZ,BB,D
14:10:21,INDF,RG,6075,3,F,KZ,BB,D
14:10:21,INDF,RG,6075,4,F,KZ,BB,D
14:10:21,INDF,RG,6075,12,F,KZ,AK,F
14:10:21,INDF,RG,6075,1,D,BB,AK,F
14:10:04,INDF,RG,6075,1,D,BB,PD,D
14:10:04,INDF,RG,6075,1,F,CS,PD,D
14:10:04,INDF,RG,6075,39,D,ZP,PD,D
14:09:59,INDF,RG,6075,1,D,ZP,BB,D
14:09:59,INDF,RG,6075,1,D,ZP,BB,D
14:09:59,INDF,RG,6075,1,D,ZP,BB,D
14:09:45,INDF,RG,6075,2,D,ZP,BB,D
14:09:44,INDF,RG,6075,1,D,ZP,XC,D
14:09:43,INDF,RG,6075,1,D,ZP,BB,D
14:09:43,INDF,RG,6075,1,D,ZP,BB,D
14:09:43,INDF,RG,6075,1,D,ZP,BB,D
14:09:30,INDF,RG,6075,1,D,ZP,BB,D
14:09:30,INDF,RG,6075,1,D,ZP,BB,D
14:09:30,INDF,RG,6100,1,D,KK,YP,D
14:09:21,INDF,RG,6075,1,D,ZP,BB,D
14:09:18,INDF,RG,6075,1,D,ZP,BB,D
14:09:16,INDF,RG,6075,2,D,ZP,BB,D
14:09:09,INDF,RG,6075,1,D,ZP,BB,D
14:09:05,INDF,RG,6075,1,D,ZP,BB,D
14:09:01,INDF,RG,6075,1,D,ZP,KZ,F
14:09:00,INDF,RG,6075,10,D,ZP,BB,D
14:09:00,INDF,RG,6075,2,D,ZP,BB,D
14:08:52,INDF,RG,6075,1,D,ZP,KZ,F
14:08:50,INDF,RG,6075,2,D,ZP,BB,D
14:08:49,INDF,RG,6075,41,D,ZP,AK,F
14:08:48,INDF,RG,6075,18,D,ZP,BB,D
14:08:46,INDF,RG,6075,2,D,ZP,KZ,F
14:08:46,INDF,RG,6075,41,D,ZP,KZ,F
14:08:45,INDF,RG,6075,33,D,ZP,KZ,F
14:08:45,INDF,RG,6075,1,D,ZP,KZ,F
14:08:45,INDF,RG,6075,1,D,ZP,KZ,F
14:08:45,INDF,RG,6075,6,D,ZP,KZ,F
14:08:45,INDF,RG,6075,21,D,ZP,KZ,F
14:08:45,INDF,RG,6075,2,D,ZP,BB,D
14:08:26,INDF,RG,6075,1,D,ZP,BB,D
14:08:13,INDF,RG,6075,1,D,ZP,AK,F
14:08:12,INDF,RG,6075,2,D,ZP,BB,D
14:08:12,INDF,RG,6100,2,D,BB,YP,D
14:08:00,INDF,RG,6075,3,D,ZP,BB,D
14:07:22,INDF,RG,6075,7,D,ZP,BB,D
14:07:17,INDF,RG,6075,213,D,ZP,CS,F
14:06:44,INDF,RG,6100,1,D,YP,YP,D
14:06:42,INDF,RG,6075,7,D,ZP,AK,F
14:06:42,INDF,RG,6075,10,D,ZP,AZ,D
14:06:24,INDF,RG,6075,50,D,ZP,AZ,D
14:05:17,INDF,RG,6075,41,D,ZP,PD,D
14:03:10,INDF,RG,6100,2,D,BB,YP,D
14:03:00,INDF,RG,6075,1,D,ZP,AK,F
14:02:58,INDF,RG,6100,175,D,SQ,YP,D
14:02:19,INDF,RG,6100,1,D,PD,YP,D
14:01:46,INDF,RG,6100,10,D,CC,YP,D
14:01:31,INDF,RG,6100,4,D,NI,YP,D
14:01:31,INDF,RG,6100,6,D,NI,KK,D
14:01:30,INDF,RG,6075,14,D,ZP,AK,F
14:01:15,INDF,RG,6075,1,D,ZP,AK,F
14:01:02,INDF,RG,6100,1,D,KK,KK,D
14:00:52,INDF,RG,6075,5,D,ZP,KZ,F
14:00:47,INDF,RG,6075,211,D,ZP,CS,F
14:00:47,INDF,RG,6075,35,D,ZP,CS,F
14:00:47,INDF,RG,6075,2,D,ZP,KZ,F
14:00:47,INDF,RG,6075,12,D,ZP,KZ,F
14:00:47,INDF,RG,6075,12,D,ZP,BB,D
14:00:47,INDF,RG,6075,9,D,ZP,BB,D
14:00:47,INDF,RG,6075,3,D,ZP,KZ,F
14:00:47,INDF,RG,6075,51,D,ZP,KZ,F
14:00:47,INDF,RG,6075,4,D,ZP,YJ,D
14:00:47,INDF,RG,6075,3,D,ZP,PD,D
14:00:47,INDF,RG,6075,64,D,ZP,BB,D
14:00:32,INDF,RG,6075,6,D,YP,BB,D
14:00:10,INDF,RG,6050,82,F,KZ,PD,D
13:59:54,INDF,RG,6075,1,D,XC,BB,D
13:59:49,INDF,RG,6075,32,F,KZ,BB,D
13:59:49,INDF,RG,6075,35,F,KZ,BB,D
13:59:49,INDF,RG,6075,47,F,KZ,BB,D
13:59:49,INDF,RG,6075,1,F,KZ,KZ,F
13:59:49,INDF,RG,6075,1,F,KZ,KZ,F
13:59:49,INDF,RG,6075,1,F,KZ,KZ,F
13:59:49,INDF,RG,6075,4,F,KZ,KZ,F
13:59:49,INDF,RG,6075,1,F,KZ,KZ,F
13:59:46,INDF,RG,6075,1,F,KZ,KZ,F
13:59:46,INDF,RG,6075,7,F,KZ,KZ,F
13:59:46,INDF,RG,6075,22,F,BK,KZ,F
13:59:46,INDF,RG,6075,10,F,BK,KZ,F
13:59:46,INDF,RG,6075,19,F,BK,CS,F
13:59:46,INDF,RG,6075,40,F,BK,CS,F
13:59:46,INDF,RG,6075,58,F,BK,CS,F
13:59:46,INDF,RG,6075,16,F,BK,CS,F
13:59:46,INDF,RG,6075,200,F,BK,YP,D
13:59:46,INDF,RG,6075,104,F,BK,CS,F
13:59:46,INDF,RG,6075,31,F,BK,KZ,F
13:59:46,INDF,RG,6075,1,D,CC,KZ,F
13:59:31,INDF,RG,6075,1,F,YU,KZ,F
13:59:31,INDF,RG,6075,8,F,YU,AK,F
13:59:24,INDF,RG,6075,4,D,NI,AK,F
13:59:14,INDF,RG,6075,1,D,MG,AK,F
13:59:00,INDF,RG,6075,6,F,YU,AK,F
13:58:51,INDF,RG,6050,3,F,KZ,YJ,D
13:58:15,INDF,RG,6075,1,D,BB,AK,F
13:57:38,INDF,RG,6050,1,F,KZ,BB,D
13:57:33,INDF,RG,6075,3,D,XC,AK,F
13:57:27,INDF,RG,6075,4,D,XC,AK,F
13:57:09,INDF,RG,6075,16,F,KZ,AK,F
13:57:09,INDF,RG,6075,6,F,KZ,BB,D
13:57:09,INDF,RG,6075,3,F,KZ,BB,D
13:57:09,INDF,RG,6075,3,F,KZ,BB,D
13:57:05,INDF,RG,6050,2,F,KZ,BB,D
13:57:04,INDF,RG,6050,1,F,KZ,BB,D
13:57:04,INDF,RG,6075,2,F,KZ,BB,D
13:56:59,INDF,RG,6075,1,D,CC,CS,F
13:56:56,INDF,RG,6075,2,F,YU,CS,F
13:56:56,INDF,RG,6075,2,F,YU,CS,F
13:56:56,INDF,RG,6075,2,F,YU,AK,F
13:56:54,INDF,RG,6050,5,F,KZ,BB,D
13:56:51,INDF,RG,6050,3,F,KZ,BB,D
13:56:45,INDF,RG,6050,1,F,KZ,BB,D
13:56:44,INDF,RG,6050,9,F,KZ,AK,F
13:56:43,INDF,RG,6075,1,D,CC,AK,F
13:56:40,INDF,RG,6050,1,F,KZ,BB,D
13:56:39,INDF,RG,6075,5,D,CC,AK,F
13:56:35,INDF,RG,6050,2,F,KZ,BB,D
13:56:18,INDF,RG,6050,1,F,KZ,BB,D
13:56:18,INDF,RG,6050,2,F,KZ,BB,D
13:56:18,INDF,RG,6050,1,F,KZ,BB,D
13:55:51,INDF,RG,6050,1,F,KZ,BB,D
13:55:42,INDF,RG,6050,1,F,KZ,BB,D
13:55:37,INDF,RG,6050,1,F,KZ,BB,D
13:55:37,INDF,RG,6050,1,F,KZ,BB,D
13:55:37,INDF,RG,6050,1,F,KZ,BB,D
13:55:30,INDF,RG,6050,1,F,KZ,AK,F
13:55:26,INDF,RG,6050,2,F,KZ,BB,D
13:55:26,INDF,RG,6050,1,F,KZ,BB,D
13:55:14,INDF,RG,6050,1,F,KZ,BB,D
13:55:14,INDF,RG,6050,1,F,KZ,BB,D
13:55:14,INDF,RG,6075,4,D,CC,AK,F
13:55:02,INDF,RG,6050,1,F,KZ,BB,D
13:55:02,INDF,RG,6050,1,F,KZ,BB,D
13:54:58,INDF,RG,6050,1,F,KZ,BB,D
13:54:48,INDF,RG,6050,1,F,KZ,BB,D
13:54:47,INDF,RG,6050,2,F,KZ,BB,D
13:54:47,INDF,RG,6050,1,F,KZ,BB,D
13:54:47,INDF,RG,6050,1,F,KZ,BB,D
13:54:47,INDF,RG,6050,1,D,IF,BB,D
13:54:47,INDF,RG,6075,6,F,YU,AK,F
13:54:20,INDF,RG,6050,2,D,IF,BB,D
13:54:20,INDF,RG,6050,1,D,IF,BB,D
13:54:07,INDF,RG,6050,6,D,IF,AK,F
13:54:06,INDF,RG,6050,1,D,NI,BB,D
13:54:06,INDF,RG,6050,1,F,KZ,BB,D
13:54:04,INDF,RG,6075,1,D,YP,AK,F
13:54:02,INDF,RG,6050,1,F,KZ,BB,D
13:53:52,INDF,RG,6050,1,D,PD,BB,D
13:53:52,INDF,RG,6050,1,D,CC,BB,D
13:53:41,INDF,RG,6050,1,D,CC,NI,D
13:53:39,INDF,RG,6075,1,D,YU,AK,F
13:53:38,INDF,RG,6050,1,D,CC,BB,D
13:53:24,INDF,RG,6050,1,D,CC,BB,D
13:53:18,INDF,RG,6050,1,D,CC,BB,D
13:53:18,INDF,RG,6075,1,D,PD,AK,F
13:53:15,INDF,RG,6050,1,F,KZ,BB,D
13:53:15,INDF,RG,6050,1,F,KZ,BB,D
13:53:10,INDF,RG,6075,4,D,NI,AK,F
13:53:09,INDF,RG,6050,1,F,KZ,BB,D
13:53:07,INDF,RG,6050,1,F,KZ,BB,D
13:52:59,INDF,RG,6050,1,F,KZ,BB,D
13:52:56,INDF,RG,6050,1,F,KZ,BB,D
13:52:56,INDF,RG,6050,3,F,KZ,BB,D
13:52:47,INDF,RG,6075,1,F,YU,AK,F
13:52:47,INDF,RG,6075,5,F,YU,AK,F
13:52:42,INDF,RG,6050,2,F,KZ,BB,D
13:52:42,INDF,RG,6050,1,F,KZ,BB,D
13:52:42,INDF,RG,6075,3,D,XC,AK,F
13:52:31,INDF,RG,6075,4,D,PD,AK,F
13:52:31,INDF,RG,6075,6,D,PD,AK,F
13:52:29,INDF,RG,6050,2,F,KZ,BB,D
13:52:29,INDF,RG,6050,1,F,KZ,BB,D
13:52:15,INDF,RG,6050,1,F,KZ,BB,D
13:52:07,INDF,RG,6050,3,F,KZ,BB,D
13:52:03,INDF,RG,6075,6,D,PD,AK,F
13:52:03,INDF,RG,6075,4,D,PD,AK,F
13:52:00,INDF,RG,6050,3,F,KZ,BB,D
13:52:00,INDF,RG,6050,4,F,KZ,AK,F
13:51:23,INDF,RG,6050,6,F,KZ,BB,D
13:51:15,INDF,RG,6050,2,F,KZ,BB,D
13:51:15,INDF,RG,6050,2,F,KZ,AK,F
13:51:15,INDF,RG,6050,2,D,PD,AK,F
13:51:15,INDF,RG,6050,21,D,PD,AK,F
13:50:38,INDF,RG,6050,1,D,PD,BB,D
13:50:21,INDF,RG,6050,55,D,PD,BB,D
13:50:05,INDF,RG,6050,23,D,PD,PD,D
13:50:05,INDF,RG,6050,1,F,KZ,PD,D
13:50:05,INDF,RG,6050,3,D,CC,PD,D
13:50:05,INDF,RG,6050,14,D,PD,PD,D
13:49:47,INDF,RG,6075,1,D,LS,AK,F
13:49:34,INDF,RG,6075,42,F,KZ,CS,F
13:49:29,INDF,RG,6100,1,F,BK,KK,D
13:49:26,INDF,RG,6050,2,D,PD,CS,F
13:49:26,INDF,RG,6050,2,F,KZ,CS,F
13:49:26,INDF,RG,6075,1,F,CS,CS,F
13:49:26,INDF,RG,6075,6,F,YU,CS,F
13:49:26,INDF,RG,6075,2,F,BK,CS,F
13:49:26,INDF,RG,6075,1,F,BK,KZ,F
13:49:26,INDF,RG,6075,29,F,BK,KZ,F
13:49:26,INDF,RG,6075,7,F,BK,BB,D
13:49:26,INDF,RG,6075,7,F,BK,BB,D
13:49:26,INDF,RG,6075,12,F,BK,BB,D
13:49:26,INDF,RG,6075,6,F,BK,KZ,F
13:49:26,INDF,RG,6075,1,F,BK,KZ,F
13:49:26,INDF,RG,6075,25,F,BK,KZ,F
13:49:26,INDF,RG,6075,1,F,BK,KZ,F
13:49:26,INDF,RG,6075,1,F,BK,CS,F
13:49:26,INDF,RG,6075,29,F,BK,CS,F
13:49:26,INDF,RG,6075,2,F,KZ,CS,F
13:49:24,INDF,RG,6075,3,F,KZ,CS,F
13:49:23,INDF,RG,6075,7,D,PD,CS,F
13:49:23,INDF,RG,6075,8,D,PD,BB,D
13:49:03,INDF,RG,6075,3,F,KZ,BB,D
13:49:02,INDF,RG,6075,4,F,BK,BB,D
13:49:02,INDF,RG,6075,7,F,BK,CS,F
13:49:01,INDF,RG,6075,1,F,KZ,CS,F
13:49:01,INDF,RG,6075,1,D,PD,CS,F
13:48:54,INDF,RG,6075,1,D,PD,CS,F
13:48:52,INDF,RG,6075,4,F,KZ,CS,F
13:48:50,INDF,RG,6075,3,F,KZ,CS,F
13:48:50,INDF,RG,6075,9,D,CC,CS,F
13:48:50,INDF,RG,6075,3,D,CC,CS,F
13:48:50,INDF,RG,6075,18,D,CC,KZ,F
13:48:39,INDF,RG,6075,6,F,YU,KZ,F
13:48:37,INDF,RG,6075,1,D,PD,KZ,F
13:48:32,INDF,RG,6075,1,D,PD,KZ,F
13:48:31,INDF,RG,6075,1,D,PD,KZ,F
13:48:30,INDF,RG,6075,8,F,BK,KZ,F
13:48:30,INDF,RG,6075,2,F,BK,KZ,F
13:48:24,INDF,RG,6075,2,D,CC,BB,D
13:48:24,INDF,RG,6075,3,D,CC,CC,D
13:48:14,INDF,RG,6075,1,D,LS,CC,D
13:47:54,INDF,RG,6050,8,F,KZ,KK,D
13:47:54,INDF,RG,6050,2,D,XC,KK,D
13:47:45,INDF,RG,6050,1,D,XC,AK,F
13:47:40,INDF,RG,6075,2,D,NI,CC,D
13:47:33,INDF,RG,6075,12,F,BK,CC,D
13:47:00,INDF,RG,6050,4,D,XC,AK,F
13:47:00,INDF,RG,6050,13,D,XC,AK,F
13:47:00,INDF,RG,6050,1,D,PD,AK,F
13:46:49,INDF,RG,6075,1,D,NI,CC,D
13:46:45,INDF,RG,6050,7,D,PD,AK,F
13:46:44,INDF,RG,6075,5,D,PD,CC,D
13:46:40,INDF,RG,6075,6,F,BK,CC,D
13:46:40,INDF,RG,6075,1,F,BK,KZ,F
13:46:40,INDF,RG,6075,1,F,BK,KZ,F
13:46:40,INDF,RG,6075,3,F,BK,BB,D
13:46:33,INDF,RG,6075,1,D,NI,BB,D
13:45:39,INDF,RG,6075,1,D,NI,BB,D
13:45:28,INDF,RG,6075,5,D,CD,BB,D
13:45:26,INDF,RG,6075,2,F,AK,BB,D
13:45:26,INDF,RG,6050,2,D,PD,PD,D
13:45:26,INDF,RG,6050,20,D,XL,PD,D
13:45:26,INDF,RG,6050,18,F,KZ,PD,D
13:45:25,INDF,RG,6075,1,F,YU,PD,D
13:45:25,INDF,RG,6075,1,F,YU,CS,F
13:45:24,INDF,RG,6075,4,F,YU,CS,F
13:45:24,INDF,RG,6075,2,D,PD,CS,F
13:45:14,INDF,RG,6075,2,D,XL,CS,F
13:45:14,INDF,RG,6075,4,F,BK,CS,F
13:45:04,INDF,RG,6075,6,F,BK,CS,F
13:45:00,INDF,RG,6075,1,F,BK,AK,F
13:44:53,INDF,RG,6075,13,F,RX,CS,F
13:44:43,INDF,RG,6075,1,F,RX,YP,D
13:44:39,INDF,RG,6100,11,F,BK,KK,D
13:44:33,INDF,RG,6075,12,F,RX,CS,F
13:44:32,INDF,RG,6075,2,F,RX,SQ,D
13:44:12,INDF,RG,6075,7,F,RX,CS,F
13:44:12,INDF,RG,6075,5,D,XL,CS,F
13:43:52,INDF,RG,6075,2,D,XL,CS,F
13:43:52,INDF,RG,6075,15,D,CD,CS,F
13:43:44,INDF,RG,6100,6,F,BK,KK,D
13:43:44,INDF,RG,6100,5,F,BK,YP,D
13:43:24,INDF,RG,6075,10,D,CD,CS,F
13:43:12,INDF,RG,6075,1,F,CS,CS,F
13:43:12,INDF,RG,6075,2,D,BB,CS,F
13:43:10,INDF,RG,6075,1,F,CS,CS,F
13:43:10,INDF,RG,6075,6,F,YU,CS,F
13:43:10,INDF,RG,6075,60,D,XC,CS,F
13:43:10,INDF,RG,6075,5,D,XC,BB,D
13:43:10,INDF,RG,6075,2,D,XC,BB,D
13:43:10,INDF,RG,6075,2,D,XC,BB,D
13:43:10,INDF,RG,6075,31,D,XC,KZ,F
13:42:42,INDF,RG,6075,5,D,YP,KZ,F
13:42:42,INDF,RG,6075,2,D,YP,BB,D
13:42:42,INDF,RG,6075,6,D,YP,BB,D
13:42:42,INDF,RG,6075,2,D,YP,BB,D
13:42:42,INDF,RG,6075,5,D,YP,KZ,F
13:42:42,INDF,RG,6075,8,D,YP,KZ,F
13:42:37,INDF,RG,6075,5,D,CC,KZ,F
13:42:23,INDF,RG,6075,6,F,YU,KZ,F
13:42:23,INDF,RG,6075,8,D,CC,KZ,F
13:42:23,INDF,RG,6075,2,D,CC,KZ,F
13:42:17,INDF,RG,6075,21,D,NI,KZ,F
13:42:17,INDF,RG,6075,1,D,NI,KZ,F
13:42:17,INDF,RG,6075,2,D,NI,KZ,F
13:42:17,INDF,RG,6075,1,D,NI,KZ,F
13:42:17,INDF,RG,6075,1,D,NI,KZ,F
13:42:17,INDF,RG,6075,4,D,NI,KZ,F
13:42:17,INDF,RG,6075,11,D,NI,CS,F
13:42:17,INDF,RG,6075,8,D,NI,BB,D
13:42:17,INDF,RG,6075,18,D,NI,BB,D
13:42:17,INDF,RG,6075,41,D,NI,AK,F
13:42:17,INDF,RG,6075,63,D,NI,CS,F
13:42:17,INDF,RG,6075,6,D,NI,BB,D
13:42:17,INDF,RG,6075,23,D,NI,KZ,F
13:41:53,INDF,RG,6075,1,D,CC,KZ,F
13:41:08,INDF,RG,6050,10,F,KZ,PD,D
13:41:05,INDF,RG,6075,1,F,AK,KZ,F
13:41:05,INDF,RG,6075,9,F,AK,KZ,F
13:41:05,INDF,RG,6075,10,D,KK,KZ,F
13:40:54,INDF,RG,6075,19,D,DX,KZ,F
13:40:53,INDF,RG,6075,1,D,YP,KZ,F
13:40:38,INDF,RG,6075,10,D,KK,KZ,F
13:40:26,INDF,RG,6050,41,F,KZ,PD,D
13:40:17,INDF,RG,6075,20,D,KK,KZ,F
13:40:11,INDF,RG,6050,20,F,KZ,YP,D
13:39:56,INDF,RG,6050,1,F,KZ,XL,D
13:39:25,INDF,RG,6075,2,D,NI,KZ,F
13:39:22,INDF,RG,6075,1,D,XC,KZ,F
13:39:04,INDF,RG,6075,1,F,CS,KZ,F
13:39:04,INDF,RG,6075,1,D,CC,KZ,F
13:39:04,INDF,RG,6075,5,D,SQ,KZ,F
13:39:04,INDF,RG,6075,1,D,NI,KZ,F
13:39:04,INDF,RG,6075,26,F,BK,KZ,F
13:39:04,INDF,RG,6075,31,D,OD,KZ,F
13:39:04,INDF,RG,6075,7,D,OD,KZ,F
13:39:04,INDF,RG,6075,12,D,OD,CS,F
13:39:04,INDF,RG,6075,6,F,YU,CS,F
13:39:04,INDF,RG,6075,1,D,BB,CS,F
13:39:04,INDF,RG,6075,1,D,PD,CS,F
13:39:04,INDF,RG,6075,3,D,NI,CS,F
13:39:04,INDF,RG,6075,1,F,CS,CS,F
13:39:04,INDF,RG,6075,1,D,PD,CS,F
13:38:52,INDF,RG,6100,11,F,BK,YP,D
13:38:23,INDF,RG,6075,2,D,NI,CS,F
13:38:23,INDF,RG,6075,1,D,PD,CS,F
13:38:23,INDF,RG,6075,3,D,XC,CS,F
13:38:13,INDF,RG,6075,6,D,XC,CS,F
13:38:03,INDF,RG,6075,40,D,XC,CS,F
13:38:03,INDF,RG,6075,18,D,XC,AK,F
13:38:03,INDF,RG,6075,2,D,BB,AK,F
13:38:03,INDF,RG,6075,6,F,YU,AK,F
13:38:03,INDF,RG,6075,10,F,CC,AK,F
13:38:03,INDF,RG,6075,1,D,PD,AK,F
13:38:03,INDF,RG,6075,1,D,XL,AK,F
13:38:03,INDF,RG,6075,56,F,RX,AK,F
13:38:03,INDF,RG,6075,4,F,BK,AK,F
13:37:38,INDF,RG,6100,1,D,CC,YP,D
13:37:29,INDF,RG,6100,20,D,YP,YP,D
13:37:26,INDF,RG,6100,11,F,BK,YP,D
13:36:42,INDF,RG,6100,1,D,YP,YP,D
13:36:18,INDF,RG,6100,1,F,YU,YP,D
13:36:18,INDF,RG,6100,4,F,YU,BB,D
13:36:18,INDF,RG,6100,1,F,YU,CS,F
13:36:09,INDF,RG,6100,12,F,BK,CS,F
13:35:54,INDF,RG,6100,32,D,CC,CS,F
13:35:36,INDF,RG,6100,9,F,RX,CS,F
13:35:33,INDF,RG,6100,1,D,PD,CS,F
13:35:21,INDF,RG,6100,17,D,CC,CS,F
13:35:21,INDF,RG,6100,16,D,CC,CP,D
13:35:09,INDF,RG,6075,7,F,BK,PD,D
13:35:09,INDF,RG,6075,1,F,CS,PD,D
13:35:09,INDF,RG,6075,33,D,PD,PD,D
13:34:54,INDF,RG,6075,13,D,PD,CS,F
13:34:54,INDF,RG,6075,66,F,KZ,CS,F
13:34:37,INDF,RG,6100,10,D,ES,CP,D
13:34:30,INDF,RG,6100,10,F,BK,CP,D
13:34:09,INDF,RG,6100,6,F,YU,CP,D
13:33:30,INDF,RG,6100,1,D,NI,CP,D
13:32:40,INDF,RG,6075,39,F,KZ,CS,F
13:32:40,INDF,RG,6075,51,F,KZ,CS,F
13:30:20,INDF,RG,6075,20,F,KZ,PD,D
13:30:20,INDF,RG,6075,21,F,KZ,PD,D
13:30:15,INDF,RG,6075,1,F,KZ,SQ,D
13:30:12,INDF,RG,6075,1,F,KZ,CS,F
13:30:12,INDF,RG,6075,2,F,KZ,CS,F
13:30:08,INDF,RG,6075,1,F,AK,KZ,F
13:30:08,INDF,RG,6075,1,F,AK,KZ,F
13:30:07,INDF,RG,6075,3,F,YU,AK,F
13:30:07,INDF,RG,6050,37,F,KZ,AK,F
13:30:06,INDF,RG,6075,1,D,XL,AK,F
13:30:06,INDF,RG,6075,1,F,BK,AK,F
13:30:06,INDF,RG,6075,9,F,BK,AK,F
13:30:06,INDF,RG,6075,2,D,XL,AK,F
13:30:06,INDF,RG,6075,1,D,XL,AK,F
13:30:06,INDF,RG,6075,1,D,YP,AK,F
13:30:06,INDF,RG,6075,1,D,XL,AK,F
13:30:05,INDF,RG,6075,1,F,CS,CS,F
13:30:05,INDF,RG,6075,9,D,YP,CS,F
13:30:05,INDF,RG,6075,5,D,LS,CS,F
13:30:05,INDF,RG,6075,1,D,XL,CS,F
13:30:05,INDF,RG,6075,2,D,YP,CS,F
13:30:05,INDF,RG,6075,12,D,YP,CS,F
13:30:05,INDF,RG,6075,1,D,XL,CS,F
13:30:05,INDF,RG,6075,35,D,PD,CS,F
13:30:04,INDF,RG,6100,2,D,XL,CP,D
13:30:04,INDF,RG,6075,1,D,PD,XC,D
13:30:03,INDF,RG,6075,48,D,PD,YP,D
13:30:03,INDF,RG,6075,11,D,PD,YP,D
13:30:03,INDF,RG,6075,1,D,PD,YP,D
13:30:03,INDF,RG,6075,1,D,PD,YP,D
13:30:03,INDF,RG,6075,6,D,PD,YP,D
13:30:03,INDF,RG,6075,1,D,PD,YP,D
13:30:03,INDF,RG,6075,1,D,PD,YP,D
13:30:03,INDF,RG,6075,5,D,PD,YP,D
13:30:03,INDF,RG,6075,25,D,PD,YP,D
13:30:03,INDF,RG,6075,1,D,PD,AK,F
13:30:03,INDF,RG,6100,10,D,XL,CP,D
13:30:03,INDF,RG,6100,1,D,XL,CP,D
13:30:02,INDF,RG,6075,2,D,PD,XL,D
13:30:01,INDF,RG,6075,5,D,PD,PD,D
13:30:01,INDF,RG,6075,1,D,PD,PD,D
13:30:01,INDF,RG,6075,3,D,PD,PD,D
13:30:01,INDF,RG,6075,4,D,PD,CS,F
13:30:01,INDF,RG,6075,3,D,PD,CS,F
13:30:01,INDF,RG,6075,1,D,PD,CS,F
13:30:01,INDF,RG,6075,1,D,KK,CS,F
13:30:01,INDF,RG,6075,1,D,KK,KZ,F
13:30:01,INDF,RG,6075,20,D,KK,KZ,F
13:30:01,INDF,RG,6075,2,D,KK,KZ,F
13:30:01,INDF,RG,6075,1,D,KK,KZ,F
13:30:01,INDF,RG,6075,1,D,KK,KZ,F
13:30:01,INDF,RG,6075,1,D,KK,KZ,F
13:30:01,INDF,RG,6075,5,D,KK,KZ,F
13:30:01,INDF,RG,6075,1,D,PD,KZ,F
13:30:01,INDF,RG,6075,1,D,PD,KZ,F
13:30:01,INDF,RG,6075,1,D,GR,KZ,F
13:30:01,INDF,RG,6075,36,D,FS,KZ,F
13:30:01,INDF,RG,6075,5,D,FS,BB,D
13:30:01,INDF,RG,6075,4,D,FS,BB,D
13:30:01,INDF,RG,6075,5,D,FS,BB,D
11:29:51,INDF,RG,6050,6,F,KZ,BB,D
11:29:48,INDF,RG,6050,14,F,KZ,BB,D
11:29:46,INDF,RG,6050,1,F,KZ,BB,D
11:29:45,INDF,RG,6075,5,D,YP,BB,D
11:29:45,INDF,RG,6075,60,D,YP,CS,F
11:29:45,INDF,RG,6050,1,F,KZ,AK,F
11:29:35,INDF,RG,6050,2,F,KZ,BB,D
11:29:33,INDF,RG,6050,4,F,KZ,BB,D
11:29:31,INDF,RG,6050,1,F,KZ,AK,F
11:29:30,INDF,RG,6050,3,F,KZ,BB,D
11:29:30,INDF,RG,6050,5,F,KZ,BB,D
11:29:30,INDF,RG,6050,3,F,KZ,AK,F
11:29:25,INDF,RG,6075,8,D,SQ,CS,F
11:29:25,INDF,RG,6075,8,D,SQ,KZ,F
11:29:25,INDF,RG,6075,4,D,SQ,KZ,F
11:29:23,INDF,RG,6050,2,F,KZ,BB,D
11:29:20,INDF,RG,6050,5,F,KZ,BB,D
11:29:20,INDF,RG,6050,3,F,KZ,BB,D
11:29:14,INDF,RG,6075,11,F,BK,KZ,F
11:29:12,INDF,RG,6050,3,F,KZ,BB,D
11:29:10,INDF,RG,6050,2,F,KZ,AK,F
11:29:10,INDF,RG,6050,1,F,KZ,AK,F
11:29:09,INDF,RG,6050,3,F,KZ,BB,D
11:29:09,INDF,RG,6050,10,F,KZ,BB,D
11:29:09,INDF,RG,6075,2,D,CC,KZ,F
11:29:03,INDF,RG,6050,1,F,KZ,BB,D
11:29:02,INDF,RG,6050,40,F,KZ,PD,D
11:29:02,INDF,RG,6050,1,F,KZ,BB,D
11:29:00,INDF,RG,6050,1,F,KZ,AK,F
11:28:57,INDF,RG,6050,1,F,KZ,BB,D
11:28:57,INDF,RG,6050,1,F,KZ,BB,D
11:28:47,INDF,RG,6050,1,F,KZ,BB,D
11:28:45,INDF,RG,6050,2,F,KZ,BB,D
11:28:45,INDF,RG,6050,3,F,KZ,AK,F
11:28:35,INDF,RG,6050,1,F,KZ,BB,D
11:28:34,INDF,RG,6050,9,F,KZ,BB,D
11:28:34,INDF,RG,6050,2,F,KZ,BB,D
11:28:28,INDF,RG,6050,7,F,KZ,BB,D
11:28:24,INDF,RG,6050,9,F,KZ,BB,D
11:28:24,INDF,RG,6050,8,F,KZ,BB,D
11:28:17,INDF,RG,6050,7,F,KZ,BB,D
11:28:15,INDF,RG,6050,1,F,KZ,AK,F
11:28:14,INDF,RG,6050,3,F,KZ,BB,D
11:28:14,INDF,RG,6050,19,F,KZ,BB,D
11:28:14,INDF,RG,6050,7,F,KZ,BB,D
11:28:00,INDF,RG,6050,12,F,KZ,BB,D
11:28:00,INDF,RG,6050,1,F,KZ,AK,F
11:27:58,INDF,RG,6050,19,F,KZ,BB,D
11:27:58,INDF,RG,6050,4,F,KZ,BB,D
11:27:54,INDF,RG,6075,3,D,NI,KZ,F
11:27:54,INDF,RG,6075,9,D,DH,KZ,F
11:27:52,INDF,RG,6050,6,F,KZ,BB,D
11:27:50,INDF,RG,6050,8,F,KZ,BB,D
11:27:50,INDF,RG,6050,7,F,KZ,BB,D
11:27:50,INDF,RG,6050,18,F,KZ,BB,D
11:27:49,INDF,RG,6075,12,F,BK,KZ,F
11:27:39,INDF,RG,6050,40,F,KZ,BB,D
11:27:39,INDF,RG,6050,16,F,KZ,BB,D
11:27:38,INDF,RG,6075,1,D,CC,KZ,F
11:27:23,INDF,RG,6050,7,F,KZ,BB,D
11:27:23,INDF,RG,6050,1,D,XC,BB,D
11:27:23,INDF,RG,6050,5,D,GR,BB,D
11:27:23,INDF,RG,6050,8,D,GR,BB,D
11:27:23,INDF,RG,6050,2,D,YP,BB,D
11:27:23,INDF,RG,6075,8,F,KZ,KZ,F
11:27:23,INDF,RG,6075,46,F,KZ,KZ,F
11:27:23,INDF,RG,6075,23,F,KZ,KZ,F
11:27:23,INDF,RG,6075,10,F,KZ,KZ,F
11:27:21,INDF,RG,6075,1,F,KZ,KZ,F
11:27:21,INDF,RG,6075,1,F,KZ,KZ,F
11:27:21,INDF,RG,6075,13,F,KZ,KZ,F
11:27:21,INDF,RG,6075,19,F,KZ,KZ,F
11:27:21,INDF,RG,6075,3,F,KZ,CS,F
11:27:20,INDF,RG,6050,8,D,YP,BB,D
11:27:20,INDF,RG,6050,10,D,PD,BB,D
11:27:20,INDF,RG,6050,1,D,PD,BB,D
11:27:20,INDF,RG,6050,2,D,DR,BB,D
11:27:20,INDF,RG,6050,2,D,DR,BB,D
11:27:20,INDF,RG,6050,6,D,YP,BB,D
11:27:20,INDF,RG,6050,2,D,CC,BB,D
11:27:20,INDF,RG,6050,8,D,XC,BB,D
11:27:19,INDF,RG,6050,1,D,XC,BB,D
11:27:19,INDF,RG,6050,1,D,XL,BB,D
11:27:19,INDF,RG,6050,3,D,CC,BB,D
11:27:19,INDF,RG,6050,1,D,CC,BB,D
11:27:19,INDF,RG,6050,3,D,XL,BB,D
11:27:19,INDF,RG,6075,70,D,SQ,CS,F
11:27:19,INDF,RG,6075,18,D,SQ,CS,F
11:27:19,INDF,RG,6075,30,D,SQ,BB,D
11:27:19,INDF,RG,6075,4,D,SQ,BB,D
11:27:19,INDF,RG,6075,1,D,SQ,BB,D
11:27:19,INDF,RG,6075,50,D,SQ,KZ,F
11:27:19,INDF,RG,6075,2,D,SQ,KZ,F
11:27:14,INDF,RG,6050,2,D,XL,BB,D
11:27:14,INDF,RG,6050,2,D,XL,BB,D
11:27:12,INDF,RG,6050,5,D,XL,BB,D
11:27:12,INDF,RG,6075,2,D,IF,KZ,F
11:27:12,INDF,RG,6075,1,D,IF,KZ,F
11:27:12,INDF,RG,6075,1,D,IF,KZ,F
11:27:12,INDF,RG,6075,1,D,IF,KZ,F
11:27:08,INDF,RG,6050,2,D,XL,BB,D
11:27:03,INDF,RG,6050,1,D,XL,BB,D
11:27:03,INDF,RG,6050,2,D,XL,BB,D
11:27:03,INDF,RG,6050,1,D,YP,BB,D
11:27:03,INDF,RG,6050,1,D,YP,BB,D
11:27:03,INDF,RG,6050,1,D,YP,BB,D
11:27:03,INDF,RG,6050,3,D,OD,BB,D
11:27:01,INDF,RG,6050,2,D,YP,BB,D
11:27:00,INDF,RG,6050,1,D,YP,AK,F
11:26:55,INDF,RG,6050,2,D,YP,BB,D
11:26:49,INDF,RG,6050,2,D,YP,BB,D
11:26:48,INDF,RG,6075,1,D,PD,KZ,F
11:26:47,INDF,RG,6050,4,D,YP,BB,D
11:26:47,INDF,RG,6050,2,D,YP,BB,D
11:26:45,INDF,RG,6050,1,D,YP,BB,D
11:26:45,INDF,RG,6050,5,D,YP,AK,F
11:26:30,INDF,RG,6050,1,D,YP,AK,F
11:26:24,INDF,RG,6050,1,D,YP,BB,D
11:26:19,INDF,RG,6050,1,D,YP,BB,D
11:26:15,INDF,RG,6050,1,D,YP,BB,D
11:26:15,INDF,RG,6050,2,D,YP,BB,D
11:26:15,INDF,RG,6050,1,D,YP,AK,F
11:26:04,INDF,RG,6050,1,D,YP,PD,D
11:25:59,INDF,RG,6050,2,D,YP,BB,D
11:25:59,INDF,RG,6050,6,D,YP,BB,D
11:25:59,INDF,RG,6050,3,D,YP,BB,D
11:25:45,INDF,RG,6050,1,D,YP,BB,D
11:25:45,INDF,RG,6050,26,D,YP,AK,F
11:25:41,INDF,RG,6050,1,D,YP,BB,D
11:25:41,INDF,RG,6075,1,D,YP,KZ,F
11:25:33,INDF,RG,6050,1,D,YP,BB,D
11:25:30,INDF,RG,6050,1,D,YP,AK,F
11:25:30,INDF,RG,6050,1,D,YP,AK,F
11:25:27,INDF,RG,6050,1,D,YP,BB,D
11:25:24,INDF,RG,6050,1,D,YP,BB,D
11:25:20,INDF,RG,6050,4,D,YP,BB,D
11:25:20,INDF,RG,6050,2,D,YP,BB,D
11:25:15,INDF,RG,6050,4,D,YP,AK,F
11:25:15,INDF,RG,6050,4,D,YP,AK,F
11:25:13,INDF,RG,6050,15,D,YP,PD,D
11:25:11,INDF,RG,6075,1,D,XC,KZ,F
11:25:04,INDF,RG,6050,1,D,YP,BB,D
11:25:04,INDF,RG,6050,1,D,YP,BB,D
11:25:04,INDF,RG,6075,1,D,CC,KZ,F
11:24:52,INDF,RG,6050,1,D,YP,BB,D
11:24:49,INDF,RG,6050,1,D,YP,BB,D
11:24:49,INDF,RG,6075,1,D,XC,KZ,F
11:24:43,INDF,RG,6050,1,D,YP,BB,D
11:24:41,INDF,RG,6050,1,D,YP,BB,D
11:24:41,INDF,RG,6050,1,D,YP,BB,D
11:24:41,INDF,RG,6075,2,D,CC,KZ,F
11:24:32,INDF,RG,6050,5,D,YP,BB,D
11:24:32,INDF,RG,6050,3,D,YP,BB,D
11:24:32,INDF,RG,6050,2,D,YP,BB,D
11:24:23,INDF,RG,6050,2,D,YP,AK,F
11:24:22,INDF,RG,6050,27,D,YP,BB,D
11:24:22,INDF,RG,6050,13,D,YP,BB,D
11:24:22,INDF,RG,6050,10,D,YP,BB,D
11:24:16,INDF,RG,6075,46,F,KZ,KZ,F
11:24:16,INDF,RG,6075,1,F,KZ,KZ,F
11:24:16,INDF,RG,6075,1,F,KZ,KZ,F
11:24:16,INDF,RG,6075,8,F,KZ,KZ,F
11:24:16,INDF,RG,6075,42,F,KZ,KZ,F
11:24:16,INDF,RG,6075,8,F,KZ,CC,D
11:24:14,INDF,RG,6050,1,D,YP,AK,F
11:24:14,INDF,RG,6050,2,D,YP,BB,D
11:24:13,INDF,RG,6050,1,D,YP,BB,D
11:24:13,INDF,RG,6050,42,D,YP,PD,D
11:24:06,INDF,RG,6050,1,D,YP,BB,D
11:24:02,INDF,RG,6050,11,D,YP,BB,D
11:24:02,INDF,RG,6050,1,D,YP,BB,D
11:24:02,INDF,RG,6050,5,D,YP,BB,D
11:23:49,INDF,RG,6050,46,D,YP,BB,D
11:23:49,INDF,RG,6050,9,D,YP,BB,D
11:23:49,INDF,RG,6050,10,D,YP,BB,D
11:23:35,INDF,RG,6050,2,D,YP,BB,D
11:23:35,INDF,RG,6050,10,D,YP,BB,D
11:23:35,INDF,RG,6050,35,D,CC,BB,D
11:23:35,INDF,RG,6050,21,D,CC,BB,D
11:23:31,INDF,RG,6075,14,F,AK,CC,D
11:23:31,INDF,RG,6075,1,F,AK,BB,D
11:23:31,INDF,RG,6075,34,F,AK,AK,F
11:23:31,INDF,RG,6075,1,F,AK,BB,D
11:23:31,INDF,RG,6075,1,F,AK,BB,D
11:23:30,INDF,RG,6050,11,D,CC,AK,F
11:23:29,INDF,RG,6050,33,D,CC,BB,D
11:23:29,INDF,RG,6050,46,D,YP,BB,D
11:23:28,INDF,RG,6075,3,D,PD,BB,D
11:23:27,INDF,RG,6050,143,D,YP,BB,D
11:23:27,INDF,RG,6050,5,D,CC,BB,D
11:23:22,INDF,RG,6075,31,F,KZ,AK,F
11:23:22,INDF,RG,6075,1,D,XC,AK,F
11:23:22,INDF,RG,6075,22,D,YP,AK,F
11:23:22,INDF,RG,6075,23,D,YP,CS,F
11:23:22,INDF,RG,6075,22,D,YP,BB,D
11:23:22,INDF,RG,6075,134,D,YP,CC,F
11:23:22,INDF,RG,6075,1,D,PD,CC,F
11:23:22,INDF,RG,6075,15,D,ZP,CC,F
11:23:22,INDF,RG,6075,3,D,PD,CC,F
11:23:22,INDF,RG,6075,35,F,RX,CC,F
11:23:22,INDF,RG,6075,1,F,CS,CC,F
11:23:22,INDF,RG,6075,10,D,NI,CC,F
11:23:22,INDF,RG,6075,5,D,YP,CC,F
11:23:22,INDF,RG,6075,2,F,CC,CC,F
11:23:22,INDF,RG,6075,18,D,YP,CC,F
11:23:22,INDF,RG,6075,1,D,YP,CC,F
11:23:22,INDF,RG,6075,5,D,YP,CC,F
11:23:22,INDF,RG,6075,2,D,NI,CC,F
11:23:22,INDF,RG,6075,17,F,BK,CC,F
11:23:22,INDF,RG,6075,128,F,KZ,CC,F
11:23:19,INDF,RG,6075,89,F,KZ,AG,F
11:23:19,INDF,RG,6075,33,D,YP,AG,F
11:23:19,INDF,RG,6075,2,D,PD,AG,F
11:23:19,INDF,RG,6075,27,F,KZ,AG,F
11:23:19,INDF,RG,6075,1,F,CS,AG,F
11:23:19,INDF,RG,6075,88,D,YP,AG,F
11:23:19,INDF,RG,6075,1,D,PD,AG,F
11:23:19,INDF,RG,6075,16,D,YP,AG,F
11:23:19,INDF,RG,6075,30,D,RO,AG,F
11:23:19,INDF,RG,6075,13,F,KZ,AG,F
11:23:17,INDF,RG,6075,1,F,KZ,BB,D
11:23:15,INDF,RG,6075,9,F,KZ,BB,D
11:23:15,INDF,RG,6075,7,F,KZ,BB,D
11:23:15,INDF,RG,6075,7,F,KZ,BB,D
11:23:15,INDF,RG,6075,1,F,KZ,AK,F
11:23:00,INDF,RG,6075,4,F,KZ,AK,F
11:22:59,INDF,RG,6075,12,F,KZ,BB,D
11:22:59,INDF,RG,6075,10,F,KZ,BB,D
11:22:59,INDF,RG,6075,18,F,KZ,BB,D
11:22:59,INDF,RG,6075,6,F,KZ,BB,D
11:22:59,INDF,RG,6075,20,F,KZ,BB,D
11:22:59,INDF,RG,6075,34,F,BK,BB,D
11:22:44,INDF,RG,6075,1,F,KZ,PD,D
11:22:41,INDF,RG,6075,1,F,KZ,BB,D
11:22:41,INDF,RG,6075,1,F,KZ,BB,D
11:22:41,INDF,RG,6075,1,F,KZ,BB,D
11:22:41,INDF,RG,6075,2,D,YP,BB,D
11:22:41,INDF,RG,6075,286,D,YP,CS,F
11:22:30,INDF,RG,6075,1,D,YP,BB,D
11:22:30,INDF,RG,6075,4,D,YP,BB,D
11:22:30,INDF,RG,6075,5,D,YP,BB,D
11:22:03,INDF,RG,6075,3,D,YP,BB,D
11:22:03,INDF,RG,6075,1,D,YP,BB,D
11:22:03,INDF,RG,6075,1,D,YP,PD,D
11:22:00,INDF,RG,6075,1,D,YP,BB,D
11:22:00,INDF,RG,6075,2,D,YP,BB,D
11:22:00,INDF,RG,6075,1,D,YP,BB,D
11:22:00,INDF,RG,6075,11,D,YP,AK,F
11:21:45,INDF,RG,6075,1,D,YP,BB,D
11:21:45,INDF,RG,6075,1,D,YP,BB,D
11:21:45,INDF,RG,6075,4,D,YP,AK,F
11:21:38,INDF,RG,6075,1,D,YP,AK,F
11:21:38,INDF,RG,6075,2,D,YP,BB,D
11:21:38,INDF,RG,6075,3,D,YP,BB,D
11:21:23,INDF,RG,6075,3,D,YP,BB,D
11:21:23,INDF,RG,6075,1,D,YP,BB,D
11:21:20,INDF,RG,6075,1,D,YP,BB,D
11:21:20,INDF,RG,6075,3,D,YP,BB,D
11:21:20,INDF,RG,6075,1,D,YP,CC,D
11:21:06,INDF,RG,6075,1,D,YP,BB,D
11:21:06,INDF,RG,6075,2,D,YP,BB,D
11:21:06,INDF,RG,6075,1,D,YP,BB,D
11:20:53,INDF,RG,6075,3,D,YP,BB,D
11:20:53,INDF,RG,6075,6,D,YP,BB,D
11:20:53,INDF,RG,6075,1,D,YP,BB,D
11:20:39,INDF,RG,6100,1,D,XL,CP,D
11:20:38,INDF,RG,6100,11,F,BK,CP,D
11:20:36,INDF,RG,6075,2,D,YP,BB,D
11:20:31,INDF,RG,6075,3,D,YP,BB,D
11:20:31,INDF,RG,6075,3,D,YP,BB,D
11:20:30,INDF,RG,6075,12,D,YP,AK,F
11:20:22,INDF,RG,6075,2,D,YP,BB,D
11:20:18,INDF,RG,6075,2,D,YP,BB,D
11:20:09,INDF,RG,6075,2,D,YP,BB,D
11:20:08,INDF,RG,6075,1,D,YP,BB,D
11:20:06,INDF,RG,6075,4,D,YP,BB,D
11:20:06,INDF,RG,6075,7,D,YP,BB,D
11:20:06,INDF,RG,6075,1,D,YP,BB,D
11:20:06,INDF,RG,6100,1,D,PD,CP,D
11:19:33,INDF,RG,6075,7,D,YP,BB,D
11:19:33,INDF,RG,6075,6,D,YP,BB,D
11:19:28,INDF,RG,6075,11,D,YP,BB,D
11:19:22,INDF,RG,6075,7,D,YP,AK,F
11:19:21,INDF,RG,6075,3,D,YP,BB,D
11:19:21,INDF,RG,6075,3,D,YP,BB,D
11:19:21,INDF,RG,6075,8,D,YP,BB,D
11:19:21,INDF,RG,6075,42,D,YP,PD,D
11:18:45,INDF,RG,6075,4,D,YP,BB,D
11:18:45,INDF,RG,6075,5,D,YP,BB,D
11:18:45,INDF,RG,6075,12,D,YP,AK,F
11:18:22,INDF,RG,6075,2,D,YP,BB,D
11:18:22,INDF,RG,6075,4,D,YP,CC,D
11:18:19,INDF,RG,6075,1,D,YP,BB,D
11:18:15,INDF,RG,6075,2,D,YP,BB,D
11:18:15,INDF,RG,6075,4,D,YP,BB,D
11:18:15,INDF,RG,6075,3,D,YP,BB,D
11:18:15,INDF,RG,6075,1,D,YP,AK,F
11:18:04,INDF,RG,6075,2,D,YP,BB,D
11:18:04,INDF,RG,6100,12,F,BK,CP,D
11:17:57,INDF,RG,6075,1,D,YP,BB,D
11:17:57,INDF,RG,6075,4,D,YP,BB,D
11:17:57,INDF,RG,6075,3,D,YP,XL,D
11:17:48,INDF,RG,6075,1,D,YP,BB,D
11:17:48,INDF,RG,6075,1,D,YP,BB,D
11:17:37,INDF,RG,6075,1,D,YP,BB,D
11:17:37,INDF,RG,6075,4,D,YP,BB,D
11:17:37,INDF,RG,6075,1,D,YP,BB,D
11:17:19,INDF,RG,6075,1,D,YP,BB,D
11:17:19,INDF,RG,6075,3,D,YP,BB,D
11:17:19,INDF,RG,6075,6,D,YP,AK,F
11:17:12,INDF,RG,6075,1,D,YP,BB,D
11:17:11,INDF,RG,6075,2,D,YP,BB,D
11:17:11,INDF,RG,6075,3,D,YP,BB,D
11:17:11,INDF,RG,6075,1,D,YP,BB,D
11:16:54,INDF,RG,6075,1,D,YP,BB,D
11:16:54,INDF,RG,6075,12,D,YP,BB,D
11:16:54,INDF,RG,6075,2,D,YP,BB,D
11:16:04,INDF,RG,6075,2,D,YP,BB,D
11:16:04,INDF,RG,6075,1,D,YP,XC,D
11:15:14,INDF,RG,6075,1,D,YP,XL,D
11:15:11,INDF,RG,6075,1,D,YP,BB,D
11:15:06,INDF,RG,6075,2,D,YP,BB,D
11:15:01,INDF,RG,6075,3,D,YP,BB,D
11:14:51,INDF,RG,6075,19,D,YP,BB,D
11:14:51,INDF,RG,6075,7,D,YP,BB,D
11:14:38,INDF,RG,6075,2,D,YP,BB,D
11:14:38,INDF,RG,6075,2,D,YP,LG,D
11:14:38,INDF,RG,6075,1,D,YP,CS,F
11:14:36,INDF,RG,6075,16,D,RO,CS,F
11:14:36,INDF,RG,6075,2,D,RO,BB,D
11:14:36,INDF,RG,6075,2,D,RO,KZ,F
11:14:36,INDF,RG,6075,4,D,RO,KZ,F
11:14:36,INDF,RG,6075,1,D,RO,KZ,F
11:14:36,INDF,RG,6075,2,D,RO,BB,D
11:14:36,INDF,RG,6075,3,D,RO,BB,D
11:14:21,INDF,RG,6050,3,D,CC,BB,D
11:14:21,INDF,RG,6050,7,D,CC,AK,F
11:14:21,INDF,RG,6050,10,D,CC,AK,F
11:14:21,INDF,RG,6050,4,D,CC,AK,F
11:14:12,INDF,RG,6050,1,D,CC,PD,D
11:14:12,INDF,RG,6050,20,D,PD,PD,D
11:14:12,INDF,RG,6050,1,D,PD,PD,D
11:14:12,INDF,RG,6050,20,D,DH,PD,D
11:14:10,INDF,RG,6075,3,D,DR,AK,F
11:14:03,INDF,RG,6050,1,D,SQ,BB,D
11:13:35,INDF,RG,6050,1,D,SQ,NI,D
11:13:33,INDF,RG,6050,14,D,SQ,BB,D
11:13:33,INDF,RG,6050,4,D,SQ,BB,D
11:13:31,INDF,RG,6050,5,D,SQ,BB,D
11:13:31,INDF,RG,6050,1,D,PD,BB,D
11:13:31,INDF,RG,6050,17,D,PD,BB,D
11:13:31,INDF,RG,6050,4,D,PD,BB,D
11:13:31,INDF,RG,6075,29,F,AK,AK,F
11:13:31,INDF,RG,6075,9,F,AK,AK,F
11:13:23,INDF,RG,6050,1,D,PD,BB,D
11:13:23,INDF,RG,6050,1,D,PD,BB,D
11:13:23,INDF,RG,6050,3,D,PD,BB,D
11:13:23,INDF,RG,6050,15,D,CC,BB,D
11:13:23,INDF,RG,6050,2,D,CC,BB,D
11:13:23,INDF,RG,6050,1,D,CC,BB,D
11:13:23,INDF,RG,6050,9,D,NI,BB,D
11:13:23,INDF,RG,6050,1,D,NI,BB,D
11:13:23,INDF,RG,6050,1,D,NI,BB,D
11:13:23,INDF,RG,6050,7,D,YP,CS,F
11:13:23,INDF,RG,6075,6,F,KZ,BB,D
11:13:23,INDF,RG,6075,1,F,KZ,BB,D
11:13:23,INDF,RG,6075,39,F,RX,BB,D
11:13:23,INDF,RG,6075,2,D,BB,BB,D
11:13:23,INDF,RG,6075,113,F,KZ,BB,D
11:13:23,INDF,RG,6075,63,F,BK,BB,D
11:13:23,INDF,RG,6075,48,F,KZ,BB,D
11:13:23,INDF,RG,6075,1,F,KZ,BB,D
11:13:23,INDF,RG,6075,3,F,KZ,BB,D
11:13:23,INDF,RG,6075,2,F,KZ,BB,D
11:13:23,INDF,RG,6075,1,D,XL,BB,D
11:13:23,INDF,RG,6075,6,F,BK,BB,D
11:13:23,INDF,RG,6075,2,F,BK,BB,D
11:12:46,INDF,RG,6075,12,F,BK,AK,F
11:12:46,INDF,RG,6075,4,F,BK,BB,D
11:12:46,INDF,RG,6100,4,D,XC,CP,D
11:12:42,INDF,RG,6075,4,F,BK,PD,D
11:12:35,INDF,RG,6075,2,F,BK,BB,D
11:12:35,INDF,RG,6075,47,F,KZ,BB,D
11:12:32,INDF,RG,6075,12,F,KZ,BB,D
11:12:31,INDF,RG,6075,11,F,KZ,BB,D
11:12:31,INDF,RG,6075,1,F,CS,BB,D
11:12:31,INDF,RG,6075,1,F,KZ,BB,D
11:12:31,INDF,RG,6075,6,F,KZ,BB,D
11:12:31,INDF,RG,6075,2,F,KZ,BB,D
11:12:26,INDF,RG,6075,1,F,KZ,CC,F
11:12:25,INDF,RG,6075,3,D,YP,KZ,F
11:12:25,INDF,RG,6075,61,D,YP,CS,F
11:12:25,INDF,RG,6075,20,D,YP,BB,D
11:12:25,INDF,RG,6075,43,D,YP,BB,D
11:12:25,INDF,RG,6075,14,D,YP,BB,D
11:12:25,INDF,RG,6075,51,D,YP,KZ,F
11:12:25,INDF,RG,6075,2,D,YP,KZ,F
11:12:25,INDF,RG,6075,5,D,YP,CS,F
11:12:25,INDF,RG,6075,35,D,YP,CS,F
11:12:25,INDF,RG,6075,39,D,YP,KZ,F
11:12:25,INDF,RG,6075,6,D,YP,KZ,F
11:12:25,INDF,RG,6075,2,D,YP,KZ,F
11:12:25,INDF,RG,6075,6,D,YP,KZ,F
11:12:25,INDF,RG,6075,1,D,YP,KZ,F
11:12:25,INDF,RG,6075,39,D,YP,KZ,F
11:12:25,INDF,RG,6075,12,D,YP,KZ,F
11:11:26,INDF,RG,6075,10,D,AZ,KZ,F
11:11:07,INDF,RG,6075,10,D,AZ,KZ,F
11:10:25,INDF,RG,6050,3,D,YP,BB,D
11:10:25,INDF,RG,6050,1,D,YP,BB,D
11:10:25,INDF,RG,6050,1,D,XC,BB,D
11:10:25,INDF,RG,6075,2,D,PD,KZ,F
11:10:21,INDF,RG,6075,1,D,DH,KZ,F
11:09:19,INDF,RG,6075,8,D,PD,KZ,F
11:09:19,INDF,RG,6075,1,D,PD,CS,F
11:09:19,INDF,RG,6075,1,D,PD,AK,F
11:09:19,INDF,RG,6050,1,D,XC,BB,D
11:09:19,INDF,RG,6050,1,D,EP,PD,D
11:09:19,INDF,RG,6050,20,D,SQ,PD,D
11:09:19,INDF,RG,6050,1,D,XC,PD,D
11:09:19,INDF,RG,6050,1,D,XC,PD,D
11:09:19,INDF,RG,6050,1,D,XC,PD,D
11:09:19,INDF,RG,6050,19,D,RG,PD,D
11:09:10,INDF,RG,6050,6,D,RG,BB,D
11:09:10,INDF,RG,6050,1,D,XC,BB,D
11:09:10,INDF,RG,6050,5,D,HP,BB,D
11:09:10,INDF,RG,6050,126,D,FS,BB,D
11:08:42,INDF,RG,6075,1,F,KZ,CS,F
11:08:42,INDF,RG,6075,3,D,XC,CS,F
11:08:42,INDF,RG,6075,5,D,XC,KZ,F
11:08:30,INDF,RG,6075,2,F,AK,BB,D
11:08:30,INDF,RG,6075,1,F,AK,BB,D
11:08:30,INDF,RG,6075,9,F,AK,AK,F
11:08:30,INDF,RG,6075,3,F,AK,AK,F
11:08:28,INDF,RG,6050,24,D,FS,CS,F
11:08:28,INDF,RG,6075,7,F,BK,CS,F
11:08:28,INDF,RG,6075,21,F,BK,KZ,F
11:08:28,INDF,RG,6075,13,F,KZ,KZ,F
11:08:28,INDF,RG,6075,1,D,PD,KZ,F
11:08:28,INDF,RG,6075,4,F,RX,KZ,F
11:08:28,INDF,RG,6075,6,F,RX,KZ,F
11:08:28,INDF,RG,6075,16,F,BK,KZ,F
11:08:28,INDF,RG,6075,10,D,PD,KZ,F
11:08:28,INDF,RG,6075,6,F,KZ,KZ,F
11:08:28,INDF,RG,6075,1,F,CS,KZ,F
11:08:28,INDF,RG,6075,2,D,PD,KZ,F
11:08:28,INDF,RG,6075,4,D,YP,KZ,F
11:08:28,INDF,RG,6075,3,D,YP,KZ,F
11:08:28,INDF,RG,6075,39,D,YP,KZ,F
11:08:28,INDF,RG,6100,1,F,NI,CP,D
11:07:13,INDF,RG,6075,4,D,YP,CS,F
11:07:13,INDF,RG,6075,1,D,BB,CS,F
11:07:13,INDF,RG,6075,7,D,CC,CS,F
11:07:13,INDF,RG,6075,13,D,YP,CS,F
11:07:13,INDF,RG,6075,3,D,ZP,CS,F
11:07:13,INDF,RG,6075,9,F,RX,CS,F
11:07:13,INDF,RG,6075,2,F,BK,CS,F
11:06:30,INDF,RG,6075,1,F,BK,KZ,F
11:05:39,INDF,RG,6075,1,F,BK,CS,F
11:05:39,INDF,RG,6075,7,F,BK,CS,F
11:05:39,INDF,RG,6075,9,F,KZ,CS,F
11:05:39,INDF,RG,6075,1,D,DH,CS,F
11:05:39,INDF,RG,6075,7,F,CC,CS,F
11:05:39,INDF,RG,6075,11,F,KZ,CS,F
11:05:15,INDF,RG,6075,10,F,KZ,AK,F
11:05:01,INDF,RG,6075,3,F,KZ,XC,D
11:04:34,INDF,RG,6075,5,F,KZ,AK,F
11:04:13,INDF,RG,6075,8,F,KZ,AK,F
11:04:13,INDF,RG,6075,47,F,KZ,CS,F
11:04:13,INDF,RG,6075,43,F,KZ,PD,D
11:02:17,INDF,RG,6075,23,F,KZ,CS,F
11:02:17,INDF,RG,6075,1,F,CS,CS,F
11:02:17,INDF,RG,6075,24,F,BK,CS,F
11:02:17,INDF,RG,6075,1,F,KZ,CS,F
11:02:17,INDF,RG,6075,2,D,XL,CS,F
11:01:21,INDF,RG,6100,2,D,PD,CP,D
11:00:19,INDF,RG,6075,2,D,XL,OD,D
11:00:13,INDF,RG,6075,6,D,XL,CC,F
11:00:13,INDF,RG,6075,1,D,SQ,CC,F
11:00:13,INDF,RG,6075,100,D,SQ,CC,F
11:00:13,INDF,RG,6075,2,D,EP,CC,F
11:00:13,INDF,RG,6075,10,F,NI,CC,F
11:00:13,INDF,RG,6075,5,D,KK,CC,F
11:00:13,INDF,RG,6075,1,D,YP,CC,F
11:00:13,INDF,RG,6075,10,D,NI,CC,F
11:00:13,INDF,RG,6075,1,F,CS,CC,F
11:00:13,INDF,RG,6075,5,D,YP,CC,F
11:00:13,INDF,RG,6075,2,D,XC,CC,F
11:00:13,INDF,RG,6075,1,D,PD,CC,F
11:00:13,INDF,RG,6075,2,D,PD,CC,F
11:00:13,INDF,RG,6075,18,D,SQ,CC,F
11:00:13,INDF,RG,6075,1,D,YP,CC,F
11:00:13,INDF,RG,6075,28,F,RX,CC,F
11:00:13,INDF,RG,6075,122,F,CC,CC,F
11:00:13,INDF,RG,6075,1,D,KK,CC,F
11:00:13,INDF,RG,6075,1,F,KZ,CC,F
11:00:13,INDF,RG,6075,1,D,PD,CC,F
11:00:13,INDF,RG,6075,20,F,KZ,CC,F
11:00:13,INDF,RG,6075,1,D,XC,CC,F
11:00:13,INDF,RG,6075,1,D,XL,CC,F
11:00:13,INDF,RG,6075,8,F,KZ,CC,F
11:00:13,INDF,RG,6075,4,D,PD,CC,F
11:00:13,INDF,RG,6075,8,D,ZP,CC,F
11:00:13,INDF,RG,6075,3,F,KZ,CC,F
11:00:13,INDF,RG,6075,20,F,KZ,CC,F
11:00:13,INDF,RG,6075,43,F,KZ,KZ,F
11:00:13,INDF,RG,6075,29,F,KZ,KZ,F
11:00:13,INDF,RG,6075,4,F,KZ,KZ,F
11:00:13,INDF,RG,6075,6,D,CC,KZ,F
11:00:13,INDF,RG,6075,4,D,CC,CS,F
11:00:13,INDF,RG,6075,3,D,CC,CS,F
11:00:13,INDF,RG,6075,149,F,KZ,CS,F
10:59:15,INDF,RG,6075,11,F,KZ,AK,F
10:59:14,INDF,RG,6075,26,F,KZ,PD,D
10:59:14,INDF,RG,6075,16,F,BK,PD,D
10:58:48,INDF,RG,6075,4,F,BK,AK,F
10:58:30,INDF,RG,6075,1,F,BK,AK,F
10:57:45,INDF,RG,6075,2,F,BK,AK,F
10:56:25,INDF,RG,6100,2,D,CC,CP,D
10:56:00,INDF,RG,6100,2,D,PD,CP,D
10:55:51,INDF,RG,6075,4,F,BK,AK,F
10:55:51,INDF,RG,6075,11,F,BK,AK,F
10:55:45,INDF,RG,6075,5,F,BK,NI,D
10:55:34,INDF,RG,6075,1,F,BK,AK,F
10:55:03,INDF,RG,6075,1,F,BK,XL,D
10:54:19,INDF,RG,6075,42,F,BK,PD,D
10:54:16,INDF,RG,6100,5,D,YP,CP,D
10:53:30,INDF,RG,6075,3,F,BK,AK,F
10:53:19,INDF,RG,6075,1,F,BK,AK,F
10:53:15,INDF,RG,6075,8,F,BK,AK,F
10:52:00,INDF,RG,6075,2,F,BK,AK,F
10:51:37,INDF,RG,6100,3,D,YU,CP,D
10:51:37,INDF,RG,6100,1,D,YU,KZ,F
10:51:37,INDF,RG,6100,1,D,YU,KZ,F
10:51:15,INDF,RG,6075,6,F,BK,AK,F
10:51:00,INDF,RG,6075,1,F,BK,AK,F
10:50:46,INDF,RG,6075,2,F,BK,YP,D
10:50:14,INDF,RG,6075,53,F,BK,XL,D
10:50:03,INDF,RG,6075,8,F,BK,CC,D
10:50:00,INDF,RG,6075,1,F,BK,AK,F
10:49:23,INDF,RG,6075,11,F,BK,BB,D
10:49:22,INDF,RG,6075,7,F,BK,BB,D
10:49:22,INDF,RG,6075,5,F,BK,BB,D
10:49:20,INDF,RG,6075,9,F,BK,DH,D
10:49:16,INDF,RG,6100,1,D,PD,CC,F
10:49:16,INDF,RG,6100,1,D,PD,KZ,F
10:49:16,INDF,RG,6100,2,D,PD,KZ,F
10:49:16,INDF,RG,6100,1,D,PD,BB,D
10:49:15,INDF,RG,6075,31,F,BK,BB,D
10:49:13,INDF,RG,6075,5,F,BK,BB,D
10:49:13,INDF,RG,6075,6,F,KZ,BB,D
10:49:11,INDF,RG,6075,26,F,KZ,BB,D
10:49:08,INDF,RG,6075,11,F,KZ,BB,D
10:49:08,INDF,RG,6075,11,F,KZ,BB,D
10:49:08,INDF,RG,6075,43,F,KZ,PD,D
10:49:00,INDF,RG,6075,7,F,KZ,AK,F
10:49:00,INDF,RG,6075,57,F,KZ,BB,D
10:48:56,INDF,RG,6075,32,F,KZ,BB,D
10:48:55,INDF,RG,6075,26,F,KZ,BB,D
10:48:55,INDF,RG,6100,3,D,PD,BB,D
10:48:55,INDF,RG,6100,1,D,PD,BB,D
10:48:55,INDF,RG,6100,1,D,PD,BB,D
10:48:54,INDF,RG,6100,36,D,CC,CS,F
10:48:54,INDF,RG,6100,40,D,CC,CS,F
10:48:54,INDF,RG,6100,8,D,CC,CS,F
10:48:54,INDF,RG,6100,31,D,CC,CS,F
10:48:54,INDF,RG,6100,3,D,CC,GR,D
10:48:54,INDF,RG,6100,50,D,CC,LG,D
10:48:54,INDF,RG,6100,1,D,CC,KZ,F
10:48:54,INDF,RG,6100,2,D,CC,KZ,F
10:48:54,INDF,RG,6100,7,D,CC,KZ,F
10:48:54,INDF,RG,6100,21,D,CC,BB,D
10:48:54,INDF,RG,6100,2,D,CC,KZ,F
10:48:54,INDF,RG,6100,7,D,CC,BB,D
10:48:54,INDF,RG,6100,9,D,CC,BB,D
10:48:54,INDF,RG,6100,83,D,CC,KZ,F
10:48:54,INDF,RG,6100,3,D,CC,CC,F
10:48:54,INDF,RG,6100,1,D,CC,KZ,F
10:48:54,INDF,RG,6100,19,D,CC,KZ,F
10:48:54,INDF,RG,6100,2,D,CC,KZ,F
10:48:54,INDF,RG,6100,3,D,CC,KZ,F
10:48:45,INDF,RG,6075,1,F,KZ,AK,F
10:48:41,INDF,RG,6075,16,F,KZ,BB,D
10:48:35,INDF,RG,6075,11,F,KZ,BB,D
10:48:30,INDF,RG,6075,53,F,KZ,BB,D
10:48:30,INDF,RG,6075,1,D,XC,BB,D
10:48:30,INDF,RG,6075,1,F,KZ,BB,D
10:48:30,INDF,RG,6075,2,F,KZ,BB,D
10:48:30,INDF,RG,6075,2,F,KZ,BB,D
10:48:30,INDF,RG,6075,21,D,SQ,BB,D
10:48:30,INDF,RG,6075,29,D,SQ,BB,D
10:48:30,INDF,RG,6075,10,D,YP,BB,D
10:48:30,INDF,RG,6075,2,F,KZ,BB,D
10:48:30,INDF,RG,6075,34,F,KZ,BB,D
10:48:21,INDF,RG,6100,2,F,AK,KZ,F
10:48:21,INDF,RG,6100,1,F,AK,KZ,F
10:48:21,INDF,RG,6100,1,F,AK,KZ,F
10:48:21,INDF,RG,6100,1,F,AK,KZ,F
10:48:21,INDF,RG,6100,7,F,AK,KZ,F
10:48:20,INDF,RG,6075,52,F,KZ,BB,D
10:48:20,INDF,RG,6075,4,F,KZ,BB,D
10:48:20,INDF,RG,6075,11,F,KZ,BB,D
10:48:20,INDF,RG,6075,1,F,KZ,BB,D
10:48:20,INDF,RG,6075,5,D,AG,BB,D
10:48:20,INDF,RG,6075,5,D,YP,BB,D
10:48:20,INDF,RG,6075,1,D,PD,BB,D
10:48:20,INDF,RG,6075,1,D,YP,BB,D
10:48:20,INDF,RG,6075,5,D,KK,BB,D
10:48:20,INDF,RG,6075,3,D,PD,BB,D
10:48:20,INDF,RG,6075,1,D,AZ,BB,D
10:48:20,INDF,RG,6075,15,D,EP,BB,D
10:48:20,INDF,RG,6075,2,D,NI,BB,D
10:48:20,INDF,RG,6075,9,F,KZ,BB,D
10:48:20,INDF,RG,6075,1,F,KZ,BB,D
10:48:20,INDF,RG,6075,1,D,SQ,BB,D
10:48:20,INDF,RG,6075,17,F,KZ,BB,D
10:48:20,INDF,RG,6075,50,D,YP,BB,D
10:48:20,INDF,RG,6075,23,F,KZ,BB,D
10:48:20,INDF,RG,6075,2,D,KK,BB,D
10:48:20,INDF,RG,6075,25,D,YP,BB,D
10:48:20,INDF,RG,6075,25,D,YP,BB,D
10:48:20,INDF,RG,6075,97,F,KZ,BB,D
10:48:20,INDF,RG,6075,504,F,BK,BB,D
10:48:18,INDF,RG,6075,307,F,BK,BB,D
10:48:18,INDF,RG,6100,36,F,AK,KZ,F
10:48:18,INDF,RG,6100,1,F,AK,KZ,F
10:48:18,INDF,RG,6100,1,F,AK,KZ,F
10:48:18,INDF,RG,6100,1,F,AK,CS,F
10:48:17,INDF,RG,6075,119,F,BK,BB,D
10:48:17,INDF,RG,6075,2,D,PD,BB,D
10:48:17,INDF,RG,6075,16,D,YP,BB,D
10:48:17,INDF,RG,6075,3,D,CC,BB,D
10:48:17,INDF,RG,6075,1,D,PD,BB,D
10:48:17,INDF,RG,6075,2,D,YP,BB,D
10:48:17,INDF,RG,6075,3,D,PD,BB,D
10:48:17,INDF,RG,6075,1,D,EP,BB,D
10:48:17,INDF,RG,6075,1,D,XC,BB,D
10:48:17,INDF,RG,6075,53,D,YP,BB,D
10:48:17,INDF,RG,6075,10,D,YP,BB,D
10:48:17,INDF,RG,6075,1,D,PD,BB,D
10:48:17,INDF,RG,6075,36,D,YP,BB,D
10:48:17,INDF,RG,6075,1,D,YP,CS,F
10:48:17,INDF,RG,6100,2,F,AK,YP,D
10:48:17,INDF,RG,6100,1,D,NI,YP,D
10:48:17,INDF,RG,6100,1,F,CS,YP,D
10:48:17,INDF,RG,6100,4,F,KK,YP,D
10:48:17,INDF,RG,6100,2,D,PD,YP,D
10:48:15,INDF,RG,6100,3,D,PD,CS,F
10:48:07,INDF,RG,6100,4,D,PD,BB,D
10:48:07,INDF,RG,6100,2,F,KZ,BB,D
10:48:07,INDF,RG,6100,1,F,BK,BB,D
10:48:07,INDF,RG,6100,2,F,BK,BB,D
10:48:05,INDF,RG,6100,6,F,BK,BB,D
10:48:05,INDF,RG,6100,1,F,BK,BB,D
10:48:05,INDF,RG,6100,1,F,KZ,BB,D
10:48:05,INDF,RG,6100,9,F,KZ,CS,F
10:47:50,INDF,RG,6100,2,F,KZ,BB,D
10:47:43,INDF,RG,6100,5,F,KZ,BB,D
10:47:43,INDF,RG,6100,2,F,KZ,BB,D
10:47:43,INDF,RG,6100,6,F,KZ,CS,F
10:47:43,INDF,RG,6100,1,F,KZ,CS,F
10:47:24,INDF,RG,6100,3,F,KZ,BB,D
10:47:24,INDF,RG,6100,3,F,KZ,BB,D
10:47:24,INDF,RG,6100,8,F,KZ,CS,F
10:47:24,INDF,RG,6100,1,F,KZ,CS,F
10:47:08,INDF,RG,6100,1,F,KZ,BB,D
10:47:08,INDF,RG,6100,7,F,KZ,BB,D
10:47:08,INDF,RG,6100,5,D,XL,BB,D
10:47:04,INDF,RG,6100,51,D,XL,BB,D
10:47:00,INDF,RG,6100,23,D,XL,BB,D
10:46:59,INDF,RG,6100,21,D,XL,CS,F
10:46:45,INDF,RG,6100,2,F,AK,KZ,F
10:46:45,INDF,RG,6100,4,F,AK,AK,F
10:46:41,INDF,RG,6100,1,D,PD,CS,F
10:46:41,INDF,RG,6100,9,D,PD,BB,D
10:46:41,INDF,RG,6100,33,D,YP,BB,D
10:46:41,INDF,RG,6100,57,F,KZ,BB,D
10:46:41,INDF,RG,6100,3,D,BB,BB,D
10:46:41,INDF,RG,6100,96,F,KZ,BB,D
10:46:29,INDF,RG,6125,5,D,PD,GR,D
10:46:29,INDF,RG,6100,5,F,KZ,BQ,D
10:46:01,INDF,RG,6100,12,F,KZ,BK,F
10:46:00,INDF,RG,6100,6,F,KZ,AK,F
10:46:00,INDF,RG,6100,25,F,KZ,CS,F
10:46:00,INDF,RG,6100,2,F,KZ,AK,F
10:45:44,INDF,RG,6100,1,F,KZ,PD,D
10:45:03,INDF,RG,6100,19,F,KZ,BK,F
10:44:57,INDF,RG,6100,44,F,KZ,BK,F
10:44:54,INDF,RG,6100,9,F,KZ,BK,F
10:44:54,INDF,RG,6100,70,F,KZ,BK,F
10:44:54,INDF,RG,6100,1,F,CS,BK,F
10:44:54,INDF,RG,6100,10,D,YP,BK,F
10:44:54,INDF,RG,6100,10,D,CC,BK,F
10:44:54,INDF,RG,6100,1,D,PD,BK,F
10:44:54,INDF,RG,6100,10,D,YP,BK,F
10:44:54,INDF,RG,6100,10,D,YP,BK,F
10:44:54,INDF,RG,6100,10,D,XC,BK,F
10:44:54,INDF,RG,6100,33,D,YP,BK,F
10:44:54,INDF,RG,6100,1,D,KK,BK,F
10:44:54,INDF,RG,6100,20,F,DR,BK,F
10:44:54,INDF,RG,6100,25,D,PD,BK,F
10:44:51,INDF,RG,6100,34,F,KZ,CS,F
10:44:51,INDF,RG,6100,119,F,KZ,KK,D
10:44:51,INDF,RG,6100,750,D,SQ,KK,D
10:44:51,INDF,RG,6100,57,D,SQ,KK,D
10:44:51,INDF,RG,6100,1,F,CS,KK,D
10:44:51,INDF,RG,6100,1,D,XC,KK,D
10:44:51,INDF,RG,6100,8,D,YP,KK,D
10:44:51,INDF,RG,6100,2,D,NI,KK,D
10:44:51,INDF,RG,6100,52,D,YP,KK,D
10:44:51,INDF,RG,6100,1,D,BB,KK,D
10:44:51,INDF,RG,6100,9,D,SQ,KK,D
10:44:45,INDF,RG,6100,2,D,SQ,AK,F
10:44:12,INDF,RG,6100,1,D,SQ,KZ,F
10:44:10,INDF,RG,6100,10,D,SQ,BK,F
10:44:10,INDF,RG,6100,43,D,SQ,PD,D
10:44:01,INDF,RG,6100,12,D,SQ,BK,F
10:44:00,INDF,RG,6100,48,D,SQ,KZ,F
10:44:00,INDF,RG,6100,131,D,SQ,KZ,F
10:44:00,INDF,RG,6100,7,D,SQ,AK,F
10:43:56,INDF,RG,6100,20,D,SQ,NI,D
10:43:51,INDF,RG,6125,3,D,PD,GR,D
10:43:43,INDF,RG,6100,1,D,SQ,CC,D
10:43:30,INDF,RG,6100,2,D,SQ,AK,F
10:43:17,INDF,RG,6100,158,D,SQ,CS,F
10:43:15,INDF,RG,6100,2,D,SQ,AK,F
10:43:15,INDF,RG,6100,1,D,SQ,KZ,F
10:43:15,INDF,RG,6100,51,D,SQ,KZ,F
10:43:15,INDF,RG,6100,1,D,SQ,KZ,F
10:43:15,INDF,RG,6100,1,D,SQ,KZ,F
10:43:15,INDF,RG,6100,2,D,CC,KZ,F
10:43:15,INDF,RG,6100,1,D,XC,KZ,F
10:43:15,INDF,RG,6100,70,F,KZ,KZ,F
10:43:15,INDF,RG,6100,69,F,KZ,KZ,F
10:42:30,INDF,RG,6100,6,F,KZ,AK,F
10:42:15,INDF,RG,6125,1,D,YP,GR,D
10:41:45,INDF,RG,6100,1,F,KZ,AK,F
10:41:45,INDF,RG,6100,1,F,KZ,AK,F
10:41:30,INDF,RG,6100,3,F,KZ,AK,F
10:40:54,INDF,RG,6100,1,F,KZ,XL,D
10:40:18,INDF,RG,6125,7,D,XL,GR,D
10:40:15,INDF,RG,6100,2,F,KZ,AK,F
10:40:00,INDF,RG,6100,1,F,KZ,AK,F
10:39:33,INDF,RG,6125,1,D,PD,GR,D
10:39:10,INDF,RG,6100,43,F,KZ,PD,D
10:39:00,INDF,RG,6100,14,F,KZ,AK,F
10:38:56,INDF,RG,6125,3,D,AZ,GR,D
10:38:00,INDF,RG,6125,3,D,XL,GR,D
10:37:43,INDF,RG,6100,1,F,KZ,CC,D
10:36:45,INDF,RG,6100,8,F,KZ,AK,F
10:36:36,INDF,RG,6100,40,F,KZ,PD,D
10:36:21,INDF,RG,6100,10,F,KZ,LG,D
10:36:09,INDF,RG,6100,50,F,KZ,SQ,D
10:36:00,INDF,RG,6100,6,F,KZ,AK,F
10:35:59,INDF,RG,6100,150,F,KZ,SQ,D
10:35:58,INDF,RG,6125,2,D,XC,GR,D
10:35:30,INDF,RG,6125,3,D,XL,GR,D
10:34:23,INDF,RG,6100,42,F,KZ,PD,D
10:33:32,INDF,RG,6125,1,D,CC,GR,D
10:33:27,INDF,RG,6100,3,F,KZ,YJ,D
10:32:51,INDF,RG,6100,14,F,KZ,KZ,F
10:32:51,INDF,RG,6100,48,F,KZ,KZ,F
10:32:51,INDF,RG,6100,1,F,KZ,BB,D
10:32:51,INDF,RG,6100,2,F,KZ,BB,D
10:32:51,INDF,RG,6100,9,F,KZ,XC,D
10:32:51,INDF,RG,6100,6,F,KZ,KZ,F
10:32:50,INDF,RG,6075,13,D,YP,BB,D
10:32:50,INDF,RG,6075,1,D,KK,BB,D
10:32:50,INDF,RG,6075,1,D,CC,BB,D
10:32:50,INDF,RG,6075,4,D,XL,BB,D
10:32:50,INDF,RG,6075,10,D,NI,BB,D
10:32:50,INDF,RG,6075,1,D,XL,BB,D
10:32:50,INDF,RG,6075,2,D,AT,BB,D
10:32:50,INDF,RG,6075,5,D,PD,BB,D
10:32:50,INDF,RG,6075,12,D,CC,BB,D
10:32:50,INDF,RG,6075,2,D,XL,BB,D
10:32:50,INDF,RG,6075,5,D,GR,BB,D
10:32:50,INDF,RG,6075,2,D,XC,BB,D
10:32:50,INDF,RG,6075,1,D,LG,BB,D
10:32:50,INDF,RG,6075,106,D,SQ,BB,D
10:32:48,INDF,RG,6075,31,D,SQ,BB,D
10:32:48,INDF,RG,6100,39,F,KZ,CS,F
10:32:48,INDF,RG,6100,43,F,KZ,KZ,F
10:32:48,INDF,RG,6100,1,F,KZ,AK,F
10:32:48,INDF,RG,6100,2,F,KZ,CC,F
10:32:48,INDF,RG,6100,221,F,KZ,BB,D
10:32:48,INDF,RG,6100,9,F,KZ,AK,F
10:32:48,INDF,RG,6100,75,F,KZ,BB,D
10:32:48,INDF,RG,6100,100,F,KZ,BB,D
10:32:48,INDF,RG,6100,1,F,KZ,AK,F
10:32:48,INDF,RG,6100,4,F,KZ,AK,F
10:32:48,INDF,RG,6100,27,F,KZ,CS,F
10:32:48,INDF,RG,6100,19,F,KZ,CS,F
10:32:48,INDF,RG,6100,216,F,KZ,KZ,F
10:32:48,INDF,RG,6100,131,F,KZ,AK,F
10:32:48,INDF,RG,6100,5,F,KZ,CC,D
10:32:48,INDF,RG,6100,21,F,KZ,CC,D
10:32:48,INDF,RG,6100,14,F,KZ,KZ,F
10:32:48,INDF,RG,6100,186,F,KZ,KZ,F
10:32:48,INDF,RG,6100,13,F,KZ,KZ,F
10:32:48,INDF,RG,6100,32,F,KZ,KZ,F
10:32:48,INDF,RG,6100,1,F,KZ,KZ,F
10:32:48,INDF,RG,6100,2,F,KZ,KZ,F
10:32:48,INDF,RG,6075,14,D,SQ,KZ,F
10:32:48,INDF,RG,6075,14,D,SQ,KZ,F
10:32:48,INDF,RG,6075,1,D,NI,KZ,F
10:32:48,INDF,RG,6075,2,D,CC,KZ,F
10:32:48,INDF,RG,6075,1,D,AN,KZ,F
10:32:48,INDF,RG,6075,3,D,PD,KZ,F
10:32:48,INDF,RG,6075,10,D,YP,KZ,F
10:32:48,INDF,RG,6075,101,D,GR,KZ,F
10:32:29,INDF,RG,6075,7,D,GR,BB,D
10:32:25,INDF,RG,6075,7,D,GR,BB,D
10:32:16,INDF,RG,6075,85,D,GR,BB,D
10:32:16,INDF,RG,6075,1,D,XC,BB,D
10:32:16,INDF,RG,6075,1,D,YP,BB,D
10:32:16,INDF,RG,6075,50,D,YP,BB,D
10:32:16,INDF,RG,6075,1,D,NI,BB,D
10:32:16,INDF,RG,6075,3,D,PD,BB,D
10:32:16,INDF,RG,6075,15,D,IH,BB,D
10:32:16,INDF,RG,6075,5,D,SQ,BB,D
10:32:16,INDF,RG,6075,1,D,YP,BB,D
10:32:16,INDF,RG,6075,2,D,YP,BB,D
10:32:16,INDF,RG,6075,2,D,XC,BB,D
10:32:16,INDF,RG,6075,1,D,YP,BB,D
10:32:16,INDF,RG,6075,3,D,PD,BB,D
10:32:16,INDF,RG,6075,1,D,NI,BB,D
10:32:16,INDF,RG,6075,10,D,CC,BB,D
10:32:16,INDF,RG,6075,2,D,PD,BB,D
10:32:16,INDF,RG,6075,10,D,RO,BB,D
10:32:16,INDF,RG,6075,1,D,PD,BB,D
10:32:16,INDF,RG,6075,1,D,CC,BB,D
10:32:16,INDF,RG,6075,1,D,SQ,BB,D
10:32:16,INDF,RG,6075,5,D,GR,BB,D
10:32:16,INDF,RG,6075,10,D,SQ,BB,D
10:32:16,INDF,RG,6075,3,D,CC,BB,D
10:32:16,INDF,RG,6075,2,D,YP,BB,D
10:32:16,INDF,RG,6075,25,D,KK,BB,D
10:32:16,INDF,RG,6075,2,D,YP,BB,D
10:32:16,INDF,RG,6075,362,D,MK,BB,D
10:32:16,INDF,RG,6075,127,D,MK,BB,D
10:32:04,INDF,RG,6075,11,D,MK,BB,D
10:32:04,INDF,RG,6075,1,D,PD,BB,D
10:32:04,INDF,RG,6075,2,D,KK,BB,D
10:32:04,INDF,RG,6075,1,D,YP,BB,D
10:32:04,INDF,RG,6075,3,D,GR,BB,D
10:32:04,INDF,RG,6075,10,D,XL,BB,D
10:32:04,INDF,RG,6075,1,D,XC,BB,D
10:32:04,INDF,RG,6075,1,D,CC,BB,D
10:32:04,INDF,RG,6075,5,D,XC,BB,D
10:32:04,INDF,RG,6075,250,F,KZ,BB,D
10:32:04,INDF,RG,6075,1,D,CC,BB,D
10:32:04,INDF,RG,6075,167,D,KK,BB,D
10:32:04,INDF,RG,6075,2,D,XL,BB,D
10:32:04,INDF,RG,6075,1,D,NI,BB,D
10:32:04,INDF,RG,6075,2,D,XC,BB,D
10:32:04,INDF,RG,6075,1,D,PD,BB,D
10:32:04,INDF,RG,6075,3,D,XC,BB,D
10:32:04,INDF,RG,6075,30,D,YP,BB,D
10:32:04,INDF,RG,6075,35,D,YP,BB,D
10:32:04,INDF,RG,6075,2,D,YP,BB,D
10:32:04,INDF,RG,6075,1,D,CC,BB,D
10:32:04,INDF,RG,6075,1,D,YP,BB,D
10:32:04,INDF,RG,6075,1,D,YP,BB,D
10:32:04,INDF,RG,6075,27,D,YP,BB,D
10:32:04,INDF,RG,6075,8,D,PD,BB,D
10:32:04,INDF,RG,6075,50,D,SQ,BB,D
10:32:04,INDF,RG,6075,3,D,XC,BB,D
10:32:04,INDF,RG,6075,1,D,DR,BB,D
10:32:04,INDF,RG,6075,18,D,CC,BB,D
10:32:04,INDF,RG,6075,73,F,KZ,BB,D
10:32:04,INDF,RG,6075,87,D,YP,BB,D
10:32:04,INDF,RG,6075,113,D,YP,BB,D
