Time,Stock,Brd,Price,Qty,BT,BC,SC,ST
15:14:41,INDF,RG,6075,5,D,PD,YP,D
15:13:23,INDF,RG,6075,1,D,CC,YP,D
15:11:27,INDF,RG,6075,3,D,KK,YP,D
15:11:16,INDF,RG,6075,3,D,KK,YP,D
15:11:08,INDF,RG,6075,2,D,KK,YP,D
15:10:53,INDF,RG,6075,3,D,KK,YP,D
15:10:40,INDF,RG,6075,7,D,KK,YP,D
15:10:21,INDF,RG,6075,5,D,KK,YP,D
15:10:19,INDF,RG,6075,1,D,YP,YP,D
15:10:01,INDF,RG,6075,2,D,KK,YP,D
15:09:53,INDF,RG,6075,1,D,KK,YP,D
15:09:53,INDF,RG,6075,1,D,KK,XL,D
15:09:53,INDF,RG,6075,1,D,KK,GR,D
15:09:34,INDF,RG,6075,8,D,KK,GR,D
15:09:25,INDF,RG,6075,1,F,DP,GR,D
15:09:23,INDF,RG,6075,2,D,KK,PD,D
15:09:23,INDF,RG,6075,4,D,KK,CC,D
15:09:23,INDF,RG,6075,1,D,KK,YP,D
15:08:49,INDF,RG,6075,10,D,KK,BQ,D
15:08:33,INDF,RG,6075,5,D,KK,BQ,D
15:08:17,INDF,RG,6075,8,D,KK,BQ,D
15:08:02,INDF,RG,6075,7,D,KK,BQ,D
15:07:44,INDF,RG,6075,5,D,KK,BK,F
15:07:18,INDF,RG,6075,5,D,KK,BK,F
15:07:03,INDF,RG,6075,5,D,KK,BK,F
15:06:31,INDF,RG,6075,1,D,PD,BK,F
15:05:35,INDF,RG,6075,5,D,KK,BK,F
15:03:19,INDF,RG,6075,1,D,PD,BK,F
15:00:00,INDF,RG,6075,1,D,KK,BK,F
15:00:00,INDF,RG,6075,2,D,PD,BK,F
15:00:00,INDF,RG,6075,2,D,XL,BK,F
15:00:00,INDF,RG,6075,5,D,CC,BK,F
15:00:00,INDF,RG,6075,432,F,BK,BK,F
15:00:00,INDF,RG,6075,5,F,BK,CP,D
15:00:00,INDF,RG,6075,1,F,BK,YP,D
15:00:00,INDF,RG,6075,25,F,BK,YP,D
15:00:00,INDF,RG,6075,1,F,BK,CC,D
15:00:00,INDF,RG,6075,10,F,BK,DR,D
15:00:00,INDF,RG,6075,1,F,BK,YP,D
15:00:00,INDF,RG,6075,100,F,BK,MG,D
15:00:00,INDF,RG,6075,2,F,BK,GR,D
15:00:00,INDF,RG,6075,2,F,BK,NI,D
15:00:00,INDF,RG,6075,10,F,BK,YU,D
15:00:00,INDF,RG,6075,50,F,BK,FZ,D
15:00:00,INDF,RG,6075,5,F,BK,PD,D
15:00:00,INDF,RG,6075,5,F,BK,PD,D
15:00:00,INDF,RG,6075,5,F,BK,PD,D
15:00:00,INDF,RG,6075,10,F,BK,YP,D
15:00:00,INDF,RG,6075,1,F,BK,RG,D
15:00:00,INDF,RG,6075,200,F,BK,YP,D
15:00:00,INDF,RG,6075,1,F,BK,XA,D
15:00:00,INDF,RG,6075,73,F,BK,DH,D
15:00:00,INDF,RG,6075,2,F,BK,PD,D
15:00:00,INDF,RG,6075,1,F,BK,CC,D
15:00:00,INDF,RG,6075,3,F,BK,YP,D
15:00:00,INDF,RG,6075,25,F,BK,SQ,D
15:00:00,INDF,RG,6075,3,F,BK,AT,D
15:00:00,INDF,RG,6075,50,F,BK,PD,D
15:00:00,INDF,RG,6075,40,F,BK,GR,D
15:00:00,INDF,RG,6075,2,F,BK,PD,D
15:00:00,INDF,RG,6075,50,F,BK,TP,D
15:00:00,INDF,RG,6075,4,F,BK,CC,D
15:00:00,INDF,RG,6075,2,F,BK,PD,D
15:00:00,INDF,RG,6075,25,F,BK,YU,D
15:00:00,INDF,RG,6075,2,F,BK,NI,D
15:00:00,INDF,RG,6075,100,F,BK,YP,D
15:00:00,INDF,RG,6075,2,F,BK,NI,D
15:00:00,INDF,RG,6075,448,F,BK,BK,F
15:00:00,INDF,RG,6075,100,F,BK,YP,D
15:00:00,INDF,RG,6075,1,F,BK,YP,D
15:00:00,INDF,RG,6075,4,F,BK,XC,D
15:00:00,INDF,RG,6075,2,F,BK,YP,D
15:00:00,INDF,RG,6075,10,F,BK,DR,D
15:00:00,INDF,RG,6075,5,F,BK,YP,D
15:00:00,INDF,RG,6075,50,F,BK,YP,D
15:00:00,INDF,RG,6075,200,F,BK,KK,D
15:00:00,INDF,RG,6075,7,F,BK,YP,D
15:00:00,INDF,RG,6075,3,F,BK,HP,D
15:00:00,INDF,RG,6075,5,F,BK,CC,D
15:00:00,INDF,RG,6075,10,F,BK,CC,D
15:00:00,INDF,RG,6075,5,F,BK,HP,D
15:00:00,INDF,RG,6075,548,F,BK,DX,F
15:00:00,INDF,RG,6075,13,F,BK,ZP,F
15:00:00,INDF,RG,6075,2256,F,BK,ZP,F
15:00:00,INDF,RG,6075,12,F,AG,ZP,F
15:00:00,INDF,RG,6075,502,F,DP,ZP,F
15:00:00,INDF,RG,6075,10,F,BK,ZP,F
15:00:00,INDF,RG,6075,1788,F,ZP,ZP,F
15:00:00,INDF,RG,6075,293,D,CD,ZP,F
15:00:00,INDF,RG,6075,100,D,CC,ZP,F
15:00:00,INDF,RG,6075,49,D,CC,ZP,F
15:00:00,INDF,RG,6075,8,D,CC,ZP,F
15:00:00,INDF,RG,6075,16,D,CC,DX,F
15:00:00,INDF,RG,6075,71,F,AK,DX,F
15:00:00,INDF,RG,6075,73,F,AK,DX,F
15:00:00,INDF,RG,6075,35,F,AK,DX,F
15:00:00,INDF,RG,6075,39,F,AK,DX,F
15:00:00,INDF,RG,6075,50,F,AK,DX,F
15:00:00,INDF,RG,6075,5,F,AK,DX,F
15:00:00,INDF,RG,6075,1,F,AK,DX,F
15:00:00,INDF,RG,6075,91,F,AK,DX,F
15:00:00,INDF,RG,6075,218,F,AK,DX,F
15:00:00,INDF,RG,6075,1,F,AK,DX,F
15:00:00,INDF,RG,6075,1,F,AK,DX,F
15:00:00,INDF,RG,6075,1,F,AK,DX,F
15:00:00,INDF,RG,6075,1,F,AK,DX,F
15:00:00,INDF,RG,6075,236,D,RX,DX,F
15:00:00,INDF,RG,6075,164,D,RX,AK,F
15:00:00,INDF,RG,6075,72,D,RX,AK,F
15:00:00,INDF,RG,6075,31,D,BQ,AK,F
15:00:00,INDF,RG,6075,17,D,BQ,AK,F
15:00:00,INDF,RG,6075,594,D,LG,AK,F
15:00:00,INDF,RG,6075,555,D,LG,CS,F
15:00:00,INDF,RG,6075,54,D,LG,ZP,F
15:00:00,INDF,RG,6075,27,D,LG,BB,D
15:00:00,INDF,RG,6075,51,D,LG,AK,F
15:00:00,INDF,RG,6075,175,D,LG,ZP,F
15:00:00,INDF,RG,6075,48,D,LG,AK,F
15:00:00,INDF,RG,6075,228,D,LG,NI,D
15:00:00,INDF,RG,6075,67,D,PD,NI,D
15:00:00,INDF,RG,6075,357,D,PD,ZP,F
15:00:00,INDF,RG,6075,195,D,PD,ZP,F
14:49:55,INDF,RG,6050,6,F,DP,DX,F
14:49:55,INDF,RG,6025,1,D,YP,AK,F
14:49:55,INDF,RG,6025,1,D,YP,AK,F
14:49:54,INDF,RG,6050,25,F,DP,DX,F
14:49:54,INDF,RG,6025,1,D,YP,ZP,F
14:49:54,INDF,RG,6050,1,D,YP,DX,F
14:49:49,INDF,RG,6025,1,D,YP,DX,F
14:49:49,INDF,RG,6025,26,D,YP,DX,F
14:49:49,INDF,RG,6025,63,D,YP,DX,F
14:49:48,INDF,RG,6025,6,D,YP,DX,F
14:49:47,INDF,RG,6025,15,D,YP,KZ,F
14:49:47,INDF,RG,6025,10,D,YP,KZ,F
14:49:47,INDF,RG,6025,4,D,PD,KZ,F
14:49:47,INDF,RG,6025,8,D,PD,KZ,F
14:49:47,INDF,RG,6025,2,D,GR,KZ,F
14:49:47,INDF,RG,6025,40,D,SQ,KZ,F
14:49:47,INDF,RG,6025,1,D,XC,KZ,F
14:49:47,INDF,RG,6025,300,D,YP,KZ,F
14:49:47,INDF,RG,6025,10,D,OD,KZ,F
14:49:47,INDF,RG,6025,1,D,CC,KZ,F
14:49:47,INDF,RG,6025,100,D,AR,KZ,F
14:49:47,INDF,RG,6025,1,D,XL,KZ,F
14:49:47,INDF,RG,6025,5,D,PD,KZ,F
14:49:47,INDF,RG,6025,1,D,XC,KZ,F
14:49:47,INDF,RG,6025,1,D,XC,KZ,F
14:49:47,INDF,RG,6025,1,D,CC,KZ,F
14:49:47,INDF,RG,6025,1,D,AZ,KZ,F
14:49:47,INDF,RG,6025,10,D,NI,KZ,F
14:49:47,INDF,RG,6025,3,D,SQ,KZ,F
14:49:47,INDF,RG,6025,50,D,PD,KZ,F
14:49:47,INDF,RG,6025,10,D,CP,KZ,F
14:49:47,INDF,RG,6025,1,D,XC,KZ,F
14:49:47,INDF,RG,6025,42,D,EP,KZ,F
14:49:46,INDF,RG,6025,3,D,EP,DX,F
14:49:46,INDF,RG,6025,1,D,EP,ZP,F
14:49:46,INDF,RG,6050,11,F,AK,KZ,F
14:49:45,INDF,RG,6025,2,D,EP,AK,F
14:49:45,INDF,RG,6025,2,D,EP,DX,F
14:49:45,INDF,RG,6025,1,D,YP,DX,F
14:49:45,INDF,RG,6025,1,D,XC,DX,F
14:49:45,INDF,RG,6025,1,D,PD,DX,F
14:49:45,INDF,RG,6025,1,D,XC,DX,F
14:49:45,INDF,RG,6025,2,D,XC,DX,F
14:49:45,INDF,RG,6025,1,D,CC,DX,F
14:49:45,INDF,RG,6025,8,D,HD,DX,F
14:49:45,INDF,RG,6025,5,D,YP,DX,F
14:49:45,INDF,RG,6025,1,D,PD,DX,F
14:49:45,INDF,RG,6025,1,D,CC,DX,F
14:49:45,INDF,RG,6025,1,D,PD,DX,F
14:49:45,INDF,RG,6025,4,D,XC,DX,F
14:49:45,INDF,RG,6025,1,D,PD,DX,F
14:49:45,INDF,RG,6025,5,D,YP,DX,F
14:49:45,INDF,RG,6025,1,D,XA,DX,F
14:49:42,INDF,RG,6050,5,D,PD,KZ,F
14:49:33,INDF,RG,6050,25,F,DP,KZ,F
14:49:31,INDF,RG,6025,20,D,XA,ZP,F
14:49:31,INDF,RG,6025,2,D,XA,ZP,F
14:49:31,INDF,RG,6050,18,F,AK,KZ,F
14:49:31,INDF,RG,6025,2,D,XA,ZP,F
14:49:30,INDF,RG,6050,9,F,AK,KZ,F
14:49:30,INDF,RG,6050,1,F,AK,KZ,F
14:49:30,INDF,RG,6050,8,F,AK,KZ,F
14:49:30,INDF,RG,6050,1,F,AK,KZ,F
14:49:30,INDF,RG,6025,1,D,XA,AK,F
14:49:30,INDF,RG,6025,1,D,XA,AK,F
14:49:24,INDF,RG,6050,12,F,AG,KZ,F
14:49:22,INDF,RG,6025,3,D,XA,CC,D
14:49:22,INDF,RG,6025,1,D,YP,CC,D
14:49:22,INDF,RG,6025,1,D,CC,CC,D
14:49:22,INDF,RG,6025,4,D,CC,CC,D
14:49:22,INDF,RG,6025,9,D,YP,CC,D
14:49:22,INDF,RG,6025,1,D,NI,CC,D
14:49:22,INDF,RG,6025,10,D,YP,CC,D
14:49:22,INDF,RG,6025,1,D,PD,CC,D
14:49:22,INDF,RG,6025,59,D,PD,CC,D
14:49:22,INDF,RG,6025,21,D,PD,YP,D
14:49:22,INDF,RG,6025,35,D,CC,YP,D
14:49:22,INDF,RG,6025,1,D,KK,YP,D
14:49:22,INDF,RG,6025,4,D,PD,YP,D
14:49:22,INDF,RG,6025,1,D,PD,YP,D
14:49:22,INDF,RG,6025,1,D,XC,YP,D
14:49:22,INDF,RG,6025,10,D,NI,YP,D
14:49:22,INDF,RG,6025,1,D,PD,YP,D
14:49:21,INDF,RG,6050,5,D,EP,KZ,F
14:49:15,INDF,RG,6050,6,F,AK,KZ,F
14:49:15,INDF,RG,6050,3,F,AK,KZ,F
14:49:15,INDF,RG,6050,6,F,AK,KZ,F
14:49:15,INDF,RG,6050,2,F,AK,KZ,F
14:49:15,INDF,RG,6025,1,D,PD,AK,F
14:49:15,INDF,RG,6025,2,D,CC,AK,F
14:49:15,INDF,RG,6025,3,D,AT,AK,F
14:49:14,INDF,RG,6025,1,D,AT,ZP,F
14:49:14,INDF,RG,6025,2,D,AT,CC,D
14:49:14,INDF,RG,6025,2,D,YP,CC,D
14:49:14,INDF,RG,6025,1,D,SQ,CC,D
14:49:14,INDF,RG,6025,1,D,CC,CC,D
14:49:14,INDF,RG,6025,15,D,CC,CC,D
14:49:14,INDF,RG,6025,2,D,XL,CC,D
14:49:14,INDF,RG,6025,15,D,YP,CC,D
14:49:14,INDF,RG,6025,10,D,PD,CC,D
14:49:14,INDF,RG,6025,1,D,XC,CC,D
14:49:14,INDF,RG,6025,1,D,YP,CC,D
14:49:14,INDF,RG,6025,80,D,YP,CC,D
14:49:11,INDF,RG,6050,25,F,DP,KZ,F
14:49:07,INDF,RG,6025,1,D,YP,AK,F
14:49:00,INDF,RG,6025,1,D,YP,AK,F
14:48:59,INDF,RG,6025,18,D,YP,AK,F
14:48:59,INDF,RG,6025,1,D,YP,AK,F
14:48:59,INDF,RG,6025,1,D,PD,AK,F
14:48:59,INDF,RG,6025,9,D,YU,AK,F
14:48:59,INDF,RG,6025,1,D,YU,AK,F
14:48:59,INDF,RG,6025,2,D,GR,AK,F
14:48:59,INDF,RG,6025,1,D,GR,AK,F
14:48:59,INDF,RG,6025,1,D,GR,AK,F
14:48:50,INDF,RG,6050,2,F,DP,KZ,F
14:48:50,INDF,RG,6050,23,F,DP,DX,F
14:48:45,INDF,RG,6025,48,D,GR,AK,F
14:48:45,INDF,RG,6050,7,F,AK,DX,F
14:48:45,INDF,RG,6050,4,F,AK,DX,F
14:48:45,INDF,RG,6050,7,F,AK,DX,F
14:48:45,INDF,RG,6025,6,D,GR,AK,F
14:48:30,INDF,RG,6050,4,F,AK,DX,F
14:48:23,INDF,RG,6050,20,F,DP,DX,F
14:48:23,INDF,RG,6050,5,F,DP,KZ,F
14:48:22,INDF,RG,6025,41,D,GR,AK,F
14:48:22,INDF,RG,6025,5,D,YP,AK,F
14:48:22,INDF,RG,6025,2,D,GR,AK,F
14:48:22,INDF,RG,6025,10,D,AO,AK,F
14:48:22,INDF,RG,6025,5,D,GR,AK,F
14:48:22,INDF,RG,6025,2,D,XC,AK,F
14:48:22,INDF,RG,6025,9,D,XC,AK,F
14:48:22,INDF,RG,6025,1,D,PD,AK,F
14:48:22,INDF,RG,6025,2,D,XC,AK,F
14:48:22,INDF,RG,6025,3,D,XL,AK,F
14:48:22,INDF,RG,6025,1,D,CC,AK,F
14:48:22,INDF,RG,6025,114,D,GR,AK,F
14:48:16,INDF,RG,6050,34,F,AK,KZ,F
14:48:16,INDF,RG,6050,6,F,AK,AK,F
14:48:16,INDF,RG,6050,18,F,AK,AK,F
14:48:16,INDF,RG,6050,5,F,AK,AK,F
14:48:15,INDF,RG,6050,1,F,AK,AK,F
14:48:15,INDF,RG,6050,7,F,AK,KZ,F
14:48:15,INDF,RG,6025,1,D,GR,AK,F
14:48:08,INDF,RG,6025,5,D,GR,AT,D
14:48:00,INDF,RG,6050,13,F,AK,KZ,F
14:48:00,INDF,RG,6025,3,D,GR,AK,F
14:47:48,INDF,RG,6050,25,F,DP,KZ,F
14:47:45,INDF,RG,6050,7,F,AK,KZ,F
14:47:45,INDF,RG,6025,2,D,GR,AK,F
14:47:24,INDF,RG,6050,9,F,AG,KZ,F
14:47:21,INDF,RG,6050,19,F,DP,KZ,F
14:47:21,INDF,RG,6050,6,F,DP,CC,F
14:47:21,INDF,RG,6050,50,D,YP,CC,F
14:47:10,INDF,RG,6025,1,D,GR,ZP,F
14:47:10,INDF,RG,6050,180,D,CC,CC,F
14:47:10,INDF,RG,6050,3,D,CC,ZP,F
14:47:10,INDF,RG,6050,3,D,CC,KZ,F
14:47:10,INDF,RG,6050,1,D,CC,YP,D
14:47:10,INDF,RG,6050,21,D,CC,KZ,F
14:47:10,INDF,RG,6050,69,D,CC,DX,F
14:47:10,INDF,RG,6050,15,D,CC,KZ,F
14:47:10,INDF,RG,6050,64,D,CC,ZP,F
14:47:10,INDF,RG,6050,144,D,CC,KZ,F
14:47:01,INDF,RG,6025,19,D,GR,ZP,F
14:47:00,INDF,RG,6050,49,F,AK,KZ,F
14:47:00,INDF,RG,6025,53,D,GR,AK,F
14:46:50,INDF,RG,6025,2,D,GR,CS,F
14:46:49,INDF,RG,6050,7,F,DP,KZ,F
14:46:49,INDF,RG,6050,1,F,DP,YP,D
14:46:49,INDF,RG,6050,17,F,DP,KZ,F
14:46:45,INDF,RG,6050,13,F,AK,KZ,F
14:46:45,INDF,RG,6025,2,D,XC,AK,F
14:46:45,INDF,RG,6025,2,D,CC,AK,F
14:46:45,INDF,RG,6025,7,D,CC,AK,F
14:46:41,INDF,RG,6050,5,D,SQ,KZ,F
14:46:37,INDF,RG,6050,1,F,CS,KZ,F
14:46:31,INDF,RG,6050,1,D,PD,KZ,F
14:46:31,INDF,RG,6050,60,D,PD,DX,F
14:46:31,INDF,RG,6025,6,D,CC,CS,F
14:46:27,INDF,RG,6050,1,F,CS,DX,F
14:46:19,INDF,RG,6050,25,F,DP,DX,F
14:46:15,INDF,RG,6050,9,F,AK,DX,F
14:46:15,INDF,RG,6050,11,F,AK,KZ,F
14:46:15,INDF,RG,6050,2,F,AK,KZ,F
14:46:15,INDF,RG,6025,3,D,CC,AK,F
14:46:15,INDF,RG,6025,15,D,CC,AK,F
14:46:09,INDF,RG,6050,1,F,CS,KZ,F
14:46:08,INDF,RG,6050,1,F,CS,KZ,F
14:46:00,INDF,RG,6050,41,F,AK,KZ,F
14:46:00,INDF,RG,6050,11,F,AK,KZ,F
14:45:53,INDF,RG,6050,2,D,KK,KZ,F
14:45:45,INDF,RG,6050,8,F,AK,KZ,F
14:45:44,INDF,RG,6025,1,D,CC,GR,D
14:45:36,INDF,RG,6050,2,F,CS,KZ,F
14:45:31,INDF,RG,6025,17,D,CC,ZP,F
14:45:30,INDF,RG,6025,12,D,CC,AK,F
14:45:20,INDF,RG,6025,9,D,CC,DX,F
14:45:20,INDF,RG,6025,45,D,CC,DX,F
14:45:16,INDF,RG,6050,25,F,DP,KZ,F
14:45:15,INDF,RG,6050,13,F,AK,KZ,F
14:45:14,INDF,RG,6050,20,D,YP,KZ,F
14:45:05,INDF,RG,6050,1,F,CS,KZ,F
14:45:05,INDF,RG,6050,1,F,CS,KZ,F
14:45:04,INDF,RG,6050,18,D,NI,KZ,F
14:44:48,INDF,RG,6050,1,D,XL,KZ,F
14:44:46,INDF,RG,6050,6,D,PD,KZ,F
14:44:45,INDF,RG,6050,14,F,AK,KZ,F
14:44:44,INDF,RG,6050,18,D,CC,KZ,F
14:44:41,INDF,RG,6050,1,D,CD,KZ,F
14:44:39,INDF,RG,6050,15,D,CC,KZ,F
14:44:31,INDF,RG,6050,25,F,DP,KZ,F
14:44:30,INDF,RG,6050,30,F,AK,KZ,F
14:44:10,INDF,RG,6050,2,D,XC,KZ,F
14:44:01,INDF,RG,6025,6,D,CC,ZP,F
14:44:01,INDF,RG,6050,7,F,AK,KZ,F
14:44:00,INDF,RG,6050,1,D,CC,KZ,F
14:44:00,INDF,RG,6050,15,F,AK,KZ,F
14:44:00,INDF,RG,6050,1,D,CC,KZ,F
14:44:00,INDF,RG,6050,1,D,CC,KZ,F
14:43:56,INDF,RG,6050,25,F,DP,KZ,F
14:43:52,INDF,RG,6025,48,D,CC,DX,F
14:43:52,INDF,RG,6025,1,D,XL,DX,F
14:43:52,INDF,RG,6025,5,D,NI,DX,F
14:43:52,INDF,RG,6025,3,D,CC,DX,F
14:43:37,INDF,RG,6050,6,F,AK,KZ,F
14:43:31,INDF,RG,6025,15,D,CC,ZP,F
14:43:28,INDF,RG,6050,4,D,KK,KZ,F
14:43:17,INDF,RG,6050,6,F,AK,KZ,F
14:43:17,INDF,RG,6050,25,F,DP,KZ,F
14:43:04,INDF,RG,6050,1,D,XC,KZ,F
14:43:01,INDF,RG,6025,19,D,CC,ZP,F
14:43:00,INDF,RG,6025,5,D,CC,XL,D
14:42:55,INDF,RG,6050,2,F,AK,CC,F
14:42:55,INDF,RG,6050,2,F,AK,ZP,F
14:42:55,INDF,RG,6050,1,F,AK,KZ,F
14:42:55,INDF,RG,6025,1,D,CC,PD,D
14:42:46,INDF,RG,6025,1,D,CC,YP,D
14:42:45,INDF,RG,6050,6,F,AK,PD,D
14:42:45,INDF,RG,6050,6,F,AK,CS,F
14:42:45,INDF,RG,6050,4,F,AK,CS,F
14:42:45,INDF,RG,6050,6,F,AK,CS,F
14:42:45,INDF,RG,6050,8,F,AK,CS,F
14:42:45,INDF,RG,6050,1,F,AK,CS,F
14:42:45,INDF,RG,6050,3,F,AK,KZ,F
14:42:45,INDF,RG,6050,1,F,AK,KZ,F
14:42:45,INDF,RG,6050,4,F,AK,CC,F
14:42:45,INDF,RG,6050,3,F,AK,KZ,F
14:42:32,INDF,RG,6025,5,D,CC,KK,D
14:42:28,INDF,RG,6050,38,D,YU,KZ,F
14:42:28,INDF,RG,6050,21,D,YU,ZP,F
14:42:28,INDF,RG,6050,68,D,YU,CC,D
14:42:21,INDF,RG,6050,1,D,KK,CC,D
14:42:15,INDF,RG,6025,2,D,CC,XC,D
14:42:01,INDF,RG,6025,19,D,CC,ZP,F
14:41:31,INDF,RG,6025,19,D,CC,ZP,F
14:41:09,INDF,RG,6050,3,D,XC,CC,D
14:41:07,INDF,RG,6050,25,F,DP,CC,D
14:41:00,INDF,RG,6050,8,D,YU,CC,D
14:41:00,INDF,RG,6050,19,D,YU,KZ,F
14:40:56,INDF,RG,6050,3,D,PD,KZ,F
14:40:56,INDF,RG,6050,1,D,PD,KZ,F
14:40:55,INDF,RG,6050,1,D,NI,KZ,F
14:40:38,INDF,RG,6050,1,D,ZP,KZ,F
14:40:38,INDF,RG,6050,4,D,ZP,AK,F
14:40:30,INDF,RG,6050,1,F,AK,AK,F
14:40:30,INDF,RG,6050,15,F,AK,AK,F
14:40:30,INDF,RG,6050,4,F,AK,AK,F
14:40:17,INDF,RG,6050,16,F,DP,AK,F
14:40:17,INDF,RG,6050,9,F,DP,AK,F
14:40:16,INDF,RG,6050,5,D,PD,AK,F
14:40:16,INDF,RG,6025,1,D,CC,YP,D
14:40:15,INDF,RG,6050,13,F,AK,AK,F
14:40:15,INDF,RG,6050,3,F,AK,AK,F
14:40:15,INDF,RG,6050,7,F,AK,AK,F
14:40:00,INDF,RG,6050,8,D,CC,AK,F
14:39:58,INDF,RG,6025,75,D,CC,AK,F
14:39:58,INDF,RG,6025,1,D,PD,AK,F
14:39:58,INDF,RG,6025,5,D,KK,AK,F
14:39:58,INDF,RG,6025,6,D,TP,AK,F
14:39:58,INDF,RG,6050,1,F,DP,AK,F
14:39:58,INDF,RG,6050,8,F,DP,CC,F
14:39:58,INDF,RG,6050,8,F,DP,CS,F
14:39:58,INDF,RG,6050,6,F,DP,CS,F
14:39:58,INDF,RG,6050,2,F,DP,KZ,F
14:39:50,INDF,RG,6050,1,D,PD,KZ,F
14:39:49,INDF,RG,6050,2,D,XL,KZ,F
14:39:36,INDF,RG,6050,4,D,PD,KZ,F
14:39:34,INDF,RG,6050,323,F,AK,KZ,F
14:39:34,INDF,RG,6050,71,F,AK,DX,F
14:39:34,INDF,RG,6050,18,F,AK,DX,F
14:39:34,INDF,RG,6050,67,F,AK,DX,F
14:39:34,INDF,RG,6050,72,F,AK,DX,F
14:39:34,INDF,RG,6050,14,F,AK,DX,F
14:39:34,INDF,RG,6050,92,F,AK,DX,F
14:39:34,INDF,RG,6050,97,F,AK,CC,D
14:39:34,INDF,RG,6050,96,F,AK,CC,D
14:39:34,INDF,RG,6050,13,F,AK,CS,F
14:39:34,INDF,RG,6050,325,F,AK,AK,F
14:39:34,INDF,RG,6050,16,F,AK,ZP,F
14:39:34,INDF,RG,6050,1,F,AK,ZP,F
14:39:34,INDF,RG,6050,3,F,AK,CS,F
14:39:31,INDF,RG,6025,3,D,TP,ZP,F
14:39:30,INDF,RG,6025,4,D,TP,AK,F
14:39:17,INDF,RG,6025,37,D,TP,DX,F
14:39:17,INDF,RG,6025,1,D,PD,DX,F
14:39:17,INDF,RG,6025,1,D,PD,DX,F
14:39:17,INDF,RG,6025,1,D,SQ,DX,F
14:39:17,INDF,RG,6025,1,D,XL,DX,F
14:39:17,INDF,RG,6025,11,D,GR,DX,F
14:39:00,INDF,RG,6025,4,D,GR,AK,F
14:39:00,INDF,RG,6025,3,D,OD,AK,F
14:39:00,INDF,RG,6050,10,D,YU,CS,F
14:39:00,INDF,RG,6050,13,D,YU,HD,D
14:38:59,INDF,RG,6050,30,D,AZ,HD,D
14:38:58,INDF,RG,6050,1,D,PD,HD,D
14:38:56,INDF,RG,6050,4,D,PD,HD,D
14:38:45,INDF,RG,6025,2,D,OD,AK,F
14:38:27,INDF,RG,6025,5,D,OD,DX,F
14:38:27,INDF,RG,6025,30,D,XA,DX,F
14:38:27,INDF,RG,6025,1,D,SQ,DX,F
14:38:27,INDF,RG,6025,1,D,XL,DX,F
14:38:27,INDF,RG,6025,2,D,SQ,DX,F
14:38:27,INDF,RG,6025,3,D,FS,DX,F
14:38:27,INDF,RG,6025,1,D,PD,DX,F
14:38:27,INDF,RG,6025,1,D,PD,DX,F
14:38:27,INDF,RG,6025,1,D,OD,DX,F
14:38:27,INDF,RG,6025,10,D,SQ,DX,F
14:38:27,INDF,RG,6025,6,D,CC,DX,F
14:38:23,INDF,RG,6025,3,D,CC,DX,F
14:38:16,INDF,RG,6050,4,D,PD,HD,D
14:38:15,INDF,RG,6025,2,D,CC,AK,F
14:37:47,INDF,RG,6025,9,D,CC,YP,D
14:37:47,INDF,RG,6025,10,D,YP,YP,D
14:37:47,INDF,RG,6025,1,D,CC,YP,D
14:37:47,INDF,RG,6025,23,D,CC,YP,D
14:37:36,INDF,RG,6050,4,D,PD,HD,D
14:37:30,INDF,RG,6025,2,D,CC,AK,F
14:37:00,INDF,RG,6050,27,D,YU,HD,D
14:36:54,INDF,RG,6025,2,D,PD,BK,F
14:36:54,INDF,RG,6025,10,D,YP,BK,F
14:36:54,INDF,RG,6025,9,D,SQ,BK,F
14:36:49,INDF,RG,6025,23,D,SQ,BK,F
14:36:45,INDF,RG,6025,18,D,SQ,BK,F
14:36:45,INDF,RG,6025,20,D,YP,BK,F
14:36:45,INDF,RG,6025,2,D,PD,BK,F
14:36:45,INDF,RG,6025,25,D,NI,BK,F
14:36:45,INDF,RG,6025,5,D,ZP,BK,F
14:36:45,INDF,RG,6025,1,D,CC,BK,F
14:36:45,INDF,RG,6025,10,F,AG,BK,F
14:36:45,INDF,RG,6025,10,D,KK,BK,F
14:36:45,INDF,RG,6025,8,D,GR,BK,F
14:36:45,INDF,RG,6025,1,D,XL,BK,F
14:36:45,INDF,RG,6025,1,D,KK,BK,F
14:36:45,INDF,RG,6050,1,F,AK,HD,D
14:36:44,INDF,RG,6050,2,F,AK,HD,D
14:36:44,INDF,RG,6050,3,F,AK,HD,D
14:36:44,INDF,RG,6050,6,F,AK,HD,D
14:36:44,INDF,RG,6050,13,F,AK,HD,D
14:36:43,INDF,RG,6050,25,F,AK,HD,D
14:36:43,INDF,RG,6050,51,F,AK,HD,D
14:36:43,INDF,RG,6050,7,F,CS,HD,D
14:36:43,INDF,RG,6050,5,D,XC,HD,D
14:36:43,INDF,RG,6050,44,F,DP,HD,D
14:36:43,INDF,RG,6050,5,D,CC,HD,D
14:36:43,INDF,RG,6050,1,D,YP,HD,D
14:36:43,INDF,RG,6050,3,D,PD,HD,D
14:36:43,INDF,RG,6050,5,D,KK,HD,D
14:36:43,INDF,RG,6050,199,F,ZP,HD,D
14:36:43,INDF,RG,6050,5,D,XC,HD,D
14:36:43,INDF,RG,6050,40,D,AZ,HD,D
14:36:43,INDF,RG,6050,3,D,PD,HD,D
14:36:43,INDF,RG,6050,5,D,EP,HD,D
14:36:43,INDF,RG,6050,10,D,GR,HD,D
14:36:43,INDF,RG,6050,1,D,XA,HD,D
14:36:43,INDF,RG,6050,50,D,OD,HD,D
14:36:43,INDF,RG,6050,127,F,ZP,HD,D
14:36:43,INDF,RG,6050,7,F,CS,HD,D
14:36:43,INDF,RG,6050,1,D,YP,HD,D
14:36:43,INDF,RG,6050,30,F,ZP,HD,D
14:36:43,INDF,RG,6050,4,D,PD,HD,D
14:36:43,INDF,RG,6050,45,F,DP,HD,D
14:36:43,INDF,RG,6050,219,F,AK,HD,D
14:36:32,INDF,RG,6075,3,D,PD,DX,F
14:36:24,INDF,RG,6050,1,F,AK,YP,D
14:36:16,INDF,RG,6075,1,D,PD,DX,F
14:36:16,INDF,RG,6075,3,D,PD,KZ,F
14:36:16,INDF,RG,6050,4,F,AK,DX,F
14:36:16,INDF,RG,6050,50,F,ZP,DX,F
14:36:04,INDF,RG,6050,1,F,ZP,KK,D
14:35:47,INDF,RG,6050,24,F,ZP,AG,D
14:35:36,INDF,RG,6075,4,D,PD,KZ,F
14:35:23,INDF,RG,6050,17,F,ZP,DX,F
14:35:23,INDF,RG,6050,14,F,AK,DX,F
14:35:23,INDF,RG,6050,9,F,AK,DX,F
14:35:23,INDF,RG,6050,14,F,AK,DX,F
14:35:21,INDF,RG,6075,5,D,XC,KZ,F
14:35:19,INDF,RG,6050,3,F,AK,ZP,F
14:35:04,INDF,RG,6050,1,F,AK,KZ,F
14:35:04,INDF,RG,6050,10,D,PD,KZ,F
14:35:04,INDF,RG,6050,5,F,CS,KZ,F
14:35:04,INDF,RG,6050,45,F,ZP,KZ,F
14:34:59,INDF,RG,6050,148,F,ZP,KZ,F
14:34:56,INDF,RG,6075,4,D,PD,KZ,F
14:34:56,INDF,RG,6050,48,F,ZP,KZ,F
14:34:56,INDF,RG,6050,50,D,CC,KZ,F
14:34:56,INDF,RG,6050,2,D,XC,KZ,F
14:34:56,INDF,RG,6050,44,F,DP,KZ,F
14:34:56,INDF,RG,6050,2,D,PD,KZ,F
14:34:56,INDF,RG,6050,1,D,NI,KZ,F
14:34:56,INDF,RG,6050,1,D,KK,KZ,F
14:34:56,INDF,RG,6050,5,D,KK,KZ,F
14:34:56,INDF,RG,6050,1,D,XC,KZ,F
14:34:56,INDF,RG,6050,7,D,PD,KZ,F
14:34:56,INDF,RG,6050,10,D,NI,KZ,F
14:34:56,INDF,RG,6050,10,D,PD,KZ,F
14:34:56,INDF,RG,6050,1,D,XC,KZ,F
14:34:56,INDF,RG,6050,20,F,ZP,KZ,F
14:34:56,INDF,RG,6050,30,F,ZP,KZ,F
14:34:56,INDF,RG,6050,2,D,XC,KZ,F
14:34:56,INDF,RG,6050,9,F,ZP,KZ,F
14:34:56,INDF,RG,6050,57,F,ZP,KZ,F
14:34:54,INDF,RG,6050,24,F,ZP,KZ,F
14:34:54,INDF,RG,6050,27,F,ZP,KZ,F
14:34:51,INDF,RG,6050,38,F,ZP,KZ,F
14:34:51,INDF,RG,6050,17,F,ZP,KZ,F
14:34:51,INDF,RG,6050,16,F,ZP,KZ,F
14:34:51,INDF,RG,6050,1,F,ZP,KZ,F
14:34:16,INDF,RG,6075,4,D,PD,KZ,F
14:34:15,INDF,RG,6050,5,F,ZP,AK,F
14:34:07,INDF,RG,6075,18,F,AK,KZ,F
14:34:00,INDF,RG,6075,3,D,YU,KZ,F
14:34:00,INDF,RG,6075,25,D,YU,CC,D
14:33:36,INDF,RG,6075,4,D,PD,CC,D
14:33:20,INDF,RG,6050,101,F,ZP,CC,D
14:33:20,INDF,RG,6050,1,D,CC,CC,D
14:33:20,INDF,RG,6050,28,F,ZP,CC,D
14:33:05,INDF,RG,6075,17,D,PD,CC,D
14:32:56,INDF,RG,6075,4,D,PD,CC,D
14:32:45,INDF,RG,6050,4,F,ZP,AK,F
14:32:16,INDF,RG,6075,4,D,PD,CC,D
14:31:57,INDF,RG,6075,25,F,DP,CC,D
14:31:45,INDF,RG,6050,5,F,ZP,AK,F
14:31:36,INDF,RG,6075,4,D,PD,CC,D
14:31:04,INDF,RG,6075,17,F,DP,CC,D
14:31:04,INDF,RG,6075,8,F,DP,KZ,F
14:31:00,INDF,RG,6075,9,D,YU,KZ,F
14:31:00,INDF,RG,6075,12,D,YU,OD,D
14:30:47,INDF,RG,6050,5,F,ZP,PD,D
14:30:33,INDF,RG,6050,15,F,ZP,BK,F
14:30:30,INDF,RG,6050,19,F,ZP,BK,F
14:30:30,INDF,RG,6050,1,D,YP,BK,F
14:30:30,INDF,RG,6050,1,D,NI,BK,F
14:30:30,INDF,RG,6050,8,D,DH,BK,F
14:30:30,INDF,RG,6050,4,D,DH,AK,F
14:30:30,INDF,RG,6075,3,F,AK,OD,D
14:30:30,INDF,RG,6075,7,F,AK,CS,F
14:30:30,INDF,RG,6075,8,F,AK,NI,D
14:30:30,INDF,RG,6075,50,F,AK,DX,F
14:30:28,INDF,RG,6050,63,D,DH,BK,F
14:30:23,INDF,RG,6050,10,D,DH,DX,F
14:30:23,INDF,RG,6050,54,D,DH,DX,F
14:30:23,INDF,RG,6050,225,D,DH,BK,F
14:30:21,INDF,RG,6050,6,D,DH,ZP,F
14:30:21,INDF,RG,6075,10,F,AK,DX,F
14:30:21,INDF,RG,6075,30,F,AK,SQ,D
14:30:21,INDF,RG,6075,41,F,AK,KZ,F
14:30:21,INDF,RG,6075,228,F,AK,ZP,F
14:30:21,INDF,RG,6075,3,F,AK,CS,F
14:30:21,INDF,RG,6075,8,F,AK,CS,F
14:30:21,INDF,RG,6075,14,F,AK,KZ,F
14:30:21,INDF,RG,6075,66,F,AK,DX,F
14:30:21,INDF,RG,6075,1,F,AK,KZ,F
14:30:21,INDF,RG,6075,4,F,AK,CS,F
14:30:21,INDF,RG,6075,8,F,AK,KZ,F
14:30:21,INDF,RG,6075,1,F,AK,XC,D
14:30:21,INDF,RG,6075,21,F,AK,KZ,F
14:30:21,INDF,RG,6075,5,F,AK,KZ,F
14:30:21,INDF,RG,6075,6,F,AK,CS,F
14:30:21,INDF,RG,6050,130,D,DH,AK,F
14:30:21,INDF,RG,6050,65,F,ZP,AK,F
14:30:21,INDF,RG,6050,1,D,PD,AK,F
14:30:21,INDF,RG,6050,2,D,NI,AK,F
14:30:21,INDF,RG,6050,50,D,SQ,AK,F
14:30:21,INDF,RG,6050,2,D,DH,AK,F
14:30:21,INDF,RG,6050,2,D,SQ,AK,F
14:30:21,INDF,RG,6050,10,D,XL,AK,F
14:30:21,INDF,RG,6050,1,D,NI,AK,F
14:30:21,INDF,RG,6050,1,D,NI,AK,F
14:30:21,INDF,RG,6050,64,F,AK,AK,F
14:30:21,INDF,RG,6050,88,F,ZP,AK,F
14:30:21,INDF,RG,6050,30,D,AZ,AK,F
14:30:21,INDF,RG,6050,20,D,AZ,AK,F
14:30:21,INDF,RG,6050,1,D,YP,AK,F
14:30:21,INDF,RG,6050,3,D,CC,AK,F
14:30:21,INDF,RG,6050,1,D,EP,AK,F
14:30:21,INDF,RG,6050,1,F,CS,AK,F
14:30:21,INDF,RG,6050,1,D,PD,AK,F
14:30:21,INDF,RG,6050,32,F,AK,AK,F
14:30:21,INDF,RG,6050,7,F,AK,AK,F
14:30:21,INDF,RG,6050,21,F,AK,AK,F
14:30:21,INDF,RG,6050,1,F,CS,AK,F
14:30:21,INDF,RG,6050,1,F,CS,AK,F
14:30:21,INDF,RG,6050,10,D,PD,AK,F
14:30:21,INDF,RG,6050,2,F,CS,AK,F
14:30:21,INDF,RG,6050,1,F,CS,AK,F
14:30:21,INDF,RG,6050,4,D,PD,AK,F
14:30:21,INDF,RG,6050,1,D,PD,AK,F
14:30:21,INDF,RG,6050,5,D,PD,AK,F
14:30:21,INDF,RG,6050,50,D,RG,AK,F
14:30:21,INDF,RG,6050,4,D,PD,AK,F
14:30:21,INDF,RG,6050,4,D,PD,AK,F
14:30:21,INDF,RG,6050,10,D,AZ,AK,F
14:30:21,INDF,RG,6050,2,F,CS,AK,F
14:30:21,INDF,RG,6050,1,F,CS,AK,F
14:30:21,INDF,RG,6050,5,D,CC,AK,F
14:30:21,INDF,RG,6050,1,D,NI,AK,F
14:30:21,INDF,RG,6050,5,D,NI,AK,F
14:30:21,INDF,RG,6050,20,D,XA,AK,F
14:30:21,INDF,RG,6050,1,D,PD,AK,F
14:30:21,INDF,RG,6050,50,D,PD,AK,F
14:30:21,INDF,RG,6050,8,D,NI,AK,F
14:30:21,INDF,RG,6050,1,D,PD,AK,F
14:30:21,INDF,RG,6050,16,D,NI,AK,F
14:30:21,INDF,RG,6050,29,D,AZ,AK,F
14:30:21,INDF,RG,6050,3,D,XC,AK,F
14:30:21,INDF,RG,6050,1,D,DH,AK,F
14:30:21,INDF,RG,6050,1,F,CS,AK,F
14:30:21,INDF,RG,6050,1,F,CS,AK,F
14:30:21,INDF,RG,6050,3,D,SQ,AK,F
14:30:21,INDF,RG,6050,2,F,CS,AK,F
14:30:21,INDF,RG,6050,50,D,DH,AK,F
14:30:21,INDF,RG,6050,11,F,AK,AK,F
14:30:21,INDF,RG,6050,6,F,AK,AK,F
14:30:21,INDF,RG,6050,5,F,AK,AK,F
14:30:21,INDF,RG,6050,2,F,CS,AK,F
14:30:21,INDF,RG,6050,2,F,CS,AK,F
14:30:21,INDF,RG,6050,1,F,CS,AK,F
14:30:21,INDF,RG,6050,62,F,ZP,AK,F
14:30:20,INDF,RG,6050,45,F,ZP,DX,F
14:30:17,INDF,RG,6075,8,F,AK,CS,F
14:30:17,INDF,RG,6075,5,F,AK,KZ,F
14:30:17,INDF,RG,6075,4,F,AK,AK,F
14:30:16,INDF,RG,6075,4,D,PD,AK,F
14:29:45,INDF,RG,6075,9,F,AK,AK,F
14:29:45,INDF,RG,6075,71,F,AK,KZ,F
14:29:36,INDF,RG,6075,4,D,PD,KZ,F
14:29:35,INDF,RG,6050,14,F,ZP,CS,F
14:29:35,INDF,RG,6050,1,D,XC,CS,F
14:29:35,INDF,RG,6050,1,D,SQ,CS,F
14:29:35,INDF,RG,6050,10,D,PD,CS,F
14:29:35,INDF,RG,6050,1,D,KK,CS,F
14:29:33,INDF,RG,6075,30,D,AZ,KZ,F
14:28:56,INDF,RG,6075,4,D,PD,KZ,F
14:28:54,INDF,RG,6075,10,D,PD,KZ,F
14:28:30,INDF,RG,6050,4,D,KK,AK,F
14:28:30,INDF,RG,6050,1,F,AG,AK,F
14:28:16,INDF,RG,6075,4,D,PD,KZ,F
14:28:00,INDF,RG,6075,19,D,YU,KZ,F
14:27:52,INDF,RG,6075,32,F,AK,KZ,F
14:27:45,INDF,RG,6050,4,F,AG,AK,F
14:27:38,INDF,RG,6050,1,F,AG,PD,D
14:27:36,INDF,RG,6075,4,D,PD,KZ,F
14:27:32,INDF,RG,6050,1,F,AG,XC,D
14:26:57,INDF,RG,6050,2,F,AG,PD,D
14:26:56,INDF,RG,6075,4,D,PD,KZ,F
14:26:16,INDF,RG,6075,4,D,PD,KZ,F
14:26:15,INDF,RG,6050,3,F,AG,AK,F
14:26:15,INDF,RG,6050,1,D,OD,AK,F
14:26:00,INDF,RG,6075,8,F,AK,KZ,F
14:25:56,INDF,RG,6050,4,D,OD,DX,F
14:25:56,INDF,RG,6050,9,D,CC,DX,F
14:25:56,INDF,RG,6050,44,F,DP,DX,F
14:25:36,INDF,RG,6075,4,D,PD,KZ,F
14:25:30,INDF,RG,6050,17,F,DP,AK,F
14:25:30,INDF,RG,6050,2,F,CS,AK,F
14:25:30,INDF,RG,6050,59,D,AI,AK,F
14:25:08,INDF,RG,6050,28,D,AI,DX,F
14:25:07,INDF,RG,6075,25,F,DP,KZ,F
14:25:00,INDF,RG,6075,25,D,YU,KZ,F
14:24:56,INDF,RG,6075,4,D,PD,KZ,F
14:24:52,INDF,RG,6075,20,F,AK,KZ,F
14:24:36,INDF,RG,6075,30,D,AZ,KZ,F
14:24:28,INDF,RG,6075,12,F,CS,KZ,F
14:24:28,INDF,RG,6075,50,D,AZ,KZ,F
14:24:16,INDF,RG,6075,4,D,PD,KZ,F
14:24:06,INDF,RG,6050,51,D,AI,DX,F
14:24:01,INDF,RG,6050,6,D,AI,DX,F
14:24:00,INDF,RG,6075,8,F,AK,KZ,F
14:23:36,INDF,RG,6075,4,D,PD,KZ,F
14:23:22,INDF,RG,6050,1,D,AI,YP,D
14:23:14,INDF,RG,6050,21,D,AI,BK,F
14:23:12,INDF,RG,6050,20,D,AI,YP,D
14:22:56,INDF,RG,6075,4,D,PD,KZ,F
14:22:48,INDF,RG,6050,12,D,AI,BK,F
14:22:46,INDF,RG,6050,24,D,AI,BK,F
14:22:45,INDF,RG,6050,64,D,AI,DX,F
14:22:43,INDF,RG,6075,15,F,DP,KZ,F
14:22:43,INDF,RG,6075,5,F,DP,AK,F
14:22:43,INDF,RG,6075,5,F,DP,AK,F
14:22:43,INDF,RG,6050,24,D,AI,CS,F
14:22:33,INDF,RG,6075,9,D,PD,BK,F
14:22:17,INDF,RG,6050,4,D,AI,AK,F
14:22:16,INDF,RG,6075,4,D,PD,BK,F
14:22:08,INDF,RG,6050,1,D,AI,NI,D
14:22:04,INDF,RG,6050,18,D,AI,BK,F
14:22:01,INDF,RG,6050,43,D,AI,BK,F
14:22:00,INDF,RG,6075,8,F,AK,BK,F
14:22:00,INDF,RG,6075,20,D,YU,BK,F
14:22:00,INDF,RG,6075,18,D,CC,BK,F
14:22:00,INDF,RG,6050,186,D,AI,CC,D
14:21:46,INDF,RG,6050,1,D,AI,XL,D
14:21:39,INDF,RG,6050,20,D,AI,BK,F
14:21:37,INDF,RG,6050,54,D,AI,DX,F
14:21:36,INDF,RG,6075,4,D,PD,BK,F
14:21:16,INDF,RG,6050,1,D,AI,OD,D
14:21:00,INDF,RG,6075,19,D,CC,BK,F
14:20:56,INDF,RG,6075,4,D,PD,BK,F
14:20:20,INDF,RG,6075,25,F,DP,BK,F
14:20:18,INDF,RG,6050,51,D,AI,DX,F
14:20:16,INDF,RG,6075,5,D,PD,BK,F
14:20:15,INDF,RG,6075,48,F,AK,BK,F
14:20:06,INDF,RG,6075,2,D,NI,BK,F
14:19:36,INDF,RG,6075,4,D,PD,BK,F
14:19:32,INDF,RG,6075,20,D,AZ,BK,F
14:19:30,INDF,RG,6075,6,F,AK,BK,F
14:19:07,INDF,RG,6075,28,F,AK,BK,F
14:19:00,INDF,RG,6050,3,D,AI,AK,F
14:18:58,INDF,RG,6075,4,D,XC,BK,F
14:18:56,INDF,RG,6075,4,D,PD,BK,F
14:18:53,INDF,RG,6075,10,D,CC,BK,F
14:18:53,INDF,RG,6075,20,D,CC,BK,F
14:18:52,INDF,RG,6075,40,D,AZ,BK,F
14:18:16,INDF,RG,6075,4,D,PD,BK,F
14:18:00,INDF,RG,6050,3,D,AI,AK,F
14:18:00,INDF,RG,6075,26,D,YU,BK,F
14:17:36,INDF,RG,6075,4,D,PD,BK,F
14:17:22,INDF,RG,6075,21,F,AK,BK,F
14:16:56,INDF,RG,6075,4,D,PD,BK,F
14:16:25,INDF,RG,6075,10,D,KK,BK,F
14:16:16,INDF,RG,6075,4,D,PD,BK,F
14:15:36,INDF,RG,6075,4,D,PD,BK,F
14:15:33,INDF,RG,6050,21,D,AI,CS,F
14:15:30,INDF,RG,6050,3,D,AI,AK,F
14:15:29,INDF,RG,6075,25,F,DP,BK,F
14:15:09,INDF,RG,6075,14,F,CS,BK,F
14:15:00,INDF,RG,6075,31,F,AK,BK,F
14:15:00,INDF,RG,6075,7,F,AK,BK,F
14:15:00,INDF,RG,6075,26,D,YU,BK,F
14:14:56,INDF,RG,6075,4,D,PD,BK,F
14:14:45,INDF,RG,6050,6,D,AI,AK,F
14:14:39,INDF,RG,6075,11,F,ZP,BK,F
14:14:16,INDF,RG,6075,4,D,PD,BK,F
14:13:40,INDF,RG,6075,1,D,YP,BK,F
14:13:36,INDF,RG,6075,4,D,PD,BK,F
14:13:10,INDF,RG,6050,1,D,AI,PD,D
14:13:07,INDF,RG,6075,16,F,AK,BK,F
14:13:03,INDF,RG,6050,9,D,AI,PD,D
14:13:00,INDF,RG,6075,60,F,AK,BK,F
14:13:00,INDF,RG,6050,2,D,AI,AK,F
14:12:56,INDF,RG,6075,4,D,PD,BK,F
14:12:36,INDF,RG,6075,18,F,AK,BK,F
14:12:29,INDF,RG,6075,5,D,SQ,BK,F
14:12:16,INDF,RG,6075,4,D,PD,BK,F
14:11:36,INDF,RG,6075,4,D,PD,BK,F
14:11:16,INDF,RG,6075,2,D,BQ,BK,F
14:11:05,INDF,RG,6075,11,F,ZP,BK,F
14:10:56,INDF,RG,6075,4,D,PD,BK,F
14:10:52,INDF,RG,6050,4,D,AI,AK,F
14:10:37,INDF,RG,6075,16,F,ZP,BK,F
14:10:37,INDF,RG,6075,16,F,AK,BK,F
14:10:16,INDF,RG,6075,4,D,PD,BK,F
14:10:10,INDF,RG,6075,22,F,ZP,BK,F
14:10:01,INDF,RG,6075,25,F,DP,BK,F
14:10:00,INDF,RG,6075,32,D,YU,BK,F
14:09:45,INDF,RG,6075,8,F,AK,BK,F
14:09:37,INDF,RG,6075,11,F,ZP,BK,F
14:09:36,INDF,RG,6075,4,D,PD,BK,F
14:09:10,INDF,RG,6075,26,F,ZP,BK,F
14:08:56,INDF,RG,6075,4,D,PD,BK,F
14:08:35,INDF,RG,6075,15,F,ZP,BK,F
14:08:29,INDF,RG,6050,4,D,AI,XL,D
14:08:16,INDF,RG,6075,4,D,PD,BK,F
14:08:03,INDF,RG,6050,4,D,AI,AK,F
14:08:02,INDF,RG,6075,14,F,ZP,BK,F
14:07:45,INDF,RG,6075,160,F,AK,BK,F
14:07:45,INDF,RG,6075,182,F,AK,AK,F
14:07:45,INDF,RG,6075,2,F,AK,AK,F
14:07:36,INDF,RG,6075,4,D,PD,AK,F
14:07:30,INDF,RG,6075,13,F,AK,AK,F
14:07:30,INDF,RG,6050,3,D,AI,AK,F
14:07:29,INDF,RG,6075,9,F,ZP,AK,F
14:07:12,INDF,RG,6075,25,F,DP,AK,F
14:07:02,INDF,RG,6075,30,F,ZP,AK,F
14:07:00,INDF,RG,6075,5,F,AK,AK,F
14:07:00,INDF,RG,6075,19,D,YU,AK,F
14:06:56,INDF,RG,6075,4,D,PD,AK,F
14:06:29,INDF,RG,6075,15,F,ZP,AK,F
14:06:16,INDF,RG,6075,4,D,PD,AK,F
14:06:14,INDF,RG,6075,2,D,XC,AK,F
14:05:58,INDF,RG,6075,18,F,ZP,AK,F
14:05:36,INDF,RG,6075,4,D,PD,AK,F
14:05:21,INDF,RG,6075,13,F,ZP,AK,F
14:04:56,INDF,RG,6075,4,D,PD,AK,F
14:04:52,INDF,RG,6075,22,F,ZP,AK,F
14:04:45,INDF,RG,6075,6,F,AK,AK,F
14:04:19,INDF,RG,6075,6,F,ZP,AK,F
14:04:19,INDF,RG,6075,3,F,ZP,ZP,F
14:04:19,INDF,RG,6075,5,F,ZP,DX,F
14:04:16,INDF,RG,6075,21,F,AK,DX,F
14:04:16,INDF,RG,6075,4,D,PD,DX,F
14:03:47,INDF,RG,6075,6,F,ZP,DX,F
14:03:47,INDF,RG,6075,6,F,ZP,DX,F
14:03:36,INDF,RG,6075,4,D,PD,DX,F
14:03:20,INDF,RG,6075,24,F,ZP,DX,F
14:03:00,INDF,RG,6075,27,D,YU,DX,F
14:02:56,INDF,RG,6075,4,D,PD,DX,F
14:02:54,INDF,RG,6050,2,D,AI,BQ,D
14:02:48,INDF,RG,6075,2,F,ZP,DX,F
14:02:48,INDF,RG,6075,12,F,ZP,DX,F
14:02:22,INDF,RG,6050,26,D,AI,AG,F
14:02:18,INDF,RG,6075,12,F,CS,DX,F
14:02:17,INDF,RG,6075,22,F,ZP,DX,F
14:02:16,INDF,RG,6075,2,D,PD,DX,F
14:02:16,INDF,RG,6075,1,D,PD,SQ,D
14:02:16,INDF,RG,6075,1,D,PD,DX,F
14:02:04,INDF,RG,6050,2,D,AI,DR,D
14:01:36,INDF,RG,6075,14,F,AK,DX,F
14:01:36,INDF,RG,6075,4,D,PD,DX,F
14:01:33,INDF,RG,6075,25,F,DP,DX,F
14:01:23,INDF,RG,6075,12,F,ZP,DX,F
14:00:58,INDF,RG,6075,11,F,ZP,DX,F
13:59:57,INDF,RG,6075,11,F,ZP,DX,F
13:59:57,INDF,RG,6075,2,F,ZP,AK,F
13:59:57,INDF,RG,6075,2,F,ZP,AK,F
13:59:55,INDF,RG,6050,1,D,AI,YP,D
13:59:45,INDF,RG,6075,1,F,AK,XC,D
13:59:45,INDF,RG,6075,7,F,AK,CC,D
13:59:25,INDF,RG,6075,11,F,ZP,KZ,F
13:59:00,INDF,RG,6075,19,D,CC,KZ,F
13:59:00,INDF,RG,6075,18,D,CC,KZ,F
13:58:59,INDF,RG,6075,14,F,ZP,KZ,F
13:58:44,INDF,RG,6075,30,D,RG,KZ,F
13:58:44,INDF,RG,6075,2,D,RG,XC,D
13:58:44,INDF,RG,6075,6,D,RG,PD,D
13:58:44,INDF,RG,6075,12,D,RG,YP,D
13:58:43,INDF,RG,6050,15,D,AI,AG,F
13:58:41,INDF,RG,6075,2,D,NI,YP,D
13:58:41,INDF,RG,6075,10,D,AZ,YP,D
13:58:38,INDF,RG,6075,10,D,YP,YP,D
13:58:31,INDF,RG,6075,12,F,AK,YP,D
13:58:31,INDF,RG,6075,12,F,ZP,YP,D
13:58:22,INDF,RG,6075,25,F,DP,YP,D
13:58:16,INDF,RG,6075,17,D,YP,YP,D
13:58:16,INDF,RG,6075,80,D,YP,DX,D
13:58:16,INDF,RG,6075,50,D,YP,CC,D
13:58:16,INDF,RG,6075,190,D,YP,ZP,F
13:58:16,INDF,RG,6075,5,D,YP,YP,D
13:58:16,INDF,RG,6075,4,D,YP,YB,D
13:58:16,INDF,RG,6075,30,D,YP,EP,D
13:58:16,INDF,RG,6075,2,D,YP,CC,D
13:58:16,INDF,RG,6075,24,D,YP,KK,D
13:58:15,INDF,RG,6075,13,F,AK,KK,D
13:58:01,INDF,RG,6075,22,F,ZP,KK,D
13:58:00,INDF,RG,6075,7,F,AK,KK,D
13:57:40,INDF,RG,6075,1,D,CC,KK,D
13:57:37,INDF,RG,6050,15,D,AI,OD,D
13:57:34,INDF,RG,6075,10,F,ZP,KK,D
13:57:01,INDF,RG,6075,9,F,ZP,KK,D
13:57:00,INDF,RG,6075,14,D,YU,KK,D
13:57:00,INDF,RG,6075,7,D,YU,XL,D
13:56:45,INDF,RG,6075,7,F,AK,XL,D
13:56:36,INDF,RG,6075,15,F,ZP,XL,D
13:56:06,INDF,RG,6075,13,F,ZP,XL,D
13:56:00,INDF,RG,6075,6,F,AK,XL,D
13:55:33,INDF,RG,6075,14,F,ZP,XL,D
13:55:01,INDF,RG,6075,28,F,ZP,XL,D
13:54:34,INDF,RG,6050,3,D,AI,XC,D
13:54:30,INDF,RG,6050,4,D,AI,XL,D
13:54:30,INDF,RG,6075,13,F,AK,XL,D
13:54:29,INDF,RG,6075,10,F,ZP,XL,D
13:53:58,INDF,RG,6075,10,F,AK,XL,D
13:53:58,INDF,RG,6075,12,F,ZP,XL,D
13:53:31,INDF,RG,6075,5,F,ZP,XL,D
13:53:31,INDF,RG,6075,10,F,ZP,PD,D
13:53:30,INDF,RG,6075,5,F,AK,PD,D
13:52:59,INDF,RG,6075,18,F,ZP,PD,D
13:52:59,INDF,RG,6075,10,F,ZP,ZP,F
13:52:42,INDF,RG,6050,2,D,AI,OD,D
13:52:27,INDF,RG,6075,30,F,ZP,ZP,F
13:51:59,INDF,RG,6075,24,F,ZP,ZP,F
13:51:40,INDF,RG,6075,25,F,DP,ZP,F
13:51:30,INDF,RG,6075,5,F,AK,ZP,F
13:51:27,INDF,RG,6075,5,F,AK,ZP,F
13:51:26,INDF,RG,6075,16,F,ZP,ZP,F
13:51:17,INDF,RG,6075,22,F,DP,ZP,F
13:51:17,INDF,RG,6075,3,F,DP,YP,D
13:50:52,INDF,RG,6075,25,F,DP,YP,D
13:50:45,INDF,RG,6075,1,F,AK,YP,D
13:50:45,INDF,RG,6075,62,F,AK,YP,D
13:50:45,INDF,RG,6075,3,F,AK,YP,D
13:50:45,INDF,RG,6075,106,F,AK,YP,D
13:50:45,INDF,RG,6075,4,F,AK,DX,F
13:50:45,INDF,RG,6075,186,F,AK,KZ,F
13:50:45,INDF,RG,6075,80,F,AK,KZ,F
13:50:45,INDF,RG,6075,2,F,AK,XL,D
13:50:45,INDF,RG,6075,4,F,AK,KZ,F
13:50:45,INDF,RG,6075,33,F,AK,KZ,F
13:50:45,INDF,RG,6075,82,F,AK,DX,F
13:50:45,INDF,RG,6075,10,F,AK,PD,D
13:50:45,INDF,RG,6075,314,F,AK,KZ,F
13:50:42,INDF,RG,6050,23,D,AI,BK,F
13:50:41,INDF,RG,6075,2,F,CS,KZ,F
13:50:41,INDF,RG,6050,2,D,AI,AK,F
13:50:41,INDF,RG,6050,2,D,AI,AK,F
13:50:41,INDF,RG,6050,2,D,AI,PD,D
13:50:41,INDF,RG,6050,2,D,AI,CC,D
13:50:41,INDF,RG,6050,24,D,AI,AK,F
13:50:41,INDF,RG,6050,5,D,AI,XC,D
13:50:41,INDF,RG,6050,5,D,AI,SQ,D
13:50:41,INDF,RG,6050,6,D,AI,NI,D
13:50:41,INDF,RG,6050,2,D,AI,YP,D
13:50:41,INDF,RG,6050,1,D,AI,PD,D
13:50:41,INDF,RG,6050,2,D,AI,AK,F
13:50:41,INDF,RG,6050,2,D,AI,AK,F
13:50:41,INDF,RG,6050,17,D,AI,AK,F
13:50:41,INDF,RG,6050,2,D,AI,AK,F
13:50:41,INDF,RG,6050,2,D,AI,AK,F
13:50:41,INDF,RG,6050,2,D,AI,AK,F
13:50:41,INDF,RG,6050,3,D,AI,CS,F
13:50:41,INDF,RG,6050,2,D,AI,AK,F
13:50:41,INDF,RG,6050,43,D,AI,DX,F
13:50:41,INDF,RG,6050,4,D,AI,CS,F
13:50:41,INDF,RG,6050,53,D,AI,DX,F
13:50:41,INDF,RG,6050,10,D,AI,CC,F
13:50:41,INDF,RG,6050,3,D,AI,ZP,F
13:50:41,INDF,RG,6050,125,D,AI,KZ,F
13:50:41,INDF,RG,6050,4,D,AI,AK,F
13:50:41,INDF,RG,6050,3,D,AI,AK,F
13:50:41,INDF,RG,6050,198,D,AI,DX,F
13:50:41,INDF,RG,6050,96,D,AI,AK,F
13:50:41,INDF,RG,6050,221,D,AI,KZ,F
13:50:41,INDF,RG,6050,1,D,AI,ZP,F
13:50:41,INDF,RG,6050,916,D,AI,BK,F
13:50:41,INDF,RG,6050,908,D,AI,BK,F
13:50:41,INDF,RG,6050,12,D,AI,CC,D
13:50:41,INDF,RG,6050,10,D,AI,YP,D
13:50:41,INDF,RG,6050,27,D,AI,OD,D
13:50:41,INDF,RG,6050,20,D,AI,PD,D
13:50:41,INDF,RG,6050,2,D,AI,CC,D
13:50:41,INDF,RG,6050,1,D,AI,PD,D
13:50:41,INDF,RG,6050,17,D,AI,KK,D
13:50:41,INDF,RG,6050,13,D,AI,CS,F
13:50:41,INDF,RG,6050,3,D,AI,XC,D
13:50:41,INDF,RG,6050,4,D,AI,KZ,F
13:50:41,INDF,RG,6050,19,D,AI,KZ,F
13:50:41,INDF,RG,6050,30,D,AI,KZ,F
13:50:41,INDF,RG,6050,1,D,AI,KZ,F
13:50:41,INDF,RG,6050,3,D,AI,KZ,F
13:50:41,INDF,RG,6050,9,D,AI,CS,F
13:50:41,INDF,RG,6050,30,D,AI,KZ,F
13:50:41,INDF,RG,6050,2,D,AI,XC,D
13:50:41,INDF,RG,6050,25,D,AI,KZ,F
13:50:41,INDF,RG,6050,258,D,AI,ZP,F
13:50:41,INDF,RG,6050,17,D,AI,KZ,F
13:50:41,INDF,RG,6050,95,D,AI,CC,D
13:50:41,INDF,RG,6050,10,D,AI,ZP,F
13:50:41,INDF,RG,6050,8,D,AI,CS,F
13:50:41,INDF,RG,6050,54,D,AI,BK,F
13:50:41,INDF,RG,6050,1,D,AI,KZ,F
13:50:41,INDF,RG,6050,40,D,AI,AZ,D
13:50:41,INDF,RG,6050,1,D,AI,NI,D
13:50:41,INDF,RG,6050,5,D,AI,NI,D
13:50:41,INDF,RG,6050,16,D,AI,PD,D
13:50:41,INDF,RG,6050,2,D,AI,CS,F
13:50:41,INDF,RG,6050,5,D,AI,PD,D
13:50:41,INDF,RG,6050,200,D,AI,KZ,F
13:50:41,INDF,RG,6050,1,D,AI,KZ,F
13:50:41,INDF,RG,6050,21,D,AI,DX,F
13:50:41,INDF,RG,6050,2,D,AI,KZ,F
13:50:41,INDF,RG,6050,3,D,AI,XC,D
13:50:41,INDF,RG,6050,70,D,AI,DX,F
13:50:41,INDF,RG,6050,3,D,AI,XC,D
13:50:41,INDF,RG,6050,30,D,AI,EP,D
13:50:41,INDF,RG,6050,51,D,AI,KZ,F
13:50:41,INDF,RG,6050,55,D,AI,DX,F
13:50:41,INDF,RG,6050,1,D,AI,CS,F
13:50:41,INDF,RG,6050,10,D,AI,DX,F
13:50:36,INDF,RG,6050,45,F,ZP,DX,F
13:50:36,INDF,RG,6050,10,F,ZP,DX,F
13:50:36,INDF,RG,6050,4,F,ZP,CS,F
13:50:36,INDF,RG,6050,2,F,ZP,CS,F
13:50:36,INDF,RG,6050,1,F,ZP,CS,F
13:50:36,INDF,RG,6050,1,F,ZP,CS,F
13:50:36,INDF,RG,6050,3,F,ZP,CS,F
13:50:36,INDF,RG,6050,7,F,ZP,DX,F
13:50:31,INDF,RG,6025,9,D,KK,ZP,F
13:50:31,INDF,RG,6025,1,D,LG,ZP,F
13:50:31,INDF,RG,6025,1,D,YP,ZP,F
13:50:31,INDF,RG,6025,5,D,CP,ZP,F
13:50:15,INDF,RG,6050,11,F,AK,DX,F
13:50:15,INDF,RG,6050,2,F,AK,DX,F
13:50:05,INDF,RG,6050,25,F,DP,DX,F
13:50:03,INDF,RG,6050,14,F,ZP,DX,F
13:50:01,INDF,RG,6025,5,D,CP,ZP,F
13:50:01,INDF,RG,6025,5,D,YP,ZP,F
13:50:01,INDF,RG,6025,1,D,XL,ZP,F
13:50:01,INDF,RG,6025,1,D,XL,ZP,F
13:50:01,INDF,RG,6025,2,D,PD,ZP,F
13:50:01,INDF,RG,6025,5,D,PD,ZP,F
13:50:00,INDF,RG,6025,1,D,PD,ZP,F
13:50:00,INDF,RG,6050,14,F,AK,DX,F
13:50:00,INDF,RG,6050,5,F,AK,CS,F
13:50:00,INDF,RG,6050,2,F,AK,YP,D
13:50:00,INDF,RG,6050,3,F,AK,CS,F
13:50:00,INDF,RG,6050,2,F,AK,CS,F
13:50:00,INDF,RG,6050,166,F,AK,KZ,F
13:50:00,INDF,RG,6050,19,D,YU,KZ,F
13:49:45,INDF,RG,6050,5,F,AK,KZ,F
13:49:45,INDF,RG,6050,5,F,AK,KZ,F
13:49:39,INDF,RG,6050,1,D,KK,KZ,F
13:49:31,INDF,RG,6025,58,D,PD,DX,F
13:49:31,INDF,RG,6025,3,D,PD,ZP,F
13:49:30,INDF,RG,6050,200,D,AO,KZ,F
13:48:44,INDF,RG,6050,7,F,CS,KZ,F
13:48:40,INDF,RG,6050,5,D,NI,KZ,F
13:48:07,INDF,RG,6050,1,D,KK,KZ,F
13:48:01,INDF,RG,6025,19,D,PD,ZP,F
13:47:58,INDF,RG,6050,1,D,LG,KZ,F
13:47:56,INDF,RG,6025,14,D,PD,NI,D
13:47:56,INDF,RG,6025,16,D,GR,NI,D
13:47:40,INDF,RG,6050,1,D,DH,KZ,F
13:47:37,INDF,RG,6025,44,D,GR,CS,F
13:47:31,INDF,RG,6025,18,D,GR,ZP,F
13:47:30,INDF,RG,6025,13,D,GR,AK,F
13:47:17,INDF,RG,6050,1,D,KK,KZ,F
13:47:11,INDF,RG,6025,4,D,GR,XL,D
13:47:00,INDF,RG,6050,1,D,KK,KZ,F
13:46:48,INDF,RG,6025,3,D,GR,AK,F
13:46:47,INDF,RG,6050,1,D,KK,KZ,F
13:46:37,INDF,RG,6025,4,D,GR,AK,F
13:46:35,INDF,RG,6050,25,F,DP,KZ,F
13:46:15,INDF,RG,6050,6,F,AK,KZ,F
13:46:15,INDF,RG,6050,5,F,AK,KZ,F
13:46:15,INDF,RG,6025,15,D,GR,AK,F
13:46:13,INDF,RG,6050,15,D,GR,KZ,F
13:46:13,INDF,RG,6025,53,D,GR,DX,F
13:46:12,INDF,RG,6025,2,D,GR,DR,D
13:46:10,INDF,RG,6025,28,D,GR,YP,D
13:46:10,INDF,RG,6025,1,D,YP,YP,D
13:46:10,INDF,RG,6025,1,D,PD,YP,D
13:46:10,INDF,RG,6025,2,D,PD,YP,D
13:46:10,INDF,RG,6025,50,D,FZ,YP,D
13:46:10,INDF,RG,6025,1,D,PD,YP,D
13:46:10,INDF,RG,6025,1,D,XC,YP,D
13:46:10,INDF,RG,6025,1,D,CC,YP,D
13:46:10,INDF,RG,6025,1,D,YP,YP,D
13:46:10,INDF,RG,6025,3,D,PD,YP,D
13:46:10,INDF,RG,6025,2,D,YP,YP,D
13:46:10,INDF,RG,6025,1,D,XC,YP,D
13:46:10,INDF,RG,6025,1,D,SQ,YP,D
13:46:10,INDF,RG,6025,7,D,YP,YP,D
13:46:01,INDF,RG,6025,18,D,YP,ZP,F
13:45:33,INDF,RG,6025,1,D,YP,PD,D
13:45:21,INDF,RG,6025,1,D,YP,ZP,F
13:45:15,INDF,RG,6050,6,F,AK,KZ,F
13:45:15,INDF,RG,6050,5,F,AK,KZ,F
13:45:06,INDF,RG,6050,1,D,XC,KZ,F
13:45:00,INDF,RG,6050,21,D,YU,KZ,F
13:44:34,INDF,RG,6050,5,D,AR,KZ,F
13:44:32,INDF,RG,6025,15,D,YP,OD,D
13:44:28,INDF,RG,6050,1,D,PD,KZ,F
13:44:20,INDF,RG,6025,8,D,YP,AG,F
13:44:20,INDF,RG,6025,1,D,NI,AG,F
13:44:20,INDF,RG,6025,4,D,XC,AG,F
13:44:20,INDF,RG,6025,1,D,CC,AG,F
13:44:20,INDF,RG,6025,1,D,YP,AG,F
13:44:20,INDF,RG,6025,12,D,PD,AG,F
13:44:20,INDF,RG,6025,25,D,NI,AG,F
13:44:05,INDF,RG,6050,25,F,DP,KZ,F
13:44:03,INDF,RG,6025,54,D,NI,DX,F
13:44:00,INDF,RG,6050,172,F,AK,KZ,F
13:44:00,INDF,RG,6025,21,D,NI,CC,D
13:44:00,INDF,RG,6025,1,D,AO,CC,D
13:44:00,INDF,RG,6025,5,D,NI,CC,D
13:44:00,INDF,RG,6025,120,D,IF,CC,D
13:44:00,INDF,RG,6025,10,D,CC,CC,D
13:44:00,INDF,RG,6025,2,D,CC,CC,D
13:44:00,INDF,RG,6025,5,D,PD,CC,D
13:44:00,INDF,RG,6025,10,D,EP,CC,D
13:43:31,INDF,RG,6025,2,D,EP,ZP,F
13:43:22,INDF,RG,6050,2,D,PD,KZ,F
13:43:14,INDF,RG,6050,25,D,NI,KZ,F
13:42:32,INDF,RG,6050,1,D,XC,KZ,F
13:42:26,INDF,RG,6050,10,D,YP,KZ,F
13:42:19,INDF,RG,6050,1,D,PD,KZ,F
13:42:01,INDF,RG,6025,5,D,EP,ZP,F
13:41:46,INDF,RG,6050,1,D,NI,KZ,F
13:41:45,INDF,RG,6025,33,D,EP,DX,F
13:41:45,INDF,RG,6025,5,D,YP,DX,F
13:41:45,INDF,RG,6025,1,D,YP,DX,F
13:41:45,INDF,RG,6025,18,D,PD,DX,F
13:41:43,INDF,RG,6050,8,F,CS,KZ,F
13:41:06,INDF,RG,6050,3,D,XC,KZ,F
13:40:31,INDF,RG,6025,2,D,PD,ZP,F
13:40:25,INDF,RG,6025,1,D,PD,ZP,F
13:40:09,INDF,RG,6025,30,D,PD,SQ,D
13:40:01,INDF,RG,6025,11,D,PD,ZP,F
13:39:59,INDF,RG,6025,4,D,PD,YP,D
13:39:38,INDF,RG,6025,100,D,PD,PD,D
13:39:30,INDF,RG,6050,65,F,AK,KZ,F
13:39:01,INDF,RG,6025,4,D,PD,ZP,F
13:39:00,INDF,RG,6050,7,F,AK,KZ,F
13:38:30,INDF,RG,6050,6,F,AK,KZ,F
13:38:00,INDF,RG,6050,22,D,YU,KZ,F
13:37:47,INDF,RG,6025,1,D,PD,ZP,F
13:37:33,INDF,RG,6050,25,F,DP,KZ,F
13:37:01,INDF,RG,6025,12,D,PD,ZP,F
13:36:40,INDF,RG,6025,101,D,PD,KK,D
13:36:39,INDF,RG,6025,16,D,PD,DX,F
13:36:39,INDF,RG,6025,10,D,YP,DX,F
13:36:39,INDF,RG,6025,6,D,XA,DX,F
13:36:35,INDF,RG,6050,1,D,XC,KZ,F
13:35:26,INDF,RG,6050,1,D,PD,KZ,F
13:35:22,INDF,RG,6050,34,D,PD,KZ,F
13:35:01,INDF,RG,6025,2,D,XA,YP,D
13:35:00,INDF,RG,6025,5,D,XA,CC,D
13:34:31,INDF,RG,6025,12,D,XA,ZP,F
13:34:29,INDF,RG,6025,6,D,XA,PD,D
13:34:27,INDF,RG,6050,9,F,CS,KZ,F
13:34:08,INDF,RG,6025,1,D,XA,ZP,F
13:33:15,INDF,RG,6050,5,F,AK,KZ,F
13:33:15,INDF,RG,6050,2,F,AK,CS,F
13:33:15,INDF,RG,6050,2,F,AK,CS,F
13:33:15,INDF,RG,6050,25,F,AK,NI,D
13:33:15,INDF,RG,6050,20,F,AK,SQ,D
13:33:15,INDF,RG,6050,5,F,AK,CS,F
13:33:15,INDF,RG,6050,1,F,AK,CS,F
13:33:15,INDF,RG,6050,45,F,AK,DX,F
13:33:15,INDF,RG,6050,41,F,AK,DX,F
13:33:13,INDF,RG,6050,25,F,DP,DX,F
13:33:01,INDF,RG,6025,7,D,XA,ZP,F
13:32:47,INDF,RG,6025,1,D,XA,DX,F
13:32:47,INDF,RG,6025,2,D,KK,DX,F
13:32:47,INDF,RG,6025,10,D,YP,DX,F
13:32:47,INDF,RG,6025,5,D,PD,DX,F
13:32:47,INDF,RG,6025,5,D,XC,DX,F
13:32:47,INDF,RG,6025,5,D,CC,DX,F
13:32:47,INDF,RG,6025,3,D,EP,DX,F
13:32:47,INDF,RG,6025,10,D,YP,DX,F
13:32:47,INDF,RG,6025,3,D,TP,DX,F
13:32:36,INDF,RG,6050,1,D,XC,DX,F
13:32:06,INDF,RG,6050,1,D,AT,DX,F
13:31:31,INDF,RG,6025,1,D,TP,ZP,F
13:31:31,INDF,RG,6025,8,D,CC,ZP,F
13:31:31,INDF,RG,6025,1,D,XC,ZP,F
13:31:31,INDF,RG,6025,2,D,CC,ZP,F
13:31:31,INDF,RG,6025,1,D,SQ,ZP,F
13:31:31,INDF,RG,6025,2,D,XC,ZP,F
13:31:31,INDF,RG,6025,2,D,AZ,ZP,F
13:31:31,INDF,RG,6025,1,D,PD,ZP,F
13:31:13,INDF,RG,6050,1,D,PD,DX,F
13:31:12,INDF,RG,6050,2,D,YP,DX,F
13:31:01,INDF,RG,6025,1,D,XC,ZP,F
13:31:01,INDF,RG,6025,1,D,NI,ZP,F
13:31:01,INDF,RG,6025,5,D,XL,ZP,F
13:31:01,INDF,RG,6025,1,D,CC,ZP,F
13:31:01,INDF,RG,6025,1,D,XL,ZP,F
13:31:01,INDF,RG,6025,5,D,IP,ZP,F
13:31:01,INDF,RG,6025,4,D,EP,ZP,F
13:30:40,INDF,RG,6050,9,F,DP,DX,F
13:30:40,INDF,RG,6050,16,F,DP,YP,D
13:30:34,INDF,RG,6050,2,D,CC,YP,D
13:30:34,INDF,RG,6050,11,F,ZP,YP,D
13:30:31,INDF,RG,6025,20,D,EP,ZP,F
13:30:15,INDF,RG,6025,26,D,EP,AK,F
13:30:15,INDF,RG,6025,40,D,AI,AK,F
13:30:15,INDF,RG,6025,25,D,PD,AK,F
13:30:15,INDF,RG,6025,70,D,CC,AK,F
13:30:15,INDF,RG,6025,1,D,DH,AK,F
13:30:15,INDF,RG,6025,3,D,PD,AK,F
13:30:15,INDF,RG,6025,83,D,YP,AK,F
13:30:15,INDF,RG,6025,65,D,CC,AK,F
13:30:09,INDF,RG,6050,16,D,CC,YP,D
13:30:07,INDF,RG,6050,19,F,AK,YP,D
13:30:07,INDF,RG,6025,3,D,CC,AK,F
13:30:07,INDF,RG,6025,1,D,YP,AK,F
13:30:07,INDF,RG,6025,2,D,PD,AK,F
13:30:07,INDF,RG,6025,1,D,YP,AK,F
13:30:06,INDF,RG,6025,7,D,YP,AK,F
13:30:06,INDF,RG,6050,20,F,AK,YP,D
13:30:06,INDF,RG,6025,2,D,YP,PD,D
13:30:06,INDF,RG,6025,3,D,CC,PD,D
13:30:04,INDF,RG,6025,1,D,CC,XC,D
13:30:04,INDF,RG,6050,1,D,XC,YP,D
13:30:04,INDF,RG,6025,3,D,CC,XC,D
13:30:04,INDF,RG,6025,3,D,CC,XC,D
13:30:03,INDF,RG,6050,1,D,XC,YP,D
13:30:03,INDF,RG,6025,4,D,CC,XC,D
13:30:03,INDF,RG,6050,20,D,YU,YP,D
13:30:03,INDF,RG,6050,129,F,AK,YP,D
13:30:02,INDF,RG,6050,40,F,ZP,YP,D
13:30:02,INDF,RG,6025,15,D,CC,OD,D
13:30:02,INDF,RG,6050,2,D,YP,YP,D
13:30:01,INDF,RG,6025,1,D,CC,PD,D
13:30:01,INDF,RG,6025,4,D,CC,PD,D
13:30:01,INDF,RG,6050,1,D,PD,YP,D
13:30:01,INDF,RG,6050,10,D,PD,YP,D
13:30:01,INDF,RG,6050,2,D,PD,YP,D
13:30:01,INDF,RG,6025,2,D,CC,PD,D
13:30:01,INDF,RG,6025,13,D,CC,CC,D
13:30:01,INDF,RG,6025,1,D,YP,CC,D
13:30:01,INDF,RG,6025,2,D,AZ,CC,D
13:30:01,INDF,RG,6025,25,D,XC,CC,D
13:30:01,INDF,RG,6025,1,D,NI,CC,D
13:30:01,INDF,RG,6025,5,D,YP,CC,D
13:30:01,INDF,RG,6025,2,D,YP,CC,D
13:30:01,INDF,RG,6025,1,D,YP,CC,D
13:30:01,INDF,RG,6025,1,D,YP,CC,D
13:30:01,INDF,RG,6025,2,D,YP,CC,D
13:30:01,INDF,RG,6025,24,D,YP,CC,D
13:30:01,INDF,RG,6025,1,D,NI,CC,D
13:30:01,INDF,RG,6025,1,D,PD,CC,D
13:30:01,INDF,RG,6025,20,D,PD,CC,D
13:30:01,INDF,RG,6025,7,D,BQ,CC,D
13:30:01,INDF,RG,6025,4,D,ZP,CC,D
13:30:01,INDF,RG,6025,43,D,YP,CC,D
13:30:01,INDF,RG,6050,12,F,DP,YP,D
13:30:01,INDF,RG,6025,1,D,YP,AT,D
13:30:01,INDF,RG,6025,16,D,YP,AG,D
13:30:01,INDF,RG,6050,30,D,YU,YP,D
13:30:01,INDF,RG,6050,1,D,DR,YP,D
13:30:01,INDF,RG,6025,20,D,YP,IF,D
11:29:59,INDF,RG,6025,2,D,YP,KI,D
11:29:37,INDF,RG,6025,1,D,YP,AK,F
11:29:37,INDF,RG,6050,1,F,AK,YP,D
11:29:30,INDF,RG,6025,1,D,YP,ZP,F
11:29:15,INDF,RG,6025,1,D,YP,AK,F
11:29:15,INDF,RG,6025,14,D,YP,AK,F
11:28:46,INDF,RG,6050,5,F,AK,YP,D
11:28:45,INDF,RG,6025,1,D,YP,AK,F
11:28:45,INDF,RG,6025,2,D,CC,AK,F
11:28:45,INDF,RG,6025,1,D,SH,AK,F
11:28:39,INDF,RG,6025,1,D,SH,AK,F
11:28:38,INDF,RG,6025,4,D,SH,DX,F
11:28:38,INDF,RG,6025,52,D,SH,BK,F
11:28:38,INDF,RG,6025,60,D,SH,DX,F
11:28:33,INDF,RG,6050,13,F,ZP,YP,D
11:28:30,INDF,RG,6050,24,D,YU,YP,D
11:28:22,INDF,RG,6050,1,F,AK,YP,D
11:28:22,INDF,RG,6050,6,F,AK,YP,D
11:28:22,INDF,RG,6050,1,F,AK,YP,D
11:28:16,INDF,RG,6050,1,F,AK,YP,D
11:28:15,INDF,RG,6025,2,D,SH,AK,F
11:28:08,INDF,RG,6050,15,F,DP,YP,D
11:28:08,INDF,RG,6050,1,F,DP,CS,F
11:28:08,INDF,RG,6050,1,F,DP,ZP,F
11:28:08,INDF,RG,6050,1,F,DP,ZP,F
11:28:08,INDF,RG,6050,2,F,DP,CS,F
11:28:08,INDF,RG,6050,5,F,DP,YU,F
11:28:07,INDF,RG,6050,1,F,AK,YU,F
11:27:58,INDF,RG,6025,1,D,SH,DX,F
11:27:58,INDF,RG,6025,64,D,SH,DX,F
11:27:38,INDF,RG,6025,4,D,SH,EP,D
11:27:21,INDF,RG,6025,58,D,SH,DX,F
11:27:11,INDF,RG,6025,1,D,SH,ZP,F
11:27:10,INDF,RG,6050,108,F,AK,YU,F
11:27:01,INDF,RG,6050,5,F,AK,YU,F
11:27:00,INDF,RG,6025,2,D,SH,AK,F
11:26:52,INDF,RG,6050,5,D,PD,YU,F
11:26:52,INDF,RG,6050,6,F,AK,YU,F
11:26:50,INDF,RG,6025,57,D,SH,DX,F
11:26:48,INDF,RG,6025,40,D,SH,PD,D
11:26:46,INDF,RG,6050,2,F,AK,YU,F
11:26:38,INDF,RG,6050,47,F,AK,YU,F
11:26:37,INDF,RG,6050,2,F,AK,YU,F
11:26:30,INDF,RG,6025,1,D,SH,AK,F
11:26:21,INDF,RG,6025,1,D,SH,KZ,F
11:26:15,INDF,RG,6025,4,D,SH,AK,F
11:26:00,INDF,RG,6025,1,D,SH,AK,F
11:25:53,INDF,RG,6050,9,F,AK,YU,F
11:25:45,INDF,RG,6025,1,D,SH,AK,F
11:25:41,INDF,RG,6050,20,D,SQ,YU,F
11:25:38,INDF,RG,6050,1,F,AK,YU,F
11:25:28,INDF,RG,6050,7,F,CS,YU,F
11:25:12,INDF,RG,6050,25,F,DP,YU,F
11:25:03,INDF,RG,6050,12,F,ZP,YU,F
11:25:01,INDF,RG,6025,1,D,SH,AK,F
11:25:01,INDF,RG,6025,22,D,SH,KZ,F
11:25:01,INDF,RG,6025,9,D,SH,KZ,F
11:25:01,INDF,RG,6025,102,D,SH,KZ,F
11:24:56,INDF,RG,6050,21,D,YU,YU,F
11:24:37,INDF,RG,6025,2,D,SH,XC,D
11:24:37,INDF,RG,6050,9,F,AK,YU,F
11:24:31,INDF,RG,6050,9,F,AK,YU,F
11:23:52,INDF,RG,6050,3,F,AK,YU,F
11:23:46,INDF,RG,6050,3,F,AK,YU,F
11:23:11,INDF,RG,6050,22,F,AK,YU,F
11:23:10,INDF,RG,6050,4,F,AK,YU,F
11:23:10,INDF,RG,6050,3,F,AK,YU,F
11:23:10,INDF,RG,6050,3,F,AK,YU,F
11:23:10,INDF,RG,6050,53,F,AK,YU,F
11:23:03,INDF,RG,6050,25,F,DP,YU,F
11:22:55,INDF,RG,6050,21,D,YU,YU,F
11:22:52,INDF,RG,6050,3,F,AK,YU,F
11:22:43,INDF,RG,6050,1,D,YP,YU,F
11:22:31,INDF,RG,6050,4,F,AK,YU,F
11:22:31,INDF,RG,6050,16,F,AK,YU,F
11:22:30,INDF,RG,6050,25,F,DP,YU,F
11:22:30,INDF,RG,6050,100,D,PD,YU,F
11:22:23,INDF,RG,6025,9,D,SH,KZ,F
11:22:23,INDF,RG,6025,11,D,XC,KZ,F
11:22:23,INDF,RG,6025,4,D,CC,KZ,F
11:22:23,INDF,RG,6025,100,D,EP,KZ,F
11:22:23,INDF,RG,6025,1,D,YP,KZ,F
11:22:23,INDF,RG,6025,24,D,NI,KZ,F
11:22:23,INDF,RG,6025,3,D,PD,KZ,F
11:22:23,INDF,RG,6025,100,D,YP,KZ,F
11:22:23,INDF,RG,6025,5,D,YP,KZ,F
11:22:23,INDF,RG,6025,6,D,XC,KZ,F
11:22:23,INDF,RG,6025,1,D,YP,KZ,F
11:22:23,INDF,RG,6025,3,D,PD,KZ,F
11:22:23,INDF,RG,6025,2,D,XC,KZ,F
11:22:23,INDF,RG,6025,1,D,XC,KZ,F
11:22:23,INDF,RG,6025,2,D,NI,KZ,F
11:22:23,INDF,RG,6025,20,D,GR,KZ,F
11:22:23,INDF,RG,6025,19,D,YP,KZ,F
11:22:21,INDF,RG,6025,6,D,YP,KZ,F
11:22:21,INDF,RG,6025,1,D,XL,KZ,F
11:22:21,INDF,RG,6025,1,D,XL,KZ,F
11:22:21,INDF,RG,6025,7,D,CC,KZ,F
11:22:21,INDF,RG,6025,1,D,CC,KZ,F
11:22:21,INDF,RG,6025,7,D,CC,KZ,F
11:22:21,INDF,RG,6025,2,D,CC,KZ,F
11:22:20,INDF,RG,6050,22,F,AK,YU,F
11:22:20,INDF,RG,6050,81,F,AK,YU,F
11:22:20,INDF,RG,6050,16,F,AK,YU,F
11:22:20,INDF,RG,6050,8,F,AK,YU,F
11:22:20,INDF,RG,6050,9,F,AK,YU,F
11:22:20,INDF,RG,6050,2,F,AK,YU,F
11:22:20,INDF,RG,6050,74,F,AK,YU,F
11:22:19,INDF,RG,6050,239,D,SQ,YU,F
11:22:19,INDF,RG,6050,64,D,SQ,DX,F
11:22:19,INDF,RG,6050,149,D,SQ,ZP,F
11:22:19,INDF,RG,6050,6,D,SQ,CS,F
11:22:19,INDF,RG,6050,30,D,SQ,NI,D
11:22:19,INDF,RG,6050,2,D,SQ,CS,F
11:22:19,INDF,RG,6050,2,D,SQ,CS,F
11:22:19,INDF,RG,6050,10,D,SQ,EP,D
11:22:19,INDF,RG,6050,2,D,SQ,AK,F
11:22:19,INDF,RG,6050,14,D,SQ,AK,F
11:22:19,INDF,RG,6050,2,D,SQ,AK,F
11:22:19,INDF,RG,6050,6,D,SQ,CS,F
11:22:19,INDF,RG,6050,6,D,SQ,CS,F
11:22:19,INDF,RG,6050,110,D,SQ,AK,F
11:22:19,INDF,RG,6050,47,D,SQ,DX,F
11:22:19,INDF,RG,6050,11,D,SQ,DX,F
11:22:00,INDF,RG,6025,2,D,CC,AK,F
11:21:42,INDF,RG,6025,1,D,CC,SQ,D
11:21:31,INDF,RG,6050,4,F,AK,DX,F
11:21:30,INDF,RG,6025,9,D,CC,ZP,F
11:21:22,INDF,RG,6050,7,F,AK,DX,F
11:21:18,INDF,RG,6025,5,D,CC,AK,F
11:21:14,INDF,RG,6025,16,D,CC,NI,D
11:21:14,INDF,RG,6025,2,D,XL,NI,D
11:21:14,INDF,RG,6025,1,D,LG,NI,D
11:21:14,INDF,RG,6025,1,D,YP,NI,D
11:21:14,INDF,RG,6025,1,D,YP,NI,D
11:21:14,INDF,RG,6025,1,D,LG,NI,D
11:21:14,INDF,RG,6025,1,D,YP,NI,D
11:21:14,INDF,RG,6025,1,D,YP,NI,D
11:21:11,INDF,RG,6025,1,D,OD,KZ,F
11:21:11,INDF,RG,6025,2,D,XL,KZ,F
11:21:11,INDF,RG,6025,30,D,XA,KZ,F
11:21:11,INDF,RG,6025,1,D,YP,KZ,F
11:21:11,INDF,RG,6025,3,D,YP,KZ,F
11:21:11,INDF,RG,6025,1,D,CC,KZ,F
11:21:11,INDF,RG,6025,2,D,YP,KZ,F
11:21:11,INDF,RG,6025,3,D,YP,KZ,F
11:21:11,INDF,RG,6025,15,D,CC,KZ,F
11:21:11,INDF,RG,6025,2,D,CC,KZ,F
11:21:11,INDF,RG,6025,2,D,CC,KZ,F
11:21:09,INDF,RG,6025,17,D,CC,CS,F
11:21:09,INDF,RG,6025,2,D,YP,CS,F
11:21:09,INDF,RG,6025,1,D,YP,CS,F
11:21:09,INDF,RG,6025,20,D,SQ,CS,F
11:21:09,INDF,RG,6025,1,D,SQ,CS,F
11:21:09,INDF,RG,6025,1,D,PD,CS,F
11:21:09,INDF,RG,6025,2,D,GR,CS,F
11:21:00,INDF,RG,6025,2,D,PD,ZP,F
11:21:00,INDF,RG,6025,3,D,PD,ZP,F
11:21:00,INDF,RG,6025,3,D,DH,ZP,F
11:21:00,INDF,RG,6025,5,D,PD,ZP,F
11:21:00,INDF,RG,6025,54,D,PD,AK,F
11:20:56,INDF,RG,6025,1,D,PD,KZ,F
11:20:56,INDF,RG,6025,7,D,PD,KZ,F
11:20:56,INDF,RG,6025,1,D,PD,KZ,F
11:20:56,INDF,RG,6025,9,D,PD,KZ,F
11:20:56,INDF,RG,6025,4,D,PD,KZ,F
11:20:56,INDF,RG,6025,2,D,PD,KZ,F
11:20:56,INDF,RG,6025,1,D,PD,KZ,F
11:20:56,INDF,RG,6025,5,D,CC,KZ,F
11:20:55,INDF,RG,6050,45,F,AK,DX,F
11:20:55,INDF,RG,6050,10,F,AK,DX,F
11:20:51,INDF,RG,6025,25,D,CC,YP,D
11:20:43,INDF,RG,6050,1,D,YP,DX,F
11:20:33,INDF,RG,6050,2,F,DP,DX,F
11:20:33,INDF,RG,6050,23,F,DP,DX,F
11:20:31,INDF,RG,6050,5,F,AK,DX,F
11:20:22,INDF,RG,6050,5,F,AK,DX,F
11:20:15,INDF,RG,6025,2,D,CC,AK,F
11:20:00,INDF,RG,6025,3,D,CC,ZP,F
11:19:36,INDF,RG,6025,8,D,CC,CS,F
11:19:36,INDF,RG,6025,2,D,CC,CS,F
11:19:36,INDF,RG,6025,9,D,CC,CS,F
11:19:36,INDF,RG,6025,5,D,CC,CS,F
11:19:36,INDF,RG,6025,11,D,CC,CS,F
11:19:36,INDF,RG,6025,1,D,CC,CS,F
11:19:30,INDF,RG,6025,1,D,CC,ZP,F
11:19:01,INDF,RG,6050,5,F,AK,DX,F
11:19:00,INDF,RG,6025,3,D,CC,ZP,F
11:19:00,INDF,RG,6025,1,D,PD,ZP,F
11:19:00,INDF,RG,6050,14,D,YU,DX,F
11:19:00,INDF,RG,6050,3,D,YU,AK,F
11:19:00,INDF,RG,6050,2,D,YU,AK,F
11:18:56,INDF,RG,6025,1,D,PD,KZ,F
11:18:56,INDF,RG,6025,1,D,PD,KZ,F
11:18:56,INDF,RG,6025,2,D,PD,KZ,F
11:18:56,INDF,RG,6025,11,D,PD,KZ,F
11:18:56,INDF,RG,6025,21,D,PD,KZ,F
11:18:56,INDF,RG,6025,13,D,PD,KZ,F
11:18:52,INDF,RG,6050,1,D,CC,AK,F
11:18:52,INDF,RG,6050,6,F,AK,AK,F
11:18:44,INDF,RG,6050,4,D,GR,AK,F
11:18:08,INDF,RG,6050,1,D,PD,AK,F
11:17:38,INDF,RG,6025,3,D,PD,AK,F
11:17:30,INDF,RG,6025,3,D,PD,ZP,F
11:17:12,INDF,RG,6050,2,F,CS,AK,F
11:17:12,INDF,RG,6050,5,F,CS,KK,D
11:17:00,INDF,RG,6025,15,D,PD,AK,F
11:16:46,INDF,RG,6050,1,F,AK,ZP,F
11:16:46,INDF,RG,6050,4,F,AK,BK,F
11:16:46,INDF,RG,6050,1,D,CC,BK,F
11:16:43,INDF,RG,6050,16,D,DH,BK,F
11:16:30,INDF,RG,6025,12,D,PD,ZP,F
11:16:25,INDF,RG,6050,8,F,AK,BK,F
11:16:25,INDF,RG,6050,35,F,AK,BK,F
11:16:25,INDF,RG,6050,1,F,AK,BK,F
11:16:25,INDF,RG,6050,7,F,AK,BK,F
11:16:11,INDF,RG,6025,20,D,PD,AZ,D
11:16:11,INDF,RG,6025,2,D,YP,AZ,D
11:16:11,INDF,RG,6025,2,D,PD,AZ,D
11:16:11,INDF,RG,6025,1,D,PD,AZ,D
11:16:11,INDF,RG,6025,1,D,PD,AZ,D
11:16:11,INDF,RG,6025,5,D,PD,AZ,D
11:16:11,INDF,RG,6025,4,D,SQ,AZ,D
11:16:11,INDF,RG,6025,5,D,GR,AZ,D
11:16:07,INDF,RG,6050,6,F,AK,BK,F
11:16:01,INDF,RG,6025,3,D,GR,KZ,F
11:16:01,INDF,RG,6025,9,D,GR,KZ,F
11:16:01,INDF,RG,6025,40,D,GR,KZ,F
11:16:01,INDF,RG,6025,3,D,GR,KZ,F
11:16:00,INDF,RG,6050,25,F,DP,BK,F
11:15:52,INDF,RG,6050,1,D,CC,BK,F
11:15:30,INDF,RG,6025,1,D,GR,ZP,F
11:15:27,INDF,RG,6025,10,D,GR,PD,D
11:15:21,INDF,RG,6025,5,D,GR,KZ,F
11:15:06,INDF,RG,6025,1,D,GR,KZ,F
11:15:05,INDF,RG,6025,1,D,GR,XC,D
11:14:30,INDF,RG,6025,17,D,GR,ZP,F
11:14:17,INDF,RG,6025,68,D,GR,DX,F
11:13:40,INDF,RG,6050,2,D,KK,BK,F
11:13:28,INDF,RG,6050,3,D,TP,BK,F
11:13:25,INDF,RG,6050,39,F,AK,BK,F
11:13:25,INDF,RG,6050,7,F,AK,BK,F
11:13:21,INDF,RG,6025,19,D,GR,KZ,F
11:13:21,INDF,RG,6025,1,D,GR,KZ,F
11:13:21,INDF,RG,6025,20,D,GR,KZ,F
11:13:21,INDF,RG,6025,1,D,GR,KZ,F
11:13:16,INDF,RG,6050,5,F,AK,BK,F
11:13:00,INDF,RG,6050,21,D,YU,BK,F
11:12:53,INDF,RG,6025,3,D,GR,AK,F
11:12:25,INDF,RG,6025,55,D,GR,DX,F
11:12:22,INDF,RG,6050,6,F,AK,BK,F
11:12:04,INDF,RG,6025,2,D,GR,XL,D
11:12:00,INDF,RG,6025,2,D,GR,ZP,F
11:11:30,INDF,RG,6025,30,D,GR,KZ,F
11:11:30,INDF,RG,6025,10,D,GR,ZP,F
11:11:21,INDF,RG,6050,2,D,BQ,BK,F
11:11:20,INDF,RG,6050,25,F,DP,BK,F
11:11:13,INDF,RG,6050,10,D,CC,BK,F
11:10:25,INDF,RG,6050,37,F,AK,BK,F
11:10:25,INDF,RG,6050,5,F,AK,BK,F
11:10:16,INDF,RG,6025,12,D,GR,KZ,F
11:10:16,INDF,RG,6025,1,D,GR,KZ,F
11:10:16,INDF,RG,6025,2,D,GR,KZ,F
11:10:16,INDF,RG,6025,10,D,GR,KZ,F
11:10:15,INDF,RG,6025,6,D,GR,AK,F
11:10:11,INDF,RG,6025,44,D,GR,DX,F
11:10:00,INDF,RG,6025,3,D,GR,ZP,F
11:09:46,INDF,RG,6050,5,F,AK,BK,F
11:09:37,INDF,RG,6025,7,D,GR,CS,F
11:09:37,INDF,RG,6025,7,D,GR,CS,F
11:09:37,INDF,RG,6025,15,D,GR,CS,F
11:09:37,INDF,RG,6025,7,D,GR,CS,F
11:09:30,INDF,RG,6025,1,D,GR,ZP,F
11:09:00,INDF,RG,6025,20,D,GR,ZP,F
11:09:00,INDF,RG,6050,5,D,YP,BK,F
11:09:00,INDF,RG,6050,11,D,CC,BK,F
11:08:50,INDF,RG,6025,2,D,GR,AK,F
11:08:49,INDF,RG,6050,1,D,CC,BK,F
11:08:02,INDF,RG,6050,7,F,CS,BK,F
11:08:00,INDF,RG,6025,1,D,GR,AK,F
11:07:52,INDF,RG,6050,5,F,AK,BK,F
11:07:31,INDF,RG,6050,9,F,AK,BK,F
11:07:31,INDF,RG,6050,11,F,AK,BK,F
11:07:31,INDF,RG,6050,10,F,AK,BK,F
11:07:31,INDF,RG,6050,4,F,AK,BK,F
11:07:31,INDF,RG,6025,4,D,GR,KZ,F
11:07:31,INDF,RG,6025,10,D,GR,KZ,F
11:07:31,INDF,RG,6025,45,D,GR,KZ,F
11:07:29,INDF,RG,6050,25,F,DP,BK,F
11:07:21,INDF,RG,6050,1,D,PD,BK,F
11:07:11,INDF,RG,6025,62,D,GR,DX,F
11:07:11,INDF,RG,6025,8,D,GR,KZ,F
11:07:11,INDF,RG,6025,4,D,GR,KZ,F
11:07:11,INDF,RG,6025,18,D,GR,KZ,F
11:07:11,INDF,RG,6025,3,D,GR,KZ,F
11:07:10,INDF,RG,6050,27,F,AK,BK,F
11:07:10,INDF,RG,6050,4,F,AK,BK,F
11:07:10,INDF,RG,6050,1,F,AK,BK,F
11:07:08,INDF,RG,6025,41,D,GR,DX,F
11:07:00,INDF,RG,6025,5,D,GR,ZP,F
11:06:52,INDF,RG,6050,1,D,NI,BK,F
11:06:36,INDF,RG,6050,4,F,AK,BK,F
11:06:36,INDF,RG,6025,20,D,GR,KZ,F
11:06:36,INDF,RG,6025,60,D,GR,BK,F
11:06:30,INDF,RG,6025,5,D,GR,ZP,F
11:06:16,INDF,RG,6050,25,D,GR,BK,F
11:06:16,INDF,RG,6025,5,D,GR,KZ,F
11:06:10,INDF,RG,6050,17,F,AK,BK,F
11:06:10,INDF,RG,6050,5,F,AK,BK,F
11:06:09,INDF,RG,6050,1,D,YP,BK,F
11:06:06,INDF,RG,6025,17,D,GR,KZ,F
11:05:31,INDF,RG,6050,4,F,AK,BK,F
11:05:31,INDF,RG,6025,1,D,GR,KZ,F
11:05:00,INDF,RG,6025,1,D,GR,ZP,F
11:04:34,INDF,RG,6050,2,D,NI,BK,F
11:04:30,INDF,RG,6025,2,D,GR,AK,F
11:04:07,INDF,RG,6050,5,F,AK,BK,F
11:04:00,INDF,RG,6025,3,D,GR,ZP,F
11:03:58,INDF,RG,6025,30,D,GR,DX,F
11:02:55,INDF,RG,6050,21,D,YU,BK,F
11:02:30,INDF,RG,6025,12,D,GR,ZP,F
11:02:30,INDF,RG,6025,1,D,EP,ZP,F
11:02:25,INDF,RG,6050,19,F,AK,BK,F
11:02:25,INDF,RG,6050,4,F,AK,BK,F
11:02:25,INDF,RG,6050,2,F,AK,BK,F
11:02:21,INDF,RG,6025,19,D,EP,KZ,F
11:02:21,INDF,RG,6025,17,D,EP,KZ,F
11:02:21,INDF,RG,6025,8,D,EP,KZ,F
11:02:18,INDF,RG,6050,25,F,DP,BK,F
11:02:01,INDF,RG,6050,4,F,AK,BK,F
11:01:47,INDF,RG,6050,1,D,NI,BK,F
11:01:24,INDF,RG,6025,11,D,EP,KZ,F
11:01:22,INDF,RG,6025,28,D,EP,AK,F
11:01:22,INDF,RG,6050,4,F,AK,BK,F
11:01:15,INDF,RG,6025,1,D,EP,AK,F
11:01:10,INDF,RG,6050,19,F,AK,BK,F
11:01:10,INDF,RG,6050,3,F,AK,BK,F
11:01:08,INDF,RG,6025,9,D,EP,KZ,F
11:01:06,INDF,RG,6025,18,D,EP,ZP,F
11:01:05,INDF,RG,6050,11,D,PD,BK,F
11:01:01,INDF,RG,6025,2,D,EP,KZ,F
11:01:01,INDF,RG,6025,2,D,EP,KZ,F
11:01:01,INDF,RG,6025,3,D,EP,KZ,F
11:01:01,INDF,RG,6025,6,D,EP,KZ,F
11:01:00,INDF,RG,6025,18,D,EP,ZP,F
11:00:59,INDF,RG,6025,2,D,EP,ZP,F
11:00:58,INDF,RG,6025,26,D,EP,DX,F
11:00:48,INDF,RG,6025,3,D,EP,AK,F
11:00:26,INDF,RG,6025,4,D,EP,ZP,F
11:00:10,INDF,RG,6050,15,F,AK,BK,F
11:00:07,INDF,RG,6025,15,D,EP,KZ,F
11:00:07,INDF,RG,6025,45,D,EP,CS,F
10:59:42,INDF,RG,6025,1,D,EP,ZP,F
10:59:25,INDF,RG,6050,4,F,AK,BK,F
10:59:25,INDF,RG,6050,5,F,AK,BK,F
10:59:23,INDF,RG,6025,1,D,EP,AK,F
10:59:16,INDF,RG,6050,4,F,AK,BK,F
10:59:15,INDF,RG,6025,1,D,EP,AK,F
10:59:00,INDF,RG,6025,2,D,EP,ZP,F
10:58:52,INDF,RG,6050,4,F,AK,BK,F
10:58:43,INDF,RG,6025,7,D,EP,ZP,F
10:58:43,INDF,RG,6050,25,F,DP,BK,F
10:58:42,INDF,RG,6050,2,D,YP,BK,F
10:58:40,INDF,RG,6050,20,F,AK,BK,F
10:58:40,INDF,RG,6050,1,F,AK,BK,F
10:58:40,INDF,RG,6050,2,F,AK,BK,F
10:58:36,INDF,RG,6025,30,D,EP,KZ,F
10:58:36,INDF,RG,6025,8,D,EP,KZ,F
10:58:35,INDF,RG,6025,12,D,EP,CS,F
10:58:35,INDF,RG,6025,24,D,KK,CS,F
10:58:28,INDF,RG,6025,6,D,KK,ZP,F
10:58:02,INDF,RG,6050,8,F,AK,BK,F
10:58:02,INDF,RG,6025,20,D,KK,DX,F
10:58:02,INDF,RG,6025,10,D,KK,DX,F
10:58:02,INDF,RG,6025,15,D,SQ,DX,F
10:58:01,INDF,RG,6050,4,F,AK,BK,F
10:58:01,INDF,RG,6050,23,F,AK,BK,F
10:58:00,INDF,RG,6025,5,D,SQ,KZ,F
10:58:00,INDF,RG,6025,1,D,XC,KZ,F
10:58:00,INDF,RG,6025,1,D,GR,KZ,F
10:58:00,INDF,RG,6025,50,D,GR,KZ,F
10:58:00,INDF,RG,6025,20,D,CC,KZ,F
10:58:00,INDF,RG,6025,48,D,SQ,KZ,F
10:58:00,INDF,RG,6025,2,D,SQ,ZP,F
10:58:00,INDF,RG,6025,1,D,XC,ZP,F
10:58:00,INDF,RG,6025,17,D,GR,ZP,F
10:57:56,INDF,RG,6050,3,F,AK,BK,F
10:57:56,INDF,RG,6050,18,F,AK,BK,F
10:57:56,INDF,RG,6025,10,D,GR,KZ,F
10:57:56,INDF,RG,6025,3,D,GR,KZ,F
10:57:56,INDF,RG,6025,1,D,GR,KZ,F
10:57:55,INDF,RG,6025,19,D,GR,KZ,F
10:57:55,INDF,RG,6025,1,D,DR,KZ,F
10:57:55,INDF,RG,6025,1,D,DR,KZ,F
10:57:55,INDF,RG,6025,1,D,CC,KZ,F
10:57:55,INDF,RG,6025,2,D,NI,KZ,F
10:57:55,INDF,RG,6025,8,D,YB,KZ,F
10:57:55,INDF,RG,6025,3,D,CP,KZ,F
10:57:55,INDF,RG,6025,52,D,YP,KZ,F
10:57:55,INDF,RG,6025,23,D,YP,AK,F
10:57:55,INDF,RG,6025,200,D,GR,AK,F
10:57:55,INDF,RG,6025,40,D,YU,AK,F
10:57:55,INDF,RG,6025,5,D,DH,AK,F
10:57:55,INDF,RG,6025,20,D,DR,AK,F
10:57:55,INDF,RG,6025,50,D,FZ,AK,F
10:57:55,INDF,RG,6025,261,D,FZ,AK,F
10:57:45,INDF,RG,6025,1,D,FZ,AK,F
10:57:44,INDF,RG,6050,2,D,KK,BK,F
10:57:30,INDF,RG,6025,3,D,FZ,ZP,F
10:57:22,INDF,RG,6050,2,D,DH,BK,F
10:57:16,INDF,RG,6050,3,F,AK,BK,F
10:57:12,INDF,RG,6050,1,D,YU,BK,F
10:56:56,INDF,RG,6025,4,D,FZ,KZ,F
10:56:56,INDF,RG,6025,3,D,FZ,KZ,F
10:56:56,INDF,RG,6025,1,D,FZ,KZ,F
10:56:52,INDF,RG,6050,25,F,DP,BK,F
10:56:37,INDF,RG,6050,4,F,AK,BK,F
10:56:30,INDF,RG,6025,1,D,FZ,ZP,F
10:56:00,INDF,RG,6025,2,D,FZ,ZP,F
10:55:59,INDF,RG,6025,9,D,FZ,KZ,F
10:55:58,INDF,RG,6025,1,D,FZ,AK,F
10:55:58,INDF,RG,6025,2,D,FZ,AK,F
10:55:57,INDF,RG,6025,12,D,FZ,DX,F
10:55:57,INDF,RG,6025,2,D,YP,DX,F
10:55:57,INDF,RG,6025,10,D,CP,DX,F
10:55:57,INDF,RG,6025,8,D,YU,DX,F
10:54:57,INDF,RG,6050,2,D,PD,BK,F
10:54:30,INDF,RG,6025,2,D,YU,ZP,F
10:54:30,INDF,RG,6025,1,D,DR,ZP,F
10:54:30,INDF,RG,6025,8,D,GR,ZP,F
10:54:30,INDF,RG,6025,3,D,GR,ZP,F
10:54:30,INDF,RG,6025,1,D,GR,AK,F
10:53:58,INDF,RG,6025,16,D,GR,KZ,F
10:53:57,INDF,RG,6025,24,D,GR,AK,F
10:53:56,INDF,RG,6050,19,D,YU,BK,F
10:53:46,INDF,RG,6050,4,F,AK,BK,F
10:53:40,INDF,RG,6050,1,D,XC,BK,F
10:53:38,INDF,RG,6025,34,D,GR,KZ,F
10:53:36,INDF,RG,6025,2,D,GR,KZ,F
10:53:36,INDF,RG,6025,3,D,GR,KZ,F
10:53:33,INDF,RG,6050,100,D,YP,BK,F
10:53:30,INDF,RG,6025,1,D,GR,ZP,F
10:53:11,INDF,RG,6025,1,D,GR,KZ,F
10:53:11,INDF,RG,6025,1,D,GR,KZ,F
10:53:11,INDF,RG,6025,4,D,GR,KZ,F
10:53:10,INDF,RG,6025,2,D,GR,AK,F
10:53:09,INDF,RG,6050,5,D,PD,BK,F
10:53:09,INDF,RG,6050,1,D,OD,BK,F
10:53:02,INDF,RG,6050,2,D,CC,BK,F
10:53:00,INDF,RG,6025,1,D,GR,KZ,F
10:53:00,INDF,RG,6025,1,D,GR,ZP,F
10:53:00,INDF,RG,6025,1,D,GR,AK,F
10:52:53,INDF,RG,6050,1,D,XC,BK,F
10:52:50,INDF,RG,6050,2,D,XC,BK,F
10:52:45,INDF,RG,6050,1,D,YP,BK,F
10:52:37,INDF,RG,6050,5,F,AK,BK,F
10:52:01,INDF,RG,6050,3,F,AK,BK,F
10:51:45,INDF,RG,6025,1,D,GR,AK,F
10:51:28,INDF,RG,6050,2,D,XA,BK,F
10:51:11,INDF,RG,6025,3,D,GR,KZ,F
10:51:11,INDF,RG,6025,1,D,GR,KZ,F
10:51:11,INDF,RG,6025,1,D,YP,KZ,F
10:51:07,INDF,RG,6050,3,F,AK,BK,F
10:51:00,INDF,RG,6025,6,D,YP,ZP,F
10:50:56,INDF,RG,6050,1,D,YP,BK,F
10:50:45,INDF,RG,6025,8,D,YP,AK,F
10:50:45,INDF,RG,6025,6,D,AI,AK,F
10:50:33,INDF,RG,6025,6,D,AI,XC,D
10:50:23,INDF,RG,6025,9,D,AI,KZ,F
10:50:21,INDF,RG,6025,1,D,AI,KZ,F
10:50:16,INDF,RG,6050,3,F,AK,BK,F
10:50:16,INDF,RG,6025,2,D,AI,KZ,F
10:50:13,INDF,RG,6050,19,F,DP,BK,F
10:49:52,INDF,RG,6050,3,F,AK,BK,F
10:49:49,INDF,RG,6050,1,D,CC,BK,F
10:49:40,INDF,RG,6050,1,D,PD,BK,F
10:49:30,INDF,RG,6025,1,D,AI,ZP,F
10:49:30,INDF,RG,6025,5,D,AI,ZP,F
10:49:29,INDF,RG,6025,19,D,AI,KZ,F
10:49:28,INDF,RG,6025,3,D,AI,AK,F
10:49:27,INDF,RG,6050,50,D,CC,BK,F
10:49:15,INDF,RG,6050,4,D,XL,BK,F
10:49:05,INDF,RG,6050,1,D,PD,BK,F
10:49:04,INDF,RG,6025,2,D,AI,AK,F
10:49:03,INDF,RG,6025,11,D,AI,KZ,F
10:49:01,INDF,RG,6025,1,D,AI,KZ,F
10:49:00,INDF,RG,6025,4,D,AI,ZP,F
10:49:00,INDF,RG,6050,20,D,YU,BK,F
10:48:54,INDF,RG,6050,1,D,PD,BK,F
10:48:46,INDF,RG,6050,3,F,AK,BK,F
10:48:22,INDF,RG,6050,3,F,AK,BK,F
10:48:19,INDF,RG,6050,1,D,XL,BK,F
10:48:14,INDF,RG,6050,1,D,PD,BK,F
10:47:45,INDF,RG,6025,7,D,AI,KZ,F
10:47:45,INDF,RG,6025,20,D,AI,IF,D
10:47:33,INDF,RG,6025,8,D,AI,KZ,F
10:47:31,INDF,RG,6025,1,D,AI,KZ,F
10:47:29,INDF,RG,6050,5,D,YP,BK,F
10:47:29,INDF,RG,6050,8,D,XL,BK,F
10:47:29,INDF,RG,6050,12,D,XC,BK,F
10:47:07,INDF,RG,6050,1,D,XL,BK,F
10:47:00,INDF,RG,6025,2,D,AI,ZP,F
10:46:39,INDF,RG,6050,1,D,GR,BK,F
10:46:30,INDF,RG,6025,1,D,AI,AK,F
10:46:26,INDF,RG,6025,3,D,AI,KZ,F
10:46:21,INDF,RG,6050,2,D,XL,BK,F
10:46:16,INDF,RG,6025,2,D,AI,KZ,F
10:46:12,INDF,RG,6050,5,D,KK,BK,F
10:46:11,INDF,RG,6050,1,D,KI,BK,F
10:46:11,INDF,RG,6050,1,D,KI,CC,F
10:46:06,INDF,RG,6025,2,D,AI,KZ,F
10:46:01,INDF,RG,6050,6,F,AK,CC,F
10:46:00,INDF,RG,6025,7,D,AI,ZP,F
10:45:59,INDF,RG,6025,2,D,AI,KZ,F
10:45:59,INDF,RG,6025,3,D,YP,KZ,F
10:45:59,INDF,RG,6025,4,D,YP,KZ,F
10:45:57,INDF,RG,6050,3,D,YU,CC,F
10:45:57,INDF,RG,6050,17,D,YU,DX,F
10:45:51,INDF,RG,6050,6,F,AK,DX,F
10:45:49,INDF,RG,6025,1,D,YP,CC,D
10:45:48,INDF,RG,6025,5,D,YP,KZ,F
10:45:48,INDF,RG,6025,14,D,YP,AK,F
10:45:45,INDF,RG,6025,2,D,YP,AK,F
10:45:39,INDF,RG,6025,10,D,YP,KZ,F
10:45:39,INDF,RG,6025,30,D,YP,KK,D
10:45:30,INDF,RG,6025,1,D,YP,KZ,F
10:45:30,INDF,RG,6025,1,D,YP,AK,F
10:45:15,INDF,RG,6050,1,D,PD,DX,F
10:44:42,INDF,RG,6025,1,D,YP,KZ,F
10:44:39,INDF,RG,6025,1,D,YP,KZ,F
10:44:37,INDF,RG,6050,3,F,AK,DX,F
10:44:36,INDF,RG,6050,3,F,AK,DX,F
10:44:30,INDF,RG,6025,1,D,YP,KZ,F
10:44:30,INDF,RG,6025,3,D,YP,ZP,F
10:44:08,INDF,RG,6025,1,D,YP,AK,F
10:43:23,INDF,RG,6025,21,D,YP,NI,D
10:43:22,INDF,RG,6025,1,D,YP,YU,D
10:43:16,INDF,RG,6050,3,F,AK,DX,F
10:43:08,INDF,RG,6050,10,D,KK,DX,F
10:43:06,INDF,RG,6050,4,F,AK,DX,F
10:43:00,INDF,RG,6025,4,D,YP,ZP,F
10:42:53,INDF,RG,6025,1,D,YP,AK,F
10:42:31,INDF,RG,6025,5,D,YP,EP,D
10:42:21,INDF,RG,6025,3,D,YP,AK,F
10:42:20,INDF,RG,6050,1,D,LG,DX,F
10:42:15,INDF,RG,6025,17,D,YP,AK,F
10:42:14,INDF,RG,6025,35,D,YP,CS,F
10:41:30,INDF,RG,6025,6,D,YP,ZP,F
10:41:25,INDF,RG,6025,1,D,YP,XC,D
10:41:21,INDF,RG,6050,9,D,PD,DX,F
10:41:10,INDF,RG,6050,20,D,CC,DX,F
10:41:01,INDF,RG,6050,3,F,AK,DX,F
10:40:57,INDF,RG,6050,2,D,BQ,DX,F
10:40:51,INDF,RG,6050,3,F,AK,DX,F
10:40:46,INDF,RG,6050,1,D,PD,DX,F
10:40:39,INDF,RG,6050,50,D,YP,DX,F
10:40:30,INDF,RG,6025,1,D,YP,ZP,F
10:40:12,INDF,RG,6050,1,D,XC,DX,F
10:40:10,INDF,RG,6025,11,D,YP,EP,D
10:40:08,INDF,RG,6050,1,D,PD,DX,F
10:39:31,INDF,RG,6050,3,F,AK,DX,F
10:39:30,INDF,RG,6025,2,D,YP,ZP,F
10:39:06,INDF,RG,6050,4,F,AK,DX,F
10:38:54,INDF,RG,6050,8,D,XC,DX,F
10:38:53,INDF,RG,6050,2,D,YP,DX,F
10:38:25,INDF,RG,6050,1,D,PD,DX,F
10:38:23,INDF,RG,6050,10,D,YP,DX,F
10:38:19,INDF,RG,6025,10,D,YP,IF,D
10:38:01,INDF,RG,6025,1,D,YP,PD,D
10:38:00,INDF,RG,6025,2,D,YP,ZP,F
10:37:53,INDF,RG,6050,1,D,SS,DX,F
10:37:51,INDF,RG,6050,1,D,NI,DX,F
10:37:45,INDF,RG,6025,4,D,YP,AK,F
10:37:28,INDF,RG,6025,4,D,YP,AK,F
10:37:27,INDF,RG,6050,1,D,NI,DX,F
10:37:21,INDF,RG,6050,1,D,YP,DX,F
10:37:16,INDF,RG,6050,5,F,AK,DX,F
10:37:08,INDF,RG,6025,4,D,YP,XC,D
10:37:06,INDF,RG,6050,5,F,AK,DX,F
10:36:38,INDF,RG,6025,1,D,YP,CC,D
10:36:34,INDF,RG,6025,5,D,YP,PD,D
10:36:15,INDF,RG,6025,1,D,YP,AK,F
10:36:09,INDF,RG,6050,2,D,NI,DX,F
10:35:30,INDF,RG,6025,1,D,YP,ZP,F
10:35:01,INDF,RG,6050,4,F,AK,DX,F
10:35:01,INDF,RG,6050,4,F,AK,DX,F
10:35:00,INDF,RG,6025,2,D,YP,ZP,F
10:34:33,INDF,RG,6025,29,D,YP,AK,F
10:33:45,INDF,RG,6025,2,D,YP,AK,F
10:33:30,INDF,RG,6025,1,D,YP,ZP,F
10:33:28,INDF,RG,6025,15,D,YP,XL,D
10:32:30,INDF,RG,6025,4,D,YP,KK,D
10:32:00,INDF,RG,6025,6,D,YP,ZP,F
10:31:56,INDF,RG,6025,1,D,YP,XC,D
10:31:52,INDF,RG,6050,1,D,NI,DX,F
10:31:43,INDF,RG,6025,22,D,YP,PD,D
10:31:41,INDF,RG,6050,1,D,AZ,DX,F
10:31:27,INDF,RG,6025,4,D,YP,AK,F
10:31:26,INDF,RG,6050,7,D,PD,DX,F
10:31:20,INDF,RG,6050,43,D,YP,DX,F
10:31:20,INDF,RG,6050,3,D,YP,CS,F
10:31:20,INDF,RG,6050,4,D,YP,CS,F
10:31:02,INDF,RG,6050,1,D,XC,CS,F
10:30:58,INDF,RG,6050,1,D,XC,CS,F
10:30:49,INDF,RG,6050,4,D,YP,CS,F
10:30:49,INDF,RG,6050,4,D,YP,ZP,F
10:30:49,INDF,RG,6050,1,D,YP,CS,F
10:30:49,INDF,RG,6050,5,D,YP,CS,F
10:30:49,INDF,RG,6050,36,D,YP,PD,D
10:30:47,INDF,RG,6050,1,D,XC,PD,D
10:30:44,INDF,RG,6025,5,D,YP,XC,D
10:30:25,INDF,RG,6025,3,D,YP,NI,D
10:30:24,INDF,RG,6050,1,D,NI,PD,D
10:30:15,INDF,RG,6025,2,D,YP,AK,F
10:30:00,INDF,RG,6025,1,D,YP,SQ,D
10:30:00,INDF,RG,6025,1,D,YP,ZP,F
10:29:44,INDF,RG,6025,10,D,YP,CC,D
10:29:28,INDF,RG,6025,1,D,YP,XC,D
10:29:00,INDF,RG,6025,8,D,YP,ZP,F
10:28:38,INDF,RG,6050,8,D,PD,PD,D
10:28:38,INDF,RG,6025,64,D,YP,BK,F
10:28:38,INDF,RG,6050,1,F,AK,PD,D
10:28:38,INDF,RG,6050,30,D,YP,PD,D
10:28:38,INDF,RG,6050,10,D,DH,PD,D
10:28:38,INDF,RG,6050,2,F,CS,PD,D
10:28:38,INDF,RG,6050,11,F,AK,PD,D
10:28:36,INDF,RG,6050,1,F,AK,CS,F
10:28:30,INDF,RG,6050,10,F,DP,ZP,F
10:28:30,INDF,RG,6050,9,D,YP,ZP,F
10:28:26,INDF,RG,6050,1,D,YP,CS,F
10:28:15,INDF,RG,6050,1,F,AK,CS,F
10:28:07,INDF,RG,6050,2,F,AK,AK,F
10:28:00,INDF,RG,6050,1,F,AK,CS,F
10:28:00,INDF,RG,6050,9,F,AK,ZP,F
10:28:00,INDF,RG,6050,3,F,CS,ZP,F
10:27:57,INDF,RG,6050,1,F,DP,CS,F
10:27:57,INDF,RG,6050,10,F,DP,EP,D
10:27:54,INDF,RG,6050,6,F,DP,ZP,F
10:27:54,INDF,RG,6050,3,D,CC,ZP,F
10:27:54,INDF,RG,6050,1,D,XC,ZP,F
10:27:54,INDF,RG,6050,1,D,PD,ZP,F
10:27:54,INDF,RG,6050,1,F,AK,ZP,F
10:27:54,INDF,RG,6050,2,F,AK,ZP,F
10:27:52,INDF,RG,6050,60,F,AK,IF,D
10:27:46,INDF,RG,6050,1,F,AK,ZP,F
10:27:46,INDF,RG,6050,2,F,AK,CS,F
10:27:46,INDF,RG,6050,50,F,AK,SQ,D
10:27:46,INDF,RG,6050,3,F,AK,EP,D
10:27:43,INDF,RG,6050,40,F,AK,EP,D
10:27:42,INDF,RG,6050,44,F,AK,DX,F
10:27:42,INDF,RG,6050,18,F,DP,DX,F
10:27:42,INDF,RG,6050,5,F,AK,DX,F
10:27:39,INDF,RG,6050,3,F,AK,CS,F
10:27:39,INDF,RG,6050,3,F,AK,ZP,F
10:27:39,INDF,RG,6050,1,D,YP,ZP,F
10:27:33,INDF,RG,6050,9,D,YP,EP,D
10:27:33,INDF,RG,6050,19,D,YU,EP,D
10:27:33,INDF,RG,6050,38,D,NI,EP,D
10:27:25,INDF,RG,6050,7,D,NI,ZP,F
10:27:19,INDF,RG,6050,29,D,NI,YP,D
10:27:08,INDF,RG,6050,5,D,NI,CS,F
10:27:08,INDF,RG,6050,86,D,NI,PD,D
10:27:08,INDF,RG,6050,28,F,DP,PD,D
10:27:08,INDF,RG,6050,3,D,PD,PD,D
10:27:08,INDF,RG,6050,20,D,CC,PD,D
10:27:08,INDF,RG,6050,5,D,SQ,PD,D
10:27:08,INDF,RG,6050,4,D,PD,PD,D
10:27:08,INDF,RG,6050,3,D,CC,PD,D
10:27:08,INDF,RG,6050,60,D,SQ,PD,D
10:27:08,INDF,RG,6050,82,D,YP,PD,D
10:27:08,INDF,RG,6050,2,F,CS,PD,D
10:27:08,INDF,RG,6050,1,D,NI,PD,D
10:27:08,INDF,RG,6050,2,F,CS,PD,D
10:27:08,INDF,RG,6050,5,D,XL,PD,D
10:27:08,INDF,RG,6050,1,D,YP,PD,D
10:27:08,INDF,RG,6050,6,D,SQ,PD,D
10:27:08,INDF,RG,6050,1,D,SQ,PD,D
10:27:08,INDF,RG,6050,21,D,YU,PD,D
10:27:08,INDF,RG,6050,100,D,CP,PD,D
10:27:08,INDF,RG,6050,11,F,ZP,PD,D
10:27:08,INDF,RG,6050,2,F,CS,PD,D
10:27:08,INDF,RG,6050,10,D,XL,PD,D
10:27:08,INDF,RG,6050,1,D,DX,PD,D
10:27:08,INDF,RG,6050,1,D,YP,PD,D
10:27:08,INDF,RG,6050,1,D,PD,PD,D
10:27:08,INDF,RG,6050,1,F,CS,PD,D
10:27:08,INDF,RG,6050,10,D,NI,PD,D
10:27:08,INDF,RG,6050,1,D,PD,PD,D
10:27:08,INDF,RG,6050,3,F,CS,PD,D
10:27:08,INDF,RG,6050,1,D,DR,PD,D
10:27:08,INDF,RG,6050,1,D,PD,PD,D
10:27:08,INDF,RG,6050,1,D,PD,PD,D
10:27:08,INDF,RG,6050,5,D,CD,PD,D
10:27:08,INDF,RG,6050,2,D,GR,PD,D
10:27:08,INDF,RG,6050,10,F,ZP,PD,D
10:27:08,INDF,RG,6050,5,D,ZP,PD,D
10:27:08,INDF,RG,6050,1,D,DH,PD,D
10:27:08,INDF,RG,6050,1,D,KK,PD,D
10:27:08,INDF,RG,6050,2,D,KK,PD,D
10:27:00,INDF,RG,6050,3,D,KK,ZP,F
10:27:00,INDF,RG,6050,1,D,CC,ZP,F
10:27:00,INDF,RG,6050,3,F,CS,ZP,F
10:27:00,INDF,RG,6050,1,D,MI,ZP,F
10:27:00,INDF,RG,6050,12,D,AR,ZP,F
10:26:55,INDF,RG,6075,2,D,PD,KZ,F
10:26:50,INDF,RG,6050,16,D,AR,SQ,D
10:26:42,INDF,RG,6050,32,D,AR,CC,D
10:26:41,INDF,RG,6050,8,D,AR,CS,F
10:26:39,INDF,RG,6050,11,D,AR,YP,D
10:26:37,INDF,RG,6050,6,D,AR,YP,D
10:26:30,INDF,RG,6050,18,D,AR,ZP,F
10:26:19,INDF,RG,6050,47,D,AR,AI,D
10:26:19,INDF,RG,6050,3,D,XL,AI,D
10:26:19,INDF,RG,6050,1,D,PD,AI,D
10:26:19,INDF,RG,6050,1,D,CC,AI,D
10:26:19,INDF,RG,6050,48,D,AZ,AI,D
10:26:13,INDF,RG,6050,2,D,AZ,XC,D
10:26:13,INDF,RG,6050,10,D,SQ,XC,D
10:26:13,INDF,RG,6050,13,D,PD,XC,D
10:26:11,INDF,RG,6075,6,D,NI,KZ,F
10:26:09,INDF,RG,6050,2,D,PD,PD,D
10:25:57,INDF,RG,6050,8,D,PD,CS,F
10:25:51,INDF,RG,6075,31,F,YU,KZ,F
10:25:28,INDF,RG,6075,19,F,YU,KZ,F
10:25:15,INDF,RG,6050,2,D,PD,AK,F
10:25:15,INDF,RG,6050,1,D,SQ,AK,F
10:25:08,INDF,RG,6075,1,D,PD,KZ,F
10:24:44,INDF,RG,6050,126,F,AK,CC,F
10:24:37,INDF,RG,6050,36,F,AK,CC,F
10:24:30,INDF,RG,6050,19,F,AK,ZP,F
10:24:30,INDF,RG,6050,23,F,AK,CC,F
10:24:25,INDF,RG,6050,23,F,AK,ZP,F
10:24:25,INDF,RG,6050,5,D,GR,ZP,F
10:24:25,INDF,RG,6050,1,D,KK,ZP,F
10:24:25,INDF,RG,6050,3,F,CS,ZP,F
10:24:25,INDF,RG,6050,17,F,YU,ZP,F
10:24:22,INDF,RG,6050,12,F,YU,DX,F
10:24:22,INDF,RG,6050,10,D,NI,DX,F
10:24:22,INDF,RG,6050,10,D,XC,DX,F
10:24:22,INDF,RG,6050,10,F,KK,DX,F
10:24:22,INDF,RG,6050,4,F,CS,DX,F
10:24:22,INDF,RG,6050,3,D,XC,DX,F
10:24:22,INDF,RG,6050,1,D,RB,DX,F
10:24:19,INDF,RG,6050,1,D,RB,DH,D
10:24:19,INDF,RG,6050,4,D,CC,DH,D
10:24:19,INDF,RG,6050,1,D,SQ,DH,D
10:24:19,INDF,RG,6050,4,D,CC,DH,D
10:24:19,INDF,RG,6075,200,F,AK,KZ,F
10:24:19,INDF,RG,6050,1,D,CC,CS,F
10:24:19,INDF,RG,6050,5,D,PD,CS,F
10:24:19,INDF,RG,6050,3,D,CC,CS,F
10:24:19,INDF,RG,6050,2,D,CC,AK,F
10:24:19,INDF,RG,6050,1,D,PD,AK,F
10:24:19,INDF,RG,6050,10,D,OD,AK,F
10:24:19,INDF,RG,6050,2,D,NI,AK,F
10:24:19,INDF,RG,6050,1,D,NI,AK,F
10:24:19,INDF,RG,6050,1,D,YP,AK,F
10:24:19,INDF,RG,6050,1,D,CC,AK,F
10:24:19,INDF,RG,6050,1,D,SQ,AK,F
10:24:19,INDF,RG,6050,1,D,YP,AK,F
10:24:19,INDF,RG,6050,1,D,NI,AK,F
10:24:19,INDF,RG,6050,1,D,NI,AK,F
10:24:19,INDF,RG,6050,5,D,XC,AK,F
10:24:19,INDF,RG,6050,45,F,DP,AK,F
10:24:19,INDF,RG,6050,3,D,YP,AK,F
10:24:19,INDF,RG,6050,1,D,XL,AK,F
10:24:19,INDF,RG,6050,2,F,CS,AK,F
10:24:19,INDF,RG,6050,5,D,DH,AK,F
10:24:19,INDF,RG,6050,1,D,PD,AK,F
10:24:19,INDF,RG,6050,40,D,YP,AK,F
10:24:19,INDF,RG,6050,20,D,PD,AK,F
10:24:19,INDF,RG,6050,2,D,YP,AK,F
10:24:19,INDF,RG,6050,11,F,ZP,AK,F
10:24:19,INDF,RG,6050,20,D,NI,AK,F
10:24:19,INDF,RG,6050,40,D,PD,AK,F
10:24:19,INDF,RG,6050,60,D,IF,AK,F
10:24:19,INDF,RG,6050,2,D,AZ,AK,F
10:24:19,INDF,RG,6050,3,F,CS,AK,F
10:24:19,INDF,RG,6050,1,D,XC,AK,F
10:24:19,INDF,RG,6050,17,D,YU,AK,F
10:24:19,INDF,RG,6050,16,D,CC,AK,F
10:24:19,INDF,RG,6050,1,D,GR,AK,F
10:24:19,INDF,RG,6050,7,F,AK,AK,F
10:24:19,INDF,RG,6050,7,F,AK,AK,F
10:24:19,INDF,RG,6050,1,D,CC,AK,F
10:24:19,INDF,RG,6050,1,D,PD,AK,F
10:24:19,INDF,RG,6050,16,D,XC,AK,F
10:24:19,INDF,RG,6050,1,D,YP,AK,F
10:24:19,INDF,RG,6050,30,F,YU,AK,F
10:24:19,INDF,RG,6050,18,F,DP,AK,F
10:24:18,INDF,RG,6050,28,F,DP,YP,D
10:24:18,INDF,RG,6050,1,D,NI,YP,D
10:24:18,INDF,RG,6050,20,D,CC,YP,D
10:24:18,INDF,RG,6050,51,F,YU,YP,D
10:24:10,INDF,RG,6050,1,F,YU,ZP,F
10:24:09,INDF,RG,6050,5,F,YU,CC,D
10:24:03,INDF,RG,6050,10,F,YU,YP,D
10:24:01,INDF,RG,6050,5,F,YU,AZ,D
10:23:39,INDF,RG,6050,2,F,YU,ZP,F
10:23:38,INDF,RG,6075,32,F,YU,KZ,F
10:23:31,INDF,RG,6050,1,F,YU,SQ,D
10:23:26,INDF,RG,6050,1,F,YU,ZP,F
10:23:25,INDF,RG,6075,21,F,YU,KZ,F
10:23:10,INDF,RG,6050,1,F,YU,ZP,F
10:23:00,INDF,RG,6050,4,F,YU,AK,F
10:23:00,INDF,RG,6050,5,D,BS,AK,F
10:22:53,INDF,RG,6050,2,D,BS,CC,D
10:22:52,INDF,RG,6050,7,D,BS,ZP,F
10:22:46,INDF,RG,6050,7,D,BS,ZP,F
10:22:44,INDF,RG,6050,23,D,BS,BK,F
10:22:43,INDF,RG,6050,20,D,BS,GR,D
10:22:40,INDF,RG,6075,25,F,DP,KZ,F
10:22:39,INDF,RG,6075,42,F,YU,KZ,F
10:22:36,INDF,RG,6050,3,D,BS,ZP,F
10:22:32,INDF,RG,6075,19,F,YU,KZ,F
10:22:20,INDF,RG,6050,19,D,BS,BK,F
10:22:19,INDF,RG,6050,34,D,BS,ZP,F
10:22:14,INDF,RG,6050,16,D,BS,BK,F
10:22:12,INDF,RG,6050,29,D,BS,AK,F
10:22:12,INDF,RG,6050,1,D,XC,AK,F
10:22:12,INDF,RG,6050,11,F,AG,AK,F
10:22:12,INDF,RG,6050,6,F,AK,AK,F
10:22:12,INDF,RG,6050,1,D,CC,AK,F
10:22:12,INDF,RG,6050,9,D,XL,AK,F
10:22:11,INDF,RG,6050,1,D,XL,BK,F
10:22:11,INDF,RG,6050,10,D,YP,BK,F
10:22:08,INDF,RG,6050,25,D,YP,BK,F
10:22:08,INDF,RG,6050,7,F,AK,BK,F
10:22:08,INDF,RG,6050,2,D,XC,BK,F
10:22:07,INDF,RG,6075,4,D,PD,KZ,F
10:22:05,INDF,RG,6075,4,F,AK,KZ,F
10:22:05,INDF,RG,6075,7,F,AK,DX,F
10:22:05,INDF,RG,6075,73,F,AK,DX,F
10:22:05,INDF,RG,6075,42,F,AK,DX,F
10:22:05,INDF,RG,6050,8,D,XC,BK,F
10:22:05,INDF,RG,6050,6,F,AK,BK,F
10:22:05,INDF,RG,6050,15,D,YP,BK,F
10:22:05,INDF,RG,6050,7,F,AK,BK,F
10:22:05,INDF,RG,6050,24,D,XA,BK,F
10:22:04,INDF,RG,6050,6,D,XA,CS,F
10:22:04,INDF,RG,6050,1,D,CC,CS,F
10:22:04,INDF,RG,6050,6,D,XC,CS,F
10:22:04,INDF,RG,6050,4,D,XC,CC,F
10:22:04,INDF,RG,6050,1,D,XL,CC,F
10:22:04,INDF,RG,6050,10,D,YP,CC,F
10:22:04,INDF,RG,6050,10,D,PD,CC,F
10:22:04,INDF,RG,6050,10,D,YP,CC,F
10:22:04,INDF,RG,6050,178,D,PD,CC,F
10:22:04,INDF,RG,6050,22,D,PD,ZP,F
10:22:04,INDF,RG,6050,1,D,LG,ZP,F
10:22:04,INDF,RG,6050,1,D,AI,ZP,F
10:22:04,INDF,RG,6050,10,D,XC,ZP,F
10:22:04,INDF,RG,6050,1,D,DR,ZP,F
10:22:04,INDF,RG,6050,8,D,CC,ZP,F
10:22:00,INDF,RG,6050,44,D,CC,BK,F
10:22:00,INDF,RG,6050,1,D,XL,BK,F
10:22:00,INDF,RG,6050,13,D,CC,BK,F
10:22:00,INDF,RG,6075,25,F,DP,DX,F
10:22:00,INDF,RG,6050,2,D,PD,ZP,F
10:22:00,INDF,RG,6050,1,D,SQ,ZP,F
10:22:00,INDF,RG,6050,10,D,OD,ZP,F
10:22:00,INDF,RG,6050,3,D,XC,ZP,F
10:22:00,INDF,RG,6050,4,D,GR,ZP,F
10:21:59,INDF,RG,6050,13,D,GR,BK,F
10:21:59,INDF,RG,6050,1,D,YP,BK,F
10:21:59,INDF,RG,6050,5,D,TF,BK,F
10:21:58,INDF,RG,6075,21,F,AK,DX,F
10:21:58,INDF,RG,6075,14,F,AK,KZ,F
10:21:58,INDF,RG,6075,2,F,AK,KZ,F
10:21:58,INDF,RG,6075,11,F,AK,DX,F
10:21:58,INDF,RG,6075,74,F,AK,DX,F
10:21:58,INDF,RG,6075,1,F,AK,ZP,F
10:21:58,INDF,RG,6075,29,F,AK,BK,F
10:21:58,INDF,RG,6075,1,F,AK,ZP,F
10:21:58,INDF,RG,6075,9,F,AK,AK,F
10:21:58,INDF,RG,6050,1,D,KK,BK,F
10:21:58,INDF,RG,6050,1,D,XL,BK,F
10:21:58,INDF,RG,6050,1,D,YP,BK,F
10:21:58,INDF,RG,6050,50,D,CC,BK,F
10:21:58,INDF,RG,6050,10,D,DH,BK,F
10:21:58,INDF,RG,6050,1,D,XL,BK,F
10:21:58,INDF,RG,6050,1,D,EP,BK,F
10:21:58,INDF,RG,6050,5,D,AT,BK,F
10:21:58,INDF,RG,6050,1,D,OD,BK,F
10:21:58,INDF,RG,6050,17,D,HP,BK,F
10:21:58,INDF,RG,6050,14,D,HP,CS,F
10:21:58,INDF,RG,6050,119,D,HP,BK,F
10:21:58,INDF,RG,6050,1,D,EP,BK,F
10:21:58,INDF,RG,6050,1,D,PD,BK,F
10:21:58,INDF,RG,6050,1,D,CC,BK,F
10:21:58,INDF,RG,6050,50,D,CC,BK,F
10:21:58,INDF,RG,6050,1,D,KK,BK,F
10:21:58,INDF,RG,6050,10,D,YP,BK,F
10:21:58,INDF,RG,6050,5,D,SQ,BK,F
10:21:58,INDF,RG,6050,1,D,XC,BK,F
10:21:58,INDF,RG,6050,1,D,GR,BK,F
10:21:58,INDF,RG,6050,1,D,NI,BK,F
10:21:58,INDF,RG,6050,5,D,XL,BK,F
10:21:58,INDF,RG,6050,1,D,NI,BK,F
10:21:58,INDF,RG,6050,25,D,SQ,BK,F
10:21:58,INDF,RG,6050,5,D,IP,BK,F
10:21:58,INDF,RG,6050,5,D,KK,BK,F
10:21:58,INDF,RG,6050,50,D,TP,BK,F
10:21:58,INDF,RG,6050,1,D,CC,BK,F
10:21:58,INDF,RG,6050,2,D,AZ,BK,F
10:21:58,INDF,RG,6050,3,D,PD,BK,F
10:21:58,INDF,RG,6050,1,D,NI,BK,F
10:21:58,INDF,RG,6050,1,D,PD,BK,F
10:21:58,INDF,RG,6050,10,D,GR,BK,F
10:21:58,INDF,RG,6050,2,D,GR,BK,F
10:21:58,INDF,RG,6050,2,D,XC,BK,F
10:21:58,INDF,RG,6050,4,D,TP,BK,F
10:21:58,INDF,RG,6050,1,D,PD,BK,F
10:21:58,INDF,RG,6050,5,D,NI,BK,F
10:21:58,INDF,RG,6050,2,D,YP,BK,F
10:21:58,INDF,RG,6050,30,D,KK,BK,F
10:21:58,INDF,RG,6050,1,D,NI,BK,F
10:21:58,INDF,RG,6050,10,D,KK,BK,F
10:21:58,INDF,RG,6050,11,D,YB,BK,F
10:21:58,INDF,RG,6050,38,D,YB,CC,F
10:21:58,INDF,RG,6050,20,D,SQ,CC,F
10:21:58,INDF,RG,6050,5,D,DH,CC,F
10:21:58,INDF,RG,6050,1,D,YP,CC,F
10:21:58,INDF,RG,6050,1,D,PD,CC,F
10:21:58,INDF,RG,6050,15,F,AG,CC,F
10:21:58,INDF,RG,6050,1,D,YP,CC,F
10:21:58,INDF,RG,6050,7,D,BQ,CC,F
10:21:58,INDF,RG,6050,10,D,CC,CC,F
10:21:58,INDF,RG,6050,16,D,PD,CC,F
10:21:58,INDF,RG,6050,1,D,YP,CC,F
10:21:58,INDF,RG,6050,1,D,PD,CC,F
10:21:58,INDF,RG,6050,10,D,GR,CC,F
10:21:58,INDF,RG,6050,2,D,CC,CC,F
10:21:58,INDF,RG,6050,15,D,YP,CC,F
10:21:55,INDF,RG,6050,1,D,YP,ZP,F
10:21:49,INDF,RG,6050,18,D,YP,BK,F
10:21:45,INDF,RG,6050,77,D,YP,CC,F
10:21:39,INDF,RG,6050,11,D,YP,BK,F
10:21:37,INDF,RG,6050,20,D,YP,YP,D
10:21:30,INDF,RG,6075,29,F,YU,AK,F
10:21:22,INDF,RG,6050,10,D,YP,BK,F
10:21:18,INDF,RG,6050,14,D,YP,BK,F
10:21:18,INDF,RG,6050,22,D,YP,CC,F
10:21:18,INDF,RG,6050,12,D,YP,DX,F
10:21:18,INDF,RG,6050,31,F,KZ,DX,F
10:21:15,INDF,RG,6075,44,F,AK,AK,F
10:21:15,INDF,RG,6075,1,F,AK,AK,F
10:21:15,INDF,RG,6075,16,F,AK,AK,F
10:21:15,INDF,RG,6050,2,F,KZ,AK,F
10:21:07,INDF,RG,6050,19,F,KZ,BK,F
10:21:06,INDF,RG,6050,100,F,KZ,CC,F
10:20:37,INDF,RG,6050,5,F,KZ,AK,F
10:20:32,INDF,RG,6050,1,F,KZ,NI,D
10:20:30,INDF,RG,6050,4,F,KZ,ZP,F
10:20:14,INDF,RG,6050,10,F,KZ,YP,D
10:20:06,INDF,RG,6050,22,F,KZ,BK,F
10:20:04,INDF,RG,6075,14,F,AK,AK,F
10:20:03,INDF,RG,6075,1,D,XL,AK,F
10:20:00,INDF,RG,6050,10,F,KZ,ZP,F
10:20:00,INDF,RG,6050,10,F,KZ,BK,F
10:19:58,INDF,RG,6075,19,D,YU,AK,F
10:19:54,INDF,RG,6050,40,F,KZ,DX,F
10:19:54,INDF,RG,6050,11,F,KZ,BK,F
10:19:53,INDF,RG,6075,20,F,YU,AK,F
10:19:46,INDF,RG,6050,12,F,KZ,BK,F
10:19:45,INDF,RG,6075,49,F,AK,AK,F
10:19:40,INDF,RG,6050,4,F,KZ,ZP,F
10:19:37,INDF,RG,6075,1,D,XC,AK,F
10:19:34,INDF,RG,6050,1,F,KZ,XL,D
10:19:33,INDF,RG,6075,25,F,DP,AK,F
10:19:31,INDF,RG,6075,10,F,AK,AK,F
10:19:03,INDF,RG,6050,5,F,KZ,NI,D
10:19:00,INDF,RG,6050,3,F,KZ,ZP,F
10:19:00,INDF,RG,6075,20,D,YU,AK,F
10:18:53,INDF,RG,6050,18,F,KZ,BK,F
10:18:53,INDF,RG,6075,22,F,YU,AK,F
10:18:30,INDF,RG,6050,16,F,KZ,ZP,F
10:17:50,INDF,RG,6050,12,F,KZ,BK,F
10:17:48,INDF,RG,6050,26,F,KZ,BK,F
10:17:46,INDF,RG,6050,57,F,KZ,DX,F
10:17:45,INDF,RG,6075,46,F,AK,AK,F
10:17:45,INDF,RG,6075,2,F,AK,AK,F
10:17:44,INDF,RG,6050,100,F,KZ,PD,D
10:17:00,INDF,RG,6050,3,F,KZ,ZP,F
10:16:42,INDF,RG,6075,25,F,DP,AK,F
10:16:36,INDF,RG,6050,19,F,KZ,CS,F
10:16:30,INDF,RG,6050,10,F,KZ,ZP,F
10:16:23,INDF,RG,6075,20,F,YU,AK,F
10:16:23,INDF,RG,6075,11,F,YU,KZ,F
10:15:25,INDF,RG,6075,2,D,PD,KZ,F
10:15:21,INDF,RG,6075,10,D,YP,KZ,F
10:15:06,INDF,RG,6075,29,F,AK,KZ,F
10:15:05,INDF,RG,6075,30,D,CC,KZ,F
10:15:01,INDF,RG,6050,23,F,KZ,CS,F
10:14:38,INDF,RG,6050,30,F,KZ,PD,D
10:14:30,INDF,RG,6050,4,F,KZ,ZP,F
10:14:21,INDF,RG,6050,2,D,NI,DX,F
10:14:21,INDF,RG,6050,1,D,GR,DX,F
10:14:21,INDF,RG,6050,1,D,XL,DX,F
10:14:21,INDF,RG,6050,33,D,DH,DX,F
10:14:18,INDF,RG,6075,11,F,AK,KZ,F
10:14:18,INDF,RG,6050,13,D,DH,PD,D
10:14:07,INDF,RG,6050,3,D,DH,AK,F
10:14:00,INDF,RG,6050,6,D,DH,ZP,F
10:13:47,INDF,RG,6075,18,F,AK,KZ,F
10:13:47,INDF,RG,6075,14,F,AK,AK,F
10:13:47,INDF,RG,6075,25,F,DP,AK,F
10:13:31,INDF,RG,6075,26,F,YU,AK,F
10:12:42,INDF,RG,6050,5,D,DH,CC,D
10:12:30,INDF,RG,6050,1,D,DH,ZP,F
10:12:06,INDF,RG,6050,16,D,DH,BQ,D
10:11:30,INDF,RG,6050,4,D,DH,ZP,F
10:11:21,INDF,RG,6075,6,F,AK,AK,F
10:11:13,INDF,RG,6050,16,D,DH,YP,D
10:11:07,INDF,RG,6050,3,D,DH,AK,F
10:11:04,INDF,RG,6075,20,F,YU,AK,F
10:11:00,INDF,RG,6050,11,D,DH,ZP,F
10:11:00,INDF,RG,6050,6,D,DH,ZP,F
10:10:51,INDF,RG,6050,6,D,DH,ZP,F
10:10:43,INDF,RG,6075,27,F,AK,AK,F
10:10:42,INDF,RG,6050,38,D,DH,DX,F
10:10:40,INDF,RG,6075,25,F,DP,AK,F
10:09:51,INDF,RG,6050,3,D,DH,ZP,F
10:09:47,INDF,RG,6050,31,D,DH,BK,F
10:09:34,INDF,RG,6075,17,D,XL,AK,F
10:09:30,INDF,RG,6050,9,D,DH,AK,F
10:09:23,INDF,RG,6075,40,F,AK,AK,F
10:09:22,INDF,RG,6050,18,D,DH,PD,D
10:09:22,INDF,RG,6050,5,D,YP,PD,D
10:09:22,INDF,RG,6050,25,D,GR,PD,D
10:09:22,INDF,RG,6050,48,D,GR,PD,D
10:09:22,INDF,RG,6050,2,D,GR,CS,F
10:09:22,INDF,RG,6050,5,D,YP,CS,F
10:09:22,INDF,RG,6050,1,D,XC,CS,F
10:09:22,INDF,RG,6050,14,D,YP,CS,F
10:09:07,INDF,RG,6075,1,D,PD,AK,F
10:09:01,INDF,RG,6050,36,D,YP,DX,F
10:09:01,INDF,RG,6050,2,D,PD,DX,F
10:08:57,INDF,RG,6075,19,D,YU,AK,F
10:08:57,INDF,RG,6075,21,F,AK,AK,F
10:08:57,INDF,RG,6075,7,F,AK,AK,F
10:08:56,INDF,RG,6075,22,D,YU,AK,F
10:08:30,INDF,RG,6050,3,D,PD,ZP,F
10:08:30,INDF,RG,6050,1,D,YP,AK,F
10:08:15,INDF,RG,6075,15,D,XC,AK,F
10:08:08,INDF,RG,6075,25,F,DP,AK,F
10:08:00,INDF,RG,6050,4,D,YP,ZP,F
10:07:39,INDF,RG,6075,25,F,YU,AK,F
10:07:00,INDF,RG,6075,17,F,AK,AK,F
10:07:00,INDF,RG,6075,19,D,YU,AK,F
10:06:31,INDF,RG,6050,3,D,YP,CC,D
10:06:30,INDF,RG,6050,4,D,YP,ZP,F
10:06:09,INDF,RG,6050,5,D,YP,YP,D
10:05:52,INDF,RG,6050,5,D,YP,AK,F
10:05:52,INDF,RG,6075,9,F,AK,AK,F
10:05:37,INDF,RG,6075,18,F,YU,AK,F
10:05:30,INDF,RG,6075,1,F,AK,AK,F
10:05:30,INDF,RG,6075,10,F,AK,AK,F
10:05:30,INDF,RG,6050,8,D,YP,ZP,F
10:05:30,INDF,RG,6050,2,D,MG,ZP,F
10:05:30,INDF,RG,6050,1,D,LG,ZP,F
10:05:30,INDF,RG,6050,1,D,OD,ZP,F
10:05:30,INDF,RG,6050,1,D,XL,ZP,F
10:05:27,INDF,RG,6075,1,D,XL,AK,F
10:05:23,INDF,RG,6050,5,D,YP,DX,F
10:05:23,INDF,RG,6050,1,D,YP,DX,F
10:05:23,INDF,RG,6050,2,D,YP,DX,F
10:05:23,INDF,RG,6050,1,D,YP,DX,F
10:05:23,INDF,RG,6050,2,D,YP,DX,F
10:05:23,INDF,RG,6050,1,D,YP,DX,F
10:05:23,INDF,RG,6050,1,D,SQ,DX,F
10:05:23,INDF,RG,6050,1,D,YP,DX,F
10:05:23,INDF,RG,6050,3,D,PD,DX,F
10:05:23,INDF,RG,6050,10,D,SQ,DX,F
10:05:23,INDF,RG,6050,10,D,AT,DX,F
10:05:23,INDF,RG,6050,1,D,PD,DX,F
10:05:23,INDF,RG,6050,1,D,PD,DX,F
10:05:23,INDF,RG,6050,5,D,PD,DX,F
10:05:23,INDF,RG,6050,2,D,GR,DX,F
10:05:23,INDF,RG,6050,3,D,GR,DX,F
10:05:21,INDF,RG,6075,21,F,AK,AK,F
10:05:20,INDF,RG,6050,2,D,GR,PD,D
10:05:20,INDF,RG,6050,1,D,PD,PD,D
10:05:20,INDF,RG,6050,2,D,PD,PD,D
10:05:20,INDF,RG,6050,6,D,PD,PD,D
10:05:20,INDF,RG,6050,2,D,PD,PD,D
10:05:20,INDF,RG,6050,5,D,PD,PD,D
10:05:20,INDF,RG,6050,1,D,CC,PD,D
10:05:20,INDF,RG,6050,50,D,PD,PD,D
10:05:20,INDF,RG,6050,2,D,PD,PD,D
10:05:20,INDF,RG,6050,10,D,GR,PD,D
10:05:20,INDF,RG,6050,5,D,XC,PD,D
10:05:20,INDF,RG,6050,7,D,CC,PD,D
10:05:09,INDF,RG,6050,1,D,CC,XL,D
10:04:52,INDF,RG,6050,1,D,CC,XL,D
10:04:43,INDF,RG,6075,8,F,AK,AK,F
10:04:42,INDF,RG,6075,25,F,DP,AK,F
10:04:17,INDF,RG,6050,1,D,CC,XL,D
10:04:17,INDF,RG,6050,1,D,YP,XL,D
10:04:15,INDF,RG,6050,3,D,YP,NI,D
10:04:00,INDF,RG,6050,6,D,YP,ZP,F
10:03:33,INDF,RG,6075,18,F,AK,AK,F
10:03:33,INDF,RG,6050,67,D,YP,AK,F
10:03:29,INDF,RG,6050,16,D,YP,YP,D
10:03:28,INDF,RG,6075,1,D,CC,AK,F
10:02:41,INDF,RG,6075,1,D,PD,AK,F
10:02:08,INDF,RG,6075,7,F,AK,AK,F
10:02:07,INDF,RG,6075,27,F,YU,AK,F
10:02:00,INDF,RG,6050,2,D,YP,XL,D
10:01:59,INDF,RG,6075,1,D,XL,AK,F
10:01:45,INDF,RG,6075,10,F,AK,AK,F
10:01:45,INDF,RG,6050,5,D,YP,DX,F
10:01:45,INDF,RG,6050,44,D,KK,DX,F
10:01:41,INDF,RG,6075,18,F,AK,AK,F
10:01:40,INDF,RG,6050,56,D,KK,YP,D
10:01:40,INDF,RG,6050,2,D,KK,YP,D
10:01:40,INDF,RG,6050,1,D,DR,YP,D
10:01:40,INDF,RG,6050,1,D,CC,YP,D
10:01:40,INDF,RG,6050,2,D,NI,YP,D
10:01:40,INDF,RG,6050,2,D,NI,YP,D
10:01:40,INDF,RG,6050,2,D,XC,YP,D
10:01:40,INDF,RG,6050,15,D,YP,YP,D
10:01:03,INDF,RG,6075,5,F,AK,AK,F
10:01:02,INDF,RG,6075,25,F,DP,AK,F
10:01:00,INDF,RG,6075,20,F,AK,AK,F
10:01:00,INDF,RG,6075,24,D,YU,AK,F
10:00:12,INDF,RG,6075,5,F,YU,AK,F
10:00:12,INDF,RG,6075,8,F,YU,CS,F
10:00:12,INDF,RG,6075,1,F,YU,CS,F
10:00:12,INDF,RG,6075,7,F,YU,ZP,F
10:00:06,INDF,RG,6075,12,F,AK,ZP,F
09:59:30,INDF,RG,6050,5,D,YP,ZP,F
09:59:02,INDF,RG,6075,1,D,PD,ZP,F
09:59:02,INDF,RG,6075,7,D,PD,CS,F
09:59:02,INDF,RG,6075,2,D,PD,CS,F
09:58:57,INDF,RG,6075,1,F,YU,CS,F
09:58:57,INDF,RG,6075,1,F,YU,CS,F
09:58:57,INDF,RG,6075,21,F,YU,DX,F
09:58:17,INDF,RG,6050,30,D,YP,CS,F
09:58:00,INDF,RG,6050,7,D,GR,ZP,F
09:57:59,INDF,RG,6075,24,F,YU,DX,F
09:57:33,INDF,RG,6050,8,D,GR,AK,F
09:57:24,INDF,RG,6075,12,F,DP,DX,F
09:57:24,INDF,RG,6075,13,F,DP,DX,F
09:57:10,INDF,RG,6075,21,F,YU,DX,F
09:57:00,INDF,RG,6075,15,D,CC,DX,F
09:56:58,INDF,RG,6075,18,D,YU,DX,F
09:56:45,INDF,RG,6075,22,F,YU,DX,F
09:56:30,INDF,RG,6050,5,D,GR,ZP,F
09:56:28,INDF,RG,6050,1,D,NI,CS,F
09:56:28,INDF,RG,6050,1,D,CP,CS,F
09:56:28,INDF,RG,6050,1,D,EP,CS,F
09:56:28,INDF,RG,6050,20,D,DR,CS,F
09:56:28,INDF,RG,6050,1,D,PD,CS,F
09:56:28,INDF,RG,6050,6,D,PD,AK,F
09:56:27,INDF,RG,6050,5,D,PD,CC,D
09:56:13,INDF,RG,6050,30,D,PD,DX,F
09:56:00,INDF,RG,6050,2,D,PD,ZP,F
09:55:36,INDF,RG,6050,28,D,PD,DX,F
09:55:26,INDF,RG,6075,2,D,EP,DX,F
09:55:00,INDF,RG,6075,3,D,PD,DX,F
09:55:00,INDF,RG,6050,2,D,PD,ZP,F
09:55:00,INDF,RG,6050,1,D,PD,AK,F
09:54:59,INDF,RG,6050,25,D,PD,DX,F
09:54:59,INDF,RG,6050,2,D,YP,DX,F
09:54:59,INDF,RG,6050,2,D,GR,DX,F
09:54:05,INDF,RG,6075,1,D,EP,DX,F
09:54:04,INDF,RG,6075,1,D,YP,DX,F
09:54:00,INDF,RG,6050,3,D,GR,ZP,F
09:53:54,INDF,RG,6075,10,D,GR,DX,F
09:53:40,INDF,RG,6050,1,D,GR,DX,F
09:53:40,INDF,RG,6050,1,D,DR,DX,F
09:53:40,INDF,RG,6050,10,D,AO,DX,F
09:53:40,INDF,RG,6050,1,D,BQ,DX,F
09:53:40,INDF,RG,6050,16,D,YP,DX,F
09:53:17,INDF,RG,6075,1,D,PD,DX,F
09:53:00,INDF,RG,6050,2,D,YP,ZP,F
09:52:50,INDF,RG,6050,12,D,YP,SQ,D
09:52:50,INDF,RG,6050,2,D,AI,SQ,D
09:52:44,INDF,RG,6050,29,D,AI,DX,F
09:52:30,INDF,RG,6050,1,D,AI,ZP,F
09:52:07,INDF,RG,6075,4,D,KK,DX,F
09:50:00,INDF,RG,6050,4,D,AI,ZP,F
09:49:51,INDF,RG,6050,14,D,AI,CS,F
09:49:51,INDF,RG,6050,10,D,YP,CS,F
09:49:51,INDF,RG,6050,12,D,YP,BK,F
09:49:41,INDF,RG,6075,10,D,YP,DX,F
09:49:36,INDF,RG,6075,15,D,GR,DX,F
09:49:30,INDF,RG,6050,4,D,YP,ZP,F
09:49:30,INDF,RG,6050,4,D,YP,AK,F
09:49:29,INDF,RG,6075,50,D,CC,DX,F
09:48:14,INDF,RG,6075,1,D,XL,DX,F
09:48:05,INDF,RG,6075,2,D,PD,DX,F
09:48:00,INDF,RG,6050,14,D,YP,ZP,F
09:47:58,INDF,RG,6050,2,D,YP,ZP,F
09:47:43,INDF,RG,6075,1,D,MG,DX,F
09:47:37,INDF,RG,6050,250,D,YP,PD,D
09:47:30,INDF,RG,6050,1,D,YP,ZP,F
09:47:22,INDF,RG,6050,10,D,YP,XL,D
09:47:20,INDF,RG,6050,8,D,YP,AK,F
09:47:19,INDF,RG,6050,1,D,YP,ZP,F
09:47:12,INDF,RG,6075,3,D,XL,DX,F
09:46:00,INDF,RG,6050,15,D,YP,ZP,F
09:45:55,INDF,RG,6050,23,D,YP,BK,F
09:45:54,INDF,RG,6075,1,D,XC,DX,F
09:45:50,INDF,RG,6050,1,D,YP,XC,D
09:45:49,INDF,RG,6050,5,D,YP,XL,D
09:45:12,INDF,RG,6050,35,D,YP,ZP,F
09:45:07,INDF,RG,6050,5,D,YP,BK,F
09:45:07,INDF,RG,6050,2,D,MU,BK,F
09:45:07,INDF,RG,6050,5,D,MG,BK,F
09:45:05,INDF,RG,6050,18,D,MG,BK,F
09:45:01,INDF,RG,6050,67,D,MG,BK,F
09:45:00,INDF,RG,6050,1,D,MG,KK,D
09:45:00,INDF,RG,6050,9,D,MG,BK,F
09:45:00,INDF,RG,6075,37,F,AK,DX,F
09:45:00,INDF,RG,6075,2,F,AK,DX,F
09:45:00,INDF,RG,6075,1,F,AK,CS,F
09:45:00,INDF,RG,6075,31,F,KZ,CC,F
09:45:00,INDF,RG,6075,40,F,KZ,CC,F
09:45:00,INDF,RG,6075,96,F,YU,CC,F
09:45:00,INDF,RG,6075,5,D,YP,CC,F
09:45:00,INDF,RG,6075,3,F,AK,CC,F
09:45:00,INDF,RG,6075,62,F,AK,CC,F
09:44:58,INDF,RG,6075,21,F,AK,BK,F
09:44:58,INDF,RG,6075,51,F,AK,KZ,F
09:44:56,INDF,RG,6075,49,F,AK,BK,F
09:44:56,INDF,RG,6075,10,F,AK,KZ,F
09:44:56,INDF,RG,6075,3,F,AK,CS,F
09:44:55,INDF,RG,6075,13,F,AK,ZP,F
09:44:55,INDF,RG,6075,4,F,CS,ZP,F
09:44:55,INDF,RG,6075,15,F,ZP,ZP,F
09:44:55,INDF,RG,6075,5,F,KZ,ZP,F
09:44:55,INDF,RG,6075,6,F,AK,ZP,F
09:44:55,INDF,RG,6075,13,F,AK,ZP,F
09:44:55,INDF,RG,6075,2,F,KZ,ZP,F
09:44:55,INDF,RG,6075,2,D,CC,ZP,F
09:44:55,INDF,RG,6075,6,F,KZ,ZP,F
09:44:55,INDF,RG,6075,23,F,KZ,AK,F
09:44:53,INDF,RG,6075,33,F,KZ,KZ,F
09:44:53,INDF,RG,6075,10,F,ZP,KZ,F
09:44:52,INDF,RG,6075,13,F,ZP,BK,F
09:44:52,INDF,RG,6075,1,D,XC,BK,F
09:44:52,INDF,RG,6075,11,F,ZP,BK,F
09:44:52,INDF,RG,6075,7,F,KZ,BK,F
09:44:52,INDF,RG,6075,32,F,DP,BK,F
09:44:52,INDF,RG,6075,13,D,YU,BK,F
09:44:51,INDF,RG,6075,4,D,YU,KZ,F
09:44:50,INDF,RG,6075,2,D,YU,DX,F
09:44:50,INDF,RG,6075,1,D,KK,DX,F
09:44:50,INDF,RG,6075,1,D,XC,DX,F
09:44:50,INDF,RG,6075,4,F,KZ,DX,F
09:44:50,INDF,RG,6075,11,F,ZP,DX,F
09:44:50,INDF,RG,6075,2,F,KZ,DX,F
09:44:50,INDF,RG,6075,3,F,KZ,DX,F
09:44:50,INDF,RG,6075,9,D,EP,DX,F
09:44:48,INDF,RG,6075,1,D,EP,KZ,F
09:44:48,INDF,RG,6075,12,F,KZ,KZ,F
09:44:48,INDF,RG,6075,1,D,CC,KZ,F
09:44:48,INDF,RG,6075,3,F,CS,KZ,F
09:44:48,INDF,RG,6075,1,D,XC,KZ,F
09:44:48,INDF,RG,6075,1,D,SQ,KZ,F
09:44:48,INDF,RG,6075,3,F,KZ,KZ,F
09:44:48,INDF,RG,6075,8,D,YP,KZ,F
09:44:48,INDF,RG,6075,23,F,KZ,KZ,F
09:44:48,INDF,RG,6075,25,F,YU,KZ,F
09:44:48,INDF,RG,6075,44,F,ZP,KZ,F
09:44:48,INDF,RG,6075,76,F,KZ,KZ,F
09:44:48,INDF,RG,6075,20,D,XA,KZ,F
09:44:48,INDF,RG,6075,6,F,YU,KZ,F
09:44:47,INDF,RG,6075,23,F,YU,BK,F
09:44:47,INDF,RG,6075,25,D,YP,BK,F
09:44:47,INDF,RG,6075,1,D,GR,BK,F
09:44:47,INDF,RG,6075,12,F,ZP,BK,F
09:44:47,INDF,RG,6075,1,D,NI,BK,F
09:44:47,INDF,RG,6075,22,D,YU,BK,F
09:44:47,INDF,RG,6075,5,D,NI,BK,F
09:44:47,INDF,RG,6075,1,D,PD,BK,F
09:44:47,INDF,RG,6075,4,F,ZP,BK,F
09:44:46,INDF,RG,6075,1,F,ZP,KZ,F
09:44:45,INDF,RG,6075,11,F,ZP,KZ,F
09:44:45,INDF,RG,6075,28,F,YU,KZ,F
09:44:45,INDF,RG,6075,14,F,YU,AK,F
09:44:45,INDF,RG,6075,46,F,DP,AK,F
09:44:45,INDF,RG,6075,1,D,AI,AK,F
09:44:45,INDF,RG,6075,2,F,CS,AK,F
09:44:45,INDF,RG,6075,49,F,YU,AK,F
09:44:45,INDF,RG,6075,244,F,YU,AK,F
09:44:45,INDF,RG,6075,13,F,ZP,AK,F
09:44:45,INDF,RG,6075,10,D,PD,CC,F
09:44:45,INDF,RG,6075,49,F,ZP,CC,F
09:44:45,INDF,RG,6075,91,F,AK,CC,F
09:44:41,INDF,RG,6075,3,F,AK,ZP,F
09:44:36,INDF,RG,6075,10,F,AK,KZ,F
09:44:36,INDF,RG,6075,23,F,AK,DX,F
09:44:31,INDF,RG,6075,5,F,AK,KZ,F
09:44:31,INDF,RG,6075,13,F,AK,CC,F
09:44:26,INDF,RG,6075,3,F,AK,KZ,F
09:44:26,INDF,RG,6075,6,F,AK,ZP,F
09:44:24,INDF,RG,6075,1,F,AK,ZP,F
09:44:22,INDF,RG,6075,4,F,AK,KZ,F
09:44:22,INDF,RG,6075,9,F,AK,CS,F
09:44:17,INDF,RG,6075,3,F,AK,KZ,F
09:44:17,INDF,RG,6075,7,F,AK,CS,F
09:44:14,INDF,RG,6075,20,F,AK,KZ,F
09:44:11,INDF,RG,6075,2,F,AK,KZ,F
09:44:11,INDF,RG,6075,17,F,AK,PD,D
09:44:11,INDF,RG,6075,5,F,AK,PD,D
09:44:11,INDF,RG,6075,10,D,KK,PD,D
09:44:11,INDF,RG,6075,2,D,XL,PD,D
09:44:11,INDF,RG,6075,11,F,DP,PD,D
09:44:11,INDF,RG,6075,5,D,ZP,PD,D
09:44:09,INDF,RG,6075,1,F,AK,ZP,F
09:44:06,INDF,RG,6075,8,F,AK,KZ,F
09:44:01,INDF,RG,6075,1,F,AK,KZ,F
09:44:01,INDF,RG,6075,2,F,AK,KZ,F
09:43:58,INDF,RG,6075,4,F,AK,KZ,F
09:43:56,INDF,RG,6075,5,F,AK,ZP,F
09:43:56,INDF,RG,6075,4,F,KZ,ZP,F
09:43:56,INDF,RG,6075,1,D,YP,ZP,F
09:43:56,INDF,RG,6075,2,F,KZ,ZP,F
09:43:49,INDF,RG,6100,1,D,PD,BK,F
09:43:46,INDF,RG,6075,2,F,KZ,AK,F
09:43:46,INDF,RG,6075,18,F,KZ,AK,F
09:43:41,INDF,RG,6100,2,D,XL,BK,F
09:43:38,INDF,RG,6075,14,F,KZ,KZ,F
09:43:38,INDF,RG,6075,42,F,YU,KZ,F
09:43:36,INDF,RG,6075,2,F,YU,KZ,F
09:43:33,INDF,RG,6100,29,F,AK,BK,F
09:43:33,INDF,RG,6100,8,F,AK,BK,F
09:43:33,INDF,RG,6075,8,F,YU,KZ,F
09:43:33,INDF,RG,6075,38,F,KZ,KZ,F
09:43:33,INDF,RG,6075,19,F,KZ,KZ,F
09:43:30,INDF,RG,6075,4,F,KZ,AK,F
09:43:12,INDF,RG,6075,1,F,KZ,ZP,F
09:43:06,INDF,RG,6075,3,F,KZ,DX,F
09:43:06,INDF,RG,6075,1,D,NI,DX,F
09:43:06,INDF,RG,6075,19,F,ZP,DX,F
09:42:54,INDF,RG,6075,2,F,ZP,ZP,F
09:42:46,INDF,RG,6100,25,F,YU,BK,F
09:42:39,INDF,RG,6075,1,F,ZP,ZP,F
09:42:24,INDF,RG,6075,8,F,ZP,CS,F
09:42:09,INDF,RG,6075,1,F,ZP,ZP,F
09:42:09,INDF,RG,6075,2,F,DP,ZP,F
09:42:01,INDF,RG,6075,32,F,DP,OD,D
09:42:01,INDF,RG,6075,4,D,XC,OD,D
09:42:01,INDF,RG,6075,1,D,PD,OD,D
09:41:54,INDF,RG,6100,5,F,AK,BK,F
09:41:54,INDF,RG,6100,17,F,AK,CC,D
09:41:54,INDF,RG,6075,1,D,PD,ZP,F
09:41:54,INDF,RG,6075,1,D,YU,ZP,F
09:41:48,INDF,RG,6100,23,F,YU,CC,D
09:41:16,INDF,RG,6075,2,D,YU,XL,D
09:40:53,INDF,RG,6075,4,D,YU,ZP,F
09:40:50,INDF,RG,6100,22,F,YU,CC,D
09:40:47,INDF,RG,6075,2,D,YU,SQ,D
09:40:34,INDF,RG,6075,7,D,YU,DX,F
09:40:34,INDF,RG,6075,2,D,SQ,DX,F
09:40:34,INDF,RG,6075,14,D,GR,DX,F
09:40:34,INDF,RG,6075,11,D,GR,CS,F
09:40:24,INDF,RG,6075,9,D,GR,CS,F
09:39:37,INDF,RG,6100,1,D,XL,CC,D
09:39:21,INDF,RG,6075,3,D,GR,ZP,F
09:39:20,INDF,RG,6100,21,F,AK,CC,D
09:39:19,INDF,RG,6100,23,F,YU,CC,D
09:39:08,INDF,RG,6075,1,D,GR,ZP,F
09:39:08,INDF,RG,6075,12,D,GR,ZP,F
09:39:08,INDF,RG,6075,3,D,PD,ZP,F
09:39:08,INDF,RG,6075,3,F,KZ,ZP,F
09:39:05,INDF,RG,6075,2,F,KZ,BK,F
09:39:05,INDF,RG,6075,8,F,KZ,BK,F
09:39:03,INDF,RG,6075,33,F,KZ,BK,F
09:39:03,INDF,RG,6075,1,D,DR,BK,F
09:39:03,INDF,RG,6075,1,D,XC,BK,F
09:39:03,INDF,RG,6075,8,F,ZP,BK,F
09:39:03,INDF,RG,6100,40,F,AK,CC,D
09:39:02,INDF,RG,6075,2,F,ZP,BK,F
09:39:02,INDF,RG,6075,1,D,PD,BK,F
09:39:02,INDF,RG,6075,5,D,SQ,BK,F
09:39:02,INDF,RG,6075,5,D,YP,BK,F
09:39:02,INDF,RG,6075,1,D,CC,BK,F
09:39:02,INDF,RG,6075,23,D,YU,BK,F
09:39:02,INDF,RG,6075,12,F,ZP,BK,F
09:39:02,INDF,RG,6075,1,D,CC,BK,F
09:39:02,INDF,RG,6075,1,D,CC,BK,F
09:39:02,INDF,RG,6075,4,D,XC,BK,F
09:39:02,INDF,RG,6075,5,D,PD,BK,F
09:39:02,INDF,RG,6075,1,D,NI,BK,F
09:39:02,INDF,RG,6075,10,F,ZP,BK,F
09:39:02,INDF,RG,6075,2,F,KZ,BK,F
09:39:02,INDF,RG,6075,1,D,OD,BK,F
09:39:02,INDF,RG,6075,5,D,YP,BK,F
09:39:02,INDF,RG,6075,1,D,XL,BK,F
09:39:02,INDF,RG,6075,1,F,KZ,BK,F
09:39:02,INDF,RG,6075,8,F,KZ,BK,F
09:39:02,INDF,RG,6075,12,F,KZ,BK,F
09:39:02,INDF,RG,6075,38,F,ZP,BK,F
09:39:02,INDF,RG,6075,12,F,KZ,BK,F
09:39:02,INDF,RG,6075,2,D,EP,BK,F
09:39:00,INDF,RG,6075,3,D,EP,DX,F
09:39:00,INDF,RG,6075,1,D,YP,DX,F
09:39:00,INDF,RG,6075,22,F,KZ,DX,F
09:38:54,INDF,RG,6075,5,F,KZ,ZP,F
09:38:46,INDF,RG,6100,14,F,AK,CC,D
09:38:45,INDF,RG,6100,20,D,XA,CC,D
09:38:40,INDF,RG,6075,15,F,KZ,BK,F
09:38:39,INDF,RG,6075,25,F,KZ,BK,F
09:38:36,INDF,RG,6075,3,F,KZ,AK,F
09:38:35,INDF,RG,6075,2,F,KZ,PD,D
09:38:31,INDF,RG,6100,13,F,AK,CC,D
09:38:30,INDF,RG,6075,30,F,KZ,XL,D
09:38:22,INDF,RG,6075,20,F,KZ,BK,F
09:38:20,INDF,RG,6075,8,F,KZ,CS,F
09:38:18,INDF,RG,6075,4,F,KZ,PD,D
09:38:06,INDF,RG,6100,10,F,AK,CC,D
09:38:06,INDF,RG,6075,7,F,KZ,AK,F
09:38:06,INDF,RG,6075,10,D,PD,AK,F
09:38:06,INDF,RG,6075,1,D,LG,AK,F
09:38:06,INDF,RG,6075,3,F,ZP,AK,F
09:38:01,INDF,RG,6075,12,F,ZP,BK,F
09:38:00,INDF,RG,6075,9,F,ZP,ZP,F
09:37:57,INDF,RG,6100,10,F,AK,CC,D
09:37:56,INDF,RG,6075,18,F,ZP,DX,F
09:37:56,INDF,RG,6075,1,F,CS,DX,F
09:37:56,INDF,RG,6075,5,D,XL,DX,F
09:37:56,INDF,RG,6075,1,D,GR,DX,F
09:37:50,INDF,RG,6075,1,D,CC,ZP,F
09:37:48,INDF,RG,6075,1,D,CC,AK,F
09:37:48,INDF,RG,6075,5,D,YU,AK,F
09:37:25,INDF,RG,6100,5,D,XL,CC,D
09:37:10,INDF,RG,6075,3,D,YU,ZP,F
09:36:57,INDF,RG,6075,4,D,YU,KZ,F
09:36:55,INDF,RG,6075,6,D,YU,KZ,F
09:36:55,INDF,RG,6100,7,F,AK,CC,D
09:36:54,INDF,RG,6075,4,F,CS,BK,F
09:36:54,INDF,RG,6075,14,D,CC,BK,F
09:36:54,INDF,RG,6075,5,D,CC,KZ,F
09:36:54,INDF,RG,6075,6,D,CC,ZP,F
09:36:46,INDF,RG,6100,5,F,AK,CC,D
09:36:46,INDF,RG,6075,15,F,YU,KZ,F
09:36:46,INDF,RG,6075,10,F,YU,PD,D
09:36:42,INDF,RG,6100,8,F,AK,CC,D
09:36:41,INDF,RG,6075,6,F,YU,KZ,F
09:36:41,INDF,RG,6075,3,F,CS,KZ,F
09:36:41,INDF,RG,6075,1,F,CS,DX,F
09:36:41,INDF,RG,6075,8,F,KZ,DX,F
09:36:41,INDF,RG,6075,1,D,PD,DX,F
09:36:41,INDF,RG,6075,1,D,SQ,DX,F
09:36:41,INDF,RG,6075,2,F,CS,DX,F
09:36:41,INDF,RG,6075,3,F,CS,DX,F
09:36:41,INDF,RG,6075,1,D,XL,DX,F
09:36:41,INDF,RG,6075,11,F,ZP,DX,F
09:36:39,INDF,RG,6100,8,F,AK,CC,D
09:36:38,INDF,RG,6075,12,F,ZP,KZ,F
09:36:38,INDF,RG,6075,1,F,ZP,ZP,F
09:36:38,INDF,RG,6075,21,F,YU,ZP,F
09:36:23,INDF,RG,6100,8,F,AK,CC,D
09:36:22,INDF,RG,6075,12,F,YU,KZ,F
09:36:22,INDF,RG,6075,2,F,CS,KZ,F
09:36:22,INDF,RG,6075,20,F,KZ,KZ,F
09:36:20,INDF,RG,6075,1,F,KZ,KZ,F
09:36:20,INDF,RG,6075,2,D,CC,KZ,F
09:36:18,INDF,RG,6100,7,F,AK,CC,D
09:36:17,INDF,RG,6075,23,D,CC,KZ,F
09:36:17,INDF,RG,6075,8,D,CC,KZ,F
09:36:17,INDF,RG,6075,1,D,CC,KZ,F
09:36:17,INDF,RG,6075,1,D,XC,KZ,F
09:36:17,INDF,RG,6075,2,F,CS,KZ,F
09:36:15,INDF,RG,6100,1,F,AK,CC,D
09:36:14,INDF,RG,6075,2,F,CS,PD,D
09:36:14,INDF,RG,6075,1,D,PD,PD,D
09:36:14,INDF,RG,6100,6,F,AK,CC,D
09:36:13,INDF,RG,6075,3,D,PD,KZ,F
09:36:13,INDF,RG,6075,3,D,XC,KZ,F
09:36:13,INDF,RG,6075,25,D,CC,KZ,F
09:36:13,INDF,RG,6075,35,D,CC,BK,F
09:36:13,INDF,RG,6075,1,D,PD,BK,F
09:36:13,INDF,RG,6075,9,F,KZ,BK,F
09:36:13,INDF,RG,6075,16,F,KZ,BK,F
09:36:13,INDF,RG,6075,32,F,ZP,BK,F
09:36:13,INDF,RG,6075,1,D,PD,BK,F
09:36:13,INDF,RG,6075,51,F,ZP,BK,F
09:36:13,INDF,RG,6075,6,F,KZ,BK,F
09:36:13,INDF,RG,6075,72,D,YP,BK,F
09:36:11,INDF,RG,6075,3,D,YP,KZ,F
09:36:08,INDF,RG,6075,11,D,YP,KZ,F
09:36:07,INDF,RG,6075,10,D,YP,CS,F
09:36:06,INDF,RG,6075,3,D,YP,KZ,F
09:36:05,INDF,RG,6075,15,D,YP,AK,F
09:36:04,INDF,RG,6075,10,D,YP,KZ,F
09:36:04,INDF,RG,6075,24,D,YP,DX,F
09:36:01,INDF,RG,6075,5,D,YP,KZ,F
09:36:01,INDF,RG,6075,12,D,YP,CS,F
09:36:00,INDF,RG,6075,6,D,YP,ZP,F
09:35:51,INDF,RG,6075,1,D,YP,ZP,F
09:35:22,INDF,RG,6075,6,D,YP,ZP,F
09:35:14,INDF,RG,6075,12,D,YP,KZ,F
09:35:14,INDF,RG,6075,1,D,YP,KZ,F
09:35:14,INDF,RG,6075,2,D,XL,KZ,F
09:35:14,INDF,RG,6075,1,D,KK,KZ,F
09:35:14,INDF,RG,6075,1,D,KK,XC,D
09:35:06,INDF,RG,6100,15,F,AK,CC,D
09:35:06,INDF,RG,6100,21,F,YU,CC,D
09:35:04,INDF,RG,6075,5,F,KZ,KZ,F
09:35:04,INDF,RG,6075,2,D,AZ,KZ,F
09:35:04,INDF,RG,6075,11,F,DP,KZ,F
09:35:03,INDF,RG,6075,24,F,DP,DX,F
09:34:46,INDF,RG,6100,4,F,AK,CC,D
09:34:46,INDF,RG,6075,1,F,DP,KZ,F
09:34:45,INDF,RG,6100,16,F,ZP,CC,D
09:34:45,INDF,RG,6075,2,F,DP,AK,F
09:34:20,INDF,RG,6075,7,F,DP,KZ,F
09:34:20,INDF,RG,6075,1,D,KK,KZ,F
09:34:20,INDF,RG,6075,5,D,GR,KZ,F
09:34:20,INDF,RG,6075,6,F,KZ,KZ,F
09:34:19,INDF,RG,6075,23,F,KZ,DX,F
09:34:19,INDF,RG,6075,3,F,KZ,DX,F
09:34:17,INDF,RG,6100,17,F,CS,CC,D
09:33:54,INDF,RG,6075,2,F,KZ,KZ,F
09:33:54,INDF,RG,6075,6,F,KZ,ZP,F
09:33:52,INDF,RG,6075,2,F,KZ,KZ,F
09:33:51,INDF,RG,6075,4,F,KZ,ZP,F
09:33:46,INDF,RG,6075,1,F,KZ,KZ,F
09:33:43,INDF,RG,6075,10,F,KZ,KZ,F
09:33:43,INDF,RG,6075,1,F,KZ,AK,F
09:33:43,INDF,RG,6075,22,F,KZ,AK,F
09:33:43,INDF,RG,6075,11,F,AK,KZ,F
09:33:43,INDF,RG,6075,26,F,AK,DX,F
09:33:36,INDF,RG,6075,2,F,AK,ZP,F
09:33:31,INDF,RG,6075,4,F,AK,KZ,F
09:33:29,INDF,RG,6075,1,F,AK,KZ,F
09:33:27,INDF,RG,6100,12,F,ZP,CC,D
09:33:20,INDF,RG,6075,2,F,AK,KZ,F
09:33:20,INDF,RG,6075,1,F,AK,ZP,F
09:33:12,INDF,RG,6100,4,D,XL,CC,D
09:33:05,INDF,RG,6075,5,F,AK,KZ,F
09:33:04,INDF,RG,6075,12,F,AK,CS,F
09:33:03,INDF,RG,6075,2,F,AK,KZ,F
09:33:03,INDF,RG,6075,4,F,AK,ZP,F
09:32:58,INDF,RG,6075,5,F,AK,KZ,F
09:32:58,INDF,RG,6075,6,F,KZ,KZ,F
09:32:58,INDF,RG,6075,26,F,KZ,DX,F
09:32:56,INDF,RG,6075,1,F,KZ,KZ,F
09:32:54,INDF,RG,6075,6,F,KZ,KZ,F
09:32:52,INDF,RG,6100,15,F,ZP,CC,D
09:32:51,INDF,RG,6100,2,D,PD,CC,D
09:32:20,INDF,RG,6075,2,F,KZ,ZP,F
09:32:13,INDF,RG,6075,26,F,KZ,DX,F
09:32:11,INDF,RG,6100,1,D,NI,CC,D
09:32:03,INDF,RG,6075,5,F,KZ,ZP,F
09:32:01,INDF,RG,6100,14,F,ZP,CC,D
09:32:00,INDF,RG,6100,21,D,YU,CC,D
09:32:00,INDF,RG,6075,10,F,KZ,BK,F
09:32:00,INDF,RG,6075,1,D,YP,BK,F
09:32:00,INDF,RG,6075,11,F,DP,BK,F
09:31:56,INDF,RG,6100,20,D,YU,CC,D
09:31:48,INDF,RG,6075,15,F,DP,ZP,F
09:31:47,INDF,RG,6075,19,F,DP,BK,F
09:31:47,INDF,RG,6075,6,D,SQ,BK,F
09:31:46,INDF,RG,6100,49,F,AK,CC,D
09:31:45,INDF,RG,6075,25,D,SQ,BK,F
09:31:44,INDF,RG,6100,150,D,OD,CC,D
09:31:30,INDF,RG,6075,3,D,SQ,ZP,F
09:31:28,INDF,RG,6075,26,D,SQ,DX,F
09:31:19,INDF,RG,6075,13,D,SQ,BK,F
09:31:17,INDF,RG,6075,4,D,SQ,ZP,F
09:31:16,INDF,RG,6100,42,F,AK,CC,D
09:31:15,INDF,RG,6100,12,F,ZP,CC,D
09:31:12,INDF,RG,6100,4,D,PD,CC,D
09:31:03,INDF,RG,6075,1,D,SQ,ZP,F
09:30:42,INDF,RG,6075,17,D,SQ,BK,F
09:30:41,INDF,RG,6075,25,D,SQ,DX,F
09:30:32,INDF,RG,6075,13,D,SQ,CS,F
09:30:24,INDF,RG,6075,20,D,SQ,DH,D
09:30:12,INDF,RG,6075,1,D,SQ,ZP,F
09:30:02,INDF,RG,6075,10,D,SQ,AG,F
09:30:00,INDF,RG,6075,9,D,SQ,ZP,F
09:29:55,INDF,RG,6075,16,D,SQ,BK,F
09:29:52,INDF,RG,6075,11,D,SQ,AG,F
09:29:52,INDF,RG,6075,6,F,KZ,AG,F
09:29:52,INDF,RG,6075,1,D,NI,AG,F
09:29:52,INDF,RG,6075,2,D,YP,AG,F
09:29:52,INDF,RG,6075,13,F,KZ,AG,F
09:29:49,INDF,RG,6075,25,F,KZ,DX,F
09:29:33,INDF,RG,6075,3,F,KZ,ZP,F
09:29:26,INDF,RG,6075,1,F,KZ,AZ,D
09:29:18,INDF,RG,6100,12,F,AK,CC,D
09:29:18,INDF,RG,6100,24,F,AK,AG,F
09:29:17,INDF,RG,6075,11,F,KZ,CS,F
09:29:05,INDF,RG,6100,1,D,CC,AG,F
09:28:59,INDF,RG,6075,2,F,KZ,ZP,F
09:28:54,INDF,RG,6100,24,F,DP,AG,F
09:28:54,INDF,RG,6100,1,F,DP,AK,F
09:28:32,INDF,RG,6075,1,F,KZ,ZP,F
09:28:09,INDF,RG,6075,25,F,KZ,DX,F
09:27:58,INDF,RG,6100,2,D,PD,AK,F
09:27:58,INDF,RG,6100,3,D,PD,AK,F
09:27:03,INDF,RG,6075,3,F,KZ,AK,F
09:26:57,INDF,RG,6075,4,F,KZ,AG,F
09:26:57,INDF,RG,6075,5,D,YP,AG,F
09:26:57,INDF,RG,6075,4,D,YP,AG,F
09:26:56,INDF,RG,6100,1,D,PD,AK,F
09:26:38,INDF,RG,6100,1,D,XC,AK,F
09:26:27,INDF,RG,6100,1,D,PD,AK,F
09:26:25,INDF,RG,6075,10,D,YP,XC,D
09:26:17,INDF,RG,6075,22,D,YP,DX,F
09:25:37,INDF,RG,6075,4,D,YP,ZP,F
09:25:32,INDF,RG,6075,11,D,YP,CS,F
09:25:01,INDF,RG,6075,6,D,YP,ZP,F
09:24:57,INDF,RG,6075,24,D,YP,DX,F
09:24:53,INDF,RG,6100,33,F,AK,AK,F
09:24:52,INDF,RG,6100,18,F,DP,AK,F
09:24:52,INDF,RG,6100,7,F,DP,AG,F
09:24:50,INDF,RG,6075,1,D,YP,ZP,F
09:24:48,INDF,RG,6075,1,D,YP,ZP,F
09:24:26,INDF,RG,6075,14,D,YP,CS,F
09:24:26,INDF,RG,6075,49,D,YP,AK,F
09:24:23,INDF,RG,6075,1,D,YP,XC,D
09:24:15,INDF,RG,6075,1,D,YP,XC,D
09:24:00,INDF,RG,6075,3,D,YP,ZP,F
09:23:56,INDF,RG,6100,5,D,XC,AG,F
09:23:47,INDF,RG,6075,1,D,YP,XC,D
09:23:45,INDF,RG,6075,3,D,YP,ZP,F
09:23:40,INDF,RG,6075,15,D,YP,YP,D
09:23:37,INDF,RG,6075,22,D,YP,DX,F
09:23:32,INDF,RG,6075,1,D,YP,XC,D
09:23:32,INDF,RG,6075,9,D,YP,ZP,F
09:23:30,INDF,RG,6100,27,F,AK,AG,F
09:23:30,INDF,RG,6075,4,D,YP,AK,F
09:23:30,INDF,RG,6075,44,D,YP,AK,F
09:23:30,INDF,RG,6075,4,F,KZ,AK,F
09:23:30,INDF,RG,6075,10,D,KK,AK,F
09:23:30,INDF,RG,6075,1,D,PD,AK,F
09:23:30,INDF,RG,6075,8,F,KZ,AK,F
09:23:30,INDF,RG,6075,12,D,YU,AK,F
09:23:30,INDF,RG,6075,2,D,PD,AK,F
09:23:30,INDF,RG,6075,23,F,YU,AK,F
09:23:30,INDF,RG,6075,1,D,CC,AK,F
09:23:30,INDF,RG,6075,11,F,KZ,AK,F
09:23:24,INDF,RG,6075,1,F,KZ,XC,D
09:23:20,INDF,RG,6075,1,F,KZ,XC,D
09:23:17,INDF,RG,6075,4,F,KZ,ZP,F
09:23:11,INDF,RG,6100,26,F,AK,AG,F
09:23:11,INDF,RG,6075,41,F,KZ,AK,F
09:23:04,INDF,RG,6075,3,F,KZ,ZP,F
09:22:53,INDF,RG,6100,2,D,NI,AG,F
09:22:53,INDF,RG,6100,8,D,NI,BK,F
09:22:52,INDF,RG,6075,4,F,KZ,AK,F
09:22:51,INDF,RG,6075,3,F,KZ,AG,F
09:22:51,INDF,RG,6075,1,D,XC,AG,F
09:22:51,INDF,RG,6075,1,D,YP,AG,F
