Time,Stock,Brd,Price,Qty,BT,BC,SC,ST
15:14:51,INDF,RG,6125,10,D,XC,XA,D
15:12:30,INDF,RG,6125,5,D,PD,XA,D
15:12:05,INDF,RG,6125,235,D,NI,XA,D
15:11:03,INDF,RG,6125,1,D,NI,XA,D
15:11:02,INDF,RG,6125,50,D,YP,XA,D
15:10:49,INDF,RG,6125,1,D,CC,XA,D
15:10:34,INDF,RG,6125,5,D,YP,XA,D
15:09:57,INDF,RG,6125,5,D,YU,XA,D
15:09:51,INDF,RG,6125,1,D,NI,XA,D
15:09:14,INDF,RG,6125,1,D,PD,XA,D
15:08:52,INDF,RG,6125,10,D,YP,XA,D
15:08:36,INDF,RG,6125,1,D,XC,XA,D
15:08:23,INDF,RG,6125,1,D,PD,XA,D
15:08:00,INDF,RG,6125,2,D,CC,XA,D
15:07:31,INDF,RG,6125,10,D,YP,XA,D
15:07:08,INDF,RG,6125,2,D,XC,XA,D
15:07:08,INDF,RG,6125,1,D,CC,XA,D
15:06:55,INDF,RG,6125,35,D,PD,XA,D
15:06:32,INDF,RG,6125,5,D,NI,XA,D
15:05:33,INDF,RG,6125,10,D,PD,XA,D
15:05:32,INDF,RG,6125,40,D,YP,XA,D
15:05:25,INDF,RG,6125,1,D,LS,XA,D
15:05:25,INDF,RG,6125,2,D,YP,XA,D
15:05:25,INDF,RG,6125,20,D,YP,XA,D
15:05:25,INDF,RG,6125,1,D,YP,XA,D
15:05:25,INDF,RG,6125,12,D,PC,XA,D
15:05:25,INDF,RG,6125,1,D,YP,XA,D
15:05:25,INDF,RG,6125,70,D,LG,XA,D
15:05:25,INDF,RG,6125,20,D,YP,XA,D
15:05:25,INDF,RG,6125,1,D,XC,XA,D
15:05:25,INDF,RG,6125,3,D,PD,XA,D
15:05:25,INDF,RG,6125,540,F,CS,XA,D
15:05:25,INDF,RG,6125,747,F,CS,XA,D
15:05:25,INDF,RG,6125,1,D,YU,XA,D
15:05:25,INDF,RG,6125,7,D,XC,XA,D
15:05:25,INDF,RG,6125,3,D,KK,XA,D
15:05:25,INDF,RG,6125,1,D,PD,XA,D
15:04:36,INDF,RG,6125,15,D,XC,YP,D
15:04:36,INDF,RG,6125,2,D,YP,YP,D
15:04:15,INDF,RG,6125,8,D,YP,XL,D
15:04:15,INDF,RG,6125,1,D,KK,XL,D
15:04:15,INDF,RG,6125,1,D,SQ,XL,D
15:03:19,INDF,RG,6125,19,D,SQ,YP,D
15:03:19,INDF,RG,6125,1,D,DR,YP,D
15:03:19,INDF,RG,6125,1,D,CC,YP,D
15:03:19,INDF,RG,6125,5,D,XL,YP,D
15:03:19,INDF,RG,6125,2,D,DH,YP,D
15:03:19,INDF,RG,6125,20,D,PD,YP,D
15:03:19,INDF,RG,6125,1,D,NI,YP,D
15:03:19,INDF,RG,6125,1,D,XC,YP,D
15:03:19,INDF,RG,6125,16,D,PD,YP,D
15:03:19,INDF,RG,6125,10,D,CC,YP,D
15:02:47,INDF,RG,6125,2,D,AK,GR,D
15:01:43,INDF,RG,6125,10,D,AK,YP,D
15:01:00,INDF,RG,6125,26,D,AK,XC,D
15:00:00,INDF,RG,6125,50,D,AK,KI,D
15:00:00,INDF,RG,6125,10,D,AK,KK,D
15:00:00,INDF,RG,6125,50,D,AK,KI,D
15:00:00,INDF,RG,6125,10,D,AK,CC,D
15:00:00,INDF,RG,6125,1,D,XL,CC,D
15:00:00,INDF,RG,6125,1,D,SQ,CC,D
15:00:00,INDF,RG,6125,3,D,DH,CC,D
15:00:00,INDF,RG,6125,3,D,DH,DR,D
15:00:00,INDF,RG,6125,1,D,XC,DR,D
15:00:00,INDF,RG,6125,1,D,KK,DR,D
15:00:00,INDF,RG,6125,1,D,TF,DR,D
15:00:00,INDF,RG,6125,1,D,CC,DR,D
15:00:00,INDF,RG,6125,1,D,GR,DR,D
15:00:00,INDF,RG,6125,15,D,CC,DR,D
15:00:00,INDF,RG,6125,20,D,YP,DR,D
15:00:00,INDF,RG,6125,2,D,DR,DR,D
15:00:00,INDF,RG,6125,1,D,LS,DR,D
15:00:00,INDF,RG,6125,10,D,CC,DR,D
15:00:00,INDF,RG,6125,10,D,PD,DR,D
15:00:00,INDF,RG,6125,16,D,XL,DR,D
15:00:00,INDF,RG,6125,1,D,NI,DR,D
15:00:00,INDF,RG,6125,17,D,EP,DR,D
15:00:00,INDF,RG,6125,4,D,EP,PD,D
15:00:00,INDF,RG,6125,1,D,EP,YP,D
15:00:00,INDF,RG,6125,28,D,EP,YP,D
15:00:00,INDF,RG,6125,5,D,YP,YP,D
15:00:00,INDF,RG,6125,5,D,XC,YP,D
15:00:00,INDF,RG,6125,2,D,NI,YP,D
15:00:00,INDF,RG,6125,1,D,YP,YP,D
15:00:00,INDF,RG,6125,2,D,NI,YP,D
15:00:00,INDF,RG,6125,1,D,YP,YP,D
15:00:00,INDF,RG,6125,5,D,YP,YP,D
15:00:00,INDF,RG,6125,1,D,XC,YP,D
15:00:00,INDF,RG,6125,1,D,DR,YP,D
15:00:00,INDF,RG,6125,1,D,XC,YP,D
15:00:00,INDF,RG,6125,18,D,YP,YP,D
15:00:00,INDF,RG,6125,2,D,YP,XC,D
15:00:00,INDF,RG,6125,1,D,XC,YP,D
15:00:00,INDF,RG,6125,5,D,EP,YP,D
15:00:00,INDF,RG,6125,1,D,PD,YP,D
15:00:00,INDF,RG,6125,1,D,NI,YP,D
15:00:00,INDF,RG,6125,3,D,PC,YP,D
15:00:00,INDF,RG,6125,4,D,CC,YP,D
15:00:00,INDF,RG,6125,1,D,CC,HP,D
15:00:00,INDF,RG,6125,3,D,CC,HP,D
15:00:00,INDF,RG,6125,2,D,CC,YP,D
15:00:00,INDF,RG,6125,10,D,XC,CC,D
15:00:00,INDF,RG,6125,1,D,PD,CC,D
15:00:00,INDF,RG,6125,9,D,KK,CC,D
15:00:00,INDF,RG,6125,40,D,KK,YP,D
15:00:00,INDF,RG,6125,1,D,KK,YP,D
15:00:00,INDF,RG,6125,50,D,KK,AK,F
15:00:00,INDF,RG,6125,1,D,YP,AK,F
15:00:00,INDF,RG,6125,2,D,PD,AK,F
15:00:00,INDF,RG,6125,50,D,YP,AK,F
15:00:00,INDF,RG,6125,1,D,NI,AK,F
15:00:00,INDF,RG,6125,1,D,XC,AK,F
15:00:00,INDF,RG,6125,2,D,PD,AK,F
15:00:00,INDF,RG,6125,1,D,PD,AK,F
15:00:00,INDF,RG,6125,25,D,IH,AK,F
15:00:00,INDF,RG,6125,5,D,PD,AK,F
15:00:00,INDF,RG,6125,7,D,XC,AK,F
15:00:00,INDF,RG,6125,1,D,YP,AK,F
15:00:00,INDF,RG,6125,1,D,XC,AK,F
15:00:00,INDF,RG,6125,10,D,DH,AK,F
15:00:00,INDF,RG,6125,5,D,NI,AK,F
15:00:00,INDF,RG,6125,1,D,PD,AK,F
15:00:00,INDF,RG,6125,10,D,NI,AK,F
15:00:00,INDF,RG,6125,4,D,SQ,AK,F
15:00:00,INDF,RG,6125,16,D,YP,AK,F
15:00:00,INDF,RG,6125,50,D,XA,AK,F
15:00:00,INDF,RG,6125,2,D,PD,AK,F
15:00:00,INDF,RG,6125,1,D,PD,AK,F
15:00:00,INDF,RG,6125,10,D,YP,AK,F
15:00:00,INDF,RG,6125,66,D,NI,AK,F
15:00:00,INDF,RG,6125,35,D,CC,AK,F
15:00:00,INDF,RG,6125,45,D,CC,AK,F
15:00:00,INDF,RG,6125,4,D,PD,AK,F
15:00:00,INDF,RG,6125,27,D,XC,AK,F
15:00:00,INDF,RG,6125,1,D,NI,AK,F
15:00:00,INDF,RG,6125,1,D,CC,AK,F
15:00:00,INDF,RG,6125,1,D,EP,AK,F
15:00:00,INDF,RG,6125,17,D,YB,AK,F
15:00:00,INDF,RG,6125,15,D,RO,AK,F
15:00:00,INDF,RG,6125,1,D,KK,AK,F
15:00:00,INDF,RG,6125,1,D,XC,AK,F
15:00:00,INDF,RG,6125,1,D,YP,AK,F
15:00:00,INDF,RG,6125,1,D,PD,AK,F
15:00:00,INDF,RG,6125,1,D,YP,AK,F
15:00:00,INDF,RG,6125,1,D,YP,AK,F
15:00:00,INDF,RG,6125,357,D,YP,AK,F
15:00:00,INDF,RG,6125,895,D,YP,AK,F
15:00:00,INDF,RG,6125,348,D,YP,OD,D
15:00:00,INDF,RG,6125,219,F,CS,OD,D
15:00:00,INDF,RG,6125,117,F,CS,OD,D
15:00:00,INDF,RG,6125,43,D,DH,OD,D
15:00:00,INDF,RG,6125,32,D,DH,CC,D
15:00:00,INDF,RG,6125,1,D,DH,AK,F
15:00:00,INDF,RG,6125,4,D,DH,AK,F
15:00:00,INDF,RG,6125,1,D,PD,AK,D
15:00:00,INDF,RG,6125,1,D,XL,AK,D
15:00:00,INDF,RG,6125,8,D,XC,AK,D
15:00:00,INDF,RG,6125,19,D,DH,AK,D
15:00:00,INDF,RG,6125,386,D,DH,ZP,F
15:00:00,INDF,RG,6125,20,D,BR,ZP,F
15:00:00,INDF,RG,6125,1,D,PD,ZP,F
15:00:00,INDF,RG,6125,1,D,AI,ZP,F
15:00:00,INDF,RG,6125,2,D,XL,ZP,F
15:00:00,INDF,RG,6125,1,D,NI,ZP,F
15:00:00,INDF,RG,6125,10,D,YP,ZP,F
15:00:00,INDF,RG,6125,189,F,YU,ZP,F
15:00:00,INDF,RG,6125,3,F,ZP,ZP,F
15:00:00,INDF,RG,6125,353,F,ZP,ZP,F
15:00:00,INDF,RG,6125,180,D,KZ,ZP,F
15:00:00,INDF,RG,6125,45,F,ZP,ZP,F
15:00:00,INDF,RG,6125,95,F,ZP,ZP,F
15:00:00,INDF,RG,6125,101,F,ZP,ZP,F
15:00:00,INDF,RG,6125,92,F,ZP,ZP,F
15:00:00,INDF,RG,6125,20,F,ZP,ZP,F
15:00:00,INDF,RG,6125,257,F,ZP,CC,D
15:00:00,INDF,RG,6125,8,F,ZP,AK,F
15:00:00,INDF,RG,6125,309,F,ZP,DP,F
15:00:00,INDF,RG,6125,73,F,ZP,DP,F
15:00:00,INDF,RG,6125,111,F,ZP,DP,F
15:00:00,INDF,RG,6125,797,D,NI,DP,F
15:00:00,INDF,RG,6125,140,D,NI,LG,D
14:49:58,INDF,RG,6125,2,D,YP,AK,F
14:49:58,INDF,RG,6125,1,D,YP,AK,F
14:49:58,INDF,RG,6125,1,D,YP,AK,F
14:49:58,INDF,RG,6150,10,D,PD,EP,D
14:49:58,INDF,RG,6125,1,D,YP,AK,F
14:49:57,INDF,RG,6150,46,F,ZP,EP,D
14:49:57,INDF,RG,6150,3,F,ZP,EP,D
14:49:52,INDF,RG,6150,10,F,ZP,EP,D
14:49:51,INDF,RG,6150,19,F,ZP,EP,D
14:49:44,INDF,RG,6125,1,D,YP,AK,F
14:49:43,INDF,RG,6150,21,F,ZP,EP,D
14:49:31,INDF,RG,6150,6,F,ZP,EP,D
14:49:30,INDF,RG,6150,15,F,ZP,EP,D
14:49:30,INDF,RG,6150,375,F,ZP,EP,D
14:49:29,INDF,RG,6150,48,F,ZP,EP,D
14:49:26,INDF,RG,6125,35,D,YP,AK,F
14:49:26,INDF,RG,6125,5,D,YP,AK,F
14:49:24,INDF,RG,6150,1,D,YU,EP,D
14:49:18,INDF,RG,6125,7,D,YP,BB,D
14:49:17,INDF,RG,6150,78,F,ZP,EP,D
14:49:15,INDF,RG,6125,8,D,YP,AK,F
14:49:15,INDF,RG,6125,2,D,YP,BB,D
14:49:04,INDF,RG,6150,1,D,AK,EP,D
14:49:03,INDF,RG,6150,1,D,AK,EP,D
14:49:03,INDF,RG,6150,2,D,AK,EP,D
14:49:03,INDF,RG,6150,1,D,AK,EP,D
14:49:03,INDF,RG,6150,1,D,AK,EP,D
14:49:02,INDF,RG,6150,1,D,AK,EP,D
14:49:02,INDF,RG,6150,2,D,AK,EP,D
14:49:02,INDF,RG,6150,2,D,AK,EP,D
14:49:02,INDF,RG,6150,4,D,AK,EP,D
14:49:02,INDF,RG,6150,5,D,AK,EP,D
14:49:02,INDF,RG,6150,5,D,AK,EP,D
14:49:01,INDF,RG,6150,55,F,ZP,EP,D
14:49:00,INDF,RG,6125,1,D,YP,AK,F
14:48:59,INDF,RG,6150,1,D,AK,EP,D
14:48:57,INDF,RG,6150,1,D,YP,EP,D
14:48:49,INDF,RG,6150,1,D,AK,EP,D
14:48:49,INDF,RG,6150,1,D,AK,EP,D
14:48:48,INDF,RG,6150,1,D,AK,EP,D
14:48:48,INDF,RG,6150,1,D,AK,EP,D
14:48:48,INDF,RG,6150,1,D,AK,EP,D
14:48:48,INDF,RG,6150,1,D,AK,EP,D
14:48:47,INDF,RG,6150,1,D,AK,EP,D
14:48:47,INDF,RG,6150,1,D,AK,EP,D
14:48:47,INDF,RG,6150,1,D,AK,EP,D
14:48:47,INDF,RG,6150,2,D,AK,EP,D
14:48:47,INDF,RG,6150,2,D,AK,EP,D
14:48:47,INDF,RG,6150,3,D,AK,EP,D
14:48:45,INDF,RG,6125,29,D,YP,AK,F
14:48:33,INDF,RG,6150,1,D,AK,EP,D
14:48:33,INDF,RG,6150,1,D,AK,EP,D
14:48:32,INDF,RG,6150,1,D,AK,EP,D
14:48:32,INDF,RG,6150,1,D,AK,EP,D
14:48:32,INDF,RG,6150,1,D,AK,EP,D
14:48:32,INDF,RG,6150,2,D,AK,EP,D
14:48:32,INDF,RG,6150,2,D,AK,EP,D
14:48:32,INDF,RG,6150,2,D,AK,EP,D
14:48:30,INDF,RG,6125,1,D,YP,AK,F
14:48:30,INDF,RG,6125,24,D,YP,AK,F
14:48:21,INDF,RG,6150,1,D,AK,EP,D
14:48:20,INDF,RG,6150,1,D,AK,EP,D
14:48:19,INDF,RG,6150,1,D,AK,EP,D
14:48:19,INDF,RG,6150,1,D,AK,EP,D
14:48:19,INDF,RG,6150,1,D,AK,EP,D
14:48:18,INDF,RG,6150,3,D,AK,EP,D
14:48:18,INDF,RG,6150,1,D,AK,EP,D
14:48:18,INDF,RG,6150,2,D,AK,EP,D
14:48:18,INDF,RG,6150,2,D,AK,EP,D
14:48:18,INDF,RG,6150,1,D,AK,EP,D
14:48:18,INDF,RG,6150,1,D,AK,EP,D
14:48:17,INDF,RG,6150,2,D,AK,EP,D
14:48:17,INDF,RG,6150,4,D,AK,EP,D
14:48:17,INDF,RG,6150,4,D,AK,EP,D
14:48:17,INDF,RG,6150,7,D,AK,EP,D
14:48:17,INDF,RG,6150,9,D,AK,EP,D
14:48:17,INDF,RG,6150,10,D,AK,EP,D
14:48:16,INDF,RG,6150,100,D,SQ,EP,D
14:48:14,INDF,RG,6150,1,D,AK,EP,D
14:48:13,INDF,RG,6150,1,D,AK,EP,D
14:48:13,INDF,RG,6150,1,D,AK,EP,D
14:48:13,INDF,RG,6150,1,D,AK,EP,D
14:48:13,INDF,RG,6150,2,D,AK,EP,D
14:48:13,INDF,RG,6150,1,D,AK,EP,D
14:48:12,INDF,RG,6150,2,D,AK,EP,D
14:48:12,INDF,RG,6150,2,D,AK,EP,D
14:48:12,INDF,RG,6150,3,D,AK,EP,D
14:48:12,INDF,RG,6150,5,D,AK,EP,D
14:48:12,INDF,RG,6150,5,D,AK,EP,D
14:48:12,INDF,RG,6150,5,D,AK,EP,D
14:48:11,INDF,RG,6150,1,D,AK,EP,D
14:48:11,INDF,RG,6150,5,D,AK,EP,D
14:48:11,INDF,RG,6150,9,D,AK,EP,D
14:48:11,INDF,RG,6150,9,D,AK,EP,D
14:48:11,INDF,RG,6150,17,D,AK,EP,D
14:48:11,INDF,RG,6150,19,D,AK,EP,D
14:48:11,INDF,RG,6150,20,D,AK,EP,D
14:48:10,INDF,RG,6150,1,D,AK,EP,D
14:48:10,INDF,RG,6150,10,D,AK,EP,D
14:48:10,INDF,RG,6150,18,D,AK,EP,D
14:48:10,INDF,RG,6150,19,D,AK,EP,D
14:48:10,INDF,RG,6150,36,D,AK,EP,D
14:48:10,INDF,RG,6150,38,D,AK,EP,D
14:48:10,INDF,RG,6150,24,D,AK,EP,D
14:48:10,INDF,RG,6150,10,D,AK,CC,D
14:48:10,INDF,RG,6150,3,D,AK,NI,D
14:48:10,INDF,RG,6150,6,D,AK,NI,D
14:48:09,INDF,RG,6150,18,F,ZP,NI,D
14:48:09,INDF,RG,6150,1,F,ZP,XL,D
14:48:09,INDF,RG,6150,1,F,ZP,XC,D
14:48:09,INDF,RG,6150,5,F,ZP,CC,D
14:48:09,INDF,RG,6150,20,F,ZP,EP,D
14:48:09,INDF,RG,6150,5,F,ZP,BB,D
14:48:09,INDF,RG,6150,1,F,ZP,XC,D
14:48:09,INDF,RG,6150,5,F,ZP,CC,D
14:48:09,INDF,RG,6150,36,F,ZP,AK,F
14:48:09,INDF,RG,6150,1,D,AK,AK,F
14:48:09,INDF,RG,6150,8,D,AK,AK,F
14:48:09,INDF,RG,6150,16,D,AK,AK,F
14:48:09,INDF,RG,6150,16,D,AK,AK,F
14:48:09,INDF,RG,6150,31,D,AK,AK,F
14:48:09,INDF,RG,6150,33,D,AK,AK,F
14:48:09,INDF,RG,6150,36,D,AK,AK,F
14:48:09,INDF,RG,6125,76,D,YP,LG,D
14:48:09,INDF,RG,6125,206,D,YP,LG,D
14:48:09,INDF,RG,6125,1,D,XL,LG,D
14:48:09,INDF,RG,6125,1,D,PD,LG,D
14:48:09,INDF,RG,6125,1,D,SQ,LG,D
14:48:09,INDF,RG,6125,3,D,SQ,LG,D
14:48:09,INDF,RG,6125,5,D,PD,LG,D
14:48:09,INDF,RG,6125,1,D,AZ,LG,D
14:48:09,INDF,RG,6125,4,D,KK,LG,D
14:48:09,INDF,RG,6125,20,D,CC,LG,D
14:48:09,INDF,RG,6125,1,D,YU,LG,D
14:48:09,INDF,RG,6125,1,D,YP,LG,D
14:48:09,INDF,RG,6125,7,D,NI,LG,D
14:48:08,INDF,RG,6150,29,F,ZP,AK,F
14:48:08,INDF,RG,6150,1,D,AK,AK,F
14:48:08,INDF,RG,6150,1,D,AK,AK,F
14:48:08,INDF,RG,6150,2,D,AK,AK,F
14:48:08,INDF,RG,6150,1,D,AK,AK,F
14:48:07,INDF,RG,6125,3,D,NI,AK,F
14:48:07,INDF,RG,6125,1,D,AK,AK,F
14:48:07,INDF,RG,6125,1,D,PD,AK,F
14:48:07,INDF,RG,6125,3,D,SQ,AK,F
14:48:07,INDF,RG,6125,122,D,YP,AK,F
14:48:07,INDF,RG,6125,1,D,SQ,AK,F
14:48:07,INDF,RG,6125,1,D,PD,AK,F
14:48:07,INDF,RG,6125,1,D,PD,AK,F
14:48:07,INDF,RG,6125,1,D,KK,AK,F
14:48:07,INDF,RG,6125,1,D,NI,AK,F
14:48:07,INDF,RG,6125,1,D,CC,AK,F
14:48:07,INDF,RG,6125,100,D,DR,AK,F
14:48:07,INDF,RG,6125,1,D,YP,AK,F
14:48:07,INDF,RG,6125,4,D,PD,AK,F
14:48:07,INDF,RG,6125,5,D,PD,AK,F
14:48:07,INDF,RG,6125,1,D,NI,AK,F
14:48:07,INDF,RG,6125,25,D,YP,AK,F
14:48:07,INDF,RG,6125,25,D,YP,AK,F
14:48:07,INDF,RG,6125,1,D,SQ,AK,F
14:48:07,INDF,RG,6125,10,D,KK,AK,F
14:48:07,INDF,RG,6125,20,D,XC,AK,F
14:48:07,INDF,RG,6125,5,D,XC,AK,F
14:48:07,INDF,RG,6125,5,D,YP,AK,F
14:48:07,INDF,RG,6125,2,D,KK,AK,F
14:48:07,INDF,RG,6125,15,D,KK,AK,F
14:48:07,INDF,RG,6125,5,D,GR,AK,F
14:48:07,INDF,RG,6125,5,D,YP,AK,F
14:48:07,INDF,RG,6125,31,D,RO,AK,F
14:48:07,INDF,RG,6125,13,D,RO,AK,F
14:48:06,INDF,RG,6125,5,D,RO,BB,D
14:48:02,INDF,RG,6150,1,D,AK,AK,F
14:48:00,INDF,RG,6125,1,D,RO,AK,F
14:47:53,INDF,RG,6150,1,D,AK,AK,F
14:47:53,INDF,RG,6150,1,D,AK,AK,F
14:47:51,INDF,RG,6125,2,D,RO,DR,D
14:47:51,INDF,RG,6150,1,D,AK,AK,F
14:47:50,INDF,RG,6150,1,D,AK,AK,F
14:47:50,INDF,RG,6150,1,D,AK,AK,F
14:47:50,INDF,RG,6150,1,D,AK,AK,F
14:47:50,INDF,RG,6150,1,D,AK,AK,F
14:47:49,INDF,RG,6150,1,D,AK,AK,F
14:47:49,INDF,RG,6150,1,D,AK,AK,F
14:47:49,INDF,RG,6150,2,D,AK,AK,F
14:47:49,INDF,RG,6150,3,D,AK,AK,F
14:47:49,INDF,RG,6150,2,D,AK,AK,F
14:47:48,INDF,RG,6150,1,D,AK,AK,F
14:47:48,INDF,RG,6150,1,D,AK,AK,F
14:47:48,INDF,RG,6150,1,D,AK,AK,F
14:47:48,INDF,RG,6150,25,D,ZP,AK,F
14:47:47,INDF,RG,6150,1,D,AK,AK,F
14:47:47,INDF,RG,6150,1,D,AK,AK,F
14:47:47,INDF,RG,6150,2,D,AK,AK,F
14:47:47,INDF,RG,6150,2,D,AK,AK,F
14:47:47,INDF,RG,6150,2,D,AK,AK,F
14:47:47,INDF,RG,6150,2,D,AK,AK,F
14:47:47,INDF,RG,6150,3,D,AK,AK,F
14:47:45,INDF,RG,6125,1,D,RO,AK,F
14:47:45,INDF,RG,6125,30,D,RO,AK,F
14:47:43,INDF,RG,6125,1,D,RO,YB,D
14:47:41,INDF,RG,6125,2,D,RO,DR,D
14:47:32,INDF,RG,6150,1,D,AK,AK,F
14:47:31,INDF,RG,6150,1,D,AK,AK,F
14:47:31,INDF,RG,6150,1,D,AK,AK,F
14:47:30,INDF,RG,6150,1,D,AK,AK,F
14:47:30,INDF,RG,6150,1,D,AK,AK,F
14:47:30,INDF,RG,6150,1,D,AK,AK,F
14:47:30,INDF,RG,6150,1,D,AK,AK,F
14:47:30,INDF,RG,6150,2,D,AK,AK,F
14:47:30,INDF,RG,6150,1,D,AK,AK,F
14:47:29,INDF,RG,6150,1,D,AK,AK,F
14:47:29,INDF,RG,6150,2,D,AK,AK,F
14:47:29,INDF,RG,6150,3,D,AK,AK,F
14:47:29,INDF,RG,6150,6,D,AK,AK,F
14:47:29,INDF,RG,6150,5,D,AK,AK,F
14:47:29,INDF,RG,6150,2,D,AK,AK,F
14:47:29,INDF,RG,6150,1,D,AK,YP,D
14:47:29,INDF,RG,6150,2,D,AK,DR,D
14:47:29,INDF,RG,6150,1,D,AK,DR,D
14:47:29,INDF,RG,6150,1,D,AK,PD,D
14:47:27,INDF,RG,6125,70,D,RO,CC,D
14:47:19,INDF,RG,6150,1,D,AK,PD,D
14:47:19,INDF,RG,6150,1,D,AK,PD,D
14:47:18,INDF,RG,6150,1,D,AK,SQ,D
14:47:18,INDF,RG,6150,1,D,AK,SQ,D
14:47:17,INDF,RG,6150,1,D,AK,SQ,D
14:47:17,INDF,RG,6150,1,D,AK,SQ,D
14:47:17,INDF,RG,6150,1,D,AK,SQ,D
14:47:17,INDF,RG,6150,1,D,AK,SQ,D
14:47:17,INDF,RG,6150,2,D,AK,SQ,D
14:47:17,INDF,RG,6150,2,D,AK,SQ,D
14:47:17,INDF,RG,6125,4,D,RO,BB,D
14:47:15,INDF,RG,6125,21,D,RO,AK,F
14:47:05,INDF,RG,6150,1,D,AK,SQ,D
14:47:04,INDF,RG,6150,1,D,AK,SQ,D
14:47:04,INDF,RG,6150,1,D,AK,SQ,D
14:47:03,INDF,RG,6125,1,D,RO,YB,D
14:47:03,INDF,RG,6150,1,D,AK,SQ,D
14:47:03,INDF,RG,6150,1,D,AK,SQ,D
14:47:03,INDF,RG,6150,2,D,AK,SQ,D
14:47:03,INDF,RG,6150,1,D,AK,SQ,D
14:47:03,INDF,RG,6150,2,D,AK,SQ,D
14:47:02,INDF,RG,6150,1,D,AK,SQ,D
14:47:02,INDF,RG,6150,1,D,AK,SQ,D
14:47:01,INDF,RG,6125,17,D,RO,PD,D
14:47:00,INDF,RG,6125,1,D,RO,AK,F
14:47:00,INDF,RG,6150,5,D,XL,SQ,D
14:46:49,INDF,RG,6150,1,D,AK,SQ,D
14:46:48,INDF,RG,6150,1,D,AK,SQ,D
14:46:48,INDF,RG,6150,1,D,AK,SQ,D
14:46:48,INDF,RG,6150,1,D,AK,SQ,D
14:46:47,INDF,RG,6150,1,D,AK,SQ,D
14:46:47,INDF,RG,6150,1,D,AK,SQ,D
14:46:47,INDF,RG,6150,2,D,AK,SQ,D
14:46:47,INDF,RG,6150,2,D,AK,SQ,D
14:46:47,INDF,RG,6150,2,D,AK,SQ,D
14:46:45,INDF,RG,6125,24,D,RO,AK,F
14:46:45,INDF,RG,6125,1,D,RO,DR,D
14:46:39,INDF,RG,6150,1,D,AK,SQ,D
14:46:39,INDF,RG,6150,1,D,AK,SQ,D
14:46:38,INDF,RG,6150,1,D,AK,SQ,D
14:46:38,INDF,RG,6150,1,D,AK,SQ,D
14:46:38,INDF,RG,6150,1,D,AK,SQ,D
14:46:38,INDF,RG,6150,1,D,AK,SQ,D
14:46:38,INDF,RG,6150,1,D,AK,SQ,D
14:46:36,INDF,RG,6150,4,D,CC,SQ,D
14:46:36,INDF,RG,6150,2,D,CC,LG,D
14:46:36,INDF,RG,6150,4,D,CC,PD,D
14:46:28,INDF,RG,6150,1,D,AK,PD,D
14:46:27,INDF,RG,6125,1,D,RO,DR,D
14:46:27,INDF,RG,6150,1,D,AK,PD,D
14:46:27,INDF,RG,6150,1,D,AK,PD,D
14:46:27,INDF,RG,6125,4,D,RO,BB,D
14:46:25,INDF,RG,6125,2,D,RO,DR,D
14:46:15,INDF,RG,6125,1,D,RO,AK,F
14:46:03,INDF,RG,6150,1,D,AK,PD,D
14:46:02,INDF,RG,6150,1,D,AK,PD,D
14:46:02,INDF,RG,6150,1,D,AK,PD,D
14:46:02,INDF,RG,6150,1,D,AK,PD,D
14:46:02,INDF,RG,6150,1,D,AK,PD,D
14:46:00,INDF,RG,6150,7,F,ZP,PD,D
14:46:00,INDF,RG,6150,7,F,ZP,YP,D
14:45:56,INDF,RG,6150,1,D,AK,YP,D
14:45:56,INDF,RG,6150,1,D,AK,YP,D
14:45:54,INDF,RG,6125,2,D,RO,PD,D
14:45:45,INDF,RG,6125,1,D,RO,AK,F
14:45:42,INDF,RG,6125,1,D,RO,YP,D
14:45:42,INDF,RG,6150,1,D,AK,YP,D
14:45:40,INDF,RG,6150,1,D,AK,YP,D
14:45:40,INDF,RG,6150,1,D,AK,YP,D
14:45:39,INDF,RG,6125,4,D,RO,BB,D
14:45:29,INDF,RG,6150,1,D,AK,YP,D
14:45:28,INDF,RG,6150,1,D,AK,YP,D
14:45:28,INDF,RG,6150,1,D,AK,YP,D
14:45:28,INDF,RG,6150,1,D,AK,BB,D
14:45:28,INDF,RG,6150,1,D,AK,AK,F
14:45:26,INDF,RG,6150,10,F,ZP,AK,F
14:45:25,INDF,RG,6150,1,D,AK,AK,F
14:45:24,INDF,RG,6150,1,D,AK,AK,F
14:45:24,INDF,RG,6150,1,D,AK,AK,F
14:45:24,INDF,RG,6150,1,D,AK,AK,F
14:45:23,INDF,RG,6150,1,D,AK,AK,F
14:45:23,INDF,RG,6150,1,D,AK,AK,F
14:45:23,INDF,RG,6150,2,D,AK,AK,F
14:45:23,INDF,RG,6150,2,D,AK,AK,F
14:45:23,INDF,RG,6150,3,D,AK,AK,F
14:45:23,INDF,RG,6150,3,D,AK,AK,F
14:45:23,INDF,RG,6150,23,F,ZP,AK,F
14:45:22,INDF,RG,6150,8,D,NI,AK,F
14:45:19,INDF,RG,6150,1,D,AK,AK,F
14:45:18,INDF,RG,6150,1,D,AK,AK,F
14:45:18,INDF,RG,6150,1,D,AK,AK,F
14:45:17,INDF,RG,6150,10,D,PD,AK,F
14:45:07,INDF,RG,6125,1,D,RO,AK,F
14:45:01,INDF,RG,6150,1,D,AK,AK,F
14:45:00,INDF,RG,6150,1,D,AK,AK,F
14:44:59,INDF,RG,6150,1,D,AK,AK,F
14:44:59,INDF,RG,6150,1,D,AK,AK,F
14:44:59,INDF,RG,6150,1,D,LS,AK,F
14:44:58,INDF,RG,6150,1,D,AK,AK,F
14:44:58,INDF,RG,6150,1,D,AK,AK,F
14:44:57,INDF,RG,6150,1,D,AK,AK,F
14:44:57,INDF,RG,6150,1,D,AK,AK,F
14:44:57,INDF,RG,6150,1,D,AK,AK,F
14:44:57,INDF,RG,6150,2,D,AK,AK,F
14:44:57,INDF,RG,6150,2,D,AK,AK,F
14:44:57,INDF,RG,6150,2,D,AK,AK,F
14:44:56,INDF,RG,6150,26,F,ZP,AK,F
14:44:49,INDF,RG,6150,1,D,AK,AK,F
14:44:48,INDF,RG,6150,1,D,AK,AK,F
14:44:47,INDF,RG,6150,1,D,AK,AK,F
14:44:46,INDF,RG,6125,5,D,RO,BB,D
14:44:37,INDF,RG,6150,1,D,AK,AK,F
14:44:37,INDF,RG,6150,1,D,AK,AK,F
14:44:37,INDF,RG,6150,1,D,AK,AK,F
14:44:37,INDF,RG,6150,1,D,AK,AK,F
14:44:36,INDF,RG,6150,1,D,AK,AK,F
14:44:36,INDF,RG,6150,1,D,AK,AK,F
14:44:36,INDF,RG,6150,1,D,AK,AK,F
14:44:36,INDF,RG,6150,1,D,AK,AK,F
14:44:36,INDF,RG,6150,1,D,AK,AK,F
14:44:36,INDF,RG,6150,2,D,CC,AK,F
14:44:35,INDF,RG,6150,1,D,AK,AK,F
14:44:35,INDF,RG,6150,3,D,AK,AK,F
14:44:35,INDF,RG,6150,3,D,AK,AK,F
14:44:35,INDF,RG,6150,5,D,AK,AK,F
14:44:35,INDF,RG,6150,5,D,AK,AK,F
14:44:35,INDF,RG,6150,6,D,AK,AK,F
14:44:34,INDF,RG,6150,1,D,AK,AK,F
14:44:34,INDF,RG,6150,5,D,AK,AK,F
14:44:34,INDF,RG,6150,8,D,AK,AK,F
14:44:34,INDF,RG,6150,9,D,AK,AK,F
14:44:34,INDF,RG,6150,18,D,AK,AK,F
14:44:34,INDF,RG,6150,19,D,AK,AK,F
14:44:34,INDF,RG,6150,21,D,AK,AK,F
14:44:33,INDF,RG,6125,222,D,RO,CC,D
14:44:33,INDF,RG,6150,1,D,AK,AK,F
14:44:33,INDF,RG,6150,1,D,AK,AK,F
14:44:33,INDF,RG,6150,1,D,AK,AK,F
14:44:33,INDF,RG,6150,1,D,AK,AK,F
14:44:33,INDF,RG,6150,1,D,AK,AK,F
14:44:32,INDF,RG,6150,15,F,ZP,AK,F
14:44:25,INDF,RG,6150,1,D,AK,AK,F
14:44:24,INDF,RG,6150,1,D,AK,AK,F
14:44:24,INDF,RG,6150,1,D,AK,AK,F
14:44:24,INDF,RG,6150,1,D,AK,AK,F
14:44:24,INDF,RG,6150,10,F,ZP,AK,F
14:43:55,INDF,RG,6150,1,D,AK,AK,F
14:43:54,INDF,RG,6150,1,D,AK,AK,F
14:43:54,INDF,RG,6150,1,D,AK,AK,F
14:43:53,INDF,RG,6125,5,D,RO,BB,D
14:43:43,INDF,RG,6150,1,D,AK,AK,F
14:43:42,INDF,RG,6150,1,D,AK,AK,F
14:43:42,INDF,RG,6150,1,D,AK,AK,F
14:43:41,INDF,RG,6150,1,D,AK,AK,F
14:43:41,INDF,RG,6150,1,D,AK,AK,F
14:43:41,INDF,RG,6150,2,D,AK,AK,F
14:43:41,INDF,RG,6150,1,D,AK,AK,F
14:43:40,INDF,RG,6125,18,D,RO,PD,D
14:43:27,INDF,RG,6150,1,D,AK,AK,F
14:43:26,INDF,RG,6150,1,D,AK,AK,F
14:43:26,INDF,RG,6150,1,D,AK,AK,F
14:43:25,INDF,RG,6150,1,D,AK,AK,F
14:43:25,INDF,RG,6150,1,D,AK,AK,F
14:43:25,INDF,RG,6150,1,D,AK,AK,F
14:43:25,INDF,RG,6150,1,D,AK,AK,F
14:43:25,INDF,RG,6150,2,D,AK,AK,F
14:43:25,INDF,RG,6150,2,D,AK,AK,F
14:43:24,INDF,RG,6150,1,D,AK,AK,F
14:43:24,INDF,RG,6150,3,D,AK,AK,F
14:43:24,INDF,RG,6150,3,D,AK,AK,F
14:43:24,INDF,RG,6150,5,D,AK,AK,F
14:43:24,INDF,RG,6150,5,D,AK,AK,F
14:43:24,INDF,RG,6150,5,D,AK,AK,F
14:43:23,INDF,RG,6150,1,D,AK,AK,F
14:43:23,INDF,RG,6150,1,D,AK,AK,F
14:43:23,INDF,RG,6150,5,D,AK,AK,F
14:43:23,INDF,RG,6150,8,D,AK,AK,F
14:43:23,INDF,RG,6150,9,D,AK,AK,F
14:43:23,INDF,RG,6150,18,D,AK,AK,F
14:43:23,INDF,RG,6150,19,D,AK,AK,F
14:43:23,INDF,RG,6150,22,D,AK,AK,F
14:43:22,INDF,RG,6125,233,D,RO,PD,D
14:43:11,INDF,RG,6150,1,D,AK,AK,F
14:43:10,INDF,RG,6150,1,D,AK,AK,F
14:43:10,INDF,RG,6150,1,D,AK,AK,F
14:43:09,INDF,RG,6125,3,D,RO,DR,D
14:43:05,INDF,RG,6175,1,D,AK,LG,D
14:43:04,INDF,RG,6125,3,D,RO,CC,D
14:42:59,INDF,RG,6125,4,D,RO,BB,D
14:42:47,INDF,RG,6175,1,D,AK,LG,D
14:42:46,INDF,RG,6175,1,D,AK,LG,D
14:42:46,INDF,RG,6175,1,D,AK,LG,D
14:42:46,INDF,RG,6175,1,D,AK,LG,D
14:42:45,INDF,RG,6175,1,D,AK,LG,D
14:42:45,INDF,RG,6175,1,D,AK,LG,D
14:42:45,INDF,RG,6175,1,D,AK,LG,D
14:42:45,INDF,RG,6175,1,D,AK,LG,D
14:42:45,INDF,RG,6175,1,D,AK,LG,D
14:42:45,INDF,RG,6175,2,D,AK,LG,D
14:42:44,INDF,RG,6175,1,D,AK,LG,D
14:42:44,INDF,RG,6175,3,D,AK,LG,D
14:42:44,INDF,RG,6175,2,D,AK,LG,D
14:42:44,INDF,RG,6175,6,D,AK,LG,D
14:42:44,INDF,RG,6175,5,D,AK,LG,D
14:42:44,INDF,RG,6175,7,D,AK,LG,D
14:42:43,INDF,RG,6125,65,D,RO,EP,D
14:42:43,INDF,RG,6125,1,D,XC,EP,D
14:42:43,INDF,RG,6125,5,D,GR,EP,D
14:42:11,INDF,RG,6125,1,D,DR,BB,D
14:41:29,INDF,RG,6175,1,D,AK,LG,D
14:41:28,INDF,RG,6175,1,D,AK,LG,D
14:41:27,INDF,RG,6175,1,D,AK,LG,D
14:41:27,INDF,RG,6175,1,D,AK,LG,D
14:41:27,INDF,RG,6175,1,D,AK,LG,D
14:41:26,INDF,RG,6175,1,D,AK,LG,D
14:41:26,INDF,RG,6175,1,D,AK,LG,D
14:41:26,INDF,RG,6175,1,D,AK,LG,D
14:41:26,INDF,RG,6175,2,D,AK,LG,D
14:41:26,INDF,RG,6175,2,D,AK,LG,D
14:41:25,INDF,RG,6125,2,D,CC,PD,D
14:41:25,INDF,RG,6125,1,D,XC,PD,D
14:41:25,INDF,RG,6125,1,D,PD,PD,D
14:41:25,INDF,RG,6125,5,D,CC,PD,D
14:41:25,INDF,RG,6125,13,F,XA,PD,D
14:41:03,INDF,RG,6125,1,F,XA,DR,D
14:41:03,INDF,RG,6150,1,D,AK,DR,D
14:41:02,INDF,RG,6175,1,D,AK,LG,D
14:41:02,INDF,RG,6175,1,D,AK,LG,D
14:41:02,INDF,RG,6175,1,D,AK,LG,D
14:41:01,INDF,RG,6175,1,D,AK,LG,D
14:41:01,INDF,RG,6175,1,D,AK,LG,D
14:41:01,INDF,RG,6175,1,D,AK,LG,D
14:41:01,INDF,RG,6175,2,D,AK,LG,D
14:41:01,INDF,RG,6175,2,D,AK,LG,D
14:41:01,INDF,RG,6175,4,D,AK,LG,D
14:41:01,INDF,RG,6175,4,D,AK,LG,D
14:41:00,INDF,RG,6175,1,D,AK,LG,D
14:41:00,INDF,RG,6175,5,D,AK,LG,D
14:41:00,INDF,RG,6175,2,D,AK,KK,D
14:41:00,INDF,RG,6175,4,D,AK,YP,D
14:41:00,INDF,RG,6175,2,D,AK,YP,D
14:41:00,INDF,RG,6175,4,D,AK,YP,D
14:41:00,INDF,RG,6175,3,D,AK,YP,D
14:41:00,INDF,RG,6175,7,D,AK,YP,D
14:41:00,INDF,RG,6175,2,D,AK,NI,D
14:41:00,INDF,RG,6175,2,D,AK,PD,D
14:41:00,INDF,RG,6175,10,D,AK,PD,D
14:41:00,INDF,RG,6175,2,D,AK,PD,D
14:40:59,INDF,RG,6150,10,D,AK,BB,D
14:40:59,INDF,RG,6150,17,D,AK,BB,D
14:40:59,INDF,RG,6150,2,D,AK,EP,D
14:40:59,INDF,RG,6150,21,D,AK,EP,D
14:40:58,INDF,RG,6125,41,F,XA,PD,D
14:40:58,INDF,RG,6125,5,D,PD,PD,D
14:40:58,INDF,RG,6125,2,D,KK,PD,D
14:40:58,INDF,RG,6125,20,D,TF,PD,D
14:40:58,INDF,RG,6125,124,D,SQ,PD,D
14:40:58,INDF,RG,6125,35,D,SH,PD,D
14:40:54,INDF,RG,6150,1,D,AK,EP,D
14:40:54,INDF,RG,6150,1,D,AK,EP,D
14:40:54,INDF,RG,6150,1,D,AK,EP,D
14:40:54,INDF,RG,6150,1,D,AK,EP,D
14:40:53,INDF,RG,6150,1,D,AK,EP,D
14:40:53,INDF,RG,6150,1,D,AK,EP,D
14:40:53,INDF,RG,6150,2,D,AK,EP,D
14:40:53,INDF,RG,6150,2,D,AK,EP,D
14:40:53,INDF,RG,6150,2,D,AK,EP,D
14:40:53,INDF,RG,6150,1,D,AK,EP,D
14:40:53,INDF,RG,6150,4,D,PD,EP,D
14:40:52,INDF,RG,6150,2,D,AK,EP,D
14:40:52,INDF,RG,6150,4,D,AK,EP,D
14:40:52,INDF,RG,6150,6,D,AK,EP,D
14:40:52,INDF,RG,6150,3,D,AK,EP,D
14:40:52,INDF,RG,6150,4,D,AK,EP,D
14:40:52,INDF,RG,6150,4,D,AK,EP,D
14:40:51,INDF,RG,6150,1,D,AK,EP,D
14:40:51,INDF,RG,6150,35,F,ZP,EP,D
14:40:51,INDF,RG,6150,9,D,AK,EP,D
14:40:51,INDF,RG,6150,10,D,AK,EP,D
14:40:51,INDF,RG,6150,9,D,AK,EP,D
14:40:51,INDF,RG,6150,42,F,ZP,EP,D
14:40:51,INDF,RG,6150,5,D,XC,EP,D
14:40:51,INDF,RG,6150,10,D,XC,EP,D
14:40:51,INDF,RG,6150,10,D,YU,EP,D
14:40:51,INDF,RG,6150,1,D,XL,EP,D
14:40:51,INDF,RG,6150,1,D,AK,EP,D
14:40:51,INDF,RG,6150,192,F,ZP,EP,D
14:40:51,INDF,RG,6150,5,D,CC,EP,D
14:40:51,INDF,RG,6150,3,D,AK,EP,D
14:40:51,INDF,RG,6150,1,D,AK,EP,D
14:40:51,INDF,RG,6150,1,D,AK,EP,D
14:40:51,INDF,RG,6150,4,D,AK,EP,D
14:40:51,INDF,RG,6150,9,D,AK,EP,D
14:40:51,INDF,RG,6150,10,D,AK,EP,D
14:40:51,INDF,RG,6150,19,D,AK,EP,D
14:40:51,INDF,RG,6150,20,D,AK,EP,D
14:40:51,INDF,RG,6150,23,D,AK,EP,D
14:40:51,INDF,RG,6150,5,D,CC,EP,D
14:40:51,INDF,RG,6150,12,F,ZP,EP,D
14:40:45,INDF,RG,6175,1,D,AK,PD,D
14:40:45,INDF,RG,6175,1,D,AK,PD,D
14:40:45,INDF,RG,6175,1,D,AK,PD,D
14:40:44,INDF,RG,6150,6,F,ZP,PD,D
14:40:20,INDF,RG,6175,1,D,AK,PD,D
14:40:20,INDF,RG,6175,1,D,AK,PD,D
14:40:19,INDF,RG,6175,1,D,AK,PD,D
14:40:19,INDF,RG,6175,1,D,AK,PD,D
14:40:19,INDF,RG,6175,2,D,AK,PD,D
14:40:19,INDF,RG,6175,2,D,AK,PD,D
14:40:18,INDF,RG,6175,4,D,AK,PD,D
14:40:18,INDF,RG,6175,1,D,AK,PD,D
14:40:18,INDF,RG,6175,1,D,AK,KK,D
14:40:18,INDF,RG,6175,3,D,AK,CC,D
14:40:18,INDF,RG,6175,1,D,AK,SQ,D
14:40:18,INDF,RG,6175,1,D,AK,AK,F
14:40:18,INDF,RG,6175,2,D,AK,AK,F
14:40:18,INDF,RG,6175,2,D,AK,AK,F
14:40:18,INDF,RG,6175,3,D,AK,AK,F
14:40:17,INDF,RG,6175,1,D,AK,AK,F
14:40:17,INDF,RG,6175,4,D,AK,AK,F
14:40:17,INDF,RG,6175,7,D,AK,AK,F
14:40:17,INDF,RG,6175,7,D,AK,AK,F
14:40:17,INDF,RG,6175,3,D,AK,AK,F
14:40:17,INDF,RG,6175,12,D,AK,BB,D
14:40:17,INDF,RG,6175,15,D,AK,BB,D
14:40:17,INDF,RG,6175,18,D,AK,BB,D
14:40:15,INDF,RG,6150,189,F,ZP,AK,F
14:39:04,INDF,RG,6175,1,D,AK,BB,D
14:39:03,INDF,RG,6175,1,D,AK,BB,D
14:39:03,INDF,RG,6175,1,D,AK,BB,D
14:39:03,INDF,RG,6175,1,D,AK,BB,D
14:39:03,INDF,RG,6175,1,D,AK,BB,D
14:39:02,INDF,RG,6175,1,D,AK,BB,D
14:39:02,INDF,RG,6175,1,D,AK,BB,D
14:39:02,INDF,RG,6175,1,D,AK,BB,D
14:39:02,INDF,RG,6175,2,D,AK,BB,D
14:39:02,INDF,RG,6175,3,D,AK,BB,D
14:39:02,INDF,RG,6175,2,D,AK,BB,D
14:39:00,INDF,RG,6150,4,F,ZP,AK,F
14:39:00,INDF,RG,6150,23,F,ZP,AK,F
14:38:55,INDF,RG,6175,1,D,AK,BB,D
14:38:55,INDF,RG,6175,1,D,AK,BB,D
14:38:55,INDF,RG,6175,2,D,AK,BB,D
14:38:54,INDF,RG,6150,13,F,ZP,BB,D
14:38:40,INDF,RG,6175,1,D,AK,BB,D
14:38:39,INDF,RG,6175,1,D,AK,BB,D
14:38:39,INDF,RG,6175,1,D,AK,BB,D
14:38:38,INDF,RG,6175,4,D,PD,BB,D
14:38:38,INDF,RG,6175,1,D,AK,BB,D
14:38:37,INDF,RG,6175,1,D,AK,BB,D
14:38:36,INDF,RG,6175,1,D,AK,BB,D
14:38:36,INDF,RG,6175,1,D,AK,BB,D
14:38:35,INDF,RG,6175,1,D,AK,BB,D
14:38:35,INDF,RG,6175,1,D,AK,BB,D
14:38:35,INDF,RG,6175,1,D,AK,BB,D
14:38:35,INDF,RG,6175,2,D,AK,BB,D
14:38:35,INDF,RG,6175,2,D,AK,BB,D
14:38:34,INDF,RG,6175,1,D,AK,BB,D
14:38:34,INDF,RG,6175,3,D,AK,BB,D
14:38:34,INDF,RG,6175,3,D,AK,BB,D
14:38:34,INDF,RG,6175,5,D,AK,BB,D
14:38:34,INDF,RG,6175,5,D,AK,BB,D
14:38:34,INDF,RG,6175,6,D,AK,BB,D
14:38:33,INDF,RG,6175,1,D,AK,BB,D
14:38:33,INDF,RG,6175,2,D,AK,BB,D
14:38:33,INDF,RG,6175,10,D,AK,BB,D
14:38:33,INDF,RG,6175,9,D,AK,BB,D
14:38:33,INDF,RG,6175,9,D,AK,BB,D
14:38:33,INDF,RG,6175,17,D,AK,BB,D
14:38:33,INDF,RG,6175,18,D,AK,BB,D
14:38:33,INDF,RG,6175,19,D,AK,BB,D
14:38:32,INDF,RG,6150,6,D,AK,CC,D
14:38:32,INDF,RG,6150,19,D,AK,CC,D
14:38:32,INDF,RG,6150,21,D,AK,CC,D
14:38:32,INDF,RG,6150,40,D,AK,CC,D
14:38:32,INDF,RG,6150,42,D,AK,CC,D
14:38:32,INDF,RG,6150,48,D,AK,CC,D
14:38:31,INDF,RG,6150,47,F,AK,CC,D
14:38:31,INDF,RG,6150,8,F,AK,CC,D
14:38:31,INDF,RG,6150,13,F,AK,DR,D
14:38:31,INDF,RG,6150,1,F,AK,XC,D
14:38:31,INDF,RG,6150,2,F,AK,GR,D
14:38:31,INDF,RG,6150,4,F,AK,XA,D
14:38:31,INDF,RG,6150,6,F,AK,BB,D
14:38:31,INDF,RG,6150,1,F,AK,LG,D
14:38:31,INDF,RG,6150,1,D,AK,LG,D
14:38:31,INDF,RG,6150,2,D,AK,LG,D
14:38:31,INDF,RG,6150,2,D,AK,LG,D
14:38:31,INDF,RG,6150,4,D,AK,LG,D
14:38:31,INDF,RG,6150,4,D,AK,LG,D
14:38:31,INDF,RG,6150,4,D,AK,LG,D
14:38:30,INDF,RG,6150,56,F,AK,LG,D
14:38:30,INDF,RG,6150,27,F,AK,LG,D
14:38:30,INDF,RG,6150,115,F,AK,LG,D
14:38:30,INDF,RG,6150,1,F,AK,NI,D
14:38:30,INDF,RG,6150,5,F,AK,EP,D
14:38:30,INDF,RG,6150,236,F,AK,AK,F
14:38:30,INDF,RG,6150,60,F,AK,CC,D
14:38:30,INDF,RG,6150,50,D,YP,CC,D
14:38:15,INDF,RG,6150,1,D,AK,CC,D
14:38:14,INDF,RG,6150,1,D,AK,CC,D
14:38:14,INDF,RG,6150,1,D,AK,CC,D
14:38:13,INDF,RG,6150,1,D,AK,CC,D
14:38:13,INDF,RG,6150,1,D,AK,CC,D
14:38:13,INDF,RG,6150,1,D,AK,CC,D
14:38:13,INDF,RG,6150,2,D,AK,CC,D
14:38:13,INDF,RG,6150,2,D,AK,CC,D
14:38:13,INDF,RG,6150,2,D,AK,CC,D
14:38:11,INDF,RG,6125,22,D,SH,PD,D
14:38:11,INDF,RG,6150,1,D,AK,CC,D
14:38:11,INDF,RG,6150,1,D,AK,CC,D
14:38:11,INDF,RG,6150,1,D,AK,CC,D
14:38:10,INDF,RG,6150,1,D,AK,CC,D
14:38:10,INDF,RG,6150,1,D,AK,CC,D
14:38:10,INDF,RG,6150,1,D,AK,CC,D
14:38:10,INDF,RG,6150,1,D,AK,CC,D
14:38:10,INDF,RG,6150,1,D,AK,CC,D
14:38:10,INDF,RG,6125,6,D,SH,AK,F
14:38:09,INDF,RG,6150,1,D,AK,CC,D
14:38:09,INDF,RG,6150,1,D,AK,CC,D
14:38:09,INDF,RG,6150,1,D,AK,CC,D
14:38:09,INDF,RG,6150,3,D,AK,CC,D
14:38:09,INDF,RG,6150,3,D,AK,CC,D
14:38:09,INDF,RG,6150,3,D,AK,CC,D
14:38:08,INDF,RG,6150,37,F,ZP,CC,D
14:38:02,INDF,RG,6150,1,D,AK,CC,D
14:38:01,INDF,RG,6150,1,D,AK,CC,D
14:38:01,INDF,RG,6150,1,D,AK,CC,D
14:38:00,INDF,RG,6150,1,D,AK,CC,D
14:38:00,INDF,RG,6150,2,D,AK,CC,D
14:38:00,INDF,RG,6150,2,D,AK,CC,D
14:38:00,INDF,RG,6150,2,D,AK,CC,D
14:37:59,INDF,RG,6150,1,D,AK,CC,D
14:37:59,INDF,RG,6150,3,D,AK,CC,D
14:37:59,INDF,RG,6150,3,D,AK,CC,D
14:37:59,INDF,RG,6150,4,D,AK,CC,D
14:37:59,INDF,RG,6150,5,D,AK,CC,D
14:37:59,INDF,RG,6150,5,D,AK,CC,D
14:37:58,INDF,RG,6150,1,D,AK,CC,D
14:37:58,INDF,RG,6150,2,D,AK,CC,D
14:37:58,INDF,RG,6150,2,D,AK,CC,D
14:37:58,INDF,RG,6150,1,D,AK,DR,D
14:37:58,INDF,RG,6150,8,D,AK,DR,D
14:37:58,INDF,RG,6150,5,D,AK,DR,D
14:37:58,INDF,RG,6150,4,D,AK,CC,F
14:37:58,INDF,RG,6150,18,D,AK,CC,F
14:37:58,INDF,RG,6150,18,D,AK,CC,F
14:37:58,INDF,RG,6150,21,D,AK,CC,F
14:37:56,INDF,RG,6125,187,D,SH,PD,D
14:37:56,INDF,RG,6125,6,D,SQ,PD,D
14:37:56,INDF,RG,6125,3,D,KK,PD,D
14:37:56,INDF,RG,6125,3,D,YP,PD,D
14:37:56,INDF,RG,6125,2,D,XC,PD,D
14:37:56,INDF,RG,6125,10,D,PC,PD,D
14:37:56,INDF,RG,6125,1,D,XC,PD,D
14:37:56,INDF,RG,6125,11,D,YJ,PD,D
14:37:56,INDF,RG,6125,4,D,HP,PD,D
14:37:18,INDF,RG,6150,1,D,AK,CC,F
14:37:17,INDF,RG,6150,1,D,AK,CC,F
14:37:15,INDF,RG,6150,1,D,AK,CC,F
14:37:15,INDF,RG,6150,1,D,AK,CC,F
14:37:15,INDF,RG,6150,1,D,AK,CC,F
14:37:15,INDF,RG,6150,2,D,AK,CC,F
14:37:14,INDF,RG,6150,1,D,AK,CC,F
14:37:14,INDF,RG,6150,2,D,AK,CC,F
14:37:14,INDF,RG,6150,2,D,AK,CC,F
14:37:14,INDF,RG,6150,4,D,AK,CC,F
14:37:14,INDF,RG,6150,4,D,AK,CC,F
14:37:14,INDF,RG,6150,4,D,AK,CC,F
14:37:12,INDF,RG,6150,50,F,ZP,CC,F
14:37:10,INDF,RG,6150,1,D,AK,CC,F
14:37:10,INDF,RG,6150,1,D,AK,CC,F
14:37:09,INDF,RG,6150,1,D,AK,CC,F
14:37:09,INDF,RG,6150,1,D,AK,CC,F
14:37:09,INDF,RG,6150,1,D,AK,CC,F
14:37:09,INDF,RG,6150,1,D,AK,CC,F
14:37:09,INDF,RG,6150,1,D,AK,CC,F
14:37:08,INDF,RG,6150,11,F,ZP,CC,F
14:36:56,INDF,RG,6150,1,D,NI,CC,F
14:36:45,INDF,RG,6150,1,D,AK,CC,F
14:36:44,INDF,RG,6150,1,D,AK,CC,F
14:36:43,INDF,RG,6150,1,D,AK,CC,F
14:36:42,INDF,RG,6150,1,D,AK,CC,F
14:36:42,INDF,RG,6150,1,D,AK,CC,F
14:36:42,INDF,RG,6150,2,D,AK,CC,F
14:36:42,INDF,RG,6150,2,D,AK,CC,F
14:36:41,INDF,RG,6150,1,D,AK,CC,F
14:36:40,INDF,RG,6150,20,D,YP,CC,F
14:36:02,INDF,RG,6150,1,D,AK,CC,F
14:36:01,INDF,RG,6150,1,D,AK,CC,F
14:36:01,INDF,RG,6150,1,D,AK,CC,F
14:36:01,INDF,RG,6150,1,D,AK,CC,F
14:36:01,INDF,RG,6150,1,D,AK,CC,F
14:36:01,INDF,RG,6150,1,D,AK,CC,F
14:36:00,INDF,RG,6150,10,F,ZP,CC,F
14:36:00,INDF,RG,6150,2,F,ZP,BB,D
14:35:40,INDF,RG,6150,1,D,AK,BB,D
14:35:40,INDF,RG,6150,1,D,AK,BB,D
14:35:40,INDF,RG,6150,1,D,AK,BB,D
14:35:40,INDF,RG,6150,1,D,AK,BB,D
14:35:39,INDF,RG,6150,1,D,AK,SQ,D
14:35:39,INDF,RG,6150,1,D,AK,SQ,D
14:35:39,INDF,RG,6150,1,D,AK,SQ,D
14:35:39,INDF,RG,6150,1,D,AK,SQ,D
14:35:39,INDF,RG,6150,1,D,AK,SQ,D
14:35:38,INDF,RG,6125,1,D,HP,BB,D
14:35:38,INDF,RG,6125,5,D,PD,BB,D
14:35:38,INDF,RG,6125,1,D,YP,BB,D
14:35:38,INDF,RG,6125,14,D,YP,BB,D
14:35:30,INDF,RG,6150,1,D,AK,SQ,D
14:35:29,INDF,RG,6150,1,D,AK,SQ,D
14:35:28,INDF,RG,6150,1,D,AK,SQ,D
14:35:27,INDF,RG,6150,1,D,AK,SQ,D
14:35:27,INDF,RG,6150,1,D,AK,SQ,D
14:35:26,INDF,RG,6150,11,F,ZP,XL,D
14:33:49,INDF,RG,6150,1,D,AK,CC,D
14:33:48,INDF,RG,6150,1,D,AK,CC,D
14:33:47,INDF,RG,6150,1,D,AK,CC,D
14:33:47,INDF,RG,6150,1,D,AK,CC,D
14:33:47,INDF,RG,6150,1,D,AK,CC,D
14:33:46,INDF,RG,6150,5,D,YP,CC,D
14:33:20,INDF,RG,6150,1,D,AK,CC,D
14:33:20,INDF,RG,6150,1,D,AK,CC,D
14:33:19,INDF,RG,6150,1,D,AK,CC,D
14:33:19,INDF,RG,6150,1,D,AK,CC,D
14:33:19,INDF,RG,6150,2,D,AK,CC,D
14:33:19,INDF,RG,6150,2,D,AK,CC,D
14:33:19,INDF,RG,6150,3,D,AK,CC,D
14:33:18,INDF,RG,6150,26,F,ZP,CC,D
14:32:51,INDF,RG,6150,1,D,AK,CC,D
14:32:50,INDF,RG,6150,1,D,AK,CC,D
14:32:50,INDF,RG,6150,1,D,AK,CC,D
14:32:50,INDF,RG,6150,1,D,AK,CC,D
14:32:50,INDF,RG,6150,1,D,AK,CC,D
14:32:48,INDF,RG,6150,9,F,ZP,CC,D
14:32:23,INDF,RG,6150,1,D,AK,CC,D
14:32:22,INDF,RG,6150,1,D,AK,CC,D
14:32:21,INDF,RG,6150,1,D,AK,CC,D
14:32:21,INDF,RG,6150,1,D,AK,CC,D
14:32:20,INDF,RG,6150,1,D,AK,CC,D
14:32:20,INDF,RG,6150,1,D,AK,CC,D
14:32:20,INDF,RG,6150,2,D,AK,CC,D
14:32:20,INDF,RG,6150,2,D,AK,CC,D
14:32:20,INDF,RG,6150,3,D,AK,CC,D
14:32:20,INDF,RG,6150,3,D,AK,CC,D
14:32:19,INDF,RG,6125,22,D,YP,PD,D
14:32:19,INDF,RG,6150,1,D,AK,CC,D
14:32:19,INDF,RG,6150,2,D,AK,CC,D
14:32:19,INDF,RG,6150,1,D,AK,CC,D
14:32:19,INDF,RG,6150,4,D,AK,CC,D
14:32:19,INDF,RG,6150,4,D,AK,CC,D
14:32:19,INDF,RG,6150,4,D,AK,CC,D
14:32:18,INDF,RG,6150,43,F,ZP,CC,D
14:32:05,INDF,RG,6150,1,D,AK,CC,D
14:32:04,INDF,RG,6150,1,D,AK,CC,D
14:32:04,INDF,RG,6150,1,D,AK,CC,D
14:32:03,INDF,RG,6150,2,D,AK,CC,D
14:32:03,INDF,RG,6150,1,D,AK,CC,D
14:32:03,INDF,RG,6150,2,D,AK,CC,D
14:32:03,INDF,RG,6150,1,D,AK,CC,D
14:32:03,INDF,RG,6150,1,D,AK,CC,D
14:32:02,INDF,RG,6150,2,D,AK,CC,D
14:32:02,INDF,RG,6150,3,D,AK,CC,D
14:32:02,INDF,RG,6150,2,D,AK,CC,D
14:32:02,INDF,RG,6150,4,D,AK,CC,D
14:32:02,INDF,RG,6150,6,D,AK,CC,D
14:32:02,INDF,RG,6150,5,D,AK,CC,D
14:32:01,INDF,RG,6150,4,D,AK,CC,D
14:32:01,INDF,RG,6150,8,D,AK,CC,D
14:32:01,INDF,RG,6150,18,D,AK,CC,D
14:32:01,INDF,RG,6150,2,D,AK,CC,D
14:32:01,INDF,RG,6150,1,D,AK,PD,D
14:32:01,INDF,RG,6150,1,D,AK,NI,D
14:32:01,INDF,RG,6150,14,D,AK,CC,F
14:32:01,INDF,RG,6150,21,D,AK,CC,F
14:32:01,INDF,RG,6150,5,D,AK,CC,F
14:32:01,INDF,RG,6150,2,D,AK,BB,D
14:32:01,INDF,RG,6150,2,D,AK,CC,D
14:32:00,INDF,RG,6125,14,D,YP,PD,D
14:32:00,INDF,RG,6125,10,D,SQ,PD,D
14:32:00,INDF,RG,6125,2,D,YP,PD,D
14:32:00,INDF,RG,6125,2,D,YP,PD,D
14:32:00,INDF,RG,6125,50,D,DR,PD,D
14:32:00,INDF,RG,6125,2,D,CC,PD,D
14:32:00,INDF,RG,6125,3,D,DR,PD,D
14:32:00,INDF,RG,6125,5,D,YP,PD,D
14:32:00,INDF,RG,6125,139,D,YP,PD,D
14:31:53,INDF,RG,6150,1,D,AK,CC,D
14:31:53,INDF,RG,6150,1,D,AK,CC,D
14:31:53,INDF,RG,6150,1,D,AK,CC,D
14:31:52,INDF,RG,6150,1,D,AK,CC,D
14:31:52,INDF,RG,6150,5,D,YP,CC,D
14:31:51,INDF,RG,6150,1,D,AK,CC,D
14:31:50,INDF,RG,6125,2,D,YP,AK,F
14:31:33,INDF,RG,6150,1,D,AK,CC,D
14:31:33,INDF,RG,6150,1,D,AK,CC,D
14:31:32,INDF,RG,6150,1,D,AK,CC,D
14:31:32,INDF,RG,6150,2,D,AK,CC,D
14:31:32,INDF,RG,6150,1,D,AK,CC,D
14:31:32,INDF,RG,6150,2,D,AK,CC,D
14:31:31,INDF,RG,6150,15,D,CC,CC,D
14:31:21,INDF,RG,6150,1,D,AK,CC,D
14:31:20,INDF,RG,6150,1,D,AK,CC,D
14:31:20,INDF,RG,6150,1,D,AK,CC,D
14:31:20,INDF,RG,6150,1,D,AK,CC,D
14:31:19,INDF,RG,6150,1,D,AK,CC,D
14:31:19,INDF,RG,6150,1,D,AK,CC,D
14:31:19,INDF,RG,6150,1,D,AK,CC,D
14:31:19,INDF,RG,6150,2,D,AK,CC,D
14:31:19,INDF,RG,6150,2,D,AK,CC,D
14:31:19,INDF,RG,6150,2,D,AK,CC,D
14:31:18,INDF,RG,6150,3,D,AK,CC,D
14:31:18,INDF,RG,6150,3,D,AK,CC,D
14:31:18,INDF,RG,6150,2,D,AK,CC,D
14:31:18,INDF,RG,6150,1,D,AK,CC,D
14:31:18,INDF,RG,6150,1,D,AK,CC,D
14:31:17,INDF,RG,6150,18,F,ZP,CC,D
14:31:17,INDF,RG,6125,29,D,YP,BB,D
14:31:14,INDF,RG,6150,1,D,AK,CC,D
14:31:14,INDF,RG,6150,1,D,AK,CC,D
14:31:14,INDF,RG,6150,1,D,AK,CC,D
14:31:13,INDF,RG,6150,1,D,AK,CC,D
14:31:13,INDF,RG,6150,2,D,AK,CC,D
14:31:13,INDF,RG,6150,1,D,AK,CC,D
14:31:13,INDF,RG,6150,2,D,AK,CC,D
14:31:13,INDF,RG,6150,2,D,AK,CC,D
14:31:13,INDF,RG,6150,2,D,AK,CC,D
14:31:13,INDF,RG,6150,1,D,PD,CC,D
14:31:12,INDF,RG,6150,2,D,AK,CC,D
14:31:12,INDF,RG,6150,3,D,AK,CC,D
14:31:12,INDF,RG,6150,4,D,AK,CC,D
14:31:12,INDF,RG,6150,7,D,AK,CC,D
14:31:12,INDF,RG,6150,8,D,AK,CC,D
14:31:12,INDF,RG,6150,8,D,AK,CC,D
14:31:11,INDF,RG,6150,1,D,AK,CC,D
14:31:11,INDF,RG,6150,2,D,AK,CC,D
14:31:11,INDF,RG,6150,1,D,AK,CC,D
14:31:11,INDF,RG,6150,2,D,AK,CC,D
14:31:11,INDF,RG,6125,10,D,YP,AK,F
14:31:11,INDF,RG,6125,7,D,KK,AK,F
14:31:11,INDF,RG,6125,69,D,YJ,AK,F
14:31:09,INDF,RG,6150,20,F,ZP,CC,D
14:31:05,INDF,RG,6150,1,D,YP,CC,D
14:30:48,INDF,RG,6150,1,D,AK,CC,D
14:30:48,INDF,RG,6150,1,D,AK,CC,D
14:30:47,INDF,RG,6150,1,D,AK,CC,D
14:30:47,INDF,RG,6150,1,D,AK,CC,D
14:30:47,INDF,RG,6150,1,D,AK,CC,D
14:30:46,INDF,RG,6125,5,D,YJ,PD,D
14:30:45,INDF,RG,6150,1,D,AK,CC,D
14:30:45,INDF,RG,6150,1,D,AK,CC,D
14:30:45,INDF,RG,6150,1,D,AK,CC,D
14:30:45,INDF,RG,6150,1,D,AK,CC,D
14:30:44,INDF,RG,6150,10,F,ZP,CC,D
14:30:21,INDF,RG,6150,1,D,AK,CC,D
14:30:21,INDF,RG,6150,1,D,AK,CC,D
14:30:21,INDF,RG,6150,1,D,AK,CC,D
14:30:21,INDF,RG,6150,1,D,AK,CC,D
14:30:20,INDF,RG,6150,1,D,AK,CC,D
14:30:20,INDF,RG,6150,1,D,AK,CC,D
14:30:20,INDF,RG,6150,1,D,AK,CC,D
14:30:20,INDF,RG,6150,2,D,AK,CC,D
14:30:20,INDF,RG,6150,3,D,AK,CC,D
14:30:20,INDF,RG,6150,3,D,AK,CC,D
14:30:18,INDF,RG,6150,30,F,ZP,CC,D
14:30:04,INDF,RG,6150,1,D,AK,CC,D
14:30:04,INDF,RG,6150,1,D,AK,CC,D
14:30:04,INDF,RG,6150,1,D,AK,CC,D
14:30:04,INDF,RG,6150,1,D,AK,CC,D
14:30:04,INDF,RG,6150,1,D,AK,CC,D
14:30:03,INDF,RG,6150,8,D,XL,CC,D
14:29:10,INDF,RG,6150,1,D,AK,CC,D
14:29:10,INDF,RG,6150,1,D,AK,CC,D
14:29:08,INDF,RG,6125,2,D,YJ,YP,D
14:29:08,INDF,RG,6125,6,D,YJ,YP,D
14:29:05,INDF,RG,6150,1,D,AK,CC,D
14:29:04,INDF,RG,6150,1,D,AK,CC,D
14:29:04,INDF,RG,6150,1,D,AK,CC,D
14:29:04,INDF,RG,6150,1,D,AK,CC,D
14:29:04,INDF,RG,6150,1,D,AK,CC,D
14:29:04,INDF,RG,6150,1,D,AK,CC,D
14:29:04,INDF,RG,6150,1,D,AK,CC,D
14:29:03,INDF,RG,6150,10,F,ZP,CC,D
14:29:03,INDF,RG,6150,1,D,AK,CC,D
14:29:02,INDF,RG,6150,1,D,AK,CC,D
14:29:02,INDF,RG,6150,1,D,AK,CC,D
14:29:02,INDF,RG,6150,2,D,AK,CC,D
14:29:02,INDF,RG,6150,2,D,AK,CC,D
14:29:02,INDF,RG,6150,2,D,AK,CC,D
14:29:00,INDF,RG,6125,22,D,YJ,PD,D
14:28:35,INDF,RG,6125,2,D,YJ,AK,F
14:28:22,INDF,RG,6150,1,D,AK,CC,D
14:28:22,INDF,RG,6150,1,D,AK,CC,D
14:28:22,INDF,RG,6150,1,D,AK,CC,D
14:28:20,INDF,RG,6150,5,D,CC,CC,D
14:28:06,INDF,RG,6150,1,D,AK,CC,D
14:28:06,INDF,RG,6150,1,D,AK,CC,D
14:28:06,INDF,RG,6150,1,D,AK,CC,D
14:28:06,INDF,RG,6150,1,D,AK,DR,D
14:28:06,INDF,RG,6150,1,D,AK,DR,D
14:28:06,INDF,RG,6150,1,D,AK,DR,D
14:28:06,INDF,RG,6150,1,D,AK,DR,D
14:28:06,INDF,RG,6150,1,D,AK,DR,D
14:28:05,INDF,RG,6150,1,D,AK,DR,D
14:28:05,INDF,RG,6150,1,D,AK,DR,D
14:28:05,INDF,RG,6150,2,D,AK,DR,D
14:28:05,INDF,RG,6150,2,D,AK,DR,D
14:28:05,INDF,RG,6150,3,D,AK,DR,D
14:28:03,INDF,RG,6150,29,F,ZP,DR,D
14:27:54,INDF,RG,6175,1,D,AK,BB,D
14:27:54,INDF,RG,6175,1,D,AK,BB,D
14:27:54,INDF,RG,6175,1,D,AK,BB,D
14:27:53,INDF,RG,6175,1,D,AK,BB,D
14:27:53,INDF,RG,6175,1,D,AK,BB,D
14:27:53,INDF,RG,6175,3,D,AK,BB,D
14:27:53,INDF,RG,6175,4,D,AK,BB,D
14:27:52,INDF,RG,6150,1,D,AK,AK,F
14:27:52,INDF,RG,6150,1,D,AK,AK,F
14:27:52,INDF,RG,6150,1,D,AK,AK,F
14:27:52,INDF,RG,6150,57,F,ZP,AK,F
14:27:52,INDF,RG,6150,1,D,AK,AK,F
14:27:52,INDF,RG,6150,1,D,AK,AK,F
14:27:52,INDF,RG,6150,6,D,AK,AK,F
14:27:52,INDF,RG,6150,1,D,AK,AK,F
14:27:52,INDF,RG,6150,2,D,AK,AK,F
14:27:52,INDF,RG,6150,2,D,AK,AK,F
14:27:51,INDF,RG,6175,1,D,AK,BB,D
14:27:51,INDF,RG,6175,1,D,AK,BB,D
14:27:51,INDF,RG,6175,1,D,AK,BB,D
14:27:51,INDF,RG,6175,1,D,AK,BB,D
14:27:50,INDF,RG,6175,1,D,AK,BB,D
14:27:50,INDF,RG,6175,2,D,AK,BB,D
14:27:50,INDF,RG,6175,2,D,AK,BB,D
14:27:50,INDF,RG,6175,1,D,AK,BB,D
14:27:50,INDF,RG,6175,1,D,AK,BB,D
14:27:50,INDF,RG,6175,5,D,AK,BB,D
14:27:49,INDF,RG,6175,1,D,AK,BB,D
14:27:48,INDF,RG,6150,1,D,SQ,AK,F
14:27:48,INDF,RG,6150,1,D,AK,AK,F
14:27:48,INDF,RG,6150,4,D,AK,AK,F
14:27:48,INDF,RG,6150,1,D,AK,AK,F
14:27:48,INDF,RG,6150,4,D,AK,AK,F
14:27:48,INDF,RG,6150,15,D,SQ,AK,F
14:27:48,INDF,RG,6150,27,F,ZP,AK,F
14:27:47,INDF,RG,6150,23,F,ZP,BB,D
14:27:47,INDF,RG,6150,24,D,AK,BB,D
14:27:47,INDF,RG,6150,16,D,YP,BB,D
14:27:47,INDF,RG,6150,50,D,YP,BB,D
14:27:47,INDF,RG,6150,51,F,ZP,BB,D
14:27:47,INDF,RG,6150,1,D,PD,BB,D
14:27:47,INDF,RG,6150,18,F,ZP,BB,D
14:27:47,INDF,RG,6150,5,D,CC,BB,D
14:27:47,INDF,RG,6150,2,D,CP,BB,D
14:27:47,INDF,RG,6150,1,D,DH,BB,D
14:27:47,INDF,RG,6150,9,D,AK,BB,D
14:27:47,INDF,RG,6150,5,D,DH,BB,D
14:27:47,INDF,RG,6150,36,F,ZP,BB,D
14:27:47,INDF,RG,6150,38,F,ZP,BB,D
14:27:47,INDF,RG,6150,55,F,ZP,BB,D
14:27:47,INDF,RG,6150,27,F,ZP,BB,D
14:27:47,INDF,RG,6150,184,F,ZP,BB,D
14:27:47,INDF,RG,6150,2,D,AK,BB,D
14:27:47,INDF,RG,6150,1,D,AK,BB,D
14:27:47,INDF,RG,6150,19,D,AK,BB,D
14:27:47,INDF,RG,6150,36,D,AK,BB,D
14:27:47,INDF,RG,6150,29,D,AK,BB,D
14:27:47,INDF,RG,6150,71,D,AK,BB,D
14:27:47,INDF,RG,6150,75,D,AK,BB,D
14:27:47,INDF,RG,6150,59,D,AK,BB,D
14:27:47,INDF,RG,6150,20,F,ZP,BB,D
14:27:47,INDF,RG,6150,41,F,ZP,BB,D
14:27:47,INDF,RG,6150,69,F,ZP,BB,D
14:27:47,INDF,RG,6150,33,F,ZP,BB,D
14:27:15,INDF,RG,6175,1,D,AK,BB,D
14:27:14,INDF,RG,6175,1,D,AK,BB,D
14:27:13,INDF,RG,6175,1,D,AK,BB,D
14:27:13,INDF,RG,6175,1,D,AK,BB,D
14:27:13,INDF,RG,6175,1,D,AK,BB,D
14:27:13,INDF,RG,6175,1,D,AK,BB,D
14:27:13,INDF,RG,6175,1,D,AK,BB,D
14:27:13,INDF,RG,6175,1,D,AK,BB,D
14:27:13,INDF,RG,6175,1,D,AK,BB,D
14:27:12,INDF,RG,6175,1,D,AK,BB,D
14:27:12,INDF,RG,6175,1,D,AK,BB,D
14:27:12,INDF,RG,6175,2,D,AK,BB,D
14:27:12,INDF,RG,6175,2,D,AK,BB,D
14:27:12,INDF,RG,6175,3,D,AK,BB,D
14:27:11,INDF,RG,6175,10,D,CC,BB,D
14:27:10,INDF,RG,6175,25,D,TP,BB,D
14:26:55,INDF,RG,6175,1,D,AK,BB,D
14:26:55,INDF,RG,6175,1,D,AK,BB,D
14:26:55,INDF,RG,6175,1,D,AK,BB,D
14:26:55,INDF,RG,6175,1,D,AK,BB,D
14:26:55,INDF,RG,6175,1,D,AK,BB,D
14:26:55,INDF,RG,6175,1,D,AK,BB,D
14:26:55,INDF,RG,6175,1,D,AK,BB,D
14:26:55,INDF,RG,6175,3,D,AK,BB,D
14:26:55,INDF,RG,6175,3,D,AK,BB,D
14:26:55,INDF,RG,6175,3,D,AK,BB,D
14:26:54,INDF,RG,6150,36,F,ZP,BB,D
14:26:42,INDF,RG,6175,1,D,AK,BB,D
14:26:41,INDF,RG,6175,1,D,AK,BB,D
14:26:41,INDF,RG,6175,1,D,AK,BB,D
14:26:41,INDF,RG,6175,1,D,AK,BB,D
14:26:40,INDF,RG,6175,1,D,AK,BB,D
14:26:40,INDF,RG,6175,1,D,AK,BB,D
14:26:40,INDF,RG,6175,2,D,AK,BB,D
14:26:40,INDF,RG,6175,1,D,AK,BB,D
14:26:40,INDF,RG,6175,1,D,AK,BB,D
14:26:39,INDF,RG,6175,1,D,AK,BB,D
14:26:39,INDF,RG,6175,2,D,AK,BB,D
14:26:39,INDF,RG,6175,3,D,AK,BB,D
14:26:39,INDF,RG,6175,5,D,AK,BB,D
14:26:39,INDF,RG,6175,5,D,AK,BB,D
14:26:39,INDF,RG,6175,6,D,AK,BB,D
14:26:39,INDF,RG,6175,1,D,AK,BB,D
14:26:39,INDF,RG,6175,5,D,AK,BB,D
14:26:39,INDF,RG,6175,9,D,AK,BB,D
14:26:38,INDF,RG,6175,9,D,AK,BB,D
14:26:38,INDF,RG,6175,17,D,AK,BB,D
14:26:38,INDF,RG,6175,19,D,AK,BB,D
14:26:38,INDF,RG,6175,21,D,AK,BB,D
14:26:38,INDF,RG,6150,227,F,ZP,PD,D
14:26:30,INDF,RG,6175,1,D,AK,BB,D
14:26:30,INDF,RG,6175,1,D,AK,BB,D
14:26:30,INDF,RG,6175,1,D,AK,BB,D
14:26:29,INDF,RG,6175,1,D,AK,BB,D
14:26:29,INDF,RG,6175,1,D,AK,BB,D
14:26:29,INDF,RG,6175,1,D,AK,BB,D
14:26:29,INDF,RG,6175,2,D,AK,BB,D
14:26:29,INDF,RG,6175,2,D,AK,BB,D
14:26:29,INDF,RG,6175,2,D,AK,BB,D
14:26:28,INDF,RG,6175,1,D,AK,BB,D
14:26:28,INDF,RG,6150,25,F,ZP,YP,D
14:26:28,INDF,RG,6175,1,D,AK,BB,D
14:26:27,INDF,RG,6175,1,D,AK,BB,D
14:26:27,INDF,RG,6175,2,D,AK,BB,D
14:26:27,INDF,RG,6175,2,D,AK,BB,D
14:26:27,INDF,RG,6175,1,D,AK,BB,D
14:26:26,INDF,RG,6150,19,F,ZP,DR,D
14:25:26,INDF,RG,6175,1,D,AK,BB,D
14:25:25,INDF,RG,6175,1,D,AK,BB,D
14:25:24,INDF,RG,6175,1,D,AK,BB,D
14:25:23,INDF,RG,6175,1,D,AK,BB,D
14:25:23,INDF,RG,6175,1,D,AK,BB,D
14:25:23,INDF,RG,6175,2,D,AK,BB,D
14:25:23,INDF,RG,6175,1,D,AK,BB,D
14:25:23,INDF,RG,6175,2,D,AK,BB,D
14:25:22,INDF,RG,6175,16,D,YP,BB,D
14:24:05,INDF,RG,6175,1,D,AK,BB,D
14:24:04,INDF,RG,6175,1,D,AK,BB,D
14:24:04,INDF,RG,6175,1,D,AK,BB,D
14:24:04,INDF,RG,6175,1,D,AK,BB,D
14:24:04,INDF,RG,6175,1,D,AK,BB,D
14:24:03,INDF,RG,6175,4,D,AK,BB,D
14:24:03,INDF,RG,6175,1,D,AK,BB,D
14:24:03,INDF,RG,6175,4,D,AK,BB,D
14:24:03,INDF,RG,6175,4,D,AK,BB,D
14:24:03,INDF,RG,6175,2,D,AK,BB,D
14:24:03,INDF,RG,6175,2,D,AK,BB,D
14:24:02,INDF,RG,6175,1,D,AK,BB,D
14:24:02,INDF,RG,6175,4,D,AK,BB,D
14:24:02,INDF,RG,6175,6,D,AK,BB,D
14:24:02,INDF,RG,6175,7,D,AK,BB,D
14:24:02,INDF,RG,6175,13,D,AK,BB,D
14:24:02,INDF,RG,6175,14,D,AK,BB,D
14:24:02,INDF,RG,6175,16,D,AK,BB,D
14:24:01,INDF,RG,6150,100,F,ZP,AK,F
14:24:01,INDF,RG,6175,1,D,AK,BB,D
14:24:01,INDF,RG,6175,10,D,AK,BB,D
14:24:01,INDF,RG,6175,10,D,AK,BB,D
14:24:01,INDF,RG,6175,19,D,AK,BB,D
14:24:01,INDF,RG,6175,20,D,AK,BB,D
14:24:01,INDF,RG,6175,1,D,AK,AK,F
14:24:01,INDF,RG,6175,21,D,AK,AK,F
14:24:01,INDF,RG,6175,4,D,AK,AK,F
14:24:01,INDF,RG,6175,1,D,AK,DH,D
14:24:00,INDF,RG,6150,248,F,ZP,CC,D
14:23:50,INDF,RG,6175,1,D,AK,EP,D
14:23:49,INDF,RG,6175,1,D,AK,EP,D
14:23:48,INDF,RG,6175,1,D,AK,EP,D
14:23:48,INDF,RG,6175,1,D,AK,EP,D
14:23:47,INDF,RG,6175,1,D,AK,EP,D
14:23:47,INDF,RG,6175,1,D,AK,EP,D
14:23:47,INDF,RG,6175,2,D,AK,EP,D
14:23:47,INDF,RG,6175,3,D,AK,CC,D
14:23:47,INDF,RG,6175,2,D,AK,CC,D
14:23:47,INDF,RG,6175,1,D,AK,XC,D
14:23:47,INDF,RG,6175,1,D,AK,XC,D
14:23:46,INDF,RG,6175,1,D,AK,ZP,D
14:23:46,INDF,RG,6175,1,D,AK,ZP,D
14:23:46,INDF,RG,6175,1,D,AK,CC,D
14:23:46,INDF,RG,6175,4,D,AK,CC,D
14:23:46,INDF,RG,6175,4,D,AK,CC,D
14:23:46,INDF,RG,6175,1,D,AK,CC,D
14:23:46,INDF,RG,6175,1,D,AK,XC,D
14:23:46,INDF,RG,6175,6,D,AK,BB,D
14:23:46,INDF,RG,6175,8,D,AK,BB,D
14:23:46,INDF,RG,6175,9,D,AK,BB,D
14:23:45,INDF,RG,6175,100,D,CC,BB,D
14:22:15,INDF,RG,6150,2,F,ZP,AK,F
14:22:01,INDF,RG,6175,1,D,AK,BB,D
14:22:00,INDF,RG,6175,1,D,AK,BB,D
14:22:00,INDF,RG,6175,1,D,AK,BB,D
14:22:00,INDF,RG,6175,1,D,AK,BB,D
14:22:00,INDF,RG,6175,1,D,AK,BB,D
14:21:59,INDF,RG,6175,1,D,AK,BB,D
14:21:59,INDF,RG,6175,1,D,AK,BB,D
14:21:59,INDF,RG,6175,1,D,AK,BB,D
14:21:59,INDF,RG,6175,2,D,AK,BB,D
14:21:59,INDF,RG,6175,2,D,AK,BB,D
14:21:59,INDF,RG,6175,3,D,AK,BB,D
14:21:58,INDF,RG,6150,26,F,ZP,PD,D
14:21:21,INDF,RG,6150,2,F,ZP,BB,D
14:20:53,INDF,RG,6175,1,D,AK,BB,D
14:20:53,INDF,RG,6175,1,D,AK,BB,D
14:20:52,INDF,RG,6175,1,D,AK,BB,D
14:20:52,INDF,RG,6175,1,D,AK,BB,D
14:20:52,INDF,RG,6175,2,D,AK,BB,D
14:20:52,INDF,RG,6175,1,D,AK,BB,D
14:20:52,INDF,RG,6175,1,D,AK,BB,D
14:20:51,INDF,RG,6175,2,D,AK,BB,D
14:20:51,INDF,RG,6175,3,D,AK,BB,D
14:20:51,INDF,RG,6175,3,D,AK,BB,D
14:20:51,INDF,RG,6175,5,D,AK,BB,D
14:20:51,INDF,RG,6175,5,D,AK,BB,D
14:20:51,INDF,RG,6175,6,D,AK,BB,D
14:20:50,INDF,RG,6175,1,D,AK,BB,D
14:20:50,INDF,RG,6175,5,D,AK,BB,D
14:20:50,INDF,RG,6175,8,D,AK,BB,D
14:20:50,INDF,RG,6175,9,D,AK,BB,D
14:20:50,INDF,RG,6175,17,D,AK,BB,D
14:20:50,INDF,RG,6175,19,D,AK,BB,D
14:20:50,INDF,RG,6175,21,D,AK,BB,D
14:20:49,INDF,RG,6150,227,F,ZP,PD,D
14:20:40,INDF,RG,6175,1,D,AK,BB,D
14:20:40,INDF,RG,6175,1,D,AK,BB,D
14:20:39,INDF,RG,6150,6,F,ZP,PD,D
14:19:04,INDF,RG,6175,1,D,AK,BB,D
14:19:04,INDF,RG,6175,1,D,AK,BB,D
14:19:03,INDF,RG,6175,2,D,AK,BB,D
14:19:03,INDF,RG,6175,2,D,AK,BB,D
14:19:03,INDF,RG,6175,2,D,AK,BB,D
14:19:03,INDF,RG,6175,1,D,AK,BB,D
14:19:02,INDF,RG,6175,2,D,AK,BB,D
14:19:02,INDF,RG,6175,3,D,AK,BB,D
14:19:02,INDF,RG,6175,3,D,AK,BB,D
14:19:02,INDF,RG,6175,5,D,AK,BB,D
14:19:02,INDF,RG,6175,5,D,AK,BB,D
14:19:02,INDF,RG,6175,5,D,AK,BB,D
14:19:01,INDF,RG,6175,1,D,AK,BB,D
14:19:01,INDF,RG,6175,5,D,AK,BB,D
14:19:01,INDF,RG,6175,9,D,AK,BB,D
14:19:01,INDF,RG,6175,9,D,AK,BB,D
14:19:01,INDF,RG,6175,18,D,AK,BB,D
14:19:01,INDF,RG,6175,19,D,AK,BB,D
14:19:01,INDF,RG,6175,22,D,AK,BB,D
14:19:00,INDF,RG,6150,235,F,ZP,CC,D
14:18:29,INDF,RG,6175,1,D,AK,BB,D
14:18:28,INDF,RG,6175,1,D,AK,BB,D
14:18:28,INDF,RG,6175,1,D,AK,BB,D
14:18:28,INDF,RG,6175,1,D,AK,BB,D
14:18:26,INDF,RG,6150,4,F,ZP,CC,D
14:18:13,INDF,RG,6150,3,F,ZP,DR,D
14:18:05,INDF,RG,6175,1,D,AK,BB,D
14:18:04,INDF,RG,6175,1,D,XC,BB,D
14:17:48,INDF,RG,6175,1,D,AK,BB,D
14:17:48,INDF,RG,6175,1,D,AK,BB,D
14:17:48,INDF,RG,6175,1,D,AK,BB,D
14:17:47,INDF,RG,6175,1,D,AK,BB,D
14:17:47,INDF,RG,6175,1,D,AK,BB,D
14:17:47,INDF,RG,6175,2,D,AK,BB,D
14:17:47,INDF,RG,6175,2,D,AK,BB,D
14:17:47,INDF,RG,6175,3,D,AK,BB,D
14:17:47,INDF,RG,6175,3,D,AK,BB,D
14:17:45,INDF,RG,6150,32,F,ZP,AK,F
14:17:08,INDF,RG,6175,1,D,AK,BB,D
14:17:07,INDF,RG,6150,1,F,ZP,AK,F
14:16:52,INDF,RG,6175,1,D,AK,BB,D
14:16:52,INDF,RG,6175,1,D,AK,BB,D
14:16:52,INDF,RG,6175,1,D,AK,BB,D
14:16:52,INDF,RG,6175,1,D,AK,BB,D
14:16:51,INDF,RG,6175,1,D,AK,BB,D
14:16:51,INDF,RG,6175,2,D,AK,BB,D
14:16:51,INDF,RG,6175,2,D,AK,BB,D
14:16:51,INDF,RG,6175,3,D,AK,BB,D
14:16:51,INDF,RG,6175,3,D,AK,BB,D
14:16:51,INDF,RG,6175,3,D,AK,BB,D
14:16:51,INDF,RG,6175,1,D,AK,YP,D
14:16:50,INDF,RG,6175,3,D,AK,LG,D
14:16:50,INDF,RG,6175,5,D,AK,LG,D
14:16:50,INDF,RG,6175,6,D,AK,LG,D
14:16:50,INDF,RG,6175,10,D,AK,LG,D
14:16:50,INDF,RG,6175,4,D,AK,LG,D
14:16:50,INDF,RG,6175,7,D,AK,LG,D
14:16:50,INDF,RG,6175,12,D,AK,LG,D
14:16:49,INDF,RG,6175,2,D,AK,LG,D
14:16:49,INDF,RG,6175,10,D,AK,LG,D
14:16:49,INDF,RG,6175,19,D,AK,LG,D
14:16:49,INDF,RG,6175,20,D,AK,LG,D
14:16:49,INDF,RG,6175,38,D,AK,LG,D
14:16:49,INDF,RG,6175,13,D,AK,LG,D
14:16:49,INDF,RG,6175,27,D,AK,LG,D
14:16:49,INDF,RG,6175,1,D,AK,LG,D
14:16:49,INDF,RG,6175,44,D,AK,LG,D
14:16:48,INDF,RG,6150,2,F,ZP,YP,D
14:16:48,INDF,RG,6150,2,F,ZP,GR,D
14:16:48,INDF,RG,6150,8,F,ZP,DH,D
14:16:48,INDF,RG,6150,20,F,ZP,BB,D
14:16:48,INDF,RG,6150,20,F,ZP,SQ,D
14:16:48,INDF,RG,6150,1,F,ZP,XC,D
14:16:48,INDF,RG,6150,27,F,ZP,LG,D
14:16:48,INDF,RG,6150,122,F,ZP,LG,D
14:16:48,INDF,RG,6150,286,F,ZP,AK,F
14:16:46,INDF,RG,6125,1,D,YJ,XC,D
14:16:44,INDF,RG,6150,1,D,AK,AK,F
14:16:43,INDF,RG,6150,1,D,AK,AK,F
14:16:43,INDF,RG,6150,1,D,AK,AK,F
14:16:43,INDF,RG,6150,1,D,AK,AK,F
14:16:42,INDF,RG,6150,8,D,LG,AK,F
14:16:15,INDF,RG,6125,1,D,YJ,AK,F
14:16:07,INDF,RG,6150,1,D,AK,AK,F
14:16:06,INDF,RG,6150,1,D,GR,AK,F
14:15:58,INDF,RG,6125,3,D,YJ,DR,D
14:15:25,INDF,RG,6150,1,D,AK,AK,F
14:15:24,INDF,RG,6150,1,D,AK,AK,F
14:15:24,INDF,RG,6150,1,D,AK,AK,F
14:15:23,INDF,RG,6150,1,D,AK,AK,F
14:15:23,INDF,RG,6150,1,D,AK,AK,F
14:15:22,INDF,RG,6150,6,F,ZP,AK,F
14:14:48,INDF,RG,6150,1,D,AK,AK,F
14:14:47,INDF,RG,6150,1,D,AK,AK,F
14:14:47,INDF,RG,6150,1,D,AK,AK,F
14:14:47,INDF,RG,6150,1,D,AK,AK,F
14:14:46,INDF,RG,6150,1,D,AK,AK,F
14:14:46,INDF,RG,6150,1,D,AK,AK,F
14:14:46,INDF,RG,6150,2,D,AK,AK,F
14:14:46,INDF,RG,6150,2,D,AK,AK,F
14:14:46,INDF,RG,6150,3,D,AK,AK,F
14:14:46,INDF,RG,6150,3,D,AK,AK,F
14:14:46,INDF,RG,6150,3,D,AK,AK,F
14:14:45,INDF,RG,6125,34,D,YJ,AK,F
14:14:28,INDF,RG,6150,1,D,AK,AK,F
14:14:28,INDF,RG,6150,1,D,AK,AK,F
14:14:28,INDF,RG,6150,1,D,AK,AK,F
14:14:28,INDF,RG,6150,2,D,AK,AK,F
14:14:28,INDF,RG,6150,2,D,AK,AK,F
14:14:28,INDF,RG,6150,2,D,AK,AK,F
14:14:27,INDF,RG,6150,1,D,AK,AK,F
14:14:27,INDF,RG,6150,3,D,AK,AK,F
14:14:27,INDF,RG,6150,3,D,AK,AK,F
14:14:27,INDF,RG,6150,6,D,AK,AK,F
14:14:27,INDF,RG,6150,6,D,AK,AK,F
14:14:27,INDF,RG,6150,7,D,AK,AK,F
14:14:26,INDF,RG,6150,10,F,ZP,AK,F
14:14:26,INDF,RG,6150,4,F,ZP,BB,D
14:14:26,INDF,RG,6150,64,F,ZP,CC,D
14:13:54,INDF,RG,6150,1,D,AK,CC,D
14:13:53,INDF,RG,6150,1,D,AK,CC,D
14:13:53,INDF,RG,6150,1,D,AK,CC,D
14:13:52,INDF,RG,6150,1,D,AK,CC,D
14:13:52,INDF,RG,6150,1,D,AK,CC,D
14:13:52,INDF,RG,6150,1,D,AK,CC,D
14:13:52,INDF,RG,6150,2,D,AK,CC,D
14:13:52,INDF,RG,6150,1,D,AK,CC,D
14:13:52,INDF,RG,6150,1,D,AK,CC,D
14:13:51,INDF,RG,6150,1,D,AK,CC,D
14:13:51,INDF,RG,6150,2,D,AK,CC,D
14:13:51,INDF,RG,6150,3,D,AK,CC,D
14:13:51,INDF,RG,6150,5,D,AK,CC,D
14:13:51,INDF,RG,6150,5,D,AK,CC,D
14:13:51,INDF,RG,6150,5,D,AK,CC,D
14:13:50,INDF,RG,6150,62,F,ZP,CC,D
14:13:45,INDF,RG,6125,1,D,YJ,AK,F
14:13:45,INDF,RG,6150,1,D,AK,CC,D
14:13:44,INDF,RG,6150,1,D,AK,CC,D
14:13:43,INDF,RG,6150,1,D,AK,CC,D
14:13:43,INDF,RG,6150,1,D,AK,CC,D
14:13:43,INDF,RG,6150,1,D,AK,CC,D
14:13:43,INDF,RG,6150,1,D,AK,CC,D
14:13:43,INDF,RG,6150,1,D,AK,CC,D
14:13:42,INDF,RG,6125,8,D,YJ,PD,D
14:13:24,INDF,RG,6125,1,D,YJ,XC,D
14:13:19,INDF,RG,6150,1,D,NI,CC,D
14:13:19,INDF,RG,6150,2,D,PD,CC,D
14:12:24,INDF,RG,6150,1,D,AK,CC,D
14:12:23,INDF,RG,6150,1,D,AK,CC,D
14:12:23,INDF,RG,6150,1,D,AK,CC,D
14:12:23,INDF,RG,6150,1,D,AK,CC,D
14:12:23,INDF,RG,6150,1,D,AK,CC,D
14:12:22,INDF,RG,6150,1,D,AK,CC,D
14:12:22,INDF,RG,6150,1,D,AK,CC,D
14:12:22,INDF,RG,6150,2,D,AK,CC,D
14:12:22,INDF,RG,6150,2,D,AK,CC,D
14:12:22,INDF,RG,6150,2,D,AK,CC,D
14:12:20,INDF,RG,6125,22,D,YJ,PD,D
14:12:20,INDF,RG,6150,2,D,PD,CC,D
14:12:08,INDF,RG,6150,1,D,AK,CC,D
14:12:08,INDF,RG,6150,1,D,AK,CC,D
14:12:08,INDF,RG,6150,1,D,AK,CC,D
14:12:08,INDF,RG,6150,2,D,AK,CC,D
14:12:06,INDF,RG,6150,13,D,CC,CC,D
14:11:53,INDF,RG,6150,1,D,AK,CC,D
14:11:52,INDF,RG,6150,1,D,AK,CC,D
14:11:51,INDF,RG,6150,1,D,AK,CC,D
14:11:51,INDF,RG,6150,1,D,AK,CC,D
14:11:51,INDF,RG,6150,1,D,AK,CC,D
14:11:50,INDF,RG,6150,2,D,AK,DH,D
14:11:50,INDF,RG,6150,1,D,AK,DH,D
14:11:50,INDF,RG,6150,3,D,AK,DH,D
14:11:50,INDF,RG,6150,3,D,AK,DH,D
14:11:50,INDF,RG,6150,3,D,AK,DH,D
14:11:49,INDF,RG,6150,28,D,AZ,DH,D
14:11:49,INDF,RG,6150,6,D,AZ,XC,D
14:11:34,INDF,RG,6150,1,D,AK,XC,D
14:11:33,INDF,RG,6150,1,D,AK,XC,D
14:11:32,INDF,RG,6150,1,D,AK,PD,D
14:11:32,INDF,RG,6150,1,D,AK,DR,D
14:11:32,INDF,RG,6150,1,D,AK,DR,D
14:11:31,INDF,RG,6150,1,D,AK,DR,D
14:11:31,INDF,RG,6150,2,D,AK,DR,D
14:11:31,INDF,RG,6150,2,D,AK,DR,D
14:11:31,INDF,RG,6150,3,D,AK,DR,D
14:11:31,INDF,RG,6150,3,D,AK,DR,D
14:11:31,INDF,RG,6150,4,D,AK,DR,D
14:11:30,INDF,RG,6125,36,D,YJ,AK,F
14:11:15,INDF,RG,6125,1,D,YJ,AK,F
14:10:24,INDF,RG,6125,1,D,YJ,XC,D
14:10:22,INDF,RG,6150,1,D,AK,DR,D
14:10:22,INDF,RG,6150,1,D,AK,DR,D
14:10:21,INDF,RG,6150,1,D,AK,DR,D
14:10:21,INDF,RG,6150,1,D,AK,BB,D
14:10:21,INDF,RG,6150,1,D,AK,LG,D
14:10:21,INDF,RG,6150,2,D,AK,LG,D
14:10:21,INDF,RG,6150,3,D,AK,LG,D
14:10:19,INDF,RG,6150,3,D,IH,LG,D
14:10:19,INDF,RG,6150,22,D,IH,LG,D
14:09:32,INDF,RG,6150,1,D,AK,LG,D
14:09:31,INDF,RG,6150,1,D,AK,LG,D
14:09:30,INDF,RG,6150,1,D,AK,LG,D
14:09:30,INDF,RG,6150,1,D,AK,LG,D
14:09:30,INDF,RG,6150,1,D,AK,LG,D
14:09:30,INDF,RG,6150,1,D,AK,LG,D
14:09:30,INDF,RG,6150,1,D,AK,LG,D
14:09:30,INDF,RG,6150,2,D,AK,LG,D
14:09:29,INDF,RG,6150,1,D,AK,LG,D
14:09:29,INDF,RG,6150,2,D,AK,LG,D
14:09:29,INDF,RG,6150,2,D,AK,LG,D
14:09:29,INDF,RG,6150,4,D,AK,LG,D
14:09:29,INDF,RG,6150,4,D,AK,DR,D
14:09:29,INDF,RG,6150,4,D,AK,DR,D
14:09:27,INDF,RG,6150,13,F,ZP,DR,D
14:09:27,INDF,RG,6150,10,F,ZP,BB,D
14:09:27,INDF,RG,6150,14,F,ZP,LG,D
14:09:27,INDF,RG,6150,15,F,ZP,LG,D
14:09:20,INDF,RG,6150,1,D,AK,LG,D
14:09:19,INDF,RG,6125,2,D,YJ,BQ,D
14:09:07,INDF,RG,6150,1,D,AK,LG,D
14:09:07,INDF,RG,6150,1,D,AK,LG,D
14:09:06,INDF,RG,6150,1,D,AK,LG,D
14:09:06,INDF,RG,6150,1,D,AK,LG,D
14:09:06,INDF,RG,6150,1,D,AK,LG,D
14:09:06,INDF,RG,6150,1,D,AK,LG,D
14:09:06,INDF,RG,6150,1,D,AK,LG,D
14:09:05,INDF,RG,6150,1,D,AK,LG,D
14:09:05,INDF,RG,6150,2,D,AK,LG,D
14:09:05,INDF,RG,6150,2,D,AK,LG,D
14:09:05,INDF,RG,6150,3,D,AK,LG,D
14:09:05,INDF,RG,6150,3,D,AK,LG,D
14:09:05,INDF,RG,6150,4,D,AK,LG,D
14:09:04,INDF,RG,6150,1,D,AK,LG,D
14:09:04,INDF,RG,6150,4,D,AK,LG,D
14:09:04,INDF,RG,6150,6,D,AK,LG,D
14:09:04,INDF,RG,6150,6,D,AK,LG,D
14:09:04,INDF,RG,6150,5,D,AK,LG,D
14:09:04,INDF,RG,6150,8,D,AK,NI,D
14:09:04,INDF,RG,6150,1,D,AK,NI,D
14:09:04,INDF,RG,6150,2,D,AK,XC,D
14:09:04,INDF,RG,6150,11,D,AK,CC,D
14:09:04,INDF,RG,6150,15,D,AK,CC,D
14:09:02,INDF,RG,6125,162,D,YJ,YP,D
14:08:51,INDF,RG,6150,1,D,AK,CC,D
14:08:51,INDF,RG,6150,1,D,AK,CC,D
14:08:50,INDF,RG,6125,6,D,YJ,BB,D
14:08:15,INDF,RG,6125,1,D,YJ,AK,F
14:07:59,INDF,RG,6150,1,D,AK,CC,D
14:07:59,INDF,RG,6150,1,D,AK,CC,D
14:07:58,INDF,RG,6150,1,D,YP,CC,D
14:07:56,INDF,RG,6150,1,D,AK,CC,D
14:07:56,INDF,RG,6150,1,D,AK,CC,D
14:07:56,INDF,RG,6150,1,D,AK,CC,D
14:07:55,INDF,RG,6150,1,D,AK,CC,D
14:07:55,INDF,RG,6150,1,D,AK,CC,D
14:07:55,INDF,RG,6150,2,D,AK,CC,D
14:07:55,INDF,RG,6150,3,D,AK,CC,D
14:07:55,INDF,RG,6150,2,D,AK,CC,D
14:07:55,INDF,RG,6150,3,D,AK,CC,D
14:07:54,INDF,RG,6150,2,D,AK,CC,D
14:07:54,INDF,RG,6150,4,D,AK,CC,D
14:07:54,INDF,RG,6150,4,D,AK,CC,D
14:07:54,INDF,RG,6150,8,D,AK,CC,D
14:07:54,INDF,RG,6150,9,D,AK,CC,D
14:07:54,INDF,RG,6150,10,D,AK,CC,D
14:07:52,INDF,RG,6150,100,D,YP,CC,D
14:07:52,INDF,RG,6125,8,D,YJ,PD,D
14:07:44,INDF,RG,6150,1,D,AK,CC,D
14:07:43,INDF,RG,6125,6,D,YJ,BB,D
14:07:36,INDF,RG,6150,1,D,AK,CC,D
14:07:36,INDF,RG,6150,1,D,AK,CC,D
14:07:35,INDF,RG,6150,1,D,KK,CC,D
14:07:33,INDF,RG,6150,1,D,AK,CC,D
14:07:32,INDF,RG,6150,1,D,AK,CC,D
14:07:32,INDF,RG,6150,1,D,AK,CC,D
14:07:32,INDF,RG,6150,1,D,AK,CC,D
14:07:32,INDF,RG,6150,1,D,AK,CC,D
14:07:32,INDF,RG,6150,1,D,AK,CC,D
14:07:32,INDF,RG,6150,1,D,AK,CC,D
14:07:32,INDF,RG,6150,1,D,AK,CC,D
14:07:32,INDF,RG,6150,2,D,AK,CC,D
14:07:32,INDF,RG,6150,2,D,AK,CC,D
14:07:32,INDF,RG,6150,4,D,AK,CC,D
14:07:32,INDF,RG,6150,3,D,AK,CC,D
14:07:32,INDF,RG,6150,1,D,AK,PD,D
14:07:32,INDF,RG,6150,4,D,AK,PD,D
14:07:31,INDF,RG,6150,1,D,NI,CC,D
14:07:30,INDF,RG,6125,43,D,YJ,AK,F
14:07:21,INDF,RG,6150,1,D,AK,YP,D
14:07:21,INDF,RG,6150,4,D,AZ,YP,D
14:07:07,INDF,RG,6150,1,D,NI,YP,D
14:07:01,INDF,RG,6150,1,D,XL,YP,D
14:06:57,INDF,RG,6150,2,D,ZP,YP,D
14:06:43,INDF,RG,6150,1,D,AK,YP,D
14:06:42,INDF,RG,6150,1,D,AK,YP,D
14:06:41,INDF,RG,6125,2,D,YJ,BQ,D
14:06:37,INDF,RG,6150,1,D,AK,YP,D
14:06:37,INDF,RG,6125,1,D,YJ,BB,D
14:06:32,INDF,RG,6150,1,D,AK,YP,D
14:06:32,INDF,RG,6150,1,D,AK,YP,D
14:06:31,INDF,RG,6150,2,D,KK,YP,D
14:05:48,INDF,RG,6150,1,D,AK,YP,D
14:05:48,INDF,RG,6150,1,D,AK,YP,D
14:05:48,INDF,RG,6150,1,D,AK,YP,D
14:05:47,INDF,RG,6150,1,D,AK,YP,D
14:05:47,INDF,RG,6150,1,D,AK,BB,D
14:05:47,INDF,RG,6150,1,D,AK,BB,D
14:05:47,INDF,RG,6150,1,D,AK,BB,D
14:05:47,INDF,RG,6150,2,D,AK,BB,D
14:05:47,INDF,RG,6150,2,D,AK,BB,D
14:05:46,INDF,RG,6125,20,D,YJ,PD,D
14:05:46,INDF,RG,6125,2,D,SQ,PD,D
14:05:41,INDF,RG,6150,1,D,AK,BB,D
14:05:40,INDF,RG,6125,5,D,SQ,DR,D
14:05:33,INDF,RG,6150,1,D,AK,BB,D
14:05:33,INDF,RG,6150,1,D,AK,BB,D
14:05:32,INDF,RG,6150,1,D,AK,BB,D
14:05:32,INDF,RG,6150,1,D,AK,BB,D
14:05:32,INDF,RG,6150,1,D,AK,BB,D
14:05:32,INDF,RG,6150,1,D,AK,BB,D
14:05:32,INDF,RG,6150,1,D,AK,BB,D
14:05:31,INDF,RG,6150,11,D,CC,BB,D
14:05:31,INDF,RG,6150,3,D,CC,SQ,D
14:05:02,INDF,RG,6150,1,D,AK,SQ,D
14:05:02,INDF,RG,6150,1,D,AK,SQ,D
14:05:01,INDF,RG,6150,5,D,PD,SQ,D
14:04:59,INDF,RG,6150,1,D,AK,SQ,D
14:04:58,INDF,RG,6150,3,D,PD,SQ,D
14:04:54,INDF,RG,6125,1,D,SQ,XL,D
14:04:20,INDF,RG,6150,1,D,AK,SQ,D
14:04:19,INDF,RG,6150,1,D,AK,SQ,D
14:04:19,INDF,RG,6150,1,D,AK,SQ,D
14:04:18,INDF,RG,6150,1,D,AK,SQ,D
14:04:18,INDF,RG,6150,1,D,AK,SQ,D
14:04:17,INDF,RG,6150,1,D,AK,SQ,D
14:04:17,INDF,RG,6150,2,D,AK,SQ,D
14:04:17,INDF,RG,6150,2,D,AK,SQ,D
14:04:17,INDF,RG,6150,2,D,AK,SQ,D
14:04:16,INDF,RG,6125,2,D,SQ,BB,D
14:04:16,INDF,RG,6125,1,D,YP,BB,D
14:04:16,INDF,RG,6125,18,D,PD,BB,D
14:04:05,INDF,RG,6150,1,D,AK,SQ,D
14:04:05,INDF,RG,6150,1,D,AK,SQ,D
14:04:05,INDF,RG,6150,1,D,AK,SQ,D
14:04:04,INDF,RG,6150,1,D,AK,SQ,D
14:04:04,INDF,RG,6150,1,D,AK,SQ,D
14:04:04,INDF,RG,6150,1,D,AK,SQ,D
14:04:04,INDF,RG,6150,2,D,AK,SQ,D
14:04:04,INDF,RG,6150,2,D,AK,SQ,D
14:04:04,INDF,RG,6150,2,D,AK,SQ,D
14:04:03,INDF,RG,6125,2,D,PD,NI,D
14:04:03,INDF,RG,6125,1,D,SQ,NI,D
14:04:03,INDF,RG,6125,10,D,KK,NI,D
14:04:03,INDF,RG,6125,7,D,NI,NI,D
14:04:03,INDF,RG,6125,5,D,YP,NI,D
14:04:03,INDF,RG,6125,1,D,YP,NI,D
14:04:00,INDF,RG,6150,1,D,AK,SQ,D
14:03:59,INDF,RG,6150,2,D,PD,SQ,D
14:03:44,INDF,RG,6150,1,D,AK,SQ,D
14:03:44,INDF,RG,6150,1,D,AK,SQ,D
14:03:43,INDF,RG,6150,2,D,PD,SQ,D
14:03:37,INDF,RG,6150,1,D,AK,SQ,D
14:03:37,INDF,RG,6150,1,D,AK,SQ,D
14:03:36,INDF,RG,6125,8,D,YP,PD,D
14:03:30,INDF,RG,6150,1,D,AK,SQ,D
14:03:29,INDF,RG,6150,1,D,AK,SQ,D
14:03:28,INDF,RG,6150,1,D,AK,SQ,D
14:03:26,INDF,RG,6125,7,D,YP,DR,D
14:02:47,INDF,RG,6150,1,D,AK,NI,D
14:02:47,INDF,RG,6150,1,D,AK,NI,D
14:02:46,INDF,RG,6150,1,D,AK,NI,D
14:02:46,INDF,RG,6150,1,D,AK,NI,D
14:02:45,INDF,RG,6150,2,D,XL,NI,D
14:02:40,INDF,RG,6125,2,D,YP,BQ,D
14:02:18,INDF,RG,6150,1,D,AK,BK,F
14:02:17,INDF,RG,6150,1,D,AK,BK,F
14:02:17,INDF,RG,6150,1,D,AK,BK,F
14:02:17,INDF,RG,6150,1,D,AK,BK,F
14:02:16,INDF,RG,6150,2,D,AK,BK,F
14:02:16,INDF,RG,6150,1,D,AK,BK,F
14:02:16,INDF,RG,6150,2,D,AK,BK,F
14:02:16,INDF,RG,6150,2,D,AK,BK,F
14:02:16,INDF,RG,6150,3,D,AK,BK,F
14:02:15,INDF,RG,6125,30,D,YP,AK,F
14:02:14,INDF,RG,6150,1,D,XC,BK,F
14:01:48,INDF,RG,6150,1,D,AK,LG,D
14:01:47,INDF,RG,6150,1,D,YP,LG,D
14:01:36,INDF,RG,6150,1,D,NI,LG,D
14:00:32,INDF,RG,6150,1,D,AK,LG,D
14:00:32,INDF,RG,6150,1,D,AK,LG,D
14:00:31,INDF,RG,6150,1,D,AK,LG,D
14:00:31,INDF,RG,6150,1,D,AK,LG,D
14:00:31,INDF,RG,6150,1,D,AK,LG,D
14:00:31,INDF,RG,6150,1,D,AK,LG,D
14:00:31,INDF,RG,6150,1,D,AK,LG,D
14:00:31,INDF,RG,6150,3,D,AK,LG,D
14:00:31,INDF,RG,6150,3,D,AK,LG,D
14:00:31,INDF,RG,6150,3,F,ZP,LG,D
14:00:31,INDF,RG,6150,28,F,ZP,LG,D
14:00:31,INDF,RG,6150,1,D,AK,LG,D
14:00:31,INDF,RG,6150,1,D,AK,LG,D
14:00:30,INDF,RG,6175,1,D,AK,LG,D
14:00:30,INDF,RG,6175,1,D,AK,LG,D
14:00:30,INDF,RG,6175,1,D,AK,LG,D
14:00:18,INDF,RG,6150,1,D,AK,AK,F
14:00:18,INDF,RG,6150,1,D,AK,AK,F
14:00:18,INDF,RG,6150,1,D,AK,AK,F
14:00:18,INDF,RG,6150,2,D,AK,AK,F
14:00:18,INDF,RG,6150,1,D,AK,AK,F
14:00:17,INDF,RG,6125,2,D,YP,BB,D
14:00:17,INDF,RG,6125,9,D,KK,BB,D
14:00:17,INDF,RG,6125,7,D,XL,BB,D
14:00:15,INDF,RG,6125,1,D,XL,EP,D
14:00:04,INDF,RG,6125,1,D,XL,AK,F
14:00:03,INDF,RG,6150,1,D,AK,AK,F
14:00:02,INDF,RG,6150,1,D,AK,AK,F
14:00:01,INDF,RG,6150,2,D,PD,AK,F
13:59:57,INDF,RG,6150,1,D,DR,AK,F
13:59:51,INDF,RG,6150,1,D,AK,AK,F
13:59:50,INDF,RG,6150,1,D,AK,AK,F
13:59:50,INDF,RG,6150,1,D,AK,AK,F
13:59:50,INDF,RG,6150,1,D,AK,AK,F
13:59:50,INDF,RG,6150,1,D,AK,AK,F
13:59:49,INDF,RG,6150,10,D,NI,AK,F
13:58:51,INDF,RG,6150,1,D,YP,AK,F
13:58:39,INDF,RG,6175,1,D,AK,LG,D
13:58:38,INDF,RG,6175,1,D,AK,LG,D
13:58:38,INDF,RG,6175,1,D,AK,LG,D
13:58:38,INDF,RG,6175,1,D,AK,LG,D
13:58:37,INDF,RG,6175,1,D,AK,LG,D
13:58:37,INDF,RG,6175,1,D,AK,LG,D
13:58:37,INDF,RG,6175,2,D,AK,LG,D
13:58:37,INDF,RG,6175,2,D,AK,LG,D
13:58:36,INDF,RG,6150,2,F,AK,GR,D
13:58:36,INDF,RG,6150,5,F,AK,PD,D
13:58:36,INDF,RG,6150,12,F,AK,LG,D
13:58:32,INDF,RG,6150,1,D,AK,LG,D
13:58:32,INDF,RG,6150,1,D,AK,LG,D
13:58:31,INDF,RG,6150,1,D,AK,LG,D
13:58:31,INDF,RG,6150,1,D,AK,LG,D
13:58:31,INDF,RG,6150,1,D,AK,LG,D
13:58:31,INDF,RG,6150,1,D,AK,LG,D
13:58:30,INDF,RG,6125,7,D,XL,PD,D
13:58:30,INDF,RG,6125,2,D,PD,PD,D
13:58:27,INDF,RG,6150,1,D,AK,LG,D
13:58:25,INDF,RG,6150,2,D,PD,LG,D
13:58:23,INDF,RG,6150,1,D,AK,LG,D
13:58:23,INDF,RG,6150,1,D,AK,LG,D
13:58:23,INDF,RG,6150,1,D,AK,LG,D
13:58:22,INDF,RG,6150,1,D,AK,LG,D
13:58:22,INDF,RG,6150,1,D,AK,LG,D
13:58:22,INDF,RG,6150,1,D,AK,LG,D
13:58:22,INDF,RG,6150,1,D,AK,LG,D
13:58:22,INDF,RG,6150,1,D,AK,LG,D
13:58:21,INDF,RG,6150,1,D,AK,LG,D
13:58:21,INDF,RG,6150,3,D,AK,LG,D
13:58:21,INDF,RG,6150,3,D,AK,LG,D
13:58:21,INDF,RG,6150,5,D,AK,LG,D
13:58:21,INDF,RG,6150,5,D,AK,LG,D
13:58:21,INDF,RG,6150,6,D,AK,LG,D
13:58:19,INDF,RG,6150,4,D,AK,LG,D
13:58:19,INDF,RG,6150,7,D,AK,LG,D
13:58:19,INDF,RG,6150,9,D,AK,LG,D
13:58:19,INDF,RG,6150,12,D,AK,LG,D
13:58:19,INDF,RG,6150,6,D,AK,LG,D
13:58:19,INDF,RG,6150,21,D,AK,LG,D
13:58:19,INDF,RG,6150,21,D,AK,LG,D
13:58:18,INDF,RG,6150,163,D,DH,LG,D
13:58:18,INDF,RG,6150,10,F,ZP,LG,D
13:58:18,INDF,RG,6150,40,D,YU,LG,D
13:58:18,INDF,RG,6150,1,D,AK,LG,D
13:58:18,INDF,RG,6150,1,D,AK,LG,D
13:58:18,INDF,RG,6150,2,D,AK,LG,D
13:58:18,INDF,RG,6150,2,D,AK,LG,D
13:58:18,INDF,RG,6150,2,D,AK,LG,D
13:58:18,INDF,RG,6150,1,D,AK,LG,D
13:58:18,INDF,RG,6150,2,D,AK,LG,D
13:58:18,INDF,RG,6150,68,F,ZP,LG,D
13:58:18,INDF,RG,6150,1,D,GR,LG,D
13:58:18,INDF,RG,6150,1,D,AK,LG,D
13:58:18,INDF,RG,6150,2,D,PD,LG,D
13:58:18,INDF,RG,6150,2,D,AK,LG,D
13:58:18,INDF,RG,6150,2,D,AK,LG,D
13:58:18,INDF,RG,6150,4,D,AK,LG,D
13:58:18,INDF,RG,6150,4,D,AK,LG,D
13:58:18,INDF,RG,6150,5,D,AK,LG,D
13:58:18,INDF,RG,6150,4,F,ZP,LG,D
13:58:04,INDF,RG,6175,1,D,AK,LG,D
13:58:04,INDF,RG,6175,1,D,AK,LG,D
13:58:04,INDF,RG,6175,1,D,AK,LG,D
13:58:03,INDF,RG,6175,1,D,AK,LG,D
13:58:03,INDF,RG,6175,1,D,AK,LG,D
13:58:01,INDF,RG,6175,1,D,AK,LG,D
13:58:01,INDF,RG,6175,1,D,AK,LG,D
13:58:01,INDF,RG,6175,1,D,AK,LG,D
13:58:01,INDF,RG,6175,2,D,AK,LG,D
13:58:01,INDF,RG,6175,2,D,AK,LG,D
13:58:01,INDF,RG,6175,3,D,AK,LG,D
13:58:00,INDF,RG,6150,25,F,ZP,AK,F
13:57:45,INDF,RG,6150,1,F,ZP,AK,F
13:57:05,INDF,RG,6175,1,D,AK,LG,D
13:57:05,INDF,RG,6175,1,D,AK,LG,D
13:57:05,INDF,RG,6175,1,D,AK,LG,D
13:57:04,INDF,RG,6175,2,D,AK,LG,D
13:57:04,INDF,RG,6175,2,D,AK,LG,D
13:57:04,INDF,RG,6175,4,D,AK,LG,D
13:57:04,INDF,RG,6175,4,D,AK,LG,D
13:57:04,INDF,RG,6175,3,D,AK,LG,D
13:57:03,INDF,RG,6150,32,F,ZP,YU,D
13:57:03,INDF,RG,6150,20,F,ZP,YU,D
13:57:03,INDF,RG,6150,1,F,ZP,YU,D
13:57:03,INDF,RG,6150,1,D,AK,YU,D
13:57:03,INDF,RG,6150,1,D,AK,YU,D
13:57:03,INDF,RG,6150,1,D,AK,YU,D
13:57:03,INDF,RG,6150,1,D,AK,YU,D
13:57:03,INDF,RG,6150,1,D,AK,YU,D
13:57:03,INDF,RG,6150,2,D,AK,YU,D
13:56:37,INDF,RG,6175,1,D,AK,LG,D
13:56:36,INDF,RG,6175,1,D,AK,LG,D
13:56:36,INDF,RG,6175,1,D,AK,LG,D
13:56:35,INDF,RG,6175,1,D,AK,LG,D
13:56:35,INDF,RG,6175,1,D,AK,LG,D
13:56:35,INDF,RG,6175,1,D,AK,LG,D
13:56:35,INDF,RG,6175,1,D,AK,LG,D
13:56:35,INDF,RG,6175,1,D,AK,LG,D
13:56:35,INDF,RG,6175,2,D,AK,LG,D
13:56:34,INDF,RG,6175,1,D,AK,LG,D
13:56:34,INDF,RG,6175,1,D,AK,LG,D
13:56:34,INDF,RG,6175,2,D,AK,LG,D
13:56:34,INDF,RG,6175,2,D,AK,LG,D
13:56:34,INDF,RG,6175,5,D,AK,LG,D
13:56:34,INDF,RG,6175,6,D,AK,LG,D
13:56:34,INDF,RG,6175,4,D,AK,LG,D
13:56:33,INDF,RG,6150,2,D,AK,CC,F
13:56:32,INDF,RG,6150,39,F,ZP,CC,F
13:56:32,INDF,RG,6150,24,F,ZP,DR,D
13:56:32,INDF,RG,6150,1,F,ZP,BB,D
13:56:32,INDF,RG,6150,4,F,ZP,XC,D
13:56:31,INDF,RG,6150,1,D,GR,PD,D
13:56:00,INDF,RG,6150,1,D,AK,CC,F
13:55:59,INDF,RG,6150,1,D,GR,CC,F
13:55:53,INDF,RG,6150,1,D,AK,BK,F
13:55:52,INDF,RG,6150,1,D,AK,BK,F
13:55:51,INDF,RG,6150,1,D,AK,BK,F
13:55:50,INDF,RG,6150,1,D,AK,BK,F
13:55:50,INDF,RG,6150,1,D,AK,BK,F
13:55:50,INDF,RG,6150,1,D,AK,BK,F
13:55:50,INDF,RG,6150,1,D,AK,BK,F
13:55:49,INDF,RG,6150,1,D,AK,BK,F
13:55:49,INDF,RG,6150,2,D,AK,BK,F
13:55:49,INDF,RG,6150,2,D,AK,BK,F
13:55:49,INDF,RG,6150,3,D,AK,BK,F
13:55:49,INDF,RG,6150,3,D,AK,BK,F
13:55:49,INDF,RG,6150,3,D,AK,BK,F
13:55:48,INDF,RG,6150,2,D,AK,BK,F
13:55:48,INDF,RG,6150,2,D,AK,BK,F
13:55:48,INDF,RG,6150,5,F,AK,BK,F
13:55:48,INDF,RG,6150,19,F,AK,BK,F
13:55:48,INDF,RG,6150,4,D,AK,BK,F
13:55:48,INDF,RG,6150,1,D,AK,BK,F
13:55:48,INDF,RG,6150,6,D,AK,BK,F
13:55:48,INDF,RG,6150,5,D,AK,BK,F
13:55:47,INDF,RG,6150,26,D,YP,BK,F
13:55:47,INDF,RG,6150,25,D,YP,DR,D
13:55:47,INDF,RG,6150,1,D,YP,BB,D
13:55:47,INDF,RG,6150,8,D,YP,CC,D
13:54:49,INDF,RG,6150,1,D,AK,CC,D
13:54:49,INDF,RG,6150,1,D,AK,CC,D
13:54:48,INDF,RG,6150,2,D,CC,CC,D
13:54:34,INDF,RG,6150,1,D,AK,CC,D
13:54:33,INDF,RG,6150,1,D,AK,CC,D
13:54:33,INDF,RG,6150,1,D,AK,CC,D
13:54:33,INDF,RG,6150,1,D,AK,CC,D
13:54:33,INDF,RG,6150,1,D,AK,CC,D
13:54:32,INDF,RG,6150,1,D,AK,CC,D
13:54:32,INDF,RG,6150,1,D,AK,CC,D
13:54:32,INDF,RG,6150,2,D,AK,CC,D
13:54:32,INDF,RG,6150,3,D,AK,CC,D
13:54:32,INDF,RG,6150,3,D,AK,CC,D
13:54:32,INDF,RG,6150,4,D,AK,CC,D
13:54:31,INDF,RG,6150,38,D,CC,CC,D
13:53:42,INDF,RG,6150,1,D,GR,CC,D
13:53:40,INDF,RG,6150,1,D,AK,CC,D
13:53:40,INDF,RG,6150,1,D,AK,CC,D
13:53:40,INDF,RG,6150,1,D,AK,CC,D
13:53:40,INDF,RG,6150,2,D,AK,CC,D
13:53:40,INDF,RG,6150,2,D,AK,CC,D
13:53:39,INDF,RG,6150,1,D,AK,CC,D
13:53:39,INDF,RG,6150,2,D,AK,CC,D
13:53:39,INDF,RG,6150,2,D,AK,CC,D
13:53:39,INDF,RG,6150,4,D,AK,CC,D
13:53:39,INDF,RG,6150,4,D,AK,CC,D
13:53:39,INDF,RG,6150,4,D,AK,CC,D
13:53:38,INDF,RG,6125,3,D,PD,PD,D
13:53:38,INDF,RG,6125,10,D,CC,PD,D
13:53:38,INDF,RG,6125,5,D,PD,PD,D
13:53:38,INDF,RG,6125,1,D,AT,PD,D
13:53:38,INDF,RG,6125,15,D,HP,PD,D
13:53:38,INDF,RG,6125,10,D,AO,PD,D
13:53:38,INDF,RG,6150,1,D,AK,CC,D
13:53:38,INDF,RG,6150,2,D,AK,CC,D
13:53:38,INDF,RG,6150,1,D,AK,CC,D
13:53:38,INDF,RG,6150,2,D,AK,CC,D
13:53:37,INDF,RG,6150,4,D,AK,CC,D
13:53:37,INDF,RG,6150,5,D,AK,CC,D
13:53:37,INDF,RG,6150,5,D,AK,CC,D
13:53:37,INDF,RG,6150,6,D,AK,CC,D
13:53:37,INDF,RG,6150,9,D,AK,CC,D
13:53:36,INDF,RG,6150,76,F,ZP,CC,D
13:53:36,INDF,RG,6150,34,F,ZP,CC,D
13:53:23,INDF,RG,6150,2,D,AK,CC,D
13:53:22,INDF,RG,6150,1,D,AK,AK,F
13:53:22,INDF,RG,6150,5,D,AK,AK,F
13:53:22,INDF,RG,6150,3,D,AK,AK,F
13:53:22,INDF,RG,6150,10,D,AK,AK,F
13:53:22,INDF,RG,6150,8,D,AK,AK,F
13:53:22,INDF,RG,6150,9,D,AK,AK,F
13:53:22,INDF,RG,6150,7,D,AK,AK,F
13:53:21,INDF,RG,6150,1,D,AK,AK,F
13:53:21,INDF,RG,6150,5,D,AK,AK,F
13:53:21,INDF,RG,6150,3,D,AK,AK,F
13:53:21,INDF,RG,6150,8,D,AK,AK,F
13:53:21,INDF,RG,6150,8,D,AK,AK,F
13:53:21,INDF,RG,6150,7,D,AK,AK,F
13:53:21,INDF,RG,6175,1,D,AK,CC,D
13:53:21,INDF,RG,6150,2,D,AK,AK,F
13:53:21,INDF,RG,6150,1,D,AK,AK,F
13:53:21,INDF,RG,6150,20,D,YP,AK,F
13:53:21,INDF,RG,6150,3,D,AK,AK,F
13:53:21,INDF,RG,6150,1,D,AK,AK,F
13:53:21,INDF,RG,6150,97,F,ZP,AK,F
13:53:21,INDF,RG,6150,1,D,CC,AK,F
13:53:21,INDF,RG,6150,17,D,KK,AK,F
13:53:21,INDF,RG,6150,6,D,PD,AK,F
13:53:21,INDF,RG,6150,2,F,ZP,AK,F
13:53:20,INDF,RG,6150,70,F,ZP,AK,F
13:53:20,INDF,RG,6150,1,D,AK,AK,F
13:53:20,INDF,RG,6150,3,D,AK,AK,F
13:53:20,INDF,RG,6150,7,D,AK,AK,F
13:53:20,INDF,RG,6150,1,D,AK,AK,F
13:53:20,INDF,RG,6150,8,D,AK,AK,F
13:53:20,INDF,RG,6150,10,F,ZP,AK,F
13:53:20,INDF,RG,6150,98,F,ZP,YJ,D
13:53:20,INDF,RG,6150,5,D,IF,YJ,D
13:53:20,INDF,RG,6150,2,D,PD,YJ,D
13:53:20,INDF,RG,6150,1,D,XC,YJ,D
13:53:20,INDF,RG,6150,7,D,NI,YJ,D
13:53:20,INDF,RG,6150,1,D,NI,YJ,D
13:53:20,INDF,RG,6150,4,D,PD,YJ,D
13:53:20,INDF,RG,6150,1,D,XC,YJ,D
13:53:20,INDF,RG,6150,2,D,IF,YJ,D
13:53:20,INDF,RG,6150,41,D,AK,YJ,D
13:53:20,INDF,RG,6150,16,D,AK,YJ,D
13:53:20,INDF,RG,6150,81,D,AK,YJ,D
13:53:20,INDF,RG,6150,96,D,AK,YJ,D
13:53:20,INDF,RG,6150,1,D,YP,YJ,D
13:53:20,INDF,RG,6150,10,D,YP,YJ,D
13:53:20,INDF,RG,6150,86,D,AK,YJ,D
13:53:20,INDF,RG,6150,440,D,RO,YJ,D
13:53:20,INDF,RG,6150,50,D,IH,YJ,D
13:53:20,INDF,RG,6150,1,D,XC,YJ,D
13:53:20,INDF,RG,6150,8,F,ZP,YJ,D
13:53:20,INDF,RG,6150,5,D,PC,YJ,D
13:53:20,INDF,RG,6150,1,D,DR,YJ,D
13:53:20,INDF,RG,6150,26,F,ZP,YJ,D
13:53:20,INDF,RG,6150,17,F,ZP,YJ,D
13:53:04,INDF,RG,6175,1,D,AK,CC,D
13:53:03,INDF,RG,6175,1,D,AK,CC,D
13:53:02,INDF,RG,6150,2,F,ZP,PD,D
13:52:57,INDF,RG,6150,1,F,ZP,NI,D
13:52:36,INDF,RG,6175,1,D,AK,CC,D
13:52:36,INDF,RG,6175,1,D,AK,CC,D
13:52:36,INDF,RG,6175,1,D,AK,CC,D
13:52:36,INDF,RG,6175,1,D,AK,CC,D
13:52:35,INDF,RG,6175,2,D,AK,CC,D
13:52:35,INDF,RG,6175,4,D,AK,CC,D
13:52:35,INDF,RG,6175,4,D,AK,CC,D
13:52:35,INDF,RG,6175,4,D,AK,CC,D
13:52:34,INDF,RG,6175,1,D,AK,CC,D
13:52:34,INDF,RG,6175,8,D,AK,CC,D
13:52:34,INDF,RG,6175,17,D,AK,CC,D
13:52:34,INDF,RG,6175,17,D,AK,CC,D
13:52:34,INDF,RG,6175,1,D,AK,PD,D
13:52:34,INDF,RG,6175,21,D,AK,PD,D
13:52:33,INDF,RG,6150,32,F,ZP,PD,D
13:52:33,INDF,RG,6150,49,F,ZP,PD,D
13:52:33,INDF,RG,6150,1,D,PD,PD,D
13:52:33,INDF,RG,6150,145,F,ZP,PD,D
13:52:21,INDF,RG,6175,1,D,AK,PD,D
13:52:20,INDF,RG,6175,1,D,AK,PD,D
13:52:20,INDF,RG,6175,1,D,AK,PD,D
13:52:19,INDF,RG,6175,1,D,AK,PD,D
13:52:18,INDF,RG,6175,2,D,XC,PD,D
13:52:02,INDF,RG,6175,2,D,AK,PD,D
13:52:02,INDF,RG,6175,3,D,AK,PD,D
13:52:02,INDF,RG,6175,3,D,AK,PD,D
13:52:02,INDF,RG,6175,3,D,AK,PD,D
13:52:01,INDF,RG,6175,6,D,AK,PD,D
13:52:01,INDF,RG,6175,14,D,AK,PD,D
13:52:01,INDF,RG,6175,15,D,AK,PD,D
13:52:01,INDF,RG,6175,18,D,AK,PD,D
13:52:00,INDF,RG,6150,29,F,ZP,CC,D
13:52:00,INDF,RG,6150,1,D,AK,CC,D
13:52:00,INDF,RG,6150,19,D,AK,CC,D
13:52:00,INDF,RG,6150,37,D,AK,CC,D
13:52:00,INDF,RG,6150,1,D,AK,CC,D
13:52:00,INDF,RG,6150,1,D,AK,CC,D
13:52:00,INDF,RG,6150,2,D,AK,CC,D
13:52:00,INDF,RG,6150,1,D,AK,CC,D
13:52:00,INDF,RG,6150,2,D,AK,CC,D
13:52:00,INDF,RG,6150,1,D,AK,CC,D
13:52:00,INDF,RG,6150,1,D,CC,CC,D
13:52:00,INDF,RG,6150,5,D,CC,CC,D
13:52:00,INDF,RG,6150,31,F,ZP,CC,D
13:52:00,INDF,RG,6150,1,D,XL,CC,D
13:52:00,INDF,RG,6150,65,D,CC,CC,D
13:52:00,INDF,RG,6150,9,D,DH,CC,D
13:51:50,INDF,RG,6175,1,D,AK,PD,D
13:51:49,INDF,RG,6175,1,D,AK,PD,D
13:51:49,INDF,RG,6175,1,D,AK,PD,D
13:51:48,INDF,RG,6175,1,D,AK,PD,D
13:51:47,INDF,RG,6150,2,D,DH,DR,D
13:51:45,INDF,RG,6175,1,D,AK,PD,D
13:51:44,INDF,RG,6150,3,D,DH,PD,D
13:51:43,INDF,RG,6175,1,D,AK,PD,D
13:51:43,INDF,RG,6175,1,D,AK,PD,D
13:51:43,INDF,RG,6175,1,D,AK,PD,D
13:51:42,INDF,RG,6175,1,D,AK,PD,D
13:51:42,INDF,RG,6175,2,D,AK,PD,D
13:51:42,INDF,RG,6175,1,D,AK,PD,D
13:51:42,INDF,RG,6175,1,D,AK,PD,D
13:51:41,INDF,RG,6175,1,D,AK,PD,D
13:51:41,INDF,RG,6175,1,D,AK,PD,D
13:51:41,INDF,RG,6175,2,D,AK,PD,D
13:51:41,INDF,RG,6175,3,D,AK,PD,D
13:51:41,INDF,RG,6175,4,D,AK,PD,D
13:51:41,INDF,RG,6175,4,D,AK,PD,D
13:51:41,INDF,RG,6175,5,D,AK,PD,D
13:51:40,INDF,RG,6175,4,D,AK,PD,D
13:51:40,INDF,RG,6175,7,D,AK,PD,D
13:51:40,INDF,RG,6175,8,D,AK,PD,D
13:51:40,INDF,RG,6175,15,D,AK,PD,D
13:51:40,INDF,RG,6175,16,D,AK,PD,D
13:51:40,INDF,RG,6175,18,D,AK,PD,D
13:51:38,INDF,RG,6150,36,D,DH,AK,F
13:51:38,INDF,RG,6150,1,D,YP,AK,F
13:51:38,INDF,RG,6150,1,D,YP,AK,F
13:51:38,INDF,RG,6150,1,D,YP,AK,F
13:51:38,INDF,RG,6150,2,D,YP,AK,F
13:51:38,INDF,RG,6150,50,D,YP,AK,F
13:51:38,INDF,RG,6150,5,D,YP,AK,F
13:51:38,INDF,RG,6150,50,D,YP,AK,F
13:51:38,INDF,RG,6150,2,D,CC,AK,F
13:51:38,INDF,RG,6150,5,D,XL,AK,F
13:51:38,INDF,RG,6150,2,D,XC,AK,F
13:51:38,INDF,RG,6150,2,D,XC,AK,F
13:51:38,INDF,RG,6150,3,D,XC,AK,F
13:51:38,INDF,RG,6150,17,D,PD,AK,F
13:51:38,INDF,RG,6150,4,D,XC,AK,F
13:51:38,INDF,RG,6150,16,D,XC,AK,F
13:51:35,INDF,RG,6175,1,D,AK,PD,D
13:51:34,INDF,RG,6175,1,D,AK,PD,D
13:51:34,INDF,RG,6175,1,D,AK,PD,D
13:51:34,INDF,RG,6175,1,D,AK,PD,D
13:51:33,INDF,RG,6150,8,D,XC,PD,D
13:51:20,INDF,RG,6150,1,D,XC,NI,D
13:51:14,INDF,RG,6175,1,D,YP,PD,D
13:51:10,INDF,RG,6175,1,D,AK,PD,D
13:51:09,INDF,RG,6175,1,D,AK,PD,D
13:51:08,INDF,RG,6175,1,D,AK,PD,D
13:51:06,INDF,RG,6150,1,D,XC,CC,D
13:50:19,INDF,RG,6150,1,D,XC,CC,D
13:49:01,INDF,RG,6175,1,D,AK,PD,D
13:49:01,INDF,RG,6175,1,D,AK,PD,D
13:49:00,INDF,RG,6175,5,D,CC,PD,D
13:48:52,INDF,RG,6175,1,D,AK,PD,D
13:48:52,INDF,RG,6175,1,D,AK,PD,D
13:48:52,INDF,RG,6175,1,D,AK,PD,D
13:48:52,INDF,RG,6175,1,D,AK,PD,D
13:48:52,INDF,RG,6175,1,D,AK,PD,D
13:48:52,INDF,RG,6175,1,D,AK,PD,D
13:48:51,INDF,RG,6175,1,D,AK,PD,D
13:48:50,INDF,RG,6150,15,D,XC,DR,D
13:47:46,INDF,RG,6175,1,D,KK,PD,D
13:47:37,INDF,RG,6175,1,D,AK,PD,D
13:47:36,INDF,RG,6175,1,D,AK,PD,D
13:47:36,INDF,RG,6175,1,D,AK,PD,D
13:47:36,INDF,RG,6175,1,D,AK,PD,D
13:47:35,INDF,RG,6150,10,D,XC,PD,D
13:47:17,INDF,RG,6175,1,D,AK,PD,D
13:47:16,INDF,RG,6175,1,D,AK,PD,D
13:47:15,INDF,RG,6175,1,D,XC,PD,D
13:47:07,INDF,RG,6175,1,D,AK,PD,D
13:47:06,INDF,RG,6175,1,D,AK,PD,D
13:47:05,INDF,RG,6150,1,D,XC,XC,D
13:46:37,INDF,RG,6175,1,D,CC,PD,D
13:46:36,INDF,RG,6175,1,D,AK,PD,D
13:46:36,INDF,RG,6150,4,D,XC,SQ,D
13:46:32,INDF,RG,6175,1,D,AK,AK,F
13:46:31,INDF,RG,6175,1,D,AK,AK,F
13:46:31,INDF,RG,6175,1,D,AK,AK,F
13:46:30,INDF,RG,6175,1,D,AK,AK,F
13:46:30,INDF,RG,6175,1,D,AK,AK,F
13:46:30,INDF,RG,6175,2,D,AK,AK,F
13:46:30,INDF,RG,6175,1,D,AK,AK,F
13:46:30,INDF,RG,6175,1,D,AK,AK,F
13:46:29,INDF,RG,6150,17,D,XC,XA,D
13:46:23,INDF,RG,6175,1,D,AK,AK,F
13:46:23,INDF,RG,6175,1,D,AK,AK,F
13:46:23,INDF,RG,6175,1,D,AK,AK,F
13:46:22,INDF,RG,6150,9,D,XC,PD,D
13:46:05,INDF,RG,6175,1,D,AK,AK,F
13:46:04,INDF,RG,6175,1,D,AK,AK,F
13:46:04,INDF,RG,6175,1,D,AK,AK,F
13:46:03,INDF,RG,6175,1,D,AK,AK,F
13:46:03,INDF,RG,6175,1,D,AK,AK,F
13:46:03,INDF,RG,6175,2,D,AK,AK,F
13:46:03,INDF,RG,6175,2,D,AK,AK,F
13:46:02,INDF,RG,6175,1,D,AK,AK,F
13:46:02,INDF,RG,6175,1,D,AK,AK,F
13:46:02,INDF,RG,6175,3,D,AK,AK,F
13:46:02,INDF,RG,6175,2,D,AK,AK,F
13:46:02,INDF,RG,6175,4,D,AK,AK,F
13:46:02,INDF,RG,6175,4,D,AK,AK,F
13:46:02,INDF,RG,6175,4,D,AK,AK,F
13:46:01,INDF,RG,6175,4,D,AK,AK,F
13:46:01,INDF,RG,6175,7,D,AK,AK,F
13:46:01,INDF,RG,6175,2,D,AK,AK,F
13:46:01,INDF,RG,6175,6,D,AK,BB,D
13:46:01,INDF,RG,6175,17,D,AK,BB,D
13:46:01,INDF,RG,6175,19,D,AK,BB,D
13:46:01,INDF,RG,6175,15,D,AK,BB,D
13:46:00,INDF,RG,6150,5,D,XC,CC,D
13:46:00,INDF,RG,6150,1,D,XC,CC,D
13:46:00,INDF,RG,6150,10,D,CC,CC,D
13:46:00,INDF,RG,6150,5,D,PD,CC,D
13:46:00,INDF,RG,6150,4,D,DR,CC,D
13:46:00,INDF,RG,6150,50,D,KK,CC,D
13:46:00,INDF,RG,6150,1,D,PD,CC,D
13:46:00,INDF,RG,6150,4,D,KK,CC,D
13:46:00,INDF,RG,6150,10,D,PD,CC,D
13:46:00,INDF,RG,6150,1,D,PD,CC,D
13:46:00,INDF,RG,6150,10,D,PD,CC,D
13:46:00,INDF,RG,6150,15,D,DH,CC,D
13:46:00,INDF,RG,6150,1,D,PD,CC,D
13:46:00,INDF,RG,6150,3,D,KK,CC,D
13:46:00,INDF,RG,6150,1,D,NI,CC,D
13:46:00,INDF,RG,6150,79,D,CC,CC,D
13:45:50,INDF,RG,6175,1,D,AK,BB,D
13:45:49,INDF,RG,6175,1,D,AK,BB,D
13:45:48,INDF,RG,6150,3,D,CC,XL,D
13:45:04,INDF,RG,6175,1,D,AK,BB,D
13:45:04,INDF,RG,6175,1,D,AK,BB,D
13:45:03,INDF,RG,6175,1,D,AK,BB,D
13:45:03,INDF,RG,6175,1,D,AK,BB,D
13:45:02,INDF,RG,6175,1,D,AK,BB,D
13:45:02,INDF,RG,6175,1,D,AK,BB,D
13:45:02,INDF,RG,6175,1,D,AK,BB,D
13:45:02,INDF,RG,6175,1,D,AK,BB,D
13:45:02,INDF,RG,6175,1,D,AK,BB,D
13:45:01,INDF,RG,6150,15,D,CC,NI,D
13:43:26,INDF,RG,6175,1,D,PD,BB,D
13:43:08,INDF,RG,6175,1,D,AK,BB,D
13:43:07,INDF,RG,6175,1,D,AK,BB,D
13:43:07,INDF,RG,6175,1,D,AK,BB,D
13:43:07,INDF,RG,6175,1,D,AK,BB,D
13:43:07,INDF,RG,6175,1,D,AK,BB,D
13:43:06,INDF,RG,6150,3,D,CC,PD,D
13:43:06,INDF,RG,6150,7,D,DR,PD,D
13:42:42,INDF,RG,6175,1,D,AK,BB,D
13:42:41,INDF,RG,6175,1,D,AK,BB,D
13:42:41,INDF,RG,6175,1,D,AK,BB,D
13:42:41,INDF,RG,6175,1,D,AK,BB,D
13:42:41,INDF,RG,6175,2,D,AK,BB,D
13:42:41,INDF,RG,6175,1,D,AK,BB,D
13:42:41,INDF,RG,6175,2,D,AK,BB,D
13:42:40,INDF,RG,6150,22,D,DR,PD,D
13:42:22,INDF,RG,6175,1,D,AK,BB,D
13:42:22,INDF,RG,6175,1,D,AK,BB,D
13:42:21,INDF,RG,6175,1,D,AK,BB,D
13:42:21,INDF,RG,6175,1,D,AK,BB,D
13:42:20,INDF,RG,6175,1,D,AK,BB,D
13:42:20,INDF,RG,6175,1,D,AK,BB,D
13:42:20,INDF,RG,6175,1,D,AK,BB,D
13:42:20,INDF,RG,6175,2,D,AK,BB,D
13:42:20,INDF,RG,6175,2,D,AK,BB,D
13:42:19,INDF,RG,6150,22,D,DR,PD,D
13:41:25,INDF,RG,6175,1,D,AK,BB,D
13:41:24,INDF,RG,6175,1,D,AK,BB,D
13:41:23,INDF,RG,6175,1,D,AK,BB,D
13:41:23,INDF,RG,6175,1,D,AK,BB,D
13:41:23,INDF,RG,6175,1,D,AK,BB,D
13:41:22,INDF,RG,6175,4,D,PD,BB,D
13:41:19,INDF,RG,6150,2,D,DR,XC,D
13:41:18,INDF,RG,6175,1,D,AK,BB,D
13:41:18,INDF,RG,6175,1,D,AK,BB,D
13:41:18,INDF,RG,6175,1,D,AK,BB,D
13:41:18,INDF,RG,6175,1,D,AK,BB,D
13:41:17,INDF,RG,6175,1,D,AK,BB,D
13:41:17,INDF,RG,6175,1,D,AK,BB,D
13:41:17,INDF,RG,6175,1,D,AK,BB,D
13:41:17,INDF,RG,6175,1,D,AK,BB,D
13:41:17,INDF,RG,6175,3,D,AK,BB,D
13:41:17,INDF,RG,6175,2,D,AK,BB,D
13:41:17,INDF,RG,6175,3,D,AK,BB,D
13:41:15,INDF,RG,6175,32,F,ZP,BB,D
13:41:15,INDF,RG,6175,1,D,AK,BB,D
13:41:14,INDF,RG,6175,1,D,AK,BB,D
13:41:14,INDF,RG,6175,1,D,AK,BB,D
13:41:13,INDF,RG,6150,8,D,DR,PD,D
13:39:38,INDF,RG,6175,1,D,AK,BB,D
13:39:37,INDF,RG,6150,2,D,DR,XC,D
13:38:00,INDF,RG,6175,1,D,AK,BB,D
13:37:59,INDF,RG,6175,1,D,AK,BB,D
13:37:59,INDF,RG,6175,1,D,AK,BB,D
13:37:58,INDF,RG,6175,1,D,AK,BB,D
13:37:58,INDF,RG,6175,1,D,AK,BB,D
13:37:58,INDF,RG,6175,1,D,AK,BB,D
13:37:58,INDF,RG,6175,1,D,AK,BB,D
13:37:58,INDF,RG,6175,1,D,AK,BB,D
13:37:57,INDF,RG,6175,1,D,AK,BB,D
13:37:57,INDF,RG,6175,3,D,AK,BB,D
13:37:57,INDF,RG,6175,3,D,AK,BB,D
13:37:57,INDF,RG,6175,5,D,AK,BB,D
13:37:57,INDF,RG,6175,5,D,AK,BB,D
13:37:57,INDF,RG,6175,6,D,AK,BB,D
13:37:56,INDF,RG,6175,5,D,AK,BB,D
13:37:56,INDF,RG,6175,8,D,AK,BB,D
13:37:56,INDF,RG,6175,9,D,AK,BB,D
13:37:56,INDF,RG,6175,18,D,AK,BB,D
13:37:56,INDF,RG,6175,19,D,AK,BB,D
13:37:56,INDF,RG,6175,21,D,AK,BB,D
13:37:55,INDF,RG,6150,227,D,DR,PD,D
13:37:53,INDF,RG,6175,1,D,YP,BB,D
13:37:53,INDF,RG,6175,1,D,AK,BB,D
13:37:53,INDF,RG,6175,5,D,IF,BB,D
13:37:53,INDF,RG,6175,9,D,AK,BB,D
13:37:53,INDF,RG,6175,20,D,AK,BB,D
13:37:53,INDF,RG,6175,17,D,AK,BB,D
13:37:53,INDF,RG,6175,18,D,AK,BB,D
13:37:53,INDF,RG,6175,4,D,AK,BB,D
13:37:53,INDF,RG,6175,9,D,AK,BB,D
13:37:53,INDF,RG,6175,2,D,PD,BB,D
13:37:53,INDF,RG,6175,153,F,ZP,BB,D
13:37:52,INDF,RG,6200,1,D,AK,XC,D
13:37:52,INDF,RG,6200,1,D,AK,PD,D
13:37:51,INDF,RG,6200,1,D,AK,NI,D
13:37:51,INDF,RG,6200,1,D,AK,NI,D
13:37:51,INDF,RG,6200,1,D,AK,NI,D
13:37:51,INDF,RG,6200,2,D,AK,NI,D
13:37:50,INDF,RG,6175,10,F,ZP,PD,D
13:37:50,INDF,RG,6200,1,D,AK,XC,D
13:37:50,INDF,RG,6200,1,D,AK,XC,D
13:37:49,INDF,RG,6200,1,D,AK,XC,D
13:37:49,INDF,RG,6200,1,D,AK,XC,D
13:37:49,INDF,RG,6200,1,D,AK,XC,D
13:37:49,INDF,RG,6200,1,D,AK,XC,D
13:37:48,INDF,RG,6200,1,D,AK,XC,D
13:37:48,INDF,RG,6200,2,D,AK,XC,D
13:37:48,INDF,RG,6200,1,D,AK,KK,D
13:37:48,INDF,RG,6200,1,D,AK,NI,D
13:37:48,INDF,RG,6200,4,D,AK,XC,D
13:37:48,INDF,RG,6200,5,D,AK,XC,D
13:37:48,INDF,RG,6200,4,D,AK,XC,D
13:37:47,INDF,RG,6175,50,F,ZP,PD,D
13:37:31,INDF,RG,6200,1,D,AK,XC,D
13:37:31,INDF,RG,6200,1,D,AK,XC,D
13:37:31,INDF,RG,6200,1,D,AK,XC,D
13:37:30,INDF,RG,6200,3,D,AK,XC,D
13:37:30,INDF,RG,6200,1,D,AK,XC,D
13:37:30,INDF,RG,6200,1,D,AK,XC,D
13:37:30,INDF,RG,6200,1,D,AK,XC,D
13:37:30,INDF,RG,6200,2,D,AK,XC,D
13:37:30,INDF,RG,6200,3,D,AK,XC,D
13:37:30,INDF,RG,6200,1,D,AK,XC,D
13:37:29,INDF,RG,6175,28,F,ZP,AK,F
13:37:28,INDF,RG,6200,1,D,AK,XC,D
13:37:27,INDF,RG,6200,1,D,AK,XC,D
13:37:27,INDF,RG,6200,1,D,AK,XC,D
13:37:27,INDF,RG,6200,1,D,AK,XC,D
13:37:27,INDF,RG,6200,1,D,AK,XC,D
13:37:27,INDF,RG,6200,1,D,AK,XC,D
13:37:27,INDF,RG,6200,2,D,AK,XC,D
13:37:27,INDF,RG,6200,2,D,AK,XC,D
13:37:27,INDF,RG,6200,2,D,AK,XC,D
13:37:26,INDF,RG,6200,2,D,AK,XC,D
13:37:26,INDF,RG,6200,3,D,AK,XC,D
13:37:26,INDF,RG,6200,3,D,AK,XC,D
13:37:26,INDF,RG,6200,1,D,AK,XC,D
13:37:26,INDF,RG,6200,4,D,AK,CC,D
13:37:26,INDF,RG,6200,1,D,AK,XC,D
13:37:26,INDF,RG,6200,1,D,AK,XC,D
13:37:26,INDF,RG,6200,1,D,AK,NI,D
13:37:26,INDF,RG,6200,1,D,AK,PD,D
13:37:26,INDF,RG,6200,3,D,AK,XC,D
13:37:26,INDF,RG,6200,3,D,AK,XC,D
13:37:26,INDF,RG,6200,4,D,AK,PD,D
13:37:25,INDF,RG,6200,5,D,AK,PD,D
13:37:25,INDF,RG,6200,10,D,AK,PD,D
13:37:25,INDF,RG,6200,12,D,AK,PD,D
13:37:25,INDF,RG,6200,21,D,AK,PD,D
13:37:25,INDF,RG,6200,22,D,AK,PD,D
13:37:25,INDF,RG,6200,24,D,AK,PD,D
13:37:24,INDF,RG,6175,261,F,ZP,BB,D
13:37:24,INDF,RG,6175,1,D,AK,BB,D
13:37:24,INDF,RG,6175,3,D,AK,BB,D
13:37:24,INDF,RG,6175,2,D,AK,BB,D
13:37:24,INDF,RG,6175,4,D,AK,BB,D
13:37:24,INDF,RG,6175,1,D,AK,BB,D
13:37:24,INDF,RG,6175,3,D,AK,BB,D
13:37:24,INDF,RG,6175,1,D,AK,BB,D
13:37:24,INDF,RG,6175,1,D,AK,BB,D
13:37:24,INDF,RG,6175,3,D,AK,BB,D
13:37:24,INDF,RG,6175,2,D,AK,BB,D
13:37:24,INDF,RG,6175,3,D,AK,BB,D
13:37:24,INDF,RG,6175,55,F,ZP,BB,D
13:37:10,INDF,RG,6200,1,D,AK,PD,D
13:37:09,INDF,RG,6200,1,D,AK,PD,D
13:37:09,INDF,RG,6200,1,D,AK,PD,D
13:37:09,INDF,RG,6200,1,D,AK,PD,D
13:37:09,INDF,RG,6200,1,D,AK,PD,D
13:37:09,INDF,RG,6200,1,D,AK,PD,D
13:37:08,INDF,RG,6200,1,D,AK,PD,D
13:37:08,INDF,RG,6200,2,D,AK,PD,D
13:37:08,INDF,RG,6200,4,D,AK,PD,D
13:37:08,INDF,RG,6200,4,D,AK,PD,D
13:37:08,INDF,RG,6200,5,D,AK,PD,D
13:37:08,INDF,RG,6200,3,D,AK,PD,D
13:37:07,INDF,RG,6175,50,F,ZP,NI,D
13:37:07,INDF,RG,6200,1,D,AK,PD,D
13:37:07,INDF,RG,6200,2,D,AK,PD,D
13:37:07,INDF,RG,6200,1,D,AK,PD,D
13:37:06,INDF,RG,6200,1,D,AK,PD,D
13:37:06,INDF,RG,6200,2,D,AK,PD,D
13:37:06,INDF,RG,6200,2,D,AK,PD,D
13:37:06,INDF,RG,6200,4,D,AK,PD,D
13:37:06,INDF,RG,6200,3,D,AK,PD,D
13:37:06,INDF,RG,6200,4,D,AK,PD,D
13:37:05,INDF,RG,6200,1,D,AK,PD,D
13:37:05,INDF,RG,6200,1,D,AK,PD,D
13:37:05,INDF,RG,6200,1,D,AK,PD,D
13:37:05,INDF,RG,6175,11,F,ZP,AK,F
13:37:05,INDF,RG,6175,1,D,AK,AK,F
13:37:05,INDF,RG,6175,2,D,AK,AK,F
13:37:05,INDF,RG,6175,2,D,AK,AK,F
13:37:05,INDF,RG,6175,3,D,AK,AK,F
13:37:05,INDF,RG,6175,3,D,AK,AK,F
13:37:05,INDF,RG,6175,19,F,ZP,AK,F
13:37:04,INDF,RG,6175,6,F,ZP,BB,D
13:37:04,INDF,RG,6175,4,F,ZP,BB,D
13:37:04,INDF,RG,6175,5,F,ZP,BB,D
13:37:04,INDF,RG,6175,1,D,AK,BB,D
13:37:03,INDF,RG,6175,1,D,AK,BB,D
13:37:03,INDF,RG,6175,5,F,ZP,BB,D
13:37:03,INDF,RG,6175,25,F,ZP,BB,D
13:37:02,INDF,RG,6175,1,D,AK,BB,D
13:37:02,INDF,RG,6175,1,D,AK,BB,D
13:37:02,INDF,RG,6175,1,D,AK,BB,D
13:37:01,INDF,RG,6175,1,D,AK,BB,D
13:37:01,INDF,RG,6175,1,D,AK,AK,F
13:37:01,INDF,RG,6175,1,D,AK,AK,F
13:37:01,INDF,RG,6175,2,D,AK,AK,F
13:37:01,INDF,RG,6175,2,D,AK,AK,F
13:37:01,INDF,RG,6175,3,D,AK,AK,F
13:37:00,INDF,RG,6175,22,F,ZP,AK,F
13:37:00,INDF,RG,6175,8,F,ZP,AK,F
13:36:55,INDF,RG,6175,1,D,AK,AK,F
13:36:55,INDF,RG,6175,1,D,AK,AK,F
13:36:55,INDF,RG,6175,1,D,AK,AK,F
13:36:55,INDF,RG,6175,1,D,AK,AK,F
13:36:54,INDF,RG,6150,8,D,DR,PD,D
13:36:50,INDF,RG,6175,1,D,YU,AK,F
13:36:27,INDF,RG,6175,1,D,AK,AK,F
13:36:26,INDF,RG,6175,1,D,AK,AK,F
13:36:26,INDF,RG,6175,1,D,AK,AK,F
13:36:26,INDF,RG,6175,1,D,AK,AK,F
13:36:25,INDF,RG,6175,1,D,AK,AK,F
13:36:25,INDF,RG,6175,1,D,AK,AK,F
13:36:25,INDF,RG,6175,1,D,AK,AK,F
13:36:25,INDF,RG,6175,1,D,AK,AK,F
13:36:25,INDF,RG,6175,1,D,AK,AK,F
13:36:25,INDF,RG,6175,1,D,AK,AK,F
13:36:24,INDF,RG,6175,1,D,AK,AK,F
13:36:24,INDF,RG,6175,1,D,AK,AK,F
13:36:24,INDF,RG,6175,2,D,AK,AK,F
13:36:24,INDF,RG,6175,1,D,AK,AK,F
13:36:24,INDF,RG,6175,1,D,AK,AK,F
13:36:24,INDF,RG,6175,1,D,AK,NI,D
13:36:24,INDF,RG,6175,5,D,AK,NI,D
13:36:24,INDF,RG,6175,5,D,AK,NI,D
13:36:24,INDF,RG,6175,4,D,AK,NI,D
13:36:24,INDF,RG,6175,2,D,AK,YU,D
13:36:23,INDF,RG,6175,6,D,AK,YU,D
13:36:23,INDF,RG,6175,7,D,AK,YU,D
13:36:23,INDF,RG,6175,3,D,AK,LG,D
13:36:23,INDF,RG,6175,10,D,AK,LG,D
13:36:23,INDF,RG,6175,5,D,AK,LG,D
13:36:23,INDF,RG,6175,13,D,AK,LG,D
13:36:23,INDF,RG,6175,19,D,AK,LG,D
13:36:23,INDF,RG,6175,21,D,AK,LG,D
13:36:22,INDF,RG,6175,2,D,AK,LG,D
13:36:22,INDF,RG,6175,10,D,AK,LG,D
13:36:22,INDF,RG,6175,16,D,AK,LG,D
13:36:22,INDF,RG,6175,1,D,AK,CC,D
13:36:22,INDF,RG,6175,18,D,AK,CC,D
13:36:22,INDF,RG,6175,32,D,AK,CC,D
13:36:22,INDF,RG,6175,34,D,AK,CC,D
13:36:22,INDF,RG,6175,15,D,AK,CC,D
13:36:22,INDF,RG,6175,9,D,AK,XL,D
13:36:22,INDF,RG,6175,12,D,AK,CC,F
13:36:22,INDF,RG,6175,112,F,ZP,CC,F
13:36:22,INDF,RG,6150,4,D,DR,ZP,F
13:36:21,INDF,RG,6175,1,D,AK,BB,D
13:36:21,INDF,RG,6175,4,D,AK,BB,D
13:36:21,INDF,RG,6175,30,D,AK,BB,D
13:36:21,INDF,RG,6175,57,D,AK,BB,D
13:36:21,INDF,RG,6175,60,D,AK,BB,D
13:36:21,INDF,RG,6175,116,D,AK,BB,D
13:36:21,INDF,RG,6175,123,D,AK,BB,D
13:36:21,INDF,RG,6175,138,D,AK,BB,D
13:36:20,INDF,RG,6175,25,F,ZP,BB,D
13:36:20,INDF,RG,6175,111,F,ZP,BB,D
13:36:20,INDF,RG,6175,20,F,ZP,PD,D
13:36:20,INDF,RG,6175,4,F,ZP,ZP,F
13:36:20,INDF,RG,6175,301,F,ZP,AK,F
13:36:20,INDF,RG,6175,1,F,ZP,AK,F
13:36:20,INDF,RG,6175,3,F,ZP,PD,D
13:36:20,INDF,RG,6175,31,F,ZP,AK,F
13:36:20,INDF,RG,6175,10,F,ZP,CC,D
13:36:20,INDF,RG,6175,4,F,ZP,XC,D
13:36:20,INDF,RG,6175,1,F,ZP,PD,D
13:36:20,INDF,RG,6175,35,F,ZP,PD,D
13:36:20,INDF,RG,6175,850,F,ZP,DX,D
13:36:20,INDF,RG,6175,50,F,ZP,KK,D
13:36:20,INDF,RG,6175,41,F,ZP,DR,D
13:36:20,INDF,RG,6175,3,F,ZP,ZP,F
13:36:19,INDF,RG,6175,1,D,AK,ZP,F
13:36:19,INDF,RG,6175,2,D,AK,ZP,F
13:36:19,INDF,RG,6175,2,D,AK,ZP,F
13:36:19,INDF,RG,6175,2,D,AK,ZP,F
13:36:18,INDF,RG,6150,21,D,DR,DR,D
13:35:45,INDF,RG,6175,1,D,NI,ZP,F
13:35:43,INDF,RG,6175,1,D,AK,ZP,F
13:35:42,INDF,RG,6175,1,D,AK,ZP,F
13:35:41,INDF,RG,6175,1,D,AK,ZP,F
13:35:41,INDF,RG,6175,1,D,AK,ZP,F
13:35:41,INDF,RG,6150,2,D,DR,BQ,D
13:35:39,INDF,RG,6150,5,D,DR,PD,D
13:35:29,INDF,RG,6175,1,D,AK,ZP,F
13:35:28,INDF,RG,6175,1,D,AK,ZP,F
13:35:27,INDF,RG,6150,1,D,DR,XC,D
13:34:50,INDF,RG,6175,1,D,AK,ZP,F
13:34:50,INDF,RG,6175,1,D,AK,ZP,F
13:34:50,INDF,RG,6175,1,D,AK,ZP,F
13:34:50,INDF,RG,6175,1,D,AK,ZP,F
13:34:50,INDF,RG,6175,1,D,AK,ZP,F
13:34:49,INDF,RG,6175,12,D,XL,ZP,F
13:34:43,INDF,RG,6150,1,D,DR,NI,D
13:34:02,INDF,RG,6175,1,D,AK,ZP,F
13:34:01,INDF,RG,6175,1,D,AK,ZP,F
13:34:01,INDF,RG,6175,1,D,AK,ZP,F
13:34:00,INDF,RG,6175,10,D,XL,ZP,F
13:32:59,INDF,RG,6175,1,D,AK,ZP,F
13:32:58,INDF,RG,6175,1,D,AK,ZP,F
13:32:58,INDF,RG,6175,1,D,AK,ZP,F
13:32:56,INDF,RG,6175,1,D,AK,ZP,F
13:32:56,INDF,RG,6175,1,D,AK,ZP,F
13:32:56,INDF,RG,6175,1,D,AK,ZP,F
13:32:56,INDF,RG,6175,1,D,AK,ZP,F
13:32:56,INDF,RG,6175,1,D,AK,ZP,F
13:32:56,INDF,RG,6175,2,D,AK,ZP,F
13:32:56,INDF,RG,6175,3,D,AK,ZP,F
13:32:56,INDF,RG,6175,3,D,AK,ZP,F
13:32:55,INDF,RG,6150,27,D,DR,ZP,F
13:32:34,INDF,RG,6150,1,D,DR,PD,D
13:32:26,INDF,RG,6175,1,D,AK,ZP,F
13:32:26,INDF,RG,6175,1,D,AK,ZP,F
13:32:25,INDF,RG,6175,1,D,AK,ZP,F
13:32:25,INDF,RG,6175,1,D,AK,ZP,F
13:32:25,INDF,RG,6175,1,D,AK,ZP,F
13:32:25,INDF,RG,6175,1,D,AK,ZP,F
13:32:25,INDF,RG,6175,2,D,AK,ZP,F
13:32:25,INDF,RG,6175,2,D,AK,ZP,F
13:32:24,INDF,RG,6150,21,D,DR,ZP,D
13:32:22,INDF,RG,6175,1,D,AK,ZP,F
13:32:21,INDF,RG,6150,1,D,DR,AK,F
13:32:20,INDF,RG,6175,1,D,XL,ZP,F
13:32:06,INDF,RG,6175,1,D,AK,ZP,F
13:32:06,INDF,RG,6175,1,D,AK,ZP,F
13:32:05,INDF,RG,6175,1,D,AK,ZP,F
13:32:05,INDF,RG,6175,1,D,AK,ZP,F
13:32:05,INDF,RG,6175,1,D,AK,ZP,F
13:32:05,INDF,RG,6175,1,D,AK,ZP,F
13:32:04,INDF,RG,6175,1,D,AK,ZP,F
13:32:04,INDF,RG,6175,2,D,AK,ZP,F
13:32:04,INDF,RG,6175,1,D,AK,KK,D
13:32:04,INDF,RG,6175,1,D,AK,CS,F
13:32:04,INDF,RG,6175,4,D,AK,CS,F
13:32:04,INDF,RG,6175,4,D,AK,CS,F
13:32:04,INDF,RG,6175,5,D,AK,CS,F
13:32:03,INDF,RG,6175,50,D,DH,CS,F
13:31:11,INDF,RG,6175,2,D,CC,CS,F
13:31:05,INDF,RG,6175,1,D,AK,CS,F
13:31:04,INDF,RG,6175,1,D,AK,CS,F
13:31:04,INDF,RG,6175,1,D,AK,CS,F
13:31:04,INDF,RG,6175,1,D,AK,CS,F
13:31:04,INDF,RG,6175,1,D,AK,CS,F
13:31:03,INDF,RG,6175,3,D,AK,CS,F
13:31:03,INDF,RG,6175,4,D,AK,CS,F
13:31:03,INDF,RG,6175,3,D,AK,CS,F
13:31:03,INDF,RG,6175,2,D,AK,CS,F
13:31:03,INDF,RG,6175,1,D,AK,CS,F
13:31:01,INDF,RG,6150,39,D,DR,ZP,F
13:30:59,INDF,RG,6175,1,D,AK,CS,F
13:30:58,INDF,RG,6175,1,D,AK,CS,F
13:30:57,INDF,RG,6175,1,D,AK,CS,F
13:30:57,INDF,RG,6175,1,D,AK,CS,F
13:30:56,INDF,RG,6150,3,D,DR,BQ,D
13:30:48,INDF,RG,6175,1,D,AK,CS,F
13:30:47,INDF,RG,6150,2,D,DR,XL,D
13:30:46,INDF,RG,6175,1,D,AK,CS,F
13:30:46,INDF,RG,6175,1,D,AK,CS,F
13:30:46,INDF,RG,6175,1,D,AK,CS,F
13:30:46,INDF,RG,6175,1,D,AK,CS,F
13:30:45,INDF,RG,6175,12,F,ZP,CS,F
13:30:44,INDF,RG,6175,1,D,AK,CS,F
13:30:44,INDF,RG,6175,1,D,AK,CS,F
13:30:43,INDF,RG,6175,1,D,AK,CS,F
13:30:42,INDF,RG,6150,1,D,DR,XL,D
13:30:29,INDF,RG,6175,1,D,AK,CS,F
13:30:28,INDF,RG,6175,1,D,AK,CS,F
13:30:28,INDF,RG,6175,1,D,AK,CS,F
13:30:28,INDF,RG,6175,1,D,AK,CS,F
13:30:28,INDF,RG,6175,2,D,AK,CS,F
13:30:28,INDF,RG,6175,3,D,AK,CS,F
13:30:28,INDF,RG,6175,3,D,AK,CS,F
13:30:27,INDF,RG,6175,3,D,AK,CS,F
13:30:27,INDF,RG,6175,5,D,AK,CS,F
13:30:27,INDF,RG,6175,5,D,AK,CS,F
13:30:27,INDF,RG,6175,8,D,AK,CS,F
13:30:27,INDF,RG,6175,8,D,AK,CS,F
13:30:27,INDF,RG,6175,9,D,AK,CS,F
13:30:25,INDF,RG,6150,73,D,DR,AK,F
13:30:25,INDF,RG,6150,1,D,YP,AK,F
13:30:25,INDF,RG,6150,1,D,PD,AK,F
13:30:25,INDF,RG,6150,7,D,XC,AK,F
13:30:25,INDF,RG,6150,136,D,DR,AK,F
13:30:25,INDF,RG,6150,2,D,AK,AK,F
13:30:25,INDF,RG,6150,3,D,AK,AK,F
13:30:25,INDF,RG,6150,7,D,AK,AK,F
13:30:25,INDF,RG,6150,9,D,AK,AK,F
13:30:25,INDF,RG,6150,20,F,ZP,AK,F
13:30:25,INDF,RG,6150,1,D,AK,AK,F
13:30:25,INDF,RG,6150,1,D,AK,AK,F
13:30:25,INDF,RG,6150,1,D,AK,AK,F
13:30:25,INDF,RG,6150,4,D,AK,AK,F
13:30:24,INDF,RG,6150,2,D,AK,ZP,F
13:30:24,INDF,RG,6150,4,D,AK,ZP,F
13:30:24,INDF,RG,6150,9,D,AK,ZP,F
13:30:24,INDF,RG,6150,15,D,AK,ZP,F
13:30:24,INDF,RG,6150,11,F,ZP,ZP,F
13:30:18,INDF,RG,6175,1,D,AK,CS,F
13:30:18,INDF,RG,6175,1,D,AK,CS,F
13:30:18,INDF,RG,6175,1,D,AK,CS,F
13:30:16,INDF,RG,6175,1,D,AK,CS,F
13:30:16,INDF,RG,6175,2,D,AK,CS,F
13:30:16,INDF,RG,6175,1,D,AK,CS,F
13:30:16,INDF,RG,6175,3,D,AK,CS,F
13:30:16,INDF,RG,6175,3,D,AK,CS,F
13:30:16,INDF,RG,6175,3,D,AK,CS,F
13:30:16,INDF,RG,6175,1,D,AK,CS,F
13:30:15,INDF,RG,6175,25,D,YP,CS,F
13:30:15,INDF,RG,6150,4,F,ZP,XL,D
13:30:14,INDF,RG,6175,1,D,AK,CS,F
13:30:14,INDF,RG,6175,1,D,AK,CS,F
13:30:14,INDF,RG,6175,1,D,AK,CS,F
13:30:14,INDF,RG,6175,2,D,AK,CS,F
13:30:14,INDF,RG,6175,2,D,AK,CS,F
13:30:14,INDF,RG,6175,2,D,AK,CS,F
13:30:14,INDF,RG,6150,2,F,ZP,YP,D
13:30:13,INDF,RG,6175,2,D,AK,CS,F
13:30:12,INDF,RG,6175,2,D,AK,CS,F
13:30:12,INDF,RG,6175,4,D,AK,CS,F
13:30:12,INDF,RG,6175,4,D,AK,CS,F
13:30:12,INDF,RG,6175,8,D,AK,CS,F
13:30:12,INDF,RG,6175,9,D,AK,CS,F
13:30:12,INDF,RG,6175,9,D,AK,CS,F
13:30:10,INDF,RG,6175,1,D,AK,CS,F
13:30:10,INDF,RG,6175,6,D,AK,CS,F
13:30:10,INDF,RG,6175,10,D,AK,CS,F
13:30:10,INDF,RG,6175,11,D,AK,CS,F
13:30:10,INDF,RG,6175,21,D,AK,CS,F
13:30:10,INDF,RG,6175,1,D,AK,CS,F
13:30:10,INDF,RG,6175,17,D,AK,CS,F
13:30:10,INDF,RG,6175,5,D,AK,YB,D
13:30:10,INDF,RG,6175,5,D,AK,YB,D
13:30:10,INDF,RG,6175,3,D,AK,XC,D
13:30:10,INDF,RG,6175,11,D,AK,XC,D
13:30:10,INDF,RG,6175,1,D,AK,YP,D
13:30:10,INDF,RG,6175,5,D,AK,TP,D
13:30:10,INDF,RG,6175,1,D,AK,TP,D
13:30:10,INDF,RG,6175,4,D,AK,TP,D
13:30:10,INDF,RG,6175,3,D,AK,SQ,D
13:30:10,INDF,RG,6175,6,D,AK,SQ,D
13:30:10,INDF,RG,6175,6,D,AK,SQ,D
13:30:10,INDF,RG,6175,7,D,AK,SQ,D
13:30:09,INDF,RG,6150,1,F,ZP,PD,D
13:30:09,INDF,RG,6150,3,F,ZP,XC,D
13:30:08,INDF,RG,6175,28,F,ZP,SQ,D
13:30:08,INDF,RG,6175,1,F,ZP,CC,D
13:30:08,INDF,RG,6175,4,F,ZP,CC,D
13:30:08,INDF,RG,6175,18,F,ZP,LG,D
13:30:08,INDF,RG,6175,81,F,ZP,LG,D
13:30:08,INDF,RG,6175,5,F,ZP,PD,D
13:30:08,INDF,RG,6175,2,F,ZP,SQ,D
13:30:08,INDF,RG,6175,5,F,ZP,LG,D
13:30:08,INDF,RG,6175,3,F,ZP,PD,D
13:30:08,INDF,RG,6175,1,F,ZP,PD,D
13:30:08,INDF,RG,6175,1,F,ZP,XC,D
13:30:08,INDF,RG,6175,18,F,ZP,LG,D
13:30:08,INDF,RG,6175,57,F,ZP,LG,D
13:30:08,INDF,RG,6175,3,D,AK,LG,D
13:30:08,INDF,RG,6175,5,D,AK,LG,D
13:30:08,INDF,RG,6175,6,D,AK,LG,D
13:30:08,INDF,RG,6175,10,D,AK,LG,D
13:30:08,INDF,RG,6175,1,D,AK,PD,D
13:30:08,INDF,RG,6175,2,D,AK,PD,D
13:30:08,INDF,RG,6175,2,D,AK,GR,D
13:30:08,INDF,RG,6175,5,D,AK,SQ,D
13:30:08,INDF,RG,6175,2,D,AK,SQ,D
13:30:08,INDF,RG,6175,3,D,AK,SQ,D
13:30:08,INDF,RG,6175,5,D,AK,SQ,D
13:30:08,INDF,RG,6175,4,D,AK,DR,D
13:30:07,INDF,RG,6150,12,F,ZP,ZP,F
13:30:07,INDF,RG,6150,5,D,AZ,ZP,F
13:30:07,INDF,RG,6150,25,D,HP,ZP,F
13:30:07,INDF,RG,6175,1,D,AK,DR,D
13:30:07,INDF,RG,6175,1,D,AK,DR,D
13:30:07,INDF,RG,6175,1,D,AK,DR,D
13:30:07,INDF,RG,6175,3,D,AK,DR,D
13:30:07,INDF,RG,6175,1,D,AK,PD,D
13:30:07,INDF,RG,6175,5,D,AK,CC,D
13:30:07,INDF,RG,6175,11,D,AK,CC,D
13:30:07,INDF,RG,6175,12,D,AK,CC,D
13:30:07,INDF,RG,6150,5,D,HP,XC,D
13:30:07,INDF,RG,6150,5,F,ZP,XC,D
13:30:07,INDF,RG,6175,1,D,AK,CC,D
13:30:07,INDF,RG,6175,5,D,AK,CC,D
13:30:07,INDF,RG,6175,9,D,AK,CC,D
13:30:07,INDF,RG,6175,10,D,AK,CC,D
13:30:07,INDF,RG,6175,10,D,AK,CC,D
13:30:07,INDF,RG,6175,11,D,AK,CC,D
13:30:07,INDF,RG,6175,7,D,AK,CC,D
13:30:07,INDF,RG,6175,1,D,AK,YP,D
13:30:07,INDF,RG,6175,4,D,AK,XL,D
13:30:07,INDF,RG,6150,4,F,ZP,XC,D
13:30:07,INDF,RG,6150,3,F,ZP,AK,F
13:30:06,INDF,RG,6175,1,D,SQ,XL,D
13:30:06,INDF,RG,6150,52,F,ZP,AK,F
13:30:06,INDF,RG,6150,1,D,GR,AK,F
13:30:06,INDF,RG,6150,10,D,AK,AK,F
13:30:06,INDF,RG,6150,9,D,DH,AK,F
13:30:06,INDF,RG,6175,1,D,AK,KK,D
13:30:06,INDF,RG,6150,1,D,DH,SQ,D
13:30:06,INDF,RG,6150,1,D,PD,SQ,D
13:30:06,INDF,RG,6150,1,D,CC,SQ,D
13:30:06,INDF,RG,6150,2,F,ZP,SQ,D
13:30:06,INDF,RG,6150,1,F,ZP,XC,D
13:30:05,INDF,RG,6175,4,D,AK,KK,D
13:30:05,INDF,RG,6175,1,D,AK,CC,D
13:30:05,INDF,RG,6175,1,D,AK,LG,D
13:30:05,INDF,RG,6175,15,D,AK,LG,D
13:30:05,INDF,RG,6175,9,D,AK,LG,D
13:30:05,INDF,RG,6175,4,D,AK,BB,D
13:30:05,INDF,RG,6175,40,D,AK,BB,D
13:30:05,INDF,RG,6175,28,D,AK,BB,D
13:30:05,INDF,RG,6175,33,D,AK,BB,D
13:30:05,INDF,RG,6150,5,F,ZP,PD,D
13:30:05,INDF,RG,6175,130,D,SQ,BB,D
13:30:04,INDF,RG,6175,1,D,PD,BB,D
13:30:04,INDF,RG,6175,1,D,AK,BB,D
13:30:04,INDF,RG,6150,5,F,ZP,SQ,D
13:30:04,INDF,RG,6150,1,F,ZP,DH,D
13:30:04,INDF,RG,6175,1,D,PD,BB,D
13:30:03,INDF,RG,6175,2,D,KK,BB,D
13:30:03,INDF,RG,6175,2,D,PD,BB,D
13:30:03,INDF,RG,6175,2,D,PD,BB,D
13:30:03,INDF,RG,6150,3,F,ZP,PD,D
13:30:03,INDF,RG,6150,1,F,ZP,PD,D
13:30:03,INDF,RG,6150,2,F,ZP,PD,D
13:30:02,INDF,RG,6150,3,F,ZP,SQ,D
13:30:02,INDF,RG,6175,4,D,DH,BB,D
13:30:01,INDF,RG,6150,20,F,ZP,CC,D
13:30:01,INDF,RG,6175,145,F,DX,BB,D
13:30:01,INDF,RG,6175,2,F,DX,SQ,D
13:30:01,INDF,RG,6175,1,F,DX,BB,D
13:30:01,INDF,RG,6175,2,F,DX,XC,D
13:30:01,INDF,RG,6175,10,F,DX,PD,D
13:30:01,INDF,RG,6175,1,F,DX,CC,D
13:30:01,INDF,RG,6175,339,F,DX,BB,D
13:30:01,INDF,RG,6175,15,D,GR,BB,D
13:30:01,INDF,RG,6150,10,D,YP,GR,D
11:29:46,INDF,RG,6150,1,D,YP,AK,F
11:29:46,INDF,RG,6150,1,D,YP,AK,F
11:28:46,INDF,RG,6150,9,D,YP,AK,F
11:28:46,INDF,RG,6150,1,D,YP,AK,F
11:28:30,INDF,RG,6150,1,D,YP,BB,D
11:28:01,INDF,RG,6150,6,D,YP,AK,F
11:28:01,INDF,RG,6150,2,D,YP,AK,F
11:27:48,INDF,RG,6150,10,D,YP,KK,D
11:27:36,INDF,RG,6150,9,D,YP,LG,D
11:27:36,INDF,RG,6150,40,F,ZP,LG,D
11:27:31,INDF,RG,6150,3,F,ZP,AK,F
11:27:19,INDF,RG,6175,7,F,YU,BB,D
11:27:19,INDF,RG,6175,3,F,YU,BB,D
11:26:59,INDF,RG,6175,9,F,YU,BB,D
11:26:47,INDF,RG,6175,9,F,YU,BB,D
11:26:38,INDF,RG,6150,6,F,ZP,DR,D
11:26:34,INDF,RG,6150,4,F,ZP,PD,D
11:26:32,INDF,RG,6175,9,F,YU,BB,D
11:26:26,INDF,RG,6150,13,F,ZP,BB,D
11:26:10,INDF,RG,6175,9,F,YU,BB,D
11:25:44,INDF,RG,6175,2,D,DH,BB,D
11:25:44,INDF,RG,6175,3,D,DH,NI,D
11:25:43,INDF,RG,6175,7,F,YU,NI,D
11:25:43,INDF,RG,6175,2,F,YU,YP,D
11:25:42,INDF,RG,6150,1,F,ZP,NI,D
11:25:31,INDF,RG,6175,3,D,XL,YP,D
11:25:31,INDF,RG,6175,1,D,XL,LG,D
11:25:29,INDF,RG,6150,22,F,ZP,PD,D
11:25:17,INDF,RG,6175,9,F,YU,LG,D
11:25:16,INDF,RG,6150,1,F,ZP,AK,F
11:25:08,INDF,RG,6175,2,D,DR,LG,D
11:24:58,INDF,RG,6150,2,F,ZP,BQ,D
11:24:57,INDF,RG,6175,6,F,YU,LG,D
11:24:57,INDF,RG,6175,3,F,YU,LG,D
11:24:19,INDF,RG,6175,9,F,YU,LG,D
11:23:34,INDF,RG,6150,15,F,ZP,DR,D
11:23:20,INDF,RG,6150,1,D,CC,SQ,D
11:23:20,INDF,RG,6150,2,D,CC,SQ,D
11:23:20,INDF,RG,6150,1,D,XC,SQ,D
11:23:20,INDF,RG,6150,2,D,CC,SQ,D
11:23:20,INDF,RG,6150,1,D,AK,SQ,D
11:23:20,INDF,RG,6150,1,D,AK,SQ,D
11:23:20,INDF,RG,6150,1,D,AK,SQ,D
11:23:20,INDF,RG,6150,1,D,AK,SQ,D
11:23:20,INDF,RG,6150,12,D,AK,SQ,D
11:23:16,INDF,RG,6150,1,D,AK,AK,F
11:22:49,INDF,RG,6150,3,D,AK,PD,D
11:22:24,INDF,RG,6150,26,D,AK,BB,D
11:22:24,INDF,RG,6150,10,D,KK,BB,D
11:22:24,INDF,RG,6150,6,F,ZP,BB,D
11:22:22,INDF,RG,6150,4,F,ZP,YP,D
11:21:58,INDF,RG,6175,22,D,AK,LG,D
11:21:57,INDF,RG,6150,10,F,ZP,PD,D
11:21:57,INDF,RG,6150,1,D,AK,PD,D
11:21:57,INDF,RG,6150,2,D,CC,PD,D
11:21:57,INDF,RG,6150,1,D,PD,PD,D
11:21:57,INDF,RG,6150,2,D,YP,PD,D
11:21:57,INDF,RG,6150,2,D,PD,PD,D
11:21:57,INDF,RG,6150,25,D,AK,PD,D
11:21:57,INDF,RG,6150,29,D,AK,PD,D
11:21:57,INDF,RG,6150,30,F,YU,PD,D
11:21:57,INDF,RG,6150,15,D,AK,PD,D
11:21:57,INDF,RG,6150,2,D,AK,PD,D
11:21:57,INDF,RG,6150,58,D,AK,PD,D
11:21:57,INDF,RG,6150,5,D,YP,PD,D
11:21:57,INDF,RG,6150,2,D,XC,PD,D
11:21:57,INDF,RG,6150,5,D,YP,PD,D
11:21:57,INDF,RG,6150,3,D,CC,PD,D
11:21:57,INDF,RG,6150,1,D,YP,PD,D
11:21:57,INDF,RG,6150,20,F,YU,PD,D
11:21:57,INDF,RG,6150,14,D,PD,PD,D
11:21:57,INDF,RG,6175,14,F,YU,LG,D
11:21:50,INDF,RG,6175,1,D,YP,LG,D
11:21:32,INDF,RG,6175,1,D,AK,LG,D
11:21:31,INDF,RG,6175,1,D,AK,LG,D
11:21:30,INDF,RG,6175,1,D,AK,LG,D
11:21:29,INDF,RG,6175,1,D,AK,LG,D
11:21:28,INDF,RG,6175,1,D,AK,LG,D
11:21:28,INDF,RG,6175,1,D,AK,LG,D
11:21:28,INDF,RG,6175,1,D,AK,LG,D
11:21:27,INDF,RG,6175,17,F,YU,LG,D
11:21:17,INDF,RG,6175,1,D,AK,LG,D
11:21:16,INDF,RG,6150,1,D,PD,AK,F
11:20:49,INDF,RG,6175,1,D,AK,LG,D
11:20:49,INDF,RG,6175,1,D,AK,LG,D
11:20:48,INDF,RG,6175,1,D,AK,LG,D
11:20:48,INDF,RG,6175,1,D,AK,LG,D
11:20:48,INDF,RG,6175,2,D,AK,LG,D
11:20:48,INDF,RG,6175,1,D,AK,LG,D
11:20:48,INDF,RG,6175,1,D,AK,CC,D
11:20:48,INDF,RG,6175,1,D,AK,NI,D
11:20:47,INDF,RG,6175,1,D,AK,NI,D
11:20:47,INDF,RG,6175,2,D,AK,NI,D
11:20:47,INDF,RG,6175,1,D,AK,NI,D
11:20:47,INDF,RG,6175,3,D,AK,XC,D
11:20:47,INDF,RG,6175,4,D,AK,XC,D
11:20:47,INDF,RG,6175,9,D,AK,XC,D
11:20:47,INDF,RG,6175,10,D,AK,XC,D
11:20:46,INDF,RG,6150,9,D,PD,PD,D
11:20:46,INDF,RG,6150,20,D,PD,AK,F
11:20:46,INDF,RG,6150,18,F,ZP,AK,F
11:20:46,INDF,RG,6150,54,D,AK,AK,F
11:20:46,INDF,RG,6150,5,F,ZP,AK,F
11:20:45,INDF,RG,6175,1,D,AK,XC,D
11:20:45,INDF,RG,6175,1,D,AK,XC,D
11:20:44,INDF,RG,6175,1,D,AK,XC,D
11:20:44,INDF,RG,6175,1,D,AK,XC,D
11:20:44,INDF,RG,6175,1,D,AK,XC,D
11:20:44,INDF,RG,6175,2,D,AK,XC,D
11:20:44,INDF,RG,6175,2,D,AK,XC,D
11:20:44,INDF,RG,6175,2,D,AK,XC,D
11:20:43,INDF,RG,6175,1,D,AK,XC,D
11:20:43,INDF,RG,6175,1,D,AK,XC,D
11:20:43,INDF,RG,6175,2,D,AK,XC,D
11:20:43,INDF,RG,6175,1,D,AK,XC,D
11:20:42,INDF,RG,6175,21,F,YU,XC,D
11:20:41,INDF,RG,6150,18,F,ZP,PD,D
11:19:39,INDF,RG,6175,1,D,AK,XC,D
11:19:38,INDF,RG,6175,1,D,AK,XC,D
11:19:38,INDF,RG,6175,1,D,AK,XC,D
11:19:38,INDF,RG,6175,1,D,AK,XC,D
11:19:38,INDF,RG,6175,1,D,AK,XC,D
11:19:38,INDF,RG,6175,2,D,AK,XC,D
11:19:38,INDF,RG,6175,2,D,AK,XC,D
11:19:36,INDF,RG,6175,20,F,YU,XC,D
11:19:34,INDF,RG,6150,2,F,ZP,BQ,D
11:19:17,INDF,RG,6175,1,D,AK,XC,D
11:19:17,INDF,RG,6175,1,D,AK,XC,D
11:19:17,INDF,RG,6175,1,D,AK,XC,D
11:19:16,INDF,RG,6150,18,F,ZP,AK,F
11:18:48,INDF,RG,6175,1,D,AK,XC,D
11:18:47,INDF,RG,6175,1,D,AK,XC,D
11:18:47,INDF,RG,6175,1,D,AK,XC,D
11:18:46,INDF,RG,6150,1,F,ZP,AK,F
11:18:38,INDF,RG,6175,1,D,AK,XC,D
11:18:38,INDF,RG,6175,1,D,AK,XC,D
11:18:38,INDF,RG,6175,1,D,AK,XC,D
11:18:38,INDF,RG,6175,2,D,AK,XC,D
11:18:38,INDF,RG,6175,2,D,AK,XC,D
11:18:36,INDF,RG,6175,15,F,YU,XC,D
11:18:36,INDF,RG,6175,5,F,YU,YU,D
11:18:31,INDF,RG,6175,7,D,KK,YU,D
11:18:18,INDF,RG,6175,1,D,AK,YU,D
11:18:17,INDF,RG,6175,1,D,AK,YU,D
11:18:17,INDF,RG,6175,1,D,AK,YU,D
11:18:17,INDF,RG,6175,2,D,AK,YU,D
11:18:17,INDF,RG,6175,1,D,AK,YU,D
11:18:15,INDF,RG,6150,4,F,ZP,PD,D
11:18:15,INDF,RG,6150,1,D,PD,PD,D
11:18:15,INDF,RG,6150,14,D,LG,PD,D
11:18:12,INDF,RG,6150,1,D,LG,YP,D
11:17:50,INDF,RG,6150,1,D,LG,YP,D
11:17:39,INDF,RG,6175,1,D,AK,YU,D
11:17:38,INDF,RG,6175,1,D,AK,YU,D
11:17:38,INDF,RG,6175,1,D,AK,YU,D
11:17:38,INDF,RG,6175,1,D,AK,YU,D
11:17:37,INDF,RG,6175,2,D,AK,YU,D
11:17:37,INDF,RG,6175,1,D,AK,YU,D
11:17:36,INDF,RG,6175,20,F,YU,YU,D
11:17:32,INDF,RG,6175,1,D,AK,YU,D
11:17:32,INDF,RG,6175,1,D,AK,YU,D
11:17:32,INDF,RG,6175,1,D,AK,YU,D
11:17:31,INDF,RG,6175,2,D,AK,YU,D
11:17:31,INDF,RG,6175,1,D,AK,YU,D
11:17:31,INDF,RG,6150,17,D,LG,AK,F
11:17:23,INDF,RG,6150,2,D,LG,BQ,D
11:17:01,INDF,RG,6175,1,D,AK,YU,D
11:17:01,INDF,RG,6175,1,D,AK,YU,D
11:17:00,INDF,RG,6175,1,D,AK,YU,D
11:17:00,INDF,RG,6175,1,D,AK,YU,D
11:17:00,INDF,RG,6175,1,D,AK,YU,D
11:17:00,INDF,RG,6175,3,D,AK,YU,D
11:17:00,INDF,RG,6175,2,D,AK,YU,D
11:16:59,INDF,RG,6175,16,D,KK,YU,D
11:16:59,INDF,RG,6175,14,D,KK,YU,D
11:16:43,INDF,RG,6175,1,D,AK,YU,D
11:16:42,INDF,RG,6175,1,D,AK,YU,D
11:16:42,INDF,RG,6175,1,D,AK,PD,D
11:16:42,INDF,RG,6175,1,D,AK,PD,D
11:16:42,INDF,RG,6175,2,D,AK,PD,D
11:16:42,INDF,RG,6175,1,D,AK,PD,D
