Time,Stock,Brd,Price,Qty,BT,BC,SC,ST
15:14:23,INDF,RG,6475,1,D,YP,PD,D
15:12:34,INDF,RG,6475,30,D,YP,DX,D
15:11:41,INDF,RG,6475,10,D,YP,XA,D
15:09:14,INDF,RG,6475,1,D,YP,XA,D
15:09:11,INDF,RG,6475,1,D,YP,PD,D
15:07:57,INDF,RG,6475,2,F,CS,DH,D
15:07:26,INDF,RG,6475,1,F,CS,AT,D
15:06:28,INDF,RG,6475,100,F,CS,YP,F
15:06:25,INDF,RG,6475,100,F,CS,LS,D
15:04:48,INDF,RG,6475,5,F,CS,GR,D
15:04:19,INDF,RG,6475,10,F,CS,FS,D
15:04:16,INDF,RG,6475,1,F,CS,PD,D
15:03:59,INDF,RG,6475,5,F,CS,YB,D
15:02:45,INDF,RG,6475,1,F,CS,XC,D
15:01:19,INDF,RG,6475,10,F,CS,FS,D
15:00:00,INDF,RG,6475,29,F,CS,XC,D
15:00:00,INDF,RG,6475,1,F,CS,PD,D
15:00:00,INDF,RG,6475,1,F,CS,DR,D
15:00:00,INDF,RG,6475,5,F,CS,CC,D
15:00:00,INDF,RG,6475,10,F,CS,GR,D
15:00:00,INDF,RG,6475,1,F,CS,XC,D
15:00:00,INDF,RG,6475,2,F,CS,XC,D
15:00:00,INDF,RG,6475,3,F,CS,YP,D
15:00:00,INDF,RG,6475,6,F,CS,PD,D
15:00:00,INDF,RG,6475,75,F,CS,KI,D
15:00:00,INDF,RG,6475,775,F,CS,KI,D
15:00:00,INDF,RG,6475,775,F,CS,KI,D
15:00:00,INDF,RG,6475,1,D,XL,KI,D
15:00:00,INDF,RG,6475,25,D,YP,KI,D
15:00:00,INDF,RG,6475,1,D,KK,KI,D
15:00:00,INDF,RG,6475,2,D,DR,KI,D
15:00:00,INDF,RG,6475,1,D,YP,KI,D
15:00:00,INDF,RG,6475,2,D,YP,KI,D
15:00:00,INDF,RG,6475,104,F,YU,KI,D
15:00:00,INDF,RG,6475,139,F,YU,KI,D
15:00:00,INDF,RG,6475,34,F,YU,KI,D
15:00:00,INDF,RG,6475,30,F,YU,KI,D
15:00:00,INDF,RG,6475,1,D,YP,KI,D
15:00:00,INDF,RG,6475,1,D,YP,KI,D
15:00:00,INDF,RG,6475,2,D,YP,KI,D
15:00:00,INDF,RG,6475,2,D,NI,KI,D
15:00:00,INDF,RG,6475,4,F,BK,KI,D
15:00:00,INDF,RG,6475,17,F,AK,KI,D
15:00:00,INDF,RG,6475,39,F,AK,KI,D
15:00:00,INDF,RG,6475,3,F,ZP,KI,D
15:00:00,INDF,RG,6475,431,F,ZP,KI,D
15:00:00,INDF,RG,6475,459,F,AK,KI,D
15:00:00,INDF,RG,6475,577,F,KZ,KI,D
15:00:00,INDF,RG,6475,2,F,KZ,YP,D
15:00:00,INDF,RG,6475,1634,F,KZ,CC,D
15:00:00,INDF,RG,6475,366,F,BK,CC,D
15:00:00,INDF,RG,6475,5,F,BK,TP,D
15:00:00,INDF,RG,6475,1,F,BK,YP,D
15:00:00,INDF,RG,6475,1,F,BK,CC,D
15:00:00,INDF,RG,6475,1,F,BK,XC,D
15:00:00,INDF,RG,6475,1,F,BK,GR,D
15:00:00,INDF,RG,6475,5,F,BK,PD,D
15:00:00,INDF,RG,6475,1,F,BK,NI,D
15:00:00,INDF,RG,6475,20,F,BK,PD,D
15:00:00,INDF,RG,6475,1,F,BK,KK,D
15:00:00,INDF,RG,6475,6,F,BK,NI,D
15:00:00,INDF,RG,6475,20,F,BK,PD,D
15:00:00,INDF,RG,6475,5,F,BK,PD,D
15:00:00,INDF,RG,6475,10,F,BK,YP,D
15:00:00,INDF,RG,6475,1,F,BK,YP,D
15:00:00,INDF,RG,6475,173,F,BK,YP,D
15:00:00,INDF,RG,6475,10,F,BK,NI,D
15:00:00,INDF,RG,6475,1000,F,BK,CC,D
15:00:00,INDF,RG,6475,260,F,BK,CC,D
15:00:00,INDF,RG,6475,740,F,BK,CC,D
15:00:00,INDF,RG,6475,1,F,BK,NI,D
15:00:00,INDF,RG,6475,5,F,BK,YP,D
15:00:00,INDF,RG,6475,10,F,BK,PD,D
15:00:00,INDF,RG,6475,2,F,BK,PD,D
15:00:00,INDF,RG,6475,1,F,BK,XC,D
15:00:00,INDF,RG,6475,2,F,BK,XC,D
15:00:00,INDF,RG,6475,2,F,BK,PD,D
15:00:00,INDF,RG,6475,1,F,BK,XC,D
15:00:00,INDF,RG,6475,1123,F,BK,KI,D
15:00:00,INDF,RG,6475,46,F,BK,KI,D
15:00:00,INDF,RG,6475,396,F,BK,KI,D
15:00:00,INDF,RG,6475,147,F,CS,KI,D
15:00:00,INDF,RG,6475,1953,F,AK,KI,D
15:00:00,INDF,RG,6475,335,F,YU,KI,D
15:00:00,INDF,RG,6475,162,F,YU,CC,D
15:00:00,INDF,RG,6475,25,F,YU,CC,D
15:00:00,INDF,RG,6475,5,F,YU,SQ,D
15:00:00,INDF,RG,6475,5,F,YU,NI,D
15:00:00,INDF,RG,6475,16,F,YU,YP,D
15:00:00,INDF,RG,6475,10,F,YU,TP,D
15:00:00,INDF,RG,6475,20,F,YU,SQ,D
15:00:00,INDF,RG,6475,1,F,YU,PD,D
15:00:00,INDF,RG,6475,39,F,YU,BK,D
15:00:00,INDF,RG,6475,664,F,YU,OD,D
15:00:00,INDF,RG,6475,198,F,YU,OD,D
15:00:00,INDF,RG,6475,28,F,YU,YU,F
15:00:00,INDF,RG,6475,11,F,YU,AK,F
15:00:00,INDF,RG,6475,76,F,YU,AK,F
15:00:00,INDF,RG,6475,116,F,YU,AK,F
15:00:00,INDF,RG,6475,116,F,YU,AK,F
15:00:00,INDF,RG,6475,16,F,YU,AK,F
15:00:00,INDF,RG,6475,336,F,YU,AK,F
15:00:00,INDF,RG,6475,285,F,YU,AK,F
15:00:00,INDF,RG,6475,2,F,YU,KK,D
15:00:00,INDF,RG,6475,58,F,YU,DR,D
15:00:00,INDF,RG,6475,21,F,YU,AK,F
15:00:00,INDF,RG,6475,1045,F,YU,AK,F
15:00:00,INDF,RG,6475,31,F,YU,AK,F
15:00:00,INDF,RG,6475,5,F,YU,AK,F
15:00:00,INDF,RG,6475,13,F,YU,AK,F
15:00:00,INDF,RG,6475,205,F,AK,AK,F
15:00:00,INDF,RG,6475,4,F,AK,AK,F
15:00:00,INDF,RG,6475,27,D,YU,AK,F
15:00:00,INDF,RG,6475,7,D,YU,AK,F
15:00:00,INDF,RG,6475,43,D,YU,CC,D
15:00:00,INDF,RG,6475,133,D,YU,AK,F
15:00:00,INDF,RG,6475,90,F,RX,AK,F
15:00:00,INDF,RG,6475,1262,F,RX,PD,D
15:00:00,INDF,RG,6475,7,F,RX,YU,D
14:49:59,INDF,RG,6475,3,F,AK,CC,D
14:49:58,INDF,RG,6475,2,F,KZ,CC,D
14:49:57,INDF,RG,6475,7,F,ZP,CC,D
14:49:52,INDF,RG,6475,2,F,KZ,CC,D
14:49:52,INDF,RG,6475,1,F,KZ,CC,D
14:49:51,INDF,RG,6475,6,F,ZP,CC,D
14:49:51,INDF,RG,6475,3,F,ZP,CC,D
14:49:49,INDF,RG,6475,1,F,KZ,CC,D
14:49:48,INDF,RG,6475,4,F,KZ,CC,D
14:49:47,INDF,RG,6450,4,F,KZ,AK,F
14:49:47,INDF,RG,6450,11,F,KZ,AK,F
14:49:46,INDF,RG,6450,10,F,KZ,AK,F
14:49:46,INDF,RG,6450,1,F,KZ,AK,F
14:49:46,INDF,RG,6450,5,F,KZ,AK,F
14:49:46,INDF,RG,6450,44,F,AK,AK,F
14:49:45,INDF,RG,6475,41,F,AK,CC,D
14:49:45,INDF,RG,6450,1,F,AK,AK,F
14:49:45,INDF,RG,6475,1,F,KZ,CC,D
14:49:45,INDF,RG,6475,1,F,KZ,CC,D
14:49:45,INDF,RG,6475,2,F,AK,CC,D
14:49:45,INDF,RG,6475,21,F,ZP,CC,D
14:49:44,INDF,RG,6450,1,F,KZ,PD,D
14:49:44,INDF,RG,6450,2,F,KZ,FS,D
14:49:43,INDF,RG,6450,8,F,KZ,FS,D
14:49:42,INDF,RG,6425,1,D,GR,PD,D
14:49:40,INDF,RG,6450,7,F,ZP,BK,F
14:49:32,INDF,RG,6450,15,F,KZ,AK,F
14:49:31,INDF,RG,6450,6,F,KZ,AK,F
14:49:31,INDF,RG,6450,6,D,DR,AK,F
14:49:30,INDF,RG,6450,1,D,DR,AK,F
14:49:30,INDF,RG,6475,2,F,AK,CC,D
14:49:29,INDF,RG,6475,1,F,AK,CC,D
14:49:28,INDF,RG,6425,1,D,GR,PD,D
14:49:27,INDF,RG,6425,1,D,GR,AK,F
14:49:26,INDF,RG,6475,8,F,ZP,CC,D
14:49:16,INDF,RG,6450,1,F,AK,AK,F
14:49:06,INDF,RG,6450,13,F,KZ,AK,F
14:49:05,INDF,RG,6450,10,F,KZ,AK,F
14:49:05,INDF,RG,6450,9,F,KZ,AK,F
14:49:05,INDF,RG,6450,21,F,KZ,AK,F
14:49:04,INDF,RG,6450,6,F,KZ,AK,F
14:49:03,INDF,RG,6450,8,F,BK,AK,F
14:49:03,INDF,RG,6450,8,F,KZ,AK,F
14:49:03,INDF,RG,6475,10,F,BK,CC,D
14:49:03,INDF,RG,6450,9,F,KZ,AK,F
14:49:03,INDF,RG,6450,87,F,AK,AK,F
14:49:03,INDF,RG,6450,20,D,NI,AK,F
14:49:03,INDF,RG,6450,1,F,BK,AK,F
14:49:02,INDF,RG,6450,14,F,KZ,AK,F
14:49:02,INDF,RG,6450,13,F,KZ,AK,F
14:49:02,INDF,RG,6475,1,F,BK,CC,D
14:49:01,INDF,RG,6450,13,F,KZ,AK,F
14:49:01,INDF,RG,6450,20,F,ZP,AK,F
14:49:00,INDF,RG,6450,58,F,BK,AK,F
14:49:00,INDF,RG,6450,96,F,AK,AK,F
14:49:00,INDF,RG,6450,5,F,AK,AK,F
14:49:00,INDF,RG,6450,8,F,KZ,AK,F
14:49:00,INDF,RG,6450,1,F,AK,AK,F
14:49:00,INDF,RG,6450,1,F,AK,AK,F
14:49:00,INDF,RG,6450,1,F,AK,AK,F
14:48:59,INDF,RG,6450,5,F,KZ,AK,F
14:48:59,INDF,RG,6475,1,F,AK,CC,D
14:48:59,INDF,RG,6450,5,F,AK,AK,F
14:48:58,INDF,RG,6425,2,D,GR,AK,F
14:48:58,INDF,RG,6475,9,F,BK,CC,D
14:48:57,INDF,RG,6475,12,F,KZ,CC,D
14:48:52,INDF,RG,6450,1,D,KK,AK,F
14:48:51,INDF,RG,6475,10,F,BK,CC,D
14:48:48,INDF,RG,6450,8,F,BK,AK,F
14:48:47,INDF,RG,6450,16,F,KZ,AK,F
14:48:47,INDF,RG,6450,5,F,KZ,AK,F
14:48:46,INDF,RG,6450,5,F,KZ,AK,F
14:48:46,INDF,RG,6450,51,F,AK,AK,F
14:48:45,INDF,RG,6475,8,F,AK,CC,D
14:48:42,INDF,RG,6475,6,F,KZ,CC,D
14:48:41,INDF,RG,6475,23,F,KZ,CC,D
14:48:40,INDF,RG,6450,53,F,KZ,AK,F
14:48:39,INDF,RG,6450,8,F,BK,AK,F
14:48:39,INDF,RG,6450,28,F,KZ,AK,F
14:48:38,INDF,RG,6450,1,F,BK,AK,F
14:48:38,INDF,RG,6450,86,F,AK,AK,F
14:48:38,INDF,RG,6450,105,F,BK,AK,F
14:48:38,INDF,RG,6450,21,F,ZP,AK,F
14:48:38,INDF,RG,6475,9,F,BK,CC,D
14:48:38,INDF,RG,6450,80,F,AK,AK,F
14:48:36,INDF,RG,6450,8,F,BK,AK,F
14:48:32,INDF,RG,6450,10,F,BK,AK,F
14:48:32,INDF,RG,6450,12,F,KZ,AK,F
14:48:32,INDF,RG,6450,9,F,KZ,AK,F
14:48:31,INDF,RG,6450,14,F,KZ,AK,F
14:48:31,INDF,RG,6475,44,F,KZ,CC,D
14:48:31,INDF,RG,6450,29,F,AK,AK,F
14:48:31,INDF,RG,6450,15,F,AK,AK,F
14:48:30,INDF,RG,6475,156,F,YU,CC,D
14:48:30,INDF,RG,6475,15,F,KZ,CC,D
14:48:30,INDF,RG,6475,4,F,AK,CC,D
14:48:29,INDF,RG,6475,9,F,BK,CC,D
14:48:27,INDF,RG,6475,10,F,BK,CC,D
14:48:22,INDF,RG,6450,8,F,BK,AK,F
14:48:22,INDF,RG,6450,12,F,KZ,AK,F
14:48:21,INDF,RG,6450,1,F,YU,AK,F
14:48:21,INDF,RG,6450,33,F,ZP,AK,F
14:48:21,INDF,RG,6450,5,F,KZ,AK,F
14:48:20,INDF,RG,6450,4,F,KZ,CS,F
14:48:19,INDF,RG,6425,7,D,GR,AK,F
14:48:19,INDF,RG,6450,1,D,CC,CS,F
14:48:18,INDF,RG,6450,12,F,KZ,CS,F
14:48:18,INDF,RG,6450,10,F,BK,CS,F
14:48:17,INDF,RG,6450,9,F,BK,CS,F
14:48:17,INDF,RG,6425,19,D,GR,YP,D
14:48:16,INDF,RG,6425,1,D,GR,PD,D
14:48:16,INDF,RG,6450,16,F,KZ,CS,F
14:48:15,INDF,RG,6450,34,F,AK,CS,F
14:48:15,INDF,RG,6450,14,F,KZ,CS,F
14:48:15,INDF,RG,6450,2,F,AK,CS,F
14:48:15,INDF,RG,6450,13,F,AK,CS,F
14:48:15,INDF,RG,6450,1,F,AK,CS,F
14:48:12,INDF,RG,6475,9,F,BK,CC,D
14:48:08,INDF,RG,6475,10,F,BK,CC,D
14:48:04,INDF,RG,6475,7,F,KZ,CC,D
14:48:03,INDF,RG,6475,9,F,BK,CC,D
14:48:02,INDF,RG,6475,15,F,KZ,CC,D
14:48:01,INDF,RG,6425,27,D,GR,KZ,D
14:48:01,INDF,RG,6450,12,F,BK,KZ,D
14:48:00,INDF,RG,6450,15,F,KZ,BK,F
14:48:00,INDF,RG,6450,1,F,AK,BK,F
14:47:59,INDF,RG,6450,9,F,BK,BK,F
14:47:53,INDF,RG,6450,9,F,BK,BK,F
14:47:51,INDF,RG,6450,9,F,BK,AK,F
14:47:47,INDF,RG,6450,20,F,KZ,AK,F
14:47:47,INDF,RG,6450,9,F,KZ,AK,F
14:47:46,INDF,RG,6450,9,F,BK,AK,F
14:47:46,INDF,RG,6450,80,F,AK,AK,F
14:47:46,INDF,RG,6450,4,F,KZ,AK,F
14:47:46,INDF,RG,6450,1,F,AK,AK,F
14:47:45,INDF,RG,6475,7,F,KZ,CC,D
14:47:42,INDF,RG,6475,11,F,KZ,CC,D
14:47:42,INDF,RG,6475,9,F,BK,CC,D
14:47:41,INDF,RG,6475,8,F,BK,CC,D
14:47:39,INDF,RG,6450,8,F,KZ,AK,F
14:47:39,INDF,RG,6450,8,F,BK,AK,F
14:47:38,INDF,RG,6450,12,F,KZ,AK,F
14:47:38,INDF,RG,6475,30,F,KZ,CC,D
14:47:37,INDF,RG,6450,19,F,BK,AK,F
14:47:37,INDF,RG,6450,27,F,ZP,AK,F
14:47:37,INDF,RG,6450,83,F,AK,AK,F
14:47:36,INDF,RG,6450,1,F,BK,GR,D
14:47:32,INDF,RG,6425,3,D,GR,AK,F
14:47:31,INDF,RG,6425,1,D,GR,AK,F
14:47:31,INDF,RG,6475,15,F,KZ,CC,D
14:47:30,INDF,RG,6425,2,D,GR,AK,F
14:47:30,INDF,RG,6475,10,F,BK,CC,D
14:47:29,INDF,RG,6475,9,F,BK,CC,D
14:47:27,INDF,RG,6425,2,D,GR,AK,F
14:47:26,INDF,RG,6425,1,D,GR,AK,F
14:47:26,INDF,RG,6475,10,F,BK,CC,D
14:47:25,INDF,RG,6475,9,F,BK,CC,D
14:47:16,INDF,RG,6450,9,F,KZ,AK,F
14:47:16,INDF,RG,6450,2,F,AK,AK,F
14:47:16,INDF,RG,6450,5,F,AK,AK,F
14:47:16,INDF,RG,6450,12,F,KZ,AK,F
14:47:15,INDF,RG,6475,9,F,BK,CC,D
14:47:15,INDF,RG,6425,2,D,GR,AK,F
14:47:14,INDF,RG,6450,1,F,AK,AK,F
14:47:14,INDF,RG,6475,12,F,BK,CC,D
14:47:13,INDF,RG,6475,9,F,BK,CC,D
14:47:05,INDF,RG,6450,11,F,KZ,AK,F
14:47:05,INDF,RG,6450,6,F,KZ,AK,F
14:47:03,INDF,RG,6450,17,F,KZ,AK,F
14:47:02,INDF,RG,6450,8,F,BK,AK,F
14:47:02,INDF,RG,6450,10,F,KZ,AK,F
14:47:02,INDF,RG,6450,53,F,KZ,AK,F
14:47:01,INDF,RG,6450,180,F,YU,AK,F
14:47:01,INDF,RG,6450,19,F,ZP,AK,F
14:47:01,INDF,RG,6450,15,F,ZP,KK,D
14:47:01,INDF,RG,6475,31,F,KZ,CC,D
14:47:01,INDF,RG,6450,1,F,AK,AK,F
14:47:00,INDF,RG,6475,6,F,KZ,CC,D
14:47:00,INDF,RG,6475,9,F,BK,CC,D
14:47:00,INDF,RG,6475,4,F,AK,CC,D
14:47:00,INDF,RG,6475,112,F,YU,CC,D
14:46:57,INDF,RG,6425,1,D,GR,PD,D
14:46:57,INDF,RG,6475,15,F,KZ,CC,D
14:46:55,INDF,RG,6475,9,F,BK,CC,D
14:46:50,INDF,RG,6475,9,F,BK,CC,D
14:46:45,INDF,RG,6450,24,F,AK,AK,F
14:46:43,INDF,RG,6450,10,F,BK,AK,F
14:46:43,INDF,RG,6450,11,F,KZ,AK,F
14:46:42,INDF,RG,6450,13,F,KZ,AK,F
14:46:42,INDF,RG,6450,8,D,YP,AK,F
14:46:41,INDF,RG,6450,2,D,YP,AK,F
14:46:41,INDF,RG,6475,10,F,BK,CC,D
14:46:40,INDF,RG,6475,12,F,BK,CC,D
14:46:36,INDF,RG,6450,1,F,BK,XC,D
14:46:26,INDF,RG,6425,2,D,GR,AK,F
14:46:25,INDF,RG,6475,9,F,BK,CC,D
14:46:23,INDF,RG,6425,1,D,GR,AK,F
14:46:21,INDF,RG,6450,11,F,KZ,AK,F
14:46:21,INDF,RG,6450,3,D,KK,AK,F
14:46:21,INDF,RG,6450,15,F,KZ,AK,F
14:46:20,INDF,RG,6450,7,F,KZ,AK,F
14:46:20,INDF,RG,6475,12,F,BK,CC,D
14:46:19,INDF,RG,6450,9,F,BK,AK,F
14:46:16,INDF,RG,6450,12,F,KZ,AK,F
14:46:15,INDF,RG,6450,29,F,ZP,AK,F
14:46:15,INDF,RG,6450,3,D,XL,AK,F
14:46:12,INDF,RG,6475,6,F,KZ,CC,D
14:46:11,INDF,RG,6475,9,F,BK,CC,D
14:46:11,INDF,RG,6475,1,D,NI,CC,D
14:46:09,INDF,RG,6475,9,F,KZ,CC,D
14:46:06,INDF,RG,6475,12,F,BK,CC,D
14:46:06,INDF,RG,6475,15,F,KZ,CC,D
14:46:05,INDF,RG,6475,10,F,BK,CC,D
14:46:00,INDF,RG,6475,9,F,BK,CC,D
14:45:50,INDF,RG,6450,9,F,BK,AK,F
14:45:48,INDF,RG,6450,13,F,KZ,AK,F
14:45:48,INDF,RG,6450,9,F,KZ,AK,F
14:45:47,INDF,RG,6450,4,F,KZ,AK,F
14:45:47,INDF,RG,6450,44,F,AK,AK,F
14:45:47,INDF,RG,6450,16,F,KZ,AK,F
14:45:44,INDF,RG,6450,17,F,KZ,AK,F
14:45:44,INDF,RG,6450,45,F,AK,AK,F
14:45:44,INDF,RG,6450,14,F,BK,AK,F
14:45:44,INDF,RG,6450,10,F,BK,AK,F
14:45:43,INDF,RG,6450,4,F,AK,AK,F
14:45:41,INDF,RG,6425,1,D,GR,AK,F
14:45:41,INDF,RG,6450,1,F,BK,KZ,D
14:45:41,INDF,RG,6450,2,F,BK,KZ,D
14:45:41,INDF,RG,6450,2,F,BK,KZ,D
14:45:41,INDF,RG,6450,2,F,BK,PD,D
14:45:34,INDF,RG,6425,1,D,GR,AK,F
14:45:32,INDF,RG,6450,9,F,BK,AK,F
14:45:32,INDF,RG,6450,6,F,KZ,AK,F
14:45:31,INDF,RG,6450,10,F,KZ,AK,F
14:45:30,INDF,RG,6450,2,F,AK,AK,F
14:45:29,INDF,RG,6475,10,F,BK,CC,D
14:45:26,INDF,RG,6425,1,D,GR,AK,F
14:45:24,INDF,RG,6475,10,F,KZ,CC,D
14:45:24,INDF,RG,6425,2,D,GR,AK,F
14:45:23,INDF,RG,6475,12,F,BK,CC,D
14:45:18,INDF,RG,6475,11,F,KZ,CC,D
14:45:14,INDF,RG,6475,10,F,BK,CC,D
14:45:09,INDF,RG,6450,4,F,KZ,AK,F
14:45:08,INDF,RG,6450,7,F,KZ,AK,F
14:45:07,INDF,RG,6450,9,F,BK,AK,F
14:45:07,INDF,RG,6450,4,F,BK,KZ,D
14:45:07,INDF,RG,6450,2,F,BK,KZ,D
14:45:07,INDF,RG,6450,7,F,BK,KZ,D
14:45:05,INDF,RG,6450,14,F,KZ,AK,F
14:45:04,INDF,RG,6450,34,F,KZ,AK,F
14:45:04,INDF,RG,6450,22,F,KZ,AK,F
14:45:02,INDF,RG,6450,133,F,KZ,AK,F
14:45:02,INDF,RG,6450,9,F,BK,AK,F
14:45:02,INDF,RG,6450,10,F,KZ,AK,F
14:45:02,INDF,RG,6450,24,F,ZP,AK,F
14:45:01,INDF,RG,6475,84,F,KZ,CC,D
14:45:01,INDF,RG,6450,499,F,AK,AK,F
14:45:01,INDF,RG,6450,10,F,KZ,AK,F
14:45:01,INDF,RG,6450,15,F,YU,AK,F
14:45:01,INDF,RG,6475,14,F,KZ,CC,D
14:45:00,INDF,RG,6450,67,F,YU,AK,F
14:45:00,INDF,RG,6450,51,F,ZP,AK,F
14:45:00,INDF,RG,6450,145,F,AK,AK,F
14:45:00,INDF,RG,6475,118,F,YU,CC,D
14:45:00,INDF,RG,6450,36,F,YU,KZ,D
14:44:57,INDF,RG,6450,11,F,KZ,KZ,D
14:44:51,INDF,RG,6450,9,F,BK,KZ,D
14:44:51,INDF,RG,6450,13,F,KZ,KZ,D
14:44:51,INDF,RG,6450,10,F,BK,KZ,D
14:44:48,INDF,RG,6450,1,F,BK,KZ,D
14:44:48,INDF,RG,6450,7,F,BK,PD,D
14:44:37,INDF,RG,6450,12,F,KZ,PD,D
14:44:36,INDF,RG,6450,11,F,BK,PD,D
14:44:34,INDF,RG,6450,14,F,BK,AK,F
14:44:31,INDF,RG,6450,8,F,KZ,AK,F
14:44:31,INDF,RG,6450,7,F,AK,AK,F
14:44:31,INDF,RG,6450,8,F,AK,AK,F
14:44:29,INDF,RG,6475,13,F,KZ,CC,D
14:44:29,INDF,RG,6475,15,F,BK,CC,D
14:44:27,INDF,RG,6425,1,D,GR,AK,F
14:44:27,INDF,RG,6450,9,F,BK,AK,F
14:44:26,INDF,RG,6450,4,F,KZ,AK,F
14:44:26,INDF,RG,6450,26,F,AK,AK,F
14:44:26,INDF,RG,6450,4,F,KZ,AK,F
14:44:25,INDF,RG,6450,13,F,KZ,AK,F
14:44:24,INDF,RG,6450,1,F,KZ,AG,D
14:44:18,INDF,RG,6425,2,D,GR,AK,F
14:44:16,INDF,RG,6475,13,F,KZ,CC,D
14:44:16,INDF,RG,6450,23,F,ZP,AK,F
14:44:15,INDF,RG,6450,19,F,AK,AK,F
14:44:12,INDF,RG,6475,16,F,BK,CC,D
14:44:12,INDF,RG,6475,8,F,KZ,CC,D
14:44:07,INDF,RG,6475,9,F,BK,CC,D
14:44:06,INDF,RG,6475,9,F,KZ,CC,D
14:44:03,INDF,RG,6475,10,F,BK,CC,D
14:44:01,INDF,RG,6450,31,F,KZ,AK,F
14:44:01,INDF,RG,6450,5,F,KZ,AK,F
14:44:01,INDF,RG,6450,5,F,KZ,AK,F
14:44:01,INDF,RG,6450,122,F,YU,AK,F
14:44:01,INDF,RG,6450,2,F,AK,AK,F
14:44:00,INDF,RG,6475,12,F,KZ,CC,D
14:44:00,INDF,RG,6475,6,F,AK,CC,D
14:43:52,INDF,RG,6450,16,F,BK,AK,F
14:43:50,INDF,RG,6450,4,D,PD,AK,F
14:43:49,INDF,RG,6450,12,F,BK,AK,F
14:43:48,INDF,RG,6450,17,F,AK,AK,F
14:43:47,INDF,RG,6450,15,F,KZ,AK,F
14:43:47,INDF,RG,6450,7,F,KZ,AK,F
14:43:46,INDF,RG,6475,10,F,BK,CC,D
14:43:46,INDF,RG,6450,7,F,KZ,AK,F
14:43:44,INDF,RG,6450,11,F,KZ,AK,F
14:43:43,INDF,RG,6450,25,F,KZ,AK,F
14:43:43,INDF,RG,6450,41,F,YU,AK,F
14:43:42,INDF,RG,6450,50,F,YU,AK,F
14:43:42,INDF,RG,6450,18,F,KZ,AK,F
14:43:41,INDF,RG,6450,5,F,KZ,AK,F
14:43:40,INDF,RG,6450,14,F,KZ,AK,F
14:43:40,INDF,RG,6450,10,F,KZ,AK,F
14:43:40,INDF,RG,6450,10,F,CS,AK,F
14:43:40,INDF,RG,6450,1,F,CS,AK,F
14:43:40,INDF,RG,6450,1,F,CS,AK,F
14:43:40,INDF,RG,6450,7,F,CS,AK,F
14:43:40,INDF,RG,6450,3,F,CS,AK,F
14:43:40,INDF,RG,6450,57,F,ZP,AK,F
14:43:39,INDF,RG,6450,55,D,AT,AK,F
14:43:39,INDF,RG,6475,16,F,BK,CC,D
14:43:38,INDF,RG,6475,9,F,BK,CC,D
14:43:30,INDF,RG,6475,7,F,KZ,CC,D
14:43:26,INDF,RG,6475,9,F,BK,CC,D
14:43:24,INDF,RG,6475,4,F,KZ,CC,D
14:43:23,INDF,RG,6475,8,F,KZ,CC,D
14:43:23,INDF,RG,6425,9,D,GR,AK,F
14:43:22,INDF,RG,6475,9,F,BK,CC,D
14:43:15,INDF,RG,6475,4,F,KZ,CC,D
14:43:10,INDF,RG,6475,4,F,KZ,CC,D
14:43:09,INDF,RG,6475,13,F,KZ,CC,D
14:43:09,INDF,RG,6475,19,F,BK,CC,D
14:43:06,INDF,RG,6425,9,D,GR,AK,F
14:43:05,INDF,RG,6475,15,F,KZ,CC,D
14:43:05,INDF,RG,6475,11,F,BK,CC,D
14:43:01,INDF,RG,6475,13,F,BK,CC,D
14:42:53,INDF,RG,6475,10,F,KZ,CC,D
14:42:53,INDF,RG,6425,7,D,GR,AK,F
14:42:51,INDF,RG,6475,11,F,BK,CC,D
14:42:48,INDF,RG,6475,10,F,KZ,CC,D
14:42:46,INDF,RG,6475,12,F,BK,CC,D
14:42:39,INDF,RG,6475,9,F,KZ,CC,D
14:42:35,INDF,RG,6425,6,D,GR,AK,F
14:42:33,INDF,RG,6475,17,F,KZ,CC,D
14:42:32,INDF,RG,6475,11,F,BK,CC,D
14:42:24,INDF,RG,6425,5,D,GR,AK,F
14:42:24,INDF,RG,6425,1,D,GR,AK,F
14:42:24,INDF,RG,6475,17,F,BK,CC,D
14:42:22,INDF,RG,6475,8,F,KZ,CC,D
14:42:21,INDF,RG,6425,2,D,GR,CC,D
14:42:12,INDF,RG,6475,7,F,KZ,CC,D
14:42:05,INDF,RG,6425,4,D,GR,AK,F
14:42:04,INDF,RG,6475,5,F,KZ,CC,D
14:42:03,INDF,RG,6425,3,D,GR,AK,F
14:42:03,INDF,RG,6475,18,F,KZ,CC,D
14:42:03,INDF,RG,6475,20,F,BK,CC,D
14:41:51,INDF,RG,6425,3,D,GR,AK,F
14:41:50,INDF,RG,6425,4,D,GR,AK,F
14:41:50,INDF,RG,6475,14,F,KZ,CC,D
14:41:49,INDF,RG,6475,17,F,BK,CC,D
14:41:46,INDF,RG,6475,9,F,BK,CC,D
14:41:40,INDF,RG,6475,2,F,KZ,CC,D
14:41:40,INDF,RG,6450,5,F,KZ,AK,F
14:41:39,INDF,RG,6425,10,D,GR,YP,D
14:41:39,INDF,RG,6475,14,F,KZ,CC,D
14:41:38,INDF,RG,6425,5,D,GR,AK,F
14:41:37,INDF,RG,6450,2,F,KZ,AK,F
14:41:37,INDF,RG,6475,30,F,KZ,CC,D
14:41:37,INDF,RG,6450,10,F,KZ,AK,F
14:41:36,INDF,RG,6450,11,F,KZ,AK,F
14:41:36,INDF,RG,6450,36,F,ZP,AK,F
14:41:36,INDF,RG,6450,9,F,CS,AK,F
14:41:36,INDF,RG,6450,134,F,YU,AK,F
14:41:36,INDF,RG,6450,15,D,YP,AK,F
14:41:36,INDF,RG,6475,11,F,BK,CC,D
14:41:34,INDF,RG,6475,4,F,KZ,CC,D
14:41:33,INDF,RG,6475,13,F,KZ,CC,D
14:41:15,INDF,RG,6475,11,F,KZ,CC,D
14:41:00,INDF,RG,6475,9,F,KZ,CC,D
14:40:51,INDF,RG,6475,15,F,KZ,CC,D
14:40:31,INDF,RG,6450,17,F,KZ,AK,F
14:40:30,INDF,RG,6450,12,F,KZ,AK,F
14:40:30,INDF,RG,6450,25,F,ZP,AK,F
14:40:30,INDF,RG,6450,27,F,AK,AK,F
14:40:30,INDF,RG,6450,1,F,AK,KZ,D
14:40:19,INDF,RG,6450,1,F,ZP,KZ,D
14:40:12,INDF,RG,6450,2,D,YP,KZ,D
14:40:12,INDF,RG,6450,1,F,KZ,KZ,D
14:40:12,INDF,RG,6450,5,F,KZ,AK,F
14:40:03,INDF,RG,6450,14,F,KZ,AK,F
14:40:03,INDF,RG,6475,37,F,KZ,CC,D
14:40:02,INDF,RG,6450,8,F,KZ,AK,F
14:40:02,INDF,RG,6450,156,F,YU,AK,F
14:40:02,INDF,RG,6450,25,F,KZ,AK,F
14:40:00,INDF,RG,6450,59,F,YU,AK,F
14:39:58,INDF,RG,6450,3,D,CC,AK,F
14:39:50,INDF,RG,6475,14,F,KZ,CC,D
14:39:49,INDF,RG,6450,22,F,KZ,AK,F
14:39:48,INDF,RG,6450,35,F,KZ,AK,F
14:39:47,INDF,RG,6450,5,F,KZ,AK,F
14:39:47,INDF,RG,6450,10,F,CS,AK,F
14:39:47,INDF,RG,6450,80,F,ZP,AK,F
14:39:47,INDF,RG,6450,15,F,CS,AK,F
14:39:47,INDF,RG,6450,100,D,CC,AK,F
14:39:33,INDF,RG,6475,9,F,KZ,CC,D
14:39:23,INDF,RG,6475,3,F,KZ,CC,D
14:39:23,INDF,RG,6475,4,F,KZ,CC,D
14:39:23,INDF,RG,6475,2,F,KZ,NI,D
14:39:23,INDF,RG,6475,3,F,KZ,CC,D
14:39:23,INDF,RG,6475,1,F,KZ,DH,D
14:39:21,INDF,RG,6475,4,D,KK,DH,D
14:39:04,INDF,RG,6475,4,F,KZ,DH,D
14:39:03,INDF,RG,6475,15,F,KZ,DH,D
14:39:02,INDF,RG,6475,11,F,KZ,DH,D
14:39:02,INDF,RG,6475,5,F,KZ,YP,D
14:39:02,INDF,RG,6475,44,F,KZ,CS,F
14:39:01,INDF,RG,6475,21,F,KZ,CS,F
14:39:01,INDF,RG,6475,52,F,YU,CS,F
14:39:01,INDF,RG,6475,48,F,YU,XC,D
14:39:01,INDF,RG,6475,16,F,YU,CC,D
14:39:01,INDF,RG,6475,2,F,YU,YP,D
14:39:01,INDF,RG,6475,107,F,YU,CC,D
14:39:00,INDF,RG,6450,65,F,YU,KZ,D
14:38:57,INDF,RG,6450,13,F,KZ,KZ,D
14:38:44,INDF,RG,6450,23,F,KZ,KZ,D
14:38:43,INDF,RG,6450,64,F,ZP,KZ,D
14:38:33,INDF,RG,6450,5,F,KZ,BK,F
14:38:29,INDF,RG,6450,4,F,KZ,BK,F
14:38:29,INDF,RG,6450,7,F,KZ,PD,D
14:38:28,INDF,RG,6450,3,F,AK,PD,D
14:38:28,INDF,RG,6450,5,F,AK,YP,D
14:38:28,INDF,RG,6450,1,F,AK,XC,D
14:38:28,INDF,RG,6450,16,F,AK,CS,F
14:38:27,INDF,RG,6450,15,F,KZ,CS,F
14:38:06,INDF,RG,6450,15,F,KZ,CS,F
14:37:42,INDF,RG,6450,5,F,KZ,CS,F
14:37:36,INDF,RG,6450,8,F,KZ,CS,F
14:37:27,INDF,RG,6450,13,F,KZ,CS,F
14:37:06,INDF,RG,6450,5,F,KZ,CS,F
14:37:06,INDF,RG,6450,1,D,YP,CS,F
14:37:00,INDF,RG,6450,7,F,KZ,CS,F
14:36:46,INDF,RG,6450,14,F,KZ,CS,F
14:36:46,INDF,RG,6450,6,F,KZ,CS,F
14:36:45,INDF,RG,6450,1,F,CC,CS,F
14:36:45,INDF,RG,6450,26,F,KZ,CS,F
14:36:44,INDF,RG,6475,12,F,KZ,CC,D
14:36:44,INDF,RG,6450,18,F,KZ,AK,F
14:36:43,INDF,RG,6450,103,F,KZ,AK,F
14:36:42,INDF,RG,6450,94,F,KZ,AK,F
14:36:42,INDF,RG,6450,29,F,ZP,AK,F
14:36:42,INDF,RG,6450,157,F,KZ,AK,F
14:36:41,INDF,RG,6450,110,F,KZ,KZ,D
14:36:41,INDF,RG,6450,159,F,KZ,AK,F
14:36:41,INDF,RG,6450,14,F,KZ,AK,F
14:36:41,INDF,RG,6475,375,F,KZ,CC,D
14:36:40,INDF,RG,6450,7,F,KZ,AK,F
14:36:40,INDF,RG,6450,83,F,AK,AK,F
14:36:40,INDF,RG,6450,123,F,AK,AK,F
14:36:40,INDF,RG,6450,54,F,AK,AK,F
14:36:40,INDF,RG,6450,5,F,AK,AK,F
14:36:40,INDF,RG,6450,3,F,AK,AK,F
14:36:40,INDF,RG,6450,8,F,AK,AK,F
14:36:40,INDF,RG,6450,7,F,CS,AK,F
14:36:39,INDF,RG,6450,1,D,XC,AK,F
14:36:39,INDF,RG,6450,6,D,PD,AK,F
14:36:39,INDF,RG,6450,297,F,AK,AK,F
14:36:39,INDF,RG,6450,1,D,PD,AK,F
14:36:39,INDF,RG,6450,6,F,CS,AK,F
14:36:39,INDF,RG,6450,5,D,YP,AK,F
14:36:39,INDF,RG,6450,66,F,BK,AK,F
14:36:39,INDF,RG,6450,19,F,CS,AK,F
14:36:39,INDF,RG,6450,15,F,KZ,AK,F
14:36:39,INDF,RG,6450,218,F,AK,AK,F
14:36:39,INDF,RG,6450,4,F,AK,AK,F
14:36:39,INDF,RG,6450,23,F,AK,AK,F
14:36:39,INDF,RG,6450,94,F,ZP,AK,F
14:36:39,INDF,RG,6450,1,D,PD,AK,F
14:36:39,INDF,RG,6450,42,F,BK,AK,F
14:36:39,INDF,RG,6450,40,F,BK,AK,F
14:36:39,INDF,RG,6450,54,F,BK,AK,F
14:36:39,INDF,RG,6450,15,F,CS,AK,F
14:36:39,INDF,RG,6450,10,D,YP,AK,F
14:36:39,INDF,RG,6450,50,F,BK,AK,F
14:36:39,INDF,RG,6450,23,F,BK,AK,F
14:36:39,INDF,RG,6450,14,F,CS,AK,F
14:36:39,INDF,RG,6450,24,F,BK,AK,F
14:36:39,INDF,RG,6450,1,D,OD,AK,F
14:36:39,INDF,RG,6450,3,F,AK,AK,F
14:36:39,INDF,RG,6450,46,F,BK,AK,F
14:36:39,INDF,RG,6450,112,F,BK,AK,F
14:36:39,INDF,RG,6450,4,F,AK,AK,F
14:36:39,INDF,RG,6450,1,F,CC,AK,F
14:36:39,INDF,RG,6450,90,F,AK,AK,F
14:36:39,INDF,RG,6450,37,F,ZP,AK,F
14:36:39,INDF,RG,6450,46,F,BK,AK,F
14:36:39,INDF,RG,6450,12,F,CS,AK,F
14:36:39,INDF,RG,6450,43,F,BK,AK,F
14:36:39,INDF,RG,6450,68,F,YU,AK,F
14:36:39,INDF,RG,6450,3,F,AK,AK,F
14:36:39,INDF,RG,6450,43,F,BK,AK,F
14:36:39,INDF,RG,6450,1,F,AK,AK,F
14:36:39,INDF,RG,6450,100,F,YU,AK,F
14:36:39,INDF,RG,6450,41,F,BK,AK,F
14:36:39,INDF,RG,6450,4,F,AK,AK,F
14:36:39,INDF,RG,6450,53,F,YU,AK,F
14:36:39,INDF,RG,6450,46,F,BK,AK,F
14:36:39,INDF,RG,6450,24,F,ZP,AK,F
14:36:39,INDF,RG,6450,127,F,AK,AK,F
14:36:39,INDF,RG,6450,10,D,KK,AK,F
14:36:39,INDF,RG,6450,3,F,AK,AK,F
14:36:39,INDF,RG,6450,74,F,BK,AK,F
14:36:39,INDF,RG,6450,1,F,AK,AK,F
14:36:39,INDF,RG,6450,5,F,CS,AK,F
14:36:39,INDF,RG,6450,363,F,YU,AK,F
14:36:39,INDF,RG,6450,83,F,BK,AK,F
14:36:39,INDF,RG,6450,1,D,YP,AK,F
14:36:39,INDF,RG,6450,667,D,RF,AK,F
14:36:32,INDF,RG,6475,9,F,BK,CC,D
14:36:29,INDF,RG,6475,13,F,KZ,CC,D
14:36:28,INDF,RG,6475,37,F,BK,CC,D
14:36:24,INDF,RG,6475,8,F,KZ,CC,D
14:36:23,INDF,RG,6475,28,F,KZ,CC,D
14:36:22,INDF,RG,6450,100,D,RF,DR,D
14:36:15,INDF,RG,6475,4,F,KZ,CC,D
14:36:14,INDF,RG,6475,14,F,KZ,CC,D
14:36:12,INDF,RG,6475,11,F,BK,CC,D
14:36:06,INDF,RG,6475,26,F,BK,CC,D
14:36:06,INDF,RG,6475,5,F,KZ,CC,D
14:36:03,INDF,RG,6475,14,F,KZ,CC,D
14:36:02,INDF,RG,6475,40,F,BK,CC,D
14:36:02,INDF,RG,6475,16,F,KZ,CC,D
14:36:01,INDF,RG,6475,65,F,KZ,CC,D
14:36:00,INDF,RG,6475,249,F,YU,CC,D
14:35:54,INDF,RG,6475,5,F,KZ,CC,D
14:35:50,INDF,RG,6475,17,F,KZ,CC,D
14:35:50,INDF,RG,6475,13,F,BK,CC,D
14:35:38,INDF,RG,6475,9,F,BK,CC,D
14:35:33,INDF,RG,6475,13,F,KZ,CC,D
14:35:27,INDF,RG,6475,17,F,BK,CC,D
14:35:23,INDF,RG,6475,17,F,KZ,CC,D
14:35:22,INDF,RG,6475,42,F,BK,CC,D
14:35:20,INDF,RG,6475,22,F,KZ,CC,D
14:35:19,INDF,RG,6475,79,F,KZ,CC,D
14:35:18,INDF,RG,6475,7,F,KZ,CC,D
14:35:18,INDF,RG,6475,312,F,AK,CC,D
14:35:18,INDF,RG,6475,20,F,BK,CC,D
14:35:17,INDF,RG,6475,25,F,KZ,CC,D
14:35:16,INDF,RG,6475,13,F,BK,CC,D
14:35:16,INDF,RG,6475,52,F,CS,CC,D
14:35:02,INDF,RG,6475,10,F,KZ,CC,D
14:35:01,INDF,RG,6475,11,F,BK,CC,D
14:34:54,INDF,RG,6475,11,F,KZ,CC,D
14:34:50,INDF,RG,6450,23,D,RF,OD,D
14:34:48,INDF,RG,6475,13,F,KZ,CC,D
14:34:48,INDF,RG,6475,18,F,BK,CC,D
14:34:36,INDF,RG,6475,12,F,KZ,CC,D
14:34:33,INDF,RG,6475,16,F,BK,CC,D
14:34:24,INDF,RG,6475,8,F,KZ,CC,D
14:34:18,INDF,RG,6475,9,F,BK,CC,D
14:34:14,INDF,RG,6475,6,F,KZ,CC,D
14:34:13,INDF,RG,6475,22,F,KZ,CC,D
14:34:12,INDF,RG,6475,61,D,YP,CC,D
14:34:04,INDF,RG,6475,12,F,KZ,CC,D
14:34:04,INDF,RG,6475,35,F,BK,CC,D
14:34:02,INDF,RG,6475,12,F,KZ,CC,D
14:34:01,INDF,RG,6475,48,F,KZ,CC,D
14:34:01,INDF,RG,6475,1,F,KZ,XC,D
14:34:01,INDF,RG,6475,1,F,KZ,YU,D
14:34:01,INDF,RG,6475,1,F,KZ,XC,D
14:34:00,INDF,RG,6475,16,F,YU,XC,D
14:34:00,INDF,RG,6475,3,F,YU,YP,D
14:34:00,INDF,RG,6475,3,F,YU,XC,D
14:34:00,INDF,RG,6475,22,F,YU,CC,D
14:34:00,INDF,RG,6475,1,F,YU,XC,D
14:34:00,INDF,RG,6475,130,F,YU,CC,D
14:33:57,INDF,RG,6475,12,F,BK,CC,D
14:33:54,INDF,RG,6475,11,F,KZ,CC,D
14:33:46,INDF,RG,6450,10,D,RF,OD,D
14:33:46,INDF,RG,6450,7,F,BK,OD,D
14:33:43,INDF,RG,6475,7,F,KZ,CC,D
14:33:42,INDF,RG,6475,9,F,BK,CC,D
14:33:36,INDF,RG,6475,7,F,KZ,CC,D
14:33:30,INDF,RG,6475,14,F,KZ,CC,D
14:33:24,INDF,RG,6450,10,F,BK,ZP,D
14:33:23,INDF,RG,6475,11,F,BK,CC,D
14:33:15,INDF,RG,6475,10,F,KZ,CC,D
14:33:06,INDF,RG,6475,16,F,KZ,CC,D
14:33:05,INDF,RG,6475,9,F,BK,CC,D
14:32:48,INDF,RG,6475,10,F,KZ,CC,D
14:32:48,INDF,RG,6450,20,F,BK,OD,D
14:32:34,INDF,RG,6475,11,F,KZ,CC,D
14:32:33,INDF,RG,6475,14,F,BK,CC,D
14:32:24,INDF,RG,6475,13,F,KZ,CC,D
14:32:13,INDF,RG,6475,11,F,BK,CC,D
14:32:04,INDF,RG,6475,6,F,KZ,CC,D
14:32:03,INDF,RG,6475,11,F,KZ,CC,D
14:32:02,INDF,RG,6475,11,F,KZ,CC,D
14:32:02,INDF,RG,6475,44,F,BK,CC,D
14:32:01,INDF,RG,6475,45,F,KZ,CC,D
14:32:00,INDF,RG,6475,5,F,KZ,CC,D
14:32:00,INDF,RG,6475,180,F,YU,CC,D
14:31:59,INDF,RG,6475,22,F,KZ,CC,D
14:31:59,INDF,RG,6475,31,F,AK,CC,D
14:31:57,INDF,RG,6475,10,F,BK,CC,D
14:31:48,INDF,RG,6450,16,F,BK,OD,D
14:31:48,INDF,RG,6450,1,D,RF,OD,D
14:31:46,INDF,RG,6475,7,F,KZ,CC,D
14:31:45,INDF,RG,6475,15,F,KZ,CC,D
14:31:45,INDF,RG,6475,12,F,AK,CC,D
14:31:44,INDF,RG,6475,22,F,BK,CC,D
14:31:40,INDF,RG,6475,11,F,BK,CC,D
14:31:36,INDF,RG,6475,15,F,KZ,CC,D
14:31:21,INDF,RG,6475,10,F,BK,CC,D
14:31:16,INDF,RG,6475,12,F,KZ,CC,D
14:31:15,INDF,RG,6450,7,D,RF,YP,D
14:31:02,INDF,RG,6475,16,F,KZ,CC,D
14:31:01,INDF,RG,6475,29,F,BK,CC,D
14:30:58,INDF,RG,6475,14,F,BK,CC,D
14:30:57,INDF,RG,6475,16,F,KZ,CC,D
14:30:56,INDF,RG,6450,10,D,RF,CC,D
14:30:50,INDF,RG,6450,18,D,RF,OD,D
14:30:49,INDF,RG,6450,3,D,RF,PD,D
14:30:48,INDF,RG,6475,15,F,KZ,CC,D
14:30:45,INDF,RG,6475,1,F,AK,CC,D
14:30:37,INDF,RG,6475,12,F,BK,CC,D
14:30:30,INDF,RG,6475,5,F,KZ,CC,D
14:30:30,INDF,RG,6475,12,F,AK,CC,D
14:30:23,INDF,RG,6475,6,F,KZ,CC,D
14:30:22,INDF,RG,6475,10,F,BK,CC,D
14:30:18,INDF,RG,6475,6,F,KZ,CC,D
14:30:08,INDF,RG,6475,7,F,KZ,CC,D
14:30:07,INDF,RG,6475,17,F,KZ,CC,D
14:30:06,INDF,RG,6475,9,F,BK,CC,D
14:30:06,INDF,RG,6475,5,F,KZ,CC,D
14:30:06,INDF,RG,6450,66,D,RF,KZ,D
14:29:58,INDF,RG,6475,4,F,KZ,CC,D
14:29:57,INDF,RG,6475,14,F,KZ,CC,D
14:29:54,INDF,RG,6475,45,F,BK,CC,D
14:29:52,INDF,RG,6475,5,F,KZ,CC,D
14:29:51,INDF,RG,6475,9,F,KZ,CC,D
14:29:50,INDF,RG,6475,10,F,BK,CC,D
14:29:50,INDF,RG,6450,20,D,RF,OD,D
14:29:45,INDF,RG,6475,5,F,KZ,CC,D
14:29:39,INDF,RG,6475,11,F,KZ,CC,D
14:29:36,INDF,RG,6475,9,F,BK,CC,D
14:29:31,INDF,RG,6450,1,D,RF,CC,D
14:29:27,INDF,RG,6475,12,F,KZ,CC,D
14:29:24,INDF,RG,6475,9,F,BK,CC,D
14:29:15,INDF,RG,6475,13,F,KZ,CC,D
14:29:15,INDF,RG,6475,3,F,AK,CC,D
14:29:15,INDF,RG,6450,3,D,RF,YP,D
14:29:02,INDF,RG,6475,28,F,KZ,CC,D
14:29:01,INDF,RG,6475,59,F,KZ,CC,D
14:29:01,INDF,RG,6475,58,F,BK,CC,D
14:29:00,INDF,RG,6475,241,F,YU,CC,D
14:28:59,INDF,RG,6475,6,F,KZ,CC,D
14:28:57,INDF,RG,6475,14,F,BK,CC,D
14:28:57,INDF,RG,6475,9,F,KZ,CC,D
14:28:55,INDF,RG,6450,10,D,RF,PD,D
14:28:49,INDF,RG,6475,13,F,KZ,CC,D
14:28:48,INDF,RG,6475,14,F,KZ,CC,D
14:28:48,INDF,RG,6450,17,D,RF,OD,D
14:28:47,INDF,RG,6475,20,F,KZ,CC,D
14:28:46,INDF,RG,6475,60,F,BK,CC,D
14:28:46,INDF,RG,6475,81,F,KZ,CC,D
14:28:45,INDF,RG,6475,304,F,AK,CC,D
14:28:45,INDF,RG,6475,35,F,AK,KZ,D
14:28:45,INDF,RG,6475,6,F,KZ,KZ,D
14:28:45,INDF,RG,6475,1,F,KZ,YP,D
14:28:43,INDF,RG,6475,5,F,BK,YP,D
14:28:43,INDF,RG,6475,4,F,BK,YP,D
14:28:37,INDF,RG,6475,4,F,KZ,YP,D
14:28:36,INDF,RG,6475,2,F,KZ,YP,D
14:28:36,INDF,RG,6475,1,F,KZ,NI,D
14:28:36,INDF,RG,6475,5,F,KZ,KK,D
14:28:36,INDF,RG,6475,1,F,KZ,XC,D
14:28:36,INDF,RG,6475,4,F,KZ,AK,F
14:28:30,INDF,RG,6475,9,F,BK,AK,F
14:28:18,INDF,RG,6475,13,F,KZ,AK,F
14:28:09,INDF,RG,6475,11,F,BK,AK,F
14:28:05,INDF,RG,6475,20,F,KZ,AK,F
14:28:04,INDF,RG,6475,29,F,BK,AK,F
14:27:51,INDF,RG,6450,17,D,RF,OD,D
14:27:51,INDF,RG,6475,9,F,KZ,AK,F
14:27:50,INDF,RG,6475,13,F,BK,AK,F
14:27:42,INDF,RG,6475,9,F,KZ,AK,F
14:27:36,INDF,RG,6475,10,F,BK,AK,F
14:27:33,INDF,RG,6475,13,F,KZ,AK,F
14:27:19,INDF,RG,6475,9,F,BK,AK,F
14:27:14,INDF,RG,6450,1,D,RF,NI,D
14:27:12,INDF,RG,6475,5,F,KZ,AK,F
14:27:06,INDF,RG,6475,7,F,KZ,AK,F
14:27:04,INDF,RG,6475,8,F,BK,AK,F
14:27:02,INDF,RG,6475,17,F,KZ,AK,F
14:27:01,INDF,RG,6475,42,F,BK,AK,F
14:27:01,INDF,RG,6475,29,F,KZ,AK,F
14:27:00,INDF,RG,6475,80,F,YU,AK,F
14:26:53,INDF,RG,6475,19,F,KZ,AK,F
14:26:52,INDF,RG,6475,9,F,BK,AK,F
14:26:51,INDF,RG,6475,22,D,PD,AK,F
14:26:51,INDF,RG,6450,20,D,RF,OD,D
14:26:49,INDF,RG,6450,1,D,RF,XL,D
14:26:39,INDF,RG,6475,11,F,KZ,AK,F
14:26:38,INDF,RG,6475,9,F,BK,AK,F
14:26:28,INDF,RG,6475,16,F,KZ,AK,F
14:26:27,INDF,RG,6475,24,F,BK,AK,F
14:26:21,INDF,RG,6475,9,F,BK,AK,F
14:26:10,INDF,RG,6475,4,F,KZ,AK,F
14:26:09,INDF,RG,6475,9,F,BK,AK,F
14:26:09,INDF,RG,6475,5,F,KZ,AK,F
14:26:03,INDF,RG,6475,9,F,KZ,AK,F
14:25:50,INDF,RG,6475,13,F,KZ,AK,F
14:25:49,INDF,RG,6475,12,F,BK,AK,F
14:25:49,INDF,RG,6450,20,D,RF,OD,D
14:25:45,INDF,RG,6475,6,F,KZ,AK,F
14:25:45,INDF,RG,6475,1,F,KZ,AK,F
14:25:45,INDF,RG,6475,9,F,KZ,KZ,D
14:25:35,INDF,RG,6475,9,F,BK,KZ,D
14:25:19,INDF,RG,6475,9,F,KZ,KZ,D
14:25:18,INDF,RG,6475,2,F,BK,KZ,D
14:25:18,INDF,RG,6475,8,F,BK,CC,D
14:25:09,INDF,RG,6475,11,F,KZ,CC,D
14:25:08,INDF,RG,6475,45,F,KZ,CC,D
14:25:07,INDF,RG,6475,190,F,KZ,CC,D
14:25:07,INDF,RG,6450,285,D,RF,AK,F
14:25:07,INDF,RG,6450,40,F,BK,AK,F
14:25:07,INDF,RG,6450,67,F,AK,AK,F
14:25:07,INDF,RG,6450,410,D,RF,AK,F
14:25:07,INDF,RG,6450,3,F,AK,AK,F
14:25:07,INDF,RG,6450,4,F,AK,AK,F
14:25:07,INDF,RG,6450,10,F,BK,AK,F
14:25:07,INDF,RG,6450,4,F,KZ,AK,F
14:25:06,INDF,RG,6475,11,F,KZ,CC,D
14:25:01,INDF,RG,6475,30,F,KZ,CC,D
14:25:01,INDF,RG,6475,9,F,BK,CC,D
14:25:00,INDF,RG,6475,115,F,YU,CC,D
14:24:51,INDF,RG,6450,9,F,KZ,OD,D
14:24:51,INDF,RG,6450,11,F,ZP,OD,D
14:24:50,INDF,RG,6475,12,F,KZ,CC,D
14:24:49,INDF,RG,6475,8,F,BK,CC,D
14:24:36,INDF,RG,6475,14,F,KZ,CC,D
14:24:30,INDF,RG,6475,13,F,BK,CC,D
14:24:21,INDF,RG,6475,21,F,KZ,CC,D
14:24:21,INDF,RG,6450,15,F,ZP,KZ,D
14:24:21,INDF,RG,6450,31,D,RF,KZ,D
14:24:05,INDF,RG,6475,15,F,KZ,CC,D
14:24:05,INDF,RG,6475,14,F,AK,CC,D
14:23:51,INDF,RG,6450,20,D,RF,OD,D
14:23:51,INDF,RG,6475,5,F,KZ,CC,D
14:23:45,INDF,RG,6475,8,F,KZ,CC,D
14:23:33,INDF,RG,6475,12,F,KZ,CC,D
14:23:16,INDF,RG,6475,22,F,KZ,CC,D
14:23:15,INDF,RG,6475,80,F,AK,CC,D
14:23:15,INDF,RG,6475,12,F,KZ,CC,D
14:23:01,INDF,RG,6475,29,F,KZ,CC,D
14:23:00,INDF,RG,6475,95,F,YU,CC,D
14:22:52,INDF,RG,6475,11,F,KZ,CC,D
14:22:51,INDF,RG,6450,20,D,RF,OD,D
14:22:41,INDF,RG,6475,7,F,KZ,CC,D
14:22:40,INDF,RG,6475,30,F,KZ,CC,D
14:22:39,INDF,RG,6450,100,D,RF,SQ,D
14:22:30,INDF,RG,6475,11,F,KZ,CC,D
14:22:09,INDF,RG,6475,9,F,KZ,CC,D
14:21:53,INDF,RG,6475,9,F,KZ,CC,D
14:21:52,INDF,RG,6475,10,F,BK,CC,D
14:21:51,INDF,RG,6450,19,D,RF,OD,D
14:21:51,INDF,RG,6475,8,F,KZ,CC,D
14:21:36,INDF,RG,6475,6,F,KZ,CC,D
14:21:30,INDF,RG,6475,13,F,KZ,CC,D
14:21:19,INDF,RG,6475,10,F,BK,CC,D
14:21:09,INDF,RG,6475,11,F,KZ,CC,D
14:20:52,INDF,RG,6475,8,F,BK,CC,D
14:20:51,INDF,RG,6475,4,F,KZ,CC,D
14:20:48,INDF,RG,6475,12,F,KZ,CC,D
14:20:47,INDF,RG,6450,18,D,RF,OD,D
14:20:30,INDF,RG,6475,4,F,KZ,CC,D
14:20:29,INDF,RG,6475,12,F,KZ,CC,D
14:20:28,INDF,RG,6450,27,D,RF,CC,D
14:20:24,INDF,RG,6475,9,F,BK,CC,D
14:20:23,INDF,RG,6475,6,F,KZ,CC,D
14:20:22,INDF,RG,6475,8,D,CC,CC,D
14:20:21,INDF,RG,6475,14,F,KZ,CC,D
14:20:01,INDF,RG,6475,27,F,KZ,CC,D
14:20:00,INDF,RG,6475,89,F,YU,CC,D
14:19:58,INDF,RG,6475,5,F,AK,CC,D
14:19:57,INDF,RG,6475,8,F,BK,CC,D
14:19:57,INDF,RG,6475,6,F,KZ,CC,D
14:19:46,INDF,RG,6475,6,F,KZ,CC,D
14:19:45,INDF,RG,6450,21,D,RF,OD,D
14:19:45,INDF,RG,6475,6,F,KZ,CC,D
14:19:40,INDF,RG,6450,2,D,RF,XC,D
14:19:36,INDF,RG,6475,8,F,KZ,CC,D
14:19:30,INDF,RG,6475,13,F,KZ,CC,D
14:19:29,INDF,RG,6475,9,F,BK,CC,D
14:19:06,INDF,RG,6475,14,F,KZ,CC,D
14:19:02,INDF,RG,6475,9,F,BK,CC,D
14:18:44,INDF,RG,6475,12,F,KZ,CC,D
14:18:43,INDF,RG,6450,19,D,RF,OD,D
14:18:37,INDF,RG,6475,19,F,KZ,CC,D
14:18:36,INDF,RG,6450,52,D,RF,KZ,D
14:18:29,INDF,RG,6475,9,F,BK,CC,D
14:18:27,INDF,RG,6475,6,F,KZ,CC,D
14:18:18,INDF,RG,6475,10,F,KZ,CC,D
14:18:02,INDF,RG,6475,10,F,KZ,CC,D
14:18:01,INDF,RG,6475,42,F,KZ,CC,D
14:18:00,INDF,RG,6475,143,F,YU,CC,D
14:17:45,INDF,RG,6475,14,F,KZ,CC,D
14:17:41,INDF,RG,6450,20,D,RF,OD,D
14:17:27,INDF,RG,6475,8,F,KZ,CC,D
14:17:15,INDF,RG,6475,13,F,KZ,CC,D
14:16:48,INDF,RG,6475,10,F,KZ,CC,D
14:16:39,INDF,RG,6450,19,D,RF,OD,D
14:16:39,INDF,RG,6475,8,F,KZ,CC,D
14:16:27,INDF,RG,6475,15,F,KZ,CC,D
14:16:21,INDF,RG,6450,15,D,RF,YP,F
14:16:03,INDF,RG,6475,5,F,KZ,CC,D
14:15:54,INDF,RG,6475,4,F,KZ,CC,D
14:15:45,INDF,RG,6475,5,F,KZ,CC,D
14:15:42,INDF,RG,6475,16,F,KZ,CC,D
14:15:41,INDF,RG,6450,18,D,RF,OD,D
14:15:30,INDF,RG,6475,1,D,XL,CC,D
14:15:18,INDF,RG,6475,8,F,KZ,CC,D
14:15:03,INDF,RG,6475,8,F,KZ,CC,D
14:15:01,INDF,RG,6475,30,F,KZ,CC,D
14:15:00,INDF,RG,6475,119,F,YU,CC,D
14:14:57,INDF,RG,6475,9,F,KZ,CC,D
14:14:42,INDF,RG,6475,11,F,KZ,CC,D
14:14:39,INDF,RG,6450,7,D,RF,OD,D
14:14:27,INDF,RG,6475,12,F,KZ,CC,D
14:14:03,INDF,RG,6475,12,F,KZ,CC,D
14:13:42,INDF,RG,6475,13,F,KZ,CC,D
14:13:41,INDF,RG,6450,8,D,RF,OD,D
14:13:18,INDF,RG,6475,8,F,KZ,CC,D
14:13:03,INDF,RG,6475,7,F,KZ,CC,D
14:12:54,INDF,RG,6475,14,F,KZ,CC,D
14:12:41,INDF,RG,6450,7,D,RF,OD,D
14:12:30,INDF,RG,6475,12,F,KZ,CC,D
14:12:06,INDF,RG,6475,11,F,KZ,CC,D
14:11:43,INDF,RG,6475,5,F,KZ,CC,D
14:11:42,INDF,RG,6475,12,F,KZ,CC,D
14:11:41,INDF,RG,6450,7,D,RF,OD,D
14:11:21,INDF,RG,6475,15,F,KZ,CC,D
14:11:16,INDF,RG,6475,9,D,TP,CC,D
14:11:05,INDF,RG,6475,10,D,YP,CC,D
14:10:57,INDF,RG,6475,4,F,KZ,CC,D
14:10:50,INDF,RG,6475,8,F,KZ,CC,D
14:10:49,INDF,RG,6475,2,D,XC,CC,D
14:10:41,INDF,RG,6450,7,D,RF,OD,D
14:10:39,INDF,RG,6475,5,F,KZ,CC,D
14:10:30,INDF,RG,6475,5,F,KZ,CC,D
14:10:21,INDF,RG,6475,8,F,KZ,CC,D
14:10:05,INDF,RG,6475,4,F,KZ,CC,D
14:10:04,INDF,RG,6475,2,D,EP,CC,D
14:09:57,INDF,RG,6475,5,F,KZ,CC,D
14:09:54,INDF,RG,6475,13,F,KZ,CC,D
14:09:39,INDF,RG,6450,7,D,RF,OD,D
14:09:33,INDF,RG,6475,16,F,KZ,CC,D
14:09:26,INDF,RG,6475,5,D,YP,CC,D
14:09:03,INDF,RG,6475,12,F,KZ,CC,D
14:08:42,INDF,RG,6475,15,F,KZ,CC,D
14:08:20,INDF,RG,6450,10,D,RF,BK,F
14:08:17,INDF,RG,6475,9,F,KZ,CC,D
14:08:16,INDF,RG,6450,13,D,RF,BK,F
14:08:12,INDF,RG,6475,21,F,KZ,CC,D
14:08:11,INDF,RG,6450,33,D,RF,BK,F
14:08:06,INDF,RG,6450,1,F,CS,BK,F
14:08:06,INDF,RG,6450,1,F,CS,BK,F
14:08:06,INDF,RG,6450,2,D,NI,BK,F
14:08:01,INDF,RG,6425,20,D,GR,PD,D
14:08:01,INDF,RG,6425,102,D,GR,BK,F
14:08:01,INDF,RG,6425,39,F,BK,BK,F
14:07:57,INDF,RG,6450,9,F,KZ,BK,F
14:07:57,INDF,RG,6450,13,F,KZ,BK,F
14:07:54,INDF,RG,6450,7,F,KZ,BK,F
14:07:52,INDF,RG,6450,1,F,KZ,BK,F
14:07:47,INDF,RG,6450,7,F,KZ,OD,D
14:07:47,INDF,RG,6450,16,F,KZ,BK,F
14:07:47,INDF,RG,6450,14,F,KZ,BK,F
14:07:47,INDF,RG,6450,9,F,CS,BK,F
14:07:47,INDF,RG,6450,7,F,AK,BK,F
14:07:45,INDF,RG,6500,36,F,KZ,YP,D
14:07:45,INDF,RG,6500,33,F,KZ,YP,D
14:07:42,INDF,RG,6500,158,F,KZ,YP,D
14:07:41,INDF,RG,6475,14,F,KZ,BK,F
14:07:41,INDF,RG,6475,157,F,KZ,BK,F
14:07:41,INDF,RG,6475,42,F,ZP,BK,F
14:07:38,INDF,RG,6500,382,F,KZ,YP,D
14:07:38,INDF,RG,6475,330,F,KZ,BK,F
14:07:38,INDF,RG,6475,6,F,CS,BK,F
14:07:38,INDF,RG,6475,39,F,ZP,BK,F
14:07:38,INDF,RG,6475,1,F,CS,BK,F
14:07:38,INDF,RG,6475,416,F,BK,BK,F
14:07:38,INDF,RG,6475,253,F,KZ,BK,F
14:07:34,INDF,RG,6475,8,F,KZ,OD,D
14:07:34,INDF,RG,6475,57,F,KZ,CC,D
14:07:34,INDF,RG,6475,9,F,KZ,CC,D
14:07:33,INDF,RG,6450,6,F,ZP,AK,F
14:07:33,INDF,RG,6450,58,F,YU,AK,F
14:07:33,INDF,RG,6450,77,F,AK,AK,F
14:07:33,INDF,RG,6450,200,D,YP,AK,F
14:07:33,INDF,RG,6450,10,D,XC,AK,F
14:07:33,INDF,RG,6450,2,F,AK,AK,F
14:07:33,INDF,RG,6450,1,F,AK,AK,F
14:07:33,INDF,RG,6450,5,F,AK,AK,F
14:07:33,INDF,RG,6450,29,D,XC,AK,F
14:07:33,INDF,RG,6450,100,F,YU,AK,F
14:07:33,INDF,RG,6450,200,D,YP,AK,F
14:07:33,INDF,RG,6450,1,D,PD,AK,F
14:07:33,INDF,RG,6450,1,D,XC,AK,F
14:07:33,INDF,RG,6450,25,F,YU,AK,F
14:07:33,INDF,RG,6450,9,F,CS,AK,F
14:07:33,INDF,RG,6450,3,D,PD,AK,F
14:07:33,INDF,RG,6450,1,D,OD,AK,F
14:07:33,INDF,RG,6450,2,D,DR,AK,F
14:07:33,INDF,RG,6450,10,D,NI,AK,F
14:07:33,INDF,RG,6450,6,F,CS,AK,F
14:07:33,INDF,RG,6450,15,F,CS,AK,F
14:07:33,INDF,RG,6450,4,F,CS,AK,F
14:07:33,INDF,RG,6450,6,D,TP,AK,F
14:07:33,INDF,RG,6450,2,D,XC,AK,F
14:07:33,INDF,RG,6450,2,F,CS,AK,F
14:07:33,INDF,RG,6450,8,F,CS,AK,F
14:07:33,INDF,RG,6450,1,D,XC,AK,F
14:07:33,INDF,RG,6450,100,D,YB,AK,F
14:07:33,INDF,RG,6450,1,D,DH,AK,F
14:07:33,INDF,RG,6450,2,F,CS,AK,F
14:07:33,INDF,RG,6450,1,F,CS,AK,F
14:07:33,INDF,RG,6450,7,F,CS,AK,F
14:07:33,INDF,RG,6450,1,F,CS,AK,F
14:07:33,INDF,RG,6450,64,F,BK,AK,F
14:07:33,INDF,RG,6475,10,F,KZ,CC,D
14:07:33,INDF,RG,6475,2,F,CS,CC,D
14:07:32,INDF,RG,6475,1,D,XC,CC,D
14:07:32,INDF,RG,6475,6,D,PD,CC,D
14:07:32,INDF,RG,6475,14,D,YP,CC,D
14:07:32,INDF,RG,6475,41,F,BK,CC,D
14:07:32,INDF,RG,6475,13,F,CS,CC,D
14:07:32,INDF,RG,6475,1,D,YB,CC,D
14:07:32,INDF,RG,6475,92,F,ZP,CC,D
14:07:32,INDF,RG,6475,40,F,BK,CC,D
14:07:32,INDF,RG,6475,1,D,XC,CC,D
14:07:32,INDF,RG,6475,6,D,PD,CC,D
14:07:32,INDF,RG,6475,2,F,AK,CC,D
14:07:32,INDF,RG,6475,4,F,AK,CC,D
14:07:32,INDF,RG,6475,4,F,AK,CC,D
14:07:32,INDF,RG,6475,80,F,AK,CC,D
14:07:32,INDF,RG,6475,715,F,YU,CC,D
14:07:32,INDF,RG,6475,174,F,ZP,CC,D
14:07:32,INDF,RG,6475,900,D,RF,CC,D
14:07:32,INDF,RG,6475,82,F,AK,CC,D
14:07:32,INDF,RG,6475,46,F,AK,CC,D
14:07:32,INDF,RG,6475,1,F,AK,CC,D
14:07:32,INDF,RG,6475,1,F,AK,CC,D
14:07:32,INDF,RG,6475,4,F,AK,CC,D
14:07:32,INDF,RG,6475,4,F,AK,CC,D
14:07:32,INDF,RG,6475,3,F,AK,CC,D
14:07:32,INDF,RG,6475,2,F,AK,CC,D
14:07:32,INDF,RG,6475,1000,D,RF,CC,D
14:07:32,INDF,RG,6475,11,F,KZ,CC,D
14:07:32,INDF,RG,6475,386,F,BK,CC,D
14:07:32,INDF,RG,6475,39,F,YU,CC,D
14:07:32,INDF,RG,6475,25,F,YU,CC,D
14:07:32,INDF,RG,6475,10,F,CS,CC,D
14:07:32,INDF,RG,6475,14,F,AK,CC,D
14:07:31,INDF,RG,6475,12,F,AK,BK,F
14:07:27,INDF,RG,6500,20,F,KZ,YP,D
14:07:26,INDF,RG,6500,38,D,XC,YP,D
14:07:13,INDF,RG,6475,1,F,AK,PD,D
14:06:57,INDF,RG,6500,8,F,KZ,YP,D
14:06:56,INDF,RG,6475,15,F,AK,BK,F
14:06:54,INDF,RG,6500,17,F,KZ,YP,D
14:06:53,INDF,RG,6500,61,F,BK,YP,D
14:06:49,INDF,RG,6500,8,F,KZ,YP,D
14:06:47,INDF,RG,6475,17,F,AK,BK,F
14:06:42,INDF,RG,6500,13,F,KZ,YP,D
14:06:37,INDF,RG,6475,7,F,AK,OD,D
14:06:19,INDF,RG,6500,15,F,KZ,YP,D
14:06:18,INDF,RG,6500,5,D,NI,YP,D
14:06:10,INDF,RG,6475,11,F,AK,BK,F
14:06:07,INDF,RG,6475,18,F,AK,BK,F
14:06:03,INDF,RG,6500,1,D,XC,YP,D
14:06:03,INDF,RG,6500,13,F,KZ,YP,D
14:06:02,INDF,RG,6475,13,F,AK,BK,F
14:06:02,INDF,RG,6475,31,F,ZP,BK,F
14:06:02,INDF,RG,6500,10,F,KZ,YP,D
14:06:01,INDF,RG,6500,45,F,KZ,YP,D
14:06:00,INDF,RG,6500,73,F,YU,YP,D
14:06:00,INDF,RG,6500,108,F,AK,YP,D
14:05:48,INDF,RG,6500,9,F,KZ,YP,D
14:05:37,INDF,RG,6475,8,F,ZP,OD,D
14:05:32,INDF,RG,6500,6,F,KZ,YP,D
14:05:31,INDF,RG,6475,17,F,ZP,BK,F
14:05:30,INDF,RG,6500,11,F,KZ,YP,D
14:05:20,INDF,RG,6475,15,F,ZP,ZP,D
14:05:12,INDF,RG,6500,7,F,KZ,YP,D
14:04:57,INDF,RG,6500,11,F,KZ,YP,D
14:04:41,INDF,RG,6475,6,F,ZP,OD,D
14:04:33,INDF,RG,6500,9,F,KZ,YP,D
14:04:29,INDF,RG,6475,16,F,ZP,BK,F
14:04:24,INDF,RG,6500,14,F,KZ,YP,D
14:04:13,INDF,RG,6475,15,F,ZP,YP,D
14:04:00,INDF,RG,6475,10,F,ZP,BK,F
14:04:00,INDF,RG,6500,4,F,KZ,YP,D
14:03:57,INDF,RG,6500,11,F,KZ,YP,D
14:03:39,INDF,RG,6475,8,F,ZP,OD,D
14:03:33,INDF,RG,6500,10,F,KZ,YP,D
14:03:12,INDF,RG,6500,14,F,KZ,YP,D
14:03:11,INDF,RG,6475,18,F,ZP,BK,F
14:03:06,INDF,RG,6475,21,F,ZP,BK,F
14:03:03,INDF,RG,6500,14,F,KZ,YP,D
14:03:03,INDF,RG,6500,51,F,BK,YP,D
14:03:03,INDF,RG,6500,6,F,BK,ZP,D
14:03:02,INDF,RG,6500,4,F,KZ,ZP,D
14:03:02,INDF,RG,6500,4,F,KZ,YP,D
14:03:01,INDF,RG,6500,32,F,KZ,YP,D
14:03:00,INDF,RG,6500,97,F,YU,YP,D
14:02:50,INDF,RG,6500,5,F,AK,YP,D
14:02:38,INDF,RG,6500,5,F,AK,YP,D
14:02:37,INDF,RG,6500,5,F,KZ,YP,D
14:02:36,INDF,RG,6475,7,F,ZP,OD,D
14:02:30,INDF,RG,6500,7,F,KZ,YP,D
14:02:29,INDF,RG,6500,30,F,KZ,YP,D
14:02:29,INDF,RG,6500,2,F,AK,YP,D
14:02:28,INDF,RG,6475,112,F,ZP,NI,D
14:02:28,INDF,RG,6475,5,F,CS,NI,D
14:02:19,INDF,RG,6500,8,F,KZ,YP,D
14:02:18,INDF,RG,6500,5,F,BK,YP,D
14:02:18,INDF,RG,6500,10,F,BK,GR,D
14:02:18,INDF,RG,6500,9,F,BK,SQ,D
14:02:18,INDF,RG,6500,10,F,KZ,SQ,D
14:01:54,INDF,RG,6500,12,F,KZ,SQ,D
14:01:39,INDF,RG,6500,9,D,XC,SQ,D
14:01:33,INDF,RG,6500,15,F,KZ,SQ,D
14:01:25,INDF,RG,6500,36,F,KZ,SQ,D
14:01:25,INDF,RG,6500,8,D,KK,SQ,D
14:01:25,INDF,RG,6500,7,D,KK,SQ,D
14:01:25,INDF,RG,6500,9,D,KK,SQ,D
14:01:24,INDF,RG,6500,49,F,KZ,SQ,D
14:01:24,INDF,RG,6500,20,F,KZ,XC,D
14:01:24,INDF,RG,6500,50,F,KZ,PD,D
14:01:24,INDF,RG,6500,5,F,KZ,PD,D
14:01:24,INDF,RG,6500,1,F,KZ,AT,D
14:01:24,INDF,RG,6500,5,F,KZ,DR,D
14:01:24,INDF,RG,6500,1,F,KZ,XC,D
14:01:24,INDF,RG,6500,1,F,KZ,KK,D
14:01:24,INDF,RG,6500,2,F,KZ,EP,D
14:01:24,INDF,RG,6500,2,F,KZ,KK,D
14:01:24,INDF,RG,6500,5,F,KZ,DH,D
14:01:24,INDF,RG,6500,1,F,KZ,PD,D
14:01:24,INDF,RG,6500,2,F,KZ,HP,D
14:01:24,INDF,RG,6500,1,F,KZ,GR,D
14:01:24,INDF,RG,6500,20,F,KZ,FS,D
14:01:19,INDF,RG,6475,9,F,KZ,BK,F
14:01:19,INDF,RG,6475,4,F,KZ,AK,F
14:01:19,INDF,RG,6475,89,F,KZ,AK,F
14:01:19,INDF,RG,6475,2,F,KZ,LG,D
14:01:19,INDF,RG,6475,7,F,KZ,OD,D
14:01:19,INDF,RG,6475,1,F,KZ,XC,D
14:01:19,INDF,RG,6475,2,F,KZ,YP,D
14:01:19,INDF,RG,6475,6,F,KZ,PD,D
14:01:19,INDF,RG,6475,10,F,KZ,NI,D
14:01:19,INDF,RG,6475,52,F,KZ,KZ,D
14:01:19,INDF,RG,6475,87,F,KZ,BK,F
14:01:18,INDF,RG,6475,227,F,BK,BK,F
14:01:18,INDF,RG,6475,19,F,KZ,BK,F
14:01:18,INDF,RG,6475,152,F,KZ,AK,F
14:01:17,INDF,RG,6475,123,D,RF,AK,F
14:01:17,INDF,RG,6475,50,D,RF,CC,D
14:01:17,INDF,RG,6475,1,D,RF,PD,D
14:01:17,INDF,RG,6475,36,D,RF,YP,D
14:01:17,INDF,RG,6475,367,D,RF,BK,F
14:01:17,INDF,RG,6475,20,D,RF,GR,D
14:01:17,INDF,RG,6475,7,D,RF,YP,D
14:01:17,INDF,RG,6475,22,D,RF,KZ,D
14:01:17,INDF,RG,6475,5,D,RF,PD,D
14:01:17,INDF,RG,6475,12,D,RF,DH,D
14:01:17,INDF,RG,6475,5,D,RF,YP,D
14:01:17,INDF,RG,6475,3,D,RF,YP,D
14:01:17,INDF,RG,6475,10,D,RF,CC,D
14:01:17,INDF,RG,6475,100,D,RF,DX,D
14:01:17,INDF,RG,6475,160,D,RF,YP,D
14:01:17,INDF,RG,6475,1,D,RF,XC,D
14:01:17,INDF,RG,6475,1,D,RF,CP,D
14:01:17,INDF,RG,6475,10,D,RF,PD,D
14:01:17,INDF,RG,6475,4,D,RF,NI,D
14:01:17,INDF,RG,6475,1,D,RF,SQ,D
14:01:17,INDF,RG,6475,16,D,RF,CC,D
14:01:17,INDF,RG,6475,2,D,RF,PD,D
14:01:17,INDF,RG,6475,8,D,RF,XC,D
14:01:17,INDF,RG,6475,38,D,RF,YP,D
14:01:17,INDF,RG,6475,5,D,RF,YP,D
14:01:17,INDF,RG,6475,1,D,RF,KK,D
14:01:17,INDF,RG,6475,5,D,RF,PD,D
14:01:17,INDF,RG,6475,3,D,RF,CC,D
14:01:17,INDF,RG,6475,10,D,RF,NI,D
14:01:17,INDF,RG,6475,10,D,RF,YP,D
14:01:17,INDF,RG,6475,270,D,RF,AK,F
14:01:17,INDF,RG,6475,30,D,RF,CC,D
14:01:17,INDF,RG,6475,2,D,RF,YP,D
14:01:17,INDF,RG,6475,25,D,RF,KK,D
14:01:17,INDF,RG,6475,1,D,RF,NI,D
14:01:17,INDF,RG,6475,10,D,RF,SQ,D
14:01:17,INDF,RG,6475,1,D,RF,YP,D
14:01:17,INDF,RG,6475,191,D,RF,BK,F
14:01:17,INDF,RG,6475,219,D,RF,BK,F
14:01:17,INDF,RG,6475,315,D,RF,YP,D
14:01:03,INDF,RG,6475,13,F,KZ,YP,D
14:00:41,INDF,RG,6450,1,F,AK,OD,D
14:00:41,INDF,RG,6450,7,F,AK,OD,D
14:00:33,INDF,RG,6475,14,F,KZ,YP,D
14:00:23,INDF,RG,6475,2,F,ZP,YP,D
14:00:11,INDF,RG,6450,17,F,AK,BK,F
14:00:09,INDF,RG,6475,15,F,KZ,YP,D
14:00:08,INDF,RG,6450,16,F,AK,BK,F
14:00:02,INDF,RG,6450,16,F,AK,BK,F
14:00:01,INDF,RG,6475,28,F,KZ,YP,D
14:00:00,INDF,RG,6475,106,F,YU,YP,D
13:59:51,INDF,RG,6475,12,F,KZ,YP,D
13:59:46,INDF,RG,6475,10,D,YP,YP,D
13:59:42,INDF,RG,6450,7,F,AK,OD,D
13:59:26,INDF,RG,6475,6,F,KZ,YP,D
13:59:25,INDF,RG,6450,20,F,AK,PD,D
13:59:24,INDF,RG,6475,7,F,KZ,YP,D
13:59:07,INDF,RG,6475,39,F,BK,YP,D
13:59:06,INDF,RG,6475,203,F,AK,YP,D
13:59:06,INDF,RG,6475,46,F,CS,YP,D
13:59:06,INDF,RG,6475,10,F,KZ,YP,D
13:58:44,INDF,RG,6450,8,F,AK,OD,D
13:57:45,INDF,RG,6475,13,F,KZ,YP,D
13:57:44,INDF,RG,6450,6,F,AK,OD,D
13:57:36,INDF,RG,6475,161,D,PD,YP,D
13:57:36,INDF,RG,6475,20,D,PD,YP,D
13:57:36,INDF,RG,6475,1,D,PD,YP,D
13:57:36,INDF,RG,6475,13,D,PD,AK,F
13:57:36,INDF,RG,6475,5,D,PD,NI,D
13:57:00,INDF,RG,6475,9,F,AK,NI,D
13:56:47,INDF,RG,6475,6,F,AK,NI,D
13:56:47,INDF,RG,6475,3,F,AK,XC,D
13:56:46,INDF,RG,6450,8,F,AK,OD,D
13:56:24,INDF,RG,6475,1,F,AK,XC,D
13:56:24,INDF,RG,6475,3,F,AK,BK,F
13:56:23,INDF,RG,6475,1,D,XC,BK,F
13:55:51,INDF,RG,6475,11,F,KZ,BK,F
13:55:46,INDF,RG,6450,7,F,AK,OD,D
13:55:00,INDF,RG,6475,48,F,YU,BK,F
13:55:00,INDF,RG,6475,23,F,YU,BK,F
13:54:48,INDF,RG,6450,7,F,AK,OD,D
13:54:09,INDF,RG,6475,7,F,KZ,BK,F
13:54:07,INDF,RG,6450,40,F,AK,NI,D
13:53:48,INDF,RG,6450,8,F,AK,OD,D
13:53:25,INDF,RG,6450,1,F,AK,EP,D
13:53:05,INDF,RG,6450,1,F,AK,XC,D
13:53:03,INDF,RG,6475,5,F,KZ,BK,F
13:52:50,INDF,RG,6450,7,F,AK,OD,D
13:52:15,INDF,RG,6475,5,F,KZ,BK,F
13:51:46,INDF,RG,6450,7,F,AK,OD,D
13:51:27,INDF,RG,6475,15,F,KZ,BK,F
13:51:15,INDF,RG,6475,8,F,AK,BK,F
13:50:46,INDF,RG,6450,7,F,AK,OD,D
13:50:13,INDF,RG,6450,3,F,AK,PD,D
13:49:48,INDF,RG,6450,7,F,AK,OD,D
13:49:46,INDF,RG,6450,20,F,AK,PD,D
13:49:45,INDF,RG,6475,216,F,AK,BK,F
13:49:45,INDF,RG,6475,26,F,AK,CC,D
13:49:45,INDF,RG,6475,6,F,AK,PD,D
13:49:45,INDF,RG,6475,1,F,AK,XC,D
13:49:45,INDF,RG,6475,1,F,AK,KK,D
13:49:45,INDF,RG,6475,4,F,AK,PD,D
13:48:54,INDF,RG,6475,1,F,KZ,PD,D
13:48:54,INDF,RG,6475,5,F,KZ,SQ,D
13:48:54,INDF,RG,6475,9,F,KZ,DR,D
13:48:50,INDF,RG,6450,7,F,AK,OD,D
13:47:48,INDF,RG,6450,7,F,AK,OD,D
13:47:45,INDF,RG,6450,1,F,AK,OD,D
13:47:37,INDF,RG,6450,17,F,AK,BK,F
13:47:35,INDF,RG,6475,38,F,AK,DR,D
13:47:35,INDF,RG,6475,5,F,AK,PD,D
13:47:35,INDF,RG,6475,1,F,AK,AI,D
13:47:35,INDF,RG,6475,2,F,AK,NI,D
13:47:35,INDF,RG,6475,2,F,AK,PD,D
13:47:35,INDF,RG,6475,2,F,AK,XC,D
13:47:35,INDF,RG,6475,2,F,AK,YP,D
13:47:35,INDF,RG,6475,2,F,AK,GR,D
13:47:22,INDF,RG,6475,2,D,XL,GR,D
13:47:21,INDF,RG,6450,19,F,AK,BK,F
13:47:20,INDF,RG,6475,42,F,CS,GR,D
13:46:50,INDF,RG,6450,7,F,AK,OD,D
13:46:45,INDF,RG,6475,14,F,AK,GR,D
13:46:15,INDF,RG,6475,6,F,AK,GR,D
13:46:06,INDF,RG,6475,7,F,KZ,GR,D
13:45:56,INDF,RG,6450,2,F,AK,PD,D
13:45:50,INDF,RG,6450,7,F,AK,OD,D
13:45:15,INDF,RG,6475,1,F,AK,GR,D
13:45:15,INDF,RG,6475,3,F,AK,GR,D
13:45:09,INDF,RG,6475,1,D,XC,GR,D
13:44:54,INDF,RG,6450,16,F,AK,BK,F
13:44:52,INDF,RG,6450,13,F,AK,OD,D
13:44:39,INDF,RG,6475,13,F,KZ,GR,D
13:44:25,INDF,RG,6450,9,F,AK,BK,F
13:44:22,INDF,RG,6450,19,F,AK,BK,F
13:44:20,INDF,RG,6450,34,F,AK,YP,D
13:44:20,INDF,RG,6450,68,F,AK,YP,D
13:43:54,INDF,RG,6450,10,F,AK,BK,F
13:43:52,INDF,RG,6450,12,F,AK,OD,D
13:43:02,INDF,RG,6450,1,F,AK,DH,D
13:42:52,INDF,RG,6450,8,F,AK,OD,D
13:42:52,INDF,RG,6450,2,F,AK,OD,D
13:42:52,INDF,RG,6450,2,F,AK,OD,D
13:42:46,INDF,RG,6450,1,F,AK,AZ,D
13:41:50,INDF,RG,6450,1,F,AK,OD,D
13:41:50,INDF,RG,6450,5,F,AK,OD,D
13:41:50,INDF,RG,6450,7,F,KZ,OD,D
13:41:17,INDF,RG,6450,8,F,KZ,BK,F
13:41:17,INDF,RG,6450,3,D,PD,BK,F
13:41:14,INDF,RG,6475,8,F,KZ,GR,D
13:41:14,INDF,RG,6450,1,D,YB,FS,D
13:41:14,INDF,RG,6450,9,F,CS,FS,D
13:40:48,INDF,RG,6450,6,F,CS,OD,D
13:40:48,INDF,RG,6450,5,F,ZP,OD,D
13:39:49,INDF,RG,6450,11,F,ZP,OD,D
13:39:29,INDF,RG,6475,8,F,KZ,GR,D
13:39:15,INDF,RG,6450,1,F,ZP,XC,D
13:39:00,INDF,RG,6475,2,D,PD,GR,D
13:38:51,INDF,RG,6450,12,F,ZP,OD,D
13:37:53,INDF,RG,6450,17,F,ZP,BK,F
13:37:49,INDF,RG,6450,5,F,ZP,OD,D
13:37:49,INDF,RG,6450,8,D,YP,OD,D
13:37:44,INDF,RG,6475,4,F,KZ,GR,D
13:37:35,INDF,RG,6450,2,D,YP,YP,D
13:37:35,INDF,RG,6450,3,F,CS,YP,D
13:37:19,INDF,RG,6450,1,F,CS,BK,F
13:37:19,INDF,RG,6450,4,F,CS,BK,F
13:37:19,INDF,RG,6450,3,F,CS,BK,F
13:37:16,INDF,RG,6450,3,F,CS,BK,F
13:37:16,INDF,RG,6450,13,F,YU,BK,F
13:37:11,INDF,RG,6450,74,F,YU,BK,F
13:37:09,INDF,RG,6475,92,D,KI,GR,D
13:37:09,INDF,RG,6475,3,D,KI,YP,D
13:37:09,INDF,RG,6475,1,D,KI,CP,D
13:37:09,INDF,RG,6475,15,D,KI,YP,D
13:37:09,INDF,RG,6475,1,D,KI,TF,D
13:37:09,INDF,RG,6475,2,D,KI,XL,D
13:37:09,INDF,RG,6475,3,D,KI,PD,D
13:37:09,INDF,RG,6475,1,D,KI,YP,D
13:37:09,INDF,RG,6475,4,D,KI,PD,D
13:37:09,INDF,RG,6475,15,D,KI,SQ,D
13:37:09,INDF,RG,6475,10,D,KI,YP,D
13:37:09,INDF,RG,6475,50,D,KI,PD,D
13:37:09,INDF,RG,6475,2,D,KI,XC,D
13:37:09,INDF,RG,6475,5,D,KI,NI,D
13:37:09,INDF,RG,6475,1,D,KI,XC,D
13:37:09,INDF,RG,6475,40,D,KI,KK,D
13:37:09,INDF,RG,6475,105,D,KI,AK,F
13:36:51,INDF,RG,6450,11,F,YU,OD,D
13:36:44,INDF,RG,6475,6,F,KZ,AK,F
13:35:53,INDF,RG,6450,14,F,YU,OD,D
13:35:05,INDF,RG,6475,4,F,KZ,AK,F
13:34:53,INDF,RG,6450,13,F,YU,BK,F
13:34:50,INDF,RG,6450,11,F,YU,OD,D
13:33:59,INDF,RG,6475,14,F,KZ,AK,F
13:33:53,INDF,RG,6450,12,F,YU,OD,D
13:33:26,INDF,RG,6450,10,F,YU,BK,F
13:33:23,INDF,RG,6450,12,F,YU,OD,D
13:32:51,INDF,RG,6450,11,F,YU,OD,D
13:31:50,INDF,RG,6450,11,F,YU,OD,D
13:31:01,INDF,RG,6450,14,F,YU,BK,F
13:30:57,INDF,RG,6450,18,F,YU,BK,F
13:30:53,INDF,RG,6450,12,F,YU,OD,D
13:30:53,INDF,RG,6475,115,F,AK,AK,F
13:30:53,INDF,RG,6475,15,F,AK,NI,D
13:30:53,INDF,RG,6475,5,F,AK,PD,D
13:30:53,INDF,RG,6475,100,F,AK,YP,D
13:30:53,INDF,RG,6475,5,F,AK,AZ,D
13:30:53,INDF,RG,6475,200,F,AK,KK,D
13:30:53,INDF,RG,6475,1,F,AK,PD,D
13:30:53,INDF,RG,6475,56,F,AK,SQ,D
13:30:16,INDF,RG,6475,10,D,YP,SQ,D
13:30:10,INDF,RG,6450,1,F,YU,AK,F
13:30:09,INDF,RG,6450,18,F,YU,AK,F
13:30:08,INDF,RG,6450,7,F,YU,AK,F
13:30:08,INDF,RG,6450,102,F,YU,AK,F
13:30:07,INDF,RG,6475,5,D,CC,SQ,D
13:30:06,INDF,RG,6450,139,F,YU,AK,F
13:30:05,INDF,RG,6475,29,F,AK,SQ,D
13:30:05,INDF,RG,6475,17,F,AK,AT,D
13:30:05,INDF,RG,6475,1,F,AK,CC,D
13:30:05,INDF,RG,6475,1,F,AK,XC,D
13:30:05,INDF,RG,6475,50,F,AK,PD,D
13:30:05,INDF,RG,6475,124,F,AK,CC,D
13:30:05,INDF,RG,6475,1,F,AK,NI,D
13:30:05,INDF,RG,6475,5,F,AK,CC,D
13:30:05,INDF,RG,6475,7,F,AK,AT,D
13:30:05,INDF,RG,6475,5,F,AK,AT,D
13:30:05,INDF,RG,6450,3,F,YU,AK,F
13:30:05,INDF,RG,6450,155,F,BK,AK,F
13:30:05,INDF,RG,6450,104,F,ZP,AK,F
13:30:05,INDF,RG,6450,3,F,CS,AK,F
13:30:05,INDF,RG,6450,1,F,CS,AK,F
13:30:05,INDF,RG,6450,186,F,ZP,AK,F
13:30:05,INDF,RG,6475,11,F,AK,AT,D
13:30:04,INDF,RG,6475,1,D,XC,AT,D
13:30:04,INDF,RG,6450,1,F,ZP,XL,D
13:30:04,INDF,RG,6475,11,F,AK,AT,D
13:30:04,INDF,RG,6475,16,F,KZ,AT,D
13:30:04,INDF,RG,6475,1,F,KZ,PD,D
13:30:04,INDF,RG,6475,2,F,KZ,PD,D
13:30:04,INDF,RG,6475,250,F,KZ,YP,D
13:30:04,INDF,RG,6475,2,F,KZ,SQ,D
13:30:04,INDF,RG,6475,10,F,KZ,NI,D
13:30:04,INDF,RG,6475,1,F,KZ,XC,D
13:30:04,INDF,RG,6475,2,F,KZ,GR,D
13:30:04,INDF,RG,6475,250,F,KZ,OD,D
13:30:04,INDF,RG,6475,1,F,KZ,NI,D
13:30:04,INDF,RG,6475,5,F,KZ,PD,D
13:30:04,INDF,RG,6475,10,F,KZ,FS,D
13:30:04,INDF,RG,6475,4,F,KZ,PD,D
13:30:04,INDF,RG,6475,1,F,KZ,PD,D
13:30:04,INDF,RG,6475,1,F,KZ,KK,D
13:30:04,INDF,RG,6475,1,F,KZ,LS,D
13:30:04,INDF,RG,6475,10,F,KZ,XA,D
13:30:04,INDF,RG,6475,1,F,KZ,YP,D
13:30:04,INDF,RG,6475,5,F,KZ,YP,D
13:30:04,INDF,RG,6475,85,F,KZ,PD,D
13:30:04,INDF,RG,6475,520,F,KZ,YP,D
13:30:04,INDF,RG,6475,3,D,XC,YP,D
13:30:03,INDF,RG,6475,2,D,PD,YP,D
13:30:03,INDF,RG,6450,6,F,ZP,PD,D
13:30:03,INDF,RG,6450,2,F,CS,PD,D
13:30:02,INDF,RG,6475,1,D,PD,YP,D
13:30:02,INDF,RG,6450,2,F,CS,PD,D
13:30:02,INDF,RG,6450,1,F,CS,PD,D
13:30:01,INDF,RG,6450,1,F,CS,BQ,D
13:30:01,INDF,RG,6450,119,D,RF,BQ,D
13:30:01,INDF,RG,6475,1,D,SQ,YP,D
13:30:01,INDF,RG,6450,40,D,RF,CP,D
13:30:00,INDF,RG,6475,350,D,KI,YP,D
11:29:58,INDF,RG,6475,4,F,AK,YP,D
11:29:58,INDF,RG,6475,2,F,AK,YP,D
11:29:58,INDF,RG,6475,1,F,AK,YP,D
11:29:56,INDF,RG,6450,9,D,RF,OD,D
11:29:49,INDF,RG,6475,9,F,BK,YP,D
11:29:47,INDF,RG,6450,22,D,RF,BK,F
11:29:45,INDF,RG,6475,7,F,KZ,YP,D
11:29:45,INDF,RG,6475,1,F,AK,YP,D
11:29:44,INDF,RG,6475,21,F,BK,YP,D
11:29:43,INDF,RG,6475,1,F,AK,YP,D
11:29:42,INDF,RG,6475,15,F,KZ,YP,D
11:29:41,INDF,RG,6450,55,D,RF,BK,F
11:29:40,INDF,RG,6475,19,F,KZ,YP,D
11:29:40,INDF,RG,6450,45,D,RF,AK,F
11:29:39,INDF,RG,6475,21,F,BK,YP,D
11:29:39,INDF,RG,6475,30,F,KZ,YP,D
11:29:38,INDF,RG,6450,155,D,RF,YP,D
11:29:36,INDF,RG,6475,5,F,KZ,YP,D
11:29:35,INDF,RG,6475,9,F,BK,YP,D
11:29:20,INDF,RG,6475,10,F,KZ,YP,D
11:29:16,INDF,RG,6475,1,F,AK,YP,D
11:29:15,INDF,RG,6475,9,F,BK,YP,D
11:29:15,INDF,RG,6475,1,F,AK,YP,D
11:29:07,INDF,RG,6475,8,F,BK,YP,D
11:29:04,INDF,RG,6450,18,D,RF,BK,F
11:29:02,INDF,RG,6475,10,F,KZ,YP,D
11:29:02,INDF,RG,6475,10,F,BK,YP,D
11:28:58,INDF,RG,6450,10,D,RF,OD,D
11:28:50,INDF,RG,6475,9,F,BK,YP,D
11:28:48,INDF,RG,6450,10,D,RF,BK,F
11:28:46,INDF,RG,6475,15,F,KZ,YP,D
11:28:45,INDF,RG,6475,1,F,AK,YP,D
11:28:42,INDF,RG,6450,10,D,RF,BK,F
11:28:41,INDF,RG,6475,9,F,BK,YP,D
11:28:37,INDF,RG,6450,13,D,RF,BK,F
11:28:35,INDF,RG,6475,8,F,KZ,YP,D
11:28:35,INDF,RG,6475,27,F,BK,YP,D
11:28:34,INDF,RG,6450,27,D,RF,BK,F
11:28:33,INDF,RG,6475,15,F,KZ,YP,D
11:28:33,INDF,RG,6450,60,D,RF,AK,F
11:28:31,INDF,RG,6475,13,F,KZ,YP,D
11:28:30,INDF,RG,6475,1,F,AK,YP,D
11:28:30,INDF,RG,6475,44,F,AK,YP,D
11:28:17,INDF,RG,6475,9,F,BK,YP,D
11:28:15,INDF,RG,6475,14,F,KZ,YP,D
11:28:14,INDF,RG,6450,9,D,RF,BK,F
11:28:14,INDF,RG,6475,7,F,AK,YP,D
11:28:12,INDF,RG,6475,9,F,BK,YP,D
11:28:00,INDF,RG,6475,1,F,AK,YP,D
11:27:58,INDF,RG,6450,9,D,RF,OD,D
11:27:52,INDF,RG,6475,10,F,BK,YP,D
11:27:49,INDF,RG,6450,12,D,RF,BK,F
11:27:49,INDF,RG,6475,12,F,BK,YP,D
11:27:45,INDF,RG,6475,1,F,AK,YP,D
11:27:41,INDF,RG,6475,11,F,KZ,YP,D
11:27:30,INDF,RG,6475,1,F,AK,YP,D
11:27:30,INDF,RG,6450,20,D,RF,BK,F
11:27:29,INDF,RG,6475,9,F,BK,YP,D
11:27:26,INDF,RG,6475,11,F,KZ,YP,D
11:27:25,INDF,RG,6475,14,F,BK,YP,D
11:27:24,INDF,RG,6450,23,D,RF,BK,F
11:27:23,INDF,RG,6475,18,F,KZ,YP,D
11:27:22,INDF,RG,6475,26,F,BK,YP,D
11:27:22,INDF,RG,6450,58,D,RF,BK,F
11:27:19,INDF,RG,6475,10,F,KZ,YP,D
11:27:18,INDF,RG,6475,46,F,KZ,YP,D
11:27:17,INDF,RG,6450,200,D,RF,PD,D
11:27:16,INDF,RG,6475,13,F,BK,YP,D
11:27:16,INDF,RG,6475,19,F,KZ,YP,D
11:27:15,INDF,RG,6475,36,F,AK,YP,D
11:27:14,INDF,RG,6475,8,F,BK,YP,D
11:27:00,INDF,RG,6475,12,F,BK,YP,D
11:26:59,INDF,RG,6475,12,F,AK,YP,D
11:26:59,INDF,RG,6475,1,F,AK,YP,D
11:26:58,INDF,RG,6450,9,D,RF,OD,D
11:26:38,INDF,RG,6475,16,F,BK,YP,D
11:26:23,INDF,RG,6475,6,F,KZ,YP,D
11:26:18,INDF,RG,6475,10,F,BK,YP,D
11:26:15,INDF,RG,6475,4,F,AK,YP,D
11:26:14,INDF,RG,6475,10,F,BK,YP,D
11:26:08,INDF,RG,6475,14,F,KZ,YP,D
11:25:56,INDF,RG,6450,11,D,RF,OD,D
11:25:48,INDF,RG,6475,18,F,BK,YP,D
11:25:46,INDF,RG,6475,1,D,SQ,YP,D
11:25:45,INDF,RG,6475,1,F,AK,YP,D
11:25:37,INDF,RG,6475,13,F,BK,YP,D
11:25:36,INDF,RG,6475,15,F,KZ,YP,D
11:25:35,INDF,RG,6450,50,D,RF,DH,D
11:25:31,INDF,RG,6475,12,F,BK,YP,D
11:25:31,INDF,RG,6475,13,F,KZ,YP,D
11:25:30,INDF,RG,6475,72,F,AK,YP,D
11:25:11,INDF,RG,6475,8,F,KZ,YP,D
11:24:54,INDF,RG,6450,10,D,RF,OD,D
11:24:46,INDF,RG,6475,31,F,AK,YP,D
11:24:45,INDF,RG,6475,3,F,AK,YP,D
11:24:41,INDF,RG,6475,14,F,KZ,YP,D
11:24:35,INDF,RG,6475,10,D,YP,YP,D
11:24:00,INDF,RG,6475,1,F,AK,YP,D
11:23:56,INDF,RG,6450,13,D,RF,BK,F
11:23:56,INDF,RG,6475,10,F,KZ,YP,D
11:23:54,INDF,RG,6475,18,F,BK,YP,D
11:23:52,INDF,RG,6450,10,D,RF,OD,D
11:23:30,INDF,RG,6475,10,F,AK,YP,D
11:23:20,INDF,RG,6450,10,D,RF,BK,F
11:23:19,INDF,RG,6475,5,F,KZ,YP,D
11:23:18,INDF,RG,6450,18,D,RF,BK,F
11:23:17,INDF,RG,6475,6,F,KZ,YP,D
11:23:16,INDF,RG,6475,19,F,KZ,YP,D
11:23:16,INDF,RG,6475,11,F,BK,YP,D
11:23:15,INDF,RG,6475,106,F,AK,YP,D
11:23:14,INDF,RG,6475,12,F,KZ,YP,D
11:22:50,INDF,RG,6450,11,D,RF,OD,D
11:22:45,INDF,RG,6475,8,F,AK,YP,D
11:22:45,INDF,RG,6475,2,F,AK,EP,D
11:22:30,INDF,RG,6475,10,F,KZ,GR,D
11:22:30,INDF,RG,6475,4,F,KZ,SQ,D
11:22:29,INDF,RG,6475,1,F,AK,SQ,D
11:22:29,INDF,RG,6475,3,F,AK,SQ,D
11:22:28,INDF,RG,6450,50,D,RF,PD,D
11:22:05,INDF,RG,6475,18,F,KZ,SQ,D
11:22:04,INDF,RG,6450,70,D,RF,PD,D
11:21:48,INDF,RG,6450,9,D,RF,OD,D
11:21:41,INDF,RG,6475,10,F,KZ,SQ,D
11:21:41,INDF,RG,6475,23,F,BK,SQ,D
11:21:34,INDF,RG,6475,25,F,KZ,SQ,D
11:21:34,INDF,RG,6450,150,D,RF,PD,D
11:21:16,INDF,RG,6475,6,F,KZ,SQ,D
11:21:15,INDF,RG,6450,10,D,RF,SS,D
11:20:47,INDF,RG,6475,9,F,KZ,SQ,D
11:20:28,INDF,RG,6475,16,F,BK,SQ,D
11:20:26,INDF,RG,6475,10,F,KZ,SQ,D
11:20:25,INDF,RG,6475,33,F,BK,SQ,D
11:20:22,INDF,RG,6475,7,F,KZ,SQ,D
11:20:22,INDF,RG,6475,4,F,KZ,KK,D
11:20:22,INDF,RG,6475,9,F,KZ,PD,D
11:20:21,INDF,RG,6475,41,F,KZ,PD,D
11:20:21,INDF,RG,6475,10,F,KZ,PD,D
11:20:21,INDF,RG,6475,1,F,KZ,PD,D
11:20:21,INDF,RG,6475,1,F,KZ,PD,D
11:20:21,INDF,RG,6475,1,F,KZ,PD,D
11:20:21,INDF,RG,6475,10,F,KZ,DR,D
11:20:21,INDF,RG,6475,1,F,KZ,PD,D
11:20:21,INDF,RG,6475,3,F,KZ,PD,D
11:20:21,INDF,RG,6475,1,F,KZ,GR,D
11:20:21,INDF,RG,6475,20,F,KZ,FS,D
11:20:21,INDF,RG,6450,8,D,RF,AK,F
11:20:21,INDF,RG,6450,26,D,RF,BK,F
11:20:21,INDF,RG,6450,1,D,RF,AK,F
11:20:21,INDF,RG,6450,281,D,RF,AK,F
11:20:21,INDF,RG,6450,9,D,RF,OD,D
11:20:21,INDF,RG,6450,6,D,RF,PD,D
11:20:21,INDF,RG,6450,56,D,RF,BK,F
11:20:21,INDF,RG,6450,2,D,RF,XL,D
11:20:21,INDF,RG,6450,10,D,RF,DH,D
11:20:21,INDF,RG,6450,10,D,RF,NI,D
11:20:21,INDF,RG,6450,6,D,RF,LS,D
11:20:21,INDF,RG,6450,2,D,RF,YP,D
11:20:21,INDF,RG,6450,21,D,RF,PD,D
11:20:21,INDF,RG,6450,7,D,RF,SQ,D
11:20:18,INDF,RG,6450,7,F,KZ,SQ,D
11:20:17,INDF,RG,6450,6,F,BK,SQ,D
11:20:17,INDF,RG,6450,17,F,BK,CS,F
11:20:15,INDF,RG,6450,14,F,KZ,CS,F
11:20:14,INDF,RG,6450,56,F,KZ,CS,F
11:20:13,INDF,RG,6450,14,F,KZ,CS,F
11:20:12,INDF,RG,6450,33,F,BK,CS,F
11:20:12,INDF,RG,6450,2,F,BK,XC,D
11:20:12,INDF,RG,6450,5,F,BK,PD,D
11:20:12,INDF,RG,6450,20,F,BK,GR,D
11:20:12,INDF,RG,6450,222,F,BK,BK,F
11:20:12,INDF,RG,6450,32,F,KZ,BK,F
11:20:11,INDF,RG,6450,19,F,KZ,BK,F
11:20:11,INDF,RG,6425,17,F,YU,BK,F
11:20:11,INDF,RG,6450,159,F,KZ,BK,F
11:20:10,INDF,RG,6425,65,F,YU,AK,F
11:20:10,INDF,RG,6425,29,F,YU,AK,F
11:20:10,INDF,RG,6450,202,F,KZ,BK,F
11:20:10,INDF,RG,6450,1,F,KZ,SQ,D
11:20:10,INDF,RG,6450,58,F,KZ,BK,F
11:20:10,INDF,RG,6450,4,F,KZ,DR,D
11:20:10,INDF,RG,6450,21,F,AK,DR,D
11:20:10,INDF,RG,6450,2,F,AK,CC,D
11:20:10,INDF,RG,6450,5,F,AK,PD,D
11:20:10,INDF,RG,6450,10,F,AK,OD,D
11:20:10,INDF,RG,6450,1,F,AK,XC,D
11:20:10,INDF,RG,6450,17,F,AK,XC,D
11:20:10,INDF,RG,6450,4,F,AK,YP,D
11:20:10,INDF,RG,6450,4,F,AK,YP,D
11:20:10,INDF,RG,6450,46,F,AK,SQ,D
11:20:10,INDF,RG,6425,39,F,YU,AK,F
11:20:10,INDF,RG,6425,7,F,CS,AK,F
11:20:10,INDF,RG,6425,24,F,ZP,AK,F
11:20:10,INDF,RG,6425,4,F,CS,AK,F
11:20:10,INDF,RG,6425,2,F,CS,AK,F
11:20:10,INDF,RG,6425,5,F,CS,AK,F
11:20:10,INDF,RG,6425,2,F,CS,AK,F
11:20:10,INDF,RG,6425,2,F,AK,AK,F
11:20:10,INDF,RG,6425,49,F,AK,AK,F
11:20:10,INDF,RG,6425,1,F,AK,AK,F
11:20:10,INDF,RG,6425,1,F,AK,AK,F
11:20:10,INDF,RG,6425,67,F,ZP,AK,F
11:20:10,INDF,RG,6425,6,F,CS,AK,F
11:20:10,INDF,RG,6425,70,D,RF,AK,F
11:20:09,INDF,RG,6450,145,F,KZ,SQ,D
11:20:09,INDF,RG,6450,45,F,ZP,SQ,D
11:20:08,INDF,RG,6450,264,D,RF,SQ,D
11:20:08,INDF,RG,6450,1,D,RF,XC,D
11:20:08,INDF,RG,6450,177,D,RF,AI,D
11:20:08,INDF,RG,6450,190,D,RF,BK,F
11:20:08,INDF,RG,6450,1,D,RF,XC,D
11:20:08,INDF,RG,6450,5,D,RF,YP,D
11:20:08,INDF,RG,6450,1,D,RF,XC,D
11:20:08,INDF,RG,6450,3,D,RF,HP,D
11:20:08,INDF,RG,6450,1,D,RF,CC,D
11:20:08,INDF,RG,6450,1,D,RF,CP,D
11:20:08,INDF,RG,6450,3,D,RF,CC,D
11:20:08,INDF,RG,6450,5,D,RF,YP,D
11:20:08,INDF,RG,6450,1,D,RF,PD,D
11:20:08,INDF,RG,6450,20,D,RF,PD,D
11:20:08,INDF,RG,6450,1,D,RF,XC,D
11:20:08,INDF,RG,6450,2,D,RF,CP,D
11:20:08,INDF,RG,6450,5,D,RF,XA,D
11:20:08,INDF,RG,6450,91,D,RF,NI,D
11:20:08,INDF,RG,6450,63,D,RF,YP,D
11:20:08,INDF,RG,6450,5,D,RF,CC,D
11:20:08,INDF,RG,6450,15,D,RF,CD,D
11:20:08,INDF,RG,6450,2,D,RF,KK,D
11:20:08,INDF,RG,6450,5,D,RF,PD,D
11:20:08,INDF,RG,6450,1,D,RF,PD,D
11:20:08,INDF,RG,6450,2,D,RF,SQ,D
11:20:08,INDF,RG,6450,5,D,RF,CC,D
11:20:08,INDF,RG,6450,8,D,RF,XC,D
11:20:08,INDF,RG,6450,20,D,RF,NI,D
11:20:08,INDF,RG,6450,7,D,RF,XC,D
11:20:08,INDF,RG,6450,1,D,RF,CC,D
11:20:08,INDF,RG,6450,25,D,RF,EP,D
11:20:08,INDF,RG,6450,17,D,RF,YP,D
11:20:08,INDF,RG,6450,10,D,RF,PD,D
11:20:08,INDF,RG,6450,2,D,RF,CC,D
11:20:08,INDF,RG,6450,15,D,RF,YP,D
11:20:08,INDF,RG,6450,1,D,RF,AZ,D
11:20:08,INDF,RG,6450,5,D,RF,NI,D
11:20:08,INDF,RG,6450,1,D,RF,XL,D
11:20:08,INDF,RG,6450,1,D,RF,PD,D
11:20:08,INDF,RG,6450,15,D,RF,XC,D
11:20:08,INDF,RG,6450,5,D,RF,PD,D
11:20:08,INDF,RG,6450,200,D,RF,KK,D
11:20:08,INDF,RG,6450,2,D,RF,YP,D
11:20:08,INDF,RG,6450,72,D,RF,YP,D
11:20:08,INDF,RG,6450,1,D,RF,XC,D
11:20:08,INDF,RG,6450,1,D,RF,LS,D
11:20:08,INDF,RG,6450,1,D,RF,GR,D
11:20:08,INDF,RG,6450,10,D,RF,XA,D
11:20:08,INDF,RG,6450,5,D,RF,YP,D
11:20:08,INDF,RG,6450,7,D,RF,YP,D
11:20:08,INDF,RG,6450,1,D,RF,YP,D
11:20:08,INDF,RG,6450,37,D,RF,YP,D
11:20:08,INDF,RG,6450,8,D,RF,YP,D
11:20:08,INDF,RG,6450,50,D,RF,YP,D
11:20:08,INDF,RG,6450,602,D,RF,CC,D
11:20:07,INDF,RG,6450,1,D,YP,CC,D
11:20:00,INDF,RG,6450,3,F,AK,CC,D
11:19:45,INDF,RG,6450,2,F,AK,CC,D
11:19:44,INDF,RG,6425,10,D,RF,OD,D
11:19:17,INDF,RG,6450,9,F,KZ,CC,D
11:18:46,INDF,RG,6450,9,F,KZ,CC,D
11:18:46,INDF,RG,6425,16,D,RF,BK,F
11:18:45,INDF,RG,6450,3,F,AK,CC,D
11:18:44,INDF,RG,6425,11,D,RF,OD,D
11:18:26,INDF,RG,6425,14,D,RF,BK,F
11:18:24,INDF,RG,6450,14,F,KZ,CC,D
11:18:23,INDF,RG,6450,14,F,BK,CC,D
11:18:23,INDF,RG,6425,14,D,RF,BK,F
11:18:20,INDF,RG,6450,36,F,BK,CC,D
11:18:20,INDF,RG,6450,9,F,KZ,CC,D
11:18:20,INDF,RG,6425,23,D,RF,BK,F
11:18:18,INDF,RG,6450,7,F,KZ,CC,D
11:18:17,INDF,RG,6450,13,F,KZ,CC,D
11:18:17,INDF,RG,6425,37,D,RF,BK,F
11:18:16,INDF,RG,6450,49,F,KZ,CC,D
11:18:16,INDF,RG,6450,13,F,ZP,CC,D
11:18:15,INDF,RG,6425,200,D,RF,AK,F
11:18:15,INDF,RG,6425,1,D,RF,AK,F
11:18:04,INDF,RG,6425,10,D,RF,BK,F
11:18:02,INDF,RG,6450,9,F,BK,CC,D
11:18:00,INDF,RG,6450,8,F,AK,CC,D
11:17:59,INDF,RG,6450,9,F,KZ,CC,D
11:17:59,INDF,RG,6450,7,F,KZ,GR,D
11:17:59,INDF,RG,6450,3,F,CS,GR,D
11:17:59,INDF,RG,6450,39,F,CS,EP,D
11:17:49,INDF,RG,6450,2,F,AK,EP,D
11:17:47,INDF,RG,6425,14,D,RF,BK,F
11:17:44,INDF,RG,6425,9,D,RF,OD,D
11:16:56,INDF,RG,6450,12,F,KZ,EP,D
11:16:55,INDF,RG,6450,19,F,ZP,EP,D
11:16:46,INDF,RG,6425,9,D,RF,OD,D
11:16:45,INDF,RG,6450,2,F,AK,EP,D
11:16:18,INDF,RG,6450,10,F,BK,EP,D
11:16:18,INDF,RG,6425,16,D,RF,BK,F
11:16:15,INDF,RG,6425,18,D,RF,YP,D
11:15:50,INDF,RG,6450,11,F,KZ,EP,D
11:15:46,INDF,RG,6425,9,D,RF,OD,D
11:15:08,INDF,RG,6425,10,D,RF,BK,F
11:15:05,INDF,RG,6450,16,D,GR,EP,D
11:14:48,INDF,RG,6425,7,D,RF,OD,D
11:14:41,INDF,RG,6450,11,F,KZ,EP,D
11:14:13,INDF,RG,6425,15,D,RF,BK,F
11:14:13,INDF,RG,6450,13,F,BK,EP,D
11:14:12,INDF,RG,6450,8,F,KZ,EP,D
11:14:11,INDF,RG,6425,17,D,RF,BK,F
11:14:10,INDF,RG,6450,10,F,BK,EP,D
11:14:08,INDF,RG,6450,13,F,KZ,EP,D
11:14:07,INDF,RG,6425,54,D,RF,BK,F
11:14:06,INDF,RG,6450,11,F,KZ,EP,D
11:14:05,INDF,RG,6450,40,F,BK,EP,D
11:14:03,INDF,RG,6450,13,F,KZ,EP,D
11:14:02,INDF,RG,6450,28,F,KZ,EP,D
11:14:01,INDF,RG,6425,40,D,RF,BK,F
11:14:01,INDF,RG,6425,114,D,RF,AK,F
11:14:01,INDF,RG,6450,24,F,KZ,EP,D
11:14:00,INDF,RG,6450,210,F,AK,EP,D
11:13:45,INDF,RG,6425,7,D,RF,OD,D
11:12:47,INDF,RG,6425,7,D,RF,OD,D
11:12:23,INDF,RG,6450,10,F,BK,EP,D
11:12:21,INDF,RG,6425,9,D,RF,BK,F
11:12:20,INDF,RG,6450,10,F,KZ,EP,D
11:11:47,INDF,RG,6425,7,D,RF,OD,D
11:11:45,INDF,RG,6425,2,D,RF,DH,D
11:11:15,INDF,RG,6450,7,F,AK,EP,D
11:11:05,INDF,RG,6450,5,F,KZ,EP,D
11:10:45,INDF,RG,6425,7,D,RF,OD,D
11:10:28,INDF,RG,6450,3,F,AK,EP,D
11:10:27,INDF,RG,6450,9,F,AK,EP,D
11:10:26,INDF,RG,6450,12,F,KZ,EP,D
11:09:52,INDF,RG,6425,15,D,RF,BK,F
11:09:48,INDF,RG,6450,9,F,BK,EP,D
11:09:45,INDF,RG,6425,7,D,RF,OD,D
11:09:33,INDF,RG,6425,15,D,RF,PD,D
11:09:00,INDF,RG,6425,10,D,RF,BK,F
11:08:56,INDF,RG,6450,13,F,KZ,EP,D
11:08:43,INDF,RG,6425,6,D,RF,OD,D
11:08:06,INDF,RG,6450,3,F,AK,EP,D
11:07:51,INDF,RG,6425,1,D,RF,XC,D
11:07:41,INDF,RG,6425,7,D,RF,OD,D
11:07:20,INDF,RG,6450,7,F,KZ,EP,D
11:07:00,INDF,RG,6450,1,F,AK,EP,D
11:06:41,INDF,RG,6425,7,D,RF,OD,D
11:06:33,INDF,RG,6450,1,D,PD,EP,D
11:06:29,INDF,RG,6450,10,F,KZ,EP,D
11:05:41,INDF,RG,6425,6,D,RF,OD,D
11:05:20,INDF,RG,6450,6,F,KZ,EP,D
11:04:45,INDF,RG,6450,6,F,KZ,EP,D
11:04:44,INDF,RG,6425,17,D,RF,BK,F
11:04:43,INDF,RG,6425,7,D,RF,OD,D
11:04:34,INDF,RG,6450,14,F,BK,EP,D
11:04:31,INDF,RG,6450,10,D,PD,EP,D
11:04:31,INDF,RG,6450,4,F,KZ,EP,D
11:04:01,INDF,RG,6450,11,F,KZ,EP,D
11:03:45,INDF,RG,6425,7,D,RF,OD,D
11:03:42,INDF,RG,6425,17,D,RF,BK,F
11:03:37,INDF,RG,6425,1,D,RF,GR,D
11:03:37,INDF,RG,6425,5,F,KZ,GR,D
11:03:37,INDF,RG,6425,2,F,AK,GR,D
11:03:37,INDF,RG,6425,20,F,AK,GR,D
11:03:07,INDF,RG,6450,8,F,KZ,EP,D
11:03:07,INDF,RG,6450,10,F,BK,EP,D
11:03:04,INDF,RG,6425,18,F,AK,BK,F
11:03:03,INDF,RG,6450,17,F,KZ,EP,D
11:03:01,INDF,RG,6425,6,F,AK,XL,D
11:03:01,INDF,RG,6425,1,F,AK,XL,D
11:03:01,INDF,RG,6425,1,F,AK,XL,D
11:03:01,INDF,RG,6425,7,F,CS,XL,D
11:03:01,INDF,RG,6425,30,F,AK,XL,D
11:02:43,INDF,RG,6425,7,F,AK,OD,D
11:02:20,INDF,RG,6450,9,F,BK,EP,D
11:02:17,INDF,RG,6450,18,F,BK,EP,D
11:02:17,INDF,RG,6450,6,F,KZ,EP,D
11:02:16,INDF,RG,6450,30,F,KZ,EP,D
11:02:15,INDF,RG,6450,182,F,AK,EP,D
11:01:45,INDF,RG,6450,3,F,AK,EP,D
11:01:44,INDF,RG,6425,7,F,AK,OD,D
11:01:43,INDF,RG,6450,1,D,PD,EP,D
11:01:06,INDF,RG,6425,58,F,AK,OD,D
11:00:43,INDF,RG,6425,7,F,AK,OD,D
11:00:37,INDF,RG,6450,5,F,KZ,EP,D
11:00:01,INDF,RG,6450,11,F,KZ,EP,D
10:59:47,INDF,RG,6425,9,F,AK,DR,D
10:59:40,INDF,RG,6425,7,F,AK,OD,D
10:59:34,INDF,RG,6450,44,F,CS,EP,D
10:59:00,INDF,RG,6450,2,F,AK,EP,D
10:58:40,INDF,RG,6425,1,F,AK,OD,D
10:58:40,INDF,RG,6425,1,F,CS,OD,D
10:58:40,INDF,RG,6425,6,F,ZP,OD,D
10:58:37,INDF,RG,6450,6,F,KZ,EP,D
10:58:30,INDF,RG,6450,3,F,AK,EP,D
10:57:52,INDF,RG,6450,2,F,KZ,EP,D
10:57:52,INDF,RG,6450,4,F,KZ,SQ,D
10:57:40,INDF,RG,6425,7,F,ZP,OD,D
10:57:10,INDF,RG,6450,12,F,KZ,SQ,D
10:57:00,INDF,RG,6425,1,F,ZP,GR,D
10:57:00,INDF,RG,6450,11,F,AK,SQ,D
10:56:42,INDF,RG,6425,7,F,ZP,OD,D
10:55:43,INDF,RG,6450,11,F,KZ,SQ,D
10:55:40,INDF,RG,6425,3,F,CS,OD,D
10:55:40,INDF,RG,6425,4,D,RF,OD,D
10:55:30,INDF,RG,6450,2,F,AK,SQ,D
10:54:41,INDF,RG,6450,1,F,AK,SQ,D
10:54:40,INDF,RG,6425,6,D,RF,OD,D
10:54:25,INDF,RG,6450,13,F,KZ,SQ,D
10:53:45,INDF,RG,6450,33,F,KZ,SQ,D
10:53:44,INDF,RG,6425,160,D,RF,AK,F
10:53:43,INDF,RG,6450,78,F,AK,SQ,D
10:53:43,INDF,RG,6450,58,F,AK,YU,D
10:53:42,INDF,RG,6425,7,D,RF,OD,D
10:53:19,INDF,RG,6450,13,F,KZ,YU,D
10:52:47,INDF,RG,6450,5,D,PD,YU,D
10:52:42,INDF,RG,6425,7,D,RF,OD,D
10:52:15,INDF,RG,6450,2,F,AK,YU,D
10:51:41,INDF,RG,6450,12,F,KZ,YU,D
10:51:40,INDF,RG,6425,7,D,RF,OD,D
10:51:15,INDF,RG,6450,1,F,AK,YU,D
10:50:45,INDF,RG,6450,1,F,AK,YU,D
10:50:42,INDF,RG,6425,8,D,RF,OD,D
10:50:13,INDF,RG,6450,8,F,KZ,YU,D
10:50:13,INDF,RG,6450,1,F,KZ,PD,D
10:50:13,INDF,RG,6450,2,F,KZ,PD,D
10:50:13,INDF,RG,6450,4,F,KZ,XC,D
10:49:42,INDF,RG,6425,6,D,RF,OD,D
10:48:40,INDF,RG,6425,7,D,RF,OD,D
10:48:36,INDF,RG,6450,2,D,YJ,XC,D
10:48:28,INDF,RG,6450,8,F,KZ,XC,D
10:47:48,INDF,RG,6450,9,F,KZ,XC,D
10:47:48,INDF,RG,6425,100,D,RF,AI,D
10:47:40,INDF,RG,6425,7,D,RF,OD,D
10:47:19,INDF,RG,6450,1,D,KK,XC,D
10:46:55,INDF,RG,6450,10,F,KZ,PD,D
10:46:55,INDF,RG,6450,5,F,KZ,DR,D
10:46:40,INDF,RG,6425,8,D,RF,OD,D
10:46:29,INDF,RG,6425,3,D,RF,XL,D
10:45:38,INDF,RG,6425,6,D,RF,OD,D
10:45:10,INDF,RG,6450,1,F,KZ,PD,D
10:45:10,INDF,RG,6450,5,F,KZ,DR,D
10:44:38,INDF,RG,6425,5,D,RF,OD,D
10:44:38,INDF,RG,6450,8,F,AK,DR,D
10:44:37,INDF,RG,6425,16,D,RF,YP,D
10:44:33,INDF,RG,6450,8,F,BK,DR,D
10:44:28,INDF,RG,6450,14,F,KZ,DR,D
10:43:40,INDF,RG,6425,4,D,RF,OD,D
10:43:32,INDF,RG,6425,2,D,RF,YP,D
10:43:18,INDF,RG,6450,17,D,CC,DR,D
10:43:04,INDF,RG,6450,14,F,KZ,DR,D
10:43:00,INDF,RG,6450,2,F,AK,DR,D
10:42:45,INDF,RG,6450,8,F,BK,DR,D
10:42:42,INDF,RG,6450,9,F,AK,DR,D
10:42:42,INDF,RG,6450,1,F,AK,PD,D
10:42:42,INDF,RG,6450,10,F,AK,DR,D
10:42:42,INDF,RG,6450,1,F,AK,GR,D
10:42:42,INDF,RG,6450,1,F,AK,XC,D
10:42:42,INDF,RG,6450,100,F,AK,DR,D
10:42:42,INDF,RG,6450,9,F,BK,DR,D
10:42:40,INDF,RG,6425,4,D,RF,OD,D
10:41:55,INDF,RG,6450,6,F,KZ,DR,D
10:41:48,INDF,RG,6425,6,D,RF,XC,D
10:41:43,INDF,RG,6425,4,D,RF,PD,D
10:41:40,INDF,RG,6425,5,D,RF,OD,D
10:41:13,INDF,RG,6450,14,F,KZ,DR,D
10:40:40,INDF,RG,6425,4,D,RF,OD,D
10:40:10,INDF,RG,6425,10,D,RF,PD,D
10:39:40,INDF,RG,6425,4,D,RF,OD,D
10:39:37,INDF,RG,6450,14,F,KZ,DR,D
10:39:14,INDF,RG,6450,4,D,XC,DR,D
10:38:45,INDF,RG,6450,1,F,AK,DR,D
10:38:18,INDF,RG,6450,10,F,KZ,DR,D
10:38:16,INDF,RG,6450,9,F,BK,DR,D
10:38:14,INDF,RG,6450,10,F,BK,DR,D
10:38:13,INDF,RG,6450,7,D,KK,DR,D
10:38:12,INDF,RG,6450,24,F,KZ,DR,D
10:38:11,INDF,RG,6450,57,F,BK,DR,D
10:38:11,INDF,RG,6450,50,F,KZ,DR,D
10:38:11,INDF,RG,6450,10,F,KZ,FS,D
10:38:10,INDF,RG,6425,1,F,AK,AK,F
10:38:10,INDF,RG,6425,1,F,AK,AK,F
10:38:10,INDF,RG,6425,130,F,AK,AK,F
10:38:10,INDF,RG,6425,5,F,AK,OD,D
10:38:10,INDF,RG,6425,2,F,AK,YP,D
10:38:10,INDF,RG,6425,1,F,AK,PD,D
10:38:10,INDF,RG,6425,140,F,AK,PD,D
10:38:10,INDF,RG,6425,2,F,AK,NI,D
10:38:10,INDF,RG,6425,2,F,AK,FS,D
10:38:10,INDF,RG,6425,8,F,KZ,FS,D
10:38:10,INDF,RG,6425,1,F,KZ,XC,D
10:38:10,INDF,RG,6425,5,F,KZ,YP,D
10:38:10,INDF,RG,6425,5,F,KZ,KK,D
10:38:10,INDF,RG,6425,2,F,KZ,XC,D
10:38:09,INDF,RG,6425,1,F,KZ,XC,D
10:38:09,INDF,RG,6425,10,F,KZ,XA,D
10:38:09,INDF,RG,6425,39,F,KZ,ZP,D
10:38:08,INDF,RG,6425,55,F,KZ,ZP,D
10:38:08,INDF,RG,6425,26,F,BK,ZP,D
10:38:08,INDF,RG,6425,9,F,BK,CC,D
10:38:08,INDF,RG,6425,4,F,BK,XC,D
10:38:08,INDF,RG,6425,5,F,BK,XA,D
10:38:08,INDF,RG,6425,18,F,BK,SF,D
10:38:08,INDF,RG,6425,38,F,KZ,SF,D
10:38:07,INDF,RG,6425,24,F,ZP,SF,D
10:38:07,INDF,RG,6425,35,F,ZP,KK,D
10:38:07,INDF,RG,6425,4,F,ZP,AK,F
10:38:07,INDF,RG,6425,56,F,ZP,BK,F
10:38:07,INDF,RG,6425,1,F,ZP,XC,D
10:38:07,INDF,RG,6425,5,F,ZP,CC,D
10:38:07,INDF,RG,6425,16,F,ZP,CC,D
10:38:07,INDF,RG,6425,5,F,ZP,EP,D
10:38:07,INDF,RG,6425,6,F,AK,YP,D
10:38:07,INDF,RG,6425,1,F,AK,YP,D
10:38:07,INDF,RG,6425,7,F,AK,YP,D
10:38:07,INDF,RG,6425,10,F,AK,XC,D
10:38:07,INDF,RG,6425,22,F,AK,CC,F
10:38:07,INDF,RG,6425,162,F,AK,AK,F
10:38:07,INDF,RG,6425,4,F,AK,DH,D
10:38:07,INDF,RG,6425,10,F,AK,PD,D
10:38:07,INDF,RG,6425,3,F,AK,DH,D
10:38:07,INDF,RG,6425,3,F,AK,XC,D
10:38:07,INDF,RG,6425,6,F,AK,OD,D
10:38:07,INDF,RG,6425,10,F,AK,PD,D
10:38:07,INDF,RG,6425,10,F,AK,YP,D
10:38:07,INDF,RG,6425,5,F,AK,YP,D
10:38:07,INDF,RG,6425,5,F,AK,AT,D
10:38:07,INDF,RG,6425,1,F,AK,SQ,D
10:38:07,INDF,RG,6425,1,F,AK,AT,D
10:38:07,INDF,RG,6425,1,F,AK,NI,D
10:38:07,INDF,RG,6425,1,F,AK,KK,D
10:38:07,INDF,RG,6425,8,F,AK,PD,D
10:38:07,INDF,RG,6425,1,F,AK,KK,D
10:38:07,INDF,RG,6425,25,F,AK,EP,D
10:38:07,INDF,RG,6425,5,F,AK,XC,D
10:38:07,INDF,RG,6425,1,F,AK,AT,D
10:38:07,INDF,RG,6425,1,F,AK,PD,D
10:38:07,INDF,RG,6425,1,F,AK,YP,D
10:38:07,INDF,RG,6425,3,F,AK,PD,D
10:38:07,INDF,RG,6425,2,F,AK,YP,D
10:38:07,INDF,RG,6425,10,F,AK,KK,D
10:38:07,INDF,RG,6425,2,F,AK,XC,D
10:38:07,INDF,RG,6425,1,F,AK,GR,D
10:38:07,INDF,RG,6425,4,F,AK,XC,D
10:38:07,INDF,RG,6425,1,F,AK,XC,D
10:38:07,INDF,RG,6425,173,F,AK,NI,D
10:38:06,INDF,RG,6425,200,D,RF,NI,D
10:37:37,INDF,RG,6400,4,F,YU,OD,D
10:37:34,INDF,RG,6425,1,D,NI,NI,D
10:37:31,INDF,RG,6400,2,F,YU,YP,D
10:37:00,INDF,RG,6425,1,F,AK,NI,D
10:36:47,INDF,RG,6425,1,D,PD,NI,D
10:36:38,INDF,RG,6425,9,F,BK,NI,D
10:36:37,INDF,RG,6425,65,F,AK,NI,D
10:36:35,INDF,RG,6400,4,F,YU,OD,D
10:36:25,INDF,RG,6425,12,F,KZ,NI,D
10:36:21,INDF,RG,6400,1,F,YU,CC,D
10:35:51,INDF,RG,6400,5,F,YU,GR,D
10:35:45,INDF,RG,6425,5,F,AK,NI,D
10:35:35,INDF,RG,6400,5,F,YU,OD,D
10:34:35,INDF,RG,6400,4,F,YU,OD,D
10:34:30,INDF,RG,6425,1,F,AK,NI,D
10:34:26,INDF,RG,6425,10,F,BK,NI,D
10:34:25,INDF,RG,6425,5,F,KZ,NI,D
10:33:37,INDF,RG,6425,13,F,KZ,NI,D
10:33:33,INDF,RG,6400,5,F,YU,OD,D
10:33:29,INDF,RG,6400,4,F,YU,PD,D
10:32:58,INDF,RG,6400,4,F,YU,PD,D
10:32:58,INDF,RG,6400,3,F,CS,PD,D
10:32:52,INDF,RG,6400,4,F,CS,DH,D
10:32:35,INDF,RG,6400,4,F,CS,OD,D
10:32:15,INDF,RG,6425,1,F,AK,NI,D
10:31:35,INDF,RG,6400,4,F,AK,OD,D
10:31:33,INDF,RG,6425,6,F,KZ,NI,D
10:31:32,INDF,RG,6425,8,F,BK,NI,D
10:31:30,INDF,RG,6425,94,F,AK,NI,D
10:30:37,INDF,RG,6400,4,F,AK,OD,D
10:30:31,INDF,RG,6425,15,F,KZ,NI,D
10:29:37,INDF,RG,6400,5,F,AK,OD,D
10:29:36,INDF,RG,6425,10,F,BK,NI,D
10:29:34,INDF,RG,6400,25,F,AK,DH,D
10:29:07,INDF,RG,6425,1,F,AK,NI,D
10:29:06,INDF,RG,6425,4,F,AK,NI,D
10:28:39,INDF,RG,6400,4,F,AK,OD,D
10:28:31,INDF,RG,6425,1,D,YP,NI,D
10:28:04,INDF,RG,6425,15,F,KZ,NI,D
10:27:38,INDF,RG,6400,5,F,AK,OD,D
10:27:30,INDF,RG,6425,6,F,AK,NI,D
10:27:07,INDF,RG,6400,8,F,AK,PD,D
10:26:42,INDF,RG,6425,1,D,PD,NI,D
10:26:38,INDF,RG,6400,4,F,AK,OD,D
10:25:52,INDF,RG,6425,2,D,NI,NI,D
10:25:40,INDF,RG,6400,5,F,AK,OD,D
10:25:40,INDF,RG,6425,9,F,KZ,NI,D
10:25:30,INDF,RG,6425,1,F,AK,NI,D
10:24:40,INDF,RG,6400,4,F,AK,OD,D
10:24:16,INDF,RG,6425,11,F,KZ,NI,D
10:24:00,INDF,RG,6425,9,F,BK,NI,D
10:24:00,INDF,RG,6425,95,F,AK,NI,D
10:23:42,INDF,RG,6400,4,F,AK,OD,D
10:22:42,INDF,RG,6400,5,F,AK,OD,D
10:22:28,INDF,RG,6425,9,F,KZ,NI,D
10:22:00,INDF,RG,6425,1,F,AK,NI,D
10:21:44,INDF,RG,6400,4,F,AK,OD,D
10:21:04,INDF,RG,6425,10,F,KZ,NI,D
10:20:44,INDF,RG,6400,5,F,AK,OD,D
10:20:43,INDF,RG,6400,11,F,AK,PD,D
10:20:36,INDF,RG,6425,6,F,AK,NI,D
10:19:44,INDF,RG,6400,4,F,AK,OD,D
10:19:29,INDF,RG,6400,42,F,AK,AK,F
10:19:29,INDF,RG,6400,16,F,BK,AK,F
10:19:29,INDF,RG,6400,1,D,NI,AK,F
10:19:29,INDF,RG,6400,5,F,KZ,AK,F
10:19:29,INDF,RG,6400,5,F,CS,AK,F
10:19:29,INDF,RG,6400,6,D,XL,AK,F
10:19:29,INDF,RG,6400,14,F,ZP,AK,F
10:19:29,INDF,RG,6400,8,D,PD,AK,F
10:19:28,INDF,RG,6425,30,D,CC,NI,D
10:19:19,INDF,RG,6425,10,F,KZ,NI,D
10:19:15,INDF,RG,6425,1,F,AK,NI,D
10:18:46,INDF,RG,6400,4,D,PD,OD,D
10:17:44,INDF,RG,6400,4,D,PD,OD,D
10:17:38,INDF,RG,6425,7,F,AK,NI,D
10:17:37,INDF,RG,6425,14,F,KZ,NI,D
10:16:46,INDF,RG,6400,1,D,PD,OD,D
10:16:46,INDF,RG,6400,2,D,YP,OD,D
10:16:46,INDF,RG,6400,2,F,ZP,OD,D
10:15:45,INDF,RG,6425,1,F,AK,NI,D
10:15:44,INDF,RG,6400,5,F,ZP,OD,D
10:15:25,INDF,RG,6425,13,F,KZ,NI,D
10:15:00,INDF,RG,6425,146,F,AK,NI,D
10:14:47,INDF,RG,6425,1,F,CS,NI,D
10:14:46,INDF,RG,6400,5,F,BK,OD,D
10:14:45,INDF,RG,6425,5,D,PD,NI,D
10:14:07,INDF,RG,6400,4,F,BK,PD,D
10:13:48,INDF,RG,6400,5,F,BK,OD,D
10:13:11,INDF,RG,6400,11,F,KZ,SQ,D
10:13:11,INDF,RG,6400,10,F,CS,SQ,D
10:13:11,INDF,RG,6400,3,F,CS,SQ,D
10:13:11,INDF,RG,6400,2,F,CS,SQ,D
10:13:07,INDF,RG,6425,7,F,KZ,NI,D
10:13:06,INDF,RG,6425,6,F,CS,NI,D
10:13:06,INDF,RG,6425,1,F,CS,XC,D
10:13:06,INDF,RG,6425,4,F,CS,NI,D
10:13:06,INDF,RG,6425,1,F,CS,CC,D
10:13:06,INDF,RG,6425,3,F,CS,CP,D
10:12:47,INDF,RG,6400,2,F,CS,OD,D
10:12:47,INDF,RG,6400,2,F,CS,OD,D
10:12:47,INDF,RG,6400,2,F,AK,OD,D
10:11:55,INDF,RG,6425,4,F,KZ,CP,D
10:11:47,INDF,RG,6400,6,F,AK,OD,D
10:11:13,INDF,RG,6425,4,F,KZ,CP,D
10:11:02,INDF,RG,6400,6,F,AK,XC,D
10:10:47,INDF,RG,6400,5,F,AK,OD,D
10:10:34,INDF,RG,6425,6,F,KZ,CP,D
10:10:26,INDF,RG,6425,3,F,CS,CP,D
10:10:26,INDF,RG,6425,20,F,CS,PD,D
10:10:26,INDF,RG,6425,1,F,CS,YP,D
10:10:26,INDF,RG,6425,6,F,CS,XC,D
10:10:26,INDF,RG,6425,4,F,CS,CC,D
10:10:26,INDF,RG,6425,1,F,CS,XC,D
10:09:48,INDF,RG,6400,6,F,AK,OD,D
10:09:34,INDF,RG,6425,2,F,KZ,XC,D
10:09:34,INDF,RG,6425,8,F,KZ,YP,D
10:08:50,INDF,RG,6400,6,F,AK,OD,D
10:07:58,INDF,RG,6425,11,F,KZ,YP,D
10:07:50,INDF,RG,6400,5,F,AK,OD,D
10:07:05,INDF,RG,6425,1,D,DH,YP,D
10:06:52,INDF,RG,6400,6,F,ZP,OD,D
10:06:22,INDF,RG,6425,8,F,KZ,YP,D
10:06:13,INDF,RG,6400,1,F,ZP,YP,D
10:05:54,INDF,RG,6400,5,F,ZP,OD,D
10:05:38,INDF,RG,6400,1,F,ZP,XC,D
10:05:13,INDF,RG,6400,3,D,GR,YP,D
10:05:13,INDF,RG,6400,15,F,KZ,YP,D
10:05:13,INDF,RG,6400,13,F,BK,YP,D
10:05:13,INDF,RG,6400,4,F,CS,YP,D
10:05:13,INDF,RG,6400,6,F,CS,YP,D
10:05:13,INDF,RG,6400,31,F,ZP,YP,D
10:05:13,INDF,RG,6400,4,F,CS,YP,D
10:05:13,INDF,RG,6400,4,D,PD,YP,D
10:04:52,INDF,RG,6425,8,F,KZ,YP,D
10:04:28,INDF,RG,6400,6,D,PD,OD,D
10:03:49,INDF,RG,6425,7,F,KZ,YP,D
10:03:26,INDF,RG,6400,1,F,CS,AK,F
10:03:15,INDF,RG,6400,2,F,CS,OD,D
10:02:55,INDF,RG,6400,1,F,CS,OD,D
10:02:55,INDF,RG,6400,3,F,KZ,OD,D
10:02:55,INDF,RG,6400,1,F,KZ,AK,F
10:02:43,INDF,RG,6400,1,F,CS,OD,D
10:02:33,INDF,RG,6400,1,F,CS,OD,D
10:02:24,INDF,RG,6400,1,F,CS,OD,D
10:02:23,INDF,RG,6400,2,F,KZ,OD,D
10:02:23,INDF,RG,6400,10,F,KZ,AK,F
10:02:23,INDF,RG,6400,5,D,AT,AK,F
10:02:14,INDF,RG,6400,2,F,CS,AK,F
10:02:14,INDF,RG,6400,1,F,CS,AK,F
10:01:48,INDF,RG,6375,6,D,CC,OD,D
10:01:42,INDF,RG,6400,2,F,CS,AK,F
10:01:01,INDF,RG,6400,9,F,KZ,AK,F
10:00:46,INDF,RG,6375,6,D,CC,OD,D
10:00:15,INDF,RG,6400,6,F,AK,AK,F
10:00:15,INDF,RG,6400,2,F,AK,AK,F
10:00:08,INDF,RG,6375,67,D,CC,YP,D
10:00:08,INDF,RG,6375,18,D,YP,YP,D
10:00:01,INDF,RG,6400,10,F,KZ,AK,F
9:59:45,INDF,RG,6375,2,D,YP,OD,D
9:59:45,INDF,RG,6375,1,D,XC,OD,D
9:59:45,INDF,RG,6375,2,D,NI,OD,D
9:58:49,INDF,RG,6400,7,F,KZ,AK,F
9:58:48,INDF,RG,6400,5,F,KZ,AK,F
9:58:48,INDF,RG,6400,37,F,BK,AK,F
9:58:47,INDF,RG,6400,3,F,BK,OD,D
9:58:47,INDF,RG,6400,2,F,KZ,OD,D
9:57:52,INDF,RG,6425,9,F,BK,YP,D
9:57:49,INDF,RG,6400,10,F,KZ,PD,D
9:57:43,INDF,RG,6400,3,F,KZ,PD,D
9:57:37,INDF,RG,6425,9,F,BK,YP,D
9:57:33,INDF,RG,6425,6,F,KZ,YP,D
9:57:32,INDF,RG,6425,30,F,KZ,YP,D
9:57:31,INDF,RG,6425,3,F,BK,YP,D
9:57:31,INDF,RG,6425,1,F,BK,DR,D
9:57:31,INDF,RG,6425,5,F,BK,DH,D
9:57:31,INDF,RG,6425,14,F,BK,YP,D
9:57:31,INDF,RG,6425,22,F,KZ,YP,D
9:57:31,INDF,RG,6425,1,F,KZ,PD,D
9:57:31,INDF,RG,6425,5,F,KZ,PD,D
9:57:31,INDF,RG,6425,8,F,KZ,YP,D
9:57:27,INDF,RG,6425,2,F,KZ,YP,D
9:57:27,INDF,RG,6425,1,F,KZ,XC,D
9:57:27,INDF,RG,6425,5,F,KZ,XC,D
9:57:27,INDF,RG,6425,3,F,KZ,YP,D
9:57:27,INDF,RG,6400,39,F,KZ,BK,F
9:57:27,INDF,RG,6400,39,F,BK,BK,F
9:57:27,INDF,RG,6375,3,D,NI,BK,F
9:57:27,INDF,RG,6375,80,F,AK,BK,F
9:57:27,INDF,RG,6400,89,F,KZ,BK,F
9:57:25,INDF,RG,6375,70,F,AK,AK,F
9:57:25,INDF,RG,6375,2,D,XL,AK,F
9:57:25,INDF,RG,6375,1,D,KK,AK,F
9:57:25,INDF,RG,6375,2,D,CC,AK,F
9:57:25,INDF,RG,6375,3,D,XL,AK,F
9:57:25,INDF,RG,6375,10,D,KK,AK,F
9:57:25,INDF,RG,6375,10,D,PD,AK,F
9:57:25,INDF,RG,6375,2,D,PD,AK,F
9:57:25,INDF,RG,6375,6,D,PD,AK,F
9:57:25,INDF,RG,6375,50,D,CC,AK,F
9:57:25,INDF,RG,6375,2,D,YB,AK,F
9:57:25,INDF,RG,6400,33,F,KZ,AK,F
9:57:25,INDF,RG,6400,6,F,KZ,OD,D
9:57:25,INDF,RG,6400,40,F,KZ,DH,D
9:57:24,INDF,RG,6400,174,F,AK,DH,D
9:57:24,INDF,RG,6400,9,F,KZ,DH,D
9:57:24,INDF,RG,6400,6,F,AK,DH,D
9:57:24,INDF,RG,6400,4,F,CS,DH,D
9:57:24,INDF,RG,6400,50,F,AK,DH,D
9:57:24,INDF,RG,6400,10,F,CS,DH,D
9:57:24,INDF,RG,6400,13,F,CS,DH,D
9:57:24,INDF,RG,6400,27,F,CS,DH,D
9:57:24,INDF,RG,6400,10,F,ZP,DH,D
9:57:24,INDF,RG,6400,129,F,ZP,DH,D
9:57:24,INDF,RG,6400,1,D,KK,DH,D
9:57:24,INDF,RG,6400,12,F,KZ,DH,D
9:57:24,INDF,RG,6400,14,F,CS,DH,D
9:57:24,INDF,RG,6400,10,D,SQ,DH,D
9:57:24,INDF,RG,6400,4,F,CS,DH,D
9:57:24,INDF,RG,6400,10,F,CS,DH,D
9:57:24,INDF,RG,6400,6,F,AK,DH,D
9:57:24,INDF,RG,6400,31,F,BK,DH,D
9:57:24,INDF,RG,6400,8,F,CS,DH,D
9:57:24,INDF,RG,6400,268,F,AK,DH,D
9:57:24,INDF,RG,6400,22,F,BK,DH,D
9:57:24,INDF,RG,6400,48,F,ZP,DH,D
9:57:24,INDF,RG,6400,4,D,GR,DH,D
9:57:24,INDF,RG,6400,2,F,AK,DH,D
9:57:24,INDF,RG,6400,10,F,CS,DH,D
9:57:24,INDF,RG,6400,50,F,AK,DH,D
9:57:24,INDF,RG,6400,8,F,CS,DH,D
9:57:24,INDF,RG,6400,5,F,CS,DH,D
9:57:24,INDF,RG,6400,7,F,CS,DH,D
9:57:24,INDF,RG,6400,8,F,BK,DH,D
9:57:15,INDF,RG,6425,1,F,AK,YP,D
9:57:15,INDF,RG,6425,1,F,AK,YP,D
9:56:47,INDF,RG,6400,6,F,BK,OD,D
9:56:16,INDF,RG,6425,2,D,YP,YP,D
9:55:49,INDF,RG,6400,5,F,BK,OD,D
9:55:10,INDF,RG,6425,2,F,KZ,YP,D
9:55:10,INDF,RG,6425,1,F,KZ,YP,D
9:55:10,INDF,RG,6425,1,F,KZ,YP,D
9:55:10,INDF,RG,6425,2,F,KZ,PD,D
9:55:10,INDF,RG,6425,6,F,KZ,YP,D
9:54:49,INDF,RG,6400,6,F,BK,OD,D
9:53:49,INDF,RG,6400,5,F,BK,OD,D
9:53:41,INDF,RG,6400,1,F,BK,PD,D
9:53:37,INDF,RG,6425,7,F,KZ,YP,D
9:53:36,INDF,RG,6425,9,F,BK,YP,D
9:53:32,INDF,RG,6425,24,F,KZ,YP,D
9:53:31,INDF,RG,6400,6,F,BK,AK,F
9:53:31,INDF,RG,6400,2,F,ZP,AK,F
9:53:31,INDF,RG,6400,19,F,ZP,AK,F
9:53:31,INDF,RG,6400,5,F,CS,AK,F
9:53:31,INDF,RG,6400,33,D,PD,AK,F
9:53:31,INDF,RG,6400,16,F,CS,AK,F
9:53:31,INDF,RG,6425,4,F,BK,YP,D
9:53:31,INDF,RG,6425,16,F,BK,EP,D
9:53:30,INDF,RG,6425,15,F,KZ,EP,D
9:53:30,INDF,RG,6425,262,F,AK,EP,D
9:52:53,INDF,RG,6400,5,F,CS,OD,D
9:51:55,INDF,RG,6400,6,F,CS,OD,D
9:51:26,INDF,RG,6425,9,F,BK,EP,D
9:51:23,INDF,RG,6400,14,F,KZ,GR,D
9:51:23,INDF,RG,6400,21,D,DR,GR,D
9:51:22,INDF,RG,6425,4,F,KZ,EP,D
9:50:57,INDF,RG,6400,5,D,DR,OD,D
9:50:28,INDF,RG,6425,10,F,KZ,EP,D
9:50:27,INDF,RG,6425,32,F,CS,EP,D
9:49:47,INDF,RG,6425,10,F,BK,EP,D
9:49:43,INDF,RG,6425,55,F,CS,EP,D
9:49:16,INDF,RG,6425,9,F,BK,EP,D
9:49:13,INDF,RG,6400,33,D,DR,AK,F
9:49:12,INDF,RG,6425,10,D,EP,EP,D
9:47:51,INDF,RG,6425,7,F,AK,EP,D
9:47:28,INDF,RG,6425,7,F,KZ,EP,D
9:45:34,INDF,RG,6425,32,F,CS,EP,D
9:45:19,INDF,RG,6425,8,F,KZ,EP,D
9:44:49,INDF,RG,6425,3,D,NI,EP,D
9:43:04,INDF,RG,6425,12,F,KZ,EP,D
9:41:57,INDF,RG,6425,9,F,BK,EP,D
9:41:53,INDF,RG,6400,15,D,DR,XC,D
9:41:44,INDF,RG,6400,3,D,DR,PD,D
9:41:16,INDF,RG,6400,1,D,DR,PD,D
9:41:09,INDF,RG,6425,32,F,CS,EP,D
9:40:37,INDF,RG,6400,1,D,DR,KK,D
9:40:07,INDF,RG,6425,13,F,KZ,EP,D
9:40:01,INDF,RG,6400,15,D,DR,PD,D
9:38:03,INDF,RG,6400,1,D,DR,XC,D
9:37:16,INDF,RG,6425,6,F,KZ,EP,D
9:36:07,INDF,RG,6425,7,F,KZ,EP,D
9:36:06,INDF,RG,6400,5,D,DR,AK,F
9:36:06,INDF,RG,6400,4,F,CS,AK,F
9:36:06,INDF,RG,6400,19,F,ZP,AK,F
9:36:04,INDF,RG,6425,37,F,CS,EP,D
9:35:36,INDF,RG,6400,4,F,ZP,EP,D
9:35:36,INDF,RG,6400,1,D,SQ,EP,D
9:35:36,INDF,RG,6400,10,D,CC,EP,D
9:35:36,INDF,RG,6400,5,F,AK,EP,D
9:35:23,INDF,RG,6425,2,D,XL,EP,D
9:34:28,INDF,RG,6425,9,F,KZ,EP,D
9:32:46,INDF,RG,6425,10,F,KZ,EP,D
9:31:19,INDF,RG,6425,12,F,KZ,EP,D
9:30:17,INDF,RG,6425,17,F,KZ,EP,D
9:30:16,INDF,RG,6425,44,F,KZ,EP,D
9:30:16,INDF,RG,6400,24,F,BK,AK,F
9:30:16,INDF,RG,6400,7,F,CS,AK,F
9:30:15,INDF,RG,6425,156,F,AK,EP,D
9:30:12,INDF,RG,6400,2,F,CS,AK,F
9:30:12,INDF,RG,6400,20,F,ZP,AK,F
9:30:12,INDF,RG,6425,16,F,KZ,EP,D
9:30:11,INDF,RG,6425,50,D,OD,EP,D
9:30:00,INDF,RG,6425,30,F,CS,EP,D
9:30:00,INDF,RG,6425,5,F,CS,EP,D
9:29:58,INDF,RG,6425,15,F,KZ,EP,D
9:29:11,INDF,RG,6425,2,D,XL,EP,D
9:29:06,INDF,RG,6425,6,F,AK,EP,D
9:29:01,INDF,RG,6425,8,F,BK,EP,D
9:28:59,INDF,RG,6400,2,F,ZP,PD,D
9:28:57,INDF,RG,6400,25,F,ZP,AK,F
9:28:56,INDF,RG,6400,68,F,ZP,DR,D
9:28:56,INDF,RG,6400,5,F,KZ,DR,D
9:28:56,INDF,RG,6400,27,D,NI,DR,D
9:28:17,INDF,RG,6400,5,D,NI,PD,D
9:27:43,INDF,RG,6425,13,F,KZ,EP,D
9:27:22,INDF,RG,6400,1,D,NI,PD,D
9:27:05,INDF,RG,6400,4,D,NI,PD,D
9:25:34,INDF,RG,6425,7,F,KZ,PD,D
9:25:29,INDF,RG,6425,8,F,BK,PD,D
9:25:29,INDF,RG,6400,13,D,NI,AK,F
9:25:27,INDF,RG,6425,1,F,CS,PD,D
9:25:27,INDF,RG,6425,1,F,CS,PD,D
9:25:27,INDF,RG,6425,1,F,CS,KK,D
9:25:27,INDF,RG,6425,29,F,CS,CC,D
9:25:12,INDF,RG,6425,1,D,PD,CC,D
9:24:13,INDF,RG,6425,12,F,KZ,CC,D
9:22:40,INDF,RG,6425,8,F,KZ,CC,D
9:22:40,INDF,RG,6425,6,F,KZ,DR,D
9:22:19,INDF,RG,6375,10,F,AK,AK,F
9:22:18,INDF,RG,6425,4,F,KZ,DR,D
9:22:18,INDF,RG,6425,1,F,KZ,GR,D
9:22:18,INDF,RG,6425,4,F,KZ,XA,D
9:22:18,INDF,RG,6425,30,D,PD,XA,D
9:22:17,INDF,RG,6375,15,F,AK,PD,D
9:22:17,INDF,RG,6375,11,F,AK,AK,F
9:22:16,INDF,RG,6425,13,F,KZ,XA,D
9:22:16,INDF,RG,6425,16,F,KZ,XA,D
9:22:15,INDF,RG,6425,37,F,KZ,XA,D
9:22:14,INDF,RG,6400,1,F,AK,AK,F
9:22:14,INDF,RG,6400,10,F,AK,AT,D
9:22:14,INDF,RG,6400,3,F,AK,PC,D
9:22:14,INDF,RG,6400,50,F,AK,CP,D
9:22:14,INDF,RG,6400,3,F,AK,YB,D
9:22:14,INDF,RG,6400,1,F,AK,CC,F
9:22:14,INDF,RG,6400,2,F,AK,YP,D
9:22:14,INDF,RG,6400,41,F,AK,AK,F
9:22:14,INDF,RG,6400,22,F,AK,CS,F
9:22:14,INDF,RG,6400,5,F,AK,PD,D
9:22:14,INDF,RG,6400,10,F,AK,CC,D
9:22:14,INDF,RG,6400,25,F,AK,YP,D
9:22:14,INDF,RG,6400,30,F,AK,CP,D
9:22:14,INDF,RG,6400,50,F,AK,GR,D
9:22:14,INDF,RG,6400,6,F,AK,PD,D
9:22:14,INDF,RG,6400,1,F,AK,YP,D
9:22:14,INDF,RG,6400,10,F,AK,YU,D
9:22:14,INDF,RG,6400,1,F,AK,YP,D
9:22:14,INDF,RG,6400,2,F,AK,PD,D
9:22:14,INDF,RG,6400,1,F,AK,AK,F
9:21:46,INDF,RG,6400,4,F,KZ,AK,F
9:21:33,INDF,RG,6375,1,F,AK,CS,F
9:21:32,INDF,RG,6375,4,F,AK,AK,F
9:21:32,INDF,RG,6375,3,F,AK,CS,F
9:21:31,INDF,RG,6400,21,F,CS,AK,F
9:20:30,INDF,RG,6375,1,F,AK,CS,F
9:20:29,INDF,RG,6375,2,F,AK,AK,F
9:20:28,INDF,RG,6400,9,F,KZ,AK,F
9:19:57,INDF,RG,6375,1,F,AK,CS,F
9:19:56,INDF,RG,6375,1,F,AK,AK,F
9:19:55,INDF,RG,6400,4,D,LS,AK,F
9:19:48,INDF,RG,6375,2,F,AK,PD,D
9:19:11,INDF,RG,6375,1,F,AK,CS,F
9:19:10,INDF,RG,6375,4,F,AK,AK,F
9:19:10,INDF,RG,6375,1,F,AK,CS,F
9:19:10,INDF,RG,6375,1,F,AK,CS,F
9:19:09,INDF,RG,6400,7,F,CS,AK,F
9:19:09,INDF,RG,6400,3,F,CS,PD,D
9:19:09,INDF,RG,6400,5,F,CS,PD,D
9:19:09,INDF,RG,6400,6,F,CS,NI,D
9:18:54,INDF,RG,6375,1,F,AK,CS,F
9:18:53,INDF,RG,6375,1,F,AK,AK,F
9:18:52,INDF,RG,6375,4,F,AK,PD,D
9:17:44,INDF,RG,6375,1,F,AK,CS,F
9:17:44,INDF,RG,6375,1,F,AK,AK,F
9:17:43,INDF,RG,6375,5,F,AK,YB,D
9:17:21,INDF,RG,6375,1,F,AK,CS,F
9:17:20,INDF,RG,6375,1,F,AK,AK,F
9:17:19,INDF,RG,6400,4,F,KZ,NI,D
9:17:04,INDF,RG,6400,1,D,SQ,NI,D
9:16:24,INDF,RG,6375,1,F,AK,AK,F
9:16:22,INDF,RG,6375,3,F,AK,XC,D
9:15:24,INDF,RG,6375,1,F,AK,CS,F
9:15:23,INDF,RG,6375,1,F,AK,AK,F
9:15:22,INDF,RG,6400,6,F,KZ,NI,D
9:15:01,INDF,RG,6375,1,F,AK,AK,F
9:15:00,INDF,RG,6375,2,F,AK,CS,F
9:14:59,INDF,RG,6375,8,F,AK,YP,D
9:14:19,INDF,RG,6400,5,D,PD,NI,D
9:13:31,INDF,RG,6400,1,D,YB,NI,D
9:13:25,INDF,RG,6400,1,D,XC,NI,D
9:10:54,INDF,RG,6400,1,D,KK,NI,D
9:10:19,INDF,RG,6400,8,F,KZ,NI,D
9:09:40,INDF,RG,6400,8,F,KZ,NI,D
9:09:25,INDF,RG,6375,9,F,ZP,NI,D
9:09:25,INDF,RG,6375,10,F,BK,NI,D
9:09:25,INDF,RG,6375,5,F,KZ,NI,D
9:09:25,INDF,RG,6375,2,F,AK,NI,D
9:09:25,INDF,RG,6375,15,F,ZP,NI,D
9:09:25,INDF,RG,6375,11,F,AK,NI,D
9:08:44,INDF,RG,6400,1,D,AT,NI,D
9:08:22,INDF,RG,6400,2,D,XC,NI,D
9:07:37,INDF,RG,6400,5,F,KZ,NI,D
9:07:25,INDF,RG,6400,1,D,DR,NI,D
9:07:25,INDF,RG,6400,4,D,DR,NI,D
9:07:24,INDF,RG,6400,1,D,NI,NI,D
9:07:24,INDF,RG,6400,2,D,NI,SQ,D
9:07:24,INDF,RG,6400,2,D,NI,PD,D
9:05:53,INDF,RG,6400,1,D,XC,PD,D
9:05:43,INDF,RG,6400,4,F,KZ,DR,D
9:05:42,INDF,RG,6400,16,F,KZ,DR,D
9:05:41,INDF,RG,6375,25,F,AK,YP,D
9:05:41,INDF,RG,6375,21,F,BK,YP,D
9:05:26,INDF,RG,6400,1,D,YP,DR,D
9:05:23,INDF,RG,6400,5,D,SQ,DR,D
9:04:21,INDF,RG,6400,9,F,BK,DR,D
9:04:19,INDF,RG,6400,9,F,KZ,DR,D
9:04:18,INDF,RG,6400,10,F,BK,DR,D
9:04:18,INDF,RG,6400,11,F,KZ,DR,D
9:04:17,INDF,RG,6400,16,F,KZ,DR,D
9:04:16,INDF,RG,6400,44,F,KZ,DR,D
9:04:16,INDF,RG,6400,67,F,KZ,DR,D
9:04:13,INDF,RG,6400,8,F,BK,DR,D
9:04:13,INDF,RG,6400,5,F,BK,EP,D
9:04:13,INDF,RG,6400,1,F,BK,GR,D
9:04:13,INDF,RG,6375,64,F,KZ,BK,F
9:04:12,INDF,RG,6375,58,F,AK,YP,D
9:04:12,INDF,RG,6375,40,F,ZP,YP,D
9:04:11,INDF,RG,6375,500,F,AK,YP,D
9:04:02,INDF,RG,6375,2,D,PD,YP,D
9:03:41,INDF,RG,6350,1,F,AK,PD,D
9:03:28,INDF,RG,6350,4,F,AK,PD,D
9:03:28,INDF,RG,6350,1,D,DR,PD,D
9:03:28,INDF,RG,6350,2,F,AK,PD,D
9:03:04,INDF,RG,6350,1,F,AK,PD,D
9:03:04,INDF,RG,6350,1,D,YP,PD,D
9:03:04,INDF,RG,6350,6,D,XC,PD,D
9:02:58,INDF,RG,6350,2,D,SQ,DR,D
9:02:43,INDF,RG,6375,12,F,KZ,YP,D
9:02:43,INDF,RG,6375,47,F,KZ,YP,D
9:02:41,INDF,RG,6350,98,D,SQ,YP,D
9:02:41,INDF,RG,6350,12,D,XC,YP,D
9:02:41,INDF,RG,6350,1,D,LS,YP,D
9:02:41,INDF,RG,6350,5,F,ZP,YP,D
9:02:41,INDF,RG,6350,11,F,BK,YP,D
9:02:41,INDF,RG,6350,2,D,XL,YP,D
9:02:41,INDF,RG,6350,16,D,XC,YP,D
9:02:41,INDF,RG,6350,1,D,IP,YP,D
9:02:41,INDF,RG,6350,2,D,YP,YP,D
9:02:41,INDF,RG,6350,10,D,YP,YP,D
9:02:41,INDF,RG,6350,10,D,KK,YP,D
9:02:41,INDF,RG,6350,2,D,GR,YP,D
9:01:35,INDF,RG,6350,1,D,GR,YP,D
9:01:33,INDF,RG,6375,1,D,YP,YP,D
9:01:15,INDF,RG,6375,8,F,AK,YP,D
9:01:07,INDF,RG,6375,1,D,PD,YP,D
9:01:07,INDF,RG,6375,1,D,PD,KK,D
9:01:07,INDF,RG,6375,2,D,PD,YU,D
9:01:00,INDF,RG,6350,7,D,GR,YP,D
9:00:59,INDF,RG,6350,5,D,GR,YP,D
8:59:00,INDF,RG,6350,1,D,GR,BK,F
8:59:00,INDF,RG,6350,1,D,GR,YP,D
8:59:00,INDF,RG,6350,1,D,GR,YP,D
8:59:00,INDF,RG,6350,7,D,GR,PD,D
8:59:00,INDF,RG,6350,2,D,XL,PD,D
8:59:00,INDF,RG,6350,1,D,XL,PD,D
8:59:00,INDF,RG,6350,5,D,XL,PD,D
8:59:00,INDF,RG,6350,10,D,XL,TP,D
8:59:00,INDF,RG,6350,1,D,XL,TP,D
8:59:00,INDF,RG,6350,1,D,XC,TP,D
8:59:00,INDF,RG,6350,1,D,XC,TP,D
8:59:00,INDF,RG,6350,2,D,CC,TP,D
8:59:00,INDF,RG,6350,1,D,XC,TP,D
8:59:00,INDF,RG,6350,1,D,XL,TP,D
8:59:00,INDF,RG,6350,2,D,PD,TP,D
8:59:00,INDF,RG,6350,23,D,PD,TP,D
8:59:00,INDF,RG,6350,2,D,PD,XC,D
8:59:00,INDF,RG,6350,7,D,PD,PD,D
8:59:00,INDF,RG,6350,3,D,PD,BK,F
8:59:00,INDF,RG,6350,25,D,PD,YB,D
8:59:00,INDF,RG,6350,5,D,AT,YB,D
8:59:00,INDF,RG,6350,1,D,AT,YB,D
8:59:00,INDF,RG,6350,1,D,CD,YB,D
8:59:00,INDF,RG,6350,1,D,PD,YB,D
8:59:00,INDF,RG,6350,6,D,PD,YB,D
8:59:00,INDF,RG,6350,1,D,RB,YB,D
8:59:00,INDF,RG,6350,2,D,CC,YB,D
8:59:00,INDF,RG,6350,2,D,XL,YB,D
8:59:00,INDF,RG,6350,1,D,XL,YB,D
8:59:00,INDF,RG,6350,3,F,NI,YB,D
8:59:00,INDF,RG,6350,1,F,AK,YB,D
8:59:00,INDF,RG,6350,51,F,KZ,YB,D