Time,Stock,Brd,Price,Qty,BT,BC,SC,ST
15:09:26,INDF,RG,6225,5,D,PD,CC,D
15:08:40,INDF,RG,6225,11,D,PD,YP,D
15:08:23,INDF,RG,6225,1,D,PD,YP,D
15:08:23,INDF,RG,6225,5,D,PD,EP,D
15:08:23,INDF,RG,6225,10,D,PD,CC,D
15:08:23,INDF,RG,6225,3,D,PD,HP,D
15:08:23,INDF,RG,6225,4,D,PD,EP,D
15:08:23,INDF,RG,6225,1,D,PD,EP,D
15:08:23,INDF,RG,6225,25,D,PD,SQ,D
15:08:08,INDF,RG,6225,18,D,DR,SQ,D
15:08:07,INDF,RG,6225,1,D,SQ,SQ,D
15:08:07,INDF,RG,6225,50,D,CC,SQ,D
15:08:06,INDF,RG,6225,1,D,CC,SQ,D
15:08:05,INDF,RG,6225,5,D,XL,SQ,D
15:07:19,INDF,RG,6225,5,D,CC,CS,F
15:07:12,INDF,RG,6225,4,D,YP,CS,F
15:06:54,INDF,RG,6225,1,D,YP,CS,F
15:06:28,INDF,RG,6225,3,D,YP,CS,F
15:06:28,INDF,RG,6225,80,D,AI,CS,F
15:06:27,INDF,RG,6225,2,D,SQ,CS,F
15:06:10,INDF,RG,6225,100,D,YU,CS,F
15:05:59,INDF,RG,6225,2,D,PD,CS,F
15:05:51,INDF,RG,6225,1,D,XA,CS,F
15:05:37,INDF,RG,6225,1,D,YP,CS,F
15:05:27,INDF,RG,6225,12,D,YP,CS,F
15:05:27,INDF,RG,6225,7,D,YP,XL,D
15:05:27,INDF,RG,6225,1,D,YP,XL,D
15:05:27,INDF,RG,6225,1,D,YP,YP,D
15:05:27,INDF,RG,6225,1,D,YP,PD,D
15:05:27,INDF,RG,6225,3,D,YP,YP,D
15:05:09,INDF,RG,6225,1,D,NI,YP,D
15:04:54,INDF,RG,6225,6,D,NI,YP,D
15:04:52,INDF,RG,6225,25,D,YB,YP,D
15:04:34,INDF,RG,6225,2,D,AZ,YP,D
15:04:27,INDF,RG,6225,1,D,LS,YP,D
15:03:42,INDF,RG,6225,2,D,LS,YP,D
15:03:39,INDF,RG,6225,30,D,GR,YP,D
15:03:33,INDF,RG,6225,70,D,DR,YP,D
15:03:05,INDF,RG,6225,1,D,EP,YP,D
15:02:48,INDF,RG,6225,1,D,XC,YP,D
15:02:47,INDF,RG,6225,1,D,YP,YP,D
15:02:34,INDF,RG,6225,1,D,XC,YP,D
15:02:16,INDF,RG,6225,85,D,NI,YP,D
15:02:11,INDF,RG,6225,15,D,NI,YP,D
15:02:05,INDF,RG,6225,9,D,YP,YP,D
15:02:02,INDF,RG,6225,8,D,PD,YP,D
15:01:31,INDF,RG,6225,39,D,SQ,YP,D
15:01:31,INDF,RG,6225,2,D,SQ,YP,D
15:01:31,INDF,RG,6225,1,D,SQ,PD,D
15:01:31,INDF,RG,6225,5,D,SQ,YP,D
15:01:31,INDF,RG,6225,3,D,SQ,CC,D
15:01:00,INDF,RG,6225,2,D,XC,CC,D
15:01:00,INDF,RG,6225,2,D,PD,CC,D
15:00:00,INDF,RG,6225,2,D,PD,CC,D
15:00:00,INDF,RG,6225,3,D,PD,CC,D
15:00:00,INDF,RG,6225,3,D,YP,CC,D
15:00:00,INDF,RG,6225,17,D,YP,CC,D
15:00:00,INDF,RG,6225,6,D,PD,CC,D
15:00:00,INDF,RG,6225,5,D,YP,CC,D
15:00:00,INDF,RG,6225,3,D,YP,CC,D
15:00:00,INDF,RG,6225,2,D,PD,CC,D
15:00:00,INDF,RG,6225,2,D,NI,CC,D
15:00:00,INDF,RG,6225,4,D,DR,CC,D
15:00:00,INDF,RG,6225,2,D,CC,CC,D
15:00:00,INDF,RG,6225,2,D,YP,CC,D
15:00:00,INDF,RG,6225,2,D,YP,YP,D
15:00:00,INDF,RG,6225,3,D,YP,XC,D
15:00:00,INDF,RG,6225,13,D,YP,KK,D
15:00:00,INDF,RG,6225,1,D,YP,DR,D
15:00:00,INDF,RG,6225,1,D,YP,XC,D
15:00:00,INDF,RG,6225,1,D,KK,XC,D
15:00:00,INDF,RG,6225,1,D,NI,XC,D
15:00:00,INDF,RG,6225,16,F,BK,XC,D
15:00:00,INDF,RG,6225,27,F,BK,CC,D
15:00:00,INDF,RG,6225,16,D,YP,CC,D
15:00:00,INDF,RG,6225,87,F,AK,CC,D
15:00:00,INDF,RG,6225,15,F,AK,YP,D
15:00:00,INDF,RG,6225,2,F,AK,EP,D
15:00:00,INDF,RG,6225,1,F,AK,PD,D
15:00:00,INDF,RG,6225,500,F,AK,YP,D
15:00:00,INDF,RG,6225,3,F,AK,YP,D
15:00:00,INDF,RG,6225,1,F,AK,KK,D
15:00:00,INDF,RG,6225,150,F,AK,YP,D
15:00:00,INDF,RG,6225,4,F,AK,YP,D
15:00:00,INDF,RG,6225,100,F,AK,AG,D
15:00:00,INDF,RG,6225,4,F,AK,YP,D
15:00:00,INDF,RG,6225,50,F,AK,YP,D
15:00:00,INDF,RG,6225,15,F,AK,AI,D
15:00:00,INDF,RG,6225,1,F,AK,YP,D
15:00:00,INDF,RG,6225,1,F,AK,YB,D
15:00:00,INDF,RG,6225,10,F,AK,CC,D
15:00:00,INDF,RG,6225,20,F,AK,HD,D
15:00:00,INDF,RG,6225,1,F,AK,YP,D
15:00:00,INDF,RG,6225,20,F,AK,YB,D
15:00:00,INDF,RG,6225,51,F,AK,ZP,F
15:00:00,INDF,RG,6225,26,F,AK,AK,F
15:00:00,INDF,RG,6225,452,F,AK,BK,F
15:00:00,INDF,RG,6225,1,F,ZP,BK,F
15:00:00,INDF,RG,6225,1,F,ZP,BK,F
15:00:00,INDF,RG,6225,1276,F,CS,BK,F
15:00:00,INDF,RG,6225,3,D,AZ,BK,F
15:00:00,INDF,RG,6225,64,F,YU,BK,F
15:00:00,INDF,RG,6225,44,F,YU,OD,D
15:00:00,INDF,RG,6225,4,F,YU,BK,F
15:00:00,INDF,RG,6225,185,D,OD,BK,F
15:00:00,INDF,RG,6225,148,D,OD,BB,F
15:00:00,INDF,RG,6225,264,D,OD,BB,F
15:00:00,INDF,RG,6225,76,F,ZP,BB,F
15:00:00,INDF,RG,6225,126,D,PD,BB,F
15:00:00,INDF,RG,6225,1,D,PD,AK,F
15:00:00,INDF,RG,6225,17,D,PD,AK,F
15:00:00,INDF,RG,6225,82,D,PD,AK,F
15:00:00,INDF,RG,6225,131,D,PD,AK,F
15:00:00,INDF,RG,6225,1,D,PD,AK,F
15:00:00,INDF,RG,6225,40,D,PD,AK,F
15:00:00,INDF,RG,6225,282,D,PD,IF,D
15:00:00,INDF,RG,6225,375,D,PD,GW,F
15:00:00,INDF,RG,6225,784,D,PD,CC,D
15:00:00,INDF,RG,6225,848,D,PD,YU,F
15:00:00,INDF,RG,6225,8,D,PD,YU,D
14:49:44,INDF,RG,6200,8,D,KK,YP,D
14:49:42,INDF,RG,6200,3,D,YP,YP,D
14:49:41,INDF,RG,6200,8,D,XC,YP,D
14:49:40,INDF,RG,6200,1,D,YP,YP,D
14:49:39,INDF,RG,6200,2,F,CS,YP,D
14:49:39,INDF,RG,6200,3,F,CC,YP,D
14:49:38,INDF,RG,6225,12,F,CS,XC,D
14:49:38,INDF,RG,6225,1,F,CS,YP,D
14:49:38,INDF,RG,6225,2,F,CS,PD,D
14:49:38,INDF,RG,6200,38,F,CC,YU,F
14:49:38,INDF,RG,6200,147,F,CC,YU,F
14:49:37,INDF,RG,6200,3,D,KK,YU,F
14:49:35,INDF,RG,6200,2,D,NI,YU,F
14:49:32,INDF,RG,6200,4,F,CS,YU,F
14:49:30,INDF,RG,6200,5,F,CS,YU,F
14:49:30,INDF,RG,6200,29,F,YU,YU,F
14:49:30,INDF,RG,6200,9,F,YU,YU,F
14:49:28,INDF,RG,6200,38,F,AK,YU,F
14:49:28,INDF,RG,6200,5,F,AK,KK,D
14:49:28,INDF,RG,6200,199,F,AK,YU,F
14:49:28,INDF,RG,6200,51,F,AK,YU,F
14:49:28,INDF,RG,6200,1,F,AK,AK,F
14:49:28,INDF,RG,6200,27,F,AK,YU,F
14:49:28,INDF,RG,6200,50,F,AK,GW,F
14:49:28,INDF,RG,6200,27,F,AK,YU,F
14:49:28,INDF,RG,6200,27,F,AK,YU,F
14:49:28,INDF,RG,6200,20,F,AK,YU,F
14:49:28,INDF,RG,6200,21,F,AK,YU,F
14:49:28,INDF,RG,6200,26,F,AK,YU,F
14:49:28,INDF,RG,6200,1,F,AK,XC,D
14:49:28,INDF,RG,6200,3,F,AK,XC,D
14:49:28,INDF,RG,6200,50,F,AK,GW,F
14:49:28,INDF,RG,6200,16,F,AK,XC,D
14:49:28,INDF,RG,6200,4,F,AK,AK,F
14:49:28,INDF,RG,6200,175,F,AK,OD,D
14:49:28,INDF,RG,6200,82,F,AK,OD,D
14:49:28,INDF,RG,6200,24,F,AK,OD,D
14:49:28,INDF,RG,6200,14,F,CS,OD,D
14:49:28,INDF,RG,6200,89,F,AK,OD,D
14:49:28,INDF,RG,6200,37,F,AK,OD,D
14:49:27,INDF,RG,6175,8,D,RF,XL,D
14:49:27,INDF,RG,6200,290,D,YP,OD,D
14:49:27,INDF,RG,6200,2,D,YP,OD,D
14:49:27,INDF,RG,6200,175,D,YP,OD,D
14:49:27,INDF,RG,6200,209,D,YP,OD,D
14:49:27,INDF,RG,6200,327,D,YP,OD,D
14:49:27,INDF,RG,6200,2,D,YP,OD,D
14:49:27,INDF,RG,6200,133,D,YP,OD,D
14:49:25,INDF,RG,6175,28,D,RF,YU,F
14:49:25,INDF,RG,6175,65,D,RF,BK,F
14:49:23,INDF,RG,6200,10,D,SQ,OD,D
14:49:22,INDF,RG,6200,5,D,KK,OD,D
14:49:21,INDF,RG,6200,22,F,CS,OD,D
14:49:20,INDF,RG,6200,25,D,LG,OD,D
14:49:18,INDF,RG,6175,16,D,RF,ZP,F
14:49:15,INDF,RG,6175,3,D,RF,AK,F
14:49:13,INDF,RG,6175,1,D,RF,BB,F
14:49:11,INDF,RG,6200,18,F,CS,OD,D
14:49:07,INDF,RG,6175,12,D,RF,BK,F
14:49:05,INDF,RG,6200,2,D,NI,OD,D
14:49:04,INDF,RG,6175,143,D,RF,BK,F
14:49:04,INDF,RG,6200,70,D,BK,OD,D
14:49:03,INDF,RG,6200,9,F,CS,OD,D
14:49:03,INDF,RG,6200,50,D,YP,OD,D
14:49:03,INDF,RG,6200,3,D,YP,OD,D
14:49:00,INDF,RG,6175,34,D,RF,YU,F
14:48:59,INDF,RG,6200,439,D,YP,OD,D
14:48:59,INDF,RG,6200,118,D,YP,OD,D
14:48:59,INDF,RG,6200,2,D,YP,YP,D
14:48:59,INDF,RG,6200,13,D,YP,BK,F
14:48:59,INDF,RG,6200,4,D,YP,AK,F
14:48:59,INDF,RG,6200,3,D,YP,NI,D
14:48:59,INDF,RG,6200,30,D,YP,IF,D
14:48:59,INDF,RG,6200,2,D,YP,YP,D
14:48:59,INDF,RG,6200,50,D,YP,GW,F
14:48:59,INDF,RG,6200,51,D,YP,YU,F
14:48:59,INDF,RG,6200,38,D,YP,BB,F
14:48:59,INDF,RG,6175,12,D,RF,BK,F
14:48:58,INDF,RG,6200,11,F,CS,BB,F
14:48:58,INDF,RG,6175,2,D,RF,AK,F
14:48:58,INDF,RG,6175,8,D,RF,AK,F
14:48:58,INDF,RG,6175,16,D,RF,AK,F
14:48:58,INDF,RG,6175,4,D,RF,AK,F
14:48:58,INDF,RG,6175,2,D,RF,AK,F
14:48:58,INDF,RG,6175,1,D,RF,AK,F
14:48:58,INDF,RG,6175,1,D,RF,AK,F
14:48:58,INDF,RG,6175,1,D,RF,AK,F
14:48:58,INDF,RG,6200,1,D,PD,BB,F
14:48:55,INDF,RG,6175,10,D,RF,BK,F
14:48:53,INDF,RG,6200,3,F,ZP,BB,F
14:48:52,INDF,RG,6175,12,D,RF,BK,F
14:48:51,INDF,RG,6200,2,F,ZP,BB,F
14:48:51,INDF,RG,6200,5,F,ZP,BB,F
14:48:51,INDF,RG,6175,9,D,RF,ZP,F
14:48:51,INDF,RG,6200,15,F,CS,BB,F
14:48:50,INDF,RG,6175,11,D,RF,BK,F
14:48:48,INDF,RG,6175,10,D,RF,BB,F
14:48:45,INDF,RG,6175,4,D,RF,AK,F
14:48:45,INDF,RG,6175,1,D,RF,AK,F
14:48:45,INDF,RG,6175,11,D,RF,BK,F
14:48:43,INDF,RG,6175,10,D,RF,BK,F
14:48:43,INDF,RG,6175,14,D,RF,BK,F
14:48:42,INDF,RG,6175,1,D,RF,AK,F
14:48:42,INDF,RG,6200,1,F,ZP,BB,F
14:48:42,INDF,RG,6200,1,F,AK,BB,F
14:48:42,INDF,RG,6200,1,F,AK,YP,D
14:48:41,INDF,RG,6200,3,F,CS,YP,D
14:48:41,INDF,RG,6200,11,F,CS,YU,F
14:48:41,INDF,RG,6200,1,F,AK,YU,F
14:48:39,INDF,RG,6175,10,D,RF,BK,F
14:48:38,INDF,RG,6200,2,F,AK,YU,F
14:48:37,INDF,RG,6175,14,D,RF,BK,F
14:48:37,INDF,RG,6175,1,D,PD,BK,F
14:48:37,INDF,RG,6175,1,D,PD,BK,F
14:48:37,INDF,RG,6175,1,D,XC,BK,F
14:48:37,INDF,RG,6175,1,D,KK,BK,F
14:48:37,INDF,RG,6175,3,D,CC,BK,F
14:48:37,INDF,RG,6200,1,F,AK,YU,F
14:48:37,INDF,RG,6175,1,D,XL,BB,F
14:48:37,INDF,RG,6175,2,D,YP,BB,F
14:48:37,INDF,RG,6175,7,D,XC,BB,F
14:48:33,INDF,RG,6200,1,F,AK,YU,F
14:48:33,INDF,RG,6200,1,D,DH,YU,F
14:48:32,INDF,RG,6200,4,F,ZP,YU,F
14:48:32,INDF,RG,6200,2,D,CC,YU,F
14:48:32,INDF,RG,6200,2,F,AK,YU,F
14:48:31,INDF,RG,6175,3,D,XC,BK,F
14:48:31,INDF,RG,6175,1,D,NI,BK,F
14:48:31,INDF,RG,6175,5,D,NI,BK,F
14:48:31,INDF,RG,6175,7,D,XL,BK,F
14:48:31,INDF,RG,6200,2,F,AK,YU,F
14:48:31,INDF,RG,6200,16,F,CS,YU,F
14:48:31,INDF,RG,6200,1,F,AK,YU,F
14:48:30,INDF,RG,6175,1,D,XL,AK,F
14:48:30,INDF,RG,6175,8,D,XL,AK,F
14:48:27,INDF,RG,6200,2,F,AK,YU,F
14:48:27,INDF,RG,6175,19,D,XL,BK,F
14:48:27,INDF,RG,6200,2,F,AK,YU,F
14:48:26,INDF,RG,6175,5,D,XL,BB,F
14:48:26,INDF,RG,6175,2,D,XC,BB,F
14:48:26,INDF,RG,6175,1,D,YP,BB,F
14:48:26,INDF,RG,6175,2,D,XC,BB,F
14:48:22,INDF,RG,6200,1,F,AK,YU,F
14:48:21,INDF,RG,6175,3,D,XC,BK,F
14:48:21,INDF,RG,6175,3,D,CC,BK,F
14:48:21,INDF,RG,6175,2,D,PD,BK,F
14:48:21,INDF,RG,6175,3,D,SQ,BK,F
14:48:21,INDF,RG,6200,3,D,YP,YU,F
14:48:21,INDF,RG,6200,2,F,AK,YU,F
14:48:20,INDF,RG,6200,15,F,CS,YU,F
14:48:19,INDF,RG,6200,2,F,AK,YU,F
14:48:18,INDF,RG,6175,17,D,SQ,BK,F
14:48:18,INDF,RG,6175,1,D,XC,BK,F
14:48:18,INDF,RG,6175,2,D,CC,BK,F
14:48:17,INDF,RG,6200,4,F,AK,YU,F
14:48:17,INDF,RG,6200,3,F,AK,YU,F
14:48:17,INDF,RG,6175,8,D,CC,BB,D
14:48:17,INDF,RG,6175,1,D,YP,BB,D
14:48:17,INDF,RG,6175,1,D,YP,BB,D
14:48:17,INDF,RG,6175,50,D,DH,BB,D
14:48:16,INDF,RG,6200,2,F,AK,YU,F
14:48:16,INDF,RG,6175,10,D,DH,BB,F
14:48:16,INDF,RG,6175,1,D,DH,BB,F
14:48:15,INDF,RG,6200,1,D,IF,YU,F
14:48:15,INDF,RG,6175,3,D,DH,AK,F
14:48:15,INDF,RG,6175,2,D,DH,AK,F
14:48:15,INDF,RG,6175,1,D,DH,AK,F
14:48:14,INDF,RG,6200,1,F,AK,YU,F
14:48:14,INDF,RG,6175,1,D,DH,BB,D
14:48:13,INDF,RG,6200,5,F,ZP,YU,F
14:48:13,INDF,RG,6200,2,F,AK,YU,F
14:48:13,INDF,RG,6175,13,D,DH,BK,F
14:48:13,INDF,RG,6175,4,D,DH,BB,D
14:48:11,INDF,RG,6200,6,F,AK,YU,F
14:48:11,INDF,RG,6175,37,D,DH,BB,D
14:48:10,INDF,RG,6200,6,F,CS,YU,F
14:48:10,INDF,RG,6200,8,F,CS,YU,F
14:48:10,INDF,RG,6200,1,F,AK,YU,F
14:48:10,INDF,RG,6175,11,D,DH,BK,F
14:48:08,INDF,RG,6200,1,F,AK,YU,F
14:48:07,INDF,RG,6175,1,D,DH,AK,F
14:48:07,INDF,RG,6175,1,D,DH,BB,D
14:48:07,INDF,RG,6200,2,F,AK,YU,F
14:48:06,INDF,RG,6175,19,D,DH,BB,F
14:48:05,INDF,RG,6200,2,F,AK,YU,F
14:48:05,INDF,RG,6175,1,D,DH,BB,F
14:48:05,INDF,RG,6200,7,D,PD,YU,F
14:48:05,INDF,RG,6200,13,D,PD,YU,F
14:48:04,INDF,RG,6200,1,F,AK,YU,F
14:48:04,INDF,RG,6200,7,D,KZ,YU,F
14:48:04,INDF,RG,6200,2,D,KZ,YU,F
14:48:01,INDF,RG,6200,3,F,AK,YU,F
14:48:00,INDF,RG,6200,16,F,CS,YU,F
14:48:00,INDF,RG,6200,6,F,CS,YU,F
14:48:00,INDF,RG,6175,2,D,DH,AK,F
14:47:57,INDF,RG,6200,1,F,AK,YU,F
14:47:57,INDF,RG,6175,10,D,DH,ZP,F
14:47:56,INDF,RG,6200,1,F,AK,YU,F
14:47:56,INDF,RG,6175,3,D,DH,BB,D
14:47:54,INDF,RG,6200,4,F,ZP,YU,F
14:47:54,INDF,RG,6200,1,D,KZ,YU,F
14:47:51,INDF,RG,6200,1,F,AK,YU,F
14:47:51,INDF,RG,6175,4,D,DH,BB,D
14:47:50,INDF,RG,6175,1,D,DH,ZP,D
14:47:46,INDF,RG,6200,6,F,AK,YU,F
14:47:46,INDF,RG,6200,1,F,ZP,YU,F
14:47:45,INDF,RG,6200,10,F,CS,YU,F
14:47:45,INDF,RG,6200,2,F,AK,YU,F
14:47:45,INDF,RG,6200,2,F,AK,XC,D
14:47:45,INDF,RG,6200,5,F,AK,YP,D
14:47:45,INDF,RG,6200,12,F,AK,BK,F
14:47:45,INDF,RG,6175,44,D,DH,YU,F
14:47:45,INDF,RG,6175,175,D,DH,BB,F
14:47:45,INDF,RG,6175,1,D,DH,BB,F
14:47:42,INDF,RG,6200,3,F,AK,BK,F
14:47:42,INDF,RG,6175,6,D,DH,BB,D
14:47:38,INDF,RG,6200,16,F,CS,BK,F
14:47:38,INDF,RG,6200,5,F,ZP,BK,F
14:47:31,INDF,RG,6200,1,F,AK,BK,F
14:47:31,INDF,RG,6175,5,D,DH,BB,D
14:47:30,INDF,RG,6200,2,F,AK,BK,F
14:47:28,INDF,RG,6200,16,F,CS,BK,F
14:47:23,INDF,RG,6200,1,F,AK,BK,F
14:47:23,INDF,RG,6175,11,D,DH,BK,F
14:47:23,INDF,RG,6200,4,F,AK,BK,F
14:47:23,INDF,RG,6175,6,D,DH,BB,D
14:47:20,INDF,RG,6200,5,F,ZP,BK,F
14:47:19,INDF,RG,6200,10,D,YP,BK,F
14:47:19,INDF,RG,6200,2,D,CC,BK,F
14:47:17,INDF,RG,6200,15,F,CS,BK,F
14:47:12,INDF,RG,6200,1,F,AK,BK,F
14:47:11,INDF,RG,6175,5,D,DH,BB,D
14:47:11,INDF,RG,6200,7,F,AK,BK,F
14:47:10,INDF,RG,6175,25,D,DH,YU,F
14:47:10,INDF,RG,6200,20,D,YB,BK,F
14:47:08,INDF,RG,6200,1,D,XL,BK,F
14:47:06,INDF,RG,6200,16,F,CS,BK,F
14:47:03,INDF,RG,6200,9,F,AK,BK,F
14:47:02,INDF,RG,6175,39,D,DH,BB,D
14:47:01,INDF,RG,6200,6,F,ZP,BK,F
14:47:01,INDF,RG,6200,4,D,NI,BK,F
14:46:56,INDF,RG,6200,15,F,CS,BK,F
14:46:55,INDF,RG,6200,1,D,XL,BK,F
14:46:55,INDF,RG,6200,9,D,EP,BK,F
14:46:55,INDF,RG,6200,1,D,EP,ZP,D
14:46:46,INDF,RG,6200,3,F,AK,ZP,D
14:46:46,INDF,RG,6200,5,F,AK,NI,D
14:46:46,INDF,RG,6175,25,D,DH,YU,F
14:46:46,INDF,RG,6175,12,D,DH,BK,F
14:46:45,INDF,RG,6200,11,F,CS,NI,D
14:46:45,INDF,RG,6200,21,F,CS,GW,F
14:46:41,INDF,RG,6200,2,D,XC,GW,F
14:46:32,INDF,RG,6200,30,F,AK,GW,F
14:46:31,INDF,RG,6200,1,F,ZP,GW,F
14:46:31,INDF,RG,6175,32,D,DH,YU,F
14:46:31,INDF,RG,6175,194,D,DH,CC,D
14:46:30,INDF,RG,6200,3,F,ZP,GW,F
14:46:30,INDF,RG,6200,1,F,AK,GW,F
14:46:30,INDF,RG,6175,25,D,DH,YU,F
14:46:30,INDF,RG,6200,9,F,AK,GW,F
14:46:30,INDF,RG,6200,8,D,YU,GW,F
14:46:30,INDF,RG,6200,12,D,YU,NI,D
14:46:30,INDF,RG,6200,5,D,YU,CS,F
14:46:30,INDF,RG,6200,1,D,YU,CS,F
14:46:30,INDF,RG,6200,10,D,YU,CS,F
14:46:30,INDF,RG,6200,4,D,YU,YP,D
14:46:30,INDF,RG,6200,4,D,YU,AK,F
14:46:30,INDF,RG,6200,4,D,YU,AK,F
14:46:30,INDF,RG,6200,5,D,YU,AK,F
14:46:25,INDF,RG,6200,9,F,CS,AK,F
14:46:25,INDF,RG,6200,6,F,CS,AK,F
14:46:25,INDF,RG,6200,9,F,CS,AK,F
14:46:25,INDF,RG,6200,9,F,CS,AK,F
14:46:23,INDF,RG,6200,1,D,CC,AK,F
14:46:12,INDF,RG,6200,1,F,ZP,AK,F
14:46:04,INDF,RG,6200,2,F,AK,AK,F
14:46:04,INDF,RG,6200,1,F,AK,AK,F
14:46:04,INDF,RG,6200,19,F,CS,AK,F
14:46:04,INDF,RG,6200,9,F,CS,AK,F
14:46:04,INDF,RG,6200,1,F,AK,AK,F
14:46:04,INDF,RG,6200,3,F,AK,AK,F
14:46:04,INDF,RG,6175,30,D,DH,CC,D
14:46:02,INDF,RG,6200,12,F,AK,AK,F
14:46:02,INDF,RG,6200,7,F,AK,BB,D
14:46:01,INDF,RG,6175,26,D,DH,YU,F
14:46:00,INDF,RG,6175,19,D,DH,AK,F
14:46:00,INDF,RG,6200,48,D,YU,BB,D
14:46:00,INDF,RG,6200,45,F,YU,BB,D
14:46:00,INDF,RG,6175,25,D,DH,YU,F
14:46:00,INDF,RG,6200,9,F,AK,BB,D
14:46:00,INDF,RG,6175,77,D,DH,CC,D
14:45:54,INDF,RG,6175,1,D,DH,ZP,D
14:45:52,INDF,RG,6200,20,F,AK,BB,D
14:45:50,INDF,RG,6175,25,D,DH,YU,F
14:45:50,INDF,RG,6175,114,D,DH,BB,D
14:45:47,INDF,RG,6200,24,F,CS,BB,D
14:45:46,INDF,RG,6200,2,F,AK,BB,D
14:45:45,INDF,RG,6175,8,D,DH,AK,F
14:45:45,INDF,RG,6175,3,D,DH,AK,F
14:45:45,INDF,RG,6200,5,D,PD,BB,D
14:45:45,INDF,RG,6200,1,F,ZP,BB,D
14:45:34,INDF,RG,6200,3,F,AK,GW,F
14:45:33,INDF,RG,6175,32,D,DH,YU,F
14:45:32,INDF,RG,6200,24,F,AK,GW,F
14:45:32,INDF,RG,6200,3,F,AK,GW,F
14:45:32,INDF,RG,6175,198,D,DH,BB,D
14:45:32,INDF,RG,6200,3,F,AK,GW,F
14:45:32,INDF,RG,6175,27,D,DH,YU,F
14:45:31,INDF,RG,6200,17,F,CS,GW,F
14:45:31,INDF,RG,6200,13,F,CS,AK,F
14:45:31,INDF,RG,6200,1,F,AK,AK,F
14:45:30,INDF,RG,6175,4,D,DH,AK,F
14:45:30,INDF,RG,6175,7,D,DH,AK,F
14:45:30,INDF,RG,6200,6,F,AK,AK,F
14:45:30,INDF,RG,6200,23,D,YP,AK,F
14:45:30,INDF,RG,6200,6,D,YP,CS,F
14:45:30,INDF,RG,6200,5,D,YP,CS,F
14:45:30,INDF,RG,6200,6,D,YP,CS,F
14:45:30,INDF,RG,6200,10,D,YP,ZP,F
14:45:27,INDF,RG,6200,3,F,AK,ZP,F
14:45:25,INDF,RG,6175,1,D,DH,CS,F
14:45:25,INDF,RG,6175,3,D,DH,CS,F
14:45:25,INDF,RG,6175,6,D,DH,CS,F
14:45:25,INDF,RG,6175,3,D,DH,CS,F
14:45:25,INDF,RG,6175,1,D,DH,CS,F
14:45:25,INDF,RG,6175,3,D,DH,CS,F
14:45:25,INDF,RG,6175,6,D,DH,CS,F
14:45:23,INDF,RG,6200,17,F,AK,ZP,F
14:45:22,INDF,RG,6175,31,D,DH,YU,F
14:45:22,INDF,RG,6200,50,D,LG,ZP,F
14:45:22,INDF,RG,6200,1,D,PD,ZP,F
14:45:19,INDF,RG,6200,1,D,CC,ZP,F
14:45:19,INDF,RG,6200,1,D,KZ,ZP,F
14:45:15,INDF,RG,6200,1,D,NI,ZP,F
14:45:12,INDF,RG,6200,30,F,CS,ZP,F
14:45:11,INDF,RG,6200,1,D,CC,ZP,F
14:45:08,INDF,RG,6200,5,D,SQ,ZP,F
14:45:06,INDF,RG,6200,5,D,PD,ZP,F
14:45:05,INDF,RG,6200,1,D,NI,ZP,F
14:45:03,INDF,RG,6200,19,D,XC,ZP,F
14:44:53,INDF,RG,6200,2,F,AK,ZP,F
14:44:51,INDF,RG,6200,14,F,CS,ZP,F
14:44:51,INDF,RG,6200,4,F,AK,ZP,F
14:44:51,INDF,RG,6175,40,D,DH,YU,F
14:44:49,INDF,RG,6200,5,F,AK,ZP,F
14:44:49,INDF,RG,6175,40,D,DH,YU,F
14:44:48,INDF,RG,6200,44,F,AK,ZP,F
14:44:48,INDF,RG,6175,267,D,DH,BB,F
14:44:48,INDF,RG,6175,71,D,DH,BB,F
14:44:47,INDF,RG,6175,33,D,DH,YU,F
14:44:46,INDF,RG,6200,23,F,AK,ZP,F
14:44:46,INDF,RG,6200,143,D,KK,ZP,F
14:44:46,INDF,RG,6200,50,D,KK,GW,F
14:44:46,INDF,RG,6200,7,D,KK,BK,F
14:44:46,INDF,RG,6200,1,F,AK,BK,F
14:44:46,INDF,RG,6200,5,D,XC,BK,F
14:44:45,INDF,RG,6200,2,F,AK,BK,F
14:44:45,INDF,RG,6175,2,D,DH,ZP,D
14:44:45,INDF,RG,6175,6,D,DH,AK,F
14:44:45,INDF,RG,6175,9,D,DH,AK,F
14:44:41,INDF,RG,6200,3,F,AK,BK,F
14:44:41,INDF,RG,6200,10,F,CS,BK,F
14:44:41,INDF,RG,6200,17,F,CS,BK,F
14:44:41,INDF,RG,6200,3,F,AK,BK,F
14:44:40,INDF,RG,6175,5,D,DH,CS,F
14:44:40,INDF,RG,6175,25,D,DH,YU,F
14:44:40,INDF,RG,6200,3,F,AK,BK,F
14:44:40,INDF,RG,6175,5,D,DH,CS,F
14:44:40,INDF,RG,6175,2,D,DH,CS,F
14:44:40,INDF,RG,6175,7,D,DH,CS,F
14:44:40,INDF,RG,6175,6,D,DH,CS,F
14:44:30,INDF,RG,6200,1,F,ZP,BK,F
14:44:30,INDF,RG,6200,2,F,AK,BK,F
14:44:30,INDF,RG,6175,18,D,DH,AK,F
14:44:26,INDF,RG,6200,9,F,AK,BK,F
14:44:25,INDF,RG,6175,77,D,DH,LG,D
14:44:25,INDF,RG,6200,4,F,AK,BK,F
14:44:25,INDF,RG,6175,25,D,DH,YU,F
14:44:25,INDF,RG,6200,10,D,KK,BK,F
14:44:23,INDF,RG,6200,9,F,AK,BK,F
14:44:22,INDF,RG,6175,11,D,DH,BK,F
14:44:20,INDF,RG,6200,22,F,CS,BK,F
14:44:20,INDF,RG,6200,20,D,YP,BK,F
14:44:06,INDF,RG,6200,3,D,YP,BK,F
14:44:04,INDF,RG,6200,2,D,NI,BK,F
14:44:03,INDF,RG,6200,16,F,CS,BK,F
14:44:03,INDF,RG,6200,7,F,AK,BK,F
14:44:03,INDF,RG,6200,30,D,YP,BK,F
14:44:01,INDF,RG,6175,34,D,DH,YU,F
14:44:00,INDF,RG,6200,14,F,AK,BK,F
14:44:00,INDF,RG,6200,1,D,YP,BK,F
14:44:00,INDF,RG,6200,67,D,YU,BK,F
14:43:57,INDF,RG,6200,1,D,PD,BK,F
14:43:57,INDF,RG,6200,45,D,CC,BK,F
14:43:51,INDF,RG,6200,5,F,AK,BK,F
14:43:51,INDF,RG,6200,27,F,CS,BK,F
14:43:49,INDF,RG,6200,8,D,YP,BK,F
14:43:46,INDF,RG,6200,1,D,PD,BK,F
14:43:45,INDF,RG,6175,6,D,DH,AK,F
14:43:45,INDF,RG,6200,13,F,AK,BK,F
14:43:45,INDF,RG,6175,12,D,DH,BK,F
14:43:44,INDF,RG,6175,25,D,DH,YU,F
14:43:44,INDF,RG,6200,50,D,YU,BK,F
14:43:40,INDF,RG,6175,27,D,DH,YU,F
14:43:39,INDF,RG,6200,5,D,XC,BK,F
14:43:39,INDF,RG,6200,24,F,AK,BK,F
14:43:39,INDF,RG,6200,200,D,YU,BK,F
14:43:31,INDF,RG,6200,3,F,AK,BK,F
14:43:31,INDF,RG,6175,28,D,DH,YU,F
14:43:31,INDF,RG,6200,6,F,AK,BK,F
14:43:30,INDF,RG,6175,9,D,DH,AK,F
14:43:30,INDF,RG,6175,9,D,DH,AK,F
14:43:30,INDF,RG,6200,26,F,CS,BK,F
14:43:30,INDF,RG,6200,1,F,ZP,BK,F
14:43:29,INDF,RG,6200,3,D,YP,BK,F
14:43:16,INDF,RG,6200,6,F,AK,BK,F
14:43:15,INDF,RG,6175,18,D,DH,AK,F
14:43:10,INDF,RG,6200,25,F,CS,BK,F
14:43:07,INDF,RG,6200,3,D,CC,BK,F
14:43:07,INDF,RG,6200,10,D,PD,BK,F
14:43:04,INDF,RG,6200,36,F,AK,BK,F
14:43:04,INDF,RG,6200,1,D,KZ,BK,F
14:43:04,INDF,RG,6200,148,D,KK,BK,F
14:43:04,INDF,RG,6200,3,D,KK,ZP,D
14:43:04,INDF,RG,6200,9,D,KK,CS,F
14:43:04,INDF,RG,6200,5,D,KK,CS,F
14:43:04,INDF,RG,6200,135,D,KK,OD,D
14:43:01,INDF,RG,6200,1,F,AK,OD,D
14:43:01,INDF,RG,6175,11,D,DH,BK,F
14:42:55,INDF,RG,6200,1,D,PD,OD,D
14:42:50,INDF,RG,6200,3,F,AK,OD,D
14:42:50,INDF,RG,6200,28,F,CS,OD,D
14:42:48,INDF,RG,6200,1,F,ZP,OD,D
14:42:48,INDF,RG,6200,1,F,AK,OD,D
14:42:47,INDF,RG,6200,5,D,PD,OD,D
14:42:45,INDF,RG,6200,6,F,AK,OD,D
14:42:45,INDF,RG,6175,6,D,DH,AK,F
14:42:45,INDF,RG,6175,42,D,DH,BK,F
14:42:29,INDF,RG,6200,9,F,AK,OD,D
14:42:29,INDF,RG,6200,50,D,AR,OD,D
14:42:28,INDF,RG,6200,26,F,CS,OD,D
14:42:25,INDF,RG,6200,49,F,AK,OD,D
14:42:24,INDF,RG,6175,419,D,DH,BB,D
14:42:23,INDF,RG,6200,2,F,AK,OD,D
14:42:23,INDF,RG,6200,20,D,EP,OD,D
14:42:18,INDF,RG,6200,17,F,AK,OD,D
14:42:18,INDF,RG,6175,146,D,DH,BB,D
14:42:15,INDF,RG,6200,1,D,XC,OD,D
14:42:12,INDF,RG,6200,1,F,ZP,OD,D
14:42:12,INDF,RG,6200,1,F,ZP,OD,D
14:42:12,INDF,RG,6200,2,F,AK,OD,D
14:42:12,INDF,RG,6175,12,D,DH,BK,F
14:42:10,INDF,RG,6200,8,F,AK,OD,D
14:42:10,INDF,RG,6175,73,D,DH,BK,F
14:42:09,INDF,RG,6200,4,F,AK,OD,D
14:42:09,INDF,RG,6200,13,D,KZ,OD,D
14:42:09,INDF,RG,6200,8,D,KZ,BB,F
14:42:09,INDF,RG,6200,7,D,KZ,BB,D
14:42:09,INDF,RG,6200,3,F,AK,BB,D
14:42:08,INDF,RG,6200,2,F,CS,BB,D
14:42:08,INDF,RG,6200,23,F,CS,BB,D
14:42:07,INDF,RG,6175,5,D,DH,AK,F
14:42:06,INDF,RG,6200,2,D,PD,BB,D
14:42:00,INDF,RG,6200,7,F,AK,BB,D
14:42:00,INDF,RG,6200,2,F,AK,YU,F
14:42:00,INDF,RG,6200,69,D,YU,YU,F
14:41:55,INDF,RG,6200,3,D,XC,YU,F
14:41:50,INDF,RG,6200,3,F,AK,YU,F
14:41:49,INDF,RG,6200,26,F,CS,YU,F
14:41:42,INDF,RG,6200,7,F,AK,YU,F
14:41:40,INDF,RG,6175,59,D,DH,BK,F
14:41:40,INDF,RG,6200,1,F,AK,YU,F
14:41:40,INDF,RG,6200,10,D,PD,YU,F
14:41:34,INDF,RG,6200,1,F,AK,YU,F
14:41:33,INDF,RG,6175,10,D,DH,BK,F
14:41:32,INDF,RG,6200,2,F,AK,YU,F
14:41:32,INDF,RG,6200,15,D,NI,YU,F
14:41:30,INDF,RG,6200,6,F,AK,YU,F
14:41:30,INDF,RG,6175,30,D,DH,YU,D
14:41:30,INDF,RG,6200,18,D,XC,YU,F
14:41:29,INDF,RG,6200,3,F,AK,YU,F
14:41:29,INDF,RG,6200,27,F,CS,YU,F
14:41:16,INDF,RG,6200,2,D,CC,YU,F
14:41:10,INDF,RG,6200,1,D,PD,YU,F
14:41:09,INDF,RG,6200,3,F,AK,YU,F
14:41:08,INDF,RG,6200,27,F,CS,YU,F
14:41:06,INDF,RG,6200,2,D,XL,YU,F
14:41:01,INDF,RG,6200,4,F,AK,YU,F
14:41:01,INDF,RG,6175,72,D,DH,BK,F
14:41:01,INDF,RG,6175,1,D,DH,YU,D
14:41:00,INDF,RG,6200,1,D,XL,YU,F
14:40:51,INDF,RG,6200,2,F,AK,YU,F
14:40:50,INDF,RG,6200,1,D,XL,YU,F
14:40:47,INDF,RG,6200,27,F,CS,YU,F
14:40:47,INDF,RG,6200,1,F,AK,YU,F
14:40:46,INDF,RG,6175,11,D,DH,BK,F
14:40:38,INDF,RG,6200,2,D,PD,YU,F
14:40:30,INDF,RG,6200,6,F,AK,YU,F
14:40:30,INDF,RG,6175,62,D,DH,BK,F
14:40:29,INDF,RG,6200,3,D,YP,YU,F
14:40:26,INDF,RG,6200,23,F,CS,YU,F
14:40:26,INDF,RG,6200,1,F,CS,CS,F
14:40:26,INDF,RG,6200,2,F,CS,CS,F
14:40:26,INDF,RG,6200,1,F,ZP,CS,F
14:40:22,INDF,RG,6200,2,D,YP,CS,F
14:40:22,INDF,RG,6200,3,D,YP,CS,F
14:40:16,INDF,RG,6200,1,D,YP,CS,F
14:40:11,INDF,RG,6200,1,D,YP,CS,F
14:40:06,INDF,RG,6200,1,F,AK,CS,F
14:40:06,INDF,RG,6200,1,F,AK,OD,D
14:40:06,INDF,RG,6200,22,F,CS,OD,D
14:40:04,INDF,RG,6175,10,D,DH,BK,F
14:40:00,INDF,RG,6200,2,F,AK,OD,D
14:40:00,INDF,RG,6175,22,D,DH,AK,F
14:40:00,INDF,RG,6175,3,D,CC,AK,F
14:40:00,INDF,RG,6175,1,D,PD,AK,F
14:40:00,INDF,RG,6175,2,D,CC,AK,F
14:39:57,INDF,RG,6200,2,D,XC,OD,D
14:39:54,INDF,RG,6200,1,F,AK,OD,D
14:39:53,INDF,RG,6200,6,D,YP,OD,D
14:39:51,INDF,RG,6200,10,D,PD,OD,D
14:39:47,INDF,RG,6200,2,F,AK,OD,D
14:39:47,INDF,RG,6175,28,D,CC,YU,F
14:39:47,INDF,RG,6200,6,F,AK,OD,D
14:39:46,INDF,RG,6175,20,D,CC,BK,F
14:39:46,INDF,RG,6175,5,D,PD,BK,F
14:39:46,INDF,RG,6175,2,D,YP,BK,F
14:39:46,INDF,RG,6175,1,D,NI,BK,F
14:39:46,INDF,RG,6175,1,D,MU,BK,F
14:39:46,INDF,RG,6175,47,D,YP,BK,F
14:39:46,INDF,RG,6200,24,F,CS,OD,D
14:39:46,INDF,RG,6200,4,F,AK,OD,D
14:39:45,INDF,RG,6175,55,D,YP,AK,F
14:39:40,INDF,RG,6200,1,D,PD,OD,D
14:39:39,INDF,RG,6200,2,D,YP,OD,D
14:39:26,INDF,RG,6200,1,F,AK,OD,D
14:39:24,INDF,RG,6175,25,D,YP,YU,F
14:39:24,INDF,RG,6175,39,D,YP,BK,F
14:39:16,INDF,RG,6200,1,D,CC,OD,D
14:39:08,INDF,RG,6175,12,D,YP,BK,F
14:39:07,INDF,RG,6175,31,D,YP,BK,F
14:39:04,INDF,RG,6200,1,D,NI,OD,D
14:39:04,INDF,RG,6175,27,D,YP,YU,F
14:39:04,INDF,RG,6200,5,D,PD,OD,D
14:39:03,INDF,RG,6175,26,D,YP,YU,F
14:39:02,INDF,RG,6175,27,D,YP,YU,F
14:39:01,INDF,RG,6175,11,D,YP,YU,F
14:39:01,INDF,RG,6175,3,D,KK,YU,F
14:39:01,INDF,RG,6175,1,D,PD,YU,F
14:39:01,INDF,RG,6175,10,D,AO,YU,F
14:39:01,INDF,RG,6175,1,D,YP,YU,F
14:39:00,INDF,RG,6175,1,D,YP,YU,F
14:39:00,INDF,RG,6175,2,D,YP,YU,F
14:39:00,INDF,RG,6175,5,D,YP,YU,F
14:39:00,INDF,RG,6175,10,D,YP,YU,F
14:39:00,INDF,RG,6175,1,D,YP,YU,F
14:39:00,INDF,RG,6175,7,D,CC,YU,F
14:39:00,INDF,RG,6175,649,D,CC,BB,F
14:39:00,INDF,RG,6175,12,D,CC,YU,D
14:38:45,INDF,RG,6200,5,D,PD,OD,D
14:38:40,INDF,RG,6175,41,D,CC,BK,F
14:38:40,INDF,RG,6200,1,D,KK,OD,D
14:38:32,INDF,RG,6175,25,D,CC,YU,F
14:38:31,INDF,RG,6175,26,D,CC,YU,F
14:38:30,INDF,RG,6175,25,D,CC,YU,F
14:38:29,INDF,RG,6175,25,D,CC,YU,F
14:38:28,INDF,RG,6175,25,D,CC,YU,F
14:38:27,INDF,RG,6175,25,D,CC,YU,F
14:38:26,INDF,RG,6175,49,D,CC,YU,F
14:38:25,INDF,RG,6200,5,D,SQ,OD,D
14:38:23,INDF,RG,6175,49,D,CC,YU,F
14:38:23,INDF,RG,6175,10,D,CC,BK,F
14:38:22,INDF,RG,6175,32,D,CC,YU,F
14:38:22,INDF,RG,6175,10,D,NI,YU,F
14:38:22,INDF,RG,6175,1,D,YP,YU,F
14:38:22,INDF,RG,6175,1,D,KK,YU,F
14:38:22,INDF,RG,6175,4,D,CC,YU,F
14:38:21,INDF,RG,6175,3,D,CC,ZP,D
14:38:20,INDF,RG,6175,13,D,CC,BK,F
14:38:20,INDF,RG,6175,10,D,YP,BK,F
14:38:20,INDF,RG,6175,1,D,PD,BK,F
14:38:20,INDF,RG,6175,2,D,XC,BK,F
14:38:20,INDF,RG,6175,10,D,YP,BK,F
14:38:19,INDF,RG,6175,5,D,YP,YU,F
14:38:19,INDF,RG,6175,41,D,YP,YU,F
14:38:19,INDF,RG,6175,1,D,YP,ZP,D
14:38:18,INDF,RG,6175,46,D,YP,YU,F
14:38:16,INDF,RG,6175,34,D,YP,YU,F
14:38:15,INDF,RG,6200,1,F,ZP,OD,D
14:38:15,INDF,RG,6200,1,D,YP,OD,D
14:38:15,INDF,RG,6200,1,D,XC,OD,D
14:38:15,INDF,RG,6200,100,D,FZ,OD,D
14:38:15,INDF,RG,6200,1,D,YP,OD,D
14:38:15,INDF,RG,6200,10,D,NI,OD,D
14:38:15,INDF,RG,6200,4,F,ZP,OD,D
14:38:15,INDF,RG,6200,20,D,GR,OD,D
14:38:15,INDF,RG,6200,1,D,XC,OD,D
14:38:15,INDF,RG,6200,4,D,XC,OD,D
14:38:15,INDF,RG,6200,82,D,YP,OD,D
14:38:15,INDF,RG,6200,2,D,YP,OD,D
14:38:15,INDF,RG,6200,116,D,YP,OD,D
14:38:15,INDF,RG,6200,5,D,KK,OD,D
14:38:15,INDF,RG,6200,1,D,YP,OD,D
14:38:15,INDF,RG,6200,1,D,GR,OD,D
14:38:15,INDF,RG,6200,2,D,DH,OD,D
14:38:15,INDF,RG,6200,1,D,YP,OD,D
14:38:15,INDF,RG,6200,5,D,KK,OD,D
14:38:15,INDF,RG,6200,1,D,YP,OD,D
14:38:15,INDF,RG,6200,1,D,NI,OD,D
14:38:15,INDF,RG,6200,1,D,SQ,OD,D
14:38:15,INDF,RG,6200,3,F,ZP,OD,D
14:38:15,INDF,RG,6200,20,D,KK,OD,D
14:38:15,INDF,RG,6200,2,D,XC,OD,D
14:38:15,INDF,RG,6200,1,F,CC,OD,D
14:38:15,INDF,RG,6200,1,D,XL,OD,D
14:38:15,INDF,RG,6200,76,F,CS,OD,D
14:38:15,INDF,RG,6200,2,D,PD,OD,D
14:38:15,INDF,RG,6200,59,D,YU,OD,D
14:38:15,INDF,RG,6200,4,F,ZP,OD,D
14:38:15,INDF,RG,6200,100,D,YP,OD,D
14:38:15,INDF,RG,6200,10,D,YP,OD,D
14:38:15,INDF,RG,6200,10,D,YP,OD,D
14:38:15,INDF,RG,6200,41,F,CS,OD,D
14:38:15,INDF,RG,6200,1,F,ZP,OD,D
14:38:15,INDF,RG,6200,3,D,PD,OD,D
14:38:15,INDF,RG,6200,1,D,NI,OD,D
14:38:15,INDF,RG,6200,8,F,ZP,OD,D
14:38:15,INDF,RG,6200,25,D,LG,OD,D
14:38:15,INDF,RG,6200,1,D,PD,OD,D
14:38:15,INDF,RG,6200,14,D,BK,OD,D
14:38:15,INDF,RG,6200,2,D,YP,OD,D
14:38:15,INDF,RG,6200,45,D,YU,OD,D
14:38:15,INDF,RG,6200,24,F,YU,OD,D
14:38:15,INDF,RG,6200,4,D,YP,OD,D
14:38:15,INDF,RG,6200,2,D,YP,OD,D
14:38:15,INDF,RG,6200,10,D,XC,OD,D
14:38:15,INDF,RG,6200,4,D,SQ,OD,D
14:38:15,INDF,RG,6200,2,D,PD,OD,D
14:38:15,INDF,RG,6200,1,D,KK,OD,D
14:38:15,INDF,RG,6200,2,D,PD,OD,D
14:38:15,INDF,RG,6200,173,F,CS,OD,D
14:38:15,INDF,RG,6200,15,F,CS,AK,F
14:38:15,INDF,RG,6200,209,F,CS,OD,D
14:38:15,INDF,RG,6200,327,F,CS,OD,D
14:38:15,INDF,RG,6200,2,F,CS,OD,D
14:38:15,INDF,RG,6225,1,F,ZP,OD,D
14:38:15,INDF,RG,6200,3,F,CS,CS,F
14:38:15,INDF,RG,6200,12,F,CS,CS,F
14:38:15,INDF,RG,6200,11,F,CS,CS,F
14:38:15,INDF,RG,6200,248,F,CS,OD,D
14:38:15,INDF,RG,6200,50,D,CC,OD,D
14:38:15,INDF,RG,6200,5,D,KK,OD,D
14:38:15,INDF,RG,6200,1,D,XL,OD,D
14:38:15,INDF,RG,6200,3,D,CC,OD,D
14:38:15,INDF,RG,6200,25,D,XL,OD,D
14:38:15,INDF,RG,6200,9,D,YP,OD,D
14:38:15,INDF,RG,6200,7,F,ZP,OD,D
14:38:15,INDF,RG,6200,1,D,OD,OD,D
14:38:15,INDF,RG,6200,1,D,NI,OD,D
14:38:15,INDF,RG,6200,2,D,SQ,OD,D
14:38:15,INDF,RG,6200,40,D,AZ,OD,D
14:38:15,INDF,RG,6200,23,F,CC,OD,D
14:38:15,INDF,RG,6200,3,D,YP,OD,D
14:38:15,INDF,RG,6200,1,D,PD,OD,D
14:38:15,INDF,RG,6200,3,D,KK,OD,D
14:38:15,INDF,RG,6200,15,D,IP,OD,D
14:38:15,INDF,RG,6200,1,D,PD,OD,D
14:38:15,INDF,RG,6200,10,D,CC,OD,D
14:38:15,INDF,RG,6200,10,D,PD,OD,D
14:38:15,INDF,RG,6200,3,D,YP,OD,D
14:38:15,INDF,RG,6200,1,D,PD,OD,D
14:38:15,INDF,RG,6200,267,D,DH,OD,D
14:38:15,INDF,RG,6200,57,D,YP,OD,D
14:38:01,INDF,RG,6200,28,D,YP,YU,F
14:38:00,INDF,RG,6200,15,D,YP,AK,F
14:38:00,INDF,RG,6200,6,D,XC,AK,F
14:38:00,INDF,RG,6200,4,F,BQ,AK,F
14:38:00,INDF,RG,6225,23,D,YU,OD,D
14:37:44,INDF,RG,6225,11,D,BK,OD,D
14:37:43,INDF,RG,6200,63,F,BQ,BK,F
14:37:37,INDF,RG,6225,2,D,KK,OD,D
14:37:34,INDF,RG,6200,31,F,BQ,YU,F
14:37:32,INDF,RG,6225,97,F,CS,OD,D
14:37:31,INDF,RG,6200,11,F,BQ,BK,F
14:37:23,INDF,RG,6200,12,F,BQ,ZP,F
14:37:13,INDF,RG,6225,1,F,ZP,OD,D
14:37:09,INDF,RG,6200,53,F,BQ,BK,F
14:37:04,INDF,RG,6200,32,F,BQ,YU,F
14:37:00,INDF,RG,6200,26,F,BQ,YU,F
14:37:00,INDF,RG,6200,227,F,BQ,CC,D
14:36:35,INDF,RG,6200,12,F,BQ,BK,F
14:36:32,INDF,RG,6200,56,F,BQ,BK,F
14:36:22,INDF,RG,6200,5,F,BQ,ZP,D
14:36:21,INDF,RG,6225,12,D,BK,OD,D
14:36:20,INDF,RG,6200,34,F,BQ,YU,F
14:36:17,INDF,RG,6200,28,F,BQ,YU,F
14:36:17,INDF,RG,6200,281,F,BQ,BB,D
14:36:14,INDF,RG,6200,32,F,BQ,YU,F
14:36:13,INDF,RG,6200,93,F,BQ,DR,D
14:36:13,INDF,RG,6200,100,D,YP,DR,D
14:36:13,INDF,RG,6200,1,D,GR,DR,D
14:36:13,INDF,RG,6200,8,D,YU,DR,D
14:36:03,INDF,RG,6225,31,D,PD,OD,D
14:36:00,INDF,RG,6200,12,D,YU,YU,D
14:36:00,INDF,RG,6200,5,D,GR,YU,D
14:35:55,INDF,RG,6200,15,D,GR,XC,D
14:35:43,INDF,RG,6200,20,D,GR,YU,F
14:35:43,INDF,RG,6200,3,D,XC,YU,F
14:35:43,INDF,RG,6200,4,D,CC,YU,F
14:35:42,INDF,RG,6200,6,D,CC,BK,F
14:35:42,INDF,RG,6200,4,D,NI,BK,F
14:35:42,INDF,RG,6200,1,D,YP,BK,F
14:35:42,INDF,RG,6200,10,D,GR,BK,F
14:35:42,INDF,RG,6200,7,D,YP,BK,F
14:35:42,INDF,RG,6200,5,D,KK,BK,F
14:35:42,INDF,RG,6200,6,F,ZP,BK,F
14:35:42,INDF,RG,6200,1,D,SQ,BK,F
14:35:42,INDF,RG,6200,1,D,XC,BK,F
14:35:42,INDF,RG,6200,1,D,DX,BK,F
14:35:42,INDF,RG,6200,2,D,YP,BK,F
14:35:42,INDF,RG,6200,20,F,YU,BK,F
14:35:42,INDF,RG,6200,1,F,ZP,BK,F
14:35:42,INDF,RG,6200,12,D,RF,BK,F
14:35:37,INDF,RG,6200,11,D,RF,BK,F
14:35:34,INDF,RG,6200,26,D,RF,YU,F
14:35:32,INDF,RG,6200,16,D,RF,CS,F
14:35:31,INDF,RG,6200,19,D,RF,CS,F
14:35:30,INDF,RG,6200,16,D,RF,YU,F
14:35:30,INDF,RG,6200,11,D,YP,YU,F
14:35:26,INDF,RG,6200,26,D,YP,YU,F
14:35:23,INDF,RG,6200,31,D,YP,PD,D
14:35:22,INDF,RG,6200,30,D,YP,YU,F
14:35:21,INDF,RG,6200,2,D,YP,BB,D
14:35:21,INDF,RG,6200,8,D,YB,BB,D
14:35:21,INDF,RG,6200,10,D,YU,BB,D
14:35:21,INDF,RG,6200,20,D,YP,BB,D
14:35:21,INDF,RG,6200,10,D,PD,BB,D
14:35:21,INDF,RG,6200,5,D,CC,BB,D
14:35:21,INDF,RG,6200,1,D,EP,BB,D
14:35:21,INDF,RG,6200,5,D,KK,BB,D
14:35:21,INDF,RG,6200,10,D,CC,BB,D
14:35:21,INDF,RG,6200,5,F,ZP,BB,D
14:35:21,INDF,RG,6200,5,D,PD,BB,D
14:35:21,INDF,RG,6200,10,D,KK,BB,D
14:35:21,INDF,RG,6200,1,D,PD,BB,D
14:35:21,INDF,RG,6200,1,D,XC,BB,D
14:35:21,INDF,RG,6200,1,D,XL,BB,D
14:35:21,INDF,RG,6200,3,D,CC,BB,D
14:35:21,INDF,RG,6200,2,D,PD,BB,D
14:35:21,INDF,RG,6200,28,D,KZ,BB,D
14:35:21,INDF,RG,6200,3,D,YP,BB,D
14:35:21,INDF,RG,6200,2,D,XC,BB,D
14:35:21,INDF,RG,6200,10,D,NI,BB,D
14:35:21,INDF,RG,6200,2,D,YP,BB,D
14:35:21,INDF,RG,6200,1,F,CC,BB,D
14:35:21,INDF,RG,6200,1,D,AZ,BB,D
14:35:21,INDF,RG,6200,11,D,BK,BB,D
14:35:21,INDF,RG,6200,54,F,CS,BB,D
14:35:21,INDF,RG,6200,10,D,SQ,BB,D
14:35:21,INDF,RG,6200,3,D,XL,BB,D
14:35:21,INDF,RG,6200,10,D,SQ,BB,D
14:35:21,INDF,RG,6200,1,D,XC,BB,D
14:35:21,INDF,RG,6200,100,D,MK,BB,D
14:35:21,INDF,RG,6200,30,D,SQ,BB,D
14:35:21,INDF,RG,6200,5,F,ZP,BB,D
14:35:21,INDF,RG,6200,20,D,YP,BB,D
14:35:21,INDF,RG,6200,5,D,CC,BB,D
14:35:21,INDF,RG,6200,1,D,LS,BB,D
14:35:21,INDF,RG,6200,1,D,LS,BB,D
14:35:21,INDF,RG,6200,6,D,PD,BB,D
14:35:21,INDF,RG,6200,30,D,KK,BB,D
14:35:21,INDF,RG,6200,1,D,KK,BB,D
14:35:21,INDF,RG,6200,8,D,CC,BB,D
14:35:21,INDF,RG,6200,10,D,NI,BB,D
14:35:21,INDF,RG,6200,5,D,KK,BB,D
14:35:21,INDF,RG,6200,25,D,YU,BB,D
14:35:21,INDF,RG,6200,1,D,AZ,BB,D
14:35:21,INDF,RG,6200,62,D,SQ,BB,D
14:35:14,INDF,RG,6225,25,D,LG,OD,D
14:35:10,INDF,RG,6200,48,D,SQ,BK,F
14:34:45,INDF,RG,6200,11,D,SQ,BK,F
14:34:41,INDF,RG,6225,1,F,ZP,OD,D
14:34:30,INDF,RG,6200,4,D,SQ,AK,F
14:34:28,INDF,RG,6200,25,D,SQ,YU,F
14:34:28,INDF,RG,6200,2,D,SQ,YP,D
14:34:27,INDF,RG,6225,1,D,PD,OD,D
14:34:25,INDF,RG,6225,10,D,LG,OD,D
14:34:20,INDF,RG,6200,48,D,SQ,BK,F
14:34:20,INDF,RG,6200,2,D,YP,BK,F
14:34:20,INDF,RG,6200,11,D,KK,BK,F
14:34:20,INDF,RG,6200,9,D,KK,BK,F
14:34:16,INDF,RG,6200,1,D,KK,DX,D
14:34:16,INDF,RG,6200,10,D,SQ,DX,D
14:34:16,INDF,RG,6200,9,D,CC,DX,D
14:34:15,INDF,RG,6225,3,D,XL,OD,D
14:34:14,INDF,RG,6225,2,F,ZP,OD,D
14:34:01,INDF,RG,6200,1,D,CC,YU,F
14:34:01,INDF,RG,6200,1,D,PD,YU,F
14:34:01,INDF,RG,6200,2,D,PD,YU,F
14:34:01,INDF,RG,6200,3,D,XL,YU,F
14:34:01,INDF,RG,6200,22,F,CS,YU,F
14:34:00,INDF,RG,6200,7,F,CS,AK,F
14:34:00,INDF,RG,6225,70,D,YU,OD,D
14:34:00,INDF,RG,6200,18,F,CS,YU,D
14:33:43,INDF,RG,6200,11,F,CS,BK,F
14:33:40,INDF,RG,6200,3,F,CS,YP,D
14:33:40,INDF,RG,6200,1,F,CS,XC,D
14:33:25,INDF,RG,6200,79,F,CS,BK,F
14:33:25,INDF,RG,6200,26,F,CS,YU,F
14:33:24,INDF,RG,6200,27,F,CS,GW,F
14:33:24,INDF,RG,6200,1,D,YP,GW,F
14:33:24,INDF,RG,6200,3,D,XC,GW,F
14:33:24,INDF,RG,6200,19,D,CC,GW,F
14:33:15,INDF,RG,6200,8,D,CC,AK,F
14:33:15,INDF,RG,6200,2,F,ZP,AK,F
14:33:11,INDF,RG,6200,2,F,ZP,SQ,D
14:32:51,INDF,RG,6200,2,D,YP,OD,D
14:32:51,INDF,RG,6200,4,D,YP,OD,D
14:32:51,INDF,RG,6200,1,D,PD,OD,D
14:32:51,INDF,RG,6200,3,D,PD,OD,D
14:32:45,INDF,RG,6200,5,D,PD,AK,F
14:32:44,INDF,RG,6200,11,D,CC,BK,F
14:32:42,INDF,RG,6200,14,D,CC,BK,F
14:32:42,INDF,RG,6200,35,D,YU,BK,F
14:32:42,INDF,RG,6200,4,D,CC,BK,F
14:32:42,INDF,RG,6200,5,D,YP,BK,F
14:32:28,INDF,RG,6200,5,D,YP,YU,F
14:32:28,INDF,RG,6200,21,D,SQ,YU,F
14:32:23,INDF,RG,6200,26,D,SQ,YU,F
14:32:18,INDF,RG,6200,27,D,SQ,YU,F
14:32:18,INDF,RG,6225,310,F,CS,OD,D
14:32:15,INDF,RG,6200,2,D,SQ,PD,D
14:32:14,INDF,RG,6200,24,D,SQ,BK,F
14:32:14,INDF,RG,6200,10,D,PD,BK,F
14:32:14,INDF,RG,6200,1,D,XC,BK,F
14:32:14,INDF,RG,6200,4,D,XC,BK,F
14:32:06,INDF,RG,6200,1,D,XC,YP,D
14:32:06,INDF,RG,6200,1,D,YP,YP,D
14:32:06,INDF,RG,6200,35,D,OD,YP,D
14:32:05,INDF,RG,6200,7,D,OD,AK,F
14:32:04,INDF,RG,6200,3,D,OD,CC,D
14:31:58,INDF,RG,6200,5,D,OD,OD,D
14:31:58,INDF,RG,6200,8,D,YP,OD,D
14:31:43,INDF,RG,6200,11,D,YP,BK,F
14:31:41,INDF,RG,6200,1,D,YP,YU,F
14:31:41,INDF,RG,6200,20,D,SQ,YU,F
14:31:41,INDF,RG,6200,5,D,YP,YU,F
14:31:41,INDF,RG,6200,15,D,YP,BK,F
14:31:41,INDF,RG,6200,26,D,YP,BK,F
14:31:24,INDF,RG,6200,74,D,YP,LG,D
14:31:24,INDF,RG,6200,1,D,PD,LG,D
14:31:24,INDF,RG,6200,2,D,DR,LG,D
14:31:23,INDF,RG,6225,5,D,YJ,OD,D
14:31:14,INDF,RG,6200,3,D,DR,YU,F
14:31:14,INDF,RG,6200,23,F,ZP,YU,F
14:31:09,INDF,RG,6200,1,F,ZP,YU,F
14:31:09,INDF,RG,6200,10,D,XC,YU,F
14:31:09,INDF,RG,6200,5,D,CP,YU,F
14:31:09,INDF,RG,6200,1,F,ZP,YU,F
14:31:09,INDF,RG,6200,7,D,YP,YU,F
14:31:09,INDF,RG,6200,3,D,AR,YU,F
14:31:09,INDF,RG,6200,2,D,AR,CS,F
14:31:09,INDF,RG,6200,4,D,XL,CS,F
14:31:09,INDF,RG,6200,5,F,CC,CS,F
14:31:04,INDF,RG,6200,28,F,CC,YU,F
14:31:00,INDF,RG,6200,10,F,CC,OD,D
14:31:00,INDF,RG,6225,1,F,ZP,OD,D
14:31:00,INDF,RG,6200,11,F,CC,CS,F
14:31:00,INDF,RG,6200,123,F,CC,PD,D
14:31:00,INDF,RG,6200,1,D,PD,PD,D
14:31:00,INDF,RG,6200,9,D,YP,PD,D
14:31:00,INDF,RG,6200,5,D,AZ,PD,D
14:31:00,INDF,RG,6200,3,D,CC,PD,D
14:31:00,INDF,RG,6200,1,D,NI,PD,D
14:31:00,INDF,RG,6200,5,D,LG,PD,D
14:31:00,INDF,RG,6200,200,D,GR,PD,D
14:31:00,INDF,RG,6200,46,D,PD,PD,D
14:31:00,INDF,RG,6225,57,D,YU,OD,D
14:31:00,INDF,RG,6200,15,D,PD,YU,D
14:30:51,INDF,RG,6200,26,D,PD,YU,F
14:30:49,INDF,RG,6200,64,D,PD,BK,F
14:30:37,INDF,RG,6225,5,D,YJ,OD,D
14:30:37,INDF,RG,6225,4,D,YJ,XL,D
14:30:34,INDF,RG,6200,4,D,PD,ZP,D
14:30:33,INDF,RG,6200,11,D,PD,BK,F
14:30:30,INDF,RG,6200,5,D,PD,AK,F
14:30:17,INDF,RG,6200,9,D,PD,ZP,F
14:30:00,INDF,RG,6200,10,D,PD,OD,D
14:29:51,INDF,RG,6200,25,D,PD,YU,F
14:29:51,INDF,RG,6200,76,D,PD,BK,F
14:29:45,INDF,RG,6200,7,D,PD,AK,F
14:29:44,INDF,RG,6225,1,F,YP,EP,D
14:29:32,INDF,RG,6225,2,F,ZP,EP,D
14:29:24,INDF,RG,6200,12,D,PD,BK,F
14:29:14,INDF,RG,6200,38,D,PD,BK,F
14:29:12,INDF,RG,6200,17,D,PD,ZP,F
14:28:58,INDF,RG,6200,11,D,PD,OD,D
14:28:49,INDF,RG,6200,12,D,PD,ZP,F
14:28:39,INDF,RG,6200,3,D,PD,YP,D
14:28:34,INDF,RG,6200,4,D,PD,ZP,D
14:28:27,INDF,RG,6225,1,D,PD,EP,D
14:28:24,INDF,RG,6200,1,D,PD,TF,D
14:28:24,INDF,RG,6200,12,D,PD,CS,F
14:28:17,INDF,RG,6200,25,D,PD,YU,F
14:28:15,INDF,RG,6200,15,D,PD,ZP,F
14:28:15,INDF,RG,6200,52,D,PD,BK,F
14:28:15,INDF,RG,6200,5,D,KK,BK,F
14:28:15,INDF,RG,6200,3,D,YP,BK,F
14:28:15,INDF,RG,6200,13,D,YU,BK,F
14:28:14,INDF,RG,6225,6,D,XL,EP,D
14:28:10,INDF,RG,6200,12,D,YU,BK,F
14:28:07,INDF,RG,6225,5,D,PD,EP,D
14:28:01,INDF,RG,6200,25,D,YU,YU,F
14:28:00,INDF,RG,6225,56,D,YU,PD,D
14:28:00,INDF,RG,6200,14,D,YU,YU,D
14:27:58,INDF,RG,6200,12,D,YU,OD,D
14:27:52,INDF,RG,6200,11,D,YU,CS,F
14:27:50,INDF,RG,6225,3,D,NI,PD,D
14:27:35,INDF,RG,6225,2,F,ZP,PD,D
14:27:27,INDF,RG,6200,13,D,YU,BK,F
14:27:27,INDF,RG,6200,48,D,YP,BK,F
14:27:15,INDF,RG,6200,5,D,YP,AK,F
14:27:12,INDF,RG,6200,3,D,YP,NI,D
14:27:00,INDF,RG,6200,11,D,YP,OD,D
14:26:59,INDF,RG,6200,26,D,YP,YU,F
14:26:58,INDF,RG,6200,7,D,YP,BK,F
14:26:58,INDF,RG,6200,29,D,FS,BK,F
14:26:31,INDF,RG,6200,2,D,FS,XL,D
14:26:18,INDF,RG,6200,54,D,FS,BK,F
14:26:02,INDF,RG,6200,9,D,FS,OD,D
14:26:00,INDF,RG,6200,8,D,FS,AK,F
14:25:47,INDF,RG,6200,41,D,FS,BK,F
14:25:28,INDF,RG,6200,25,D,FS,YU,F
14:25:26,INDF,RG,6200,32,D,FS,BK,F
14:25:26,INDF,RG,6200,2,D,YP,BK,F
14:25:05,INDF,RG,6200,3,D,YP,YU,F
14:25:05,INDF,RG,6200,25,F,CS,YU,F
14:25:02,INDF,RG,6200,13,F,CS,OD,D
14:25:00,INDF,RG,6200,15,F,CS,YU,D
14:25:00,INDF,RG,6225,2,F,ZP,PD,D
14:25:00,INDF,RG,6200,3,F,CS,CC,D
14:25:00,INDF,RG,6200,100,D,PD,CC,D
14:25:00,INDF,RG,6200,2,D,KK,CC,D
14:25:00,INDF,RG,6200,3,D,PD,CC,D
14:25:00,INDF,RG,6200,10,D,OD,CC,D
14:25:00,INDF,RG,6200,20,D,PD,CC,D
14:25:00,INDF,RG,6200,3,D,KK,CC,D
14:25:00,INDF,RG,6200,1,D,XC,CC,D
14:25:00,INDF,RG,6200,2,D,NI,CC,D
14:25:00,INDF,RG,6200,7,D,CP,CC,D
14:25:00,INDF,RG,6200,10,D,CC,CC,D
14:25:00,INDF,RG,6200,10,D,YP,CC,D
14:25:00,INDF,RG,6200,2,D,XL,CC,D
14:25:00,INDF,RG,6200,5,D,AZ,CC,D
14:25:00,INDF,RG,6200,1,D,MU,CC,D
14:25:00,INDF,RG,6200,27,D,XA,CC,D
14:24:58,INDF,RG,6225,1,D,XC,PD,D
14:24:50,INDF,RG,6200,12,D,XA,CS,F
14:24:50,INDF,RG,6225,1,D,KK,PD,D
14:24:47,INDF,RG,6200,26,D,XA,YU,F
14:24:46,INDF,RG,6200,55,D,XA,BK,F
14:24:21,INDF,RG,6200,40,D,XA,BK,F
14:24:15,INDF,RG,6225,1,D,XL,PD,D
14:24:15,INDF,RG,6200,5,D,XA,AK,F
14:24:13,INDF,RG,6200,2,D,XA,YP,D
14:24:00,INDF,RG,6200,10,D,XA,OD,D
14:24:00,INDF,RG,6200,25,D,XA,GW,F
14:23:56,INDF,RG,6200,11,D,XA,CS,F
14:23:49,INDF,RG,6200,31,D,XA,YU,F
14:23:46,INDF,RG,6200,31,D,XA,YU,F
14:23:43,INDF,RG,6200,62,D,XA,BK,F
14:23:43,INDF,RG,6200,30,D,XA,YU,F
14:23:40,INDF,RG,6200,30,D,XA,YU,F
14:23:37,INDF,RG,6200,29,D,XA,YU,F
14:23:34,INDF,RG,6200,29,D,XA,YU,F
14:23:31,INDF,RG,6200,29,D,XA,YU,F
14:23:28,INDF,RG,6200,16,D,XA,YU,F
14:23:28,INDF,RG,6200,5,D,CC,YU,F
14:23:28,INDF,RG,6200,7,D,CC,YU,F
14:23:25,INDF,RG,6200,13,D,CC,YU,F
14:23:25,INDF,RG,6200,1,D,XL,YU,F
14:23:25,INDF,RG,6200,14,D,YP,YU,F
14:23:22,INDF,RG,6200,28,D,YP,YU,F
14:23:19,INDF,RG,6200,8,D,YP,YU,F
14:23:19,INDF,RG,6200,22,D,SS,YU,F
14:23:17,INDF,RG,6200,178,D,SS,OD,D
14:23:17,INDF,RG,6200,28,D,BK,OD,D
14:23:17,INDF,RG,6200,3,D,PD,OD,D
14:23:17,INDF,RG,6200,2,D,PD,OD,D
14:23:17,INDF,RG,6200,19,D,CC,OD,D
14:23:17,INDF,RG,6200,3,D,XC,OD,D
14:23:17,INDF,RG,6200,10,D,XL,OD,D
14:23:17,INDF,RG,6200,5,D,XC,OD,D
14:23:17,INDF,RG,6200,22,D,KZ,OD,D
14:23:17,INDF,RG,6200,25,D,CC,OD,D
14:23:17,INDF,RG,6200,1,D,XC,OD,D
14:23:17,INDF,RG,6200,30,D,YP,OD,D
14:23:17,INDF,RG,6200,1,D,YP,OD,D
14:23:17,INDF,RG,6200,2,F,CC,OD,D
14:23:17,INDF,RG,6200,1,D,PD,OD,D
14:23:17,INDF,RG,6200,17,F,YU,OD,D
14:23:17,INDF,RG,6200,25,D,PD,OD,D
14:23:17,INDF,RG,6200,10,D,DR,OD,D
14:23:17,INDF,RG,6200,1,D,XC,OD,D
14:23:17,INDF,RG,6200,1,D,AO,OD,D
14:23:17,INDF,RG,6200,47,D,YU,OD,D
14:23:17,INDF,RG,6200,10,D,DH,OD,D
14:23:17,INDF,RG,6200,1,D,CC,OD,D
14:23:17,INDF,RG,6200,7,D,ZP,OD,D
14:23:17,INDF,RG,6200,23,D,ZP,OD,D
14:23:17,INDF,RG,6200,1,D,PD,OD,D
14:23:17,INDF,RG,6200,10,D,NI,OD,D
14:23:17,INDF,RG,6200,1,D,PD,OD,D
14:23:17,INDF,RG,6200,1,D,XC,OD,D
14:23:17,INDF,RG,6200,20,D,PD,OD,D
14:23:17,INDF,RG,6200,27,D,YU,OD,D
14:23:17,INDF,RG,6200,2,D,XC,OD,D
14:23:17,INDF,RG,6200,4,D,XC,OD,D
14:23:17,INDF,RG,6200,1,D,DX,OD,D
14:23:17,INDF,RG,6200,1,D,PD,OD,D
14:23:17,INDF,RG,6200,2,F,ZP,OD,D
14:23:17,INDF,RG,6200,10,D,AZ,OD,D
14:23:17,INDF,RG,6200,1,D,XC,OD,D
14:23:17,INDF,RG,6200,1,D,KK,OD,D
14:23:17,INDF,RG,6200,5,D,KK,OD,D
14:23:17,INDF,RG,6200,255,D,CP,OD,D
14:23:17,INDF,RG,6200,8,D,CP,OD,D
14:23:17,INDF,RG,6225,1,F,ZP,PD,D
14:23:17,INDF,RG,6200,237,D,CP,OD,D
14:23:17,INDF,RG,6200,1,D,KK,OD,D
14:23:17,INDF,RG,6200,3,D,XC,OD,D
14:23:17,INDF,RG,6200,4,D,YP,OD,D
14:23:17,INDF,RG,6200,17,F,YU,OD,D
14:23:17,INDF,RG,6200,1,D,ZP,OD,D
14:23:17,INDF,RG,6200,3,D,XL,OD,D
14:23:17,INDF,RG,6200,5,D,AT,OD,D
14:23:17,INDF,RG,6200,10,D,LG,OD,D
14:23:17,INDF,RG,6200,3,D,YP,OD,D
14:23:17,INDF,RG,6200,100,D,LS,OD,D
14:23:17,INDF,RG,6200,1,D,YP,OD,D
14:23:17,INDF,RG,6200,4,F,ZP,OD,D
14:23:17,INDF,RG,6200,1,D,YP,OD,D
14:23:17,INDF,RG,6200,1,D,PD,OD,D
14:23:17,INDF,RG,6200,6,D,IF,OD,D
14:23:17,INDF,RG,6200,100,D,DH,OD,D
14:23:17,INDF,RG,6200,27,D,BK,OD,D
14:23:17,INDF,RG,6200,3,F,ZP,OD,D
14:23:17,INDF,RG,6200,2,D,XC,OD,D
14:23:17,INDF,RG,6200,1,D,YP,OD,D
14:23:17,INDF,RG,6200,1,D,YP,OD,D
14:23:17,INDF,RG,6200,1,D,YP,OD,D
14:23:17,INDF,RG,6200,2,D,CC,OD,D
14:23:17,INDF,RG,6200,1,D,GR,OD,D
14:23:17,INDF,RG,6200,1,D,PD,OD,D
14:23:17,INDF,RG,6200,3,D,YP,OD,D
14:23:17,INDF,RG,6200,10,D,KK,OD,D
14:23:17,INDF,RG,6200,1,D,SQ,OD,D
14:23:17,INDF,RG,6200,10,D,YP,OD,D
14:23:17,INDF,RG,6200,1,D,NI,OD,D
14:23:17,INDF,RG,6200,1,D,OD,OD,D
14:23:17,INDF,RG,6200,5,D,XC,OD,D
14:23:17,INDF,RG,6200,3,F,ZP,OD,D
14:23:17,INDF,RG,6200,65,F,CS,OD,D
14:23:17,INDF,RG,6200,100,D,CC,OD,D
14:23:17,INDF,RG,6200,2,D,YP,OD,D
14:23:17,INDF,RG,6200,15,D,YP,OD,D
14:23:17,INDF,RG,6200,20,D,NI,OD,D
14:23:17,INDF,RG,6200,33,D,EP,OD,D
14:23:17,INDF,RG,6200,2,D,NI,OD,D
14:23:17,INDF,RG,6200,3,D,XC,OD,D
14:23:17,INDF,RG,6200,10,D,CC,OD,D
14:23:17,INDF,RG,6200,6,D,YP,OD,D
14:23:17,INDF,RG,6200,20,F,CS,OD,D
14:23:17,INDF,RG,6200,57,F,CS,OD,D
14:23:15,INDF,RG,6225,12,D,BK,PD,D
14:23:00,INDF,RG,6200,11,F,CS,OD,D
14:22:57,INDF,RG,6200,2,F,CS,YU,F
14:22:57,INDF,RG,6200,23,F,CS,YU,F
14:22:54,INDF,RG,6200,3,F,CS,ZP,D
14:22:54,INDF,RG,6200,51,F,CS,BK,F
14:22:54,INDF,RG,6200,16,F,CS,BK,F
14:22:54,INDF,RG,6200,10,D,KK,BK,F
14:22:54,INDF,RG,6200,3,D,YP,BK,F
14:22:42,INDF,RG,6225,1,D,PD,PD,D
14:22:21,INDF,RG,6200,32,D,YP,BK,F
14:22:21,INDF,RG,6200,5,D,CC,BK,F
14:22:21,INDF,RG,6200,1,F,ZP,BK,F
14:22:21,INDF,RG,6200,18,F,CS,BK,F
14:22:02,INDF,RG,6200,26,F,CS,YU,F
14:22:00,INDF,RG,6200,6,F,CS,OD,D
14:22:00,INDF,RG,6200,5,F,CS,OD,D
14:22:00,INDF,RG,6225,20,D,YU,PD,D
14:22:00,INDF,RG,6225,10,D,YU,EP,D
14:22:00,INDF,RG,6225,1,D,YU,XC,D
14:22:00,INDF,RG,6225,4,D,YU,BK,F
14:22:00,INDF,RG,6225,1,D,YU,XC,D
14:22:00,INDF,RG,6225,4,D,YU,XC,D
14:22:00,INDF,RG,6225,13,D,YU,BK,F
14:21:51,INDF,RG,6200,18,F,CS,YU,F
14:21:51,INDF,RG,6200,3,D,YP,YU,F
14:21:51,INDF,RG,6200,4,D,EP,YU,F
14:21:47,INDF,RG,6200,6,D,EP,BK,F
14:21:47,INDF,RG,6200,10,D,NI,BK,F
14:21:47,INDF,RG,6200,10,D,KK,BK,F
14:21:47,INDF,RG,6200,29,D,OD,BK,F
14:21:47,INDF,RG,6225,2,D,CC,BK,F
14:21:44,INDF,RG,6200,1,D,OD,YU,F
14:21:44,INDF,RG,6200,1,D,PD,YU,F
14:21:44,INDF,RG,6200,2,D,DH,YU,F
14:21:44,INDF,RG,6200,5,D,PD,YU,F
14:21:44,INDF,RG,6200,2,D,XL,YU,F
14:21:44,INDF,RG,6200,1,D,YP,YU,F
14:21:44,INDF,RG,6200,4,D,DH,YU,F
14:21:44,INDF,RG,6200,11,F,CC,YU,F
14:21:41,INDF,RG,6225,5,F,CS,BK,F
14:21:41,INDF,RG,6225,1,F,CS,XC,D
14:21:41,INDF,RG,6225,50,F,CS,GW,F
14:21:41,INDF,RG,6225,200,F,CS,OD,D
14:21:22,INDF,RG,6200,44,F,CC,BK,F
14:21:16,INDF,RG,6225,12,D,BK,OD,D
14:21:02,INDF,RG,6200,10,F,CC,OD,D
14:21:02,INDF,RG,6200,26,F,CC,YU,F
14:21:00,INDF,RG,6225,41,F,YU,OD,D
14:21:00,INDF,RG,6200,14,F,CC,YU,D
14:20:48,INDF,RG,6200,58,F,CC,BK,F
14:20:47,INDF,RG,6200,1,F,CC,ZP,D
14:20:45,INDF,RG,6200,4,F,CC,ZP,D
14:20:41,INDF,RG,6225,1,F,ZP,OD,D
14:20:20,INDF,RG,6225,1,F,ZP,OD,D
14:20:07,INDF,RG,6225,1,D,XC,OD,D
14:20:02,INDF,RG,6200,12,F,CC,OD,D
14:20:02,INDF,RG,6200,27,F,CC,YU,F
14:20:00,INDF,RG,6225,69,D,YU,OD,D
14:19:51,INDF,RG,6200,50,F,CC,CC,D
14:19:44,INDF,RG,6200,5,F,CC,XL,D
14:19:39,INDF,RG,6200,1,F,CC,XL,D
14:19:28,INDF,RG,6225,1,F,ZP,OD,D
14:19:23,INDF,RG,6225,1,D,PD,OD,D
14:19:20,INDF,RG,6225,11,D,BK,OD,D
14:19:09,INDF,RG,6225,20,D,YP,OD,D
14:19:02,INDF,RG,6200,12,F,CC,OD,D
14:18:55,INDF,RG,6225,1,D,PD,OD,D
14:18:13,INDF,RG,6200,25,F,CC,YU,F
14:18:08,INDF,RG,6225,2,F,ZP,OD,D
14:18:03,INDF,RG,6200,27,F,CC,YU,F
14:18:02,INDF,RG,6200,11,F,CC,OD,D
14:18:01,INDF,RG,6200,165,F,CC,HP,D
14:17:22,INDF,RG,6200,5,F,CC,SQ,D
14:17:20,INDF,RG,6225,10,D,BK,OD,D
14:17:11,INDF,RG,6200,25,F,CC,YU,F
14:17:07,INDF,RG,6225,1,D,PD,OD,D
14:17:00,INDF,RG,6200,10,F,CC,OD,D
14:17:00,INDF,RG,6225,28,D,YU,OD,D
14:17:00,INDF,RG,6225,1,D,YU,BK,F
14:17:00,INDF,RG,6225,7,D,YU,AK,F
14:17:00,INDF,RG,6225,5,D,YU,AK,F
14:17:00,INDF,RG,6225,1,D,YU,CC,D
14:17:00,INDF,RG,6225,3,D,YU,XC,D
14:17:00,INDF,RG,6200,27,F,CC,YU,F
14:16:54,INDF,RG,6225,1,F,CS,XC,D
14:16:54,INDF,RG,6225,5,F,CS,PD,D
14:16:54,INDF,RG,6225,1,F,CS,PD,D
14:16:54,INDF,RG,6225,276,F,CS,BB,F
14:16:45,INDF,RG,6225,1,F,ZP,BB,F
14:16:00,INDF,RG,6200,10,F,CC,OD,D
14:16:00,INDF,RG,6200,22,F,CC,YU,D
14:15:20,INDF,RG,6200,25,F,CC,YU,F
14:15:20,INDF,RG,6200,34,F,CC,PD,D
14:15:05,INDF,RG,6225,2,F,ZP,BB,F
14:15:02,INDF,RG,6200,7,F,CC,OD,D
14:15:00,INDF,RG,6200,1,F,CC,ZP,D
14:14:59,INDF,RG,6200,35,F,CC,PD,D
14:14:47,INDF,RG,6200,34,F,CC,PD,D
14:14:14,INDF,RG,6225,1,D,XC,BB,F
14:14:10,INDF,RG,6225,1,D,XC,BB,F
14:14:04,INDF,RG,6200,8,F,CC,OD,D
14:13:54,INDF,RG,6225,3,D,PD,BB,F
14:13:49,INDF,RG,6200,2,F,CC,CP,D
14:13:15,INDF,RG,6225,2,F,ZP,BB,F
14:13:06,INDF,RG,6200,8,F,CC,OD,D
14:13:00,INDF,RG,6200,14,F,CC,YU,D
14:12:57,INDF,RG,6200,2,F,CC,ZP,D
14:12:52,INDF,RG,6225,1,D,CC,BB,F
14:12:27,INDF,RG,6225,1,D,PD,BB,F
14:12:08,INDF,RG,6200,21,F,CC,YU,F
14:12:08,INDF,RG,6200,4,D,BK,YU,F
14:12:08,INDF,RG,6200,8,D,BK,OD,D
14:12:08,INDF,RG,6200,1,D,YP,CC,D
14:11:29,INDF,RG,6200,15,F,ZP,YU,F
14:11:29,INDF,RG,6200,10,F,CS,YU,F
14:11:18,INDF,RG,6200,27,F,CS,YU,F
14:11:16,INDF,RG,6225,1,F,ZP,BB,F
14:11:16,INDF,RG,6225,121,F,CS,BB,F
14:11:16,INDF,RG,6225,1,F,CS,PD,D
14:11:16,INDF,RG,6225,5,F,CS,CC,D
14:11:16,INDF,RG,6225,4,F,CS,PD,D
14:11:16,INDF,RG,6225,5,F,CS,CC,D
14:11:16,INDF,RG,6225,1,F,CS,XL,D
14:11:16,INDF,RG,6225,100,F,CS,YU,D
14:11:16,INDF,RG,6225,50,F,CS,GW,F
14:11:16,INDF,RG,6225,3,F,CS,PD,D
14:11:16,INDF,RG,6225,16,F,CS,YP,D
14:11:08,INDF,RG,6200,8,F,CS,OD,D
14:11:00,INDF,RG,6225,5,D,BK,YP,D
14:11:00,INDF,RG,6225,6,D,BK,GW,F
14:10:29,INDF,RG,6200,14,F,CS,NI,D
14:10:26,INDF,RG,6225,2,F,ZP,GW,F
14:10:06,INDF,RG,6200,9,F,CS,OD,D
14:10:04,INDF,RG,6225,42,D,YU,GW,F
14:09:06,INDF,RG,6200,8,F,CS,OD,D
14:09:00,INDF,RG,6225,25,F,YU,GW,F
14:09:00,INDF,RG,6225,5,F,YU,YP,D
14:09:00,INDF,RG,6225,12,F,YU,BK,F
14:08:49,INDF,RG,6225,1,D,PD,BK,F
14:08:49,INDF,RG,6225,2,D,PD,BK,F
14:08:27,INDF,RG,6225,2,F,ZP,BK,F
14:08:06,INDF,RG,6200,8,F,CS,OD,D
14:07:56,INDF,RG,6200,25,F,CS,YU,F
14:07:55,INDF,RG,6225,7,D,YP,BK,F
14:07:55,INDF,RG,6225,3,D,YP,XL,D
14:07:15,INDF,RG,6225,1,D,XL,XL,D
14:07:11,INDF,RG,6200,22,F,CS,YU,F
14:07:07,INDF,RG,6200,24,F,CS,YU,F
14:07:06,INDF,RG,6200,8,F,CS,OD,D
14:06:59,INDF,RG,6200,5,F,CS,YU,F
14:06:52,INDF,RG,6200,5,F,CS,YU,F
14:06:46,INDF,RG,6200,9,F,CS,YU,F
14:06:38,INDF,RG,6200,4,F,CS,YU,F
14:06:38,INDF,RG,6200,5,F,CS,XC,D
14:06:26,INDF,RG,6200,9,F,CS,YU,F
14:06:22,INDF,RG,6200,3,F,CS,YU,F
14:06:10,INDF,RG,6200,4,F,CS,YU,F
14:06:06,INDF,RG,6200,8,F,CS,OD,D
14:06:03,INDF,RG,6200,21,F,CS,YU,F
14:05:57,INDF,RG,6200,1,F,CS,YP,D
14:05:49,INDF,RG,6200,4,F,CS,ZP,D
14:05:37,INDF,RG,6200,25,F,CS,YU,F
14:05:37,INDF,RG,6200,1,F,CS,XC,D
14:05:33,INDF,RG,6200,5,F,CS,YU,F
14:05:22,INDF,RG,6200,37,F,CS,YU,F
14:05:19,INDF,RG,6200,25,F,CS,YU,F
14:05:17,INDF,RG,6200,25,F,CS,YU,F
14:05:15,INDF,RG,6200,5,F,CS,YU,F
14:05:15,INDF,RG,6200,19,F,CS,YU,F
14:05:15,INDF,RG,6200,5,F,ZP,YU,F
14:05:15,INDF,RG,6200,1,F,ZP,YU,F
14:05:15,INDF,RG,6200,1,F,AK,YU,F
14:05:15,INDF,RG,6200,1,F,AK,YU,F
14:05:15,INDF,RG,6200,1,D,YP,YU,F
14:04:51,INDF,RG,6225,20,D,KK,XL,D
14:04:29,INDF,RG,6225,1,F,CS,XL,D
14:04:29,INDF,RG,6200,2,F,AK,XC,D
14:04:29,INDF,RG,6200,4,F,AK,AK,F
14:04:29,INDF,RG,6200,3,F,AK,AK,F
14:04:29,INDF,RG,6200,6,F,AK,AK,F
14:04:29,INDF,RG,6200,6,F,AK,AK,F
14:04:29,INDF,RG,6200,199,F,AK,YU,F
14:04:29,INDF,RG,6200,7,F,AK,AK,F
14:04:29,INDF,RG,6200,13,F,AK,AK,F
14:04:29,INDF,RG,6200,15,F,AK,AK,F
14:04:29,INDF,RG,6200,26,F,AK,AK,F
14:04:29,INDF,RG,6200,9,F,AK,OD,D
14:04:29,INDF,RG,6200,14,F,AK,NI,D
14:04:29,INDF,RG,6200,10,F,AK,ZP,F
14:04:29,INDF,RG,6200,231,F,AK,LG,D
14:04:29,INDF,RG,6200,3,F,AK,CC,D
14:04:29,INDF,RG,6200,5,F,AK,CS,F
14:04:29,INDF,RG,6200,13,F,AK,CS,F
14:04:29,INDF,RG,6200,286,F,AK,BK,F
14:04:29,INDF,RG,6200,100,F,AK,LG,D
14:04:29,INDF,RG,6200,3,F,AK,ZP,D
14:04:29,INDF,RG,6200,96,F,AK,CC,D
14:04:29,INDF,RG,6200,1,F,AK,YP,D
14:04:29,INDF,RG,6200,14,F,AK,YU,D
14:04:29,INDF,RG,6200,30,F,AK,YP,D
14:04:29,INDF,RG,6200,3,F,AK,CS,F
14:04:29,INDF,RG,6200,9,F,AK,CS,F
14:04:29,INDF,RG,6200,2,F,AK,CS,F
14:04:29,INDF,RG,6200,7,F,AK,CS,F
14:04:29,INDF,RG,6200,3,F,AK,CS,F
14:04:29,INDF,RG,6200,16,F,AK,AK,F
14:04:29,INDF,RG,6200,7,F,AK,PD,D
14:04:29,INDF,RG,6200,6,F,AK,CS,F
14:04:29,INDF,RG,6200,3,F,AK,CS,F
14:04:29,INDF,RG,6200,2,F,AK,CS,F
14:04:29,INDF,RG,6200,291,F,AK,BK,F
14:04:29,INDF,RG,6200,4,F,AK,YP,D
14:04:29,INDF,RG,6200,7,F,AK,CS,F
14:04:29,INDF,RG,6200,12,F,AK,BK,F
14:04:29,INDF,RG,6200,1,F,AK,CS,F
14:04:29,INDF,RG,6200,2,F,AK,CS,F
14:04:29,INDF,RG,6200,4,F,AK,CS,F
14:04:29,INDF,RG,6200,1,F,AK,CS,F
14:04:29,INDF,RG,6200,9,F,AK,BQ,D
14:04:29,INDF,RG,6200,1,F,AK,YP,D
14:04:29,INDF,RG,6200,199,F,AK,YU,F
14:04:29,INDF,RG,6200,3,F,AK,YP,D
14:04:29,INDF,RG,6200,5,F,AK,CS,F
14:04:29,INDF,RG,6200,5,F,AK,CS,F
14:04:29,INDF,RG,6200,10,F,AK,XC,D
14:04:29,INDF,RG,6200,1,F,AK,XC,D
14:04:29,INDF,RG,6200,4,F,AK,CS,F
14:04:29,INDF,RG,6200,16,F,AK,AZ,D
14:04:29,INDF,RG,6200,2,F,AK,YP,D
14:04:29,INDF,RG,6200,5,F,AK,PD,D
14:04:29,INDF,RG,6200,10,F,AK,YU,F
14:04:29,INDF,RG,6200,20,D,KZ,YU,F
14:04:28,INDF,RG,6200,77,F,AK,YU,F
14:04:28,INDF,RG,6200,6,F,AK,ZP,D
14:04:28,INDF,RG,6200,2,F,AK,CS,F
14:04:28,INDF,RG,6200,2,F,AK,CS,F
14:04:28,INDF,RG,6200,2,F,AK,CS,F
14:04:28,INDF,RG,6200,3,F,AK,CS,F
14:04:28,INDF,RG,6200,4,F,AK,CS,F
14:04:28,INDF,RG,6200,2,F,AK,CS,F
14:04:28,INDF,RG,6200,110,F,AK,BB,D
14:04:28,INDF,RG,6200,52,F,AK,BB,D
14:04:28,INDF,RG,6200,411,F,AK,BB,D
14:04:28,INDF,RG,6200,8,F,AK,AK,F
14:04:28,INDF,RG,6200,1,F,AK,CS,F
14:04:28,INDF,RG,6200,6,F,AK,CS,F
14:04:28,INDF,RG,6200,5,F,AK,CS,F
14:04:28,INDF,RG,6200,2,F,AK,CS,F
14:04:28,INDF,RG,6200,4,F,AK,CS,F
14:04:28,INDF,RG,6200,199,F,AK,YU,F
14:04:28,INDF,RG,6200,5,F,AK,YP,D
14:04:28,INDF,RG,6200,75,F,AK,GW,F
14:04:28,INDF,RG,6200,2,F,AK,SQ,D
14:04:28,INDF,RG,6200,20,F,AK,BK,F
14:04:28,INDF,RG,6200,536,F,AK,BB,F
14:04:28,INDF,RG,6200,4,F,AK,AK,F
14:04:28,INDF,RG,6200,4,F,AK,AK,F
14:04:28,INDF,RG,6200,3,F,AK,AK,F
14:04:28,INDF,RG,6200,6,F,AK,AK,F
14:04:28,INDF,RG,6200,5,F,AK,AK,F
14:04:28,INDF,RG,6200,5,F,AK,AK,F
14:04:28,INDF,RG,6200,15,F,AK,AK,F
14:04:28,INDF,RG,6200,12,F,AK,AK,F
14:04:28,INDF,RG,6200,30,F,AK,AK,F
14:04:28,INDF,RG,6200,25,F,AK,AK,F
14:04:28,INDF,RG,6200,1117,F,AK,BB,D
14:04:28,INDF,RG,6200,66,F,CS,BB,D
14:04:22,INDF,RG,6200,53,F,CC,BB,D
14:04:22,INDF,RG,6200,3,F,CC,CS,F
14:04:22,INDF,RG,6200,3,F,CC,CS,F
14:04:22,INDF,RG,6200,1,F,CC,CS,F
14:04:22,INDF,RG,6200,3,F,CC,CS,F
14:04:22,INDF,RG,6200,3,F,CC,CS,F
14:04:22,INDF,RG,6200,2,F,CC,CS,F
14:04:22,INDF,RG,6200,41,F,CC,ZP,F
14:04:19,INDF,RG,6200,1,D,CC,ZP,F
14:04:15,INDF,RG,6200,18,D,NI,ZP,F
14:04:11,INDF,RG,6175,25,D,YP,YU,F
14:04:11,INDF,RG,6200,1,F,ZP,ZP,F
14:04:10,INDF,RG,6200,13,F,AK,ZP,F
14:04:10,INDF,RG,6175,7,D,YP,OD,D
14:04:02,INDF,RG,6200,100,D,YP,ZP,F
14:03:49,INDF,RG,6200,4,F,AK,ZP,F
14:03:48,INDF,RG,6200,1,D,PD,ZP,F
14:03:43,INDF,RG,6175,25,D,YP,YU,F
14:03:35,INDF,RG,6200,1,D,YP,ZP,F
14:03:35,INDF,RG,6200,42,F,AK,ZP,F
14:03:34,INDF,RG,6200,4,D,YP,ZP,F
14:03:33,INDF,RG,6175,26,D,YP,YU,F
14:03:29,INDF,RG,6200,110,F,CC,ZP,F
14:03:28,INDF,RG,6200,100,D,GR,ZP,F
14:03:17,INDF,RG,6175,15,D,YP,YU,F
14:03:17,INDF,RG,6175,1,D,YP,YU,F
14:03:17,INDF,RG,6175,1,D,NI,YU,F
14:03:17,INDF,RG,6175,9,D,YP,YU,F
14:03:15,INDF,RG,6200,63,F,CC,ZP,F
14:03:12,INDF,RG,6200,12,F,AK,ZP,F
14:03:12,INDF,RG,6175,10,D,YP,OD,D
14:03:08,INDF,RG,6200,83,F,CS,ZP,F
14:03:00,INDF,RG,6175,2,D,YP,PD,D
14:02:53,INDF,RG,6200,16,F,AK,ZP,F
14:02:53,INDF,RG,6175,25,D,YP,YU,F
14:02:45,INDF,RG,6200,100,D,YP,ZP,F
14:02:45,INDF,RG,6175,5,D,YP,AK,F
14:02:41,INDF,RG,6200,7,F,AK,ZP,F
14:02:41,INDF,RG,6175,26,D,YP,YU,F
14:02:37,INDF,RG,6200,2,F,ZP,ZP,F
14:02:37,INDF,RG,6200,1,F,ZP,ZP,F
14:02:34,INDF,RG,6200,20,D,OD,ZP,F
14:02:33,INDF,RG,6200,13,F,AK,ZP,F
14:02:33,INDF,RG,6200,3,F,AK,ZP,F
14:02:33,INDF,RG,6175,23,D,YP,YU,F
14:02:33,INDF,RG,6175,5,D,PD,YU,F
14:02:33,INDF,RG,6175,5,D,GR,YU,F
14:02:33,INDF,RG,6175,10,D,KK,YU,F
14:02:33,INDF,RG,6175,3,F,RB,YU,F
14:02:33,INDF,RG,6175,5,D,CC,YU,F
14:02:33,INDF,RG,6175,10,D,CC,YU,F
14:02:33,INDF,RG,6175,20,D,KK,YU,F
14:02:33,INDF,RG,6175,3,D,PD,YU,F
14:02:33,INDF,RG,6175,2,D,YP,YU,F
14:02:33,INDF,RG,6175,2,D,GR,YU,F
14:02:33,INDF,RG,6175,20,D,CC,YU,F
14:02:32,INDF,RG,6200,5,D,EP,ZP,F
14:02:08,INDF,RG,6175,8,D,CC,OD,D
14:01:56,INDF,RG,6175,10,D,CC,NI,D
14:01:45,INDF,RG,6200,19,F,AK,ZP,F
14:01:45,INDF,RG,6175,25,D,CC,YU,F
14:01:45,INDF,RG,6175,3,D,CC,AK,F
14:01:45,INDF,RG,6200,3,D,LS,ZP,F
14:01:36,INDF,RG,6200,1,D,XL,ZP,F
14:01:36,INDF,RG,6200,1,D,OD,ZP,F
14:01:27,INDF,RG,6200,57,F,CS,ZP,F
14:01:27,INDF,RG,6200,28,F,CS,GW,F
14:01:24,INDF,RG,6200,15,D,SQ,GW,F
14:01:17,INDF,RG,6200,1,D,KK,GW,F
14:01:13,INDF,RG,6200,6,D,LG,GW,F
14:01:13,INDF,RG,6200,4,D,LG,BK,F
14:01:06,INDF,RG,6200,1,F,AK,BK,F
14:01:06,INDF,RG,6175,8,D,CC,OD,D
14:00:54,INDF,RG,6200,1,D,DH,BK,F
14:00:46,INDF,RG,6200,3,D,YP,BK,F
14:00:36,INDF,RG,6200,1,D,LG,BK,F
14:00:25,INDF,RG,6200,1,D,XC,BK,F
14:00:15,INDF,RG,6200,4,F,AK,BK,F
14:00:15,INDF,RG,6175,25,D,CC,YU,F
14:00:15,INDF,RG,6175,1,D,CC,AK,F
14:00:15,INDF,RG,6175,4,D,LG,AK,F
14:00:06,INDF,RG,6200,2,F,AK,BK,F
14:00:06,INDF,RG,6175,6,D,LG,OD,D
14:00:06,INDF,RG,6175,2,D,KK,OD,D
13:59:57,INDF,RG,6200,1,D,NI,BK,F
13:59:52,INDF,RG,6200,1,F,ZP,BK,F
13:59:52,INDF,RG,6200,1,F,ZP,BK,F
13:59:51,INDF,RG,6200,13,F,AK,BK,F
13:59:51,INDF,RG,6175,4,D,KK,PD,D
13:59:45,INDF,RG,6175,3,D,KK,AK,F
13:59:43,INDF,RG,6200,74,F,CS,BK,F
13:59:43,INDF,RG,6200,4,F,CS,ZP,D
13:59:43,INDF,RG,6200,8,F,CS,BK,F
13:59:38,INDF,RG,6200,1,D,EP,BK,F
13:59:34,INDF,RG,6175,8,D,KK,ZP,F
13:59:34,INDF,RG,6175,1,D,PD,ZP,F
13:59:33,INDF,RG,6200,6,F,AK,BK,F
13:59:32,INDF,RG,6175,5,D,YP,YU,F
13:59:32,INDF,RG,6175,2,D,XC,YU,F
13:59:32,INDF,RG,6175,5,D,NI,YU,F
13:59:32,INDF,RG,6175,10,D,YU,YU,F
13:59:32,INDF,RG,6175,1,D,LG,YU,F
13:59:32,INDF,RG,6175,2,D,YP,YU,F
13:59:19,INDF,RG,6175,26,D,YP,YU,F
13:59:18,INDF,RG,6200,28,F,AK,BK,F
13:59:17,INDF,RG,6175,22,D,YP,PD,D
13:59:17,INDF,RG,6175,1,D,PD,PD,D
13:59:17,INDF,RG,6175,1,D,YP,PD,D
13:59:17,INDF,RG,6175,1,D,NI,PD,D
13:59:17,INDF,RG,6175,25,D,GR,PD,D
13:59:17,INDF,RG,6175,1,D,NI,PD,D
13:59:17,INDF,RG,6175,3,D,GR,PD,D
13:59:17,INDF,RG,6175,76,D,KK,PD,D
13:59:12,INDF,RG,6200,20,D,YP,BK,F
13:59:07,INDF,RG,6200,50,D,SQ,BK,F
13:59:06,INDF,RG,6175,8,D,KK,OD,D
13:58:58,INDF,RG,6200,1,D,XC,BK,F
13:58:39,INDF,RG,6200,1,D,NI,BK,F
13:58:38,INDF,RG,6175,4,D,KK,ZP,D
13:58:37,INDF,RG,6200,1,D,PD,BK,F
13:58:34,INDF,RG,6200,1,D,XC,BK,F
13:58:13,INDF,RG,6200,1,D,CC,BK,F
13:58:05,INDF,RG,6200,30,F,AK,BK,F
13:58:05,INDF,RG,6175,25,D,KK,YU,F
13:58:04,INDF,RG,6200,1,D,XC,BK,F
13:58:04,INDF,RG,6175,7,D,KK,OD,D
13:57:56,INDF,RG,6200,41,D,DX,BK,F
13:57:52,INDF,RG,6175,25,D,KK,YU,F
13:57:51,INDF,RG,6200,130,D,CC,BK,F
13:57:49,INDF,RG,6200,10,D,YP,BK,F
13:57:49,INDF,RG,6200,1,F,ZP,BK,F
13:57:46,INDF,RG,6200,5,D,CC,BK,F
13:57:39,INDF,RG,6200,1,D,PD,BK,F
13:57:38,INDF,RG,6175,2,D,KK,XC,D
13:57:23,INDF,RG,6175,103,D,KK,YU,F
13:57:16,INDF,RG,6175,25,D,KK,YU,F
13:57:15,INDF,RG,6175,9,D,KK,AK,F
13:57:04,INDF,RG,6175,9,D,KK,OD,D
13:57:00,INDF,RG,6175,6,D,KK,AK,F
13:57:00,INDF,RG,6175,25,D,KK,YU,F
13:56:59,INDF,RG,6200,40,D,DX,BK,F
13:56:49,INDF,RG,6200,207,F,CC,BK,F
13:56:49,INDF,RG,6200,1,F,ZP,BK,F
13:56:49,INDF,RG,6200,1,F,ZP,BK,F
13:56:42,INDF,RG,6200,4,D,XC,BK,F
13:56:41,INDF,RG,6200,1,D,SQ,BK,F
13:56:36,INDF,RG,6200,92,F,ZP,BK,F
13:56:36,INDF,RG,6200,8,F,ZP,CS,F
13:56:34,INDF,RG,6175,15,D,CC,BK,F
13:56:34,INDF,RG,6175,1,D,YP,BK,F
13:56:34,INDF,RG,6175,2,D,XL,BK,F
13:56:34,INDF,RG,6175,2,D,XC,BK,F
13:56:20,INDF,RG,6200,1,D,XC,CS,F
13:56:19,INDF,RG,6200,4,D,YP,AK,F
13:56:02,INDF,RG,6175,3,D,CC,OD,D
13:56:02,INDF,RG,6175,5,D,YP,OD,D
13:56:02,INDF,RG,6175,1,D,YP,OD,D
13:56:00,INDF,RG,6175,1,D,PD,BK,F
13:56:00,INDF,RG,6175,10,D,PD,BK,F
13:56:00,INDF,RG,6175,2,D,CC,BK,F
13:56:00,INDF,RG,6175,1,D,KK,BK,F
13:56:00,INDF,RG,6175,11,D,CC,BK,F
13:55:42,INDF,RG,6200,5,D,NI,AK,F
13:55:36,INDF,RG,6175,17,D,CC,YU,D
13:55:34,INDF,RG,6200,25,D,LG,AK,F
13:55:33,INDF,RG,6200,3,D,PD,AK,F
13:55:30,INDF,RG,6175,21,D,CC,BK,F
13:55:26,INDF,RG,6200,1,F,ZP,AK,F
13:55:26,INDF,RG,6200,1,F,ZP,AK,F
13:55:15,INDF,RG,6175,7,D,CC,AK,F
13:55:15,INDF,RG,6175,44,D,CC,AK,F
13:55:15,INDF,RG,6175,5,D,NI,AK,F
13:55:15,INDF,RG,6175,1,D,PD,AK,F
13:55:15,INDF,RG,6175,1,D,YP,AK,F
13:55:15,INDF,RG,6175,1,D,NI,AK,F
13:55:15,INDF,RG,6175,30,D,PD,AK,F
13:55:15,INDF,RG,6175,2,D,PD,AK,F
13:55:15,INDF,RG,6175,10,D,YP,AK,F
13:55:15,INDF,RG,6175,10,D,GR,AK,F
13:55:15,INDF,RG,6175,2,D,KK,AK,F
13:55:12,INDF,RG,6175,1,D,PD,YP,D
13:55:12,INDF,RG,6175,1,D,CC,YP,D
13:55:10,INDF,RG,6175,9,D,CC,BK,F
13:55:10,INDF,RG,6175,5,D,PD,BK,F
13:55:10,INDF,RG,6175,4,D,KK,BK,F
13:55:04,INDF,RG,6175,8,D,KK,OD,D
13:55:01,INDF,RG,6175,38,D,KK,YP,D
13:55:01,INDF,RG,6175,106,D,GR,YP,D
13:55:00,INDF,RG,6175,5,D,GR,AK,F
13:54:46,INDF,RG,6175,17,D,GR,BK,F
13:54:38,INDF,RG,6200,3,D,PD,AK,F
13:54:25,INDF,RG,6175,8,D,GR,XC,D
13:54:24,INDF,RG,6175,15,D,GR,BK,F
13:54:06,INDF,RG,6175,16,D,GR,BK,F
13:54:06,INDF,RG,6175,9,D,GR,OD,D
13:53:46,INDF,RG,6175,11,D,GR,BK,F
13:53:43,INDF,RG,6200,5,D,XC,AK,F
13:53:32,INDF,RG,6175,11,D,GR,BK,F
13:53:30,INDF,RG,6200,3,D,YP,YU,F
13:53:30,INDF,RG,6175,2,D,GR,AK,F
13:53:30,INDF,RG,6175,1,D,NI,AK,F
13:53:30,INDF,RG,6175,4,D,NI,AK,F
13:53:30,INDF,RG,6175,2,D,YP,AK,F
13:53:30,INDF,RG,6175,10,D,GR,AK,F
13:53:16,INDF,RG,6200,1,D,YP,YU,F
13:53:16,INDF,RG,6200,1,D,YP,BB,D
13:53:15,INDF,RG,6175,54,D,GR,AK,F
13:53:09,INDF,RG,6175,15,D,GR,BK,F
13:53:02,INDF,RG,6175,8,D,GR,OD,D
13:53:00,INDF,RG,6175,6,D,GR,AK,F
13:52:58,INDF,RG,6200,600,F,CS,AK,F
13:52:58,INDF,RG,6200,2,F,CS,BB,D
13:52:58,INDF,RG,6200,398,F,CS,YU,F
13:52:53,INDF,RG,6175,30,D,GR,YU,F
13:52:52,INDF,RG,6200,1,D,NI,YU,F
13:52:49,INDF,RG,6175,30,D,GR,YU,F
13:52:45,INDF,RG,6200,1,D,XC,YU,F
13:52:45,INDF,RG,6175,25,D,GR,YU,F
13:52:42,INDF,RG,6175,16,D,GR,BK,F
13:52:42,INDF,RG,6175,6,D,GR,YU,F
13:52:42,INDF,RG,6175,2,D,PD,YU,F
13:52:42,INDF,RG,6175,1,D,XC,YU,F
13:52:42,INDF,RG,6175,15,D,CP,YU,F
13:52:42,INDF,RG,6175,1,D,XC,YU,F
13:52:42,INDF,RG,6175,2,D,XC,YU,F
13:52:39,INDF,RG,6200,5,D,YP,YU,F
13:52:38,INDF,RG,6175,1,D,XC,YU,F
13:52:38,INDF,RG,6175,1,D,AZ,YU,F
13:52:38,INDF,RG,6175,2,D,PD,YU,F
13:52:38,INDF,RG,6175,1,D,XA,YU,F
13:52:38,INDF,RG,6175,1,D,YP,YU,F
13:52:38,INDF,RG,6175,10,D,XC,YU,F
13:52:38,INDF,RG,6175,1,D,PD,YU,F
13:52:38,INDF,RG,6175,2,D,SQ,YU,F
13:52:38,INDF,RG,6175,1,D,YP,YU,F
13:52:38,INDF,RG,6175,5,D,YP,YU,F
13:52:35,INDF,RG,6175,1,D,XL,YU,F
13:52:35,INDF,RG,6175,1,D,XL,YU,F
13:52:35,INDF,RG,6175,10,D,CP,YU,F
13:52:35,INDF,RG,6175,13,D,YP,YU,F
13:52:32,INDF,RG,6175,26,D,YP,YU,F
13:52:29,INDF,RG,6175,25,D,YP,YU,F
13:52:28,INDF,RG,6175,13,D,YP,BK,F
13:52:26,INDF,RG,6175,25,D,YP,YU,F
13:52:23,INDF,RG,6175,27,D,YP,YU,F
13:52:22,INDF,RG,6200,1,D,PD,YU,F
13:52:21,INDF,RG,6175,26,D,YP,YU,F
13:52:19,INDF,RG,6175,5,D,YP,YP,D
13:52:19,INDF,RG,6175,27,D,YP,YU,F
13:52:17,INDF,RG,6175,13,D,YP,YU,F
13:52:17,INDF,RG,6175,2,D,CC,YU,F
13:52:17,INDF,RG,6175,1,D,XC,YU,F
13:52:17,INDF,RG,6175,2,D,AZ,YU,F
13:52:17,INDF,RG,6175,1,D,PD,YU,F
13:52:17,INDF,RG,6175,7,D,KK,YU,F
13:52:17,INDF,RG,6175,1,D,XC,YU,F
13:52:15,INDF,RG,6175,10,D,XC,YU,F
13:52:15,INDF,RG,6175,17,D,AR,YU,F
13:52:14,INDF,RG,6200,2,D,YP,CS,F
13:52:14,INDF,RG,6200,1,D,YP,CS,F
13:52:14,INDF,RG,6200,1,D,YP,CS,F
13:52:13,INDF,RG,6200,2,D,PD,CS,F
13:52:13,INDF,RG,6200,3,D,PD,AK,F
13:52:13,INDF,RG,6175,27,D,AR,YU,F
13:52:13,INDF,RG,6175,6,D,AR,YU,F
13:52:13,INDF,RG,6175,3,D,XC,YU,F
13:52:13,INDF,RG,6175,3,D,CC,YU,F
13:52:13,INDF,RG,6175,2,D,KK,YU,F
13:52:13,INDF,RG,6175,15,D,YP,YU,F
13:52:13,INDF,RG,6175,16,D,PD,YU,F
13:52:13,INDF,RG,6175,10,D,XC,YU,F
13:52:13,INDF,RG,6175,1,F,OD,YU,F
13:52:13,INDF,RG,6175,2,D,YP,YU,F
13:52:13,INDF,RG,6175,5,D,PD,YU,F
13:52:13,INDF,RG,6175,1,D,YP,YU,F
13:52:13,INDF,RG,6175,1,D,PD,YU,F
13:52:13,INDF,RG,6175,1,D,YP,YU,F
13:52:13,INDF,RG,6175,3,D,SQ,YU,F
13:52:13,INDF,RG,6175,1,D,PD,YU,F
13:52:13,INDF,RG,6175,10,D,YP,YU,F
13:52:13,INDF,RG,6175,15,D,CC,YU,F
13:52:13,INDF,RG,6175,2,D,YP,YU,F
13:52:13,INDF,RG,6175,10,D,XC,YU,F
13:52:13,INDF,RG,6175,1,D,NI,YU,F
13:52:11,INDF,RG,6175,26,D,NI,YU,F
13:52:11,INDF,RG,6175,14,D,NI,BK,F
13:52:09,INDF,RG,6175,27,D,NI,YU,F
13:52:07,INDF,RG,6200,1,D,XL,AK,F
13:52:07,INDF,RG,6175,27,D,NI,YU,F
13:52:05,INDF,RG,6175,5,D,NI,ZP,D
13:52:05,INDF,RG,6175,1,D,XL,ZP,D
13:52:05,INDF,RG,6175,3,D,XL,YU,F
13:52:05,INDF,RG,6175,24,D,AI,YU,F
13:52:03,INDF,RG,6175,9,D,AI,OD,D
13:52:03,INDF,RG,6175,27,D,AI,YU,F
13:52:01,INDF,RG,6175,1,D,AI,CS,F
13:52:01,INDF,RG,6175,7,D,AI,YU,F
13:52:01,INDF,RG,6200,1,F,CC,YU,F
13:52:01,INDF,RG,6200,1,F,ZP,YU,F
13:52:01,INDF,RG,6200,1,F,ZP,YU,F
13:52:01,INDF,RG,6200,10,D,TP,YU,F
13:52:01,INDF,RG,6200,8,D,OD,YU,F
13:51:59,INDF,RG,6200,1,D,OD,CS,F
13:51:59,INDF,RG,6200,27,D,OD,YU,F
13:51:57,INDF,RG,6200,14,D,OD,YU,F
13:51:57,INDF,RG,6200,5,D,IH,YU,F
13:51:57,INDF,RG,6200,5,D,XC,YU,F
13:51:57,INDF,RG,6200,4,D,KZ,YU,F
13:51:56,INDF,RG,6200,10,D,KZ,BK,F
13:51:56,INDF,RG,6200,1,D,KK,BK,F
13:51:56,INDF,RG,6200,4,D,PD,BK,F
13:51:55,INDF,RG,6200,6,D,PD,YU,F
13:51:55,INDF,RG,6200,15,D,PD,YU,F
13:51:55,INDF,RG,6200,4,D,YP,YU,F
13:51:55,INDF,RG,6200,1,D,PD,YU,F
13:51:55,INDF,RG,6200,1,F,ZP,YU,F
13:51:55,INDF,RG,6200,1,F,ZP,YU,F
13:51:53,INDF,RG,6200,2,F,CS,CS,F
13:51:53,INDF,RG,6200,57,F,CS,OD,D
13:51:53,INDF,RG,6200,1,D,KK,OD,D
13:51:53,INDF,RG,6200,4,F,ZP,OD,D
13:51:53,INDF,RG,6200,2,D,DH,OD,D
13:51:53,INDF,RG,6200,20,D,YP,OD,D
13:51:53,INDF,RG,6200,1,D,YP,OD,D
13:51:53,INDF,RG,6200,2,D,KK,OD,D
13:51:53,INDF,RG,6200,1,D,YP,OD,D
13:51:53,INDF,RG,6200,1,D,XC,OD,D
13:51:53,INDF,RG,6200,86,F,CS,OD,D
13:51:53,INDF,RG,6200,3,F,CS,CS,F
13:51:53,INDF,RG,6200,49,F,CS,OD,D
13:51:53,INDF,RG,6200,10,D,XC,OD,D
13:51:53,INDF,RG,6200,20,D,YP,OD,D
13:51:53,INDF,RG,6200,1,D,NI,OD,D
13:51:53,INDF,RG,6200,10,D,CC,OD,D
13:51:53,INDF,RG,6200,1,D,PD,OD,D
13:51:53,INDF,RG,6200,1,D,EP,OD,D
13:51:53,INDF,RG,6200,3,D,XL,OD,D
13:51:53,INDF,RG,6200,100,D,YP,OD,D
13:51:53,INDF,RG,6200,10,D,GR,OD,D
13:51:53,INDF,RG,6200,4,D,XL,OD,D
13:51:53,INDF,RG,6200,1,D,ES,CC,F
13:51:53,INDF,RG,6200,9,D,ES,OD,D
13:51:53,INDF,RG,6200,2,F,CC,OD,D
13:51:53,INDF,RG,6200,1,D,CC,OD,D
13:51:53,INDF,RG,6200,10,D,SQ,OD,D
13:51:53,INDF,RG,6200,1,D,CP,OD,D
13:51:53,INDF,RG,6200,3,D,PD,OD,D
13:51:53,INDF,RG,6200,2,D,CC,OD,D
13:51:53,INDF,RG,6200,2,D,XC,OD,D
13:51:53,INDF,RG,6200,3,D,CC,OD,D
13:51:53,INDF,RG,6200,25,D,NI,OD,D
13:51:53,INDF,RG,6200,17,D,YP,OD,D
13:51:53,INDF,RG,6200,3,D,CC,OD,D
13:51:53,INDF,RG,6200,2,D,XL,OD,D
13:51:53,INDF,RG,6200,5,D,LS,OD,D
13:51:53,INDF,RG,6200,1,D,YP,OD,D
13:51:53,INDF,RG,6200,126,F,CS,OD,D
13:51:53,INDF,RG,6200,10,D,YP,OD,D
13:51:53,INDF,RG,6200,100,D,AI,OD,D
13:51:53,INDF,RG,6200,5,D,PD,OD,D
13:51:53,INDF,RG,6200,2,D,PD,OD,D
13:51:53,INDF,RG,6200,3,D,PD,OD,D
13:51:53,INDF,RG,6200,35,D,YP,OD,D
13:51:53,INDF,RG,6200,1,D,XL,OD,D
13:51:53,INDF,RG,6200,2,D,YP,OD,D
13:51:53,INDF,RG,6200,745,F,CS,OD,D
13:51:53,INDF,RG,6200,28,F,CS,YU,F
13:51:53,INDF,RG,6200,1,F,CS,XC,D
13:51:51,INDF,RG,6200,28,F,CS,YU,F
13:51:49,INDF,RG,6200,28,F,CS,YU,F
13:51:47,INDF,RG,6200,28,F,CS,YU,F
13:51:45,INDF,RG,6200,120,F,CS,CC,D
13:51:45,INDF,RG,6200,22,F,CS,YU,F
13:51:45,INDF,RG,6200,1,D,XL,YU,F
13:51:45,INDF,RG,6200,5,D,OD,YU,F
13:51:43,INDF,RG,6200,29,D,OD,YU,F
13:51:41,INDF,RG,6200,28,D,OD,YU,F
13:51:39,INDF,RG,6200,28,D,OD,YU,F
13:51:37,INDF,RG,6200,10,D,OD,YU,F
13:51:37,INDF,RG,6200,2,D,SQ,YU,F
13:51:37,INDF,RG,6200,16,D,GR,YU,F
13:51:35,INDF,RG,6200,29,D,GR,YU,F
13:51:33,INDF,RG,6200,5,D,GR,YU,F
13:51:33,INDF,RG,6200,4,D,YP,YU,F
13:51:33,INDF,RG,6200,2,D,PD,YU,F
13:51:33,INDF,RG,6200,1,D,NI,YU,F
13:51:33,INDF,RG,6200,1,D,XC,YU,F
13:51:33,INDF,RG,6200,4,D,CC,YU,F
13:51:33,INDF,RG,6200,11,F,CS,YU,F
13:51:33,INDF,RG,6200,17,F,CS,BK,F
13:51:32,INDF,RG,6200,11,F,CS,ZP,F
13:51:31,INDF,RG,6200,29,F,CS,YU,F
13:51:29,INDF,RG,6200,29,F,CS,YU,F
13:51:27,INDF,RG,6200,28,F,CS,YU,F
13:51:25,INDF,RG,6200,22,F,CS,YU,F
13:51:25,INDF,RG,6200,7,F,AG,YU,F
13:51:23,INDF,RG,6200,29,F,AG,OD,D
13:51:23,INDF,RG,6200,1,D,GR,OD,D
13:51:23,INDF,RG,6200,2,D,XC,OD,D
13:51:23,INDF,RG,6200,1,F,ZP,OD,D
13:51:23,INDF,RG,6200,2,D,SQ,OD,D
13:51:23,INDF,RG,6200,1,D,PD,OD,D
13:51:23,INDF,RG,6200,25,D,XA,OD,D
13:51:23,INDF,RG,6200,5,D,TP,OD,D
13:51:23,INDF,RG,6200,16,D,XC,OD,D
13:51:23,INDF,RG,6200,2,D,PD,OD,D
13:51:23,INDF,RG,6200,10,D,PD,OD,D
13:51:23,INDF,RG,6200,74,F,CS,OD,D
13:51:23,INDF,RG,6200,7,D,TP,OD,D
13:51:23,INDF,RG,6200,3,D,TP,OD,D
13:51:23,INDF,RG,6200,5,D,XC,OD,D
13:51:23,INDF,RG,6200,1,D,KK,OD,D
13:51:23,INDF,RG,6200,1,D,PD,OD,D
13:51:23,INDF,RG,6200,1,D,XC,OD,D
13:51:23,INDF,RG,6200,1,D,XL,OD,D
13:51:23,INDF,RG,6200,1,D,XL,OD,D
13:51:23,INDF,RG,6200,5,D,PD,OD,D
13:51:23,INDF,RG,6200,1,D,PD,OD,D
13:51:23,INDF,RG,6200,14,F,ZP,OD,D
13:51:23,INDF,RG,6200,1,D,XC,OD,D
13:51:23,INDF,RG,6200,1,D,YP,OD,D
13:51:23,INDF,RG,6200,174,D,YP,OD,D
13:51:23,INDF,RG,6200,26,D,YP,OD,D
13:51:23,INDF,RG,6200,1,D,XC,OD,D
13:51:23,INDF,RG,6200,4,D,XC,OD,D
13:51:23,INDF,RG,6200,30,D,NI,OD,D
13:51:23,INDF,RG,6200,80,D,PD,OD,D
13:51:23,INDF,RG,6200,18,D,BK,OD,D
13:51:23,INDF,RG,6200,31,D,XC,OD,D
13:51:23,INDF,RG,6200,1,D,NI,OD,D
13:51:23,INDF,RG,6200,8,D,XC,OD,D
13:51:23,INDF,RG,6200,5,D,CC,OD,D
13:51:23,INDF,RG,6200,3,D,PD,OD,D
13:51:23,INDF,RG,6200,1,D,NI,OD,D
13:51:23,INDF,RG,6200,1,D,NI,OD,D
13:51:23,INDF,RG,6200,10,D,YP,OD,D
13:51:23,INDF,RG,6200,1,D,NI,OD,D
13:51:23,INDF,RG,6200,107,D,SQ,OD,D
13:51:23,INDF,RG,6200,2,D,SQ,OD,D
13:51:23,INDF,RG,6200,29,D,SQ,YU,F
13:51:22,INDF,RG,6200,37,D,SQ,OD,D
13:51:22,INDF,RG,6200,1,D,NI,OD,D
13:51:22,INDF,RG,6200,1,D,NI,OD,D
13:51:22,INDF,RG,6200,1,D,PD,OD,D
13:51:22,INDF,RG,6200,1,D,XC,OD,D
13:51:22,INDF,RG,6200,1,D,XC,OD,D
13:51:22,INDF,RG,6200,1,D,GR,OD,D
13:51:22,INDF,RG,6200,1,D,YP,OD,D
13:51:22,INDF,RG,6200,100,D,AR,OD,D
13:51:22,INDF,RG,6200,5,D,NI,OD,D
13:51:22,INDF,RG,6200,1,D,XC,OD,D
13:51:22,INDF,RG,6200,1,D,XC,OD,D
13:51:22,INDF,RG,6200,2,D,SQ,OD,D
13:51:22,INDF,RG,6200,10,D,SQ,OD,D
13:51:22,INDF,RG,6200,2,D,YP,OD,D
13:51:22,INDF,RG,6200,15,D,PD,OD,D
13:51:22,INDF,RG,6200,1,D,XL,OD,D
13:51:22,INDF,RG,6200,3,D,YP,OD,D
13:51:22,INDF,RG,6200,17,F,YU,OD,D
13:51:22,INDF,RG,6200,2,D,PD,OD,D
13:51:22,INDF,RG,6200,10,D,SQ,OD,D
13:51:22,INDF,RG,6200,1,D,KK,OD,D
13:51:22,INDF,RG,6200,572,F,CC,OD,D
13:51:21,INDF,RG,6200,28,F,CC,YU,F
13:51:20,INDF,RG,6200,11,F,CC,BK,F
13:51:19,INDF,RG,6200,50,F,CC,GW,F
13:51:19,INDF,RG,6200,29,F,CC,YU,F
13:51:17,INDF,RG,6200,28,F,CC,YU,F
13:51:17,INDF,RG,6200,1,D,YP,YU,F
13:51:15,INDF,RG,6200,1,D,YP,YU,F
13:51:15,INDF,RG,6200,28,D,YP,YU,F
13:51:13,INDF,RG,6200,29,D,YP,YU,F
13:51:11,INDF,RG,6200,29,D,YP,YU,F
13:51:09,INDF,RG,6200,14,D,YP,YU,F
13:51:09,INDF,RG,6200,2,D,KK,YU,F
13:51:09,INDF,RG,6200,10,D,YP,YU,F
13:51:09,INDF,RG,6200,3,D,YP,YU,F
13:51:09,INDF,RG,6200,10,D,YP,BK,F
13:51:08,INDF,RG,6200,2,D,YP,YP,D
13:51:07,INDF,RG,6200,9,D,YP,ZP,F
13:51:07,INDF,RG,6200,26,D,YP,YU,F
13:51:07,INDF,RG,6200,1,D,YP,YU,F
13:51:07,INDF,RG,6200,2,D,XL,YU,F
13:51:07,INDF,RG,6200,1,D,CC,YU,F
13:51:05,INDF,RG,6200,8,D,CC,YU,F
13:51:05,INDF,RG,6200,1,D,XC,YU,F
13:51:05,INDF,RG,6200,7,D,XC,YU,F
13:51:05,INDF,RG,6200,1,D,XC,YU,F
13:51:05,INDF,RG,6200,5,D,XL,YU,F
13:51:05,INDF,RG,6200,1,D,XC,YU,F
13:51:05,INDF,RG,6200,1,D,CC,YU,F
13:51:05,INDF,RG,6200,2,D,XC,YU,F
13:51:05,INDF,RG,6200,3,D,XL,YU,F
13:51:04,INDF,RG,6200,16,D,XL,GW,F
13:51:04,INDF,RG,6200,5,D,XC,GW,F
13:51:04,INDF,RG,6200,5,D,CC,GW,F
13:51:04,INDF,RG,6200,1,D,XC,GW,F
13:51:04,INDF,RG,6200,1,D,XC,GW,F
13:51:04,INDF,RG,6200,5,D,XC,GW,F
13:51:04,INDF,RG,6200,1,D,XL,GW,F
13:51:04,INDF,RG,6200,1,D,XL,GW,F
13:51:04,INDF,RG,6200,9,D,CC,GW,F
13:51:04,INDF,RG,6200,2,D,XC,GW,F
13:51:04,INDF,RG,6200,10,D,XC,GW,F
13:51:04,INDF,RG,6200,1,D,XC,GW,F
13:51:04,INDF,RG,6200,1,D,XC,GW,F
13:51:04,INDF,RG,6200,1,D,XC,GW,F
13:51:04,INDF,RG,6200,1,D,XC,GW,F
13:51:04,INDF,RG,6200,1,D,CC,GW,F
13:51:04,INDF,RG,6200,2,D,CC,GW,F
13:51:04,INDF,RG,6200,1,D,DR,GW,F
13:51:04,INDF,RG,6200,10,D,DR,GW,F
13:51:04,INDF,RG,6200,2,D,DR,GW,F
13:51:04,INDF,RG,6200,24,D,BK,GW,F
13:51:03,INDF,RG,6200,13,D,BK,YU,F
13:51:03,INDF,RG,6200,16,F,CS,YU,F
13:51:01,INDF,RG,6200,7,F,CS,OD,D
13:51:01,INDF,RG,6200,29,F,CS,YU,F
13:50:59,INDF,RG,6200,175,F,CS,OD,D
13:50:59,INDF,RG,6200,209,F,CS,OD,D
13:50:59,INDF,RG,6200,327,F,CS,OD,D
13:50:59,INDF,RG,6200,2,F,CS,OD,D
13:50:59,INDF,RG,6200,12,F,CS,AK,F
13:50:59,INDF,RG,6200,97,F,CS,OD,D
13:50:59,INDF,RG,6200,1,D,XL,OD,D
13:50:59,INDF,RG,6200,1,D,XL,OD,D
13:50:59,INDF,RG,6200,1,D,YU,OD,D
13:50:59,INDF,RG,6200,10,D,YP,OD,D
13:50:59,INDF,RG,6200,4,D,XL,OD,D
13:50:59,INDF,RG,6200,1,D,YP,OD,D
13:50:59,INDF,RG,6200,1,D,YP,OD,D
13:50:59,INDF,RG,6200,59,D,YP,OD,D
13:50:59,INDF,RG,6200,209,D,YP,OD,D
13:50:59,INDF,RG,6200,17,D,YP,CS,F
13:50:59,INDF,RG,6200,327,D,YP,OD,D
13:50:59,INDF,RG,6200,2,D,YP,OD,D
13:50:59,INDF,RG,6200,786,D,YP,OD,D
13:50:59,INDF,RG,6200,600,D,YP,OD,D
13:50:59,INDF,RG,6200,1,D,YP,OD,D
13:50:59,INDF,RG,6200,1,D,YP,OD,D
13:50:59,INDF,RG,6200,10,D,OD,OD,D
13:50:59,INDF,RG,6200,15,D,YP,OD,D
13:50:59,INDF,RG,6200,1,D,OD,OD,D
13:50:59,INDF,RG,6200,1,D,OD,OD,D
13:50:59,INDF,RG,6200,5,D,NI,OD,D
13:50:59,INDF,RG,6200,1,D,NI,OD,D
13:50:59,INDF,RG,6200,15,D,PD,OD,D
13:50:59,INDF,RG,6200,1,D,PD,OD,D
13:50:59,INDF,RG,6200,5,D,PD,OD,D
13:50:59,INDF,RG,6200,3,D,PD,OD,D
13:50:59,INDF,RG,6200,1,D,PD,OD,D
13:50:59,INDF,RG,6200,5,D,PD,OD,D
13:50:59,INDF,RG,6200,5,D,PD,OD,D
13:50:59,INDF,RG,6200,2,D,CC,OD,D
13:50:59,INDF,RG,6200,1,D,PD,OD,D
13:50:59,INDF,RG,6200,1,D,PD,OD,D
13:50:59,INDF,RG,6200,1,D,PD,OD,D
13:50:59,INDF,RG,6200,1,D,PD,OD,D
13:50:59,INDF,RG,6200,3,D,KK,OD,D
13:50:59,INDF,RG,6200,2,D,PD,OD,D
13:50:59,INDF,RG,6200,1,D,PD,OD,D
13:50:59,INDF,RG,6200,100,D,PD,OD,D
13:50:59,INDF,RG,6200,1,D,PD,OD,D
13:50:59,INDF,RG,6200,3,D,PD,OD,D
13:50:59,INDF,RG,6200,2,D,PD,YU,F
13:50:59,INDF,RG,6200,5,D,PD,YU,F
13:50:59,INDF,RG,6200,3,D,PD,YU,F
13:50:59,INDF,RG,6200,3,D,PD,YU,F
13:50:59,INDF,RG,6200,10,D,PD,YU,F
13:50:59,INDF,RG,6200,1,D,PD,YU,F
13:50:59,INDF,RG,6200,1,D,PD,YU,F
13:50:59,INDF,RG,6200,2,D,SQ,YU,F
13:50:59,INDF,RG,6200,2,D,SQ,YU,F
13:50:59,INDF,RG,6200,1,D,PD,YU,F
13:50:59,INDF,RG,6200,2,D,SQ,YU,F
13:50:55,INDF,RG,6200,12,D,SQ,BK,F
13:50:53,INDF,RG,6200,86,D,SQ,OD,D
13:50:53,INDF,RG,6200,50,D,SQ,OD,D
13:50:53,INDF,RG,6200,3,D,KK,OD,D
13:50:53,INDF,RG,6200,20,D,KK,OD,D
13:50:53,INDF,RG,6200,16,D,PD,OD,D
13:50:53,INDF,RG,6200,85,D,PD,OD,D
13:50:53,INDF,RG,6200,20,D,DH,OD,D
13:50:53,INDF,RG,6200,1,D,NI,OD,D
13:50:53,INDF,RG,6200,30,D,SQ,OD,D
13:50:53,INDF,RG,6200,1,D,AZ,OD,D
13:50:53,INDF,RG,6200,1,D,PD,OD,D
13:50:53,INDF,RG,6200,5,D,KK,OD,D
13:50:53,INDF,RG,6200,66,D,DH,OD,D
13:50:53,INDF,RG,6200,192,D,DH,OD,D
13:50:53,INDF,RG,6200,135,D,SQ,OD,D
13:50:53,INDF,RG,6200,2,D,SQ,OD,D
13:50:53,INDF,RG,6200,13,D,SQ,OD,D
13:50:53,INDF,RG,6200,1,D,DH,OD,D
13:50:53,INDF,RG,6200,161,F,CS,OD,D
13:50:53,INDF,RG,6200,209,F,CS,OD,D
13:50:53,INDF,RG,6200,327,F,CS,OD,D
13:50:53,INDF,RG,6200,2,F,CS,OD,D
13:50:52,INDF,RG,6200,157,F,CS,OD,D
13:50:52,INDF,RG,6200,2,D,EP,OD,D
13:50:52,INDF,RG,6200,100,D,GR,OD,D
13:50:52,INDF,RG,6200,1,D,YU,OD,D
13:50:52,INDF,RG,6200,1,D,HP,OD,D
13:50:52,INDF,RG,6200,1,D,YU,OD,D
13:50:52,INDF,RG,6200,2,D,XL,OD,D
13:50:52,INDF,RG,6200,1,F,ZP,OD,D
13:50:52,INDF,RG,6200,10,D,KK,OD,D
13:50:52,INDF,RG,6200,2,D,XL,OD,D
13:50:52,INDF,RG,6200,2,D,XC,OD,D
13:50:52,INDF,RG,6200,10,D,YP,OD,D
13:50:52,INDF,RG,6200,10,D,PD,OD,D
13:50:52,INDF,RG,6200,1,D,PD,OD,D
13:50:52,INDF,RG,6200,4,D,XL,OD,D
13:50:52,INDF,RG,6200,1,D,NI,OD,D
13:50:52,INDF,RG,6200,3,F,ZP,OD,D
13:50:52,INDF,RG,6200,1,D,XC,OD,D
13:50:52,INDF,RG,6200,2,D,YP,OD,D
13:50:52,INDF,RG,6200,2,D,YP,OD,D
13:50:52,INDF,RG,6200,18,F,CS,OD,D
13:50:52,INDF,RG,6200,2,D,NI,OD,D
13:50:52,INDF,RG,6200,2,D,PD,OD,D
13:50:52,INDF,RG,6200,12,D,AT,OD,D
13:50:52,INDF,RG,6200,100,D,CC,OD,D
13:50:52,INDF,RG,6200,150,D,XL,OD,D
13:50:52,INDF,RG,6200,1,D,PD,OD,D
13:50:52,INDF,RG,6200,164,F,CS,OD,D
13:50:52,INDF,RG,6200,1,D,PD,OD,D
13:50:52,INDF,RG,6200,1,D,BQ,OD,D
13:50:52,INDF,RG,6200,22,F,ZP,OD,D
13:50:52,INDF,RG,6200,6,F,ZP,OD,D
13:50:52,INDF,RG,6200,1,D,KK,OD,D
13:50:52,INDF,RG,6200,5,D,SQ,OD,D
13:50:52,INDF,RG,6200,50,D,SQ,OD,D
13:50:52,INDF,RG,6200,2,D,PD,OD,D
13:50:52,INDF,RG,6200,20,D,GR,OD,D
13:50:52,INDF,RG,6200,1,D,PD,OD,D
13:50:52,INDF,RG,6200,1,D,CC,OD,D
13:50:52,INDF,RG,6200,138,D,YP,OD,D
13:50:52,INDF,RG,6200,10,D,NI,OD,D
13:50:52,INDF,RG,6200,50,D,CC,OD,D
13:50:52,INDF,RG,6200,1,D,XA,OD,D
13:50:52,INDF,RG,6200,1,D,YP,OD,D
13:50:52,INDF,RG,6200,1,D,YP,OD,D
13:50:52,INDF,RG,6200,25,F,YP,OD,D
13:50:52,INDF,RG,6200,3,D,PD,OD,D
13:50:52,INDF,RG,6200,1,D,XC,OD,D
13:50:52,INDF,RG,6200,117,F,CS,OD,D
13:50:52,INDF,RG,6200,10,D,GR,OD,D
13:50:52,INDF,RG,6200,3,D,NI,OD,D
13:50:52,INDF,RG,6200,1,D,XC,OD,D
13:50:52,INDF,RG,6200,4,D,YP,OD,D
13:50:52,INDF,RG,6200,1,D,YP,OD,D
13:50:52,INDF,RG,6200,1,D,PD,OD,D
13:50:52,INDF,RG,6200,2,D,KK,OD,D
13:50:52,INDF,RG,6200,5,D,CC,OD,D
13:50:52,INDF,RG,6200,1,D,YP,OD,D
13:50:52,INDF,RG,6200,1,D,YP,OD,D
13:50:52,INDF,RG,6200,250,D,KI,OD,D
13:50:52,INDF,RG,6200,4,D,XC,OD,D
13:50:52,INDF,RG,6200,2,D,PD,OD,D
13:50:52,INDF,RG,6200,1,D,XL,OD,D
13:50:52,INDF,RG,6200,5,D,CC,OD,D
13:50:52,INDF,RG,6200,13,F,CS,OD,D
13:50:52,INDF,RG,6200,1,D,YP,OD,D
13:50:52,INDF,RG,6200,5,D,NI,OD,D
13:50:52,INDF,RG,6200,30,D,PD,OD,D
13:50:52,INDF,RG,6200,2,D,ZP,OD,D
13:50:52,INDF,RG,6200,8,D,PD,OD,D
13:50:52,INDF,RG,6200,3,D,DR,OD,D
13:50:50,INDF,RG,6200,2,D,DR,ZP,D
13:50:50,INDF,RG,6200,1,D,PD,ZP,D
13:50:50,INDF,RG,6200,1,D,XL,ZP,D
13:50:45,INDF,RG,6200,4,D,XL,GW,F
13:50:45,INDF,RG,6200,1,D,AT,GW,F
13:50:45,INDF,RG,6200,45,D,LG,GW,F
13:50:43,INDF,RG,6225,1,F,ZP,YU,F
13:50:41,INDF,RG,6200,5,D,LG,BK,F
13:50:41,INDF,RG,6200,1,D,XL,BK,F
13:50:41,INDF,RG,6200,4,D,DR,BK,F
13:50:35,INDF,RG,6200,30,D,DR,CS,F
13:50:31,INDF,RG,6225,5,D,SQ,YU,F
13:50:26,INDF,RG,6200,12,D,DR,BK,F
13:50:17,INDF,RG,6225,1,D,XC,YU,F
13:50:16,INDF,RG,6225,2,D,YP,YU,F
13:50:13,INDF,RG,6225,10,D,PD,YU,F
13:50:13,INDF,RG,6200,13,D,DR,BK,F
13:50:12,INDF,RG,6200,21,D,DR,AK,F
13:50:12,INDF,RG,6200,50,D,PD,AK,F
13:50:12,INDF,RG,6200,1,D,PD,AK,F
13:50:12,INDF,RG,6200,11,D,CC,AK,F
13:50:05,INDF,RG,6200,10,D,CC,CC,D
13:50:03,INDF,RG,6200,8,D,CC,OD,D
13:49:52,INDF,RG,6200,16,D,CC,BK,F
13:49:40,INDF,RG,6225,2,F,ZP,YU,F
13:49:32,INDF,RG,6200,5,D,CC,BK,F
13:49:32,INDF,RG,6200,1,D,YP,BK,F
13:49:32,INDF,RG,6200,1,D,DR,BK,F
13:49:32,INDF,RG,6200,7,D,XL,BK,F
13:49:23,INDF,RG,6200,8,D,XL,BK,F
13:49:23,INDF,RG,6200,2,D,HP,BK,F
13:49:05,INDF,RG,6200,8,D,HP,BK,F
13:49:05,INDF,RG,6200,1,D,XC,BK,F
13:49:05,INDF,RG,6200,2,D,AT,BK,F
13:49:05,INDF,RG,6200,2,D,CC,BK,F
13:49:03,INDF,RG,6200,8,D,CC,OD,D
13:48:52,INDF,RG,6200,11,D,CC,BK,F
13:48:39,INDF,RG,6200,11,D,CC,BK,F
13:48:37,INDF,RG,6225,5,F,ZP,YU,F
13:48:27,INDF,RG,6200,13,D,CC,BK,F
13:48:09,INDF,RG,6200,5,D,CC,BK,F
13:48:09,INDF,RG,6200,10,D,XC,BK,F
13:48:09,INDF,RG,6200,1,D,PD,BK,F
13:48:09,INDF,RG,6200,1,D,EP,BK,F
13:48:05,INDF,RG,6200,9,F,YU,OD,D
13:47:57,INDF,RG,6225,50,D,XC,YU,F
13:47:57,INDF,RG,6200,6,F,YU,GW,F
13:47:57,INDF,RG,6200,10,D,YP,GW,F
13:47:57,INDF,RG,6200,2,D,YP,GW,F
13:47:57,INDF,RG,6200,15,D,PD,GW,F
13:47:57,INDF,RG,6200,17,D,KK,GW,F
13:47:56,INDF,RG,6200,8,D,KK,BK,F
13:47:56,INDF,RG,6200,1,D,SQ,BK,F
13:47:56,INDF,RG,6200,1,D,EP,BK,F
13:47:56,INDF,RG,6200,1,D,CC,BK,F
13:47:56,INDF,RG,6200,2,D,PD,BK,F
13:47:49,INDF,RG,6200,3,D,PD,AK,F
13:47:49,INDF,RG,6200,2,D,YP,AK,F
13:47:48,INDF,RG,6225,20,D,PD,YU,F
13:47:48,INDF,RG,6200,4,D,KK,AK,F
13:47:43,INDF,RG,6200,14,D,KK,BK,F
13:47:37,INDF,RG,6225,2,F,ZP,YU,F
13:47:31,INDF,RG,6225,11,D,BK,YU,F
13:47:31,INDF,RG,6225,10,D,NI,YU,F
13:47:28,INDF,RG,6200,15,D,KK,BK,F
13:47:11,INDF,RG,6200,14,D,KK,BK,F
13:47:05,INDF,RG,6200,3,D,KK,OD,D
13:47:05,INDF,RG,6200,5,D,YP,OD,D
13:47:04,INDF,RG,6200,5,D,YP,YU,F
13:47:04,INDF,RG,6200,1,D,DR,YU,F
13:47:04,INDF,RG,6200,1,D,DR,YU,F
13:47:04,INDF,RG,6200,1,D,YP,YU,F
13:47:04,INDF,RG,6200,1,D,NI,YU,F
13:47:04,INDF,RG,6200,5,D,GR,YU,F
13:47:04,INDF,RG,6200,5,D,CC,YU,F
13:47:04,INDF,RG,6200,1,D,YP,YU,F
13:47:04,INDF,RG,6200,5,D,PD,YU,F
13:47:04,INDF,RG,6200,1,D,PD,YU,F
13:47:04,INDF,RG,6200,1,D,OD,YU,F
13:47:04,INDF,RG,6200,16,D,KK,YU,F
13:47:04,INDF,RG,6200,1,D,PD,YU,F
13:47:04,INDF,RG,6200,2,D,NI,YU,F
13:47:04,INDF,RG,6200,1,D,OD,YU,F
13:47:04,INDF,RG,6200,1,D,XL,YU,F
13:47:04,INDF,RG,6200,50,D,CP,YU,F
13:47:04,INDF,RG,6200,1,D,PD,YU,F
13:47:04,INDF,RG,6200,7,D,YP,YU,F
13:47:03,INDF,RG,6225,77,F,CS,YU,F
13:47:03,INDF,RG,6225,70,F,CS,ZP,D
13:47:03,INDF,RG,6225,1,F,CS,BB,D
13:47:03,INDF,RG,6225,2,F,CS,BB,D
13:47:03,INDF,RG,6225,1,F,CS,PD,D
13:47:03,INDF,RG,6225,15,F,CS,XL,D
13:47:03,INDF,RG,6225,3,F,CS,EP,D
13:47:03,INDF,RG,6225,1,F,CS,XL,D
13:47:03,INDF,RG,6225,8,F,CS,KK,D
13:47:00,INDF,RG,6200,1,D,YP,AK,F
13:47:00,INDF,RG,6200,1,D,KK,AK,F
13:47:00,INDF,RG,6200,1,D,CC,AK,F
13:47:00,INDF,RG,6200,5,D,YP,AK,F
13:47:00,INDF,RG,6200,12,D,YP,BK,F
13:47:00,INDF,RG,6200,16,D,YP,AK,F
13:46:53,INDF,RG,6200,10,D,YP,BK,F
13:46:44,INDF,RG,6200,14,D,YP,BK,F
13:46:30,INDF,RG,6200,16,D,YP,BK,F
13:46:22,INDF,RG,6200,10,D,YP,BK,F
13:46:17,INDF,RG,6200,25,D,YP,YU,F
13:46:16,INDF,RG,6200,11,D,YP,BK,F
13:46:14,INDF,RG,6225,6,D,PD,KK,D
13:46:08,INDF,RG,6200,12,D,YP,BK,F
13:46:03,INDF,RG,6200,8,D,YP,OD,D
13:45:11,INDF,RG,6225,13,D,AR,KK,D
13:45:11,INDF,RG,6225,2,D,AR,NI,D
13:45:11,INDF,RG,6225,3,D,AR,NI,D
13:45:11,INDF,RG,6225,80,D,AR,LS,D
13:45:11,INDF,RG,6225,2,D,AR,BB,F
13:45:10,INDF,RG,6225,1,D,XL,BB,F
13:45:06,INDF,RG,6200,26,D,YP,YU,F
13:45:05,INDF,RG,6200,25,D,YP,GW,F
13:45:01,INDF,RG,6225,2,F,ZP,OD,D
13:45:01,INDF,RG,6225,1,F,ZP,OD,D
13:45:01,INDF,RG,6200,10,D,YP,OD,D
13:44:33,INDF,RG,6225,1,D,PD,OD,D
13:44:23,INDF,RG,6225,100,D,TP,OD,D
13:44:21,INDF,RG,6200,1,D,AT,ZP,D
13:44:21,INDF,RG,6200,2,D,YP,ZP,D
13:44:16,INDF,RG,6225,10,D,BK,OD,D
13:43:59,INDF,RG,6200,10,D,PD,YU,F
13:43:59,INDF,RG,6200,13,D,KZ,YU,F
13:43:59,INDF,RG,6200,1,D,XC,YU,F
13:43:59,INDF,RG,6200,1,D,XC,YU,F
13:43:59,INDF,RG,6200,10,D,XC,OD,D
13:43:58,INDF,RG,6225,1,F,ZP,OD,D
13:43:54,INDF,RG,6225,41,F,CC,OD,D
13:43:43,INDF,RG,6225,16,F,CC,OD,D
13:43:38,INDF,RG,6225,3,D,YP,OD,D
13:43:38,INDF,RG,6225,1,D,YP,OD,D
13:43:32,INDF,RG,6225,2,F,ZP,OD,D
13:43:30,INDF,RG,6225,5,D,PD,OD,D
13:43:14,INDF,RG,6200,2,D,XC,PD,D
13:43:07,INDF,RG,6200,11,D,XC,CS,F
13:43:07,INDF,RG,6200,5,D,PD,CS,F
13:43:07,INDF,RG,6200,1,D,PD,CS,F
13:43:07,INDF,RG,6200,19,D,KK,CS,F
13:43:02,INDF,RG,6200,1,D,KK,ZP,D
13:43:02,INDF,RG,6200,4,D,YP,ZP,D
13:43:00,INDF,RG,6200,1,D,YP,YU,F
13:43:00,INDF,RG,6200,25,D,NI,YU,F
13:43:00,INDF,RG,6225,36,F,YU,OD,D
13:42:56,INDF,RG,6200,5,D,NI,OD,D
13:42:56,INDF,RG,6200,7,D,KI,OD,D
13:42:11,INDF,RG,6225,10,D,PD,OD,D
13:41:59,INDF,RG,6200,93,D,KI,YU,F
13:41:59,INDF,RG,6200,12,D,GR,YU,F
13:41:56,INDF,RG,6200,11,D,GR,OD,D
13:41:44,INDF,RG,6200,2,D,GR,YU,F
13:41:44,INDF,RG,6200,23,F,CS,YU,F
13:41:32,INDF,RG,6200,25,F,CS,YU,F
13:41:32,INDF,RG,6225,24,F,CC,OD,D
13:41:25,INDF,RG,6225,12,D,BK,OD,D
13:41:24,INDF,RG,6200,3,F,CS,YU,F
13:41:24,INDF,RG,6200,5,D,PD,YU,F
13:41:24,INDF,RG,6200,2,D,CC,YU,F
13:41:24,INDF,RG,6200,1,D,NI,YU,F
13:41:24,INDF,RG,6200,1,D,XC,YU,F
13:41:24,INDF,RG,6200,3,F,ZP,YU,F
13:41:24,INDF,RG,6200,10,D,XC,YU,F
13:41:24,INDF,RG,6200,3,D,LS,YU,F
13:41:22,INDF,RG,6225,119,F,CC,OD,D
13:41:22,INDF,RG,6225,3,F,CC,OD,D
13:41:21,INDF,RG,6225,1,F,ZP,OD,D
13:41:21,INDF,RG,6225,200,D,XA,OD,D
13:41:18,INDF,RG,6225,50,D,YJ,OD,D
13:40:58,INDF,RG,6225,3,F,ZP,OD,D
13:40:56,INDF,RG,6200,11,D,LS,OD,D
13:40:39,INDF,RG,6200,11,D,LS,YU,F
13:40:39,INDF,RG,6200,14,F,CS,YU,F
13:40:35,INDF,RG,6200,31,F,CS,YU,F
13:40:31,INDF,RG,6225,70,D,KK,OD,D
13:40:31,INDF,RG,6225,2,D,KK,OD,D
13:40:31,INDF,RG,6225,278,D,KK,OD,D
13:40:27,INDF,RG,6200,26,F,CS,YU,F
13:40:23,INDF,RG,6200,10,F,CS,YB,D
13:40:22,INDF,RG,6200,26,F,CS,YU,F
13:40:17,INDF,RG,6200,7,F,CS,YU,F
13:40:17,INDF,RG,6200,18,F,CS,YU,F
13:40:12,INDF,RG,6200,10,F,CS,YU,F
13:40:12,INDF,RG,6200,5,D,CC,YU,F
13:40:12,INDF,RG,6200,4,D,XC,YU,F
13:40:12,INDF,RG,6200,10,D,DX,YU,F
13:40:06,INDF,RG,6200,1,D,SQ,YU,F
13:40:06,INDF,RG,6200,1,D,XC,YU,F
13:40:06,INDF,RG,6200,1,D,XL,YU,F
13:40:06,INDF,RG,6200,10,D,GR,YU,F
13:40:06,INDF,RG,6200,1,D,XC,YU,F
13:40:06,INDF,RG,6200,3,D,PD,YU,F
13:40:06,INDF,RG,6200,2,F,ZP,YU,F
13:40:06,INDF,RG,6200,10,D,XC,YU,F
13:40:00,INDF,RG,6200,27,F,CS,YU,F
13:39:56,INDF,RG,6225,1,F,ZP,OD,D
13:39:56,INDF,RG,6200,10,F,CS,OD,D
13:39:56,INDF,RG,6225,500,D,KK,OD,D
13:39:54,INDF,RG,6200,25,F,CS,YU,F
13:39:49,INDF,RG,6225,7,F,CC,OD,D
13:39:49,INDF,RG,6225,28,F,CC,OD,D
13:39:47,INDF,RG,6225,100,D,CC,OD,D
13:39:46,INDF,RG,6200,25,F,CS,YU,F
13:39:44,INDF,RG,6225,24,D,KZ,OD,D
13:39:40,INDF,RG,6225,23,F,CC,OD,D
13:39:40,INDF,RG,6225,49,F,CC,OD,D
13:39:39,INDF,RG,6225,16,D,KZ,OD,D
13:39:38,INDF,RG,6225,1,F,ZP,OD,D
13:39:38,INDF,RG,6225,143,D,KK,OD,D
13:39:38,INDF,RG,6225,307,D,KK,OD,D
13:39:07,INDF,RG,6225,1,D,XC,OD,D
13:39:00,INDF,RG,6200,25,F,CS,YU,F
13:38:57,INDF,RG,6200,1,F,CS,CS,F
13:38:57,INDF,RG,6200,10,D,KK,CS,F
13:38:57,INDF,RG,6200,10,D,CC,CS,F
13:38:57,INDF,RG,6200,2,D,XC,CS,F
13:38:57,INDF,RG,6200,10,D,CC,CS,F
13:38:57,INDF,RG,6200,3,D,XC,CS,F
13:38:56,INDF,RG,6200,7,D,XC,OD,D
13:38:56,INDF,RG,6200,3,D,GR,OD,D
13:38:52,INDF,RG,6225,1,D,PD,OD,D
13:38:40,INDF,RG,6225,11,D,BK,OD,D
13:38:29,INDF,RG,6225,3,D,XL,OD,D
13:38:07,INDF,RG,6225,2,D,NI,OD,D
13:38:01,INDF,RG,6200,7,D,GR,YU,F
13:38:01,INDF,RG,6200,19,F,CS,YU,F
13:37:52,INDF,RG,6200,11,F,CS,OD,D
13:37:51,INDF,RG,6200,23,F,CS,YU,F
13:37:51,INDF,RG,6200,2,D,PD,YU,F
13:37:49,INDF,RG,6200,5,D,PD,NI,D
13:37:49,INDF,RG,6225,1,F,ZP,OD,D
13:37:49,INDF,RG,6225,1,F,CC,OD,D
13:37:49,INDF,RG,6225,2,F,CC,OD,D
13:37:49,INDF,RG,6225,187,F,CC,OD,D
13:37:40,INDF,RG,6225,1,F,CC,OD,D
13:37:39,INDF,RG,6200,26,D,PD,YU,F
13:37:34,INDF,RG,6225,3,D,NI,OD,D
13:37:31,INDF,RG,6225,261,F,CS,OD,D
13:37:30,INDF,RG,6225,28,F,CC,OD,D
13:37:15,INDF,RG,6225,2,F,ZP,OD,D
13:36:58,INDF,RG,6200,26,D,PD,YU,F
13:36:56,INDF,RG,6200,40,D,PD,YU,F
13:36:50,INDF,RG,6200,10,D,PD,OD,D
13:36:40,INDF,RG,6200,20,D,PD,CS,D
13:36:27,INDF,RG,6225,5,F,ZP,OD,D
13:36:10,INDF,RG,6225,5,D,PD,OD,D
13:36:10,INDF,RG,6225,5,D,YP,OD,D
13:36:07,INDF,RG,6200,6,D,PD,XL,D
13:36:06,INDF,RG,6200,20,D,PD,CS,D
13:36:02,INDF,RG,6200,1,D,PD,ZP,D
13:35:53,INDF,RG,6200,3,D,PD,NI,D
13:35:52,INDF,RG,6200,11,D,PD,OD,D
13:35:35,INDF,RG,6225,2,D,NI,OD,D
13:35:20,INDF,RG,6225,1,D,NI,OD,D
13:35:01,INDF,RG,6225,2,F,ZP,OD,D
13:34:52,INDF,RG,6200,10,D,PD,OD,D
13:34:34,INDF,RG,6200,15,D,PD,YP,D
13:33:56,INDF,RG,6200,10,D,PD,OD,D
13:33:56,INDF,RG,6200,3,D,PD,ZP,D
13:33:21,INDF,RG,6200,26,D,PD,YU,F
13:33:16,INDF,RG,6225,1,F,ZP,OD,D
13:33:07,INDF,RG,6225,10,D,AZ,OD,D
13:33:05,INDF,RG,6225,1,D,NI,OD,D
13:33:05,INDF,RG,6200,26,D,PD,YU,F
13:32:57,INDF,RG,6200,10,D,PD,ZP,F
13:32:56,INDF,RG,6200,11,D,PD,OD,D
13:32:54,INDF,RG,6225,272,F,CS,OD,D
13:32:54,INDF,RG,6225,1,F,CS,DH,D
13:32:54,INDF,RG,6225,1,F,CS,SQ,D
13:32:54,INDF,RG,6225,6,F,CS,BK,F
13:32:30,INDF,RG,6225,1,D,PD,BK,F
13:32:28,INDF,RG,6200,25,D,PD,YU,F
13:32:26,INDF,RG,6225,10,D,PD,BK,F
13:31:56,INDF,RG,6225,1,F,ZP,BK,F
13:31:56,INDF,RG,6200,12,D,PD,OD,D
13:31:53,INDF,RG,6225,7,D,XC,BK,F
13:31:49,INDF,RG,6225,3,D,XL,BK,F
13:31:33,INDF,RG,6225,3,F,ZP,BK,F
13:30:58,INDF,RG,6225,4,F,ZP,BK,F
13:30:38,INDF,RG,6225,2,F,ZP,BK,F
13:30:27,INDF,RG,6225,1,D,NI,BK,F
13:30:10,INDF,RG,6200,1,D,PD,YP,D
13:30:07,INDF,RG,6200,16,D,PD,AK,F
13:30:06,INDF,RG,6200,1,D,PD,CC,D
13:30:06,INDF,RG,6225,1,D,XL,BK,F
13:30:05,INDF,RG,6200,2,D,PD,XC,D
13:30:04,INDF,RG,6225,1,D,XC,BK,F
13:30:04,INDF,RG,6200,30,D,PD,YU,F
13:30:04,INDF,RG,6200,1,D,PD,CC,D
13:30:04,INDF,RG,6200,4,D,PD,DR,D
13:30:04,INDF,RG,6225,1,D,DR,BK,F
13:30:04,INDF,RG,6200,18,D,PD,ZP,F
13:30:03,INDF,RG,6200,141,D,PD,CC,D
13:30:03,INDF,RG,6200,12,D,PD,AK,F
13:30:02,INDF,RG,6225,1,D,YP,BK,F
13:30:02,INDF,RG,6200,10,D,PD,IF,D
13:30:02,INDF,RG,6200,15,D,PD,YU,F
13:30:02,INDF,RG,6225,1,D,XL,BK,F
13:30:02,INDF,RG,6225,2,D,PD,BK,F
13:30:02,INDF,RG,6225,1,F,ZP,BK,F
13:30:02,INDF,RG,6225,2,D,PD,BK,F
13:30:02,INDF,RG,6225,1,D,PD,BK,F
13:30:02,INDF,RG,6225,1,D,PD,BK,F
13:30:02,INDF,RG,6200,1,D,PD,PD,D
13:30:01,INDF,RG,6225,1,D,PD,BK,F
13:30:01,INDF,RG,6200,10,D,PD,PD,D
13:30:01,INDF,RG,6225,2,D,KK,BK,F
13:30:01,INDF,RG,6200,1,D,PD,EP,D
13:30:01,INDF,RG,6200,1,D,PD,HP,D
11:29:48,INDF,RG,6200,10,D,PD,BK,F
11:29:46,INDF,RG,6200,21,D,PD,BK,F
11:29:45,INDF,RG,6200,25,D,PD,YU,F
11:29:44,INDF,RG,6200,3,D,PD,BB,D
11:29:44,INDF,RG,6200,2,D,PD,BB,D
11:29:43,INDF,RG,6200,25,D,PD,GW,F
11:29:39,INDF,RG,6200,1,D,PD,AK,F
11:29:39,INDF,RG,6200,101,D,PD,AK,F
11:29:39,INDF,RG,6225,1,F,ZP,BK,F
11:29:32,INDF,RG,6200,10,D,PD,BK,F
11:29:32,INDF,RG,6200,4,D,PD,BB,F
11:29:30,INDF,RG,6200,7,D,PD,AK,F
11:29:25,INDF,RG,6200,12,D,PD,BK,F
11:29:23,INDF,RG,6200,10,D,PD,BK,F
11:29:12,INDF,RG,6200,11,D,PD,BK,F
11:29:09,INDF,RG,6200,10,D,PD,BK,F
11:29:03,INDF,RG,6200,13,D,PD,BK,F
11:29:00,INDF,RG,6200,4,D,PD,AK,F
11:29:00,INDF,RG,6200,2,D,PD,BB,D
11:28:57,INDF,RG,6200,5,D,PD,BB,D
11:28:55,INDF,RG,6200,1,D,PD,OD,D
11:28:50,INDF,RG,6200,10,D,PD,BK,F
11:28:48,INDF,RG,6200,25,D,PD,YU,F
11:28:48,INDF,RG,6200,11,D,PD,BK,F
11:28:43,INDF,RG,6225,2,F,ZP,BK,F
11:28:42,INDF,RG,6200,6,D,PD,OD,D
11:28:37,INDF,RG,6200,11,D,PD,BK,F
11:28:32,INDF,RG,6200,17,D,PD,BK,F
11:28:32,INDF,RG,6200,2,D,PD,YP,D
11:28:29,INDF,RG,6200,25,D,PD,BB,F
11:28:25,INDF,RG,6225,2,D,XL,BK,F
11:28:15,INDF,RG,6200,2,D,PD,AK,F
11:28:13,INDF,RG,6200,13,D,PD,BK,F
11:28:13,INDF,RG,6200,11,D,PD,BK,F
11:28:10,INDF,RG,6200,8,D,PD,BK,F
11:28:10,INDF,RG,6200,4,D,YP,BK,F
11:28:01,INDF,RG,6200,12,D,YP,BK,F
11:27:58,INDF,RG,6200,4,D,YP,LG,D
11:27:56,INDF,RG,6200,11,D,YP,BK,F
11:27:55,INDF,RG,6200,19,D,YP,YU,F
11:27:55,INDF,RG,6200,6,F,CS,YU,F
11:27:54,INDF,RG,6200,20,F,CS,CC,D
11:27:45,INDF,RG,6200,2,F,CS,ZP,D
11:27:45,INDF,RG,6200,2,F,CS,AK,F
11:27:43,INDF,RG,6200,16,F,CS,BK,F
11:27:38,INDF,RG,6200,20,F,CS,BK,F
11:27:38,INDF,RG,6200,6,F,CS,OD,D
11:27:32,INDF,RG,6200,1,F,CS,ZP,D
11:27:30,INDF,RG,6200,1,F,CS,ZP,D
11:27:30,INDF,RG,6200,11,F,CS,AK,F
11:27:29,INDF,RG,6200,25,F,CS,BB,D
11:27:29,INDF,RG,6200,11,F,CS,BB,D
11:27:29,INDF,RG,6200,10,D,YU,BB,D
11:27:29,INDF,RG,6200,4,D,NI,BB,D
11:27:29,INDF,RG,6200,26,D,YP,BB,D
11:27:18,INDF,RG,6200,25,D,YP,YU,F
11:27:16,INDF,RG,6200,16,D,YP,BK,F
11:27:15,INDF,RG,6200,1,D,YP,AK,F
11:27:15,INDF,RG,6200,2,D,YP,AK,F
11:27:15,INDF,RG,6200,5,D,YP,AK,F
11:27:11,INDF,RG,6225,10,D,PD,BK,F
11:27:06,INDF,RG,6200,21,D,YP,BK,F
11:27:02,INDF,RG,6225,1,F,ZP,BK,F
11:26:45,INDF,RG,6200,2,D,YP,AK,F
11:26:45,INDF,RG,6200,20,D,YP,BK,F
11:26:42,INDF,RG,6200,12,D,YP,BK,F
11:26:40,INDF,RG,6200,12,D,YP,BK,F
11:26:40,INDF,RG,6200,26,D,YP,YU,F
11:26:40,INDF,RG,6200,6,D,YP,OD,D
11:26:32,INDF,RG,6200,26,D,YP,BB,F
11:26:32,INDF,RG,6200,32,D,YP,BB,F
11:26:32,INDF,RG,6200,5,D,AZ,BB,F
11:26:32,INDF,RG,6200,3,F,ZP,BB,F
11:26:32,INDF,RG,6200,2,D,XL,BB,F
11:26:32,INDF,RG,6200,25,D,CC,BB,F
11:26:32,INDF,RG,6200,5,D,PD,BB,F
11:26:32,INDF,RG,6200,5,D,PD,BB,F
11:26:32,INDF,RG,6200,3,D,CC,BB,F
11:26:32,INDF,RG,6200,1,D,NI,BB,F
11:26:32,INDF,RG,6200,5,D,EP,BB,F
11:26:32,INDF,RG,6200,8,D,DX,BB,F
11:26:25,INDF,RG,6200,1,D,DX,KK,D
11:26:21,INDF,RG,6200,1,D,DX,YU,F
11:26:21,INDF,RG,6200,5,D,YP,YU,F
11:26:21,INDF,RG,6200,10,D,NI,YU,F
11:26:21,INDF,RG,6200,1,D,XC,YU,F
11:26:21,INDF,RG,6200,5,D,CC,YU,F
11:26:21,INDF,RG,6200,4,F,YU,YU,F
11:26:20,INDF,RG,6200,12,F,YU,GW,F
11:26:20,INDF,RG,6200,1,D,XC,GW,F
11:26:20,INDF,RG,6200,15,D,GR,GW,F
11:26:20,INDF,RG,6200,22,F,CS,GW,F
11:26:17,INDF,RG,6200,19,F,CS,BK,F
11:26:17,INDF,RG,6200,8,F,CS,BK,F
11:26:15,INDF,RG,6200,1,F,CS,AK,F
11:26:15,INDF,RG,6200,10,F,CS,AK,F
11:26:04,INDF,RG,6200,20,F,CS,BK,F
11:26:00,INDF,RG,6200,2,F,CS,AK,F
11:26:00,INDF,RG,6200,16,F,CS,AK,F
11:26:00,INDF,RG,6200,63,F,CS,AK,F
11:26:00,INDF,RG,6200,15,F,CS,AK,F
11:26:00,INDF,RG,6200,2,D,XC,AK,F
11:26:00,INDF,RG,6200,2,F,CS,AK,F
11:26:00,INDF,RG,6200,5,F,CS,AK,F
11:26:00,INDF,RG,6200,25,F,CS,YU,F
11:25:59,INDF,RG,6200,12,F,CS,BK,F
11:25:44,INDF,RG,6200,18,F,CS,CS,F
11:25:42,INDF,RG,6200,5,F,CS,OD,D
11:25:36,INDF,RG,6200,30,F,CS,BK,F
11:25:33,INDF,RG,6200,19,F,CS,BK,F
11:25:31,INDF,RG,6200,1,F,CS,ZP,D
11:25:30,INDF,RG,6200,1,F,CS,AK,F
11:25:30,INDF,RG,6200,2,F,CS,AK,F
11:25:30,INDF,RG,6200,6,F,CS,AK,F
11:25:16,INDF,RG,6225,1,D,PD,BK,F
11:25:16,INDF,RG,6200,11,F,CS,BK,F
11:25:15,INDF,RG,6200,3,F,CS,AK,F
11:25:07,INDF,RG,6200,25,F,CS,YU,F
11:25:02,INDF,RG,6225,2,D,CC,BK,F
11:25:01,INDF,RG,6200,9,F,CS,CS,D
11:25:01,INDF,RG,6200,2,D,YP,CS,D
11:25:00,INDF,RG,6225,7,F,YU,BK,F
11:25:00,INDF,RG,6225,15,F,YU,OD,D
11:24:58,INDF,RG,6200,5,D,NI,BK,F
11:24:58,INDF,RG,6200,1,D,CC,BK,F
11:24:58,INDF,RG,6200,3,D,XL,BK,F
11:24:58,INDF,RG,6200,5,D,YP,BK,F
11:24:58,INDF,RG,6200,5,D,YP,BK,F
11:24:58,INDF,RG,6200,7,D,KZ,BK,F
11:24:58,INDF,RG,6200,5,F,CS,BK,F
11:24:53,INDF,RG,6200,26,D,BK,YU,F
11:24:45,INDF,RG,6200,1,D,BK,AK,F
11:24:42,INDF,RG,6200,6,D,BK,OD,D
11:24:39,INDF,RG,6200,25,D,BK,YU,F
11:24:38,INDF,RG,6225,1,F,ZP,OD,D
11:24:38,INDF,RG,6200,6,D,BK,BB,D
11:24:38,INDF,RG,6200,14,F,ZP,BB,D
11:24:38,INDF,RG,6200,1,F,ZP,BB,D
11:24:38,INDF,RG,6200,179,D,IF,BB,D
11:24:37,INDF,RG,6200,29,D,IF,BK,F
11:24:32,INDF,RG,6200,93,D,IF,BB,D
11:24:30,INDF,RG,6200,2,D,IF,AK,F
11:24:25,INDF,RG,6200,11,D,IF,CS,D
11:24:16,INDF,RG,6200,35,D,IF,BK,F
11:24:14,INDF,RG,6225,2,D,XL,OD,D
11:24:00,INDF,RG,6200,6,D,IF,AK,F
11:24:00,INDF,RG,6200,12,D,IF,AK,F
11:23:59,INDF,RG,6200,26,D,IF,YU,F
11:23:58,INDF,RG,6200,31,D,IF,BK,F
11:23:50,INDF,RG,6200,11,D,IF,BK,F
11:23:49,INDF,RG,6225,1,F,ZP,OD,D
11:23:48,INDF,RG,6200,20,D,IF,CS,F
11:23:45,INDF,RG,6200,3,D,IF,AK,F
11:23:40,INDF,RG,6200,6,D,IF,OD,D
11:23:37,INDF,RG,6200,28,D,IF,BK,F
11:23:31,INDF,RG,6200,1,D,IF,NI,D
11:23:30,INDF,RG,6200,2,D,IF,AK,F
11:23:30,INDF,RG,6225,5,D,PD,OD,D
11:23:23,INDF,RG,6200,26,D,IF,YU,F
11:23:21,INDF,RG,6225,1,F,ZP,OD,D
11:23:21,INDF,RG,6200,85,D,IF,AK,F
11:23:21,INDF,RG,6225,2,D,PD,OD,D
11:23:15,INDF,RG,6200,35,D,IF,BK,F
11:23:15,INDF,RG,6200,3,D,IF,AK,F
11:23:13,INDF,RG,6200,7,D,IF,XC,D
11:23:08,INDF,RG,6200,26,D,IF,YU,F
11:23:03,INDF,RG,6200,1,D,IF,ZP,D
11:23:02,INDF,RG,6200,154,D,IF,LG,D
11:23:00,INDF,RG,6200,1,D,IF,AK,F
11:23:00,INDF,RG,6200,8,D,IF,AK,F
11:22:53,INDF,RG,6200,26,D,IF,YU,F
11:22:52,INDF,RG,6200,36,D,IF,BK,F
11:22:45,INDF,RG,6200,3,D,IF,AK,F
11:22:43,INDF,RG,6200,10,D,IF,BK,F
11:22:41,INDF,RG,6225,12,D,BK,OD,D
11:22:38,INDF,RG,6200,26,D,IF,YU,F
11:22:38,INDF,RG,6200,6,D,IF,OD,D
11:22:30,INDF,RG,6200,49,D,IF,BK,F
11:22:25,INDF,RG,6200,237,D,IF,BB,F
11:22:20,INDF,RG,6225,1,D,SQ,OD,D
11:22:15,INDF,RG,6200,2,D,IF,AK,F
11:22:06,INDF,RG,6200,25,D,IF,YU,F
11:22:04,INDF,RG,6200,2,D,IF,ZP,D
11:22:00,INDF,RG,6200,2,D,IF,AK,F
11:22:00,INDF,RG,6225,1,F,ZP,OD,D
11:22:00,INDF,RG,6200,45,D,IF,BK,F
11:21:53,INDF,RG,6200,35,D,IF,AK,F
11:21:53,INDF,RG,6225,3,F,ZP,OD,D
11:21:38,INDF,RG,6200,39,D,IF,BK,F
11:21:36,INDF,RG,6200,6,D,IF,OD,D
11:21:34,INDF,RG,6200,25,D,IF,YU,F
11:21:26,INDF,RG,6200,27,D,IF,YU,F
11:21:20,INDF,RG,6200,12,D,IF,BK,F
11:21:17,INDF,RG,6200,25,D,IF,YU,F
11:21:15,INDF,RG,6200,2,D,IF,AK,F
11:21:15,INDF,RG,6200,15,D,IF,AK,F
11:21:14,INDF,RG,6200,32,D,IF,BK,F
11:21:09,INDF,RG,6200,27,D,IF,YU,F
11:21:00,INDF,RG,6200,27,D,IF,YU,F
11:20:55,INDF,RG,6200,36,D,IF,BK,F
11:20:51,INDF,RG,6200,25,D,IF,YU,F
11:20:51,INDF,RG,6200,93,D,IF,AK,F
11:20:49,INDF,RG,6225,1,F,ZP,OD,D
11:20:49,INDF,RG,6225,130,F,CS,OD,D
11:20:49,INDF,RG,6225,209,F,CS,OD,D
11:20:49,INDF,RG,6225,276,F,CS,OD,D
11:20:45,INDF,RG,6200,4,D,IF,AK,F
11:20:45,INDF,RG,6200,11,D,IF,AK,F
11:20:44,INDF,RG,6225,8,D,KZ,OD,D
11:20:43,INDF,RG,6200,1,D,IF,AK,F
11:20:42,INDF,RG,6225,12,D,BK,OD,D
11:20:34,INDF,RG,6200,5,D,IF,OD,D
11:20:15,INDF,RG,6200,25,D,IF,YU,F
11:20:14,INDF,RG,6225,1,F,ZP,OD,D
11:20:13,INDF,RG,6200,75,D,IF,BK,F
11:20:09,INDF,RG,6200,10,D,IF,BK,F
11:19:42,INDF,RG,6200,26,D,IF,YU,F
11:19:39,INDF,RG,6200,181,D,IF,AK,F
11:19:39,INDF,RG,6225,2,D,PD,OD,D
11:19:35,INDF,RG,6200,67,D,IF,BK,F
11:19:34,INDF,RG,6200,5,D,IF,OD,D
11:19:26,INDF,RG,6200,26,D,IF,YU,F
11:19:16,INDF,RG,6200,25,D,IF,YU,F
11:19:07,INDF,RG,6200,25,D,IF,YU,F
11:19:00,INDF,RG,6200,1,D,IF,ZP,D
11:18:58,INDF,RG,6200,26,D,IF,YU,F
11:18:56,INDF,RG,6200,60,D,IF,BK,F
11:18:55,INDF,RG,6200,12,D,IF,BK,F
11:18:48,INDF,RG,6225,1,F,ZP,OD,D
11:18:48,INDF,RG,6200,25,D,IF,YU,F
11:18:47,INDF,RG,6200,392,D,IF,BB,D
11:18:43,INDF,RG,6225,12,D,BK,OD,D
11:18:43,INDF,RG,6200,21,D,IF,AK,F
11:18:42,INDF,RG,6200,181,D,IF,BB,D
11:18:36,INDF,RG,6200,6,D,IF,OD,D
11:18:30,INDF,RG,6200,9,D,IF,AK,F
11:18:17,INDF,RG,6225,2,F,ZP,OD,D
11:18:17,INDF,RG,6200,25,D,IF,YU,F
11:18:13,INDF,RG,6200,88,D,IF,BK,F
11:18:06,INDF,RG,6200,1,D,IF,ZP,D
11:17:57,INDF,RG,6200,10,D,IF,BK,F
11:17:50,INDF,RG,6200,46,D,IF,BK,F
11:17:36,INDF,RG,6200,5,D,IF,OD,D
11:17:32,INDF,RG,6200,13,D,IF,CS,D
11:17:27,INDF,RG,6200,25,D,IF,YU,F
11:17:26,INDF,RG,6200,25,D,IF,PD,D
11:17:22,INDF,RG,6225,10,D,BK,OD,D
11:17:21,INDF,RG,6200,50,D,IF,GW,F
11:17:12,INDF,RG,6200,80,D,IF,BK,F
11:17:00,INDF,RG,6200,13,D,IF,CS,D
11:16:54,INDF,RG,6200,25,D,IF,YU,F
11:16:52,INDF,RG,6200,19,D,IF,CS,F
11:16:51,INDF,RG,6200,11,D,IF,AK,F
11:16:43,INDF,RG,6200,43,D,IF,BK,F
11:16:36,INDF,RG,6200,6,D,IF,OD,D
11:16:33,INDF,RG,6200,2,D,IF,XC,D
11:16:31,INDF,RG,6200,5,D,IF,PD,D
11:16:26,INDF,RG,6225,2,F,ZP,OD,D
11:15:57,INDF,RG,6200,25,D,IF,YU,F
11:15:53,INDF,RG,6200,93,D,IF,BK,F
11:15:45,INDF,RG,6200,9,D,IF,AK,F
11:15:45,INDF,RG,6225,1,D,BK,OD,D
11:15:45,INDF,RG,6225,2,D,BK,OD,D
11:15:45,INDF,RG,6225,9,D,BK,OD,D
11:15:34,INDF,RG,6200,5,D,IF,OD,D
11:15:32,INDF,RG,6200,85,D,IF,AK,F
11:15:32,INDF,RG,6225,1,D,XL,OD,D
11:15:10,INDF,RG,6200,1,D,IF,ZP,D
11:15:03,INDF,RG,6200,25,D,IF,YU,F
11:14:50,INDF,RG,6200,22,D,IF,CS,F
11:14:50,INDF,RG,6200,25,D,IF,YU,F
11:14:37,INDF,RG,6200,26,D,IF,YU,F
11:14:34,INDF,RG,6200,6,D,IF,OD,D
11:14:23,INDF,RG,6200,25,D,IF,YU,F
11:14:17,INDF,RG,6200,478,D,IF,BB,F
11:14:16,INDF,RG,6225,12,D,BK,OD,D
11:14:07,INDF,RG,6200,2,D,IF,ZP,D
11:14:02,INDF,RG,6225,3,D,NI,OD,D
11:13:34,INDF,RG,6225,2,F,ZP,OD,D
11:13:34,INDF,RG,6200,5,D,IF,OD,D
11:13:19,INDF,RG,6225,1,D,CC,OD,D
11:13:07,INDF,RG,6200,50,D,IF,GW,F
11:12:49,INDF,RG,6200,25,D,IF,YU,F
11:12:49,INDF,RG,6225,10,D,BK,OD,D
11:12:32,INDF,RG,6200,5,D,IF,OD,D
11:12:17,INDF,RG,6200,67,D,IF,AK,F
11:12:17,INDF,RG,6225,1,D,NI,OD,D
11:12:00,INDF,RG,6225,30,F,YU,OD,D
11:11:48,INDF,RG,6225,5,D,DR,OD,D
11:11:32,INDF,RG,6225,2,F,ZP,OD,D
11:11:30,INDF,RG,6200,6,D,IF,OD,D
11:11:29,INDF,RG,6200,26,D,IF,YU,F
11:11:26,INDF,RG,6200,3,D,IF,XC,D
11:11:11,INDF,RG,6200,25,D,IF,YU,F
11:11:06,INDF,RG,6200,1,D,IF,ZP,D
11:11:00,INDF,RG,6200,282,D,IF,YP,D
11:10:36,INDF,RG,6200,14,D,IF,EP,D
11:10:28,INDF,RG,6200,5,D,IF,OD,D
11:10:26,INDF,RG,6200,27,D,IF,YU,F
11:10:15,INDF,RG,6200,26,D,IF,YU,F
11:10:09,INDF,RG,6200,2,D,IF,ZP,D
11:10:04,INDF,RG,6200,25,D,IF,YU,F
11:09:57,INDF,RG,6200,35,D,IF,CC,D
11:09:53,INDF,RG,6200,26,D,IF,YU,F
11:09:41,INDF,RG,6200,26,D,IF,YU,F
11:09:37,INDF,RG,6225,1,F,ZP,OD,D
11:09:37,INDF,RG,6200,67,D,IF,AK,F
11:09:37,INDF,RG,6225,567,F,CS,OD,D
11:09:28,INDF,RG,6200,5,D,IF,OD,D
11:08:51,INDF,RG,6200,21,D,IF,AK,F
11:08:50,INDF,RG,6225,2,F,ZP,OD,D
11:08:39,INDF,RG,6225,14,D,KZ,OD,D
11:08:30,INDF,RG,6200,4,D,IF,OD,D
11:08:22,INDF,RG,6200,13,D,IF,CS,D
11:07:46,INDF,RG,6200,17,D,IF,PD,D
11:07:32,INDF,RG,6200,5,D,IF,OD,D
11:07:24,INDF,RG,6200,13,D,IF,CS,D
11:07:22,INDF,RG,6200,25,D,IF,YU,F
11:07:21,INDF,RG,6200,11,D,IF,AK,F
11:07:13,INDF,RG,6225,1,F,ZP,OD,D
11:07:10,INDF,RG,6200,1,D,IF,ZP,D
11:06:51,INDF,RG,6225,5,D,YP,OD,D
11:06:41,INDF,RG,6200,3,D,IF,YP,D
11:06:34,INDF,RG,6200,6,D,IF,OD,D
11:06:27,INDF,RG,6200,30,D,IF,PD,D
11:06:10,INDF,RG,6200,2,D,IF,ZP,D
11:05:53,INDF,RG,6200,1,D,IF,XC,D
11:05:50,INDF,RG,6200,7,D,IF,AK,F
11:05:48,INDF,RG,6225,2,F,ZP,OD,D
11:05:32,INDF,RG,6200,5,D,IF,OD,D
11:05:16,INDF,RG,6225,1,D,XL,OD,D
11:04:39,INDF,RG,6200,8,D,IF,PD,D
11:04:34,INDF,RG,6200,6,D,IF,OD,D
11:04:15,INDF,RG,6200,3,D,IF,YP,D
11:03:50,INDF,RG,6200,34,D,IF,AK,F
11:03:49,INDF,RG,6225,1,F,ZP,OD,D
11:03:31,INDF,RG,6200,5,D,IF,OD,D
11:03:13,INDF,RG,6200,1,D,IF,ZP,D
11:02:37,INDF,RG,6225,2,F,ZP,OD,D
11:02:35,INDF,RG,6225,2,D,PD,OD,D
11:02:31,INDF,RG,6200,6,D,IF,OD,D
11:02:12,INDF,RG,6200,2,D,IF,ZP,D
11:01:27,INDF,RG,6200,4,D,IF,OD,D
11:01:08,INDF,RG,6200,25,D,IF,YU,F
11:00:56,INDF,RG,6200,55,D,IF,OD,D
11:00:50,INDF,RG,6225,1,F,ZP,OD,D
11:00:38,INDF,RG,6200,25,D,IF,YU,F
11:00:38,INDF,RG,6200,100,D,IF,PD,D
11:00:27,INDF,RG,6200,6,D,IF,OD,D
10:59:25,INDF,RG,6200,5,D,IF,OD,D
10:59:20,INDF,RG,6200,25,D,IF,YU,F
10:59:13,INDF,RG,6200,1,D,IF,ZP,D
10:58:46,INDF,RG,6200,25,D,IF,YU,F
10:58:43,INDF,RG,6200,25,D,IF,AK,F
10:58:42,INDF,RG,6225,1,F,ZP,OD,D
10:58:34,INDF,RG,6200,25,D,IF,YU,F
10:58:27,INDF,RG,6200,5,D,IF,OD,D
10:58:26,INDF,RG,6225,17,D,GR,OD,D
10:58:21,INDF,RG,6200,25,D,IF,YU,F
10:58:13,INDF,RG,6200,1,D,IF,ZP,D
10:58:08,INDF,RG,6200,25,D,IF,YU,F
10:57:55,INDF,RG,6200,26,D,IF,YU,F
10:57:53,INDF,RG,6200,85,D,IF,BB,F
10:57:46,INDF,RG,6200,125,D,IF,AK,F
10:57:46,INDF,RG,6225,93,F,CS,OD,D
10:57:46,INDF,RG,6225,8,F,CS,PD,D
10:57:46,INDF,RG,6225,1,F,CS,XC,D
10:57:46,INDF,RG,6225,1,F,CS,AZ,D
10:57:46,INDF,RG,6225,118,F,CS,CC,D
10:57:46,INDF,RG,6225,1,F,CS,XC,D
10:57:46,INDF,RG,6225,4,F,CS,PD,D
10:57:46,INDF,RG,6225,7,F,CS,CC,D
10:57:46,INDF,RG,6225,15,F,CS,DH,D
10:57:46,INDF,RG,6225,2,F,CS,XC,D
10:57:46,INDF,RG,6225,1,F,CS,PD,D
10:57:46,INDF,RG,6225,1,F,CS,CC,D
10:57:46,INDF,RG,6225,5,F,CS,NI,D
10:57:46,INDF,RG,6225,100,F,CS,PD,D
10:57:46,INDF,RG,6225,20,F,CS,CC,D
10:57:46,INDF,RG,6225,2,F,CS,PD,D
10:57:46,INDF,RG,6225,50,F,CS,GW,F
10:57:46,INDF,RG,6225,2,F,CS,AK,F
10:57:46,INDF,RG,6225,3,F,CS,AK,F
10:57:46,INDF,RG,6225,2,F,CS,BK,F
10:57:46,INDF,RG,6225,116,F,CS,CC,D
10:57:46,INDF,RG,6225,10,F,CS,PD,D
10:57:46,INDF,RG,6225,7,F,CS,AK,F
10:57:34,INDF,RG,6225,2,F,ZP,AK,F
10:57:29,INDF,RG,6200,5,D,IF,OD,D
10:57:25,INDF,RG,6200,25,D,IF,YU,F
10:56:40,INDF,RG,6200,25,D,IF,YU,F
10:56:27,INDF,RG,6200,6,D,IF,OD,D
10:56:04,INDF,RG,6200,55,D,IF,XC,D
10:55:57,INDF,RG,6200,25,D,IF,YU,F
10:55:38,INDF,RG,6225,2,F,ZP,AK,F
10:55:25,INDF,RG,6200,5,D,IF,OD,D
10:55:16,INDF,RG,6200,1,D,IF,ZP,D
10:55:10,INDF,RG,6225,3,D,CC,AK,F
10:55:10,INDF,RG,6225,4,D,CC,AK,F
10:55:09,INDF,RG,6200,25,D,IF,YU,F
10:55:07,INDF,RG,6225,1,D,YP,AK,F
10:55:00,INDF,RG,6225,2,F,YU,AK,F
10:55:00,INDF,RG,6225,1,F,YU,CS,F
10:55:00,INDF,RG,6225,25,F,YU,GW,F
10:55:00,INDF,RG,6225,1,F,YU,BK,F
10:54:29,INDF,RG,6200,1,D,IF,YP,D
10:54:25,INDF,RG,6200,5,D,IF,OD,D
10:54:16,INDF,RG,6200,25,D,IF,YU,F
10:54:15,INDF,RG,6200,2,D,IF,ZP,D
10:53:46,INDF,RG,6200,1,D,IF,PD,D
10:53:45,INDF,RG,6200,1,D,IF,PD,D
10:53:45,INDF,RG,6225,1,F,ZP,BK,F
10:53:23,INDF,RG,6200,6,D,IF,OD,D
10:53:19,INDF,RG,6225,2,D,XL,BK,F
10:53:18,INDF,RG,6200,25,D,IF,YU,F
10:53:15,INDF,RG,6225,2,F,ZP,BK,F
10:53:12,INDF,RG,6225,1,D,XL,BK,F
10:52:25,INDF,RG,6200,5,D,IF,OD,D
10:52:16,INDF,RG,6200,25,D,IF,YU,F
10:51:41,INDF,RG,6200,3,D,IF,XC,D
10:51:26,INDF,RG,6200,2,D,IF,XL,D
10:51:23,INDF,RG,6200,6,D,IF,OD,D
10:51:10,INDF,RG,6200,25,D,IF,YU,F
10:50:55,INDF,RG,6225,2,F,ZP,BK,F
10:50:40,INDF,RG,6225,1,D,YP,BK,F
10:50:25,INDF,RG,6200,5,D,IF,OD,D
10:50:01,INDF,RG,6200,26,D,IF,YU,F
10:49:27,INDF,RG,6200,5,D,IF,OD,D
10:49:01,INDF,RG,6200,25,D,IF,YU,F
10:48:48,INDF,RG,6200,1,D,IF,ZP,D
10:48:47,INDF,RG,6225,2,F,ZP,BK,F
10:48:27,INDF,RG,6200,6,D,IF,OD,D
10:48:11,INDF,RG,6200,25,D,IF,YU,F
10:48:05,INDF,RG,6200,46,D,IF,PD,D
10:47:29,INDF,RG,6200,5,D,IF,OD,D
10:47:20,INDF,RG,6200,1,D,IF,AK,F
10:47:20,INDF,RG,6225,1,D,DX,BK,F
10:47:20,INDF,RG,6225,9,D,DX,GW,F
10:46:37,INDF,RG,6225,1,F,ZP,GW,F
10:46:23,INDF,RG,6225,1,D,PD,GW,F
10:45:46,INDF,RG,6200,1,D,IF,PD,D
10:45:45,INDF,RG,6200,1,D,IF,AK,F
10:45:45,INDF,RG,6200,1,D,IF,AK,F
10:45:44,INDF,RG,6200,3,D,IF,AK,F
10:45:44,INDF,RG,6200,6,D,IF,AK,F
10:45:44,INDF,RG,6200,11,D,IF,AK,F
10:45:42,INDF,RG,6200,22,D,IF,AK,F
10:45:42,INDF,RG,6200,44,D,IF,AK,F
10:45:40,INDF,RG,6225,1,F,ZP,GW,F
10:45:40,INDF,RG,6200,1,D,IF,CS,D
10:45:40,INDF,RG,6225,38,F,CS,GW,F
10:45:40,INDF,RG,6225,130,F,CS,NI,D
10:45:40,INDF,RG,6200,3,D,IF,CS,D
10:45:40,INDF,RG,6200,2,D,IF,AK,F
10:45:40,INDF,RG,6200,3,D,IF,CS,F
10:45:40,INDF,RG,6200,3,D,IF,AK,F
