Time,Stock,Brd,Price,Qty,BT,BC,SC,ST
15:14:48,INDF,RG,7100,1,D,PD,AI,D
15:14:42,INDF,RG,7100,1,D,GR,AI,D
15:14:30,INDF,RG,7100,14,D,XC,AI,D
15:13:20,INDF,RG,7100,5,D,XC,AI,D
15:13:18,INDF,RG,7100,2,D,AZ,AI,D
15:12:23,INDF,RG,7100,10,D,PD,AI,D
15:12:18,INDF,RG,7100,20,D,PD,AI,D
15:11:56,INDF,RG,7100,2,D,XC,AI,D
15:11:07,INDF,RG,7100,5,D,CC,AI,D
15:10:30,INDF,RG,7100,2,D,XL,AI,D
15:09:37,INDF,RG,7100,100,D,YB,AI,D
15:09:19,INDF,RG,7100,286,D,YB,AI,D
15:09:19,INDF,RG,7100,1,D,YB,PD,D
15:09:19,INDF,RG,7100,5,D,YB,YU,D
15:09:19,INDF,RG,7100,25,D,YB,DR,D
15:09:19,INDF,RG,7100,40,D,YB,YP,D
15:09:19,INDF,RG,7100,243,D,YB,CD,D
15:07:39,INDF,RG,7100,1,D,DH,CD,D
15:07:24,INDF,RG,7100,1,D,KK,CD,D
15:07:20,INDF,RG,7100,1,D,CP,CD,D
15:06:43,INDF,RG,7100,75,D,CC,CD,D
15:06:25,INDF,RG,7100,40,D,YP,CD,D
15:05:11,INDF,RG,7100,100,D,FS,CD,D
15:04:33,INDF,RG,7100,1,D,YP,CD,D
15:04:05,INDF,RG,7100,1000,D,ZP,CD,D
15:03:21,INDF,RG,7100,1,D,PD,CD,D
15:02:32,INDF,RG,7100,35,D,YP,CD,D
15:02:20,INDF,RG,7100,5,D,YP,CD,D
15:02:02,INDF,RG,7100,7,D,KK,CD,D
15:01:58,INDF,RG,7100,100,D,CC,CD,D
15:01:42,INDF,RG,7100,1,D,PD,CD,D
15:01:41,INDF,RG,7100,1,D,SQ,CD,D
15:01:38,INDF,RG,7100,1,D,XC,CD,D
15:01:19,INDF,RG,7100,1,D,PD,CD,D
15:01:06,INDF,RG,7100,10,D,YP,CD,D
15:01:00,INDF,RG,7100,1,D,XC,CD,D
15:00:00,INDF,RG,7100,40,D,PD,CD,D
15:00:00,INDF,RG,7100,335,F,CS,CD,D
15:00:00,INDF,RG,7100,50,F,CS,PD,D
15:00:00,INDF,RG,7100,5,F,CS,HP,D
15:00:00,INDF,RG,7100,2,F,CS,PD,D
15:00:00,INDF,RG,7100,2,F,CS,YP,D
15:00:00,INDF,RG,7100,450,F,CS,ZP,F
15:00:00,INDF,RG,7100,590,F,CS,ZP,F
15:00:00,INDF,RG,7100,290,F,CS,ZP,F
15:00:00,INDF,RG,7100,153,F,CS,ZP,F
15:00:00,INDF,RG,7100,96,F,CS,ZP,F
15:00:00,INDF,RG,7100,524,F,CS,AK,F
15:00:00,INDF,RG,7100,234,F,CS,KI,D
15:00:00,INDF,RG,7100,179,F,CS,DX,F
15:00:00,INDF,RG,7100,50,D,DR,DX,F
15:00:00,INDF,RG,7100,4,D,DU,DX,F
15:00:00,INDF,RG,7100,2,D,PD,DX,F
15:00:00,INDF,RG,7100,10,D,YP,DX,F
15:00:00,INDF,RG,7100,40,D,XL,DX,F
15:00:00,INDF,RG,7100,3,D,XC,DX,F
15:00:00,INDF,RG,7100,200,D,YB,DX,F
15:00:00,INDF,RG,7100,5,D,NI,DX,F
15:00:00,INDF,RG,7100,10,D,PD,DX,F
15:00:00,INDF,RG,7100,10,D,YP,DX,F
15:00:00,INDF,RG,7100,5,D,PD,DX,F
15:00:00,INDF,RG,7100,4,D,CC,DX,F
15:00:00,INDF,RG,7100,1,D,YP,DX,F
15:00:00,INDF,RG,7100,3,D,DR,DX,F
15:00:00,INDF,RG,7100,5,D,XL,DX,F
15:00:00,INDF,RG,7100,2,D,DR,DX,F
15:00:00,INDF,RG,7100,2,D,YP,DX,F
15:00:00,INDF,RG,7100,2,D,XC,DX,F
15:00:00,INDF,RG,7100,1,D,XC,DX,F
15:00:00,INDF,RG,7100,5,D,XC,DX,F
15:00:00,INDF,RG,7100,1,D,ZP,DX,F
15:00:00,INDF,RG,7100,140,D,CC,DX,F
15:00:00,INDF,RG,7100,10,D,CC,BK,F
15:00:00,INDF,RG,7100,25,D,CC,BK,F
15:00:00,INDF,RG,7100,28,D,GR,BK,F
15:00:00,INDF,RG,7100,1,D,YP,BK,F
15:00:00,INDF,RG,7100,3,D,OD,BK,F
15:00:00,INDF,RG,7100,1,D,CC,BK,F
15:00:00,INDF,RG,7100,100,D,CC,BK,F
15:00:00,INDF,RG,7100,2,D,YP,BK,F
15:00:00,INDF,RG,7100,4,D,NI,BK,F
15:00:00,INDF,RG,7100,31,D,XC,BK,F
15:00:00,INDF,RG,7100,5,D,PD,BK,F
15:00:00,INDF,RG,7100,5,D,YP,BK,F
15:00:00,INDF,RG,7100,50,D,GR,BK,F
15:00:00,INDF,RG,7100,1,D,XL,BK,F
15:00:00,INDF,RG,7100,1,D,YP,BK,F
15:00:00,INDF,RG,7100,50,D,YP,BK,F
15:00:00,INDF,RG,7100,5,D,YP,BK,F
15:00:00,INDF,RG,7100,15,D,YP,BK,F
15:00:00,INDF,RG,7100,1,D,YP,BK,F
15:00:00,INDF,RG,7100,1,D,BQ,BK,F
15:00:00,INDF,RG,7100,17,D,XC,BK,F
15:00:00,INDF,RG,7100,2,D,DR,BK,F
15:00:00,INDF,RG,7100,70,D,YP,BK,F
15:00:00,INDF,RG,7100,200,D,ZP,BK,F
15:00:00,INDF,RG,7100,1,D,BQ,BK,F
15:00:00,INDF,RG,7100,10,D,PD,BK,F
15:00:00,INDF,RG,7100,1,D,XC,BK,F
15:00:00,INDF,RG,7100,3,D,DR,BK,F
15:00:00,INDF,RG,7100,8,D,XC,BK,F
15:00:00,INDF,RG,7100,15,D,YP,BK,F
15:00:00,INDF,RG,7100,1,D,YP,BK,F
15:00:00,INDF,RG,7100,1,D,PD,BK,F
15:00:00,INDF,RG,7100,10,D,CC,BK,F
15:00:00,INDF,RG,7100,5,D,AI,BK,F
15:00:00,INDF,RG,7100,15,D,YP,BK,F
15:00:00,INDF,RG,7100,10,D,YP,BK,F
15:00:00,INDF,RG,7100,5,D,YP,BK,F
15:00:00,INDF,RG,7100,695,F,CS,BK,F
15:00:00,INDF,RG,7100,1,D,XA,BK,F
15:00:00,INDF,RG,7100,1,D,NI,BK,F
15:00:00,INDF,RG,7100,1,D,AI,BK,F
15:00:00,INDF,RG,7100,1,D,EP,BK,F
15:00:00,INDF,RG,7100,3,D,AZ,BK,F
15:00:00,INDF,RG,7100,112,F,DX,BK,F
15:00:00,INDF,RG,7100,917,F,ZP,BK,F
15:00:00,INDF,RG,7100,183,F,BK,BK,F
15:00:00,INDF,RG,7100,370,F,BK,BK,F
15:00:00,INDF,RG,7100,108,F,BK,ZP,F
15:00:00,INDF,RG,7100,50,F,BK,DX,F
15:00:00,INDF,RG,7100,21,F,BK,DX,F
15:00:00,INDF,RG,7100,40,F,BK,DX,F
15:00:00,INDF,RG,7100,675,F,BK,OD,D
15:00:00,INDF,RG,7100,12,F,BK,OD,D
15:00:00,INDF,RG,7100,68,D,KZ,OD,D
15:00:00,INDF,RG,7100,989,F,CC,OD,D
15:00:00,INDF,RG,7100,298,F,CC,OD,D
15:00:00,INDF,RG,7100,141,F,CS,OD,D
15:00:00,INDF,RG,7100,58,F,CS,DX,F
15:00:00,INDF,RG,7100,113,F,CS,DX,F
15:00:00,INDF,RG,7100,441,F,CS,DX,F
15:00:00,INDF,RG,7100,114,F,CS,DX,D
15:00:00,INDF,RG,7100,108,F,CS,OD,D
15:00:00,INDF,RG,7100,50,F,CS,CC,D
15:00:00,INDF,RG,7100,38,F,CS,BB,D
15:00:00,INDF,RG,7100,20,F,CS,AK,F
15:00:00,INDF,RG,7100,45,F,CS,AK,F
15:00:00,INDF,RG,7100,102,F,CS,RX,F
15:00:00,INDF,RG,7100,1592,F,YU,RX,F
15:00:00,INDF,RG,7100,102,D,BB,RX,F
15:00:00,INDF,RG,7100,82,D,BB,DP,D
15:00:00,INDF,RG,7100,627,D,BB,PD,D
15:00:00,INDF,RG,7100,4,F,AK,PD,D
15:00:00,INDF,RG,7100,37,F,AK,PD,D
15:00:00,INDF,RG,7100,190,F,AK,PD,D
15:00:00,INDF,RG,7100,37,F,AK,PD,D
15:00:00,INDF,RG,7100,2,F,AK,PD,D
15:00:00,INDF,RG,7100,6,F,AK,PD,D
15:00:00,INDF,RG,7100,48,F,ZP,PD,D
14:49:57,INDF,RG,7125,1,D,PD,YU,F
14:49:56,INDF,RG,7100,32,F,CS,DX,F
14:49:53,INDF,RG,7100,1,F,CS,ZP,F
14:49:51,INDF,RG,7125,10,D,XC,YU,F
14:49:50,INDF,RG,7125,3,F,CS,YU,F
14:49:46,INDF,RG,7100,1,F,CS,ZP,F
14:49:42,INDF,RG,7125,1,F,DX,YU,F
14:49:42,INDF,RG,7125,1,F,DX,YU,F
14:49:41,INDF,RG,7125,21,F,DX,YU,F
14:49:39,INDF,RG,7125,6,F,CS,YU,F
14:49:36,INDF,RG,7125,5,F,DX,YU,F
14:49:32,INDF,RG,7100,3,F,CS,NI,D
14:49:31,INDF,RG,7125,50,F,ZP,YU,F
14:49:30,INDF,RG,7125,7,F,CS,YU,F
14:49:30,INDF,RG,7100,26,F,CS,DX,F
14:49:30,INDF,RG,7100,1,F,CS,ZP,F
14:49:30,INDF,RG,7125,49,F,ZP,YU,F
14:49:30,INDF,RG,7100,4,F,CS,AK,F
14:49:30,INDF,RG,7100,1,F,CS,AK,F
14:49:30,INDF,RG,7125,7,F,DX,YU,F
14:49:30,INDF,RG,7125,19,F,BK,YU,F
14:49:29,INDF,RG,7125,48,F,ZP,YU,F
14:49:29,INDF,RG,7125,6,F,CS,YU,F
14:49:24,INDF,RG,7100,1,F,CS,ZP,F
14:49:23,INDF,RG,7125,2,D,CC,YU,F
14:49:20,INDF,RG,7125,6,F,CS,YU,F
14:49:15,INDF,RG,7100,2,F,CS,AK,F
14:49:11,INDF,RG,7125,22,F,DX,YU,F
14:49:11,INDF,RG,7125,3,F,CS,YU,F
14:49:11,INDF,RG,7125,2,F,CS,CS,F
14:49:11,INDF,RG,7125,1,F,CS,CS,F
14:49:11,INDF,RG,7125,7,F,CS,CS,F
14:49:10,INDF,RG,7125,8,F,CS,CS,F
14:49:08,INDF,RG,7125,1,F,DX,CS,F
14:49:08,INDF,RG,7100,2,F,CS,NI,D
14:49:08,INDF,RG,7125,3,F,DX,CS,F
14:49:07,INDF,RG,7125,13,F,BK,CS,F
14:49:06,INDF,RG,7100,1,F,CS,BB,D
14:49:03,INDF,RG,7125,39,F,BK,CS,F
14:49:00,INDF,RG,7100,1,F,CS,AK,F
14:48:59,INDF,RG,7125,39,F,ZP,CS,F
14:48:59,INDF,RG,7125,10,F,ZP,DX,F
14:48:55,INDF,RG,7125,3,F,BK,DX,F
14:48:55,INDF,RG,7125,9,F,BK,RX,F
14:48:54,INDF,RG,7125,1,F,AK,RX,F
14:48:50,INDF,RG,7125,13,F,BK,RX,F
14:48:49,INDF,RG,7100,1,F,CS,AK,F
14:48:48,INDF,RG,7125,1,F,CS,RX,F
14:48:48,INDF,RG,7125,7,F,CS,BB,D
14:48:36,INDF,RG,7125,12,D,CC,BB,D
14:48:36,INDF,RG,7125,24,D,CC,BK,F
14:48:35,INDF,RG,7100,8,F,CS,DR,D
14:48:34,INDF,RG,7100,28,F,CS,DX,F
14:48:34,INDF,RG,7125,12,F,BK,BK,F
14:48:33,INDF,RG,7100,1,F,CS,NI,D
14:48:30,INDF,RG,7100,7,F,CS,KK,D
14:48:29,INDF,RG,7125,11,F,CS,BK,F
14:48:29,INDF,RG,7100,2,F,CS,BB,D
14:48:29,INDF,RG,7125,46,F,ZP,BK,F
14:48:28,INDF,RG,7125,13,F,BK,BK,F
14:48:21,INDF,RG,7125,17,F,CS,BK,F
14:48:21,INDF,RG,7125,4,F,CS,BK,F
14:48:21,INDF,RG,7125,2,F,CS,BK,F
14:48:19,INDF,RG,7100,2,F,CS,BB,D
14:48:19,INDF,RG,7125,272,D,NI,BK,F
14:48:13,INDF,RG,7125,13,F,BK,BK,F
14:48:11,INDF,RG,7100,3,F,CS,BB,D
14:48:10,INDF,RG,7125,12,F,BK,BK,F
14:48:08,INDF,RG,7100,28,F,CS,DX,F
14:48:04,INDF,RG,7100,3,F,CS,KZ,D
14:48:04,INDF,RG,7100,26,F,CS,KZ,D
14:48:04,INDF,RG,7125,47,F,ZP,BK,F
14:47:59,INDF,RG,7125,46,F,ZP,BK,F
14:47:58,INDF,RG,7100,1,F,CS,ZP,F
14:47:58,INDF,RG,7125,1,F,CS,BK,F
14:47:58,INDF,RG,7125,62,D,BQ,BK,F
14:47:58,INDF,RG,7125,38,D,BQ,KK,D
14:47:58,INDF,RG,7125,1,D,XC,KK,D
14:47:57,INDF,RG,7125,7,F,CS,KK,D
14:47:57,INDF,RG,7125,6,F,CS,CS,F
14:47:56,INDF,RG,7100,42,F,CS,AK,F
14:47:56,INDF,RG,7100,22,F,CS,BB,D
14:47:53,INDF,RG,7125,12,F,BK,CS,F
14:47:51,INDF,RG,7125,13,F,BK,CS,F
14:47:48,INDF,RG,7100,1,F,CS,NI,D
14:47:45,INDF,RG,7100,5,F,CS,CC,D
14:47:40,INDF,RG,7100,26,F,CS,DX,F
14:47:39,INDF,RG,7125,1,F,AK,CS,F
14:47:36,INDF,RG,7100,2,F,CS,CS,D
14:47:32,INDF,RG,7125,12,F,BK,CS,F
14:47:32,INDF,RG,7100,1,F,CS,DR,D
14:47:29,INDF,RG,7100,35,F,CS,AK,F
14:47:28,INDF,RG,7125,46,F,ZP,CS,F
14:47:27,INDF,RG,7125,14,F,BK,CS,F
14:47:26,INDF,RG,7100,2,F,CS,CS,D
14:47:24,INDF,RG,7100,4,F,CS,KZ,D
14:47:21,INDF,RG,7125,12,F,CS,CS,F
14:47:21,INDF,RG,7125,2,F,CS,AK,F
14:47:21,INDF,RG,7100,1,F,CS,ZP,F
14:47:21,INDF,RG,7100,80,F,CS,BQ,D
14:47:21,INDF,RG,7100,1,D,SQ,BQ,D
14:47:21,INDF,RG,7100,2,D,XL,BQ,D
14:47:21,INDF,RG,7100,19,F,DX,BQ,D
14:47:21,INDF,RG,7100,6,D,XL,BQ,D
14:47:21,INDF,RG,7100,1,D,YP,BQ,D
14:47:21,INDF,RG,7100,7,D,PD,BQ,D
14:47:21,INDF,RG,7100,255,D,NI,BQ,D
14:47:21,INDF,RG,7100,10,D,XC,BQ,D
14:47:21,INDF,RG,7100,8,D,PD,BQ,D
14:47:21,INDF,RG,7100,18,F,DX,BQ,D
14:47:21,INDF,RG,7100,5,D,YP,BQ,D
14:47:21,INDF,RG,7100,1,D,AZ,BQ,D
14:47:21,INDF,RG,7100,87,D,CP,BQ,D
14:47:13,INDF,RG,7100,1,D,CP,NI,D
14:47:11,INDF,RG,7125,5,F,BK,AK,F
14:47:11,INDF,RG,7125,9,F,BK,YU,F
14:47:06,INDF,RG,7125,16,F,BK,YU,F
14:46:58,INDF,RG,7125,49,F,ZP,YU,F
14:46:54,INDF,RG,7125,1,F,AK,YU,F
14:46:52,INDF,RG,7125,21,F,DX,YU,F
14:46:51,INDF,RG,7100,10,D,CP,YJ,D
14:46:47,INDF,RG,7125,16,F,BK,YU,F
14:46:44,INDF,RG,7125,20,F,CS,YU,F
14:46:42,INDF,RG,7125,15,F,CS,YU,F
14:46:40,INDF,RG,7125,20,F,CS,YU,F
14:46:39,INDF,RG,7125,1,F,AK,YU,F
14:46:28,INDF,RG,7125,48,F,ZP,YU,F
14:46:25,INDF,RG,7100,3,D,CP,PD,D
14:46:19,INDF,RG,7125,16,F,BK,YU,F
14:46:00,INDF,RG,7125,14,F,BK,YU,F
14:45:57,INDF,RG,7125,46,F,ZP,YU,F
14:45:52,INDF,RG,7125,23,F,CS,YU,F
14:45:52,INDF,RG,7125,3,F,CS,PD,D
14:45:44,INDF,RG,7125,2,F,BK,PD,D
14:45:44,INDF,RG,7125,1,F,BK,XC,D
14:45:44,INDF,RG,7125,9,F,BK,YP,D
14:45:32,INDF,RG,7100,167,D,CP,AK,F
14:45:28,INDF,RG,7100,1,D,CP,PD,D
14:45:27,INDF,RG,7125,19,F,ZP,YP,D
14:45:27,INDF,RG,7125,30,F,ZP,BQ,D
14:45:24,INDF,RG,7125,1,F,AK,BQ,D
14:45:20,INDF,RG,7125,14,F,BK,BQ,D
14:45:16,INDF,RG,7100,5,D,CP,BB,D
14:45:14,INDF,RG,7100,12,D,CP,PD,D
14:45:14,INDF,RG,7100,9,D,CP,PD,D
14:45:14,INDF,RG,7100,5,D,CP,PD,D
14:45:14,INDF,RG,7100,15,D,XC,PD,D
14:45:14,INDF,RG,7100,2,D,XL,PD,D
14:45:14,INDF,RG,7100,44,D,NI,PD,D
14:45:08,INDF,RG,7125,155,D,CC,BQ,D
14:45:08,INDF,RG,7125,1,D,CC,ZP,F
14:45:08,INDF,RG,7125,1,D,CC,ZP,F
14:45:08,INDF,RG,7125,7,D,CC,KZ,D
14:45:08,INDF,RG,7125,4,D,CC,CS,D
14:45:08,INDF,RG,7125,2,D,CC,YP,D
14:45:08,INDF,RG,7125,16,D,CC,YP,D
14:45:08,INDF,RG,7125,11,D,CC,DX,F
14:45:08,INDF,RG,7125,1,D,CC,XC,D
14:45:08,INDF,RG,7125,1,D,CC,XL,D
14:45:08,INDF,RG,7125,35,D,CC,DX,F
14:45:08,INDF,RG,7125,266,D,CC,YU,F
14:45:04,INDF,RG,7125,23,D,CC,YU,F
14:45:04,INDF,RG,7125,126,D,CC,CS,F
14:45:04,INDF,RG,7125,11,D,CC,CS,D
14:45:04,INDF,RG,7125,12,D,CC,DX,F
14:45:04,INDF,RG,7125,20,D,CC,BQ,D
14:45:04,INDF,RG,7125,32,D,CC,DX,F
14:45:04,INDF,RG,7125,12,D,CC,CC,F
14:45:04,INDF,RG,7125,164,D,CC,YU,F
14:44:58,INDF,RG,7100,9,D,NI,PD,D
14:44:58,INDF,RG,7100,66,D,NI,PD,D
14:44:58,INDF,RG,7100,12,D,NI,PD,D
14:44:57,INDF,RG,7125,46,F,ZP,YU,F
14:44:54,INDF,RG,7125,16,F,BK,YU,F
14:44:50,INDF,RG,7100,3,D,NI,PD,D
14:44:35,INDF,RG,7100,25,D,NI,YU,D
14:44:33,INDF,RG,7100,96,D,NI,CC,D
14:44:33,INDF,RG,7100,50,D,NI,CC,D
14:44:33,INDF,RG,7100,13,F,DX,CC,D
14:44:33,INDF,RG,7100,5,D,EP,CC,D
14:44:33,INDF,RG,7100,19,F,CS,CC,D
14:44:33,INDF,RG,7100,14,D,YP,CC,D
14:44:30,INDF,RG,7125,17,F,BK,YU,F
14:44:26,INDF,RG,7125,12,D,CC,YU,F
14:44:26,INDF,RG,7125,12,D,CC,PD,D
14:44:26,INDF,RG,7125,9,D,CC,PD,D
14:44:26,INDF,RG,7125,66,D,CC,PD,D
14:44:26,INDF,RG,7125,12,D,CC,PD,D
14:44:26,INDF,RG,7125,9,D,CC,PD,D
14:44:26,INDF,RG,7125,66,D,CC,PD,D
14:44:26,INDF,RG,7125,9,D,CC,DX,F
14:44:26,INDF,RG,7125,5,D,CC,AK,F
14:44:26,INDF,RG,7125,1,D,CC,NI,D
14:44:26,INDF,RG,7125,49,D,CC,DX,F
14:44:26,INDF,RG,7125,12,D,CC,CS,D
14:44:26,INDF,RG,7125,238,D,CC,RX,F
14:44:24,INDF,RG,7125,475,D,CC,RX,F
14:44:24,INDF,RG,7125,1,D,CC,SQ,D
14:44:24,INDF,RG,7125,199,D,CC,YU,F
14:44:24,INDF,RG,7125,93,D,CC,AK,F
14:44:24,INDF,RG,7125,17,D,CC,AK,F
14:44:24,INDF,RG,7125,101,D,CC,YU,F
14:44:20,INDF,RG,7100,1,D,YP,ZP,F
14:44:19,INDF,RG,7100,64,D,CC,KZ,D
14:44:19,INDF,RG,7100,1,D,PD,KZ,D
14:44:19,INDF,RG,7100,1,F,DX,KZ,D
14:44:18,INDF,RG,7100,16,F,DX,RX,F
14:44:17,INDF,RG,7100,3,F,DX,AZ,D
14:44:17,INDF,RG,7100,2,D,XC,AZ,D
14:44:17,INDF,RG,7100,45,D,CC,AZ,D
14:44:10,INDF,RG,7100,18,D,CC,RX,F
14:44:08,INDF,RG,7100,27,D,CC,DX,F
14:44:08,INDF,RG,7125,13,F,BK,YU,F
14:44:01,INDF,RG,7100,1,D,CC,CC,D
14:44:01,INDF,RG,7100,1,D,CC,YU,D
14:44:01,INDF,RG,7100,8,D,CC,RX,F
14:44:01,INDF,RG,7100,10,F,CS,RX,F
14:43:52,INDF,RG,7100,17,F,CS,RX,F
14:43:52,INDF,RG,7100,1,D,XC,RX,F
14:43:48,INDF,RG,7125,15,F,BK,YU,F
14:43:43,INDF,RG,7100,6,D,XC,RX,F
14:43:43,INDF,RG,7100,16,F,ZP,RX,F
14:43:41,INDF,RG,7125,26,D,NI,YU,F
14:43:35,INDF,RG,7100,24,F,ZP,DX,F
14:43:31,INDF,RG,7100,9,F,ZP,RX,F
14:43:31,INDF,RG,7100,9,F,ZP,RX,F
14:43:30,INDF,RG,7125,25,F,CS,YU,F
14:43:26,INDF,RG,7125,18,F,ZP,YU,F
14:43:26,INDF,RG,7125,10,F,ZP,DX,F
14:43:26,INDF,RG,7125,10,F,ZP,OD,D
14:43:26,INDF,RG,7125,12,F,ZP,BB,D
14:43:25,INDF,RG,7125,15,F,BK,BB,D
14:43:24,INDF,RG,7125,1,F,AK,BB,D
14:43:22,INDF,RG,7100,21,F,ZP,RX,F
14:43:19,INDF,RG,7100,13,F,ZP,CS,D
14:43:12,INDF,RG,7100,3,F,ZP,RX,F
14:43:12,INDF,RG,7100,14,D,CC,RX,F
14:43:04,INDF,RG,7100,2,D,CC,DR,D
14:43:03,INDF,RG,7100,20,D,CC,RX,F
14:43:03,INDF,RG,7100,14,D,CC,DX,F
14:43:01,INDF,RG,7125,10,F,BK,SQ,D
14:43:01,INDF,RG,7125,5,F,BK,KZ,D
14:43:01,INDF,RG,7100,1,D,CC,PD,D
14:43:00,INDF,RG,7100,37,D,CC,CC,D
14:42:56,INDF,RG,7100,8,D,CC,AZ,D
14:42:56,INDF,RG,7125,44,F,ZP,KZ,D
14:42:56,INDF,RG,7125,3,F,ZP,BQ,D
14:42:53,INDF,RG,7100,23,D,CC,RX,F
14:42:43,INDF,RG,7100,153,D,CC,EP,D
14:42:42,INDF,RG,7100,20,D,CC,RX,F
14:42:38,INDF,RG,7125,14,F,BK,BQ,D
14:42:36,INDF,RG,7100,30,D,CC,DX,F
14:42:32,INDF,RG,7100,22,D,CC,RX,F
14:42:31,INDF,RG,7100,1,D,CC,XL,D
14:42:25,INDF,RG,7125,48,F,ZP,BQ,D
14:42:21,INDF,RG,7100,1,D,CC,IF,D
14:42:21,INDF,RG,7100,4,D,CC,RX,F
14:42:21,INDF,RG,7100,10,D,YP,RX,F
14:42:21,INDF,RG,7100,4,F,CS,RX,F
14:42:17,INDF,RG,7100,1,F,CS,XC,D
14:42:16,INDF,RG,7125,13,F,BK,BQ,D
14:42:16,INDF,RG,7100,9,F,CS,GR,D
14:42:16,INDF,RG,7100,1,D,YP,GR,D
14:42:12,INDF,RG,7100,3,D,YP,RX,F
14:42:12,INDF,RG,7100,11,F,DX,RX,F
14:42:12,INDF,RG,7100,6,F,CS,RX,F
14:42:06,INDF,RG,7100,11,F,CS,DX,F
14:42:06,INDF,RG,7100,5,D,BQ,DX,F
14:42:02,INDF,RG,7100,20,D,BQ,RX,F
14:42:00,INDF,RG,7100,3,D,BQ,EP,D
14:41:55,INDF,RG,7125,48,F,ZP,BQ,D
14:41:54,INDF,RG,7125,13,F,BK,BQ,D
14:41:52,INDF,RG,7100,16,D,BQ,RX,F
14:41:46,INDF,RG,7100,5,D,BQ,BB,D
14:41:44,INDF,RG,7100,22,D,BQ,RX,F
14:41:38,INDF,RG,7125,22,F,CS,BQ,D
14:41:32,INDF,RG,7100,17,D,BQ,RX,F
14:41:29,INDF,RG,7125,17,F,BK,BQ,D
14:41:25,INDF,RG,7125,46,F,ZP,BQ,D
14:41:24,INDF,RG,7100,16,D,BQ,RX,F
14:41:20,INDF,RG,7125,76,D,CC,BQ,D
14:41:20,INDF,RG,7125,30,D,CC,EP,D
14:41:20,INDF,RG,7125,12,D,CC,DX,F
14:41:20,INDF,RG,7125,1,D,CC,ZP,F
14:41:20,INDF,RG,7125,31,D,CC,YU,F
14:41:16,INDF,RG,7100,19,D,BQ,RX,F
14:41:15,INDF,RG,7125,100,D,CC,YU,F
14:41:13,INDF,RG,7100,14,D,BQ,CS,D
14:41:12,INDF,RG,7100,50,D,BQ,AZ,D
14:41:12,INDF,RG,7100,25,D,BQ,AZ,D
14:41:12,INDF,RG,7100,188,D,BQ,EP,D
14:41:11,INDF,RG,7100,1,D,YP,ZP,F
14:41:08,INDF,RG,7125,12,F,BK,YU,F
14:41:06,INDF,RG,7100,23,D,YP,RX,F
14:40:59,INDF,RG,7100,8,D,YP,XC,D
14:40:55,INDF,RG,7100,16,D,YP,RX,F
14:40:54,INDF,RG,7125,40,F,ZP,YU,F
14:40:54,INDF,RG,7125,7,F,ZP,BK,F
14:40:47,INDF,RG,7100,52,D,YP,RX,F
14:40:47,INDF,RG,7100,3,D,YP,RX,F
14:40:47,INDF,RG,7100,17,F,CS,RX,F
14:40:47,INDF,RG,7100,31,D,XA,RX,F
14:40:47,INDF,RG,7100,1,D,NI,RX,F
14:40:47,INDF,RG,7100,2,D,PD,RX,F
14:40:47,INDF,RG,7100,12,F,DX,RX,F
14:40:47,INDF,RG,7100,1,D,YP,RX,F
14:40:47,INDF,RG,7100,10,D,YP,RX,F
14:40:47,INDF,RG,7100,20,D,YP,RX,F
14:40:47,INDF,RG,7100,8,F,ZP,RX,F
14:40:47,INDF,RG,7100,13,F,ZP,RX,F
14:40:46,INDF,RG,7125,14,F,BK,BK,F
14:40:41,INDF,RG,7100,10,F,ZP,KK,D
14:40:40,INDF,RG,7125,20,F,CS,BK,F
14:40:29,INDF,RG,7100,29,F,ZP,RX,F
14:40:25,INDF,RG,7125,9,F,ZP,BK,F
14:40:25,INDF,RG,7125,1,F,ZP,BK,F
14:40:24,INDF,RG,7125,48,F,ZP,BK,F
14:40:19,INDF,RG,7125,17,F,BK,BK,F
14:40:04,INDF,RG,7125,6,F,DX,BK,F
14:40:04,INDF,RG,7125,8,F,DX,BK,F
14:40:04,INDF,RG,7125,1,F,DX,BK,F
14:40:04,INDF,RG,7125,1,D,XL,BK,F
14:39:57,INDF,RG,7125,13,F,BK,BK,F
14:39:57,INDF,RG,7125,6,F,ZP,BK,F
14:39:56,INDF,RG,7125,4,F,ZP,BK,F
14:39:54,INDF,RG,7125,46,F,ZP,BK,F
14:39:46,INDF,RG,7125,23,F,CS,BK,F
14:39:33,INDF,RG,7125,16,F,BK,BK,F
14:39:33,INDF,RG,7100,2,F,ZP,DR,D
14:39:25,INDF,RG,7125,6,F,ZP,BK,F
14:39:24,INDF,RG,7125,40,F,CS,BK,F
14:39:23,INDF,RG,7125,48,F,ZP,BK,F
14:39:09,INDF,RG,7125,14,F,BK,BK,F
14:39:05,INDF,RG,7125,1,D,XC,BK,F
14:38:54,INDF,RG,7125,8,F,ZP,BK,F
14:38:53,INDF,RG,7125,49,F,ZP,BK,F
14:38:47,INDF,RG,7125,14,F,BK,BK,F
14:38:46,INDF,RG,7125,22,F,CS,BK,F
14:38:32,INDF,RG,7125,7,F,ZP,BK,F
14:38:31,INDF,RG,7125,5,D,XC,BK,F
14:38:23,INDF,RG,7125,16,F,ZP,BK,F
14:38:23,INDF,RG,7125,1,F,ZP,DH,D
14:38:23,INDF,RG,7125,1,F,ZP,XC,D
14:38:23,INDF,RG,7125,29,F,ZP,BQ,D
14:38:22,INDF,RG,7125,13,F,ZP,BQ,D
14:38:22,INDF,RG,7125,4,F,ZP,AK,F
14:38:22,INDF,RG,7125,3,F,ZP,CS,D
14:38:21,INDF,RG,7125,2,F,ZP,CS,D
14:38:21,INDF,RG,7125,2,D,CC,CS,D
14:38:21,INDF,RG,7125,198,D,CC,BQ,D
14:38:20,INDF,RG,7125,24,F,ZP,BQ,D
14:38:19,INDF,RG,7125,8,F,ZP,BQ,D
14:38:19,INDF,RG,7125,16,F,BK,BQ,D
14:38:18,INDF,RG,7125,54,D,CC,BQ,D
14:38:18,INDF,RG,7125,296,D,CC,YP,D
14:38:18,INDF,RG,7125,1,F,AK,YP,D
14:38:17,INDF,RG,7125,16,F,DX,YP,D
14:38:17,INDF,RG,7125,2,D,XL,YP,D
14:38:10,INDF,RG,7125,1,F,DX,YP,D
14:37:58,INDF,RG,7125,13,F,BK,YP,D
14:37:53,INDF,RG,7125,50,F,ZP,YP,D
14:37:46,INDF,RG,7125,23,F,CS,YP,D
14:37:36,INDF,RG,7125,14,F,BK,YP,D
14:37:22,INDF,RG,7125,47,F,ZP,YP,D
14:37:13,INDF,RG,7125,14,F,BK,YP,D
14:37:05,INDF,RG,7125,4,F,ZP,YP,D
14:37:05,INDF,RG,7100,12,F,ZP,PD,D
14:37:05,INDF,RG,7100,9,F,ZP,PD,D
14:37:05,INDF,RG,7100,5,F,ZP,PD,D
14:37:05,INDF,RG,7100,61,D,GR,PD,D
14:36:53,INDF,RG,7125,16,F,ZP,YP,D
14:36:52,INDF,RG,7125,3,F,ZP,YP,D
14:36:52,INDF,RG,7125,46,F,ZP,YP,D
14:36:52,INDF,RG,7125,150,D,CC,YP,D
14:36:51,INDF,RG,7125,19,F,ZP,YP,D
14:36:51,INDF,RG,7125,2,F,ZP,YP,D
14:36:49,INDF,RG,7125,83,D,CC,YP,D
14:36:49,INDF,RG,7125,16,D,CC,YU,D
14:36:49,INDF,RG,7125,9,D,CC,DR,D
14:36:49,INDF,RG,7125,10,D,CC,DX,F
14:36:49,INDF,RG,7125,12,D,CC,CS,D
14:36:49,INDF,RG,7125,70,D,CC,CC,F
14:36:48,INDF,RG,7125,14,F,BK,CC,F
14:36:47,INDF,RG,7125,22,F,CS,CC,F
14:36:42,INDF,RG,7125,8,F,ZP,CC,F
14:36:41,INDF,RG,7100,12,D,GR,PD,D
14:36:41,INDF,RG,7100,9,D,GR,PD,D
14:36:41,INDF,RG,7100,67,D,GR,PD,D
14:36:38,INDF,RG,7100,3,D,GR,PD,D
14:36:38,INDF,RG,7125,16,F,DX,CC,F
14:36:27,INDF,RG,7125,1,D,CC,CC,F
14:36:23,INDF,RG,7125,7,F,ZP,CC,F
14:36:22,INDF,RG,7125,12,F,BK,CC,F
14:36:22,INDF,RG,7125,2,F,BK,AK,F
14:36:22,INDF,RG,7125,3,F,ZP,AK,F
14:36:22,INDF,RG,7125,43,F,ZP,CS,F
14:36:02,INDF,RG,7125,12,F,BK,CS,F
14:35:56,INDF,RG,7125,9,F,ZP,CS,F
14:35:51,INDF,RG,7125,49,F,ZP,CS,F
14:35:47,INDF,RG,7125,18,F,CS,CS,F
14:35:47,INDF,RG,7125,5,F,CS,PD,D
14:35:37,INDF,RG,7125,11,F,BK,PD,D
14:35:37,INDF,RG,7125,4,F,BK,DX,F
14:35:26,INDF,RG,7125,10,F,ZP,DX,F
14:35:26,INDF,RG,7125,1,F,ZP,DX,F
14:35:21,INDF,RG,7125,4,F,ZP,DX,F
14:35:21,INDF,RG,7125,21,F,ZP,DX,F
14:35:21,INDF,RG,7125,18,F,ZP,DX,F
14:35:21,INDF,RG,7125,6,F,ZP,YU,F
14:35:19,INDF,RG,7125,1,D,SQ,YU,F
14:35:15,INDF,RG,7125,13,F,BK,YU,F
14:35:06,INDF,RG,7125,3,F,ZP,YU,F
14:35:06,INDF,RG,7125,46,F,ZP,YU,F
14:35:05,INDF,RG,7125,5,F,ZP,YU,F
14:35:04,INDF,RG,7125,39,F,CS,YU,F
14:35:04,INDF,RG,7125,124,D,CC,YU,F
14:35:04,INDF,RG,7125,2,D,CC,OD,D
14:35:04,INDF,RG,7125,50,D,CC,AZ,D
14:35:04,INDF,RG,7125,24,D,CC,DX,F
14:35:04,INDF,RG,7125,11,D,CC,DX,F
14:35:04,INDF,RG,7125,5,D,CC,AK,F
14:35:04,INDF,RG,7125,11,D,CC,DX,F
14:35:04,INDF,RG,7125,19,D,CC,DX,F
14:35:04,INDF,RG,7125,90,D,CC,AK,F
14:35:04,INDF,RG,7125,30,D,CC,BQ,D
14:35:04,INDF,RG,7125,134,D,CC,BQ,D
14:35:01,INDF,RG,7125,14,F,ZP,BQ,D
14:35:00,INDF,RG,7125,152,D,CC,BQ,D
14:35:00,INDF,RG,7125,9,D,CC,DX,F
14:35:00,INDF,RG,7125,20,D,CC,SQ,D
14:35:00,INDF,RG,7125,5,D,CC,CC,D
14:35:00,INDF,RG,7125,14,D,CC,DX,F
14:34:56,INDF,RG,7125,5,F,ZP,DX,F
14:34:56,INDF,RG,7125,1,F,ZP,ZP,F
14:34:56,INDF,RG,7125,4,F,ZP,DX,F
14:34:51,INDF,RG,7125,45,F,ZP,DX,F
14:34:49,INDF,RG,7125,13,F,BK,DX,F
14:34:46,INDF,RG,7125,20,F,CS,DX,F
14:34:34,INDF,RG,7125,5,D,KK,DX,F
14:34:27,INDF,RG,7125,13,F,BK,DX,F
14:34:22,INDF,RG,7125,10,F,ZP,DX,F
14:34:20,INDF,RG,7125,18,F,ZP,DX,F
14:34:20,INDF,RG,7125,8,F,ZP,BB,D
14:34:20,INDF,RG,7125,24,F,ZP,YU,F
14:34:00,INDF,RG,7125,15,F,BK,YU,F
14:34:00,INDF,RG,7100,20,D,GR,YU,D
14:33:54,INDF,RG,7125,22,F,CS,YU,F
14:33:51,INDF,RG,7125,10,F,ZP,YU,F
14:33:50,INDF,RG,7125,46,F,ZP,YU,F
14:33:37,INDF,RG,7125,12,F,BK,YU,F
14:33:30,INDF,RG,7125,1,F,AK,YU,F
14:33:27,INDF,RG,7100,25,D,GR,AZ,D
14:33:22,INDF,RG,7125,15,F,DX,YU,F
14:33:21,INDF,RG,7125,8,F,ZP,YU,F
14:33:20,INDF,RG,7125,45,F,ZP,YU,F
14:33:14,INDF,RG,7100,3,D,GR,CC,D
14:33:11,INDF,RG,7125,14,F,BK,YU,F
14:32:54,INDF,RG,7125,17,F,CS,YU,F
14:32:51,INDF,RG,7125,7,F,ZP,YU,F
14:32:50,INDF,RG,7125,1,F,ZP,YU,F
14:32:50,INDF,RG,7125,47,F,ZP,YU,F
14:32:44,INDF,RG,7125,14,F,BK,YU,F
14:32:23,INDF,RG,7125,12,F,BK,YU,F
14:32:21,INDF,RG,7125,6,F,ZP,YU,F
14:32:20,INDF,RG,7125,5,D,LH,YU,F
14:32:20,INDF,RG,7125,1,F,ZP,YU,F
14:32:19,INDF,RG,7100,2,D,GR,PD,D
14:32:19,INDF,RG,7125,46,F,ZP,YU,F
14:32:10,INDF,RG,7125,15,F,CS,YU,F
14:31:54,INDF,RG,7125,15,F,BK,YU,F
14:31:50,INDF,RG,7125,7,F,ZP,YU,F
14:31:50,INDF,RG,7125,1,F,ZP,AK,F
14:31:49,INDF,RG,7125,4,F,ZP,AK,F
14:31:49,INDF,RG,7125,12,F,ZP,YP,D
14:31:49,INDF,RG,7125,33,F,ZP,BK,F
14:31:33,INDF,RG,7125,9,F,BK,BK,F
14:31:33,INDF,RG,7125,4,F,BK,YU,F
14:31:30,INDF,RG,7125,15,F,CS,YU,F
14:31:20,INDF,RG,7125,8,F,ZP,YU,F
14:31:19,INDF,RG,7125,1,F,ZP,YU,F
14:31:19,INDF,RG,7125,46,F,ZP,YU,F
14:31:07,INDF,RG,7125,13,F,BK,YU,F
14:30:53,INDF,RG,7125,18,F,DX,YU,F
14:30:50,INDF,RG,7125,7,F,ZP,YU,F
14:30:49,INDF,RG,7125,12,F,CS,YU,F
14:30:48,INDF,RG,7125,46,F,ZP,YU,F
14:30:43,INDF,RG,7125,13,F,BK,YU,F
14:30:42,INDF,RG,7100,2,D,GR,OD,D
14:30:38,INDF,RG,7125,15,F,ZP,YU,F
14:30:36,INDF,RG,7125,103,D,NI,YU,F
14:30:36,INDF,RG,7125,10,D,NI,CS,D
14:30:36,INDF,RG,7125,20,D,NI,DX,F
14:30:36,INDF,RG,7125,17,D,NI,DX,F
14:30:27,INDF,RG,7100,10,D,GR,PD,D
14:30:23,INDF,RG,7125,1,F,ZP,DX,F
14:30:23,INDF,RG,7125,6,F,ZP,YU,F
14:30:21,INDF,RG,7125,71,D,NI,YU,F
14:30:21,INDF,RG,7125,9,F,ZP,YU,F
14:30:18,INDF,RG,7125,45,F,ZP,YU,F
14:30:18,INDF,RG,7125,10,F,CS,YU,F
14:30:18,INDF,RG,7125,2,F,CS,CS,F
14:30:15,INDF,RG,7125,14,F,BK,CS,F
14:30:13,INDF,RG,7125,1,D,PD,CS,F
14:29:56,INDF,RG,7125,7,F,ZP,CS,F
14:29:55,INDF,RG,7125,24,F,CS,CS,F
14:29:53,INDF,RG,7125,12,F,BK,CS,F
14:29:51,INDF,RG,7125,7,F,ZP,CS,F
14:29:48,INDF,RG,7125,39,F,ZP,CS,F
14:29:48,INDF,RG,7125,2,F,ZP,NI,D
14:29:48,INDF,RG,7125,5,F,ZP,RX,F
14:29:47,INDF,RG,7125,12,F,CS,RX,F
14:29:46,INDF,RG,7125,8,F,ZP,RX,F
14:29:46,INDF,RG,7125,3,F,ZP,RX,F
14:29:45,INDF,RG,7125,1,F,AK,RX,F
14:29:31,INDF,RG,7125,5,F,ZP,RX,F
14:29:25,INDF,RG,7125,12,F,BK,RX,F
14:29:20,INDF,RG,7100,4,D,GR,DR,D
14:29:18,INDF,RG,7125,3,D,XC,RX,F
14:29:17,INDF,RG,7125,47,F,ZP,RX,F
14:29:14,INDF,RG,7125,14,F,CS,RX,F
14:29:00,INDF,RG,7125,14,F,BK,RX,F
14:28:47,INDF,RG,7125,50,F,ZP,RX,F
14:28:36,INDF,RG,7125,12,F,CS,RX,F
14:28:36,INDF,RG,7125,12,F,BK,RX,F
14:28:21,INDF,RG,7125,3,F,ZP,RX,F
14:28:17,INDF,RG,7125,48,F,ZP,RX,F
14:28:11,INDF,RG,7125,4,F,ZP,RX,F
14:28:09,INDF,RG,7125,12,F,BK,RX,F
14:28:06,INDF,RG,7125,12,F,CS,RX,F
14:27:51,INDF,RG,7125,13,F,ZP,RX,F
14:27:50,INDF,RG,7125,24,F,ZP,RX,F
14:27:49,INDF,RG,7125,14,F,ZP,RX,F
14:27:49,INDF,RG,7125,6,F,ZP,RX,F
14:27:48,INDF,RG,7125,142,D,BQ,RX,F
14:27:48,INDF,RG,7125,22,D,BQ,DX,F
14:27:48,INDF,RG,7125,13,D,BQ,DX,F
14:27:48,INDF,RG,7125,24,D,BQ,DX,F
14:27:48,INDF,RG,7125,1,D,BQ,PD,D
14:27:48,INDF,RG,7125,23,D,BQ,PD,D
14:27:48,INDF,RG,7125,43,D,BQ,KZ,D
14:27:48,INDF,RG,7125,34,D,BQ,BB,D
14:27:48,INDF,RG,7125,16,D,BQ,YU,D
14:27:48,INDF,RG,7125,17,D,BQ,PD,D
14:27:48,INDF,RG,7125,65,D,BQ,PD,D
14:27:48,INDF,RG,7125,12,F,BK,PD,D
14:27:47,INDF,RG,7125,40,D,CC,PD,D
14:27:47,INDF,RG,7125,110,D,CC,YU,F
14:27:47,INDF,RG,7125,2,F,ZP,YU,F
14:27:46,INDF,RG,7125,4,F,ZP,YU,F
14:27:46,INDF,RG,7125,31,F,ZP,DX,F
14:27:46,INDF,RG,7125,6,F,ZP,AK,F
14:27:46,INDF,RG,7125,1,F,ZP,ZP,F
14:27:46,INDF,RG,7125,6,F,ZP,DX,F
14:27:44,INDF,RG,7125,7,F,ZP,DX,F
14:27:44,INDF,RG,7125,8,F,ZP,DX,F
14:27:43,INDF,RG,7125,3,F,DX,DX,F
14:27:43,INDF,RG,7125,19,F,DX,DX,F
14:27:42,INDF,RG,7125,3,D,CC,DX,F
14:27:42,INDF,RG,7125,4,D,CC,CS,D
14:27:42,INDF,RG,7125,20,D,CC,DX,F
14:27:42,INDF,RG,7125,60,D,CC,DX,F
14:27:42,INDF,RG,7125,63,D,CC,YU,F
14:27:40,INDF,RG,7125,25,F,ZP,YU,F
14:27:40,INDF,RG,7125,6,D,CC,YU,F
14:27:40,INDF,RG,7125,244,D,CC,BQ,D
14:27:37,INDF,RG,7125,27,F,ZP,BQ,D
14:27:37,INDF,RG,7125,2,F,ZP,BQ,D
14:27:36,INDF,RG,7125,27,D,CC,BQ,D
14:27:36,INDF,RG,7125,13,D,CC,CS,D
14:27:36,INDF,RG,7125,5,D,CC,AK,F
14:27:36,INDF,RG,7125,78,D,CC,AK,F
14:27:36,INDF,RG,7125,33,D,CC,DX,F
14:27:36,INDF,RG,7125,68,D,CC,DX,F
14:27:36,INDF,RG,7125,26,D,CC,DX,D
14:27:34,INDF,RG,7125,39,F,ZP,DX,D
14:27:33,INDF,RG,7125,14,F,CS,DX,D
14:27:33,INDF,RG,7125,21,D,CC,DX,D
14:27:33,INDF,RG,7125,68,D,CC,YU,F
14:27:33,INDF,RG,7125,51,D,CC,BK,F
14:27:33,INDF,RG,7125,186,D,CC,CC,D
14:27:33,INDF,RG,7125,30,D,CC,BQ,D
14:27:33,INDF,RG,7125,44,D,CC,YU,F
14:27:29,INDF,RG,7125,17,F,ZP,YU,F
14:27:28,INDF,RG,7125,85,D,CC,YU,F
14:27:28,INDF,RG,7125,58,D,CC,DX,F
14:27:28,INDF,RG,7125,7,D,CC,YU,F
14:27:25,INDF,RG,7125,18,F,ZP,YU,F
14:27:25,INDF,RG,7125,6,F,ZP,YU,F
14:27:24,INDF,RG,7125,8,D,CC,YU,F
14:27:24,INDF,RG,7125,9,D,CC,DR,D
14:27:24,INDF,RG,7125,133,D,CC,BQ,D
14:27:20,INDF,RG,7125,12,F,BK,BQ,D
14:27:19,INDF,RG,7125,2,F,ZP,BQ,D
14:27:16,INDF,RG,7125,45,F,ZP,BQ,D
14:27:16,INDF,RG,7125,6,F,ZP,BQ,D
14:27:11,INDF,RG,7125,2,F,ZP,BQ,D
14:27:01,INDF,RG,7125,5,F,ZP,YU,F
14:26:55,INDF,RG,7125,2,F,ZP,YU,F
14:26:55,INDF,RG,7100,5,D,GR,DR,D
14:26:55,INDF,RG,7125,16,F,CS,YU,F
14:26:50,INDF,RG,7125,1,F,ZP,YU,F
14:26:50,INDF,RG,7125,7,F,ZP,YU,F
14:26:49,INDF,RG,7125,3,F,ZP,YU,F
14:26:48,INDF,RG,7125,6,F,BK,YU,F
14:26:48,INDF,RG,7125,11,F,BK,DX,F
14:26:46,INDF,RG,7125,47,F,ZP,DX,F
14:26:44,INDF,RG,7100,10,D,GR,XC,D
14:26:35,INDF,RG,7125,7,F,ZP,DX,F
14:26:21,INDF,RG,7125,12,F,ZP,DX,F
14:26:20,INDF,RG,7125,13,F,BK,DX,F
14:26:15,INDF,RG,7125,6,F,ZP,DX,F
14:26:15,INDF,RG,7125,1,F,ZP,ZP,F
14:26:15,INDF,RG,7125,1,F,ZP,CC,D
14:26:15,INDF,RG,7125,3,F,ZP,ZP,F
14:26:15,INDF,RG,7125,2,F,ZP,PD,D
14:26:15,INDF,RG,7125,36,F,ZP,DX,F
14:26:14,INDF,RG,7125,15,F,CS,DX,F
14:25:50,INDF,RG,7125,7,F,BK,DX,F
14:25:50,INDF,RG,7125,1,F,BK,XC,D
14:25:50,INDF,RG,7125,6,F,BK,BB,D
14:25:45,INDF,RG,7125,47,F,ZP,BB,D
14:25:35,INDF,RG,7125,11,D,EP,BB,D
14:25:35,INDF,RG,7125,9,D,EP,PD,D
14:25:35,INDF,RG,7125,5,D,EP,YU,D
14:25:35,INDF,RG,7125,5,D,EP,AK,F
14:25:35,INDF,RG,7125,20,D,EP,BQ,D
14:25:34,INDF,RG,7125,15,F,CS,BQ,D
14:25:25,INDF,RG,7125,13,F,BK,BQ,D
14:25:15,INDF,RG,7125,48,F,ZP,BQ,D
14:25:15,INDF,RG,7125,1,F,AK,BQ,D
14:25:00,INDF,RG,7125,3,F,ZP,BQ,D
14:25:00,INDF,RG,7100,67,D,GR,CC,D
14:25:00,INDF,RG,7100,19,F,ZP,CC,D
14:25:00,INDF,RG,7100,24,F,ZP,CC,D
14:25:00,INDF,RG,7100,50,D,NI,CC,D
14:25:00,INDF,RG,7100,8,F,ZP,CC,D
14:25:00,INDF,RG,7100,20,F,CS,CC,D
14:24:56,INDF,RG,7125,13,F,BK,BQ,D
14:24:55,INDF,RG,7125,15,F,CS,BQ,D
14:24:46,INDF,RG,7125,5,F,ZP,BQ,D
14:24:45,INDF,RG,7125,47,F,ZP,BQ,D
14:24:40,INDF,RG,7100,1,F,DX,PD,D
14:24:28,INDF,RG,7125,13,F,BK,BQ,D
14:24:16,INDF,RG,7125,2,F,ZP,BQ,D
14:24:15,INDF,RG,7125,15,F,CS,BQ,D
14:24:14,INDF,RG,7125,48,F,ZP,BQ,D
14:23:59,INDF,RG,7125,13,F,BK,BQ,D
14:23:46,INDF,RG,7125,9,F,ZP,BQ,D
14:23:44,INDF,RG,7125,50,F,ZP,BQ,D
14:23:33,INDF,RG,7125,15,F,CS,BQ,D
14:23:25,INDF,RG,7125,16,F,BK,BQ,D
14:23:15,INDF,RG,7125,10,F,ZP,BQ,D
14:23:14,INDF,RG,7125,29,F,ZP,BQ,D
14:23:14,INDF,RG,7125,4,F,ZP,AK,F
14:23:14,INDF,RG,7125,4,F,ZP,AK,F
14:23:14,INDF,RG,7125,4,F,ZP,CS,D
14:23:14,INDF,RG,7125,5,F,ZP,KZ,D
14:23:09,INDF,RG,7125,2,D,NI,KZ,D
14:22:55,INDF,RG,7125,15,F,BK,KZ,D
14:22:53,INDF,RG,7125,13,F,CS,KZ,D
14:22:50,INDF,RG,7125,3,D,LG,KZ,D
14:22:50,INDF,RG,7125,1,D,LG,RX,F
14:22:46,INDF,RG,7125,11,F,ZP,RX,F
14:22:45,INDF,RG,7125,1,F,AK,RX,F
14:22:43,INDF,RG,7125,50,F,ZP,RX,F
14:22:40,INDF,RG,7125,21,F,CS,RX,F
14:22:20,INDF,RG,7125,11,F,CS,RX,F
14:22:19,INDF,RG,7125,17,F,BK,RX,F
14:22:16,INDF,RG,7125,7,F,ZP,RX,F
14:22:13,INDF,RG,7125,47,F,ZP,RX,F
14:22:11,INDF,RG,7100,14,F,DX,SH,D
14:22:11,INDF,RG,7100,6,D,YP,SH,D
14:22:06,INDF,RG,7125,7,F,ZP,RX,F
14:21:53,INDF,RG,7125,10,D,PD,RX,F
14:21:50,INDF,RG,7125,12,F,CS,RX,F
14:21:47,INDF,RG,7125,14,F,BK,RX,F
14:21:46,INDF,RG,7125,7,F,ZP,RX,F
14:21:43,INDF,RG,7125,46,F,ZP,RX,F
14:21:31,INDF,RG,7125,10,F,ZP,RX,F
14:21:30,INDF,RG,7125,8,F,ZP,RX,F
14:21:30,INDF,RG,7125,29,F,ZP,RX,F
14:21:29,INDF,RG,7125,1,F,ZP,RX,F
14:21:29,INDF,RG,7125,6,F,AK,RX,F
14:21:29,INDF,RG,7125,61,F,AK,RX,F
14:21:29,INDF,RG,7125,21,D,BQ,RX,F
14:21:29,INDF,RG,7125,105,D,BQ,DX,F
14:21:29,INDF,RG,7125,13,D,BQ,PD,D
14:21:29,INDF,RG,7125,10,D,BQ,PD,D
14:21:29,INDF,RG,7125,65,D,BQ,PD,D
14:21:29,INDF,RG,7125,86,D,BQ,AK,F
14:21:23,INDF,RG,7125,21,F,DX,AK,F
14:21:23,INDF,RG,7125,9,F,DX,PD,D
14:21:20,INDF,RG,7125,4,F,ZP,PD,D
14:21:20,INDF,RG,7125,5,F,ZP,PD,D
14:21:19,INDF,RG,7125,5,F,BK,PD,D
14:21:19,INDF,RG,7125,8,F,BK,PD,D
14:21:18,INDF,RG,7125,57,D,PD,PD,D
14:21:18,INDF,RG,7125,7,D,PD,CS,D
14:21:18,INDF,RG,7125,6,D,PD,DR,D
14:21:18,INDF,RG,7125,3,F,CS,DR,D
14:21:18,INDF,RG,7125,8,F,CS,DX,F
14:21:16,INDF,RG,7125,7,F,ZP,DX,F
14:21:13,INDF,RG,7125,34,F,ZP,DX,F
14:21:13,INDF,RG,7125,7,F,ZP,XL,D
14:21:13,INDF,RG,7125,7,F,ZP,CC,F
14:20:51,INDF,RG,7125,12,F,BK,CC,F
14:20:49,INDF,RG,7125,12,F,CS,CC,F
14:20:42,INDF,RG,7125,38,F,ZP,CC,F
14:20:42,INDF,RG,7125,9,F,ZP,XC,D
14:20:28,INDF,RG,7125,5,D,XL,YU,F
14:20:19,INDF,RG,7125,15,F,BK,YU,F
14:20:17,INDF,RG,7125,16,F,CS,YU,F
14:20:12,INDF,RG,7125,47,F,ZP,YU,F
14:20:00,INDF,RG,7125,1,F,AK,YU,F
14:19:42,INDF,RG,7125,42,F,ZP,YU,F
14:19:42,INDF,RG,7125,4,F,ZP,DX,F
14:19:34,INDF,RG,7125,15,F,CS,DX,F
14:19:12,INDF,RG,7125,21,F,DX,DX,F
14:19:11,INDF,RG,7125,49,F,ZP,DX,F
14:19:00,INDF,RG,7125,17,F,ZP,CS,F
14:18:59,INDF,RG,7125,1,F,ZP,CS,F
14:18:59,INDF,RG,7125,69,D,CC,CS,F
14:18:59,INDF,RG,7125,3,D,CC,ZP,F
14:18:59,INDF,RG,7125,30,D,CC,BQ,D
14:18:59,INDF,RG,7125,48,D,CC,BQ,D
14:18:57,INDF,RG,7125,11,F,ZP,BQ,D
14:18:57,INDF,RG,7125,3,F,ZP,BQ,D
14:18:56,INDF,RG,7125,3,D,XL,BQ,D
14:18:56,INDF,RG,7125,4,F,ZP,BQ,D
14:18:55,INDF,RG,7125,4,F,ZP,BQ,D
14:18:55,INDF,RG,7125,127,D,CC,BQ,D
14:18:55,INDF,RG,7125,12,D,CC,CS,D
14:18:55,INDF,RG,7125,11,D,CC,DX,F
14:18:55,INDF,RG,7125,28,F,CS,DX,F
14:18:55,INDF,RG,7125,3,F,ZP,DX,F
14:18:54,INDF,RG,7125,16,F,CS,DX,F
14:18:53,INDF,RG,7125,3,F,ZP,DX,F
14:18:53,INDF,RG,7125,25,F,ZP,BB,D
14:18:53,INDF,RG,7125,14,F,ZP,BB,D
14:18:52,INDF,RG,7125,2,F,ZP,BB,D
14:18:51,INDF,RG,7125,19,D,CC,BB,D
14:18:51,INDF,RG,7125,241,D,CC,YU,F
14:18:51,INDF,RG,7125,4,D,CC,XC,D
14:18:51,INDF,RG,7125,17,D,CC,YU,D
14:18:51,INDF,RG,7125,119,D,CC,YU,F
14:18:46,INDF,RG,7125,18,F,ZP,YU,F
14:18:45,INDF,RG,7125,1,F,ZP,YU,F
14:18:41,INDF,RG,7125,46,F,ZP,YU,F
14:18:19,INDF,RG,7125,13,F,ZP,YU,F
14:18:18,INDF,RG,7125,4,F,ZP,YU,F
14:18:18,INDF,RG,7125,43,D,CC,YU,F
14:18:18,INDF,RG,7125,6,D,CC,AK,F
14:18:18,INDF,RG,7125,5,D,CC,AK,F
14:18:18,INDF,RG,7125,5,D,CC,AK,F
14:18:18,INDF,RG,7125,3,D,CC,YP,D
14:18:18,INDF,RG,7125,2,D,CC,EP,D
14:18:18,INDF,RG,7125,15,D,CC,YP,D
14:18:18,INDF,RG,7125,1,D,CC,YP,D
14:18:18,INDF,RG,7125,20,D,CC,DX,F
14:18:12,INDF,RG,7125,5,F,ZP,DX,F
14:18:12,INDF,RG,7125,15,F,CS,DX,F
14:18:12,INDF,RG,7125,1,F,ZP,DX,F
14:18:12,INDF,RG,7125,8,F,ZP,CS,D
14:18:11,INDF,RG,7125,5,F,ZP,CS,D
14:18:11,INDF,RG,7125,41,F,ZP,DX,F
14:18:11,INDF,RG,7125,4,F,ZP,DX,F
14:17:56,INDF,RG,7125,3,F,ZP,DX,F
14:17:51,INDF,RG,7125,5,F,ZP,DX,F
14:17:46,INDF,RG,7125,9,F,ZP,DX,F
14:17:40,INDF,RG,7125,45,F,ZP,DX,F
14:17:36,INDF,RG,7125,6,F,ZP,DX,F
14:17:36,INDF,RG,7125,1,F,ZP,AZ,D
14:17:32,INDF,RG,7125,9,F,CS,AZ,D
14:17:32,INDF,RG,7125,6,F,CS,YU,F
14:17:31,INDF,RG,7125,20,F,ZP,YU,F
14:17:15,INDF,RG,7125,1,F,AK,YU,F
14:17:10,INDF,RG,7125,49,F,ZP,YU,F
14:17:05,INDF,RG,7100,1,D,YP,PD,D
14:16:53,INDF,RG,7125,12,F,CS,YU,F
14:16:40,INDF,RG,7125,48,F,ZP,YU,F
14:16:22,INDF,RG,7125,8,F,ZP,YU,F
14:16:21,INDF,RG,7125,47,F,ZP,YU,F
14:16:21,INDF,RG,7125,8,F,ZP,RX,F
14:16:21,INDF,RG,7125,12,F,CS,RX,F
14:16:21,INDF,RG,7125,346,D,BQ,RX,F
14:16:21,INDF,RG,7125,36,D,BQ,DX,F
14:16:21,INDF,RG,7125,100,D,BQ,AK,F
14:16:21,INDF,RG,7125,18,D,BQ,YU,F
14:16:09,INDF,RG,7125,48,F,ZP,YU,F
14:16:03,INDF,RG,7100,13,D,YP,AZ,D
14:16:03,INDF,RG,7100,1,D,NI,AZ,D
14:16:03,INDF,RG,7100,1,F,CS,AZ,D
14:16:00,INDF,RG,7125,1,D,PD,YU,F
14:15:50,INDF,RG,7125,7,F,ZP,YU,F
14:15:50,INDF,RG,7125,15,F,CS,YU,F
14:15:39,INDF,RG,7125,47,F,ZP,YU,F
14:15:09,INDF,RG,7125,49,F,ZP,YU,F
14:15:09,INDF,RG,7125,15,F,CS,YU,F
14:15:00,INDF,RG,7100,16,F,CS,YU,D
14:14:39,INDF,RG,7125,43,F,ZP,YU,F
14:14:39,INDF,RG,7125,2,F,ZP,YU,F
14:14:30,INDF,RG,7125,11,F,CS,YU,F
14:14:28,INDF,RG,7100,1,F,CS,CC,D
14:14:08,INDF,RG,7125,48,F,ZP,YU,F
14:14:01,INDF,RG,7125,28,D,BQ,YU,F
14:14:01,INDF,RG,7125,7,D,BQ,ZP,F
14:14:01,INDF,RG,7125,35,D,BQ,YU,F
14:14:01,INDF,RG,7125,33,D,BQ,DX,F
14:14:01,INDF,RG,7125,1,D,BQ,PD,D
14:14:01,INDF,RG,7125,96,D,BQ,CD,D
14:13:58,INDF,RG,7125,15,F,CS,CD,D
14:13:47,INDF,RG,7125,89,D,BQ,CD,D
14:13:47,INDF,RG,7125,81,D,BQ,DX,F
14:13:47,INDF,RG,7125,1,D,BQ,XC,D
14:13:47,INDF,RG,7125,1,D,BQ,DH,D
14:13:47,INDF,RG,7125,28,D,BQ,DX,F
14:13:38,INDF,RG,7125,6,F,ZP,DX,F
14:13:38,INDF,RG,7125,1,F,ZP,ZP,F
14:13:38,INDF,RG,7125,5,F,ZP,ZP,F
14:13:38,INDF,RG,7125,34,F,ZP,PD,D
14:13:28,INDF,RG,7100,5,F,CS,PD,D
14:13:24,INDF,RG,7125,166,D,CC,PD,D
14:13:24,INDF,RG,7125,4,D,CC,CS,D
14:13:24,INDF,RG,7125,30,D,CC,DX,F
14:13:21,INDF,RG,7125,1,F,AK,DX,F
14:13:21,INDF,RG,7125,5,F,AK,DX,F
14:13:21,INDF,RG,7125,19,F,AK,DX,F
14:13:21,INDF,RG,7125,20,F,AK,DX,F
14:13:21,INDF,RG,7125,30,F,AK,BQ,D
14:13:21,INDF,RG,7125,2,F,AK,YU,F
14:13:21,INDF,RG,7125,190,D,CC,YU,F
14:13:21,INDF,RG,7125,10,D,CC,BQ,D
14:13:18,INDF,RG,7125,28,F,CS,BQ,D
14:13:18,INDF,RG,7125,15,F,CS,BQ,D
14:13:18,INDF,RG,7125,147,D,CC,BQ,D
14:13:18,INDF,RG,7125,76,D,CC,BB,D
14:13:18,INDF,RG,7125,13,D,CC,PD,D
14:13:18,INDF,RG,7125,9,D,CC,PD,D
14:13:18,INDF,RG,7125,5,D,CC,PD,D
14:13:08,INDF,RG,7125,48,F,ZP,PD,D
14:12:42,INDF,RG,7125,13,D,CC,PD,D
14:12:42,INDF,RG,7125,3,D,CC,AK,F
14:12:42,INDF,RG,7125,3,D,CC,AK,F
14:12:42,INDF,RG,7125,81,D,CC,YU,F
14:12:39,INDF,RG,7125,20,F,CS,YU,F
14:12:38,INDF,RG,7125,100,D,CC,YU,F
14:12:37,INDF,RG,7125,1,F,ZP,YU,F
14:12:37,INDF,RG,7125,4,F,ZP,AK,F
14:12:37,INDF,RG,7125,25,F,ZP,AZ,D
14:12:37,INDF,RG,7125,11,F,ZP,CS,D
14:12:37,INDF,RG,7125,2,F,ZP,SQ,D
14:12:37,INDF,RG,7125,6,F,ZP,CC,D
14:12:30,INDF,RG,7125,1,F,AK,CC,D
14:12:21,INDF,RG,7100,2,F,CS,DR,D
14:12:14,INDF,RG,7125,8,F,ZP,CC,D
14:12:14,INDF,RG,7125,31,F,ZP,KZ,D
14:12:14,INDF,RG,7125,7,F,ZP,BQ,D
14:12:07,INDF,RG,7125,46,F,ZP,BQ,D
14:11:47,INDF,RG,7125,19,F,CS,BQ,D
14:11:06,INDF,RG,7125,50,F,ZP,BQ,D
14:10:57,INDF,RG,7125,19,F,CS,BQ,D
14:10:47,INDF,RG,7125,47,F,ZP,BQ,D
14:10:36,INDF,RG,7125,47,F,ZP,BQ,D
14:10:17,INDF,RG,7100,10,F,CS,ZP,F
14:10:14,INDF,RG,7100,43,F,CS,KZ,D
14:10:06,INDF,RG,7125,19,F,CS,BQ,D
14:10:06,INDF,RG,7125,48,F,ZP,BQ,D
14:09:55,INDF,RG,7125,2,D,NI,BQ,D
14:09:23,INDF,RG,7125,9,F,DX,BQ,D
14:09:18,INDF,RG,7125,8,F,DX,BQ,D
14:09:14,INDF,RG,7125,20,F,CS,BQ,D
14:09:12,INDF,RG,7125,9,F,DX,BQ,D
14:09:07,INDF,RG,7125,9,F,DX,BQ,D
14:09:05,INDF,RG,7125,49,F,ZP,BQ,D
14:09:03,INDF,RG,7125,13,F,DX,BQ,D
14:08:56,INDF,RG,7125,10,F,DX,BQ,D
14:08:49,INDF,RG,7125,12,F,DX,BQ,D
14:08:48,INDF,RG,7100,3,F,CS,DR,D
14:08:43,INDF,RG,7100,4,F,CS,PD,D
14:08:42,INDF,RG,7125,8,F,DX,BQ,D
14:08:37,INDF,RG,7125,48,F,ZP,BQ,D
14:08:37,INDF,RG,7125,1,F,DX,BQ,D
14:08:37,INDF,RG,7125,8,F,DX,DR,D
14:08:37,INDF,RG,7125,36,F,DX,DX,F
14:08:37,INDF,RG,7125,1,F,DX,YP,D
14:08:37,INDF,RG,7125,139,F,DX,YU,F
14:08:37,INDF,RG,7125,50,F,DX,DX,F
14:08:35,INDF,RG,7125,33,F,ZP,DX,F
14:08:35,INDF,RG,7125,12,F,ZP,YU,F
14:08:22,INDF,RG,7125,19,F,CS,YU,F
14:08:19,INDF,RG,7125,9,F,DX,YU,F
14:08:16,INDF,RG,7125,11,F,DX,YU,F
14:08:15,INDF,RG,7125,42,D,CC,YU,F
14:08:15,INDF,RG,7125,40,D,CC,AK,F
14:08:15,INDF,RG,7125,50,D,CC,AZ,D
14:08:15,INDF,RG,7125,18,D,CC,DX,F
14:08:07,INDF,RG,7125,8,F,DX,DX,F
14:08:05,INDF,RG,7125,11,F,DX,DX,F
14:08:05,INDF,RG,7125,19,F,ZP,DX,F
14:08:05,INDF,RG,7125,29,F,ZP,YU,F
14:08:04,INDF,RG,7125,27,D,CC,YU,F
14:08:04,INDF,RG,7125,1,D,CC,ZP,F
14:08:04,INDF,RG,7125,193,D,CC,CC,D
14:08:04,INDF,RG,7125,29,D,CC,DX,F
14:07:58,INDF,RG,7125,6,D,CC,DX,F
14:07:58,INDF,RG,7125,62,D,CC,DX,F
14:07:58,INDF,RG,7125,2,D,CC,YP,D
14:07:58,INDF,RG,7125,17,D,CC,YU,D
14:07:58,INDF,RG,7125,213,D,CC,RX,F
14:07:54,INDF,RG,7125,1,D,XC,RX,F
14:07:50,INDF,RG,7125,2,D,AT,RX,F
14:07:34,INDF,RG,7125,50,F,ZP,RX,F
14:07:31,INDF,RG,7125,7,F,CS,RX,F
14:07:31,INDF,RG,7125,16,F,CS,DX,F
14:07:30,INDF,RG,7100,1,F,CS,PD,D
14:07:04,INDF,RG,7125,8,F,ZP,DX,F
14:07:04,INDF,RG,7125,40,F,ZP,YU,F
14:06:35,INDF,RG,7100,10,F,CS,HP,D
14:06:29,INDF,RG,7125,21,F,CS,YU,F
14:06:03,INDF,RG,7125,35,F,ZP,YU,F
14:06:03,INDF,RG,7125,14,F,ZP,DX,F
14:05:36,INDF,RG,7125,23,F,CS,DX,F
14:05:33,INDF,RG,7125,16,F,ZP,DX,F
14:05:33,INDF,RG,7125,1,F,ZP,CS,D
14:05:33,INDF,RG,7125,6,F,ZP,XC,D
14:05:33,INDF,RG,7125,20,F,ZP,YU,F
14:05:33,INDF,RG,7125,5,F,ZP,PD,D
14:05:20,INDF,RG,7125,20,F,ZP,PD,D
14:05:20,INDF,RG,7125,19,F,ZP,PD,D
14:05:20,INDF,RG,7125,9,F,ZP,PD,D
14:05:03,INDF,RG,7125,46,F,ZP,PD,D
14:04:57,INDF,RG,7100,25,F,CS,AZ,D
14:04:57,INDF,RG,7100,1,F,AK,AZ,D
14:04:57,INDF,RG,7100,4,F,DX,AZ,D
14:04:33,INDF,RG,7125,22,F,CS,PD,D
14:04:33,INDF,RG,7125,49,F,ZP,PD,D
14:03:59,INDF,RG,7125,1,D,XC,PD,D
14:03:35,INDF,RG,7125,5,F,CS,PD,D
14:03:35,INDF,RG,7125,15,F,CS,YP,D
14:03:34,INDF,RG,7125,85,D,CC,YP,D
14:03:34,INDF,RG,7125,3,D,CC,AK,F
14:03:34,INDF,RG,7125,31,D,CC,KZ,D
14:03:34,INDF,RG,7125,17,D,CC,YU,F
14:03:34,INDF,RG,7125,18,D,CC,DR,D
14:03:34,INDF,RG,7125,8,D,CC,CS,D
14:03:34,INDF,RG,7125,62,D,CC,DX,F
14:03:34,INDF,RG,7125,14,D,CC,YU,F
14:03:34,INDF,RG,7125,3,D,CC,BB,D
14:03:34,INDF,RG,7125,3,D,CC,AK,F
14:03:34,INDF,RG,7125,256,D,CC,RX,F
14:03:32,INDF,RG,7125,49,F,ZP,RX,F
14:03:30,INDF,RG,7125,33,D,CC,RX,F
14:03:30,INDF,RG,7125,7,D,CC,CS,D
14:03:30,INDF,RG,7125,3,D,CC,ZP,F
14:03:30,INDF,RG,7125,64,D,CC,CC,F
14:03:30,INDF,RG,7125,3,D,CC,AK,F
14:03:30,INDF,RG,7125,40,D,CC,DX,F
14:03:30,INDF,RG,7100,6,F,DX,AK,F
14:03:29,INDF,RG,7125,3,F,ZP,DX,F
14:03:29,INDF,RG,7125,40,F,ZP,DX,F
14:03:29,INDF,RG,7125,4,F,ZP,KI,D
14:03:19,INDF,RG,7125,16,F,ZP,KI,D
14:03:19,INDF,RG,7125,1,F,ZP,PD,D
14:03:19,INDF,RG,7125,30,F,ZP,NI,D
14:03:18,INDF,RG,7125,10,D,ZP,NI,D
14:03:18,INDF,RG,7125,3,D,ZP,CS,F
14:03:14,INDF,RG,7125,27,D,XC,CS,F
14:02:58,INDF,RG,7100,6,F,DX,DX,F
14:02:58,INDF,RG,7100,1,D,YP,DX,F
14:02:58,INDF,RG,7100,2,D,XC,DX,F
14:02:58,INDF,RG,7100,3,F,DX,DX,F
14:02:47,INDF,RG,7100,10,F,DX,CS,D
14:02:47,INDF,RG,7100,1,D,XC,CS,D
14:02:47,INDF,RG,7100,3,F,CS,CS,D
14:02:42,INDF,RG,7125,26,F,CS,CS,F
14:02:27,INDF,RG,7100,16,F,CS,BB,D
14:02:27,INDF,RG,7100,22,F,DX,BB,D
14:02:26,INDF,RG,7100,2,F,DX,DX,F
14:02:26,INDF,RG,7100,6,D,KK,DX,F
14:02:14,INDF,RG,7125,48,F,ZP,CS,F
14:02:14,INDF,RG,7125,18,D,NI,CS,F
14:02:14,INDF,RG,7125,12,D,NI,AZ,D
14:01:58,INDF,RG,7100,2,D,KK,PD,D
14:01:45,INDF,RG,7125,1,F,AK,AZ,D
14:01:33,INDF,RG,7125,12,F,ZP,AZ,D
14:01:33,INDF,RG,7125,37,F,ZP,BQ,D
14:01:33,INDF,RG,7125,26,F,CS,BQ,D
14:01:20,INDF,RG,7100,13,D,KK,DX,F
14:01:00,INDF,RG,7125,48,F,ZP,BQ,D
14:00:25,INDF,RG,7100,8,D,KK,DX,F
14:00:04,INDF,RG,7125,10,D,PD,BQ,D
14:00:03,INDF,RG,7100,3,D,KK,YB,D
14:00:00,INDF,RG,7125,200,D,CC,BQ,D
13:59:56,INDF,RG,7125,179,D,CC,BQ,D
13:59:56,INDF,RG,7125,20,D,CC,BQ,D
13:59:56,INDF,RG,7125,1,D,CC,BQ,D
13:59:51,INDF,RG,7100,10,D,KK,DX,F
13:59:51,INDF,RG,7100,6,D,KK,AK,F
13:59:36,INDF,RG,7100,2,D,KK,BQ,D
13:59:36,INDF,RG,7100,10,D,CC,BQ,D
13:59:36,INDF,RG,7100,10,D,YP,BQ,D
13:59:36,INDF,RG,7100,12,F,DX,BQ,D
13:59:36,INDF,RG,7100,31,F,DX,BQ,D
13:59:36,INDF,RG,7100,5,D,DH,BQ,D
13:59:36,INDF,RG,7100,15,D,PD,BQ,D
13:59:36,INDF,RG,7100,8,D,SQ,BQ,D
13:59:36,INDF,RG,7100,28,F,CS,BQ,D
13:59:36,INDF,RG,7100,1,D,NI,BQ,D
13:59:36,INDF,RG,7100,1,D,SQ,BQ,D
13:59:36,INDF,RG,7100,10,D,YP,BQ,D
13:59:36,INDF,RG,7100,11,F,DX,BQ,D
13:59:36,INDF,RG,7100,1,D,YP,BQ,D
13:59:36,INDF,RG,7100,16,F,CS,BQ,D
13:59:36,INDF,RG,7100,30,F,DX,BQ,D
13:59:36,INDF,RG,7100,9,D,NI,BQ,D
13:59:11,INDF,RG,7125,150,D,CC,BQ,D
13:59:09,INDF,RG,7125,27,F,CS,BQ,D
13:59:00,INDF,RG,7100,161,D,NI,CC,D
13:59:00,INDF,RG,7100,25,D,XA,CC,D
13:59:00,INDF,RG,7100,9,D,CP,CC,D
13:58:52,INDF,RG,7100,1,D,CP,RX,F
13:58:52,INDF,RG,7100,8,F,DX,RX,F
13:58:52,INDF,RG,7100,3,D,CP,RX,F
13:58:19,INDF,RG,7100,3,D,CP,PD,D
13:58:16,INDF,RG,7100,2,D,CP,RX,F
13:58:16,INDF,RG,7100,30,F,DX,RX,F
13:58:16,INDF,RG,7100,16,D,BQ,RX,F
13:58:07,INDF,RG,7100,13,D,BQ,PD,D
13:58:07,INDF,RG,7100,9,D,BQ,PD,D
13:58:07,INDF,RG,7100,66,D,BQ,PD,D
13:58:02,INDF,RG,7100,13,D,BQ,PD,D
13:58:02,INDF,RG,7100,9,D,BQ,PD,D
13:58:02,INDF,RG,7100,66,D,BQ,PD,D
13:57:59,INDF,RG,7100,8,D,BQ,PD,D
13:57:59,INDF,RG,7100,5,F,DX,PD,D
13:57:59,INDF,RG,7100,4,F,DX,PD,D
13:57:59,INDF,RG,7100,5,F,DX,PD,D
13:57:59,INDF,RG,7100,30,F,DX,PD,D
13:57:59,INDF,RG,7100,16,F,CS,PD,D
13:57:59,INDF,RG,7100,20,D,BQ,PD,D
13:57:57,INDF,RG,7100,2,D,BQ,GR,D
13:57:48,INDF,RG,7100,13,D,BQ,CS,D
13:57:19,INDF,RG,7100,12,D,BQ,DX,F
13:57:17,INDF,RG,7125,1,D,XL,BQ,D
13:57:15,INDF,RG,7125,21,F,CS,BQ,D
13:57:15,INDF,RG,7125,5,F,CS,KZ,D
13:56:50,INDF,RG,7125,1,D,EP,KZ,D
13:56:50,INDF,RG,7125,6,D,EP,YU,F
13:56:44,INDF,RG,7100,14,D,BQ,DX,F
13:56:16,INDF,RG,7125,31,D,CP,YU,F
13:56:16,INDF,RG,7125,19,D,CP,XC,D
13:56:16,INDF,RG,7125,1,D,CP,XC,D
13:56:16,INDF,RG,7125,1,D,CP,EP,D
13:56:16,INDF,RG,7125,42,D,CP,YP,D
13:56:16,INDF,RG,7125,3,D,CP,YP,D
13:56:07,INDF,RG,7125,15,F,CS,YP,D
13:56:07,INDF,RG,7125,1,F,CS,AZ,D
13:56:07,INDF,RG,7125,2,F,CS,OD,D
13:56:07,INDF,RG,7125,1,F,CS,PD,D
13:56:07,INDF,RG,7125,10,F,CS,PD,D
13:55:41,INDF,RG,7100,13,D,BQ,RX,F
13:55:36,INDF,RG,7100,12,D,BQ,DX,F
13:55:29,INDF,RG,7100,20,D,BQ,BB,D
13:55:24,INDF,RG,7100,18,D,BQ,YP,D
13:55:20,INDF,RG,7100,1,D,BQ,PD,D
13:55:02,INDF,RG,7100,11,D,BQ,RX,F
13:54:47,INDF,RG,7125,20,F,CS,PD,D
13:54:47,INDF,RG,7125,4,F,CS,YP,D
13:54:47,INDF,RG,7125,1,F,CS,PD,D
13:54:47,INDF,RG,7125,3,F,CS,PD,D
13:54:47,INDF,RG,7125,3,F,CS,SQ,D
13:54:42,INDF,RG,7100,12,D,BQ,RX,F
13:54:24,INDF,RG,7100,24,D,BQ,KZ,D
13:54:22,INDF,RG,7100,128,D,BQ,RX,F
13:54:22,INDF,RG,7100,1,F,AK,RX,F
13:54:22,INDF,RG,7100,19,F,DX,RX,F
13:54:16,INDF,RG,7100,23,F,DX,BQ,D
13:54:16,INDF,RG,7100,78,D,NI,BQ,D
13:54:01,INDF,RG,7100,20,D,NI,BQ,D
13:54:00,INDF,RG,7100,17,D,NI,YU,D
13:53:42,INDF,RG,7100,11,D,NI,RX,F
13:53:33,INDF,RG,7100,129,D,NI,BQ,D
13:53:33,INDF,RG,7100,35,D,CC,BQ,D
13:53:27,INDF,RG,7125,7,F,CS,SQ,D
13:53:27,INDF,RG,7125,8,F,CS,YU,D
13:53:27,INDF,RG,7125,15,F,CS,YU,D
13:53:20,INDF,RG,7100,12,D,CC,RX,F
13:53:18,INDF,RG,7100,9,D,CC,DR,D
13:53:14,INDF,RG,7100,1,D,CC,XC,D
13:53:01,INDF,RG,7100,11,D,CC,CS,D
13:53:01,INDF,RG,7100,15,D,CC,AZ,D
13:52:58,INDF,RG,7100,17,D,CC,RX,F
13:52:58,INDF,RG,7100,1,F,DX,RX,F
13:52:56,INDF,RG,7100,15,F,DX,AZ,D
13:52:51,INDF,RG,7100,7,F,DX,AZ,D
13:52:51,INDF,RG,7100,3,D,CC,AZ,D
13:52:23,INDF,RG,7100,12,D,CC,RX,F
13:52:16,INDF,RG,7100,1,D,CC,YB,D
13:52:07,INDF,RG,7125,30,F,CS,YU,D
13:52:00,INDF,RG,7100,128,D,CC,RX,F
13:51:45,INDF,RG,7125,1,F,AK,YU,D
13:51:39,INDF,RG,7100,6,D,CC,RX,F
13:51:39,INDF,RG,7100,2,D,XC,RX,F
13:51:39,INDF,RG,7100,2,D,PD,RX,F
13:51:39,INDF,RG,7100,10,F,CS,RX,F
13:50:45,INDF,RG,7125,28,F,CS,YU,D
13:50:14,INDF,RG,7125,1,D,XL,YU,D
13:49:55,INDF,RG,7125,1,D,YP,YU,D
13:49:53,INDF,RG,7125,1,D,PD,YU,D
13:49:32,INDF,RG,7125,31,F,CS,YU,D
13:49:32,INDF,RG,7125,52,D,CC,YU,D
13:49:32,INDF,RG,7125,48,D,CC,AZ,D
13:49:28,INDF,RG,7125,2,D,CC,AZ,D
13:49:28,INDF,RG,7125,1,D,CC,NI,D
13:49:28,INDF,RG,7125,10,D,CC,CC,D
13:49:28,INDF,RG,7125,10,D,CC,BQ,D
13:49:28,INDF,RG,7125,100,D,CC,BQ,D
13:49:28,INDF,RG,7125,1,D,CC,XC,D
13:49:28,INDF,RG,7125,1,D,CC,XC,D
13:49:28,INDF,RG,7125,25,D,CC,PD,D
13:49:15,INDF,RG,7100,4,F,CS,PD,D
13:48:33,INDF,RG,7125,2,D,YP,PD,D
13:48:10,INDF,RG,7125,28,F,CS,PD,D
13:48:10,INDF,RG,7125,2,F,CS,PD,D
13:46:50,INDF,RG,7125,11,F,CS,PD,D
13:46:50,INDF,RG,7125,9,F,CS,PD,D
13:46:50,INDF,RG,7125,10,F,CS,PD,D
13:45:32,INDF,RG,7100,6,F,CS,YP,D
13:45:32,INDF,RG,7100,2,F,DX,YP,D
13:45:28,INDF,RG,7125,33,F,CS,PD,D
13:44:56,INDF,RG,7100,1,F,DX,KK,D
13:44:53,INDF,RG,7125,10,D,PD,PD,D
13:44:39,INDF,RG,7100,3,F,DX,AG,D
13:44:17,INDF,RG,7100,8,F,DX,PD,D
13:44:17,INDF,RG,7100,15,F,DX,PD,D
13:44:17,INDF,RG,7100,57,D,SQ,PD,D
13:44:17,INDF,RG,7100,25,D,PD,PD,D
13:44:17,INDF,RG,7100,4,F,CS,PD,D
13:44:17,INDF,RG,7100,20,D,YP,PD,D
13:44:17,INDF,RG,7100,21,D,PD,PD,D
13:43:51,INDF,RG,7125,13,F,CS,PD,D
13:43:51,INDF,RG,7125,12,F,CS,PD,D
13:43:51,INDF,RG,7125,7,F,CS,PD,D
13:42:50,INDF,RG,7100,1,D,PD,DR,D
13:42:34,INDF,RG,7100,3,D,PD,NI,D
13:42:19,INDF,RG,7100,1,F,CS,CC,D
13:42:13,INDF,RG,7100,1,D,XL,DH,D
13:41:57,INDF,RG,7100,1,D,XC,BQ,D
13:41:57,INDF,RG,7100,15,F,DX,BQ,D
13:41:57,INDF,RG,7100,12,F,DX,BQ,D
13:41:57,INDF,RG,7100,8,F,CS,BQ,D
13:41:49,INDF,RG,7100,6,F,CS,CD,D
13:41:49,INDF,RG,7100,44,D,PD,CD,D
13:41:28,INDF,RG,7125,2,D,PD,PD,D
13:41:09,INDF,RG,7100,1,D,PD,ZP,F
13:41:09,INDF,RG,7100,5,D,YB,CS,D
13:41:09,INDF,RG,7100,5,D,YB,CD,D
13:41:07,INDF,RG,7100,10,D,CP,CD,D
13:41:07,INDF,RG,7100,2,D,YB,CD,D
13:41:07,INDF,RG,7100,6,F,CS,CD,D
13:41:07,INDF,RG,7100,17,F,CS,CD,D
13:41:07,INDF,RG,7100,78,F,DX,CD,D
13:41:07,INDF,RG,7100,1,D,YB,CD,D
13:41:07,INDF,RG,7100,21,F,CS,CD,D
13:41:07,INDF,RG,7100,10,F,DX,CD,D
13:41:07,INDF,RG,7100,11,F,DX,CD,D
13:41:07,INDF,RG,7100,5,F,CS,CD,D
13:41:07,INDF,RG,7100,17,F,CS,CD,D
13:41:07,INDF,RG,7100,67,D,CC,CD,D
13:40:23,INDF,RG,7100,1,D,CC,DR,D
13:39:55,INDF,RG,7100,12,D,CC,XC,D
13:39:54,INDF,RG,7100,18,D,CC,BB,D
13:39:54,INDF,RG,7100,13,D,CC,PD,D
13:39:54,INDF,RG,7100,9,D,CC,PD,D
13:39:54,INDF,RG,7100,30,D,CC,PD,D
13:39:54,INDF,RG,7100,2,D,AI,PD,D
13:39:54,INDF,RG,7100,34,F,DX,PD,D
13:39:54,INDF,RG,7100,3,F,DX,PD,D
13:39:52,INDF,RG,7100,2,F,CS,PD,D
13:39:52,INDF,RG,7100,8,F,DX,PD,D
13:39:52,INDF,RG,7100,9,F,DX,PD,D
13:39:52,INDF,RG,7100,60,F,DX,PD,D
13:39:50,INDF,RG,7100,6,D,CC,PD,D
13:39:50,INDF,RG,7100,194,D,CC,CC,D
13:39:48,INDF,RG,7100,4,F,CS,CC,D
13:39:47,INDF,RG,7100,7,D,CC,CC,D
13:39:47,INDF,RG,7100,27,D,CC,KZ,D
13:39:47,INDF,RG,7100,1,D,CC,YP,D
13:39:47,INDF,RG,7100,1,D,CC,ZP,F
13:39:47,INDF,RG,7100,20,D,CC,DX,F
13:39:47,INDF,RG,7100,69,D,CC,DX,F
13:39:47,INDF,RG,7100,25,D,CC,BB,D
13:39:37,INDF,RG,7100,4,F,CS,BB,D
13:39:37,INDF,RG,7100,4,F,CS,AK,F
13:39:15,INDF,RG,7100,7,F,CS,BQ,D
13:39:00,INDF,RG,7100,1,D,YB,BQ,D
13:38:57,INDF,RG,7100,4,F,CS,BQ,D
13:38:56,INDF,RG,7100,10,D,YP,BQ,D
13:38:53,INDF,RG,7100,42,D,NI,BQ,D
13:38:46,INDF,RG,7100,8,F,CS,BQ,D
13:38:46,INDF,RG,7075,3,F,DX,PD,D
13:38:36,INDF,RG,7100,5,D,SQ,BQ,D
13:38:25,INDF,RG,7100,3,F,CS,BQ,D
13:38:25,INDF,RG,7100,150,D,NI,BQ,D
13:38:17,INDF,RG,7100,5,D,LH,BQ,D
13:38:15,INDF,RG,7100,6,F,CS,BQ,D
13:38:15,INDF,RG,7100,5,D,SQ,BQ,D
13:38:04,INDF,RG,7100,25,D,YP,BQ,D
13:37:19,INDF,RG,7100,1,D,XC,BQ,D
13:37:15,INDF,RG,7100,28,D,ZP,BQ,D
13:37:15,INDF,RG,7100,8,D,ZP,CS,D
13:37:15,INDF,RG,7100,10,D,ZP,DX,F
13:37:15,INDF,RG,7100,20,D,ZP,BQ,D
13:37:15,INDF,RG,7100,36,D,ZP,BB,D
13:37:15,INDF,RG,7100,1,D,ZP,ZP,F
13:37:15,INDF,RG,7100,197,D,ZP,BQ,D
13:37:08,INDF,RG,7100,1,D,PD,BQ,D
13:36:56,INDF,RG,7100,2,D,NI,BQ,D
13:36:47,INDF,RG,7100,1,F,AK,AZ,D
13:36:47,INDF,RG,7100,21,F,DX,AZ,D
13:36:31,INDF,RG,7100,11,F,CS,CD,D
13:36:31,INDF,RG,7100,100,D,KK,CD,D
13:36:31,INDF,RG,7100,19,F,CS,CD,D
13:36:31,INDF,RG,7100,1,F,CS,CD,D
13:36:31,INDF,RG,7100,4,F,CS,CD,D
13:36:31,INDF,RG,7100,18,F,BK,CD,D
13:36:31,INDF,RG,7100,40,F,DX,CD,D
13:36:31,INDF,RG,7100,9,F,CS,CD,D
13:36:31,INDF,RG,7100,18,F,CS,CD,D
13:36:31,INDF,RG,7100,280,D,BQ,CD,D
13:36:10,INDF,RG,7100,5,D,BQ,CS,D
13:36:10,INDF,RG,7125,3,F,CS,PD,D
13:36:10,INDF,RG,7100,5,D,BQ,BB,D
13:36:10,INDF,RG,7100,10,D,BQ,DX,F
13:36:01,INDF,RG,7100,1,F,CS,DX,F
13:36:01,INDF,RG,7100,22,D,YJ,DX,F
13:36:01,INDF,RG,7100,8,D,YJ,BB,D
13:36:01,INDF,RG,7100,1,D,YJ,ZP,F
13:36:01,INDF,RG,7100,9,D,YJ,YU,D
13:36:00,INDF,RG,7075,12,F,DX,YU,D
13:36:00,INDF,RG,7075,3,D,SQ,YU,D
13:35:59,INDF,RG,7100,3,F,CS,YU,D
13:35:50,INDF,RG,7100,2,F,CS,YU,D
13:35:46,INDF,RG,7100,2,F,DX,YU,D
13:35:46,INDF,RG,7100,1,F,DX,XC,D
13:35:46,INDF,RG,7100,4,F,DX,AK,F
13:35:46,INDF,RG,7100,4,F,DX,DX,F
13:35:45,INDF,RG,7100,1,F,CS,DX,F
13:35:45,INDF,RG,7100,5,D,SQ,DX,F
13:35:44,INDF,RG,7100,12,F,DX,DX,F
13:35:42,INDF,RG,7100,10,F,DX,DX,F
13:35:42,INDF,RG,7100,2,F,DX,BQ,D
13:35:42,INDF,RG,7100,30,D,YJ,BQ,D
13:35:41,INDF,RG,7100,5,F,CS,BQ,D
13:35:31,INDF,RG,7100,1,D,NI,BQ,D
13:35:30,INDF,RG,7100,2,F,CS,BQ,D
13:35:24,INDF,RG,7100,2,F,CS,BQ,D
13:35:24,INDF,RG,7100,11,F,DX,BQ,D
13:35:22,INDF,RG,7100,8,F,DX,BQ,D
13:35:20,INDF,RG,7100,10,F,DX,BQ,D
13:35:19,INDF,RG,7100,2,F,CS,BQ,D
13:35:18,INDF,RG,7100,20,F,DX,BQ,D
13:35:16,INDF,RG,7100,42,F,DX,BQ,D
13:35:14,INDF,RG,7100,5,F,CS,BQ,D
13:35:14,INDF,RG,7100,160,D,BQ,BQ,D
13:35:14,INDF,RG,7100,140,D,BQ,RX,F
13:34:59,INDF,RG,7075,1,D,SQ,NI,D
13:34:59,INDF,RG,7100,8,F,CS,RX,F
13:34:41,INDF,RG,7100,10,D,YJ,RX,F
13:34:39,INDF,RG,7100,7,F,CS,RX,F
13:34:36,INDF,RG,7100,2,D,XC,RX,F
13:34:31,INDF,RG,7100,25,D,YJ,RX,F
13:34:19,INDF,RG,7100,7,F,CS,RX,F
13:34:00,INDF,RG,7100,57,D,BQ,RX,F
13:34:00,INDF,RG,7100,76,D,BQ,DX,F
13:34:00,INDF,RG,7100,15,D,BQ,AZ,D
13:34:00,INDF,RG,7100,4,D,BQ,AK,F
13:34:00,INDF,RG,7100,142,D,BQ,DX,F
13:34:00,INDF,RG,7100,5,D,BQ,CS,D
13:34:00,INDF,RG,7100,1,D,BQ,ZP,F
13:34:00,INDF,RG,7100,6,F,CS,CS,D
13:34:00,INDF,RG,7100,3,F,CS,CD,D
13:33:55,INDF,RG,7100,8,D,PD,CD,D
13:33:26,INDF,RG,7100,5,D,LG,CD,D
13:33:04,INDF,RG,7100,21,F,DX,CD,D
13:33:04,INDF,RG,7100,170,D,NI,CD,D
13:33:04,INDF,RG,7100,2,D,XL,CD,D
13:33:04,INDF,RG,7100,39,F,DX,CD,D
13:33:04,INDF,RG,7100,21,F,CS,CD,D
13:33:04,INDF,RG,7100,38,D,BQ,CD,D
13:32:57,INDF,RG,7100,15,D,BQ,PD,D
13:32:57,INDF,RG,7100,20,D,BQ,BQ,D
13:32:55,INDF,RG,7100,76,D,BQ,DX,F
13:32:49,INDF,RG,7100,351,D,BQ,BK,F
13:32:49,INDF,RG,7100,1,F,AK,BK,F
13:32:49,INDF,RG,7100,90,F,DX,BK,F
13:32:49,INDF,RG,7100,18,F,CS,BK,F
13:32:49,INDF,RG,7100,40,D,CC,BK,F
13:32:49,INDF,RG,7100,200,D,CC,BQ,D
13:31:51,INDF,RG,7100,10,D,CC,AZ,D
13:31:37,INDF,RG,7100,204,F,ZP,BQ,D
13:31:36,INDF,RG,7100,146,F,DX,BQ,D
13:31:36,INDF,RG,7100,150,D,CC,BQ,D
13:31:30,INDF,RG,7075,2,D,SQ,XL,D
13:31:29,INDF,RG,7100,2,F,ZP,DR,D
13:31:29,INDF,RG,7100,129,F,ZP,RX,F
13:31:29,INDF,RG,7100,50,F,ZP,AZ,D
13:31:29,INDF,RG,7100,1,F,ZP,ZP,F
13:31:29,INDF,RG,7100,165,F,ZP,DX,F
13:31:29,INDF,RG,7100,80,D,CC,DX,F
13:31:29,INDF,RG,7100,164,D,CC,DX,F
13:31:29,INDF,RG,7100,22,D,CC,CC,F
13:31:29,INDF,RG,7100,4,D,CC,AK,F
13:31:29,INDF,RG,7100,50,D,CC,AZ,D
13:31:29,INDF,RG,7100,1,D,CC,CS,D
13:31:29,INDF,RG,7100,9,D,CC,CS,D
13:31:29,INDF,RG,7100,13,D,CC,PD,D
13:31:29,INDF,RG,7100,9,D,CC,PD,D
13:31:29,INDF,RG,7100,48,D,CC,PD,D
13:31:27,INDF,RG,7075,8,D,SQ,GR,D
13:31:10,INDF,RG,7075,19,D,SQ,RX,F
13:30:44,INDF,RG,7075,1,D,SQ,XL,D
13:30:43,INDF,RG,7075,5,D,SQ,DR,D
13:30:43,INDF,RG,7075,11,D,SQ,RX,F
13:30:43,INDF,RG,7075,1,D,CC,RX,F
13:30:43,INDF,RG,7075,1,D,PD,RX,F
13:30:37,INDF,RG,7100,17,D,ZP,PD,D
13:30:35,INDF,RG,7100,1,D,XL,PD,D
13:30:31,INDF,RG,7100,13,F,DX,PD,D
13:30:31,INDF,RG,7100,9,F,DX,PD,D
13:30:31,INDF,RG,7100,46,F,DX,PD,D
13:30:31,INDF,RG,7100,9,F,CS,PD,D
13:30:31,INDF,RG,7100,11,D,XL,PD,D
13:30:25,INDF,RG,7100,3,D,XL,XL,D
13:30:23,INDF,RG,7100,11,D,XL,DX,F
13:30:23,INDF,RG,7125,2,D,XL,PD,D
13:30:19,INDF,RG,7100,9,F,DX,DR,D
13:30:16,INDF,RG,7100,9,F,DX,DR,D
13:30:14,INDF,RG,7100,2,F,ZP,CS,D
13:30:14,INDF,RG,7100,262,F,ZP,AK,F
13:30:14,INDF,RG,7100,37,F,ZP,KZ,D
13:30:14,INDF,RG,7100,9,F,ZP,CS,D
13:30:14,INDF,RG,7100,2,F,ZP,ZP,F
13:30:13,INDF,RG,7100,2,D,CC,AK,F
13:30:13,INDF,RG,7100,24,F,CS,AK,F
13:30:13,INDF,RG,7100,9,D,YP,AK,F
13:30:13,INDF,RG,7100,19,F,CS,AK,F
13:30:13,INDF,RG,7100,1,D,AG,AK,F
13:30:13,INDF,RG,7100,2,D,XC,AK,F
13:30:13,INDF,RG,7100,1,D,XC,BK,F
13:30:13,INDF,RG,7100,1,D,LG,BK,F
13:30:13,INDF,RG,7100,16,D,ZP,BK,F
13:30:13,INDF,RG,7100,2,D,CC,BK,F
13:30:13,INDF,RG,7100,1,D,KK,BK,F
13:30:13,INDF,RG,7100,1,D,XC,BK,F
13:30:13,INDF,RG,7100,2,D,YP,BK,F
13:30:13,INDF,RG,7100,1,D,YP,BK,F
13:30:13,INDF,RG,7100,1,D,YP,BK,F
13:30:13,INDF,RG,7100,35,D,PD,BK,F
13:30:13,INDF,RG,7100,1,D,PD,BK,F
13:30:13,INDF,RG,7100,14,D,PD,BK,F
13:30:13,INDF,RG,7100,1,D,PD,BK,F
13:30:13,INDF,RG,7100,1,D,EP,BK,F
13:30:13,INDF,RG,7100,10,D,PD,BK,F
13:30:13,INDF,RG,7100,1,D,SQ,BK,F
13:30:13,INDF,RG,7100,1,D,AO,BK,F
13:30:13,INDF,RG,7100,10,D,YU,BK,F
13:30:13,INDF,RG,7100,5,D,YU,BK,F
13:30:13,INDF,RG,7100,44,F,DX,BK,F
13:30:13,INDF,RG,7100,1,D,DR,BK,F
13:30:13,INDF,RG,7100,20,F,CS,BK,F
13:30:13,INDF,RG,7100,35,F,ZP,BK,F
13:30:13,INDF,RG,7100,2,D,YP,BK,F
13:30:13,INDF,RG,7100,20,D,EP,BK,F
13:30:13,INDF,RG,7100,31,F,ZP,BK,F
13:30:13,INDF,RG,7100,39,F,DX,BK,F
13:30:13,INDF,RG,7100,42,D,LG,BK,F
13:30:13,INDF,RG,7100,3,D,CC,BK,F
13:30:13,INDF,RG,7100,5,D,LG,BK,F
13:30:13,INDF,RG,7100,3,D,CC,BK,F
13:30:13,INDF,RG,7100,1,D,XC,BK,F
13:30:13,INDF,RG,7100,31,F,ZP,BK,F
13:30:13,INDF,RG,7100,28,F,ZP,BK,F
13:30:13,INDF,RG,7100,12,F,DX,BK,F
13:30:13,INDF,RG,7100,55,F,DX,BK,F
13:30:13,INDF,RG,7100,1,D,CC,BK,F
13:30:13,INDF,RG,7100,1,D,PD,BK,F
13:30:13,INDF,RG,7100,2,D,XC,BK,F
13:30:13,INDF,RG,7100,19,F,ZP,BK,F
13:30:13,INDF,RG,7100,6,F,ZP,ZP,F
13:30:13,INDF,RG,7100,12,F,ZP,BK,F
13:30:13,INDF,RG,7100,42,D,NI,BK,F
13:30:13,INDF,RG,7100,3,D,CC,BK,F
13:30:13,INDF,RG,7100,2,D,YP,BK,F
13:30:13,INDF,RG,7100,11,F,ZP,BK,F
13:30:13,INDF,RG,7100,66,F,DX,BK,F
13:30:13,INDF,RG,7100,21,F,CS,BK,F
13:30:13,INDF,RG,7100,200,D,CC,BK,F
13:30:13,INDF,RG,7100,14,F,DX,BK,F
13:30:13,INDF,RG,7100,3,D,CC,BK,F
13:30:13,INDF,RG,7100,1,D,PD,BK,F
13:30:13,INDF,RG,7100,3,D,XC,BK,F
13:30:13,INDF,RG,7100,3,D,CC,BK,F
13:30:13,INDF,RG,7100,3,D,YP,BK,F
13:30:13,INDF,RG,7100,41,F,DX,BK,F
13:30:13,INDF,RG,7100,28,F,ZP,BK,F
13:30:13,INDF,RG,7100,46,F,DX,BK,F
13:30:13,INDF,RG,7100,1,D,YP,BK,F
13:30:13,INDF,RG,7100,77,D,YP,BK,F
13:30:13,INDF,RG,7100,20,D,NI,BK,F
13:30:13,INDF,RG,7100,100,D,YP,BK,F
13:30:13,INDF,RG,7100,3,D,CC,BK,F
13:30:13,INDF,RG,7100,21,F,CS,BK,F
13:30:13,INDF,RG,7100,10,D,YP,BK,F
13:30:13,INDF,RG,7100,1,D,SQ,BK,F
13:30:13,INDF,RG,7100,50,D,YP,BK,F
13:30:13,INDF,RG,7100,15,D,CC,BK,F
13:30:13,INDF,RG,7100,14,F,DX,BK,F
13:30:13,INDF,RG,7100,1,D,YP,BK,F
13:30:13,INDF,RG,7100,13,F,CS,BK,F
13:30:13,INDF,RG,7100,5,D,XC,BK,F
13:30:13,INDF,RG,7100,38,F,DX,BK,F
13:30:13,INDF,RG,7100,35,D,YP,BK,F
13:30:13,INDF,RG,7100,1,D,XC,BK,F
13:30:13,INDF,RG,7100,1,D,XL,BK,F
13:30:13,INDF,RG,7100,1,D,BQ,BK,F
13:30:13,INDF,RG,7100,9,D,ZP,BK,F
13:30:13,INDF,RG,7100,15,F,CS,BK,F
13:30:13,INDF,RG,7100,2,D,PD,BK,F
13:30:13,INDF,RG,7100,50,D,YP,BK,F
13:30:13,INDF,RG,7100,18,F,ZP,BK,F
13:30:10,INDF,RG,7100,5,F,ZP,BK,F
13:30:10,INDF,RG,7100,200,D,XL,BK,F
13:30:10,INDF,RG,7100,14,F,DX,BK,F
13:30:10,INDF,RG,7100,10,D,NI,BK,F
13:30:10,INDF,RG,7100,1,D,PD,BK,F
13:30:10,INDF,RG,7100,20,D,PD,BK,F
13:30:10,INDF,RG,7100,3,D,CC,BK,F
13:30:10,INDF,RG,7100,1,D,XC,BK,F
13:30:10,INDF,RG,7100,69,D,YP,BK,F
13:30:10,INDF,RG,7100,15,F,CS,BK,F
13:30:10,INDF,RG,7100,1,D,YU,BK,F
13:30:10,INDF,RG,7100,3,D,XC,BK,F
13:30:10,INDF,RG,7100,5,D,XC,BK,F
13:30:10,INDF,RG,7100,22,D,YP,BK,F
13:30:10,INDF,RG,7100,131,D,AT,BK,F
13:30:09,INDF,RG,7125,2,D,XL,PD,D
13:30:08,INDF,RG,7100,69,D,AT,AK,F
13:30:08,INDF,RG,7100,141,D,PD,AK,F
13:30:08,INDF,RG,7100,5,D,YP,AK,F
13:30:08,INDF,RG,7100,5,D,AT,AK,F
13:30:08,INDF,RG,7100,17,F,DX,AK,F
13:30:08,INDF,RG,7100,10,D,YP,AK,F
13:30:08,INDF,RG,7100,17,F,ZP,AK,F
13:30:07,INDF,RG,7125,1,D,CC,PD,D
13:30:06,INDF,RG,7100,10,F,ZP,CS,D
13:30:06,INDF,RG,7100,1,D,YP,CS,D
13:30:06,INDF,RG,7100,5,F,DX,CS,D
13:30:06,INDF,RG,7100,11,F,DX,AK,F
13:30:03,INDF,RG,7125,2,D,YP,PD,D
13:30:03,INDF,RG,7125,2,F,AK,PD,D
13:30:02,INDF,RG,7100,27,F,DX,DX,F
13:30:02,INDF,RG,7100,58,F,ZP,DX,F
13:30:02,INDF,RG,7100,89,F,DX,DX,F
13:30:02,INDF,RG,7100,6,F,ZP,DX,F
13:30:02,INDF,RG,7125,35,D,YP,PD,D
13:30:02,INDF,RG,7125,10,D,YP,PD,D
13:30:01,INDF,RG,7125,9,D,PD,PD,D
13:30:01,INDF,RG,7125,1,D,PD,BB,D
13:30:01,INDF,RG,7125,10,D,PD,AZ,D
13:30:01,INDF,RG,7125,2,D,PD,AZ,D
13:30:01,INDF,RG,7125,13,D,YP,AZ,D
13:30:01,INDF,RG,7100,1,F,ZP,PD,D
13:30:01,INDF,RG,7100,1,F,ZP,PD,D
13:30:01,INDF,RG,7125,1,D,YP,AZ,D
13:30:01,INDF,RG,7125,3,D,KK,AZ,D
13:30:01,INDF,RG,7100,30,F,ZP,PD,D
13:30:01,INDF,RG,7125,1,D,PD,AZ,D
13:30:01,INDF,RG,7125,20,D,GR,AZ,D
13:30:01,INDF,RG,7125,2,D,GR,PD,D
13:30:01,INDF,RG,7100,1,F,ZP,HP,D
11:29:42,INDF,RG,7125,5,D,CC,PD,D
11:29:42,INDF,RG,7125,20,D,CC,BQ,D
11:29:42,INDF,RG,7125,25,D,CC,BQ,D
11:29:40,INDF,RG,7125,4,D,PD,BQ,D
11:29:39,INDF,RG,7125,150,D,CC,BQ,D
11:29:35,INDF,RG,7125,21,D,CC,BQ,D
11:29:35,INDF,RG,7125,14,D,CC,YU,D
11:29:35,INDF,RG,7125,65,D,CC,PD,D
11:29:31,INDF,RG,7125,1,D,RX,PD,D
11:29:28,INDF,RG,7125,9,D,CC,PD,D
11:29:28,INDF,RG,7125,5,D,CC,GR,D
11:29:28,INDF,RG,7125,10,D,CC,KK,D
11:29:28,INDF,RG,7125,5,D,CC,NI,D
11:29:28,INDF,RG,7125,42,D,CC,DX,F
11:29:28,INDF,RG,7125,79,D,CC,RX,F
11:29:23,INDF,RG,7100,10,F,ZP,DX,F
11:29:18,INDF,RG,7100,1,F,ZP,BB,D
11:29:13,INDF,RG,7125,11,F,DX,RX,F
11:29:12,INDF,RG,7125,11,D,XC,RX,F
11:29:02,INDF,RG,7100,4,F,ZP,ZP,F
11:29:02,INDF,RG,7100,7,F,ZP,ZP,F
11:28:51,INDF,RG,7100,8,F,ZP,DX,F
11:28:15,INDF,RG,7100,1,F,ZP,AK,F
11:28:11,INDF,RG,7100,1,F,ZP,BB,D
11:27:58,INDF,RG,7100,25,F,ZP,AZ,D
11:27:50,INDF,RG,7100,4,F,ZP,XC,D
11:27:46,INDF,RG,7100,13,F,ZP,DX,F
11:27:41,INDF,RG,7100,1,F,ZP,XC,D
11:27:21,INDF,RG,7100,5,F,ZP,KK,D
11:27:21,INDF,RG,7125,1,D,PD,RX,F
11:27:00,INDF,RG,7100,2,F,ZP,YU,D
11:26:51,INDF,RG,7100,10,F,ZP,DX,F
11:26:49,INDF,RG,7125,71,D,CC,RX,F
11:26:49,INDF,RG,7125,9,D,CC,KZ,D
11:26:49,INDF,RG,7125,20,D,CC,CC,F
11:26:45,INDF,RG,7125,150,D,CC,CC,F
11:25:52,INDF,RG,7100,11,F,ZP,DX,F
11:25:51,INDF,RG,7100,14,F,ZP,BB,D
11:25:00,INDF,RG,7100,1,F,ZP,XC,D
11:24:58,INDF,RG,7100,6,F,ZP,DX,F
11:24:58,INDF,RG,7100,4,F,CS,DX,F
11:24:58,INDF,RG,7100,1,D,YP,DX,F
11:24:58,INDF,RG,7100,2,D,DR,DX,F
11:24:48,INDF,RG,7125,1,D,CC,CC,F
11:24:46,INDF,RG,7125,73,D,CC,CC,F
11:24:46,INDF,RG,7125,27,D,CC,CC,D
11:24:37,INDF,RG,7125,1,D,RX,CC,D
11:24:27,INDF,RG,7125,1,D,PD,CC,D
11:24:17,INDF,RG,7125,127,D,CC,CC,D
11:24:17,INDF,RG,7125,3,D,CC,AK,F
11:24:17,INDF,RG,7125,2,D,CC,ZP,F
11:24:17,INDF,RG,7125,1,D,CC,ZP,F
11:24:17,INDF,RG,7125,18,D,CC,DR,D
11:24:17,INDF,RG,7125,49,D,CC,BK,F
11:24:15,INDF,RG,7100,2,D,DR,AK,F
11:24:11,INDF,RG,7125,100,D,CC,BK,F
11:24:07,INDF,RG,7125,100,D,CC,BK,F
11:23:53,INDF,RG,7100,13,D,DR,KZ,D
11:23:52,INDF,RG,7100,9,D,DR,DX,F
11:23:30,INDF,RG,7100,2,D,DR,BQ,D
11:23:20,INDF,RG,7100,9,D,DR,DX,F
11:23:00,INDF,RG,7100,2,D,DR,AK,F
11:22:54,INDF,RG,7125,1,D,RX,BK,F
11:22:40,INDF,RG,7100,1,D,DR,PD,D
11:22:40,INDF,RG,7100,3,D,CC,PD,D
11:22:40,INDF,RG,7100,1,F,YP,PD,D
11:22:32,INDF,RG,7100,1,F,YP,DR,D
11:22:32,INDF,RG,7100,3,D,YP,DR,D
11:22:31,INDF,RG,7100,8,D,YP,DR,D
11:22:30,INDF,RG,7100,1,D,YP,AK,F
11:22:28,INDF,RG,7100,3,D,YP,RX,F
11:22:28,INDF,RG,7100,7,D,XC,RX,F
11:22:28,INDF,RG,7100,1,D,YU,RX,F
11:22:28,INDF,RG,7100,1,D,CC,RX,F
11:22:28,INDF,RG,7100,15,D,XC,RX,F
11:22:28,INDF,RG,7100,17,D,YP,RX,F
11:22:17,INDF,RG,7100,8,D,YP,DX,F
11:22:16,INDF,RG,7100,25,D,YP,CC,D
11:22:16,INDF,RG,7100,5,D,XC,CC,D
11:22:16,INDF,RG,7100,12,D,YP,CC,D
11:22:13,INDF,RG,7100,8,D,YP,PD,D
11:22:13,INDF,RG,7100,3,F,DX,PD,D
11:22:13,INDF,RG,7100,1,D,YP,PD,D
11:22:13,INDF,RG,7100,5,D,SQ,PD,D
11:22:13,INDF,RG,7100,1,D,AT,PD,D
11:22:13,INDF,RG,7100,3,D,PD,PD,D
11:22:13,INDF,RG,7100,66,D,PD,PD,D
11:22:09,INDF,RG,7100,13,D,PD,PD,D
11:22:09,INDF,RG,7100,9,D,PD,PD,D
11:22:09,INDF,RG,7100,9,D,PD,PD,D
11:22:09,INDF,RG,7100,1,D,YP,PD,D
11:22:09,INDF,RG,7100,5,D,KK,PD,D
11:22:09,INDF,RG,7100,1,D,CC,PD,D
11:22:09,INDF,RG,7100,5,D,CC,PD,D
11:22:09,INDF,RG,7100,10,D,OD,PD,D
11:22:09,INDF,RG,7100,1,D,YP,PD,D
11:22:09,INDF,RG,7100,10,D,KK,PD,D
11:22:09,INDF,RG,7100,5,D,XL,PD,D
11:22:09,INDF,RG,7100,3,D,CC,PD,D
11:22:09,INDF,RG,7100,3,D,YJ,PD,D
11:22:09,INDF,RG,7100,13,F,DX,PD,D
11:22:01,INDF,RG,7100,28,F,DX,RX,F
11:22:00,INDF,RG,7100,1,F,DX,AK,F
11:21:49,INDF,RG,7100,10,F,DX,DX,F
11:21:35,INDF,RG,7100,4,F,DX,AZ,D
11:21:35,INDF,RG,7100,21,F,DX,AZ,D
11:21:29,INDF,RG,7125,1,F,AK,BK,F
11:21:17,INDF,RG,7100,3,F,DX,DH,D
11:21:17,INDF,RG,7100,5,D,CC,BB,D
11:21:17,INDF,RG,7100,2,D,PD,BB,D
11:21:17,INDF,RG,7100,3,D,CC,BB,D
11:21:17,INDF,RG,7100,2,D,NI,BB,D
11:21:17,INDF,RG,7100,1,D,RO,BB,D
11:21:17,INDF,RG,7100,1,D,YP,BB,D
11:21:17,INDF,RG,7100,4,D,XC,BB,D
11:21:15,INDF,RG,7100,2,D,XC,AK,F
11:21:00,INDF,RG,7100,1,D,XC,AK,F
11:20:52,INDF,RG,7125,5,D,ZP,BK,F
11:20:47,INDF,RG,7100,3,D,XC,ZP,F
11:20:47,INDF,RG,7100,7,D,PD,ZP,F
11:20:47,INDF,RG,7100,8,D,PD,DX,F
11:20:47,INDF,RG,7100,3,D,YB,DX,F
11:20:15,INDF,RG,7100,1,D,YB,AK,F
11:20:15,INDF,RG,7100,1,D,CC,AK,F
11:19:43,INDF,RG,7125,48,D,PD,BK,F
11:19:27,INDF,RG,7100,2,D,CC,DX,F
11:19:27,INDF,RG,7100,2,D,PD,DX,F
11:19:27,INDF,RG,7100,3,D,CC,DX,F
11:19:27,INDF,RG,7100,5,D,HP,DX,F
11:19:27,INDF,RG,7100,1,F,DX,DX,F
11:19:19,INDF,RG,7100,59,F,DX,RX,F
11:19:19,INDF,RG,7100,5,F,DX,YP,D
11:19:17,INDF,RG,7100,6,F,DX,ZP,F
11:19:17,INDF,RG,7100,3,D,XL,ZP,F
11:19:17,INDF,RG,7100,8,F,DX,ZP,F
11:18:57,INDF,RG,7100,5,F,DX,PD,D
11:18:44,INDF,RG,7125,1,F,AK,BK,F
11:18:30,INDF,RG,7100,8,F,DX,DX,F
11:17:54,INDF,RG,7100,8,F,DX,DX,F
11:17:02,INDF,RG,7125,1,D,XC,BK,F
11:16:59,INDF,RG,7100,12,F,DX,DX,F
11:16:44,INDF,RG,7100,9,F,DX,AK,F
11:16:44,INDF,RG,7100,1,F,DX,XL,D
11:15:54,INDF,RG,7100,1,F,DX,DX,F
11:15:54,INDF,RG,7100,1,D,PD,DX,F
11:15:54,INDF,RG,7100,8,D,PD,DX,F
11:15:53,INDF,RG,7100,1,D,PD,KZ,D
11:15:53,INDF,RG,7100,1,D,NI,KZ,D
11:15:53,INDF,RG,7100,16,D,CC,KZ,D
11:15:49,INDF,RG,7125,2,D,XL,BK,F
11:15:27,INDF,RG,7100,34,D,CC,AZ,D
11:15:27,INDF,RG,7100,1,D,YP,AZ,D
11:15:20,INDF,RG,7100,4,D,YP,ZP,F
11:15:20,INDF,RG,7100,2,D,CC,ZP,F
11:15:20,INDF,RG,7100,1,D,YP,ZP,F
11:15:04,INDF,RG,7100,4,D,YP,RX,F
11:15:04,INDF,RG,7100,1,D,XC,RX,F
11:15:04,INDF,RG,7100,1,D,PD,RX,F
11:15:04,INDF,RG,7100,3,D,CC,RX,F
11:15:04,INDF,RG,7100,1,D,PD,RX,F
11:15:04,INDF,RG,7100,5,D,YP,RX,F
11:14:50,INDF,RG,7100,11,D,YP,DX,F
11:14:16,INDF,RG,7100,4,D,YP,CC,D
11:14:11,INDF,RG,7100,5,D,DR,RX,F
11:14:11,INDF,RG,7100,2,D,XL,RX,F
11:14:11,INDF,RG,7100,1,D,XC,RX,F
11:14:11,INDF,RG,7100,2,D,XC,RX,F
11:14:11,INDF,RG,7100,2,D,EP,RX,F
11:14:11,INDF,RG,7100,1,D,NI,RX,F
11:14:11,INDF,RG,7100,2,D,BQ,RX,F
11:14:11,INDF,RG,7100,2,D,CC,RX,F
11:14:11,INDF,RG,7100,1,D,YP,RX,F
11:14:11,INDF,RG,7100,1,D,SQ,RX,F
11:13:52,INDF,RG,7100,4,D,SQ,ZP,F
11:13:52,INDF,RG,7100,3,D,EP,ZP,F
11:13:52,INDF,RG,7100,2,D,CC,ZP,F
11:13:52,INDF,RG,7100,1,D,LG,ZP,F
11:13:52,INDF,RG,7100,15,D,DH,ZP,F
11:13:52,INDF,RG,7100,20,D,AZ,ZP,F
11:13:52,INDF,RG,7100,20,D,EP,ZP,F
11:13:52,INDF,RG,7100,5,D,PD,ZP,F
11:13:52,INDF,RG,7100,5,D,YP,ZP,F
11:13:52,INDF,RG,7100,1,D,NI,ZP,F
11:13:52,INDF,RG,7100,8,D,PD,ZP,F
11:13:03,INDF,RG,7100,17,D,PD,RX,F
11:12:05,INDF,RG,7100,5,D,PD,RX,F
11:12:05,INDF,RG,7100,1,D,PD,RX,F
11:12:05,INDF,RG,7100,6,D,EP,RX,F
11:12:00,INDF,RG,7100,4,D,EP,CC,D
11:12:00,INDF,RG,7100,2,D,CC,CC,D
11:12:00,INDF,RG,7100,1,D,XL,CC,D
11:12:00,INDF,RG,7100,1,D,YP,CC,D
11:12:00,INDF,RG,7100,10,D,YP,CC,D
11:12:00,INDF,RG,7100,50,D,GR,CC,D
11:12:00,INDF,RG,7100,20,D,LG,CC,D
11:12:00,INDF,RG,7100,13,D,PD,CC,D
11:11:19,INDF,RG,7100,12,D,PD,RX,F
11:11:19,INDF,RG,7100,4,D,NI,RX,F
11:10:31,INDF,RG,7125,50,D,GR,BK,F
11:10:27,INDF,RG,7100,6,D,NI,ZP,F
11:10:21,INDF,RG,7100,47,D,NI,RX,F
11:10:00,INDF,RG,7100,14,D,NI,YU,D
11:09:51,INDF,RG,7125,42,D,GR,BK,F
11:09:51,INDF,RG,7125,2,D,GR,BB,D
11:09:51,INDF,RG,7125,6,D,GR,AK,F
11:09:13,INDF,RG,7100,5,D,NI,CC,D
11:09:05,INDF,RG,7125,50,D,SQ,AK,F
11:08:47,INDF,RG,7100,1,D,NI,PD,D
11:08:28,INDF,RG,7100,20,D,NI,RX,F
11:07:53,INDF,RG,7100,3,D,NI,KZ,D
11:07:53,INDF,RG,7100,23,D,GR,KZ,D
11:07:42,INDF,RG,7100,20,D,GR,RX,F
11:07:39,INDF,RG,7100,7,D,GR,DH,D
11:07:39,INDF,RG,7100,1,D,XL,DH,D
11:07:39,INDF,RG,7100,2,D,CC,DH,D
11:07:14,INDF,RG,7100,5,D,PD,DR,D
11:07:14,INDF,RG,7100,1,F,DX,DR,D
11:07:14,INDF,RG,7100,3,D,YP,DR,D
11:07:08,INDF,RG,7125,2,D,XL,AK,F
11:06:57,INDF,RG,7100,11,D,YP,RX,F
11:06:31,INDF,RG,7100,11,D,YP,RX,F
11:06:31,INDF,RG,7100,1,D,YP,RX,F
11:06:31,INDF,RG,7100,1,D,NI,RX,F
11:06:31,INDF,RG,7100,2,D,YP,RX,F
11:06:16,INDF,RG,7100,2,D,YP,XC,D
11:06:03,INDF,RG,7125,1,D,ZP,AK,F
11:05:56,INDF,RG,7100,1,D,YP,XC,D
11:05:20,INDF,RG,7100,3,D,YP,RX,F
11:05:20,INDF,RG,7100,5,D,LH,RX,F
11:05:20,INDF,RG,7100,2,D,DR,RX,F
11:05:20,INDF,RG,7100,1,F,DX,RX,F
11:04:37,INDF,RG,7100,62,F,DX,CC,D
11:04:37,INDF,RG,7100,3,D,AZ,CC,D
11:04:37,INDF,RG,7100,1,D,XL,CC,D
11:04:37,INDF,RG,7100,1,D,XL,CC,D
11:04:37,INDF,RG,7100,5,D,LG,CC,D
11:04:37,INDF,RG,7100,5,D,YP,CC,D
11:04:37,INDF,RG,7100,1,D,OD,CC,D
11:04:37,INDF,RG,7100,1,D,KK,CC,D
11:04:37,INDF,RG,7100,1,D,SQ,CC,D
11:04:10,INDF,RG,7100,2,D,SQ,XC,D
11:04:06,INDF,RG,7100,5,D,SQ,PD,D
11:04:06,INDF,RG,7100,11,D,SQ,AK,F
11:04:06,INDF,RG,7125,22,F,YU,BK,F
11:04:06,INDF,RG,7125,4,F,YU,BK,F
11:04:06,INDF,RG,7125,1,D,XC,BK,F
11:04:06,INDF,RG,7125,67,F,ZP,BK,F
11:04:06,INDF,RG,7125,4,D,RX,BK,F
11:04:06,INDF,RG,7125,5,F,CS,BK,F
11:04:06,INDF,RG,7125,15,F,CS,BK,F
11:04:06,INDF,RG,7125,100,D,ZP,BK,F
11:04:06,INDF,RG,7125,2,D,XC,BK,F
11:04:06,INDF,RG,7125,1,F,AK,BK,F
11:04:06,INDF,RG,7125,7,F,ZP,BK,F
11:04:06,INDF,RG,7125,10,D,PD,BK,F
11:04:06,INDF,RG,7125,2,D,HP,BK,F
11:04:06,INDF,RG,7125,1,D,YP,BK,F
11:04:06,INDF,RG,7125,13,F,ZP,BK,F
11:04:06,INDF,RG,7125,25,D,GR,BK,F
11:04:06,INDF,RG,7125,14,F,CS,BK,F
11:04:06,INDF,RG,7125,2,D,XC,BK,F
11:04:06,INDF,RG,7125,90,F,DX,BK,F
11:04:06,INDF,RG,7125,5,D,YP,BK,F
11:04:06,INDF,RG,7125,15,D,XC,BK,F
11:04:06,INDF,RG,7125,7,F,CS,BK,F
11:04:06,INDF,RG,7125,1,D,YP,BK,F
11:04:06,INDF,RG,7125,42,F,ZP,BK,F
11:04:06,INDF,RG,7125,1,D,YP,BK,F
11:04:06,INDF,RG,7125,1,D,PD,BK,F
11:04:06,INDF,RG,7125,6,F,CS,BK,F
11:04:06,INDF,RG,7125,100,D,AZ,BK,F
11:04:06,INDF,RG,7125,2,D,RX,BK,F
11:04:06,INDF,RG,7125,3,D,XC,BK,F
11:04:06,INDF,RG,7125,410,F,ZP,BK,F
11:04:06,INDF,RG,7125,6,F,CS,BK,F
11:04:06,INDF,RG,7125,24,D,ZP,BK,F
11:04:06,INDF,RG,7125,16,F,CS,BK,F
11:04:06,INDF,RG,7125,13,F,CS,BK,F
11:04:06,INDF,RG,7125,7,F,CS,BK,F
11:04:06,INDF,RG,7125,43,F,YU,BK,F
11:04:06,INDF,RG,7125,1,F,AK,BK,F
11:04:06,INDF,RG,7125,2,D,PD,BK,F
11:04:06,INDF,RG,7125,10,D,YP,BK,F
11:04:06,INDF,RG,7125,2,D,NI,BK,F
11:04:06,INDF,RG,7125,1,D,YP,BK,F
11:04:06,INDF,RG,7125,2,D,XC,BK,F
11:04:06,INDF,RG,7125,1,D,KK,BK,F
11:04:06,INDF,RG,7125,100,D,SQ,BK,F
11:04:06,INDF,RG,7125,1,D,YP,BK,F
11:04:06,INDF,RG,7125,5,D,CC,BK,F
11:04:06,INDF,RG,7125,25,D,GR,BK,F
11:04:06,INDF,RG,7125,23,F,DX,BK,F
11:04:06,INDF,RG,7125,500,D,CC,BK,F
11:04:06,INDF,RG,7125,1,D,NI,BK,F
11:04:06,INDF,RG,7125,1,D,NI,BK,F
11:04:06,INDF,RG,7125,1,D,XC,BK,F
11:04:06,INDF,RG,7125,100,D,CC,BK,F
11:04:06,INDF,RG,7125,22,F,DX,BK,F
11:04:06,INDF,RG,7125,3,D,CC,BK,F
11:04:06,INDF,RG,7125,200,D,AT,BK,F
11:04:06,INDF,RG,7125,1,D,SQ,BK,F
11:04:06,INDF,RG,7125,1,D,NI,BK,F
11:04:06,INDF,RG,7125,200,D,YP,BK,F
11:04:06,INDF,RG,7125,2,D,CC,BK,F
11:04:06,INDF,RG,7125,2,D,AT,BK,F
11:04:06,INDF,RG,7125,3,D,XL,BK,F
11:04:06,INDF,RG,7125,10,D,CC,BK,F
11:04:06,INDF,RG,7125,1,D,KK,BK,F
11:04:06,INDF,RG,7125,62,F,DX,BK,F
11:04:06,INDF,RG,7125,176,F,DX,AK,F
11:04:06,INDF,RG,7125,1,D,XC,AK,F
11:04:06,INDF,RG,7125,16,F,ZP,AK,F
11:04:06,INDF,RG,7125,12,D,NI,AK,F
11:04:06,INDF,RG,7125,2,D,CC,AK,F
11:04:06,INDF,RG,7125,100,D,NI,AK,F
11:04:06,INDF,RG,7125,17,F,ZP,AK,F
11:04:06,INDF,RG,7125,2,D,CC,AK,F
11:04:06,INDF,RG,7125,18,F,ZP,AK,F
11:04:06,INDF,RG,7125,2,D,CC,AK,F
11:04:06,INDF,RG,7125,10,D,PD,AK,F
11:04:06,INDF,RG,7125,2,D,YJ,AK,F
11:04:06,INDF,RG,7125,15,F,ZP,AK,F
11:04:06,INDF,RG,7125,2,D,PD,AK,F
11:04:06,INDF,RG,7125,59,F,ZP,AK,F
11:04:06,INDF,RG,7125,16,F,ZP,RX,F
11:04:06,INDF,RG,7125,500,D,CC,RX,F
11:04:06,INDF,RG,7125,45,F,ZP,RX,F
11:04:06,INDF,RG,7125,150,D,CC,RX,F
11:04:06,INDF,RG,7125,100,D,SQ,RX,F
11:04:06,INDF,RG,7125,7,F,ZP,RX,F
11:04:06,INDF,RG,7125,50,D,CC,RX,F
11:04:06,INDF,RG,7125,8,F,ZP,RX,F
11:04:06,INDF,RG,7125,3,D,XC,RX,F
11:04:06,INDF,RG,7125,1,D,YP,RX,F
11:04:06,INDF,RG,7125,2,D,SQ,RX,F
11:04:06,INDF,RG,7125,2,D,XC,RX,F
11:04:06,INDF,RG,7125,5,D,YP,RX,F
11:04:06,INDF,RG,7125,50,D,NI,RX,F
11:04:06,INDF,RG,7125,2,D,CC,RX,F
11:04:06,INDF,RG,7125,1,D,YP,RX,F
11:04:06,INDF,RG,7125,3,D,CC,RX,F
11:04:06,INDF,RG,7125,1,D,XC,RX,F
11:04:06,INDF,RG,7125,54,D,NI,RX,F
11:03:56,INDF,RG,7125,146,D,NI,RX,F
11:03:56,INDF,RG,7125,1,D,PD,RX,F
11:03:56,INDF,RG,7125,1,D,YP,RX,F
11:03:56,INDF,RG,7125,16,F,ZP,RX,F
11:03:56,INDF,RG,7125,1,D,YP,RX,F
11:03:56,INDF,RG,7125,100,D,YB,RX,F
11:03:56,INDF,RG,7125,11,F,ZP,RX,F
11:03:56,INDF,RG,7125,2,D,HP,RX,F
11:03:56,INDF,RG,7125,46,F,DX,RX,F
11:03:56,INDF,RG,7125,2,D,CC,RX,F
11:03:56,INDF,RG,7125,1,D,XL,RX,F
11:03:56,INDF,RG,7125,1,D,YB,RX,F
11:03:56,INDF,RG,7125,16,F,ZP,RX,F
11:03:56,INDF,RG,7125,2,D,EP,RX,F
11:03:56,INDF,RG,7125,5,D,LH,RX,F
11:03:56,INDF,RG,7125,1,D,SQ,RX,F
11:03:56,INDF,RG,7125,86,F,DX,RX,F
11:03:56,INDF,RG,7125,90,F,ZP,RX,F
11:03:56,INDF,RG,7125,31,F,ZP,RX,F
11:03:56,INDF,RG,7125,41,F,DX,RX,F
11:03:56,INDF,RG,7125,9,F,ZP,RX,F
11:03:56,INDF,RG,7125,1,D,DR,RX,F
11:03:56,INDF,RG,7125,10,D,PD,RX,F
11:03:56,INDF,RG,7125,2,D,PD,RX,F
11:03:56,INDF,RG,7125,37,F,ZP,RX,F
11:03:56,INDF,RG,7125,150,D,CC,RX,F
11:03:56,INDF,RG,7125,89,F,DX,RX,F
11:03:56,INDF,RG,7125,71,F,ZP,RX,F
11:03:56,INDF,RG,7125,31,D,CC,RX,F
11:03:37,INDF,RG,7125,1,D,CC,XC,D
11:03:23,INDF,RG,7125,29,D,CC,RX,F
11:03:12,INDF,RG,7125,1,D,CC,SQ,D
11:02:18,INDF,RG,7125,12,D,CC,RX,F
11:02:00,INDF,RG,7125,8,D,CC,PD,D
11:01:50,INDF,RG,7125,76,D,CC,RX,F
11:01:38,INDF,RG,7125,14,D,CC,KZ,D
11:01:35,INDF,RG,7150,2,D,PD,CC,D
11:00:25,INDF,RG,7150,1,D,ZP,CC,D
11:00:25,INDF,RG,7150,14,D,ZP,XA,D
10:57:24,INDF,RG,7125,16,D,CC,RX,F
10:57:04,INDF,RG,7125,312,D,CC,PD,D
10:57:04,INDF,RG,7125,3,D,CC,PD,D
10:57:04,INDF,RG,7125,15,F,ZP,PD,D
10:57:04,INDF,RG,7125,25,D,PD,PD,D
10:57:04,INDF,RG,7125,25,D,XL,PD,D
10:57:04,INDF,RG,7125,5,D,SQ,PD,D
10:57:04,INDF,RG,7125,40,F,DX,PD,D
10:57:04,INDF,RG,7125,48,F,ZP,PD,D
10:57:04,INDF,RG,7125,2,D,XL,PD,D
10:57:04,INDF,RG,7125,33,F,ZP,PD,D
10:56:20,INDF,RG,7150,17,D,CC,XA,D
10:56:20,INDF,RG,7150,51,D,CC,BB,D
10:56:20,INDF,RG,7150,43,D,CC,AK,F
10:56:20,INDF,RG,7150,89,D,CC,OD,D
10:56:14,INDF,RG,7150,1,F,AK,OD,D
10:56:11,INDF,RG,7150,50,D,CC,OD,D
10:56:04,INDF,RG,7150,1,D,PD,OD,D
10:56:00,INDF,RG,7125,8,F,ZP,CC,D
10:56:00,INDF,RG,7125,42,F,DX,CC,D
10:56:00,INDF,RG,7125,117,F,ZP,CC,D
10:55:50,INDF,RG,7125,13,F,ZP,RX,F
10:55:38,INDF,RG,7125,1,F,ZP,CP,D
10:54:47,INDF,RG,7125,7,F,ZP,AK,F
10:54:46,INDF,RG,7125,1,F,ZP,DR,D
10:54:41,INDF,RG,7125,2,F,ZP,RX,F
10:54:41,INDF,RG,7125,9,F,DX,RX,F
10:54:01,INDF,RG,7125,14,F,DX,RX,F
10:54:01,INDF,RG,7125,5,D,PD,RX,F
10:54:00,INDF,RG,7125,1,D,PD,AK,F
10:53:09,INDF,RG,7125,2,D,PD,PD,D
10:53:00,INDF,RG,7150,1,D,XC,OD,D
10:52:47,INDF,RG,7125,11,D,PD,RX,F
10:52:18,INDF,RG,7125,5,D,PD,XC,D
10:52:06,INDF,RG,7125,19,D,PD,RX,F
10:51:52,INDF,RG,7125,30,D,PD,CC,D
10:51:47,INDF,RG,7150,1,D,YP,OD,D
10:51:00,INDF,RG,7125,1,D,PD,RX,F
10:51:00,INDF,RG,7125,16,D,LG,RX,F
10:50:12,INDF,RG,7125,1,D,LG,XC,D
10:49:49,INDF,RG,7125,17,D,LG,PD,D
10:49:47,INDF,RG,7125,71,D,LG,RX,F
10:49:47,INDF,RG,7125,19,F,DX,RX,F
10:49:47,INDF,RG,7125,8,F,CS,RX,F
10:49:47,INDF,RG,7125,10,F,DX,RX,F
10:49:16,INDF,RG,7150,1,D,KK,OD,D
10:49:13,INDF,RG,7125,1,F,DX,BQ,D
10:49:09,INDF,RG,7125,1,F,DX,DR,D
10:47:59,INDF,RG,7150,11,F,DX,DR,D
10:47:59,INDF,RG,7150,1,F,DX,ZP,F
10:47:59,INDF,RG,7150,2,F,DX,ZP,F
10:47:56,INDF,RG,7150,296,F,AK,BK,F
10:47:56,INDF,RG,7150,2,F,AK,BB,D
10:47:56,INDF,RG,7150,35,F,AK,AK,F
10:47:56,INDF,RG,7150,10,F,YU,BK,F
10:47:56,INDF,RG,7150,60,F,DX,BK,F
10:47:56,INDF,RG,7150,1,D,EP,BK,F
10:47:56,INDF,RG,7150,10,F,CS,BK,F
10:47:56,INDF,RG,7150,50,D,BQ,BK,F
10:47:56,INDF,RG,7150,5,D,BQ,AZ,D
10:47:56,INDF,RG,7150,428,D,BQ,BQ,D
10:47:56,INDF,RG,7150,1,D,KK,BQ,D
10:47:56,INDF,RG,7150,6,F,YU,BQ,D
10:47:56,INDF,RG,7150,10,D,CC,BQ,D
10:47:56,INDF,RG,7150,13,F,DX,BQ,D
10:47:56,INDF,RG,7150,2,D,CC,BQ,D
10:47:56,INDF,RG,7150,17,F,ZP,BQ,D
10:47:56,INDF,RG,7150,6,F,CS,BQ,D
10:47:22,INDF,RG,7175,2,D,PD,PD,D
10:47:13,INDF,RG,7150,1,F,CS,RX,F
10:47:13,INDF,RG,7150,2,F,CS,RX,F
10:47:13,INDF,RG,7150,4,F,YU,RX,F
10:47:13,INDF,RG,7150,4,F,DX,RX,F
10:47:10,INDF,RG,7150,2,F,DX,BQ,D
10:47:04,INDF,RG,7150,10,F,DX,SQ,D
10:46:39,INDF,RG,7150,1,F,DX,PD,D
10:46:38,INDF,RG,7150,1,F,DX,YP,D
10:46:23,INDF,RG,7150,10,F,DX,AZ,D
10:46:23,INDF,RG,7150,40,F,ZP,AZ,D
10:46:22,INDF,RG,7150,14,F,ZP,NI,D
10:46:16,INDF,RG,7150,15,F,ZP,BQ,D
10:46:15,INDF,RG,7150,5,F,ZP,YP,D
10:46:09,INDF,RG,7150,100,F,ZP,BQ,D
10:45:58,INDF,RG,7150,1,F,ZP,KK,D
10:45:47,INDF,RG,7150,15,F,ZP,AZ,D
10:45:37,INDF,RG,7150,10,F,ZP,NI,D
10:45:34,INDF,RG,7175,2,D,PD,PD,D
10:45:14,INDF,RG,7150,16,F,ZP,RX,F
10:44:49,INDF,RG,7150,2,F,ZP,CP,D
10:44:38,INDF,RG,7150,15,F,ZP,GR,D
10:44:28,INDF,RG,7175,1,D,CC,PD,D
10:44:24,INDF,RG,7150,22,F,ZP,RX,F
10:44:19,INDF,RG,7150,1,F,ZP,YP,D
10:44:15,INDF,RG,7150,8,F,ZP,YP,D
10:43:46,INDF,RG,7150,3,F,ZP,BQ,D
10:43:46,INDF,RG,7150,7,F,CS,BQ,D
10:43:30,INDF,RG,7150,4,F,CS,RX,F
10:43:30,INDF,RG,7150,3,F,CS,RX,F
10:43:30,INDF,RG,7150,6,F,YU,RX,F
10:43:14,INDF,RG,7150,3,F,YU,AZ,D
10:43:14,INDF,RG,7150,10,F,DX,AZ,D
10:43:14,INDF,RG,7150,2,D,CC,AZ,D
10:43:07,INDF,RG,7150,100,D,BQ,BQ,D
10:43:00,INDF,RG,7150,14,D,BQ,RX,F
10:42:57,INDF,RG,7150,100,D,BQ,PD,D
10:42:57,INDF,RG,7150,15,D,BQ,BQ,D
10:42:43,INDF,RG,7150,80,D,BQ,BQ,D
10:42:43,INDF,RG,7150,20,F,ZP,BQ,D
10:42:39,INDF,RG,7150,6,F,ZP,BQ,D
10:42:39,INDF,RG,7150,3,D,CC,BQ,D
10:42:39,INDF,RG,7150,10,F,DX,BQ,D
10:42:39,INDF,RG,7150,5,D,PD,BQ,D
10:42:39,INDF,RG,7150,12,F,CS,BQ,D
10:42:39,INDF,RG,7150,2,F,CS,BQ,D
10:42:39,INDF,RG,7150,62,D,YP,BQ,D
10:42:23,INDF,RG,7150,14,D,YP,KZ,D
10:42:20,INDF,RG,7150,15,D,YP,BQ,D
10:42:20,INDF,RG,7150,109,D,YP,BK,F
10:42:20,INDF,RG,7150,38,F,ZP,BK,F
10:42:20,INDF,RG,7150,7,F,CS,BK,F
10:42:20,INDF,RG,7150,2,F,CS,BK,F
10:42:20,INDF,RG,7150,1,D,KK,BK,F
10:42:20,INDF,RG,7150,4,D,RX,BK,F
10:42:20,INDF,RG,7150,1,F,AK,BK,F
10:42:20,INDF,RG,7150,1,F,AK,BK,F
10:42:20,INDF,RG,7150,4,F,YU,BK,F
10:42:20,INDF,RG,7150,4,F,CS,BK,F
10:42:20,INDF,RG,7150,1,F,CS,BK,F
10:42:20,INDF,RG,7150,5,F,CS,BK,F
10:42:20,INDF,RG,7150,1,F,CS,BK,F
10:42:20,INDF,RG,7150,19,F,DX,BK,F
10:42:20,INDF,RG,7150,200,D,CC,BK,F
10:42:20,INDF,RG,7150,103,F,ZP,BK,F
10:42:19,INDF,RG,7150,5,F,ZP,RO,D
10:41:59,INDF,RG,7150,100,F,ZP,YU,D
10:41:51,INDF,RG,7150,2,F,ZP,YP,D
10:41:33,INDF,RG,7150,46,F,ZP,LG,D
10:41:33,INDF,RG,7150,54,F,DX,LG,D
10:41:08,INDF,RG,7150,35,F,DX,LG,D
10:40:58,INDF,RG,7150,100,F,DX,BQ,D
10:40:57,INDF,RG,7150,3,F,DX,SQ,D
10:40:40,INDF,RG,7150,4,F,DX,XC,D
10:40:36,INDF,RG,7175,1,D,XC,PD,D
10:40:06,INDF,RG,7150,15,F,DX,AZ,D
10:39:33,INDF,RG,7150,12,F,DX,PD,D
10:39:33,INDF,RG,7150,9,F,DX,PD,D
10:39:33,INDF,RG,7150,66,F,DX,PD,D
10:39:30,INDF,RG,7175,11,F,DX,PD,D
10:39:26,INDF,RG,7175,11,F,DX,PD,D
10:38:45,INDF,RG,7175,14,F,DX,PD,D
10:38:33,INDF,RG,7175,10,F,DX,PD,D
10:38:12,INDF,RG,7175,13,F,DX,PD,D
10:38:09,INDF,RG,7175,1,D,RX,PD,D
10:38:00,INDF,RG,7175,9,F,DX,PD,D
10:37:54,INDF,RG,7175,9,F,DX,PD,D
10:37:52,INDF,RG,7175,13,F,DX,PD,D
10:37:40,INDF,RG,7175,8,F,DX,PD,D
10:37:29,INDF,RG,7175,13,F,DX,PD,D
10:37:26,INDF,RG,7175,23,F,DX,PD,D
10:37:26,INDF,RG,7175,7,F,DX,KK,D
10:37:26,INDF,RG,7175,1,F,DX,EP,D
10:37:26,INDF,RG,7175,2,F,DX,YP,D
10:37:26,INDF,RG,7175,1,F,DX,PD,D
10:37:23,INDF,RG,7175,10,F,DX,PD,D
10:37:23,INDF,RG,7150,14,F,DX,YU,F
10:37:23,INDF,RG,7150,5,F,YU,YU,F
10:37:23,INDF,RG,7150,8,F,CS,YU,F
10:37:23,INDF,RG,7150,20,D,ZP,YU,F
10:37:23,INDF,RG,7150,36,F,DX,YU,F
10:37:23,INDF,RG,7150,3,F,CS,YU,F
10:37:23,INDF,RG,7150,402,D,CC,YU,F
10:37:20,INDF,RG,7175,1,F,DX,PD,D
10:37:20,INDF,RG,7175,1,F,DX,YP,D
10:37:20,INDF,RG,7175,9,F,DX,NI,D
10:37:19,INDF,RG,7150,98,D,CC,YU,F
10:37:17,INDF,RG,7175,3,F,DX,NI,D
10:37:17,INDF,RG,7175,5,F,DX,YU,D
10:37:17,INDF,RG,7175,1,F,DX,YP,D
10:37:17,INDF,RG,7175,1,F,DX,XC,D
10:37:17,INDF,RG,7175,20,F,DX,YP,D
10:37:17,INDF,RG,7175,10,F,DX,PD,D
10:37:17,INDF,RG,7175,1,F,DX,YP,D
10:37:17,INDF,RG,7175,5,F,DX,AI,D
10:37:17,INDF,RG,7175,25,F,DX,KK,D
10:37:17,INDF,RG,7175,3,F,DX,YP,D
10:37:16,INDF,RG,7150,25,F,DX,AZ,D
10:37:13,INDF,RG,7150,2,F,ZP,AK,F
10:37:13,INDF,RG,7150,641,F,ZP,YU,F
10:37:13,INDF,RG,7150,25,F,ZP,AZ,D
10:37:13,INDF,RG,7150,138,F,ZP,AK,F
10:37:13,INDF,RG,7150,2,F,ZP,AK,F
10:37:13,INDF,RG,7150,1,F,ZP,NI,D
10:37:13,INDF,RG,7150,1,F,ZP,PD,D
10:37:13,INDF,RG,7150,38,F,ZP,DX,F
10:37:13,INDF,RG,7150,3,F,ZP,ZP,F
10:37:13,INDF,RG,7150,15,F,ZP,YU,D
10:37:13,INDF,RG,7150,31,F,ZP,AZ,D
10:37:13,INDF,RG,7150,5,F,ZP,XL,D
10:37:13,INDF,RG,7150,1,F,ZP,AZ,D
10:37:13,INDF,RG,7150,20,F,ZP,AG,D
10:37:13,INDF,RG,7150,3,F,ZP,KK,D
10:37:13,INDF,RG,7150,5,F,ZP,CC,D
10:37:13,INDF,RG,7150,5,F,ZP,CC,D
10:37:13,INDF,RG,7150,50,F,ZP,KK,D
10:37:13,INDF,RG,7150,15,F,ZP,KK,F
10:37:13,INDF,RG,7150,40,F,ZP,DX,F
10:37:13,INDF,RG,7150,3,F,ZP,ZP,F
10:37:13,INDF,RG,7150,7,F,ZP,YU,D
10:37:13,INDF,RG,7150,5,F,ZP,CC,D
10:37:13,INDF,RG,7150,41,F,ZP,YU,F
10:37:13,INDF,RG,7150,2,F,ZP,PD,D
10:37:13,INDF,RG,7150,40,F,ZP,BB,D
10:37:13,INDF,RG,7150,4,F,ZP,GR,D
10:37:13,INDF,RG,7150,13,F,ZP,DR,D
10:37:13,INDF,RG,7150,7,F,ZP,YP,D
10:37:13,INDF,RG,7150,12,F,ZP,PD,D
10:37:13,INDF,RG,7150,9,F,ZP,PD,D
10:37:13,INDF,RG,7150,66,F,ZP,PD,D
10:37:13,INDF,RG,7150,12,F,ZP,PD,D
10:37:13,INDF,RG,7150,9,F,ZP,PD,D
10:37:13,INDF,RG,7150,23,F,ZP,PD,D
10:37:12,INDF,RG,7150,43,D,CC,PD,D
10:37:12,INDF,RG,7150,39,D,CC,DX,F
10:37:12,INDF,RG,7150,17,D,CC,KZ,D
10:37:12,INDF,RG,7150,1,D,CC,ZP,F
10:37:12,INDF,RG,7150,20,D,CC,GR,D
10:37:12,INDF,RG,7150,2,D,CC,GR,D
10:37:12,INDF,RG,7150,6,D,CC,CC,D
10:37:12,INDF,RG,7150,1,D,CC,YP,D
10:37:12,INDF,RG,7150,48,D,CC,DX,F
10:37:12,INDF,RG,7150,40,D,CC,YB,D
10:37:12,INDF,RG,7150,15,D,CC,YP,D
10:37:12,INDF,RG,7150,2,D,CC,AK,F
10:37:12,INDF,RG,7150,266,D,CC,YU,D
10:37:12,INDF,RG,7150,9,F,DX,YU,D
10:37:11,INDF,RG,7150,1,D,RX,YU,D
10:37:10,INDF,RG,7150,46,F,YU,YU,D
10:37:10,INDF,RG,7150,33,F,DX,YU,D
10:37:10,INDF,RG,7150,500,D,CC,YU,D
10:37:06,INDF,RG,7150,9,F,DX,YU,D
10:37:05,INDF,RG,7150,10,F,DX,YU,D
10:37:04,INDF,RG,7150,23,F,CS,YU,D
10:37:04,INDF,RG,7150,103,D,CC,YU,D
10:37:04,INDF,RG,7150,6,D,CC,PD,D
10:37:04,INDF,RG,7150,53,D,CC,YU,F
10:37:04,INDF,RG,7150,20,D,CC,BQ,D
10:37:04,INDF,RG,7150,200,D,CC,BQ,D
10:37:04,INDF,RG,7150,33,D,CC,DX,F
10:37:04,INDF,RG,7150,49,D,CC,YU,F
10:37:04,INDF,RG,7150,10,D,CC,PD,D
10:37:04,INDF,RG,7150,2,D,CC,AK,F
10:37:04,INDF,RG,7150,40,D,CC,PD,D
10:37:04,INDF,RG,7150,10,D,CC,KK,D
10:37:04,INDF,RG,7150,23,D,CC,AK,F
10:37:04,INDF,RG,7150,12,D,CC,KZ,D
10:37:04,INDF,RG,7150,2,D,CC,AK,F
10:37:04,INDF,RG,7150,340,D,CC,YU,F
10:37:04,INDF,RG,7150,3,D,CC,CC,D
10:37:04,INDF,RG,7150,2,D,CC,AK,F
10:37:04,INDF,RG,7150,92,D,CC,AF,D
10:37:00,INDF,RG,7150,150,D,CC,AF,D
10:36:56,INDF,RG,7150,200,D,CC,AF,D
10:36:13,INDF,RG,7125,8,F,DX,DR,D
10:35:30,INDF,RG,7125,1,F,DX,NI,D
10:35:07,INDF,RG,7125,15,F,DX,AZ,D
10:34:45,INDF,RG,7125,5,F,DX,CC,D
10:34:30,INDF,RG,7125,3,F,DX,AK,F
10:34:23,INDF,RG,7150,10,D,YP,AF,D
10:34:13,INDF,RG,7125,27,F,DX,KZ,D
10:31:11,INDF,RG,7150,1,D,RX,AF,D
10:31:10,INDF,RG,7150,5,D,CC,AF,D
10:29:33,INDF,RG,7150,31,F,CS,AF,D
10:29:29,INDF,RG,7150,2,D,CC,AF,D
10:28:59,INDF,RG,7150,9,D,GR,AF,D
10:28:59,INDF,RG,7150,19,D,GR,BB,D
10:28:59,INDF,RG,7150,7,D,GR,YU,F
10:28:57,INDF,RG,7150,2,D,CC,YU,F
10:28:35,INDF,RG,7150,1,D,CC,YU,F
10:28:34,INDF,RG,7150,1,D,XC,YU,F
10:28:25,INDF,RG,7150,1,D,CC,YU,F
10:27:51,INDF,RG,7150,1,D,XL,YU,F
10:26:39,INDF,RG,7125,2,F,DX,GR,F
10:26:39,INDF,RG,7125,5,F,CS,GR,F
10:26:39,INDF,RG,7125,18,D,YU,GR,F
10:26:31,INDF,RG,7125,3,D,YU,PD,D
10:26:30,INDF,RG,7125,2,D,YU,EP,D
10:25:20,INDF,RG,7125,1,D,YU,GR,D
10:24:32,INDF,RG,7150,1,D,CC,YU,F
10:24:31,INDF,RG,7150,1,D,SQ,YU,F
10:23:57,INDF,RG,7150,1,D,CC,YU,F
10:23:27,INDF,RG,7150,2,D,CC,YU,F
10:23:02,INDF,RG,7150,1,D,RX,YU,F
10:22:49,INDF,RG,7150,1,D,SQ,YU,F
10:22:47,INDF,RG,7150,1,D,KK,YU,F
10:22:24,INDF,RG,7150,2,D,CC,YU,F
10:21:26,INDF,RG,7150,50,D,YP,YU,F
10:21:21,INDF,RG,7150,25,D,YP,YU,F
10:21:07,INDF,RG,7150,1,F,AK,YU,F
10:21:06,INDF,RG,7150,2,D,YP,YU,F
10:20:54,INDF,RG,7150,1,D,CC,YU,F
10:20:17,INDF,RG,7150,2,D,YP,YU,F
10:19:23,INDF,RG,7150,1,D,PD,YU,F
10:19:23,INDF,RG,7150,1,D,PD,ZP,F
10:18:58,INDF,RG,7150,1,D,YP,AK,F
10:18:58,INDF,RG,7150,9,D,YP,DX,F
10:18:58,INDF,RG,7150,190,D,YP,YU,F
10:18:45,INDF,RG,7150,1,D,PD,YU,F
10:17:03,INDF,RG,7150,1,D,CC,YU,F
10:16:48,INDF,RG,7150,1,D,YP,YU,F
10:16:36,INDF,RG,7150,5,D,SQ,YU,F
10:16:30,INDF,RG,7150,156,D,BQ,YU,F
10:16:30,INDF,RG,7150,18,D,BQ,BB,D
10:16:30,INDF,RG,7150,26,D,BQ,YP,D
10:16:14,INDF,RG,7150,9,F,DX,YP,D
10:15:45,INDF,RG,7150,6,F,DX,BB,D
10:15:45,INDF,RG,7150,11,F,DX,AK,F
10:15:42,INDF,RG,7150,81,F,DX,AK,F
10:15:42,INDF,RG,7150,12,F,DX,XC,D
10:15:30,INDF,RG,7150,66,F,DX,YU,F
10:15:30,INDF,RG,7150,6,F,DX,YU,F
10:15:30,INDF,RG,7150,23,F,DX,YU,F
10:15:30,INDF,RG,7150,14,F,DX,YU,F
10:15:30,INDF,RG,7150,9,F,YU,YU,F
10:15:29,INDF,RG,7175,7,F,DX,YP,D
10:15:29,INDF,RG,7175,1,F,DX,XC,D
10:15:25,INDF,RG,7150,1,F,CS,YU,F
10:15:25,INDF,RG,7150,3,F,CS,YU,F
10:15:25,INDF,RG,7150,26,F,DX,YU,F
10:15:24,INDF,RG,7175,21,F,DX,DD,D
10:15:24,INDF,RG,7175,1,F,DX,XL,D
10:15:24,INDF,RG,7175,14,F,DX,YP,D
10:15:24,INDF,RG,7175,12,F,DX,DR,D
10:15:24,INDF,RG,7175,5,F,DX,EP,D
10:15:24,INDF,RG,7150,1,F,DX,DX,F
10:15:24,INDF,RG,7150,1,F,CS,DX,F
10:15:23,INDF,RG,7150,35,D,CC,DX,F
10:15:23,INDF,RG,7150,12,D,CC,PD,D
10:15:23,INDF,RG,7150,9,D,CC,PD,D
10:15:23,INDF,RG,7150,66,D,CC,PD,D
10:15:23,INDF,RG,7150,41,D,CC,BB,D
10:15:23,INDF,RG,7150,87,D,CC,CS,F
10:15:22,INDF,RG,7150,27,D,ZP,CS,F
10:15:21,INDF,RG,7150,1,F,ZP,AK,F
10:15:21,INDF,RG,7150,1,F,ZP,ZP,F
10:15:21,INDF,RG,7150,188,F,ZP,YU,F
10:15:21,INDF,RG,7150,3,F,ZP,XC,D
10:15:21,INDF,RG,7150,14,F,ZP,YU,D
10:15:21,INDF,RG,7150,1,F,ZP,DR,D
10:15:21,INDF,RG,7150,1,F,ZP,ZP,F
10:15:21,INDF,RG,7150,2,F,ZP,NI,D
10:15:21,INDF,RG,7150,1,F,ZP,NI,D
10:15:21,INDF,RG,7150,4,F,ZP,XC,D
10:15:21,INDF,RG,7150,19,F,ZP,DR,D
10:15:21,INDF,RG,7150,20,F,ZP,SQ,D
10:15:21,INDF,RG,7150,42,F,ZP,DX,F
10:15:21,INDF,RG,7150,122,F,ZP,RX,F
10:15:21,INDF,RG,7150,2,F,ZP,AK,F
10:15:21,INDF,RG,7150,135,F,ZP,YU,F
10:15:21,INDF,RG,7150,1,F,ZP,DR,D
10:15:21,INDF,RG,7150,106,F,ZP,YU,F
10:15:21,INDF,RG,7150,6,F,ZP,YP,F
10:15:21,INDF,RG,7150,43,F,ZP,YU,F
10:15:20,INDF,RG,7150,13,D,ZP,YU,F
10:15:20,INDF,RG,7150,25,D,CC,YU,F
10:15:20,INDF,RG,7150,1,D,CC,ZP,F
10:15:20,INDF,RG,7150,18,D,CC,KZ,D
10:15:20,INDF,RG,7150,1,D,CC,PD,D
10:15:20,INDF,RG,7150,2,D,CC,YJ,D
10:15:20,INDF,RG,7150,2,D,CC,AK,F
10:15:20,INDF,RG,7150,4,D,CC,AZ,D
10:15:20,INDF,RG,7150,32,D,CC,DX,F
10:15:20,INDF,RG,7150,1,D,CC,SQ,D
10:15:20,INDF,RG,7150,1,D,CC,YP,D
10:15:20,INDF,RG,7150,1,D,CC,XC,D
10:15:20,INDF,RG,7150,1,D,CC,NI,D
10:15:20,INDF,RG,7150,66,D,CC,YU,F
10:15:20,INDF,RG,7150,10,D,CC,ZP,F
10:15:20,INDF,RG,7150,35,D,CC,BB,D
10:15:19,INDF,RG,7150,12,F,DX,BB,D
10:15:19,INDF,RG,7150,27,F,DX,AK,F
10:15:19,INDF,RG,7150,8,F,DX,AK,F
10:15:18,INDF,RG,7150,17,F,DX,AK,F
10:15:16,INDF,RG,7150,16,F,CS,AK,F
10:15:16,INDF,RG,7150,8,D,CC,AK,F
10:15:16,INDF,RG,7150,2,D,CC,AK,F
10:15:16,INDF,RG,7150,12,D,CC,PD,D
10:15:16,INDF,RG,7150,9,D,CC,PD,D
10:15:16,INDF,RG,7150,66,D,CC,PD,D
10:15:16,INDF,RG,7150,48,D,CC,DX,F
10:15:16,INDF,RG,7150,7,D,CC,ZP,F
10:15:16,INDF,RG,7150,348,D,CC,YU,F
10:15:00,INDF,RG,7125,7,D,YU,DR,D
10:14:39,INDF,RG,7125,8,D,YU,XC,D
10:14:19,INDF,RG,7125,1,D,YU,BQ,D
10:13:15,INDF,RG,7150,1,D,RX,YU,F
10:13:13,INDF,RG,7150,3,D,KK,YU,F
10:12:39,INDF,RG,7125,2,D,YU,KK,D
10:12:27,INDF,RG,7125,3,D,YU,NI,D
10:12:03,INDF,RG,7150,17,D,YP,YU,F
10:11:39,INDF,RG,7150,2,D,XL,YU,F
10:11:29,INDF,RG,7150,7,F,DX,YU,F
10:11:29,INDF,RG,7150,1,F,DX,PD,D
10:11:29,INDF,RG,7150,1,F,DX,PD,D
10:11:27,INDF,RG,7150,17,F,DX,KZ,D
10:11:27,INDF,RG,7150,2,F,DX,CC,D
10:11:27,INDF,RG,7150,8,F,DX,BQ,D
10:11:25,INDF,RG,7150,9,F,DX,BQ,D
10:11:25,INDF,RG,7150,17,F,YU,BQ,D
10:11:24,INDF,RG,7150,66,D,BQ,BQ,D
10:11:24,INDF,RG,7150,20,D,BQ,BQ,D
10:11:24,INDF,RG,7150,2,D,BQ,AK,F
10:11:24,INDF,RG,7150,100,D,BQ,BQ,D
10:11:24,INDF,RG,7150,112,D,BQ,YU,F
10:11:22,INDF,RG,7150,1,D,NI,YU,F
10:10:51,INDF,RG,7150,1,D,CC,YU,F
10:10:49,INDF,RG,7150,77,D,BQ,YU,F
10:10:49,INDF,RG,7150,100,D,BQ,BQ,D
10:10:49,INDF,RG,7150,123,D,BQ,RX,F
10:10:36,INDF,RG,7150,40,D,DH,RX,F
10:10:00,INDF,RG,7150,1,D,CC,RX,F
10:09:53,INDF,RG,7150,9,F,CS,RX,F
10:09:53,INDF,RG,7150,12,F,CS,DX,F
10:09:18,INDF,RG,7150,1,D,CC,DX,F
10:09:15,INDF,RG,7150,60,D,PD,DX,F
10:09:15,INDF,RG,7150,2,D,PD,AK,F
10:09:15,INDF,RG,7150,2,D,PD,AK,F
10:09:15,INDF,RG,7150,136,D,PD,CC,D
10:08:10,INDF,RG,7150,1,D,CC,CC,D
10:07:43,INDF,RG,7150,1,D,YP,CC,D
10:07:09,INDF,RG,7125,1,D,YU,NI,D
10:06:44,INDF,RG,7125,2,D,YU,XC,D
10:05:54,INDF,RG,7125,1,D,YU,YP,D
10:05:36,INDF,RG,7150,5,D,SQ,CC,D
10:05:34,INDF,RG,7125,1,D,YU,NI,D
10:05:25,INDF,RG,7125,1,D,YU,AZ,D
10:05:12,INDF,RG,7150,15,D,YP,CC,D
10:05:12,INDF,RG,7150,29,D,YP,AK,F
10:05:12,INDF,RG,7150,1,D,YP,ZP,F
10:05:12,INDF,RG,7150,5,D,YP,BB,D
10:04:22,INDF,RG,7125,1,D,YU,PD,D
10:04:20,INDF,RG,7125,1,D,YU,LG,D
10:04:18,INDF,RG,7125,6,D,YU,CC,D
10:02:00,INDF,RG,7125,163,D,YU,CC,D
10:00:55,INDF,RG,7150,10,F,YU,YU,F
10:00:55,INDF,RG,7150,1,D,PD,YU,F
10:00:55,INDF,RG,7150,1,D,NI,YU,F
10:00:55,INDF,RG,7150,5,D,PD,YU,F
10:00:54,INDF,RG,7150,14,D,PD,YP,D
10:00:54,INDF,RG,7150,5,F,CS,YP,D
10:00:54,INDF,RG,7150,4,D,PD,YP,D
10:00:54,INDF,RG,7150,18,F,DX,YP,D
10:00:54,INDF,RG,7150,48,F,ZP,YP,D
10:00:54,INDF,RG,7150,11,F,YU,YP,D
10:00:10,INDF,RG,7175,1,D,RG,EP,D
10:00:04,INDF,RG,7150,1,F,YU,YU,F
10:00:04,INDF,RG,7150,2,D,PD,YU,F
10:00:00,INDF,RG,7150,23,D,PD,HP,D
10:00:00,INDF,RG,7150,1,D,CC,HP,D
10:00:00,INDF,RG,7150,10,F,CS,HP,D
10:00:00,INDF,RG,7150,3,F,CS,HP,D
10:00:00,INDF,RG,7150,2,F,CS,HP,D
09:59:53,INDF,RG,7150,4,F,CS,YU,F
09:59:53,INDF,RG,7150,3,D,XL,YU,F
09:59:53,INDF,RG,7150,2,D,RX,YU,F
09:59:53,INDF,RG,7150,2,D,CC,YU,F
09:59:53,INDF,RG,7150,25,D,YP,YU,F
09:59:53,INDF,RG,7150,6,F,DX,YU,F
09:59:50,INDF,RG,7150,15,F,DX,BK,F
09:59:50,INDF,RG,7150,66,F,ZP,BK,F
09:59:35,INDF,RG,7150,4,F,ZP,PD,D
09:59:29,INDF,RG,7150,10,F,ZP,YU,F
09:59:27,INDF,RG,7150,12,F,ZP,PD,D
09:59:27,INDF,RG,7150,9,F,ZP,PD,D
09:59:27,INDF,RG,7150,34,F,ZP,PD,D
09:59:27,INDF,RG,7150,2,F,YU,PD,D
09:59:27,INDF,RG,7150,30,F,DX,PD,D
09:58:46,INDF,RG,7175,1,D,RX,EP,D
09:58:31,INDF,RG,7175,1,D,ZP,EP,D
09:57:55,INDF,RG,7150,2,F,DX,PD,D
09:56:58,INDF,RG,7150,1,F,DX,AK,F
09:56:57,INDF,RG,7150,2,F,DX,AK,F
09:56:57,INDF,RG,7150,4,F,DX,AK,F
09:56:57,INDF,RG,7150,8,F,DX,AK,F
09:56:57,INDF,RG,7150,16,F,DX,AK,F
09:56:57,INDF,RG,7175,1,D,YP,EP,D
09:56:57,INDF,RG,7150,32,F,DX,YU,F
09:56:57,INDF,RG,7150,56,D,BQ,YU,F
09:56:55,INDF,RG,7150,31,D,BQ,AK,F
09:56:55,INDF,RG,7150,150,D,BQ,EP,D
09:56:33,INDF,RG,7150,100,D,BQ,OD,D
09:56:30,INDF,RG,7150,1,D,BQ,XL,D
09:56:29,INDF,RG,7175,1,D,RX,EP,D
09:56:28,INDF,RG,7150,39,D,BQ,LG,D
09:56:23,INDF,RG,7150,313,D,BQ,YU,F
09:56:23,INDF,RG,7150,10,D,BQ,BB,D
09:56:17,INDF,RG,7150,137,F,DX,YU,F
09:56:17,INDF,RG,7150,11,F,DX,YU,F
09:56:17,INDF,RG,7150,69,F,BK,YU,F
09:56:17,INDF,RG,7150,2,D,YP,YU,F
09:56:17,INDF,RG,7150,20,D,YP,YU,F
09:56:17,INDF,RG,7150,1,F,DX,YU,F
09:56:17,INDF,RG,7150,5,F,YU,YU,F
09:56:17,INDF,RG,7150,15,F,DX,YU,F
09:56:17,INDF,RG,7150,9,F,DX,YU,F
09:56:16,INDF,RG,7175,8,F,DX,LG,D
09:56:13,INDF,RG,7175,66,F,DX,LG,D
09:56:11,INDF,RG,7150,13,F,DX,YU,F
09:56:11,INDF,RG,7150,5,F,DX,YU,F
09:56:11,INDF,RG,7150,170,F,ZP,YU,F
09:56:11,INDF,RG,7150,2,F,ZP,AK,F
09:56:11,INDF,RG,7150,1,F,ZP,ZP,F
09:56:11,INDF,RG,7150,38,F,ZP,DX,F
09:56:11,INDF,RG,7150,3,F,ZP,YP,D
09:56:11,INDF,RG,7150,1,F,ZP,YU,F
09:56:11,INDF,RG,7150,3,F,ZP,AK,F
09:56:11,INDF,RG,7150,23,F,ZP,KZ,D
09:56:11,INDF,RG,7150,10,F,ZP,GR,D
09:56:11,INDF,RG,7150,1,F,ZP,XC,D
09:56:11,INDF,RG,7150,125,F,ZP,LG,D
09:56:11,INDF,RG,7150,3,F,ZP,AK,F
09:56:11,INDF,RG,7150,89,F,ZP,AK,F
09:56:11,INDF,RG,7150,1,F,ZP,PD,D
09:56:11,INDF,RG,7150,31,F,ZP,DX,F
09:56:11,INDF,RG,7150,12,F,ZP,ZP,F
09:56:11,INDF,RG,7150,10,F,ZP,PD,D
09:56:11,INDF,RG,7150,16,F,ZP,CC,D
09:56:11,INDF,RG,7150,2,F,ZP,SQ,D
09:56:11,INDF,RG,7150,29,F,ZP,DX,F
09:56:11,INDF,RG,7150,6,F,ZP,YU,D
09:56:11,INDF,RG,7150,11,F,ZP,RX,F
09:56:10,INDF,RG,7150,100,D,CC,RX,F
09:56:10,INDF,RG,7150,10,F,DX,RX,F
09:56:08,INDF,RG,7150,34,F,YU,RX,F
09:56:08,INDF,RG,7150,34,F,DX,RX,F
09:56:07,INDF,RG,7150,17,F,CS,RX,F
09:56:07,INDF,RG,7150,83,D,CC,RX,F
09:56:07,INDF,RG,7150,1,D,CC,ZP,F
09:56:07,INDF,RG,7150,20,D,CC,KI,D
09:56:07,INDF,RG,7150,70,D,CC,KK,D
09:56:07,INDF,RG,7150,20,D,CC,KI,D
09:56:07,INDF,RG,7150,1,D,CC,XC,D
09:56:07,INDF,RG,7150,39,D,CC,DX,F
09:56:07,INDF,RG,7150,14,D,CC,KZ,D
09:56:07,INDF,RG,7150,2,D,CC,KK,D
09:56:07,INDF,RG,7150,16,D,CC,BB,D
09:56:07,INDF,RG,7150,1,D,CC,ZP,F
09:56:07,INDF,RG,7150,233,D,CC,YU,F
09:56:05,INDF,RG,7150,14,F,DX,YU,F
09:56:05,INDF,RG,7150,32,F,DX,YU,F
09:56:03,INDF,RG,7150,214,D,CC,YU,F
09:56:03,INDF,RG,7150,111,D,CC,CS,F
09:56:03,INDF,RG,7150,1,D,CC,CC,D
09:56:03,INDF,RG,7150,2,D,CC,AR,D
09:56:03,INDF,RG,7150,1,D,CC,YP,D
09:56:03,INDF,RG,7150,2,D,CC,AK,F
09:56:03,INDF,RG,7150,3,D,CC,YP,D
09:56:03,INDF,RG,7150,12,D,CC,PD,D
09:56:03,INDF,RG,7150,9,D,CC,PD,D
09:56:03,INDF,RG,7150,67,D,CC,PD,D
09:56:03,INDF,RG,7150,4,D,CC,ZP,F
09:56:03,INDF,RG,7150,50,D,CC,CC,D
09:56:03,INDF,RG,7150,24,D,CC,DX,F
09:55:45,INDF,RG,7150,1,D,XC,DX,F
09:54:07,INDF,RG,7150,3,D,CC,DX,F
09:54:07,INDF,RG,7150,2,D,CC,AK,F
09:53:15,INDF,RG,7150,100,D,YB,YU,F
09:52:58,INDF,RG,7150,1,D,RX,YU,F
09:52:48,INDF,RG,7150,1,D,ZP,YU,F
09:52:43,INDF,RG,7150,100,D,CC,YU,F
09:52:40,INDF,RG,7150,193,D,CC,YU,F
09:52:40,INDF,RG,7150,2,D,CC,AK,F
09:52:40,INDF,RG,7150,5,D,CC,CS,F
09:52:37,INDF,RG,7150,121,D,CC,CS,F
09:52:37,INDF,RG,7150,79,D,CC,AK,F
09:52:31,INDF,RG,7150,77,D,CC,AK,F
09:52:31,INDF,RG,7150,23,D,CC,DX,D
09:52:10,INDF,RG,7150,3,D,CC,DX,D
09:52:03,INDF,RG,7150,1,D,RX,DX,D
09:51:49,INDF,RG,7125,5,D,YU,YP,D
09:51:29,INDF,RG,7125,2,D,YU,BQ,D
09:51:16,INDF,RG,7150,1,D,XC,DX,D
09:51:14,INDF,RG,7150,1,D,YB,DX,D
09:50:58,INDF,RG,7125,12,D,YU,PD,D
09:50:58,INDF,RG,7125,9,D,YU,PD,D
09:50:58,INDF,RG,7125,66,D,YU,PD,D
09:50:55,INDF,RG,7125,3,D,YU,PD,D
09:50:13,INDF,RG,7150,6,D,YP,DX,D
09:49:19,INDF,RG,7125,2,D,YU,HP,D
09:49:06,INDF,RG,7125,1,D,YU,SQ,D
09:45:38,INDF,RG,7125,8,D,YU,LG,D
09:45:00,INDF,RG,7150,6,D,HP,DX,D
09:44:31,INDF,RG,7150,3,D,PD,DX,D
09:44:19,INDF,RG,7125,20,D,YU,CC,D
09:43:37,INDF,RG,7125,150,D,YU,XA,D
09:43:37,INDF,RG,7125,2,D,CC,XA,D
09:43:37,INDF,RG,7125,5,D,DH,XA,D
09:43:37,INDF,RG,7125,27,F,DX,XA,D
09:43:37,INDF,RG,7125,4,F,CS,XA,D
09:43:37,INDF,RG,7125,3,F,CS,XA,D
09:43:37,INDF,RG,7125,9,D,CC,XA,D
09:42:32,INDF,RG,7150,1,D,XC,DX,D
09:42:15,INDF,RG,7150,19,F,DX,YU,F
09:42:15,INDF,RG,7150,170,F,DX,YU,F
09:42:15,INDF,RG,7150,9,F,CS,YU,F
09:42:15,INDF,RG,7150,28,D,ZP,YU,F
09:42:13,INDF,RG,7175,13,F,DX,LG,D
09:42:12,INDF,RG,7175,116,F,DX,LG,D
09:42:11,INDF,RG,7150,2,F,ZP,AK,F
09:42:11,INDF,RG,7150,2,F,ZP,MG,D
09:42:11,INDF,RG,7150,2,F,ZP,XC,D
09:42:11,INDF,RG,7150,10,F,ZP,CP,D
09:42:11,INDF,RG,7150,33,F,ZP,DX,F
09:42:11,INDF,RG,7150,1,F,ZP,DR,D
09:42:11,INDF,RG,7150,5,F,ZP,GR,D
09:42:10,INDF,RG,7150,7,F,YU,GR,D
09:42:10,INDF,RG,7150,21,F,YU,YB,D
09:42:10,INDF,RG,7150,2,F,YU,AK,F
09:42:10,INDF,RG,7150,10,F,YU,CC,D
09:42:10,INDF,RG,7150,3,F,YU,BB,D
09:42:10,INDF,RG,7150,50,F,YU,YP,D
09:42:10,INDF,RG,7150,1,F,YU,XC,D
09:42:10,INDF,RG,7150,51,F,YU,DX,F
09:42:10,INDF,RG,7150,17,F,YU,YU,F
09:42:10,INDF,RG,7150,3,F,YU,AK,F
09:42:10,INDF,RG,7150,44,F,YU,PD,D
09:42:10,INDF,RG,7150,5,F,YU,ZP,F
09:42:10,INDF,RG,7150,3,F,YU,AK,F
09:42:10,INDF,RG,7150,35,F,YU,DX,F
09:42:10,INDF,RG,7150,1,F,YU,PD,D
09:42:10,INDF,RG,7150,33,F,YU,YU,F
09:42:10,INDF,RG,7150,1,F,YU,CC,D
09:42:10,INDF,RG,7150,4,F,YU,AK,F
09:42:10,INDF,RG,7150,5,F,YU,PD,D
09:42:10,INDF,RG,7150,1,F,YU,PD,D
09:42:10,INDF,RG,7150,1,F,YU,ZP,F
09:42:10,INDF,RG,7150,13,F,YU,DX,F
09:42:10,INDF,RG,7150,2,F,YU,DR,D
09:42:10,INDF,RG,7150,82,F,YU,YU,F
09:42:10,INDF,RG,7150,2,F,YU,ZP,F
09:42:10,INDF,RG,7150,1,F,YU,XC,D
09:42:10,INDF,RG,7150,5,F,YU,SQ,D
09:42:10,INDF,RG,7150,2,F,YU,CC,D
09:42:10,INDF,RG,7150,3,F,YU,PD,D
09:42:10,INDF,RG,7150,6,F,YU,YU,F
09:42:10,INDF,RG,7150,15,F,YU,YU,F
09:42:10,INDF,RG,7150,1,F,YU,KK,D
09:42:10,INDF,RG,7150,1,F,YU,XL,D
09:42:10,INDF,RG,7150,1,F,YU,YP,D
09:42:10,INDF,RG,7150,172,F,YU,CS,F
09:42:10,INDF,RG,7150,1,F,YU,PD,D
09:42:10,INDF,RG,7150,200,F,YU,BQ,D
09:42:10,INDF,RG,7150,4,F,YU,DR,D
09:42:10,INDF,RG,7150,150,F,YU,BQ,D
09:42:10,INDF,RG,7150,1,F,YU,YP,D
09:42:10,INDF,RG,7150,25,F,YU,KK,D
09:42:10,INDF,RG,7150,8,F,YU,NI,D
09:42:10,INDF,RG,7150,16,F,YU,HP,D
09:42:10,INDF,RG,7150,1,F,YU,YU,F
09:42:10,INDF,RG,7150,1,F,YU,YP,D
09:42:10,INDF,RG,7150,1,F,YU,PD,D
09:42:10,INDF,RG,7150,570,F,YU,LG,D
09:42:10,INDF,RG,7150,1,F,YU,EP,D
09:42:10,INDF,RG,7150,5,F,YU,GR,D
09:42:10,INDF,RG,7150,2,F,YU,AZ,D
09:42:10,INDF,RG,7150,1,F,YU,PD,D
09:42:10,INDF,RG,7150,4,F,YU,PD,D
09:42:10,INDF,RG,7150,2,F,YU,GR,D
09:42:10,INDF,RG,7150,1,F,YU,XC,D
09:42:10,INDF,RG,7150,5,F,YU,YP,D
09:42:10,INDF,RG,7150,1,F,YU,PD,D
09:42:10,INDF,RG,7150,5,F,YU,CC,D
09:42:10,INDF,RG,7150,5,F,YU,YP,D
09:42:10,INDF,RG,7150,1,F,YU,CC,D
09:42:10,INDF,RG,7150,12,F,YU,PD,D
09:42:10,INDF,RG,7150,9,F,YU,PD,D
09:42:10,INDF,RG,7150,67,F,YU,PD,D
09:42:10,INDF,RG,7150,600,F,YU,LG,D
09:42:10,INDF,RG,7150,3,F,YU,XL,D
09:42:10,INDF,RG,7150,15,F,YU,BQ,D
09:42:10,INDF,RG,7150,2,F,YU,KK,D
09:42:10,INDF,RG,7150,25,F,YU,CC,D
09:42:08,INDF,RG,7125,3,D,CC,PD,D
09:41:36,INDF,RG,7125,50,D,CC,CC,D
09:40:44,INDF,RG,7125,4,D,CC,XL,D
09:40:20,INDF,RG,7150,1,D,CC,BK,F
09:40:06,INDF,RG,7125,1,D,CC,YP,D
09:38:55,INDF,RG,7125,1,D,CC,YP,F
09:38:27,INDF,RG,7150,12,D,YP,BK,F
09:38:26,INDF,RG,7125,205,D,CC,RX,F
09:38:26,INDF,RG,7125,27,D,CC,AK,F
09:38:21,INDF,RG,7125,8,F,DX,AK,F
09:38:21,INDF,RG,7125,1,F,DX,ZP,F
09:38:21,INDF,RG,7125,2,F,DX,BQ,D
09:38:19,INDF,RG,7125,13,F,CS,BQ,D
09:38:19,INDF,RG,7125,20,F,DX,BQ,D
09:38:19,INDF,RG,7125,65,F,ZP,BQ,D
09:38:19,INDF,RG,7125,30,F,ZP,DX,F
09:38:18,INDF,RG,7125,15,F,ZP,KZ,D
09:38:18,INDF,RG,7125,2,D,YU,KZ,D
09:38:14,INDF,RG,7125,13,D,YU,BQ,D
09:38:14,INDF,RG,7125,1,D,XC,BQ,D
09:38:14,INDF,RG,7125,1,F,DX,BQ,D
09:38:08,INDF,RG,7125,12,F,DX,YP,D
09:38:08,INDF,RG,7125,1,D,RX,YP,D
09:38:08,INDF,RG,7125,1,D,DR,YP,D
09:38:08,INDF,RG,7125,18,F,DX,YP,D
09:38:08,INDF,RG,7125,100,D,YP,YP,D
09:38:08,INDF,RG,7125,16,F,CS,YP,D
09:38:08,INDF,RG,7125,18,F,CS,YP,D
09:38:08,INDF,RG,7125,10,D,LG,YP,D
09:38:08,INDF,RG,7125,2,D,CC,YP,D
09:38:08,INDF,RG,7125,5,D,CC,YP,D
09:38:08,INDF,RG,7125,1,D,YP,YP,D
09:38:08,INDF,RG,7125,22,F,DX,YP,D
09:38:08,INDF,RG,7125,200,D,CC,YP,D
09:38:08,INDF,RG,7125,33,F,DX,YP,D
09:38:08,INDF,RG,7125,61,D,CC,YP,D
09:38:06,INDF,RG,7125,89,D,CC,BQ,D
09:38:06,INDF,RG,7125,11,D,AZ,BQ,D
09:37:56,INDF,RG,7125,89,D,AZ,BQ,D
09:37:56,INDF,RG,7125,11,F,DX,BQ,D
09:37:24,INDF,RG,7150,23,D,YP,BK,F
09:37:24,INDF,RG,7125,14,F,DX,OD,D
09:37:24,INDF,RG,7125,16,D,CC,OD,D
09:36:57,INDF,RG,7150,5,D,ZP,BK,F
09:36:56,INDF,RG,7125,15,D,CC,XC,D
09:36:29,INDF,RG,7125,1,D,CC,CC,D
09:36:18,INDF,RG,7125,40,D,CC,NI,D
09:36:11,INDF,RG,7125,3,D,CC,NI,D
09:36:02,INDF,RG,7125,4,D,CC,DH,D
09:34:36,INDF,RG,7150,2,D,XL,BK,F
09:34:26,INDF,RG,7150,2,D,XC,BK,F
09:34:03,INDF,RG,7125,100,D,CC,BQ,D
09:33:58,INDF,RG,7125,21,D,CC,BQ,D
09:33:58,INDF,RG,7125,1,D,CC,BQ,D
09:33:58,INDF,RG,7125,2,D,RX,BQ,D
09:33:58,INDF,RG,7125,2,D,CC,BQ,D
09:33:58,INDF,RG,7125,4,D,YP,BQ,D
09:33:58,INDF,RG,7125,40,F,DX,BQ,D
09:33:58,INDF,RG,7125,30,F,ZP,BQ,D
09:33:53,INDF,RG,7125,15,F,ZP,BQ,D
09:33:52,INDF,RG,7125,1,F,ZP,KK,D
09:33:44,INDF,RG,7125,16,F,ZP,YP,D
09:33:43,INDF,RG,7125,2,F,ZP,YP,D
09:33:34,INDF,RG,7125,8,F,ZP,YP,D
09:33:29,INDF,RG,7125,98,F,ZP,CC,D
09:33:21,INDF,RG,7150,1,D,NI,BK,F
09:33:16,INDF,RG,7125,50,F,ZP,DX,D
09:32:48,INDF,RG,7150,1,D,RX,BK,F
09:32:46,INDF,RG,7125,17,F,DX,YB,D
09:32:46,INDF,RG,7125,1,D,XC,YB,D
09:32:46,INDF,RG,7125,32,D,YP,YB,D
09:32:21,INDF,RG,7150,6,D,PD,BK,F
09:32:05,INDF,RG,7150,5,D,ZP,BK,F
09:32:00,INDF,RG,7125,10,D,YP,YJ,D
09:31:58,INDF,RG,7125,26,D,YP,KZ,D
09:31:57,INDF,RG,7125,2,D,YP,BQ,D
09:31:57,INDF,RG,7125,16,F,DX,BQ,D
09:31:57,INDF,RG,7125,52,D,CC,BQ,D
09:31:57,INDF,RG,7125,3,D,XC,BQ,D
09:31:57,INDF,RG,7125,3,D,YP,BQ,D
09:31:57,INDF,RG,7125,24,D,NI,BQ,D
09:31:43,INDF,RG,7125,5,D,NI,EP,D
09:31:10,INDF,RG,7125,1,D,NI,PD,D
09:31:09,INDF,RG,7150,20,D,PD,BK,F
09:30:23,INDF,RG,7150,12,D,AZ,BK,F
09:29:51,INDF,RG,7125,12,D,NI,PD,D
09:29:51,INDF,RG,7125,9,D,NI,PD,D
09:29:51,INDF,RG,7125,49,D,NI,PD,D
09:29:51,INDF,RG,7125,2,D,EP,PD,D
09:29:51,INDF,RG,7125,16,F,DX,PD,D
09:29:41,INDF,RG,7125,4,F,DX,PD,D
09:29:41,INDF,RG,7125,21,D,YP,PD,D
09:29:41,INDF,RG,7125,4,D,YP,PD,D
09:29:41,INDF,RG,7125,5,D,DH,PD,D
09:29:41,INDF,RG,7125,9,D,NI,PD,D
09:29:41,INDF,RG,7125,1,D,NI,PD,D
09:29:41,INDF,RG,7125,32,F,ZP,PD,D
09:29:41,INDF,RG,7125,1,D,YP,PD,D
09:29:41,INDF,RG,7125,24,F,DX,PD,D
09:29:41,INDF,RG,7125,75,F,ZP,PD,D
09:29:01,INDF,RG,7125,1,F,ZP,XA,D
09:28:48,INDF,RG,7125,15,F,ZP,BQ,D
09:28:43,INDF,RG,7125,5,F,ZP,AK,F
09:28:43,INDF,RG,7125,42,F,ZP,AK,F
09:28:43,INDF,RG,7125,59,F,ZP,BQ,D
09:28:43,INDF,RG,7125,4,D,RO,BQ,D
09:28:43,INDF,RG,7125,1,D,CC,BQ,D
09:28:43,INDF,RG,7125,34,F,DX,BQ,D
09:28:43,INDF,RG,7125,9,F,DX,BQ,D
09:28:43,INDF,RG,7125,43,D,CC,BQ,D
09:28:37,INDF,RG,7125,100,D,CC,BQ,D
09:28:14,INDF,RG,7125,1,D,CC,YP,D
09:27:55,INDF,RG,7125,1,D,CC,EP,D
09:27:26,INDF,RG,7150,72,D,GR,BK,F
09:27:26,INDF,RG,7150,1,D,GR,KK,D
09:27:26,INDF,RG,7150,27,D,GR,BQ,D
09:26:33,INDF,RG,7150,1,D,XL,BQ,D
09:26:24,INDF,RG,7125,1,D,CC,PD,D
09:25:36,INDF,RG,7125,100,D,CC,BQ,D
09:25:31,INDF,RG,7125,4,D,CC,BQ,D
09:25:31,INDF,RG,7125,11,D,ZP,BQ,D
09:25:30,INDF,RG,7125,10,D,ZP,XL,D
09:25:23,INDF,RG,7125,11,D,ZP,BQ,D
09:25:23,INDF,RG,7125,17,F,DX,BQ,D
09:25:23,INDF,RG,7125,12,F,DX,BQ,D
09:25:23,INDF,RG,7125,60,D,CC,BQ,D
09:24:47,INDF,RG,7125,40,D,CC,CC,F
09:24:47,INDF,RG,7125,41,D,PD,CC,F
09:24:47,INDF,RG,7125,9,D,PD,CS,F
09:24:43,INDF,RG,7125,9,F,DX,CS,F
09:24:41,INDF,RG,7125,9,F,DX,CS,F
09:24:40,INDF,RG,7125,44,F,DX,CS,F
09:24:39,INDF,RG,7125,12,F,DX,CS,F
09:24:36,INDF,RG,7125,22,F,DX,CS,F
09:24:35,INDF,RG,7125,10,F,ZP,DX,F
09:24:35,INDF,RG,7125,5,F,ZP,SQ,D
09:24:35,INDF,RG,7125,4,F,ZP,AK,F
09:24:35,INDF,RG,7125,9,F,ZP,YP,D
09:24:35,INDF,RG,7125,1,F,ZP,ZP,F
09:24:35,INDF,RG,7125,1,F,ZP,YP,D
09:24:35,INDF,RG,7125,12,F,ZP,ZP,F
09:24:35,INDF,RG,7125,5,F,ZP,GR,D
09:24:35,INDF,RG,7125,41,F,ZP,AK,F
09:24:35,INDF,RG,7125,220,F,ZP,BK,F
09:24:35,INDF,RG,7125,98,F,ZP,RX,F
09:24:35,INDF,RG,7125,5,F,ZP,PD,D
09:24:35,INDF,RG,7125,4,F,ZP,KK,D
09:24:35,INDF,RG,7125,9,F,ZP,CC,F
09:24:13,INDF,RG,7125,12,F,DX,CC,F
09:24:10,INDF,RG,7125,11,F,DX,CC,F
09:24:07,INDF,RG,7125,9,F,DX,CC,F
09:24:05,INDF,RG,7125,11,F,DX,CC,F
09:23:57,INDF,RG,7125,10,F,DX,CC,F
09:23:54,INDF,RG,7125,10,F,DX,CC,F
09:23:52,INDF,RG,7125,12,F,DX,CC,F
09:23:52,INDF,RG,7125,20,F,DX,SQ,D
09:23:52,INDF,RG,7125,17,F,DX,DX,F
09:23:52,INDF,RG,7125,39,F,DX,CS,F
09:23:51,INDF,RG,7100,1500,F,YU,YP,D
09:23:22,INDF,RG,7100,25,F,YU,GR,D
09:23:13,INDF,RG,7100,93,F,YU,YP,D
09:22:58,INDF,RG,7125,14,D,CP,CS,F
09:22:32,INDF,RG,7125,11,F,DX,CS,F
09:22:31,INDF,RG,7100,1,F,YU,PD,D
09:22:31,INDF,RG,7125,36,F,DX,CS,F
09:22:29,INDF,RG,7125,9,F,DX,CS,F
09:22:28,INDF,RG,7125,46,D,CC,CS,F
09:22:28,INDF,RG,7125,60,D,CC,BK,F
09:22:28,INDF,RG,7125,33,D,CC,BB,D
09:22:28,INDF,RG,7125,161,D,CC,YU,F
09:22:23,INDF,RG,7125,5,D,NI,YU,F
09:22:19,INDF,RG,7125,12,F,DX,YU,F
09:22:18,INDF,RG,7125,31,F,DX,YU,F
09:22:15,INDF,RG,7125,9,F,DX,YU,F
09:22:15,INDF,RG,7125,9,F,ZP,YU,F
09:22:15,INDF,RG,7125,23,F,DX,YU,F
09:22:14,INDF,RG,7125,158,F,ZP,YU,F
09:22:14,INDF,RG,7125,1,F,ZP,CC,D
09:22:14,INDF,RG,7125,1,F,ZP,ZP,F
09:22:14,INDF,RG,7125,4,F,ZP,ZP,F
09:22:14,INDF,RG,7125,15,F,ZP,YP,D
09:22:14,INDF,RG,7125,9,F,ZP,XL,D
09:22:14,INDF,RG,7125,4,F,ZP,AK,F
09:22:14,INDF,RG,7125,4,F,ZP,AK,F
09:22:14,INDF,RG,7125,58,F,ZP,BK,F
09:22:14,INDF,RG,7125,9,F,ZP,DX,F
09:22:14,INDF,RG,7125,100,F,ZP,BQ,D
09:22:14,INDF,RG,7125,25,F,ZP,BB,D
09:22:14,INDF,RG,7125,3,D,PD,AK,F
09:22:07,INDF,RG,7125,2,D,CC,AK,F
09:22:00,INDF,RG,7125,5,D,PD,AK,F
09:21:36,INDF,RG,7125,20,D,DH,AK,F
09:21:17,INDF,RG,7100,1,F,YU,PD,D
09:21:04,INDF,RG,7125,10,F,DX,AK,F
09:21:03,INDF,RG,7125,2,D,KK,AK,F
09:21:03,INDF,RG,7125,100,D,PD,AK,F
09:20:51,INDF,RG,7125,13,F,DX,AK,F
