Time,Stock,Brd,Price,Qty,BT,BC,SC,ST
15:14:35,INDF,RG,6575,1,D,XL,NI,D
15:13:15,INDF,RG,6575,6,D,CC,NI,D
15:13:15,INDF,RG,6575,1,D,CC,YP,D
15:13:15,INDF,RG,6575,1,D,CC,YP,D
15:13:15,INDF,RG,6575,111,D,CC,DH,D
15:13:15,INDF,RG,6575,1,D,CC,SQ,D
15:13:15,INDF,RG,6575,5,D,CC,XC,D
15:13:15,INDF,RG,6575,1,D,CC,CC,D
15:13:15,INDF,RG,6575,60,D,CC,CC,D
15:13:15,INDF,RG,6575,1,D,CC,NI,D
15:13:15,INDF,RG,6575,4,D,CC,YP,D
15:13:15,INDF,RG,6575,100,D,CC,CC,D
15:13:15,INDF,RG,6575,1,D,CC,YP,D
15:13:15,INDF,RG,6575,10,D,CC,PD,D
15:13:15,INDF,RG,6575,10,D,CC,YP,D
15:13:15,INDF,RG,6575,2500,D,CC,GR,D
15:13:15,INDF,RG,6575,4,D,CC,YP,D
15:13:15,INDF,RG,6575,1,D,CC,CC,D
15:13:15,INDF,RG,6575,1,D,CC,XC,D
15:13:15,INDF,RG,6575,1000,D,CC,AI,D
15:13:15,INDF,RG,6575,82,D,CC,CP,D
15:11:34,INDF,RG,6575,18,D,CC,CP,D
15:11:34,INDF,RG,6575,7,D,CC,EP,D
15:11:34,INDF,RG,6575,5,D,CC,YP,D
15:10:40,INDF,RG,6575,20,D,CP,YP,D
15:10:22,INDF,RG,6575,9,D,CC,YP,D
15:10:22,INDF,RG,6575,5,D,CC,YP,D
15:10:22,INDF,RG,6575,1,D,CC,YP,D
15:10:22,INDF,RG,6575,2,D,CC,SQ,D
15:10:22,INDF,RG,6575,20,D,CC,YP,D
15:10:22,INDF,RG,6575,28,D,CC,XC,D
15:10:22,INDF,RG,6575,50,D,CC,ZP,D
15:10:22,INDF,RG,6575,10,D,CC,CC,D
15:10:22,INDF,RG,6575,2,D,CC,CC,D
15:10:22,INDF,RG,6575,1,D,CC,XC,D
15:10:22,INDF,RG,6575,72,D,CC,YB,D
15:07:56,INDF,RG,6575,3,D,XC,YB,D
15:05:34,INDF,RG,6575,10,D,GR,YB,D
15:03:10,INDF,RG,6575,165,D,RF,YB,D
15:03:10,INDF,RG,6575,2,D,RF,KK,D
15:03:10,INDF,RG,6575,3,D,RF,XL,D
15:03:10,INDF,RG,6575,5,D,RF,KK,D
15:03:10,INDF,RG,6575,25,D,RF,KK,D
15:01:25,INDF,RG,6575,1,D,YU,KK,D
15:01:19,INDF,RG,6575,10,D,EP,KK,D
15:00:00,INDF,RG,6575,1,D,XL,KK,D
15:00:00,INDF,RG,6575,13,F,ZP,KK,D
15:00:00,INDF,RG,6575,100,F,ZP,YP,D
15:00:00,INDF,RG,6575,4,F,ZP,PD,D
15:00:00,INDF,RG,6575,4,F,ZP,PD,D
15:00:00,INDF,RG,6575,222,F,ZP,DH,D
15:00:00,INDF,RG,6575,1,F,ZP,YP,D
15:00:00,INDF,RG,6575,20,F,ZP,XA,D
15:00:00,INDF,RG,6575,15,F,ZP,YP,D
15:00:00,INDF,RG,6575,298,F,ZP,YP,D
15:00:00,INDF,RG,6575,202,F,ZP,YP,D
15:00:00,INDF,RG,6575,286,F,ZP,YP,D
15:00:00,INDF,RG,6575,50,D,YP,YP,D
15:00:00,INDF,RG,6575,117,F,YU,YP,D
15:00:00,INDF,RG,6575,47,F,GW,YP,D
15:00:00,INDF,RG,6575,33,F,GW,DH,D
15:00:00,INDF,RG,6575,111,F,GW,DH,D
15:00:00,INDF,RG,6575,25,F,GW,YP,D
15:00:00,INDF,RG,6575,50,F,GW,YP,D
15:00:00,INDF,RG,6575,40,F,GW,CC,D
15:00:00,INDF,RG,6575,15,F,GW,XC,D
15:00:00,INDF,RG,6575,7,F,GW,CC,D
15:00:00,INDF,RG,6575,1,F,GW,CC,D
15:00:00,INDF,RG,6575,30,F,GW,EP,D
15:00:00,INDF,RG,6575,2,F,GW,CC,D
15:00:00,INDF,RG,6575,4,F,GW,XC,D
15:00:00,INDF,RG,6575,12,F,GW,CC,D
15:00:00,INDF,RG,6575,3,F,GW,GR,D
15:00:00,INDF,RG,6575,24,F,GW,CC,D
15:00:00,INDF,RG,6575,500,F,GW,SQ,D
15:00:00,INDF,RG,6575,200,F,GW,YP,D
15:00:00,INDF,RG,6575,5,F,GW,GR,D
15:00:00,INDF,RG,6575,14,F,GW,CC,D
15:00:00,INDF,RG,6575,5,F,GW,KK,D
15:00:00,INDF,RG,6575,25,F,GW,GR,D
15:00:00,INDF,RG,6575,100,F,GW,CC,D
15:00:00,INDF,RG,6575,5,F,GW,KK,D
15:00:00,INDF,RG,6575,1,F,GW,CC,D
15:00:00,INDF,RG,6575,500,F,GW,SQ,D
15:00:00,INDF,RG,6575,2,F,GW,YP,D
15:00:00,INDF,RG,6575,10,F,GW,YP,D
15:00:00,INDF,RG,6575,10,F,GW,XC,D
15:00:00,INDF,RG,6575,50,F,GW,YP,F
15:00:00,INDF,RG,6575,1,F,GW,XC,D
15:00:00,INDF,RG,6575,4,F,GW,XC,D
15:00:00,INDF,RG,6575,74,F,GW,BK,F
15:00:00,INDF,RG,6575,66,D,CD,BK,F
15:00:00,INDF,RG,6575,18,F,ZP,BK,F
15:00:00,INDF,RG,6575,1,F,ZP,SQ,D
15:00:00,INDF,RG,6575,1,F,ZP,XL,D
15:00:00,INDF,RG,6575,6,F,ZP,XC,D
15:00:00,INDF,RG,6575,111,F,ZP,DH,D
15:00:00,INDF,RG,6575,15,F,ZP,DR,D
15:00:00,INDF,RG,6575,2,F,ZP,YP,D
15:00:00,INDF,RG,6575,3,F,ZP,CC,D
15:00:00,INDF,RG,6575,97,F,AK,CC,D
15:00:00,INDF,RG,6575,1,F,AK,YP,D
15:00:00,INDF,RG,6575,25,F,AK,AI,D
15:00:00,INDF,RG,6575,1,F,AK,EP,D
15:00:00,INDF,RG,6575,880,F,AK,BK,F
15:00:00,INDF,RG,6575,482,F,BK,BK,F
15:00:00,INDF,RG,6575,69,F,ZP,BK,F
15:00:00,INDF,RG,6575,273,F,BK,BK,F
15:00:00,INDF,RG,6575,4,F,BK,XC,D
15:00:00,INDF,RG,6575,2,F,BK,YP,D
15:00:00,INDF,RG,6575,15,F,BK,YP,D
15:00:00,INDF,RG,6575,50,F,BK,AG,D
15:00:00,INDF,RG,6575,246,F,BK,YP,D
15:00:00,INDF,RG,6575,33,F,BK,YP,D
15:00:00,INDF,RG,6575,63,F,BK,YP,D
15:00:00,INDF,RG,6575,158,F,YU,YP,D
15:00:00,INDF,RG,6575,1,F,YU,PD,D
15:00:00,INDF,RG,6575,1,F,YU,SQ,D
15:00:00,INDF,RG,6575,1,F,YU,SQ,D
15:00:00,INDF,RG,6575,29,F,YU,YP,D
15:00:00,INDF,RG,6575,45,F,YU,YP,D
15:00:00,INDF,RG,6575,1,F,YU,SQ,D
15:00:00,INDF,RG,6575,2,F,YU,KK,D
15:00:00,INDF,RG,6575,20,F,YU,SQ,D
15:00:00,INDF,RG,6575,44,F,YU,SQ,D
15:00:00,INDF,RG,6575,37,F,YU,NI,D
15:00:00,INDF,RG,6575,63,D,BB,NI,D
15:00:00,INDF,RG,6575,200,D,BB,YP,D
15:00:00,INDF,RG,6575,1000,D,BB,MG,D
15:00:00,INDF,RG,6575,2,D,BB,YP,D
15:00:00,INDF,RG,6575,39,D,BB,AG,F
15:00:00,INDF,RG,6575,20,D,BB,KZ,D
15:00:00,INDF,RG,6575,434,D,BB,CS,F
15:00:00,INDF,RG,6575,107,D,BB,PD,D
15:00:00,INDF,RG,6575,18,D,BB,CC,D
15:00:00,INDF,RG,6575,19,D,BB,BB,D
15:00:00,INDF,RG,6575,4,D,BB,AK,F
15:00:00,INDF,RG,6575,159,D,BB,RX,D
15:00:00,INDF,RG,6575,226,F,AK,RX,D
15:00:00,INDF,RG,6575,8,F,RX,RX,D
15:00:00,INDF,RG,6575,5,F,RX,AK,F
15:00:00,INDF,RG,6575,24,F,RX,AK,F
15:00:00,INDF,RG,6575,546,F,RX,AK,F
15:00:00,INDF,RG,6575,207,F,RX,LG,D
15:00:00,INDF,RG,6575,95,F,RX,LG,D
15:00:00,INDF,RG,6575,13,F,RX,LG,D
14:49:58,INDF,RG,6550,2,F,ZP,YP,D
14:49:54,INDF,RG,6550,2,F,ZP,YP,D
14:49:54,INDF,RG,6550,8,F,RX,YP,D
14:49:51,INDF,RG,6550,1,F,ZP,YP,D
14:49:46,INDF,RG,6550,6,F,RX,YP,D
14:49:41,INDF,RG,6550,1,D,PD,YP,D
14:49:41,INDF,RG,6525,2,F,RX,CS,F
14:49:40,INDF,RG,6550,13,F,ZP,YP,D
14:49:30,INDF,RG,6525,9,F,RX,AG,F
14:49:30,INDF,RG,6525,8,F,RX,AG,F
14:49:25,INDF,RG,6550,5,F,ZP,YP,D
14:49:25,INDF,RG,6550,30,F,BK,YP,D
14:49:23,INDF,RG,6550,19,F,RX,YP,D
14:49:22,INDF,RG,6550,19,F,ZP,YP,D
14:49:18,INDF,RG,6550,5,F,ZP,YP,D
14:49:18,INDF,RG,6550,3,F,ZP,YP,D
14:49:09,INDF,RG,6550,10,D,XL,YP,D
14:49:09,INDF,RG,6550,25,F,AK,YP,D
14:49:07,INDF,RG,6550,18,F,RX,YP,D
14:49:05,INDF,RG,6550,4,F,BK,YP,D
14:49:05,INDF,RG,6550,4,F,BK,YP,D
14:49:05,INDF,RG,6550,4,F,BK,YP,D
14:49:00,INDF,RG,6550,2,F,BK,YP,D
14:49:00,INDF,RG,6550,64,F,BK,OD,D
14:48:59,INDF,RG,6550,12,F,RX,OD,D
14:48:57,INDF,RG,6550,12,F,BK,OD,D
14:48:55,INDF,RG,6525,2,F,RX,ZP,D
14:48:55,INDF,RG,6525,12,F,AK,ZP,D
14:48:51,INDF,RG,6550,12,F,BK,OD,D
14:48:51,INDF,RG,6525,1,F,AK,ZP,D
14:48:50,INDF,RG,6525,7,F,AK,ZP,D
14:48:49,INDF,RG,6550,11,F,RX,OD,D
14:48:41,INDF,RG,6550,12,F,BK,OD,D
14:48:41,INDF,RG,6550,12,F,RX,OD,D
14:48:41,INDF,RG,6525,8,F,AK,ZP,D
14:48:38,INDF,RG,6550,11,F,BK,OD,D
14:48:36,INDF,RG,6525,2,F,AK,YP,D
14:48:36,INDF,RG,6525,1,D,YP,YP,D
14:48:36,INDF,RG,6525,5,D,CC,YP,D
14:48:36,INDF,RG,6525,3,D,CC,NI,D
14:48:32,INDF,RG,6550,14,F,RX,OD,D
14:48:30,INDF,RG,6550,2,F,RX,OD,D
14:48:27,INDF,RG,6550,11,F,BK,OD,D
14:48:24,INDF,RG,6550,11,F,BK,OD,D
14:48:18,INDF,RG,6550,12,F,RX,OD,D
14:48:17,INDF,RG,6525,17,D,CC,ZP,D
14:48:17,INDF,RG,6525,2,F,ZP,ZP,D
14:48:16,INDF,RG,6550,4,F,AK,OD,D
14:48:16,INDF,RG,6550,5,F,AK,XC,D
14:48:16,INDF,RG,6550,5,F,AK,YP,D
14:48:16,INDF,RG,6550,18,F,AK,PD,D
14:48:09,INDF,RG,6550,1,F,RX,PD,D
14:48:09,INDF,RG,6550,1,F,ZP,PD,D
14:48:09,INDF,RG,6550,2,F,ZP,YP,D
14:48:09,INDF,RG,6525,8,F,ZP,PD,D
14:48:09,INDF,RG,6525,4,F,ZP,CC,F
14:48:09,INDF,RG,6525,11,F,ZP,YP,D
14:48:09,INDF,RG,6525,18,F,AK,YP,D
14:48:09,INDF,RG,6525,21,F,AK,YP,D
14:48:09,INDF,RG,6525,83,F,AK,CS,F
14:48:09,INDF,RG,6525,21,F,AK,ZP,D
14:48:09,INDF,RG,6525,46,F,ZP,ZP,D
14:48:09,INDF,RG,6525,15,F,ZP,ZP,D
14:48:09,INDF,RG,6500,1,D,CC,PD,D
14:48:09,INDF,RG,6500,90,D,CC,PD,D
14:48:09,INDF,RG,6500,1568,D,RF,PD,D
14:48:09,INDF,RG,6500,22,D,RF,PD,D
14:48:09,INDF,RG,6500,1,D,XL,PD,D
14:48:09,INDF,RG,6500,5,D,XL,PD,D
14:48:09,INDF,RG,6500,9,D,CC,PD,D
14:48:09,INDF,RG,6500,1,D,PD,PD,D
14:48:09,INDF,RG,6500,1,D,XL,PD,D
14:48:09,INDF,RG,6500,1,D,YP,PD,D
14:48:09,INDF,RG,6500,5,D,XL,PD,D
14:48:09,INDF,RG,6500,1,D,YP,PD,D
14:48:09,INDF,RG,6500,1,D,XC,PD,D
14:48:09,INDF,RG,6500,7,F,ZP,PD,D
14:48:09,INDF,RG,6500,1,D,YU,PD,D
14:48:09,INDF,RG,6500,1,D,PD,PD,D
14:48:09,INDF,RG,6500,10,D,SQ,PD,D
14:48:09,INDF,RG,6500,5,D,YP,PD,D
14:48:09,INDF,RG,6500,5,D,DX,PD,D
14:48:09,INDF,RG,6500,1,D,CC,PD,D
14:48:09,INDF,RG,6500,2,D,CC,PD,D
14:48:09,INDF,RG,6500,25,D,YU,PD,D
14:48:09,INDF,RG,6500,3,D,XC,PD,D
14:48:09,INDF,RG,6500,3,D,CC,PD,D
14:48:09,INDF,RG,6500,25,D,SQ,PD,D
14:48:09,INDF,RG,6500,75,D,HP,PD,D
14:48:09,INDF,RG,6500,2,D,PD,PD,D
14:48:09,INDF,RG,6500,2,D,CC,PD,D
14:48:09,INDF,RG,6500,5,D,YP,PD,D
14:48:09,INDF,RG,6500,1,D,NI,PD,D
14:48:09,INDF,RG,6500,10,D,XC,PD,D
14:48:09,INDF,RG,6500,100,D,KI,PD,D
14:48:09,INDF,RG,6500,5,D,XC,PD,D
14:48:09,INDF,RG,6500,30,D,LG,PD,D
14:48:09,INDF,RG,6500,4,D,GR,PD,D
14:48:09,INDF,RG,6500,1,D,PD,PD,D
14:48:09,INDF,RG,6500,2,D,CC,PD,D
14:48:09,INDF,RG,6500,1,D,PD,PD,D
14:48:09,INDF,RG,6500,5,D,PD,PD,D
14:48:09,INDF,RG,6500,17,F,BK,PD,D
14:48:09,INDF,RG,6500,1,D,XL,PD,D
14:48:09,INDF,RG,6500,1,D,XL,PD,D
14:48:09,INDF,RG,6500,10,D,YP,PD,D
14:48:09,INDF,RG,6500,2,D,KK,PD,D
14:48:09,INDF,RG,6500,2,D,KK,PD,D
14:48:09,INDF,RG,6500,10,D,LG,PD,D
14:48:09,INDF,RG,6500,2,D,XC,PD,D
14:48:09,INDF,RG,6500,5,D,XC,PD,D
14:48:09,INDF,RG,6500,4,D,CC,PD,D
14:48:09,INDF,RG,6500,6,D,CC,PD,D
14:48:09,INDF,RG,6500,5,D,XA,PD,D
14:48:09,INDF,RG,6500,10,D,KK,PD,D
14:48:09,INDF,RG,6500,1,D,YP,PD,D
14:48:09,INDF,RG,6500,6,D,OD,PD,D
14:48:09,INDF,RG,6500,1,D,PD,PD,D
14:48:09,INDF,RG,6500,5,D,CC,PD,D
14:48:09,INDF,RG,6500,5,D,AR,PD,D
14:48:09,INDF,RG,6500,7,F,BK,PD,D
14:48:09,INDF,RG,6500,2,D,CC,PD,D
14:48:09,INDF,RG,6500,5,D,YP,PD,D
14:48:09,INDF,RG,6500,10,D,SQ,PD,D
14:48:09,INDF,RG,6500,2,D,YP,PD,D
14:48:09,INDF,RG,6500,3,D,PD,PD,D
14:48:09,INDF,RG,6500,15,D,DR,PD,D
14:48:09,INDF,RG,6500,5,D,PD,PD,D
14:48:09,INDF,RG,6500,5,D,KK,PD,D
14:48:09,INDF,RG,6500,10,F,AG,PD,D
14:48:09,INDF,RG,6500,1,D,YP,PD,D
14:48:09,INDF,RG,6500,15,D,LG,PD,D
14:48:09,INDF,RG,6500,223,D,YP,PD,D
14:48:06,INDF,RG,6525,1,D,NI,PD,D
14:48:04,INDF,RG,6525,11,F,BK,PD,D
14:48:04,INDF,RG,6525,12,F,ZP,PD,D
14:48:04,INDF,RG,6525,12,F,BK,PD,D
14:47:59,INDF,RG,6525,14,F,BK,PD,D
14:47:58,INDF,RG,6525,13,F,RX,PD,D
14:47:53,INDF,RG,6525,12,F,BK,PD,D
14:47:47,INDF,RG,6525,21,F,RX,PD,D
14:47:43,INDF,RG,6525,12,F,BK,PD,D
14:47:40,INDF,RG,6525,1,D,NI,PD,D
14:47:39,INDF,RG,6525,13,F,BK,PD,D
14:47:34,INDF,RG,6525,13,F,BK,PD,D
14:47:29,INDF,RG,6525,12,F,RX,PD,D
14:47:21,INDF,RG,6525,15,F,BK,PD,D
14:47:19,INDF,RG,6525,10,F,RX,PD,D
14:47:18,INDF,RG,6525,25,F,AK,PD,D
14:47:17,INDF,RG,6525,13,F,BK,PD,D
14:47:13,INDF,RG,6525,11,D,NI,PD,D
14:47:13,INDF,RG,6525,1,D,XC,PD,D
14:47:11,INDF,RG,6525,11,F,RX,PD,D
14:47:04,INDF,RG,6525,14,F,BK,PD,D
14:47:02,INDF,RG,6525,10,F,RX,PD,D
14:46:59,INDF,RG,6525,1,D,XC,PD,D
14:46:55,INDF,RG,6525,20,F,BK,PD,D
14:46:53,INDF,RG,6525,12,F,RX,PD,D
14:46:52,INDF,RG,6525,11,F,BK,PD,D
14:46:50,INDF,RG,6500,72,D,YP,ZP,D
14:46:49,INDF,RG,6500,14,D,YP,ZP,D
14:46:46,INDF,RG,6525,97,D,MG,PD,D
14:46:46,INDF,RG,6525,170,D,MG,PD,D
14:46:46,INDF,RG,6525,3,D,MG,PD,D
14:46:46,INDF,RG,6525,7,D,MG,XC,D
14:46:46,INDF,RG,6525,2,D,MG,CC,F
14:46:46,INDF,RG,6525,3,D,MG,CC,D
14:46:46,INDF,RG,6525,11,D,MG,AK,F
14:46:46,INDF,RG,6525,207,D,MG,PD,D
14:46:45,INDF,RG,6525,1,F,CS,PD,D
14:46:45,INDF,RG,6525,20,F,BK,PD,D
14:46:44,INDF,RG,6525,1,F,CS,PD,D
14:46:44,INDF,RG,6525,13,F,RX,PD,D
14:46:43,INDF,RG,6525,50,D,CC,PD,D
14:46:39,INDF,RG,6525,3,F,CS,PD,D
14:46:37,INDF,RG,6525,1,F,CS,PD,D
14:46:37,INDF,RG,6525,167,F,AK,PD,D
14:46:37,INDF,RG,6525,17,F,ZP,PD,D
14:46:37,INDF,RG,6525,20,D,XC,PD,D
14:46:37,INDF,RG,6525,12,F,BK,PD,D
14:46:35,INDF,RG,6525,6,F,CS,PD,D
14:46:34,INDF,RG,6525,1,F,CS,PD,D
14:46:33,INDF,RG,6525,13,F,BK,PD,D
14:46:33,INDF,RG,6525,11,F,RX,PD,D
14:46:32,INDF,RG,6525,5,D,CC,PD,D
14:46:29,INDF,RG,6525,1,D,NI,PD,D
14:46:28,INDF,RG,6525,3,F,CS,PD,D
14:46:24,INDF,RG,6525,4,F,CS,PD,D
14:46:23,INDF,RG,6525,13,F,RX,PD,D
14:46:23,INDF,RG,6525,2,F,CS,PD,D
14:46:18,INDF,RG,6525,2,F,CS,PD,D
14:46:18,INDF,RG,6525,3,F,CS,PD,D
14:46:17,INDF,RG,6525,18,F,BK,PD,D
14:46:15,INDF,RG,6525,6,F,CS,PD,D
14:46:15,INDF,RG,6525,12,F,BK,PD,D
14:46:13,INDF,RG,6525,2,F,CS,PD,D
14:46:12,INDF,RG,6525,11,F,RX,PD,D
14:46:05,INDF,RG,6525,3,F,CS,PD,D
14:46:04,INDF,RG,6525,15,F,BK,PD,D
14:46:03,INDF,RG,6525,13,F,RX,PD,D
14:45:58,INDF,RG,6525,4,F,CS,PD,D
14:45:54,INDF,RG,6525,5,F,CS,PD,D
14:45:54,INDF,RG,6525,1,F,CS,PD,D
14:45:52,INDF,RG,6525,12,F,RX,PD,D
14:45:51,INDF,RG,6525,19,F,BK,PD,D
14:45:47,INDF,RG,6525,15,F,BK,PD,D
14:45:44,INDF,RG,6500,81,D,YP,ZP,D
14:45:43,INDF,RG,6525,13,F,RX,PD,D
14:45:42,INDF,RG,6525,2,F,CS,PD,D
14:45:42,INDF,RG,6525,1,F,CS,PD,D
14:45:37,INDF,RG,6525,13,F,BK,PD,D
14:45:35,INDF,RG,6525,5,F,CS,PD,D
14:45:34,INDF,RG,6525,4,F,CS,PD,D
14:45:33,INDF,RG,6525,1,F,CS,PD,D
14:45:32,INDF,RG,6525,12,F,RX,PD,D
14:45:29,INDF,RG,6525,12,F,BK,PD,D
14:45:26,INDF,RG,6525,17,F,BK,PD,D
14:45:24,INDF,RG,6525,1,F,ZP,PD,D
14:45:23,INDF,RG,6525,9,F,CS,PD,D
14:45:23,INDF,RG,6525,1,F,ZP,PD,D
14:45:22,INDF,RG,6525,13,F,RX,PD,D
14:45:19,INDF,RG,6525,12,F,BK,PD,D
14:45:15,INDF,RG,6500,1,D,YP,AK,F
14:45:14,INDF,RG,6525,45,F,ZP,PD,D
14:45:14,INDF,RG,6525,38,F,ZP,PD,D
14:45:14,INDF,RG,6525,127,D,MG,PD,D
14:45:14,INDF,RG,6525,373,D,MG,PD,D
14:45:11,INDF,RG,6525,3,F,CS,PD,D
14:45:11,INDF,RG,6525,1,F,CS,PD,D
14:45:11,INDF,RG,6525,74,F,RX,PD,D
14:45:08,INDF,RG,6525,1,D,XC,PD,D
14:45:07,INDF,RG,6525,22,F,BK,PD,D
14:45:05,INDF,RG,6525,1,F,CS,PD,D
14:45:05,INDF,RG,6525,3,F,CS,PD,D
14:45:05,INDF,RG,6525,4,F,CS,PD,D
14:45:04,INDF,RG,6525,2,D,XL,PD,D
14:44:56,INDF,RG,6525,2,D,XC,PD,D
14:44:54,INDF,RG,6525,25,F,BK,PD,D
14:44:53,INDF,RG,6525,6,F,CS,PD,D
14:44:44,INDF,RG,6525,26,F,BK,PD,D
14:44:36,INDF,RG,6500,202,D,YP,CC,D
14:44:32,INDF,RG,6525,7,F,CS,PD,D
14:44:32,INDF,RG,6525,1,F,CS,PD,D
14:44:32,INDF,RG,6525,7,F,CS,PD,D
14:44:24,INDF,RG,6525,36,F,BK,PD,D
14:44:24,INDF,RG,6525,2,D,XL,PD,D
14:44:20,INDF,RG,6525,1,D,NI,PD,D
14:44:15,INDF,RG,6525,12,F,CS,PD,D
14:44:04,INDF,RG,6525,33,F,BK,PD,D
14:44:00,INDF,RG,6500,150,D,YP,CC,D
14:43:58,INDF,RG,6525,3,F,CS,PD,D
14:43:58,INDF,RG,6525,3,F,CS,PD,D
14:43:51,INDF,RG,6525,1,F,CS,PD,D
14:43:50,INDF,RG,6525,7,F,CS,PD,D
14:43:50,INDF,RG,6525,17,F,RX,PD,D
14:43:49,INDF,RG,6500,25,D,YP,DR,D
14:43:45,INDF,RG,6525,37,F,BK,PD,D
14:43:30,INDF,RG,6525,18,F,RX,PD,D
14:43:29,INDF,RG,6500,107,D,YP,YP,D
14:43:26,INDF,RG,6525,33,F,BK,PD,D
14:43:24,INDF,RG,6525,1,D,LG,PD,D
14:43:23,INDF,RG,6525,9,F,ZP,PD,D
14:43:09,INDF,RG,6525,84,F,RX,PD,D
14:43:03,INDF,RG,6525,29,F,BK,PD,D
14:43:03,INDF,RG,6525,2,D,YP,PD,D
14:43:01,INDF,RG,6525,10,F,RX,PD,D
14:43:00,INDF,RG,6525,15,F,CS,PD,D
14:43:00,INDF,RG,6525,1,F,CS,PD,D
14:42:52,INDF,RG,6525,2,F,CS,PD,D
14:42:51,INDF,RG,6525,10,F,CS,PD,D
14:42:51,INDF,RG,6525,30,F,RX,PD,D
14:42:44,INDF,RG,6525,47,F,BK,PD,D
14:42:24,INDF,RG,6525,11,F,RX,PD,D
14:42:23,INDF,RG,6525,1,F,BK,PD,D
14:42:23,INDF,RG,6525,34,F,BK,PD,D
14:42:19,INDF,RG,6525,3,F,CS,PD,D
14:42:19,INDF,RG,6525,1,D,NI,PD,D
14:42:19,INDF,RG,6525,1,F,CS,PD,D
14:42:19,INDF,RG,6525,5,F,CS,PD,D
14:42:16,INDF,RG,6500,1,D,YP,PD,D
14:42:14,INDF,RG,6525,11,F,RX,PD,D
14:42:13,INDF,RG,6525,5,F,CS,PD,D
14:42:13,INDF,RG,6525,3,F,CS,PD,D
14:42:12,INDF,RG,6525,1,D,NI,PD,D
14:42:03,INDF,RG,6525,6,F,RX,PD,D
14:42:01,INDF,RG,6525,11,F,RX,PD,D
14:41:52,INDF,RG,6525,43,F,BK,PD,D
14:41:51,INDF,RG,6525,1,D,KK,PD,D
14:41:45,INDF,RG,6525,10,F,RX,PD,D
14:41:41,INDF,RG,6525,10,D,YP,PD,D
14:41:40,INDF,RG,6525,1,D,XC,PD,D
14:41:37,INDF,RG,6525,16,F,RX,PD,D
14:41:32,INDF,RG,6525,45,F,BK,PD,D
14:41:28,INDF,RG,6525,5,F,CS,PD,D
14:41:28,INDF,RG,6525,5,F,CS,PD,D
14:41:28,INDF,RG,6525,7,F,CS,NI,D
14:41:27,INDF,RG,6525,18,F,AK,NI,D
14:41:27,INDF,RG,6525,1,F,AK,AK,F
14:41:27,INDF,RG,6525,17,F,AK,AK,F
14:41:27,INDF,RG,6525,60,F,AK,CS,F
14:41:27,INDF,RG,6525,46,F,AK,CS,F
14:41:27,INDF,RG,6525,119,F,AK,ZP,D
14:41:27,INDF,RG,6525,42,F,AK,CS,F
14:41:27,INDF,RG,6525,707,F,AK,PD,D
14:41:20,INDF,RG,6525,86,F,RX,PD,D
14:41:17,INDF,RG,6525,17,F,CS,PD,D
14:41:17,INDF,RG,6525,9,F,CS,PD,D
14:41:15,INDF,RG,6525,11,F,BK,PD,D
14:41:15,INDF,RG,6525,16,F,BK,PD,D
14:40:58,INDF,RG,6525,30,F,BK,PD,D
14:40:50,INDF,RG,6525,10,D,CC,PD,D
14:40:43,INDF,RG,6525,21,F,BK,PD,D
14:40:37,INDF,RG,6525,12,F,CS,PD,D
14:40:27,INDF,RG,6525,2,D,PD,PD,D
14:40:27,INDF,RG,6525,3,F,ZP,PD,D
14:40:24,INDF,RG,6525,6,F,ZP,PD,D
14:40:23,INDF,RG,6525,33,F,BK,PD,D
14:40:09,INDF,RG,6500,124,D,YP,PD,D
14:40:09,INDF,RG,6500,1,D,DR,PD,D
14:40:09,INDF,RG,6500,3,F,BK,PD,D
14:40:09,INDF,RG,6500,2,D,YP,PD,D
14:40:09,INDF,RG,6500,15,D,YP,PD,D
14:40:09,INDF,RG,6500,1,D,YP,PD,D
14:40:09,INDF,RG,6500,2,D,YP,PD,D
14:40:09,INDF,RG,6500,2,D,YP,PD,D
14:40:09,INDF,RG,6500,3,D,YP,PD,D
14:40:09,INDF,RG,6500,1,D,XL,PD,D
14:40:09,INDF,RG,6500,1,D,CC,PD,D
14:40:09,INDF,RG,6500,10,D,XC,PD,D
14:40:09,INDF,RG,6500,22,F,BK,PD,D
14:40:09,INDF,RG,6500,10,D,CC,PD,D
14:40:09,INDF,RG,6500,3,D,YP,PD,D
14:40:09,INDF,RG,6500,1,D,YP,PD,D
14:40:09,INDF,RG,6500,1,D,OD,PD,D
14:40:09,INDF,RG,6500,3,D,KK,PD,D
14:40:09,INDF,RG,6500,5,D,PD,PD,D
14:40:09,INDF,RG,6500,4,D,PD,PD,D
14:40:09,INDF,RG,6500,6,D,PD,PD,D
14:40:09,INDF,RG,6500,10,D,PC,PD,D
14:40:09,INDF,RG,6500,2,D,PD,PD,D
14:40:09,INDF,RG,6500,1,D,PD,PD,D
14:40:09,INDF,RG,6500,2,D,PD,PD,D
14:40:09,INDF,RG,6500,2,D,PD,PD,D
14:40:09,INDF,RG,6500,2,D,PD,PD,D
14:40:09,INDF,RG,6500,5,D,PD,PD,D
14:40:09,INDF,RG,6500,1,D,PD,PD,D
14:40:09,INDF,RG,6500,15,D,KK,PD,D
14:40:09,INDF,RG,6500,5,D,DH,PD,D
14:40:09,INDF,RG,6500,5,D,EP,PD,D
14:40:09,INDF,RG,6500,20,D,GR,PD,D
14:40:09,INDF,RG,6500,2,D,PD,PD,D
14:40:09,INDF,RG,6500,3,D,EP,PD,D
14:40:09,INDF,RG,6500,2,D,KK,PD,D
14:40:09,INDF,RG,6500,2,D,CC,PD,D
14:40:09,INDF,RG,6500,300,D,ZP,PD,D
14:40:09,INDF,RG,6500,1,D,PD,PD,D
14:40:09,INDF,RG,6500,5,D,AT,PD,D
14:40:09,INDF,RG,6500,5,D,EP,PD,D
14:40:09,INDF,RG,6500,100,D,CP,PD,D
14:40:09,INDF,RG,6500,1,D,YP,PD,D
14:40:09,INDF,RG,6500,10,D,YP,PD,D
14:40:09,INDF,RG,6500,2,D,NI,PD,D
14:40:09,INDF,RG,6500,1,D,CC,PD,D
14:40:09,INDF,RG,6500,100,D,KK,PD,D
14:40:09,INDF,RG,6500,6,D,PD,PD,D
14:40:09,INDF,RG,6500,34,D,PD,PD,D
14:40:09,INDF,RG,6500,5,D,CC,PD,D
14:40:09,INDF,RG,6500,1,D,EP,PD,D
14:40:09,INDF,RG,6500,2,D,YP,PD,D
14:40:09,INDF,RG,6500,5,D,XC,PD,D
14:40:09,INDF,RG,6500,5,D,XC,PD,D
14:40:09,INDF,RG,6500,5,D,GR,PD,D
14:40:09,INDF,RG,6500,4,D,XC,PD,D
14:40:09,INDF,RG,6500,1,D,PD,PD,D
14:40:09,INDF,RG,6500,50,D,XC,PD,D
14:40:09,INDF,RG,6500,4,D,XC,PD,D
14:40:09,INDF,RG,6500,1,D,PD,PD,D
14:40:09,INDF,RG,6500,10,D,XL,PD,D
14:40:09,INDF,RG,6500,2,D,XC,PD,D
14:40:09,INDF,RG,6500,41,D,CC,PD,D
14:40:02,INDF,RG,6525,11,F,ZP,PD,D
14:40:01,INDF,RG,6525,13,F,RX,PD,D
14:40:00,INDF,RG,6525,3,F,CS,PD,D
14:39:59,INDF,RG,6525,5,F,CS,PD,D
14:39:53,INDF,RG,6500,4,D,CC,YP,D
14:39:51,INDF,RG,6525,5,F,BK,PD,D
14:39:51,INDF,RG,6525,12,F,BK,AG,F
14:39:51,INDF,RG,6525,10,F,BK,AG,F
14:39:51,INDF,RG,6525,33,F,BK,CS,F
14:39:51,INDF,RG,6525,3,F,BK,AG,F
14:39:50,INDF,RG,6525,8,F,ZP,AG,F
14:39:50,INDF,RG,6525,1,F,ZP,CS,F
14:39:50,INDF,RG,6500,55,D,CC,ZP,D
14:39:50,INDF,RG,6500,2,D,PD,ZP,D
14:39:50,INDF,RG,6500,1,D,XC,ZP,D
14:39:50,INDF,RG,6500,4,D,XC,ZP,D
14:39:50,INDF,RG,6500,1,D,PD,ZP,D
14:39:50,INDF,RG,6500,10,D,NI,ZP,D
14:39:50,INDF,RG,6500,2,D,XL,ZP,D
14:39:50,INDF,RG,6500,1,D,XL,ZP,D
14:39:50,INDF,RG,6500,41,D,YP,ZP,D
14:39:48,INDF,RG,6525,12,F,RX,CS,F
14:39:48,INDF,RG,6500,46,D,YP,ZP,D
14:39:45,INDF,RG,6525,12,F,BK,CS,F
14:39:37,INDF,RG,6525,10,F,RX,CS,F
14:39:28,INDF,RG,6525,15,F,CS,CS,F
14:39:26,INDF,RG,6525,11,F,RX,CS,F
14:39:26,INDF,RG,6525,12,F,RX,LG,D
14:39:26,INDF,RG,6525,1,F,RX,AK,F
14:39:26,INDF,RG,6525,20,F,RX,PD,D
14:39:18,INDF,RG,6525,62,F,BK,PD,D
14:39:02,INDF,RG,6500,2,D,YP,LG,D
14:38:57,INDF,RG,6500,5,D,YP,CC,D
14:38:33,INDF,RG,6500,152,D,YP,ZP,D
14:38:31,INDF,RG,6525,25,D,YP,PD,D
14:38:30,INDF,RG,6500,254,D,YP,RX,F
14:38:30,INDF,RG,6500,1,D,YP,RX,F
14:38:30,INDF,RG,6500,150,D,DH,RX,F
14:38:30,INDF,RG,6500,2,D,YP,RX,F
14:38:30,INDF,RG,6500,1,D,YP,RX,F
14:38:30,INDF,RG,6500,1,D,XL,RX,F
14:38:30,INDF,RG,6500,2,D,XL,RX,F
14:38:30,INDF,RG,6500,10,D,XC,RX,F
14:38:30,INDF,RG,6500,5,D,PD,RX,F
14:38:30,INDF,RG,6500,10,D,EP,RX,F
14:38:30,INDF,RG,6500,1,D,XC,RX,F
14:38:30,INDF,RG,6500,2,D,YP,RX,F
14:38:30,INDF,RG,6500,3,D,DR,RX,F
14:38:30,INDF,RG,6500,1,D,PD,RX,F
14:38:30,INDF,RG,6500,5,D,YP,RX,F
14:38:30,INDF,RG,6500,4,D,XL,RX,F
14:38:30,INDF,RG,6500,3,D,YP,RX,F
14:38:30,INDF,RG,6500,4,D,DH,RX,F
14:38:30,INDF,RG,6500,1,D,DR,RX,F
14:38:30,INDF,RG,6500,1,D,XC,RX,F
14:38:30,INDF,RG,6500,1,D,YP,RX,F
14:38:30,INDF,RG,6500,1,D,XA,RX,F
14:38:30,INDF,RG,6500,1,D,PD,RX,F
14:38:30,INDF,RG,6500,25,D,YP,RX,F
14:38:30,INDF,RG,6500,1,D,YP,RX,F
14:38:30,INDF,RG,6500,5,D,GR,RX,F
14:38:30,INDF,RG,6500,5,D,CC,RX,F
14:38:30,INDF,RG,6500,20,D,KK,RX,F
14:38:30,INDF,RG,6500,1,D,LG,RX,F
14:38:30,INDF,RG,6500,1,D,GR,RX,F
14:38:30,INDF,RG,6500,1,D,NI,RX,F
14:38:30,INDF,RG,6500,5,D,PD,RX,F
14:38:30,INDF,RG,6500,1,D,XC,RX,F
14:38:30,INDF,RG,6500,1,D,XC,RX,F
14:38:30,INDF,RG,6500,1,D,PD,RX,F
14:38:30,INDF,RG,6500,1,D,YP,RX,F
14:38:30,INDF,RG,6500,7,D,PD,RX,F
14:38:30,INDF,RG,6500,1,D,YP,RX,F
14:38:30,INDF,RG,6500,10,D,YP,RX,F
14:38:30,INDF,RG,6500,1,D,PD,RX,F
14:38:30,INDF,RG,6500,1,D,PD,RX,F
14:38:30,INDF,RG,6500,1,D,CC,RX,F
14:38:30,INDF,RG,6500,5,D,XL,RX,F
14:38:30,INDF,RG,6500,50,D,BQ,RX,F
14:38:30,INDF,RG,6500,2,D,XC,RX,F
14:38:30,INDF,RG,6500,1,D,SQ,RX,F
14:38:30,INDF,RG,6500,5,D,CC,RX,F
14:38:30,INDF,RG,6500,400,D,CP,RX,F
14:38:30,INDF,RG,6500,3,D,PD,RX,F
14:38:30,INDF,RG,6500,2,D,XC,RX,F
14:38:30,INDF,RG,6500,5,D,SQ,RX,F
14:38:30,INDF,RG,6500,1,D,PD,RX,F
14:38:30,INDF,RG,6500,2,D,CC,RX,F
14:38:30,INDF,RG,6500,15,D,XL,RX,F
14:38:30,INDF,RG,6500,2,D,YU,RX,F
14:38:30,INDF,RG,6500,3,D,DH,RX,F
14:38:30,INDF,RG,6500,30,D,SQ,RX,F
14:38:30,INDF,RG,6500,1,D,OD,RX,F
14:38:30,INDF,RG,6500,25,D,YP,RX,F
14:38:30,INDF,RG,6500,1,D,PD,RX,F
14:38:30,INDF,RG,6500,1,D,XC,RX,F
14:38:30,INDF,RG,6500,1,D,PD,RX,F
14:38:30,INDF,RG,6500,1,D,NI,RX,F
14:38:30,INDF,RG,6500,2,D,YP,RX,F
14:38:30,INDF,RG,6500,2,D,NI,RX,F
14:38:30,INDF,RG,6500,25,D,GR,RX,F
14:38:30,INDF,RG,6500,1,D,XC,RX,F
14:38:30,INDF,RG,6500,1,D,PD,RX,F
14:38:30,INDF,RG,6500,30,D,OD,RX,F
14:38:30,INDF,RG,6500,10,D,GR,RX,F
14:38:30,INDF,RG,6500,5,D,GR,RX,F
14:38:30,INDF,RG,6500,3,D,XC,RX,F
14:38:30,INDF,RG,6500,3,D,KK,RX,F
14:38:30,INDF,RG,6500,2,D,NI,RX,F
14:38:30,INDF,RG,6500,2,D,XC,RX,F
14:38:30,INDF,RG,6500,308,D,EP,RX,F
14:38:30,INDF,RG,6500,200,D,YP,RX,F
14:38:30,INDF,RG,6500,20,D,CC,RX,F
14:38:30,INDF,RG,6500,10,D,NI,RX,F
14:38:30,INDF,RG,6500,1,D,YP,RX,F
14:38:30,INDF,RG,6500,1,D,CC,RX,F
14:38:30,INDF,RG,6500,10,D,SQ,RX,F
14:38:30,INDF,RG,6500,425,D,NI,RX,F
14:38:27,INDF,RG,6525,10,D,XL,PD,D
14:38:24,INDF,RG,6525,15,F,RX,PD,D
14:38:22,INDF,RG,6525,21,F,CS,PD,D
14:38:21,INDF,RG,6525,61,F,BK,PD,D
14:38:10,INDF,RG,6525,10,F,CS,PD,D
14:38:10,INDF,RG,6500,187,D,NI,CS,F
14:38:10,INDF,RG,6525,100,D,PD,PD,D
14:38:03,INDF,RG,6525,32,F,RX,PD,D
14:38:00,INDF,RG,6525,3,D,CC,PD,D
14:37:48,INDF,RG,6525,11,F,BK,PD,D
14:37:39,INDF,RG,6500,5,D,NI,DX,D
14:37:29,INDF,RG,6500,212,D,NI,RX,F
14:37:27,INDF,RG,6500,222,D,NI,RX,F
14:37:27,INDF,RG,6525,8,F,CS,PD,D
14:37:23,INDF,RG,6525,16,F,CS,PD,D
14:37:17,INDF,RG,6500,31,D,NI,YP,D
14:37:09,INDF,RG,6525,10,F,ZP,PD,D
14:37:05,INDF,RG,6525,24,F,BK,PD,D
14:36:38,INDF,RG,6525,1,D,PD,PD,D
14:36:33,INDF,RG,6525,27,F,BK,PD,D
14:36:24,INDF,RG,6525,5,D,AR,PD,D
14:36:07,INDF,RG,6525,1,D,YP,PD,D
14:35:56,INDF,RG,6525,7,F,CS,PD,D
14:35:46,INDF,RG,6525,14,D,YP,PD,D
14:35:44,INDF,RG,6525,15,F,CS,PD,D
14:35:38,INDF,RG,6525,44,F,BK,PD,D
14:35:31,INDF,RG,6525,13,F,BK,PD,D
14:35:23,INDF,RG,6525,1,D,YP,PD,D
14:35:11,INDF,RG,6525,11,F,CS,PD,D
14:35:07,INDF,RG,6500,100,D,NI,DR,D
14:34:59,INDF,RG,6500,212,D,NI,RX,F
14:34:57,INDF,RG,6500,222,D,NI,RX,F
14:34:55,INDF,RG,6500,121,D,NI,CC,D
14:34:48,INDF,RG,6525,49,F,BK,PD,D
14:34:45,INDF,RG,6500,5,D,NI,SQ,D
14:34:42,INDF,RG,6525,5,F,CS,PD,D
14:34:40,INDF,RG,6525,1,D,XL,PD,D
14:34:37,INDF,RG,6525,5,D,PD,PD,D
14:34:33,INDF,RG,6525,32,F,RX,PD,D
14:34:32,INDF,RG,6525,7,D,PD,PD,D
14:34:26,INDF,RG,6525,22,F,BK,PD,D
14:34:17,INDF,RG,6525,7,F,CS,PD,D
14:34:09,INDF,RG,6525,25,D,DR,PD,D
14:34:08,INDF,RG,6525,1,D,PD,PD,D
14:34:03,INDF,RG,6525,20,F,BK,PD,D
14:33:46,INDF,RG,6525,16,F,RX,PD,D
14:33:35,INDF,RG,6525,14,F,CS,PD,D
14:33:27,INDF,RG,6525,10,F,CS,PD,D
14:33:27,INDF,RG,6525,10,D,CC,PD,D
14:33:23,INDF,RG,6525,12,F,BK,PD,D
14:33:23,INDF,RG,6525,27,F,RX,PD,D
14:33:23,INDF,RG,6525,9,F,RX,PD,D
14:33:22,INDF,RG,6525,41,F,BK,PD,D
14:32:49,INDF,RG,6525,5,F,CS,PD,D
14:32:48,INDF,RG,6525,1,D,XL,PD,D
14:32:39,INDF,RG,6525,2,D,XC,PD,D
14:32:36,INDF,RG,6525,7,F,CS,PD,D
14:32:36,INDF,RG,6500,2,D,NI,XL,D
14:32:32,INDF,RG,6500,256,D,NI,RX,F
14:32:32,INDF,RG,6500,5,D,GR,RX,F
14:32:32,INDF,RG,6500,1,D,OD,RX,F
14:32:32,INDF,RG,6500,30,D,MK,RX,F
14:32:32,INDF,RG,6500,25,D,CP,RX,F
14:32:32,INDF,RG,6500,6,D,NI,RX,F
14:32:30,INDF,RG,6500,94,D,NI,RX,F
14:32:30,INDF,RG,6500,15,D,PD,RX,F
14:32:30,INDF,RG,6500,2,D,AI,RX,F
14:32:29,INDF,RG,6525,13,F,RX,PD,D
14:32:26,INDF,RG,6525,6,F,ZP,PD,D
14:32:25,INDF,RG,6525,53,F,BK,PD,D
14:32:10,INDF,RG,6525,14,F,RX,PD,D
14:32:08,INDF,RG,6525,15,F,ZP,PD,D
14:32:05,INDF,RG,6525,4,D,PD,PD,D
14:32:05,INDF,RG,6525,4,D,PD,CS,F
14:32:02,INDF,RG,6525,1,D,KK,CS,F
14:31:51,INDF,RG,6525,1,F,BK,CS,F
14:31:51,INDF,RG,6525,12,F,BK,CS,F
14:31:51,INDF,RG,6525,7,F,BK,AK,F
14:31:51,INDF,RG,6500,83,D,AI,ZP,D
14:31:50,INDF,RG,6525,3,F,RX,AK,F
14:31:50,INDF,RG,6525,1,F,RX,AK,F
14:31:50,INDF,RG,6525,14,F,RX,YP,D
14:31:45,INDF,RG,6525,10,F,CS,YP,D
14:31:41,INDF,RG,6525,1,D,PD,YP,D
14:31:35,INDF,RG,6525,9,F,ZP,YP,D
14:31:31,INDF,RG,6525,14,F,CS,YP,D
14:31:27,INDF,RG,6525,35,D,YP,YP,D
14:31:24,INDF,RG,6525,15,F,RX,YP,D
14:31:14,INDF,RG,6525,43,F,BK,YP,D
14:31:13,INDF,RG,6525,4,D,YP,YP,D
14:31:12,INDF,RG,6525,11,F,BK,YP,D
14:31:08,INDF,RG,6500,4,D,AI,AK,F
14:31:02,INDF,RG,6525,14,F,RX,YP,D
14:30:46,INDF,RG,6525,5,F,CS,YP,D
14:30:44,INDF,RG,6525,2,D,YP,YP,D
14:30:43,INDF,RG,6525,7,F,CS,YP,D
14:30:41,INDF,RG,6525,13,F,RX,YP,D
14:30:39,INDF,RG,6500,11,D,AI,ZP,D
14:30:39,INDF,RG,6500,60,D,GR,ZP,D
14:30:23,INDF,RG,6525,48,F,BK,YP,D
14:30:22,INDF,RG,6525,17,F,RX,YP,D
14:30:21,INDF,RG,6525,20,F,ZP,YP,D
14:30:16,INDF,RG,6525,18,F,ZP,YP,D
14:30:16,INDF,RG,6525,9,F,ZP,CS,F
14:30:14,INDF,RG,6525,1,D,XL,CS,F
14:30:05,INDF,RG,6525,11,F,CS,CS,F
14:30:01,INDF,RG,6525,3,D,DR,CS,F
14:30:01,INDF,RG,6525,2,F,BK,CS,F
14:30:01,INDF,RG,6525,12,F,BK,CS,F
14:30:01,INDF,RG,6525,3,F,BK,AG,F
14:29:58,INDF,RG,6525,1,D,XL,AG,F
14:29:57,INDF,RG,6525,7,F,RX,AG,F
14:29:57,INDF,RG,6525,4,F,RX,XC,D
14:29:57,INDF,RG,6525,2,F,RX,XC,D
14:29:51,INDF,RG,6500,53,D,GR,RX,F
14:29:37,INDF,RG,6500,81,D,GR,CC,D
14:29:34,INDF,RG,6525,3,F,RX,XC,D
14:29:34,INDF,RG,6525,12,F,RX,ZP,D
14:29:31,INDF,RG,6525,100,D,YP,ZP,D
14:29:26,INDF,RG,6525,5,D,YP,ZP,D
14:29:21,INDF,RG,6525,44,F,BK,ZP,D
14:29:20,INDF,RG,6525,1,D,XC,ZP,D
14:29:12,INDF,RG,6525,11,F,BK,CS,F
14:29:09,INDF,RG,6525,11,F,RX,CS,F
14:29:09,INDF,RG,6525,9,F,RX,CS,F
14:29:09,INDF,RG,6525,103,F,RX,RX,F
14:29:09,INDF,RG,6500,2,D,GR,CP,D
14:29:03,INDF,RG,6525,1,D,XC,RX,F
14:29:02,INDF,RG,6525,2,D,XC,RX,F
14:29:01,INDF,RG,6525,21,F,BK,RX,F
14:28:59,INDF,RG,6525,10,D,NI,RX,F
14:28:58,INDF,RG,6525,13,F,RX,RX,F
14:28:37,INDF,RG,6525,5,F,CS,RX,F
14:28:37,INDF,RG,6525,47,F,RX,RX,F
14:28:34,INDF,RG,6525,1,D,XC,RX,F
14:28:31,INDF,RG,6525,42,F,BK,RX,F
14:27:58,INDF,RG,6525,43,F,BK,RX,F
14:27:52,INDF,RG,6525,9,F,CS,RX,F
14:27:47,INDF,RG,6525,65,D,KI,RX,F
14:27:40,INDF,RG,6525,8,D,YP,RX,F
14:27:30,INDF,RG,6525,11,F,ZP,RX,F
14:27:27,INDF,RG,6500,184,D,GR,RX,F
14:27:25,INDF,RG,6500,120,D,GR,RX,F
14:27:25,INDF,RG,6500,15,D,YP,RX,F
14:27:25,INDF,RG,6500,1,D,GR,RX,F
14:27:25,INDF,RG,6500,1,D,OD,RX,F
14:27:25,INDF,RG,6500,1,D,HP,RX,F
14:27:25,INDF,RG,6500,1,D,NI,RX,F
14:27:25,INDF,RG,6500,5,D,YP,RX,F
14:27:25,INDF,RG,6500,10,D,NI,RX,F
14:27:25,INDF,RG,6500,7,D,EP,RX,F
14:27:25,INDF,RG,6500,2,D,KK,RX,F
14:27:25,INDF,RG,6500,50,D,EP,RX,F
14:27:25,INDF,RG,6500,1,D,CC,RX,F
14:27:25,INDF,RG,6500,8,D,DR,RX,F
14:27:25,INDF,RG,6500,1,D,DR,PD,D
14:27:16,INDF,RG,6525,28,F,BK,RX,F
14:27:16,INDF,RG,6525,9,F,BK,AG,F
14:27:16,INDF,RG,6525,17,F,BK,PD,D
14:27:16,INDF,RG,6525,13,F,RX,PD,D
14:27:08,INDF,RG,6525,5,F,CS,PD,D
14:26:53,INDF,RG,6525,13,F,RX,PD,D
14:26:50,INDF,RG,6525,2,D,OD,PD,D
14:26:44,INDF,RG,6500,10,D,DR,YP,D
14:26:43,INDF,RG,6525,10,D,NI,PD,D
14:26:40,INDF,RG,6525,51,F,BK,PD,D
14:26:31,INDF,RG,6525,14,F,RX,PD,D
14:26:28,INDF,RG,6525,2,D,PD,PD,D
14:26:07,INDF,RG,6525,41,F,RX,PD,D
14:26:06,INDF,RG,6525,9,F,CS,PD,D
14:26:06,INDF,RG,6525,48,F,BK,PD,D
14:25:23,INDF,RG,6525,6,F,CS,PD,D
14:25:16,INDF,RG,6525,58,F,BK,PD,D
14:25:15,INDF,RG,6500,1,D,DR,AK,F
14:25:11,INDF,RG,6500,81,D,DR,CC,D
14:24:56,INDF,RG,6500,99,D,DR,RX,F
14:24:56,INDF,RG,6500,1,D,CC,RX,F
14:24:56,INDF,RG,6500,10,D,PD,RX,F
14:24:56,INDF,RG,6500,2,D,PD,RX,F
14:24:56,INDF,RG,6500,2,D,XL,RX,F
14:24:56,INDF,RG,6500,2,D,SQ,RX,F
14:24:56,INDF,RG,6500,1,D,XL,RX,F
14:24:56,INDF,RG,6500,1,D,XC,RX,F
14:24:56,INDF,RG,6500,1,D,XC,RX,F
14:24:56,INDF,RG,6500,3,D,PD,RX,F
14:24:56,INDF,RG,6500,1,D,PD,RX,F
14:24:56,INDF,RG,6500,5,D,YP,RX,F
14:24:56,INDF,RG,6500,50,D,PD,RX,F
14:24:56,INDF,RG,6500,1,D,SQ,RX,F
14:24:54,INDF,RG,6525,18,F,ZP,PD,D
14:24:54,INDF,RG,6525,34,F,ZP,PD,D
14:24:54,INDF,RG,6525,1,F,ZP,PD,D
14:24:54,INDF,RG,6500,49,D,SQ,RX,F
14:24:54,INDF,RG,6500,10,D,YP,RX,F
14:24:54,INDF,RG,6500,1,D,PD,RX,F
14:24:54,INDF,RG,6500,5,D,XC,RX,F
14:24:54,INDF,RG,6500,157,D,YP,RX,F
14:24:44,INDF,RG,6525,5,D,PD,PD,D
14:24:43,INDF,RG,6525,100,D,KI,PD,D
14:24:40,INDF,RG,6525,39,F,BK,PD,D
14:24:11,INDF,RG,6500,113,D,YP,ZP,D
14:24:09,INDF,RG,6525,30,F,ZP,PD,D
14:24:09,INDF,RG,6525,20,F,ZP,PD,D
14:24:08,INDF,RG,6525,27,F,BK,PD,D
14:24:08,INDF,RG,6525,10,F,CS,PD,D
14:24:04,INDF,RG,6525,25,D,KK,PD,D
14:24:03,INDF,RG,6500,1,D,YP,LG,D
14:24:00,INDF,RG,6525,20,D,SQ,PD,D
14:23:52,INDF,RG,6525,11,F,ZP,PD,D
14:23:48,INDF,RG,6525,2,F,ZP,PD,D
14:23:48,INDF,RG,6525,7,D,TP,PD,D
14:23:46,INDF,RG,6525,17,F,ZP,PD,D
14:23:40,INDF,RG,6525,17,F,ZP,PD,D
14:23:37,INDF,RG,6525,17,F,ZP,PD,D
14:23:31,INDF,RG,6525,3,F,ZP,PD,D
14:23:26,INDF,RG,6525,17,F,ZP,PD,D
14:23:25,INDF,RG,6525,6,F,CS,PD,D
14:23:22,INDF,RG,6525,17,F,ZP,PD,D
14:23:19,INDF,RG,6525,17,F,ZP,PD,D
14:23:17,INDF,RG,6525,17,F,ZP,PD,D
14:23:11,INDF,RG,6525,17,F,ZP,PD,D
14:23:03,INDF,RG,6525,1,D,PD,PD,D
14:23:01,INDF,RG,6525,11,F,ZP,PD,D
14:23:01,INDF,RG,6525,35,D,YP,PD,D
14:23:01,INDF,RG,6525,88,D,YP,PD,D
14:22:53,INDF,RG,6525,17,F,ZP,PD,D
14:22:53,INDF,RG,6525,41,F,BK,PD,D
14:22:45,INDF,RG,6525,24,D,DX,PD,D
14:22:45,INDF,RG,6525,8,D,DX,AG,F
14:22:45,INDF,RG,6525,8,D,DX,CS,F
14:22:45,INDF,RG,6525,20,D,DX,CS,F
14:22:44,INDF,RG,6500,140,D,YP,ZP,D
14:22:22,INDF,RG,6500,1,D,YP,GR,D
14:22:19,INDF,RG,6525,7,F,ZP,CS,F
14:22:19,INDF,RG,6525,11,F,ZP,CS,F
14:22:18,INDF,RG,6525,3,F,ZP,CS,F
14:22:18,INDF,RG,6525,15,F,ZP,RX,F
14:22:16,INDF,RG,6525,18,F,ZP,RX,F
14:22:15,INDF,RG,6500,88,D,YP,RX,F
14:22:15,INDF,RG,6500,10,D,AI,RX,F
14:22:15,INDF,RG,6500,1,D,XC,RX,F
14:22:15,INDF,RG,6500,1,D,YP,RX,F
14:22:15,INDF,RG,6500,5,D,KK,RX,F
14:22:15,INDF,RG,6500,1,D,YP,RX,F
14:22:15,INDF,RG,6500,1,D,PD,RX,F
14:22:15,INDF,RG,6500,1,D,NI,RX,F
14:22:15,INDF,RG,6500,3,D,KK,RX,F
14:22:15,INDF,RG,6500,3,D,XC,RX,F
14:22:15,INDF,RG,6500,3,D,XL,RX,F
14:22:15,INDF,RG,6500,5,D,NI,RX,F
14:22:15,INDF,RG,6500,1,D,YP,RX,F
14:22:15,INDF,RG,6500,5,D,CC,RX,F
14:22:15,INDF,RG,6500,1,D,YP,RX,F
14:22:15,INDF,RG,6500,20,D,SQ,RX,F
14:22:15,INDF,RG,6500,1,D,PD,RX,F
14:22:15,INDF,RG,6500,1,D,CP,RX,F
14:22:15,INDF,RG,6500,10,D,PD,RX,F
14:22:15,INDF,RG,6500,20,D,NI,RX,F
14:22:15,INDF,RG,6500,1,D,XC,RX,F
14:22:15,INDF,RG,6500,5,D,NI,RX,F
14:22:15,INDF,RG,6500,1,D,AG,RX,F
14:22:15,INDF,RG,6500,1,D,YP,RX,F
14:22:15,INDF,RG,6500,2,D,XL,RX,F
14:22:15,INDF,RG,6500,1,D,NI,RX,F
14:22:15,INDF,RG,6500,1,D,SQ,RX,F
14:22:15,INDF,RG,6500,3,D,KK,RX,F
14:22:15,INDF,RG,6500,4,D,YP,RX,F
14:22:15,INDF,RG,6500,2,D,XL,RX,F
14:22:15,INDF,RG,6500,18,D,ZP,RX,F
14:21:58,INDF,RG,6525,1,D,PD,RX,F
14:21:55,INDF,RG,6525,18,F,ZP,RX,F
14:21:55,INDF,RG,6500,7,D,ZP,CC,D
14:21:55,INDF,RG,6500,1,D,PD,CC,D
14:21:55,INDF,RG,6500,1,D,CP,CC,D
14:21:55,INDF,RG,6500,1,D,XC,CC,D
14:21:55,INDF,RG,6500,5,D,GR,CC,D
14:21:55,INDF,RG,6500,2,D,EP,CC,D
14:21:55,INDF,RG,6500,64,D,GR,CC,D
14:21:51,INDF,RG,6525,1,D,AI,RX,F
14:21:30,INDF,RG,6525,42,F,BK,RX,F
14:21:24,INDF,RG,6500,2,D,GR,PD,D
14:21:02,INDF,RG,6525,6,D,LG,RX,F
14:20:55,INDF,RG,6525,18,F,BK,RX,F
14:20:51,INDF,RG,6525,76,D,XL,RX,F
14:20:26,INDF,RG,6525,1,D,XC,RX,F
14:19:55,INDF,RG,6525,34,F,BK,RX,F
14:19:51,INDF,RG,6525,17,F,ZP,RX,F
14:19:51,INDF,RG,6525,18,F,ZP,CS,F
14:19:49,INDF,RG,6525,2,F,ZP,CS,F
14:19:49,INDF,RG,6525,15,F,ZP,PD,D
14:19:49,INDF,RG,6525,18,F,ZP,PD,D
14:19:49,INDF,RG,6500,134,D,GR,RX,F
14:19:49,INDF,RG,6500,1,D,NI,RX,F
14:19:49,INDF,RG,6500,77,D,YP,RX,F
14:19:47,INDF,RG,6525,2,D,PD,PD,D
14:19:47,INDF,RG,6525,17,F,ZP,PD,D
14:19:47,INDF,RG,6500,222,D,YP,RX,F
14:19:43,INDF,RG,6525,1,D,EP,PD,D
14:19:18,INDF,RG,6525,17,F,ZP,PD,D
14:19:17,INDF,RG,6525,13,F,ZP,PD,D
14:19:17,INDF,RG,6525,6,F,ZP,PD,D
14:19:08,INDF,RG,6525,35,F,BK,PD,D
14:18:42,INDF,RG,6500,81,D,YP,CC,D
14:17:48,INDF,RG,6525,50,D,YP,PD,D
14:17:31,INDF,RG,6525,18,F,ZP,PD,D
14:17:31,INDF,RG,6525,18,F,ZP,PD,D
14:17:31,INDF,RG,6500,25,D,YP,RX,F
14:17:29,INDF,RG,6525,18,F,ZP,PD,D
14:17:29,INDF,RG,6500,95,D,YP,RX,F
14:17:29,INDF,RG,6500,1,D,NI,RX,F
14:17:29,INDF,RG,6500,1,D,XC,RX,F
14:17:29,INDF,RG,6500,10,D,SQ,RX,F
14:17:29,INDF,RG,6500,1,D,PD,RX,F
14:17:29,INDF,RG,6500,1,D,YP,RX,F
14:17:29,INDF,RG,6500,1,D,LG,RX,F
14:17:29,INDF,RG,6500,16,D,CC,RX,F
14:17:29,INDF,RG,6500,1,D,EP,RX,F
14:17:29,INDF,RG,6500,1,D,XL,RX,F
14:17:29,INDF,RG,6500,1,D,YP,RX,F
14:17:29,INDF,RG,6500,3,D,XL,RX,F
14:17:29,INDF,RG,6500,1,D,YP,RX,F
14:17:29,INDF,RG,6500,7,F,KK,RX,F
14:17:29,INDF,RG,6500,3,D,XL,RX,F
14:17:29,INDF,RG,6500,79,D,YP,RX,F
14:16:56,INDF,RG,6525,1,D,PD,PD,D
14:16:16,INDF,RG,6525,2,D,XC,PD,D
14:16:12,INDF,RG,6525,8,D,PD,PD,D
14:16:12,INDF,RG,6525,4,D,XL,PD,D
14:15:56,INDF,RG,6525,10,D,YP,PD,D
14:15:47,INDF,RG,6525,4,D,XL,PD,D
14:15:39,INDF,RG,6525,1,D,YP,PD,D
14:15:36,INDF,RG,6525,2,D,XC,PD,D
14:15:30,INDF,RG,6525,5,D,DH,PD,D
14:15:09,INDF,RG,6525,10,D,YP,PD,D
14:14:22,INDF,RG,6525,1,D,YP,PD,D
14:14:16,INDF,RG,6525,18,F,ZP,PD,D
14:14:16,INDF,RG,6525,222,D,DH,PD,D
14:14:15,INDF,RG,6500,1,D,YP,AK,F
14:14:05,INDF,RG,6525,18,F,ZP,PD,D
14:14:05,INDF,RG,6525,18,F,ZP,PD,D
14:14:01,INDF,RG,6525,17,F,ZP,PD,D
14:14:01,INDF,RG,6525,17,F,ZP,PD,D
14:14:01,INDF,RG,6500,81,D,YP,CC,D
14:14:00,INDF,RG,6525,18,F,ZP,PD,D
14:13:58,INDF,RG,6525,17,F,ZP,PD,D
14:13:58,INDF,RG,6525,2,D,XC,PD,D
14:13:58,INDF,RG,6525,7,F,CS,PD,D
14:13:58,INDF,RG,6525,20,D,XA,PD,D
14:13:58,INDF,RG,6525,9,F,ZP,PD,D
14:13:58,INDF,RG,6525,7,F,CS,PD,D
14:13:58,INDF,RG,6525,6,F,CS,PD,D
14:13:58,INDF,RG,6525,7,F,CS,PD,D
14:13:58,INDF,RG,6525,20,D,XA,PD,D
14:13:58,INDF,RG,6525,1,D,CC,PD,D
14:13:58,INDF,RG,6525,20,F,ZP,PD,D
14:13:58,INDF,RG,6525,1,D,YP,PD,D
14:13:58,INDF,RG,6525,5,F,CS,PD,D
14:13:58,INDF,RG,6525,6,F,CS,PD,D
14:13:58,INDF,RG,6525,3,F,CS,PD,D
14:13:58,INDF,RG,6525,11,F,BK,PD,D
14:13:58,INDF,RG,6525,250,D,KK,PD,D
14:13:58,INDF,RG,6525,6,F,ZP,PD,D
14:13:58,INDF,RG,6525,243,F,BK,PD,D
14:13:57,INDF,RG,6525,98,F,BK,PD,D
14:13:57,INDF,RG,6525,17,F,ZP,PD,D
14:13:57,INDF,RG,6525,6,F,CS,PD,D
14:13:57,INDF,RG,6525,5,F,CS,PD,D
14:13:57,INDF,RG,6525,18,F,ZP,PD,D
14:13:57,INDF,RG,6525,94,F,AK,PD,D
14:13:57,INDF,RG,6525,17,F,ZP,PD,D
14:13:44,INDF,RG,6550,39,F,BK,PD,D
14:13:29,INDF,RG,6550,14,F,BK,PD,D
14:13:10,INDF,RG,6525,1,F,ZP,XC,D
14:13:10,INDF,RG,6525,1,F,ZP,XC,D
14:13:05,INDF,RG,6550,33,F,BK,PD,D
14:13:00,INDF,RG,6550,17,F,ZP,PD,D
14:12:59,INDF,RG,6550,17,F,ZP,PD,D
14:12:59,INDF,RG,6550,17,F,ZP,PD,D
14:12:57,INDF,RG,6550,18,F,ZP,PD,D
14:12:56,INDF,RG,6550,18,F,ZP,PD,D
14:12:56,INDF,RG,6550,18,F,ZP,PD,D
14:12:56,INDF,RG,6550,17,F,ZP,PD,D
14:12:56,INDF,RG,6550,18,F,ZP,PD,D
14:12:56,INDF,RG,6550,17,F,ZP,PD,D
14:12:56,INDF,RG,6550,17,F,ZP,PD,D
14:12:53,INDF,RG,6525,9,F,AK,AG,F
14:12:53,INDF,RG,6525,1,F,AK,LG,D
14:12:53,INDF,RG,6525,7,F,AK,RX,F
14:12:53,INDF,RG,6525,6,F,AK,CS,F
14:12:53,INDF,RG,6525,38,F,AK,ZP,D
14:12:53,INDF,RG,6525,17,F,ZP,ZP,D
14:12:53,INDF,RG,6525,12,F,ZP,ZP,D
14:12:53,INDF,RG,6525,69,F,AK,ZP,D
14:12:53,INDF,RG,6525,54,F,BK,ZP,D
14:12:53,INDF,RG,6525,10,F,BK,AG,F
14:12:53,INDF,RG,6525,8,F,BK,PD,D
14:12:53,INDF,RG,6525,3,F,BK,CS,F
14:12:53,INDF,RG,6525,15,F,BK,CS,F
14:12:53,INDF,RG,6525,222,F,BK,RX,F
14:12:53,INDF,RG,6525,10,F,BK,DR,D
14:12:53,INDF,RG,6525,3,F,BK,CS,F
14:12:53,INDF,RG,6525,4,F,BK,CS,F
14:12:53,INDF,RG,6525,9,F,BK,CS,F
14:12:53,INDF,RG,6525,415,F,BK,PD,D
14:12:53,INDF,RG,6525,85,F,BK,PD,D
14:12:53,INDF,RG,6525,29,F,BK,CS,F
14:12:53,INDF,RG,6525,133,F,BK,CC,D
14:12:53,INDF,RG,6525,1,D,XC,CC,D
14:12:48,INDF,RG,6525,16,F,BK,CC,D
14:12:46,INDF,RG,6525,4,F,AK,CC,D
14:12:46,INDF,RG,6525,11,D,YP,CC,D
14:12:46,INDF,RG,6525,4,D,YP,KK,D
14:12:43,INDF,RG,6525,1,D,XC,KK,D
14:12:38,INDF,RG,6525,2,F,ZP,XC,D
14:12:38,INDF,RG,6525,16,F,ZP,NI,D
14:12:38,INDF,RG,6525,14,F,ZP,NI,D
14:12:38,INDF,RG,6525,3,F,ZP,XC,D
14:12:38,INDF,RG,6525,4,F,ZP,XC,D
14:12:38,INDF,RG,6525,14,F,ZP,AG,F
14:12:34,INDF,RG,6525,16,F,BK,AG,F
14:12:33,INDF,RG,6525,16,F,AK,AG,F
14:12:33,INDF,RG,6525,8,F,ZP,AG,F
14:12:33,INDF,RG,6525,10,F,ZP,RX,F
14:12:33,INDF,RG,6525,300,D,LG,RX,F
14:12:25,INDF,RG,6525,2,F,AK,RX,F
14:12:25,INDF,RG,6525,17,F,ZP,RX,F
14:12:25,INDF,RG,6525,17,F,ZP,RX,F
14:12:21,INDF,RG,6525,10,F,AK,RX,F
14:12:21,INDF,RG,6525,18,F,ZP,RX,F
14:12:21,INDF,RG,6525,18,F,ZP,RX,F
14:12:21,INDF,RG,6500,170,D,YP,RX,F
14:12:20,INDF,RG,6525,5,D,NI,RX,F
14:12:20,INDF,RG,6525,1,F,AK,RX,F
14:12:19,INDF,RG,6525,18,F,ZP,RX,F
14:12:19,INDF,RG,6525,11,F,AK,RX,F
14:12:19,INDF,RG,6500,222,D,YP,RX,F
14:12:15,INDF,RG,6525,4,F,AK,RX,F
14:12:15,INDF,RG,6500,12,D,YP,AK,F
14:12:13,INDF,RG,6525,3,D,PD,RX,F
14:12:13,INDF,RG,6525,3,D,PD,CS,F
14:12:13,INDF,RG,6525,4,D,PD,CS,F
14:12:08,INDF,RG,6525,17,F,BK,CS,F
14:12:08,INDF,RG,6525,10,F,BK,CS,F
14:11:57,INDF,RG,6525,5,F,BK,CS,F
14:11:57,INDF,RG,6525,10,F,BK,ZP,D
14:11:40,INDF,RG,6525,20,F,BK,ZP,D
14:11:04,INDF,RG,6500,2,D,YP,PD,D
14:10:52,INDF,RG,6525,2,D,PD,ZP,D
14:10:50,INDF,RG,6525,20,D,YP,ZP,D
14:10:32,INDF,RG,6525,1,D,PD,ZP,D
14:10:13,INDF,RG,6525,1,D,XL,ZP,D
14:10:05,INDF,RG,6525,50,D,YB,ZP,D
14:09:45,INDF,RG,6500,101,D,YP,RX,F
14:09:43,INDF,RG,6525,86,F,AK,ZP,D
14:09:43,INDF,RG,6500,332,D,YP,RX,F
14:09:43,INDF,RG,6500,1,D,YP,RX,F
14:08:58,INDF,RG,6525,1,D,XL,ZP,D
14:08:42,INDF,RG,6525,5,D,KK,ZP,D
14:08:15,INDF,RG,6525,3,F,AK,ZP,D
14:08:15,INDF,RG,6500,1,D,DH,ZP,D
14:08:15,INDF,RG,6500,5,D,KK,ZP,D
14:08:15,INDF,RG,6500,1,D,PD,ZP,D
14:08:15,INDF,RG,6500,10,D,KK,ZP,D
14:08:15,INDF,RG,6500,50,D,SQ,ZP,D
14:08:15,INDF,RG,6500,2,D,SQ,ZP,D
14:08:15,INDF,RG,6500,1,D,PD,ZP,D
14:08:15,INDF,RG,6500,5,D,PD,ZP,D
14:08:15,INDF,RG,6500,39,D,KK,ZP,D
14:08:15,INDF,RG,6500,4,D,PD,ZP,D
14:08:15,INDF,RG,6500,6,D,PD,ZP,D
14:08:06,INDF,RG,6525,10,D,KK,ZP,D
14:07:30,INDF,RG,6525,3,D,DR,ZP,D
14:07:01,INDF,RG,6525,3,D,XC,ZP,D
14:07:00,INDF,RG,6525,2,D,YP,ZP,D
14:06:57,INDF,RG,6500,3,D,PD,XL,D
14:06:57,INDF,RG,6500,2,D,PD,CC,D
14:06:56,INDF,RG,6525,3,F,AK,ZP,D
14:06:56,INDF,RG,6500,9,D,PD,ZP,D
14:06:56,INDF,RG,6500,5,D,AZ,ZP,D
14:06:56,INDF,RG,6500,1,D,LS,ZP,D
14:06:56,INDF,RG,6500,1,D,GR,ZP,D
14:06:56,INDF,RG,6500,1,D,GR,ZP,D
14:06:56,INDF,RG,6500,2,D,PD,ZP,D
14:06:56,INDF,RG,6500,1,D,PD,ZP,D
14:06:56,INDF,RG,6500,5,D,KK,ZP,D
14:06:56,INDF,RG,6500,3,D,PD,ZP,D
14:06:56,INDF,RG,6500,2,D,PD,ZP,D
14:06:56,INDF,RG,6500,1,D,KK,ZP,D
14:06:56,INDF,RG,6500,1,D,PD,ZP,D
14:06:56,INDF,RG,6500,1,D,PD,ZP,D
14:06:56,INDF,RG,6500,1,D,PD,ZP,D
14:06:56,INDF,RG,6500,2,D,KK,ZP,D
14:06:56,INDF,RG,6500,5,D,YP,ZP,D
14:06:56,INDF,RG,6500,100,D,YP,ZP,D
14:06:56,INDF,RG,6500,5,D,KK,ZP,D
14:06:56,INDF,RG,6500,2,D,EP,ZP,D
14:06:56,INDF,RG,6500,10,D,KI,ZP,D
14:06:56,INDF,RG,6500,1,D,MU,ZP,D
14:06:54,INDF,RG,6525,10,D,XC,CS,F
14:06:54,INDF,RG,6525,1,D,CC,RX,F
14:06:54,INDF,RG,6525,3,F,CS,RX,F
14:06:54,INDF,RG,6525,1,D,YP,RX,F
14:06:54,INDF,RG,6525,63,F,RX,RX,F
14:06:54,INDF,RG,6525,2,D,NI,RX,F
14:06:54,INDF,RG,6525,1,D,TP,RX,F
14:06:54,INDF,RG,6525,17,F,BK,RX,F
14:06:54,INDF,RG,6525,3,F,ZP,RX,F
14:06:54,INDF,RG,6525,19,F,ZP,RX,F
14:06:54,INDF,RG,6525,10,F,ZP,RX,F
14:06:54,INDF,RG,6525,900,F,BK,RX,F
14:06:54,INDF,RG,6525,18,F,CS,RX,F
14:06:54,INDF,RG,6525,10,D,SQ,RX,F
14:06:54,INDF,RG,6525,20,D,YP,RX,F
14:06:54,INDF,RG,6525,16,F,ZP,RX,F
14:06:54,INDF,RG,6525,7,F,CS,RX,F
14:06:54,INDF,RG,6525,8,F,CS,RX,F
14:06:54,INDF,RG,6525,600,D,YP,RX,F
14:06:54,INDF,RG,6525,40,D,OD,RX,F
14:06:54,INDF,RG,6525,1,D,SQ,RX,F
14:06:54,INDF,RG,6525,5,D,YP,RX,F
14:06:54,INDF,RG,6525,1,D,NI,RX,F
14:06:54,INDF,RG,6525,10,D,KK,RX,F
14:06:54,INDF,RG,6525,15,D,XL,RX,F
14:06:54,INDF,RG,6525,45,D,NI,RX,F
14:06:54,INDF,RG,6525,5,D,SQ,RX,F
14:06:54,INDF,RG,6525,1,D,YP,RX,F
14:06:54,INDF,RG,6525,1,D,XC,RX,F
14:06:54,INDF,RG,6525,291,F,AK,RX,F
14:06:54,INDF,RG,6525,25,D,DR,RX,F
14:06:54,INDF,RG,6525,1,D,XL,RX,F
14:06:54,INDF,RG,6525,1,D,YP,RX,F
14:06:54,INDF,RG,6525,10,D,CC,RX,F
14:06:54,INDF,RG,6525,3,F,BK,RX,F
14:06:54,INDF,RG,6525,2,D,YP,RX,F
14:06:54,INDF,RG,6525,13,F,ZP,RX,F
14:06:54,INDF,RG,6525,10,D,KK,RX,F
14:06:54,INDF,RG,6525,5,D,XL,RX,F
14:06:54,INDF,RG,6525,1,D,PD,RX,F
14:06:54,INDF,RG,6525,1,D,PD,RX,F
14:06:54,INDF,RG,6525,20,F,CS,RX,F
14:06:54,INDF,RG,6525,13,F,CS,RX,F
14:06:54,INDF,RG,6525,3,D,XC,RX,F
14:06:54,INDF,RG,6525,15,F,ZP,RX,F
14:06:54,INDF,RG,6525,3,D,XC,RX,F
14:06:54,INDF,RG,6525,10,D,XL,RX,F
14:06:54,INDF,RG,6525,6,D,XC,RX,F
14:06:54,INDF,RG,6525,58,D,SQ,RX,F
14:06:54,INDF,RG,6525,3,D,PD,RX,F
14:06:54,INDF,RG,6525,5,D,YP,RX,F
14:06:54,INDF,RG,6525,1,D,XC,RX,F
14:06:54,INDF,RG,6525,1,D,YP,RX,F
14:06:54,INDF,RG,6525,11,D,YP,RX,F
14:06:54,INDF,RG,6525,10,D,YP,RX,F
14:06:54,INDF,RG,6525,3,F,CS,RX,F
14:06:54,INDF,RG,6525,22,D,XL,RX,F
14:06:54,INDF,RG,6525,3,F,CS,RX,F
14:06:54,INDF,RG,6525,1,D,DH,RX,F
14:06:54,INDF,RG,6525,2,D,AT,RX,F
14:06:54,INDF,RG,6525,10,D,GR,RX,F
14:06:54,INDF,RG,6525,1,D,XL,RX,F
14:06:54,INDF,RG,6525,3,F,CS,RX,F
14:06:54,INDF,RG,6525,3,D,XL,RX,F
14:06:54,INDF,RG,6525,13,F,CS,RX,F
14:06:54,INDF,RG,6525,2,D,PD,RX,F
14:06:54,INDF,RG,6525,1,D,XL,RX,F
14:06:54,INDF,RG,6525,1,D,NI,RX,F
14:06:54,INDF,RG,6525,2,D,PD,RX,F
14:06:54,INDF,RG,6525,1,D,XC,RX,F
14:06:54,INDF,RG,6525,16,F,CS,RX,F
14:06:54,INDF,RG,6525,4,F,CS,RX,F
14:06:54,INDF,RG,6525,5,D,YP,RX,F
14:06:54,INDF,RG,6525,4,F,CS,RX,F
14:06:54,INDF,RG,6525,8,D,MG,RX,F
14:06:54,INDF,RG,6525,10,F,ZP,RX,F
14:06:54,INDF,RG,6525,9,D,MG,RX,F
14:06:54,INDF,RG,6525,1,D,YP,RX,F
14:06:54,INDF,RG,6525,1,D,PD,RX,F
14:06:54,INDF,RG,6525,1,D,LS,RX,F
14:06:54,INDF,RG,6525,2,D,SQ,RX,F
14:06:54,INDF,RG,6525,262,F,RX,RX,F
14:06:54,INDF,RG,6525,4,F,BK,RX,F
14:06:54,INDF,RG,6525,4,F,CS,RX,F
14:06:54,INDF,RG,6525,2,D,EP,RX,F
14:06:54,INDF,RG,6525,10,D,YP,RX,F
14:06:54,INDF,RG,6525,1,D,NI,RX,F
14:06:54,INDF,RG,6525,9,F,CS,RX,F
14:06:54,INDF,RG,6525,20,D,PD,RX,F
14:06:54,INDF,RG,6525,5,F,CS,RX,F
14:06:54,INDF,RG,6525,9,F,CS,RX,F
14:06:54,INDF,RG,6525,1,D,CC,RX,F
14:06:54,INDF,RG,6525,1,D,XC,RX,F
14:06:54,INDF,RG,6525,25,D,YU,RX,F
14:06:54,INDF,RG,6525,3,D,XL,RX,F
14:06:54,INDF,RG,6525,5,F,CS,RX,F
14:06:54,INDF,RG,6525,100,D,KI,RX,F
14:06:54,INDF,RG,6525,68,F,AK,RX,F
14:06:54,INDF,RG,6525,9,F,ZP,RX,F
14:06:54,INDF,RG,6525,6,F,CS,RX,F
14:06:54,INDF,RG,6525,9,F,CS,RX,F
14:06:54,INDF,RG,6525,1,D,YP,RX,F
14:06:54,INDF,RG,6525,5,F,CS,RX,F
14:06:54,INDF,RG,6525,5,F,CS,RX,F
14:06:54,INDF,RG,6525,10,F,CS,RX,F
14:06:54,INDF,RG,6525,15,F,BK,RX,F
14:06:54,INDF,RG,6525,31,D,XL,RX,F
14:06:54,INDF,RG,6525,5,D,PD,RX,F
14:06:54,INDF,RG,6525,1,D,NI,RX,F
14:06:54,INDF,RG,6525,268,F,BK,RX,F
14:06:49,INDF,RG,6550,32,F,BK,PD,D
14:06:32,INDF,RG,6525,3,F,BK,RX,F
14:06:31,INDF,RG,6550,17,F,BK,PD,D
14:06:02,INDF,RG,6550,1,F,AK,PD,D
14:06:02,INDF,RG,6525,8,F,BK,RX,F
14:05:50,INDF,RG,6525,6,F,BK,XC,D
14:05:44,INDF,RG,6550,5,D,CC,PD,D
14:05:38,INDF,RG,6550,2,F,AK,PD,D
14:05:37,INDF,RG,6550,37,F,BK,PD,D
14:04:53,INDF,RG,6550,1,F,AK,PD,D
14:04:51,INDF,RG,6525,26,F,BK,RX,F
14:04:39,INDF,RG,6550,5,F,AK,PD,D
14:04:38,INDF,RG,6525,11,F,BK,CS,F
14:04:38,INDF,RG,6525,1,D,YP,CS,F
14:04:38,INDF,RG,6525,11,F,CS,CS,F
14:04:38,INDF,RG,6525,20,D,YP,CS,F
14:04:38,INDF,RG,6525,5,D,PD,CS,F
14:04:38,INDF,RG,6525,8,F,CS,CS,F
14:04:38,INDF,RG,6525,1,D,YP,CS,F
14:04:38,INDF,RG,6525,25,D,YP,CS,F
14:04:38,INDF,RG,6525,6,F,CS,CS,F
14:04:38,INDF,RG,6525,2,D,KK,CS,F
14:04:38,INDF,RG,6525,25,D,YP,CS,F
14:04:30,INDF,RG,6525,1,D,KK,AK,F
14:04:30,INDF,RG,6525,1,D,KK,AK,F
14:04:30,INDF,RG,6525,1,F,CS,AK,F
14:04:25,INDF,RG,6550,1,F,AK,PD,D
14:04:25,INDF,RG,6550,34,F,BK,PD,D
14:03:56,INDF,RG,6525,4,F,CS,RX,F
14:03:56,INDF,RG,6525,23,D,YP,RX,F
14:03:55,INDF,RG,6550,2,F,AK,PD,D
14:03:55,INDF,RG,6550,2,F,AK,PD,D
14:03:55,INDF,RG,6525,27,D,YP,CC,D
14:03:55,INDF,RG,6525,5,F,CS,CC,D
14:03:55,INDF,RG,6525,8,F,ZP,CC,D
14:03:55,INDF,RG,6525,3,D,XC,CC,D
14:03:55,INDF,RG,6525,2,F,ZP,CC,D
14:03:55,INDF,RG,6525,1,D,PD,CC,D
14:03:55,INDF,RG,6525,14,F,CS,CC,D
14:03:55,INDF,RG,6525,18,F,CS,CC,D
14:03:55,INDF,RG,6525,1,D,XL,CC,D
14:03:55,INDF,RG,6525,8,F,CS,CC,D
14:03:55,INDF,RG,6525,3,D,AT,CC,D
14:03:55,INDF,RG,6525,2,F,CS,CC,D
14:03:55,INDF,RG,6525,69,F,DR,CC,D
14:03:51,INDF,RG,6550,3,F,AK,PD,D
14:03:51,INDF,RG,6525,20,F,DR,RX,F
14:03:50,INDF,RG,6525,31,F,DR,DR,D
14:03:50,INDF,RG,6525,2,F,BK,DR,D
14:03:50,INDF,RG,6525,1,F,CS,DR,D
14:03:50,INDF,RG,6525,18,F,RX,DR,D
14:03:46,INDF,RG,6550,30,F,BK,PD,D
14:03:22,INDF,RG,6550,10,D,PD,PD,D
14:03:21,INDF,RG,6550,27,F,BK,PD,D
14:03:16,INDF,RG,6525,1,F,RX,AT,D
14:02:48,INDF,RG,6550,5,F,AK,PD,D
14:02:47,INDF,RG,6525,117,F,RX,RX,F
14:02:47,INDF,RG,6525,10,D,DH,RX,F
14:02:47,INDF,RG,6525,5,D,CC,RX,F
14:02:47,INDF,RG,6525,104,F,CS,RX,F
14:02:47,INDF,RG,6550,27,F,AK,PD,D
14:02:47,INDF,RG,6550,4,F,AK,PD,D
14:02:47,INDF,RG,6525,1005,F,CS,PD,D
14:02:47,INDF,RG,6525,169,F,AK,PD,D
14:02:46,INDF,RG,6525,31,F,AK,PD,D
14:02:46,INDF,RG,6525,41,F,ZP,PD,D
14:02:46,INDF,RG,6525,26,F,ZP,PD,D
14:02:46,INDF,RG,6525,5,D,AR,PD,D
14:02:46,INDF,RG,6525,1,F,ZP,PD,D
14:02:46,INDF,RG,6525,1,D,PD,PD,D
14:02:46,INDF,RG,6525,10,D,DR,PD,D
14:02:46,INDF,RG,6525,3,D,PD,PD,D
14:02:46,INDF,RG,6525,3,D,XC,PD,D
14:02:46,INDF,RG,6525,3,D,PD,PD,D
14:02:46,INDF,RG,6525,14,F,BK,PD,D
14:02:46,INDF,RG,6525,68,D,CC,PD,D
14:02:43,INDF,RG,6550,36,F,BK,PD,D
14:02:39,INDF,RG,6525,3,D,CC,RX,F
14:02:38,INDF,RG,6550,16,F,CS,PD,D
14:02:36,INDF,RG,6525,2,D,CC,RX,F
14:02:30,INDF,RG,6550,14,F,BK,PD,D
14:02:26,INDF,RG,6525,2,D,CC,RX,F
14:02:23,INDF,RG,6550,14,F,RX,PD,D
14:02:10,INDF,RG,6525,3,D,CC,RX,F
14:02:09,INDF,RG,6550,2,F,AK,PD,D
14:02:08,INDF,RG,6550,18,F,BK,PD,D
14:01:44,INDF,RG,6525,5,D,CC,RX,F
14:01:43,INDF,RG,6550,28,F,BK,PD,D
14:01:39,INDF,RG,6550,1,F,AK,PD,D
14:01:39,INDF,RG,6525,5,D,CC,RX,F
14:01:35,INDF,RG,6550,30,F,RX,PD,D
14:01:30,INDF,RG,6525,2,D,CC,AK,F
14:01:19,INDF,RG,6525,5,D,CC,RX,F
14:01:19,INDF,RG,6550,1,F,AK,PD,D
14:01:19,INDF,RG,6550,29,F,BK,PD,D
14:00:57,INDF,RG,6525,1,D,CC,RX,F
14:00:51,INDF,RG,6525,2,D,CC,PD,D
14:00:46,INDF,RG,6525,6,D,CC,RX,F
14:00:45,INDF,RG,6550,1,F,AK,PD,D
14:00:45,INDF,RG,6550,38,F,BK,PD,D
14:00:34,INDF,RG,6525,2,D,CC,RX,F
14:00:33,INDF,RG,6550,1,F,AK,PD,D
14:00:33,INDF,RG,6550,14,F,BK,PD,D
14:00:19,INDF,RG,6525,3,D,CC,RX,F
14:00:18,INDF,RG,6550,1,F,BK,PD,D
14:00:18,INDF,RG,6550,13,F,BK,PD,D
14:00:18,INDF,RG,6525,2,D,CC,RX,F
14:00:18,INDF,RG,6550,1,F,AK,PD,D
14:00:17,INDF,RG,6525,11,D,CC,ZP,D
14:00:09,INDF,RG,6525,5,D,CC,RX,F
14:00:07,INDF,RG,6550,30,F,BK,PD,D
13:59:57,INDF,RG,6550,1,D,PD,PD,D
13:59:56,INDF,RG,6525,2,D,CC,RX,F
13:59:55,INDF,RG,6550,16,F,RX,PD,D
13:59:53,INDF,RG,6525,5,D,CC,RX,F
13:59:52,INDF,RG,6550,11,F,BK,PD,D
13:59:51,INDF,RG,6550,18,F,BK,PD,D
13:59:27,INDF,RG,6525,7,D,CC,RX,F
13:59:25,INDF,RG,6550,13,F,BK,PD,D
13:59:24,INDF,RG,6525,4,D,CC,RX,F
13:59:23,INDF,RG,6550,33,F,BK,PD,D
13:59:22,INDF,RG,6525,2,D,CC,PD,D
13:59:21,INDF,RG,6550,19,F,BK,PD,D
13:59:19,INDF,RG,6525,22,D,CC,RX,F
13:59:18,INDF,RG,6550,135,F,RX,PD,D
13:59:16,INDF,RG,6525,1,D,CC,PD,D
13:59:03,INDF,RG,6525,7,D,CC,RX,F
13:59:03,INDF,RG,6550,31,F,BK,PD,D
13:59:01,INDF,RG,6525,11,D,CC,ZP,D
13:58:51,INDF,RG,6550,1,D,XL,PD,D
13:58:40,INDF,RG,6525,2,D,CC,RX,F
13:58:39,INDF,RG,6550,10,F,RX,PD,D
13:58:28,INDF,RG,6525,6,D,CC,RX,F
13:58:27,INDF,RG,6550,39,F,BK,PD,D
13:58:20,INDF,RG,6525,2,D,CC,RX,F
13:58:18,INDF,RG,6550,10,F,RX,PD,D
13:58:18,INDF,RG,6525,2,D,CC,RX,F
13:58:15,INDF,RG,6550,15,F,BK,PD,D
13:57:40,INDF,RG,6525,6,D,PD,RX,F
13:57:40,INDF,RG,6550,39,F,BK,PD,D
13:57:37,INDF,RG,6525,2,D,PD,RX,F
13:57:36,INDF,RG,6525,10,D,PD,XL,D
13:57:24,INDF,RG,6525,4,D,PD,RX,F
13:57:22,INDF,RG,6550,25,D,DR,PD,D
13:57:11,INDF,RG,6550,1,D,XC,PD,D
13:57:07,INDF,RG,6525,7,D,PD,RX,F
13:57:05,INDF,RG,6550,39,F,BK,PD,D
13:57:04,INDF,RG,6525,2,D,PD,RX,F
13:56:59,INDF,RG,6550,12,F,BK,PD,D
13:56:54,INDF,RG,6525,2,D,PD,RX,F
13:56:53,INDF,RG,6550,12,F,BK,PD,D
13:56:51,INDF,RG,6550,3,F,AK,PD,D
13:56:51,INDF,RG,6525,2,D,PD,RX,F
13:56:49,INDF,RG,6550,11,F,BK,PD,D
13:56:40,INDF,RG,6525,2,D,PD,RX,F
13:56:39,INDF,RG,6550,12,F,BK,PD,D
13:56:39,INDF,RG,6525,4,D,PD,RX,F
13:56:38,INDF,RG,6550,25,F,BK,PD,D
13:56:20,INDF,RG,6550,1,D,XC,PD,D
13:56:10,INDF,RG,6550,1,D,PD,PD,D
13:56:07,INDF,RG,6525,2,D,PD,RX,F
13:56:07,INDF,RG,6550,13,F,BK,PD,D
13:56:04,INDF,RG,6525,2,D,PD,RX,F
13:56:04,INDF,RG,6525,3,F,AG,RX,F
13:56:04,INDF,RG,6550,30,F,BK,PD,D
13:56:01,INDF,RG,6525,6,F,AG,RX,F
13:56:00,INDF,RG,6550,36,F,BK,PD,D
13:56:00,INDF,RG,6550,1,F,AK,PD,D
13:55:59,INDF,RG,6525,1,F,AG,RX,F
13:55:59,INDF,RG,6525,4,D,PD,RX,F
13:55:59,INDF,RG,6525,1,D,XL,RX,F
13:55:59,INDF,RG,6525,16,D,XL,RX,F
13:55:59,INDF,RG,6525,1,D,XL,RX,F
13:55:59,INDF,RG,6525,4,D,PD,RX,F
13:55:59,INDF,RG,6550,5,F,AK,PD,D
13:55:59,INDF,RG,6525,6,D,PD,CC,D
13:55:59,INDF,RG,6525,1,D,PD,CC,D
13:55:59,INDF,RG,6525,1,D,PD,CC,D
13:55:59,INDF,RG,6525,2,D,PD,CC,D
13:55:59,INDF,RG,6525,1,D,OD,CC,D
13:55:59,INDF,RG,6525,1,F,ZP,CC,D
13:55:59,INDF,RG,6525,1,D,YP,CC,D
13:55:59,INDF,RG,6525,1,D,CC,CC,D
13:55:59,INDF,RG,6525,25,D,LG,CC,D
13:55:59,INDF,RG,6525,1,D,YP,CC,D
13:55:59,INDF,RG,6525,10,D,YB,CC,D
13:55:59,INDF,RG,6525,10,D,PD,CC,D
13:55:59,INDF,RG,6525,1,D,NI,CC,D
13:55:59,INDF,RG,6525,5,D,YP,CC,D
13:55:59,INDF,RG,6525,95,D,YP,CC,D
13:55:34,INDF,RG,6525,4,D,YP,RX,F
13:55:32,INDF,RG,6550,26,F,BK,PD,D
13:55:16,INDF,RG,6525,3,D,YP,RX,F
13:55:14,INDF,RG,6550,18,F,BK,PD,D
13:55:09,INDF,RG,6525,3,D,YP,RX,F
13:55:08,INDF,RG,6550,13,F,BK,PD,D
13:55:07,INDF,RG,6550,1,D,XL,PD,D
13:55:06,INDF,RG,6525,2,D,YP,RX,F
13:55:05,INDF,RG,6550,13,F,BK,PD,D
13:55:04,INDF,RG,6525,12,D,YP,RX,F
13:55:03,INDF,RG,6550,2,F,AK,PD,D
13:55:03,INDF,RG,6550,65,F,BK,PD,D
13:55:01,INDF,RG,6550,5,F,AK,PD,D
13:55:01,INDF,RG,6525,246,D,YP,RX,F
13:55:01,INDF,RG,6525,1,D,YP,NI,D
13:54:59,INDF,RG,6550,1,F,AK,PD,D
13:54:59,INDF,RG,6550,15,F,BK,PD,D
13:54:59,INDF,RG,6550,8,F,AK,PD,D
13:54:59,INDF,RG,6550,174,F,BK,PD,D
13:54:59,INDF,RG,6550,16,F,BK,RX,F
13:54:59,INDF,RG,6550,2,F,BK,ZP,D
13:54:58,INDF,RG,6550,25,F,AK,ZP,D
13:54:58,INDF,RG,6550,4,F,AK,ZP,D
13:54:58,INDF,RG,6525,134,D,YP,PD,D
13:54:58,INDF,RG,6525,7,D,YP,PD,D
13:54:58,INDF,RG,6525,5,D,YP,PD,D
13:54:58,INDF,RG,6525,1,D,XL,PD,D
13:54:58,INDF,RG,6525,1,D,SQ,PD,D
13:54:58,INDF,RG,6525,1,D,PD,PD,D
13:54:58,INDF,RG,6525,1,D,NI,PD,D
13:54:58,INDF,RG,6525,1,D,XC,PD,D
13:54:58,INDF,RG,6525,1,D,XC,PD,D
13:54:58,INDF,RG,6525,1,D,PD,PD,D
13:54:58,INDF,RG,6525,5,D,YP,PD,D
13:54:58,INDF,RG,6525,5,D,YP,PD,D
13:54:58,INDF,RG,6525,5,D,YP,PD,D
13:54:58,INDF,RG,6525,5,D,YP,PD,D
13:54:58,INDF,RG,6525,1,D,DX,PD,D
13:54:58,INDF,RG,6525,2,D,XC,PD,D
13:54:58,INDF,RG,6525,5,D,PD,PD,D
13:54:58,INDF,RG,6525,1,D,YB,PD,D
13:54:58,INDF,RG,6525,4,D,PD,PD,D
13:54:58,INDF,RG,6525,1,D,XL,PD,D
13:54:58,INDF,RG,6525,1,D,YP,PD,D
13:54:58,INDF,RG,6525,2,D,PD,PD,D
13:54:58,INDF,RG,6525,50,D,LG,PD,D
13:54:58,INDF,RG,6525,1,D,PD,PD,D
13:54:58,INDF,RG,6525,1,D,KK,PD,D
13:54:58,INDF,RG,6525,1,D,DH,PD,D
13:54:58,INDF,RG,6525,1,D,CC,PD,D
13:54:58,INDF,RG,6525,9,D,EP,PD,D
13:54:58,INDF,RG,6525,1,D,XC,PD,D
13:54:58,INDF,RG,6525,10,D,XL,PD,D
13:54:58,INDF,RG,6525,1,D,XL,PD,D
13:54:58,INDF,RG,6525,75,D,YP,PD,D
13:54:58,INDF,RG,6525,1,D,GR,PD,D
13:54:58,INDF,RG,6525,1,D,XL,PD,D
13:54:58,INDF,RG,6525,1,D,PD,PD,D
13:54:58,INDF,RG,6525,5,D,YP,PD,D
13:54:58,INDF,RG,6525,1,D,YP,PD,D
13:54:58,INDF,RG,6525,10,D,LG,PD,D
13:54:58,INDF,RG,6525,10,D,YP,PD,D
13:54:58,INDF,RG,6525,2,D,NI,PD,D
13:54:58,INDF,RG,6525,16,D,YP,PD,D
13:54:58,INDF,RG,6525,25,D,YP,PD,D
13:54:58,INDF,RG,6525,1,D,XC,PD,D
13:54:58,INDF,RG,6525,2,D,KK,PD,D
13:54:58,INDF,RG,6525,1,D,YP,PD,D
13:54:58,INDF,RG,6525,50,D,DH,PD,D
13:54:58,INDF,RG,6525,15,D,SQ,PD,D
13:54:58,INDF,RG,6525,1,D,XC,PD,D
13:54:58,INDF,RG,6525,1,D,PD,PD,D
13:54:58,INDF,RG,6525,5,D,YP,PD,D
13:54:58,INDF,RG,6525,23,D,CC,PD,D
13:54:58,INDF,RG,6525,2,D,SQ,PD,D
13:54:58,INDF,RG,6525,30,D,PD,PD,D
13:54:58,INDF,RG,6525,5,D,CC,PD,D
13:54:58,INDF,RG,6525,10,D,PD,PD,D
13:54:58,INDF,RG,6525,2,D,PD,PD,D
13:54:58,INDF,RG,6525,1,D,PD,PD,D
13:54:58,INDF,RG,6525,4,D,EP,PD,D
13:54:58,INDF,RG,6525,1,D,DR,PD,D
13:54:58,INDF,RG,6525,200,D,SQ,PD,D
13:54:58,INDF,RG,6525,2,D,PD,PD,D
13:54:58,INDF,RG,6525,3,D,XL,PD,D
13:54:58,INDF,RG,6525,5,D,XL,PD,D
13:54:58,INDF,RG,6525,1,D,PD,PD,D
13:54:58,INDF,RG,6525,1,D,XL,PD,D
13:54:58,INDF,RG,6525,2,D,KK,PD,D
13:54:58,INDF,RG,6525,1,D,XC,PD,D
13:54:58,INDF,RG,6525,3,D,KK,PD,D
13:54:58,INDF,RG,6525,1,D,KK,PD,D
13:54:58,INDF,RG,6525,1,D,PD,PD,D
13:54:58,INDF,RG,6525,5,D,YP,PD,D
13:54:58,INDF,RG,6525,500,D,YP,PD,D
13:54:58,INDF,RG,6525,15,D,OD,PD,D
13:54:58,INDF,RG,6525,1,D,AZ,PD,D
13:54:58,INDF,RG,6525,1,D,CC,PD,D
13:54:58,INDF,RG,6525,4,D,PD,PD,D
13:54:58,INDF,RG,6525,1,D,LS,PD,D
13:54:58,INDF,RG,6525,7,D,EP,PD,D
13:54:58,INDF,RG,6525,10,D,AO,PD,D
13:54:58,INDF,RG,6525,1,D,HP,PD,D
13:54:58,INDF,RG,6525,51,D,YP,PD,D
13:54:35,INDF,RG,6525,4,D,YP,RX,F
13:54:32,INDF,RG,6550,22,F,BK,ZP,D
13:54:14,INDF,RG,6525,2,D,YP,RX,F
13:54:13,INDF,RG,6550,13,F,BK,ZP,D
13:54:08,INDF,RG,6525,2,D,YP,RX,F
13:54:08,INDF,RG,6550,12,F,BK,ZP,D
13:54:05,INDF,RG,6525,38,D,YP,RX,F
13:54:05,INDF,RG,6550,5,F,BK,ZP,D
13:54:05,INDF,RG,6550,9,F,BK,AG,F
13:54:05,INDF,RG,6550,6,F,BK,RX,F
13:54:05,INDF,RG,6550,15,F,BK,CS,F
13:54:05,INDF,RG,6550,11,F,BK,CS,F
13:54:01,INDF,RG,6550,6,F,AK,CS,F
13:54:01,INDF,RG,6550,2,F,AK,CS,F
13:54:00,INDF,RG,6525,103,D,YP,CC,D
13:54:00,INDF,RG,6525,2,D,CC,CC,D
13:54:00,INDF,RG,6525,79,D,NI,CC,D
13:54:00,INDF,RG,6525,5,D,ZP,CC,D
13:54:00,INDF,RG,6525,1,D,PD,CC,D
13:54:00,INDF,RG,6525,5,D,DH,CC,D
13:54:00,INDF,RG,6525,1,D,SQ,CC,D
13:54:00,INDF,RG,6525,2,D,PD,CC,D
13:54:00,INDF,RG,6525,100,D,YP,CC,D
13:54:00,INDF,RG,6525,1,D,PD,CC,D
13:54:00,INDF,RG,6525,7,D,OD,CC,D
13:54:00,INDF,RG,6525,1,D,XC,CC,D
13:54:00,INDF,RG,6525,2,D,XL,CC,D
13:54:00,INDF,RG,6525,13,D,PD,CC,D
13:53:58,INDF,RG,6550,1,F,BK,CS,F
13:53:58,INDF,RG,6550,37,F,BK,ZP,D
13:53:54,INDF,RG,6550,4,D,XL,ZP,D
13:53:46,INDF,RG,6550,1,D,ZP,ZP,D
13:53:41,INDF,RG,6550,1,D,PD,ZP,D
13:53:36,INDF,RG,6550,19,F,BK,ZP,D
13:53:36,INDF,RG,6550,2,F,BK,CS,F
13:53:23,INDF,RG,6550,13,F,BK,CS,F
13:53:23,INDF,RG,6525,2,D,PD,DR,D
13:53:22,INDF,RG,6550,1,D,EP,CS,F
13:53:22,INDF,RG,6550,1,F,AK,CS,F
13:53:21,INDF,RG,6550,6,D,YP,CS,F
13:53:21,INDF,RG,6550,4,D,YP,CS,F
13:53:19,INDF,RG,6550,8,D,NI,RX,F
13:53:19,INDF,RG,6550,11,D,NI,AG,F
13:53:19,INDF,RG,6550,1,D,NI,CS,F
13:53:14,INDF,RG,6550,1,D,PD,CS,F
13:53:13,INDF,RG,6550,7,F,BK,CS,F
13:53:13,INDF,RG,6550,2,F,BK,CS,F
13:53:13,INDF,RG,6550,12,F,BK,RX,F
13:52:55,INDF,RG,6550,12,F,BK,RX,F
13:52:55,INDF,RG,6550,2,F,AK,RX,F
13:52:55,INDF,RG,6525,29,D,PD,RX,F
13:52:47,INDF,RG,6550,1,D,NI,RX,F
13:52:41,INDF,RG,6550,32,F,BK,PD,D
13:52:39,INDF,RG,6525,1,D,PD,PD,D
13:52:34,INDF,RG,6550,12,F,BK,PD,D
13:52:30,INDF,RG,6550,42,F,BK,PD,D
13:52:28,INDF,RG,6550,6,F,AK,PD,D
13:52:27,INDF,RG,6550,30,F,AK,PD,D
13:52:27,INDF,RG,6550,49,F,AK,PD,D
13:52:27,INDF,RG,6550,79,D,DH,PD,D
13:52:27,INDF,RG,6550,2,D,DH,YP,D
13:52:27,INDF,RG,6550,14,D,DH,AG,F
13:52:27,INDF,RG,6550,3,D,DH,OD,D
13:52:27,INDF,RG,6550,12,D,DH,RX,F
13:52:27,INDF,RG,6550,112,D,DH,ZP,D
13:52:24,INDF,RG,6550,13,F,BK,ZP,D
13:52:23,INDF,RG,6550,1,F,AK,ZP,D
13:52:23,INDF,RG,6550,30,D,KI,ZP,D
13:52:23,INDF,RG,6550,1,D,KI,NI,D
13:52:23,INDF,RG,6550,15,D,KI,AG,F
13:52:23,INDF,RG,6550,1,D,KI,AK,F
13:52:23,INDF,RG,6550,5,D,KI,CS,F
13:52:23,INDF,RG,6550,2,D,KI,AK,F
13:52:23,INDF,RG,6550,4,D,KI,CS,F
13:52:23,INDF,RG,6550,3,D,KI,CS,F
13:52:23,INDF,RG,6550,14,D,KI,CS,F
13:52:23,INDF,RG,6550,1,D,KI,CC,D
13:52:23,INDF,RG,6550,10,D,KI,CC,F
13:52:23,INDF,RG,6550,14,D,KI,CS,F
13:52:22,INDF,RG,6550,1,F,AK,CS,F
13:52:21,INDF,RG,6550,5,F,BK,CS,F
13:52:21,INDF,RG,6550,8,F,BK,RX,F
13:52:19,INDF,RG,6550,1,F,AK,RX,F
13:52:19,INDF,RG,6525,5,D,PD,ZP,D
13:52:19,INDF,RG,6525,3,D,GR,ZP,D
13:52:19,INDF,RG,6525,5,D,YP,ZP,D
13:52:19,INDF,RG,6525,82,D,YP,ZP,D
13:52:17,INDF,RG,6550,1,F,AK,RX,F
13:52:17,INDF,RG,6525,24,D,YP,ZP,D
13:52:10,INDF,RG,6550,13,F,BK,RX,F
13:52:06,INDF,RG,6550,3,D,XL,RX,F
13:52:06,INDF,RG,6550,1,F,AK,RX,F
13:52:06,INDF,RG,6550,33,F,BK,RX,F
13:52:06,INDF,RG,6550,1,F,BK,PD,D
13:52:06,INDF,RG,6550,3,F,BK,PD,D
13:51:54,INDF,RG,6525,3,D,YP,RX,F
13:51:48,INDF,RG,6550,19,F,BK,PD,D
13:51:46,INDF,RG,6525,1,D,YP,XC,D
13:51:45,INDF,RG,6525,2,D,YP,RX,F
13:51:44,INDF,RG,6550,12,F,BK,PD,D
13:51:44,INDF,RG,6550,1,F,AK,PD,D
13:51:44,INDF,RG,6525,9,D,YP,RX,F
13:51:34,INDF,RG,6550,13,F,BK,PD,D
13:51:31,INDF,RG,6525,6,D,YP,XL,D
13:51:30,INDF,RG,6550,1,D,XL,PD,D
13:51:15,INDF,RG,6525,2,D,YP,AK,F
13:51:14,INDF,RG,6550,20,F,BK,PD,D
13:51:11,INDF,RG,6550,12,F,BK,PD,D
13:51:08,INDF,RG,6550,1,F,AK,PD,D
13:51:08,INDF,RG,6525,21,D,YP,RX,F
13:51:07,INDF,RG,6550,16,F,BK,PD,D
13:51:07,INDF,RG,6550,2,F,AK,PD,D
13:51:07,INDF,RG,6525,50,D,YP,ZP,D
13:51:07,INDF,RG,6525,1,D,PD,ZP,D
13:51:07,INDF,RG,6525,1,D,YP,ZP,D
13:51:07,INDF,RG,6525,5,D,KK,ZP,D
13:51:07,INDF,RG,6525,5,D,CC,ZP,D
13:51:07,INDF,RG,6525,3,D,PD,ZP,D
13:51:07,INDF,RG,6525,1,D,YP,ZP,D
13:51:07,INDF,RG,6525,1,D,AG,ZP,D
13:51:07,INDF,RG,6525,1,D,YP,ZP,D
13:51:07,INDF,RG,6525,2,D,CC,ZP,D
13:51:07,INDF,RG,6525,2,D,HP,ZP,D
13:51:07,INDF,RG,6525,1,D,PD,ZP,D
13:51:07,INDF,RG,6525,1,D,XC,ZP,D
13:51:07,INDF,RG,6525,1,D,EP,ZP,D
13:51:07,INDF,RG,6525,32,D,CC,ZP,D
13:51:04,INDF,RG,6525,3,D,CC,RX,F
13:51:02,INDF,RG,6550,1,D,PD,PD,D
13:51:00,INDF,RG,6550,16,F,BK,PD,D
13:50:55,INDF,RG,6550,5,D,KK,PD,D
13:50:36,INDF,RG,6525,4,D,CC,RX,F
13:50:35,INDF,RG,6550,22,F,BK,PD,D
13:49:50,INDF,RG,6550,2,D,XC,PD,D
13:49:37,INDF,RG,6525,1,D,CC,RX,F
13:49:34,INDF,RG,6550,2,D,PD,PD,D
13:49:02,INDF,RG,6550,4,D,PD,PD,D
13:48:35,INDF,RG,6525,7,D,CC,RX,F
13:48:33,INDF,RG,6550,44,D,CD,PD,D
13:48:08,INDF,RG,6525,1,D,CC,RX,F
13:48:07,INDF,RG,6550,2,D,PD,PD,D
13:47:46,INDF,RG,6550,2,D,PD,PD,D
13:47:30,INDF,RG,6525,2,D,CC,AK,F
13:47:01,INDF,RG,6525,1,D,CC,RX,F
13:46:59,INDF,RG,6550,1,F,AK,PD,D
13:46:58,INDF,RG,6525,1,D,CC,RX,F
13:46:52,INDF,RG,6550,6,D,LG,PD,D
13:46:47,INDF,RG,6525,1,D,CC,RX,F
13:46:46,INDF,RG,6525,2,D,CC,XC,D
13:46:42,INDF,RG,6550,10,D,YP,PD,D
13:46:37,INDF,RG,6525,6,D,CC,RX,F
13:46:37,INDF,RG,6550,33,D,DH,PD,D
13:46:34,INDF,RG,6525,1,D,CC,RX,F
13:46:33,INDF,RG,6550,5,D,SQ,AG,F
13:45:47,INDF,RG,6550,2,D,XC,AG,F
13:45:30,INDF,RG,6525,21,D,CC,RX,F
13:45:30,INDF,RG,6525,3,D,CC,AK,F
13:45:30,INDF,RG,6550,1,D,YP,AG,F
13:45:13,INDF,RG,6550,2,D,LG,AG,F
13:45:09,INDF,RG,6550,2,D,YP,AG,F
13:45:00,INDF,RG,6550,1,D,XC,AG,F
13:44:57,INDF,RG,6550,2,D,LG,AG,F
13:44:48,INDF,RG,6550,1,D,XC,AG,F
13:44:39,INDF,RG,6550,23,D,XL,AG,F
13:43:56,INDF,RG,6550,3,D,XC,AG,F
13:43:26,INDF,RG,6550,10,D,CC,AG,F
13:42:58,INDF,RG,6550,5,D,AR,AG,F
13:42:55,INDF,RG,6550,50,D,YB,CC,F
13:42:46,INDF,RG,6550,20,D,CC,CC,F
13:42:46,INDF,RG,6550,2,D,CC,CC,F
13:42:39,INDF,RG,6550,1,D,PD,CC,F
13:42:00,INDF,RG,6550,2,D,XL,CC,F
13:41:45,INDF,RG,6550,18,D,YP,CS,F
13:41:45,INDF,RG,6550,52,D,YP,ZP,D
13:41:38,INDF,RG,6550,195,F,AK,ZP,D
13:41:38,INDF,RG,6550,6,F,AK,RX,F
13:41:37,INDF,RG,6525,14,D,CC,CS,F
13:41:37,INDF,RG,6525,8,D,YP,CS,F
13:41:37,INDF,RG,6550,8,F,ZP,RX,F
13:41:37,INDF,RG,6550,7,F,CS,RX,F
13:41:37,INDF,RG,6550,5,D,AR,RX,F
13:41:37,INDF,RG,6550,2,F,ZP,RX,F
13:41:37,INDF,RG,6550,2,F,ZP,RX,F
13:41:37,INDF,RG,6550,10,D,XC,RX,F
13:41:37,INDF,RG,6550,1,D,XC,RX,F
13:41:37,INDF,RG,6550,9,D,XC,RX,F
13:41:37,INDF,RG,6550,12,F,CS,RX,F
13:41:37,INDF,RG,6550,1,D,XC,RX,F
13:41:37,INDF,RG,6550,10,D,XC,RX,F
13:41:37,INDF,RG,6550,298,F,BK,RX,F
13:41:37,INDF,RG,6550,2,D,PD,RX,F
13:41:37,INDF,RG,6550,5,F,CS,RX,F
13:41:37,INDF,RG,6550,11,F,ZP,RX,F
13:41:37,INDF,RG,6550,4,F,CS,RX,F
13:41:37,INDF,RG,6550,13,F,BK,RX,F
13:41:37,INDF,RG,6550,76,F,BK,RX,F
13:41:37,INDF,RG,6550,5,F,CS,RX,F
13:41:37,INDF,RG,6550,11,F,CS,RX,F
13:41:37,INDF,RG,6550,5,D,PD,RX,F
13:41:37,INDF,RG,6550,6,F,CS,RX,F
13:41:37,INDF,RG,6550,1,D,XC,RX,F
13:41:37,INDF,RG,6550,11,D,XC,RX,F
13:41:37,INDF,RG,6550,11,F,CS,RX,F
13:41:37,INDF,RG,6550,14,F,CS,RX,F
13:41:37,INDF,RG,6550,11,F,ZP,RX,F
13:41:37,INDF,RG,6550,1,D,DH,RX,F
13:41:37,INDF,RG,6550,9,F,CS,RX,F
13:41:37,INDF,RG,6550,3,D,XL,RX,F
13:41:37,INDF,RG,6550,1,D,YP,RX,F
13:41:37,INDF,RG,6550,3,D,YP,RX,F
13:41:37,INDF,RG,6550,2,D,YP,RX,F
13:41:37,INDF,RG,6550,55,F,AK,RX,F
13:41:37,INDF,RG,6550,10,F,KK,RX,F
13:41:37,INDF,RG,6550,3,D,XC,RX,F
13:41:37,INDF,RG,6550,5,D,XC,RX,F
13:41:37,INDF,RG,6550,4,D,XC,RX,F
13:41:37,INDF,RG,6550,1119,F,CS,RX,F
13:41:37,INDF,RG,6550,5,D,XC,RX,F
13:41:37,INDF,RG,6550,182,F,RX,RX,F
13:41:37,INDF,RG,6550,340,F,BK,RX,F
13:41:37,INDF,RG,6550,61,F,ZP,RX,F
13:41:37,INDF,RG,6550,32,F,ZP,RX,F
13:41:37,INDF,RG,6550,2,D,YP,RX,F
13:41:37,INDF,RG,6550,15,D,YP,RX,F
13:41:37,INDF,RG,6550,1,D,CC,RX,F
13:41:37,INDF,RG,6550,15,D,YP,RX,F
13:41:37,INDF,RG,6550,50,D,CP,RX,F
13:41:37,INDF,RG,6550,5,D,PD,RX,F
13:41:37,INDF,RG,6550,1,D,PD,RX,F
13:41:37,INDF,RG,6550,5,D,PD,RX,F
13:41:37,INDF,RG,6550,1,D,PD,RX,F
13:41:37,INDF,RG,6550,2,D,PD,RX,F
13:41:37,INDF,RG,6550,1,D,PD,RX,F
13:41:37,INDF,RG,6550,1,D,KK,RX,F
13:41:37,INDF,RG,6550,70,D,SQ,RX,F
13:41:37,INDF,RG,6550,8,D,KK,RX,F
13:41:37,INDF,RG,6550,2,D,EP,RX,F
13:41:37,INDF,RG,6550,2,D,PD,RX,F
13:41:37,INDF,RG,6550,5,D,KK,RX,F
13:41:37,INDF,RG,6550,20,D,KK,RX,F
13:41:37,INDF,RG,6550,4,F,CS,RX,F
13:41:37,INDF,RG,6550,6,F,CS,RX,F
13:41:37,INDF,RG,6550,5,D,CC,RX,F
13:41:37,INDF,RG,6550,7,F,CS,RX,F
13:41:37,INDF,RG,6550,3,F,CS,RX,F
13:41:37,INDF,RG,6550,8,F,CS,RX,F
13:41:37,INDF,RG,6550,1,D,CC,RX,F
13:41:37,INDF,RG,6550,17,F,CS,RX,F
13:41:37,INDF,RG,6550,5,F,CS,RX,F
13:41:37,INDF,RG,6550,8,F,CS,RX,F
13:41:37,INDF,RG,6550,4,D,YP,RX,F
13:41:37,INDF,RG,6550,1,D,XL,RX,F
13:41:37,INDF,RG,6550,100,D,DR,RX,F
13:41:37,INDF,RG,6550,1,D,PD,RX,F
13:41:37,INDF,RG,6550,1,F,CS,RX,F
13:41:37,INDF,RG,6550,4,F,CS,RX,F
13:41:37,INDF,RG,6550,12,F,CS,RX,F
13:41:37,INDF,RG,6550,6,F,CS,RX,F
13:41:37,INDF,RG,6550,1,F,CS,RX,F
13:41:37,INDF,RG,6550,5,D,GR,RX,F
13:41:37,INDF,RG,6550,1,F,CS,RX,F
13:41:37,INDF,RG,6550,1,F,CS,RX,F
13:41:37,INDF,RG,6550,14,F,CS,RX,F
13:41:37,INDF,RG,6550,6,F,CS,RX,F
13:41:37,INDF,RG,6550,2,F,CS,RX,F
13:41:37,INDF,RG,6550,12,F,CS,RX,F
13:41:37,INDF,RG,6550,12,F,CS,RX,F
13:41:37,INDF,RG,6550,10,D,CC,RX,F
13:41:37,INDF,RG,6550,3,F,CS,RX,F
13:41:37,INDF,RG,6550,1,D,PD,RX,F
13:41:37,INDF,RG,6550,4,D,SQ,RX,F
13:41:37,INDF,RG,6550,100,D,SQ,RX,F
13:41:37,INDF,RG,6550,1,D,YP,RX,F
13:41:37,INDF,RG,6550,11,F,ZP,RX,F
13:41:37,INDF,RG,6550,500,D,YP,RX,F
13:41:37,INDF,RG,6550,1,D,AI,RX,F
13:41:37,INDF,RG,6550,3,D,XC,RX,F
13:41:37,INDF,RG,6550,1,D,NI,RX,F
13:41:37,INDF,RG,6550,1151,D,YP,RX,F
13:41:37,INDF,RG,6575,20,F,RX,CS,F
13:41:31,INDF,RG,6575,29,F,BK,CS,F
13:41:30,INDF,RG,6575,10,F,CS,CS,F
13:41:10,INDF,RG,6550,10,D,YP,YP,D
13:41:05,INDF,RG,6550,1,D,YP,XC,D
13:41:04,INDF,RG,6575,46,F,BK,CS,F
13:40:55,INDF,RG,6550,9,D,YP,RX,F
13:40:53,INDF,RG,6550,9,D,YP,RX,F
13:40:49,INDF,RG,6575,23,F,CS,CS,F
13:40:47,INDF,RG,6575,21,F,BK,CS,F
13:40:40,INDF,RG,6575,2,D,XC,CS,F
13:40:35,INDF,RG,6575,5,D,AR,CS,F
13:40:15,INDF,RG,6575,46,F,BK,CS,F
13:39:52,INDF,RG,6575,15,F,CS,CS,F
13:39:50,INDF,RG,6550,14,D,YP,RX,F
13:39:44,INDF,RG,6575,39,F,BK,CS,F
13:39:39,INDF,RG,6575,17,F,RX,CS,F
13:39:18,INDF,RG,6575,30,F,BK,CS,F
13:38:55,INDF,RG,6550,10,D,YP,RX,F
13:38:51,INDF,RG,6575,10,D,XC,CS,F
13:38:29,INDF,RG,6575,49,F,BK,CS,F
13:38:08,INDF,RG,6550,10,D,YP,RX,F
13:38:06,INDF,RG,6550,2,D,YP,RX,F
13:37:59,INDF,RG,6575,12,F,RX,CS,F
13:37:53,INDF,RG,6575,36,F,BK,CS,F
13:37:43,INDF,RG,6550,7,D,YP,XC,D
13:37:12,INDF,RG,6575,28,F,BK,CS,F
13:36:55,INDF,RG,6550,8,D,YP,RX,F
13:36:53,INDF,RG,6550,2,D,YP,RX,F
13:36:44,INDF,RG,6575,12,F,RX,CS,F
13:36:01,INDF,RG,6575,30,F,BK,CS,F
13:36:01,INDF,RG,6575,7,F,BK,XC,D
13:36:01,INDF,RG,6575,11,F,BK,AG,F
13:35:38,INDF,RG,6550,16,D,YP,RX,F
13:35:36,INDF,RG,6550,1,D,YP,RX,F
13:35:20,INDF,RG,6575,29,F,ZP,AG,F
13:35:19,INDF,RG,6575,20,F,ZP,AG,F
13:35:07,INDF,RG,6575,2,D,CC,AG,F
13:35:07,INDF,RG,6575,8,D,CC,OD,D
13:34:55,INDF,RG,6575,41,F,BK,OD,D
13:34:49,INDF,RG,6550,7,D,YP,RX,F
13:34:46,INDF,RG,6550,2,D,YP,RX,F
13:34:43,INDF,RG,6575,1,D,CC,OD,D
13:34:36,INDF,RG,6550,6,D,YP,XL,D
13:34:35,INDF,RG,6575,16,F,BK,OD,D
13:33:39,INDF,RG,6550,7,D,YP,XC,D
13:33:37,INDF,RG,6550,28,D,YP,PD,D
13:33:27,INDF,RG,6550,19,D,YP,RX,F
13:33:24,INDF,RG,6550,107,D,YP,ZP,D
13:32:17,INDF,RG,6550,8,D,YP,AG,F
13:30:54,INDF,RG,6575,10,D,AF,OD,D
13:30:39,INDF,RG,6550,35,D,YP,RX,F
13:30:37,INDF,RG,6550,8,D,YP,RX,F
13:30:34,INDF,RG,6550,1,D,YP,AK,F
13:30:33,INDF,RG,6575,124,F,AK,OD,D
13:30:33,INDF,RG,6575,3,F,AK,OD,D
13:30:33,INDF,RG,6575,15,F,AK,YP,D
13:30:33,INDF,RG,6575,122,F,AK,ZP,D
13:30:22,INDF,RG,6550,19,D,YP,RX,F
13:30:13,INDF,RG,6575,20,D,YP,ZP,D
13:30:13,INDF,RG,6575,1,D,XL,ZP,D
13:30:12,INDF,RG,6575,1,D,YP,ZP,D
13:30:12,INDF,RG,6575,100,D,YP,ZP,D
13:30:12,INDF,RG,6550,34,D,YP,RX,F
13:30:12,INDF,RG,6550,1,D,XC,RX,F
13:30:12,INDF,RG,6550,100,D,KK,RX,F
13:30:12,INDF,RG,6550,15,D,XC,RX,F
13:30:12,INDF,RG,6550,10,F,ZP,RX,F
13:30:12,INDF,RG,6550,7,D,XC,RX,F
13:30:12,INDF,RG,6550,2,D,DR,RX,F
13:30:12,INDF,RG,6550,4,F,BK,RX,F
13:30:12,INDF,RG,6550,44,D,XC,RX,F
13:30:11,INDF,RG,6575,9,D,YP,ZP,D
13:30:11,INDF,RG,6575,91,D,YP,PD,D
13:30:11,INDF,RG,6575,10,D,YP,PD,D
13:30:07,INDF,RG,6575,1,F,KK,PD,D
13:30:05,INDF,RG,6575,1,D,XC,PD,D
13:30:04,INDF,RG,6575,10,D,XC,PD,D
13:30:04,INDF,RG,6575,1,D,XC,PD,D
13:30:04,INDF,RG,6575,1,D,XC,PD,D
13:30:04,INDF,RG,6575,1,D,XC,PD,D
13:30:04,INDF,RG,6575,2,D,XC,PD,D
13:30:04,INDF,RG,6575,1,D,XC,PD,D
13:30:03,INDF,RG,6575,3,D,LG,PD,D
13:30:03,INDF,RG,6550,1,D,XC,XL,D
13:30:03,INDF,RG,6550,1573,D,XC,LG,D
13:30:03,INDF,RG,6550,15,D,OD,LG,D
13:30:03,INDF,RG,6550,1,D,XL,LG,D
13:30:03,INDF,RG,6550,30,F,XA,LG,D
13:30:03,INDF,RG,6550,1,D,XL,LG,D
13:30:03,INDF,RG,6550,5,D,YP,LG,D
13:30:03,INDF,RG,6550,15,D,YP,LG,D
13:30:03,INDF,RG,6550,5,D,PD,LG,D
13:30:03,INDF,RG,6550,2,D,PD,LG,D
13:30:03,INDF,RG,6550,1,D,PD,LG,D
13:30:03,INDF,RG,6550,15,F,BK,LG,D
13:30:03,INDF,RG,6550,5,D,GR,LG,D
13:30:03,INDF,RG,6550,2,F,CS,LG,D
13:30:03,INDF,RG,6550,1,D,YP,LG,D
13:30:03,INDF,RG,6550,10,D,EP,LG,D
13:30:03,INDF,RG,6550,8,D,PD,LG,D
13:30:03,INDF,RG,6550,3,F,CS,LG,D
13:30:03,INDF,RG,6550,3,D,CC,LG,D
13:30:03,INDF,RG,6550,1,D,XL,LG,D
13:30:03,INDF,RG,6550,11,F,CS,LG,D
13:30:03,INDF,RG,6550,2,D,XL,LG,D
13:30:03,INDF,RG,6550,12,F,BK,LG,D
13:30:03,INDF,RG,6550,4,D,XL,LG,D
13:30:03,INDF,RG,6550,1,D,YP,LG,D
13:30:03,INDF,RG,6550,1,D,AZ,LG,D
13:30:03,INDF,RG,6550,4,F,CS,LG,D
13:30:03,INDF,RG,6550,50,D,OD,LG,D
13:30:03,INDF,RG,6550,4,D,GR,LG,D
13:30:03,INDF,RG,6550,2,D,PD,LG,D
13:30:03,INDF,RG,6550,5,D,EP,LG,D
13:30:03,INDF,RG,6550,1,D,PD,LG,D
13:30:03,INDF,RG,6550,5,D,DH,LG,D
13:30:03,INDF,RG,6550,9,D,EP,LG,D
13:30:03,INDF,RG,6550,5,D,LG,LG,D
13:30:03,INDF,RG,6550,1,D,XC,LG,D
13:30:03,INDF,RG,6550,1,D,PD,LG,D
13:30:03,INDF,RG,6550,2,D,EP,LG,D
13:30:03,INDF,RG,6550,1,D,XL,LG,D
13:30:03,INDF,RG,6550,1,D,YP,LG,D
13:30:03,INDF,RG,6550,1,D,GR,LG,D
13:30:03,INDF,RG,6550,30,D,CC,LG,D
13:30:03,INDF,RG,6550,1,D,XC,LG,D
13:30:03,INDF,RG,6550,10,D,GR,LG,D
13:30:03,INDF,RG,6550,100,D,LG,LG,D
13:30:03,INDF,RG,6550,5,D,LG,LG,D
13:30:03,INDF,RG,6550,4,D,YP,LG,D
13:30:03,INDF,RG,6550,2,D,XC,LG,D
13:30:03,INDF,RG,6550,2,D,YP,LG,D
13:30:03,INDF,RG,6550,3,D,YP,LG,D
13:30:03,INDF,RG,6550,1,D,XC,LG,D
13:30:03,INDF,RG,6550,15,D,XC,LG,D
13:30:03,INDF,RG,6550,1,D,DR,LG,D
13:30:03,INDF,RG,6550,1,D,KK,LG,D
13:30:03,INDF,RG,6550,7,D,YP,LG,D
13:30:03,INDF,RG,6550,10,D,YP,LG,D
13:30:03,INDF,RG,6550,1,F,ZP,LG,D
13:30:03,INDF,RG,6550,2,F,ZP,LG,D
13:30:03,INDF,RG,6550,1,D,XA,LG,D
13:30:03,INDF,RG,6550,38,D,LS,LG,D
13:30:03,INDF,RG,6550,1,D,GR,LG,D
13:30:03,INDF,RG,6550,200,F,DR,LG,D
13:30:03,INDF,RG,6550,100,D,EP,LG,D
13:30:03,INDF,RG,6550,1,D,XC,LG,D
13:30:03,INDF,RG,6550,5,D,DR,LG,D
13:30:03,INDF,RG,6550,1,D,XC,LG,D
13:30:03,INDF,RG,6550,3,D,PD,LG,D
13:30:03,INDF,RG,6550,10,D,CC,LG,D
13:30:03,INDF,RG,6550,1,D,PD,LG,D
13:30:03,INDF,RG,6550,1,D,SQ,LG,D
13:30:03,INDF,RG,6550,10,D,PD,LG,D
13:30:03,INDF,RG,6550,19,D,YP,LG,D
13:30:03,INDF,RG,6550,3,D,XC,LG,D
13:30:03,INDF,RG,6550,1,D,OD,LG,D
13:30:03,INDF,RG,6550,111,D,DH,LG,D
13:30:03,INDF,RG,6550,1,D,SQ,LG,D
13:30:03,INDF,RG,6550,1,D,LS,LG,D
13:30:03,INDF,RG,6550,4,F,BK,LG,D
13:30:03,INDF,RG,6550,10,D,XC,LG,D
13:30:03,INDF,RG,6550,1,D,PD,LG,D
13:30:03,INDF,RG,6550,10,D,EP,LG,D
13:30:03,INDF,RG,6550,2,D,YB,LG,D
13:30:03,INDF,RG,6550,1,D,XC,LG,D
13:30:03,INDF,RG,6550,4,D,NI,LG,D
13:30:03,INDF,RG,6550,2,D,XL,LG,D
13:30:03,INDF,RG,6550,5,D,YP,LG,D
13:30:03,INDF,RG,6550,2,D,CC,LG,D
13:30:03,INDF,RG,6550,1,D,YP,LG,D
13:30:03,INDF,RG,6550,200,D,CC,LG,D
13:30:03,INDF,RG,6550,7,D,XL,LG,D
13:30:03,INDF,RG,6550,2,D,XC,LG,D
13:30:03,INDF,RG,6550,1,D,PD,LG,D
13:30:03,INDF,RG,6550,20,D,NI,LG,D
13:30:03,INDF,RG,6550,2,D,YP,LG,D
13:30:03,INDF,RG,6550,10,D,PD,LG,D
13:30:03,INDF,RG,6550,20,D,PD,LG,D
13:30:03,INDF,RG,6550,30,D,SQ,LG,D
13:30:03,INDF,RG,6550,10,D,XL,LG,D
13:30:03,INDF,RG,6550,1,D,PD,LG,D
13:30:03,INDF,RG,6550,1,D,KK,LG,D
13:30:03,INDF,RG,6550,1,D,PD,LG,D
13:30:03,INDF,RG,6550,2,D,EP,LG,D
13:30:03,INDF,RG,6550,2,D,XA,LG,D
13:30:03,INDF,RG,6550,1,D,DR,LG,D
13:30:03,INDF,RG,6550,3,D,CC,LG,D
13:30:03,INDF,RG,6550,12,F,BK,LG,D
13:30:03,INDF,RG,6550,214,D,YP,LG,D
13:30:03,INDF,RG,6575,25,D,CC,PD,D
13:30:03,INDF,RG,6575,13,F,ZP,PD,D
13:30:02,INDF,RG,6575,5,D,YP,PD,D
13:30:02,INDF,RG,6575,85,D,ZP,PD,D
13:30:02,INDF,RG,6575,3,D,ZP,SQ,D
13:30:02,INDF,RG,6575,10,D,ZP,DH,D
13:30:02,INDF,RG,6575,2,D,ZP,PD,D
13:30:02,INDF,RG,6575,10,D,YB,RX,F
13:30:02,INDF,RG,6575,94,D,PD,RX,F
13:30:02,INDF,RG,6575,28,D,PD,CS,F
13:30:02,INDF,RG,6575,28,D,PD,ZP,D
13:30:02,INDF,RG,6575,2,D,PD,ZP,D
13:30:01,INDF,RG,6575,1,D,PD,ZP,D
13:30:01,INDF,RG,6575,1,D,PD,ZP,D
13:30:01,INDF,RG,6550,6,D,YP,PD,D
13:30:01,INDF,RG,6550,12,D,YP,PD,D
13:30:01,INDF,RG,6550,1,D,YP,PD,D
13:30:01,INDF,RG,6550,43,D,YP,PD,D
13:30:01,INDF,RG,6575,30,D,PD,ZP,D
13:30:01,INDF,RG,6575,1,D,DH,ZP,D
13:30:01,INDF,RG,6575,1,D,DH,ZP,D
13:30:01,INDF,RG,6550,2,D,YP,HP,D
11:29:57,INDF,RG,6575,7,F,BK,ZP,D
11:29:53,INDF,RG,6575,12,F,BK,ZP,D
11:29:40,INDF,RG,6575,12,F,BK,ZP,D
11:29:38,INDF,RG,6575,2,F,ZP,ZP,D
11:29:38,INDF,RG,6575,3,F,ZP,ZP,D
11:29:37,INDF,RG,6575,12,F,BK,ZP,D
11:28:56,INDF,RG,6550,1,D,YP,AK,F
11:28:55,INDF,RG,6550,8,D,YP,ZP,D
11:28:43,INDF,RG,6575,4,F,ZP,ZP,D
11:28:42,INDF,RG,6575,3,F,CS,ZP,D
11:28:42,INDF,RG,6575,1,F,CS,ZP,D
11:28:42,INDF,RG,6575,4,F,CS,ZP,D
11:28:42,INDF,RG,6575,2,F,CS,ZP,D
11:28:42,INDF,RG,6575,7,F,CS,ZP,D
11:28:42,INDF,RG,6575,6,F,CS,ZP,D
11:28:42,INDF,RG,6575,4,F,CS,ZP,D
11:28:42,INDF,RG,6575,10,F,CS,ZP,D
11:28:42,INDF,RG,6575,1,F,CS,ZP,D
11:28:42,INDF,RG,6575,3,F,CS,ZP,D
11:28:42,INDF,RG,6575,7,F,CS,ZP,D
11:28:42,INDF,RG,6575,7,F,CS,ZP,D
11:28:42,INDF,RG,6575,75,F,BK,ZP,D
11:28:42,INDF,RG,6575,50,D,SQ,ZP,D
11:28:42,INDF,RG,6575,1,D,PD,ZP,D
11:28:42,INDF,RG,6575,3,F,CS,ZP,D
11:28:41,INDF,RG,6575,1,F,CS,ZP,D
11:28:41,INDF,RG,6575,4,F,CS,ZP,D
11:28:39,INDF,RG,6600,11,F,BK,AZ,D
11:28:39,INDF,RG,6575,4,F,CS,ZP,D
11:28:36,INDF,RG,6600,11,F,BK,AZ,D
11:28:33,INDF,RG,6575,3,F,CS,YU,F
11:28:30,INDF,RG,6600,11,F,BK,AZ,D
11:28:26,INDF,RG,6575,1,F,CS,CC,D
11:28:21,INDF,RG,6575,9,F,ZP,ZP,D
11:28:18,INDF,RG,6600,11,F,BK,AZ,D
11:28:12,INDF,RG,6600,11,F,BK,AZ,D
11:28:07,INDF,RG,6600,12,F,BK,AZ,D
11:28:02,INDF,RG,6575,2,F,ZP,YU,F
11:27:59,INDF,RG,6600,12,F,BK,AZ,D
11:27:50,INDF,RG,6600,12,F,BK,AZ,D
11:27:43,INDF,RG,6600,12,F,BK,AZ,D
11:27:41,INDF,RG,6575,1,F,ZP,AT,D
11:27:41,INDF,RG,6575,1,F,ZP,AK,F
11:27:39,INDF,RG,6600,4,F,CS,AZ,D
11:27:35,INDF,RG,6600,11,F,BK,AZ,D
11:27:31,INDF,RG,6600,11,F,BK,AZ,D
11:27:21,INDF,RG,6600,13,F,BK,AZ,D
11:27:20,INDF,RG,6600,13,F,BK,AZ,D
11:27:18,INDF,RG,6600,11,F,BK,AZ,D
11:27:07,INDF,RG,6600,14,F,BK,AZ,D
11:26:58,INDF,RG,6600,13,F,BK,AZ,D
11:26:54,INDF,RG,6600,12,F,BK,AZ,D
11:26:43,INDF,RG,6575,2,F,BK,CS,F
11:26:43,INDF,RG,6575,1,F,BK,XC,D
11:26:43,INDF,RG,6575,1,F,BK,NI,D
11:26:43,INDF,RG,6575,8,F,BK,CC,F
11:26:36,INDF,RG,6575,1,F,CS,CC,F
11:26:35,INDF,RG,6575,1,F,CS,CC,F
11:26:35,INDF,RG,6575,1,F,CS,CC,F
11:26:35,INDF,RG,6575,12,F,BK,CC,F
11:26:34,INDF,RG,6575,1,D,BQ,CC,F
11:26:30,INDF,RG,6575,1,F,CS,CC,F
11:26:30,INDF,RG,6575,12,F,BK,RX,F
11:26:30,INDF,RG,6575,1,F,BK,CC,D
11:26:28,INDF,RG,6575,1,F,CS,CC,D
11:26:26,INDF,RG,6550,1,D,YP,AK,F
11:26:19,INDF,RG,6575,3,F,BK,CC,D
11:26:19,INDF,RG,6575,3,F,BK,PD,D
11:26:19,INDF,RG,6575,1,F,BK,XA,D
11:26:19,INDF,RG,6575,1,F,BK,CS,F
11:26:19,INDF,RG,6575,8,F,BK,CS,F
11:26:19,INDF,RG,6575,1,F,CS,CS,F
11:26:18,INDF,RG,6575,1,F,CS,CS,F
11:26:14,INDF,RG,6575,1,F,CS,CS,F
11:26:11,INDF,RG,6575,9,D,XC,CS,F
11:26:11,INDF,RG,6575,1,F,CS,CS,F
11:26:11,INDF,RG,6575,9,F,BK,CS,F
11:26:11,INDF,RG,6575,1,F,BK,YU,F
11:26:11,INDF,RG,6575,1,F,BK,EP,D
11:26:11,INDF,RG,6575,1,F,BK,RX,F
11:26:05,INDF,RG,6575,1,F,CS,RX,F
11:26:05,INDF,RG,6575,1,F,CS,RX,F
11:26:05,INDF,RG,6575,13,F,BK,RX,F
11:25:55,INDF,RG,6575,13,F,BK,RX,F
11:25:51,INDF,RG,6575,1,F,CS,RX,F
11:25:51,INDF,RG,6575,13,F,BK,RX,F
11:25:50,INDF,RG,6575,2,F,CS,RX,F
11:25:48,INDF,RG,6575,1,F,CS,RX,F
11:25:46,INDF,RG,6575,1,F,CS,RX,F
11:25:39,INDF,RG,6575,1,F,CS,RX,F
11:25:38,INDF,RG,6575,15,F,BK,RX,F
11:25:34,INDF,RG,6575,1,F,CS,RX,F
11:25:32,INDF,RG,6575,13,F,BK,RX,F
11:25:27,INDF,RG,6575,3,F,ZP,RX,F
11:25:23,INDF,RG,6575,14,F,ZP,RX,F
11:25:20,INDF,RG,6575,2,F,CS,RX,F
11:25:20,INDF,RG,6575,15,F,BK,RX,F
11:25:18,INDF,RG,6575,13,F,BK,RX,F
11:25:16,INDF,RG,6575,1,F,CS,RX,F
11:25:16,INDF,RG,6575,8,F,ZP,RX,F
11:25:12,INDF,RG,6575,3,F,CS,RX,F
11:25:11,INDF,RG,6575,20,D,LG,RX,F
11:25:01,INDF,RG,6575,18,F,BK,RX,F
11:25:01,INDF,RG,6575,12,D,XL,RX,F
11:24:58,INDF,RG,6575,2,F,CS,RX,F
11:24:57,INDF,RG,6575,2,F,CS,RX,F
11:24:53,INDF,RG,6575,2,F,CS,RX,F
11:24:45,INDF,RG,6575,22,F,BK,RX,F
11:24:32,INDF,RG,6575,3,F,CS,RX,F
11:24:30,INDF,RG,6575,13,F,ZP,RX,F
11:24:21,INDF,RG,6575,23,F,BK,RX,F
11:24:16,INDF,RG,6575,2,F,CS,RX,F
11:24:11,INDF,RG,6550,2,D,YP,AK,F
11:24:10,INDF,RG,6575,2,D,BQ,RX,F
11:24:06,INDF,RG,6575,3,F,CS,RX,F
11:24:03,INDF,RG,6575,24,F,BK,RX,F
11:24:02,INDF,RG,6575,2,F,CS,RX,F
11:23:50,INDF,RG,6575,3,F,CS,RX,F
11:23:46,INDF,RG,6575,2,F,CS,RX,F
11:23:44,INDF,RG,6575,17,F,BK,RX,F
11:23:25,INDF,RG,6575,17,F,BK,RX,F
11:23:25,INDF,RG,6575,4,F,BK,ZP,D
11:23:19,INDF,RG,6550,55,D,YP,ZP,D
11:23:14,INDF,RG,6575,3,F,CS,ZP,D
11:23:13,INDF,RG,6550,17,D,YP,RX,F
11:23:09,INDF,RG,6575,2,F,CS,ZP,D
11:23:09,INDF,RG,6575,17,F,BK,ZP,D
11:22:58,INDF,RG,6575,4,F,CS,ZP,D
11:22:49,INDF,RG,6575,22,F,BK,ZP,D
11:22:39,INDF,RG,6575,13,F,BK,ZP,D
11:22:36,INDF,RG,6575,1,F,CS,ZP,D
11:22:36,INDF,RG,6575,1,F,CS,ZP,D
11:22:35,INDF,RG,6575,3,F,CS,ZP,D
11:22:17,INDF,RG,6575,25,F,BK,ZP,D
11:22:04,INDF,RG,6575,5,D,XL,ZP,D
11:22:03,INDF,RG,6575,15,F,BK,ZP,D
11:22:02,INDF,RG,6550,12,D,YP,RX,F
11:21:56,INDF,RG,6575,3,F,CS,ZP,D
11:21:48,INDF,RG,6575,13,F,BK,ZP,D
11:21:46,INDF,RG,6575,5,F,CS,ZP,D
11:21:44,INDF,RG,6575,6,D,XC,ZP,D
11:21:42,INDF,RG,6575,3,F,CS,ZP,D
11:21:41,INDF,RG,6550,3,D,YP,AK,F
11:21:26,INDF,RG,6575,25,F,BK,ZP,D
11:21:10,INDF,RG,6550,1,D,YP,XC,D
11:21:07,INDF,RG,6575,17,F,BK,ZP,D
11:20:56,INDF,RG,6550,14,D,YP,RX,F
11:20:54,INDF,RG,6550,8,D,YP,RX,F
11:20:50,INDF,RG,6575,8,F,BK,ZP,D
11:20:50,INDF,RG,6575,3,F,BK,CS,F
11:20:50,INDF,RG,6575,9,F,BK,CS,F
11:20:48,INDF,RG,6575,1,D,KK,CS,F
11:20:43,INDF,RG,6575,30,D,CC,CS,F
11:20:43,INDF,RG,6575,20,D,CC,YB,D
11:20:42,INDF,RG,6575,4,F,CS,YB,D
11:20:32,INDF,RG,6575,18,F,BK,YB,D
11:20:26,INDF,RG,6575,5,D,GR,YB,D
11:20:22,INDF,RG,6575,11,F,BK,YB,D
11:20:06,INDF,RG,6575,14,F,BK,YB,D
11:19:39,INDF,RG,6575,9,F,ZP,YB,D
11:19:26,INDF,RG,6550,3,D,YP,AK,F
11:19:17,INDF,RG,6550,159,D,YP,RX,F
11:19:08,INDF,RG,6550,285,D,YP,NI,D
11:19:08,INDF,RG,6575,4,F,CS,YB,D
11:19:08,INDF,RG,6575,1,F,CS,YB,D
11:19:08,INDF,RG,6575,6,F,CS,YB,D
11:19:08,INDF,RG,6575,8,F,AK,YB,D
11:19:07,INDF,RG,6575,92,F,AK,YP,D
11:19:07,INDF,RG,6575,2,F,CS,YP,D
11:19:07,INDF,RG,6575,3,F,CS,YP,D
11:19:07,INDF,RG,6575,4,F,CS,YP,D
11:19:07,INDF,RG,6575,100,D,EP,YP,D
11:19:07,INDF,RG,6575,100,D,SQ,YP,D
11:19:07,INDF,RG,6575,1,D,SQ,YP,D
11:19:07,INDF,RG,6575,15,F,ZP,YP,D
11:19:07,INDF,RG,6575,53,F,BK,YP,D
11:19:07,INDF,RG,6575,11,F,ZP,YP,D
11:19:07,INDF,RG,6575,1,D,LS,YP,D
11:19:07,INDF,RG,6575,44,D,CD,YP,D
11:19:07,INDF,RG,6575,10,D,SQ,YP,D
11:19:07,INDF,RG,6575,1,F,CS,YP,D
11:19:07,INDF,RG,6575,2,F,CS,YP,D
11:19:07,INDF,RG,6575,2,F,CS,YP,D
11:19:07,INDF,RG,6575,6,F,CS,YP,D
11:19:07,INDF,RG,6575,10,D,CP,YP,D
11:19:07,INDF,RG,6575,1,D,XC,YP,D
11:19:07,INDF,RG,6575,2,F,CS,YP,D
11:19:07,INDF,RG,6575,7,F,CS,YP,D
11:19:07,INDF,RG,6575,15,F,ZP,YP,D
11:19:07,INDF,RG,6575,10,F,ZP,YP,D
11:19:07,INDF,RG,6575,5,D,SQ,YP,D
11:19:07,INDF,RG,6575,5,F,CS,YP,D
11:19:07,INDF,RG,6575,5,F,CS,YP,D
11:19:07,INDF,RG,6575,25,D,DR,YP,D
11:19:07,INDF,RG,6575,1,F,CS,YP,D
11:19:07,INDF,RG,6575,2,F,CS,YP,D
11:19:07,INDF,RG,6575,2,F,CS,YP,D
11:19:07,INDF,RG,6575,6,F,CS,YP,D
11:19:07,INDF,RG,6575,4,F,CS,YP,D
11:19:07,INDF,RG,6575,1,F,CS,YP,D
11:19:07,INDF,RG,6575,4,F,CS,YP,D
11:19:07,INDF,RG,6575,5,F,CS,YP,D
11:19:07,INDF,RG,6575,5,F,CS,YP,D
11:19:07,INDF,RG,6575,1,F,CS,YP,D
11:19:07,INDF,RG,6575,2,F,CS,YP,D
11:19:07,INDF,RG,6575,1,D,XC,YP,D
11:19:07,INDF,RG,6575,2,F,CS,YP,D
11:19:07,INDF,RG,6575,1,F,CS,YP,D
11:19:07,INDF,RG,6575,1,F,CS,YP,D
11:19:07,INDF,RG,6575,2,F,CS,YP,D
11:19:07,INDF,RG,6575,5,F,CS,YP,D
11:19:07,INDF,RG,6575,2,F,CS,YP,D
11:19:07,INDF,RG,6575,9,F,CS,YP,D
11:19:07,INDF,RG,6575,112,F,RX,YP,D
11:19:06,INDF,RG,6575,21,F,RX,RX,F
11:18:46,INDF,RG,6575,129,F,RX,ZP,D
11:18:40,INDF,RG,6575,13,F,RX,RX,F
11:18:28,INDF,RG,6600,1,D,XC,AZ,D
11:18:22,INDF,RG,6575,60,F,RX,GR,D
11:17:56,INDF,RG,6575,2,F,RX,AK,F
11:17:45,INDF,RG,6575,1,F,RX,AK,F
11:16:21,INDF,RG,6575,1,F,RX,XC,D
11:16:05,INDF,RG,6600,5,D,PD,AZ,D
11:15:43,INDF,RG,6575,16,F,RX,AK,F
11:15:42,INDF,RG,6600,1,D,YP,AZ,D
11:15:35,INDF,RG,6575,28,F,RX,RX,F
11:15:22,INDF,RG,6575,23,F,RX,CP,D
11:15:22,INDF,RG,6575,9,F,CS,CP,D
11:15:22,INDF,RG,6575,2,F,CS,CP,D
11:15:22,INDF,RG,6575,2,F,CS,CP,D
11:15:22,INDF,RG,6575,9,F,CS,CP,D
11:15:22,INDF,RG,6575,1,F,CS,CP,D
11:15:22,INDF,RG,6575,5,F,CS,CP,D
11:15:22,INDF,RG,6575,3,F,CS,CP,D
11:15:22,INDF,RG,6575,1,F,CS,CP,D
11:15:22,INDF,RG,6575,95,F,BK,CP,D
11:15:00,INDF,RG,6575,25,F,BK,LG,D
11:14:33,INDF,RG,6575,54,F,BK,RX,F
11:14:22,INDF,RG,6575,15,F,BK,AK,F
11:14:21,INDF,RG,6575,192,F,BK,PD,D
11:14:21,INDF,RG,6575,4,F,CS,PD,D
11:14:21,INDF,RG,6575,11,F,ZP,PD,D
11:14:21,INDF,RG,6575,3,F,CS,PD,D
11:14:21,INDF,RG,6575,36,F,BK,PD,D
11:14:21,INDF,RG,6575,1,F,CS,PD,D
11:14:21,INDF,RG,6575,3,F,CS,PD,D
11:14:19,INDF,RG,6575,1,F,CS,AK,F
11:14:18,INDF,RG,6600,11,F,RX,AZ,D
11:14:18,INDF,RG,6575,2,F,CS,AK,F
11:14:17,INDF,RG,6600,10,F,BK,AZ,D
11:14:17,INDF,RG,6600,26,F,BK,GR,D
11:14:04,INDF,RG,6575,2,F,CS,AK,F
11:14:02,INDF,RG,6600,22,F,BK,GR,D
11:13:58,INDF,RG,6575,5,F,CS,RX,F
11:13:56,INDF,RG,6575,1,F,CS,AK,F
11:13:56,INDF,RG,6575,2,F,CS,RX,F
11:13:56,INDF,RG,6575,1,F,CS,RX,F
11:13:56,INDF,RG,6575,5,F,CS,RX,F
11:13:45,INDF,RG,6600,2,F,RX,GR,D
11:13:45,INDF,RG,6600,1,F,RX,BQ,D
11:13:45,INDF,RG,6600,8,F,RX,DR,D
11:13:42,INDF,RG,6575,2,F,CS,AK,F
11:13:42,INDF,RG,6600,17,F,BK,DR,D
11:13:42,INDF,RG,6600,4,F,BK,YJ,D
11:13:41,INDF,RG,6600,6,F,BK,YJ,D
11:13:41,INDF,RG,6600,2,F,BK,PD,D
11:13:41,INDF,RG,6600,1,F,BK,XC,D
11:13:41,INDF,RG,6600,3,F,BK,CC,D
11:13:19,INDF,RG,6575,3,F,CS,AK,F
11:13:19,INDF,RG,6600,20,F,BK,XC,D
11:13:19,INDF,RG,6600,1,F,BK,DR,D
11:13:19,INDF,RG,6600,1,F,BK,XC,D
11:13:19,INDF,RG,6600,3,F,BK,NI,D
11:13:19,INDF,RG,6600,1,F,BK,XL,D
11:13:19,INDF,RG,6600,13,F,BK,HP,D
11:13:15,INDF,RG,6600,11,F,RX,HP,D
11:13:15,INDF,RG,6575,1,F,AK,AK,F
11:13:15,INDF,RG,6575,2,F,AK,YP,D
11:13:05,INDF,RG,6600,16,F,BK,HP,D
11:12:45,INDF,RG,6600,14,F,RX,HP,D
11:12:40,INDF,RG,6600,12,F,BK,HP,D
11:12:40,INDF,RG,6600,1,F,BK,YP,D
11:12:40,INDF,RG,6600,17,F,BK,SQ,D
11:12:26,INDF,RG,6600,16,F,BK,SQ,D
11:12:06,INDF,RG,6600,11,F,RX,SQ,D
11:12:02,INDF,RG,6600,30,F,BK,SQ,D
11:11:41,INDF,RG,6600,1,D,PD,SQ,D
11:11:35,INDF,RG,6600,15,F,RX,SQ,D
11:11:33,INDF,RG,6575,96,F,AK,EP,D
11:11:33,INDF,RG,6575,5,F,CS,EP,D
11:11:33,INDF,RG,6575,13,F,ZP,EP,D
11:11:33,INDF,RG,6575,8,F,ZP,EP,D
11:11:33,INDF,RG,6575,28,D,YP,EP,D
11:11:32,INDF,RG,6600,28,F,BK,SQ,D
11:11:23,INDF,RG,6600,11,F,BK,SQ,D
11:11:16,INDF,RG,6575,2,D,YP,YP,D
11:11:10,INDF,RG,6600,26,F,BK,SQ,D
11:10:53,INDF,RG,6600,13,F,RX,SQ,D
11:10:45,INDF,RG,6600,1,D,NI,SQ,D
11:10:41,INDF,RG,6600,23,F,BK,SQ,D
11:10:40,INDF,RG,6575,7,D,YP,OD,D
11:10:15,INDF,RG,6600,8,F,RX,SQ,D
11:10:15,INDF,RG,6600,5,F,RX,PD,D
11:10:02,INDF,RG,6600,29,F,BK,YU,D
11:09:46,INDF,RG,6575,2,D,YP,YP,D
11:09:39,INDF,RG,6600,12,F,RX,YU,D
11:09:32,INDF,RG,6600,26,F,BK,YU,D
11:09:32,INDF,RG,6575,4,D,YP,YP,D
11:09:00,INDF,RG,6600,83,F,RX,YU,D
11:09:00,INDF,RG,6600,46,F,RX,YP,D
11:08:55,INDF,RG,6600,35,F,BK,YP,D
11:08:45,INDF,RG,6600,11,F,BK,YP,D
11:08:36,INDF,RG,6575,322,D,YP,CC,D
11:08:27,INDF,RG,6600,21,F,BK,YP,D
11:08:24,INDF,RG,6600,14,F,RX,YP,D
11:08:08,INDF,RG,6600,20,F,BK,YP,D
11:07:59,INDF,RG,6575,322,D,YP,CC,D
11:07:43,INDF,RG,6600,19,F,RX,YP,D
11:07:40,INDF,RG,6600,27,F,BK,YP,D
11:07:27,INDF,RG,6600,3,F,CS,YP,D
11:07:27,INDF,RG,6600,3,F,CS,YP,D
11:07:26,INDF,RG,6575,11,D,YP,AG,F
11:07:26,INDF,RG,6575,29,D,YP,RX,F
11:07:26,INDF,RG,6575,10,D,YP,RX,F
11:07:26,INDF,RG,6575,47,D,YP,RX,F
11:07:26,INDF,RG,6575,1,D,YP,NI,D
11:07:26,INDF,RG,6575,1,D,YP,YU,F
11:07:26,INDF,RG,6575,33,D,YP,CS,F
11:07:26,INDF,RG,6575,10,D,YP,RX,F
11:07:26,INDF,RG,6575,12,D,YP,RX,F
11:07:26,INDF,RG,6575,9,D,YP,AG,F
11:07:26,INDF,RG,6575,26,D,YP,CS,F
11:07:26,INDF,RG,6575,11,D,YP,RX,F
11:07:26,INDF,RG,6575,29,D,YP,NI,D
11:07:26,INDF,RG,6575,11,D,YP,CS,F
11:07:26,INDF,RG,6575,16,D,YP,CS,F
11:07:26,INDF,RG,6575,500,D,YP,PD,D
11:07:26,INDF,RG,6575,1,D,YP,CC,D
11:07:26,INDF,RG,6575,12,D,YP,RX,F
11:07:26,INDF,RG,6575,1,D,YP,XC,D
11:07:26,INDF,RG,6575,23,D,YP,CS,F
11:07:26,INDF,RG,6575,11,D,YP,AG,F
11:07:26,INDF,RG,6575,50,D,YP,CC,F
11:07:26,INDF,RG,6575,1,D,YP,PD,D
11:07:26,INDF,RG,6575,1,D,YP,YU,F
11:07:26,INDF,RG,6575,10,D,YP,RX,F
11:07:26,INDF,RG,6575,1,D,YP,PD,D
11:07:26,INDF,RG,6575,8,D,YP,CC,F
11:07:26,INDF,RG,6575,16,F,BK,CC,F
11:07:09,INDF,RG,6575,12,F,BK,CC,F
11:07:09,INDF,RG,6575,2,F,BK,AK,F
11:07:09,INDF,RG,6575,3,F,BK,PD,D
11:07:08,INDF,RG,6550,150,D,YP,CP,D
11:06:49,INDF,RG,6575,17,F,BK,PD,D
11:06:49,INDF,RG,6575,11,F,BK,RX,F
11:06:46,INDF,RG,6550,3,D,YP,XL,D
11:06:46,INDF,RG,6550,3,D,YP,XL,D
11:06:40,INDF,RG,6575,67,D,EP,RX,F
11:06:40,INDF,RG,6575,12,D,EP,AG,F
11:06:40,INDF,RG,6575,19,D,EP,CS,F
11:06:40,INDF,RG,6575,2,D,EP,ZP,D
11:06:27,INDF,RG,6575,23,F,BK,ZP,D
11:06:20,INDF,RG,6575,4,F,CS,ZP,D
11:06:20,INDF,RG,6575,187,F,AK,ZP,D
11:06:20,INDF,RG,6575,4,F,ZP,ZP,D
11:06:20,INDF,RG,6575,2,F,ZP,ZP,D
11:06:20,INDF,RG,6575,1,F,ZP,ZP,D
11:06:04,INDF,RG,6575,9,F,CS,ZP,D
11:05:58,INDF,RG,6575,1,D,XL,ZP,D
11:05:55,INDF,RG,6575,37,F,BK,ZP,D
11:05:29,INDF,RG,6575,6,F,CS,ZP,D
11:05:27,INDF,RG,6575,38,F,BK,ZP,D
11:05:25,INDF,RG,6575,10,F,ZP,ZP,D
11:05:18,INDF,RG,6575,1,F,ZP,ZP,D
11:05:07,INDF,RG,6575,26,F,BK,ZP,D
11:05:05,INDF,RG,6575,5,F,ZP,ZP,D
11:04:41,INDF,RG,6575,30,F,BK,ZP,D
11:04:34,INDF,RG,6575,6,F,CS,ZP,D
11:04:17,INDF,RG,6575,17,F,BK,ZP,D
11:04:17,INDF,RG,6575,9,F,BK,RX,F
11:04:17,INDF,RG,6575,8,F,BK,CS,F
11:04:04,INDF,RG,6575,16,F,BK,CS,F
11:03:28,INDF,RG,6575,6,F,BK,CS,F
11:03:28,INDF,RG,6575,2,F,BK,YP,D
11:03:28,INDF,RG,6575,1,F,BK,XC,D
11:03:28,INDF,RG,6575,13,F,BK,AG,F
11:03:28,INDF,RG,6575,19,F,BK,RX,F
11:03:22,INDF,RG,6575,5,F,ZP,RX,F
11:03:22,INDF,RG,6575,2,F,ZP,RX,F
11:03:07,INDF,RG,6575,24,F,BK,RX,F
11:03:07,INDF,RG,6575,2,F,BK,CS,F
11:02:37,INDF,RG,6575,24,F,BK,CS,F
11:02:37,INDF,RG,6575,15,F,BK,PD,D
11:02:32,INDF,RG,6575,2,D,XC,PD,D
11:02:18,INDF,RG,6575,15,D,CC,PD,D
11:02:18,INDF,RG,6575,2,F,ZP,PD,D
11:02:16,INDF,RG,6575,18,F,BK,PD,D
11:02:14,INDF,RG,6575,4,F,CS,PD,D
11:02:07,INDF,RG,6575,15,F,BK,PD,D
11:02:03,INDF,RG,6550,2,D,YP,YU,F
11:02:03,INDF,RG,6550,5,D,YP,YU,F
11:02:03,INDF,RG,6550,1,D,PD,YU,F
11:02:03,INDF,RG,6550,2,D,YP,YU,F
11:01:52,INDF,RG,6575,4,F,CS,PD,D
11:01:42,INDF,RG,6550,10,D,YP,YU,F
11:01:41,INDF,RG,6575,19,F,BK,PD,D
11:01:15,INDF,RG,6575,24,F,BK,PD,D
11:00:43,INDF,RG,6575,4,F,CS,PD,D
11:00:30,INDF,RG,6575,39,F,BK,PD,D
11:00:22,INDF,RG,6575,3,F,ZP,PD,D
11:00:20,INDF,RG,6575,2,F,ZP,PD,D
10:59:32,INDF,RG,6575,35,F,BK,PD,D
10:59:31,INDF,RG,6575,4,F,ZP,PD,D
10:59:24,INDF,RG,6575,4,D,XC,PD,D
10:59:21,INDF,RG,6575,3,F,ZP,PD,D
10:59:17,INDF,RG,6575,18,D,EP,PD,D
10:58:46,INDF,RG,6575,7,D,XC,PD,D
10:58:46,INDF,RG,6575,3,F,CS,PD,D
10:58:46,INDF,RG,6575,10,F,BK,PD,D
10:58:46,INDF,RG,6575,1,F,BK,CS,F
10:58:46,INDF,RG,6575,6,F,BK,CS,F
10:58:46,INDF,RG,6575,2,F,BK,CS,F
10:58:46,INDF,RG,6575,15,F,BK,RX,F
10:58:46,INDF,RG,6575,1,F,BK,CS,F
10:58:25,INDF,RG,6575,4,F,BK,CS,F
10:58:25,INDF,RG,6575,9,F,BK,CS,F
10:58:23,INDF,RG,6575,1,D,PD,CS,F
10:58:01,INDF,RG,6575,12,F,BK,CS,F
10:58:01,INDF,RG,6575,2,F,BK,AG,F
10:57:41,INDF,RG,6575,7,F,BK,AG,F
10:57:41,INDF,RG,6575,8,F,BK,CS,F
10:57:41,INDF,RG,6575,1,F,BK,CS,F
10:57:38,INDF,RG,6575,3,F,CS,YP,D
10:57:28,INDF,RG,6575,1,D,NI,YP,D
10:57:25,INDF,RG,6575,1,F,ZP,YP,D
10:57:25,INDF,RG,6575,7,F,ZP,CS,F
10:57:25,INDF,RG,6575,2,F,ZP,CS,F
10:57:17,INDF,RG,6575,2,F,ZP,CS,F
10:57:17,INDF,RG,6575,3,F,AK,CS,F
10:57:17,INDF,RG,6575,1,F,AK,XC,D
10:57:17,INDF,RG,6575,5,F,AK,YP,D
10:57:17,INDF,RG,6575,3,F,AK,AK,F
10:57:17,INDF,RG,6575,5,F,AK,YP,D
10:57:17,INDF,RG,6575,5,F,AK,YP,D
10:57:17,INDF,RG,6575,136,F,AK,RX,F
10:57:17,INDF,RG,6575,16,F,AK,CS,F
10:57:17,INDF,RG,6575,326,F,AK,EP,D
10:57:17,INDF,RG,6575,4,F,ZP,EP,D
10:57:05,INDF,RG,6575,26,F,BK,EP,D
10:57:02,INDF,RG,6575,1,D,YP,EP,D
10:56:58,INDF,RG,6575,10,F,RX,EP,D
10:56:48,INDF,RG,6575,7,D,YP,EP,D
10:56:39,INDF,RG,6575,23,F,BK,EP,D
10:56:26,INDF,RG,6575,5,F,CS,EP,D
10:56:18,INDF,RG,6575,15,F,BK,EP,D
10:56:15,INDF,RG,6575,8,D,PD,EP,D
10:55:48,INDF,RG,6575,28,F,BK,EP,D
10:55:39,INDF,RG,6575,11,F,RX,EP,D
10:55:34,INDF,RG,6575,14,F,BK,EP,D
10:55:26,INDF,RG,6575,5,D,XC,EP,D
10:55:24,INDF,RG,6575,1,F,ZP,EP,D
10:55:19,INDF,RG,6575,18,F,BK,EP,D
10:55:18,INDF,RG,6575,2,F,ZP,EP,D
10:55:09,INDF,RG,6575,2,D,XC,EP,D
10:55:05,INDF,RG,6575,1,D,YP,EP,D
10:55:02,INDF,RG,6575,13,F,BK,EP,D
10:54:55,INDF,RG,6575,5,F,ZP,EP,D
10:54:49,INDF,RG,6575,18,F,BK,EP,D
10:54:35,INDF,RG,6575,12,F,BK,EP,D
10:54:34,INDF,RG,6575,4,F,CS,EP,D
10:54:33,INDF,RG,6575,19,F,RX,EP,D
10:54:32,INDF,RG,6575,6,F,ZP,EP,D
10:54:22,INDF,RG,6575,2,D,PD,EP,D
10:54:16,INDF,RG,6575,19,F,BK,EP,D
10:53:54,INDF,RG,6575,28,F,BK,EP,D
10:53:31,INDF,RG,6575,25,F,BK,EP,D
10:53:31,INDF,RG,6550,3,D,YP,XL,D
10:53:09,INDF,RG,6575,25,F,BK,EP,D
10:52:55,INDF,RG,6575,13,F,RX,EP,D
10:52:54,INDF,RG,6575,4,F,BK,EP,D
10:52:54,INDF,RG,6575,11,F,BK,AG,F
10:52:54,INDF,RG,6575,1,F,BK,YP,D
10:52:43,INDF,RG,6575,11,F,BK,YP,D
10:52:41,INDF,RG,6575,18,F,AK,YP,D
10:52:41,INDF,RG,6575,10,F,AK,YP,D
10:52:41,INDF,RG,6575,10,F,AK,PD,D
10:52:41,INDF,RG,6575,9,F,AK,RX,F
10:52:41,INDF,RG,6575,13,F,AK,AG,F
10:52:41,INDF,RG,6575,11,F,AK,CS,F
10:52:41,INDF,RG,6575,11,F,AK,CS,F
10:52:17,INDF,RG,6575,9,F,BK,CS,F
10:52:17,INDF,RG,6575,4,F,BK,CC,F
10:52:17,INDF,RG,6575,1,F,BK,AK,F
10:52:17,INDF,RG,6575,14,F,BK,RX,F
10:52:17,INDF,RG,6575,59,D,AZ,RX,F
10:52:17,INDF,RG,6575,1,D,AZ,XC,D
10:52:17,INDF,RG,6575,14,D,AZ,AG,F
10:52:17,INDF,RG,6575,2,D,AZ,YP,D
10:52:17,INDF,RG,6575,7,D,AZ,YP,D
10:52:17,INDF,RG,6575,100,D,AZ,CC,D
10:52:17,INDF,RG,6575,8,D,AZ,CS,F
10:52:17,INDF,RG,6575,9,D,AZ,CS,F
10:52:16,INDF,RG,6575,4,F,ZP,CS,F
10:52:15,INDF,RG,6575,2,F,ZP,CS,F
10:52:03,INDF,RG,6575,1,F,BK,CS,F
10:52:03,INDF,RG,6575,12,F,BK,ZP,D
10:51:55,INDF,RG,6575,12,F,BK,ZP,D
10:51:53,INDF,RG,6550,1,D,YP,GR,D
10:51:45,INDF,RG,6575,12,F,RX,ZP,D
10:51:43,INDF,RG,6575,3,D,CC,ZP,D
10:51:36,INDF,RG,6575,19,F,BK,ZP,D
10:51:21,INDF,RG,6575,3,D,XC,ZP,D
10:51:21,INDF,RG,6575,17,F,BK,ZP,D
10:51:05,INDF,RG,6575,19,F,BK,ZP,D
10:50:53,INDF,RG,6575,12,F,BK,ZP,D
10:50:46,INDF,RG,6575,11,F,BK,ZP,D
10:50:33,INDF,RG,6575,11,F,BK,ZP,D
10:50:20,INDF,RG,6575,1,F,ZP,ZP,D
10:50:20,INDF,RG,6575,13,F,BK,ZP,D
10:50:17,INDF,RG,6575,1,F,ZP,ZP,D
10:50:09,INDF,RG,6575,14,F,BK,ZP,D
10:50:00,INDF,RG,6550,11,D,YP,YU,F
10:49:59,INDF,RG,6575,1,D,DX,ZP,D
10:49:58,INDF,RG,6575,5,F,ZP,ZP,D
10:49:54,INDF,RG,6575,4,F,ZP,ZP,D
10:49:41,INDF,RG,6575,26,F,BK,ZP,D
10:49:18,INDF,RG,6575,9,F,BK,ZP,D
10:49:18,INDF,RG,6575,17,F,BK,CC,D
10:49:05,INDF,RG,6575,15,F,BK,CC,D
10:48:53,INDF,RG,6575,14,F,BK,CC,D
10:48:39,INDF,RG,6575,7,F,BK,CC,D
10:48:39,INDF,RG,6575,7,F,BK,CS,F
10:48:28,INDF,RG,6575,2,F,BK,CS,F
10:48:28,INDF,RG,6575,4,F,BK,CS,F
10:48:28,INDF,RG,6575,9,F,BK,CS,F
10:48:12,INDF,RG,6575,6,F,BK,CS,F
10:48:12,INDF,RG,6575,8,F,BK,CS,F
10:48:12,INDF,RG,6575,3,F,BK,CS,F
10:48:01,INDF,RG,6575,1,D,XC,CS,F
10:48:01,INDF,RG,6575,1,D,XC,DR,D
10:48:01,INDF,RG,6575,1,D,XC,AK,F
10:47:51,INDF,RG,6575,3,F,BK,OD,D
10:47:51,INDF,RG,6575,7,F,BK,CS,F
10:47:51,INDF,RG,6575,8,F,BK,CS,F
10:47:51,INDF,RG,6575,5,F,BK,CS,F
10:47:51,INDF,RG,6575,2,F,BK,GR,D
10:47:30,INDF,RG,6575,3,F,BK,GR,D
10:47:30,INDF,RG,6575,17,F,BK,YP,D
10:47:22,INDF,RG,6575,8,F,AK,YP,D
10:47:22,INDF,RG,6575,1,F,AK,AK,F
10:47:22,INDF,RG,6575,356,F,AK,RX,F
10:47:22,INDF,RG,6575,5,F,AK,CC,F
10:47:22,INDF,RG,6575,4,F,ZP,CC,F
10:47:22,INDF,RG,6575,14,F,ZP,CC,F
10:47:22,INDF,RG,6575,11,F,ZP,CC,F
10:47:17,INDF,RG,6575,14,F,BK,CC,F
10:47:14,INDF,RG,6550,4,D,YP,CC,D
10:47:06,INDF,RG,6575,1,F,BK,CC,F
10:47:06,INDF,RG,6575,14,F,BK,AG,F
10:46:55,INDF,RG,6550,3,D,YP,AK,F
10:46:45,INDF,RG,6575,25,F,BK,AG,F
10:46:32,INDF,RG,6575,14,F,BK,AG,F
10:46:22,INDF,RG,6575,23,D,YP,AG,F
10:46:22,INDF,RG,6575,57,D,YP,ZP,D
10:46:12,INDF,RG,6575,23,F,BK,ZP,D
10:45:48,INDF,RG,6575,27,F,BK,ZP,D
10:45:17,INDF,RG,6575,32,F,BK,ZP,D
10:45:10,INDF,RG,6575,1,D,XC,ZP,D
10:45:07,INDF,RG,6575,13,F,BK,ZP,D
10:44:48,INDF,RG,6575,20,F,BK,ZP,D
10:44:26,INDF,RG,6575,27,F,BK,ZP,D
10:44:19,INDF,RG,6575,12,D,YP,ZP,D
10:44:01,INDF,RG,6575,32,F,BK,ZP,D
10:43:57,INDF,RG,6550,17,D,YP,RX,F
10:43:54,INDF,RG,6550,3,D,YP,RX,F
10:43:40,INDF,RG,6575,22,F,BK,ZP,D
10:43:35,INDF,RG,6550,23,D,YP,RX,F
10:43:33,INDF,RG,6550,2,D,YP,RX,F
10:43:27,INDF,RG,6575,14,F,BK,ZP,D
10:43:11,INDF,RG,6575,12,F,BK,ZP,D
10:43:11,INDF,RG,6575,4,F,BK,YP,D
10:43:08,INDF,RG,6550,21,D,YP,RX,F
10:43:08,INDF,RG,6550,95,F,CS,RX,F
10:43:06,INDF,RG,6550,18,F,CS,RX,F
10:42:58,INDF,RG,6550,50,F,CS,YP,D
10:42:45,INDF,RG,6550,1,F,CS,PD,D
10:41:03,INDF,RG,6575,1,D,BQ,YP,D
10:40:45,INDF,RG,6550,1,D,XL,AK,F
10:40:44,INDF,RG,6550,1,D,NI,RX,F
10:40:44,INDF,RG,6550,1,D,XC,RX,F
10:40:44,INDF,RG,6550,1,D,XL,RX,F
10:40:44,INDF,RG,6550,1,D,DR,RX,F
10:40:44,INDF,RG,6550,9,D,XC,RX,F
10:40:44,INDF,RG,6550,2,D,NI,RX,F
10:40:44,INDF,RG,6550,1,D,EP,RX,F
10:40:44,INDF,RG,6550,6,D,YP,RX,F
10:40:42,INDF,RG,6550,8,D,YP,RX,F
10:39:38,INDF,RG,6550,14,D,YP,ZP,D
10:39:38,INDF,RG,6575,9,F,ZP,ZP,D
10:39:38,INDF,RG,6575,1,F,CS,ZP,D
10:39:38,INDF,RG,6575,1,F,CS,ZP,D
10:39:38,INDF,RG,6575,2,F,CS,ZP,D
10:39:38,INDF,RG,6575,2,F,CS,ZP,D
10:39:38,INDF,RG,6575,2,F,CS,ZP,D
10:39:37,INDF,RG,6575,22,F,AK,CS,F
10:39:37,INDF,RG,6575,49,F,AK,ZP,D
10:39:36,INDF,RG,6575,15,F,ZP,ZP,D
10:39:36,INDF,RG,6575,39,F,BK,ZP,D
10:39:36,INDF,RG,6575,10,F,CS,ZP,D
10:39:36,INDF,RG,6575,7,F,CS,ZP,D
10:39:36,INDF,RG,6575,9,F,CS,ZP,D
10:39:36,INDF,RG,6575,2,F,CS,ZP,D
10:39:13,INDF,RG,6575,2,F,CS,XL,D
10:39:13,INDF,RG,6575,8,F,ZP,XL,D
10:39:13,INDF,RG,6575,2,F,ZP,AG,F
10:39:13,INDF,RG,6575,7,F,RX,AG,F
10:39:09,INDF,RG,6600,2,D,BQ,YP,D
10:39:07,INDF,RG,6575,30,F,RX,PD,D
10:39:07,INDF,RG,6575,4,F,CS,PD,D
10:39:07,INDF,RG,6575,7,F,CS,PD,D
10:39:07,INDF,RG,6575,6,F,CS,PD,D
10:39:07,INDF,RG,6575,3,F,CS,PD,D
10:39:07,INDF,RG,6575,3,F,CS,PD,D
10:39:07,INDF,RG,6575,22,F,BK,PD,D
10:38:42,INDF,RG,6575,81,F,BK,CC,D
10:38:35,INDF,RG,6575,1,F,BK,EP,D
10:38:18,INDF,RG,6575,53,F,BK,PD,D
10:38:18,INDF,RG,6575,7,D,YP,PD,D
10:38:18,INDF,RG,6575,3,D,YP,PD,D
10:38:18,INDF,RG,6575,11,F,CS,PD,D
10:38:18,INDF,RG,6575,12,F,BK,PD,D
10:38:18,INDF,RG,6575,2,D,YP,PD,D
10:38:18,INDF,RG,6575,12,F,BK,PD,D
10:38:18,INDF,RG,6575,3,F,CS,PD,D
10:38:18,INDF,RG,6575,20,F,ZP,PD,D
10:38:18,INDF,RG,6575,2,D,XC,PD,D
10:38:18,INDF,RG,6575,1,D,XL,PD,D
10:38:18,INDF,RG,6575,3,F,CS,PD,D
10:38:18,INDF,RG,6575,1,F,CS,PD,D
10:38:18,INDF,RG,6575,5,F,CS,PD,D
10:38:18,INDF,RG,6575,4,F,CS,PD,D
10:38:18,INDF,RG,6575,15,F,ZP,PD,D
10:38:18,INDF,RG,6575,30,D,YP,PD,D
10:38:18,INDF,RG,6575,7,F,CS,PD,D
10:38:18,INDF,RG,6575,5,F,CS,PD,D
10:38:18,INDF,RG,6575,54,D,CC,PD,D
10:38:16,INDF,RG,6575,1,D,CC,EP,D
10:38:16,INDF,RG,6575,1,D,CC,EP,D
10:37:36,INDF,RG,6575,25,D,CC,LG,D
10:37:36,INDF,RG,6575,1,D,CC,XL,D
10:37:01,INDF,RG,6575,1,D,CC,EP,D
10:36:43,INDF,RG,6575,10,D,CC,AG,F
10:36:33,INDF,RG,6575,1,D,CC,YP,D
10:36:21,INDF,RG,6575,16,D,CC,AK,F
10:36:21,INDF,RG,6575,12,D,CC,AK,F
10:36:21,INDF,RG,6600,1,D,CP,YP,D
10:35:51,INDF,RG,6575,2,D,CC,KK,D
10:34:55,INDF,RG,6575,5,D,CC,AK,F
10:34:54,INDF,RG,6575,36,D,CC,RX,F
10:34:54,INDF,RG,6575,100,D,EP,RX,F
10:34:54,INDF,RG,6575,9,F,ZP,RX,F
10:34:54,INDF,RG,6575,12,F,BK,RX,F
10:34:54,INDF,RG,6575,87,F,RX,RX,F
10:34:54,INDF,RG,6575,4,F,CS,RX,F
10:34:54,INDF,RG,6575,10,D,YP,RX,F
10:34:54,INDF,RG,6575,5,F,CS,RX,F
10:34:54,INDF,RG,6575,1,D,XC,RX,F
10:34:54,INDF,RG,6575,1,D,XC,RX,F
10:34:54,INDF,RG,6575,10,F,CS,RX,F
10:34:54,INDF,RG,6575,7,F,CS,RX,F
10:34:54,INDF,RG,6575,1,F,CS,RX,F
10:34:54,INDF,RG,6575,3,F,CS,RX,F
10:34:54,INDF,RG,6575,2,F,CS,RX,F
10:34:54,INDF,RG,6575,1,F,CS,RX,F
10:34:54,INDF,RG,6575,3,F,CS,RX,F
10:34:54,INDF,RG,6575,8,F,CS,RX,F
10:34:54,INDF,RG,6575,2,F,CS,RX,F
10:34:54,INDF,RG,6575,5,D,XL,RX,F
10:34:54,INDF,RG,6575,2,F,CS,RX,F
10:34:54,INDF,RG,6575,7,F,CS,RX,F
10:34:54,INDF,RG,6575,4,F,CS,RX,F
10:34:54,INDF,RG,6575,12,F,CS,RX,F
10:34:54,INDF,RG,6575,7,F,CS,RX,F
10:34:54,INDF,RG,6575,9,F,ZP,RX,F
10:34:54,INDF,RG,6575,1,D,YP,RX,F
10:34:54,INDF,RG,6575,2,F,CS,RX,F
10:34:54,INDF,RG,6575,191,F,BK,RX,F
10:34:54,INDF,RG,6575,2,F,CS,RX,F
10:34:54,INDF,RG,6575,4,F,CS,RX,F
10:34:54,INDF,RG,6575,5,F,CS,RX,F
10:34:54,INDF,RG,6575,11,F,CS,RX,F
10:34:54,INDF,RG,6575,8,D,YP,RX,F
10:34:54,INDF,RG,6575,3,F,CS,RX,F
10:34:54,INDF,RG,6575,5,F,CS,RX,F
10:34:54,INDF,RG,6575,11,F,CS,RX,F
10:34:54,INDF,RG,6575,4,F,CS,RX,F
10:34:54,INDF,RG,6575,12,F,CS,RX,F
10:34:54,INDF,RG,6575,6,F,CS,RX,F
10:34:54,INDF,RG,6575,2,F,CS,RX,F
10:34:54,INDF,RG,6575,74,F,RX,RX,F
10:34:54,INDF,RG,6575,2,F,CS,RX,F
10:34:54,INDF,RG,6575,3,F,CS,RX,F
10:34:54,INDF,RG,6575,5,F,CS,RX,F
10:34:54,INDF,RG,6575,4,F,CS,RX,F
10:34:54,INDF,RG,6575,1,F,ZP,RX,F
10:34:54,INDF,RG,6575,4,F,ZP,RX,F
10:34:54,INDF,RG,6575,2,F,CS,RX,F
10:34:54,INDF,RG,6575,17,F,ZP,RX,F
10:34:54,INDF,RG,6575,204,F,BK,RX,F
10:34:54,INDF,RG,6575,69,F,AK,RX,F
10:34:54,INDF,RG,6600,21,F,BK,YP,D
10:34:42,INDF,RG,6575,49,F,AK,RX,F
10:34:40,INDF,RG,6600,18,F,BK,YP,D
10:34:33,INDF,RG,6575,1,F,AK,PD,D
10:34:25,INDF,RG,6575,5,F,AK,AK,F
10:34:24,INDF,RG,6575,1,F,AK,AK,F
10:34:24,INDF,RG,6575,163,F,AK,ZP,D
10:34:24,INDF,RG,6575,13,F,BK,ZP,D
10:34:24,INDF,RG,6575,8,F,ZP,ZP,D
10:34:24,INDF,RG,6575,3,F,CS,ZP,D
10:34:24,INDF,RG,6575,2,F,CS,ZP,D
10:34:24,INDF,RG,6575,12,F,CS,ZP,D
10:34:24,INDF,RG,6575,3,F,CS,ZP,D
10:34:24,INDF,RG,6575,17,D,AI,ZP,D
10:34:22,INDF,RG,6575,1,D,AI,AK,F
10:34:22,INDF,RG,6600,18,F,BK,YP,D
10:34:14,INDF,RG,6575,9,D,AI,AG,F
10:33:54,INDF,RG,6575,1,D,AI,AK,F
10:33:53,INDF,RG,6600,31,F,BK,YP,D
10:33:29,INDF,RG,6575,9,D,AI,RX,F
10:33:29,INDF,RG,6575,12,D,AI,EP,D
10:33:27,INDF,RG,6575,13,D,AI,RX,F
10:33:16,INDF,RG,6575,2,D,AI,AK,F
10:33:15,INDF,RG,6600,42,F,BK,YP,D
10:33:15,INDF,RG,6600,29,D,XL,YP,D
10:32:37,INDF,RG,6575,6,D,AI,CC,D
10:32:35,INDF,RG,6575,1,D,AI,AK,F
10:32:34,INDF,RG,6600,42,F,BK,YP,D
10:32:06,INDF,RG,6575,8,D,AI,AG,F
10:32:04,INDF,RG,6575,13,D,AI,RX,F
10:31:59,INDF,RG,6600,33,F,BK,YP,D
10:31:27,INDF,RG,6575,1,D,AI,YP,D
10:31:18,INDF,RG,6600,39,F,BK,YP,D
10:30:58,INDF,RG,6600,5,D,NI,YP,D
10:30:58,INDF,RG,6575,7,D,AI,RX,F
10:30:56,INDF,RG,6575,5,D,AI,RX,F
10:30:45,INDF,RG,6600,20,F,BK,YP,D
10:30:45,INDF,RG,6600,3,F,BK,PD,D
10:30:45,INDF,RG,6600,8,F,BK,OD,D
10:30:24,INDF,RG,6575,1,D,AI,YP,D
10:30:22,INDF,RG,6575,1,D,AI,XC,D
10:30:20,INDF,RG,6600,22,F,BK,OD,D
10:30:20,INDF,RG,6600,1,F,BK,XA,D
10:30:12,INDF,RG,6575,8,D,AI,AG,F
10:30:12,INDF,RG,6575,1,D,AI,YP,D
10:30:04,INDF,RG,6575,2,D,AI,YP,D
10:29:56,INDF,RG,6575,10,D,AI,YP,D
10:29:53,INDF,RG,6575,1,D,AI,XC,D
10:29:51,INDF,RG,6575,14,D,AI,RX,F
10:29:50,INDF,RG,6600,31,F,BK,XA,D
10:29:49,INDF,RG,6575,4,D,AI,RX,F
10:29:27,INDF,RG,6600,23,F,BK,XA,D
10:28:58,INDF,RG,6600,29,F,BK,XA,D
10:28:21,INDF,RG,6600,24,F,BK,XA,D
10:28:20,INDF,RG,6575,10,D,AI,XL,D
10:28:12,INDF,RG,6575,10,D,AI,RX,F
10:28:09,INDF,RG,6575,14,D,AI,AG,F
10:27:58,INDF,RG,6600,12,F,BK,XA,D
10:27:58,INDF,RG,6600,10,F,BK,CC,D
10:27:58,INDF,RG,6600,4,F,BK,OD,D
10:27:51,INDF,RG,6575,2,D,AI,YP,D
10:27:29,INDF,RG,6600,19,F,BK,OD,D
10:27:28,INDF,RG,6575,50,D,AI,RX,F
10:27:27,INDF,RG,6575,30,D,AI,PD,D
10:27:08,INDF,RG,6575,250,D,AI,PD,D
10:27:05,INDF,RG,6575,30,D,AI,YP,D
10:27:04,INDF,RG,6575,39,D,AI,RX,F
10:27:02,INDF,RG,6575,8,D,AI,RX,F
10:27:01,INDF,RG,6575,10,D,AI,RG,D
10:26:57,INDF,RG,6575,9,D,AI,AK,F
10:26:57,INDF,RG,6600,1,D,PD,OD,D
10:26:54,INDF,RG,6600,24,F,BK,OD,D
10:26:52,INDF,RG,6600,1,D,XL,OD,D
10:26:46,INDF,RG,6575,250,D,AI,PD,D
10:26:36,INDF,RG,6575,8,D,AI,RX,F
10:26:34,INDF,RG,6575,4,D,AI,RX,F
10:26:28,INDF,RG,6600,1,D,XC,OD,D
10:26:24,INDF,RG,6575,1,D,AI,AK,F
10:26:21,INDF,RG,6600,1,F,BK,XL,D
10:26:21,INDF,RG,6600,8,F,BK,NI,D
10:26:21,INDF,RG,6600,1,F,BK,NI,D
10:26:21,INDF,RG,6600,2,F,BK,KK,D
10:26:21,INDF,RG,6600,12,F,BK,YP,D
10:25:46,INDF,RG,6575,15,D,AI,YP,D
10:25:43,INDF,RG,6575,2,D,AI,YP,D
10:25:37,INDF,RG,6575,5,D,AI,AK,F
10:25:37,INDF,RG,6600,30,F,BK,YP,D
10:24:53,INDF,RG,6575,1,D,AI,XC,D
10:24:37,INDF,RG,6575,29,D,AI,RX,F
10:24:21,INDF,RG,6575,76,D,AI,ZP,D
10:24:21,INDF,RG,6575,34,F,BK,ZP,D
10:24:18,INDF,RG,6575,1,F,BK,AK,F
10:24:18,INDF,RG,6600,26,F,BK,YP,D
10:24:09,INDF,RG,6600,1,D,PD,YP,D
10:23:58,INDF,RG,6600,15,F,BK,YP,D
10:23:31,INDF,RG,6575,1,F,BK,AK,F
10:23:30,INDF,RG,6600,16,F,BK,YP,D
10:23:30,INDF,RG,6600,3,F,BK,KK,D
10:23:30,INDF,RG,6600,2,F,BK,YP,D
10:23:30,INDF,RG,6600,6,F,BK,YP,D
10:23:00,INDF,RG,6575,15,F,BK,RX,F
10:22:56,INDF,RG,6600,2,D,PD,YP,D
10:22:42,INDF,RG,6600,1,D,XL,YP,D
10:22:41,INDF,RG,6575,8,F,BK,AK,F
10:22:41,INDF,RG,6575,5,F,CS,AK,F
10:22:41,INDF,RG,6575,2,F,CS,AK,F
10:22:41,INDF,RG,6575,3,F,CS,AK,F
10:22:40,INDF,RG,6600,28,F,BK,YP,D
10:22:40,INDF,RG,6575,3,F,CS,PD,D
10:22:21,INDF,RG,6600,22,F,BK,YP,D
10:21:07,INDF,RG,6575,3,F,CS,YP,D
10:21:07,INDF,RG,6575,2,F,CS,YP,D
10:21:07,INDF,RG,6575,6,F,CS,YP,D
10:21:07,INDF,RG,6575,2,F,CS,YP,D
10:21:07,INDF,RG,6575,5,F,CS,YP,D
10:21:07,INDF,RG,6575,2,D,CD,YP,D
10:20:44,INDF,RG,6575,1,D,CD,YP,D
10:20:23,INDF,RG,6575,5,D,CD,XC,D
10:19:45,INDF,RG,6575,26,D,CD,RX,F
10:19:30,INDF,RG,6575,32,D,CD,ZP,D
10:19:30,INDF,RG,6575,102,F,BK,ZP,D
10:19:30,INDF,RG,6575,2,F,CS,ZP,D
10:19:30,INDF,RG,6575,5,F,CS,ZP,D
10:19:30,INDF,RG,6575,1,F,CS,ZP,D
10:19:30,INDF,RG,6575,1,F,CS,ZP,D
10:19:25,INDF,RG,6575,3,F,CS,AK,F
10:19:25,INDF,RG,6575,2,F,ZP,AK,F
10:18:50,INDF,RG,6575,3,F,ZP,YP,D
10:18:50,INDF,RG,6575,2,D,DH,YP,D
10:18:45,INDF,RG,6575,3,D,DH,RX,F
10:18:45,INDF,RG,6575,3,F,ZP,RX,F
10:18:45,INDF,RG,6575,3,D,CC,RX,F
10:18:45,INDF,RG,6575,2,F,CS,RX,F
10:18:45,INDF,RG,6575,3,F,CS,RX,F
10:18:45,INDF,RG,6575,2,F,CS,RX,F
10:18:45,INDF,RG,6575,4,F,CS,RX,F
10:18:45,INDF,RG,6575,11,F,ZP,RX,F
10:18:45,INDF,RG,6575,8,D,EP,RX,F
10:18:45,INDF,RG,6575,8,F,BK,RX,F
10:18:45,INDF,RG,6575,2,F,BK,CC,D
10:18:31,INDF,RG,6575,2,F,BK,PD,D
10:18:31,INDF,RG,6575,2,F,CS,PD,D
10:18:31,INDF,RG,6575,5,F,CS,PD,D
10:18:31,INDF,RG,6575,9,F,CS,PD,D
10:18:31,INDF,RG,6575,6,F,CS,PD,D
10:18:31,INDF,RG,6575,9,F,CS,PD,D
10:18:31,INDF,RG,6575,1,F,CS,PD,D
10:18:31,INDF,RG,6575,50,D,SQ,PD,D
10:18:31,INDF,RG,6575,166,F,BK,PD,D
10:18:15,INDF,RG,6600,26,F,BK,YP,D
10:18:15,INDF,RG,6600,10,F,BK,YU,D
