Time,Stock,Brd,Price,Qty,BT,BC,SC,ST
15:08:56,INDF,RG,6125,1,F,DX,NI,D
15:08:56,INDF,RG,6125,33,F,DX,YP,D
15:08:56,INDF,RG,6125,6,F,DX,PD,D
15:08:56,INDF,RG,6125,10,F,DX,YP,D
15:08:56,INDF,RG,6125,1,F,DX,CC,D
15:08:56,INDF,RG,6125,1,F,DX,XA,D
15:08:56,INDF,RG,6125,1300,F,DX,CS,D
15:08:56,INDF,RG,6125,1,F,DX,YP,D
15:08:56,INDF,RG,6125,50,F,DX,ES,D
15:08:56,INDF,RG,6125,500,F,DX,YJ,D
15:08:56,INDF,RG,6125,1,F,DX,CC,D
15:08:56,INDF,RG,6125,980,F,DX,CS,D
15:08:56,INDF,RG,6125,93,F,DX,NI,D
15:08:56,INDF,RG,6125,732,F,DX,CS,D
15:05:21,INDF,RG,6125,2,D,PD,CS,D
15:04:07,INDF,RG,6125,2,D,PD,CS,D
15:03:57,INDF,RG,6125,2,D,PD,CS,D
15:02:30,INDF,RG,6125,5,D,CC,CS,D
15:01:44,INDF,RG,6125,1,D,CC,CS,D
15:01:00,INDF,RG,6125,1,D,PD,CS,D
15:00:00,INDF,RG,6125,18,F,BK,CS,D
15:00:00,INDF,RG,6125,1,F,BK,KK,D
15:00:00,INDF,RG,6125,25,F,BK,EP,D
15:00:00,INDF,RG,6125,70,F,BK,YP,D
15:00:00,INDF,RG,6125,10,F,BK,PD,D
15:00:00,INDF,RG,6125,30,F,BK,YB,D
15:00:00,INDF,RG,6125,5,F,BK,CC,D
15:00:00,INDF,RG,6125,2,F,BK,HP,D
15:00:00,INDF,RG,6125,388,F,BK,ZP,F
15:00:00,INDF,RG,6125,1,D,YP,ZP,F
15:00:00,INDF,RG,6125,2,D,NI,ZP,F
15:00:00,INDF,RG,6125,210,F,CS,ZP,F
15:00:00,INDF,RG,6125,25,D,KK,ZP,F
15:00:00,INDF,RG,6125,1,D,CC,ZP,F
15:00:00,INDF,RG,6125,2,D,PD,ZP,F
15:00:00,INDF,RG,6125,1,F,OD,ZP,F
15:00:00,INDF,RG,6125,1,D,XC,ZP,F
15:00:00,INDF,RG,6125,20,D,YU,ZP,F
15:00:00,INDF,RG,6125,5,D,EP,ZP,F
15:00:00,INDF,RG,6125,5,D,XC,ZP,F
15:00:00,INDF,RG,6125,5,D,CC,ZP,F
15:00:00,INDF,RG,6125,2,D,PD,ZP,F
15:00:00,INDF,RG,6125,1,D,PD,ZP,F
15:00:00,INDF,RG,6125,5,D,YP,ZP,F
15:00:00,INDF,RG,6125,2,D,KK,ZP,F
15:00:00,INDF,RG,6125,1,D,PD,ZP,F
15:00:00,INDF,RG,6125,2,D,YP,ZP,F
15:00:00,INDF,RG,6125,199,F,YU,ZP,F
15:00:00,INDF,RG,6125,2,D,YP,ZP,F
15:00:00,INDF,RG,6125,10,F,ZP,ZP,F
15:00:00,INDF,RG,6125,896,F,ZP,ZP,F
15:00:00,INDF,RG,6125,49,F,ZP,ZP,F
15:00:00,INDF,RG,6125,1,F,ZP,YP,D
15:00:00,INDF,RG,6125,133,F,ZP,YU,F
15:00:00,INDF,RG,6125,431,F,ZP,ZP,F
15:00:00,INDF,RG,6125,88,F,ZP,AK,F
15:00:00,INDF,RG,6125,62,F,ZP,AK,F
15:00:00,INDF,RG,6125,43,F,BK,AK,F
15:00:00,INDF,RG,6125,643,F,BK,CS,F
15:00:00,INDF,RG,6125,88,F,BK,CS,F
15:00:00,INDF,RG,6125,602,D,KZ,CS,F
15:00:00,INDF,RG,6125,261,F,CS,CS,F
15:00:00,INDF,RG,6125,18,F,CS,CS,F
15:00:00,INDF,RG,6125,70,F,ZP,CS,F
15:00:00,INDF,RG,6125,60,F,ZP,OD,D
15:00:00,INDF,RG,6125,32,F,ZP,OD,D
15:00:00,INDF,RG,6125,16,F,AK,OD,D
15:00:00,INDF,RG,6125,134,D,CC,OD,D
15:00:00,INDF,RG,6125,8,F,AK,OD,D
15:00:00,INDF,RG,6125,48,F,AK,OD,D
15:00:00,INDF,RG,6125,13,F,AK,DX,F
15:00:00,INDF,RG,6125,2,F,AK,DX,F
15:00:00,INDF,RG,6125,14,F,AK,DX,F
15:00:00,INDF,RG,6125,1,F,AK,DX,F
15:00:00,INDF,RG,6125,1,F,AK,DX,F
15:00:00,INDF,RG,6125,4,F,AK,DX,F
15:00:00,INDF,RG,6125,8,F,AK,DX,F
15:00:00,INDF,RG,6125,6,F,AK,DX,F
15:00:00,INDF,RG,6125,10,F,AK,DX,F
15:00:00,INDF,RG,6125,5,F,AK,DX,F
15:00:00,INDF,RG,6125,3,F,AK,DX,F
15:00:00,INDF,RG,6125,2,F,AK,DX,F
15:00:00,INDF,RG,6125,3,F,AK,DX,F
15:00:00,INDF,RG,6125,2,F,AK,DX,F
15:00:00,INDF,RG,6125,1,F,AK,DX,F
15:00:00,INDF,RG,6125,100,F,AK,LG,D
15:00:00,INDF,RG,6125,78,F,AK,YU,F
15:00:00,INDF,RG,6125,479,F,ZP,YU,F
15:00:00,INDF,RG,6125,133,D,YU,YU,F
15:00:00,INDF,RG,6125,71,D,YU,CC,D
15:00:00,INDF,RG,6125,43,F,RX,CC,D
15:00:00,INDF,RG,6125,162,F,RX,DR,D
15:00:00,INDF,RG,6125,17,F,RX,FS,F
15:00:00,INDF,RG,6125,239,F,RX,DP,F
15:00:00,INDF,RG,6125,135,F,RX,AK,D
15:00:00,INDF,RG,6125,417,F,RX,PD,D
15:00:00,INDF,RG,6125,5,D,LG,PD,D
14:49:46,INDF,RG,6125,1,D,CC,CS,D
14:49:44,INDF,RG,6125,2,F,ZP,CS,D
14:49:43,INDF,RG,6125,1,F,AK,CS,D
14:49:42,INDF,RG,6100,3,D,NI,YU,F
14:49:42,INDF,RG,6100,2,D,XC,YU,F
14:49:41,INDF,RG,6125,29,F,ZP,CS,D
14:49:38,INDF,RG,6100,1,D,YP,AK,F
14:49:31,INDF,RG,6100,2,D,YP,YU,F
14:49:30,INDF,RG,6125,2,F,AK,CS,D
14:49:30,INDF,RG,6100,7,D,YP,DX,F
14:49:30,INDF,RG,6100,1,D,YP,DX,F
14:49:30,INDF,RG,6100,2,D,XC,DX,F
14:49:30,INDF,RG,6100,1,D,LG,DX,F
14:49:17,INDF,RG,6100,5,D,LG,YU,F
14:49:16,INDF,RG,6100,3,D,LG,DX,F
14:49:16,INDF,RG,6100,9,D,YP,DX,F
14:49:15,INDF,RG,6100,10,D,YP,DX,F
14:49:15,INDF,RG,6125,1,F,ZP,CS,D
14:49:15,INDF,RG,6100,3,D,YP,YU,F
14:49:13,INDF,RG,6100,15,D,YP,DX,F
14:49:13,INDF,RG,6125,2,F,ZP,CS,D
14:49:08,INDF,RG,6100,9,D,YP,YU,F
14:49:07,INDF,RG,6125,40,F,ZP,CS,D
14:49:06,INDF,RG,6100,14,D,YP,DX,F
14:49:05,INDF,RG,6100,16,D,YP,YU,F
14:49:04,INDF,RG,6125,13,F,ZP,CS,D
14:49:04,INDF,RG,6125,64,F,ZP,CS,D
14:49:03,INDF,RG,6125,1,F,ZP,CS,D
14:49:03,INDF,RG,6125,2,F,ZP,CS,D
14:49:03,INDF,RG,6125,8,F,ZP,CS,D
14:49:03,INDF,RG,6100,4,D,YP,YU,F
14:49:03,INDF,RG,6100,10,D,YU,YU,F
14:49:02,INDF,RG,6125,21,F,ZP,CS,D
14:49:02,INDF,RG,6125,50,F,ZP,NI,D
14:49:02,INDF,RG,6100,12,D,YU,DX,F
14:49:01,INDF,RG,6100,16,D,YU,YU,F
14:49:00,INDF,RG,6125,86,D,YU,NI,D
14:49:00,INDF,RG,6125,6,D,YU,DX,F
14:49:00,INDF,RG,6125,8,D,YU,YU,F
14:49:00,INDF,RG,6100,12,D,YU,DX,F
14:49:00,INDF,RG,6100,2,D,YP,DX,F
14:49:00,INDF,RG,6100,1,D,PD,DX,F
14:49:00,INDF,RG,6100,4,D,PD,AK,D
14:49:00,INDF,RG,6100,1,D,PD,AK,D
14:49:00,INDF,RG,6100,5,D,KK,AK,D
14:49:00,INDF,RG,6100,7,D,YP,AK,D
14:49:00,INDF,RG,6100,3,D,YP,AK,D
14:49:00,INDF,RG,6100,1,D,PD,AK,D
14:49:00,INDF,RG,6100,1,D,PD,AK,D
14:49:00,INDF,RG,6100,1,F,AK,AK,D
14:49:00,INDF,RG,6100,1,F,AK,YU,F
14:49:00,INDF,RG,6100,4,D,YP,YU,F
14:49:00,INDF,RG,6100,4,D,YP,AK,D
14:48:59,INDF,RG,6100,14,D,YP,AK,F
14:48:59,INDF,RG,6100,1,D,YP,AK,F
14:48:59,INDF,RG,6100,1,D,YP,AK,F
14:48:45,INDF,RG,6125,1,F,AK,YU,F
14:48:39,INDF,RG,6100,15,D,YP,YP,D
14:48:38,INDF,RG,6125,1,F,ZP,YU,F
14:48:36,INDF,RG,6125,7,F,ZP,YU,F
14:48:36,INDF,RG,6125,42,F,ZP,BK,F
14:48:35,INDF,RG,6100,7,D,YP,XC,D
14:48:34,INDF,RG,6100,15,D,YP,YU,F
14:48:33,INDF,RG,6125,11,F,ZP,BK,F
14:48:33,INDF,RG,6125,73,F,ZP,BK,F
14:48:31,INDF,RG,6100,6,D,YP,YU,F
14:48:30,INDF,RG,6125,1,F,AK,BK,F
14:48:30,INDF,RG,6100,33,D,YP,AK,D
14:48:22,INDF,RG,6100,6,D,YP,YU,F
14:48:20,INDF,RG,6125,33,F,ZP,BK,F
14:48:16,INDF,RG,6100,6,D,YP,YU,F
14:48:15,INDF,RG,6125,1,F,AK,BK,F
14:48:15,INDF,RG,6100,13,D,YP,AK,F
14:48:13,INDF,RG,6100,2,D,YP,OD,D
14:48:10,INDF,RG,6125,1,D,YP,BK,F
14:48:07,INDF,RG,6100,6,D,YP,TP,D
14:48:01,INDF,RG,6100,13,D,YP,BK,F
14:48:00,INDF,RG,6100,7,D,YP,YU,F
14:48:00,INDF,RG,6125,1,F,ZP,BK,F
14:48:00,INDF,RG,6100,30,D,YP,AK,D
14:47:48,INDF,RG,6100,11,D,YP,AK,D
14:47:42,INDF,RG,6100,10,D,YP,YU,F
14:47:41,INDF,RG,6125,2,F,ZP,BK,F
14:47:41,INDF,RG,6125,23,F,ZP,DP,F
14:47:41,INDF,RG,6125,9,F,ZP,AK,F
14:47:37,INDF,RG,6100,15,D,YP,BK,F
14:47:36,INDF,RG,6100,6,D,YP,AK,F
14:46:44,INDF,RG,6100,6,D,YP,YU,F
14:46:43,INDF,RG,6100,17,D,YP,LG,D
14:46:30,INDF,RG,6150,8,D,CC,GR,D
14:46:25,INDF,RG,6100,1,D,YP,RG,D
14:46:15,INDF,RG,6100,1,D,YP,YU,F
14:46:15,INDF,RG,6100,5,D,CC,YU,F
14:46:15,INDF,RG,6150,7,F,AK,GR,D
14:46:15,INDF,RG,6100,4,D,CC,BK,F
14:46:15,INDF,RG,6100,1,D,YP,BK,F
14:46:15,INDF,RG,6100,9,D,YP,BK,F
14:46:13,INDF,RG,6100,5,D,YP,DX,F
14:46:11,INDF,RG,6100,16,D,YP,BK,F
14:46:09,INDF,RG,6100,3,F,ZP,YU,F
14:46:09,INDF,RG,6100,8,D,CC,YU,F
14:46:09,INDF,RG,6150,1,F,ZP,GR,D
14:46:09,INDF,RG,6125,41,F,ZP,CS,D
14:46:07,INDF,RG,6100,13,D,CC,BK,F
14:46:06,INDF,RG,6100,3,D,CC,DX,F
14:46:05,INDF,RG,6100,2,D,CC,DX,F
14:46:04,INDF,RG,6100,9,D,CC,YU,F
14:46:04,INDF,RG,6125,26,F,ZP,CS,D
14:46:03,INDF,RG,6125,6,F,ZP,DX,F
14:46:03,INDF,RG,6125,3,F,ZP,CS,D
14:46:03,INDF,RG,6125,3,F,ZP,CS,D
14:46:01,INDF,RG,6100,8,D,CC,BK,F
14:46:01,INDF,RG,6125,3,D,CC,BK,F
14:46:01,INDF,RG,6125,1,D,CC,DP,F
14:46:00,INDF,RG,6100,19,D,CC,YU,F
14:45:56,INDF,RG,6100,31,D,CC,BK,F
14:45:55,INDF,RG,6125,1,F,ZP,YU,F
14:45:55,INDF,RG,6125,9,F,ZP,YU,F
14:45:55,INDF,RG,6125,8,F,ZP,CS,D
14:45:54,INDF,RG,6125,37,F,ZP,AK,F
14:45:54,INDF,RG,6125,34,F,RX,CS,D
14:45:53,INDF,RG,6125,59,F,RX,BK,F
14:45:52,INDF,RG,6125,29,F,RX,YU,F
14:45:51,INDF,RG,6150,156,F,ZP,GR,D
14:45:51,INDF,RG,6150,6,F,ZP,AK,F
14:45:51,INDF,RG,6125,40,F,RX,YU,F
14:45:50,INDF,RG,6125,30,F,RX,YU,F
14:45:50,INDF,RG,6125,182,F,RX,CS,D
14:45:50,INDF,RG,6125,47,F,RX,CS,D
14:45:50,INDF,RG,6125,119,F,RX,CS,D
14:45:50,INDF,RG,6125,47,F,RX,CS,D
14:45:47,INDF,RG,6125,1,D,YP,CS,D
14:45:44,INDF,RG,6100,5,D,CC,YU,F
14:45:43,INDF,RG,6150,2,F,RX,AK,F
14:45:43,INDF,RG,6150,3,F,RX,AK,D
14:45:41,INDF,RG,6150,12,F,RX,AK,D
14:45:41,INDF,RG,6150,1,F,RX,KK,D
14:45:41,INDF,RG,6150,9,F,RX,SQ,D
14:45:35,INDF,RG,6100,6,D,CC,YU,F
14:45:34,INDF,RG,6100,16,D,CC,YU,F
14:45:33,INDF,RG,6125,32,F,ZP,CS,D
14:45:33,INDF,RG,6125,4,F,ZP,YU,F
14:45:33,INDF,RG,6125,1,F,ZP,YU,F
14:45:33,INDF,RG,6125,5,F,ZP,CS,D
14:45:32,INDF,RG,6125,13,F,CS,CS,D
14:45:32,INDF,RG,6125,5,F,ZP,CS,D
14:45:32,INDF,RG,6125,1,F,CS,CS,D
14:45:32,INDF,RG,6125,86,F,ZP,CS,D
14:45:31,INDF,RG,6150,31,F,ZP,SQ,D
14:45:31,INDF,RG,6125,2,F,AK,CS,D
14:45:22,INDF,RG,6125,3,F,CS,YU,F
14:45:22,INDF,RG,6125,5,D,YP,YU,F
14:45:22,INDF,RG,6125,16,F,AK,YU,F
14:45:22,INDF,RG,6125,49,F,AK,DP,F
14:45:22,INDF,RG,6125,2,F,AK,PD,D
14:45:22,INDF,RG,6125,14,F,AK,YU,F
14:45:22,INDF,RG,6125,4,F,AK,AK,F
14:45:22,INDF,RG,6125,25,F,ZP,AK,F
14:45:22,INDF,RG,6125,118,F,ZP,CS,F
14:45:20,INDF,RG,6100,29,D,CC,YU,F
14:45:20,INDF,RG,6125,76,F,AK,CS,D
14:45:20,INDF,RG,6125,35,F,AK,CC,F
14:45:20,INDF,RG,6125,62,F,AK,BK,F
14:45:20,INDF,RG,6125,31,F,AK,YU,F
14:45:20,INDF,RG,6125,20,F,AK,LG,D
14:45:20,INDF,RG,6125,64,F,AK,BK,F
14:45:20,INDF,RG,6125,1,F,AK,XC,D
14:45:20,INDF,RG,6125,11,F,AK,XC,D
14:45:20,INDF,RG,6125,30,F,AK,CS,D
14:45:20,INDF,RG,6125,20,F,AK,DP,F
14:45:19,INDF,RG,6125,13,F,ZP,DP,F
14:45:19,INDF,RG,6125,12,F,ZP,CS,D
14:45:19,INDF,RG,6125,5,F,ZP,CS,D
14:45:19,INDF,RG,6125,14,F,ZP,CS,D
14:45:19,INDF,RG,6125,7,F,ZP,CS,D
14:45:16,INDF,RG,6125,11,F,ZP,CS,D
14:45:16,INDF,RG,6125,15,F,ZP,CS,D
14:45:16,INDF,RG,6125,1,F,ZP,PD,D
14:45:16,INDF,RG,6125,1,F,ZP,CS,D
14:45:16,INDF,RG,6125,9,F,ZP,CS,D
14:45:14,INDF,RG,6125,13,F,RX,CS,D
14:45:14,INDF,RG,6125,3,F,RX,YU,F
14:45:12,INDF,RG,6125,4,F,RX,YU,F
14:45:04,INDF,RG,6125,4,F,ZP,YU,F
14:45:03,INDF,RG,6125,9,F,RX,YU,F
14:45:03,INDF,RG,6125,8,F,RX,CS,D
14:45:02,INDF,RG,6125,6,F,CS,CS,D
14:45:02,INDF,RG,6125,1,F,CS,CS,D
14:44:52,INDF,RG,6125,12,F,RX,CS,D
14:44:45,INDF,RG,6125,2,F,AK,CS,D
14:44:44,INDF,RG,6100,6,D,CC,YU,F
14:44:44,INDF,RG,6125,4,F,RX,CS,D
14:44:44,INDF,RG,6125,9,F,RX,CS,D
14:44:40,INDF,RG,6100,8,D,CC,DX,F
14:44:34,INDF,RG,6125,6,F,RX,CS,D
14:44:34,INDF,RG,6125,7,F,RX,CS,D
14:44:30,INDF,RG,6100,8,D,CC,YU,F
14:44:29,INDF,RG,6125,9,F,ZP,CS,D
14:44:29,INDF,RG,6125,39,F,ZP,BK,F
14:44:26,INDF,RG,6100,18,D,CC,YU,F
14:44:25,INDF,RG,6125,28,F,ZP,BK,F
14:44:25,INDF,RG,6125,34,F,ZP,CS,D
14:44:25,INDF,RG,6125,26,F,ZP,AK,F
14:44:25,INDF,RG,6125,1,F,ZP,AK,D
14:44:24,INDF,RG,6125,10,F,RX,AK,D
14:44:21,INDF,RG,6100,5,D,CC,YU,F
14:44:18,INDF,RG,6125,9,F,ZP,AK,D
14:44:16,INDF,RG,6125,14,F,RX,AK,D
14:44:09,INDF,RG,6125,44,F,ZP,AK,D
14:44:07,INDF,RG,6125,8,F,CS,AK,D
14:44:07,INDF,RG,6125,3,F,CS,AK,D
14:44:06,INDF,RG,6125,21,F,RX,AK,D
14:44:06,INDF,RG,6125,28,F,RX,CS,D
14:44:06,INDF,RG,6125,14,F,RX,CS,D
14:44:06,INDF,RG,6125,24,F,RX,YU,F
14:44:06,INDF,RG,6125,24,F,RX,BK,F
14:44:06,INDF,RG,6100,1,D,CC,PD,D
14:44:01,INDF,RG,6100,5,D,CC,YU,F
14:44:01,INDF,RG,6100,3,F,ZP,YU,F
14:44:00,INDF,RG,6125,29,F,ZP,BK,F
14:43:58,INDF,RG,6125,15,F,RX,BK,F
14:43:50,INDF,RG,6100,5,F,ZP,YU,F
14:43:50,INDF,RG,6100,1,D,AT,YU,F
14:43:49,INDF,RG,6125,18,F,RX,BK,F
14:43:42,INDF,RG,6100,1,D,AT,LG,D
14:43:42,INDF,RG,6100,18,F,ZP,LG,D
14:43:39,INDF,RG,6100,9,F,ZP,YU,F
14:43:38,INDF,RG,6125,29,F,ZP,BK,F
14:43:38,INDF,RG,6125,19,F,RX,BK,F
14:43:36,INDF,RG,6100,6,F,ZP,YU,F
14:43:36,INDF,RG,6100,8,F,ZP,DX,F
14:43:28,INDF,RG,6100,4,F,ZP,AK,F
14:43:28,INDF,RG,6100,5,D,YP,AK,F
14:43:28,INDF,RG,6100,1,D,YP,AK,F
14:43:28,INDF,RG,6100,1,D,SQ,AK,F
14:43:27,INDF,RG,6125,15,F,RX,BK,F
14:43:16,INDF,RG,6100,5,D,SQ,YU,F
14:43:15,INDF,RG,6100,27,D,SQ,AK,D
14:43:14,INDF,RG,6125,6,F,ZP,BK,F
14:42:45,INDF,RG,6100,9,D,SQ,YU,F
14:42:44,INDF,RG,6125,26,F,ZP,BK,F
14:42:44,INDF,RG,6125,1,F,ZP,CS,D
14:42:43,INDF,RG,6125,4,F,CS,CS,D
14:42:43,INDF,RG,6125,4,F,CS,CS,D
14:42:43,INDF,RG,6125,1,F,CS,CS,D
14:42:43,INDF,RG,6125,8,F,CS,CS,D
14:42:41,INDF,RG,6125,1,D,PD,CS,D
14:42:05,INDF,RG,6100,1,D,SQ,PD,D
14:42:01,INDF,RG,6100,8,D,SQ,YU,F
14:42:00,INDF,RG,6100,31,D,SQ,AK,D
14:42:00,INDF,RG,6100,2,D,YP,AK,D
14:42:00,INDF,RG,6100,1,D,YP,AK,D
14:41:54,INDF,RG,6125,12,F,RX,CS,D
14:41:49,INDF,RG,6100,9,D,YP,YU,F
14:41:48,INDF,RG,6125,8,F,ZP,CS,D
14:41:48,INDF,RG,6125,5,F,ZP,CC,D
14:41:48,INDF,RG,6125,19,F,ZP,CS,D
14:41:45,INDF,RG,6125,13,F,RX,CS,D
14:41:36,INDF,RG,6125,3,F,RX,CS,D
14:41:36,INDF,RG,6125,3,F,RX,CS,D
14:41:36,INDF,RG,6125,8,F,RX,CS,D
14:41:31,INDF,RG,6100,26,D,YP,CC,D
14:41:25,INDF,RG,6125,1,F,RX,CS,D
14:41:25,INDF,RG,6125,14,F,RX,CS,D
14:41:13,INDF,RG,6125,1,F,RX,CS,D
14:41:13,INDF,RG,6125,3,F,RX,DP,F
14:41:13,INDF,RG,6125,8,F,RX,CS,D
14:41:04,INDF,RG,6125,5,F,RX,CS,D
14:41:04,INDF,RG,6125,11,F,RX,YU,F
14:40:55,INDF,RG,6125,8,F,ZP,YU,F
14:40:55,INDF,RG,6125,28,F,ZP,CS,D
14:40:53,INDF,RG,6125,14,F,RX,CS,D
14:40:48,INDF,RG,6100,6,D,YP,YU,F
14:40:47,INDF,RG,6125,16,F,ZP,CS,D
14:40:42,INDF,RG,6125,22,F,RX,CS,D
14:40:39,INDF,RG,6100,6,D,YP,YU,F
14:40:38,INDF,RG,6125,9,F,ZP,CS,D
14:40:26,INDF,RG,6125,11,F,RX,CS,D
14:40:23,INDF,RG,6125,13,F,ZP,CS,D
14:40:23,INDF,RG,6100,11,D,YP,YU,F
14:40:22,INDF,RG,6125,38,F,ZP,CS,D
14:40:20,INDF,RG,6125,20,D,IP,CS,D
14:40:19,INDF,RG,6100,13,D,YP,YU,F
14:40:18,INDF,RG,6125,65,F,RX,CS,D
14:40:14,INDF,RG,6125,9,F,AK,CS,D
14:40:12,INDF,RG,6100,5,D,YP,XC,D
14:39:31,INDF,RG,6100,11,D,YP,YU,F
14:39:30,INDF,RG,6100,12,D,YP,YU,D
14:39:30,INDF,RG,6100,15,D,XA,YU,D
14:39:30,INDF,RG,6100,25,F,ZP,YU,D
14:39:21,INDF,RG,6125,5,F,RX,CS,D
14:39:21,INDF,RG,6125,1,F,RX,CS,D
14:39:21,INDF,RG,6125,3,F,RX,CS,D
14:39:07,INDF,RG,6125,1,D,YP,AK,F
14:38:18,INDF,RG,6100,6,F,ZP,YU,F
14:38:18,INDF,RG,6100,2,D,YP,YU,F
14:38:17,INDF,RG,6100,19,F,AK,LG,D
14:38:15,INDF,RG,6100,22,F,AK,AK,D
14:38:06,INDF,RG,6100,5,F,AK,YU,F
14:38:06,INDF,RG,6125,1,F,ZP,AK,F
14:38:06,INDF,RG,6125,2,F,ZP,AK,F
14:38:06,INDF,RG,6125,12,F,ZP,DP,F
14:38:06,INDF,RG,6125,14,F,ZP,CS,D
14:38:04,INDF,RG,6100,5,F,AK,YU,F
14:38:04,INDF,RG,6125,4,F,ZP,CS,D
14:38:04,INDF,RG,6125,2,F,ZP,CS,D
14:38:04,INDF,RG,6125,7,F,ZP,AK,F
14:38:03,INDF,RG,6125,3,F,ZP,YU,F
14:38:03,INDF,RG,6125,4,F,ZP,AK,F
14:38:03,INDF,RG,6125,1,F,ZP,AK,F
14:38:03,INDF,RG,6125,19,F,ZP,CS,D
14:38:03,INDF,RG,6125,8,F,ZP,DP,F
14:38:00,INDF,RG,6100,16,F,AK,YU,F
14:38:00,INDF,RG,6100,93,F,AK,YU,D
14:37:51,INDF,RG,6125,2,D,XC,DP,F
14:37:40,INDF,RG,6100,12,F,AK,YU,F
14:37:39,INDF,RG,6125,17,D,IP,DP,F
14:37:39,INDF,RG,6125,1,D,IP,SQ,D
14:37:39,INDF,RG,6125,5,D,IP,AK,F
14:37:39,INDF,RG,6125,17,D,IP,CC,F
14:37:39,INDF,RG,6125,9,D,IP,CS,D
14:37:39,INDF,RG,6125,1,D,IP,CS,D
14:37:16,INDF,RG,6125,1,D,SQ,CS,D
14:37:11,INDF,RG,6125,23,F,ZP,CS,D
14:37:09,INDF,RG,6125,7,D,SQ,CS,D
14:37:09,INDF,RG,6125,9,D,SQ,YU,F
14:37:09,INDF,RG,6125,20,D,SQ,CS,D
14:37:09,INDF,RG,6125,14,D,SQ,DP,F
14:37:09,INDF,RG,6125,1,F,ZP,DP,F
14:36:47,INDF,RG,6100,8,F,AK,YU,F
14:36:47,INDF,RG,6100,12,F,ZP,YU,F
14:36:46,INDF,RG,6125,61,D,IP,DP,F
14:36:46,INDF,RG,6125,20,D,IP,CS,D
14:36:46,INDF,RG,6125,1,D,IP,CS,D
14:36:46,INDF,RG,6125,6,D,IP,CS,D
14:36:46,INDF,RG,6125,5,D,IP,YP,D
14:36:46,INDF,RG,6125,7,D,IP,PD,D
14:36:10,INDF,RG,6125,1,D,PD,PD,D
14:36:02,INDF,RG,6125,15,D,IP,PD,D
14:36:02,INDF,RG,6100,12,F,ZP,YU,F
14:36:01,INDF,RG,6100,23,F,ZP,YU,F
14:36:01,INDF,RG,6125,37,D,CC,PD,D
14:36:01,INDF,RG,6125,3,D,CC,YU,F
14:36:01,INDF,RG,6125,10,D,CC,YP,D
14:36:01,INDF,RG,6125,35,D,CC,AK,F
14:36:00,INDF,RG,6100,47,F,ZP,YU,D
14:36:00,INDF,RG,6100,82,F,ZP,YU,D
14:35:36,INDF,RG,6100,7,F,ZP,YU,F
14:35:35,INDF,RG,6125,26,F,ZP,CC,F
14:35:30,INDF,RG,6100,4,F,ZP,AK,D
14:35:30,INDF,RG,6100,1,F,ZP,AK,D
14:35:30,INDF,RG,6100,2,D,KK,AK,D
14:35:30,INDF,RG,6100,1,D,PD,AK,D
14:35:30,INDF,RG,6100,2,D,TP,AK,D
14:35:30,INDF,RG,6100,1,D,PD,AK,D
14:35:30,INDF,RG,6100,38,F,RX,AK,D
14:34:02,INDF,RG,6100,2,F,RX,AK,F
14:34:01,INDF,RG,6125,24,F,ZP,CC,F
14:34:01,INDF,RG,6125,10,F,ZP,LG,D
14:34:01,INDF,RG,6125,7,F,ZP,LG,D
14:34:01,INDF,RG,6125,7,F,ZP,YU,F
14:34:01,INDF,RG,6125,8,F,ZP,CC,D
14:34:01,INDF,RG,6125,6,F,ZP,DP,F
14:34:01,INDF,RG,6125,10,F,ZP,YU,F
14:34:01,INDF,RG,6125,4,F,ZP,YP,D
14:34:01,INDF,RG,6100,25,F,RX,YU,F
14:34:00,INDF,RG,6100,2,F,RX,AK,F
14:34:00,INDF,RG,6100,78,F,RX,YU,D
14:34:00,INDF,RG,6100,3,D,PD,YU,D
14:34:00,INDF,RG,6100,1,D,XC,YU,D
14:34:00,INDF,RG,6100,15,D,YP,YU,D
14:34:00,INDF,RG,6100,1,D,NI,YU,D
14:34:00,INDF,RG,6100,17,F,CS,YU,D
14:34:00,INDF,RG,6100,3,D,GR,YU,D
14:34:00,INDF,RG,6100,24,D,NI,YU,D
14:33:35,INDF,RG,6100,2,D,NI,AK,F
14:33:34,INDF,RG,6100,32,D,NI,YU,F
14:33:34,INDF,RG,6125,96,F,ZP,YP,D
14:33:34,INDF,RG,6125,7,F,ZP,CS,D
14:33:34,INDF,RG,6100,2,D,NI,AK,F
14:33:34,INDF,RG,6100,40,D,NI,AK,F
14:33:34,INDF,RG,6100,11,F,ZP,AK,F
14:33:34,INDF,RG,6100,7,D,LG,AK,F
14:33:34,INDF,RG,6100,1,D,YP,AK,F
14:33:34,INDF,RG,6100,5,F,ZP,AK,F
14:33:34,INDF,RG,6100,8,F,AK,AK,F
14:33:33,INDF,RG,6100,111,F,AK,YU,F
14:33:32,INDF,RG,6100,8,F,AK,AK,F
14:33:32,INDF,RG,6100,53,F,AK,CS,D
14:33:32,INDF,RG,6100,4,F,CS,CS,D
14:33:32,INDF,RG,6100,5,D,PD,CS,D
14:33:32,INDF,RG,6100,1,D,KK,CS,D
14:33:32,INDF,RG,6100,50,D,NI,CS,D
14:33:32,INDF,RG,6100,2,D,KK,CS,D
14:33:32,INDF,RG,6100,6,D,PD,CS,D
14:33:32,INDF,RG,6100,40,F,ZP,CS,D
14:33:32,INDF,RG,6100,15,F,CS,CS,D
14:33:32,INDF,RG,6100,53,F,ZP,CS,D
14:33:32,INDF,RG,6100,5,D,YP,CS,D
14:33:32,INDF,RG,6100,17,D,XC,CS,D
14:33:32,INDF,RG,6100,2,D,PD,CS,D
14:33:32,INDF,RG,6100,15,D,EP,CS,D
14:33:32,INDF,RG,6100,10,F,ZP,CS,D
14:33:32,INDF,RG,6100,1,D,XL,CS,D
14:33:32,INDF,RG,6100,10,F,ZP,CS,D
14:33:32,INDF,RG,6100,165,D,PD,CS,D
14:33:32,INDF,RG,6100,1,F,AK,CS,D
14:33:32,INDF,RG,6100,85,F,ZP,CS,D
14:33:32,INDF,RG,6100,81,F,ZP,CS,D
14:32:50,INDF,RG,6125,1,D,PD,CS,D
14:32:49,INDF,RG,6100,1,F,ZP,PD,D
14:32:35,INDF,RG,6100,1,F,ZP,AK,F
14:32:35,INDF,RG,6100,2,F,ZP,YU,F
14:32:35,INDF,RG,6100,3,F,RX,YU,F
14:32:34,INDF,RG,6100,19,F,RX,LG,D
14:32:33,INDF,RG,6125,2,F,ZP,CS,D
14:32:05,INDF,RG,6125,6,F,AK,CS,D
14:32:01,INDF,RG,6100,22,F,RX,YU,F
14:32:01,INDF,RG,6100,2,F,RX,AK,F
14:32:00,INDF,RG,6100,118,F,RX,YU,D
14:31:58,INDF,RG,6100,7,F,RX,PD,D
14:30:52,INDF,RG,6100,10,F,RX,YU,F
14:30:51,INDF,RG,6100,52,F,RX,AK,F
14:30:19,INDF,RG,6100,11,F,RX,YU,F
14:30:18,INDF,RG,6100,67,F,RX,AK,D
14:30:02,INDF,RG,6100,16,F,RX,YU,F
14:30:00,INDF,RG,6100,57,F,RX,YU,D
14:30:00,INDF,RG,6100,2,F,CS,YU,D
14:30:00,INDF,RG,6100,20,D,KK,YU,D
14:30:00,INDF,RG,6100,1,D,CP,YU,D
14:30:00,INDF,RG,6100,7,F,ZP,YU,D
14:29:44,INDF,RG,6100,63,F,ZP,YU,F
14:29:44,INDF,RG,6100,50,D,YJ,YU,F
14:29:44,INDF,RG,6100,1,D,PD,YU,F
14:29:44,INDF,RG,6100,2,F,AK,YU,F
14:29:43,INDF,RG,6100,208,F,AK,CS,D
14:29:43,INDF,RG,6100,71,F,ZP,CS,D
14:29:43,INDF,RG,6100,200,D,CC,CS,D
14:29:43,INDF,RG,6100,13,F,CS,CS,D
14:29:43,INDF,RG,6100,12,D,DR,CS,D
14:29:43,INDF,RG,6100,42,F,ZP,CS,D
14:29:43,INDF,RG,6100,13,F,ZP,CS,D
14:29:43,INDF,RG,6100,7,D,LG,CS,D
14:29:43,INDF,RG,6100,83,D,YP,CS,D
14:29:09,INDF,RG,6100,2,D,YP,YP,D
14:29:04,INDF,RG,6100,7,D,YP,PD,D
14:28:01,INDF,RG,6100,23,D,YP,YU,F
14:28:00,INDF,RG,6100,85,D,YP,YU,D
14:28:00,INDF,RG,6100,2,D,PD,YU,D
14:28:00,INDF,RG,6100,21,F,ZP,YU,D
14:26:14,INDF,RG,6100,1,F,ZP,AK,F
14:26:13,INDF,RG,6100,20,F,ZP,AK,D
14:26:12,INDF,RG,6100,2,F,ZP,PD,D
14:26:09,INDF,RG,6125,1,D,KK,CS,D
14:26:08,INDF,RG,6125,1,D,PD,CS,D
14:26:02,INDF,RG,6100,1,F,ZP,AK,F
14:26:01,INDF,RG,6100,13,F,ZP,YU,F
14:26:00,INDF,RG,6100,26,F,ZP,YU,D
14:26:00,INDF,RG,6100,44,F,RX,YU,D
14:25:00,INDF,RG,6100,65,F,RX,YU,F
14:25:00,INDF,RG,6100,37,F,ZP,YU,F
14:25:00,INDF,RG,6100,25,D,NI,YU,F
14:24:59,INDF,RG,6100,175,D,NI,CS,D
14:24:59,INDF,RG,6100,20,D,CC,CS,D
14:24:59,INDF,RG,6100,5,D,PD,CS,D
14:24:59,INDF,RG,6100,1,D,SQ,CS,D
14:24:59,INDF,RG,6100,96,F,ZP,CS,D
14:24:59,INDF,RG,6100,1,D,DR,CS,D
14:24:59,INDF,RG,6100,1,D,NI,CS,D
14:24:59,INDF,RG,6100,151,F,ZP,CS,D
14:24:59,INDF,RG,6100,8,D,IF,CS,D
14:24:59,INDF,RG,6100,2,D,YP,CS,D
14:24:59,INDF,RG,6100,21,D,XL,CS,D
14:24:59,INDF,RG,6100,1,F,AK,CS,D
14:24:59,INDF,RG,6100,1,F,ZP,CS,D
14:24:59,INDF,RG,6100,180,F,ZP,CS,D
14:24:59,INDF,RG,6100,41,F,ZP,CS,D
14:24:59,INDF,RG,6100,1,D,YP,CS,D
14:24:59,INDF,RG,6100,1,D,KK,CS,D
14:24:59,INDF,RG,6100,2,D,DR,CS,D
14:24:59,INDF,RG,6100,1,D,PD,CS,D
14:24:59,INDF,RG,6100,7,D,YP,CS,D
14:24:17,INDF,RG,6125,2,F,ZP,CS,D
14:24:03,INDF,RG,6100,7,D,YP,YU,F
14:24:02,INDF,RG,6125,20,F,ZP,CS,D
14:24:02,INDF,RG,6125,17,F,ZP,DP,F
14:24:02,INDF,RG,6125,10,F,ZP,XC,D
14:24:02,INDF,RG,6125,5,F,ZP,YU,F
14:24:02,INDF,RG,6125,2,F,ZP,YU,F
14:24:01,INDF,RG,6100,8,D,YP,YU,F
14:24:01,INDF,RG,6100,3,D,YP,AK,D
14:24:01,INDF,RG,6100,5,D,PD,AK,D
14:24:01,INDF,RG,6100,5,D,KK,AK,D
14:24:01,INDF,RG,6100,5,D,YP,AK,D
14:24:01,INDF,RG,6100,1,F,ZP,AK,D
14:24:01,INDF,RG,6100,1,D,DH,AK,D
14:24:01,INDF,RG,6100,1,D,PD,AK,D
14:24:00,INDF,RG,6100,1,D,PD,YU,D
14:24:00,INDF,RG,6100,1,D,YP,YU,D
14:24:00,INDF,RG,6100,15,D,AG,YU,D
14:24:00,INDF,RG,6100,2,F,ZP,YU,D
14:24:00,INDF,RG,6100,13,D,CC,YU,D
14:24:00,INDF,RG,6100,1,D,XC,YU,D
14:24:00,INDF,RG,6100,1,D,GR,YU,D
14:24:00,INDF,RG,6100,14,D,XC,YU,D
14:23:50,INDF,RG,6100,2,D,XC,YU,F
14:23:50,INDF,RG,6100,3,D,YP,YU,F
14:23:49,INDF,RG,6125,20,D,KK,YU,F
14:23:40,INDF,RG,6125,5,D,YP,YU,F
14:23:28,INDF,RG,6125,1,F,ZP,YU,F
14:23:28,INDF,RG,6125,1,D,XL,YU,F
14:23:13,INDF,RG,6100,22,D,YP,YU,F
14:23:13,INDF,RG,6100,1,D,LG,YU,F
14:23:12,INDF,RG,6125,127,F,ZP,YU,F
14:23:12,INDF,RG,6100,28,F,CS,YU,F
14:23:11,INDF,RG,6125,44,F,AK,YU,F
14:23:11,INDF,RG,6125,10,F,AK,CS,D
14:23:11,INDF,RG,6125,34,F,AK,AK,F
14:23:11,INDF,RG,6125,1,F,AK,AK,F
14:23:11,INDF,RG,6125,1,F,AK,CC,D
14:23:11,INDF,RG,6125,100,F,AK,YU,F
14:23:11,INDF,RG,6125,7,F,AK,AK,F
14:23:11,INDF,RG,6125,2,F,AK,CS,D
14:23:11,INDF,RG,6125,10,F,AK,CS,D
14:23:11,INDF,RG,6125,1,F,AK,CS,D
14:23:11,INDF,RG,6125,13,F,AK,DP,F
14:23:11,INDF,RG,6125,16,F,AK,YU,F
14:23:11,INDF,RG,6125,22,F,AK,CS,D
14:22:44,INDF,RG,6125,1,D,PD,CS,D
14:22:41,INDF,RG,6125,2,F,ZP,CS,D
14:22:31,INDF,RG,6125,2,D,XC,AK,F
14:22:01,INDF,RG,6100,16,F,CS,YU,F
14:22:00,INDF,RG,6100,1,F,CS,AK,F
14:22:00,INDF,RG,6100,68,F,CS,YU,D
14:21:49,INDF,RG,6125,1,F,ZP,AK,F
14:21:29,INDF,RG,6100,19,F,CS,LG,D
14:21:27,INDF,RG,6100,1,F,CS,AK,F
14:21:27,INDF,RG,6100,11,F,CS,YU,F
14:21:26,INDF,RG,6125,5,F,ZP,AK,F
14:21:26,INDF,RG,6125,14,F,ZP,AK,D
14:21:26,INDF,RG,6125,22,F,ZP,CS,D
14:21:17,INDF,RG,6125,4,D,YP,CS,D
14:21:17,INDF,RG,6125,1,D,YP,YP,D
14:21:03,INDF,RG,6125,1,F,ZP,YP,D
14:20:20,INDF,RG,6125,17,D,PD,CC,F
14:20:18,INDF,RG,6125,1,F,ZP,CC,F
14:20:01,INDF,RG,6100,1,F,CS,AK,F
14:20:01,INDF,RG,6100,13,F,CS,YU,F
14:20:00,INDF,RG,6100,62,F,CS,YU,D
14:19:00,INDF,RG,6100,10,F,CS,BK,F
14:18:58,INDF,RG,6100,11,F,CS,YU,F
14:18:58,INDF,RG,6125,44,F,ZP,CC,F
14:18:56,INDF,RG,6100,10,F,CS,BK,F
14:18:54,INDF,RG,6100,10,F,CS,YP,D
14:18:11,INDF,RG,6100,6,F,CS,YU,F
14:18:11,INDF,RG,6100,11,F,CS,BK,F
14:18:11,INDF,RG,6125,1,D,PD,CC,F
14:18:05,INDF,RG,6100,14,F,CS,BK,F
14:18:05,INDF,RG,6100,5,D,YP,BK,F
14:18:02,INDF,RG,6100,1,D,XL,YU,F
14:18:02,INDF,RG,6100,9,D,GR,YU,F
14:18:02,INDF,RG,6100,1,D,GR,BK,F
14:18:02,INDF,RG,6100,1,D,PD,BK,F
14:18:02,INDF,RG,6100,50,D,SQ,BK,F
14:18:02,INDF,RG,6100,5,D,PD,BK,F
14:18:01,INDF,RG,6100,10,D,KK,YU,F
14:18:01,INDF,RG,6125,54,F,ZP,CC,F
14:18:01,INDF,RG,6125,1,F,ZP,CS,D
14:18:01,INDF,RG,6125,2,F,ZP,DP,F
14:18:00,INDF,RG,6100,10,D,KK,YU,F
14:18:00,INDF,RG,6100,1,D,OD,YU,F
14:18:00,INDF,RG,6100,3,D,CC,YU,F
14:18:00,INDF,RG,6100,2,D,KK,YU,F
14:18:00,INDF,RG,6100,10,D,SQ,YU,F
14:18:00,INDF,RG,6100,4,D,PD,YU,F
14:18:00,INDF,RG,6100,1,D,YP,YU,D
14:18:00,INDF,RG,6100,100,D,YP,YU,D
14:18:00,INDF,RG,6100,1,D,PD,YU,D
14:18:00,INDF,RG,6100,16,D,XC,YU,D
14:18:00,INDF,RG,6100,2,D,CC,YU,D
14:18:00,INDF,RG,6100,2,D,PD,YU,D
14:18:00,INDF,RG,6100,2,F,AK,YU,D
14:18:00,INDF,RG,6100,4,F,XA,YU,D
14:18:00,INDF,RG,6100,5,D,YU,YU,D
14:18:00,INDF,RG,6100,2,D,GR,YU,D
14:18:00,INDF,RG,6100,1,D,YJ,YU,D
14:18:00,INDF,RG,6100,5,D,CC,YU,D
14:18:00,INDF,RG,6100,1,D,NI,YU,D
14:18:00,INDF,RG,6100,1,D,PD,YU,D
14:18:00,INDF,RG,6100,18,F,ZP,YU,D
14:17:35,INDF,RG,6100,4,F,ZP,CS,D
14:17:35,INDF,RG,6125,4,F,CS,YU,F
14:17:34,INDF,RG,6125,1,F,ZP,CS,D
14:17:34,INDF,RG,6125,3,D,SQ,CS,D
14:17:33,INDF,RG,6125,7,D,SQ,BK,F
14:17:33,INDF,RG,6125,4,F,RX,BK,F
14:17:29,INDF,RG,6125,11,F,RX,CS,D
14:17:29,INDF,RG,6125,4,F,ZP,CS,D
14:17:20,INDF,RG,6125,5,F,ZP,YU,F
14:17:20,INDF,RG,6125,17,F,ZP,CS,D
14:17:15,INDF,RG,6125,11,F,ZP,BK,F
14:17:13,INDF,RG,6125,1,F,ZP,YP,D
14:17:10,INDF,RG,6125,13,F,ZP,YU,F
14:17:10,INDF,RG,6125,1,F,ZP,YU,F
14:17:10,INDF,RG,6125,1,D,YP,BK,F
14:17:10,INDF,RG,6125,7,F,CS,BK,F
14:17:10,INDF,RG,6125,1,D,YP,BK,F
14:17:10,INDF,RG,6125,7,D,LG,BK,F
14:17:10,INDF,RG,6125,1,F,ZP,BK,F
14:17:10,INDF,RG,6125,2,F,ZP,BK,F
14:17:09,INDF,RG,6125,36,F,ZP,CS,D
14:17:06,INDF,RG,6125,10,F,ZP,CC,D
14:17:05,INDF,RG,6125,15,F,ZP,DP,F
14:16:56,INDF,RG,6125,11,F,ZP,YU,F
14:16:56,INDF,RG,6125,4,F,ZP,YU,F
14:16:54,INDF,RG,6125,10,F,ZP,BK,F
14:16:51,INDF,RG,6125,8,F,ZP,BK,F
14:16:51,INDF,RG,6125,2,F,ZP,BK,F
14:16:51,INDF,RG,6125,1,F,RX,BK,F
14:16:50,INDF,RG,6125,10,F,RX,LG,D
14:16:48,INDF,RG,6125,54,F,RX,CS,D
14:16:47,INDF,RG,6125,28,F,RX,YU,F
14:16:35,INDF,RG,6150,3,F,AK,SQ,D
14:16:35,INDF,RG,6150,3,F,AK,CP,D
14:16:15,INDF,RG,6125,61,F,RX,CS,D
14:16:11,INDF,RG,6125,45,F,RX,AK,F
14:16:00,INDF,RG,6125,47,F,RX,YU,D
14:15:39,INDF,RG,6125,9,F,RX,YU,F
14:15:38,INDF,RG,6150,47,F,RX,CP,D
14:15:38,INDF,RG,6150,16,F,RX,AK,D
14:15:38,INDF,RG,6125,21,F,RX,YU,F
14:15:37,INDF,RG,6125,1,F,RX,CS,D
14:15:37,INDF,RG,6125,1,D,PD,CS,D
14:15:37,INDF,RG,6125,8,F,ZP,CS,D
14:15:37,INDF,RG,6125,13,F,ZP,CS,D
14:15:37,INDF,RG,6125,119,F,ZP,CS,D
14:14:57,INDF,RG,6150,9,F,ZP,AK,F
14:14:16,INDF,RG,6125,5,F,ZP,YU,F
14:14:16,INDF,RG,6125,10,F,ZP,YP,D
14:14:04,INDF,RG,6100,1,F,ZP,CS,D
14:14:03,INDF,RG,6125,6,F,CS,CS,D
14:14:03,INDF,RG,6125,4,F,CS,CS,D
14:14:03,INDF,RG,6125,6,F,ZP,CS,D
14:14:03,INDF,RG,6125,11,F,ZP,CS,D
14:14:03,INDF,RG,6125,4,F,ZP,YU,F
14:14:03,INDF,RG,6125,3,F,ZP,YU,F
14:14:02,INDF,RG,6125,36,F,ZP,CC,F
14:14:02,INDF,RG,6125,13,F,ZP,YU,F
14:14:02,INDF,RG,6125,4,F,ZP,CS,D
14:14:02,INDF,RG,6125,4,F,ZP,CS,D
14:14:02,INDF,RG,6125,4,F,ZP,CS,D
14:14:02,INDF,RG,6125,4,F,ZP,CS,D
14:14:02,INDF,RG,6125,4,F,ZP,AK,F
14:14:02,INDF,RG,6125,1,F,ZP,AK,F
14:14:02,INDF,RG,6125,4,F,ZP,CS,D
14:14:01,INDF,RG,6125,21,F,ZP,YU,F
14:14:01,INDF,RG,6125,1,F,CS,YU,F
14:14:01,INDF,RG,6125,3,F,CS,YU,F
14:14:01,INDF,RG,6125,2,F,CS,AK,F
14:14:01,INDF,RG,6100,34,F,ZP,CS,D
14:14:01,INDF,RG,6100,10,D,YP,CS,D
14:14:01,INDF,RG,6125,6,F,CS,CS,D
14:14:01,INDF,RG,6125,24,D,YP,CS,D
14:14:01,INDF,RG,6125,12,D,YP,DP,F
14:14:01,INDF,RG,6125,8,D,YP,CS,D
14:14:00,INDF,RG,6125,10,D,YP,YU,F
14:14:00,INDF,RG,6125,22,D,YP,CS,D
14:14:00,INDF,RG,6125,10,D,YP,NI,D
14:14:00,INDF,RG,6125,21,D,YP,CS,D
14:14:00,INDF,RG,6125,38,D,YP,CS,D
14:14:00,INDF,RG,6125,7,D,YP,YU,F
14:14:00,INDF,RG,6125,36,D,YP,CS,D
14:14:00,INDF,RG,6125,4,D,YP,CS,D
14:14:00,INDF,RG,6125,22,D,YP,DH,D
14:14:00,INDF,RG,6125,1,D,YP,AK,F
14:14:00,INDF,RG,6125,8,D,YP,DP,F
14:14:00,INDF,RG,6125,30,D,YP,CS,D
14:14:00,INDF,RG,6125,3,D,YP,YU,F
14:14:00,INDF,RG,6125,1,D,YP,AK,F
14:14:00,INDF,RG,6125,9,D,YP,AK,F
14:14:00,INDF,RG,6125,16,D,YP,AK,D
14:14:00,INDF,RG,6125,18,D,YP,CC,F
14:14:00,INDF,RG,6100,74,D,YP,YU,D
14:13:45,INDF,RG,6125,4,D,YP,CC,F
14:13:32,INDF,RG,6125,3,D,PD,CC,F
14:12:27,INDF,RG,6125,4,D,CC,CC,F
14:12:24,INDF,RG,6125,5,D,PD,CC,F
14:12:01,INDF,RG,6125,13,F,ZP,CC,F
14:12:01,INDF,RG,6125,1,F,ZP,YP,D
14:12:01,INDF,RG,6125,1,F,ZP,YP,D
14:12:01,INDF,RG,6125,6,F,ZP,YU,F
14:12:01,INDF,RG,6125,10,F,ZP,DP,F
14:12:01,INDF,RG,6125,13,F,ZP,CS,D
14:12:01,INDF,RG,6100,7,D,YP,YU,F
14:12:00,INDF,RG,6100,9,D,YP,AK,D
14:12:00,INDF,RG,6100,1,D,NI,AK,D
14:12:00,INDF,RG,6100,7,D,XC,AK,D
14:12:00,INDF,RG,6100,15,D,PD,AK,D
14:12:00,INDF,RG,6100,1,F,ZP,AK,D
14:12:00,INDF,RG,6100,10,D,YP,AK,D
14:11:14,INDF,RG,6125,5,D,PD,CS,D
14:11:12,INDF,RG,6125,3,D,XL,CS,D
14:11:01,INDF,RG,6100,8,D,YP,YU,F
14:11:00,INDF,RG,6100,2,D,YP,YU,D
14:11:00,INDF,RG,6100,15,D,YP,YU,D
14:11:00,INDF,RG,6100,3,D,YP,YU,D
14:11:00,INDF,RG,6100,3,D,YP,YU,D
14:11:00,INDF,RG,6100,1,D,YP,YU,D
14:11:00,INDF,RG,6100,10,D,XC,YU,D
14:11:00,INDF,RG,6100,1,D,XL,YU,D
14:11:00,INDF,RG,6100,2,D,DR,YU,D
14:11:00,INDF,RG,6100,2,D,PD,YU,D
14:11:00,INDF,RG,6100,1,D,DH,YU,D
14:11:00,INDF,RG,6100,3,D,PD,YU,D
14:11:00,INDF,RG,6100,15,D,EP,YU,D
14:10:49,INDF,RG,6100,7,D,EP,YU,F
14:10:48,INDF,RG,6125,56,F,ZP,CC,F
14:10:39,INDF,RG,6100,8,D,EP,YU,F
14:10:39,INDF,RG,6100,10,D,AZ,YU,F
14:10:38,INDF,RG,6125,98,F,ZP,CC,F
14:10:38,INDF,RG,6125,7,F,ZP,AK,F
14:10:38,INDF,RG,6125,25,F,ZP,AK,F
14:10:37,INDF,RG,6100,20,D,AZ,YU,F
14:10:37,INDF,RG,6100,8,D,EP,YU,F
14:10:37,INDF,RG,6100,2,D,PD,YU,F
14:10:37,INDF,RG,6100,2,D,DH,YU,F
14:10:37,INDF,RG,6100,10,D,YP,YU,F
14:10:37,INDF,RG,6100,23,D,GR,YU,F
14:10:36,INDF,RG,6100,27,D,GR,CS,D
14:10:36,INDF,RG,6100,1,D,DH,CS,D
14:10:36,INDF,RG,6100,100,D,CC,CS,D
14:10:36,INDF,RG,6100,10,D,KK,CS,D
14:10:36,INDF,RG,6100,2,D,PD,CS,D
14:10:36,INDF,RG,6100,1,D,NI,CS,D
14:10:36,INDF,RG,6100,11,D,DH,CS,D
14:10:36,INDF,RG,6100,2,D,KK,CS,D
14:10:36,INDF,RG,6100,5,D,DR,CS,D
14:10:36,INDF,RG,6100,2,D,PD,CS,D
14:10:36,INDF,RG,6100,1,D,DR,CS,D
14:10:36,INDF,RG,6100,1,D,PD,CS,D
14:10:36,INDF,RG,6100,10,D,YP,CS,D
14:10:36,INDF,RG,6100,1,D,YP,CS,D
14:10:36,INDF,RG,6100,1,D,PD,CS,D
14:10:36,INDF,RG,6100,1,D,YP,CS,D
14:10:36,INDF,RG,6100,8,D,CC,CS,D
14:10:36,INDF,RG,6100,10,D,PD,CS,D
14:10:36,INDF,RG,6100,2,D,PD,CS,D
14:10:36,INDF,RG,6100,1,D,YP,CS,D
14:10:36,INDF,RG,6100,6,D,YP,CS,D
14:10:36,INDF,RG,6100,10,D,DR,CS,D
14:10:36,INDF,RG,6100,10,D,PD,CS,D
14:10:36,INDF,RG,6100,2,D,NI,CS,D
14:10:36,INDF,RG,6100,1,D,YU,CS,D
14:10:36,INDF,RG,6100,1,D,YP,CS,D
14:10:36,INDF,RG,6100,3,D,CC,CS,D
14:10:36,INDF,RG,6100,1,D,YP,CS,D
14:10:36,INDF,RG,6100,1,D,YP,CS,D
14:10:36,INDF,RG,6100,25,D,XL,CS,D
14:10:36,INDF,RG,6100,1,D,SQ,CS,D
14:10:36,INDF,RG,6100,1,D,PD,CS,D
14:10:36,INDF,RG,6100,2,D,OD,CS,D
14:10:36,INDF,RG,6100,25,D,YP,CS,D
14:10:36,INDF,RG,6100,10,D,KK,CS,D
14:10:36,INDF,RG,6100,10,D,SQ,CS,D
14:10:36,INDF,RG,6100,4,D,XL,CS,D
14:10:36,INDF,RG,6100,1,D,YP,CS,D
14:10:36,INDF,RG,6100,1,D,PD,CS,D
14:10:36,INDF,RG,6100,5,D,CP,CS,D
14:10:36,INDF,RG,6100,1,D,DH,CS,D
14:10:36,INDF,RG,6100,1,D,CC,CS,D
14:10:36,INDF,RG,6100,37,D,TP,CS,D
14:10:36,INDF,RG,6100,5,D,TP,CS,D
14:10:36,INDF,RG,6100,8,D,TP,CS,D
14:10:36,INDF,RG,6100,5,D,YP,CS,D
14:10:36,INDF,RG,6100,3,D,PD,CS,D
14:10:36,INDF,RG,6100,5,D,YP,CS,D
14:10:36,INDF,RG,6100,2,D,PD,CS,D
14:10:36,INDF,RG,6100,1,D,DR,CS,D
14:10:36,INDF,RG,6100,1,D,YP,CS,D
14:10:36,INDF,RG,6100,10,D,XC,CS,D
14:10:36,INDF,RG,6100,1,D,NI,CS,D
14:10:36,INDF,RG,6100,1,D,XC,CS,D
14:10:36,INDF,RG,6100,4,D,XC,CS,D
14:10:36,INDF,RG,6100,1,D,CC,CS,D
14:10:36,INDF,RG,6100,15,D,XL,CS,D
14:10:36,INDF,RG,6100,8,D,YP,CS,D
14:10:36,INDF,RG,6100,33,D,YP,CS,D
14:10:24,INDF,RG,6125,6,D,YP,AK,F
14:10:17,INDF,RG,6125,3,D,YP,DX,F
14:10:09,INDF,RG,6125,1,D,YP,DX,F
14:09:57,INDF,RG,6125,5,D,YP,DX,F
14:09:45,INDF,RG,6100,9,D,YP,YU,F
14:09:44,INDF,RG,6125,12,F,ZP,DX,F
14:09:44,INDF,RG,6125,10,F,ZP,DX,F
14:09:44,INDF,RG,6125,9,F,ZP,DX,F
14:09:44,INDF,RG,6125,8,F,ZP,DX,F
14:09:44,INDF,RG,6125,20,F,ZP,AK,F
14:09:44,INDF,RG,6125,2,F,ZP,AK,D
14:09:41,INDF,RG,6125,5,D,YP,AK,D
14:09:01,INDF,RG,6100,5,D,CC,YU,F
14:09:00,INDF,RG,6100,65,D,CC,YU,D
14:08:18,INDF,RG,6100,30,D,CC,AK,D
14:08:18,INDF,RG,6100,2,D,NI,AK,D
14:07:35,INDF,RG,6125,3,D,PD,AK,D
14:06:54,INDF,RG,6125,2,D,CC,AK,D
14:06:43,INDF,RG,6125,10,D,GR,YU,F
14:06:43,INDF,RG,6125,7,D,GR,CS,D
14:06:43,INDF,RG,6125,3,D,GR,AK,F
14:06:43,INDF,RG,6100,3,D,NI,YU,F
14:06:43,INDF,RG,6100,1,D,PD,YU,F
14:06:43,INDF,RG,6100,1,D,CC,YU,F
14:06:41,INDF,RG,6100,1,D,XL,LG,D
14:06:41,INDF,RG,6100,1,D,KK,LG,D
14:06:41,INDF,RG,6100,1,D,XC,LG,D
14:06:41,INDF,RG,6100,5,D,PD,LG,D
14:06:41,INDF,RG,6100,10,D,YP,LG,D
14:06:41,INDF,RG,6100,1,D,KK,LG,D
14:06:35,INDF,RG,6100,2,D,XC,BK,F
14:06:35,INDF,RG,6100,2,D,YP,BK,F
14:06:35,INDF,RG,6100,2,D,YP,BK,F
14:06:35,INDF,RG,6100,1,D,XC,BK,F
14:06:35,INDF,RG,6100,5,D,NI,BK,F
14:06:35,INDF,RG,6100,1,D,PD,BK,F
14:06:35,INDF,RG,6100,4,D,EP,BK,F
14:06:33,INDF,RG,6100,1,D,EP,YU,F
14:06:33,INDF,RG,6100,1,D,PD,YU,F
14:06:33,INDF,RG,6100,7,D,GR,YU,F
14:06:31,INDF,RG,6125,24,F,ZP,AK,F
14:06:31,INDF,RG,6125,43,F,ZP,CS,D
14:06:29,INDF,RG,6100,5,D,GR,YU,F
14:06:28,INDF,RG,6100,10,D,GR,PD,D
14:06:09,INDF,RG,6125,3,D,YP,CS,D
14:06:06,INDF,RG,6100,20,D,GR,BK,F
14:06:00,INDF,RG,6100,8,D,GR,YU,F
14:06:00,INDF,RG,6100,2,D,CP,YU,F
14:06:00,INDF,RG,6100,3,D,CP,YU,D
14:06:00,INDF,RG,6100,25,D,KK,YU,D
14:06:00,INDF,RG,6100,5,D,YP,YU,D
14:06:00,INDF,RG,6100,12,D,YJ,YU,D
14:05:27,INDF,RG,6100,17,D,YJ,BK,F
14:05:22,INDF,RG,6100,17,D,YJ,BK,F
14:05:20,INDF,RG,6100,6,D,YJ,YU,F
14:05:20,INDF,RG,6100,42,D,YJ,BK,F
14:05:19,INDF,RG,6100,26,D,YJ,YU,F
14:05:19,INDF,RG,6125,88,F,ZP,CS,D
14:05:18,INDF,RG,6125,83,F,ZP,CS,D
14:05:16,INDF,RG,6100,19,D,YJ,BK,F
14:05:12,INDF,RG,6100,10,D,YJ,YU,F
14:05:12,INDF,RG,6100,1,D,YJ,BK,F
14:05:12,INDF,RG,6100,8,D,OD,BK,F
14:05:12,INDF,RG,6100,10,D,YP,BK,F
14:05:12,INDF,RG,6100,5,D,SQ,BK,F
14:05:12,INDF,RG,6100,9,D,YP,BK,F
14:05:12,INDF,RG,6100,1,D,YP,BK,F
14:05:12,INDF,RG,6100,10,D,GR,BK,F
14:05:12,INDF,RG,6100,2,D,GR,BK,F
14:05:12,INDF,RG,6100,1,D,GR,BK,F
14:05:12,INDF,RG,6100,24,D,CC,BK,F
14:05:09,INDF,RG,6100,1,D,CC,YU,F
14:05:09,INDF,RG,6100,5,D,ZP,YU,F
14:05:09,INDF,RG,6100,3,D,CC,YU,F
14:05:09,INDF,RG,6100,1,D,PD,YU,F
14:05:09,INDF,RG,6100,1,D,XL,YU,F
14:05:09,INDF,RG,6100,1,D,PD,YU,F
14:05:09,INDF,RG,6100,5,D,PD,YU,F
14:05:09,INDF,RG,6100,1,D,PD,YU,F
14:05:09,INDF,RG,6100,1,D,PD,YU,F
14:05:09,INDF,RG,6100,1,D,XL,YU,F
14:05:09,INDF,RG,6100,1,D,KK,YU,F
14:05:09,INDF,RG,6100,5,D,PD,YU,F
14:05:09,INDF,RG,6100,15,D,CP,YU,F
14:05:09,INDF,RG,6100,5,D,CP,PD,D
14:05:08,INDF,RG,6125,1,F,CS,CS,D
14:05:08,INDF,RG,6125,68,F,ZP,CS,D
14:05:08,INDF,RG,6125,61,F,RX,CS,D
14:05:08,INDF,RG,6125,11,F,CS,CS,D
14:05:08,INDF,RG,6125,50,D,YP,CS,D
14:05:08,INDF,RG,6125,3,F,ZP,CS,D
14:05:08,INDF,RG,6125,4,F,AK,CS,D
14:05:08,INDF,RG,6125,9,D,XC,CS,D
14:05:08,INDF,RG,6125,12,D,CC,CS,D
14:05:08,INDF,RG,6125,1,D,CC,CS,D
14:05:08,INDF,RG,6125,54,F,ZP,CS,D
14:05:08,INDF,RG,6125,4,F,ZP,CS,D
14:05:08,INDF,RG,6125,5,F,ZP,CS,D
14:04:45,INDF,RG,6125,15,F,ZP,AK,D
14:04:34,INDF,RG,6125,7,F,ZP,YU,F
14:04:34,INDF,RG,6150,20,D,NI,CC,F
14:04:29,INDF,RG,6125,20,F,ZP,BK,F
14:04:24,INDF,RG,6125,15,F,ZP,BK,F
14:04:22,INDF,RG,6125,14,F,ZP,YU,F
14:04:21,INDF,RG,6125,4,F,ZP,CS,D
14:04:21,INDF,RG,6125,3,D,PD,CS,D
14:04:21,INDF,RG,6125,5,F,CS,CS,D
14:04:21,INDF,RG,6125,64,F,ZP,CS,D
14:04:06,INDF,RG,6125,11,F,ZP,BK,F
14:04:03,INDF,RG,6125,14,F,ZP,BK,F
14:04:01,INDF,RG,6125,14,F,ZP,YU,F
14:04:00,INDF,RG,6125,76,F,ZP,YU,D
14:03:27,INDF,RG,6125,22,F,ZP,BK,F
14:03:22,INDF,RG,6125,6,F,ZP,YU,F
14:03:22,INDF,RG,6125,10,F,ZP,BK,F
14:03:22,INDF,RG,6125,14,F,ZP,BK,F
14:03:22,INDF,RG,6125,10,F,ZP,BK,F
14:03:22,INDF,RG,6125,10,F,ZP,BK,F
14:03:20,INDF,RG,6125,21,F,ZP,YU,F
14:03:19,INDF,RG,6125,53,F,ZP,DP,F
14:03:19,INDF,RG,6125,68,F,CS,DP,F
14:03:19,INDF,RG,6125,33,F,CS,BK,F
14:03:19,INDF,RG,6125,20,F,CS,YU,F
14:03:19,INDF,RG,6125,150,F,CS,CS,D
14:03:15,INDF,RG,6125,5,F,CS,YU,F
14:03:15,INDF,RG,6125,13,F,CS,AK,D
14:03:02,INDF,RG,6125,23,F,CS,XC,D
14:02:47,INDF,RG,6125,5,F,CS,YU,F
14:02:47,INDF,RG,6125,5,F,CS,PD,D
14:02:23,INDF,RG,6125,19,F,CS,BK,F
14:02:20,INDF,RG,6125,12,F,ZP,BK,F
14:02:19,INDF,RG,6125,6,F,ZP,YU,F
14:02:18,INDF,RG,6125,47,F,ZP,BK,F
14:02:17,INDF,RG,6125,28,F,ZP,YU,F
14:02:16,INDF,RG,6125,8,F,ZP,KK,D
14:02:16,INDF,RG,6125,14,D,LG,KK,D
14:02:16,INDF,RG,6125,12,F,CS,KK,D
14:02:16,INDF,RG,6125,1,F,AK,KK,D
14:02:16,INDF,RG,6125,1,D,YJ,KK,D
14:02:16,INDF,RG,6125,100,D,OD,KK,D
14:02:16,INDF,RG,6125,64,F,ZP,KK,D
14:01:48,INDF,RG,6125,5,F,ZP,YU,F
14:01:47,INDF,RG,6125,10,F,ZP,LG,D
14:01:24,INDF,RG,6125,11,F,ZP,BK,F
14:01:20,INDF,RG,6125,17,F,ZP,BK,F
14:01:20,INDF,RG,6125,2,F,RX,BK,F
14:01:19,INDF,RG,6125,8,F,RX,YU,F
14:01:18,INDF,RG,6125,58,F,RX,BK,F
14:01:16,INDF,RG,6125,38,F,RX,YU,F
14:01:14,INDF,RG,6125,204,F,RX,CS,D
14:01:14,INDF,RG,6125,52,F,ZP,CS,D
14:01:08,INDF,RG,6125,14,F,ZP,BK,F
14:01:05,INDF,RG,6125,13,F,ZP,BK,F
14:01:01,INDF,RG,6125,17,F,ZP,YU,F
14:01:00,INDF,RG,6125,72,F,ZP,YU,D
14:01:00,INDF,RG,6125,8,F,ZP,AK,D
14:01:00,INDF,RG,6125,1,D,PD,AK,D
14:01:00,INDF,RG,6125,9,F,CS,AK,D
14:01:00,INDF,RG,6125,1,F,ZP,AK,D
14:00:40,INDF,RG,6125,18,F,ZP,BK,F
14:00:36,INDF,RG,6125,14,F,ZP,BK,F
14:00:34,INDF,RG,6150,1,D,XC,CC,F
14:00:32,INDF,RG,6125,5,F,ZP,YU,F
14:00:31,INDF,RG,6125,32,F,ZP,BK,F
14:00:31,INDF,RG,6125,23,F,ZP,YU,F
14:00:30,INDF,RG,6125,156,F,ZP,YP,D
13:59:01,INDF,RG,6125,16,F,ZP,BK,F
13:59:01,INDF,RG,6125,9,F,ZP,YU,F
13:59:00,INDF,RG,6125,63,F,ZP,YU,D
13:58:31,INDF,RG,6125,6,F,ZP,YU,F
13:58:30,INDF,RG,6125,6,F,ZP,AK,D
13:58:30,INDF,RG,6125,2,D,AT,AK,D
13:58:30,INDF,RG,6125,3,F,ZP,AK,D
13:58:30,INDF,RG,6125,1,D,NI,AK,D
13:58:30,INDF,RG,6125,7,F,CS,AK,D
13:58:30,INDF,RG,6125,1,D,YP,AK,D
13:58:15,INDF,RG,6125,5,D,XA,CC,D
13:57:48,INDF,RG,6125,5,D,XA,BK,F
13:57:48,INDF,RG,6125,9,F,CS,BK,F
13:57:48,INDF,RG,6125,4,F,ZP,BK,F
13:57:48,INDF,RG,6125,1,F,ZP,BK,F
13:57:45,INDF,RG,6125,5,F,ZP,YU,F
13:57:30,INDF,RG,6125,2,F,ZP,XL,D
13:57:28,INDF,RG,6125,10,F,ZP,BK,F
13:57:26,INDF,RG,6125,2,F,ZP,PD,D
13:57:26,INDF,RG,6125,3,D,EP,PD,D
13:57:22,INDF,RG,6125,22,D,EP,BK,F
13:57:22,INDF,RG,6125,1,D,PD,BK,F
13:57:22,INDF,RG,6125,1,F,RX,BK,F
13:57:20,INDF,RG,6125,58,F,RX,YU,F
13:57:20,INDF,RG,6125,49,F,RX,BK,F
13:57:15,INDF,RG,6125,31,F,RX,CS,D
13:57:15,INDF,RG,6125,88,F,RX,CS,D
13:57:15,INDF,RG,6125,7,F,CS,CS,D
13:57:15,INDF,RG,6125,12,F,ZP,CS,D
13:57:15,INDF,RG,6125,90,F,ZP,CS,D
13:57:15,INDF,RG,6125,3,F,ZP,CS,D
13:57:15,INDF,RG,6125,2,D,XC,CS,D
13:57:15,INDF,RG,6125,14,D,LG,CS,D
13:57:15,INDF,RG,6125,10,D,GR,CS,D
13:57:05,INDF,RG,6125,15,D,GR,BK,F
13:57:02,INDF,RG,6125,12,D,YP,BK,F
13:57:00,INDF,RG,6125,13,D,YP,YU,D
13:57:00,INDF,RG,6125,20,D,OD,YU,D
13:57:00,INDF,RG,6125,2,D,PD,YU,D
13:57:00,INDF,RG,6125,10,D,IF,YU,D
13:57:00,INDF,RG,6125,28,D,XC,YU,D
13:57:00,INDF,RG,6125,2,D,GR,YU,D
13:57:00,INDF,RG,6125,10,D,KK,YU,D
13:57:00,INDF,RG,6125,1,F,AK,YU,D
13:57:00,INDF,RG,6125,2,D,YP,YU,D
13:56:54,INDF,RG,6150,3,F,ZP,CC,F
13:56:22,INDF,RG,6150,1,D,YP,CC,F
13:55:29,INDF,RG,6125,5,D,YP,YU,F
13:55:28,INDF,RG,6150,2,F,ZP,CC,F
13:55:06,INDF,RG,6125,18,D,YP,BK,F
13:55:06,INDF,RG,6125,1,D,XL,BK,F
13:55:03,INDF,RG,6125,1,D,XL,BK,F
13:55:03,INDF,RG,6125,2,F,AK,BK,F
13:55:03,INDF,RG,6125,10,D,PD,BK,F
13:55:03,INDF,RG,6125,1,D,YP,BK,F
13:55:03,INDF,RG,6125,2,D,YP,BK,F
13:55:03,INDF,RG,6125,5,D,NI,BK,F
13:55:01,INDF,RG,6125,10,D,NI,YU,F
13:55:00,INDF,RG,6125,15,D,NI,YU,D
13:55:00,INDF,RG,6125,2,D,GR,YU,D
13:55:00,INDF,RG,6125,1,D,PD,YU,D
13:55:00,INDF,RG,6125,1,D,PD,YU,D
13:55:00,INDF,RG,6125,1,D,KK,YU,D
13:55:00,INDF,RG,6125,1,D,PD,YU,D
13:55:00,INDF,RG,6125,2,D,PD,YU,D
13:55:00,INDF,RG,6125,2,D,YP,YU,D
13:55:00,INDF,RG,6125,1,D,PD,YU,D
13:55:00,INDF,RG,6125,1,D,YP,YU,D
13:55:00,INDF,RG,6125,1,D,PD,YU,D
13:55:00,INDF,RG,6125,1,D,PD,YU,D
13:55:00,INDF,RG,6125,8,D,YP,YU,D
13:55:00,INDF,RG,6125,1,D,NI,YU,D
13:55:00,INDF,RG,6125,2,D,PD,YU,D
13:55:00,INDF,RG,6125,25,D,GR,YU,D
13:55:00,INDF,RG,6125,4,D,DH,YU,D
13:55:00,INDF,RG,6125,7,D,DH,AK,D
13:55:00,INDF,RG,6125,5,D,YP,AK,D
13:55:00,INDF,RG,6125,4,D,PD,AK,D
13:54:28,INDF,RG,6150,3,D,PD,CC,F
13:54:00,INDF,RG,6150,2,F,ZP,CC,F
13:53:43,INDF,RG,6125,1,D,PD,YU,F
13:53:43,INDF,RG,6125,1,D,KK,YU,F
13:53:43,INDF,RG,6125,4,D,XC,YU,F
13:53:42,INDF,RG,6125,6,D,XC,BK,F
13:53:42,INDF,RG,6125,5,D,NI,BK,F
13:53:42,INDF,RG,6125,1,D,PD,BK,F
13:53:42,INDF,RG,6125,5,D,SQ,BK,F
13:53:42,INDF,RG,6125,1,D,XL,BK,F
13:53:42,INDF,RG,6125,1,D,CC,BK,F
13:53:42,INDF,RG,6125,1,D,XL,BK,F
13:53:42,INDF,RG,6125,3,D,PD,BK,F
13:53:38,INDF,RG,6125,2,D,PD,YU,F
13:53:38,INDF,RG,6125,25,D,CC,YU,F
13:53:38,INDF,RG,6125,10,D,YP,YU,F
13:53:38,INDF,RG,6125,31,D,PD,CS,D
13:53:38,INDF,RG,6125,4,D,PD,CS,D
13:53:38,INDF,RG,6125,47,D,PD,CS,D
13:53:38,INDF,RG,6125,45,D,PD,CS,D
13:53:38,INDF,RG,6125,13,D,PD,CS,D
13:53:38,INDF,RG,6125,45,D,PD,CS,D
13:53:38,INDF,RG,6125,15,D,PD,CS,D
13:53:38,INDF,RG,6125,25,D,PD,CS,D
13:53:38,INDF,RG,6125,11,D,PD,CS,D
13:53:38,INDF,RG,6125,2,D,PD,CS,D
13:53:38,INDF,RG,6125,18,D,PD,CS,D
13:53:38,INDF,RG,6125,6,D,PD,CS,D
13:53:38,INDF,RG,6125,22,D,PD,CS,D
13:53:38,INDF,RG,6125,32,D,PD,CS,D
13:53:38,INDF,RG,6125,27,D,PD,CS,D
13:53:15,INDF,RG,6125,16,D,PD,AK,D
13:53:12,INDF,RG,6125,1,D,PD,SQ,D
13:53:01,INDF,RG,6125,14,D,PD,YU,F
13:53:00,INDF,RG,6125,93,D,PD,YU,D
13:52:41,INDF,RG,6150,3,F,ZP,CC,F
13:52:30,INDF,RG,6125,6,D,PD,EP,D
13:51:14,INDF,RG,6150,3,F,ZP,CC,F
13:50:51,INDF,RG,6150,25,D,GR,CC,F
13:50:35,INDF,RG,6125,1,D,PD,XC,D
13:50:31,INDF,RG,6125,6,D,PD,YU,F
13:50:30,INDF,RG,6150,8,F,AK,CC,F
13:50:30,INDF,RG,6125,24,D,PD,AK,D
13:50:12,INDF,RG,6125,5,D,PD,PD,D
13:50:10,INDF,RG,6125,10,D,PD,LG,D
13:49:43,INDF,RG,6150,2,F,ZP,CC,F
13:49:36,INDF,RG,6125,11,D,PD,YU,F
13:49:34,INDF,RG,6150,41,D,AZ,CC,F
13:49:34,INDF,RG,6150,59,D,AZ,BK,F
13:49:01,INDF,RG,6125,7,D,PD,YU,F
13:49:00,INDF,RG,6125,60,D,PD,YU,D
13:49:00,INDF,RG,6150,1,F,AK,BK,F
13:48:17,INDF,RG,6150,3,F,ZP,BK,F
13:47:05,INDF,RG,6125,1,D,PD,NI,D
13:47:01,INDF,RG,6125,5,D,PD,YU,F
13:47:00,INDF,RG,6125,46,D,PD,YU,D
13:46:48,INDF,RG,6150,2,F,ZP,BK,F
13:45:21,INDF,RG,6125,5,D,PD,YU,F
13:45:21,INDF,RG,6125,38,D,PD,LG,D
13:45:19,INDF,RG,6150,3,F,ZP,BK,F
13:45:06,INDF,RG,6125,5,D,PD,YU,F
13:45:04,INDF,RG,6125,50,D,PD,CC,D
13:45:02,INDF,RG,6125,8,D,PD,YU,F
13:45:00,INDF,RG,6125,64,D,PD,YU,D
13:44:01,INDF,RG,6125,1,D,PD,PD,D
13:43:52,INDF,RG,6150,1,F,ZP,BK,F
13:43:28,INDF,RG,6150,4,D,XL,BK,F
13:43:02,INDF,RG,6125,6,D,PD,YU,F
13:43:00,INDF,RG,6125,50,D,PD,YU,D
13:42:11,INDF,RG,6125,9,D,PD,YU,F
13:42:10,INDF,RG,6150,66,F,ZP,BK,F
13:42:10,INDF,RG,6150,2,F,ZP,CS,D
13:42:10,INDF,RG,6150,14,F,ZP,DP,F
13:42:10,INDF,RG,6125,39,D,PD,YU,F
13:42:09,INDF,RG,6125,19,D,PD,BK,F
13:42:05,INDF,RG,6125,66,D,PD,BK,F
13:42:04,INDF,RG,6125,1,D,PD,CS,D
13:42:04,INDF,RG,6150,1,F,ZP,YU,F
13:42:03,INDF,RG,6150,3,F,CS,YU,F
13:42:03,INDF,RG,6150,5,F,CS,YU,F
13:42:03,INDF,RG,6150,1,D,YP,YU,F
13:42:03,INDF,RG,6150,2,D,CP,YU,F
13:42:03,INDF,RG,6150,14,D,YP,YU,F
13:42:02,INDF,RG,6150,11,D,YP,CS,D
13:42:02,INDF,RG,6150,5,D,YP,CS,D
13:42:02,INDF,RG,6150,1,D,YP,CS,D
13:42:02,INDF,RG,6150,2,D,YP,CS,D
13:42:02,INDF,RG,6150,1,F,ZP,CS,D
13:42:02,INDF,RG,6150,1,F,CS,CS,D
13:42:02,INDF,RG,6150,8,F,CS,CS,D
13:42:02,INDF,RG,6150,4,F,ZP,CS,D
13:42:02,INDF,RG,6150,9,F,ZP,CS,D
13:42:02,INDF,RG,6150,20,D,YP,CS,D
13:42:02,INDF,RG,6150,21,F,ZP,CS,D
13:42:02,INDF,RG,6150,93,F,ZP,CS,D
13:42:02,INDF,RG,6150,10,D,YP,CS,D
13:42:02,INDF,RG,6150,3,D,XC,CS,D
13:42:02,INDF,RG,6150,301,F,RX,CS,D
13:42:02,INDF,RG,6150,1,D,PD,CS,D
13:42:02,INDF,RG,6150,9,F,ZP,CS,D
13:41:48,INDF,RG,6175,1,D,CP,YP,D
13:41:05,INDF,RG,6150,7,F,ZP,YU,F
13:41:04,INDF,RG,6175,64,F,ZP,YP,D
13:41:01,INDF,RG,6150,16,F,ZP,YU,F
13:41:00,INDF,RG,6150,114,F,ZP,YU,D
13:40:45,INDF,RG,6175,4,D,YP,YP,D
13:40:45,INDF,RG,6150,1,F,ZP,YP,D
13:40:45,INDF,RG,6150,2,F,CS,YP,D
13:40:45,INDF,RG,6150,4,F,ZP,YP,D
13:40:45,INDF,RG,6150,5,F,ZP,YP,D
13:40:14,INDF,RG,6150,10,F,ZP,YP,D
13:39:26,INDF,RG,6150,2,F,ZP,YU,F
13:39:26,INDF,RG,6150,13,F,ZP,YU,F
13:39:25,INDF,RG,6175,70,F,ZP,YP,D
13:39:25,INDF,RG,6150,14,F,ZP,DP,F
13:39:25,INDF,RG,6150,6,F,ZP,AK,F
13:39:25,INDF,RG,6150,15,F,ZP,XC,D
13:39:25,INDF,RG,6150,9,F,ZP,DX,F
13:39:25,INDF,RG,6150,44,F,ZP,CC,F
13:39:25,INDF,RG,6150,1,F,ZP,CC,F
13:39:25,INDF,RG,6150,1,F,ZP,AK,F
13:39:25,INDF,RG,6150,4,F,ZP,YU,F
13:39:25,INDF,RG,6150,9,F,ZP,DP,F
13:39:25,INDF,RG,6150,2,F,ZP,AK,F
13:39:01,INDF,RG,6125,8,D,PD,YU,F
13:39:00,INDF,RG,6125,74,D,PD,YU,D
13:38:43,INDF,RG,6125,15,D,PD,YU,F
13:38:29,INDF,RG,6150,2,D,AZ,AK,F
13:37:46,INDF,RG,6150,1,D,PD,SQ,D
13:37:46,INDF,RG,6150,2,D,PD,NI,D
13:37:46,INDF,RG,6150,12,D,PD,CC,F
13:37:42,INDF,RG,6150,10,D,YP,CC,F
13:37:20,INDF,RG,6150,20,F,ZP,CC,F
13:37:20,INDF,RG,6150,2,F,ZP,KK,D
13:37:20,INDF,RG,6150,6,F,ZP,YU,F
13:37:20,INDF,RG,6150,19,F,ZP,AK,D
13:37:20,INDF,RG,6150,2,F,ZP,AK,F
13:37:20,INDF,RG,6150,9,F,ZP,AK,F
13:37:20,INDF,RG,6150,6,F,ZP,DX,F
13:37:18,INDF,RG,6150,4,F,ZP,DX,F
13:37:18,INDF,RG,6150,1,F,ZP,DX,F
13:37:18,INDF,RG,6150,28,F,ZP,DP,F
13:37:16,INDF,RG,6150,2,D,XL,AK,F
13:37:00,INDF,RG,6125,4,D,PD,YU,D
13:37:00,INDF,RG,6125,1,D,YJ,YU,D
13:37:00,INDF,RG,6125,5,D,CC,YU,D
13:37:00,INDF,RG,6125,1,D,YP,YU,D
13:37:00,INDF,RG,6125,1,D,XC,YU,D
13:37:00,INDF,RG,6125,8,D,KK,YU,D
13:37:00,INDF,RG,6125,5,D,SQ,YU,D
13:37:00,INDF,RG,6125,1,D,NI,YU,D
13:37:00,INDF,RG,6125,6,D,PD,YU,D
13:37:00,INDF,RG,6125,1,D,DH,YU,D
13:37:00,INDF,RG,6125,3,D,GR,YU,D
13:37:00,INDF,RG,6125,1,D,OD,YU,D
13:37:00,INDF,RG,6125,20,D,DR,YU,D
13:37:00,INDF,RG,6125,5,D,XL,YU,D
13:37:00,INDF,RG,6125,10,D,KK,YU,D
13:37:00,INDF,RG,6125,2,D,KK,YU,D
13:36:42,INDF,RG,6125,8,D,KK,YU,F
13:36:42,INDF,RG,6125,5,D,PD,YU,F
13:36:42,INDF,RG,6125,45,D,YP,YU,F
13:36:39,INDF,RG,6150,1,D,NI,AK,F
13:35:50,INDF,RG,6150,1,D,PD,AK,F
13:35:31,INDF,RG,6150,25,D,YP,AK,F
13:35:28,INDF,RG,6150,181,F,ZP,AK,F
13:35:27,INDF,RG,6150,9,F,ZP,AK,F
13:35:27,INDF,RG,6150,2,F,ZP,DX,F
13:35:27,INDF,RG,6150,30,F,ZP,YP,D
13:35:26,INDF,RG,6150,70,F,AK,YP,D
13:35:26,INDF,RG,6150,9,F,AK,DX,F
13:35:26,INDF,RG,6150,22,F,AK,AK,D
13:35:26,INDF,RG,6150,20,F,AK,AK,D
13:35:26,INDF,RG,6150,59,F,AK,AK,F
13:35:26,INDF,RG,6150,91,F,AK,AK,F
13:35:26,INDF,RG,6150,229,F,AK,AK,F
13:35:11,INDF,RG,6150,40,F,ZP,YU,F
13:35:11,INDF,RG,6150,34,F,ZP,YU,F
13:35:10,INDF,RG,6125,5,D,YP,YU,F
13:35:10,INDF,RG,6125,2,D,CC,YU,F
13:35:10,INDF,RG,6125,3,D,PD,YU,F
13:35:10,INDF,RG,6125,10,D,NI,YU,F
13:35:10,INDF,RG,6125,1,D,XC,YU,F
13:35:10,INDF,RG,6125,1,D,GR,YU,F
13:35:10,INDF,RG,6125,8,D,PD,YU,F
13:35:10,INDF,RG,6125,8,D,XC,YU,F
13:35:10,INDF,RG,6125,1,D,DH,YU,F
13:35:10,INDF,RG,6125,2,D,CC,YU,F
13:35:10,INDF,RG,6125,4,D,CC,YU,F
13:35:10,INDF,RG,6125,2,D,XL,YU,F
13:35:10,INDF,RG,6125,20,D,PD,YU,F
13:35:10,INDF,RG,6125,55,D,NI,YU,F
13:35:00,INDF,RG,6125,45,D,NI,YU,D
13:35:00,INDF,RG,6125,1,D,CC,YU,D
13:35:00,INDF,RG,6125,5,D,XC,YU,D
13:35:00,INDF,RG,6125,5,D,PD,YU,D
13:35:00,INDF,RG,6125,1,D,CC,YU,D
13:35:00,INDF,RG,6125,5,D,PD,YU,D
13:35:00,INDF,RG,6125,5,D,AZ,YU,D
13:35:00,INDF,RG,6125,10,D,CC,YU,D
13:35:00,INDF,RG,6125,7,D,PD,YU,D
13:34:12,INDF,RG,6150,17,D,KK,YU,F
13:33:51,INDF,RG,6150,2,F,ZP,YU,F
13:33:51,INDF,RG,6150,41,F,ZP,YU,F
13:33:51,INDF,RG,6150,1,F,ZP,DP,F
13:33:51,INDF,RG,6150,4,F,ZP,AK,F
13:33:51,INDF,RG,6150,12,F,ZP,YU,D
13:33:50,INDF,RG,6125,3,D,PD,YU,F
13:33:50,INDF,RG,6125,2,D,GR,YU,F
13:33:50,INDF,RG,6125,1,D,NI,YU,F
13:33:50,INDF,RG,6125,100,D,CC,YU,F
13:33:50,INDF,RG,6125,8,D,PD,YU,F
13:33:50,INDF,RG,6125,20,D,SQ,YU,F
13:33:50,INDF,RG,6125,1,D,KK,YU,F
13:33:50,INDF,RG,6125,1,D,GR,YU,F
13:33:50,INDF,RG,6125,1,D,XC,YU,F
13:33:50,INDF,RG,6125,5,D,FS,YU,F
13:33:50,INDF,RG,6125,1,D,YP,YU,F
13:33:50,INDF,RG,6125,2,D,CC,YU,F
13:33:50,INDF,RG,6125,7,D,AO,YU,F
13:33:00,INDF,RG,6150,36,F,ZP,YU,D
13:32:55,INDF,RG,6150,2,F,ZP,YP,D
13:32:55,INDF,RG,6150,10,F,CS,YP,D
13:32:55,INDF,RG,6150,2,F,ZP,YP,D
13:32:55,INDF,RG,6150,18,F,ZP,YP,D
13:32:55,INDF,RG,6150,25,D,YP,YP,D
13:32:55,INDF,RG,6150,5,F,ZP,YP,D
13:32:55,INDF,RG,6150,3,F,CS,YP,D
13:32:52,INDF,RG,6175,60,F,ZP,YP,D
13:32:51,INDF,RG,6150,37,F,CS,DP,F
13:32:51,INDF,RG,6150,5,F,CS,AK,F
13:32:50,INDF,RG,6150,87,F,CS,AK,F
13:32:50,INDF,RG,6150,6,F,ZP,AK,F
13:32:50,INDF,RG,6150,4,F,CS,AK,F
13:32:50,INDF,RG,6150,68,F,ZP,AK,F
13:32:50,INDF,RG,6150,4,F,ZP,AK,F
13:32:50,INDF,RG,6150,2,D,YP,AK,F
13:32:50,INDF,RG,6150,5,F,ZP,AK,F
13:32:49,INDF,RG,6150,69,F,ZP,YU,F
13:32:49,INDF,RG,6150,3,D,YP,YU,F
13:32:49,INDF,RG,6150,5,D,YP,YU,F
13:32:49,INDF,RG,6150,1,D,YP,YU,F
13:32:49,INDF,RG,6150,5,D,CC,YU,F
13:32:49,INDF,RG,6150,4,D,XL,YU,F
13:32:49,INDF,RG,6150,5,D,OD,YU,F
13:32:49,INDF,RG,6150,1,D,PD,YU,F
13:32:49,INDF,RG,6150,2,D,XC,YU,F
13:32:49,INDF,RG,6150,15,D,KK,YU,F
13:32:49,INDF,RG,6150,13,D,CC,YU,F
13:32:49,INDF,RG,6150,1,D,PD,YU,F
13:32:49,INDF,RG,6150,3,D,PD,YU,F
13:32:49,INDF,RG,6150,1,D,PD,YU,F
13:32:49,INDF,RG,6150,2,D,PD,YU,F
13:32:49,INDF,RG,6150,1,D,PD,YU,F
13:32:49,INDF,RG,6150,2,D,GR,YU,F
13:32:49,INDF,RG,6150,17,D,IF,YU,F
13:32:20,INDF,RG,6150,1,D,IF,PD,D
13:32:11,INDF,RG,6150,2,D,IF,LG,D
13:32:11,INDF,RG,6150,1,D,PD,LG,D
13:32:11,INDF,RG,6150,5,D,GR,LG,D
13:32:11,INDF,RG,6150,10,D,GR,LG,D
13:32:11,INDF,RG,6150,1,F,ZP,LG,D
13:31:50,INDF,RG,6150,5,D,PD,YU,F
13:31:50,INDF,RG,6150,2,D,NI,YU,F
13:31:50,INDF,RG,6150,2,D,YP,YU,F
13:31:50,INDF,RG,6150,3,D,PD,YU,F
13:31:50,INDF,RG,6150,2,D,DX,YU,F
13:31:50,INDF,RG,6150,10,D,PD,YU,F
13:31:50,INDF,RG,6150,1,D,DR,YU,F
13:31:50,INDF,RG,6150,2,D,XC,YU,F
13:31:50,INDF,RG,6150,3,D,XC,YU,F
13:31:50,INDF,RG,6150,1,D,PD,YU,F
13:31:50,INDF,RG,6150,1,D,YB,YU,F
13:31:50,INDF,RG,6150,11,D,DH,YU,F
13:31:50,INDF,RG,6150,25,D,KK,YU,F
13:31:50,INDF,RG,6150,1,F,NI,YU,F
13:31:50,INDF,RG,6150,4,D,PD,YU,F
13:31:50,INDF,RG,6150,1,D,PD,YU,F
13:31:50,INDF,RG,6150,15,D,XC,YU,F
13:31:50,INDF,RG,6150,15,D,XC,YU,F
13:31:50,INDF,RG,6150,3,D,YP,YU,F
13:31:50,INDF,RG,6150,2,D,PD,YU,F
13:31:50,INDF,RG,6150,16,D,PD,YU,F
13:31:50,INDF,RG,6150,1,D,PD,YU,F
13:31:50,INDF,RG,6150,1,D,CC,YU,F
13:31:50,INDF,RG,6150,20,D,PD,YU,F
13:31:50,INDF,RG,6150,2,D,PD,YU,F
13:31:12,INDF,RG,6175,1,D,YP,YP,D
13:31:01,INDF,RG,6150,3,D,PD,AK,F
13:31:01,INDF,RG,6150,5,D,PD,AK,F
13:31:01,INDF,RG,6150,4,D,NI,AK,F
13:31:01,INDF,RG,6150,10,D,YP,AK,F
13:31:01,INDF,RG,6150,1,D,XL,AK,F
13:31:01,INDF,RG,6150,10,D,YP,AK,F
13:31:01,INDF,RG,6150,1,D,CC,AK,F
13:31:01,INDF,RG,6150,1,D,YP,AK,F
13:31:01,INDF,RG,6150,1,D,XC,AK,F
13:31:01,INDF,RG,6150,1,D,YU,AK,F
13:31:01,INDF,RG,6150,1,D,PD,AK,F
13:31:01,INDF,RG,6150,14,D,LG,AK,F
13:31:01,INDF,RG,6150,44,D,PD,AK,F
13:31:00,INDF,RG,6150,31,D,PD,YU,D
13:31:00,INDF,RG,6150,30,D,KK,YU,D
13:31:00,INDF,RG,6150,2,D,CC,YU,D
13:31:00,INDF,RG,6150,1,D,YP,YU,D
13:31:00,INDF,RG,6150,1,D,YP,YU,D
13:31:00,INDF,RG,6150,1,D,PD,YU,D
13:31:00,INDF,RG,6150,10,D,CC,YU,D
13:31:00,INDF,RG,6150,2,D,CC,YU,D
13:31:00,INDF,RG,6150,25,D,PD,YU,D
13:31:00,INDF,RG,6150,24,F,ZP,YU,D
13:31:00,INDF,RG,6150,2,D,CC,YU,D
13:31:00,INDF,RG,6150,104,F,ZP,YU,D
13:31:00,INDF,RG,6150,1,D,PD,YU,D
13:31:00,INDF,RG,6150,2,D,XL,YU,D
13:31:00,INDF,RG,6150,1,D,PD,YU,D
13:31:00,INDF,RG,6150,3,D,PD,YU,D
13:31:00,INDF,RG,6150,69,D,KK,YU,D
13:30:19,INDF,RG,6175,74,F,ZP,YP,D
13:30:18,INDF,RG,6175,157,F,ZP,YP,D
13:30:16,INDF,RG,6175,330,F,ZP,YP,D
13:30:16,INDF,RG,6150,31,D,KK,NI,D
13:30:16,INDF,RG,6150,1,D,PD,NI,D
13:30:16,INDF,RG,6150,1,D,PD,NI,D
13:30:16,INDF,RG,6150,1,D,PD,NI,D
13:30:16,INDF,RG,6150,25,D,YP,NI,D
13:30:16,INDF,RG,6150,2,D,NI,NI,D
13:30:16,INDF,RG,6150,1,D,YP,NI,D
13:30:16,INDF,RG,6150,15,D,NI,NI,D
13:30:16,INDF,RG,6150,1,D,NI,NI,D
13:30:16,INDF,RG,6150,5,D,PD,NI,D
13:30:16,INDF,RG,6150,8,F,ZP,NI,D
13:30:15,INDF,RG,6175,3,D,YP,YP,D
13:30:15,INDF,RG,6150,6,F,ZP,YP,D
13:30:13,INDF,RG,6175,5,D,YP,YP,D
13:30:13,INDF,RG,6175,2,D,OD,YP,D
13:30:12,INDF,RG,6175,5,D,YP,YP,D
13:30:12,INDF,RG,6175,5,D,YP,YP,D
13:30:12,INDF,RG,6175,7,D,YP,YP,D
13:30:12,INDF,RG,6175,2,D,PD,YP,D
13:30:12,INDF,RG,6175,60,D,OD,YP,D
13:30:12,INDF,RG,6175,142,F,CS,YP,D
13:30:12,INDF,RG,6175,1,D,OD,YP,D
13:30:12,INDF,RG,6175,1,D,XL,YP,D
13:30:12,INDF,RG,6175,2,F,AK,YP,D
13:30:12,INDF,RG,6175,1,D,XC,YP,D
13:30:12,INDF,RG,6175,7,D,XC,YP,D
13:30:12,INDF,RG,6175,91,F,ZP,YP,D
13:30:12,INDF,RG,6175,1,D,PD,YP,D
13:30:12,INDF,RG,6175,1,D,PD,YP,D
13:30:12,INDF,RG,6175,1,D,PD,YP,D
13:30:12,INDF,RG,6175,20,D,XC,YP,D
13:30:12,INDF,RG,6175,3,D,XC,YP,D
13:30:12,INDF,RG,6175,1,D,XC,YP,D
13:30:12,INDF,RG,6175,25,D,PD,YP,D
13:30:12,INDF,RG,6175,5,D,PD,YP,D
13:30:12,INDF,RG,6175,1,D,PD,YP,D
13:30:12,INDF,RG,6175,30,D,PD,YP,D
13:30:12,INDF,RG,6175,121,F,RX,YP,D
13:30:12,INDF,RG,6175,1,D,PD,YP,D
13:30:12,INDF,RG,6175,1,D,PD,YP,D
13:30:12,INDF,RG,6175,5,D,PD,YP,D
13:30:12,INDF,RG,6175,18,F,ZP,YP,D
13:30:12,INDF,RG,6175,1,D,PD,YP,D
13:30:12,INDF,RG,6175,3,D,SQ,YP,D
13:30:12,INDF,RG,6175,3,D,PD,YP,D
13:30:12,INDF,RG,6175,5,D,SQ,YP,D
13:30:12,INDF,RG,6175,2,D,SQ,YP,D
13:30:12,INDF,RG,6175,2,D,CP,YP,D
13:30:12,INDF,RG,6175,7,D,LG,YP,D
13:30:12,INDF,RG,6175,1,D,CC,YP,D
13:30:12,INDF,RG,6175,65,F,ZP,YP,D
13:30:12,INDF,RG,6175,7,F,CS,YP,D
13:30:12,INDF,RG,6175,1,F,CS,YP,D
13:30:12,INDF,RG,6175,1,D,XC,YP,D
13:30:12,INDF,RG,6175,5,F,CS,YP,D
13:30:12,INDF,RG,6175,7,F,ZP,YP,D
13:30:12,INDF,RG,6175,1,D,PD,YP,D
13:30:12,INDF,RG,6175,65,F,RX,YP,D
13:30:12,INDF,RG,6175,1,D,NI,YP,D
13:30:12,INDF,RG,6175,1,D,XC,YP,D
13:30:12,INDF,RG,6175,6,D,CC,YP,D
13:30:12,INDF,RG,6175,7,D,LG,YP,D
13:30:12,INDF,RG,6175,7,F,CS,YP,D
13:30:12,INDF,RG,6175,16,F,ZP,YP,D
13:30:12,INDF,RG,6175,1,D,EP,YP,D
13:30:12,INDF,RG,6175,5,D,GR,YP,D
13:30:12,INDF,RG,6175,11,F,CS,YP,D
13:30:12,INDF,RG,6175,9,F,ZP,YP,D
13:30:12,INDF,RG,6175,16,F,ZP,YP,D
13:30:11,INDF,RG,6175,3,F,ZP,YP,D
13:30:09,INDF,RG,6175,1,F,ZP,KK,F
13:30:09,INDF,RG,6200,40,F,KK,CC,D
13:30:08,INDF,RG,6175,1,F,ZP,CC,D
13:30:07,INDF,RG,6175,1,F,ZP,XL,D
13:30:07,INDF,RG,6200,1,D,XL,CC,D
13:30:07,INDF,RG,6200,1,D,XL,CC,D
13:30:07,INDF,RG,6175,1,F,ZP,XL,D
13:30:07,INDF,RG,6175,9,F,ZP,CC,D
13:30:07,INDF,RG,6175,1,D,AT,CC,D
13:30:07,INDF,RG,6175,98,F,ZP,CC,D
13:30:07,INDF,RG,6175,50,D,CC,CC,D
13:30:07,INDF,RG,6175,1,D,PD,CC,D
13:30:07,INDF,RG,6175,35,F,ZP,CC,D
13:30:07,INDF,RG,6175,92,F,ZP,CC,D
13:30:07,INDF,RG,6175,1,D,PD,CC,D
13:30:07,INDF,RG,6175,203,F,RX,CC,D
13:30:07,INDF,RG,6175,76,F,ZP,CC,D
13:30:07,INDF,RG,6175,45,F,ZP,CC,D
13:30:07,INDF,RG,6175,10,F,ZP,CC,D
13:30:07,INDF,RG,6200,92,F,ZP,CC,D
13:30:06,INDF,RG,6200,1,D,PD,CC,D
13:30:06,INDF,RG,6200,30,D,XL,CC,D
13:30:06,INDF,RG,6200,5,D,XL,NI,D
13:30:06,INDF,RG,6200,1,D,XL,OD,D
13:30:06,INDF,RG,6200,5,D,XL,XC,D
13:30:06,INDF,RG,6200,2,D,XL,XC,D
13:30:06,INDF,RG,6200,1,D,XL,XC,D
13:30:06,INDF,RG,6200,1,D,XL,XC,D
13:30:06,INDF,RG,6200,1,D,XL,XC,D
13:30:06,INDF,RG,6200,10,D,XL,XL,D
13:30:06,INDF,RG,6200,10,D,XL,CC,D
13:30:06,INDF,RG,6200,5,D,XL,DH,D
13:30:06,INDF,RG,6200,30,D,XL,YP,D
13:30:06,INDF,RG,6200,11,D,XL,OD,D
13:30:05,INDF,RG,6200,5,F,AK,OD,D
13:30:05,INDF,RG,6175,16,F,ZP,AK,F
13:30:05,INDF,RG,6200,1,D,XL,OD,D
13:30:05,INDF,RG,6175,8,F,ZP,PD,D
13:30:05,INDF,RG,6200,15,D,CC,OD,D
13:30:04,INDF,RG,6175,1,F,ZP,DR,D
13:30:04,INDF,RG,6200,1,D,PD,OD,D
13:30:04,INDF,RG,6175,3,F,ZP,PD,D
13:30:03,INDF,RG,6175,54,F,ZP,AK,D
13:30:03,INDF,RG,6175,1,F,ZP,AK,D
13:30:03,INDF,RG,6200,1,F,NI,OD,D
13:30:03,INDF,RG,6175,5,F,ZP,PD,D
13:30:03,INDF,RG,6175,10,F,ZP,PD,D
13:30:03,INDF,RG,6175,2,F,ZP,PD,D
13:30:03,INDF,RG,6175,1,F,ZP,PD,D
13:30:03,INDF,RG,6175,10,F,ZP,PD,D
13:30:03,INDF,RG,6175,1,F,ZP,PD,D
13:30:03,INDF,RG,6175,4,F,CS,PD,D
13:30:02,INDF,RG,6175,5,F,CS,KK,D
13:30:01,INDF,RG,6200,1,D,PD,OD,D
13:30:01,INDF,RG,6175,1,F,CS,PD,D
13:30:01,INDF,RG,6175,8,F,ZP,GR,D
13:30:01,INDF,RG,6175,136,D,YP,GR,D
13:30:01,INDF,RG,6175,4,D,YP,PD,D
13:30:01,INDF,RG,6175,15,D,YP,AZ,D
13:30:01,INDF,RG,6175,4,D,YP,GR,D
13:30:01,INDF,RG,6175,10,D,YP,LG,D
13:30:01,INDF,RG,6175,3,D,YP,EP,D
11:29:34,INDF,RG,6175,1,D,YP,YU,F
11:29:33,INDF,RG,6200,8,F,ZP,OD,D
11:29:31,INDF,RG,6175,1,D,YP,YU,F
11:29:31,INDF,RG,6175,1,D,YP,YU,F
11:29:30,INDF,RG,6200,5,F,ZP,OD,D
11:29:30,INDF,RG,6200,2,F,ZP,OD,D
11:29:30,INDF,RG,6200,3,F,ZP,NI,D
11:29:13,INDF,RG,6175,1,D,YP,YU,F
11:29:12,INDF,RG,6175,7,D,YP,PD,D
11:29:06,INDF,RG,6175,1,D,YP,AK,F
11:29:06,INDF,RG,6175,2,D,YP,YU,F
11:29:05,INDF,RG,6200,12,F,ZP,NI,D
11:29:03,INDF,RG,6175,1,D,YP,YU,F
11:29:02,INDF,RG,6175,3,D,YP,AK,F
11:29:02,INDF,RG,6175,5,D,YP,YU,F
11:29:02,INDF,RG,6175,1,D,YP,YU,F
11:29:01,INDF,RG,6175,8,D,YP,AK,D
11:29:01,INDF,RG,6175,1,D,YP,AK,D
11:29:01,INDF,RG,6200,19,F,ZP,NI,D
11:29:01,INDF,RG,6175,8,D,YP,YU,F
11:29:00,INDF,RG,6175,7,D,YP,AK,F
11:29:00,INDF,RG,6175,2,D,YP,AK,F
11:29:00,INDF,RG,6175,44,D,YP,YU,D
11:28:49,INDF,RG,6175,1,D,YP,AK,D
11:28:48,INDF,RG,6175,1,D,YP,AK,D
11:28:48,INDF,RG,6175,1,D,YP,YU,F
11:28:47,INDF,RG,6175,1,D,YP,AK,F
11:28:47,INDF,RG,6175,2,D,YP,PD,D
11:28:46,INDF,RG,6200,1,F,ZP,NI,D
11:28:30,INDF,RG,6200,1,F,AK,NI,D
11:28:11,INDF,RG,6175,2,D,YP,YU,F
11:28:11,INDF,RG,6175,1,D,YP,AK,F
11:28:10,INDF,RG,6200,10,F,ZP,NI,D
11:28:10,INDF,RG,6175,1,D,YP,AK,F
11:28:10,INDF,RG,6175,3,D,YP,YU,F
11:28:09,INDF,RG,6175,17,D,YP,NI,D
11:28:06,INDF,RG,6175,1,D,YP,YU,F
11:28:05,INDF,RG,6175,1,D,YP,YU,F
11:28:04,INDF,RG,6175,1,D,YP,AK,F
11:28:04,INDF,RG,6175,8,D,YP,AK,D
11:27:58,INDF,RG,6175,1,D,YP,YU,F
11:27:57,INDF,RG,6175,1,D,YP,DH,D
11:27:57,INDF,RG,6200,7,F,ZP,NI,D
11:27:53,INDF,RG,6175,1,D,YP,YU,F
11:27:52,INDF,RG,6200,3,F,ZP,NI,D
11:27:52,INDF,RG,6175,2,D,YP,NI,D
11:27:20,INDF,RG,6175,1,D,YP,AK,F
11:27:20,INDF,RG,6175,2,D,YP,YU,F
11:27:19,INDF,RG,6175,7,D,YP,AK,D
11:27:17,INDF,RG,6175,1,D,YP,YU,F
11:27:17,INDF,RG,6175,1,D,YP,AK,F
11:27:17,INDF,RG,6200,8,F,ZP,NI,D
11:27:16,INDF,RG,6175,2,D,YP,YU,F
11:27:15,INDF,RG,6175,7,D,YP,AK,F
11:27:15,INDF,RG,6200,1,F,AK,NI,D
11:27:04,INDF,RG,6175,3,D,YP,AK,D
11:27:03,INDF,RG,6175,5,D,YP,YU,F
11:27:03,INDF,RG,6175,1,D,YP,YU,F
11:27:02,INDF,RG,6175,2,D,YP,AK,F
11:27:02,INDF,RG,6200,25,F,ZP,NI,D
11:27:02,INDF,RG,6175,4,D,YP,AK,F
11:27:01,INDF,RG,6175,11,D,YP,YU,F
11:27:00,INDF,RG,6175,62,D,YP,YU,D
11:26:50,INDF,RG,6175,1,D,YP,YU,F
11:26:50,INDF,RG,6200,8,F,ZP,NI,D
11:26:49,INDF,RG,6175,1,D,YP,AK,F
11:26:49,INDF,RG,6175,1,D,YP,CC,D
11:26:45,INDF,RG,6175,1,D,YP,YU,F
11:26:44,INDF,RG,6175,1,D,YP,YU,F
11:26:44,INDF,RG,6200,5,F,ZP,NI,D
11:26:44,INDF,RG,6175,5,D,YP,CC,D
11:26:35,INDF,RG,6175,1,D,YP,YU,F
11:26:35,INDF,RG,6175,3,D,YP,AK,F
11:26:34,INDF,RG,6175,1,D,YP,YU,F
11:26:34,INDF,RG,6175,7,D,YP,AK,D
11:26:25,INDF,RG,6175,1,D,YP,YU,F
11:26:24,INDF,RG,6200,8,F,ZP,NI,D
11:26:23,INDF,RG,6175,4,D,YP,YU,F
11:26:23,INDF,RG,6200,18,F,RX,NI,D
11:26:18,INDF,RG,6175,1,D,YP,YU,F
11:26:17,INDF,RG,6200,7,F,ZP,NI,D
11:26:15,INDF,RG,6175,1,D,YP,YU,F
11:26:15,INDF,RG,6175,4,D,YP,AK,F
11:26:15,INDF,RG,6200,1,F,AK,NI,D
11:26:04,INDF,RG,6175,1,D,YP,YU,F
11:26:04,INDF,RG,6175,1,D,YP,AK,F
11:26:04,INDF,RG,6175,6,D,YP,AK,D
11:25:35,INDF,RG,6175,1,D,YP,YU,F
11:25:34,INDF,RG,6175,1,D,YP,YU,F
11:25:34,INDF,RG,6175,1,D,YP,AK,F
11:25:34,INDF,RG,6175,5,D,YP,AK,D
11:25:33,INDF,RG,6200,8,F,ZP,NI,D
11:25:31,INDF,RG,6175,1,D,YP,YU,F
11:25:30,INDF,RG,6175,4,D,YP,AK,F
11:25:13,INDF,RG,6175,1,D,YP,AK,F
11:25:12,INDF,RG,6175,2,D,YP,YU,F
11:25:12,INDF,RG,6200,12,F,RX,NI,D
11:25:08,INDF,RG,6175,2,D,YP,YU,F
11:25:08,INDF,RG,6200,9,F,ZP,NI,D
11:25:05,INDF,RG,6175,1,D,YP,AK,F
11:25:04,INDF,RG,6175,1,D,YP,YU,F
11:25:04,INDF,RG,6175,7,D,YP,AK,D
11:24:31,INDF,RG,6175,1,D,YP,YU,F
11:24:30,INDF,RG,6175,4,D,YP,AK,F
11:24:19,INDF,RG,6175,1,D,YP,YU,F
11:24:19,INDF,RG,6175,1,D,YP,AK,F
11:24:19,INDF,RG,6175,4,D,YP,AK,D
11:24:19,INDF,RG,6175,3,F,ZP,AK,D
11:24:16,INDF,RG,6175,1,F,ZP,YU,F
11:24:15,INDF,RG,6175,1,F,ZP,AK,F
11:24:01,INDF,RG,6175,3,F,ZP,AK,F
11:24:00,INDF,RG,6175,10,F,ZP,YU,F
11:24:00,INDF,RG,6175,54,F,ZP,YU,D
11:23:39,INDF,RG,6175,1,F,ZP,AK,F
11:23:38,INDF,RG,6175,1,F,ZP,YU,F
11:23:38,INDF,RG,6175,7,F,ZP,CC,D
11:23:34,INDF,RG,6175,2,F,ZP,YU,F
11:23:34,INDF,RG,6175,8,F,ZP,AK,D
11:23:26,INDF,RG,6200,1,D,PD,NI,D
11:23:18,INDF,RG,6175,1,F,ZP,AK,F
11:23:17,INDF,RG,6175,2,F,ZP,YU,F
11:23:16,INDF,RG,6175,10,F,ZP,PD,D
11:22:35,INDF,RG,6175,1,F,ZP,AK,F
11:22:34,INDF,RG,6175,1,F,ZP,YU,F
11:22:34,INDF,RG,6175,1,F,ZP,YU,F
11:22:34,INDF,RG,6175,4,F,ZP,AK,D
11:22:34,INDF,RG,6175,6,F,ZP,AK,D
11:22:24,INDF,RG,6175,1,F,ZP,CC,D
11:22:01,INDF,RG,6175,4,F,ZP,AK,F
11:22:00,INDF,RG,6175,11,F,ZP,YU,F
11:22:00,INDF,RG,6175,59,F,ZP,YU,D
11:21:49,INDF,RG,6175,2,F,ZP,YU,F
11:21:49,INDF,RG,6175,1,F,ZP,AK,F
11:21:48,INDF,RG,6175,10,F,ZP,XC,D
11:21:46,INDF,RG,6175,2,F,ZP,YU,F
11:21:45,INDF,RG,6175,10,F,ZP,AK,F
11:21:31,INDF,RG,6175,1,F,ZP,AK,F
11:21:30,INDF,RG,6200,4,F,AK,NI,D
11:21:18,INDF,RG,6175,2,F,ZP,YU,F
11:21:17,INDF,RG,6175,8,F,ZP,YU,F
11:21:17,INDF,RG,6175,3,F,ZP,AK,F
11:21:16,INDF,RG,6175,3,F,ZP,XC,D
11:21:16,INDF,RG,6175,47,F,RX,XC,D
11:20:59,INDF,RG,6175,1,F,RX,AK,F
11:20:58,INDF,RG,6175,2,F,RX,YU,F
11:20:58,INDF,RG,6175,12,F,RX,PD,D
11:20:33,INDF,RG,6175,1,F,RX,AK,F
11:20:33,INDF,RG,6175,1,D,PD,YU,F
11:20:33,INDF,RG,6175,1,D,PD,YU,F
11:20:32,INDF,RG,6175,4,F,CS,XL,D
11:20:32,INDF,RG,6175,4,F,ZP,XL,D
11:20:22,INDF,RG,6175,1,F,ZP,XC,D
11:20:22,INDF,RG,6175,2,F,RX,XC,D
11:20:15,INDF,RG,6200,1,F,AK,NI,D
11:20:02,INDF,RG,6175,1,F,RX,YU,F
11:20:01,INDF,RG,6175,11,F,RX,YU,F
11:20:00,INDF,RG,6175,4,F,RX,AK,F
11:20:00,INDF,RG,6175,59,F,RX,YU,D
11:20:00,INDF,RG,6175,2,F,ZP,YU,D
11:20:00,INDF,RG,6175,1,F,ZP,YU,D
11:19:50,INDF,RG,6175,2,F,ZP,YU,F
11:19:49,INDF,RG,6175,1,F,ZP,AK,F
11:19:49,INDF,RG,6175,8,F,ZP,LG,D
11:19:49,INDF,RG,6175,2,D,CC,LG,D
11:19:44,INDF,RG,6175,2,D,CC,PD,D
11:19:22,INDF,RG,6175,1,D,CC,YU,F
11:19:21,INDF,RG,6175,2,F,CS,AK,F
11:19:19,INDF,RG,6175,5,F,CS,YU,F
11:19:19,INDF,RG,6175,1,F,CS,AK,D
11:19:19,INDF,RG,6175,30,F,ZP,AK,D
11:19:15,INDF,RG,6175,1,F,ZP,XC,D
11:18:48,INDF,RG,6175,1,F,ZP,YU,F
11:18:47,INDF,RG,6175,1,F,ZP,AK,F
11:18:46,INDF,RG,6175,1,F,ZP,YU,F
11:18:45,INDF,RG,6175,10,F,ZP,AK,F
11:18:45,INDF,RG,6200,1,F,AK,NI,D
11:18:18,INDF,RG,6175,1,F,ZP,YU,F
11:18:17,INDF,RG,6175,5,F,ZP,SQ,D
11:17:42,INDF,RG,6175,1,F,ZP,YU,F
11:17:41,INDF,RG,6175,1,F,ZP,XC,D
11:17:40,INDF,RG,6175,2,F,ZP,AK,F
11:17:40,INDF,RG,6175,3,F,ZP,YU,F
11:17:39,INDF,RG,6175,19,F,ZP,LG,D
11:17:02,INDF,RG,6175,1,F,ZP,YU,F
11:17:01,INDF,RG,6175,7,F,ZP,YU,F
11:17:01,INDF,RG,6175,4,F,ZP,YU,F
11:17:00,INDF,RG,6175,4,F,ZP,AK,F
11:17:00,INDF,RG,6175,34,F,ZP,YU,D
11:17:00,INDF,RG,6175,5,F,ZP,YU,D
11:17:00,INDF,RG,6175,23,F,ZP,YU,D
11:16:46,INDF,RG,6175,1,F,ZP,YU,F
11:16:45,INDF,RG,6175,5,F,ZP,AK,F
11:16:30,INDF,RG,6175,1,F,ZP,YU,F
11:16:29,INDF,RG,6175,2,F,ZP,AK,F
11:16:29,INDF,RG,6175,4,F,ZP,YP,D
11:14:59,INDF,RG,6175,2,F,ZP,YU,F
11:14:59,INDF,RG,6175,1,D,YP,YU,F
11:14:58,INDF,RG,6200,16,D,PD,NI,D
11:14:48,INDF,RG,6175,1,D,YP,NI,D
11:14:48,INDF,RG,6175,3,D,XC,NI,D
11:14:36,INDF,RG,6175,1,D,XC,YU,F
11:14:36,INDF,RG,6175,1,D,XC,AK,F
11:14:36,INDF,RG,6175,1,F,ZP,AK,F
11:14:35,INDF,RG,6175,5,F,ZP,YU,F
11:14:35,INDF,RG,6175,30,F,ZP,PD,D
11:14:32,INDF,RG,6200,2,D,PD,NI,D
11:14:30,INDF,RG,6175,1,F,ZP,YU,F
11:14:30,INDF,RG,6200,2,F,AK,NI,D
11:14:29,INDF,RG,6175,1,F,ZP,CC,D
11:13:04,INDF,RG,6175,1,F,ZP,AK,F
11:13:02,INDF,RG,6175,1,F,ZP,AK,F
11:13:02,INDF,RG,6175,5,F,ZP,YU,F
11:13:01,INDF,RG,6175,27,F,ZP,AK,D
11:13:01,INDF,RG,6175,1,F,ZP,YU,F
11:13:01,INDF,RG,6175,1,F,ZP,AK,F
11:13:01,INDF,RG,6175,1,F,ZP,YU,F
11:13:01,INDF,RG,6175,3,F,ZP,AK,F
11:13:01,INDF,RG,6175,5,F,ZP,YU,F
11:13:00,INDF,RG,6175,1,F,ZP,KK,D
11:13:00,INDF,RG,6175,5,F,ZP,YU,F
11:13:00,INDF,RG,6175,33,F,ZP,YU,D
11:13:00,INDF,RG,6175,28,F,ZP,YU,D
11:12:54,INDF,RG,6175,1,F,ZP,AK,F
11:12:53,INDF,RG,6175,3,F,ZP,CC,D
11:12:31,INDF,RG,6175,1,F,ZP,YU,F
11:12:30,INDF,RG,6175,2,F,ZP,YU,F
11:12:30,INDF,RG,6175,1,F,ZP,AK,F
11:12:29,INDF,RG,6175,16,F,ZP,XC,D
11:12:22,INDF,RG,6175,2,F,ZP,YU,F
11:12:21,INDF,RG,6175,7,F,ZP,XC,D
11:12:10,INDF,RG,6175,3,F,ZP,GR,D
11:11:47,INDF,RG,6175,1,F,ZP,AK,F
11:11:45,INDF,RG,6175,2,F,ZP,YU,F
11:11:45,INDF,RG,6175,1,F,ZP,YU,F
11:11:45,INDF,RG,6175,10,F,ZP,AK,F
11:11:45,INDF,RG,6175,4,F,ZP,AK,F
11:11:44,INDF,RG,6200,2,D,PD,NI,D
11:11:20,INDF,RG,6175,1,F,ZP,YU,F
11:11:19,INDF,RG,6175,5,F,ZP,YU,F
11:11:19,INDF,RG,6175,1,F,ZP,XC,D
11:11:19,INDF,RG,6175,5,F,CS,XC,D
11:11:19,INDF,RG,6175,26,F,RX,XC,D
11:11:00,INDF,RG,6175,11,F,RX,YU,F
11:11:00,INDF,RG,6175,2,F,RX,YU,F
11:11:00,INDF,RG,6175,5,F,RX,YU,D
11:11:00,INDF,RG,6175,60,F,ZP,YU,D
11:11:00,INDF,RG,6175,1,D,OD,YU,D
11:11:00,INDF,RG,6175,8,D,LG,YU,D
11:10:59,INDF,RG,6175,1,D,LG,YU,F
11:10:58,INDF,RG,6175,5,D,LG,NI,D
11:10:15,INDF,RG,6200,1,F,AK,NI,D
11:09:34,INDF,RG,6175,1,D,YP,YU,F
11:09:34,INDF,RG,6175,1,D,YP,YU,F
11:09:33,INDF,RG,6175,6,D,YP,YU,F
11:09:33,INDF,RG,6175,10,D,YP,YU,F
11:09:32,INDF,RG,6200,4,D,CC,NI,D
11:09:32,INDF,RG,6200,16,D,CC,YP,D
11:09:32,INDF,RG,6200,9,D,CC,AT,D
11:09:32,INDF,RG,6200,5,D,CC,CC,D
11:09:32,INDF,RG,6200,5,D,CC,NI,D
11:09:32,INDF,RG,6200,2,D,CC,NI,D
11:09:32,INDF,RG,6200,3,D,CC,NI,D
11:09:32,INDF,RG,6200,2,D,CC,XC,D
11:09:32,INDF,RG,6200,54,D,CC,CC,D
11:09:02,INDF,RG,6175,1,D,YP,AK,F
11:09:01,INDF,RG,6175,7,D,YP,YU,F
11:09:01,INDF,RG,6175,1,D,YP,YU,F
11:09:01,INDF,RG,6175,2,D,YP,AK,F
11:09:00,INDF,RG,6175,21,D,YP,YU,D
11:09:00,INDF,RG,6175,5,F,ZP,YU,D
11:09:00,INDF,RG,6175,4,F,ZP,YU,D
11:09:00,INDF,RG,6175,4,F,ZP,YU,D
11:09:00,INDF,RG,6175,3,F,ZP,YU,D
11:09:00,INDF,RG,6175,7,D,YB,YU,D
11:08:55,INDF,RG,6175,2,D,YB,XC,D
11:08:50,INDF,RG,6175,1,D,YB,AK,F
11:08:49,INDF,RG,6175,2,D,YB,YU,F
11:08:49,INDF,RG,6175,1,F,ZP,YU,F
11:08:49,INDF,RG,6175,14,F,ZP,AK,D
11:08:49,INDF,RG,6175,1,F,ZP,AK,F
11:08:48,INDF,RG,6175,2,F,ZP,XC,D
11:08:39,INDF,RG,6175,1,F,ZP,YU,F
11:08:38,INDF,RG,6175,1,F,ZP,YU,F
11:08:38,INDF,RG,6175,5,F,ZP,DX,F
11:08:38,INDF,RG,6175,3,F,RX,DX,F
11:08:29,INDF,RG,6175,1,F,RX,AK,F
11:08:29,INDF,RG,6175,2,F,RX,YU,F
11:08:28,INDF,RG,6175,10,F,RX,DX,F
11:08:23,INDF,RG,6175,3,F,RX,NI,D
11:07:46,INDF,RG,6175,3,F,RX,YU,F
11:07:45,INDF,RG,6175,1,F,RX,AK,F
11:07:45,INDF,RG,6175,13,F,RX,AK,F
11:07:43,INDF,RG,6175,1,F,RX,PD,D
11:07:30,INDF,RG,6175,1,F,RX,YU,F
11:07:30,INDF,RG,6200,1,F,AK,CC,D
11:07:30,INDF,RG,6175,1,F,CS,YU,F
11:07:29,INDF,RG,6175,1,F,CS,AK,F
11:07:29,INDF,RG,6175,2,F,CS,CC,D
11:07:29,INDF,RG,6175,4,D,KK,CC,D
11:07:29,INDF,RG,6175,4,F,CS,CC,D
11:06:41,INDF,RG,6175,1,F,CS,YU,F
11:06:40,INDF,RG,6175,5,F,ZP,XC,D
11:06:19,INDF,RG,6175,1,F,ZP,AK,F
11:06:19,INDF,RG,6175,2,F,ZP,YU,F
11:06:18,INDF,RG,6175,10,F,ZP,AG,D
11:06:04,INDF,RG,6175,2,F,ZP,CC,D
11:06:00,INDF,RG,6200,1,D,XL,CC,D
11:05:36,INDF,RG,6175,1,F,ZP,YU,F
11:05:35,INDF,RG,6175,3,F,ZP,YU,F
11:05:35,INDF,RG,6175,3,F,ZP,YU,F
11:05:34,INDF,RG,6175,2,F,ZP,AK,F
11:05:34,INDF,RG,6175,20,F,ZP,NI,D
11:05:34,INDF,RG,6175,15,F,ZP,AK,D
11:05:09,INDF,RG,6200,1,F,AK,CC,D
11:05:07,INDF,RG,6175,1,F,ZP,AK,F
11:05:07,INDF,RG,6175,1,F,ZP,PD,D
11:05:05,INDF,RG,6175,1,F,ZP,YU,F
11:05:04,INDF,RG,6175,1,F,ZP,PD,D
11:05:01,INDF,RG,6175,10,F,ZP,YU,F
11:05:01,INDF,RG,6175,1,F,ZP,YU,F
11:05:00,INDF,RG,6175,4,F,ZP,AK,F
11:05:00,INDF,RG,6175,2,F,ZP,YU,D
11:05:00,INDF,RG,6175,43,F,RX,YU,D
11:05:00,INDF,RG,6175,8,D,PD,YU,D
11:05:00,INDF,RG,6175,10,F,ZP,YU,D
11:05:00,INDF,RG,6175,1,F,ZP,YU,F
11:04:59,INDF,RG,6175,1,F,ZP,AK,F
11:04:58,INDF,RG,6175,5,F,ZP,YU,F
11:04:58,INDF,RG,6175,4,F,ZP,YU,F
11:04:57,INDF,RG,6175,1,F,ZP,AK,F
11:04:57,INDF,RG,6175,1,F,ZP,AK,F
11:04:57,INDF,RG,6175,20,F,ZP,YP,D
11:04:57,INDF,RG,6175,4,F,ZP,YP,D
11:04:57,INDF,RG,6175,1,F,ZP,YP,D
11:04:57,INDF,RG,6175,4,F,ZP,YP,D
11:04:57,INDF,RG,6175,21,F,ZP,YP,D
11:04:52,INDF,RG,6175,1,F,ZP,AK,F
11:04:52,INDF,RG,6175,3,F,ZP,OD,D
11:04:34,INDF,RG,6175,1,F,ZP,YU,F
11:04:33,INDF,RG,6175,2,F,ZP,NI,D
11:04:15,INDF,RG,6175,2,F,ZP,PD,D
11:04:05,INDF,RG,6175,1,F,ZP,YU,F
11:04:04,INDF,RG,6175,2,F,ZP,YP,D
11:03:54,INDF,RG,6175,1,F,ZP,AK,F
11:03:54,INDF,RG,6175,3,F,ZP,AK,F
11:03:53,INDF,RG,6175,11,F,ZP,YU,F
11:03:53,INDF,RG,6175,61,F,ZP,AK,F
11:03:51,INDF,RG,6175,2,F,ZP,YP,D
11:02:52,INDF,RG,6175,1,F,ZP,YU,F
11:02:52,INDF,RG,6175,1,F,ZP,AK,F
11:02:51,INDF,RG,6175,1,F,ZP,YP,D
11:02:45,INDF,RG,6175,1,F,ZP,YU,F
11:02:45,INDF,RG,6175,5,F,ZP,KK,D
11:02:42,INDF,RG,6175,1,F,ZP,YU,F
11:02:42,INDF,RG,6175,6,F,ZP,AK,F
11:02:40,INDF,RG,6175,1,F,ZP,NI,D
11:02:22,INDF,RG,6175,1,F,ZP,YU,F
11:02:22,INDF,RG,6175,1,F,ZP,AK,F
11:02:21,INDF,RG,6175,4,F,ZP,DR,D
11:02:19,INDF,RG,6175,3,F,ZP,YU,F
11:02:19,INDF,RG,6175,1,F,ZP,AK,F
11:02:19,INDF,RG,6175,17,F,ZP,AK,D
11:02:01,INDF,RG,6175,1,F,ZP,YU,F
11:02:01,INDF,RG,6175,1,F,ZP,YU,F
11:02:01,INDF,RG,6175,4,F,ZP,AK,F
11:02:01,INDF,RG,6175,4,F,ZP,YU,F
11:02:00,INDF,RG,6175,6,F,ZP,YU,F
11:02:00,INDF,RG,6175,5,F,ZP,YU,D
11:02:00,INDF,RG,6175,16,D,GR,YU,D
11:02:00,INDF,RG,6175,7,F,CS,YU,D
11:02:00,INDF,RG,6175,38,F,CS,YU,D
11:01:50,INDF,RG,6175,1,F,CS,AK,F
11:01:49,INDF,RG,6175,2,F,CS,YU,F
11:01:49,INDF,RG,6175,10,F,CS,YP,D
11:01:05,INDF,RG,6175,1,F,CS,YU,F
11:01:05,INDF,RG,6175,3,F,CS,XC,D
11:00:59,INDF,RG,6175,2,F,CS,AK,F
11:00:58,INDF,RG,6175,4,F,CS,YU,F
11:00:58,INDF,RG,6175,20,F,CS,PD,D
11:00:49,INDF,RG,6175,1,F,CS,YU,F
11:00:49,INDF,RG,6175,8,F,CS,NI,D
11:00:42,INDF,RG,6175,1,F,CS,YU,F
11:00:41,INDF,RG,6200,2,F,AK,CC,D
11:00:41,INDF,RG,6175,1,F,CS,YU,F
11:00:41,INDF,RG,6175,1,F,CS,AK,F
11:00:41,INDF,RG,6175,3,F,CS,AK,F
11:00:40,INDF,RG,6175,5,F,CS,YU,F
11:00:40,INDF,RG,6175,3,F,CS,YU,F
11:00:40,INDF,RG,6175,31,F,CS,YP,D
11:00:40,INDF,RG,6175,19,F,RX,YP,D
11:00:04,INDF,RG,6175,1,F,RX,YU,F
11:00:03,INDF,RG,6175,5,F,RX,PD,D
11:00:00,INDF,RG,6200,2,D,XL,CC,D
10:59:48,INDF,RG,6175,1,F,RX,XC,D
10:59:40,INDF,RG,6175,1,F,RX,YU,F
10:59:40,INDF,RG,6175,2,F,RX,AK,F
10:59:39,INDF,RG,6175,1,F,RX,YU,F
10:59:39,INDF,RG,6175,1,F,RX,YU,F
10:59:39,INDF,RG,6175,7,F,RX,AK,F
10:59:38,INDF,RG,6175,8,F,RX,YU,F
10:59:38,INDF,RG,6175,5,F,ZP,YU,F
10:59:38,INDF,RG,6175,1,F,ZP,YU,F
10:59:38,INDF,RG,6175,1,D,XC,YU,F
10:59:38,INDF,RG,6175,5,D,KK,YU,F
10:59:38,INDF,RG,6175,20,D,KK,CC,D
10:59:38,INDF,RG,6175,1,D,DR,CC,D
10:59:38,INDF,RG,6175,3,F,ZP,CC,D
10:59:38,INDF,RG,6175,42,F,RX,CC,D
10:59:38,INDF,RG,6175,4,F,CS,CC,D
10:59:38,INDF,RG,6175,4,D,YP,CC,D
10:59:38,INDF,RG,6175,6,D,CC,CC,D
10:59:38,INDF,RG,6175,39,F,ZP,CC,D
10:59:38,INDF,RG,6175,3,D,YB,CC,D
10:59:35,INDF,RG,6175,1,D,YB,YU,F
10:59:34,INDF,RG,6175,1,D,YB,YU,F
10:59:34,INDF,RG,6175,1,D,YB,YU,F
10:59:34,INDF,RG,6175,1,D,YB,AK,F
10:59:33,INDF,RG,6175,5,D,YB,AK,D
10:59:33,INDF,RG,6175,5,F,ZP,AK,D
10:59:33,INDF,RG,6175,1,F,CS,AK,D
10:59:33,INDF,RG,6175,2,F,CS,YU,F
10:59:33,INDF,RG,6175,2,F,RX,YU,F
10:59:33,INDF,RG,6175,1,F,RX,AK,F
10:59:32,INDF,RG,6175,25,F,RX,PD,D
10:59:05,INDF,RG,6175,1,F,RX,AK,F
10:59:04,INDF,RG,6175,2,F,RX,YU,F
10:59:04,INDF,RG,6175,7,F,RX,AK,F
10:59:03,INDF,RG,6175,1,F,RX,PD,D
10:58:54,INDF,RG,6175,3,F,RX,YU,F
10:58:54,INDF,RG,6175,1,F,RX,AK,F
10:58:53,INDF,RG,6175,20,F,RX,CC,D
10:58:06,INDF,RG,6175,1,F,RX,YU,F
10:58:05,INDF,RG,6175,4,F,RX,CC,D
10:57:58,INDF,RG,6175,1,F,RX,AK,F
10:57:57,INDF,RG,6175,1,F,RX,YU,F
10:57:56,INDF,RG,6175,4,F,RX,YU,F
10:57:56,INDF,RG,6175,1,F,RX,AK,F
10:57:55,INDF,RG,6175,4,F,RX,RS,D
10:57:55,INDF,RG,6175,21,F,ZP,RS,D
10:57:53,INDF,RG,6175,2,F,ZP,YU,F
10:57:53,INDF,RG,6175,1,F,ZP,AK,F
10:57:52,INDF,RG,6175,10,F,ZP,DX,F
10:57:45,INDF,RG,6175,7,F,ZP,YU,F
10:57:45,INDF,RG,6175,3,F,ZP,AK,F
10:57:44,INDF,RG,6175,40,F,ZP,NI,D
10:57:14,INDF,RG,6175,1,F,ZP,YU,F
10:57:13,INDF,RG,6175,2,F,ZP,XC,D
10:57:03,INDF,RG,6200,1,F,AK,CC,D
10:57:02,INDF,RG,6175,2,F,ZP,YU,F
10:57:02,INDF,RG,6175,1,F,ZP,AK,F
10:57:01,INDF,RG,6175,8,F,ZP,AK,F
10:57:01,INDF,RG,6175,22,F,ZP,YU,F
10:57:01,INDF,RG,6175,1,F,ZP,YU,F
10:57:00,INDF,RG,6175,125,F,ZP,YU,D
10:57:00,INDF,RG,6175,6,D,DH,YU,D
10:56:56,INDF,RG,6175,1,D,DH,YU,F
10:56:55,INDF,RG,6175,4,D,DH,XC,D
10:56:55,INDF,RG,6175,1,D,XC,XC,D
10:56:49,INDF,RG,6175,2,D,XC,YU,F
10:56:49,INDF,RG,6175,1,D,XC,AK,F
10:56:48,INDF,RG,6175,1,D,XC,YP,D
10:56:48,INDF,RG,6175,14,F,ZP,YP,D
10:56:38,INDF,RG,6175,1,F,ZP,YU,F
10:56:37,INDF,RG,6175,1,F,ZP,XC,D
10:56:24,INDF,RG,6175,1,F,ZP,AK,F
10:56:24,INDF,RG,6175,1,F,ZP,YU,F
10:56:23,INDF,RG,6175,10,F,ZP,DX,F
10:56:20,INDF,RG,6175,1,F,ZP,YU,F
10:56:19,INDF,RG,6175,1,F,ZP,AK,F
10:56:19,INDF,RG,6175,3,F,ZP,YU,F
10:56:19,INDF,RG,6175,17,F,ZP,AK,D
10:56:07,INDF,RG,6175,2,F,ZP,AK,F
10:56:06,INDF,RG,6175,4,F,ZP,YU,F
10:56:05,INDF,RG,6175,20,F,ZP,YP,D
10:55:48,INDF,RG,6175,4,F,ZP,YU,F
10:55:47,INDF,RG,6175,1,F,ZP,AK,F
10:55:47,INDF,RG,6175,25,F,ZP,PD,D
10:55:00,INDF,RG,6200,1,F,AK,CC,D
10:54:43,INDF,RG,6175,1,F,ZP,AK,F
10:54:43,INDF,RG,6175,1,F,ZP,YU,F
10:54:42,INDF,RG,6175,2,F,ZP,SQ,D
10:54:35,INDF,RG,6175,2,F,ZP,YU,F
10:54:34,INDF,RG,6175,10,F,ZP,AK,F
10:54:16,INDF,RG,6175,3,D,YP,YU,F
10:54:16,INDF,RG,6175,2,D,YP,AK,F
10:54:15,INDF,RG,6175,1,D,YP,LG,D
10:54:15,INDF,RG,6175,19,F,ZP,LG,D
10:54:05,INDF,RG,6175,1,F,ZP,YU,F
10:54:04,INDF,RG,6200,1,D,PD,CC,D
10:53:01,INDF,RG,6175,7,F,ZP,YU,F
10:53:01,INDF,RG,6175,5,D,SQ,YU,F
10:53:01,INDF,RG,6175,1,F,CS,YU,F
10:53:00,INDF,RG,6175,3,F,CS,AK,F
10:53:00,INDF,RG,6175,1,D,DH,AK,F
10:53:00,INDF,RG,6175,1,D,XC,AK,F
10:53:00,INDF,RG,6175,2,F,ZP,YU,D
10:53:00,INDF,RG,6175,16,F,ZP,YU,D
10:53:00,INDF,RG,6175,42,F,ZP,YU,D
10:53:00,INDF,RG,6175,5,F,ZP,YU,D
10:53:00,INDF,RG,6175,2,D,YP,YU,D
10:53:00,INDF,RG,6175,4,F,RX,YU,D
10:52:43,INDF,RG,6175,1,F,RX,YU,F
10:52:43,INDF,RG,6175,5,F,RX,GR,D
10:52:04,INDF,RG,6175,5,F,RX,YU,F
10:52:04,INDF,RG,6175,2,F,RX,AK,F
10:52:04,INDF,RG,6175,26,F,RX,AK,D
10:51:48,INDF,RG,6175,1,F,RX,AK,F
10:51:48,INDF,RG,6175,3,F,RX,YU,F
10:51:47,INDF,RG,6175,1,F,RX,YU,F
10:51:47,INDF,RG,6175,16,F,RX,CC,D
10:51:47,INDF,RG,6175,2,D,YP,CC,D
10:51:47,INDF,RG,6175,1,D,AT,CC,D
10:51:47,INDF,RG,6175,1,F,CS,CC,D
10:51:46,INDF,RG,6175,2,F,CS,YU,F
10:51:46,INDF,RG,6175,1,F,ZP,YU,F
10:51:46,INDF,RG,6175,2,F,ZP,AK,F
10:51:46,INDF,RG,6175,20,F,ZP,AZ,D
10:51:44,INDF,RG,6175,2,F,ZP,YU,F
10:51:43,INDF,RG,6175,9,F,ZP,PD,D
10:51:41,INDF,RG,6175,1,F,ZP,GR,D
10:51:26,INDF,RG,6175,1,F,ZP,PD,D
10:51:20,INDF,RG,6175,1,F,ZP,YU,F
10:51:20,INDF,RG,6175,1,F,ZP,AK,F
10:51:20,INDF,RG,6175,1,F,ZP,PD,D
10:51:19,INDF,RG,6175,3,F,ZP,YU,F
10:51:19,INDF,RG,6175,1,F,ZP,AK,F
10:51:19,INDF,RG,6175,19,F,ZP,LG,D
10:50:55,INDF,RG,6175,1,F,ZP,XC,D
10:50:45,INDF,RG,6175,1,F,ZP,YU,F
10:50:44,INDF,RG,6175,1,F,ZP,AK,F
10:50:43,INDF,RG,6175,3,F,ZP,YU,F
10:50:42,INDF,RG,6175,19,F,ZP,LG,D
10:50:18,INDF,RG,6175,1,F,ZP,YP,D
10:50:16,INDF,RG,6175,1,F,ZP,YU,F
10:50:15,INDF,RG,6200,2,F,AK,CC,D
10:50:01,INDF,RG,6175,1,F,ZP,YU,F
10:50:01,INDF,RG,6175,2,F,ZP,AK,F
10:50:01,INDF,RG,6175,2,F,ZP,AK,F
10:50:00,INDF,RG,6175,6,F,ZP,YU,F
10:50:00,INDF,RG,6175,2,F,ZP,YU,F
10:50:00,INDF,RG,6175,19,F,ZP,YU,D
10:50:00,INDF,RG,6175,16,F,ZP,YU,D
10:50:00,INDF,RG,6175,3,F,CS,YU,D
10:50:00,INDF,RG,6175,2,F,ZP,YU,D
10:50:00,INDF,RG,6175,1,D,XC,YU,D
10:50:00,INDF,RG,6175,7,F,ZP,YU,D
10:49:34,INDF,RG,6175,5,F,ZP,YU,F
10:49:34,INDF,RG,6175,4,F,ZP,YU,F
10:49:34,INDF,RG,6175,3,F,ZP,AK,F
10:49:33,INDF,RG,6175,28,F,ZP,KI,D
10:49:33,INDF,RG,6175,22,F,ZP,KI,D
10:49:24,INDF,RG,6175,4,F,ZP,YU,F
10:49:24,INDF,RG,6175,1,F,ZP,AK,F
10:49:23,INDF,RG,6175,20,F,ZP,YP,D
10:48:26,INDF,RG,6175,1,F,ZP,AK,F
10:48:25,INDF,RG,6175,3,F,ZP,YU,F
10:48:24,INDF,RG,6175,15,F,ZP,PD,D
10:48:19,INDF,RG,6175,1,F,ZP,AK,F
10:48:17,INDF,RG,6175,1,F,ZP,YU,F
10:48:17,INDF,RG,6175,5,F,ZP,XC,D
10:47:57,INDF,RG,6175,1,F,ZP,YU,F
10:47:57,INDF,RG,6175,5,F,ZP,YP,D
10:47:51,INDF,RG,6175,1,F,ZP,AK,F
10:47:50,INDF,RG,6175,1,F,ZP,YU,F
10:47:50,INDF,RG,6175,5,F,ZP,XC,D
10:47:26,INDF,RG,6175,1,F,ZP,NI,D
10:46:54,INDF,RG,6175,1,F,ZP,YU,F
10:46:54,INDF,RG,6175,6,F,ZP,XC,D
10:46:26,INDF,RG,6175,1,F,ZP,YU,F
10:46:26,INDF,RG,6175,1,F,ZP,AK,F
10:46:26,INDF,RG,6175,2,F,ZP,AK,F
10:46:25,INDF,RG,6175,3,F,ZP,YU,F
10:46:25,INDF,RG,6175,5,F,ZP,YU,F
10:46:25,INDF,RG,6175,21,F,ZP,CC,F
10:46:25,INDF,RG,6175,28,F,RX,CC,F
10:46:25,INDF,RG,6175,1,F,ZP,CC,F
10:46:16,INDF,RG,6175,1,F,ZP,AK,F
10:46:15,INDF,RG,6175,1,F,ZP,YU,F
10:46:14,INDF,RG,6175,3,F,ZP,YU,F
10:46:14,INDF,RG,6175,1,F,ZP,YU,F
10:46:14,INDF,RG,6175,1,F,ZP,AK,F
10:46:13,INDF,RG,6175,20,F,ZP,AK,D
10:46:13,INDF,RG,6175,5,F,CS,AK,D
10:46:12,INDF,RG,6175,1,D,KK,NI,D
10:46:07,INDF,RG,6175,2,D,KK,LS,D
10:46:03,INDF,RG,6175,1,D,KK,YU,F
10:46:02,INDF,RG,6175,1,D,KK,AK,F
10:46:02,INDF,RG,6175,1,D,KK,YU,F
10:46:01,INDF,RG,6175,2,D,KK,YU,F
10:46:01,INDF,RG,6175,2,D,KK,YU,F
10:46:01,INDF,RG,6175,1,F,ZP,YU,F
10:46:01,INDF,RG,6175,4,F,ZP,YU,F
10:46:01,INDF,RG,6175,3,F,ZP,AK,F
10:46:00,INDF,RG,6175,14,F,ZP,YU,D
10:46:00,INDF,RG,6175,42,F,ZP,YU,D
10:45:17,INDF,RG,6175,1,F,ZP,AK,F
10:45:16,INDF,RG,6175,2,F,ZP,YU,F
10:45:15,INDF,RG,6175,10,F,ZP,AK,F
10:44:55,INDF,RG,6175,1,F,ZP,YU,F
10:44:55,INDF,RG,6175,5,F,ZP,DR,D
10:44:48,INDF,RG,6175,2,F,ZP,YU,F
10:44:47,INDF,RG,6175,1,F,ZP,AK,F
10:44:47,INDF,RG,6175,10,F,ZP,YP,D
10:44:41,INDF,RG,6175,1,F,ZP,AK,F
10:44:41,INDF,RG,6175,1,F,ZP,YU,F
10:44:40,INDF,RG,6175,8,F,ZP,YU,F
10:44:39,INDF,RG,6175,2,F,ZP,AK,F
10:44:39,INDF,RG,6175,4,F,ZP,YP,D
10:44:39,INDF,RG,6175,46,F,CS,YP,D
10:44:29,INDF,RG,6175,1,F,CS,AK,F
10:44:29,INDF,RG,6175,1,F,CS,YU,F
10:44:28,INDF,RG,6175,11,F,CS,YU,F
10:44:27,INDF,RG,6175,4,F,CS,AK,F
10:44:27,INDF,RG,6175,63,F,CS,DR,D
10:44:02,INDF,RG,6175,1,F,CS,YU,F
10:44:01,INDF,RG,6175,5,F,CS,CC,D
10:43:56,INDF,RG,6175,1,F,CS,YU,F
10:43:55,INDF,RG,6175,2,F,CS,YP,D
10:43:55,INDF,RG,6175,1,F,CS,AK,F
10:43:54,INDF,RG,6175,3,F,CS,YU,F
10:43:54,INDF,RG,6175,1,F,CS,AK,F
10:43:53,INDF,RG,6175,18,F,CS,YU,F
10:43:53,INDF,RG,6175,16,F,CS,YU,F
10:43:52,INDF,RG,6175,12,F,CS,AK,F
10:43:52,INDF,RG,6175,72,F,CS,DH,D
10:43:52,INDF,RG,6175,1,D,XC,DH,D
10:43:52,INDF,RG,6175,1,D,CC,DH,D
10:43:52,INDF,RG,6175,1,F,AK,DH,D
10:43:52,INDF,RG,6175,4,F,CS,DH,D
10:43:52,INDF,RG,6175,4,F,ZP,DH,D
10:43:52,INDF,RG,6175,14,D,LG,DH,D
10:43:52,INDF,RG,6175,1,D,NI,DH,D
10:43:52,INDF,RG,6175,5,F,ZP,DH,D
10:43:52,INDF,RG,6175,2,F,CS,DH,D
10:43:52,INDF,RG,6175,1,D,PD,DH,D
10:43:52,INDF,RG,6175,94,F,ZP,DH,D
10:43:52,INDF,RG,6175,3,F,ZP,YU,F
10:43:51,INDF,RG,6175,1,F,ZP,AK,F
10:43:51,INDF,RG,6175,15,F,ZP,ZP,D
10:43:33,INDF,RG,6175,1,F,ZP,AK,F
10:43:33,INDF,RG,6175,1,F,ZP,YU,F
10:43:32,INDF,RG,6175,5,F,ZP,YU,F
10:43:32,INDF,RG,6175,6,F,ZP,YU,F
10:43:31,INDF,RG,6175,23,F,ZP,AK,F
10:43:31,INDF,RG,6175,12,F,ZP,YU,F
10:43:31,INDF,RG,6175,42,F,ZP,YU,F
10:43:30,INDF,RG,6175,7,F,ZP,YP,D
10:43:30,INDF,RG,6175,29,F,ZP,YP,D
10:43:30,INDF,RG,6175,5,D,CC,YP,D
10:43:30,INDF,RG,6175,36,F,ZP,YP,D
10:43:30,INDF,RG,6175,11,F,ZP,YP,D
10:43:30,INDF,RG,6175,6,F,CS,YP,D
10:43:30,INDF,RG,6175,5,F,ZP,YP,D
10:43:30,INDF,RG,6175,1,D,NI,YP,D
10:43:30,INDF,RG,6175,3,F,CS,YP,D
10:43:30,INDF,RG,6175,5,F,ZP,YP,D
10:43:30,INDF,RG,6175,4,F,CS,YP,D
10:43:30,INDF,RG,6175,238,F,RX,YP,D
10:43:02,INDF,RG,6175,1,F,RX,YU,F
10:43:02,INDF,RG,6175,1,F,RX,AK,F
10:43:01,INDF,RG,6175,4,F,RX,YU,F
10:43:01,INDF,RG,6175,9,D,DR,YU,F
10:43:00,INDF,RG,6175,1,D,DR,AK,F
10:43:00,INDF,RG,6175,3,F,ZP,AK,F
10:43:00,INDF,RG,6175,72,F,ZP,YU,D
10:42:48,INDF,RG,6175,1,F,ZP,AK,F
10:42:48,INDF,RG,6175,1,F,ZP,YU,F
10:42:48,INDF,RG,6175,1,F,ZP,YU,F
10:42:47,INDF,RG,6200,5,F,ZP,CC,D
10:42:47,INDF,RG,6175,10,F,ZP,KK,D
10:42:31,INDF,RG,6175,1,F,ZP,YU,F
10:42:30,INDF,RG,6175,1,F,ZP,AK,F
10:42:30,INDF,RG,6175,5,F,ZP,AK,F
10:42:30,INDF,RG,6175,2,F,ZP,YU,F
10:42:29,INDF,RG,6175,12,F,ZP,YU,F
10:42:29,INDF,RG,6175,9,F,ZP,YU,F
10:42:28,INDF,RG,6175,72,F,ZP,AK,F
10:42:28,INDF,RG,6175,3,F,ZP,AK,F
10:42:28,INDF,RG,6175,50,F,ZP,PD,D
10:42:17,INDF,RG,6175,3,F,ZP,YU,F
10:42:17,INDF,RG,6175,1,F,ZP,YU,F
10:42:16,INDF,RG,6175,12,F,ZP,LG,D
10:42:16,INDF,RG,6175,2,D,CC,LG,D
10:42:16,INDF,RG,6175,6,F,CS,LG,D
10:42:16,INDF,RG,6175,6,F,ZP,LG,D
10:42:05,INDF,RG,6175,4,F,ZP,YU,F
10:42:04,INDF,RG,6175,20,F,ZP,LG,D
10:41:58,INDF,RG,6175,1,F,ZP,YU,F
10:41:57,INDF,RG,6175,5,F,ZP,PD,D
10:41:56,INDF,RG,6200,3,D,XL,CC,D
10:41:51,INDF,RG,6175,1,F,ZP,XC,D
10:41:38,INDF,RG,6175,1,F,ZP,PD,D
10:41:36,INDF,RG,6175,1,F,ZP,YU,F
10:41:35,INDF,RG,6175,1,F,ZP,PD,D
10:41:25,INDF,RG,6175,2,F,ZP,YU,F
10:41:25,INDF,RG,6175,2,F,ZP,YU,F
10:41:24,INDF,RG,6175,13,F,ZP,YU,F
10:41:23,INDF,RG,6175,2,F,ZP,YP,D
10:41:23,INDF,RG,6175,15,F,ZP,YP,D
10:41:23,INDF,RG,6175,2,F,CS,YP,D
10:41:23,INDF,RG,6175,1,D,XC,YP,D
10:41:23,INDF,RG,6175,1,F,AK,YP,D
10:41:23,INDF,RG,6175,6,F,CS,YP,D
10:41:23,INDF,RG,6175,73,F,ZP,YP,D
10:41:04,INDF,RG,6175,1,F,ZP,YU,F
10:41:04,INDF,RG,6175,4,F,ZP,PD,D
10:40:50,INDF,RG,6175,1,F,ZP,YU,F
10:40:50,INDF,RG,6175,1,F,ZP,YU,F
10:40:49,INDF,RG,6175,4,F,ZP,YU,F
10:40:49,INDF,RG,6175,10,F,ZP,PD,D
10:40:49,INDF,RG,6175,23,F,ZP,AK,D
10:40:11,INDF,RG,6175,3,F,ZP,YU,F
10:40:10,INDF,RG,6175,22,F,ZP,YU,F
10:40:10,INDF,RG,6175,19,F,ZP,YU,F
10:40:09,INDF,RG,6175,128,F,ZP,CC,D
10:40:09,INDF,RG,6175,5,F,ZP,CC,D
10:40:09,INDF,RG,6175,1,D,NI,CC,D
10:40:09,INDF,RG,6175,2,D,PD,CC,D
10:40:09,INDF,RG,6175,5,F,CS,CC,D
10:40:09,INDF,RG,6175,3,F,CS,CC,D
10:40:09,INDF,RG,6175,106,F,ZP,CC,D
10:40:00,INDF,RG,6175,10,F,ZP,YU,F
10:40:00,INDF,RG,6175,59,F,ZP,YU,D
10:40:00,INDF,RG,6175,1,F,CS,YU,D
10:39:56,INDF,RG,6175,1,F,CS,YU,F
10:39:55,INDF,RG,6175,4,D,AZ,YU,F
10:39:55,INDF,RG,6175,1,D,AZ,PD,D
10:39:55,INDF,RG,6175,24,F,ZP,PD,D
10:39:31,INDF,RG,6175,1,F,ZP,YU,F
10:39:30,INDF,RG,6175,6,F,ZP,AK,F
10:39:24,INDF,RG,6175,3,F,ZP,YU,F
10:39:23,INDF,RG,6175,20,F,ZP,CC,D
10:39:19,INDF,RG,6175,4,F,ZP,YU,F
10:39:18,INDF,RG,6175,19,F,ZP,LG,D
10:39:00,INDF,RG,6175,2,F,ZP,YU,F
10:38:59,INDF,RG,6175,15,F,ZP,CC,D
10:38:16,INDF,RG,6175,2,F,ZP,YU,F
10:38:15,INDF,RG,6175,16,F,ZP,YU,F
10:38:15,INDF,RG,6175,4,F,CS,YU,F
10:38:15,INDF,RG,6175,3,F,CS,YU,F
10:38:15,INDF,RG,6175,3,D,YP,YU,F
10:38:15,INDF,RG,6175,3,D,YP,YU,F
10:38:15,INDF,RG,6175,4,F,ZP,YU,F
10:38:15,INDF,RG,6175,1,F,ZP,YU,F
10:38:15,INDF,RG,6175,23,F,ZP,YP,D
10:38:15,INDF,RG,6175,1,D,CC,YP,D
10:38:15,INDF,RG,6175,128,F,RX,YP,D
10:38:15,INDF,RG,6175,4,F,ZP,YP,D
10:38:15,INDF,RG,6175,1,F,AK,YP,D
10:38:15,INDF,RG,6175,43,F,ZP,YP,D
10:37:56,INDF,RG,6175,1,F,ZP,PD,D
10:37:37,INDF,RG,6175,1,F,ZP,YU,F
10:37:36,INDF,RG,6175,4,F,ZP,YP,D
10:37:36,INDF,RG,6175,1,F,ZP,YU,F
10:37:35,INDF,RG,6175,5,F,ZP,DR,D
10:37:06,INDF,RG,6175,5,F,ZP,YP,D
10:37:00,INDF,RG,6175,9,F,ZP,YU,F
10:37:00,INDF,RG,6175,46,F,ZP,YU,D
10:36:29,INDF,RG,6175,2,F,ZP,YU,F
10:36:28,INDF,RG,6175,2,F,ZP,AK,D
10:36:28,INDF,RG,6175,1,D,GR,AK,D
10:36:28,INDF,RG,6175,11,F,CS,AK,D
10:36:28,INDF,RG,6175,2,F,CS,YU,F
10:36:27,INDF,RG,6175,10,F,CS,YP,D
10:36:25,INDF,RG,6175,1,F,CS,YU,F
10:36:24,INDF,RG,6175,8,F,CS,DX,F
10:34:52,INDF,RG,6175,5,F,CS,YU,F
10:34:51,INDF,RG,6175,25,F,CS,GR,D
10:34:47,INDF,RG,6175,1,F,CS,YU,F
10:34:46,INDF,RG,6175,8,F,CS,PD,D
10:34:30,INDF,RG,6175,2,F,CS,PD,D
10:34:07,INDF,RG,6175,9,F,CS,YU,F
10:34:06,INDF,RG,6175,50,F,CS,YP,D
10:33:35,INDF,RG,6175,2,F,CS,YU,F
10:33:34,INDF,RG,6175,11,F,CS,AK,D
10:33:16,INDF,RG,6175,1,F,CS,CC,D
10:33:06,INDF,RG,6175,1,F,CS,YU,F
10:33:06,INDF,RG,6175,3,F,CS,CC,D
10:33:01,INDF,RG,6175,10,F,CS,YU,F
10:33:00,INDF,RG,6175,58,F,CS,YU,D
10:32:27,INDF,RG,6175,2,F,CS,YU,F
10:32:26,INDF,RG,6175,9,F,CS,YP,D
10:32:16,INDF,RG,6175,17,F,CS,YU,F
10:32:15,INDF,RG,6175,100,F,CS,YP,D
10:32:13,INDF,RG,6175,1,F,CS,YU,F
10:32:12,INDF,RG,6200,5,D,LG,CC,D
10:31:59,INDF,RG,6175,1,F,CS,NI,D
10:31:57,INDF,RG,6175,4,F,CS,YU,F
10:31:56,INDF,RG,6175,19,F,CS,LG,D
10:31:46,INDF,RG,6175,1,F,CS,YU,F
10:31:45,INDF,RG,6175,6,F,CS,AK,F
10:31:43,INDF,RG,6175,1,F,CS,YU,F
10:31:42,INDF,RG,6175,8,F,CS,YU,F
10:31:41,INDF,RG,6175,5,F,CS,YP,D
10:31:41,INDF,RG,6175,45,F,ZP,YP,D
10:30:22,INDF,RG,6200,1,D,PD,CC,D
10:30:22,INDF,RG,6175,5,F,ZP,DR,D
10:29:49,INDF,RG,6175,1,F,ZP,YU,F
10:29:48,INDF,RG,6175,1,F,ZP,YU,F
10:29:48,INDF,RG,6175,7,F,ZP,NI,D
10:29:05,INDF,RG,6175,1,F,ZP,YP,D
10:29:04,INDF,RG,6175,3,F,ZP,YU,F
10:29:04,INDF,RG,6175,15,F,ZP,AK,D
10:29:01,INDF,RG,6175,7,F,ZP,YU,F
10:29:00,INDF,RG,6175,1,F,ZP,YU,F
10:29:00,INDF,RG,6175,10,F,ZP,YU,D
10:29:00,INDF,RG,6175,14,D,LG,YU,D
10:29:00,INDF,RG,6175,2,F,ZP,YU,D
10:29:00,INDF,RG,6175,13,F,ZP,YU,D
10:29:00,INDF,RG,6175,1,F,AK,YU,D
10:29:00,INDF,RG,6175,6,F,ZP,YU,D
10:28:57,INDF,RG,6175,1,F,ZP,YU,F
10:28:56,INDF,RG,6175,5,F,ZP,CC,D
10:28:35,INDF,RG,6175,5,F,ZP,YU,F
10:28:34,INDF,RG,6175,30,F,ZP,NI,D
10:28:14,INDF,RG,6200,1,D,YP,CC,D
10:28:07,INDF,RG,6175,1,F,ZP,YU,F
10:28:07,INDF,RG,6175,4,F,ZP,YP,D
10:28:01,INDF,RG,6175,1,F,ZP,YU,F
10:28:00,INDF,RG,6175,4,F,ZP,AK,F
10:26:50,INDF,RG,6175,4,F,ZP,XC,D
10:26:31,INDF,RG,6175,1,F,ZP,YU,F
10:26:31,INDF,RG,6200,3,D,AZ,CC,D
10:26:23,INDF,RG,6175,1,F,ZP,YU,F
10:26:23,INDF,RG,6175,4,F,ZP,YP,D
10:26:16,INDF,RG,6175,2,F,ZP,YU,F
10:26:15,INDF,RG,6175,29,F,ZP,YU,F
10:26:15,INDF,RG,6175,10,F,ZP,YU,F
10:26:15,INDF,RG,6175,2,D,KK,YU,F
10:26:15,INDF,RG,6175,23,D,KK,KK,D
10:26:15,INDF,RG,6175,5,F,ZP,KK,D
10:26:15,INDF,RG,6175,109,F,ZP,KK,D
10:26:15,INDF,RG,6175,4,F,CS,KK,D
10:26:15,INDF,RG,6175,1,D,YP,KK,D
10:26:15,INDF,RG,6175,5,D,CC,KK,D
10:26:15,INDF,RG,6175,2,D,CC,KK,D
10:26:15,INDF,RG,6175,10,D,YB,KK,D
10:26:15,INDF,RG,6175,1,F,CS,KK,D
10:26:15,INDF,RG,6175,2,F,CS,KK,D
10:26:15,INDF,RG,6175,5,F,CS,KK,D
10:26:15,INDF,RG,6175,2,F,CS,KK,D
10:26:15,INDF,RG,6175,10,D,GR,KK,D
10:26:15,INDF,RG,6175,67,F,ZP,KK,D
10:26:02,INDF,RG,6175,1,F,ZP,YU,F
10:26:02,INDF,RG,6175,1,F,ZP,YU,F
10:26:01,INDF,RG,6175,6,F,ZP,YU,F
10:26:01,INDF,RG,6175,8,F,ZP,AK,D
10:26:01,INDF,RG,6175,3,F,ZP,YU,F
10:26:00,INDF,RG,6175,35,F,ZP,YU,D
10:26:00,INDF,RG,6175,22,D,XC,YU,D
10:25:59,INDF,RG,6175,1,D,XC,YU,F
10:25:59,INDF,RG,6175,5,D,XC,PD,D
10:25:48,INDF,RG,6175,1,D,XC,CC,D
10:25:40,INDF,RG,6175,1,D,XC,YU,F
10:25:39,INDF,RG,6175,1,D,XC,CC,D
10:25:23,INDF,RG,6175,1,D,XC,XC,D
10:25:16,INDF,RG,6175,2,D,XC,YU,F
10:25:16,INDF,RG,6175,1,D,XC,YU,F
10:25:15,INDF,RG,6175,15,D,XC,KK,D
10:25:15,INDF,RG,6175,2,F,ZP,KK,D
10:25:15,INDF,RG,6175,3,F,ZP,KK,D
10:24:58,INDF,RG,6175,1,F,ZP,YU,F
10:24:57,INDF,RG,6175,2,F,ZP,CC,D
10:24:45,INDF,RG,6175,2,F,ZP,PD,D
10:24:08,INDF,RG,6175,1,F,ZP,YU,F
10:24:08,INDF,RG,6175,5,F,ZP,XC,D
10:23:50,INDF,RG,6175,1,F,ZP,YU,F
10:23:49,INDF,RG,6175,1,F,ZP,AK,D
10:23:49,INDF,RG,6175,3,D,PD,AK,D
10:23:49,INDF,RG,6175,1,F,AK,AK,D
10:23:49,INDF,RG,6175,3,D,SQ,AK,D
10:23:40,INDF,RG,6175,1,D,SQ,YU,F
10:23:39,INDF,RG,6175,1,D,SQ,YP,D
10:23:37,INDF,RG,6175,1,D,SQ,CC,D
10:23:30,INDF,RG,6175,4,D,SQ,YU,F
10:23:29,INDF,RG,6175,25,D,SQ,KI,D
10:23:08,INDF,RG,6175,1,D,SQ,YU,F
10:23:07,INDF,RG,6200,3,F,ZP,CC,D
10:23:05,INDF,RG,6175,2,D,SQ,YU,F
10:23:05,INDF,RG,6175,11,D,SQ,CC,D
10:22:44,INDF,RG,6175,1,D,SQ,PD,D
10:22:03,INDF,RG,6175,2,D,SQ,YU,F
10:22:02,INDF,RG,6175,11,D,SQ,PD,D
10:21:50,INDF,RG,6175,2,D,SQ,GR,D
10:21:29,INDF,RG,6175,2,D,SQ,YU,F
10:21:28,INDF,RG,6175,10,D,SQ,PD,D
10:21:20,INDF,RG,6175,1,D,SQ,YU,F
10:21:19,INDF,RG,6175,9,D,SQ,AK,D
10:21:02,INDF,RG,6175,2,D,SQ,YU,F
10:21:01,INDF,RG,6175,9,D,SQ,AK,F
10:21:01,INDF,RG,6175,10,D,SQ,YU,F
10:21:00,INDF,RG,6175,56,D,SQ,YU,D
10:20:48,INDF,RG,6175,2,D,SQ,YU,F
10:20:47,INDF,RG,6175,10,D,SQ,IF,D
10:20:35,INDF,RG,6175,2,D,SQ,XC,D
10:20:27,INDF,RG,6175,2,D,SQ,YU,F
10:20:26,INDF,RG,6175,10,D,SQ,GR,D
10:20:00,INDF,RG,6175,35,D,SQ,YU,F
10:19:59,INDF,RG,6175,200,D,SQ,KK,D
10:19:50,INDF,RG,6175,1,F,ZP,YU,F
10:19:50,INDF,RG,6175,8,F,ZP,YU,F
10:19:49,INDF,RG,6175,3,F,ZP,YU,F
10:19:49,INDF,RG,6175,49,F,ZP,AK,F
10:19:49,INDF,RG,6175,19,F,ZP,LG,D
10:19:42,INDF,RG,6175,1,F,ZP,NI,D
10:18:58,INDF,RG,6175,1,F,ZP,YU,F
10:18:57,INDF,RG,6175,1,F,ZP,YU,F
10:18:56,INDF,RG,6175,2,F,ZP,XC,D
10:18:56,INDF,RG,6175,1,D,XC,XC,D
10:18:56,INDF,RG,6175,6,F,ZP,XC,D
10:18:49,INDF,RG,6175,1,F,ZP,SQ,D
10:18:38,INDF,RG,6175,1,F,ZP,YP,D
10:18:33,INDF,RG,6175,1,F,ZP,XC,D
10:18:02,INDF,RG,6175,1,F,ZP,YU,F
10:18:02,INDF,RG,6175,1,F,ZP,AK,F
10:18:01,INDF,RG,6175,1,F,ZP,YU,F
10:18:01,INDF,RG,6175,1,F,ZP,YU,F
10:18:01,INDF,RG,6175,15,F,ZP,XC,D
10:17:51,INDF,RG,6175,1,F,ZP,YU,F
10:17:50,INDF,RG,6175,5,F,ZP,DR,D
10:17:43,INDF,RG,6175,1,F,ZP,YU,F
10:17:42,INDF,RG,6175,3,F,ZP,HP,D
10:17:35,INDF,RG,6175,4,F,ZP,YP,D
10:17:28,INDF,RG,6175,1,F,ZP,AK,F
10:17:26,INDF,RG,6175,4,F,ZP,YU,F
10:17:26,INDF,RG,6175,19,F,ZP,NI,D
10:17:09,INDF,RG,6175,1,F,ZP,YU,F
10:17:09,INDF,RG,6175,2,F,ZP,AK,F
10:17:09,INDF,RG,6175,1,F,ZP,AK,F
10:17:08,INDF,RG,6175,13,F,ZP,YU,F
10:17:08,INDF,RG,6175,5,F,ZP,YU,F
10:17:08,INDF,RG,6175,63,F,ZP,YP,D
10:17:08,INDF,RG,6175,2,F,ZP,YP,D
10:17:08,INDF,RG,6175,6,F,CS,YP,D
10:17:08,INDF,RG,6175,1,F,CS,YP,D
10:17:08,INDF,RG,6175,4,F,CS,YP,D
10:17:08,INDF,RG,6175,3,F,CS,YP,D
10:17:08,INDF,RG,6175,27,F,CS,YP,D
10:17:03,INDF,RG,6175,1,F,CS,YU,F
10:17:03,INDF,RG,6175,1,F,CS,NI,D
10:17:03,INDF,RG,6175,1,F,CS,AK,F
10:17:02,INDF,RG,6175,5,F,CS,YP,D
10:16:41,INDF,RG,6175,1,F,CS,YU,F
10:16:40,INDF,RG,6175,3,F,CS,CC,D
10:16:38,INDF,RG,6175,1,F,CS,XC,D
10:16:08,INDF,RG,6175,2,F,CS,YU,F
10:16:07,INDF,RG,6175,9,F,CS,KK,D
10:16:01,INDF,RG,6175,2,F,CS,AK,F
10:16:00,INDF,RG,6175,9,F,CS,YU,F
10:16:00,INDF,RG,6175,50,F,CS,YU,D
10:15:25,INDF,RG,6175,9,F,CS,YU,F
10:15:25,INDF,RG,6175,1,F,CS,AK,F
10:15:25,INDF,RG,6175,50,F,CS,NI,D
10:15:17,INDF,RG,6175,1,F,CS,AK,F
10:15:16,INDF,RG,6175,1,F,CS,YU,F
10:15:15,INDF,RG,6175,4,F,CS,AK,F
10:15:11,INDF,RG,6175,1,F,CS,YU,F
10:15:10,INDF,RG,6200,8,D,PD,CC,D
10:14:28,INDF,RG,6175,2,F,CS,NI,D
10:14:16,INDF,RG,6175,1,F,CS,YU,F
10:14:15,INDF,RG,6175,1,F,CS,YU,F
10:14:15,INDF,RG,6175,1,F,ZP,YU,F
10:14:15,INDF,RG,6175,1,F,ZP,YU,F
10:14:15,INDF,RG,6175,15,F,ZP,AK,F
10:14:15,INDF,RG,6175,2,F,ZP,AK,F
10:14:14,INDF,RG,6175,2,F,ZP,YP,D
10:14:14,INDF,RG,6175,3,F,ZP,YP,D
10:14:01,INDF,RG,6175,2,F,ZP,YU,F
10:14:01,INDF,RG,6175,8,F,ZP,PD,D
10:13:34,INDF,RG,6175,1,F,ZP,KK,D
10:13:20,INDF,RG,6175,1,F,ZP,YU,F
10:13:20,INDF,RG,6175,3,F,ZP,YU,D
10:13:19,INDF,RG,6175,2,F,ZP,YU,F
10:13:18,INDF,RG,6175,1,F,ZP,YU,F
10:13:18,INDF,RG,6175,15,F,ZP,XC,D
10:13:17,INDF,RG,6175,6,F,ZP,KK,D
10:13:07,INDF,RG,6175,1,F,ZP,YU,F
10:13:06,INDF,RG,6175,80,F,ZP,YU,F
10:13:06,INDF,RG,6175,7,F,ZP,YU,F
10:13:06,INDF,RG,6175,4,F,ZP,YJ,D
10:13:06,INDF,RG,6175,72,F,ZP,YJ,D
10:13:06,INDF,RG,6175,97,F,ZP,YJ,D
10:13:06,INDF,RG,6175,116,F,ZP,YJ,D
10:13:06,INDF,RG,6175,87,F,ZP,YJ,D
10:13:06,INDF,RG,6175,82,F,ZP,YJ,D
10:13:06,INDF,RG,6175,42,F,ZP,YJ,D
10:13:03,INDF,RG,6175,2,F,ZP,YU,F
10:13:02,INDF,RG,6175,9,F,ZP,DX,F
10:12:45,INDF,RG,6175,1,F,ZP,YU,F
10:12:45,INDF,RG,6175,2,F,CS,YU,F
10:12:44,INDF,RG,6175,5,F,CS,AK,F
10:12:44,INDF,RG,6175,12,F,ZP,AK,F
10:12:43,INDF,RG,6175,33,F,ZP,YU,F
10:12:42,INDF,RG,6175,220,F,ZP,YU,F
10:12:42,INDF,RG,6175,188,F,ZP,YU,F
10:12:41,INDF,RG,6175,74,F,ZP,YP,D
10:12:41,INDF,RG,6175,262,F,RX,YP,D
10:12:41,INDF,RG,6175,4,F,AK,YP,D
10:12:41,INDF,RG,6175,1,F,AK,YP,D
10:12:41,INDF,RG,6175,9,D,DR,YP,D
10:12:41,INDF,RG,6175,269,F,ZP,YP,D
10:12:41,INDF,RG,6175,19,F,ZP,YP,D
10:12:41,INDF,RG,6175,6,D,CC,YP,D
10:12:41,INDF,RG,6175,7,F,ZP,YP,D
10:12:41,INDF,RG,6175,5,F,ZP,YP,D
10:12:41,INDF,RG,6175,135,F,ZP,YP,D
10:12:41,INDF,RG,6175,79,F,ZP,YP,D
10:12:41,INDF,RG,6175,85,F,ZP,YP,D
10:12:41,INDF,RG,6175,142,F,ZP,YP,D
10:12:41,INDF,RG,6175,98,F,ZP,YP,D
10:12:41,INDF,RG,6175,107,F,ZP,YP,D
10:12:41,INDF,RG,6175,3,F,CS,YP,D
10:12:41,INDF,RG,6175,5,F,ZP,YP,D
10:12:41,INDF,RG,6175,107,F,ZP,YP,D
10:12:41,INDF,RG,6175,4,F,CS,YP,D
10:12:41,INDF,RG,6175,3,F,CS,YP,D
10:12:41,INDF,RG,6175,9,F,CS,YP,D
10:12:41,INDF,RG,6175,1067,D,AI,YP,D
10:12:32,INDF,RG,6175,1,D,AI,YU,F
10:12:31,INDF,RG,6200,5,D,PD,CC,D
10:12:28,INDF,RG,6200,1,D,PD,PD,D
10:12:05,INDF,RG,6175,30,D,AI,YU,F
10:12:05,INDF,RG,6175,1,D,AI,YU,F
10:12:04,INDF,RG,6200,4,F,RX,PD,D
10:12:04,INDF,RG,6200,12,F,RX,CC,D
10:12:04,INDF,RG,6200,5,F,RX,YP,D
10:12:04,INDF,RG,6200,5,F,RX,YU,D
10:12:04,INDF,RG,6200,4,F,RX,YP,D
10:12:04,INDF,RG,6200,100,F,RX,SS,D
10:12:04,INDF,RG,6200,1,F,RX,CC,D
10:12:04,INDF,RG,6200,2,F,RX,YP,D
10:12:04,INDF,RG,6200,25,F,RX,YP,D
10:12:04,INDF,RG,6200,4,F,RX,YP,D
10:12:04,INDF,RG,6200,3,F,RX,CC,D
10:12:04,INDF,RG,6200,1,F,RX,CC,D
10:12:04,INDF,RG,6200,2,F,RX,CC,D
10:12:04,INDF,RG,6200,1,F,RX,PD,D
10:12:04,INDF,RG,6200,5,F,RX,SQ,D
10:12:04,INDF,RG,6200,2,F,RX,CC,D
10:11:51,INDF,RG,6175,1,D,AI,YU,F
10:11:50,INDF,RG,6175,107,D,AI,YU,F
10:11:50,INDF,RG,6175,2,D,AI,YU,F
10:11:49,INDF,RG,6175,75,D,AI,AK,F
10:11:49,INDF,RG,6175,5,D,AI,YP,D
10:11:49,INDF,RG,6175,1,D,AI,PD,D
10:11:49,INDF,RG,6175,50,D,AI,MI,D
10:11:49,INDF,RG,6175,33,D,AI,CC,D
10:11:49,INDF,RG,6175,27,D,AI,YU,D
10:11:49,INDF,RG,6175,25,D,AI,OD,D
10:11:49,INDF,RG,6175,12,D,AI,YP,D
10:11:49,INDF,RG,6175,25,D,AI,LG,D
10:11:49,INDF,RG,6175,10,D,AI,XL,D
10:11:49,INDF,RG,6175,170,D,AI,YU,F
10:11:49,INDF,RG,6175,42,D,AI,AK,F
10:11:49,INDF,RG,6175,1,D,AI,AK,F
10:11:49,INDF,RG,6175,8,D,AI,AK,F
10:11:49,INDF,RG,6175,10,D,AI,PD,D
10:11:49,INDF,RG,6175,15,D,AI,PD,D
10:11:49,INDF,RG,6175,6,D,AI,PD,D
10:11:49,INDF,RG,6175,21,D,AI,YU,D
10:11:49,INDF,RG,6175,4,D,AI,EP,D
10:11:49,INDF,RG,6175,50,D,AI,PD,D
10:11:49,INDF,RG,6175,1,D,AI,YP,D
10:11:49,INDF,RG,6175,10,D,AI,YP,D
10:11:49,INDF,RG,6175,1,D,AI,NI,D
10:11:49,INDF,RG,6175,1,D,AI,XC,D
10:11:49,INDF,RG,6175,3,D,AI,YP,D
10:11:49,INDF,RG,6175,5,D,AI,YP,D
10:11:49,INDF,RG,6175,25,D,AI,OD,D
10:11:49,INDF,RG,6175,7,D,AI,NI,D
10:11:49,INDF,RG,6175,9,D,AI,XC,D
10:11:49,INDF,RG,6175,11,D,AI,XC,D
10:11:49,INDF,RG,6175,1,D,AI,PD,D
10:11:49,INDF,RG,6175,25,D,AI,YP,D
10:11:49,INDF,RG,6175,102,D,AI,CC,F
10:11:47,INDF,RG,6150,1,F,ZP,YU,F
10:11:46,INDF,RG,6175,4,F,CS,CC,F
10:10:45,INDF,RG,6175,5,F,CS,CC,F
10:10:39,INDF,RG,6150,2,F,ZP,YU,F
10:10:38,INDF,RG,6175,7,F,ZP,CC,F
10:10:21,INDF,RG,6150,1,F,ZP,PD,D
10:10:17,INDF,RG,6150,3,F,ZP,YU,F
10:10:16,INDF,RG,6175,20,D,SQ,CC,F
10:10:13,INDF,RG,6150,1,F,ZP,YU,F
10:10:12,INDF,RG,6175,5,F,ZP,CC,F
10:10:03,INDF,RG,6150,1,F,ZP,YU,F
10:10:02,INDF,RG,6150,7,F,ZP,AK,F
10:10:02,INDF,RG,6150,9,F,ZP,YU,F
10:10:01,INDF,RG,6150,49,F,ZP,SQ,D
10:10:00,INDF,RG,6175,1,F,AK,CC,F
10:09:44,INDF,RG,6150,1,F,ZP,YU,F
10:09:43,INDF,RG,6175,2,F,CS,CC,F
10:09:43,INDF,RG,6175,1,F,CS,PD,D
10:09:43,INDF,RG,6175,1,F,CS,GR,D
10:09:43,INDF,RG,6175,1,F,CS,PD,D
10:09:43,INDF,RG,6175,1,F,CS,YU,D
10:09:22,INDF,RG,6150,1,F,ZP,YU,F
10:09:22,INDF,RG,6150,3,F,ZP,AK,F
10:09:21,INDF,RG,6150,12,F,ZP,YU,F
10:09:20,INDF,RG,6150,2,F,ZP,YU,F
10:09:20,INDF,RG,6150,66,F,ZP,NI,D
10:09:20,INDF,RG,6150,1,D,PD,NI,D
10:09:20,INDF,RG,6150,1,D,GR,NI,D
10:09:20,INDF,RG,6150,12,F,ZP,NI,D
10:08:12,INDF,RG,6150,1,F,ZP,YU,F
10:08:12,INDF,RG,6175,6,F,CS,YU,D
10:08:00,INDF,RG,6175,1,F,AK,YU,D
10:07:18,INDF,RG,6150,2,F,ZP,YU,F
10:07:17,INDF,RG,6150,12,F,ZP,HP,D
10:07:01,INDF,RG,6150,1,F,ZP,YU,F
10:07:01,INDF,RG,6150,1,F,ZP,AK,F
10:07:00,INDF,RG,6150,9,F,ZP,YU,F
10:07:00,INDF,RG,6150,55,F,ZP,YU,D
10:06:59,INDF,RG,6150,1,F,ZP,YU,F
10:06:59,INDF,RG,6175,6,F,CS,YU,D
10:06:57,INDF,RG,6150,2,F,ZP,YU,F
10:06:57,INDF,RG,6175,10,D,GR,YU,D
10:06:45,INDF,RG,6175,1,F,AK,YU,D
10:06:22,INDF,RG,6150,1,F,ZP,YU,F
10:06:22,INDF,RG,6150,1,F,ZP,YU,F
10:06:22,INDF,RG,6175,7,F,RX,YU,D
10:06:22,INDF,RG,6175,4,F,RX,KK,D
10:06:02,INDF,RG,6175,1,D,CC,KK,D
10:05:38,INDF,RG,6150,1,F,ZP,YU,F
10:05:37,INDF,RG,6150,1,F,ZP,YU,F
10:05:36,INDF,RG,6175,5,F,RX,CC,D
10:05:36,INDF,RG,6175,5,F,RX,CC,F
10:05:32,INDF,RG,6150,1,F,ZP,YU,F
10:05:31,INDF,RG,6175,5,F,CS,CC,F
10:05:30,INDF,RG,6175,1,F,AK,CC,F
10:04:31,INDF,RG,6150,1,F,ZP,YU,F
10:04:30,INDF,RG,6175,4,F,CS,CC,F
10:04:15,INDF,RG,6175,1,F,AK,CC,F
10:03:40,INDF,RG,6150,1,F,ZP,YU,F
10:03:39,INDF,RG,6175,4,F,CS,CC,F
10:03:35,INDF,RG,6175,1,D,YP,CC,F
10:03:34,INDF,RG,6150,5,F,ZP,YU,F
10:03:34,INDF,RG,6150,27,F,ZP,AK,D
10:03:28,INDF,RG,6175,1,D,YP,CC,F
10:02:49,INDF,RG,6175,3,F,CS,CC,F
10:02:44,INDF,RG,6150,1,F,ZP,YU,F
10:02:43,INDF,RG,6175,1,D,CC,CC,F
10:02:40,INDF,RG,6150,1,F,ZP,YU,F
10:02:39,INDF,RG,6175,7,F,ZP,CC,F
10:02:25,INDF,RG,6150,13,F,ZP,YU,F
10:02:25,INDF,RG,6150,1,F,ZP,YU,F
10:02:24,INDF,RG,6175,17,F,ZP,CC,F
10:02:24,INDF,RG,6175,6,F,ZP,XL,D
10:02:24,INDF,RG,6175,33,F,ZP,AK,F
10:02:24,INDF,RG,6175,21,F,ZP,YU,D
10:02:24,INDF,RG,6175,1,F,ZP,ZP,D
10:02:09,INDF,RG,6150,1,F,ZP,YU,F
10:02:08,INDF,RG,6150,2,F,ZP,XC,D
10:02:08,INDF,RG,6175,1,F,CS,YP,D
10:02:08,INDF,RG,6175,1,F,CS,OD,F
10:02:08,INDF,RG,6175,1,F,CS,YB,D
10:02:08,INDF,RG,6175,1,F,CS,YP,D
10:01:30,INDF,RG,6175,2,D,PD,YP,D
10:01:25,INDF,RG,6175,1,D,PD,YP,D
10:01:09,INDF,RG,6150,1,F,ZP,YU,F
10:01:08,INDF,RG,6175,5,F,CS,YP,D
10:00:46,INDF,RG,6150,2,F,ZP,CC,D
10:00:31,INDF,RG,6150,1,F,ZP,YU,F
10:00:30,INDF,RG,6175,1,F,AK,YP,D
10:00:11,INDF,RG,6175,4,F,CS,YP,D
10:00:05,INDF,RG,6150,2,F,ZP,YU,F
10:00:04,INDF,RG,6150,9,F,ZP,OD,D
10:00:02,INDF,RG,6150,1,F,ZP,YU,F
10:00:01,INDF,RG,6150,5,F,ZP,YU,F
10:00:01,INDF,RG,6150,4,F,ZP,YU,F
10:00:00,INDF,RG,6150,25,F,ZP,YU,D
10:00:00,INDF,RG,6150,9,D,PD,YU,D
10:00:00,INDF,RG,6150,1,D,YP,YU,D
10:00:00,INDF,RG,6150,1,D,AG,YU,D
10:00:00,INDF,RG,6150,20,D,NI,YU,D
10:00:00,INDF,RG,6150,1,F,ZP,YU,D
9:59:39,INDF,RG,6150,1,F,ZP,YU,F
9:59:39,INDF,RG,6175,4,F,CS,YP,D
9:59:29,INDF,RG,6175,1,F,CS,YP,D
9:59:25,INDF,RG,6175,2,F,CS,YP,D
9:59:25,INDF,RG,6175,1,F,CS,XC,D
9:59:19,INDF,RG,6150,1,F,ZP,YU,F
9:59:19,INDF,RG,6175,4,F,CS,AG,F
9:59:15,INDF,RG,6150,1,F,ZP,YU,F
9:59:14,INDF,RG,6175,5,F,CS,AG,F
9:59:08,INDF,RG,6175,2,F,CS,AG,F
9:58:59,INDF,RG,6150,1,F,ZP,YU,F
9:58:59,INDF,RG,6175,1,F,CS,AG,F
9:58:59,INDF,RG,6175,2,F,CS,AG,F
9:58:56,INDF,RG,6150,1,F,ZP,XC,D
9:58:48,INDF,RG,6150,1,F,ZP,YU,F
9:58:48,INDF,RG,6175,4,F,CS,AG,F
9:58:47,INDF,RG,6150,14,F,ZP,YU,F
9:58:47,INDF,RG,6150,81,F,ZP,YP,D
9:58:40,INDF,RG,6150,1,F,ZP,YU,F
9:58:39,INDF,RG,6150,2,F,ZP,YU,F
9:58:39,INDF,RG,6150,5,F,ZP,YU,F
9:58:38,INDF,RG,6150,12,F,ZP,YU,F
9:58:38,INDF,RG,6150,4,F,CS,YU,F
9:58:38,INDF,RG,6175,2,F,ZP,AG,F
9:58:38,INDF,RG,6175,1,F,ZP,XC,D
9:58:38,INDF,RG,6175,5,F,ZP,GR,D
9:58:38,INDF,RG,6175,5,F,ZP,GR,D
9:58:38,INDF,RG,6175,21,F,ZP,AK,F
9:58:38,INDF,RG,6175,1,F,ZP,BQ,D
9:58:38,INDF,RG,6175,3,F,ZP,EP,D
9:58:38,INDF,RG,6175,1,F,ZP,YP,D
9:58:38,INDF,RG,6175,1,F,ZP,CC,D
9:58:38,INDF,RG,6175,1,F,ZP,YP,D
9:58:38,INDF,RG,6175,1,F,ZP,YP,D
9:58:38,INDF,RG,6175,1,F,ZP,YP,D
9:58:38,INDF,RG,6175,91,F,ZP,CC,F
9:58:28,INDF,RG,6175,3,F,CS,CC,F
9:58:26,INDF,RG,6150,1,F,CS,CC,D
9:58:20,INDF,RG,6150,1,F,CS,YU,F
9:58:20,INDF,RG,6175,4,F,CS,CC,F
9:58:18,INDF,RG,6150,1,F,CS,YU,F
9:58:17,INDF,RG,6175,5,F,CS,CC,F
9:57:58,INDF,RG,6150,1,F,CS,YU,F
9:57:57,INDF,RG,6175,4,F,CS,CC,F
9:57:41,INDF,RG,6150,1,F,CS,PD,D
9:57:39,INDF,RG,6150,1,F,CS,YU,F
9:57:39,INDF,RG,6175,5,F,CS,CC,F
9:57:32,INDF,RG,6150,1,F,CS,YU,F
9:57:32,INDF,RG,6175,1,F,CS,CC,F
9:57:32,INDF,RG,6175,4,F,CS,ZP,D
9:57:30,INDF,RG,6150,1,F,CS,YU,F
9:57:29,INDF,RG,6150,10,F,CS,PD,D
9:57:19,INDF,RG,6150,2,F,CS,YU,F
9:57:19,INDF,RG,6175,7,F,CS,ZP,D
9:57:16,INDF,RG,6150,1,F,CS,YP,D
9:56:49,INDF,RG,6150,1,F,CS,YU,F
9:56:49,INDF,RG,6175,5,F,CS,ZP,D
9:56:49,INDF,RG,6150,1,F,CS,CC,D
9:56:44,INDF,RG,6150,3,F,CS,YU,F
9:56:44,INDF,RG,6150,20,F,CS,XC,D
9:56:33,INDF,RG,6150,2,F,CS,YU,F
9:56:32,INDF,RG,6175,10,D,NI,ZP,D
9:56:30,INDF,RG,6150,1,F,CS,YU,F
9:56:29,INDF,RG,6150,17,F,CS,YU,F
9:56:29,INDF,RG,6150,5,F,CS,YU,F
9:56:29,INDF,RG,6175,74,D,YP,ZP,D
9:56:29,INDF,RG,6175,2,D,YP,XC,D
9:56:29,INDF,RG,6175,1,D,YP,XC,D
9:56:29,INDF,RG,6175,1,D,YP,ZP,D
9:56:29,INDF,RG,6175,1,D,YP,NI,D
9:56:29,INDF,RG,6175,1,D,YP,PD,D
9:56:29,INDF,RG,6175,3,D,YP,CC,D
9:56:29,INDF,RG,6175,10,D,YP,PD,D
9:56:29,INDF,RG,6175,5,D,YP,KK,D
9:56:29,INDF,RG,6175,1,D,YP,NI,D
9:56:29,INDF,RG,6175,29,D,YP,CC,F
9:56:27,INDF,RG,6150,1,F,CS,YU,F
9:56:27,INDF,RG,6175,7,F,CS,CC,F
9:56:21,INDF,RG,6150,1,F,CS,YU,F
9:56:21,INDF,RG,6175,4,F,CS,CC,F
9:56:21,INDF,RG,6175,2,F,CS,YP,D
9:56:10,INDF,RG,6150,1,F,CS,YU,F
9:56:10,INDF,RG,6150,1,F,CS,YU,F
9:56:09,INDF,RG,6175,3,D,LG,YP,D
9:56:09,INDF,RG,6175,10,D,LG,YP,D
9:56:09,INDF,RG,6175,1,D,LG,YP,D
9:55:59,INDF,RG,6150,1,F,CS,YU,F
9:55:58,INDF,RG,6150,1,F,CS,YU,F
9:55:58,INDF,RG,6175,3,F,CS,YP,D
9:55:58,INDF,RG,6175,4,F,CS,AK,F
9:55:50,INDF,RG,6150,1,F,CS,XL,D
9:55:33,INDF,RG,6150,1,F,CS,YU,F
9:55:32,INDF,RG,6150,5,F,CS,BQ,D
9:55:29,INDF,RG,6150,1,F,CS,YU,F
9:55:29,INDF,RG,6175,5,F,CS,AK,F
9:55:10,INDF,RG,6150,1,F,CS,YU,F
9:55:10,INDF,RG,6175,4,F,CS,AK,F
9:55:10,INDF,RG,6175,2,F,CS,YU,D
9:55:09,INDF,RG,6150,1,F,CS,YU,F
9:55:08,INDF,RG,6175,5,F,CS,YU,D
9:54:49,INDF,RG,6175,5,F,CS,YU,D
9:54:48,INDF,RG,6150,1,F,CS,YU,F
9:54:47,INDF,RG,6175,5,D,OD,YU,D
9:54:28,INDF,RG,6150,1,F,CS,YU,F
9:54:27,INDF,RG,6175,5,F,CS,YU,D
9:54:07,INDF,RG,6150,1,F,CS,YU,F
9:54:06,INDF,RG,6175,5,F,CS,YU,D
9:54:00,INDF,RG,6150,1,F,CS,YU,F
9:54:00,INDF,RG,6175,6,F,CS,YU,D
9:53:57,INDF,RG,6150,1,F,CS,XC,D
9:53:47,INDF,RG,6150,1,F,CS,YU,F
9:53:46,INDF,RG,6175,5,F,CS,YU,D
9:53:26,INDF,RG,6150,1,F,CS,YU,F
9:53:25,INDF,RG,6175,7,F,CS,YU,D
9:53:14,INDF,RG,6150,1,F,CS,YU,F
9:53:13,INDF,RG,6150,1,F,CS,YP,D
9:53:07,INDF,RG,6150,2,F,CS,CC,D
9:52:57,INDF,RG,6150,1,F,CS,YU,F
9:52:56,INDF,RG,6175,6,F,CS,YU,D
9:52:40,INDF,RG,6150,1,F,CS,YU,F
9:52:40,INDF,RG,6150,1,F,CS,YU,F
9:52:39,INDF,RG,6175,2,D,PD,YU,D
9:52:39,INDF,RG,6175,1,D,PD,YU,D
9:52:39,INDF,RG,6175,7,F,CS,YU,D
9:52:36,INDF,RG,6150,1,F,CS,YP,D
9:52:34,INDF,RG,6150,3,F,CS,YU,F
9:52:33,INDF,RG,6150,19,F,CS,LG,D
9:52:33,INDF,RG,6150,1,F,CS,YU,F
9:52:32,INDF,RG,6175,6,F,CS,YU,D
9:52:07,INDF,RG,6150,1,F,CS,YU,F
9:52:06,INDF,RG,6175,6,F,CS,YU,D
9:52:02,INDF,RG,6150,1,F,CS,YU,F
9:52:01,INDF,RG,6150,8,F,CS,YU,F
9:52:01,INDF,RG,6150,2,F,CS,YU,F
9:52:00,INDF,RG,6150,49,F,CS,YU,D
9:52:00,INDF,RG,6150,12,D,CC,YU,D
9:51:43,INDF,RG,6150,1,D,CC,YU,F
9:51:42,INDF,RG,6175,6,F,CS,YU,D
9:51:16,INDF,RG,6150,1,D,CC,YU,F
9:51:16,INDF,RG,6150,1,D,CC,YU,F
9:51:15,INDF,RG,6175,6,F,CS,YU,D
9:51:15,INDF,RG,6175,1,F,CS,AK,F
9:50:46,INDF,RG,6150,1,D,CC,YU,F
9:50:45,INDF,RG,6175,8,F,CS,YP,D
9:50:14,INDF,RG,6150,1,D,CC,YU,F
9:50:14,INDF,RG,6175,5,F,CS,YP,D
9:50:01,INDF,RG,6150,9,D,CC,YU,F
9:50:00,INDF,RG,6150,50,D,CC,YU,D
9:49:53,INDF,RG,6150,1,D,CC,YU,F
9:49:53,INDF,RG,6175,5,F,CS,YP,D
9:49:46,INDF,RG,6150,3,D,CC,YP,D
9:49:34,INDF,RG,6150,4,D,CC,YU,F
9:49:34,INDF,RG,6150,20,D,CC,PD,D
9:49:33,INDF,RG,6175,5,F,CS,YP,D
9:49:25,INDF,RG,6150,1,D,CC,YU,F
9:49:25,INDF,RG,6175,1,D,CC,YP,D
9:49:13,INDF,RG,6150,95,D,CC,YU,F
9:49:13,INDF,RG,6150,1,D,OD,YU,F
9:49:12,INDF,RG,6175,5,F,CS,YP,D
