Time,Stock,Brd,Price,Qty,BT,BC,SC,ST
15:14:55,INDF,RG,6800,63,D,CC,CC,D
15:13:47,INDF,RG,6800,20,D,CC,GR,D
15:12:43,INDF,RG,6800,15,D,CC,CC,D
15:12:34,INDF,RG,6800,2,D,CC,PD,D
15:11:51,INDF,RG,6800,10,D,CC,CP,D
15:11:43,INDF,RG,6800,1,D,CC,PD,D
15:11:36,INDF,RG,6800,2,D,CC,PD,D
15:11:15,INDF,RG,6800,20,D,CC,GR,D
15:10:32,INDF,RG,6800,15,D,CC,CC,D
15:10:10,INDF,RG,6800,4,D,CC,YP,D
15:09:51,INDF,RG,6800,20,D,CC,YJ,D
15:09:34,INDF,RG,6800,7,D,CC,PD,D
15:09:34,INDF,RG,6800,11,D,CC,PD,D
15:09:03,INDF,RG,6800,10,D,LG,PD,D
15:08:38,INDF,RG,6800,1,D,SQ,PD,D
15:08:38,INDF,RG,6800,2,D,CC,PD,D
15:08:38,INDF,RG,6800,1,D,CC,PD,D
15:08:30,INDF,RG,6800,1,D,YP,PD,D
15:07:27,INDF,RG,6800,1,F,CS,XC,D
15:07:17,INDF,RG,6800,1,F,CS,CC,D
15:06:27,INDF,RG,6800,1,F,CS,XC,D
15:06:24,INDF,RG,6800,3,F,CS,XL,D
15:05:51,INDF,RG,6800,1,F,CS,PD,D
15:04:44,INDF,RG,6800,18,F,CS,YP,D
15:04:37,INDF,RG,6800,15,F,CS,YP,D
15:04:34,INDF,RG,6800,6,F,CS,XC,D
15:04:34,INDF,RG,6800,1,D,YP,XC,D
15:04:34,INDF,RG,6800,30,D,KI,XC,D
15:01:00,INDF,RG,6800,10,F,ZP,PD,D
15:00:00,INDF,RG,6800,15,F,ZP,PD,D
15:00:00,INDF,RG,6800,25,F,ZP,YB,D
15:00:00,INDF,RG,6800,5,F,ZP,LG,D
15:00:00,INDF,RG,6800,100,F,ZP,YB,D
15:00:00,INDF,RG,6800,310,F,ZP,KI,D
15:00:00,INDF,RG,6800,225,F,ZP,MG,D
15:00:00,INDF,RG,6800,5,D,PD,MG,D
15:00:00,INDF,RG,6800,5,D,NI,MG,D
15:00:00,INDF,RG,6800,6,D,NI,MG,D
15:00:00,INDF,RG,6800,2,D,YP,MG,D
15:00:00,INDF,RG,6800,10,D,XL,MG,D
15:00:00,INDF,RG,6800,147,D,NI,MG,D
15:00:00,INDF,RG,6800,2,D,NI,HP,D
15:00:00,INDF,RG,6800,13,D,NI,KK,D
15:00:00,INDF,RG,6800,5,D,NI,KK,D
15:00:00,INDF,RG,6800,16,D,NI,BK,F
15:00:00,INDF,RG,6800,10,D,NI,BK,F
15:00:00,INDF,RG,6800,3,D,NI,BK,F
15:00:00,INDF,RG,6800,204,D,NI,BK,F
15:00:00,INDF,RG,6800,202,D,NI,BK,F
15:00:00,INDF,RG,6800,27,D,NI,BK,F
15:00:00,INDF,RG,6800,13,D,NI,BK,F
15:00:00,INDF,RG,6800,4,D,NI,BK,F
15:00:00,INDF,RG,6800,253,D,NI,BK,F
15:00:00,INDF,RG,6800,303,D,NI,BK,F
15:00:00,INDF,RG,6800,3,D,NI,YP,D
15:00:00,INDF,RG,6800,194,D,NI,ZP,F
15:00:00,INDF,RG,6800,3,D,NI,ZP,F
15:00:00,INDF,RG,6800,67,D,NI,ZP,F
15:00:00,INDF,RG,6800,72,D,NI,ZP,F
15:00:00,INDF,RG,6800,86,D,NI,ZP,F
15:00:00,INDF,RG,6800,41,D,NI,ZP,F
15:00:00,INDF,RG,6800,13,D,NI,ZP,F
15:00:00,INDF,RG,6800,529,D,NI,ZP,F
15:00:00,INDF,RG,6800,84,D,NI,AK,F
15:00:00,INDF,RG,6800,53,D,NI,YU,F
15:00:00,INDF,RG,6800,59,D,NI,OD,D
15:00:00,INDF,RG,6800,80,D,NI,YU,F
15:00:00,INDF,RG,6800,49,D,YU,YU,F
15:00:00,INDF,RG,6800,59,F,DX,YU,F
15:00:00,INDF,RG,6800,34,F,ZP,YU,F
15:00:00,INDF,RG,6800,2,F,DX,YU,F
15:00:00,INDF,RG,6800,296,F,DX,YU,F
15:00:00,INDF,RG,6800,150,D,KZ,YU,F
15:00:00,INDF,RG,6800,196,F,CS,YU,F
15:00:00,INDF,RG,6800,553,F,CS,PD,D
15:00:00,INDF,RG,6800,191,F,CS,BB,F
15:00:00,INDF,RG,6800,286,F,CS,BB,F
15:00:00,INDF,RG,6800,1280,D,BB,BB,F
15:00:00,INDF,RG,6800,146,D,BB,AK,F
15:00:00,INDF,RG,6800,53,F,ZP,AK,F
15:00:00,INDF,RG,6800,1,F,AK,AK,F
15:00:00,INDF,RG,6800,25,F,AK,AK,F
15:00:00,INDF,RG,6800,58,F,AK,AK,F
15:00:00,INDF,RG,6800,55,D,CC,AK,F
15:00:00,INDF,RG,6800,1007,F,ZP,AK,F
15:00:00,INDF,RG,6800,139,D,YU,AK,F
15:00:00,INDF,RG,6800,11,D,RX,AK,F
15:00:00,INDF,RG,6800,188,D,PD,AK,F
15:00:00,INDF,RG,6800,150,D,PD,BB,F
15:00:00,INDF,RG,6800,1022,D,PD,BB,F
15:00:00,INDF,RG,6800,1176,D,PD,BB,F
15:00:00,INDF,RG,6800,746,D,PD,RX,F
15:00:00,INDF,RG,6800,244,D,PD,YU,F
15:00:00,INDF,RG,6800,404,D,PD,PD,D
14:49:59,INDF,RG,6825,1,F,AK,CC,D
14:49:58,INDF,RG,6775,3,D,NI,BB,F
14:49:57,INDF,RG,6775,17,D,NI,BK,F
14:49:57,INDF,RG,6775,5,D,NI,BB,F
14:49:57,INDF,RG,6775,1,D,NI,ZP,F
14:49:56,INDF,RG,6775,2,D,NI,ZP,F
14:49:55,INDF,RG,6775,1,D,NI,ZP,F
14:49:55,INDF,RG,6775,2,D,DH,ZP,F
14:49:55,INDF,RG,6775,1,D,XC,ZP,F
14:49:55,INDF,RG,6775,2,D,NI,ZP,F
14:49:55,INDF,RG,6775,1,D,YP,ZP,F
14:49:55,INDF,RG,6775,2,D,YU,ZP,F
14:49:55,INDF,RG,6800,1,F,ZP,ZP,F
14:49:55,INDF,RG,6800,4,F,ZP,ZP,F
14:49:55,INDF,RG,6775,1,D,YU,BB,F
14:49:54,INDF,RG,6800,1,F,ZP,ZP,F
14:49:54,INDF,RG,6800,2,D,NI,ZP,F
14:49:53,INDF,RG,6800,1,F,ZP,BB,F
14:49:53,INDF,RG,6800,13,F,ZP,BK,F
14:49:51,INDF,RG,6800,5,F,ZP,ZP,F
14:49:51,INDF,RG,6800,1,F,ZP,ZP,F
14:49:51,INDF,RG,6825,1,F,ZP,ZP,F
14:49:51,INDF,RG,6800,3,D,CP,BB,F
14:49:51,INDF,RG,6800,2,F,CS,BB,F
14:49:50,INDF,RG,6800,1,F,CS,ZP,F
14:49:49,INDF,RG,6800,28,F,CS,BK,F
14:49:49,INDF,RG,6800,4,F,CS,BB,F
14:49:48,INDF,RG,6800,1,F,CS,BB,F
14:49:47,INDF,RG,6825,5,F,DX,ZP,F
14:49:47,INDF,RG,6850,5,F,DX,PD,D
14:49:47,INDF,RG,6850,1,F,DX,PD,D
14:49:47,INDF,RG,6825,3,F,DX,ZP,F
14:49:47,INDF,RG,6825,4,F,DX,ZP,F
14:49:47,INDF,RG,6825,1,F,DX,BB,F
14:49:47,INDF,RG,6825,2,F,DX,ZP,F
14:49:46,INDF,RG,6825,7,F,DX,YU,F
14:49:45,INDF,RG,6825,2,F,AK,YU,F
14:49:45,INDF,RG,6800,6,F,CS,BB,F
14:49:45,INDF,RG,6825,1,F,AK,YU,F
14:49:45,INDF,RG,6825,1,F,AK,YU,F
14:49:44,INDF,RG,6800,1,F,CS,BB,F
14:49:43,INDF,RG,6800,35,F,CS,YU,F
14:49:42,INDF,RG,6800,6,F,CS,ZP,F
14:49:41,INDF,RG,6800,1,F,CS,BB,F
14:49:39,INDF,RG,6800,9,F,CS,YU,F
14:49:34,INDF,RG,6800,1,F,CS,BB,F
14:49:32,INDF,RG,6800,3,F,CS,BB,F
14:49:31,INDF,RG,6800,2,F,CS,BB,F
14:49:30,INDF,RG,6800,11,F,CS,BK,F
14:49:30,INDF,RG,6800,3,D,PD,BK,F
14:49:30,INDF,RG,6825,8,F,ZP,YU,F
14:49:30,INDF,RG,6825,1,F,ZP,ZP,F
14:49:30,INDF,RG,6825,12,F,ZP,ZP,F
14:49:26,INDF,RG,6800,4,D,PD,BB,F
14:49:24,INDF,RG,6825,23,F,ZP,ZP,F
14:49:24,INDF,RG,6825,8,F,ZP,BB,F
14:49:24,INDF,RG,6825,1,F,AK,BB,F
14:49:24,INDF,RG,6825,3,F,DX,BB,F
14:49:22,INDF,RG,6825,28,F,DX,YB,D
14:49:22,INDF,RG,6825,22,F,ZP,YB,D
14:49:22,INDF,RG,6850,4,D,BB,PD,D
14:49:21,INDF,RG,6825,9,F,ZP,BK,F
14:49:21,INDF,RG,6825,2,F,ZP,BK,F
14:49:21,INDF,RG,6825,3,F,CS,BK,F
14:49:20,INDF,RG,6825,2,F,CS,ZP,F
14:49:19,INDF,RG,6850,4,D,BB,PD,D
14:49:14,INDF,RG,6825,2,F,CS,BB,F
14:49:14,INDF,RG,6825,2,F,CS,BB,F
14:49:11,INDF,RG,6825,20,F,CS,BB,F
14:49:11,INDF,RG,6825,13,F,CS,BK,F
14:49:10,INDF,RG,6825,55,F,CS,ZP,F
14:49:10,INDF,RG,6825,16,D,BB,ZP,F
14:49:10,INDF,RG,6825,20,F,DX,ZP,F
14:49:10,INDF,RG,6825,11,F,DX,ZP,F
14:49:10,INDF,RG,6825,9,F,DX,ZP,F
14:49:10,INDF,RG,6850,1,F,ZP,PD,D
14:49:09,INDF,RG,6825,18,F,DX,BB,F
14:49:09,INDF,RG,6825,21,F,ZP,BB,F
14:49:09,INDF,RG,6825,12,F,DX,BB,F
14:49:02,INDF,RG,6850,2,D,BB,PD,D
14:49:01,INDF,RG,6825,23,F,DX,BB,F
14:49:00,INDF,RG,6850,31,F,ZP,PD,D
14:49:00,INDF,RG,6825,1,F,DX,AK,F
14:49:00,INDF,RG,6825,1,F,DX,AK,F
14:49:00,INDF,RG,6825,1,F,DX,AK,F
14:48:59,INDF,RG,6850,37,F,CS,PD,D
14:48:59,INDF,RG,6850,1,F,CS,YP,D
14:48:59,INDF,RG,6850,2,F,CS,PD,D
14:48:59,INDF,RG,6850,20,F,CS,NI,D
14:48:59,INDF,RG,6850,5,F,CS,GR,D
14:48:59,INDF,RG,6850,1,F,CS,YP,D
14:48:59,INDF,RG,6850,15,F,CS,PD,D
14:48:59,INDF,RG,6825,12,F,DX,AK,F
14:48:59,INDF,RG,6825,6,F,ZP,AK,F
14:48:59,INDF,RG,6825,8,F,ZP,AK,F
14:48:59,INDF,RG,6825,4,F,ZP,AK,F
14:48:59,INDF,RG,6825,3,F,ZP,AK,F
14:48:58,INDF,RG,6825,1,F,ZP,AK,F
14:48:58,INDF,RG,6825,1,F,ZP,AK,F
14:48:57,INDF,RG,6825,2,F,ZP,YU,F
14:48:57,INDF,RG,6850,10,F,ZP,PD,D
14:48:57,INDF,RG,6850,1,F,ZP,DR,D
14:48:57,INDF,RG,6850,3,F,ZP,YP,D
14:48:57,INDF,RG,6850,20,F,ZP,GR,D
14:48:57,INDF,RG,6850,38,F,ZP,PD,D
14:48:57,INDF,RG,6850,1,F,ZP,PD,D
14:48:56,INDF,RG,6850,2,D,PD,PD,D
14:48:50,INDF,RG,6850,2,D,BB,PD,D
14:48:49,INDF,RG,6850,1,F,ZP,PD,D
14:48:47,INDF,RG,6850,1,D,BB,PD,D
14:48:40,INDF,RG,6850,1,F,ZP,PD,D
14:48:38,INDF,RG,6850,5,D,BB,PD,D
14:48:30,INDF,RG,6850,1,F,ZP,PD,D
14:48:30,INDF,RG,6825,4,F,ZP,ZP,F
14:48:30,INDF,RG,6825,1,F,ZP,ZP,F
14:48:30,INDF,RG,6825,1,D,XC,ZP,F
14:48:25,INDF,RG,6850,2,D,BB,PD,D
14:48:24,INDF,RG,6850,24,F,ZP,PD,D
14:48:24,INDF,RG,6850,5,F,ZP,DX,D
14:48:24,INDF,RG,6850,10,F,ZP,YP,D
14:48:24,INDF,RG,6850,32,F,ZP,OD,D
14:48:18,INDF,RG,6850,3,D,BB,OD,D
14:48:18,INDF,RG,6850,5,F,ZP,OD,D
14:48:18,INDF,RG,6850,1,F,ZP,LG,D
14:48:18,INDF,RG,6825,2,D,XC,BB,F
14:48:17,INDF,RG,6825,6,D,XC,YU,F
14:48:17,INDF,RG,6825,1,D,XC,NI,D
14:48:17,INDF,RG,6825,5,D,XC,BB,F
14:48:10,INDF,RG,6825,2,D,BB,BB,F
14:48:10,INDF,RG,6825,15,F,CS,BB,F
14:48:00,INDF,RG,6825,8,D,BB,BB,F
14:48:00,INDF,RG,6825,12,F,CS,BB,F
14:48:00,INDF,RG,6825,5,F,CS,YU,F
14:47:50,INDF,RG,6825,6,F,CS,YU,F
14:47:50,INDF,RG,6825,12,F,CS,AK,F
14:47:48,INDF,RG,6800,3,D,PD,BB,F
14:47:48,INDF,RG,6825,2,D,PD,AK,F
14:47:46,INDF,RG,6825,15,F,DX,AK,F
14:47:46,INDF,RG,6825,5,F,DX,AK,F
14:47:46,INDF,RG,6825,3,F,DX,AK,F
14:47:46,INDF,RG,6825,2,F,DX,AK,F
14:47:46,INDF,RG,6825,2,F,DX,YP,D
14:47:46,INDF,RG,6825,8,F,DX,YU,F
14:47:46,INDF,RG,6825,8,F,DX,YU,F
14:47:46,INDF,RG,6825,7,F,DX,YU,F
14:47:46,INDF,RG,6825,10,F,DX,ZP,F
14:47:45,INDF,RG,6825,52,F,ZP,ZP,F
14:47:44,INDF,RG,6825,4,F,DX,ZP,F
14:47:40,INDF,RG,6800,9,F,AK,YU,F
14:47:39,INDF,RG,6825,29,F,CS,ZP,F
14:47:39,INDF,RG,6825,6,F,CS,ZP,F
14:47:39,INDF,RG,6825,6,F,CS,YU,F
14:47:39,INDF,RG,6800,15,F,AK,ZP,F
14:47:39,INDF,RG,6800,27,F,DX,ZP,F
14:47:39,INDF,RG,6800,11,F,ZP,ZP,F
14:47:39,INDF,RG,6800,8,F,ZP,ZP,F
14:47:39,INDF,RG,6825,1,F,ZP,YU,F
14:47:30,INDF,RG,6825,2,F,AK,YU,F
14:47:30,INDF,RG,6825,1,F,AK,XL,D
14:47:16,INDF,RG,6825,2,F,ZP,XL,D
14:47:16,INDF,RG,6825,51,F,ZP,BB,F
14:47:14,INDF,RG,6825,27,F,CS,BB,F
14:47:14,INDF,RG,6825,2,F,CS,HP,D
14:47:14,INDF,RG,6825,4,F,CS,YU,F
14:47:14,INDF,RG,6825,11,F,CS,YU,F
14:47:14,INDF,RG,6825,10,F,CS,EP,D
14:47:14,INDF,RG,6825,1,F,CS,YP,D
14:47:14,INDF,RG,6825,3,F,CS,CS,D
14:47:14,INDF,RG,6825,1,F,CS,CS,D
14:47:14,INDF,RG,6825,1,F,CS,YU,F
14:47:14,INDF,RG,6800,7,F,ZP,BB,F
14:47:14,INDF,RG,6800,85,F,ZP,ZP,F
14:47:14,INDF,RG,6825,2,F,ZP,YU,F
14:47:14,INDF,RG,6825,2,F,ZP,AK,F
14:47:14,INDF,RG,6800,6,F,ZP,CS,D
14:47:13,INDF,RG,6800,1,F,ZP,CS,D
14:47:04,INDF,RG,6800,17,F,ZP,BB,F
14:46:46,INDF,RG,6825,50,F,ZP,AK,F
14:46:44,INDF,RG,6800,19,F,ZP,BB,F
14:46:43,INDF,RG,6825,5,F,ZP,AK,F
14:46:42,INDF,RG,6800,9,F,ZP,PD,D
14:46:36,INDF,RG,6825,58,F,CS,BK,F
14:46:36,INDF,RG,6800,4,F,ZP,YU,F
14:46:32,INDF,RG,6800,10,F,ZP,CS,D
14:46:32,INDF,RG,6800,3,F,ZP,BB,F
14:46:30,INDF,RG,6825,8,F,AK,BK,F
14:46:29,INDF,RG,6800,1,F,ZP,YP,D
14:46:26,INDF,RG,6800,11,F,ZP,BB,F
14:46:09,INDF,RG,6800,22,F,ZP,BB,F
14:46:00,INDF,RG,6825,78,F,CS,BK,F
14:45:59,INDF,RG,6800,5,F,ZP,BB,F
14:45:58,INDF,RG,6825,30,F,ZP,BK,F
14:45:49,INDF,RG,6800,3,F,ZP,BB,F
14:45:49,INDF,RG,6825,5,F,AK,BK,F
14:45:41,INDF,RG,6800,4,F,ZP,BB,F
14:45:36,INDF,RG,6800,9,F,ZP,BB,F
14:45:25,INDF,RG,6825,30,F,ZP,BK,F
14:45:24,INDF,RG,6800,4,F,ZP,BB,F
14:45:15,INDF,RG,6800,24,F,ZP,BB,F
14:45:15,INDF,RG,6825,5,F,AK,BK,F
14:45:13,INDF,RG,6800,5,F,ZP,BB,F
14:45:12,INDF,RG,6825,51,F,CS,BK,F
14:45:12,INDF,RG,6825,7,F,CS,ZP,F
14:45:12,INDF,RG,6825,56,F,CS,ZP,F
14:45:04,INDF,RG,6800,9,F,ZP,NI,D
14:45:00,INDF,RG,6800,12,F,ZP,BB,F
14:44:55,INDF,RG,6825,31,F,ZP,ZP,F
14:44:48,INDF,RG,6800,4,F,ZP,BB,F
14:44:37,INDF,RG,6800,4,F,ZP,BB,F
14:44:37,INDF,RG,6800,2,F,ZP,HP,D
14:44:27,INDF,RG,6800,4,F,ZP,BB,F
14:44:19,INDF,RG,6800,6,F,ZP,BB,F
14:44:06,INDF,RG,6800,10,F,ZP,BB,F
14:44:02,INDF,RG,6800,20,F,ZP,BK,F
14:44:00,INDF,RG,6800,41,F,ZP,BB,F
14:44:00,INDF,RG,6825,8,F,AK,ZP,F
14:44:00,INDF,RG,6825,1,F,AK,MG,D
14:43:54,INDF,RG,6800,12,F,ZP,BK,F
14:43:49,INDF,RG,6800,26,F,ZP,BK,F
14:43:47,INDF,RG,6800,11,F,ZP,BB,F
14:43:46,INDF,RG,6825,178,F,CS,MG,D
14:43:45,INDF,RG,6825,21,D,BB,MG,D
14:43:41,INDF,RG,6825,2,D,BB,BB,F
14:43:41,INDF,RG,6825,14,F,ZP,BB,F
14:43:40,INDF,RG,6825,7,F,ZP,BK,F
14:43:40,INDF,RG,6825,17,F,DX,BK,F
14:43:37,INDF,RG,6825,5,F,DX,ZP,F
14:43:37,INDF,RG,6825,23,F,DX,ZP,F
14:43:37,INDF,RG,6825,25,F,ZP,ZP,F
14:43:28,INDF,RG,6825,5,F,ZP,BB,F
14:43:28,INDF,RG,6825,10,D,BB,BB,F
14:43:08,INDF,RG,6825,4,D,BB,BB,F
14:43:07,INDF,RG,6825,1,D,BB,XC,D
14:42:54,INDF,RG,6825,2,D,BB,CC,D
14:42:47,INDF,RG,6825,14,F,ZP,BB,F
14:42:45,INDF,RG,6825,17,F,ZP,BK,F
14:42:45,INDF,RG,6825,5,F,CS,BK,F
14:42:45,INDF,RG,6825,3,F,CS,BK,F
14:42:41,INDF,RG,6825,18,F,CS,BB,F
14:42:41,INDF,RG,6850,30,F,ZP,LG,D
14:42:12,INDF,RG,6825,5,F,CS,BB,F
14:42:03,INDF,RG,6825,1,F,CS,BB,F
14:42:03,INDF,RG,6825,12,F,ZP,BB,F
14:42:03,INDF,RG,6825,5,F,ZP,YP,D
14:41:41,INDF,RG,6825,15,F,ZP,BK,F
14:41:40,INDF,RG,6800,7,F,ZP,BB,F
14:41:25,INDF,RG,6800,19,F,ZP,BK,F
14:41:21,INDF,RG,6800,4,F,ZP,BB,F
14:41:20,INDF,RG,6800,116,F,ZP,BB,F
14:41:10,INDF,RG,6850,9,F,CS,LG,D
14:41:10,INDF,RG,6850,1,F,CS,XC,D
14:41:10,INDF,RG,6850,7,F,CS,NI,D
14:41:10,INDF,RG,6850,6,F,CS,GR,D
14:41:08,INDF,RG,6825,8,F,AK,AK,F
14:41:08,INDF,RG,6825,1,D,NI,AK,F
14:41:08,INDF,RG,6825,37,F,DX,AK,F
14:41:08,INDF,RG,6825,3,F,ZP,AK,F
14:41:08,INDF,RG,6825,1,D,CP,AK,F
14:41:07,INDF,RG,6825,2,D,CP,AK,F
14:41:07,INDF,RG,6825,8,F,AK,AK,F
14:41:07,INDF,RG,6825,8,F,DX,AK,F
14:41:07,INDF,RG,6825,30,F,DX,AK,F
14:41:07,INDF,RG,6825,10,F,DX,AK,F
14:41:07,INDF,RG,6825,30,F,DX,AK,F
14:41:07,INDF,RG,6825,49,F,DX,AK,F
14:41:07,INDF,RG,6825,34,F,DX,AK,F
14:41:07,INDF,RG,6825,39,F,DX,AK,F
14:41:07,INDF,RG,6825,20,F,ZP,AK,F
14:41:07,INDF,RG,6825,138,D,BB,AK,F
14:41:07,INDF,RG,6825,15,F,DX,AK,F
14:41:07,INDF,RG,6825,103,F,CS,AK,F
14:41:07,INDF,RG,6825,21,F,ZP,AK,F
14:41:07,INDF,RG,6825,51,D,YB,AK,F
14:41:06,INDF,RG,6825,6,D,YB,BB,F
14:40:58,INDF,RG,6825,1,D,YB,XL,D
14:40:56,INDF,RG,6850,35,F,DX,GR,D
14:40:53,INDF,RG,6850,20,F,ZP,GR,D
14:40:23,INDF,RG,6850,20,F,ZP,GR,D
14:40:01,INDF,RG,6825,20,D,YB,CC,D
14:40:00,INDF,RG,6850,8,F,AK,GR,D
14:39:59,INDF,RG,6825,29,D,YB,CC,D
14:39:53,INDF,RG,6850,11,F,ZP,GR,D
14:39:53,INDF,RG,6850,1,F,ZP,PD,D
14:39:53,INDF,RG,6850,7,F,ZP,XC,D
14:39:53,INDF,RG,6850,1,F,ZP,LG,D
14:39:53,INDF,RG,6825,1,D,YB,XC,D
14:39:30,INDF,RG,6825,200,D,YB,CP,D
14:39:28,INDF,RG,6825,5,D,YB,PD,D
14:39:27,INDF,RG,6825,10,D,YB,CC,D
14:39:27,INDF,RG,6825,100,D,YB,SQ,D
14:39:27,INDF,RG,6825,1,D,YB,DH,D
14:39:27,INDF,RG,6825,3,D,YB,YU,F
14:39:27,INDF,RG,6825,25,D,YB,ZP,D
14:39:27,INDF,RG,6825,23,D,YB,CC,D
14:39:27,INDF,RG,6825,3,D,YB,YU,F
14:39:27,INDF,RG,6825,3,D,YB,YU,F
14:39:27,INDF,RG,6825,9,D,YB,ZP,F
14:39:27,INDF,RG,6825,7,D,YB,YU,F
14:39:27,INDF,RG,6825,3,D,YB,ZP,F
14:39:23,INDF,RG,6825,20,F,ZP,ZP,F
14:39:21,INDF,RG,6825,23,D,CC,ZP,F
14:39:21,INDF,RG,6825,1,D,CC,DR,D
14:39:21,INDF,RG,6825,1,D,CC,YU,F
14:39:21,INDF,RG,6825,1,D,CC,YU,F
14:39:21,INDF,RG,6825,2,D,CC,YU,F
14:39:21,INDF,RG,6825,2,D,CC,PD,D
14:39:21,INDF,RG,6825,10,D,CC,OD,D
14:39:21,INDF,RG,6825,1,D,CC,PD,D
14:39:21,INDF,RG,6825,1,D,CC,PD,D
14:39:21,INDF,RG,6825,20,D,CC,NI,D
14:39:21,INDF,RG,6825,3,D,CC,XC,D
14:39:21,INDF,RG,6825,34,D,CC,YP,D
14:39:11,INDF,RG,6825,3,F,ZP,YP,D
14:39:11,INDF,RG,6825,13,F,CS,YP,D
14:39:11,INDF,RG,6825,4,F,CS,PD,D
14:39:11,INDF,RG,6825,1,F,CS,YP,D
14:39:11,INDF,RG,6825,10,F,CS,EP,D
14:39:11,INDF,RG,6825,2,F,CS,PD,D
14:39:11,INDF,RG,6825,1,F,CS,DR,D
14:39:11,INDF,RG,6825,10,F,CS,GR,D
14:39:11,INDF,RG,6825,51,F,CS,BB,F
14:39:09,INDF,RG,6825,48,D,LG,BB,F
14:39:09,INDF,RG,6825,20,D,LG,LG,D
14:39:09,INDF,RG,6825,3,D,LG,KK,D
14:39:09,INDF,RG,6825,339,D,LG,YP,D
14:39:08,INDF,RG,6825,20,F,ZP,YP,D
14:39:03,INDF,RG,6825,19,F,ZP,YP,D
14:39:00,INDF,RG,6825,20,F,ZP,YP,D
14:38:28,INDF,RG,6825,2,F,ZP,YP,D
14:38:28,INDF,RG,6825,1,F,ZP,PD,D
14:38:28,INDF,RG,6825,1,F,ZP,XL,D
14:38:28,INDF,RG,6825,39,F,ZP,KI,D
14:38:14,INDF,RG,6800,16,F,DX,ES,D
14:37:50,INDF,RG,6825,65,D,BB,KI,D
14:37:47,INDF,RG,6825,30,F,ZP,KI,D
14:37:45,INDF,RG,6800,100,F,AK,PD,D
14:37:44,INDF,RG,6800,7,F,ZP,CS,D
14:37:44,INDF,RG,6800,114,F,ZP,AK,F
14:37:44,INDF,RG,6800,85,F,ZP,ZP,F
14:37:44,INDF,RG,6800,182,F,ZP,AK,F
14:37:44,INDF,RG,6800,30,F,ZP,AK,F
14:37:44,INDF,RG,6800,174,F,ZP,YU,F
14:37:44,INDF,RG,6800,14,F,ZP,AK,F
14:37:44,INDF,RG,6800,3,F,ZP,YP,D
14:37:44,INDF,RG,6800,1,F,ZP,PD,D
14:37:44,INDF,RG,6800,5,F,ZP,CS,D
14:37:44,INDF,RG,6800,20,F,ZP,ZP,F
14:37:44,INDF,RG,6800,4,F,ZP,EP,D
14:37:44,INDF,RG,6800,141,F,ZP,BB,F
14:37:43,INDF,RG,6800,152,F,ZP,BB,F
14:37:39,INDF,RG,6775,32,F,ZP,BB,F
14:37:39,INDF,RG,6775,1,D,AZ,BB,F
14:37:39,INDF,RG,6775,42,F,DX,BB,F
14:37:39,INDF,RG,6775,9,D,PD,BB,F
14:37:39,INDF,RG,6775,1,F,ZP,BB,F
14:37:39,INDF,RG,6775,68,D,DH,BB,F
14:37:38,INDF,RG,6800,45,F,CS,BB,F
14:37:28,INDF,RG,6800,13,F,ZP,BB,F
14:37:28,INDF,RG,6800,167,F,ZP,ZP,F
14:37:28,INDF,RG,6800,9,F,ZP,CS,D
14:37:28,INDF,RG,6800,10,F,ZP,CS,D
14:37:28,INDF,RG,6800,47,F,ZP,RX,F
14:37:18,INDF,RG,6775,26,D,DH,BB,F
14:37:17,INDF,RG,6800,31,F,ZP,RX,F
14:37:16,INDF,RG,6775,1,D,DH,YU,F
14:37:08,INDF,RG,6800,244,F,ZP,RX,F
14:36:55,INDF,RG,6775,4,D,DH,PD,D
14:36:54,INDF,RG,6800,57,F,CS,RX,F
14:36:53,INDF,RG,6800,366,F,ZP,RX,F
14:36:53,INDF,RG,6800,23,F,ZP,AK,F
14:36:51,INDF,RG,6800,30,F,ZP,AK,F
14:36:47,INDF,RG,6800,2,F,ZP,AK,F
14:36:47,INDF,RG,6800,1,F,ZP,PD,D
14:36:47,INDF,RG,6800,10,F,ZP,EP,D
14:36:47,INDF,RG,6800,10,F,ZP,CS,D
14:36:47,INDF,RG,6800,7,F,ZP,ZP,F
14:36:46,INDF,RG,6800,1,F,ZP,ZP,F
14:36:33,INDF,RG,6800,1,F,ZP,ZP,F
14:36:33,INDF,RG,6800,5,F,ZP,ZP,F
14:36:33,INDF,RG,6800,56,F,ZP,AK,F
14:36:33,INDF,RG,6800,5,F,ZP,AK,F
14:36:33,INDF,RG,6800,142,F,ZP,ZP,F
14:36:33,INDF,RG,6800,5,F,ZP,AK,F
14:36:33,INDF,RG,6800,185,F,ZP,CC,D
14:36:13,INDF,RG,6800,383,F,ZP,CC,D
14:36:04,INDF,RG,6800,30,F,ZP,CC,D
14:35:57,INDF,RG,6800,42,F,ZP,CC,D
14:35:57,INDF,RG,6800,1,F,ZP,CC,D
14:35:56,INDF,RG,6800,103,F,CS,CC,D
14:35:53,INDF,RG,6800,256,F,ZP,CC,D
14:35:53,INDF,RG,6800,1,F,ZP,YP,D
14:35:53,INDF,RG,6800,8,F,ZP,BB,F
14:35:33,INDF,RG,6800,3,F,ZP,BB,F
14:35:27,INDF,RG,6800,39,F,ZP,BB,F
14:34:36,INDF,RG,6800,30,F,ZP,BB,F
14:34:34,INDF,RG,6800,8,F,ZP,BB,F
14:34:16,INDF,RG,6800,32,F,ZP,BB,F
14:33:59,INDF,RG,6800,57,F,CS,BB,F
14:33:59,INDF,RG,6800,8,F,CS,CS,D
14:33:59,INDF,RG,6800,7,F,CS,ZP,F
14:33:59,INDF,RG,6800,4,F,CS,CS,D
14:33:59,INDF,RG,6800,2,F,CS,CS,D
14:33:59,INDF,RG,6800,7,F,CS,ZP,F
14:33:49,INDF,RG,6775,12,D,DH,BB,F
14:33:49,INDF,RG,6775,1,D,XC,BB,F
14:33:49,INDF,RG,6800,30,F,ZP,ZP,F
14:33:34,INDF,RG,6775,8,D,CC,BB,F
14:33:33,INDF,RG,6775,2,D,CC,CC,D
14:33:33,INDF,RG,6775,1,D,XC,CC,D
14:33:33,INDF,RG,6775,7,F,AK,CC,D
14:33:33,INDF,RG,6775,6,F,AK,CC,D
14:33:33,INDF,RG,6775,1,D,OD,CC,D
14:33:33,INDF,RG,6775,13,D,NI,CC,D
14:33:07,INDF,RG,6775,15,D,NI,BB,F
14:33:00,INDF,RG,6800,18,D,BB,ZP,F
14:33:00,INDF,RG,6800,10,D,BB,YP,D
14:33:00,INDF,RG,6775,8,D,NI,BB,F
14:33:00,INDF,RG,6800,20,F,ZP,YP,D
14:32:30,INDF,RG,6775,7,D,NI,BB,F
14:32:30,INDF,RG,6800,20,F,ZP,YP,D
14:32:30,INDF,RG,6800,1,F,ZP,YU,F
14:32:16,INDF,RG,6775,16,D,NI,BB,F
14:32:11,INDF,RG,6775,7,D,NI,BB,F
14:32:11,INDF,RG,6800,4,F,CS,YU,F
14:32:11,INDF,RG,6800,38,F,CS,YU,F
14:32:11,INDF,RG,6800,28,F,CS,AK,F
14:32:00,INDF,RG,6775,18,D,NI,BB,F
14:32:00,INDF,RG,6800,21,F,ZP,AK,F
14:31:06,INDF,RG,6775,7,D,NI,BB,F
14:31:05,INDF,RG,6775,10,D,NI,XC,D
14:31:00,INDF,RG,6800,21,F,ZP,AK,F
14:30:54,INDF,RG,6775,17,D,NI,BB,F
14:30:44,INDF,RG,6775,12,D,NI,BB,F
14:30:43,INDF,RG,6800,76,F,CS,AK,F
14:30:29,INDF,RG,6800,20,F,ZP,AK,F
14:30:23,INDF,RG,6775,4,D,NI,BB,F
14:30:12,INDF,RG,6775,7,D,NI,BB,F
14:30:11,INDF,RG,6775,1,D,NI,XL,D
14:29:57,INDF,RG,6775,4,D,NI,BB,F
14:29:56,INDF,RG,6800,20,F,ZP,AK,F
14:29:55,INDF,RG,6800,1,D,NI,AK,F
14:29:53,INDF,RG,6775,12,D,NI,BB,F
14:29:28,INDF,RG,6775,8,D,NI,BB,F
14:29:28,INDF,RG,6800,20,F,ZP,AK,F
14:29:27,INDF,RG,6775,1,D,NI,NI,D
14:29:08,INDF,RG,6775,7,D,NI,BB,F
14:29:04,INDF,RG,6800,12,F,ZP,AK,F
14:29:04,INDF,RG,6800,7,F,ZP,AK,F
14:29:00,INDF,RG,6800,12,F,ZP,AK,F
14:29:00,INDF,RG,6800,9,F,ZP,YU,F
14:29:00,INDF,RG,6775,16,D,NI,BB,F
14:28:55,INDF,RG,6775,23,D,NI,BB,F
14:28:54,INDF,RG,6800,9,F,CS,YU,F
14:28:54,INDF,RG,6800,55,F,CS,ZP,F
14:28:54,INDF,RG,6800,4,F,CS,ZP,F
14:28:54,INDF,RG,6800,3,F,CS,RX,F
14:28:09,INDF,RG,6775,4,D,NI,BB,F
14:28:08,INDF,RG,6800,43,F,ZP,RX,F
14:28:02,INDF,RG,6775,1,D,NI,NI,D
14:27:57,INDF,RG,6775,5,D,NI,BB,F
14:27:44,INDF,RG,6775,21,D,NI,BB,F
14:27:23,INDF,RG,6775,42,D,NI,BB,F
14:27:23,INDF,RG,6800,3,F,ZP,RX,F
14:27:22,INDF,RG,6800,80,D,CC,RX,F
14:27:08,INDF,RG,6800,150,D,PD,RX,F
14:27:03,INDF,RG,6775,7,D,NI,BB,F
14:27:02,INDF,RG,6800,46,F,CS,RX,F
14:26:59,INDF,RG,6775,12,D,NI,BB,F
14:26:58,INDF,RG,6800,20,F,ZP,RX,F
14:26:29,INDF,RG,6775,5,D,NI,BB,F
14:26:28,INDF,RG,6800,20,F,ZP,RX,F
14:26:17,INDF,RG,6775,25,D,NI,BB,F
14:26:03,INDF,RG,6775,274,D,NI,BB,F
14:26:03,INDF,RG,6800,128,D,BB,RX,F
14:25:56,INDF,RG,6800,21,F,ZP,RX,F
14:25:49,INDF,RG,6800,1,F,ZP,RX,F
14:25:49,INDF,RG,6800,231,D,BB,RX,F
14:25:49,INDF,RG,6800,8,D,BB,BB,F
14:25:49,INDF,RG,6800,6,D,BB,CS,D
14:25:49,INDF,RG,6800,38,D,BB,AK,F
14:25:49,INDF,RG,6800,5,D,BB,CS,D
14:25:49,INDF,RG,6800,50,D,BB,CC,D
14:24:13,INDF,RG,6775,5,D,NI,PD,D
14:24:02,INDF,RG,6825,18,D,BB,KI,D
14:23:57,INDF,RG,6800,6,F,CS,YP,D
14:23:57,INDF,RG,6800,9,F,ZP,YP,D
14:23:56,INDF,RG,6800,12,F,ZP,CC,D
14:23:56,INDF,RG,6800,1,F,CC,CC,D
14:23:35,INDF,RG,6800,2,F,CS,ZP,F
14:23:35,INDF,RG,6800,7,F,CS,CS,D
14:23:35,INDF,RG,6800,30,F,CS,RX,F
14:23:35,INDF,RG,6800,3,D,BB,RX,F
14:23:35,INDF,RG,6800,7,F,ZP,RX,F
14:23:35,INDF,RG,6800,7,F,AK,RX,F
14:23:35,INDF,RG,6800,33,F,CS,RX,F
14:23:35,INDF,RG,6800,6,F,CS,RX,F
14:23:35,INDF,RG,6800,34,F,CS,RX,F
14:23:35,INDF,RG,6800,57,F,CS,RX,F
14:23:35,INDF,RG,6800,29,F,DX,RX,F
14:23:35,INDF,RG,6800,305,D,YB,RX,F
14:23:33,INDF,RG,6800,175,D,YB,ZP,F
14:23:33,INDF,RG,6800,14,D,YB,ZP,F
14:23:33,INDF,RG,6800,6,D,YB,RX,F
14:23:33,INDF,RG,6800,3,D,BB,RX,F
14:23:33,INDF,RG,6800,20,F,ZP,RX,F
14:23:33,INDF,RG,6800,5,D,CC,RX,F
14:23:33,INDF,RG,6800,7,F,AK,RX,F
14:23:33,INDF,RG,6800,41,F,DX,RX,F
14:23:33,INDF,RG,6800,47,F,CS,RX,F
14:23:33,INDF,RG,6800,2,F,ZP,RX,F
14:23:33,INDF,RG,6800,21,F,ZP,RX,F
14:23:33,INDF,RG,6800,43,F,CS,RX,F
14:23:33,INDF,RG,6800,25,F,CS,RX,F
14:23:33,INDF,RG,6800,1,F,CC,RX,F
14:23:33,INDF,RG,6800,14,F,DX,RX,F
14:23:21,INDF,RG,6825,3,D,PD,KI,D
14:23:13,INDF,RG,6825,28,D,BB,KI,D
14:22:58,INDF,RG,6800,1,F,DX,XC,D
14:22:55,INDF,RG,6825,20,F,ZP,KI,D
14:22:29,INDF,RG,6800,1,F,DX,PD,D
14:22:16,INDF,RG,6825,27,D,BB,KI,D
14:22:03,INDF,RG,6825,18,F,AK,KI,D
14:21:54,INDF,RG,6825,20,F,ZP,KI,D
14:21:21,INDF,RG,6825,23,D,BB,KI,D
14:21:00,INDF,RG,6825,20,F,ZP,KI,D
14:20:52,INDF,RG,6800,1,F,DX,YP,D
14:20:34,INDF,RG,6825,2,D,BB,KI,D
14:20:31,INDF,RG,6800,9,F,DX,AK,F
14:20:31,INDF,RG,6800,31,F,DX,AK,F
14:20:31,INDF,RG,6800,2,F,DX,AK,F
14:20:29,INDF,RG,6800,29,F,DX,XC,D
14:20:29,INDF,RG,6800,35,F,DX,XC,D
14:20:29,INDF,RG,6800,39,F,DX,XC,D
14:20:29,INDF,RG,6800,38,F,DX,XC,D
14:20:29,INDF,RG,6800,40,F,DX,XC,D
14:20:29,INDF,RG,6800,36,F,DX,XC,D
14:20:29,INDF,RG,6800,20,F,ZP,XC,D
14:20:29,INDF,RG,6800,23,D,BB,XC,D
14:19:58,INDF,RG,6825,19,F,ZP,KI,D
14:19:42,INDF,RG,6825,24,D,BB,KI,D
14:19:36,INDF,RG,6825,34,F,DX,KI,D
14:19:27,INDF,RG,6825,10,F,ZP,KI,D
14:19:27,INDF,RG,6825,9,F,ZP,YP,D
14:19:00,INDF,RG,6800,1,D,BB,XL,D
14:18:52,INDF,RG,6825,20,F,ZP,YP,D
14:18:51,INDF,RG,6825,11,D,BB,YP,D
14:18:51,INDF,RG,6825,5,D,BB,PD,D
14:18:51,INDF,RG,6825,9,D,BB,EP,D
14:18:00,INDF,RG,6825,1,D,BB,EP,D
14:18:00,INDF,RG,6825,27,D,BB,BB,F
14:17:55,INDF,RG,6825,21,F,ZP,BB,F
14:17:20,INDF,RG,6825,1,F,AK,BB,F
14:17:05,INDF,RG,6825,22,D,BB,BB,F
14:16:56,INDF,RG,6825,18,F,DX,BB,F
14:16:56,INDF,RG,6825,1,F,DX,CC,D
14:16:56,INDF,RG,6825,5,F,DX,CC,D
14:16:56,INDF,RG,6825,10,F,DX,YB,D
14:16:56,INDF,RG,6825,20,F,ZP,YB,D
14:16:55,INDF,RG,6825,5,D,XC,YB,D
14:16:18,INDF,RG,6825,26,D,BB,YB,D
14:16:15,INDF,RG,6825,7,F,AK,YB,D
14:16:00,INDF,RG,6825,20,F,ZP,YB,D
14:15:25,INDF,RG,6825,24,D,BB,YB,D
14:15:01,INDF,RG,6825,21,F,ZP,YB,D
14:15:00,INDF,RG,6825,2,D,HP,YB,D
14:14:37,INDF,RG,6825,12,D,BB,YB,D
14:14:32,INDF,RG,6800,11,D,BB,PD,D
14:14:25,INDF,RG,6825,20,F,ZP,YB,D
14:14:15,INDF,RG,6825,4,F,AK,YB,D
14:13:49,INDF,RG,6825,29,D,BB,YB,D
14:13:49,INDF,RG,6825,1,D,BB,CC,D
14:13:49,INDF,RG,6825,1,D,BB,NI,D
14:13:49,INDF,RG,6825,5,D,BB,YP,D
14:13:49,INDF,RG,6825,71,D,BB,BB,F
14:13:49,INDF,RG,6825,1,D,BB,CC,D
14:13:13,INDF,RG,6800,70,D,BB,YP,D
14:13:02,INDF,RG,6800,16,D,BB,YU,F
14:13:02,INDF,RG,6800,111,F,CS,YU,F
14:13:02,INDF,RG,6800,21,F,ZP,YU,F
14:13:02,INDF,RG,6800,1,F,ZP,YU,F
14:12:52,INDF,RG,6800,6,F,BK,AK,F
14:12:52,INDF,RG,6800,10,F,BK,CS,D
14:12:52,INDF,RG,6800,292,F,BK,AK,F
14:12:52,INDF,RG,6800,3,F,BK,PD,D
14:12:52,INDF,RG,6800,5,F,BK,PD,D
14:12:52,INDF,RG,6800,11,F,CS,YU,F
14:12:52,INDF,RG,6800,1,F,CS,PD,D
14:12:51,INDF,RG,6800,4,F,AK,PD,D
14:12:51,INDF,RG,6800,6,F,AK,AK,F
14:12:51,INDF,RG,6800,1,F,AK,KK,D
14:12:51,INDF,RG,6800,1,F,AK,YP,D
14:12:51,INDF,RG,6800,9,F,AK,YU,F
14:12:51,INDF,RG,6800,4,F,AK,YP,D
14:12:51,INDF,RG,6800,29,F,AK,ZP,F
14:12:51,INDF,RG,6800,160,F,AK,ZP,F
14:12:51,INDF,RG,6800,9,F,AK,YU,F
14:12:51,INDF,RG,6800,4,F,AK,PD,D
14:12:51,INDF,RG,6800,6,F,AK,CS,D
14:12:51,INDF,RG,6800,152,F,AK,BB,F
14:12:51,INDF,RG,6800,4,F,AK,CS,D
14:12:51,INDF,RG,6800,116,F,AK,AK,F
14:12:51,INDF,RG,6800,8,F,AK,CS,D
14:12:51,INDF,RG,6800,15,F,AK,YU,F
14:12:51,INDF,RG,6800,472,F,AK,RX,F
14:12:51,INDF,RG,6800,20,F,ZP,RX,F
14:12:51,INDF,RG,6800,20,F,AK,RX,F
14:12:51,INDF,RG,6800,3,F,AK,CS,D
14:12:51,INDF,RG,6800,5,F,AK,CS,D
14:12:51,INDF,RG,6800,25,F,AK,CP,D
14:12:51,INDF,RG,6800,1,F,ZP,CP,D
14:12:51,INDF,RG,6800,12,F,AK,CP,D
14:12:51,INDF,RG,6800,162,D,RO,CP,D
14:12:51,INDF,RG,6800,32,D,RO,AK,F
14:12:51,INDF,RG,6800,3,D,RO,HP,D
14:12:51,INDF,RG,6800,6,D,RO,YU,F
14:12:51,INDF,RG,6800,3,D,RO,CS,D
14:12:51,INDF,RG,6800,264,D,RO,ZP,F
14:12:51,INDF,RG,6800,8,D,RO,YU,F
14:12:51,INDF,RG,6800,10,D,RO,YU,F
14:12:51,INDF,RG,6800,5,D,RO,YP,D
14:12:51,INDF,RG,6800,9,D,RO,XC,D
14:12:51,INDF,RG,6800,2,D,RO,NI,D
14:12:51,INDF,RG,6800,10,D,RO,AT,D
14:12:51,INDF,RG,6800,10,D,RO,YU,F
14:12:51,INDF,RG,6800,10,D,RO,EP,D
14:12:51,INDF,RG,6800,3,D,RO,XA,D
14:12:51,INDF,RG,6800,63,D,RO,RX,F
14:12:26,INDF,RG,6800,62,F,CS,RX,F
14:12:25,INDF,RG,6800,1,F,ZP,RX,F
14:11:59,INDF,RG,6800,20,F,ZP,RX,F
14:11:58,INDF,RG,6800,1,D,SQ,RX,F
14:11:53,INDF,RG,6800,37,F,DX,RX,F
14:11:48,INDF,RG,6800,50,D,CC,RX,F
14:11:48,INDF,RG,6800,10,D,CC,ZP,F
14:11:48,INDF,RG,6800,9,D,CC,YU,F
14:11:48,INDF,RG,6800,11,D,CC,AK,F
14:11:30,INDF,RG,6800,21,F,ZP,CS,F
14:11:30,INDF,RG,6800,5,F,AK,CS,F
14:11:16,INDF,RG,6800,2,F,ZP,CS,F
14:11:00,INDF,RG,6800,20,F,ZP,CS,F
14:10:20,INDF,RG,6800,12,F,ZP,CS,F
14:10:14,INDF,RG,6800,24,F,CS,CS,F
14:10:14,INDF,RG,6800,15,F,CS,YP,D
14:10:14,INDF,RG,6800,8,F,CS,YU,F
14:10:14,INDF,RG,6800,48,F,CS,NI,D
14:10:02,INDF,RG,6800,19,F,ZP,NI,D
14:10:02,INDF,RG,6800,33,F,DX,NI,D
14:10:02,INDF,RG,6800,1,F,DX,YP,D
14:10:00,INDF,RG,6800,21,F,ZP,YP,D
14:09:35,INDF,RG,6800,2,D,YJ,YP,D
14:09:28,INDF,RG,6800,32,F,ZP,YP,D
14:08:59,INDF,RG,6800,4,F,ZP,YP,D
14:08:59,INDF,RG,6800,11,F,ZP,ZP,F
14:08:59,INDF,RG,6800,1,F,ZP,CC,D
14:08:59,INDF,RG,6800,5,F,ZP,ZP,F
14:08:45,INDF,RG,6800,5,F,AK,ZP,F
14:08:08,INDF,RG,6775,4,D,NI,PD,D
14:08:02,INDF,RG,6800,34,F,DX,ZP,F
14:08:01,INDF,RG,6775,10,D,NI,SQ,D
14:07:50,INDF,RG,6800,1,D,PD,ZP,F
14:07:47,INDF,RG,6775,10,D,NI,SQ,D
14:07:43,INDF,RG,6775,1,D,NI,IF,D
14:07:27,INDF,RG,6800,1,F,ZP,ZP,F
14:07:27,INDF,RG,6800,8,F,ZP,YU,F
14:07:27,INDF,RG,6800,3,F,ZP,CS,D
14:07:27,INDF,RG,6800,6,F,ZP,CS,D
14:07:27,INDF,RG,6800,1,F,ZP,YP,D
14:07:22,INDF,RG,6775,44,D,NI,SQ,D
14:07:06,INDF,RG,6775,5,D,NI,GR,D
14:06:56,INDF,RG,6800,3,F,ZP,YP,D
14:06:56,INDF,RG,6800,1,F,ZP,DR,D
14:06:56,INDF,RG,6800,5,F,ZP,CS,D
14:06:56,INDF,RG,6800,3,F,ZP,CS,D
14:06:56,INDF,RG,6800,2,F,ZP,DR,D
14:06:56,INDF,RG,6800,5,F,ZP,BB,F
14:06:50,INDF,RG,6800,21,F,CS,BB,F
14:06:50,INDF,RG,6800,65,F,CS,AK,F
14:06:43,INDF,RG,6775,5,D,NI,BB,F
14:06:27,INDF,RG,6800,20,F,ZP,AK,F
14:06:23,INDF,RG,6775,5,D,NI,DR,D
14:06:22,INDF,RG,6800,5,D,NI,AK,F
14:06:17,INDF,RG,6775,4,D,NI,BB,F
14:05:48,INDF,RG,6775,42,D,NI,BB,F
14:05:47,INDF,RG,6800,20,F,ZP,AK,F
14:05:36,INDF,RG,6775,1,D,NI,BB,F
14:05:35,INDF,RG,6775,62,D,NI,RX,F
14:05:35,INDF,RG,6775,107,D,NI,RX,F
14:05:35,INDF,RG,6775,52,D,NI,RX,F
14:05:35,INDF,RG,6775,1,D,YP,RX,F
14:05:35,INDF,RG,6775,12,D,NI,RX,F
14:05:26,INDF,RG,6775,4,D,NI,PD,D
14:05:26,INDF,RG,6775,1,D,NI,PD,D
14:05:11,INDF,RG,6775,1,D,NI,BB,F
14:04:30,INDF,RG,6775,2,D,NI,BB,F
14:04:04,INDF,RG,6775,9,D,NI,BB,F
14:03:55,INDF,RG,6775,5,D,NI,PD,D
14:03:53,INDF,RG,6800,24,F,CS,AK,F
14:03:53,INDF,RG,6800,14,F,CS,AK,F
14:03:53,INDF,RG,6800,5,F,CS,CS,D
14:03:53,INDF,RG,6800,1,F,CS,CS,D
14:03:53,INDF,RG,6800,1,F,CS,CS,D
14:03:53,INDF,RG,6800,3,F,CS,YU,F
14:03:52,INDF,RG,6800,1,D,XL,YU,F
14:03:49,INDF,RG,6775,5,D,NI,BB,F
14:03:45,INDF,RG,6800,12,F,ZP,YU,F
14:03:45,INDF,RG,6800,9,F,ZP,YU,F
14:03:45,INDF,RG,6800,7,F,AK,ZP,F
14:03:37,INDF,RG,6775,17,D,NI,BB,F
14:03:36,INDF,RG,6775,1,D,NI,BB,F
14:03:35,INDF,RG,6775,39,D,NI,CS,D
14:03:30,INDF,RG,6775,60,D,NI,AK,F
14:03:29,INDF,RG,6775,1,D,NI,BB,F
14:03:29,INDF,RG,6775,1,D,NI,PD,D
14:02:48,INDF,RG,6775,1,D,NI,BB,F
14:02:31,INDF,RG,6775,9,D,NI,BB,F
14:02:20,INDF,RG,6775,1,D,NI,BB,F
14:02:19,INDF,RG,6800,52,F,CS,ZP,F
14:02:06,INDF,RG,6775,3,D,NI,BB,F
14:01:54,INDF,RG,6775,2,D,NI,BB,F
14:01:54,INDF,RG,6800,17,F,ZP,ZP,F
14:01:54,INDF,RG,6800,2,F,ZP,RX,F
14:01:45,INDF,RG,6800,5,F,AK,RX,F
14:01:25,INDF,RG,6775,1,D,NI,BB,F
14:01:14,INDF,RG,6775,4,D,NI,BB,F
14:01:13,INDF,RG,6775,5,D,NI,SQ,D
14:01:05,INDF,RG,6775,6,D,NI,BB,F
14:01:04,INDF,RG,6800,20,F,ZP,RX,F
14:00:50,INDF,RG,6775,11,D,NI,BB,F
14:00:49,INDF,RG,6800,32,F,ZP,RX,F
14:00:37,INDF,RG,6775,6,D,NI,BB,F
14:00:37,INDF,RG,6800,61,F,CS,RX,F
14:00:20,INDF,RG,6800,30,F,ZP,RX,F
14:00:15,INDF,RG,6775,24,D,NI,BB,F
14:00:15,INDF,RG,6800,4,F,AK,RX,F
13:59:31,INDF,RG,6800,21,F,ZP,RX,F
13:59:30,INDF,RG,6775,104,D,NI,AK,F
13:59:05,INDF,RG,6775,102,D,NI,BB,F
13:58:52,INDF,RG,6800,19,F,ZP,RX,F
13:58:50,INDF,RG,6775,566,D,NI,KK,D
13:58:48,INDF,RG,6775,11,D,NI,BB,F
13:58:41,INDF,RG,6775,1,D,NI,BB,F
13:58:40,INDF,RG,6800,66,F,CS,RX,F
13:58:20,INDF,RG,6775,5,D,NI,BB,F
13:57:51,INDF,RG,6775,1,D,NI,BB,F
13:57:50,INDF,RG,6800,20,F,ZP,RX,F
13:57:07,INDF,RG,6775,10,D,NI,BB,F
13:57:07,INDF,RG,6775,2,D,CC,BB,F
13:57:07,INDF,RG,6775,2,D,CC,BB,F
13:57:07,INDF,RG,6775,6,F,AK,BB,F
13:57:00,INDF,RG,6775,1,D,PD,AK,F
13:57:00,INDF,RG,6775,1,D,KK,AK,F
13:57:00,INDF,RG,6775,33,F,CS,AK,F
13:56:57,INDF,RG,6775,75,F,CS,AK,F
13:56:56,INDF,RG,6775,9,F,CS,BB,F
13:56:36,INDF,RG,6775,1,F,CS,BB,F
13:56:35,INDF,RG,6800,54,F,CS,RX,F
13:56:17,INDF,RG,6775,11,F,CS,BB,F
13:55:58,INDF,RG,6775,6,F,CS,BB,F
13:55:57,INDF,RG,6800,60,D,DR,RX,F
13:55:53,INDF,RG,6800,20,F,ZP,RX,F
13:55:47,INDF,RG,6800,7,F,AK,RX,F
13:55:46,INDF,RG,6775,9,F,CS,BB,F
13:55:45,INDF,RG,6775,5,F,CS,AK,F
13:55:26,INDF,RG,6800,50,D,DR,RX,F
13:55:21,INDF,RG,6775,1,F,CS,BB,F
13:55:03,INDF,RG,6775,17,F,CS,BB,F
13:55:03,INDF,RG,6800,4,F,ZP,RX,F
13:54:53,INDF,RG,6800,21,F,ZP,RX,F
13:54:52,INDF,RG,6800,69,F,CS,RX,F
13:54:21,INDF,RG,6775,8,F,CS,BB,F
13:54:05,INDF,RG,6800,19,F,ZP,RX,F
13:54:03,INDF,RG,6775,4,F,CS,BB,F
13:54:03,INDF,RG,6775,11,F,NI,BB,F
13:54:02,INDF,RG,6800,20,F,ZP,RX,F
13:53:50,INDF,RG,6800,40,F,ZP,RX,F
13:53:50,INDF,RG,6800,1,D,NI,RX,F
13:53:47,INDF,RG,6800,39,F,ZP,RX,F
13:53:14,INDF,RG,6775,1,F,NI,BB,F
13:53:02,INDF,RG,6775,14,F,NI,BB,F
13:52:43,INDF,RG,6800,7,F,ZP,RX,F
13:52:42,INDF,RG,6800,55,F,CS,RX,F
13:52:42,INDF,RG,6800,13,F,CS,YU,F
13:52:40,INDF,RG,6775,3,F,NI,BB,F
13:52:40,INDF,RG,6775,1,D,IF,BB,F
13:52:28,INDF,RG,6800,21,F,ZP,AK,F
13:52:28,INDF,RG,6775,4,D,IF,BB,F
13:52:28,INDF,RG,6775,1,D,YP,BB,F
13:52:27,INDF,RG,6800,1,D,XL,AK,F
13:52:06,INDF,RG,6800,1,D,XC,AK,F
13:52:01,INDF,RG,6775,5,D,YP,BB,F
13:52:01,INDF,RG,6800,21,F,ZP,AK,F
13:51:54,INDF,RG,6775,2,D,YP,BB,F
13:51:54,INDF,RG,6775,2,D,YB,BB,F
13:51:53,INDF,RG,6800,31,F,ZP,AK,F
13:51:19,INDF,RG,6775,1,D,YB,BB,F
13:51:18,INDF,RG,6800,12,F,AK,AK,F
13:51:00,INDF,RG,6775,38,D,YB,BB,F
13:50:58,INDF,RG,6775,9,D,YB,BB,F
13:50:58,INDF,RG,6775,8,D,YJ,BB,F
13:50:58,INDF,RG,6800,1,F,ZP,AK,F
13:50:58,INDF,RG,6800,9,F,ZP,AK,F
13:50:58,INDF,RG,6800,2,F,ZP,ZP,F
13:50:58,INDF,RG,6800,8,F,ZP,RX,F
13:50:58,INDF,RG,6800,200,D,YP,RX,F
13:50:36,INDF,RG,6800,94,F,CS,RX,F
13:50:32,INDF,RG,6775,1,D,YJ,BB,F
13:50:32,INDF,RG,6775,13,F,DX,BB,F
13:50:30,INDF,RG,6800,80,D,CC,RX,F
13:50:29,INDF,RG,6775,2,F,DX,XC,D
13:50:19,INDF,RG,6775,2,F,DX,BB,F
13:49:42,INDF,RG,6800,2,D,PD,RX,F
13:49:40,INDF,RG,6775,4,F,DX,BB,F
13:49:29,INDF,RG,6800,20,F,ZP,RX,F
13:49:20,INDF,RG,6775,1,F,DX,BB,F
13:49:08,INDF,RG,6775,1,F,DX,BB,F
13:48:51,INDF,RG,6775,2,F,DX,BB,F
13:48:30,INDF,RG,6775,27,F,DX,BB,F
13:48:30,INDF,RG,6800,5,D,YP,RX,F
13:48:20,INDF,RG,6800,102,F,ZP,RX,F
13:48:20,INDF,RG,6800,1,F,ZP,CS,D
13:48:20,INDF,RG,6800,37,F,ZP,AK,F
13:48:20,INDF,RG,6800,6,F,ZP,ZP,F
13:48:20,INDF,RG,6800,9,F,ZP,PD,D
13:48:06,INDF,RG,6775,88,F,ZP,BB,F
13:48:06,INDF,RG,6775,1,F,ZP,YP,D
13:47:59,INDF,RG,6775,4,F,ZP,BB,F
13:47:59,INDF,RG,6775,511,F,ZP,RX,F
13:47:51,INDF,RG,6775,25,F,ZP,NI,D
13:47:46,INDF,RG,6775,1,F,ZP,BB,F
13:47:35,INDF,RG,6775,50,F,ZP,BB,F
13:47:33,INDF,RG,6800,1,D,AZ,CS,D
13:47:31,INDF,RG,6800,54,F,CS,XC,D
13:47:31,INDF,RG,6800,63,F,CS,XC,D
13:47:31,INDF,RG,6800,4,F,ZP,XC,D
13:47:31,INDF,RG,6800,36,F,DX,XC,D
13:47:31,INDF,RG,6800,10,D,YP,XC,D
13:47:31,INDF,RG,6800,43,F,DX,XC,D
13:47:31,INDF,RG,6800,1,D,DR,XC,D
13:47:31,INDF,RG,6800,19,F,ZP,XC,D
13:47:31,INDF,RG,6800,1,D,YP,XC,D
13:47:31,INDF,RG,6800,19,F,ZP,XC,D
13:47:31,INDF,RG,6800,34,F,DX,XC,D
13:47:30,INDF,RG,6800,7,F,DX,BB,F
13:47:30,INDF,RG,6800,1,F,ZP,BB,F
13:47:29,INDF,RG,6800,4,F,ZP,ZP,F
13:47:21,INDF,RG,6800,45,F,CS,ZP,F
13:47:19,INDF,RG,6800,1,F,CS,BB,F
13:47:18,INDF,RG,6800,1,F,CS,CC,D
13:47:05,INDF,RG,6800,1,F,CS,XL,D
13:46:51,INDF,RG,6800,2,F,CS,BB,F
13:46:39,INDF,RG,6800,8,F,CS,BB,F
13:46:38,INDF,RG,6800,3,F,CS,CC,D
13:46:11,INDF,RG,6825,19,F,ZP,AK,F
13:46:07,INDF,RG,6825,20,F,ZP,AK,F
13:46:07,INDF,RG,6800,7,F,CS,BB,F
13:45:44,INDF,RG,6800,2,F,CS,BB,F
13:45:43,INDF,RG,6800,38,F,CS,XC,D
13:45:31,INDF,RG,6800,20,F,CS,BB,F
13:45:30,INDF,RG,6800,8,F,CS,YU,F
13:45:21,INDF,RG,6800,17,F,CS,ZP,F
13:45:21,INDF,RG,6800,88,D,PD,ZP,F
13:45:21,INDF,RG,6800,1,D,PD,BB,F
13:45:20,INDF,RG,6800,8,D,PD,ZP,F
13:44:43,INDF,RG,6800,17,D,PD,BB,F
13:44:38,INDF,RG,6800,36,D,PD,DR,D
13:44:38,INDF,RG,6800,14,F,DX,DR,D
13:44:37,INDF,RG,6800,1,F,DX,DH,D
13:44:32,INDF,RG,6800,2,F,DX,BB,F
13:44:31,INDF,RG,6800,13,F,DX,YP,D
13:44:31,INDF,RG,6800,29,F,CS,YP,D
13:44:04,INDF,RG,6800,1,F,CS,CC,D
13:43:58,INDF,RG,6800,1,F,CS,BB,F
13:43:36,INDF,RG,6800,1,F,CS,BB,F
13:43:24,INDF,RG,6800,7,F,CS,BB,F
13:43:23,INDF,RG,6800,2,F,CS,ZP,F
13:43:18,INDF,RG,6800,1,F,CS,BB,F
13:43:17,INDF,RG,6800,24,F,CS,XC,D
13:43:17,INDF,RG,6800,16,F,ZP,XC,D
13:43:04,INDF,RG,6800,1,F,ZP,BB,F
13:42:49,INDF,RG,6825,2,D,XC,AK,F
13:42:37,INDF,RG,6800,24,F,ZP,BB,F
13:42:03,INDF,RG,6825,12,F,ZP,AK,F
13:42:03,INDF,RG,6825,2,F,ZP,XC,D
13:42:03,INDF,RG,6825,2,F,ZP,YP,D
13:42:03,INDF,RG,6825,5,F,ZP,PD,D
13:42:03,INDF,RG,6800,1,F,ZP,ZP,F
13:42:03,INDF,RG,6800,2,F,ZP,ZP,F
13:42:03,INDF,RG,6800,2,F,CC,ZP,F
13:42:03,INDF,RG,6800,53,F,DX,ZP,F
13:42:03,INDF,RG,6800,20,F,ZP,ZP,F
13:42:03,INDF,RG,6800,7,F,CS,ZP,F
13:42:02,INDF,RG,6800,8,F,CS,BB,F
13:42:01,INDF,RG,6825,5,F,ZP,PD,D
13:42:01,INDF,RG,6825,10,F,ZP,PD,D
13:42:01,INDF,RG,6825,5,F,ZP,GR,D
13:41:46,INDF,RG,6825,10,F,ZP,EP,D
13:41:46,INDF,RG,6825,1,F,ZP,ZP,F
13:41:46,INDF,RG,6825,2,F,ZP,SQ,D
13:41:46,INDF,RG,6825,3,F,ZP,KK,D
13:41:46,INDF,RG,6825,2,F,ZP,PD,D
13:41:46,INDF,RG,6825,5,F,ZP,CC,D
13:41:46,INDF,RG,6825,20,F,ZP,PD,D
13:41:36,INDF,RG,6800,1,F,CS,BB,F
13:41:35,INDF,RG,6800,1,F,CS,BB,F
13:41:35,INDF,RG,6800,2,F,CS,XC,D
13:41:35,INDF,RG,6800,3,F,CS,XC,D
13:41:18,INDF,RG,6800,3,F,CS,BB,F
13:41:18,INDF,RG,6800,2,F,ZP,BB,F
13:40:59,INDF,RG,6800,2,F,ZP,BB,F
13:40:58,INDF,RG,6825,6,F,ZP,YP,D
13:40:58,INDF,RG,6825,5,F,ZP,RO,D
13:40:58,INDF,RG,6825,1,F,ZP,NI,D
13:40:58,INDF,RG,6825,1,F,ZP,PD,D
13:40:58,INDF,RG,6825,8,F,ZP,XC,D
13:40:30,INDF,RG,6800,2,F,ZP,DR,D
13:40:25,INDF,RG,6800,4,F,ZP,ZP,F
13:40:22,INDF,RG,6800,11,F,ZP,BB,F
13:40:22,INDF,RG,6800,3,F,ZP,BB,F
13:40:22,INDF,RG,6800,3,D,YP,BB,F
13:40:16,INDF,RG,6800,45,D,YP,ZP,F
13:40:16,INDF,RG,6800,1,F,CC,ZP,F
13:40:13,INDF,RG,6800,6,F,CC,YU,F
13:40:13,INDF,RG,6800,2,F,ZP,YU,F
13:40:12,INDF,RG,6825,2,F,ZP,XC,D
13:40:12,INDF,RG,6825,1,F,ZP,PD,D
13:40:12,INDF,RG,6825,10,F,ZP,PD,D
13:40:12,INDF,RG,6825,8,F,ZP,CC,D
13:40:07,INDF,RG,6800,1,F,ZP,BB,F
13:40:06,INDF,RG,6825,2,F,ZP,CC,D
13:40:06,INDF,RG,6825,2,F,ZP,EP,D
13:40:06,INDF,RG,6825,1,F,ZP,YP,D
13:40:06,INDF,RG,6825,16,F,ZP,KK,D
13:39:58,INDF,RG,6800,1,F,ZP,SQ,D
13:39:57,INDF,RG,6800,2,F,ZP,BB,F
13:39:57,INDF,RG,6800,1,F,ZP,PD,D
13:39:22,INDF,RG,6800,5,F,ZP,BB,F
13:39:08,INDF,RG,6800,9,F,ZP,PD,D
13:39:08,INDF,RG,6800,16,F,CS,PD,D
13:39:00,INDF,RG,6800,15,F,CS,BB,F
13:38:55,INDF,RG,6800,13,F,CS,ZP,F
13:38:55,INDF,RG,6800,56,F,DX,ZP,F
13:38:55,INDF,RG,6800,10,F,ZP,ZP,F
13:38:55,INDF,RG,6800,3,F,ZP,ZP,F
13:38:44,INDF,RG,6800,2,F,ZP,BB,F
13:38:25,INDF,RG,6800,4,F,ZP,BB,F
13:38:25,INDF,RG,6800,1,F,ZP,BB,F
13:38:24,INDF,RG,6800,5,F,ZP,PD,D
13:38:10,INDF,RG,6800,1,F,ZP,BB,F
13:38:10,INDF,RG,6800,14,F,ZP,YP,D
13:38:10,INDF,RG,6800,11,D,DR,YP,D
13:38:00,INDF,RG,6800,4,D,DR,BB,F
13:37:50,INDF,RG,6800,16,D,DR,BB,F
13:37:49,INDF,RG,6825,5,F,ZP,KK,D
13:37:49,INDF,RG,6825,10,F,ZP,KK,F
13:37:49,INDF,RG,6825,4,F,ZP,NI,D
13:37:27,INDF,RG,6800,17,D,DR,BB,F
13:37:26,INDF,RG,6800,52,D,DR,YP,D
13:37:26,INDF,RG,6800,3,F,ZP,YP,D
13:37:26,INDF,RG,6800,6,F,CS,YP,D
13:37:26,INDF,RG,6800,29,F,CS,YP,D
13:37:14,INDF,RG,6800,15,F,CS,AK,F
13:37:14,INDF,RG,6800,35,F,CS,AK,F
13:37:13,INDF,RG,6800,5,F,CS,ZP,F
13:37:13,INDF,RG,6800,1,F,DX,ZP,F
13:37:12,INDF,RG,6800,5,F,DX,YP,D
13:37:09,INDF,RG,6800,1,F,DX,BB,F
13:37:08,INDF,RG,6800,30,F,DX,ZP,F
13:36:42,INDF,RG,6800,3,F,DX,BB,F
13:36:41,INDF,RG,6800,1,F,DX,PD,D
13:36:24,INDF,RG,6800,9,F,DX,XL,D
13:36:21,INDF,RG,6800,8,F,DX,BB,F
13:36:10,INDF,RG,6800,3,F,DX,XL,D
13:36:10,INDF,RG,6800,14,F,CS,XL,D
13:36:10,INDF,RG,6800,27,F,DX,XL,D
13:36:00,INDF,RG,6800,3,F,DX,BB,F
13:35:35,INDF,RG,6800,7,F,DX,BB,F
13:35:34,INDF,RG,6800,5,F,ZP,RF,D
13:34:58,INDF,RG,6800,8,F,ZP,BB,F
13:34:57,INDF,RG,6800,7,F,ZP,YP,D
13:34:57,INDF,RG,6800,23,F,DX,YP,D
13:34:52,INDF,RG,6800,17,F,DX,PD,D
13:34:52,INDF,RG,6800,7,F,ZP,PD,D
13:34:47,INDF,RG,6825,6,F,ZP,NI,D
13:34:47,INDF,RG,6825,15,F,ZP,CC,D
13:34:45,INDF,RG,6800,1,F,ZP,BB,F
13:34:26,INDF,RG,6800,1,F,ZP,BB,F
13:34:13,INDF,RG,6800,2,F,ZP,BB,F
13:33:52,INDF,RG,6800,4,F,ZP,BB,F
13:33:31,INDF,RG,6800,1,F,ZP,BB,F
13:33:30,INDF,RG,6825,20,F,ZP,CC,D
13:33:19,INDF,RG,6800,1,F,ZP,BB,F
13:33:18,INDF,RG,6800,2,F,ZP,XC,D
13:32:15,INDF,RG,6800,1,F,ZP,ZP,F
13:32:15,INDF,RG,6800,2,F,ZP,ZP,F
13:32:15,INDF,RG,6800,1,D,XC,ZP,F
13:32:03,INDF,RG,6800,2,D,XC,ZP,F
13:32:02,INDF,RG,6800,1,D,XC,YU,F
13:32:02,INDF,RG,6800,10,D,XC,ZP,F
13:31:53,INDF,RG,6800,3,F,CS,BB,F
13:31:47,INDF,RG,6800,2,F,CS,BB,F
13:31:43,INDF,RG,6800,1,F,CS,BB,F
13:31:43,INDF,RG,6800,1,F,CS,CS,D
13:31:39,INDF,RG,6800,2,F,CS,CS,D
13:31:39,INDF,RG,6800,2,F,CS,YU,F
13:31:32,INDF,RG,6800,1,F,CS,YU,F
13:31:32,INDF,RG,6800,1,F,CS,ZP,F
13:31:32,INDF,RG,6800,3,F,CS,CC,D
13:31:22,INDF,RG,6800,1,F,CS,CC,D
13:31:22,INDF,RG,6800,4,F,CS,CC,D
13:31:11,INDF,RG,6800,6,F,CS,CC,D
13:31:01,INDF,RG,6800,1,F,CS,XC,D
13:31:01,INDF,RG,6800,5,F,CS,YU,F
13:30:49,INDF,RG,6800,11,F,CS,YU,F
13:30:49,INDF,RG,6800,7,D,CC,YU,F
13:30:49,INDF,RG,6800,1,D,CC,XC,D
13:30:49,INDF,RG,6800,15,D,CC,SQ,D
13:30:49,INDF,RG,6800,2,D,CC,PD,D
13:30:49,INDF,RG,6800,1,D,CC,PD,D
13:30:49,INDF,RG,6800,4,D,CC,SQ,D
13:30:49,INDF,RG,6800,11,D,CC,BB,F
13:30:49,INDF,RG,6800,1,D,CC,SQ,D
13:30:49,INDF,RG,6800,38,D,CC,AN,D
13:30:39,INDF,RG,6800,12,F,ZP,AN,D
13:30:39,INDF,RG,6800,10,F,ZP,EP,D
13:30:39,INDF,RG,6800,1,F,ZP,ZP,F
13:30:39,INDF,RG,6800,10,F,ZP,PD,D
13:30:39,INDF,RG,6800,1,F,ZP,OD,D
13:30:39,INDF,RG,6800,3,F,ZP,ZP,F
13:30:39,INDF,RG,6800,3,F,ZP,CS,D
13:30:28,INDF,RG,6800,5,F,CS,CS,D
13:30:28,INDF,RG,6800,4,F,CS,YU,F
13:30:28,INDF,RG,6800,1,F,CS,SQ,D
13:30:28,INDF,RG,6800,5,F,CS,ZP,F
13:30:12,INDF,RG,6775,1,F,ZP,YP,D
13:30:06,INDF,RG,6775,6,F,ZP,PD,D
13:30:06,INDF,RG,6775,1,F,ZP,OD,D
13:30:04,INDF,RG,6775,1,F,ZP,PD,D
13:30:04,INDF,RG,6800,6,D,XC,ZP,F
13:30:03,INDF,RG,6800,3,F,AK,ZP,F
13:30:03,INDF,RG,6800,9,F,AK,YU,F
13:30:03,INDF,RG,6800,3,F,AK,ID,D
13:30:03,INDF,RG,6775,1,F,ZP,XL,D
13:30:03,INDF,RG,6800,1,D,PD,ID,D
13:30:02,INDF,RG,6775,1,F,ZP,PD,D
13:30:02,INDF,RG,6775,51,F,ZP,YU,D
13:30:02,INDF,RG,6775,324,F,ZP,SQ,D
13:30:01,INDF,RG,6775,138,F,ZP,YP,D
13:30:01,INDF,RG,6775,1,F,ZP,YP,D
13:30:01,INDF,RG,6775,1,F,ZP,PD,D
13:30:01,INDF,RG,6775,3,F,ZP,SQ,D
13:30:01,INDF,RG,6775,11,F,ZP,PD,D
13:30:01,INDF,RG,6775,1,F,ZP,PD,D
13:30:01,INDF,RG,6775,1,F,ZP,SQ,D
11:29:12,INDF,RG,6775,3,F,ZP,ZP,F
11:29:12,INDF,RG,6775,1,F,ZP,ZP,F
11:28:52,INDF,RG,6800,1,D,PD,ID,D
11:28:52,INDF,RG,6800,1,D,PD,PD,D
11:28:52,INDF,RG,6800,1,D,PD,HP,D
11:28:52,INDF,RG,6800,50,D,PD,SQ,D
11:28:52,INDF,RG,6800,1,D,PD,YP,D
11:28:52,INDF,RG,6800,9,D,PD,OD,D
11:28:52,INDF,RG,6800,1,D,PD,PD,D
11:28:52,INDF,RG,6800,1,D,PD,YP,D
11:28:46,INDF,RG,6800,2,F,AK,XL,D
11:28:21,INDF,RG,6800,3,F,ZP,XL,D
11:28:21,INDF,RG,6800,4,F,ZP,PD,D
11:28:21,INDF,RG,6800,2,F,ZP,PD,D
11:28:21,INDF,RG,6800,9,F,ZP,KK,D
11:28:21,INDF,RG,6800,1,F,ZP,YP,D
11:28:16,INDF,RG,6800,1,F,AK,YP,D
11:27:49,INDF,RG,6800,3,D,CC,YP,D
11:27:49,INDF,RG,6800,1,D,CC,DR,D
11:27:49,INDF,RG,6800,10,D,CC,KK,D
11:27:49,INDF,RG,6800,64,D,CC,BB,F
11:27:49,INDF,RG,6800,2,D,CC,ZP,F
11:27:02,INDF,RG,6775,519,F,ZP,YU,F
11:26:16,INDF,RG,6800,4,F,AK,ZP,F
11:26:00,INDF,RG,6775,75,F,ZP,YU,F
11:25:59,INDF,RG,6775,369,F,ZP,BB,F
11:25:53,INDF,RG,6775,88,F,ZP,BB,F
11:25:53,INDF,RG,6775,6,F,ZP,CS,D
11:25:53,INDF,RG,6775,1,F,ZP,PD,D
11:25:53,INDF,RG,6775,3,F,ZP,XL,D
11:25:53,INDF,RG,6775,50,F,ZP,SQ,D
11:25:53,INDF,RG,6775,4,F,ZP,OD,D
11:25:53,INDF,RG,6775,32,F,ZP,AK,F
11:25:53,INDF,RG,6775,29,F,ZP,IF,D
11:25:53,INDF,RG,6775,172,F,ZP,ZP,F
11:25:53,INDF,RG,6775,6,F,ZP,CS,D
11:25:53,INDF,RG,6775,240,F,ZP,RX,F
11:25:53,INDF,RG,6775,10,F,ZP,DH,D
11:25:53,INDF,RG,6775,1,F,ZP,XC,D
11:25:53,INDF,RG,6775,15,F,ZP,ZP,F
11:25:53,INDF,RG,6775,36,F,ZP,DH,D
11:25:53,INDF,RG,6775,5,F,ZP,XC,D
11:25:53,INDF,RG,6775,45,F,ZP,AK,F
11:25:53,INDF,RG,6775,100,F,ZP,CC,F
11:25:53,INDF,RG,6775,1,F,ZP,PD,D
11:25:53,INDF,RG,6775,4,F,ZP,AK,F
11:25:53,INDF,RG,6775,19,F,ZP,YU,F
11:25:53,INDF,RG,6775,4,F,ZP,CS,D
11:25:53,INDF,RG,6775,1,F,ZP,CS,D
11:25:53,INDF,RG,6775,2,F,ZP,CS,D
11:25:53,INDF,RG,6775,373,F,ZP,ZP,F
11:25:53,INDF,RG,6775,4,F,ZP,AK,F
11:25:53,INDF,RG,6775,11,F,ZP,ZP,F
11:25:53,INDF,RG,6775,1,F,ZP,CS,D
11:25:53,INDF,RG,6775,4,F,ZP,CS,D
11:25:53,INDF,RG,6775,20,F,ZP,YU,F
11:25:53,INDF,RG,6775,2,F,ZP,CS,D
11:25:53,INDF,RG,6775,236,F,ZP,RX,F
11:25:53,INDF,RG,6775,18,F,ZP,ZP,F
11:25:53,INDF,RG,6775,15,F,ZP,ZP,F
11:25:53,INDF,RG,6775,3,F,ZP,CS,D
11:25:53,INDF,RG,6775,2,F,ZP,CS,D
11:25:53,INDF,RG,6775,2,F,ZP,CS,D
11:25:53,INDF,RG,6775,6,F,ZP,PD,D
11:25:53,INDF,RG,6775,13,F,ZP,XC,D
11:25:53,INDF,RG,6775,10,F,ZP,YP,D
11:25:53,INDF,RG,6775,2,F,ZP,CS,D
11:25:53,INDF,RG,6775,1,F,ZP,CS,D
11:25:53,INDF,RG,6775,2,F,ZP,CS,D
11:25:53,INDF,RG,6775,1,F,ZP,CS,D
11:25:53,INDF,RG,6775,1,F,ZP,CS,D
11:25:53,INDF,RG,6775,1,F,ZP,CS,D
11:25:53,INDF,RG,6775,1,F,ZP,CS,D
11:25:53,INDF,RG,6775,1,F,ZP,CS,D
11:25:53,INDF,RG,6775,10,F,ZP,YU,F
11:25:53,INDF,RG,6775,100,F,ZP,YP,D
11:25:53,INDF,RG,6775,308,F,ZP,BB,F
11:25:53,INDF,RG,6775,55,F,ZP,AK,F
11:25:53,INDF,RG,6775,15,F,ZP,YU,F
11:25:53,INDF,RG,6775,1,F,ZP,CS,D
11:25:53,INDF,RG,6775,3,F,ZP,CS,D
11:25:53,INDF,RG,6775,440,F,ZP,RX,F
11:25:44,INDF,RG,6750,11,F,DX,ZP,F
11:25:31,INDF,RG,6775,2,F,AK,RX,F
11:25:28,INDF,RG,6750,3,F,DX,XL,D
11:25:28,INDF,RG,6750,36,F,CS,XL,D
11:25:23,INDF,RG,6750,1,F,CS,ZP,F
11:25:11,INDF,RG,6750,3,F,CS,ZP,F
11:25:01,INDF,RG,6775,1,F,AK,RX,F
11:24:54,INDF,RG,6750,39,F,CS,ZP,F
11:24:54,INDF,RG,6750,16,F,CS,ZP,F
11:24:53,INDF,RG,6750,7,F,CS,BB,F
11:24:53,INDF,RG,6750,10,D,XA,BB,F
11:24:53,INDF,RG,6750,27,F,DX,BB,F
11:24:53,INDF,RG,6750,31,F,CS,BB,F
11:24:53,INDF,RG,6750,25,D,PD,BB,F
11:24:53,INDF,RG,6750,5,D,PD,BB,F
11:24:53,INDF,RG,6750,20,D,LG,BB,F
11:24:53,INDF,RG,6750,19,F,ZP,BB,F
11:24:53,INDF,RG,6750,21,F,ZP,BB,F
11:24:53,INDF,RG,6750,4,F,ZP,BB,F
11:24:53,INDF,RG,6750,133,D,RO,BB,F
11:24:46,INDF,RG,6750,52,D,RO,AK,F
11:24:31,INDF,RG,6750,12,D,RO,AK,F
11:24:12,INDF,RG,6750,10,D,RO,AG,D
11:23:53,INDF,RG,6750,6,D,RO,PD,D
11:23:51,INDF,RG,6750,51,D,RO,ZP,F
11:23:40,INDF,RG,6775,21,F,ZP,RX,F
11:23:11,INDF,RG,6750,5,D,RO,NI,D
11:23:01,INDF,RG,6750,15,D,RO,AK,F
11:22:48,INDF,RG,6750,32,D,RO,CS,D
11:22:48,INDF,RG,6775,20,F,ZP,RX,F
11:21:54,INDF,RG,6750,27,D,RO,YU,F
11:21:48,INDF,RG,6750,296,D,RO,BB,F
11:21:20,INDF,RG,6775,20,F,ZP,RX,F
11:20:51,INDF,RG,6750,90,D,RO,RX,F
11:20:49,INDF,RG,6750,71,D,RO,RX,F
11:20:49,INDF,RG,6750,4,F,AK,RX,F
11:20:49,INDF,RG,6750,4,F,AK,RX,F
11:20:49,INDF,RG,6750,4,F,AK,RX,F
11:20:49,INDF,RG,6750,61,F,CS,RX,F
11:20:49,INDF,RG,6750,36,F,DX,RX,F
11:20:49,INDF,RG,6750,45,F,CS,RX,F
11:20:49,INDF,RG,6750,5,D,GR,RX,F
11:20:49,INDF,RG,6750,36,F,DX,RX,F
11:20:49,INDF,RG,6750,1,D,KK,RX,F
11:20:49,INDF,RG,6750,67,F,CS,RX,F
11:20:49,INDF,RG,6750,136,F,ZP,RX,F
11:20:36,INDF,RG,6750,4,F,ZP,YP,D
11:20:31,INDF,RG,6750,6,F,ZP,AK,F
11:20:23,INDF,RG,6750,22,F,ZP,ZP,F
11:20:13,INDF,RG,6750,1,F,ZP,LG,D
11:20:11,INDF,RG,6750,16,F,ZP,ZP,F
11:20:11,INDF,RG,6750,10,F,ZP,YU,F
11:20:01,INDF,RG,6750,1,F,ZP,AK,F
11:19:30,INDF,RG,6775,19,F,ZP,RX,F
11:18:47,INDF,RG,6750,299,F,ZP,BB,F
11:18:47,INDF,RG,6750,1,D,XC,BB,F
11:18:47,INDF,RG,6750,1,D,NI,BB,F
11:18:47,INDF,RG,6750,1,D,KK,BB,F
11:18:47,INDF,RG,6750,1,D,NI,BB,F
11:18:47,INDF,RG,6750,2,F,CS,BB,F
11:18:40,INDF,RG,6750,1,F,CS,PD,D
11:18:31,INDF,RG,6775,6,F,AK,RX,F
11:18:27,INDF,RG,6750,28,F,CS,ZP,F
11:18:27,INDF,RG,6750,9,D,KK,ZP,F
11:18:27,INDF,RG,6750,20,D,KK,ZP,F
11:18:26,INDF,RG,6750,1,D,KK,YU,F
11:18:26,INDF,RG,6750,5,F,KZ,YU,F
11:18:16,INDF,RG,6750,5,F,KZ,AK,F
11:18:06,INDF,RG,6775,21,F,ZP,RX,F
11:18:02,INDF,RG,6775,19,F,ZP,RX,F
11:17:35,INDF,RG,6750,30,F,KZ,NI,D
11:17:32,INDF,RG,6775,1,F,KK,RX,F
11:17:31,INDF,RG,6775,3,F,AK,RX,F
11:17:17,INDF,RG,6750,36,F,KZ,ZP,F
11:17:16,INDF,RG,6750,206,F,KZ,AK,F
11:16:58,INDF,RG,6775,42,F,ZP,RX,F
11:16:55,INDF,RG,6750,7,F,KZ,AK,F
11:16:53,INDF,RG,6750,47,F,KZ,ZP,F
11:16:45,INDF,RG,6750,1,F,KZ,YP,D
11:16:45,INDF,RG,6750,12,F,KZ,YU,F
11:16:31,INDF,RG,6750,5,F,KZ,AK,F
11:16:16,INDF,RG,6750,4,F,KZ,PD,D
11:16:06,INDF,RG,6775,1,D,KK,RX,F
11:16:05,INDF,RG,6750,1,F,KZ,KK,D
11:15:47,INDF,RG,6750,2,F,KZ,PD,D
11:15:46,INDF,RG,6775,4,F,AK,RX,F
11:15:40,INDF,RG,6750,301,F,KZ,BB,F
11:15:35,INDF,RG,6750,1,F,KZ,PD,D
11:15:23,INDF,RG,6750,2,F,KZ,PD,D
11:15:21,INDF,RG,6750,3,F,KZ,ZP,F
11:15:11,INDF,RG,6750,3,F,KZ,PD,D
11:15:03,INDF,RG,6750,1,F,KZ,YU,F
11:14:59,INDF,RG,6775,21,F,ZP,RX,F
11:14:59,INDF,RG,6750,2,F,KZ,PD,D
11:14:47,INDF,RG,6750,3,F,KZ,PD,D
11:14:35,INDF,RG,6750,2,F,KZ,PD,D
11:14:23,INDF,RG,6750,5,F,KZ,YP,D
11:14:23,INDF,RG,6750,3,F,KZ,PD,D
11:14:19,INDF,RG,6750,39,F,KZ,AK,F
11:14:11,INDF,RG,6750,2,F,KZ,PD,D
11:13:59,INDF,RG,6750,3,F,KZ,PD,D
11:13:47,INDF,RG,6750,2,F,KZ,PD,D
11:13:35,INDF,RG,6750,3,F,KZ,PD,D
11:13:23,INDF,RG,6750,2,F,KZ,PD,D
11:13:16,INDF,RG,6775,4,F,AK,RX,F
11:13:12,INDF,RG,6775,2,D,PD,RX,F
11:13:11,INDF,RG,6750,3,F,KZ,PD,D
11:12:59,INDF,RG,6750,2,F,KZ,PD,D
11:12:47,INDF,RG,6750,3,F,KZ,PD,D
11:12:40,INDF,RG,6775,21,F,ZP,RX,F
11:12:37,INDF,RG,6750,10,F,KZ,ZP,F
11:12:36,INDF,RG,6750,164,F,KZ,BB,F
11:12:36,INDF,RG,6750,2,F,ZP,BB,F
11:12:36,INDF,RG,6750,31,F,DX,BB,F
11:12:36,INDF,RG,6750,41,F,CS,BB,F
11:12:36,INDF,RG,6750,1,D,NI,BB,F
11:12:36,INDF,RG,6750,71,F,ZP,BB,F
11:12:35,INDF,RG,6750,2,F,ZP,PD,D
11:12:31,INDF,RG,6775,2,D,YJ,RX,F
11:12:24,INDF,RG,6750,18,F,ZP,YU,F
11:12:23,INDF,RG,6750,3,F,ZP,PD,D
11:12:11,INDF,RG,6750,3,F,ZP,PD,D
11:11:59,INDF,RG,6750,2,F,ZP,PD,D
11:11:47,INDF,RG,6750,3,F,ZP,PD,D
11:11:43,INDF,RG,6750,15,F,ZP,DH,D
11:11:40,INDF,RG,6775,20,F,ZP,RX,F
11:11:40,INDF,RG,6750,25,F,ZP,RX,F
11:11:40,INDF,RG,6750,1,D,XC,RX,F
11:11:40,INDF,RG,6750,26,F,CS,RX,F
11:11:40,INDF,RG,6750,5,D,AZ,RX,F
11:11:40,INDF,RG,6750,2,D,DH,RX,F
11:11:40,INDF,RG,6750,127,F,ZP,RX,F
11:11:40,INDF,RG,6750,4,D,XC,RX,F
11:11:40,INDF,RG,6750,31,F,CS,RX,F
11:11:38,INDF,RG,6750,37,F,CS,RX,F
11:11:38,INDF,RG,6750,3,F,AK,RX,F
11:11:38,INDF,RG,6750,3,F,ZP,RX,F
11:11:38,INDF,RG,6750,403,D,NI,RX,F
11:11:38,INDF,RG,6750,24,D,NI,RX,F
11:11:35,INDF,RG,6750,2,D,NI,PD,D
11:11:23,INDF,RG,6750,3,D,NI,PD,D
11:11:11,INDF,RG,6750,2,D,NI,PD,D
11:11:03,INDF,RG,6775,1,D,NI,RX,F
11:10:59,INDF,RG,6750,3,D,NI,PD,D
11:10:54,INDF,RG,6775,8,D,NI,RX,F
11:10:47,INDF,RG,6750,2,D,NI,PD,D
11:10:44,INDF,RG,6750,17,D,NI,DH,D
11:10:40,INDF,RG,6750,1,D,NI,YU,F
11:10:40,INDF,RG,6750,13,D,NI,YU,F
11:10:40,INDF,RG,6775,21,F,ZP,RX,F
11:10:35,INDF,RG,6750,3,D,NI,PD,D
11:10:25,INDF,RG,6750,7,D,NI,ZP,F
11:10:23,INDF,RG,6750,2,D,NI,PD,D
11:10:11,INDF,RG,6750,1,D,NI,PD,D
11:10:11,INDF,RG,6750,2,D,NI,PD,D
11:09:59,INDF,RG,6750,2,D,NI,PD,D
11:09:53,INDF,RG,6750,4,D,NI,LS,D
11:09:53,INDF,RG,6750,6,D,NI,LS,D
11:09:48,INDF,RG,6775,21,F,ZP,RX,F
11:09:47,INDF,RG,6750,3,D,NI,PD,D
11:09:35,INDF,RG,6750,2,D,NI,PD,D
11:09:26,INDF,RG,6750,296,D,NI,BB,F
11:09:23,INDF,RG,6750,3,D,NI,PD,D
11:09:17,INDF,RG,6750,89,D,NI,NI,D
11:09:12,INDF,RG,6750,1,D,NI,PD,D
11:09:11,INDF,RG,6750,2,D,NI,PD,D
11:09:00,INDF,RG,6750,5,D,NI,YU,F
11:08:59,INDF,RG,6750,3,D,NI,PD,D
11:08:47,INDF,RG,6750,3,D,NI,PD,D
11:08:43,INDF,RG,6750,4,D,NI,XC,D
11:08:42,INDF,RG,6775,4,F,ZP,RX,F
11:08:42,INDF,RG,6775,1,F,ZP,NI,D
11:08:42,INDF,RG,6775,3,F,ZP,ZP,F
11:08:42,INDF,RG,6775,8,F,ZP,ZP,F
11:08:42,INDF,RG,6775,5,F,ZP,ZP,F
11:08:34,INDF,RG,6750,1,D,NI,XC,D
11:08:31,INDF,RG,6775,22,D,CC,ZP,F
11:08:31,INDF,RG,6775,3,D,CC,XL,D
11:08:31,INDF,RG,6775,2,D,CC,CS,D
11:08:31,INDF,RG,6775,1,D,CC,CS,D
11:08:31,INDF,RG,6775,1,D,CC,CS,D
11:08:31,INDF,RG,6775,38,D,CC,YU,F
11:08:31,INDF,RG,6775,5,D,CC,AK,F
11:08:31,INDF,RG,6775,3,D,CC,CS,D
11:08:31,INDF,RG,6775,3,D,CC,PD,D
11:08:31,INDF,RG,6775,2,D,CC,AK,F
11:08:23,INDF,RG,6750,3,D,NI,PD,D
11:08:11,INDF,RG,6750,2,D,NI,PD,D
11:07:59,INDF,RG,6750,3,D,NI,PD,D
11:07:52,INDF,RG,6775,3,D,PD,AK,F
11:07:47,INDF,RG,6750,2,D,NI,PD,D
11:07:41,INDF,RG,6750,10,D,NI,SQ,D
11:07:39,INDF,RG,6775,20,F,ZP,AK,F
11:07:35,INDF,RG,6750,3,D,NI,PD,D
11:07:23,INDF,RG,6750,2,D,NI,PD,D
11:07:17,INDF,RG,6750,1,D,NI,NI,D
11:07:15,INDF,RG,6750,1,D,NI,YU,F
11:07:11,INDF,RG,6750,3,D,NI,PD,D
11:07:10,INDF,RG,6750,17,D,NI,ZP,F
11:06:59,INDF,RG,6750,2,D,NI,PD,D
11:06:47,INDF,RG,6750,3,D,NI,PD,D
11:06:35,INDF,RG,6750,2,D,NI,PD,D
11:06:31,INDF,RG,6775,21,F,ZP,AK,F
11:06:25,INDF,RG,6750,28,D,NI,BB,F
11:06:23,INDF,RG,6750,3,D,NI,PD,D
11:06:11,INDF,RG,6750,2,D,NI,PD,D
11:05:59,INDF,RG,6750,2,D,NI,PD,D
11:05:59,INDF,RG,6750,1,D,PD,PD,D
11:05:47,INDF,RG,6750,2,D,PD,PD,D
11:05:43,INDF,RG,6750,2,D,PD,PD,D
11:05:35,INDF,RG,6750,3,D,PD,PD,D
11:05:23,INDF,RG,6750,2,D,PD,PD,D
11:05:23,INDF,RG,6750,1,F,ZP,PD,D
11:05:21,INDF,RG,6750,8,F,ZP,ZP,F
11:05:21,INDF,RG,6775,17,F,ZP,AK,F
11:05:21,INDF,RG,6775,3,F,ZP,AK,F
11:05:18,INDF,RG,6750,9,F,ZP,YB,D
11:05:11,INDF,RG,6750,2,F,ZP,PD,D
11:04:59,INDF,RG,6750,3,F,ZP,PD,D
11:04:47,INDF,RG,6750,2,F,ZP,PD,D
11:04:45,INDF,RG,6750,9,F,ZP,ZP,F
11:04:45,INDF,RG,6750,10,D,GR,ZP,F
11:04:45,INDF,RG,6750,4,F,DX,ZP,F
11:04:44,INDF,RG,6750,32,F,DX,PD,D
11:04:44,INDF,RG,6750,30,D,YP,PD,D
11:04:44,INDF,RG,6750,2,D,NI,PD,D
11:04:44,INDF,RG,6750,32,F,CS,PD,D
11:04:44,INDF,RG,6750,1,D,PD,PD,D
11:04:44,INDF,RG,6750,25,D,YP,PD,D
11:04:41,INDF,RG,6775,19,F,ZP,AK,F
11:04:41,INDF,RG,6775,1,D,XL,AK,F
11:04:35,INDF,RG,6750,3,D,YP,PD,D
11:04:23,INDF,RG,6750,2,D,YP,PD,D
11:04:11,INDF,RG,6750,3,D,YP,PD,D
11:03:59,INDF,RG,6750,2,D,YP,PD,D
11:03:52,INDF,RG,6775,1,D,GR,AK,F
11:03:47,INDF,RG,6750,3,D,YP,PD,D
11:03:41,INDF,RG,6750,1,D,YP,PD,D
11:03:35,INDF,RG,6750,2,D,YP,PD,D
11:03:35,INDF,RG,6750,10,D,YP,YP,D
11:03:23,INDF,RG,6750,3,D,YP,PD,D
11:03:11,INDF,RG,6750,2,D,YP,PD,D
11:03:07,INDF,RG,6750,14,D,YP,PD,D
11:02:59,INDF,RG,6750,3,D,YP,PD,D
11:02:52,INDF,RG,6750,1,D,YP,XC,D
11:02:47,INDF,RG,6750,2,D,YP,PD,D
11:02:36,INDF,RG,6750,10,D,YP,ZP,F
11:02:35,INDF,RG,6750,3,D,YP,PD,D
11:02:27,INDF,RG,6775,1,F,BK,AK,F
11:02:24,INDF,RG,6775,2,F,BK,AK,F
11:02:23,INDF,RG,6750,2,D,YP,PD,D
11:02:22,INDF,RG,6750,9,D,YP,RX,F
11:02:22,INDF,RG,6750,15,D,PD,RX,F
11:02:22,INDF,RG,6750,3,F,AK,RX,F
11:02:22,INDF,RG,6750,94,F,CS,RX,F
11:02:22,INDF,RG,6750,3,F,ZP,RX,F
11:02:22,INDF,RG,6750,1,D,DH,RX,F
11:02:22,INDF,RG,6750,30,F,ZP,RX,F
11:02:22,INDF,RG,6750,2,D,YP,RX,F
11:02:22,INDF,RG,6750,3,F,AK,RX,F
11:02:22,INDF,RG,6750,21,F,ZP,RX,F
11:02:22,INDF,RG,6750,2,D,XC,RX,F
11:02:22,INDF,RG,6750,2,D,XC,RX,F
11:02:22,INDF,RG,6750,3,F,AK,RX,F
11:02:22,INDF,RG,6750,21,F,ZP,RX,F
11:02:22,INDF,RG,6750,50,D,YP,RX,F
11:02:22,INDF,RG,6750,17,F,CS,RX,F
11:02:22,INDF,RG,6775,5,F,BK,AK,F
11:02:20,INDF,RG,6750,31,F,CS,RX,F
11:02:20,INDF,RG,6750,15,D,SQ,RX,F
11:02:20,INDF,RG,6750,2,D,NI,RX,F
11:02:20,INDF,RG,6750,136,F,CS,RX,F
11:02:20,INDF,RG,6750,286,F,KZ,RX,F
11:02:20,INDF,RG,6775,20,F,ZP,AK,F
11:02:20,INDF,RG,6775,1,F,ZP,AK,F
11:02:18,INDF,RG,6750,31,F,KZ,CS,D
11:02:11,INDF,RG,6750,3,F,KZ,PD,D
11:01:59,INDF,RG,6750,3,F,KZ,PD,D
11:01:52,INDF,RG,6750,1,F,KZ,OD,D
11:01:47,INDF,RG,6750,2,F,KZ,PD,D
11:01:46,INDF,RG,6775,4,F,ZP,AK,F
11:01:46,INDF,RG,6775,4,F,ZP,AK,F
11:01:46,INDF,RG,6775,12,F,ZP,YU,F
11:01:36,INDF,RG,6750,100,F,KZ,KK,D
11:01:35,INDF,RG,6750,3,F,KZ,PD,D
11:01:23,INDF,RG,6750,2,F,KZ,PD,D
11:01:15,INDF,RG,6750,1,F,KZ,YP,D
11:01:11,INDF,RG,6750,3,F,KZ,PD,D
11:00:59,INDF,RG,6750,2,F,KZ,PD,D
11:00:47,INDF,RG,6750,3,F,KZ,PD,D
11:00:40,INDF,RG,6775,6,F,ZP,YU,F
11:00:40,INDF,RG,6775,15,F,ZP,ZP,F
11:00:35,INDF,RG,6750,2,F,KZ,PD,D
11:00:23,INDF,RG,6750,3,F,KZ,PD,D
11:00:11,INDF,RG,6750,2,F,KZ,PD,D
11:00:00,INDF,RG,6775,20,F,ZP,ZP,F
10:59:59,INDF,RG,6750,3,F,KZ,PD,D
10:59:47,INDF,RG,6750,2,F,KZ,PD,D
10:59:35,INDF,RG,6750,3,F,KZ,PD,D
10:59:28,INDF,RG,6750,10,F,KZ,YU,F
10:59:24,INDF,RG,6775,20,F,ZP,ZP,F
10:59:23,INDF,RG,6750,2,F,KZ,PD,D
10:59:12,INDF,RG,6775,5,F,AK,ZP,F
10:59:11,INDF,RG,6750,3,F,KZ,PD,D
10:58:59,INDF,RG,6750,2,F,KZ,PD,D
10:58:54,INDF,RG,6775,2,D,HP,ZP,F
10:58:47,INDF,RG,6750,3,F,KZ,PD,D
10:58:46,INDF,RG,6775,2,D,YJ,ZP,F
10:58:35,INDF,RG,6750,3,F,KZ,PD,D
10:58:32,INDF,RG,6750,4,F,KZ,PD,D
10:58:23,INDF,RG,6750,2,F,KZ,PD,D
10:58:23,INDF,RG,6750,1,F,KZ,NI,D
10:58:12,INDF,RG,6775,9,F,ZP,ZP,F
10:58:12,INDF,RG,6775,10,F,ZP,YU,F
10:58:11,INDF,RG,6750,3,F,KZ,PD,D
10:57:59,INDF,RG,6750,2,F,KZ,PD,D
10:57:47,INDF,RG,6750,3,F,KZ,PD,D
10:57:46,INDF,RG,6750,2,F,KZ,YP,D
10:57:35,INDF,RG,6750,2,F,KZ,PD,D
10:57:23,INDF,RG,6750,3,F,KZ,PD,D
10:57:21,INDF,RG,6775,2,D,PD,BK,F
10:57:16,INDF,RG,6750,4,F,KZ,XC,D
10:57:11,INDF,RG,6750,2,F,KZ,PD,D
10:56:59,INDF,RG,6750,3,F,KZ,PD,D
10:56:47,INDF,RG,6750,2,F,KZ,PD,D
10:56:39,INDF,RG,6750,5,F,KZ,CC,D
10:56:35,INDF,RG,6750,3,F,KZ,PD,D
10:56:23,INDF,RG,6775,20,F,ZP,BK,F
10:56:23,INDF,RG,6750,2,F,KZ,PD,D
10:56:11,INDF,RG,6750,3,F,KZ,PD,D
10:55:59,INDF,RG,6750,2,F,KZ,PD,D
10:55:57,INDF,RG,6775,21,F,ZP,BK,F
10:55:47,INDF,RG,6750,3,F,KZ,PD,D
10:55:35,INDF,RG,6750,3,F,KZ,PD,D
10:55:23,INDF,RG,6775,21,F,ZP,BK,F
10:55:23,INDF,RG,6750,9,F,KZ,OD,D
10:55:23,INDF,RG,6750,2,F,KZ,PD,D
10:55:11,INDF,RG,6750,3,F,KZ,PD,D
10:54:59,INDF,RG,6750,2,F,KZ,PD,D
10:54:48,INDF,RG,6750,3,F,KZ,PD,D
10:54:42,INDF,RG,6775,20,F,ZP,BK,F
10:54:40,INDF,RG,6775,1,F,ZP,BK,F
10:54:40,INDF,RG,6775,19,F,ZP,BB,F
10:54:36,INDF,RG,6750,2,F,KZ,PD,D
10:54:34,INDF,RG,6750,10,F,KZ,YU,F
10:54:24,INDF,RG,6750,3,F,KZ,PD,D
10:54:12,INDF,RG,6750,2,F,KZ,PD,D
10:54:00,INDF,RG,6750,3,F,KZ,PD,D
10:53:48,INDF,RG,6750,2,F,KZ,PD,D
10:53:36,INDF,RG,6750,3,F,KZ,PD,D
10:53:27,INDF,RG,6750,409,F,KZ,AZ,D
10:53:27,INDF,RG,6750,591,F,KZ,AZ,D
10:53:24,INDF,RG,6750,2,F,KZ,PD,D
10:53:12,INDF,RG,6750,3,F,KZ,PD,D
10:53:08,INDF,RG,6750,1,F,KZ,LG,D
10:53:07,INDF,RG,6750,153,F,KZ,RX,F
10:53:05,INDF,RG,6750,231,F,KZ,RX,F
10:53:05,INDF,RG,6750,239,D,NI,RX,F
10:53:00,INDF,RG,6750,2,D,NI,PD,D
10:52:50,INDF,RG,6775,21,F,ZP,BB,F
10:52:49,INDF,RG,6750,59,D,NI,YU,F
10:52:48,INDF,RG,6775,20,F,ZP,BB,F
10:52:48,INDF,RG,6750,3,D,NI,PD,D
10:52:36,INDF,RG,6750,2,D,NI,PD,D
10:52:24,INDF,RG,6750,3,D,NI,PD,D
10:52:13,INDF,RG,6750,13,D,NI,AK,F
10:52:12,INDF,RG,6750,3,D,NI,PD,D
10:52:00,INDF,RG,6750,2,D,NI,PD,D
10:51:48,INDF,RG,6750,3,D,NI,PD,D
10:51:36,INDF,RG,6750,2,D,NI,PD,D
10:51:24,INDF,RG,6750,3,D,NI,PD,D
10:51:20,INDF,RG,6775,17,F,ZP,BB,F
10:51:20,INDF,RG,6775,3,F,ZP,ZP,F
10:51:15,INDF,RG,6750,69,D,NI,KK,D
10:51:15,INDF,RG,6750,54,D,NI,KK,D
10:51:15,INDF,RG,6750,26,D,NI,KK,D
10:51:15,INDF,RG,6750,8,D,NI,KK,D
10:51:15,INDF,RG,6750,128,D,NI,KK,D
10:51:12,INDF,RG,6750,2,D,NI,PD,D
10:51:06,INDF,RG,6750,20,D,NI,YU,F
10:51:06,INDF,RG,6750,358,D,NI,SQ,D
10:51:06,INDF,RG,6750,9,F,ZP,SQ,D
10:51:06,INDF,RG,6750,233,F,ZP,SQ,D
10:51:00,INDF,RG,6750,3,F,ZP,PD,D
10:50:48,INDF,RG,6750,2,F,ZP,PD,D
10:50:36,INDF,RG,6750,3,F,ZP,PD,D
10:50:28,INDF,RG,6750,132,F,ZP,AK,F
10:50:27,INDF,RG,6750,1,F,ZP,NI,D
10:50:24,INDF,RG,6775,22,D,CC,ZP,F
10:50:24,INDF,RG,6775,2,D,CC,CS,D
10:50:24,INDF,RG,6775,27,D,CC,AK,F
10:50:24,INDF,RG,6775,9,D,CC,ZP,F
10:50:24,INDF,RG,6775,20,D,CC,RX,F
10:50:24,INDF,RG,6750,2,F,ZP,PD,D
10:50:19,INDF,RG,6750,1,F,ZP,NI,D
10:50:14,INDF,RG,6750,3,F,ZP,HP,D
10:50:12,INDF,RG,6750,3,F,ZP,PD,D
10:50:10,INDF,RG,6750,49,F,ZP,BB,F
10:50:10,INDF,RG,6750,98,F,ZP,BB,F
10:50:00,INDF,RG,6750,2,F,ZP,PD,D
10:49:48,INDF,RG,6750,3,F,ZP,PD,D
10:49:44,INDF,RG,6775,20,F,ZP,RX,F
10:49:36,INDF,RG,6750,2,F,ZP,PD,D
10:49:24,INDF,RG,6750,3,F,ZP,PD,D
10:49:20,INDF,RG,6750,4,F,ZP,DR,D
10:49:19,INDF,RG,6750,9,F,ZP,YU,F
10:49:15,INDF,RG,6750,10,F,ZP,DH,D
10:49:12,INDF,RG,6750,2,F,ZP,PD,D
10:49:00,INDF,RG,6750,1,F,ZP,CC,D
10:49:00,INDF,RG,6750,3,F,ZP,PD,D
10:48:48,INDF,RG,6750,3,F,ZP,PD,D
10:48:37,INDF,RG,6750,10,F,ZP,CC,D
10:48:36,INDF,RG,6750,2,F,ZP,PD,D
10:48:30,INDF,RG,6750,3,F,ZP,PD,D
10:48:24,INDF,RG,6750,3,F,ZP,PD,D
10:48:20,INDF,RG,6775,20,F,ZP,RX,F
10:48:14,INDF,RG,6750,100,F,ZP,XC,D
10:48:12,INDF,RG,6750,2,F,ZP,PD,D
10:48:09,INDF,RG,6750,14,F,ZP,YU,F
10:48:00,INDF,RG,6750,3,F,ZP,PD,D
10:47:48,INDF,RG,6750,2,F,ZP,PD,D
10:47:36,INDF,RG,6750,3,F,ZP,PD,D
10:47:35,INDF,RG,6750,4,F,ZP,YP,D
10:47:24,INDF,RG,6750,2,F,ZP,PD,D
10:47:12,INDF,RG,6750,3,F,ZP,PD,D
10:47:10,INDF,RG,6750,154,F,ZP,BB,F
10:47:03,INDF,RG,6750,13,F,ZP,YU,F
10:47:00,INDF,RG,6750,2,F,ZP,PD,D
10:46:58,INDF,RG,6750,499,F,ZP,SQ,D
10:46:58,INDF,RG,6750,1,D,DX,SQ,D
10:46:48,INDF,RG,6750,3,D,DX,PD,D
10:46:36,INDF,RG,6750,2,D,DX,PD,D
10:46:26,INDF,RG,6750,4,D,DX,PD,D
10:46:26,INDF,RG,6750,1,D,NI,PD,D
10:46:26,INDF,RG,6750,10,D,PD,PD,D
10:46:26,INDF,RG,6750,1,D,PD,PD,D
10:46:26,INDF,RG,6750,1,F,ZP,PD,D
10:46:24,INDF,RG,6750,3,F,ZP,PD,D
10:46:20,INDF,RG,6775,21,F,ZP,RX,F
10:46:12,INDF,RG,6750,2,F,ZP,PD,D
10:46:00,INDF,RG,6750,3,F,ZP,PD,D
10:45:48,INDF,RG,6750,2,F,ZP,PD,D
10:45:36,INDF,RG,6750,3,F,ZP,PD,D
10:45:24,INDF,RG,6750,3,F,ZP,PD,D
10:45:12,INDF,RG,6750,2,F,ZP,PD,D
10:45:00,INDF,RG,6750,3,F,ZP,PD,D
10:44:52,INDF,RG,6775,20,F,ZP,RX,F
10:44:48,INDF,RG,6750,2,F,ZP,PD,D
10:44:42,INDF,RG,6750,1,F,ZP,XC,D
10:44:36,INDF,RG,6750,2,F,ZP,PD,D
10:44:36,INDF,RG,6750,1,F,ZP,PD,D
10:44:27,INDF,RG,6750,6,F,ZP,YU,F
10:44:24,INDF,RG,6750,2,F,ZP,PD,D
10:44:20,INDF,RG,6775,21,F,ZP,RX,F
10:44:15,INDF,RG,6750,12,F,ZP,XC,D
10:44:14,INDF,RG,6750,41,F,ZP,NI,D
10:44:13,INDF,RG,6750,8,F,ZP,AK,F
10:44:12,INDF,RG,6750,3,F,ZP,PD,D
10:44:01,INDF,RG,6750,153,F,ZP,BB,F
10:44:00,INDF,RG,6750,2,F,ZP,PD,D
10:43:50,INDF,RG,6750,88,F,ZP,RX,F
10:43:50,INDF,RG,6750,34,D,NI,RX,F
10:43:48,INDF,RG,6750,3,D,NI,PD,D
10:43:41,INDF,RG,6775,21,F,ZP,RX,F
10:43:36,INDF,RG,6775,1,F,AK,RX,F
10:43:36,INDF,RG,6750,2,D,NI,PD,D
10:43:25,INDF,RG,6750,8,D,NI,YU,F
10:43:24,INDF,RG,6750,3,D,NI,PD,D
10:43:12,INDF,RG,6750,2,D,NI,PD,D
10:43:01,INDF,RG,6750,9,D,NI,PD,D
10:43:00,INDF,RG,6750,3,D,NI,PD,D
10:42:52,INDF,RG,6750,4,D,NI,YP,D
10:42:48,INDF,RG,6750,2,D,NI,PD,D
10:42:42,INDF,RG,6775,20,F,ZP,RX,F
10:42:36,INDF,RG,6750,3,D,NI,PD,D
10:42:25,INDF,RG,6750,2,D,NI,YP,D
10:42:25,INDF,RG,6750,82,D,NI,AK,F
10:42:24,INDF,RG,6750,2,D,NI,PD,D
10:42:12,INDF,RG,6750,3,D,NI,PD,D
10:42:00,INDF,RG,6750,3,D,NI,PD,D
10:41:52,INDF,RG,6750,30,D,NI,XC,D
10:41:48,INDF,RG,6750,2,D,NI,PD,D
10:41:36,INDF,RG,6750,3,D,NI,PD,D
10:41:24,INDF,RG,6750,2,D,NI,PD,D
10:41:12,INDF,RG,6750,3,D,NI,PD,D
10:41:09,INDF,RG,6750,6,D,NI,YU,F
10:41:00,INDF,RG,6750,2,D,NI,PD,D
10:40:57,INDF,RG,6750,12,D,NI,BK,F
10:40:54,INDF,RG,6750,3,D,NI,SQ,D
10:40:54,INDF,RG,6750,148,D,NI,BB,F
10:40:48,INDF,RG,6750,3,D,NI,PD,D
10:40:36,INDF,RG,6750,2,D,NI,PD,D
10:40:34,INDF,RG,6750,10,D,NI,CC,D
10:40:32,INDF,RG,6750,2,D,NI,YU,F
10:40:31,INDF,RG,6750,10,D,NI,HP,D
10:40:31,INDF,RG,6750,54,D,NI,HP,D
10:40:31,INDF,RG,6750,26,D,NI,HP,D
10:40:31,INDF,RG,6750,8,D,NI,HP,D
10:40:31,INDF,RG,6750,62,D,NI,HP,D
10:40:24,INDF,RG,6750,3,D,NI,PD,D
10:40:23,INDF,RG,6750,14,D,NI,BK,F
10:40:19,INDF,RG,6750,65,D,NI,CC,D
10:40:12,INDF,RG,6750,2,D,NI,PD,D
10:40:00,INDF,RG,6750,3,D,NI,PD,D
10:39:48,INDF,RG,6750,2,D,NI,PD,D
10:39:36,INDF,RG,6750,3,D,NI,PD,D
10:39:35,INDF,RG,6750,9,D,NI,XC,D
10:39:29,INDF,RG,6750,8,D,NI,CC,D
10:39:24,INDF,RG,6750,2,D,NI,PD,D
10:39:24,INDF,RG,6750,2,D,NI,NI,D
10:39:19,INDF,RG,6750,5,D,NI,GR,D
10:39:15,INDF,RG,6750,1,D,NI,NI,D
10:39:12,INDF,RG,6750,3,D,NI,PD,D
10:39:00,INDF,RG,6750,2,D,NI,PD,D
10:38:48,INDF,RG,6750,3,D,NI,PD,D
10:38:36,INDF,RG,6750,3,D,NI,PD,D
10:38:24,INDF,RG,6750,3,D,NI,XC,D
10:38:24,INDF,RG,6750,2,D,NI,PD,D
10:38:14,INDF,RG,6750,13,D,NI,YP,D
10:38:12,INDF,RG,6750,3,D,NI,PD,D
10:38:02,INDF,RG,6750,11,D,NI,YU,F
10:38:02,INDF,RG,6775,1,D,KK,RX,F
10:38:01,INDF,RG,6750,14,D,NI,BK,F
10:38:00,INDF,RG,6750,2,D,NI,PD,D
10:37:56,INDF,RG,6750,27,D,NI,YU,F
10:37:55,INDF,RG,6750,70,D,NI,BK,F
10:37:55,INDF,RG,6750,1,D,NI,CC,D
10:37:53,INDF,RG,6750,170,D,NI,BB,F
10:37:53,INDF,RG,6750,656,F,ZP,BB,F
10:37:53,INDF,RG,6750,10,D,PD,BB,F
10:37:53,INDF,RG,6750,1,D,GR,BB,F
10:37:53,INDF,RG,6750,1,D,KK,BB,F
10:37:53,INDF,RG,6750,1,D,PD,BB,F
10:37:53,INDF,RG,6750,5,D,PD,BB,F
10:37:53,INDF,RG,6750,1,D,YP,BB,F
10:37:53,INDF,RG,6750,1,D,PD,BB,F
10:37:53,INDF,RG,6750,6,D,YJ,BB,F
10:37:53,INDF,RG,6750,4,D,XC,BB,F
10:37:53,INDF,RG,6750,25,D,YB,BB,F
10:37:53,INDF,RG,6750,5,D,PD,BB,F
10:37:53,INDF,RG,6750,98,D,YJ,BB,F
10:37:53,INDF,RG,6750,1,D,PD,BB,F
10:37:53,INDF,RG,6750,1,D,YB,BB,F
10:37:53,INDF,RG,6750,1,D,SQ,BB,F
10:37:53,INDF,RG,6750,1,D,XL,BB,F
10:37:53,INDF,RG,6750,50,D,YP,BB,F
10:37:53,INDF,RG,6750,189,F,KZ,BB,F
10:37:53,INDF,RG,6750,1,D,YP,BB,F
10:37:53,INDF,RG,6750,119,F,KZ,BB,F
10:37:53,INDF,RG,6750,5,F,KZ,BB,F
10:37:46,INDF,RG,6750,24,F,KZ,YU,F
10:37:44,INDF,RG,6750,14,F,KZ,BK,F
10:37:42,INDF,RG,6750,15,F,KZ,BK,F
10:37:42,INDF,RG,6750,10,D,XL,BK,F
10:37:42,INDF,RG,6750,3,D,PD,BK,F
10:37:42,INDF,RG,6750,5,D,AZ,BK,F
10:37:42,INDF,RG,6750,26,D,GR,BK,F
10:37:37,INDF,RG,6750,13,D,GR,BK,F
10:37:37,INDF,RG,6775,403,D,NI,RX,F
10:37:37,INDF,RG,6775,54,D,NI,RX,F
10:37:37,INDF,RG,6775,26,D,NI,RX,F
10:37:37,INDF,RG,6775,8,D,NI,RX,F
10:37:36,INDF,RG,6775,90,D,NI,RX,F
10:37:36,INDF,RG,6775,152,D,NI,ZP,F
10:37:36,INDF,RG,6775,251,D,NI,ZP,F
10:37:36,INDF,RG,6775,1,D,NI,BB,F
10:37:36,INDF,RG,6775,3,D,NI,CS,D
10:37:36,INDF,RG,6775,1,D,NI,CS,D
10:37:36,INDF,RG,6775,2,D,NI,PD,D
10:37:36,INDF,RG,6775,8,D,NI,YB,D
10:37:36,INDF,RG,6750,2,D,GR,PD,D
10:37:36,INDF,RG,6750,9,D,GR,KK,D
10:37:36,INDF,RG,6750,10,D,YP,KK,D
10:37:36,INDF,RG,6750,9,D,XC,KK,D
10:37:36,INDF,RG,6750,30,D,YP,KK,D
10:37:35,INDF,RG,6775,2,D,YP,YB,D
10:37:35,INDF,RG,6750,63,D,YP,YU,F
10:37:34,INDF,RG,6750,107,D,YP,BK,F
10:37:32,INDF,RG,6775,4,F,CC,YB,D
10:37:32,INDF,RG,6775,159,F,DX,YB,D
10:37:32,INDF,RG,6775,5,F,ZP,YB,D
10:37:32,INDF,RG,6775,1,D,PD,YB,D
10:37:32,INDF,RG,6775,1,D,EP,YB,D
10:37:32,INDF,RG,6775,1,D,XC,YB,D
10:37:32,INDF,RG,6775,15,D,YP,YB,D
10:37:32,INDF,RG,6775,1,D,PD,YB,D
10:37:32,INDF,RG,6775,1783,F,ZP,YB,D
10:37:30,INDF,RG,6775,15,F,ZP,BK,F
10:37:28,INDF,RG,6775,118,F,ZP,BK,F
10:37:26,INDF,RG,6775,37,F,ZP,ZP,F
10:37:25,INDF,RG,6775,187,F,ZP,ZP,F
10:37:25,INDF,RG,6775,25,F,ZP,YU,F
10:37:25,INDF,RG,6775,335,F,ZP,AK,F
10:37:25,INDF,RG,6775,1,F,ZP,AK,F
10:37:25,INDF,RG,6775,1,D,XC,AK,F
10:37:25,INDF,RG,6775,343,D,NI,AK,F
10:37:24,INDF,RG,6775,1,D,NI,AK,F
10:37:24,INDF,RG,6775,59,D,NI,AK,F
10:37:24,INDF,RG,6775,54,D,NI,AK,F
10:37:24,INDF,RG,6775,25,D,NI,AK,F
10:37:24,INDF,RG,6775,8,D,NI,AK,F
10:37:24,INDF,RG,6775,508,D,NI,AK,F
10:37:24,INDF,RG,6775,1,D,YP,AK,F
10:37:24,INDF,RG,6775,200,D,YB,AK,F
10:37:24,INDF,RG,6775,1,D,XC,AK,F
10:37:24,INDF,RG,6775,5,D,YJ,AK,F
10:37:24,INDF,RG,6775,1,D,YP,AK,F
10:37:24,INDF,RG,6775,1,D,GR,AK,F
10:37:24,INDF,RG,6775,36,D,YP,AK,F
10:37:24,INDF,RG,6775,5,D,KK,AK,F
10:37:24,INDF,RG,6775,2,D,CC,AK,F
10:37:24,INDF,RG,6775,5,D,GR,AK,F
10:37:24,INDF,RG,6775,1,D,XL,AK,F
10:37:24,INDF,RG,6775,88,D,YB,AK,F
10:37:24,INDF,RG,6775,3,D,YB,PD,D
10:37:23,INDF,RG,6775,19,D,YB,BK,F
10:37:23,INDF,RG,6775,178,D,YB,BB,F
10:37:22,INDF,RG,6775,50,D,YB,YU,F
10:37:21,INDF,RG,6775,62,D,YB,BK,F
10:37:21,INDF,RG,6775,5,D,YP,BK,F
10:37:21,INDF,RG,6775,50,D,GR,BK,F
10:37:21,INDF,RG,6775,1,D,XL,BK,F
10:37:21,INDF,RG,6775,50,D,SQ,BK,F
10:37:21,INDF,RG,6775,1,D,YP,BK,F
10:37:21,INDF,RG,6775,15,D,KK,BK,F
10:37:19,INDF,RG,6800,20,F,ZP,YB,D
10:37:19,INDF,RG,6775,3,D,KK,CS,D
10:37:19,INDF,RG,6775,4,D,YB,CS,D
10:37:19,INDF,RG,6800,3,F,AK,AK,F
10:37:19,INDF,RG,6800,72,F,ZP,AK,F
10:37:19,INDF,RG,6800,3,D,PD,AK,F
10:37:19,INDF,RG,6800,32,F,CS,AK,F
10:37:19,INDF,RG,6800,2,D,SQ,AK,F
10:37:19,INDF,RG,6800,27,F,ZP,AK,F
10:37:19,INDF,RG,6800,30,F,CS,AK,F
10:37:19,INDF,RG,6800,10,F,ZP,AK,F
10:37:19,INDF,RG,6800,3,F,AK,AK,F
10:37:19,INDF,RG,6800,3,F,AK,AK,F
10:37:19,INDF,RG,6800,3,F,AK,AK,F
10:37:19,INDF,RG,6800,91,F,CS,AK,F
10:37:19,INDF,RG,6800,1,D,YP,AK,F
10:37:19,INDF,RG,6800,1,D,YP,AK,F
10:37:19,INDF,RG,6800,10,D,YP,AK,F
10:37:19,INDF,RG,6800,2,F,ZP,AK,F
10:37:19,INDF,RG,6800,5,F,ZP,AK,F
10:37:19,INDF,RG,6800,27,F,CS,AK,F
10:37:19,INDF,RG,6800,28,F,ZP,AK,F
10:37:19,INDF,RG,6800,40,F,CS,AK,F
10:37:19,INDF,RG,6800,75,D,PD,AK,F
10:37:18,INDF,RG,6800,57,F,CS,BK,F
10:37:18,INDF,RG,6800,2,D,XC,BK,F
10:37:18,INDF,RG,6800,52,F,CS,BK,F
10:37:18,INDF,RG,6800,39,F,CS,BK,F
10:37:18,INDF,RG,6800,2,D,NI,BK,F
10:37:18,INDF,RG,6800,49,F,CS,BK,F
10:37:18,INDF,RG,6800,88,F,CS,BK,F
10:37:18,INDF,RG,6800,3,D,XC,BK,F
10:37:18,INDF,RG,6800,7,F,ZP,BK,F
10:37:18,INDF,RG,6800,1,D,PD,BK,F
10:37:18,INDF,RG,6800,22,F,ZP,BK,F
10:37:18,INDF,RG,6800,70,F,CS,BK,F
10:37:18,INDF,RG,6800,1,D,XC,BK,F
10:37:18,INDF,RG,6800,7,F,ZP,BK,F
10:37:18,INDF,RG,6800,10,D,AZ,BK,F
10:37:18,INDF,RG,6800,64,F,ZP,BK,F
10:37:18,INDF,RG,6800,44,F,ZP,BK,F
10:37:18,INDF,RG,6800,27,F,CS,BK,F
10:37:18,INDF,RG,6800,403,D,NI,BK,F
10:37:18,INDF,RG,6800,54,D,NI,BK,F
10:37:18,INDF,RG,6800,26,D,NI,BK,F
10:37:18,INDF,RG,6800,8,D,NI,BK,F
10:37:18,INDF,RG,6800,508,D,NI,BK,F
10:37:18,INDF,RG,6800,6,D,XC,BK,F
10:37:18,INDF,RG,6800,73,F,CS,BK,F
10:37:18,INDF,RG,6800,4,F,AK,BK,F
10:37:18,INDF,RG,6800,1,D,PD,BK,F
10:37:18,INDF,RG,6800,20,F,ZP,BK,F
10:37:18,INDF,RG,6800,21,F,ZP,BK,F
10:37:18,INDF,RG,6800,59,F,CS,BK,F
10:37:18,INDF,RG,6800,46,F,DX,BK,F
10:37:18,INDF,RG,6800,48,F,DX,BK,F
10:37:18,INDF,RG,6800,218,F,ZP,BK,F
10:37:18,INDF,RG,6800,10,D,XC,BK,F
10:37:18,INDF,RG,6800,85,F,CS,BK,F
10:37:18,INDF,RG,6800,702,F,ZP,BK,F
10:37:18,INDF,RG,6800,1000,F,ZP,AK,F
10:37:18,INDF,RG,6800,65,F,ZP,AK,F
10:37:17,INDF,RG,6800,733,F,ZP,AK,F
10:37:17,INDF,RG,6800,4,F,CC,AK,F
10:37:17,INDF,RG,6800,41,F,ZP,AK,F
10:37:17,INDF,RG,6800,149,F,DX,AK,F
10:37:17,INDF,RG,6800,73,F,ZP,AK,F
10:37:15,INDF,RG,6800,124,F,ZP,CC,F
10:37:12,INDF,RG,6800,2,F,ZP,PD,D
10:37:10,INDF,RG,6800,1,F,ZP,XC,D
10:37:00,INDF,RG,6800,11,F,ZP,ZP,F
10:37:00,INDF,RG,6800,3,F,ZP,PD,D
10:36:48,INDF,RG,6800,2,F,ZP,PD,D
10:36:36,INDF,RG,6800,3,F,ZP,PD,D
10:36:24,INDF,RG,6800,2,F,ZP,PD,D
10:36:12,INDF,RG,6800,3,F,ZP,PD,D
10:36:01,INDF,RG,6800,50,F,ZP,DR,D
10:36:00,INDF,RG,6800,2,F,ZP,PD,D
10:35:48,INDF,RG,6800,3,F,ZP,PD,D
10:35:41,INDF,RG,6825,21,F,ZP,BB,F
10:35:18,INDF,RG,6800,3,F,ZP,ZP,F
10:34:48,INDF,RG,6825,49,F,DX,BB,F
10:34:45,INDF,RG,6825,3,F,ZP,BB,F
10:34:44,INDF,RG,6800,12,F,ZP,RX,F
10:34:44,INDF,RG,6800,6,F,ZP,RX,F
10:34:44,INDF,RG,6800,12,D,PD,RX,F
10:34:44,INDF,RG,6800,4,F,AK,RX,F
10:34:44,INDF,RG,6800,4,F,AK,RX,F
10:34:44,INDF,RG,6800,4,F,AK,RX,F
10:34:44,INDF,RG,6800,98,D,PD,RX,F
10:34:44,INDF,RG,6800,2,D,XC,RX,F
10:34:44,INDF,RG,6800,1,D,YP,RX,F
10:34:44,INDF,RG,6800,1,F,ZP,RX,F
10:34:44,INDF,RG,6800,15,D,XL,RX,F
10:34:44,INDF,RG,6800,3,D,XC,RX,F
10:34:44,INDF,RG,6800,299,D,NI,RX,F
10:34:42,INDF,RG,6800,235,D,NI,RX,F
10:34:33,INDF,RG,6825,1,D,YP,BB,F
10:34:19,INDF,RG,6825,20,F,ZP,BB,F
10:34:18,INDF,RG,6800,9,D,NI,ZP,F
10:32:49,INDF,RG,6825,20,F,ZP,BB,F
10:32:09,INDF,RG,6800,13,D,NI,ZP,F
10:32:05,INDF,RG,6800,32,D,NI,CS,D
10:31:54,INDF,RG,6800,1,D,NI,PD,D
10:31:52,INDF,RG,6825,20,F,ZP,BB,F
10:31:31,INDF,RG,6800,1,D,NI,NI,D
10:31:30,INDF,RG,6800,1,D,NI,PD,D
10:31:21,INDF,RG,6800,1,D,NI,PD,D
10:31:01,INDF,RG,6825,3,F,AK,BB,F
10:30:25,INDF,RG,6800,5,D,NI,ZP,F
10:30:20,INDF,RG,6825,1,F,ZP,BB,F
10:30:20,INDF,RG,6825,19,F,ZP,AK,F
10:29:12,INDF,RG,6825,38,D,CC,AK,F
10:29:12,INDF,RG,6825,6,D,CC,AK,F
10:29:12,INDF,RG,6825,23,D,CC,YU,F
10:29:12,INDF,RG,6825,5,D,CC,ZP,F
10:29:12,INDF,RG,6825,8,D,CC,ZP,F
10:29:01,INDF,RG,6800,8,D,NI,AK,F
10:29:01,INDF,RG,6800,34,D,NI,AK,F
10:28:49,INDF,RG,6825,21,F,ZP,ZP,F
10:28:48,INDF,RG,6800,17,D,NI,CC,D
10:28:31,INDF,RG,6825,3,F,AK,ZP,F
10:28:16,INDF,RG,6800,10,D,NI,CC,D
10:27:12,INDF,RG,6800,19,D,NI,CC,D
10:27:12,INDF,RG,6800,6,D,NI,CC,D
10:27:02,INDF,RG,6825,5,F,DX,ZP,F
10:27:02,INDF,RG,6825,1,F,DX,NI,D
10:27:02,INDF,RG,6825,24,F,DX,RX,F
10:27:00,INDF,RG,6825,19,F,ZP,RX,F
10:26:59,INDF,RG,6800,1,D,NI,XL,D
10:26:38,INDF,RG,6800,11,D,NI,YU,F
10:26:19,INDF,RG,6825,3,F,AK,RX,F
10:26:19,INDF,RG,6825,1,D,PD,RX,F
10:25:46,INDF,RG,6800,20,D,NI,KK,D
10:25:26,INDF,RG,6825,3,F,DX,RX,F
10:25:24,INDF,RG,6800,1,D,NI,GR,D
10:25:23,INDF,RG,6800,11,D,NI,RX,F
10:25:23,INDF,RG,6800,275,D,NI,RX,F
10:25:21,INDF,RG,6800,235,D,NI,RX,F
10:24:49,INDF,RG,6800,2,D,NI,XC,D
10:24:31,INDF,RG,6825,3,F,AK,RX,F
10:24:21,INDF,RG,6825,19,F,ZP,RX,F
10:23:56,INDF,RG,6800,200,D,NI,GR,D
10:23:48,INDF,RG,6800,20,D,NI,CC,D
10:23:48,INDF,RG,6800,5,D,NI,XA,D
10:23:33,INDF,RG,6800,1,D,NI,NI,D
10:23:31,INDF,RG,6800,15,D,NI,AK,F
10:23:19,INDF,RG,6800,9,D,NI,CC,D
10:23:19,INDF,RG,6800,10,D,XC,CC,D
10:23:19,INDF,RG,6800,11,F,DX,CC,D
10:23:12,INDF,RG,6800,9,F,DX,NI,D
10:23:12,INDF,RG,6800,1,D,PD,NI,D
10:23:01,INDF,RG,6825,25,D,EP,RX,F
10:22:49,INDF,RG,6800,1,D,PD,AK,F
10:22:49,INDF,RG,6800,1,D,XC,AK,F
10:22:49,INDF,RG,6800,1,D,XC,AK,F
10:22:49,INDF,RG,6800,3,D,LS,AK,F
10:22:49,INDF,RG,6800,10,D,GR,AK,F
10:22:49,INDF,RG,6800,1,D,PD,AK,F
10:22:49,INDF,RG,6800,2,D,XC,AK,F
10:22:49,INDF,RG,6800,5,D,XL,AK,F
10:22:49,INDF,RG,6800,4,D,YJ,AK,F
10:22:49,INDF,RG,6800,8,D,XC,AK,F
10:22:49,INDF,RG,6800,2,D,CC,AK,F
10:22:49,INDF,RG,6800,5,D,CC,AK,F
10:22:49,INDF,RG,6800,36,D,YP,AK,F
10:22:49,INDF,RG,6800,21,D,YP,AK,F
10:22:45,INDF,RG,6825,20,F,ZP,RX,F
10:21:40,INDF,RG,6825,19,F,ZP,RX,F
10:21:16,INDF,RG,6800,5,D,YP,AK,F
10:21:01,INDF,RG,6825,7,F,AK,RX,F
10:20:29,INDF,RG,6825,20,F,ZP,RX,F
10:20:11,INDF,RG,6825,11,F,ZP,RX,F
10:20:02,INDF,RG,6825,5,D,YB,RX,F
10:19:49,INDF,RG,6825,1,D,PD,RX,F
10:19:16,INDF,RG,6825,3,F,AK,RX,F
10:18:43,INDF,RG,6825,2,D,NI,RX,F
10:18:21,INDF,RG,6825,21,F,ZP,RX,F
10:18:01,INDF,RG,6825,2,D,AZ,RX,F
10:18:01,INDF,RG,6825,2,F,AK,RX,F
10:17:32,INDF,RG,6800,25,D,YP,KK,F
10:16:25,INDF,RG,6825,4,F,DX,RX,F
10:16:25,INDF,RG,6825,39,F,DX,RX,F
10:16:20,INDF,RG,6800,294,D,YP,RX,F
10:16:19,INDF,RG,6825,21,F,ZP,RX,F
10:16:19,INDF,RG,6800,145,D,YP,SQ,D
10:15:55,INDF,RG,6800,74,D,YP,XA,D
10:14:49,INDF,RG,6825,20,F,ZP,RX,F
10:13:52,INDF,RG,6800,3,D,YP,HP,D
10:13:28,INDF,RG,6800,2,D,YP,PD,D
10:13:23,INDF,RG,6825,20,F,ZP,RX,F
10:13:13,INDF,RG,6800,2,D,YP,PD,D
10:12:58,INDF,RG,6800,2,D,YP,PD,D
10:12:44,INDF,RG,6800,2,D,YP,PD,D
10:12:29,INDF,RG,6800,2,D,YP,PD,D
10:12:15,INDF,RG,6800,15,D,YP,PD,D
10:12:14,INDF,RG,6800,2,D,YP,PD,D
10:11:59,INDF,RG,6800,2,D,YP,PD,D
10:11:45,INDF,RG,6800,2,D,YP,PD,D
10:11:30,INDF,RG,6800,2,D,YP,PD,D
10:11:20,INDF,RG,6825,21,F,ZP,RX,F
10:11:14,INDF,RG,6800,2,D,YP,PD,D
10:10:59,INDF,RG,6800,2,D,YP,PD,D
10:10:44,INDF,RG,6800,2,D,YP,PD,D
10:10:30,INDF,RG,6800,2,D,YP,PD,D
10:10:27,INDF,RG,6800,200,D,YP,AI,D
10:10:15,INDF,RG,6800,2,D,YP,PD,D
10:10:00,INDF,RG,6800,2,D,YP,PD,D
10:09:46,INDF,RG,6825,20,F,ZP,RX,F
10:09:45,INDF,RG,6800,2,D,YP,PD,D
10:09:34,INDF,RG,6800,10,D,YP,PD,D
10:09:32,INDF,RG,6800,2,D,YP,PD,D
10:09:16,INDF,RG,6800,2,D,YP,PD,D
10:09:02,INDF,RG,6800,2,D,YP,PD,D
10:08:51,INDF,RG,6825,2,D,NI,RX,F
10:08:47,INDF,RG,6825,20,F,ZP,RX,F
10:08:46,INDF,RG,6800,2,D,YP,PD,D
10:08:37,INDF,RG,6825,36,F,DX,RX,F
10:08:34,INDF,RG,6825,200,D,PF,RX,F
10:08:31,INDF,RG,6800,2,D,YP,PD,D
10:08:17,INDF,RG,6800,2,D,YP,PD,D
10:08:03,INDF,RG,6825,20,F,ZP,RX,F
10:08:02,INDF,RG,6800,2,D,YP,PD,D
10:08:00,INDF,RG,6825,20,F,ZP,RX,F
10:07:48,INDF,RG,6825,40,F,ZP,RX,F
10:07:47,INDF,RG,6800,2,D,YP,PD,D
10:07:32,INDF,RG,6800,2,D,YP,PD,D
10:07:27,INDF,RG,6800,50,D,YP,CC,D
10:07:17,INDF,RG,6800,2,D,YP,PD,D
10:07:17,INDF,RG,6800,7,D,YP,NI,D
10:07:03,INDF,RG,6800,2,D,YP,PD,D
10:06:55,INDF,RG,6825,33,F,DX,RX,F
10:06:55,INDF,RG,6800,21,D,YP,RX,F
10:06:53,INDF,RG,6800,705,D,YP,RX,F
10:06:48,INDF,RG,6800,2,D,YP,PD,D
10:06:33,INDF,RG,6800,2,D,YP,PD,D
10:06:22,INDF,RG,6800,1,D,YP,NI,D
10:06:18,INDF,RG,6800,2,D,YP,PD,D
10:06:04,INDF,RG,6800,2,D,YP,PD,D
10:05:50,INDF,RG,6800,12,D,YP,NI,D
10:05:49,INDF,RG,6800,2,D,YP,PD,D
10:05:43,INDF,RG,6800,9,D,YP,PD,D
10:05:34,INDF,RG,6800,1,D,YP,PD,D
10:05:32,INDF,RG,6825,20,F,ZP,RX,F
10:05:32,INDF,RG,6825,1,F,ZP,PD,D
10:05:19,INDF,RG,6800,2,D,YP,PD,D
10:05:04,INDF,RG,6800,2,D,YP,PD,D
10:04:50,INDF,RG,6800,2,D,YP,PD,D
10:04:35,INDF,RG,6800,2,D,YP,PD,D
10:04:20,INDF,RG,6800,2,D,YP,PD,D
10:04:05,INDF,RG,6800,2,D,YP,PD,D
10:04:05,INDF,RG,6800,3,D,YP,KK,D
10:03:50,INDF,RG,6800,2,D,YP,PD,D
10:03:46,INDF,RG,6800,1,D,YP,YP,D
10:03:36,INDF,RG,6800,2,D,YP,PD,D
10:03:21,INDF,RG,6800,2,D,YP,PD,D
10:03:06,INDF,RG,6800,1,D,YP,PD,D
10:03:04,INDF,RG,6800,10,D,YP,NI,D
10:03:03,INDF,RG,6825,1,D,PD,PD,D
10:02:51,INDF,RG,6800,2,D,YP,PD,D
10:02:36,INDF,RG,6800,2,D,YP,PD,D
10:02:30,INDF,RG,6800,1,D,YP,XC,D
10:02:30,INDF,RG,6800,2,D,CC,XC,D
10:02:30,INDF,RG,6800,5,D,GR,XC,D
10:02:30,INDF,RG,6800,2,D,GR,XC,D
10:02:30,INDF,RG,6800,1,D,PD,XC,D
10:02:30,INDF,RG,6800,1,D,YP,XC,D
10:02:22,INDF,RG,6800,1,D,XC,PD,D
10:02:22,INDF,RG,6800,1,D,CC,PD,D
10:02:18,INDF,RG,6825,6,F,ZP,AK,F
10:02:18,INDF,RG,6825,2,F,ZP,AK,F
10:02:18,INDF,RG,6825,16,F,ZP,AK,F
10:02:18,INDF,RG,6825,4,F,AK,AK,F
10:02:18,INDF,RG,6825,3,F,ZP,AK,F
10:02:18,INDF,RG,6825,18,F,CC,AK,F
10:02:18,INDF,RG,6825,1,F,ZP,AK,F
10:02:18,INDF,RG,6825,11,F,ZP,AK,F
10:02:18,INDF,RG,6825,28,D,XL,AK,F
10:02:18,INDF,RG,6825,2,D,XL,AK,F
10:02:17,INDF,RG,6825,10,D,XL,AK,F
10:02:17,INDF,RG,6825,21,F,ZP,AK,F
10:02:17,INDF,RG,6825,17,F,ZP,AK,F
10:02:17,INDF,RG,6825,4,F,ZP,AK,F
10:02:17,INDF,RG,6825,66,F,CS,AK,F
10:02:17,INDF,RG,6825,8,D,KK,AK,F
10:02:17,INDF,RG,6825,8,D,AT,AK,F
10:02:17,INDF,RG,6825,2,F,ZP,AK,F
10:02:17,INDF,RG,6825,10,D,YP,AK,F
10:02:17,INDF,RG,6825,46,F,CS,AK,F
10:02:17,INDF,RG,6825,1,D,XC,AK,F
10:02:17,INDF,RG,6825,17,F,ZP,AK,F
10:02:17,INDF,RG,6825,77,F,CS,AK,F
10:02:17,INDF,RG,6825,213,D,YB,AK,F
10:02:17,INDF,RG,6825,76,D,YB,ZP,F
10:02:17,INDF,RG,6825,11,D,YB,ZP,F
10:02:17,INDF,RG,6825,21,F,ZP,ZP,F
10:02:17,INDF,RG,6825,1,D,PD,ZP,F
10:02:17,INDF,RG,6825,21,F,ZP,ZP,F
10:02:17,INDF,RG,6825,1,D,GR,ZP,F
10:02:17,INDF,RG,6825,1,D,YP,ZP,F
10:02:17,INDF,RG,6825,1,D,NI,ZP,F
10:02:17,INDF,RG,6825,4,F,AK,ZP,F
10:02:17,INDF,RG,6825,27,F,ZP,ZP,F
10:02:17,INDF,RG,6825,49,F,CS,ZP,F
10:02:17,INDF,RG,6825,1,D,NI,ZP,F
10:02:17,INDF,RG,6825,59,F,CS,ZP,F
10:02:17,INDF,RG,6825,22,F,CS,ZP,F
10:02:17,INDF,RG,6825,4,F,CS,AK,F
10:02:16,INDF,RG,6825,7,F,CS,AK,F
10:02:16,INDF,RG,6825,25,F,DX,AK,F
10:02:16,INDF,RG,6825,41,F,ZP,AK,F
10:02:16,INDF,RG,6825,4,F,AK,AK,F
10:02:16,INDF,RG,6825,55,F,ZP,AK,F
10:02:16,INDF,RG,6825,67,F,CS,AK,F
10:02:16,INDF,RG,6825,2,F,ZP,AK,F
10:02:16,INDF,RG,6825,201,D,NI,AK,F
10:02:16,INDF,RG,6825,27,D,NI,AK,F
10:02:16,INDF,RG,6825,13,D,NI,AK,F
10:02:16,INDF,RG,6825,4,D,NI,AK,F
10:02:16,INDF,RG,6825,54,D,NI,AK,F
10:02:07,INDF,RG,6825,2,D,NI,PD,D
10:01:52,INDF,RG,6825,2,D,NI,PD,D
10:01:51,INDF,RG,6850,20,F,ZP,BB,F
10:01:37,INDF,RG,6825,2,D,NI,PD,D
10:01:29,INDF,RG,6850,21,F,ZP,BB,F
10:01:24,INDF,RG,6850,19,F,ZP,BB,F
10:01:23,INDF,RG,6825,2,D,NI,PD,D
10:01:08,INDF,RG,6825,2,D,NI,PD,D
10:01:02,INDF,RG,6825,1,D,NI,DR,D
10:00:53,INDF,RG,6825,2,D,NI,PD,D
10:00:46,INDF,RG,6825,8,D,NI,YP,D
10:00:43,INDF,RG,6825,21,D,NI,OD,D
10:00:38,INDF,RG,6825,2,D,NI,PD,D
10:00:23,INDF,RG,6825,2,D,NI,PD,D
10:00:19,INDF,RG,6850,20,F,ZP,BB,F
10:00:09,INDF,RG,6825,2,D,NI,PD,D
10:00:07,INDF,RG,6825,3,D,NI,KK,D
09:59:54,INDF,RG,6825,2,D,NI,PD,D
09:59:39,INDF,RG,6825,2,D,NI,PD,D
09:59:24,INDF,RG,6825,2,D,NI,PD,D
09:59:09,INDF,RG,6825,2,D,NI,PD,D
09:58:55,INDF,RG,6825,2,D,NI,PD,D
09:58:42,INDF,RG,6825,2,D,NI,PD,D
09:58:40,INDF,RG,6825,2,D,NI,PD,D
09:58:25,INDF,RG,6825,2,D,NI,PD,D
09:58:10,INDF,RG,6825,2,D,NI,PD,D
09:58:09,INDF,RG,6825,117,D,NI,RX,F
09:57:58,INDF,RG,6825,2,D,NI,YP,D
09:57:56,INDF,RG,6825,12,D,NI,BB,F
09:57:56,INDF,RG,6825,1,D,CC,BB,F
09:57:56,INDF,RG,6825,3,F,ZP,BB,F
09:57:56,INDF,RG,6825,1,D,YP,BB,F
09:57:56,INDF,RG,6825,22,F,ZP,BB,F
09:57:56,INDF,RG,6825,36,F,ZP,BB,F
09:57:55,INDF,RG,6825,2,F,ZP,PD,D
09:57:49,INDF,RG,6825,82,F,ZP,RX,F
09:57:49,INDF,RG,6825,11,F,ZP,RX,F
09:57:49,INDF,RG,6825,1,D,YP,RX,F
09:57:49,INDF,RG,6825,109,F,CS,RX,F
09:57:49,INDF,RG,6825,20,F,ZP,RX,F
09:57:49,INDF,RG,6825,3,F,AK,RX,F
09:57:49,INDF,RG,6825,22,F,ZP,RX,F
09:57:49,INDF,RG,6825,58,F,DX,RX,F
09:57:49,INDF,RG,6825,37,F,ZP,RX,F
09:57:49,INDF,RG,6825,51,F,ZP,RX,F
09:57:48,INDF,RG,6850,21,F,DX,BB,F
09:57:48,INDF,RG,6850,9,F,DX,BB,F
09:57:48,INDF,RG,6850,6,F,DX,YP,D
09:57:47,INDF,RG,6825,8,F,ZP,RX,F
09:57:47,INDF,RG,6825,2,F,CS,RX,F
09:57:47,INDF,RG,6825,26,F,CS,RX,F
09:57:47,INDF,RG,6825,199,D,NI,RX,F
09:57:41,INDF,RG,6825,2,D,NI,PD,D
09:57:36,INDF,RG,6825,1,D,NI,BB,F
09:57:27,INDF,RG,6825,4,D,NI,BB,F
09:57:26,INDF,RG,6825,2,D,NI,PD,D
09:57:22,INDF,RG,6850,4,F,ZP,YP,D
09:57:22,INDF,RG,6850,3,F,ZP,YP,D
09:57:22,INDF,RG,6850,13,F,ZP,ZP,F
09:57:22,INDF,RG,6850,1,F,ZP,SQ,D
09:57:22,INDF,RG,6825,1,D,NI,BB,F
09:57:12,INDF,RG,6825,1,D,NI,BB,F
09:57:11,INDF,RG,6825,2,D,NI,PD,D
09:56:59,INDF,RG,6825,2,D,NI,XC,D
09:56:56,INDF,RG,6825,2,D,NI,PD,D
09:56:42,INDF,RG,6825,12,D,NI,BB,F
09:56:42,INDF,RG,6825,3,D,NI,BB,F
09:56:42,INDF,RG,6825,2,D,NI,PD,D
09:56:36,INDF,RG,6825,8,D,NI,NI,D
09:56:36,INDF,RG,6825,4,D,NI,NI,D
09:56:36,INDF,RG,6825,72,D,NI,NI,D
09:56:27,INDF,RG,6825,2,D,NI,PD,D
09:56:20,INDF,RG,6825,4,D,NI,BB,F
09:56:12,INDF,RG,6825,2,D,NI,PD,D
09:56:09,INDF,RG,6850,21,F,ZP,YB,D
09:56:09,INDF,RG,6825,1,D,NI,BB,F
09:56:09,INDF,RG,6825,1,D,NI,NI,D
09:55:57,INDF,RG,6825,2,D,NI,PD,D
09:55:51,INDF,RG,6825,1,D,NI,BB,F
09:55:42,INDF,RG,6825,2,D,NI,PD,D
09:55:30,INDF,RG,6825,1,D,NI,BB,F
09:55:29,INDF,RG,6825,1,D,NI,BB,F
09:55:28,INDF,RG,6825,2,D,NI,PD,D
09:55:14,INDF,RG,6825,5,D,NI,BB,F
09:55:13,INDF,RG,6825,2,D,NI,PD,D
09:55:05,INDF,RG,6825,28,D,NI,PD,D
09:54:59,INDF,RG,6825,1,D,NI,BB,F
09:54:58,INDF,RG,6825,2,D,NI,PD,D
09:54:43,INDF,RG,6825,2,D,NI,PD,D
09:54:29,INDF,RG,6825,2,D,NI,BB,F
09:54:28,INDF,RG,6825,2,D,NI,PD,D
09:54:15,INDF,RG,6825,1,D,NI,BB,F
09:54:14,INDF,RG,6825,3,D,NI,DR,D
09:54:14,INDF,RG,6825,2,D,NI,PD,D
09:54:00,INDF,RG,6825,3,D,NI,BB,F
09:53:59,INDF,RG,6825,2,D,NI,PD,D
09:53:52,INDF,RG,6825,3,D,NI,BB,F
09:53:51,INDF,RG,6825,16,D,NI,XC,D
09:53:44,INDF,RG,6825,2,D,NI,PD,D
09:53:41,INDF,RG,6825,1,D,NI,BB,F
09:53:40,INDF,RG,6850,21,F,ZP,YB,D
09:53:37,INDF,RG,6825,1,D,NI,BB,F
09:53:30,INDF,RG,6825,1,D,NI,BB,F
09:53:29,INDF,RG,6825,2,D,NI,PD,D
09:53:14,INDF,RG,6825,2,D,NI,PD,D
09:53:10,INDF,RG,6825,1,D,NI,BB,F
09:53:01,INDF,RG,6825,3,D,NI,BB,F
09:53:00,INDF,RG,6825,2,D,NI,PD,D
09:52:45,INDF,RG,6825,2,D,NI,PD,D
09:52:41,INDF,RG,6825,16,D,NI,BB,F
09:52:40,INDF,RG,6850,20,F,ZP,YB,D
09:52:30,INDF,RG,6825,2,D,NI,PD,D
09:52:29,INDF,RG,6825,54,D,NI,SQ,D
09:52:29,INDF,RG,6825,28,D,YB,SQ,D
09:52:26,INDF,RG,6825,5,D,YB,YP,D
09:52:16,INDF,RG,6825,6,D,YB,BB,F
09:52:15,INDF,RG,6825,2,D,YB,PD,D
09:52:08,INDF,RG,6825,30,D,YB,OD,D
09:52:02,INDF,RG,6825,4,D,YB,BB,F
09:52:01,INDF,RG,6825,2,D,YB,PD,D
09:51:59,INDF,RG,6825,1,D,YB,BB,F
09:51:58,INDF,RG,6825,25,D,YB,AR,D
09:51:47,INDF,RG,6825,1,D,YB,BB,F
09:51:46,INDF,RG,6825,2,D,YB,PD,D
09:51:38,INDF,RG,6825,1,D,YB,BB,F
09:51:38,INDF,RG,6825,3,D,YB,NI,D
09:51:31,INDF,RG,6825,2,D,YB,PD,D
09:51:28,INDF,RG,6825,1,D,YB,BB,F
09:51:19,INDF,RG,6825,1,D,YB,PD,D
09:51:16,INDF,RG,6825,2,D,YB,PD,D
09:51:14,INDF,RG,6825,20,D,YB,BB,F
09:51:07,INDF,RG,6850,31,F,DX,YB,D
09:51:04,INDF,RG,6825,64,D,YB,YP,D
09:51:04,INDF,RG,6825,14,F,ZP,YP,D
09:51:03,INDF,RG,6825,1,F,ZP,AZ,D
09:51:03,INDF,RG,6825,6,F,ZP,DH,D
09:51:03,INDF,RG,6825,4,F,ZP,DH,D
09:51:01,INDF,RG,6825,2,F,ZP,PD,D
09:51:01,INDF,RG,6825,1,F,ZP,BB,F
09:50:52,INDF,RG,6825,4,F,ZP,BB,F
09:50:48,INDF,RG,6825,1,F,ZP,PD,D
09:50:47,INDF,RG,6825,2,F,ZP,PD,D
09:50:43,INDF,RG,6850,7,F,ZP,YB,D
09:50:43,INDF,RG,6850,14,F,ZP,YU,F
09:50:43,INDF,RG,6825,1,F,ZP,BB,F
09:50:33,INDF,RG,6825,1,F,ZP,BB,F
09:50:32,INDF,RG,6825,2,F,ZP,PD,D
09:50:17,INDF,RG,6825,2,F,ZP,PD,D
09:50:17,INDF,RG,6825,4,F,ZP,BB,F
09:50:16,INDF,RG,6825,1,F,ZP,BB,F
09:50:15,INDF,RG,6825,25,F,ZP,KK,F
09:50:02,INDF,RG,6825,2,F,ZP,PD,D
09:50:02,INDF,RG,6825,4,F,ZP,BB,F
09:49:47,INDF,RG,6825,2,F,ZP,PD,D
09:49:44,INDF,RG,6850,20,F,ZP,YU,F
09:49:34,INDF,RG,6825,1,F,ZP,BB,F
09:49:33,INDF,RG,6825,2,F,ZP,PD,D
09:49:19,INDF,RG,6825,9,F,ZP,BB,F
09:49:18,INDF,RG,6825,1,F,ZP,PD,D
09:49:18,INDF,RG,6825,1,F,CS,PD,D
09:49:08,INDF,RG,6825,11,F,CS,KK,F
09:49:08,INDF,RG,6825,39,F,CS,KK,F
09:49:03,INDF,RG,6825,2,F,CS,PD,D
09:48:57,INDF,RG,6825,6,F,CS,BB,F
09:48:51,INDF,RG,6825,10,F,CS,NI,D
09:48:49,INDF,RG,6850,20,F,ZP,YU,F
09:48:49,INDF,RG,6825,1,F,CS,BB,F
09:48:48,INDF,RG,6825,2,F,CS,PD,D
09:48:35,INDF,RG,6825,1,F,CS,BB,F
09:48:34,INDF,RG,6825,2,F,CS,PD,D
09:48:19,INDF,RG,6825,2,F,CS,PD,D
09:48:09,INDF,RG,6825,1,F,CS,BB,F
09:48:04,INDF,RG,6825,2,F,CS,PD,D
09:48:01,INDF,RG,6825,2,F,CS,XC,D
09:48:00,INDF,RG,6825,1,F,CS,BB,F
09:48:00,INDF,RG,6825,3,D,NI,BB,F
09:47:49,INDF,RG,6825,2,D,NI,PD,D
09:47:48,INDF,RG,6825,1,D,NI,BB,F
09:47:48,INDF,RG,6850,21,F,ZP,YU,F
09:47:34,INDF,RG,6825,2,D,NI,PD,D
09:47:33,INDF,RG,6825,1,D,NI,BB,F
09:47:20,INDF,RG,6825,2,D,NI,PD,D
09:47:19,INDF,RG,6825,1,D,NI,BB,F
09:47:05,INDF,RG,6825,1,D,NI,BB,F
09:47:05,INDF,RG,6825,2,D,NI,PD,D
09:46:54,INDF,RG,6850,2,D,DH,YU,F
09:46:50,INDF,RG,6825,2,D,NI,PD,D
09:46:49,INDF,RG,6825,2,D,NI,BB,F
09:46:35,INDF,RG,6825,2,D,NI,PD,D
09:46:26,INDF,RG,6825,4,D,NI,BB,F
09:46:20,INDF,RG,6850,20,F,ZP,YU,F
09:46:20,INDF,RG,6825,2,D,NI,PD,D
09:46:16,INDF,RG,6825,1,D,NI,BB,F
09:46:06,INDF,RG,6825,2,D,NI,PD,D
09:45:55,INDF,RG,6825,1,D,NI,BB,F
09:45:51,INDF,RG,6825,2,D,NI,PD,D
09:45:50,INDF,RG,6825,2,D,NI,BB,F
09:45:36,INDF,RG,6825,2,D,NI,PD,D
09:45:32,INDF,RG,6825,5,D,NI,XL,D
09:45:28,INDF,RG,6825,1,D,NI,BB,F
09:45:21,INDF,RG,6825,2,D,NI,PD,D
09:45:06,INDF,RG,6825,2,D,NI,PD,D
09:45:03,INDF,RG,6825,10,D,NI,BB,F
09:44:53,INDF,RG,6825,50,D,NI,NI,D
09:44:52,INDF,RG,6825,2,D,NI,PD,D
09:44:42,INDF,RG,6825,1,D,NI,BB,F
09:44:37,INDF,RG,6825,2,D,NI,PD,D
09:44:15,INDF,RG,6825,183,D,NI,BB,F
09:44:13,INDF,RG,6850,2,F,DX,YU,F
09:44:13,INDF,RG,6850,5,F,DX,YU,F
09:44:13,INDF,RG,6850,25,F,DX,AT,D
09:44:13,INDF,RG,6850,18,F,DX,BK,F
09:44:13,INDF,RG,6825,18,D,NI,ZP,F
09:44:13,INDF,RG,6825,27,D,NI,BK,F
09:44:13,INDF,RG,6825,10,D,NI,YU,F
09:44:13,INDF,RG,6825,31,D,NI,ZP,F
09:44:13,INDF,RG,6825,28,D,NI,ZP,F
09:44:13,INDF,RG,6825,2,D,NI,CS,D
09:44:13,INDF,RG,6825,1,D,NI,CS,D
09:44:13,INDF,RG,6825,56,D,NI,AK,F
09:44:13,INDF,RG,6825,6,D,NI,AK,F
09:44:13,INDF,RG,6825,2,D,NI,PD,D
09:44:13,INDF,RG,6825,17,D,NI,YU,F
09:44:13,INDF,RG,6825,41,D,NI,ZP,F
09:44:13,INDF,RG,6825,4,D,NI,ZP,F
09:44:13,INDF,RG,6825,15,D,NI,RX,F
09:44:13,INDF,RG,6825,74,D,NI,RX,F
09:44:12,INDF,RG,6825,35,D,NI,RX,F
09:44:12,INDF,RG,6825,11,D,NI,RX,F
09:44:12,INDF,RG,6825,610,D,NI,RX,F
09:44:12,INDF,RG,6825,2,D,NI,CS,D
09:44:12,INDF,RG,6825,38,D,NI,BK,F
09:44:12,INDF,RG,6825,3,D,NI,CS,D
09:44:12,INDF,RG,6825,3,D,NI,CS,D
09:44:12,INDF,RG,6825,41,D,NI,CP,D
09:44:11,INDF,RG,6800,1,D,CC,BB,F
09:44:07,INDF,RG,6800,2,D,CC,PD,D
09:44:01,INDF,RG,6800,3,D,CC,BB,F
09:43:52,INDF,RG,6825,19,F,DX,CP,D
09:43:50,INDF,RG,6800,5,D,CC,BB,F
09:43:50,INDF,RG,6800,7,D,XL,BB,F
09:43:50,INDF,RG,6800,10,D,CC,BB,F
09:43:50,INDF,RG,6800,5,D,PD,BB,F
09:43:50,INDF,RG,6800,1,D,PD,BB,F
09:43:50,INDF,RG,6800,1,D,XL,BB,F
09:43:50,INDF,RG,6800,10,D,DH,BB,F
09:43:50,INDF,RG,6800,1,D,YP,BB,F
09:43:50,INDF,RG,6800,1,D,PD,BB,F
09:43:50,INDF,RG,6800,23,D,CP,BB,F
09:43:50,INDF,RG,6800,15,D,AZ,BB,F
09:43:50,INDF,RG,6800,1,D,XC,BB,F
09:43:50,INDF,RG,6800,10,D,YJ,BB,F
09:43:50,INDF,RG,6800,1,D,XL,BB,F
09:43:50,INDF,RG,6800,30,D,CC,BB,F
09:43:50,INDF,RG,6800,15,D,CC,BB,F
09:43:50,INDF,RG,6800,10,D,CC,BB,F
09:43:50,INDF,RG,6800,2,D,HP,BB,F
09:43:50,INDF,RG,6800,1,D,PD,BB,F
09:43:50,INDF,RG,6800,5,D,YP,BB,F
09:43:50,INDF,RG,6800,73,D,GR,BB,F
09:43:41,INDF,RG,6825,6,F,ZP,CP,D
09:43:41,INDF,RG,6825,21,F,ZP,CP,D
09:43:41,INDF,RG,6825,13,F,ZP,CP,D
09:43:39,INDF,RG,6825,1,F,ZP,CS,D
09:43:39,INDF,RG,6825,1,F,ZP,ZP,F
09:43:39,INDF,RG,6825,4,F,ZP,CS,D
09:43:39,INDF,RG,6825,2,F,ZP,PD,D
09:43:39,INDF,RG,6825,8,F,ZP,AK,F
09:43:38,INDF,RG,6825,17,F,ZP,AK,F
09:43:38,INDF,RG,6825,5,F,ZP,ZP,F
09:43:38,INDF,RG,6825,2,F,CS,PD,D
09:43:38,INDF,RG,6825,2,F,CS,PD,D
09:43:37,INDF,RG,6825,82,F,CS,AK,F
09:43:37,INDF,RG,6825,19,F,AK,AK,F
09:43:37,INDF,RG,6825,21,F,ZP,AK,F
09:43:37,INDF,RG,6825,64,F,CS,AK,F
09:43:37,INDF,RG,6825,29,F,CS,AK,F
09:43:37,INDF,RG,6825,1,D,XC,AK,F
09:43:37,INDF,RG,6825,21,F,ZP,AK,F
09:43:37,INDF,RG,6825,37,F,CS,AK,F
09:43:37,INDF,RG,6825,12,F,CS,AK,F
09:43:37,INDF,RG,6825,5,D,CC,AK,F
09:43:37,INDF,RG,6825,86,F,ZP,AK,F
09:43:37,INDF,RG,6825,27,F,DX,AK,F
09:43:37,INDF,RG,6825,22,F,ZP,AK,F
09:43:37,INDF,RG,6825,74,F,CS,AK,F
09:43:37,INDF,RG,6850,30,F,DX,BK,F
09:43:37,INDF,RG,6825,10,F,CS,ZP,F
09:43:37,INDF,RG,6825,3,D,DH,ZP,F
09:43:37,INDF,RG,6825,15,F,CC,ZP,F
09:43:37,INDF,RG,6825,5,F,AK,ZP,F
09:43:37,INDF,RG,6825,4,F,ZP,ZP,F
09:43:37,INDF,RG,6825,78,F,ZP,ZP,F
09:43:37,INDF,RG,6825,18,F,CS,ZP,F
09:43:37,INDF,RG,6825,6,F,CS,ZP,F
09:43:37,INDF,RG,6825,3,F,CS,AK,F
09:43:37,INDF,RG,6825,11,F,CS,AK,F
09:43:37,INDF,RG,6825,19,F,CS,AK,F
09:43:37,INDF,RG,6850,8,F,ZP,BK,F
09:43:36,INDF,RG,6825,12,F,CS,AK,F
09:43:36,INDF,RG,6825,5,F,AK,AK,F
09:43:36,INDF,RG,6825,166,F,ZP,AK,F
09:43:36,INDF,RG,6825,65,F,CS,AK,F
09:43:36,INDF,RG,6825,252,F,ZP,AK,F
09:43:36,INDF,RG,6825,100,F,ZP,YB,D
09:43:24,INDF,RG,6825,2,F,ZP,BB,F
09:43:23,INDF,RG,6825,2,F,ZP,PD,D
09:43:16,INDF,RG,6850,1,F,ZP,BK,F
09:43:16,INDF,RG,6850,4,F,AK,BK,F
09:43:09,INDF,RG,6825,2,F,ZP,BB,F
09:43:08,INDF,RG,6825,2,F,ZP,PD,D
09:42:53,INDF,RG,6825,2,F,ZP,PD,D
09:42:48,INDF,RG,6825,4,F,ZP,BB,F
09:42:47,INDF,RG,6850,1,F,ZP,BK,F
09:42:47,INDF,RG,6825,1,F,ZP,NI,D
09:42:41,INDF,RG,6850,1,F,ZP,BK,F
09:42:41,INDF,RG,6850,1,F,ZP,BK,F
09:42:40,INDF,RG,6850,21,F,ZP,BK,F
09:42:40,INDF,RG,6825,1,F,ZP,BB,F
09:42:39,INDF,RG,6825,2,F,ZP,PD,D
09:42:30,INDF,RG,6825,3,F,ZP,PD,D
09:42:25,INDF,RG,6825,1,F,ZP,BB,F
09:42:24,INDF,RG,6825,2,F,ZP,PD,D
09:42:10,INDF,RG,6825,1,F,ZP,BB,F
09:42:09,INDF,RG,6825,2,F,ZP,PD,D
09:41:56,INDF,RG,6850,1,F,ZP,BK,F
09:41:55,INDF,RG,6825,1,F,ZP,BB,F
09:41:54,INDF,RG,6825,2,F,ZP,PD,D
09:41:40,INDF,RG,6825,3,F,ZP,BB,F
09:41:39,INDF,RG,6825,2,F,ZP,PD,D
09:41:28,INDF,RG,6850,1,F,ZP,BK,F
09:41:28,INDF,RG,6825,1,F,ZP,BB,F
09:41:27,INDF,RG,6850,13,F,DX,BK,F
09:41:26,INDF,RG,6850,1,F,ZP,BK,F
09:41:25,INDF,RG,6825,2,F,ZP,PD,D
09:41:17,INDF,RG,6825,4,F,ZP,BB,F
09:41:16,INDF,RG,6850,2,F,ZP,BK,F
09:41:11,INDF,RG,6850,21,F,ZP,BK,F
09:41:10,INDF,RG,6825,2,F,ZP,PD,D
09:40:56,INDF,RG,6825,1,F,ZP,BB,F
09:40:55,INDF,RG,6825,2,F,ZP,PD,D
09:40:41,INDF,RG,6825,1,F,ZP,BB,F
09:40:40,INDF,RG,6825,2,F,ZP,PD,D
09:40:32,INDF,RG,6825,1,F,ZP,BB,F
09:40:31,INDF,RG,6850,1,F,ZP,BK,F
09:40:25,INDF,RG,6825,2,F,ZP,PD,D
09:40:19,INDF,RG,6825,1,F,ZP,BB,F
09:40:13,INDF,RG,6850,1,F,ZP,BK,F
09:40:12,INDF,RG,6825,14,F,ZP,BB,F
09:40:11,INDF,RG,6825,2,F,ZP,PD,D
09:39:56,INDF,RG,6825,2,F,ZP,PD,D
09:39:56,INDF,RG,6850,1,F,ZP,BK,F
09:39:53,INDF,RG,6850,6,F,ZP,BK,F
09:39:53,INDF,RG,6825,1,F,ZP,BB,F
09:39:52,INDF,RG,6825,76,F,ZP,PD,D
09:39:47,INDF,RG,6825,1,F,ZP,BB,F
09:39:46,INDF,RG,6850,1,F,ZP,BK,F
09:39:46,INDF,RG,6850,4,F,AK,BK,F
09:39:41,INDF,RG,6825,2,F,ZP,PD,D
09:39:27,INDF,RG,6825,4,F,ZP,BB,F
09:39:26,INDF,RG,6825,2,F,ZP,PD,D
09:39:21,INDF,RG,6850,2,F,ZP,BK,F
09:39:21,INDF,RG,6825,1,F,ZP,BB,F
09:39:20,INDF,RG,6850,20,F,ZP,BK,F
09:39:12,INDF,RG,6825,2,F,ZP,PD,D
09:39:07,INDF,RG,6825,1,F,ZP,BB,F
09:39:05,INDF,RG,6850,1,D,CC,BK,F
09:39:01,INDF,RG,6850,1,F,ZP,BK,F
09:38:58,INDF,RG,6825,4,F,ZP,BB,F
09:38:57,INDF,RG,6825,2,F,ZP,PD,D
09:38:54,INDF,RG,6850,2,F,ZP,BK,F
09:38:53,INDF,RG,6850,20,F,ZP,BK,F
09:38:43,INDF,RG,6825,1,F,ZP,BB,F
09:38:42,INDF,RG,6825,2,F,ZP,PD,D
09:38:27,INDF,RG,6825,2,F,ZP,BB,F
09:38:27,INDF,RG,6825,2,F,ZP,PD,D
09:38:14,INDF,RG,6850,1,F,ZP,BK,F
09:38:13,INDF,RG,6850,2,D,XC,BK,F
09:38:12,INDF,RG,6825,2,F,ZP,PD,D
09:38:11,INDF,RG,6825,1,F,ZP,XC,D
09:38:06,INDF,RG,6825,1,F,ZP,BB,F
09:37:59,INDF,RG,6850,2,D,XC,BK,F
09:37:58,INDF,RG,6825,1,F,ZP,BB,F
09:37:58,INDF,RG,6825,2,F,ZP,PD,D
09:37:43,INDF,RG,6825,1,F,ZP,BB,F
09:37:43,INDF,RG,6825,2,F,ZP,PD,D
09:37:39,INDF,RG,6850,1,D,AZ,BK,F
09:37:30,INDF,RG,6850,1,F,ZP,BK,F
09:37:28,INDF,RG,6825,1,F,ZP,BB,F
09:37:28,INDF,RG,6825,2,F,ZP,PD,D
09:37:13,INDF,RG,6825,1,F,ZP,BB,F
09:37:13,INDF,RG,6825,2,F,ZP,PD,D
09:37:03,INDF,RG,6825,6,F,ZP,BB,F
09:36:52,INDF,RG,6850,2,F,CS,YB,D
09:36:52,INDF,RG,6875,2,F,CS,CC,D
09:36:51,INDF,RG,6875,2,F,CS,CC,D
09:36:51,INDF,RG,6875,1,F,CS,SQ,D
09:36:51,INDF,RG,6875,1,F,ZP,SQ,D
09:36:50,INDF,RG,6850,1,F,ZP,CS,D
09:36:50,INDF,RG,6825,1,F,ZP,BB,F
09:36:50,INDF,RG,6850,1,F,CS,PD,D
09:36:50,INDF,RG,6850,1,F,CS,PD,D
09:36:50,INDF,RG,6875,1,F,ZP,SQ,D
09:36:49,INDF,RG,6875,2,F,DX,SQ,D
09:36:49,INDF,RG,6875,2,F,DX,PD,D
09:36:49,INDF,RG,6875,2,F,DX,PD,D
09:36:49,INDF,RG,6875,2,F,DX,PD,D
09:36:49,INDF,RG,6875,1,F,DX,PD,D
09:36:49,INDF,RG,6875,4,F,DX,AZ,D
09:36:49,INDF,RG,6850,1,F,DX,BB,F
09:36:49,INDF,RG,6850,9,F,CS,AK,F
09:36:49,INDF,RG,6850,1,F,ZP,AK,F
09:36:48,INDF,RG,6850,4,F,CS,BB,F
09:36:48,INDF,RG,6850,4,F,AK,BB,F
09:36:38,INDF,RG,6875,1,F,ZP,AZ,D
09:36:36,INDF,RG,6875,3,F,ZP,AZ,D
09:36:36,INDF,RG,6875,1,F,ZP,DH,D
09:36:36,INDF,RG,6875,1,F,ZP,PD,D
09:36:36,INDF,RG,6875,1,F,ZP,XC,D
09:36:36,INDF,RG,6875,1,F,ZP,XC,D
09:36:36,INDF,RG,6875,3,F,ZP,YB,D
09:36:35,INDF,RG,6875,1,F,ZP,YB,D
09:36:35,INDF,RG,6875,45,F,CS,YB,D
09:36:35,INDF,RG,6825,36,F,ZP,BB,F
09:36:35,INDF,RG,6875,1,F,ZP,YB,D
09:36:34,INDF,RG,6825,45,F,ZP,BB,F
09:36:34,INDF,RG,6850,3,F,ZP,BB,F
09:36:34,INDF,RG,6850,21,F,ZP,BB,F
09:36:34,INDF,RG,6850,20,F,ZP,BB,F
09:36:34,INDF,RG,6850,1,D,XC,BB,F
09:36:33,INDF,RG,6875,11,F,ZP,YB,D
09:36:32,INDF,RG,6875,56,F,DX,YB,D
09:36:32,INDF,RG,6875,80,F,ZP,YB,D
09:36:31,INDF,RG,6850,2,D,NI,CS,D
09:36:30,INDF,RG,6850,3,D,NI,CS,D
09:36:30,INDF,RG,6850,100,D,NI,YU,D
09:36:30,INDF,RG,6850,21,D,NI,BK,F
09:36:30,INDF,RG,6850,10,D,NI,YP,D
09:36:30,INDF,RG,6850,4,D,NI,ZP,F
09:36:30,INDF,RG,6850,21,D,NI,ZP,F
09:36:30,INDF,RG,6850,100,D,NI,CC,D
09:36:30,INDF,RG,6850,6,D,NI,YU,F
09:36:30,INDF,RG,6850,9,D,NI,ZP,F
09:36:30,INDF,RG,6850,55,D,NI,YU,F
09:36:30,INDF,RG,6850,2,D,NI,PD,D
09:36:30,INDF,RG,6850,6,D,NI,CS,D
09:36:30,INDF,RG,6850,341,D,NI,BK,F
09:36:30,INDF,RG,6850,88,D,NI,AK,F
09:36:30,INDF,RG,6850,55,D,NI,ZP,F
09:36:30,INDF,RG,6850,2,D,NI,KK,D
09:36:30,INDF,RG,6850,18,D,NI,YU,F
09:36:30,INDF,RG,6850,3,D,NI,CS,D
09:36:30,INDF,RG,6850,5,D,NI,CS,D
09:36:30,INDF,RG,6850,3,D,NI,ZP,D
09:36:30,INDF,RG,6850,6,D,NI,NI,D
09:36:30,INDF,RG,6850,2,D,NI,XC,D
09:36:30,INDF,RG,6850,4,D,NI,CS,D
09:36:30,INDF,RG,6850,10,D,NI,LG,D
09:36:30,INDF,RG,6850,2,D,NI,CS,D
09:36:30,INDF,RG,6850,1,D,NI,DH,D
09:36:30,INDF,RG,6850,5,D,NI,GR,D
09:36:30,INDF,RG,6850,9,D,NI,AZ,D
09:36:30,INDF,RG,6850,3,D,NI,YP,D
09:36:30,INDF,RG,6850,2,D,NI,NI,D
09:36:30,INDF,RG,6850,10,D,NI,CC,D
09:36:30,INDF,RG,6850,1,D,NI,AZ,D
09:36:30,INDF,RG,6850,1,D,NI,KK,D
09:36:30,INDF,RG,6850,25,D,NI,GR,D
09:36:30,INDF,RG,6850,3,D,NI,SQ,D
09:36:30,INDF,RG,6850,4,D,NI,XC,D
09:36:30,INDF,RG,6850,3,D,NI,PD,D
09:36:30,INDF,RG,6850,8,D,NI,YU,F
09:36:30,INDF,RG,6850,47,D,NI,BB,F
09:36:29,INDF,RG,6825,2,F,ZP,PD,D
09:36:14,INDF,RG,6825,2,F,ZP,PD,D
09:36:06,INDF,RG,6850,4,F,ZP,BB,F
09:36:04,INDF,RG,6825,43,F,ZP,BB,F
09:35:59,INDF,RG,6825,2,F,ZP,PD,D
09:35:45,INDF,RG,6850,2,F,ZP,BB,F
09:35:44,INDF,RG,6825,2,F,ZP,PD,D
09:35:41,INDF,RG,6850,20,F,ZP,BB,F
09:35:31,INDF,RG,6850,4,F,AK,BB,F
09:35:30,INDF,RG,6825,2,F,ZP,PD,D
09:35:23,INDF,RG,6850,1,F,ZP,BB,F
09:35:23,INDF,RG,6825,10,F,ZP,CC,D
09:35:19,INDF,RG,6850,1,F,ZP,BB,F
09:35:16,INDF,RG,6850,6,F,ZP,BB,F
09:35:16,INDF,RG,6825,79,F,ZP,YU,F
09:35:14,INDF,RG,6850,1,F,ZP,BB,F
09:35:13,INDF,RG,6850,6,F,ZP,BB,F
09:35:13,INDF,RG,6850,5,F,DX,BB,F
09:35:13,INDF,RG,6850,1,F,DX,NI,D
09:35:13,INDF,RG,6850,4,F,DX,SQ,D
09:35:12,INDF,RG,6850,16,F,DX,SQ,D
09:35:12,INDF,RG,6850,2,F,DX,PD,D
09:35:12,INDF,RG,6850,1,F,DX,EP,D
09:35:12,INDF,RG,6850,30,F,DX,PD,D
09:35:12,INDF,RG,6850,1,F,DX,SQ,D
09:35:12,INDF,RG,6850,15,F,DX,CC,D
09:35:12,INDF,RG,6850,3,F,DX,NI,D
09:35:12,INDF,RG,6850,4,F,ZP,NI,D
09:35:11,INDF,RG,6850,16,F,ZP,NI,D
09:35:10,INDF,RG,6850,27,F,ZP,NI,D
09:35:10,INDF,RG,6850,6,F,ZP,BB,F
09:35:10,INDF,RG,6825,3,F,ZP,CS,D
09:35:10,INDF,RG,6825,2,F,ZP,CS,D
09:35:10,INDF,RG,6825,133,F,ZP,AK,F
09:35:10,INDF,RG,6825,53,F,ZP,AK,F
09:35:09,INDF,RG,6825,2,F,ZP,CS,D
09:35:09,INDF,RG,6825,4,F,ZP,CS,D
09:35:09,INDF,RG,6825,5,F,ZP,AK,F
09:35:09,INDF,RG,6825,217,F,ZP,BB,F
09:35:09,INDF,RG,6825,2,F,ZP,PD,D
09:35:09,INDF,RG,6825,2,F,ZP,CS,D
09:35:09,INDF,RG,6825,3,F,ZP,CS,D
09:35:09,INDF,RG,6825,1,F,ZP,CS,D
09:35:09,INDF,RG,6825,5,F,ZP,ZP,F
09:35:09,INDF,RG,6825,2,F,ZP,PD,D
09:35:09,INDF,RG,6825,7,F,ZP,YU,F
09:35:09,INDF,RG,6825,176,F,ZP,BK,F
09:35:09,INDF,RG,6825,25,F,ZP,ZP,F
09:35:09,INDF,RG,6825,30,F,ZP,AK,F
09:35:09,INDF,RG,6825,4,F,ZP,YU,F
09:35:09,INDF,RG,6825,10,F,ZP,YP,D
09:35:09,INDF,RG,6825,57,F,ZP,AK,F
09:35:09,INDF,RG,6825,53,F,ZP,AK,F
09:35:09,INDF,RG,6825,5,F,ZP,AK,F
09:35:09,INDF,RG,6825,7,F,ZP,AK,F
09:35:09,INDF,RG,6825,15,F,ZP,YU,F
09:35:09,INDF,RG,6825,38,F,ZP,ZP,F
09:35:09,INDF,RG,6825,3,F,ZP,ZP,F
09:35:09,INDF,RG,6825,30,F,ZP,YP,D
09:35:09,INDF,RG,6825,11,F,ZP,YU,F
09:35:09,INDF,RG,6825,708,F,ZP,RX,F
09:35:07,INDF,RG,6825,16,F,DX,RX,F
09:35:03,INDF,RG,6800,27,D,GR,BB,F
09:35:03,INDF,RG,6800,172,D,YP,BB,F
09:35:00,INDF,RG,6800,2,D,YP,PD,D
09:34:53,INDF,RG,6825,21,F,ZP,RX,F
09:34:45,INDF,RG,6800,2,D,YP,PD,D
09:34:21,INDF,RG,6825,1,F,ZP,RX,F
09:34:21,INDF,RG,6825,2,F,ZP,PD,D
09:34:21,INDF,RG,6825,2,F,ZP,BB,F
09:34:21,INDF,RG,6825,1,F,ZP,CS,D
09:34:21,INDF,RG,6825,2,F,ZP,CS,D
09:34:21,INDF,RG,6825,3,F,ZP,ZP,F
09:34:21,INDF,RG,6825,9,F,ZP,ZP,F
09:34:16,INDF,RG,6800,2,D,YP,PD,D
09:34:05,INDF,RG,6800,2,D,YP,KK,D
09:34:01,INDF,RG,6800,2,D,YP,PD,D
09:33:46,INDF,RG,6800,2,D,YP,PD,D
09:33:42,INDF,RG,6825,5,D,YP,ZP,F
09:33:31,INDF,RG,6800,2,D,YP,PD,D
09:33:17,INDF,RG,6800,2,D,YP,PD,D
09:33:02,INDF,RG,6800,2,D,YP,PD,D
09:32:47,INDF,RG,6800,2,D,YP,PD,D
09:32:32,INDF,RG,6800,2,D,YP,PD,D
09:32:17,INDF,RG,6800,2,D,YP,PD,D
09:32:02,INDF,RG,6825,2,F,CS,PD,D
09:32:02,INDF,RG,6825,2,F,CS,YU,F
09:32:01,INDF,RG,6825,2,F,CS,YU,F
09:32:01,INDF,RG,6825,2,F,CS,YU,F
09:32:01,INDF,RG,6825,2,F,CS,YU,F
09:32:01,INDF,RG,6825,2,F,CS,YU,F
09:32:01,INDF,RG,6825,2,F,AK,YU,F
09:32:01,INDF,RG,6825,1,F,AK,ZP,F
09:32:01,INDF,RG,6825,1,F,AK,CS,D
09:31:48,INDF,RG,6800,2,D,YP,PD,D
09:31:45,INDF,RG,6850,1,D,XL,AK,F
09:31:33,INDF,RG,6800,2,D,YP,PD,D
09:31:22,INDF,RG,6825,8,F,CC,BK,F
09:31:22,INDF,RG,6825,72,F,CS,BK,F
09:31:22,INDF,RG,6825,13,F,ZP,BK,F
09:31:22,INDF,RG,6825,13,F,ZP,BK,F
09:31:22,INDF,RG,6825,19,F,ZP,BK,F
09:31:22,INDF,RG,6825,3,D,YJ,BK,F
09:31:22,INDF,RG,6825,2,D,CC,BK,F
09:31:22,INDF,RG,6825,1,D,DR,BK,F
09:31:22,INDF,RG,6825,1,F,ZP,BK,F
09:31:22,INDF,RG,6825,30,D,DX,BK,F
09:31:22,INDF,RG,6825,5,F,ZP,BK,F
09:31:22,INDF,RG,6825,1,D,KK,BK,F
09:31:22,INDF,RG,6825,1,D,IF,BK,F
09:31:22,INDF,RG,6825,9,F,ZP,BK,F
09:31:22,INDF,RG,6825,2,D,XL,BK,F
09:31:22,INDF,RG,6825,1,D,YP,BK,F
09:31:22,INDF,RG,6825,11,F,ZP,BK,F
09:31:22,INDF,RG,6825,2,D,NI,BK,F
09:31:22,INDF,RG,6825,4,D,NI,BK,F
09:31:22,INDF,RG,6825,1,D,XC,BK,F
09:31:22,INDF,RG,6825,1,D,GR,BK,F
09:31:22,INDF,RG,6825,12,F,ZP,BK,F
09:31:18,INDF,RG,6825,2,F,ZP,PD,D
09:31:14,INDF,RG,6825,1,F,CS,AK,F
09:31:14,INDF,RG,6825,55,F,CS,AK,F
09:31:13,INDF,RG,6825,16,F,CS,ZP,F
09:31:13,INDF,RG,6825,7,F,CS,BB,F
09:31:13,INDF,RG,6825,4,F,AK,BB,F
09:31:13,INDF,RG,6825,7,F,DX,BB,F
09:31:12,INDF,RG,6825,23,F,DX,BK,F
09:31:12,INDF,RG,6825,21,F,ZP,BK,F
09:31:12,INDF,RG,6825,42,F,ZP,BK,F
09:31:12,INDF,RG,6825,175,D,NI,BK,F
09:31:12,INDF,RG,6825,8,D,NI,YU,F
09:31:06,INDF,RG,6825,10,D,NI,CS,D
09:31:05,INDF,RG,6825,57,D,NI,BK,F
09:31:05,INDF,RG,6825,9,F,ZP,BK,F
09:31:05,INDF,RG,6825,7,F,ZP,BK,F
09:31:05,INDF,RG,6825,36,F,CS,BK,F
09:30:58,INDF,RG,6825,1,F,CS,BB,F
09:30:57,INDF,RG,6825,1,F,CS,BB,F
09:30:32,INDF,RG,6825,2,F,CS,BB,F
09:30:30,INDF,RG,6825,6,F,CS,PD,D
09:30:30,INDF,RG,6825,4,D,NI,PD,D
09:30:29,INDF,RG,6825,10,D,NI,YU,F
09:30:24,INDF,RG,6850,7,F,DX,AK,F
09:30:24,INDF,RG,6850,12,F,DX,AK,F
09:30:24,INDF,RG,6825,3,D,NI,ZP,F
09:30:21,INDF,RG,6825,119,D,NI,ZP,F
09:30:17,INDF,RG,6825,114,D,NI,AK,F
09:30:17,INDF,RG,6825,2,D,PD,AK,F
09:30:17,INDF,RG,6825,5,F,ZP,AK,F
09:29:36,INDF,RG,6850,2,D,YJ,AK,F
09:29:09,INDF,RG,6825,1,F,ZP,BB,F
09:29:08,INDF,RG,6825,1,F,ZP,PD,D
09:28:52,INDF,RG,6825,6,F,ZP,BB,F
09:28:47,INDF,RG,6825,4,F,ZP,PD,D
09:28:47,INDF,RG,6825,1,F,ZP,YU,F
09:28:46,INDF,RG,6825,1,F,ZP,NI,D
09:28:45,INDF,RG,6825,3,F,ZP,BB,F
09:28:44,INDF,RG,6850,17,F,ZP,AK,F
09:28:44,INDF,RG,6850,4,F,ZP,ZP,F
09:28:44,INDF,RG,6850,1,D,NI,ZP,F
09:28:03,INDF,RG,6825,3,F,ZP,BB,F
09:27:34,INDF,RG,6825,2,F,ZP,BB,F
09:27:34,INDF,RG,6825,1,F,ZP,SQ,D
09:27:21,INDF,RG,6850,19,F,ZP,ZP,F
09:27:21,INDF,RG,6825,1,F,ZP,BB,F
09:25:51,INDF,RG,6825,1,F,ZP,NI,D
09:25:45,INDF,RG,6825,22,F,ZP,AK,F
09:25:41,INDF,RG,6850,19,F,ZP,ZP,F
09:25:41,INDF,RG,6850,2,D,CC,ZP,F
09:25:38,INDF,RG,6825,3,F,ZP,YU,F
09:25:32,INDF,RG,6825,8,F,ZP,CC,D
09:25:32,INDF,RG,6825,29,F,ZP,CC,D
09:25:32,INDF,RG,6825,43,F,CS,CC,D
09:25:29,INDF,RG,6825,10,F,CS,YP,D
09:25:27,INDF,RG,6825,7,F,CS,ZP,F
09:24:48,INDF,RG,6825,1,F,CS,YU,D
09:24:22,INDF,RG,6850,12,F,ZP,ZP,F
09:24:22,INDF,RG,6850,9,F,ZP,ZP,F
09:23:45,INDF,RG,6825,5,F,CS,AK,F
09:23:08,INDF,RG,6825,3,F,CS,YU,F
09:23:08,INDF,RG,6825,3,D,PD,YU,F
09:23:08,INDF,RG,6825,2,F,DX,YU,F
09:22:36,INDF,RG,6825,7,F,DX,ZP,F
09:22:36,INDF,RG,6825,2,F,DX,ZP,F
09:22:22,INDF,RG,6825,2,F,DX,YU,F
09:22:22,INDF,RG,6825,6,F,AK,YU,F
09:21:35,INDF,RG,6825,3,F,AK,BB,F
09:21:35,INDF,RG,6825,13,D,GR,BB,F
09:21:35,INDF,RG,6825,20,D,GR,YP,D
09:21:27,INDF,RG,6825,17,D,GR,BB,F
09:21:27,INDF,RG,6825,66,D,YP,BB,F
09:21:27,INDF,RG,6825,9,D,YP,HP,D
09:21:27,INDF,RG,6825,29,F,ZP,HP,D
09:21:27,INDF,RG,6825,7,D,PD,HP,D
09:21:27,INDF,RG,6825,4,F,ZP,HP,D
09:21:27,INDF,RG,6825,1,F,CS,HP,D
09:21:20,INDF,RG,6825,23,F,CS,YU,F
09:21:19,INDF,RG,6850,32,F,DX,BK,F
09:21:16,INDF,RG,6825,10,F,CS,ZP,F
09:21:16,INDF,RG,6825,2,F,CS,ZP,F
09:21:15,INDF,RG,6825,62,F,CS,AK,F
09:21:15,INDF,RG,6825,2,D,HP,AK,F
09:21:15,INDF,RG,6825,1,D,PD,AK,F
09:21:15,INDF,RG,6825,8,F,ZP,AK,F
09:21:15,INDF,RG,6825,43,F,CS,AK,F
09:21:15,INDF,RG,6825,21,F,ZP,AK,F
09:21:15,INDF,RG,6825,6,F,ZP,AK,F
09:21:15,INDF,RG,6825,9,F,ZP,AK,F
09:21:15,INDF,RG,6825,26,F,ZP,AK,F
09:21:15,INDF,RG,6825,125,F,CS,AK,F
09:21:15,INDF,RG,6825,155,D,NI,AK,F
09:21:12,INDF,RG,6825,4,D,NI,BB,F
09:20:26,INDF,RG,6825,3,D,NI,BB,F
09:20:23,INDF,RG,6850,30,F,ZP,BK,F
09:20:23,INDF,RG,6825,9,D,NI,ZP,F
09:20:20,INDF,RG,6825,8,D,NI,ZP,F
09:20:15,INDF,RG,6825,12,D,NI,AK,F
09:20:13,INDF,RG,6825,7,D,NI,YU,F
09:19:56,INDF,RG,6825,6,D,NI,BB,F
09:19:51,INDF,RG,6825,7,D,NI,PD,D
09:19:49,INDF,RG,6825,30,D,NI,ZP,F
09:19:47,INDF,RG,6825,9,D,NI,BB,F
09:19:47,INDF,RG,6825,2,D,XC,BB,F
09:19:46,INDF,RG,6825,3,F,ZP,PD,D
09:19:31,INDF,RG,6825,1,F,ZP,BB,F
09:19:31,INDF,RG,6825,1,D,XC,BB,F
09:19:31,INDF,RG,6825,1,F,ZP,BB,F
09:19:30,INDF,RG,6825,3,F,ZP,AK,F
09:19:30,INDF,RG,6825,5,F,ZP,AK,F
09:19:30,INDF,RG,6825,21,F,ZP,AK,F
09:19:30,INDF,RG,6825,2,F,ZP,AK,F
09:19:30,INDF,RG,6825,14,F,AK,AK,F
09:19:30,INDF,RG,6825,5,F,ZP,AK,F
09:19:30,INDF,RG,6825,17,F,ZP,AK,F
09:19:30,INDF,RG,6825,2,D,YP,AK,F
09:19:30,INDF,RG,6825,4,F,CS,AK,F
09:19:15,INDF,RG,6825,6,F,CS,AK,F
09:19:01,INDF,RG,6850,1,F,ZP,BK,F
09:19:01,INDF,RG,6850,10,D,PD,BK,F
09:18:49,INDF,RG,6850,1,F,ZP,BK,F
09:18:47,INDF,RG,6825,3,F,CS,BB,F
09:18:47,INDF,RG,6850,1,D,PD,BK,F
09:18:34,INDF,RG,6825,3,F,CS,NI,D
09:18:30,INDF,RG,6850,1,F,ZP,BK,F
09:18:29,INDF,RG,6825,6,F,CS,BB,F
09:18:28,INDF,RG,6825,5,F,CS,YU,F
09:18:16,INDF,RG,6850,1,F,ZP,BK,F
09:18:16,INDF,RG,6825,5,F,CS,BB,F
09:18:15,INDF,RG,6825,60,F,CS,AK,F
09:18:15,INDF,RG,6825,5,F,CS,AK,F
09:17:42,INDF,RG,6825,3,F,CS,BB,F
09:17:41,INDF,RG,6825,14,F,CS,ZP,F
09:17:17,INDF,RG,6825,5,F,CS,YP,D
09:17:14,INDF,RG,6825,1,F,CS,BB,F
09:17:13,INDF,RG,6825,5,F,CS,ZP,F
