Time,Stock,Brd,Price,Qty,BT,BC,SC,ST
15:14:52,INDF,RG,6450,1,D,PD,CC,D
15:09:42,INDF,RG,6450,1,D,PD,CC,D
15:08:06,INDF,RG,6450,1,D,NI,CC,D
15:07:43,INDF,RG,6450,9,D,YP,BK,F
15:07:23,INDF,RG,6450,2,D,XC,BK,F
15:06:19,INDF,RG,6450,1,D,AZ,BK,F
15:03:41,INDF,RG,6450,1,F,AK,BK,F
15:03:40,INDF,RG,6450,5,D,KK,BK,F
15:03:25,INDF,RG,6450,1,D,YU,DR,D
15:02:08,INDF,RG,6450,2,D,YP,DR,D
15:00:00,INDF,RG,6450,1,D,SQ,DR,D
15:00:00,INDF,RG,6450,1,D,IF,DR,D
15:00:00,INDF,RG,6450,6,D,PD,DR,D
15:00:00,INDF,RG,6450,1,D,YP,DR,D
15:00:00,INDF,RG,6450,1,D,YP,DR,D
15:00:00,INDF,RG,6450,4,D,YP,OD,D
15:00:00,INDF,RG,6450,2,D,YP,OD,D
15:00:00,INDF,RG,6450,2,D,CP,OD,D
15:00:00,INDF,RG,6450,12,F,CC,OD,D
15:00:00,INDF,RG,6450,10,F,CC,DR,D
15:00:00,INDF,RG,6450,67,F,CC,KK,D
15:00:00,INDF,RG,6450,8,F,CC,KK,D
15:00:00,INDF,RG,6450,5,F,CC,HP,D
15:00:00,INDF,RG,6450,150,F,CC,KK,D
15:00:00,INDF,RG,6450,9,F,CC,KK,D
15:00:00,INDF,RG,6450,18,F,CC,KK,D
15:00:00,INDF,RG,6450,130,F,CC,KK,D
15:00:00,INDF,RG,6450,67,F,CC,KK,D
15:00:00,INDF,RG,6450,68,F,CC,KK,D
15:00:00,INDF,RG,6450,8,F,ZP,KK,D
15:00:00,INDF,RG,6450,100,F,ZP,KK,D
15:00:00,INDF,RG,6450,262,F,ZP,AK,F
15:00:00,INDF,RG,6450,50,F,ZP,AK,F
15:00:00,INDF,RG,6450,9,F,AK,AK,F
15:00:00,INDF,RG,6450,1670,F,BK,AK,F
15:00:00,INDF,RG,6450,515,F,BK,AK,F
15:00:00,INDF,RG,6450,97,F,BK,AK,F
15:00:00,INDF,RG,6450,1,F,BK,YU,F
15:00:00,INDF,RG,6450,46,F,BK,YU,F
15:00:00,INDF,RG,6450,10,F,BK,BK,F
15:00:00,INDF,RG,6450,118,F,BK,BK,F
15:00:00,INDF,RG,6450,47,F,BK,BK,F
15:00:00,INDF,RG,6450,4,F,CS,BK,F
15:00:00,INDF,RG,6450,401,F,CS,OD,D
15:00:00,INDF,RG,6450,135,F,CS,DR,D
15:00:00,INDF,RG,6450,72,F,CS,BB,F
15:00:00,INDF,RG,6450,112,F,YU,BB,F
15:00:00,INDF,RG,6450,369,F,YU,BB,D
15:00:00,INDF,RG,6450,12,F,CS,BB,D
15:00:00,INDF,RG,6450,461,F,ZP,BB,D
15:00:00,INDF,RG,6450,4,D,PD,BB,D
15:00:00,INDF,RG,6450,806,D,PD,AK,F
15:00:00,INDF,RG,6450,17,D,BB,AK,F
15:00:00,INDF,RG,6450,13,F,ZP,AK,F
15:00:00,INDF,RG,6450,2179,F,ZP,AK,F
15:00:00,INDF,RG,6450,25,F,AK,AK,F
15:00:00,INDF,RG,6450,22,F,AK,AK,F
15:00:00,INDF,RG,6450,133,D,YU,AK,F
15:00:00,INDF,RG,6450,1,F,RX,AK,F
15:00:00,INDF,RG,6450,1,F,RX,AK,F
15:00:00,INDF,RG,6450,25,D,CC,AK,F
15:00:00,INDF,RG,6450,4,F,RX,AK,F
15:00:00,INDF,RG,6450,219,F,RX,AK,F
15:00:00,INDF,RG,6450,68,F,RX,AK,F
15:00:00,INDF,RG,6450,346,F,RX,AK,F
15:00:00,INDF,RG,6450,428,F,RX,AK,F
15:00:00,INDF,RG,6450,3,F,RX,AK,F
15:00:00,INDF,RG,6450,7,F,AK,AK,F
15:00:00,INDF,RG,6450,9,F,AK,AK,F
15:00:00,INDF,RG,6450,10,F,AK,AK,F
15:00:00,INDF,RG,6450,27,F,AK,AK,F
15:00:00,INDF,RG,6450,42,F,AK,AK,F
15:00:00,INDF,RG,6450,19,F,AK,AK,F
15:00:00,INDF,RG,6450,10,F,AK,AK,F
15:00:00,INDF,RG,6450,276,F,AK,AK,F
15:00:00,INDF,RG,6450,60,F,AK,AK,F
15:00:00,INDF,RG,6450,735,F,AK,AK,F
15:00:00,INDF,RG,6450,62,F,AK,AK,F
15:00:00,INDF,RG,6450,50,F,AK,AK,F
15:00:00,INDF,RG,6450,3,D,LG,AK,F
14:49:59,INDF,RG,6425,3,F,CC,AK,F
14:49:58,INDF,RG,6425,1,F,CC,AK,F
14:49:58,INDF,RG,6450,1,F,AK,AK,F
14:49:58,INDF,RG,6450,1,F,AK,AK,F
14:49:58,INDF,RG,6450,1,F,AK,AK,F
14:49:58,INDF,RG,6425,1,F,CC,AK,F
14:49:58,INDF,RG,6450,1,F,AK,AK,F
14:49:57,INDF,RG,6450,1,F,ZP,AK,F
14:49:56,INDF,RG,6450,1,F,AK,AK,F
14:49:56,INDF,RG,6425,18,F,CC,AK,F
14:49:56,INDF,RG,6425,3,F,CC,AK,F
14:49:55,INDF,RG,6450,2,F,RX,AK,F
14:49:53,INDF,RG,6425,10,F,CC,AK,F
14:49:53,INDF,RG,6425,1,D,CC,AK,F
14:49:53,INDF,RG,6425,1,D,YP,AK,F
14:49:53,INDF,RG,6425,8,D,KK,AK,F
14:49:52,INDF,RG,6450,1,F,ZP,AK,F
14:49:48,INDF,RG,6450,1,F,BK,AK,F
14:49:46,INDF,RG,6450,4,F,RX,AK,F
14:49:45,INDF,RG,6450,5,F,KZ,AK,F
14:49:45,INDF,RG,6450,3,F,KZ,AK,F
14:49:45,INDF,RG,6450,1,F,AK,AK,F
14:49:44,INDF,RG,6450,1,F,AK,AK,F
14:49:44,INDF,RG,6450,3,F,RX,AK,F
14:49:43,INDF,RG,6450,9,F,KZ,AK,F
14:49:43,INDF,RG,6450,28,F,KZ,AK,F
14:49:40,INDF,RG,6450,1,F,BK,AK,F
14:49:39,INDF,RG,6450,14,F,KZ,AK,F
14:49:38,INDF,RG,6450,1,F,ZP,AK,F
14:49:38,INDF,RG,6450,3,F,RX,AK,F
14:49:37,INDF,RG,6450,12,F,KZ,AK,F
14:49:37,INDF,RG,6450,2,F,KZ,AK,F
14:49:35,INDF,RG,6450,1,F,RX,AK,F
14:49:35,INDF,RG,6450,1,F,AK,AK,F
14:49:34,INDF,RG,6450,15,F,KZ,AK,F
14:49:34,INDF,RG,6450,21,F,RX,AK,F
14:49:32,INDF,RG,6450,1,F,RX,AK,F
14:49:32,INDF,RG,6450,1,F,BK,AK,F
14:49:31,INDF,RG,6450,1,F,AK,AK,F
14:49:31,INDF,RG,6450,12,F,KZ,AK,F
14:49:30,INDF,RG,6425,17,D,KK,YU,F
14:49:30,INDF,RG,6425,14,D,KK,YU,F
14:49:28,INDF,RG,6450,13,F,KZ,AK,F
14:49:28,INDF,RG,6450,2,F,BK,AK,F
14:49:25,INDF,RG,6450,13,F,KZ,AK,F
14:49:23,INDF,RG,6450,1,F,AK,AK,F
14:49:22,INDF,RG,6450,18,F,KZ,AK,F
14:49:18,INDF,RG,6450,8,F,KZ,AK,F
14:49:18,INDF,RG,6450,21,F,RX,AK,F
14:49:16,INDF,RG,6450,14,F,KZ,AK,F
14:49:16,INDF,RG,6450,5,F,RX,AK,F
14:49:15,INDF,RG,6450,1,F,AK,AK,F
14:49:15,INDF,RG,6450,5,F,AK,AK,F
14:49:15,INDF,RG,6450,12,F,AK,AK,F
14:49:15,INDF,RG,6450,2,F,AK,AK,F
14:49:15,INDF,RG,6450,3,F,AK,AK,F
14:49:13,INDF,RG,6425,1,D,KK,BB,F
14:49:13,INDF,RG,6450,8,F,KZ,AK,F
14:49:11,INDF,RG,6450,1,F,AK,AK,F
14:49:11,INDF,RG,6425,25,D,KK,AK,F
14:49:11,INDF,RG,6425,7,D,NI,AK,F
14:49:11,INDF,RG,6425,10,D,YU,AK,F
14:49:11,INDF,RG,6425,3,D,XL,AK,F
14:49:11,INDF,RG,6425,1,D,XC,AK,F
14:49:11,INDF,RG,6425,4,D,CC,AK,F
14:49:11,INDF,RG,6425,3,F,BK,AK,F
14:49:11,INDF,RG,6425,10,D,KK,AK,F
14:49:11,INDF,RG,6425,28,F,CC,AK,F
14:49:11,INDF,RG,6450,5,F,KZ,AK,F
14:49:11,INDF,RG,6450,1,F,ZP,AK,F
14:49:11,INDF,RG,6475,1,F,AK,YP,D
14:49:10,INDF,RG,6475,9,F,KZ,YP,D
14:49:08,INDF,RG,6475,17,F,KZ,YP,D
14:49:08,INDF,RG,6475,20,F,RX,YP,D
14:49:07,INDF,RG,6475,4,F,ZP,YP,D
14:49:07,INDF,RG,6450,1,F,RX,YU,F
14:49:07,INDF,RG,6450,1,F,RX,AK,F
14:49:07,INDF,RG,6450,1,F,RX,XL,D
14:49:07,INDF,RG,6450,1,F,RX,YU,F
14:49:06,INDF,RG,6450,1,F,AK,YU,F
14:49:06,INDF,RG,6450,4,F,AK,AK,F
14:49:06,INDF,RG,6450,2,F,ZP,AK,F
14:49:06,INDF,RG,6450,10,F,ZP,BB,F
14:49:06,INDF,RG,6450,2,F,ZP,YU,F
14:49:06,INDF,RG,6450,11,F,ZP,AK,F
14:49:06,INDF,RG,6450,1,F,AK,AK,F
14:49:05,INDF,RG,6450,2,F,ZP,AK,F
14:49:05,INDF,RG,6450,100,D,GR,AK,F
14:49:05,INDF,RG,6450,1,F,AK,AK,F
14:49:05,INDF,RG,6450,8,F,RX,AK,F
14:49:04,INDF,RG,6450,19,F,KZ,AK,F
14:49:02,INDF,RG,6425,4,F,CC,BK,F
14:49:02,INDF,RG,6450,15,D,PD,AK,F
14:49:01,INDF,RG,6450,1,F,AK,AK,F
14:49:00,INDF,RG,6450,3,F,BK,AK,F
14:49:00,INDF,RG,6425,53,F,CC,AK,F
14:49:00,INDF,RG,6450,4,F,KZ,AK,F
14:49:00,INDF,RG,6450,1,F,AK,AK,F
14:49:00,INDF,RG,6450,1,F,AK,AK,F
14:49:00,INDF,RG,6425,1,F,CC,YU,F
14:48:59,INDF,RG,6450,1,F,AK,AK,F
14:48:59,INDF,RG,6450,2,F,AK,AK,F
14:48:59,INDF,RG,6450,17,F,KZ,AK,F
14:48:59,INDF,RG,6425,3,F,CC,AK,F
14:48:59,INDF,RG,6425,1,F,CC,AK,F
14:48:58,INDF,RG,6450,10,F,RX,AK,F
14:48:56,INDF,RG,6450,5,F,RX,AK,F
14:48:55,INDF,RG,6450,13,F,KZ,AK,F
14:48:52,INDF,RG,6450,24,F,KZ,AK,F
14:48:49,INDF,RG,6450,1,F,AK,AK,F
14:48:49,INDF,RG,6450,45,F,ZP,AK,F
14:48:49,INDF,RG,6450,2,F,ZP,AK,F
14:48:48,INDF,RG,6450,17,F,RX,AK,F
14:48:47,INDF,RG,6450,1,F,AK,AK,F
14:48:47,INDF,RG,6450,7,F,KZ,AK,F
14:48:46,INDF,RG,6450,7,F,RX,AK,F
14:48:45,INDF,RG,6425,7,F,CC,AK,F
14:48:45,INDF,RG,6450,9,F,KZ,AK,F
14:48:45,INDF,RG,6450,6,F,AK,AK,F
14:48:45,INDF,RG,6450,4,F,AK,AK,F
14:48:45,INDF,RG,6450,1,F,AK,AK,F
14:48:43,INDF,RG,6450,13,F,KZ,AK,F
14:48:41,INDF,RG,6450,1,F,AK,AK,F
14:48:40,INDF,RG,6450,11,F,BK,AK,F
14:48:40,INDF,RG,6450,27,F,KZ,AK,F
14:48:35,INDF,RG,6450,6,F,RX,AK,F
14:48:34,INDF,RG,6450,18,F,KZ,AK,F
14:48:30,INDF,RG,6450,1,F,AK,AK,F
14:48:30,INDF,RG,6425,3,F,CC,AK,F
14:48:30,INDF,RG,6425,2,D,YP,AK,F
14:48:30,INDF,RG,6450,6,F,KZ,AK,F
14:48:30,INDF,RG,6450,9,F,KZ,AK,F
14:48:30,INDF,RG,6450,1,F,AK,AK,F
14:48:30,INDF,RG,6450,1,F,AK,AK,F
14:48:27,INDF,RG,6425,4,F,CC,AK,F
14:48:27,INDF,RG,6450,7,F,KZ,BK,F
14:48:27,INDF,RG,6450,2,F,KZ,YU,F
14:48:27,INDF,RG,6450,3,F,KZ,BB,F
14:48:26,INDF,RG,6425,5,F,CC,AK,F
14:48:26,INDF,RG,6450,8,F,RX,BB,F
14:48:24,INDF,RG,6450,4,F,RX,BB,F
14:48:24,INDF,RG,6450,3,F,RX,AK,F
14:48:24,INDF,RG,6450,1,F,AK,AK,F
14:48:24,INDF,RG,6450,8,F,KZ,AK,F
14:48:23,INDF,RG,6450,15,D,PD,AK,F
14:48:22,INDF,RG,6425,9,F,CC,AK,F
14:48:22,INDF,RG,6450,14,F,KZ,AK,F
14:48:19,INDF,RG,6425,1,F,CC,BB,F
14:48:19,INDF,RG,6450,23,F,KZ,AK,F
14:48:16,INDF,RG,6450,6,F,RX,AK,F
14:48:15,INDF,RG,6450,1,F,AK,AK,F
14:48:14,INDF,RG,6425,3,F,CC,PD,D
14:48:14,INDF,RG,6450,1,F,AK,AK,F
14:48:14,INDF,RG,6450,5,F,KZ,AK,F
14:48:14,INDF,RG,6450,7,F,RX,AK,F
14:48:14,INDF,RG,6425,2,F,CC,BB,F
14:48:14,INDF,RG,6450,1,F,AK,AK,F
14:48:13,INDF,RG,6425,54,F,CC,AK,F
14:48:13,INDF,RG,6450,14,F,KZ,AK,F
14:48:10,INDF,RG,6450,18,F,KZ,AK,F
14:48:08,INDF,RG,6450,12,F,RX,AK,F
14:48:07,INDF,RG,6425,13,F,CC,BB,F
14:48:07,INDF,RG,6450,1,F,AK,AK,F
14:48:06,INDF,RG,6450,11,F,KZ,AK,F
14:48:06,INDF,RG,6450,7,F,RX,AK,F
14:48:04,INDF,RG,6450,14,F,KZ,AK,F
14:48:01,INDF,RG,6450,14,F,KZ,AK,F
14:48:00,INDF,RG,6450,1,F,AK,AK,F
14:47:58,INDF,RG,6450,14,F,KZ,AK,F
14:47:56,INDF,RG,6450,1,F,AK,AK,F
14:47:55,INDF,RG,6450,2,F,ZP,AK,F
14:47:55,INDF,RG,6450,23,F,KZ,AK,F
14:47:52,INDF,RG,6450,8,F,RX,AK,F
14:47:50,INDF,RG,6450,20,F,KZ,AK,F
14:47:50,INDF,RG,6450,5,F,RX,AK,F
14:47:46,INDF,RG,6450,1,F,AK,AK,F
14:47:46,INDF,RG,6450,19,F,KZ,AK,F
14:47:46,INDF,RG,6450,1,F,CS,AK,F
14:47:42,INDF,RG,6450,23,F,KZ,AK,F
14:47:42,INDF,RG,6450,5,F,RX,AK,F
14:47:40,INDF,RG,6450,6,F,RX,AK,F
14:47:38,INDF,RG,6450,1,F,AK,AK,F
14:47:37,INDF,RG,6450,14,F,KZ,AK,F
14:47:36,INDF,RG,6450,4,F,CS,AK,F
14:47:34,INDF,RG,6450,20,F,KZ,AK,F
14:47:34,INDF,RG,6450,11,F,BK,AK,F
14:47:32,INDF,RG,6450,6,F,RX,AK,F
14:47:30,INDF,RG,6450,10,F,KZ,AK,F
14:47:30,INDF,RG,6450,6,F,RX,AK,F
14:47:28,INDF,RG,6450,13,F,KZ,AK,F
14:47:27,INDF,RG,6425,9,F,CC,BK,F
14:47:27,INDF,RG,6425,1,F,AK,BK,F
14:47:27,INDF,RG,6425,1,F,AK,BK,F
14:47:26,INDF,RG,6450,4,F,CS,AK,F
14:47:25,INDF,RG,6450,10,F,KZ,AK,F
14:47:23,INDF,RG,6450,18,F,KZ,AK,F
14:47:23,INDF,RG,6450,11,F,RX,AK,F
14:47:21,INDF,RG,6450,1,F,AK,AK,F
14:47:20,INDF,RG,6450,2,F,RX,AK,F
14:47:19,INDF,RG,6450,19,F,KZ,AK,F
14:47:15,INDF,RG,6425,1,F,AK,AK,F
14:47:15,INDF,RG,6425,5,D,XC,AK,F
14:47:15,INDF,RG,6450,14,F,KZ,AK,F
14:47:15,INDF,RG,6450,5,F,CS,AK,F
14:47:12,INDF,RG,6450,24,F,KZ,AK,F
14:47:12,INDF,RG,6425,2,F,AK,BB,F
14:47:07,INDF,RG,6450,14,F,KZ,AK,F
14:47:04,INDF,RG,6450,28,F,KZ,AK,F
14:47:04,INDF,RG,6450,27,D,YP,AK,F
14:46:58,INDF,RG,6450,29,F,KZ,AK,F
14:46:53,INDF,RG,6425,10,F,BK,YU,D
14:46:52,INDF,RG,6450,28,F,KZ,AK,F
14:46:46,INDF,RG,6450,14,F,KZ,AK,F
14:46:43,INDF,RG,6450,14,F,KZ,AK,F
14:46:40,INDF,RG,6450,14,F,KZ,AK,F
14:46:37,INDF,RG,6450,29,F,KZ,AK,F
14:46:31,INDF,RG,6450,28,F,KZ,AK,F
14:46:26,INDF,RG,6425,2,F,AK,YU,F
14:46:25,INDF,RG,6450,14,F,KZ,AK,F
14:46:25,INDF,RG,6425,3,F,AK,YU,F
14:46:22,INDF,RG,6450,29,F,KZ,AK,F
14:46:16,INDF,RG,6450,14,F,KZ,AK,F
14:46:14,INDF,RG,6450,1,F,AK,AK,F
14:46:13,INDF,RG,6450,14,F,KZ,AK,F
14:46:10,INDF,RG,6450,28,F,KZ,AK,F
14:46:05,INDF,RG,6450,1,F,AK,AK,F
14:46:04,INDF,RG,6450,29,F,KZ,AK,F
14:45:58,INDF,RG,6450,14,F,KZ,AK,F
14:45:55,INDF,RG,6450,14,F,KZ,AK,F
14:45:52,INDF,RG,6450,28,F,KZ,AK,F
14:45:46,INDF,RG,6450,14,F,KZ,AK,F
14:45:43,INDF,RG,6450,15,F,KZ,AK,F
14:45:40,INDF,RG,6450,24,F,KZ,AK,F
14:45:36,INDF,RG,6425,1,F,AK,YP,D
14:45:31,INDF,RG,6450,1,F,AK,AK,F
14:45:31,INDF,RG,6450,14,F,KZ,AK,F
14:45:30,INDF,RG,6450,11,F,AK,AK,F
14:45:30,INDF,RG,6450,11,F,AK,AK,F
14:45:30,INDF,RG,6450,10,F,AK,AK,F
14:45:30,INDF,RG,6450,9,F,CS,AK,F
14:45:30,INDF,RG,6450,3,F,CS,AK,F
14:45:30,INDF,RG,6450,2,F,AK,AK,F
14:45:30,INDF,RG,6450,4,F,AK,AK,F
14:45:30,INDF,RG,6450,20,F,AK,AK,F
14:45:30,INDF,RG,6450,2,F,AK,AK,F
14:45:30,INDF,RG,6450,2,F,AK,AK,F
14:45:30,INDF,RG,6450,25,D,YP,AK,F
14:45:30,INDF,RG,6450,2,F,ZP,AK,F
14:45:30,INDF,RG,6450,13,F,ZP,AK,F
14:45:30,INDF,RG,6450,8,F,RX,AK,F
14:45:30,INDF,RG,6450,13,F,KZ,AK,F
14:45:30,INDF,RG,6450,10,F,BK,AK,F
14:45:30,INDF,RG,6450,19,F,RX,AK,F
14:45:30,INDF,RG,6450,10,F,BK,AK,F
14:45:30,INDF,RG,6450,20,F,ZP,AK,F
14:45:30,INDF,RG,6450,2,F,ZP,AK,F
14:45:30,INDF,RG,6450,14,F,RX,AK,F
14:45:30,INDF,RG,6450,11,F,CS,AK,F
14:45:30,INDF,RG,6450,7,F,CS,AK,F
14:45:30,INDF,RG,6450,79,F,RX,AK,F
14:45:30,INDF,RG,6475,1,F,AK,YP,D
14:45:30,INDF,RG,6450,3,F,RX,AK,F
14:45:30,INDF,RG,6475,15,F,AK,YP,D
14:45:30,INDF,RG,6475,2,F,AK,BK,F
14:45:30,INDF,RG,6475,3,F,AK,BK,F
14:45:29,INDF,RG,6450,1,F,RX,AK,F
14:45:29,INDF,RG,6475,5,F,KZ,BK,F
14:45:29,INDF,RG,6450,4,F,RX,AK,F
14:45:28,INDF,RG,6475,3,F,KZ,BK,F
14:45:28,INDF,RG,6475,3,F,KZ,CC,D
14:45:28,INDF,RG,6475,10,F,KZ,PD,D
14:45:28,INDF,RG,6475,5,F,KZ,AK,F
14:45:28,INDF,RG,6475,3,F,KZ,OD,D
14:45:28,INDF,RG,6475,5,F,KZ,PD,D
14:45:23,INDF,RG,6475,1,F,AK,PD,D
14:45:22,INDF,RG,6450,2,F,RX,AK,F
14:45:22,INDF,RG,6475,1,F,KZ,PD,D
14:45:22,INDF,RG,6475,13,F,KZ,AK,F
14:45:19,INDF,RG,6450,2,F,RX,AK,F
14:45:19,INDF,RG,6475,14,F,KZ,AK,F
14:45:16,INDF,RG,6450,1,F,RX,AK,F
14:45:16,INDF,RG,6475,13,F,KZ,AK,F
14:45:14,INDF,RG,6475,1,F,AK,AK,F
14:45:13,INDF,RG,6450,3,F,RX,AK,F
14:45:13,INDF,RG,6450,1,F,KZ,AK,F
14:45:13,INDF,RG,6475,24,F,KZ,AK,F
14:45:07,INDF,RG,6450,4,F,KZ,AK,F
14:45:07,INDF,RG,6475,28,F,KZ,AK,F
14:45:02,INDF,RG,6450,1,F,KZ,AK,F
14:45:02,INDF,RG,6450,3,F,BK,AK,F
14:45:02,INDF,RG,6475,1,F,AK,AK,F
14:45:01,INDF,RG,6450,9,F,BK,YU,F
14:45:01,INDF,RG,6450,7,F,BK,YU,F
14:45:01,INDF,RG,6475,14,F,KZ,AK,F
14:44:59,INDF,RG,6450,2,F,BK,AK,F
14:44:58,INDF,RG,6475,14,F,KZ,AK,F
14:44:55,INDF,RG,6450,2,F,BK,AK,F
14:44:55,INDF,RG,6475,19,F,KZ,AK,F
14:44:51,INDF,RG,6450,1,F,BK,AK,F
14:44:51,INDF,RG,6450,1,F,CS,AK,F
14:44:51,INDF,RG,6475,9,F,KZ,AK,F
14:44:51,INDF,RG,6450,2,F,CS,AK,F
14:44:50,INDF,RG,6475,1,F,AK,AK,F
14:44:49,INDF,RG,6475,15,F,KZ,AK,F
14:44:46,INDF,RG,6450,2,F,CS,AK,F
14:44:46,INDF,RG,6450,1,F,ZP,AK,F
14:44:46,INDF,RG,6475,20,F,KZ,AK,F
14:44:41,INDF,RG,6450,2,F,ZP,AK,F
14:44:40,INDF,RG,6475,20,F,KZ,AK,F
14:44:35,INDF,RG,6450,1,F,ZP,AK,F
14:44:35,INDF,RG,6475,1,F,AK,AK,F
14:44:34,INDF,RG,6450,2,F,ZP,AK,F
14:44:34,INDF,RG,6475,19,F,KZ,AK,F
14:44:29,INDF,RG,6450,2,F,ZP,AK,F
14:44:28,INDF,RG,6475,10,F,KZ,AK,F
14:44:25,INDF,RG,6450,2,F,ZP,AK,F
14:44:25,INDF,RG,6475,20,F,KZ,AK,F
14:44:20,INDF,RG,6450,1,F,ZP,AK,F
14:44:20,INDF,RG,6475,1,F,AK,AK,F
14:44:19,INDF,RG,6450,1,F,ZP,AK,F
14:44:19,INDF,RG,6475,12,F,KZ,AK,F
14:44:17,INDF,RG,6450,3,F,ZP,AK,F
14:44:15,INDF,RG,6475,18,F,KZ,AK,F
14:44:15,INDF,RG,6450,1,F,ZP,YP,D
14:44:15,INDF,RG,6450,5,F,CS,YP,D
14:44:10,INDF,RG,6475,8,F,KZ,AK,F
14:44:08,INDF,RG,6475,1,F,AK,AK,F
14:44:08,INDF,RG,6475,11,F,KZ,AK,F
14:44:07,INDF,RG,6475,14,F,KZ,AK,F
14:44:04,INDF,RG,6475,1,F,CS,AK,F
14:44:04,INDF,RG,6450,3,F,KZ,AK,F
14:44:04,INDF,RG,6450,1,F,KZ,AK,F
14:44:04,INDF,RG,6450,2,F,KZ,YU,F
14:43:58,INDF,RG,6450,1,F,AK,AK,F
14:43:58,INDF,RG,6450,3,F,AK,BB,F
14:43:58,INDF,RG,6450,3,F,AK,AK,F
14:43:58,INDF,RG,6450,6,F,CS,AK,F
14:43:58,INDF,RG,6450,14,F,KZ,AK,F
14:43:54,INDF,RG,6450,12,F,AK,AK,F
14:43:54,INDF,RG,6450,2,F,AK,AK,F
14:43:54,INDF,RG,6450,4,F,KZ,AK,F
14:43:54,INDF,RG,6450,2,F,KZ,AK,F
14:43:54,INDF,RG,6450,1,F,AK,AK,F
14:43:53,INDF,RG,6450,11,F,BK,AK,F
14:43:52,INDF,RG,6450,10,F,KZ,AK,F
14:43:49,INDF,RG,6450,10,F,KZ,AK,F
14:43:46,INDF,RG,6450,10,F,KZ,AK,F
14:43:43,INDF,RG,6450,19,F,KZ,AK,F
14:43:38,INDF,RG,6450,1,F,AK,AK,F
14:43:37,INDF,RG,6450,14,F,KZ,AK,F
14:43:33,INDF,RG,6450,6,F,KZ,AK,F
14:43:33,INDF,RG,6450,1,F,AK,AK,F
14:43:32,INDF,RG,6450,51,F,ZP,AK,F
14:43:32,INDF,RG,6450,4,F,ZP,AK,F
14:43:31,INDF,RG,6450,20,F,KZ,AK,F
14:43:31,INDF,RG,6450,6,F,CS,AK,F
14:43:25,INDF,RG,6450,6,F,KZ,AK,F
14:43:23,INDF,RG,6450,4,F,KZ,AK,F
14:43:23,INDF,RG,6450,1,F,AK,AK,F
14:43:22,INDF,RG,6450,20,F,KZ,AK,F
14:43:16,INDF,RG,6450,8,F,KZ,AK,F
14:43:16,INDF,RG,6450,11,F,KZ,BB,F
14:43:10,INDF,RG,6450,4,F,KZ,BB,F
14:43:10,INDF,RG,6450,6,F,KZ,BK,F
14:43:07,INDF,RG,6450,6,F,KZ,BK,F
14:43:07,INDF,RG,6450,4,F,KZ,AK,F
14:43:04,INDF,RG,6450,10,F,KZ,AK,F
14:43:01,INDF,RG,6450,10,F,KZ,AK,F
14:42:59,INDF,RG,6450,1,F,AK,AK,F
14:42:59,INDF,RG,6450,7,F,CS,AK,F
14:42:58,INDF,RG,6450,10,F,KZ,AK,F
14:42:55,INDF,RG,6450,18,F,KZ,AK,F
14:42:55,INDF,RG,6450,2,F,KZ,AK,F
14:42:49,INDF,RG,6450,10,F,KZ,AK,F
14:42:46,INDF,RG,6450,9,F,KZ,AK,F
14:42:44,INDF,RG,6450,1,F,AK,AK,F
14:42:43,INDF,RG,6450,1,D,XC,AK,F
14:42:43,INDF,RG,6450,20,F,KZ,AK,F
14:42:37,INDF,RG,6450,10,F,KZ,AK,F
14:42:34,INDF,RG,6450,10,F,KZ,AK,F
14:42:31,INDF,RG,6450,10,F,KZ,AK,F
14:42:28,INDF,RG,6450,10,F,KZ,AK,F
14:42:26,INDF,RG,6450,1,F,AK,AK,F
14:42:25,INDF,RG,6450,10,F,KZ,AK,F
14:42:22,INDF,RG,6450,19,F,KZ,AK,F
14:42:16,INDF,RG,6450,20,F,KZ,AK,F
14:42:10,INDF,RG,6450,20,F,KZ,AK,F
14:42:05,INDF,RG,6450,1,F,AK,AK,F
14:42:04,INDF,RG,6450,10,F,KZ,AK,F
14:42:01,INDF,RG,6450,10,F,KZ,AK,F
14:41:58,INDF,RG,6450,5,F,KZ,AK,F
14:41:58,INDF,RG,6450,5,F,KZ,AK,F
14:41:55,INDF,RG,6450,2,F,KZ,AK,F
14:41:55,INDF,RG,6450,1,F,KZ,HP,D
14:41:55,INDF,RG,6450,2,F,KZ,YU,F
14:41:55,INDF,RG,6450,10,F,KZ,PD,D
14:41:55,INDF,RG,6450,1,F,KZ,AK,F
14:41:55,INDF,RG,6450,3,F,KZ,BK,F
14:41:50,INDF,RG,6450,1,F,AK,BK,F
14:41:49,INDF,RG,6450,8,F,KZ,BK,F
14:41:49,INDF,RG,6450,4,F,KZ,AK,F
14:41:49,INDF,RG,6450,2,F,KZ,YU,F
14:41:49,INDF,RG,6450,5,F,KZ,AK,F
14:41:49,INDF,RG,6450,1,F,KZ,AK,F
14:41:43,INDF,RG,6450,20,F,KZ,AK,F
14:41:37,INDF,RG,6450,20,F,KZ,AK,F
14:41:32,INDF,RG,6450,1,F,AK,AK,F
14:41:31,INDF,RG,6450,20,F,KZ,AK,F
14:41:25,INDF,RG,6450,9,F,KZ,AK,F
14:41:22,INDF,RG,6450,10,F,KZ,AK,F
14:41:20,INDF,RG,6450,1,F,AK,AK,F
14:41:19,INDF,RG,6425,8,F,AK,AK,F
14:41:19,INDF,RG,6425,2,F,AK,AK,F
14:41:19,INDF,RG,6425,13,F,AK,AK,F
14:41:19,INDF,RG,6450,23,F,KZ,AK,F
14:41:05,INDF,RG,6450,2,F,AK,AK,F
14:41:05,INDF,RG,6450,13,F,KZ,AK,F
14:41:05,INDF,RG,6450,50,F,CC,AK,F
14:41:05,INDF,RG,6450,16,F,RX,AK,F
14:41:05,INDF,RG,6450,11,F,BK,AK,F
14:41:05,INDF,RG,6450,14,F,KZ,AK,F
14:41:05,INDF,RG,6450,8,F,CS,AK,F
14:41:05,INDF,RG,6450,19,F,RX,AK,F
14:41:05,INDF,RG,6450,3,F,BK,AK,F
14:41:05,INDF,RG,6475,12,F,AK,AK,F
14:41:04,INDF,RG,6450,3,F,BK,AK,F
14:41:04,INDF,RG,6475,21,F,KZ,AK,F
14:40:58,INDF,RG,6450,2,F,BK,AK,F
14:40:58,INDF,RG,6475,1,F,AK,AK,F
14:40:58,INDF,RG,6475,8,F,KZ,AK,F
14:40:57,INDF,RG,6475,1,D,PD,AK,F
14:40:56,INDF,RG,6450,1,F,BK,AK,F
14:40:55,INDF,RG,6475,10,F,KZ,AK,F
14:40:53,INDF,RG,6450,2,F,BK,AK,F
14:40:52,INDF,RG,6475,10,F,KZ,AK,F
14:40:50,INDF,RG,6475,1,F,AK,AK,F
14:40:50,INDF,RG,6450,1,F,BK,AK,F
14:40:50,INDF,RG,6450,8,F,BK,AK,F
14:40:50,INDF,RG,6475,64,F,AK,AK,F
14:40:49,INDF,RG,6450,2,F,BK,AK,F
14:40:49,INDF,RG,6475,19,F,KZ,AK,F
14:40:43,INDF,RG,6450,1,F,ZP,AK,F
14:40:43,INDF,RG,6450,1,F,AK,AK,F
14:40:43,INDF,RG,6450,1,F,KZ,AK,F
14:40:43,INDF,RG,6475,1,F,KZ,AK,F
14:40:43,INDF,RG,6475,1,F,KZ,XC,D
14:40:43,INDF,RG,6475,6,F,KZ,PD,D
14:40:43,INDF,RG,6475,10,F,KZ,PD,D
14:40:43,INDF,RG,6475,2,F,KZ,XC,D
14:40:43,INDF,RG,6475,1,F,KZ,PD,D
14:40:36,INDF,RG,6475,2,F,AK,PD,D
14:40:35,INDF,RG,6450,9,F,KZ,AK,F
14:40:35,INDF,RG,6450,5,F,CS,AK,F
14:40:35,INDF,RG,6450,7,F,CS,AK,F
14:40:35,INDF,RG,6450,24,F,ZP,AK,F
14:40:35,INDF,RG,6450,7,F,CS,AK,F
14:40:35,INDF,RG,6450,6,F,CS,AK,F
14:40:35,INDF,RG,6450,8,F,CS,AK,F
14:40:35,INDF,RG,6450,48,F,RX,AK,F
14:40:34,INDF,RG,6450,2,F,RX,AK,F
14:40:34,INDF,RG,6475,12,F,KZ,PD,D
14:40:34,INDF,RG,6475,1,F,KZ,EP,D
14:40:31,INDF,RG,6450,1,F,RX,AK,F
14:40:30,INDF,RG,6475,10,F,KZ,KK,D
14:40:30,INDF,RG,6450,3,F,RX,AK,F
14:40:30,INDF,RG,6475,12,F,AK,KK,D
14:40:27,INDF,RG,6475,1,F,AK,KK,D
14:40:27,INDF,RG,6475,3,F,AK,KK,D
14:40:27,INDF,RG,6450,30,F,RX,AK,F
14:40:27,INDF,RG,6475,19,F,KZ,KK,D
14:40:27,INDF,RG,6450,200,F,RX,AK,F
14:40:21,INDF,RG,6475,4,F,AK,KK,D
14:40:21,INDF,RG,6450,26,F,RX,AK,F
14:40:21,INDF,RG,6450,2,F,CS,AK,F
14:40:21,INDF,RG,6450,1,F,CS,AK,F
14:40:21,INDF,RG,6450,6,F,CS,AK,F
14:40:21,INDF,RG,6450,2,F,CS,AK,F
14:40:21,INDF,RG,6450,100,F,CC,AK,F
14:40:21,INDF,RG,6450,7,F,KZ,AK,F
14:40:21,INDF,RG,6450,17,F,BK,AK,F
14:40:21,INDF,RG,6450,34,F,BK,AK,F
14:40:21,INDF,RG,6450,10,F,CS,AK,F
14:40:21,INDF,RG,6450,1,F,CS,AK,F
14:40:21,INDF,RG,6450,22,F,ZP,AK,F
14:40:19,INDF,RG,6475,17,F,KZ,KK,D
14:40:14,INDF,RG,6475,13,F,KZ,KK,D
14:40:14,INDF,RG,6475,1,F,AK,KK,D
14:40:13,INDF,RG,6475,5,F,RX,KK,D
14:40:11,INDF,RG,6475,4,F,RX,KK,D
14:40:10,INDF,RG,6475,11,F,KZ,KK,D
14:40:10,INDF,RG,6475,6,F,KZ,CP,D
14:40:10,INDF,RG,6475,5,F,KZ,DH,D
14:40:03,INDF,RG,6475,17,F,KZ,DH,D
14:40:03,INDF,RG,6475,14,F,RX,DH,D
14:39:59,INDF,RG,6475,1,F,AK,DH,D
14:39:58,INDF,RG,6475,10,F,KZ,DH,D
14:39:55,INDF,RG,6475,18,F,KZ,DH,D
14:39:50,INDF,RG,6475,16,F,KZ,DH,D
14:39:49,INDF,RG,6475,10,F,KZ,DH,D
14:39:45,INDF,RG,6450,1,F,KZ,AK,F
14:39:45,INDF,RG,6450,1,F,KZ,AK,F
14:39:45,INDF,RG,6450,2,F,KZ,AK,F
14:39:45,INDF,RG,6450,2,F,KZ,AK,F
14:39:44,INDF,RG,6450,1,F,AK,AK,F
14:39:44,INDF,RG,6450,1,F,CS,AK,F
14:39:44,INDF,RG,6450,7,F,RX,PD,D
14:39:44,INDF,RG,6450,2,F,RX,AK,F
14:39:44,INDF,RG,6450,4,F,RX,BB,F
14:39:40,INDF,RG,6450,2,F,CS,AK,F
14:39:40,INDF,RG,6450,1,F,KZ,AK,F
14:39:40,INDF,RG,6450,3,F,KZ,AK,F
14:39:40,INDF,RG,6450,15,F,KZ,AK,F
14:39:35,INDF,RG,6425,1,F,ZP,AK,F
14:39:34,INDF,RG,6450,10,F,KZ,AK,F
14:39:32,INDF,RG,6425,1,F,ZP,AK,F
14:39:32,INDF,RG,6450,1,F,AK,AK,F
14:39:31,INDF,RG,6450,2,F,CS,AK,F
14:39:31,INDF,RG,6425,2,F,ZP,AK,F
14:39:31,INDF,RG,6450,12,F,KZ,BB,F
14:39:31,INDF,RG,6450,2,F,KZ,YU,F
14:39:27,INDF,RG,6425,2,F,ZP,AK,F
14:39:27,INDF,RG,6450,2,F,CS,AK,F
14:39:27,INDF,RG,6450,16,F,KZ,AK,F
14:39:26,INDF,RG,6450,3,F,RX,AK,F
14:39:26,INDF,RG,6450,3,F,RX,XC,D
14:39:26,INDF,RG,6450,3,F,RX,AK,F
14:39:26,INDF,RG,6450,1,F,RX,AK,F
14:39:22,INDF,RG,6450,8,F,KZ,AK,F
14:39:22,INDF,RG,6450,2,F,KZ,BK,F
14:39:19,INDF,RG,6450,3,F,ZP,BK,F
14:39:19,INDF,RG,6450,2,F,CS,BK,F
14:39:19,INDF,RG,6450,3,F,KZ,BK,F
14:39:19,INDF,RG,6450,7,F,KZ,AK,F
14:39:17,INDF,RG,6450,1,F,AK,AK,F
14:39:16,INDF,RG,6450,19,F,KZ,AK,F
14:39:10,INDF,RG,6450,10,F,KZ,AK,F
14:39:07,INDF,RG,6450,4,F,CS,AK,F
14:39:07,INDF,RG,6450,20,F,KZ,AK,F
14:39:02,INDF,RG,6425,2,F,ZP,AK,F
14:39:02,INDF,RG,6450,1,F,AK,AK,F
14:39:01,INDF,RG,6450,20,F,KZ,AK,F
14:38:55,INDF,RG,6450,5,F,CS,AK,F
14:38:55,INDF,RG,6450,9,F,RX,AK,F
14:38:55,INDF,RG,6450,10,F,KZ,BB,F
14:38:53,INDF,RG,6450,5,F,RX,BB,F
14:38:52,INDF,RG,6450,10,F,KZ,BB,F
14:38:50,INDF,RG,6450,1,F,AK,BB,F
14:38:49,INDF,RG,6425,1,F,ZP,AK,F
14:38:49,INDF,RG,6450,1,F,KZ,BB,F
14:38:49,INDF,RG,6450,18,F,KZ,AK,F
14:38:47,INDF,RG,6450,11,F,BK,AK,F
14:38:43,INDF,RG,6450,7,F,CS,AK,F
14:38:43,INDF,RG,6450,20,F,KZ,AK,F
14:38:38,INDF,RG,6425,1,F,ZP,AK,F
14:38:38,INDF,RG,6450,1,F,AK,AK,F
14:38:37,INDF,RG,6450,20,F,KZ,AK,F
14:38:31,INDF,RG,6450,16,F,KZ,AK,F
14:38:26,INDF,RG,6425,1,F,ZP,AK,F
14:38:26,INDF,RG,6450,14,F,KZ,AK,F
14:38:26,INDF,RG,6450,7,F,RX,AK,F
14:38:24,INDF,RG,6450,4,F,RX,AK,F
14:38:22,INDF,RG,6450,19,F,KZ,AK,F
14:38:18,INDF,RG,6450,1,F,AK,AK,F
14:38:17,INDF,RG,6425,1,F,ZP,AK,F
14:38:16,INDF,RG,6450,11,F,KZ,AK,F
14:38:16,INDF,RG,6450,9,F,KZ,YU,F
14:38:10,INDF,RG,6425,1,F,ZP,AK,F
14:38:10,INDF,RG,6450,5,F,KZ,YU,F
14:38:10,INDF,RG,6450,2,F,KZ,YU,F
14:38:10,INDF,RG,6450,5,F,KZ,YB,D
14:38:10,INDF,RG,6450,8,F,KZ,AK,F
14:38:04,INDF,RG,6450,2,F,KZ,AK,F
14:38:04,INDF,RG,6450,8,F,KZ,BK,F
14:38:02,INDF,RG,6450,1,F,AK,BK,F
14:38:01,INDF,RG,6450,14,F,KZ,BK,F
14:37:57,INDF,RG,6450,6,F,KZ,BK,F
14:37:56,INDF,RG,6425,1,F,ZP,AK,F
14:37:55,INDF,RG,6450,9,F,CS,BK,F
14:37:55,INDF,RG,6450,10,F,KZ,BK,F
14:37:55,INDF,RG,6450,6,F,RX,BK,F
14:37:53,INDF,RG,6450,4,F,RX,BK,F
14:37:52,INDF,RG,6450,9,F,KZ,BK,F
14:37:50,INDF,RG,6425,1,F,ZP,AK,F
14:37:50,INDF,RG,6450,1,F,AK,BK,F
14:37:49,INDF,RG,6450,20,F,KZ,BK,F
14:37:43,INDF,RG,6450,20,F,KZ,BK,F
14:37:37,INDF,RG,6450,20,F,KZ,BK,F
14:37:32,INDF,RG,6450,1,F,AK,BK,F
14:37:31,INDF,RG,6450,2,F,KZ,BK,F
14:37:31,INDF,RG,6450,5,F,KZ,GR,D
14:37:31,INDF,RG,6450,12,F,KZ,BK,F
14:37:31,INDF,RG,6450,1,F,KZ,KK,D
14:37:25,INDF,RG,6450,24,F,RX,KK,D
14:37:25,INDF,RG,6450,1,F,KZ,AK,F
14:37:25,INDF,RG,6450,12,F,KZ,AK,F
14:37:24,INDF,RG,6450,2,F,AK,AK,F
14:37:23,INDF,RG,6450,14,F,ZP,AK,F
14:37:23,INDF,RG,6450,56,F,ZP,AK,F
14:37:23,INDF,RG,6450,10,F,ZP,AK,F
14:37:23,INDF,RG,6450,15,F,ZP,YU,F
14:37:23,INDF,RG,6450,15,F,ZP,BB,F
14:37:23,INDF,RG,6450,6,F,ZP,AK,F
14:37:23,INDF,RG,6450,4,F,RX,AK,F
14:37:23,INDF,RG,6450,8,F,CS,AK,F
14:37:21,INDF,RG,6450,6,F,KZ,AK,F
14:37:21,INDF,RG,6450,1,F,AK,AK,F
14:37:20,INDF,RG,6450,10,F,BK,AK,F
14:37:19,INDF,RG,6450,20,F,KZ,AK,F
14:37:13,INDF,RG,6450,10,F,KZ,AK,F
14:37:10,INDF,RG,6450,20,F,KZ,AK,F
14:37:05,INDF,RG,6450,1,F,AK,AK,F
14:37:04,INDF,RG,6450,8,F,CS,AK,F
14:37:04,INDF,RG,6450,10,F,KZ,AK,F
14:37:01,INDF,RG,6450,10,F,KZ,AK,F
14:36:58,INDF,RG,6450,19,F,KZ,AK,F
14:36:52,INDF,RG,6450,20,F,KZ,AK,F
14:36:47,INDF,RG,6450,1,F,AK,AK,F
14:36:46,INDF,RG,6450,10,F,KZ,AK,F
14:36:44,INDF,RG,6450,9,F,RX,AK,F
14:36:43,INDF,RG,6450,10,F,KZ,AK,F
14:36:41,INDF,RG,6450,1,F,AK,AK,F
14:36:40,INDF,RG,6425,18,F,ZP,BB,F
14:36:40,INDF,RG,6425,1,D,PD,BB,F
14:36:40,INDF,RG,6425,1,D,YP,BB,F
14:36:40,INDF,RG,6425,2,D,YP,BB,F
14:36:40,INDF,RG,6450,20,F,KZ,AK,F
14:36:36,INDF,RG,6425,1,D,YP,YU,F
14:36:34,INDF,RG,6450,10,F,KZ,AK,F
14:36:31,INDF,RG,6450,19,F,KZ,AK,F
14:36:30,INDF,RG,6450,2,F,AK,AK,F
14:36:29,INDF,RG,6450,7,F,RX,AK,F
14:36:27,INDF,RG,6450,4,F,RX,AK,F
14:36:25,INDF,RG,6450,10,F,KZ,AK,F
14:36:23,INDF,RG,6450,1,F,AK,AK,F
14:36:22,INDF,RG,6450,10,F,KZ,AK,F
14:36:19,INDF,RG,6450,15,F,KZ,AK,F
14:36:14,INDF,RG,6450,15,F,KZ,AK,F
14:36:14,INDF,RG,6450,12,F,CS,AK,F
14:36:11,INDF,RG,6450,1,F,AK,AK,F
14:36:10,INDF,RG,6450,20,F,KZ,AK,F
14:36:04,INDF,RG,6450,19,F,KZ,AK,F
14:35:58,INDF,RG,6450,10,F,KZ,AK,F
14:35:55,INDF,RG,6450,10,F,KZ,AK,F
14:35:53,INDF,RG,6450,1,F,AK,AK,F
14:35:52,INDF,RG,6450,20,F,KZ,AK,F
14:35:46,INDF,RG,6450,10,F,KZ,AK,F
14:35:43,INDF,RG,6450,10,F,KZ,AK,F
14:35:40,INDF,RG,6450,9,F,KZ,AK,F
14:35:37,INDF,RG,6450,20,F,KZ,AK,F
14:35:31,INDF,RG,6450,10,F,KZ,AK,F
14:35:29,INDF,RG,6450,1,F,AK,AK,F
14:35:28,INDF,RG,6450,20,F,KZ,AK,F
14:35:22,INDF,RG,6450,10,F,KZ,AK,F
14:35:19,INDF,RG,6450,20,F,KZ,AK,F
14:35:13,INDF,RG,6450,9,F,KZ,AK,F
14:35:11,INDF,RG,6450,1,F,AK,AK,F
14:35:10,INDF,RG,6450,20,F,KZ,AK,F
14:35:04,INDF,RG,6450,10,F,KZ,AK,F
14:35:01,INDF,RG,6450,10,F,KZ,AK,F
14:34:58,INDF,RG,6450,13,F,KZ,AK,F
14:34:58,INDF,RG,6450,7,F,KZ,AK,F
14:34:55,INDF,RG,6450,1,F,AK,AK,F
14:34:54,INDF,RG,6450,15,F,CS,AK,F
14:34:52,INDF,RG,6450,10,F,KZ,AK,F
14:34:49,INDF,RG,6450,13,F,KZ,AK,F
14:34:45,INDF,RG,6450,6,F,KZ,AK,F
14:34:45,INDF,RG,6450,3,F,AK,AK,F
14:34:43,INDF,RG,6450,10,F,KZ,AK,F
14:34:40,INDF,RG,6450,10,F,KZ,AK,F
14:34:38,INDF,RG,6450,1,F,AK,AK,F
14:34:37,INDF,RG,6450,10,F,KZ,AK,F
14:34:34,INDF,RG,6450,20,F,KZ,AK,F
14:34:28,INDF,RG,6450,10,F,KZ,AK,F
14:34:25,INDF,RG,6450,10,F,KZ,AK,F
14:34:23,INDF,RG,6450,1,F,AK,AK,F
14:34:22,INDF,RG,6450,19,F,KZ,AK,F
14:34:16,INDF,RG,6450,10,F,KZ,AK,F
14:34:13,INDF,RG,6450,20,F,KZ,AK,F
14:34:07,INDF,RG,6450,20,F,KZ,AK,F
14:34:02,INDF,RG,6450,1,F,AK,AK,F
14:34:01,INDF,RG,6450,18,F,KZ,AK,F
14:33:55,INDF,RG,6450,18,F,KZ,AK,F
14:33:49,INDF,RG,6450,9,F,KZ,AK,F
14:33:46,INDF,RG,6450,9,F,KZ,AK,F
14:33:44,INDF,RG,6450,1,F,AK,AK,F
14:33:43,INDF,RG,6450,18,F,KZ,AK,F
14:33:37,INDF,RG,6450,18,F,KZ,AK,F
14:33:33,INDF,RG,6425,11,D,YP,BB,F
14:33:31,INDF,RG,6450,9,F,KZ,AK,F
14:33:28,INDF,RG,6450,18,F,KZ,AK,F
14:33:23,INDF,RG,6450,1,F,AK,AK,F
14:33:22,INDF,RG,6450,1,F,KZ,AK,F
14:33:22,INDF,RG,6450,9,F,KZ,AK,F
14:33:22,INDF,RG,6450,8,F,KZ,BK,F
14:33:16,INDF,RG,6450,13,F,KZ,BK,F
14:33:12,INDF,RG,6450,6,F,KZ,BK,F
14:33:12,INDF,RG,6450,8,F,KZ,AK,F
14:33:11,INDF,RG,6450,10,D,CC,AK,F
14:33:08,INDF,RG,6450,1,F,AK,AK,F
14:33:07,INDF,RG,6450,16,F,CS,AK,F
14:33:07,INDF,RG,6450,8,F,KZ,AK,F
14:33:05,INDF,RG,6450,3,F,AK,AK,F
14:33:04,INDF,RG,6450,18,F,KZ,AK,F
14:32:58,INDF,RG,6450,18,F,KZ,AK,F
14:32:53,INDF,RG,6450,1,F,AK,AK,F
14:32:52,INDF,RG,6450,9,F,KZ,AK,F
14:32:49,INDF,RG,6450,9,F,KZ,AK,F
14:32:46,INDF,RG,6450,9,F,KZ,AK,F
14:32:43,INDF,RG,6450,18,F,KZ,AK,F
14:32:37,INDF,RG,6450,2,D,YP,AK,F
14:32:37,INDF,RG,6450,18,F,KZ,AK,F
14:32:32,INDF,RG,6450,7,F,AK,AK,F
14:32:32,INDF,RG,6425,386,D,YP,AK,F
14:32:32,INDF,RG,6425,1,D,XC,AK,F
14:32:32,INDF,RG,6425,100,D,CC,AK,F
14:32:32,INDF,RG,6425,1,D,CC,AK,F
14:32:32,INDF,RG,6425,1,D,PD,AK,F
14:32:32,INDF,RG,6425,50,D,KK,AK,F
14:32:32,INDF,RG,6425,79,F,CC,AK,F
14:32:31,INDF,RG,6450,18,F,KZ,AK,F
14:32:25,INDF,RG,6450,9,F,KZ,AK,F
14:32:22,INDF,RG,6450,9,F,KZ,AK,F
14:32:19,INDF,RG,6450,9,F,KZ,AK,F
14:32:16,INDF,RG,6450,15,F,KZ,AK,F
14:32:16,INDF,RG,6450,3,F,KZ,AK,F
14:32:10,INDF,RG,6450,17,F,KZ,AK,F
14:32:04,INDF,RG,6450,9,F,KZ,AK,F
14:32:01,INDF,RG,6450,18,F,KZ,AK,F
14:31:55,INDF,RG,6450,9,F,KZ,AK,F
14:31:52,INDF,RG,6450,18,F,KZ,AK,F
14:31:46,INDF,RG,6450,18,F,KZ,AK,F
14:31:40,INDF,RG,6450,18,F,KZ,AK,F
14:31:34,INDF,RG,6450,18,F,KZ,AK,F
14:31:28,INDF,RG,6450,18,F,KZ,AK,F
14:31:24,INDF,RG,6425,12,F,CC,BK,F
14:31:22,INDF,RG,6450,18,F,KZ,AK,F
14:31:16,INDF,RG,6450,9,F,KZ,AK,F
14:31:13,INDF,RG,6450,9,F,KZ,BK,F
14:31:10,INDF,RG,6450,17,F,KZ,BK,F
14:31:04,INDF,RG,6450,12,F,KZ,BK,F
14:31:00,INDF,RG,6450,7,F,KZ,BK,F
14:31:00,INDF,RG,6425,16,F,CC,YU,F
14:30:58,INDF,RG,6450,17,F,KZ,BK,F
14:30:58,INDF,RG,6425,3,F,CC,CC,D
14:30:58,INDF,RG,6425,1,F,AK,CC,D
14:30:52,INDF,RG,6450,18,F,KZ,BK,F
14:30:46,INDF,RG,6450,9,F,KZ,BK,F
14:30:43,INDF,RG,6450,9,F,KZ,BK,F
14:30:40,INDF,RG,6450,18,F,KZ,BK,F
14:30:34,INDF,RG,6425,9,F,AK,AK,F
14:30:34,INDF,RG,6425,9,F,AK,AK,F
14:30:34,INDF,RG,6425,1,F,AK,AK,F
14:30:34,INDF,RG,6450,18,F,KZ,BK,F
14:30:28,INDF,RG,6450,18,F,KZ,BK,F
14:30:23,INDF,RG,6450,1,F,AK,BK,F
14:30:22,INDF,RG,6450,18,F,KZ,BK,F
14:30:16,INDF,RG,6450,18,F,KZ,BK,F
14:30:10,INDF,RG,6450,17,F,KZ,BK,F
14:30:04,INDF,RG,6450,18,F,KZ,BK,F
14:29:59,INDF,RG,6450,1,F,AK,BK,F
14:29:58,INDF,RG,6450,18,F,KZ,BK,F
14:29:52,INDF,RG,6425,1,F,AK,AK,F
14:29:52,INDF,RG,6425,5,F,AK,AK,F
14:29:52,INDF,RG,6425,2,D,PD,AK,F
14:29:52,INDF,RG,6425,4,F,CC,AK,F
14:29:52,INDF,RG,6450,16,F,KZ,BK,F
14:29:46,INDF,RG,6450,18,F,KZ,BK,F
14:29:38,INDF,RG,6450,1,F,AK,BK,F
14:29:37,INDF,RG,6450,1,F,KZ,BK,F
14:29:37,INDF,RG,6450,11,F,KZ,AK,F
14:29:31,INDF,RG,6450,18,F,KZ,AK,F
14:29:22,INDF,RG,6450,19,F,KZ,AK,F
14:29:16,INDF,RG,6450,1,F,AK,AK,F
14:29:16,INDF,RG,6425,72,F,CC,AK,F
14:29:15,INDF,RG,6450,5,F,AK,AK,F
14:29:15,INDF,RG,6450,1,F,AK,AK,F
14:29:15,INDF,RG,6425,74,F,CC,AK,F
14:29:15,INDF,RG,6425,150,D,KK,AK,F
14:29:15,INDF,RG,6425,3,D,CC,AK,F
14:29:15,INDF,RG,6425,3,F,BK,AK,F
14:29:15,INDF,RG,6425,1,D,YP,AK,F
14:29:15,INDF,RG,6425,2,D,KK,AK,F
14:29:15,INDF,RG,6425,2,F,BK,AK,F
14:29:15,INDF,RG,6425,150,F,CC,AK,F
14:29:15,INDF,RG,6425,13,F,BK,AK,F
14:29:15,INDF,RG,6425,1,F,AK,AK,F
14:29:15,INDF,RG,6425,7,F,AK,AK,F
14:29:15,INDF,RG,6425,1,F,AK,AK,F
14:29:15,INDF,RG,6425,2,F,AK,AK,F
14:29:15,INDF,RG,6425,6,F,BK,AK,F
14:29:13,INDF,RG,6450,12,F,KZ,AK,F
14:29:08,INDF,RG,6450,1,F,AK,AK,F
14:29:07,INDF,RG,6450,18,F,KZ,AK,F
14:28:58,INDF,RG,6450,6,F,KZ,AK,F
14:28:55,INDF,RG,6450,18,F,KZ,AK,F
14:28:46,INDF,RG,6450,19,F,KZ,AK,F
14:28:37,INDF,RG,6450,9,F,KZ,AK,F
14:28:25,INDF,RG,6450,1,F,AK,AK,F
14:28:25,INDF,RG,6425,5,F,BK,AK,F
14:28:25,INDF,RG,6425,1,D,EP,AK,F
14:28:25,INDF,RG,6425,20,F,CC,AK,F
14:28:25,INDF,RG,6450,3,F,AK,AK,F
14:28:24,INDF,RG,6450,10,F,KZ,AK,F
14:28:24,INDF,RG,6450,3,F,CS,AK,F
14:28:24,INDF,RG,6450,8,F,RX,AK,F
14:28:24,INDF,RG,6450,1,D,PD,AK,F
14:28:24,INDF,RG,6450,11,F,BK,AK,F
14:28:24,INDF,RG,6450,18,F,CS,AK,F
14:28:24,INDF,RG,6450,10,F,RX,AK,F
14:28:24,INDF,RG,6450,4,F,ZP,AK,F
14:28:24,INDF,RG,6450,10,D,XC,AK,F
14:28:24,INDF,RG,6450,10,F,RX,AK,F
14:28:24,INDF,RG,6450,11,F,BK,AK,F
14:28:24,INDF,RG,6450,10,D,YU,AK,F
14:28:24,INDF,RG,6450,26,F,RX,AK,F
14:28:24,INDF,RG,6450,11,F,KZ,AK,F
14:28:24,INDF,RG,6450,1,F,CS,AK,F
14:28:24,INDF,RG,6450,1,F,CS,AK,F
14:28:24,INDF,RG,6450,7,F,CS,AK,F
14:28:24,INDF,RG,6450,1,F,AK,AK,F
14:28:24,INDF,RG,6450,23,F,RX,AK,F
14:28:22,INDF,RG,6450,2,F,RX,AK,F
14:28:22,INDF,RG,6475,12,F,KZ,DH,D
14:28:16,INDF,RG,6450,2,F,RX,AK,F
14:28:16,INDF,RG,6475,8,F,KZ,DH,D
14:28:16,INDF,RG,6475,1,F,KZ,YP,D
14:28:16,INDF,RG,6475,3,F,KZ,ZP,D
14:28:14,INDF,RG,6450,3,F,RX,XC,D
14:28:13,INDF,RG,6475,1,D,NI,ZP,D
14:28:10,INDF,RG,6450,2,F,RX,AK,F
14:28:10,INDF,RG,6475,13,F,KZ,ZP,D
14:28:06,INDF,RG,6475,1,F,AK,ZP,D
14:28:05,INDF,RG,6450,2,F,RX,AK,F
14:28:04,INDF,RG,6475,12,F,KZ,ZP,D
14:27:58,INDF,RG,6450,2,F,RX,AK,F
14:27:58,INDF,RG,6475,18,F,KZ,ZP,D
14:27:49,INDF,RG,6450,2,F,RX,AK,F
14:27:49,INDF,RG,6475,12,F,KZ,ZP,D
14:27:44,INDF,RG,6450,1,F,RX,YP,D
14:27:44,INDF,RG,6450,1,F,BK,YP,D
14:27:44,INDF,RG,6450,1,F,BK,AK,F
14:27:44,INDF,RG,6475,1,F,AK,ZP,D
14:27:43,INDF,RG,6450,2,F,BK,AK,F
14:27:43,INDF,RG,6475,18,F,KZ,ZP,D
14:27:34,INDF,RG,6450,1,F,BK,AK,F
14:27:34,INDF,RG,6475,7,F,KZ,ZP,D
14:27:31,INDF,RG,6450,3,F,BK,AK,F
14:27:31,INDF,RG,6475,18,F,KZ,ZP,D
14:27:22,INDF,RG,6450,1,F,BK,AK,F
14:27:22,INDF,RG,6475,6,F,KZ,ZP,D
14:27:19,INDF,RG,6450,1,F,BK,AK,F
14:27:19,INDF,RG,6475,12,F,KZ,ZP,D
14:27:14,INDF,RG,6475,1,F,AK,ZP,D
14:27:13,INDF,RG,6450,1,F,BK,AK,F
14:27:13,INDF,RG,6475,6,F,KZ,ZP,D
14:27:10,INDF,RG,6450,1,F,BK,AK,F
14:27:10,INDF,RG,6450,2,F,ZP,AK,F
14:27:10,INDF,RG,6475,18,F,KZ,ZP,D
14:27:01,INDF,RG,6450,2,F,ZP,AK,F
14:27:01,INDF,RG,6450,1,F,ZP,AK,F
14:27:01,INDF,RG,6475,6,F,KZ,ZP,D
14:27:01,INDF,RG,6475,2,F,KZ,OD,D
14:27:01,INDF,RG,6475,1,F,KZ,XC,D
14:27:01,INDF,RG,6475,10,F,KZ,YP,D
14:26:52,INDF,RG,6450,1,F,ZP,AK,F
14:26:52,INDF,RG,6475,5,F,KZ,YP,D
14:26:52,INDF,RG,6475,7,F,KZ,DH,D
14:26:47,INDF,RG,6450,1,F,ZP,AK,F
14:26:47,INDF,RG,6475,1,F,AK,DH,D
14:26:46,INDF,RG,6450,1,F,ZP,AK,F
14:26:46,INDF,RG,6475,12,F,KZ,DH,D
14:26:40,INDF,RG,6450,2,F,ZP,AK,F
14:26:40,INDF,RG,6475,12,F,KZ,DH,D
14:26:35,INDF,RG,6450,6,F,ZP,AK,F
14:26:34,INDF,RG,6475,12,F,KZ,DH,D
14:26:28,INDF,RG,6475,13,F,KZ,DH,D
14:26:25,INDF,RG,6475,1,F,AK,DH,D
14:26:24,INDF,RG,6450,15,F,CC,YB,D
14:26:22,INDF,RG,6450,1,F,CC,AK,F
14:26:22,INDF,RG,6475,6,F,KZ,DH,D
14:26:19,INDF,RG,6450,2,F,CC,AK,F
14:26:19,INDF,RG,6475,18,F,KZ,DH,D
14:26:10,INDF,RG,6450,2,F,CC,AK,F
14:26:10,INDF,RG,6475,9,F,KZ,DH,D
14:26:01,INDF,RG,6475,3,F,AK,DH,D
14:26:01,INDF,RG,6450,19,F,CC,AK,F
14:26:01,INDF,RG,6450,61,F,CC,AK,F
14:26:01,INDF,RG,6450,12,F,CS,AK,F
14:26:01,INDF,RG,6450,14,F,RX,AK,F
14:26:01,INDF,RG,6450,45,D,YP,AK,F
14:26:00,INDF,RG,6450,44,D,YP,AK,F
14:26:00,INDF,RG,6450,11,D,YP,AK,F
14:26:00,INDF,RG,6450,10,D,CC,AK,F
14:26:00,INDF,RG,6450,26,F,ZP,AK,F
14:26:00,INDF,RG,6450,59,F,RX,AK,F
14:26:00,INDF,RG,6450,10,F,BK,AK,F
14:26:00,INDF,RG,6450,15,F,KZ,AK,F
14:26:00,INDF,RG,6450,3,F,CS,AK,F
14:26:00,INDF,RG,6450,6,F,CS,AK,F
14:26:00,INDF,RG,6450,1,F,CS,AK,F
14:26:00,INDF,RG,6450,12,F,RX,AK,F
14:26:00,INDF,RG,6450,12,F,BK,AK,F
14:26:00,INDF,RG,6450,16,F,CS,AK,F
14:26:00,INDF,RG,6450,4,F,CS,AK,F
14:26:00,INDF,RG,6450,1,D,GR,AK,F
14:26:00,INDF,RG,6450,5,F,AK,AK,F
14:26:00,INDF,RG,6450,16,F,AK,AK,F
14:26:00,INDF,RG,6450,2,F,AK,AK,F
14:26:00,INDF,RG,6450,3,F,AK,AK,F
14:26:00,INDF,RG,6450,4,F,CS,AK,F
14:26:00,INDF,RG,6450,27,F,RX,AK,F
14:26:00,INDF,RG,6450,1,D,YP,AK,F
14:26:00,INDF,RG,6450,5,F,ZP,AK,F
14:26:00,INDF,RG,6450,42,F,ZP,AK,F
14:26:00,INDF,RG,6450,2,D,XC,AK,F
14:26:00,INDF,RG,6450,2,F,CS,AK,F
14:26:00,INDF,RG,6450,1,F,CS,AK,F
14:26:00,INDF,RG,6450,13,F,CC,AK,F
14:25:59,INDF,RG,6475,1,F,AK,DH,D
14:25:58,INDF,RG,6450,2,F,CC,AK,F
14:25:58,INDF,RG,6475,12,F,KZ,DH,D
14:25:52,INDF,RG,6450,2,F,CC,AK,F
14:25:52,INDF,RG,6475,4,F,KZ,DH,D
14:25:52,INDF,RG,6475,5,F,KZ,SQ,D
14:25:52,INDF,RG,6475,1,F,KZ,PD,D
14:25:52,INDF,RG,6475,3,F,KZ,YB,D
14:25:46,INDF,RG,6450,1,F,CC,AK,F
14:25:46,INDF,RG,6475,6,F,KZ,YB,D
14:25:44,INDF,RG,6475,1,F,AK,YB,D
14:25:44,INDF,RG,6450,12,F,CC,AK,F
14:25:44,INDF,RG,6475,1,F,AK,YB,D
14:25:44,INDF,RG,6475,2,F,AK,YB,D
14:25:44,INDF,RG,6475,50,F,AK,KK,D
14:25:44,INDF,RG,6475,30,F,AK,YP,D
14:25:43,INDF,RG,6450,2,F,CC,AK,F
14:25:43,INDF,RG,6475,12,F,KZ,YP,D
14:25:37,INDF,RG,6450,2,F,CC,AK,F
14:25:37,INDF,RG,6475,14,F,KZ,YP,D
14:25:30,INDF,RG,6475,4,F,KZ,YP,D
14:25:30,INDF,RG,6450,11,F,CC,AK,F
14:25:29,INDF,RG,6475,1,F,AK,YP,D
14:25:29,INDF,RG,6475,1,F,AK,YP,D
14:25:29,INDF,RG,6450,75,F,CC,AK,F
14:25:29,INDF,RG,6450,2,F,CC,AK,F
14:25:29,INDF,RG,6475,12,F,AK,YP,D
14:25:28,INDF,RG,6450,2,F,CC,AK,F
14:25:28,INDF,RG,6475,12,F,KZ,YP,D
14:25:22,INDF,RG,6450,2,F,CC,AK,F
14:25:22,INDF,RG,6475,13,F,KZ,YP,D
14:25:17,INDF,RG,6450,1,F,CC,AK,F
14:25:16,INDF,RG,6475,12,F,KZ,YP,D
14:25:10,INDF,RG,6450,1,F,CC,AK,F
14:25:10,INDF,RG,6475,6,F,KZ,YP,D
14:25:08,INDF,RG,6475,1,F,AK,YP,D
14:25:07,INDF,RG,6450,3,F,CC,AK,F
14:25:07,INDF,RG,6475,18,F,KZ,YP,D
14:24:58,INDF,RG,6450,2,F,CC,AK,F
14:24:58,INDF,RG,6475,18,F,KZ,YP,D
14:24:50,INDF,RG,6450,3,F,CC,AK,F
14:24:49,INDF,RG,6475,19,F,KZ,YP,D
14:24:42,INDF,RG,6450,2,F,CC,AK,F
14:24:41,INDF,RG,6475,1,F,AK,YP,D
14:24:40,INDF,RG,6475,12,F,KZ,YP,D
14:24:34,INDF,RG,6450,2,F,CC,AK,F
14:24:34,INDF,RG,6475,12,F,KZ,YP,D
14:24:28,INDF,RG,6450,1,F,CC,AK,F
14:24:28,INDF,RG,6475,6,F,KZ,YP,D
14:24:28,INDF,RG,6450,3,F,CC,PD,D
14:24:25,INDF,RG,6450,3,F,CC,AK,F
14:24:25,INDF,RG,6475,18,F,KZ,YP,D
14:24:17,INDF,RG,6475,1,F,AK,YP,D
14:24:16,INDF,RG,6450,2,F,CC,AK,F
14:24:16,INDF,RG,6475,12,F,KZ,YP,D
14:24:10,INDF,RG,6450,1,F,CC,AK,F
14:24:10,INDF,RG,6475,13,F,KZ,YP,D
14:24:04,INDF,RG,6450,1,F,CC,AK,F
14:24:04,INDF,RG,6475,6,F,KZ,YP,D
14:24:01,INDF,RG,6450,3,F,CC,AK,F
14:24:01,INDF,RG,6475,18,F,KZ,YP,D
14:23:52,INDF,RG,6450,2,F,CC,AK,F
14:23:52,INDF,RG,6475,12,F,KZ,YP,D
14:23:47,INDF,RG,6475,1,F,AK,YP,D
14:23:46,INDF,RG,6450,1,F,CC,AK,F
14:23:46,INDF,RG,6475,12,F,KZ,YP,D
14:23:40,INDF,RG,6450,3,F,CC,AK,F
14:23:40,INDF,RG,6475,3,F,KZ,YP,D
14:23:40,INDF,RG,6475,13,F,KZ,YP,D
14:23:31,INDF,RG,6475,1,F,AK,YP,D
14:23:31,INDF,RG,6450,6,F,CC,AK,F
14:23:31,INDF,RG,6475,4,F,AK,YP,D
14:23:31,INDF,RG,6450,34,F,CC,AK,F
14:23:31,INDF,RG,6450,10,D,YU,AK,F
14:23:31,INDF,RG,6450,9,F,KZ,AK,F
14:23:31,INDF,RG,6450,1,F,CS,AK,F
14:23:31,INDF,RG,6450,8,F,CS,AK,F
14:23:31,INDF,RG,6450,23,F,BK,AK,F
14:23:30,INDF,RG,6450,21,F,BK,AK,F
14:23:30,INDF,RG,6450,113,F,RX,AK,F
14:23:30,INDF,RG,6450,49,F,BK,AK,F
14:23:30,INDF,RG,6450,11,F,CS,AK,F
14:23:30,INDF,RG,6450,1,F,CS,AK,F
14:23:30,INDF,RG,6450,1,F,CS,AK,F
14:23:30,INDF,RG,6450,5,F,CS,AK,F
14:23:30,INDF,RG,6450,10,F,RX,AK,F
14:23:30,INDF,RG,6450,10,F,RX,AK,F
14:23:30,INDF,RG,6450,9,F,RX,AK,F
14:23:30,INDF,RG,6450,9,F,RX,AK,F
14:23:30,INDF,RG,6450,2,F,RX,AK,F
14:23:29,INDF,RG,6475,1,F,AK,YP,D
14:23:28,INDF,RG,6475,18,F,KZ,YP,D
14:23:19,INDF,RG,6475,18,F,KZ,YP,D
14:23:10,INDF,RG,6475,12,F,KZ,YP,D
14:23:04,INDF,RG,6475,13,F,KZ,YP,D
14:22:59,INDF,RG,6475,1,F,AK,YP,D
14:22:58,INDF,RG,6475,12,F,KZ,YP,D
14:22:52,INDF,RG,6475,6,F,KZ,YP,D
14:22:49,INDF,RG,6475,18,F,KZ,YP,D
14:22:41,INDF,RG,6475,1,F,AK,YP,D
14:22:41,INDF,RG,6450,6,F,RX,AK,F
14:22:41,INDF,RG,6450,9,F,RX,AK,F
14:22:41,INDF,RG,6450,18,F,RX,AK,F
14:22:41,INDF,RG,6450,11,F,RX,AK,F
14:22:40,INDF,RG,6475,18,F,KZ,YP,D
14:22:31,INDF,RG,6475,12,F,KZ,YP,D
14:22:25,INDF,RG,6475,7,F,KZ,YP,D
14:22:23,INDF,RG,6475,10,F,BK,YP,D
14:22:23,INDF,RG,6475,1,F,AK,YP,D
14:22:22,INDF,RG,6475,18,F,KZ,YP,D
14:22:13,INDF,RG,6475,12,F,KZ,YP,D
14:22:07,INDF,RG,6475,4,F,KZ,YP,D
14:22:07,INDF,RG,6475,10,F,KZ,SQ,D
14:22:07,INDF,RG,6475,2,F,KZ,PD,D
14:22:07,INDF,RG,6475,2,F,KZ,NI,D
14:21:58,INDF,RG,6475,12,F,KZ,YP,D
14:21:52,INDF,RG,6475,7,F,KZ,YP,D
14:21:50,INDF,RG,6475,1,F,AK,YP,D
14:21:49,INDF,RG,6475,12,F,KZ,YP,D
14:21:43,INDF,RG,6475,12,F,KZ,YP,D
14:21:37,INDF,RG,6475,12,F,KZ,YP,D
14:21:31,INDF,RG,6475,12,F,KZ,YP,D
14:21:28,INDF,RG,6450,10,F,RX,PD,D
14:21:26,INDF,RG,6475,1,F,AK,YP,D
14:21:26,INDF,RG,6450,6,F,RX,AK,F
14:21:26,INDF,RG,6450,32,F,RX,AK,F
14:21:25,INDF,RG,6475,12,F,KZ,YP,D
14:21:20,INDF,RG,6475,1,F,AK,YP,D
14:21:19,INDF,RG,6475,19,F,KZ,YP,D
14:21:10,INDF,RG,6475,6,F,KZ,YP,D
14:21:07,INDF,RG,6475,12,F,KZ,YP,D
14:21:01,INDF,RG,6475,12,F,KZ,YP,D
14:20:55,INDF,RG,6475,6,F,KZ,YP,D
14:20:52,INDF,RG,6475,18,F,KZ,YP,D
14:20:44,INDF,RG,6475,1,F,AK,YP,D
14:20:43,INDF,RG,6475,7,F,KZ,YP,D
14:20:41,INDF,RG,6475,1,D,XL,YP,D
14:20:40,INDF,RG,6475,14,F,KZ,YP,D
14:20:33,INDF,RG,6475,4,F,KZ,YP,D
14:20:32,INDF,RG,6450,9,F,RX,AK,F
14:20:31,INDF,RG,6475,12,F,KZ,YP,D
14:20:25,INDF,RG,6475,6,F,KZ,YP,D
14:20:25,INDF,RG,6475,5,F,KZ,BK,F
14:20:25,INDF,RG,6475,1,F,KZ,XC,D
14:20:25,INDF,RG,6475,5,F,KZ,EP,D
14:20:25,INDF,RG,6475,1,F,KZ,PD,D
14:20:17,INDF,RG,6475,1,F,AK,PD,D
14:20:16,INDF,RG,6450,4,F,KZ,AK,F
14:20:16,INDF,RG,6450,1,F,KZ,AK,F
14:20:16,INDF,RG,6450,1,F,KZ,AK,F
14:20:13,INDF,RG,6450,1,F,CS,AK,F
14:20:13,INDF,RG,6450,6,F,KZ,AK,F
14:20:13,INDF,RG,6450,4,F,KZ,AK,F
14:20:13,INDF,RG,6450,2,F,KZ,AK,F
14:20:07,INDF,RG,6450,1,F,CS,AK,F
14:20:07,INDF,RG,6450,9,F,KZ,AK,F
14:20:07,INDF,RG,6450,4,F,KZ,AK,F
14:20:07,INDF,RG,6450,6,F,KZ,AK,F
14:20:03,INDF,RG,6450,5,F,BK,AK,F
14:20:03,INDF,RG,6450,7,F,BK,ZP,D
14:20:02,INDF,RG,6450,1,F,AK,ZP,D
14:20:02,INDF,RG,6450,6,F,AK,ZP,D
14:20:01,INDF,RG,6450,12,F,RX,ZP,D
14:19:58,INDF,RG,6450,14,F,KZ,ZP,D
14:19:58,INDF,RG,6450,4,F,KZ,AK,F
14:19:55,INDF,RG,6450,1,F,CS,AK,F
14:19:55,INDF,RG,6450,1,F,ZP,AK,F
14:19:55,INDF,RG,6450,4,F,ZP,AK,F
14:19:55,INDF,RG,6450,10,F,ZP,AK,F
14:19:55,INDF,RG,6450,2,F,ZP,AK,F
14:19:53,INDF,RG,6450,2,F,ZP,AK,F
14:19:49,INDF,RG,6450,10,F,KZ,AK,F
14:19:49,INDF,RG,6450,2,F,KZ,YU,F
14:19:44,INDF,RG,6450,1,F,AK,YU,F
14:19:43,INDF,RG,6450,1,F,CS,YU,F
14:19:43,INDF,RG,6450,9,F,KZ,YU,F
14:19:43,INDF,RG,6450,3,F,KZ,BB,F
14:19:37,INDF,RG,6450,8,F,KZ,BB,F
14:19:37,INDF,RG,6450,7,F,KZ,AK,F
14:19:37,INDF,RG,6450,4,F,KZ,AK,F
14:19:28,INDF,RG,6450,9,F,KZ,AK,F
14:19:28,INDF,RG,6450,3,F,KZ,CC,D
14:19:22,INDF,RG,6450,2,F,KZ,CC,D
14:19:22,INDF,RG,6450,10,F,KZ,BK,F
14:19:16,INDF,RG,6450,1,F,KZ,BK,F
14:19:16,INDF,RG,6450,11,F,KZ,AK,F
14:19:14,INDF,RG,6450,1,F,AK,AK,F
14:19:13,INDF,RG,6450,2,F,RX,AK,F
14:19:13,INDF,RG,6450,9,F,RX,AK,F
14:19:10,INDF,RG,6450,18,F,KZ,AK,F
14:19:05,INDF,RG,6450,1,F,CS,AK,F
14:19:05,INDF,RG,6450,1,F,CS,BB,F
14:19:01,INDF,RG,6450,6,F,KZ,BB,F
14:18:58,INDF,RG,6450,13,F,KZ,BB,F
14:18:52,INDF,RG,6450,9,F,KZ,BB,F
14:18:52,INDF,RG,6450,3,F,KZ,AK,F
14:18:47,INDF,RG,6450,1,F,AK,AK,F
14:18:46,INDF,RG,6450,12,F,KZ,AK,F
14:18:40,INDF,RG,6450,17,F,KZ,AK,F
14:18:40,INDF,RG,6450,1,F,KZ,AK,F
14:18:35,INDF,RG,6450,5,D,PD,AK,F
14:18:31,INDF,RG,6450,6,F,KZ,AK,F
14:18:28,INDF,RG,6450,17,F,KZ,AK,F
14:18:22,INDF,RG,6450,1,F,AK,AK,F
14:18:21,INDF,RG,6450,4,F,RX,AK,F
14:18:21,INDF,RG,6450,4,F,RX,EP,D
14:18:20,INDF,RG,6450,8,F,KZ,EP,D
14:18:19,INDF,RG,6450,2,F,RX,EP,D
14:18:16,INDF,RG,6450,6,F,KZ,EP,D
14:18:16,INDF,RG,6450,12,F,KZ,EP,D
14:18:15,INDF,RG,6450,1,D,PD,EP,D
14:18:08,INDF,RG,6450,7,F,ZP,EP,D
14:18:08,INDF,RG,6450,10,F,ZP,AK,F
14:18:07,INDF,RG,6450,12,F,KZ,BB,F
14:18:05,INDF,RG,6450,1,F,AK,BB,F
14:18:04,INDF,RG,6450,1,F,ZP,BB,F
14:18:04,INDF,RG,6450,3,F,CS,BB,F
14:18:01,INDF,RG,6450,6,F,KZ,BB,F
14:17:58,INDF,RG,6450,6,F,KZ,BB,F
14:17:55,INDF,RG,6450,19,F,KZ,BB,F
14:17:50,INDF,RG,6450,2,F,RX,BB,F
14:17:50,INDF,RG,6450,5,F,RX,AK,F
14:17:50,INDF,RG,6450,3,F,RX,AK,F
14:17:49,INDF,RG,6450,11,F,BK,AK,F
14:17:48,INDF,RG,6450,3,F,RX,AK,F
14:17:47,INDF,RG,6450,1,F,AK,AK,F
14:17:46,INDF,RG,6450,12,F,KZ,AK,F
14:17:40,INDF,RG,6450,6,F,KZ,AK,F
14:17:40,INDF,RG,6450,6,F,KZ,AK,F
14:17:34,INDF,RG,6450,11,F,KZ,AK,F
14:17:34,INDF,RG,6450,7,F,KZ,PD,D
14:17:25,INDF,RG,6450,12,F,KZ,PD,D
14:17:19,INDF,RG,6450,1,F,AK,PD,D
14:17:19,INDF,RG,6450,13,F,KZ,PD,D
14:17:13,INDF,RG,6450,6,F,KZ,PD,D
14:17:10,INDF,RG,6450,6,F,KZ,PD,D
14:17:07,INDF,RG,6450,18,F,KZ,PD,D
14:16:58,INDF,RG,6450,12,F,KZ,PD,D
14:16:52,INDF,RG,6450,1,F,AK,PD,D
14:16:52,INDF,RG,6450,18,F,KZ,PD,D
14:16:51,INDF,RG,6450,11,F,RX,PD,D
14:16:43,INDF,RG,6450,19,F,KZ,PD,D
14:16:34,INDF,RG,6450,18,F,KZ,PD,D
14:16:25,INDF,RG,6450,1,F,AK,PD,D
14:16:25,INDF,RG,6450,7,F,KZ,PD,D
14:16:25,INDF,RG,6450,2,F,KZ,AK,F
14:16:25,INDF,RG,6450,2,F,KZ,AK,F
14:16:25,INDF,RG,6450,4,F,KZ,AK,F
14:16:25,INDF,RG,6450,3,F,KZ,BB,F
14:16:16,INDF,RG,6450,12,F,KZ,AK,F
14:16:13,INDF,RG,6450,1,F,ZP,AK,F
14:16:13,INDF,RG,6450,1,F,CS,AK,F
14:16:10,INDF,RG,6475,6,F,KZ,PD,D
14:16:07,INDF,RG,6475,7,F,KZ,PD,D
14:16:07,INDF,RG,6475,5,F,KZ,PD,D
14:16:07,INDF,RG,6475,1,F,KZ,EP,D
14:16:01,INDF,RG,6475,6,F,KZ,EP,D
14:15:58,INDF,RG,6475,12,F,KZ,EP,D
14:15:54,INDF,RG,6475,1,F,AK,EP,D
14:15:53,INDF,RG,6475,5,F,RX,EP,D
14:15:53,INDF,RG,6475,5,F,RX,BK,F
14:15:52,INDF,RG,6475,6,F,KZ,BK,F
14:15:49,INDF,RG,6450,1,F,AK,AK,F
14:15:49,INDF,RG,6450,2,F,AK,AK,F
14:15:49,INDF,RG,6450,6,F,AK,AK,F
14:15:49,INDF,RG,6450,8,F,AK,BB,F
14:15:49,INDF,RG,6450,13,F,KZ,YU,F
14:15:49,INDF,RG,6450,5,F,KZ,BK,F
14:15:49,INDF,RG,6450,1,F,CS,BK,F
14:15:40,INDF,RG,6425,1,F,CC,AK,F
14:15:40,INDF,RG,6450,5,F,KZ,BK,F
14:15:40,INDF,RG,6450,7,F,KZ,AK,F
14:15:34,INDF,RG,6450,1,F,AK,AK,F
14:15:34,INDF,RG,6425,1,F,CC,AK,F
14:15:34,INDF,RG,6450,19,F,KZ,AK,F
14:15:25,INDF,RG,6450,4,F,KZ,AK,F
14:15:25,INDF,RG,6450,8,F,KZ,AK,F
14:15:21,INDF,RG,6450,6,F,ZP,AK,F
14:15:20,INDF,RG,6450,7,F,RX,AK,F
14:15:19,INDF,RG,6450,6,F,KZ,AK,F
14:15:18,INDF,RG,6450,2,F,RX,AK,F
14:15:16,INDF,RG,6450,6,F,KZ,AK,F
14:15:13,INDF,RG,6450,1,F,AK,AK,F
14:15:13,INDF,RG,6450,12,F,KZ,AK,F
14:15:07,INDF,RG,6450,3,F,CS,AK,F
14:15:07,INDF,RG,6450,18,F,KZ,AK,F
14:14:58,INDF,RG,6450,7,F,KZ,AK,F
14:14:58,INDF,RG,6450,1,F,ZP,AK,F
14:14:55,INDF,RG,6450,11,F,KZ,AK,F
14:14:49,INDF,RG,6450,13,F,KZ,AK,F
14:14:41,INDF,RG,6450,1,F,AK,AK,F
14:14:40,INDF,RG,6450,10,F,KZ,AK,F
14:14:37,INDF,RG,6450,16,F,RX,AK,F
14:14:35,INDF,RG,6450,8,F,RX,AK,F
14:14:34,INDF,RG,6450,1,F,AK,AK,F
14:14:34,INDF,RG,6450,4,F,KZ,AK,F
14:14:33,INDF,RG,6450,69,F,AK,AK,F
14:14:31,INDF,RG,6450,10,F,KZ,AK,F
14:14:29,INDF,RG,6450,1,F,AK,AK,F
14:14:28,INDF,RG,6450,44,F,ZP,AK,F
14:14:25,INDF,RG,6450,14,F,KZ,AK,F
14:14:17,INDF,RG,6450,5,F,ZP,AK,F
14:14:17,INDF,RG,6450,1,F,AK,AK,F
14:14:16,INDF,RG,6450,18,F,KZ,AK,F
14:14:04,INDF,RG,6450,14,F,KZ,AK,F
14:13:55,INDF,RG,6450,5,F,KZ,AK,F
14:13:52,INDF,RG,6450,9,F,KZ,AK,F
14:13:46,INDF,RG,6450,9,F,KZ,AK,F
14:13:42,INDF,RG,6425,1,F,CC,CC,D
14:13:40,INDF,RG,6450,14,F,KZ,AK,F
14:13:31,INDF,RG,6450,1,F,AK,AK,F
14:13:31,INDF,RG,6450,5,F,KZ,AK,F
14:13:28,INDF,RG,6450,14,F,KZ,AK,F
14:13:22,INDF,RG,6450,9,F,CS,AK,F
14:13:19,INDF,RG,6450,14,F,KZ,AK,F
14:13:10,INDF,RG,6450,9,F,KZ,AK,F
14:13:04,INDF,RG,6450,5,F,KZ,AK,F
14:13:01,INDF,RG,6450,1,F,AK,AK,F
14:13:01,INDF,RG,6450,9,F,KZ,AK,F
14:12:55,INDF,RG,6450,19,F,KZ,AK,F
14:12:45,INDF,RG,6450,1,F,AK,AK,F
14:12:45,INDF,RG,6450,5,F,AK,BB,F
14:12:43,INDF,RG,6450,18,F,KZ,BB,F
14:12:31,INDF,RG,6450,5,F,KZ,BB,F
14:12:28,INDF,RG,6450,1,F,AK,BB,F
14:12:28,INDF,RG,6450,14,F,KZ,BB,F
14:12:19,INDF,RG,6450,5,F,KZ,BB,F
14:12:16,INDF,RG,6450,9,F,KZ,BB,F
14:12:10,INDF,RG,6450,14,F,KZ,BB,F
14:12:01,INDF,RG,6450,5,F,KZ,BB,F
14:11:58,INDF,RG,6450,9,F,KZ,BB,F
14:11:52,INDF,RG,6450,3,F,KZ,BB,F
14:11:52,INDF,RG,6450,2,F,KZ,CC,D
14:11:52,INDF,RG,6450,6,F,KZ,AK,F
14:11:52,INDF,RG,6450,3,F,KZ,AK,F
14:11:43,INDF,RG,6450,1,F,AK,AK,F
14:11:43,INDF,RG,6450,9,F,KZ,AK,F
14:11:37,INDF,RG,6450,5,F,KZ,AK,F
14:11:34,INDF,RG,6450,9,F,KZ,AK,F
14:11:28,INDF,RG,6450,14,F,KZ,AK,F
14:11:19,INDF,RG,6450,9,F,KZ,AK,F
14:11:13,INDF,RG,6450,10,F,KZ,AK,F
14:11:07,INDF,RG,6450,1,F,AK,AK,F
14:11:07,INDF,RG,6450,14,F,KZ,AK,F
14:10:58,INDF,RG,6450,14,F,KZ,AK,F
14:10:49,INDF,RG,6450,18,F,KZ,AK,F
14:10:40,INDF,RG,6425,3,F,CC,XA,D
14:10:37,INDF,RG,6450,5,F,KZ,AK,F
14:10:34,INDF,RG,6450,18,F,KZ,AK,F
14:10:30,INDF,RG,6450,1,F,AK,AK,F
14:10:30,INDF,RG,6450,7,F,AK,AK,F
14:10:22,INDF,RG,6450,3,F,KZ,AK,F
14:10:22,INDF,RG,6450,8,F,KZ,SQ,D
14:10:15,INDF,RG,6450,13,F,KZ,SQ,D
14:10:15,INDF,RG,6450,1,F,AK,SQ,D
14:10:15,INDF,RG,6450,28,F,AK,SQ,D
14:10:15,INDF,RG,6450,11,F,AK,BK,F
14:10:15,INDF,RG,6450,12,F,AK,BK,F
14:10:07,INDF,RG,6450,4,F,KZ,BK,F
14:10:04,INDF,RG,6450,10,F,KZ,BK,F
14:09:58,INDF,RG,6450,18,F,KZ,BK,F
14:09:46,INDF,RG,6450,1,F,AK,BK,F
14:09:46,INDF,RG,6450,14,F,KZ,BK,F
14:09:37,INDF,RG,6450,10,F,KZ,BK,F
14:09:31,INDF,RG,6450,14,F,KZ,BK,F
14:09:29,INDF,RG,6425,2,F,CC,PD,D
14:09:22,INDF,RG,6450,13,F,KZ,BK,F
14:09:13,INDF,RG,6450,14,F,KZ,BK,F
14:09:04,INDF,RG,6450,5,F,KZ,BK,F
14:09:01,INDF,RG,6450,1,F,AK,BK,F
14:09:01,INDF,RG,6450,10,F,KZ,BK,F
14:09:01,INDF,RG,6450,4,F,KZ,YU,F
14:08:52,INDF,RG,6450,8,F,KZ,YU,F
14:08:52,INDF,RG,6450,5,F,KZ,AK,F
14:08:52,INDF,RG,6450,1,F,KZ,PD,D
14:08:43,INDF,RG,6450,3,F,KZ,PD,D
14:08:43,INDF,RG,6450,2,F,KZ,BB,F
14:08:40,INDF,RG,6450,9,F,KZ,BB,F
14:08:36,INDF,RG,6450,1,F,AK,BB,F
14:08:35,INDF,RG,6450,64,F,ZP,BB,F
14:08:35,INDF,RG,6450,5,F,ZP,AK,F
14:08:35,INDF,RG,6450,2,F,ZP,BK,F
14:08:34,INDF,RG,6450,1,F,AK,BK,F
14:08:34,INDF,RG,6450,9,F,KZ,BK,F
14:08:34,INDF,RG,6450,5,F,KZ,AK,F
14:08:25,INDF,RG,6450,9,F,KZ,AK,F
14:08:19,INDF,RG,6450,14,F,KZ,AK,F
14:08:14,INDF,RG,6450,5,F,ZP,AK,F
14:08:10,INDF,RG,6450,14,F,KZ,AK,F
14:08:04,INDF,RG,6425,2,F,CC,PD,D
14:08:01,INDF,RG,6450,9,F,KZ,AK,F
14:07:58,INDF,RG,6450,1,D,YP,AK,F
14:07:55,INDF,RG,6450,1,F,AK,AK,F
14:07:55,INDF,RG,6450,19,F,KZ,AK,F
14:07:43,INDF,RG,6450,1,F,KZ,AK,F
14:07:43,INDF,RG,6450,4,F,KZ,XC,D
14:07:43,INDF,RG,6450,5,F,KZ,CC,D
14:07:43,INDF,RG,6450,4,F,KZ,EP,D
14:07:34,INDF,RG,6450,5,F,KZ,EP,D
14:07:34,INDF,RG,6450,6,F,CS,EP,D
14:07:31,INDF,RG,6450,5,F,KZ,EP,D
14:07:31,INDF,RG,6450,4,F,KZ,AK,F
14:07:25,INDF,RG,6450,9,F,KZ,AK,F
14:07:19,INDF,RG,6450,1,F,AK,AK,F
14:07:19,INDF,RG,6450,14,F,KZ,AK,F
14:07:10,INDF,RG,6450,9,F,KZ,AK,F
14:07:05,INDF,RG,6450,15,D,YP,AK,F
14:07:04,INDF,RG,6450,14,F,KZ,AK,F
14:07:00,INDF,RG,6450,2,F,AK,AK,F
14:06:55,INDF,RG,6450,1,F,AK,AK,F
14:06:55,INDF,RG,6450,19,F,KZ,AK,F
14:06:43,INDF,RG,6450,14,F,KZ,AK,F
14:06:34,INDF,RG,6425,2,F,CC,AK,F
14:06:34,INDF,RG,6450,19,F,KZ,AK,F
14:06:22,INDF,RG,6450,18,F,KZ,AK,F
14:06:10,INDF,RG,6450,1,F,AK,AK,F
14:06:10,INDF,RG,6450,11,F,KZ,AK,F
14:06:03,INDF,RG,6425,1,F,CC,AK,F
14:06:03,INDF,RG,6450,17,F,KZ,AK,F
14:06:02,INDF,RG,6450,2,D,YP,AK,F
14:05:52,INDF,RG,6450,5,F,KZ,AK,F
14:05:49,INDF,RG,6425,1,F,CC,AK,F
14:05:49,INDF,RG,6450,18,F,KZ,AK,F
14:05:37,INDF,RG,6450,5,F,KZ,AK,F
14:05:34,INDF,RG,6450,1,F,AK,AK,F
14:05:34,INDF,RG,6425,1,F,CC,AK,F
14:05:34,INDF,RG,6450,14,F,KZ,AK,F
14:05:25,INDF,RG,6450,5,F,KZ,AK,F
14:05:22,INDF,RG,6425,1,F,CC,AK,F
14:05:22,INDF,RG,6450,18,F,KZ,AK,F
14:05:10,INDF,RG,6450,14,F,KZ,AK,F
14:05:01,INDF,RG,6425,1,F,CC,AK,F
14:05:01,INDF,RG,6450,9,F,KZ,AK,F
14:04:55,INDF,RG,6425,3,F,CC,DR,D
14:04:55,INDF,RG,6450,1,F,AK,AK,F
14:04:55,INDF,RG,6450,10,F,KZ,AK,F
14:04:55,INDF,RG,6450,4,F,KZ,AK,F
14:04:46,INDF,RG,6425,1,F,CC,AK,F
14:04:46,INDF,RG,6450,14,F,KZ,AK,F
14:04:45,INDF,RG,6425,1,F,CC,BQ,D
14:04:37,INDF,RG,6450,10,F,KZ,AK,F
14:04:31,INDF,RG,6450,9,F,KZ,AK,F
14:04:25,INDF,RG,6450,1,F,AK,AK,F
14:04:25,INDF,RG,6450,14,F,KZ,AK,F
14:04:20,INDF,RG,6450,3,D,CC,AK,F
14:04:16,INDF,RG,6450,9,F,KZ,AK,F
14:04:10,INDF,RG,6450,14,F,KZ,AK,F
14:04:01,INDF,RG,6450,14,F,KZ,AK,F
14:03:52,INDF,RG,6450,5,F,KZ,AK,F
14:03:49,INDF,RG,6450,1,F,AK,AK,F
14:03:49,INDF,RG,6450,18,F,KZ,AK,F
14:03:37,INDF,RG,6450,19,F,KZ,AK,F
14:03:25,INDF,RG,6450,5,F,KZ,AK,F
14:03:22,INDF,RG,6450,14,F,KZ,AK,F
14:03:13,INDF,RG,6450,9,F,KZ,AK,F
14:03:07,INDF,RG,6450,5,F,KZ,AK,F
14:03:04,INDF,RG,6450,1,F,AK,AK,F
14:03:04,INDF,RG,6450,18,F,KZ,AK,F
14:02:52,INDF,RG,6450,9,F,KZ,AK,F
14:02:46,INDF,RG,6450,19,F,KZ,AK,F
14:02:34,INDF,RG,6450,5,F,KZ,AK,F
14:02:31,INDF,RG,6450,9,F,KZ,AK,F
14:02:25,INDF,RG,6450,1,F,AK,AK,F
14:02:25,INDF,RG,6450,19,F,KZ,AK,F
14:02:21,INDF,RG,6425,3,F,CC,DH,D
14:02:13,INDF,RG,6450,9,F,KZ,AK,F
14:02:07,INDF,RG,6450,14,F,KZ,AK,F
14:01:58,INDF,RG,6450,8,F,KZ,AK,F
14:01:53,INDF,RG,6450,11,F,KZ,AK,F
14:01:52,INDF,RG,6450,1,D,PD,AK,F
14:01:46,INDF,RG,6450,4,F,AK,AK,F
14:01:46,INDF,RG,6450,2,F,AK,AK,F
14:01:46,INDF,RG,6425,155,F,CC,AK,F
14:01:46,INDF,RG,6425,13,F,BK,AK,F
14:01:46,INDF,RG,6425,36,F,RX,AK,F
14:01:45,INDF,RG,6450,13,F,KZ,AK,F
14:01:45,INDF,RG,6425,51,F,RX,AK,F
14:01:45,INDF,RG,6425,3,F,ZP,AK,F
14:01:45,INDF,RG,6425,5,D,YP,AK,F
14:01:45,INDF,RG,6425,10,D,PD,AK,F
14:01:45,INDF,RG,6425,20,D,XA,AK,F
14:01:45,INDF,RG,6425,20,D,YP,AK,F
14:01:45,INDF,RG,6425,2,D,DR,AK,F
14:01:45,INDF,RG,6425,11,F,BK,AK,F
14:01:45,INDF,RG,6425,1,F,CS,AK,F
14:01:45,INDF,RG,6425,1,F,ZP,AK,F
14:01:45,INDF,RG,6425,1,D,YP,AK,F
14:01:45,INDF,RG,6425,19,F,ZP,AK,F
14:01:45,INDF,RG,6425,5,F,RX,AK,F
14:01:37,INDF,RG,6450,10,F,KZ,AK,F
14:01:31,INDF,RG,6450,1,F,AK,AK,F
14:01:31,INDF,RG,6450,14,F,KZ,AK,F
14:01:22,INDF,RG,6450,1,F,AK,AK,F
14:01:22,INDF,RG,6450,14,F,KZ,AK,F
14:01:22,INDF,RG,6425,3,F,RX,PD,D
14:01:22,INDF,RG,6425,10,F,RX,PD,D
14:01:22,INDF,RG,6425,20,F,RX,PD,D
14:01:22,INDF,RG,6425,26,F,RX,PD,D
14:01:22,INDF,RG,6425,11,F,BK,PD,D
14:01:22,INDF,RG,6425,11,F,BK,PD,D
14:01:22,INDF,RG,6425,6,F,RX,PD,D
14:01:13,INDF,RG,6450,1,F,AK,AK,F
14:01:13,INDF,RG,6450,18,F,KZ,AK,F
14:01:01,INDF,RG,6450,19,F,KZ,AK,F
14:00:49,INDF,RG,6450,18,F,KZ,AK,F
14:00:37,INDF,RG,6450,1,F,AK,AK,F
14:00:37,INDF,RG,6450,19,F,KZ,AK,F
14:00:25,INDF,RG,6450,5,F,KZ,AK,F
14:00:22,INDF,RG,6450,9,F,KZ,AK,F
14:00:16,INDF,RG,6450,5,F,KZ,AK,F
14:00:13,INDF,RG,6450,14,F,KZ,AK,F
14:00:04,INDF,RG,6450,18,F,KZ,AK,F
13:59:52,INDF,RG,6450,5,F,KZ,AK,F
13:59:46,INDF,RG,6450,1,F,AK,AK,F
13:59:45,INDF,RG,6425,5,F,RX,AK,F
13:59:45,INDF,RG,6425,4,F,ZP,AK,F
13:59:45,INDF,RG,6425,2,F,CS,AK,F
13:59:45,INDF,RG,6425,2,F,CS,AK,F
13:59:45,INDF,RG,6425,1,F,CS,AK,F
13:59:45,INDF,RG,6425,1,F,CS,AK,F
13:59:45,INDF,RG,6425,3,F,CS,AK,F
13:59:45,INDF,RG,6425,9,F,RX,AK,F
13:59:45,INDF,RG,6425,30,F,ZP,AK,F
13:59:45,INDF,RG,6425,18,F,RX,AK,F
13:59:45,INDF,RG,6425,7,F,KZ,AK,F
13:59:45,INDF,RG,6425,3,F,CS,AK,F
13:59:45,INDF,RG,6425,2,F,AK,AK,F
13:59:45,INDF,RG,6425,1,F,AK,AK,F
13:59:45,INDF,RG,6425,9,F,AK,AK,F
13:59:45,INDF,RG,6425,1,F,AK,AK,F
13:59:45,INDF,RG,6425,34,F,CC,AK,F
13:59:43,INDF,RG,6450,15,F,KZ,AK,F
13:59:31,INDF,RG,6450,1,F,KZ,AK,F
13:59:31,INDF,RG,6450,7,F,KZ,BK,F
13:59:25,INDF,RG,6450,5,F,RX,BK,F
13:59:25,INDF,RG,6450,5,F,RX,YU,F
13:59:25,INDF,RG,6450,1,F,KZ,YU,F
13:59:25,INDF,RG,6450,11,F,KZ,BB,F
13:59:16,INDF,RG,6450,8,F,KZ,BB,F
13:59:10,INDF,RG,6450,1,F,AK,BB,F
13:59:10,INDF,RG,6450,16,F,KZ,BB,F
13:58:58,INDF,RG,6450,19,F,KZ,BB,F
13:58:43,INDF,RG,6450,8,F,KZ,AK,F
13:58:37,INDF,RG,6450,4,F,KZ,AK,F
13:58:34,INDF,RG,6450,12,F,KZ,AK,F
13:58:30,INDF,RG,6450,10,D,CC,AK,F
13:58:25,INDF,RG,6450,1,F,AK,AK,F
13:58:25,INDF,RG,6450,16,F,KZ,AK,F
13:58:14,INDF,RG,6425,1,F,CC,NI,D
13:58:13,INDF,RG,6450,3,F,KZ,AK,F
13:58:13,INDF,RG,6450,1,F,KZ,AK,F
13:58:10,INDF,RG,6450,9,F,KZ,AK,F
13:58:10,INDF,RG,6450,3,F,KZ,AI,D
13:58:01,INDF,RG,6450,2,F,KZ,AI,D
13:58:01,INDF,RG,6450,10,F,KZ,CC,D
13:58:01,INDF,RG,6450,3,F,KZ,AK,F
13:58:01,INDF,RG,6450,1,F,KZ,CC,D
13:57:49,INDF,RG,6450,1,F,KZ,PD,D
13:57:49,INDF,RG,6450,10,F,KZ,PD,D
13:57:45,INDF,RG,6450,1,F,AK,PD,D
13:57:45,INDF,RG,6425,10,F,CC,AK,F
13:57:45,INDF,RG,6425,12,F,RX,AK,F
13:57:45,INDF,RG,6425,11,F,RX,AK,F
13:57:45,INDF,RG,6425,11,F,BK,AK,F
13:57:45,INDF,RG,6425,2,D,YP,AK,F
13:57:45,INDF,RG,6425,2,D,XL,AK,F
13:57:45,INDF,RG,6425,1,F,AK,AK,F
13:57:45,INDF,RG,6425,4,F,AK,AK,F
13:57:45,INDF,RG,6425,10,F,AK,AK,F
13:57:45,INDF,RG,6425,3,F,AK,AK,F
13:57:45,INDF,RG,6425,2,F,CS,AK,F
13:57:45,INDF,RG,6425,3,F,CS,AK,F
13:57:45,INDF,RG,6425,54,F,CC,AK,F
13:57:43,INDF,RG,6450,1,F,AK,PD,D
13:57:42,INDF,RG,6450,13,D,XC,PD,D
13:57:40,INDF,RG,6450,12,F,KZ,PD,D
13:57:31,INDF,RG,6450,7,F,KZ,PD,D
13:57:31,INDF,RG,6450,5,F,KZ,XC,D
13:57:24,INDF,RG,6450,2,F,AK,XC,D
13:57:24,INDF,RG,6450,6,F,AK,YU,F
13:57:24,INDF,RG,6450,1,F,AK,DH,D
13:57:24,INDF,RG,6450,3,F,AK,PD,D
13:57:24,INDF,RG,6450,3,F,AK,SQ,D
13:57:23,INDF,RG,6450,1,F,AK,SQ,D
13:57:22,INDF,RG,6450,1,F,AK,SQ,D
13:57:22,INDF,RG,6450,8,F,KZ,SQ,D
13:57:22,INDF,RG,6450,8,F,KZ,BK,F
13:57:10,INDF,RG,6450,14,F,KZ,BK,F
13:57:00,INDF,RG,6450,11,F,RX,BK,F
13:56:59,INDF,RG,6450,14,F,KZ,BK,F
13:56:58,INDF,RG,6450,3,F,RX,BK,F
13:56:49,INDF,RG,6450,15,F,KZ,BK,F
13:56:37,INDF,RG,6450,1,F,AK,BK,F
13:56:37,INDF,RG,6450,12,F,KZ,BK,F
13:56:30,INDF,RG,6450,1,F,AK,BK,F
13:56:28,INDF,RG,6450,8,F,KZ,BK,F
13:56:22,INDF,RG,6450,16,F,KZ,BK,F
13:56:10,INDF,RG,6450,16,F,KZ,BK,F
13:55:58,INDF,RG,6450,8,F,KZ,BK,F
13:55:55,INDF,RG,6425,1,F,CC,XC,D
13:55:52,INDF,RG,6450,1,F,AK,BK,F
13:55:52,INDF,RG,6450,7,F,KZ,BK,F
13:55:46,INDF,RG,6450,16,F,KZ,BK,F
13:55:34,INDF,RG,6450,12,F,KZ,BK,F
13:55:25,INDF,RG,6450,16,F,KZ,BK,F
13:55:13,INDF,RG,6450,8,F,KZ,BK,F
13:55:07,INDF,RG,6450,1,F,AK,BK,F
13:55:07,INDF,RG,6450,5,F,KZ,BK,F
13:55:07,INDF,RG,6450,7,F,KZ,BK,F
13:54:58,INDF,RG,6450,1,F,AK,BK,F
13:54:58,INDF,RG,6450,15,F,KZ,BK,F
13:54:46,INDF,RG,6450,20,F,KZ,BK,F
13:54:31,INDF,RG,6450,12,F,KZ,BK,F
13:54:22,INDF,RG,6450,1,F,AK,BK,F
13:54:22,INDF,RG,6450,12,F,KZ,BK,F
13:54:13,INDF,RG,6450,12,F,KZ,BK,F
13:54:04,INDF,RG,6450,8,F,KZ,BK,F
13:53:58,INDF,RG,6450,19,F,KZ,BK,F
13:53:43,INDF,RG,6450,8,F,KZ,BK,F
13:53:37,INDF,RG,6450,1,F,AK,BK,F
13:53:37,INDF,RG,6450,8,F,KZ,BK,F
13:53:31,INDF,RG,6450,16,F,KZ,BK,F
13:53:19,INDF,RG,6450,12,F,KZ,BK,F
13:53:10,INDF,RG,6450,1,F,AK,BK,F
13:53:10,INDF,RG,6450,8,F,KZ,BK,F
13:53:04,INDF,RG,6450,15,F,KZ,BK,F
13:53:00,INDF,RG,6450,2,F,AK,BK,F
13:52:52,INDF,RG,6450,1,F,AK,BK,F
13:52:52,INDF,RG,6450,8,F,KZ,BK,F
13:52:47,INDF,RG,6450,5,D,CC,BK,F
13:52:46,INDF,RG,6450,16,F,KZ,BK,F
13:52:34,INDF,RG,6450,19,F,CS,BK,F
13:52:34,INDF,RG,6450,15,F,KZ,BK,F
13:52:34,INDF,RG,6450,5,F,KZ,NI,D
13:52:19,INDF,RG,6450,1,F,AK,NI,D
13:52:19,INDF,RG,6450,8,F,KZ,NI,D
13:52:13,INDF,RG,6450,12,F,KZ,AZ,D
13:52:04,INDF,RG,6450,3,F,KZ,AZ,D
13:52:04,INDF,RG,6450,15,F,KZ,BK,F
13:52:04,INDF,RG,6450,1,F,KZ,NI,D
13:51:49,INDF,RG,6450,12,F,KZ,NI,D
13:51:40,INDF,RG,6450,8,F,KZ,NI,D
13:51:34,INDF,RG,6450,1,F,AK,NI,D
13:51:34,INDF,RG,6450,8,F,KZ,NI,D
13:51:28,INDF,RG,6450,12,F,KZ,NI,D
13:51:23,INDF,RG,6450,1,F,AK,NI,D
13:51:23,INDF,RG,6450,3,D,CC,NI,D
13:51:23,INDF,RG,6450,20,D,CC,NI,D
13:51:23,INDF,RG,6450,77,D,CC,AK,F
13:51:20,INDF,RG,6450,1,F,AK,AK,F
13:51:19,INDF,RG,6450,20,F,KZ,AK,F
13:51:15,INDF,RG,6450,1,F,AK,AK,F
13:51:04,INDF,RG,6450,7,F,KZ,AK,F
13:50:58,INDF,RG,6450,22,F,AK,AK,F
13:50:58,INDF,RG,6450,4,F,KZ,AK,F
13:50:55,INDF,RG,6450,8,F,KZ,AK,F
13:50:49,INDF,RG,6450,1,F,AK,AK,F
13:50:49,INDF,RG,6450,12,F,KZ,AK,F
13:50:45,INDF,RG,6425,2,F,CC,BQ,D
13:50:40,INDF,RG,6450,1,F,AK,AK,F
13:50:40,INDF,RG,6450,10,F,KZ,AK,F
13:50:40,INDF,RG,6450,6,F,KZ,BB,F
13:50:39,INDF,RG,6425,43,F,CC,BB,F
13:50:28,INDF,RG,6450,2,F,KZ,BB,F
13:50:28,INDF,RG,6450,12,F,KZ,BK,F
13:50:28,INDF,RG,6450,6,F,KZ,AK,F
13:50:20,INDF,RG,6450,2,F,AK,AK,F
13:50:13,INDF,RG,6450,8,F,KZ,AK,F
13:50:10,INDF,RG,6450,2,F,AK,AK,F
13:50:10,INDF,RG,6450,110,D,YP,AK,F
13:50:07,INDF,RG,6450,11,F,KZ,AK,F
13:49:58,INDF,RG,6450,12,F,KZ,AK,F
13:49:49,INDF,RG,6450,4,F,KZ,AK,F
13:49:46,INDF,RG,6450,1,F,AK,AK,F
13:49:46,INDF,RG,6450,16,F,KZ,AK,F
13:49:34,INDF,RG,6450,12,F,KZ,AK,F
13:49:25,INDF,RG,6450,6,F,KZ,AK,F
13:49:25,INDF,RG,6450,2,F,KZ,AK,F
13:49:19,INDF,RG,6450,8,F,KZ,AK,F
13:49:13,INDF,RG,6450,11,F,KZ,AK,F
13:49:04,INDF,RG,6450,8,F,KZ,AK,F
13:48:58,INDF,RG,6450,1,F,AK,AK,F
13:48:58,INDF,RG,6450,20,F,KZ,AK,F
13:48:43,INDF,RG,6450,4,F,KZ,AK,F
13:48:40,INDF,RG,6450,8,F,KZ,AK,F
13:48:34,INDF,RG,6450,16,F,KZ,AK,F
13:48:22,INDF,RG,6450,12,F,KZ,AK,F
13:48:15,INDF,RG,6450,1,F,AK,AK,F
13:48:15,INDF,RG,6425,8,F,RX,AK,F
13:48:15,INDF,RG,6425,1,D,XC,AK,F
13:48:15,INDF,RG,6425,20,D,OD,AK,F
13:48:15,INDF,RG,6425,1,D,PD,AK,F
13:48:15,INDF,RG,6425,3,F,ZP,AK,F
13:48:15,INDF,RG,6425,11,F,CC,AK,F
13:48:13,INDF,RG,6450,11,F,KZ,AK,F
13:48:04,INDF,RG,6450,12,F,KZ,AK,F
13:47:56,INDF,RG,6450,2,F,AK,AK,F
13:47:55,INDF,RG,6450,6,D,XC,AK,F
13:47:55,INDF,RG,6450,1,F,AK,AK,F
13:47:55,INDF,RG,6450,16,F,KZ,AK,F
13:47:44,INDF,RG,6450,2,F,AK,AK,F
13:47:43,INDF,RG,6425,89,F,CC,AK,F
13:47:43,INDF,RG,6425,28,F,CC,AK,F
13:47:43,INDF,RG,6450,1,F,AK,AK,F
13:47:43,INDF,RG,6450,12,F,KZ,AK,F
13:47:34,INDF,RG,6450,12,F,KZ,AK,F
13:47:25,INDF,RG,6450,19,F,KZ,AK,F
13:47:10,INDF,RG,6450,1,F,AK,AK,F
13:47:10,INDF,RG,6450,13,F,KZ,AK,F
13:47:01,INDF,RG,6450,3,F,AK,AK,F
13:47:00,INDF,RG,6450,9,F,KZ,AK,F
13:47:00,INDF,RG,6450,5,F,KZ,XC,D
13:47:00,INDF,RG,6450,1,F,KZ,XC,D
13:47:00,INDF,RG,6425,122,F,CC,AK,F
13:47:00,INDF,RG,6425,1,D,PD,AK,F
13:47:00,INDF,RG,6425,11,F,RX,AK,F
13:47:00,INDF,RG,6425,1,D,NI,AK,F
13:47:00,INDF,RG,6425,11,F,BK,AK,F
13:47:00,INDF,RG,6425,24,F,ZP,AK,F
13:46:49,INDF,RG,6450,1,F,KZ,XC,D
13:46:49,INDF,RG,6450,2,F,KZ,PD,D
13:46:49,INDF,RG,6450,5,F,KZ,YB,D
13:46:45,INDF,RG,6425,1,F,ZP,AK,F
13:46:45,INDF,RG,6425,5,F,RX,AK,F
13:46:43,INDF,RG,6450,16,F,KZ,YB,D
13:46:31,INDF,RG,6450,8,F,KZ,YB,D
13:46:25,INDF,RG,6450,8,F,KZ,YB,D
13:46:19,INDF,RG,6450,7,F,KZ,YB,D
13:46:14,INDF,RG,6450,1,F,AK,YB,D
13:46:14,INDF,RG,6425,5,F,RX,CC,D
13:46:14,INDF,RG,6425,5,F,RX,CC,D
13:46:13,INDF,RG,6450,5,F,KZ,YB,D
13:46:13,INDF,RG,6450,1,F,KZ,XA,D
13:46:13,INDF,RG,6450,1,F,KZ,DX,D
13:46:13,INDF,RG,6450,3,F,KZ,PD,D
13:46:13,INDF,RG,6450,2,F,KZ,NI,D
13:46:04,INDF,RG,6450,12,F,KZ,NI,D
13:46:04,INDF,RG,6450,1,F,KZ,CC,D
13:45:52,INDF,RG,6450,3,F,KZ,CC,D
13:45:52,INDF,RG,6450,3,F,KZ,KK,D
13:45:46,INDF,RG,6450,12,F,KZ,KK,D
13:45:45,INDF,RG,6425,5,F,RX,AK,F
13:45:34,INDF,RG,6450,7,F,KZ,KK,D
13:45:28,INDF,RG,6450,1,F,AK,KK,D
13:45:28,INDF,RG,6450,12,F,KZ,KK,D
13:45:16,INDF,RG,6450,15,F,KZ,KK,D
13:45:13,INDF,RG,6425,3,F,RX,FS,D
13:45:01,INDF,RG,6450,11,F,KZ,KK,D
13:44:52,INDF,RG,6450,14,F,KZ,KK,D
13:44:43,INDF,RG,6450,9,F,KZ,KK,D
13:44:37,INDF,RG,6450,14,F,KZ,KK,D
13:44:27,INDF,RG,6450,2,F,KZ,KK,D
13:44:27,INDF,RG,6450,1,F,KZ,PD,D
13:44:27,INDF,RG,6450,1,F,KZ,EP,D
13:44:27,INDF,RG,6450,4,F,KZ,AK,F
13:44:27,INDF,RG,6425,5,F,RX,BB,F
13:44:27,INDF,RG,6425,1,D,XL,BB,F
13:44:22,INDF,RG,6450,13,F,KZ,AK,F
13:44:13,INDF,RG,6450,6,F,KZ,AK,F
13:43:58,INDF,RG,6425,17,F,KZ,AK,F
13:43:58,INDF,RG,6425,1,F,RX,AK,F
13:43:58,INDF,RG,6425,2,F,ZP,AK,F
13:43:58,INDF,RG,6425,20,F,ZP,AK,F
13:43:58,INDF,RG,6425,1,F,RX,AK,F
13:43:58,INDF,RG,6425,2,F,CS,AK,F
13:43:58,INDF,RG,6425,5,F,CS,AK,F
13:43:58,INDF,RG,6425,10,D,SQ,AK,F
13:43:58,INDF,RG,6425,11,F,BK,AK,F
13:43:58,INDF,RG,6425,2,F,RX,AK,F
13:43:58,INDF,RG,6425,3,F,AK,AK,F
13:43:58,INDF,RG,6425,13,F,AK,AK,F
13:43:58,INDF,RG,6425,1,F,AK,AK,F
13:43:58,INDF,RG,6425,3,F,AK,AK,F
13:43:58,INDF,RG,6425,6,F,RX,AK,F
13:43:58,INDF,RG,6450,18,F,KZ,AK,F
13:43:46,INDF,RG,6450,9,F,KZ,AK,F
13:43:40,INDF,RG,6450,13,F,KZ,AK,F
13:43:31,INDF,RG,6450,1,F,AK,AK,F
13:43:31,INDF,RG,6450,9,F,KZ,AK,F
13:43:25,INDF,RG,6450,9,F,KZ,AK,F
13:43:19,INDF,RG,6450,5,F,KZ,AK,F
13:43:16,INDF,RG,6450,9,F,KZ,AK,F
13:43:10,INDF,RG,6450,8,F,KZ,AK,F
13:43:04,INDF,RG,6450,5,F,KZ,AK,F
13:43:01,INDF,RG,6450,9,F,KZ,AK,F
13:42:55,INDF,RG,6450,9,F,KZ,AK,F
13:42:49,INDF,RG,6450,1,F,AK,AK,F
13:42:49,INDF,RG,6450,9,F,KZ,AK,F
13:42:43,INDF,RG,6450,9,F,KZ,AK,F
13:42:37,INDF,RG,6450,13,F,KZ,AK,F
13:42:28,INDF,RG,6450,9,F,KZ,AK,F
13:42:22,INDF,RG,6450,14,F,KZ,AK,F
13:42:13,INDF,RG,6450,1,F,AK,AK,F
13:42:13,INDF,RG,6450,18,F,KZ,AK,F
13:42:08,INDF,RG,6450,5,D,NI,AK,F
13:42:01,INDF,RG,6450,17,F,KZ,AK,F
13:41:49,INDF,RG,6450,18,F,KZ,AK,F
13:41:37,INDF,RG,6450,18,F,KZ,AK,F
13:41:25,INDF,RG,6450,1,F,AK,AK,F
13:41:25,INDF,RG,6450,9,F,KZ,AK,F
13:41:19,INDF,RG,6450,14,F,KZ,AK,F
13:41:10,INDF,RG,6450,4,F,KZ,AK,F
13:41:07,INDF,RG,6450,13,F,KZ,AK,F
13:41:07,INDF,RG,6450,5,F,KZ,GR,D
13:40:55,INDF,RG,6450,14,F,KZ,GR,D
13:40:46,INDF,RG,6450,1,F,AK,GR,D
13:40:46,INDF,RG,6450,1,F,KZ,GR,D
13:40:46,INDF,RG,6450,1,F,KZ,XC,D
13:40:46,INDF,RG,6450,2,F,KZ,YP,D
13:40:43,INDF,RG,6450,9,F,KZ,YP,D
13:40:38,INDF,RG,6425,6,F,RX,AK,F
13:40:37,INDF,RG,6450,13,F,KZ,YP,D
13:40:28,INDF,RG,6450,18,F,KZ,YP,D
13:40:16,INDF,RG,6450,5,F,KZ,YP,D
13:40:13,INDF,RG,6450,1,F,AK,YP,D
13:40:13,INDF,RG,6450,13,F,KZ,YP,D
13:40:04,INDF,RG,6425,10,F,RX,AK,F
13:40:04,INDF,RG,6450,14,F,KZ,YP,D
13:39:56,INDF,RG,6450,1,F,AK,YP,D
13:39:55,INDF,RG,6425,81,F,RX,AK,F
13:39:55,INDF,RG,6425,1,F,RX,AK,F
13:39:55,INDF,RG,6450,9,F,KZ,YP,D
13:39:49,INDF,RG,6425,1,F,RX,AK,F
13:39:49,INDF,RG,6450,1,F,AK,YP,D
13:39:49,INDF,RG,6450,13,F,KZ,YP,D
13:39:40,INDF,RG,6425,1,F,RX,AK,F
13:39:40,INDF,RG,6450,1,F,KZ,YP,D
13:39:40,INDF,RG,6450,5,F,KZ,PD,D
13:39:40,INDF,RG,6450,2,F,KZ,OD,D
13:39:40,INDF,RG,6450,1,F,KZ,YB,D
13:39:34,INDF,RG,6425,2,F,RX,AK,F
13:39:34,INDF,RG,6450,4,F,KZ,YB,D
13:39:34,INDF,RG,6450,9,F,KZ,AO,D
13:39:31,INDF,RG,6425,2,F,RX,YP,D
13:39:26,INDF,RG,6425,3,F,RX,CC,D
13:39:26,INDF,RG,6425,2,F,RX,AK,F
13:39:25,INDF,RG,6450,18,F,KZ,AO,D
13:39:13,INDF,RG,6450,1,F,AK,AO,D
13:39:13,INDF,RG,6425,2,F,RX,AK,F
13:39:13,INDF,RG,6450,14,F,KZ,AO,D
13:39:04,INDF,RG,6425,1,F,RX,AK,F
13:39:04,INDF,RG,6450,8,F,KZ,AO,D
13:39:04,INDF,RG,6450,5,F,KZ,CC,D
13:38:55,INDF,RG,6425,1,F,RX,AK,F
13:38:55,INDF,RG,6450,9,F,KZ,CC,D
13:38:49,INDF,RG,6425,1,F,RX,AK,F
13:38:49,INDF,RG,6450,2,F,KZ,CC,D
13:38:49,INDF,RG,6450,7,F,KZ,YP,D
13:38:43,INDF,RG,6425,1,F,RX,AK,F
13:38:43,INDF,RG,6450,9,F,KZ,YP,D
13:38:37,INDF,RG,6450,1,F,AK,YP,D
13:38:37,INDF,RG,6425,1,F,RX,AK,F
13:38:37,INDF,RG,6450,9,F,KZ,YP,D
13:38:31,INDF,RG,6425,2,F,RX,AK,F
13:38:31,INDF,RG,6450,13,F,KZ,YP,D
13:38:23,INDF,RG,6425,1,F,RX,PD,D
13:38:22,INDF,RG,6425,1,F,RX,AK,F
13:38:21,INDF,RG,6450,9,F,KZ,YP,D
13:38:16,INDF,RG,6425,1,F,RX,AK,F
13:38:16,INDF,RG,6450,18,F,KZ,YP,D
13:38:03,INDF,RG,6450,5,F,KZ,YP,D
13:38:00,INDF,RG,6450,4,F,KZ,YP,D
13:37:58,INDF,RG,6450,1,F,AK,YP,D
13:37:58,INDF,RG,6450,13,F,KZ,YP,D
13:37:49,INDF,RG,6450,14,F,KZ,YP,D
13:37:49,INDF,RG,6450,1,D,XC,YP,D
13:37:47,INDF,RG,6450,1,D,NI,YP,D
13:37:39,INDF,RG,6450,18,F,KZ,YP,D
13:37:27,INDF,RG,6450,14,F,KZ,YP,D
13:37:19,INDF,RG,6450,1,F,AK,YP,D
13:37:18,INDF,RG,6450,9,F,KZ,YP,D
13:37:12,INDF,RG,6450,17,F,KZ,YP,D
13:37:00,INDF,RG,6450,18,F,KZ,YP,D
13:36:48,INDF,RG,6450,5,F,KZ,YP,D
13:36:46,INDF,RG,6450,1,F,AK,YP,D
13:36:45,INDF,RG,6450,19,F,KZ,YP,D
13:36:29,INDF,RG,6450,1,F,AK,YP,D
13:36:29,INDF,RG,6425,54,F,RX,AK,F
13:36:29,INDF,RG,6425,6,F,KZ,AK,F
13:36:29,INDF,RG,6425,1,F,CS,AK,F
13:36:29,INDF,RG,6425,3,F,ZP,AK,F
13:36:29,INDF,RG,6425,6,F,ZP,AK,F
13:36:28,INDF,RG,6450,6,F,KZ,YP,D
13:36:28,INDF,RG,6450,12,F,RX,YP,D
13:36:26,INDF,RG,6450,2,F,RX,YP,D
13:36:24,INDF,RG,6450,18,F,KZ,YP,D
13:36:13,INDF,RG,6450,1,F,AK,YP,D
13:36:12,INDF,RG,6450,18,F,KZ,YP,D
13:36:00,INDF,RG,6450,18,F,KZ,YP,D
13:35:48,INDF,RG,6450,18,F,KZ,YP,D
13:35:36,INDF,RG,6450,9,F,KZ,YP,D
13:35:30,INDF,RG,6450,4,F,KZ,YP,D
13:35:28,INDF,RG,6450,1,F,AK,YP,D
13:35:27,INDF,RG,6450,18,F,KZ,YP,D
13:35:15,INDF,RG,6450,9,F,KZ,YP,D
13:35:09,INDF,RG,6450,18,F,KZ,YP,D
13:34:59,INDF,RG,6450,10,F,RX,YP,D
13:34:57,INDF,RG,6450,9,F,KZ,YP,D
13:34:51,INDF,RG,6450,5,F,KZ,YP,D
13:34:49,INDF,RG,6450,1,F,AK,YP,D
13:34:48,INDF,RG,6450,8,F,KZ,YP,D
13:34:42,INDF,RG,6450,14,F,KZ,YP,D
13:34:33,INDF,RG,6450,18,F,KZ,YP,D
13:34:22,INDF,RG,6450,9,F,KZ,YP,D
13:34:15,INDF,RG,6450,13,F,KZ,YP,D
13:34:07,INDF,RG,6450,1,F,AK,YP,D
13:34:06,INDF,RG,6450,14,F,KZ,YP,D
13:33:57,INDF,RG,6450,9,F,KZ,YP,D
13:33:57,INDF,RG,6450,12,F,RX,YP,D
13:33:51,INDF,RG,6450,9,F,KZ,YP,D
13:33:47,INDF,RG,6450,1,F,AK,YP,D
13:33:46,INDF,RG,6425,15,F,ZP,AK,F
13:33:46,INDF,RG,6425,6,F,CS,AK,F
13:33:46,INDF,RG,6425,35,D,CP,AK,F
13:33:45,INDF,RG,6450,7,F,KZ,YP,D
13:33:45,INDF,RG,6450,3,F,KZ,DX,F
13:33:45,INDF,RG,6450,7,F,KZ,YP,D
13:33:33,INDF,RG,6450,7,F,KZ,YP,D
13:33:30,INDF,RG,6450,1,F,AK,YP,D
13:33:29,INDF,RG,6450,16,F,KZ,YP,D
13:33:29,INDF,RG,6450,1,D,PD,YP,D
13:33:18,INDF,RG,6450,18,F,KZ,YP,D
13:33:10,INDF,RG,6450,7,F,RX,YP,D
13:33:08,INDF,RG,6450,4,F,RX,YP,D
13:33:06,INDF,RG,6450,18,F,KZ,YP,D
13:32:55,INDF,RG,6450,1,F,AK,YP,D
13:32:54,INDF,RG,6450,9,F,KZ,YP,D
13:32:48,INDF,RG,6450,9,F,KZ,YP,D
13:32:42,INDF,RG,6450,18,F,KZ,YP,D
13:32:30,INDF,RG,6450,13,F,KZ,YP,D
13:32:22,INDF,RG,6450,1,F,AK,YP,D
13:32:21,INDF,RG,6450,18,F,KZ,YP,D
13:32:09,INDF,RG,6450,18,F,KZ,YP,D
13:32:03,INDF,RG,6450,12,F,RX,YP,D
13:32:00,INDF,RG,6450,2,F,RX,YP,D
13:31:57,INDF,RG,6450,4,F,KZ,YP,D
13:31:54,INDF,RG,6450,16,F,KZ,YP,D
13:31:54,INDF,RG,6450,1,F,KZ,NI,D
13:31:54,INDF,RG,6450,1,F,KZ,NI,D
13:31:43,INDF,RG,6450,1,F,AK,NI,D
13:31:42,INDF,RG,6450,2,F,KZ,NI,D
13:31:42,INDF,RG,6450,2,F,KZ,XL,D
13:31:42,INDF,RG,6450,4,F,KZ,NI,D
13:31:42,INDF,RG,6450,1,F,KZ,JB,D
13:31:38,INDF,RG,6425,1,D,CP,CC,F
13:31:38,INDF,RG,6425,1,D,CP,AK,F
13:31:38,INDF,RG,6425,1,D,CP,BB,F
13:31:38,INDF,RG,6425,12,D,CP,AK,F
13:31:36,INDF,RG,6425,11,F,KZ,AK,F
13:31:30,INDF,RG,6425,11,F,KZ,AK,F
13:31:25,INDF,RG,6425,1,F,CS,AK,F
13:31:24,INDF,RG,6425,16,F,KZ,AK,F
13:31:16,INDF,RG,6425,1,F,AK,AK,F
13:31:15,INDF,RG,6425,16,F,KZ,AK,F
13:31:06,INDF,RG,6425,17,F,KZ,AK,F
13:30:57,INDF,RG,6425,6,F,KZ,AK,F
13:30:57,INDF,RG,6425,2,F,KZ,CC,D
13:30:57,INDF,RG,6425,1,F,KZ,XC,D
13:30:57,INDF,RG,6425,7,F,KZ,BK,F
13:30:48,INDF,RG,6425,8,F,KZ,BK,F
13:30:46,INDF,RG,6425,3,F,RX,BK,F
13:30:44,INDF,RG,6425,1,F,AK,BK,F
13:30:44,INDF,RG,6425,8,F,KZ,BK,F
13:30:44,INDF,RG,6425,13,F,RX,BK,F
13:30:42,INDF,RG,6425,1,F,AK,BK,F
13:30:41,INDF,RG,6425,14,F,ZP,BK,F
13:30:41,INDF,RG,6425,92,F,ZP,BK,F
13:30:40,INDF,RG,6425,1,F,AK,BK,F
13:30:39,INDF,RG,6425,3,F,KZ,BK,F
13:30:39,INDF,RG,6425,8,F,KZ,YP,D
13:30:33,INDF,RG,6425,16,F,KZ,YP,D
13:30:24,INDF,RG,6425,6,F,KZ,YP,D
13:30:21,INDF,RG,6425,7,F,KZ,YP,D
13:30:16,INDF,RG,6425,1,F,AK,YP,D
13:30:15,INDF,RG,6425,59,F,RX,YP,D
13:30:08,INDF,RG,6425,1,F,AK,YP,D
13:30:07,INDF,RG,6425,5,F,AK,YP,D
13:30:07,INDF,RG,6425,32,F,AK,YP,D
13:30:06,INDF,RG,6425,9,F,AK,YP,D
13:30:05,INDF,RG,6425,6,F,AK,YP,D
13:30:04,INDF,RG,6400,1,D,KK,XL,D
13:30:03,INDF,RG,6425,13,F,RX,YP,D
13:30:03,INDF,RG,6425,4,F,RX,PD,D
13:30:03,INDF,RG,6425,5,F,RX,PD,D
13:30:03,INDF,RG,6425,1,F,RX,PD,D
13:30:03,INDF,RG,6425,1,F,RX,KK,D
13:30:03,INDF,RG,6425,9,F,RX,YB,D
13:30:03,INDF,RG,6425,1,D,XC,YB,D
13:30:03,INDF,RG,6425,2,D,XC,KK,D
13:30:03,INDF,RG,6425,4,D,XC,KK,D
13:30:03,INDF,RG,6425,2,D,XC,KK,D
13:30:03,INDF,RG,6425,1,D,XC,HP,D
13:30:03,INDF,RG,6425,4,D,XL,HP,D
13:30:03,INDF,RG,6425,1,D,XL,BB,F
13:30:03,INDF,RG,6400,2,D,KK,AK,F
13:30:03,INDF,RG,6400,1,D,IF,AK,F
13:30:03,INDF,RG,6400,1,D,PD,AK,F
13:30:03,INDF,RG,6400,1,D,YP,AK,F
13:30:03,INDF,RG,6400,3,D,XL,AK,F
13:30:03,INDF,RG,6400,100,D,YP,AK,F
13:30:03,INDF,RG,6400,1,D,YP,AK,F
13:30:03,INDF,RG,6400,24,D,PD,AK,F
13:30:03,INDF,RG,6400,1,D,PD,AK,F
13:30:03,INDF,RG,6400,10,F,BK,AK,F
13:30:03,INDF,RG,6400,1,D,XL,AK,F
13:30:03,INDF,RG,6400,50,D,XA,AK,F
13:30:03,INDF,RG,6400,1,D,NI,AK,F
13:30:03,INDF,RG,6400,10,D,YP,AK,F
13:30:03,INDF,RG,6400,20,D,PD,AK,F
13:30:03,INDF,RG,6400,50,D,YP,AK,F
13:30:03,INDF,RG,6400,10,D,PD,AK,F
13:30:03,INDF,RG,6400,10,D,XC,AK,F
13:30:03,INDF,RG,6400,1,D,PD,AK,F
13:30:03,INDF,RG,6400,1,D,CC,AK,F
13:30:03,INDF,RG,6400,25,D,YU,AK,F
13:30:03,INDF,RG,6400,2,D,YP,AK,F
13:30:03,INDF,RG,6400,37,F,BK,AK,F
13:30:03,INDF,RG,6400,10,D,PD,AK,F
13:30:03,INDF,RG,6400,1,D,EP,AK,F
13:30:03,INDF,RG,6400,2,D,PD,AK,F
13:30:03,INDF,RG,6400,10,D,DH,AK,F
13:30:03,INDF,RG,6400,4,D,XL,AK,F
13:30:03,INDF,RG,6400,2,D,XC,AK,F
13:30:03,INDF,RG,6400,3,D,YP,AK,F
13:30:03,INDF,RG,6400,50,D,PD,AK,F
13:30:03,INDF,RG,6400,10,D,SQ,AK,F
13:30:03,INDF,RG,6400,1,D,NI,AK,F
13:30:03,INDF,RG,6400,5,D,SQ,AK,F
13:30:03,INDF,RG,6400,34,D,MK,AK,F
13:30:02,INDF,RG,6425,1,D,XL,BB,F
13:30:02,INDF,RG,6400,2,D,MK,AK,F
13:30:02,INDF,RG,6425,1,F,AK,BB,F
13:30:02,INDF,RG,6425,1,F,AK,BB,F
13:30:02,INDF,RG,6425,1,F,AK,BB,F
13:30:02,INDF,RG,6425,1,F,AK,BB,F
13:30:02,INDF,RG,6425,1,F,AK,BB,F
13:30:02,INDF,RG,6425,5,D,YP,BB,F
13:30:02,INDF,RG,6425,1,D,CC,BB,F
13:30:02,INDF,RG,6425,1,D,CC,BB,F
13:30:01,INDF,RG,6425,5,D,YP,BB,F
13:30:01,INDF,RG,6400,5,D,MK,PD,D
13:30:01,INDF,RG,6425,1,D,PD,BB,F
13:30:01,INDF,RG,6425,1,D,PD,BB,F
13:30:01,INDF,RG,6425,3,D,PD,BB,F
13:30:01,INDF,RG,6400,5,D,MK,PD,D
13:30:01,INDF,RG,6425,3,D,YP,BB,F
13:30:01,INDF,RG,6425,6,D,YP,DX,F
13:30:01,INDF,RG,6425,1,D,YP,DX,F
13:30:01,INDF,RG,6400,5,D,MK,YP,D
13:30:01,INDF,RG,6425,1,D,KK,DX,F
13:30:01,INDF,RG,6425,4,D,PD,DX,F
13:30:01,INDF,RG,6425,6,D,PD,BK,F
13:30:01,INDF,RG,6425,5,D,SQ,BK,F
13:30:01,INDF,RG,6425,5,D,SQ,DX,F
13:30:01,INDF,RG,6425,1,D,SQ,AK,F
13:30:01,INDF,RG,6425,141,D,SQ,AK,F
13:30:01,INDF,RG,6425,8,D,SQ,AK,F
13:30:01,INDF,RG,6400,5,D,MK,AZ,D
13:30:01,INDF,RG,6425,50,D,DR,AK,F
13:30:01,INDF,RG,6425,50,D,DR,AK,F
11:29:56,INDF,RG,6425,1,F,AK,AK,F
11:29:55,INDF,RG,6400,1,D,MK,BB,F
11:29:49,INDF,RG,6400,15,D,MK,AK,F
11:29:49,INDF,RG,6400,1,D,MK,AK,F
11:29:48,INDF,RG,6425,2,F,BK,AK,F
11:29:45,INDF,RG,6425,1,F,AK,AK,F
11:29:45,INDF,RG,6400,9,D,MK,AK,F
11:29:45,INDF,RG,6400,7,D,MK,AK,F
11:29:45,INDF,RG,6425,1,F,AK,AK,F
11:29:45,INDF,RG,6425,1,F,AK,AK,F
11:29:44,INDF,RG,6425,10,F,RX,AK,F
11:29:29,INDF,RG,6425,43,D,KZ,AK,F
11:29:24,INDF,RG,6425,11,D,KZ,AK,F
11:29:20,INDF,RG,6425,1,F,AK,AK,F
11:29:19,INDF,RG,6425,19,D,KZ,AK,F
11:29:19,INDF,RG,6425,22,D,KZ,AK,F
11:29:14,INDF,RG,6400,1,D,MK,BB,F
11:28:51,INDF,RG,6425,4,F,BK,AK,F
11:28:51,INDF,RG,6425,17,F,RX,AK,F
11:28:49,INDF,RG,6425,1,F,RX,AK,F
11:28:48,INDF,RG,6400,1,D,MK,YP,D
11:28:46,INDF,RG,6425,2,F,AK,AK,F
11:28:46,INDF,RG,6400,107,D,MK,AK,F
11:28:45,INDF,RG,6425,7,F,AK,AK,F
11:28:45,INDF,RG,6425,1,F,AK,AK,F
11:28:45,INDF,RG,6425,1,F,AK,AK,F
11:28:45,INDF,RG,6425,1,F,AK,AK,F
11:28:34,INDF,RG,6425,1,F,AK,AK,F
11:28:33,INDF,RG,6400,12,D,MK,BK,F
11:28:31,INDF,RG,6400,25,D,MK,AK,F
11:28:10,INDF,RG,6400,6,D,MK,BB,F
11:28:01,INDF,RG,6425,24,F,RX,AK,F
11:28:01,INDF,RG,6425,1,F,AK,AK,F
11:28:00,INDF,RG,6425,5,F,AK,AK,F
11:28:00,INDF,RG,6425,1,F,AK,AK,F
11:27:55,INDF,RG,6400,12,D,MK,DR,D
11:27:51,INDF,RG,6400,31,D,MK,DR,D
11:27:46,INDF,RG,6425,7,F,BK,AK,F
11:27:46,INDF,RG,6425,2,F,AK,AK,F
11:27:46,INDF,RG,6400,101,D,MK,AK,F
11:27:45,INDF,RG,6425,2,F,AK,AK,F
11:27:45,INDF,RG,6425,1,F,AK,AK,F
11:27:44,INDF,RG,6425,1,D,HD,AK,F
11:27:42,INDF,RG,6400,10,D,MK,DR,D
11:27:41,INDF,RG,6425,1,F,AK,AK,F
11:27:41,INDF,RG,6400,23,D,MK,DR,D
11:27:16,INDF,RG,6400,44,D,MK,AK,F
11:27:15,INDF,RG,6425,1,F,AK,AK,F
11:26:59,INDF,RG,6425,2,D,NI,AK,F
11:26:50,INDF,RG,6425,7,F,RX,AK,F
11:26:48,INDF,RG,6425,3,F,RX,AK,F
11:26:46,INDF,RG,6425,1,F,AK,AK,F
11:26:46,INDF,RG,6400,16,D,MK,AK,F
11:26:45,INDF,RG,6425,6,F,AK,AK,F
11:26:45,INDF,RG,6425,1,F,AK,AK,F
11:26:26,INDF,RG,6425,1,F,AK,AK,F
11:26:26,INDF,RG,6400,22,D,MK,DR,D
11:26:26,INDF,RG,6400,5,D,YP,DR,D
11:26:26,INDF,RG,6400,3,D,YP,DR,D
11:26:26,INDF,RG,6400,19,F,BK,DR,D
11:26:26,INDF,RG,6400,3,D,XC,DR,D
11:26:26,INDF,RG,6400,14,F,CC,DR,D
11:26:18,INDF,RG,6425,11,F,BK,AK,F
11:26:15,INDF,RG,6425,3,F,AK,AK,F
11:26:15,INDF,RG,6425,5,D,PD,AK,F
11:25:59,INDF,RG,6425,7,F,RX,AK,F
11:25:57,INDF,RG,6425,6,F,RX,AK,F
11:25:56,INDF,RG,6425,1,F,AK,AK,F
11:25:56,INDF,RG,6425,10,F,BK,AK,F
11:25:51,INDF,RG,6400,1,F,CC,DR,D
11:25:50,INDF,RG,6425,1,F,AK,AK,F
11:25:50,INDF,RG,6400,23,F,CC,BB,F
11:25:50,INDF,RG,6400,67,F,CC,DR,D
11:25:45,INDF,RG,6425,2,F,AK,AK,F
11:25:24,INDF,RG,6425,1,D,CP,AK,F
11:25:06,INDF,RG,6425,5,D,PD,AK,F
11:25:00,INDF,RG,6425,9,F,AK,AK,F
11:25:00,INDF,RG,6425,1,F,AK,AK,F
11:25:00,INDF,RG,6425,1,F,AK,AK,F
11:24:59,INDF,RG,6425,24,F,RX,AK,F
11:24:57,INDF,RG,6425,2,F,RX,AK,F
11:24:46,INDF,RG,6425,4,F,AK,AK,F
11:24:46,INDF,RG,6400,45,F,CC,AK,F
11:24:46,INDF,RG,6400,1,D,YP,AK,F
11:24:46,INDF,RG,6400,1,D,PD,AK,F
11:24:46,INDF,RG,6400,30,F,CC,AK,F
11:24:46,INDF,RG,6400,111,D,DH,AK,F
11:24:46,INDF,RG,6400,5,D,XL,AK,F
11:24:46,INDF,RG,6400,10,D,XL,AK,F
11:24:46,INDF,RG,6400,20,D,YP,AK,F
11:24:46,INDF,RG,6400,16,D,LG,AK,F
11:24:46,INDF,RG,6400,1,D,XL,AK,F
11:24:46,INDF,RG,6400,5,D,YP,AK,F
11:24:46,INDF,RG,6400,1,D,OD,AK,F
11:24:46,INDF,RG,6400,6,D,OD,AK,F
11:24:15,INDF,RG,6425,5,F,AK,AK,F
11:24:15,INDF,RG,6425,1,F,AK,AK,F
11:24:03,INDF,RG,6425,12,F,RX,AK,F
11:24:03,INDF,RG,6425,11,F,BK,AK,F
11:24:01,INDF,RG,6425,3,F,RX,AK,F
11:23:46,INDF,RG,6425,2,F,AK,AK,F
11:23:46,INDF,RG,6400,24,D,OD,AK,F
11:23:46,INDF,RG,6400,30,D,OD,AK,F
11:23:46,INDF,RG,6400,2,D,SQ,AK,F
11:23:46,INDF,RG,6400,25,D,PD,AK,F
11:23:46,INDF,RG,6400,10,D,CC,AK,F
11:23:46,INDF,RG,6400,15,D,XA,AK,F
11:23:31,INDF,RG,6400,12,D,XA,AK,F
11:23:30,INDF,RG,6425,3,F,AK,AK,F
11:23:30,INDF,RG,6425,1,F,AK,AK,F
11:23:28,INDF,RG,6425,1,D,YP,AK,F
11:23:22,INDF,RG,6425,1,F,AK,AK,F
11:23:21,INDF,RG,6425,12,F,BK,AK,F
11:23:16,INDF,RG,6400,1,D,XA,AK,F
11:22:53,INDF,RG,6425,1,F,RX,AK,F
11:22:51,INDF,RG,6425,12,F,RX,AK,F
11:22:45,INDF,RG,6425,9,F,AK,AK,F
11:22:44,INDF,RG,6400,22,D,XA,DR,D
11:22:44,INDF,RG,6400,1,D,PD,DR,D
11:22:44,INDF,RG,6400,5,D,SQ,DR,D
11:22:44,INDF,RG,6400,5,D,SQ,DR,D
11:22:44,INDF,RG,6400,3,D,PD,DR,D
11:22:31,INDF,RG,6425,1,F,AK,AK,F
11:22:30,INDF,RG,6425,1,F,AK,AK,F
11:22:15,INDF,RG,6425,2,D,XL,AK,F
11:22:01,INDF,RG,6400,4,D,PD,AK,F
11:21:58,INDF,RG,6400,13,D,PD,DR,D
11:21:58,INDF,RG,6400,8,D,PD,DR,D
11:21:58,INDF,RG,6400,9,D,EP,DR,D
11:21:58,INDF,RG,6400,5,D,PD,DR,D
11:21:58,INDF,RG,6400,1,D,CC,DR,D
11:21:58,INDF,RG,6400,1,D,EP,DR,D
11:21:58,INDF,RG,6400,1,D,PD,DR,D
11:21:30,INDF,RG,6425,7,F,AK,AK,F
11:21:30,INDF,RG,6425,1,F,AK,PD,D
11:21:30,INDF,RG,6425,1,F,AK,PD,D
11:21:29,INDF,RG,6425,6,D,OD,PD,D
11:21:29,INDF,RG,6425,4,D,OD,BK,F
11:21:15,INDF,RG,6425,1,F,AK,BK,F
11:21:05,INDF,RG,6425,6,F,RX,BK,F
11:21:05,INDF,RG,6425,10,F,RX,DR,D
11:21:04,INDF,RG,6425,3,F,AK,DR,D
11:21:03,INDF,RG,6425,5,F,RX,DR,D
11:20:50,INDF,RG,6425,2,D,CP,DR,D
11:20:46,INDF,RG,6425,4,F,AK,DR,D
11:20:46,INDF,RG,6400,1,D,PD,AK,F
11:20:46,INDF,RG,6400,1,D,PD,AK,F
11:20:46,INDF,RG,6400,10,D,DR,AK,F
11:20:46,INDF,RG,6400,1,D,LS,AK,F
11:20:46,INDF,RG,6400,1,D,KK,AK,F
11:20:46,INDF,RG,6400,100,D,YP,AK,F
11:20:46,INDF,RG,6400,2,D,YP,AK,F
11:20:46,INDF,RG,6400,1,D,YP,AK,F
11:20:46,INDF,RG,6400,3,D,PD,AK,F
11:20:46,INDF,RG,6400,2,D,KK,AK,F
11:20:46,INDF,RG,6400,100,D,KK,AK,F
11:20:46,INDF,RG,6400,43,D,AG,AK,F
11:20:33,INDF,RG,6425,1,F,AK,DR,D
11:20:32,INDF,RG,6425,15,D,CC,DR,D
11:20:32,INDF,RG,6425,5,D,CC,DX,F
11:20:32,INDF,RG,6425,2,D,CC,AK,F
11:20:32,INDF,RG,6425,8,D,CC,KK,D
11:20:32,INDF,RG,6425,6,D,CC,AK,F
11:20:29,INDF,RG,6425,18,D,KZ,AK,F
11:20:29,INDF,RG,6425,5,D,KZ,DX,F
11:20:29,INDF,RG,6425,13,D,KZ,BB,F
11:20:24,INDF,RG,6425,1,F,AK,BB,F
11:20:24,INDF,RG,6425,8,D,KZ,BB,F
11:20:24,INDF,RG,6425,1,D,KZ,DR,D
11:20:23,INDF,RG,6425,35,F,ZP,DR,D
11:19:54,INDF,RG,6425,1,D,OD,DR,D
11:19:45,INDF,RG,6425,1,F,AK,DR,D
11:19:26,INDF,RG,6425,2,D,OD,DR,D
11:18:43,INDF,RG,6400,2,D,AG,CC,D
11:18:24,INDF,RG,6425,2,D,OD,DR,D
11:18:15,INDF,RG,6425,1,F,AK,DR,D
11:18:12,INDF,RG,6425,1,F,AK,DR,D
11:18:12,INDF,RG,6400,5,D,AG,DR,D
11:18:12,INDF,RG,6400,2,D,YP,DR,D
11:18:12,INDF,RG,6400,2,D,XC,DR,D
11:18:12,INDF,RG,6400,14,D,YP,DR,D
11:18:10,INDF,RG,6400,20,D,YP,DR,D
11:17:26,INDF,RG,6400,12,D,YP,AK,F
11:17:25,INDF,RG,6400,5,D,YP,EP,D
11:17:23,INDF,RG,6425,1,F,AK,DR,D
11:17:22,INDF,RG,6400,53,D,YP,DR,D
11:17:20,INDF,RG,6425,2,D,OD,DR,D
11:16:32,INDF,RG,6425,1,D,XC,DR,D
11:16:24,INDF,RG,6425,1,D,OD,DR,D
11:16:15,INDF,RG,6425,1,F,AK,DR,D
11:15:29,INDF,RG,6425,1,F,AK,DR,D
11:15:29,INDF,RG,6425,23,D,KZ,DR,D
11:15:29,INDF,RG,6425,2,D,KZ,AK,F
11:15:29,INDF,RG,6425,1,D,KZ,PD,D
11:15:28,INDF,RG,6425,5,D,NI,PD,D
11:15:27,INDF,RG,6425,1,F,AK,PD,D
11:15:27,INDF,RG,6425,3,F,AK,AK,F
11:15:26,INDF,RG,6425,2,D,OD,BK,F
11:14:37,INDF,RG,6425,9,D,SQ,BK,F
11:14:37,INDF,RG,6425,1,D,SQ,BB,F
11:14:37,INDF,RG,6425,1,F,AK,BB,F
11:14:36,INDF,RG,6425,41,D,YP,BB,F
11:14:36,INDF,RG,6425,9,D,YP,DR,D
11:14:28,INDF,RG,6425,1,D,OD,DR,D
11:13:35,INDF,RG,6425,6,F,AK,DR,D
11:13:35,INDF,RG,6400,10,D,YP,DR,D
11:13:35,INDF,RG,6400,375,D,YP,AK,F
11:13:34,INDF,RG,6400,8,D,YP,YP,D
11:13:28,INDF,RG,6425,1,D,OD,DR,D
11:13:12,INDF,RG,6425,15,F,ZP,DR,D
11:13:01,INDF,RG,6425,1,D,YP,DR,D
11:12:59,INDF,RG,6425,1,F,ZP,DR,D
11:12:47,INDF,RG,6425,1,F,AK,DR,D
11:12:47,INDF,RG,6400,3,D,YP,DR,D
11:12:47,INDF,RG,6400,9,D,KK,DR,D
11:12:39,INDF,RG,6425,5,D,YP,DR,D
11:12:32,INDF,RG,6425,1,F,AK,DR,D
11:12:32,INDF,RG,6425,73,D,YP,DR,D
11:12:32,INDF,RG,6425,2,D,YP,AK,F
11:12:30,INDF,RG,6425,1,D,OD,AK,F
11:11:28,INDF,RG,6425,1,D,OD,AK,F
11:11:14,INDF,RG,6425,1,F,ZP,AK,F
11:11:10,INDF,RG,6425,1,F,AK,AK,F
11:11:09,INDF,RG,6425,18,D,KZ,AK,F
11:11:09,INDF,RG,6425,14,D,KZ,AK,F
11:11:09,INDF,RG,6425,5,D,KZ,BK,F
11:10:27,INDF,RG,6425,1,F,ZP,BK,F
11:10:15,INDF,RG,6425,1,F,ZP,BK,F
11:10:15,INDF,RG,6425,6,F,ZP,BK,F
11:10:15,INDF,RG,6425,1,F,ZP,DX,F
11:09:49,INDF,RG,6425,4,F,AK,DX,F
11:09:49,INDF,RG,6425,87,F,AK,BK,F
11:09:49,INDF,RG,6425,7,F,AK,DX,F
11:09:49,INDF,RG,6425,114,F,AK,DR,D
11:09:49,INDF,RG,6425,8,F,AK,DX,F
11:09:49,INDF,RG,6425,10,F,AK,BB,F
11:09:49,INDF,RG,6425,27,F,AK,AK,F
11:09:49,INDF,RG,6425,10,D,YP,AK,F
11:09:42,INDF,RG,6425,4,F,CS,AK,F
11:09:42,INDF,RG,6425,2,F,CS,AK,F
11:09:42,INDF,RG,6425,1,D,OD,AK,F
11:09:42,INDF,RG,6425,11,F,BK,AK,F
11:09:42,INDF,RG,6425,4,F,CS,AK,F
11:09:42,INDF,RG,6425,22,F,RX,AK,F
11:09:42,INDF,RG,6425,3,F,ZP,AK,F
11:09:41,INDF,RG,6425,36,F,ZP,AK,F
11:09:41,INDF,RG,6425,11,F,BK,AK,F
11:09:41,INDF,RG,6425,2,F,CS,AK,F
11:09:41,INDF,RG,6425,10,D,CC,AK,F
11:09:41,INDF,RG,6425,1,F,ZP,AK,F
11:09:41,INDF,RG,6425,2,D,PD,AK,F
11:09:41,INDF,RG,6425,5,D,YP,AK,F
11:09:41,INDF,RG,6425,11,F,RX,AK,F
11:09:41,INDF,RG,6425,1,D,SQ,AK,F
11:09:41,INDF,RG,6425,3,F,CS,AK,F
11:09:41,INDF,RG,6425,1,D,XL,AK,F
11:09:41,INDF,RG,6425,4,F,ZP,AK,F
11:09:41,INDF,RG,6425,10,D,YP,AK,F
11:09:41,INDF,RG,6425,24,D,KZ,AK,F
11:09:41,INDF,RG,6425,79,F,CC,AK,F
11:09:28,INDF,RG,6450,1,D,OD,JB,D
11:09:18,INDF,RG,6425,1,F,CC,PD,D
11:09:09,INDF,RG,6450,8,D,KZ,JB,D
11:09:09,INDF,RG,6450,2,D,KZ,CC,D
11:09:09,INDF,RG,6450,5,D,KZ,XC,D
11:09:09,INDF,RG,6450,15,D,KZ,AK,F
11:08:31,INDF,RG,6425,20,F,CC,YP,D
11:08:31,INDF,RG,6425,15,F,RX,YP,D
11:08:31,INDF,RG,6425,1,F,CS,YP,D
11:08:31,INDF,RG,6425,1,F,CS,YP,D
11:08:31,INDF,RG,6425,3,F,CS,YP,D
11:08:31,INDF,RG,6425,4,D,SQ,YP,D
11:08:31,INDF,RG,6425,5,D,YP,YP,D
11:08:31,INDF,RG,6425,1,D,XL,YP,D
11:08:31,INDF,RG,6425,10,D,XL,DR,D
11:08:31,INDF,RG,6425,7,F,AK,DR,D
11:08:31,INDF,RG,6425,1,F,AK,DR,D
11:08:31,INDF,RG,6425,1,F,AK,DR,D
11:08:31,INDF,RG,6425,6,F,AK,DR,D
11:08:31,INDF,RG,6425,12,F,BK,DR,D
11:08:31,INDF,RG,6425,21,D,PD,DR,D
11:08:29,INDF,RG,6450,2,F,AK,AK,F
11:08:28,INDF,RG,6450,1,D,OD,AK,F
11:08:20,INDF,RG,6450,1,F,AK,AK,F
11:08:19,INDF,RG,6450,37,F,AK,AK,F
11:07:28,INDF,RG,6450,2,D,OD,AK,F
11:07:26,INDF,RG,6425,10,D,PD,DR,D
11:07:25,INDF,RG,6450,1,F,AK,AK,F
11:07:25,INDF,RG,6425,19,D,PD,DR,D
11:07:25,INDF,RG,6425,12,F,RX,DR,D
11:07:25,INDF,RG,6425,33,D,KZ,DR,D
11:07:25,INDF,RG,6425,1,D,PD,DR,D
11:07:25,INDF,RG,6425,6,F,ZP,DR,D
11:07:25,INDF,RG,6425,20,D,EP,DR,D
11:07:17,INDF,RG,6450,1,F,AK,AK,F
11:07:16,INDF,RG,6450,1,F,AK,AK,F
11:07:16,INDF,RG,6425,40,D,EP,AK,F
11:07:16,INDF,RG,6425,1,F,CC,AK,F
11:07:16,INDF,RG,6425,11,F,BK,AK,F
11:07:16,INDF,RG,6425,2,F,ZP,AK,F
11:07:16,INDF,RG,6425,4,F,ZP,AK,F
11:07:16,INDF,RG,6425,14,F,ZP,AK,F
11:07:16,INDF,RG,6425,1,F,CS,AK,F
11:06:45,INDF,RG,6450,4,F,AK,AK,F
11:06:28,INDF,RG,6450,1,D,OD,AK,F
11:05:30,INDF,RG,6450,1,D,OD,AK,F
11:05:24,INDF,RG,6450,26,D,KZ,AK,F
11:04:32,INDF,RG,6450,1,D,OD,AK,F
11:04:06,INDF,RG,6450,1,F,AK,AK,F
11:04:06,INDF,RG,6425,3,F,CS,DR,D
11:04:06,INDF,RG,6425,5,F,RX,DR,D
11:04:06,INDF,RG,6425,1,D,PD,DR,D
11:04:06,INDF,RG,6425,10,D,DR,DR,D
11:04:06,INDF,RG,6425,1,D,YP,DR,D
11:04:06,INDF,RG,6425,20,F,CC,DR,D
11:03:32,INDF,RG,6450,1,D,OD,AK,F
11:02:51,INDF,RG,6425,31,F,CC,DR,D
11:02:50,INDF,RG,6450,2,F,AK,AK,F
11:02:49,INDF,RG,6425,49,F,CC,DR,D
11:02:49,INDF,RG,6425,1,F,CS,DR,D
11:02:49,INDF,RG,6425,38,F,RX,DR,D
11:02:34,INDF,RG,6450,1,D,OD,AK,F
11:02:30,INDF,RG,6450,2,F,AK,AK,F
11:02:13,INDF,RG,6425,10,F,RX,YP,D
11:01:30,INDF,RG,6450,1,D,OD,AK,F
11:01:29,INDF,RG,6450,1,D,YP,AK,F
11:01:04,INDF,RG,6425,1,F,RX,PD,D
11:00:32,INDF,RG,6450,1,D,OD,AK,F
11:00:17,INDF,RG,6450,1,F,AK,AK,F
11:00:16,INDF,RG,6425,39,F,RX,SQ,D
11:00:15,INDF,RG,6450,3,F,AK,AK,F
10:59:45,INDF,RG,6425,2,F,RX,BQ,D
10:59:30,INDF,RG,6450,1,D,OD,AK,F
10:59:26,INDF,RG,6425,9,F,RX,DR,D
10:58:34,INDF,RG,6450,1,D,OD,AK,F
10:58:30,INDF,RG,6450,1,F,AK,AK,F
10:58:30,INDF,RG,6450,1,F,AK,AK,F
10:58:30,INDF,RG,6425,47,F,RX,CC,D
10:58:30,INDF,RG,6425,2,D,XL,CC,D
10:58:30,INDF,RG,6425,1,F,CS,CC,D
10:58:15,INDF,RG,6450,1,F,AK,AK,F
10:58:14,INDF,RG,6450,1,F,AK,AK,F
10:58:14,INDF,RG,6425,1,F,CS,AK,F
10:58:14,INDF,RG,6425,57,F,CC,AK,F
10:58:14,INDF,RG,6425,74,F,CC,DR,D
10:57:45,INDF,RG,6450,22,F,AK,AK,F
10:57:36,INDF,RG,6450,2,D,OD,AK,F
10:56:34,INDF,RG,6450,1,D,OD,AK,F
10:55:52,INDF,RG,6425,2,F,CC,XL,D
10:55:32,INDF,RG,6450,1,D,OD,AK,F
10:55:30,INDF,RG,6450,1,F,AK,AK,F
10:55:15,INDF,RG,6450,2,F,AK,AK,F
10:55:12,INDF,RG,6425,2,F,CC,CC,D
10:54:45,INDF,RG,6450,7,F,AK,AK,F
10:54:30,INDF,RG,6450,1,D,OD,AK,F
10:54:30,INDF,RG,6450,1,F,AK,AK,F
10:54:29,INDF,RG,6450,8,F,RX,AK,F
10:54:27,INDF,RG,6450,4,F,RX,AK,F
10:54:03,INDF,RG,6450,1,F,AK,AK,F
10:54:03,INDF,RG,6425,15,F,CC,YB,D
10:54:03,INDF,RG,6425,12,F,BK,YB,D
10:54:03,INDF,RG,6425,44,F,BK,YB,D
10:54:03,INDF,RG,6425,29,F,AK,YB,D
10:53:30,INDF,RG,6450,1,D,OD,AK,F
10:53:15,INDF,RG,6425,6,F,AK,CC,D
10:53:15,INDF,RG,6425,1,F,ZP,CC,D
10:53:15,INDF,RG,6425,4,F,ZP,CC,D
10:52:46,INDF,RG,6425,2,F,CS,BQ,D
10:52:30,INDF,RG,6450,1,F,AK,AK,F
10:52:30,INDF,RG,6450,1,F,AK,AK,F
10:52:30,INDF,RG,6450,1,D,OD,AK,F
10:52:16,INDF,RG,6450,1,F,AK,AK,F
10:52:16,INDF,RG,6450,30,F,RX,AK,F
10:52:16,INDF,RG,6450,2,F,RX,GR,D
10:52:16,INDF,RG,6450,1,F,RX,DH,D
10:52:16,INDF,RG,6450,4,F,RX,DX,F
10:52:16,INDF,RG,6450,3,F,RX,CC,D
10:52:16,INDF,RG,6450,2,F,RX,YB,D
10:52:16,INDF,RG,6450,49,F,RX,BB,F
10:52:16,INDF,RG,6450,1,F,AK,BB,F
10:52:15,INDF,RG,6425,5,F,RX,AK,F
10:52:15,INDF,RG,6425,18,F,RX,BB,F
10:52:15,INDF,RG,6425,33,F,RX,AK,F
10:52:10,INDF,RG,6425,1,F,AK,AK,F
10:52:09,INDF,RG,6425,8,D,KZ,AK,F
10:52:09,INDF,RG,6425,33,D,KZ,AK,F
10:52:02,INDF,RG,6425,6,F,AK,AK,F
10:52:02,INDF,RG,6425,21,F,AK,AK,F
10:52:02,INDF,RG,6425,195,F,AK,AK,F
10:52:02,INDF,RG,6425,143,F,AK,AK,F
10:52:02,INDF,RG,6425,51,F,AK,DR,D
10:52:02,INDF,RG,6425,40,F,AK,DR,D
10:52:02,INDF,RG,6425,2,F,ZP,DR,D
10:52:02,INDF,RG,6400,13,D,KK,ZP,F
10:52:02,INDF,RG,6425,7,F,ZP,DR,D
10:52:02,INDF,RG,6425,1,F,ZP,PD,D
10:52:02,INDF,RG,6425,9,F,ZP,CC,D
10:52:02,INDF,RG,6425,19,F,ZP,ZP,F
10:52:02,INDF,RG,6425,12,F,YU,ZP,F
10:52:02,INDF,RG,6425,1,F,YU,CC,D
10:52:02,INDF,RG,6425,33,F,YU,KK,D
10:52:02,INDF,RG,6425,196,F,YU,ZP,F
10:52:02,INDF,RG,6425,7,F,YU,DX,F
10:52:02,INDF,RG,6425,101,F,YU,AK,F
10:52:02,INDF,RG,6425,2,F,YU,AK,F
10:52:02,INDF,RG,6425,318,F,YU,AK,F
10:52:02,INDF,RG,6425,4,F,YU,AK,F
10:52:02,INDF,RG,6425,400,F,YU,AK,F
10:52:02,INDF,RG,6425,131,F,YU,AK,F
10:52:02,INDF,RG,6425,5,F,YU,AK,F
10:52:02,INDF,RG,6425,36,F,YU,BK,F
10:52:02,INDF,RG,6425,16,F,YU,BQ,D
10:52:02,INDF,RG,6425,1,F,YU,DX,F
10:52:02,INDF,RG,6425,9,F,YU,DX,F
10:52:02,INDF,RG,6425,7,F,YU,DX,F
10:52:02,INDF,RG,6425,37,F,YU,BB,F
10:52:02,INDF,RG,6425,68,F,YU,DR,D
10:51:32,INDF,RG,6425,1,D,OD,DR,D
10:51:31,INDF,RG,6400,5,D,KK,AK,F
10:51:16,INDF,RG,6400,10,D,KK,ZP,F
10:51:16,INDF,RG,6400,5,D,KK,DR,D
10:51:16,INDF,RG,6400,115,D,KK,AK,F
10:51:00,INDF,RG,6425,8,F,AK,DR,D
10:50:35,INDF,RG,6400,3,D,KK,ZP,F
10:50:33,INDF,RG,6400,42,D,KK,DR,D
10:50:32,INDF,RG,6425,1,D,OD,DR,D
10:50:31,INDF,RG,6400,22,D,KK,DR,D
10:49:50,INDF,RG,6425,2,F,AK,DR,D
10:49:49,INDF,RG,6400,64,D,KK,DR,D
10:48:58,INDF,RG,6400,3,D,KK,ZP,F
10:48:47,INDF,RG,6425,4,D,XC,DR,D
10:48:43,INDF,RG,6425,8,D,NI,DR,D
10:47:16,INDF,RG,6425,15,D,XL,DR,D
10:47:09,INDF,RG,6425,1,D,PD,DR,D
10:46:46,INDF,RG,6425,1,D,GR,DR,D
10:46:00,INDF,RG,6425,7,F,AK,DR,D
10:45:46,INDF,RG,6400,109,D,KK,AK,F
10:45:46,INDF,RG,6400,8,D,KK,AK,F
10:45:36,INDF,RG,6400,25,D,KK,DR,D
10:44:27,INDF,RG,6400,36,D,KK,DR,D
10:44:01,INDF,RG,6400,11,D,KK,BK,F
10:43:58,INDF,RG,6425,1,D,XL,DR,D
10:43:57,INDF,RG,6400,20,D,KK,YP,D
10:43:57,INDF,RG,6400,10,D,YP,YP,D
10:43:57,INDF,RG,6400,1,D,YP,PD,D
10:43:57,INDF,RG,6400,3,D,YP,PD,D
10:43:57,INDF,RG,6400,1,D,YP,XL,D
10:43:40,INDF,RG,6425,5,D,PD,DR,D
10:43:20,INDF,RG,6425,25,D,YP,DR,D
10:43:13,INDF,RG,6425,1,D,PD,DR,D
10:42:30,INDF,RG,6425,1,D,NI,DR,D
10:42:22,INDF,RG,6425,2,D,DH,DR,D
10:42:16,INDF,RG,6450,6,F,AK,DX,F
10:42:16,INDF,RG,6450,4,F,AK,DR,D
10:42:16,INDF,RG,6450,1,F,AK,DR,D
10:42:16,INDF,RG,6450,1,F,AK,DR,D
10:42:16,INDF,RG,6425,1,D,XC,AK,F
10:42:16,INDF,RG,6425,10,D,YU,AK,F
10:42:16,INDF,RG,6425,2,D,CC,AK,F
10:42:16,INDF,RG,6425,11,F,BK,AK,F
10:42:16,INDF,RG,6425,4,F,CS,AK,F
10:42:16,INDF,RG,6425,8,D,PD,AK,F
10:42:16,INDF,RG,6425,10,D,YP,AK,F
10:42:16,INDF,RG,6425,4,D,YP,AK,F
10:42:16,INDF,RG,6425,78,D,YP,AK,F
10:42:16,INDF,RG,6425,1,D,PD,AK,F
10:42:16,INDF,RG,6425,1,D,XA,AK,F
10:42:16,INDF,RG,6425,3,F,CS,AK,F
10:42:16,INDF,RG,6425,1,D,SQ,AK,F
10:42:16,INDF,RG,6425,1,D,SQ,AK,F
10:42:16,INDF,RG,6425,1,D,YP,AK,F
10:42:16,INDF,RG,6425,2,D,SQ,AK,F
10:42:16,INDF,RG,6425,20,D,XC,AK,F
10:42:16,INDF,RG,6425,1,D,YP,AK,F
10:42:16,INDF,RG,6425,2,F,CS,AK,F
10:42:16,INDF,RG,6425,20,D,XL,AK,F
10:42:16,INDF,RG,6425,4,F,CS,AK,F
10:42:16,INDF,RG,6425,166,F,RX,AK,F
10:42:16,INDF,RG,6425,25,D,NI,AK,F
10:42:16,INDF,RG,6425,10,D,XL,AK,F
10:42:16,INDF,RG,6425,1,D,NI,AK,F
10:42:16,INDF,RG,6425,5,D,SQ,AK,F
10:42:16,INDF,RG,6425,5,F,ZP,AK,F
10:42:16,INDF,RG,6425,1,D,OD,AK,F
10:42:16,INDF,RG,6425,10,D,CC,AK,F
10:42:16,INDF,RG,6425,2,F,CS,AK,F
10:42:16,INDF,RG,6425,4,F,ZP,AK,F
10:42:16,INDF,RG,6425,31,F,ZP,AK,F
10:42:16,INDF,RG,6425,1,D,SQ,AK,F
10:42:16,INDF,RG,6425,12,F,BK,AK,F
10:42:16,INDF,RG,6425,100,F,CC,AK,F
10:42:16,INDF,RG,6425,5,D,KK,AK,F
10:42:16,INDF,RG,6425,2,D,YP,AK,F
10:42:16,INDF,RG,6425,6,F,AK,AK,F
10:42:16,INDF,RG,6425,1,F,AK,AK,F
10:42:16,INDF,RG,6425,1,F,AK,AK,F
10:42:16,INDF,RG,6425,1,D,YP,AK,F
10:42:16,INDF,RG,6425,12,F,AK,AK,F
10:42:16,INDF,RG,6425,2,F,AK,AK,F
10:42:16,INDF,RG,6425,3,D,YP,AK,F
10:42:16,INDF,RG,6425,3,F,CS,AK,F
10:42:16,INDF,RG,6425,1,D,PD,AK,F
10:42:16,INDF,RG,6425,3,F,CS,AK,F
10:42:16,INDF,RG,6425,5,F,ZP,AK,F
10:42:16,INDF,RG,6425,1,D,NI,AK,F
10:42:16,INDF,RG,6425,25,D,YP,AK,F
10:42:16,INDF,RG,6425,18,F,BK,AK,F
10:42:16,INDF,RG,6425,3,F,CS,AK,F
10:42:16,INDF,RG,6425,11,F,BK,AK,F
10:42:16,INDF,RG,6425,10,D,PD,AK,F
10:42:16,INDF,RG,6425,50,D,YP,AK,F
10:42:16,INDF,RG,6425,25,D,YP,AK,F
10:42:16,INDF,RG,6425,1,D,YP,AK,F
10:42:16,INDF,RG,6425,1,F,AK,AK,F
10:42:16,INDF,RG,6425,5,D,YP,AK,F
10:42:16,INDF,RG,6425,2,F,CS,AK,F
10:42:16,INDF,RG,6425,1,D,XA,AK,F
10:42:16,INDF,RG,6425,2,F,CS,AK,F
10:42:16,INDF,RG,6425,15,D,NI,AK,F
10:42:16,INDF,RG,6425,2,D,AZ,AK,F
10:42:16,INDF,RG,6425,1,D,XL,AK,F
10:42:16,INDF,RG,6425,7,D,GR,AK,F
10:42:16,INDF,RG,6425,10,D,KK,AK,F
10:42:16,INDF,RG,6425,3,F,CS,AK,F
10:42:16,INDF,RG,6425,2,D,NI,AK,F
10:42:16,INDF,RG,6425,2,D,YP,AK,F
10:42:16,INDF,RG,6425,1,D,PD,AK,F
10:42:16,INDF,RG,6425,40,D,XA,AK,F
10:42:16,INDF,RG,6425,1,D,YP,AK,F
10:42:16,INDF,RG,6425,1,D,XL,AK,F
10:42:16,INDF,RG,6425,1,D,SQ,AK,F
10:42:16,INDF,RG,6425,2,D,DR,AK,F
10:42:16,INDF,RG,6425,1,D,XC,AK,F
10:42:16,INDF,RG,6425,5,F,BK,AK,F
10:41:51,INDF,RG,6425,6,F,BK,AK,F
10:41:51,INDF,RG,6425,2,D,XC,AK,F
10:41:40,INDF,RG,6425,1,D,XC,CC,D
10:41:15,INDF,RG,6450,1,F,AK,DR,D
10:40:16,INDF,RG,6450,3,F,AK,DR,D
10:40:16,INDF,RG,6425,200,D,YP,AK,F
10:40:16,INDF,RG,6425,4,F,CS,AK,F
10:40:16,INDF,RG,6425,4,D,PD,AK,F
10:39:57,INDF,RG,6450,3,F,AK,DR,D
10:39:56,INDF,RG,6425,100,F,CC,YP,D
10:39:56,INDF,RG,6425,100,F,CC,YP,D
10:39:36,INDF,RG,6425,1,F,CC,XL,D
10:38:52,INDF,RG,6450,2,D,PD,DR,D
10:38:45,INDF,RG,6450,4,F,AK,DR,D
10:38:22,INDF,RG,6450,1,F,CS,DR,D
10:38:01,INDF,RG,6450,1,F,AK,AK,F
10:38:00,INDF,RG,6425,49,F,CC,BB,F
10:38:00,INDF,RG,6425,1,D,PD,BB,F
10:38:00,INDF,RG,6425,1,D,AT,BB,F
10:38:00,INDF,RG,6450,1,F,AK,AK,F
10:37:36,INDF,RG,6450,1,F,AK,AK,F
10:37:35,INDF,RG,6450,16,D,DR,AK,F
10:37:19,INDF,RG,6450,1,D,YP,AK,F
10:36:19,INDF,RG,6425,1,D,AT,AK,F
10:36:19,INDF,RG,6425,2,D,CC,AK,F
10:36:19,INDF,RG,6425,3,F,CS,AK,F
10:36:18,INDF,RG,6450,2,D,EP,AK,F
10:34:51,INDF,RG,6425,1,D,XA,BK,F
10:34:51,INDF,RG,6425,5,F,CS,BK,F
10:34:51,INDF,RG,6425,1,D,LS,BK,F
10:34:51,INDF,RG,6425,1,D,XL,BK,F
10:34:51,INDF,RG,6425,4,D,CC,BK,F
10:34:48,INDF,RG,6450,1,D,SQ,AK,F
10:34:15,INDF,RG,6450,1,F,AK,AK,F
10:33:40,INDF,RG,6450,4,F,KK,AK,F
10:33:25,INDF,RG,6425,5,D,CC,PD,D
10:32:55,INDF,RG,6450,1,D,SQ,AK,F
10:32:10,INDF,RG,6425,1,D,CC,KK,D
10:32:10,INDF,RG,6425,1,D,CC,KK,D
10:32:10,INDF,RG,6425,1,D,YP,KK,D
10:32:10,INDF,RG,6425,10,D,DR,KK,D
10:32:10,INDF,RG,6425,10,D,DR,KK,D
10:32:10,INDF,RG,6425,1,D,PD,KK,D
10:32:10,INDF,RG,6425,8,F,BK,KK,D
10:32:08,INDF,RG,6425,1,F,BK,YP,D
10:32:02,INDF,RG,6425,1,F,BK,YP,D
10:32:02,INDF,RG,6425,1,F,BK,CC,D
10:32:02,INDF,RG,6425,1,F,BK,CC,D
10:31:54,INDF,RG,6425,14,F,BK,YP,D
10:31:54,INDF,RG,6425,21,F,AK,YP,D
10:31:54,INDF,RG,6425,1,F,AK,YP,D
10:31:01,INDF,RG,6425,244,F,AK,AK,F
10:31:00,INDF,RG,6425,4,F,AK,AK,F
10:30:37,INDF,RG,6450,5,D,CC,AK,F
10:30:00,INDF,RG,6450,1,F,AK,AK,F
10:29:30,INDF,RG,6450,6,F,AK,AK,F
10:28:38,INDF,RG,6450,10,D,XC,AK,F
10:28:15,INDF,RG,6450,3,F,AK,AK,F
10:27:49,INDF,RG,6450,2,D,YP,AK,F
10:27:45,INDF,RG,6450,5,F,AK,AK,F
10:27:31,INDF,RG,6450,11,F,BK,AK,F
10:27:29,INDF,RG,6425,1,F,AK,YP,D
10:27:16,INDF,RG,6425,144,F,AK,AK,F
10:27:00,INDF,RG,6425,5,F,AK,AK,F
10:26:51,INDF,RG,6425,1,F,AK,DH,D
10:26:41,INDF,RG,6425,2,F,AK,CC,D
10:25:52,INDF,RG,6425,3,F,AK,XL,D
10:25:15,INDF,RG,6450,6,F,AK,AK,F
10:24:34,INDF,RG,6450,5,F,CS,AK,F
10:24:34,INDF,RG,6425,31,F,AK,BB,F
10:24:34,INDF,RG,6450,2,F,AK,AK,F
10:23:08,INDF,RG,6425,4,F,AK,SQ,D
10:23:08,INDF,RG,6425,1,F,ZP,SQ,D
10:23:08,INDF,RG,6425,5,F,ZP,SQ,D
10:22:01,INDF,RG,6450,1,D,YP,AK,F
10:21:16,INDF,RG,6425,130,F,RX,AK,F
10:21:16,INDF,RG,6425,39,F,ZP,AK,F
10:21:16,INDF,RG,6425,5,F,ZP,AK,F
10:21:16,INDF,RG,6425,1,F,ZP,AK,F
10:21:16,INDF,RG,6425,1,D,CC,AK,F
10:21:16,INDF,RG,6425,10,D,XL,AK,F
10:21:16,INDF,RG,6425,2,D,NI,AK,F
10:21:16,INDF,RG,6425,4,D,PD,AK,F
10:21:16,INDF,RG,6425,26,D,KK,AK,F
10:20:41,INDF,RG,6450,2,D,PD,AK,F
10:20:40,INDF,RG,6450,2,D,PD,AK,F
10:20:10,INDF,RG,6450,10,D,OD,AK,F
10:19:55,INDF,RG,6450,3,D,PD,AK,F
10:19:46,INDF,RG,6450,3,D,PD,AK,F
10:19:29,INDF,RG,6450,7,F,RX,AK,F
10:19:27,INDF,RG,6450,3,F,RX,AK,F
10:18:58,INDF,RG,6425,14,D,KK,YP,D
10:18:58,INDF,RG,6425,9,F,AK,YP,D
10:18:58,INDF,RG,6425,16,D,XL,YP,D
10:18:58,INDF,RG,6425,1,D,XL,YP,D
10:18:58,INDF,RG,6425,1,F,AK,YP,D
10:18:58,INDF,RG,6425,14,D,XL,YP,D
10:18:58,INDF,RG,6425,1,F,AK,YP,D
10:18:58,INDF,RG,6425,1,F,AK,YP,D
10:18:58,INDF,RG,6425,25,D,SQ,YP,D
10:18:58,INDF,RG,6425,2,D,XC,YP,D
10:18:58,INDF,RG,6425,1,D,IF,YP,D
10:18:51,INDF,RG,6450,10,D,PD,AK,F
10:18:45,INDF,RG,6450,6,F,AK,AK,F
10:18:21,INDF,RG,6450,18,F,RX,AK,F
10:18:15,INDF,RG,6450,1,F,AK,AK,F
10:18:15,INDF,RG,6425,1,D,PD,AK,F
10:18:15,INDF,RG,6425,1,D,YP,AK,F
10:18:15,INDF,RG,6425,1,D,OD,AK,F
10:18:15,INDF,RG,6425,1,D,YP,AK,F
10:18:15,INDF,RG,6425,1,D,YP,AK,F
10:18:15,INDF,RG,6425,4,D,YP,AK,F
10:18:15,INDF,RG,6425,4,D,XL,AK,F
10:18:15,INDF,RG,6425,5,D,YP,AK,F
10:18:15,INDF,RG,6425,2,D,NI,AK,F
10:18:15,INDF,RG,6425,30,D,XA,AK,F
10:18:15,INDF,RG,6425,1,D,PD,AK,F
10:18:15,INDF,RG,6425,14,F,AK,AK,F
10:18:15,INDF,RG,6425,28,F,BK,AK,F
10:18:15,INDF,RG,6425,1,F,AK,AK,F
10:18:15,INDF,RG,6425,1,F,AK,AK,F
10:18:15,INDF,RG,6425,2,D,NI,AK,F
10:18:15,INDF,RG,6425,1,D,XL,AK,F
10:18:15,INDF,RG,6425,1,D,XC,AK,F
10:18:15,INDF,RG,6425,1,D,NI,AK,F
10:18:15,INDF,RG,6425,5,D,XL,AK,F
10:18:15,INDF,RG,6425,5,D,PD,AK,F
10:18:15,INDF,RG,6425,2,D,DH,AK,F
10:18:14,INDF,RG,6450,2,D,CC,AK,F
10:17:29,INDF,RG,6450,1,F,ZP,AK,F
10:17:20,INDF,RG,6450,5,F,ZP,AK,F
10:17:15,INDF,RG,6450,3,F,AK,AK,F
10:16:14,INDF,RG,6425,2,D,DH,XL,D
10:15:29,INDF,RG,6450,3,F,ZP,AK,F
10:15:15,INDF,RG,6450,6,F,AK,AK,F
10:14:39,INDF,RG,6450,14,F,ZP,AK,F
10:14:37,INDF,RG,6450,1,F,ZP,AK,F
10:14:19,INDF,RG,6450,2,D,PD,AK,F
10:14:19,INDF,RG,6450,2,F,AK,AK,F
10:14:00,INDF,RG,6450,1,F,AK,AK,F
10:14:00,INDF,RG,6450,25,D,YP,AK,F
10:13:30,INDF,RG,6450,1,D,CC,AK,F
10:13:14,INDF,RG,6450,1,F,AK,AK,F
10:13:13,INDF,RG,6450,44,F,RX,AK,F
10:13:10,INDF,RG,6425,1,D,DH,SQ,D
10:12:43,INDF,RG,6450,5,F,AK,AK,F
10:12:43,INDF,RG,6450,9,F,ZP,AK,F
10:12:43,INDF,RG,6450,65,F,ZP,AK,F
10:12:43,INDF,RG,6450,59,D,PP,AK,F
10:12:43,INDF,RG,6450,45,D,PP,AK,F
10:12:43,INDF,RG,6450,10,D,PP,SQ,D
10:12:43,INDF,RG,6450,6,D,PP,DX,F
10:12:43,INDF,RG,6450,10,D,PP,YP,D
10:12:43,INDF,RG,6450,11,D,PP,BK,F
10:12:43,INDF,RG,6450,89,D,PP,AK,F
10:12:43,INDF,RG,6450,5,D,PP,YP,D
10:12:43,INDF,RG,6450,5,D,PP,DR,D
10:12:43,INDF,RG,6450,5,D,PP,DX,F
10:12:43,INDF,RG,6450,10,D,PP,LG,D
10:12:43,INDF,RG,6450,6,D,PP,DX,F
10:12:43,INDF,RG,6450,22,D,PP,BB,F
10:11:30,INDF,RG,6450,1,F,AK,BB,F
10:11:30,INDF,RG,6425,10,D,DH,YP,D
10:11:20,INDF,RG,6450,3,F,AK,BB,F
10:11:19,INDF,RG,6425,1,D,YP,PD,D
10:11:19,INDF,RG,6425,1,F,AK,PD,D
10:10:48,INDF,RG,6450,6,D,YP,BB,F
10:10:45,INDF,RG,6450,1,D,YP,BB,F
10:10:20,INDF,RG,6425,8,F,AK,BB,F
10:10:20,INDF,RG,6425,3,D,YP,BB,F
10:10:20,INDF,RG,6425,1,F,AK,BB,F
10:10:20,INDF,RG,6425,2,D,YP,BB,F
10:10:20,INDF,RG,6425,2,D,PD,BB,F
10:10:01,INDF,RG,6425,20,D,PD,AK,F
10:10:00,INDF,RG,6450,4,D,YP,BB,F
10:09:55,INDF,RG,6450,1,D,CC,BB,F
10:09:45,INDF,RG,6450,6,F,AK,BB,F
10:09:05,INDF,RG,6450,1,D,XC,BB,F
10:08:43,INDF,RG,6450,1,F,AK,BB,F
10:08:42,INDF,RG,6450,32,F,RX,BB,F
10:08:40,INDF,RG,6450,3,F,RX,BB,F
10:08:40,INDF,RG,6450,3,F,RX,XC,D
10:08:40,INDF,RG,6450,1,F,RX,BK,F
10:08:16,INDF,RG,6450,6,F,AK,BK,F
10:08:16,INDF,RG,6425,28,D,PD,AK,F
10:08:16,INDF,RG,6425,100,D,AI,AK,F
10:08:16,INDF,RG,6425,1,F,AK,AK,F
10:08:16,INDF,RG,6425,1,D,CC,AK,F
10:08:16,INDF,RG,6425,1,D,YP,AK,F
10:08:16,INDF,RG,6425,1,F,ZP,AK,F
10:08:16,INDF,RG,6425,2,D,YP,AK,F
10:08:16,INDF,RG,6425,13,F,BK,AK,F
10:08:16,INDF,RG,6425,1,D,PD,AK,F
10:08:16,INDF,RG,6425,100,F,CC,AK,F
10:08:16,INDF,RG,6425,1,D,YP,AK,F
10:08:16,INDF,RG,6425,2,D,AT,AK,F
10:08:16,INDF,RG,6425,126,D,YB,AK,F
10:07:30,INDF,RG,6450,7,F,AK,BK,F
10:07:05,INDF,RG,6425,5,D,YB,KK,D
10:06:09,INDF,RG,6450,1,F,AK,BK,F
10:06:08,INDF,RG,6450,20,F,RX,BK,F
10:05:49,INDF,RG,6450,3,F,AK,BK,F
10:05:49,INDF,RG,6425,15,D,YB,AK,F
10:05:49,INDF,RG,6450,114,D,KK,BK,F
10:05:49,INDF,RG,6450,49,D,KK,AK,F
10:05:17,INDF,RG,6450,10,F,RX,AK,F
10:05:15,INDF,RG,6450,7,F,AK,AK,F
10:05:15,INDF,RG,6450,7,F,RX,AK,F
10:04:45,INDF,RG,6425,10,D,YB,SQ,D
10:04:44,INDF,RG,6450,2,F,AK,AK,F
10:04:44,INDF,RG,6450,2,F,AK,AK,F
10:04:44,INDF,RG,6425,44,D,YB,YP,D
10:04:44,INDF,RG,6425,1,D,PD,YP,D
10:04:44,INDF,RG,6425,30,F,CC,YP,D
10:04:44,INDF,RG,6425,10,D,DH,YP,D
10:04:35,INDF,RG,6425,41,D,DH,XL,D
10:04:28,INDF,RG,6425,1,D,DH,AZ,D
10:04:16,INDF,RG,6425,5,D,DH,XC,D
10:04:12,INDF,RG,6450,1,F,AK,AK,F
10:04:11,INDF,RG,6425,31,D,DH,YB,D
10:03:54,INDF,RG,6425,4,D,DH,PD,D
10:03:24,INDF,RG,6425,1,D,DH,YB,D
10:03:12,INDF,RG,6450,18,F,RX,AK,F
10:03:12,INDF,RG,6450,1,F,RX,AK,F
10:03:12,INDF,RG,6450,11,F,RX,BK,F
10:03:01,INDF,RG,6450,4,F,AK,BK,F
10:03:00,INDF,RG,6425,18,D,DH,AK,F
10:03:00,INDF,RG,6425,111,D,DH,AK,F
10:03:00,INDF,RG,6425,1,D,XL,AK,F
10:03:00,INDF,RG,6425,1,D,PD,AK,F
10:03:00,INDF,RG,6425,4,D,PD,AK,F
10:03:00,INDF,RG,6425,10,D,GR,AK,F
10:03:00,INDF,RG,6425,1,D,XC,AK,F
10:03:00,INDF,RG,6425,1,D,DR,AK,F
10:03:00,INDF,RG,6425,1,D,KK,AK,F
10:03:00,INDF,RG,6425,50,D,KK,AK,F
10:03:00,INDF,RG,6425,24,D,YP,AK,F
10:02:59,INDF,RG,6450,10,D,YP,BK,F
10:02:31,INDF,RG,6450,1,D,YP,BK,F
10:01:53,INDF,RG,6450,1,D,NI,BK,F
10:01:17,INDF,RG,6450,4,F,AK,BK,F
10:01:16,INDF,RG,6425,210,D,YP,YP,D
10:01:06,INDF,RG,6450,1,D,YP,BK,F
10:01:00,INDF,RG,6450,3,F,AK,BK,F
10:01:00,INDF,RG,6450,4,F,AK,DX,F
09:59:24,INDF,RG,6450,1,D,PD,DX,F
09:59:24,INDF,RG,6450,2,D,PD,DX,F
09:58:04,INDF,RG,6450,1,D,AZ,DX,F
09:57:58,INDF,RG,6425,8,D,YP,XL,D
09:57:18,INDF,RG,6450,2,F,AK,DX,F
09:57:18,INDF,RG,6425,148,D,YP,AK,F
09:57:02,INDF,RG,6425,10,D,YP,BK,F
09:55:20,INDF,RG,6450,1,D,KK,DX,F
09:54:42,INDF,RG,6450,1,F,AK,DX,F
09:54:42,INDF,RG,6450,1,D,XC,DX,F
09:54:42,INDF,RG,6450,6,D,XC,DX,F
09:54:42,INDF,RG,6450,3,D,XC,BB,F
09:53:11,INDF,RG,6450,10,F,BK,BK,F
09:53:11,INDF,RG,6450,4,F,ZP,BK,F
09:53:11,INDF,RG,6450,47,F,ZP,BK,F
09:53:11,INDF,RG,6450,1,F,AK,BK,F
09:53:11,INDF,RG,6450,11,D,PD,BK,F
09:53:11,INDF,RG,6450,89,D,SQ,BK,F
09:53:11,INDF,RG,6450,11,D,SQ,BK,F
09:53:11,INDF,RG,6450,1,D,PD,BK,F
09:53:11,INDF,RG,6450,1,D,CC,BK,F
09:53:11,INDF,RG,6450,43,F,AK,BK,F
09:53:11,INDF,RG,6450,6,D,KK,BK,F
09:53:11,INDF,RG,6450,1,D,SQ,BK,F
09:53:11,INDF,RG,6450,2,D,DH,BK,F
09:53:11,INDF,RG,6450,7,F,AK,BK,F
09:53:11,INDF,RG,6450,2,D,SQ,BK,F
09:53:11,INDF,RG,6450,7,F,BK,BK,F
09:53:09,INDF,RG,6450,4,F,BK,AK,F
09:53:09,INDF,RG,6450,1,D,YP,AK,F
09:53:09,INDF,RG,6450,6,D,XL,AK,F
09:53:09,INDF,RG,6450,1,D,PD,AK,F
09:53:09,INDF,RG,6450,100,F,CC,AK,F
09:53:09,INDF,RG,6450,1,D,SQ,AK,F
09:53:09,INDF,RG,6450,2,D,KK,AK,F
09:53:09,INDF,RG,6450,42,F,RX,AK,F
09:53:09,INDF,RG,6450,97,F,RX,BK,F
09:53:09,INDF,RG,6450,1,F,AK,BK,F
09:53:09,INDF,RG,6450,9,F,AK,BK,F
09:53:09,INDF,RG,6450,1,F,AK,BK,F
09:53:09,INDF,RG,6450,50,D,SQ,BK,F
09:53:09,INDF,RG,6450,50,D,PD,BK,F
09:53:09,INDF,RG,6450,1,F,CS,BK,F
09:53:09,INDF,RG,6450,1,D,PD,BK,F
09:53:09,INDF,RG,6450,1,F,AK,BK,F
09:53:09,INDF,RG,6450,29,F,ZP,BK,F
09:53:08,INDF,RG,6450,57,F,ZP,BK,F
09:53:08,INDF,RG,6450,7,F,ZP,BK,F
09:53:08,INDF,RG,6450,10,D,PD,BK,F
09:53:08,INDF,RG,6450,2,D,PD,BK,F
09:53:08,INDF,RG,6450,1,F,AK,BK,F
09:53:08,INDF,RG,6450,1,D,PD,BK,F
09:53:08,INDF,RG,6450,8,D,PD,BK,F
09:53:08,INDF,RG,6450,2,F,CS,BK,F
09:53:08,INDF,RG,6450,1,D,OD,BK,F
09:53:08,INDF,RG,6450,1,D,XC,BK,F
09:53:08,INDF,RG,6450,12,F,BK,BK,F
09:53:08,INDF,RG,6450,1,D,DH,BK,F
09:53:08,INDF,RG,6450,1,D,NI,BK,F
09:53:08,INDF,RG,6450,1,D,PD,BK,F
09:53:08,INDF,RG,6450,10,D,PD,BK,F
09:53:08,INDF,RG,6450,10,F,BK,BK,F
09:53:08,INDF,RG,6450,20,D,PD,BK,F
09:53:08,INDF,RG,6450,2,D,YP,BK,F
09:53:08,INDF,RG,6450,10,D,YP,BK,F
09:53:08,INDF,RG,6450,5,D,XC,BK,F
09:53:08,INDF,RG,6450,2,D,PD,BK,F
09:53:08,INDF,RG,6450,1,D,CC,BK,F
09:53:08,INDF,RG,6450,10,D,CC,BK,F
09:53:08,INDF,RG,6450,2,F,CS,BK,F
