Time,Stock,Brd,Price,Qty,BT,BC,SC,ST
15:12:04,INDF,RG,6325,1,D,PD,XC,D
15:12:04,INDF,RG,6325,3,D,NI,XC,D
15:11:58,INDF,RG,6325,7,D,NI,KK,D
15:11:58,INDF,RG,6325,1,D,XL,KK,D
15:11:58,INDF,RG,6325,1,D,NI,KK,D
15:11:58,INDF,RG,6325,1,D,YU,KK,D
15:11:26,INDF,RG,6325,2,D,YU,XC,D
15:11:05,INDF,RG,6325,2,D,YU,XC,D
15:11:05,INDF,RG,6325,1,D,DH,XC,D
15:11:05,INDF,RG,6325,5,D,PD,XC,D
15:11:05,INDF,RG,6325,1,D,YP,XC,D
15:11:05,INDF,RG,6325,5,D,XL,XC,D
15:11:05,INDF,RG,6325,2,D,YP,XC,D
15:11:05,INDF,RG,6325,2,D,PD,XC,D
15:11:05,INDF,RG,6325,1,D,PD,XC,D
15:11:05,INDF,RG,6325,13,D,DR,XC,D
15:10:42,INDF,RG,6325,54,D,DR,YP,D
15:09:48,INDF,RG,6325,17,D,DR,YP,D
15:09:28,INDF,RG,6325,26,D,DR,XC,D
15:08:46,INDF,RG,6325,500,D,DR,YP,D
15:06:27,INDF,RG,6325,9,D,DR,GR,D
15:05:18,INDF,RG,6325,10,D,DR,CC,D
15:04:05,INDF,RG,6325,7,D,DR,XC,D
15:03:58,INDF,RG,6325,10,D,DR,YP,D
15:03:51,INDF,RG,6325,5,D,DR,PD,D
15:03:26,INDF,RG,6325,5,D,DR,DH,D
15:03:22,INDF,RG,6325,91,D,DR,KK,D
15:03:22,INDF,RG,6325,15,D,DR,KK,D
15:03:22,INDF,RG,6325,169,D,DR,KK,D
15:03:22,INDF,RG,6325,125,D,DR,KK,D
15:03:15,INDF,RG,6325,29,D,DR,PD,D
15:03:07,INDF,RG,6325,1,D,DR,PD,D
15:02:48,INDF,RG,6325,10,D,DR,YP,D
15:02:45,INDF,RG,6325,120,D,DR,CC,D
15:02:40,INDF,RG,6325,1,D,DR,XL,D
15:01:50,INDF,RG,6325,4,D,DR,OD,D
15:01:18,INDF,RG,6325,10,D,DR,CC,D
15:01:16,INDF,RG,6325,12,D,DR,GR,D
15:01:00,INDF,RG,6325,25,D,DR,EP,D
15:01:00,INDF,RG,6325,1,D,DR,EP,D
15:00:00,INDF,RG,6325,25,D,DR,CC,D
15:00:00,INDF,RG,6325,2,D,DR,YP,D
15:00:00,INDF,RG,6325,704,D,DR,CC,D
15:00:00,INDF,RG,6325,1,D,SQ,CC,D
15:00:00,INDF,RG,6325,2,D,XC,CC,D
15:00:00,INDF,RG,6325,20,D,DR,CC,D
15:00:00,INDF,RG,6325,20,D,NI,CC,D
15:00:00,INDF,RG,6325,20,D,GR,CC,D
15:00:00,INDF,RG,6325,10,D,IP,CC,D
15:00:00,INDF,RG,6325,227,F,BK,CC,D
15:00:00,INDF,RG,6325,3,D,CC,CC,D
15:00:00,INDF,RG,6325,1774,F,YU,CC,D
15:00:00,INDF,RG,6325,46,F,ZP,CC,D
15:00:00,INDF,RG,6325,87,F,ZP,CC,D
15:00:00,INDF,RG,6325,382,F,AK,CC,D
15:00:00,INDF,RG,6325,1704,F,BK,CC,D
15:00:00,INDF,RG,6325,5,F,BK,YU,D
15:00:00,INDF,RG,6325,10,F,BK,CC,D
15:00:00,INDF,RG,6325,7,F,BK,AT,D
15:00:00,INDF,RG,6325,4,F,BK,YU,D
15:00:00,INDF,RG,6325,6,F,BK,YU,D
15:00:00,INDF,RG,6325,20,F,BK,AI,D
15:00:00,INDF,RG,6325,30,F,BK,AI,D
15:00:00,INDF,RG,6325,500,F,BK,YB,D
15:00:00,INDF,RG,6325,2,F,BK,YP,D
15:00:00,INDF,RG,6325,18,F,BK,YP,D
15:00:00,INDF,RG,6325,100,F,BK,YP,D
15:00:00,INDF,RG,6325,4,F,BK,XC,D
15:00:00,INDF,RG,6325,1,F,BK,NI,D
15:00:00,INDF,RG,6325,500,F,BK,YB,D
15:00:00,INDF,RG,6325,1,F,BK,NI,D
15:00:00,INDF,RG,6325,40,F,BK,NI,D
15:00:00,INDF,RG,6325,3,F,BK,AT,D
15:00:00,INDF,RG,6325,4,F,BK,CC,D
15:00:00,INDF,RG,6325,5,F,BK,YP,D
15:00:00,INDF,RG,6325,20,F,BK,PD,D
15:00:00,INDF,RG,6325,5,F,BK,YU,D
15:00:00,INDF,RG,6325,10,F,BK,PD,D
15:00:00,INDF,RG,6325,20,F,BK,KK,D
15:00:00,INDF,RG,6325,7,F,BK,XC,D
15:00:00,INDF,RG,6325,7,F,BK,RG,D
15:00:00,INDF,RG,6325,2,F,BK,HP,D
15:00:00,INDF,RG,6325,125,F,BK,YB,D
15:00:00,INDF,RG,6325,75,F,BK,YB,D
15:00:00,INDF,RG,6325,1,F,BK,YU,F
15:00:00,INDF,RG,6325,86,F,BK,YP,D
15:00:00,INDF,RG,6325,41,F,BK,YP,D
15:00:00,INDF,RG,6325,48,F,BK,YP,D
15:00:00,INDF,RG,6325,15,F,BK,YU,F
15:00:00,INDF,RG,6325,107,D,CC,YU,F
15:00:00,INDF,RG,6325,326,F,AK,YU,F
15:00:00,INDF,RG,6325,1,F,AK,YU,F
15:00:00,INDF,RG,6325,7,F,AK,YU,F
15:00:00,INDF,RG,6325,1,F,AK,YU,F
15:00:00,INDF,RG,6325,26,F,AK,YU,F
15:00:00,INDF,RG,6325,656,F,AK,YU,F
15:00:00,INDF,RG,6325,14,F,AK,YU,F
15:00:00,INDF,RG,6325,59,F,AK,YU,F
15:00:00,INDF,RG,6325,211,D,RX,YU,F
15:00:00,INDF,RG,6325,19,D,NI,YU,F
15:00:00,INDF,RG,6325,1402,D,LG,YU,F
15:00:00,INDF,RG,6325,639,D,LG,ZP,F
15:00:00,INDF,RG,6325,141,D,LG,ZP,F
15:00:00,INDF,RG,6325,305,D,LG,OD,D
15:00:00,INDF,RG,6325,322,D,LG,BK,F
15:00:00,INDF,RG,6325,7,D,LG,CC,D
15:00:00,INDF,RG,6325,150,D,LG,AK,F
15:00:00,INDF,RG,6325,14,D,LG,LG,D
15:00:00,INDF,RG,6325,26,D,LG,BB,D
15:00:00,INDF,RG,6325,971,D,LG,ZP,F
15:00:00,INDF,RG,6325,244,D,LG,ZP,F
15:00:00,INDF,RG,6325,936,D,LG,CC,F
15:00:00,INDF,RG,6325,1856,D,LG,CC,F
15:00:00,INDF,RG,6325,18,D,LG,DP,D
14:49:55,INDF,RG,6325,1,F,AK,AT,D
14:49:55,INDF,RG,6325,1,D,EP,AT,D
14:49:55,INDF,RG,6325,1,F,ZP,AT,D
14:49:55,INDF,RG,6325,1,F,AK,AT,D
14:49:55,INDF,RG,6325,1,D,YP,AT,D
14:49:53,INDF,RG,6350,1,F,ZP,EP,D
14:49:47,INDF,RG,6350,1,D,DH,EP,D
14:49:36,INDF,RG,6325,10,F,BK,KK,D
14:49:28,INDF,RG,6325,67,F,BK,ZP,F
14:49:28,INDF,RG,6325,17,F,BK,ZP,F
14:49:28,INDF,RG,6325,15,D,XC,ZP,F
14:49:28,INDF,RG,6325,2,F,AK,ZP,F
14:49:28,INDF,RG,6325,5,D,KK,ZP,F
14:49:28,INDF,RG,6325,1,F,AK,ZP,F
14:49:28,INDF,RG,6325,5,F,ZP,ZP,F
14:49:28,INDF,RG,6325,3,F,AK,ZP,F
14:49:28,INDF,RG,6325,10,D,KK,ZP,F
14:49:28,INDF,RG,6325,2,D,KK,BK,F
14:49:26,INDF,RG,6350,1,F,ZP,EP,D
14:49:26,INDF,RG,6325,56,F,AK,CC,F
14:49:26,INDF,RG,6325,1,D,XC,CC,F
14:49:26,INDF,RG,6325,1,F,AK,CC,F
14:49:26,INDF,RG,6325,36,F,BK,CC,F
14:49:20,INDF,RG,6325,47,F,BK,CC,F
14:49:16,INDF,RG,6325,3,F,BK,DR,D
14:49:15,INDF,RG,6350,1,F,AK,EP,D
14:49:06,INDF,RG,6350,28,D,CC,EP,D
14:49:02,INDF,RG,6350,5,F,ZP,EP,D
14:49:02,INDF,RG,6350,4,F,ZP,EP,D
14:49:01,INDF,RG,6350,3,F,BK,EP,D
14:49:00,INDF,RG,6350,3,F,BK,EP,D
14:49:00,INDF,RG,6325,10,F,BK,CC,F
14:48:59,INDF,RG,6325,6,F,BK,AK,F
14:48:59,INDF,RG,6325,2,F,BK,AK,F
14:48:59,INDF,RG,6325,1,F,BK,AK,F
14:48:54,INDF,RG,6325,4,F,BK,YP,D
14:48:47,INDF,RG,6325,10,F,BK,NI,D
14:48:47,INDF,RG,6350,7,F,ZP,EP,D
14:48:45,INDF,RG,6350,4,F,ZP,EP,D
14:48:45,INDF,RG,6350,6,F,ZP,SQ,D
14:48:45,INDF,RG,6325,1,F,AK,AK,F
14:48:32,INDF,RG,6325,1,F,AK,XL,D
14:48:31,INDF,RG,6325,76,F,AK,YU,F
14:48:31,INDF,RG,6325,1,D,YP,YU,F
14:48:31,INDF,RG,6325,10,D,XA,YU,F
14:48:31,INDF,RG,6325,2,F,BK,YU,F
14:48:31,INDF,RG,6325,50,D,DH,YU,F
14:48:31,INDF,RG,6325,2,F,BK,YU,F
14:48:31,INDF,RG,6325,50,D,PD,YU,F
14:48:31,INDF,RG,6325,1,D,BQ,YU,F
14:48:31,INDF,RG,6325,1,D,SQ,YU,F
14:48:31,INDF,RG,6325,5,D,YP,YU,F
14:48:31,INDF,RG,6325,1,F,AK,YU,F
14:48:31,INDF,RG,6325,24,F,AK,YU,F
14:48:31,INDF,RG,6325,5,F,AK,YU,F
14:48:31,INDF,RG,6325,49,D,GR,YU,F
14:48:30,INDF,RG,6350,9,F,AK,SQ,D
14:48:29,INDF,RG,6325,51,D,GR,AK,F
14:48:29,INDF,RG,6325,1,D,YP,AK,F
14:48:29,INDF,RG,6325,12,F,ZP,AK,F
14:48:29,INDF,RG,6325,45,F,ZP,AK,F
14:48:29,INDF,RG,6325,158,D,EP,AK,F
14:48:29,INDF,RG,6325,10,D,KK,AK,F
14:48:23,INDF,RG,6325,8,D,KK,GR,D
14:48:18,INDF,RG,6350,5,F,AK,SQ,D
14:48:17,INDF,RG,6350,5,D,CC,SQ,D
14:48:17,INDF,RG,6350,2,D,CC,PD,D
14:48:17,INDF,RG,6350,1,D,CC,CC,D
14:48:17,INDF,RG,6350,4,D,CC,AK,F
14:48:17,INDF,RG,6350,1,D,CC,SQ,D
14:48:17,INDF,RG,6350,20,D,CC,CP,D
14:48:17,INDF,RG,6350,5,D,CC,YP,D
14:48:17,INDF,RG,6350,2,D,CC,OD,D
14:48:03,INDF,RG,6350,5,D,CC,ZP,F
14:48:00,INDF,RG,6350,4,F,AK,ZP,F
14:48:00,INDF,RG,6325,22,D,KK,YU,F
14:48:00,INDF,RG,6325,3,D,YP,YU,F
14:48:00,INDF,RG,6325,3,D,YP,YU,F
14:48:00,INDF,RG,6325,4,D,SQ,YU,F
14:48:00,INDF,RG,6325,1,D,NI,YU,F
14:48:00,INDF,RG,6325,3,F,AK,YU,F
14:48:00,INDF,RG,6325,3,F,CC,YU,F
14:48:00,INDF,RG,6325,11,F,BK,YU,F
14:48:00,INDF,RG,6325,1,F,AK,YU,F
14:48:00,INDF,RG,6325,14,F,AK,YU,F
14:48:00,INDF,RG,6325,98,F,AK,YU,F
14:47:51,INDF,RG,6350,11,F,BK,ZP,F
14:47:45,INDF,RG,6350,2,F,AK,ZP,F
14:47:30,INDF,RG,6350,1,F,AK,ZP,F
14:47:17,INDF,RG,6325,3,F,AK,PD,D
14:47:14,INDF,RG,6325,1,F,AK,XC,D
14:47:12,INDF,RG,6325,128,F,AK,PD,D
14:47:12,INDF,RG,6325,100,D,YP,PD,D
14:47:12,INDF,RG,6325,6,F,ZP,PD,D
14:47:12,INDF,RG,6325,2,D,KK,PD,D
14:47:00,INDF,RG,6350,1,F,AK,ZP,F
14:47:00,INDF,RG,6350,4,F,AK,ZP,F
14:46:58,INDF,RG,6350,7,F,ZP,ZP,F
14:46:58,INDF,RG,6350,17,F,ZP,ZP,F
14:46:58,INDF,RG,6350,28,F,ZP,ZP,F
14:46:49,INDF,RG,6350,10,F,BK,ZP,F
14:46:31,INDF,RG,6350,9,F,BK,ZP,F
14:46:30,INDF,RG,6350,5,D,YP,ZP,F
14:46:30,INDF,RG,6350,14,D,DH,ZP,F
14:46:30,INDF,RG,6350,3,D,DH,YP,D
14:46:30,INDF,RG,6350,9,D,DH,BQ,D
14:46:30,INDF,RG,6350,24,D,DH,ZP,F
14:46:27,INDF,RG,6325,1,D,KK,PD,D
14:46:27,INDF,RG,6325,4,D,KK,YU,F
14:46:17,INDF,RG,6350,10,D,YP,ZP,F
14:46:15,INDF,RG,6350,1,F,AK,ZP,F
14:46:05,INDF,RG,6350,4,F,ZP,ZP,F
14:46:04,INDF,RG,6325,5,D,KK,XL,D
14:45:59,INDF,RG,6325,1,D,KK,PD,D
14:45:50,INDF,RG,6325,7,D,KK,YP,D
14:45:45,INDF,RG,6350,1,F,AK,ZP,F
14:45:41,INDF,RG,6350,2,F,BK,ZP,F
14:45:41,INDF,RG,6350,9,F,BK,ZP,F
14:45:27,INDF,RG,6325,2,F,AK,XL,D
14:45:27,INDF,RG,6325,2,F,AK,SQ,D
14:45:27,INDF,RG,6325,12,F,AK,YP,D
14:45:27,INDF,RG,6325,4,F,AK,PD,D
14:45:27,INDF,RG,6325,40,F,AK,BK,F
14:45:27,INDF,RG,6325,25,F,AK,YP,D
14:45:27,INDF,RG,6325,10,F,AK,YP,D
14:45:27,INDF,RG,6325,93,F,AK,ZP,F
14:45:27,INDF,RG,6325,10,F,AK,YP,D
14:45:27,INDF,RG,6325,25,F,AK,XC,D
14:45:27,INDF,RG,6325,3,F,AK,XC,D
14:45:27,INDF,RG,6325,13,F,AK,KK,D
14:45:27,INDF,RG,6325,1,F,AK,LG,D
14:45:27,INDF,RG,6325,1,F,AK,XL,D
14:45:27,INDF,RG,6325,3,F,AK,EP,D
14:45:27,INDF,RG,6325,7,F,AK,EP,D
14:45:27,INDF,RG,6325,90,F,AK,ZP,F
14:45:27,INDF,RG,6325,2,F,AK,XC,D
14:45:27,INDF,RG,6325,36,F,AK,XC,D
14:45:27,INDF,RG,6325,25,F,AK,PD,D
14:45:27,INDF,RG,6325,47,F,AK,YP,D
14:45:27,INDF,RG,6325,89,F,AK,ZP,F
14:45:27,INDF,RG,6325,10,F,AK,SQ,D
14:45:27,INDF,RG,6325,4,F,AK,AK,F
14:45:27,INDF,RG,6325,72,F,AK,AK,F
14:45:27,INDF,RG,6325,95,F,AK,AK,F
14:45:27,INDF,RG,6325,145,F,AK,YU,F
14:45:26,INDF,RG,6325,5,F,AK,YU,F
14:45:26,INDF,RG,6325,161,F,AK,AK,F
14:45:26,INDF,RG,6325,74,F,AK,ZP,F
14:45:26,INDF,RG,6325,15,F,AK,ZP,F
14:45:26,INDF,RG,6325,5,F,AK,NI,D
14:45:26,INDF,RG,6325,1,F,AK,PD,D
14:45:26,INDF,RG,6325,219,F,AK,CC,F
14:45:25,INDF,RG,6325,4,F,ZP,CC,F
14:45:25,INDF,RG,6325,139,F,AK,CC,F
14:45:25,INDF,RG,6325,101,F,AK,XC,D
14:45:25,INDF,RG,6325,24,F,AK,XC,D
14:45:25,INDF,RG,6325,50,F,AK,SQ,D
14:45:25,INDF,RG,6325,8,F,AK,AK,F
14:45:25,INDF,RG,6325,21,F,AK,AK,F
14:45:25,INDF,RG,6325,21,F,AK,BK,D
14:45:25,INDF,RG,6325,3,D,BK,BK,D
14:45:24,INDF,RG,6325,2,F,ZP,BK,D
14:45:23,INDF,RG,6325,6,F,ZP,BK,D
14:45:23,INDF,RG,6325,40,F,ZP,BK,F
14:45:23,INDF,RG,6325,1,F,ZP,BK,D
14:45:22,INDF,RG,6325,500,D,YB,BK,F
14:45:22,INDF,RG,6300,1,D,YP,LG,D
14:45:22,INDF,RG,6325,36,F,ZP,BK,F
14:45:15,INDF,RG,6300,59,D,YP,YP,D
14:45:15,INDF,RG,6300,1,D,XL,YP,D
14:45:15,INDF,RG,6300,1,D,PD,YP,D
14:45:15,INDF,RG,6300,7,D,YP,YP,D
14:45:15,INDF,RG,6300,1,D,YP,YP,D
14:45:15,INDF,RG,6300,1,D,CC,YP,D
14:45:15,INDF,RG,6300,2,D,PD,YP,D
14:45:15,INDF,RG,6300,10,D,PD,YP,D
14:45:15,INDF,RG,6300,3,D,YP,YP,D
14:45:15,INDF,RG,6300,1,D,YP,YP,D
14:45:15,INDF,RG,6300,14,D,FZ,YP,D
14:45:14,INDF,RG,6325,1,D,YU,BK,F
14:45:14,INDF,RG,6300,11,D,FZ,CC,F
14:45:14,INDF,RG,6300,5,D,CC,CC,F
14:45:14,INDF,RG,6300,2,D,YP,CC,F
14:45:14,INDF,RG,6300,2,D,CC,CC,F
14:45:14,INDF,RG,6300,5,D,KK,CC,F
14:45:14,INDF,RG,6300,1,D,YP,CC,F
14:45:14,INDF,RG,6300,3,D,YP,CC,F
14:45:14,INDF,RG,6300,1,D,YP,CC,F
14:45:14,INDF,RG,6300,1,D,XL,CC,F
14:45:14,INDF,RG,6300,1,D,NI,CC,F
14:45:14,INDF,RG,6300,2,D,PD,CC,F
14:45:14,INDF,RG,6300,1,D,XC,CC,F
14:45:14,INDF,RG,6300,60,D,NI,CC,F
14:45:13,INDF,RG,6300,15,D,NI,YB,D
14:45:10,INDF,RG,6300,3,D,NI,LG,D
14:45:09,INDF,RG,6300,3,D,NI,AK,F
14:45:08,INDF,RG,6300,10,D,NI,BK,F
14:45:07,INDF,RG,6325,8,F,BK,BK,F
14:45:06,INDF,RG,6300,9,D,NI,BK,D
14:45:03,INDF,RG,6325,1,D,NI,BK,F
14:45:02,INDF,RG,6325,3,D,BK,BK,F
14:45:02,INDF,RG,6300,10,D,YP,BK,D
14:45:02,INDF,RG,6300,1,D,CC,BK,D
14:45:02,INDF,RG,6300,2,D,SQ,BK,D
14:45:02,INDF,RG,6300,39,D,YP,BK,D
14:45:01,INDF,RG,6300,2,D,YP,BK,D
14:44:59,INDF,RG,6325,2,D,BK,BK,F
14:44:56,INDF,RG,6300,6,D,YP,BK,D
14:44:56,INDF,RG,6300,4,D,YP,BK,D
14:44:51,INDF,RG,6325,15,D,PD,BK,F
14:44:45,INDF,RG,6300,10,D,YP,YP,D
14:44:44,INDF,RG,6300,1,D,YP,BK,D
14:44:42,INDF,RG,6300,10,D,YP,BK,D
14:44:42,INDF,RG,6300,25,D,YP,ZP,D
14:44:41,INDF,RG,6300,50,D,YP,AK,F
14:44:41,INDF,RG,6300,4,D,SQ,AK,F
14:44:37,INDF,RG,6300,10,D,SQ,BK,F
14:44:36,INDF,RG,6325,9,F,BK,BK,F
14:44:32,INDF,RG,6325,2,D,BK,BK,F
14:44:32,INDF,RG,6300,1,D,SQ,BK,D
14:44:32,INDF,RG,6300,1,D,YP,BK,D
14:44:32,INDF,RG,6300,2,D,DR,BK,D
14:44:32,INDF,RG,6300,1,D,NI,BK,D
14:44:32,INDF,RG,6300,1,D,PD,BK,D
14:44:32,INDF,RG,6300,2,D,XC,BK,D
14:44:32,INDF,RG,6300,1,D,NI,BK,D
14:44:32,INDF,RG,6300,1,D,KK,BK,D
14:44:26,INDF,RG,6300,2,D,YP,YU,F
14:44:26,INDF,RG,6300,10,D,CC,YU,F
14:44:26,INDF,RG,6300,3,D,KK,YU,F
14:44:26,INDF,RG,6300,1,D,NI,YU,F
14:44:26,INDF,RG,6300,25,D,YP,YU,F
14:44:26,INDF,RG,6300,1,D,PD,YU,F
14:44:26,INDF,RG,6300,4,D,XL,YU,F
14:44:26,INDF,RG,6300,5,D,YP,YU,F
14:44:26,INDF,RG,6300,10,D,GR,YU,F
14:44:26,INDF,RG,6300,1,D,YP,YU,F
14:44:26,INDF,RG,6300,1,D,KK,YU,F
14:44:26,INDF,RG,6300,1,D,YP,YU,F
14:44:26,INDF,RG,6300,5,D,DH,YU,F
14:44:26,INDF,RG,6300,5,D,KK,YU,F
14:44:26,INDF,RG,6300,2,D,IF,YU,F
14:44:26,INDF,RG,6300,20,D,PD,YU,F
14:44:26,INDF,RG,6300,2,D,IP,YU,F
14:44:26,INDF,RG,6300,100,D,KK,YU,F
14:44:26,INDF,RG,6300,2,D,NI,YU,F
14:44:24,INDF,RG,6300,10,D,NI,BK,D
14:44:18,INDF,RG,6325,10,D,SQ,BK,F
14:44:18,INDF,RG,6300,5,D,GR,CC,F
14:44:18,INDF,RG,6300,20,D,YP,CC,F
14:44:18,INDF,RG,6300,1,D,YP,CC,F
14:44:18,INDF,RG,6300,3,D,YP,CC,F
14:44:18,INDF,RG,6300,3,D,EP,CC,F
14:44:14,INDF,RG,6300,2,D,EP,CC,D
14:44:14,INDF,RG,6300,2,D,EP,XC,D
14:44:14,INDF,RG,6300,10,D,EP,BK,D
14:44:11,INDF,RG,6300,30,D,EP,SQ,D
14:44:05,INDF,RG,6300,1,D,EP,BK,D
14:44:01,INDF,RG,6325,2,D,BK,BK,F
14:44:01,INDF,RG,6300,2,D,EP,CC,F
14:44:01,INDF,RG,6300,20,D,YP,CC,F
14:44:01,INDF,RG,6300,20,D,KK,CC,F
14:44:01,INDF,RG,6300,39,D,AG,CC,F
14:44:00,INDF,RG,6325,9,F,BK,BK,F
14:43:59,INDF,RG,6300,9,D,AG,BK,D
14:43:57,INDF,RG,6300,11,D,AG,BK,F
14:43:56,INDF,RG,6325,1,D,XL,BK,F
14:43:54,INDF,RG,6300,12,D,AG,YP,D
14:43:51,INDF,RG,6325,5,D,YP,BK,F
14:43:48,INDF,RG,6300,11,D,AG,BK,D
14:43:47,INDF,RG,6300,2,D,AG,PD,D
14:43:42,INDF,RG,6300,16,D,AG,LG,D
14:43:42,INDF,RG,6300,5,D,YP,LG,D
14:43:42,INDF,RG,6300,5,D,YP,LG,D
14:43:42,INDF,RG,6300,9,D,YP,LG,D
14:43:37,INDF,RG,6300,9,D,YP,BK,D
14:43:36,INDF,RG,6300,82,D,YP,CC,F
14:43:36,INDF,RG,6300,1,D,YP,CC,F
14:43:36,INDF,RG,6300,10,D,CC,CC,F
14:43:36,INDF,RG,6300,4,D,YP,CC,F
14:43:36,INDF,RG,6300,6,D,SQ,CC,F
14:43:36,INDF,RG,6300,10,D,NI,CC,F
14:43:36,INDF,RG,6300,1,D,CC,CC,F
14:43:36,INDF,RG,6300,3,D,XL,CC,F
14:43:36,INDF,RG,6300,3,D,XL,CC,F
14:43:36,INDF,RG,6300,3,D,XL,CC,F
14:43:36,INDF,RG,6300,3,D,LG,CC,F
14:43:36,INDF,RG,6300,16,D,LG,CC,F
14:43:36,INDF,RG,6300,12,D,YP,CC,F
14:43:31,INDF,RG,6325,10,F,BK,BK,F
14:43:30,INDF,RG,6325,2,D,BK,BK,F
14:43:28,INDF,RG,6300,11,D,YP,BK,D
14:43:23,INDF,RG,6300,9,D,YP,BK,F
14:43:22,INDF,RG,6300,1,D,YP,BK,D
14:43:14,INDF,RG,6300,11,D,YP,BK,D
14:43:03,INDF,RG,6300,11,D,YP,BK,D
14:42:59,INDF,RG,6325,2,D,BK,BK,F
14:42:54,INDF,RG,6325,10,D,YP,BK,F
14:42:53,INDF,RG,6300,9,D,YP,BK,D
14:42:49,INDF,RG,6300,1,D,YP,PD,D
14:42:46,INDF,RG,6300,6,D,YP,YP,D
14:42:45,INDF,RG,6325,1,D,PD,BK,F
14:42:44,INDF,RG,6300,11,D,YP,BK,F
14:42:43,INDF,RG,6300,1,D,YP,BK,D
14:42:42,INDF,RG,6300,20,D,YP,PD,D
14:42:42,INDF,RG,6300,11,D,YP,BK,D
14:42:41,INDF,RG,6300,136,D,YP,YU,F
14:42:41,INDF,RG,6300,5,D,YP,YU,F
14:42:41,INDF,RG,6300,28,D,CC,YU,F
14:42:41,INDF,RG,6300,2,D,XA,YU,F
14:42:37,INDF,RG,6300,8,D,XA,CC,F
14:42:37,INDF,RG,6300,2,D,CC,CC,F
14:42:37,INDF,RG,6300,10,D,YP,CC,F
14:42:37,INDF,RG,6300,2,D,YP,CC,F
14:42:37,INDF,RG,6300,1,D,SQ,CC,F
14:42:37,INDF,RG,6300,6,D,YP,CC,F
14:42:37,INDF,RG,6300,1,D,PD,CC,F
14:42:37,INDF,RG,6300,8,D,PD,CC,F
14:42:37,INDF,RG,6300,5,D,PD,CC,F
14:42:37,INDF,RG,6300,5,D,PD,CC,F
14:42:37,INDF,RG,6300,5,D,CC,CC,F
14:42:37,INDF,RG,6300,10,D,SQ,CC,F
14:42:37,INDF,RG,6300,2,D,PD,CC,F
14:42:37,INDF,RG,6300,1,D,DR,CC,F
14:42:37,INDF,RG,6300,2,D,PD,CC,F
14:42:37,INDF,RG,6300,5,D,PD,DH,D
14:42:27,INDF,RG,6300,3,D,PD,BK,D
14:42:27,INDF,RG,6300,2,D,DR,BK,D
14:42:27,INDF,RG,6300,2,D,DH,BK,D
14:42:27,INDF,RG,6300,3,D,XC,BK,D
14:42:27,INDF,RG,6325,2,D,BK,BK,F
14:42:16,INDF,RG,6300,10,D,XC,BK,D
14:42:15,INDF,RG,6325,3,F,BK,BK,F
14:42:15,INDF,RG,6325,2,F,BK,ZP,F
14:42:15,INDF,RG,6325,5,F,BK,ZP,F
14:42:12,INDF,RG,6325,100,D,YP,ZP,F
14:42:12,INDF,RG,6300,3,D,XC,BK,F
14:42:12,INDF,RG,6300,6,D,SQ,BK,F
14:42:05,INDF,RG,6300,11,D,SQ,BK,D
14:42:02,INDF,RG,6300,2,D,SQ,PD,D
14:41:58,INDF,RG,6300,1,D,SQ,BK,D
14:41:57,INDF,RG,6325,1,D,XC,ZP,F
14:41:57,INDF,RG,6300,10,D,SQ,BK,D
14:41:55,INDF,RG,6325,2,D,BK,ZP,F
14:41:51,INDF,RG,6300,2,D,SQ,CC,F
14:41:51,INDF,RG,6300,15,D,YB,CC,F
14:41:49,INDF,RG,6300,2,D,YB,XL,D
14:41:42,INDF,RG,6300,8,D,YB,BK,D
14:41:42,INDF,RG,6300,2,D,YP,BK,D
14:41:42,INDF,RG,6300,1,D,DR,BK,D
14:41:41,INDF,RG,6300,1,D,KK,BK,F
14:41:41,INDF,RG,6300,8,D,CP,BK,F
14:41:37,INDF,RG,6325,10,D,GR,ZP,F
14:41:37,INDF,RG,6300,12,D,CP,CC,F
14:41:37,INDF,RG,6300,1,D,HP,CC,F
14:41:37,INDF,RG,6300,2,D,PD,CC,F
14:41:37,INDF,RG,6300,50,D,PD,CC,F
14:41:34,INDF,RG,6325,3,D,YP,ZP,F
14:41:28,INDF,RG,6300,5,D,YP,BK,D
14:41:28,INDF,RG,6300,6,F,AG,BK,D
14:41:19,INDF,RG,6325,2,D,BK,ZP,F
14:41:18,INDF,RG,6300,4,F,AG,BK,D
14:41:18,INDF,RG,6300,6,D,KK,BK,D
14:41:17,INDF,RG,6325,68,D,YP,ZP,F
14:41:17,INDF,RG,6325,12,D,YP,ZP,F
14:41:11,INDF,RG,6325,9,F,YU,ZP,F
14:41:11,INDF,RG,6325,2,F,YU,ZP,F
14:41:10,INDF,RG,6300,1,D,KK,BK,D
14:41:10,INDF,RG,6300,10,D,KK,SQ,D
14:41:06,INDF,RG,6300,10,D,KK,BK,D
14:40:58,INDF,RG,6300,10,D,KK,BK,D
14:40:58,INDF,RG,6300,4,D,KK,NI,D
14:40:55,INDF,RG,6325,26,D,KK,ZP,F
14:40:55,INDF,RG,6300,9,D,KK,BK,F
14:40:55,INDF,RG,6300,1,D,BQ,BK,F
14:40:55,INDF,RG,6300,1,D,TF,BK,F
14:40:49,INDF,RG,6300,19,D,TF,CC,F
14:40:49,INDF,RG,6300,30,D,KK,CC,F
14:40:49,INDF,RG,6300,49,D,YP,CC,F
14:40:45,INDF,RG,6300,9,D,YP,BK,D
14:40:45,INDF,RG,6300,26,D,YP,KK,D
14:40:31,INDF,RG,6300,11,D,YP,BK,D
14:40:29,INDF,RG,6325,1,D,XL,ZP,F
14:40:28,INDF,RG,6300,270,D,YP,XL,D
14:40:26,INDF,RG,6300,25,D,YP,CC,D
14:40:21,INDF,RG,6300,1,D,YP,BK,D
14:40:20,INDF,RG,6300,11,D,YP,BK,D
14:40:17,INDF,RG,6300,15,D,YP,YP,D
14:40:11,INDF,RG,6300,11,D,YP,BK,F
14:40:08,INDF,RG,6300,5,D,YP,PD,D
14:40:08,INDF,RG,6300,10,D,YP,BK,D
14:39:58,INDF,RG,6300,9,D,YP,BK,D
14:39:54,INDF,RG,6300,48,D,YP,CC,F
14:39:54,INDF,RG,6300,1,D,YP,CC,F
14:39:49,INDF,RG,6325,1,D,PD,ZP,F
14:39:47,INDF,RG,6300,9,D,YP,BK,D
14:39:45,INDF,RG,6325,1,D,PD,ZP,F
14:39:44,INDF,RG,6300,2,D,YP,XC,D
14:39:38,INDF,RG,6300,9,D,YP,BK,D
14:39:30,INDF,RG,6300,3,D,YP,XC,D
14:39:30,INDF,RG,6300,6,D,YP,YU,D
14:39:30,INDF,RG,6300,25,D,YB,YU,D
14:39:28,INDF,RG,6300,8,D,YB,AT,D
14:39:28,INDF,RG,6300,5,D,YB,XL,D
14:39:28,INDF,RG,6300,15,D,YB,BQ,D
14:39:28,INDF,RG,6300,9,D,YB,YP,D
14:39:28,INDF,RG,6300,16,D,YB,LS,D
14:39:28,INDF,RG,6325,1,D,PD,ZP,F
14:39:28,INDF,RG,6300,12,D,YB,PD,D
14:39:28,INDF,RG,6300,10,D,YB,BK,D
14:39:25,INDF,RG,6325,59,F,AK,ZP,F
14:39:25,INDF,RG,6325,74,F,AK,ZP,F
14:39:25,INDF,RG,6325,71,F,AK,ZP,F
14:39:25,INDF,RG,6325,23,F,AK,YU,D
14:39:25,INDF,RG,6325,60,F,AK,YU,D
14:39:25,INDF,RG,6325,100,F,AK,YU,F
14:39:23,INDF,RG,6325,20,D,XA,CC,F
14:39:23,INDF,RG,6325,2,D,BK,CC,F
14:39:23,INDF,RG,6325,1,F,AK,CC,F
14:39:23,INDF,RG,6325,11,F,AK,BK,F
14:39:21,INDF,RG,6325,3,F,AK,NI,D
14:39:21,INDF,RG,6325,1,F,AK,NI,D
14:39:21,INDF,RG,6325,1,F,AK,NI,D
14:39:18,INDF,RG,6325,35,F,AK,ZP,F
14:39:18,INDF,RG,6325,15,D,YP,ZP,F
14:39:18,INDF,RG,6325,1,D,XC,ZP,F
14:39:18,INDF,RG,6325,23,D,YB,ZP,F
14:39:16,INDF,RG,6325,10,D,YB,BK,D
14:39:11,INDF,RG,6350,1,D,PD,ZP,F
14:39:11,INDF,RG,6325,10,D,YB,NI,D
14:39:09,INDF,RG,6325,2,D,YB,PD,D
14:39:02,INDF,RG,6325,55,D,YB,YU,F
14:39:02,INDF,RG,6325,2,D,CP,YU,F
14:39:02,INDF,RG,6325,3,D,BK,YU,F
14:39:02,INDF,RG,6325,1,D,GR,YU,F
14:39:02,INDF,RG,6325,5,D,YU,YU,F
14:39:02,INDF,RG,6325,5,D,XL,YU,F
14:39:02,INDF,RG,6325,1,D,DR,YU,F
14:39:02,INDF,RG,6325,3,D,YP,YU,F
14:39:02,INDF,RG,6325,2,D,YP,YU,F
14:39:02,INDF,RG,6325,1,D,DH,YU,F
14:39:02,INDF,RG,6325,10,D,PD,YU,F
14:39:02,INDF,RG,6325,1,D,PD,YU,F
14:39:02,INDF,RG,6325,10,D,CC,YU,F
14:39:02,INDF,RG,6325,5,F,ZP,YU,F
14:39:02,INDF,RG,6325,50,D,CP,YU,F
14:39:02,INDF,RG,6325,3,F,CC,YU,F
14:39:02,INDF,RG,6325,1,F,AK,YU,F
14:39:02,INDF,RG,6325,3,F,AK,CC,F
14:39:02,INDF,RG,6325,1,F,AK,CC,F
14:39:02,INDF,RG,6325,23,F,AK,CC,F
14:39:02,INDF,RG,6325,1,D,YP,CC,F
14:39:02,INDF,RG,6325,14,F,ZP,CC,F
14:39:00,INDF,RG,6325,4,F,ZP,YU,D
14:39:00,INDF,RG,6325,1,D,XL,YU,D
14:39:00,INDF,RG,6325,1,F,AK,YU,D
14:39:00,INDF,RG,6325,43,F,AK,YU,D
14:38:59,INDF,RG,6325,5,F,AK,CC,D
14:38:46,INDF,RG,6325,23,F,AK,YP,D
14:38:46,INDF,RG,6325,6,F,AK,YP,D
14:38:46,INDF,RG,6325,1,D,NI,YP,D
14:38:46,INDF,RG,6325,10,D,EP,YP,D
14:38:46,INDF,RG,6325,60,F,AK,YP,D
14:38:44,INDF,RG,6325,10,F,AK,BK,F
14:38:30,INDF,RG,6325,2,F,AK,XL,D
14:38:25,INDF,RG,6325,11,F,AK,BK,D
14:38:23,INDF,RG,6325,9,F,AK,CC,F
14:38:23,INDF,RG,6325,1,D,XC,CC,F
14:38:23,INDF,RG,6325,1,D,YP,CC,F
14:38:23,INDF,RG,6325,5,D,XL,CC,F
14:38:23,INDF,RG,6325,2,D,TF,CC,F
14:38:23,INDF,RG,6325,20,D,XC,CC,F
14:38:23,INDF,RG,6325,5,D,EP,CC,F
14:38:23,INDF,RG,6325,1,D,LG,CC,F
14:38:23,INDF,RG,6325,2,D,PD,CC,F
14:38:23,INDF,RG,6325,1,D,NI,CC,F
14:38:23,INDF,RG,6325,7,D,XC,CC,F
14:38:23,INDF,RG,6325,24,D,KK,CC,F
14:38:22,INDF,RG,6325,3,D,KK,GR,D
14:38:21,INDF,RG,6350,10,D,GR,ZP,F
14:38:19,INDF,RG,6325,3,D,KK,XL,D
14:38:18,INDF,RG,6325,20,D,KK,ZP,F
14:38:18,INDF,RG,6325,10,D,XC,ZP,F
14:38:18,INDF,RG,6325,43,D,YP,ZP,F
14:38:00,INDF,RG,6350,10,D,PD,ZP,F
14:37:58,INDF,RG,6325,4,D,YP,OD,D
14:37:54,INDF,RG,6325,10,D,YP,BK,F
14:37:50,INDF,RG,6325,2,D,YP,PD,D
14:37:44,INDF,RG,6325,4,D,YP,XC,D
14:37:41,INDF,RG,6325,12,D,YP,PD,D
14:37:41,INDF,RG,6325,1,D,YP,PD,D
14:37:41,INDF,RG,6325,2,D,YP,PD,D
14:37:40,INDF,RG,6325,3,D,YP,CC,D
14:37:40,INDF,RG,6325,7,D,YU,CC,D
14:37:37,INDF,RG,6325,5,D,PD,DR,D
14:37:37,INDF,RG,6325,1,D,XL,DR,D
14:37:37,INDF,RG,6325,14,D,XA,DR,D
14:37:34,INDF,RG,6325,48,D,XA,TP,D
14:37:31,INDF,RG,6325,1,D,XA,PD,D
14:37:26,INDF,RG,6325,56,D,XA,CC,F
14:37:22,INDF,RG,6325,125,D,XA,XC,D
14:37:22,INDF,RG,6325,6,D,XA,BK,D
14:37:22,INDF,RG,6325,5,D,YP,BK,D
14:37:21,INDF,RG,6325,10,D,PD,XC,D
14:37:17,INDF,RG,6325,9,D,PD,CP,D
14:37:17,INDF,RG,6325,1,D,XL,CP,D
14:37:16,INDF,RG,6325,2,D,XL,YP,D
14:37:12,INDF,RG,6325,20,D,XL,CC,D
14:37:12,INDF,RG,6325,50,D,XC,CC,D
14:37:12,INDF,RG,6325,3,F,ZP,CC,D
14:37:12,INDF,RG,6325,10,D,DX,CC,D
14:37:12,INDF,RG,6325,2,D,XC,CC,D
14:37:12,INDF,RG,6325,10,D,DR,CC,D
14:37:12,INDF,RG,6325,10,D,YU,CC,D
14:37:12,INDF,RG,6325,1,D,LS,CC,D
14:37:12,INDF,RG,6325,2,D,PD,CC,D
14:37:12,INDF,RG,6325,5,D,YP,CC,D
14:37:12,INDF,RG,6325,17,D,CC,CC,D
14:37:11,INDF,RG,6325,2,D,CC,YP,D
14:37:11,INDF,RG,6325,1,D,CC,BK,F
14:37:11,INDF,RG,6325,9,D,KK,BK,F
14:37:08,INDF,RG,6325,1,D,KK,YP,D
14:37:08,INDF,RG,6325,5,D,XC,YP,D
14:37:08,INDF,RG,6325,2,D,PD,YP,D
14:37:08,INDF,RG,6325,2,D,NI,YP,D
14:37:08,INDF,RG,6325,5,D,PD,YP,D
14:37:06,INDF,RG,6325,20,D,PD,FS,D
14:37:04,INDF,RG,6325,3,D,PD,XC,D
14:37:03,INDF,RG,6325,5,D,PD,CC,D
14:37:01,INDF,RG,6325,12,D,PD,NI,D
14:37:00,INDF,RG,6325,3,D,PD,KK,D
14:37:00,INDF,RG,6325,1,D,GR,YU,D
14:37:00,INDF,RG,6325,1,D,XC,YU,D
14:37:00,INDF,RG,6325,1,D,XC,YU,D
14:37:00,INDF,RG,6325,2,F,BK,YU,D
14:37:00,INDF,RG,6325,3,F,BK,YU,D
14:37:00,INDF,RG,6325,9,F,AK,YU,D
14:37:00,INDF,RG,6325,3,D,NI,YU,D
14:37:00,INDF,RG,6325,7,D,BK,YU,D
14:37:00,INDF,RG,6325,1,F,AK,YU,D
14:37:00,INDF,RG,6325,17,F,AK,YU,D
14:37:00,INDF,RG,6325,5,D,AI,YU,D
14:37:00,INDF,RG,6325,8,F,BK,YU,D
14:37:00,INDF,RG,6325,20,D,OD,YU,D
14:37:00,INDF,RG,6325,1,D,YP,YU,D
14:37:00,INDF,RG,6325,1,D,PD,YU,D
14:37:00,INDF,RG,6325,2,D,EP,YU,D
14:37:00,INDF,RG,6325,3,D,YP,YU,D
14:37:00,INDF,RG,6325,1,F,CC,YU,D
14:37:00,INDF,RG,6325,10,D,YP,YU,D
14:37:00,INDF,RG,6325,1,D,SQ,YU,D
14:37:00,INDF,RG,6325,2,D,YP,YU,D
14:37:00,INDF,RG,6325,2,D,DH,YU,D
14:36:57,INDF,RG,6325,12,F,ZP,CC,D
14:36:56,INDF,RG,6325,4,F,ZP,XL,D
14:36:55,INDF,RG,6325,11,F,ZP,SQ,D
14:36:55,INDF,RG,6325,6,F,ZP,SQ,D
14:36:55,INDF,RG,6325,10,F,BK,SQ,D
14:36:55,INDF,RG,6325,5,D,CC,SQ,D
14:36:55,INDF,RG,6325,2,D,XC,SQ,D
14:36:55,INDF,RG,6325,10,D,YP,SQ,D
14:36:55,INDF,RG,6325,5,D,XC,SQ,D
14:36:55,INDF,RG,6325,3,D,YP,SQ,D
14:36:55,INDF,RG,6325,5,D,PD,SQ,D
14:36:55,INDF,RG,6325,8,D,XL,SQ,D
14:36:55,INDF,RG,6325,1,D,PD,SQ,D
14:36:55,INDF,RG,6325,50,D,DH,SQ,D
14:36:55,INDF,RG,6325,5,D,LG,SQ,D
14:36:55,INDF,RG,6325,1,D,XL,SQ,D
14:36:55,INDF,RG,6325,1,D,SQ,SQ,D
14:36:55,INDF,RG,6325,1,D,PD,SQ,D
14:36:55,INDF,RG,6325,1,D,SQ,SQ,D
14:36:55,INDF,RG,6325,1,D,AG,SQ,D
14:36:55,INDF,RG,6325,24,D,CC,SQ,D
14:36:52,INDF,RG,6325,7,D,CC,DR,D
14:36:51,INDF,RG,6325,6,D,CC,YP,D
14:36:51,INDF,RG,6325,2,D,CC,XC,D
14:36:49,INDF,RG,6325,20,D,CC,YB,D
14:36:48,INDF,RG,6325,4,D,CC,XC,D
14:36:48,INDF,RG,6325,30,D,CC,EP,D
14:36:48,INDF,RG,6325,7,D,CC,XC,D
14:36:48,INDF,RG,6325,1,D,YP,XC,D
14:36:48,INDF,RG,6325,30,D,CC,XC,D
14:36:48,INDF,RG,6325,16,D,KK,XC,D
14:36:48,INDF,RG,6325,1,D,NI,XC,D
14:36:48,INDF,RG,6325,2,D,YB,XC,D
14:36:48,INDF,RG,6325,24,F,ZP,XC,D
14:36:48,INDF,RG,6325,77,F,ZP,XC,D
14:36:48,INDF,RG,6325,10,D,CC,XC,D
14:36:48,INDF,RG,6325,1,D,XA,XC,D
14:36:48,INDF,RG,6325,2,D,CP,XC,D
14:36:48,INDF,RG,6325,10,F,BK,XC,D
14:36:48,INDF,RG,6325,1,F,AK,XC,D
14:36:48,INDF,RG,6325,1,D,YP,XC,D
14:36:48,INDF,RG,6325,1,D,DR,XC,D
14:36:48,INDF,RG,6325,1,F,AK,XC,D
14:36:48,INDF,RG,6325,28,F,AK,XC,D
14:36:48,INDF,RG,6325,3,F,AK,XC,D
14:36:48,INDF,RG,6325,10,F,BK,XC,D
14:36:48,INDF,RG,6325,24,D,SQ,XC,D
14:36:47,INDF,RG,6325,3,D,SQ,PD,D
14:36:44,INDF,RG,6325,15,D,SQ,YP,D
14:36:44,INDF,RG,6325,11,D,SQ,YP,D
14:36:42,INDF,RG,6325,32,D,SQ,YP,D
14:36:42,INDF,RG,6325,1,D,DR,YP,D
14:36:42,INDF,RG,6325,1,F,AK,YP,D
14:36:42,INDF,RG,6325,16,D,PD,YP,D
14:36:41,INDF,RG,6325,5,D,PD,XC,D
14:36:41,INDF,RG,6325,3,D,PD,XC,D
14:36:41,INDF,RG,6325,2,F,ZP,XC,D
14:36:41,INDF,RG,6325,1,D,XC,XC,D
14:36:41,INDF,RG,6325,5,D,SQ,XC,D
14:36:41,INDF,RG,6325,1,D,PD,XC,D
14:36:41,INDF,RG,6325,6,D,YP,XC,D
14:36:41,INDF,RG,6325,4,D,YP,CC,F
14:36:41,INDF,RG,6325,3,D,YP,CC,F
14:36:39,INDF,RG,6325,1,D,YP,XC,D
14:36:39,INDF,RG,6325,4,D,YP,XC,D
14:36:39,INDF,RG,6325,10,D,PD,XC,D
14:36:39,INDF,RG,6325,4,D,XL,XC,D
14:36:38,INDF,RG,6325,16,D,XL,ZP,F
14:36:38,INDF,RG,6325,5,D,CC,ZP,F
14:36:38,INDF,RG,6325,1,D,NI,ZP,F
14:36:38,INDF,RG,6325,3,D,KK,ZP,F
14:36:38,INDF,RG,6325,2,D,IF,ZP,F
14:36:38,INDF,RG,6325,1,D,PD,ZP,F
14:36:38,INDF,RG,6325,5,D,XC,ZP,F
14:36:38,INDF,RG,6325,2,D,YP,ZP,F
14:36:38,INDF,RG,6325,9,F,AK,ZP,F
14:36:38,INDF,RG,6325,5,D,CC,ZP,F
14:36:38,INDF,RG,6325,10,D,GR,ZP,F
14:36:38,INDF,RG,6325,2,F,AK,ZP,F
14:36:38,INDF,RG,6325,9,F,AK,ZP,F
14:36:35,INDF,RG,6325,1,F,AK,YP,D
14:36:35,INDF,RG,6325,2,F,AK,YP,D
14:36:35,INDF,RG,6325,2,D,EP,YP,D
14:36:35,INDF,RG,6325,8,D,EP,CC,D
14:36:35,INDF,RG,6325,3,D,YP,CC,D
14:36:35,INDF,RG,6325,1,D,XC,CC,D
14:36:35,INDF,RG,6325,1,D,XC,CC,D
14:36:35,INDF,RG,6325,1,D,XC,CC,D
14:36:35,INDF,RG,6325,14,D,XC,CC,D
14:36:35,INDF,RG,6325,5,D,YP,CC,D
14:36:35,INDF,RG,6325,29,D,CC,GR,D
14:36:35,INDF,RG,6325,4,D,PD,GR,D
14:36:35,INDF,RG,6325,5,D,XL,GR,D
14:36:35,INDF,RG,6325,3,D,PD,GR,D
14:36:35,INDF,RG,6325,10,D,PD,GR,D
14:36:35,INDF,RG,6325,2,D,PD,GR,D
14:36:35,INDF,RG,6325,1,D,PD,GR,D
14:36:35,INDF,RG,6325,2,D,PD,GR,D
14:36:35,INDF,RG,6325,2,D,TP,GR,D
14:36:35,INDF,RG,6325,1,D,DR,GR,D
14:36:35,INDF,RG,6325,1,D,PD,GR,D
14:36:35,INDF,RG,6325,1,D,XA,GR,D
14:36:35,INDF,RG,6325,10,D,GR,GR,D
14:36:35,INDF,RG,6325,4,D,DH,GR,D
14:36:34,INDF,RG,6325,1,D,DH,XC,D
14:36:34,INDF,RG,6325,2,D,CP,XC,D
14:36:33,INDF,RG,6325,15,D,CP,XC,D
14:36:33,INDF,RG,6325,1,D,CP,PD,D
14:36:31,INDF,RG,6325,4,D,CP,DR,D
14:36:30,INDF,RG,6325,28,D,CP,DH,D
14:36:30,INDF,RG,6325,1,D,KK,DH,D
14:36:30,INDF,RG,6325,1,D,KK,DH,D
14:36:30,INDF,RG,6325,2,D,LS,DH,D
14:36:30,INDF,RG,6325,1,D,YP,DH,D
14:36:30,INDF,RG,6325,7,D,XA,DH,D
14:36:29,INDF,RG,6325,13,D,XA,CC,F
14:36:29,INDF,RG,6325,1,D,YP,CC,F
14:36:29,INDF,RG,6325,17,D,BK,CC,F
14:36:29,INDF,RG,6325,4,F,BK,CC,F
14:36:28,INDF,RG,6325,4,F,BK,GR,D
14:36:28,INDF,RG,6325,12,F,BK,GR,D
14:36:28,INDF,RG,6325,1,D,CC,GR,D
14:36:28,INDF,RG,6325,8,D,IF,GR,D
14:36:28,INDF,RG,6325,2,D,IF,YP,D
14:36:26,INDF,RG,6325,9,D,IF,XC,D
14:36:26,INDF,RG,6325,1,D,XL,XC,D
14:36:26,INDF,RG,6325,2,F,BK,XC,D
14:36:26,INDF,RG,6325,4,D,YP,XC,D
14:36:25,INDF,RG,6325,2,D,YP,PC,D
14:36:25,INDF,RG,6325,50,D,YP,OD,D
14:36:24,INDF,RG,6325,30,D,YP,NI,D
14:36:23,INDF,RG,6325,10,D,YP,BK,F
14:36:23,INDF,RG,6325,125,D,YP,YP,D
14:36:22,INDF,RG,6325,10,D,YP,BK,D
14:36:22,INDF,RG,6325,1,D,YP,SQ,D
14:36:22,INDF,RG,6325,3,D,YP,CC,D
14:36:22,INDF,RG,6325,5,D,YP,KK,D
14:36:21,INDF,RG,6325,34,D,YP,YP,D
14:36:20,INDF,RG,6325,20,D,YP,YP,D
14:36:20,INDF,RG,6325,4,D,YP,XC,D
14:36:19,INDF,RG,6325,15,D,YP,YP,D
14:36:18,INDF,RG,6325,5,D,YP,RO,D
14:36:18,INDF,RG,6325,3,D,YP,XC,D
14:36:17,INDF,RG,6325,40,D,YP,YP,D
14:36:14,INDF,RG,6325,5,D,YP,YP,D
14:36:12,INDF,RG,6325,1,D,YP,YP,D
14:36:12,INDF,RG,6325,13,D,YP,XC,D
14:36:11,INDF,RG,6325,40,D,YP,XC,D
14:36:11,INDF,RG,6350,1,F,AK,ZP,F
14:36:10,INDF,RG,6325,8,D,YP,XC,D
14:36:08,INDF,RG,6325,2,D,YP,XL,D
14:36:08,INDF,RG,6325,14,D,YP,CC,D
14:36:07,INDF,RG,6325,24,D,YP,YP,D
14:36:07,INDF,RG,6325,6,D,YP,NI,D
14:36:07,INDF,RG,6325,19,D,XA,NI,D
14:36:06,INDF,RG,6325,1,D,XA,DR,D
14:36:06,INDF,RG,6325,1,D,YP,DR,D
14:36:06,INDF,RG,6325,3,D,PD,DR,D
14:36:04,INDF,RG,6325,25,D,YP,YB,D
14:36:04,INDF,RG,6325,5,D,PD,YB,D
14:36:04,INDF,RG,6325,10,D,AI,YB,D
14:36:04,INDF,RG,6325,1,D,YP,YB,D
14:36:04,INDF,RG,6325,2,D,XL,YB,D
14:36:04,INDF,RG,6325,4,D,CC,YB,D
14:36:04,INDF,RG,6325,1,D,DH,YB,D
14:36:04,INDF,RG,6325,1,D,SQ,YB,D
14:36:04,INDF,RG,6325,1,D,YP,YB,D
14:36:03,INDF,RG,6325,1,D,YP,CC,D
14:36:03,INDF,RG,6325,2,D,CC,CC,D
14:36:03,INDF,RG,6325,10,D,AO,CC,D
14:36:03,INDF,RG,6325,4,D,XL,CC,D
14:36:02,INDF,RG,6325,1,D,XL,NI,D
14:35:59,INDF,RG,6325,2,F,BK,XL,D
14:35:59,INDF,RG,6325,3,F,BK,PD,D
14:35:58,INDF,RG,6325,1,D,YP,ZP,F
14:35:58,INDF,RG,6325,40,D,YP,ZP,F
14:35:58,INDF,RG,6325,33,D,YP,ZP,F
14:35:58,INDF,RG,6325,25,D,YP,XC,D
14:35:58,INDF,RG,6325,10,D,YP,SQ,D
14:35:57,INDF,RG,6325,2,D,YP,SQ,D
14:35:56,INDF,RG,6325,2,D,YP,XC,D
14:35:54,INDF,RG,6325,22,D,YP,XL,D
14:35:54,INDF,RG,6325,6,D,YP,YP,D
14:35:54,INDF,RG,6325,1,D,YP,YP,D
14:35:54,INDF,RG,6325,9,D,CC,YP,D
14:35:44,INDF,RG,6325,9,D,CC,BK,F
14:35:43,INDF,RG,6325,7,D,CC,YP,D
14:35:43,INDF,RG,6325,5,D,CC,YP,D
14:35:43,INDF,RG,6325,100,D,GR,YP,D
14:35:43,INDF,RG,6325,10,D,PD,YP,D
14:35:43,INDF,RG,6325,3,D,CC,YP,D
14:35:37,INDF,RG,6325,7,D,CC,BK,D
14:35:37,INDF,RG,6325,1,D,XC,BK,D
14:35:37,INDF,RG,6325,1,D,XC,BK,D
14:35:37,INDF,RG,6325,1,D,CC,BK,D
14:35:37,INDF,RG,6325,1,D,CC,CC,F
14:35:37,INDF,RG,6325,3,D,YP,CC,F
14:35:37,INDF,RG,6325,1,D,YP,CC,F
14:35:37,INDF,RG,6325,76,D,CC,CC,F
14:35:32,INDF,RG,6350,1,D,NI,ZP,F
14:35:26,INDF,RG,6325,9,D,CC,BK,D
14:35:01,INDF,RG,6325,70,D,CC,YU,D
14:34:59,INDF,RG,6350,10,D,BK,ZP,F
14:34:49,INDF,RG,6350,10,F,BK,ZP,F
14:34:44,INDF,RG,6350,10,F,BK,ZP,F
14:34:35,INDF,RG,6325,41,D,CC,CC,F
14:34:30,INDF,RG,6350,1,F,AK,ZP,F
14:34:30,INDF,RG,6350,1,F,AK,ZP,F
14:34:30,INDF,RG,6350,5,F,AK,ZP,F
14:34:08,INDF,RG,6350,9,F,BK,ZP,F
14:33:41,INDF,RG,6325,51,D,CC,CC,F
14:33:02,INDF,RG,6325,49,D,CC,CC,F
14:33:01,INDF,RG,6350,10,D,EP,ZP,F
14:33:00,INDF,RG,6350,11,F,BK,ZP,F
14:33:00,INDF,RG,6350,24,F,AK,ZP,F
14:32:30,INDF,RG,6325,7,D,CC,CC,F
14:32:18,INDF,RG,6350,10,D,BK,ZP,F
14:32:00,INDF,RG,6325,80,D,CC,YU,D
14:31:50,INDF,RG,6350,10,D,PD,ZP,F
14:31:45,INDF,RG,6350,2,F,AK,ZP,F
14:31:37,INDF,RG,6325,23,D,CC,CC,F
14:31:19,INDF,RG,6350,10,F,BK,ZP,F
14:31:16,INDF,RG,6350,4,D,XC,ZP,F
14:31:07,INDF,RG,6350,9,F,BK,ZP,F
14:31:03,INDF,RG,6350,1,D,PD,ZP,F
14:30:45,INDF,RG,6350,14,F,AK,ZP,F
14:30:45,INDF,RG,6350,9,F,AK,PD,D
14:30:41,INDF,RG,6325,82,D,CC,CC,F
14:30:36,INDF,RG,6325,2,D,CC,XC,D
14:30:33,INDF,RG,6350,10,D,EP,PD,D
14:30:26,INDF,RG,6350,1,D,PD,PD,D
14:30:19,INDF,RG,6350,1,D,XC,PD,D
14:30:10,INDF,RG,6350,3,D,XL,PD,D
14:30:09,INDF,RG,6350,1,D,XC,PD,D
14:30:00,INDF,RG,6325,109,D,CC,YU,D
14:30:00,INDF,RG,6325,1,D,YP,YU,D
14:30:00,INDF,RG,6325,20,D,XA,YU,D
14:30:00,INDF,RG,6325,15,D,XC,YU,D
14:30:00,INDF,RG,6325,13,D,KK,YU,D
14:29:44,INDF,RG,6350,15,D,PD,PD,D
14:29:43,INDF,RG,6350,3,F,ZP,PD,D
14:29:43,INDF,RG,6350,7,F,ZP,PD,D
14:29:43,INDF,RG,6350,4,F,ZP,AK,F
14:29:43,INDF,RG,6350,15,F,ZP,AK,F
14:29:43,INDF,RG,6350,1,F,ZP,AK,F
14:29:43,INDF,RG,6325,12,D,KK,CC,F
14:29:37,INDF,RG,6350,1,D,CC,AK,F
14:29:23,INDF,RG,6350,1,D,NI,AK,F
14:29:21,INDF,RG,6350,12,F,AK,AK,F
14:29:20,INDF,RG,6350,10,D,BK,AK,F
14:29:02,INDF,RG,6350,6,D,YP,AK,F
14:28:42,INDF,RG,6325,25,D,KK,CC,F
14:28:42,INDF,RG,6325,12,F,BK,CC,F
14:28:36,INDF,RG,6350,7,F,ZP,AK,F
14:28:36,INDF,RG,6350,8,F,ZP,AK,F
14:28:26,INDF,RG,6350,10,D,CC,AK,F
14:28:10,INDF,RG,6350,16,D,CC,AK,F
14:28:10,INDF,RG,6350,4,D,CC,BK,D
14:28:08,INDF,RG,6325,47,D,XL,CC,F
14:28:00,INDF,RG,6325,53,D,XL,YU,D
14:28:00,INDF,RG,6325,1,D,PD,YU,D
14:28:00,INDF,RG,6325,16,D,YP,YU,D
14:27:45,INDF,RG,6350,21,F,AK,BK,D
14:27:36,INDF,RG,6350,1,D,YP,BK,D
14:27:28,INDF,RG,6350,9,F,BK,BK,D
14:27:27,INDF,RG,6350,10,F,BK,BK,D
14:27:22,INDF,RG,6350,1,D,SQ,BK,D
14:27:18,INDF,RG,6350,3,F,ZP,BK,D
14:27:18,INDF,RG,6350,20,F,ZP,BK,D
14:27:18,INDF,RG,6350,9,F,ZP,BK,D
14:27:18,INDF,RG,6350,82,F,ZP,ZP,F
14:27:15,INDF,RG,6350,1,F,AK,ZP,F
14:27:15,INDF,RG,6350,2,F,AK,ZP,F
14:27:15,INDF,RG,6350,4,F,AK,ZP,F
14:27:15,INDF,RG,6350,53,F,AK,ZP,F
14:27:14,INDF,RG,6325,6,D,YP,CC,F
14:27:08,INDF,RG,6325,3,D,YP,BK,D
14:27:08,INDF,RG,6325,1,D,YP,BK,D
14:27:08,INDF,RG,6325,1,D,XL,BK,D
14:27:08,INDF,RG,6325,3,D,YP,BK,D
14:27:08,INDF,RG,6325,1,D,XL,BK,D
14:26:53,INDF,RG,6325,1,D,CP,CC,D
14:26:40,INDF,RG,6325,2,D,KK,CC,F
14:26:40,INDF,RG,6325,14,D,SQ,CC,F
14:26:33,INDF,RG,6350,24,D,YP,ZP,F
14:26:33,INDF,RG,6350,89,D,YP,ZP,F
14:26:33,INDF,RG,6350,8,D,YP,AK,F
14:26:33,INDF,RG,6350,105,D,YP,BK,F
14:26:33,INDF,RG,6350,89,D,YP,YU,D
14:26:24,INDF,RG,6325,18,D,SQ,CC,F
14:26:07,INDF,RG,6325,18,D,SQ,ZP,F
14:26:07,INDF,RG,6325,8,D,PD,ZP,F
14:26:07,INDF,RG,6325,17,D,PD,ZP,F
14:26:07,INDF,RG,6325,3,D,XC,ZP,F
14:26:07,INDF,RG,6325,50,D,PD,ZP,F
14:26:07,INDF,RG,6325,3,D,YP,ZP,F
14:26:07,INDF,RG,6325,2,D,NI,ZP,F
14:26:07,INDF,RG,6325,13,D,GR,ZP,F
14:26:05,INDF,RG,6325,35,D,GR,CC,F
14:25:56,INDF,RG,6350,2,D,XL,YU,D
14:25:55,INDF,RG,6325,11,D,GR,BK,D
14:25:46,INDF,RG,6325,10,D,GR,BK,F
14:25:41,INDF,RG,6350,4,D,XL,YU,D
14:25:11,INDF,RG,6325,7,D,GR,CC,F
14:25:00,INDF,RG,6350,1,F,AK,YU,D
14:25:00,INDF,RG,6325,24,D,GR,YU,D
14:25:00,INDF,RG,6325,1,D,YP,YU,D
14:25:00,INDF,RG,6325,1,D,DH,YU,D
14:25:00,INDF,RG,6325,5,D,ZP,YU,D
14:25:00,INDF,RG,6325,1,D,YP,YU,D
14:25:00,INDF,RG,6325,5,D,PD,YU,D
14:25:00,INDF,RG,6325,1,D,PD,YU,D
14:25:00,INDF,RG,6325,3,D,NI,YU,D
14:25:00,INDF,RG,6325,5,D,PD,YU,D
14:25:00,INDF,RG,6325,10,D,CC,YU,D
14:24:59,INDF,RG,6325,24,D,CC,CC,F
14:24:52,INDF,RG,6325,45,D,CC,AK,F
14:24:45,INDF,RG,6325,11,D,CC,BK,F
14:24:44,INDF,RG,6350,1,D,PD,YU,D
14:24:39,INDF,RG,6325,11,D,CC,BK,D
14:24:22,INDF,RG,6325,19,D,CC,CC,F
14:24:22,INDF,RG,6325,25,D,PD,CC,F
14:24:13,INDF,RG,6350,1,D,PD,YU,D
14:23:45,INDF,RG,6325,11,D,PD,BK,F
14:23:39,INDF,RG,6325,64,D,PD,YP,D
14:23:39,INDF,RG,6325,14,D,PD,YP,D
14:23:34,INDF,RG,6325,6,D,PD,CC,F
14:23:34,INDF,RG,6325,25,D,PD,CC,F
14:23:34,INDF,RG,6325,1,D,XL,CC,F
14:23:34,INDF,RG,6325,5,D,XL,CC,F
14:23:34,INDF,RG,6325,1,D,YP,CC,F
14:23:34,INDF,RG,6325,30,D,CC,CC,F
14:23:34,INDF,RG,6325,10,D,SQ,CC,F
14:23:34,INDF,RG,6325,5,D,PD,CC,F
14:23:34,INDF,RG,6325,10,D,SQ,CC,F
14:23:34,INDF,RG,6325,6,D,PD,CC,F
14:23:34,INDF,RG,6325,2,D,PD,CC,F
14:23:34,INDF,RG,6325,1,D,EP,CC,F
14:23:34,INDF,RG,6325,7,D,GR,CC,F
14:23:27,INDF,RG,6325,3,D,LS,BK,D
14:23:27,INDF,RG,6325,7,D,SQ,BK,D
14:23:09,INDF,RG,6350,55,D,YP,YU,D
14:23:04,INDF,RG,6325,4,D,SQ,YP,D
14:23:00,INDF,RG,6325,43,D,SQ,YU,D
14:23:00,INDF,RG,6325,2,D,YP,YU,D
14:23:00,INDF,RG,6325,3,D,PD,YU,D
14:22:46,INDF,RG,6350,1,D,SQ,YU,D
14:22:45,INDF,RG,6350,1,F,AK,YU,D
14:22:43,INDF,RG,6325,5,D,YP,CC,F
14:22:43,INDF,RG,6325,9,D,KK,CC,F
14:22:42,INDF,RG,6325,11,D,KK,BK,F
14:22:21,INDF,RG,6325,10,D,KK,BK,D
14:22:00,INDF,RG,6350,35,F,AK,YU,D
14:21:46,INDF,RG,6325,10,D,KK,BK,F
14:21:45,INDF,RG,6325,30,D,KK,CC,F
14:21:42,INDF,RG,6350,2,D,XC,YU,D
14:21:35,INDF,RG,6325,13,D,KK,YP,D
14:21:04,INDF,RG,6325,10,D,KK,BK,D
14:21:00,INDF,RG,6325,7,D,KK,YU,D
14:21:00,INDF,RG,6325,5,D,EP,YU,D
14:21:00,INDF,RG,6325,3,D,YP,YU,D
14:21:00,INDF,RG,6325,2,D,KK,YU,D
14:21:00,INDF,RG,6325,37,D,YP,YU,D
14:20:58,INDF,RG,6325,8,D,YP,EP,D
14:20:55,INDF,RG,6325,14,D,YP,CC,F
14:20:47,INDF,RG,6325,10,D,YP,BK,F
14:20:29,INDF,RG,6350,4,D,KK,YU,D
14:20:25,INDF,RG,6325,31,D,YP,CC,F
14:20:25,INDF,RG,6350,9,F,AK,YU,D
14:20:25,INDF,RG,6350,108,F,AK,ZP,F
14:20:22,INDF,RG,6350,18,F,AK,ZP,F
14:20:03,INDF,RG,6350,8,D,NI,ZP,F
14:20:00,INDF,RG,6325,30,D,YP,YU,D
14:19:55,INDF,RG,6325,10,D,YP,BK,D
14:19:48,INDF,RG,6325,9,D,YP,BK,F
14:19:29,INDF,RG,6350,1,D,CC,ZP,F
14:19:27,INDF,RG,6325,38,D,YP,CC,F
14:19:17,INDF,RG,6350,1,D,XL,ZP,F
14:19:00,INDF,RG,6325,29,D,YP,YU,D
14:18:47,INDF,RG,6325,10,D,YP,BK,F
14:18:45,INDF,RG,6350,1,D,XC,ZP,F
14:18:32,INDF,RG,6325,28,D,YP,CC,F
14:18:26,INDF,RG,6350,1,D,XC,ZP,F
14:18:24,INDF,RG,6325,10,D,YP,BK,D
14:18:18,INDF,RG,6325,9,D,YP,PD,D
14:18:11,INDF,RG,6350,19,F,AK,ZP,F
14:18:00,INDF,RG,6325,28,D,YP,YU,D
14:17:55,INDF,RG,6325,17,D,YP,CC,F
14:17:53,INDF,RG,6325,9,D,YP,BK,F
14:17:47,INDF,RG,6325,16,D,YP,DR,D
14:17:33,INDF,RG,6325,38,D,YP,CC,F
14:17:28,INDF,RG,6350,45,F,AK,ZP,F
14:17:11,INDF,RG,6325,8,D,YP,BQ,D
14:17:01,INDF,RG,6325,42,D,YP,CC,F
14:17:00,INDF,RG,6325,28,D,YP,YU,D
14:16:54,INDF,RG,6350,26,D,KK,ZP,F
14:16:52,INDF,RG,6325,9,D,YP,BK,F
14:16:45,INDF,RG,6350,24,F,AK,ZP,F
14:16:43,INDF,RG,6350,5,D,DR,ZP,F
14:16:43,INDF,RG,6325,10,D,YP,EP,D
14:16:42,INDF,RG,6325,1,D,YP,YP,D
14:16:42,INDF,RG,6325,4,D,YP,YP,D
14:16:42,INDF,RG,6325,3,D,YP,YP,D
14:16:42,INDF,RG,6325,4,D,YP,HP,D
14:16:42,INDF,RG,6325,2,D,YP,PD,D
14:16:42,INDF,RG,6325,8,D,YP,PD,D
14:16:42,INDF,RG,6325,5,D,YP,PD,D
14:16:42,INDF,RG,6325,10,D,YP,BK,D
14:16:41,INDF,RG,6350,9,F,BK,KK,D
14:16:41,INDF,RG,6350,11,D,BK,KK,D
14:16:41,INDF,RG,6350,1,D,SQ,KK,D
14:16:41,INDF,RG,6350,5,F,ZP,KK,D
14:16:26,INDF,RG,6350,7,F,ZP,ZP,F
14:16:26,INDF,RG,6350,1,F,ZP,ZP,F
14:16:26,INDF,RG,6350,10,F,BK,ZP,F
14:16:26,INDF,RG,6350,5,D,KK,ZP,F
14:16:26,INDF,RG,6350,11,D,YP,ZP,F
14:16:26,INDF,RG,6350,10,D,YP,BK,D
14:16:11,INDF,RG,6350,2,D,YP,YP,D
14:16:08,INDF,RG,6350,12,D,YP,CC,F
14:16:00,INDF,RG,6350,19,D,YP,YU,D
14:15:45,INDF,RG,6350,11,D,YP,CC,D
14:15:42,INDF,RG,6350,10,D,YP,BK,F
14:15:35,INDF,RG,6350,25,D,YP,ZP,F
14:15:35,INDF,RG,6350,1,D,PD,ZP,F
14:15:35,INDF,RG,6350,5,F,ZP,ZP,F
14:15:35,INDF,RG,6350,10,D,SQ,ZP,F
14:15:35,INDF,RG,6350,20,F,ZP,ZP,F
14:15:35,INDF,RG,6350,1,D,DH,ZP,F
14:15:14,INDF,RG,6350,1,D,DH,CC,F
14:15:14,INDF,RG,6350,1,D,SQ,CC,F
14:15:14,INDF,RG,6350,10,D,YU,CC,F
14:15:14,INDF,RG,6350,1,D,EP,CC,F
14:15:14,INDF,RG,6350,10,D,YP,CC,F
14:15:14,INDF,RG,6350,2,D,YP,CC,F
14:15:14,INDF,RG,6350,2,D,GR,CC,F
14:15:14,INDF,RG,6350,10,F,BK,CC,F
14:15:14,INDF,RG,6350,3,D,CP,CC,F
14:15:14,INDF,RG,6350,1,D,YP,CC,F
14:15:14,INDF,RG,6350,1,D,YP,CC,F
14:15:14,INDF,RG,6350,13,D,NI,CC,F
14:15:14,INDF,RG,6350,3,D,KK,CC,F
14:15:00,INDF,RG,6350,22,D,KK,YU,D
14:15:00,INDF,RG,6350,12,F,ZP,YU,D
14:15:00,INDF,RG,6350,17,D,YP,YU,D
14:15:00,INDF,RG,6350,3,F,ZP,YU,D
14:15:00,INDF,RG,6350,2,D,XC,YU,D
14:15:00,INDF,RG,6350,1,D,XL,YU,D
14:15:00,INDF,RG,6350,4,D,KK,YU,D
14:14:23,INDF,RG,6350,10,D,KK,BK,D
14:14:05,INDF,RG,6350,9,D,KK,CC,F
14:14:00,INDF,RG,6350,2,D,KK,YU,D
14:14:00,INDF,RG,6350,10,D,YP,YU,D
14:14:00,INDF,RG,6350,10,D,AR,YU,D
14:14:00,INDF,RG,6350,2,D,ZP,YU,D
14:13:55,INDF,RG,6350,8,D,ZP,ZP,F
14:13:55,INDF,RG,6350,10,D,BK,ZP,F
14:13:55,INDF,RG,6350,2,F,CC,ZP,F
14:13:55,INDF,RG,6350,10,F,BK,ZP,F
14:13:55,INDF,RG,6350,24,D,XC,ZP,F
14:13:55,INDF,RG,6350,8,F,AK,ZP,F
14:13:55,INDF,RG,6350,6,F,AK,ZP,F
14:13:49,INDF,RG,6350,3,F,AK,BK,F
14:13:49,INDF,RG,6350,8,F,ZP,BK,F
14:13:46,INDF,RG,6350,27,F,ZP,CC,F
14:13:46,INDF,RG,6350,1,F,AK,CC,F
14:13:46,INDF,RG,6350,10,F,BK,CC,F
14:13:46,INDF,RG,6350,34,D,YB,CC,F
14:13:44,INDF,RG,6350,1,D,YB,PD,D
14:13:39,INDF,RG,6375,3,D,PD,BK,F
14:13:05,INDF,RG,6350,65,D,YB,AK,F
14:13:05,INDF,RG,6350,1,F,ZP,AK,F
14:13:05,INDF,RG,6350,1,D,YP,AK,F
14:13:05,INDF,RG,6350,25,D,YP,AK,F
14:13:05,INDF,RG,6350,5,D,YP,AK,F
14:13:05,INDF,RG,6350,6,F,ZP,AK,F
14:13:05,INDF,RG,6350,80,D,YP,AK,F
14:13:00,INDF,RG,6350,60,D,YP,YU,D
14:12:53,INDF,RG,6350,5,D,YP,YP,D
14:12:50,INDF,RG,6350,30,D,YP,CC,F
14:12:28,INDF,RG,6375,11,F,AK,BK,F
14:12:27,INDF,RG,6350,1,D,YP,PD,D
14:12:20,INDF,RG,6375,1,D,PD,BK,F
14:12:10,INDF,RG,6350,33,D,YP,CC,F
14:12:03,INDF,RG,6350,10,D,YP,BK,D
14:12:00,INDF,RG,6350,1,D,YP,PD,D
14:11:53,INDF,RG,6350,10,D,YP,BK,F
14:11:51,INDF,RG,6375,1,D,PD,BK,F
14:11:18,INDF,RG,6350,11,D,YP,CC,F
14:11:00,INDF,RG,6350,39,D,YP,YU,D
14:10:59,INDF,RG,6350,14,D,YP,CC,F
14:10:51,INDF,RG,6350,20,D,YP,YP,D
14:10:40,INDF,RG,6350,39,D,YP,CC,F
14:09:53,INDF,RG,6350,10,D,YP,CP,D
14:09:38,INDF,RG,6350,19,D,YP,CC,F
14:09:22,INDF,RG,6350,11,D,YP,BK,D
14:09:09,INDF,RG,6350,7,D,YP,BK,F
14:09:09,INDF,RG,6350,7,D,YP,BK,F
14:09:00,INDF,RG,6350,44,D,YP,YU,D
14:08:48,INDF,RG,6350,8,D,YP,CC,F
14:08:30,INDF,RG,6375,2,D,XC,BK,F
14:08:26,INDF,RG,6350,14,D,YP,CC,F
14:08:04,INDF,RG,6350,8,D,YP,KK,D
14:07:44,INDF,RG,6350,6,D,YP,CC,F
14:07:25,INDF,RG,6350,9,D,YP,CC,F
14:07:25,INDF,RG,6350,1,D,YP,PD,D
14:07:18,INDF,RG,6350,3,D,YP,YU,D
14:07:18,INDF,RG,6350,10,D,CC,YU,D
14:07:18,INDF,RG,6350,9,F,BK,YU,D
14:07:18,INDF,RG,6350,5,D,CC,YU,D
14:07:18,INDF,RG,6350,1,D,XC,YU,D
14:07:18,INDF,RG,6350,4,D,XC,YU,D
14:07:18,INDF,RG,6350,9,D,BK,YU,D
14:07:18,INDF,RG,6350,2,F,CC,YU,D
14:07:18,INDF,RG,6350,10,F,BK,YU,D
14:07:18,INDF,RG,6350,4,D,YP,YU,D
14:07:18,INDF,RG,6350,12,D,PD,YU,D
14:07:18,INDF,RG,6350,5,D,YP,YU,D
14:07:18,INDF,RG,6350,10,D,NI,YU,D
14:07:18,INDF,RG,6350,4,F,ZP,YU,D
14:07:18,INDF,RG,6350,50,D,DH,YU,D
14:07:18,INDF,RG,6350,4,D,YP,YU,D
14:07:18,INDF,RG,6350,8,F,BK,YU,D
14:07:14,INDF,RG,6375,1,D,PD,BK,F
14:07:00,INDF,RG,6350,1,F,BK,CC,F
14:07:00,INDF,RG,6350,5,D,YP,CC,F
14:07:00,INDF,RG,6350,4,D,NI,CC,F
14:07:00,INDF,RG,6350,3,D,PD,CC,F
14:07:00,INDF,RG,6350,1,D,XL,CC,F
14:07:00,INDF,RG,6350,1,D,XL,CC,F
14:07:00,INDF,RG,6350,4,D,YP,CC,F
14:07:00,INDF,RG,6350,10,D,PD,CC,F
14:07:00,INDF,RG,6350,4,D,YP,CC,F
14:07:00,INDF,RG,6350,1,D,XL,CC,F
14:07:00,INDF,RG,6350,2,D,YU,CC,F
14:07:00,INDF,RG,6350,1,F,AK,CC,F
14:07:00,INDF,RG,6350,9,F,AK,CC,F
14:07:00,INDF,RG,6350,1,D,PD,CC,F
14:07:00,INDF,RG,6350,9,D,XA,CC,F
14:07:00,INDF,RG,6350,1,D,XA,YU,D
14:07:00,INDF,RG,6350,1,D,YP,YU,D
14:07:00,INDF,RG,6350,1,F,AK,YU,D
14:07:00,INDF,RG,6350,1,D,XC,YU,D
14:07:00,INDF,RG,6350,1,D,SQ,YU,D
14:07:00,INDF,RG,6350,23,F,ZP,YU,D
14:07:00,INDF,RG,6350,1,F,ZP,YU,D
14:06:49,INDF,RG,6350,5,F,ZP,BK,D
14:06:49,INDF,RG,6350,5,D,XC,BK,D
14:06:15,INDF,RG,6350,2,D,XC,PD,D
14:05:58,INDF,RG,6350,13,D,XC,CC,F
14:05:58,INDF,RG,6350,11,D,XC,CC,F
14:05:00,INDF,RG,6350,22,D,XC,YU,D
14:04:57,INDF,RG,6375,81,F,AK,BK,F
14:04:57,INDF,RG,6350,10,D,XC,CC,F
14:04:30,INDF,RG,6350,5,D,XC,YP,D
14:04:00,INDF,RG,6350,52,D,XC,CC,F
14:04:00,INDF,RG,6350,1,D,XC,CC,F
14:04:00,INDF,RG,6350,2,D,XC,CC,F
14:04:00,INDF,RG,6350,5,D,KK,CC,F
14:04:00,INDF,RG,6350,1,D,KK,AK,F
14:04:00,INDF,RG,6350,10,F,AK,AK,F
14:04:00,INDF,RG,6350,1,F,AK,AK,F
14:04:00,INDF,RG,6350,1,D,XL,AK,F
14:04:00,INDF,RG,6350,148,F,AK,AK,F
14:04:00,INDF,RG,6350,36,D,YP,AK,F
14:04:00,INDF,RG,6375,3,F,AK,BK,F
14:04:00,INDF,RG,6350,29,D,YP,YU,D
14:03:21,INDF,RG,6375,20,F,AK,BK,F
14:03:09,INDF,RG,6375,1,D,XL,BK,F
14:03:01,INDF,RG,6350,2,D,YP,CC,F
14:03:00,INDF,RG,6350,33,D,YP,YU,D
14:02:35,INDF,RG,6350,3,D,BK,YP,D
14:02:30,INDF,RG,6350,2,D,BK,PD,D
14:02:25,INDF,RG,6350,5,D,BK,NI,D
14:02:25,INDF,RG,6350,3,D,CP,NI,D
14:02:25,INDF,RG,6350,2,D,DH,NI,D
14:02:25,INDF,RG,6350,2,D,YP,NI,D
14:02:25,INDF,RG,6350,1,F,AK,NI,D
14:02:25,INDF,RG,6350,6,D,KK,NI,D
14:02:25,INDF,RG,6350,5,D,XL,NI,D
14:02:15,INDF,RG,6375,1,F,AK,BK,F
14:02:15,INDF,RG,6350,3,D,YP,AK,F
14:02:15,INDF,RG,6350,1,D,NI,AK,F
14:02:15,INDF,RG,6350,11,F,BK,AK,F
14:02:15,INDF,RG,6350,4,D,DH,AK,F
14:02:15,INDF,RG,6350,1,D,XC,AK,F
14:02:15,INDF,RG,6350,1,D,NI,AK,F
14:02:15,INDF,RG,6350,1,D,CC,AK,F
14:02:15,INDF,RG,6350,2,D,KK,AK,F
14:02:15,INDF,RG,6350,9,F,BK,AK,F
14:02:15,INDF,RG,6350,1,D,XL,AK,F
14:02:15,INDF,RG,6350,1,D,YP,AK,F
14:02:15,INDF,RG,6350,4,D,NI,AK,F
14:01:00,INDF,RG,6350,4,D,NI,YU,D
14:01:00,INDF,RG,6350,10,D,SS,YU,D
14:01:00,INDF,RG,6350,1,D,DR,YU,D
14:01:00,INDF,RG,6350,10,D,CC,YU,D
14:01:00,INDF,RG,6350,9,D,YP,YU,D
13:59:26,INDF,RG,6350,23,D,YP,BK,F
13:59:21,INDF,RG,6350,18,D,YP,BK,F
13:59:21,INDF,RG,6350,1,D,CC,BK,F
13:59:21,INDF,RG,6350,1,D,SQ,BK,F
13:59:21,INDF,RG,6350,1,D,YP,BK,F
13:59:21,INDF,RG,6350,5,D,PD,BK,F
13:59:21,INDF,RG,6350,2,D,PD,BK,F
13:59:21,INDF,RG,6350,36,F,ZP,BK,F
13:59:21,INDF,RG,6350,10,D,BK,BK,F
13:59:17,INDF,RG,6350,11,F,BK,BK,F
13:59:17,INDF,RG,6350,11,F,BK,BK,F
13:59:17,INDF,RG,6350,315,D,YB,BK,F
13:59:15,INDF,RG,6375,4,D,XC,BK,F
13:59:15,INDF,RG,6375,28,D,XC,YU,D
13:59:15,INDF,RG,6375,19,D,XC,BK,F
13:59:15,INDF,RG,6375,500,D,XC,YP,D
13:59:15,INDF,RG,6375,4,D,XC,CC,F
13:59:15,INDF,RG,6375,5,D,XC,CC,F
13:59:15,INDF,RG,6375,5,D,XC,CC,F
13:59:15,INDF,RG,6375,5,D,XC,CC,F
13:59:15,INDF,RG,6375,3,D,XC,CC,F
13:59:15,INDF,RG,6375,25,D,XC,CC,F
13:59:15,INDF,RG,6375,3,D,XC,CC,F
13:59:15,INDF,RG,6375,4,D,XC,CC,F
13:59:15,INDF,RG,6375,3,D,XC,CC,F
13:59:15,INDF,RG,6375,40,D,XC,CC,F
13:59:15,INDF,RG,6375,3,D,XC,CC,F
13:59:15,INDF,RG,6375,68,D,XC,ZP,F
13:59:15,INDF,RG,6375,11,D,XC,KK,D
13:59:15,INDF,RG,6375,78,D,XC,ZP,F
13:59:15,INDF,RG,6375,2,D,XC,XC,D
13:59:15,INDF,RG,6375,10,D,XC,HP,D
13:59:15,INDF,RG,6375,87,D,XC,ZP,F
13:59:15,INDF,RG,6375,3,D,XC,BK,D
13:59:15,INDF,RG,6375,497,D,XC,BQ,D
13:59:15,INDF,RG,6375,10,D,XC,BK,D
13:59:15,INDF,RG,6375,86,D,XC,ZP,F
13:59:15,INDF,RG,6375,10,D,XC,BK,D
13:59:15,INDF,RG,6375,6,D,XC,BK,F
13:59:15,INDF,RG,6375,58,D,XC,ZP,F
13:59:15,INDF,RG,6375,11,D,XC,BK,F
13:59:04,INDF,RG,6350,10,D,YB,CC,F
13:59:00,INDF,RG,6350,22,D,YB,YU,D
13:58:53,INDF,RG,6350,11,D,YB,BK,F
13:58:51,INDF,RG,6350,8,D,YB,AT,D
13:58:40,INDF,RG,6350,55,D,YB,ZP,F
13:58:34,INDF,RG,6350,14,D,YB,CC,F
13:57:41,INDF,RG,6350,4,D,YB,PD,D
13:57:38,INDF,RG,6350,4,D,YB,CC,F
13:57:20,INDF,RG,6350,12,D,YB,CC,F
13:57:14,INDF,RG,6350,11,D,YB,BK,D
13:57:00,INDF,RG,6350,19,D,YB,YU,D
13:57:00,INDF,RG,6350,15,D,YB,ZP,F
13:57:00,INDF,RG,6350,1,D,XC,ZP,F
13:57:00,INDF,RG,6350,25,D,PD,ZP,F
13:57:00,INDF,RG,6350,1,D,PD,ZP,F
13:57:00,INDF,RG,6350,1,D,CC,ZP,F
13:57:00,INDF,RG,6350,5,D,DH,ZP,F
13:56:50,INDF,RG,6350,1,D,PD,LS,D
13:56:50,INDF,RG,6350,10,F,BK,LS,D
13:56:50,INDF,RG,6350,40,D,PD,LS,D
13:56:50,INDF,RG,6350,1,D,CC,LS,D
13:56:50,INDF,RG,6350,3,D,YP,LS,D
13:56:50,INDF,RG,6350,1,D,SQ,LS,D
13:56:50,INDF,RG,6350,44,D,YP,LS,D
13:56:47,INDF,RG,6375,4,D,YP,CC,F
13:56:41,INDF,RG,6350,6,D,YP,CC,F
13:56:41,INDF,RG,6350,12,D,CC,CC,F
13:56:41,INDF,RG,6350,7,F,ZP,CC,F
13:56:41,INDF,RG,6350,2,F,ZP,CC,F
13:56:00,INDF,RG,6350,5,F,ZP,YU,D
13:56:00,INDF,RG,6350,5,D,RG,YU,D
13:56:00,INDF,RG,6350,1,D,PD,YU,D
13:56:00,INDF,RG,6350,9,D,BK,YU,D
13:55:53,INDF,RG,6350,1,D,BK,CC,F
13:55:53,INDF,RG,6350,10,D,YP,CC,F
13:55:53,INDF,RG,6350,2,F,AK,CC,F
13:55:53,INDF,RG,6350,1,D,PD,CC,F
13:55:53,INDF,RG,6350,12,F,AK,CC,F
13:55:53,INDF,RG,6350,1,D,PD,CC,F
13:55:43,INDF,RG,6350,5,D,PD,BK,F
13:55:43,INDF,RG,6350,1,D,CC,BK,F
13:55:43,INDF,RG,6350,5,F,BK,BK,F
13:55:40,INDF,RG,6350,5,F,BK,ZP,F
13:55:40,INDF,RG,6350,54,D,YP,ZP,F
13:55:03,INDF,RG,6375,1,D,PD,CC,F
13:54:59,INDF,RG,6350,14,D,YP,CC,F
13:54:06,INDF,RG,6350,9,D,YP,CC,F
13:54:00,INDF,RG,6350,28,D,YP,YU,D
13:54:00,INDF,RG,6350,1,D,YP,YP,D
13:53:49,INDF,RG,6350,4,D,YP,YP,D
13:53:26,INDF,RG,6350,12,F,AK,CC,F
13:53:20,INDF,RG,6350,3,F,AK,ZP,F
13:53:20,INDF,RG,6350,1,D,PD,ZP,F
13:53:20,INDF,RG,6350,1,F,AK,ZP,F
13:53:20,INDF,RG,6350,1,D,XC,ZP,F
13:53:20,INDF,RG,6350,10,F,BK,ZP,F
13:53:20,INDF,RG,6350,10,D,PD,ZP,F
13:53:20,INDF,RG,6350,10,F,BK,ZP,F
13:53:20,INDF,RG,6350,10,D,EP,ZP,F
13:53:20,INDF,RG,6350,7,F,ZP,ZP,F
13:53:20,INDF,RG,6350,1,F,KK,ZP,F
13:53:17,INDF,RG,6350,11,F,KK,BK,D
13:53:06,INDF,RG,6350,4,F,KK,PC,D
13:52:42,INDF,RG,6350,16,F,KK,BK,F
13:52:39,INDF,RG,6350,53,F,KK,BK,F
13:52:35,INDF,RG,6350,5,F,KK,AK,F
13:52:35,INDF,RG,6350,1,F,AK,AK,F
13:52:35,INDF,RG,6350,4,F,AK,AK,F
13:52:35,INDF,RG,6350,15,F,AK,AK,F
13:52:35,INDF,RG,6350,117,F,AK,AK,F
13:52:35,INDF,RG,6350,7,D,YP,AK,F
13:52:35,INDF,RG,6350,1,D,XC,AK,F
13:52:35,INDF,RG,6350,1,D,CC,AK,F
13:52:35,INDF,RG,6350,1,D,CC,AK,F
13:52:35,INDF,RG,6350,1,D,CC,AK,F
13:52:35,INDF,RG,6350,1,D,XC,AK,F
13:52:35,INDF,RG,6350,20,D,XC,AK,F
13:52:35,INDF,RG,6350,2,D,XC,AK,F
13:52:35,INDF,RG,6350,10,D,CC,AK,F
13:52:35,INDF,RG,6350,5,D,YP,AK,F
13:52:35,INDF,RG,6350,2,D,OD,AK,F
13:52:35,INDF,RG,6350,3,D,YP,AK,F
13:52:35,INDF,RG,6350,8,F,ZP,AK,F
13:52:33,INDF,RG,6350,7,F,ZP,CC,F
13:52:33,INDF,RG,6350,1,D,XC,CC,F
13:52:33,INDF,RG,6350,1,D,XL,CC,F
13:52:33,INDF,RG,6350,4,D,CC,CC,F
13:52:33,INDF,RG,6350,1,D,CC,BK,F
13:52:33,INDF,RG,6350,1,D,YP,BK,F
13:52:33,INDF,RG,6350,2,D,XL,BK,F
13:52:33,INDF,RG,6350,4,D,CC,BK,F
13:52:33,INDF,RG,6350,10,D,XL,BK,F
13:52:33,INDF,RG,6350,5,D,XL,BK,F
13:52:28,INDF,RG,6350,1,D,XL,XL,D
13:52:27,INDF,RG,6350,4,D,XL,BK,F
13:52:27,INDF,RG,6350,1,D,XL,BK,F
13:52:27,INDF,RG,6350,1,D,XL,BK,F
13:52:27,INDF,RG,6350,1,D,LG,BK,F
13:52:27,INDF,RG,6350,2,D,CC,BK,F
13:52:27,INDF,RG,6350,1,D,PD,BK,F
13:52:27,INDF,RG,6350,10,D,PD,BK,F
13:52:27,INDF,RG,6350,15,D,PD,BK,F
13:52:27,INDF,RG,6350,1,D,PD,BK,F
13:52:27,INDF,RG,6350,1,D,PD,BK,F
13:52:27,INDF,RG,6350,1,D,PD,BK,F
13:52:27,INDF,RG,6350,2,D,YP,BK,F
13:52:27,INDF,RG,6350,2,D,YP,BK,F
13:52:27,INDF,RG,6350,1,D,YP,BK,F
13:52:27,INDF,RG,6350,5,D,PD,BK,F
13:52:27,INDF,RG,6350,1,D,DH,BK,F
13:52:27,INDF,RG,6350,5,D,KK,BK,F
13:52:27,INDF,RG,6350,1,D,GR,BK,F
13:52:27,INDF,RG,6350,1,D,YP,BK,F
13:52:27,INDF,RG,6350,1,D,DR,BK,F
13:52:27,INDF,RG,6350,48,D,KK,BK,F
13:52:26,INDF,RG,6350,22,D,KK,AK,F
13:52:26,INDF,RG,6350,1,D,PD,AK,F
13:52:26,INDF,RG,6350,30,D,KK,AK,F
13:52:26,INDF,RG,6350,20,D,CD,AK,F
13:52:26,INDF,RG,6350,20,D,PD,AK,F
13:52:26,INDF,RG,6350,10,D,DR,AK,F
13:52:26,INDF,RG,6350,1,D,YP,AK,F
13:52:26,INDF,RG,6350,10,D,GR,AK,F
13:52:26,INDF,RG,6350,1,D,AT,AK,F
13:52:26,INDF,RG,6350,1,D,KK,AK,F
13:52:26,INDF,RG,6350,8,D,HP,AK,F
13:52:26,INDF,RG,6350,10,D,PD,AK,F
13:52:26,INDF,RG,6350,1,D,AO,AK,F
13:52:26,INDF,RG,6350,50,D,YJ,AK,F
13:52:26,INDF,RG,6350,9,D,CC,AK,F
13:52:26,INDF,RG,6350,2,D,XC,AK,F
13:52:26,INDF,RG,6350,1,D,PD,AK,F
13:52:26,INDF,RG,6350,1,D,OD,AK,F
13:52:26,INDF,RG,6350,2,D,YP,AK,F
13:52:26,INDF,RG,6350,10,D,PD,AK,F
13:52:26,INDF,RG,6350,1,D,PD,AK,F
13:52:26,INDF,RG,6350,3,D,AZ,AK,F
13:52:26,INDF,RG,6350,50,D,AI,AK,F
13:52:26,INDF,RG,6350,10,D,XA,AK,F
13:52:26,INDF,RG,6350,1,D,XC,AK,F
13:52:26,INDF,RG,6350,25,D,YU,AK,F
13:52:26,INDF,RG,6350,1,D,SQ,AK,F
13:52:26,INDF,RG,6350,1,D,XC,AK,F
13:52:26,INDF,RG,6350,83,F,ZP,AK,F
13:52:26,INDF,RG,6350,1,D,YP,AK,F
13:52:26,INDF,RG,6350,1,D,XL,AK,F
13:52:26,INDF,RG,6350,1,D,YP,AK,F
13:52:26,INDF,RG,6350,2,D,XL,AK,F
13:52:26,INDF,RG,6350,1,D,PD,AK,F
13:52:26,INDF,RG,6350,1,D,XL,AK,F
13:52:26,INDF,RG,6350,4,D,KK,AK,F
13:52:26,INDF,RG,6350,100,D,PD,AK,F
13:52:26,INDF,RG,6350,1,D,XL,AK,F
13:52:26,INDF,RG,6350,100,D,AG,AK,F
13:52:26,INDF,RG,6350,5,D,SQ,AK,F
13:52:26,INDF,RG,6350,2,D,XC,AK,F
13:52:26,INDF,RG,6350,2,D,NI,AK,F
13:52:26,INDF,RG,6350,2,D,XC,AK,F
13:52:26,INDF,RG,6350,8,D,XL,AK,F
13:52:26,INDF,RG,6350,20,D,NI,AK,F
13:52:26,INDF,RG,6350,15,D,EP,AK,F
13:52:26,INDF,RG,6350,1,D,PD,AK,F
13:52:26,INDF,RG,6350,2,D,YP,AK,F
13:52:26,INDF,RG,6350,1,D,XC,AK,F
13:52:26,INDF,RG,6350,1,D,XL,AK,F
13:52:26,INDF,RG,6350,1,D,PD,AK,F
13:52:26,INDF,RG,6375,3,F,ZP,CC,F
13:52:00,INDF,RG,6350,19,D,PD,YU,D
13:52:00,INDF,RG,6350,1,D,XC,YU,D
13:52:00,INDF,RG,6350,1,D,YP,YU,D
13:52:00,INDF,RG,6350,1,D,PD,YU,D
13:51:46,INDF,RG,6350,7,D,PD,CC,F
13:51:46,INDF,RG,6350,5,D,PD,CC,F
13:51:46,INDF,RG,6350,1,D,SQ,CC,F
13:51:46,INDF,RG,6350,3,D,EP,CC,F
13:51:39,INDF,RG,6350,2,D,EP,BK,F
13:51:39,INDF,RG,6350,2,D,CC,BK,F
13:51:39,INDF,RG,6350,2,D,YP,BK,F
13:51:39,INDF,RG,6350,8,D,XL,BK,F
13:51:36,INDF,RG,6375,9,F,AK,CC,F
13:51:20,INDF,RG,6350,26,D,XL,ZP,F
13:51:20,INDF,RG,6350,3,D,DH,ZP,F
13:51:20,INDF,RG,6350,1,D,PD,ZP,F
13:51:20,INDF,RG,6350,5,D,PD,ZP,F
13:51:20,INDF,RG,6350,1,D,PD,ZP,F
13:51:20,INDF,RG,6350,10,D,XC,ZP,F
13:51:20,INDF,RG,6350,1,D,PD,ZP,F
13:51:20,INDF,RG,6350,1,D,CC,ZP,F
13:51:20,INDF,RG,6350,5,D,XL,ZP,F
13:51:20,INDF,RG,6350,1,D,CC,ZP,F
13:51:20,INDF,RG,6350,2,D,CC,ZP,F
13:51:20,INDF,RG,6350,1,D,CC,ZP,F
13:51:20,INDF,RG,6350,3,D,XL,ZP,F
13:51:15,INDF,RG,6375,2,F,AK,CC,F
13:51:00,INDF,RG,6350,1,D,XL,YU,D
13:51:00,INDF,RG,6350,2,D,XC,YU,D
13:51:00,INDF,RG,6350,1,D,YP,YU,D
13:51:00,INDF,RG,6350,2,D,YP,YU,D
13:51:00,INDF,RG,6350,1,D,SQ,YU,D
13:51:00,INDF,RG,6350,5,D,SQ,YU,D
13:51:00,INDF,RG,6350,3,D,XL,YU,D
13:51:00,INDF,RG,6350,5,D,PD,YU,D
13:51:00,INDF,RG,6350,1,D,XC,YU,D
13:50:51,INDF,RG,6350,12,D,XC,CC,F
13:50:26,INDF,RG,6350,17,D,XC,CC,F
13:50:20,INDF,RG,6375,1,F,AK,CC,F
13:50:19,INDF,RG,6375,1,F,ZP,CC,F
13:49:52,INDF,RG,6350,10,D,XC,BK,D
13:49:27,INDF,RG,6350,4,D,XC,CC,F
13:49:19,INDF,RG,6375,1,D,PD,CC,F
13:49:06,INDF,RG,6350,16,D,XC,CC,F
13:49:00,INDF,RG,6350,31,D,XC,YU,D
13:48:45,INDF,RG,6350,3,D,XC,PD,D
13:48:40,INDF,RG,6350,6,D,XC,ZP,F
13:48:40,INDF,RG,6350,1,D,YP,ZP,F
13:48:40,INDF,RG,6350,3,D,PD,ZP,F
13:48:40,INDF,RG,6350,30,D,PD,ZP,F
13:48:40,INDF,RG,6350,3,D,XL,ZP,F
13:48:40,INDF,RG,6350,20,D,YP,ZP,F
13:48:40,INDF,RG,6350,1,D,PD,ZP,F
13:48:40,INDF,RG,6350,2,D,PD,ZP,F
13:48:40,INDF,RG,6350,5,D,EP,ZP,F
13:48:36,INDF,RG,6375,2,F,AK,CC,F
13:48:30,INDF,RG,6375,1,F,AK,CC,F
13:48:20,INDF,RG,6350,5,D,EP,CC,F
13:48:20,INDF,RG,6350,6,D,PD,CC,F
13:48:00,INDF,RG,6350,9,D,PD,AK,F
13:48:00,INDF,RG,6350,1,D,XC,AK,F
13:48:00,INDF,RG,6350,5,D,PD,AK,F
13:48:00,INDF,RG,6350,1,D,XL,AK,F
13:48:00,INDF,RG,6350,2,D,AZ,AK,F
13:48:00,INDF,RG,6350,18,D,YP,AK,F
13:48:00,INDF,RG,6350,22,D,YP,YU,D
13:48:00,INDF,RG,6350,1,D,XC,YU,D
13:48:00,INDF,RG,6350,1,D,DX,YU,D
13:48:00,INDF,RG,6350,34,D,YP,YU,D
13:47:58,INDF,RG,6375,1,D,PD,CC,F
13:47:50,INDF,RG,6350,1,D,YP,CC,F
13:47:45,INDF,RG,6375,9,F,AK,CC,F
13:47:45,INDF,RG,6375,2,D,DH,CC,F
13:47:00,INDF,RG,6375,8,F,AK,CC,F
13:47:00,INDF,RG,6350,20,D,YP,YU,D
13:46:50,INDF,RG,6350,18,D,YP,CC,F
13:46:43,INDF,RG,6375,4,F,AK,CC,F
13:46:43,INDF,RG,6350,10,D,YP,BK,D
13:46:30,INDF,RG,6350,6,D,YP,AK,F
13:46:06,INDF,RG,6375,3,D,XL,CC,F
13:46:00,INDF,RG,6350,11,D,YP,YU,D
13:46:00,INDF,RG,6350,3,D,BK,YU,D
13:46:00,INDF,RG,6350,1,D,PD,YU,D
13:46:00,INDF,RG,6350,1,D,YP,YU,D
13:46:00,INDF,RG,6350,1,D,CC,YU,D
13:45:49,INDF,RG,6350,9,D,CC,CC,F
13:45:49,INDF,RG,6350,5,D,XL,CC,F
13:45:49,INDF,RG,6350,4,D,XL,CC,F
13:45:45,INDF,RG,6375,1,F,AK,CC,F
13:45:30,INDF,RG,6350,4,D,XL,AK,F
13:45:08,INDF,RG,6350,5,D,XL,CC,F
13:45:08,INDF,RG,6350,14,D,CC,CC,F
13:44:30,INDF,RG,6350,4,D,CC,YP,D
13:44:05,INDF,RG,6350,7,D,CC,CC,F
13:44:05,INDF,RG,6350,4,D,SQ,CC,F
13:44:00,INDF,RG,6375,1,F,AK,CC,F
13:44:00,INDF,RG,6350,6,D,SQ,YU,D
13:44:00,INDF,RG,6350,9,F,BK,YU,D
13:44:00,INDF,RG,6350,7,F,BK,YU,D
13:44:00,INDF,RG,6350,3,D,SQ,YU,D
13:43:28,INDF,RG,6350,3,D,YP,YB,D
13:43:28,INDF,RG,6350,1,D,XC,YB,D
13:43:28,INDF,RG,6350,6,D,AI,YB,D
13:43:20,INDF,RG,6350,12,D,AI,CC,F
13:43:07,INDF,RG,6350,12,D,AI,YP,D
13:43:07,INDF,RG,6350,3,D,EP,YP,D
13:43:00,INDF,RG,6350,18,D,EP,YU,D
13:42:37,INDF,RG,6350,9,D,EP,CC,F
13:42:37,INDF,RG,6350,2,D,PD,CC,F
13:42:35,INDF,RG,6350,8,D,PD,AK,F
13:42:35,INDF,RG,6350,1,D,XC,AK,F
13:42:35,INDF,RG,6350,10,D,GR,AK,F
13:42:35,INDF,RG,6350,2,D,YP,AK,F
13:42:35,INDF,RG,6350,1,D,NI,AK,F
13:42:35,INDF,RG,6350,25,D,CC,AK,F
13:42:35,INDF,RG,6350,167,D,ZP,AK,F
13:42:06,INDF,RG,6375,1,D,PD,CC,F
13:42:02,INDF,RG,6350,10,D,ZP,CC,F
13:41:24,INDF,RG,6350,1,D,ZP,XL,D
13:41:13,INDF,RG,6350,14,D,ZP,CC,F
13:41:01,INDF,RG,6375,1,D,OD,CC,F
13:41:00,INDF,RG,6350,24,D,ZP,YU,D
13:40:18,INDF,RG,6350,9,D,ZP,CC,F
13:39:44,INDF,RG,6350,7,D,ZP,CC,F
13:39:11,INDF,RG,6350,11,D,ZP,CC,F
13:39:00,INDF,RG,6350,25,D,ZP,YU,D
13:38:45,INDF,RG,6350,21,D,ZP,CC,F
13:38:08,INDF,RG,6350,11,D,ZP,CC,F
13:38:08,INDF,RG,6350,2,F,ZP,CC,F
13:37:11,INDF,RG,6350,21,F,ZP,CC,F
13:37:08,INDF,RG,6375,15,D,PD,CC,F
13:37:08,INDF,RG,6375,60,D,PD,ZP,F
13:37:00,INDF,RG,6350,23,F,ZP,YU,D
13:36:32,INDF,RG,6375,1,D,BQ,ZP,F
13:36:09,INDF,RG,6350,26,F,ZP,CC,F
13:36:01,INDF,RG,6375,1,D,XL,ZP,F
13:36:00,INDF,RG,6350,22,F,ZP,YU,D
13:35:42,INDF,RG,6350,37,F,ZP,CC,F
13:35:42,INDF,RG,6350,3,D,EP,CC,F
13:35:42,INDF,RG,6350,2,D,CC,CC,F
13:35:42,INDF,RG,6350,5,D,PD,CC,F
13:35:42,INDF,RG,6350,1,D,CC,CC,F
13:35:23,INDF,RG,6375,5,F,ZP,ZP,F
13:34:52,INDF,RG,6350,2,D,XC,CC,F
13:34:52,INDF,RG,6350,16,D,KK,CC,F
13:34:46,INDF,RG,6375,2,D,CC,ZP,F
13:34:00,INDF,RG,6350,34,D,KK,YU,D
13:34:00,INDF,RG,6350,10,D,YP,YU,D
13:34:00,INDF,RG,6350,2,D,XC,YU,D
13:34:00,INDF,RG,6350,2,D,XC,YU,D
13:33:55,INDF,RG,6375,2,F,ZP,ZP,F
13:33:55,INDF,RG,6375,9,F,ZP,YP,D
13:33:46,INDF,RG,6350,2,F,ZP,CC,F
13:33:46,INDF,RG,6350,7,D,XC,CC,F
13:33:32,INDF,RG,6350,1,D,XC,YB,D
13:33:32,INDF,RG,6350,1,D,XC,YB,D
13:33:27,INDF,RG,6375,1,D,BQ,YP,D
13:33:27,INDF,RG,6375,1,D,BQ,YP,D
13:33:05,INDF,RG,6350,4,D,XC,CC,F
13:33:05,INDF,RG,6350,1,D,YP,CC,F
13:33:05,INDF,RG,6350,12,D,XC,CC,F
13:33:00,INDF,RG,6375,1,D,PD,YP,D
13:32:08,INDF,RG,6350,11,D,XC,CC,F
13:32:08,INDF,RG,6350,4,D,YP,CC,F
13:32:07,INDF,RG,6350,1,D,YP,XC,D
13:32:00,INDF,RG,6350,24,D,YP,YU,D
13:31:36,INDF,RG,6350,8,D,YP,CC,F
13:31:20,INDF,RG,6350,15,D,YP,CC,F
13:31:00,INDF,RG,6375,8,F,ZP,YP,D
13:31:00,INDF,RG,6375,16,F,ZP,ZP,F
13:31:00,INDF,RG,6350,27,D,YP,YU,D
13:30:59,INDF,RG,6350,21,D,YP,CC,F
13:30:59,INDF,RG,6350,1,D,YP,CC,F
13:30:59,INDF,RG,6350,2,D,XC,CC,F
13:30:59,INDF,RG,6350,2,D,NI,CC,F
13:30:59,INDF,RG,6350,2,D,YP,CC,F
13:30:59,INDF,RG,6350,1,D,XL,CC,F
13:30:59,INDF,RG,6350,10,D,YP,CC,F
13:30:59,INDF,RG,6350,1,D,YP,CC,F
13:30:59,INDF,RG,6350,2,D,NI,CC,F
13:30:59,INDF,RG,6350,5,D,EP,CC,F
13:30:59,INDF,RG,6350,1,D,OD,CC,F
13:30:59,INDF,RG,6350,7,F,BK,CC,F
13:30:59,INDF,RG,6350,8,D,XC,CC,F
13:30:45,INDF,RG,6350,2,D,XC,CC,F
13:30:45,INDF,RG,6350,5,D,XL,CC,F
13:30:45,INDF,RG,6350,50,D,XC,CC,F
13:30:45,INDF,RG,6350,1,D,YP,CC,F
13:30:45,INDF,RG,6350,25,F,YP,CC,F
13:30:45,INDF,RG,6350,1,D,YP,CC,F
13:30:45,INDF,RG,6350,1,D,YP,CC,F
13:30:45,INDF,RG,6350,20,D,XA,CC,F
13:30:45,INDF,RG,6350,2,D,XL,CC,F
13:30:45,INDF,RG,6350,1,D,PD,CC,F
13:30:45,INDF,RG,6350,1,D,DR,CC,F
13:30:45,INDF,RG,6350,2,D,YP,CC,F
13:30:45,INDF,RG,6350,10,D,CC,CC,F
13:30:45,INDF,RG,6350,63,D,DH,CC,F
13:30:29,INDF,RG,6375,21,F,ZP,ZP,F
13:30:06,INDF,RG,6375,2,F,AK,ZP,F
13:30:06,INDF,RG,6375,9,F,AK,ZP,F
13:30:06,INDF,RG,6375,12,F,AK,ZP,F
13:30:06,INDF,RG,6375,25,F,AK,ZP,F
13:30:05,INDF,RG,6350,37,D,DH,AK,F
13:30:05,INDF,RG,6350,10,D,GR,AK,F
13:30:05,INDF,RG,6350,5,D,CC,AK,F
13:30:05,INDF,RG,6350,10,D,SQ,AK,F
13:30:05,INDF,RG,6350,2,D,NI,AK,F
13:30:05,INDF,RG,6350,1,D,CC,AK,F
13:30:05,INDF,RG,6350,1,D,CC,AK,F
13:30:05,INDF,RG,6350,4,D,NI,AK,F
13:30:05,INDF,RG,6350,1,D,YP,AK,F
13:30:05,INDF,RG,6350,2,D,DH,AK,F
13:30:05,INDF,RG,6350,1,D,CC,AK,F
13:30:05,INDF,RG,6350,1,D,XL,AK,F
13:30:05,INDF,RG,6350,1,D,SQ,AK,F
13:30:05,INDF,RG,6350,1,D,LG,AK,F
13:30:05,INDF,RG,6350,10,F,BK,AK,F
13:30:05,INDF,RG,6350,2,D,PD,AK,F
13:30:05,INDF,RG,6350,1,D,XL,AK,F
13:30:05,INDF,RG,6350,1,D,YP,AK,F
13:30:05,INDF,RG,6350,2,D,BK,AK,F
13:30:04,INDF,RG,6350,9,D,BK,CC,F
13:30:04,INDF,RG,6350,21,D,YP,CC,F
13:30:04,INDF,RG,6350,1,D,YP,XC,D
13:30:03,INDF,RG,6350,40,D,YP,YP,D
13:30:03,INDF,RG,6375,5,D,YP,ZP,F
13:30:03,INDF,RG,6375,2,F,ZP,ZP,F
13:30:02,INDF,RG,6350,4,D,YP,XC,D
13:30:02,INDF,RG,6350,2,D,YP,YP,D
13:30:02,INDF,RG,6350,1,D,YP,CC,D
13:30:02,INDF,RG,6350,1,D,YP,AK,F
13:30:01,INDF,RG,6350,6,D,YP,CC,D
13:30:01,INDF,RG,6350,10,D,YP,PD,D
13:30:01,INDF,RG,6350,5,D,YP,PD,D
13:30:01,INDF,RG,6375,41,D,PD,ZP,F
13:30:01,INDF,RG,6375,12,D,PD,BK,F
13:30:01,INDF,RG,6375,22,D,PD,YU,D
13:30:01,INDF,RG,6375,25,D,PD,ZP,F
13:30:01,INDF,RG,6350,1,D,YP,PD,D
13:30:01,INDF,RG,6375,1,D,SQ,ZP,F
13:30:01,INDF,RG,6375,30,D,KK,ZP,F
13:30:01,INDF,RG,6350,18,D,YP,AZ,D
13:30:01,INDF,RG,6375,5,D,DR,ZP,F
13:30:01,INDF,RG,6350,1,D,YP,SQ,D
13:30:01,INDF,RG,6350,5,D,YP,NI,D
11:29:58,INDF,RG,6350,1,D,YP,AK,F
11:29:58,INDF,RG,6350,1,D,YP,AK,F
11:29:57,INDF,RG,6375,1,F,ZP,ZP,F
11:29:52,INDF,RG,6375,2,F,ZP,ZP,F
11:29:52,INDF,RG,6375,1,F,AK,ZP,F
11:29:45,INDF,RG,6350,82,D,YP,ZP,F
11:29:41,INDF,RG,6350,27,D,YP,CC,F
11:29:40,INDF,RG,6350,10,D,YP,AK,F
11:29:40,INDF,RG,6350,2,D,YP,AK,F
11:29:39,INDF,RG,6375,2,F,ZP,ZP,F
11:29:30,INDF,RG,6375,1,F,AK,ZP,F
11:29:29,INDF,RG,6350,6,D,YP,AK,F
11:29:26,INDF,RG,6375,4,F,ZP,ZP,F
11:29:24,INDF,RG,6350,5,D,YP,AK,F
11:29:23,INDF,RG,6375,11,F,BK,ZP,F
11:29:15,INDF,RG,6375,1,F,AK,ZP,F
11:29:08,INDF,RG,6375,9,F,BK,ZP,F
11:29:07,INDF,RG,6375,8,F,ZP,ZP,F
11:29:07,INDF,RG,6375,5,F,ZP,YU,D
11:29:07,INDF,RG,6350,115,D,YP,CC,D
11:29:07,INDF,RG,6375,7,F,AK,YU,D
11:29:07,INDF,RG,6375,1,F,AK,YU,D
11:28:59,INDF,RG,6350,1,D,YP,PD,D
11:28:57,INDF,RG,6375,9,D,BK,YU,D
11:28:55,INDF,RG,6350,9,D,YP,CC,F
11:28:45,INDF,RG,6375,1,F,AK,YU,D
11:28:43,INDF,RG,6350,10,D,YP,BK,F
11:28:31,INDF,RG,6375,2,D,YU,YU,D
11:28:31,INDF,RG,6375,3,D,YU,AK,F
11:28:31,INDF,RG,6375,1,D,YU,XC,D
11:28:26,INDF,RG,6350,2,D,YP,CC,F
11:28:25,INDF,RG,6350,88,D,YP,ZP,F
11:28:22,INDF,RG,6375,1,F,AK,XC,D
11:28:22,INDF,RG,6375,5,F,AK,BK,D
11:28:19,INDF,RG,6350,3,D,YP,KZ,D
11:28:15,INDF,RG,6350,4,D,YP,AK,F
11:28:15,INDF,RG,6375,2,F,AK,BK,D
11:28:14,INDF,RG,6350,4,D,YP,KZ,D
11:28:01,INDF,RG,6375,1,D,YU,BK,D
11:28:00,INDF,RG,6350,49,D,YP,YU,D
11:27:45,INDF,RG,6350,2,D,YP,AK,F
11:27:40,INDF,RG,6375,1,F,AK,BK,D
11:27:39,INDF,RG,6350,9,D,YP,KZ,D
11:27:37,INDF,RG,6375,6,F,AK,BK,D
11:27:34,INDF,RG,6350,2,D,YP,KZ,D
11:27:29,INDF,RG,6350,77,D,YP,AK,F
11:27:25,INDF,RG,6375,7,F,ZP,BK,D
11:27:25,INDF,RG,6375,5,F,ZP,BK,F
11:27:25,INDF,RG,6350,81,D,YP,ZP,F
11:27:22,INDF,RG,6375,3,F,AK,BK,F
11:26:59,INDF,RG,6350,9,D,YP,BK,D
11:26:54,INDF,RG,6350,1,D,YP,KZ,D
11:26:49,INDF,RG,6350,7,D,YP,KZ,D
11:26:37,INDF,RG,6375,6,F,AK,BK,F
11:26:29,INDF,RG,6350,39,D,YP,AK,F
11:26:25,INDF,RG,6350,38,D,YP,ZP,F
11:26:25,INDF,RG,6350,2,D,YP,ZP,F
11:26:25,INDF,RG,6350,5,F,AK,ZP,F
11:26:25,INDF,RG,6350,1,D,YP,ZP,F
11:26:25,INDF,RG,6350,7,D,YP,ZP,F
11:26:25,INDF,RG,6350,2,D,YP,ZP,F
11:26:25,INDF,RG,6350,5,D,DH,ZP,F
11:26:25,INDF,RG,6350,10,D,XC,ZP,F
11:26:25,INDF,RG,6350,1,D,XC,ZP,F
11:26:25,INDF,RG,6350,10,F,BK,ZP,F
11:26:25,INDF,RG,6350,5,D,ZP,ZP,F
11:26:25,INDF,RG,6350,2,D,YB,ZP,F
11:26:07,INDF,RG,6375,4,F,AK,BK,F
11:26:00,INDF,RG,6350,53,D,YB,YU,D
11:26:00,INDF,RG,6375,1,D,YU,BK,F
11:25:59,INDF,RG,6350,21,D,YB,AK,F
11:25:52,INDF,RG,6350,9,D,YB,BK,D
11:25:44,INDF,RG,6350,1,D,YB,KZ,D
11:25:40,INDF,RG,6375,1,F,AK,BK,F
11:25:30,INDF,RG,6375,1,D,XC,BK,F
11:25:30,INDF,RG,6375,2,F,AK,CC,F
11:25:28,INDF,RG,6375,7,F,ZP,CC,F
11:25:27,INDF,RG,6350,11,D,YB,BK,D
11:25:00,INDF,RG,6375,1,F,AK,CC,F
11:24:54,INDF,RG,6350,3,D,YB,BK,F
11:24:54,INDF,RG,6350,2,D,YP,BK,F
11:24:54,INDF,RG,6350,5,D,PD,BK,F
11:24:45,INDF,RG,6350,9,D,PD,AK,F
11:24:35,INDF,RG,6375,5,D,XL,CC,F
11:24:30,INDF,RG,6375,1,F,AK,CC,F
11:24:25,INDF,RG,6350,36,D,PD,ZP,F
11:24:25,INDF,RG,6350,4,D,KK,ZP,F
11:24:25,INDF,RG,6350,31,D,CC,ZP,F
11:24:13,INDF,RG,6375,17,F,ZP,CC,F
11:23:58,INDF,RG,6350,9,D,CC,BK,D
11:23:58,INDF,RG,6350,1,D,CC,BK,D
11:23:54,INDF,RG,6350,9,D,CC,BK,F
11:23:39,INDF,RG,6350,3,D,CC,KZ,D
11:23:25,INDF,RG,6375,1,F,AK,CC,F
11:23:00,INDF,RG,6350,27,D,CC,YU,D
11:23:00,INDF,RG,6350,1,D,LG,YU,D
11:23:00,INDF,RG,6350,1,D,XL,YU,D
11:23:00,INDF,RG,6350,1,D,PD,YU,D
11:23:00,INDF,RG,6350,2,D,XC,YU,D
11:23:00,INDF,RG,6350,1,D,PD,YU,D
11:23:00,INDF,RG,6350,2,D,AT,YU,D
11:23:00,INDF,RG,6350,1,D,NI,YU,D
11:23:00,INDF,RG,6350,2,D,LS,YU,D
11:23:00,INDF,RG,6350,10,D,YP,YU,D
11:23:00,INDF,RG,6350,1,D,XC,YU,D
11:23:00,INDF,RG,6350,10,D,CC,YU,D
11:23:00,INDF,RG,6350,7,D,DR,YU,D
11:23:00,INDF,RG,6350,18,D,YP,YU,D
11:22:39,INDF,RG,6350,10,D,YP,BK,F
11:22:31,INDF,RG,6350,2,D,YP,BK,D
11:22:31,INDF,RG,6350,1,D,PD,BK,D
11:22:31,INDF,RG,6350,1,D,DH,BK,D
11:22:31,INDF,RG,6350,6,F,AK,BK,D
11:22:30,INDF,RG,6350,5,F,AK,AK,F
11:22:30,INDF,RG,6350,1,D,YP,AK,F
11:22:30,INDF,RG,6350,1,D,YP,AK,F
11:22:30,INDF,RG,6350,7,D,BK,AK,F
11:22:30,INDF,RG,6350,2,D,YP,AK,F
11:22:30,INDF,RG,6350,1,D,SQ,AK,F
11:22:30,INDF,RG,6350,8,F,AK,AK,F
11:22:30,INDF,RG,6350,2,D,KK,AK,F
11:22:30,INDF,RG,6350,1,F,AK,AK,F
11:22:30,INDF,RG,6350,1,D,YP,AK,F
11:22:30,INDF,RG,6350,1,F,AK,AK,F
11:22:30,INDF,RG,6350,50,D,DR,AK,F
11:22:30,INDF,RG,6350,2,D,XC,AK,F
11:22:30,INDF,RG,6350,30,D,PD,AK,F
11:22:30,INDF,RG,6350,29,D,XC,AK,F
11:22:30,INDF,RG,6375,2,F,AK,CC,F
11:22:22,INDF,RG,6375,8,F,AK,CC,F
11:21:26,INDF,RG,6350,10,D,XC,BK,F
11:21:25,INDF,RG,6375,1,F,AK,CC,F
11:21:11,INDF,RG,6375,8,F,BK,CC,F
11:21:05,INDF,RG,6350,69,D,XC,ZP,F
11:20:52,INDF,RG,6375,13,F,AK,CC,F
11:20:50,INDF,RG,6350,11,D,XC,BK,D
11:20:48,INDF,RG,6350,6,D,XC,AK,F
11:20:48,INDF,RG,6350,6,D,PD,AK,F
11:20:07,INDF,RG,6350,11,D,PD,BK,F
11:20:00,INDF,RG,6350,33,D,PD,YU,D
11:20:00,INDF,RG,6350,10,F,BK,YU,D
11:20:00,INDF,RG,6350,1,F,AK,YU,D
11:20:00,INDF,RG,6350,12,F,BK,YU,D
11:20:00,INDF,RG,6350,2,D,HP,YU,D
11:19:56,INDF,RG,6375,1,D,PD,CC,F
11:19:55,INDF,RG,6375,4,F,AK,CC,F
11:19:54,INDF,RG,6350,3,D,HP,OD,D
11:19:40,INDF,RG,6350,5,D,HP,OD,D
11:19:40,INDF,RG,6350,10,D,DH,OD,D
11:19:40,INDF,RG,6350,16,D,AG,OD,D
11:19:21,INDF,RG,6350,10,D,AG,BK,D
11:19:10,INDF,RG,6375,1,F,AK,CC,F
11:18:55,INDF,RG,6350,10,D,AG,BK,F
11:18:42,INDF,RG,6350,34,D,AG,OD,D
11:18:05,INDF,RG,6350,30,D,AG,ZP,F
11:18:05,INDF,RG,6350,13,D,BK,ZP,F
11:18:05,INDF,RG,6350,25,D,EP,ZP,F
11:18:05,INDF,RG,6350,1,D,CC,ZP,F
11:18:01,INDF,RG,6375,21,D,XL,CC,F
11:17:56,INDF,RG,6375,8,D,YP,CC,F
11:17:46,INDF,RG,6350,1,D,PD,BK,D
11:17:46,INDF,RG,6350,10,D,SA,BK,D
11:17:42,INDF,RG,6350,10,D,SA,BK,F
11:17:42,INDF,RG,6350,30,D,SA,OD,D
11:17:26,INDF,RG,6350,1,F,ZP,XC,D
11:17:08,INDF,RG,6375,5,D,PD,CC,F
11:17:00,INDF,RG,6350,1,F,ZP,YU,D
11:17:00,INDF,RG,6350,1,D,PD,YU,D
11:17:00,INDF,RG,6350,10,D,SQ,YU,D
11:17:00,INDF,RG,6350,50,D,AG,YU,D
11:17:00,INDF,RG,6350,10,D,PD,YU,D
11:17:00,INDF,RG,6350,4,D,PD,YU,D
11:16:42,INDF,RG,6350,1,D,PD,OD,D
11:16:42,INDF,RG,6350,2,D,YP,OD,D
11:16:42,INDF,RG,6350,3,D,YP,OD,D
11:16:42,INDF,RG,6350,1,D,YP,OD,D
11:16:42,INDF,RG,6350,12,F,BK,OD,D
11:16:42,INDF,RG,6350,8,F,BK,OD,D
11:16:27,INDF,RG,6375,1,D,PD,CC,F
11:16:16,INDF,RG,6350,4,F,BK,BK,F
11:16:16,INDF,RG,6350,1,D,PD,BK,F
11:16:16,INDF,RG,6350,4,D,XL,BK,F
11:16:16,INDF,RG,6350,1,D,DH,BK,F
11:16:16,INDF,RG,6350,1,D,NI,BK,F
11:16:08,INDF,RG,6350,9,D,NI,BK,D
11:16:08,INDF,RG,6350,1,D,IF,BK,D
11:16:05,INDF,RG,6375,10,F,BK,CC,F
11:16:01,INDF,RG,6375,1,D,NI,CC,F
11:16:00,INDF,RG,6375,6,D,YU,CC,F
11:15:53,INDF,RG,6375,11,D,BK,CC,F
11:15:52,INDF,RG,6375,25,F,AK,CC,F
11:15:46,INDF,RG,6350,1,D,IF,OD,D
11:15:46,INDF,RG,6350,8,D,YP,OD,D
11:15:46,INDF,RG,6350,10,D,DR,OD,D
11:15:46,INDF,RG,6350,6,D,PD,OD,D
11:15:45,INDF,RG,6350,18,D,PD,ZP,F
11:15:45,INDF,RG,6350,1,D,YP,ZP,F
11:15:45,INDF,RG,6350,1,D,YP,ZP,F
11:15:45,INDF,RG,6350,5,D,YP,ZP,F
11:15:45,INDF,RG,6350,1,D,YP,ZP,F
11:15:45,INDF,RG,6350,1,D,PD,ZP,F
11:15:45,INDF,RG,6350,1,D,NI,ZP,F
11:15:45,INDF,RG,6350,1,D,PD,ZP,F
11:15:45,INDF,RG,6350,5,D,YP,ZP,F
11:15:45,INDF,RG,6350,15,D,SQ,ZP,F
11:15:45,INDF,RG,6350,25,D,PD,ZP,F
11:15:42,INDF,RG,6375,9,F,BK,CC,F
11:14:56,INDF,RG,6350,2,D,LG,AK,F
11:14:56,INDF,RG,6350,20,D,YP,AK,F
11:14:56,INDF,RG,6350,10,D,NI,AK,F
11:14:56,INDF,RG,6350,2,D,YP,AK,F
11:14:56,INDF,RG,6350,3,D,KK,AK,F
11:14:56,INDF,RG,6350,143,D,MK,AK,F
11:14:56,INDF,RG,6350,9,D,MK,BK,F
11:14:53,INDF,RG,6375,5,D,OD,CC,F
11:14:46,INDF,RG,6350,16,D,MK,OD,D
11:14:27,INDF,RG,6350,19,D,MK,KZ,D
11:14:00,INDF,RG,6350,38,D,MK,YU,D
11:13:55,INDF,RG,6375,1,F,AK,CC,F
11:13:46,INDF,RG,6350,18,D,MK,OD,D
11:13:37,INDF,RG,6350,10,D,MK,BK,F
11:13:23,INDF,RG,6375,9,F,BK,CC,F
11:13:18,INDF,RG,6350,9,D,MK,BK,D
11:13:00,INDF,RG,6375,7,F,AK,CC,F
11:12:49,INDF,RG,6375,2,D,XC,CC,F
11:12:48,INDF,RG,6350,16,D,MK,OD,D
11:12:12,INDF,RG,6375,100,D,PD,CC,F
11:11:54,INDF,RG,6350,10,D,MK,BK,F
11:11:48,INDF,RG,6350,17,D,MK,OD,D
11:11:35,INDF,RG,6375,16,D,OD,CC,F
11:11:16,INDF,RG,6375,1,D,GR,CC,F
11:11:00,INDF,RG,6350,48,D,MK,YU,D
11:10:49,INDF,RG,6375,10,D,BK,CC,F
11:10:46,INDF,RG,6350,16,D,MK,OD,D
11:10:32,INDF,RG,6375,1,D,XC,CC,F
11:10:22,INDF,RG,6375,10,F,BK,CC,F
11:09:52,INDF,RG,6375,18,F,AK,CC,F
11:09:46,INDF,RG,6350,16,D,MK,OD,D
11:08:49,INDF,RG,6375,164,F,AK,CC,F
11:08:48,INDF,RG,6350,2,D,MK,XC,D
11:08:46,INDF,RG,6350,16,D,MK,OD,D
11:08:02,INDF,RG,6375,1,D,BQ,CC,F
11:08:00,INDF,RG,6350,42,D,MK,YU,D
11:07:58,INDF,RG,6350,2,D,MK,CC,F
11:07:46,INDF,RG,6350,16,D,MK,OD,D
11:07:45,INDF,RG,6375,1,D,YB,CC,F
11:07:40,INDF,RG,6375,1,F,AK,CC,F
11:07:15,INDF,RG,6375,4,F,AK,CC,F
11:07:04,INDF,RG,6350,37,D,MK,PD,D
11:07:04,INDF,RG,6350,20,D,KK,PD,D
11:07:04,INDF,RG,6350,2,D,DX,PD,D
11:07:04,INDF,RG,6350,5,D,CP,PD,D
11:07:04,INDF,RG,6350,12,D,YP,PD,D
11:06:48,INDF,RG,6350,18,D,YP,OD,D
11:06:22,INDF,RG,6375,10,F,BK,CC,F
11:06:14,INDF,RG,6350,70,D,YP,AK,F
11:06:14,INDF,RG,6350,1,D,YP,AK,F
11:06:14,INDF,RG,6350,25,D,PD,AK,F
11:06:14,INDF,RG,6350,85,D,YU,AK,F
11:06:07,INDF,RG,6375,6,D,EP,CC,F
11:05:53,INDF,RG,6375,2,D,BQ,CC,F
11:05:51,INDF,RG,6375,20,D,KK,CC,F
11:05:48,INDF,RG,6350,18,D,YU,OD,D
11:05:48,INDF,RG,6350,1,D,YU,XC,D
11:05:30,INDF,RG,6350,11,D,YU,CC,F
11:05:07,INDF,RG,6350,10,D,YU,KZ,D
11:05:00,INDF,RG,6350,57,D,YU,YU,D
11:04:53,INDF,RG,6350,2,D,YU,CC,F
11:04:48,INDF,RG,6350,17,D,YU,OD,D
11:04:38,INDF,RG,6375,1,D,YP,CC,F
11:04:22,INDF,RG,6375,24,F,AK,CC,F
11:03:55,INDF,RG,6375,1,F,AK,CC,F
11:03:46,INDF,RG,6350,19,D,YU,OD,D
11:03:46,INDF,RG,6350,11,D,YU,CC,F
11:02:59,INDF,RG,6350,13,D,YU,YP,D
11:02:48,INDF,RG,6350,1,D,YU,CC,F
11:02:46,INDF,RG,6350,15,D,YU,OD,D
11:02:30,INDF,RG,6375,5,F,AK,CC,F
11:02:12,INDF,RG,6350,2,D,YU,CC,F
11:02:09,INDF,RG,6375,3,D,PD,CC,F
11:02:00,INDF,RG,6350,37,D,YU,YU,D
11:01:48,INDF,RG,6350,1,D,YU,OD,D
11:01:48,INDF,RG,6350,1,D,XL,OD,D
11:01:48,INDF,RG,6350,15,F,NI,OD,D
11:01:39,INDF,RG,6350,2,F,NI,CC,F
11:01:22,INDF,RG,6350,20,F,NI,CC,F
11:00:50,INDF,RG,6350,17,F,NI,OD,D
11:00:24,INDF,RG,6350,33,F,NI,CC,F
11:00:00,INDF,RG,6375,4,D,YU,CC,F
10:59:48,INDF,RG,6350,19,F,NI,OD,D
10:59:34,INDF,RG,6350,25,F,NI,CC,F
10:59:09,INDF,RG,6350,12,F,NI,CC,F
10:59:00,INDF,RG,6350,67,F,NI,YU,D
10:58:50,INDF,RG,6350,15,F,NI,OD,D
10:58:47,INDF,RG,6350,7,F,NI,CC,F
10:58:43,INDF,RG,6350,8,F,NI,XL,D
10:58:23,INDF,RG,6350,10,F,NI,CC,F
10:58:21,INDF,RG,6350,9,F,NI,YP,D
10:58:08,INDF,RG,6375,2,D,XC,CC,F
10:58:07,INDF,RG,6375,10,F,AK,BK,D
10:57:50,INDF,RG,6350,18,F,NI,OD,D
10:57:29,INDF,RG,6350,182,F,NI,AK,F
10:57:23,INDF,RG,6350,4,F,NI,CC,F
10:57:10,INDF,RG,6375,1,F,AK,BK,D
10:56:57,INDF,RG,6375,6,D,XC,BK,D
10:56:55,INDF,RG,6350,3,F,NI,CC,F
10:56:53,INDF,RG,6350,2,F,NI,KK,D
10:56:52,INDF,RG,6375,1,D,IF,BK,D
10:56:48,INDF,RG,6350,20,F,NI,OD,D
10:56:47,INDF,RG,6350,20,F,NI,PD,D
10:56:16,INDF,RG,6350,22,F,NI,CC,F
10:56:08,INDF,RG,6375,1,D,PD,BK,D
10:55:46,INDF,RG,6350,15,F,NI,OD,D
10:55:25,INDF,RG,6350,18,F,NI,CC,F
10:54:47,INDF,RG,6350,11,F,NI,CC,F
10:54:46,INDF,RG,6350,17,F,NI,OD,D
10:54:30,INDF,RG,6375,4,F,AK,BK,D
10:54:01,INDF,RG,6350,55,F,NI,CC,F
10:54:00,INDF,RG,6350,79,F,NI,YU,D
10:53:48,INDF,RG,6350,18,F,NI,OD,D
10:53:43,INDF,RG,6375,1,D,PD,BK,D
10:53:03,INDF,RG,6350,9,F,NI,CC,F
10:52:50,INDF,RG,6350,8,F,NI,OD,D
10:52:50,INDF,RG,6350,10,D,XL,OD,D
10:52:22,INDF,RG,6350,1,D,OD,PD,D
10:52:22,INDF,RG,6350,5,D,YP,PD,D
10:52:22,INDF,RG,6350,5,D,XL,PD,D
10:52:22,INDF,RG,6350,2,D,LG,PD,D
10:52:22,INDF,RG,6350,4,D,YP,PD,D
10:52:08,INDF,RG,6350,89,D,YP,CC,F
10:51:48,INDF,RG,6350,18,D,YP,OD,D
10:51:48,INDF,RG,6350,32,D,YP,AK,F
10:51:37,INDF,RG,6375,1,D,CC,BK,D
10:51:12,INDF,RG,6375,1,D,XL,BK,D
10:51:03,INDF,RG,6350,15,D,YP,CC,F
10:51:00,INDF,RG,6350,72,D,YP,YU,D
10:50:55,INDF,RG,6375,1,F,AK,BK,D
10:50:48,INDF,RG,6350,18,D,YP,OD,D
10:50:47,INDF,RG,6375,19,F,AK,BK,D
10:50:46,INDF,RG,6375,20,D,KK,BK,D
10:50:25,INDF,RG,6375,2,F,ZP,BK,D
10:50:22,INDF,RG,6375,1,D,PD,BK,D
10:50:17,INDF,RG,6350,2,D,YP,CC,F
10:50:17,INDF,RG,6350,6,D,OD,CC,F
10:50:06,INDF,RG,6375,3,D,PD,BK,D
10:50:00,INDF,RG,6375,3,F,AK,BK,D
10:49:48,INDF,RG,6350,14,D,OD,OD,D
10:49:48,INDF,RG,6350,3,D,XA,OD,D
10:49:35,INDF,RG,6375,1,D,PD,BK,F
10:49:16,INDF,RG,6350,4,D,XA,CC,F
10:49:11,INDF,RG,6375,43,F,ZP,BK,F
10:49:05,INDF,RG,6375,1,D,OD,BK,F
10:48:50,INDF,RG,6350,16,D,XA,OD,D
10:48:49,INDF,RG,6350,11,D,XA,CC,F
10:48:24,INDF,RG,6375,15,D,DH,BK,F
10:47:56,INDF,RG,6350,4,D,XA,CC,F
10:47:54,INDF,RG,6375,10,D,GR,BK,F
10:47:54,INDF,RG,6375,69,D,GR,AK,F
10:47:53,INDF,RG,6375,1,D,SQ,AK,F
10:47:50,INDF,RG,6350,12,D,XA,OD,D
10:47:50,INDF,RG,6350,2,D,XA,OD,D
10:47:50,INDF,RG,6350,1,D,YP,OD,D
10:47:50,INDF,RG,6350,3,D,PD,OD,D
10:47:45,INDF,RG,6375,20,D,YP,AK,F
10:47:24,INDF,RG,6350,7,D,PD,CC,F
10:46:50,INDF,RG,6350,3,D,PD,OD,D
10:46:50,INDF,RG,6350,1,D,CC,OD,D
10:46:50,INDF,RG,6350,2,D,PD,OD,D
10:46:50,INDF,RG,6350,1,D,PD,OD,D
10:46:50,INDF,RG,6350,1,D,CC,OD,D
10:46:50,INDF,RG,6350,5,D,SQ,OD,D
10:46:50,INDF,RG,6350,1,D,PD,OD,D
10:46:50,INDF,RG,6350,4,D,EP,OD,D
10:46:43,INDF,RG,6375,35,D,YU,AK,F
10:46:43,INDF,RG,6375,17,D,YU,AK,F
10:46:43,INDF,RG,6375,82,D,YU,ZP,F
10:46:43,INDF,RG,6375,16,D,YU,ZP,F
10:46:39,INDF,RG,6350,5,D,EP,CC,F
10:46:36,INDF,RG,6350,1,D,EP,BK,D
10:46:36,INDF,RG,6350,2,D,GR,BK,D
10:46:36,INDF,RG,6350,1,D,DH,BK,D
10:46:36,INDF,RG,6350,1,D,IF,BK,D
10:46:36,INDF,RG,6350,2,D,YP,BK,D
10:46:36,INDF,RG,6350,1,D,KK,BK,D
10:46:36,INDF,RG,6350,1,D,YP,BK,D
10:46:36,INDF,RG,6350,1,D,KK,BK,D
10:46:21,INDF,RG,6375,1,D,AZ,ZP,F
10:46:16,INDF,RG,6350,1,D,DH,CC,F
10:46:16,INDF,RG,6350,4,D,PD,CC,F
10:45:52,INDF,RG,6350,18,D,PD,OD,D
10:45:50,INDF,RG,6350,6,D,PD,CC,F
10:45:45,INDF,RG,6375,2,F,AK,ZP,F
10:45:31,INDF,RG,6375,1,D,PD,ZP,F
10:45:24,INDF,RG,6375,1,D,XL,ZP,F
10:45:00,INDF,RG,6350,48,D,PD,YU,D
10:45:00,INDF,RG,6350,2,D,PD,CC,F
10:44:58,INDF,RG,6350,20,D,PD,KK,D
10:44:54,INDF,RG,6350,2,D,PD,OD,D
10:44:54,INDF,RG,6350,14,D,KK,OD,D
10:44:52,INDF,RG,6375,8,F,AK,ZP,F
10:44:49,INDF,RG,6350,2,D,KK,CC,F
10:44:35,INDF,RG,6350,11,D,KK,CC,F
10:44:15,INDF,RG,6350,3,D,KK,AK,F
10:43:54,INDF,RG,6350,16,D,KK,OD,D
10:43:44,INDF,RG,6350,9,D,KK,CC,F
10:43:39,INDF,RG,6375,8,D,BQ,ZP,F
10:43:18,INDF,RG,6350,19,D,KK,CC,F
10:43:07,INDF,RG,6350,12,D,KK,BK,F
10:42:55,INDF,RG,6350,14,D,KK,OD,D
10:42:55,INDF,RG,6350,1,D,DR,OD,D
10:42:49,INDF,RG,6350,1,D,DR,AK,F
10:42:49,INDF,RG,6350,50,D,KK,AK,F
10:42:49,INDF,RG,6350,16,D,KK,AK,F
10:42:49,INDF,RG,6350,50,D,KK,AK,F
10:42:49,INDF,RG,6350,53,D,ZP,AK,F
10:42:48,INDF,RG,6350,47,D,ZP,CC,F
10:42:48,INDF,RG,6350,6,D,DR,CC,F
10:42:00,INDF,RG,6350,9,D,DR,YU,D
10:42:00,INDF,RG,6350,5,D,YP,YU,D
10:42:00,INDF,RG,6350,1,D,XC,YU,D
10:42:00,INDF,RG,6350,47,D,YP,YU,D
10:41:55,INDF,RG,6350,15,D,YP,OD,D
10:41:53,INDF,RG,6350,6,D,YP,CC,F
10:41:40,INDF,RG,6375,1,F,AK,ZP,F
10:41:37,INDF,RG,6375,8,F,AK,ZP,F
10:41:32,INDF,RG,6350,10,D,YP,BK,D
10:41:15,INDF,RG,6375,2,F,AK,ZP,F
10:41:03,INDF,RG,6350,2,D,YP,CC,F
10:41:00,INDF,RG,6375,5,D,RO,ZP,F
10:40:55,INDF,RG,6350,15,D,YP,OD,D
10:40:47,INDF,RG,6350,4,D,YP,CC,F
10:40:14,INDF,RG,6350,6,D,YP,CC,F
10:39:57,INDF,RG,6350,15,D,YP,OD,D
10:39:54,INDF,RG,6375,8,D,YB,ZP,F
10:39:54,INDF,RG,6375,69,D,YB,ZP,F
10:39:54,INDF,RG,6375,23,D,YB,ZP,F
10:39:45,INDF,RG,6375,1,F,AK,ZP,F
10:39:42,INDF,RG,6350,5,D,YP,CC,F
10:39:31,INDF,RG,6375,5,D,XL,ZP,F
10:39:22,INDF,RG,6350,11,D,YP,CC,F
10:39:07,INDF,RG,6375,7,F,AK,ZP,F
10:38:57,INDF,RG,6350,16,D,YP,OD,D
10:38:32,INDF,RG,6350,6,D,YP,CC,F
10:38:15,INDF,RG,6375,1,F,AK,ZP,F
10:38:09,INDF,RG,6350,6,D,YP,CC,F
10:37:59,INDF,RG,6350,30,D,YP,CC,D
10:37:55,INDF,RG,6350,17,D,YP,OD,D
10:37:44,INDF,RG,6350,10,D,YP,BK,D
10:37:28,INDF,RG,6350,6,D,YP,CC,F
10:37:23,INDF,RG,6375,40,D,GR,ZP,F
10:37:23,INDF,RG,6375,52,D,GR,ZP,F
10:37:23,INDF,RG,6375,71,D,GR,ZP,F
10:37:23,INDF,RG,6375,37,D,GR,ZP,F
10:36:55,INDF,RG,6350,17,D,YP,OD,D
10:36:49,INDF,RG,6350,1,D,YP,NI,D
10:36:40,INDF,RG,6350,4,D,YP,CC,F
10:36:19,INDF,RG,6350,2,D,YP,CC,F
10:36:15,INDF,RG,6375,1,F,AK,ZP,F
10:36:01,INDF,RG,6350,32,D,YP,CC,F
10:35:53,INDF,RG,6350,15,D,YP,OD,D
10:35:25,INDF,RG,6375,1,D,BQ,ZP,F
10:35:20,INDF,RG,6350,10,D,YP,HP,D
10:35:17,INDF,RG,6350,14,D,YP,CC,F
10:35:05,INDF,RG,6375,26,D,KK,ZP,F
10:34:52,INDF,RG,6350,26,D,YP,KK,D
10:34:51,INDF,RG,6350,1,D,YP,DH,D
10:34:51,INDF,RG,6375,2,D,XL,ZP,F
10:34:51,INDF,RG,6350,20,D,YP,XL,D
10:34:51,INDF,RG,6350,100,D,YP,YP,D
10:34:51,INDF,RG,6350,5,D,YP,KK,D
10:34:51,INDF,RG,6350,16,D,YP,KK,D
10:34:51,INDF,RG,6350,5,D,YP,YB,D
10:34:51,INDF,RG,6350,5,D,YP,YB,D
10:34:51,INDF,RG,6350,2,D,YP,YB,D
10:34:51,INDF,RG,6375,2,D,YB,ZP,F
10:34:51,INDF,RG,6350,10,D,YP,YP,D
10:34:51,INDF,RG,6350,1,D,YP,YP,D
10:34:51,INDF,RG,6350,6,D,YP,PD,D
10:34:51,INDF,RG,6350,2,D,YP,PD,D
10:34:51,INDF,RG,6350,4,D,YP,PD,D
10:34:51,INDF,RG,6350,2,D,YP,PD,D
10:34:51,INDF,RG,6350,3,D,YP,CC,F
10:34:46,INDF,RG,6375,20,D,EP,ZP,F
10:34:44,INDF,RG,6375,32,F,AK,YU,D
10:34:44,INDF,RG,6375,16,F,AK,YU,D
10:34:44,INDF,RG,6375,17,F,AK,OD,D
10:34:44,INDF,RG,6375,8,F,AK,AK,F
10:34:44,INDF,RG,6375,5,D,EP,AK,F
10:34:44,INDF,RG,6375,1,D,DH,AK,F
10:34:44,INDF,RG,6375,5,F,ZP,AK,F
10:34:44,INDF,RG,6375,10,F,BK,AK,F
10:34:44,INDF,RG,6375,2,D,XC,AK,F
10:34:34,INDF,RG,6375,3,D,XC,CC,F
10:34:34,INDF,RG,6375,1,F,CC,CC,F
10:34:20,INDF,RG,6375,11,F,BK,ZP,F
10:34:20,INDF,RG,6375,2,D,XC,ZP,F
10:34:20,INDF,RG,6375,15,D,YP,ZP,F
10:34:20,INDF,RG,6375,1,D,PD,ZP,F
10:34:16,INDF,RG,6375,5,D,PD,CC,F
10:34:15,INDF,RG,6400,1,F,AK,CC,F
10:34:12,INDF,RG,6375,1,D,PD,XC,D
10:33:53,INDF,RG,6375,17,D,PD,OD,D
10:33:30,INDF,RG,6375,2,D,PD,CC,F
10:33:22,INDF,RG,6375,2,D,PD,XC,D
10:33:21,INDF,RG,6375,10,D,PD,BK,D
10:33:17,INDF,RG,6375,2,D,PD,OD,D
10:33:16,INDF,RG,6375,10,D,PD,LG,D
10:33:09,INDF,RG,6375,1,D,XC,CC,F
10:33:09,INDF,RG,6375,1,D,PD,CC,F
10:33:09,INDF,RG,6375,1,D,PD,CC,F
10:33:09,INDF,RG,6375,4,F,ZP,CC,F
10:32:52,INDF,RG,6375,13,F,ZP,YP,D
10:32:52,INDF,RG,6375,1,D,YP,YP,D
10:32:52,INDF,RG,6375,1,D,BK,YP,D
10:32:51,INDF,RG,6375,10,D,BK,OD,D
10:32:51,INDF,RG,6375,1,D,NI,OD,D
10:32:51,INDF,RG,6375,6,D,YP,OD,D
10:32:45,INDF,RG,6375,2,D,YP,DR,D
10:32:45,INDF,RG,6375,2,D,PD,DR,D
10:32:45,INDF,RG,6375,1,F,BK,DR,D
10:32:40,INDF,RG,6375,9,F,BK,ZP,F
10:32:40,INDF,RG,6375,2,D,ZP,ZP,F
10:32:40,INDF,RG,6375,1,D,XL,ZP,F
10:32:40,INDF,RG,6375,8,D,YU,ZP,F
10:32:40,INDF,RG,6375,6,D,XC,ZP,F
10:32:40,INDF,RG,6375,1,D,XC,ZP,F
10:32:40,INDF,RG,6375,1,F,AK,ZP,F
10:32:40,INDF,RG,6375,1,D,KK,ZP,F
10:32:40,INDF,RG,6375,2,D,YP,ZP,F
10:32:40,INDF,RG,6375,20,D,XC,ZP,F
10:32:40,INDF,RG,6375,1,F,CC,ZP,F
10:32:40,INDF,RG,6375,3,F,AK,ZP,F
10:32:32,INDF,RG,6375,3,F,AK,KZ,D
10:32:32,INDF,RG,6375,1,F,AK,KZ,D
10:32:32,INDF,RG,6375,1,D,YP,KZ,D
10:32:09,INDF,RG,6375,4,D,YP,CC,F
10:32:00,INDF,RG,6375,5,D,YP,YU,D
10:32:00,INDF,RG,6375,36,D,DR,YU,D
10:31:52,INDF,RG,6375,15,D,DR,OD,D
10:31:46,INDF,RG,6375,15,D,DR,CC,F
10:31:28,INDF,RG,6400,2,D,BQ,CC,F
10:31:21,INDF,RG,6400,1,F,AK,CC,F
10:31:20,INDF,RG,6375,1,D,DR,YB,D
10:30:52,INDF,RG,6375,18,D,DR,OD,D
10:30:43,INDF,RG,6375,5,D,DR,CC,F
10:30:29,INDF,RG,6375,8,D,DR,CC,F
10:30:09,INDF,RG,6375,16,D,DR,CC,F
10:30:07,INDF,RG,6400,12,F,AK,CC,F
10:29:50,INDF,RG,6375,6,D,DR,OD,D
10:29:50,INDF,RG,6375,9,D,DH,OD,D
10:29:20,INDF,RG,6375,1,D,DH,PD,D
10:29:20,INDF,RG,6375,1,D,SQ,PD,D
10:29:20,INDF,RG,6375,1,D,NI,PD,D
10:29:20,INDF,RG,6375,1,D,PD,PD,D
10:29:20,INDF,RG,6375,1,D,SQ,PD,D
10:29:20,INDF,RG,6375,1,D,YP,ZP,F
10:29:20,INDF,RG,6375,5,D,XL,ZP,F
10:29:20,INDF,RG,6375,10,D,XL,ZP,F
10:29:20,INDF,RG,6375,11,D,BK,ZP,F
10:29:20,INDF,RG,6375,6,D,YU,ZP,F
10:29:20,INDF,RG,6375,1,D,NI,ZP,F
10:29:20,INDF,RG,6375,1,D,YP,ZP,F
10:29:20,INDF,RG,6375,23,F,ZP,ZP,F
10:29:20,INDF,RG,6375,4,D,NI,ZP,F
10:29:14,INDF,RG,6375,1,D,NI,CC,F
10:29:14,INDF,RG,6375,6,F,BK,CC,F
10:29:12,INDF,RG,6375,4,F,BK,XC,D
10:29:12,INDF,RG,6375,1,D,YP,XC,D
10:29:12,INDF,RG,6375,1,D,XL,XC,D
10:29:12,INDF,RG,6375,1,D,PD,XC,D
10:29:12,INDF,RG,6375,1,D,CC,XC,D
10:29:12,INDF,RG,6375,20,D,XA,XC,D
10:29:12,INDF,RG,6375,7,D,PD,XC,D
10:29:12,INDF,RG,6375,50,F,YP,XC,D
10:29:12,INDF,RG,6375,1,D,YP,XC,D
10:29:12,INDF,RG,6375,10,D,PD,XC,D
10:29:12,INDF,RG,6375,1,D,SQ,XC,D
10:29:12,INDF,RG,6375,1,D,YP,XC,D
10:29:12,INDF,RG,6375,2,D,NI,XC,D
10:29:07,INDF,RG,6375,8,D,NI,BK,D
10:29:07,INDF,RG,6375,3,D,XA,BK,D
10:29:02,INDF,RG,6375,4,D,XA,YB,D
10:29:01,INDF,RG,6375,9,D,XA,CC,F
10:29:00,INDF,RG,6375,4,D,XA,YU,D
10:29:00,INDF,RG,6375,1,D,YP,YU,D
10:29:00,INDF,RG,6375,2,D,XC,YU,D
10:29:00,INDF,RG,6375,10,F,BK,YU,D
10:29:00,INDF,RG,6375,23,F,AK,YU,D
10:28:50,INDF,RG,6375,15,F,AK,OD,D
10:28:45,INDF,RG,6375,27,F,AK,CC,F
10:28:45,INDF,RG,6400,2,F,AK,CC,F
10:28:24,INDF,RG,6375,2,F,AK,PD,D
10:27:52,INDF,RG,6375,16,F,AK,OD,D
10:27:50,INDF,RG,6375,5,F,AK,CC,F
10:27:50,INDF,RG,6375,2,D,CC,CC,F
10:27:50,INDF,RG,6375,11,F,ZP,CC,F
10:27:37,INDF,RG,6375,9,F,ZP,KZ,D
10:26:59,INDF,RG,6375,9,F,ZP,CC,F
10:26:49,INDF,RG,6375,16,F,ZP,OD,D
10:26:30,INDF,RG,6400,1,F,AK,AK,F
10:26:16,INDF,RG,6375,5,F,ZP,CC,F
10:26:07,INDF,RG,6375,3,F,ZP,BK,D
10:26:07,INDF,RG,6375,2,D,CP,BK,D
10:26:07,INDF,RG,6375,5,D,CC,BK,D
10:26:05,INDF,RG,6400,2,D,XL,AK,F
10:26:05,INDF,RG,6400,3,D,XL,BK,F
10:26:00,INDF,RG,6375,5,D,CC,YU,D
10:26:00,INDF,RG,6375,2,D,YP,YU,D
10:26:00,INDF,RG,6375,1,D,OD,YU,D
10:26:00,INDF,RG,6375,20,D,XA,YU,D
10:26:00,INDF,RG,6375,1,D,XC,YU,D
10:26:00,INDF,RG,6375,10,F,BK,YU,D
10:26:00,INDF,RG,6375,1,F,AK,YU,D
10:26:00,INDF,RG,6375,1,D,YP,YU,D
10:26:00,INDF,RG,6375,2,D,XL,YU,D
10:26:00,INDF,RG,6375,4,D,CP,YU,D
10:26:00,INDF,RG,6375,1,D,AG,YU,D
10:25:50,INDF,RG,6375,5,D,AG,CC,F
10:25:47,INDF,RG,6375,14,D,AG,OD,D
10:25:24,INDF,RG,6400,1,F,AK,BK,F
10:25:24,INDF,RG,6375,9,D,AG,CC,F
10:24:52,INDF,RG,6400,50,D,PP,BK,F
10:24:52,INDF,RG,6400,10,D,PP,BK,D
10:24:52,INDF,RG,6400,10,D,PP,ZP,F
10:24:49,INDF,RG,6375,16,D,AG,OD,D
10:24:38,INDF,RG,6375,5,D,AG,CC,F
10:24:38,INDF,RG,6375,3,D,PD,CC,F
10:24:38,INDF,RG,6375,4,D,CC,CC,F
10:24:38,INDF,RG,6375,4,D,GR,CC,F
10:24:02,INDF,RG,6375,9,D,GR,BK,F
10:23:51,INDF,RG,6375,17,D,GR,OD,D
10:23:39,INDF,RG,6375,17,D,GR,CC,F
10:23:07,INDF,RG,6375,10,D,GR,BK,D
10:22:54,INDF,RG,6400,5,D,NI,ZP,F
10:22:51,INDF,RG,6375,16,D,GR,OD,D
10:22:43,INDF,RG,6375,15,D,GR,CC,F
10:22:25,INDF,RG,6400,1,F,AK,ZP,F
10:21:51,INDF,RG,6375,12,D,GR,OD,D
10:21:51,INDF,RG,6375,3,D,YP,OD,D
10:21:51,INDF,RG,6375,1,D,XL,OD,D
10:21:51,INDF,RG,6375,2,D,DR,OD,D
10:21:49,INDF,RG,6375,5,D,XC,PD,D
10:21:42,INDF,RG,6375,1,D,SQ,BK,F
10:21:42,INDF,RG,6375,1,D,XC,BK,F
10:21:42,INDF,RG,6375,5,D,YU,BK,F
10:21:42,INDF,RG,6375,1,D,DR,BK,F
10:21:42,INDF,RG,6375,1,D,NI,BK,F
10:21:42,INDF,RG,6375,1,D,XL,BK,F
10:21:39,INDF,RG,6375,2,D,CC,CC,F
10:21:26,INDF,RG,6375,2,D,CC,LG,D
10:21:25,INDF,RG,6400,5,D,XL,ZP,F
10:21:25,INDF,RG,6375,9,D,CC,CC,F
10:21:24,INDF,RG,6400,7,D,PD,ZP,F
10:21:20,INDF,RG,6375,3,D,CC,ZP,F
10:21:20,INDF,RG,6375,1,D,PD,ZP,F
10:21:20,INDF,RG,6375,1,D,YP,ZP,F
10:21:20,INDF,RG,6375,10,D,BK,ZP,F
10:21:20,INDF,RG,6375,8,F,AK,ZP,F
10:21:20,INDF,RG,6375,1,D,YP,ZP,F
10:21:20,INDF,RG,6375,2,D,NI,ZP,F
10:21:20,INDF,RG,6375,1,D,SQ,ZP,F
10:21:20,INDF,RG,6375,3,D,XC,ZP,F
10:21:20,INDF,RG,6375,19,F,AK,ZP,F
10:21:20,INDF,RG,6375,2,F,AK,ZP,F
10:21:20,INDF,RG,6375,1,D,CC,ZP,F
10:21:20,INDF,RG,6375,2,D,XC,ZP,F
10:21:05,INDF,RG,6375,8,D,XC,YP,D
10:21:05,INDF,RG,6375,118,D,GR,YP,D
10:21:00,INDF,RG,6375,44,D,GR,YU,D
10:20:49,INDF,RG,6375,16,D,GR,OD,D
10:20:45,INDF,RG,6375,13,D,GR,CC,F
10:20:12,INDF,RG,6375,10,D,GR,CC,F
10:20:01,INDF,RG,6375,10,D,GR,BK,D
10:19:50,INDF,RG,6375,16,D,GR,OD,D
10:19:21,INDF,RG,6375,3,D,GR,CC,F
10:18:59,INDF,RG,6375,14,D,GR,BK,F
10:18:57,INDF,RG,6375,20,D,GR,CC,F
10:18:52,INDF,RG,6400,7,F,AK,ZP,F
10:18:48,INDF,RG,6375,16,D,GR,OD,D
10:18:40,INDF,RG,6375,53,D,GR,ZP,F
10:18:25,INDF,RG,6400,2,D,PD,ZP,F
10:18:17,INDF,RG,6375,6,D,GR,KZ,D
10:18:15,INDF,RG,6375,13,D,GR,CC,F
10:18:05,INDF,RG,6400,3,D,PD,ZP,F
10:17:48,INDF,RG,6375,16,D,GR,OD,D
10:17:36,INDF,RG,6375,3,D,GR,XC,D
10:17:27,INDF,RG,6375,5,D,GR,CC,F
10:17:03,INDF,RG,6375,3,D,GR,CC,F
10:16:50,INDF,RG,6375,18,D,GR,OD,D
10:16:25,INDF,RG,6400,1,F,AK,ZP,F
10:16:16,INDF,RG,6375,6,D,GR,CC,F
10:16:00,INDF,RG,6375,65,D,GR,YU,D
10:16:00,INDF,RG,6375,11,D,GR,BK,D
10:16:00,INDF,RG,6375,51,D,GR,ZP,F
10:15:49,INDF,RG,6375,10,D,GR,CC,F
10:15:49,INDF,RG,6375,1,D,XC,CC,F
10:15:48,INDF,RG,6400,5,F,AK,ZP,F
10:15:48,INDF,RG,6375,1,D,XC,OD,D
10:15:48,INDF,RG,6375,1,D,XC,OD,D
10:15:48,INDF,RG,6375,2,D,PD,OD,D
10:15:48,INDF,RG,6375,3,F,ZP,OD,D
10:15:48,INDF,RG,6375,8,D,XL,OD,D
10:15:48,INDF,RG,6375,2,D,PD,OD,D
10:15:35,INDF,RG,6375,1,D,PD,XL,D
10:15:22,INDF,RG,6375,14,D,PD,BK,F
10:15:22,INDF,RG,6400,7,F,AK,ZP,F
10:15:18,INDF,RG,6375,10,D,PD,CC,F
10:14:46,INDF,RG,6375,4,D,PD,OD,D
10:14:46,INDF,RG,6375,9,F,BK,OD,D
10:14:46,INDF,RG,6375,6,F,AK,OD,D
10:14:28,INDF,RG,6375,21,F,AK,CC,F
10:13:46,INDF,RG,6375,19,F,AK,OD,D
10:13:28,INDF,RG,6375,14,F,AK,CC,F
10:13:28,INDF,RG,6375,1,F,AK,CC,F
10:13:28,INDF,RG,6375,4,D,XC,CC,F
10:13:28,INDF,RG,6375,4,D,NI,CC,F
10:13:22,INDF,RG,6375,7,D,NI,KZ,D
10:13:20,INDF,RG,6375,9,D,NI,ZP,F
10:13:20,INDF,RG,6375,1,D,YP,ZP,F
10:13:20,INDF,RG,6375,1,D,PD,ZP,F
10:13:20,INDF,RG,6375,30,D,XC,ZP,F
10:13:20,INDF,RG,6375,1,D,NI,ZP,F
10:13:20,INDF,RG,6375,1,D,PD,ZP,F
10:13:20,INDF,RG,6375,8,F,BK,ZP,F
10:13:00,INDF,RG,6375,5,F,BK,YU,D
10:13:00,INDF,RG,6375,3,D,ZP,YU,D
10:13:00,INDF,RG,6375,30,D,GR,YU,D
10:13:00,INDF,RG,6375,7,D,YU,YU,D
10:12:46,INDF,RG,6375,15,D,YU,OD,D
10:12:43,INDF,RG,6375,3,D,YU,CC,F
10:12:43,INDF,RG,6375,17,F,ZP,CC,F
10:12:22,INDF,RG,6400,10,F,AK,ZP,F
10:11:54,INDF,RG,6375,2,F,ZP,CC,F
10:11:51,INDF,RG,6375,1,F,ZP,PD,D
10:11:48,INDF,RG,6375,19,F,ZP,OD,D
10:11:43,INDF,RG,6375,7,F,ZP,CC,F
10:11:32,INDF,RG,6375,10,F,ZP,BK,D
10:11:18,INDF,RG,6375,6,F,ZP,BK,D
10:11:18,INDF,RG,6375,2,D,YP,BK,D
10:11:18,INDF,RG,6375,1,D,NI,BK,D
10:11:00,INDF,RG,6375,1,D,SQ,CC,F
10:11:00,INDF,RG,6375,1,D,XL,CC,F
10:11:00,INDF,RG,6375,6,D,YP,CC,F
10:11:00,INDF,RG,6375,1,D,YU,CC,F
10:10:47,INDF,RG,6375,10,D,YU,KZ,D
10:10:45,INDF,RG,6375,19,D,YU,AK,F
10:10:45,INDF,RG,6375,1,D,SQ,AK,F
10:10:45,INDF,RG,6375,1,D,SQ,AK,F
10:10:45,INDF,RG,6375,1,D,PD,AK,F
10:10:45,INDF,RG,6375,7,D,XA,AK,F
10:10:44,INDF,RG,6375,16,D,XA,OD,D
10:10:39,INDF,RG,6400,15,D,XC,ZP,F
10:10:33,INDF,RG,6375,7,D,XA,BK,F
10:10:33,INDF,RG,6375,2,D,CC,BK,F
10:10:33,INDF,RG,6375,1,D,IF,BK,F
10:10:33,INDF,RG,6375,1,F,AK,BK,F
10:10:20,INDF,RG,6375,6,F,BK,CC,F
10:10:18,INDF,RG,6400,3,D,XC,ZP,F
10:10:18,INDF,RG,6400,2,D,XC,ZP,F
10:10:07,INDF,RG,6400,8,F,AK,ZP,F
10:09:48,INDF,RG,6375,2,F,BK,CC,F
10:09:44,INDF,RG,6375,3,F,BK,OD,D
10:09:44,INDF,RG,6375,1,D,NI,OD,D
10:09:44,INDF,RG,6375,1,D,OD,OD,D
10:09:44,INDF,RG,6375,2,D,XL,OD,D
10:09:44,INDF,RG,6375,1,D,PD,OD,D
10:09:44,INDF,RG,6375,1,D,PD,OD,D
10:09:44,INDF,RG,6375,5,D,YU,OD,D
10:09:44,INDF,RG,6375,3,D,GR,OD,D
10:09:20,INDF,RG,6375,7,D,GR,CC,F
10:09:20,INDF,RG,6375,2,D,AI,CC,F
10:09:15,INDF,RG,6400,4,F,AK,ZP,F
10:09:00,INDF,RG,6375,48,D,AI,YU,D
10:09:00,INDF,RG,6375,8,D,YP,YU,D
10:09:00,INDF,RG,6375,3,D,LG,YU,D
10:09:00,INDF,RG,6375,1,D,DR,YU,D
10:09:00,INDF,RG,6375,1,D,CC,YU,D
10:09:00,INDF,RG,6375,6,D,XL,YU,D
10:09:00,INDF,RG,6375,9,D,XC,YU,D
10:08:50,INDF,RG,6375,27,D,XC,CC,F
10:08:46,INDF,RG,6375,17,D,XC,OD,D
10:08:16,INDF,RG,6375,13,D,XC,CC,F
10:08:03,INDF,RG,6375,10,D,XC,BK,F
10:08:00,INDF,RG,6375,10,D,XC,CC,F
10:07:52,INDF,RG,6400,8,F,AK,ZP,F
10:07:44,INDF,RG,6375,17,D,XC,OD,D
10:07:39,INDF,RG,6375,11,D,XC,BK,D
10:07:18,INDF,RG,6375,5,D,XC,AK,F
10:07:05,INDF,RG,6375,6,D,XC,CC,F
10:07:05,INDF,RG,6375,2,D,PD,CC,F
10:07:05,INDF,RG,6375,1,D,OD,CC,F
10:07:05,INDF,RG,6375,6,D,YP,CC,F
10:07:00,INDF,RG,6375,40,D,YP,ZP,F
10:07:00,INDF,RG,6375,11,D,PD,ZP,F
10:06:42,INDF,RG,6375,18,D,PD,OD,D
10:06:11,INDF,RG,6400,1,D,PD,ZP,F
10:06:10,INDF,RG,6375,5,D,PD,CC,F
10:06:00,INDF,RG,6375,16,D,PD,YU,D
10:06:00,INDF,RG,6375,1,D,XC,YU,D
10:06:00,INDF,RG,6375,1,D,YP,YU,D
10:06:00,INDF,RG,6375,5,D,EP,YU,D
10:06:00,INDF,RG,6375,18,D,YP,YU,D
10:05:51,INDF,RG,6375,7,D,YP,CC,F
10:05:51,INDF,RG,6375,2,D,YP,CC,F
10:05:44,INDF,RG,6375,10,D,YP,BK,F
10:05:42,INDF,RG,6375,18,D,YP,OD,D
10:05:10,INDF,RG,6375,10,D,YP,CC,F
10:04:46,INDF,RG,6375,10,D,YP,CC,F
10:04:46,INDF,RG,6375,1,F,AK,CC,F
10:04:46,INDF,RG,6375,8,D,BK,CC,F
10:04:42,INDF,RG,6375,2,D,BK,OD,D
10:04:42,INDF,RG,6375,5,D,YP,OD,D
10:04:42,INDF,RG,6375,3,D,CP,OD,D
10:04:42,INDF,RG,6375,2,D,YP,OD,D
10:04:42,INDF,RG,6375,6,D,PD,OD,D
10:04:39,INDF,RG,6375,4,D,PD,BK,D
10:04:39,INDF,RG,6375,5,D,DH,BK,D
10:04:14,INDF,RG,6375,5,D,DH,CC,F
10:04:14,INDF,RG,6375,20,D,XC,CC,F
10:04:14,INDF,RG,6375,1,D,SQ,CC,F
10:03:43,INDF,RG,6375,4,D,LG,OD,D
10:03:43,INDF,RG,6375,1,D,PD,OD,D
10:03:43,INDF,RG,6375,1,D,YP,OD,D
10:03:43,INDF,RG,6375,2,D,KK,OD,D
10:03:43,INDF,RG,6375,2,D,XC,OD,D
10:03:43,INDF,RG,6375,5,D,XL,OD,D
10:03:39,INDF,RG,6400,1,D,YP,ZP,F
10:03:29,INDF,RG,6375,4,D,XL,CC,F
10:03:29,INDF,RG,6375,2,D,XL,CC,F
10:03:29,INDF,RG,6375,4,D,PD,CC,F
10:03:26,INDF,RG,6400,10,D,EP,ZP,F
10:03:13,INDF,RG,6375,1,D,PD,CC,F
10:03:13,INDF,RG,6375,1,D,YP,CC,F
10:03:13,INDF,RG,6375,8,F,AK,CC,F
10:03:13,INDF,RG,6375,1,D,XA,CC,F
10:03:13,INDF,RG,6375,1,D,XC,CC,F
10:03:13,INDF,RG,6375,2,D,YP,CC,F
10:02:52,INDF,RG,6375,11,D,YP,BK,F
10:02:43,INDF,RG,6375,17,D,YP,OD,D
10:02:30,INDF,RG,6375,5,D,YP,PD,D
10:02:24,INDF,RG,6375,15,D,YP,CC,F
10:02:24,INDF,RG,6375,2,D,YP,CC,F
10:02:12,INDF,RG,6400,1,D,BQ,ZP,F
10:02:10,INDF,RG,6375,2,D,YP,DH,D
10:02:10,INDF,RG,6375,1,D,XC,DH,D
10:02:10,INDF,RG,6375,2,D,EP,DH,D
10:02:00,INDF,RG,6375,8,D,EP,YU,D
10:02:00,INDF,RG,6375,10,F,BK,YU,D
10:02:00,INDF,RG,6375,21,D,PD,YU,D
10:02:00,INDF,RG,6375,29,D,PD,ZP,F
10:02:00,INDF,RG,6375,7,F,AK,ZP,F
10:02:00,INDF,RG,6375,1,D,SQ,ZP,F
10:02:00,INDF,RG,6375,13,D,CD,ZP,F
10:01:43,INDF,RG,6375,12,D,CD,OD,D
10:01:43,INDF,RG,6375,5,D,CC,OD,D
10:01:40,INDF,RG,6400,1,F,AK,ZP,F
10:01:30,INDF,RG,6375,5,D,CC,AK,F
10:01:25,INDF,RG,6375,14,D,CC,CC,F
10:00:53,INDF,RG,6375,20,D,CC,AG,D
10:00:52,INDF,RG,6400,10,D,AI,ZP,F
10:00:43,INDF,RG,6375,6,D,CC,OD,D
10:00:43,INDF,RG,6375,12,D,AG,OD,D
10:00:32,INDF,RG,6375,9,D,AG,CC,F
10:00:14,INDF,RG,6400,2,D,BQ,ZP,F
10:00:01,INDF,RG,6375,10,D,AG,NI,D
09:59:55,INDF,RG,6400,1,D,KK,ZP,F
09:59:52,INDF,RG,6375,6,D,AG,YP,D
09:59:43,INDF,RG,6375,15,D,AG,OD,D
09:59:27,INDF,RG,6375,2,D,AG,CC,F
09:59:21,INDF,RG,6375,46,D,AG,YP,D
09:59:21,INDF,RG,6375,9,F,BK,YP,D
09:59:21,INDF,RG,6375,10,D,EP,YP,D
09:59:21,INDF,RG,6375,1,D,NI,YP,D
09:59:21,INDF,RG,6375,1,F,AK,YP,D
09:59:21,INDF,RG,6375,1,D,GR,YP,D
09:59:21,INDF,RG,6375,10,D,YP,YP,D
09:59:21,INDF,RG,6375,2,D,XC,YP,D
09:59:21,INDF,RG,6375,5,D,YP,YP,D
09:59:18,INDF,RG,6375,1,D,PD,YP,D
09:59:18,INDF,RG,6375,1,D,XL,YP,D
09:59:18,INDF,RG,6375,7,F,AK,YP,D
09:59:18,INDF,RG,6375,1,D,YP,YP,D
09:59:18,INDF,RG,6375,20,D,NI,YP,D
09:59:18,INDF,RG,6375,1,D,XC,YP,D
09:59:18,INDF,RG,6375,50,D,AG,YP,D
09:59:18,INDF,RG,6375,5,D,LG,YP,D
09:59:18,INDF,RG,6375,3,D,YP,YP,D
09:59:18,INDF,RG,6375,1,F,AK,YP,D
09:59:18,INDF,RG,6375,1,D,GR,YP,D
09:59:18,INDF,RG,6375,5,D,TP,YP,D
09:59:18,INDF,RG,6375,2,D,NI,YP,D
09:59:18,INDF,RG,6375,20,D,XL,YP,D
09:59:18,INDF,RG,6375,2,D,NI,YP,D
09:59:18,INDF,RG,6375,3,D,SQ,YP,D
09:59:18,INDF,RG,6375,1,D,SQ,YP,D
09:59:18,INDF,RG,6375,1,F,AK,YP,D
09:59:18,INDF,RG,6375,3,D,YP,YP,D
09:59:18,INDF,RG,6375,82,F,AK,YP,D
09:59:18,INDF,RG,6375,48,F,ZP,YP,D
09:59:18,INDF,RG,6375,2,D,YP,YP,D
09:59:18,INDF,RG,6375,1,D,DH,YP,D
09:59:18,INDF,RG,6375,2,D,XC,YP,D
09:59:18,INDF,RG,6375,10,D,MK,YP,D
09:59:18,INDF,RG,6375,1,D,YP,YP,D
09:59:18,INDF,RG,6375,26,D,XC,YP,D
09:59:13,INDF,RG,6375,2,D,XC,CC,F
09:58:58,INDF,RG,6375,4,D,XC,CC,F
09:58:55,INDF,RG,6375,10,D,XC,BK,F
09:58:47,INDF,RG,6375,19,D,XC,OD,D
09:58:26,INDF,RG,6400,1,D,XL,ZP,F
09:58:21,INDF,RG,6375,8,D,XC,CC,F
09:58:14,INDF,RG,6375,1,D,XC,SQ,D
09:57:45,INDF,RG,6375,15,D,XC,OD,D
09:57:21,INDF,RG,6375,15,D,XC,CC,F
09:57:21,INDF,RG,6375,3,D,CC,CC,F
09:57:21,INDF,RG,6375,1,D,XC,CC,F
09:57:21,INDF,RG,6375,5,D,PD,CC,F
09:57:21,INDF,RG,6375,10,D,NI,CC,F
09:57:21,INDF,RG,6375,10,D,YP,CC,F
09:57:21,INDF,RG,6375,1,D,XC,CC,F
09:57:21,INDF,RG,6375,1,D,YP,CC,F
09:57:21,INDF,RG,6375,10,D,YP,CC,F
09:57:21,INDF,RG,6375,1,D,KK,CC,F
09:57:21,INDF,RG,6375,5,D,YP,CC,F
09:57:21,INDF,RG,6375,17,D,PD,CC,F
09:57:20,INDF,RG,6375,8,D,PD,ZP,F
09:57:20,INDF,RG,6375,1,D,PD,ZP,F
09:57:20,INDF,RG,6375,1,D,YP,ZP,F
09:57:20,INDF,RG,6375,1,D,YP,ZP,F
09:57:20,INDF,RG,6375,4,D,PD,ZP,F
09:57:20,INDF,RG,6375,3,D,CC,ZP,F
09:57:20,INDF,RG,6375,7,D,KK,ZP,F
09:57:20,INDF,RG,6375,6,D,NI,ZP,F
09:57:20,INDF,RG,6375,3,D,NI,ZP,F
09:57:20,INDF,RG,6375,2,D,YP,ZP,F
09:57:20,INDF,RG,6375,2,D,XC,ZP,F
09:57:20,INDF,RG,6375,3,D,GR,ZP,F
09:57:20,INDF,RG,6375,1,D,YU,ZP,F
09:57:20,INDF,RG,6375,10,D,GR,ZP,F
09:57:00,INDF,RG,6375,1,D,KK,YU,D
09:57:00,INDF,RG,6375,2,D,YP,YU,D
09:57:00,INDF,RG,6375,50,D,NI,YU,D
09:57:00,INDF,RG,6375,11,D,YP,YU,D
09:56:49,INDF,RG,6375,14,D,YP,OD,D
09:56:49,INDF,RG,6375,3,D,KK,OD,D
09:56:23,INDF,RG,6375,17,D,KK,CC,F
09:56:23,INDF,RG,6375,35,D,KK,CC,F
09:56:22,INDF,RG,6375,1,D,YP,BK,F
09:56:22,INDF,RG,6375,10,D,DH,BK,F
09:56:06,INDF,RG,6375,1,D,DH,OD,D
09:55:47,INDF,RG,6375,17,D,DH,OD,D
09:55:29,INDF,RG,6400,1,D,PD,ZP,F
09:55:23,INDF,RG,6375,7,D,DH,CC,F
09:55:22,INDF,RG,6375,2,D,DH,XL,D
09:55:22,INDF,RG,6400,9,F,AK,ZP,F
09:55:15,INDF,RG,6375,4,D,DH,AK,F
09:54:47,INDF,RG,6375,17,D,DH,OD,D
09:54:43,INDF,RG,6375,3,D,DH,CC,F
09:54:27,INDF,RG,6375,6,D,DH,CC,F
09:53:58,INDF,RG,6375,15,D,DH,CC,F
09:53:31,INDF,RG,6375,13,D,DH,BK,F
09:53:20,INDF,RG,6375,16,D,DH,ZP,F
09:53:20,INDF,RG,6375,2,D,XC,ZP,F
09:53:20,INDF,RG,6375,29,D,YJ,ZP,F
09:53:07,INDF,RG,6375,27,D,YJ,CC,F
09:53:00,INDF,RG,6375,44,D,YJ,YU,D
09:53:00,INDF,RG,6375,2,D,YP,YU,D
09:53:00,INDF,RG,6375,2,F,ZP,YU,D
09:53:00,INDF,RG,6375,39,D,YP,YU,D
09:52:34,INDF,RG,6400,1,D,PD,ZP,F
09:52:26,INDF,RG,6400,1,D,CC,ZP,F
09:52:22,INDF,RG,6400,3,D,CC,ZP,F
09:52:22,INDF,RG,6375,11,D,YP,CC,F
09:52:22,INDF,RG,6375,5,D,KK,CC,F
09:52:00,INDF,RG,6400,9,F,AK,ZP,F
09:51:45,INDF,RG,6375,13,D,KK,CC,F
09:51:09,INDF,RG,6375,10,D,KK,BK,F
09:51:00,INDF,RG,6375,50,D,KK,ZP,F
09:50:46,INDF,RG,6375,13,D,KK,CC,F
09:50:00,INDF,RG,6375,5,D,KK,AK,F
09:49:54,INDF,RG,6375,2,D,KK,CC,F
09:49:42,INDF,RG,6375,2,D,KK,CC,F
09:49:29,INDF,RG,6375,6,D,KK,CC,F
09:48:52,INDF,RG,6375,12,D,KK,CC,F
09:48:46,INDF,RG,6400,10,D,DH,ZP,F
09:48:40,INDF,RG,6375,38,D,KK,ZP,F
09:48:00,INDF,RG,6375,48,D,KK,YU,D
09:47:52,INDF,RG,6375,24,D,KK,CC,F
09:47:44,INDF,RG,6375,9,D,KK,BK,D
09:47:44,INDF,RG,6400,1,D,PD,ZP,F
09:47:40,INDF,RG,6375,38,D,KK,ZP,F
09:46:58,INDF,RG,6375,15,D,KK,CC,F
09:46:02,INDF,RG,6400,1,D,RG,ZP,F
09:46:01,INDF,RG,6375,12,D,KK,CC,F
09:45:42,INDF,RG,6375,23,D,KK,CC,F
09:45:05,INDF,RG,6375,7,D,KK,CC,F
09:44:39,INDF,RG,6375,4,D,KK,CC,F
09:44:23,INDF,RG,6400,4,D,EP,ZP,F
09:44:17,INDF,RG,6375,1,D,KK,CC,F
09:43:11,INDF,RG,6400,3,D,XL,ZP,F
09:43:00,INDF,RG,6375,63,D,KK,YU,D
09:43:00,INDF,RG,6375,6,D,YU,YU,D
09:42:55,INDF,RG,6400,1,F,AK,ZP,F
09:42:41,INDF,RG,6375,15,D,YU,CC,D
09:42:13,INDF,RG,6375,18,D,YU,PD,D
09:41:45,INDF,RG,6400,5,D,KK,ZP,F
09:40:30,INDF,RG,6400,1,D,YP,ZP,F
09:39:38,INDF,RG,6400,1,D,XC,ZP,F
09:39:15,INDF,RG,6400,3,D,PD,ZP,F
09:39:00,INDF,RG,6375,11,D,YU,YU,D
09:39:00,INDF,RG,6375,26,D,OD,YU,D
09:37:43,INDF,RG,6375,36,D,OD,BK,F
09:37:40,INDF,RG,6375,438,D,OD,PD,D
09:37:40,INDF,RG,6375,5,D,BS,PD,D
09:37:40,INDF,RG,6375,5,D,FZ,PD,D
09:37:40,INDF,RG,6375,1,D,OD,PD,D
09:37:40,INDF,RG,6375,1,D,YP,PD,D
09:37:40,INDF,RG,6375,5,D,YP,PD,D
09:37:40,INDF,RG,6375,45,D,XA,PD,D
09:37:28,INDF,RG,6375,5,D,XA,PD,D
09:37:24,INDF,RG,6400,1,D,YP,ZP,F
09:37:16,INDF,RG,6400,4,D,YP,ZP,F
09:36:36,INDF,RG,6400,5,D,XL,ZP,F
09:36:05,INDF,RG,6400,1,D,SQ,ZP,F
09:36:04,INDF,RG,6375,1,D,YP,BK,F
09:36:04,INDF,RG,6375,1,D,YP,BK,F
09:36:04,INDF,RG,6375,1,D,PD,BK,F
09:36:04,INDF,RG,6375,8,D,AT,BK,F
09:36:01,INDF,RG,6375,13,D,AT,BK,F
09:36:00,INDF,RG,6375,29,D,AT,YU,D
09:36:00,INDF,RG,6375,10,D,SQ,YU,D
09:36:00,INDF,RG,6375,1,D,SQ,YU,D
09:36:00,INDF,RG,6375,5,D,EP,YU,D
09:36:00,INDF,RG,6375,10,D,DR,YU,D
09:36:00,INDF,RG,6375,1,D,DH,YU,D
09:36:00,INDF,RG,6375,10,D,AZ,YU,D
09:36:00,INDF,RG,6375,2,D,LS,YU,D
09:36:00,INDF,RG,6375,1,D,XC,YU,D
09:36:00,INDF,RG,6375,21,D,YB,YU,D
09:35:42,INDF,RG,6400,5,D,XC,ZP,F
09:35:42,INDF,RG,6400,5,D,YB,ZP,F
09:35:24,INDF,RG,6400,1,D,PD,ZP,F
09:35:02,INDF,RG,6375,4,D,YB,BK,F
09:35:02,INDF,RG,6375,1,D,KK,BK,F
09:35:02,INDF,RG,6375,1,D,YP,BK,F
09:35:02,INDF,RG,6375,4,D,AZ,BK,F
09:35:01,INDF,RG,6400,26,D,KK,ZP,F
09:34:49,INDF,RG,6375,11,D,AZ,BK,F
09:34:48,INDF,RG,6375,1,D,AZ,KK,D
09:34:48,INDF,RG,6375,25,D,GR,KK,D
09:34:14,INDF,RG,6375,1,D,GR,PD,D
09:34:06,INDF,RG,6400,2,D,NI,ZP,F
09:33:21,INDF,RG,6375,2,D,GR,XL,D
09:33:17,INDF,RG,6400,1,D,DH,ZP,F
09:32:54,INDF,RG,6400,1,D,PD,ZP,F
09:32:47,INDF,RG,6375,2,D,GR,XC,D
09:32:39,INDF,RG,6375,10,D,GR,BK,F
09:32:34,INDF,RG,6375,10,D,GR,BK,F
09:32:34,INDF,RG,6375,3,D,YP,BK,F
09:32:34,INDF,RG,6375,15,D,YU,BK,F
09:32:31,INDF,RG,6375,65,D,YU,BK,F
09:32:31,INDF,RG,6375,75,D,ZP,BK,F
09:32:27,INDF,RG,6375,25,D,ZP,BK,F
09:32:27,INDF,RG,6375,20,D,KK,BK,F
09:32:27,INDF,RG,6375,654,D,AG,BK,F
09:32:27,INDF,RG,6375,1,D,AG,XC,D
09:32:25,INDF,RG,6375,4,D,AG,AK,F
09:32:25,INDF,RG,6400,15,F,AK,ZP,F
09:32:25,INDF,RG,6400,1,F,AK,NI,D
09:32:25,INDF,RG,6400,66,F,AK,BK,F
09:32:25,INDF,RG,6375,32,D,AG,OD,D
09:32:25,INDF,RG,6375,30,D,AG,YP,D
09:32:25,INDF,RG,6400,2,D,XL,BK,F
09:32:25,INDF,RG,6375,10,D,AG,AK,F
09:32:25,INDF,RG,6375,1,D,AG,XL,D
09:32:25,INDF,RG,6375,8,D,AG,AK,F
09:32:25,INDF,RG,6375,7,D,AG,NI,D
09:32:25,INDF,RG,6375,253,D,AG,YP,D
09:32:25,INDF,RG,6375,2,D,KK,YP,D
09:32:25,INDF,RG,6375,5,D,YP,YP,D
09:32:25,INDF,RG,6375,321,D,YP,YP,D
09:32:25,INDF,RG,6375,10,D,YP,DR,D
09:32:25,INDF,RG,6375,169,D,YP,PD,D
09:32:25,INDF,RG,6375,5,D,YP,PD,D
09:32:25,INDF,RG,6375,10,D,YP,AK,F
09:32:24,INDF,RG,6400,2,F,AK,BK,F
09:32:24,INDF,RG,6400,1,D,CP,BK,F
09:32:24,INDF,RG,6400,7,F,AK,BK,F
09:32:24,INDF,RG,6400,1,D,XL,BK,F
09:32:24,INDF,RG,6400,1,D,XC,BK,F
09:32:24,INDF,RG,6400,10,D,BK,BK,F
09:32:24,INDF,RG,6400,50,D,YP,BK,F
09:32:24,INDF,RG,6400,2,D,XL,BK,F
09:32:24,INDF,RG,6400,7,F,AK,BK,F
09:32:24,INDF,RG,6400,5,D,LG,BK,F
09:32:24,INDF,RG,6400,3,D,PD,BK,F
09:32:24,INDF,RG,6400,2,D,YP,BK,F
09:32:24,INDF,RG,6400,1,D,YP,BK,F
09:32:24,INDF,RG,6400,10,F,BK,BK,F
09:32:24,INDF,RG,6400,1,F,BK,AK,F
09:32:24,INDF,RG,6400,15,D,YP,AK,F
09:32:24,INDF,RG,6400,19,D,YP,AK,F
09:32:24,INDF,RG,6400,2,D,YP,AK,F
09:32:24,INDF,RG,6400,31,D,YP,AK,F
09:32:24,INDF,RG,6400,2,D,YP,AK,F
09:32:24,INDF,RG,6400,400,D,YP,BK,F
09:32:24,INDF,RG,6400,1,D,DH,BK,F
09:32:24,INDF,RG,6400,10,D,PD,BK,F
09:32:24,INDF,RG,6400,2,F,AK,BK,F
09:32:24,INDF,RG,6400,10,D,BK,BK,F
09:32:24,INDF,RG,6400,1,D,IF,BK,F
09:32:24,INDF,RG,6400,2,D,PD,BK,F
09:32:24,INDF,RG,6400,1,D,YP,BK,F
09:32:24,INDF,RG,6400,1,D,YP,BK,F
09:32:24,INDF,RG,6400,2,F,AK,BK,F
09:32:24,INDF,RG,6400,1,D,YP,BK,F
09:32:24,INDF,RG,6400,18,D,PD,BK,F
09:32:24,INDF,RG,6400,1,D,YP,BK,F
09:32:24,INDF,RG,6400,3,D,YP,BK,F
09:32:24,INDF,RG,6400,8,D,YP,BK,F
09:32:24,INDF,RG,6400,2,F,AK,BK,F
09:32:24,INDF,RG,6400,12,D,YB,BK,F
09:32:24,INDF,RG,6400,1,D,PD,BK,F
09:32:24,INDF,RG,6400,12,F,BK,BK,F
09:32:24,INDF,RG,6400,3,D,CP,BK,F
09:32:24,INDF,RG,6400,1,D,PD,BK,F
09:32:24,INDF,RG,6400,1,D,XA,BK,F
09:32:24,INDF,RG,6400,3,F,AK,BK,F
09:32:24,INDF,RG,6400,10,D,BK,BK,F
09:32:24,INDF,RG,6400,1,D,GR,BK,F
09:32:24,INDF,RG,6400,1,D,YP,BK,F
09:32:24,INDF,RG,6400,5,D,EP,BK,F
09:32:24,INDF,RG,6400,2,D,XC,BK,F
09:32:24,INDF,RG,6400,1,D,PD,BK,F
09:32:24,INDF,RG,6400,10,D,YP,BK,F
09:32:24,INDF,RG,6400,9,D,XC,BK,F
09:32:24,INDF,RG,6400,50,D,YP,BK,F
09:32:24,INDF,RG,6400,20,D,YP,BK,F
09:32:24,INDF,RG,6400,14,F,BK,BK,F
09:32:24,INDF,RG,6400,2,D,BQ,BK,F
09:32:24,INDF,RG,6400,10,D,CC,BK,F
09:32:24,INDF,RG,6400,11,F,BK,BK,F
09:32:24,INDF,RG,6400,1,D,PD,BK,F
09:32:24,INDF,RG,6400,1,D,YU,BK,F
09:32:24,INDF,RG,6400,1,D,YP,BK,F
09:32:24,INDF,RG,6400,2,D,XC,BK,F
09:32:24,INDF,RG,6400,2,D,XC,BK,F
09:32:24,INDF,RG,6400,1,D,XC,BK,F
09:32:24,INDF,RG,6400,35,D,XC,BK,F
09:32:24,INDF,RG,6400,5,D,YP,BK,F
09:32:24,INDF,RG,6400,1,D,GR,BK,F
09:32:24,INDF,RG,6400,1,D,NI,BK,F
09:32:24,INDF,RG,6400,3,D,NI,BK,F
09:32:24,INDF,RG,6400,16,D,BK,BK,F
09:32:24,INDF,RG,6400,2,D,RO,BK,F
09:32:24,INDF,RG,6400,1,D,YU,BK,F
09:32:24,INDF,RG,6400,100,D,SQ,BK,F
09:32:24,INDF,RG,6400,1,D,YP,BK,F
09:32:24,INDF,RG,6400,3,D,LG,BK,F
09:32:24,INDF,RG,6400,50,D,PD,BK,F
09:32:24,INDF,RG,6400,7,D,GR,BK,F
09:32:24,INDF,RG,6400,2,D,CC,BK,F
09:32:24,INDF,RG,6400,10,D,NI,BK,F
09:32:24,INDF,RG,6400,3,D,SQ,BK,F
09:32:24,INDF,RG,6400,1,D,PD,BK,F
09:32:24,INDF,RG,6400,12,F,BK,BK,F
09:32:24,INDF,RG,6400,39,D,CC,BK,F
09:32:24,INDF,RG,6400,5,D,CC,BK,F
09:32:24,INDF,RG,6400,15,D,HP,BK,F
09:32:24,INDF,RG,6400,5,D,XC,BK,F
09:32:24,INDF,RG,6400,80,D,CC,BK,F
09:32:24,INDF,RG,6400,1,D,YP,BK,F
09:32:24,INDF,RG,6400,34,F,AK,BK,F
09:32:24,INDF,RG,6400,11,F,BK,BK,F
09:32:24,INDF,RG,6400,1,D,KK,BK,F
09:32:24,INDF,RG,6400,10,D,DR,BK,F
09:32:24,INDF,RG,6400,5,D,YP,BK,F
09:32:24,INDF,RG,6400,43,F,BK,BK,F
09:32:24,INDF,RG,6400,10,D,KK,BK,F
09:32:24,INDF,RG,6400,2,D,YP,BK,F
09:32:24,INDF,RG,6400,50,D,CC,BK,F
09:32:24,INDF,RG,6400,1,D,PD,BK,F
09:32:24,INDF,RG,6400,40,D,AI,BK,F
09:32:24,INDF,RG,6400,5,D,YP,BK,F
09:32:24,INDF,RG,6400,1,D,HD,BK,F
09:32:24,INDF,RG,6400,15,D,YP,BK,F
09:32:24,INDF,RG,6400,188,F,BK,BK,F
