Time,Stock,Brd,Price,Qty,BT,BC,SC,ST
15:01:27,INDF,RG,6825,3,D,PD,BK,F
15:00:00,INDF,RG,6825,35,D,BQ,BK,F
15:00:00,INDF,RG,6825,81,F,ZP,BK,F
15:00:00,INDF,RG,6825,279,F,AK,BK,F
15:00:00,INDF,RG,6825,725,F,AK,BK,F
15:00:00,INDF,RG,6825,1,F,AK,YP,D
15:00:00,INDF,RG,6825,1,F,AK,YP,D
15:00:00,INDF,RG,6825,1,F,AK,KK,D
15:00:00,INDF,RG,6825,5,F,AK,GR,D
15:00:00,INDF,RG,6825,25,F,AK,YP,D
15:00:00,INDF,RG,6825,2,F,AK,NI,D
15:00:00,INDF,RG,6825,1,F,AK,KK,D
15:00:00,INDF,RG,6825,7,F,AK,XL,D
15:00:00,INDF,RG,6825,50,F,AK,XL,D
15:00:00,INDF,RG,6825,8,F,AK,CC,D
15:00:00,INDF,RG,6825,1,F,AK,PD,D
15:00:00,INDF,RG,6825,2,F,AK,YP,D
15:00:00,INDF,RG,6825,17,F,AK,YP,D
15:00:00,INDF,RG,6825,19,F,BK,YP,D
15:00:00,INDF,RG,6825,64,F,BK,YP,D
15:00:00,INDF,RG,6825,10,F,BK,PD,D
15:00:00,INDF,RG,6825,2,F,BK,YP,D
15:00:00,INDF,RG,6825,1,F,BK,PD,D
15:00:00,INDF,RG,6825,1,F,BK,PD,D
15:00:00,INDF,RG,6825,50,F,BK,XL,D
15:00:00,INDF,RG,6825,1,F,BK,YP,D
15:00:00,INDF,RG,6825,5,F,BK,YP,D
15:00:00,INDF,RG,6825,44,F,BK,AI,D
15:00:00,INDF,RG,6825,19,F,BK,BK,F
15:00:00,INDF,RG,6825,162,F,BK,BK,F
15:00:00,INDF,RG,6825,8,F,BK,YP,D
15:00:00,INDF,RG,6825,1,F,BK,YP,D
15:00:00,INDF,RG,6825,369,F,BK,YP,D
15:00:00,INDF,RG,6825,10,F,BK,YU,D
15:00:00,INDF,RG,6825,105,F,BK,NI,D
15:00:00,INDF,RG,6825,5,F,BK,ZP,D
15:00:00,INDF,RG,6825,89,F,BK,YP,D
15:00:00,INDF,RG,6825,3,F,BK,XC,D
15:00:00,INDF,RG,6825,74,F,BK,AK,F
15:00:00,INDF,RG,6825,15,F,BK,DH,D
15:00:00,INDF,RG,6825,1,F,BK,SQ,D
15:00:00,INDF,RG,6825,1,F,BK,PD,D
15:00:00,INDF,RG,6825,57,F,BK,SQ,D
15:00:00,INDF,RG,6825,59,F,YU,SQ,D
15:00:00,INDF,RG,6825,63,F,YU,SQ,D
15:00:00,INDF,RG,6825,71,F,YU,SQ,D
15:00:00,INDF,RG,6825,2,F,YU,XL,D
15:00:00,INDF,RG,6825,1,F,YU,PD,D
15:00:00,INDF,RG,6825,1,F,YU,YP,D
15:00:00,INDF,RG,6825,2,F,YU,YB,D
15:00:00,INDF,RG,6825,10,F,YU,YB,D
15:00:00,INDF,RG,6825,6,F,YU,AZ,D
15:00:00,INDF,RG,6825,5,F,YU,NI,D
15:00:00,INDF,RG,6825,30,F,YU,CC,D
15:00:00,INDF,RG,6825,2,F,YU,YP,D
15:00:00,INDF,RG,6825,5,F,YU,YP,D
15:00:00,INDF,RG,6825,14,F,YU,MG,D
15:00:00,INDF,RG,6825,35,F,YU,EP,D
15:00:00,INDF,RG,6825,1,F,YU,YP,D
15:00:00,INDF,RG,6825,2,F,YU,HP,D
15:00:00,INDF,RG,6825,3,F,YU,DR,D
15:00:00,INDF,RG,6825,75,F,YU,BK,F
15:00:00,INDF,RG,6825,35,F,YU,BK,F
15:00:00,INDF,RG,6825,172,F,YU,BK,F
15:00:00,INDF,RG,6825,632,D,BB,BK,F
15:00:00,INDF,RG,6825,27,D,BB,YU,F
15:00:00,INDF,RG,6825,5,D,BB,AT,D
15:00:00,INDF,RG,6825,6,D,BB,CC,D
15:00:00,INDF,RG,6825,410,D,BB,AG,F
15:00:00,INDF,RG,6825,78,D,BB,BB,D
15:00:00,INDF,RG,6825,1171,D,BB,BB,F
15:00:00,INDF,RG,6825,50,F,AK,BB,F
15:00:00,INDF,RG,6825,18,D,RX,BB,F
15:00:00,INDF,RG,6825,490,D,OD,BB,F
15:00:00,INDF,RG,6825,846,D,DX,BB,F
15:00:00,INDF,RG,6825,2,D,DX,AK,F
15:00:00,INDF,RG,6825,542,D,DX,AK,F
15:00:00,INDF,RG,6825,4322,D,NI,AK,D
14:49:35,INDF,RG,6750,1,D,YP,AK,F
14:49:29,INDF,RG,6800,5,F,BK,YB,D
14:49:17,INDF,RG,6750,8,D,YP,BK,F
14:49:15,INDF,RG,6750,96,D,YP,BB,D
14:49:11,INDF,RG,6750,154,D,YP,BB,F
14:49:11,INDF,RG,6750,1,D,YP,BB,D
14:49:05,INDF,RG,6750,17,D,YP,XL,D
14:49:04,INDF,RG,6800,1,D,XL,BB,F
14:49:04,INDF,RG,6750,10,D,YP,EP,D
14:49:04,INDF,RG,6750,12,D,YP,YP,D
14:49:04,INDF,RG,6750,11,D,YP,YP,D
14:49:04,INDF,RG,6750,25,D,YP,PD,D
14:49:04,INDF,RG,6750,5,D,YP,PD,D
14:49:04,INDF,RG,6750,16,D,YP,PD,D
14:49:04,INDF,RG,6750,13,D,YP,BB,D
14:49:00,INDF,RG,6800,15,F,BK,BB,F
14:49:00,INDF,RG,6775,41,F,AK,BK,F
14:49:00,INDF,RG,6775,1,D,PD,BK,F
14:49:00,INDF,RG,6775,1,D,CC,BK,F
14:48:57,INDF,RG,6775,7,F,AK,BB,F
14:48:57,INDF,RG,6775,14,F,YU,BB,F
14:48:57,INDF,RG,6775,9,F,CC,BB,F
14:48:56,INDF,RG,6775,5,F,CC,BB,D
14:48:56,INDF,RG,6775,11,F,YU,BB,D
14:48:56,INDF,RG,6775,2,F,YU,BB,D
14:48:51,INDF,RG,6775,9,F,YU,PD,D
14:48:51,INDF,RG,6775,1,F,BK,PD,D
14:48:50,INDF,RG,6775,8,F,BK,DX,D
14:48:45,INDF,RG,6775,27,F,BK,BB,F
14:48:44,INDF,RG,6775,14,F,BK,BK,F
14:48:44,INDF,RG,6775,11,F,AK,BB,D
14:48:37,INDF,RG,6775,13,F,AK,BB,D
14:48:32,INDF,RG,6800,13,F,BK,BB,F
14:48:31,INDF,RG,6775,16,F,AK,BB,F
14:48:29,INDF,RG,6775,22,F,AK,BB,D
14:48:26,INDF,RG,6775,15,F,AK,BK,F
14:48:25,INDF,RG,6775,26,F,AK,BB,F
14:48:18,INDF,RG,6800,14,F,BK,BB,F
14:48:16,INDF,RG,6775,20,F,AK,BB,F
14:48:15,INDF,RG,6775,17,F,AK,BB,D
14:48:08,INDF,RG,6775,1,F,AK,BB,F
14:48:07,INDF,RG,6775,47,F,AK,BB,F
14:48:07,INDF,RG,6775,15,F,AK,BB,F
14:48:07,INDF,RG,6775,15,F,AK,BK,F
14:48:04,INDF,RG,6775,70,F,AK,BB,D
14:48:02,INDF,RG,6800,15,F,BK,BB,F
14:48:02,INDF,RG,6800,19,F,AK,BB,F
14:48:02,INDF,RG,6800,5,F,AK,GR,D
14:48:02,INDF,RG,6800,2,F,AK,BK,F
14:47:46,INDF,RG,6800,114,F,AK,BK,F
14:47:46,INDF,RG,6800,3,F,BK,BK,F
14:47:46,INDF,RG,6800,12,F,BK,BK,F
14:47:39,INDF,RG,6775,13,F,AK,BK,F
14:47:20,INDF,RG,6775,55,F,AK,BB,D
14:47:20,INDF,RG,6775,9,F,YU,BB,D
14:47:20,INDF,RG,6775,29,F,CC,BB,D
14:47:20,INDF,RG,6775,13,F,BK,BB,D
14:47:20,INDF,RG,6775,28,F,AK,BB,D
14:47:20,INDF,RG,6775,45,F,YU,BB,D
14:47:18,INDF,RG,6800,3,F,BK,BK,F
14:47:18,INDF,RG,6800,5,F,BK,YP,D
14:47:18,INDF,RG,6800,6,F,BK,BB,D
14:47:17,INDF,RG,6775,13,F,YU,BK,F
14:47:05,INDF,RG,6800,15,F,BK,BB,D
14:47:03,INDF,RG,6775,13,F,YU,BK,F
14:46:46,INDF,RG,6775,13,F,YU,BK,F
14:46:35,INDF,RG,6775,20,F,AK,CC,D
14:46:23,INDF,RG,6775,63,F,AK,HP,D
14:46:23,INDF,RG,6775,1,F,CC,HP,D
14:46:23,INDF,RG,6775,12,F,YU,HP,D
14:46:19,INDF,RG,6775,5,F,YU,YP,D
14:45:55,INDF,RG,6800,17,D,DX,BB,F
14:45:06,INDF,RG,6775,14,F,YU,HP,D
14:45:00,INDF,RG,6775,518,F,AK,PG,D
14:45:00,INDF,RG,6775,96,F,BK,PG,D
14:45:00,INDF,RG,6775,386,F,CC,PG,D
14:44:38,INDF,RG,6800,22,F,YU,BB,F
14:44:24,INDF,RG,6800,4,F,AK,DX,D
14:44:24,INDF,RG,6800,25,F,AK,YP,D
14:44:24,INDF,RG,6800,21,F,AK,BK,F
14:44:24,INDF,RG,6775,107,F,CC,BB,F
14:44:24,INDF,RG,6775,370,F,AK,BB,F
14:44:24,INDF,RG,6775,1,D,XC,BB,F
14:44:24,INDF,RG,6775,5,D,EP,BB,F
14:44:24,INDF,RG,6775,17,F,BK,BB,F
14:44:24,INDF,RG,6775,25,D,CC,BB,F
14:44:24,INDF,RG,6775,4,D,CC,BB,F
14:44:24,INDF,RG,6775,1,D,YP,BB,F
14:44:24,INDF,RG,6775,57,F,AK,BB,F
14:44:24,INDF,RG,6775,344,F,AK,BB,F
14:44:24,INDF,RG,6800,9,F,AK,BK,F
14:44:24,INDF,RG,6800,52,D,AK,BK,F
14:44:24,INDF,RG,6800,9,D,AK,BK,F
14:44:24,INDF,RG,6800,46,D,AK,BB,D
14:44:24,INDF,RG,6800,32,D,AK,BB,F
14:44:24,INDF,RG,6800,25,D,AK,BB,F
14:44:24,INDF,RG,6800,6,D,AK,CP,D
14:44:24,INDF,RG,6800,47,D,AK,CP,D
14:44:23,INDF,RG,6800,5,D,AK,CP,D
14:44:23,INDF,RG,6800,14,D,AK,CP,D
14:44:23,INDF,RG,6800,14,D,AK,CP,D
14:44:19,INDF,RG,6775,14,F,AK,BK,F
14:44:16,INDF,RG,6775,108,F,AK,BB,D
14:44:16,INDF,RG,6775,3,D,PD,BB,D
14:44:16,INDF,RG,6775,2,D,NI,BB,D
14:44:16,INDF,RG,6775,1,D,CC,BB,D
14:44:16,INDF,RG,6775,1,D,XC,BB,D
14:44:16,INDF,RG,6775,1,D,EP,BB,D
14:44:16,INDF,RG,6775,30,D,LG,BB,D
14:44:16,INDF,RG,6775,1,F,YP,BB,D
14:44:16,INDF,RG,6775,20,D,XA,BB,D
14:44:16,INDF,RG,6775,5,D,PD,BB,D
14:44:16,INDF,RG,6775,278,D,HD,BB,D
14:44:02,INDF,RG,6775,13,D,HD,BK,F
14:43:43,INDF,RG,6775,15,D,HD,BK,F
14:43:35,INDF,RG,6800,13,D,DX,CP,D
14:43:35,INDF,RG,6800,44,F,BK,CP,D
14:43:35,INDF,RG,6800,7,D,XL,CP,D
14:43:34,INDF,RG,6825,14,F,BK,BB,D
14:43:30,INDF,RG,6800,1,D,XL,EP,D
14:43:26,INDF,RG,6800,25,D,XL,YP,D
14:43:23,INDF,RG,6800,13,D,XL,BK,F
14:43:09,INDF,RG,6800,14,D,XL,BK,F
14:42:52,INDF,RG,6800,1,D,XL,KK,D
14:42:46,INDF,RG,6800,14,D,XL,BK,F
14:42:26,INDF,RG,6800,4,D,XL,BK,F
14:42:26,INDF,RG,6800,9,F,YU,BK,F
14:42:13,INDF,RG,6800,1,F,BK,NI,D
14:42:10,INDF,RG,6800,12,F,BK,BK,F
14:42:10,INDF,RG,6800,1,D,XC,BK,F
14:42:10,INDF,RG,6800,3,D,DX,DX,D
14:41:50,INDF,RG,6800,13,D,DX,BK,F
14:41:25,INDF,RG,6800,1,F,CC,BK,F
14:41:25,INDF,RG,6800,14,F,YU,BK,F
14:41:10,INDF,RG,6800,13,F,YU,BK,F
14:40:51,INDF,RG,6800,1,F,YU,BK,F
14:40:51,INDF,RG,6800,3,D,BQ,BK,F
14:40:51,INDF,RG,6800,8,F,YU,BK,F
14:40:51,INDF,RG,6800,2,D,DX,BK,F
14:40:46,INDF,RG,6800,5,D,DX,NI,D
14:40:34,INDF,RG,6800,22,D,DX,DH,D
14:40:34,INDF,RG,6800,2,D,XC,DH,D
14:40:34,INDF,RG,6800,18,D,DX,DH,D
14:40:34,INDF,RG,6800,1,D,CC,DH,D
14:40:34,INDF,RG,6800,13,F,YU,DH,D
14:40:34,INDF,RG,6800,3,D,DX,DH,D
14:40:28,INDF,RG,6800,13,D,DX,BK,F
14:40:14,INDF,RG,6800,1,D,DX,DX,D
14:40:05,INDF,RG,6800,15,F,YU,BK,F
14:39:45,INDF,RG,6800,14,F,YU,BK,F
14:39:43,INDF,RG,6800,7,F,YU,BB,F
14:39:36,INDF,RG,6800,10,F,YU,XL,D
14:39:21,INDF,RG,6800,14,F,YU,BK,F
14:39:04,INDF,RG,6800,13,F,YU,BK,F
14:39:02,INDF,RG,6800,53,F,YU,BB,D
14:39:02,INDF,RG,6800,1,F,CC,BB,D
14:39:02,INDF,RG,6800,231,F,CC,BB,D
14:39:02,INDF,RG,6800,184,F,BK,BB,D
14:39:02,INDF,RG,6800,7,F,AK,BB,D
14:38:55,INDF,RG,6825,15,F,BK,BB,D
14:38:42,INDF,RG,6800,14,F,AK,BK,F
14:38:35,INDF,RG,6825,14,F,BK,BB,D
14:38:21,INDF,RG,6825,13,F,BK,BB,D
14:38:19,INDF,RG,6800,13,F,AK,BK,F
14:38:09,INDF,RG,6800,1,F,AK,PD,D
14:37:57,INDF,RG,6800,14,F,AK,BK,F
14:37:52,INDF,RG,6825,15,F,BK,BB,D
14:37:48,INDF,RG,6800,15,F,AK,PD,D
14:37:36,INDF,RG,6800,14,F,AK,BK,F
14:37:32,INDF,RG,6800,5,F,AK,YP,D
14:37:32,INDF,RG,6825,3,F,BK,BB,D
14:37:32,INDF,RG,6825,2,F,BK,PD,D
14:37:32,INDF,RG,6825,1,F,BK,PD,D
14:37:32,INDF,RG,6825,5,F,BK,PD,D
14:37:32,INDF,RG,6825,1,F,BK,YP,D
14:37:32,INDF,RG,6825,3,F,BK,YP,D
14:37:09,INDF,RG,6825,5,F,BK,YP,D
14:37:09,INDF,RG,6825,10,F,BK,KK,D
14:37:09,INDF,RG,6800,13,F,AK,BK,F
14:36:43,INDF,RG,6825,10,F,BK,KK,D
14:36:43,INDF,RG,6825,7,F,BK,GR,D
14:36:39,INDF,RG,6800,16,F,AK,BK,F
14:36:22,INDF,RG,6825,2,F,BK,GR,D
14:36:22,INDF,RG,6825,4,F,BK,YP,D
14:36:22,INDF,RG,6825,1,F,BK,CC,D
14:36:22,INDF,RG,6825,1,F,BK,PD,D
14:36:22,INDF,RG,6825,5,F,BK,OD,D
14:36:11,INDF,RG,6800,16,F,AK,BK,F
14:35:52,INDF,RG,6825,5,F,BK,OD,D
14:35:52,INDF,RG,6825,8,F,BK,EP,D
14:35:31,INDF,RG,6825,5,F,BK,EP,D
14:35:31,INDF,RG,6825,8,F,BK,PD,D
14:35:19,INDF,RG,6800,4,F,AK,YP,D
14:35:07,INDF,RG,6825,15,F,BK,PD,D
14:34:53,INDF,RG,6800,1,F,AK,NI,D
14:34:36,INDF,RG,6825,7,F,BK,PD,D
14:34:36,INDF,RG,6825,14,F,BK,PD,D
14:34:19,INDF,RG,6800,1,F,AK,DH,D
14:34:14,INDF,RG,6825,13,F,BK,PD,D
14:33:48,INDF,RG,6825,10,F,BK,PD,D
14:33:48,INDF,RG,6825,9,F,BK,CC,D
14:33:24,INDF,RG,6825,6,F,BK,CC,D
14:33:24,INDF,RG,6825,1,F,BK,YU,D
14:33:24,INDF,RG,6825,8,F,BK,CC,D
14:32:46,INDF,RG,6825,24,F,BK,CC,D
14:32:10,INDF,RG,6800,4,F,AK,NI,D
14:32:07,INDF,RG,6825,21,F,BK,CC,D
14:31:43,INDF,RG,6825,14,F,BK,CC,D
14:31:20,INDF,RG,6800,77,F,AK,BB,F
14:31:20,INDF,RG,6800,133,D,AK,BB,F
14:31:16,INDF,RG,6825,14,F,BK,CC,D
14:30:41,INDF,RG,6825,17,F,BK,CC,D
14:30:27,INDF,RG,6800,1,D,AK,XC,D
14:30:27,INDF,RG,6800,2,D,AK,XC,D
14:30:18,INDF,RG,6825,15,F,BK,CC,D
14:29:26,INDF,RG,6825,23,F,BK,CC,D
14:29:19,INDF,RG,6800,10,F,AK,DH,D
14:29:19,INDF,RG,6800,1,F,AK,HP,D
14:29:19,INDF,RG,6800,29,F,AK,BK,F
14:29:19,INDF,RG,6800,50,F,AK,YU,D
14:29:19,INDF,RG,6800,30,F,AK,BK,F
14:29:19,INDF,RG,6800,1,F,AK,AK,F
14:29:19,INDF,RG,6800,5,F,AK,CC,D
14:29:19,INDF,RG,6800,5,F,AK,DR,D
14:29:19,INDF,RG,6800,1,F,AK,XC,D
14:29:19,INDF,RG,6800,6,F,AK,BK,F
14:29:19,INDF,RG,6800,37,D,AK,BK,F
14:29:19,INDF,RG,6800,3,D,AK,BK,F
14:29:19,INDF,RG,6800,11,D,AK,BB,D
14:29:19,INDF,RG,6800,214,D,AK,BB,D
14:29:19,INDF,RG,6800,10,D,AK,BB,F
14:29:19,INDF,RG,6800,82,D,AK,BB,F
14:29:19,INDF,RG,6800,38,D,AK,BB,F
14:29:19,INDF,RG,6800,44,D,AK,BB,F
14:29:19,INDF,RG,6800,19,D,AK,BK,F
14:29:19,INDF,RG,6800,4,D,AK,XC,D
14:29:19,INDF,RG,6800,6,D,AK,BB,D
14:29:19,INDF,RG,6800,51,D,AK,BK,F
14:29:17,INDF,RG,6775,21,D,HD,BB,D
14:29:02,INDF,RG,6800,14,D,DX,BK,F
14:28:45,INDF,RG,6800,24,F,BK,BK,F
14:28:30,INDF,RG,6775,19,D,HD,BK,F
14:27:57,INDF,RG,6775,15,D,HD,BK,F
14:26:24,INDF,RG,6800,13,D,DX,BK,F
14:26:08,INDF,RG,6775,139,D,HD,BB,F
14:26:08,INDF,RG,6775,5,D,OD,BB,F
14:26:08,INDF,RG,6775,1,D,DH,BB,F
14:26:08,INDF,RG,6775,15,D,YU,BB,F
14:26:08,INDF,RG,6775,1,D,KK,BB,F
14:26:08,INDF,RG,6775,5,D,OD,BB,F
14:26:08,INDF,RG,6775,100,D,YP,BB,F
14:26:08,INDF,RG,6775,1,D,BQ,BB,F
14:26:08,INDF,RG,6775,51,F,BK,BB,F
14:26:08,INDF,RG,6775,391,F,AK,BB,F
14:26:08,INDF,RG,6800,32,F,BK,BK,F
14:25:04,INDF,RG,6800,37,F,BK,BK,F
14:24:46,INDF,RG,6800,2,D,XC,BK,F
14:24:33,INDF,RG,6775,16,F,AK,BK,F
14:24:23,INDF,RG,6775,20,F,AK,YP,D
14:23:46,INDF,RG,6800,15,D,DX,BK,F
14:23:03,INDF,RG,6775,34,F,AK,BK,F
14:22:26,INDF,RG,6775,20,F,AK,BK,F
14:22:22,INDF,RG,6775,3,F,AK,DH,D
14:22:00,INDF,RG,6775,14,F,AK,BK,F
14:21:35,INDF,RG,6800,13,F,YU,BK,F
14:21:00,INDF,RG,6800,17,D,DX,BK,F
14:20:39,INDF,RG,6775,14,F,AK,BK,F
14:20:32,INDF,RG,6775,50,F,AK,CP,D
14:20:04,INDF,RG,6775,16,F,AK,BK,F
14:19:25,INDF,RG,6800,1,D,BQ,BK,F
14:18:12,INDF,RG,6800,14,D,DX,BK,F
14:18:10,INDF,RG,6775,2,F,AK,YP,D
14:17:58,INDF,RG,6775,36,F,AK,BK,F
14:17:09,INDF,RG,6775,18,F,AK,BK,F
14:16:51,INDF,RG,6775,1,F,AK,XC,D
14:16:13,INDF,RG,6775,1,F,AK,BB,F
14:15:35,INDF,RG,6800,15,D,DX,BK,F
14:14:21,INDF,RG,6800,1,D,PD,BK,F
14:13:10,INDF,RG,6800,25,F,AK,BK,F
14:13:10,INDF,RG,6800,12,F,AK,BB,D
14:13:06,INDF,RG,6800,25,F,BK,BB,D
14:13:06,INDF,RG,6800,25,F,BK,BB,D
14:13:06,INDF,RG,6800,17,D,DX,BB,D
14:13:06,INDF,RG,6800,24,F,BK,BB,D
14:13:06,INDF,RG,6800,25,F,BK,BB,D
14:13:06,INDF,RG,6800,25,F,YU,BB,D
14:13:06,INDF,RG,6800,23,F,BK,BB,D
14:13:06,INDF,RG,6800,50,D,PD,BB,D
14:13:06,INDF,RG,6800,23,F,BK,BB,D
14:13:06,INDF,RG,6800,22,F,BK,BB,D
14:13:06,INDF,RG,6800,1,D,BQ,BB,D
14:13:06,INDF,RG,6800,2,D,DR,BB,D
14:13:06,INDF,RG,6800,22,F,BK,BB,D
14:13:06,INDF,RG,6800,1,D,NI,BB,D
14:13:06,INDF,RG,6800,3,F,BK,BB,D
14:13:04,INDF,RG,6800,1,F,BK,XC,D
14:13:00,INDF,RG,6800,17,F,BK,BK,F
14:13:00,INDF,RG,6800,2,D,XL,BK,F
14:13:00,INDF,RG,6800,3,F,BK,BK,F
14:12:49,INDF,RG,6800,1,F,BK,XC,D
14:11:26,INDF,RG,6800,17,F,BK,BK,F
14:11:26,INDF,RG,6800,2,D,BQ,BK,F
14:11:26,INDF,RG,6800,4,F,AK,BK,F
14:10:13,INDF,RG,6800,3,F,AK,XC,D
14:09:57,INDF,RG,6800,22,F,AK,BK,F
14:09:44,INDF,RG,6825,15,D,DX,CC,D
14:08:45,INDF,RG,6800,1,F,AK,AK,F
14:08:17,INDF,RG,6800,21,F,AK,BK,F
14:07:47,INDF,RG,6825,3,D,PD,CC,D
14:06:43,INDF,RG,6825,18,D,DX,CC,D
14:03:52,INDF,RG,6825,18,D,DX,CC,D
14:01:05,INDF,RG,6800,1,F,AK,YU,D
14:01:05,INDF,RG,6800,43,F,YU,YU,D
14:00:58,INDF,RG,6825,10,D,DX,CC,D
14:00:58,INDF,RG,6825,4,D,DX,BK,F
13:59:34,INDF,RG,6800,1,F,YU,NI,D
13:59:29,INDF,RG,6800,3,F,YU,XC,D
13:59:03,INDF,RG,6800,1,F,YU,SQ,D
13:58:29,INDF,RG,6800,1,F,YU,NI,D
13:58:29,INDF,RG,6800,4,F,BK,NI,D
13:58:01,INDF,RG,6825,12,D,DX,BK,F
13:57:54,INDF,RG,6800,9,F,BK,YU,D
13:57:54,INDF,RG,6800,1,F,CC,YU,D
13:57:19,INDF,RG,6800,213,F,CC,BB,D
13:57:19,INDF,RG,6800,137,F,AK,BB,D
13:57:04,INDF,RG,6825,3,D,XC,BK,F
13:56:56,INDF,RG,6800,24,F,AK,LG,D
13:56:56,INDF,RG,6800,1,F,CC,LG,D
13:55:15,INDF,RG,6825,5,D,DX,BK,F
13:52:50,INDF,RG,6800,9,F,BK,YU,D
13:52:29,INDF,RG,6800,17,F,BK,SQ,D
13:52:29,INDF,RG,6800,134,F,AK,SQ,D
13:52:29,INDF,RG,6800,25,F,BK,SQ,D
13:52:29,INDF,RG,6800,24,F,BK,SQ,D
13:52:29,INDF,RG,6800,20,D,XA,SQ,D
13:52:29,INDF,RG,6800,154,F,AK,SQ,D
13:52:29,INDF,RG,6800,24,F,BK,SQ,D
13:52:29,INDF,RG,6800,24,F,BK,SQ,D
13:52:29,INDF,RG,6800,13,D,PD,SQ,D
13:52:29,INDF,RG,6800,57,F,CC,SQ,D
13:52:29,INDF,RG,6800,23,F,BK,SQ,D
13:52:29,INDF,RG,6800,1,D,PD,SQ,D
13:52:29,INDF,RG,6800,24,F,BK,SQ,D
13:52:29,INDF,RG,6800,16,F,YU,SQ,D
13:52:29,INDF,RG,6800,4,F,YU,SQ,D
13:52:04,INDF,RG,6800,77,F,YU,YP,D
13:52:04,INDF,RG,6800,2,D,PD,YP,D
13:52:04,INDF,RG,6800,165,F,BK,YP,D
13:51:27,INDF,RG,6800,1,F,BK,LG,D
13:51:27,INDF,RG,6800,24,F,AK,LG,D
13:49:56,INDF,RG,6800,1,F,AK,BQ,D
13:49:35,INDF,RG,6800,2,F,AK,PD,D
13:49:10,INDF,RG,6800,100,F,AK,CC,D
13:48:41,INDF,RG,6800,2,F,AK,BQ,D
13:47:42,INDF,RG,6800,10,F,AK,YU,D
13:45:25,INDF,RG,6800,2,F,AK,GR,D
13:44:50,INDF,RG,6800,12,F,AK,SQ,D
13:43:50,INDF,RG,6800,1,F,AK,XL,D
13:40:58,INDF,RG,6800,9,F,AK,EP,D
13:40:00,INDF,RG,6800,60,F,AK,YP,F
13:39:47,INDF,RG,6800,10,F,CC,CC,D
13:39:47,INDF,RG,6800,5,F,CC,YU,D
13:39:47,INDF,RG,6800,25,F,CC,YU,D
13:39:47,INDF,RG,6800,24,F,CC,BK,F
13:39:47,INDF,RG,6800,257,F,CC,BB,D
13:39:39,INDF,RG,6800,58,F,AK,BB,D
13:39:39,INDF,RG,6800,6,F,AK,PD,D
13:39:39,INDF,RG,6800,15,F,AK,BK,F
13:39:39,INDF,RG,6800,14,F,AK,BK,F
13:39:39,INDF,RG,6800,14,F,AK,BK,F
13:39:39,INDF,RG,6800,21,F,AK,BK,F
13:39:39,INDF,RG,6800,42,F,AK,BK,F
13:39:39,INDF,RG,6800,18,F,AK,BB,D
13:39:39,INDF,RG,6800,88,F,AK,BB,D
13:39:39,INDF,RG,6800,1,F,AK,XL,D
13:39:39,INDF,RG,6800,3,F,AK,XL,D
13:39:39,INDF,RG,6800,1,F,AK,PD,D
13:39:39,INDF,RG,6800,1,F,AK,PD,D
13:39:39,INDF,RG,6800,2,F,AK,YP,D
13:39:39,INDF,RG,6800,3,F,AK,SQ,D
13:39:39,INDF,RG,6800,1,F,AK,XC,D
13:39:39,INDF,RG,6800,88,F,AK,CC,D
13:39:39,INDF,RG,6800,188,F,AK,CC,D
13:39:38,INDF,RG,6800,188,F,AK,CC,D
13:39:38,INDF,RG,6800,7,D,YJ,CC,D
13:38:27,INDF,RG,6775,3,F,CC,NI,D
13:37:13,INDF,RG,6800,29,F,AK,CC,D
13:37:13,INDF,RG,6800,8,F,AK,KK,D
13:37:13,INDF,RG,6800,10,F,AK,YU,D
13:37:13,INDF,RG,6800,9,F,AK,YP,D
13:37:13,INDF,RG,6800,5,F,AK,YP,D
13:37:13,INDF,RG,6800,5,F,AK,YU,D
13:37:13,INDF,RG,6800,5,F,AK,YU,D
13:37:13,INDF,RG,6800,3,F,AK,YB,D
13:37:13,INDF,RG,6800,57,F,AK,PD,D
13:37:13,INDF,RG,6800,2,F,AK,NI,D
13:37:13,INDF,RG,6800,5,F,AK,BK,F
13:37:13,INDF,RG,6800,16,F,AK,BK,F
13:37:13,INDF,RG,6800,12,F,AK,ZP,D
13:37:13,INDF,RG,6800,1,F,AK,PD,D
13:37:13,INDF,RG,6800,14,F,AK,BK,F
13:37:13,INDF,RG,6800,2,F,AK,XA,D
13:37:13,INDF,RG,6800,5,F,AK,YU,D
13:36:10,INDF,RG,6775,1,F,CC,KK,D
13:35:35,INDF,RG,6775,1,D,PD,AK,F
13:31:04,INDF,RG,6800,39,F,AK,YU,D
13:30:22,INDF,RG,6775,2,F,CC,BB,D
13:30:09,INDF,RG,6775,14,F,AK,BK,F
13:30:09,INDF,RG,6775,96,F,AK,XC,D
13:30:09,INDF,RG,6775,3,F,AK,PD,D
13:30:09,INDF,RG,6775,7,F,AK,XC,D
13:30:09,INDF,RG,6775,43,F,AK,PD,D
13:30:04,INDF,RG,6775,1,D,XL,PD,D
13:30:03,INDF,RG,6775,6,D,CC,PD,D
13:30:03,INDF,RG,6775,5,D,CC,PD,D
13:30:03,INDF,RG,6775,3,D,CC,PD,D
13:30:03,INDF,RG,6775,7,D,CC,PD,D
13:30:03,INDF,RG,6775,2,D,CC,CC,D
13:30:03,INDF,RG,6775,4,D,CC,BB,D
13:30:03,INDF,RG,6775,23,D,CC,OD,D
13:30:03,INDF,RG,6775,5,D,XL,OD,D
13:30:02,INDF,RG,6775,1,D,XC,YP,D
13:30:02,INDF,RG,6775,5,D,CC,YP,D
13:30:02,INDF,RG,6775,4,D,XL,YP,D
13:30:02,INDF,RG,6775,21,D,XL,YP,D
13:30:02,INDF,RG,6775,1,D,CC,YP,D
13:30:02,INDF,RG,6775,2,D,CC,YP,D
13:30:01,INDF,RG,6775,1,F,CC,YP,D
13:30:01,INDF,RG,6775,1,D,PD,YP,D
13:30:01,INDF,RG,6775,2,D,PD,YP,D
13:30:01,INDF,RG,6775,5,D,PD,YP,D
13:30:01,INDF,RG,6775,7,F,BK,YP,D
13:30:01,INDF,RG,6775,3,F,BK,PD,D
13:30:01,INDF,RG,6775,5,F,BK,EP,D
13:30:01,INDF,RG,6775,2,D,KK,EP,D
13:30:01,INDF,RG,6775,2,D,KK,EP,D
13:30:00,INDF,RG,6775,2,D,HP,CP,D
13:30:00,INDF,RG,6775,1,D,KK,CP,D
13:30:00,INDF,RG,6775,3,F,BK,CP,D
13:30:00,INDF,RG,6775,10,F,YU,CP,D
13:30:00,INDF,RG,6775,3,D,CC,CP,D
13:30:00,INDF,RG,6775,1,D,OD,CP,D
13:30:00,INDF,RG,6775,10,F,YU,CP,D
13:30:00,INDF,RG,6775,9,F,YU,CP,D
13:30:00,INDF,RG,6775,1,D,SQ,CP,D
13:30:00,INDF,RG,6775,10,D,DR,CP,D
13:30:00,INDF,RG,6775,8,F,YU,CP,D
13:30:00,INDF,RG,6775,10,D,YP,CP,D
13:30:00,INDF,RG,6775,9,F,YU,CP,D
13:30:00,INDF,RG,6775,7,D,KK,CP,D
13:30:00,INDF,RG,6775,16,F,BK,CP,D
11:29:53,INDF,RG,6775,2,F,BK,BB,D
11:29:52,INDF,RG,6775,14,F,BK,BK,F
11:29:36,INDF,RG,6800,6,F,BK,YU,D
11:29:36,INDF,RG,6800,3,F,BK,XC,D
11:29:36,INDF,RG,6800,4,F,BK,BK,F
11:29:02,INDF,RG,6800,10,F,BK,BK,F
11:29:02,INDF,RG,6800,1,F,BK,CC,D
11:29:02,INDF,RG,6800,4,F,BK,BK,F
11:28:55,INDF,RG,6775,1,F,BK,SQ,D
11:28:40,INDF,RG,6800,10,F,BK,BK,F
11:28:40,INDF,RG,6800,5,F,BK,BB,D
11:28:12,INDF,RG,6775,2,F,BK,BK,F
11:28:12,INDF,RG,6775,5,D,EP,BK,F
11:28:12,INDF,RG,6775,8,F,YU,BK,F
11:28:09,INDF,RG,6775,8,F,CC,BB,D
11:28:04,INDF,RG,6775,1,F,CC,PD,D
11:27:42,INDF,RG,6775,15,F,CC,BK,F
11:27:20,INDF,RG,6775,21,F,CC,NI,D
11:27:20,INDF,RG,6775,1,F,BK,NI,D
11:27:10,INDF,RG,6775,13,F,BK,BK,F
11:27:09,INDF,RG,6775,6,F,BK,YP,D
11:27:09,INDF,RG,6775,1,D,YP,YP,D
11:27:09,INDF,RG,6775,7,D,NI,YP,D
11:26:44,INDF,RG,6775,13,D,NI,BK,F
11:26:18,INDF,RG,6775,1,F,CC,YP,D
11:26:18,INDF,RG,6775,20,F,BK,YP,D
11:26:18,INDF,RG,6775,21,F,BK,YP,D
11:26:18,INDF,RG,6775,1,D,LG,YP,D
11:26:17,INDF,RG,6775,12,F,YU,BK,F
11:26:17,INDF,RG,6775,1,D,YU,BK,F
11:25:46,INDF,RG,6775,9,D,YU,BK,F
11:25:46,INDF,RG,6775,5,F,BK,BK,F
11:25:42,INDF,RG,6775,1,F,BK,PD,D
11:25:35,INDF,RG,6775,14,F,BK,BB,D
11:25:35,INDF,RG,6775,10,D,OD,BB,D
11:25:35,INDF,RG,6775,7,F,YU,BB,D
11:25:35,INDF,RG,6800,13,F,BK,BB,D
11:25:26,INDF,RG,6775,3,F,YU,BK,F
11:25:26,INDF,RG,6775,11,F,AK,BK,F
11:25:03,INDF,RG,6800,15,F,BK,BB,D
11:24:42,INDF,RG,6800,4,F,BK,BB,D
11:24:42,INDF,RG,6800,10,F,BK,BK,F
11:24:24,INDF,RG,6775,1,F,AK,PD,D
11:24:16,INDF,RG,6800,4,F,BK,BK,F
11:24:16,INDF,RG,6800,5,F,BK,KK,D
11:24:16,INDF,RG,6800,5,F,BK,KK,D
11:24:16,INDF,RG,6775,2,F,AK,PD,D
11:24:07,INDF,RG,6775,3,F,AK,PD,D
11:23:58,INDF,RG,6775,8,F,AK,PD,D
11:23:47,INDF,RG,6800,13,F,BK,KK,D
11:23:41,INDF,RG,6800,1,D,XC,KK,D
11:23:23,INDF,RG,6800,3,F,BK,KK,D
11:23:23,INDF,RG,6800,1,F,BK,PD,D
11:23:23,INDF,RG,6800,10,F,BK,BK,F
11:23:21,INDF,RG,6775,10,F,AK,PD,D
11:23:04,INDF,RG,6775,10,F,AK,PD,D
11:22:54,INDF,RG,6800,15,F,BK,BK,F
11:22:51,INDF,RG,6800,1,D,EP,BB,D
11:22:51,INDF,RG,6800,17,D,EP,BK,F
11:22:32,INDF,RG,6800,1,D,BQ,BK,F
11:22:30,INDF,RG,6800,1,D,BQ,BK,F
11:22:26,INDF,RG,6775,10,F,AK,PD,D
11:22:25,INDF,RG,6775,1,F,AK,DH,D
11:22:23,INDF,RG,6800,13,F,BK,BK,F
11:22:07,INDF,RG,6775,18,F,AK,BK,F
11:21:45,INDF,RG,6775,5,F,AK,PD,D
11:21:45,INDF,RG,6775,5,F,BK,PD,D
11:21:38,INDF,RG,6775,14,F,BK,BK,F
11:21:16,INDF,RG,6775,11,F,BK,BB,D
11:21:16,INDF,RG,6775,118,F,AK,BB,D
11:21:05,INDF,RG,6775,10,F,AK,PD,D
11:21:02,INDF,RG,6800,19,F,BK,BK,F
11:20:42,INDF,RG,6800,13,F,BK,BK,F
11:20:39,INDF,RG,6775,10,F,AK,PD,D
11:20:06,INDF,RG,6775,10,F,AK,PD,D
11:20:02,INDF,RG,6775,23,F,AK,BK,F
11:19:32,INDF,RG,6775,13,F,AK,BK,F
11:19:20,INDF,RG,6775,10,F,AK,PD,D
11:18:59,INDF,RG,6775,20,F,AK,KK,D
11:18:53,INDF,RG,6775,10,F,AK,PD,D
11:18:49,INDF,RG,6775,24,F,AK,BK,F
11:18:10,INDF,RG,6775,7,F,AK,PD,D
11:18:10,INDF,RG,6775,10,F,AK,PD,D
11:17:48,INDF,RG,6775,23,F,AK,BK,F
11:17:06,INDF,RG,6775,10,F,AK,PD,D
11:16:47,INDF,RG,6775,22,F,AK,BK,F
11:16:37,INDF,RG,6775,10,F,AK,PD,D
11:16:35,INDF,RG,6775,143,F,AK,BB,D
11:16:26,INDF,RG,6775,4,F,AK,NI,D
11:16:04,INDF,RG,6775,10,F,AK,PD,D
11:15:52,INDF,RG,6775,15,F,AK,BK,F
11:15:40,INDF,RG,6775,10,F,AK,PD,D
11:15:38,INDF,RG,6775,1,F,AK,CC,D
11:15:10,INDF,RG,6775,10,F,AK,PD,D
11:14:53,INDF,RG,6775,17,F,AK,BK,F
11:14:31,INDF,RG,6775,10,F,AK,PD,D
11:14:29,INDF,RG,6775,7,F,AK,NI,D
11:13:44,INDF,RG,6775,15,F,AK,PD,D
11:13:02,INDF,RG,6775,15,F,AK,PD,D
11:12:30,INDF,RG,6775,15,F,AK,PD,D
11:11:43,INDF,RG,6775,2,F,AK,PD,D
11:11:43,INDF,RG,6775,8,F,BK,PD,D
11:11:22,INDF,RG,6775,12,F,BK,PD,D
11:11:22,INDF,RG,6775,1,D,XC,PD,D
11:11:22,INDF,RG,6775,5,D,AG,PD,D
11:11:22,INDF,RG,6775,7,F,YU,PD,D
11:11:16,INDF,RG,6775,6,F,YU,EP,D
11:11:16,INDF,RG,6775,1,D,XC,EP,D
11:11:16,INDF,RG,6775,20,F,BK,EP,D
11:11:16,INDF,RG,6775,12,F,YU,EP,D
11:11:16,INDF,RG,6775,1,D,DR,EP,D
11:10:56,INDF,RG,6775,4,D,DR,NI,D
11:10:56,INDF,RG,6775,2,D,KK,NI,D
11:10:56,INDF,RG,6775,1,F,YU,NI,D
11:10:32,INDF,RG,6775,10,F,YU,PD,D
11:10:32,INDF,RG,6775,5,F,BK,PD,D
11:09:54,INDF,RG,6775,10,F,BK,PD,D
11:09:51,INDF,RG,6800,2,D,NI,BK,F
11:09:50,INDF,RG,6775,5,F,BK,CC,D
11:09:33,INDF,RG,6800,11,F,YU,BK,F
11:09:32,INDF,RG,6775,1,F,BK,PD,D
11:09:32,INDF,RG,6775,4,D,XC,PD,D
11:09:32,INDF,RG,6775,5,D,PD,PD,D
11:09:18,INDF,RG,6775,2,F,CC,BB,D
11:09:18,INDF,RG,6775,23,F,BK,BB,D
11:09:18,INDF,RG,6775,68,F,CC,BB,D
11:09:11,INDF,RG,6775,10,F,CC,PD,D
11:08:29,INDF,RG,6775,30,F,CC,PD,D
11:07:49,INDF,RG,6800,18,F,ZP,BK,F
11:07:48,INDF,RG,6775,40,F,CC,PD,D
11:06:48,INDF,RG,6800,25,D,EP,BK,F
11:06:46,INDF,RG,6775,30,F,CC,PD,D
11:06:07,INDF,RG,6800,18,F,ZP,BK,F
11:05:45,INDF,RG,6775,30,F,CC,PD,D
11:05:43,INDF,RG,6800,1,F,ZP,BK,F
11:05:32,INDF,RG,6775,40,F,CC,PD,D
11:05:24,INDF,RG,6800,2,D,OD,BK,F
11:04:58,INDF,RG,6800,14,F,ZP,BK,F
11:04:53,INDF,RG,6800,18,F,ZP,BK,F
11:04:44,INDF,RG,6775,25,F,CC,PD,D
11:04:43,INDF,RG,6800,2,F,ZP,BK,F
11:04:32,INDF,RG,6800,10,D,OD,BK,F
11:04:28,INDF,RG,6800,1,F,ZP,BK,F
11:04:27,INDF,RG,6775,18,F,CC,PD,D
11:03:44,INDF,RG,6775,2,F,CC,PD,D
11:03:43,INDF,RG,6800,19,F,ZP,BK,F
11:03:37,INDF,RG,6775,32,F,CC,PD,D
11:02:39,INDF,RG,6775,25,F,CC,PD,D
11:01:54,INDF,RG,6775,2,F,CC,PD,D
11:01:29,INDF,RG,6775,2,F,CC,XA,D
11:01:23,INDF,RG,6775,25,F,CC,PD,D
11:01:20,INDF,RG,6775,6,F,CC,BB,D
11:01:20,INDF,RG,6775,21,F,YU,BB,D
11:01:20,INDF,RG,6775,77,F,AK,BB,D
11:01:20,INDF,RG,6775,7,F,AK,BB,D
11:00:53,INDF,RG,6775,1,F,AK,XC,D
11:00:49,INDF,RG,6775,2,F,AK,XL,D
11:00:07,INDF,RG,6775,25,F,AK,PD,D
10:59:43,INDF,RG,6775,5,F,AK,YP,D
10:59:24,INDF,RG,6775,2,F,AK,YP,D
10:59:13,INDF,RG,6775,25,F,AK,PD,D
10:58:42,INDF,RG,6775,25,F,AK,PD,D
10:58:13,INDF,RG,6775,38,F,AK,BK,F
10:58:12,INDF,RG,6775,30,F,AK,PD,D
10:57:55,INDF,RG,6775,50,F,AK,PD,D
10:57:11,INDF,RG,6775,30,F,AK,PD,D
10:56:45,INDF,RG,6775,1,F,AK,PD,D
10:56:45,INDF,RG,6775,29,F,ZP,PD,D
10:56:36,INDF,RG,6775,1,F,ZP,AK,F
10:56:19,INDF,RG,6775,33,F,ZP,PD,D
10:56:11,INDF,RG,6775,76,F,ZP,BB,D
10:56:07,INDF,RG,6775,15,F,ZP,CC,D
10:55:59,INDF,RG,6775,37,F,ZP,PD,D
10:55:48,INDF,RG,6775,1,F,ZP,BQ,D
10:55:12,INDF,RG,6775,20,F,ZP,PD,D
10:55:00,INDF,RG,6775,30,F,ZP,PD,D
10:54:17,INDF,RG,6775,7,F,ZP,NI,D
10:54:10,INDF,RG,6775,2,F,ZP,BQ,D
10:54:00,INDF,RG,6775,30,F,ZP,PD,D
10:53:38,INDF,RG,6800,19,F,ZP,BK,F
10:53:38,INDF,RG,6775,1,F,ZP,NI,D
10:53:03,INDF,RG,6775,15,F,ZP,PD,D
10:53:03,INDF,RG,6775,10,D,YP,PD,D
10:52:07,INDF,RG,6800,15,F,ZP,BK,F
10:52:07,INDF,RG,6800,5,F,ZP,PD,D
10:52:07,INDF,RG,6775,1,D,XL,PD,D
10:52:07,INDF,RG,6775,4,D,XC,PD,D
10:52:07,INDF,RG,6775,2,D,YP,PD,D
10:52:07,INDF,RG,6775,1,D,XC,PD,D
10:52:07,INDF,RG,6775,3,D,XL,PD,D
10:52:07,INDF,RG,6775,2,D,YP,PD,D
10:52:07,INDF,RG,6775,1,D,XC,PD,D
10:52:07,INDF,RG,6775,2,D,OD,PD,D
10:52:07,INDF,RG,6775,2,D,XC,PD,D
10:52:07,INDF,RG,6775,1,D,CC,PD,D
10:52:07,INDF,RG,6775,5,D,YP,PD,D
10:52:07,INDF,RG,6775,1,D,CC,PD,D
10:51:02,INDF,RG,6775,19,D,CC,PD,D
10:51:02,INDF,RG,6775,5,D,XL,PD,D
10:51:02,INDF,RG,6775,1,D,DR,PD,D
10:50:42,INDF,RG,6775,4,D,DR,PD,D
10:50:42,INDF,RG,6775,8,D,CC,PD,D
10:50:42,INDF,RG,6775,5,D,PD,PD,D
10:50:42,INDF,RG,6775,1,D,PD,PD,D
10:50:42,INDF,RG,6775,7,D,PD,PD,D
10:50:31,INDF,RG,6800,20,F,ZP,PD,D
10:49:55,INDF,RG,6775,25,D,PD,PD,D
10:49:52,INDF,RG,6800,1,D,XC,BB,D
10:49:49,INDF,RG,6775,18,D,PD,BB,D
10:49:49,INDF,RG,6775,1,D,YP,BB,D
10:49:49,INDF,RG,6775,10,D,YP,BB,D
10:49:49,INDF,RG,6775,5,D,XL,BB,D
10:49:49,INDF,RG,6775,3,D,XL,BB,D
10:49:49,INDF,RG,6775,1,D,NI,BB,D
10:49:49,INDF,RG,6775,1,D,SQ,BB,D
10:49:49,INDF,RG,6775,2,D,YP,BB,D
10:49:49,INDF,RG,6775,47,F,BK,BB,D
10:49:49,INDF,RG,6775,1,D,PD,BB,D
10:49:32,INDF,RG,6800,5,F,ZP,PD,D
10:48:56,INDF,RG,6800,21,F,BK,PD,D
10:48:56,INDF,RG,6800,4,F,ZP,PD,D
10:48:29,INDF,RG,6800,2,F,ZP,PD,D
10:48:29,INDF,RG,6800,23,D,CC,PD,D
10:47:54,INDF,RG,6800,7,D,CC,PD,D
10:47:54,INDF,RG,6800,18,D,CC,PD,D
10:47:33,INDF,RG,6800,22,D,CC,PD,D
10:47:33,INDF,RG,6800,4,F,ZP,PD,D
10:47:33,INDF,RG,6800,9,F,BK,PD,D
10:47:23,INDF,RG,6800,15,F,BK,YB,D
10:47:23,INDF,RG,6800,5,F,YU,YB,D
10:47:15,INDF,RG,6800,4,F,YU,KK,D
10:46:29,INDF,RG,6800,10,F,YU,PD,D
10:46:29,INDF,RG,6800,1,F,CC,PD,D
10:46:29,INDF,RG,6800,1,D,CC,PD,D
10:46:29,INDF,RG,6800,18,F,YU,PD,D
10:46:29,INDF,RG,6800,10,F,ZP,PD,D
10:46:11,INDF,RG,6825,2,D,PD,BB,D
10:46:11,INDF,RG,6825,8,D,PD,PD,D
10:45:50,INDF,RG,6800,20,F,ZP,PD,D
10:45:42,INDF,RG,6800,28,F,ZP,BB,D
10:45:42,INDF,RG,6800,25,F,BK,BB,D
10:45:42,INDF,RG,6800,1,D,XC,BB,D
10:45:42,INDF,RG,6800,26,F,BK,BB,D
10:45:42,INDF,RG,6800,19,F,YU,BB,D
10:45:42,INDF,RG,6800,8,F,YU,BB,D
10:44:51,INDF,RG,6800,9,F,YU,PD,D
10:44:51,INDF,RG,6800,16,F,BK,PD,D
10:44:44,INDF,RG,6800,11,F,BK,BK,F
10:44:44,INDF,RG,6800,2,D,CC,BK,F
10:44:44,INDF,RG,6800,1,D,KK,BK,F
10:44:44,INDF,RG,6800,1,D,PD,BK,F
10:44:44,INDF,RG,6800,11,F,YU,BK,F
10:43:45,INDF,RG,6800,6,F,YU,PD,D
10:43:45,INDF,RG,6800,8,D,CC,PD,D
10:43:45,INDF,RG,6800,1,F,CC,PD,D
10:43:45,INDF,RG,6800,17,F,BK,PD,D
10:43:45,INDF,RG,6800,13,F,AK,PD,D
10:42:41,INDF,RG,6800,35,F,AK,PD,D
10:42:17,INDF,RG,6800,43,F,AK,PD,D
10:42:17,INDF,RG,6800,4,D,XL,PD,D
10:42:17,INDF,RG,6800,3,F,YU,PD,D
10:41:44,INDF,RG,6800,1,F,YU,PD,D
10:41:44,INDF,RG,6800,5,D,EP,PD,D
10:41:44,INDF,RG,6800,2,D,CC,PD,D
10:41:44,INDF,RG,6800,3,D,YB,PD,D
10:41:44,INDF,RG,6800,39,D,YU,PD,D
10:40:54,INDF,RG,6800,1,D,YU,KK,D
10:40:38,INDF,RG,6800,50,D,YU,PD,D
10:40:32,INDF,RG,6800,10,D,YU,BB,D
10:40:32,INDF,RG,6800,1,D,XL,BB,D
10:40:32,INDF,RG,6800,1,D,NI,BB,D
10:40:32,INDF,RG,6800,1,D,BQ,BB,D
10:40:32,INDF,RG,6800,5,D,DR,BB,D
10:40:32,INDF,RG,6800,50,D,GR,BB,D
10:40:32,INDF,RG,6800,5,D,XC,BB,D
10:40:32,INDF,RG,6800,2,D,KK,BB,D
10:40:32,INDF,RG,6800,2,D,XC,BB,D
10:40:32,INDF,RG,6800,1,D,XC,BB,D
10:40:32,INDF,RG,6800,5,D,YP,BB,D
10:40:32,INDF,RG,6800,1,D,PD,BB,D
10:40:32,INDF,RG,6800,5,D,PD,BB,D
10:40:32,INDF,RG,6800,1,D,CC,BB,D
10:40:32,INDF,RG,6800,1,D,PD,BB,D
10:40:32,INDF,RG,6800,1,D,LS,BB,D
10:40:32,INDF,RG,6800,7,D,XL,BB,D
10:40:32,INDF,RG,6800,1,D,XC,BB,D
10:40:32,INDF,RG,6800,3,F,ZP,BB,D
10:40:32,INDF,RG,6800,2,F,ZP,BB,D
10:40:32,INDF,RG,6800,9,D,YP,BB,D
10:40:05,INDF,RG,6800,1,D,YP,BK,F
10:40:05,INDF,RG,6800,21,D,PD,BK,F
10:39:36,INDF,RG,6800,29,D,PD,PD,D
10:39:36,INDF,RG,6800,11,D,XC,PD,D
10:38:31,INDF,RG,6800,3,D,XC,PD,D
10:38:31,INDF,RG,6800,42,D,EP,PD,D
10:38:18,INDF,RG,6800,3,D,EP,XC,D
10:38:16,INDF,RG,6825,2,D,BQ,PD,D
10:37:34,INDF,RG,6800,10,D,EP,CC,D
10:37:28,INDF,RG,6800,50,D,EP,PD,D
10:36:59,INDF,RG,6800,31,D,EP,BK,F
10:36:46,INDF,RG,6825,1,D,PD,PD,D
10:36:35,INDF,RG,6800,1,D,EP,YP,D
10:36:29,INDF,RG,6800,9,D,EP,PD,D
10:36:29,INDF,RG,6800,2,D,PD,PD,D
10:36:29,INDF,RG,6800,20,D,CP,PD,D
10:36:29,INDF,RG,6800,1,D,XC,PD,D
10:36:29,INDF,RG,6800,1,F,YP,PD,D
10:36:29,INDF,RG,6800,1,D,NI,PD,D
10:36:29,INDF,RG,6800,16,F,BK,PD,D
10:35:12,INDF,RG,6800,13,F,BK,PD,D
10:35:12,INDF,RG,6800,32,D,SQ,PD,D
10:34:27,INDF,RG,6825,1,D,NI,PD,D
10:34:25,INDF,RG,6800,5,D,SQ,BB,D
10:34:05,INDF,RG,6800,1,D,SQ,PD,D
10:34:05,INDF,RG,6800,50,D,SQ,PD,D
10:33:15,INDF,RG,6800,1,D,SQ,YP,D
10:33:07,INDF,RG,6800,30,D,SQ,PD,D
10:32:57,INDF,RG,6800,1,D,SQ,NI,D
10:32:49,INDF,RG,6800,40,D,SQ,PD,D
10:32:40,INDF,RG,6800,240,D,SQ,BB,D
10:32:40,INDF,RG,6800,5,D,PD,BB,D
10:32:40,INDF,RG,6800,155,D,SQ,BB,D
10:31:53,INDF,RG,6800,25,D,SQ,PD,D
10:31:15,INDF,RG,6800,20,D,SQ,PD,D
10:31:15,INDF,RG,6800,30,D,CC,PD,D
10:30:59,INDF,RG,6800,20,D,CC,PD,D
10:30:59,INDF,RG,6800,3,D,EP,PD,D
10:30:59,INDF,RG,6800,5,F,BK,PD,D
10:30:59,INDF,RG,6800,2,D,YP,PD,D
10:30:58,INDF,RG,6800,20,D,YP,PD,D
10:30:51,INDF,RG,6825,1,D,CC,PD,D
10:30:40,INDF,RG,6800,50,D,YP,PD,D
10:29:59,INDF,RG,6800,35,D,YP,PD,D
10:29:13,INDF,RG,6800,100,D,YP,XC,D
10:28:47,INDF,RG,6800,30,D,YP,PD,D
10:28:26,INDF,RG,6800,5,D,YP,YP,D
10:27:53,INDF,RG,6800,58,D,YP,BB,D
10:27:53,INDF,RG,6800,10,D,OD,BB,D
10:27:53,INDF,RG,6800,1,D,XC,BB,D
10:27:53,INDF,RG,6800,10,D,XL,BB,D
10:27:53,INDF,RG,6800,5,D,HP,BB,D
10:27:53,INDF,RG,6800,13,F,BK,BB,D
10:27:47,INDF,RG,6800,25,F,BK,PD,D
10:27:06,INDF,RG,6800,10,F,BK,PD,D
10:27:06,INDF,RG,6800,25,F,AK,PD,D
10:26:40,INDF,RG,6825,13,F,BK,PD,D
10:26:40,INDF,RG,6825,16,F,YU,PD,D
10:26:40,INDF,RG,6825,1,D,PD,PD,D
10:26:40,INDF,RG,6825,2,F,ZP,PD,D
10:26:20,INDF,RG,6850,1,D,XC,PD,D
10:25:57,INDF,RG,6825,20,F,ZP,PD,D
10:25:57,INDF,RG,6825,1,D,CC,PD,D
10:25:57,INDF,RG,6825,14,F,YU,PD,D
10:25:07,INDF,RG,6825,3,F,YU,PD,D
10:25:07,INDF,RG,6825,27,F,BK,PD,D
10:25:07,INDF,RG,6825,20,F,BK,PD,D
10:24:30,INDF,RG,6825,7,F,BK,PD,D
10:24:30,INDF,RG,6825,1,D,OD,PD,D
10:24:30,INDF,RG,6825,26,F,BK,PD,D
10:24:30,INDF,RG,6825,6,F,YU,PD,D
10:24:29,INDF,RG,6825,12,F,YU,YU,D
10:24:29,INDF,RG,6825,38,F,BK,YU,D
10:24:01,INDF,RG,6825,13,F,BK,BB,D
10:24:01,INDF,RG,6825,70,F,ZP,BB,D
10:24:01,INDF,RG,6825,51,F,AK,BB,D
10:23:54,INDF,RG,6825,7,F,AK,YU,D
10:23:43,INDF,RG,6825,50,F,AK,CP,D
10:23:16,INDF,RG,6825,35,F,AK,PD,D
10:22:51,INDF,RG,6825,40,F,AK,PD,D
10:22:28,INDF,RG,6825,35,F,AK,PD,D
10:22:26,INDF,RG,6825,1,F,AK,YP,D
10:22:09,INDF,RG,6825,37,F,AK,PD,D
10:22:09,INDF,RG,6825,8,F,CC,PD,D
10:21:18,INDF,RG,6825,50,F,CC,PD,D
10:20:40,INDF,RG,6850,3,D,PD,PD,D
10:20:18,INDF,RG,6825,40,F,CC,PD,D
10:20:08,INDF,RG,6825,19,F,CC,KK,F
10:19:11,INDF,RG,6825,30,F,CC,PD,D
10:18:13,INDF,RG,6850,1,D,OD,PD,D
10:17:50,INDF,RG,6825,25,F,CC,PD,D
10:17:08,INDF,RG,6850,5,D,XL,PD,D
10:16:44,INDF,RG,6825,25,F,CC,PD,D
10:15:52,INDF,RG,6850,1,D,EP,PD,D
10:15:36,INDF,RG,6825,1,F,CC,YP,D
10:15:36,INDF,RG,6825,1,F,CC,AK,F
10:14:55,INDF,RG,6825,34,F,CC,PD,D
10:14:55,INDF,RG,6825,1,F,CC,PD,D
10:14:36,INDF,RG,6825,156,F,AK,BK,F
10:14:36,INDF,RG,6825,4,F,AK,BB,D
10:14:36,INDF,RG,6825,8,F,AK,YU,D
10:14:35,INDF,RG,6825,5,F,ZP,YU,D
10:14:35,INDF,RG,6825,5,D,DR,YU,D
10:14:35,INDF,RG,6825,15,F,YU,YU,D
10:14:35,INDF,RG,6825,17,F,BK,YU,D
10:13:42,INDF,RG,6825,12,F,BK,PD,D
10:13:42,INDF,RG,6825,8,F,ZP,PD,D
10:13:33,INDF,RG,6825,24,F,ZP,BK,F
10:13:31,INDF,RG,6825,1,F,ZP,NI,D
10:12:09,INDF,RG,6825,10,F,ZP,SQ,D
10:11:54,INDF,RG,6825,12,F,ZP,BB,D
10:11:54,INDF,RG,6825,1,D,XC,BB,D
10:11:54,INDF,RG,6825,9,F,YU,BB,D
10:11:54,INDF,RG,6825,5,D,EP,BB,D
10:11:54,INDF,RG,6825,28,F,BK,BB,D
10:11:54,INDF,RG,6825,123,F,AK,BB,D
10:11:54,INDF,RG,6825,30,F,BK,BB,D
10:11:54,INDF,RG,6825,20,D,CC,BB,D
10:11:54,INDF,RG,6825,17,F,YU,BB,D
10:11:54,INDF,RG,6825,1,D,XC,BB,D
10:11:54,INDF,RG,6825,15,F,YU,BB,D
10:11:54,INDF,RG,6825,24,F,YU,BB,D
10:11:54,INDF,RG,6825,1,F,CC,BB,D
10:11:54,INDF,RG,6825,2,F,BK,BB,D
10:11:54,INDF,RG,6825,1,D,CC,BB,D
10:11:54,INDF,RG,6825,15,F,YU,BB,D
10:11:54,INDF,RG,6825,29,F,BK,BB,D
10:11:54,INDF,RG,6825,15,F,YU,BB,D
10:11:54,INDF,RG,6825,29,F,BK,BB,D
10:11:54,INDF,RG,6825,1,D,XC,BB,D
10:11:54,INDF,RG,6825,1,D,YP,BB,D
10:11:54,INDF,RG,6825,21,F,BK,BB,D
10:11:28,INDF,RG,6825,7,F,BK,PD,D
10:11:28,INDF,RG,6825,1,D,XC,PD,D
10:11:28,INDF,RG,6825,27,F,ZP,PD,D
10:11:13,INDF,RG,6825,18,F,ZP,BK,F
10:11:06,INDF,RG,6850,1,D,NI,PD,D
10:10:20,INDF,RG,6825,50,F,ZP,PD,D
10:10:19,INDF,RG,6825,1,F,ZP,LG,D
10:09:26,INDF,RG,6825,30,F,ZP,PD,D
10:08:55,INDF,RG,6825,12,F,ZP,BK,F
10:08:55,INDF,RG,6825,3,D,DR,BK,F
10:08:55,INDF,RG,6825,1,F,BK,BK,F
10:08:53,INDF,RG,6825,5,F,BK,IP,D
10:08:51,INDF,RG,6825,1,F,BK,NI,D
10:08:43,INDF,RG,6850,19,F,ZP,PD,D
10:08:18,INDF,RG,6825,20,F,BK,PD,D
10:08:18,INDF,RG,6825,5,F,YU,PD,D
10:07:52,INDF,RG,6825,2,F,YU,BB,D
10:07:51,INDF,RG,6825,9,F,YU,YU,D
10:07:51,INDF,RG,6825,1,D,XC,YU,D
10:07:11,INDF,RG,6825,14,F,BK,BK,F
10:07:06,INDF,RG,6825,14,F,BK,PD,D
10:07:06,INDF,RG,6825,2,D,CC,PD,D
10:07:06,INDF,RG,6825,2,D,OD,PD,D
10:07:06,INDF,RG,6825,12,F,AK,PD,D
10:06:43,INDF,RG,6850,12,F,ZP,PD,D
10:06:43,INDF,RG,6850,1,F,ZP,YP,D
10:06:43,INDF,RG,6850,1,F,ZP,DR,D
10:06:43,INDF,RG,6850,5,F,ZP,ZP,D
10:06:02,INDF,RG,6825,25,F,AK,PD,D
10:05:58,INDF,RG,6825,10,F,AK,PD,D
10:05:07,INDF,RG,6825,18,F,AK,BK,F
10:05:00,INDF,RG,6825,20,F,AK,PD,D
10:04:52,INDF,RG,6825,13,F,AK,YU,D
10:03:58,INDF,RG,6825,1,F,AK,YP,D
10:03:52,INDF,RG,6825,15,F,AK,PD,D
10:03:52,INDF,RG,6825,20,F,BK,PD,D
10:03:33,INDF,RG,6825,1,F,BK,YP,D
10:03:28,INDF,RG,6825,15,F,BK,BK,F
10:03:18,INDF,RG,6825,5,F,BK,NI,D
10:02:47,INDF,RG,6825,8,F,YU,CC,D
10:02:43,INDF,RG,6850,5,F,ZP,ZP,D
10:02:43,INDF,RG,6850,10,F,ZP,PD,D
10:02:43,INDF,RG,6850,3,F,ZP,CP,D
10:02:42,INDF,RG,6850,1,D,XC,CP,D
10:02:39,INDF,RG,6825,8,F,YU,BB,D
10:02:39,INDF,RG,6825,652,F,CC,BB,D
10:02:39,INDF,RG,6825,2,D,XL,BB,D
10:02:39,INDF,RG,6825,20,F,BK,BB,D
10:02:39,INDF,RG,6825,18,F,AK,BB,D
10:02:38,INDF,RG,6825,25,F,AK,PD,D
10:02:29,INDF,RG,6850,1,D,XC,CP,D
10:01:57,INDF,RG,6825,14,F,AK,BK,F
10:01:30,INDF,RG,6825,30,F,AK,PD,D
10:01:19,INDF,RG,6850,1,D,XL,CP,D
10:01:08,INDF,RG,6825,10,F,AK,PD,D
10:00:43,INDF,RG,6850,13,F,ZP,CP,D
10:00:11,INDF,RG,6825,19,F,AK,BK,F
09:59:45,INDF,RG,6825,40,F,AK,PD,D
09:58:44,INDF,RG,6825,206,F,AK,BB,D
09:58:11,INDF,RG,6825,50,F,AK,PD,D
09:58:03,INDF,RG,6825,18,F,AK,BK,F
09:56:38,INDF,RG,6825,30,F,AK,PD,D
09:56:27,INDF,RG,6825,19,F,AK,BK,F
09:55:51,INDF,RG,6825,1,F,AK,XC,D
09:55:35,INDF,RG,6825,1,F,AK,XC,D
09:55:16,INDF,RG,6825,13,F,AK,BK,F
09:54:46,INDF,RG,6825,25,F,AK,PD,D
09:53:54,INDF,RG,6825,2,F,AK,BK,F
09:53:54,INDF,RG,6825,1,D,NI,BK,F
09:53:54,INDF,RG,6825,12,F,YU,BK,F
09:53:35,INDF,RG,6825,4,F,YU,PD,D
09:53:35,INDF,RG,6825,5,D,XL,PD,D
09:53:35,INDF,RG,6825,2,D,BQ,PD,D
09:53:35,INDF,RG,6825,1,D,XC,PD,D
09:53:35,INDF,RG,6825,2,D,YP,PD,D
09:53:35,INDF,RG,6825,2,D,YB,PD,D
09:53:35,INDF,RG,6825,15,F,YU,PD,D
09:53:35,INDF,RG,6825,10,D,HP,PD,D
09:53:35,INDF,RG,6825,5,D,YP,PD,D
09:53:35,INDF,RG,6825,4,D,PD,PD,D
09:52:40,INDF,RG,6825,7,D,PD,YU,D
09:52:16,INDF,RG,6825,1,D,PD,XC,D
09:52:01,INDF,RG,6825,38,D,PD,PD,D
09:52:01,INDF,RG,6825,12,F,ZP,PD,D
09:51:43,INDF,RG,6825,1,F,ZP,SQ,D
09:51:29,INDF,RG,6825,22,F,ZP,XL,D
09:50:54,INDF,RG,6825,15,F,ZP,PD,D
09:50:54,INDF,RG,6825,35,F,YU,PD,D
09:50:43,INDF,RG,6850,19,F,ZP,CP,D
09:50:42,INDF,RG,6850,62,D,BQ,CP,D
09:50:42,INDF,RG,6850,38,D,BQ,YP,D
09:50:21,INDF,RG,6825,2,F,CC,XC,D
09:50:21,INDF,RG,6825,11,F,BK,XC,D
09:49:44,INDF,RG,6825,50,F,BK,PD,D
09:48:43,INDF,RG,6850,18,F,ZP,YP,D
09:48:42,INDF,RG,6850,2,D,CC,YP,D
09:48:37,INDF,RG,6825,50,F,BK,PD,D
09:47:36,INDF,RG,6825,50,F,BK,PD,D
09:46:56,INDF,RG,6825,42,F,CC,BB,D
09:46:56,INDF,RG,6825,102,F,AK,BB,D
09:46:48,INDF,RG,6825,30,F,AK,PD,D
09:46:43,INDF,RG,6850,19,F,ZP,YP,D
09:46:25,INDF,RG,6850,20,F,BK,YP,D
09:46:18,INDF,RG,6825,40,F,AK,PD,D
09:46:18,INDF,RG,6825,10,F,AK,PD,D
09:45:25,INDF,RG,6825,50,F,AK,PD,D
09:45:19,INDF,RG,6850,3,D,YP,YP,D
09:45:19,INDF,RG,6850,2,D,YP,YP,D
09:44:43,INDF,RG,6850,1,F,ZP,YP,D
09:44:43,INDF,RG,6850,16,F,ZP,BK,F
09:44:43,INDF,RG,6850,2,F,ZP,BK,F
09:44:29,INDF,RG,6850,1,F,ZP,BK,F
09:44:27,INDF,RG,6850,16,F,BK,BK,F
09:44:27,INDF,RG,6850,3,F,BK,PD,D
09:43:23,INDF,RG,6850,2,D,YB,YP,D
09:43:21,INDF,RG,6850,2,F,ZP,YP,D
09:43:19,INDF,RG,6825,30,F,AK,PD,D
09:42:18,INDF,RG,6850,1,F,ZP,YP,D
09:42:17,INDF,RG,6825,30,F,AK,PD,D
09:42:16,INDF,RG,6850,1,D,NI,YP,D
09:42:05,INDF,RG,6850,2,F,ZP,YP,D
09:42:04,INDF,RG,6850,21,F,BK,YP,D
09:41:44,INDF,RG,6850,2,F,ZP,YP,D
09:41:41,INDF,RG,6850,50,D,BQ,YP,D
09:41:13,INDF,RG,6850,2,F,ZP,YP,D
09:41:12,INDF,RG,6825,30,F,AK,PD,D
09:40:27,INDF,RG,6850,15,F,BK,YP,D
09:40:02,INDF,RG,6825,30,F,AK,PD,D
09:39:53,INDF,RG,6825,93,F,AK,BB,D
09:39:34,INDF,RG,6850,2,D,YB,YP,D
09:39:34,INDF,RG,6850,1,D,YB,CC,D
09:39:08,INDF,RG,6850,15,F,BK,CC,D
09:38:51,INDF,RG,6825,30,F,AK,PD,D
09:38:37,INDF,RG,6825,1,F,AK,BQ,D
09:38:04,INDF,RG,6850,100,D,XC,CC,D
09:37:56,INDF,RG,6825,30,F,AK,PD,D
09:37:54,INDF,RG,6850,9,F,BK,CC,D
09:37:54,INDF,RG,6850,9,F,BK,PD,D
09:37:12,INDF,RG,6825,2,F,AK,BQ,D
09:36:53,INDF,RG,6825,47,F,AK,PD,D
09:36:53,INDF,RG,6825,3,D,EP,PD,D
09:36:43,INDF,RG,6850,5,D,YP,PD,D
09:36:30,INDF,RG,6850,20,F,ZP,PD,D
09:36:04,INDF,RG,6850,1,F,ZP,PD,D
09:36:03,INDF,RG,6850,15,F,BK,PD,D
09:36:03,INDF,RG,6850,5,F,BK,AZ,D
09:36:01,INDF,RG,6850,15,F,ZP,AZ,D
09:35:59,INDF,RG,6825,1,F,CC,OD,D
09:35:59,INDF,RG,6825,29,F,CC,XC,D
09:35:59,INDF,RG,6825,5,F,CC,YP,D
09:35:59,INDF,RG,6825,1,F,CC,XC,D
09:35:59,INDF,RG,6825,2,F,CC,BK,F
09:35:59,INDF,RG,6825,50,F,CC,PD,D
09:35:59,INDF,RG,6825,1,F,CC,YP,D
09:35:59,INDF,RG,6825,57,F,CC,BB,D
09:35:59,INDF,RG,6825,19,F,CC,BK,F
09:35:58,INDF,RG,6825,2,F,ZP,BK,F
09:35:58,INDF,RG,6825,109,F,AK,BK,F
09:35:58,INDF,RG,6825,12,D,PD,BK,F
09:35:58,INDF,RG,6825,38,D,PD,BB,D
09:35:49,INDF,RG,6825,1,F,ZP,BB,D
09:35:48,INDF,RG,6800,14,F,AK,BK,F
09:35:46,INDF,RG,6825,3,F,ZP,BB,D
09:35:44,INDF,RG,6800,50,F,AK,PD,D
09:34:46,INDF,RG,6825,5,F,ZP,BB,D
09:34:45,INDF,RG,6825,100,D,CP,BB,D
09:34:39,INDF,RG,6825,1,F,ZP,BB,D
09:34:38,INDF,RG,6800,25,F,AK,PD,D
09:34:09,INDF,RG,6825,1,F,ZP,BB,D
09:34:06,INDF,RG,6800,15,F,AK,BK,F
09:33:31,INDF,RG,6825,2,F,ZP,BB,D
09:33:31,INDF,RG,6800,25,F,AK,PD,D
09:33:11,INDF,RG,6825,14,F,YU,BB,D
09:32:50,INDF,RG,6825,1,F,ZP,BB,D
09:32:49,INDF,RG,6800,14,F,AK,BK,F
09:32:25,INDF,RG,6800,25,F,AK,PD,D
09:32:18,INDF,RG,6800,3,F,AK,CC,D
09:31:35,INDF,RG,6800,15,F,AK,BK,F
09:31:21,INDF,RG,6825,50,F,NI,BB,D
09:31:15,INDF,RG,6800,25,F,AK,PD,D
09:31:00,INDF,RG,6800,115,F,AK,YP,D
09:30:54,INDF,RG,6800,1,F,AK,YP,D
09:30:11,INDF,RG,6800,17,F,AK,BK,F
09:30:04,INDF,RG,6800,5,F,AK,XC,D
09:30:00,INDF,RG,6800,10,F,AK,CC,D
09:29:43,INDF,RG,6800,25,F,AK,PD,D
09:28:27,INDF,RG,6800,25,F,AK,PD,D
09:28:18,INDF,RG,6800,20,F,AK,BK,F
09:27:06,INDF,RG,6800,25,F,AK,PD,D
09:26:51,INDF,RG,6800,15,F,AK,BK,F
09:25:57,INDF,RG,6800,25,F,AK,PD,D
09:25:35,INDF,RG,6800,14,F,AK,BK,F
09:24:48,INDF,RG,6800,25,F,AK,PD,D
09:24:05,INDF,RG,6825,5,D,YB,BB,D
09:24:05,INDF,RG,6825,1,D,XC,BB,D
09:24:05,INDF,RG,6825,19,F,BK,BB,D
09:24:05,INDF,RG,6825,9,D,HP,BB,D
09:23:48,INDF,RG,6825,3,D,HP,XC,D
09:23:48,INDF,RG,6825,3,D,HP,AK,F
09:23:48,INDF,RG,6825,20,F,BK,AK,F
09:23:48,INDF,RG,6825,2,F,YP,AK,F
09:23:48,INDF,RG,6825,3,D,CC,AK,F
09:23:48,INDF,RG,6825,1,F,CC,AK,F
09:23:48,INDF,RG,6825,4,F,BK,AK,F
09:23:40,INDF,RG,6825,15,F,BK,YB,D
09:23:40,INDF,RG,6825,20,D,YP,YB,D
09:23:40,INDF,RG,6825,18,F,BK,YB,D
09:23:40,INDF,RG,6825,8,D,YP,YB,D
09:23:40,INDF,RG,6825,20,D,YP,YB,D
09:23:40,INDF,RG,6825,15,F,BK,YB,D
09:23:40,INDF,RG,6825,348,F,CC,YB,D
09:23:40,INDF,RG,6825,5,F,AK,YB,D
09:23:33,INDF,RG,6825,25,F,AK,YP,D
09:23:31,INDF,RG,6825,23,F,AK,CC,D
09:23:30,INDF,RG,6825,25,F,AK,PD,D
09:23:27,INDF,RG,6825,15,F,AK,XC,D
09:22:36,INDF,RG,6825,5,F,AK,XL,D
09:22:23,INDF,RG,6825,25,F,AK,PD,D
09:22:08,INDF,RG,6850,4,D,CC,AZ,D
09:21:16,INDF,RG,6825,25,F,AK,PD,D
09:20:04,INDF,RG,6825,25,F,AK,PD,D
09:19:14,INDF,RG,6825,2,F,AK,YP,D
09:18:52,INDF,RG,6825,25,F,AK,PD,D
09:18:38,INDF,RG,6825,1,F,AK,YP,D
09:18:19,INDF,RG,6825,5,F,AK,ZP,D
09:17:42,INDF,RG,6825,25,F,AK,PD,D
09:16:49,INDF,RG,6850,2,D,XC,AZ,D
09:16:38,INDF,RG,6825,25,F,AK,PD,D
09:16:28,INDF,RG,6850,3,D,PD,AZ,D
09:15:28,INDF,RG,6825,25,F,AK,PD,D
09:13:46,INDF,RG,6825,16,F,AK,PD,D
09:13:46,INDF,RG,6825,9,F,BK,PD,D
09:13:43,INDF,RG,6825,12,F,BK,GR,D
09:13:43,INDF,RG,6825,17,F,CC,GR,D
09:13:42,INDF,RG,6825,147,F,CC,EP,D
09:13:42,INDF,RG,6825,25,F,BK,EP,D
09:13:42,INDF,RG,6825,128,D,EP,EP,D
09:13:24,INDF,RG,6825,10,D,EP,DR,D
09:13:24,INDF,RG,6825,23,D,EP,AK,F
09:13:24,INDF,RG,6825,5,D,EP,AK,F
09:13:24,INDF,RG,6825,127,D,EP,KI,D
09:13:24,INDF,RG,6825,1,F,CC,KI,D
09:13:24,INDF,RG,6825,15,F,BK,KI,D
09:13:24,INDF,RG,6825,5,D,YP,KI,D
09:13:24,INDF,RG,6825,128,F,AK,KI,D
09:13:24,INDF,RG,6825,24,D,YP,KI,D
09:13:11,INDF,RG,6825,1,D,YP,DR,D
09:12:51,INDF,RG,6850,4,D,XC,AZ,D
09:12:41,INDF,RG,6825,18,F,BK,PD,D
09:12:41,INDF,RG,6825,7,D,OD,PD,D
09:12:03,INDF,RG,6825,3,D,OD,AZ,D
09:12:03,INDF,RG,6825,17,F,CC,AZ,D
09:11:43,INDF,RG,6825,5,F,CC,KK,D
09:11:43,INDF,RG,6825,16,F,BK,KK,D
09:11:43,INDF,RG,6825,3,D,XC,KK,D
09:11:43,INDF,RG,6825,5,F,BK,KK,D
09:11:36,INDF,RG,6850,2,D,BQ,AZ,D
09:11:13,INDF,RG,6825,3,F,BK,CC,D
09:11:05,INDF,RG,6825,7,F,BK,PD,D
09:11:05,INDF,RG,6825,1,D,CC,PD,D
09:11:05,INDF,RG,6825,17,F,BK,PD,D
09:10:42,INDF,RG,6825,1,F,BK,HP,D
09:10:42,INDF,RG,6825,1,D,XC,HP,D
09:10:42,INDF,RG,6825,1,D,NI,HP,D
09:10:42,INDF,RG,6825,1,F,BK,HP,D
09:10:33,INDF,RG,6825,23,F,BK,YP,D
09:10:13,INDF,RG,6825,25,F,BK,PD,D
09:09:05,INDF,RG,6850,5,D,YP,AZ,D
09:08:44,INDF,RG,6825,21,F,BK,PD,D
09:08:44,INDF,RG,6825,29,F,AK,PD,D
09:08:38,INDF,RG,6850,10,D,CC,AZ,D
09:08:26,INDF,RG,6875,17,F,BK,KK,D
09:08:15,INDF,RG,6875,8,D,XL,KK,D
09:07:55,INDF,RG,6875,36,D,CC,KK,D
09:07:49,INDF,RG,6850,10,D,OD,AK,F
09:07:40,INDF,RG,6875,1,D,CC,KK,D
09:07:35,INDF,RG,6875,1,D,XC,KK,D
09:07:16,INDF,RG,6875,19,D,PD,KK,D
09:06:57,INDF,RG,6850,10,D,YP,AK,F
09:06:56,INDF,RG,6850,20,D,YP,YP,D
09:06:56,INDF,RG,6850,10,D,YP,ZP,D
09:06:56,INDF,RG,6850,10,D,YP,GR,D
09:06:53,INDF,RG,6850,2,D,CC,GR,D
09:06:51,INDF,RG,6825,2,F,AK,KK,D
09:06:48,INDF,RG,6850,3,D,EP,GR,D
09:06:44,INDF,RG,6850,1,D,XC,AK,F
09:06:39,INDF,RG,6850,5,F,AK,PD,D
09:06:39,INDF,RG,6850,10,F,AK,CC,D
09:06:39,INDF,RG,6850,9,F,AK,DR,D
09:06:39,INDF,RG,6850,1,F,AK,PD,D
09:06:39,INDF,RG,6850,1,F,AK,XC,D
09:06:39,INDF,RG,6850,1,F,AK,KK,D
09:06:39,INDF,RG,6850,1,F,AK,YP,D
09:06:39,INDF,RG,6850,1,F,AK,YP,D
09:06:39,INDF,RG,6850,1,F,AK,OD,D
09:06:39,INDF,RG,6850,5,F,AK,PD,D
09:06:39,INDF,RG,6850,1,F,AK,PD,D
09:06:39,INDF,RG,6850,5,F,AK,DR,D
09:06:39,INDF,RG,6850,5,F,AK,HP,D
09:06:39,INDF,RG,6850,10,F,AK,IF,D
09:06:39,INDF,RG,6850,1,F,AK,KK,D
09:06:39,INDF,RG,6850,15,F,AK,KK,D
09:06:39,INDF,RG,6850,296,F,AK,YP,D
09:06:32,INDF,RG,6850,1,D,XC,YP,D
09:05:49,INDF,RG,6850,3,D,PD,YP,D
09:05:41,INDF,RG,6825,4,F,AK,PD,D
09:04:50,INDF,RG,6825,1,F,AK,XC,D
09:04:22,INDF,RG,6825,1,F,AK,KK,D
09:03:46,INDF,RG,6825,5,F,AK,NI,D
09:02:14,INDF,RG,6825,7,F,CC,YB,D
09:02:03,INDF,RG,6825,19,F,CC,YP,D
09:02:03,INDF,RG,6825,1,F,CC,XL,D
09:02:03,INDF,RG,6825,190,F,CC,YP,D
09:02:01,INDF,RG,6825,29,F,AK,YP,D
09:01:41,INDF,RG,6825,81,F,AK,YP,D
09:01:41,INDF,RG,6825,1,F,AK,PD,D
09:01:41,INDF,RG,6825,3,F,AK,PD,D
09:01:41,INDF,RG,6825,5,F,AK,HP,D
09:00:51,INDF,RG,6800,10,F,CC,PD,D
09:00:51,INDF,RG,6800,1,F,CC,NI,D
09:00:51,INDF,RG,6800,50,F,CC,YP,D
09:00:51,INDF,RG,6800,2,F,CC,XL,D
09:00:51,INDF,RG,6800,2,F,CC,CC,D
09:00:51,INDF,RG,6800,127,F,CC,CC,D
09:00:40,INDF,RG,6800,40,F,AK,CC,D
09:00:21,INDF,RG,6775,7,F,CC,YP,D
09:00:13,INDF,RG,6775,24,F,CC,CC,D
09:00:13,INDF,RG,6775,2,F,CC,XL,D
09:00:13,INDF,RG,6775,3,F,CC,EP,D
09:00:13,INDF,RG,6775,2,F,CC,PD,D
09:00:13,INDF,RG,6775,24,F,CC,PD,D
09:00:06,INDF,RG,6775,4,D,KK,PD,D
09:00:05,INDF,RG,6775,19,F,BK,PD,D
09:00:05,INDF,RG,6775,1,D,XL,PD,D
09:00:05,INDF,RG,6775,50,D,YP,PD,D
09:00:05,INDF,RG,6775,1,D,YP,PD,D
09:00:05,INDF,RG,6775,1,D,PD,PD,D
09:00:05,INDF,RG,6775,3,D,PD,PD,D
09:00:05,INDF,RG,6775,1,D,PD,PD,D
09:00:03,INDF,RG,6775,1,D,PD,NI,D
09:00:03,INDF,RG,6775,1,D,XC,NI,D
09:00:03,INDF,RG,6775,3,D,AZ,NI,D
09:00:02,INDF,RG,6775,2,D,AZ,NI,D
09:00:02,INDF,RG,6775,5,D,AZ,KK,D
08:59:00,INDF,RG,6800,1,D,XL,CC,D
08:59:00,INDF,RG,6800,2,D,XL,CC,D
08:59:00,INDF,RG,6800,2,D,XL,CC,D
08:59:00,INDF,RG,6800,17,D,YP,CC,D
08:59:00,INDF,RG,6800,111,D,YP,CC,D
08:59:00,INDF,RG,6800,50,D,YP,CC,D
08:59:00,INDF,RG,6800,10,D,YP,CC,D
08:59:00,INDF,RG,6800,2,D,XL,CC,D
08:59:00,INDF,RG,6800,2,D,CC,CC,D
08:59:00,INDF,RG,6800,10,D,PD,CC,D
08:59:00,INDF,RG,6800,7,D,YP,CC,D
08:59:00,INDF,RG,6800,1,D,PD,CC,D
08:59:00,INDF,RG,6800,1,D,PD,CC,D
08:59:00,INDF,RG,6800,39,D,SQ,CC,D
08:59:00,INDF,RG,6800,1,D,PD,CC,D
08:59:00,INDF,RG,6800,1,D,PD,CC,D
08:59:00,INDF,RG,6800,2,D,PD,CC,D
08:59:00,INDF,RG,6800,3,D,PD,CC,D
08:59:00,INDF,RG,6800,1,D,PD,CC,D
08:59:00,INDF,RG,6800,1,D,XC,CC,D
08:59:00,INDF,RG,6800,8,D,CP,CC,D
08:59:00,INDF,RG,6800,15,D,CP,CC,D
08:59:00,INDF,RG,6800,6,D,CP,PD,D
08:59:00,INDF,RG,6800,3,D,CP,PD,D
08:59:00,INDF,RG,6800,10,D,CP,PD,D
08:59:00,INDF,RG,6800,3,D,CP,PD,D
08:59:00,INDF,RG,6800,3,D,CP,PD,D
08:59:00,INDF,RG,6800,2,D,CP,HP,D
08:59:00,INDF,RG,6800,2,D,KK,HP,D
08:59:00,INDF,RG,6800,1,D,KK,HP,D
08:59:00,INDF,RG,6800,1,D,KK,YB,D
08:59:00,INDF,RG,6800,7,F,BK,YB,D
08:59:00,INDF,RG,6800,3,F,BK,AI,D
08:59:00,INDF,RG,6800,3,F,BK,AI,D
08:59:00,INDF,RG,6800,5,F,BK,AI,D
08:59:00,INDF,RG,6800,1,F,BK,AK,F
