Time,Stock,Brd,Price,Qty,BT,BC,SC,ST
15:14:49,UNVR,RG,4850,38,D,YP,YP,D
15:14:38,UNVR,RG,4850,1,D,SQ,YP,D
15:14:26,UNVR,RG,4850,2,D,XC,YP,D
15:14:26,UNVR,RG,4850,10,D,XC,YP,D
15:14:26,UNVR,RG,4850,10,D,CC,YP,D
15:14:26,UNVR,RG,4850,1,D,CC,YP,D
15:14:26,UNVR,RG,4850,17,D,XC,YP,D
15:14:26,UNVR,RG,4850,2,D,XC,YP,D
15:14:26,UNVR,RG,4850,21,D,XC,YP,D
15:14:26,UNVR,RG,4850,95,D,CC,YP,D
15:14:26,UNVR,RG,4850,3,D,SQ,YP,D
15:14:24,UNVR,RG,4850,5,D,SQ,EP,D
15:14:14,UNVR,RG,4850,2,D,SQ,YP,D
15:14:12,UNVR,RG,4850,2,D,PD,PD,D
15:14:12,UNVR,RG,4850,1,D,KK,PD,D
15:14:12,UNVR,RG,4850,1,D,KK,PD,D
15:14:12,UNVR,RG,4850,2,D,CC,PD,D
15:13:42,UNVR,RG,4850,1,D,CC,YP,D
15:13:18,UNVR,RG,4850,5,D,CC,SQ,D
15:13:18,UNVR,RG,4850,2,D,CC,AT,D
15:13:12,UNVR,RG,4850,2,D,GR,AT,D
15:13:12,UNVR,RG,4850,3,D,GR,YU,D
15:13:11,UNVR,RG,4850,2,D,NI,YU,D
15:12:57,UNVR,RG,4850,295,D,PD,YU,D
15:12:57,UNVR,RG,4850,150,D,PD,DH,D
15:12:57,UNVR,RG,4850,50,D,PD,EP,D
15:12:57,UNVR,RG,4850,5,D,PD,YU,D
15:12:55,UNVR,RG,4850,1,D,KK,YU,D
15:12:53,UNVR,RG,4850,1,D,XC,YU,D
15:12:48,UNVR,RG,4850,3,D,YP,YU,D
15:12:44,UNVR,RG,4850,6,D,YJ,YU,D
15:12:42,UNVR,RG,4850,1,D,DX,YU,D
15:12:42,UNVR,RG,4850,183,D,IP,YU,D
15:12:34,UNVR,RG,4850,3,D,IP,YP,D
15:12:31,UNVR,RG,4850,1,D,IP,KK,D
15:12:31,UNVR,RG,4850,13,D,IP,CC,D
15:12:31,UNVR,RG,4850,5,D,PD,CC,D
15:12:24,UNVR,RG,4850,5,D,XC,CC,D
15:12:16,UNVR,RG,4850,97,D,LG,CC,D
15:12:16,UNVR,RG,4850,103,D,LG,KK,D
15:12:12,UNVR,RG,4850,1,D,YP,KK,D
15:12:06,UNVR,RG,4850,1,D,PD,KK,D
15:11:57,UNVR,RG,4850,15,D,OD,KK,D
15:11:51,UNVR,RG,4850,5,D,YJ,KK,D
15:11:51,UNVR,RG,4850,100,D,YP,KK,D
15:11:51,UNVR,RG,4850,10,D,NI,KK,D
15:11:51,UNVR,RG,4850,5,D,PD,KK,D
15:11:51,UNVR,RG,4850,10,D,NI,KK,D
15:11:32,UNVR,RG,4850,1,D,XC,YP,D
15:11:32,UNVR,RG,4850,1,D,XC,YP,D
15:11:32,UNVR,RG,4850,23,D,NI,YP,D
15:11:30,UNVR,RG,4850,27,D,NI,YP,D
15:11:30,UNVR,RG,4850,1,D,PD,YP,D
15:11:30,UNVR,RG,4850,1,D,XC,YP,D
15:11:30,UNVR,RG,4850,1,D,XC,YP,D
15:11:30,UNVR,RG,4850,10,D,NI,YP,D
15:11:30,UNVR,RG,4850,10,D,CC,YP,D
15:11:30,UNVR,RG,4850,20,D,NI,YP,D
15:11:30,UNVR,RG,4850,20,D,CD,YP,D
15:11:30,UNVR,RG,4850,14,D,KK,YP,D
15:11:30,UNVR,RG,4850,30,D,PD,YP,D
15:11:30,UNVR,RG,4850,30,D,PD,YP,D
15:11:30,UNVR,RG,4850,18,D,GR,YP,D
15:11:30,UNVR,RG,4850,1,D,AT,YP,D
15:11:30,UNVR,RG,4850,5,D,EP,YP,D
15:11:30,UNVR,RG,4850,1,D,CC,YP,D
15:11:30,UNVR,RG,4850,2,D,SQ,YP,D
15:11:30,UNVR,RG,4850,4,D,YP,YP,D
15:11:30,UNVR,RG,4850,10,D,GR,YP,D
15:11:30,UNVR,RG,4850,100,D,LG,YP,D
15:11:30,UNVR,RG,4850,1,D,XC,YP,D
15:11:30,UNVR,RG,4850,288,D,ZP,YP,D
15:11:30,UNVR,RG,4850,10,D,CD,YP,D
15:11:30,UNVR,RG,4850,1,D,HP,YP,D
15:11:30,UNVR,RG,4850,10,D,PD,YP,D
15:11:30,UNVR,RG,4850,10,D,NI,YP,D
15:11:30,UNVR,RG,4850,3,D,XC,YP,D
15:11:30,UNVR,RG,4850,10,D,CC,YP,D
15:11:30,UNVR,RG,4850,1,D,DR,YP,D
15:11:30,UNVR,RG,4850,1,D,XC,YP,D
15:11:30,UNVR,RG,4850,2,D,PD,YP,D
15:11:30,UNVR,RG,4850,1,D,XC,YP,D
15:11:30,UNVR,RG,4850,10,D,NI,YP,D
15:11:30,UNVR,RG,4850,1,D,NI,YP,D
15:11:30,UNVR,RG,4850,1,D,SQ,YP,D
15:11:30,UNVR,RG,4850,1,D,SQ,YP,D
15:11:30,UNVR,RG,4850,14,D,TP,YP,D
15:11:30,UNVR,RG,4850,2,D,XC,YP,D
15:11:30,UNVR,RG,4850,1,D,NI,YP,D
15:11:30,UNVR,RG,4850,100,D,GR,YP,D
15:11:30,UNVR,RG,4850,1,D,KK,YP,D
15:11:30,UNVR,RG,4850,9,D,YP,YP,D
15:11:30,UNVR,RG,4850,25,D,AT,YP,D
15:11:30,UNVR,RG,4850,3,D,AT,YP,D
15:11:30,UNVR,RG,4850,189,D,CC,YP,D
15:11:25,UNVR,RG,4850,39,D,CC,OD,D
15:11:23,UNVR,RG,4850,5,D,CC,YP,D
15:11:06,UNVR,RG,4850,17,D,CC,YP,D
15:11:06,UNVR,RG,4850,1,D,KK,YP,D
15:11:06,UNVR,RG,4850,1,D,PD,YP,D
15:11:06,UNVR,RG,4850,1,D,CC,YP,D
15:10:49,UNVR,RG,4850,1,D,CC,SQ,D
15:10:49,UNVR,RG,4850,3,D,EP,SQ,D
15:10:35,UNVR,RG,4850,2,D,EP,AZ,D
15:10:35,UNVR,RG,4850,10,D,YJ,AZ,D
15:10:35,UNVR,RG,4850,10,D,CC,AZ,D
15:10:21,UNVR,RG,4850,10,D,CC,YP,D
15:10:02,UNVR,RG,4850,75,D,CC,KK,D
15:09:58,UNVR,RG,4850,30,D,CC,CC,D
15:09:51,UNVR,RG,4850,1,D,CC,CC,D
15:09:50,UNVR,RG,4850,1,D,CC,YP,D
15:09:36,UNVR,RG,4850,3,D,CC,XC,D
15:09:35,UNVR,RG,4850,29,D,CC,EP,D
15:09:33,UNVR,RG,4850,6,D,CC,CC,D
15:09:22,UNVR,RG,4850,25,D,CC,YU,D
15:09:10,UNVR,RG,4850,4,D,CC,PD,D
15:09:09,UNVR,RG,4850,35,D,CC,CC,D
15:09:02,UNVR,RG,4850,5,D,CC,PD,D
15:08:57,UNVR,RG,4850,5,D,CC,YU,D
15:08:52,UNVR,RG,4850,2,D,CC,CC,D
15:08:38,UNVR,RG,4850,11,D,CC,NI,D
15:08:37,UNVR,RG,4850,1,D,CC,YB,D
15:08:35,UNVR,RG,4850,2,D,CC,CC,D
15:08:19,UNVR,RG,4850,3,D,CC,XC,D
15:08:17,UNVR,RG,4850,3,D,CC,YU,D
15:07:59,UNVR,RG,4850,10,D,CC,AT,D
15:07:58,UNVR,RG,4850,8,D,CC,SQ,D
15:07:45,UNVR,RG,4850,2,D,CC,YU,D
15:07:44,UNVR,RG,4850,50,D,CC,CC,D
15:07:31,UNVR,RG,4850,25,D,CC,YU,D
15:07:05,UNVR,RG,4850,44,D,CC,CP,D
15:07:05,UNVR,RG,4850,6,D,OD,CP,D
15:07:03,UNVR,RG,4850,5,D,OD,XC,D
15:06:54,UNVR,RG,4850,2,D,OD,CC,D
15:06:50,UNVR,RG,4850,2,D,OD,YP,D
15:06:31,UNVR,RG,4850,26,D,OD,NI,D
15:06:24,UNVR,RG,4850,2,D,OD,YU,D
15:05:55,UNVR,RG,4850,10,D,OD,YP,D
15:05:54,UNVR,RG,4850,2,D,OD,DR,D
15:05:43,UNVR,RG,4850,10,D,OD,DR,D
15:05:30,UNVR,RG,4850,20,D,OD,CC,D
15:05:28,UNVR,RG,4850,22,D,OD,KK,D
15:05:25,UNVR,RG,4850,103,D,OD,LG,D
15:05:25,UNVR,RG,4850,22,D,PD,LG,D
15:05:25,UNVR,RG,4850,1,D,XC,LG,D
15:05:25,UNVR,RG,4850,1,D,AT,LG,D
15:05:25,UNVR,RG,4850,1,D,YP,LG,D
15:05:25,UNVR,RG,4850,10,D,SQ,LG,D
15:05:25,UNVR,RG,4850,2,D,YP,LG,D
15:05:25,UNVR,RG,4850,1,D,PD,LG,D
15:05:25,UNVR,RG,4850,5,D,ID,LG,D
15:05:25,UNVR,RG,4850,10,D,PD,LG,D
15:05:25,UNVR,RG,4850,10,D,YP,LG,D
15:05:25,UNVR,RG,4850,7,D,YP,LG,D
15:05:25,UNVR,RG,4850,30,D,LG,LG,D
15:05:25,UNVR,RG,4850,4,D,YP,LG,D
15:05:25,UNVR,RG,4850,1,D,XC,LG,D
15:05:25,UNVR,RG,4850,2,D,XC,LG,D
15:05:25,UNVR,RG,4850,1,D,XC,LG,D
15:05:25,UNVR,RG,4850,1,D,XC,LG,D
15:05:25,UNVR,RG,4850,10,D,XC,LG,D
15:05:25,UNVR,RG,4850,10,D,DX,LG,D
15:05:25,UNVR,RG,4850,2,D,KK,LG,D
15:05:25,UNVR,RG,4850,50,D,YJ,LG,D
15:05:25,UNVR,RG,4850,2,D,YP,LG,D
15:05:25,UNVR,RG,4850,10,D,CC,LG,D
15:05:25,UNVR,RG,4850,100,D,CC,LG,D
15:05:25,UNVR,RG,4850,1,D,XC,LG,D
15:05:25,UNVR,RG,4850,1,D,GR,LG,D
15:05:25,UNVR,RG,4850,50,D,CC,LG,D
15:05:25,UNVR,RG,4850,1,D,PD,LG,D
15:05:25,UNVR,RG,4850,2,D,XC,LG,D
15:05:25,UNVR,RG,4850,1,D,XC,LG,D
15:05:25,UNVR,RG,4850,1,D,XC,LG,D
15:05:25,UNVR,RG,4850,1,D,PD,LG,D
15:05:25,UNVR,RG,4850,1,D,XC,LG,D
15:05:25,UNVR,RG,4850,4,D,XC,LG,D
15:05:25,UNVR,RG,4850,20,D,PD,LG,D
15:05:25,UNVR,RG,4850,1,D,DH,LG,D
15:05:25,UNVR,RG,4850,5,D,GR,LG,D
15:05:25,UNVR,RG,4850,100,D,KK,LG,D
15:05:25,UNVR,RG,4850,415,D,HP,LG,D
15:05:16,UNVR,RG,4850,20,D,HP,YB,D
15:05:13,UNVR,RG,4850,20,D,HP,GR,D
15:05:13,UNVR,RG,4850,45,D,HP,YP,D
15:05:13,UNVR,RG,4850,15,D,CP,YP,D
15:05:13,UNVR,RG,4850,5,D,PC,YP,D
15:05:13,UNVR,RG,4850,1,D,CC,YP,D
15:05:13,UNVR,RG,4850,2,D,NI,YP,D
15:05:13,UNVR,RG,4850,1,D,XC,YP,D
15:05:13,UNVR,RG,4850,60,F,YP,YP,D
15:05:13,UNVR,RG,4850,5,D,CC,YP,D
15:05:13,UNVR,RG,4850,66,F,CS,YP,D
15:05:12,UNVR,RG,4850,1,F,CS,YP,D
15:05:09,UNVR,RG,4850,300,F,CS,CC,D
15:05:05,UNVR,RG,4850,15,F,CS,CC,D
15:05:02,UNVR,RG,4850,3,F,CS,YP,D
15:05:02,UNVR,RG,4850,50,F,CS,EP,D
15:05:02,UNVR,RG,4850,2,F,CS,XC,D
15:05:02,UNVR,RG,4850,4,F,CS,XC,D
15:05:02,UNVR,RG,4850,10,F,CS,YP,D
15:05:02,UNVR,RG,4850,2,F,CS,XC,D
15:05:02,UNVR,RG,4850,1,F,CS,KK,D
15:05:02,UNVR,RG,4850,21,F,CS,KK,D
15:05:02,UNVR,RG,4850,5,F,CS,KK,D
15:05:02,UNVR,RG,4850,7,F,CS,KK,D
15:05:02,UNVR,RG,4850,14,F,CS,GR,D
15:05:02,UNVR,RG,4850,150,F,CS,YP,D
15:05:01,UNVR,RG,4850,500,F,CS,YP,D
15:05:01,UNVR,RG,4850,2,F,CS,CC,D
15:05:01,UNVR,RG,4850,60,F,CS,CC,D
15:05:01,UNVR,RG,4850,4,F,CS,XC,D
15:05:01,UNVR,RG,4850,14,F,CS,XC,D
15:05:01,UNVR,RG,4850,1,F,CS,XC,D
15:05:01,UNVR,RG,4850,5,F,CS,XC,D
15:05:01,UNVR,RG,4850,8,F,CS,EP,D
15:05:01,UNVR,RG,4850,70,F,CS,CD,D
15:05:00,UNVR,RG,4850,2,F,CS,DH,D
15:05:00,UNVR,RG,4850,2,F,CS,PD,D
15:05:00,UNVR,RG,4850,100,F,CS,OK,D
15:05:00,UNVR,RG,4850,50,F,CS,DH,D
15:05:00,UNVR,RG,4850,17,F,CS,DH,D
15:05:00,UNVR,RG,4850,23,F,CS,DH,D
15:05:00,UNVR,RG,4850,5,F,CS,DH,D
15:05:00,UNVR,RG,4850,5,F,CS,DH,D
15:05:00,UNVR,RG,4850,1,F,CS,PD,D
15:05:00,UNVR,RG,4850,5,F,CS,HP,D
15:05:00,UNVR,RG,4850,2061,F,CS,DR,D
15:05:00,UNVR,RG,4850,185,F,CS,DR,D
15:05:00,UNVR,RG,4850,608,F,CS,DR,D
15:05:00,UNVR,RG,4850,1677,F,CS,DR,D
15:05:00,UNVR,RG,4850,2,D,CC,DR,D
15:05:00,UNVR,RG,4850,5,D,XC,DR,D
15:05:00,UNVR,RG,4850,2,D,SQ,DR,D
15:05:00,UNVR,RG,4850,2,D,XC,DR,D
15:05:00,UNVR,RG,4850,1,D,OD,DR,D
15:05:00,UNVR,RG,4850,1,D,NI,DR,D
15:05:00,UNVR,RG,4850,5,D,PD,DR,D
15:05:00,UNVR,RG,4850,1,D,YP,DR,D
15:05:00,UNVR,RG,4850,3,D,XC,DR,D
15:05:00,UNVR,RG,4850,5,D,HP,DR,D
15:05:00,UNVR,RG,4850,30,D,HP,DR,D
15:05:00,UNVR,RG,4850,5,D,KK,DR,D
15:05:00,UNVR,RG,4850,10,D,YP,DR,D
15:05:00,UNVR,RG,4850,5,D,NI,DR,D
15:05:00,UNVR,RG,4850,1,D,PD,DR,D
15:05:00,UNVR,RG,4850,9,D,XC,DR,D
15:05:00,UNVR,RG,4850,297,D,PD,DR,D
15:05:00,UNVR,RG,4850,10,D,PD,YU,D
15:05:00,UNVR,RG,4850,30,D,PD,YU,D
15:05:00,UNVR,RG,4850,63,D,PD,YU,D
15:05:00,UNVR,RG,4850,1,D,PD,YU,D
15:05:00,UNVR,RG,4850,2,D,PD,YU,D
15:05:00,UNVR,RG,4850,1,D,PD,YU,D
15:05:00,UNVR,RG,4850,33,D,XC,YU,D
15:05:00,UNVR,RG,4850,1,D,XC,YU,D
15:05:00,UNVR,RG,4850,2,D,XC,YU,D
15:00:00,UNVR,RG,4850,10,D,XC,CC,D
15:00:00,UNVR,RG,4850,10,D,CC,CC,D
15:00:00,UNVR,RG,4850,2,D,YP,CC,D
15:00:00,UNVR,RG,4850,3,D,PD,CC,D
15:00:00,UNVR,RG,4850,2,D,PD,GR,D
15:00:00,UNVR,RG,4850,10,D,SH,CC,D
15:00:00,UNVR,RG,4850,3,D,SH,KK,D
15:00:00,UNVR,RG,4850,4,D,SH,DH,D
15:00:00,UNVR,RG,4850,1,D,SH,PD,D
15:00:00,UNVR,RG,4850,50,D,SH,CC,D
15:00:00,UNVR,RG,4850,30,D,SH,PD,D
15:00:00,UNVR,RG,4850,6,D,SH,YP,D
15:00:00,UNVR,RG,4850,79,D,SH,YB,D
15:00:00,UNVR,RG,4850,67,D,SH,SQ,D
15:00:00,UNVR,RG,4850,1,D,EP,SQ,D
15:00:00,UNVR,RG,4850,1,D,PD,SQ,D
15:00:00,UNVR,RG,4850,5,D,NI,SQ,D
15:00:00,UNVR,RG,4850,5,D,PC,SQ,D
15:00:00,UNVR,RG,4850,5,D,PC,SQ,D
15:00:00,UNVR,RG,4850,10,D,EP,SQ,D
15:00:00,UNVR,RG,4850,1,D,DH,SQ,D
15:00:00,UNVR,RG,4850,5,D,YP,SQ,D
15:00:00,UNVR,RG,4850,195,D,YP,YP,D
15:00:00,UNVR,RG,4850,1,D,XC,YP,D
15:00:00,UNVR,RG,4850,4,D,YP,YP,D
15:00:00,UNVR,RG,4850,1,D,YP,BQ,D
15:00:00,UNVR,RG,4850,3,D,KK,BQ,D
15:00:00,UNVR,RG,4850,7,D,KK,IP,D
15:00:00,UNVR,RG,4850,3,D,NI,IP,D
15:00:00,UNVR,RG,4850,10,D,CP,IP,D
15:00:00,UNVR,RG,4850,1,D,YP,IP,D
15:00:00,UNVR,RG,4850,10,D,TP,IP,D
15:00:00,UNVR,RG,4850,5,D,CC,IP,D
15:00:00,UNVR,RG,4850,1,D,DX,IP,D
15:00:00,UNVR,RG,4850,1,D,CC,IP,D
15:00:00,UNVR,RG,4850,10,D,NI,IP,D
15:00:00,UNVR,RG,4850,1,D,CC,IP,D
15:00:00,UNVR,RG,4850,1,D,DH,IP,D
15:00:00,UNVR,RG,4850,2,D,YP,IP,D
15:00:00,UNVR,RG,4850,48,D,IF,IP,D
15:00:00,UNVR,RG,4850,1,D,IF,YP,D
15:00:00,UNVR,RG,4850,1,D,IF,NI,D
15:00:00,UNVR,RG,4850,4,D,YP,NI,D
15:00:00,UNVR,RG,4850,1,D,YP,BQ,D
15:00:00,UNVR,RG,4850,20,D,YP,DR,D
15:00:00,UNVR,RG,4850,1,D,CC,DR,D
15:00:00,UNVR,RG,4850,2,D,XC,DR,D
15:00:00,UNVR,RG,4850,1,D,NI,DR,D
15:00:00,UNVR,RG,4850,100,D,SQ,DR,D
15:00:00,UNVR,RG,4850,5,D,PD,DR,D
15:00:00,UNVR,RG,4850,1,D,XC,DR,D
15:00:00,UNVR,RG,4850,1,D,DH,DR,D
15:00:00,UNVR,RG,4850,369,D,OD,DR,D
15:00:00,UNVR,RG,4850,2,D,OD,SQ,D
15:00:00,UNVR,RG,4850,5,D,OD,PD,D
15:00:00,UNVR,RG,4850,1,D,OD,CC,D
15:00:00,UNVR,RG,4850,103,D,OD,PD,D
15:00:00,UNVR,RG,4850,12,D,OD,YP,D
15:00:00,UNVR,RG,4850,1,D,OD,YP,D
15:00:00,UNVR,RG,4850,10,D,OD,NI,D
15:00:00,UNVR,RG,4850,350,D,OD,YP,D
15:00:00,UNVR,RG,4850,5,D,OD,CC,D
15:00:00,UNVR,RG,4850,32,D,OD,YP,D
15:00:00,UNVR,RG,4850,1000,D,OD,YP,D
15:00:00,UNVR,RG,4850,10,D,OD,CC,D
15:00:00,UNVR,RG,4850,6,D,OD,CC,D
15:00:00,UNVR,RG,4850,2,D,OD,YP,D
15:00:00,UNVR,RG,4850,12,D,OD,BQ,D
15:00:00,UNVR,RG,4850,300,D,OD,EP,D
15:00:00,UNVR,RG,4850,4,D,OD,PD,D
15:00:00,UNVR,RG,4850,1000,D,OD,MG,D
15:00:00,UNVR,RG,4850,40,D,OD,HP,D
15:00:00,UNVR,RG,4850,50,D,OD,LG,D
15:00:00,UNVR,RG,4850,50,D,OD,PD,D
15:00:00,UNVR,RG,4850,21,D,OD,PD,D
15:00:00,UNVR,RG,4850,1,D,OD,PD,D
15:00:00,UNVR,RG,4850,100,D,OD,DR,D
15:00:00,UNVR,RG,4850,60,D,OD,YP,D
15:00:00,UNVR,RG,4850,4,D,OD,XC,D
15:00:00,UNVR,RG,4850,30,D,OD,CC,D
15:00:00,UNVR,RG,4850,3,D,OD,HP,D
15:00:00,UNVR,RG,4850,2,D,OD,BQ,D
15:00:00,UNVR,RG,4850,5,D,OD,PD,D
15:00:00,UNVR,RG,4850,2000,D,OD,AO,D
15:00:00,UNVR,RG,4850,1,D,OD,HP,D
15:00:00,UNVR,RG,4850,20,D,OD,YU,D
15:00:00,UNVR,RG,4850,100,D,OD,HP,D
15:00:00,UNVR,RG,4850,1,D,OD,YU,D
15:00:00,UNVR,RG,4850,400,D,OD,YP,D
15:00:00,UNVR,RG,4850,1,D,OD,YP,D
15:00:00,UNVR,RG,4850,77,D,OD,YU,D
15:00:00,UNVR,RG,4850,1,D,YU,YU,D
15:00:00,UNVR,RG,4850,21,D,PD,YU,D
15:00:00,UNVR,RG,4850,2,D,PD,YU,D
15:00:00,UNVR,RG,4850,1000,D,EP,YU,D
15:00:00,UNVR,RG,4850,100,D,NI,YU,D
15:00:00,UNVR,RG,4850,3,D,DH,YU,D
15:00:00,UNVR,RG,4850,20,D,OD,YU,D
15:00:00,UNVR,RG,4850,5,D,YP,YU,D
15:00:00,UNVR,RG,4850,50,D,LG,YU,D
15:00:00,UNVR,RG,4850,3,D,AT,YU,D
15:00:00,UNVR,RG,4850,2,D,YP,YU,D
15:00:00,UNVR,RG,4850,1,D,NI,YU,D
15:00:00,UNVR,RG,4850,4,D,XC,YU,D
15:00:00,UNVR,RG,4850,1,D,SQ,YU,D
15:00:00,UNVR,RG,4850,2,D,KK,YU,D
15:00:00,UNVR,RG,4850,100,D,IH,YU,D
15:00:00,UNVR,RG,4850,1,D,CC,YU,D
15:00:00,UNVR,RG,4850,3,D,PD,YU,D
15:00:00,UNVR,RG,4850,2,D,CC,YU,D
15:00:00,UNVR,RG,4850,8,D,CC,KK,D
15:00:00,UNVR,RG,4850,10,D,EP,KK,D
15:00:00,UNVR,RG,4850,1,D,GR,KK,D
15:00:00,UNVR,RG,4850,1,D,PD,KK,D
15:00:00,UNVR,RG,4850,3,D,XC,KK,D
15:00:00,UNVR,RG,4850,7,D,PD,KK,D
15:00:00,UNVR,RG,4850,3,D,PD,KK,D
15:00:00,UNVR,RG,4850,4,D,CC,KK,D
15:00:00,UNVR,RG,4850,1,D,KK,KK,D
15:00:00,UNVR,RG,4850,67,D,NI,KK,D
15:00:00,UNVR,RG,4850,8,D,NI,DR,D
15:00:00,UNVR,RG,4850,5,D,NI,DR,D
15:00:00,UNVR,RG,4850,2,D,CC,DR,D
15:00:00,UNVR,RG,4850,1,D,YP,DR,D
15:00:00,UNVR,RG,4850,15,D,YP,DR,D
15:00:00,UNVR,RG,4850,10,D,YP,DR,D
15:00:00,UNVR,RG,4850,1,D,SQ,DR,D
15:00:00,UNVR,RG,4850,2,D,PD,DR,D
15:00:00,UNVR,RG,4850,6,D,CC,DR,D
15:00:00,UNVR,RG,4850,2,D,CC,CC,D
15:00:00,UNVR,RG,4850,4,D,CC,CC,D
15:00:00,UNVR,RG,4850,21,D,CC,DH,D
15:00:00,UNVR,RG,4850,1,D,PD,DH,D
15:00:00,UNVR,RG,4850,2,D,DR,DH,D
15:00:00,UNVR,RG,4850,89,D,CC,DH,D
15:00:00,UNVR,RG,4850,5,D,CC,DH,D
15:00:00,UNVR,RG,4850,2,D,PD,DH,D
15:00:00,UNVR,RG,4850,15,D,CC,DH,D
15:00:00,UNVR,RG,4850,1,D,NI,DH,D
15:00:00,UNVR,RG,4850,2,D,YP,DH,D
15:00:00,UNVR,RG,4850,27,D,XA,DH,D
15:00:00,UNVR,RG,4850,170,D,DH,DH,D
15:00:00,UNVR,RG,4850,830,D,DH,AZ,D
15:00:00,UNVR,RG,4850,5,D,SQ,AZ,D
15:00:00,UNVR,RG,4850,100,D,DR,AZ,D
15:00:00,UNVR,RG,4850,10,D,YP,AZ,D
15:00:00,UNVR,RG,4850,20,D,PD,AZ,D
15:00:00,UNVR,RG,4850,2,D,XC,AZ,D
15:00:00,UNVR,RG,4850,3,D,CC,AZ,D
15:00:00,UNVR,RG,4850,1,D,CC,AZ,D
15:00:00,UNVR,RG,4850,1,D,SQ,AZ,D
15:00:00,UNVR,RG,4850,1,D,YP,AZ,D
15:00:00,UNVR,RG,4850,10,D,YP,AZ,D
15:00:00,UNVR,RG,4850,20,D,YP,AZ,D
15:00:00,UNVR,RG,4850,2,D,KK,AZ,D
15:00:00,UNVR,RG,4850,5,D,XC,AZ,D
15:00:00,UNVR,RG,4850,200,D,AZ,AZ,D
15:00:00,UNVR,RG,4850,10,D,YU,AZ,D
15:00:00,UNVR,RG,4850,1,D,PD,AZ,D
15:00:00,UNVR,RG,4850,639,D,OD,AZ,D
15:00:00,UNVR,RG,4850,10,D,OD,GI,D
15:00:00,UNVR,RG,4850,315,D,OD,YU,D
15:00:00,UNVR,RG,4850,5,D,OD,GI,D
15:00:00,UNVR,RG,4850,1093,D,OD,YU,F
15:00:00,UNVR,RG,4850,50,D,YP,YU,F
15:00:00,UNVR,RG,4850,5,D,CC,YU,F
15:00:00,UNVR,RG,4850,1,D,EP,YU,F
15:00:00,UNVR,RG,4850,80,D,IF,YU,F
15:00:00,UNVR,RG,4850,1,D,CC,YU,F
15:00:00,UNVR,RG,4850,1,D,NI,YU,F
15:00:00,UNVR,RG,4850,2,D,CC,YU,F
15:00:00,UNVR,RG,4850,10,D,CC,YU,F
15:00:00,UNVR,RG,4850,1,D,NI,YU,F
15:00:00,UNVR,RG,4850,1,D,MI,YU,F
15:00:00,UNVR,RG,4850,1,D,XC,YU,F
15:00:00,UNVR,RG,4850,5,D,XC,YU,F
15:00:00,UNVR,RG,4850,1,D,XC,YU,F
15:00:00,UNVR,RG,4850,6,D,KK,YU,F
15:00:00,UNVR,RG,4850,1,D,XC,YU,F
15:00:00,UNVR,RG,4850,1481,F,CS,YU,F
15:00:00,UNVR,RG,4850,2281,F,CS,YU,F
15:00:00,UNVR,RG,4850,979,F,CS,YU,F
15:00:00,UNVR,RG,4850,500,F,CS,MK,D
15:00:00,UNVR,RG,4850,10,F,CS,KK,D
15:00:00,UNVR,RG,4850,3,F,CS,DR,D
15:00:00,UNVR,RG,4850,18,F,CS,ZP,F
15:00:00,UNVR,RG,4850,3,F,CS,CC,D
15:00:00,UNVR,RG,4850,768,F,CS,DX,D
15:00:00,UNVR,RG,4850,3,D,XC,DX,D
15:00:00,UNVR,RG,4850,3,D,CC,DX,D
15:00:00,UNVR,RG,4850,2,D,LG,DX,D
15:00:00,UNVR,RG,4850,1,D,SQ,DX,D
15:00:00,UNVR,RG,4850,1,D,PD,DX,D
15:00:00,UNVR,RG,4850,10,D,NI,DX,D
15:00:00,UNVR,RG,4850,3,D,KK,DX,D
15:00:00,UNVR,RG,4850,10,D,GR,DX,D
15:00:00,UNVR,RG,4850,2,D,PD,DX,D
15:00:00,UNVR,RG,4850,10,D,CC,DX,D
15:00:00,UNVR,RG,4850,10,D,PD,DX,D
15:00:00,UNVR,RG,4850,2,D,XC,DX,D
15:00:00,UNVR,RG,4850,100,D,GR,DX,D
15:00:00,UNVR,RG,4850,10,D,DR,DX,D
15:00:00,UNVR,RG,4850,2,D,PD,DX,D
15:00:00,UNVR,RG,4850,1,D,XC,DX,D
15:00:00,UNVR,RG,4850,1,D,PD,DX,D
15:00:00,UNVR,RG,4850,18,D,NI,DX,D
15:00:00,UNVR,RG,4850,1,D,AZ,DX,D
15:00:00,UNVR,RG,4850,10,D,CC,DX,D
15:00:00,UNVR,RG,4850,30,D,HP,DX,D
15:00:00,UNVR,RG,4850,2,D,YP,DX,D
15:00:00,UNVR,RG,4850,1,D,YP,DX,D
15:00:00,UNVR,RG,4850,50,D,GR,DX,D
15:00:00,UNVR,RG,4850,1,D,XC,DX,D
15:00:00,UNVR,RG,4850,4,D,OD,DX,D
15:00:00,UNVR,RG,4850,1,D,EP,DX,D
15:00:00,UNVR,RG,4850,2,D,SQ,DX,D
15:00:00,UNVR,RG,4850,1,D,PD,DX,D
15:00:00,UNVR,RG,4850,2,D,GR,DX,D
15:00:00,UNVR,RG,4850,1,D,NI,DX,D
15:00:00,UNVR,RG,4850,50,D,AR,DX,D
15:00:00,UNVR,RG,4850,1,D,PD,DX,D
15:00:00,UNVR,RG,4850,1,D,YP,DX,D
15:00:00,UNVR,RG,4850,19,D,EP,DX,D
15:00:00,UNVR,RG,4850,4,D,CC,DX,D
15:00:00,UNVR,RG,4850,1,D,DH,DX,D
15:00:00,UNVR,RG,4850,3,D,KK,DX,D
15:00:00,UNVR,RG,4850,10,D,KK,DX,D
15:00:00,UNVR,RG,4850,50,D,DH,DX,D
15:00:00,UNVR,RG,4850,100,D,LG,DX,D
15:00:00,UNVR,RG,4850,1,D,CC,DX,D
15:00:00,UNVR,RG,4850,37,D,YP,DX,D
15:00:00,UNVR,RG,4850,5,D,PC,DX,D
15:00:00,UNVR,RG,4850,10,D,HP,DX,D
15:00:00,UNVR,RG,4850,100,D,RO,DX,D
15:00:00,UNVR,RG,4850,9,D,XC,DX,D
15:00:00,UNVR,RG,4850,1,D,XC,DX,D
15:00:00,UNVR,RG,4850,2,D,DR,DX,D
15:00:00,UNVR,RG,4850,1,D,XC,DX,D
15:00:00,UNVR,RG,4850,1,D,DR,DX,D
15:00:00,UNVR,RG,4850,2,D,PD,DX,D
15:00:00,UNVR,RG,4850,50,D,DH,DX,D
15:00:00,UNVR,RG,4850,1,D,XC,DX,D
15:00:00,UNVR,RG,4850,2,D,KK,DX,D
15:00:00,UNVR,RG,4850,1,D,ZP,DX,D
15:00:00,UNVR,RG,4850,5,D,KK,DX,D
15:00:00,UNVR,RG,4850,2,D,YP,DX,D
15:00:00,UNVR,RG,4850,10,D,RO,DX,D
15:00:00,UNVR,RG,4850,1,D,YP,DX,D
15:00:00,UNVR,RG,4850,4,D,PD,DX,D
15:00:00,UNVR,RG,4850,153,D,FZ,DX,D
15:00:00,UNVR,RG,4850,243,D,FZ,DX,D
15:00:00,UNVR,RG,4850,80,D,FZ,KZ,D
15:00:00,UNVR,RG,4850,69,D,FZ,AK,D
15:00:00,UNVR,RG,4850,255,D,FZ,AK,F
15:00:00,UNVR,RG,4850,6,D,YP,AK,F
15:00:00,UNVR,RG,4850,9,D,YP,FS,F
15:00:00,UNVR,RG,4850,10,D,PD,FS,F
15:00:00,UNVR,RG,4850,2,D,PD,FS,F
15:00:00,UNVR,RG,4850,25,D,RO,FS,F
15:00:00,UNVR,RG,4850,23,D,KK,FS,F
15:00:00,UNVR,RG,4850,77,D,KK,DX,F
15:00:00,UNVR,RG,4850,1,D,YP,DX,F
15:00:00,UNVR,RG,4850,5,D,RO,DX,F
15:00:00,UNVR,RG,4850,10,D,PD,DX,F
15:00:00,UNVR,RG,4850,2,D,PD,DX,F
15:00:00,UNVR,RG,4850,3,D,XC,DX,F
15:00:00,UNVR,RG,4850,2,D,MG,DX,F
15:00:00,UNVR,RG,4850,10,D,DH,DX,F
15:00:00,UNVR,RG,4850,5,D,PC,DX,F
15:00:00,UNVR,RG,4850,2,D,DH,DX,F
15:00:00,UNVR,RG,4850,5,D,XC,DX,F
15:00:00,UNVR,RG,4850,7,D,YP,DX,F
15:00:00,UNVR,RG,4850,5,D,PC,DX,F
15:00:00,UNVR,RG,4850,2,D,AZ,DX,F
15:00:00,UNVR,RG,4850,11,D,PD,DX,F
15:00:00,UNVR,RG,4850,15,D,CC,DX,F
15:00:00,UNVR,RG,4850,1,D,YP,DX,F
15:00:00,UNVR,RG,4850,1,D,PD,DX,F
15:00:00,UNVR,RG,4850,5,D,AZ,DX,F
15:00:00,UNVR,RG,4850,2,D,CP,DX,F
15:00:00,UNVR,RG,4850,10,D,YP,DX,F
15:00:00,UNVR,RG,4850,1,D,XC,DX,F
15:00:00,UNVR,RG,4850,1,D,PD,DX,F
15:00:00,UNVR,RG,4850,1,D,PD,DX,F
15:00:00,UNVR,RG,4850,2,D,NI,DX,F
15:00:00,UNVR,RG,4850,50,D,DH,DX,F
15:00:00,UNVR,RG,4850,3,D,DH,DX,F
15:00:00,UNVR,RG,4850,1,D,PD,DX,F
15:00:00,UNVR,RG,4850,2,D,AT,DX,F
15:00:00,UNVR,RG,4850,30,D,NI,DX,F
15:00:00,UNVR,RG,4850,1,D,XC,DX,F
15:00:00,UNVR,RG,4850,19,D,PD,DX,F
15:00:00,UNVR,RG,4850,10,D,YP,DX,F
15:00:00,UNVR,RG,4850,20,D,DR,DX,F
15:00:00,UNVR,RG,4850,10,D,PD,DX,F
15:00:00,UNVR,RG,4850,3,D,CC,DX,F
15:00:00,UNVR,RG,4850,3,D,PD,DX,F
15:00:00,UNVR,RG,4850,1,D,YP,DX,F
15:00:00,UNVR,RG,4850,4,D,SQ,DX,F
15:00:00,UNVR,RG,4850,102,D,YP,DX,F
15:00:00,UNVR,RG,4850,50,D,YP,DX,F
15:00:00,UNVR,RG,4850,1,D,HP,DX,F
15:00:00,UNVR,RG,4850,1,D,PD,DX,F
15:00:00,UNVR,RG,4850,8,D,YP,DX,F
15:00:00,UNVR,RG,4850,2100,D,DH,DX,F
15:00:00,UNVR,RG,4850,1,D,PD,DX,F
15:00:00,UNVR,RG,4850,10,D,CC,DX,F
15:00:00,UNVR,RG,4850,6,D,XC,DX,F
15:00:00,UNVR,RG,4850,1,D,KK,DX,F
15:00:00,UNVR,RG,4850,8,D,DR,DX,F
15:00:00,UNVR,RG,4850,200,D,EP,DX,F
15:00:00,UNVR,RG,4850,4,D,YP,DX,F
15:00:00,UNVR,RG,4850,1,D,EP,DX,F
15:00:00,UNVR,RG,4850,5,D,YP,DX,F
15:00:00,UNVR,RG,4850,21,D,YP,DX,F
15:00:00,UNVR,RG,4850,7,F,AK,DX,F
15:00:00,UNVR,RG,4850,223,F,AK,DX,F
15:00:00,UNVR,RG,4850,460,F,AK,BK,F
15:00:00,UNVR,RG,4850,95,F,AK,BK,F
15:00:00,UNVR,RG,4850,892,F,AK,BK,F
15:00:00,UNVR,RG,4850,82,F,AK,BK,F
15:00:00,UNVR,RG,4850,5,D,YP,BK,F
15:00:00,UNVR,RG,4850,165,F,BK,BK,F
15:00:00,UNVR,RG,4850,16,D,ID,BK,F
15:00:00,UNVR,RG,4850,152,D,ID,KZ,D
15:00:00,UNVR,RG,4850,131,F,CS,KZ,D
15:00:00,UNVR,RG,4850,597,F,CS,KZ,D
15:00:00,UNVR,RG,4850,637,F,CS,KZ,D
15:00:00,UNVR,RG,4850,85,F,CS,KZ,D
15:00:00,UNVR,RG,4850,2,F,CS,ZP,F
15:00:00,UNVR,RG,4850,2,F,CS,ZP,F
15:00:00,UNVR,RG,4850,8,F,CS,ZP,F
15:00:00,UNVR,RG,4850,66,F,CS,DP,D
15:00:00,UNVR,RG,4850,1271,F,CS,ZP,F
15:00:00,UNVR,RG,4850,25,F,AK,ZP,F
15:00:00,UNVR,RG,4850,29,F,AK,ZP,F
15:00:00,UNVR,RG,4850,848,D,YU,ZP,F
15:00:00,UNVR,RG,4850,22,D,YU,YU,D
14:49:59,UNVR,RG,4860,2,F,AK,AZ,D
14:49:59,UNVR,RG,4860,1,F,AK,AZ,D
14:49:59,UNVR,RG,4860,1,F,AK,AZ,D
14:49:58,UNVR,RG,4860,2,F,AK,AZ,D
14:49:57,UNVR,RG,4850,1,D,IF,ZP,F
14:49:56,UNVR,RG,4860,5,F,BK,AZ,D
14:49:56,UNVR,RG,4860,1,D,KK,AZ,D
14:49:54,UNVR,RG,4860,22,F,AK,AZ,D
14:49:54,UNVR,RG,4860,10,F,AK,AZ,D
14:49:53,UNVR,RG,4860,8,F,AK,AZ,D
14:49:53,UNVR,RG,4850,1,D,IF,ZP,F
14:49:53,UNVR,RG,4860,1,D,NI,AZ,D
14:49:52,UNVR,RG,4860,7,F,BK,AZ,D
14:49:49,UNVR,RG,4860,161,D,PD,AZ,D
14:49:49,UNVR,RG,4860,19,D,PD,BQ,D
14:49:49,UNVR,RG,4860,2,D,PD,PD,D
14:49:49,UNVR,RG,4860,2,D,PD,XC,D
14:49:49,UNVR,RG,4860,5,D,PD,IF,D
14:49:49,UNVR,RG,4860,15,D,PD,CC,D
14:49:49,UNVR,RG,4860,15,D,PD,EP,D
14:49:49,UNVR,RG,4860,10,D,PD,PD,D
14:49:49,UNVR,RG,4860,20,D,PD,CC,D
14:49:49,UNVR,RG,4860,1,D,PD,PD,D
14:49:49,UNVR,RG,4860,20,D,PD,LG,D
14:49:49,UNVR,RG,4860,7,D,PD,GR,D
14:49:49,UNVR,RG,4860,123,D,PD,YP,D
14:49:46,UNVR,RG,4850,6,D,IF,XC,D
14:49:45,UNVR,RG,4860,10,D,PD,YP,D
14:49:44,UNVR,RG,4860,5,D,PD,YP,D
14:49:44,UNVR,RG,4860,5,F,BK,YP,D
14:49:42,UNVR,RG,4850,1,D,IF,ZP,F
14:49:41,UNVR,RG,4850,4,D,IF,AI,D
14:49:40,UNVR,RG,4860,7,F,BK,YP,D
14:49:39,UNVR,RG,4850,1,D,IF,ZP,F
14:49:38,UNVR,RG,4850,106,D,IF,AK,D
14:49:38,UNVR,RG,4850,10,D,AG,AK,D
14:49:38,UNVR,RG,4850,235,D,YJ,AK,D
14:49:38,UNVR,RG,4850,265,D,YJ,AK,D
14:49:38,UNVR,RG,4850,194,D,YJ,AK,D
14:49:35,UNVR,RG,4860,1,D,PD,YP,D
14:49:35,UNVR,RG,4850,5,D,YJ,LG,D
14:49:30,UNVR,RG,4850,10,D,YJ,CC,D
14:49:30,UNVR,RG,4850,3,D,YJ,BK,F
14:49:30,UNVR,RG,4850,5,D,YJ,BK,F
14:49:30,UNVR,RG,4850,2,D,YJ,BK,F
14:49:30,UNVR,RG,4860,3,F,AK,YP,D
14:49:30,UNVR,RG,4860,2,F,AK,DR,D
14:49:29,UNVR,RG,4850,4,D,YJ,ZP,F
14:49:29,UNVR,RG,4860,11,F,AK,DR,D
14:49:29,UNVR,RG,4860,1,F,AK,PC,D
14:49:29,UNVR,RG,4860,3,F,AK,AT,D
14:49:29,UNVR,RG,4860,1,F,AK,ZP,F
14:49:29,UNVR,RG,4860,20,F,AK,PD,D
14:49:29,UNVR,RG,4860,15,F,AK,BK,F
14:49:29,UNVR,RG,4860,106,F,AK,YP,D
14:49:29,UNVR,RG,4860,54,F,AK,YP,D
14:49:29,UNVR,RG,4860,31,F,AK,YP,D
14:49:28,UNVR,RG,4860,1,F,AK,YP,D
14:49:27,UNVR,RG,4850,25,D,YJ,OD,D
14:49:27,UNVR,RG,4860,1,D,AT,YP,D
14:49:26,UNVR,RG,4850,14,D,YJ,BK,F
14:49:24,UNVR,RG,4860,5,D,CC,YP,D
14:49:23,UNVR,RG,4850,1,D,YJ,ZP,F
14:49:23,UNVR,RG,4850,1,D,YJ,ZP,F
14:49:22,UNVR,RG,4850,20,D,YJ,BQ,D
14:49:18,UNVR,RG,4860,1,D,XC,YP,D
14:49:17,UNVR,RG,4850,16,D,YJ,BK,F
14:49:17,UNVR,RG,4860,1,D,YP,YP,D
14:49:17,UNVR,RG,4860,3,D,XC,YP,D
14:49:15,UNVR,RG,4860,3,F,AK,YP,D
14:49:15,UNVR,RG,4860,1,F,AK,YP,D
14:49:15,UNVR,RG,4860,2,D,AT,YP,D
14:49:12,UNVR,RG,4850,3,D,YJ,AT,D
14:49:12,UNVR,RG,4860,1,D,YP,YP,D
14:49:09,UNVR,RG,4860,16,D,XL,YP,D
14:49:07,UNVR,RG,4860,30,D,DR,YP,D
14:49:06,UNVR,RG,4850,14,D,YJ,BK,F
14:49:06,UNVR,RG,4850,6,D,YJ,PD,D
14:49:04,UNVR,RG,4860,2,D,NI,YP,D
14:49:02,UNVR,RG,4850,15,D,YJ,BK,F
14:49:02,UNVR,RG,4860,10,D,KK,YP,D
14:49:01,UNVR,RG,4850,21,D,YJ,BK,F
14:49:01,UNVR,RG,4850,43,D,YJ,BK,F
14:49:00,UNVR,RG,4850,4,D,YJ,PD,D
14:49:00,UNVR,RG,4860,2,F,AK,YP,D
14:49:00,UNVR,RG,4850,27,D,YJ,AK,D
14:49:00,UNVR,RG,4850,15,D,YJ,AK,D
14:49:00,UNVR,RG,4860,1,F,AK,YP,D
14:48:59,UNVR,RG,4850,16,D,YJ,AK,D
14:48:58,UNVR,RG,4860,1,D,YP,YP,D
14:48:57,UNVR,RG,4860,5,D,PD,YP,D
14:48:55,UNVR,RG,4860,26,D,NI,YP,D
14:48:52,UNVR,RG,4850,15,D,YJ,BK,F
14:48:52,UNVR,RG,4850,1,D,YJ,ZP,F
14:48:52,UNVR,RG,4850,2,D,YJ,ZP,F
14:48:49,UNVR,RG,4860,30,D,YP,YP,D
14:48:48,UNVR,RG,4860,20,D,CC,YP,D
14:48:47,UNVR,RG,4860,1,D,EP,YP,D
14:48:47,UNVR,RG,4860,5,D,CC,YP,D
14:48:46,UNVR,RG,4860,5,D,YP,YP,D
14:48:44,UNVR,RG,4860,150,D,SQ,YP,D
14:48:44,UNVR,RG,4860,269,F,AK,YP,D
14:48:35,UNVR,RG,4860,80,D,PD,YP,D
14:48:32,UNVR,RG,4860,1,D,XC,YP,D
14:48:31,UNVR,RG,4860,1,D,YP,YP,D
14:48:30,UNVR,RG,4860,135,D,KK,YP,D
14:48:30,UNVR,RG,4860,165,D,KK,AZ,D
14:48:29,UNVR,RG,4860,94,F,AK,AZ,D
14:48:27,UNVR,RG,4860,41,D,CP,AZ,D
14:48:27,UNVR,RG,4860,17,D,CP,BK,F
14:48:27,UNVR,RG,4860,2,D,CP,XC,D
14:48:27,UNVR,RG,4860,500,D,CP,GR,D
14:48:27,UNVR,RG,4860,100,D,CP,YP,D
14:48:27,UNVR,RG,4860,90,D,CP,CC,D
14:48:27,UNVR,RG,4860,100,D,CP,GR,D
14:48:27,UNVR,RG,4860,5,D,CP,GR,D
14:48:27,UNVR,RG,4860,5,D,CP,KK,D
14:48:27,UNVR,RG,4860,12,D,CP,DR,D
14:48:27,UNVR,RG,4860,3,D,CP,AT,D
14:48:27,UNVR,RG,4860,50,D,CP,CC,D
14:48:27,UNVR,RG,4860,3,D,CP,XC,D
14:48:27,UNVR,RG,4860,10,D,CP,YP,D
14:48:27,UNVR,RG,4860,9,D,CP,EP,D
14:48:27,UNVR,RG,4860,53,D,CP,YP,D
14:48:23,UNVR,RG,4860,5,D,DX,YP,D
14:48:19,UNVR,RG,4860,2,D,KK,YP,D
14:48:16,UNVR,RG,4850,26,D,YJ,PD,D
14:48:09,UNVR,RG,4860,16,D,HD,YP,D
14:48:09,UNVR,RG,4860,3,D,YP,YP,D
14:48:08,UNVR,RG,4850,1,D,YJ,PD,D
14:48:06,UNVR,RG,4860,27,D,CC,YP,D
14:48:06,UNVR,RG,4860,10,D,CC,SQ,D
14:48:06,UNVR,RG,4860,1,D,CC,PD,D
14:48:06,UNVR,RG,4860,62,D,CC,SQ,D
14:48:06,UNVR,RG,4860,2,D,YP,SQ,D
14:48:05,UNVR,RG,4860,1,D,YP,SQ,D
14:48:03,UNVR,RG,4860,3,D,NI,SQ,D
14:48:02,UNVR,RG,4860,2,D,CC,SQ,D
14:48:02,UNVR,RG,4850,10,D,YJ,ZP,F
14:48:02,UNVR,RG,4850,17,D,YJ,ZP,F
14:48:01,UNVR,RG,4860,1,D,YP,SQ,D
14:48:00,UNVR,RG,4850,4,D,YJ,PD,D
14:47:57,UNVR,RG,4860,1,D,YP,SQ,D
14:47:55,UNVR,RG,4860,3,D,NI,SQ,D
14:47:49,UNVR,RG,4850,10,D,YJ,DH,D
14:47:47,UNVR,RG,4850,6,D,YJ,DR,D
14:47:47,UNVR,RG,4850,18,D,YJ,AZ,D
14:47:45,UNVR,RG,4860,25,D,YP,SQ,D
14:47:45,UNVR,RG,4850,50,D,YJ,PD,D
14:47:43,UNVR,RG,4860,1,D,IF,XC,D
14:47:32,UNVR,RG,4850,3,D,YJ,DR,D
14:47:31,UNVR,RG,4850,1,D,YJ,PD,D
14:47:30,UNVR,RG,4850,5,D,YJ,DR,D
14:47:30,UNVR,RG,4850,11,D,YJ,NI,D
14:47:29,UNVR,RG,4850,100,D,YJ,CC,D
14:47:19,UNVR,RG,4850,10,D,YJ,NI,D
14:47:17,UNVR,RG,4850,244,D,YJ,CC,D
14:47:17,UNVR,RG,4860,3,D,XC,XC,D
14:47:17,UNVR,RG,4860,5,D,XC,PD,D
14:47:17,UNVR,RG,4860,1,D,XC,PD,D
14:47:15,UNVR,RG,4860,1,D,XC,PD,D
14:47:13,UNVR,RG,4850,1,D,YJ,NI,D
14:47:12,UNVR,RG,4860,2,D,YP,PD,D
14:47:12,UNVR,RG,4860,25,D,YP,YB,D
14:47:12,UNVR,RG,4860,8,D,YP,YP,D
14:47:10,UNVR,RG,4860,1,D,YP,YP,D
14:47:09,UNVR,RG,4860,16,F,BK,YP,D
14:47:09,UNVR,RG,4860,6,F,BK,YP,D
14:47:06,UNVR,RG,4860,10,D,BQ,YP,D
14:47:05,UNVR,RG,4860,9,F,BK,YP,D
14:47:05,UNVR,RG,4860,1,F,BK,CC,D
14:47:05,UNVR,RG,4860,11,F,BK,YP,D
14:47:01,UNVR,RG,4860,14,F,BK,YP,D
14:47:01,UNVR,RG,4860,2,F,BK,CP,D
14:47:01,UNVR,RG,4860,1,F,BK,NI,D
14:47:01,UNVR,RG,4860,2,F,BK,NI,D
14:47:01,UNVR,RG,4860,6,F,BK,XC,D
14:47:01,UNVR,RG,4860,1,F,BK,EP,D
14:47:01,UNVR,RG,4860,3,F,BK,KK,D
14:47:01,UNVR,RG,4860,3,F,BK,XC,D
14:47:01,UNVR,RG,4860,62,F,BK,YP,D
14:47:01,UNVR,RG,4860,10,F,BK,LG,D
14:47:01,UNVR,RG,4860,1,F,BK,XC,D
14:47:01,UNVR,RG,4860,1,F,BK,YP,D
14:47:01,UNVR,RG,4860,17,F,BK,TP,D
14:46:59,UNVR,RG,4860,33,F,BK,TP,D
14:46:59,UNVR,RG,4860,50,F,BK,YP,D
14:46:59,UNVR,RG,4860,5,F,BK,OD,D
14:46:59,UNVR,RG,4860,9,F,BK,CC,D
14:46:59,UNVR,RG,4860,1,F,BK,YP,D
14:46:59,UNVR,RG,4860,1,F,BK,DR,D
14:46:59,UNVR,RG,4860,3,F,BK,AT,D
14:46:59,UNVR,RG,4860,100,F,BK,CC,D
14:46:59,UNVR,RG,4860,3,F,BK,GR,D
14:46:59,UNVR,RG,4860,100,F,BK,DH,D
14:46:59,UNVR,RG,4860,3,F,BK,PD,D
14:46:59,UNVR,RG,4860,2,F,BK,NI,D
14:46:59,UNVR,RG,4860,1,F,BK,CC,D
14:46:59,UNVR,RG,4860,10,F,BK,YP,D
14:46:59,UNVR,RG,4860,5,F,BK,PD,D
14:46:59,UNVR,RG,4860,35,F,BK,AI,D
14:46:59,UNVR,RG,4860,25,F,BK,YP,D
14:46:59,UNVR,RG,4860,10,F,BK,YP,D
14:46:59,UNVR,RG,4860,20,F,BK,AZ,D
14:46:59,UNVR,RG,4860,135,F,BK,AK,D
14:46:59,UNVR,RG,4860,8,F,BK,IF,D
14:46:59,UNVR,RG,4860,25,F,BK,KK,D
14:46:59,UNVR,RG,4860,10,F,BK,NI,D
14:46:59,UNVR,RG,4860,1,F,BK,CC,D
14:46:59,UNVR,RG,4860,25,F,BK,AI,D
14:46:59,UNVR,RG,4860,5,F,BK,CC,D
14:46:56,UNVR,RG,4850,20,F,BK,BQ,D
14:46:56,UNVR,RG,4850,27,F,BK,ZP,F
14:46:56,UNVR,RG,4850,4,F,BK,DH,D
14:46:56,UNVR,RG,4850,1,F,BK,KK,D
14:46:56,UNVR,RG,4850,30,F,BK,YP,D
14:46:56,UNVR,RG,4850,1,F,BK,PD,D
14:46:56,UNVR,RG,4850,1,F,BK,LS,D
14:46:56,UNVR,RG,4850,20,F,BK,KK,D
14:46:56,UNVR,RG,4850,36,F,BK,BK,F
14:46:56,UNVR,RG,4850,118,F,BK,BK,F
14:46:56,UNVR,RG,4850,22,F,BK,PD,D
14:46:56,UNVR,RG,4850,1,F,BK,XC,D
14:46:56,UNVR,RG,4850,15,F,BK,XC,D
14:46:56,UNVR,RG,4850,24,F,BK,BK,F
14:46:56,UNVR,RG,4850,5,F,BK,PD,D
14:46:56,UNVR,RG,4850,2,F,BK,ZP,F
14:46:56,UNVR,RG,4850,1,F,BK,ZP,F
14:46:56,UNVR,RG,4850,16,F,BK,ZP,F
14:46:56,UNVR,RG,4850,1,F,BK,ZP,F
14:46:56,UNVR,RG,4850,14,F,BK,BK,F
14:46:56,UNVR,RG,4850,209,F,BK,BK,F
14:46:56,UNVR,RG,4850,2,F,BK,ZP,F
14:46:56,UNVR,RG,4850,1,F,BK,YP,D
14:46:56,UNVR,RG,4850,15,F,BK,BK,F
14:46:56,UNVR,RG,4850,200,F,BK,SQ,D
14:46:56,UNVR,RG,4850,150,F,BK,CC,D
14:46:56,UNVR,RG,4850,2,F,BK,ZP,F
14:46:56,UNVR,RG,4850,10,F,BK,CC,D
14:46:56,UNVR,RG,4850,58,F,BK,BQ,D
14:46:56,UNVR,RG,4850,1,F,BK,PD,D
14:46:56,UNVR,RG,4850,50,F,BK,RF,D
14:46:56,UNVR,RG,4850,50,F,BK,SQ,D
14:46:56,UNVR,RG,4850,20,F,BK,ZP,F
14:46:56,UNVR,RG,4850,2,F,BK,ZP,F
14:46:56,UNVR,RG,4850,1,F,BK,ZP,F
14:46:56,UNVR,RG,4850,20,F,BK,YP,D
14:46:56,UNVR,RG,4850,606,F,BK,DX,F
14:46:55,UNVR,RG,4850,46,D,MG,DX,F
14:46:55,UNVR,RG,4850,2,D,MG,ZP,F
14:46:55,UNVR,RG,4850,2,D,MG,ZP,F
14:46:55,UNVR,RG,4850,1,D,MG,ZP,F
14:46:55,UNVR,RG,4850,185,D,MG,CC,D
14:46:55,UNVR,RG,4850,1,D,MG,ZP,F
14:46:55,UNVR,RG,4850,16,D,MG,CS,D
14:46:55,UNVR,RG,4850,45,D,MG,AK,D
14:46:55,UNVR,RG,4850,5,D,MG,KK,D
14:46:55,UNVR,RG,4850,665,D,MG,AK,D
14:46:55,UNVR,RG,4850,32,D,MG,AK,D
14:46:54,UNVR,RG,4850,4,D,XC,AK,D
14:46:53,UNVR,RG,4840,1,F,BK,ZP,F
14:46:52,UNVR,RG,4850,970,D,LG,AK,D
14:46:52,UNVR,RG,4850,84,D,LG,AK,D
14:46:52,UNVR,RG,4850,10,D,LG,PD,D
14:46:52,UNVR,RG,4850,211,D,LG,DX,F
14:46:51,UNVR,RG,4840,15,F,BK,BK,F
14:46:45,UNVR,RG,4840,5,F,BK,YP,D
14:46:45,UNVR,RG,4840,97,F,BK,AK,D
14:46:45,UNVR,RG,4840,5,D,PD,AK,D
14:46:45,UNVR,RG,4840,3,D,YP,AK,D
14:46:45,UNVR,RG,4840,2,D,PD,AK,D
14:46:45,UNVR,RG,4840,1,D,YP,AK,D
14:46:45,UNVR,RG,4840,129,D,KK,AK,D
14:46:43,UNVR,RG,4840,14,D,KK,BK,F
14:46:42,UNVR,RG,4840,6,D,KK,DH,D
14:46:38,UNVR,RG,4840,3,D,KK,YP,D
14:46:37,UNVR,RG,4840,3,D,KK,BK,F
14:46:37,UNVR,RG,4840,1,D,PD,BK,F
14:46:37,UNVR,RG,4840,1,D,XC,BK,F
14:46:37,UNVR,RG,4840,10,D,YP,BK,F
14:46:32,UNVR,RG,4850,29,F,BK,DX,F
14:46:31,UNVR,RG,4840,4,F,CC,BK,F
14:46:31,UNVR,RG,4840,10,D,CC,BK,F
14:46:29,UNVR,RG,4850,24,F,BK,DX,F
14:46:28,UNVR,RG,4850,10,D,XC,DX,F
14:46:27,UNVR,RG,4850,25,D,NI,DX,F
14:46:23,UNVR,RG,4850,51,F,BK,DX,F
14:46:23,UNVR,RG,4850,10,D,NI,DX,F
14:46:21,UNVR,RG,4850,2070,D,OD,DX,F
14:46:19,UNVR,RG,4840,16,D,CS,BK,F
14:46:15,UNVR,RG,4840,28,D,CS,AK,D
14:46:15,UNVR,RG,4840,1,D,LG,AK,D
14:46:15,UNVR,RG,4840,9,F,AK,AK,D
14:46:15,UNVR,RG,4840,1,D,XC,AK,D
14:46:15,UNVR,RG,4840,16,D,YP,AK,D
14:46:12,UNVR,RG,4840,7,D,YP,BK,F
14:46:12,UNVR,RG,4840,9,D,XC,BK,F
14:45:59,UNVR,RG,4840,2,D,XC,XC,D
14:45:56,UNVR,RG,4840,9,D,XC,NI,D
14:45:56,UNVR,RG,4840,10,D,YP,NI,D
14:45:56,UNVR,RG,4840,2,D,PD,NI,D
14:45:56,UNVR,RG,4840,1,D,YP,NI,D
14:45:56,UNVR,RG,4840,2,D,CC,NI,D
14:45:56,UNVR,RG,4840,3,D,KK,NI,D
14:45:56,UNVR,RG,4840,1,D,XC,NI,D
14:45:56,UNVR,RG,4840,72,D,DX,NI,D
14:45:56,UNVR,RG,4840,100,D,DX,XC,D
14:45:55,UNVR,RG,4850,2,D,XC,DX,F
14:45:54,UNVR,RG,4850,40,D,YP,DX,F
14:45:51,UNVR,RG,4840,15,D,DX,DR,D
14:45:49,UNVR,RG,4840,34,D,DX,LG,D
14:45:45,UNVR,RG,4840,10,D,DX,YP,D
14:45:41,UNVR,RG,4840,26,D,DX,PD,D
14:45:34,UNVR,RG,4850,37,D,XC,DX,F
14:45:27,UNVR,RG,4850,1,D,XC,DX,F
14:45:22,UNVR,RG,4840,1,D,DX,ZP,F
14:45:22,UNVR,RG,4840,1,D,DX,ZP,F
14:45:21,UNVR,RG,4840,41,D,DX,AK,D
14:45:21,UNVR,RG,4840,1,D,XC,AK,D
14:45:21,UNVR,RG,4840,1,D,PD,AK,D
14:45:21,UNVR,RG,4840,586,F,BK,AK,D
14:45:21,UNVR,RG,4840,7,D,CS,AK,D
14:45:21,UNVR,RG,4840,51,D,CS,AK,D
14:45:21,UNVR,RG,4840,1,D,CC,AK,D
14:45:21,UNVR,RG,4840,312,D,OD,AK,D
14:45:20,UNVR,RG,4850,2,D,CP,DX,F
14:45:17,UNVR,RG,4850,10,D,NI,DX,F
14:45:13,UNVR,RG,4850,1,D,PD,DX,F
14:45:11,UNVR,RG,4850,24,F,BK,DX,F
14:45:08,UNVR,RG,4850,33,F,BK,DX,F
14:45:06,UNVR,RG,4850,171,F,BK,DX,F
14:45:05,UNVR,RG,4840,1000,D,OD,AK,D
14:45:00,UNVR,RG,4850,50,D,NI,DX,F
14:44:58,UNVR,RG,4840,5,D,OD,EP,D
14:44:56,UNVR,RG,4840,3,D,OD,OD,D
14:44:56,UNVR,RG,4840,1,D,OD,OD,D
14:44:54,UNVR,RG,4840,25,D,OD,DX,F
14:44:52,UNVR,RG,4840,20,D,OD,YP,D
14:44:48,UNVR,RG,4840,12,D,OD,YP,D
14:44:45,UNVR,RG,4840,9,D,OD,OD,D
14:44:43,UNVR,RG,4840,100,D,OD,EP,D
14:44:41,UNVR,RG,4840,4,D,OD,OD,D
14:44:36,UNVR,RG,4840,16,D,OD,DR,D
14:44:34,UNVR,RG,4850,5,D,CS,DX,F
14:44:33,UNVR,RG,4850,1200,D,IF,DX,F
14:44:32,UNVR,RG,4840,3,D,OD,CC,D
14:44:29,UNVR,RG,4850,5,D,CC,DX,F
14:44:28,UNVR,RG,4850,1,D,YP,DX,F
14:44:27,UNVR,RG,4840,1,D,OD,AZ,D
14:44:26,UNVR,RG,4840,26,D,OD,LG,D
14:44:26,UNVR,RG,4840,98,D,OD,LG,D
14:44:24,UNVR,RG,4850,1,D,XC,DX,F
14:44:18,UNVR,RG,4850,1,D,CC,DX,F
14:44:11,UNVR,RG,4850,8,D,YP,DX,F
14:44:06,UNVR,RG,4850,2,D,XC,DX,F
14:44:04,UNVR,RG,4840,5,D,OD,YP,D
14:44:00,UNVR,RG,4850,30,D,NI,DX,F
14:43:53,UNVR,RG,4840,426,D,OD,AI,D
14:43:53,UNVR,RG,4840,3,F,CS,AI,D
14:43:53,UNVR,RG,4840,1,D,CC,AI,D
14:43:53,UNVR,RG,4840,50,D,OD,AI,D
14:43:53,UNVR,RG,4840,5,D,PD,AI,D
14:43:53,UNVR,RG,4840,1,D,PD,AI,D
14:43:53,UNVR,RG,4840,1,D,YP,AI,D
14:43:53,UNVR,RG,4840,3,D,GR,AI,D
14:43:53,UNVR,RG,4840,5,D,CC,AI,D
14:43:53,UNVR,RG,4840,1,D,DX,AI,D
14:43:53,UNVR,RG,4840,7,D,PD,AI,D
14:43:53,UNVR,RG,4840,144,D,CS,AI,D
14:43:53,UNVR,RG,4840,731,F,BK,AI,D
14:43:53,UNVR,RG,4840,1,D,YP,AI,D
14:43:53,UNVR,RG,4840,1,D,KK,AI,D
14:43:53,UNVR,RG,4840,1,D,DX,AI,D
14:43:53,UNVR,RG,4840,1,D,XC,AI,D
14:43:53,UNVR,RG,4840,5,D,PD,AI,D
14:43:53,UNVR,RG,4840,1,D,PD,AI,D
14:43:53,UNVR,RG,4840,1,D,NI,AI,D
14:43:53,UNVR,RG,4840,255,F,CS,AI,D
14:43:53,UNVR,RG,4840,1,D,PD,AI,D
14:43:53,UNVR,RG,4840,1,D,XC,AI,D
14:43:53,UNVR,RG,4840,10,D,KK,AI,D
14:43:53,UNVR,RG,4840,1,D,CC,AI,D
14:43:53,UNVR,RG,4840,500,D,CC,AI,D
14:43:53,UNVR,RG,4840,7,D,AT,AI,D
14:43:53,UNVR,RG,4840,450,D,LG,AI,D
14:43:53,UNVR,RG,4840,560,F,BK,AI,D
14:43:53,UNVR,RG,4840,1,D,NI,AI,D
14:43:53,UNVR,RG,4840,1825,D,CC,AI,D
14:43:44,UNVR,RG,4840,9,D,CC,OD,D
14:43:43,UNVR,RG,4840,5,D,CC,OD,D
14:43:40,UNVR,RG,4850,5,D,CC,DX,F
14:43:37,UNVR,RG,4850,5,D,CC,DX,F
14:43:33,UNVR,RG,4850,2,D,CC,DX,F
14:43:31,UNVR,RG,4850,1,D,PD,DX,F
14:43:28,UNVR,RG,4850,5,D,PD,DX,F
14:43:28,UNVR,RG,4850,20,D,NI,DX,F
14:43:23,UNVR,RG,4840,2,D,CC,DH,D
14:43:20,UNVR,RG,4850,1,D,XC,DX,F
14:43:20,UNVR,RG,4850,10,D,CC,DX,F
14:43:15,UNVR,RG,4850,10,D,SQ,DX,F
14:43:14,UNVR,RG,4850,27,F,BK,DX,F
14:43:11,UNVR,RG,4850,1,D,CC,DX,F
14:43:11,UNVR,RG,4840,5,D,CC,PD,D
14:43:11,UNVR,RG,4850,1,D,PD,DX,F
14:43:10,UNVR,RG,4850,22,F,BK,DX,F
14:43:09,UNVR,RG,4850,100,D,DX,DX,F
14:43:07,UNVR,RG,4850,1,D,XC,DX,F
14:43:07,UNVR,RG,4850,10,D,ZP,DX,F
14:42:59,UNVR,RG,4850,5,D,NI,DX,F
14:42:50,UNVR,RG,4850,1,D,XC,DX,F
14:42:50,UNVR,RG,4850,20,D,NI,DX,F
14:42:48,UNVR,RG,4850,3,D,XC,DX,F
14:42:45,UNVR,RG,4850,17,F,BK,DX,F
14:42:40,UNVR,RG,4850,38,F,BK,DX,F
14:42:38,UNVR,RG,4840,1,D,CC,DR,D
14:42:38,UNVR,RG,4850,4,D,XC,DX,F
14:42:37,UNVR,RG,4850,183,F,BK,DX,F
14:42:37,UNVR,RG,4850,10,D,GR,DX,F
14:42:32,UNVR,RG,4850,423,F,BK,DX,F
14:42:32,UNVR,RG,4850,11,F,BK,DR,D
14:42:32,UNVR,RG,4850,6,F,BK,CS,D
14:42:32,UNVR,RG,4850,42,F,BK,CS,D
14:42:32,UNVR,RG,4850,18,F,BK,CS,D
14:42:32,UNVR,RG,4850,22,F,BK,CS,D
14:42:32,UNVR,RG,4850,90,F,BK,YP,D
14:42:32,UNVR,RG,4850,47,F,BK,CC,D
14:42:32,UNVR,RG,4850,20,F,BK,EP,D
14:42:32,UNVR,RG,4850,273,F,BK,CC,D
14:42:31,UNVR,RG,4840,28,D,CC,DH,D
14:42:31,UNVR,RG,4850,139,D,IF,CC,D
14:42:31,UNVR,RG,4850,100,D,IF,YU,D
14:42:31,UNVR,RG,4850,5,D,IF,ZP,F
14:42:31,UNVR,RG,4850,3,D,IF,ZP,F
14:42:31,UNVR,RG,4850,22,D,IF,DX,F
14:42:31,UNVR,RG,4850,7,D,IF,OD,D
14:42:31,UNVR,RG,4850,4,D,IF,OD,D
14:42:31,UNVR,RG,4850,3,D,IF,DR,F
14:42:31,UNVR,RG,4850,50,D,IF,YP,D
14:42:31,UNVR,RG,4850,10,D,IF,YP,D
14:42:31,UNVR,RG,4850,105,D,IF,YP,D
14:42:31,UNVR,RG,4850,5,D,IF,GR,D
14:42:31,UNVR,RG,4850,4,D,IF,PD,D
14:42:31,UNVR,RG,4850,1,D,IF,PD,D
14:42:31,UNVR,RG,4850,5,D,IF,ZP,F
14:42:31,UNVR,RG,4850,2,D,IF,DH,D
14:42:31,UNVR,RG,4850,250,D,IF,YU,D
14:42:31,UNVR,RG,4850,10,D,IF,OD,D
14:42:31,UNVR,RG,4850,36,D,IF,CS,D
14:42:31,UNVR,RG,4850,4,D,IF,CS,D
14:42:31,UNVR,RG,4850,7,D,IF,CS,D
14:42:31,UNVR,RG,4850,15,D,IF,CS,D
14:42:31,UNVR,RG,4850,25,D,IF,YB,D
14:42:31,UNVR,RG,4850,104,D,IF,PD,D
14:42:31,UNVR,RG,4850,5,D,IF,ZP,F
14:42:31,UNVR,RG,4850,35,D,IF,YU,D
14:42:31,UNVR,RG,4850,3,D,IF,ZP,F
14:42:31,UNVR,RG,4850,2,D,IF,ZP,F
14:42:31,UNVR,RG,4850,24,D,IF,ZP,F
14:42:31,UNVR,RG,4850,6,D,IF,ZP,F
14:42:31,UNVR,RG,4850,1,D,IF,ZP,F
14:42:31,UNVR,RG,4850,35,D,IF,CS,D
14:42:31,UNVR,RG,4850,20,D,IF,CS,D
14:42:31,UNVR,RG,4850,5,D,IF,YP,D
14:42:31,UNVR,RG,4850,1,D,IF,XC,D
14:42:31,UNVR,RG,4850,11,D,IF,CS,D
14:42:31,UNVR,RG,4850,13,D,IF,CS,D
14:42:31,UNVR,RG,4850,15,D,IF,CC,D
14:42:31,UNVR,RG,4850,6,D,IF,XC,D
14:42:31,UNVR,RG,4850,1,D,IF,CC,D
14:42:31,UNVR,RG,4850,1,D,IF,XC,D
14:42:31,UNVR,RG,4850,10,D,IF,EP,D
14:42:31,UNVR,RG,4850,30,D,IF,NI,D
14:42:31,UNVR,RG,4850,10,D,IF,PD,D
14:42:31,UNVR,RG,4850,52,D,IF,AK,D
14:42:31,UNVR,RG,4850,4,D,IF,NI,D
14:42:31,UNVR,RG,4850,111,D,IF,BK,F
14:42:31,UNVR,RG,4850,66,D,IF,BK,F
14:42:31,UNVR,RG,4850,47,D,IF,AK,D
14:42:31,UNVR,RG,4850,58,D,IF,AK,D
14:42:31,UNVR,RG,4850,20,D,IF,BK,F
14:42:31,UNVR,RG,4850,200,D,IF,YP,D
14:42:31,UNVR,RG,4850,1,D,IF,ZP,F
14:42:31,UNVR,RG,4850,804,D,IF,DX,F
14:42:31,UNVR,RG,4850,92,D,IF,NI,D
14:42:31,UNVR,RG,4850,30,D,IF,BQ,D
14:42:31,UNVR,RG,4850,500,D,IF,MK,D
14:42:31,UNVR,RG,4850,392,D,IF,BK,F
14:42:31,UNVR,RG,4850,50,D,IF,BQ,D
14:42:31,UNVR,RG,4850,173,D,IF,BK,F
14:42:31,UNVR,RG,4850,5,D,IF,NI,D
14:42:31,UNVR,RG,4850,93,D,IF,BK,F
14:42:31,UNVR,RG,4850,22,D,IF,ZP,F
14:42:31,UNVR,RG,4850,10,D,IF,ZP,F
14:42:31,UNVR,RG,4850,69,D,IF,DR,D
14:42:31,UNVR,RG,4850,8,D,IF,ZP,F
14:42:31,UNVR,RG,4850,34,D,IF,CS,D
14:42:31,UNVR,RG,4850,8,D,IF,CS,D
14:42:31,UNVR,RG,4850,16,D,IF,CS,D
14:42:31,UNVR,RG,4850,92,D,IF,ZP,F
14:42:31,UNVR,RG,4850,10,D,IF,CS,D
14:42:31,UNVR,RG,4850,11,D,IF,CS,D
14:42:31,UNVR,RG,4850,3,D,IF,CS,D
14:42:31,UNVR,RG,4850,23,D,IF,CS,D
14:42:31,UNVR,RG,4850,13,D,IF,XL,D
14:42:31,UNVR,RG,4850,833,D,IF,PG,D
14:42:29,UNVR,RG,4840,1,D,CC,ZP,F
14:42:28,UNVR,RG,4850,23,F,BK,PG,D
14:42:27,UNVR,RG,4840,14,D,CC,BK,F
14:42:24,UNVR,RG,4850,18,F,BK,PG,D
14:42:20,UNVR,RG,4840,3,D,CC,ZP,F
14:42:20,UNVR,RG,4840,150,D,CC,DX,F
14:42:19,UNVR,RG,4850,3,D,XC,PG,D
14:42:19,UNVR,RG,4840,21,D,CC,CC,D
14:42:17,UNVR,RG,4840,27,D,CC,BK,F
14:42:13,UNVR,RG,4840,15,D,CC,BK,F
14:42:11,UNVR,RG,4850,4,D,NI,PG,D
14:42:10,UNVR,RG,4850,1,D,NI,PG,D
14:42:07,UNVR,RG,4840,1,D,CC,YU,D
14:42:03,UNVR,RG,4840,16,D,CC,BK,F
14:42:02,UNVR,RG,4840,14,D,CC,BK,F
14:42:01,UNVR,RG,4840,1,D,CC,CC,D
14:42:00,UNVR,RG,4850,200,D,SF,PG,D
14:41:57,UNVR,RG,4840,1,D,CC,AZ,D
14:41:53,UNVR,RG,4840,15,D,CC,BK,F
14:41:50,UNVR,RG,4840,27,D,CC,BK,F
14:41:47,UNVR,RG,4840,2,D,CC,OD,D
14:41:47,UNVR,RG,4840,11,D,CC,OD,D
14:41:41,UNVR,RG,4850,30,D,NI,PG,D
14:41:41,UNVR,RG,4850,2,D,CC,PG,D
14:41:40,UNVR,RG,4850,2,D,PD,PG,D
14:41:38,UNVR,RG,4840,24,D,CC,BK,F
14:41:37,UNVR,RG,4840,16,D,CC,BK,F
14:41:37,UNVR,RG,4840,27,D,CC,DX,F
14:41:35,UNVR,RG,4850,1,D,XC,PG,D
14:41:33,UNVR,RG,4840,5,D,CC,YU,D
14:41:25,UNVR,RG,4850,5,D,OD,PG,D
14:41:25,UNVR,RG,4840,20,D,CC,YU,D
14:41:25,UNVR,RG,4840,1,D,CC,AG,D
14:41:24,UNVR,RG,4850,10,D,IF,PG,D
14:41:24,UNVR,RG,4840,24,D,CC,ZP,F
14:41:24,UNVR,RG,4840,30,D,CC,BK,F
14:41:23,UNVR,RG,4840,29,D,CC,FS,D
14:41:19,UNVR,RG,4850,10,D,PD,PG,D
14:41:15,UNVR,RG,4840,14,D,CC,BK,F
14:41:15,UNVR,RG,4850,70,D,IF,PG,D
14:41:13,UNVR,RG,4840,16,D,CC,BK,F
14:41:06,UNVR,RG,4850,3,D,PD,PG,D
14:41:02,UNVR,RG,4840,36,D,CC,BK,F
14:41:02,UNVR,RG,4840,3,D,CC,AT,D
14:41:00,UNVR,RG,4840,5,D,CC,YU,D
14:40:58,UNVR,RG,4840,2,D,CC,ZP,F
14:40:56,UNVR,RG,4840,50,D,CC,KK,D
14:40:53,UNVR,RG,4840,4,D,CC,BK,F
14:40:53,UNVR,RG,4840,3,F,CC,BK,F
14:40:53,UNVR,RG,4840,7,F,CS,BK,F
14:40:49,UNVR,RG,4840,4,F,CS,OD,D
14:40:47,UNVR,RG,4850,25,D,PD,PG,D
14:40:47,UNVR,RG,4840,8,F,CS,OD,D
14:40:42,UNVR,RG,4840,10,F,CS,CC,D
14:40:42,UNVR,RG,4840,38,F,CS,BK,F
14:40:41,UNVR,RG,4840,14,F,CS,BK,F
14:40:39,UNVR,RG,4840,10,F,CS,CC,D
14:40:35,UNVR,RG,4840,9,F,CS,XC,D
14:40:31,UNVR,RG,4840,10,F,CS,AZ,D
14:40:27,UNVR,RG,4840,16,F,CS,BK,F
14:40:26,UNVR,RG,4840,2,F,CS,ZP,F
14:40:25,UNVR,RG,4840,1,F,CS,YP,D
14:40:24,UNVR,RG,4840,20,F,CS,BK,F
14:40:24,UNVR,RG,4840,2,D,PD,BK,F
14:40:24,UNVR,RG,4840,2,D,PD,BK,F
14:40:24,UNVR,RG,4840,1,D,DH,BK,F
14:40:22,UNVR,RG,4840,4,D,DH,ZP,F
14:40:22,UNVR,RG,4840,2,D,PD,ZP,F
14:40:19,UNVR,RG,4840,1,D,PD,BK,F
14:40:19,UNVR,RG,4840,1,D,PD,BK,F
14:40:19,UNVR,RG,4840,5,D,NI,BK,F
14:40:19,UNVR,RG,4840,1,D,XC,BK,F
14:40:19,UNVR,RG,4840,9,D,CC,BK,F
14:40:19,UNVR,RG,4840,2,D,CC,ZP,F
14:40:18,UNVR,RG,4840,40,D,CC,YP,D
14:40:18,UNVR,RG,4840,50,D,NI,YP,D
14:40:18,UNVR,RG,4840,1,D,XC,YP,D
14:40:18,UNVR,RG,4840,1,D,YP,YP,D
14:40:18,UNVR,RG,4840,5,D,PD,YP,D
14:40:18,UNVR,RG,4840,203,F,BK,YP,D
14:40:15,UNVR,RG,4840,1,F,BK,YP,D
14:40:15,UNVR,RG,4840,18,F,BK,YP,D
14:40:13,UNVR,RG,4840,18,F,BK,YP,D
14:40:11,UNVR,RG,4840,15,F,BK,CC,D
14:40:10,UNVR,RG,4840,6,F,BK,KK,D
14:40:09,UNVR,RG,4840,6,F,BK,PD,D
14:40:09,UNVR,RG,4840,100,F,BK,PD,D
14:40:08,UNVR,RG,4850,2,D,DR,PG,D
14:40:06,UNVR,RG,4840,15,F,BK,ZP,F
14:40:06,UNVR,RG,4840,4,F,BK,ZP,F
14:40:06,UNVR,RG,4840,3,F,BK,ZP,F
14:40:06,UNVR,RG,4840,25,F,BK,ZP,F
14:40:06,UNVR,RG,4840,2,F,BK,ZP,F
14:40:06,UNVR,RG,4840,26,F,BK,CS,D
14:40:05,UNVR,RG,4840,792,F,BK,MG,D
14:40:05,UNVR,RG,4840,104,D,DR,MG,D
14:40:05,UNVR,RG,4840,5,D,YP,MG,D
14:40:05,UNVR,RG,4840,1,D,XC,MG,D
14:40:05,UNVR,RG,4840,1,D,YP,MG,D
14:40:05,UNVR,RG,4840,50,F,CS,MG,D
14:40:05,UNVR,RG,4840,6,D,YP,MG,D
14:40:05,UNVR,RG,4840,1,F,AK,MG,D
14:40:05,UNVR,RG,4840,3,D,CC,MG,D
14:40:05,UNVR,RG,4840,20,D,PD,MG,D
14:40:05,UNVR,RG,4840,1,D,XC,MG,D
14:40:05,UNVR,RG,4840,3,D,YP,MG,D
14:40:05,UNVR,RG,4840,5,D,PD,MG,D
14:40:05,UNVR,RG,4840,50,D,SQ,MG,D
14:40:05,UNVR,RG,4840,25,D,YP,MG,D
14:40:05,UNVR,RG,4840,3,D,XC,MG,D
14:40:05,UNVR,RG,4840,2,D,AT,MG,D
14:40:05,UNVR,RG,4840,1,D,XC,MG,D
14:40:05,UNVR,RG,4840,30,D,NI,MG,D
14:40:05,UNVR,RG,4840,3,D,DH,MG,D
14:40:05,UNVR,RG,4840,3,D,DX,MG,D
14:40:05,UNVR,RG,4840,1,D,EP,MG,D
14:40:05,UNVR,RG,4840,79,F,CS,MG,D
14:40:05,UNVR,RG,4840,11,D,CC,MG,D
14:40:05,UNVR,RG,4840,4,D,PD,MG,D
14:40:05,UNVR,RG,4840,10,D,CC,MG,D
14:40:05,UNVR,RG,4840,40,D,GR,MG,D
14:40:05,UNVR,RG,4840,30,D,NI,MG,D
14:40:05,UNVR,RG,4840,41,F,BK,MG,D
14:40:05,UNVR,RG,4840,20,D,DR,MG,D
14:40:05,UNVR,RG,4840,1237,D,GR,MG,D
14:40:05,UNVR,RG,4840,10,D,EP,MG,D
14:40:05,UNVR,RG,4840,1,D,BQ,MG,D
14:40:05,UNVR,RG,4840,1,D,GR,MG,D
14:40:05,UNVR,RG,4840,1,D,CC,MG,D
14:40:05,UNVR,RG,4840,1,D,PD,MG,D
14:40:05,UNVR,RG,4840,51,D,GR,MG,D
14:40:05,UNVR,RG,4840,2,D,XC,MG,D
14:40:05,UNVR,RG,4840,50,D,CC,MG,D
14:40:05,UNVR,RG,4840,1,D,GR,MG,D
14:40:05,UNVR,RG,4840,10,D,NI,MG,D
14:40:05,UNVR,RG,4840,3,D,YP,MG,D
14:40:05,UNVR,RG,4840,1,D,XC,MG,D
14:40:05,UNVR,RG,4840,1,D,PD,MG,D
14:40:05,UNVR,RG,4840,1,D,PD,MG,D
14:40:05,UNVR,RG,4840,1,D,NI,MG,D
14:40:05,UNVR,RG,4840,10,D,KK,MG,D
14:40:05,UNVR,RG,4840,85,D,YB,MG,D
14:40:05,UNVR,RG,4840,1,D,XC,MG,D
14:40:05,UNVR,RG,4840,70,D,DX,MG,D
14:40:05,UNVR,RG,4840,7,D,XC,MG,D
14:40:05,UNVR,RG,4840,1,D,XC,MG,D
14:40:05,UNVR,RG,4840,1,D,XC,MG,D
14:40:05,UNVR,RG,4840,5,D,DX,MG,D
14:40:05,UNVR,RG,4840,4,D,EP,MG,D
14:40:05,UNVR,RG,4840,1,D,EP,MG,D
14:40:05,UNVR,RG,4840,49,D,NI,MG,D
14:40:05,UNVR,RG,4840,10,D,CC,MG,D
14:40:05,UNVR,RG,4840,5,D,CC,MG,D
14:40:05,UNVR,RG,4840,5,D,YP,MG,D
14:40:05,UNVR,RG,4840,2,D,PD,MG,D
14:40:05,UNVR,RG,4840,140,F,ZP,MG,D
14:40:05,UNVR,RG,4840,2,D,AT,MG,D
14:40:05,UNVR,RG,4840,1,D,XC,MG,D
14:40:05,UNVR,RG,4840,500,D,BQ,MG,D
14:40:05,UNVR,RG,4840,500,D,CC,MG,D
14:40:05,UNVR,RG,4840,20,D,DR,MG,D
14:40:05,UNVR,RG,4840,1,D,PD,MG,D
14:40:05,UNVR,RG,4840,1,D,DH,MG,D
14:40:05,UNVR,RG,4840,5,D,KK,MG,D
14:40:05,UNVR,RG,4840,5,D,PD,MG,D
14:40:05,UNVR,RG,4840,210,D,OD,MG,D
14:40:05,UNVR,RG,4840,1,D,YP,MG,D
14:40:05,UNVR,RG,4840,35,D,YP,MG,D
14:40:05,UNVR,RG,4840,2,D,KK,MG,D
14:40:05,UNVR,RG,4840,1,D,PD,MG,D
14:40:05,UNVR,RG,4840,2,D,LG,MG,D
14:40:05,UNVR,RG,4840,2,D,YP,MG,D
14:40:05,UNVR,RG,4840,5,D,YP,MG,D
14:40:05,UNVR,RG,4840,5,D,YP,MG,D
14:40:05,UNVR,RG,4840,21,D,AT,MG,D
14:40:05,UNVR,RG,4840,50,D,DR,MG,D
14:40:05,UNVR,RG,4840,5,D,KK,MG,D
14:40:05,UNVR,RG,4840,1,D,XC,MG,D
14:40:05,UNVR,RG,4840,1,D,XC,MG,D
14:40:05,UNVR,RG,4840,49,D,CC,MG,D
14:40:05,UNVR,RG,4840,3,D,YP,MG,D
14:40:05,UNVR,RG,4840,1,D,PD,MG,D
14:40:05,UNVR,RG,4840,1,D,YP,MG,D
14:40:05,UNVR,RG,4840,5,D,XC,MG,D
14:40:05,UNVR,RG,4840,3,D,AT,MG,D
14:40:05,UNVR,RG,4840,1,D,XC,MG,D
14:40:05,UNVR,RG,4840,1,D,CC,MG,D
14:40:05,UNVR,RG,4840,50,D,CC,MG,D
14:40:05,UNVR,RG,4840,1,D,NI,MG,D
14:40:05,UNVR,RG,4840,10,D,PD,MG,D
14:40:05,UNVR,RG,4840,100,D,YP,MG,D
14:40:05,UNVR,RG,4840,2,D,KK,MG,D
14:40:05,UNVR,RG,4840,8,D,XC,MG,D
14:40:05,UNVR,RG,4840,50,D,PD,MG,D
14:40:05,UNVR,RG,4840,3,D,PD,MG,D
14:40:05,UNVR,RG,4840,2,D,CC,MG,D
14:40:05,UNVR,RG,4840,1,D,NI,MG,D
14:40:05,UNVR,RG,4840,2,D,CC,MG,D
14:40:05,UNVR,RG,4840,3,D,AT,MG,D
14:40:05,UNVR,RG,4840,5,D,IH,MG,D
14:40:05,UNVR,RG,4840,2,D,NI,MG,D
14:40:05,UNVR,RG,4840,5,D,KK,MG,D
14:40:05,UNVR,RG,4840,15,D,DH,MG,D
14:40:05,UNVR,RG,4840,150,D,CC,MG,D
14:40:05,UNVR,RG,4840,2,D,BQ,MG,D
14:40:05,UNVR,RG,4840,36,D,SQ,MG,D
14:40:05,UNVR,RG,4840,30,D,SQ,LG,D
14:40:04,UNVR,RG,4840,2,D,SQ,PD,D
14:40:04,UNVR,RG,4840,21,D,SQ,PD,D
14:39:58,UNVR,RG,4840,11,D,SQ,BK,F
14:39:58,UNVR,RG,4840,5,D,NI,BK,F
14:39:58,UNVR,RG,4840,2,D,SQ,BK,F
14:39:57,UNVR,RG,4840,1,D,MU,BK,F
14:39:57,UNVR,RG,4840,1,D,CC,BK,F
14:39:57,UNVR,RG,4840,26,D,CC,BK,F
14:39:55,UNVR,RG,4840,59,D,CC,CC,D
14:39:53,UNVR,RG,4840,15,D,CC,BK,F
14:39:53,UNVR,RG,4840,1,D,PD,BK,F
14:39:52,UNVR,RG,4840,10,D,XC,NI,D
14:39:50,UNVR,RG,4840,5,D,XC,YP,D
14:39:49,UNVR,RG,4840,15,D,XC,CC,D
14:39:49,UNVR,RG,4840,2,D,SQ,CC,D
14:39:49,UNVR,RG,4840,1,D,XC,CC,D
14:39:49,UNVR,RG,4840,1,D,XC,CC,D
14:39:49,UNVR,RG,4840,14,D,YP,CC,D
14:39:49,UNVR,RG,4840,5,D,SQ,CC,D
14:39:49,UNVR,RG,4840,10,D,YP,CC,D
14:39:49,UNVR,RG,4840,2,D,YP,CC,D
14:39:47,UNVR,RG,4840,5,D,YP,OD,D
14:39:47,UNVR,RG,4840,5,D,PD,OD,D
14:39:45,UNVR,RG,4840,5,D,PD,OD,D
14:39:37,UNVR,RG,4840,1,D,YP,BK,F
14:39:37,UNVR,RG,4840,1,D,XC,BK,F
14:39:37,UNVR,RG,4840,1,D,XC,BK,F
14:39:37,UNVR,RG,4840,5,D,PD,BK,F
14:39:37,UNVR,RG,4840,15,D,YP,BK,F
14:39:37,UNVR,RG,4840,16,D,SQ,BK,F
14:39:32,UNVR,RG,4840,9,D,SQ,BK,F
14:39:32,UNVR,RG,4840,1,D,NI,BK,F
14:39:32,UNVR,RG,4840,5,D,PD,BK,F
14:39:32,UNVR,RG,4840,1,D,PD,BK,F
14:39:30,UNVR,RG,4840,8,D,PD,CC,D
14:39:30,UNVR,RG,4840,147,D,PD,AK,D
14:39:29,UNVR,RG,4840,16,D,PD,BK,F
14:39:27,UNVR,RG,4840,10,D,PD,CC,D
14:39:26,UNVR,RG,4850,1,D,PD,PG,D
14:39:25,UNVR,RG,4840,1,D,PD,PD,D
14:39:23,UNVR,RG,4840,5,D,PD,NI,D
14:39:18,UNVR,RG,4840,19,D,PD,BK,F
14:39:17,UNVR,RG,4840,140,D,PD,XA,D
14:39:16,UNVR,RG,4840,3,D,PD,ZP,F
14:39:16,UNVR,RG,4840,1,D,PD,ZP,F
14:39:15,UNVR,RG,4840,149,D,PD,GR,D
14:39:15,UNVR,RG,4840,2,D,XC,GR,D
14:39:15,UNVR,RG,4840,1,D,XC,GR,D
14:39:15,UNVR,RG,4840,1,D,XC,GR,D
14:39:15,UNVR,RG,4840,2,D,NI,GR,D
14:39:15,UNVR,RG,4840,1,D,NI,GR,D
14:39:15,UNVR,RG,4840,1,D,SQ,GR,D
14:39:15,UNVR,RG,4840,3,D,XC,GR,D
14:39:15,UNVR,RG,4840,1,D,KK,GR,D
14:39:15,UNVR,RG,4840,4,D,YP,GR,D
14:39:15,UNVR,RG,4840,61,D,YP,GR,D
14:39:15,UNVR,RG,4840,2,D,DH,GR,D
14:39:15,UNVR,RG,4840,1,D,TP,GR,D
14:39:15,UNVR,RG,4840,5,D,YP,GR,D
14:39:15,UNVR,RG,4840,6,D,CC,GR,D
14:39:15,UNVR,RG,4840,16,D,CC,GR,D
14:39:15,UNVR,RG,4840,50,D,YP,GR,D
14:39:15,UNVR,RG,4840,2,D,LG,GR,D
14:39:15,UNVR,RG,4840,1,D,CC,GR,D
14:39:15,UNVR,RG,4840,15,D,PD,GR,D
14:39:15,UNVR,RG,4840,50,D,YP,GR,D
14:39:15,UNVR,RG,4840,2,D,GR,GR,D
14:39:15,UNVR,RG,4840,10,D,XC,GR,D
14:39:15,UNVR,RG,4840,20,D,CC,GR,D
14:39:15,UNVR,RG,4840,100,D,CP,GR,D
14:39:15,UNVR,RG,4840,10,D,YP,GR,D
14:39:15,UNVR,RG,4840,1,D,PD,GR,D
14:39:15,UNVR,RG,4840,1,D,IP,GR,D
14:39:15,UNVR,RG,4840,1,D,OD,GR,D
14:39:15,UNVR,RG,4840,1,D,SQ,GR,D
14:39:15,UNVR,RG,4840,1,D,XC,GR,D
14:39:15,UNVR,RG,4840,20,D,YP,GR,D
14:39:15,UNVR,RG,4840,1,D,PD,GR,D
14:39:15,UNVR,RG,4840,358,D,OD,GR,D
14:39:14,UNVR,RG,4840,15,D,OD,BK,F
14:39:12,UNVR,RG,4850,1,D,IT,PG,D
14:39:10,UNVR,RG,4840,15,D,OD,BK,F
14:39:08,UNVR,RG,4840,20,D,OD,XC,D
14:39:06,UNVR,RG,4840,25,D,OD,DR,D
14:39:03,UNVR,RG,4840,25,D,OD,BK,F
14:39:02,UNVR,RG,4850,10,D,CC,PG,D
14:39:01,UNVR,RG,4850,20,D,NI,PG,D
14:38:53,UNVR,RG,4850,3,D,AT,PG,D
14:38:49,UNVR,RG,4840,4,D,OD,OD,D
14:38:47,UNVR,RG,4840,9,D,OD,OD,D
14:38:46,UNVR,RG,4840,20,D,OD,DX,F
14:38:44,UNVR,RG,4850,1,D,AT,PG,D
14:38:44,UNVR,RG,4840,14,D,OD,BK,F
14:38:43,UNVR,RG,4840,100,D,OD,AG,D
14:38:42,UNVR,RG,4840,38,D,OD,BK,F
14:38:36,UNVR,RG,4850,2,D,YP,PG,D
14:38:33,UNVR,RG,4840,1,D,OD,CC,D
14:38:32,UNVR,RG,4840,14,D,OD,BK,F
14:38:31,UNVR,RG,4840,22,D,OD,ZP,F
14:38:30,UNVR,RG,4840,1,D,OD,YP,D
14:38:28,UNVR,RG,4850,2,D,AT,PG,D
14:38:25,UNVR,RG,4840,101,D,OD,GR,D
14:38:20,UNVR,RG,4840,15,D,OD,BK,F
14:38:18,UNVR,RG,4840,43,D,OD,BK,F
14:38:14,UNVR,RG,4840,2,D,OD,ZP,F
14:38:13,UNVR,RG,4850,112,F,CS,PG,D
14:38:13,UNVR,RG,4850,1,D,CS,PG,D
14:38:13,UNVR,RG,4850,13,F,BK,PG,D
14:38:13,UNVR,RG,4850,115,D,CS,PG,D
14:38:13,UNVR,RG,4850,155,F,CS,PG,D
14:38:13,UNVR,RG,4850,1,D,PD,PG,D
14:38:13,UNVR,RG,4850,321,F,AK,PG,D
14:38:12,UNVR,RG,4850,8,F,AK,ZP,F
14:38:12,UNVR,RG,4850,23,F,AK,ZP,F
14:38:12,UNVR,RG,4850,10,F,AK,ZP,F
14:38:11,UNVR,RG,4850,100,F,AK,DH,D
14:38:11,UNVR,RG,4850,664,F,AK,ZP,F
14:38:11,UNVR,RG,4850,30,D,NI,ZP,F
14:38:11,UNVR,RG,4850,8,D,CS,ZP,F
14:38:11,UNVR,RG,4850,2,D,CC,ZP,F
14:38:11,UNVR,RG,4850,2,D,PD,ZP,F
14:38:11,UNVR,RG,4850,26,F,AK,ZP,F
14:38:11,UNVR,RG,4850,1,D,CC,ZP,F
14:38:11,UNVR,RG,4850,10,D,XC,ZP,F
14:38:11,UNVR,RG,4850,20,D,GR,ZP,F
14:38:11,UNVR,RG,4850,1,D,XC,ZP,F
14:38:11,UNVR,RG,4850,2,D,YP,ZP,F
14:38:11,UNVR,RG,4850,30,D,CC,ZP,F
14:38:11,UNVR,RG,4850,30,D,NI,ZP,F
14:38:11,UNVR,RG,4850,20,D,NI,ZP,F
14:38:11,UNVR,RG,4850,142,F,CS,ZP,F
14:38:11,UNVR,RG,4850,10,D,SQ,ZP,F
14:38:11,UNVR,RG,4850,2,D,YP,ZP,F
14:38:11,UNVR,RG,4850,102,D,YP,ZP,F
14:38:11,UNVR,RG,4850,45,D,CS,ZP,F
14:38:11,UNVR,RG,4850,13,D,CS,CS,D
14:38:10,UNVR,RG,4850,29,D,CS,YJ,D
14:38:10,UNVR,RG,4850,1,D,XC,YJ,D
14:38:10,UNVR,RG,4850,20,D,XC,YJ,D
14:38:10,UNVR,RG,4850,10,D,YP,YJ,D
14:38:10,UNVR,RG,4850,1,D,CC,YJ,D
14:38:10,UNVR,RG,4850,20,D,YP,YJ,D
14:38:10,UNVR,RG,4850,57,F,BK,YJ,D
14:38:10,UNVR,RG,4850,100,F,CS,YJ,D
14:38:10,UNVR,RG,4850,1,D,YP,YJ,D
14:38:10,UNVR,RG,4850,2,D,CC,YJ,D
14:38:10,UNVR,RG,4850,1,D,AT,YJ,D
14:38:10,UNVR,RG,4850,5,D,YU,YJ,D
14:38:10,UNVR,RG,4850,30,D,OD,YJ,D
14:38:10,UNVR,RG,4850,1,D,YP,YJ,D
14:38:10,UNVR,RG,4850,62,D,CS,YJ,D
14:38:10,UNVR,RG,4850,1095,D,DR,YJ,D
14:38:10,UNVR,RG,4850,1,D,YP,YJ,D
14:38:10,UNVR,RG,4850,1,D,KK,YJ,D
14:38:10,UNVR,RG,4850,1,D,XC,YJ,D
14:38:10,UNVR,RG,4850,1,D,PD,YJ,D
14:38:10,UNVR,RG,4850,4,D,KK,YJ,D
14:38:10,UNVR,RG,4850,57,F,CS,YJ,D
14:38:09,UNVR,RG,4850,79,F,CS,AK,D
14:38:09,UNVR,RG,4850,7,D,YP,AK,D
14:38:09,UNVR,RG,4850,1,D,KK,AK,D
14:38:08,UNVR,RG,4850,49,D,KK,AZ,D
14:38:08,UNVR,RG,4850,1,D,XC,AZ,D
14:38:08,UNVR,RG,4850,4,D,NI,AZ,D
14:38:08,UNVR,RG,4850,7,F,AK,AZ,D
14:38:08,UNVR,RG,4850,12,F,AK,AZ,D
14:38:07,UNVR,RG,4850,130,F,AK,NI,D
14:38:07,UNVR,RG,4850,1,F,AK,ZP,F
14:38:06,UNVR,RG,4850,51,F,AK,CC,D
14:38:06,UNVR,RG,4850,1,D,XC,CC,D
14:38:06,UNVR,RG,4850,10,D,NI,CC,D
14:38:06,UNVR,RG,4850,18,D,EP,CC,D
14:38:06,UNVR,RG,4850,10,D,YB,CC,D
14:38:06,UNVR,RG,4850,2,D,PD,CC,D
14:38:06,UNVR,RG,4850,8,D,CC,CC,D
14:38:05,UNVR,RG,4850,20,F,CS,BQ,D
14:38:04,UNVR,RG,4850,17,F,CS,SQ,D
14:38:03,UNVR,RG,4850,5,F,CS,KK,D
14:37:59,UNVR,RG,4850,10,F,CS,NI,D
14:37:58,UNVR,RG,4850,14,F,CS,BK,F
14:37:57,UNVR,RG,4850,40,F,CS,KK,D
14:37:55,UNVR,RG,4850,2,F,CS,PD,D
14:37:54,UNVR,RG,4850,1,D,XA,XC,D
14:37:53,UNVR,RG,4850,47,D,XA,BQ,D
14:37:53,UNVR,RG,4850,3,D,CS,BQ,D
14:37:53,UNVR,RG,4850,5,D,CS,NI,D
14:37:53,UNVR,RG,4850,5,D,PD,NI,D
14:37:53,UNVR,RG,4850,32,D,YP,NI,D
14:37:53,UNVR,RG,4850,2,D,XC,NI,D
14:37:53,UNVR,RG,4850,3,D,CC,NI,D
14:37:53,UNVR,RG,4850,13,D,CS,NI,D
14:37:52,UNVR,RG,4850,16,D,CS,BK,F
14:37:52,UNVR,RG,4850,4,D,CS,ZP,F
14:37:49,UNVR,RG,4850,53,D,CS,OK,D
14:37:49,UNVR,RG,4850,10,D,YU,OK,D
14:37:49,UNVR,RG,4850,10,D,KK,OK,D
14:37:49,UNVR,RG,4850,2,D,CC,OK,D
14:37:49,UNVR,RG,4850,1,D,NI,OK,D
14:37:49,UNVR,RG,4850,2,D,YP,OK,D
14:37:49,UNVR,RG,4850,1,D,CC,OK,D
14:37:49,UNVR,RG,4850,10,D,TP,OK,D
14:37:49,UNVR,RG,4850,1,D,KK,OK,D
14:37:49,UNVR,RG,4850,10,D,IF,OK,D
14:37:49,UNVR,RG,4850,5,D,KK,OK,D
14:37:49,UNVR,RG,4850,10,D,DR,OK,D
14:37:49,UNVR,RG,4850,1,D,YP,OK,D
14:37:49,UNVR,RG,4850,2,D,PD,OK,D
14:37:49,UNVR,RG,4850,31,D,CS,OK,D
14:37:49,UNVR,RG,4850,5,D,XC,OK,D
14:37:49,UNVR,RG,4850,10,D,PD,OK,D
14:37:49,UNVR,RG,4850,36,F,AK,OK,D
14:37:49,UNVR,RG,4850,48,F,AK,BK,F
14:37:49,UNVR,RG,4850,3,F,AK,OD,D
14:37:48,UNVR,RG,4860,13,F,BK,DX,F
14:37:48,UNVR,RG,4850,2,F,AK,ZP,F
14:37:47,UNVR,RG,4850,50,F,AK,BQ,D
14:37:47,UNVR,RG,4850,2,F,AK,YP,D
14:37:47,UNVR,RG,4850,52,F,AK,CC,D
14:37:46,UNVR,RG,4850,10,F,AK,OD,D
14:37:46,UNVR,RG,4850,5,F,AK,GR,D
14:37:44,UNVR,RG,4850,23,F,AK,OD,D
14:37:44,UNVR,RG,4850,10,D,PD,OD,D
14:37:44,UNVR,RG,4850,1,D,DH,OD,D
14:37:44,UNVR,RG,4850,10,D,PD,OD,D
14:37:44,UNVR,RG,4850,40,D,XA,OD,D
14:37:44,UNVR,RG,4850,1,D,LG,OD,D
14:37:44,UNVR,RG,4850,5,D,YP,OD,D
14:37:44,UNVR,RG,4850,5,D,YP,OD,D
14:37:44,UNVR,RG,4850,5,F,AK,OD,D
14:37:43,UNVR,RG,4850,1,F,AK,BQ,D
14:37:40,UNVR,RG,4850,2,F,AK,YP,D
14:37:40,UNVR,RG,4850,4,D,NI,YP,D
14:37:40,UNVR,RG,4850,19,D,YU,YP,D
14:37:38,UNVR,RG,4850,2,D,YU,DR,D
14:37:38,UNVR,RG,4850,5,D,YU,YP,D
14:37:38,UNVR,RG,4850,3,D,YU,XL,D
14:37:33,UNVR,RG,4850,2,D,YU,CC,D
14:37:30,UNVR,RG,4850,4,D,YU,YU,D
14:37:30,UNVR,RG,4850,200,D,YU,CC,D
14:37:25,UNVR,RG,4850,16,D,YU,BK,F
14:37:24,UNVR,RG,4850,39,D,YU,BK,F
14:37:19,UNVR,RG,4850,48,D,YU,CC,D
14:37:18,UNVR,RG,4850,3,D,YU,ZP,F
14:37:17,UNVR,RG,4850,1,D,YU,GR,D
14:37:13,UNVR,RG,4850,14,D,YU,BK,F
14:37:13,UNVR,RG,4850,5,D,YU,ZP,F
14:37:12,UNVR,RG,4850,21,D,YU,PD,D
14:37:11,UNVR,RG,4850,52,D,YU,HP,D
14:37:11,UNVR,RG,4850,200,D,YU,PC,D
14:37:11,UNVR,RG,4850,26,D,YU,CS,D
14:37:10,UNVR,RG,4850,3,D,YU,PD,D
14:37:10,UNVR,RG,4850,300,D,YU,CC,D
14:37:07,UNVR,RG,4850,5,D,YU,PD,D
14:37:07,UNVR,RG,4850,229,D,YU,CC,D
14:37:06,UNVR,RG,4850,10,D,YU,YP,D
14:37:05,UNVR,RG,4860,514,F,YU,DX,F
14:37:05,UNVR,RG,4860,1,F,YU,CC,D
14:37:05,UNVR,RG,4860,10,F,YU,DH,D
14:37:05,UNVR,RG,4860,1,F,YU,OD,D
14:37:05,UNVR,RG,4860,474,F,YU,GR,D
14:37:03,UNVR,RG,4850,111,D,YU,CC,D
14:37:01,UNVR,RG,4850,46,D,YU,BK,F
14:36:59,UNVR,RG,4850,3,D,YU,KK,D
14:36:58,UNVR,RG,4850,19,D,YU,BK,F
14:36:57,UNVR,RG,4850,4,D,YU,CC,D
14:36:50,UNVR,RG,4850,4,D,YU,OD,D
14:36:49,UNVR,RG,4850,48,D,YU,CC,D
14:36:48,UNVR,RG,4850,3,D,YU,ZP,F
14:36:46,UNVR,RG,4850,11,D,YU,OD,D
14:36:46,UNVR,RG,4850,24,D,YU,ZP,F
14:36:45,UNVR,RG,4850,1,D,YU,ZP,F
14:36:45,UNVR,RG,4850,663,D,YU,KK,D
14:36:45,UNVR,RG,4850,14,D,SQ,KK,D
14:36:45,UNVR,RG,4850,152,D,YU,KK,D
14:36:42,UNVR,RG,4850,378,D,YU,YB,D
14:36:40,UNVR,RG,4850,4,D,YU,ZP,F
14:36:39,UNVR,RG,4850,42,D,YU,BK,F
14:36:36,UNVR,RG,4850,4,D,YU,PD,D
14:36:33,UNVR,RG,4850,1,D,YU,CC,D
14:36:33,UNVR,RG,4850,10,D,YU,PD,D
14:36:31,UNVR,RG,4850,15,D,YU,BK,F
14:36:26,UNVR,RG,4850,4,D,YU,YP,D
14:36:26,UNVR,RG,4860,10,D,NI,GR,D
14:36:25,UNVR,RG,4850,3,D,YU,ZP,F
14:36:25,UNVR,RG,4850,1,D,YU,ZP,F
14:36:25,UNVR,RG,4850,60,D,YU,DR,D
14:36:25,UNVR,RG,4850,16,D,YU,BK,F
14:36:19,UNVR,RG,4850,45,D,YU,CC,D
14:36:19,UNVR,RG,4850,35,D,YU,BK,F
14:36:16,UNVR,RG,4850,5,D,YU,PD,D
14:36:16,UNVR,RG,4850,5,D,YU,PD,D
14:36:12,UNVR,RG,4850,78,D,YU,EP,D
14:36:12,UNVR,RG,4850,9,D,YU,ZP,F
14:36:04,UNVR,RG,4850,16,D,YU,BK,F
14:36:00,UNVR,RG,4850,25,D,YU,DX,F
14:36:00,UNVR,RG,4850,3,D,YU,PD,D
14:35:49,UNVR,RG,4850,44,D,YU,CC,D
14:35:48,UNVR,RG,4850,4,D,YU,OD,D
14:35:47,UNVR,RG,4850,2,D,YU,PD,D
14:35:47,UNVR,RG,4850,7,D,YU,OD,D
14:35:43,UNVR,RG,4850,57,D,YU,BK,F
14:35:42,UNVR,RG,4850,15,D,YU,BK,F
14:35:41,UNVR,RG,4850,20,D,YU,KK,D
14:35:41,UNVR,RG,4850,1,D,YU,ZP,F
14:35:38,UNVR,RG,4850,14,D,YU,BK,F
14:35:37,UNVR,RG,4850,2,D,YU,YP,D
14:35:36,UNVR,RG,4860,10,D,NI,GR,D
14:35:34,UNVR,RG,4850,5,D,YU,ZP,F
14:35:33,UNVR,RG,4850,2,D,YU,CC,D
14:35:31,UNVR,RG,4850,1,D,YU,YP,D
14:35:26,UNVR,RG,4850,4,D,YU,ZP,F
14:35:23,UNVR,RG,4850,27,D,YU,LG,D
14:35:23,UNVR,RG,4850,99,D,YU,LG,D
14:35:22,UNVR,RG,4850,31,D,YU,DH,D
14:35:22,UNVR,RG,4860,6,D,NI,GR,D
14:35:22,UNVR,RG,4860,2,D,NI,ZP,F
14:35:22,UNVR,RG,4860,2,D,NI,ZP,F
14:35:21,UNVR,RG,4850,43,D,YU,CC,D
14:35:19,UNVR,RG,4860,1,D,PD,ZP,F
14:35:19,UNVR,RG,4860,4,D,PD,DR,D
14:35:16,UNVR,RG,4850,23,D,YU,ZP,F
14:35:16,UNVR,RG,4850,3,D,YU,ZP,F
14:35:14,UNVR,RG,4850,43,D,YU,BK,F
14:35:13,UNVR,RG,4850,30,D,YU,CS,D
14:35:08,UNVR,RG,4850,16,D,YU,BK,F
14:35:07,UNVR,RG,4850,52,D,YU,AZ,D
14:35:02,UNVR,RG,4850,4,D,YU,ZP,F
14:35:00,UNVR,RG,4850,15,D,YU,BK,F
14:35:00,UNVR,RG,4860,6,D,KK,DR,D
14:34:58,UNVR,RG,4860,5,D,PD,DR,D
14:34:57,UNVR,RG,4860,1,D,XC,DR,D
14:34:56,UNVR,RG,4850,2,D,YU,OD,D
14:34:53,UNVR,RG,4850,46,D,YU,CC,D
14:34:50,UNVR,RG,4850,41,D,YU,BK,F
14:34:47,UNVR,RG,4850,21,D,YU,YP,D
14:34:46,UNVR,RG,4850,5,D,YU,OD,D
14:34:46,UNVR,RG,4850,10,D,YU,OD,D
14:34:46,UNVR,RG,4850,24,D,YU,OD,D
14:34:41,UNVR,RG,4850,8,D,YU,YU,D
14:34:41,UNVR,RG,4850,185,D,YU,AK,D
14:34:40,UNVR,RG,4850,22,D,YU,OD,D
14:34:38,UNVR,RG,4850,16,D,YU,BK,F
14:34:37,UNVR,RG,4850,96,D,YU,DR,D
14:34:37,UNVR,RG,4850,2,D,YU,YP,D
14:34:37,UNVR,RG,4850,1,D,YU,ZP,F
14:34:37,UNVR,RG,4850,495,D,YU,LS,D
14:34:37,UNVR,RG,4850,39,D,CS,LS,D
14:34:37,UNVR,RG,4850,2,D,CP,LS,D
14:34:37,UNVR,RG,4850,305,F,CS,LS,D
14:34:37,UNVR,RG,4850,1,D,XC,LS,D
14:34:37,UNVR,RG,4850,158,D,SQ,LS,D
14:34:33,UNVR,RG,4850,1,D,SQ,CC,D
14:34:30,UNVR,RG,4850,41,D,SQ,MG,D
14:34:30,UNVR,RG,4850,4,D,PD,MG,D
14:34:30,UNVR,RG,4850,24,D,CC,MG,D
14:34:30,UNVR,RG,4850,6,D,NI,MG,D
14:34:30,UNVR,RG,4850,5,D,PD,MG,D
14:34:30,UNVR,RG,4850,4,D,PD,MG,D
14:34:30,UNVR,RG,4850,1,D,XC,MG,D
14:34:30,UNVR,RG,4850,1,D,YP,MG,D
14:34:30,UNVR,RG,4850,1,D,DX,MG,D
14:34:30,UNVR,RG,4850,9,D,CC,MG,D
14:34:30,UNVR,RG,4850,2,D,XL,MG,D
14:34:30,UNVR,RG,4850,5,D,DR,MG,D
14:34:30,UNVR,RG,4850,10,D,PD,MG,D
14:34:30,UNVR,RG,4850,1,D,PD,MG,D
14:34:30,UNVR,RG,4850,8,D,CC,MG,D
14:34:30,UNVR,RG,4850,98,D,CS,MG,D
14:34:30,UNVR,RG,4850,7,D,PD,MG,D
14:34:30,UNVR,RG,4850,85,D,HD,MG,D
14:34:30,UNVR,RG,4850,8,D,YP,MG,D
14:34:30,UNVR,RG,4850,1,D,YP,MG,D
14:34:30,UNVR,RG,4850,1,D,NI,MG,D
14:34:30,UNVR,RG,4850,1,D,XC,MG,D
14:34:30,UNVR,RG,4850,7,D,YP,MG,D
14:34:30,UNVR,RG,4850,6,D,CS,MG,D
14:34:30,UNVR,RG,4850,334,D,KK,MG,D
14:34:30,UNVR,RG,4850,5,D,PD,MG,D
14:34:30,UNVR,RG,4850,5,D,PD,MG,D
14:34:30,UNVR,RG,4850,10,D,PD,MG,D
14:34:30,UNVR,RG,4850,1,D,CC,MG,D
14:34:30,UNVR,RG,4850,10,D,EP,MG,D
14:34:30,UNVR,RG,4850,1,F,AK,MG,D
14:34:30,UNVR,RG,4850,9,F,AK,MG,D
14:34:30,UNVR,RG,4850,267,F,AK,MG,D
14:34:30,UNVR,RG,4850,1,D,NI,MG,D
14:34:30,UNVR,RG,4850,200,D,KI,MG,D
14:34:30,UNVR,RG,4850,1,D,XC,MG,D
14:34:30,UNVR,RG,4850,1,D,XC,MG,D
14:34:30,UNVR,RG,4850,10,D,YP,MG,D
14:34:30,UNVR,RG,4850,1,D,XC,MG,D
14:34:30,UNVR,RG,4850,6,D,YP,MG,D
14:34:30,UNVR,RG,4850,1,D,YP,MG,D
14:34:30,UNVR,RG,4850,10,D,CC,MG,D
14:34:30,UNVR,RG,4850,2,D,YP,MG,D
14:34:30,UNVR,RG,4850,2,D,PD,MG,D
14:34:30,UNVR,RG,4850,3,D,EP,MG,D
14:34:30,UNVR,RG,4850,5,D,NI,MG,D
14:34:30,UNVR,RG,4850,1,D,KK,MG,D
14:34:30,UNVR,RG,4850,3,D,XC,MG,D
14:34:30,UNVR,RG,4850,21,D,CC,MG,D
14:34:30,UNVR,RG,4850,10,D,NI,MG,D
14:34:30,UNVR,RG,4850,10,D,XC,MG,D
14:34:30,UNVR,RG,4850,3,D,YB,MG,D
14:34:30,UNVR,RG,4850,1,D,XC,MG,D
14:34:30,UNVR,RG,4850,8,D,KK,MG,D
14:34:30,UNVR,RG,4850,4,D,CC,MG,D
14:34:30,UNVR,RG,4850,10,D,YP,MG,D
14:34:30,UNVR,RG,4850,2,D,TP,MG,D
14:34:30,UNVR,RG,4850,1,D,NI,MG,D
14:34:30,UNVR,RG,4850,1,D,PD,MG,D
14:34:30,UNVR,RG,4850,5,D,DH,MG,D
14:34:30,UNVR,RG,4850,2,D,DX,MG,D
14:34:30,UNVR,RG,4850,2,D,DR,MG,D
14:34:30,UNVR,RG,4850,10,D,NI,MG,D
14:34:30,UNVR,RG,4850,1,D,YP,MG,D
14:34:30,UNVR,RG,4850,2,D,XC,MG,D
14:34:30,UNVR,RG,4850,354,F,CS,MG,D
14:34:30,UNVR,RG,4850,1,D,AI,MG,D
14:34:30,UNVR,RG,4850,18,D,YP,MG,D
14:34:30,UNVR,RG,4850,2,D,XC,MG,D
14:34:30,UNVR,RG,4850,9,D,DR,MG,D
14:34:26,UNVR,RG,4850,5,D,DR,ZP,F
14:34:25,UNVR,RG,4850,6,D,DR,ZP,F
14:34:25,UNVR,RG,4850,25,D,DH,ZP,F
14:34:25,UNVR,RG,4850,1,D,HP,ZP,F
14:34:25,UNVR,RG,4850,1,D,CC,ZP,F
14:34:25,UNVR,RG,4850,5,D,PD,ZP,F
14:34:25,UNVR,RG,4850,5,D,YP,ZP,F
14:34:25,UNVR,RG,4850,2,D,CS,ZP,F
14:34:25,UNVR,RG,4850,4,D,KK,ZP,F
14:34:25,UNVR,RG,4850,1,D,KK,ZP,F
14:34:25,UNVR,RG,4860,10,D,OD,DR,D
14:34:24,UNVR,RG,4850,20,D,KK,BK,F
14:34:24,UNVR,RG,4850,28,D,YP,BK,F
14:34:23,UNVR,RG,4850,22,D,YP,CC,D
14:34:23,UNVR,RG,4850,2,D,DH,CC,D
14:34:23,UNVR,RG,4850,5,D,YP,CC,D
14:34:23,UNVR,RG,4850,1,D,PD,CC,D
14:34:23,UNVR,RG,4850,2,D,DH,CC,D
14:34:23,UNVR,RG,4850,16,D,YP,CC,D
14:34:17,UNVR,RG,4850,4,D,YP,LG,D
14:34:17,UNVR,RG,4850,10,D,NI,LG,D
14:34:17,UNVR,RG,4850,5,D,PD,LG,D
14:34:17,UNVR,RG,4850,10,D,XC,LG,D
14:34:17,UNVR,RG,4850,3,D,XC,LG,D
14:34:17,UNVR,RG,4850,66,D,YP,LG,D
14:34:17,UNVR,RG,4850,1,D,YP,LG,D
14:34:17,UNVR,RG,4850,26,D,CS,LG,D
14:34:14,UNVR,RG,4860,5,D,YB,DR,D
14:34:12,UNVR,RG,4850,8,D,CS,KK,D
14:34:10,UNVR,RG,4850,17,D,CS,BK,F
14:34:07,UNVR,RG,4850,14,D,CS,BK,F
14:34:07,UNVR,RG,4850,2,D,CS,BK,F
14:34:07,UNVR,RG,4850,2,D,CS,ZP,F
14:34:07,UNVR,RG,4850,1,D,YP,ZP,F
14:34:06,UNVR,RG,4850,2,D,YP,CC,D
14:34:06,UNVR,RG,4850,1,D,AI,CC,D
14:34:06,UNVR,RG,4850,1,D,NI,CC,D
14:34:06,UNVR,RG,4850,3,D,XC,CC,D
14:34:06,UNVR,RG,4850,3,D,AT,CC,D
14:34:06,UNVR,RG,4850,5,D,YP,CC,D
14:34:06,UNVR,RG,4850,9,F,AK,CC,D
14:34:03,UNVR,RG,4850,5,F,AK,XC,D
14:34:02,UNVR,RG,4850,7,F,AK,YP,D
14:33:59,UNVR,RG,4850,7,F,AK,KK,D
14:33:57,UNVR,RG,4850,1,F,AK,AT,D
14:33:56,UNVR,RG,4850,10,F,AK,CC,D
14:33:55,UNVR,RG,4850,3,F,AK,YP,D
14:33:54,UNVR,RG,4850,4,F,AK,ZP,F
14:33:53,UNVR,RG,4850,45,F,AK,CC,D
14:33:52,UNVR,RG,4850,47,F,AK,BK,F
14:33:50,UNVR,RG,4850,32,F,AK,YP,D
14:33:48,UNVR,RG,4850,3,F,AK,OD,D
14:33:46,UNVR,RG,4850,10,F,AK,OD,D
14:33:46,UNVR,RG,4850,26,F,AK,OD,D
14:33:42,UNVR,RG,4850,16,F,AK,BK,F
14:33:38,UNVR,RG,4850,22,F,AK,OD,D
14:33:34,UNVR,RG,4850,89,F,AK,YP,D
14:33:33,UNVR,RG,4850,2,F,AK,CC,D
14:33:33,UNVR,RG,4850,17,F,AK,AG,D
14:33:30,UNVR,RG,4850,20,F,AK,YB,D
14:33:27,UNVR,RG,4860,1,D,MU,DR,D
14:33:26,UNVR,RG,4850,3,F,AK,ZP,F
14:33:24,UNVR,RG,4850,1,F,AK,PD,D
14:33:23,UNVR,RG,4850,17,F,AK,YP,D
14:33:23,UNVR,RG,4850,47,F,AK,CC,D
14:33:22,UNVR,RG,4850,20,F,AK,YB,D
14:33:21,UNVR,RG,4850,20,F,AK,DX,F
14:33:21,UNVR,RG,4850,15,F,AK,BK,F
14:33:19,UNVR,RG,4850,50,F,AK,YB,D
14:33:16,UNVR,RG,4850,18,F,AK,BK,F
14:33:16,UNVR,RG,4850,5,D,CC,BK,F
14:33:16,UNVR,RG,4850,5,D,XC,BK,F
14:33:16,UNVR,RG,4850,31,D,LG,BK,F
14:33:14,UNVR,RG,4860,2,D,CC,ZP,F
14:33:14,UNVR,RG,4850,9,D,LG,BK,F
14:33:14,UNVR,RG,4850,3,D,AZ,BK,F
14:33:14,UNVR,RG,4850,1,F,AK,BK,F
14:33:14,UNVR,RG,4850,2,F,AK,BK,F
14:33:01,UNVR,RG,4860,1,D,PD,ZP,F
14:32:57,UNVR,RG,4850,4,F,AK,XC,D
14:32:55,UNVR,RG,4850,3,F,AK,CC,D
14:32:55,UNVR,RG,4850,3,D,PD,CC,D
14:32:55,UNVR,RG,4850,6,D,GR,CC,D
14:32:55,UNVR,RG,4850,39,D,CS,CC,D
14:32:50,UNVR,RG,4850,3,D,CS,OD,D
14:32:50,UNVR,RG,4850,9,D,CS,OD,D
14:32:50,UNVR,RG,4850,4,D,CS,CC,D
14:32:48,UNVR,RG,4850,5,D,CS,ZP,F
14:32:47,UNVR,RG,4850,14,D,DR,BK,F
14:32:46,UNVR,RG,4850,22,D,DR,OD,D
14:32:45,UNVR,RG,4850,1,D,DR,ZP,F
14:32:41,UNVR,RG,4850,10,D,DR,CC,D
14:32:38,UNVR,RG,4850,62,D,DR,BK,F
14:32:38,UNVR,RG,4850,14,D,DR,BK,F
14:32:36,UNVR,RG,4850,20,D,DR,AZ,D
14:32:34,UNVR,RG,4850,6,D,DR,OD,D
14:32:34,UNVR,RG,4850,3,D,PD,OD,D
14:32:34,UNVR,RG,4850,7,D,YP,OD,D
14:32:33,UNVR,RG,4850,1,D,YP,CC,D
14:32:29,UNVR,RG,4850,6,D,YP,HP,D
14:32:26,UNVR,RG,4850,2,D,YP,ZP,F
14:32:25,UNVR,RG,4850,10,D,YP,CC,D
14:32:23,UNVR,RG,4850,46,D,YP,CC,D
14:32:23,UNVR,RG,4850,4,D,YP,CC,D
14:32:23,UNVR,RG,4850,2,D,XC,CC,D
14:32:23,UNVR,RG,4850,1,D,PD,CC,D
14:32:23,UNVR,RG,4850,1,D,XC,CC,D
14:32:22,UNVR,RG,4850,14,D,YU,BK,F
14:32:18,UNVR,RG,4860,1,D,CC,CS,D
14:32:12,UNVR,RG,4850,18,D,YU,CC,D
14:32:12,UNVR,RG,4850,240,F,CS,CC,D
14:32:12,UNVR,RG,4850,5,F,CS,ZP,F
14:32:12,UNVR,RG,4850,1,F,CS,CC,D
14:32:09,UNVR,RG,4850,23,F,CS,BK,F
14:32:09,UNVR,RG,4850,22,F,CS,BK,F
14:32:03,UNVR,RG,4850,9,F,CS,CC,D
14:32:03,UNVR,RG,4850,1,D,CS,CC,D
14:31:54,UNVR,RG,4850,1,D,CS,BK,F
14:31:54,UNVR,RG,4850,13,D,YU,BK,F
14:31:53,UNVR,RG,4850,45,D,YU,CC,D
14:31:52,UNVR,RG,4850,4,D,YU,OD,D
14:31:50,UNVR,RG,4850,17,D,YU,BK,F
14:31:50,UNVR,RG,4850,8,D,YU,OD,D
14:31:48,UNVR,RG,4850,1,D,YU,CC,D
14:31:47,UNVR,RG,4860,1,F,BK,CS,D
14:31:46,UNVR,RG,4850,22,D,YU,OD,D
14:31:45,UNVR,RG,4850,3,D,YU,PD,D
14:31:45,UNVR,RG,4860,2,F,BK,CS,D
14:31:42,UNVR,RG,4850,5,D,YU,NI,D
14:31:42,UNVR,RG,4850,40,D,YU,CC,D
14:31:41,UNVR,RG,4850,1,D,YU,DH,D
14:31:41,UNVR,RG,4850,20,D,YP,DH,D
14:31:41,UNVR,RG,4850,4,D,XC,DH,D
14:31:41,UNVR,RG,4850,6,D,KK,DH,D
14:31:41,UNVR,RG,4850,1,D,YP,DH,D
14:31:41,UNVR,RG,4850,1,D,PD,DH,D
14:31:41,UNVR,RG,4850,1,D,XC,DH,D
14:31:41,UNVR,RG,4850,1,D,PD,DH,D
14:31:41,UNVR,RG,4850,2,D,YP,DH,D
14:31:41,UNVR,RG,4850,63,D,LG,DH,D
14:31:40,UNVR,RG,4850,5,D,LG,YP,D
14:31:39,UNVR,RG,4850,4,D,LG,ZP,F
14:31:36,UNVR,RG,4850,1,D,LG,XC,D
14:31:35,UNVR,RG,4860,2,D,GR,CS,D
14:31:33,UNVR,RG,4850,2,D,LG,CC,D
14:31:32,UNVR,RG,4850,18,D,LG,YP,D
14:31:32,UNVR,RG,4850,22,D,LG,OD,D
14:31:28,UNVR,RG,4850,27,D,LG,FS,D
14:31:25,UNVR,RG,4860,1,F,BK,CS,D
14:31:25,UNVR,RG,4850,46,D,LG,CC,D
14:31:24,UNVR,RG,4850,12,D,LG,PC,D
14:31:24,UNVR,RG,4850,1,D,PD,PC,D
14:31:24,UNVR,RG,4850,1,D,CC,PC,D
14:31:24,UNVR,RG,4850,1,D,XC,PC,D
14:31:24,UNVR,RG,4850,10,D,NI,PC,D
14:31:24,UNVR,RG,4850,1,D,CC,PC,D
14:31:24,UNVR,RG,4850,16,D,YU,PC,D
14:31:22,UNVR,RG,4860,1,F,BK,CS,D
14:31:21,UNVR,RG,4850,3,D,YU,AZ,D
14:31:19,UNVR,RG,4850,15,D,YU,PD,D
14:31:19,UNVR,RG,4850,50,D,YU,DH,D
14:31:15,UNVR,RG,4850,15,D,YU,BK,F
14:31:15,UNVR,RG,4850,3,D,YP,BK,F
14:31:13,UNVR,RG,4850,10,D,YP,CC,D
14:31:12,UNVR,RG,4850,37,D,YP,BK,F
14:31:12,UNVR,RG,4850,5,D,CS,BK,F
14:31:12,UNVR,RG,4850,3,D,XC,BK,F
14:31:12,UNVR,RG,4850,27,D,CS,BK,F
14:31:09,UNVR,RG,4850,2,D,CS,BK,F
14:31:09,UNVR,RG,4850,12,D,YU,BK,F
14:31:05,UNVR,RG,4850,20,D,YU,YU,D
14:31:03,UNVR,RG,4850,4,D,YU,ZP,F
14:31:02,UNVR,RG,4860,7,D,CC,CS,D
14:30:55,UNVR,RG,4850,46,D,YU,CC,D
14:30:54,UNVR,RG,4850,4,D,YU,OD,D
14:30:52,UNVR,RG,4850,10,D,YU,OD,D
14:30:50,UNVR,RG,4850,16,D,YU,BK,F
14:30:50,UNVR,RG,4850,1,D,YU,PD,D
14:30:49,UNVR,RG,4850,4,D,YU,BQ,D
14:30:46,UNVR,RG,4850,18,D,YU,OD,D
14:30:46,UNVR,RG,4850,5,D,CC,OD,D
14:30:46,UNVR,RG,4850,4,D,PD,OD,D
14:30:37,UNVR,RG,4850,1,D,PD,ZP,F
14:30:37,UNVR,RG,4850,1,D,KK,ZP,F
14:30:36,UNVR,RG,4850,20,D,SQ,DX,F
14:30:36,UNVR,RG,4850,6,D,NI,DX,F
14:30:33,UNVR,RG,4850,1,D,NI,CC,D
14:30:33,UNVR,RG,4850,2,D,NI,DR,D
14:30:30,UNVR,RG,4850,18,D,NI,OD,D
14:30:27,UNVR,RG,4850,51,D,NI,CC,D
14:30:24,UNVR,RG,4860,1,D,YP,CS,D
14:30:17,UNVR,RG,4860,8,D,DR,CS,D
14:30:17,UNVR,RG,4860,2,D,DR,BK,F
14:30:09,UNVR,RG,4850,10,D,NI,PD,D
14:30:08,UNVR,RG,4850,1,D,NI,NI,D
14:30:06,UNVR,RG,4850,33,D,NI,XC,D
14:30:04,UNVR,RG,4850,7,D,NI,PD,D
14:30:03,UNVR,RG,4850,71,D,NI,IU,D
14:30:03,UNVR,RG,4850,20,D,CC,IU,D
14:30:03,UNVR,RG,4850,30,F,CS,IU,D
14:30:03,UNVR,RG,4850,105,F,CS,IU,D
14:30:03,UNVR,RG,4850,84,D,YU,IU,D
14:30:03,UNVR,RG,4850,1,D,YP,IU,D
14:30:03,UNVR,RG,4850,2,D,PD,IU,D
14:30:03,UNVR,RG,4850,1,D,XC,IU,D
14:30:03,UNVR,RG,4850,119,D,YU,IU,D
14:30:03,UNVR,RG,4850,3,D,YP,IU,D
14:30:03,UNVR,RG,4850,114,D,CS,IU,D
14:30:03,UNVR,RG,4850,20,D,PD,IU,D
14:30:03,UNVR,RG,4850,26,F,CS,IU,D
14:30:03,UNVR,RG,4850,59,F,CS,IU,D
14:30:03,UNVR,RG,4850,16,F,AK,IU,D
14:30:03,UNVR,RG,4850,2,D,PD,IU,D
14:30:03,UNVR,RG,4850,216,F,AK,IU,D
14:30:03,UNVR,RG,4850,25,D,PD,IU,D
14:30:03,UNVR,RG,4850,1,D,XC,IU,D
14:30:03,UNVR,RG,4850,15,D,XC,IU,D
14:29:54,UNVR,RG,4850,10,D,XC,OD,D
14:29:52,UNVR,RG,4850,4,D,XC,OD,D
14:29:46,UNVR,RG,4850,2,D,XC,GR,D
14:29:46,UNVR,RG,4850,22,D,XC,OD,D
14:29:41,UNVR,RG,4850,3,D,XC,YP,D
14:29:39,UNVR,RG,4860,29,D,CS,BK,F
14:29:39,UNVR,RG,4860,11,D,CS,YP,D
14:29:39,UNVR,RG,4860,2,D,CS,XC,D
14:29:39,UNVR,RG,4860,6,D,CS,ZP,F
14:29:39,UNVR,RG,4860,7,D,CS,CS,D
14:29:39,UNVR,RG,4860,3,D,CS,CS,D
14:29:39,UNVR,RG,4860,66,D,CS,BK,F
14:29:39,UNVR,RG,4860,17,D,CS,BK,F
14:29:39,UNVR,RG,4860,30,D,CS,CC,D
14:29:34,UNVR,RG,4850,1,D,XC,YP,D
14:29:33,UNVR,RG,4850,2,D,XC,CC,D
14:29:31,UNVR,RG,4850,15,D,XC,SQ,D
14:29:30,UNVR,RG,4850,10,D,XC,OD,D
14:29:30,UNVR,RG,4850,5,D,YU,OD,D
14:29:28,UNVR,RG,4850,14,D,YU,BK,F
14:29:27,UNVR,RG,4850,5,D,YU,ZP,F
14:29:19,UNVR,RG,4850,66,D,YU,CC,D
14:29:19,UNVR,RG,4850,1,D,XC,CC,D
14:29:19,UNVR,RG,4850,2,D,CC,CC,D
14:29:19,UNVR,RG,4850,10,D,PD,CC,D
14:29:19,UNVR,RG,4850,25,D,CC,CC,D
14:29:19,UNVR,RG,4850,24,D,OD,CC,D
14:29:17,UNVR,RG,4860,10,D,XC,CC,D
14:29:15,UNVR,RG,4860,10,D,PD,CC,D
14:29:14,UNVR,RG,4850,18,D,OD,BK,F
14:29:11,UNVR,RG,4850,2,D,OD,XC,D
14:29:10,UNVR,RG,4850,25,D,OD,DR,D
14:29:09,UNVR,RG,4850,6,D,OD,DR,D
14:29:08,UNVR,RG,4850,15,D,OD,BK,F
14:29:08,UNVR,RG,4850,10,D,YP,BK,F
14:29:08,UNVR,RG,4850,5,D,LS,BK,F
14:29:08,UNVR,RG,4850,10,D,DH,BK,F
14:29:08,UNVR,RG,4850,7,D,YB,BK,F
14:29:04,UNVR,RG,4850,5,D,YB,OD,D
14:29:03,UNVR,RG,4860,2,D,NI,YU,D
14:29:03,UNVR,RG,4860,3,D,NI,ZP,F
14:28:55,UNVR,RG,4850,4,D,YB,ZP,F
14:28:54,UNVR,RG,4850,9,D,YB,XC,D
14:28:54,UNVR,RG,4850,23,F,AK,XC,D
14:28:52,UNVR,RG,4850,4,F,AK,OD,D
14:28:52,UNVR,RG,4850,8,F,AK,OD,D
14:28:50,UNVR,RG,4860,1,D,CC,ZP,F
14:28:50,UNVR,RG,4860,1,D,CC,ZP,F
14:28:50,UNVR,RG,4860,1,D,CC,PD,D
14:28:50,UNVR,RG,4860,1,D,NI,PD,D
14:28:47,UNVR,RG,4850,5,F,AK,CC,D
14:28:46,UNVR,RG,4860,1,D,XC,PD,D
14:28:46,UNVR,RG,4850,20,F,AK,PD,D
14:28:46,UNVR,RG,4850,22,F,AK,OD,D
14:28:44,UNVR,RG,4850,16,F,AK,BK,F
14:28:43,UNVR,RG,4850,108,F,AK,AK,D
14:28:43,UNVR,RG,4850,61,D,YU,AK,D
14:28:43,UNVR,RG,4850,1,D,YU,XC,D
14:28:42,UNVR,RG,4850,14,D,YU,BK,F
14:28:33,UNVR,RG,4850,5,D,YU,DH,D
14:28:33,UNVR,RG,4850,1,D,YU,CC,D
14:28:32,UNVR,RG,4850,20,D,YU,OD,D
14:28:27,UNVR,RG,4860,6,D,XC,PD,D
14:28:25,UNVR,RG,4850,10,D,YU,PD,D
14:28:21,UNVR,RG,4850,3,D,YU,ZP,F
14:28:20,UNVR,RG,4850,10,D,YU,YP,D
14:28:12,UNVR,RG,4850,16,D,YU,BK,F
14:28:06,UNVR,RG,4850,5,D,YU,YP,D
14:28:01,UNVR,RG,4860,1,D,PD,PD,D
14:27:58,UNVR,RG,4850,20,D,YU,XC,D
14:27:57,UNVR,RG,4850,3,D,YU,XC,D
14:27:57,UNVR,RG,4850,223,D,YU,SQ,D
14:27:57,UNVR,RG,4850,2,D,PD,SQ,D
14:27:55,UNVR,RG,4860,5,D,PD,PD,D
14:27:55,UNVR,RG,4860,10,D,EP,PD,D
14:27:54,UNVR,RG,4850,6,F,AK,OD,D
14:27:54,UNVR,RG,4850,3,D,LG,OD,D
14:27:53,UNVR,RG,4850,15,D,LG,BK,F
14:27:52,UNVR,RG,4850,29,D,LG,DR,D
14:27:52,UNVR,RG,4850,4,D,LG,OD,D
14:27:48,UNVR,RG,4850,25,D,LG,OD,D
14:27:46,UNVR,RG,4850,4,D,LG,XC,D
14:27:45,UNVR,RG,4850,24,D,LG,DX,F
14:27:44,UNVR,RG,4850,15,D,LG,BK,F
14:27:44,UNVR,RG,4850,57,D,LG,XC,D
14:27:42,UNVR,RG,4850,5,D,LG,PD,D
14:27:41,UNVR,RG,4850,3,D,LG,DX,D
14:27:37,UNVR,RG,4850,16,D,LG,NI,D
14:27:37,UNVR,RG,4850,34,D,LG,NI,D
14:27:37,UNVR,RG,4850,10,D,LG,PD,D
14:27:35,UNVR,RG,4850,2,D,LG,CC,D
14:27:32,UNVR,RG,4850,18,D,LG,OD,D
14:27:17,UNVR,RG,4850,336,D,LG,IF,D
14:27:17,UNVR,RG,4850,1,D,NI,IF,D
14:27:17,UNVR,RG,4850,10,D,DH,IF,D
14:27:17,UNVR,RG,4850,120,D,KK,IF,D
14:27:17,UNVR,RG,4850,2,D,XC,IF,D
14:27:17,UNVR,RG,4850,10,D,YP,IF,D
14:27:17,UNVR,RG,4850,10,D,DH,IF,D
14:27:17,UNVR,RG,4850,293,D,YU,IF,D
14:27:17,UNVR,RG,4850,50,D,YP,IF,D
14:27:17,UNVR,RG,4850,2,D,DR,IF,D
14:27:17,UNVR,RG,4850,1,D,PD,IF,D
14:27:17,UNVR,RG,4850,97,F,CS,IF,D
14:27:17,UNVR,RG,4850,3,D,YU,IF,D
14:27:17,UNVR,RG,4850,5,D,YU,IF,D
14:27:17,UNVR,RG,4850,60,D,YU,IF,D
14:27:16,UNVR,RG,4860,1,D,XC,PD,D
14:27:14,UNVR,RG,4850,14,D,YU,BK,F
14:27:14,UNVR,RG,4850,1,D,XC,BK,F
14:27:14,UNVR,RG,4850,1,D,NI,BK,F
14:27:07,UNVR,RG,4860,10,D,OD,PD,D
14:27:02,UNVR,RG,4850,16,D,YP,BK,F
14:27:00,UNVR,RG,4860,3,D,NI,PD,D
14:26:54,UNVR,RG,4850,11,D,YP,OD,D
14:26:53,UNVR,RG,4860,1,D,YP,PD,D
14:26:52,UNVR,RG,4850,4,D,YP,OD,D
14:26:48,UNVR,RG,4850,2,D,YP,OD,D
14:26:48,UNVR,RG,4850,20,D,PD,OD,D
14:26:47,UNVR,RG,4860,2,D,XC,PD,D
14:26:45,UNVR,RG,4860,8,D,AT,PD,D
14:26:45,UNVR,RG,4860,3,D,AT,CS,D
14:26:42,UNVR,RG,4860,5,D,AT,CS,D
14:26:35,UNVR,RG,4860,2,D,CC,CS,D
14:26:35,UNVR,RG,4860,2,D,CC,YP,D
14:26:35,UNVR,RG,4860,1,D,CC,CS,D
14:26:35,UNVR,RG,4850,1,D,PD,CC,D
14:26:32,UNVR,RG,4850,4,D,PD,OD,D
14:26:32,UNVR,RG,4850,13,D,LS,OD,D
14:26:19,UNVR,RG,4860,3,D,AT,CS,D
14:26:17,UNVR,RG,4850,112,D,LS,CC,D
14:26:15,UNVR,RG,4850,14,D,LS,BK,F
14:26:13,UNVR,RG,4860,5,D,CC,CS,D
14:26:03,UNVR,RG,4860,10,D,EP,CS,D
14:26:03,UNVR,RG,4860,12,D,EP,CS,D
14:26:03,UNVR,RG,4860,28,D,EP,BK,F
14:26:00,UNVR,RG,4860,2,D,PD,BK,F
14:26:00,UNVR,RG,4860,8,D,PD,YP,D
14:25:56,UNVR,RG,4850,2,D,LS,SQ,D
14:25:50,UNVR,RG,4850,4,D,LS,OD,D
14:25:50,UNVR,RG,4850,9,D,LS,OD,D
14:25:49,UNVR,RG,4860,1,D,YP,YP,D
14:25:48,UNVR,RG,4850,26,D,LS,OD,D
14:25:44,UNVR,RG,4860,1,D,PD,YP,D
14:25:42,UNVR,RG,4850,16,D,LS,BK,F
14:25:41,UNVR,RG,4850,1,D,LS,NI,D
14:25:39,UNVR,RG,4860,2,D,LG,YP,D
14:25:35,UNVR,RG,4850,100,D,LS,YP,D
14:25:35,UNVR,RG,4850,2,D,LS,CC,D
14:25:34,UNVR,RG,4850,20,D,LS,OD,D
14:25:31,UNVR,RG,4850,3,D,LS,YP,D
14:25:25,UNVR,RG,4850,50,D,LS,CC,D
14:25:24,UNVR,RG,4860,1,D,PD,YP,D
14:25:22,UNVR,RG,4850,1,D,LS,PD,D
14:25:16,UNVR,RG,4860,5,D,OD,YP,D
14:24:59,UNVR,RG,4850,24,D,LS,DX,F
14:24:56,UNVR,RG,4860,20,D,NI,YP,D
14:24:56,UNVR,RG,4860,10,D,NI,KK,D
14:24:55,UNVR,RG,4850,20,D,LS,PD,D
14:24:52,UNVR,RG,4850,4,D,LS,OD,D
14:24:48,UNVR,RG,4850,9,D,LS,OD,D
14:24:48,UNVR,RG,4850,22,D,LS,OD,D
14:24:37,UNVR,RG,4850,1,D,LS,CC,D
14:24:34,UNVR,RG,4850,18,D,LS,OD,D
14:24:31,UNVR,RG,4860,1,D,CC,KK,D
14:24:30,UNVR,RG,4860,1,D,XC,KK,D
14:24:14,UNVR,RG,4860,11,D,XC,KK,D
14:24:10,UNVR,RG,4860,27,D,PD,KK,D
14:24:10,UNVR,RG,4860,3,D,PD,ZP,F
14:24:10,UNVR,RG,4860,13,D,PD,BK,F
14:24:09,UNVR,RG,4850,50,D,LS,DH,D
14:24:05,UNVR,RG,4860,20,D,XA,BK,F
14:24:02,UNVR,RG,4860,1,D,YP,BK,F
14:23:54,UNVR,RG,4860,1,D,NI,BK,F
14:23:54,UNVR,RG,4850,4,D,LS,OD,D
14:23:54,UNVR,RG,4850,20,D,LS,YP,D
14:23:52,UNVR,RG,4860,1,D,PD,BK,F
14:23:52,UNVR,RG,4860,30,D,GR,BK,F
14:23:52,UNVR,RG,4860,2,D,GR,ZP,F
14:23:52,UNVR,RG,4860,4,D,GR,ZP,F
14:23:52,UNVR,RG,4860,2,D,GR,ZP,F
14:23:52,UNVR,RG,4860,7,D,GR,DX,F
14:23:50,UNVR,RG,4850,11,D,LS,OD,D
14:23:50,UNVR,RG,4850,25,D,LS,OD,D
14:23:49,UNVR,RG,4850,10,D,LS,CC,D
14:23:45,UNVR,RG,4860,9,D,PD,DX,F
14:23:44,UNVR,RG,4850,27,D,LS,YP,D
14:23:37,UNVR,RG,4850,2,D,LS,CC,D
14:23:33,UNVR,RG,4850,19,D,LS,OD,D
14:23:30,UNVR,RG,4850,5,D,LS,XC,D
14:23:27,UNVR,RG,4850,10,D,LS,CC,D
14:23:20,UNVR,RG,4850,2,D,LS,KK,D
14:23:15,UNVR,RG,4860,2,D,PD,DX,F
14:23:02,UNVR,RG,4860,2,D,OD,DX,F
14:22:56,UNVR,RG,4850,4,D,LS,OD,D
14:22:51,UNVR,RG,4850,24,D,LS,OD,D
14:22:48,UNVR,RG,4850,8,D,LS,OD,D
14:22:43,UNVR,RG,4860,50,D,CC,DX,F
14:22:36,UNVR,RG,4850,2,D,LS,OD,D
14:22:35,UNVR,RG,4850,15,D,LS,OD,D
14:22:35,UNVR,RG,4850,1,D,LS,CC,D
14:22:33,UNVR,RG,4860,100,D,CC,DX,F
14:22:32,UNVR,RG,4850,50,D,LS,PD,D
14:22:27,UNVR,RG,4860,140,D,CC,DX,F
14:22:27,UNVR,RG,4860,30,D,CC,BQ,D
14:22:27,UNVR,RG,4860,2,D,CC,ZP,F
14:22:27,UNVR,RG,4860,28,D,CC,BQ,D
14:22:23,UNVR,RG,4860,1,D,XC,BQ,D
14:22:19,UNVR,RG,4850,21,D,LS,DX,F
14:22:18,UNVR,RG,4860,21,D,CC,BQ,D
14:22:18,UNVR,RG,4860,5,D,CC,ZP,F
14:22:18,UNVR,RG,4860,300,D,CC,YP,D
14:22:18,UNVR,RG,4860,16,D,CC,BK,F
14:22:18,UNVR,RG,4860,5,D,CC,DR,D
14:22:18,UNVR,RG,4860,15,D,CC,BK,F
14:22:18,UNVR,RG,4860,618,D,CC,YP,D
14:22:18,UNVR,RG,4860,8,D,CC,ZP,F
14:22:18,UNVR,RG,4860,2,D,CC,ZP,F
14:22:18,UNVR,RG,4860,10,D,CC,CS,D
14:21:54,UNVR,RG,4850,3,D,LS,OD,D
14:21:50,UNVR,RG,4850,11,D,LS,OD,D
14:21:49,UNVR,RG,4850,22,D,LS,OD,D
14:21:48,UNVR,RG,4850,4,D,LS,XC,D
14:21:37,UNVR,RG,4850,20,D,LS,OD,D
14:21:35,UNVR,RG,4850,2,D,LS,CC,D
14:21:31,UNVR,RG,4860,14,D,SQ,CS,D
14:21:31,UNVR,RG,4860,15,D,SQ,CS,D
14:21:31,UNVR,RG,4860,16,D,SQ,BK,F
14:21:31,UNVR,RG,4860,5,D,SQ,ZP,F
14:21:06,UNVR,RG,4860,1,D,PD,ZP,F
14:21:01,UNVR,RG,4850,7,D,LS,NI,D
14:21:01,UNVR,RG,4860,5,D,YP,ZP,F
14:21:01,UNVR,RG,4860,1,D,YP,ZP,F
14:21:01,UNVR,RG,4860,1,D,YP,ZP,F
14:21:01,UNVR,RG,4860,5,D,YP,HP,D
14:20:59,UNVR,RG,4850,35,D,LS,AT,D
14:20:54,UNVR,RG,4850,4,D,LS,OD,D
14:20:53,UNVR,RG,4860,100,D,CC,HP,D
14:20:50,UNVR,RG,4850,8,D,LS,OD,D
14:20:49,UNVR,RG,4850,26,D,LS,OD,D
14:20:48,UNVR,RG,4850,13,D,LS,KK,D
14:20:45,UNVR,RG,4850,15,D,LS,PD,D
14:20:41,UNVR,RG,4850,49,D,LS,CC,D
14:20:41,UNVR,RG,4850,40,D,YP,CC,D
14:20:41,UNVR,RG,4850,10,D,SQ,CC,D
14:20:41,UNVR,RG,4850,13,D,YU,CC,D
14:20:37,UNVR,RG,4850,17,D,YU,OD,D
14:20:37,UNVR,RG,4850,1,D,YU,CC,D
14:20:36,UNVR,RG,4860,1,D,PD,HP,D
14:20:25,UNVR,RG,4860,2,D,SQ,HP,D
14:20:20,UNVR,RG,4860,25,D,PD,HP,D
14:20:15,UNVR,RG,4860,51,F,CS,HP,D
14:20:15,UNVR,RG,4860,118,F,CS,HP,D
14:20:15,UNVR,RG,4860,55,F,CS,HP,D
14:20:15,UNVR,RG,4860,1,D,AZ,HP,D
14:20:15,UNVR,RG,4860,10,F,CC,HP,D
14:20:15,UNVR,RG,4860,14,F,CS,HP,D
14:20:15,UNVR,RG,4860,267,D,AT,HP,D
14:20:15,UNVR,RG,4860,7,F,AK,HP,D
14:20:15,UNVR,RG,4860,5,D,PD,HP,D
14:20:15,UNVR,RG,4860,4,D,PD,HP,D
14:20:15,UNVR,RG,4860,35,F,AK,HP,D
14:20:13,UNVR,RG,4860,5,F,AK,YP,D
14:20:12,UNVR,RG,4860,143,F,AK,AI,D
14:20:12,UNVR,RG,4860,2,D,PD,AI,D
14:20:12,UNVR,RG,4860,2,D,CS,AI,D
14:20:12,UNVR,RG,4860,52,D,CS,AI,D
14:20:12,UNVR,RG,4860,2,D,CS,AI,D
14:20:12,UNVR,RG,4860,12,D,CS,AI,D
14:20:12,UNVR,RG,4860,11,D,CS,AI,D
14:20:12,UNVR,RG,4860,1,D,CS,AI,D
14:20:12,UNVR,RG,4860,2,D,LG,AI,D
14:20:12,UNVR,RG,4860,6,F,AK,AI,D
14:20:12,UNVR,RG,4860,10,D,AO,AI,D
14:20:12,UNVR,RG,4860,11,D,CC,AI,D
14:20:12,UNVR,RG,4860,106,D,YP,AI,D
14:20:12,UNVR,RG,4860,2,D,YP,AI,D
14:20:12,UNVR,RG,4860,10,D,YP,AI,D
14:20:12,UNVR,RG,4860,1,D,KK,AI,D
14:20:12,UNVR,RG,4860,2,D,CC,AI,D
14:20:12,UNVR,RG,4860,10,D,NI,AI,D
14:20:12,UNVR,RG,4860,500,D,NI,AI,D
14:20:12,UNVR,RG,4860,29,D,CS,AI,D
14:20:12,UNVR,RG,4860,86,F,CS,AI,D
14:20:06,UNVR,RG,4860,1,F,CS,YJ,D
14:20:06,UNVR,RG,4860,2,D,PD,YJ,D
14:20:06,UNVR,RG,4860,28,F,CS,YJ,D
14:20:06,UNVR,RG,4860,5,F,CS,YJ,D
14:20:06,UNVR,RG,4860,1,D,CS,YJ,D
14:20:06,UNVR,RG,4860,1,D,CS,YJ,D
14:20:06,UNVR,RG,4860,2,D,CS,YJ,D
14:20:06,UNVR,RG,4860,29,D,CS,YJ,D
14:20:06,UNVR,RG,4860,57,F,CS,YJ,D
14:20:06,UNVR,RG,4860,31,D,CS,YJ,D
14:20:06,UNVR,RG,4860,1,F,AK,YJ,D
14:20:04,UNVR,RG,4870,2,D,CC,CC,D
14:20:01,UNVR,RG,4870,10,D,YP,CC,D
14:20:00,UNVR,RG,4870,1,D,XC,CC,D
14:19:53,UNVR,RG,4870,1,D,YP,CC,D
14:19:52,UNVR,RG,4870,10,D,YP,CC,D
14:19:51,UNVR,RG,4870,1,D,YP,CC,D
14:19:35,UNVR,RG,4870,1,D,PD,CC,D
14:19:27,UNVR,RG,4860,1,D,CC,PD,D
14:19:23,UNVR,RG,4860,2,D,CC,PD,D
14:19:22,UNVR,RG,4870,1,D,DH,CC,D
14:19:15,UNVR,RG,4870,21,F,BK,CC,D
14:19:14,UNVR,RG,4860,1,D,CC,KK,D
14:19:14,UNVR,RG,4860,1,D,CC,CC,D
14:19:14,UNVR,RG,4860,23,D,CC,OD,D
14:19:14,UNVR,RG,4860,3,D,CC,ZP,F
14:19:14,UNVR,RG,4860,10,D,CC,YP,D
14:19:14,UNVR,RG,4860,4,D,CC,OD,D
14:19:14,UNVR,RG,4860,10,D,CC,OD,D
14:19:14,UNVR,RG,4860,2,D,CC,ZP,F
14:19:14,UNVR,RG,4860,3,D,CC,ZP,F
14:19:14,UNVR,RG,4860,1,D,CC,XC,D
14:19:14,UNVR,RG,4860,19,D,CC,OD,D
14:19:14,UNVR,RG,4860,2,D,CC,CC,D
14:19:14,UNVR,RG,4860,5,D,CC,OD,D
14:19:14,UNVR,RG,4860,1,D,CC,CC,D
14:19:14,UNVR,RG,4860,64,D,CC,DX,F
14:19:08,UNVR,RG,4860,15,D,FS,DX,F
14:19:08,UNVR,RG,4850,20,D,YU,CD,D
14:19:06,UNVR,RG,4860,29,F,BK,DX,F
14:19:02,UNVR,RG,4860,40,D,CC,DX,F
14:19:01,UNVR,RG,4850,6,D,YU,NI,D
14:19:01,UNVR,RG,4850,4,D,YU,NI,D
14:19:01,UNVR,RG,4860,100,D,CP,DX,F
14:18:58,UNVR,RG,4860,4,D,XL,DX,F
14:18:53,UNVR,RG,4860,25,D,PD,DX,F
14:18:52,UNVR,RG,4860,15,D,PD,DX,F
14:18:52,UNVR,RG,4860,2,D,PD,ZP,F
14:18:52,UNVR,RG,4860,1,D,PD,YP,D
14:18:52,UNVR,RG,4860,1,D,PD,ZP,F
14:18:52,UNVR,RG,4860,3,D,PD,YU,D
14:18:52,UNVR,RG,4860,19,D,PD,KK,D
14:18:49,UNVR,RG,4860,10,D,PD,KK,D
14:18:45,UNVR,RG,4860,1,D,CC,KK,D
14:18:45,UNVR,RG,4860,16,F,BK,KK,D
14:18:45,UNVR,RG,4860,1,D,PD,KK,D
14:18:44,UNVR,RG,4850,2,D,YU,PD,D
14:18:43,UNVR,RG,4860,3,D,CC,KK,D
14:18:42,UNVR,RG,4860,2,D,XC,KK,D
14:18:40,UNVR,RG,4860,27,F,BK,KK,D
14:18:35,UNVR,RG,4860,6,D,KK,KK,D
14:18:35,UNVR,RG,4860,115,F,BK,KK,D
14:18:35,UNVR,RG,4860,7,F,BK,ZP,F
14:18:35,UNVR,RG,4860,2,F,BK,ZP,F
14:18:35,UNVR,RG,4860,1,F,BK,ZP,F
14:18:35,UNVR,RG,4860,30,F,BK,CS,D
14:18:34,UNVR,RG,4860,10,D,YJ,CS,D
14:18:31,UNVR,RG,4860,1,D,PD,ZP,F
14:18:31,UNVR,RG,4860,1,D,PD,ZP,F
14:18:31,UNVR,RG,4860,24,D,PD,OD,D
14:18:31,UNVR,RG,4860,4,D,PD,OD,D
14:18:31,UNVR,RG,4860,2,D,PD,ZP,F
14:18:31,UNVR,RG,4860,8,D,PD,OD,D
14:18:31,UNVR,RG,4860,15,D,PD,OD,D
14:18:31,UNVR,RG,4860,327,D,PD,DX,F
14:18:31,UNVR,RG,4860,3,D,PD,ZP,F
14:18:31,UNVR,RG,4860,1,D,PD,CC,D
14:18:31,UNVR,RG,4860,5,D,PD,XC,D
14:18:31,UNVR,RG,4860,2,D,PD,XC,D
14:18:31,UNVR,RG,4860,1,D,PD,PD,D
14:18:31,UNVR,RG,4860,1,D,PD,CD,D
14:18:31,UNVR,RG,4860,5,D,PD,AT,D
14:18:31,UNVR,RG,4860,200,D,PD,GR,D
14:18:31,UNVR,RG,4860,2,D,PD,NI,D
14:18:31,UNVR,RG,4860,2,D,PD,XC,D
14:18:31,UNVR,RG,4860,29,D,PD,LG,D
14:18:31,UNVR,RG,4860,2,D,PD,PD,D
14:18:31,UNVR,RG,4860,2,D,PD,AT,D
14:18:31,UNVR,RG,4860,20,D,PD,YP,D
14:18:31,UNVR,RG,4860,65,D,PD,OD,D
14:18:31,UNVR,RG,4860,5,D,PD,YP,D
14:18:31,UNVR,RG,4860,4,D,PD,CC,D
14:18:31,UNVR,RG,4860,5,D,PD,YP,D
14:18:31,UNVR,RG,4860,1,D,PD,EP,D
14:18:31,UNVR,RG,4860,11,D,PD,CC,D
14:18:31,UNVR,RG,4860,10,D,PD,EP,D
14:18:31,UNVR,RG,4860,242,D,PD,CC,D
14:18:31,UNVR,RG,4860,58,F,BK,CC,D
14:18:31,UNVR,RG,4860,3,F,BK,YU,D
14:18:31,UNVR,RG,4860,17,F,BK,CC,D
14:18:30,UNVR,RG,4860,10,D,CC,CC,D
14:18:29,UNVR,RG,4860,1,D,XC,CC,D
14:18:28,UNVR,RG,4860,22,D,AG,CC,D
14:18:28,UNVR,RG,4860,50,D,AG,KK,D
14:18:28,UNVR,RG,4860,25,D,AG,YP,D
14:18:28,UNVR,RG,4860,1,D,AG,YP,D
14:18:28,UNVR,RG,4860,5,D,AG,ZP,F
14:18:28,UNVR,RG,4860,1,D,AG,XC,D
14:18:28,UNVR,RG,4860,30,D,AG,CC,D
14:18:28,UNVR,RG,4860,1,D,AG,PD,D
14:18:28,UNVR,RG,4860,11,D,AG,YP,D
14:18:28,UNVR,RG,4860,10,D,AG,CC,D
14:18:28,UNVR,RG,4860,175,D,AG,SQ,D
14:18:28,UNVR,RG,4860,8,D,AG,YP,D
14:18:28,UNVR,RG,4860,3,D,AG,AT,D
14:18:28,UNVR,RG,4860,4,D,AG,XC,D
14:18:28,UNVR,RG,4860,9,D,AG,YP,D
14:18:28,UNVR,RG,4860,5,D,AG,NI,D
14:18:28,UNVR,RG,4860,1,D,AG,DR,D
14:18:28,UNVR,RG,4860,4,D,AG,SQ,D
14:18:28,UNVR,RG,4860,1,D,AG,IF,D
14:18:28,UNVR,RG,4860,1,D,AG,PD,D
14:18:28,UNVR,RG,4860,149,D,AG,CC,D
14:18:26,UNVR,RG,4860,18,F,BK,CC,D
14:18:26,UNVR,RG,4850,2,D,YU,AT,D
14:18:26,UNVR,RG,4850,2,D,YU,AT,D
14:18:21,UNVR,RG,4860,73,F,BK,CC,D
14:18:21,UNVR,RG,4860,3,F,BK,EP,D
14:18:21,UNVR,RG,4860,50,F,BK,DH,D
14:18:19,UNVR,RG,4860,50,D,CP,DH,D
14:18:19,UNVR,RG,4860,1,D,CP,PD,D
14:18:19,UNVR,RG,4860,600,D,CP,YP,D
14:18:19,UNVR,RG,4860,1,D,CP,YP,D
14:18:19,UNVR,RG,4860,99,D,CP,LG,D
14:18:19,UNVR,RG,4860,26,D,CP,LG,D
14:18:19,UNVR,RG,4860,10,D,CP,YP,D
14:18:19,UNVR,RG,4860,213,D,CP,YP,D
14:18:16,UNVR,RG,4850,1,D,YU,IF,D
14:18:16,UNVR,RG,4850,1,D,CS,IF,D
14:18:16,UNVR,RG,4850,3,D,LS,IF,D
14:18:16,UNVR,RG,4850,1,D,CS,IF,D
14:18:16,UNVR,RG,4850,1,D,CS,IF,D
14:18:16,UNVR,RG,4850,8,D,XL,IF,D
14:18:13,UNVR,RG,4850,1,D,XL,PD,D
14:18:10,UNVR,RG,4850,1,D,XL,YP,D
14:17:56,UNVR,RG,4850,3,D,XL,YP,D
14:17:54,UNVR,RG,4860,22,F,BK,YP,D
14:17:53,UNVR,RG,4860,5,D,PD,YP,D
14:17:48,UNVR,RG,4860,15,F,BK,YP,D
14:17:45,UNVR,RG,4860,20,F,BK,YP,D
14:17:45,UNVR,RG,4860,2,F,BK,CC,D
14:17:45,UNVR,RG,4860,2,F,BK,YP,D
14:17:45,UNVR,RG,4860,62,F,BK,LG,D
14:17:41,UNVR,RG,4860,36,F,BK,LG,D
14:17:41,UNVR,RG,4860,27,F,BK,LG,D
14:17:41,UNVR,RG,4860,90,F,BK,YP,D
14:17:41,UNVR,RG,4860,1,F,BK,YP,D
14:17:41,UNVR,RG,4860,5,F,BK,YP,D
14:17:41,UNVR,RG,4860,9,F,BK,XC,D
14:17:41,UNVR,RG,4860,14,F,BK,XC,D
14:17:41,UNVR,RG,4860,1,F,BK,PD,D
14:17:41,UNVR,RG,4860,8,F,BK,XC,D
14:17:41,UNVR,RG,4860,70,F,BK,CC,D
14:17:41,UNVR,RG,4860,4,F,BK,PD,D
14:17:41,UNVR,RG,4860,1,F,BK,PD,D
14:17:41,UNVR,RG,4860,2,F,BK,PD,D
14:17:41,UNVR,RG,4860,1,F,BK,PD,D
14:17:41,UNVR,RG,4860,1,F,BK,PD,D
14:17:41,UNVR,RG,4860,1,F,BK,AT,D
14:17:41,UNVR,RG,4860,50,F,BK,KK,D
14:17:41,UNVR,RG,4860,1,F,BK,PD,D
14:17:41,UNVR,RG,4860,1,F,BK,XC,D
14:17:41,UNVR,RG,4860,28,F,BK,PD,D
14:17:41,UNVR,RG,4860,14,F,BK,PD,D
14:17:41,UNVR,RG,4860,1,F,BK,OD,D
14:17:41,UNVR,RG,4860,5,F,BK,EP,D
14:17:41,UNVR,RG,4860,32,F,BK,DR,D
14:17:41,UNVR,RG,4860,98,F,BK,LG,D
14:17:41,UNVR,RG,4860,27,F,BK,LG,D
14:17:41,UNVR,RG,4860,5,F,BK,PD,D
14:17:41,UNVR,RG,4860,2,F,BK,PD,D
14:17:41,UNVR,RG,4860,10,F,BK,GR,D
14:17:41,UNVR,RG,4860,25,F,BK,SQ,D
14:17:41,UNVR,RG,4860,35,F,BK,HP,D
14:17:38,UNVR,RG,4850,31,F,BK,CS,D
14:17:38,UNVR,RG,4850,33,F,BK,ZP,F
14:17:38,UNVR,RG,4850,39,F,BK,CS,D
14:17:38,UNVR,RG,4850,67,F,BK,AK,D
14:17:38,UNVR,RG,4850,149,F,BK,AK,D
14:17:38,UNVR,RG,4850,2,D,CS,AK,D
14:17:38,UNVR,RG,4850,91,D,CS,AK,D
14:17:38,UNVR,RG,4850,58,F,CS,AK,D
14:17:37,UNVR,RG,4850,55,F,AK,AK,D
14:17:37,UNVR,RG,4850,1,F,AK,CC,D
14:17:37,UNVR,RG,4850,2,F,AK,ZP,F
14:17:37,UNVR,RG,4850,4,F,AK,ZP,F
14:17:37,UNVR,RG,4850,311,F,AK,AK,D
14:17:37,UNVR,RG,4850,13,F,AK,CS,D
14:17:37,UNVR,RG,4850,19,F,AK,CS,D
14:17:37,UNVR,RG,4850,7,F,AK,ZP,F
14:17:37,UNVR,RG,4850,10,F,AK,PD,D
14:17:37,UNVR,RG,4850,10,F,AK,PD,D
14:17:37,UNVR,RG,4850,25,F,AK,OD,D
14:17:37,UNVR,RG,4850,22,F,AK,DX,F
14:17:37,UNVR,RG,4850,5,F,AK,OD,D
14:17:37,UNVR,RG,4850,9,F,AK,OD,D
14:17:37,UNVR,RG,4850,3,F,AK,BK,F
14:17:37,UNVR,RG,4850,612,F,AK,DX,F
14:17:37,UNVR,RG,4850,201,D,BQ,DX,F
14:17:37,UNVR,RG,4850,3,D,BQ,XC,D
14:17:37,UNVR,RG,4850,21,D,BQ,OD,D
14:17:37,UNVR,RG,4850,195,D,BQ,LG,D
14:17:37,UNVR,RG,4850,61,D,BQ,BK,F
14:17:37,UNVR,RG,4850,5,D,BQ,ZP,F
14:17:37,UNVR,RG,4850,4,D,BQ,CC,D
14:17:37,UNVR,RG,4850,2,D,BQ,XC,D
14:17:37,UNVR,RG,4850,1,D,BQ,PD,D
14:17:37,UNVR,RG,4850,7,D,BQ,ZP,F
14:17:37,UNVR,RG,4850,56,D,BQ,AK,D
14:17:37,UNVR,RG,4850,10,D,BQ,CC,D
14:17:37,UNVR,RG,4850,4,D,BQ,DH,D
14:17:37,UNVR,RG,4850,16,D,BQ,BK,F
14:17:37,UNVR,RG,4850,46,D,BQ,CS,D
14:17:37,UNVR,RG,4850,21,D,BQ,CS,D
14:17:37,UNVR,RG,4850,28,D,BQ,BK,F
14:17:37,UNVR,RG,4850,59,D,BQ,BK,F
14:17:37,UNVR,RG,4850,5,D,BQ,NI,D
14:17:37,UNVR,RG,4850,1,D,BQ,ZP,F
14:17:37,UNVR,RG,4850,7,D,BQ,ZP,F
14:17:37,UNVR,RG,4850,22,D,BQ,CS,D
14:17:37,UNVR,RG,4850,325,D,BQ,AK,D
14:17:37,UNVR,RG,4850,3,D,BQ,PD,D
14:17:37,UNVR,RG,4850,15,D,BQ,BK,F
14:17:37,UNVR,RG,4850,20,D,BQ,YP,D
14:17:37,UNVR,RG,4850,31,D,BQ,BK,F
14:17:37,UNVR,RG,4850,36,D,BQ,CS,D
14:17:37,UNVR,RG,4850,100,D,BQ,YP,D
14:17:37,UNVR,RG,4850,923,D,BQ,DX,F
14:17:37,UNVR,RG,4850,11,D,BQ,CS,D
14:17:37,UNVR,RG,4850,98,D,BQ,LG,D
14:17:37,UNVR,RG,4850,27,D,BQ,LG,D
14:17:37,UNVR,RG,4850,16,D,BQ,BK,F
14:17:37,UNVR,RG,4850,57,D,BQ,BK,F
14:17:37,UNVR,RG,4850,3,D,BQ,DH,D
14:17:37,UNVR,RG,4850,25,D,BQ,BK,F
14:17:37,UNVR,RG,4850,100,D,BQ,NI,D
14:17:37,UNVR,RG,4850,66,D,BQ,LG,D
14:17:37,UNVR,RG,4850,16,D,BQ,BK,F
14:17:37,UNVR,RG,4850,55,D,BQ,BK,F
14:17:37,UNVR,RG,4850,1,D,BQ,XC,D
14:17:37,UNVR,RG,4850,19,D,BQ,DX,D
14:17:37,UNVR,RG,4850,23,D,BQ,BK,F
14:17:37,UNVR,RG,4850,48,D,BQ,AK,D
14:17:37,UNVR,RG,4850,5,D,BQ,YP,D
14:17:37,UNVR,RG,4850,16,D,BQ,BK,F
14:17:37,UNVR,RG,4850,55,D,BQ,BK,F
14:17:37,UNVR,RG,4850,23,D,BQ,BK,F
14:17:37,UNVR,RG,4850,8,D,BQ,ZP,F
14:17:37,UNVR,RG,4850,2,D,BQ,ZP,F
14:17:37,UNVR,RG,4850,10,D,BQ,CS,D
14:17:37,UNVR,RG,4850,1,D,BQ,ZP,F
14:17:37,UNVR,RG,4850,704,D,BQ,DX,F
14:17:37,UNVR,RG,4850,5,D,BQ,YU,D
14:17:37,UNVR,RG,4850,56,D,BQ,BK,F
14:17:37,UNVR,RG,4850,3,D,BQ,ZP,F
14:17:37,UNVR,RG,4850,1,D,BQ,AT,D
14:17:37,UNVR,RG,4850,42,D,BQ,BK,F
14:17:37,UNVR,RG,4850,71,D,BQ,BK,F
14:17:37,UNVR,RG,4850,2,D,BQ,PD,D
14:17:37,UNVR,RG,4850,103,D,BQ,DR,D
14:17:37,UNVR,RG,4850,7,D,BQ,ZP,F
14:17:37,UNVR,RG,4850,23,D,BQ,ZP,F
14:17:37,UNVR,RG,4850,52,D,BQ,BK,F
14:17:37,UNVR,RG,4850,6,D,BQ,ZP,F
14:17:37,UNVR,RG,4850,98,D,BQ,LG,D
14:17:37,UNVR,RG,4850,27,D,BQ,LG,D
14:17:37,UNVR,RG,4850,99,D,BQ,LG,D
14:17:37,UNVR,RG,4850,26,D,BQ,LG,D
14:17:37,UNVR,RG,4850,2,D,BQ,ZP,F
14:17:37,UNVR,RG,4850,2,D,BQ,ZP,F
14:17:37,UNVR,RG,4850,9,D,BQ,YP,D
14:17:37,UNVR,RG,4850,50,D,BQ,BQ,D
14:17:37,UNVR,RG,4850,75,D,BQ,BQ,D
14:17:37,UNVR,RG,4850,1,D,BQ,XC,D
14:17:37,UNVR,RG,4850,623,D,BQ,DX,F
14:17:33,UNVR,RG,4850,29,F,BK,DX,F
14:17:33,UNVR,RG,4840,2,D,OD,CC,D
14:17:32,UNVR,RG,4850,54,D,YU,DX,F
14:17:31,UNVR,RG,4850,48,F,BK,DX,F
14:17:30,UNVR,RG,4840,15,D,OD,BK,F
14:17:30,UNVR,RG,4850,45,D,YU,DX,F
14:17:29,UNVR,RG,4850,71,F,BK,DX,F
14:17:29,UNVR,RG,4850,27,F,BK,ZP,F
14:17:29,UNVR,RG,4850,100,F,BK,DH,D
14:17:29,UNVR,RG,4850,10,F,BK,PD,D
14:17:29,UNVR,RG,4850,31,F,BK,CS,D
14:17:29,UNVR,RG,4850,4,F,BK,YU,D
14:17:29,UNVR,RG,4850,2,F,BK,ZP,F
14:17:29,UNVR,RG,4850,38,F,BK,YP,D
14:17:26,UNVR,RG,4850,62,D,OD,YP,D
14:17:26,UNVR,RG,4850,35,D,OD,CS,D
14:17:26,UNVR,RG,4850,2,D,OD,ZP,F
14:17:26,UNVR,RG,4850,1,D,OD,PD,D
14:17:26,UNVR,RG,4850,100,D,OD,YU,D
14:17:26,UNVR,RG,4850,2,D,OD,XC,D
14:17:26,UNVR,RG,4850,53,D,OD,BK,F
14:17:26,UNVR,RG,4850,30,D,OD,CC,D
14:17:26,UNVR,RG,4850,1,D,OD,EP,D
14:17:26,UNVR,RG,4850,3,D,OD,ZP,F
14:17:26,UNVR,RG,4850,704,D,OD,DX,F
14:17:26,UNVR,RG,4850,5,D,OD,ZP,F
14:17:26,UNVR,RG,4850,11,D,OD,PD,D
14:17:26,UNVR,RG,4850,10,D,OD,CC,D
14:17:26,UNVR,RG,4850,5,D,OD,ZP,F
14:17:26,UNVR,RG,4850,12,D,OD,AT,D
14:17:26,UNVR,RG,4850,260,D,OD,LG,D
14:17:26,UNVR,RG,4850,71,D,OD,LG,D
14:17:26,UNVR,RG,4850,50,D,OD,DH,D
14:17:26,UNVR,RG,4850,34,D,OD,CS,D
14:17:26,UNVR,RG,4850,1,D,OD,PD,D
14:17:26,UNVR,RG,4850,61,D,OD,BK,F
14:17:26,UNVR,RG,4850,24,D,OD,CS,D
14:17:26,UNVR,RG,4850,421,D,OD,AK,D
14:17:26,UNVR,RG,4850,104,D,OD,DX,F
14:17:21,UNVR,RG,4850,51,D,KK,DX,F
14:17:21,UNVR,RG,4850,25,F,BK,DX,F
14:17:19,UNVR,RG,4850,100,F,AI,DX,F
14:17:14,UNVR,RG,4850,1,D,OD,DX,F
14:17:13,UNVR,RG,4850,1,D,TP,DX,F
14:17:09,UNVR,RG,4850,53,D,YU,DX,F
14:17:09,UNVR,RG,4840,14,D,OD,BK,F
14:17:08,UNVR,RG,4850,45,D,YU,DX,F
14:17:07,UNVR,RG,4840,2,D,OD,OD,D
14:17:07,UNVR,RG,4840,112,D,OD,CC,D
14:17:06,UNVR,RG,4850,2,D,XL,DX,F
14:17:04,UNVR,RG,4840,10,D,OD,AT,D
14:17:02,UNVR,RG,4840,4,D,OD,ZP,F
14:16:56,UNVR,RG,4840,2,D,OD,OD,D
14:16:52,UNVR,RG,4840,9,D,OD,OD,D
14:16:51,UNVR,RG,4840,21,D,OD,OD,D
14:16:51,UNVR,RG,4840,16,D,OD,BK,F
14:16:48,UNVR,RG,4850,55,D,YU,DX,F
14:16:46,UNVR,RG,4850,45,D,YU,DX,F
14:16:45,UNVR,RG,4840,24,D,OD,DX,F
14:16:45,UNVR,RG,4850,2,D,XC,DX,F
14:16:44,UNVR,RG,4840,57,D,OD,DR,D
14:16:39,UNVR,RG,4840,17,D,OD,OD,D
14:16:39,UNVR,RG,4840,3,D,OD,YP,D
14:16:35,UNVR,RG,4840,1,D,OD,CC,D
14:16:32,UNVR,RG,4840,4,D,OD,ZP,F
14:16:32,UNVR,RG,4840,2,D,OD,ZP,F
14:16:28,UNVR,RG,4850,1,D,XC,DX,F
14:16:26,UNVR,RG,4840,20,D,OD,PD,D
14:16:25,UNVR,RG,4850,48,D,YU,DX,F
14:16:25,UNVR,RG,4850,54,D,YU,DX,F
14:16:24,UNVR,RG,4840,1,D,OD,HP,D
14:16:15,UNVR,RG,4840,2,D,OD,ZP,F
14:16:15,UNVR,RG,4850,5,D,DR,DX,F
14:16:08,UNVR,RG,4850,1,D,CC,DX,F
14:16:01,UNVR,RG,4850,43,D,YU,DX,F
14:16:01,UNVR,RG,4850,8,D,YU,AK,D
14:16:00,UNVR,RG,4840,5,D,OD,ZP,F
14:16:00,UNVR,RG,4850,44,D,YU,AK,D
14:15:59,UNVR,RG,4850,3,D,XC,AK,D
14:15:56,UNVR,RG,4840,5,D,OD,OD,D
14:15:54,UNVR,RG,4840,10,D,OD,OD,D
14:15:53,UNVR,RG,4840,24,D,OD,OD,D
14:15:42,UNVR,RG,4850,23,D,YU,AK,D
14:15:42,UNVR,RG,4850,32,D,YU,BK,F
14:15:41,UNVR,RG,4840,17,D,OD,OD,D
14:15:38,UNVR,RG,4850,45,D,YU,BK,F
14:15:37,UNVR,RG,4840,2,D,OD,CC,D
14:15:33,UNVR,RG,4840,1,D,OD,XC,D
14:15:28,UNVR,RG,4840,5,D,OD,ZP,F
14:15:24,UNVR,RG,4840,1,D,OD,YP,D
14:15:24,UNVR,RG,4840,20,D,OD,CC,D
14:15:23,UNVR,RG,4840,97,D,OD,PD,D
14:15:19,UNVR,RG,4850,2,D,PD,BK,F
14:15:17,UNVR,RG,4850,6,D,YU,BK,F
14:15:17,UNVR,RG,4850,25,D,YU,DR,D
14:15:17,UNVR,RG,4850,20,D,YU,CS,D
14:15:16,UNVR,RG,4840,27,D,OD,FS,D
14:15:16,UNVR,RG,4840,7,D,OD,YU,D
14:15:16,UNVR,RG,4850,34,D,YU,CS,D
14:15:16,UNVR,RG,4850,11,D,YU,AK,D
14:15:15,UNVR,RG,4840,15,D,OD,PD,D
14:15:15,UNVR,RG,4840,4,D,OD,YP,D
14:15:10,UNVR,RG,4840,1,D,OD,CC,D
14:14:57,UNVR,RG,4850,2,D,DH,AK,D
14:14:57,UNVR,RG,4850,51,D,YU,AK,D
14:14:56,UNVR,RG,4840,2,D,OD,OD,D
14:14:56,UNVR,RG,4840,3,D,OD,ZP,F
14:14:55,UNVR,RG,4840,20,D,OD,OD,D
14:14:54,UNVR,RG,4850,45,D,YU,AK,D
14:14:54,UNVR,RG,4840,6,D,OD,OD,D
14:14:47,UNVR,RG,4850,10,D,NI,AK,D
14:14:39,UNVR,RG,4840,15,D,OD,OD,D
14:14:39,UNVR,RG,4840,39,D,OD,BK,F
14:14:38,UNVR,RG,4850,52,D,YU,AK,D
14:14:37,UNVR,RG,4840,1,D,OD,CC,D
14:14:35,UNVR,RG,4850,47,D,YU,AK,D
14:14:27,UNVR,RG,4850,5,D,XC,AK,D
14:14:22,UNVR,RG,4850,3,D,XC,AK,D
14:14:19,UNVR,RG,4840,6,D,OD,ZP,F
14:14:19,UNVR,RG,4850,55,D,YU,AK,D
14:14:13,UNVR,RG,4850,46,D,YU,AK,D
14:14:11,UNVR,RG,4850,5,D,YP,AK,D
14:14:02,UNVR,RG,4850,5,D,CC,AK,D
14:13:58,UNVR,RG,4850,50,D,YU,AK,D
14:13:56,UNVR,RG,4840,3,D,OD,OD,D
14:13:55,UNVR,RG,4840,14,D,OD,OD,D
14:13:54,UNVR,RG,4840,26,D,OD,DX,F
14:13:54,UNVR,RG,4840,6,D,OD,OD,D
14:13:53,UNVR,RG,4850,44,D,YU,AK,D
14:13:52,UNVR,RG,4850,200,D,AG,AK,D
14:13:49,UNVR,RG,4850,3,D,XL,AK,D
14:13:44,UNVR,RG,4840,203,D,OD,DX,D
14:13:40,UNVR,RG,4840,6,D,OD,ZP,F
14:13:39,UNVR,RG,4840,13,D,OD,OD,D
14:13:39,UNVR,RG,4840,2,D,OD,CC,D
14:13:35,UNVR,RG,4850,2,D,YP,AK,D
14:13:29,UNVR,RG,4850,1,D,NI,AK,D
14:13:26,UNVR,RG,4850,1,D,XC,AK,D
14:13:20,UNVR,RG,4850,5,D,XC,AK,D
14:13:18,UNVR,RG,4840,97,D,OD,PD,D
14:13:11,UNVR,RG,4850,20,D,YJ,AK,D
14:13:06,UNVR,RG,4840,30,D,OD,XC,D
14:13:06,UNVR,RG,4840,153,D,OD,IF,D
14:13:06,UNVR,RG,4840,1,D,CC,IF,D
14:13:06,UNVR,RG,4840,1,D,CC,IF,D
14:13:06,UNVR,RG,4840,1,D,XC,IF,D
14:13:06,UNVR,RG,4840,1,D,YP,IF,D
14:13:06,UNVR,RG,4840,10,D,NI,IF,D
14:13:06,UNVR,RG,4840,5,D,LS,IF,D
14:13:06,UNVR,RG,4840,10,D,PD,IF,D
14:13:06,UNVR,RG,4840,5,D,CC,IF,D
14:13:06,UNVR,RG,4840,1,D,XL,IF,D
14:13:06,UNVR,RG,4840,36,D,YP,IF,D
14:13:06,UNVR,RG,4840,26,D,NI,IF,D
14:12:57,UNVR,RG,4840,15,D,NI,OD,D
14:12:54,UNVR,RG,4840,20,D,NI,PD,D
14:12:54,UNVR,RG,4840,3,D,NI,OD,D
14:12:52,UNVR,RG,4840,7,D,NI,OD,D
14:12:44,UNVR,RG,4840,49,D,NI,CC,D
14:12:44,UNVR,RG,4850,27,D,PD,AK,D
14:12:44,UNVR,RG,4850,47,D,PD,AK,D
14:12:44,UNVR,RG,4850,1,D,PD,OD,D
14:12:42,UNVR,RG,4850,2,D,DR,CC,D
14:12:41,UNVR,RG,4840,14,D,NI,OD,D
14:12:41,UNVR,RG,4840,10,D,NI,YP,D
14:12:41,UNVR,RG,4840,1,D,NI,CC,D
14:12:41,UNVR,RG,4840,1,D,NI,AZ,D
14:12:40,UNVR,RG,4840,1,D,NI,YP,D
14:12:36,UNVR,RG,4840,253,D,NI,ZP,D
14:12:36,UNVR,RG,4840,1,D,KK,ZP,D
14:12:36,UNVR,RG,4840,1,F,AK,ZP,D
14:12:36,UNVR,RG,4840,5,D,PD,ZP,D
14:12:36,UNVR,RG,4840,174,D,YU,ZP,D
14:12:36,UNVR,RG,4840,7,D,PD,ZP,D
14:12:36,UNVR,RG,4840,1,D,PD,ZP,D
14:12:36,UNVR,RG,4840,8,D,SF,ZP,D
14:12:36,UNVR,RG,4840,145,D,YU,ZP,D
14:12:36,UNVR,RG,4840,1,D,XC,ZP,D
14:12:36,UNVR,RG,4840,1,D,PD,ZP,D
14:12:36,UNVR,RG,4840,3,D,CS,ZP,D
14:12:36,UNVR,RG,4840,2,D,YP,ZP,D
14:12:36,UNVR,RG,4840,1,D,DR,ZP,D
14:12:36,UNVR,RG,4840,1,D,YP,ZP,D
14:12:36,UNVR,RG,4840,20,D,DX,ZP,D
14:12:36,UNVR,RG,4840,86,F,CS,ZP,D
14:12:36,UNVR,RG,4840,2,D,XC,ZP,D
14:12:36,UNVR,RG,4840,85,D,CS,ZP,D
14:12:36,UNVR,RG,4840,5,D,DR,ZP,D
14:12:36,UNVR,RG,4840,2,D,PD,ZP,D
14:12:36,UNVR,RG,4840,10,D,XC,ZP,D
14:12:36,UNVR,RG,4840,5,D,YP,ZP,D
14:12:36,UNVR,RG,4840,6,F,DH,ZP,D
14:12:36,UNVR,RG,4840,100,D,ZP,ZP,D
14:12:36,UNVR,RG,4840,10,D,TP,ZP,D
14:12:36,UNVR,RG,4840,65,F,BK,ZP,D
14:12:29,UNVR,RG,4840,1,F,BK,SQ,D
14:12:17,UNVR,RG,4840,2,F,BK,AT,D
14:12:14,UNVR,RG,4840,3,F,BK,XC,D
14:12:01,UNVR,RG,4840,11,F,BK,NI,D
14:11:59,UNVR,RG,4840,4,F,BK,OD,D
14:11:59,UNVR,RG,4840,1,D,NI,OD,D
14:11:59,UNVR,RG,4840,1,D,DR,OD,D
14:11:59,UNVR,RG,4840,11,D,YU,OD,D
14:11:55,UNVR,RG,4840,7,D,YU,CC,D
14:11:55,UNVR,RG,4840,105,D,YU,CC,D
14:11:50,UNVR,RG,4850,8,D,CC,CC,D
14:11:50,UNVR,RG,4850,6,D,CC,YP,D
14:11:50,UNVR,RG,4850,3,D,CC,ZP,F
14:11:50,UNVR,RG,4850,1,D,CC,NI,D
14:11:50,UNVR,RG,4850,5,D,CC,YP,D
14:11:50,UNVR,RG,4850,1,D,CC,YP,D
14:11:50,UNVR,RG,4850,1,D,CC,NI,D
14:11:50,UNVR,RG,4850,1,D,CC,SQ,D
14:11:50,UNVR,RG,4850,2,D,CC,ZP,F
14:11:50,UNVR,RG,4850,22,D,CC,BK,F
14:11:50,UNVR,RG,4840,3,D,YU,OD,D
14:11:50,UNVR,RG,4840,7,D,YU,OD,D
14:11:41,UNVR,RG,4840,33,D,YU,CC,D
14:11:41,UNVR,RG,4840,1,D,AZ,CC,D
14:11:41,UNVR,RG,4840,10,D,YP,CC,D
14:11:41,UNVR,RG,4840,6,D,YU,CC,D
14:11:41,UNVR,RG,4840,2,D,YU,CC,D
14:11:39,UNVR,RG,4840,14,D,YU,OD,D
14:11:36,UNVR,RG,4840,2,D,YU,YP,D
14:11:34,UNVR,RG,4840,2,D,YU,KK,D
14:11:32,UNVR,RG,4840,1,D,YU,XC,D
14:11:28,UNVR,RG,4840,50,D,YU,DR,D
14:11:13,UNVR,RG,4840,38,D,YU,DH,D
14:11:13,UNVR,RG,4840,62,F,CS,DH,D
14:11:09,UNVR,RG,4840,19,F,CS,YP,D
14:11:06,UNVR,RG,4840,21,F,CS,DX,F
14:11:02,UNVR,RG,4840,2,F,CS,CC,D
14:11:01,UNVR,RG,4840,1,F,CS,OD,D
14:11:01,UNVR,RG,4840,5,D,NI,OD,D
14:11:01,UNVR,RG,4840,9,D,XC,OD,D
14:11:01,UNVR,RG,4850,50,D,RF,BK,F
14:10:59,UNVR,RG,4840,2,D,XC,XC,D
14:10:51,UNVR,RG,4840,9,D,XC,CC,D
14:10:51,UNVR,RG,4840,39,D,PD,CC,D
14:10:51,UNVR,RG,4840,1,D,YP,CC,D
14:10:51,UNVR,RG,4840,1,D,CC,CC,D
14:10:51,UNVR,RG,4840,20,D,YU,CC,D
14:10:51,UNVR,RG,4840,5,D,CC,CC,D
14:10:51,UNVR,RG,4840,1,D,YP,CC,D
14:10:51,UNVR,RG,4840,36,F,BK,CC,D
14:10:50,UNVR,RG,4840,2,F,BK,OD,D
14:10:48,UNVR,RG,4840,6,F,BK,OD,D
14:10:45,UNVR,RG,4840,11,F,BK,PD,D
14:10:41,UNVR,RG,4840,5,F,BK,OD,D
14:10:41,UNVR,RG,4840,6,D,YP,OD,D
14:10:39,UNVR,RG,4840,1,D,YP,CC,D
14:10:35,UNVR,RG,4840,2,D,YP,YP,D
14:10:35,UNVR,RG,4840,5,D,PD,YP,D
14:10:35,UNVR,RG,4840,2,D,CS,YP,D
14:10:35,UNVR,RG,4840,1,D,YU,YP,D
14:10:35,UNVR,RG,4840,10,D,YU,NI,D
14:10:35,UNVR,RG,4840,10,D,YU,NI,D
14:10:30,UNVR,RG,4850,1,D,OD,BK,F
14:10:24,UNVR,RG,4840,6,D,YU,YP,D
14:10:24,UNVR,RG,4840,19,F,CS,YP,D
14:10:23,UNVR,RG,4840,10,F,CS,NI,D
14:10:18,UNVR,RG,4840,4,F,CS,ZP,F
14:10:17,UNVR,RG,4840,20,F,CS,LG,D
14:10:10,UNVR,RG,4840,1,F,CS,NI,D
14:10:06,UNVR,RG,4840,30,F,CS,BQ,D
14:10:02,UNVR,RG,4840,30,F,CS,DH,D
14:10:02,UNVR,RG,4840,6,F,AK,DH,D
14:10:02,UNVR,RG,4840,14,F,AK,DH,D
14:10:02,UNVR,RG,4850,5,D,NI,BK,F
14:10:01,UNVR,RG,4840,15,F,AK,OD,D
14:10:01,UNVR,RG,4840,50,F,AK,BQ,D
14:09:55,UNVR,RG,4840,20,F,AK,PD,D
14:09:54,UNVR,RG,4840,1,F,AK,NI,D
14:09:51,UNVR,RG,4850,2,D,PD,BK,F
14:09:50,UNVR,RG,4840,4,F,AK,OD,D
14:09:50,UNVR,RG,4840,7,F,AK,OD,D
14:09:50,UNVR,RG,4840,50,F,AK,SQ,D
14:09:48,UNVR,RG,4840,20,F,AK,AG,D
14:09:44,UNVR,RG,4840,1,F,AK,NI,D
14:09:43,UNVR,RG,4840,13,F,AK,OD,D
14:09:41,UNVR,RG,4840,15,F,AK,AK,D
14:09:41,UNVR,RG,4840,64,D,YU,AK,D
14:09:41,UNVR,RG,4840,1,D,PD,AK,D
14:09:41,UNVR,RG,4840,5,D,GR,AK,D
14:09:41,UNVR,RG,4840,51,D,YU,AK,D
14:09:41,UNVR,RG,4840,23,D,YU,BQ,D
14:09:41,UNVR,RG,4840,2,D,YU,CC,D
14:09:40,UNVR,RG,4840,1,D,YU,ZP,F
14:09:40,UNVR,RG,4840,2,D,YU,ZP,F
14:09:40,UNVR,RG,4840,2,D,YU,ZP,F
14:09:40,UNVR,RG,4840,10,D,CC,ZP,F
14:09:40,UNVR,RG,4840,1,D,YP,ZP,F
14:09:40,UNVR,RG,4840,10,D,PD,ZP,F
14:09:40,UNVR,RG,4840,10,D,GR,ZP,F
14:09:40,UNVR,RG,4840,51,D,YU,ZP,F
14:09:40,UNVR,RG,4840,10,D,YU,ZP,F
14:09:40,UNVR,RG,4840,4,D,YU,ZP,F
14:09:39,UNVR,RG,4840,9,D,YU,AK,F
14:09:39,UNVR,RG,4840,10,D,CC,AK,F
14:09:39,UNVR,RG,4840,145,F,CS,AK,F
14:09:39,UNVR,RG,4840,6,F,AK,AK,F
14:09:39,UNVR,RG,4840,308,F,AK,AK,F
14:09:39,UNVR,RG,4840,495,F,BK,AK,F
14:09:39,UNVR,RG,4840,56,D,YU,AK,F
14:09:39,UNVR,RG,4840,5,D,AZ,AK,F
14:09:39,UNVR,RG,4840,15,D,XC,AK,F
14:09:39,UNVR,RG,4840,2,D,AT,AK,F
14:09:39,UNVR,RG,4840,20,D,YP,AK,F
14:09:39,UNVR,RG,4840,50,D,SQ,AK,F
14:09:39,UNVR,RG,4840,10,D,XC,AK,F
14:09:39,UNVR,RG,4840,2,D,CC,AK,F
14:09:39,UNVR,RG,4840,500,D,YU,AK,F
14:09:39,UNVR,RG,4840,1,D,XC,AK,F
14:09:39,UNVR,RG,4840,1,D,CC,AK,F
14:09:39,UNVR,RG,4840,2,F,AG,AK,F
14:09:39,UNVR,RG,4840,1,D,YP,AK,F
14:09:39,UNVR,RG,4840,50,D,PD,AK,F
14:09:39,UNVR,RG,4840,10,D,EP,AK,F
14:09:39,UNVR,RG,4840,1,D,DH,AK,F
14:09:39,UNVR,RG,4840,5,D,PD,AK,F
14:09:39,UNVR,RG,4840,1,D,PD,AK,F
14:09:39,UNVR,RG,4840,100,D,GR,AK,F
14:09:39,UNVR,RG,4840,150,D,KK,AK,F
14:09:39,UNVR,RG,4840,2,D,YP,AK,F
14:09:39,UNVR,RG,4840,2,D,PD,AK,F
14:09:39,UNVR,RG,4840,71,F,CS,AK,F
14:09:39,UNVR,RG,4840,1,D,OD,AK,F
14:09:39,UNVR,RG,4840,1,D,YP,AK,F
14:09:39,UNVR,RG,4840,202,F,BK,AK,F
14:09:39,UNVR,RG,4840,1,D,YP,AK,F
14:09:39,UNVR,RG,4840,3,D,CS,AK,F
14:09:39,UNVR,RG,4840,685,D,OD,AK,F
14:09:36,UNVR,RG,4850,2,F,BK,BK,F
14:09:36,UNVR,RG,4850,21,F,BK,ZP,D
14:09:33,UNVR,RG,4850,1,D,NI,ZP,D
14:09:33,UNVR,RG,4840,97,D,OD,PD,D
14:09:31,UNVR,RG,4850,1,D,CC,ZP,D
14:09:31,UNVR,RG,4850,1,D,YP,ZP,D
14:09:29,UNVR,RG,4850,40,D,NI,ZP,D
14:09:25,UNVR,RG,4850,16,F,BK,ZP,D
14:09:20,UNVR,RG,4850,20,F,BK,ZP,D
14:09:18,UNVR,RG,4840,97,D,OD,PD,D
14:09:15,UNVR,RG,4850,56,F,BK,ZP,D
14:09:14,UNVR,RG,4840,1183,D,OD,AK,F
14:09:14,UNVR,RG,4840,5,D,XC,AK,F
14:09:14,UNVR,RG,4840,5,D,DR,AK,F
14:09:14,UNVR,RG,4840,2,D,OD,AK,F
14:09:14,UNVR,RG,4840,2,D,XC,AK,F
14:09:14,UNVR,RG,4840,1,D,PD,AK,F
14:09:14,UNVR,RG,4840,142,D,CS,AK,F
14:09:14,UNVR,RG,4840,2,D,CC,AK,F
14:09:14,UNVR,RG,4840,20,D,YP,AK,F
14:09:14,UNVR,RG,4840,7,D,OD,AK,F
14:09:14,UNVR,RG,4840,20,D,CC,AK,F
14:09:14,UNVR,RG,4840,1,D,PD,AK,F
14:09:14,UNVR,RG,4840,1,D,YB,AK,F
14:09:14,UNVR,RG,4840,1,D,XC,AK,F
14:09:14,UNVR,RG,4840,5,D,CC,AK,F
14:09:14,UNVR,RG,4840,2,D,SQ,AK,F
14:09:14,UNVR,RG,4840,1,D,EP,AK,F
14:09:14,UNVR,RG,4840,1,D,YP,AK,F
14:09:14,UNVR,RG,4840,1,D,PD,AK,F
14:09:14,UNVR,RG,4840,206,F,BK,AK,F
14:09:14,UNVR,RG,4840,1,F,AK,AK,F
14:09:14,UNVR,RG,4840,5,D,YP,AK,F
14:09:14,UNVR,RG,4840,3,D,YP,AK,F
14:09:14,UNVR,RG,4840,175,D,CC,AK,F
14:09:14,UNVR,RG,4840,10,D,PD,AK,F
14:09:14,UNVR,RG,4840,1,D,CC,AK,F
14:09:14,UNVR,RG,4840,141,F,AK,AK,F
14:09:14,UNVR,RG,4840,7,D,XC,AK,F
14:09:14,UNVR,RG,4840,5,D,PD,AK,F
14:09:14,UNVR,RG,4840,10,D,CC,AK,F
14:09:14,UNVR,RG,4840,5,D,PD,AK,F
14:09:14,UNVR,RG,4840,1,D,CC,AK,F
14:09:14,UNVR,RG,4840,5,D,PD,AK,F
14:09:14,UNVR,RG,4840,1,D,XC,AK,F
14:09:14,UNVR,RG,4840,2,D,NI,AK,F
