Time,Stock,Brd,Price,Qty,BT,BC,SC,ST
15:14:41,UNVR,RG,4150,1,D,YJ,PD,D
15:14:30,UNVR,RG,4150,1,D,YJ,KZ,F
15:14:29,UNVR,RG,4150,1,D,YJ,KZ,F
15:14:29,UNVR,RG,4150,2,D,YJ,XC,D
15:14:22,UNVR,RG,4150,1,D,YJ,YP,D
15:13:51,UNVR,RG,4150,1,D,YJ,KZ,F
15:13:51,UNVR,RG,4150,1,D,YJ,XC,D
15:13:50,UNVR,RG,4150,1,D,YJ,KZ,F
15:13:49,UNVR,RG,4150,1,D,YJ,KZ,F
15:13:49,UNVR,RG,4150,1,D,YJ,KZ,F
15:13:48,UNVR,RG,4150,3,D,YJ,KZ,F
15:13:48,UNVR,RG,4150,1,D,YJ,KZ,F
15:13:47,UNVR,RG,4150,5,D,YJ,KZ,F
15:13:47,UNVR,RG,4150,9,D,YJ,KZ,F
15:13:46,UNVR,RG,4150,8,D,YJ,KZ,F
15:13:46,UNVR,RG,4150,24,D,YJ,KZ,F
15:13:45,UNVR,RG,4150,8,D,YJ,YU,D
15:13:45,UNVR,RG,4150,1,D,YP,YU,D
15:13:45,UNVR,RG,4150,20,D,SQ,YU,D
15:13:45,UNVR,RG,4150,71,D,MG,YU,D
15:13:06,UNVR,RG,4150,1,D,MG,KZ,F
15:13:05,UNVR,RG,4150,3,D,MG,KZ,F
15:13:05,UNVR,RG,4150,7,D,MG,PD,D
15:12:46,UNVR,RG,4150,1,D,MG,KZ,F
15:12:45,UNVR,RG,4150,1,D,MG,KZ,F
15:12:45,UNVR,RG,4150,1,D,MG,KZ,F
15:12:44,UNVR,RG,4150,3,D,MG,KZ,F
15:12:44,UNVR,RG,4150,2,D,MG,KZ,F
15:12:43,UNVR,RG,4150,10,D,MG,KZ,F
15:12:43,UNVR,RG,4150,29,D,MG,KZ,F
15:12:43,UNVR,RG,4150,85,D,MG,CC,D
15:12:12,UNVR,RG,4150,1,D,MG,KZ,F
15:12:11,UNVR,RG,4150,5,D,MG,NI,D
15:12:08,UNVR,RG,4150,1,D,MG,KZ,F
15:12:07,UNVR,RG,4150,2,D,MG,KZ,F
15:12:06,UNVR,RG,4150,1,D,MG,KZ,F
15:12:06,UNVR,RG,4150,5,D,MG,KZ,F
15:12:05,UNVR,RG,4150,14,D,MG,KZ,F
15:12:05,UNVR,RG,4150,6,D,MG,KZ,F
15:12:04,UNVR,RG,4150,1,D,MG,KZ,F
15:12:04,UNVR,RG,4150,6,D,CD,KZ,F
15:12:04,UNVR,RG,4150,19,D,CD,KZ,F
15:12:04,UNVR,RG,4150,23,D,CD,CC,D
15:12:04,UNVR,RG,4150,5,D,XC,CC,D
15:12:04,UNVR,RG,4150,1,D,PD,CC,D
15:12:04,UNVR,RG,4150,2,D,PD,CC,D
15:12:04,UNVR,RG,4150,3,D,NI,CC,D
15:12:04,UNVR,RG,4150,10,D,PD,CC,D
15:12:04,UNVR,RG,4150,56,D,HP,CC,D
15:11:41,UNVR,RG,4150,1,D,HP,KZ,F
15:11:41,UNVR,RG,4150,1,D,HP,KZ,F
15:11:40,UNVR,RG,4150,3,D,HP,KZ,F
15:11:40,UNVR,RG,4150,9,D,HP,KZ,F
15:11:39,UNVR,RG,4150,25,D,HP,YP,D
15:11:36,UNVR,RG,4150,1,D,HP,KZ,F
15:11:36,UNVR,RG,4150,3,D,HP,XC,D
15:11:25,UNVR,RG,4150,1,D,HP,XC,D
15:11:22,UNVR,RG,4150,1,D,HP,KZ,F
15:11:21,UNVR,RG,4150,1,D,HP,KZ,F
15:11:21,UNVR,RG,4150,1,D,HP,KZ,F
15:11:20,UNVR,RG,4150,1,D,HP,KZ,F
15:11:20,UNVR,RG,4150,4,D,HP,KZ,F
15:11:20,UNVR,RG,4150,5,D,HP,GR,D
15:11:20,UNVR,RG,4150,10,D,HP,YP,D
15:10:59,UNVR,RG,4150,1,D,HP,KZ,F
15:10:58,UNVR,RG,4150,1,D,HP,CC,D
15:10:57,UNVR,RG,4150,1,D,HP,KZ,F
15:10:56,UNVR,RG,4150,1,D,HP,XC,D
15:10:48,UNVR,RG,4150,2,D,HP,KZ,F
15:10:47,UNVR,RG,4150,1,D,HP,KZ,F
15:10:47,UNVR,RG,4150,1,D,HP,KZ,F
15:10:47,UNVR,RG,4150,5,D,HP,CC,D
15:10:47,UNVR,RG,4150,5,D,HP,PD,D
15:10:36,UNVR,RG,4150,1,D,HP,KZ,F
15:10:35,UNVR,RG,4150,1,D,HP,KZ,F
15:10:35,UNVR,RG,4150,1,D,HP,KZ,F
15:10:34,UNVR,RG,4150,3,D,HP,CC,D
15:10:26,UNVR,RG,4150,1,D,HP,KZ,F
15:10:26,UNVR,RG,4150,1,D,HP,KZ,F
15:10:25,UNVR,RG,4150,10,D,HP,KZ,F
15:10:25,UNVR,RG,4150,3,D,HP,KZ,F
15:10:25,UNVR,RG,4150,30,D,HP,DR,D
15:10:16,UNVR,RG,4150,1,D,HP,KZ,F
15:10:15,UNVR,RG,4150,2,D,HP,KZ,F
15:10:14,UNVR,RG,4150,4,D,HP,KZ,F
15:10:14,UNVR,RG,4150,1,D,HP,KZ,F
15:10:13,UNVR,RG,4150,4,D,HP,KZ,F
15:10:13,UNVR,RG,4150,2,D,HP,KZ,F
15:10:13,UNVR,RG,4150,1,D,HP,GR,D
15:10:13,UNVR,RG,4150,10,D,HP,KZ,F
15:10:13,UNVR,RG,4150,31,D,HP,KZ,F
15:10:13,UNVR,RG,4150,2,D,HP,YP,D
15:10:07,UNVR,RG,4150,1,D,XC,YP,D
15:09:51,UNVR,RG,4150,3,D,CC,YP,D
15:09:47,UNVR,RG,4150,1,D,NI,YP,D
15:09:47,UNVR,RG,4150,93,D,YP,YP,D
15:09:46,UNVR,RG,4150,1,D,YP,KZ,F
15:09:45,UNVR,RG,4150,2,D,YP,KZ,F
15:09:45,UNVR,RG,4150,1,D,YP,KZ,F
15:09:44,UNVR,RG,4150,3,D,YP,KZ,F
15:09:44,UNVR,RG,4150,2,D,YP,KZ,F
15:09:43,UNVR,RG,4150,1,D,YP,YP,D
15:09:43,UNVR,RG,4150,5,D,YP,KZ,F
15:09:43,UNVR,RG,4150,12,D,YP,KZ,F
15:09:39,UNVR,RG,4150,2,D,PD,KZ,F
15:09:39,UNVR,RG,4150,3,D,PD,SQ,D
15:09:38,UNVR,RG,4150,5,D,YP,SQ,D
15:09:38,UNVR,RG,4150,1,D,PD,SQ,D
15:09:38,UNVR,RG,4150,41,D,YJ,SQ,D
15:09:34,UNVR,RG,4150,1,D,YJ,KZ,F
15:09:34,UNVR,RG,4150,3,D,YJ,KZ,F
15:09:34,UNVR,RG,4150,10,D,YJ,NI,D
15:09:31,UNVR,RG,4150,1,D,YJ,KZ,F
15:09:30,UNVR,RG,4150,1,D,YJ,KZ,F
15:09:30,UNVR,RG,4150,1,D,YJ,KZ,F
15:09:29,UNVR,RG,4150,1,D,YJ,KZ,F
15:09:29,UNVR,RG,4150,3,D,YJ,KZ,F
15:09:28,UNVR,RG,4150,2,D,YJ,KZ,F
15:09:28,UNVR,RG,4150,1,D,YJ,KZ,F
15:09:27,UNVR,RG,4150,11,D,YJ,KZ,F
15:09:27,UNVR,RG,4150,15,D,YJ,KZ,F
15:09:26,UNVR,RG,4150,6,D,YJ,KZ,F
15:09:26,UNVR,RG,4150,1,D,YJ,KZ,F
15:09:25,UNVR,RG,4150,5,D,YJ,YP,D
15:09:25,UNVR,RG,4150,5,D,YJ,NI,D
15:09:25,UNVR,RG,4150,8,D,YJ,XC,D
15:09:25,UNVR,RG,4150,14,D,YJ,PD,D
15:09:25,UNVR,RG,4150,1,D,YJ,XC,D
15:09:25,UNVR,RG,4150,2,D,YJ,YP,D
15:09:25,UNVR,RG,4150,15,D,YJ,CC,D
15:09:25,UNVR,RG,4150,50,D,YJ,KZ,F
15:09:25,UNVR,RG,4150,2,D,YJ,KZ,F
15:09:07,UNVR,RG,4150,9,D,YP,KZ,F
15:08:59,UNVR,RG,4150,5,D,YP,KZ,F
15:08:01,UNVR,RG,4150,1,D,KK,KZ,F
15:08:01,UNVR,RG,4150,1,D,KK,KZ,F
15:08:00,UNVR,RG,4150,120,D,LG,PD,D
15:08:00,UNVR,RG,4150,25,D,PD,PD,D
15:08:00,UNVR,RG,4150,2,D,KK,PD,D
15:08:00,UNVR,RG,4150,3,D,YP,PD,D
15:08:00,UNVR,RG,4150,1,D,YP,KZ,F
15:08:00,UNVR,RG,4150,1,D,YP,KZ,F
15:07:59,UNVR,RG,4150,2,D,YP,KZ,F
15:07:59,UNVR,RG,4150,2,D,YP,KZ,F
15:07:58,UNVR,RG,4150,5,D,YP,KZ,F
15:07:58,UNVR,RG,4150,6,D,YJ,KZ,F
15:07:58,UNVR,RG,4150,34,D,YJ,KZ,F
15:07:57,UNVR,RG,4150,100,D,YJ,OD,D
15:07:53,UNVR,RG,4150,1,D,YJ,KZ,F
15:07:52,UNVR,RG,4150,2,D,YJ,KZ,F
15:07:51,UNVR,RG,4150,6,D,YJ,XC,D
15:07:46,UNVR,RG,4150,1,D,YJ,KZ,F
15:07:46,UNVR,RG,4150,1,D,YJ,KZ,F
15:07:45,UNVR,RG,4150,1,D,YJ,KZ,F
15:07:45,UNVR,RG,4150,1,D,YJ,HP,D
15:07:44,UNVR,RG,4150,3,D,YJ,KZ,F
15:07:44,UNVR,RG,4150,3,D,YJ,KZ,F
15:07:43,UNVR,RG,4150,26,D,YJ,KZ,F
15:07:43,UNVR,RG,4150,9,D,YJ,KZ,F
15:07:42,UNVR,RG,4150,80,D,YJ,YP,D
15:07:36,UNVR,RG,4150,1,D,YJ,KZ,F
15:07:35,UNVR,RG,4150,1,D,YJ,YP,D
15:07:28,UNVR,RG,4150,1,D,YJ,KZ,F
15:07:28,UNVR,RG,4150,1,D,YJ,KZ,F
15:07:27,UNVR,RG,4150,2,D,YJ,KZ,F
15:07:27,UNVR,RG,4150,6,D,YJ,KZ,F
15:07:26,UNVR,RG,4150,20,D,YJ,IF,D
15:07:25,UNVR,RG,4150,1,D,YJ,KZ,F
15:07:24,UNVR,RG,4150,1,D,YJ,KZ,F
15:07:24,UNVR,RG,4150,1,D,YJ,KZ,F
15:07:23,UNVR,RG,4150,5,D,YJ,XC,D
15:07:21,UNVR,RG,4150,1,D,YJ,KZ,F
15:07:20,UNVR,RG,4150,2,D,YJ,KZ,F
15:07:20,UNVR,RG,4150,2,D,YJ,KZ,F
15:07:19,UNVR,RG,4150,17,D,YJ,KZ,F
15:07:19,UNVR,RG,4150,6,D,YJ,KZ,F
15:07:18,UNVR,RG,4150,50,D,YJ,SQ,D
15:07:01,UNVR,RG,4150,2,D,YJ,KZ,F
15:07:01,UNVR,RG,4150,2,D,YJ,KZ,F
15:07:00,UNVR,RG,4150,5,D,YJ,KZ,F
15:07:00,UNVR,RG,4150,17,D,YJ,KZ,F
15:07:00,UNVR,RG,4150,50,D,YJ,SQ,D
15:06:48,UNVR,RG,4150,1,D,YJ,YP,D
15:06:42,UNVR,RG,4150,1,D,YJ,KZ,F
15:06:42,UNVR,RG,4150,1,D,YJ,KZ,F
15:06:41,UNVR,RG,4150,7,D,YJ,KZ,F
15:06:41,UNVR,RG,4150,2,D,YJ,KZ,F
15:06:40,UNVR,RG,4150,1,D,YJ,KZ,F
15:06:40,UNVR,RG,4150,5,D,YJ,KZ,F
15:06:39,UNVR,RG,4150,14,D,YJ,KZ,F
15:06:39,UNVR,RG,4150,1,D,DR,KZ,F
15:06:39,UNVR,RG,4150,52,D,DR,KZ,F
15:06:38,UNVR,RG,4150,5,D,DR,KZ,F
15:06:38,UNVR,RG,4150,17,D,DR,KZ,F
15:06:37,UNVR,RG,4150,142,D,DR,KZ,F
15:06:37,UNVR,RG,4150,10,D,DR,KZ,F
15:06:36,UNVR,RG,4150,60,D,DR,CC,D
15:06:36,UNVR,RG,4150,10,D,DR,PD,D
15:06:36,UNVR,RG,4150,25,D,DR,PD,D
15:06:36,UNVR,RG,4150,3,D,DR,PD,D
15:06:36,UNVR,RG,4150,5,D,DR,AT,D
15:06:36,UNVR,RG,4150,45,D,DR,KZ,F
15:06:36,UNVR,RG,4150,10,D,DR,KZ,F
15:06:18,UNVR,RG,4150,25,D,YP,KZ,F
15:06:15,UNVR,RG,4150,12,D,PD,KZ,F
15:06:05,UNVR,RG,4150,15,D,PD,KZ,F
15:05:50,UNVR,RG,4150,74,D,YJ,KZ,F
15:05:50,UNVR,RG,4150,20,D,YJ,KZ,F
15:05:50,UNVR,RG,4150,50,D,YJ,YP,D
15:05:50,UNVR,RG,4150,2,D,YJ,GR,D
15:05:50,UNVR,RG,4150,8,D,YJ,XC,D
15:05:50,UNVR,RG,4150,5,D,YJ,KK,D
15:05:50,UNVR,RG,4150,10,D,YJ,YP,D
15:05:50,UNVR,RG,4150,25,D,YJ,PD,D
15:05:50,UNVR,RG,4150,100,D,YJ,DR,D
15:05:50,UNVR,RG,4150,168,D,YJ,KZ,F
15:05:50,UNVR,RG,4150,38,D,YJ,KZ,F
15:05:49,UNVR,RG,4150,20,D,YP,KZ,F
15:05:38,UNVR,RG,4150,250,D,AI,KZ,F
15:05:27,UNVR,RG,4150,94,D,YJ,KZ,F
15:05:26,UNVR,RG,4150,203,D,YJ,KZ,F
15:05:26,UNVR,RG,4150,10,D,YJ,LG,D
15:05:26,UNVR,RG,4150,693,D,YJ,KZ,F
15:05:15,UNVR,RG,4150,9,D,YP,KZ,F
15:05:15,UNVR,RG,4150,5,D,PD,KZ,F
15:05:04,UNVR,RG,4150,2,D,YP,KZ,F
15:05:04,UNVR,RG,4150,200,D,SQ,KZ,F
15:05:04,UNVR,RG,4150,5,D,CC,KZ,F
15:05:04,UNVR,RG,4150,10,D,CC,KZ,F
15:05:04,UNVR,RG,4150,60,D,CD,KZ,F
15:05:04,UNVR,RG,4150,2,D,PD,KZ,F
15:05:04,UNVR,RG,4150,1,D,XC,KZ,F
15:05:04,UNVR,RG,4150,1,D,PD,KZ,F
15:05:04,UNVR,RG,4150,1,D,PD,KZ,F
15:05:04,UNVR,RG,4150,12,D,PD,KZ,F
15:05:04,UNVR,RG,4150,155,D,BB,KZ,F
15:05:04,UNVR,RG,4150,3466,D,BB,KZ,F
15:05:03,UNVR,RG,4150,1,D,BB,YP,D
15:05:03,UNVR,RG,4150,110,D,BB,YP,D
15:05:03,UNVR,RG,4150,2,D,BB,YP,D
15:05:03,UNVR,RG,4150,22,D,BB,YP,D
15:05:03,UNVR,RG,4150,25,D,BB,YP,D
15:05:02,UNVR,RG,4150,1,D,BB,NI,D
15:05:02,UNVR,RG,4150,2,D,BB,LG,D
15:05:02,UNVR,RG,4150,30,D,BB,PD,D
15:05:02,UNVR,RG,4150,31,D,BB,PD,D
15:05:02,UNVR,RG,4150,1,D,BB,KK,D
15:05:02,UNVR,RG,4150,1,D,BB,PD,D
15:05:01,UNVR,RG,4150,5,D,BB,KK,D
15:05:01,UNVR,RG,4150,1,D,BB,XC,D
15:05:01,UNVR,RG,4150,1,D,BB,XC,D
15:05:01,UNVR,RG,4150,5,D,BB,XC,D
15:05:01,UNVR,RG,4150,1,D,BB,XC,D
15:05:01,UNVR,RG,4150,1,D,BB,XC,D
15:05:00,UNVR,RG,4150,2,D,BB,NI,D
15:05:00,UNVR,RG,4150,15,D,BB,XC,D
15:05:00,UNVR,RG,4150,2,D,BB,KK,D
15:05:00,UNVR,RG,4150,3,D,BB,PD,D
15:05:00,UNVR,RG,4150,9,D,BB,DH,D
15:05:00,UNVR,RG,4150,2,D,BB,GR,D
15:05:00,UNVR,RG,4150,73,D,BB,KK,D
15:05:00,UNVR,RG,4150,4,D,BB,PD,D
15:05:00,UNVR,RG,4150,1,D,BB,YP,D
15:05:00,UNVR,RG,4150,10,D,BB,XC,D
15:05:00,UNVR,RG,4150,1,D,BB,XC,D
15:05:00,UNVR,RG,4150,200,D,BB,SC,D
15:05:00,UNVR,RG,4150,5,D,BB,CC,D
15:05:00,UNVR,RG,4150,200,D,BB,SC,D
15:05:00,UNVR,RG,4150,200,D,BB,SC,D
15:05:00,UNVR,RG,4150,200,D,BB,SC,D
15:05:00,UNVR,RG,4150,10,D,BB,YP,D
15:05:00,UNVR,RG,4150,1,D,BB,NI,D
15:05:00,UNVR,RG,4150,88,D,BB,CC,D
15:05:00,UNVR,RG,4150,134,D,BB,AT,D
15:05:00,UNVR,RG,4150,1,D,BB,YP,D
15:05:00,UNVR,RG,4150,40,D,BB,CC,D
15:05:00,UNVR,RG,4150,10,D,BB,CC,D
15:05:00,UNVR,RG,4150,5,D,BB,CC,D
15:05:00,UNVR,RG,4150,7,D,BB,PD,D
15:05:00,UNVR,RG,4150,50,D,BB,OD,D
15:05:00,UNVR,RG,4150,18,D,BB,XC,D
15:05:00,UNVR,RG,4150,39,D,BB,YP,D
15:05:00,UNVR,RG,4150,5,D,BB,CC,D
15:05:00,UNVR,RG,4150,115,D,BB,NI,D
15:05:00,UNVR,RG,4150,50,D,BB,DH,D
15:05:00,UNVR,RG,4150,2,D,BB,GR,D
15:05:00,UNVR,RG,4150,2,D,BB,KK,D
15:05:00,UNVR,RG,4150,1,D,BB,LG,D
15:05:00,UNVR,RG,4150,1,D,BB,EP,D
15:05:00,UNVR,RG,4150,10,D,BB,NI,D
15:05:00,UNVR,RG,4150,100,D,BB,YP,D
15:05:00,UNVR,RG,4150,50,D,BB,GR,D
15:05:00,UNVR,RG,4150,9,D,BB,YP,D
15:05:00,UNVR,RG,4150,10,D,BB,PD,D
15:05:00,UNVR,RG,4150,50,D,BB,LG,D
15:05:00,UNVR,RG,4150,5,D,BB,YP,D
15:05:00,UNVR,RG,4150,7,D,BB,XC,D
15:05:00,UNVR,RG,4150,10,D,BB,CC,D
15:05:00,UNVR,RG,4150,2,D,BB,NI,D
15:05:00,UNVR,RG,4150,2,D,BB,PD,D
15:05:00,UNVR,RG,4150,400,D,BB,NI,D
15:05:00,UNVR,RG,4150,1,D,BB,SQ,D
15:05:00,UNVR,RG,4150,78,D,BB,YP,D
15:05:00,UNVR,RG,4150,50,D,BB,EP,D
15:05:00,UNVR,RG,4150,20,D,BB,PD,D
15:05:00,UNVR,RG,4150,5,D,BB,PD,D
15:05:00,UNVR,RG,4150,488,D,BB,CC,D
15:00:00,UNVR,RG,4150,12,D,KK,CC,D
15:00:00,UNVR,RG,4150,3,D,KK,XC,D
15:00:00,UNVR,RG,4150,22,D,KK,DR,D
15:00:00,UNVR,RG,4150,1,D,YP,DR,D
15:00:00,UNVR,RG,4150,2,D,CC,DR,D
15:00:00,UNVR,RG,4150,3,D,CC,SC,D
15:00:00,UNVR,RG,4150,3,D,YP,SC,D
15:00:00,UNVR,RG,4150,1,D,PD,SC,D
15:00:00,UNVR,RG,4150,193,F,YU,SC,D
15:00:00,UNVR,RG,4150,5,F,YU,CC,D
15:00:00,UNVR,RG,4150,100,F,YU,PD,D
15:00:00,UNVR,RG,4150,10,F,YU,PD,D
15:00:00,UNVR,RG,4150,10,F,YU,PD,D
15:00:00,UNVR,RG,4150,1,F,YU,PD,D
15:00:00,UNVR,RG,4150,30,F,YU,DR,D
15:00:00,UNVR,RG,4150,2,F,YU,AI,D
15:00:00,UNVR,RG,4150,50,F,YU,PD,D
15:00:00,UNVR,RG,4150,1,F,YU,CC,D
15:00:00,UNVR,RG,4150,1,F,YU,XC,D
15:00:00,UNVR,RG,4150,5,F,YU,OD,D
15:00:00,UNVR,RG,4150,80,F,YU,CC,D
15:00:00,UNVR,RG,4150,1,F,YU,NI,D
15:00:00,UNVR,RG,4150,10,F,YU,CC,D
15:00:00,UNVR,RG,4150,1,F,YU,XC,D
15:00:00,UNVR,RG,4150,100,F,YU,NI,D
15:00:00,UNVR,RG,4150,30,F,YU,TP,D
15:00:00,UNVR,RG,4150,2,F,YU,XC,D
15:00:00,UNVR,RG,4150,10,F,YU,CC,D
15:00:00,UNVR,RG,4150,5,F,YU,XC,D
15:00:00,UNVR,RG,4150,20,F,YU,YP,D
15:00:00,UNVR,RG,4150,1,F,YU,KK,D
15:00:00,UNVR,RG,4150,90,F,YU,PD,D
15:00:00,UNVR,RG,4150,1,F,YU,PD,D
15:00:00,UNVR,RG,4150,20,F,YU,NI,D
15:00:00,UNVR,RG,4150,2,F,YU,GR,D
15:00:00,UNVR,RG,4150,6,F,YU,NI,D
15:00:00,UNVR,RG,4150,10,F,YU,GR,D
15:00:00,UNVR,RG,4150,5,F,YU,PD,D
15:00:00,UNVR,RG,4150,10,F,YU,YU,D
15:00:00,UNVR,RG,4150,1,F,YU,XC,D
15:00:00,UNVR,RG,4150,1,F,YU,CC,D
15:00:00,UNVR,RG,4150,2,F,YU,PD,D
15:00:00,UNVR,RG,4150,20,F,YU,NI,D
15:00:00,UNVR,RG,4150,1,F,YU,YP,D
15:00:00,UNVR,RG,4150,3,F,YU,NI,D
15:00:00,UNVR,RG,4150,1,F,YU,XC,D
15:00:00,UNVR,RG,4150,5,F,YU,SQ,D
15:00:00,UNVR,RG,4150,100,F,YU,YP,D
15:00:00,UNVR,RG,4150,2,F,YU,YP,D
15:00:00,UNVR,RG,4150,15,F,YU,YP,D
15:00:00,UNVR,RG,4150,10,F,YU,YP,D
15:00:00,UNVR,RG,4150,2,F,YU,YP,D
15:00:00,UNVR,RG,4150,5,F,YU,CC,D
15:00:00,UNVR,RG,4150,3,F,YU,XC,D
15:00:00,UNVR,RG,4150,3,F,YU,XC,D
15:00:00,UNVR,RG,4150,1,F,YU,XC,D
15:00:00,UNVR,RG,4150,2,F,YU,PD,D
15:00:00,UNVR,RG,4150,2,F,YU,CC,D
15:00:00,UNVR,RG,4150,25,F,YU,CC,D
15:00:00,UNVR,RG,4150,5,F,YU,CC,D
15:00:00,UNVR,RG,4150,10,F,YU,PD,D
15:00:00,UNVR,RG,4150,1,F,YU,SQ,D
15:00:00,UNVR,RG,4150,1,F,YU,PD,D
15:00:00,UNVR,RG,4150,1,F,YU,PD,D
15:00:00,UNVR,RG,4150,1,F,YU,PD,D
15:00:00,UNVR,RG,4150,25,F,YU,PD,D
15:00:00,UNVR,RG,4150,1,F,YU,PD,D
15:00:00,UNVR,RG,4150,3,F,YU,PD,D
15:00:00,UNVR,RG,4150,40,F,YU,PD,D
15:00:00,UNVR,RG,4150,10,F,YU,PD,D
15:00:00,UNVR,RG,4150,1,F,YU,SQ,D
15:00:00,UNVR,RG,4150,1,F,YU,AT,D
15:00:00,UNVR,RG,4150,1,F,YU,SQ,D
15:00:00,UNVR,RG,4150,1,F,YU,PD,D
15:00:00,UNVR,RG,4150,1,F,YU,AZ,D
15:00:00,UNVR,RG,4150,100,F,YU,SQ,D
15:00:00,UNVR,RG,4150,10,F,YU,CP,D
15:00:00,UNVR,RG,4150,3,F,YU,TF,D
15:00:00,UNVR,RG,4150,1,F,YU,XC,D
15:00:00,UNVR,RG,4150,1,F,YU,OD,D
15:00:00,UNVR,RG,4150,2,F,YU,KK,D
15:00:00,UNVR,RG,4150,43,F,YU,XA,D
15:00:00,UNVR,RG,4150,5,F,YU,SQ,D
15:00:00,UNVR,RG,4150,3,F,YU,XC,D
15:00:00,UNVR,RG,4150,3,F,YU,YP,D
15:00:00,UNVR,RG,4150,25,F,YU,PD,D
15:00:00,UNVR,RG,4150,9,F,YU,PD,D
15:00:00,UNVR,RG,4150,2,F,YU,CC,D
15:00:00,UNVR,RG,4150,1,F,YU,DR,D
15:00:00,UNVR,RG,4150,1,F,YU,XC,D
15:00:00,UNVR,RG,4150,1,F,YU,OD,D
15:00:00,UNVR,RG,4150,10,F,YU,PD,D
15:00:00,UNVR,RG,4150,5,F,YU,PD,D
15:00:00,UNVR,RG,4150,1,F,YU,YP,D
15:00:00,UNVR,RG,4150,36,F,YU,CC,D
15:00:00,UNVR,RG,4150,5,F,YU,PD,D
15:00:00,UNVR,RG,4150,4,F,YU,YP,D
15:00:00,UNVR,RG,4150,20,F,YU,CC,D
15:00:00,UNVR,RG,4150,3,F,YU,XC,D
15:00:00,UNVR,RG,4150,8,F,YU,PD,D
15:00:00,UNVR,RG,4150,5,F,YU,CC,D
15:00:00,UNVR,RG,4150,25,F,YU,XC,D
15:00:00,UNVR,RG,4150,200,F,YU,DH,D
15:00:00,UNVR,RG,4150,1,F,YU,XC,D
15:00:00,UNVR,RG,4150,5,F,YU,GR,D
15:00:00,UNVR,RG,4150,50,F,YU,SQ,D
15:00:00,UNVR,RG,4150,1,F,YU,EP,D
15:00:00,UNVR,RG,4150,1,F,YU,KK,D
15:00:00,UNVR,RG,4150,3,F,YU,PD,D
15:00:00,UNVR,RG,4150,1,F,YU,PD,D
15:00:00,UNVR,RG,4150,5,F,YU,PO,D
15:00:00,UNVR,RG,4150,2,F,YU,XC,D
15:00:00,UNVR,RG,4150,5,F,YU,CC,D
15:00:00,UNVR,RG,4150,4,F,YU,SQ,D
15:00:00,UNVR,RG,4150,5,F,YU,OD,D
15:00:00,UNVR,RG,4150,10,F,YU,DH,D
15:00:00,UNVR,RG,4150,1,F,YU,SQ,D
15:00:00,UNVR,RG,4150,10,F,YU,PD,D
15:00:00,UNVR,RG,4150,1,F,YU,IF,D
15:00:00,UNVR,RG,4150,200,F,YU,CC,D
15:00:00,UNVR,RG,4150,1,F,YU,PD,D
15:00:00,UNVR,RG,4150,5,F,YU,PD,D
15:00:00,UNVR,RG,4150,3,F,YU,GR,D
15:00:00,UNVR,RG,4150,10,F,YU,CC,D
15:00:00,UNVR,RG,4150,2,F,YU,XC,D
15:00:00,UNVR,RG,4150,1,F,YU,NI,D
15:00:00,UNVR,RG,4150,16,F,YU,NI,D
15:00:00,UNVR,RG,4150,10,F,YU,NI,D
15:00:00,UNVR,RG,4150,2,F,YU,CC,D
15:00:00,UNVR,RG,4150,1,F,YU,PD,D
15:00:00,UNVR,RG,4150,1,F,YU,XC,D
15:00:00,UNVR,RG,4150,5,F,YU,PD,D
15:00:00,UNVR,RG,4150,1,F,YU,MG,D
15:00:00,UNVR,RG,4150,10,F,YU,DR,D
15:00:00,UNVR,RG,4150,1,F,YU,PD,D
15:00:00,UNVR,RG,4150,150,F,YU,YP,D
15:00:00,UNVR,RG,4150,1,F,YU,XC,D
15:00:00,UNVR,RG,4150,2,F,YU,CC,D
15:00:00,UNVR,RG,4150,2,F,YU,YP,D
15:00:00,UNVR,RG,4150,60,F,YU,YP,D
15:00:00,UNVR,RG,4150,10,F,YU,PD,D
15:00:00,UNVR,RG,4150,21,F,YU,PD,D
15:00:00,UNVR,RG,4150,10,F,YU,GR,D
15:00:00,UNVR,RG,4150,2,F,YU,XC,D
15:00:00,UNVR,RG,4150,2,F,YU,SQ,D
15:00:00,UNVR,RG,4150,1,F,YU,CC,D
15:00:00,UNVR,RG,4150,1,F,YU,YP,D
15:00:00,UNVR,RG,4150,3,F,YU,XC,D
15:00:00,UNVR,RG,4150,1,F,YU,YP,D
15:00:00,UNVR,RG,4150,10,F,YU,NI,D
15:00:00,UNVR,RG,4150,1,F,YU,KK,D
15:00:00,UNVR,RG,4150,2,F,YU,KK,D
15:00:00,UNVR,RG,4150,16,F,YU,NI,D
15:00:00,UNVR,RG,4150,1,F,YU,PD,D
15:00:00,UNVR,RG,4150,1,F,YU,YP,D
15:00:00,UNVR,RG,4150,3,F,YU,YP,D
15:00:00,UNVR,RG,4150,1,F,YU,GR,D
15:00:00,UNVR,RG,4150,1,F,YU,DH,D
15:00:00,UNVR,RG,4150,1,F,YU,CC,D
15:00:00,UNVR,RG,4150,10,F,YU,YB,D
15:00:00,UNVR,RG,4150,1,F,YU,YP,D
15:00:00,UNVR,RG,4150,5,F,YU,YP,D
15:00:00,UNVR,RG,4150,3,F,YU,KK,D
15:00:00,UNVR,RG,4150,3,F,YU,EP,D
15:00:00,UNVR,RG,4150,1,F,YU,SQ,D
15:00:00,UNVR,RG,4150,2,F,YU,CC,D
15:00:00,UNVR,RG,4150,5,F,YU,PD,D
15:00:00,UNVR,RG,4150,1,F,YU,CC,D
15:00:00,UNVR,RG,4150,10,F,YU,YP,D
15:00:00,UNVR,RG,4150,10,F,YU,PD,D
15:00:00,UNVR,RG,4150,2,F,YU,AI,D
15:00:00,UNVR,RG,4150,25,F,YU,DR,D
15:00:00,UNVR,RG,4150,200,F,YU,LG,D
15:00:00,UNVR,RG,4150,1,F,YU,YP,D
15:00:00,UNVR,RG,4150,12,F,YU,SQ,D
15:00:00,UNVR,RG,4150,1,F,YU,PD,D
15:00:00,UNVR,RG,4150,1,F,YU,XC,D
15:00:00,UNVR,RG,4150,20,F,YU,CP,D
15:00:00,UNVR,RG,4150,10,F,YU,DH,D
15:00:00,UNVR,RG,4150,1,F,YU,PD,D
15:00:00,UNVR,RG,4150,1,F,YU,XC,D
15:00:00,UNVR,RG,4150,1,F,YU,PD,D
15:00:00,UNVR,RG,4150,2,F,YU,NI,D
15:00:00,UNVR,RG,4150,125,F,YU,DR,D
15:00:00,UNVR,RG,4150,1,F,YU,CC,D
15:00:00,UNVR,RG,4150,5,F,YU,PD,D
15:00:00,UNVR,RG,4150,1,F,YU,XC,D
15:00:00,UNVR,RG,4150,2,F,YU,YP,D
15:00:00,UNVR,RG,4150,20,F,YU,SQ,D
15:00:00,UNVR,RG,4150,100,F,YU,CC,D
15:00:00,UNVR,RG,4150,1,F,YU,PD,D
15:00:00,UNVR,RG,4150,10,F,YU,KK,D
15:00:00,UNVR,RG,4150,2,F,YU,PD,D
15:00:00,UNVR,RG,4150,1,F,YU,NI,D
15:00:00,UNVR,RG,4150,1,F,YU,NI,D
15:00:00,UNVR,RG,4150,5,F,YU,FS,D
15:00:00,UNVR,RG,4150,2,F,YU,GR,D
15:00:00,UNVR,RG,4150,3,F,YU,PD,D
15:00:00,UNVR,RG,4150,2,F,YU,PD,D
15:00:00,UNVR,RG,4150,16,F,YU,YP,D
15:00:00,UNVR,RG,4150,1,F,YU,XC,D
15:00:00,UNVR,RG,4150,100,F,YU,PD,D
15:00:00,UNVR,RG,4150,10,F,YU,LG,D
15:00:00,UNVR,RG,4150,10,F,YU,ZP,D
15:00:00,UNVR,RG,4150,500,F,YU,YP,D
15:00:00,UNVR,RG,4150,1,F,YU,YP,D
15:00:00,UNVR,RG,4150,5,F,YU,NI,D
15:00:00,UNVR,RG,4150,10,F,YU,EP,D
15:00:00,UNVR,RG,4150,10,F,YU,YP,D
15:00:00,UNVR,RG,4150,10,F,YU,CC,D
15:00:00,UNVR,RG,4150,2,F,YU,XC,D
15:00:00,UNVR,RG,4150,13,F,YU,YP,D
15:00:00,UNVR,RG,4150,3,F,YU,YP,D
15:00:00,UNVR,RG,4150,1,F,YU,PD,D
15:00:00,UNVR,RG,4150,8,F,YU,YP,D
15:00:00,UNVR,RG,4150,5,F,YU,YP,D
15:00:00,UNVR,RG,4150,3,F,YU,YP,D
15:00:00,UNVR,RG,4150,1,F,YU,PD,D
15:00:00,UNVR,RG,4150,10,F,YU,SQ,D
15:00:00,UNVR,RG,4150,10,F,YU,PD,D
15:00:00,UNVR,RG,4150,1,F,YU,RO,D
15:00:00,UNVR,RG,4150,1,F,YU,PD,D
15:00:00,UNVR,RG,4150,5,F,YU,PD,D
15:00:00,UNVR,RG,4150,1,F,YU,YP,D
15:00:00,UNVR,RG,4150,10,F,YU,GR,D
15:00:00,UNVR,RG,4150,25,F,YU,CC,D
15:00:00,UNVR,RG,4150,1,F,YU,SQ,D
15:00:00,UNVR,RG,4150,36,F,YU,YP,D
15:00:00,UNVR,RG,4150,10,F,YU,NI,D
15:00:00,UNVR,RG,4150,10,F,YU,NI,D
15:00:00,UNVR,RG,4150,1,F,YU,YP,D
15:00:00,UNVR,RG,4150,2,F,YU,SQ,D
15:00:00,UNVR,RG,4150,2,F,YU,NI,D
15:00:00,UNVR,RG,4150,50,F,YU,PD,D
15:00:00,UNVR,RG,4150,1,F,YU,KK,D
15:00:00,UNVR,RG,4150,2,F,YU,NI,D
15:00:00,UNVR,RG,4150,5,F,YU,YP,D
15:00:00,UNVR,RG,4150,10,F,YU,OD,D
15:00:00,UNVR,RG,4150,10,F,YU,YP,D
15:00:00,UNVR,RG,4150,5,F,YU,PD,D
15:00:00,UNVR,RG,4150,3,F,YU,KK,D
15:00:00,UNVR,RG,4150,21,F,YU,KK,D
15:00:00,UNVR,RG,4150,2,F,YU,OD,D
15:00:00,UNVR,RG,4150,1,F,YU,YP,D
15:00:00,UNVR,RG,4150,1,F,YU,GR,D
15:00:00,UNVR,RG,4150,2,F,YU,YP,D
15:00:00,UNVR,RG,4150,10,F,YU,DR,D
15:00:00,UNVR,RG,4150,1,F,YU,EP,D
15:00:00,UNVR,RG,4150,1,F,YU,NI,D
15:00:00,UNVR,RG,4150,1,F,YU,XC,D
15:00:00,UNVR,RG,4150,2,F,YU,NI,D
15:00:00,UNVR,RG,4150,5,F,YU,YP,D
15:00:00,UNVR,RG,4150,50,F,YU,YP,D
15:00:00,UNVR,RG,4150,25,F,YU,CC,D
15:00:00,UNVR,RG,4150,100,F,YU,YP,D
15:00:00,UNVR,RG,4150,12,F,YU,NI,D
15:00:00,UNVR,RG,4150,4,F,YU,PD,D
15:00:00,UNVR,RG,4150,2,F,YU,PD,D
15:00:00,UNVR,RG,4150,1,F,YU,GR,D
15:00:00,UNVR,RG,4150,10,F,YU,PD,D
15:00:00,UNVR,RG,4150,500,F,YU,YP,D
15:00:00,UNVR,RG,4150,100,F,YU,SQ,D
15:00:00,UNVR,RG,4150,3,F,YU,PD,D
15:00:00,UNVR,RG,4150,300,F,YU,PD,D
15:00:00,UNVR,RG,4150,5,F,YU,DH,D
15:00:00,UNVR,RG,4150,1,F,YU,XC,D
15:00:00,UNVR,RG,4150,25,F,YU,SQ,D
15:00:00,UNVR,RG,4150,55,F,YU,DH,D
15:00:00,UNVR,RG,4150,130,F,YU,SQ,D
15:00:00,UNVR,RG,4150,10,F,YU,PD,D
15:00:00,UNVR,RG,4150,1,F,YU,YP,D
15:00:00,UNVR,RG,4150,2,F,YU,PD,D
15:00:00,UNVR,RG,4150,1,F,YU,PD,D
15:00:00,UNVR,RG,4150,3,F,YU,PD,D
15:00:00,UNVR,RG,4150,5,F,YU,PD,D
15:00:00,UNVR,RG,4150,1,F,YU,PD,D
15:00:00,UNVR,RG,4150,1,F,YU,XC,D
15:00:00,UNVR,RG,4150,1,F,YU,AZ,D
15:00:00,UNVR,RG,4150,2,F,YU,PD,D
15:00:00,UNVR,RG,4150,5,F,YU,PD,D
15:00:00,UNVR,RG,4150,100,F,YU,EP,D
15:00:00,UNVR,RG,4150,2,F,YU,PD,D
15:00:00,UNVR,RG,4150,6,F,YU,KK,D
15:00:00,UNVR,RG,4150,1,F,YU,XC,D
15:00:00,UNVR,RG,4150,1,F,YU,KK,D
15:00:00,UNVR,RG,4150,1,F,YU,KK,D
15:00:00,UNVR,RG,4150,10,F,YU,KK,D
15:00:00,UNVR,RG,4150,3,F,YU,EP,D
15:00:00,UNVR,RG,4150,1,F,YU,GR,D
15:00:00,UNVR,RG,4150,1,F,YU,XC,D
15:00:00,UNVR,RG,4150,50,F,YU,ZP,F
15:00:00,UNVR,RG,4150,1,F,YU,CP,D
15:00:00,UNVR,RG,4150,25,F,YU,PD,D
15:00:00,UNVR,RG,4150,1,F,YU,KK,D
15:00:00,UNVR,RG,4150,100,F,YU,FS,D
15:00:00,UNVR,RG,4150,2,F,YU,DR,D
15:00:00,UNVR,RG,4150,20,F,YU,PD,D
15:00:00,UNVR,RG,4150,1,F,YU,YP,D
15:00:00,UNVR,RG,4150,3,F,YU,NI,D
15:00:00,UNVR,RG,4150,5,F,YU,KK,D
15:00:00,UNVR,RG,4150,1,F,YU,XC,D
15:00:00,UNVR,RG,4150,20,F,YU,PD,D
15:00:00,UNVR,RG,4150,6,F,YU,XC,D
15:00:00,UNVR,RG,4150,5,F,YU,PD,D
15:00:00,UNVR,RG,4150,4,F,YU,YP,D
15:00:00,UNVR,RG,4150,10,F,YU,CC,D
15:00:00,UNVR,RG,4150,25,F,YU,AI,D
15:00:00,UNVR,RG,4150,10,F,YU,OD,D
15:00:00,UNVR,RG,4150,2,F,YU,NI,D
15:00:00,UNVR,RG,4150,1,F,YU,XA,D
15:00:00,UNVR,RG,4150,1,F,YU,PD,D
15:00:00,UNVR,RG,4150,3,F,YU,PD,D
15:00:00,UNVR,RG,4150,50,F,YU,PD,D
15:00:00,UNVR,RG,4150,3,F,YU,NI,D
15:00:00,UNVR,RG,4150,800,F,YU,YJ,D
15:00:00,UNVR,RG,4150,100,F,YU,OD,D
15:00:00,UNVR,RG,4150,1,F,YU,YP,D
15:00:00,UNVR,RG,4150,100,F,YU,YJ,D
15:00:00,UNVR,RG,4150,50,F,YU,IF,D
15:00:00,UNVR,RG,4150,100,F,YU,DU,D
15:00:00,UNVR,RG,4150,50,F,YU,NI,D
15:00:00,UNVR,RG,4150,1000,F,YU,CC,D
15:00:00,UNVR,RG,4150,50,F,YU,DH,D
15:00:00,UNVR,RG,4150,1,F,YU,YP,D
15:00:00,UNVR,RG,4150,894,F,YU,CC,D
15:00:00,UNVR,RG,4150,3,D,YP,CC,D
15:00:00,UNVR,RG,4150,103,F,ZP,CC,D
15:00:00,UNVR,RG,4150,20,F,ZP,PD,D
15:00:00,UNVR,RG,4150,1,F,ZP,PD,D
15:00:00,UNVR,RG,4150,964,F,ZP,CC,D
15:00:00,UNVR,RG,4150,36,F,ZP,CC,D
15:00:00,UNVR,RG,4150,2,F,ZP,SQ,D
15:00:00,UNVR,RG,4150,40,F,ZP,CC,D
15:00:00,UNVR,RG,4150,337,F,ZP,YP,D
15:00:00,UNVR,RG,4150,63,F,AK,YP,D
15:00:00,UNVR,RG,4150,1,F,AK,DX,D
15:00:00,UNVR,RG,4150,20,F,AK,IF,D
15:00:00,UNVR,RG,4150,192,F,AK,YJ,D
15:00:00,UNVR,RG,4150,201,F,BK,YJ,D
15:00:00,UNVR,RG,4150,25,F,CS,YJ,D
15:00:00,UNVR,RG,4150,137,F,CS,YJ,D
15:00:00,UNVR,RG,4150,445,F,DX,YJ,D
15:00:00,UNVR,RG,4150,342,F,DX,EP,D
15:00:00,UNVR,RG,4150,3,F,DX,XC,D
15:00:00,UNVR,RG,4150,2,F,DX,NI,D
15:00:00,UNVR,RG,4150,5,F,DX,XC,D
15:00:00,UNVR,RG,4150,203,F,DX,PD,D
15:00:00,UNVR,RG,4150,97,F,DX,PD,D
15:00:00,UNVR,RG,4150,10,F,DX,CC,D
15:00:00,UNVR,RG,4150,200,F,DX,AI,D
15:00:00,UNVR,RG,4150,40,F,DX,HD,D
15:00:00,UNVR,RG,4150,1,F,DX,EP,D
15:00:00,UNVR,RG,4150,20,F,DX,OD,D
15:00:00,UNVR,RG,4150,3,F,DX,KK,D
15:00:00,UNVR,RG,4150,100,F,DX,YP,D
15:00:00,UNVR,RG,4150,10,F,DX,PD,D
15:00:00,UNVR,RG,4150,3,F,DX,CC,D
15:00:00,UNVR,RG,4150,10,F,DX,CC,D
15:00:00,UNVR,RG,4150,3,F,DX,NI,D
15:00:00,UNVR,RG,4150,20,F,DX,NI,D
15:00:00,UNVR,RG,4150,60,F,DX,DR,D
15:00:00,UNVR,RG,4150,453,F,DX,KZ,F
15:00:00,UNVR,RG,4150,11,D,DH,KZ,F
15:00:00,UNVR,RG,4150,95,F,AK,KZ,F
15:00:00,UNVR,RG,4150,169,F,AK,KZ,F
15:00:00,UNVR,RG,4150,19,F,AK,KZ,F
15:00:00,UNVR,RG,4150,151,F,AK,KZ,F
15:00:00,UNVR,RG,4150,1,F,AK,PD,D
15:00:00,UNVR,RG,4150,5,F,AK,HP,D
15:00:00,UNVR,RG,4150,134,F,AK,PD,D
15:00:00,UNVR,RG,4150,1,F,AK,YP,D
15:00:00,UNVR,RG,4150,949,F,AK,KZ,F
15:00:00,UNVR,RG,4150,400,D,KZ,KZ,F
15:00:00,UNVR,RG,4150,343,D,KZ,KZ,F
15:00:00,UNVR,RG,4150,75,D,KZ,KZ,F
15:00:00,UNVR,RG,4150,113,F,KZ,KZ,F
15:00:00,UNVR,RG,4150,378,F,KZ,KZ,F
15:00:00,UNVR,RG,4150,1,F,KZ,ZP,F
15:00:00,UNVR,RG,4150,4,F,KZ,CG,D
15:00:00,UNVR,RG,4150,43,F,KZ,CG,D
15:00:00,UNVR,RG,4150,487,F,KZ,BK,F
15:00:00,UNVR,RG,4150,56,D,DR,BK,F
15:00:00,UNVR,RG,4150,15,D,DR,ZP,F
15:00:00,UNVR,RG,4150,4,D,DR,AK,F
15:00:00,UNVR,RG,4150,6,D,DR,AK,F
15:00:00,UNVR,RG,4150,2,D,DR,AK,F
15:00:00,UNVR,RG,4150,10,D,DR,AK,F
14:49:53,UNVR,RG,4130,6,D,BB,XA,D
14:49:51,UNVR,RG,4130,1,D,BB,ZP,F
14:49:49,UNVR,RG,4140,158,F,CS,EP,D
14:49:49,UNVR,RG,4140,10,F,CS,GR,D
14:49:49,UNVR,RG,4140,25,F,CS,YP,D
14:49:49,UNVR,RG,4140,1,F,CS,NI,D
14:49:49,UNVR,RG,4140,400,F,CS,CC,D
14:49:49,UNVR,RG,4140,3,F,CS,XC,D
14:49:49,UNVR,RG,4140,30,F,CS,YP,D
14:49:49,UNVR,RG,4140,1,F,CS,PD,D
14:49:49,UNVR,RG,4140,50,F,CS,SQ,D
14:49:49,UNVR,RG,4140,1,F,CS,NI,D
14:49:49,UNVR,RG,4140,85,F,CS,SQ,D
14:49:49,UNVR,RG,4140,125,F,CS,EP,D
14:49:49,UNVR,RG,4140,10,F,CS,OD,D
14:49:49,UNVR,RG,4140,50,F,CS,YP,D
14:49:49,UNVR,RG,4140,1,F,CS,KK,D
14:49:49,UNVR,RG,4140,20,F,CS,KZ,F
14:49:49,UNVR,RG,4140,80,F,CS,YP,D
14:49:49,UNVR,RG,4140,2,F,CS,XC,D
14:49:49,UNVR,RG,4140,2,F,CS,PD,D
14:49:49,UNVR,RG,4140,25,F,CS,PD,D
14:49:49,UNVR,RG,4140,10,F,CS,YP,D
14:49:49,UNVR,RG,4140,8,F,CS,XC,D
14:49:49,UNVR,RG,4140,2,F,CS,XC,D
14:49:49,UNVR,RG,4140,30,F,CS,PD,D
14:49:49,UNVR,RG,4140,1,F,CS,PD,D
14:49:49,UNVR,RG,4140,5,F,CS,XC,D
14:49:49,UNVR,RG,4140,10,F,CS,XC,D
14:49:49,UNVR,RG,4140,1,F,CS,KK,D
14:49:49,UNVR,RG,4140,96,F,CS,YP,D
14:49:49,UNVR,RG,4140,1,F,CS,XC,D
14:49:49,UNVR,RG,4140,8,F,CS,EP,D
14:49:49,UNVR,RG,4140,1,F,CS,XC,D
14:49:49,UNVR,RG,4140,3,F,CS,PD,D
14:49:49,UNVR,RG,4140,24,F,CS,XC,D
14:49:49,UNVR,RG,4140,5,F,CS,PD,D
14:49:49,UNVR,RG,4140,10,F,CS,CC,D
14:49:49,UNVR,RG,4140,15,F,CS,CC,D
14:49:49,UNVR,RG,4140,5,F,CS,YP,D
14:49:49,UNVR,RG,4140,5,F,CS,NI,D
14:49:49,UNVR,RG,4140,2,F,CS,EP,D
14:49:49,UNVR,RG,4140,15,F,CS,CC,D
14:49:49,UNVR,RG,4140,1,F,CS,PD,D
14:49:49,UNVR,RG,4140,5,F,CS,NI,D
14:49:49,UNVR,RG,4140,5,F,CS,EP,D
14:49:49,UNVR,RG,4140,3,F,CS,KZ,F
14:49:49,UNVR,RG,4140,59,F,CS,KZ,F
14:49:49,UNVR,RG,4140,1,F,CS,PD,D
14:49:49,UNVR,RG,4140,13,F,CS,NI,D
14:49:49,UNVR,RG,4140,10,F,CS,CC,D
14:49:49,UNVR,RG,4140,1,F,CS,PD,D
14:49:49,UNVR,RG,4140,10,F,CS,XC,D
14:49:49,UNVR,RG,4140,5,F,CS,EP,D
14:49:49,UNVR,RG,4140,30,F,CS,SQ,D
14:49:49,UNVR,RG,4140,5,F,CS,YP,D
14:49:49,UNVR,RG,4140,2,F,CS,YU,D
14:49:49,UNVR,RG,4140,10,F,CS,OD,D
14:49:49,UNVR,RG,4140,1,F,CS,PD,D
14:49:49,UNVR,RG,4140,50,F,CS,YP,D
14:49:49,UNVR,RG,4140,1,F,CS,KZ,F
14:49:49,UNVR,RG,4140,199,F,CS,KZ,F
14:49:49,UNVR,RG,4140,1,F,CS,PD,D
14:49:49,UNVR,RG,4140,20,F,CS,YP,D
14:49:49,UNVR,RG,4140,5,F,CS,PD,D
14:49:49,UNVR,RG,4140,1,F,CS,CC,D
14:49:49,UNVR,RG,4140,2,F,CS,DH,D
14:49:49,UNVR,RG,4140,1,F,CS,PD,D
14:49:49,UNVR,RG,4140,100,F,CS,CC,D
14:49:49,UNVR,RG,4140,1,F,CS,ZP,F
14:49:49,UNVR,RG,4140,20,F,CS,OD,D
14:49:49,UNVR,RG,4140,11,F,CS,CC,D
14:49:49,UNVR,RG,4140,5,F,CS,CC,D
14:49:49,UNVR,RG,4140,5,F,CS,DH,D
14:49:49,UNVR,RG,4140,18,F,CS,CC,D
14:49:49,UNVR,RG,4140,22,F,CS,DR,D
14:49:49,UNVR,RG,4140,1,F,CS,PD,D
14:49:49,UNVR,RG,4140,10,F,CS,PD,D
14:49:49,UNVR,RG,4140,517,F,CS,KZ,F
14:49:48,UNVR,RG,4130,1,D,BB,AK,F
14:49:48,UNVR,RG,4130,10,D,BB,KZ,F
14:49:48,UNVR,RG,4130,20,D,BB,XC,D
14:49:47,UNVR,RG,4130,86,D,BB,CC,D
14:49:43,UNVR,RG,4130,6,D,BB,XC,D
14:49:41,UNVR,RG,4130,2,D,BB,KZ,F
14:49:39,UNVR,RG,4130,6,D,BB,DH,D
14:49:39,UNVR,RG,4130,5,D,PD,DH,D
14:49:39,UNVR,RG,4130,4,D,PD,DH,D
14:49:38,UNVR,RG,4140,2,D,YP,KZ,F
14:49:33,UNVR,RG,4130,1,D,PD,KZ,F
14:49:31,UNVR,RG,4130,2,D,PD,XC,D
14:49:30,UNVR,RG,4140,1,F,BK,KZ,F
14:49:23,UNVR,RG,4130,1,D,PD,KZ,F
14:49:21,UNVR,RG,4130,1,D,PD,KZ,F
14:49:21,UNVR,RG,4130,16,D,PD,RS,D
14:49:21,UNVR,RG,4130,5,D,PD,RS,D
14:49:15,UNVR,RG,4130,1,D,PD,AK,F
14:49:15,UNVR,RG,4130,1,D,PD,AK,F
14:49:15,UNVR,RG,4130,2,D,PD,KZ,F
14:49:14,UNVR,RG,4130,17,D,PD,YP,D
14:49:11,UNVR,RG,4130,1,D,PD,PD,D
14:48:58,UNVR,RG,4130,1,D,PD,ZP,F
14:48:55,UNVR,RG,4130,3,D,PD,KZ,F
14:48:54,UNVR,RG,4130,25,D,PD,YP,D
14:48:43,UNVR,RG,4130,122,D,PD,KZ,F
14:48:43,UNVR,RG,4130,12,F,DX,KZ,F
14:48:42,UNVR,RG,4130,1,F,DX,PD,D
14:48:38,UNVR,RG,4140,476,D,CP,KZ,F
14:48:38,UNVR,RG,4140,10,D,CP,PD,D
14:48:38,UNVR,RG,4140,2,D,CP,KK,D
14:48:38,UNVR,RG,4140,1,D,CP,CC,D
14:48:38,UNVR,RG,4140,6,D,CP,PD,D
14:48:38,UNVR,RG,4140,11,D,CP,XC,D
14:48:38,UNVR,RG,4140,1,D,CP,SQ,D
14:48:38,UNVR,RG,4140,50,D,CP,CP,D
14:48:38,UNVR,RG,4140,1,D,CP,NI,D
14:48:38,UNVR,RG,4140,16,D,CP,PD,D
14:48:38,UNVR,RG,4140,1,D,CP,XC,D
14:48:38,UNVR,RG,4140,1,D,CP,PD,D
14:48:38,UNVR,RG,4140,40,D,CP,EP,D
14:48:38,UNVR,RG,4140,10,D,CP,CC,D
14:48:38,UNVR,RG,4140,1,D,CP,PD,D
14:48:38,UNVR,RG,4140,2,D,CP,XC,D
14:48:38,UNVR,RG,4140,100,D,CP,YP,D
14:48:38,UNVR,RG,4140,2,D,CP,YP,D
14:48:38,UNVR,RG,4140,40,D,CP,YP,D
14:48:38,UNVR,RG,4140,10,D,CP,EP,D
14:48:38,UNVR,RG,4140,20,D,CP,FS,D
14:48:38,UNVR,RG,4140,1,D,CP,PD,D
14:48:38,UNVR,RG,4140,1,D,CP,YP,D
14:48:38,UNVR,RG,4140,5,D,CP,NI,D
14:48:38,UNVR,RG,4140,4,D,CP,EP,D
14:48:38,UNVR,RG,4140,1,D,CP,YP,D
14:48:38,UNVR,RG,4140,50,D,CP,SQ,D
14:48:38,UNVR,RG,4140,1,D,CP,SQ,D
14:48:38,UNVR,RG,4140,5,D,CP,PD,D
14:48:38,UNVR,RG,4140,2,D,CP,YP,D
14:48:38,UNVR,RG,4140,2,D,CP,XC,D
14:48:38,UNVR,RG,4140,40,D,CP,CC,D
14:48:38,UNVR,RG,4140,12,D,CP,XC,D
14:48:38,UNVR,RG,4140,275,D,CP,MU,D
14:48:30,UNVR,RG,4130,1,F,DX,KZ,F
14:48:28,UNVR,RG,4130,1,F,DX,ZP,F
14:48:27,UNVR,RG,4130,2,F,DX,KZ,F
14:48:27,UNVR,RG,4130,1,F,DX,KZ,F
14:48:26,UNVR,RG,4130,5,F,DX,NI,D
14:48:25,UNVR,RG,4130,2,F,DX,KZ,F
14:48:25,UNVR,RG,4130,3,F,DX,KZ,F
14:48:24,UNVR,RG,4130,21,F,DX,KZ,F
14:48:24,UNVR,RG,4130,8,F,DX,KZ,F
14:48:22,UNVR,RG,4130,2,F,DX,PD,D
14:48:22,UNVR,RG,4130,15,F,DX,KZ,F
14:48:22,UNVR,RG,4130,5,D,CP,KZ,F
14:48:21,UNVR,RG,4130,55,D,CP,YJ,D
14:48:21,UNVR,RG,4130,45,F,DX,YJ,D
14:48:13,UNVR,RG,4130,2,F,DX,KZ,F
14:48:12,UNVR,RG,4130,1,F,DX,KZ,F
14:48:11,UNVR,RG,4130,2,F,DX,KZ,F
14:48:10,UNVR,RG,4130,5,F,DX,KZ,F
14:48:10,UNVR,RG,4130,13,F,DX,KZ,F
14:48:08,UNVR,RG,4130,28,F,DX,KZ,F
14:48:08,UNVR,RG,4130,9,F,DX,KZ,F
14:48:07,UNVR,RG,4130,5,F,DX,PD,D
14:48:07,UNVR,RG,4130,83,F,DX,KZ,F
14:48:07,UNVR,RG,4130,164,F,DX,KZ,F
14:48:05,UNVR,RG,4130,23,F,DX,KZ,F
14:48:05,UNVR,RG,4130,22,F,DX,KZ,F
14:48:05,UNVR,RG,4130,3,F,DX,KZ,F
14:48:05,UNVR,RG,4130,2,F,DX,KZ,F
14:48:05,UNVR,RG,4130,11,F,DX,KZ,F
14:48:05,UNVR,RG,4130,16,F,DX,KZ,F
14:48:05,UNVR,RG,4130,66,F,DX,KZ,F
14:48:05,UNVR,RG,4130,51,F,DX,KZ,F
14:48:05,UNVR,RG,4130,269,F,DX,KZ,F
14:48:05,UNVR,RG,4130,65,D,BB,KZ,F
14:48:05,UNVR,RG,4130,2,D,BB,KZ,F
14:48:05,UNVR,RG,4130,7,D,BB,KZ,F
14:48:05,UNVR,RG,4130,12,D,BB,KZ,F
14:48:05,UNVR,RG,4130,37,D,BB,KZ,F
14:48:04,UNVR,RG,4140,5,F,KZ,MU,D
14:48:04,UNVR,RG,4140,1,F,KZ,XC,D
14:48:04,UNVR,RG,4140,3,F,KZ,KK,D
14:48:04,UNVR,RG,4140,34,F,KZ,GR,D
14:48:04,UNVR,RG,4140,3,F,KZ,XC,D
14:48:04,UNVR,RG,4140,1,F,KZ,AG,D
14:48:04,UNVR,RG,4140,1,F,KZ,AK,F
14:48:04,UNVR,RG,4140,10,F,KZ,CC,D
14:48:04,UNVR,RG,4140,100,F,KZ,SQ,D
14:48:04,UNVR,RG,4140,2,F,KZ,PD,D
14:48:04,UNVR,RG,4140,10,F,KZ,CC,D
14:48:04,UNVR,RG,4140,25,F,KZ,YP,D
14:48:04,UNVR,RG,4140,129,F,KZ,YJ,D
14:47:58,UNVR,RG,4130,1,D,BB,ZP,F
14:47:58,UNVR,RG,4130,42,D,BB,EP,D
14:47:45,UNVR,RG,4140,70,F,AK,YJ,D
14:47:35,UNVR,RG,4130,20,D,BB,EP,D
14:47:29,UNVR,RG,4130,1000,D,BB,CC,D
14:47:29,UNVR,RG,4130,1,D,BB,KZ,F
14:47:29,UNVR,RG,4130,2,D,BB,KZ,F
14:47:29,UNVR,RG,4130,47,D,BB,KZ,F
14:47:29,UNVR,RG,4130,142,D,BB,KZ,F
14:47:28,UNVR,RG,4130,1,D,BB,ZP,F
14:47:18,UNVR,RG,4130,428,D,BB,SQ,D
14:46:59,UNVR,RG,4130,1,D,BB,KZ,F
14:46:59,UNVR,RG,4130,3,D,BB,KZ,F
14:46:59,UNVR,RG,4130,34,D,BB,KZ,F
14:46:59,UNVR,RG,4130,11,D,BB,KZ,F
14:46:55,UNVR,RG,4130,100,D,BB,DR,D
14:46:49,UNVR,RG,4130,1,D,BB,AK,F
14:46:49,UNVR,RG,4130,2,D,BB,AK,F
14:46:49,UNVR,RG,4130,1,D,BB,AK,F
14:46:48,UNVR,RG,4130,1,D,BB,AK,F
14:46:48,UNVR,RG,4130,5,D,BB,NI,D
14:46:48,UNVR,RG,4130,204,D,BB,KZ,F
14:46:48,UNVR,RG,4130,64,D,BB,KZ,F
14:46:48,UNVR,RG,4130,500,D,BB,CC,D
14:46:48,UNVR,RG,4130,50,D,BB,YP,D
14:46:48,UNVR,RG,4130,100,D,BB,AI,D
14:46:48,UNVR,RG,4130,5,D,BB,YP,D
14:46:48,UNVR,RG,4130,1,D,BB,KZ,F
14:46:48,UNVR,RG,4130,15,D,BB,KZ,F
14:46:48,UNVR,RG,4130,25,D,BB,KZ,F
14:46:48,UNVR,RG,4130,1,D,BB,KK,D
14:46:48,UNVR,RG,4130,15,D,BB,KZ,F
14:46:48,UNVR,RG,4130,32,D,BB,KZ,F
14:46:48,UNVR,RG,4130,1,D,BB,ZP,F
14:46:48,UNVR,RG,4130,21,D,BB,KZ,F
14:46:30,UNVR,RG,4120,1,D,BB,AK,F
14:46:30,UNVR,RG,4130,1,D,NI,KZ,F
14:46:28,UNVR,RG,4120,1,D,BB,ZP,F
14:46:28,UNVR,RG,4130,9,F,DX,KZ,F
14:46:28,UNVR,RG,4130,6,F,DX,KZ,F
14:46:28,UNVR,RG,4130,5,F,DX,AK,F
14:46:28,UNVR,RG,4130,10,F,DX,KZ,F
14:46:26,UNVR,RG,4130,46,F,DX,KZ,F
14:46:24,UNVR,RG,4130,35,F,DX,KZ,F
14:46:24,UNVR,RG,4130,24,F,DX,KZ,F
14:46:24,UNVR,RG,4130,35,F,DX,ZP,D
14:46:24,UNVR,RG,4130,1,F,DX,KZ,F
14:46:24,UNVR,RG,4130,5,F,DX,KZ,F
14:46:24,UNVR,RG,4130,1,F,DX,KZ,F
14:46:24,UNVR,RG,4130,5,F,DX,KZ,F
14:46:24,UNVR,RG,4130,3,F,DX,KZ,F
14:46:24,UNVR,RG,4130,1,F,DX,KZ,F
14:46:24,UNVR,RG,4130,5,F,DX,ZP,F
14:46:24,UNVR,RG,4130,205,F,DX,KZ,F
14:46:24,UNVR,RG,4130,199,F,DX,KZ,F
14:46:24,UNVR,RG,4130,8,F,DX,PD,D
14:46:24,UNVR,RG,4130,43,F,DX,KZ,F
14:46:23,UNVR,RG,4130,1,D,PD,KZ,F
14:46:10,UNVR,RG,4120,15,D,BB,DR,D
14:46:09,UNVR,RG,4130,544,F,CC,KZ,F
14:46:09,UNVR,RG,4130,1807,F,CC,KZ,F
14:46:09,UNVR,RG,4130,20,F,CC,KZ,F
14:46:09,UNVR,RG,4130,5,F,CC,KZ,F
14:46:09,UNVR,RG,4130,4,F,CC,KZ,F
14:46:09,UNVR,RG,4130,1,F,CC,KZ,F
14:46:09,UNVR,RG,4130,3,F,CC,KZ,F
14:46:09,UNVR,RG,4130,1,F,CC,KZ,F
14:46:09,UNVR,RG,4130,3,F,CC,KZ,F
14:46:09,UNVR,RG,4130,1,D,XC,KZ,F
14:46:00,UNVR,RG,4130,112,F,AK,AK,F
14:46:00,UNVR,RG,4130,1,D,DR,AK,F
14:46:00,UNVR,RG,4130,17,F,KZ,AK,F
14:46:00,UNVR,RG,4130,7,F,KZ,AK,F
14:46:00,UNVR,RG,4130,14,F,BK,AK,F
14:46:00,UNVR,RG,4130,8,D,XC,AK,F
14:46:00,UNVR,RG,4130,160,D,HD,AK,F
14:46:00,UNVR,RG,4130,40,D,HD,CC,D
14:46:00,UNVR,RG,4130,1,D,NI,CC,D
14:46:00,UNVR,RG,4130,10,D,SQ,CC,D
14:46:00,UNVR,RG,4130,2,D,PD,CC,D
14:46:00,UNVR,RG,4130,2,D,CC,CC,D
14:46:00,UNVR,RG,4130,1,D,NI,CC,D
14:46:00,UNVR,RG,4130,4,D,XC,CC,D
14:46:00,UNVR,RG,4130,17,F,CS,CC,D
14:46:00,UNVR,RG,4130,7,D,YP,CC,D
14:46:00,UNVR,RG,4130,1,D,NI,CC,D
14:46:00,UNVR,RG,4130,8,D,PD,CC,D
14:46:00,UNVR,RG,4130,15,F,KZ,CC,D
14:46:00,UNVR,RG,4130,25,F,KZ,CC,D
14:46:00,UNVR,RG,4130,100,D,AI,CC,D
14:46:00,UNVR,RG,4130,1,D,YP,CC,D
14:46:00,UNVR,RG,4130,5,D,CC,CC,D
14:46:00,UNVR,RG,4130,15,D,IU,CC,D
14:46:00,UNVR,RG,4130,64,F,AK,CC,D
14:46:00,UNVR,RG,4130,1,D,YP,CC,D
14:46:00,UNVR,RG,4130,1,D,XC,CC,D
14:46:00,UNVR,RG,4130,1,D,XC,CC,D
14:46:00,UNVR,RG,4130,10,D,PD,CC,D
14:46:00,UNVR,RG,4130,15,D,YP,CC,D
14:46:00,UNVR,RG,4130,2,D,BQ,CC,D
14:46:00,UNVR,RG,4130,10,D,PD,CC,D
14:46:00,UNVR,RG,4130,5,F,CS,CC,D
14:46:00,UNVR,RG,4130,2,D,XC,CC,D
14:46:00,UNVR,RG,4130,73,F,DX,CC,D
14:46:00,UNVR,RG,4130,5,F,CS,CC,D
14:46:00,UNVR,RG,4130,276,D,BB,CC,D
14:46:00,UNVR,RG,4130,3,D,PD,CC,D
14:46:00,UNVR,RG,4130,120,F,DX,CC,D
14:46:00,UNVR,RG,4130,235,F,KZ,CC,D
14:46:00,UNVR,RG,4130,1,D,OD,CC,D
14:46:00,UNVR,RG,4130,20,D,NI,CC,D
14:46:00,UNVR,RG,4130,300,D,YP,CC,D
14:46:00,UNVR,RG,4130,1,D,XC,CC,D
14:46:00,UNVR,RG,4130,4,D,CC,CC,D
14:46:00,UNVR,RG,4130,1,D,YP,CC,D
14:46:00,UNVR,RG,4130,1,D,PD,CC,D
14:46:00,UNVR,RG,4130,2,D,CC,CC,D
14:46:00,UNVR,RG,4130,20,D,PD,CC,D
14:46:00,UNVR,RG,4130,88,D,AT,CC,D
14:46:00,UNVR,RG,4130,5,D,XC,CC,D
14:46:00,UNVR,RG,4130,1,D,DH,CC,D
14:46:00,UNVR,RG,4130,9,D,PD,CC,D
14:46:00,UNVR,RG,4130,9,F,CS,CC,D
14:46:00,UNVR,RG,4130,100,D,CC,CC,D
14:46:00,UNVR,RG,4130,117,F,DX,CC,D
14:46:00,UNVR,RG,4130,2,F,CS,CC,D
14:46:00,UNVR,RG,4130,880,D,BB,CC,D
14:46:00,UNVR,RG,4130,50,D,PD,CC,D
14:46:00,UNVR,RG,4130,1,D,PD,CC,D
14:46:00,UNVR,RG,4130,257,F,DX,CC,D
14:46:00,UNVR,RG,4130,278,F,KZ,CC,D
14:46:00,UNVR,RG,4130,9,F,CS,CC,D
14:46:00,UNVR,RG,4130,5,D,NI,CC,D
14:46:00,UNVR,RG,4130,1,D,NI,CC,D
14:46:00,UNVR,RG,4130,794,F,CC,CC,D
14:46:00,UNVR,RG,4130,2,D,CC,CC,D
14:46:00,UNVR,RG,4130,7,D,XC,CC,D
14:46:00,UNVR,RG,4130,10,D,KK,CC,D
14:46:00,UNVR,RG,4130,1,D,PD,CC,D
14:46:00,UNVR,RG,4130,100,D,NI,CC,D
14:46:00,UNVR,RG,4130,5,D,SQ,CC,D
14:46:00,UNVR,RG,4130,15,D,DH,CC,D
14:46:00,UNVR,RG,4130,3,D,PD,CC,D
14:46:00,UNVR,RG,4130,1,D,YP,CC,D
14:46:00,UNVR,RG,4130,1,D,PD,CC,D
14:46:00,UNVR,RG,4130,1,D,XC,CC,D
14:46:00,UNVR,RG,4130,120,D,PD,CC,D
14:46:00,UNVR,RG,4130,10,D,PD,CC,D
14:46:00,UNVR,RG,4130,24,D,NI,CC,D
14:46:00,UNVR,RG,4130,120,D,AG,CC,D
14:46:00,UNVR,RG,4130,20,D,PD,CC,D
14:46:00,UNVR,RG,4130,10,D,CC,CC,D
14:46:00,UNVR,RG,4130,5,F,BK,CC,D
14:46:00,UNVR,RG,4130,1,D,XC,CC,D
14:46:00,UNVR,RG,4130,45,F,DX,CC,D
14:46:00,UNVR,RG,4130,2,D,NI,CC,D
14:46:00,UNVR,RG,4130,14,D,CC,CC,D
14:46:00,UNVR,RG,4130,2,D,XC,CC,D
14:46:00,UNVR,RG,4130,1,D,CC,CC,D
14:46:00,UNVR,RG,4130,20,D,CC,CC,D
14:46:00,UNVR,RG,4130,1,D,DR,CC,D
14:46:00,UNVR,RG,4130,6,D,YP,CC,D
14:46:00,UNVR,RG,4130,1,D,DR,CC,D
14:46:00,UNVR,RG,4130,2,D,NI,CC,D
14:46:00,UNVR,RG,4130,5,D,YP,CC,D
14:46:00,UNVR,RG,4130,63,F,DX,CC,D
14:46:00,UNVR,RG,4130,51,F,DX,CC,D
14:46:00,UNVR,RG,4130,1,D,XC,CC,D
14:46:00,UNVR,RG,4130,10,D,CC,CC,D
14:46:00,UNVR,RG,4130,9,F,CS,CC,D
14:46:00,UNVR,RG,4130,4,D,AT,CC,D
14:46:00,UNVR,RG,4130,64,F,DX,CC,D
14:46:00,UNVR,RG,4130,210,D,CC,CC,D
14:45:59,UNVR,RG,4130,12,D,CC,XC,D
14:45:58,UNVR,RG,4130,1,D,CC,ZP,F
14:45:55,UNVR,RG,4140,25,F,DX,YJ,D
14:45:51,UNVR,RG,4130,2,D,CC,XC,D
14:45:49,UNVR,RG,4130,7,D,CC,KZ,F
14:45:49,UNVR,RG,4130,1,D,CC,KZ,F
14:45:49,UNVR,RG,4130,7,D,CC,KZ,F
14:45:49,UNVR,RG,4130,2,D,OD,KZ,F
14:45:49,UNVR,RG,4130,1,D,NI,KZ,F
14:45:49,UNVR,RG,4130,5,F,CS,KZ,F
14:45:49,UNVR,RG,4130,11,D,YP,KZ,F
14:45:49,UNVR,RG,4130,10,D,YP,KZ,F
14:45:45,UNVR,RG,4130,3,D,YP,AK,F
14:45:31,UNVR,RG,4130,1,D,YP,YP,D
14:45:29,UNVR,RG,4130,1,D,YP,ZP,F
14:45:22,UNVR,RG,4130,10,D,YP,YP,D
14:45:15,UNVR,RG,4130,1,D,YP,AK,F
14:45:15,UNVR,RG,4130,13,D,YP,HP,D
14:45:15,UNVR,RG,4130,8,D,PD,HP,D
14:45:03,UNVR,RG,4130,3,D,PD,DH,D
14:45:00,UNVR,RG,4130,3,D,PD,AK,F
14:44:59,UNVR,RG,4130,1,D,PD,ZP,F
14:44:58,UNVR,RG,4140,14,F,BK,YJ,D
14:44:50,UNVR,RG,4130,8,D,PD,XC,D
14:44:29,UNVR,RG,4130,2,D,PD,KZ,F
14:44:29,UNVR,RG,4130,3,D,SQ,KZ,F
14:44:24,UNVR,RG,4130,15,D,SQ,TF,D
14:44:24,UNVR,RG,4130,6,D,SQ,KZ,F
14:44:24,UNVR,RG,4130,76,D,SQ,KZ,F
14:44:24,UNVR,RG,4130,4,D,XC,KZ,F
14:44:24,UNVR,RG,4130,11,F,CS,KZ,F
14:44:24,UNVR,RG,4130,1,D,XC,KZ,F
14:44:24,UNVR,RG,4130,2,D,AT,KZ,F
14:44:24,UNVR,RG,4130,1,D,XC,KZ,F
14:44:24,UNVR,RG,4130,2,D,CC,KZ,F
14:44:24,UNVR,RG,4130,5,D,SQ,KZ,F
14:44:24,UNVR,RG,4130,1,F,BK,KZ,F
14:44:19,UNVR,RG,4130,1,F,BK,KZ,F
14:44:19,UNVR,RG,4130,22,F,DX,KZ,F
14:44:19,UNVR,RG,4130,1,F,DX,ZP,F
14:44:15,UNVR,RG,4130,1,F,DX,AK,F
14:44:14,UNVR,RG,4130,82,F,DX,KZ,F
14:44:14,UNVR,RG,4130,169,D,AI,KZ,F
14:44:10,UNVR,RG,4140,34,F,DX,YJ,D
14:44:03,UNVR,RG,4140,33,F,DX,YJ,D
14:44:03,UNVR,RG,4130,2,D,AI,PD,D
14:43:54,UNVR,RG,4130,1,D,AI,KZ,F
14:43:45,UNVR,RG,4130,5,D,AI,YP,D
14:43:38,UNVR,RG,4130,1,D,AI,ZP,F
14:43:33,UNVR,RG,4140,31,F,CS,YJ,D
14:43:32,UNVR,RG,4140,33,F,DX,YJ,D
14:43:30,UNVR,RG,4130,1,D,AI,YP,D
14:43:26,UNVR,RG,4130,1,D,AI,YP,D
14:43:22,UNVR,RG,4130,1,D,AI,YP,D
14:43:19,UNVR,RG,4130,10,D,AI,CC,D
14:43:17,UNVR,RG,4130,1,D,AI,YP,D
14:43:11,UNVR,RG,4140,39,F,DX,YJ,D
14:43:08,UNVR,RG,4130,1,D,AI,ZP,F
14:43:07,UNVR,RG,4140,5,D,YP,YJ,D
14:43:01,UNVR,RG,4140,39,F,DX,YJ,D
14:42:59,UNVR,RG,4130,5,D,AI,PD,D
14:42:59,UNVR,RG,4140,293,F,KZ,YJ,D
14:42:50,UNVR,RG,4140,2,D,XC,YJ,D
14:42:46,UNVR,RG,4140,1,D,PD,YJ,D
14:42:45,UNVR,RG,4130,3,D,AI,AK,F
14:42:43,UNVR,RG,4130,2,D,AI,AK,F
14:42:36,UNVR,RG,4140,42,F,DX,YJ,D
14:42:18,UNVR,RG,4130,1,D,AI,ZP,F
14:42:13,UNVR,RG,4140,29,F,DX,YJ,D
14:42:12,UNVR,RG,4140,34,F,DX,YJ,D
14:42:12,UNVR,RG,4140,30,D,XC,YJ,D
14:41:59,UNVR,RG,4130,5,D,AI,KK,D
14:41:58,UNVR,RG,4140,45,F,DX,YJ,D
14:41:51,UNVR,RG,4130,1,D,AI,AK,F
14:41:50,UNVR,RG,4140,1,D,NI,YJ,D
14:41:46,UNVR,RG,4130,1,D,AI,NI,D
14:41:38,UNVR,RG,4130,1,D,AI,ZP,F
14:41:35,UNVR,RG,4130,7,D,AI,DR,D
14:41:07,UNVR,RG,4130,1,D,AI,AK,F
14:41:06,UNVR,RG,4130,25,D,AI,OD,D
14:41:04,UNVR,RG,4140,8,D,YP,YJ,D
14:40:57,UNVR,RG,4140,13,F,BK,YJ,D
14:40:56,UNVR,RG,4130,20,D,AI,CC,D
14:40:53,UNVR,RG,4130,4,D,AI,XA,D
14:40:47,UNVR,RG,4130,10,D,AI,KK,D
14:40:46,UNVR,RG,4130,1,D,AI,ZP,F
14:40:45,UNVR,RG,4130,1,D,AI,NI,D
14:40:45,UNVR,RG,4130,2,D,AI,CC,D
14:40:42,UNVR,RG,4130,1,D,AI,YP,D
14:40:30,UNVR,RG,4130,1,D,AI,AK,F
14:40:29,UNVR,RG,4140,15,D,PD,YJ,D
14:40:15,UNVR,RG,4130,10,D,AI,NI,D
14:40:13,UNVR,RG,4140,5,D,YP,YJ,D
14:40:06,UNVR,RG,4140,30,F,CS,YJ,D
14:40:06,UNVR,RG,4140,2,F,CS,BK,F
14:39:54,UNVR,RG,4140,119,F,KZ,BK,F
14:39:54,UNVR,RG,4140,25,F,KZ,PD,D
14:39:54,UNVR,RG,4140,12,F,KZ,PD,D
14:39:54,UNVR,RG,4140,50,F,KZ,DH,D
14:39:54,UNVR,RG,4140,20,F,KZ,YP,D
14:39:54,UNVR,RG,4140,1,F,KZ,CC,D
14:39:54,UNVR,RG,4140,3,F,KZ,PD,D
14:39:49,UNVR,RG,4140,2,D,IU,PD,D
14:39:49,UNVR,RG,4140,10,D,IU,CP,D
14:39:49,UNVR,RG,4140,3,D,IU,CC,D
14:39:46,UNVR,RG,4130,1,D,AI,ZP,F
14:39:32,UNVR,RG,4140,1,D,YU,CC,D
14:39:32,UNVR,RG,4140,2,D,YU,NI,D
14:39:32,UNVR,RG,4140,1,D,YU,YP,D
14:39:32,UNVR,RG,4140,10,D,YU,CC,D
14:39:32,UNVR,RG,4140,3,D,YU,PD,D
14:39:14,UNVR,RG,4130,3,D,AI,KZ,F
14:39:14,UNVR,RG,4130,8,D,AI,KZ,F
14:39:11,UNVR,RG,4140,1,D,PD,PD,D
14:39:10,UNVR,RG,4130,25,D,AI,YP,D
14:39:09,UNVR,RG,4130,189,D,AI,KZ,F
14:39:09,UNVR,RG,4130,44,D,AI,KZ,F
14:39:09,UNVR,RG,4130,2,D,AI,KZ,F
14:39:04,UNVR,RG,4130,15,D,AI,KZ,F
14:39:04,UNVR,RG,4130,237,D,AI,KZ,F
14:38:55,UNVR,RG,4130,1,D,AI,ZP,F
14:38:49,UNVR,RG,4130,1,D,AI,KZ,F
14:38:15,UNVR,RG,4140,5,D,YP,PD,D
14:38:15,UNVR,RG,4140,2,D,YP,XC,D
14:38:15,UNVR,RG,4140,1,D,YP,XC,D
14:38:15,UNVR,RG,4140,5,D,YP,CC,D
14:38:15,UNVR,RG,4140,2,D,YP,YP,D
14:38:15,UNVR,RG,4140,2,D,YP,YP,D
14:38:15,UNVR,RG,4140,1,D,YP,XC,D
14:38:15,UNVR,RG,4140,1,D,YP,GR,D
14:38:15,UNVR,RG,4140,10,D,YP,EP,D
14:38:15,UNVR,RG,4140,100,D,YP,YJ,D
14:38:15,UNVR,RG,4140,1,D,YP,XC,D
14:38:15,UNVR,RG,4140,2,D,YP,OD,D
14:38:15,UNVR,RG,4140,10,D,YP,PD,D
14:38:15,UNVR,RG,4140,13,D,YP,YP,D
14:38:15,UNVR,RG,4140,1,D,YP,PD,D
14:38:15,UNVR,RG,4140,3,D,YP,OD,D
14:38:15,UNVR,RG,4140,7,D,YP,PD,D
14:38:15,UNVR,RG,4140,10,D,YP,LG,D
14:38:15,UNVR,RG,4140,2,D,YP,YJ,D
14:38:15,UNVR,RG,4140,10,D,YP,NI,D
14:38:15,UNVR,RG,4140,5,D,YP,OD,D
14:38:15,UNVR,RG,4140,1,D,YP,PD,D
14:38:15,UNVR,RG,4140,1,D,YP,YP,D
14:38:15,UNVR,RG,4140,3,D,YP,NI,D
14:38:15,UNVR,RG,4140,10,D,YP,XC,D
14:38:15,UNVR,RG,4140,10,D,YP,YB,D
14:38:15,UNVR,RG,4140,10,D,YP,CC,D
14:38:15,UNVR,RG,4140,1,D,YP,GR,D
14:38:15,UNVR,RG,4140,13,D,YP,XC,D
14:38:00,UNVR,RG,4130,1,D,AI,XC,D
14:37:55,UNVR,RG,4130,1,D,AI,ZP,F
14:37:45,UNVR,RG,4140,6,F,AK,XC,D
14:37:44,UNVR,RG,4140,12,D,KK,XC,D
14:37:44,UNVR,RG,4140,38,D,KK,YJ,D
14:37:40,UNVR,RG,4130,2,D,AI,XC,D
14:37:39,UNVR,RG,4130,1,D,AI,ZP,F
14:37:38,UNVR,RG,4130,3,D,AI,AK,F
14:37:38,UNVR,RG,4130,6,D,AI,AK,F
14:37:37,UNVR,RG,4130,66,D,AI,CC,D
14:37:30,UNVR,RG,4140,1,F,AK,YJ,D
14:37:29,UNVR,RG,4140,13,F,BK,YJ,D
14:37:00,UNVR,RG,4140,11,F,AK,YJ,D
14:36:59,UNVR,RG,4140,214,F,KZ,YJ,D
14:36:58,UNVR,RG,4140,4,F,AK,YJ,D
14:36:56,UNVR,RG,4140,27,D,CC,YJ,D
14:36:56,UNVR,RG,4140,1,D,CC,SQ,D
14:36:56,UNVR,RG,4140,10,D,CC,GR,D
14:36:56,UNVR,RG,4140,5,D,CC,XC,D
14:36:56,UNVR,RG,4140,2,D,CC,PD,D
14:36:56,UNVR,RG,4140,5,D,CC,XC,D
14:36:55,UNVR,RG,4130,1,D,AI,ZP,F
14:36:47,UNVR,RG,4130,10,D,AI,CC,D
14:36:14,UNVR,RG,4130,3,D,AI,YU,D
14:36:12,UNVR,RG,4140,10,D,CC,XC,D
14:35:42,UNVR,RG,4140,2,F,AK,XC,D
14:35:41,UNVR,RG,4140,12,D,YU,XC,D
14:35:05,UNVR,RG,4130,5,D,AI,ZP,F
14:35:03,UNVR,RG,4130,16,D,AI,XC,D
14:34:45,UNVR,RG,4140,8,F,AK,XC,D
14:34:45,UNVR,RG,4140,20,D,YP,XC,D
14:34:40,UNVR,RG,4130,5,D,AI,SQ,D
14:34:17,UNVR,RG,4130,59,D,AI,LS,D
14:34:17,UNVR,RG,4130,4,F,CS,LS,D
14:34:17,UNVR,RG,4130,1,D,PD,LS,D
14:34:17,UNVR,RG,4130,36,F,DX,LS,D
14:34:17,UNVR,RG,4130,8,D,NI,LS,D
14:34:17,UNVR,RG,4130,13,F,CS,LS,D
14:34:17,UNVR,RG,4130,1,D,CC,LS,D
14:34:17,UNVR,RG,4130,1,D,PD,LS,D
14:34:17,UNVR,RG,4130,10,D,DH,LS,D
14:34:17,UNVR,RG,4130,7,D,YP,LS,D
14:34:04,UNVR,RG,4140,7,F,AK,XC,D
14:34:04,UNVR,RG,4140,51,F,AK,CC,D
14:34:03,UNVR,RG,4140,112,F,AK,CC,D
14:34:03,UNVR,RG,4140,3,F,AK,LS,D
14:34:03,UNVR,RG,4140,1,F,AK,KK,D
14:34:03,UNVR,RG,4140,1,F,AK,AK,F
14:34:03,UNVR,RG,4140,25,F,AK,CC,D
14:34:03,UNVR,RG,4140,10,F,AK,PD,D
14:34:03,UNVR,RG,4140,99,F,AK,PD,D
14:34:03,UNVR,RG,4140,1,F,AK,XC,D
14:34:03,UNVR,RG,4140,2,F,AK,PD,D
14:34:03,UNVR,RG,4140,7,F,AK,KZ,F
14:34:03,UNVR,RG,4140,15,F,AK,XC,D
14:34:03,UNVR,RG,4140,3,F,AK,PD,D
14:34:03,UNVR,RG,4140,1,F,AK,ZP,F
14:34:03,UNVR,RG,4140,5,F,AK,CC,D
14:34:03,UNVR,RG,4140,50,F,AK,PD,D
14:34:03,UNVR,RG,4140,1,F,AK,GR,D
14:34:03,UNVR,RG,4140,1,F,AK,PD,D
14:34:03,UNVR,RG,4140,10,F,AK,PD,D
14:34:03,UNVR,RG,4140,5,F,AK,PD,D
14:34:03,UNVR,RG,4140,3,F,AK,PD,D
14:34:03,UNVR,RG,4140,1,F,AK,YP,D
14:34:03,UNVR,RG,4140,10,F,AK,DH,D
14:34:03,UNVR,RG,4140,2,F,AK,XC,D
14:34:03,UNVR,RG,4140,14,F,AK,KZ,F
14:34:03,UNVR,RG,4140,3,F,AK,EP,D
14:34:03,UNVR,RG,4140,10,F,AK,PD,D
14:34:03,UNVR,RG,4140,50,F,AK,GR,D
14:34:03,UNVR,RG,4140,38,F,AK,KZ,F
14:34:03,UNVR,RG,4140,5,F,AK,CC,D
14:34:03,UNVR,RG,4140,2,F,AK,SQ,D
14:34:03,UNVR,RG,4140,1,F,AK,YP,D
14:34:03,UNVR,RG,4140,6,F,AK,NI,D
14:34:03,UNVR,RG,4140,3,F,AK,CC,D
14:34:03,UNVR,RG,4140,5,F,AK,EP,D
14:34:03,UNVR,RG,4140,1,F,AK,CC,D
14:34:03,UNVR,RG,4140,5,F,AK,CC,D
14:34:02,UNVR,RG,4140,10,F,BK,CC,D
14:34:02,UNVR,RG,4140,3,F,BK,XC,D
14:34:02,UNVR,RG,4140,5,F,CC,XC,D
14:34:02,UNVR,RG,4140,35,F,CC,NI,D
14:34:02,UNVR,RG,4140,1,F,CC,CC,D
14:34:02,UNVR,RG,4140,5,F,CC,PD,D
14:34:02,UNVR,RG,4140,10,F,CC,PD,D
14:34:02,UNVR,RG,4140,1,F,CC,YP,D
14:34:02,UNVR,RG,4140,1,F,CC,AK,F
14:34:02,UNVR,RG,4140,5,F,CC,OD,D
14:34:02,UNVR,RG,4140,100,F,CC,OD,D
14:34:02,UNVR,RG,4140,3,F,CC,YP,D
14:34:02,UNVR,RG,4140,1,F,CC,GR,D
14:34:02,UNVR,RG,4140,18,F,CC,XC,D
14:34:02,UNVR,RG,4130,10,D,YP,OD,D
14:34:00,UNVR,RG,4130,4,D,YP,AK,F
14:33:47,UNVR,RG,4130,21,D,YP,DH,D
14:33:47,UNVR,RG,4130,57,F,DX,DH,D
14:33:47,UNVR,RG,4130,11,F,CS,DH,D
14:33:47,UNVR,RG,4130,11,D,BB,DH,D
14:33:45,UNVR,RG,4130,1,D,BB,AK,F
14:33:35,UNVR,RG,4140,20,D,CC,XC,D
14:33:35,UNVR,RG,4130,1,D,BB,LS,D
14:32:59,UNVR,RG,4130,10,D,BB,KK,D
14:32:58,UNVR,RG,4130,9,D,BB,CC,D
14:32:56,UNVR,RG,4130,4,D,BB,DR,D
14:32:43,UNVR,RG,4130,20,D,BB,PD,D
14:32:11,UNVR,RG,4130,5,D,BB,CC,D
14:31:33,UNVR,RG,4130,200,D,BB,RG,D
14:31:25,UNVR,RG,4130,3,D,BB,ZP,F
14:31:09,UNVR,RG,4130,3,D,BB,AK,F
14:31:08,UNVR,RG,4140,3,D,YP,XC,D
14:30:35,UNVR,RG,4140,1,F,AK,XC,D
14:30:34,UNVR,RG,4140,1,F,AK,XC,D
14:30:33,UNVR,RG,4140,27,D,NI,XC,D
14:30:33,UNVR,RG,4140,6,D,NI,KZ,F
14:30:30,UNVR,RG,4130,1,D,BB,PD,D
14:30:29,UNVR,RG,4140,1,D,XC,KZ,F
14:30:22,UNVR,RG,4140,1,F,AK,KZ,F
14:30:21,UNVR,RG,4130,4,D,BB,AK,F
14:30:20,UNVR,RG,4140,14,F,BK,KZ,F
14:30:11,UNVR,RG,4140,1,D,PD,KZ,F
14:30:06,UNVR,RG,4140,45,F,AK,KZ,F
14:30:05,UNVR,RG,4140,2,F,CS,KZ,F
14:30:05,UNVR,RG,4140,31,F,CS,KZ,F
14:29:59,UNVR,RG,4140,2,D,YP,KZ,F
14:29:59,UNVR,RG,4140,226,F,KZ,KZ,F
14:29:53,UNVR,RG,4130,110,D,BB,XC,D
14:29:52,UNVR,RG,4140,3,D,YP,KZ,F
14:29:51,UNVR,RG,4140,10,D,YJ,KZ,F
14:29:36,UNVR,RG,4140,1,D,SQ,KZ,F
14:29:25,UNVR,RG,4140,1,D,YP,KZ,F
14:29:06,UNVR,RG,4140,11,D,YU,KZ,F
14:28:44,UNVR,RG,4130,2,D,BB,ZP,F
14:28:44,UNVR,RG,4130,2,D,BB,KZ,F
14:28:42,UNVR,RG,4130,5,D,BB,PD,D
14:28:14,UNVR,RG,4130,5,D,BB,KZ,F
14:28:13,UNVR,RG,4140,4,D,BQ,KZ,F
14:27:58,UNVR,RG,4130,88,D,BB,SQ,D
14:27:50,UNVR,RG,4130,20,D,BB,CC,D
14:27:43,UNVR,RG,4130,3,D,BB,AK,F
14:27:39,UNVR,RG,4130,3,D,BB,KZ,F
14:27:39,UNVR,RG,4130,1,D,BB,KZ,F
14:27:38,UNVR,RG,4130,2,D,BB,XC,D
14:27:34,UNVR,RG,4130,3,D,BB,KZ,F
14:27:34,UNVR,RG,4130,8,D,BB,KZ,F
14:27:34,UNVR,RG,4130,1,D,BB,KZ,F
14:27:34,UNVR,RG,4130,2,D,BB,KZ,F
14:27:34,UNVR,RG,4130,7,F,DX,KZ,F
14:27:29,UNVR,RG,4130,45,F,DX,YP,D
14:27:29,UNVR,RG,4130,228,F,KZ,YP,D
14:27:29,UNVR,RG,4130,10,D,TP,YP,D
14:27:29,UNVR,RG,4130,1,D,YP,YP,D
14:27:29,UNVR,RG,4130,6,F,CS,YP,D
14:27:29,UNVR,RG,4130,1,D,PD,YP,D
14:27:29,UNVR,RG,4130,1,D,XC,YP,D
14:27:29,UNVR,RG,4130,1,D,XC,YP,D
14:27:29,UNVR,RG,4130,3,D,XC,YP,D
14:27:29,UNVR,RG,4130,4,F,CS,YP,D
14:27:23,UNVR,RG,4140,5,D,PD,KZ,F
14:26:56,UNVR,RG,4140,1,F,AK,KZ,F
14:26:56,UNVR,RG,4140,2,D,GR,KZ,F
14:26:51,UNVR,RG,4140,3,F,AK,KZ,F
14:26:51,UNVR,RG,4130,3,F,CS,AK,F
14:26:51,UNVR,RG,4130,1,D,BB,AK,F
14:26:50,UNVR,RG,4140,55,D,AT,KZ,F
14:26:35,UNVR,RG,4140,14,F,BK,KZ,F
14:26:31,UNVR,RG,4140,12,F,AK,NI,D
14:26:31,UNVR,RG,4140,10,F,AK,CC,D
14:26:31,UNVR,RG,4140,1,F,AK,PD,D
14:26:31,UNVR,RG,4140,1,F,AK,ZP,F
14:26:31,UNVR,RG,4140,1,F,AK,XC,D
14:26:31,UNVR,RG,4140,7,F,AK,CC,D
14:26:31,UNVR,RG,4140,2,D,YP,CC,D
14:25:57,UNVR,RG,4130,1,D,BB,PD,D
14:25:54,UNVR,RG,4130,1,D,BB,KK,D
14:25:54,UNVR,RG,4140,1,F,KZ,CC,D
14:25:54,UNVR,RG,4140,1,F,KZ,PD,D
14:25:54,UNVR,RG,4140,1,F,KZ,NI,D
14:25:54,UNVR,RG,4140,2,F,KZ,XC,D
14:25:54,UNVR,RG,4140,15,F,KZ,XC,D
14:25:54,UNVR,RG,4140,10,F,KZ,GR,D
14:25:54,UNVR,RG,4140,4,F,KZ,XC,D
14:25:54,UNVR,RG,4140,2,F,KZ,XC,D
14:25:54,UNVR,RG,4140,2,F,KZ,XC,D
14:25:54,UNVR,RG,4140,140,F,KZ,DR,D
14:25:54,UNVR,RG,4140,5,F,KZ,SQ,D
14:25:54,UNVR,RG,4140,8,F,KZ,KZ,F
14:25:41,UNVR,RG,4130,85,D,BB,AG,D
14:25:29,UNVR,RG,4130,1,D,BB,KZ,F
14:25:22,UNVR,RG,4130,1,D,BB,XC,D
14:25:12,UNVR,RG,4130,5,D,BB,DR,D
14:24:59,UNVR,RG,4130,1,D,BB,KZ,F
14:24:40,UNVR,RG,4140,1,D,XC,KZ,F
14:24:35,UNVR,RG,4130,10,D,BB,GR,D
14:24:30,UNVR,RG,4140,2,D,YP,KZ,F
14:24:29,UNVR,RG,4130,1,D,BB,KZ,F
14:24:26,UNVR,RG,4130,7,D,BB,YP,D
14:24:23,UNVR,RG,4130,2,D,BB,ZP,F
14:24:11,UNVR,RG,4130,5,D,BB,YB,D
14:24:07,UNVR,RG,4130,73,D,BB,IF,D
14:23:59,UNVR,RG,4130,3,D,BB,KZ,F
14:23:47,UNVR,RG,4130,3,D,BB,YP,D
14:23:10,UNVR,RG,4130,15,D,BB,XC,D
14:23:07,UNVR,RG,4140,5,D,YP,KZ,F
14:23:02,UNVR,RG,4130,2,D,BB,ZP,F
14:23:01,UNVR,RG,4130,5,D,BB,AK,F
14:22:57,UNVR,RG,4140,2,D,CC,KZ,F
14:22:49,UNVR,RG,4140,14,F,BK,KZ,F
14:22:33,UNVR,RG,4140,12,D,YU,KZ,F
14:22:28,UNVR,RG,4130,4,D,BB,AK,F
14:22:14,UNVR,RG,4130,3,D,BB,KZ,F
14:22:04,UNVR,RG,4130,1,D,BB,KZ,F
14:22:04,UNVR,RG,4130,62,F,DX,KZ,F
14:22:04,UNVR,RG,4130,31,F,DX,KZ,F
14:22:04,UNVR,RG,4130,1,F,DX,KZ,F
14:22:04,UNVR,RG,4130,1,F,DX,KZ,F
14:21:57,UNVR,RG,4130,9,F,DX,CC,D
14:21:44,UNVR,RG,4130,1,F,DX,KZ,F
14:21:24,UNVR,RG,4130,1,F,DX,KZ,F
14:21:24,UNVR,RG,4130,7,F,CS,KZ,F
14:21:24,UNVR,RG,4130,21,F,AK,KZ,F
14:21:11,UNVR,RG,4130,2,F,AK,XC,D
14:21:07,UNVR,RG,4130,6,F,AK,KK,D
14:21:02,UNVR,RG,4130,2,F,AK,ZP,F
14:20:54,UNVR,RG,4130,2,F,AK,KZ,F
14:20:52,UNVR,RG,4140,1,F,AK,KZ,F
14:20:52,UNVR,RG,4140,2,D,YP,KZ,F
14:20:51,UNVR,RG,4140,4,D,CC,KZ,F
14:19:52,UNVR,RG,4130,1,F,AK,CC,D
14:19:48,UNVR,RG,4130,14,F,AK,NI,D
14:19:36,UNVR,RG,4140,1,F,AK,KZ,F
14:19:35,UNVR,RG,4130,5,F,AK,CC,D
14:19:35,UNVR,RG,4130,5,F,CC,CC,D
14:19:35,UNVR,RG,4140,13,F,AK,KZ,F
14:19:34,UNVR,RG,4140,203,F,KZ,KZ,F
14:19:20,UNVR,RG,4140,13,F,BK,KZ,F
14:19:12,UNVR,RG,4130,20,F,CC,PD,D
14:18:48,UNVR,RG,4130,5,F,CC,DR,D
14:18:42,UNVR,RG,4130,5,F,CC,AK,F
14:18:41,UNVR,RG,4130,1,F,CC,XC,D
14:18:40,UNVR,RG,4140,14,F,AK,KZ,F
14:18:39,UNVR,RG,4140,257,F,KZ,KZ,F
14:18:39,UNVR,RG,4130,7,F,CC,KZ,F
14:18:34,UNVR,RG,4130,1,F,CC,KZ,F
14:18:34,UNVR,RG,4130,6,F,CC,KZ,F
14:18:22,UNVR,RG,4130,2,F,CC,ZP,F
14:18:16,UNVR,RG,4130,3,F,CC,XC,D
14:17:38,UNVR,RG,4140,51,F,AK,KZ,F
14:17:37,UNVR,RG,4140,1,D,CC,KZ,F
14:17:29,UNVR,RG,4130,5,F,CC,KZ,F
14:17:24,UNVR,RG,4130,2,F,CC,KZ,F
14:17:05,UNVR,RG,4140,41,F,CS,KZ,F
14:16:50,UNVR,RG,4130,5,F,CC,CC,D
14:16:39,UNVR,RG,4130,18,F,CC,CC,D
14:16:24,UNVR,RG,4130,2,F,CC,KZ,F
14:16:19,UNVR,RG,4130,2,F,CC,ZP,F
14:16:02,UNVR,RG,4140,11,D,YU,KZ,F
14:16:00,UNVR,RG,4130,2,F,CC,YU,D
14:15:56,UNVR,RG,4130,1,F,CC,XC,D
14:15:49,UNVR,RG,4130,1,F,CC,KZ,F
14:15:37,UNVR,RG,4140,14,F,BK,KZ,F
14:15:34,UNVR,RG,4130,4,F,CC,KZ,F
14:15:29,UNVR,RG,4130,18,F,CC,KZ,F
14:15:29,UNVR,RG,4130,1,F,CC,KZ,F
14:15:29,UNVR,RG,4130,29,F,CC,KZ,F
14:15:29,UNVR,RG,4130,1,F,CC,KZ,F
14:15:29,UNVR,RG,4130,17,F,CC,KZ,F
14:15:29,UNVR,RG,4130,1,F,CC,KZ,F
14:15:27,UNVR,RG,4130,189,F,CC,EP,D
14:15:10,UNVR,RG,4130,2,F,CC,PD,D
14:15:06,UNVR,RG,4130,433,F,CC,EP,D
14:15:06,UNVR,RG,4130,1,F,CC,XC,D
14:14:28,UNVR,RG,4130,5,F,CC,AK,F
14:14:27,UNVR,RG,4130,150,F,CC,SQ,D
14:14:23,UNVR,RG,4140,1,F,AK,KZ,F
14:14:21,UNVR,RG,4130,20,F,CC,LG,D
14:13:44,UNVR,RG,4140,28,F,AK,KZ,F
14:13:44,UNVR,RG,4140,23,D,AT,KZ,F
14:13:29,UNVR,RG,4140,183,F,KZ,KZ,F
14:13:26,UNVR,RG,4140,8,D,LG,KZ,F
14:13:23,UNVR,RG,4130,3,F,CC,PD,D
14:13:18,UNVR,RG,4130,2,F,CC,ZP,F
14:13:03,UNVR,RG,4140,1,D,XC,KZ,F
14:12:45,UNVR,RG,4130,10,F,CC,GR,D
14:12:40,UNVR,RG,4140,1,D,CC,KZ,F
14:12:29,UNVR,RG,4140,1,D,PD,KZ,F
14:12:26,UNVR,RG,4140,1,D,XC,KZ,F
14:11:34,UNVR,RG,4140,100,D,PD,KZ,F
14:11:34,UNVR,RG,4130,1,F,CC,KZ,F
14:11:34,UNVR,RG,4130,6,F,CC,KZ,F
14:11:34,UNVR,RG,4130,46,F,CC,KZ,F
14:11:34,UNVR,RG,4130,43,F,CC,KZ,F
14:11:29,UNVR,RG,4140,3,D,XC,KZ,F
14:11:29,UNVR,RG,4130,3,F,CC,KZ,F
14:11:29,UNVR,RG,4130,1,F,CC,KZ,F
14:11:29,UNVR,RG,4130,1,F,CC,KZ,F
14:11:29,UNVR,RG,4130,1,F,CC,KZ,F
14:11:29,UNVR,RG,4130,4,F,CC,KZ,F
14:11:29,UNVR,RG,4130,1,F,CC,KZ,F
14:11:29,UNVR,RG,4130,15,F,CC,KZ,F
14:11:29,UNVR,RG,4130,2,F,CC,KZ,F
14:11:24,UNVR,RG,4130,4,F,CC,KZ,F
14:11:24,UNVR,RG,4130,12,F,AK,KZ,F
14:11:24,UNVR,RG,4130,22,D,YP,KZ,F
14:11:24,UNVR,RG,4130,1,D,PD,KZ,F
14:11:24,UNVR,RG,4130,100,D,LG,KZ,F
14:11:24,UNVR,RG,4130,100,D,AT,KZ,F
14:11:24,UNVR,RG,4130,1,D,PG,KZ,F
14:11:24,UNVR,RG,4130,1,D,CC,KZ,F
14:11:24,UNVR,RG,4130,74,F,DX,KZ,F
14:11:24,UNVR,RG,4130,6,F,AK,KZ,F
14:11:24,UNVR,RG,4130,10,F,BK,KZ,F
14:11:24,UNVR,RG,4130,5,F,BK,KZ,F
14:11:24,UNVR,RG,4130,48,D,YP,KZ,F
14:11:24,UNVR,RG,4130,5,D,AZ,KZ,F
14:11:24,UNVR,RG,4130,2,D,PD,KZ,F
14:11:24,UNVR,RG,4130,40,D,CC,KZ,F
14:11:24,UNVR,RG,4130,8,D,YP,KZ,F
14:11:12,UNVR,RG,4140,3,F,AK,KZ,F
14:11:10,UNVR,RG,4140,9,F,AK,KZ,F
14:11:09,UNVR,RG,4140,38,D,YP,KZ,F
14:11:09,UNVR,RG,4140,15,D,YP,CC,D
14:11:09,UNVR,RG,4140,1,D,YP,XC,D
14:11:09,UNVR,RG,4140,2,D,YP,AK,F
14:11:09,UNVR,RG,4140,5,D,YP,YP,D
14:11:09,UNVR,RG,4140,10,D,YP,NI,D
14:11:09,UNVR,RG,4140,1,D,YP,CC,D
14:11:09,UNVR,RG,4140,1,D,YP,AK,F
14:11:09,UNVR,RG,4140,2,D,YP,NI,D
14:11:09,UNVR,RG,4140,9,D,YP,PD,D
14:11:09,UNVR,RG,4140,1,D,YP,AK,F
14:11:09,UNVR,RG,4140,35,D,YP,YP,D
14:10:59,UNVR,RG,4130,18,D,YP,XC,D
14:10:59,UNVR,RG,4130,40,F,DX,XC,D
14:10:59,UNVR,RG,4130,42,D,PD,XC,D
14:10:48,UNVR,RG,4130,2,D,PD,ZP,F
14:10:44,UNVR,RG,4130,3,D,PD,KZ,F
14:10:44,UNVR,RG,4130,2,D,PD,KZ,F
14:10:26,UNVR,RG,4130,1,D,PD,CC,D
14:10:26,UNVR,RG,4130,4,D,BB,CC,D
14:10:24,UNVR,RG,4140,2,D,HP,YP,D
14:10:02,UNVR,RG,4140,1,F,AK,YP,D
14:10:01,UNVR,RG,4130,4,D,BB,AZ,D
14:09:52,UNVR,RG,4140,1,D,YU,YP,D
14:09:42,UNVR,RG,4140,1,D,CC,YP,D
14:09:40,UNVR,RG,4140,2,D,YU,YP,D
14:09:35,UNVR,RG,4140,11,D,YU,YP,D
14:09:33,UNVR,RG,4140,2,F,AK,YP,D
14:09:32,UNVR,RG,4130,30,D,BB,CC,D
14:08:58,UNVR,RG,4130,2,D,BB,ZP,F
14:08:30,UNVR,RG,4140,10,F,AK,YP,D
14:08:29,UNVR,RG,4140,197,F,KZ,YP,D
14:08:25,UNVR,RG,4140,47,F,AK,YP,D
14:08:24,UNVR,RG,4140,191,D,CC,YP,D
14:08:24,UNVR,RG,4140,3,D,CC,YP,D
14:08:24,UNVR,RG,4140,25,D,CC,OD,D
14:08:24,UNVR,RG,4140,2,D,CC,AK,F
14:08:24,UNVR,RG,4140,5,D,CC,CC,D
14:08:24,UNVR,RG,4140,3,D,CC,XC,D
14:08:24,UNVR,RG,4140,4,D,CC,XC,D
14:08:24,UNVR,RG,4140,2,D,CC,XC,D
14:08:24,UNVR,RG,4140,1,D,CC,PD,D
14:08:24,UNVR,RG,4140,3,D,CC,PD,D
14:08:24,UNVR,RG,4140,106,D,CC,BK,F
14:08:24,UNVR,RG,4140,4,D,CC,PD,D
14:08:24,UNVR,RG,4140,3,D,CC,DH,D
14:08:24,UNVR,RG,4140,1,D,CC,KK,D
14:08:24,UNVR,RG,4140,1,D,CC,DX,D
14:08:24,UNVR,RG,4140,25,D,CC,PD,D
14:08:24,UNVR,RG,4140,11,D,CC,KK,D
14:08:24,UNVR,RG,4140,9,D,CC,DR,D
14:08:24,UNVR,RG,4140,4,D,CC,SQ,D
14:08:24,UNVR,RG,4140,1,D,CC,SQ,D
14:08:24,UNVR,RG,4140,1,D,CC,AT,D
14:08:24,UNVR,RG,4140,10,D,CC,PD,D
14:08:24,UNVR,RG,4140,50,D,CC,PC,D
14:08:24,UNVR,RG,4140,15,D,CC,YP,D
14:08:24,UNVR,RG,4140,1,D,CC,XC,D
14:08:24,UNVR,RG,4140,12,D,CC,KK,D
14:08:24,UNVR,RG,4140,4,D,CC,NI,D
14:08:24,UNVR,RG,4140,7,D,CC,NI,D
14:08:24,UNVR,RG,4140,10,D,CC,CC,D
14:08:24,UNVR,RG,4140,81,D,CC,XC,D
14:08:24,UNVR,RG,4140,2,D,CC,HP,D
14:08:24,UNVR,RG,4140,1,D,CC,XC,D
14:08:24,UNVR,RG,4140,2,D,CC,YJ,D
14:08:24,UNVR,RG,4140,2,D,CC,NI,D
14:08:24,UNVR,RG,4140,2,D,CC,XC,D
14:08:24,UNVR,RG,4140,1,D,CC,CC,D
14:08:24,UNVR,RG,4140,2,D,CC,XC,D
14:08:24,UNVR,RG,4140,2,D,CC,YP,D
14:08:24,UNVR,RG,4140,10,D,CC,CC,D
14:08:24,UNVR,RG,4140,1,D,CC,PD,D
14:08:24,UNVR,RG,4140,10,D,CC,LG,D
14:08:24,UNVR,RG,4140,2,D,CC,NI,D
14:08:24,UNVR,RG,4140,22,D,CC,PD,D
14:08:18,UNVR,RG,4130,1,D,BB,ZP,F
14:07:53,UNVR,RG,4140,14,F,BK,PD,D
14:07:25,UNVR,RG,4130,1,D,BB,NI,D
14:07:10,UNVR,RG,4130,8,D,BB,AK,F
14:07:09,UNVR,RG,4130,1,D,BB,KZ,F
14:06:45,UNVR,RG,4140,3,D,PD,PD,D
14:06:44,UNVR,RG,4140,7,D,KK,PD,D
14:06:32,UNVR,RG,4130,3,D,BB,XC,D
14:06:29,UNVR,RG,4130,8,D,BB,KZ,F
14:06:29,UNVR,RG,4130,1,D,BB,KZ,F
14:06:28,UNVR,RG,4130,2,D,BB,ZP,F
14:06:28,UNVR,RG,4130,5,D,BB,AK,F
14:06:24,UNVR,RG,4130,1,D,BB,KZ,F
14:06:24,UNVR,RG,4130,65,D,BB,KZ,F
14:06:24,UNVR,RG,4130,1,D,BB,KZ,F
14:06:24,UNVR,RG,4130,1,D,BB,KZ,F
14:06:24,UNVR,RG,4130,1,D,BB,KZ,F
14:06:24,UNVR,RG,4130,10,D,BB,KZ,F
14:06:24,UNVR,RG,4130,9,D,BB,KZ,F
14:06:19,UNVR,RG,4130,79,D,BB,KZ,F
14:06:02,UNVR,RG,4140,1,F,AK,PD,D
14:06:02,UNVR,RG,4140,1,D,YU,PD,D
14:05:55,UNVR,RG,4140,1,D,YB,PD,D
14:05:54,UNVR,RG,4130,1,D,BB,KZ,F
14:05:54,UNVR,RG,4130,1,D,BB,KZ,F
14:05:54,UNVR,RG,4130,24,D,BB,KZ,F
14:05:39,UNVR,RG,4140,1,F,AK,PD,D
14:05:39,UNVR,RG,4130,22,D,BB,KZ,F
14:05:29,UNVR,RG,4140,1,D,YP,XC,D
14:04:32,UNVR,RG,4140,1,D,XC,YP,D
14:04:27,UNVR,RG,4140,1,F,AK,YP,D
14:04:27,UNVR,RG,4140,8,F,BK,YP,D
14:04:27,UNVR,RG,4140,5,F,BK,HP,D
14:04:19,UNVR,RG,4140,5,F,KZ,HP,D
14:04:19,UNVR,RG,4140,1,F,KZ,PD,D
14:04:19,UNVR,RG,4140,4,F,KZ,AT,D
14:04:19,UNVR,RG,4140,2,F,KZ,CC,D
14:04:19,UNVR,RG,4140,125,F,KZ,EP,D
14:04:19,UNVR,RG,4140,3,F,KZ,NI,D
14:04:19,UNVR,RG,4140,1,F,KZ,PC,D
14:04:19,UNVR,RG,4140,57,F,KZ,EP,D
14:04:07,UNVR,RG,4130,2,D,BB,ZP,F
14:03:59,UNVR,RG,4140,1,D,YU,EP,D
14:03:25,UNVR,RG,4140,1,D,PD,EP,D
14:03:02,UNVR,RG,4130,10,D,BB,TP,D
14:02:53,UNVR,RG,4140,11,D,YU,EP,D
14:02:39,UNVR,RG,4140,57,F,KZ,EP,D
14:02:39,UNVR,RG,4140,1,F,KZ,XC,D
14:02:39,UNVR,RG,4140,100,F,KZ,CC,D
14:02:39,UNVR,RG,4140,1,F,KZ,PD,D
14:02:39,UNVR,RG,4140,1,F,KZ,XC,D
14:02:39,UNVR,RG,4140,4,F,KZ,XC,D
14:02:39,UNVR,RG,4140,1,F,KZ,XC,D
14:02:39,UNVR,RG,4140,7,F,KZ,CC,D
14:02:36,UNVR,RG,4140,2,D,PD,CC,D
14:02:29,UNVR,RG,4130,1,D,BB,KZ,F
14:02:09,UNVR,RG,4130,3,D,BB,CC,D
14:02:09,UNVR,RG,4130,1,D,BB,KZ,F
14:02:04,UNVR,RG,4130,1,D,BB,KZ,F
14:02:04,UNVR,RG,4130,1,D,BB,KZ,F
14:01:59,UNVR,RG,4130,2,D,BB,KZ,F
14:01:39,UNVR,RG,4130,3,D,BB,KZ,F
14:01:24,UNVR,RG,4130,2,D,BB,KZ,F
14:01:21,UNVR,RG,4140,4,D,CC,CC,D
14:01:19,UNVR,RG,4130,9,D,BB,DX,D
14:01:19,UNVR,RG,4130,1,D,BB,KZ,F
14:01:19,UNVR,RG,4130,9,D,BB,KZ,F
14:01:19,UNVR,RG,4130,1,D,PD,KZ,F
14:01:19,UNVR,RG,4130,2,D,KK,KZ,F
14:01:19,UNVR,RG,4130,1,D,KK,KZ,F
14:01:14,UNVR,RG,4130,1,D,KK,KZ,F
14:01:10,UNVR,RG,4130,2,D,KK,AK,F
14:01:09,UNVR,RG,4130,1,D,KK,KZ,F
14:00:50,UNVR,RG,4130,3,D,KK,AK,F
14:00:50,UNVR,RG,4130,4,F,DX,AK,F
14:00:50,UNVR,RG,4130,7,F,DX,BQ,D
14:00:49,UNVR,RG,4130,2,F,DX,ZP,F
14:00:42,UNVR,RG,4140,14,F,BK,CC,D
14:00:34,UNVR,RG,4130,1,F,DX,EP,D
14:00:25,UNVR,RG,4140,1,D,NI,CC,D
14:00:19,UNVR,RG,4130,1,F,DX,KZ,F
13:59:55,UNVR,RG,4140,1,D,CC,CC,D
13:59:24,UNVR,RG,4130,3,F,DX,KZ,F
13:59:12,UNVR,RG,4130,1,F,DX,YP,D
13:59:09,UNVR,RG,4130,1,F,DX,KZ,F
13:59:04,UNVR,RG,4130,1,F,DX,KZ,F
13:59:04,UNVR,RG,4130,1,F,DX,KZ,F
13:59:02,UNVR,RG,4130,5,F,DX,KK,D
13:58:56,UNVR,RG,4130,1,F,DX,YP,D
13:58:44,UNVR,RG,4130,1,F,DX,KZ,F
13:58:36,UNVR,RG,4130,3,F,DX,PD,D
13:58:24,UNVR,RG,4130,1,F,DX,KZ,F
13:58:24,UNVR,RG,4130,1,F,DX,KZ,F
13:58:19,UNVR,RG,4130,1,F,DX,KZ,F
13:58:19,UNVR,RG,4130,1,D,BB,KZ,F
13:58:14,UNVR,RG,4130,6,D,BB,KZ,F
13:58:14,UNVR,RG,4130,2,D,BB,KZ,F
13:58:14,UNVR,RG,4130,32,D,BB,KZ,F
13:58:09,UNVR,RG,4130,2,D,BB,KZ,F
13:58:09,UNVR,RG,4130,1,D,BB,KZ,F
13:58:06,UNVR,RG,4130,10,D,BB,XC,D
13:58:04,UNVR,RG,4130,3,D,BB,KZ,F
13:58:03,UNVR,RG,4130,1,D,BB,CC,D
13:57:59,UNVR,RG,4130,1,D,BB,PD,D
13:57:59,UNVR,RG,4130,2,D,BB,ZP,F
13:57:15,UNVR,RG,4130,2,D,BB,AK,F
13:57:03,UNVR,RG,4140,14,F,BK,CC,D
13:56:58,UNVR,RG,4140,1,D,CC,CC,D
13:56:46,UNVR,RG,4140,1,D,YP,CC,D
13:56:22,UNVR,RG,4140,12,D,YU,CC,D
13:56:19,UNVR,RG,4130,50,D,BB,YP,D
13:56:09,UNVR,RG,4130,1,D,BB,KZ,F
13:56:04,UNVR,RG,4130,1,D,BB,KZ,F
13:56:04,UNVR,RG,4130,1,D,BB,KZ,F
13:56:03,UNVR,RG,4130,8,D,BB,YB,D
13:55:39,UNVR,RG,4130,1,D,BB,KZ,F
13:55:39,UNVR,RG,4130,1,D,BB,KZ,F
13:55:39,UNVR,RG,4130,1,D,BB,KZ,F
13:55:24,UNVR,RG,4130,1,D,BB,AK,F
13:55:22,UNVR,RG,4130,1,D,BB,CC,D
13:55:19,UNVR,RG,4130,2,D,BB,ZP,F
13:55:19,UNVR,RG,4130,1,D,BB,KZ,F
13:55:14,UNVR,RG,4130,3,D,BB,KZ,F
13:55:09,UNVR,RG,4130,1,D,BB,KZ,F
13:55:09,UNVR,RG,4130,33,D,BB,KZ,F
13:55:09,UNVR,RG,4130,1,D,BB,KZ,F
13:55:09,UNVR,RG,4130,4,D,BB,KZ,F
13:55:04,UNVR,RG,4130,3,D,BB,KZ,F
13:55:04,UNVR,RG,4130,10,D,BB,KZ,F
13:55:04,UNVR,RG,4130,1,D,BB,KZ,F
13:54:59,UNVR,RG,4130,1,D,BB,KZ,F
13:54:35,UNVR,RG,4130,10,D,BB,EP,D
13:54:33,UNVR,RG,4130,4,D,BB,SQ,D
13:54:19,UNVR,RG,4130,13,D,BB,NI,D
13:54:19,UNVR,RG,4140,2,D,YP,CC,D
13:54:15,UNVR,RG,4130,9,D,BB,CC,D
13:54:15,UNVR,RG,4130,8,D,BB,AK,F
13:54:00,UNVR,RG,4130,1,D,BB,OD,D
13:53:30,UNVR,RG,4130,1,D,BB,AK,F
13:53:29,UNVR,RG,4130,3,D,BB,EP,D
13:53:19,UNVR,RG,4140,14,F,BK,CC,D
13:53:17,UNVR,RG,4130,25,D,BB,YU,D
13:53:10,UNVR,RG,4140,1,D,PD,CC,D
13:53:05,UNVR,RG,4130,2,D,BB,EP,D
13:53:00,UNVR,RG,4130,7,D,BB,AT,D
13:53:00,UNVR,RG,4130,5,F,CS,AT,D
13:52:36,UNVR,RG,4130,9,F,CS,PD,D
13:52:36,UNVR,RG,4130,1,D,YP,PD,D
13:52:28,UNVR,RG,4130,1,D,NI,ZP,F
13:52:28,UNVR,RG,4130,1,D,CC,ZP,F
13:52:15,UNVR,RG,4130,1,D,YP,CC,D
13:52:13,UNVR,RG,4130,1,D,YP,AK,F
13:52:13,UNVR,RG,4130,1,D,XC,AK,F
13:52:04,UNVR,RG,4130,10,F,CS,KZ,F
13:52:04,UNVR,RG,4130,7,D,YP,KZ,F
13:52:01,UNVR,RG,4130,18,D,YP,XC,D
13:52:01,UNVR,RG,4130,2,D,XC,XC,D
13:52:01,UNVR,RG,4130,52,F,AK,XC,D
13:51:59,UNVR,RG,4130,1,F,AK,KZ,F
13:51:54,UNVR,RG,4130,1,F,AK,KZ,F
13:51:41,UNVR,RG,4130,2,F,AK,XC,D
13:51:39,UNVR,RG,4130,1,F,AK,KZ,F
13:51:39,UNVR,RG,4130,1,F,AK,KZ,F
13:51:39,UNVR,RG,4130,1,F,AK,KZ,F
13:51:39,UNVR,RG,4130,1,D,PD,KZ,F
13:51:39,UNVR,RG,4130,2,D,DH,KZ,F
13:51:34,UNVR,RG,4140,1,D,YU,CC,D
13:51:34,UNVR,RG,4130,1,D,DH,KZ,F
13:51:34,UNVR,RG,4130,1,D,DH,KZ,F
13:51:29,UNVR,RG,4130,1,D,DH,KZ,F
13:51:29,UNVR,RG,4130,1,D,DH,KZ,F
13:51:14,UNVR,RG,4130,4,D,DH,KZ,F
13:51:14,UNVR,RG,4130,5,F,CS,KZ,F
13:51:14,UNVR,RG,4130,8,F,DX,KZ,F
13:51:14,UNVR,RG,4130,3,F,DX,KZ,F
13:51:14,UNVR,RG,4130,6,F,DX,KZ,F
13:51:14,UNVR,RG,4130,1,F,DX,KZ,F
13:51:11,UNVR,RG,4130,17,F,DX,KZ,F
13:51:09,UNVR,RG,4130,1,F,DX,KZ,F
13:51:09,UNVR,RG,4130,3,F,DX,KZ,F
13:51:09,UNVR,RG,4130,4,F,DX,KZ,F
13:51:09,UNVR,RG,4130,14,F,DX,KZ,F
13:51:09,UNVR,RG,4130,38,F,DX,KZ,F
13:51:09,UNVR,RG,4130,28,F,DX,KZ,F
13:51:09,UNVR,RG,4130,86,F,KZ,KZ,F
13:51:09,UNVR,RG,4130,2,F,KZ,KZ,F
13:51:09,UNVR,RG,4130,4,F,KZ,KZ,F
13:51:08,UNVR,RG,4130,6,F,KZ,KZ,F
13:51:08,UNVR,RG,4130,12,F,KZ,KZ,F
13:51:08,UNVR,RG,4130,6,D,YP,KZ,F
13:51:08,UNVR,RG,4140,1,F,AK,CC,D
13:51:07,UNVR,RG,4130,12,D,YP,CC,D
13:51:04,UNVR,RG,4140,2,F,AK,CC,D
13:51:04,UNVR,RG,4130,32,D,YP,EP,D
13:51:04,UNVR,RG,4130,1,D,PD,EP,D
13:51:04,UNVR,RG,4130,1,D,YP,EP,D
13:51:04,UNVR,RG,4130,5,F,CS,EP,D
13:51:04,UNVR,RG,4130,11,D,HP,EP,D
13:50:39,UNVR,RG,4140,1,F,AK,CC,D
13:50:38,UNVR,RG,4130,2,D,HP,CC,D
13:50:37,UNVR,RG,4130,1,D,HP,ZP,F
13:50:35,UNVR,RG,4140,1,F,AK,CC,D
13:50:34,UNVR,RG,4140,20,F,AK,CC,D
13:50:34,UNVR,RG,4140,1,F,AK,XC,D
13:50:34,UNVR,RG,4140,15,F,AK,XC,D
13:50:34,UNVR,RG,4140,36,F,AK,CC,D
13:50:34,UNVR,RG,4140,83,F,AK,AO,D
13:50:34,UNVR,RG,4140,17,F,KZ,AO,D
13:50:34,UNVR,RG,4140,1,F,KZ,XC,D
13:50:34,UNVR,RG,4140,1,F,KZ,PD,D
13:50:34,UNVR,RG,4140,1,F,KZ,PD,D
13:50:34,UNVR,RG,4140,1,F,KZ,YP,D
13:50:34,UNVR,RG,4140,1,F,KZ,PD,D
13:50:34,UNVR,RG,4140,2,F,KZ,OD,D
13:50:34,UNVR,RG,4140,5,F,KZ,CC,D
13:50:34,UNVR,RG,4140,10,F,KZ,GR,D
13:50:34,UNVR,RG,4140,10,F,KZ,CC,D
13:50:34,UNVR,RG,4140,1,F,KZ,XC,D
13:50:34,UNVR,RG,4140,1,F,KZ,NI,D
13:50:34,UNVR,RG,4140,1,F,KZ,NI,D
13:50:34,UNVR,RG,4140,1,F,KZ,NI,D
13:50:34,UNVR,RG,4140,1,F,KZ,XC,D
13:50:34,UNVR,RG,4140,1,F,KZ,CC,D
13:50:34,UNVR,RG,4140,2,F,KZ,RG,D
13:50:34,UNVR,RG,4140,2,F,KZ,XC,D
13:50:34,UNVR,RG,4140,10,F,KZ,DH,D
13:50:34,UNVR,RG,4140,10,F,KZ,DH,D
13:50:34,UNVR,RG,4140,10,F,KZ,YP,D
13:50:34,UNVR,RG,4140,10,F,KZ,CC,D
13:50:34,UNVR,RG,4140,35,F,KZ,XC,D
13:50:34,UNVR,RG,4140,50,F,KZ,DH,D
13:50:28,UNVR,RG,4130,36,D,HP,PD,D
13:50:28,UNVR,RG,4130,1,D,PD,PD,D
13:50:28,UNVR,RG,4130,2,D,PD,PD,D
13:50:28,UNVR,RG,4130,4,F,BK,PD,D
13:50:28,UNVR,RG,4130,7,F,CC,PD,D
13:50:26,UNVR,RG,4130,4,F,CC,XC,D
13:50:24,UNVR,RG,4130,33,F,CC,KZ,F
13:50:24,UNVR,RG,4130,11,F,CC,KZ,F
13:50:22,UNVR,RG,4130,100,F,CC,NI,D
13:49:59,UNVR,RG,4130,1,F,CC,KZ,F
13:49:48,UNVR,RG,4140,1,D,XC,PD,D
13:49:46,UNVR,RG,4140,12,D,YU,PD,D
13:49:34,UNVR,RG,4130,1,F,CC,KZ,F
13:49:34,UNVR,RG,4130,2,F,CC,KZ,F
13:49:19,UNVR,RG,4130,1,F,CC,CC,D
13:49:14,UNVR,RG,4130,1,F,CC,KZ,F
13:49:09,UNVR,RG,4130,1,F,CC,KZ,F
13:49:09,UNVR,RG,4130,1,F,CC,KZ,F
13:49:04,UNVR,RG,4140,1,D,NI,PD,D
13:49:04,UNVR,RG,4140,1,D,NI,MG,D
13:48:59,UNVR,RG,4130,1,F,CC,KZ,F
13:48:59,UNVR,RG,4130,1,F,CC,KZ,F
13:48:49,UNVR,RG,4130,3,F,CC,KZ,F
13:48:45,UNVR,RG,4130,1,F,CC,YP,D
13:48:44,UNVR,RG,4130,1,F,CC,KZ,F
13:48:44,UNVR,RG,4130,4,F,CC,KZ,F
13:48:34,UNVR,RG,4130,28,F,CC,KZ,F
13:48:29,UNVR,RG,4140,1,D,KK,DR,D
13:48:29,UNVR,RG,4140,1,D,KK,YP,D
13:48:29,UNVR,RG,4140,1,D,KK,ZP,F
13:48:29,UNVR,RG,4140,2,D,KK,SQ,D
13:48:29,UNVR,RG,4130,1,F,CC,KZ,F
13:48:24,UNVR,RG,4130,3,F,CC,KZ,F
13:48:24,UNVR,RG,4130,6,F,CC,KZ,F
13:48:19,UNVR,RG,4130,31,F,CC,KZ,F
13:48:19,UNVR,RG,4130,2,F,CC,KZ,F
13:48:09,UNVR,RG,4130,7,F,CC,KZ,F
13:48:04,UNVR,RG,4130,93,F,CC,KZ,F
13:48:04,UNVR,RG,4130,2,F,CC,KZ,F
13:48:01,UNVR,RG,4130,6,F,CC,KZ,F
13:47:59,UNVR,RG,4130,2,F,CC,KZ,F
13:47:59,UNVR,RG,4130,38,F,CC,KZ,F
13:47:59,UNVR,RG,4130,5,F,CC,KZ,F
13:47:59,UNVR,RG,4130,13,F,CC,KZ,F
13:47:59,UNVR,RG,4130,14,F,CC,KZ,F
13:47:57,UNVR,RG,4130,38,F,CC,KZ,F
13:47:56,UNVR,RG,4130,342,F,CC,KZ,F
13:47:56,UNVR,RG,4130,115,F,CC,KZ,F
13:47:54,UNVR,RG,4130,2,F,CC,KZ,F
13:47:54,UNVR,RG,4130,3,F,CC,KZ,F
13:47:54,UNVR,RG,4130,1,F,CC,KZ,F
13:47:54,UNVR,RG,4130,4,F,CC,KZ,F
13:47:54,UNVR,RG,4130,19,F,CC,KZ,F
13:47:54,UNVR,RG,4130,1,F,CC,KZ,F
13:47:54,UNVR,RG,4130,4,F,CC,KZ,F
13:47:54,UNVR,RG,4130,1,F,CC,KZ,F
13:47:52,UNVR,RG,4130,11,F,CC,LG,D
13:47:52,UNVR,RG,4130,47,F,DX,LG,D
13:47:52,UNVR,RG,4130,10,F,CS,LG,D
13:47:52,UNVR,RG,4130,5,D,NI,LG,D
13:47:52,UNVR,RG,4130,2,D,YP,LG,D
13:47:52,UNVR,RG,4130,1,D,YP,LG,D
13:47:52,UNVR,RG,4130,4,D,CC,LG,D
13:47:52,UNVR,RG,4130,40,F,DX,LG,D
13:47:52,UNVR,RG,4130,60,D,GR,LG,D
13:47:52,UNVR,RG,4130,1,D,EP,LG,D
13:47:52,UNVR,RG,4130,73,D,YP,LG,D
13:47:52,UNVR,RG,4130,1,F,BK,LG,D
13:47:52,UNVR,RG,4130,7,F,CS,LG,D
13:47:52,UNVR,RG,4130,2,D,NI,LG,D
13:47:52,UNVR,RG,4130,2,D,DH,LG,D
13:47:52,UNVR,RG,4130,12,F,CS,LG,D
13:47:52,UNVR,RG,4130,5,D,PD,LG,D
13:47:52,UNVR,RG,4130,1,D,AT,LG,D
13:47:52,UNVR,RG,4130,60,F,DX,LG,D
13:47:52,UNVR,RG,4130,283,D,BB,LG,D
13:47:52,UNVR,RG,4130,43,F,DX,LG,D
13:47:52,UNVR,RG,4130,238,F,KZ,LG,D
13:47:52,UNVR,RG,4130,1,D,PD,LG,D
13:47:52,UNVR,RG,4130,38,F,DX,LG,D
13:47:52,UNVR,RG,4130,4,F,CS,LG,D
13:47:52,UNVR,RG,4130,49,D,DR,LG,D
13:47:38,UNVR,RG,4130,4,D,DR,XC,D
13:47:30,UNVR,RG,4130,10,D,DR,YB,D
13:47:30,UNVR,RG,4130,2,D,DR,AK,F
13:47:29,UNVR,RG,4130,9,D,DR,KZ,F
13:47:19,UNVR,RG,4130,1,D,DR,KZ,F
13:47:19,UNVR,RG,4130,11,D,DR,KZ,F
13:47:19,UNVR,RG,4130,27,D,DR,KZ,F
13:47:19,UNVR,RG,4130,1,D,DR,KZ,F
13:47:17,UNVR,RG,4130,58,D,DR,OD,D
13:47:14,UNVR,RG,4130,1,D,DR,KZ,F
13:47:09,UNVR,RG,4130,1,D,DR,KZ,F
13:47:04,UNVR,RG,4130,1,D,DR,KZ,F
13:47:04,UNVR,RG,4130,3,D,DR,KZ,F
13:47:00,UNVR,RG,4130,3,D,DR,XC,D
13:46:56,UNVR,RG,4130,1,D,DR,ZP,F
13:46:54,UNVR,RG,4130,168,D,DR,KZ,F
13:46:54,UNVR,RG,4130,5,D,PD,KZ,F
13:46:54,UNVR,RG,4130,68,F,DX,KZ,F
13:46:54,UNVR,RG,4130,1,D,YP,KZ,F
13:46:54,UNVR,RG,4130,101,D,BB,KZ,F
13:46:46,UNVR,RG,4130,8,D,BB,AK,F
13:46:45,UNVR,RG,4130,1,D,BB,AK,F
13:46:44,UNVR,RG,4130,3,D,BB,KZ,F
13:46:34,UNVR,RG,4140,18,F,KZ,SQ,D
13:46:34,UNVR,RG,4140,10,F,KZ,DX,D
13:46:34,UNVR,RG,4140,56,F,KZ,DX,D
13:46:34,UNVR,RG,4140,10,F,KZ,XC,D
13:46:34,UNVR,RG,4140,10,F,KZ,YP,D
13:46:34,UNVR,RG,4140,13,F,KZ,KZ,F
13:46:28,UNVR,RG,4140,5,D,NI,KZ,F
13:45:53,UNVR,RG,4130,40,D,BB,XA,D
13:45:13,UNVR,RG,4130,5,D,BB,GR,D
13:44:56,UNVR,RG,4140,2,D,YP,KZ,F
13:44:54,UNVR,RG,4130,402,D,BB,AI,D
13:44:54,UNVR,RG,4130,7,F,AK,AI,D
13:44:54,UNVR,RG,4130,35,F,DX,AI,D
13:44:54,UNVR,RG,4130,5,D,YP,AI,D
13:44:54,UNVR,RG,4130,1,D,OD,AI,D
13:44:54,UNVR,RG,4130,1,D,AT,AI,D
13:44:54,UNVR,RG,4130,250,D,YP,AI,D
13:44:54,UNVR,RG,4130,10,D,YU,AI,D
13:44:54,UNVR,RG,4130,14,F,BK,AI,D
13:44:54,UNVR,RG,4130,30,D,PD,AI,D
13:44:54,UNVR,RG,4130,4,D,XC,AI,D
13:44:54,UNVR,RG,4130,51,F,DX,AI,D
13:44:54,UNVR,RG,4130,3,F,CS,AI,D
13:44:54,UNVR,RG,4130,10,F,CS,AI,D
13:44:54,UNVR,RG,4130,9,D,NI,AI,D
13:44:54,UNVR,RG,4130,99,D,BB,AI,D
13:44:54,UNVR,RG,4130,8,F,CS,AI,D
13:44:54,UNVR,RG,4130,1,D,YP,AI,D
13:44:54,UNVR,RG,4130,60,D,YP,AI,D
13:44:51,UNVR,RG,4140,1,D,PD,KZ,F
13:44:46,UNVR,RG,4140,2,D,DH,KZ,F
13:44:28,UNVR,RG,4140,13,F,BK,KZ,F
13:44:28,UNVR,RG,4140,1,F,BK,KZ,F
13:44:25,UNVR,RG,4130,3,D,YP,SQ,D
13:44:19,UNVR,RG,4130,3,D,YP,KZ,F
13:44:16,UNVR,RG,4130,2,D,YP,ZP,F
13:44:07,UNVR,RG,4130,7,D,YP,SQ,D
13:44:07,UNVR,RG,4130,3,D,YP,SQ,D
13:44:05,UNVR,RG,4130,2,D,YP,YP,D
13:44:04,UNVR,RG,4130,1,D,YP,KZ,F
13:44:04,UNVR,RG,4130,12,F,DX,KZ,F
13:43:59,UNVR,RG,4130,25,F,DX,KZ,F
13:43:59,UNVR,RG,4130,4,D,YP,KZ,F
13:43:59,UNVR,RG,4130,5,D,YP,KZ,F
13:43:59,UNVR,RG,4130,2,D,YP,KZ,F
13:43:59,UNVR,RG,4130,1,D,YP,KZ,F
13:43:59,UNVR,RG,4130,9,D,YP,KZ,F
13:43:54,UNVR,RG,4130,1,D,YP,KZ,F
13:43:54,UNVR,RG,4130,1,D,YP,KZ,F
13:43:54,UNVR,RG,4130,12,D,NI,KZ,F
13:43:54,UNVR,RG,4130,108,D,NI,KZ,F
13:43:54,UNVR,RG,4130,1,D,YP,KZ,F
13:43:54,UNVR,RG,4130,1,D,YP,KZ,F
13:43:54,UNVR,RG,4130,57,F,AK,KZ,F
13:43:54,UNVR,RG,4130,71,F,AK,KZ,F
13:43:54,UNVR,RG,4130,1,F,AK,KZ,F
13:43:54,UNVR,RG,4130,1,F,AK,KZ,F
13:43:54,UNVR,RG,4130,2,F,AK,KZ,F
13:43:49,UNVR,RG,4130,29,F,AK,KZ,F
13:43:39,UNVR,RG,4130,5,F,AK,KZ,F
13:43:39,UNVR,RG,4130,6,F,AK,KZ,F
13:43:11,UNVR,RG,4130,5,F,AK,SQ,D
13:43:08,UNVR,RG,4140,1,F,AK,KZ,F
13:43:07,UNVR,RG,4140,12,D,YU,KZ,F
13:42:52,UNVR,RG,4140,3,F,AK,CC,D
13:42:52,UNVR,RG,4140,1,D,PD,CC,D
13:42:47,UNVR,RG,4130,15,F,AK,KK,D
13:42:47,UNVR,RG,4130,35,F,DX,KK,D
13:42:43,UNVR,RG,4140,5,D,XC,CC,D
13:42:34,UNVR,RG,4130,3,F,DX,PD,D
13:42:19,UNVR,RG,4140,3,F,AK,CC,D
13:42:18,UNVR,RG,4140,38,D,PD,CC,D
13:42:18,UNVR,RG,4140,3,D,PD,YP,D
13:42:18,UNVR,RG,4140,9,D,PD,YU,D
13:42:04,UNVR,RG,4140,4,D,PD,YU,D
13:41:46,UNVR,RG,4140,1,D,PD,YU,D
13:41:35,UNVR,RG,4130,1,F,DX,PD,D
13:41:34,UNVR,RG,4130,1,F,DX,KK,D
13:41:16,UNVR,RG,4130,3,F,DX,ZP,F
13:41:14,UNVR,RG,4140,1,D,YP,YU,D
13:41:01,UNVR,RG,4140,1,F,AK,YU,D
13:41:01,UNVR,RG,4140,13,F,BK,YU,D
13:41:00,UNVR,RG,4130,2,F,DX,PD,D
13:40:45,UNVR,RG,4140,1,F,AK,YU,D
13:40:45,UNVR,RG,4140,12,D,NI,YU,D
13:40:24,UNVR,RG,4140,2,D,YP,YU,D
13:40:18,UNVR,RG,4140,9,D,NI,YU,D
13:40:14,UNVR,RG,4140,8,F,AK,YU,D
13:40:14,UNVR,RG,4140,39,F,KZ,YU,D
13:40:14,UNVR,RG,4140,6,F,KZ,CC,D
13:40:14,UNVR,RG,4140,100,F,KZ,LG,D
13:40:08,UNVR,RG,4140,5,D,XC,PD,D
13:40:07,UNVR,RG,4140,1,D,YU,PD,D
13:39:53,UNVR,RG,4140,1,D,YU,PD,D
13:39:46,UNVR,RG,4140,1,F,AK,PD,D
13:39:45,UNVR,RG,4140,4,F,AK,PD,D
13:39:44,UNVR,RG,4140,23,F,AK,PD,D
13:39:43,UNVR,RG,4140,15,D,PD,PD,D
13:39:43,UNVR,RG,4140,10,D,PD,PD,D
13:39:43,UNVR,RG,4140,10,D,PD,XC,D
13:39:43,UNVR,RG,4140,3,D,PD,KK,D
13:39:43,UNVR,RG,4140,2,D,PD,AT,D
13:39:43,UNVR,RG,4140,1,D,PD,YP,D
13:39:43,UNVR,RG,4140,1,D,PD,IF,D
13:39:43,UNVR,RG,4140,8,D,PD,KK,D
13:39:43,UNVR,RG,4140,37,D,PD,KK,D
13:39:43,UNVR,RG,4140,1,D,PD,PD,D
13:39:43,UNVR,RG,4140,3,D,PD,XC,D
13:39:43,UNVR,RG,4140,1,D,PD,KZ,F
13:39:43,UNVR,RG,4140,8,D,PD,PD,D
13:39:43,UNVR,RG,4140,2,D,PD,PD,D
13:39:43,UNVR,RG,4140,4,D,PD,KZ,F
13:39:43,UNVR,RG,4140,44,D,PD,KZ,F
13:39:43,UNVR,RG,4140,50,D,PD,KZ,F
13:39:43,UNVR,RG,4140,32,D,PD,KZ,F
13:39:43,UNVR,RG,4140,2,D,PD,SQ,D
13:39:43,UNVR,RG,4140,5,D,PD,NI,D
13:39:43,UNVR,RG,4140,11,D,PD,NI,D
13:39:43,UNVR,RG,4140,9,D,PD,NI,D
13:39:43,UNVR,RG,4140,2,D,PD,GR,D
13:39:43,UNVR,RG,4140,17,D,PD,AT,D
13:39:43,UNVR,RG,4140,3,D,PD,PD,D
13:39:43,UNVR,RG,4140,1,D,PD,XC,D
13:39:43,UNVR,RG,4140,5,D,PD,NI,D
13:39:43,UNVR,RG,4140,3,D,PD,XC,D
13:39:43,UNVR,RG,4140,1,D,PD,DH,D
13:39:43,UNVR,RG,4140,1,D,PD,PD,D
13:39:43,UNVR,RG,4140,1,D,PD,YP,D
13:39:43,UNVR,RG,4140,3,D,PD,YP,D
13:39:43,UNVR,RG,4140,4,D,PD,XC,D
13:39:43,UNVR,RG,4140,6,D,PD,XC,D
13:39:43,UNVR,RG,4140,10,D,PD,PD,D
13:39:43,UNVR,RG,4140,1,D,PD,YP,D
13:39:43,UNVR,RG,4140,10,D,PD,EP,D
13:39:43,UNVR,RG,4140,5,D,PD,XA,D
13:39:43,UNVR,RG,4140,2,D,PD,KK,D
13:39:43,UNVR,RG,4140,16,D,PD,GR,D
13:39:43,UNVR,RG,4140,50,D,PD,GR,D
13:39:43,UNVR,RG,4140,34,D,PD,GR,D
13:39:43,UNVR,RG,4140,3,D,PD,XC,D
13:39:43,UNVR,RG,4140,3,D,PD,AT,D
13:39:43,UNVR,RG,4140,10,D,PD,SQ,D
13:39:43,UNVR,RG,4140,1,D,PD,XC,D
13:39:43,UNVR,RG,4140,1,D,PD,PD,D
13:39:43,UNVR,RG,4140,2,D,PD,YP,D
13:39:43,UNVR,RG,4140,1,D,PD,DR,D
13:39:43,UNVR,RG,4140,10,D,PD,YP,D
13:39:43,UNVR,RG,4140,5,D,PD,NI,D
13:39:43,UNVR,RG,4140,5,D,PD,PD,D
13:39:43,UNVR,RG,4140,5,D,PD,CC,D
13:39:43,UNVR,RG,4140,10,D,PD,GR,D
13:39:43,UNVR,RG,4140,1,D,PD,GR,D
13:39:43,UNVR,RG,4140,1,D,PD,YP,D
13:39:43,UNVR,RG,4140,1,D,PD,YP,D
13:39:43,UNVR,RG,4140,3,D,PD,XC,D
13:39:43,UNVR,RG,4140,4,D,PD,YP,D
13:39:42,UNVR,RG,4130,20,F,DX,YU,D
13:39:41,UNVR,RG,4140,1,D,YU,YP,D
13:39:40,UNVR,RG,4130,9,F,DX,AK,F
13:39:40,UNVR,RG,4130,2,F,DX,XC,D
13:39:40,UNVR,RG,4140,1,D,NI,YP,D
13:39:40,UNVR,RG,4140,4,D,NI,NI,D
13:39:25,UNVR,RG,4140,1,F,AK,NI,D
13:39:24,UNVR,RG,4140,1,D,YU,NI,D
13:39:16,UNVR,RG,4130,3,F,DX,ZP,F
13:39:14,UNVR,RG,4130,3,F,DX,EP,D
13:39:11,UNVR,RG,4140,1,D,YU,NI,D
13:39:06,UNVR,RG,4140,1,D,YP,NI,D
13:39:01,UNVR,RG,4130,7,F,DX,DR,D
13:38:54,UNVR,RG,4140,1,D,YU,NI,D
13:38:45,UNVR,RG,4140,1,F,AK,NI,D
13:38:44,UNVR,RG,4130,3,F,DX,NI,D
13:38:39,UNVR,RG,4140,1,D,YU,NI,D
13:38:36,UNVR,RG,4130,5,F,DX,NI,D
13:38:29,UNVR,RG,4140,6,D,YP,NI,D
13:38:07,UNVR,RG,4140,2,D,CC,NI,D
13:37:32,UNVR,RG,4140,1,F,AK,NI,D
13:37:31,UNVR,RG,4140,10,F,BK,GR,D
13:37:31,UNVR,RG,4140,2,F,BK,PD,D
13:37:31,UNVR,RG,4140,1,F,BK,CC,D
13:37:06,UNVR,RG,4140,2,F,AK,LG,D
13:37:04,UNVR,RG,4140,30,D,PD,LG,D
13:36:38,UNVR,RG,4140,11,D,YU,LG,D
13:35:38,UNVR,RG,4140,1,D,NI,LG,D
13:35:32,UNVR,RG,4140,5,D,PD,LG,D
13:35:01,UNVR,RG,4140,1,D,CC,LG,D
13:33:50,UNVR,RG,4140,1,F,AK,PD,D
13:33:49,UNVR,RG,4140,1,F,AK,PD,D
13:33:49,UNVR,RG,4140,8,F,AK,YP,D
13:33:48,UNVR,RG,4140,9,D,PD,YP,D
13:33:47,UNVR,RG,4140,58,F,AK,YP,D
13:33:47,UNVR,RG,4140,1,F,AK,CC,D
13:33:47,UNVR,RG,4140,1,F,AK,YU,D
13:33:47,UNVR,RG,4140,20,F,AK,DR,D
13:33:47,UNVR,RG,4140,3,F,AK,KK,D
13:33:47,UNVR,RG,4140,4,F,AK,NI,D
13:33:47,UNVR,RG,4140,1,F,AK,ZP,F
13:33:47,UNVR,RG,4140,1,F,AK,NI,D
13:33:47,UNVR,RG,4140,1,F,AK,YP,D
13:33:47,UNVR,RG,4140,10,F,AK,SQ,D
13:33:47,UNVR,RG,4140,2,F,AK,PD,D
13:33:47,UNVR,RG,4140,25,F,AK,SQ,D
13:33:47,UNVR,RG,4140,1,F,AK,IF,D
13:33:47,UNVR,RG,4140,7,F,AK,YP,D
13:33:47,UNVR,RG,4140,10,F,AK,CC,D
13:33:47,UNVR,RG,4140,1,F,AK,YP,D
13:33:47,UNVR,RG,4140,1,F,AK,PD,D
13:33:47,UNVR,RG,4140,8,F,AK,PD,D
13:33:47,UNVR,RG,4140,1,F,AK,PD,D
13:33:47,UNVR,RG,4140,2,F,AK,XC,D
13:33:47,UNVR,RG,4140,2,F,AK,GR,D
13:33:47,UNVR,RG,4140,3,F,AK,PD,D
13:33:47,UNVR,RG,4140,11,F,AK,PD,D
13:33:41,UNVR,RG,4140,89,F,AK,PD,D
13:33:41,UNVR,RG,4140,2,F,AK,LG,D
13:33:40,UNVR,RG,4140,8,D,AO,LG,D
13:33:40,UNVR,RG,4140,52,D,AO,KZ,F
13:33:39,UNVR,RG,4130,1,F,DX,YP,D
13:33:17,UNVR,RG,4130,2,F,DX,NI,D
13:33:04,UNVR,RG,4130,1,F,DX,PD,D
13:32:41,UNVR,RG,4130,1,F,DX,ZP,F
13:32:16,UNVR,RG,4130,3,F,DX,NI,D
13:31:54,UNVR,RG,4140,5,D,KK,KZ,F
13:31:50,UNVR,RG,4130,1,F,DX,PD,D
13:31:33,UNVR,RG,4130,2,F,DX,CC,D
13:30:45,UNVR,RG,4130,2,F,DX,CC,D
13:30:35,UNVR,RG,4130,1,F,DX,XC,D
13:30:24,UNVR,RG,4130,31,F,DX,KZ,F
13:30:21,UNVR,RG,4130,58,F,DX,KZ,F
13:30:21,UNVR,RG,4130,10,D,CC,KZ,F
13:30:21,UNVR,RG,4130,3,D,CC,KZ,F
13:30:21,UNVR,RG,4130,1,D,XC,KZ,F
13:30:21,UNVR,RG,4130,1,D,XC,KZ,F
13:30:21,UNVR,RG,4130,2,D,XC,KZ,F
13:30:21,UNVR,RG,4130,1,D,XC,KZ,F
13:30:21,UNVR,RG,4130,1,D,XC,KZ,F
13:30:21,UNVR,RG,4130,1,D,XC,KZ,F
13:30:21,UNVR,RG,4130,1,D,CC,KZ,F
13:30:21,UNVR,RG,4130,1,D,PD,KZ,F
13:30:21,UNVR,RG,4130,1,D,CC,KZ,F
13:30:21,UNVR,RG,4130,2,D,XC,KZ,F
13:30:21,UNVR,RG,4130,1,D,XC,KZ,F
13:30:21,UNVR,RG,4130,10,D,CC,KZ,F
13:30:21,UNVR,RG,4130,2,D,XC,KZ,F
13:30:21,UNVR,RG,4130,1,D,XC,KZ,F
13:30:21,UNVR,RG,4130,2,D,XC,KZ,F
13:30:21,UNVR,RG,4130,2,D,XC,KZ,F
13:30:21,UNVR,RG,4130,2,D,XC,YP,D
13:30:20,UNVR,RG,4130,3,D,XC,YP,D
13:30:20,UNVR,RG,4130,1,D,XC,YP,D
13:30:20,UNVR,RG,4130,1,D,PD,YP,D
13:30:20,UNVR,RG,4130,42,F,DX,YP,D
13:30:20,UNVR,RG,4130,15,F,DX,YP,D
13:30:19,UNVR,RG,4130,2,F,DX,YP,D
13:30:19,UNVR,RG,4130,2,D,PD,YP,D
13:30:19,UNVR,RG,4130,1,D,PD,YP,D
13:30:19,UNVR,RG,4130,1,D,PD,YP,D
13:30:19,UNVR,RG,4130,1,D,CC,YP,D
13:30:19,UNVR,RG,4130,2,D,CC,YP,D
13:30:19,UNVR,RG,4130,2,D,PD,YP,D
13:30:19,UNVR,RG,4130,1,D,KK,YP,D
13:30:19,UNVR,RG,4130,1,D,KK,YP,D
13:30:19,UNVR,RG,4130,5,D,KK,YP,D
13:30:19,UNVR,RG,4130,1,D,PD,YP,D
13:30:19,UNVR,RG,4130,2,D,PD,YP,D
13:30:19,UNVR,RG,4130,1,D,PD,YP,D
13:30:19,UNVR,RG,4130,10,D,PD,YP,D
13:30:19,UNVR,RG,4130,97,D,PD,YP,D
13:30:19,UNVR,RG,4130,3,D,PD,YP,D
13:30:19,UNVR,RG,4130,10,D,PD,KZ,F
13:30:19,UNVR,RG,4130,1,D,PD,KZ,F
13:30:19,UNVR,RG,4130,1,D,PD,KZ,F
13:30:19,UNVR,RG,4130,1,D,PD,KZ,F
13:30:19,UNVR,RG,4130,17,D,CC,KZ,F
13:30:18,UNVR,RG,4140,5,D,YP,KZ,F
13:30:18,UNVR,RG,4130,8,D,CC,YP,D
13:30:18,UNVR,RG,4130,1,D,KK,YP,D
13:30:18,UNVR,RG,4130,1,D,LG,YP,D
13:30:18,UNVR,RG,4130,1,D,PD,YP,D
13:30:18,UNVR,RG,4130,1,D,AT,YP,D
13:30:18,UNVR,RG,4130,1,D,AT,YP,D
13:30:18,UNVR,RG,4130,1,D,CC,YP,D
13:30:18,UNVR,RG,4130,3,D,AT,YP,D
13:30:18,UNVR,RG,4130,4,D,AT,YP,D
13:30:18,UNVR,RG,4130,8,F,BK,YP,D
13:30:17,UNVR,RG,4130,5,F,BK,KZ,F
13:30:17,UNVR,RG,4130,10,D,PD,KZ,F
13:30:17,UNVR,RG,4130,2,F,AG,KZ,F
13:30:17,UNVR,RG,4130,1,D,PD,KZ,F
13:30:17,UNVR,RG,4130,1,D,PD,KZ,F
13:30:17,UNVR,RG,4130,12,F,KZ,KZ,F
13:30:17,UNVR,RG,4130,10,F,KZ,YP,D
13:30:17,UNVR,RG,4130,5,F,KZ,YP,D
13:30:17,UNVR,RG,4130,5,F,KZ,AK,F
13:30:16,UNVR,RG,4130,1,F,KZ,YP,D
13:30:15,UNVR,RG,4130,1,F,KZ,OD,D
13:30:15,UNVR,RG,4130,2,F,KZ,NI,D
13:30:15,UNVR,RG,4130,30,F,KZ,CC,D
13:30:14,UNVR,RG,4140,24,D,NI,KZ,F
13:30:13,UNVR,RG,4130,5,F,KZ,AK,F
13:30:11,UNVR,RG,4140,5,D,YU,KZ,F
13:30:11,UNVR,RG,4130,2,F,KZ,XC,D
13:30:11,UNVR,RG,4130,1,F,KZ,XC,D
13:30:11,UNVR,RG,4130,79,F,KZ,KZ,F
13:30:11,UNVR,RG,4130,134,F,KZ,KZ,F
13:30:10,UNVR,RG,4130,1,F,KZ,XC,D
13:30:10,UNVR,RG,4130,1,F,KZ,XC,D
13:30:10,UNVR,RG,4130,5,F,KZ,CC,D
13:30:09,UNVR,RG,4130,1,F,KZ,XC,D
13:30:09,UNVR,RG,4130,138,F,KZ,KZ,F
13:30:09,UNVR,RG,4130,2,D,SQ,KZ,F
13:30:09,UNVR,RG,4130,1,D,PD,KZ,F
13:30:09,UNVR,RG,4130,2,D,PD,KZ,F
13:30:09,UNVR,RG,4130,5,D,DH,KZ,F
13:30:09,UNVR,RG,4130,8,D,DH,KZ,F
13:30:09,UNVR,RG,4130,13,D,PD,KZ,F
13:30:09,UNVR,RG,4130,37,D,PD,XC,D
13:30:09,UNVR,RG,4130,1,D,PD,XC,D
13:30:09,UNVR,RG,4130,1,D,KK,XC,D
13:30:09,UNVR,RG,4130,1,D,PD,XC,D
13:30:09,UNVR,RG,4130,20,D,DR,XC,D
13:30:08,UNVR,RG,4130,1,D,DR,PD,D
13:30:08,UNVR,RG,4130,1,D,DR,PD,D
13:30:08,UNVR,RG,4130,3,D,DR,PD,D
13:30:07,UNVR,RG,4130,35,D,DR,CC,D
13:30:07,UNVR,RG,4130,3,D,DR,CC,D
13:30:07,UNVR,RG,4130,1,D,DR,CC,D
13:30:07,UNVR,RG,4130,10,D,EP,CC,D
13:30:07,UNVR,RG,4130,1,D,TP,CC,D
13:30:07,UNVR,RG,4130,1,D,EP,CC,D
13:30:07,UNVR,RG,4130,2,D,KK,CC,D
13:30:07,UNVR,RG,4130,2,D,DR,CC,D
13:30:07,UNVR,RG,4130,1,D,EP,CC,D
13:30:07,UNVR,RG,4130,2,F,KZ,CC,D
13:30:07,UNVR,RG,4130,6,F,KZ,PD,D
13:30:06,UNVR,RG,4130,6,F,KZ,PD,D
13:30:06,UNVR,RG,4130,1,F,KZ,PD,D
13:30:06,UNVR,RG,4130,10,F,KZ,PD,D
13:30:06,UNVR,RG,4130,3,F,KZ,PD,D
13:30:06,UNVR,RG,4130,1,D,YP,PD,D
13:30:06,UNVR,RG,4140,10,D,PD,KZ,F
13:30:05,UNVR,RG,4130,3,D,XC,PD,D
13:30:05,UNVR,RG,4130,1,F,CS,PD,D
13:30:05,UNVR,RG,4130,11,F,CS,PD,D
13:30:05,UNVR,RG,4130,1,F,CS,PD,D
13:30:05,UNVR,RG,4130,2,F,CS,PD,D
13:30:05,UNVR,RG,4130,10,D,YP,PD,D
13:30:05,UNVR,RG,4130,2,D,PD,PD,D
13:30:05,UNVR,RG,4130,50,D,PD,PD,D
13:30:05,UNVR,RG,4130,2,D,PD,CC,D
13:30:05,UNVR,RG,4130,1,D,PD,DH,D
13:30:05,UNVR,RG,4130,20,D,PD,CC,D
13:30:05,UNVR,RG,4130,2,D,PD,PD,D
13:30:05,UNVR,RG,4130,14,D,PD,KK,D
13:30:05,UNVR,RG,4130,5,F,CS,KK,D
13:30:05,UNVR,RG,4130,3,F,CS,KK,D
13:30:05,UNVR,RG,4130,3,D,XC,KK,D
13:30:05,UNVR,RG,4130,5,D,SQ,KK,D
13:30:05,UNVR,RG,4130,10,D,SQ,DH,D
13:30:05,UNVR,RG,4130,1,D,SQ,PD,D
13:30:04,UNVR,RG,4130,1,D,SQ,PD,D
13:30:04,UNVR,RG,4130,1,D,SQ,GR,D
13:30:04,UNVR,RG,4130,7,D,SQ,KZ,F
13:30:04,UNVR,RG,4130,5,F,DX,KZ,F
13:30:04,UNVR,RG,4130,3,F,DX,AT,D
13:30:04,UNVR,RG,4130,3,F,DX,SQ,D
13:30:04,UNVR,RG,4130,43,F,DX,AI,D
13:30:04,UNVR,RG,4130,200,D,AI,AI,D
13:30:04,UNVR,RG,4130,250,D,CC,AI,D
13:30:04,UNVR,RG,4130,3,F,CS,AI,D
13:30:04,UNVR,RG,4130,16,F,AK,AI,D
13:30:04,UNVR,RG,4130,6,D,YU,AI,D
13:30:04,UNVR,RG,4130,1,D,XC,AI,D
13:30:04,UNVR,RG,4130,3,D,SQ,AI,D
13:30:04,UNVR,RG,4130,3,D,YB,AI,D
13:30:04,UNVR,RG,4130,1,D,XC,AI,D
13:30:04,UNVR,RG,4130,1,D,PD,AI,D
13:30:04,UNVR,RG,4130,37,F,DX,AI,D
13:30:04,UNVR,RG,4130,136,F,KZ,AI,D
13:30:04,UNVR,RG,4130,3,F,KZ,PD,D
13:30:04,UNVR,RG,4130,1,F,KZ,KK,D
13:30:03,UNVR,RG,4130,1,F,KZ,DH,D
13:30:03,UNVR,RG,4130,1,F,KZ,PD,D
13:30:03,UNVR,RG,4130,5,F,KZ,KK,D
13:30:03,UNVR,RG,4130,2,F,KZ,PD,D
13:30:03,UNVR,RG,4130,2,F,KZ,EP,D
13:30:03,UNVR,RG,4130,7,F,KZ,GR,D
13:30:03,UNVR,RG,4130,10,F,KZ,KK,D
13:30:02,UNVR,RG,4130,10,F,KZ,EP,D
13:30:02,UNVR,RG,4130,20,F,KZ,ZP,D
13:30:02,UNVR,RG,4130,1,D,NI,ZP,D
13:30:02,UNVR,RG,4130,2,F,AK,ZP,D
13:30:02,UNVR,RG,4130,6,D,NI,ZP,D
13:30:02,UNVR,RG,4130,5,D,NI,SQ,D
13:30:02,UNVR,RG,4130,2,D,NI,ZP,F
13:30:02,UNVR,RG,4130,29,D,NI,PC,D
13:30:02,UNVR,RG,4130,1,D,BB,PC,D
13:30:02,UNVR,RG,4140,10,D,PC,KZ,F
13:30:02,UNVR,RG,4140,1,D,EP,KZ,F
13:30:02,UNVR,RG,4130,1,D,BB,PC,D
13:30:02,UNVR,RG,4130,1,D,BB,CP,D
11:29:59,UNVR,RG,4130,1,D,BB,KZ,F
11:29:58,UNVR,RG,4130,1,D,BB,AK,F
11:29:46,UNVR,RG,4130,5,D,BB,YP,D
11:29:37,UNVR,RG,4130,1,D,BB,DH,D
11:28:30,UNVR,RG,4130,1,D,BB,ZP,F
11:28:24,UNVR,RG,4130,1,D,BB,XC,D
11:28:23,UNVR,RG,4130,1,D,BB,DH,D
11:28:15,UNVR,RG,4130,1,D,BB,AK,F
11:27:47,UNVR,RG,4130,1,D,BB,YP,D
11:27:34,UNVR,RG,4130,13,D,BB,KZ,F
11:27:34,UNVR,RG,4130,5,F,CS,KZ,F
11:27:29,UNVR,RG,4130,1,F,CS,KZ,F
11:27:24,UNVR,RG,4130,1,F,CS,KZ,F
11:27:24,UNVR,RG,4130,1,F,CS,KZ,F
11:27:21,UNVR,RG,4130,1,F,CS,KZ,F
11:27:19,UNVR,RG,4130,5,F,AK,AT,D
11:27:19,UNVR,RG,4130,13,D,SQ,AT,D
11:27:14,UNVR,RG,4130,1,D,SQ,DX,D
11:26:59,UNVR,RG,4130,1,D,SQ,ZP,F
11:26:45,UNVR,RG,4140,2,D,DH,KZ,F
11:26:06,UNVR,RG,4140,1,F,AK,KZ,F
11:26:06,UNVR,RG,4130,10,D,SQ,CC,D
11:25:36,UNVR,RG,4130,1,D,YP,CC,D
11:25:30,UNVR,RG,4130,2,D,YP,AK,F
11:25:02,UNVR,RG,4130,1,D,YP,XC,D
11:25:01,UNVR,RG,4140,161,F,AK,KZ,F
11:24:59,UNVR,RG,4130,7,D,YP,KZ,F
11:24:54,UNVR,RG,4130,1,D,YP,KZ,F
11:24:36,UNVR,RG,4130,3,D,YP,XC,D
11:24:30,UNVR,RG,4130,1,D,YP,AK,F
11:24:29,UNVR,RG,4130,2,D,YP,CC,D
11:24:29,UNVR,RG,4130,1,D,YP,PD,D
11:24:29,UNVR,RG,4130,1,D,YP,YP,D
11:24:29,UNVR,RG,4130,41,D,YP,KZ,F
11:24:29,UNVR,RG,4130,1,D,YP,KZ,F
11:24:29,UNVR,RG,4130,12,D,YP,LG,D
11:24:29,UNVR,RG,4130,5,D,YP,CC,D
11:24:29,UNVR,RG,4130,3,D,YP,KZ,F
11:24:29,UNVR,RG,4130,18,D,YP,KZ,F
11:24:27,UNVR,RG,4130,10,F,DX,KZ,F
11:24:27,UNVR,RG,4130,1,F,DX,YP,D
11:24:27,UNVR,RG,4130,1,F,DX,ZP,F
11:24:27,UNVR,RG,4130,5,F,DX,KZ,F
11:24:27,UNVR,RG,4130,10,F,DX,KZ,F
11:24:23,UNVR,RG,4130,9,D,BB,KZ,F
11:24:23,UNVR,RG,4130,28,D,BB,KZ,F
11:24:22,UNVR,RG,4130,2,D,BB,KZ,F
11:24:21,UNVR,RG,4130,12,F,KK,KZ,F
11:24:21,UNVR,RG,4130,3,F,KK,PD,D
11:24:21,UNVR,RG,4130,75,F,KK,YP,D
11:24:21,UNVR,RG,4130,10,F,KK,NI,D
11:24:21,UNVR,RG,4130,30,F,KK,KZ,F
11:24:21,UNVR,RG,4130,1,F,KK,XC,D
11:24:21,UNVR,RG,4130,19,F,KK,KZ,F
11:24:14,UNVR,RG,4130,5,D,YU,KZ,F
11:23:59,UNVR,RG,4130,3,D,BB,KZ,F
11:23:58,UNVR,RG,4120,1,D,BB,ZP,F
11:23:57,UNVR,RG,4130,12,D,YU,KZ,F
11:23:40,UNVR,RG,4130,11,D,BB,KZ,F
11:23:35,UNVR,RG,4130,44,F,DX,GR,D
11:23:34,UNVR,RG,4130,30,D,BB,GR,D
11:23:31,UNVR,RG,4120,26,D,BB,PD,D
11:23:31,UNVR,RG,4120,23,F,KZ,PD,D
11:23:31,UNVR,RG,4120,5,F,KZ,PD,D
11:23:31,UNVR,RG,4120,1,D,CC,PD,D
11:23:31,UNVR,RG,4120,2,D,NI,PD,D
11:23:31,UNVR,RG,4120,5,D,YP,PD,D
11:23:31,UNVR,RG,4120,1,D,PD,PD,D
11:23:31,UNVR,RG,4120,3,D,NI,PD,D
11:23:31,UNVR,RG,4120,1,D,SQ,PD,D
11:23:31,UNVR,RG,4120,1,D,LG,PD,D
11:23:31,UNVR,RG,4120,3,D,YP,PD,D
11:23:31,UNVR,RG,4120,30,D,OD,PD,D
11:23:31,UNVR,RG,4120,1,D,PD,PD,D
11:23:31,UNVR,RG,4120,1,D,DH,PD,D
11:23:31,UNVR,RG,4120,1,D,XC,PD,D
11:23:31,UNVR,RG,4120,3,D,PD,PD,D
11:23:31,UNVR,RG,4120,1,D,PD,PD,D
11:23:31,UNVR,RG,4120,2,D,CC,PD,D
11:23:31,UNVR,RG,4120,10,D,OD,PD,D
11:23:30,UNVR,RG,4130,1,D,BB,GR,D
11:23:30,UNVR,RG,4120,1,D,OD,AK,F
11:23:28,UNVR,RG,4120,3,D,OD,PD,D
11:23:10,UNVR,RG,4120,1,D,OD,PD,D
11:22:30,UNVR,RG,4120,1,D,OD,AK,F
11:21:56,UNVR,RG,4130,1,D,BB,GR,D
11:21:33,UNVR,RG,4130,29,D,BB,GR,D
11:21:32,UNVR,RG,4130,3,D,YU,GR,D
11:21:28,UNVR,RG,4130,44,F,KZ,GR,D
11:21:28,UNVR,RG,4130,2,F,KZ,KZ,F
11:21:28,UNVR,RG,4130,20,F,KZ,OD,D
11:21:28,UNVR,RG,4130,10,F,KZ,GR,D
11:21:28,UNVR,RG,4130,2,F,KZ,NI,D
11:21:28,UNVR,RG,4130,37,F,KZ,CC,D
11:20:45,UNVR,RG,4120,1,D,OD,AK,F
11:20:02,UNVR,RG,4130,3,D,BB,CC,D
11:19:59,UNVR,RG,4130,22,D,BB,CC,D
11:19:58,UNVR,RG,4130,11,D,BB,CC,D
11:19:57,UNVR,RG,4130,27,D,CC,CC,D
11:19:57,UNVR,RG,4130,1,D,CC,ZP,F
11:19:57,UNVR,RG,4130,2,D,CC,KZ,F
11:19:57,UNVR,RG,4130,22,D,CC,KZ,F
11:19:57,UNVR,RG,4130,15,D,CC,KZ,F
11:19:57,UNVR,RG,4130,1,D,CC,YP,D
11:19:57,UNVR,RG,4130,3,D,CC,PD,D
11:19:57,UNVR,RG,4130,9,D,CC,KZ,F
11:19:57,UNVR,RG,4130,20,D,CC,KZ,F
11:19:49,UNVR,RG,4120,43,D,OD,KZ,F
11:19:49,UNVR,RG,4120,1,D,SQ,KZ,F
11:19:47,UNVR,RG,4120,1,D,YP,ZP,F
11:19:21,UNVR,RG,4130,1,D,BB,KZ,F
11:19:12,UNVR,RG,4120,1,D,YP,OD,D
11:19:01,UNVR,RG,4120,1,D,YP,YP,D
11:18:28,UNVR,RG,4120,2,D,YP,AK,F
11:18:12,UNVR,RG,4130,1,D,BB,KZ,F
11:18:09,UNVR,RG,4130,2,D,CC,KZ,F
11:17:58,UNVR,RG,4130,1,D,BB,KZ,F
11:17:57,UNVR,RG,4130,1,D,BB,KZ,F
11:17:57,UNVR,RG,4130,1,D,NI,KZ,F
11:17:56,UNVR,RG,4120,2,D,YP,EP,D
11:17:50,UNVR,RG,4130,5,D,LG,KZ,F
11:17:27,UNVR,RG,4130,1,D,BB,KZ,F
11:17:25,UNVR,RG,4130,32,D,BB,KZ,F
11:17:24,UNVR,RG,4130,3,D,BB,KZ,F
11:17:23,UNVR,RG,4130,44,F,KZ,KZ,F
11:17:23,UNVR,RG,4130,15,F,KZ,YP,D
11:17:23,UNVR,RG,4130,6,F,KZ,XC,D
11:17:23,UNVR,RG,4130,5,F,KZ,ZP,F
11:17:23,UNVR,RG,4130,1,F,KZ,PD,D
11:17:23,UNVR,RG,4130,2,F,KZ,PD,D
11:17:23,UNVR,RG,4130,4,F,KZ,KK,D
11:17:23,UNVR,RG,4130,49,F,KZ,YP,D
11:17:23,UNVR,RG,4130,1,F,KZ,ZP,F
11:17:23,UNVR,RG,4130,2,F,KZ,XC,D
11:17:23,UNVR,RG,4130,5,F,KZ,YU,D
11:17:20,UNVR,RG,4130,11,F,YU,YU,D
11:17:18,UNVR,RG,4130,3,D,BB,YU,D
11:17:17,UNVR,RG,4130,1,D,BB,YU,D
11:17:16,UNVR,RG,4130,11,D,YU,YU,D
11:17:16,UNVR,RG,4130,3,D,XC,YU,D
11:16:43,UNVR,RG,4130,1,D,PD,YU,D
11:16:41,UNVR,RG,4130,2,D,XC,YU,D
11:15:55,UNVR,RG,4130,1,D,BB,YU,D
11:15:51,UNVR,RG,4130,1,D,YP,YU,D
11:15:48,UNVR,RG,4130,1,D,PD,YU,D
11:15:40,UNVR,RG,4130,1,D,OD,YU,D
11:15:38,UNVR,RG,4120,1,D,YP,XC,D
11:15:34,UNVR,RG,4130,1,D,BB,YU,D
11:15:26,UNVR,RG,4130,3,D,KK,YU,D
11:15:24,UNVR,RG,4130,1,D,BB,YU,D
11:15:23,UNVR,RG,4130,1,D,CC,YU,D
11:15:19,UNVR,RG,4130,24,D,BB,YU,D
11:15:18,UNVR,RG,4130,3,D,BB,YU,D
11:15:18,UNVR,RG,4130,99,F,AK,YU,D
11:15:12,UNVR,RG,4130,10,D,SQ,YU,D
11:14:57,UNVR,RG,4130,10,D,BB,YU,D
11:14:49,UNVR,RG,4130,7,D,NI,YU,D
11:14:49,UNVR,RG,4130,1,D,NI,ZP,F
11:14:49,UNVR,RG,4130,5,D,NI,KZ,F
11:14:49,UNVR,RG,4130,7,D,NI,KZ,F
11:14:49,UNVR,RG,4130,21,D,NI,YP,D
11:14:48,UNVR,RG,4130,2,D,BB,KZ,F
11:14:47,UNVR,RG,4130,1,D,BB,KZ,F
11:14:47,UNVR,RG,4120,1,D,YP,ZP,F
11:14:46,UNVR,RG,4130,5,D,YP,KZ,F
11:14:46,UNVR,RG,4130,4,D,YP,KZ,F
11:14:45,UNVR,RG,4120,3,D,YP,AK,F
11:14:37,UNVR,RG,4130,1,D,BB,KZ,F
11:14:36,UNVR,RG,4130,1,D,BB,KZ,F
11:14:36,UNVR,RG,4130,3,D,EP,KZ,F
11:14:27,UNVR,RG,4130,3,D,XC,KZ,F
11:14:23,UNVR,RG,4130,1,D,XC,KZ,F
11:13:35,UNVR,RG,4130,1,D,PD,KZ,F
11:13:30,UNVR,RG,4130,2,D,BB,KZ,F
11:13:30,UNVR,RG,4130,1,D,BB,KZ,F
11:13:30,UNVR,RG,4130,10,D,BB,CC,D
11:13:30,UNVR,RG,4130,10,D,BB,KZ,F
11:13:30,UNVR,RG,4130,8,D,BB,CC,D
11:13:29,UNVR,RG,4130,1,D,BB,CC,D
11:13:28,UNVR,RG,4130,41,F,KZ,CC,D
11:13:28,UNVR,RG,4130,3,F,KZ,KZ,F
11:13:28,UNVR,RG,4130,79,F,KZ,OD,D
11:13:26,UNVR,RG,4120,3,D,YP,KK,D
11:13:14,UNVR,RG,4130,2,D,YP,OD,D
11:13:09,UNVR,RG,4130,1,D,BB,OD,D
11:13:08,UNVR,RG,4120,1,D,YP,PD,D
11:13:03,UNVR,RG,4120,1,D,YP,KK,D
11:12:58,UNVR,RG,4120,1,D,YP,AK,F
11:12:29,UNVR,RG,4130,4,D,BB,OD,D
11:12:28,UNVR,RG,4130,1,F,YP,OD,D
11:12:24,UNVR,RG,4130,13,D,PD,OD,D
11:12:24,UNVR,RG,4130,1,D,PD,KZ,F
11:12:20,UNVR,RG,4130,5,D,BB,KZ,F
11:12:19,UNVR,RG,4130,2,D,EP,KZ,F
11:12:12,UNVR,RG,4130,11,D,YP,KZ,F
11:12:12,UNVR,RG,4130,8,D,YP,XC,D
11:12:12,UNVR,RG,4130,1,D,YP,CC,D
11:12:12,UNVR,RG,4120,1,D,YP,PD,D
11:11:51,UNVR,RG,4130,2,D,BB,CC,D
11:11:48,UNVR,RG,4130,5,D,CC,CC,D
11:11:30,UNVR,RG,4130,1,D,XC,CC,D
11:11:15,UNVR,RG,4130,2,D,KK,CC,D
11:11:13,UNVR,RG,4130,1,D,BB,CC,D
11:11:10,UNVR,RG,4130,5,D,BB,CC,D
11:11:10,UNVR,RG,4130,20,D,BB,KI,D
11:11:09,UNVR,RG,4130,1,D,PD,KI,D
11:11:07,UNVR,RG,4130,9,D,PD,KI,D
11:11:07,UNVR,RG,4130,20,D,PD,CC,D
11:11:07,UNVR,RG,4130,1,D,PD,PD,D
11:11:07,UNVR,RG,4130,35,D,PD,KZ,F
11:11:07,UNVR,RG,4130,1,D,PD,NI,D
11:11:07,UNVR,RG,4130,2,D,PD,YP,D
11:11:07,UNVR,RG,4130,3,D,PD,KZ,F
11:11:07,UNVR,RG,4130,15,D,PD,KZ,F
11:11:07,UNVR,RG,4130,1,D,PD,ZP,F
11:11:07,UNVR,RG,4130,1,D,PD,KK,D
11:11:07,UNVR,RG,4130,12,D,PD,KZ,F
11:11:04,UNVR,RG,4130,2,D,PD,KZ,F
11:10:56,UNVR,RG,4130,3,D,BB,KZ,F
11:10:51,UNVR,RG,4130,11,D,YU,KZ,F
11:10:40,UNVR,RG,4130,5,D,BB,KZ,F
11:10:39,UNVR,RG,4130,1,D,BB,KZ,F
11:10:38,UNVR,RG,4130,9,D,XC,KZ,F
11:10:38,UNVR,RG,4130,11,D,XC,KZ,F
11:10:35,UNVR,RG,4130,12,D,BB,KZ,F
11:10:34,UNVR,RG,4130,3,D,KK,KZ,F
11:10:29,UNVR,RG,4120,50,D,YP,KZ,F
11:10:26,UNVR,RG,4120,1,D,YP,ZP,F
11:10:20,UNVR,RG,4130,3,D,BB,KZ,F
11:09:59,UNVR,RG,4130,10,D,CC,KZ,F
11:09:45,UNVR,RG,4130,29,D,BB,KZ,F
11:09:44,UNVR,RG,4130,1,D,BB,KZ,F
11:09:43,UNVR,RG,4130,17,F,KZ,KZ,F
11:09:43,UNVR,RG,4130,9,F,KZ,KZ,F
11:09:43,UNVR,RG,4130,3,F,KZ,KZ,F
11:09:43,UNVR,RG,4130,1,F,KZ,KZ,F
11:09:43,UNVR,RG,4130,73,F,KZ,PD,D
11:09:43,UNVR,RG,4130,15,F,KZ,KZ,F
11:09:43,UNVR,RG,4120,2,D,YP,AK,F
11:09:38,UNVR,RG,4130,1,D,NI,KZ,F
11:09:26,UNVR,RG,4130,25,D,BB,KZ,F
11:09:21,UNVR,RG,4130,91,D,CC,KZ,F
11:09:21,UNVR,RG,4130,3,D,CC,NI,D
11:09:21,UNVR,RG,4130,1,D,CC,LS,D
11:09:21,UNVR,RG,4130,5,D,CC,KZ,F
11:09:11,UNVR,RG,4130,1,D,BB,KZ,F
11:09:07,UNVR,RG,4130,5,D,YP,KZ,F
11:08:10,UNVR,RG,4130,50,D,BB,BK,F
11:08:09,UNVR,RG,4120,29,D,YP,PD,D
11:08:09,UNVR,RG,4120,64,F,DX,PD,D
11:08:09,UNVR,RG,4120,107,F,DX,PD,D
11:07:15,UNVR,RG,4130,18,D,BB,BK,F
11:07:15,UNVR,RG,4130,10,D,BB,LG,D
11:07:15,UNVR,RG,4130,2,D,BB,YP,D
11:07:15,UNVR,RG,4130,1,D,BB,KZ,F
11:07:15,UNVR,RG,4130,2,D,BB,KZ,F
11:07:15,UNVR,RG,4130,4,D,BB,KZ,F
11:07:15,UNVR,RG,4130,14,D,BB,NI,D
11:07:15,UNVR,RG,4130,3,D,BB,KZ,F
11:07:15,UNVR,RG,4130,6,D,BB,KZ,F
11:07:15,UNVR,RG,4130,3,D,BB,KZ,F
11:07:15,UNVR,RG,4130,1,D,BB,ZP,F
11:07:15,UNVR,RG,4130,7,D,BB,KZ,F
11:07:15,UNVR,RG,4130,21,D,BB,KZ,F
11:07:15,UNVR,RG,4130,8,D,BB,KZ,F
11:07:13,UNVR,RG,4120,15,F,DX,KK,D
11:07:13,UNVR,RG,4120,384,D,SQ,KK,D
11:06:56,UNVR,RG,4130,1,D,BB,KZ,F
11:06:56,UNVR,RG,4130,1,D,BB,KZ,F
11:06:56,UNVR,RG,4130,1,D,BB,KZ,F
11:06:56,UNVR,RG,4130,1,D,PD,KZ,F
11:06:46,UNVR,RG,4130,2,D,CC,KZ,F
11:06:46,UNVR,RG,4130,8,D,CC,KZ,F
11:06:36,UNVR,RG,4120,1,D,SQ,ZP,F
11:06:32,UNVR,RG,4130,3,D,BB,KZ,F
11:06:27,UNVR,RG,4130,10,D,YP,KZ,F
11:06:08,UNVR,RG,4130,1,D,BB,KZ,F
11:06:05,UNVR,RG,4130,5,D,YP,KZ,F
11:05:57,UNVR,RG,4130,13,D,BB,KZ,F
11:05:53,UNVR,RG,4130,13,D,BB,KZ,F
11:05:53,UNVR,RG,4130,28,D,BB,KZ,F
11:05:53,UNVR,RG,4130,34,F,DX,KZ,F
11:05:52,UNVR,RG,4130,19,D,BB,KZ,F
11:05:51,UNVR,RG,4130,31,D,BB,KZ,F
11:05:51,UNVR,RG,4130,19,D,BB,GR,D
11:05:51,UNVR,RG,4130,31,F,DX,GR,D
11:05:50,UNVR,RG,4130,32,D,BB,KZ,F
11:05:50,UNVR,RG,4130,3,F,CS,KZ,F
11:05:50,UNVR,RG,4130,11,F,CS,KZ,F
11:05:49,UNVR,RG,4130,7,F,CS,KZ,F
11:05:49,UNVR,RG,4130,10,F,AK,KZ,F
11:05:49,UNVR,RG,4130,5,F,CS,KZ,F
11:05:49,UNVR,RG,4130,67,D,BB,KZ,F
11:05:49,UNVR,RG,4130,13,D,BB,KZ,F
11:05:48,UNVR,RG,4130,81,D,BB,YP,D
11:05:48,UNVR,RG,4130,10,F,AK,YP,D
11:05:48,UNVR,RG,4130,5,D,YP,YP,D
11:05:48,UNVR,RG,4130,118,F,CC,YP,D
11:05:48,UNVR,RG,4130,42,F,DX,YP,D
11:05:48,UNVR,RG,4130,22,F,AK,YP,D
11:05:48,UNVR,RG,4130,10,D,YB,YP,D
11:05:48,UNVR,RG,4130,312,D,BB,YP,D
11:05:48,UNVR,RG,4130,1,D,BB,PD,D
11:05:44,UNVR,RG,4130,8,D,BB,KZ,F
11:05:39,UNVR,RG,4130,2,D,BB,KZ,F
11:05:34,UNVR,RG,4130,4,D,BB,KZ,F
11:05:34,UNVR,RG,4130,1,D,BB,KZ,F
11:05:34,UNVR,RG,4130,24,D,BB,KZ,F
11:05:29,UNVR,RG,4130,2,D,BB,KZ,F
11:05:25,UNVR,RG,4130,8,D,BB,KZ,F
11:05:24,UNVR,RG,4130,4,D,BB,KZ,F
11:05:24,UNVR,RG,4130,11,D,BB,KZ,F
11:05:23,UNVR,RG,4130,53,D,BB,YP,D
11:05:23,UNVR,RG,4130,9,F,AK,YP,D
11:05:23,UNVR,RG,4130,4,D,BB,YP,D
11:05:23,UNVR,RG,4130,34,F,KZ,YP,D
11:05:15,UNVR,RG,4130,2,F,KZ,AK,F
11:05:11,UNVR,RG,4130,8,F,KZ,KZ,F
11:05:10,UNVR,RG,4130,5,F,KZ,DH,D
11:05:09,UNVR,RG,4130,5,F,KZ,KZ,F
11:05:09,UNVR,RG,4130,24,F,KZ,KZ,F
11:05:09,UNVR,RG,4130,37,F,KZ,KZ,F
11:05:09,UNVR,RG,4130,57,F,KZ,KZ,F
11:05:09,UNVR,RG,4130,1,D,BB,KZ,F
11:05:09,UNVR,RG,4130,1,F,AK,KZ,F
11:05:09,UNVR,RG,4130,10,D,OD,KZ,F
11:05:04,UNVR,RG,4130,2,D,BB,KZ,F
11:05:04,UNVR,RG,4130,2,F,CS,KZ,F
11:05:04,UNVR,RG,4130,1,F,AK,KZ,F
11:05:04,UNVR,RG,4130,4,F,AK,KZ,F
11:05:04,UNVR,RG,4130,10,D,YP,KZ,F
11:05:04,UNVR,RG,4130,2,F,DX,KZ,F
11:05:03,UNVR,RG,4130,6,F,DX,KZ,F
11:05:03,UNVR,RG,4130,33,F,DX,YP,D
11:05:03,UNVR,RG,4130,1,D,PD,YP,D
11:05:03,UNVR,RG,4130,2,F,CS,YP,D
11:05:03,UNVR,RG,4130,6,F,CS,YP,D
11:05:03,UNVR,RG,4130,20,D,OD,YP,D
11:05:03,UNVR,RG,4130,1,D,PD,YP,D
11:05:03,UNVR,RG,4130,1,D,PD,YP,D
11:05:03,UNVR,RG,4130,5,D,YU,YP,D
11:05:03,UNVR,RG,4130,5,F,AK,YP,D
11:05:03,UNVR,RG,4130,104,D,BB,YP,D
11:05:03,UNVR,RG,4130,2,D,XC,YP,D
11:05:03,UNVR,RG,4130,21,F,AK,YP,D
11:05:03,UNVR,RG,4130,49,D,NI,YP,D
11:04:52,UNVR,RG,4130,2,D,NI,XC,D
11:04:51,UNVR,RG,4130,12,D,NI,KZ,F
11:04:49,UNVR,RG,4130,5,D,NI,KZ,F
11:04:49,UNVR,RG,4130,1,D,NI,KZ,F
11:04:48,UNVR,RG,4130,31,D,NI,YP,D
11:04:48,UNVR,RG,4130,1,D,XC,YP,D
11:04:48,UNVR,RG,4130,3,D,PD,YP,D
11:04:48,UNVR,RG,4130,6,F,CS,YP,D
11:04:48,UNVR,RG,4130,4,F,CS,YP,D
11:04:48,UNVR,RG,4130,1,D,XC,YP,D
11:04:48,UNVR,RG,4130,1,D,PD,YP,D
11:04:48,UNVR,RG,4130,60,F,AK,YP,D
11:04:48,UNVR,RG,4130,41,F,DX,YP,D
11:04:48,UNVR,RG,4130,2,F,KZ,YP,D
11:04:45,UNVR,RG,4140,1,D,XC,KZ,F
11:04:44,UNVR,RG,4130,1,F,KZ,KZ,F
11:04:39,UNVR,RG,4130,1,F,KZ,KZ,F
11:04:36,UNVR,RG,4130,1,F,KZ,ZP,F
11:04:34,UNVR,RG,4130,1,F,KZ,KZ,F
11:04:24,UNVR,RG,4130,3,F,KZ,KZ,F
11:04:24,UNVR,RG,4130,1,F,KZ,KZ,F
11:04:19,UNVR,RG,4130,1,F,KZ,KZ,F
11:04:14,UNVR,RG,4130,2,F,KZ,KZ,F
11:04:14,UNVR,RG,4130,7,F,KZ,KZ,F
11:04:14,UNVR,RG,4130,2,F,KZ,KZ,F
11:04:09,UNVR,RG,4130,5,F,KZ,NI,D
11:04:08,UNVR,RG,4130,1,F,KZ,XC,D
11:04:01,UNVR,RG,4130,20,F,KZ,CC,D
11:03:59,UNVR,RG,4130,1,F,KZ,KZ,F
11:03:54,UNVR,RG,4130,2,F,KZ,KZ,F
11:03:52,UNVR,RG,4130,1,F,KZ,KZ,F
11:03:51,UNVR,RG,4130,7,F,KZ,XC,D
11:03:49,UNVR,RG,4130,23,F,KZ,KZ,F
11:03:49,UNVR,RG,4130,1,F,KZ,KZ,F
11:03:49,UNVR,RG,4130,16,F,KZ,KZ,F
11:03:47,UNVR,RG,4130,3,F,KZ,KZ,F
11:03:46,UNVR,RG,4130,70,F,KZ,YU,D
11:03:46,UNVR,RG,4130,5,D,NI,YU,D
11:03:46,UNVR,RG,4130,95,D,BB,YU,D
11:03:46,UNVR,RG,4130,2,D,CC,YU,D
11:03:46,UNVR,RG,4130,3,F,CS,YU,D
11:03:46,UNVR,RG,4130,3,F,AK,YU,D
11:03:46,UNVR,RG,4130,1,F,CS,YU,D
11:03:46,UNVR,RG,4130,5,D,YP,YU,D
11:03:46,UNVR,RG,4130,2,D,YP,YU,D
11:03:46,UNVR,RG,4130,24,D,CC,YU,D
11:03:46,UNVR,RG,4130,13,F,AK,YU,D
11:03:46,UNVR,RG,4130,2,D,YP,YU,D
11:03:46,UNVR,RG,4130,25,F,CC,YU,D
11:03:46,UNVR,RG,4130,1,F,CC,KZ,F
11:03:45,UNVR,RG,4130,10,F,CC,CC,D
11:03:44,UNVR,RG,4130,1,F,CC,KZ,F
11:03:44,UNVR,RG,4130,1,F,CC,KZ,F
11:03:44,UNVR,RG,4130,10,F,CC,KZ,F
11:03:44,UNVR,RG,4130,1,F,CC,KZ,F
11:03:39,UNVR,RG,4130,3,F,CC,DR,D
11:03:36,UNVR,RG,4130,5,F,CC,YP,D
11:03:32,UNVR,RG,4130,1,F,CC,CC,D
11:03:00,UNVR,RG,4130,90,F,CC,CC,D
11:02:51,UNVR,RG,4130,10,F,CC,RO,D
11:02:36,UNVR,RG,4130,1,F,CC,ZP,F
11:02:30,UNVR,RG,4130,2,F,CC,SQ,D
11:02:30,UNVR,RG,4130,8,D,SQ,SQ,D
11:01:29,UNVR,RG,4130,2,D,SQ,OD,D
11:01:21,UNVR,RG,4140,12,F,AK,KZ,F
11:01:20,UNVR,RG,4140,125,D,SQ,KZ,F
11:01:20,UNVR,RG,4130,2,D,SQ,PD,D
11:01:18,UNVR,RG,4130,7,D,SQ,PD,D
11:01:09,UNVR,RG,4130,1,D,SQ,KZ,F
11:01:00,UNVR,RG,4130,5,D,SQ,PD,D
11:01:00,UNVR,RG,4130,4,F,DX,PD,D
11:00:50,UNVR,RG,4140,12,D,YU,KZ,F
11:00:49,UNVR,RG,4130,1,F,DX,KZ,F
11:00:45,UNVR,RG,4130,1,F,DX,AK,F
11:00:24,UNVR,RG,4130,1,F,DX,KZ,F
10:59:59,UNVR,RG,4130,3,F,DX,KZ,F
10:59:59,UNVR,RG,4130,1,F,DX,KZ,F
10:59:55,UNVR,RG,4130,1,F,DX,KZ,F
10:59:54,UNVR,RG,4130,9,F,DX,KZ,F
10:59:33,UNVR,RG,4130,4,F,DX,KZ,F
10:59:33,UNVR,RG,4130,16,F,DX,NI,D
10:59:33,UNVR,RG,4130,8,F,CS,NI,D
10:59:33,UNVR,RG,4130,5,D,BB,NI,D
10:59:33,UNVR,RG,4130,31,F,AK,NI,D
10:59:25,UNVR,RG,4140,2,D,PD,KZ,F
10:59:02,UNVR,RG,4140,1,D,PD,KZ,F
10:58:39,UNVR,RG,4130,1,F,AK,KZ,F
10:58:34,UNVR,RG,4130,4,F,AK,KZ,F
10:58:34,UNVR,RG,4130,24,F,AK,KZ,F
10:58:30,UNVR,RG,4140,10,D,PD,KZ,F
10:58:29,UNVR,RG,4130,2,F,AK,KZ,F
10:58:09,UNVR,RG,4130,8,F,AK,KZ,F
10:58:09,UNVR,RG,4130,71,F,AK,XC,D
10:58:09,UNVR,RG,4130,1,F,AK,YP,D
10:58:04,UNVR,RG,4130,1,F,AK,KZ,F
10:58:04,UNVR,RG,4130,2,F,AK,KZ,F
10:57:44,UNVR,RG,4130,2,F,AK,KZ,F
10:57:44,UNVR,RG,4130,1,F,AK,KZ,F
10:57:39,UNVR,RG,4130,1,F,AK,KZ,F
10:57:39,UNVR,RG,4130,1,F,KZ,KZ,F
10:57:39,UNVR,RG,4130,21,F,KZ,KZ,F
10:57:13,UNVR,RG,4130,5,F,KZ,YP,D
10:57:13,UNVR,RG,4130,7,F,KZ,YP,D
10:57:13,UNVR,RG,4130,3,F,KZ,KZ,F
10:57:13,UNVR,RG,4130,1,F,KZ,ZP,F
10:57:13,UNVR,RG,4130,5,F,KZ,SQ,D
10:57:13,UNVR,RG,4130,21,F,KZ,XC,D
10:57:13,UNVR,RG,4130,9,F,KZ,KZ,F
10:57:13,UNVR,RG,4130,1,F,KZ,KZ,F
10:57:13,UNVR,RG,4130,7,F,KZ,KZ,F
10:57:13,UNVR,RG,4130,1,F,KZ,NI,D
10:57:13,UNVR,RG,4130,2,F,KZ,KZ,F
10:57:13,UNVR,RG,4130,15,F,KZ,FS,D
10:57:13,UNVR,RG,4130,1,F,KZ,PD,D
10:57:13,UNVR,RG,4130,35,F,KZ,KZ,F
10:57:13,UNVR,RG,4130,39,F,KZ,SQ,D
10:57:11,UNVR,RG,4130,50,D,GR,SQ,D
10:56:06,UNVR,RG,4130,1,D,XC,SQ,D
10:55:38,UNVR,RG,4130,7,D,BB,SQ,D
10:55:36,UNVR,RG,4130,3,D,YP,SQ,D
10:55:36,UNVR,RG,4130,2,D,YP,KZ,F
10:55:36,UNVR,RG,4130,1,D,YP,ZP,F
10:55:36,UNVR,RG,4130,3,D,YP,SQ,D
10:55:36,UNVR,RG,4130,10,D,YP,KZ,F
10:55:36,UNVR,RG,4130,6,D,YP,KZ,F
10:55:27,UNVR,RG,4130,3,D,BB,KZ,F
10:55:22,UNVR,RG,4130,12,D,XC,KZ,F
10:54:43,UNVR,RG,4130,1,D,YB,KZ,F
10:54:31,UNVR,RG,4130,8,D,BB,KZ,F
10:54:28,UNVR,RG,4130,1,F,DX,KZ,F
10:54:28,UNVR,RG,4130,2,F,DX,KZ,F
10:54:28,UNVR,RG,4130,7,F,DX,SQ,D
10:54:28,UNVR,RG,4130,19,F,DX,KZ,F
10:54:28,UNVR,RG,4130,49,D,BB,KZ,F
10:54:27,UNVR,RG,4130,3,D,BB,KZ,F
10:54:26,UNVR,RG,4130,200,D,NI,NI,D
10:54:23,UNVR,RG,4130,1,D,YU,PD,D
10:54:23,UNVR,RG,4130,2,D,YU,CC,D
10:54:23,UNVR,RG,4130,9,D,YU,PD,D
10:53:17,UNVR,RG,4130,1,D,BB,PD,D
10:53:17,UNVR,RG,4130,1,D,BB,AT,D
10:53:17,UNVR,RG,4130,1,D,BB,KZ,F
10:53:17,UNVR,RG,4130,1,D,BB,KZ,F
10:53:17,UNVR,RG,4130,3,D,BB,XC,D
10:53:17,UNVR,RG,4130,1,D,BB,KZ,F
10:53:17,UNVR,RG,4130,5,D,BB,KZ,F
10:53:17,UNVR,RG,4130,12,D,BB,PD,D
10:53:17,UNVR,RG,4130,1,D,BB,XC,D
10:53:17,UNVR,RG,4130,1,D,BB,XC,D
10:53:17,UNVR,RG,4130,1,D,BB,ZP,F
10:53:17,UNVR,RG,4130,13,D,BB,KZ,F
10:53:13,UNVR,RG,4130,2,F,KZ,KZ,F
10:53:13,UNVR,RG,4130,15,F,KZ,PD,D
10:53:13,UNVR,RG,4130,31,F,KZ,XC,D
10:53:13,UNVR,RG,4130,35,F,KZ,YP,D
10:53:13,UNVR,RG,4130,3,F,KZ,NI,D
10:53:13,UNVR,RG,4130,1,F,KZ,XC,D
10:53:13,UNVR,RG,4130,1,F,KZ,PD,D
10:53:13,UNVR,RG,4130,1,F,KZ,XC,D
10:53:13,UNVR,RG,4130,1,F,KZ,NI,D
10:53:13,UNVR,RG,4130,33,F,KZ,NI,D
10:53:13,UNVR,RG,4130,10,F,KZ,KZ,F
10:53:13,UNVR,RG,4130,31,F,KZ,KZ,F
10:53:00,UNVR,RG,4130,2,D,BB,KZ,F
10:52:59,UNVR,RG,4120,8,D,SQ,KZ,F
10:52:43,UNVR,RG,4130,1,D,XC,KZ,F
10:52:25,UNVR,RG,4130,3,D,BB,KZ,F
10:52:19,UNVR,RG,4130,10,D,NI,KZ,F
10:51:18,UNVR,RG,4130,1,D,BB,KZ,F
10:51:17,UNVR,RG,4130,1,D,BB,KZ,F
10:51:16,UNVR,RG,4130,5,D,CC,KZ,F
10:51:15,UNVR,RG,4130,2,D,CP,KZ,F
10:51:05,UNVR,RG,4130,1,D,XA,KZ,F
10:51:00,UNVR,RG,4130,20,D,BB,KZ,F
10:50:44,UNVR,RG,4130,28,F,AK,KZ,F
10:50:44,UNVR,RG,4130,1,F,AK,AK,F
10:50:44,UNVR,RG,4130,51,F,AK,KZ,F
10:50:32,UNVR,RG,4130,2,D,BB,KZ,F
10:50:30,UNVR,RG,4120,9,D,SQ,PD,D
10:50:30,UNVR,RG,4130,1,D,BB,KZ,F
10:50:28,UNVR,RG,4120,3,D,SQ,AK,F
10:50:19,UNVR,RG,4130,10,D,BB,KZ,F
10:50:18,UNVR,RG,4130,1,D,BB,KZ,F
10:50:18,UNVR,RG,4130,1,D,BB,KZ,F
10:50:17,UNVR,RG,4130,39,F,DX,KZ,F
10:50:17,UNVR,RG,4130,1,F,DX,ZP,F
10:50:17,UNVR,RG,4130,1,F,DX,ZP,F
10:50:17,UNVR,RG,4130,3,F,DX,KZ,F
10:50:14,UNVR,RG,4120,4,D,SQ,NI,D
10:50:13,UNVR,RG,4120,1,D,SQ,PD,D
10:50:13,UNVR,RG,4130,10,D,BB,KZ,F
10:50:09,UNVR,RG,4130,39,D,CC,KZ,F
10:50:04,UNVR,RG,4120,1,D,SQ,ZP,F
10:49:25,UNVR,RG,4130,1,D,BB,KZ,F
10:49:24,UNVR,RG,4120,1,D,SQ,KZ,F
10:49:22,UNVR,RG,4130,9,D,BB,KZ,F
10:49:22,UNVR,RG,4130,7,D,BB,KZ,F
10:49:21,UNVR,RG,4130,1,D,BB,KZ,F
10:49:20,UNVR,RG,4130,33,F,DX,KZ,F
10:49:20,UNVR,RG,4130,34,D,BB,KZ,F
10:49:19,UNVR,RG,4130,1,D,BB,KZ,F
10:49:19,UNVR,RG,4120,38,D,SQ,KZ,F
10:49:18,UNVR,RG,4130,27,F,KZ,KZ,F
10:49:18,UNVR,RG,4130,2,F,KZ,KZ,F
10:49:18,UNVR,RG,4130,1,F,KZ,KZ,F
10:49:18,UNVR,RG,4130,5,F,KZ,KZ,F
10:49:18,UNVR,RG,4130,24,F,KZ,KZ,F
10:49:18,UNVR,RG,4130,1,F,KZ,YP,D
10:49:18,UNVR,RG,4130,1,F,KZ,CC,D
10:49:18,UNVR,RG,4130,76,F,KZ,DX,F
10:49:14,UNVR,RG,4130,1,D,XC,DX,F
10:49:11,UNVR,RG,4130,1,D,BB,DX,F
10:49:09,UNVR,RG,4120,4,D,SQ,KZ,F
10:49:05,UNVR,RG,4120,2,D,SQ,EP,D
10:49:02,UNVR,RG,4130,3,D,BB,DX,F
10:49:00,UNVR,RG,4130,9,D,PD,DX,F
