Time,Stock,Brd,Price,Qty,BT,BC,SC,ST
15:14:57,UNVR,RG,4420,5,D,YP,YP,D
15:14:56,UNVR,RG,4420,100,D,CC,YP,D
15:14:51,UNVR,RG,4420,5,D,YP,YP,D
15:14:49,UNVR,RG,4420,10,D,LG,YP,D
15:14:36,UNVR,RG,4420,6,D,YP,YP,D
15:14:18,UNVR,RG,4420,1,D,PD,YP,D
15:13:57,UNVR,RG,4420,6,D,YP,YP,D
15:13:15,UNVR,RG,4420,100,D,IP,YP,D
15:13:01,UNVR,RG,4420,10,D,SQ,YP,D
15:12:57,UNVR,RG,4420,1,D,NI,YP,D
15:12:39,UNVR,RG,4420,10,D,YP,YP,D
15:12:00,UNVR,RG,4420,1,D,SQ,YP,D
15:11:08,UNVR,RG,4420,1,D,DX,YP,D
15:11:02,UNVR,RG,4420,8,D,CC,YP,D
15:10:46,UNVR,RG,4420,4,D,YP,YP,D
15:10:23,UNVR,RG,4420,1,D,DH,YP,D
15:10:17,UNVR,RG,4420,75,D,PD,YP,D
15:10:14,UNVR,RG,4420,25,D,SQ,YP,D
15:10:14,UNVR,RG,4420,1,D,PD,YP,D
15:09:59,UNVR,RG,4420,1,D,XC,YP,D
15:09:58,UNVR,RG,4420,10,D,CC,PD,D
15:09:58,UNVR,RG,4420,8,D,CC,XC,D
15:09:58,UNVR,RG,4420,2,D,CC,YP,D
15:09:57,UNVR,RG,4420,1,D,NI,YP,D
15:09:30,UNVR,RG,4420,1,D,CC,YP,D
15:09:28,UNVR,RG,4420,1,D,CC,YP,D
15:09:28,UNVR,RG,4420,1,D,CC,YU,D
15:09:23,UNVR,RG,4420,100,D,PD,YU,D
15:09:21,UNVR,RG,4420,10,D,SQ,YU,D
15:09:04,UNVR,RG,4420,100,D,LG,YU,D
15:08:47,UNVR,RG,4420,1,D,SS,YU,D
15:08:34,UNVR,RG,4420,1,D,XC,YU,D
15:08:22,UNVR,RG,4420,9,D,RG,YU,D
15:08:19,UNVR,RG,4420,10,D,PD,YU,D
15:07:52,UNVR,RG,4420,1,D,NI,YU,D
15:07:00,UNVR,RG,4420,1,D,XC,YU,D
15:06:53,UNVR,RG,4420,3,D,PD,YU,D
15:06:49,UNVR,RG,4420,2,D,XC,YU,D
15:06:45,UNVR,RG,4420,3,D,PD,YU,D
15:06:42,UNVR,RG,4420,20,D,CC,YU,D
15:06:42,UNVR,RG,4420,50,D,TP,YU,D
15:06:39,UNVR,RG,4420,25,D,SH,YU,D
15:06:37,UNVR,RG,4420,5,F,SQ,YU,D
15:06:37,UNVR,RG,4420,20,D,CC,YU,D
15:06:33,UNVR,RG,4420,2,D,PD,YU,D
15:06:22,UNVR,RG,4420,2,D,YP,YU,D
15:06:21,UNVR,RG,4420,1,D,IF,YU,D
15:06:11,UNVR,RG,4420,1,D,CC,YU,D
15:06:10,UNVR,RG,4420,100,D,SQ,YU,D
15:05:52,UNVR,RG,4420,17,D,CC,YU,D
15:05:35,UNVR,RG,4420,5,D,YP,YU,D
15:05:23,UNVR,RG,4420,1,D,PD,YU,D
15:05:05,UNVR,RG,4420,1,D,KK,YU,D
15:05:04,UNVR,RG,4420,8,D,CC,YU,D
15:05:04,UNVR,RG,4420,32,D,CC,YU,D
15:05:03,UNVR,RG,4420,1,D,EP,YU,D
15:05:03,UNVR,RG,4420,10,D,CC,YU,D
15:05:03,UNVR,RG,4420,5,D,CC,YU,D
15:05:02,UNVR,RG,4420,1,D,CC,YU,D
15:05:02,UNVR,RG,4420,13,D,CC,YU,D
15:05:02,UNVR,RG,4420,10,D,CC,YU,D
15:05:02,UNVR,RG,4420,2,D,YP,YU,D
15:05:02,UNVR,RG,4420,26,D,YP,YU,D
15:05:02,UNVR,RG,4420,5,D,YP,CC,D
15:05:02,UNVR,RG,4420,5,D,PD,CC,D
15:05:02,UNVR,RG,4420,10,D,PD,CC,D
15:05:02,UNVR,RG,4420,11,D,PD,LG,D
15:05:02,UNVR,RG,4420,1,D,PD,XC,D
15:05:02,UNVR,RG,4420,3,D,PD,YP,D
15:05:02,UNVR,RG,4420,1,D,AG,YP,D
15:05:02,UNVR,RG,4420,1,D,YP,YP,D
15:05:02,UNVR,RG,4420,1,D,YP,YP,D
15:05:01,UNVR,RG,4420,1,D,XC,YP,D
15:05:01,UNVR,RG,4420,2,D,PD,AT,D
15:05:00,UNVR,RG,4420,50,D,ZR,DX,F
15:05:00,UNVR,RG,4420,10,D,XA,DX,F
15:05:00,UNVR,RG,4420,500,D,CP,DX,F
15:05:00,UNVR,RG,4420,500,D,CP,DX,F
15:00:00,UNVR,RG,4420,642,F,CS,DX,F
15:00:00,UNVR,RG,4420,2197,F,CS,DX,F
15:00:00,UNVR,RG,4420,1717,F,CS,DX,F
15:00:00,UNVR,RG,4420,4,F,CS,NI,D
15:00:00,UNVR,RG,4420,5,F,CS,NI,D
15:00:00,UNVR,RG,4420,2,F,CS,NI,D
15:00:00,UNVR,RG,4420,45,F,CS,TF,D
15:00:00,UNVR,RG,4420,10,F,CS,DH,D
15:00:00,UNVR,RG,4420,10,F,CS,TP,D
15:00:00,UNVR,RG,4420,8,F,CS,YP,D
15:00:00,UNVR,RG,4420,80,F,CS,CC,D
15:00:00,UNVR,RG,4420,2,F,CS,YP,D
15:00:00,UNVR,RG,4420,5,F,CS,MU,D
15:00:00,UNVR,RG,4420,24,F,CS,DH,D
15:00:00,UNVR,RG,4420,1,F,CS,DR,D
15:00:00,UNVR,RG,4420,50,F,CS,DX,D
15:00:00,UNVR,RG,4420,5,F,CS,YP,D
15:00:00,UNVR,RG,4420,20,F,CS,YP,D
15:00:00,UNVR,RG,4420,209,F,CS,SQ,D
15:00:00,UNVR,RG,4420,50,D,LG,SQ,D
15:00:00,UNVR,RG,4420,1,D,XC,SQ,D
15:00:00,UNVR,RG,4420,5,D,PD,SQ,D
15:00:00,UNVR,RG,4420,2,D,YP,SQ,D
15:00:00,UNVR,RG,4420,20,D,PD,SQ,D
15:00:00,UNVR,RG,4420,2,D,NI,SQ,D
15:00:00,UNVR,RG,4420,20,D,PD,SQ,D
15:00:00,UNVR,RG,4420,1,D,CC,SQ,D
15:00:00,UNVR,RG,4420,10,D,PD,SQ,D
15:00:00,UNVR,RG,4420,1,D,AI,SQ,D
15:00:00,UNVR,RG,4420,1,D,XC,SQ,D
15:00:00,UNVR,RG,4420,3,D,PD,SQ,D
15:00:00,UNVR,RG,4420,1,D,CC,SQ,D
15:00:00,UNVR,RG,4420,5,D,XC,SQ,D
15:00:00,UNVR,RG,4420,20,D,DR,SQ,D
15:00:00,UNVR,RG,4420,2,D,SQ,SQ,D
15:00:00,UNVR,RG,4420,9,D,PD,SQ,D
15:00:00,UNVR,RG,4420,30,D,YP,SQ,D
15:00:00,UNVR,RG,4420,1,D,XC,SQ,D
15:00:00,UNVR,RG,4420,5,D,BQ,SQ,D
15:00:00,UNVR,RG,4420,2,D,CC,SQ,D
15:00:00,UNVR,RG,4420,5,D,YP,SQ,D
15:00:00,UNVR,RG,4420,25,D,YP,SQ,D
15:00:00,UNVR,RG,4420,1,D,SQ,SQ,D
15:00:00,UNVR,RG,4420,1,D,XC,SQ,D
15:00:00,UNVR,RG,4420,47,D,YP,SQ,D
15:00:00,UNVR,RG,4420,35,D,YP,YP,D
15:00:00,UNVR,RG,4420,1,D,YP,PD,D
15:00:00,UNVR,RG,4420,10,D,YP,NI,D
15:00:00,UNVR,RG,4420,2,D,YP,XC,D
15:00:00,UNVR,RG,4420,2,D,YP,YP,D
15:00:00,UNVR,RG,4420,3,D,YP,YP,D
15:00:00,UNVR,RG,4420,19,F,AG,YP,D
15:00:00,UNVR,RG,4420,1,F,AG,DH,D
15:00:00,UNVR,RG,4420,2,F,AG,NI,D
15:00:00,UNVR,RG,4420,5,F,AG,AI,D
15:00:00,UNVR,RG,4420,5,F,AG,XC,D
15:00:00,UNVR,RG,4420,2,F,AG,DH,D
15:00:00,UNVR,RG,4420,16,F,AG,DH,D
15:00:00,UNVR,RG,4420,9,D,YP,DH,D
15:00:00,UNVR,RG,4420,1,D,YP,CC,D
15:00:00,UNVR,RG,4420,17,D,YP,GR,D
15:00:00,UNVR,RG,4420,23,D,YP,MU,D
15:00:00,UNVR,RG,4420,3,D,NI,MU,D
15:00:00,UNVR,RG,4420,10,D,PD,MU,D
15:00:00,UNVR,RG,4420,1,D,NI,MU,D
15:00:00,UNVR,RG,4420,4,D,XC,MU,D
15:00:00,UNVR,RG,4420,10,D,YP,MU,D
15:00:00,UNVR,RG,4420,1,D,EP,MU,D
15:00:00,UNVR,RG,4420,2,D,SQ,MU,D
15:00:00,UNVR,RG,4420,20,D,OD,MU,D
15:00:00,UNVR,RG,4420,25,D,CC,MU,D
15:00:00,UNVR,RG,4420,4,D,NI,MU,D
15:00:00,UNVR,RG,4420,5,D,PD,MU,D
15:00:00,UNVR,RG,4420,1,D,SQ,MU,D
15:00:00,UNVR,RG,4420,2,D,CC,MU,D
15:00:00,UNVR,RG,4420,10,D,SQ,MU,D
15:00:00,UNVR,RG,4420,10,D,DX,MU,D
15:00:00,UNVR,RG,4420,5,D,XA,MU,D
15:00:00,UNVR,RG,4420,4,D,YP,MU,D
15:00:00,UNVR,RG,4420,7,D,YP,NI,D
15:00:00,UNVR,RG,4420,1,D,YP,EP,D
15:00:00,UNVR,RG,4420,288,D,YP,CC,D
15:00:00,UNVR,RG,4420,1,D,XC,CC,D
15:00:00,UNVR,RG,4420,1,D,YP,CC,D
15:00:00,UNVR,RG,4420,5,D,YP,CC,D
15:00:00,UNVR,RG,4420,10,D,YP,CC,D
15:00:00,UNVR,RG,4420,1,D,YP,CC,D
15:00:00,UNVR,RG,4420,1,D,PD,CC,D
15:00:00,UNVR,RG,4420,2,D,SQ,CC,D
15:00:00,UNVR,RG,4420,10,D,NI,CC,D
15:00:00,UNVR,RG,4420,647,F,KZ,CC,D
15:00:00,UNVR,RG,4420,2,D,PD,CC,D
15:00:00,UNVR,RG,4420,10,D,RO,CC,D
15:00:00,UNVR,RG,4420,5,D,KK,CC,D
15:00:00,UNVR,RG,4420,10,D,YP,CC,D
15:00:00,UNVR,RG,4420,2,D,SQ,CC,D
15:00:00,UNVR,RG,4420,5,D,NI,CC,D
15:00:00,UNVR,RG,4420,5,D,NI,BK,F
15:00:00,UNVR,RG,4420,3,D,XC,BK,F
15:00:00,UNVR,RG,4420,50,D,XC,BK,F
15:00:00,UNVR,RG,4420,11,D,YP,BK,F
15:00:00,UNVR,RG,4420,25,D,EP,BK,F
15:00:00,UNVR,RG,4420,590,F,KZ,BK,F
15:00:00,UNVR,RG,4420,531,F,KZ,ZP,F
15:00:00,UNVR,RG,4420,3229,F,KZ,ZP,F
15:00:00,UNVR,RG,4420,61,F,KZ,AK,F
15:00:00,UNVR,RG,4420,194,F,KZ,AK,F
15:00:00,UNVR,RG,4420,929,F,KZ,AK,F
15:00:00,UNVR,RG,4420,86,F,KZ,AK,F
15:00:00,UNVR,RG,4420,46,F,KZ,AK,F
15:00:00,UNVR,RG,4420,119,F,KZ,AK,F
15:00:00,UNVR,RG,4420,133,F,KZ,AK,F
15:00:00,UNVR,RG,4420,353,F,KZ,AK,F
15:00:00,UNVR,RG,4420,59,F,KZ,AK,F
15:00:00,UNVR,RG,4420,394,F,KZ,RX,F
15:00:00,UNVR,RG,4420,60,F,KZ,RX,F
15:00:00,UNVR,RG,4420,16,F,KZ,RX,F
15:00:00,UNVR,RG,4420,731,F,KZ,RX,F
15:00:00,UNVR,RG,4420,5,D,SQ,RX,F
15:00:00,UNVR,RG,4420,10,D,DR,RX,F
15:00:00,UNVR,RG,4420,4,D,PD,RX,F
15:00:00,UNVR,RG,4420,1,D,XC,RX,F
15:00:00,UNVR,RG,4420,10,D,DR,RX,F
15:00:00,UNVR,RG,4420,156,F,ZP,RX,F
15:00:00,UNVR,RG,4420,3,F,ZP,RX,F
15:00:00,UNVR,RG,4420,10,F,BK,RX,F
15:00:00,UNVR,RG,4420,707,F,CG,RX,F
15:00:00,UNVR,RG,4420,1335,F,DX,RX,F
15:00:00,UNVR,RG,4420,64,F,AK,RX,F
15:00:00,UNVR,RG,4420,489,F,AK,RX,F
15:00:00,UNVR,RG,4420,128,F,AK,RX,F
15:00:00,UNVR,RG,4420,2498,F,ZP,RX,F
15:00:00,UNVR,RG,4420,213,F,ZP,YU,F
15:00:00,UNVR,RG,4420,295,F,ZP,LG,D
15:00:00,UNVR,RG,4420,139,F,ZP,LG,D
15:00:00,UNVR,RG,4420,534,F,ZP,DX,F
15:00:00,UNVR,RG,4420,741,F,ZP,YU,D
14:49:58,UNVR,RG,4420,1,D,YP,PD,D
14:49:56,UNVR,RG,4410,1,F,KZ,AK,F
14:49:55,UNVR,RG,4410,9,F,KZ,BK,F
14:49:53,UNVR,RG,4430,21,F,KZ,SQ,D
14:49:53,UNVR,RG,4430,4,F,KZ,XC,D
14:49:53,UNVR,RG,4420,4,F,KZ,PD,D
14:49:53,UNVR,RG,4420,1,F,KZ,BK,F
14:49:53,UNVR,RG,4420,12,F,KZ,BK,F
14:49:53,UNVR,RG,4420,60,F,KZ,AN,D
14:49:53,UNVR,RG,4420,19,F,KZ,BK,F
14:49:53,UNVR,RG,4420,1,F,KZ,PD,D
14:49:53,UNVR,RG,4420,5,F,KZ,DR,D
14:49:53,UNVR,RG,4420,2,F,KZ,LG,D
14:49:53,UNVR,RG,4420,27,F,KZ,CC,D
14:49:53,UNVR,RG,4420,20,F,KZ,YP,D
14:49:53,UNVR,RG,4420,1,F,KZ,CC,D
14:49:53,UNVR,RG,4420,115,F,KZ,DH,D
14:49:53,UNVR,RG,4420,293,F,KZ,DX,F
14:49:53,UNVR,RG,4420,1,F,KZ,PD,D
14:49:53,UNVR,RG,4420,11,F,KZ,NI,D
14:49:53,UNVR,RG,4420,828,F,KZ,DX,F
14:49:51,UNVR,RG,4410,40,F,KZ,YP,D
14:49:49,UNVR,RG,4410,7,F,KZ,BK,F
14:49:48,UNVR,RG,4410,2,F,KZ,XC,D
14:49:47,UNVR,RG,4410,55,F,KZ,BK,F
14:49:47,UNVR,RG,4410,66,F,KZ,DX,F
14:49:46,UNVR,RG,4420,33,D,SQ,DX,F
14:49:46,UNVR,RG,4410,17,D,SQ,YP,D
14:49:46,UNVR,RG,4410,10,D,SQ,BK,D
14:49:45,UNVR,RG,4400,10,D,HP,CC,D
14:49:45,UNVR,RG,4400,10,D,AT,CC,D
14:49:45,UNVR,RG,4400,3,D,AZ,PD,D
14:49:45,UNVR,RG,4400,1,D,YU,PD,D
14:49:45,UNVR,RG,4400,1,D,AZ,PD,D
14:49:45,UNVR,RG,4400,2,D,AZ,AK,F
14:49:45,UNVR,RG,4400,3,D,DR,AK,F
14:49:45,UNVR,RG,4400,1,D,DR,AK,F
14:49:44,UNVR,RG,4410,1,F,KZ,BK,D
14:49:43,UNVR,RG,4410,6,D,KK,BK,D
14:49:43,UNVR,RG,4410,1,D,OD,BK,D
14:49:43,UNVR,RG,4410,1,D,PD,BK,D
14:49:43,UNVR,RG,4410,1,D,PD,BK,D
14:49:43,UNVR,RG,4410,1,D,DH,BK,D
14:49:43,UNVR,RG,4410,1,D,CC,BK,D
14:49:43,UNVR,RG,4410,413,F,KZ,BK,D
14:49:43,UNVR,RG,4410,25,D,EP,BK,D
14:49:43,UNVR,RG,4410,1,D,YP,BK,D
14:49:43,UNVR,RG,4410,1,D,XC,BK,D
14:49:43,UNVR,RG,4410,3,D,CC,BK,D
14:49:43,UNVR,RG,4410,18,D,XC,BK,D
14:49:43,UNVR,RG,4410,1,D,DH,BK,D
14:49:43,UNVR,RG,4410,2,D,PD,BK,D
14:49:43,UNVR,RG,4410,3,D,DH,BK,D
14:49:43,UNVR,RG,4410,2,D,YP,BK,D
14:49:43,UNVR,RG,4410,5,D,PD,BK,D
14:49:43,UNVR,RG,4410,1,D,XC,BK,D
14:49:43,UNVR,RG,4410,8,D,XC,BK,D
14:49:43,UNVR,RG,4410,1,D,YP,BK,D
14:49:43,UNVR,RG,4410,5,D,TP,BK,D
14:49:43,UNVR,RG,4410,1,D,DH,BK,D
14:49:43,UNVR,RG,4410,1,D,YP,BK,D
14:49:43,UNVR,RG,4410,1,D,EP,BK,D
14:49:43,UNVR,RG,4410,5,D,CC,BK,D
14:49:43,UNVR,RG,4410,2,D,CC,BK,D
14:49:43,UNVR,RG,4410,1,D,SQ,BK,D
14:49:43,UNVR,RG,4410,10,D,SQ,BK,D
14:49:43,UNVR,RG,4410,4,D,CC,BK,D
14:49:43,UNVR,RG,4410,2,D,XC,BK,D
14:49:43,UNVR,RG,4410,5,D,CC,BK,D
14:49:43,UNVR,RG,4410,20,D,AI,BK,D
14:49:43,UNVR,RG,4410,9,D,AT,BK,D
14:49:43,UNVR,RG,4410,1,D,CC,BK,D
14:49:43,UNVR,RG,4410,1,D,XC,BK,D
14:49:43,UNVR,RG,4410,1,D,PD,BK,D
14:49:43,UNVR,RG,4410,100,D,NI,BK,D
14:49:43,UNVR,RG,4410,50,D,PD,BK,D
14:49:43,UNVR,RG,4410,100,D,YP,BK,D
14:49:43,UNVR,RG,4410,300,D,YP,BK,D
14:49:43,UNVR,RG,4410,50,D,AI,BK,D
14:49:43,UNVR,RG,4410,5,D,EP,BK,D
14:49:43,UNVR,RG,4410,1,D,KK,BK,D
14:49:43,UNVR,RG,4410,60,D,AI,BK,D
14:49:43,UNVR,RG,4410,2,D,SQ,BK,D
14:49:43,UNVR,RG,4410,70,D,CC,BK,D
14:49:43,UNVR,RG,4410,2,D,PD,BK,D
14:49:43,UNVR,RG,4410,1,D,YP,BK,D
14:49:43,UNVR,RG,4410,10,D,DH,BK,D
14:49:43,UNVR,RG,4410,1,D,PD,BK,D
14:49:43,UNVR,RG,4410,10,D,PD,BK,D
14:49:43,UNVR,RG,4410,5,D,PD,BK,D
14:49:43,UNVR,RG,4410,5,D,PD,BK,D
14:49:43,UNVR,RG,4410,3,D,CC,BK,D
14:49:43,UNVR,RG,4410,180,D,KK,BK,D
14:49:43,UNVR,RG,4410,1,D,YJ,BK,D
14:49:43,UNVR,RG,4410,5,D,EP,BK,D
14:49:43,UNVR,RG,4410,65,D,KK,BK,D
14:49:43,UNVR,RG,4410,1,D,YP,BK,D
14:49:43,UNVR,RG,4410,25,D,PD,BK,D
14:49:43,UNVR,RG,4410,1,D,YP,BK,D
14:49:43,UNVR,RG,4410,1,D,DH,BK,D
14:49:43,UNVR,RG,4410,10,D,XC,BK,D
14:49:43,UNVR,RG,4410,71,D,KK,BK,D
14:49:43,UNVR,RG,4410,20,D,NI,BK,D
14:49:43,UNVR,RG,4410,81,D,KK,BK,D
14:49:42,UNVR,RG,4410,5,D,KK,EP,D
14:49:42,UNVR,RG,4410,14,D,KK,YP,D
14:49:42,UNVR,RG,4410,1,D,PD,YP,D
14:49:40,UNVR,RG,4410,2,D,PD,DX,F
14:49:40,UNVR,RG,4410,2,D,PD,DX,F
14:49:39,UNVR,RG,4410,5,D,YJ,DX,F
14:49:39,UNVR,RG,4410,6,D,YJ,DX,F
14:49:39,UNVR,RG,4410,54,D,YJ,DX,F
14:49:39,UNVR,RG,4410,4,D,XC,DX,F
14:49:39,UNVR,RG,4410,3,D,CC,DX,F
14:49:39,UNVR,RG,4410,2,D,CC,DX,F
14:49:39,UNVR,RG,4410,2,D,CC,DX,F
14:49:39,UNVR,RG,4410,5,D,XC,DX,F
14:49:39,UNVR,RG,4410,40,D,PD,DX,F
14:49:36,UNVR,RG,4410,7,D,PD,YB,D
14:49:31,UNVR,RG,4410,3,D,PD,BK,F
14:49:31,UNVR,RG,4410,4,D,KK,BK,F
14:49:30,UNVR,RG,4410,3,D,KK,AK,F
14:49:29,UNVR,RG,4410,2,D,PD,BK,F
14:49:29,UNVR,RG,4410,1,D,NI,BK,F
14:49:29,UNVR,RG,4410,6,D,AG,BK,F
14:49:29,UNVR,RG,4420,12,F,KZ,BK,D
14:49:29,UNVR,RG,4420,48,D,BB,BK,D
14:49:27,UNVR,RG,4420,101,F,KZ,BK,D
14:49:26,UNVR,RG,4420,130,D,BB,BK,D
14:49:26,UNVR,RG,4420,1,D,BB,BK,D
14:49:25,UNVR,RG,4420,5,D,SQ,BK,D
14:49:25,UNVR,RG,4420,13,D,BB,BK,D
14:49:24,UNVR,RG,4420,1,D,BB,BK,D
14:49:24,UNVR,RG,4410,4,D,AG,BK,F
14:49:24,UNVR,RG,4410,1,D,XC,BK,F
14:49:24,UNVR,RG,4410,4,D,XC,BK,F
14:49:24,UNVR,RG,4410,1,D,XC,AK,F
14:49:24,UNVR,RG,4410,1,D,YP,AK,F
14:49:24,UNVR,RG,4420,63,D,BB,BK,D
14:49:24,UNVR,RG,4420,1,D,BB,BK,D
14:49:24,UNVR,RG,4410,1,D,YP,AK,F
14:49:24,UNVR,RG,4410,9,D,YP,YP,D
14:49:24,UNVR,RG,4410,3,D,XC,YP,D
14:49:24,UNVR,RG,4410,3,D,EP,YP,D
14:49:24,UNVR,RG,4410,10,D,SQ,YP,D
14:49:24,UNVR,RG,4410,25,D,XC,YP,D
14:49:23,UNVR,RG,4410,8,D,XC,DX,F
14:49:23,UNVR,RG,4410,1,D,PD,DX,F
14:49:23,UNVR,RG,4410,50,D,PD,DX,F
14:49:23,UNVR,RG,4410,5,D,LG,DX,F
14:49:23,UNVR,RG,4410,20,D,YP,DX,F
14:49:23,UNVR,RG,4410,1,D,YP,DX,F
14:49:23,UNVR,RG,4410,1,D,DH,DX,F
14:49:23,UNVR,RG,4410,17,D,BB,DX,F
14:49:22,UNVR,RG,4420,20,F,KZ,BK,D
14:49:21,UNVR,RG,4420,1,D,BB,BK,D
14:49:21,UNVR,RG,4420,212,D,BB,BK,D
14:49:20,UNVR,RG,4420,1,D,BB,BK,D
14:49:20,UNVR,RG,4420,4,D,BB,BK,D
14:49:19,UNVR,RG,4420,6,D,BB,BK,D
14:49:19,UNVR,RG,4420,1,D,BB,BK,D
14:49:16,UNVR,RG,4420,9,D,BB,BK,D
14:49:15,UNVR,RG,4420,21,D,BB,BK,D
14:49:14,UNVR,RG,4410,8,D,BB,BK,F
14:49:14,UNVR,RG,4420,8,D,BB,BK,D
14:49:13,UNVR,RG,4420,33,D,BB,BK,D
14:49:11,UNVR,RG,4410,1,D,BB,PD,D
14:49:11,UNVR,RG,4410,20,D,BB,CP,D
14:49:11,UNVR,RG,4410,119,D,BB,DX,F
14:49:10,UNVR,RG,4420,3,D,BB,BK,D
14:49:09,UNVR,RG,4420,14,D,BB,BK,D
14:49:07,UNVR,RG,4420,19,D,BB,BK,D
14:49:07,UNVR,RG,4410,13,D,BB,DX,F
14:49:07,UNVR,RG,4420,1,D,PD,BK,D
14:49:05,UNVR,RG,4420,14,D,BB,BK,D
14:49:05,UNVR,RG,4410,7,D,BB,BK,F
14:49:04,UNVR,RG,4420,37,D,BB,BK,D
14:49:02,UNVR,RG,4410,31,D,BB,BK,F
14:49:00,UNVR,RG,4420,23,D,BB,BK,D
14:49:00,UNVR,RG,4410,17,D,BB,AK,D
14:49:00,UNVR,RG,4410,8,D,BB,AK,D
14:49:00,UNVR,RG,4410,4,D,BB,AK,D
14:49:00,UNVR,RG,4410,2,D,BB,AK,D
14:49:00,UNVR,RG,4410,1,D,BB,AK,D
14:49:00,UNVR,RG,4410,1,D,BB,AK,D
14:48:59,UNVR,RG,4420,3,D,BB,BK,D
14:48:59,UNVR,RG,4420,8,D,BB,BK,D
14:48:58,UNVR,RG,4420,1,D,PD,BK,D
14:48:57,UNVR,RG,4410,1,D,BB,ZP,F
14:48:56,UNVR,RG,4410,23,D,BB,BK,F
14:48:56,UNVR,RG,4420,10,D,BB,BK,D
14:48:55,UNVR,RG,4420,41,D,BB,BK,D
14:48:53,UNVR,RG,4420,4,D,BB,BK,D
14:48:52,UNVR,RG,4420,4,D,BB,BK,D
14:48:52,UNVR,RG,4420,4,D,BB,BK,D
14:48:52,UNVR,RG,4410,6,D,BB,CS,F
14:48:52,UNVR,RG,4410,5,D,AT,CS,F
14:48:52,UNVR,RG,4410,5,F,SQ,CS,F
14:48:52,UNVR,RG,4410,1,D,YP,CS,F
14:48:52,UNVR,RG,4410,2,D,CC,CS,F
14:48:52,UNVR,RG,4410,2,D,XC,CS,F
14:48:52,UNVR,RG,4410,300,D,YP,CS,F
14:48:52,UNVR,RG,4410,5,D,PD,CS,F
14:48:52,UNVR,RG,4410,5,D,CC,CS,F
14:48:52,UNVR,RG,4410,1,D,XC,CS,F
14:48:52,UNVR,RG,4410,62,F,AK,CS,F
14:48:52,UNVR,RG,4410,2,D,AT,CS,F
14:48:52,UNVR,RG,4410,2,D,PD,CS,F
14:48:52,UNVR,RG,4410,10,D,CC,CS,F
14:48:52,UNVR,RG,4410,1,D,DR,CS,F
14:48:52,UNVR,RG,4410,1,F,KZ,CS,F
14:48:52,UNVR,RG,4410,1,D,YP,CS,F
14:48:52,UNVR,RG,4410,2,D,AT,CS,F
14:48:52,UNVR,RG,4410,5,D,XC,CS,F
14:48:52,UNVR,RG,4410,2,F,KZ,CS,F
14:48:52,UNVR,RG,4410,1,F,KZ,CS,F
14:48:52,UNVR,RG,4410,1,D,PD,CS,F
14:48:52,UNVR,RG,4410,25,F,KZ,CS,F
14:48:52,UNVR,RG,4410,100,D,KK,CS,F
14:48:52,UNVR,RG,4410,7,F,KZ,CS,F
14:48:52,UNVR,RG,4410,13,D,BB,CS,F
14:48:52,UNVR,RG,4410,6,D,BB,CS,F
14:48:52,UNVR,RG,4410,265,F,KZ,CS,F
14:48:52,UNVR,RG,4410,1,D,BB,CS,F
14:48:52,UNVR,RG,4410,3,D,BB,CS,F
14:48:52,UNVR,RG,4410,12,D,BB,CS,F
14:48:52,UNVR,RG,4410,11,D,BB,CS,F
14:48:52,UNVR,RG,4410,1000,D,YJ,CS,F
14:48:52,UNVR,RG,4410,20,D,SQ,CS,F
14:48:52,UNVR,RG,4410,7,F,KZ,CS,F
14:48:52,UNVR,RG,4410,2,D,NI,CS,F
14:48:52,UNVR,RG,4410,2,F,KZ,CS,F
14:48:52,UNVR,RG,4410,1,F,KZ,CS,F
14:48:52,UNVR,RG,4410,2,D,CC,CS,F
14:48:52,UNVR,RG,4410,10,D,YP,CS,F
14:48:52,UNVR,RG,4410,292,F,KZ,CS,F
14:48:52,UNVR,RG,4420,6,D,KK,BK,D
14:48:50,UNVR,RG,4420,11,F,KZ,BK,D
14:48:48,UNVR,RG,4420,23,D,BB,BK,D
14:48:48,UNVR,RG,4420,2,D,BB,BK,D
14:48:48,UNVR,RG,4420,1,F,ZP,BK,D
14:48:47,UNVR,RG,4410,1,F,KZ,ZP,F
14:48:46,UNVR,RG,4420,1,D,AG,BK,D
14:48:46,UNVR,RG,4410,3,F,KZ,ZP,F
14:48:46,UNVR,RG,4420,2,F,KZ,BK,D
14:48:45,UNVR,RG,4420,6,D,BB,BK,D
14:48:45,UNVR,RG,4420,23,D,BB,BK,D
14:48:45,UNVR,RG,4420,10,D,BB,BK,D
14:48:45,UNVR,RG,4420,11,F,KZ,BK,D
14:48:43,UNVR,RG,4420,48,D,BB,BK,D
14:48:42,UNVR,RG,4420,53,D,BB,BK,D
14:48:40,UNVR,RG,4420,9,D,BB,BK,D
14:48:39,UNVR,RG,4420,5,D,BB,BK,D
14:48:37,UNVR,RG,4420,17,D,BB,BK,D
14:48:36,UNVR,RG,4420,9,D,BB,BK,D
14:48:36,UNVR,RG,4420,13,D,BB,BK,D
14:48:36,UNVR,RG,4410,17,F,KZ,BK,F
14:48:31,UNVR,RG,4410,13,F,KZ,BK,F
14:48:31,UNVR,RG,4420,7,F,KZ,BK,D
14:48:30,UNVR,RG,4420,26,D,BB,BK,D
14:48:30,UNVR,RG,4420,59,D,BB,BK,D
14:48:29,UNVR,RG,4420,31,D,BB,BK,D
14:48:29,UNVR,RG,4420,7,D,BB,BK,D
14:48:25,UNVR,RG,4410,1,F,KZ,AG,D
14:48:25,UNVR,RG,4420,2,D,BB,BK,D
14:48:24,UNVR,RG,4420,10,D,BB,BK,D
14:48:24,UNVR,RG,4410,12,F,KZ,BK,F
14:48:22,UNVR,RG,4420,58,D,BB,BK,D
14:48:21,UNVR,RG,4420,11,D,BB,DX,F
14:48:20,UNVR,RG,4420,24,D,BB,DX,F
14:48:19,UNVR,RG,4420,1,D,BB,DX,F
14:48:19,UNVR,RG,4410,16,F,KZ,BK,F
14:48:17,UNVR,RG,4410,1,F,KZ,AG,D
14:48:17,UNVR,RG,4410,10,F,KZ,CC,D
14:48:16,UNVR,RG,4410,26,F,KZ,BK,F
14:48:15,UNVR,RG,4420,43,D,BB,DX,F
14:48:15,UNVR,RG,4420,3,F,KZ,DX,F
14:48:14,UNVR,RG,4420,3,D,BB,DX,F
14:48:14,UNVR,RG,4420,11,D,BB,DX,F
14:48:14,UNVR,RG,4420,14,F,KZ,DX,F
14:48:13,UNVR,RG,4420,17,D,BB,DX,F
14:48:12,UNVR,RG,4410,1,F,KZ,AG,D
14:48:11,UNVR,RG,4410,33,F,KZ,BK,F
14:48:11,UNVR,RG,4410,5,F,KZ,ZP,F
14:48:11,UNVR,RG,4420,12,D,BB,DX,F
14:48:11,UNVR,RG,4420,10,D,BB,KK,D
14:48:11,UNVR,RG,4420,4,D,BB,ZP,F
14:48:11,UNVR,RG,4420,5,D,BB,PD,D
14:48:11,UNVR,RG,4420,3,D,BB,DH,D
14:48:11,UNVR,RG,4420,93,D,BB,DX,F
14:48:10,UNVR,RG,4420,1,F,ZP,DX,F
14:48:10,UNVR,RG,4420,55,F,KZ,DX,F
14:48:10,UNVR,RG,4420,92,F,KZ,DX,F
14:48:10,UNVR,RG,4420,4,F,KZ,DX,F
14:48:10,UNVR,RG,4420,1,F,KZ,DX,F
14:48:10,UNVR,RG,4420,55,F,KZ,DX,F
14:48:09,UNVR,RG,4410,6,F,KZ,DR,D
14:48:08,UNVR,RG,4420,29,D,BB,DX,F
14:48:08,UNVR,RG,4410,23,F,KZ,BK,F
14:48:07,UNVR,RG,4410,1,F,KZ,AG,D
14:48:06,UNVR,RG,4420,12,D,BB,DX,F
14:48:05,UNVR,RG,4410,4,F,KZ,ZP,F
14:48:05,UNVR,RG,4420,162,D,BB,DX,F
14:48:03,UNVR,RG,4410,13,F,KZ,BK,F
14:48:03,UNVR,RG,4420,32,D,BB,DX,F
14:48:00,UNVR,RG,4420,41,D,BB,DX,F
14:48:00,UNVR,RG,4420,126,D,BB,DX,F
14:47:54,UNVR,RG,4420,1,D,EP,DX,F
14:47:51,UNVR,RG,4420,1,D,XC,DX,F
14:47:49,UNVR,RG,4410,19,F,KZ,BK,F
14:47:47,UNVR,RG,4420,1,D,EP,DX,F
14:47:46,UNVR,RG,4410,27,F,KZ,BK,F
14:47:44,UNVR,RG,4420,244,F,KZ,DX,F
14:47:42,UNVR,RG,4410,2,F,KZ,PD,D
14:47:39,UNVR,RG,4410,19,F,KZ,BK,F
14:47:34,UNVR,RG,4420,9,F,KZ,DX,F
14:47:34,UNVR,RG,4420,1,F,KZ,DX,F
14:47:34,UNVR,RG,4420,12,F,KZ,DX,F
14:47:34,UNVR,RG,4420,15,F,KZ,DX,F
14:47:33,UNVR,RG,4410,17,F,KZ,BK,F
14:47:33,UNVR,RG,4420,142,D,BB,DX,F
14:47:29,UNVR,RG,4420,175,D,BB,DX,F
14:47:29,UNVR,RG,4420,26,D,BB,DX,F
14:47:29,UNVR,RG,4420,27,D,BB,AK,F
14:47:29,UNVR,RG,4420,6,D,BB,AK,F
14:47:29,UNVR,RG,4420,6,D,BB,AK,F
14:47:29,UNVR,RG,4420,475,D,BB,BK,F
14:47:28,UNVR,RG,4420,41,D,BB,BK,F
14:47:24,UNVR,RG,4420,369,D,BB,BK,F
14:47:24,UNVR,RG,4420,67,D,BB,BK,F
14:47:24,UNVR,RG,4420,1,D,BB,ZP,F
14:47:24,UNVR,RG,4420,68,D,BB,DX,F
14:47:23,UNVR,RG,4420,338,D,BB,DX,F
14:47:13,UNVR,RG,4410,25,F,KZ,PD,D
14:47:12,UNVR,RG,4420,5,D,YP,DX,F
14:47:05,UNVR,RG,4410,10,F,KZ,KK,D
14:47:01,UNVR,RG,4410,3,F,KZ,CC,D
14:47:00,UNVR,RG,4410,9,F,KZ,AK,F
14:46:52,UNVR,RG,4410,1,F,KZ,AG,D
14:46:46,UNVR,RG,4410,16,F,KZ,BK,F
14:46:45,UNVR,RG,4410,139,F,KZ,AK,D
14:46:45,UNVR,RG,4410,2,D,XC,AK,D
14:46:45,UNVR,RG,4410,1,D,GR,AK,D
14:46:45,UNVR,RG,4410,2,D,XC,AK,D
14:46:45,UNVR,RG,4410,1,D,PD,AK,D
14:46:45,UNVR,RG,4410,5,D,PD,AK,D
14:46:45,UNVR,RG,4410,1,D,XC,AK,D
14:46:45,UNVR,RG,4410,4,D,NI,AK,D
14:46:45,UNVR,RG,4410,9,D,PD,AK,D
14:46:45,UNVR,RG,4410,5,D,XC,AK,D
14:46:45,UNVR,RG,4410,3,D,CC,AK,D
14:46:45,UNVR,RG,4410,10,D,GR,AK,D
14:46:45,UNVR,RG,4410,1,D,YP,AK,D
14:46:45,UNVR,RG,4410,1,D,YP,AK,D
14:46:45,UNVR,RG,4410,31,D,YP,AK,D
14:46:44,UNVR,RG,4420,58,F,KZ,DX,F
14:46:44,UNVR,RG,4420,214,F,KZ,DX,F
14:46:44,UNVR,RG,4420,9,F,KZ,DX,F
14:46:44,UNVR,RG,4420,124,F,KZ,DX,F
14:46:40,UNVR,RG,4420,17,D,NI,DX,F
14:46:40,UNVR,RG,4420,83,D,NI,DX,F
14:46:38,UNVR,RG,4410,1,D,YP,AG,D
14:46:36,UNVR,RG,4420,1,D,KK,DX,F
14:46:34,UNVR,RG,4420,34,F,KZ,DX,F
14:46:33,UNVR,RG,4410,1,D,YP,AG,D
14:46:30,UNVR,RG,4410,94,D,YP,DX,F
14:46:30,UNVR,RG,4410,4,D,GR,DX,F
14:46:28,UNVR,RG,4410,1,D,GR,AG,D
14:46:26,UNVR,RG,4420,1,F,CS,DX,F
14:46:13,UNVR,RG,4420,3,D,CC,DX,F
14:46:13,UNVR,RG,4420,2,D,CC,DX,F
14:46:06,UNVR,RG,4420,1,F,CS,DX,F
14:46:00,UNVR,RG,4410,38,D,GR,AK,D
14:45:53,UNVR,RG,4410,3,D,GR,PD,D
14:45:49,UNVR,RG,4410,10,D,GR,KK,D
14:45:45,UNVR,RG,4410,105,D,GR,DX,F
14:45:39,UNVR,RG,4410,5,D,GR,YP,D
14:45:37,UNVR,RG,4410,1,D,GR,AG,D
14:45:35,UNVR,RG,4420,1,F,CS,DX,F
14:45:27,UNVR,RG,4420,1,F,ZP,DX,F
14:45:27,UNVR,RG,4410,1,D,GR,SQ,D
14:45:23,UNVR,RG,4410,3,D,GR,XC,D
14:45:18,UNVR,RG,4410,5,D,GR,ZP,F
14:45:13,UNVR,RG,4410,1,D,GR,AG,D
14:45:07,UNVR,RG,4420,1,D,PD,DX,F
14:45:05,UNVR,RG,4410,5,D,GR,OD,D
14:44:45,UNVR,RG,4410,33,D,GR,AK,F
14:44:33,UNVR,RG,4420,1,F,CS,DX,F
14:44:33,UNVR,RG,4420,3,D,BB,DX,F
14:44:33,UNVR,RG,4420,1,F,CS,DX,F
14:44:32,UNVR,RG,4410,50,D,GR,EP,D
14:44:30,UNVR,RG,4420,5,D,BB,DX,F
14:44:29,UNVR,RG,4420,3,D,BB,DX,F
14:44:29,UNVR,RG,4420,1,D,BB,DX,F
14:44:29,UNVR,RG,4420,2,D,BB,DX,F
14:44:26,UNVR,RG,4410,1,D,GR,AG,D
14:44:26,UNVR,RG,4420,1,D,YP,DX,F
14:44:26,UNVR,RG,4420,99,D,YP,DX,F
14:44:19,UNVR,RG,4410,1,D,GR,AG,D
14:44:16,UNVR,RG,4410,5,D,GR,YP,D
14:44:16,UNVR,RG,4410,7,D,GR,ZP,F
14:44:14,UNVR,RG,4410,1,D,GR,AG,D
14:44:08,UNVR,RG,4410,1,D,GR,AG,D
14:44:07,UNVR,RG,4420,20,D,AZ,DX,F
14:44:07,UNVR,RG,4420,22,D,AZ,DX,F
14:44:07,UNVR,RG,4420,8,D,AZ,DX,F
14:44:07,UNVR,RG,4410,1,D,GR,XC,D
14:44:03,UNVR,RG,4420,1,D,PD,DX,F
14:44:01,UNVR,RG,4410,1,D,GR,AG,D
14:44:00,UNVR,RG,4410,109,D,GR,AK,D
14:43:52,UNVR,RG,4410,5,D,GR,PD,D
14:43:29,UNVR,RG,4410,78,D,GR,DX,F
14:43:27,UNVR,RG,4410,25,D,GR,PD,D
14:43:27,UNVR,RG,4410,8,D,GR,PD,D
14:43:23,UNVR,RG,4410,11,D,GR,NI,D
14:43:10,UNVR,RG,4420,1,D,XC,DX,F
14:43:09,UNVR,RG,4420,3,F,CS,DX,F
14:42:59,UNVR,RG,4420,5,D,PD,DX,F
14:42:41,UNVR,RG,4420,1,D,CC,DX,F
14:42:41,UNVR,RG,4420,1,D,GR,DX,F
14:42:38,UNVR,RG,4410,2,D,GR,PD,D
14:42:30,UNVR,RG,4410,68,D,GR,AK,D
14:42:10,UNVR,RG,4410,32,D,GR,KK,D
14:42:08,UNVR,RG,4410,10,D,GR,DH,D
14:42:07,UNVR,RG,4420,22,D,XC,DX,F
14:42:04,UNVR,RG,4410,1,D,GR,PD,D
14:42:02,UNVR,RG,4410,25,D,GR,NI,D
14:42:00,UNVR,RG,4410,7,D,GR,AK,F
14:41:57,UNVR,RG,4410,1,D,GR,AG,D
14:41:52,UNVR,RG,4410,11,D,GR,KK,D
14:41:50,UNVR,RG,4410,1,D,GR,AG,D
14:41:46,UNVR,RG,4410,25,D,GR,NI,D
14:41:42,UNVR,RG,4410,1,D,GR,AG,D
14:41:41,UNVR,RG,4420,1,D,PD,DX,F
14:41:36,UNVR,RG,4410,1,D,GR,AG,D
14:41:31,UNVR,RG,4420,9,F,YU,DX,F
14:41:26,UNVR,RG,4410,1,D,GR,AG,D
14:41:23,UNVR,RG,4410,46,D,GR,PD,D
14:41:05,UNVR,RG,4410,12,D,GR,BK,F
14:41:03,UNVR,RG,4410,3,D,GR,XC,D
14:41:00,UNVR,RG,4410,7,D,GR,AK,F
14:41:00,UNVR,RG,4410,58,D,GR,AK,D
14:40:58,UNVR,RG,4420,3,F,CS,DX,F
14:40:57,UNVR,RG,4410,2,D,GR,XC,D
14:40:39,UNVR,RG,4410,1,D,GR,AG,D
14:40:31,UNVR,RG,4410,11,D,GR,CC,D
14:40:30,UNVR,RG,4410,11,D,GR,BK,F
14:40:28,UNVR,RG,4410,47,D,GR,BK,D
14:40:24,UNVR,RG,4410,1,D,GR,AG,D
14:40:18,UNVR,RG,4420,2,D,AZ,DX,F
14:40:15,UNVR,RG,4420,2,D,PD,DX,F
14:40:03,UNVR,RG,4420,1,D,AG,DX,F
14:40:00,UNVR,RG,4410,43,D,GR,BK,D
14:40:00,UNVR,RG,4410,8,D,GR,AK,F
14:39:51,UNVR,RG,4410,8,D,GR,NI,D
14:39:51,UNVR,RG,4420,1,D,KK,DX,F
14:39:41,UNVR,RG,4420,2,D,PD,DX,F
14:39:32,UNVR,RG,4410,18,D,GR,BK,F
14:39:32,UNVR,RG,4420,8,D,NI,DX,F
14:39:30,UNVR,RG,4410,19,D,GR,AK,D
14:39:30,UNVR,RG,4410,3,D,CC,AK,D
14:39:30,UNVR,RG,4410,5,D,PD,AK,D
14:39:30,UNVR,RG,4410,2,D,SQ,AK,D
14:39:30,UNVR,RG,4410,2,D,PD,AK,D
14:39:30,UNVR,RG,4410,2,D,AZ,AK,D
14:39:30,UNVR,RG,4410,14,D,CC,AK,D
14:39:30,UNVR,RG,4410,1,D,PD,AK,D
14:39:30,UNVR,RG,4410,8,D,XC,AK,D
14:39:30,UNVR,RG,4410,1,D,XC,AK,D
14:39:24,UNVR,RG,4410,5,D,KK,DR,D
14:39:19,UNVR,RG,4410,7,D,KK,BK,D
14:39:19,UNVR,RG,4410,1,D,PD,BK,D
14:39:19,UNVR,RG,4410,1,D,NI,BK,D
14:39:19,UNVR,RG,4410,46,D,DH,BK,D
14:39:15,UNVR,RG,4420,2,D,PD,DX,F
14:39:06,UNVR,RG,4410,4,D,DH,BK,F
14:39:06,UNVR,RG,4410,3,D,YP,BK,F
14:39:06,UNVR,RG,4410,1,D,PD,BK,F
14:39:06,UNVR,RG,4410,1,D,OD,BK,F
14:39:06,UNVR,RG,4410,1,D,XC,BK,F
14:39:06,UNVR,RG,4410,1,D,PD,BK,F
14:39:06,UNVR,RG,4410,5,D,CC,BK,F
14:39:06,UNVR,RG,4410,3,D,SQ,BK,F
14:39:03,UNVR,RG,4410,22,D,SQ,PD,D
14:39:03,UNVR,RG,4410,1,D,YP,PD,D
14:39:00,UNVR,RG,4410,1,D,YP,BK,F
14:39:00,UNVR,RG,4410,5,D,XA,BK,F
14:39:00,UNVR,RG,4410,7,D,LG,BK,F
14:38:57,UNVR,RG,4410,100,D,LG,YP,D
14:38:51,UNVR,RG,4410,5,D,LG,XC,D
14:38:45,UNVR,RG,4410,49,D,LG,BK,D
14:38:30,UNVR,RG,4410,10,D,LG,AK,F
14:38:28,UNVR,RG,4420,1,D,DH,DX,F
14:38:26,UNVR,RG,4420,5,D,NI,DX,F
14:38:23,UNVR,RG,4410,1,D,LG,YP,D
14:38:21,UNVR,RG,4410,28,D,LG,BK,D
14:38:09,UNVR,RG,4420,14,D,BB,DX,F
14:37:53,UNVR,RG,4410,20,D,LG,BK,F
14:37:50,UNVR,RG,4410,14,D,LG,BK,F
14:37:48,UNVR,RG,4410,97,D,LG,ZP,D
14:37:47,UNVR,RG,4420,11,D,BB,DX,F
14:37:47,UNVR,RG,4410,51,D,LG,BK,D
14:37:41,UNVR,RG,4420,3,D,BB,DX,F
14:37:36,UNVR,RG,4410,1,D,LG,AG,D
14:37:36,UNVR,RG,4420,1,D,YP,DX,F
14:37:34,UNVR,RG,4410,14,D,LG,BK,F
14:37:31,UNVR,RG,4420,16,D,BB,DX,F
14:37:31,UNVR,RG,4420,27,D,BB,DX,F
14:37:30,UNVR,RG,4410,6,D,LG,AK,F
14:37:27,UNVR,RG,4410,1,D,LG,AG,D
14:37:24,UNVR,RG,4410,1,D,LG,YP,D
14:37:16,UNVR,RG,4410,1,D,LG,AG,D
14:37:15,UNVR,RG,4410,38,D,LG,BK,D
14:37:11,UNVR,RG,4410,13,D,LG,BK,F
14:37:08,UNVR,RG,4410,1,D,LG,AG,D
14:37:07,UNVR,RG,4420,1,D,PD,DX,F
14:37:07,UNVR,RG,4410,50,D,LG,BK,F
14:37:06,UNVR,RG,4420,10,D,LG,DX,F
14:37:05,UNVR,RG,4410,30,D,LG,YP,D
14:37:05,UNVR,RG,4420,3,D,XC,DX,F
14:37:05,UNVR,RG,4410,16,D,LG,YP,D
14:37:05,UNVR,RG,4420,43,D,BB,DX,F
14:37:04,UNVR,RG,4410,46,D,LG,BK,F
14:37:04,UNVR,RG,4410,2,D,YP,BK,F
14:37:04,UNVR,RG,4410,2,D,PD,BK,F
14:37:04,UNVR,RG,4410,5,D,YP,BK,F
14:37:04,UNVR,RG,4410,2,D,PD,BK,F
14:37:04,UNVR,RG,4410,5,D,YP,BK,F
14:37:04,UNVR,RG,4410,10,D,YP,BK,F
14:37:04,UNVR,RG,4410,2,D,YP,BK,F
14:37:04,UNVR,RG,4410,5,D,NI,BK,F
14:37:04,UNVR,RG,4410,2,D,KK,BK,F
14:37:04,UNVR,RG,4410,1,D,XC,BK,F
14:37:04,UNVR,RG,4410,3,D,CC,BK,F
14:37:04,UNVR,RG,4410,7,D,YP,BK,F
14:37:04,UNVR,RG,4410,12,D,PD,BK,F
14:37:04,UNVR,RG,4410,1,D,XC,BK,F
14:37:04,UNVR,RG,4410,1,D,NI,BK,F
14:37:04,UNVR,RG,4410,2,D,LS,BK,F
14:37:04,UNVR,RG,4410,2,D,PD,BK,F
14:37:04,UNVR,RG,4410,5,D,TP,BK,F
14:37:04,UNVR,RG,4410,2,D,NI,BK,F
14:37:04,UNVR,RG,4410,1,D,FZ,BK,F
14:37:04,UNVR,RG,4410,5,D,PD,BK,F
14:37:04,UNVR,RG,4410,3,D,YP,BK,F
14:37:04,UNVR,RG,4410,1,D,PD,BK,F
14:37:04,UNVR,RG,4410,1,D,AZ,BK,F
14:37:04,UNVR,RG,4410,10,D,PD,BK,F
14:37:04,UNVR,RG,4410,5,D,PD,BK,F
14:37:04,UNVR,RG,4410,1,D,PD,BK,F
14:37:04,UNVR,RG,4410,11,D,NI,BK,F
14:37:04,UNVR,RG,4410,30,D,BQ,BK,F
14:37:04,UNVR,RG,4410,3,D,PD,BK,F
14:37:04,UNVR,RG,4410,1,D,HP,BK,F
14:37:04,UNVR,RG,4410,50,D,CC,BK,F
14:37:04,UNVR,RG,4410,2,D,CC,BK,F
14:37:04,UNVR,RG,4410,1,D,PD,BK,F
14:37:04,UNVR,RG,4410,1,D,PD,BK,F
14:37:04,UNVR,RG,4410,1,D,YP,BK,F
14:37:04,UNVR,RG,4410,1,D,PD,BK,F
14:37:04,UNVR,RG,4410,1,D,CC,BK,F
14:37:04,UNVR,RG,4410,5,D,EP,BK,F
14:37:04,UNVR,RG,4410,1,D,PD,BK,F
14:37:04,UNVR,RG,4410,11,D,DH,BK,F
14:37:04,UNVR,RG,4410,6,D,PD,BK,F
14:37:04,UNVR,RG,4410,10,D,HP,BK,F
14:37:04,UNVR,RG,4410,10,D,AT,BK,F
14:37:04,UNVR,RG,4410,1,D,XC,BK,F
14:37:04,UNVR,RG,4410,6,D,XC,BK,F
14:37:02,UNVR,RG,4420,462,F,KZ,DX,F
14:37:02,UNVR,RG,4420,6,F,KZ,PD,D
14:37:01,UNVR,RG,4420,1,F,ZP,PD,D
14:37:01,UNVR,RG,4420,1,F,AK,PD,D
14:37:01,UNVR,RG,4420,2,F,AK,PD,D
14:37:00,UNVR,RG,4420,5,D,AT,CS,F
14:37:00,UNVR,RG,4420,5,D,KK,CS,F
14:37:00,UNVR,RG,4420,207,F,KZ,CS,F
14:37:00,UNVR,RG,4420,3,D,NI,CS,F
14:37:00,UNVR,RG,4420,1,D,PD,CS,F
14:37:00,UNVR,RG,4420,5,D,AT,CS,F
14:37:00,UNVR,RG,4420,100,D,DR,CS,F
14:37:00,UNVR,RG,4420,10,D,NI,CS,F
14:37:00,UNVR,RG,4420,4,D,CC,CS,F
14:37:00,UNVR,RG,4420,3,F,YU,CS,F
14:37:00,UNVR,RG,4420,5,D,NI,CS,F
14:37:00,UNVR,RG,4420,46,F,KZ,CS,F
14:37:00,UNVR,RG,4420,68,F,KZ,CS,F
14:37:00,UNVR,RG,4420,2,D,PD,CS,F
14:37:00,UNVR,RG,4420,1,D,DX,CS,F
14:37:00,UNVR,RG,4420,2,D,AT,CS,F
14:37:00,UNVR,RG,4420,10,D,PD,CS,F
14:37:00,UNVR,RG,4420,31,F,AK,CS,F
14:37:00,UNVR,RG,4420,210,D,PD,CS,F
14:37:00,UNVR,RG,4420,72,D,KK,CS,F
14:37:00,UNVR,RG,4420,1,D,PD,CS,F
14:37:00,UNVR,RG,4420,59,D,CC,CS,F
14:37:00,UNVR,RG,4420,1,D,PD,CS,F
14:37:00,UNVR,RG,4420,1,D,YP,CS,F
14:37:00,UNVR,RG,4420,4,D,YP,CS,F
14:37:00,UNVR,RG,4420,2,D,NI,CS,F
14:37:00,UNVR,RG,4420,2,D,XC,CS,F
14:37:00,UNVR,RG,4420,1,D,DH,CS,F
14:37:00,UNVR,RG,4420,54,F,KZ,CS,F
14:37:00,UNVR,RG,4420,2,D,CC,CS,F
14:37:00,UNVR,RG,4420,300,D,YP,CS,F
14:37:00,UNVR,RG,4420,50,D,YP,CS,F
14:37:00,UNVR,RG,4420,1,D,NI,CS,F
14:37:00,UNVR,RG,4420,2,D,CC,CS,F
14:37:00,UNVR,RG,4420,3,D,XC,CS,F
14:37:00,UNVR,RG,4420,31,F,AK,CS,F
14:37:00,UNVR,RG,4420,20,D,AZ,CS,F
14:37:00,UNVR,RG,4420,5,D,PD,CS,F
14:37:00,UNVR,RG,4420,29,D,PD,CS,F
14:37:00,UNVR,RG,4420,1,D,XC,CS,F
14:37:00,UNVR,RG,4420,4,D,PD,CS,F
14:37:00,UNVR,RG,4420,3,F,YU,CS,F
14:37:00,UNVR,RG,4420,10,D,NI,CS,F
14:37:00,UNVR,RG,4420,2,F,KZ,CS,F
14:37:00,UNVR,RG,4420,18,F,KZ,CS,F
14:37:00,UNVR,RG,4420,3,F,KZ,CS,F
14:37:00,UNVR,RG,4420,1,D,XC,CS,F
14:37:00,UNVR,RG,4420,2,D,SQ,CS,F
14:37:00,UNVR,RG,4420,5,D,PD,CS,F
14:37:00,UNVR,RG,4420,56,F,KZ,CS,F
14:37:00,UNVR,RG,4420,5,D,PD,CS,F
14:37:00,UNVR,RG,4420,4,D,CC,CS,F
14:37:00,UNVR,RG,4420,3,D,XC,CS,F
14:37:00,UNVR,RG,4420,81,D,BB,CS,F
14:37:00,UNVR,RG,4420,3,D,BB,CS,F
14:37:00,UNVR,RG,4420,29,D,BB,CS,F
14:37:00,UNVR,RG,4420,26,D,BB,CS,F
14:37:00,UNVR,RG,4420,14,D,BB,CS,F
14:37:00,UNVR,RG,4420,43,D,BB,CS,F
14:37:00,UNVR,RG,4420,2,D,CC,CS,F
14:37:00,UNVR,RG,4420,1,D,YP,CS,F
14:37:00,UNVR,RG,4420,1,D,XC,CS,F
14:37:00,UNVR,RG,4420,2,D,NI,CS,F
14:37:00,UNVR,RG,4420,23,F,KZ,CS,F
14:37:00,UNVR,RG,4420,3,F,YU,CS,F
14:37:00,UNVR,RG,4420,2,F,KZ,CS,F
14:37:00,UNVR,RG,4420,13,F,KZ,CS,F
14:37:00,UNVR,RG,4420,20,D,YP,CS,F
14:37:00,UNVR,RG,4420,1,D,DH,CS,F
14:37:00,UNVR,RG,4420,91,F,KZ,CS,F
14:37:00,UNVR,RG,4420,4,F,CS,CS,F
14:37:00,UNVR,RG,4420,12,D,CC,CS,F
14:37:00,UNVR,RG,4420,1,F,ZP,CS,F
14:37:00,UNVR,RG,4420,1,D,XC,CS,F
14:37:00,UNVR,RG,4420,1,D,PD,CS,F
14:37:00,UNVR,RG,4420,1,D,NI,CS,F
14:37:00,UNVR,RG,4420,1,D,CC,CS,F
14:37:00,UNVR,RG,4420,18,D,YU,CS,F
14:37:00,UNVR,RG,4420,1,D,NI,CS,F
14:37:00,UNVR,RG,4420,1,D,XC,CS,F
14:37:00,UNVR,RG,4420,5,D,EP,CS,F
14:37:00,UNVR,RG,4420,2,D,DH,CS,F
14:37:00,UNVR,RG,4420,2,D,PD,CS,F
14:37:00,UNVR,RG,4420,2,D,CC,CS,F
14:37:00,UNVR,RG,4420,1,D,NI,CS,F
14:37:00,UNVR,RG,4420,5,D,AT,CS,F
14:37:00,UNVR,RG,4420,1,D,KK,CS,F
14:37:00,UNVR,RG,4420,1,D,PD,CS,F
14:37:00,UNVR,RG,4420,2,D,PD,CS,F
14:37:00,UNVR,RG,4420,10,D,SQ,CS,F
14:37:00,UNVR,RG,4420,2,D,PD,CS,F
14:37:00,UNVR,RG,4420,50,D,YP,CS,F
14:37:00,UNVR,RG,4420,1,D,EP,CS,F
14:36:59,UNVR,RG,4420,4,D,EP,BK,F
14:36:59,UNVR,RG,4420,8,D,YP,BK,F
14:36:55,UNVR,RG,4430,27,D,BB,CS,F
14:36:53,UNVR,RG,4420,3,D,YP,ZP,F
14:36:51,UNVR,RG,4420,9,D,YP,BK,F
14:36:51,UNVR,RG,4420,3,D,GR,BK,F
14:36:51,UNVR,RG,4420,2,D,GR,OD,D
14:36:51,UNVR,RG,4420,1,D,CC,OD,D
14:36:51,UNVR,RG,4420,2,D,NI,OD,D
14:36:51,UNVR,RG,4420,12,D,PD,OD,D
14:36:51,UNVR,RG,4420,2,D,SQ,OD,D
14:36:51,UNVR,RG,4420,4,D,PD,OD,D
14:36:50,UNVR,RG,4430,5,D,OD,CS,F
14:36:49,UNVR,RG,4430,5,D,BB,CS,F
14:36:47,UNVR,RG,4420,6,D,PD,BK,F
14:36:47,UNVR,RG,4420,6,D,YP,BK,F
14:36:47,UNVR,RG,4420,4,D,YP,DX,F
14:36:47,UNVR,RG,4420,4,F,KZ,DX,F
14:36:47,UNVR,RG,4420,5,D,CC,DX,F
14:36:47,UNVR,RG,4420,2,D,PD,DX,F
14:36:47,UNVR,RG,4420,5,D,CC,DX,F
14:36:47,UNVR,RG,4420,1,D,EP,DX,F
14:36:47,UNVR,RG,4420,10,D,SQ,DX,F
14:36:47,UNVR,RG,4420,2,D,YP,DX,F
14:36:47,UNVR,RG,4420,5,F,KZ,DX,F
14:36:47,UNVR,RG,4420,19,D,XC,DX,F
14:36:47,UNVR,RG,4420,6,F,KZ,DX,F
14:36:47,UNVR,RG,4420,2,F,KZ,DX,F
14:36:47,UNVR,RG,4420,2,F,KZ,DX,F
14:36:47,UNVR,RG,4420,8,F,KZ,DX,F
14:36:47,UNVR,RG,4420,5,D,PD,DX,F
14:36:47,UNVR,RG,4420,18,D,YP,DX,F
14:36:46,UNVR,RG,4420,32,D,YP,BK,D
14:36:46,UNVR,RG,4420,6,D,XC,BK,D
14:36:45,UNVR,RG,4420,4,D,XC,BK,F
14:36:45,UNVR,RG,4420,5,D,NI,BK,F
14:36:45,UNVR,RG,4420,1,D,PD,BK,F
14:36:45,UNVR,RG,4420,2,D,PD,BK,F
14:36:45,UNVR,RG,4420,1,D,YP,BK,F
14:36:45,UNVR,RG,4420,1,D,YP,BK,F
14:36:45,UNVR,RG,4420,6,F,KZ,BK,F
14:36:44,UNVR,RG,4430,57,D,BB,CS,F
14:36:42,UNVR,RG,4420,15,F,KZ,KK,D
14:36:42,UNVR,RG,4430,85,D,BB,CS,F
14:36:37,UNVR,RG,4430,2,D,CC,CS,F
14:36:36,UNVR,RG,4430,4,F,CS,CS,F
14:36:22,UNVR,RG,4430,40,D,BB,CS,F
14:36:17,UNVR,RG,4420,12,F,KZ,BK,F
14:36:14,UNVR,RG,4420,41,F,KZ,BK,D
14:36:09,UNVR,RG,4420,92,F,KZ,DX,F
14:36:08,UNVR,RG,4420,17,F,KZ,BK,F
14:36:04,UNVR,RG,4430,7,D,BB,CS,F
14:36:03,UNVR,RG,4430,2,D,CC,CS,F
14:36:00,UNVR,RG,4430,22,D,BB,CS,F
14:36:00,UNVR,RG,4430,1,D,NI,CS,F
14:35:45,UNVR,RG,4430,44,D,BB,CS,F
14:35:43,UNVR,RG,4430,67,D,BB,CS,F
14:35:41,UNVR,RG,4420,46,F,KZ,BK,D
14:35:37,UNVR,RG,4420,109,F,KZ,DX,F
14:35:36,UNVR,RG,4430,174,D,IP,CS,F
14:35:34,UNVR,RG,4430,5,D,SQ,CS,F
14:35:34,UNVR,RG,4430,127,D,BB,CS,F
14:35:21,UNVR,RG,4430,5,D,SQ,CS,F
14:35:16,UNVR,RG,4430,27,D,BB,CS,F
14:35:07,UNVR,RG,4430,5,D,BB,CS,F
14:35:07,UNVR,RG,4420,1,F,KZ,DH,D
14:35:01,UNVR,RG,4430,5,D,SQ,CS,F
14:35:00,UNVR,RG,4430,48,D,BB,CS,F
14:34:59,UNVR,RG,4420,11,F,KZ,ZP,F
14:34:58,UNVR,RG,4420,91,F,KZ,DX,F
14:34:57,UNVR,RG,4430,69,D,BB,CS,F
14:34:50,UNVR,RG,4430,5,D,SQ,CS,F
14:34:50,UNVR,RG,4420,45,F,KZ,BK,D
14:34:50,UNVR,RG,4420,10,D,YU,BK,D
14:34:50,UNVR,RG,4420,11,D,YP,BK,D
14:34:46,UNVR,RG,4420,3,D,YP,PD,D
14:34:45,UNVR,RG,4420,40,D,YP,AK,D
14:34:35,UNVR,RG,4430,40,D,BB,CS,F
14:34:29,UNVR,RG,4430,4,D,CC,CS,F
14:34:23,UNVR,RG,4420,46,D,YP,YP,D
14:34:23,UNVR,RG,4420,4,D,OD,YP,D
14:34:21,UNVR,RG,4430,24,D,BB,CS,F
14:34:18,UNVR,RG,4430,7,D,BB,CS,F
14:34:11,UNVR,RG,4420,6,D,OD,DX,F
14:34:11,UNVR,RG,4420,10,D,PD,DX,F
14:34:11,UNVR,RG,4420,1,D,CC,DX,F
14:34:11,UNVR,RG,4420,2,D,SQ,DX,F
14:34:11,UNVR,RG,4420,5,D,LG,DX,F
14:34:11,UNVR,RG,4420,1,D,PD,DX,F
14:34:11,UNVR,RG,4420,50,D,NI,DX,F
14:34:11,UNVR,RG,4420,7,D,CC,DX,F
14:34:10,UNVR,RG,4430,47,D,BB,CS,F
14:34:09,UNVR,RG,4430,81,D,BB,CS,F
14:34:06,UNVR,RG,4420,1,D,XC,DH,D
14:34:06,UNVR,RG,4420,1,D,XC,DH,D
14:34:06,UNVR,RG,4420,1,D,XC,DH,D
14:34:06,UNVR,RG,4420,3,D,CC,DH,D
14:34:06,UNVR,RG,4420,1,D,XC,DH,D
14:34:06,UNVR,RG,4430,5,D,PD,KK,D
14:34:06,UNVR,RG,4420,1,D,XC,BK,D
14:34:06,UNVR,RG,4420,1,D,YP,BK,D
14:34:06,UNVR,RG,4420,5,D,YP,BK,D
14:34:06,UNVR,RG,4420,1,D,PD,BK,D
14:34:06,UNVR,RG,4420,44,D,CC,BK,D
14:34:03,UNVR,RG,4420,24,D,CC,DX,F
14:34:03,UNVR,RG,4420,5,D,PD,DX,F
14:34:03,UNVR,RG,4420,5,D,PD,DX,F
14:34:03,UNVR,RG,4420,3,D,YP,DX,F
14:34:03,UNVR,RG,4420,1,D,PD,DX,F
14:34:03,UNVR,RG,4420,5,D,YP,DX,F
14:34:03,UNVR,RG,4420,45,D,PD,DX,F
14:34:03,UNVR,RG,4420,2,D,PD,DX,F
14:34:03,UNVR,RG,4420,2,D,PD,DX,F
14:34:03,UNVR,RG,4420,2,D,PD,DX,F
14:34:03,UNVR,RG,4420,1,D,PD,DX,F
14:34:02,UNVR,RG,4420,1,D,PD,YP,D
14:34:02,UNVR,RG,4420,11,D,DH,YP,D
14:34:02,UNVR,RG,4420,3,D,PD,YP,D
14:34:02,UNVR,RG,4420,100,D,YP,YP,D
14:34:02,UNVR,RG,4420,5,D,YP,YP,D
14:34:02,UNVR,RG,4420,1,D,PD,YP,D
14:34:02,UNVR,RG,4420,1,D,YP,YP,D
14:34:02,UNVR,RG,4420,1,D,DH,YP,D
14:34:02,UNVR,RG,4420,33,D,DR,YP,D
14:34:02,UNVR,RG,4420,1,D,SQ,YP,D
14:34:02,UNVR,RG,4420,3,D,SQ,YP,D
14:34:02,UNVR,RG,4420,2,D,YB,YP,D
14:34:02,UNVR,RG,4420,20,D,CC,YP,D
14:34:02,UNVR,RG,4420,10,D,PD,YP,D
14:34:02,UNVR,RG,4420,2,D,PD,YP,D
14:34:02,UNVR,RG,4420,5,D,PD,YP,D
14:34:02,UNVR,RG,4420,5,D,KK,YP,D
14:34:02,UNVR,RG,4420,1,D,DH,YP,D
14:34:02,UNVR,RG,4420,20,D,GR,YP,D
14:34:01,UNVR,RG,4430,1,D,YU,KK,D
14:34:01,UNVR,RG,4430,41,D,BB,KK,D
14:34:01,UNVR,RG,4430,3,D,BB,ZP,F
14:34:01,UNVR,RG,4430,6,D,BB,DX,F
14:34:01,UNVR,RG,4430,24,D,BB,DX,F
14:34:01,UNVR,RG,4430,61,D,BB,DX,F
14:34:00,UNVR,RG,4430,6,F,YU,DX,F
14:33:50,UNVR,RG,4420,24,D,GR,BK,D
14:33:45,UNVR,RG,4420,71,D,GR,DX,F
14:33:45,UNVR,RG,4420,1,D,GR,XC,D
14:33:44,UNVR,RG,4430,4,D,PD,DX,F
14:33:43,UNVR,RG,4420,13,D,GR,AK,F
14:33:42,UNVR,RG,4430,4,F,CS,DX,F
14:33:35,UNVR,RG,4430,100,D,YP,DX,F
14:33:31,UNVR,RG,4430,11,D,BB,DX,F
14:33:31,UNVR,RG,4430,13,D,BB,DX,F
14:33:24,UNVR,RG,4420,18,D,GR,KK,D
14:33:24,UNVR,RG,4420,3,D,GR,XC,D
14:33:24,UNVR,RG,4430,6,D,BB,DX,F
14:33:22,UNVR,RG,4430,47,D,BB,DX,F
14:33:14,UNVR,RG,4420,69,D,GR,DX,F
14:33:13,UNVR,RG,4430,69,D,BB,DX,F
14:33:07,UNVR,RG,4420,6,D,GR,YP,D
14:33:05,UNVR,RG,4430,4,D,XC,DX,F
14:33:04,UNVR,RG,4430,7,F,YP,DX,F
14:33:04,UNVR,RG,4430,3,F,YP,DX,F
14:33:00,UNVR,RG,4420,62,D,GR,BK,D
14:32:59,UNVR,RG,4420,2,D,GR,NI,D
14:32:49,UNVR,RG,4430,42,D,BB,DX,F
14:32:46,UNVR,RG,4420,71,D,GR,DX,F
14:32:45,UNVR,RG,4420,59,D,GR,AK,D
14:32:42,UNVR,RG,4430,25,D,BB,DX,F
14:32:36,UNVR,RG,4420,1,D,GR,PD,D
14:32:33,UNVR,RG,4420,5,D,GR,PD,D
14:32:33,UNVR,RG,4430,55,D,BB,DX,F
14:32:31,UNVR,RG,4430,5,D,BB,DX,F
14:32:25,UNVR,RG,4430,2,D,YU,DX,F
14:32:24,UNVR,RG,4430,29,D,BB,DX,F
14:32:24,UNVR,RG,4430,40,D,BB,BK,F
14:32:22,UNVR,RG,4430,129,D,BB,BK,F
14:32:21,UNVR,RG,4430,3,D,YU,BK,F
14:32:16,UNVR,RG,4430,1,D,PD,BK,F
14:32:09,UNVR,RG,4420,65,D,GR,BK,D
14:32:03,UNVR,RG,4420,5,D,GR,PD,D
14:31:51,UNVR,RG,4430,27,D,BB,BK,F
14:31:43,UNVR,RG,4430,7,D,BB,BK,F
14:31:37,UNVR,RG,4430,68,D,BB,BK,F
14:31:36,UNVR,RG,4430,46,D,BB,BK,F
14:31:30,UNVR,RG,4420,5,D,GR,AK,F
14:31:30,UNVR,RG,4420,10,D,GR,AK,F
14:31:28,UNVR,RG,4420,43,D,GR,AK,D
14:31:13,UNVR,RG,4420,66,D,GR,BK,D
14:31:09,UNVR,RG,4430,10,D,EP,BK,F
14:30:57,UNVR,RG,4430,4,F,CS,BK,F
14:30:56,UNVR,RG,4430,7,D,BB,BK,F
14:30:56,UNVR,RG,4430,5,D,BB,BK,F
14:30:50,UNVR,RG,4430,7,D,BB,BK,F
14:30:50,UNVR,RG,4430,12,D,BB,DX,F
14:30:49,UNVR,RG,4430,8,D,BB,DX,F
14:30:49,UNVR,RG,4430,1,D,BB,DX,F
14:30:49,UNVR,RG,4430,13,D,BB,DX,F
14:30:45,UNVR,RG,4430,9,D,BB,DX,F
14:30:45,UNVR,RG,4430,2,D,BB,DX,F
14:30:40,UNVR,RG,4420,15,D,GR,BK,F
14:30:37,UNVR,RG,4430,4,D,BB,DX,F
14:30:37,UNVR,RG,4430,20,D,BB,DX,F
14:30:36,UNVR,RG,4430,1,D,BB,DX,F
14:30:35,UNVR,RG,4430,2,D,CC,DX,F
14:30:35,UNVR,RG,4430,6,D,BB,DX,F
14:30:35,UNVR,RG,4430,1,D,KK,DX,F
14:30:34,UNVR,RG,4420,12,D,GR,BK,F
14:30:34,UNVR,RG,4430,10,D,BB,DX,F
14:30:34,UNVR,RG,4420,50,D,GR,BK,D
14:30:30,UNVR,RG,4430,4,D,BB,DX,F
14:30:29,UNVR,RG,4430,7,D,BB,DX,F
14:30:29,UNVR,RG,4430,1,D,BB,DX,F
14:30:28,UNVR,RG,4430,6,D,PD,DX,F
14:30:27,UNVR,RG,4430,18,D,BB,DX,F
14:30:27,UNVR,RG,4430,8,D,BB,DX,F
14:30:20,UNVR,RG,4430,11,D,BB,DX,F
14:30:20,UNVR,RG,4430,3,D,BB,DX,F
14:30:20,UNVR,RG,4430,1,D,BB,DX,F
14:30:19,UNVR,RG,4430,2,D,PD,DX,F
14:30:11,UNVR,RG,4430,16,D,BB,DX,F
14:30:10,UNVR,RG,4430,4,D,BB,DX,F
14:30:08,UNVR,RG,4430,2,D,BB,DX,F
14:30:06,UNVR,RG,4420,17,D,GR,BK,F
14:30:05,UNVR,RG,4430,10,D,BB,DX,F
14:30:03,UNVR,RG,4420,8,D,GR,AK,F
14:30:01,UNVR,RG,4430,6,D,BB,DX,F
14:30:00,UNVR,RG,4430,10,D,BB,DX,F
14:30:00,UNVR,RG,4420,58,D,GR,AK,D
14:29:59,UNVR,RG,4430,1,D,DH,DX,F
14:29:55,UNVR,RG,4430,12,D,BB,DX,F
14:29:55,UNVR,RG,4430,1,D,BB,DX,F
14:29:54,UNVR,RG,4430,8,D,BB,DX,F
14:29:53,UNVR,RG,4420,15,D,GR,BK,F
14:29:48,UNVR,RG,4430,3,D,BB,DX,F
14:29:47,UNVR,RG,4430,7,D,BB,DX,F
14:29:46,UNVR,RG,4430,2,D,SQ,DX,F
14:29:42,UNVR,RG,4430,1,D,BB,DX,F
14:29:39,UNVR,RG,4420,63,D,GR,BK,D
14:29:36,UNVR,RG,4420,5,D,GR,DR,D
14:29:27,UNVR,RG,4430,1,D,BB,DX,F
14:29:14,UNVR,RG,4420,10,D,GR,NI,D
14:29:13,UNVR,RG,4430,1,D,BB,DX,F
14:29:08,UNVR,RG,4420,20,D,GR,BK,F
14:29:08,UNVR,RG,4420,1,D,GR,XC,D
14:29:03,UNVR,RG,4420,52,D,GR,DX,F
14:29:03,UNVR,RG,4420,20,D,GR,CC,D
14:28:59,UNVR,RG,4420,35,D,GR,BK,D
14:28:59,UNVR,RG,4420,13,D,SQ,BK,D
14:28:45,UNVR,RG,4420,19,D,SQ,BK,F
14:28:43,UNVR,RG,4420,18,D,SQ,AK,D
14:28:43,UNVR,RG,4420,10,D,HP,AK,D
14:28:43,UNVR,RG,4420,10,D,PD,AK,D
14:28:43,UNVR,RG,4420,1,D,AT,AK,D
14:28:43,UNVR,RG,4420,1,D,AT,AK,D
14:28:43,UNVR,RG,4420,1,D,PD,AK,D
14:28:43,UNVR,RG,4420,2,D,PD,AK,D
14:28:43,UNVR,RG,4420,7,D,GR,AK,D
14:28:26,UNVR,RG,4430,30,D,GR,DX,F
14:28:25,UNVR,RG,4420,3,D,GR,BK,D
14:28:25,UNVR,RG,4420,39,D,LG,BK,D
14:28:15,UNVR,RG,4420,5,D,AT,BK,F
14:28:15,UNVR,RG,4420,2,D,PD,BK,F
14:28:15,UNVR,RG,4420,1,D,CC,BK,F
14:28:15,UNVR,RG,4420,5,D,YP,BK,F
14:28:15,UNVR,RG,4430,8,D,ZR,DX,F
14:28:15,UNVR,RG,4430,42,D,ZR,DX,F
14:28:11,UNVR,RG,4420,5,D,YP,XC,D
14:28:10,UNVR,RG,4430,4,D,NI,DX,F
14:28:03,UNVR,RG,4420,8,D,YP,BK,F
14:28:03,UNVR,RG,4420,1,D,YP,BK,F
14:28:03,UNVR,RG,4420,10,D,DH,BK,F
14:28:03,UNVR,RG,4420,4,D,YP,BK,F
14:28:03,UNVR,RG,4420,1,D,YP,BK,D
14:28:03,UNVR,RG,4420,1,D,PD,BK,D
14:28:03,UNVR,RG,4420,3,D,YP,BK,D
14:28:03,UNVR,RG,4420,1,D,DH,BK,D
14:28:03,UNVR,RG,4420,1,D,KK,BK,D
14:28:03,UNVR,RG,4420,2,D,PD,BK,D
14:28:03,UNVR,RG,4420,1,D,PD,BK,D
14:28:03,UNVR,RG,4420,1,D,PD,BK,D
14:28:03,UNVR,RG,4420,1,D,AT,BK,D
14:28:03,UNVR,RG,4420,1,D,PD,BK,D
14:28:03,UNVR,RG,4420,1,D,YB,BK,D
14:28:03,UNVR,RG,4420,1,D,XC,BK,D
14:28:03,UNVR,RG,4420,1,D,PD,BK,D
14:28:03,UNVR,RG,4420,2,D,YP,BK,D
14:28:03,UNVR,RG,4420,3,D,YP,BK,D
14:28:03,UNVR,RG,4420,1,D,PD,BK,D
14:28:03,UNVR,RG,4420,1,D,KK,BK,D
14:28:03,UNVR,RG,4420,3,D,NI,BK,D
14:27:58,UNVR,RG,4420,3,D,NI,DX,F
14:27:58,UNVR,RG,4420,2,D,YP,DX,F
14:27:58,UNVR,RG,4420,1,D,MG,DX,F
14:27:58,UNVR,RG,4420,42,F,KZ,DX,F
14:27:58,UNVR,RG,4420,17,F,KZ,BK,F
14:27:54,UNVR,RG,4420,128,F,KZ,BK,F
14:27:52,UNVR,RG,4420,47,F,KZ,DX,F
14:27:51,UNVR,RG,4420,79,F,KZ,DX,F
14:27:50,UNVR,RG,4420,132,F,KZ,DX,F
14:27:49,UNVR,RG,4430,8,D,BB,DX,F
14:27:49,UNVR,RG,4430,90,D,BB,DX,F
14:27:49,UNVR,RG,4420,219,F,KZ,BK,F
14:27:49,UNVR,RG,4430,70,D,BB,DX,F
14:27:49,UNVR,RG,4430,12,D,BB,DX,F
14:27:49,UNVR,RG,4430,11,D,BB,DX,F
14:27:49,UNVR,RG,4430,64,D,BB,DX,F
14:27:49,UNVR,RG,4430,31,D,BB,DX,F
14:27:49,UNVR,RG,4420,204,F,KZ,DX,F
14:27:48,UNVR,RG,4420,68,F,KZ,DX,F
14:27:47,UNVR,RG,4430,5,F,KZ,CS,F
14:27:47,UNVR,RG,4430,10,D,CC,CS,F
14:27:47,UNVR,RG,4430,1,D,NI,CS,F
14:27:47,UNVR,RG,4430,5,D,YP,CS,F
14:27:47,UNVR,RG,4430,107,F,KZ,CS,F
14:27:47,UNVR,RG,4430,118,D,BB,CS,F
14:27:47,UNVR,RG,4430,9,D,BB,CS,F
14:27:47,UNVR,RG,4430,39,D,BB,CS,F
14:27:47,UNVR,RG,4430,81,D,BB,CS,F
14:27:47,UNVR,RG,4430,30,D,BB,CS,F
14:27:47,UNVR,RG,4430,126,D,BB,CS,F
14:27:47,UNVR,RG,4430,117,F,KZ,CS,F
14:27:47,UNVR,RG,4430,12,D,PD,CS,F
14:27:47,UNVR,RG,4430,30,F,AK,CS,F
14:27:47,UNVR,RG,4430,500,D,YP,CS,F
14:27:47,UNVR,RG,4430,4,D,NI,CS,F
14:27:47,UNVR,RG,4430,10,D,SQ,CS,F
14:27:47,UNVR,RG,4430,1,D,XC,CS,F
14:27:47,UNVR,RG,4430,8,D,PD,CS,F
14:27:47,UNVR,RG,4430,1,D,YP,CS,F
14:27:47,UNVR,RG,4430,2,D,AI,CS,F
14:27:47,UNVR,RG,4430,1,D,XC,CS,F
14:27:47,UNVR,RG,4430,10,F,YP,CS,F
14:27:47,UNVR,RG,4430,4,D,AT,CS,F
14:27:47,UNVR,RG,4430,60,D,KK,CS,F
14:27:47,UNVR,RG,4430,7,D,YP,CS,F
14:27:47,UNVR,RG,4430,20,D,YP,CS,F
14:27:47,UNVR,RG,4430,1,F,ZP,CS,F
14:27:47,UNVR,RG,4430,1,D,PD,CS,F
14:27:47,UNVR,RG,4430,30,D,CC,CS,F
14:27:47,UNVR,RG,4430,1,D,XC,CS,F
14:27:47,UNVR,RG,4430,2,D,XC,CS,F
14:27:47,UNVR,RG,4430,1,D,DH,CS,F
14:27:47,UNVR,RG,4430,12,D,XC,CS,F
14:27:47,UNVR,RG,4430,1,D,YP,CS,F
14:27:47,UNVR,RG,4430,1,D,NI,CS,F
14:27:47,UNVR,RG,4430,10,D,CC,CS,F
14:27:47,UNVR,RG,4430,3,D,DH,CS,F
14:27:47,UNVR,RG,4430,1,D,PC,CS,F
14:27:47,UNVR,RG,4430,10,F,YP,CS,F
14:27:47,UNVR,RG,4430,1,D,DR,CS,F
14:27:47,UNVR,RG,4430,1,D,DH,CS,F
14:27:47,UNVR,RG,4430,2,D,CC,CS,F
14:27:47,UNVR,RG,4430,3,D,CC,CS,F
14:27:47,UNVR,RG,4430,1,D,XC,CS,F
14:27:47,UNVR,RG,4430,1,D,CC,CS,F
14:27:47,UNVR,RG,4430,1,D,PD,CS,F
14:27:47,UNVR,RG,4430,1,D,PD,CS,F
14:27:47,UNVR,RG,4430,10,D,AG,CS,F
14:27:47,UNVR,RG,4430,10,D,XC,CS,F
14:27:47,UNVR,RG,4430,1,D,XC,CS,F
14:27:47,UNVR,RG,4430,1,F,CS,CS,F
14:27:47,UNVR,RG,4430,5,D,PD,CS,F
14:27:47,UNVR,RG,4430,3,D,YP,CS,F
14:27:47,UNVR,RG,4430,3,F,YU,CS,F
14:27:47,UNVR,RG,4430,2,D,CC,CS,F
14:27:47,UNVR,RG,4430,4,D,IH,CS,F
14:27:47,UNVR,RG,4430,3,F,CS,CS,F
14:27:47,UNVR,RG,4430,5,D,PD,CS,F
14:27:47,UNVR,RG,4430,1,D,PD,CS,F
14:27:47,UNVR,RG,4430,50,D,YP,CS,F
14:27:47,UNVR,RG,4430,4,D,PD,CS,F
14:27:47,UNVR,RG,4430,60,F,AK,CS,F
14:27:47,UNVR,RG,4430,1,D,KK,CS,F
14:27:47,UNVR,RG,4430,1,D,XC,CS,F
14:27:47,UNVR,RG,4430,1,F,ZP,CS,F
14:27:47,UNVR,RG,4430,25,D,PD,CS,F
14:27:47,UNVR,RG,4430,11,D,YP,CS,F
14:27:45,UNVR,RG,4430,7,D,YP,AK,F
14:27:38,UNVR,RG,4430,7,D,YP,BK,D
14:27:38,UNVR,RG,4430,10,D,YP,BK,D
14:27:38,UNVR,RG,4430,2,D,YP,BK,D
14:27:38,UNVR,RG,4430,3,F,YU,BK,D
14:27:38,UNVR,RG,4430,3,F,KZ,BK,D
14:27:38,UNVR,RG,4430,1,F,KZ,BK,D
14:27:38,UNVR,RG,4430,2,F,KZ,BK,D
14:27:37,UNVR,RG,4430,1,F,KZ,YP,D
14:27:36,UNVR,RG,4430,6,F,KZ,DX,F
14:27:36,UNVR,RG,4430,2,F,KZ,DX,F
14:27:36,UNVR,RG,4430,2,D,CC,DX,F
14:27:36,UNVR,RG,4430,2,D,KK,DX,F
14:27:36,UNVR,RG,4430,1,D,NI,DX,F
14:27:36,UNVR,RG,4430,4,D,PD,DX,F
14:27:35,UNVR,RG,4430,5,D,PD,BK,F
14:27:35,UNVR,RG,4430,1,D,NI,BK,F
14:27:35,UNVR,RG,4430,1,D,SQ,BK,F
14:27:35,UNVR,RG,4430,1,D,PD,BK,F
14:27:35,UNVR,RG,4430,5,D,PD,BK,F
14:27:35,UNVR,RG,4430,1,F,KZ,BK,F
14:27:35,UNVR,RG,4430,2,D,PD,BK,F
14:27:30,UNVR,RG,4430,1,D,YP,BK,F
14:27:30,UNVR,RG,4430,1,F,KZ,BK,F
14:27:30,UNVR,RG,4430,5,D,PD,BK,F
14:27:30,UNVR,RG,4430,1,F,KZ,BK,F
14:27:30,UNVR,RG,4430,9,F,KZ,BK,F
14:27:30,UNVR,RG,4430,21,F,KZ,DX,F
14:27:30,UNVR,RG,4430,31,F,KZ,AK,D
14:27:30,UNVR,RG,4430,19,D,BB,AK,D
14:27:28,UNVR,RG,4430,3,D,BB,DX,F
14:27:28,UNVR,RG,4430,6,D,BB,DX,F
14:27:28,UNVR,RG,4430,1,D,BB,DX,F
14:27:28,UNVR,RG,4430,5,D,BB,DX,F
14:27:28,UNVR,RG,4430,1,D,BB,BK,F
14:27:28,UNVR,RG,4430,4,D,BB,BK,F
14:27:28,UNVR,RG,4430,5,D,BB,BK,F
14:27:28,UNVR,RG,4430,1,D,PD,BK,F
14:27:28,UNVR,RG,4430,2,D,PD,BK,F
14:27:28,UNVR,RG,4430,25,D,CC,BK,F
14:27:28,UNVR,RG,4430,1,D,KK,BK,F
14:27:28,UNVR,RG,4430,2,F,KZ,BK,F
14:27:28,UNVR,RG,4430,5,D,SQ,BK,F
14:27:27,UNVR,RG,4430,5,D,SQ,DX,F
14:27:27,UNVR,RG,4430,19,D,PD,DX,F
14:27:26,UNVR,RG,4430,6,D,PD,DX,F
14:27:26,UNVR,RG,4430,1,D,CC,DX,F
14:27:26,UNVR,RG,4430,3,D,YP,DX,F
14:27:26,UNVR,RG,4430,1,D,XC,DX,F
14:27:26,UNVR,RG,4430,1,D,PD,DX,F
14:27:26,UNVR,RG,4430,6,F,KZ,DX,F
14:27:26,UNVR,RG,4430,7,D,PD,DX,F
14:27:26,UNVR,RG,4430,3,D,CC,DX,F
14:27:26,UNVR,RG,4430,12,D,YP,DX,F
14:27:25,UNVR,RG,4430,27,D,YP,YU,D
14:27:25,UNVR,RG,4430,2,D,YP,YU,D
14:27:25,UNVR,RG,4430,1,D,PD,YU,D
14:27:25,UNVR,RG,4430,3,D,CC,YU,D
14:27:25,UNVR,RG,4430,1,D,YP,YU,D
14:27:25,UNVR,RG,4430,2,D,IF,YU,D
14:27:25,UNVR,RG,4430,50,D,YP,YU,D
14:27:25,UNVR,RG,4430,3,D,NI,YU,D
14:27:25,UNVR,RG,4430,2,D,YP,YU,D
14:27:25,UNVR,RG,4430,54,F,KZ,YU,D
14:27:25,UNVR,RG,4430,35,F,KZ,YU,D
14:27:25,UNVR,RG,4430,20,D,CC,YU,D
14:27:25,UNVR,RG,4430,32,F,KZ,YU,D
14:27:25,UNVR,RG,4430,2,D,NI,YU,D
14:27:25,UNVR,RG,4430,16,F,KZ,YU,D
14:27:24,UNVR,RG,4430,12,F,KZ,DX,F
14:27:23,UNVR,RG,4430,21,F,KZ,BK,F
14:27:23,UNVR,RG,4430,1,F,KZ,DH,D
14:27:21,UNVR,RG,4430,15,F,KZ,DX,F
14:27:21,UNVR,RG,4430,31,F,KZ,CC,D
14:27:21,UNVR,RG,4430,4,D,CC,CC,D
14:27:21,UNVR,RG,4430,1,D,PD,CC,D
14:27:21,UNVR,RG,4430,1,D,SQ,CC,D
14:27:21,UNVR,RG,4430,1,D,CC,CC,D
14:27:21,UNVR,RG,4430,1,D,CC,CC,D
14:27:21,UNVR,RG,4430,27,D,YP,CC,D
14:27:20,UNVR,RG,4430,10,D,YP,DX,F
14:27:19,UNVR,RG,4430,13,D,YP,DX,F
14:27:19,UNVR,RG,4430,2,D,NI,DX,F
14:27:19,UNVR,RG,4430,2,D,DR,DX,F
14:27:18,UNVR,RG,4430,3,D,DR,SQ,D
14:27:18,UNVR,RG,4430,1,D,DR,SQ,D
14:27:18,UNVR,RG,4430,1,D,XC,SQ,D
14:27:18,UNVR,RG,4430,1,D,PD,SQ,D
14:27:18,UNVR,RG,4430,1,D,CC,SQ,D
14:27:18,UNVR,RG,4430,2,D,PD,SQ,D
14:27:18,UNVR,RG,4430,3,D,PD,SQ,D
14:27:18,UNVR,RG,4430,1,D,XC,SQ,D
14:27:18,UNVR,RG,4430,1,D,SQ,SQ,D
14:27:18,UNVR,RG,4430,3,D,KK,SQ,D
14:27:18,UNVR,RG,4430,5,D,PD,SQ,D
14:27:18,UNVR,RG,4430,38,D,YP,SQ,D
14:27:16,UNVR,RG,4430,12,D,YP,BK,D
14:27:16,UNVR,RG,4430,1,D,XC,BK,D
14:27:16,UNVR,RG,4430,1,D,PD,BK,D
14:27:16,UNVR,RG,4430,3,D,YP,BK,D
14:27:16,UNVR,RG,4430,2,D,PD,BK,D
14:27:16,UNVR,RG,4430,1,D,KK,BK,D
14:27:16,UNVR,RG,4430,6,D,KK,BK,D
14:27:16,UNVR,RG,4430,9,D,KK,DX,F
14:27:15,UNVR,RG,4430,1,D,SQ,PD,D
14:27:15,UNVR,RG,4430,2,D,AT,PD,D
14:27:15,UNVR,RG,4430,2,D,PD,PD,D
14:27:11,UNVR,RG,4430,1,D,PD,BK,F
14:27:11,UNVR,RG,4430,1,D,AZ,BK,F
14:27:11,UNVR,RG,4430,2,D,SQ,BK,F
14:27:11,UNVR,RG,4430,9,D,AI,BK,F
14:27:09,UNVR,RG,4430,11,D,AI,DX,F
14:27:08,UNVR,RG,4430,27,D,AI,BK,F
14:27:07,UNVR,RG,4430,3,D,AI,DX,F
14:27:07,UNVR,RG,4430,5,D,GR,DX,F
14:27:07,UNVR,RG,4430,1,D,PD,DX,F
14:27:07,UNVR,RG,4430,2,D,PD,DX,F
14:27:07,UNVR,RG,4430,1,D,CC,DX,F
14:27:06,UNVR,RG,4430,13,D,PD,DX,F
14:27:06,UNVR,RG,4430,1,D,XC,DX,F
14:27:06,UNVR,RG,4430,2,D,PD,DX,F
14:27:06,UNVR,RG,4430,1,D,NI,DX,F
14:27:06,UNVR,RG,4430,2,D,PD,DX,F
14:27:06,UNVR,RG,4430,1,D,PD,DX,F
14:27:05,UNVR,RG,4430,1,D,PD,DX,F
14:27:05,UNVR,RG,4430,2,D,NI,DX,F
14:27:05,UNVR,RG,4430,2,D,NI,DX,F
14:27:05,UNVR,RG,4430,1,D,PD,DX,F
14:27:05,UNVR,RG,4430,1,D,YP,DX,F
14:27:05,UNVR,RG,4430,2,D,PD,DX,F
14:27:05,UNVR,RG,4430,10,D,DR,DX,F
14:27:05,UNVR,RG,4430,14,F,KZ,DX,F
14:27:04,UNVR,RG,4430,12,F,KZ,BK,F
14:27:04,UNVR,RG,4440,1,F,KZ,DX,F
14:27:04,UNVR,RG,4440,4,F,KZ,DX,F
14:27:04,UNVR,RG,4440,133,F,KZ,DX,F
14:27:04,UNVR,RG,4440,71,F,KZ,DX,F
14:27:04,UNVR,RG,4440,1,F,KZ,DX,F
14:27:04,UNVR,RG,4440,1,F,KZ,DX,F
14:27:03,UNVR,RG,4430,1,F,KZ,PD,D
14:27:00,UNVR,RG,4430,5,F,KZ,AK,F
14:26:55,UNVR,RG,4430,5,F,KZ,DX,F
14:26:54,UNVR,RG,4440,3,F,KZ,DX,F
14:26:54,UNVR,RG,4440,3,F,KZ,DX,F
14:26:54,UNVR,RG,4440,4,F,KZ,DX,F
14:26:54,UNVR,RG,4440,3,F,KZ,DX,F
14:26:41,UNVR,RG,4430,4,F,KZ,DX,F
14:26:40,UNVR,RG,4440,7,F,YU,DX,F
14:26:35,UNVR,RG,4430,2,F,KZ,ZP,F
14:26:33,UNVR,RG,4430,6,F,KZ,DX,F
14:26:32,UNVR,RG,4430,9,F,KZ,DX,F
14:26:32,UNVR,RG,4430,51,F,KZ,BK,D
14:26:03,UNVR,RG,4430,4,F,KZ,DX,F
14:26:02,UNVR,RG,4430,18,F,KZ,BK,F
14:26:01,UNVR,RG,4430,4,F,KZ,DX,F
14:26:00,UNVR,RG,4430,4,F,KZ,DX,F
14:26:00,UNVR,RG,4430,7,F,KZ,AK,F
14:25:59,UNVR,RG,4430,6,F,KZ,DX,F
14:25:58,UNVR,RG,4430,10,F,KZ,DX,F
14:25:57,UNVR,RG,4430,12,F,KZ,BK,F
14:25:57,UNVR,RG,4430,15,F,KZ,DX,F
14:25:56,UNVR,RG,4430,100,F,KZ,YP,D
14:25:53,UNVR,RG,4430,4,F,KZ,DX,F
14:25:52,UNVR,RG,4430,14,F,KZ,BK,F
14:25:50,UNVR,RG,4430,4,F,KZ,DX,F
14:25:49,UNVR,RG,4430,5,F,KZ,DX,F
14:25:48,UNVR,RG,4430,16,F,KZ,BK,F
14:25:48,UNVR,RG,4430,5,F,KZ,DX,F
14:25:47,UNVR,RG,4430,7,F,KZ,DX,F
14:25:46,UNVR,RG,4430,12,F,KZ,DX,F
14:25:45,UNVR,RG,4430,7,F,KZ,DX,F
14:25:45,UNVR,RG,4430,57,F,KZ,AK,D
14:25:44,UNVR,RG,4430,54,F,KZ,BK,D
14:25:36,UNVR,RG,4440,4,F,CS,DX,F
14:25:36,UNVR,RG,4440,1,D,PD,DX,F
14:25:30,UNVR,RG,4430,5,F,KZ,DR,D
14:25:20,UNVR,RG,4430,17,F,KZ,ZP,F
14:25:17,UNVR,RG,4430,31,F,KZ,BK,D
14:25:13,UNVR,RG,4430,16,F,KZ,BK,F
14:25:12,UNVR,RG,4430,6,F,KZ,AK,F
14:25:11,UNVR,RG,4430,73,F,KZ,PD,D
14:24:40,UNVR,RG,4430,1,F,KZ,KK,D
14:24:29,UNVR,RG,4430,13,F,KZ,BK,F
14:24:28,UNVR,RG,4430,56,F,KZ,BK,D
14:24:07,UNVR,RG,4430,2,F,KZ,NI,D
14:23:58,UNVR,RG,4440,2,D,PD,DX,F
14:23:55,UNVR,RG,4430,36,F,KZ,BK,D
14:23:48,UNVR,RG,4430,15,F,KZ,BK,F
14:23:46,UNVR,RG,4430,30,F,KZ,HP,D
14:23:45,UNVR,RG,4430,13,F,KZ,AK,F
14:23:20,UNVR,RG,4440,6,F,YU,DX,F
14:23:18,UNVR,RG,4430,12,F,KZ,BK,F
14:23:17,UNVR,RG,4430,100,F,KZ,YP,D
14:23:00,UNVR,RG,4430,58,F,KZ,AK,D
14:22:58,UNVR,RG,4430,15,F,KZ,BK,F
14:22:56,UNVR,RG,4430,60,F,KZ,BK,D
14:22:45,UNVR,RG,4430,7,F,KZ,AK,F
14:22:41,UNVR,RG,4440,4,F,CS,DX,F
14:22:24,UNVR,RG,4430,5,F,KZ,SQ,D
14:22:20,UNVR,RG,4430,10,F,KZ,NI,D
14:22:13,UNVR,RG,4430,12,F,KZ,BK,F
14:22:11,UNVR,RG,4440,4,D,KK,DX,F
14:22:10,UNVR,RG,4430,50,F,KZ,BK,D
14:21:56,UNVR,RG,4440,1,D,PD,DX,F
14:21:53,UNVR,RG,4440,5,D,PD,DX,F
14:21:48,UNVR,RG,4440,1,D,PD,DX,F
14:21:46,UNVR,RG,4440,2,D,CC,DX,F
14:21:39,UNVR,RG,4440,3,D,YU,DX,F
14:21:21,UNVR,RG,4430,49,F,KZ,BK,D
14:20:46,UNVR,RG,4430,3,F,KZ,XC,D
14:20:29,UNVR,RG,4430,14,F,KZ,BK,F
14:20:25,UNVR,RG,4430,2,F,KZ,NI,D
14:20:25,UNVR,RG,4430,57,F,KZ,BK,D
14:20:15,UNVR,RG,4430,8,F,KZ,AK,F
14:20:02,UNVR,RG,4430,1,F,KZ,YP,D
14:19:56,UNVR,RG,4440,1,D,NI,DX,F
14:19:41,UNVR,RG,4430,44,F,KZ,BK,D
14:19:15,UNVR,RG,4430,25,F,KZ,BK,D
14:19:04,UNVR,RG,4440,1,D,SQ,DX,F
14:18:56,UNVR,RG,4440,1,D,DH,DX,F
14:18:36,UNVR,RG,4440,1,D,BB,DX,F
14:18:36,UNVR,RG,4440,1,D,BB,DX,F
14:18:34,UNVR,RG,4440,1,D,BB,DX,F
14:18:34,UNVR,RG,4440,1,D,BB,DX,F
14:18:34,UNVR,RG,4440,1,D,BB,DX,F
14:18:33,UNVR,RG,4440,2,D,KK,DX,F
14:18:32,UNVR,RG,4440,1,D,PD,DX,F
14:18:18,UNVR,RG,4440,1,D,BB,DX,F
14:18:18,UNVR,RG,4440,2,D,BB,DX,F
14:18:18,UNVR,RG,4440,1,D,BB,DX,F
14:18:18,UNVR,RG,4440,2,D,BB,DX,F
14:18:17,UNVR,RG,4440,1,D,BB,DX,F
14:18:17,UNVR,RG,4440,1,D,BB,DX,F
14:18:17,UNVR,RG,4440,1,D,BB,DX,F
14:18:16,UNVR,RG,4430,21,F,KZ,BK,F
14:18:15,UNVR,RG,4440,5,D,BB,DX,F
14:18:15,UNVR,RG,4440,3,D,BB,DX,F
14:18:15,UNVR,RG,4440,2,D,BB,DX,F
14:18:15,UNVR,RG,4440,2,D,BB,DX,F
14:18:15,UNVR,RG,4440,4,D,BB,DX,F
14:18:13,UNVR,RG,4430,58,F,KZ,BK,D
14:18:07,UNVR,RG,4440,1,D,BB,DX,F
14:18:06,UNVR,RG,4440,2,D,BB,DX,F
14:18:06,UNVR,RG,4440,1,D,BB,DX,F
14:18:06,UNVR,RG,4440,1,D,BB,DX,F
14:18:05,UNVR,RG,4440,1,D,BB,DX,F
14:18:05,UNVR,RG,4440,1,D,BB,DX,F
14:18:05,UNVR,RG,4440,1,D,BB,DX,F
14:18:04,UNVR,RG,4430,20,F,KZ,BK,F
14:18:01,UNVR,RG,4440,4,D,BB,DX,F
14:18:01,UNVR,RG,4440,2,D,BB,DX,F
14:18:01,UNVR,RG,4440,1,D,BB,DX,F
14:18:01,UNVR,RG,4440,1,D,BB,DX,F
14:18:01,UNVR,RG,4440,3,D,BB,DX,F
14:18:01,UNVR,RG,4440,1,D,BB,DX,F
14:17:59,UNVR,RG,4440,1,D,BB,DX,F
14:17:59,UNVR,RG,4440,1,D,BB,DX,F
14:17:59,UNVR,RG,4440,2,D,BB,DX,F
14:17:59,UNVR,RG,4440,1,D,BB,DX,F
14:17:59,UNVR,RG,4440,2,D,BB,DX,F
14:17:59,UNVR,RG,4430,32,F,KZ,BK,F
14:17:58,UNVR,RG,4440,1,D,BB,DX,F
14:17:57,UNVR,RG,4440,9,D,BB,DX,F
14:17:57,UNVR,RG,4440,1,D,BB,DX,F
14:17:57,UNVR,RG,4440,6,D,BB,DX,F
14:17:57,UNVR,RG,4440,3,D,BB,DX,F
14:17:57,UNVR,RG,4440,2,D,BB,DX,F
14:17:57,UNVR,RG,4440,8,D,BB,DX,F
14:17:56,UNVR,RG,4440,2,D,BB,DX,F
14:17:56,UNVR,RG,4440,3,D,BB,DX,F
14:17:56,UNVR,RG,4440,2,D,BB,DX,F
14:17:56,UNVR,RG,4440,4,D,BB,DX,F
14:17:56,UNVR,RG,4440,5,D,BB,DX,F
14:17:55,UNVR,RG,4430,2,F,KZ,AZ,D
14:17:55,UNVR,RG,4440,4,D,BB,DX,F
14:17:55,UNVR,RG,4440,2,D,BB,ZP,F
14:17:55,UNVR,RG,4440,3,D,BB,DX,F
14:17:55,UNVR,RG,4440,31,D,BB,DX,F
14:17:55,UNVR,RG,4440,3,D,BB,DX,F
14:17:55,UNVR,RG,4440,22,D,BB,DX,F
14:17:55,UNVR,RG,4440,28,D,BB,DX,F
14:17:55,UNVR,RG,4440,12,D,BB,DX,F
14:17:54,UNVR,RG,4430,47,F,KZ,BK,F
14:17:54,UNVR,RG,4430,2,D,XC,BK,F
14:17:54,UNVR,RG,4430,1,D,CC,BK,F
14:17:54,UNVR,RG,4430,22,D,XC,BK,F
14:17:54,UNVR,RG,4430,1,D,PD,BK,F
14:17:54,UNVR,RG,4430,3,D,EP,BK,F
14:17:54,UNVR,RG,4430,4,D,YP,BK,F
14:17:54,UNVR,RG,4430,2,D,PD,BK,F
14:17:54,UNVR,RG,4430,1,D,EP,BK,F
14:17:54,UNVR,RG,4430,1,D,PD,BK,F
14:17:51,UNVR,RG,4440,3,D,BB,DX,F
14:17:51,UNVR,RG,4440,33,D,BB,DX,F
14:17:51,UNVR,RG,4440,8,D,BB,DX,F
14:17:51,UNVR,RG,4440,70,D,BB,DX,F
14:17:51,UNVR,RG,4440,38,D,BB,DX,F
14:17:51,UNVR,RG,4440,73,D,BB,DX,F
14:17:51,UNVR,RG,4440,65,D,BB,DX,F
14:17:51,UNVR,RG,4440,55,D,BB,DX,F
14:17:51,UNVR,RG,4440,16,D,BB,DX,F
14:17:51,UNVR,RG,4440,133,D,BB,DX,F
14:17:50,UNVR,RG,4440,1,D,BB,DX,F
14:17:50,UNVR,RG,4440,1,D,BB,DX,F
14:17:50,UNVR,RG,4440,1,D,BB,DX,F
14:17:50,UNVR,RG,4440,1,D,BB,DX,F
14:17:50,UNVR,RG,4440,1,D,BB,DX,F
14:17:50,UNVR,RG,4440,1,D,BB,DX,F
14:17:50,UNVR,RG,4440,3,D,BB,DX,F
14:17:50,UNVR,RG,4440,12,D,BB,DX,F
14:17:50,UNVR,RG,4440,1,D,BB,AZ,D
14:17:49,UNVR,RG,4440,13,D,BB,AZ,D
14:17:49,UNVR,RG,4440,2,D,BB,AZ,D
14:17:49,UNVR,RG,4440,8,D,BB,AZ,D
14:17:49,UNVR,RG,4440,2,D,BB,AZ,D
14:17:49,UNVR,RG,4440,12,D,BB,AZ,D
14:17:49,UNVR,RG,4440,4,F,KZ,AZ,D
14:17:49,UNVR,RG,4440,9,F,KZ,AZ,D
14:17:49,UNVR,RG,4440,35,F,KZ,AZ,D
14:17:49,UNVR,RG,4440,15,D,BB,AZ,D
14:17:49,UNVR,RG,4440,1,D,BB,AZ,D
14:17:49,UNVR,RG,4440,1,F,CS,AZ,D
14:17:49,UNVR,RG,4440,1,D,XC,AZ,D
14:17:49,UNVR,RG,4440,7,F,KZ,AZ,D
14:17:49,UNVR,RG,4440,30,D,YP,AZ,D
14:17:49,UNVR,RG,4440,8,D,BB,AZ,D
14:17:49,UNVR,RG,4440,1,D,BB,AZ,D
14:17:42,UNVR,RG,4440,13,D,BB,BK,F
14:17:39,UNVR,RG,4440,4,D,BB,DX,F
14:17:39,UNVR,RG,4440,6,D,BB,DX,F
14:17:39,UNVR,RG,4440,28,D,BB,DX,F
14:17:39,UNVR,RG,4440,10,F,KZ,DX,F
14:17:39,UNVR,RG,4440,1,D,YP,DX,F
14:17:39,UNVR,RG,4440,24,D,YU,DX,F
14:17:36,UNVR,RG,4440,1,D,YU,PD,D
14:17:34,UNVR,RG,4440,15,D,YU,BK,F
14:17:31,UNVR,RG,4440,60,D,YU,PD,D
14:17:31,UNVR,RG,4440,2,D,NI,PD,D
14:17:31,UNVR,RG,4440,4,D,BB,PD,D
14:17:31,UNVR,RG,4440,2,F,CS,PD,D
14:17:31,UNVR,RG,4440,1,D,KK,PD,D
14:17:31,UNVR,RG,4440,81,F,KZ,PD,D
14:17:31,UNVR,RG,4440,2,F,KZ,BK,D
14:17:31,UNVR,RG,4440,18,F,KZ,BK,D
14:17:31,UNVR,RG,4440,1,D,YP,BK,D
14:17:31,UNVR,RG,4440,17,D,BB,BK,D
14:17:29,UNVR,RG,4450,1,D,PD,YP,D
14:17:11,UNVR,RG,4440,18,D,BB,BK,F
14:17:10,UNVR,RG,4440,10,D,BB,GR,D
14:16:59,UNVR,RG,4440,63,D,BB,YP,D
14:16:59,UNVR,RG,4440,36,D,BB,YP,D
14:16:59,UNVR,RG,4440,1,D,BB,YP,D
14:16:58,UNVR,RG,4440,16,D,BB,BK,F
14:16:56,UNVR,RG,4440,57,D,BB,NI,D
14:16:56,UNVR,RG,4440,27,D,BB,NI,D
14:16:56,UNVR,RG,4440,16,D,BB,NI,D
14:16:55,UNVR,RG,4440,19,D,BB,BK,F
14:16:54,UNVR,RG,4440,25,D,BB,SQ,D
14:16:40,UNVR,RG,4440,46,D,BB,BK,D
14:16:32,UNVR,RG,4440,9,D,BB,DX,F
14:16:32,UNVR,RG,4440,3,F,YU,DX,F
14:16:32,UNVR,RG,4440,4,D,BB,DX,F
14:16:32,UNVR,RG,4440,6,F,KZ,DX,F
14:16:32,UNVR,RG,4440,2,D,XC,DX,F
14:16:32,UNVR,RG,4440,1,D,PD,DX,F
14:16:32,UNVR,RG,4440,2,F,CS,DX,F
14:16:32,UNVR,RG,4440,11,D,YP,DX,F
14:16:32,UNVR,RG,4440,2,F,KZ,DX,F
14:16:32,UNVR,RG,4440,7,D,CC,DX,F
14:16:32,UNVR,RG,4440,1,F,KZ,DX,F
14:16:32,UNVR,RG,4440,15,F,AK,DX,F
14:16:26,UNVR,RG,4440,20,F,AK,BK,F
14:16:26,UNVR,RG,4440,1,F,AK,SQ,D
14:16:26,UNVR,RG,4440,2,F,KZ,SQ,D
14:16:26,UNVR,RG,4440,4,D,PD,SQ,D
14:16:24,UNVR,RG,4440,1,D,PD,NI,D
14:16:23,UNVR,RG,4440,1,F,ZP,BK,F
14:16:23,UNVR,RG,4440,2,D,NI,BK,F
14:16:23,UNVR,RG,4440,2,F,KZ,BK,F
14:16:23,UNVR,RG,4440,2,D,NI,BK,F
14:16:23,UNVR,RG,4440,4,F,YU,BK,F
14:16:23,UNVR,RG,4440,1,F,CS,BK,F
14:16:23,UNVR,RG,4440,3,F,KZ,BK,F
14:16:19,UNVR,RG,4440,115,F,KZ,BK,F
14:16:15,UNVR,RG,4440,1,F,KZ,NI,D
14:16:15,UNVR,RG,4440,14,F,KZ,BK,F
14:16:13,UNVR,RG,4440,25,F,KZ,SQ,D
14:16:12,UNVR,RG,4440,61,F,KZ,BK,F
14:16:11,UNVR,RG,4440,24,F,KZ,SQ,D
14:16:11,UNVR,RG,4440,26,D,OD,SQ,D
14:16:10,UNVR,RG,4440,538,D,OD,BK,F
14:16:10,UNVR,RG,4440,22,D,OD,BK,F
14:16:07,UNVR,RG,4440,13,D,OD,BK,F
14:16:05,UNVR,RG,4440,62,D,OD,DX,F
14:16:04,UNVR,RG,4440,39,D,OD,BK,F
14:16:01,UNVR,RG,4440,3,D,OD,CC,D
14:15:59,UNVR,RG,4440,297,D,OD,BK,F
14:15:59,UNVR,RG,4440,1,D,XC,BK,F
14:15:59,UNVR,RG,4440,2,F,CS,BK,F
14:15:59,UNVR,RG,4440,1,D,YP,BK,F
14:15:59,UNVR,RG,4440,1,D,CC,BK,F
14:15:59,UNVR,RG,4440,2,D,KK,BK,F
14:15:59,UNVR,RG,4440,7,D,YB,BK,F
14:15:59,UNVR,RG,4440,30,F,NI,BK,F
14:15:59,UNVR,RG,4440,7,D,BB,BK,F
14:15:59,UNVR,RG,4440,1,D,EP,BK,F
14:15:59,UNVR,RG,4440,44,F,KZ,BK,F
14:15:59,UNVR,RG,4440,4,D,BB,BK,F
14:15:58,UNVR,RG,4440,17,D,BB,BK,F
14:15:58,UNVR,RG,4440,6,D,BB,BK,F
14:15:56,UNVR,RG,4440,1,D,BB,YP,D
14:15:55,UNVR,RG,4440,14,D,BB,BK,F
14:15:55,UNVR,RG,4440,5,D,BB,BK,F
14:15:55,UNVR,RG,4440,9,D,BB,BK,F
14:15:55,UNVR,RG,4440,14,F,KZ,BK,F
14:15:52,UNVR,RG,4440,2,F,KZ,ZP,F
14:15:51,UNVR,RG,4440,1,F,KZ,YP,D
14:15:51,UNVR,RG,4440,1,D,PD,YP,D
14:15:51,UNVR,RG,4440,1,D,CC,YP,D
14:15:51,UNVR,RG,4440,3,F,KZ,YP,D
14:15:51,UNVR,RG,4440,3,F,CS,YP,D
14:15:51,UNVR,RG,4440,5,D,YP,YP,D
14:15:51,UNVR,RG,4440,3,F,YU,YP,D
14:15:51,UNVR,RG,4440,2,D,NI,YP,D
14:15:51,UNVR,RG,4440,28,D,YP,YP,D
14:15:51,UNVR,RG,4440,72,D,YP,BK,F
14:15:51,UNVR,RG,4440,1,F,KZ,BK,F
14:15:51,UNVR,RG,4440,1,D,CC,BK,F
14:15:51,UNVR,RG,4440,26,F,KZ,BK,F
14:15:51,UNVR,RG,4440,204,F,KZ,BK,F
14:15:50,UNVR,RG,4440,11,F,KZ,BK,F
14:15:48,UNVR,RG,4440,3,F,KZ,AZ,D
14:15:47,UNVR,RG,4440,48,F,KZ,BK,D
14:15:45,UNVR,RG,4440,1,F,KZ,PD,D
14:15:43,UNVR,RG,4440,48,F,KZ,BK,F
14:15:40,UNVR,RG,4440,15,F,KZ,BK,F
14:15:36,UNVR,RG,4440,31,F,KZ,BK,F
14:15:34,UNVR,RG,4440,268,F,KZ,BK,F
14:15:31,UNVR,RG,4440,12,F,KZ,BK,F
14:15:26,UNVR,RG,4440,42,F,KZ,BK,F
14:15:25,UNVR,RG,4440,3,F,KZ,NI,D
14:15:23,UNVR,RG,4440,177,F,KZ,BK,F
14:15:23,UNVR,RG,4440,22,F,KZ,AK,F
14:15:23,UNVR,RG,4440,131,F,KZ,AK,D
14:15:21,UNVR,RG,4440,2,F,KZ,ZP,F
14:15:15,UNVR,RG,4440,4,F,KZ,YP,D
14:15:14,UNVR,RG,4440,1,F,KZ,LG,D
14:15:09,UNVR,RG,4440,2,F,KZ,YP,D
14:15:02,UNVR,RG,4440,27,F,KZ,BK,D
14:15:01,UNVR,RG,4440,12,F,KZ,BK,F
14:15:00,UNVR,RG,4440,109,F,KZ,BK,F
14:14:59,UNVR,RG,4440,1,F,KZ,XC,D
14:14:46,UNVR,RG,4440,13,F,KZ,BK,F
14:14:44,UNVR,RG,4440,18,F,KZ,BK,F
14:14:43,UNVR,RG,4440,1,F,KZ,DH,D
14:14:42,UNVR,RG,4440,162,F,KZ,BK,F
14:14:40,UNVR,RG,4440,1,F,KZ,YP,D
14:14:36,UNVR,RG,4440,13,F,KZ,BK,F
14:14:33,UNVR,RG,4440,45,F,KZ,BK,F
14:14:31,UNVR,RG,4440,1,F,KZ,DH,D
14:14:24,UNVR,RG,4440,1,F,KZ,NI,D
14:14:15,UNVR,RG,4440,1,F,KZ,DH,D
14:14:09,UNVR,RG,4440,10,F,KZ,LG,D
14:13:59,UNVR,RG,4440,1,F,KZ,CC,D
14:13:58,UNVR,RG,4440,36,F,KZ,XC,D
14:13:52,UNVR,RG,4440,1,F,KZ,KK,D
14:13:50,UNVR,RG,4440,16,F,KZ,BK,F
14:13:47,UNVR,RG,4440,48,F,KZ,BK,D
14:13:47,UNVR,RG,4440,30,F,KZ,CC,D
14:13:45,UNVR,RG,4450,3,D,XC,YP,D
14:13:38,UNVR,RG,4440,1,F,KZ,DH,D
14:13:33,UNVR,RG,4440,2,F,KZ,ZP,F
14:13:18,UNVR,RG,4440,1,F,KZ,NI,D
14:13:16,UNVR,RG,4440,1,F,KZ,DH,D
14:13:05,UNVR,RG,4440,12,F,KZ,BK,F
14:13:02,UNVR,RG,4440,65,F,KZ,CC,D
14:12:48,UNVR,RG,4440,10,F,KZ,CC,D
14:12:47,UNVR,RG,4440,40,F,KZ,XC,D
14:12:46,UNVR,RG,4440,1,F,KZ,NI,D
14:12:22,UNVR,RG,4440,10,F,KZ,PD,D
14:12:22,UNVR,RG,4440,1,F,KZ,CD,D
14:12:22,UNVR,RG,4450,2,D,EP,YP,D
14:12:20,UNVR,RG,4440,20,F,KZ,BK,F
14:12:17,UNVR,RG,4440,61,F,KZ,BK,D
14:11:53,UNVR,RG,4440,23,F,KZ,XC,D
14:11:39,UNVR,RG,4440,17,F,KZ,BK,F
14:11:35,UNVR,RG,4440,69,F,KZ,BK,F
14:11:31,UNVR,RG,4440,2,F,KZ,ZP,F
14:11:30,UNVR,RG,4440,92,F,KZ,AI,D
14:11:30,UNVR,RG,4440,100,D,MI,AI,D
14:11:30,UNVR,RG,4440,3,F,KZ,AI,D
14:11:30,UNVR,RG,4440,10,D,YP,AI,D
14:11:30,UNVR,RG,4440,1,F,KZ,AI,D
14:11:30,UNVR,RG,4440,1,D,AT,AI,D
14:11:30,UNVR,RG,4440,10,D,YP,AI,D
14:11:30,UNVR,RG,4440,1,D,PD,AI,D
14:11:30,UNVR,RG,4440,2,F,KZ,AI,D
14:11:30,UNVR,RG,4440,2,D,XC,AI,D
14:11:30,UNVR,RG,4440,10,F,KZ,AI,D
14:11:30,UNVR,RG,4440,3,D,PD,AI,D
14:11:30,UNVR,RG,4440,1,F,ZP,AI,D
14:11:30,UNVR,RG,4440,36,F,AK,AI,D
14:11:30,UNVR,RG,4440,3,F,YU,AI,D
14:11:30,UNVR,RG,4440,6,F,KZ,AI,D
14:11:30,UNVR,RG,4440,17,D,BB,AI,D
14:11:30,UNVR,RG,4440,1,D,BB,AI,D
14:11:30,UNVR,RG,4440,1,D,BB,AI,D
14:11:30,UNVR,RG,4440,1,D,BB,AI,D
14:11:30,UNVR,RG,4440,1,D,BB,AI,D
14:11:30,UNVR,RG,4440,2,F,KZ,AI,D
14:11:30,UNVR,RG,4440,1,F,CS,AI,D
14:11:30,UNVR,RG,4440,5,D,XC,AI,D
14:11:30,UNVR,RG,4440,1,D,XC,AI,D
14:11:30,UNVR,RG,4440,3,F,KZ,AI,D
14:11:30,UNVR,RG,4440,2,D,SQ,AI,D
14:11:30,UNVR,RG,4440,1,D,XC,AI,D
14:11:30,UNVR,RG,4440,4,F,KZ,AI,D
14:11:30,UNVR,RG,4440,1,D,XC,AI,D
14:11:30,UNVR,RG,4440,5,D,YP,AI,D
14:11:30,UNVR,RG,4440,30,D,DR,AI,D
14:11:30,UNVR,RG,4440,2,D,XC,AI,D
14:11:30,UNVR,RG,4440,10,D,SQ,AI,D
14:11:30,UNVR,RG,4440,2,D,CC,AI,D
14:11:30,UNVR,RG,4440,10,F,KZ,AI,D
14:11:30,UNVR,RG,4440,119,F,KZ,AI,D
14:11:30,UNVR,RG,4440,19,F,KZ,AK,F
14:11:26,UNVR,RG,4440,37,F,KZ,BK,D
14:10:57,UNVR,RG,4440,21,F,KZ,BK,D
14:10:46,UNVR,RG,4440,1,F,KZ,PD,D
14:10:43,UNVR,RG,4440,2,F,KZ,NI,D
14:10:42,UNVR,RG,4450,2,D,PD,YP,D
14:10:41,UNVR,RG,4440,3,F,KZ,KK,D
14:10:23,UNVR,RG,4440,1,F,KZ,ZP,F
14:10:22,UNVR,RG,4440,5,F,KZ,PD,D
14:10:22,UNVR,RG,4440,12,F,KZ,BK,F
14:10:21,UNVR,RG,4440,2,F,KZ,XC,D
14:10:19,UNVR,RG,4440,17,F,KZ,BK,F
14:10:18,UNVR,RG,4440,150,F,KZ,AZ,D
14:10:15,UNVR,RG,4440,5,F,KZ,AK,F
14:10:11,UNVR,RG,4440,16,F,KZ,BK,F
14:10:08,UNVR,RG,4450,5,D,SQ,YP,D
14:10:08,UNVR,RG,4450,8,D,SQ,DX,F
14:10:08,UNVR,RG,4450,15,D,SQ,DX,F
14:10:08,UNVR,RG,4440,4,F,KZ,CC,D
14:10:07,UNVR,RG,4440,28,F,KZ,BK,F
14:10:06,UNVR,RG,4440,19,F,KZ,SQ,D
14:10:04,UNVR,RG,4440,10,F,KZ,PD,D
14:10:04,UNVR,RG,4440,135,F,KZ,BK,F
14:10:04,UNVR,RG,4440,50,F,KZ,SQ,D
14:10:00,UNVR,RG,4440,344,F,KZ,KK,D
14:10:00,UNVR,RG,4440,50,D,LG,KK,D
14:10:00,UNVR,RG,4440,290,F,KZ,KK,D
14:10:00,UNVR,RG,4440,1,D,CC,KK,D
14:10:00,UNVR,RG,4440,5,D,EP,KK,D
14:10:00,UNVR,RG,4440,1,D,YP,KK,D
14:10:00,UNVR,RG,4440,1,D,CC,KK,D
14:10:00,UNVR,RG,4440,1,D,XC,KK,D
14:10:00,UNVR,RG,4440,1,D,PD,KK,D
14:10:00,UNVR,RG,4440,10,D,YP,KK,D
14:10:00,UNVR,RG,4440,2,D,XC,KK,D
14:10:00,UNVR,RG,4440,3,D,XC,KK,D
14:10:00,UNVR,RG,4440,3,D,ZP,KK,D
14:10:00,UNVR,RG,4440,73,F,AK,KK,D
14:10:00,UNVR,RG,4440,36,D,NI,KK,D
14:10:00,UNVR,RG,4440,2,D,PD,KK,D
14:10:00,UNVR,RG,4440,1,D,XC,KK,D
14:10:00,UNVR,RG,4440,4,D,CC,KK,D
14:10:00,UNVR,RG,4440,8,D,PD,KK,D
14:10:00,UNVR,RG,4440,1,D,PD,KK,D
14:10:00,UNVR,RG,4440,8,D,KK,KK,D
14:10:00,UNVR,RG,4440,3,D,PD,KK,D
14:10:00,UNVR,RG,4440,3,D,YU,KK,D
14:10:00,UNVR,RG,4440,3,D,EP,KK,D
14:10:00,UNVR,RG,4440,2,D,PD,KK,D
14:10:00,UNVR,RG,4440,19,F,AG,KK,D
14:10:00,UNVR,RG,4440,2,D,YP,KK,D
14:10:00,UNVR,RG,4440,3,D,XC,KK,D
14:10:00,UNVR,RG,4440,1,F,ZP,KK,D
14:10:00,UNVR,RG,4440,28,F,AK,KK,D
14:10:00,UNVR,RG,4440,3,D,EP,KK,D
14:10:00,UNVR,RG,4440,3,F,YU,KK,D
14:10:00,UNVR,RG,4440,3,F,CS,KK,D
14:10:00,UNVR,RG,4440,5,D,PD,KK,D
14:10:00,UNVR,RG,4440,1,D,YP,KK,D
14:10:00,UNVR,RG,4440,1,D,DH,KK,D
14:10:00,UNVR,RG,4440,5,D,XC,KK,D
14:10:00,UNVR,RG,4440,3,D,AT,KK,D
14:10:00,UNVR,RG,4440,10,D,YP,KK,D
14:10:00,UNVR,RG,4440,1,D,IF,KK,D
14:10:00,UNVR,RG,4440,3,F,YU,KK,D
14:10:00,UNVR,RG,4440,20,D,YP,KK,D
14:10:00,UNVR,RG,4440,12,D,CC,KK,D
14:10:00,UNVR,RG,4440,10,D,HP,KK,D
14:10:00,UNVR,RG,4440,5,D,PD,KK,D
14:10:00,UNVR,RG,4440,1,D,SQ,KK,D
14:10:00,UNVR,RG,4440,22,D,YP,KK,D
14:09:56,UNVR,RG,4440,2,D,YP,NI,D
14:09:54,UNVR,RG,4450,2,F,CS,DX,F
14:09:54,UNVR,RG,4450,3,F,CS,DX,F
14:09:47,UNVR,RG,4440,56,D,YP,BK,D
14:09:35,UNVR,RG,4440,1,D,YP,PD,D
14:09:34,UNVR,RG,4440,19,D,YP,KK,D
14:09:34,UNVR,RG,4440,2,D,XC,KK,D
14:09:32,UNVR,RG,4440,13,D,XC,BK,F
14:09:32,UNVR,RG,4440,5,D,BB,BK,F
14:09:32,UNVR,RG,4440,6,D,BB,ZP,F
14:09:31,UNVR,RG,4440,12,D,BB,PD,D
14:09:31,UNVR,RG,4440,1,D,BB,PD,D
14:09:31,UNVR,RG,4440,16,D,BB,PD,D
14:09:31,UNVR,RG,4440,8,D,BB,PD,D
14:09:31,UNVR,RG,4440,6,D,BB,PD,D
14:09:31,UNVR,RG,4440,6,D,BB,PD,D
14:09:31,UNVR,RG,4440,20,D,GR,PD,D
14:09:31,UNVR,RG,4440,1,D,YJ,PD,D
14:09:31,UNVR,RG,4440,30,F,KZ,PD,D
14:09:18,UNVR,RG,4440,13,F,KZ,BK,F
14:09:17,UNVR,RG,4440,27,F,KZ,BK,D
14:09:15,UNVR,RG,4440,50,F,KZ,NI,D
14:08:56,UNVR,RG,4440,18,F,KZ,BK,F
14:08:56,UNVR,RG,4440,10,F,KZ,YP,D
14:08:52,UNVR,RG,4440,69,F,KZ,NI,D
14:08:52,UNVR,RG,4440,1,D,XC,NI,D
14:08:52,UNVR,RG,4440,1,D,PD,NI,D
14:08:52,UNVR,RG,4440,5,D,AT,NI,D
14:08:52,UNVR,RG,4440,5,D,PD,NI,D
14:08:52,UNVR,RG,4440,1,D,XC,NI,D
14:08:52,UNVR,RG,4440,5,D,PD,NI,D
14:08:52,UNVR,RG,4440,3,D,KI,NI,D
14:08:43,UNVR,RG,4440,13,D,KI,BK,F
14:08:42,UNVR,RG,4440,80,D,KI,NI,D
14:08:39,UNVR,RG,4440,4,D,KI,XC,D
14:08:39,UNVR,RG,4440,1,D,XC,XC,D
14:08:39,UNVR,RG,4440,1,D,CC,XC,D
14:08:33,UNVR,RG,4440,4,D,CC,BK,D
14:08:33,UNVR,RG,4440,1,D,CC,BK,D
14:08:33,UNVR,RG,4440,5,D,SQ,BK,D
14:08:33,UNVR,RG,4440,1,D,PD,BK,D
14:08:33,UNVR,RG,4440,1,D,YP,BK,D
14:08:33,UNVR,RG,4440,8,D,PD,BK,D
14:08:33,UNVR,RG,4440,10,D,YP,BK,D
14:08:33,UNVR,RG,4440,1,D,CC,BK,D
14:08:01,UNVR,RG,4440,16,F,CG,BK,F
14:08:01,UNVR,RG,4440,1,D,CC,BK,F
14:08:01,UNVR,RG,4440,1,D,CC,BK,F
14:08:00,UNVR,RG,4450,4,F,YU,DX,F
14:08:00,UNVR,RG,4450,2,F,YU,DX,F
14:07:58,UNVR,RG,4440,1,D,CC,YU,D
14:07:58,UNVR,RG,4440,25,D,CC,YU,D
14:07:58,UNVR,RG,4440,1,D,CC,YU,D
14:07:58,UNVR,RG,4440,4,D,CC,YU,D
14:07:58,UNVR,RG,4440,1,D,YP,YU,D
14:07:58,UNVR,RG,4440,1,D,PD,YU,D
14:07:58,UNVR,RG,4440,1,D,PD,YU,D
14:07:58,UNVR,RG,4440,2,D,PD,YU,D
14:07:58,UNVR,RG,4440,2,D,XC,YU,D
14:07:58,UNVR,RG,4440,5,D,YP,YU,D
14:07:58,UNVR,RG,4440,2,D,XC,YU,D
14:07:58,UNVR,RG,4440,9,D,CC,YU,D
14:07:50,UNVR,RG,4440,6,D,CC,BK,D
14:07:50,UNVR,RG,4440,2,D,PD,BK,D
14:07:50,UNVR,RG,4440,2,D,PD,BK,D
14:07:50,UNVR,RG,4440,3,D,PD,BK,D
14:07:50,UNVR,RG,4440,1,D,PD,BK,D
14:07:50,UNVR,RG,4440,2,D,PD,BK,D
14:07:50,UNVR,RG,4440,11,D,SQ,BK,D
14:07:40,UNVR,RG,4440,9,D,SQ,XA,D
14:07:40,UNVR,RG,4440,1,D,PD,XA,D
14:07:29,UNVR,RG,4440,1,D,PD,NI,D
14:07:29,UNVR,RG,4440,1,D,PD,NI,D
14:07:29,UNVR,RG,4440,1,D,YP,NI,D
14:07:29,UNVR,RG,4440,2,D,CC,NI,D
14:07:28,UNVR,RG,4450,5,D,AI,DX,F
14:07:24,UNVR,RG,4440,1,D,CC,AG,D
14:07:20,UNVR,RG,4450,7,D,XC,DX,F
14:07:17,UNVR,RG,4440,2,D,AT,GR,D
14:07:17,UNVR,RG,4440,1,D,CC,GR,D
14:07:17,UNVR,RG,4440,3,D,PD,GR,D
14:07:17,UNVR,RG,4440,2,D,PD,GR,D
14:07:17,UNVR,RG,4440,1,D,DR,GR,D
14:07:17,UNVR,RG,4440,1,D,SQ,GR,D
14:07:17,UNVR,RG,4440,1,D,PD,GR,D
14:07:16,UNVR,RG,4440,1,D,EP,BK,F
14:07:16,UNVR,RG,4440,17,D,AI,BK,F
14:07:11,UNVR,RG,4440,22,D,AI,BK,F
14:07:07,UNVR,RG,4440,11,D,AI,AK,D
14:07:07,UNVR,RG,4440,2,D,PD,AK,D
14:07:07,UNVR,RG,4440,20,D,YP,AK,D
14:07:07,UNVR,RG,4440,1,D,XC,AK,D
14:07:07,UNVR,RG,4440,1,D,PD,AK,D
14:07:07,UNVR,RG,4440,1,D,XC,AK,D
14:07:07,UNVR,RG,4440,1,D,XC,AK,D
14:07:07,UNVR,RG,4440,5,D,PD,AK,D
14:07:07,UNVR,RG,4440,2,D,PD,AK,D
14:07:07,UNVR,RG,4440,3,D,XC,AK,D
14:07:07,UNVR,RG,4440,1,D,XC,AK,D
14:07:07,UNVR,RG,4440,2,D,XC,AK,D
14:07:07,UNVR,RG,4440,18,D,CC,AK,D
14:07:07,UNVR,RG,4440,10,D,YP,AK,D
14:07:07,UNVR,RG,4440,5,F,DR,AK,D
14:07:07,UNVR,RG,4440,1,D,PD,AK,D
14:07:07,UNVR,RG,4440,3,D,XC,AK,D
14:07:07,UNVR,RG,4440,1,D,PD,AK,D
14:07:07,UNVR,RG,4440,1,D,PD,AK,D
14:07:07,UNVR,RG,4440,1,D,XC,AK,D
14:07:07,UNVR,RG,4440,1,D,YP,AK,D
14:07:07,UNVR,RG,4440,100,F,BQ,AK,D
14:07:07,UNVR,RG,4440,1,D,CP,AK,D
14:07:07,UNVR,RG,4440,1,F,KK,AK,D
14:07:07,UNVR,RG,4440,1,D,PD,AK,D
14:07:06,UNVR,RG,4440,4,D,PD,YP,D
14:07:06,UNVR,RG,4440,1,D,NI,YP,D
14:07:06,UNVR,RG,4440,20,F,KZ,YP,D
14:06:54,UNVR,RG,4440,10,F,KZ,YP,D
14:06:54,UNVR,RG,4450,25,F,KZ,DX,F
14:06:52,UNVR,RG,4440,39,F,KZ,BK,D
14:06:30,UNVR,RG,4440,2,F,KZ,ZP,F
14:06:29,UNVR,RG,4440,345,F,KZ,CC,D
14:06:28,UNVR,RG,4450,5,F,CS,DX,F
14:06:21,UNVR,RG,4440,7,F,KZ,PD,D
14:06:18,UNVR,RG,4440,4,F,KZ,XC,D
14:06:13,UNVR,RG,4440,18,F,KZ,AK,F
14:06:12,UNVR,RG,4440,5,F,KZ,YU,D
14:06:09,UNVR,RG,4440,67,F,KZ,YP,D
14:05:48,UNVR,RG,4440,11,F,KZ,DH,D
14:05:45,UNVR,RG,4440,5,F,KZ,PD,D
14:05:44,UNVR,RG,4440,46,F,KZ,BK,D
14:05:26,UNVR,RG,4450,19,D,EP,DX,F
14:05:26,UNVR,RG,4450,6,D,EP,DX,F
14:05:24,UNVR,RG,4440,4,F,KZ,ZP,F
14:05:21,UNVR,RG,4440,3,F,KZ,NI,D
14:05:20,UNVR,RG,4440,30,F,KZ,OK,D
14:05:15,UNVR,RG,4450,5,D,PD,DX,F
14:04:59,UNVR,RG,4450,10,D,NI,DX,F
14:04:46,UNVR,RG,4440,37,F,KZ,BK,D
14:04:41,UNVR,RG,4450,1,D,NI,DX,F
14:04:38,UNVR,RG,4450,3,D,YP,DX,F
14:04:37,UNVR,RG,4450,1,D,XC,DX,F
14:04:21,UNVR,RG,4450,1,D,PD,DX,F
14:04:15,UNVR,RG,4450,1,D,CC,DX,F
14:04:00,UNVR,RG,4450,2,F,YU,DX,F
14:04:00,UNVR,RG,4450,4,F,YU,DX,F
14:04:00,UNVR,RG,4450,1,F,YU,DX,F
14:04:00,UNVR,RG,4440,7,F,KZ,AK,F
14:03:50,UNVR,RG,4450,1,D,XC,DX,F
14:03:47,UNVR,RG,4440,44,F,KZ,BK,D
14:03:35,UNVR,RG,4440,1,F,KZ,AG,D
14:03:26,UNVR,RG,4440,1,F,KZ,AG,D
14:03:26,UNVR,RG,4450,1,D,XC,DX,F
14:03:09,UNVR,RG,4450,5,F,CS,DX,F
14:03:09,UNVR,RG,4440,25,F,KZ,BK,D
14:03:05,UNVR,RG,4440,5,F,KZ,DR,D
14:02:57,UNVR,RG,4440,25,F,KZ,SQ,D
14:02:50,UNVR,RG,4440,10,F,KZ,YB,D
14:02:48,UNVR,RG,4440,1,F,KZ,AG,D
14:02:47,UNVR,RG,4440,6,F,KZ,XA,D
14:02:43,UNVR,RG,4440,25,F,KZ,SQ,D
14:02:41,UNVR,RG,4440,18,F,KZ,BK,D
14:02:37,UNVR,RG,4440,3,F,KZ,SQ,D
14:02:36,UNVR,RG,4440,3,F,KZ,PD,D
14:02:32,UNVR,RG,4440,10,F,KZ,DH,D
14:02:30,UNVR,RG,4440,1,F,KZ,ZP,F
14:02:21,UNVR,RG,4440,10,F,KZ,YP,D
14:02:21,UNVR,RG,4440,2,F,KZ,NI,D
14:02:15,UNVR,RG,4440,49,F,KZ,AK,D
14:02:12,UNVR,RG,4440,20,F,KZ,XA,D
14:02:03,UNVR,RG,4440,1,F,KZ,XC,D
14:01:58,UNVR,RG,4440,32,F,KZ,YP,D
14:01:57,UNVR,RG,4440,100,F,KZ,KK,D
14:01:56,UNVR,RG,4440,28,F,KZ,BK,D
14:01:51,UNVR,RG,4440,10,F,KZ,AK,F
14:01:49,UNVR,RG,4440,12,F,KZ,KK,D
14:01:30,UNVR,RG,4440,7,F,KZ,ZP,F
14:01:30,UNVR,RG,4440,22,F,KZ,BK,D
14:01:12,UNVR,RG,4440,10,F,KZ,XC,D
14:01:04,UNVR,RG,4440,20,F,KZ,YP,D
14:01:03,UNVR,RG,4440,20,F,KZ,PD,D
14:00:54,UNVR,RG,4440,23,F,KZ,BK,D
14:00:38,UNVR,RG,4440,46,F,KZ,AI,D
14:00:38,UNVR,RG,4440,4,D,YP,AI,D
14:00:34,UNVR,RG,4440,20,D,YP,CC,D
14:00:30,UNVR,RG,4440,15,D,YP,PD,D
14:00:29,UNVR,RG,4440,11,D,YP,CC,D
14:00:29,UNVR,RG,4440,59,D,GR,CC,D
14:00:26,UNVR,RG,4440,21,D,GR,BK,D
14:00:12,UNVR,RG,4440,10,D,GR,YP,D
14:00:01,UNVR,RG,4440,1,D,GR,AG,D
13:59:56,UNVR,RG,4440,8,D,GR,KK,D
13:59:55,UNVR,RG,4440,12,D,GR,YU,F
13:59:49,UNVR,RG,4440,200,D,GR,CC,D
13:59:34,UNVR,RG,4440,34,D,GR,BK,D
13:59:31,UNVR,RG,4440,1,D,GR,GR,D
13:59:11,UNVR,RG,4440,2,D,GR,CC,D
13:59:11,UNVR,RG,4440,5,D,GR,PD,D
13:59:00,UNVR,RG,4440,14,D,GR,AK,F
13:58:57,UNVR,RG,4450,3,D,NI,DX,F
13:58:48,UNVR,RG,4450,1,D,BB,DX,F
13:58:48,UNVR,RG,4450,1,D,BB,DX,F
13:58:41,UNVR,RG,4450,1,D,BB,DX,F
13:58:41,UNVR,RG,4450,1,D,BB,DX,F
13:58:41,UNVR,RG,4450,2,D,BB,DX,F
13:58:41,UNVR,RG,4450,2,D,BB,DX,F
13:58:40,UNVR,RG,4450,1,D,BB,DX,F
13:58:40,UNVR,RG,4450,1,D,BB,DX,F
13:58:40,UNVR,RG,4440,35,D,GR,BK,D
13:58:30,UNVR,RG,4450,1,D,XA,DX,F
13:58:02,UNVR,RG,4450,1,D,XC,DX,F
13:57:57,UNVR,RG,4450,1,D,BB,DX,F
13:57:57,UNVR,RG,4450,1,D,BB,DX,F
13:57:56,UNVR,RG,4450,1,D,BB,DX,F
13:57:55,UNVR,RG,4450,1,D,BB,DX,F
13:57:55,UNVR,RG,4450,1,D,BB,DX,F
13:57:55,UNVR,RG,4450,1,D,BB,DX,F
13:57:54,UNVR,RG,4450,1,D,BB,DX,F
13:57:54,UNVR,RG,4450,1,D,KK,DX,F
13:57:53,UNVR,RG,4440,25,D,GR,BK,D
13:57:52,UNVR,RG,4450,1,D,BB,DX,F
13:57:51,UNVR,RG,4450,1,F,KZ,DX,F
13:57:50,UNVR,RG,4450,1,D,BB,DX,F
13:57:50,UNVR,RG,4450,1,D,BB,DX,F
13:57:50,UNVR,RG,4450,2,D,BB,DX,F
13:57:50,UNVR,RG,4450,1,D,BB,DX,F
13:57:50,UNVR,RG,4450,2,D,BB,DX,F
13:57:49,UNVR,RG,4450,1,D,BB,DX,F
13:57:48,UNVR,RG,4450,1,D,BB,DX,F
13:57:48,UNVR,RG,4450,32,F,KZ,DX,F
13:57:47,UNVR,RG,4450,3,D,BB,DX,F
13:57:47,UNVR,RG,4450,1,D,BB,DX,F
13:57:47,UNVR,RG,4450,2,D,BB,DX,F
13:57:47,UNVR,RG,4450,3,D,BB,DX,F
13:57:47,UNVR,RG,4450,4,D,BB,DX,F
13:57:46,UNVR,RG,4450,1,D,BB,DX,F
13:57:46,UNVR,RG,4450,1,D,BB,DX,F
13:57:45,UNVR,RG,4450,1,D,BB,DX,F
13:57:45,UNVR,RG,4450,14,D,BB,DX,F
13:57:45,UNVR,RG,4450,10,D,BB,DX,F
13:57:45,UNVR,RG,4450,4,D,BB,DX,F
13:57:45,UNVR,RG,4450,5,D,BB,DX,F
13:57:45,UNVR,RG,4450,13,D,BB,DX,F
13:57:45,UNVR,RG,4450,1,D,BB,DX,F
13:57:45,UNVR,RG,4440,13,D,GR,BK,F
13:57:44,UNVR,RG,4450,1,D,BB,DX,F
13:57:44,UNVR,RG,4450,4,D,BB,DX,F
13:57:44,UNVR,RG,4450,6,D,BB,DX,F
13:57:44,UNVR,RG,4450,2,D,BB,DX,F
13:57:44,UNVR,RG,4450,6,D,BB,DX,F
13:57:44,UNVR,RG,4440,10,D,GR,CC,D
13:57:43,UNVR,RG,4450,1,D,BB,DX,F
13:57:43,UNVR,RG,4450,12,D,BB,DX,F
13:57:43,UNVR,RG,4450,4,D,BB,DX,F
13:57:43,UNVR,RG,4450,8,D,BB,DX,F
13:57:43,UNVR,RG,4450,4,D,BB,DX,F
13:57:43,UNVR,RG,4450,13,D,BB,DX,F
13:57:43,UNVR,RG,4440,50,D,GR,BK,F
13:57:43,UNVR,RG,4440,2,D,PD,BK,F
13:57:43,UNVR,RG,4440,10,D,LG,BK,F
13:57:43,UNVR,RG,4440,2,D,XC,BK,F
13:57:43,UNVR,RG,4450,115,F,KZ,DX,F
13:57:42,UNVR,RG,4450,33,D,BB,DX,F
13:57:42,UNVR,RG,4450,23,D,BB,DX,F
13:57:42,UNVR,RG,4450,9,D,BB,DX,F
13:57:42,UNVR,RG,4450,12,D,BB,DX,F
13:57:42,UNVR,RG,4450,31,D,BB,DX,F
13:57:42,UNVR,RG,4450,3,D,BB,DX,F
13:57:41,UNVR,RG,4450,16,D,BB,DX,F
13:57:41,UNVR,RG,4450,5,D,BB,DX,F
13:57:41,UNVR,RG,4450,42,D,BB,DX,F
13:57:41,UNVR,RG,4450,63,D,BB,DX,F
13:57:41,UNVR,RG,4450,21,D,BB,DX,F
13:57:41,UNVR,RG,4450,33,D,BB,DX,F
13:57:41,UNVR,RG,4450,27,D,BB,DX,F
13:57:41,UNVR,RG,4450,13,F,KZ,DX,F
13:57:40,UNVR,RG,4450,16,D,BB,DX,F
13:57:40,UNVR,RG,4450,49,D,BB,DX,F
13:57:40,UNVR,RG,4450,3,D,BB,DX,F
13:57:40,UNVR,RG,4450,20,D,BB,DX,F
13:57:40,UNVR,RG,4450,5,D,BB,DX,F
13:57:40,UNVR,RG,4450,35,D,BB,DX,F
13:57:40,UNVR,RG,4450,50,D,BB,DX,F
13:57:40,UNVR,RG,4450,30,F,KZ,DX,F
13:57:40,UNVR,RG,4450,121,F,KZ,DX,F
13:57:40,UNVR,RG,4450,121,F,KZ,DX,F
13:57:40,UNVR,RG,4450,128,F,KZ,DX,F
13:57:39,UNVR,RG,4450,257,D,BB,AK,F
13:57:39,UNVR,RG,4450,271,D,BB,AK,F
13:57:39,UNVR,RG,4450,97,D,BB,AK,F
13:57:39,UNVR,RG,4450,83,D,BB,AK,F
13:57:39,UNVR,RG,4450,102,D,BB,DX,F
13:57:39,UNVR,RG,4450,13,D,BB,NI,D
13:57:39,UNVR,RG,4450,58,D,BB,DX,F
13:57:39,UNVR,RG,4450,126,D,BB,DX,F
13:57:39,UNVR,RG,4450,29,D,BB,DX,F
13:57:38,UNVR,RG,4450,79,D,BB,DX,F
13:57:38,UNVR,RG,4450,74,D,BB,DX,F
13:57:38,UNVR,RG,4450,10,D,CC,AK,F
13:57:38,UNVR,RG,4450,2,D,NI,AK,F
13:57:38,UNVR,RG,4450,2,D,PD,AK,F
13:57:38,UNVR,RG,4450,250,D,RG,AK,F
13:57:38,UNVR,RG,4450,1,D,PD,AK,F
13:57:38,UNVR,RG,4450,1,D,NI,AK,F
13:57:38,UNVR,RG,4450,1,D,SQ,AK,F
13:57:38,UNVR,RG,4450,5,D,YP,AK,F
13:57:38,UNVR,RG,4450,1,D,XC,AK,F
13:57:38,UNVR,RG,4450,6,D,PD,AK,F
13:57:38,UNVR,RG,4450,32,F,AK,AK,F
13:57:38,UNVR,RG,4450,170,D,AI,AK,F
13:57:38,UNVR,RG,4450,27,D,NI,AK,F
13:57:38,UNVR,RG,4450,1,D,BB,AK,F
13:57:38,UNVR,RG,4450,1,D,YP,AK,F
13:57:38,UNVR,RG,4450,1,D,NI,AK,F
13:57:38,UNVR,RG,4450,10,D,YP,AK,F
13:57:38,UNVR,RG,4450,50,D,YP,AK,F
13:57:38,UNVR,RG,4450,10,D,YP,AK,F
13:57:38,UNVR,RG,4450,30,D,AT,AK,F
13:57:38,UNVR,RG,4450,2,D,YP,AK,F
13:57:38,UNVR,RG,4450,1,D,XC,AK,F
13:57:38,UNVR,RG,4450,1,F,ZP,AK,F
13:57:38,UNVR,RG,4450,2,D,SQ,AK,F
13:57:38,UNVR,RG,4450,10,D,PD,AK,F
13:57:38,UNVR,RG,4450,3,F,YU,AK,F
13:57:38,UNVR,RG,4450,1,D,NI,AK,F
13:57:38,UNVR,RG,4450,1,D,DR,AK,F
13:57:38,UNVR,RG,4450,23,D,BB,AK,F
13:57:38,UNVR,RG,4450,1,F,KZ,AK,F
13:57:38,UNVR,RG,4450,2,F,KZ,AK,F
13:57:38,UNVR,RG,4450,25,D,BB,AK,F
13:57:38,UNVR,RG,4450,1,F,KZ,AK,F
13:57:38,UNVR,RG,4450,3,D,YP,AK,F
13:57:38,UNVR,RG,4450,3,F,KZ,AK,F
13:57:38,UNVR,RG,4450,1,F,KZ,AK,F
13:57:38,UNVR,RG,4450,10,F,KZ,AK,F
13:57:38,UNVR,RG,4450,1,D,PD,AK,F
13:57:38,UNVR,RG,4450,1,F,KZ,AK,F
13:57:38,UNVR,RG,4450,31,F,AK,AK,F
13:57:38,UNVR,RG,4450,3,F,YU,AK,F
13:57:38,UNVR,RG,4450,1,D,XC,AK,F
13:57:38,UNVR,RG,4450,1,F,KZ,AK,F
13:57:38,UNVR,RG,4450,1,F,KZ,AK,F
13:57:38,UNVR,RG,4450,24,F,KZ,AK,F
13:57:38,UNVR,RG,4450,4,F,CS,AK,F
13:57:38,UNVR,RG,4450,2,D,AT,AK,F
13:57:38,UNVR,RG,4450,111,F,KZ,AK,F
13:57:38,UNVR,RG,4450,1,D,BB,AK,F
13:57:38,UNVR,RG,4450,12,D,BB,AK,F
13:57:38,UNVR,RG,4450,14,D,BB,AK,F
13:57:38,UNVR,RG,4450,4,D,BB,AK,F
13:57:38,UNVR,RG,4450,3,D,BB,AK,F
13:57:38,UNVR,RG,4450,1,F,KZ,AK,F
13:57:38,UNVR,RG,4450,1,D,NI,AK,F
13:57:38,UNVR,RG,4450,2,F,KZ,AK,F
13:57:37,UNVR,RG,4450,57,F,KZ,DX,F
13:57:37,UNVR,RG,4450,21,D,NI,DX,F
13:57:37,UNVR,RG,4450,206,D,NI,DX,F
13:57:37,UNVR,RG,4450,11,F,KZ,DX,F
13:57:37,UNVR,RG,4450,35,D,PD,DX,F
13:57:37,UNVR,RG,4450,10,D,CC,DX,F
13:57:37,UNVR,RG,4450,6,F,KZ,DX,F
13:57:37,UNVR,RG,4450,10,F,RX,DX,F
13:57:37,UNVR,RG,4450,59,F,RX,AK,F
13:57:37,UNVR,RG,4450,4,F,KZ,AK,F
13:57:37,UNVR,RG,4450,1,D,CC,AK,F
13:57:37,UNVR,RG,4450,5,D,NI,AK,F
13:57:37,UNVR,RG,4450,2,F,KZ,AK,F
13:57:37,UNVR,RG,4450,2,D,NI,AK,F
13:57:37,UNVR,RG,4450,3,D,PD,AK,F
13:57:37,UNVR,RG,4450,2,D,PD,AK,F
13:57:37,UNVR,RG,4450,3,D,XC,AK,F
13:57:37,UNVR,RG,4450,1,D,XC,AK,F
13:57:37,UNVR,RG,4450,10,D,YP,AK,F
13:57:37,UNVR,RG,4450,77,D,EP,AK,F
13:57:37,UNVR,RG,4450,1,D,XC,AK,F
13:57:37,UNVR,RG,4450,20,D,YP,AK,F
13:57:37,UNVR,RG,4450,100,D,YP,AK,F
13:57:37,UNVR,RG,4450,1,D,PD,AK,F
13:57:37,UNVR,RG,4450,1,D,PD,AK,F
13:57:37,UNVR,RG,4450,2,D,NI,AK,F
13:57:37,UNVR,RG,4450,3,D,XC,AK,F
13:57:37,UNVR,RG,4450,10,D,PD,AK,F
13:57:37,UNVR,RG,4450,5,D,EP,AK,F
13:57:37,UNVR,RG,4450,10,D,YP,AK,F
13:57:37,UNVR,RG,4450,3,D,YP,AK,F
13:57:37,UNVR,RG,4450,20,D,ES,AK,F
13:57:37,UNVR,RG,4450,15,D,NI,AK,F
13:57:37,UNVR,RG,4450,2,D,NI,AK,F
13:57:37,UNVR,RG,4450,10,D,YP,AK,F
13:57:37,UNVR,RG,4450,1,D,DR,AK,F
13:57:37,UNVR,RG,4450,2,D,PD,AK,F
13:57:37,UNVR,RG,4450,1,D,XC,AK,F
13:57:37,UNVR,RG,4450,624,F,KZ,AK,F
13:57:37,UNVR,RG,4450,150,F,KZ,AZ,D
13:57:37,UNVR,RG,4450,5,D,AI,AZ,D
13:57:37,UNVR,RG,4450,5,D,XC,AZ,D
13:57:37,UNVR,RG,4450,20,D,CC,AZ,D
13:57:37,UNVR,RG,4450,3,D,XC,AZ,D
13:57:37,UNVR,RG,4450,10,D,CP,AZ,D
13:57:37,UNVR,RG,4450,1,D,CC,AZ,D
13:57:37,UNVR,RG,4450,10,D,KK,AZ,D
13:57:37,UNVR,RG,4450,1,D,PD,AZ,D
13:57:37,UNVR,RG,4450,2,D,PD,AZ,D
13:57:37,UNVR,RG,4450,3,D,XC,AZ,D
13:57:37,UNVR,RG,4450,2,D,DH,AZ,D
13:57:37,UNVR,RG,4450,2,D,PD,AZ,D
13:57:37,UNVR,RG,4450,57,D,LG,AZ,D
13:57:37,UNVR,RG,4450,20,D,CC,AZ,D
13:57:37,UNVR,RG,4450,5,F,CG,AZ,D
13:57:37,UNVR,RG,4450,1,D,NI,AZ,D
13:57:37,UNVR,RG,4450,2,D,CC,AZ,D
13:57:37,UNVR,RG,4450,3,D,XC,AZ,D
13:57:37,UNVR,RG,4450,30,D,XC,AZ,D
13:57:37,UNVR,RG,4450,1,D,XC,AZ,D
13:57:37,UNVR,RG,4450,4,D,NI,AZ,D
13:57:37,UNVR,RG,4450,1,D,OD,AZ,D
13:57:37,UNVR,RG,4450,10,D,NI,AZ,D
13:57:37,UNVR,RG,4450,3,D,XC,AZ,D
13:57:37,UNVR,RG,4450,1,D,CC,AZ,D
13:57:37,UNVR,RG,4450,3,D,CC,AZ,D
13:57:37,UNVR,RG,4450,1,D,CC,AZ,D
13:57:37,UNVR,RG,4450,5,D,CC,AZ,D
13:57:37,UNVR,RG,4450,39,D,OD,AZ,D
13:57:37,UNVR,RG,4450,11,D,OD,ZP,F
13:57:36,UNVR,RG,4450,63,D,OD,DX,F
13:57:36,UNVR,RG,4450,226,D,OD,DX,F
13:57:36,UNVR,RG,4450,161,D,OD,AK,F
13:57:36,UNVR,RG,4450,1,D,XC,AK,F
13:57:36,UNVR,RG,4450,1,D,XC,AK,F
13:57:36,UNVR,RG,4450,4,D,XC,AK,F
13:57:36,UNVR,RG,4450,5,D,XC,AK,F
13:57:36,UNVR,RG,4450,5,D,PD,AK,F
13:57:36,UNVR,RG,4450,1,D,YP,AK,F
13:57:36,UNVR,RG,4450,25,D,PD,AK,F
13:57:36,UNVR,RG,4450,5,D,PD,AK,F
13:57:36,UNVR,RG,4450,5,D,PD,AK,F
13:57:36,UNVR,RG,4450,5,D,PD,AK,F
13:57:36,UNVR,RG,4450,5,D,CC,AK,F
13:57:36,UNVR,RG,4450,5,D,CC,AK,F
13:57:36,UNVR,RG,4450,56,D,YP,AK,F
13:57:36,UNVR,RG,4450,1,D,PD,AK,F
13:57:36,UNVR,RG,4450,1,D,PD,AK,F
13:57:36,UNVR,RG,4450,1,D,PD,AK,F
13:57:36,UNVR,RG,4450,1,D,PD,AK,F
13:57:36,UNVR,RG,4450,2,D,KK,AK,F
13:57:36,UNVR,RG,4450,1,D,YP,AK,F
13:57:36,UNVR,RG,4450,3,D,YP,AK,F
13:57:36,UNVR,RG,4450,7,D,XC,AK,F
13:57:36,UNVR,RG,4450,1,D,YP,AK,F
13:57:36,UNVR,RG,4450,1,D,XC,AK,F
13:57:36,UNVR,RG,4450,6,D,XC,AK,F
13:57:36,UNVR,RG,4450,22,D,PD,AK,F
13:57:36,UNVR,RG,4450,1,D,XC,AK,F
13:57:36,UNVR,RG,4450,1,D,DH,AK,F
13:57:36,UNVR,RG,4450,1,D,PD,AK,F
13:57:36,UNVR,RG,4450,1,D,CC,AK,F
13:57:36,UNVR,RG,4450,4,D,DH,AK,F
13:57:36,UNVR,RG,4450,1,D,PD,AK,F
13:57:36,UNVR,RG,4450,3,D,PD,AK,F
13:57:36,UNVR,RG,4450,5,D,PD,AK,F
13:57:36,UNVR,RG,4450,7,D,YP,AK,F
13:57:36,UNVR,RG,4450,2,D,PD,AK,F
13:57:36,UNVR,RG,4450,225,D,PD,AK,F
13:57:36,UNVR,RG,4450,12,D,YP,AK,F
13:57:36,UNVR,RG,4450,1,D,PD,AK,F
13:57:36,UNVR,RG,4450,2,D,YP,AK,F
13:57:36,UNVR,RG,4450,2,D,SQ,AK,F
13:57:36,UNVR,RG,4450,3,D,PD,AK,F
13:57:36,UNVR,RG,4450,2,D,PD,AK,F
13:57:36,UNVR,RG,4450,3,D,PD,AK,F
13:57:36,UNVR,RG,4450,112,D,YP,AK,F
13:57:36,UNVR,RG,4450,1,D,KK,AK,F
13:57:36,UNVR,RG,4450,1,D,CC,AK,F
13:57:36,UNVR,RG,4450,1,D,PD,AK,F
13:57:36,UNVR,RG,4450,1,D,PD,AK,F
13:57:36,UNVR,RG,4450,15,D,YP,AK,F
13:57:36,UNVR,RG,4450,3,D,YP,AK,F
13:57:36,UNVR,RG,4450,50,D,PD,AK,F
13:57:36,UNVR,RG,4450,11,D,KK,AK,F
13:57:36,UNVR,RG,4450,10,D,KK,AK,F
13:57:36,UNVR,RG,4450,2,D,SQ,AK,F
13:57:36,UNVR,RG,4450,12,D,YP,AK,F
13:57:36,UNVR,RG,4450,1,D,SQ,AK,F
13:57:36,UNVR,RG,4450,2,D,KK,AK,F
13:57:36,UNVR,RG,4450,3,D,KK,AK,F
13:57:36,UNVR,RG,4450,1,D,YP,AK,F
13:57:36,UNVR,RG,4450,1,D,PD,AK,F
13:57:36,UNVR,RG,4450,2,D,EP,AK,F
13:57:36,UNVR,RG,4450,10,D,SQ,AK,F
13:57:36,UNVR,RG,4450,18,D,EP,AK,F
13:57:36,UNVR,RG,4450,30,D,PD,AK,F
13:57:36,UNVR,RG,4450,50,D,GR,AK,F
13:57:36,UNVR,RG,4450,26,D,BQ,AK,F
13:57:36,UNVR,RG,4450,2,D,CC,AK,F
13:57:36,UNVR,RG,4450,10,D,YP,AK,F
13:57:36,UNVR,RG,4450,7,D,DR,AK,F
13:57:36,UNVR,RG,4450,1,D,PD,AK,F
13:57:36,UNVR,RG,4450,10,D,SQ,AK,F
13:57:35,UNVR,RG,4450,10,D,SQ,DX,F
13:57:35,UNVR,RG,4450,21,D,EP,DX,F
13:57:35,UNVR,RG,4450,5,D,PD,DX,F
13:57:35,UNVR,RG,4450,1,D,AT,DX,F
13:57:35,UNVR,RG,4450,1,D,SQ,DX,F
13:57:35,UNVR,RG,4450,2,D,EP,DX,F
13:57:35,UNVR,RG,4450,38,D,EP,DX,F
13:57:35,UNVR,RG,4450,107,D,KK,DX,F
13:57:35,UNVR,RG,4450,893,D,KK,AK,F
13:57:35,UNVR,RG,4450,10,D,PD,AK,F
13:57:35,UNVR,RG,4450,19,D,NI,AK,F
13:57:35,UNVR,RG,4450,1,D,YP,AK,F
13:57:35,UNVR,RG,4450,77,F,KZ,AK,F
13:57:34,UNVR,RG,4450,5,F,KZ,DX,F
13:57:34,UNVR,RG,4450,16,F,KZ,DX,F
13:57:34,UNVR,RG,4450,1000,F,KZ,AK,F
13:57:33,UNVR,RG,4450,7,F,KZ,DX,F
13:57:33,UNVR,RG,4450,24,F,KZ,DX,F
13:57:32,UNVR,RG,4450,1,F,KZ,XC,D
13:57:32,UNVR,RG,4450,10,F,KZ,DX,F
13:57:32,UNVR,RG,4450,39,F,KZ,DX,F
13:57:31,UNVR,RG,4450,250,F,KZ,YP,D
13:57:20,UNVR,RG,4450,4,F,KZ,DX,F
13:57:20,UNVR,RG,4450,8,F,KZ,DX,F
13:57:19,UNVR,RG,4450,20,F,KZ,BK,D
13:57:19,UNVR,RG,4450,9,F,KZ,DX,F
13:57:18,UNVR,RG,4450,14,F,KZ,XC,D
13:57:15,UNVR,RG,4450,5,F,KZ,AK,F
13:57:08,UNVR,RG,4450,4,F,KZ,DX,F
13:57:08,UNVR,RG,4450,9,F,KZ,DX,F
13:57:07,UNVR,RG,4450,4,F,KZ,DX,F
13:57:07,UNVR,RG,4450,15,F,KZ,DX,F
13:57:06,UNVR,RG,4450,70,F,KZ,CC,D
13:57:05,UNVR,RG,4460,3,F,CS,DX,F
13:57:03,UNVR,RG,4450,6,F,KZ,AT,D
13:56:57,UNVR,RG,4450,2,F,KZ,PD,D
13:56:56,UNVR,RG,4450,7,F,KZ,DX,F
13:56:55,UNVR,RG,4450,11,F,KZ,YU,D
13:56:44,UNVR,RG,4450,1,F,KZ,PD,D
13:56:41,UNVR,RG,4450,3,F,KZ,DX,F
13:56:41,UNVR,RG,4450,8,F,KZ,DX,F
13:56:40,UNVR,RG,4450,28,F,KZ,BK,D
13:56:36,UNVR,RG,4450,4,F,KZ,XC,D
13:56:32,UNVR,RG,4450,3,F,KZ,DX,F
13:56:32,UNVR,RG,4450,6,F,KZ,DX,F
13:56:31,UNVR,RG,4450,13,F,KZ,CC,D
13:56:01,UNVR,RG,4450,6,F,KZ,DX,F
13:56:00,UNVR,RG,4460,6,F,YU,DX,F
13:56:00,UNVR,RG,4450,6,F,KZ,AK,F
13:55:47,UNVR,RG,4450,4,F,KZ,DX,F
13:55:47,UNVR,RG,4450,7,F,KZ,DX,F
13:55:46,UNVR,RG,4450,31,F,KZ,BK,D
13:55:28,UNVR,RG,4450,4,F,KZ,DX,F
13:55:27,UNVR,RG,4450,10,F,KZ,YP,D
13:55:15,UNVR,RG,4460,1,D,PD,DX,F
13:55:12,UNVR,RG,4460,1,D,PD,BK,D
13:55:06,UNVR,RG,4450,4,F,KZ,DX,F
13:55:05,UNVR,RG,4460,3,F,CS,BK,D
13:54:59,UNVR,RG,4450,2,F,KZ,DX,F
13:54:58,UNVR,RG,4450,5,F,KZ,SQ,D
13:54:43,UNVR,RG,4450,5,F,KZ,DX,F
13:54:42,UNVR,RG,4460,10,D,CC,BK,D
13:54:30,UNVR,RG,4450,6,F,KZ,AK,F
13:54:20,UNVR,RG,4450,2,F,KZ,DX,F
13:54:20,UNVR,RG,4450,5,F,KZ,DX,F
13:54:19,UNVR,RG,4460,10,D,XC,BK,D
13:54:03,UNVR,RG,4460,1,D,YP,BK,D
13:53:51,UNVR,RG,4450,2,F,KZ,XC,D
13:53:45,UNVR,RG,4460,1,D,PD,BK,D
13:53:35,UNVR,RG,4450,1,F,KZ,NI,D
13:53:26,UNVR,RG,4450,4,F,KZ,DX,F
13:53:25,UNVR,RG,4450,3,F,KZ,DX,F
13:53:25,UNVR,RG,4450,1,F,KZ,XC,D
13:53:25,UNVR,RG,4450,6,F,KZ,DX,F
13:53:24,UNVR,RG,4450,32,F,KZ,CC,D
13:53:17,UNVR,RG,4450,1,F,KZ,DX,F
13:53:16,UNVR,RG,4450,4,F,KZ,DX,F
13:53:15,UNVR,RG,4450,6,F,KZ,AK,F
13:53:09,UNVR,RG,4460,3,D,PD,BK,D
13:53:08,UNVR,RG,4450,4,F,KZ,DX,F
13:53:07,UNVR,RG,4450,3,F,KZ,DX,F
13:53:07,UNVR,RG,4450,5,F,KZ,DX,F
13:53:05,UNVR,RG,4460,25,F,DR,BK,D
13:52:59,UNVR,RG,4460,3,F,CS,BK,D
13:52:49,UNVR,RG,4450,3,F,KZ,SQ,D
13:52:36,UNVR,RG,4450,2,F,KZ,YP,D
13:52:34,UNVR,RG,4450,4,F,KZ,DX,F
13:52:33,UNVR,RG,4460,1,D,NI,BK,D
13:52:24,UNVR,RG,4450,1,F,KZ,DX,F
13:52:23,UNVR,RG,4460,10,D,KK,BK,D
13:51:57,UNVR,RG,4460,1,D,NI,BK,D
13:51:56,UNVR,RG,4450,1,F,KZ,DX,F
13:51:55,UNVR,RG,4450,4,F,KZ,DX,F
13:51:55,UNVR,RG,4450,3,F,KZ,BQ,D
13:51:52,UNVR,RG,4450,1,F,KZ,PD,D
13:51:51,UNVR,RG,4450,2,F,KZ,RG,D
13:51:38,UNVR,RG,4460,1,D,CC,BK,D
13:51:24,UNVR,RG,4450,1,F,KZ,DX,F
13:51:23,UNVR,RG,4450,4,F,KZ,DX,F
13:51:23,UNVR,RG,4460,10,D,IF,BK,D
13:51:12,UNVR,RG,4460,2,F,CS,BK,D
13:51:06,UNVR,RG,4450,1,F,KZ,DX,F
13:51:06,UNVR,RG,4450,4,F,KZ,DX,F
13:51:06,UNVR,RG,4460,10,D,PD,BK,D
13:50:42,UNVR,RG,4460,1,D,XC,BK,D
13:50:31,UNVR,RG,4460,2,D,KK,BK,D
13:50:30,UNVR,RG,4450,2,F,KZ,DX,F
13:50:30,UNVR,RG,4450,4,F,KZ,DX,F
13:50:29,UNVR,RG,4450,4,F,KZ,DX,F
13:50:29,UNVR,RG,4460,6,D,YP,BK,D
13:50:28,UNVR,RG,4450,2,F,KZ,DX,F
13:50:28,UNVR,RG,4450,4,F,KZ,DX,F
13:50:28,UNVR,RG,4450,29,F,KZ,YP,D
13:50:18,UNVR,RG,4450,2,F,KZ,DR,D
13:49:57,UNVR,RG,4450,1,F,KZ,KK,D
13:49:55,UNVR,RG,4450,3,F,KZ,DX,F
13:49:54,UNVR,RG,4450,2,F,KZ,DX,F
13:49:53,UNVR,RG,4450,3,F,KZ,DX,F
13:49:53,UNVR,RG,4460,5,D,YU,BK,D
13:49:52,UNVR,RG,4450,4,F,KZ,DX,F
13:49:51,UNVR,RG,4450,6,F,KZ,DX,F
13:49:50,UNVR,RG,4450,8,F,KZ,DX,F
13:49:50,UNVR,RG,4450,4,F,KZ,DX,F
13:49:49,UNVR,RG,4450,4,F,KZ,DX,F
13:49:49,UNVR,RG,4450,13,F,KZ,DX,F
13:49:48,UNVR,RG,4460,5,D,YP,BK,D
13:49:48,UNVR,RG,4460,1,D,YP,ZP,F
13:49:48,UNVR,RG,4460,94,D,YP,YP,D
13:49:15,UNVR,RG,4460,3,D,NI,YP,D
13:49:13,UNVR,RG,4460,1,D,XC,YP,D
13:49:13,UNVR,RG,4460,2,D,SQ,YP,D
13:49:13,UNVR,RG,4460,7,F,KZ,YP,D
13:49:13,UNVR,RG,4460,1,D,PD,YP,D
13:49:13,UNVR,RG,4460,25,D,CC,YP,D
13:49:13,UNVR,RG,4460,12,F,KZ,YP,D
13:49:13,UNVR,RG,4460,46,D,NI,YP,D
13:49:13,UNVR,RG,4460,1,D,YP,YP,D
13:49:13,UNVR,RG,4460,1,D,TP,YP,D
13:49:13,UNVR,RG,4460,7,F,KZ,YP,D
13:49:13,UNVR,RG,4460,10,F,AK,CC,D
13:49:13,UNVR,RG,4460,18,F,AK,YP,F
13:49:13,UNVR,RG,4460,1,F,KZ,YP,F
13:49:13,UNVR,RG,4460,2,D,YU,YP,F
13:49:13,UNVR,RG,4460,1,F,KZ,YP,F
13:49:13,UNVR,RG,4460,3,D,NI,YP,F
13:49:13,UNVR,RG,4460,19,F,KZ,YP,F
13:49:13,UNVR,RG,4460,76,F,CC,YP,F
13:49:12,UNVR,RG,4460,1,F,CC,MG,D
13:49:12,UNVR,RG,4460,68,F,CC,DX,F
13:49:12,UNVR,RG,4460,6,F,KZ,DX,F
13:49:12,UNVR,RG,4460,2,D,PD,DX,F
13:49:12,UNVR,RG,4460,1,D,PD,DX,F
13:49:12,UNVR,RG,4460,2,D,PD,DX,F
13:49:12,UNVR,RG,4460,5,D,CC,DX,F
13:49:12,UNVR,RG,4460,5,D,CC,DX,F
13:49:12,UNVR,RG,4460,2,D,AT,DX,F
13:49:12,UNVR,RG,4460,10,D,OD,DX,F
13:49:12,UNVR,RG,4460,6,D,XC,DX,F
13:49:12,UNVR,RG,4460,8,D,YP,DX,F
13:49:11,UNVR,RG,4460,17,D,YP,YP,D
13:49:11,UNVR,RG,4460,190,F,RX,YP,D
13:49:03,UNVR,RG,4460,2,F,RX,PD,D
13:48:58,UNVR,RG,4470,1,D,YU,DX,F
13:48:57,UNVR,RG,4460,50,F,RX,CC,D
13:48:57,UNVR,RG,4460,50,F,KZ,CC,D
13:48:44,UNVR,RG,4460,1,F,KZ,NI,D
13:48:24,UNVR,RG,4470,18,D,DH,DX,F
13:48:24,UNVR,RG,4470,32,D,DH,BK,F
13:48:11,UNVR,RG,4460,1,F,KZ,PD,D
13:48:08,UNVR,RG,4470,1,D,XC,BK,F
13:48:03,UNVR,RG,4460,42,F,KZ,YP,D
13:47:53,UNVR,RG,4470,60,F,YP,BK,F
13:47:50,UNVR,RG,4460,5,F,KZ,DR,D
13:47:43,UNVR,RG,4460,1,F,KZ,ZP,F
13:47:42,UNVR,RG,4460,104,F,KZ,DX,F
13:47:41,UNVR,RG,4460,19,F,KZ,BK,F
13:47:39,UNVR,RG,4460,20,F,KZ,RB,D
13:47:37,UNVR,RG,4460,49,F,KZ,BK,F
13:47:34,UNVR,RG,4460,155,F,KZ,DX,F
13:47:33,UNVR,RG,4460,630,F,KZ,YU,F
13:47:24,UNVR,RG,4460,18,F,KZ,BK,F
13:47:21,UNVR,RG,4460,6,F,KZ,YB,D
13:47:21,UNVR,RG,4460,23,F,KZ,BK,F
13:47:18,UNVR,RG,4460,1,F,KZ,XC,D
13:47:17,UNVR,RG,4460,106,F,KZ,DX,F
13:47:16,UNVR,RG,4460,145,F,KZ,BK,F
13:47:14,UNVR,RG,4460,146,F,KZ,DX,F
13:47:13,UNVR,RG,4460,184,F,KZ,DX,F
13:47:13,UNVR,RG,4460,203,F,KZ,DX,F
13:47:12,UNVR,RG,4460,91,F,KZ,DX,F
13:47:12,UNVR,RG,4460,1,D,XC,DX,F
13:47:12,UNVR,RG,4460,10,D,CC,DX,F
13:47:12,UNVR,RG,4460,15,D,YP,DX,F
13:47:12,UNVR,RG,4460,13,D,XC,DX,F
13:47:12,UNVR,RG,4460,5,D,YU,DX,F
13:47:12,UNVR,RG,4460,5,D,AI,DX,F
13:47:12,UNVR,RG,4460,11,D,CC,DX,F
13:47:12,UNVR,RG,4460,41,F,KZ,DX,F
13:47:12,UNVR,RG,4460,135,D,KK,DX,F
13:47:12,UNVR,RG,4470,9,D,BB,YU,F
13:47:12,UNVR,RG,4470,49,D,BB,YU,F
13:47:12,UNVR,RG,4470,1,D,BB,YU,F
13:47:12,UNVR,RG,4470,3,D,BB,YU,F
13:47:11,UNVR,RG,4470,14,F,RX,YU,F
13:47:11,UNVR,RG,4460,6,D,KK,DX,F
13:47:11,UNVR,RG,4460,57,F,KZ,DX,F
13:47:11,UNVR,RG,4460,1,D,YP,DX,F
13:47:11,UNVR,RG,4460,100,D,YP,DX,F
13:47:11,UNVR,RG,4460,14,D,PD,DX,F
13:47:11,UNVR,RG,4460,186,D,PD,DX,F
13:47:11,UNVR,RG,4460,2,D,BB,DX,F
13:47:11,UNVR,RG,4460,210,F,KZ,DX,F
13:47:11,UNVR,RG,4460,68,F,RX,DX,F
13:47:11,UNVR,RG,4460,75,F,RX,BK,F
13:47:11,UNVR,RG,4460,88,D,AZ,BK,F
13:47:11,UNVR,RG,4470,10,D,BB,YU,F
13:47:11,UNVR,RG,4470,1,D,BB,YU,F
13:47:10,UNVR,RG,4470,2,F,CS,YU,F
13:47:10,UNVR,RG,4470,21,F,CC,YU,F
13:47:10,UNVR,RG,4470,1,D,XC,YU,F
13:47:10,UNVR,RG,4470,3,F,YU,YU,F
13:47:10,UNVR,RG,4470,1,F,KZ,YU,F
13:47:10,UNVR,RG,4470,3,D,YP,YU,F
13:47:10,UNVR,RG,4470,1,F,ZP,YU,F
13:47:10,UNVR,RG,4470,1,F,KZ,YU,F
13:47:10,UNVR,RG,4470,4,F,KZ,YU,F
13:47:10,UNVR,RG,4470,10,D,DR,YU,F
13:47:10,UNVR,RG,4470,3,D,NI,YU,F
13:47:10,UNVR,RG,4470,2,F,KZ,YU,F
13:47:10,UNVR,RG,4470,10,D,PD,YU,F
13:47:10,UNVR,RG,4470,1,F,CS,YU,F
13:47:10,UNVR,RG,4470,1,F,KZ,YU,F
13:47:10,UNVR,RG,4470,5,F,KZ,YU,F
13:47:10,UNVR,RG,4470,1,F,KZ,YU,F
13:47:10,UNVR,RG,4470,1,D,AG,YU,F
13:47:10,UNVR,RG,4470,27,F,KZ,YU,F
13:47:10,UNVR,RG,4470,1,F,KZ,YU,F
13:47:10,UNVR,RG,4470,1,F,KZ,YU,F
13:47:10,UNVR,RG,4470,7,F,KZ,YU,F
13:47:10,UNVR,RG,4470,1,D,SQ,YU,F
13:47:10,UNVR,RG,4470,2,F,KZ,YU,F
13:47:10,UNVR,RG,4470,25,D,CC,YU,F
13:47:10,UNVR,RG,4470,74,D,BB,YU,F
13:47:10,UNVR,RG,4470,1,F,KZ,YU,F
13:47:10,UNVR,RG,4470,3,F,CS,YU,F
13:47:10,UNVR,RG,4470,6,F,KZ,YU,F
13:47:10,UNVR,RG,4470,22,D,NI,YU,F
13:47:10,UNVR,RG,4470,59,F,KZ,YU,F
13:47:10,UNVR,RG,4470,82,D,XC,YU,F
13:47:10,UNVR,RG,4470,44,D,BB,YU,F
13:47:10,UNVR,RG,4470,105,D,BB,YU,F
13:47:10,UNVR,RG,4470,156,F,KZ,YU,F
13:47:10,UNVR,RG,4470,12,D,BB,YU,F
13:47:10,UNVR,RG,4470,164,D,BB,YU,F
13:47:10,UNVR,RG,4470,263,F,RX,YU,F
13:47:10,UNVR,RG,4470,173,D,BB,YU,F
13:47:10,UNVR,RG,4470,1984,F,KZ,YU,F
13:47:09,UNVR,RG,4480,1,D,YP,SQ,D
13:46:41,UNVR,RG,4470,2,F,KZ,YP,D
13:46:40,UNVR,RG,4470,3,F,KZ,ZP,F
13:46:25,UNVR,RG,4470,37,F,KZ,DX,F
13:46:24,UNVR,RG,4470,2,F,KZ,DR,D
13:46:24,UNVR,RG,4470,100,F,KZ,CC,D
13:46:06,UNVR,RG,4470,16,F,KZ,XC,D
13:46:01,UNVR,RG,4470,2,F,KZ,YP,D
13:45:57,UNVR,RG,4470,35,F,KZ,DX,F
13:45:56,UNVR,RG,4470,20,F,KZ,PD,D
13:45:50,UNVR,RG,4480,2,D,PD,SQ,D
13:45:47,UNVR,RG,4470,9,F,KZ,PD,D
13:45:35,UNVR,RG,4480,1,F,RX,SQ,D
13:45:32,UNVR,RG,4480,2,D,XC,SQ,D
13:45:31,UNVR,RG,4470,1,F,KZ,XC,D
13:45:20,UNVR,RG,4480,10,F,RX,SQ,D
13:45:20,UNVR,RG,4480,1,F,RX,YP,D
13:45:20,UNVR,RG,4480,2,F,RX,PD,D
13:45:20,UNVR,RG,4480,1,F,RX,XC,D
13:45:20,UNVR,RG,4480,1,F,RX,XC,D
13:45:20,UNVR,RG,4480,3,F,RX,NI,D
13:45:20,UNVR,RG,4470,1,F,KZ,NI,D
13:45:18,UNVR,RG,4470,1,F,KZ,YP,D
13:45:16,UNVR,RG,4480,1,D,AG,NI,D
13:45:05,UNVR,RG,4480,2,D,DR,NI,D
13:45:05,UNVR,RG,4480,1,D,DR,SQ,D
13:45:05,UNVR,RG,4480,4,D,DR,YP,D
13:45:05,UNVR,RG,4480,1,D,DR,YP,D
13:45:05,UNVR,RG,4480,25,D,DR,YP,D
13:45:05,UNVR,RG,4480,2,D,DR,DX,D
13:45:05,UNVR,RG,4480,1,D,DR,LS,D
13:45:05,UNVR,RG,4480,14,D,DR,GR,D
13:45:02,UNVR,RG,4470,35,F,KZ,DX,F
13:45:00,UNVR,RG,4470,2,F,KZ,CC,D
13:45:00,UNVR,RG,4470,48,F,RX,CC,D
13:44:58,UNVR,RG,4480,2,D,HP,GR,D
13:44:49,UNVR,RG,4470,48,F,RX,XC,D
13:44:49,UNVR,RG,4470,7,F,RX,YP,D
13:44:49,UNVR,RG,4470,8,D,BB,YP,D
13:44:39,UNVR,RG,4470,1,D,BB,XC,D
13:44:26,UNVR,RG,4470,1,D,BB,AI,D
13:44:13,UNVR,RG,4470,1,D,BB,EP,D
13:44:11,UNVR,RG,4480,1,D,AG,GR,D
13:44:09,UNVR,RG,4470,12,D,BB,DX,F
13:44:09,UNVR,RG,4470,5,D,BB,DX,F
13:44:09,UNVR,RG,4470,16,D,BB,DX,F
13:44:09,UNVR,RG,4470,1,D,BB,AT,D
13:44:08,UNVR,RG,4470,33,D,BB,DX,F
13:44:08,UNVR,RG,4470,17,D,BB,DX,F
13:44:08,UNVR,RG,4470,4,D,BB,DX,F
13:44:07,UNVR,RG,4470,42,D,BB,DX,F
13:44:07,UNVR,RG,4470,49,D,BB,DX,F
13:44:05,UNVR,RG,4470,22,D,BB,DX,F
13:44:05,UNVR,RG,4470,128,F,KZ,DX,F
13:44:05,UNVR,RG,4470,15,F,KZ,XC,D
13:44:04,UNVR,RG,4470,19,F,KZ,DX,F
13:44:04,UNVR,RG,4470,1,D,XC,DX,F
13:44:04,UNVR,RG,4470,1,D,NI,DX,F
13:44:04,UNVR,RG,4470,5,D,XC,DX,F
13:44:04,UNVR,RG,4470,10,D,PD,DX,F
13:44:04,UNVR,RG,4470,1,D,XC,DX,F
13:44:04,UNVR,RG,4470,2,F,CS,DX,F
13:44:04,UNVR,RG,4470,3,D,PD,DX,F
13:44:04,UNVR,RG,4470,3,F,YU,DX,F
13:44:04,UNVR,RG,4470,29,F,AK,DX,F
13:44:04,UNVR,RG,4470,1,D,YP,DX,F
13:44:04,UNVR,RG,4470,42,F,KZ,DX,F
13:44:04,UNVR,RG,4470,5,D,CC,DX,F
13:44:04,UNVR,RG,4470,20,D,YP,DX,F
13:44:04,UNVR,RG,4470,265,F,KZ,DX,F
13:44:04,UNVR,RG,4470,121,F,RX,DX,F
13:44:04,UNVR,RG,4470,472,D,RG,DX,F
13:44:00,UNVR,RG,4470,26,D,RG,DX,F
13:43:58,UNVR,RG,4480,3,D,CC,GR,D
13:43:58,UNVR,RG,4480,20,D,CC,YP,D
13:43:58,UNVR,RG,4480,10,D,CC,NI,D
13:43:58,UNVR,RG,4480,2,D,CC,PD,D
13:43:58,UNVR,RG,4480,5,D,CC,PD,D
13:43:58,UNVR,RG,4480,70,D,CC,CC,D
13:43:58,UNVR,RG,4480,1,D,AG,CC,D
13:43:56,UNVR,RG,4470,1,D,RG,XC,D
13:43:56,UNVR,RG,4470,17,D,RG,DX,F
13:43:55,UNVR,RG,4470,29,D,RG,DX,F
13:43:54,UNVR,RG,4470,49,D,RG,DX,F
13:43:53,UNVR,RG,4470,82,D,RG,DX,F
13:43:52,UNVR,RG,4470,138,D,RG,DX,F
13:43:51,UNVR,RG,4470,1,D,RG,ZP,F
13:43:51,UNVR,RG,4470,185,D,RG,EP,D
13:43:51,UNVR,RG,4470,29,F,AK,EP,D
13:43:51,UNVR,RG,4470,58,F,KZ,EP,D
13:43:51,UNVR,RG,4470,1,D,BB,EP,D
13:43:51,UNVR,RG,4470,1,D,BB,EP,D
13:43:51,UNVR,RG,4470,1,D,BB,EP,D
13:43:51,UNVR,RG,4470,1,D,BB,EP,D
13:43:51,UNVR,RG,4470,221,F,RX,EP,D
13:43:51,UNVR,RG,4470,102,F,KZ,EP,D
13:43:51,UNVR,RG,4470,1,D,BB,EP,D
13:43:51,UNVR,RG,4470,1,F,KZ,EP,D
13:43:51,UNVR,RG,4470,1,F,KZ,EP,D
13:43:51,UNVR,RG,4470,16,D,BB,EP,D
13:43:51,UNVR,RG,4470,185,F,KZ,EP,D
13:43:51,UNVR,RG,4470,3,F,YU,EP,D
13:43:51,UNVR,RG,4470,4,F,YU,EP,D
13:43:51,UNVR,RG,4470,4,F,CS,EP,D
13:43:51,UNVR,RG,4470,10,F,RX,EP,D
13:43:51,UNVR,RG,4470,176,D,AT,EP,D
13:43:51,UNVR,RG,4470,4,D,AT,DX,F
13:43:50,UNVR,RG,4470,8,D,AT,DX,F
13:43:49,UNVR,RG,4470,13,D,AT,DX,F
13:43:47,UNVR,RG,4470,100,D,AT,PD,D
13:43:37,UNVR,RG,4470,4,D,AT,NI,D
13:43:36,UNVR,RG,4470,1,D,AT,PD,D
13:43:30,UNVR,RG,4470,1,D,AT,GR,D
13:43:14,UNVR,RG,4470,10,D,AT,AZ,D
13:43:09,UNVR,RG,4470,10,D,AT,KK,D
13:43:07,UNVR,RG,4470,2,D,AT,PD,D
13:42:52,UNVR,RG,4470,2,D,AT,CC,D
13:42:48,UNVR,RG,4470,1,D,AT,DH,D
13:42:46,UNVR,RG,4470,5,D,AT,CC,D
13:42:43,UNVR,RG,4470,10,D,AT,PD,D
13:42:33,UNVR,RG,4480,1,D,DR,CC,D
13:42:29,UNVR,RG,4470,10,D,AT,CC,D
13:42:26,UNVR,RG,4470,1,D,AT,YP,D
13:42:11,UNVR,RG,4470,1,D,AT,XC,D
13:42:03,UNVR,RG,4470,1,D,AT,NI,D
13:42:03,UNVR,RG,4470,27,D,AT,DX,F
13:42:03,UNVR,RG,4470,7,D,AT,DX,F
13:42:02,UNVR,RG,4470,33,D,AT,BK,F
13:42:02,UNVR,RG,4470,6,D,AT,DX,F
13:42:02,UNVR,RG,4470,59,D,AT,DX,F
13:42:02,UNVR,RG,4470,49,D,AT,DX,F
13:42:02,UNVR,RG,4470,1,D,AT,EP,D
13:42:02,UNVR,RG,4470,429,D,AT,DX,F
13:42:02,UNVR,RG,4470,29,D,AT,CS,F
13:42:02,UNVR,RG,4470,7,D,BB,CS,F
13:42:02,UNVR,RG,4470,2,D,BB,CS,F
13:42:02,UNVR,RG,4470,7,D,BB,CS,F
13:42:02,UNVR,RG,4470,4,D,BB,CS,F
13:42:02,UNVR,RG,4470,1,D,BB,CS,F
13:42:02,UNVR,RG,4470,2,D,BB,CS,F
13:42:02,UNVR,RG,4470,5,F,RX,CS,F
13:42:01,UNVR,RG,4470,1,D,BB,CS,F
13:42:01,UNVR,RG,4470,3,D,BB,CS,F
13:42:01,UNVR,RG,4470,1,D,BB,CS,F
13:42:01,UNVR,RG,4470,3,D,BB,CS,F
13:42:01,UNVR,RG,4470,3,D,BB,CS,F
13:42:01,UNVR,RG,4470,1,F,KZ,CS,F
13:42:01,UNVR,RG,4470,15,F,RX,CS,F
13:42:00,UNVR,RG,4470,1,D,BB,CS,F
13:42:00,UNVR,RG,4470,3,D,BB,CS,F
13:42:00,UNVR,RG,4470,8,D,NI,CS,F
13:42:00,UNVR,RG,4470,5,D,BB,CS,F
13:42:00,UNVR,RG,4470,6,D,BB,CS,F
13:42:00,UNVR,RG,4470,2,D,BB,CS,F
13:42:00,UNVR,RG,4470,1,D,BB,CS,F
13:42:00,UNVR,RG,4470,70,F,KZ,CS,F
13:42:00,UNVR,RG,4470,12,D,BB,CS,F
13:42:00,UNVR,RG,4470,6,D,BB,CS,F
13:42:00,UNVR,RG,4470,5,D,BB,YP,D
13:42:00,UNVR,RG,4470,3,D,BB,YP,D
13:42:00,UNVR,RG,4470,2,F,RX,YP,D
13:42:00,UNVR,RG,4470,12,F,RX,BK,F
13:41:59,UNVR,RG,4470,8,D,BB,BK,F
13:41:59,UNVR,RG,4470,4,D,BB,BK,F
13:41:59,UNVR,RG,4470,33,F,RX,BK,F
13:41:59,UNVR,RG,4470,1,F,RX,AK,F
13:41:58,UNVR,RG,4470,4,D,BB,AK,F
13:41:58,UNVR,RG,4470,15,D,BB,DX,F
13:41:58,UNVR,RG,4470,19,D,BB,DX,F
13:41:58,UNVR,RG,4470,5,D,BB,DX,F
13:41:58,UNVR,RG,4470,7,D,BB,DX,F
13:41:58,UNVR,RG,4470,1,D,BB,DX,F
13:41:58,UNVR,RG,4470,1,D,BB,DX,F
13:41:58,UNVR,RG,4470,13,D,BB,DX,F
13:41:58,UNVR,RG,4470,77,F,KZ,DX,F
13:41:58,UNVR,RG,4470,10,D,YP,DX,F
13:41:58,UNVR,RG,4470,100,D,YP,DX,F
13:41:58,UNVR,RG,4470,10,D,CC,DX,F
13:41:57,UNVR,RG,4470,1,D,BB,DX,F
13:41:57,UNVR,RG,4470,1,D,BB,DX,F
13:41:57,UNVR,RG,4470,1,F,KZ,DX,F
13:41:57,UNVR,RG,4470,300,D,AZ,DX,F
13:41:57,UNVR,RG,4470,1,F,RX,DX,F
13:41:56,UNVR,RG,4470,2,D,AT,DX,F
13:41:56,UNVR,RG,4470,3,F,KZ,DX,F
13:41:55,UNVR,RG,4470,2,F,RX,DX,F
13:41:55,UNVR,RG,4470,1,D,BB,DX,F
13:41:55,UNVR,RG,4470,1,D,BB,DX,F
13:41:55,UNVR,RG,4470,1,D,BB,DX,F
13:41:54,UNVR,RG,4470,1,D,BB,DX,F
13:41:54,UNVR,RG,4470,1,D,BB,DX,F
13:41:54,UNVR,RG,4470,1,F,KZ,DX,F
13:41:54,UNVR,RG,4470,4,F,KZ,DX,F
13:41:53,UNVR,RG,4470,1,D,BB,DX,F
13:41:53,UNVR,RG,4470,9,F,KZ,DX,F
13:41:53,UNVR,RG,4470,1,D,BB,DX,F
13:41:52,UNVR,RG,4470,5,F,RX,DX,F
13:41:52,UNVR,RG,4470,1,D,BB,DX,F
13:41:52,UNVR,RG,4470,1,D,BB,DX,F
13:41:52,UNVR,RG,4470,1,D,BB,DX,F
13:41:52,UNVR,RG,4470,1,D,BB,DX,F
13:41:52,UNVR,RG,4470,2,D,BB,DX,F
13:41:51,UNVR,RG,4470,2,F,RX,DX,F
13:41:51,UNVR,RG,4470,1,D,BB,DX,F
13:41:51,UNVR,RG,4470,1,F,KZ,DX,F
13:41:51,UNVR,RG,4470,3,D,BB,DX,F
13:41:51,UNVR,RG,4470,3,D,BB,DX,F
13:41:50,UNVR,RG,4470,3,D,BB,DX,F
13:41:50,UNVR,RG,4470,3,D,BB,DX,F
13:41:50,UNVR,RG,4470,5,F,RX,DX,F
13:41:50,UNVR,RG,4470,1,D,BB,DX,F
13:41:50,UNVR,RG,4470,1,D,BB,DX,F
13:41:50,UNVR,RG,4470,2,D,BB,DX,F
13:41:50,UNVR,RG,4470,30,F,KZ,DX,F
13:41:49,UNVR,RG,4470,6,F,RX,DX,F
13:41:49,UNVR,RG,4470,4,D,BB,DX,F
13:41:49,UNVR,RG,4470,1,D,BB,DX,F
13:41:49,UNVR,RG,4470,5,D,BB,DX,F
13:41:49,UNVR,RG,4470,3,D,BB,DX,F
13:41:49,UNVR,RG,4470,2,D,BB,DX,F
13:41:49,UNVR,RG,4470,2,D,CC,DX,F
13:41:48,UNVR,RG,4470,9,F,RX,DX,F
13:41:48,UNVR,RG,4470,1,D,BB,DX,F
13:41:48,UNVR,RG,4470,3,D,BB,DX,F
13:41:48,UNVR,RG,4470,11,D,BB,DX,F
13:41:48,UNVR,RG,4470,11,D,BB,DX,F
13:41:48,UNVR,RG,4470,3,D,BB,DX,F
13:41:48,UNVR,RG,4470,1,D,BB,DX,F
13:41:48,UNVR,RG,4470,7,D,BB,DX,F
13:41:48,UNVR,RG,4470,3,F,KZ,DX,F
13:41:47,UNVR,RG,4470,23,F,RX,DX,F
13:41:47,UNVR,RG,4470,9,D,BB,DX,F
13:41:47,UNVR,RG,4470,5,D,BB,DX,F
13:41:47,UNVR,RG,4470,3,D,BB,DX,F
13:41:47,UNVR,RG,4470,10,D,BB,DX,F
13:41:47,UNVR,RG,4470,1,D,BB,DX,F
13:41:47,UNVR,RG,4470,8,D,BB,DX,F
13:41:47,UNVR,RG,4470,26,F,KZ,DX,F
13:41:46,UNVR,RG,4470,102,F,RX,DX,F
13:41:46,UNVR,RG,4470,78,F,KZ,DX,F
13:41:45,UNVR,RG,4470,19,D,BB,DX,F
13:41:45,UNVR,RG,4470,1,D,BB,YP,D
13:41:45,UNVR,RG,4470,3,D,BB,XC,D
13:41:45,UNVR,RG,4470,10,D,BB,CC,D
13:41:45,UNVR,RG,4470,2,D,BB,XC,D
13:41:45,UNVR,RG,4470,26,D,BB,DX,F
13:41:45,UNVR,RG,4470,8,F,RX,DX,F
13:41:45,UNVR,RG,4470,60,D,BB,DX,F
13:41:45,UNVR,RG,4470,16,D,BB,DX,F
13:41:45,UNVR,RG,4470,5,D,BB,DX,F
13:41:45,UNVR,RG,4470,21,D,BB,DX,F
13:41:45,UNVR,RG,4470,28,D,BB,DX,F
13:41:45,UNVR,RG,4470,14,D,BB,AK,D
13:41:44,UNVR,RG,4470,4,D,BB,AK,D
13:41:44,UNVR,RG,4470,35,F,KZ,AK,D
13:41:44,UNVR,RG,4470,2,F,KZ,GR,D
13:41:44,UNVR,RG,4470,1,F,KZ,IF,D
13:41:44,UNVR,RG,4470,5,F,KZ,YP,D
13:41:44,UNVR,RG,4470,452,F,KZ,CS,F
13:41:44,UNVR,RG,4470,1,F,KZ,PD,D
13:41:44,UNVR,RG,4470,7,F,KZ,SQ,D
13:41:44,UNVR,RG,4470,5,F,KZ,ZP,F
13:41:44,UNVR,RG,4470,5,F,KZ,AK,F
13:41:44,UNVR,RG,4470,1,F,KZ,CC,D
13:41:44,UNVR,RG,4470,3,F,KZ,BK,D
13:41:44,UNVR,RG,4470,97,F,KZ,DX,F
13:41:44,UNVR,RG,4470,6,F,KZ,PD,D
13:41:44,UNVR,RG,4470,12,F,KZ,NI,D
13:41:44,UNVR,RG,4470,6,F,KZ,AK,F
13:41:44,UNVR,RG,4470,52,F,KZ,BK,D
13:41:44,UNVR,RG,4470,204,F,KZ,BK,F
13:41:44,UNVR,RG,4470,23,F,KZ,DX,F
13:41:44,UNVR,RG,4470,2,F,KZ,DX,F
13:41:44,UNVR,RG,4470,11,F,KZ,DX,F
13:41:44,UNVR,RG,4470,1,F,KZ,DX,F
13:41:44,UNVR,RG,4470,3,F,KZ,DX,F
13:41:43,UNVR,RG,4470,23,F,RX,DX,F
13:41:43,UNVR,RG,4470,3,D,BB,DX,F
13:41:43,UNVR,RG,4470,16,D,BB,DX,F
13:41:43,UNVR,RG,4470,1,D,BB,DX,F
13:41:43,UNVR,RG,4470,11,D,BB,DX,F
13:41:43,UNVR,RG,4470,15,D,BB,DX,F
13:41:43,UNVR,RG,4470,4,D,BB,DX,F
13:41:42,UNVR,RG,4470,3,F,RX,DX,F
13:41:42,UNVR,RG,4470,1,D,BB,DX,F
13:41:42,UNVR,RG,4470,1,D,BB,DX,F
13:41:42,UNVR,RG,4470,1,D,BB,DX,F
13:41:41,UNVR,RG,4470,48,F,RX,DX,F
13:41:41,UNVR,RG,4470,7,D,BB,DX,F
13:41:41,UNVR,RG,4470,41,D,BB,DX,F
13:41:41,UNVR,RG,4470,10,D,BB,EP,D
13:41:41,UNVR,RG,4470,2,D,BB,PD,D
13:41:41,UNVR,RG,4470,2,D,BB,YP,D
13:41:41,UNVR,RG,4470,53,D,BB,BK,D
13:41:41,UNVR,RG,4470,28,D,BB,DX,F
13:41:41,UNVR,RG,4470,13,D,BB,DX,F
