Time,Stock,Brd,Price,Qty,BT,BC,SC,ST
15:14:51,UNVR,RG,4430,5,D,OD,PD,D
15:14:50,UNVR,RG,4430,2,D,OD,DR,D
15:12:26,UNVR,RG,4430,1,D,OD,YP,D
15:11:50,UNVR,RG,4430,31,D,OD,XC,D
15:11:47,UNVR,RG,4430,2,D,OD,YP,D
15:11:03,UNVR,RG,4430,23,D,OD,XC,D
15:09:24,UNVR,RG,4430,2,D,OD,YP,D
15:08:19,UNVR,RG,4430,1,D,OD,OD,D
15:05:45,UNVR,RG,4430,2,D,OD,XC,D
15:05:28,UNVR,RG,4430,30,D,OD,CC,D
15:05:04,UNVR,RG,4430,80,D,OD,YP,D
15:05:04,UNVR,RG,4430,17,D,OD,YP,D
15:05:03,UNVR,RG,4430,5,D,OD,YP,D
15:05:03,UNVR,RG,4430,1,D,OD,YP,D
15:05:03,UNVR,RG,4430,2,D,OD,YP,D
15:05:02,UNVR,RG,4430,1,D,OD,CC,D
15:05:00,UNVR,RG,4430,2,D,OD,KK,D
15:05:00,UNVR,RG,4430,11,D,OD,YB,D
15:05:00,UNVR,RG,4430,50,D,OD,ZP,D
15:05:00,UNVR,RG,4430,183,D,OD,CP,D
15:05:00,UNVR,RG,4430,181,D,PD,CP,D
15:00:00,UNVR,RG,4430,1,D,PD,XL,D
15:00:00,UNVR,RG,4430,1,D,PD,YP,D
15:00:00,UNVR,RG,4430,300,D,PD,LG,D
15:00:00,UNVR,RG,4430,1,D,PD,YP,D
15:00:00,UNVR,RG,4430,1,D,PD,YP,D
15:00:00,UNVR,RG,4430,2,D,PD,PD,D
15:00:00,UNVR,RG,4430,125,D,PD,XC,D
15:00:00,UNVR,RG,4430,2,D,PD,KK,D
15:00:00,UNVR,RG,4430,10,D,PD,CC,D
15:00:00,UNVR,RG,4430,100,D,PD,XC,D
15:00:00,UNVR,RG,4430,6,D,PD,CC,D
15:00:00,UNVR,RG,4430,5,D,PD,YP,D
15:00:00,UNVR,RG,4430,1,D,PD,XC,D
15:00:00,UNVR,RG,4430,264,D,PD,CC,D
15:00:00,UNVR,RG,4430,10,D,KK,CC,D
15:00:00,UNVR,RG,4430,50,D,DH,CC,D
15:00:00,UNVR,RG,4430,25,D,NI,CC,D
15:00:00,UNVR,RG,4430,14,D,YP,CC,D
15:00:00,UNVR,RG,4430,1,D,YP,PD,D
15:00:00,UNVR,RG,4430,96,D,YP,NI,D
15:00:00,UNVR,RG,4430,4,D,YP,NI,D
15:00:00,UNVR,RG,4430,4,D,YP,CC,D
15:00:00,UNVR,RG,4430,10,D,YP,IF,D
15:00:00,UNVR,RG,4430,4,D,YP,PD,D
15:00:00,UNVR,RG,4430,2,D,YP,CC,D
15:00:00,UNVR,RG,4430,2,D,KK,CC,D
15:00:00,UNVR,RG,4430,51,D,CC,CC,D
15:00:00,UNVR,RG,4430,26,D,CC,YP,D
15:00:00,UNVR,RG,4430,1,D,SQ,YP,D
15:00:00,UNVR,RG,4430,10,D,CC,YP,D
15:00:00,UNVR,RG,4430,25,D,XC,YP,D
15:00:00,UNVR,RG,4430,5,D,XC,YP,D
15:00:00,UNVR,RG,4430,5,D,XC,YP,D
15:00:00,UNVR,RG,4430,1,D,PD,PD,D
15:00:00,UNVR,RG,4430,1,D,OD,PD,D
15:00:00,UNVR,RG,4430,1,D,OD,PD,D
15:00:00,UNVR,RG,4430,1,D,YP,PD,D
15:00:00,UNVR,RG,4430,3,D,YP,DX,D
15:00:00,UNVR,RG,4430,2,D,YP,XC,D
15:00:00,UNVR,RG,4430,1,D,YP,CC,D
15:00:00,UNVR,RG,4430,10,D,YP,XC,D
15:00:00,UNVR,RG,4430,1,D,YP,KK,D
15:00:00,UNVR,RG,4430,7,D,YP,CC,D
15:00:00,UNVR,RG,4430,4,D,CC,YU,D
15:00:00,UNVR,RG,4430,10,D,GR,YU,D
15:00:00,UNVR,RG,4430,33,D,YP,YU,D
15:00:00,UNVR,RG,4430,3,D,NI,YU,D
15:00:00,UNVR,RG,4430,2,D,NI,XC,D
15:00:00,UNVR,RG,4430,1,D,YP,XC,D
15:00:00,UNVR,RG,4430,2,D,YP,KK,D
15:00:00,UNVR,RG,4430,1,D,YP,YP,D
15:00:00,UNVR,RG,4430,99,F,RX,YP,D
15:00:00,UNVR,RG,4430,10,F,RX,TF,D
15:00:00,UNVR,RG,4430,300,F,RX,NI,D
15:00:00,UNVR,RG,4430,300,F,RX,YB,D
15:00:00,UNVR,RG,4430,107,F,RX,PD,D
15:00:00,UNVR,RG,4430,5,F,RX,KK,D
15:00:00,UNVR,RG,4430,32,F,RX,YP,D
15:00:00,UNVR,RG,4430,363,D,ID,YP,D
15:00:00,UNVR,RG,4430,13,D,ID,DR,D
15:00:00,UNVR,RG,4430,2,D,ID,PD,D
15:00:00,UNVR,RG,4430,25,D,ID,YU,D
15:00:00,UNVR,RG,4430,1,D,ID,YU,D
15:00:00,UNVR,RG,4430,1,D,ID,RO,D
15:00:00,UNVR,RG,4430,5,D,ID,GR,D
15:00:00,UNVR,RG,4430,24,D,ID,NI,D
15:00:00,UNVR,RG,4430,6,D,ID,PD,D
15:00:00,UNVR,RG,4430,2,D,YP,PD,D
15:00:00,UNVR,RG,4430,2,D,YP,KK,D
15:00:00,UNVR,RG,4430,40,D,YP,AK,F
15:00:00,UNVR,RG,4430,4,D,YP,AK,F
15:00:00,UNVR,RG,4430,1,D,XC,AK,F
15:00:00,UNVR,RG,4430,1,D,YP,AK,F
15:00:00,UNVR,RG,4430,553,F,BK,AK,F
15:00:00,UNVR,RG,4430,240,F,ZP,AK,F
15:00:00,UNVR,RG,4430,132,F,ZP,AK,F
15:00:00,UNVR,RG,4430,1279,F,BK,AK,F
15:00:00,UNVR,RG,4430,150,F,BK,SA,D
15:00:00,UNVR,RG,4430,3519,F,BK,AK,F
15:00:00,UNVR,RG,4430,117,F,BK,HD,D
15:00:00,UNVR,RG,4430,75,F,BK,YB,D
15:00:00,UNVR,RG,4430,50,F,BK,EP,D
15:00:00,UNVR,RG,4430,335,F,BK,PD,D
15:00:00,UNVR,RG,4430,30,F,BK,PD,D
15:00:00,UNVR,RG,4430,598,F,CS,PD,D
15:00:00,UNVR,RG,4430,91,F,AK,PD,D
15:00:00,UNVR,RG,4430,2190,F,AK,PD,D
15:00:00,UNVR,RG,4430,1479,F,AK,PD,D
15:00:00,UNVR,RG,4430,1117,F,AK,PD,D
15:00:00,UNVR,RG,4430,318,F,AK,PD,D
15:00:00,UNVR,RG,4430,87,F,AK,PD,D
15:00:00,UNVR,RG,4430,406,F,AK,PD,D
15:00:00,UNVR,RG,4430,87,D,BB,PD,D
15:00:00,UNVR,RG,4430,150,D,CC,PD,D
15:00:00,UNVR,RG,4430,89,D,DX,PD,D
15:00:00,UNVR,RG,4430,20,D,DX,AK,F
15:00:00,UNVR,RG,4430,322,D,DX,AK,F
15:00:00,UNVR,RG,4430,143,D,DX,DR,D
15:00:00,UNVR,RG,4430,16,D,DX,KZ,D
15:00:00,UNVR,RG,4430,57,D,DX,DP,D
15:00:00,UNVR,RG,4430,15,D,DX,DP,D
15:00:00,UNVR,RG,4430,137,D,DP,DP,D
15:00:00,UNVR,RG,4430,307,D,DP,YU,D
14:49:59,UNVR,RG,4420,10,D,DH,AK,F
14:49:59,UNVR,RG,4430,1,F,AK,CC,D
14:49:58,UNVR,RG,4420,3,D,DH,AK,F
14:49:58,UNVR,RG,4420,2,D,NI,AK,F
14:49:58,UNVR,RG,4430,1,F,AK,CC,D
14:49:57,UNVR,RG,4430,4,F,AK,CC,D
14:49:57,UNVR,RG,4430,2,F,AK,CC,D
14:49:57,UNVR,RG,4430,9,F,AK,CC,D
14:49:57,UNVR,RG,4430,1,F,AK,CC,D
14:49:57,UNVR,RG,4420,1,D,NI,AK,F
14:49:57,UNVR,RG,4420,5,D,YP,AK,F
14:49:57,UNVR,RG,4420,2,D,CC,AK,F
14:49:57,UNVR,RG,4420,2,F,BK,AK,F
14:49:57,UNVR,RG,4420,11,D,YP,AK,F
14:49:57,UNVR,RG,4420,29,F,BK,AK,F
14:49:57,UNVR,RG,4420,2,D,YP,AK,F
14:49:57,UNVR,RG,4430,6,F,AK,CC,D
14:49:55,UNVR,RG,4430,3,D,PD,CC,D
14:49:44,UNVR,RG,4430,1,F,AK,GR,D
14:49:44,UNVR,RG,4420,218,D,DR,AK,F
14:49:44,UNVR,RG,4430,1,F,AK,AK,F
14:49:44,UNVR,RG,4420,77,D,DR,AK,F
14:49:44,UNVR,RG,4430,1,F,AK,AK,F
14:49:38,UNVR,RG,4420,40,D,DR,AK,F
14:49:37,UNVR,RG,4420,40,D,DR,YP,D
14:49:30,UNVR,RG,4430,53,F,AK,AK,F
14:49:30,UNVR,RG,4430,18,F,AK,AK,F
14:49:30,UNVR,RG,4430,11,F,AK,AK,F
14:49:28,UNVR,RG,4430,43,F,DX,AK,F
14:49:26,UNVR,RG,4420,10,D,DR,IF,D
14:49:23,UNVR,RG,4420,3,D,DR,XC,D
14:49:21,UNVR,RG,4420,113,D,DR,AK,F
14:49:21,UNVR,RG,4420,33,D,XC,AK,F
14:49:21,UNVR,RG,4420,38,F,BK,AK,F
14:49:21,UNVR,RG,4420,5,D,PD,AK,F
14:49:21,UNVR,RG,4420,5,D,PD,AK,F
14:49:21,UNVR,RG,4420,26,D,SQ,AK,F
14:49:21,UNVR,RG,4430,13,F,BK,AK,F
14:49:19,UNVR,RG,4420,2,D,SQ,PD,D
14:49:15,UNVR,RG,4420,126,D,SQ,AK,F
14:49:10,UNVR,RG,4420,5,D,SQ,CC,D
14:49:01,UNVR,RG,4430,14,F,BK,AK,F
14:49:00,UNVR,RG,4430,5,F,AK,AK,F
14:49:00,UNVR,RG,4430,1,F,AK,AK,F
14:49:00,UNVR,RG,4430,1,F,AK,AK,F
14:49:00,UNVR,RG,4430,1,F,AK,AK,F
14:49:00,UNVR,RG,4430,2,F,AK,AK,F
14:49:00,UNVR,RG,4420,1,D,SQ,AK,F
14:49:00,UNVR,RG,4420,1,D,SQ,AK,F
14:49:00,UNVR,RG,4430,1,F,AK,AK,F
14:48:56,UNVR,RG,4430,15,F,BK,AK,F
14:48:50,UNVR,RG,4420,89,D,SQ,AI,D
14:48:50,UNVR,RG,4420,12,D,NI,AI,D
14:48:50,UNVR,RG,4420,1,D,KK,AI,D
14:48:50,UNVR,RG,4420,300,F,BK,AI,D
14:48:50,UNVR,RG,4420,2,F,AK,AI,D
14:48:50,UNVR,RG,4420,7,F,AK,AI,D
14:48:50,UNVR,RG,4420,1,D,LG,AI,D
14:48:50,UNVR,RG,4420,3,D,CC,AI,D
14:48:50,UNVR,RG,4420,31,F,AK,AI,D
14:48:50,UNVR,RG,4420,5,D,NI,AI,D
14:48:50,UNVR,RG,4420,1,D,XA,AI,D
14:48:50,UNVR,RG,4420,5,D,YP,AI,D
14:48:50,UNVR,RG,4420,5,D,RO,AI,D
14:48:50,UNVR,RG,4420,50,D,YP,AI,D
14:48:50,UNVR,RG,4420,10,D,CC,AI,D
14:48:50,UNVR,RG,4420,1,D,PD,AI,D
14:48:50,UNVR,RG,4420,37,D,NI,AI,D
14:48:50,UNVR,RG,4420,1,D,YP,AI,D
14:48:50,UNVR,RG,4420,5,D,HD,AI,D
14:48:50,UNVR,RG,4420,2,D,PD,AI,D
14:48:50,UNVR,RG,4420,1,D,PD,AI,D
14:48:50,UNVR,RG,4420,1,D,YP,AI,D
14:48:50,UNVR,RG,4420,25,D,YP,AI,D
14:48:50,UNVR,RG,4420,80,D,YP,AI,D
14:48:50,UNVR,RG,4420,2,D,YP,AI,D
14:48:50,UNVR,RG,4420,1,D,YP,AI,D
14:48:50,UNVR,RG,4420,9,D,CC,AI,D
14:48:50,UNVR,RG,4420,2,D,XC,AI,D
14:48:50,UNVR,RG,4420,1,D,YP,AI,D
14:48:50,UNVR,RG,4420,250,D,NI,AI,D
14:48:50,UNVR,RG,4420,50,D,YP,AI,D
14:48:50,UNVR,RG,4420,1,D,YP,AI,D
14:48:50,UNVR,RG,4420,1,D,XC,AI,D
14:48:50,UNVR,RG,4420,10,D,YP,AI,D
14:48:50,UNVR,RG,4420,1,D,AT,AI,D
14:48:50,UNVR,RG,4420,148,F,RX,AI,D
14:48:50,UNVR,RG,4420,149,D,PD,AI,D
14:48:49,UNVR,RG,4430,27,F,BK,AK,F
14:48:44,UNVR,RG,4430,11,D,YP,AK,F
14:48:43,UNVR,RG,4430,18,F,BK,AK,F
14:48:43,UNVR,RG,4430,31,F,RX,AK,F
14:48:41,UNVR,RG,4430,2,F,RX,AK,F
14:48:39,UNVR,RG,4430,16,F,BK,AK,F
14:48:36,UNVR,RG,4430,23,F,BK,AK,F
14:48:33,UNVR,RG,4430,3,F,RX,AK,F
14:48:31,UNVR,RG,4430,14,F,BK,AK,F
14:48:31,UNVR,RG,4430,2,F,RX,AK,F
14:48:30,UNVR,RG,4430,37,F,AK,AK,F
14:48:28,UNVR,RG,4430,22,F,BK,AK,F
14:48:25,UNVR,RG,4430,1,D,YP,AK,F
14:48:25,UNVR,RG,4430,2,D,YP,AK,F
14:48:25,UNVR,RG,4430,20,F,RX,AK,F
14:48:25,UNVR,RG,4430,16,F,RX,AK,F
14:48:23,UNVR,RG,4430,25,F,BK,AK,F
14:48:23,UNVR,RG,4430,5,F,RX,AK,F
14:48:18,UNVR,RG,4430,15,F,BK,AK,F
14:48:13,UNVR,RG,4430,14,F,BK,AK,F
14:48:12,UNVR,RG,4420,1,D,PD,NI,D
14:48:12,UNVR,RG,4420,2,D,DX,NI,D
14:48:12,UNVR,RG,4420,15,F,BK,NI,D
14:48:12,UNVR,RG,4420,1,D,YP,NI,D
14:48:12,UNVR,RG,4420,3,D,PD,NI,D
14:48:12,UNVR,RG,4420,20,D,CC,NI,D
14:48:12,UNVR,RG,4420,50,D,YP,NI,D
14:48:12,UNVR,RG,4420,5,D,NI,NI,D
14:48:12,UNVR,RG,4420,10,D,YP,NI,D
14:48:12,UNVR,RG,4420,15,F,AK,NI,D
14:48:12,UNVR,RG,4420,10,F,AK,NI,D
14:48:12,UNVR,RG,4420,7,F,AK,NI,D
14:48:12,UNVR,RG,4420,1,D,TP,NI,D
14:48:09,UNVR,RG,4430,10,D,PD,AK,F
14:48:08,UNVR,RG,4430,19,F,BK,AK,F
14:48:04,UNVR,RG,4430,18,F,RX,AK,F
14:48:03,UNVR,RG,4430,14,F,BK,AK,F
14:48:02,UNVR,RG,4430,2,F,RX,AK,F
14:48:01,UNVR,RG,4430,13,F,BK,AK,F
14:48:00,UNVR,RG,4430,11,F,AK,AK,F
14:48:00,UNVR,RG,4430,7,F,AK,AK,F
14:48:00,UNVR,RG,4430,5,F,AK,AK,F
14:47:57,UNVR,RG,4430,13,F,BK,AK,F
14:47:55,UNVR,RG,4430,18,F,RX,AK,F
14:47:54,UNVR,RG,4430,15,F,BK,AK,F
14:47:54,UNVR,RG,4420,5,D,TP,PD,D
14:47:54,UNVR,RG,4430,2,D,AT,AK,F
14:47:53,UNVR,RG,4430,2,F,RX,AK,F
14:47:52,UNVR,RG,4430,20,F,BK,AK,F
14:47:51,UNVR,RG,4430,2,D,PD,AK,F
14:47:49,UNVR,RG,4430,3,D,CC,AK,F
14:47:49,UNVR,RG,4430,127,D,YP,AK,F
14:47:49,UNVR,RG,4430,25,D,YP,LG,D
14:47:49,UNVR,RG,4430,6,D,YP,XC,D
14:47:49,UNVR,RG,4430,8,D,YP,YP,D
14:47:49,UNVR,RG,4430,11,D,YP,BQ,D
14:47:49,UNVR,RG,4430,3,D,YP,PD,D
14:47:49,UNVR,RG,4430,10,D,YP,GR,D
14:47:49,UNVR,RG,4430,10,D,YP,XC,D
14:47:49,UNVR,RG,4430,1,D,YP,XC,D
14:47:49,UNVR,RG,4430,100,D,YP,KK,D
14:47:49,UNVR,RG,4430,2,D,YP,CC,D
14:47:49,UNVR,RG,4430,1,D,YP,YP,D
14:47:49,UNVR,RG,4430,183,D,YP,CC,D
14:47:49,UNVR,RG,4430,25,D,YP,YU,D
14:47:49,UNVR,RG,4430,100,D,YP,XA,D
14:47:49,UNVR,RG,4430,1,D,YP,YP,D
14:47:49,UNVR,RG,4430,1,D,YP,AK,F
14:47:49,UNVR,RG,4430,1,D,YP,YP,D
14:47:49,UNVR,RG,4430,287,D,YP,AK,F
14:47:48,UNVR,RG,4430,21,F,BK,AK,F
14:47:45,UNVR,RG,4430,20,F,RX,AK,F
14:47:43,UNVR,RG,4430,4,F,AK,AK,F
14:47:43,UNVR,RG,4430,3,F,AK,AK,F
14:47:43,UNVR,RG,4430,2,F,RX,AK,F
14:47:43,UNVR,RG,4430,13,F,BK,AK,F
14:47:42,UNVR,RG,4430,3,D,EP,AK,F
14:47:41,UNVR,RG,4420,19,D,TP,LG,D
14:47:41,UNVR,RG,4420,5,D,CC,LG,D
14:47:41,UNVR,RG,4420,2,D,DR,LG,D
14:47:41,UNVR,RG,4420,2,D,LS,LG,D
14:47:41,UNVR,RG,4420,2,F,AK,LG,D
14:47:40,UNVR,RG,4430,24,F,BK,AK,F
14:47:35,UNVR,RG,4430,25,F,BK,AK,F
14:47:35,UNVR,RG,4430,19,F,RX,AK,F
14:47:33,UNVR,RG,4430,2,F,RX,AK,F
14:47:30,UNVR,RG,4430,14,F,BK,AK,F
14:47:27,UNVR,RG,4430,14,F,BK,AK,F
14:47:27,UNVR,RG,4430,10,D,DH,AK,F
14:47:25,UNVR,RG,4430,13,F,RX,AK,F
14:47:24,UNVR,RG,4430,14,F,BK,AK,F
14:47:23,UNVR,RG,4430,4,F,RX,AK,F
14:47:20,UNVR,RG,4430,14,F,BK,AK,F
14:47:16,UNVR,RG,4430,14,F,BK,AK,F
14:47:16,UNVR,RG,4430,1,D,XC,AK,F
14:47:15,UNVR,RG,4430,16,F,RX,AK,F
14:47:15,UNVR,RG,4420,1,F,AK,AK,F
14:47:14,UNVR,RG,4430,14,F,BK,AK,F
14:47:11,UNVR,RG,4430,20,F,BK,AK,F
14:47:11,UNVR,RG,4430,2,D,YP,AK,F
14:47:07,UNVR,RG,4430,26,F,BK,AK,F
14:47:07,UNVR,RG,4430,16,F,RX,AK,F
14:47:05,UNVR,RG,4430,2,D,YP,AK,F
14:47:01,UNVR,RG,4430,16,F,BK,AK,F
14:46:59,UNVR,RG,4430,17,F,RX,AK,F
14:46:58,UNVR,RG,4430,14,F,BK,AK,F
14:46:55,UNVR,RG,4430,24,F,BK,AK,F
14:46:52,UNVR,RG,4430,5,D,PD,AK,F
14:46:51,UNVR,RG,4430,19,F,RX,AK,F
14:46:50,UNVR,RG,4430,21,F,BK,AK,F
14:46:45,UNVR,RG,4430,26,F,BK,AK,F
14:46:44,UNVR,RG,4430,5,D,YP,AK,F
14:46:42,UNVR,RG,4430,17,F,RX,AK,F
14:46:42,UNVR,RG,4430,1,F,RX,AK,F
14:46:40,UNVR,RG,4430,5,D,DX,AK,F
14:46:39,UNVR,RG,4430,23,F,BK,AK,F
14:46:34,UNVR,RG,4430,24,F,BK,AK,F
14:46:33,UNVR,RG,4420,7,F,AK,AT,D
14:46:33,UNVR,RG,4420,1,F,AK,PD,D
14:46:33,UNVR,RG,4420,1,D,YP,PD,D
14:46:33,UNVR,RG,4420,8,D,PD,PD,D
14:46:33,UNVR,RG,4430,17,F,RX,AK,F
14:46:30,UNVR,RG,4430,5,F,AK,AK,F
14:46:30,UNVR,RG,4430,1,D,XC,AK,F
14:46:29,UNVR,RG,4430,15,F,BK,AK,F
14:46:25,UNVR,RG,4430,15,F,BK,AK,F
14:46:25,UNVR,RG,4430,21,F,RX,AK,F
14:46:22,UNVR,RG,4430,24,F,BK,AK,F
14:46:18,UNVR,RG,4430,5,D,PD,AK,F
14:46:18,UNVR,RG,4420,2,D,PD,LG,D
14:46:18,UNVR,RG,4420,8,F,BK,LG,D
14:46:18,UNVR,RG,4430,5,D,HD,AK,F
14:46:17,UNVR,RG,4430,19,F,BK,AK,F
14:46:15,UNVR,RG,4420,1,F,BK,AK,F
14:46:15,UNVR,RG,4430,6,F,AK,AK,F
14:46:14,UNVR,RG,4430,18,F,RX,AK,F
14:46:13,UNVR,RG,4430,19,F,BK,AK,F
14:46:09,UNVR,RG,4430,21,F,BK,AK,F
14:46:05,UNVR,RG,4430,21,F,RX,AK,F
14:46:04,UNVR,RG,4430,19,F,BK,AK,F
14:46:00,UNVR,RG,4430,19,F,BK,AK,F
14:45:45,UNVR,RG,4420,1,F,BK,YP,D
14:45:44,UNVR,RG,4430,22,D,YP,AK,F
14:45:36,UNVR,RG,4420,2,F,BK,XC,D
14:45:35,UNVR,RG,4430,1,D,CC,AK,F
14:45:27,UNVR,RG,4420,1,F,BK,DR,D
14:45:21,UNVR,RG,4420,1,F,BK,YP,D
14:45:15,UNVR,RG,4420,1,F,BK,AK,F
14:45:09,UNVR,RG,4430,5,D,DX,AK,F
14:44:55,UNVR,RG,4430,1,D,CC,AK,F
14:44:44,UNVR,RG,4430,3,D,PD,AK,F
14:44:38,UNVR,RG,4430,4,D,PD,AK,F
14:44:30,UNVR,RG,4430,1,D,CC,AK,F
14:44:30,UNVR,RG,4420,196,F,BK,AK,F
14:44:30,UNVR,RG,4420,364,F,BK,AK,F
14:44:30,UNVR,RG,4420,1,D,XC,AK,F
14:44:30,UNVR,RG,4420,600,D,YP,AK,F
14:44:30,UNVR,RG,4420,92,F,AK,AK,F
14:44:30,UNVR,RG,4420,10,D,EP,AK,F
14:44:30,UNVR,RG,4420,2,D,PD,AK,F
14:44:30,UNVR,RG,4420,1,D,YP,AK,F
14:44:30,UNVR,RG,4420,1,D,XC,AK,F
14:44:30,UNVR,RG,4420,20,D,PD,AK,F
14:44:30,UNVR,RG,4420,3,D,PD,AK,F
14:44:30,UNVR,RG,4420,20,D,CC,AK,F
14:44:30,UNVR,RG,4420,1,D,YB,AK,F
14:44:30,UNVR,RG,4420,300,D,NI,AK,F
14:44:30,UNVR,RG,4420,2,D,CP,AK,F
14:44:30,UNVR,RG,4420,5,D,YP,AK,F
14:44:30,UNVR,RG,4420,10,D,HD,AK,F
14:44:30,UNVR,RG,4420,421,F,BK,AK,F
14:44:30,UNVR,RG,4420,1,D,AZ,AK,F
14:44:30,UNVR,RG,4420,6,F,AK,AK,F
14:44:30,UNVR,RG,4420,75,F,RX,AK,F
14:44:30,UNVR,RG,4420,5,D,XC,AK,F
14:44:30,UNVR,RG,4420,12,F,AK,AK,F
14:44:30,UNVR,RG,4420,42,F,BK,AK,F
14:44:30,UNVR,RG,4420,67,D,YP,AK,F
14:44:30,UNVR,RG,4420,6,F,AK,AK,F
14:44:30,UNVR,RG,4420,1,D,NI,AK,F
14:44:30,UNVR,RG,4420,238,D,KK,AK,F
14:44:25,UNVR,RG,4430,16,F,BK,AK,F
14:44:20,UNVR,RG,4430,15,F,BK,AK,F
14:44:18,UNVR,RG,4430,20,F,BK,AK,F
14:44:16,UNVR,RG,4420,20,D,KK,NI,D
14:44:16,UNVR,RG,4430,1,D,NI,AK,F
14:44:14,UNVR,RG,4430,24,F,BK,AK,F
14:44:09,UNVR,RG,4430,112,D,OD,AK,F
14:44:08,UNVR,RG,4430,18,F,BK,AK,F
14:44:04,UNVR,RG,4430,17,F,BK,AK,F
14:43:59,UNVR,RG,4430,14,F,BK,AK,F
14:43:57,UNVR,RG,4430,19,F,BK,AK,F
14:43:56,UNVR,RG,4420,1,D,KK,GR,D
14:43:53,UNVR,RG,4430,1,D,CC,AK,F
14:43:51,UNVR,RG,4430,2,D,XC,AK,F
14:43:50,UNVR,RG,4420,1,D,KK,YP,D
14:43:44,UNVR,RG,4430,3,D,NI,AK,F
14:43:44,UNVR,RG,4430,2,D,YP,AK,F
14:43:35,UNVR,RG,4420,1,D,KK,CC,D
14:43:26,UNVR,RG,4420,30,D,KK,CC,D
14:43:18,UNVR,RG,4420,7,D,KK,HP,D
14:43:09,UNVR,RG,4430,10,D,NI,AK,F
14:42:57,UNVR,RG,4430,1,D,ZP,AK,F
14:42:51,UNVR,RG,4430,2,D,CP,AK,F
14:42:45,UNVR,RG,4420,2,D,KK,AK,F
14:42:42,UNVR,RG,4420,128,D,KK,GR,D
14:42:42,UNVR,RG,4420,113,D,TP,GR,D
14:42:42,UNVR,RG,4420,1,D,YP,GR,D
14:42:42,UNVR,RG,4420,20,D,PD,GR,D
14:42:42,UNVR,RG,4420,1,D,YP,GR,D
14:42:42,UNVR,RG,4420,10,D,YP,GR,D
14:42:42,UNVR,RG,4420,273,F,BK,GR,D
14:42:42,UNVR,RG,4420,2,D,XC,GR,D
14:42:42,UNVR,RG,4420,1,D,PD,GR,D
14:42:42,UNVR,RG,4420,25,D,DH,GR,D
14:42:42,UNVR,RG,4420,1,D,XC,GR,D
14:42:42,UNVR,RG,4420,10,D,KK,GR,D
14:42:42,UNVR,RG,4420,80,D,XC,GR,D
14:42:42,UNVR,RG,4420,2,D,NI,GR,D
14:42:42,UNVR,RG,4420,1,D,PD,GR,D
14:42:42,UNVR,RG,4420,2,D,PD,GR,D
14:42:42,UNVR,RG,4420,1,D,PD,GR,D
14:42:42,UNVR,RG,4420,10,D,YP,GR,D
14:42:42,UNVR,RG,4420,2,D,YP,GR,D
14:42:42,UNVR,RG,4420,25,D,AT,GR,D
14:42:42,UNVR,RG,4420,1,D,NI,GR,D
14:42:42,UNVR,RG,4420,1,D,NI,GR,D
14:42:42,UNVR,RG,4420,11,D,YP,GR,D
14:42:42,UNVR,RG,4420,10,D,YP,GR,D
14:42:42,UNVR,RG,4420,1,D,CC,GR,D
14:42:42,UNVR,RG,4420,10,D,SQ,GR,D
14:42:42,UNVR,RG,4420,30,D,YP,GR,D
14:42:42,UNVR,RG,4420,5,D,PD,GR,D
14:42:42,UNVR,RG,4420,12,D,XC,GR,D
14:42:42,UNVR,RG,4420,5,D,PD,GR,D
14:42:42,UNVR,RG,4420,2,D,YP,GR,D
14:42:42,UNVR,RG,4420,5,D,PD,GR,D
14:42:42,UNVR,RG,4420,3,D,NI,GR,D
14:42:42,UNVR,RG,4420,9,D,YP,GR,D
14:42:42,UNVR,RG,4420,100,D,CP,GR,D
14:42:42,UNVR,RG,4420,30,D,NI,GR,D
14:42:42,UNVR,RG,4420,1,D,YP,GR,D
14:42:42,UNVR,RG,4420,29,F,BK,GR,D
14:42:42,UNVR,RG,4420,1,D,YP,GR,D
14:42:42,UNVR,RG,4420,50,D,YP,GR,D
14:42:42,UNVR,RG,4420,2,D,PD,GR,D
14:42:42,UNVR,RG,4420,30,D,CC,GR,D
14:42:42,UNVR,RG,4420,1,D,PD,GR,D
14:42:42,UNVR,RG,4420,1,D,YP,GR,D
14:42:42,UNVR,RG,4420,1,D,KK,GR,D
14:42:42,UNVR,RG,4420,2,D,SQ,GR,D
14:42:42,UNVR,RG,4420,80,D,PD,GR,D
14:42:42,UNVR,RG,4420,1,D,AT,GR,D
14:42:42,UNVR,RG,4420,3,D,YP,GR,D
14:42:42,UNVR,RG,4420,5,D,YP,GR,D
14:42:42,UNVR,RG,4420,2,D,YP,GR,D
14:42:42,UNVR,RG,4420,5,D,EP,GR,D
14:42:42,UNVR,RG,4420,1,D,YP,GR,D
14:42:42,UNVR,RG,4420,5,D,YP,GR,D
14:42:42,UNVR,RG,4420,2,D,YP,GR,D
14:42:42,UNVR,RG,4420,700,D,PD,GR,D
14:42:42,UNVR,RG,4420,1,D,NI,GR,D
14:42:42,UNVR,RG,4420,5,D,YP,GR,D
14:42:42,UNVR,RG,4420,2,D,YP,GR,D
14:42:42,UNVR,RG,4420,1,D,PD,GR,D
14:42:42,UNVR,RG,4420,1,D,PD,GR,D
14:42:42,UNVR,RG,4420,20,D,PD,GR,D
14:42:42,UNVR,RG,4420,1,D,CC,GR,D
14:42:42,UNVR,RG,4420,30,D,CC,GR,D
14:42:42,UNVR,RG,4420,5,D,XC,GR,D
14:42:42,UNVR,RG,4420,88,F,BK,GR,D
14:42:42,UNVR,RG,4420,1,D,YP,GR,D
14:42:42,UNVR,RG,4420,1,D,NI,GR,D
14:42:42,UNVR,RG,4420,10,D,XA,GR,D
14:42:42,UNVR,RG,4420,4,D,PD,GR,D
14:42:42,UNVR,RG,4420,1,D,PD,GR,D
14:42:42,UNVR,RG,4420,20,D,YP,GR,D
14:42:42,UNVR,RG,4420,100,D,SQ,GR,D
14:42:42,UNVR,RG,4420,6,D,XC,GR,D
14:42:42,UNVR,RG,4420,1,D,NI,GR,D
14:42:42,UNVR,RG,4420,1,D,PD,GR,D
14:42:42,UNVR,RG,4420,10,F,YP,GR,D
14:42:42,UNVR,RG,4420,56,D,LG,GR,D
14:42:42,UNVR,RG,4420,307,D,CC,GR,D
14:42:42,UNVR,RG,4420,1,D,KK,GR,D
14:42:42,UNVR,RG,4420,1,D,KK,GR,D
14:42:42,UNVR,RG,4420,2,D,NI,GR,D
14:42:42,UNVR,RG,4420,29,D,YP,GR,D
14:42:42,UNVR,RG,4420,1,D,NI,GR,D
14:42:42,UNVR,RG,4420,5,D,DR,GR,D
14:42:42,UNVR,RG,4420,2,D,DH,GR,D
14:42:42,UNVR,RG,4420,1,D,YP,GR,D
14:42:42,UNVR,RG,4420,3,D,XC,GR,D
14:42:42,UNVR,RG,4420,2,D,YP,GR,D
14:42:42,UNVR,RG,4420,700,D,YP,GR,D
14:42:42,UNVR,RG,4420,556,D,NI,GR,D
14:42:37,UNVR,RG,4430,3,D,KK,AK,F
14:42:33,UNVR,RG,4430,50,D,YP,AK,F
14:42:27,UNVR,RG,4430,2,D,PD,AK,F
14:42:15,UNVR,RG,4420,579,D,NI,AK,F
14:42:15,UNVR,RG,4420,2,D,PD,AK,F
14:42:15,UNVR,RG,4420,85,F,AK,AK,F
14:42:15,UNVR,RG,4420,15,F,AK,AK,F
14:42:15,UNVR,RG,4420,10,F,AK,AK,F
14:42:15,UNVR,RG,4420,172,F,BK,AK,F
14:42:15,UNVR,RG,4430,5,D,PD,AK,F
14:42:15,UNVR,RG,4430,1,D,YP,AK,F
14:42:15,UNVR,RG,4430,5,D,HD,AK,F
14:42:15,UNVR,RG,4430,3,D,PD,AK,F
14:42:15,UNVR,RG,4430,98,D,CC,AK,F
14:42:15,UNVR,RG,4430,5,D,KK,AK,F
14:42:15,UNVR,RG,4430,1,D,XC,AK,F
14:42:15,UNVR,RG,4430,1,D,YP,AK,F
14:42:15,UNVR,RG,4430,17,D,CC,AK,F
14:42:15,UNVR,RG,4430,101,F,BK,AK,F
14:42:15,UNVR,RG,4430,2,D,NI,AK,F
14:42:15,UNVR,RG,4430,10,F,AK,AK,F
14:42:15,UNVR,RG,4430,4,F,AK,AK,F
14:42:15,UNVR,RG,4430,22,F,AK,AK,F
14:42:14,UNVR,RG,4440,1,D,YU,PD,D
14:42:09,UNVR,RG,4430,11,F,AK,AZ,D
14:42:03,UNVR,RG,4430,10,F,AK,XC,D
14:41:46,UNVR,RG,4430,1,F,AK,YP,D
14:41:46,UNVR,RG,4430,1,F,AK,DR,D
14:41:40,UNVR,RG,4430,39,F,AK,KK,D
14:41:40,UNVR,RG,4430,10,F,AK,KK,D
14:41:40,UNVR,RG,4430,4,F,AK,KK,D
14:41:39,UNVR,RG,4430,1,F,AK,YP,D
14:41:30,UNVR,RG,4430,1,F,AK,YU,D
14:41:28,UNVR,RG,4430,204,F,AK,PD,D
14:41:28,UNVR,RG,4430,5,F,AK,PD,D
14:41:28,UNVR,RG,4430,1,D,PD,PD,D
14:41:28,UNVR,RG,4430,9,D,XC,PD,D
14:41:28,UNVR,RG,4430,1,D,NI,PD,D
14:41:28,UNVR,RG,4430,2,D,PD,PD,D
14:41:28,UNVR,RG,4430,8,D,NI,PD,D
14:41:28,UNVR,RG,4430,2,D,SQ,PD,D
14:41:28,UNVR,RG,4430,4,D,XC,PD,D
14:41:28,UNVR,RG,4430,1,D,YP,PD,D
14:41:28,UNVR,RG,4430,15,F,BK,PD,D
14:41:27,UNVR,RG,4430,240,F,BK,YU,F
14:41:27,UNVR,RG,4430,66,F,RX,YU,F
14:41:27,UNVR,RG,4430,10,D,SQ,YU,F
14:41:27,UNVR,RG,4430,5,D,DR,YU,F
14:41:27,UNVR,RG,4430,30,D,NI,YU,F
14:41:27,UNVR,RG,4430,4,D,AT,YU,F
14:41:27,UNVR,RG,4430,2,D,NI,YU,F
14:41:27,UNVR,RG,4430,1,D,AZ,YU,F
14:41:27,UNVR,RG,4430,10,D,NI,YU,F
14:41:27,UNVR,RG,4430,1,D,PD,YU,F
14:41:27,UNVR,RG,4430,10,D,PD,YU,F
14:41:27,UNVR,RG,4430,1,D,YP,YU,F
14:41:27,UNVR,RG,4430,30,D,CC,YU,F
14:41:27,UNVR,RG,4430,8,D,PD,YU,F
14:41:27,UNVR,RG,4430,1,D,YP,YU,F
14:41:27,UNVR,RG,4430,1,D,YP,YU,F
14:41:27,UNVR,RG,4430,2,D,SQ,YU,F
14:41:27,UNVR,RG,4430,1,D,YP,YU,F
14:41:27,UNVR,RG,4430,1,D,YP,YU,F
14:41:27,UNVR,RG,4430,5,D,YP,YU,F
14:41:27,UNVR,RG,4430,1,D,OD,YU,F
14:41:27,UNVR,RG,4430,1,D,YP,YU,F
14:41:27,UNVR,RG,4430,50,D,NI,YU,F
14:41:27,UNVR,RG,4430,10,D,EP,YU,F
14:41:27,UNVR,RG,4430,6,F,EP,YU,F
14:41:27,UNVR,RG,4430,2,D,XC,YU,F
14:41:27,UNVR,RG,4430,1,D,PD,YU,F
14:41:27,UNVR,RG,4430,1,D,NI,YU,F
14:41:27,UNVR,RG,4430,1,D,YP,YU,F
14:41:27,UNVR,RG,4430,1,D,XC,YU,F
14:41:27,UNVR,RG,4430,6,F,AK,YU,F
14:41:27,UNVR,RG,4430,10,D,PD,YU,F
14:41:27,UNVR,RG,4430,305,D,CC,YU,F
14:41:27,UNVR,RG,4430,5,D,HD,YU,F
14:41:27,UNVR,RG,4430,4,F,AK,YU,F
14:41:27,UNVR,RG,4430,2,D,YP,YU,F
14:41:27,UNVR,RG,4430,1,D,YP,YU,F
14:41:27,UNVR,RG,4430,293,F,RX,YU,F
14:41:27,UNVR,RG,4430,125,F,AK,YU,F
14:41:27,UNVR,RG,4430,118,F,AK,YU,F
14:41:27,UNVR,RG,4430,7,F,AK,YU,F
14:41:27,UNVR,RG,4430,3,F,AK,YU,F
14:41:27,UNVR,RG,4430,293,F,BK,YU,F
14:41:27,UNVR,RG,4430,621,F,BK,YU,F
14:41:27,UNVR,RG,4430,704,F,BK,YU,F
14:41:26,UNVR,RG,4440,13,F,RX,XC,D
14:41:25,UNVR,RG,4440,23,F,BK,XC,D
14:41:24,UNVR,RG,4430,1,F,BK,PD,D
14:41:22,UNVR,RG,4430,10,F,BK,AZ,D
14:41:22,UNVR,RG,4440,15,F,BK,XC,D
14:41:22,UNVR,RG,4440,11,F,BK,XA,D
14:41:18,UNVR,RG,4440,2,F,RX,PD,D
14:41:18,UNVR,RG,4440,9,F,RX,XL,D
14:41:18,UNVR,RG,4440,1,F,RX,CC,D
14:41:18,UNVR,RG,4440,5,F,RX,YP,D
14:41:17,UNVR,RG,4440,13,F,BK,CS,F
14:41:13,UNVR,RG,4440,15,F,BK,CS,F
14:41:11,UNVR,RG,4440,5,D,KK,CS,F
14:41:11,UNVR,RG,4440,15,F,BK,CS,F
14:41:08,UNVR,RG,4440,17,F,BK,CS,F
14:41:08,UNVR,RG,4440,17,F,RX,CS,F
14:41:04,UNVR,RG,4440,19,F,BK,CS,F
14:41:00,UNVR,RG,4440,17,F,BK,CS,F
14:40:58,UNVR,RG,4440,13,F,RX,CS,F
14:40:57,UNVR,RG,4440,38,F,AK,CS,F
14:40:56,UNVR,RG,4440,20,F,AK,CS,F
14:40:54,UNVR,RG,4440,14,F,BK,CS,F
14:40:54,UNVR,RG,4440,5,D,CC,CS,F
14:40:54,UNVR,RG,4440,4,D,YU,CS,F
14:40:52,UNVR,RG,4430,3,F,BK,LG,D
14:40:50,UNVR,RG,4440,15,F,RX,CS,F
14:40:49,UNVR,RG,4440,23,F,BK,CS,F
14:40:44,UNVR,RG,4440,29,F,BK,CS,F
14:40:41,UNVR,RG,4440,13,F,RX,CS,F
14:40:39,UNVR,RG,4440,13,F,BK,CS,F
14:40:36,UNVR,RG,4440,17,F,BK,CS,F
14:40:34,UNVR,RG,4440,4,D,PD,CS,F
14:40:32,UNVR,RG,4440,16,F,RX,CS,F
14:40:31,UNVR,RG,4440,24,F,BK,CS,F
14:40:29,UNVR,RG,4440,2,D,YP,CS,F
14:40:26,UNVR,RG,4440,20,F,BK,CS,F
14:40:22,UNVR,RG,4440,16,F,RX,CS,F
14:40:22,UNVR,RG,4440,1,F,RX,DR,D
14:40:22,UNVR,RG,4440,1,F,RX,AK,F
14:40:22,UNVR,RG,4440,1,F,RX,YP,D
14:40:22,UNVR,RG,4440,1,D,PD,YP,D
14:40:21,UNVR,RG,4440,3,F,BK,YP,D
14:40:21,UNVR,RG,4440,3,F,BK,XC,D
14:40:21,UNVR,RG,4440,1,F,BK,YP,D
14:40:21,UNVR,RG,4440,8,F,BK,PD,D
14:40:21,UNVR,RG,4440,2,D,PD,PD,D
14:40:14,UNVR,RG,4440,1,F,BK,AK,F
14:40:14,UNVR,RG,4440,2,F,BK,PD,D
14:40:14,UNVR,RG,4440,1,F,BK,PD,D
14:40:14,UNVR,RG,4440,1,F,BK,XC,D
14:40:14,UNVR,RG,4440,5,F,BK,PD,D
14:40:14,UNVR,RG,4440,11,F,BK,YU,D
14:40:11,UNVR,RG,4440,15,F,RX,YU,D
14:40:08,UNVR,RG,4440,28,F,BK,YU,D
14:40:06,UNVR,RG,4440,19,F,BK,YU,D
14:40:02,UNVR,RG,4440,70,F,RX,YU,D
14:40:01,UNVR,RG,4440,3,F,BK,YU,D
14:40:01,UNVR,RG,4440,5,F,BK,XC,D
14:40:01,UNVR,RG,4440,5,F,BK,CC,F
14:39:58,UNVR,RG,4440,29,F,BK,CC,F
14:39:54,UNVR,RG,4440,1,D,PD,CC,F
14:39:52,UNVR,RG,4440,15,F,BK,CC,F
14:39:52,UNVR,RG,4440,1,F,BK,AI,D
14:39:52,UNVR,RG,4440,1,F,BK,DR,D
14:39:48,UNVR,RG,4440,1,D,EP,DR,D
14:39:48,UNVR,RG,4440,2,D,EP,AT,D
14:39:48,UNVR,RG,4440,19,D,EP,YU,D
14:39:42,UNVR,RG,4440,28,F,BK,YU,D
14:39:36,UNVR,RG,4440,20,F,BK,YU,D
14:39:36,UNVR,RG,4440,10,F,BK,PD,D
14:39:36,UNVR,RG,4440,1,F,BK,KK,D
14:39:33,UNVR,RG,4440,2,F,BK,KK,D
14:39:33,UNVR,RG,4440,1,F,BK,AK,F
14:39:33,UNVR,RG,4440,13,F,BK,AK,F
14:39:29,UNVR,RG,4440,19,F,BK,AK,F
14:39:25,UNVR,RG,4440,15,F,BK,AK,F
14:39:22,UNVR,RG,4440,19,F,BK,AK,F
14:39:21,UNVR,RG,4440,1,D,KK,AK,F
14:39:19,UNVR,RG,4440,11,D,XC,AK,F
14:39:14,UNVR,RG,4440,11,F,AK,AK,F
14:39:14,UNVR,RG,4440,26,F,BK,AK,F
14:39:08,UNVR,RG,4440,18,F,BK,AK,F
14:39:06,UNVR,RG,4440,26,F,BK,AK,F
14:39:00,UNVR,RG,4440,20,F,BK,AK,F
14:39:00,UNVR,RG,4430,137,F,BK,YU,D
14:38:55,UNVR,RG,4440,13,F,BK,AK,F
14:38:54,UNVR,RG,4440,18,F,RX,AK,F
14:38:52,UNVR,RG,4440,10,D,RG,AK,F
14:38:52,UNVR,RG,4440,2,D,NI,AK,F
14:38:49,UNVR,RG,4440,1,D,ZP,AK,F
14:38:46,UNVR,RG,4440,33,F,BK,AK,F
14:38:40,UNVR,RG,4440,5,D,NI,AK,F
14:38:40,UNVR,RG,4440,100,D,CC,AK,F
14:38:39,UNVR,RG,4440,31,F,BK,AK,F
14:38:34,UNVR,RG,4440,18,F,RX,AK,F
14:38:34,UNVR,RG,4440,14,F,BK,AK,F
14:38:29,UNVR,RG,4440,25,F,BK,AK,F
14:38:27,UNVR,RG,4440,20,F,AK,AK,F
14:38:26,UNVR,RG,4440,2,D,LG,AK,F
14:38:22,UNVR,RG,4440,29,F,BK,AK,F
14:38:15,UNVR,RG,4430,1,F,BK,AK,F
14:38:14,UNVR,RG,4440,15,F,RX,AK,F
14:38:13,UNVR,RG,4440,31,F,BK,AK,F
14:38:10,UNVR,RG,4440,2,D,PD,AK,F
14:38:09,UNVR,RG,4440,27,F,BK,AK,F
14:38:01,UNVR,RG,4440,28,F,BK,AK,F
14:37:58,UNVR,RG,4440,18,F,RX,AK,F
14:37:55,UNVR,RG,4440,13,F,BK,AK,F
14:37:52,UNVR,RG,4440,19,F,BK,AK,F
14:37:47,UNVR,RG,4440,1,D,SQ,AK,F
14:37:47,UNVR,RG,4440,14,F,BK,AK,F
14:37:45,UNVR,RG,4440,15,F,AK,AK,F
14:37:41,UNVR,RG,4440,25,F,BK,AK,F
14:37:41,UNVR,RG,4430,28,F,BK,PD,D
14:37:39,UNVR,RG,4440,15,F,RX,AK,F
14:37:33,UNVR,RG,4440,30,F,BK,AK,F
14:37:31,UNVR,RG,4430,3,F,BK,YP,D
14:37:30,UNVR,RG,4440,20,D,XC,AK,F
14:37:28,UNVR,RG,4440,26,F,BK,AK,F
14:37:27,UNVR,RG,4440,13,F,BK,AK,F
14:37:23,UNVR,RG,4440,10,D,PD,AK,F
14:37:23,UNVR,RG,4440,38,F,RX,AK,F
14:37:22,UNVR,RG,4440,19,F,BK,AK,F
14:37:19,UNVR,RG,4440,420,F,AK,AK,F
14:37:18,UNVR,RG,4440,38,F,BK,AK,F
14:37:13,UNVR,RG,4440,18,F,BK,AK,F
14:37:12,UNVR,RG,4440,9,D,XC,AK,F
14:37:09,UNVR,RG,4440,5,D,EP,AK,F
14:37:08,UNVR,RG,4440,1,D,CC,AK,F
14:37:07,UNVR,RG,4440,22,F,BK,AK,F
14:37:01,UNVR,RG,4440,15,F,BK,AK,F
14:37:00,UNVR,RG,4440,33,F,BK,AK,F
14:37:00,UNVR,RG,4430,69,F,BK,YU,D
14:36:50,UNVR,RG,4440,36,F,BK,AK,F
14:36:44,UNVR,RG,4440,13,F,BK,AK,F
14:36:43,UNVR,RG,4440,29,F,BK,AK,F
14:36:42,UNVR,RG,4440,54,F,RX,AK,F
14:36:41,UNVR,RG,4440,32,F,BK,AK,F
14:36:38,UNVR,RG,4430,39,F,BK,CC,D
14:36:36,UNVR,RG,4440,600,D,YP,AK,F
14:36:34,UNVR,RG,4440,34,F,BK,AK,F
14:36:24,UNVR,RG,4440,35,F,BK,AK,F
14:36:20,UNVR,RG,4440,16,F,BK,AK,F
14:36:15,UNVR,RG,4440,2,D,YP,AK,F
14:36:12,UNVR,RG,4440,4,D,PD,AK,F
14:36:12,UNVR,RG,4440,15,F,AK,AK,F
14:36:12,UNVR,RG,4440,42,F,AK,AK,F
14:36:11,UNVR,RG,4440,37,F,BK,AK,F
14:36:02,UNVR,RG,4440,37,F,BK,AK,F
14:36:01,UNVR,RG,4440,19,F,BK,AK,F
14:36:00,UNVR,RG,4430,67,F,BK,YU,D
14:35:57,UNVR,RG,4440,15,F,BK,AK,F
14:35:52,UNVR,RG,4440,5,D,YP,AK,F
14:35:49,UNVR,RG,4440,27,F,BK,AK,F
14:35:47,UNVR,RG,4440,14,D,XC,AK,F
14:35:45,UNVR,RG,4440,20,F,RX,AK,F
14:35:38,UNVR,RG,4440,39,F,BK,AK,F
14:35:32,UNVR,RG,4440,40,F,BK,AK,F
14:35:31,UNVR,RG,4440,14,F,BK,AK,F
14:35:30,UNVR,RG,4430,5,F,BK,XL,D
14:35:29,UNVR,RG,4440,1,D,YP,AK,F
14:35:23,UNVR,RG,4440,16,F,RX,AK,F
14:35:22,UNVR,RG,4440,2,D,YP,AK,F
14:35:18,UNVR,RG,4440,33,F,BK,AK,F
14:35:12,UNVR,RG,4440,5,D,YP,AK,F
14:35:10,UNVR,RG,4440,41,F,BK,AK,F
14:35:06,UNVR,RG,4440,76,F,RX,AK,F
14:35:00,UNVR,RG,4440,36,F,BK,AK,F
14:35:00,UNVR,RG,4440,278,D,CC,AK,F
14:35:00,UNVR,RG,4430,52,F,BK,YU,D
14:34:50,UNVR,RG,4440,43,F,BK,AK,F
14:34:38,UNVR,RG,4440,36,F,BK,AK,F
14:34:37,UNVR,RG,4440,2,D,CP,AK,F
14:34:37,UNVR,RG,4440,5,D,NI,AK,F
14:34:30,UNVR,RG,4440,23,F,BK,AK,F
14:34:26,UNVR,RG,4440,29,F,BK,AK,F
14:34:23,UNVR,RG,4430,10,F,BK,PD,D
14:34:20,UNVR,RG,4440,1,D,XC,AK,F
14:34:17,UNVR,RG,4440,20,F,BK,AK,F
14:34:11,UNVR,RG,4440,3,D,PD,AK,F
14:34:10,UNVR,RG,4440,2,D,XC,AK,F
14:34:08,UNVR,RG,4440,1,D,ZP,AK,F
14:34:07,UNVR,RG,4440,26,F,AK,AK,F
14:34:05,UNVR,RG,4440,43,F,BK,AK,F
14:34:00,UNVR,RG,4430,74,F,BK,YU,D
14:33:58,UNVR,RG,4440,19,F,RX,AK,F
14:33:57,UNVR,RG,4440,31,F,BK,AK,F
14:33:44,UNVR,RG,4440,39,F,BK,AK,F
14:33:42,UNVR,RG,4440,1,D,DX,AK,F
14:33:42,UNVR,RG,4440,68,F,RX,AK,F
14:33:40,UNVR,RG,4440,100,D,CC,AK,F
14:33:35,UNVR,RG,4440,49,F,BK,AK,F
14:33:17,UNVR,RG,4440,46,F,BK,AK,F
14:33:13,UNVR,RG,4440,10,D,YP,AK,F
14:33:12,UNVR,RG,4440,20,F,BK,AK,F
14:33:07,UNVR,RG,4440,24,F,BK,AK,F
14:33:00,UNVR,RG,4430,83,F,BK,YU,D
14:32:52,UNVR,RG,4440,49,F,BK,AK,F
14:32:41,UNVR,RG,4440,21,F,RX,AK,F
14:32:39,UNVR,RG,4440,45,F,BK,AK,F
14:32:34,UNVR,RG,4440,17,F,BK,AK,F
14:32:29,UNVR,RG,4440,35,F,AK,AK,F
14:32:25,UNVR,RG,4440,2,D,CC,AK,F
14:32:25,UNVR,RG,4440,4,D,PD,AK,F
14:32:22,UNVR,RG,4440,32,F,RX,AK,F
14:32:22,UNVR,RG,4440,52,F,BK,AK,F
14:32:17,UNVR,RG,4440,32,D,AT,AK,F
14:32:17,UNVR,RG,4440,1,D,AT,AK,F
14:32:17,UNVR,RG,4440,1,D,AT,AK,F
14:32:17,UNVR,RG,4440,166,D,AT,YP,D
14:32:13,UNVR,RG,4440,31,F,BK,YP,D
14:32:04,UNVR,RG,4440,19,F,BK,YP,D
14:32:00,UNVR,RG,4430,76,F,BK,YU,D
14:31:54,UNVR,RG,4440,22,F,RX,YP,D
14:31:53,UNVR,RG,4440,37,F,BK,YP,D
14:31:44,UNVR,RG,4440,15,D,CC,YP,D
14:31:44,UNVR,RG,4430,25,F,BK,PD,D
14:31:44,UNVR,RG,4440,10,F,AK,YP,D
14:31:44,UNVR,RG,4440,11,F,AK,YP,D
14:31:44,UNVR,RG,4440,100,F,AK,CC,D
14:31:44,UNVR,RG,4440,1,F,AK,PD,D
14:31:44,UNVR,RG,4440,41,F,AK,NI,D
14:31:43,UNVR,RG,4440,9,F,BK,NI,D
14:31:43,UNVR,RG,4440,30,F,BK,NI,D
14:31:35,UNVR,RG,4440,19,F,RX,NI,D
14:31:34,UNVR,RG,4440,39,F,BK,NI,D
14:31:33,UNVR,RG,4430,36,F,BK,KK,D
14:31:33,UNVR,RG,4430,4,F,AK,KK,D
14:31:33,UNVR,RG,4440,1,D,YP,NI,D
14:31:18,UNVR,RG,4440,13,F,RX,NI,D
14:31:15,UNVR,RG,4440,50,F,BK,NI,D
14:31:15,UNVR,RG,4440,22,F,AK,NI,D
14:31:11,UNVR,RG,4440,25,F,BK,NI,D
14:31:06,UNVR,RG,4440,22,F,RX,NI,D
14:30:58,UNVR,RG,4440,36,F,BK,NI,D
14:30:57,UNVR,RG,4440,10,D,NI,NI,D
14:30:50,UNVR,RG,4440,31,F,BK,NI,D
14:30:46,UNVR,RG,4440,2,F,RX,NI,D
14:30:46,UNVR,RG,4440,2,F,RX,YP,D
14:30:46,UNVR,RG,4440,5,F,RX,YP,D
14:30:46,UNVR,RG,4440,10,F,RX,YP,D
14:30:45,UNVR,RG,4440,1,D,PD,YP,D
14:30:38,UNVR,RG,4440,24,F,BK,YP,D
14:30:38,UNVR,RG,4440,28,F,BK,YP,D
14:30:29,UNVR,RG,4440,11,D,NI,YP,D
14:30:29,UNVR,RG,4440,22,F,RX,YP,D
14:30:24,UNVR,RG,4440,2,D,PD,YP,D
14:30:20,UNVR,RG,4440,12,F,BK,YP,D
14:30:20,UNVR,RG,4440,1,F,BK,YP,D
14:30:20,UNVR,RG,4440,3,F,BK,CC,D
14:30:20,UNVR,RG,4440,5,F,BK,CC,D
14:30:20,UNVR,RG,4440,26,F,BK,EP,D
14:30:11,UNVR,RG,4430,16,F,AK,NI,D
14:30:09,UNVR,RG,4440,35,F,BK,EP,D
14:30:09,UNVR,RG,4440,16,F,RX,EP,D
14:30:00,UNVR,RG,4440,40,F,BK,EP,D
14:30:00,UNVR,RG,4440,1,D,KK,EP,D
14:30:00,UNVR,RG,4440,4,D,KK,EP,D
14:29:53,UNVR,RG,4440,18,F,RX,EP,D
14:29:48,UNVR,RG,4440,30,F,BK,EP,D
14:29:47,UNVR,RG,4430,1,F,AK,DR,D
14:29:47,UNVR,RG,4430,2,F,AK,DR,D
14:29:40,UNVR,RG,4430,2,F,AK,AT,D
14:29:38,UNVR,RG,4440,1,D,YP,EP,D
14:29:38,UNVR,RG,4440,29,F,BK,EP,D
14:29:38,UNVR,RG,4440,11,F,BK,YU,D
14:29:38,UNVR,RG,4440,3,F,BK,PD,D
14:29:33,UNVR,RG,4430,1,F,AK,YP,D
14:29:33,UNVR,RG,4440,2,F,RX,PD,D
14:29:33,UNVR,RG,4440,12,F,RX,PD,D
14:29:30,UNVR,RG,4440,4,F,AK,PD,D
14:29:30,UNVR,RG,4440,1,F,AK,YP,D
14:29:30,UNVR,RG,4440,3,F,AK,CC,D
14:29:28,UNVR,RG,4440,12,F,BK,CC,D
14:29:28,UNVR,RG,4440,16,F,BK,DH,D
14:29:21,UNVR,RG,4440,23,F,BK,DH,D
14:29:18,UNVR,RG,4440,6,F,AK,DH,D
14:29:16,UNVR,RG,4440,5,F,RX,DH,D
14:29:16,UNVR,RG,4440,3,F,RX,XC,D
14:29:16,UNVR,RG,4440,10,F,RX,LG,D
14:29:16,UNVR,RG,4440,1,F,RX,YP,D
14:29:16,UNVR,RG,4440,2,F,RX,SQ,D
14:29:16,UNVR,RG,4440,1,F,RX,OD,D
14:29:10,UNVR,RG,4430,1,F,BK,YP,D
14:29:10,UNVR,RG,4430,41,F,BK,OD,D
14:29:04,UNVR,RG,4430,23,F,BK,OD,D
14:29:04,UNVR,RG,4430,5,D,CC,OD,D
14:29:02,UNVR,RG,4430,1,F,BK,OD,D
14:29:02,UNVR,RG,4430,1,F,BK,YP,D
14:29:00,UNVR,RG,4430,85,F,BK,YU,D
14:29:00,UNVR,RG,4430,250,F,BK,CC,D
14:29:00,UNVR,RG,4430,29,F,BK,XC,D
14:29:00,UNVR,RG,4430,2,F,BK,PD,D
14:29:00,UNVR,RG,4430,34,F,BK,CS,F
14:28:54,UNVR,RG,4430,17,F,RX,CS,F
14:28:52,UNVR,RG,4430,20,D,RG,CS,F
14:28:50,UNVR,RG,4430,84,F,BK,CS,F
14:28:48,UNVR,RG,4430,10,D,NI,CS,F
14:28:47,UNVR,RG,4430,54,F,BK,CS,F
14:28:42,UNVR,RG,4430,74,F,BK,CS,F
14:28:39,UNVR,RG,4430,1,D,XL,CS,F
14:28:36,UNVR,RG,4430,4,D,PD,CS,F
14:28:35,UNVR,RG,4430,17,F,RX,CS,F
14:28:35,UNVR,RG,4430,5,D,GR,CS,F
14:28:33,UNVR,RG,4430,3,D,YP,CS,F
14:28:30,UNVR,RG,4430,6,F,AK,CS,F
14:28:27,UNVR,RG,4430,2,D,YP,CS,F
14:28:26,UNVR,RG,4430,62,F,BK,CS,F
14:28:24,UNVR,RG,4430,10,D,CC,CS,F
14:28:16,UNVR,RG,4430,16,F,RX,CS,F
14:28:16,UNVR,RG,4430,23,F,BK,CS,F
14:28:16,UNVR,RG,4430,1,F,BK,CC,D
14:28:16,UNVR,RG,4430,10,F,BK,PD,D
14:28:16,UNVR,RG,4430,3,F,BK,YP,D
14:28:16,UNVR,RG,4430,1,F,BK,AK,F
14:28:16,UNVR,RG,4430,1,F,BK,AK,F
14:28:16,UNVR,RG,4430,12,F,BK,AK,F
14:28:04,UNVR,RG,4430,24,F,BK,AK,F
14:28:04,UNVR,RG,4430,100,D,YU,AK,F
14:28:03,UNVR,RG,4430,2,D,CC,AK,F
14:28:02,UNVR,RG,4430,124,D,CC,AK,F
14:28:02,UNVR,RG,4430,1,D,XC,AK,F
14:28:00,UNVR,RG,4430,14,F,RX,AK,F
14:28:00,UNVR,RG,4430,10,F,AK,AK,F
14:27:59,UNVR,RG,4430,26,F,BK,AK,F
14:27:45,UNVR,RG,4430,6,F,AK,AK,F
14:27:44,UNVR,RG,4430,10,D,GR,AK,F
14:27:43,UNVR,RG,4430,17,F,RX,AK,F
14:27:42,UNVR,RG,4430,3,D,XC,AK,F
14:27:41,UNVR,RG,4430,57,F,BK,AK,F
14:27:38,UNVR,RG,4430,2,D,PD,AK,F
14:27:33,UNVR,RG,4430,22,F,BK,AK,F
14:27:30,UNVR,RG,4430,20,D,YP,AK,F
14:27:25,UNVR,RG,4430,5,D,GR,AK,F
14:27:23,UNVR,RG,4430,24,F,RX,AK,F
14:27:20,UNVR,RG,4430,235,D,NI,AK,F
14:27:20,UNVR,RG,4430,10,D,NI,DH,D
14:27:20,UNVR,RG,4430,1,D,NI,XL,D
14:27:20,UNVR,RG,4430,5,D,NI,SQ,D
14:27:20,UNVR,RG,4430,6,D,NI,EP,D
14:27:20,UNVR,RG,4430,1,D,NI,DX,D
14:27:20,UNVR,RG,4430,10,D,NI,PD,D
14:27:20,UNVR,RG,4430,1,D,NI,XC,D
14:27:20,UNVR,RG,4430,1,D,NI,XC,D
14:27:20,UNVR,RG,4430,2,D,NI,YP,D
14:27:20,UNVR,RG,4430,1,D,NI,XC,D
14:27:20,UNVR,RG,4430,45,D,NI,CC,D
14:27:20,UNVR,RG,4430,1,D,NI,AI,D
14:27:20,UNVR,RG,4430,5,D,NI,PD,D
14:27:20,UNVR,RG,4430,5,D,NI,CC,F
14:27:20,UNVR,RG,4430,417,D,NI,CS,F
14:27:20,UNVR,RG,4430,1,D,NI,OD,D
14:27:20,UNVR,RG,4430,4,D,NI,CC,D
14:27:20,UNVR,RG,4430,1,D,NI,XC,D
14:27:20,UNVR,RG,4430,61,D,NI,YU,D
14:27:20,UNVR,RG,4430,6,D,NI,DH,D
14:27:20,UNVR,RG,4430,10,D,NI,PD,D
14:27:20,UNVR,RG,4430,25,D,NI,CC,D
14:27:20,UNVR,RG,4430,1,D,NI,XC,D
14:27:20,UNVR,RG,4430,145,D,NI,CC,D
14:27:14,UNVR,RG,4430,2,D,AT,CC,D
14:27:09,UNVR,RG,4430,62,F,BK,CC,D
14:27:09,UNVR,RG,4430,10,D,AZ,CC,D
14:27:08,UNVR,RG,4430,20,D,YP,CC,D
14:27:05,UNVR,RG,4430,30,D,KK,CC,D
14:27:02,UNVR,RG,4430,67,F,RX,CC,D
14:27:00,UNVR,RG,4430,9,F,AK,CC,D
14:26:54,UNVR,RG,4430,5,F,BK,CC,D
14:26:54,UNVR,RG,4430,10,F,BK,OD,D
14:26:54,UNVR,RG,4430,8,F,BK,PD,D
14:26:48,UNVR,RG,4430,2,F,BK,PD,D
14:26:48,UNVR,RG,4430,20,F,BK,PD,D
14:26:45,UNVR,RG,4430,5,F,AK,PD,D
14:26:37,UNVR,RG,4430,10,F,BK,PD,D
14:26:37,UNVR,RG,4430,5,F,BK,CC,D
14:26:37,UNVR,RG,4430,4,F,BK,LG,D
14:26:37,UNVR,RG,4430,5,F,BK,XC,D
14:26:35,UNVR,RG,4420,30,F,BK,PD,D
14:26:24,UNVR,RG,4430,3,F,AK,XC,D
14:26:23,UNVR,RG,4430,7,F,BK,XC,D
14:26:23,UNVR,RG,4430,25,F,BK,YU,D
14:26:15,UNVR,RG,4430,8,F,AK,YU,D
14:26:12,UNVR,RG,4430,30,D,PD,YU,D
14:26:09,UNVR,RG,4430,2,F,BK,YU,D
14:26:09,UNVR,RG,4430,31,F,BK,CC,D
14:26:00,UNVR,RG,4420,133,F,BK,YU,D
14:26:00,UNVR,RG,4430,4,F,AK,CC,D
14:25:56,UNVR,RG,4430,33,F,BK,CC,D
14:25:52,UNVR,RG,4430,25,F,BK,CC,D
14:25:52,UNVR,RG,4430,5,F,BK,YP,D
14:25:52,UNVR,RG,4430,5,F,BK,CC,D
14:25:52,UNVR,RG,4430,2,F,BK,XC,D
14:25:52,UNVR,RG,4430,1,F,BK,YP,D
14:25:52,UNVR,RG,4430,7,F,BK,CC,D
14:25:52,UNVR,RG,4430,5,F,BK,YP,D
14:25:52,UNVR,RG,4430,3,F,BK,PD,D
14:25:52,UNVR,RG,4430,9,F,BK,SQ,D
14:25:52,UNVR,RG,4430,1,F,BK,YP,D
14:25:52,UNVR,RG,4430,1,F,BK,AK,F
14:25:52,UNVR,RG,4430,1,F,BK,AK,F
14:25:52,UNVR,RG,4430,1,F,BK,AK,F
14:25:52,UNVR,RG,4430,1,F,BK,AK,F
14:25:52,UNVR,RG,4430,147,F,BK,AK,F
14:25:52,UNVR,RG,4430,11,F,BK,AK,F
14:25:48,UNVR,RG,4430,14,F,RX,AK,F
14:25:45,UNVR,RG,4430,8,F,AK,AK,F
14:25:44,UNVR,RG,4430,16,F,BK,AK,F
14:25:35,UNVR,RG,4430,1,D,CC,AK,F
14:25:35,UNVR,RG,4430,44,F,BK,AK,F
14:25:31,UNVR,RG,4430,17,F,RX,AK,F
14:25:30,UNVR,RG,4430,4,F,AK,AK,F
14:25:29,UNVR,RG,4430,2,D,YP,AK,F
14:25:26,UNVR,RG,4420,21,F,BK,GR,D
14:25:22,UNVR,RG,4430,27,D,YU,AK,F
14:25:18,UNVR,RG,4430,46,F,BK,AK,F
14:25:18,UNVR,RG,4430,3,D,EP,AK,F
14:25:14,UNVR,RG,4420,1,F,BK,OD,D
14:25:11,UNVR,RG,4430,64,F,RX,AK,F
14:25:08,UNVR,RG,4430,21,F,BK,AK,F
14:25:06,UNVR,RG,4430,1,D,GR,AK,F
14:24:57,UNVR,RG,4420,5,F,BK,CC,D
14:24:56,UNVR,RG,4430,4,F,AK,AK,F
14:24:56,UNVR,RG,4420,4,F,BK,AK,F
14:24:55,UNVR,RG,4430,24,F,BK,AK,F
14:24:46,UNVR,RG,4430,26,F,BK,AK,F
14:24:45,UNVR,RG,4420,1,F,BK,XC,D
14:24:45,UNVR,RG,4430,8,F,AK,AK,F
14:24:30,UNVR,RG,4430,4,F,AK,AK,F
14:24:29,UNVR,RG,4430,31,F,BK,AK,F
14:24:27,UNVR,RG,4430,1,D,PD,AK,F
14:24:22,UNVR,RG,4430,1,D,YP,AK,F
14:24:20,UNVR,RG,4430,4,D,PD,AK,F
14:24:17,UNVR,RG,4430,34,F,BK,AK,F
14:24:08,UNVR,RG,4430,25,F,BK,AK,F
14:24:01,UNVR,RG,4430,19,F,RX,AK,F
14:24:00,UNVR,RG,4420,167,F,BK,YU,D
14:23:55,UNVR,RG,4430,2,D,PD,AK,F
14:23:50,UNVR,RG,4430,40,F,BK,AK,F
14:23:41,UNVR,RG,4430,16,F,RX,AK,F
14:23:36,UNVR,RG,4430,1,D,CC,AK,F
14:23:33,UNVR,RG,4430,27,F,BK,AK,F
14:23:30,UNVR,RG,4430,5,F,AK,AK,F
14:23:26,UNVR,RG,4430,26,F,BK,AK,F
14:23:15,UNVR,RG,4430,4,F,AK,AK,F
14:23:09,UNVR,RG,4430,33,F,BK,AK,F
14:23:04,UNVR,RG,4430,1,D,PD,AK,F
14:23:03,UNVR,RG,4430,1,D,XC,AK,F
14:23:00,UNVR,RG,4430,9,F,AK,AK,F
14:22:58,UNVR,RG,4430,17,F,BK,AK,F
14:22:57,UNVR,RG,4430,31,F,BK,AK,F
14:22:51,UNVR,RG,4430,1,D,XC,AK,F
14:22:47,UNVR,RG,4430,20,F,BK,AK,F
14:22:39,UNVR,RG,4430,19,F,BK,AK,F
14:22:34,UNVR,RG,4430,23,D,YP,AK,F
14:22:29,UNVR,RG,4430,6,F,BK,AK,F
14:22:29,UNVR,RG,4430,19,F,BK,AK,F
14:22:23,UNVR,RG,4430,5,D,PD,AK,F
14:22:18,UNVR,RG,4430,28,F,BK,AK,F
14:22:15,UNVR,RG,4430,5,F,AK,AK,F
14:22:11,UNVR,RG,4420,4,F,BK,NI,D
14:22:09,UNVR,RG,4430,2,D,PD,AK,F
14:22:08,UNVR,RG,4430,14,F,BK,AK,F
14:22:00,UNVR,RG,4420,1,F,BK,AK,F
14:22:00,UNVR,RG,4430,9,F,AK,AK,F
14:21:57,UNVR,RG,4430,22,F,BK,AK,F
14:21:52,UNVR,RG,4430,15,F,BK,AK,F
14:21:45,UNVR,RG,4430,19,F,BK,AK,F
14:21:36,UNVR,RG,4430,15,F,BK,AK,F
14:21:30,UNVR,RG,4430,5,F,AK,AK,F
14:21:27,UNVR,RG,4430,22,F,BK,AK,F
14:21:24,UNVR,RG,4430,1,D,YP,AK,F
14:21:23,UNVR,RG,4430,13,F,BK,AK,F
14:21:19,UNVR,RG,4430,10,D,EP,AK,F
14:21:19,UNVR,RG,4430,14,F,BK,AK,F
14:21:12,UNVR,RG,4430,14,F,BK,AK,F
14:21:05,UNVR,RG,4430,22,F,BK,AK,F
14:20:59,UNVR,RG,4430,13,F,BK,AK,F
14:20:57,UNVR,RG,4430,19,F,BK,AK,F
14:20:55,UNVR,RG,4430,1,D,YP,AK,F
14:20:51,UNVR,RG,4430,23,F,BK,AK,F
14:20:49,UNVR,RG,4430,5,D,HD,AK,F
14:20:46,UNVR,RG,4430,19,F,BK,AK,F
14:20:42,UNVR,RG,4430,14,F,BK,AK,F
14:20:40,UNVR,RG,4420,5,F,BK,OD,D
14:20:35,UNVR,RG,4430,13,F,BK,AK,F
14:20:30,UNVR,RG,4430,20,F,BK,AK,F
14:20:30,UNVR,RG,4430,5,D,HD,AK,F
14:20:29,UNVR,RG,4430,5,F,AK,AK,F
14:20:28,UNVR,RG,4430,5,D,PD,AK,F
14:20:24,UNVR,RG,4430,16,F,BK,AK,F
14:20:20,UNVR,RG,4430,16,F,BK,AK,F
14:20:13,UNVR,RG,4430,15,F,BK,AK,F
14:20:10,UNVR,RG,4420,1,F,BK,PD,D
14:20:05,UNVR,RG,4430,22,F,BK,AK,F
14:20:00,UNVR,RG,4430,21,F,BK,AK,F
14:20:00,UNVR,RG,4420,133,F,BK,YU,D
14:20:00,UNVR,RG,4420,26,F,RX,YU,D
14:19:50,UNVR,RG,4430,19,F,BK,AK,F
14:19:45,UNVR,RG,4420,5,F,RX,PD,D
14:19:39,UNVR,RG,4420,7,F,RX,DR,D
14:19:21,UNVR,RG,4420,2,F,RX,YP,D
14:19:18,UNVR,RG,4430,1,D,CC,AK,F
14:19:13,UNVR,RG,4430,1,D,XC,AK,F
14:18:30,UNVR,RG,4430,15,D,NI,AK,F
14:18:24,UNVR,RG,4420,3,F,RX,CC,D
14:18:24,UNVR,RG,4420,4,D,CC,CC,D
14:18:18,UNVR,RG,4410,218,D,NI,GR,D
14:18:18,UNVR,RG,4410,25,D,KK,GR,D
14:18:18,UNVR,RG,4410,15,D,KK,GR,D
14:18:18,UNVR,RG,4410,2,D,AT,GR,D
14:18:18,UNVR,RG,4410,40,D,CC,GR,D
14:18:18,UNVR,RG,4410,1,D,AZ,GR,D
14:18:18,UNVR,RG,4410,1,D,PD,GR,D
14:18:18,UNVR,RG,4410,10,D,PD,GR,D
14:18:18,UNVR,RG,4410,2,D,NI,GR,D
14:18:18,UNVR,RG,4410,5,D,PD,GR,D
14:18:18,UNVR,RG,4410,1,D,YP,GR,D
14:18:18,UNVR,RG,4410,3,D,YP,GR,D
14:18:18,UNVR,RG,4410,20,D,YP,GR,D
14:18:18,UNVR,RG,4410,1,D,PD,GR,D
14:18:18,UNVR,RG,4410,1,D,NI,GR,D
14:18:18,UNVR,RG,4410,1,D,NI,GR,D
14:18:18,UNVR,RG,4410,30,D,SQ,GR,D
14:18:18,UNVR,RG,4410,86,F,AK,GR,D
14:18:18,UNVR,RG,4410,6,F,AK,GR,D
14:18:18,UNVR,RG,4410,3,F,AK,GR,D
14:18:18,UNVR,RG,4410,53,D,YP,GR,D
14:18:18,UNVR,RG,4410,50,D,YP,GR,D
14:18:18,UNVR,RG,4410,1,D,PD,GR,D
14:18:18,UNVR,RG,4410,1,D,CC,GR,D
14:18:18,UNVR,RG,4410,10,D,YP,GR,D
14:18:18,UNVR,RG,4410,30,D,YP,GR,D
14:18:18,UNVR,RG,4410,1,D,CC,GR,D
14:18:18,UNVR,RG,4410,3,D,YP,GR,D
14:18:18,UNVR,RG,4410,25,F,AG,GR,D
14:18:18,UNVR,RG,4410,10,D,IF,GR,D
14:18:18,UNVR,RG,4410,1,D,PD,GR,D
14:18:18,UNVR,RG,4410,2,D,YP,GR,D
14:18:18,UNVR,RG,4410,5,D,NI,GR,D
14:18:18,UNVR,RG,4410,292,D,CC,GR,D
14:18:18,UNVR,RG,4410,20,D,YP,GR,D
14:18:18,UNVR,RG,4410,10,D,PD,GR,D
14:18:18,UNVR,RG,4410,1,D,XL,GR,D
14:18:18,UNVR,RG,4410,5,D,IF,GR,D
14:18:18,UNVR,RG,4410,25,D,SQ,GR,D
14:18:18,UNVR,RG,4410,50,D,PD,GR,D
14:18:18,UNVR,RG,4410,1,D,XC,GR,D
14:18:18,UNVR,RG,4410,5,D,SQ,GR,D
14:18:18,UNVR,RG,4410,6,D,YP,GR,D
14:18:18,UNVR,RG,4410,3,D,XC,GR,D
14:18:18,UNVR,RG,4410,5,D,XC,GR,D
14:18:18,UNVR,RG,4410,10,D,OD,GR,D
14:18:18,UNVR,RG,4410,2,D,YP,GR,D
14:18:18,UNVR,RG,4410,1,D,PD,GR,D
14:18:18,UNVR,RG,4410,1,D,EP,GR,D
14:18:18,UNVR,RG,4410,1,D,YP,GR,D
14:18:18,UNVR,RG,4410,1,D,KK,GR,D
14:18:18,UNVR,RG,4410,1,D,YU,GR,D
14:18:18,UNVR,RG,4410,1,D,NI,GR,D
14:18:18,UNVR,RG,4410,1,D,XC,GR,D
14:18:18,UNVR,RG,4410,4,D,XC,GR,D
14:18:18,UNVR,RG,4410,1,D,XC,GR,D
14:18:18,UNVR,RG,4410,10,D,LG,GR,D
14:18:18,UNVR,RG,4410,25,D,SQ,GR,D
14:18:18,UNVR,RG,4410,10,D,PD,GR,D
14:18:18,UNVR,RG,4410,6,D,HP,GR,D
14:18:18,UNVR,RG,4410,1,D,YP,GR,D
14:18:18,UNVR,RG,4410,10,D,YP,GR,D
14:18:18,UNVR,RG,4410,10,D,PD,GR,D
14:18:18,UNVR,RG,4410,1,D,YP,GR,D
14:18:18,UNVR,RG,4410,25,D,PD,GR,D
14:18:18,UNVR,RG,4410,2,D,XC,GR,D
14:18:18,UNVR,RG,4410,100,D,XC,GR,D
14:18:18,UNVR,RG,4410,39,F,BK,GR,D
14:18:18,UNVR,RG,4410,1,D,YP,GR,D
14:18:18,UNVR,RG,4410,1,D,NI,GR,D
14:18:18,UNVR,RG,4410,10,D,PD,GR,D
14:18:18,UNVR,RG,4410,1,D,NI,GR,D
14:18:18,UNVR,RG,4410,65,F,AK,GR,D
14:18:18,UNVR,RG,4410,150,D,AO,GR,D
14:18:18,UNVR,RG,4410,1,D,CC,GR,D
14:18:18,UNVR,RG,4410,1,D,YP,GR,D
14:18:18,UNVR,RG,4410,3,D,PD,GR,D
14:18:18,UNVR,RG,4410,6,F,AK,GR,D
14:18:18,UNVR,RG,4410,6,F,AK,GR,D
14:18:18,UNVR,RG,4410,7,D,NI,GR,D
14:18:18,UNVR,RG,4410,100,D,YP,GR,D
14:18:18,UNVR,RG,4410,1,D,DR,GR,D
14:18:18,UNVR,RG,4410,5,D,KK,GR,D
14:18:18,UNVR,RG,4410,125,D,EP,GR,D
14:18:18,UNVR,RG,4410,2,D,LS,GR,D
14:18:18,UNVR,RG,4410,2,D,PD,GR,D
14:18:18,UNVR,RG,4410,1,D,PD,GR,D
14:18:18,UNVR,RG,4410,16,F,BK,GR,D
14:18:18,UNVR,RG,4410,592,D,YJ,GR,D
14:18:18,UNVR,RG,4420,181,F,BK,GR,D
14:18:18,UNVR,RG,4420,1,D,YP,GR,D
14:18:18,UNVR,RG,4420,13,D,CC,GR,D
14:18:18,UNVR,RG,4420,24,D,CC,GR,D
14:18:18,UNVR,RG,4420,5,D,YP,GR,D
14:18:18,UNVR,RG,4420,2,D,PD,GR,D
14:18:18,UNVR,RG,4420,25,D,KK,GR,D
14:18:18,UNVR,RG,4420,2,D,YP,GR,D
14:18:18,UNVR,RG,4420,1,D,PD,GR,D
14:18:18,UNVR,RG,4420,2,D,YP,GR,D
14:18:18,UNVR,RG,4420,2,D,NI,GR,D
14:18:18,UNVR,RG,4420,20,D,NI,GR,D
14:18:18,UNVR,RG,4420,100,D,CC,GR,D
14:18:18,UNVR,RG,4420,1,D,YP,GR,D
14:18:18,UNVR,RG,4420,25,D,TP,GR,D
14:18:18,UNVR,RG,4420,1,D,KK,GR,D
14:18:18,UNVR,RG,4420,44,F,RX,GR,D
14:18:18,UNVR,RG,4420,1,D,YP,GR,D
14:18:18,UNVR,RG,4420,1,D,PD,GR,D
14:18:18,UNVR,RG,4420,1,D,XC,GR,D
14:18:18,UNVR,RG,4420,1,D,CC,GR,D
14:18:18,UNVR,RG,4420,25,D,CC,GR,D
14:18:18,UNVR,RG,4420,20,D,SQ,GR,D
14:18:18,UNVR,RG,4420,92,F,AK,GR,D
14:18:18,UNVR,RG,4420,3,F,AK,GR,D
14:18:18,UNVR,RG,4420,9,F,AK,GR,D
14:18:18,UNVR,RG,4420,50,D,YP,GR,D
14:18:18,UNVR,RG,4420,1,D,YP,GR,D
14:18:18,UNVR,RG,4420,325,D,YP,GR,D
14:18:18,UNVR,RG,4420,1,D,PD,GR,D
14:18:18,UNVR,RG,4420,1,D,KK,GR,D
14:18:18,UNVR,RG,4420,1,D,KK,GR,D
14:18:18,UNVR,RG,4420,223,F,RX,GR,D
14:18:18,UNVR,RG,4420,2,D,ZP,GR,D
14:18:18,UNVR,RG,4420,50,F,BK,GR,D
14:18:18,UNVR,RG,4420,5,D,XA,GR,D
14:18:18,UNVR,RG,4420,30,D,PD,GR,D
14:18:18,UNVR,RG,4420,104,F,BK,GR,D
14:18:17,UNVR,RG,4420,88,F,BK,YP,D
14:18:15,UNVR,RG,4420,1,F,BK,AK,F
14:18:14,UNVR,RG,4430,2,D,PD,AK,F
14:18:03,UNVR,RG,4420,2,F,BK,PD,D
14:17:45,UNVR,RG,4430,20,F,RX,AK,F
14:17:40,UNVR,RG,4430,1,D,CP,AK,F
14:17:37,UNVR,RG,4430,5,D,YP,AK,F
14:17:19,UNVR,RG,4430,14,F,RX,AK,F
14:17:11,UNVR,RG,4430,1,D,CC,AK,F
14:17:02,UNVR,RG,4430,16,F,RX,AK,F
14:16:59,UNVR,RG,4430,7,F,AK,AK,F
14:16:59,UNVR,RG,4430,11,F,AK,AK,F
14:16:58,UNVR,RG,4430,5,D,XC,AK,F
14:16:41,UNVR,RG,4430,16,F,RX,AK,F
14:16:40,UNVR,RG,4430,1,D,XC,AK,F
14:16:34,UNVR,RG,4430,1,D,XL,AK,F
14:16:32,UNVR,RG,4430,2,D,YP,AK,F
14:16:26,UNVR,RG,4430,4,D,PD,AK,F
14:16:21,UNVR,RG,4420,2,F,BK,YP,D
14:16:21,UNVR,RG,4430,15,F,RX,AK,F
14:16:20,UNVR,RG,4430,1,D,PD,AK,F
14:16:07,UNVR,RG,4430,22,D,DH,AK,F
14:16:02,UNVR,RG,4430,13,F,RX,AK,F
14:15:48,UNVR,RG,4430,1,D,KK,AK,F
14:15:45,UNVR,RG,4430,17,F,RX,AK,F
14:15:44,UNVR,RG,4420,18,F,BK,PD,D
14:15:37,UNVR,RG,4430,6,F,AK,AK,F
14:15:37,UNVR,RG,4430,2,F,AK,AK,F
14:15:37,UNVR,RG,4430,6,F,AK,AK,F
14:15:36,UNVR,RG,4430,1,D,GR,AK,F
14:15:30,UNVR,RG,4420,1,F,BK,YU,D
14:15:23,UNVR,RG,4430,17,F,RX,AK,F
14:15:16,UNVR,RG,4420,2,F,BK,YP,D
14:15:08,UNVR,RG,4430,2,D,PD,AK,F
14:15:01,UNVR,RG,4430,17,F,RX,AK,F
14:15:00,UNVR,RG,4430,3,F,AK,AK,F
14:14:49,UNVR,RG,4430,1,D,RG,AK,F
14:14:46,UNVR,RG,4420,1,D,YP,DR,D
14:14:45,UNVR,RG,4430,91,D,PD,AK,F
14:14:45,UNVR,RG,4420,1,D,YP,AK,F
14:14:34,UNVR,RG,4430,18,F,RX,AK,F
14:14:30,UNVR,RG,4430,3,F,AK,AK,F
14:14:29,UNVR,RG,4430,7,F,AK,AK,F
14:14:21,UNVR,RG,4420,8,D,YP,CC,D
14:14:21,UNVR,RG,4420,2,D,CC,CC,D
14:14:18,UNVR,RG,4430,2,D,PD,AK,F
14:14:05,UNVR,RG,4430,105,F,RX,AK,F
14:14:02,UNVR,RG,4420,9,D,CC,CC,D
14:14:02,UNVR,RG,4420,5,D,XA,CC,D
14:13:19,UNVR,RG,4430,19,F,BK,AK,F
14:13:18,UNVR,RG,4420,5,D,CC,CC,F
14:13:14,UNVR,RG,4430,47,F,BK,AK,F
14:13:13,UNVR,RG,4410,1408,D,YJ,AK,F
14:13:13,UNVR,RG,4410,2,D,CC,AK,F
14:13:13,UNVR,RG,4410,3,D,YP,AK,F
14:13:13,UNVR,RG,4410,3,D,XC,AK,F
14:13:13,UNVR,RG,4410,2,D,XC,AK,F
14:13:13,UNVR,RG,4410,10,D,DH,AK,F
14:13:13,UNVR,RG,4410,2,D,OD,AK,F
14:13:13,UNVR,RG,4410,200,D,CC,AK,F
14:13:13,UNVR,RG,4410,6,F,AK,AK,F
14:13:13,UNVR,RG,4410,9,F,BK,AK,F
14:13:13,UNVR,RG,4410,1,D,PD,AK,F
14:13:13,UNVR,RG,4410,1,D,XC,AK,F
14:13:13,UNVR,RG,4410,82,F,AK,AK,F
14:13:13,UNVR,RG,4410,3,F,AK,AK,F
14:13:13,UNVR,RG,4410,500,D,AI,AK,F
14:13:13,UNVR,RG,4410,2,D,XC,AK,F
14:13:13,UNVR,RG,4410,1,D,XC,AK,F
14:13:13,UNVR,RG,4410,2,D,YP,AK,F
14:13:13,UNVR,RG,4410,8,D,SQ,AK,F
14:13:12,UNVR,RG,4420,2,F,BK,YP,D
14:13:12,UNVR,RG,4420,76,F,BK,YU,D
14:13:12,UNVR,RG,4420,6,F,BK,KK,D
14:13:12,UNVR,RG,4420,10,F,BK,CC,D
14:13:12,UNVR,RG,4420,30,F,BK,PD,D
14:13:12,UNVR,RG,4420,8,F,BK,EP,D
14:13:12,UNVR,RG,4420,34,F,BK,YU,D
14:13:11,UNVR,RG,4420,23,D,KK,YU,D
14:13:11,UNVR,RG,4420,1,D,KK,YP,D
14:13:11,UNVR,RG,4420,8,D,KK,YP,D
14:13:11,UNVR,RG,4420,3,D,KK,YP,D
14:13:11,UNVR,RG,4420,52,D,KK,YU,D
14:13:11,UNVR,RG,4420,1,D,KK,CC,D
14:13:11,UNVR,RG,4420,32,D,KK,YJ,D
14:13:11,UNVR,RG,4420,409,D,KK,CS,F
14:13:11,UNVR,RG,4420,200,D,KK,CC,D
14:13:11,UNVR,RG,4420,100,D,KK,AG,D
14:13:11,UNVR,RG,4420,171,D,KK,PD,D
14:13:10,UNVR,RG,4420,1,D,XC,PD,D
14:13:09,UNVR,RG,4410,1,D,SQ,PD,D
14:13:03,UNVR,RG,4420,3,D,YP,PD,D
14:13:00,UNVR,RG,4420,3,F,AK,PD,D
14:12:54,UNVR,RG,4420,12,D,CC,PD,D
14:12:30,UNVR,RG,4420,3,F,AK,PD,D
14:12:26,UNVR,RG,4420,5,D,DH,PD,D
14:12:24,UNVR,RG,4420,4,D,PD,PD,D
14:12:21,UNVR,RG,4420,1,D,XC,PD,D
14:12:20,UNVR,RG,4410,2,D,SQ,AZ,D
14:12:20,UNVR,RG,4420,10,D,CP,PD,D
14:12:19,UNVR,RG,4420,1,D,NI,PD,D
14:12:15,UNVR,RG,4420,1,D,PD,PD,D
14:12:15,UNVR,RG,4420,6,F,AK,PD,D
14:12:14,UNVR,RG,4420,30,D,PD,PD,D
14:12:09,UNVR,RG,4420,10,D,GR,PD,D
14:12:07,UNVR,RG,4420,5,D,XA,PD,D
14:11:56,UNVR,RG,4420,10,D,CC,PD,D
14:11:55,UNVR,RG,4420,25,D,XA,PD,D
14:11:45,UNVR,RG,4420,3,F,AK,PD,D
14:11:45,UNVR,RG,4420,5,D,YP,PD,D
14:11:36,UNVR,RG,4420,1,D,PD,PD,D
14:11:26,UNVR,RG,4420,12,D,CC,PD,D
14:11:23,UNVR,RG,4420,10,D,CC,PD,D
14:11:18,UNVR,RG,4420,3,D,CC,PD,D
14:11:15,UNVR,RG,4420,10,D,SQ,PD,D
14:11:15,UNVR,RG,4420,3,F,AK,PD,D
14:11:14,UNVR,RG,4420,6,F,AK,PD,D
14:11:08,UNVR,RG,4420,1,D,CC,PD,D
14:10:54,UNVR,RG,4420,1,D,XC,PD,D
14:10:38,UNVR,RG,4420,200,D,YU,PD,D
14:10:30,UNVR,RG,4410,1,D,SQ,AK,F
14:10:29,UNVR,RG,4420,3,D,EP,PD,D
14:10:20,UNVR,RG,4420,2,D,PD,PD,D
14:10:18,UNVR,RG,4420,5,D,TP,PD,D
14:10:15,UNVR,RG,4420,3,F,AK,PD,D
14:10:14,UNVR,RG,4420,6,F,AK,PD,D
14:10:00,UNVR,RG,4420,2,F,AK,PD,D
14:09:58,UNVR,RG,4420,11,D,CC,PD,D
14:09:40,UNVR,RG,4410,10,D,SQ,NI,D
14:09:17,UNVR,RG,4410,3,D,SQ,XC,D
14:09:17,UNVR,RG,4410,1,D,PD,XC,D
14:09:17,UNVR,RG,4410,1,D,YP,XC,D
14:09:16,UNVR,RG,4420,1,D,CC,PD,D
14:09:15,UNVR,RG,4420,3,F,AK,PD,D
14:09:05,UNVR,RG,4420,9,F,AK,PD,D
14:09:04,UNVR,RG,4420,10,D,YJ,PD,D
14:09:00,UNVR,RG,4420,1,D,PD,PD,D
14:08:59,UNVR,RG,4420,1,D,CC,PD,D
14:08:57,UNVR,RG,4420,1,D,YP,PD,D
14:08:53,UNVR,RG,4420,1,D,YP,PD,D
14:08:45,UNVR,RG,4420,3,F,AK,PD,D
14:08:41,UNVR,RG,4420,25,D,TP,PD,D
14:08:30,UNVR,RG,4420,13,D,CC,PD,D
14:08:27,UNVR,RG,4420,5,D,PD,PD,D
14:08:00,UNVR,RG,4420,3,F,AK,PD,D
14:07:47,UNVR,RG,4410,1,D,YP,CC,D
14:07:47,UNVR,RG,4410,9,D,EP,CC,D
14:07:39,UNVR,RG,4420,2,D,XC,PD,D
14:07:32,UNVR,RG,4420,1,D,XC,PD,D
14:07:30,UNVR,RG,4410,1,D,EP,AK,F
14:07:30,UNVR,RG,4420,3,F,AK,PD,D
14:07:25,UNVR,RG,4410,5,D,EP,OD,D
14:07:25,UNVR,RG,4410,2,D,PD,OD,D
14:07:25,UNVR,RG,4410,3,D,YP,OD,D
14:07:25,UNVR,RG,4410,5,D,FZ,OD,D
14:07:25,UNVR,RG,4410,1,D,NI,OD,D
14:07:25,UNVR,RG,4410,2,D,YP,OD,D
14:07:25,UNVR,RG,4410,7,D,CC,OD,D
14:07:21,UNVR,RG,4420,5,D,YP,PD,D
14:07:08,UNVR,RG,4420,1,D,PD,PD,D
14:07:07,UNVR,RG,4420,1,D,AZ,PD,D
14:07:07,UNVR,RG,4410,3,D,CC,CC,D
14:07:07,UNVR,RG,4410,6,D,XL,CC,D
14:07:07,UNVR,RG,4410,50,D,LG,CC,D
14:07:07,UNVR,RG,4410,2,D,XC,CC,D
14:07:07,UNVR,RG,4410,10,D,NI,CC,D
14:07:07,UNVR,RG,4410,5,D,EP,CC,D
14:07:07,UNVR,RG,4410,24,D,SQ,CC,D
14:07:00,UNVR,RG,4420,1,D,YP,PD,D
14:07:00,UNVR,RG,4420,3,F,AK,PD,D
14:06:40,UNVR,RG,4420,4,D,YP,PD,D
14:06:29,UNVR,RG,4420,3,F,AK,PD,D
14:06:28,UNVR,RG,4410,1,D,SQ,YP,D
14:06:19,UNVR,RG,4420,6,D,AT,PD,D
14:06:19,UNVR,RG,4420,2,D,PD,PD,D
14:06:12,UNVR,RG,4420,6,D,CC,PD,D
14:06:04,UNVR,RG,4420,5,D,HP,PD,D
14:06:00,UNVR,RG,4420,10,D,XC,PD,D
14:05:55,UNVR,RG,4420,5,D,CC,PD,D
14:05:55,UNVR,RG,4420,2,D,YP,PD,D
14:05:55,UNVR,RG,4420,10,D,PD,PD,D
14:05:55,UNVR,RG,4420,2,D,PD,PD,D
14:05:55,UNVR,RG,4420,121,F,RX,PD,D
14:05:55,UNVR,RG,4420,11,D,CC,PD,D
14:05:55,UNVR,RG,4420,13,D,CC,PD,D
14:05:55,UNVR,RG,4420,10,D,OD,PD,D
14:05:55,UNVR,RG,4420,5,F,BK,PD,D
14:05:55,UNVR,RG,4420,1,D,YP,PD,D
14:05:55,UNVR,RG,4420,1,D,PD,PD,D
14:05:55,UNVR,RG,4420,20,D,PD,PD,D
14:05:55,UNVR,RG,4420,58,F,RX,PD,D
14:05:55,UNVR,RG,4420,10,D,PD,PD,D
14:05:55,UNVR,RG,4420,1,D,PD,PD,D
14:05:55,UNVR,RG,4420,2,D,YP,PD,D
14:05:55,UNVR,RG,4420,7,F,BK,PD,D
14:05:55,UNVR,RG,4420,2,D,YP,PD,D
14:05:55,UNVR,RG,4420,2,D,CC,PD,D
14:05:47,UNVR,RG,4420,9,D,XC,KK,D
14:05:33,UNVR,RG,4420,5,D,XC,XC,D
14:05:19,UNVR,RG,4420,1,D,XC,PD,D
14:04:58,UNVR,RG,4420,3,D,XC,PD,D
14:04:58,UNVR,RG,4420,1,D,XC,PD,D
14:04:57,UNVR,RG,4420,1,D,ZP,OD,D
14:04:57,UNVR,RG,4420,5,D,ZP,XC,D
14:04:57,UNVR,RG,4420,5,D,ZP,YP,D
14:04:57,UNVR,RG,4420,6,D,ZP,YU,D
14:04:55,UNVR,RG,4420,2,D,PD,YU,D
14:04:55,UNVR,RG,4420,1,D,YP,YU,D
14:04:50,UNVR,RG,4420,2,D,KK,YU,D
14:04:44,UNVR,RG,4420,5,D,EP,YU,D
14:04:44,UNVR,RG,4410,83,F,RX,AK,F
14:04:44,UNVR,RG,4410,1,D,RB,AK,F
14:04:44,UNVR,RG,4410,2,D,PD,AK,F
14:04:44,UNVR,RG,4410,1,D,NI,AK,F
14:04:44,UNVR,RG,4410,10,D,HP,AK,F
14:04:44,UNVR,RG,4410,1,D,YP,AK,F
14:04:44,UNVR,RG,4410,10,D,NI,AK,F
14:04:44,UNVR,RG,4410,6,D,AT,AK,F
14:04:44,UNVR,RG,4410,2,D,ZP,AK,F
14:04:44,UNVR,RG,4410,10,D,YP,AK,F
14:04:44,UNVR,RG,4410,1,D,OD,AK,F
14:04:44,UNVR,RG,4410,1,D,YP,AK,F
14:04:44,UNVR,RG,4410,1,D,YP,AK,F
14:04:44,UNVR,RG,4410,20,D,NI,AK,F
14:04:44,UNVR,RG,4410,1,D,YP,AK,F
14:04:44,UNVR,RG,4410,2,D,CC,AK,F
14:04:44,UNVR,RG,4410,1,D,XC,AK,F
14:04:44,UNVR,RG,4410,1,D,YP,AK,F
14:04:44,UNVR,RG,4410,1,D,PD,AK,F
14:04:44,UNVR,RG,4410,100,D,YP,AK,F
14:04:44,UNVR,RG,4410,10,D,XC,AK,F
14:04:44,UNVR,RG,4410,5,D,PD,AK,F
14:04:44,UNVR,RG,4410,2,D,XC,AK,F
14:04:44,UNVR,RG,4410,1,D,DR,AK,F
14:04:44,UNVR,RG,4410,1,D,KK,AK,F
14:04:44,UNVR,RG,4410,10,D,CC,AK,F
14:04:44,UNVR,RG,4410,2,D,YP,AK,F
14:04:44,UNVR,RG,4410,4,F,AK,AK,F
14:04:44,UNVR,RG,4410,1,D,XC,AK,F
14:04:44,UNVR,RG,4410,1,D,YP,AK,F
14:04:44,UNVR,RG,4410,4,D,XC,AK,F
14:04:44,UNVR,RG,4410,74,F,AK,AK,F
14:04:44,UNVR,RG,4410,3,D,PD,AK,F
14:04:44,UNVR,RG,4410,25,D,GR,AK,F
14:04:44,UNVR,RG,4410,100,D,DR,AK,F
14:04:44,UNVR,RG,4410,10,F,AK,AK,F
14:04:44,UNVR,RG,4410,38,D,YP,AK,F
14:04:44,UNVR,RG,4410,15,D,GR,AK,F
14:04:44,UNVR,RG,4410,10,D,PD,AK,F
14:04:44,UNVR,RG,4410,9,F,AK,AK,F
14:04:44,UNVR,RG,4410,1,D,YP,AK,F
14:04:44,UNVR,RG,4410,25,F,BK,AK,F
14:04:44,UNVR,RG,4410,10,D,KK,AK,F
14:04:44,UNVR,RG,4410,100,D,PD,AK,F
14:04:44,UNVR,RG,4410,1,D,CC,AK,F
14:04:44,UNVR,RG,4410,100,D,EP,AK,F
14:04:44,UNVR,RG,4410,1,D,YP,AK,F
14:04:44,UNVR,RG,4410,12,D,XC,AK,F
14:04:44,UNVR,RG,4410,30,D,GR,AK,F
14:04:44,UNVR,RG,4410,100,D,DR,AK,F
14:04:44,UNVR,RG,4410,5,D,PD,AK,F
14:04:44,UNVR,RG,4410,5,D,LG,AK,F
14:04:44,UNVR,RG,4410,100,D,SF,AK,F
14:04:44,UNVR,RG,4410,5,D,KK,AK,F
14:04:44,UNVR,RG,4410,2,D,NI,AK,F
14:04:44,UNVR,RG,4410,5,D,CC,AK,F
14:04:44,UNVR,RG,4410,10,D,PD,AK,F
14:04:44,UNVR,RG,4410,1,D,EP,AK,F
14:04:44,UNVR,RG,4410,5,D,AG,AK,F
14:04:44,UNVR,RG,4410,1,D,PD,AK,F
14:04:44,UNVR,RG,4410,2,D,BQ,AK,F
14:04:44,UNVR,RG,4410,10,D,YP,AK,F
14:04:44,UNVR,RG,4410,1,D,GR,AK,F
14:04:44,UNVR,RG,4410,100,D,LS,AK,F
14:04:44,UNVR,RG,4410,1,D,PD,AK,F
14:04:44,UNVR,RG,4410,45,D,BQ,AK,F
14:04:44,UNVR,RG,4410,10,D,CC,AK,F
14:04:44,UNVR,RG,4410,1,D,CC,AK,F
14:04:44,UNVR,RG,4410,1,D,DX,AK,F
14:04:44,UNVR,RG,4410,6,D,XC,AK,F
14:04:44,UNVR,RG,4410,40,D,YP,AK,F
14:04:44,UNVR,RG,4410,5,D,CC,AK,F
14:04:44,UNVR,RG,4410,1,D,KK,AK,F
14:04:44,UNVR,RG,4410,2,D,XC,AK,F
14:04:44,UNVR,RG,4410,1,D,XC,AK,F
14:04:44,UNVR,RG,4410,1,D,EP,AK,F
14:04:44,UNVR,RG,4410,149,D,OD,AK,F
14:04:44,UNVR,RG,4410,5,D,YP,AK,F
14:04:44,UNVR,RG,4410,1,D,CC,AK,F
14:04:44,UNVR,RG,4410,1,D,PD,AK,F
14:04:44,UNVR,RG,4410,4,D,YP,AK,F
14:04:44,UNVR,RG,4410,3,D,KK,AK,F
14:04:44,UNVR,RG,4410,1,D,XL,AK,F
14:04:44,UNVR,RG,4410,2,D,NI,AK,F
14:04:44,UNVR,RG,4410,10,D,YP,AK,F
14:04:44,UNVR,RG,4410,1,D,XC,AK,F
14:04:44,UNVR,RG,4410,58,D,NI,AK,F
14:04:44,UNVR,RG,4410,5,D,YP,AK,F
14:04:44,UNVR,RG,4410,10,D,KK,AK,F
14:04:44,UNVR,RG,4410,1,D,PD,AK,F
14:04:44,UNVR,RG,4410,100,D,PD,AK,F
14:04:44,UNVR,RG,4410,20,D,YP,AK,F
14:04:44,UNVR,RG,4410,125,D,EP,AK,F
14:04:44,UNVR,RG,4410,50,D,PD,AK,F
14:04:44,UNVR,RG,4410,116,D,NI,AK,F
14:04:40,UNVR,RG,4420,20,D,YP,YU,D
14:04:40,UNVR,RG,4420,1,D,XC,YU,D
14:04:29,UNVR,RG,4420,4,D,PD,YU,D
14:04:26,UNVR,RG,4420,56,D,PD,YU,D
14:04:26,UNVR,RG,4420,9,D,PD,YU,D
14:04:00,UNVR,RG,4410,130,D,NI,YU,D
14:03:54,UNVR,RG,4420,10,D,XC,YU,D
14:03:52,UNVR,RG,4420,12,D,CC,YU,D
14:03:51,UNVR,RG,4420,4,D,NI,YU,D
14:03:46,UNVR,RG,4410,20,D,NI,XC,D
14:03:25,UNVR,RG,4420,3,D,XC,YU,D
14:03:11,UNVR,RG,4420,1,D,XC,YU,D
14:03:08,UNVR,RG,4420,5,D,XC,YU,D
14:03:04,UNVR,RG,4420,2,D,YP,YU,D
14:02:50,UNVR,RG,4420,2,D,PD,YU,D
14:02:37,UNVR,RG,4410,84,D,NI,PD,D
14:02:37,UNVR,RG,4410,1,D,CC,PD,D
14:02:37,UNVR,RG,4410,1,D,XC,PD,D
14:02:37,UNVR,RG,4410,2,D,YP,PD,D
14:02:37,UNVR,RG,4410,2,D,PD,PD,D
14:02:31,UNVR,RG,4420,1,D,RB,YU,D
14:02:18,UNVR,RG,4410,1,D,YP,AK,F
14:02:18,UNVR,RG,4410,1,D,SQ,AK,F
14:02:17,UNVR,RG,4420,5,D,PD,YU,D
14:01:37,UNVR,RG,4410,3,D,PD,GR,D
14:01:37,UNVR,RG,4410,1,D,YP,GR,D
14:01:37,UNVR,RG,4410,10,D,YP,GR,D
14:01:37,UNVR,RG,4410,1,D,PD,GR,D
14:01:37,UNVR,RG,4410,3,D,YP,GR,D
14:01:37,UNVR,RG,4410,5,D,XC,GR,D
14:01:37,UNVR,RG,4410,5,D,HP,GR,D
14:01:37,UNVR,RG,4410,1,D,XC,GR,D
14:01:37,UNVR,RG,4410,3,D,PD,GR,D
14:01:37,UNVR,RG,4410,10,D,YP,GR,D
14:01:37,UNVR,RG,4410,2,D,OD,GR,D
14:01:37,UNVR,RG,4410,5,D,CC,GR,D
14:01:37,UNVR,RG,4410,6,D,PD,GR,D
14:01:37,UNVR,RG,4410,1,D,PD,GR,D
14:01:37,UNVR,RG,4410,10,D,YP,GR,D
14:01:37,UNVR,RG,4410,100,D,CC,GR,D
14:01:37,UNVR,RG,4410,5,D,YP,GR,D
14:01:37,UNVR,RG,4410,3,D,YP,GR,D
14:01:37,UNVR,RG,4410,5,D,YP,GR,D
14:01:37,UNVR,RG,4410,3,D,YP,GR,D
14:01:37,UNVR,RG,4410,1,D,XC,GR,D
14:01:37,UNVR,RG,4410,3,D,YP,GR,D
14:01:37,UNVR,RG,4410,1,D,XC,GR,D
14:01:37,UNVR,RG,4410,10,D,YP,GR,D
14:01:37,UNVR,RG,4410,10,D,PD,GR,D
14:01:37,UNVR,RG,4410,1,D,CC,GR,D
14:01:37,UNVR,RG,4410,3,D,YP,GR,D
14:01:37,UNVR,RG,4410,10,D,YP,GR,D
14:01:37,UNVR,RG,4410,2,D,GR,GR,D
14:01:37,UNVR,RG,4410,2,D,AT,GR,D
14:01:37,UNVR,RG,4410,1,D,XC,GR,D
14:01:37,UNVR,RG,4410,5,D,ZP,GR,D
14:01:37,UNVR,RG,4410,25,D,SQ,GR,D
14:01:37,UNVR,RG,4410,2,D,YP,GR,D
14:01:37,UNVR,RG,4410,5,D,NI,GR,D
14:01:37,UNVR,RG,4410,1,D,YP,GR,D
14:01:37,UNVR,RG,4410,3,D,YP,GR,D
14:01:37,UNVR,RG,4410,3,D,YP,GR,D
14:01:37,UNVR,RG,4410,10,D,PD,GR,D
14:01:37,UNVR,RG,4410,1,D,PD,GR,D
14:01:37,UNVR,RG,4410,1,D,PD,GR,D
14:01:37,UNVR,RG,4410,2,D,PD,GR,D
14:01:37,UNVR,RG,4410,2,D,PD,GR,D
14:01:37,UNVR,RG,4410,1,D,YP,GR,D
14:01:37,UNVR,RG,4410,1,D,CC,GR,D
14:01:37,UNVR,RG,4410,1,D,YP,GR,D
14:01:37,UNVR,RG,4410,25,D,YP,GR,D
14:01:37,UNVR,RG,4410,2,D,KK,GR,D
14:01:37,UNVR,RG,4410,25,D,SQ,GR,D
14:01:37,UNVR,RG,4410,10,D,AG,GR,D
14:01:37,UNVR,RG,4410,1,D,AN,GR,D
14:01:37,UNVR,RG,4410,5,D,SQ,GR,D
14:01:37,UNVR,RG,4410,3,D,YP,GR,D
14:01:37,UNVR,RG,4410,1,D,PD,GR,D
14:01:37,UNVR,RG,4410,1505,D,YP,GR,D
14:01:37,UNVR,RG,4420,2,D,XC,GR,D
14:01:37,UNVR,RG,4420,1,D,DR,GR,D
14:01:37,UNVR,RG,4420,10,D,CC,GR,D
14:01:37,UNVR,RG,4420,12,D,CC,GR,D
14:01:37,UNVR,RG,4420,107,D,CC,GR,D
14:01:37,UNVR,RG,4420,10,D,PD,GR,D
14:01:37,UNVR,RG,4420,4,F,AK,GR,D
14:01:37,UNVR,RG,4420,4,D,DR,GR,D
14:01:37,UNVR,RG,4420,1,D,NI,GR,D
14:01:37,UNVR,RG,4420,120,F,RX,GR,D
14:01:37,UNVR,RG,4420,1,D,DR,GR,D
14:01:37,UNVR,RG,4420,2,D,DR,GR,D
14:01:37,UNVR,RG,4420,7,D,NI,GR,D
14:01:37,UNVR,RG,4420,91,F,AK,GR,D
14:01:37,UNVR,RG,4420,283,D,CC,GR,D
14:01:37,UNVR,RG,4420,30,D,KK,GR,D
14:01:37,UNVR,RG,4420,2,D,YP,GR,D
14:01:37,UNVR,RG,4420,1,D,YP,GR,D
14:01:37,UNVR,RG,4420,146,F,BK,GR,D
14:01:37,UNVR,RG,4420,2,D,KK,GR,D
14:01:37,UNVR,RG,4420,10,D,KK,GR,D
14:01:37,UNVR,RG,4420,100,D,CC,GR,D
14:01:37,UNVR,RG,4420,1,D,YP,GR,D
14:01:37,UNVR,RG,4420,3,D,YP,GR,D
14:01:37,UNVR,RG,4420,1,D,CC,GR,D
14:01:37,UNVR,RG,4420,3,D,CC,GR,D
14:01:37,UNVR,RG,4420,1,D,YP,GR,D
14:01:37,UNVR,RG,4420,20,D,YP,GR,D
14:01:37,UNVR,RG,4420,50,D,NI,GR,D
14:01:37,UNVR,RG,4420,10,D,PD,GR,D
14:01:37,UNVR,RG,4420,1,D,NI,GR,D
14:01:37,UNVR,RG,4420,2,D,YP,GR,D
14:01:37,UNVR,RG,4420,1,D,XL,GR,D
14:01:37,UNVR,RG,4420,4,D,CP,GR,D
14:01:37,UNVR,RG,4420,10,D,YP,GR,D
14:01:37,UNVR,RG,4420,10,D,KK,GR,D
14:01:37,UNVR,RG,4420,25,F,AK,GR,D
14:01:37,UNVR,RG,4420,20,D,OD,GR,D
14:01:37,UNVR,RG,4420,2,D,YP,GR,D
14:01:37,UNVR,RG,4420,50,D,NI,GR,D
14:01:37,UNVR,RG,4420,5,D,LG,GR,D
14:01:37,UNVR,RG,4420,70,D,YP,GR,D
14:01:37,UNVR,RG,4420,200,D,CC,GR,D
14:01:37,UNVR,RG,4420,1,D,YP,GR,D
14:01:37,UNVR,RG,4420,20,D,SQ,GR,D
14:01:37,UNVR,RG,4420,10,D,YP,GR,D
14:01:37,UNVR,RG,4420,30,D,AG,GR,D
14:01:37,UNVR,RG,4420,20,D,NI,GR,D
14:01:37,UNVR,RG,4420,1,D,YP,GR,D
14:01:37,UNVR,RG,4420,1,D,LG,GR,D
14:01:37,UNVR,RG,4420,1,D,PD,GR,D
14:01:37,UNVR,RG,4420,5,D,YP,GR,D
14:01:37,UNVR,RG,4420,1,D,NI,GR,D
14:01:37,UNVR,RG,4420,2,D,NI,GR,D
14:01:37,UNVR,RG,4420,50,D,GR,GR,D
14:01:37,UNVR,RG,4420,1,D,YP,GR,D
14:01:37,UNVR,RG,4420,91,F,AK,GR,D
14:01:37,UNVR,RG,4420,10,F,AK,GR,D
14:01:37,UNVR,RG,4420,2,D,KK,GR,D
14:01:37,UNVR,RG,4420,1,D,NI,GR,D
14:01:37,UNVR,RG,4420,1,D,XC,GR,D
14:01:37,UNVR,RG,4420,291,D,CC,GR,D
14:01:34,UNVR,RG,4430,3,D,PD,AK,F
14:01:12,UNVR,RG,4430,1,D,PD,AK,F
14:00:59,UNVR,RG,4430,7,F,AK,AK,F
14:00:46,UNVR,RG,4420,11,D,CC,PD,D
14:00:36,UNVR,RG,4430,4,D,PD,AK,F
14:00:15,UNVR,RG,4430,14,F,AK,AK,F
14:00:00,UNVR,RG,4420,15,D,CC,YU,D
14:00:00,UNVR,RG,4420,50,D,SQ,YU,D
14:00:00,UNVR,RG,4420,84,D,YP,YU,D
13:59:50,UNVR,RG,4430,80,D,CC,AK,F
13:59:24,UNVR,RG,4420,10,D,YP,PD,D
13:59:08,UNVR,RG,4430,65,D,EP,AK,F
13:58:43,UNVR,RG,4430,1,D,CC,AK,F
13:58:31,UNVR,RG,4430,2,D,PD,AK,F
13:58:30,UNVR,RG,4420,1,D,YP,AK,F
13:58:22,UNVR,RG,4430,22,D,PD,AK,F
13:58:11,UNVR,RG,4430,1,D,NI,AK,F
13:57:24,UNVR,RG,4430,500,D,BQ,AK,F
13:57:24,UNVR,RG,4430,5,D,CC,AK,F
13:57:16,UNVR,RG,4430,3,D,GR,AK,F
13:57:13,UNVR,RG,4430,10,D,KK,AK,F
13:57:12,UNVR,RG,4430,1,D,XC,AK,F
13:57:11,UNVR,RG,4430,112,F,AK,AK,F
13:57:11,UNVR,RG,4430,7,F,AK,AK,F
13:57:11,UNVR,RG,4430,1,D,DR,AK,F
13:57:11,UNVR,RG,4430,98,F,RX,AK,F
13:57:11,UNVR,RG,4430,3,D,YP,AK,F
13:57:11,UNVR,RG,4430,300,D,ZP,AK,F
13:57:11,UNVR,RG,4430,100,D,KK,AK,F
13:57:11,UNVR,RG,4430,2,D,CC,AK,F
13:57:11,UNVR,RG,4430,3,D,XC,AK,F
13:57:11,UNVR,RG,4430,5,D,LG,AK,F
13:57:11,UNVR,RG,4430,95,F,AK,AK,F
13:57:11,UNVR,RG,4430,8,F,AK,AK,F
13:57:11,UNVR,RG,4430,5,D,PD,AK,F
13:57:11,UNVR,RG,4430,1,D,YP,AK,F
13:57:11,UNVR,RG,4430,500,D,ZP,AK,F
13:57:11,UNVR,RG,4430,2,D,XC,AK,F
13:57:11,UNVR,RG,4430,50,D,CC,AK,F
13:57:11,UNVR,RG,4430,4,D,XC,AK,F
13:57:11,UNVR,RG,4430,2,D,YP,AK,F
13:57:11,UNVR,RG,4430,3,D,XC,AK,F
13:57:11,UNVR,RG,4430,2,D,XC,AK,F
13:57:11,UNVR,RG,4430,41,F,RX,AK,F
13:57:11,UNVR,RG,4440,23,F,AK,AK,F
13:57:09,UNVR,RG,4440,1,D,NI,AK,F
13:56:19,UNVR,RG,4440,1,D,SQ,AK,F
13:56:18,UNVR,RG,4430,1,F,RX,XC,D
13:56:16,UNVR,RG,4440,4,D,PD,AK,F
13:55:53,UNVR,RG,4440,1,D,XC,AK,F
13:55:53,UNVR,RG,4440,25,D,EP,AK,F
13:55:46,UNVR,RG,4440,10,D,CP,AK,F
13:55:45,UNVR,RG,4440,3,D,XC,AK,F
13:55:32,UNVR,RG,4440,12,D,PD,AK,F
13:55:16,UNVR,RG,4440,5,D,PD,AK,F
13:54:45,UNVR,RG,4430,1,F,RX,AK,F
13:54:44,UNVR,RG,4440,1,D,YP,AK,F
13:54:26,UNVR,RG,4440,21,F,AK,AK,F
13:54:26,UNVR,RG,4430,1,F,RX,YP,D
13:54:25,UNVR,RG,4430,108,F,RX,KK,D
13:54:15,UNVR,RG,4440,3,D,PD,AK,F
13:54:05,UNVR,RG,4430,10,F,RX,CC,D
13:53:56,UNVR,RG,4430,25,F,RX,XC,D
13:53:49,UNVR,RG,4430,138,F,RX,GR,D
13:53:49,UNVR,RG,4430,2,D,YP,GR,D
13:53:49,UNVR,RG,4430,11,F,BK,GR,D
13:53:38,UNVR,RG,4430,4,F,BK,PD,D
13:53:38,UNVR,RG,4430,26,D,PD,PD,D
13:53:37,UNVR,RG,4430,1,D,PD,PD,D
13:53:37,UNVR,RG,4430,63,D,PD,YU,D
13:53:17,UNVR,RG,4430,10,D,XC,YU,D
13:53:14,UNVR,RG,4430,2,D,NI,YU,D
13:53:12,UNVR,RG,4430,1,D,AT,YU,D
13:53:00,UNVR,RG,4430,1,D,KK,YU,D
13:52:45,UNVR,RG,4440,1,F,RX,AK,F
13:52:43,UNVR,RG,4430,9,F,RX,GR,D
13:52:41,UNVR,RG,4420,1,D,YP,XC,D
13:52:41,UNVR,RG,4430,5,D,KK,GR,D
13:52:35,UNVR,RG,4430,25,F,BK,GR,D
13:52:35,UNVR,RG,4430,11,D,YU,GR,D
13:52:33,UNVR,RG,4440,22,F,RX,AK,F
13:52:33,UNVR,RG,4440,4,F,RX,XC,D
13:52:33,UNVR,RG,4440,16,F,RX,KK,D
13:52:27,UNVR,RG,4440,4,D,PD,KK,D
13:52:20,UNVR,RG,4420,1,D,YP,PD,D
13:51:58,UNVR,RG,4430,2,F,BK,YP,D
13:51:58,UNVR,RG,4430,1,F,BK,YP,D
13:51:58,UNVR,RG,4430,111,F,BK,YU,D
13:51:58,UNVR,RG,4430,1,F,BK,CC,D
13:51:58,UNVR,RG,4430,84,F,BK,YU,D
13:51:58,UNVR,RG,4430,1,F,BK,XC,D
13:51:58,UNVR,RG,4430,5,F,BK,PD,D
13:51:58,UNVR,RG,4430,5,F,BK,DR,D
13:51:58,UNVR,RG,4430,30,F,BK,EP,D
13:51:58,UNVR,RG,4430,50,F,BK,CC,F
13:51:58,UNVR,RG,4430,159,F,BK,CS,F
13:51:56,UNVR,RG,4430,149,D,CC,CS,F
13:51:49,UNVR,RG,4430,35,F,RX,CS,F
13:51:46,UNVR,RG,4430,1,D,YP,CS,F
13:51:45,UNVR,RG,4430,3,D,PD,CS,F
13:51:41,UNVR,RG,4420,2,D,YP,XC,D
13:51:15,UNVR,RG,4420,1,D,YP,AK,F
13:50:14,UNVR,RG,4430,2,D,PD,CS,F
13:50:13,UNVR,RG,4430,1,D,YP,CS,F
13:50:10,UNVR,RG,4430,1,D,YP,CS,F
13:50:03,UNVR,RG,4430,2,D,XC,CS,F
13:49:52,UNVR,RG,4430,67,D,KK,CS,F
13:49:40,UNVR,RG,4430,2,D,NI,CS,F
13:49:34,UNVR,RG,4430,1,D,XC,CS,F
13:49:30,UNVR,RG,4430,1,D,PD,CS,F
13:49:14,UNVR,RG,4430,7,D,CC,CS,F
13:48:49,UNVR,RG,4420,1,F,BK,PD,D
13:48:49,UNVR,RG,4420,21,F,BK,YU,D
13:48:46,UNVR,RG,4420,75,D,YP,YU,D
13:48:46,UNVR,RG,4420,102,D,YP,YU,D
13:48:46,UNVR,RG,4420,23,D,YP,YP,D
13:48:28,UNVR,RG,4420,1,D,CC,YP,D
13:48:26,UNVR,RG,4420,4,D,PD,YP,D
13:48:24,UNVR,RG,4420,1,D,PD,YP,D
13:48:21,UNVR,RG,4420,1,D,PD,YP,D
13:48:03,UNVR,RG,4420,1,D,YP,YP,D
13:47:55,UNVR,RG,4420,30,D,XC,YP,D
13:47:45,UNVR,RG,4420,10,D,LS,YP,D
13:47:44,UNVR,RG,4420,1,D,YP,YP,D
13:47:38,UNVR,RG,4420,4,D,NI,YP,D
13:47:33,UNVR,RG,4420,1,D,XC,YP,D
13:47:19,UNVR,RG,4420,1,D,CC,YP,D
13:47:16,UNVR,RG,4420,6,D,EP,YP,D
13:47:11,UNVR,RG,4420,1,D,YP,YP,D
13:47:11,UNVR,RG,4420,5,D,PD,YP,D
13:47:11,UNVR,RG,4420,8,F,AK,YP,D
13:47:11,UNVR,RG,4420,2,D,YP,YP,D
13:47:09,UNVR,RG,4420,1,D,YP,OD,D
13:47:05,UNVR,RG,4420,1,D,YP,NI,D
13:47:05,UNVR,RG,4420,2,D,XC,NI,D
13:47:05,UNVR,RG,4420,13,D,CC,NI,D
13:47:05,UNVR,RG,4420,12,D,CC,NI,D
13:47:05,UNVR,RG,4420,27,D,FZ,NI,D
13:47:00,UNVR,RG,4420,73,D,FZ,YU,D
13:47:00,UNVR,RG,4420,1,D,YP,YU,D
13:47:00,UNVR,RG,4420,1,D,YP,YU,D
13:47:00,UNVR,RG,4420,5,D,YP,YU,D
13:47:00,UNVR,RG,4420,1,D,PD,YU,D
13:47:00,UNVR,RG,4420,7,F,AK,YU,D
13:47:00,UNVR,RG,4420,10,D,XC,YU,D
13:47:00,UNVR,RG,4420,17,D,YP,YU,D
13:47:00,UNVR,RG,4420,31,F,RX,YU,D
13:46:43,UNVR,RG,4430,2,D,PD,AK,F
13:46:41,UNVR,RG,4430,10,D,DR,AK,F
13:46:38,UNVR,RG,4420,45,F,RX,NI,D
13:46:18,UNVR,RG,4420,1,F,RX,YP,D
13:46:17,UNVR,RG,4430,8,D,NI,AK,F
13:46:17,UNVR,RG,4430,2,D,PD,AK,F
13:46:07,UNVR,RG,4430,2,D,PD,AK,F
13:45:25,UNVR,RG,4430,85,D,YP,AK,F
13:45:25,UNVR,RG,4430,15,D,YP,CP,D
13:45:15,UNVR,RG,4420,48,F,RX,PD,D
13:45:15,UNVR,RG,4420,1,D,YP,PD,D
13:45:15,UNVR,RG,4420,5,D,EP,PD,D
13:45:15,UNVR,RG,4420,37,D,SQ,PD,D
13:45:03,UNVR,RG,4440,1,D,YP,KK,D
13:44:55,UNVR,RG,4440,2,D,PD,KK,D
13:44:35,UNVR,RG,4420,13,D,SQ,PD,D
13:44:15,UNVR,RG,4410,495,D,YP,GR,D
13:44:15,UNVR,RG,4410,1,D,CC,GR,D
13:44:15,UNVR,RG,4410,1,D,NI,GR,D
13:44:15,UNVR,RG,4410,90,D,NI,GR,D
13:44:15,UNVR,RG,4410,1,D,PD,GR,D
13:44:15,UNVR,RG,4410,100,D,PD,GR,D
13:44:15,UNVR,RG,4410,1,D,KK,GR,D
13:44:15,UNVR,RG,4410,2,D,CC,GR,D
13:44:15,UNVR,RG,4410,40,D,YJ,GR,D
13:44:15,UNVR,RG,4410,5,D,YU,GR,D
13:44:15,UNVR,RG,4410,2,D,CC,GR,D
13:44:15,UNVR,RG,4410,1,D,SQ,GR,D
13:44:15,UNVR,RG,4410,1,D,YP,GR,D
13:44:15,UNVR,RG,4410,1,D,YP,GR,D
13:44:15,UNVR,RG,4410,1,D,XC,GR,D
13:44:15,UNVR,RG,4410,10,D,YP,GR,D
13:44:15,UNVR,RG,4410,2,D,DR,GR,D
13:44:15,UNVR,RG,4410,2,D,NI,GR,D
13:44:15,UNVR,RG,4410,25,D,SQ,GR,D
13:44:15,UNVR,RG,4410,10,D,YP,GR,D
13:44:15,UNVR,RG,4410,10,D,XC,GR,D
13:44:15,UNVR,RG,4410,1,D,YP,GR,D
13:44:15,UNVR,RG,4410,1,D,NI,GR,D
13:44:15,UNVR,RG,4410,10,D,YP,GR,D
13:44:15,UNVR,RG,4410,1,D,XL,GR,D
13:44:15,UNVR,RG,4410,25,D,YB,GR,D
13:44:15,UNVR,RG,4410,252,D,PD,GR,D
13:44:15,UNVR,RG,4410,75,D,YU,GR,D
13:44:15,UNVR,RG,4410,50,D,YP,GR,D
13:44:15,UNVR,RG,4410,1,D,YP,GR,D
13:44:15,UNVR,RG,4410,2,D,PD,GR,D
13:44:15,UNVR,RG,4410,3,D,PD,GR,D
13:44:15,UNVR,RG,4410,3,D,XC,GR,D
13:44:15,UNVR,RG,4410,100,D,XC,GR,D
13:44:15,UNVR,RG,4410,50,D,YU,GR,D
13:44:15,UNVR,RG,4410,10,F,AK,GR,D
13:44:15,UNVR,RG,4410,1,D,AT,GR,D
13:44:15,UNVR,RG,4410,1,D,XC,GR,D
13:44:15,UNVR,RG,4410,2,D,CD,GR,D
13:44:15,UNVR,RG,4410,125,D,EP,GR,D
13:44:15,UNVR,RG,4410,25,D,CC,GR,D
13:44:15,UNVR,RG,4410,5,D,YP,GR,D
13:44:15,UNVR,RG,4410,4,D,YP,GR,D
13:44:15,UNVR,RG,4410,3,D,YP,GR,D
13:44:15,UNVR,RG,4410,2,D,YP,GR,D
13:44:15,UNVR,RG,4410,1,D,YP,GR,D
13:44:15,UNVR,RG,4410,1,D,YP,GR,D
13:44:15,UNVR,RG,4410,30,D,YP,GR,D
13:44:15,UNVR,RG,4410,3,D,YP,GR,D
13:44:15,UNVR,RG,4410,5,D,YP,GR,D
13:44:15,UNVR,RG,4410,10,D,YP,GR,D
13:44:15,UNVR,RG,4410,5,D,YP,GR,D
13:44:15,UNVR,RG,4410,20,D,YP,GR,D
13:44:15,UNVR,RG,4410,1,D,CC,GR,D
13:44:15,UNVR,RG,4410,5,D,CC,GR,D
13:44:15,UNVR,RG,4410,1,D,CC,GR,D
13:44:15,UNVR,RG,4410,1,D,XC,GR,D
13:44:15,UNVR,RG,4410,1,D,XC,GR,D
13:44:15,UNVR,RG,4410,1,D,XC,GR,D
13:44:15,UNVR,RG,4410,10,D,PD,GR,D
13:44:15,UNVR,RG,4410,10,D,PD,GR,D
13:44:15,UNVR,RG,4410,2,D,CC,GR,D
13:44:15,UNVR,RG,4410,1,D,PD,GR,D
13:44:15,UNVR,RG,4410,1018,D,LG,GR,D
13:44:15,UNVR,RG,4420,140,F,AK,GR,D
13:44:15,UNVR,RG,4420,1,D,PD,GR,D
13:44:15,UNVR,RG,4420,2,D,SQ,GR,D
13:44:15,UNVR,RG,4420,2,D,PD,GR,D
13:44:15,UNVR,RG,4420,49,D,PD,GR,D
13:44:15,UNVR,RG,4420,25,D,YP,GR,D
13:44:15,UNVR,RG,4420,3,D,YP,GR,D
13:44:15,UNVR,RG,4420,1,D,LG,GR,D
13:44:15,UNVR,RG,4420,50,D,CC,GR,D
13:44:15,UNVR,RG,4420,200,D,OD,GR,D
13:44:15,UNVR,RG,4420,1,D,NI,GR,D
13:44:15,UNVR,RG,4420,10,D,ES,GR,D
13:44:15,UNVR,RG,4420,5,D,ZP,GR,D
13:44:15,UNVR,RG,4420,2,D,YP,GR,D
13:44:15,UNVR,RG,4420,1,D,KK,GR,D
13:44:15,UNVR,RG,4420,2,D,AT,GR,D
13:44:15,UNVR,RG,4420,8,D,YP,GR,D
13:44:15,UNVR,RG,4420,1,D,CD,GR,D
13:44:15,UNVR,RG,4420,1,D,YP,GR,D
13:44:15,UNVR,RG,4420,1,D,PD,GR,D
13:44:15,UNVR,RG,4420,7,F,AK,GR,D
13:44:15,UNVR,RG,4420,100,D,MG,GR,D
13:44:15,UNVR,RG,4420,1,D,PD,GR,D
13:44:15,UNVR,RG,4420,75,D,YU,GR,D
13:44:15,UNVR,RG,4420,5,D,NI,GR,D
13:44:15,UNVR,RG,4420,50,D,YU,GR,D
13:44:15,UNVR,RG,4420,1,D,PD,GR,D
13:44:15,UNVR,RG,4420,1,D,YP,GR,D
13:44:15,UNVR,RG,4420,50,D,YP,GR,D
13:44:15,UNVR,RG,4420,3,D,YP,GR,D
13:44:15,UNVR,RG,4420,1,D,CD,GR,D
13:44:15,UNVR,RG,4420,10,D,YP,GR,D
13:44:15,UNVR,RG,4420,1,D,OD,GR,D
13:44:15,UNVR,RG,4420,200,D,OD,GR,D
13:44:15,UNVR,RG,4420,1,D,YP,GR,D
13:44:15,UNVR,RG,4420,5,D,YP,GR,D
13:44:15,UNVR,RG,4420,4,D,KK,GR,D
13:44:15,UNVR,RG,4420,4,D,KK,GR,D
13:44:15,UNVR,RG,4420,10,D,KK,GR,D
13:44:15,UNVR,RG,4420,4,D,KK,GR,D
13:44:15,UNVR,RG,4430,1,D,YP,GR,D
13:44:15,UNVR,RG,4430,1,D,PD,GR,D
13:44:15,UNVR,RG,4430,95,F,AK,GR,D
13:44:15,UNVR,RG,4430,9,F,AK,GR,D
13:44:15,UNVR,RG,4430,10,D,EP,GR,D
13:44:15,UNVR,RG,4430,7,D,CC,GR,D
13:44:14,UNVR,RG,4440,5,D,XC,KK,D
13:44:11,UNVR,RG,4430,1,D,CC,NI,D
13:44:08,UNVR,RG,4440,4,D,PD,KK,D
13:44:05,UNVR,RG,4430,1,D,CC,CC,D
13:44:01,UNVR,RG,4430,99,D,CC,AK,F
13:44:01,UNVR,RG,4430,2,D,YP,AK,F
13:44:01,UNVR,RG,4430,5,D,PD,AK,F
13:44:01,UNVR,RG,4430,1,D,XC,AK,F
13:44:01,UNVR,RG,4430,4,D,KK,AK,F
13:44:01,UNVR,RG,4430,1,D,NI,AK,F
13:44:01,UNVR,RG,4430,3,D,NI,AK,F
13:44:01,UNVR,RG,4430,25,D,YP,AK,F
13:44:01,UNVR,RG,4430,1,D,XC,AK,F
13:44:01,UNVR,RG,4430,14,F,RX,AK,F
13:44:01,UNVR,RG,4430,1,D,YB,AK,F
13:44:01,UNVR,RG,4430,4,D,KK,AK,F
13:44:01,UNVR,RG,4430,50,D,SQ,AK,F
13:44:01,UNVR,RG,4430,10,D,IF,AK,F
13:44:01,UNVR,RG,4430,1,D,DH,AK,F
13:44:01,UNVR,RG,4430,1,D,PD,AK,F
13:44:01,UNVR,RG,4430,20,D,YP,AK,F
13:44:01,UNVR,RG,4430,2,D,KK,AK,F
13:44:01,UNVR,RG,4430,6,F,AK,AK,F
13:44:00,UNVR,RG,4430,83,F,AK,AK,F
13:44:00,UNVR,RG,4430,8,F,AK,AK,F
13:44:00,UNVR,RG,4430,2,D,CC,AK,F
13:44:00,UNVR,RG,4430,1,D,AT,AK,F
13:44:00,UNVR,RG,4430,156,D,CC,AK,F
13:43:42,UNVR,RG,4440,8,F,AK,KK,D
13:43:42,UNVR,RG,4440,1,F,AK,CC,D
13:43:42,UNVR,RG,4440,1,F,AK,YP,D
13:43:42,UNVR,RG,4440,10,F,AK,EP,D
13:43:42,UNVR,RG,4430,11,D,CC,PD,D
13:43:08,UNVR,RG,4430,7,D,CC,XC,D
13:42:26,UNVR,RG,4430,10,D,CC,NI,D
13:42:13,UNVR,RG,4430,1,D,CC,XC,D
13:42:12,UNVR,RG,4440,2,D,PD,EP,D
13:42:07,UNVR,RG,4430,1,D,CC,AT,D
13:42:00,UNVR,RG,4430,92,D,CC,YU,D
13:42:00,UNVR,RG,4430,1,D,XC,YU,D
13:42:00,UNVR,RG,4430,15,D,CC,YU,D
13:42:00,UNVR,RG,4430,1,D,XC,YU,D
13:42:00,UNVR,RG,4430,4,D,KK,YU,D
13:42:00,UNVR,RG,4430,1,D,YP,YU,D
13:42:00,UNVR,RG,4430,5,D,XC,YU,D
13:42:00,UNVR,RG,4430,1,D,PD,YU,D
13:42:00,UNVR,RG,4430,23,D,YP,YU,D
13:42:00,UNVR,RG,4430,7,D,YP,YU,D
13:41:04,UNVR,RG,4440,4,D,KK,EP,D
13:40:29,UNVR,RG,4440,23,F,AK,EP,D
13:40:10,UNVR,RG,4440,4,D,PD,EP,D
13:39:41,UNVR,RG,4440,1,D,NI,EP,D
13:39:01,UNVR,RG,4430,3,D,YP,CC,D
13:39:01,UNVR,RG,4430,2,D,YP,CC,D
13:39:01,UNVR,RG,4430,2,D,XC,CC,D
13:38:46,UNVR,RG,4430,1,D,XC,PD,D
13:38:23,UNVR,RG,4440,3,D,PD,EP,D
13:37:59,UNVR,RG,4430,8,D,XC,PD,D
13:37:59,UNVR,RG,4430,2,D,NI,PD,D
13:37:27,UNVR,RG,4440,40,F,YP,EP,D
13:36:48,UNVR,RG,4440,5,D,XC,EP,D
13:36:31,UNVR,RG,4440,26,D,PD,EP,D
13:36:25,UNVR,RG,4440,7,F,AK,EP,D
13:36:24,UNVR,RG,4440,1,F,AK,AK,F
13:36:24,UNVR,RG,4440,124,F,AK,AK,F
13:36:24,UNVR,RG,4440,14,F,BK,AK,F
13:36:24,UNVR,RG,4440,1,F,BK,YP,D
13:36:23,UNVR,RG,4440,8,F,AK,AK,F
13:36:23,UNVR,RG,4440,87,F,AK,AK,F
13:36:23,UNVR,RG,4440,310,F,RX,AK,F
13:36:23,UNVR,RG,4440,217,F,BK,AK,F
13:36:23,UNVR,RG,4440,53,F,RX,AK,F
13:36:23,UNVR,RG,4440,10,F,RX,AK,F
13:36:22,UNVR,RG,4440,1,F,RX,SQ,D
13:36:14,UNVR,RG,4450,4,D,PD,YP,D
13:36:08,UNVR,RG,4450,25,F,BK,YP,D
13:36:07,UNVR,RG,4440,10,F,RX,XC,D
13:36:05,UNVR,RG,4450,126,F,RX,YP,D
13:36:05,UNVR,RG,4450,1,D,PD,YP,D
13:36:04,UNVR,RG,4450,28,F,BK,YP,D
13:36:01,UNVR,RG,4440,1,F,BK,YP,D
13:36:01,UNVR,RG,4440,1,F,BK,XL,D
13:36:01,UNVR,RG,4440,1,F,BK,YP,D
13:36:01,UNVR,RG,4440,10,F,BK,YP,D
13:35:58,UNVR,RG,4430,5,F,BK,AG,D
13:35:58,UNVR,RG,4430,1,F,BK,DR,D
13:35:58,UNVR,RG,4430,2,F,BK,XC,D
13:35:57,UNVR,RG,4420,20,F,AK,KK,D
13:35:57,UNVR,RG,4420,1,F,AK,AK,F
13:35:57,UNVR,RG,4420,639,F,AK,AK,F
13:35:56,UNVR,RG,4420,200,D,YP,AK,F
13:35:55,UNVR,RG,4420,4,D,KK,AK,F
13:35:53,UNVR,RG,4420,17,F,RX,AK,F
13:35:51,UNVR,RG,4420,4,D,KK,AK,F
13:35:46,UNVR,RG,4420,7,D,YP,AK,F
13:35:43,UNVR,RG,4420,1,D,XC,AK,F
13:35:40,UNVR,RG,4420,14,F,BK,AK,F
13:35:39,UNVR,RG,4420,15,D,KK,AK,F
13:35:31,UNVR,RG,4420,95,D,XC,AK,F
13:35:24,UNVR,RG,4420,27,F,RX,AK,F
13:35:23,UNVR,RG,4420,17,F,BK,AK,F
13:35:21,UNVR,RG,4420,20,D,KK,AK,F
13:35:20,UNVR,RG,4420,12,F,AK,CC,F
13:35:20,UNVR,RG,4420,67,F,AK,YU,D
13:35:20,UNVR,RG,4420,278,F,AK,CS,F
13:35:20,UNVR,RG,4420,2,D,YP,CS,F
13:35:20,UNVR,RG,4420,1,D,YP,AK,F
13:35:20,UNVR,RG,4420,1,D,YP,AK,F
13:35:20,UNVR,RG,4420,496,D,YP,AK,F
13:35:14,UNVR,RG,4420,2,D,PD,AK,F
13:35:08,UNVR,RG,4420,5,D,YP,AK,F
13:35:08,UNVR,RG,4420,500,D,YP,AK,F
13:35:07,UNVR,RG,4420,3,D,NI,AK,F
13:35:04,UNVR,RG,4420,5,D,YP,AK,F
13:35:04,UNVR,RG,4420,28,F,RX,AK,F
13:35:03,UNVR,RG,4420,20,D,NI,AK,F
13:35:02,UNVR,RG,4420,49,F,AK,AK,F
13:35:01,UNVR,RG,4420,5,D,PD,AK,F
13:35:01,UNVR,RG,4420,16,F,BK,EP,D
13:35:01,UNVR,RG,4420,5,F,BK,CC,D
13:35:01,UNVR,RG,4420,1,F,BK,PD,D
13:35:01,UNVR,RG,4420,2,F,BK,LG,D
13:35:01,UNVR,RG,4420,2,F,BK,PD,D
13:35:01,UNVR,RG,4420,1,F,BK,XC,D
13:35:01,UNVR,RG,4420,20,F,BK,CC,F
13:35:01,UNVR,RG,4420,2,F,BK,AK,F
13:35:01,UNVR,RG,4420,4,F,BK,AK,F
13:35:01,UNVR,RG,4420,308,F,BK,CS,F
13:35:01,UNVR,RG,4420,255,F,BK,AK,F
13:34:50,UNVR,RG,4420,30,F,YP,AK,F
13:34:40,UNVR,RG,4420,2,D,KK,AK,F
13:34:28,UNVR,RG,4420,90,D,KK,AK,F
13:34:27,UNVR,RG,4420,2,D,KK,AK,F
13:34:11,UNVR,RG,4420,5,D,KK,AK,F
13:34:09,UNVR,RG,4420,2,D,PD,AK,F
13:33:49,UNVR,RG,4410,10,D,LG,NI,D
13:33:27,UNVR,RG,4420,1,D,DR,AK,F
13:33:02,UNVR,RG,4410,62,D,LG,YU,D
13:32:46,UNVR,RG,4420,3,D,NI,AK,F
13:32:42,UNVR,RG,4420,5,D,XC,AK,F
13:32:42,UNVR,RG,4420,3,D,YP,AK,F
13:32:40,UNVR,RG,4420,5,D,PD,AK,F
13:32:23,UNVR,RG,4420,5,D,OD,AK,F
13:32:17,UNVR,RG,4420,1,D,YP,AK,F
13:32:16,UNVR,RG,4420,20,D,YP,AK,F
13:32:13,UNVR,RG,4420,4,D,PD,AK,F
13:32:09,UNVR,RG,4420,1,D,NI,AK,F
13:31:58,UNVR,RG,4420,2,D,PD,AK,F
13:31:42,UNVR,RG,4420,20,D,YP,AK,F
13:31:34,UNVR,RG,4410,45,D,LG,CC,D
13:31:34,UNVR,RG,4410,1,D,XC,CC,D
13:31:34,UNVR,RG,4410,1,D,AT,CC,D
13:31:34,UNVR,RG,4410,3,D,CC,CC,D
13:31:34,UNVR,RG,4410,1,D,XC,CC,D
13:31:34,UNVR,RG,4410,5,D,HP,CC,D
13:31:34,UNVR,RG,4410,2,D,PD,CC,D
13:31:34,UNVR,RG,4410,3,D,YU,CC,D
13:31:34,UNVR,RG,4410,3,D,PD,CC,D
13:31:34,UNVR,RG,4410,2,D,PD,CC,D
13:31:34,UNVR,RG,4410,10,D,CC,CC,D
13:31:34,UNVR,RG,4410,8,D,CC,CC,D
13:31:34,UNVR,RG,4410,2,D,PD,CC,D
13:31:34,UNVR,RG,4410,20,D,AT,CC,D
13:31:34,UNVR,RG,4410,10,D,DR,CC,D
13:31:34,UNVR,RG,4410,2,D,PD,CC,D
13:31:34,UNVR,RG,4410,1,D,PD,CC,D
13:31:24,UNVR,RG,4420,2,D,PD,AK,F
13:31:04,UNVR,RG,4420,2,D,YP,AK,F
13:30:59,UNVR,RG,4420,3,D,PD,AK,F
13:30:25,UNVR,RG,4420,2,D,HP,AK,F
13:30:20,UNVR,RG,4410,14,D,PD,CC,D
13:30:20,UNVR,RG,4410,1,D,PD,CC,D
13:30:20,UNVR,RG,4410,5,D,PD,CC,D
13:30:19,UNVR,RG,4420,32,F,BK,AK,F
13:30:17,UNVR,RG,4420,1,D,YP,AK,F
13:30:17,UNVR,RG,4420,10,D,YP,AK,F
13:30:17,UNVR,RG,4420,2,D,YP,AK,F
13:30:17,UNVR,RG,4420,1,D,YP,AK,F
13:30:17,UNVR,RG,4420,5,D,YP,AK,F
13:30:17,UNVR,RG,4420,1,D,YP,AK,F
13:30:17,UNVR,RG,4420,23,D,NI,AK,F
13:30:17,UNVR,RG,4420,1,D,YP,AK,F
13:30:17,UNVR,RG,4420,2,D,YP,AK,F
13:30:17,UNVR,RG,4420,1,D,YP,AK,F
13:30:17,UNVR,RG,4420,2,D,YP,AK,F
13:30:17,UNVR,RG,4420,3,D,YP,AK,F
13:30:17,UNVR,RG,4420,1,D,YP,AK,F
13:30:17,UNVR,RG,4420,1,D,YP,AK,F
13:30:17,UNVR,RG,4420,1,D,CC,AK,F
13:30:17,UNVR,RG,4420,4,D,CC,AK,F
13:30:17,UNVR,RG,4420,1,D,CC,AK,F
13:30:17,UNVR,RG,4420,10,D,PD,AK,F
13:30:17,UNVR,RG,4420,1,D,XC,AK,F
13:30:17,UNVR,RG,4420,3,D,XC,AK,F
13:30:17,UNVR,RG,4420,10,D,PD,AK,F
13:30:17,UNVR,RG,4420,5,D,PD,AK,F
13:30:17,UNVR,RG,4420,20,D,PD,AK,F
13:30:17,UNVR,RG,4420,1,D,XC,AK,F
13:30:17,UNVR,RG,4420,1,D,CC,AK,F
13:30:17,UNVR,RG,4420,2,D,XC,AK,F
13:30:17,UNVR,RG,4420,1,D,XC,AK,F
13:30:17,UNVR,RG,4420,2,D,KK,AK,F
13:30:17,UNVR,RG,4420,10,D,KK,AK,F
13:30:17,UNVR,RG,4420,3,D,PD,AK,F
13:30:17,UNVR,RG,4420,2,D,PD,AK,F
13:30:17,UNVR,RG,4420,2,D,DX,AK,F
13:30:17,UNVR,RG,4420,1,D,KK,AK,F
13:30:17,UNVR,RG,4420,1,D,PD,AK,F
13:30:17,UNVR,RG,4420,100,D,OD,AK,F
13:30:17,UNVR,RG,4420,18,D,AG,AK,F
13:30:17,UNVR,RG,4420,1,D,AG,AK,F
13:30:15,UNVR,RG,4430,39,F,AK,AK,F
13:30:15,UNVR,RG,4430,5,D,YP,AK,F
13:30:15,UNVR,RG,4430,1,D,YP,AK,F
13:30:15,UNVR,RG,4430,1,D,YP,AK,F
13:30:15,UNVR,RG,4430,5,D,YP,AK,F
13:30:15,UNVR,RG,4430,20,D,NI,AK,F
13:30:15,UNVR,RG,4430,75,D,YP,AK,F
13:30:15,UNVR,RG,4430,1,D,YP,AK,F
13:30:15,UNVR,RG,4430,1,D,YP,AK,F
13:30:15,UNVR,RG,4430,30,D,YP,AK,F
13:30:15,UNVR,RG,4430,12,D,YP,AK,F
13:30:15,UNVR,RG,4430,2,D,YP,AK,F
13:30:15,UNVR,RG,4430,2,D,YP,AK,F
13:30:15,UNVR,RG,4430,10,D,YP,AK,F
13:30:15,UNVR,RG,4430,1,D,YP,AK,F
13:30:15,UNVR,RG,4430,1,D,YP,AK,F
13:30:15,UNVR,RG,4430,1,D,YP,AK,F
13:30:15,UNVR,RG,4430,5,D,CC,AK,F
13:30:15,UNVR,RG,4430,4,D,CC,AK,F
13:30:15,UNVR,RG,4430,1,D,CC,AK,F
13:30:15,UNVR,RG,4430,1,D,CC,AK,F
13:30:15,UNVR,RG,4430,6,F,KK,AK,F
13:30:15,UNVR,RG,4430,2,D,XC,AK,F
13:30:15,UNVR,RG,4430,1,D,XC,AK,F
13:30:15,UNVR,RG,4430,20,D,CC,AK,F
13:30:15,UNVR,RG,4430,1,D,CC,AK,F
13:30:15,UNVR,RG,4430,1,D,CC,AK,F
13:30:15,UNVR,RG,4430,12,D,CC,AK,F
13:30:15,UNVR,RG,4430,225,F,BK,AK,F
13:30:15,UNVR,RG,4430,32,F,DX,AK,F
13:30:15,UNVR,RG,4430,1,D,XC,AK,F
13:30:15,UNVR,RG,4430,1,D,XC,AK,F
13:30:15,UNVR,RG,4430,1,D,XC,AK,F
13:30:15,UNVR,RG,4430,1,D,PD,AK,F
13:30:15,UNVR,RG,4430,26,D,XC,AK,F
13:30:15,UNVR,RG,4430,1,D,XC,AK,F
13:30:15,UNVR,RG,4430,1,D,XC,AK,F
13:30:15,UNVR,RG,4430,4,D,XC,AK,F
13:30:15,UNVR,RG,4430,2,D,XC,AK,F
13:30:15,UNVR,RG,4430,1,D,XC,AK,F
13:30:15,UNVR,RG,4430,1,D,CC,AK,F
13:30:15,UNVR,RG,4430,2,D,XC,AK,F
13:30:15,UNVR,RG,4430,1,D,XC,AK,F
13:30:15,UNVR,RG,4430,10,D,KK,AK,F
13:30:15,UNVR,RG,4430,12,D,KK,AK,F
13:30:15,UNVR,RG,4440,127,F,AK,AK,F
13:30:15,UNVR,RG,4440,105,F,AK,CS,F
13:30:15,UNVR,RG,4440,205,D,NI,CS,F
13:30:15,UNVR,RG,4440,20,D,NI,PD,D
13:30:15,UNVR,RG,4430,1,D,KK,YP,D
13:30:15,UNVR,RG,4430,1,D,KK,YP,D
13:30:14,UNVR,RG,4430,11,D,KK,YP,D
13:30:14,UNVR,RG,4430,1,D,KK,YP,D
13:30:14,UNVR,RG,4430,1,D,PD,YP,D
13:30:14,UNVR,RG,4430,1,D,PD,YP,D
13:30:14,UNVR,RG,4430,6,D,PD,YP,D
13:30:14,UNVR,RG,4430,2,D,PD,HP,D
13:30:13,UNVR,RG,4430,1,D,PD,YP,D
13:30:13,UNVR,RG,4430,5,D,PD,YP,D
13:30:12,UNVR,RG,4440,1,D,YP,PD,D
13:30:12,UNVR,RG,4430,34,D,PD,YP,D
13:30:11,UNVR,RG,4440,1,D,YP,PD,D
13:30:09,UNVR,RG,4430,3,D,PD,PD,D
13:30:07,UNVR,RG,4430,2,D,PD,PD,D
13:30:07,UNVR,RG,4440,2,D,PD,PD,D
13:30:07,UNVR,RG,4440,1,F,BK,PD,D
13:30:07,UNVR,RG,4440,2,F,BK,PD,D
13:30:07,UNVR,RG,4440,2,F,BK,KK,D
13:30:07,UNVR,RG,4440,3,F,BK,PD,D
13:30:07,UNVR,RG,4440,3,F,BK,PD,D
13:30:07,UNVR,RG,4440,22,F,BK,AK,F
13:30:07,UNVR,RG,4440,350,F,BK,CC,D
13:30:07,UNVR,RG,4440,5,F,BK,CC,D
13:30:07,UNVR,RG,4440,3,F,BK,PD,D
13:30:07,UNVR,RG,4440,1,F,BK,GR,D
13:30:07,UNVR,RG,4440,1,F,BK,CC,D
13:30:07,UNVR,RG,4440,16,F,BK,XC,D
13:30:07,UNVR,RG,4440,4,F,BK,PD,D
13:30:06,UNVR,RG,4430,9,D,PD,XC,D
13:30:06,UNVR,RG,4440,1,D,PD,PD,D
13:30:05,UNVR,RG,4430,1,D,PD,CC,D
13:30:05,UNVR,RG,4430,5,D,PD,PD,D
13:30:05,UNVR,RG,4430,1,D,KK,PD,D
13:30:05,UNVR,RG,4430,1,D,PD,KK,D
13:30:05,UNVR,RG,4420,6,D,AG,KK,D
13:30:05,UNVR,RG,4420,5,D,AG,PD,D
13:30:05,UNVR,RG,4420,1,D,XC,PD,D
13:30:05,UNVR,RG,4420,2,D,PD,PD,D
13:30:05,UNVR,RG,4400,364,D,CP,DH,D
13:30:05,UNVR,RG,4400,6,D,XC,DH,D
13:30:05,UNVR,RG,4400,2,D,MG,DH,D
13:30:05,UNVR,RG,4400,1,D,XC,DH,D
13:30:05,UNVR,RG,4410,1,D,PD,DH,D
13:30:05,UNVR,RG,4410,1,D,PD,DH,D
13:30:05,UNVR,RG,4410,1,D,PD,DH,D
13:30:05,UNVR,RG,4410,1,D,PD,DH,D
13:30:05,UNVR,RG,4410,3,D,PD,DH,D
13:30:05,UNVR,RG,4410,10,D,SH,DH,D
13:30:05,UNVR,RG,4410,1,D,PD,DH,D
13:30:05,UNVR,RG,4410,5,D,DH,DH,D
13:30:05,UNVR,RG,4410,5,D,PD,DH,D
13:30:05,UNVR,RG,4410,5,D,YJ,DH,D
13:30:05,UNVR,RG,4410,1,D,AT,DH,D
13:30:05,UNVR,RG,4410,25,D,LG,DH,D
13:30:05,UNVR,RG,4410,5,D,LG,DH,D
13:30:05,UNVR,RG,4410,2,D,PD,DH,D
13:30:05,UNVR,RG,4410,2,D,PD,DH,D
13:30:05,UNVR,RG,4410,1,D,PD,DH,D
13:30:05,UNVR,RG,4410,1,D,DR,DH,D
13:30:05,UNVR,RG,4410,2,D,EP,DH,D
13:30:05,UNVR,RG,4410,9,D,PD,DH,D
13:30:05,UNVR,RG,4410,90,D,SQ,DH,D
13:30:05,UNVR,RG,4410,50,D,EP,DH,D
13:30:05,UNVR,RG,4410,5,D,GR,DH,D
13:30:05,UNVR,RG,4410,10,F,GR,DH,D
13:30:05,UNVR,RG,4410,500,D,MG,DH,D
13:30:05,UNVR,RG,4410,5,D,PD,DH,D
13:30:05,UNVR,RG,4410,100,D,TP,DH,D
13:30:05,UNVR,RG,4410,5,D,CC,DH,D
13:30:05,UNVR,RG,4410,1,F,AK,DH,D
13:30:05,UNVR,RG,4410,2,D,CD,DH,D
13:30:05,UNVR,RG,4410,4,D,GR,DH,D
13:30:05,UNVR,RG,4410,1,D,XC,DH,D
13:30:05,UNVR,RG,4410,20,D,SQ,DH,D
13:30:05,UNVR,RG,4410,1,D,EP,DH,D
13:30:05,UNVR,RG,4410,10,D,PD,DH,D
13:30:05,UNVR,RG,4410,20,D,PD,DH,D
13:30:05,UNVR,RG,4410,5,D,PD,DH,D
13:30:05,UNVR,RG,4410,1,D,KK,DH,D
13:30:05,UNVR,RG,4410,27,F,DX,DH,D
13:30:05,UNVR,RG,4410,50,D,PD,DH,D
13:30:05,UNVR,RG,4410,14,D,NI,DH,D
13:30:05,UNVR,RG,4410,1,D,PD,DH,D
13:30:05,UNVR,RG,4410,5,D,NI,DH,D
13:30:05,UNVR,RG,4410,1,D,YU,DH,D
13:30:05,UNVR,RG,4410,3,D,YP,DH,D
13:30:05,UNVR,RG,4410,2,D,YP,DH,D
13:30:05,UNVR,RG,4410,2,D,YP,DH,D
13:30:05,UNVR,RG,4410,41,D,YP,DH,D
13:30:05,UNVR,RG,4410,1,D,PD,DH,D
13:30:05,UNVR,RG,4410,5,D,KK,DH,D
13:30:05,UNVR,RG,4410,3000,F,YU,DH,D
13:30:05,UNVR,RG,4410,1,D,PD,DH,D
13:30:05,UNVR,RG,4410,2,D,SQ,DH,D
13:30:05,UNVR,RG,4410,20,D,KK,DH,D
13:30:05,UNVR,RG,4410,3,D,PD,DH,D
13:30:05,UNVR,RG,4410,1,D,SQ,DH,D
13:30:05,UNVR,RG,4410,1,D,HP,DH,D
13:30:05,UNVR,RG,4410,2,D,CC,DH,D
13:30:05,UNVR,RG,4410,10,D,SQ,DH,D
13:30:05,UNVR,RG,4410,4,D,YP,DH,D
13:30:05,UNVR,RG,4410,1,D,PD,DH,D
13:30:05,UNVR,RG,4410,2,D,OD,DH,D
13:30:05,UNVR,RG,4410,1,D,KK,DH,D
13:30:05,UNVR,RG,4410,2,D,XC,DH,D
13:30:05,UNVR,RG,4410,29,F,DX,DH,D
13:30:05,UNVR,RG,4410,3,D,XC,DH,D
13:30:05,UNVR,RG,4410,5,D,XC,DH,D
13:30:05,UNVR,RG,4410,2,D,YP,DH,D
13:30:05,UNVR,RG,4410,5,D,YP,DH,D
13:30:05,UNVR,RG,4410,1,D,AT,DH,D
13:30:05,UNVR,RG,4410,5,D,OD,DH,D
13:30:05,UNVR,RG,4410,5,D,AG,DH,D
13:30:05,UNVR,RG,4410,20,D,YP,DH,D
13:30:05,UNVR,RG,4410,50,D,HP,DH,D
13:30:05,UNVR,RG,4410,2,D,PD,DH,D
13:30:05,UNVR,RG,4410,1,D,YP,DH,D
13:30:05,UNVR,RG,4410,3,D,CC,DH,D
13:30:05,UNVR,RG,4410,10,D,NI,DH,D
13:30:05,UNVR,RG,4410,1,D,PD,DH,D
13:30:05,UNVR,RG,4410,5,D,CC,DH,D
13:30:05,UNVR,RG,4410,2,D,YP,DH,D
13:30:05,UNVR,RG,4410,5,D,PO,DH,D
13:30:05,UNVR,RG,4410,2,D,KK,DH,D
13:30:05,UNVR,RG,4410,25,D,DR,DH,D
13:30:05,UNVR,RG,4410,1,D,YP,DH,D
13:30:05,UNVR,RG,4410,5,D,AI,DH,D
13:30:05,UNVR,RG,4410,5,D,NI,DH,D
13:30:05,UNVR,RG,4410,1,D,PD,DH,D
13:30:05,UNVR,RG,4410,1,D,PD,DH,D
13:30:05,UNVR,RG,4410,4,D,CC,DH,D
13:30:05,UNVR,RG,4410,50,D,NI,DH,D
13:30:05,UNVR,RG,4410,1,D,YP,DH,D
13:30:05,UNVR,RG,4410,1,D,YP,DH,D
13:30:05,UNVR,RG,4410,100,D,GR,DH,D
13:30:05,UNVR,RG,4410,1,D,CC,DH,D
13:30:05,UNVR,RG,4410,7,D,DH,DH,D
13:30:05,UNVR,RG,4410,55,D,CP,DH,D
13:30:05,UNVR,RG,4410,1,D,PD,DH,D
13:30:05,UNVR,RG,4410,57,D,YP,DH,D
13:30:05,UNVR,RG,4410,5,D,CC,DH,D
13:30:05,UNVR,RG,4410,5,D,YP,DH,D
13:30:05,UNVR,RG,4410,5,D,KK,DH,D
13:30:05,UNVR,RG,4410,1,D,XC,DH,D
13:30:05,UNVR,RG,4410,50,D,AI,DH,D
13:30:05,UNVR,RG,4410,1,D,YP,DH,D
13:30:05,UNVR,RG,4410,5,D,PD,DH,D
13:30:05,UNVR,RG,4410,1,D,PD,DH,D
13:30:05,UNVR,RG,4410,1,D,OD,DH,D
13:30:05,UNVR,RG,4410,50,D,CC,DH,D
13:30:05,UNVR,RG,4410,4,D,YP,DH,D
13:30:05,UNVR,RG,4410,12,D,XC,DH,D
13:30:05,UNVR,RG,4410,5,D,PD,DH,D
13:30:05,UNVR,RG,4410,5,D,YP,DH,D
13:30:05,UNVR,RG,4410,10,D,PD,DH,D
13:30:05,UNVR,RG,4410,1,D,PD,DH,D
13:30:05,UNVR,RG,4410,2,D,YP,DH,D
13:30:05,UNVR,RG,4410,2,D,YP,DH,D
13:30:05,UNVR,RG,4410,10,D,XC,DH,D
13:30:05,UNVR,RG,4410,3,D,CC,DH,D
13:30:05,UNVR,RG,4410,2,D,XC,DH,D
13:30:05,UNVR,RG,4410,1,D,RO,DH,D
13:30:05,UNVR,RG,4410,5,D,NI,DH,D
13:30:05,UNVR,RG,4410,1,D,PD,DH,D
13:30:05,UNVR,RG,4410,10,D,NI,DH,D
13:30:05,UNVR,RG,4410,1,D,PD,DH,D
13:30:05,UNVR,RG,4410,1,D,KK,DH,D
13:30:05,UNVR,RG,4410,1,D,CC,DH,D
13:30:05,UNVR,RG,4410,100,D,CP,DH,D
13:30:05,UNVR,RG,4410,3,D,PD,DH,D
13:30:05,UNVR,RG,4410,10,D,NI,DH,D
13:30:05,UNVR,RG,4410,1,D,PD,DH,D
13:30:05,UNVR,RG,4410,1,D,KK,DH,D
13:30:05,UNVR,RG,4410,1,D,CC,DH,D
13:30:05,UNVR,RG,4410,200,D,MG,DH,D
13:30:05,UNVR,RG,4410,1,D,PD,DH,D
13:30:05,UNVR,RG,4410,3,D,CC,DH,D
13:30:05,UNVR,RG,4410,1,D,PD,DH,D
13:30:05,UNVR,RG,4410,20,D,PD,DH,D
13:30:05,UNVR,RG,4410,5,D,NI,DH,D
13:30:05,UNVR,RG,4410,1,D,YP,DH,D
13:30:05,UNVR,RG,4410,1,D,KK,DH,D
13:30:05,UNVR,RG,4410,5,D,YP,DH,D
13:30:05,UNVR,RG,4410,1,D,EP,DH,D
13:30:05,UNVR,RG,4410,1,D,YP,DH,D
13:30:05,UNVR,RG,4410,23,D,DX,DH,D
13:30:05,UNVR,RG,4410,3,D,YP,DH,D
13:30:05,UNVR,RG,4410,2,D,DH,DH,D
13:30:05,UNVR,RG,4410,20,D,CC,DH,D
13:30:05,UNVR,RG,4410,15,D,DX,DH,D
13:30:05,UNVR,RG,4410,13,D,XC,DH,D
13:30:05,UNVR,RG,4410,1,D,SQ,DH,D
13:30:05,UNVR,RG,4410,34,D,XC,DH,D
13:30:05,UNVR,RG,4410,1,D,PD,DH,D
13:30:05,UNVR,RG,4410,1,D,CC,DH,D
13:30:05,UNVR,RG,4410,2,D,PD,DH,D
13:30:05,UNVR,RG,4410,2,D,XC,DH,D
13:30:05,UNVR,RG,4410,1,D,PD,DH,D
13:30:05,UNVR,RG,4410,1,D,PD,DH,D
13:30:05,UNVR,RG,4410,10,D,PD,DH,D
13:30:05,UNVR,RG,4410,1,D,YP,DH,D
13:30:05,UNVR,RG,4410,1,D,SQ,DH,D
13:30:05,UNVR,RG,4410,1,D,HP,DH,D
13:30:05,UNVR,RG,4410,5,D,XC,DH,D
13:30:05,UNVR,RG,4410,1,D,CC,DH,D
13:30:05,UNVR,RG,4410,1,D,PD,DH,D
13:30:05,UNVR,RG,4410,125,D,EP,DH,D
13:30:05,UNVR,RG,4410,2,D,XC,DH,D
13:30:05,UNVR,RG,4410,20,D,PD,DH,D
13:30:05,UNVR,RG,4410,2,D,NI,DH,D
13:30:05,UNVR,RG,4410,10,D,YP,DH,D
13:30:05,UNVR,RG,4410,2,D,NI,DH,D
13:30:05,UNVR,RG,4410,5,D,YP,DH,D
13:30:05,UNVR,RG,4410,1,D,DR,DH,D
13:30:05,UNVR,RG,4410,5,D,NI,DH,D
13:30:05,UNVR,RG,4410,30,D,YP,DH,D
13:30:05,UNVR,RG,4410,5,D,SQ,DH,D
13:30:05,UNVR,RG,4410,1,D,KK,DH,D
13:30:05,UNVR,RG,4410,1,D,LG,DH,D
13:30:05,UNVR,RG,4410,1,D,XC,DH,D
13:30:05,UNVR,RG,4410,30,D,CC,DH,D
13:30:05,UNVR,RG,4410,6,D,YP,DH,D
13:30:05,UNVR,RG,4410,2,D,XC,DH,D
13:30:05,UNVR,RG,4410,1,D,NI,DH,D
13:30:05,UNVR,RG,4410,1,D,PD,DH,D
13:30:05,UNVR,RG,4410,2,D,PD,DH,D
13:30:05,UNVR,RG,4410,2,D,KK,DH,D
13:30:05,UNVR,RG,4410,50,D,CC,DH,D
13:30:05,UNVR,RG,4410,20,D,SQ,DH,D
13:30:05,UNVR,RG,4410,4,D,YP,DH,D
13:30:05,UNVR,RG,4410,2,D,YP,DH,D
13:30:05,UNVR,RG,4410,1,D,YP,DH,D
13:30:05,UNVR,RG,4410,1,D,PD,DH,D
13:30:05,UNVR,RG,4410,1,D,PD,DH,D
13:30:05,UNVR,RG,4410,1,D,CC,DH,D
13:30:05,UNVR,RG,4410,1,D,CC,DH,D
13:30:05,UNVR,RG,4410,1,D,CC,DH,D
13:30:05,UNVR,RG,4410,5,D,KK,DH,D
13:30:05,UNVR,RG,4410,1,D,CC,DH,D
13:30:05,UNVR,RG,4410,5,D,LG,DH,D
13:30:05,UNVR,RG,4410,1,D,CC,DH,D
13:30:05,UNVR,RG,4410,10,D,SQ,DH,D
13:30:05,UNVR,RG,4410,3,D,YP,DH,D
13:30:05,UNVR,RG,4410,1,D,PD,DH,D
13:30:05,UNVR,RG,4410,1,D,YP,DH,D
13:30:05,UNVR,RG,4410,7,D,RB,DH,D
13:30:05,UNVR,RG,4410,1,D,PD,DH,D
13:30:05,UNVR,RG,4410,5,D,KK,DH,D
13:30:05,UNVR,RG,4410,5,D,YP,DH,D
13:30:05,UNVR,RG,4410,50,D,SQ,DH,D
13:30:05,UNVR,RG,4410,4,D,PD,DH,D
13:30:05,UNVR,RG,4410,200,D,GR,DH,D
13:30:05,UNVR,RG,4410,1,D,PD,DH,D
13:30:05,UNVR,RG,4410,5,D,DR,DH,D
13:30:05,UNVR,RG,4410,4,D,YP,DH,D
13:30:05,UNVR,RG,4410,10,D,KK,DH,D
13:30:05,UNVR,RG,4410,5,D,NI,DH,D
13:30:05,UNVR,RG,4410,100,D,PD,DH,D
13:30:05,UNVR,RG,4410,60,D,DX,DH,D
13:30:05,UNVR,RG,4410,1,D,YP,DH,D
13:30:05,UNVR,RG,4410,4,D,PD,DH,D
13:30:05,UNVR,RG,4410,3,D,KK,DH,D
13:30:05,UNVR,RG,4410,1,D,XC,DH,D
13:30:05,UNVR,RG,4410,1,D,CC,DH,D
13:30:05,UNVR,RG,4410,10,D,NI,DH,D
13:30:05,UNVR,RG,4410,1,D,EP,DH,D
13:30:05,UNVR,RG,4410,300,D,LG,DH,D
13:30:05,UNVR,RG,4410,10,D,PD,DH,D
13:30:05,UNVR,RG,4410,300,D,YP,DH,D
13:30:05,UNVR,RG,4410,1,D,PD,DH,D
13:30:05,UNVR,RG,4410,20,D,DH,DH,D
13:30:05,UNVR,RG,4410,10,D,YP,DH,D
13:30:05,UNVR,RG,4410,10,D,YP,DH,D
13:30:05,UNVR,RG,4410,5,D,XC,DH,D
13:30:05,UNVR,RG,4410,1,D,PD,DH,D
13:30:05,UNVR,RG,4410,17,D,XC,DH,D
13:30:05,UNVR,RG,4410,2,D,CC,DH,D
13:30:05,UNVR,RG,4410,2,D,YP,DH,D
13:30:05,UNVR,RG,4410,2,D,DH,DH,D
13:30:05,UNVR,RG,4410,5,D,CC,DH,D
13:30:05,UNVR,RG,4410,10,D,XC,DH,D
13:30:05,UNVR,RG,4410,50,D,KK,DH,D
13:30:05,UNVR,RG,4410,23,D,YP,DH,D
13:30:05,UNVR,RG,4410,10,D,XC,DH,D
13:30:05,UNVR,RG,4410,5,D,XL,DH,D
13:30:05,UNVR,RG,4410,1,D,PD,DH,D
13:30:05,UNVR,RG,4410,1,D,XA,DH,D
13:30:05,UNVR,RG,4410,50,D,DR,DH,D
13:30:05,UNVR,RG,4410,10,D,PD,DH,D
13:30:05,UNVR,RG,4410,1,D,YP,DH,D
13:30:05,UNVR,RG,4410,5,D,PD,DH,D
13:30:05,UNVR,RG,4410,3,D,YP,DH,D
13:30:05,UNVR,RG,4410,1,D,CC,DH,D
13:30:05,UNVR,RG,4410,100,D,PD,DH,D
13:30:05,UNVR,RG,4410,5,D,NI,DH,D
13:30:05,UNVR,RG,4410,1,D,GR,DH,D
13:30:05,UNVR,RG,4410,5,D,TP,DH,D
13:30:05,UNVR,RG,4410,1,D,XC,DH,D
13:30:05,UNVR,RG,4410,3,D,KK,DH,D
13:30:05,UNVR,RG,4410,5,D,YP,DH,D
13:30:05,UNVR,RG,4410,1,D,NI,DH,D
13:30:05,UNVR,RG,4410,3,D,KK,DH,D
13:30:05,UNVR,RG,4410,3,D,DH,DH,D
13:30:05,UNVR,RG,4410,5,D,KK,DH,D
13:30:05,UNVR,RG,4410,1,D,XC,DH,D
13:30:05,UNVR,RG,4410,2,D,XC,DH,D
13:30:05,UNVR,RG,4410,4,D,DR,DH,D
13:30:05,UNVR,RG,4410,10,D,LG,DH,D
13:30:05,UNVR,RG,4410,2,D,XC,DH,D
13:30:05,UNVR,RG,4410,5,D,YP,DH,D
13:30:05,UNVR,RG,4410,1,D,PD,DH,D
13:30:05,UNVR,RG,4410,50,D,YB,DH,D
13:30:05,UNVR,RG,4410,1,D,XC,DH,D
13:30:05,UNVR,RG,4410,10,D,NI,DH,D
13:30:05,UNVR,RG,4410,1,D,YP,DH,D
13:30:05,UNVR,RG,4410,1,D,CC,DH,D
13:30:05,UNVR,RG,4410,10,D,CC,DH,D
13:30:05,UNVR,RG,4410,50,D,DH,DH,D
13:30:05,UNVR,RG,4410,2,D,PD,DH,D
13:30:05,UNVR,RG,4410,25,D,GR,DH,D
13:30:05,UNVR,RG,4410,5,D,YP,DH,D
13:30:05,UNVR,RG,4410,2,D,PD,DH,D
13:30:05,UNVR,RG,4410,100,D,YP,DH,D
13:30:05,UNVR,RG,4410,1,D,NI,DH,D
13:30:05,UNVR,RG,4410,2,D,PD,DH,D
13:30:05,UNVR,RG,4410,5,D,PD,DH,D
13:30:05,UNVR,RG,4410,2,D,PD,DH,D
13:30:05,UNVR,RG,4410,25,D,CC,DH,D
13:30:05,UNVR,RG,4410,5,D,DR,DH,D
13:30:05,UNVR,RG,4410,1,D,YP,DH,D
13:30:05,UNVR,RG,4410,5,D,GR,DH,D
13:30:05,UNVR,RG,4410,5,D,YP,DH,D
13:30:05,UNVR,RG,4410,1,D,DH,DH,D
13:30:05,UNVR,RG,4410,10,D,PD,DH,D
13:30:05,UNVR,RG,4410,5,D,DR,DH,D
13:30:05,UNVR,RG,4410,3,D,PD,DH,D
13:30:05,UNVR,RG,4410,10,D,XA,DH,D
13:30:05,UNVR,RG,4410,10,D,PD,DH,D
13:30:05,UNVR,RG,4410,10,D,YP,DH,D
13:30:05,UNVR,RG,4410,5,D,NI,DH,D
13:30:05,UNVR,RG,4410,47,D,NI,DH,D
13:30:05,UNVR,RG,4410,1,D,PD,DH,D
13:30:05,UNVR,RG,4410,10,D,XC,DH,D
13:30:05,UNVR,RG,4410,10,D,NI,DH,D
13:30:05,UNVR,RG,4410,15,D,YP,DH,D
13:30:05,UNVR,RG,4410,5,D,XA,DH,D
13:30:05,UNVR,RG,4410,10,D,NI,DH,D
13:30:05,UNVR,RG,4410,50,D,NI,DH,D
13:30:05,UNVR,RG,4410,50,D,SQ,DH,D
13:30:05,UNVR,RG,4410,10,D,DH,DH,D
13:30:05,UNVR,RG,4410,1,D,YP,DH,D
13:30:05,UNVR,RG,4410,20,D,CC,DH,D
13:30:05,UNVR,RG,4410,2,D,PD,DH,D
13:30:05,UNVR,RG,4410,4,D,LG,DH,D
13:30:05,UNVR,RG,4410,5,D,YP,DH,D
13:30:05,UNVR,RG,4410,50,D,TP,DH,D
13:30:05,UNVR,RG,4410,10,D,PD,DH,D
13:30:05,UNVR,RG,4410,2,D,CC,DH,D
13:30:05,UNVR,RG,4410,2,D,OD,DH,D
13:30:05,UNVR,RG,4410,100,D,YP,DH,D
13:30:05,UNVR,RG,4410,15,D,SQ,DH,D
13:30:05,UNVR,RG,4410,200,D,HP,DH,D
13:30:05,UNVR,RG,4410,50,D,AG,DH,D
13:30:05,UNVR,RG,4410,1,D,CC,DH,D
13:30:05,UNVR,RG,4410,2,D,GR,DH,D
13:30:05,UNVR,RG,4410,5,D,NI,DH,D
13:30:05,UNVR,RG,4410,1,D,PD,DH,D
13:30:05,UNVR,RG,4410,20,D,DH,DH,D
13:30:05,UNVR,RG,4410,100,D,DR,DH,D
13:30:05,UNVR,RG,4410,1,D,YP,DH,D
13:30:05,UNVR,RG,4410,2,D,YP,DH,D
13:30:05,UNVR,RG,4410,300,D,YP,DH,D
13:30:05,UNVR,RG,4410,1,D,YP,DH,D
13:30:05,UNVR,RG,4410,1,D,PD,DH,D
13:30:05,UNVR,RG,4410,25,D,YP,DH,D
13:30:05,UNVR,RG,4410,20,D,NI,DH,D
13:30:05,UNVR,RG,4410,5,D,NI,DH,D
13:30:05,UNVR,RG,4410,100,D,NI,DH,D
13:30:05,UNVR,RG,4410,25,D,KK,DH,D
13:30:05,UNVR,RG,4410,100,D,KK,DH,D
13:30:05,UNVR,RG,4410,1,D,YP,DH,D
13:30:05,UNVR,RG,4410,100,D,YP,DH,D
13:30:05,UNVR,RG,4410,50,D,YP,DH,D
13:30:05,UNVR,RG,4410,6,D,KK,DH,D
13:30:05,UNVR,RG,4410,4,D,PD,DH,D
13:30:05,UNVR,RG,4410,50,D,CC,DH,D
13:30:05,UNVR,RG,4410,20,D,YP,DH,D
13:30:05,UNVR,RG,4410,75,D,YP,DH,D
13:30:05,UNVR,RG,4410,5,D,YP,DH,D
13:30:05,UNVR,RG,4410,15,D,YP,DH,D
13:30:05,UNVR,RG,4410,1,D,YP,DH,D
13:30:05,UNVR,RG,4410,1,D,YP,DH,D
13:30:05,UNVR,RG,4410,1,D,YP,DH,D
13:30:05,UNVR,RG,4410,20,D,CC,DH,D
13:30:05,UNVR,RG,4410,5,D,YP,DH,D
13:30:05,UNVR,RG,4410,100,D,YP,DH,D
13:30:05,UNVR,RG,4410,5,D,CC,DH,D
13:30:05,UNVR,RG,4410,1,D,YP,DH,D
13:30:05,UNVR,RG,4410,2,D,IF,DH,D
13:30:05,UNVR,RG,4410,4,D,CC,DH,D
13:30:05,UNVR,RG,4410,1,D,YP,DH,D
13:30:05,UNVR,RG,4410,1,D,YP,DH,D
13:30:05,UNVR,RG,4410,10,D,CC,DH,D
13:30:05,UNVR,RG,4410,30,D,CC,DH,D
13:30:05,UNVR,RG,4410,1,D,CC,DH,D
13:30:05,UNVR,RG,4410,94,D,YP,DH,D
13:30:05,UNVR,RG,4420,3,D,XC,DH,D
13:30:05,UNVR,RG,4420,1,D,PD,DH,D
13:30:05,UNVR,RG,4420,5,D,XL,DH,D
13:30:05,UNVR,RG,4430,6,D,XC,DH,D
13:30:05,UNVR,RG,4430,1,D,XC,DH,D
13:30:05,UNVR,RG,4430,1,D,DH,DH,D
13:30:05,UNVR,RG,4430,6,D,XL,DH,D
13:30:05,UNVR,RG,4430,1,D,PD,DH,D
13:30:05,UNVR,RG,4430,3,D,XL,DH,D
13:30:05,UNVR,RG,4430,14,D,SQ,DH,D
13:30:05,UNVR,RG,4430,25,D,SQ,OD,D
13:30:05,UNVR,RG,4430,3,D,SQ,PD,D
13:30:05,UNVR,RG,4430,3,D,SQ,PD,D
13:30:05,UNVR,RG,4430,1,D,XC,PD,D
13:30:04,UNVR,RG,4430,1,D,XC,XC,D
13:30:04,UNVR,RG,4430,3,D,PD,XC,D
13:30:04,UNVR,RG,4430,9,D,PD,CC,D
13:30:04,UNVR,RG,4410,406,D,YP,GR,D
13:30:04,UNVR,RG,4410,2,D,KK,GR,D
13:30:04,UNVR,RG,4410,10,F,DH,GR,D
13:30:04,UNVR,RG,4410,1,D,CC,GR,D
13:30:04,UNVR,RG,4410,1,D,DH,GR,D
13:30:04,UNVR,RG,4410,1,D,PD,GR,D
13:30:04,UNVR,RG,4410,50,D,ZP,GR,D
13:30:04,UNVR,RG,4410,50,D,PD,GR,D
13:30:04,UNVR,RG,4410,51,D,PD,GR,D
13:30:04,UNVR,RG,4410,1,D,PD,GR,D
13:30:04,UNVR,RG,4410,2,D,PD,GR,D
13:30:04,UNVR,RG,4410,1,D,SQ,GR,D
13:30:04,UNVR,RG,4410,3,D,PD,GR,D
13:30:04,UNVR,RG,4410,2,D,PD,GR,D
13:30:04,UNVR,RG,4410,3,D,PD,GR,D
13:30:04,UNVR,RG,4410,5,D,PD,GR,D
13:30:04,UNVR,RG,4410,500,D,EP,GR,D
13:30:04,UNVR,RG,4410,1,D,PD,GR,D
13:30:04,UNVR,RG,4410,2,D,GR,GR,D
13:30:04,UNVR,RG,4420,1,D,XC,GR,D
13:30:04,UNVR,RG,4420,1,D,SQ,GR,D
13:30:04,UNVR,RG,4420,2,D,XC,GR,D
13:30:04,UNVR,RG,4420,5,D,PD,GR,D
13:30:04,UNVR,RG,4420,1,D,PD,GR,D
13:30:04,UNVR,RG,4420,1,D,DH,GR,D
13:30:04,UNVR,RG,4420,1,D,PD,GR,D
13:30:04,UNVR,RG,4420,3,D,PD,GR,D
13:30:04,UNVR,RG,4420,2,D,DH,GR,D
13:30:04,UNVR,RG,4420,2,D,DH,GR,D
13:30:04,UNVR,RG,4420,2,D,KK,GR,D
13:30:04,UNVR,RG,4420,5,D,KK,GR,D
13:30:04,UNVR,RG,4420,2,D,DR,GR,D
13:30:04,UNVR,RG,4420,222,D,MG,GR,D
13:30:04,UNVR,RG,4420,323,D,CC,GR,D
13:30:04,UNVR,RG,4420,10,D,PD,GR,D
13:30:04,UNVR,RG,4420,1,D,PD,GR,D
13:30:04,UNVR,RG,4420,1,D,AT,GR,D
13:30:04,UNVR,RG,4420,1,D,KK,GR,D
13:30:04,UNVR,RG,4420,50,D,YU,GR,D
13:30:04,UNVR,RG,4420,100,D,KK,GR,D
13:30:04,UNVR,RG,4420,6,D,SQ,GR,D
13:30:04,UNVR,RG,4420,3,D,PC,GR,D
13:30:04,UNVR,RG,4420,114,F,BK,GR,D
13:30:04,UNVR,RG,4420,1,D,GR,GR,D
13:30:04,UNVR,RG,4420,161,F,RX,GR,D
13:30:04,UNVR,RG,4420,5,D,OD,GR,D
13:30:04,UNVR,RG,4420,10,D,CP,GR,D
13:30:04,UNVR,RG,4420,22,F,RX,GR,D
13:30:04,UNVR,RG,4420,1,D,XA,GR,D
13:30:04,UNVR,RG,4420,20,D,PD,GR,D
13:30:04,UNVR,RG,4420,10,D,PD,GR,D
13:30:04,UNVR,RG,4420,1,F,AK,GR,D
13:30:04,UNVR,RG,4420,1,F,AK,GR,D
13:30:04,UNVR,RG,4420,17,D,PD,GR,D
13:30:04,UNVR,RG,4420,50,D,EP,GR,D
13:30:04,UNVR,RG,4420,2,D,NI,GR,D
13:30:04,UNVR,RG,4420,3,D,LG,GR,D
13:30:04,UNVR,RG,4420,1,D,PD,GR,D
13:30:04,UNVR,RG,4420,2,D,PD,GR,D
13:30:04,UNVR,RG,4420,70,F,RX,GR,D
13:30:04,UNVR,RG,4420,1,D,NI,GR,D
13:30:04,UNVR,RG,4420,20,D,CC,GR,D
13:30:04,UNVR,RG,4420,200,D,YP,GR,D
13:30:04,UNVR,RG,4420,11,D,PD,GR,D
13:30:04,UNVR,RG,4420,5,D,PD,GR,D
13:30:04,UNVR,RG,4420,3,D,CC,GR,D
13:30:04,UNVR,RG,4420,1,D,CC,GR,D
13:30:04,UNVR,RG,4420,10,D,GR,GR,D
13:30:04,UNVR,RG,4420,2,D,LG,GR,D
13:30:04,UNVR,RG,4420,10,D,FZ,GR,D
13:30:04,UNVR,RG,4420,2,D,PD,GR,D
13:30:04,UNVR,RG,4420,2,D,CC,GR,D
13:30:04,UNVR,RG,4420,1,D,GR,GR,D
13:30:04,UNVR,RG,4420,11,D,YB,GR,D
13:30:04,UNVR,RG,4420,1,D,PD,GR,D
13:30:04,UNVR,RG,4420,600,D,KK,GR,D
13:30:04,UNVR,RG,4420,50,D,PD,GR,D
13:30:04,UNVR,RG,4420,1,D,YP,GR,D
13:30:04,UNVR,RG,4420,1,D,YP,GR,D
13:30:04,UNVR,RG,4420,73,D,YP,GR,D
13:30:04,UNVR,RG,4420,1,D,KK,GR,D
13:30:04,UNVR,RG,4420,5,D,YP,GR,D
13:30:04,UNVR,RG,4420,1,D,YP,GR,D
13:30:04,UNVR,RG,4420,5,D,YP,GR,D
13:30:04,UNVR,RG,4420,10,D,YP,GR,D
13:30:04,UNVR,RG,4420,20,D,YP,GR,D
13:30:04,UNVR,RG,4420,28,D,XC,GR,D
13:30:04,UNVR,RG,4420,3,D,KK,GR,D
13:30:04,UNVR,RG,4420,1,D,PD,GR,D
13:30:04,UNVR,RG,4420,1,D,YP,GR,D
13:30:04,UNVR,RG,4420,10,D,PD,GR,D
13:30:04,UNVR,RG,4420,10,D,YP,GR,D
13:30:04,UNVR,RG,4420,10,D,PD,GR,D
13:30:04,UNVR,RG,4420,24,F,DX,GR,D
13:30:04,UNVR,RG,4420,28,F,DX,GR,D
13:30:04,UNVR,RG,4420,1,D,XC,GR,D
13:30:04,UNVR,RG,4420,1,D,XC,GR,D
13:30:04,UNVR,RG,4420,1,D,HP,GR,D
13:30:04,UNVR,RG,4420,5,D,YP,GR,D
13:30:04,UNVR,RG,4420,10,D,DH,GR,D
13:30:04,UNVR,RG,4420,50,D,CC,GR,D
13:30:04,UNVR,RG,4420,1,D,XL,GR,D
13:30:04,UNVR,RG,4420,50,D,YP,GR,D
13:30:04,UNVR,RG,4420,2,D,NI,GR,D
13:30:04,UNVR,RG,4420,1,D,YP,GR,D
13:30:04,UNVR,RG,4420,1,D,PD,GR,D
13:30:04,UNVR,RG,4420,3,D,YP,GR,D
13:30:04,UNVR,RG,4420,2,D,PD,GR,D
13:30:04,UNVR,RG,4420,13,D,DH,GR,D
13:30:04,UNVR,RG,4430,1,D,PD,GR,D
13:30:04,UNVR,RG,4430,3,D,DH,GR,D
13:30:04,UNVR,RG,4430,3,D,KK,GR,D
13:30:04,UNVR,RG,4430,10,D,DH,GR,D
13:30:04,UNVR,RG,4430,1,D,KK,GR,D
13:30:04,UNVR,RG,4430,1,D,PD,GR,D
13:30:04,UNVR,RG,4430,1,D,DR,GR,D
13:30:04,UNVR,RG,4430,9,D,PD,GR,D
13:30:04,UNVR,RG,4430,180,D,MG,GR,D
13:30:04,UNVR,RG,4430,11,D,MG,SQ,D
13:30:04,UNVR,RG,4430,7,D,MG,GR,D
13:30:04,UNVR,RG,4430,1,D,MG,DH,D
13:30:04,UNVR,RG,4430,1,D,MG,DR,D
13:30:04,UNVR,RG,4430,1,D,MG,PD,D
13:30:04,UNVR,RG,4430,1,D,MG,AT,D
13:30:04,UNVR,RG,4430,2,D,MG,SQ,D
13:30:04,UNVR,RG,4430,3,D,MG,EP,D
13:30:04,UNVR,RG,4430,71,D,MG,CC,D
13:30:03,UNVR,RG,4430,2,D,LG,CC,D
13:30:03,UNVR,RG,4430,2,D,PD,CC,D
13:30:03,UNVR,RG,4430,23,D,PD,CC,D
13:30:03,UNVR,RG,4430,50,D,LG,CC,D
13:30:03,UNVR,RG,4430,50,D,GR,CC,D
13:30:03,UNVR,RG,4430,30,D,PD,CC,D
13:30:03,UNVR,RG,4430,5,D,PD,CC,D
13:30:03,UNVR,RG,4430,5,D,KK,CC,D
13:30:02,UNVR,RG,4420,2,D,DH,XL,D
13:30:02,UNVR,RG,4430,5,D,KK,CC,D
13:30:02,UNVR,RG,4430,1,D,XL,CC,D
13:30:02,UNVR,RG,4430,1,D,KK,CC,D
13:30:02,UNVR,RG,4430,5,D,XA,CC,D
13:30:02,UNVR,RG,4430,1,D,XA,YP,D
13:30:02,UNVR,RG,4430,1,D,XA,YP,D
13:30:02,UNVR,RG,4430,1,D,PC,YP,D
13:30:02,UNVR,RG,4430,3,D,EP,YP,D
13:30:02,UNVR,RG,4430,1,D,EP,XC,D
13:30:02,UNVR,RG,4430,7,D,EP,CC,D
13:30:02,UNVR,RG,4430,7,D,EP,AK,F
13:30:02,UNVR,RG,4430,2,D,EP,AK,F
13:30:02,UNVR,RG,4430,4,D,XL,AK,F
11:29:46,UNVR,RG,4430,10,D,YP,AK,F
11:29:45,UNVR,RG,4420,5,D,DH,AK,F
11:29:45,UNVR,RG,4420,4,D,CC,AK,F
11:29:42,UNVR,RG,4430,5,D,KK,AK,F
11:29:42,UNVR,RG,4430,1,D,PD,AK,F
11:29:30,UNVR,RG,4430,14,F,AK,AK,F
11:29:30,UNVR,RG,4430,3,F,AK,AK,F
11:29:16,UNVR,RG,4430,2,D,PD,AK,F
11:29:15,UNVR,RG,4420,96,D,CC,AK,F
11:29:15,UNVR,RG,4420,14,D,ID,AK,F
11:29:15,UNVR,RG,4420,6,D,ID,AK,F
11:29:15,UNVR,RG,4420,2,D,CC,AK,F
11:29:15,UNVR,RG,4420,10,D,PD,AK,F
11:29:15,UNVR,RG,4420,5,D,YP,AK,F
11:29:15,UNVR,RG,4420,10,D,PD,AK,F
11:29:15,UNVR,RG,4420,1,D,PD,AK,F
11:29:15,UNVR,RG,4420,3,D,YP,AK,F
11:29:15,UNVR,RG,4420,1,D,YP,AK,F
11:29:15,UNVR,RG,4420,1,D,XC,AK,F
11:29:15,UNVR,RG,4420,2,D,YP,AK,F
11:29:15,UNVR,RG,4430,9,F,AK,AK,F
11:29:00,UNVR,RG,4430,5,F,AK,AK,F
11:28:59,UNVR,RG,4430,2,D,XC,AK,F
11:28:57,UNVR,RG,4420,5,D,YP,AK,F
11:28:57,UNVR,RG,4420,27,D,CD,AK,F
11:28:57,UNVR,RG,4420,11,D,GR,AK,F
11:28:57,UNVR,RG,4420,2,D,PD,AK,F
11:28:57,UNVR,RG,4420,16,D,NI,AK,F
11:28:57,UNVR,RG,4430,5,D,CC,AK,F
11:28:34,UNVR,RG,4430,10,D,OD,AK,F
11:28:27,UNVR,RG,4430,10,D,SQ,AK,F
11:28:25,UNVR,RG,4420,14,D,NI,PD,D
11:28:25,UNVR,RG,4420,1,D,KK,PD,D
11:28:25,UNVR,RG,4420,2,D,XL,PD,D
11:28:25,UNVR,RG,4420,1,D,YP,PD,D
11:28:25,UNVR,RG,4420,10,D,YP,PD,D
11:28:04,UNVR,RG,4430,100,D,YP,AK,F
11:27:56,UNVR,RG,4430,5,D,XL,AK,F
11:27:36,UNVR,RG,4430,4,D,PD,AK,F
11:27:24,UNVR,RG,4430,1,D,XC,AK,F
11:27:17,UNVR,RG,4430,25,D,PD,AK,F
11:27:17,UNVR,RG,4430,5,D,GR,AK,F
11:27:16,UNVR,RG,4430,1,D,XC,AK,F
11:27:15,UNVR,RG,4430,75,D,PD,AK,F
11:27:15,UNVR,RG,4430,2,D,XC,AK,F
11:27:15,UNVR,RG,4430,1,D,PD,AK,F
11:27:15,UNVR,RG,4430,1,D,XC,AK,F
11:27:15,UNVR,RG,4430,1,D,CC,AK,F
11:27:15,UNVR,RG,4430,2,D,YP,AK,F
11:27:15,UNVR,RG,4430,2,D,PD,AK,F
11:27:15,UNVR,RG,4430,1,D,PD,AK,F
11:27:15,UNVR,RG,4430,2,D,YP,AK,F
11:27:15,UNVR,RG,4430,2,D,CC,AK,F
11:27:15,UNVR,RG,4430,1,D,NI,AK,F
11:27:15,UNVR,RG,4430,25,D,GR,AK,F
11:27:15,UNVR,RG,4430,1,D,SQ,AK,F
11:27:15,UNVR,RG,4430,1,D,SQ,AK,F
11:27:15,UNVR,RG,4430,5,D,KK,AK,F
11:27:15,UNVR,RG,4430,5,D,RO,AK,F
11:27:15,UNVR,RG,4430,70,F,RX,AK,F
11:27:15,UNVR,RG,4430,1,D,PD,AK,F
11:27:15,UNVR,RG,4430,57,D,ID,AK,F
11:27:00,UNVR,RG,4430,107,D,ID,AK,F
11:26:34,UNVR,RG,4430,1,D,ID,AK,F
11:26:28,UNVR,RG,4440,25,D,KK,AK,F
11:26:27,UNVR,RG,4430,1,D,ID,XC,D
11:26:17,UNVR,RG,4430,30,D,ID,PD,D
11:25:57,UNVR,RG,4440,25,D,KK,AK,F
11:25:38,UNVR,RG,4440,2,D,PD,AK,F
11:25:38,UNVR,RG,4430,1,D,ID,YP,D
11:25:38,UNVR,RG,4440,2,D,PD,AK,F
11:25:34,UNVR,RG,4430,3,D,ID,GR,D
11:25:34,UNVR,RG,4430,1,D,CC,GR,D
11:25:25,UNVR,RG,4440,2,D,PD,AK,F
11:25:23,UNVR,RG,4430,2,D,CC,XC,D
11:25:08,UNVR,RG,4430,91,D,CC,PD,D
11:24:56,UNVR,RG,4430,33,D,CC,YP,D
11:24:56,UNVR,RG,4430,5,D,YP,YP,D
11:24:56,UNVR,RG,4430,1,D,YP,YP,D
11:24:56,UNVR,RG,4430,1,D,EP,YP,D
11:24:45,UNVR,RG,4430,1,D,EP,AK,F
11:24:45,UNVR,RG,4430,12,F,RX,AK,F
11:24:45,UNVR,RG,4430,3,D,PD,AK,F
11:24:45,UNVR,RG,4430,100,D,GR,AK,F
11:24:45,UNVR,RG,4430,54,F,RX,AK,F
11:24:45,UNVR,RG,4430,5,D,CC,AK,F
11:24:45,UNVR,RG,4430,5,D,OD,AK,F
11:24:45,UNVR,RG,4430,1,D,XC,AK,F
11:24:45,UNVR,RG,4430,25,D,CC,AK,F
11:24:45,UNVR,RG,4430,1,D,YP,AK,F
11:24:45,UNVR,RG,4430,1,D,YP,AK,F
11:24:45,UNVR,RG,4430,5,D,PD,AK,F
11:24:45,UNVR,RG,4430,1,D,XC,AK,F
11:24:45,UNVR,RG,4430,1,D,HP,AK,F
11:24:45,UNVR,RG,4430,1,D,XC,AK,F
11:24:45,UNVR,RG,4430,5,D,XC,AK,F
11:24:45,UNVR,RG,4430,2,D,CC,AK,F
11:24:45,UNVR,RG,4430,1,D,XC,AK,F
11:24:45,UNVR,RG,4430,2,D,CC,AK,F
11:24:45,UNVR,RG,4430,2,D,XC,AK,F
11:24:45,UNVR,RG,4430,1,D,NI,AK,F
11:24:45,UNVR,RG,4430,3,D,SQ,AK,F
11:24:45,UNVR,RG,4430,1,D,XC,AK,F
11:24:45,UNVR,RG,4430,1,D,XL,AK,F
11:24:45,UNVR,RG,4430,1,D,YP,AK,F
11:24:45,UNVR,RG,4430,2,D,YP,AK,F
11:24:45,UNVR,RG,4430,1,D,CC,AK,F
11:24:45,UNVR,RG,4430,81,F,AK,AK,F
11:24:45,UNVR,RG,4430,1,D,YP,AK,F
11:24:45,UNVR,RG,4430,10,D,CC,AK,F
11:24:45,UNVR,RG,4430,1,D,XC,AK,F
11:24:45,UNVR,RG,4430,63,F,AK,AK,F
11:24:45,UNVR,RG,4430,272,D,PD,AK,F
11:24:30,UNVR,RG,4440,24,F,AK,AK,F
11:24:17,UNVR,RG,4430,3,D,PD,LG,D
11:24:11,UNVR,RG,4440,1,D,XC,AK,F
11:24:08,UNVR,RG,4430,177,D,PD,AK,F
