Time,Stock,Brd,Price,Qty,BT,BC,SC,ST
15:14:57,UNVR,RG,4210,1,D,XC,OD,D
15:14:55,UNVR,RG,4210,1,D,XC,OD,D
15:14:51,UNVR,RG,4210,4,D,PD,OD,D
15:14:01,UNVR,RG,4210,3,D,PD,OD,D
15:13:57,UNVR,RG,4210,2,D,YP,OD,D
15:13:56,UNVR,RG,4210,2,D,CC,OD,D
15:13:52,UNVR,RG,4210,25,D,YP,OD,D
15:13:38,UNVR,RG,4210,50,D,XC,OD,D
15:13:22,UNVR,RG,4210,1,D,LS,OD,D
15:13:15,UNVR,RG,4210,1,D,XC,OD,D
15:13:13,UNVR,RG,4210,1,D,XC,OD,D
15:13:09,UNVR,RG,4210,11,D,YP,OD,D
15:13:09,UNVR,RG,4210,1,D,HP,OD,D
15:13:06,UNVR,RG,4210,1,D,XC,OD,D
15:13:03,UNVR,RG,4210,2,D,OD,OD,D
15:13:02,UNVR,RG,4210,200,D,CP,OD,D
15:12:50,UNVR,RG,4210,75,D,EP,OD,D
15:12:50,UNVR,RG,4210,20,D,PD,OD,D
15:12:35,UNVR,RG,4210,1,D,XC,OD,D
15:12:34,UNVR,RG,4210,14,D,XC,OD,D
15:12:31,UNVR,RG,4210,10,D,PD,OD,D
15:12:30,UNVR,RG,4210,1,D,XC,OD,D
15:12:26,UNVR,RG,4210,1,D,XC,OD,D
15:12:24,UNVR,RG,4210,15,D,YU,OD,D
15:12:22,UNVR,RG,4210,3,D,XC,OD,D
15:12:11,UNVR,RG,4210,1,D,NI,OD,D
15:11:58,UNVR,RG,4210,15,D,YU,OD,D
15:11:51,UNVR,RG,4210,1,D,YP,OD,D
15:11:48,UNVR,RG,4210,1,D,PD,OD,D
15:11:44,UNVR,RG,4210,13,D,YP,OD,D
15:11:31,UNVR,RG,4210,100,D,CC,OD,D
15:11:14,UNVR,RG,4210,1,D,XC,OD,D
15:10:42,UNVR,RG,4210,100,D,CC,OD,D
15:10:40,UNVR,RG,4210,1500,D,SQ,OD,D
15:10:39,UNVR,RG,4210,10,D,SQ,OD,D
15:10:38,UNVR,RG,4210,5,D,DH,OD,D
15:10:30,UNVR,RG,4210,3,D,PD,OD,D
15:10:26,UNVR,RG,4210,5,D,XC,OD,D
15:10:23,UNVR,RG,4210,2,D,PD,OD,D
15:10:12,UNVR,RG,4210,1,D,NI,OD,D
15:10:09,UNVR,RG,4210,5,D,YP,OD,D
15:10:02,UNVR,RG,4210,1,D,CC,OD,D
15:10:01,UNVR,RG,4210,4,D,XL,OD,D
15:09:58,UNVR,RG,4210,6,D,NI,OD,D
15:09:51,UNVR,RG,4210,1,D,XC,OD,D
15:09:49,UNVR,RG,4210,2,D,NI,OD,D
15:09:33,UNVR,RG,4210,210,D,OK,OD,D
15:09:31,UNVR,RG,4210,10,D,PD,OD,D
15:09:27,UNVR,RG,4210,1,D,EP,OD,D
15:09:19,UNVR,RG,4210,3,D,ZP,OD,D
15:09:18,UNVR,RG,4210,1,D,XC,OD,D
15:09:12,UNVR,RG,4210,1,D,XC,OD,D
15:08:55,UNVR,RG,4210,1,D,KK,OD,D
15:08:54,UNVR,RG,4210,5,D,XC,OD,D
15:08:45,UNVR,RG,4210,10,D,DH,OD,D
15:08:34,UNVR,RG,4210,1,D,YP,OD,D
15:08:14,UNVR,RG,4210,2,D,XC,OD,D
15:08:05,UNVR,RG,4210,2,D,YP,OD,D
15:07:51,UNVR,RG,4210,5,D,YP,OD,D
15:07:37,UNVR,RG,4210,10,D,CC,OD,D
15:07:35,UNVR,RG,4210,20,D,YP,OD,D
15:07:32,UNVR,RG,4210,2,D,NI,OD,D
15:07:26,UNVR,RG,4210,5,D,HP,OD,D
15:07:21,UNVR,RG,4210,1,D,PD,OD,D
15:07:08,UNVR,RG,4210,11,D,PD,OD,D
15:07:07,UNVR,RG,4210,20,D,YP,OD,D
15:07:04,UNVR,RG,4210,10,D,PD,OD,D
15:06:48,UNVR,RG,4210,25,D,DH,OD,D
15:06:45,UNVR,RG,4210,2,D,PD,OD,D
15:06:35,UNVR,RG,4210,1,D,PD,OD,D
15:06:35,UNVR,RG,4210,10,D,KK,OD,D
15:06:32,UNVR,RG,4210,10,D,SQ,OD,D
15:06:29,UNVR,RG,4210,948,D,CC,OD,D
15:06:29,UNVR,RG,4210,52,D,CC,CS,F
15:06:17,UNVR,RG,4210,1,D,PD,CS,F
15:06:13,UNVR,RG,4210,10,D,YP,CS,F
15:06:10,UNVR,RG,4210,10,D,YP,CS,F
15:06:00,UNVR,RG,4210,50,D,DH,CS,F
15:05:54,UNVR,RG,4210,2,D,YP,CS,F
15:05:52,UNVR,RG,4210,50,D,YP,CS,F
15:05:45,UNVR,RG,4210,2,D,PD,CS,F
15:05:13,UNVR,RG,4210,1,D,YP,CS,F
15:05:05,UNVR,RG,4210,1,D,OD,CS,F
15:05:04,UNVR,RG,4210,10,D,IP,CS,F
15:04:54,UNVR,RG,4210,1,D,PD,CS,F
15:04:48,UNVR,RG,4210,1,D,TP,CS,F
15:04:45,UNVR,RG,4210,1,D,HD,CS,F
15:04:40,UNVR,RG,4210,1,D,YP,CS,F
15:04:40,UNVR,RG,4210,11,D,DH,CS,F
15:04:32,UNVR,RG,4210,25,D,PD,CS,F
15:04:31,UNVR,RG,4210,1,D,PD,CS,F
15:04:30,UNVR,RG,4210,20,D,KK,CS,F
15:04:28,UNVR,RG,4210,9,D,PD,CS,F
15:04:28,UNVR,RG,4210,2,D,DR,CS,F
15:04:25,UNVR,RG,4210,30,D,YP,CS,F
15:04:11,UNVR,RG,4210,2000,D,YP,CS,F
15:04:08,UNVR,RG,4210,6,D,KK,CS,F
15:04:05,UNVR,RG,4210,140,D,YU,CS,F
15:04:05,UNVR,RG,4210,60,D,YU,CS,F
15:03:55,UNVR,RG,4210,25,D,YP,CS,F
15:03:49,UNVR,RG,4210,1,D,YP,CS,F
15:03:46,UNVR,RG,4210,100,D,EP,CS,F
15:03:37,UNVR,RG,4210,1,D,YP,CS,F
15:03:22,UNVR,RG,4210,1,D,CC,CS,F
15:03:18,UNVR,RG,4210,1,D,PD,CS,F
15:03:17,UNVR,RG,4210,1,D,PD,CS,F
15:02:44,UNVR,RG,4210,5,D,EP,CS,F
15:02:40,UNVR,RG,4210,20,D,YP,CS,F
15:02:40,UNVR,RG,4210,1,D,OD,CS,F
15:02:28,UNVR,RG,4210,100,D,XA,CS,F
15:02:16,UNVR,RG,4210,1,D,PD,CS,F
15:02:10,UNVR,RG,4210,20,D,LS,CS,F
15:02:07,UNVR,RG,4210,377,D,YP,CS,F
15:01:51,UNVR,RG,4210,2,D,XC,CS,F
15:01:49,UNVR,RG,4210,10,D,NI,CS,F
15:01:49,UNVR,RG,4210,1,D,GR,CS,F
15:01:48,UNVR,RG,4210,100,D,XA,CS,F
15:01:45,UNVR,RG,4210,100,D,TP,CS,F
15:01:34,UNVR,RG,4210,1,D,YP,CS,F
15:01:11,UNVR,RG,4210,10,D,NI,CS,F
15:01:04,UNVR,RG,4210,13,D,CP,CS,F
15:01:00,UNVR,RG,4210,1,D,XA,CS,F
15:01:00,UNVR,RG,4210,1,D,XC,CS,F
15:01:00,UNVR,RG,4210,10,D,NI,CS,F
15:01:00,UNVR,RG,4210,50,D,MK,CS,F
15:01:00,UNVR,RG,4210,5,D,NI,CS,F
15:01:00,UNVR,RG,4210,1,D,CC,CS,F
15:01:00,UNVR,RG,4210,2,D,LG,CS,F
15:01:00,UNVR,RG,4210,200,D,CP,CS,F
15:01:00,UNVR,RG,4210,2,F,YP,CS,F
15:01:00,UNVR,RG,4210,20,D,GR,CS,F
15:01:00,UNVR,RG,4210,1,D,YP,CS,F
15:01:00,UNVR,RG,4210,60,D,AZ,CS,F
15:01:00,UNVR,RG,4210,3,D,PD,CS,F
15:01:00,UNVR,RG,4210,5,D,DH,CS,F
15:01:00,UNVR,RG,4210,120,D,KK,CS,F
15:01:00,UNVR,RG,4210,10,D,KK,CS,F
15:01:00,UNVR,RG,4210,1,D,PD,CS,F
15:01:00,UNVR,RG,4210,100,D,YJ,CS,F
15:01:00,UNVR,RG,4210,358,D,DH,CS,F
15:01:00,UNVR,RG,4210,1,D,CP,CS,F
15:01:00,UNVR,RG,4210,17,D,YP,CS,F
15:01:00,UNVR,RG,4210,10,D,PD,CS,F
15:01:00,UNVR,RG,4210,50,D,YP,CS,F
15:01:00,UNVR,RG,4210,10,D,SH,CS,F
15:01:00,UNVR,RG,4210,80,D,LG,CS,F
15:01:00,UNVR,RG,4210,1,D,NI,CS,F
15:01:00,UNVR,RG,4210,2,D,HP,CS,F
15:01:00,UNVR,RG,4210,100,D,XA,CS,F
15:01:00,UNVR,RG,4210,1,D,XC,CS,F
15:01:00,UNVR,RG,4210,48,D,YJ,CS,F
15:01:00,UNVR,RG,4210,4,D,YP,CS,F
15:01:00,UNVR,RG,4210,10,D,PD,CS,F
15:01:00,UNVR,RG,4210,2,D,PD,CS,F
15:01:00,UNVR,RG,4210,7,D,LS,CS,F
15:01:00,UNVR,RG,4210,65,D,SQ,CS,F
15:00:00,UNVR,RG,4210,1,D,SQ,XC,D
15:00:00,UNVR,RG,4210,5,D,SQ,YB,D
15:00:00,UNVR,RG,4210,15,D,SQ,NI,D
15:00:00,UNVR,RG,4210,5,D,SQ,NI,D
15:00:00,UNVR,RG,4210,7,D,SQ,NI,D
15:00:00,UNVR,RG,4210,2,D,SQ,KK,D
15:00:00,UNVR,RG,4210,35,D,SQ,AZ,D
15:00:00,UNVR,RG,4210,4,D,SQ,CC,D
15:00:00,UNVR,RG,4210,2,D,SQ,XC,D
15:00:00,UNVR,RG,4210,1,D,SQ,XC,D
15:00:00,UNVR,RG,4210,3,D,SQ,XC,D
15:00:00,UNVR,RG,4210,55,D,SQ,OD,D
15:00:00,UNVR,RG,4210,30,D,AT,OD,D
15:00:00,UNVR,RG,4210,10,D,PD,OD,D
15:00:00,UNVR,RG,4210,1,D,XC,OD,D
15:00:00,UNVR,RG,4210,1,D,NI,OD,D
15:00:00,UNVR,RG,4210,3,D,OD,OD,D
15:00:00,UNVR,RG,4210,1,D,PD,OD,D
15:00:00,UNVR,RG,4210,20,D,XL,OD,D
15:00:00,UNVR,RG,4210,30,D,DH,OD,D
15:00:00,UNVR,RG,4210,20,D,YP,OD,D
15:00:00,UNVR,RG,4210,1,D,YP,OD,D
15:00:00,UNVR,RG,4210,2,D,TP,OD,D
15:00:00,UNVR,RG,4210,5,D,SQ,OD,D
15:00:00,UNVR,RG,4210,1,D,PD,OD,D
15:00:00,UNVR,RG,4210,1,D,YP,OD,D
15:00:00,UNVR,RG,4210,2,D,NI,OD,D
15:00:00,UNVR,RG,4210,4,D,GR,OD,D
15:00:00,UNVR,RG,4210,500,D,YJ,OD,D
15:00:00,UNVR,RG,4210,10,D,PD,OD,D
15:00:00,UNVR,RG,4210,175,D,DD,OD,D
15:00:00,UNVR,RG,4210,1,D,PD,OD,D
15:00:00,UNVR,RG,4210,23,D,YP,OD,D
15:00:00,UNVR,RG,4210,50,D,YP,OD,D
15:00:00,UNVR,RG,4210,15,D,NI,OD,D
15:00:00,UNVR,RG,4210,2,D,PD,OD,D
15:00:00,UNVR,RG,4210,37,D,DD,OD,D
15:00:00,UNVR,RG,4210,4,D,DD,EP,D
15:00:00,UNVR,RG,4210,6,D,DD,CC,D
15:00:00,UNVR,RG,4210,1,D,DD,PD,D
15:00:00,UNVR,RG,4210,5,D,DD,NI,D
15:00:00,UNVR,RG,4210,5,D,DD,NI,D
15:00:00,UNVR,RG,4210,112,D,DD,CC,D
15:00:00,UNVR,RG,4210,100,D,YP,CC,D
15:00:00,UNVR,RG,4210,1,D,YP,CC,D
15:00:00,UNVR,RG,4210,5,D,YP,CC,D
15:00:00,UNVR,RG,4210,1,D,SQ,CC,D
15:00:00,UNVR,RG,4210,20,D,CP,CC,D
15:00:00,UNVR,RG,4210,10,D,EP,CC,D
15:00:00,UNVR,RG,4210,50,D,XA,CC,D
15:00:00,UNVR,RG,4210,1,D,XA,CC,D
15:00:00,UNVR,RG,4210,49,D,XA,HP,D
15:00:00,UNVR,RG,4210,3,D,KK,HP,D
15:00:00,UNVR,RG,4210,1,D,YP,HP,D
15:00:00,UNVR,RG,4210,147,F,BK,HP,D
15:00:00,UNVR,RG,4210,20,F,BK,YP,D
15:00:00,UNVR,RG,4210,5,F,BK,YP,D
15:00:00,UNVR,RG,4210,9,F,BK,OD,D
15:00:00,UNVR,RG,4210,7,F,BK,AG,D
15:00:00,UNVR,RG,4210,1,F,BK,PD,D
15:00:00,UNVR,RG,4210,1,F,BK,PD,D
15:00:00,UNVR,RG,4210,145,F,BK,EP,D
15:00:00,UNVR,RG,4210,328,F,ZP,EP,D
15:00:00,UNVR,RG,4210,1027,F,ZP,EP,D
15:00:00,UNVR,RG,4210,248,F,ZP,YP,D
15:00:00,UNVR,RG,4210,49,F,ZP,PD,D
15:00:00,UNVR,RG,4210,290,F,ZP,SQ,D
15:00:00,UNVR,RG,4210,100,F,ZP,CC,D
15:00:00,UNVR,RG,4210,452,F,ZP,YU,D
15:00:00,UNVR,RG,4210,500,F,ZP,TP,D
15:00:00,UNVR,RG,4210,500,F,ZP,YU,D
15:00:00,UNVR,RG,4210,5,F,ZP,KK,D
15:00:00,UNVR,RG,4210,25,F,ZP,YU,F
15:00:00,UNVR,RG,4210,1,F,ZP,ZP,F
15:00:00,UNVR,RG,4210,117,F,ZP,ZP,F
15:00:00,UNVR,RG,4210,230,F,ZP,ZP,F
15:00:00,UNVR,RG,4210,267,F,ZP,DX,F
15:00:00,UNVR,RG,4210,387,F,ZP,BK,F
15:00:00,UNVR,RG,4210,20,F,ZP,BK,F
15:00:00,UNVR,RG,4210,8,F,ZP,BK,F
15:00:00,UNVR,RG,4210,78,F,ZP,BK,F
15:00:00,UNVR,RG,4210,24,F,ZP,FS,F
15:00:00,UNVR,RG,4210,269,F,ZP,AK,F
15:00:00,UNVR,RG,4210,643,F,CS,AK,F
15:00:00,UNVR,RG,4210,51,F,CS,AK,F
15:00:00,UNVR,RG,4210,250,F,CS,AK,F
15:00:00,UNVR,RG,4210,73,F,CS,AK,F
15:00:00,UNVR,RG,4210,22,F,CS,AK,F
15:00:00,UNVR,RG,4210,5,F,AK,AK,F
15:00:00,UNVR,RG,4210,11,F,AK,AK,F
15:00:00,UNVR,RG,4210,837,F,AK,AK,F
15:00:00,UNVR,RG,4210,306,F,AK,BB,F
15:00:00,UNVR,RG,4210,1,F,AK,AK,F
15:00:00,UNVR,RG,4210,17,F,AK,AK,F
15:00:00,UNVR,RG,4210,2,F,AK,AK,F
15:00:00,UNVR,RG,4210,17,F,AK,YU,D
15:00:00,UNVR,RG,4210,2028,F,AK,CC,F
15:00:00,UNVR,RG,4210,25,F,AK,CC,F
15:00:00,UNVR,RG,4210,11,F,AK,CC,F
15:00:00,UNVR,RG,4210,98,F,ZP,CC,F
15:00:00,UNVR,RG,4210,600,D,BB,CC,F
15:00:00,UNVR,RG,4210,1730,F,DP,CC,F
15:00:00,UNVR,RG,4210,91,D,DR,CC,F
15:00:00,UNVR,RG,4210,561,D,LG,CC,F
15:00:00,UNVR,RG,4210,349,D,LG,CC,F
14:49:59,UNVR,RG,4200,1,D,SQ,AK,F
14:49:59,UNVR,RG,4200,5,D,SQ,BB,D
14:49:59,UNVR,RG,4200,10,D,SQ,BB,D
14:49:59,UNVR,RG,4210,1,F,AK,YU,D
14:49:58,UNVR,RG,4210,3,D,PD,YU,D
14:49:58,UNVR,RG,4200,1,D,SQ,BB,D
14:49:58,UNVR,RG,4200,1,D,SQ,BB,D
14:49:58,UNVR,RG,4200,35,D,SQ,LG,D
14:49:58,UNVR,RG,4200,1,D,SQ,AK,F
14:49:58,UNVR,RG,4200,1,D,SQ,AK,F
14:49:57,UNVR,RG,4200,1,D,SQ,BB,D
14:49:57,UNVR,RG,4200,1,D,SQ,ZP,F
14:49:57,UNVR,RG,4200,1,D,SQ,BB,D
14:49:56,UNVR,RG,4200,5,D,SQ,BB,D
14:49:56,UNVR,RG,4200,1,D,SQ,ZP,F
14:49:56,UNVR,RG,4200,1,D,SQ,BB,D
14:49:56,UNVR,RG,4200,1,D,SQ,BB,D
14:49:56,UNVR,RG,4200,1,D,SQ,BB,D
14:49:55,UNVR,RG,4200,1,D,SQ,BB,D
14:49:55,UNVR,RG,4200,2,D,SQ,BB,D
14:49:55,UNVR,RG,4200,8,D,SQ,AK,F
14:49:55,UNVR,RG,4200,4,D,SQ,BB,D
14:49:55,UNVR,RG,4200,5,D,SQ,AK,F
14:49:55,UNVR,RG,4210,1,F,AK,YU,D
14:49:55,UNVR,RG,4200,1,D,SQ,AK,F
14:49:54,UNVR,RG,4200,3,D,SQ,BB,D
14:49:54,UNVR,RG,4200,4,D,SQ,BB,D
14:49:53,UNVR,RG,4210,20,D,DX,YU,D
14:49:52,UNVR,RG,4200,5,D,SQ,AK,F
14:49:52,UNVR,RG,4200,9,D,SQ,XC,D
14:49:52,UNVR,RG,4200,2,D,SQ,BB,D
14:49:52,UNVR,RG,4200,2,D,SQ,ZP,F
14:49:52,UNVR,RG,4200,1,D,SQ,BB,D
14:49:52,UNVR,RG,4200,1,D,SQ,BB,D
14:49:51,UNVR,RG,4200,3,D,SQ,ZP,F
14:49:51,UNVR,RG,4200,1,D,SQ,ZP,F
14:49:51,UNVR,RG,4200,3,D,SQ,BB,D
14:49:50,UNVR,RG,4200,5,D,SQ,BB,D
14:49:50,UNVR,RG,4200,1,D,SQ,ZP,F
14:49:50,UNVR,RG,4200,1,D,SQ,BB,D
14:49:49,UNVR,RG,4210,10,D,RG,YU,D
14:49:49,UNVR,RG,4200,28,D,SQ,BB,D
14:49:47,UNVR,RG,4200,7,D,SQ,BB,D
14:49:47,UNVR,RG,4200,10,D,SQ,BB,D
14:49:47,UNVR,RG,4200,7,D,SQ,BB,D
14:49:46,UNVR,RG,4200,3,D,SQ,BB,D
14:49:46,UNVR,RG,4200,2,D,SQ,BB,D
14:49:46,UNVR,RG,4200,46,D,SQ,CC,F
14:49:45,UNVR,RG,4200,2,D,SQ,BB,D
14:49:45,UNVR,RG,4200,73,D,SQ,CC,F
14:49:45,UNVR,RG,4200,1,D,SQ,ZP,F
14:49:44,UNVR,RG,4200,6,D,SQ,BB,D
14:49:44,UNVR,RG,4200,3,D,SQ,BB,D
14:49:44,UNVR,RG,4200,2,D,SQ,BB,D
14:49:44,UNVR,RG,4200,7,D,SQ,CC,F
14:49:43,UNVR,RG,4200,15,D,SQ,BB,D
14:49:43,UNVR,RG,4200,8,D,SQ,CC,F
14:49:42,UNVR,RG,4210,4,D,PD,YU,D
14:49:42,UNVR,RG,4200,8,D,SQ,BB,D
14:49:42,UNVR,RG,4200,6,D,SQ,BB,D
14:49:42,UNVR,RG,4200,7,D,SQ,CC,F
14:49:41,UNVR,RG,4200,6,D,SQ,ZP,F
14:49:41,UNVR,RG,4200,12,D,SQ,BB,D
14:49:41,UNVR,RG,4200,52,D,SQ,CC,F
14:49:41,UNVR,RG,4200,1,D,SQ,BB,D
14:49:40,UNVR,RG,4210,9,D,CP,YU,D
14:49:40,UNVR,RG,4210,38,D,CP,AK,F
14:49:40,UNVR,RG,4200,1,D,SQ,BB,D
14:49:38,UNVR,RG,4200,2,D,SQ,BB,D
14:49:37,UNVR,RG,4200,2,D,SQ,BB,D
14:49:36,UNVR,RG,4200,18,D,SQ,BB,D
14:49:36,UNVR,RG,4200,10,D,SQ,BB,D
14:49:35,UNVR,RG,4200,1,D,SQ,BB,D
14:49:34,UNVR,RG,4200,1,D,SQ,BB,D
14:49:34,UNVR,RG,4200,58,D,SQ,CC,F
14:49:34,UNVR,RG,4200,2,D,SQ,ZP,F
14:49:34,UNVR,RG,4200,6,D,SQ,BB,D
14:49:34,UNVR,RG,4210,3,D,NI,AK,F
14:49:33,UNVR,RG,4200,4,D,SQ,BB,D
14:49:33,UNVR,RG,4200,2,D,SQ,ZP,F
14:49:33,UNVR,RG,4200,6,D,SQ,BB,D
14:49:32,UNVR,RG,4200,19,D,SQ,ZP,F
14:49:32,UNVR,RG,4200,3,D,SQ,BB,D
14:49:32,UNVR,RG,4200,5,D,SQ,BB,D
14:49:32,UNVR,RG,4200,12,D,SQ,BB,D
14:49:31,UNVR,RG,4210,3,D,GR,AK,F
14:49:31,UNVR,RG,4210,1,D,YP,AK,F
14:49:31,UNVR,RG,4210,1,D,OD,AK,F
14:49:31,UNVR,RG,4210,25,D,YP,AK,F
14:49:31,UNVR,RG,4210,14,D,YP,AK,F
14:49:30,UNVR,RG,4210,3,D,YP,ZP,F
14:49:30,UNVR,RG,4210,4,D,YP,AK,F
14:49:30,UNVR,RG,4210,2,D,YP,AK,F
14:49:30,UNVR,RG,4210,1,D,YP,BB,D
14:49:30,UNVR,RG,4210,1,D,YP,BB,D
14:49:30,UNVR,RG,4220,11,F,YU,CS,F
14:49:30,UNVR,RG,4210,1,F,YU,BK,F
14:49:28,UNVR,RG,4210,4,F,YU,BB,D
14:49:28,UNVR,RG,4210,6,D,PD,BB,D
14:49:28,UNVR,RG,4210,4,D,PD,BB,D
14:49:28,UNVR,RG,4210,1,D,NI,BB,D
14:49:27,UNVR,RG,4210,1,D,NI,BB,D
14:49:26,UNVR,RG,4210,37,D,NI,CC,F
14:49:26,UNVR,RG,4210,1,D,NI,BB,D
14:49:25,UNVR,RG,4210,2,D,NI,CC,D
14:49:25,UNVR,RG,4210,2,D,NI,BB,D
14:49:25,UNVR,RG,4210,4,D,NI,BB,D
14:49:24,UNVR,RG,4210,1,D,NI,BB,D
14:49:23,UNVR,RG,4210,1,D,NI,BB,D
14:49:23,UNVR,RG,4210,1,D,TP,BB,D
14:49:23,UNVR,RG,4210,2,D,XC,BB,D
14:49:23,UNVR,RG,4210,1,D,YP,BB,D
14:49:23,UNVR,RG,4210,2,D,YP,BB,D
14:49:23,UNVR,RG,4210,3,D,YP,BB,D
14:49:23,UNVR,RG,4210,10,D,YJ,BB,D
14:49:22,UNVR,RG,4210,10,D,YJ,AZ,D
14:49:21,UNVR,RG,4210,4,D,YJ,ZP,D
14:49:21,UNVR,RG,4210,1,D,YJ,BB,D
14:49:21,UNVR,RG,4210,42,D,YJ,CC,F
14:49:21,UNVR,RG,4210,2,D,YJ,BB,D
14:49:21,UNVR,RG,4210,2,D,YJ,BB,D
14:49:20,UNVR,RG,4210,3,D,YJ,BB,D
14:49:20,UNVR,RG,4210,5,D,YJ,BB,D
14:49:19,UNVR,RG,4210,7,D,YJ,BB,D
14:49:19,UNVR,RG,4210,4,D,YJ,BB,D
14:49:18,UNVR,RG,4210,10,D,YJ,BB,D
14:49:18,UNVR,RG,4210,7,D,SQ,BB,D
14:49:18,UNVR,RG,4210,3,D,SQ,BB,D
14:49:18,UNVR,RG,4210,1,F,AK,BB,D
14:49:18,UNVR,RG,4210,1,D,YP,BB,D
14:49:18,UNVR,RG,4210,6,F,YU,BB,D
14:49:17,UNVR,RG,4210,5,F,YU,ZP,F
14:49:17,UNVR,RG,4210,19,F,YU,CC,F
14:49:17,UNVR,RG,4210,1,D,YP,CC,F
14:49:17,UNVR,RG,4210,3,D,SQ,CC,F
14:49:17,UNVR,RG,4210,10,D,AG,CC,F
14:49:17,UNVR,RG,4210,2,D,CD,CC,F
14:49:17,UNVR,RG,4210,3,D,CC,CC,F
14:49:17,UNVR,RG,4210,1,D,CC,BB,D
14:49:16,UNVR,RG,4210,11,D,CC,AK,F
14:49:16,UNVR,RG,4210,1,D,XC,AK,F
14:49:16,UNVR,RG,4210,30,D,DR,AK,F
14:49:16,UNVR,RG,4210,24,D,DR,AK,F
14:49:16,UNVR,RG,4210,19,D,DR,BB,D
14:49:15,UNVR,RG,4210,1,D,DR,SQ,D
14:49:14,UNVR,RG,4210,26,D,DR,BB,D
14:49:14,UNVR,RG,4210,15,D,SQ,BB,D
14:49:14,UNVR,RG,4210,10,D,OD,BB,D
14:49:14,UNVR,RG,4210,23,D,YP,BB,D
14:49:12,UNVR,RG,4210,5,D,YP,BB,D
14:49:12,UNVR,RG,4210,8,D,YP,BB,D
14:49:11,UNVR,RG,4210,4,D,YP,BB,F
14:49:11,UNVR,RG,4210,10,D,YP,BB,D
14:49:11,UNVR,RG,4210,7,D,GR,BB,D
14:49:10,UNVR,RG,4210,46,D,GR,CC,F
14:49:10,UNVR,RG,4220,2,D,BB,CS,F
14:49:09,UNVR,RG,4210,1,D,GR,BB,D
14:49:09,UNVR,RG,4220,12,D,BB,CS,F
14:49:09,UNVR,RG,4210,9,D,GR,BB,F
14:49:09,UNVR,RG,4210,46,D,GR,BB,D
14:49:08,UNVR,RG,4210,1,D,GR,BB,D
14:49:07,UNVR,RG,4210,2,D,GR,AK,F
14:49:07,UNVR,RG,4210,88,D,GR,BB,D
14:49:07,UNVR,RG,4210,25,D,KK,BB,D
14:49:07,UNVR,RG,4210,10,D,YP,BB,D
14:49:07,UNVR,RG,4210,18,D,YP,BB,D
14:49:07,UNVR,RG,4210,10,D,PD,BB,D
14:49:03,UNVR,RG,4210,48,D,PD,CC,F
14:49:03,UNVR,RG,4210,2,D,PD,BB,F
14:49:02,UNVR,RG,4220,2,F,BK,CS,F
14:49:02,UNVR,RG,4220,1,F,BK,YP,D
14:49:00,UNVR,RG,4210,3,D,PD,BK,F
14:49:00,UNVR,RG,4210,1,D,PD,ZP,F
14:49:00,UNVR,RG,4220,1,F,AK,YP,D
14:48:59,UNVR,RG,4220,7,F,DX,YP,D
14:48:59,UNVR,RG,4220,6,F,DX,PD,D
14:48:59,UNVR,RG,4220,8,F,DX,KK,D
14:48:59,UNVR,RG,4210,28,D,PD,ZP,F
14:48:59,UNVR,RG,4210,12,D,PD,BB,D
14:48:59,UNVR,RG,4210,5,D,PD,BB,D
14:48:58,UNVR,RG,4210,18,D,PD,ZP,F
14:48:58,UNVR,RG,4210,16,D,PD,ZP,F
14:48:58,UNVR,RG,4210,8,D,PD,ZP,F
14:48:58,UNVR,RG,4210,11,D,PD,BB,D
14:48:58,UNVR,RG,4210,4,D,PD,BB,F
14:48:58,UNVR,RG,4210,22,D,PD,BB,D
14:48:57,UNVR,RG,4210,58,D,PD,CC,F
14:48:57,UNVR,RG,4210,2,D,PD,DR,D
14:48:44,UNVR,RG,4210,42,D,PD,CC,F
14:48:42,UNVR,RG,4210,37,D,PD,BB,D
14:48:39,UNVR,RG,4210,16,D,PD,BB,D
14:48:39,UNVR,RG,4210,2,D,PD,BB,F
14:48:39,UNVR,RG,4210,28,D,PD,ZP,F
14:48:39,UNVR,RG,4210,8,D,PD,ZP,F
14:48:38,UNVR,RG,4210,19,D,PD,CC,F
14:48:38,UNVR,RG,4210,4,D,AT,CC,F
14:48:38,UNVR,RG,4210,25,D,YU,CC,F
14:48:30,UNVR,RG,4210,25,D,YU,BB,D
14:48:30,UNVR,RG,4210,4,D,GR,BB,D
14:48:30,UNVR,RG,4210,1,F,AK,BB,D
14:48:30,UNVR,RG,4210,10,D,NI,BB,D
14:48:30,UNVR,RG,4210,1,D,PD,BB,D
14:48:30,UNVR,RG,4210,5,D,CC,BB,D
14:48:30,UNVR,RG,4210,25,D,YP,BB,D
14:48:30,UNVR,RG,4210,49,D,YP,CC,F
14:48:28,UNVR,RG,4210,10,D,YP,BB,D
14:48:26,UNVR,RG,4210,2,D,YP,BB,F
14:48:26,UNVR,RG,4210,69,D,YP,CC,F
14:48:26,UNVR,RG,4210,30,D,YP,AZ,D
14:48:22,UNVR,RG,4220,12,D,YU,KK,D
14:48:22,UNVR,RG,4220,3,D,YU,OD,D
14:48:22,UNVR,RG,4220,2,D,YU,XC,D
14:48:22,UNVR,RG,4220,13,D,YU,CC,D
14:48:22,UNVR,RG,4220,11,D,YU,XC,D
14:48:22,UNVR,RG,4220,2,D,YU,DH,D
14:48:22,UNVR,RG,4220,1,D,YU,SQ,D
14:48:22,UNVR,RG,4220,1,D,YU,XC,D
14:48:22,UNVR,RG,4220,5,D,YU,YP,D
14:48:22,UNVR,RG,4220,8,D,YU,KK,D
14:48:22,UNVR,RG,4220,1,D,YU,OD,D
14:48:22,UNVR,RG,4220,1,D,YU,OD,D
14:48:22,UNVR,RG,4220,25,D,YU,BB,D
14:48:22,UNVR,RG,4220,1,D,YU,NI,D
14:48:22,UNVR,RG,4220,61,D,YU,AK,F
14:48:22,UNVR,RG,4220,3,D,YU,DR,D
14:48:20,UNVR,RG,4210,35,D,YP,BB,D
14:48:20,UNVR,RG,4210,19,D,YP,BB,D
14:48:17,UNVR,RG,4210,3,D,YP,BB,F
14:48:13,UNVR,RG,4210,29,D,YP,ZP,F
14:48:12,UNVR,RG,4210,29,D,YP,CC,F
14:48:12,UNVR,RG,4210,18,F,YU,CC,F
14:48:12,UNVR,RG,4210,1,F,AK,CC,F
14:48:12,UNVR,RG,4210,5,D,CC,CC,F
14:48:12,UNVR,RG,4210,5,D,CC,CC,F
14:48:10,UNVR,RG,4210,13,D,CC,KK,D
14:48:10,UNVR,RG,4210,12,D,CC,BK,F
14:48:07,UNVR,RG,4210,13,D,CC,BB,D
14:48:07,UNVR,RG,4210,5,D,EP,BB,D
14:48:07,UNVR,RG,4210,1,D,LG,BB,D
14:48:07,UNVR,RG,4210,1,D,YP,BB,D
14:48:07,UNVR,RG,4210,2,D,YP,BB,F
14:48:07,UNVR,RG,4210,12,D,PD,BB,D
14:48:07,UNVR,RG,4210,1,F,AK,BB,D
14:48:07,UNVR,RG,4210,1,F,AK,BB,D
14:48:07,UNVR,RG,4210,4,D,NI,BB,D
14:48:07,UNVR,RG,4210,1,D,NI,NI,D
14:48:07,UNVR,RG,4210,2,D,SQ,NI,D
14:48:03,UNVR,RG,4210,48,D,SQ,CC,F
14:48:03,UNVR,RG,4210,15,D,MG,CC,F
14:48:03,UNVR,RG,4220,2,D,PD,DR,D
14:47:59,UNVR,RG,4210,15,D,MG,BB,D
14:47:59,UNVR,RG,4210,78,D,MG,BB,D
14:47:57,UNVR,RG,4210,5,D,MG,BB,F
14:47:56,UNVR,RG,4210,77,D,MG,CC,F
14:47:55,UNVR,RG,4220,1,D,AT,DR,D
14:47:52,UNVR,RG,4220,5,D,XC,XC,D
14:47:46,UNVR,RG,4210,2,D,MG,XC,D
14:47:45,UNVR,RG,4210,32,D,MG,BB,D
14:47:44,UNVR,RG,4210,15,D,MG,BB,D
14:47:44,UNVR,RG,4210,90,D,MG,CC,F
14:47:43,UNVR,RG,4210,100,D,MG,CP,D
14:47:39,UNVR,RG,4210,1,D,MG,BB,D
14:47:39,UNVR,RG,4210,11,D,MG,ZP,F
14:47:39,UNVR,RG,4210,44,D,MG,ZP,F
14:47:36,UNVR,RG,4210,1,D,MG,BB,D
14:47:34,UNVR,RG,4210,4,D,MG,BB,F
14:47:28,UNVR,RG,4210,1,D,MG,BB,D
14:47:24,UNVR,RG,4210,1,D,MG,BB,D
14:47:15,UNVR,RG,4210,4,D,MG,BB,F
14:47:13,UNVR,RG,4210,1,D,MG,BB,D
14:47:09,UNVR,RG,4210,2,D,MG,PD,D
14:47:05,UNVR,RG,4210,1,D,MG,XC,D
14:47:05,UNVR,RG,4210,4,F,YU,XC,D
14:46:56,UNVR,RG,4210,1,F,YU,BB,D
14:46:56,UNVR,RG,4210,4,F,YU,BB,F
14:46:43,UNVR,RG,4220,1,D,PD,XC,D
14:46:43,UNVR,RG,4220,1,D,PD,NI,D
14:46:43,UNVR,RG,4220,1,D,PD,XC,D
14:46:37,UNVR,RG,4210,1,F,YU,BB,D
14:46:35,UNVR,RG,4210,1,F,YU,PD,D
14:46:32,UNVR,RG,4210,4,F,YU,BB,D
14:46:31,UNVR,RG,4210,1,F,AK,BB,D
14:46:31,UNVR,RG,4210,10,D,YP,BB,D
14:46:31,UNVR,RG,4210,1,F,YU,BB,D
14:46:28,UNVR,RG,4210,5,F,YU,YP,D
14:46:22,UNVR,RG,4210,34,F,AK,CC,F
14:46:22,UNVR,RG,4210,10,F,AK,YP,D
14:46:22,UNVR,RG,4210,18,F,AK,CC,F
14:46:21,UNVR,RG,4210,4,D,ES,CC,F
14:46:21,UNVR,RG,4210,4,D,ES,BB,F
14:46:21,UNVR,RG,4210,25,D,ES,CC,F
14:46:21,UNVR,RG,4210,35,D,ES,CC,F
14:46:21,UNVR,RG,4210,9,D,ES,CP,D
14:46:21,UNVR,RG,4210,9,D,ES,BB,D
14:46:21,UNVR,RG,4210,5,D,ES,BB,D
14:46:21,UNVR,RG,4210,9,D,ES,CC,F
14:46:21,UNVR,RG,4200,4,D,SQ,BB,D
14:46:17,UNVR,RG,4210,4,D,PD,CC,F
14:46:15,UNVR,RG,4200,19,D,SQ,CC,D
14:46:15,UNVR,RG,4210,2,D,YB,CC,F
14:46:09,UNVR,RG,4200,15,D,SQ,BB,D
14:46:07,UNVR,RG,4210,1,D,XC,CC,F
14:46:06,UNVR,RG,4210,2,D,YB,CC,F
14:46:03,UNVR,RG,4210,10,D,SQ,CC,F
14:46:03,UNVR,RG,4200,35,D,SQ,CC,D
14:46:03,UNVR,RG,4210,10,D,PD,CC,F
14:46:01,UNVR,RG,4200,2,D,SQ,BB,D
14:45:53,UNVR,RG,4200,1,D,SQ,YP,D
14:45:53,UNVR,RG,4210,9,D,TP,YP,D
14:45:52,UNVR,RG,4210,85,D,TP,BB,D
14:45:49,UNVR,RG,4210,57,D,TP,BB,D
14:45:49,UNVR,RG,4210,16,D,TP,CC,F
14:45:49,UNVR,RG,4210,27,D,TP,CC,F
14:45:49,UNVR,RG,4210,21,D,TP,CC,F
14:45:49,UNVR,RG,4210,98,D,TP,BB,D
14:45:49,UNVR,RG,4210,32,D,TP,CC,F
14:45:49,UNVR,RG,4210,65,D,TP,AK,F
14:45:49,UNVR,RG,4210,27,D,TP,CC,F
14:45:49,UNVR,RG,4210,7,D,TP,ZP,F
14:45:49,UNVR,RG,4210,37,D,TP,CC,F
14:45:49,UNVR,RG,4210,19,D,TP,YJ,D
14:45:45,UNVR,RG,4200,50,D,SQ,BB,D
14:45:45,UNVR,RG,4210,1,D,GR,YJ,D
14:45:41,UNVR,RG,4210,70,D,SQ,YJ,D
14:45:41,UNVR,RG,4210,57,D,SQ,BB,D
14:45:41,UNVR,RG,4210,73,D,SQ,CC,F
14:45:40,UNVR,RG,4200,90,D,SQ,BB,D
14:45:40,UNVR,RG,4200,1,D,SQ,PD,D
14:45:38,UNVR,RG,4210,294,D,YP,CC,F
14:45:38,UNVR,RG,4210,2,D,YP,ZP,F
14:45:38,UNVR,RG,4210,2,D,YP,ZP,F
14:45:38,UNVR,RG,4210,9,D,YP,AK,F
14:45:38,UNVR,RG,4210,11,D,YP,ZP,F
14:45:38,UNVR,RG,4210,22,D,YP,ZP,F
14:45:38,UNVR,RG,4210,3,D,YP,ZP,F
14:45:38,UNVR,RG,4210,1,D,YP,BB,D
14:45:38,UNVR,RG,4210,2,D,SQ,BB,D
14:45:38,UNVR,RG,4210,8,D,SQ,BK,F
14:45:36,UNVR,RG,4210,1,D,YP,BK,F
14:45:36,UNVR,RG,4200,6,D,SQ,BB,D
14:45:34,UNVR,RG,4210,1,D,YP,BK,F
14:45:31,UNVR,RG,4200,10,D,SQ,YP,D
14:45:28,UNVR,RG,4200,5,D,SQ,BB,D
14:45:28,UNVR,RG,4200,1,D,SQ,BB,D
14:45:17,UNVR,RG,4200,14,D,SQ,BB,D
14:45:14,UNVR,RG,4200,80,D,SQ,BB,D
14:45:13,UNVR,RG,4210,2,D,PD,BK,F
14:45:10,UNVR,RG,4200,25,D,SQ,BB,D
14:45:10,UNVR,RG,4200,5,D,CC,BB,D
14:45:10,UNVR,RG,4200,2,D,PD,BB,D
14:45:10,UNVR,RG,4200,1,D,PD,BB,D
14:45:10,UNVR,RG,4200,10,D,DH,BB,D
14:45:10,UNVR,RG,4200,5,D,SQ,BB,D
14:45:10,UNVR,RG,4200,5,D,KK,BB,D
14:45:10,UNVR,RG,4200,3,D,YP,BB,D
14:45:10,UNVR,RG,4200,1,D,CC,BB,D
14:45:10,UNVR,RG,4210,50,D,XC,BB,D
14:45:10,UNVR,RG,4210,10,D,DR,BB,D
14:45:10,UNVR,RG,4210,5,D,PD,BB,D
14:45:09,UNVR,RG,4210,3,D,PD,BB,D
14:45:08,UNVR,RG,4210,11,F,BK,BB,D
14:45:07,UNVR,RG,4210,30,D,CC,BB,D
14:45:06,UNVR,RG,4210,25,D,DH,BB,D
14:45:06,UNVR,RG,4210,1,D,DR,BB,D
14:45:06,UNVR,RG,4210,1,D,CC,BB,D
14:45:06,UNVR,RG,4210,5,D,OD,BB,D
14:45:06,UNVR,RG,4210,1,F,BK,BB,D
14:45:06,UNVR,RG,4210,5,D,YP,BB,D
14:45:06,UNVR,RG,4210,21,F,BK,BB,D
14:45:02,UNVR,RG,4210,16,F,BK,BB,D
14:45:02,UNVR,RG,4210,2,D,DX,BB,D
14:45:02,UNVR,RG,4210,1,D,XC,BB,D
14:45:02,UNVR,RG,4210,25,D,YP,BB,D
14:45:02,UNVR,RG,4210,1,D,PD,BB,D
14:45:02,UNVR,RG,4210,20,D,PD,BB,D
14:45:02,UNVR,RG,4210,20,D,YP,BB,D
14:45:02,UNVR,RG,4210,1,D,NI,BB,D
14:45:02,UNVR,RG,4210,1,D,PD,BB,D
14:45:02,UNVR,RG,4210,10,D,XC,BB,D
14:45:02,UNVR,RG,4210,1,D,EP,BB,D
14:44:52,UNVR,RG,4210,1,D,EP,BB,D
14:44:52,UNVR,RG,4210,1,F,AK,BB,D
14:44:52,UNVR,RG,4210,2,F,BK,BB,D
14:44:52,UNVR,RG,4210,2,F,AK,BB,D
14:44:52,UNVR,RG,4210,2,F,YU,BB,D
14:44:52,UNVR,RG,4210,1,D,YB,BB,D
14:44:48,UNVR,RG,4220,1,D,PD,BB,D
14:44:46,UNVR,RG,4210,41,D,YB,BB,D
14:44:46,UNVR,RG,4210,665,D,YB,BB,D
14:44:37,UNVR,RG,4210,30,D,YB,XC,D
14:44:36,UNVR,RG,4210,168,D,YB,BB,D
14:44:35,UNVR,RG,4210,52,D,YB,BB,D
14:44:27,UNVR,RG,4210,5,D,YB,CC,D
14:44:26,UNVR,RG,4210,82,D,YB,AK,F
14:44:26,UNVR,RG,4210,1,D,YB,BK,F
14:44:26,UNVR,RG,4210,3,D,YB,BB,F
14:44:26,UNVR,RG,4210,495,D,YB,CC,F
14:44:26,UNVR,RG,4210,20,D,YB,PD,D
14:44:26,UNVR,RG,4210,18,D,YB,ZP,F
14:44:26,UNVR,RG,4210,97,D,YB,BB,D
14:44:26,UNVR,RG,4210,23,D,YB,ZP,F
14:44:26,UNVR,RG,4210,1,D,YB,BK,F
14:44:26,UNVR,RG,4210,86,D,YB,BB,D
14:44:26,UNVR,RG,4210,84,D,YB,AK,F
14:44:26,UNVR,RG,4210,87,D,YB,AK,F
14:44:26,UNVR,RG,4210,21,D,YB,AK,F
14:44:26,UNVR,RG,4210,15,D,YB,AK,F
14:44:26,UNVR,RG,4210,5,D,YB,CC,F
14:44:24,UNVR,RG,4200,4,D,CC,XC,D
14:44:24,UNVR,RG,4200,1,D,YP,XC,D
14:44:24,UNVR,RG,4200,5,D,SQ,XC,D
14:44:22,UNVR,RG,4200,5,D,SQ,BB,D
14:44:21,UNVR,RG,4210,1,D,NI,CC,F
14:44:19,UNVR,RG,4200,42,D,SQ,BB,D
14:44:18,UNVR,RG,4210,2,D,IF,CC,F
14:44:15,UNVR,RG,4200,48,D,SQ,BB,D
14:44:09,UNVR,RG,4210,26,F,DX,CC,F
14:44:09,UNVR,RG,4210,4,F,DX,PD,D
14:44:08,UNVR,RG,4200,3,D,DH,BB,D
14:44:08,UNVR,RG,4200,5,D,SQ,BB,D
14:44:08,UNVR,RG,4200,2,D,YP,BB,D
14:44:08,UNVR,RG,4200,2,D,CC,BB,D
14:44:08,UNVR,RG,4200,5,D,CC,BB,D
14:44:08,UNVR,RG,4200,10,D,IF,BB,D
14:44:08,UNVR,RG,4200,2,D,SQ,BB,D
14:44:08,UNVR,RG,4200,5,D,AT,BB,D
14:44:08,UNVR,RG,4200,1,D,YP,BB,D
14:44:08,UNVR,RG,4200,1,D,SQ,BB,D
14:44:08,UNVR,RG,4200,1,D,GR,BB,D
14:44:08,UNVR,RG,4200,1,D,GR,BB,D
14:44:08,UNVR,RG,4200,35,D,SQ,BB,D
14:44:08,UNVR,RG,4200,1,D,YP,BB,D
14:44:08,UNVR,RG,4200,1,D,GR,BB,D
14:44:08,UNVR,RG,4200,1,D,GR,BB,D
14:44:08,UNVR,RG,4200,3,D,GR,BB,D
14:44:08,UNVR,RG,4200,82,D,YP,BB,D
14:44:06,UNVR,RG,4200,18,D,YP,BB,D
14:44:06,UNVR,RG,4200,1,D,GR,BB,D
14:44:06,UNVR,RG,4200,18,D,GR,BB,D
14:44:06,UNVR,RG,4200,1,D,GR,BB,D
14:44:06,UNVR,RG,4200,7,D,GR,BB,D
14:44:06,UNVR,RG,4200,100,D,RF,BB,D
14:44:06,UNVR,RG,4200,1,D,KK,BB,D
14:44:06,UNVR,RG,4200,25,D,CC,BB,D
14:44:06,UNVR,RG,4200,22,D,YP,BB,D
14:44:06,UNVR,RG,4210,1,D,NI,PD,D
14:44:06,UNVR,RG,4210,2,D,NI,BK,F
14:44:06,UNVR,RG,4210,4,D,NI,BK,F
14:44:06,UNVR,RG,4210,52,D,NI,ZP,F
14:44:06,UNVR,RG,4210,41,D,NI,BB,D
14:44:04,UNVR,RG,4200,451,D,YP,AK,F
14:44:03,UNVR,RG,4200,27,D,YP,CC,F
14:44:03,UNVR,RG,4200,2,D,YU,CC,F
14:44:03,UNVR,RG,4200,10,D,LG,CC,F
14:44:03,UNVR,RG,4200,1,D,SQ,CC,F
14:44:03,UNVR,RG,4200,1,D,PD,CC,F
14:44:03,UNVR,RG,4200,1,D,PD,CC,F
14:44:03,UNVR,RG,4200,1,D,DH,CC,F
14:44:03,UNVR,RG,4200,3,D,CC,CC,F
14:44:03,UNVR,RG,4200,30,D,KK,CC,F
14:44:00,UNVR,RG,4210,20,D,DH,BB,D
14:43:59,UNVR,RG,4200,51,D,KK,BB,D
14:43:58,UNVR,RG,4210,12,F,BK,BB,D
14:43:54,UNVR,RG,4210,100,D,PD,BB,D
14:43:52,UNVR,RG,4210,30,D,PD,BB,F
14:43:52,UNVR,RG,4210,20,D,PD,BB,D
14:43:52,UNVR,RG,4200,57,D,KK,BB,F
14:43:51,UNVR,RG,4200,62,D,KK,CC,F
14:43:51,UNVR,RG,4200,1,D,CC,CC,F
14:43:51,UNVR,RG,4200,1,D,YP,CC,F
14:43:51,UNVR,RG,4200,13,D,KK,CC,F
14:43:51,UNVR,RG,4200,11,D,KK,BB,F
14:43:51,UNVR,RG,4200,12,D,KK,BB,D
14:43:51,UNVR,RG,4200,5,D,YP,BB,D
14:43:51,UNVR,RG,4200,10,D,DR,BB,D
14:43:51,UNVR,RG,4200,2,D,DR,BB,D
14:43:51,UNVR,RG,4200,1,D,PD,BB,D
14:43:51,UNVR,RG,4200,10,D,CC,BB,D
14:43:51,UNVR,RG,4200,3,D,DR,BB,D
14:43:51,UNVR,RG,4200,2,D,KK,BB,D
14:43:51,UNVR,RG,4200,2,D,CC,BB,D
14:43:51,UNVR,RG,4200,1,D,KK,BB,D
14:43:51,UNVR,RG,4200,1,D,KK,BB,D
14:43:51,UNVR,RG,4200,2,D,KK,BB,D
14:43:51,UNVR,RG,4200,12,D,KK,BB,D
14:43:51,UNVR,RG,4200,1,D,XA,BB,D
14:43:51,UNVR,RG,4200,100,D,XA,BB,D
14:43:51,UNVR,RG,4200,10,D,CP,BB,D
14:43:51,UNVR,RG,4200,4,D,XC,BB,D
14:43:51,UNVR,RG,4200,3,D,CP,BB,D
14:43:51,UNVR,RG,4200,7,D,CP,BB,F
14:43:51,UNVR,RG,4200,10,D,YB,BB,F
14:43:51,UNVR,RG,4200,2,D,MK,BB,F
14:43:51,UNVR,RG,4200,1,D,XC,BB,F
14:43:51,UNVR,RG,4200,2,D,HP,BB,F
14:43:51,UNVR,RG,4200,32,D,CC,BB,F
14:43:49,UNVR,RG,4200,273,D,CC,BB,D
14:43:45,UNVR,RG,4200,2,D,CC,XC,D
14:43:45,UNVR,RG,4200,54,D,CC,BB,F
14:43:40,UNVR,RG,4200,12,D,CC,BK,F
14:43:39,UNVR,RG,4200,13,D,CC,BB,D
14:43:39,UNVR,RG,4200,119,D,CC,BB,D
14:43:38,UNVR,RG,4210,129,D,YP,BB,D
14:43:38,UNVR,RG,4210,91,D,YP,BB,D
14:43:38,UNVR,RG,4210,93,D,YP,ZP,F
14:43:38,UNVR,RG,4210,107,D,YP,ZP,F
14:43:38,UNVR,RG,4210,3,D,YP,ZP,F
14:43:38,UNVR,RG,4210,577,D,YP,BK,F
14:43:34,UNVR,RG,4200,69,D,CC,CC,F
14:43:31,UNVR,RG,4200,22,D,CC,XC,D
14:43:31,UNVR,RG,4200,374,D,CC,BB,D
14:43:30,UNVR,RG,4200,30,D,CC,BB,D
14:43:30,UNVR,RG,4200,200,D,TP,BB,D
14:43:30,UNVR,RG,4200,100,D,YJ,BB,D
14:43:30,UNVR,RG,4200,35,D,MG,BB,D
14:43:30,UNVR,RG,4200,336,D,AF,BB,D
14:43:28,UNVR,RG,4210,5,D,CC,BK,F
14:43:28,UNVR,RG,4200,1,D,AF,BK,F
14:43:28,UNVR,RG,4200,92,D,AF,BB,D
14:43:27,UNVR,RG,4200,6,D,AF,BK,F
14:43:25,UNVR,RG,4210,1,D,GR,BK,F
14:43:24,UNVR,RG,4210,1,D,XC,BK,F
14:43:23,UNVR,RG,4210,50,D,CC,BK,F
14:43:22,UNVR,RG,4200,25,D,AF,CC,D
14:43:22,UNVR,RG,4200,14,D,AF,ZP,F
14:43:21,UNVR,RG,4210,50,F,YU,BK,F
14:43:21,UNVR,RG,4200,26,D,AF,ZP,F
14:43:21,UNVR,RG,4210,1,F,AK,BK,F
14:43:21,UNVR,RG,4210,1,F,AK,BK,F
14:43:21,UNVR,RG,4210,2,D,XC,BK,F
14:43:21,UNVR,RG,4210,1,D,YP,BK,F
14:43:21,UNVR,RG,4210,25,D,PD,BK,F
14:43:21,UNVR,RG,4210,10,D,AG,BK,F
14:43:21,UNVR,RG,4210,11,F,CS,BK,F
14:43:21,UNVR,RG,4210,500,D,YP,BK,F
14:43:21,UNVR,RG,4210,1,D,XC,BK,F
14:43:21,UNVR,RG,4210,60,D,YP,BK,F
14:43:21,UNVR,RG,4210,50,D,XA,BK,F
14:43:21,UNVR,RG,4210,50,D,XA,BK,F
14:43:21,UNVR,RG,4210,1,D,XC,BK,F
14:43:21,UNVR,RG,4210,10,D,YP,BK,F
14:43:21,UNVR,RG,4210,1,D,XC,BK,F
14:43:21,UNVR,RG,4210,25,D,DH,BK,F
14:43:21,UNVR,RG,4210,1,D,PD,BK,F
14:43:21,UNVR,RG,4210,5,D,NI,BK,F
14:43:21,UNVR,RG,4210,10,D,XC,BK,F
14:43:21,UNVR,RG,4210,1,F,AK,BK,F
14:43:21,UNVR,RG,4210,23,D,KK,BK,F
14:43:21,UNVR,RG,4210,1,D,LG,BK,F
14:43:21,UNVR,RG,4210,500,D,KK,BK,F
14:43:21,UNVR,RG,4210,123,F,CS,BK,F
14:43:21,UNVR,RG,4210,5,D,YP,BK,F
14:43:21,UNVR,RG,4210,11,D,EP,BK,F
14:43:21,UNVR,RG,4210,1,D,YP,BK,F
14:43:21,UNVR,RG,4210,1,D,XC,BK,F
14:43:21,UNVR,RG,4210,5,D,DR,BK,F
14:43:21,UNVR,RG,4210,10,D,PD,BK,F
14:43:21,UNVR,RG,4210,10,D,PD,BK,F
14:43:21,UNVR,RG,4210,2,D,SQ,BK,F
14:43:21,UNVR,RG,4210,1,D,XC,BK,F
14:43:21,UNVR,RG,4210,1,F,AK,BK,F
14:43:21,UNVR,RG,4210,50,D,YP,BK,F
14:43:21,UNVR,RG,4210,1,F,AK,BK,F
14:43:21,UNVR,RG,4210,3,F,AK,BK,F
14:43:21,UNVR,RG,4210,2,D,YP,BK,F
14:43:21,UNVR,RG,4210,5,D,YP,BK,F
14:43:21,UNVR,RG,4210,2,D,XC,BK,F
14:43:21,UNVR,RG,4210,1,D,XC,BK,F
14:43:21,UNVR,RG,4210,11,F,CS,BK,F
14:43:21,UNVR,RG,4210,10,D,YP,BK,F
14:43:21,UNVR,RG,4210,5,D,KK,BK,F
14:43:21,UNVR,RG,4210,19,D,YP,BK,F
14:43:21,UNVR,RG,4210,1,D,DX,BK,F
14:43:21,UNVR,RG,4210,25,F,YP,BK,F
14:43:21,UNVR,RG,4210,1,D,YB,BK,F
14:43:21,UNVR,RG,4210,10,D,YP,BK,F
14:43:21,UNVR,RG,4210,2,D,YP,BK,F
14:43:21,UNVR,RG,4210,10,D,PD,BK,F
14:43:21,UNVR,RG,4210,1,D,PD,BK,F
14:43:21,UNVR,RG,4210,1,F,AK,BK,F
14:43:21,UNVR,RG,4210,1,F,BK,BK,F
14:43:21,UNVR,RG,4210,1,D,NI,BK,F
14:43:21,UNVR,RG,4210,50,D,AG,BK,F
14:43:21,UNVR,RG,4210,900,D,SQ,BK,F
14:43:21,UNVR,RG,4210,2,F,AK,BK,F
14:43:21,UNVR,RG,4210,1,F,AK,BK,F
14:43:21,UNVR,RG,4210,3,F,AK,BK,F
14:43:21,UNVR,RG,4210,1,D,XL,BK,F
14:43:21,UNVR,RG,4210,1,D,YP,BK,F
14:43:21,UNVR,RG,4210,5,D,DH,BK,F
14:43:21,UNVR,RG,4210,20,D,TP,BK,F
14:43:21,UNVR,RG,4210,10,D,PD,BK,F
14:43:21,UNVR,RG,4210,1,D,PD,BK,F
14:43:21,UNVR,RG,4210,1,D,LG,BK,F
14:43:21,UNVR,RG,4210,1,D,KK,BK,F
14:43:21,UNVR,RG,4210,1,D,YP,BK,F
14:43:21,UNVR,RG,4210,1,D,KK,BK,F
14:43:21,UNVR,RG,4210,44,D,YP,BK,F
14:43:21,UNVR,RG,4210,17,D,YP,BB,D
14:43:21,UNVR,RG,4210,1,D,YP,BB,D
14:43:21,UNVR,RG,4210,2,D,PD,BB,D
14:43:21,UNVR,RG,4210,1,D,XC,BB,D
14:43:21,UNVR,RG,4210,5,D,OD,BB,D
14:43:21,UNVR,RG,4210,1,D,CC,BB,D
14:43:21,UNVR,RG,4210,1,D,PD,BB,D
14:43:21,UNVR,RG,4210,2,D,CC,BB,D
14:43:21,UNVR,RG,4210,15,D,SQ,BB,D
14:43:21,UNVR,RG,4210,1,D,XC,BB,D
14:43:21,UNVR,RG,4210,4,D,XC,BB,D
14:43:21,UNVR,RG,4210,1,D,CC,BB,D
14:43:21,UNVR,RG,4210,33,F,YU,BB,D
14:43:21,UNVR,RG,4210,41,F,YU,BB,D
14:43:14,UNVR,RG,4210,61,F,YU,CC,F
14:43:14,UNVR,RG,4210,1,D,PD,CC,F
14:43:14,UNVR,RG,4210,1,D,CC,CC,F
14:43:14,UNVR,RG,4210,59,F,CS,CC,F
14:43:14,UNVR,RG,4210,1,D,YP,CC,F
14:43:14,UNVR,RG,4210,3,D,PD,CC,F
14:43:14,UNVR,RG,4210,1,D,CC,CC,F
14:43:14,UNVR,RG,4210,5,D,YP,CC,F
14:43:10,UNVR,RG,4210,2,D,NI,ZP,F
14:43:10,UNVR,RG,4210,58,F,CS,ZP,F
14:43:10,UNVR,RG,4210,15,D,ID,ZP,F
14:43:10,UNVR,RG,4210,1,D,PD,ZP,F
14:43:10,UNVR,RG,4210,10,D,GR,ZP,F
14:43:09,UNVR,RG,4210,5,D,GR,EP,D
14:43:09,UNVR,RG,4210,20,D,GR,BB,D
14:43:09,UNVR,RG,4210,7,D,GR,CC,F
14:43:03,UNVR,RG,4210,13,D,GR,BB,D
14:43:00,UNVR,RG,4210,10,D,GR,BB,D
14:43:00,UNVR,RG,4210,54,D,GR,BB,D
14:43:00,UNVR,RG,4210,12,D,XC,BB,D
14:42:54,UNVR,RG,4210,5,D,XC,EP,D
14:42:53,UNVR,RG,4210,1,D,XC,YP,D
14:42:53,UNVR,RG,4210,1,D,XC,XC,D
14:42:50,UNVR,RG,4210,31,D,XC,BB,D
14:42:50,UNVR,RG,4210,11,D,NI,BB,D
14:42:48,UNVR,RG,4210,25,D,NI,BB,D
14:42:43,UNVR,RG,4210,64,D,NI,CC,F
14:42:43,UNVR,RG,4210,20,D,DH,CC,F
14:42:43,UNVR,RG,4210,4,F,CS,CC,F
14:42:43,UNVR,RG,4210,10,D,EP,CC,F
14:42:43,UNVR,RG,4210,1,D,GR,CC,F
14:42:43,UNVR,RG,4210,24,D,CC,CC,F
14:42:37,UNVR,RG,4210,26,D,CC,BB,D
14:42:37,UNVR,RG,4210,2,D,TP,BB,D
14:42:37,UNVR,RG,4210,7,D,CP,BB,D
14:42:37,UNVR,RG,4210,13,D,CP,BB,D
14:42:37,UNVR,RG,4210,31,F,CS,BB,D
14:42:37,UNVR,RG,4210,5,D,NI,BB,D
14:42:36,UNVR,RG,4210,15,D,NI,PD,D
14:42:25,UNVR,RG,4210,14,D,NI,ZP,F
14:42:25,UNVR,RG,4210,8,D,NI,ZP,F
14:42:25,UNVR,RG,4210,53,D,NI,BB,D
14:42:24,UNVR,RG,4210,25,D,NI,YP,D
14:42:24,UNVR,RG,4210,3,D,XC,YP,D
14:42:24,UNVR,RG,4210,2,D,XC,YP,D
14:42:24,UNVR,RG,4210,14,D,PD,YP,D
14:42:24,UNVR,RG,4210,41,D,KK,YP,D
14:42:21,UNVR,RG,4210,9,D,KK,BB,D
14:42:21,UNVR,RG,4210,24,F,CS,BB,D
14:42:16,UNVR,RG,4210,1,F,CS,XC,D
14:42:16,UNVR,RG,4210,17,F,CS,CC,F
14:42:16,UNVR,RG,4210,1,D,XC,CC,F
14:42:16,UNVR,RG,4210,7,D,SQ,CC,F
14:42:16,UNVR,RG,4210,1,D,HP,CC,F
14:42:16,UNVR,RG,4210,1,D,XC,CC,F
14:42:16,UNVR,RG,4210,1,D,CC,CC,F
14:42:16,UNVR,RG,4210,4,D,XC,CC,F
14:42:16,UNVR,RG,4210,64,F,CS,CC,F
14:42:16,UNVR,RG,4210,7,D,NI,CC,F
14:42:16,UNVR,RG,4210,2,D,XC,CC,F
14:42:16,UNVR,RG,4210,1,D,XC,CC,F
14:42:16,UNVR,RG,4210,13,D,YP,CC,F
14:42:15,UNVR,RG,4210,12,D,YP,BB,D
14:42:15,UNVR,RG,4210,1,D,XC,BB,D
14:42:15,UNVR,RG,4210,1,D,PD,BB,D
14:42:15,UNVR,RG,4210,2,D,YP,BB,D
14:42:12,UNVR,RG,4210,3,D,YP,BB,D
14:42:12,UNVR,RG,4210,11,D,LG,BB,D
14:42:12,UNVR,RG,4210,44,D,LG,BB,D
14:42:05,UNVR,RG,4210,20,D,LG,LG,D
14:42:01,UNVR,RG,4210,16,D,LG,BB,D
14:41:55,UNVR,RG,4210,9,D,LG,BB,D
14:41:55,UNVR,RG,4210,10,D,PD,BB,D
14:41:55,UNVR,RG,4210,1,D,XC,BB,D
14:41:55,UNVR,RG,4210,20,D,XA,BB,D
14:41:54,UNVR,RG,4210,30,D,XA,BB,D
14:41:54,UNVR,RG,4210,5,D,CC,BB,D
14:41:54,UNVR,RG,4210,1,D,NI,BB,D
14:41:53,UNVR,RG,4210,31,D,NI,BB,D
14:41:52,UNVR,RG,4210,18,D,NI,CC,F
14:41:52,UNVR,RG,4210,105,D,YU,CC,F
14:41:44,UNVR,RG,4210,29,D,YU,BB,D
14:41:44,UNVR,RG,4210,56,D,YU,BB,D
14:41:43,UNVR,RG,4210,11,D,YU,BK,F
14:41:36,UNVR,RG,4220,1,D,PD,BB,D
14:41:32,UNVR,RG,4210,1,D,YU,AZ,D
14:41:31,UNVR,RG,4210,2,D,YU,SQ,D
14:41:30,UNVR,RG,4210,32,D,YU,BB,D
14:41:29,UNVR,RG,4210,102,D,YU,XC,D
14:41:26,UNVR,RG,4210,41,D,YU,BB,D
14:41:25,UNVR,RG,4210,16,D,YU,ZP,F
14:41:24,UNVR,RG,4220,1,D,YP,BB,D
14:41:24,UNVR,RG,4210,105,D,YU,CC,F
14:41:24,UNVR,RG,4210,1,D,YP,CC,F
14:41:24,UNVR,RG,4210,1,D,CC,CC,F
14:41:24,UNVR,RG,4210,11,F,CS,CC,F
14:41:20,UNVR,RG,4210,18,F,CS,BB,D
14:41:20,UNVR,RG,4210,20,F,CS,BB,D
14:41:15,UNVR,RG,4210,10,F,CS,BB,D
14:41:15,UNVR,RG,4210,5,D,OD,BB,D
14:41:15,UNVR,RG,4210,2,D,CC,BB,D
14:41:15,UNVR,RG,4210,2,D,XC,BB,D
14:41:15,UNVR,RG,4210,2,D,MG,BB,D
14:41:08,UNVR,RG,4210,31,D,MG,BB,D
14:41:04,UNVR,RG,4210,17,D,MG,BB,D
14:41:04,UNVR,RG,4210,38,D,MG,BB,D
14:41:03,UNVR,RG,4210,5,D,MG,YP,D
14:41:00,UNVR,RG,4210,7,D,MG,CC,F
14:41:00,UNVR,RG,4210,20,D,CC,CC,F
14:41:00,UNVR,RG,4210,13,D,KK,CC,F
14:41:00,UNVR,RG,4210,1,D,XC,CC,F
14:41:00,UNVR,RG,4210,30,D,AI,CC,F
14:41:00,UNVR,RG,4210,10,F,CS,CC,F
14:41:00,UNVR,RG,4210,4,D,XC,CC,F
14:41:00,UNVR,RG,4210,38,D,YP,CC,F
14:40:58,UNVR,RG,4210,25,D,YP,BB,D
14:40:57,UNVR,RG,4210,1,D,YP,BK,F
14:40:56,UNVR,RG,4210,36,D,YP,BB,D
14:40:56,UNVR,RG,4210,23,F,CS,BB,D
14:40:55,UNVR,RG,4210,10,F,CS,CC,D
14:40:54,UNVR,RG,4210,21,F,CS,NI,D
14:40:49,UNVR,RG,4210,27,F,CS,BB,D
14:40:43,UNVR,RG,4210,8,F,CS,ZP,F
14:40:43,UNVR,RG,4210,12,D,CC,ZP,F
14:40:43,UNVR,RG,4210,5,D,DR,ZP,F
14:40:43,UNVR,RG,4210,45,D,NI,ZP,F
14:40:43,UNVR,RG,4210,53,D,NI,BB,D
14:40:43,UNVR,RG,4210,38,D,NI,BB,D
14:40:32,UNVR,RG,4210,64,D,NI,CC,F
14:40:32,UNVR,RG,4210,1,D,XC,CC,F
14:40:32,UNVR,RG,4210,1,F,AK,CC,F
14:40:32,UNVR,RG,4210,25,D,OD,CC,F
14:40:32,UNVR,RG,4210,1,D,PD,CC,F
14:40:32,UNVR,RG,4210,9,D,CC,CC,F
14:40:32,UNVR,RG,4210,1,D,SQ,CC,F
14:40:32,UNVR,RG,4210,15,D,NI,CC,F
14:40:32,UNVR,RG,4210,2,D,NI,CC,F
14:40:28,UNVR,RG,4210,3,D,NI,CC,D
14:40:28,UNVR,RG,4210,30,D,NI,BB,D
14:40:28,UNVR,RG,4210,1,D,DH,BB,D
14:40:28,UNVR,RG,4210,12,D,GR,BB,D
14:40:26,UNVR,RG,4210,4,D,GR,EP,D
14:40:25,UNVR,RG,4210,12,D,KK,ZP,F
14:40:25,UNVR,RG,4210,1,D,KK,ZP,F
14:40:25,UNVR,RG,4210,20,D,YP,ZP,F
14:40:25,UNVR,RG,4210,1,D,XC,ZP,F
14:40:25,UNVR,RG,4210,4,D,XC,ZP,F
14:40:25,UNVR,RG,4210,2,D,NI,ZP,F
14:40:25,UNVR,RG,4210,6,D,XC,ZP,F
14:40:25,UNVR,RG,4210,1,F,CS,ZP,F
14:40:23,UNVR,RG,4210,12,F,CS,BB,D
14:40:21,UNVR,RG,4210,5,F,CS,ZP,F
14:40:17,UNVR,RG,4210,2,F,CS,ZP,F
14:40:17,UNVR,RG,4210,20,F,CS,BB,D
14:40:17,UNVR,RG,4210,13,F,CS,BB,D
14:40:16,UNVR,RG,4210,1,F,CS,YP,D
14:40:11,UNVR,RG,4210,22,F,CS,BB,D
14:40:10,UNVR,RG,4210,34,F,CS,BB,D
14:40:10,UNVR,RG,4210,1,D,YP,BB,D
14:40:10,UNVR,RG,4210,17,F,YP,BB,D
14:40:09,UNVR,RG,4210,16,F,YP,ZP,F
14:40:08,UNVR,RG,4210,127,F,YP,CC,F
14:40:07,UNVR,RG,4210,48,F,YP,BB,D
14:40:03,UNVR,RG,4210,83,F,YP,BB,D
14:39:56,UNVR,RG,4210,33,F,YP,ZP,F
14:39:55,UNVR,RG,4210,20,F,YP,BB,D
14:39:55,UNVR,RG,4210,23,F,YP,AK,F
14:39:55,UNVR,RG,4210,1,D,YP,AK,F
14:39:55,UNVR,RG,4210,1,D,SQ,AK,F
14:39:55,UNVR,RG,4210,100,D,YP,AK,F
14:39:55,UNVR,RG,4210,84,D,BB,AK,F
14:39:54,UNVR,RG,4210,20,D,BB,BB,D
14:39:46,UNVR,RG,4210,4,D,BB,BB,D
14:39:46,UNVR,RG,4210,5,D,DH,BB,D
14:39:46,UNVR,RG,4210,8,F,BK,BB,D
14:39:46,UNVR,RG,4210,2,F,AK,BB,D
14:39:46,UNVR,RG,4210,1,F,AK,BB,D
14:39:46,UNVR,RG,4210,26,D,DR,BB,D
14:39:45,UNVR,RG,4210,14,D,DR,BB,D
14:39:45,UNVR,RG,4210,1,D,NI,BB,D
14:39:45,UNVR,RG,4210,20,D,YU,BB,D
14:39:45,UNVR,RG,4210,2,D,XC,BB,D
14:39:45,UNVR,RG,4210,36,D,KK,BB,D
14:39:42,UNVR,RG,4210,9,D,KK,BB,F
14:39:40,UNVR,RG,4210,55,D,KK,BB,D
14:39:40,UNVR,RG,4210,1,D,NI,BB,D
14:39:40,UNVR,RG,4210,20,D,EP,BB,D
14:39:40,UNVR,RG,4210,5,D,NI,BB,D
14:39:40,UNVR,RG,4210,5,D,CC,BB,D
14:39:39,UNVR,RG,4210,3,D,YP,BB,D
14:39:39,UNVR,RG,4210,2,D,YP,BB,D
14:39:39,UNVR,RG,4210,1,D,XC,BB,D
14:39:39,UNVR,RG,4210,2,D,XC,BB,D
14:39:39,UNVR,RG,4210,20,D,MG,BB,D
14:39:39,UNVR,RG,4210,2,D,YP,BB,D
14:39:39,UNVR,RG,4210,1,D,XC,BB,D
14:39:39,UNVR,RG,4210,3,F,CS,BB,D
14:39:39,UNVR,RG,4210,9,F,CS,BB,D
14:39:39,UNVR,RG,4210,41,F,CS,DR,D
14:39:39,UNVR,RG,4210,2,F,AK,DR,D
14:39:39,UNVR,RG,4210,25,D,YU,DR,D
14:39:39,UNVR,RG,4210,1,D,CC,DR,D
14:39:39,UNVR,RG,4210,1,F,AK,DR,D
14:39:39,UNVR,RG,4210,1,D,PD,DR,D
14:39:39,UNVR,RG,4210,7,F,AK,DR,D
14:39:39,UNVR,RG,4210,7,F,AK,DR,D
14:39:39,UNVR,RG,4210,1,D,CC,DR,D
14:39:39,UNVR,RG,4210,1,D,CC,DR,D
14:39:39,UNVR,RG,4210,20,D,ID,DR,D
14:39:39,UNVR,RG,4210,130,F,CS,DR,D
14:39:36,UNVR,RG,4210,45,F,CS,CC,F
14:39:36,UNVR,RG,4210,15,D,DX,CC,F
14:39:36,UNVR,RG,4210,5,D,NI,CC,F
14:39:36,UNVR,RG,4210,6,F,CS,CC,F
14:39:36,UNVR,RG,4210,1,D,PD,CC,F
14:39:36,UNVR,RG,4210,1,D,XC,CC,F
14:39:36,UNVR,RG,4210,1,D,XC,CC,F
14:39:36,UNVR,RG,4210,1,D,NI,CC,F
14:39:36,UNVR,RG,4210,1,D,YP,CC,F
14:39:36,UNVR,RG,4210,42,D,EP,CC,F
14:39:36,UNVR,RG,4210,8,D,EP,ZP,F
14:39:35,UNVR,RG,4210,50,D,KK,AK,F
14:39:35,UNVR,RG,4210,2,D,PD,AK,F
14:39:35,UNVR,RG,4210,5,D,YP,AK,F
14:39:35,UNVR,RG,4210,3,D,PD,AK,F
14:39:35,UNVR,RG,4210,2,D,CC,AK,F
14:39:32,UNVR,RG,4210,11,D,CC,BK,F
14:39:31,UNVR,RG,4210,37,D,CC,YU,D
14:39:31,UNVR,RG,4210,1,D,YP,YU,D
14:39:31,UNVR,RG,4210,37,D,YP,YU,D
14:39:31,UNVR,RG,4220,1,F,AK,BB,D
14:39:30,UNVR,RG,4210,13,D,YP,BB,D
14:39:30,UNVR,RG,4210,15,D,KK,BB,D
14:39:30,UNVR,RG,4210,11,D,YP,BB,D
14:39:30,UNVR,RG,4210,14,D,YP,BB,D
14:39:23,UNVR,RG,4210,25,D,YP,BB,D
14:39:23,UNVR,RG,4210,10,D,NI,BB,D
14:39:23,UNVR,RG,4210,4,D,PD,BB,D
14:39:23,UNVR,RG,4220,12,F,BK,BB,D
14:39:15,UNVR,RG,4220,7,F,AK,BB,D
14:39:14,UNVR,RG,4210,19,D,PD,ZP,F
14:39:13,UNVR,RG,4210,27,D,PD,BB,D
14:39:13,UNVR,RG,4210,1,D,NI,BB,D
14:39:13,UNVR,RG,4220,3,D,NI,BB,D
14:39:13,UNVR,RG,4210,9,D,CC,CC,F
14:39:13,UNVR,RG,4210,10,D,PD,CC,F
14:39:13,UNVR,RG,4210,100,D,KK,CC,F
14:39:13,UNVR,RG,4210,1,D,XC,CC,F
14:39:13,UNVR,RG,4210,4,D,XC,CC,F
14:39:13,UNVR,RG,4210,3,D,PD,CC,F
14:39:13,UNVR,RG,4210,3,F,YU,CC,F
14:39:09,UNVR,RG,4210,15,F,YU,BB,D
14:39:01,UNVR,RG,4210,40,F,YU,BB,D
14:39:00,UNVR,RG,4210,11,F,YU,BB,D
14:39:00,UNVR,RG,4210,45,F,YU,YU,D
14:38:51,UNVR,RG,4210,32,F,YU,BB,D
14:38:51,UNVR,RG,4210,12,F,YU,BB,D
14:38:46,UNVR,RG,4220,1,D,YP,BB,D
14:38:46,UNVR,RG,4220,1,F,AK,BB,D
14:38:43,UNVR,RG,4210,54,D,YP,BB,D
14:38:40,UNVR,RG,4210,14,D,YP,BB,D
14:38:39,UNVR,RG,4210,119,D,YP,CC,F
14:38:31,UNVR,RG,4210,8,D,YP,BB,D
14:38:31,UNVR,RG,4210,26,D,YP,BB,D
14:38:29,UNVR,RG,4220,1,D,AT,BB,D
14:38:26,UNVR,RG,4210,38,D,YP,BB,D
14:38:20,UNVR,RG,4210,1,D,YP,BK,F
14:38:20,UNVR,RG,4220,10,D,OD,BB,D
14:38:16,UNVR,RG,4210,44,D,YP,BB,D
14:38:15,UNVR,RG,4220,11,F,CS,BB,D
14:38:14,UNVR,RG,4210,76,D,YP,BB,D
14:38:14,UNVR,RG,4210,14,D,YP,BB,D
14:38:14,UNVR,RG,4220,1,D,PD,BB,D
14:38:13,UNVR,RG,4210,126,D,YP,CC,F
14:38:03,UNVR,RG,4210,86,D,YP,BB,D
14:38:03,UNVR,RG,4210,4,D,XC,BB,D
14:38:03,UNVR,RG,4210,1,D,YP,BB,D
14:38:03,UNVR,RG,4210,2,D,GR,BB,D
14:38:03,UNVR,RG,4210,3,D,GR,ZP,F
14:38:03,UNVR,RG,4210,1,D,NI,ZP,F
14:38:03,UNVR,RG,4210,1,D,PD,ZP,F
14:38:03,UNVR,RG,4210,3,D,EP,ZP,F
14:38:03,UNVR,RG,4210,6,D,KK,ZP,F
14:38:02,UNVR,RG,4210,4,D,KK,SQ,D
14:38:02,UNVR,RG,4210,1,D,NI,SQ,D
14:38:02,UNVR,RG,4210,2,D,KK,SQ,D
14:38:02,UNVR,RG,4210,20,D,XC,SQ,D
14:38:02,UNVR,RG,4210,2,F,AK,SQ,D
14:38:02,UNVR,RG,4210,1,F,AK,SQ,D
14:38:02,UNVR,RG,4210,1,D,XC,SQ,D
14:38:02,UNVR,RG,4210,20,D,YB,SQ,D
14:38:02,UNVR,RG,4210,2,D,XC,SQ,D
14:38:02,UNVR,RG,4210,2,D,PD,SQ,D
14:38:02,UNVR,RG,4210,40,D,YB,SQ,D
14:38:02,UNVR,RG,4210,200,D,PD,SQ,D
14:38:02,UNVR,RG,4210,1,D,YP,SQ,D
14:38:02,UNVR,RG,4210,1,D,XC,SQ,D
14:38:02,UNVR,RG,4210,5,D,PD,SQ,D
14:38:02,UNVR,RG,4210,109,D,XA,SQ,D
14:38:02,UNVR,RG,4210,6,D,YP,SQ,D
14:37:54,UNVR,RG,4220,15,D,SQ,BB,D
14:37:54,UNVR,RG,4210,20,D,YP,BB,D
14:37:53,UNVR,RG,4210,11,D,YP,BB,D
14:37:48,UNVR,RG,4210,49,D,YP,BB,D
14:37:45,UNVR,RG,4210,14,D,YP,BB,D
14:37:45,UNVR,RG,4210,18,D,XA,BB,D
14:37:45,UNVR,RG,4210,7,D,XA,CC,D
14:37:43,UNVR,RG,4210,9,D,XA,ZP,F
14:37:42,UNVR,RG,4210,4,D,XA,BB,D
14:37:42,UNVR,RG,4210,2,D,XC,BB,D
14:37:42,UNVR,RG,4210,10,D,XA,BB,D
14:37:42,UNVR,RG,4210,40,D,XA,CC,F
14:37:42,UNVR,RG,4210,50,D,XA,CC,F
14:37:42,UNVR,RG,4210,1,D,YP,CC,F
14:37:42,UNVR,RG,4210,2,D,PD,CC,F
14:37:42,UNVR,RG,4210,10,D,PD,CC,F
14:37:42,UNVR,RG,4210,1,D,HP,CC,F
14:37:42,UNVR,RG,4210,1,D,YP,CC,F
14:37:42,UNVR,RG,4210,19,D,GR,CC,F
14:37:41,UNVR,RG,4220,3,D,AT,BB,D
14:37:34,UNVR,RG,4210,15,D,GR,BB,D
14:37:34,UNVR,RG,4210,24,D,GR,BB,D
14:37:27,UNVR,RG,4220,1,D,YU,BB,D
14:37:25,UNVR,RG,4210,9,D,GR,BB,D
14:37:25,UNVR,RG,4210,9,D,GR,BB,D
14:37:25,UNVR,RG,4210,13,D,XC,BB,D
14:37:25,UNVR,RG,4210,20,D,SQ,BB,D
14:37:25,UNVR,RG,4210,5,D,YP,BB,D
14:37:25,UNVR,RG,4210,2,D,KK,BB,D
14:37:25,UNVR,RG,4210,1,D,XC,BB,D
14:37:25,UNVR,RG,4210,1,D,OD,BB,D
14:37:25,UNVR,RG,4210,1,D,YP,BB,D
14:37:25,UNVR,RG,4210,5,D,NI,BB,D
14:37:25,UNVR,RG,4210,1,D,PD,BB,D
14:37:25,UNVR,RG,4210,3,F,CS,BB,D
14:37:24,UNVR,RG,4210,11,F,CS,BK,F
14:37:19,UNVR,RG,4220,5,F,AK,BB,D
14:37:18,UNVR,RG,4210,31,F,CS,BB,D
14:37:18,UNVR,RG,4210,7,F,CS,BK,F
14:37:12,UNVR,RG,4210,5,F,CS,BB,D
14:37:12,UNVR,RG,4210,2,D,PD,BB,D
14:37:12,UNVR,RG,4210,5,D,YP,BB,D
14:37:12,UNVR,RG,4210,3,D,PD,BB,D
14:37:12,UNVR,RG,4210,5,D,GR,BB,D
14:37:12,UNVR,RG,4210,1,D,CC,BB,D
14:37:12,UNVR,RG,4210,17,D,XA,BB,D
14:37:12,UNVR,RG,4210,18,D,XA,BB,D
14:37:12,UNVR,RG,4210,15,D,XA,ZP,F
14:37:12,UNVR,RG,4210,4,D,SQ,ZP,F
14:37:12,UNVR,RG,4210,5,D,DX,ZP,F
14:37:12,UNVR,RG,4210,1,D,YP,ZP,F
14:37:12,UNVR,RG,4210,22,D,XA,ZP,F
14:37:11,UNVR,RG,4210,28,D,XA,CC,F
14:37:11,UNVR,RG,4210,1,D,LG,CC,F
14:37:11,UNVR,RG,4210,1,D,PD,CC,F
14:37:11,UNVR,RG,4210,5,D,PD,CC,F
14:37:11,UNVR,RG,4210,5,D,IP,CC,F
14:37:11,UNVR,RG,4210,1,D,CC,CC,F
14:37:11,UNVR,RG,4210,30,D,YP,CC,F
14:37:11,UNVR,RG,4210,37,D,NI,CC,F
14:37:11,UNVR,RG,4210,2,F,BK,CC,F
14:37:11,UNVR,RG,4210,12,D,PD,CC,F
14:37:00,UNVR,RG,4210,13,D,PD,BB,D
14:37:00,UNVR,RG,4210,17,D,PD,BB,D
14:37:00,UNVR,RG,4210,50,D,PD,YU,D
14:36:56,UNVR,RG,4210,8,D,PD,BB,D
14:36:56,UNVR,RG,4210,1,D,PD,BB,D
14:36:56,UNVR,RG,4210,5,D,CC,BB,D
14:36:56,UNVR,RG,4210,1,D,NI,BB,D
14:36:51,UNVR,RG,4210,6,D,NI,BB,D
14:36:51,UNVR,RG,4210,1,D,YP,BB,D
14:36:51,UNVR,RG,4210,1,D,DR,BB,D
14:36:51,UNVR,RG,4210,10,D,AI,BB,D
14:36:51,UNVR,RG,4210,1,D,PD,BB,D
14:36:51,UNVR,RG,4210,4,D,TP,BB,D
14:36:50,UNVR,RG,4210,11,D,TP,NI,D
14:36:50,UNVR,RG,4210,2,D,CC,NI,D
14:36:50,UNVR,RG,4210,5,D,XC,NI,D
14:36:49,UNVR,RG,4220,10,D,ID,BB,D
14:36:48,UNVR,RG,4210,5,D,XC,YP,D
14:36:48,UNVR,RG,4210,5,D,GR,YP,D
14:36:46,UNVR,RG,4210,28,D,GR,BB,D
14:36:46,UNVR,RG,4220,3,F,AK,BB,D
14:36:42,UNVR,RG,4210,17,D,GR,ZP,F
14:36:42,UNVR,RG,4210,2,D,GR,BB,D
14:36:41,UNVR,RG,4210,48,D,GR,CC,F
14:36:41,UNVR,RG,4210,38,F,CS,CC,F
14:36:41,UNVR,RG,4210,10,D,PD,CC,F
14:36:41,UNVR,RG,4210,1,D,YP,CC,F
14:36:41,UNVR,RG,4210,27,D,CC,CC,F
14:36:39,UNVR,RG,4210,1,D,CC,XC,D
14:36:37,UNVR,RG,4210,8,D,CC,BB,D
14:36:34,UNVR,RG,4210,8,D,CC,BB,D
14:36:24,UNVR,RG,4210,11,D,CC,BB,D
14:36:24,UNVR,RG,4210,50,D,CC,BB,D
14:36:19,UNVR,RG,4210,1,D,CC,XC,D
14:36:17,UNVR,RG,4210,18,D,CC,BB,D
14:36:16,UNVR,RG,4210,26,D,CC,BB,D
14:36:16,UNVR,RG,4210,2,D,DR,BB,D
14:36:16,UNVR,RG,4210,2,D,PD,BB,D
14:36:16,UNVR,RG,4210,10,D,DR,BB,D
14:36:16,UNVR,RG,4210,40,F,CS,BB,D
14:36:16,UNVR,RG,4210,2,D,YP,BB,D
14:36:16,UNVR,RG,4210,1,D,XC,BB,D
14:36:16,UNVR,RG,4210,1,D,YP,BB,D
14:36:16,UNVR,RG,4210,4,D,SQ,BB,D
14:36:10,UNVR,RG,4210,6,D,SQ,BB,D
14:36:10,UNVR,RG,4210,1,D,XC,BB,D
14:36:09,UNVR,RG,4210,69,F,CS,CC,F
14:36:09,UNVR,RG,4210,8,D,DH,CC,F
14:36:09,UNVR,RG,4210,3,F,NI,CC,F
14:36:09,UNVR,RG,4210,5,D,NI,CC,F
14:36:09,UNVR,RG,4210,1,D,PD,CC,F
14:36:09,UNVR,RG,4210,2,D,CC,CC,F
14:36:09,UNVR,RG,4210,34,F,CS,CC,F
14:36:07,UNVR,RG,4220,1,D,XL,BB,D
14:36:01,UNVR,RG,4210,6,F,CS,BB,D
14:36:01,UNVR,RG,4210,9,D,OD,BB,D
14:36:01,UNVR,RG,4210,8,D,OD,BB,D
14:36:01,UNVR,RG,4220,1,F,AK,BB,D
14:35:44,UNVR,RG,4210,14,D,OD,BB,D
14:35:44,UNVR,RG,4210,115,D,OD,BB,D
14:35:40,UNVR,RG,4220,1,F,ZP,BB,D
14:35:38,UNVR,RG,4210,44,D,OD,BB,D
14:35:37,UNVR,RG,4210,120,D,OD,CC,F
14:35:31,UNVR,RG,4210,1,D,OD,BK,F
14:35:30,UNVR,RG,4210,395,D,OD,AK,F
14:35:29,UNVR,RG,4210,9,D,OD,BB,D
14:35:29,UNVR,RG,4210,13,D,OD,BB,D
14:35:28,UNVR,RG,4210,9,D,OD,ZP,F
14:35:16,UNVR,RG,4210,19,D,OD,ZP,F
14:35:11,UNVR,RG,4210,27,D,OD,BB,D
14:35:11,UNVR,RG,4210,14,D,OD,BB,D
14:35:11,UNVR,RG,4210,7,D,OD,ZP,F
14:35:06,UNVR,RG,4210,121,D,OD,CC,F
14:35:06,UNVR,RG,4210,8,D,OD,BB,D
14:35:05,UNVR,RG,4210,11,D,OD,BK,F
14:35:00,UNVR,RG,4210,5,D,OD,BB,D
14:35:00,UNVR,RG,4210,51,D,OD,YU,D
14:35:00,UNVR,RG,4210,9,D,YJ,YU,D
14:34:57,UNVR,RG,4220,23,D,DH,BB,D
14:34:55,UNVR,RG,4210,7,D,YJ,BB,D
14:34:48,UNVR,RG,4220,10,F,CS,BB,D
14:34:43,UNVR,RG,4210,23,D,YJ,BB,D
14:34:43,UNVR,RG,4210,45,D,YJ,BB,D
14:34:36,UNVR,RG,4220,1,D,PD,BB,D
14:34:34,UNVR,RG,4210,1,D,YJ,XC,D
14:34:34,UNVR,RG,4210,15,D,YJ,ZP,F
14:34:34,UNVR,RG,4210,18,D,YJ,ZP,F
14:34:34,UNVR,RG,4210,3,D,CC,ZP,F
14:34:34,UNVR,RG,4210,11,F,CS,ZP,F
14:34:34,UNVR,RG,4210,25,D,SQ,ZP,F
14:34:34,UNVR,RG,4210,1,D,CC,ZP,F
14:34:34,UNVR,RG,4210,12,D,CC,ZP,F
14:34:34,UNVR,RG,4210,5,D,CC,BB,D
14:34:33,UNVR,RG,4210,118,D,CC,CC,F
14:34:33,UNVR,RG,4210,7,D,CC,TF,D
14:34:26,UNVR,RG,4210,2,D,CC,BB,D
14:34:23,UNVR,RG,4210,1,D,CC,XC,D
14:34:15,UNVR,RG,4210,3,D,CC,BB,D
14:34:15,UNVR,RG,4220,3,F,AK,BB,D
14:34:14,UNVR,RG,4210,1,D,CC,BB,D
14:34:14,UNVR,RG,4210,2,D,DH,BB,D
14:34:11,UNVR,RG,4220,3,D,XL,BB,D
14:34:09,UNVR,RG,4210,10,D,DH,BB,D
14:34:09,UNVR,RG,4210,6,D,XC,BB,D
14:34:09,UNVR,RG,4210,1,D,XC,YP,D
14:34:04,UNVR,RG,4220,2,D,YP,BB,D
14:34:03,UNVR,RG,4210,13,D,XC,BB,D
14:34:03,UNVR,RG,4210,12,D,PD,BB,D
14:34:02,UNVR,RG,4210,1,D,PD,BB,D
14:34:01,UNVR,RG,4210,6,D,PD,CC,F
14:34:01,UNVR,RG,4210,1,D,RG,CC,F
14:34:01,UNVR,RG,4210,100,D,YP,CC,F
14:34:01,UNVR,RG,4210,11,D,AF,CC,F
14:33:53,UNVR,RG,4210,3,D,AF,BB,D
14:33:44,UNVR,RG,4210,18,D,AF,BB,D
14:33:38,UNVR,RG,4210,10,D,AF,DR,D
14:33:38,UNVR,RG,4210,1,D,AF,XC,D
14:33:37,UNVR,RG,4220,1,D,XC,BB,D
14:33:33,UNVR,RG,4210,128,D,AF,CC,F
14:33:31,UNVR,RG,4220,12,F,BK,BB,D
14:33:31,UNVR,RG,4210,3,D,AF,BB,D
14:33:24,UNVR,RG,4210,1,D,AF,BB,D
14:33:14,UNVR,RG,4220,1,F,AK,BB,D
14:33:13,UNVR,RG,4210,14,D,AF,BB,D
14:33:00,UNVR,RG,4210,15,D,AF,ZP,F
14:33:00,UNVR,RG,4210,9,D,AF,ZP,F
14:33:00,UNVR,RG,4210,76,D,AF,YU,D
14:33:00,UNVR,RG,4210,13,D,AF,BB,D
14:32:56,UNVR,RG,4210,1,D,AF,BB,D
14:32:55,UNVR,RG,4210,122,D,AF,CC,F
14:32:49,UNVR,RG,4210,4,D,AF,BB,D
14:32:43,UNVR,RG,4220,10,D,GR,BB,D
14:32:40,UNVR,RG,4210,11,D,AF,BB,D
14:32:38,UNVR,RG,4220,1,D,DH,BB,D
14:32:34,UNVR,RG,4210,1,D,AF,BK,F
14:32:33,UNVR,RG,4210,6,D,AF,BB,D
14:32:33,UNVR,RG,4220,100,D,XA,BB,D
14:32:28,UNVR,RG,4210,38,D,AF,BB,D
14:32:27,UNVR,RG,4210,15,D,AF,BB,D
14:32:27,UNVR,RG,4210,10,D,YP,BB,D
14:32:20,UNVR,RG,4210,120,D,YP,CC,F
14:32:19,UNVR,RG,4210,67,D,YP,ZP,F
14:32:19,UNVR,RG,4210,10,D,YP,ZP,F
14:32:18,UNVR,RG,4210,16,D,YP,XL,D
14:32:17,UNVR,RG,4220,5,F,AK,BB,D
14:32:16,UNVR,RG,4210,4,D,YP,BB,D
14:32:15,UNVR,RG,4220,3,F,AK,BB,D
14:32:09,UNVR,RG,4220,9,F,CS,BB,D
14:32:06,UNVR,RG,4210,15,D,YP,BB,D
14:32:06,UNVR,RG,4210,12,D,YP,BB,D
14:32:05,UNVR,RG,4210,3,D,YP,YP,D
14:31:52,UNVR,RG,4210,27,D,YP,BB,D
14:31:51,UNVR,RG,4220,6,D,XC,BB,D
14:31:51,UNVR,RG,4220,54,D,XC,ZP,D
14:31:50,UNVR,RG,4210,18,D,YP,BB,D
14:31:48,UNVR,RG,4220,14,D,XC,ZP,D
14:31:46,UNVR,RG,4210,121,D,YP,CC,F
14:31:43,UNVR,RG,4210,2,D,YP,OD,D
14:31:40,UNVR,RG,4210,4,D,YP,BB,D
14:31:40,UNVR,RG,4210,4,D,YP,BB,D
14:31:39,UNVR,RG,4220,2,D,PD,ZP,D
14:31:36,UNVR,RG,4220,2,D,YP,ZP,D
14:31:34,UNVR,RG,4210,10,D,YP,BB,D
14:31:31,UNVR,RG,4210,3,D,YP,BB,D
14:31:30,UNVR,RG,4210,12,D,YP,ZP,F
14:31:21,UNVR,RG,4210,8,D,YP,BB,D
14:31:20,UNVR,RG,4210,6,D,YP,BB,D
14:31:16,UNVR,RG,4220,1,D,PD,ZP,D
14:31:08,UNVR,RG,4210,13,D,YP,BB,D
14:31:08,UNVR,RG,4210,2,D,YP,BB,D
14:31:05,UNVR,RG,4210,28,D,YP,BB,D
14:31:00,UNVR,RG,4210,40,D,YP,YU,D
14:31:00,UNVR,RG,4210,43,F,CS,YU,D
14:31:00,UNVR,RG,4210,10,D,KK,YU,D
14:30:58,UNVR,RG,4210,1,D,DH,BB,D
14:30:58,UNVR,RG,4210,6,D,XC,BB,D
14:30:47,UNVR,RG,4210,23,D,XC,BB,D
14:30:46,UNVR,RG,4220,5,D,KK,ZP,D
14:30:46,UNVR,RG,4210,10,D,XC,PD,D
14:30:42,UNVR,RG,4210,10,D,XC,BB,D
14:30:41,UNVR,RG,4210,1,D,XC,XC,D
14:30:38,UNVR,RG,4220,1,D,LS,ZP,D
14:30:37,UNVR,RG,4220,66,D,YP,ZP,D
14:30:33,UNVR,RG,4210,3,D,CC,BB,D
14:30:32,UNVR,RG,4210,2,D,CC,BB,D
14:30:32,UNVR,RG,4210,8,D,YP,BB,D
14:30:27,UNVR,RG,4210,15,D,YP,BB,D
14:30:22,UNVR,RG,4210,2,D,KK,ZP,F
14:30:22,UNVR,RG,4210,2,D,SQ,ZP,F
14:30:22,UNVR,RG,4210,2,D,KK,ZP,F
14:30:22,UNVR,RG,4210,1,D,NI,ZP,F
14:30:22,UNVR,RG,4210,8,D,OD,ZP,F
14:30:21,UNVR,RG,4210,12,D,OD,ZP,F
14:30:21,UNVR,RG,4210,2,D,XC,ZP,F
14:30:21,UNVR,RG,4210,1,D,XC,ZP,F
14:30:21,UNVR,RG,4210,1,F,AK,ZP,F
14:30:21,UNVR,RG,4210,26,F,CS,ZP,F
14:30:20,UNVR,RG,4210,3,F,CS,BB,D
14:30:20,UNVR,RG,4210,2,F,CS,BB,D
14:30:11,UNVR,RG,4210,7,F,CS,BB,D
14:30:09,UNVR,RG,4210,8,F,CS,BB,D
14:30:04,UNVR,RG,4210,54,F,CS,BB,F
14:30:01,UNVR,RG,4210,3,F,CS,BB,D
14:29:56,UNVR,RG,4210,1,F,CS,XC,D
14:29:45,UNVR,RG,4210,6,F,CS,BB,D
14:29:43,UNVR,RG,4220,30,D,SQ,ZP,D
14:29:39,UNVR,RG,4210,1,F,CS,XC,D
14:29:34,UNVR,RG,4210,3,F,CS,BB,D
14:29:25,UNVR,RG,4210,1,F,CS,BK,F
14:29:24,UNVR,RG,4210,2,F,CS,BB,D
14:29:24,UNVR,RG,4220,3,D,YP,ZP,D
14:29:17,UNVR,RG,4210,1,F,CS,BB,D
14:29:17,UNVR,RG,4210,2,D,XC,BB,D
14:29:17,UNVR,RG,4210,2,F,YU,BB,D
14:29:15,UNVR,RG,4220,10,D,PD,ZP,D
14:29:14,UNVR,RG,4210,5,F,YU,YP,D
14:29:07,UNVR,RG,4210,7,F,YU,BB,D
14:29:00,UNVR,RG,4210,47,F,YU,YU,D
14:28:56,UNVR,RG,4210,2,F,YU,BB,D
14:28:55,UNVR,RG,4210,3,F,YU,BB,D
14:28:48,UNVR,RG,4220,1,D,XC,ZP,D
14:28:46,UNVR,RG,4210,11,F,YU,BB,D
14:28:45,UNVR,RG,4220,10,D,OD,ZP,D
14:28:42,UNVR,RG,4210,2,F,YU,SQ,D
14:28:31,UNVR,RG,4210,49,F,YU,BB,D
14:28:31,UNVR,RG,4210,7,F,YU,BB,D
14:28:31,UNVR,RG,4210,50,D,YP,BB,D
14:28:31,UNVR,RG,4210,12,D,XC,BB,D
14:28:31,UNVR,RG,4210,10,D,YP,BB,D
14:28:31,UNVR,RG,4210,7,D,YP,BB,D
14:28:25,UNVR,RG,4210,1,D,YP,PD,D
14:28:20,UNVR,RG,4210,11,D,YP,ZP,F
14:28:20,UNVR,RG,4210,11,D,YP,ZP,F
14:28:20,UNVR,RG,4210,1,D,XC,ZP,F
14:28:20,UNVR,RG,4210,12,D,XC,ZP,F
14:28:20,UNVR,RG,4210,1,D,YP,ZP,F
14:28:20,UNVR,RG,4210,20,D,KK,ZP,F
14:28:20,UNVR,RG,4210,2,F,CS,ZP,F
14:28:20,UNVR,RG,4210,2,D,XC,ZP,F
14:28:19,UNVR,RG,4210,1,D,XC,AK,F
14:28:19,UNVR,RG,4210,1,D,PD,AK,F
14:28:19,UNVR,RG,4210,11,F,BK,AK,F
14:28:19,UNVR,RG,4210,5,D,YP,AK,F
14:28:19,UNVR,RG,4210,2,D,XC,AK,F
14:28:19,UNVR,RG,4210,5,D,YP,AK,F
14:28:19,UNVR,RG,4210,1,D,YP,AK,F
14:28:19,UNVR,RG,4210,5,D,CC,AK,F
14:28:19,UNVR,RG,4210,2,D,YP,AK,F
14:28:19,UNVR,RG,4210,1,D,NI,AK,F
14:28:19,UNVR,RG,4210,1,D,XC,AK,F
14:28:19,UNVR,RG,4210,1,D,XC,AK,F
14:28:19,UNVR,RG,4210,1,D,PD,AK,F
14:28:19,UNVR,RG,4210,2,F,AK,AK,F
14:28:19,UNVR,RG,4210,1,D,NI,AK,F
14:28:19,UNVR,RG,4210,1,D,NI,AK,F
14:28:19,UNVR,RG,4210,1,D,NI,AK,F
14:28:19,UNVR,RG,4210,1,D,YB,AK,F
14:28:19,UNVR,RG,4210,1,F,AK,AK,F
14:28:19,UNVR,RG,4210,1,D,KK,AK,F
14:28:19,UNVR,RG,4210,4,D,XC,AK,F
14:28:19,UNVR,RG,4210,3,D,YP,AK,F
14:28:19,UNVR,RG,4210,1,D,PD,AK,F
14:28:19,UNVR,RG,4210,6,F,CS,AK,F
14:28:19,UNVR,RG,4210,45,F,CS,AK,F
14:28:19,UNVR,RG,4210,290,D,BB,AK,F
14:28:16,UNVR,RG,4210,4,D,BB,BB,D
14:28:15,UNVR,RG,4220,10,D,XC,ZP,D
14:28:07,UNVR,RG,4210,1,D,BB,BB,D
14:27:59,UNVR,RG,4210,3,D,BB,BB,D
14:27:53,UNVR,RG,4210,5,D,BB,BB,D
14:27:53,UNVR,RG,4220,1,D,YJ,ZP,D
14:27:28,UNVR,RG,4210,6,D,BB,BB,D
14:27:28,UNVR,RG,4220,1,D,CC,ZP,D
14:27:23,UNVR,RG,4220,20,D,EP,ZP,D
14:27:16,UNVR,RG,4210,4,D,BB,BB,D
14:27:10,UNVR,RG,4210,7,D,BB,LG,D
14:27:04,UNVR,RG,4210,14,D,BB,BB,D
14:27:04,UNVR,RG,4220,1,D,PD,ZP,D
14:27:00,UNVR,RG,4210,113,D,BB,YU,D
14:26:57,UNVR,RG,4210,5,D,BB,XC,D
14:26:56,UNVR,RG,4220,2,D,PD,ZP,D
14:26:55,UNVR,RG,4210,2,D,BB,BB,D
14:26:52,UNVR,RG,4210,3,D,BB,BB,D
14:26:51,UNVR,RG,4220,5,D,NI,ZP,D
14:26:45,UNVR,RG,4210,1,D,BB,XC,D
14:26:37,UNVR,RG,4210,77,D,BB,BB,D
14:26:37,UNVR,RG,4210,39,D,CP,BB,D
14:26:34,UNVR,RG,4220,100,D,CC,ZP,D
14:26:28,UNVR,RG,4210,2,D,CP,BB,D
14:26:27,UNVR,RG,4220,603,D,BB,ZP,D
14:26:27,UNVR,RG,4220,58,D,BB,ZP,D
14:26:27,UNVR,RG,4220,442,D,BB,BB,D
14:26:24,UNVR,RG,4210,5,D,CP,BB,D
14:26:22,UNVR,RG,4210,4,D,CP,BB,D
14:26:22,UNVR,RG,4210,1,F,AK,BB,D
14:26:22,UNVR,RG,4210,8,D,YP,BB,D
14:26:20,UNVR,RG,4210,2,D,YP,BB,D
14:26:20,UNVR,RG,4210,1,F,AK,BB,D
14:26:20,UNVR,RG,4210,1,D,DH,BB,D
14:26:20,UNVR,RG,4210,74,F,CS,BB,D
14:26:13,UNVR,RG,4220,1,D,GR,BB,D
14:26:10,UNVR,RG,4210,60,F,CS,BB,D
14:26:10,UNVR,RG,4220,25,D,PD,BB,D
14:26:08,UNVR,RG,4210,37,F,CS,BB,D
14:26:08,UNVR,RG,4210,1,F,AK,BB,D
14:26:08,UNVR,RG,4210,7,D,YP,BB,D
14:26:08,UNVR,RG,4210,5,D,CC,BB,D
14:26:08,UNVR,RG,4210,1,D,NI,BB,D
14:26:08,UNVR,RG,4210,11,D,PD,BB,D
14:26:08,UNVR,RG,4220,150,D,AO,BB,D
14:26:08,UNVR,RG,4220,10,D,AO,LG,D
14:26:08,UNVR,RG,4220,20,D,AO,ZP,F
14:26:08,UNVR,RG,4220,4,D,AO,BK,F
14:26:08,UNVR,RG,4220,67,D,AO,AK,F
14:26:08,UNVR,RG,4220,100,D,AO,SQ,D
14:26:08,UNVR,RG,4220,15,D,AO,AK,F
14:26:08,UNVR,RG,4220,80,D,AO,ZP,F
14:26:08,UNVR,RG,4220,1,D,AO,XC,D
14:26:08,UNVR,RG,4220,13,D,AO,BK,F
14:26:08,UNVR,RG,4220,40,D,AO,ZP,F
14:26:06,UNVR,RG,4210,1,D,PD,BK,F
14:26:05,UNVR,RG,4210,18,D,PD,BB,D
14:26:05,UNVR,RG,4210,2,D,DX,BB,D
14:26:05,UNVR,RG,4210,1,D,YP,BB,D
14:26:05,UNVR,RG,4210,10,D,PD,BB,D
14:26:05,UNVR,RG,4210,2,F,AK,BB,D
14:26:05,UNVR,RG,4210,1,F,AK,BB,D
14:26:05,UNVR,RG,4210,75,F,CS,BB,D
14:26:04,UNVR,RG,4210,64,F,CS,BB,F
14:26:02,UNVR,RG,4210,5,F,CS,OD,D
14:26:02,UNVR,RG,4210,1,D,EP,OD,D
14:26:02,UNVR,RG,4210,2,D,OD,OD,D
14:26:02,UNVR,RG,4210,2,D,PD,OD,D
14:25:58,UNVR,RG,4210,4,D,PD,BB,D
14:25:58,UNVR,RG,4210,5,D,PD,BB,D
14:25:58,UNVR,RG,4220,1120,D,BB,CC,F
14:25:47,UNVR,RG,4210,2,D,PD,BB,D
14:25:47,UNVR,RG,4210,11,D,PD,BB,D
14:25:35,UNVR,RG,4210,6,D,PD,BB,D
14:25:35,UNVR,RG,4220,3,F,AK,CC,F
14:25:29,UNVR,RG,4210,35,D,PD,BB,D
14:25:29,UNVR,RG,4210,13,D,PD,BB,D
14:25:29,UNVR,RG,4210,5,D,PD,ZP,F
14:25:21,UNVR,RG,4210,125,D,PD,CC,F
14:25:19,UNVR,RG,4210,8,D,PD,BB,D
14:25:17,UNVR,RG,4210,34,D,PD,ZP,F
14:25:17,UNVR,RG,4210,13,D,PD,BB,D
14:25:14,UNVR,RG,4210,4,D,PD,BB,D
14:25:14,UNVR,RG,4210,12,D,PD,ZP,F
14:25:10,UNVR,RG,4210,1,D,PD,PD,D
14:25:07,UNVR,RG,4210,14,D,PD,BB,D
14:25:07,UNVR,RG,4210,24,D,PD,BB,D
14:25:06,UNVR,RG,4220,5,D,GR,CC,F
14:25:01,UNVR,RG,4210,50,D,PD,KK,D
14:25:00,UNVR,RG,4210,32,D,PD,YU,D
14:25:00,UNVR,RG,4210,20,D,YP,YU,D
14:25:00,UNVR,RG,4210,9,F,CS,YU,D
14:24:54,UNVR,RG,4210,2,F,CS,BB,D
14:24:54,UNVR,RG,4210,1,D,KK,BB,D
14:24:54,UNVR,RG,4210,8,D,KK,BB,D
14:24:43,UNVR,RG,4210,18,D,KK,BB,D
14:24:42,UNVR,RG,4210,3,D,KK,BB,D
14:24:37,UNVR,RG,4210,27,D,KK,BB,D
14:24:37,UNVR,RG,4220,1,D,YU,CC,F
14:24:34,UNVR,RG,4210,119,D,KK,CC,F
14:24:32,UNVR,RG,4210,3,D,KK,BB,D
14:24:32,UNVR,RG,4210,7,D,KK,BB,D
14:24:31,UNVR,RG,4220,8,D,CC,CC,F
14:24:23,UNVR,RG,4220,5,D,YP,CC,F
14:24:21,UNVR,RG,4210,2,D,KK,BB,D
14:24:17,UNVR,RG,4210,7,D,KK,BB,D
14:24:16,UNVR,RG,4210,6,D,KK,BB,D
14:24:09,UNVR,RG,4210,12,D,KK,BK,F
14:24:07,UNVR,RG,4210,12,D,KK,BB,D
14:24:04,UNVR,RG,4210,7,D,KK,BB,D
14:23:59,UNVR,RG,4210,13,D,KK,ZP,F
14:23:59,UNVR,RG,4210,34,D,KK,BB,D
14:23:58,UNVR,RG,4210,12,D,KK,BB,D
14:23:57,UNVR,RG,4220,13,F,BK,CC,F
14:23:52,UNVR,RG,4220,10,F,CS,CC,F
14:23:51,UNVR,RG,4220,3,D,PD,CC,F
14:23:49,UNVR,RG,4210,7,D,KK,BB,D
14:23:48,UNVR,RG,4210,94,D,KK,AK,F
14:23:47,UNVR,RG,4210,9,D,KK,BB,D
14:23:45,UNVR,RG,4210,2,D,KK,NI,D
14:23:44,UNVR,RG,4210,4,D,KK,ZP,F
14:23:44,UNVR,RG,4210,11,D,YP,ZP,F
14:23:44,UNVR,RG,4210,25,D,YP,ZP,F
14:23:44,UNVR,RG,4210,5,D,PD,ZP,F
14:23:44,UNVR,RG,4210,1,D,BB,ZP,F
14:23:43,UNVR,RG,4210,3,D,BB,BB,D
14:23:34,UNVR,RG,4210,3,D,BB,BB,D
14:23:34,UNVR,RG,4210,5,D,BB,BB,D
14:23:34,UNVR,RG,4210,10,D,BB,CC,D
14:23:27,UNVR,RG,4210,6,D,BB,BB,D
14:23:27,UNVR,RG,4210,7,D,BB,BB,D
14:23:15,UNVR,RG,4210,2,D,BB,BB,D
14:23:11,UNVR,RG,4210,28,D,BB,BB,D
14:23:07,UNVR,RG,4210,18,D,BB,BB,D
14:23:00,UNVR,RG,4210,60,D,BB,YU,D
14:23:00,UNVR,RG,4210,11,D,BB,BB,D
14:22:59,UNVR,RG,4210,6,D,BB,BK,F
14:22:59,UNVR,RG,4220,50,D,HP,CC,F
14:22:52,UNVR,RG,4210,9,D,BB,BB,D
14:22:52,UNVR,RG,4210,1,D,YP,BB,D
14:22:52,UNVR,RG,4210,1,D,NI,BB,D
14:22:52,UNVR,RG,4210,1,D,GR,BB,D
14:22:52,UNVR,RG,4210,1,D,YP,BB,D
14:22:52,UNVR,RG,4210,1,D,YP,BB,D
14:22:52,UNVR,RG,4210,1,D,PD,BB,D
14:22:52,UNVR,RG,4210,3,F,AK,BB,D
14:22:52,UNVR,RG,4210,1,F,AK,BB,D
14:22:52,UNVR,RG,4210,2,D,XC,BB,D
14:22:52,UNVR,RG,4210,18,D,PD,BB,D
14:22:52,UNVR,RG,4210,30,D,PD,BB,D
14:22:47,UNVR,RG,4220,152,D,BB,CC,F
14:22:45,UNVR,RG,4210,1,D,PD,BK,F
14:22:43,UNVR,RG,4210,40,D,PD,BB,D
14:22:40,UNVR,RG,4220,1,D,XC,CC,F
14:22:39,UNVR,RG,4210,11,D,PD,BB,D
14:22:39,UNVR,RG,4210,5,D,YJ,BB,D
14:22:38,UNVR,RG,4210,5,D,YJ,ZP,F
14:22:38,UNVR,RG,4210,2,D,YP,ZP,F
14:22:38,UNVR,RG,4210,1,D,XC,ZP,F
14:22:38,UNVR,RG,4210,1,D,PD,ZP,F
14:22:38,UNVR,RG,4210,1,D,XC,ZP,F
14:22:38,UNVR,RG,4210,3,D,DR,ZP,F
14:22:38,UNVR,RG,4210,97,D,DR,XC,D
14:22:38,UNVR,RG,4210,1,D,NI,XC,D
14:22:38,UNVR,RG,4210,10,D,DR,XC,D
14:22:38,UNVR,RG,4210,1,D,XC,XC,D
14:22:38,UNVR,RG,4210,78,D,BS,XC,D
14:22:36,UNVR,RG,4210,28,D,BS,BB,D
14:22:31,UNVR,RG,4210,2,D,BS,BB,D
14:22:30,UNVR,RG,4210,122,D,BS,CC,F
14:22:30,UNVR,RG,4220,2,F,AK,CC,F
14:22:26,UNVR,RG,4210,3,D,BS,BB,D
14:22:26,UNVR,RG,4210,6,D,BS,BB,D
14:22:19,UNVR,RG,4210,7,D,BS,BB,D
14:22:13,UNVR,RG,4210,9,D,BS,BB,D
14:22:05,UNVR,RG,4210,4,D,BS,BB,D
14:22:05,UNVR,RG,4210,7,D,BS,BB,D
14:22:05,UNVR,RG,4220,25,D,PD,CC,F
14:21:56,UNVR,RG,4210,8,D,BS,BB,D
14:21:56,UNVR,RG,4210,8,D,BS,BB,D
14:21:48,UNVR,RG,4210,67,D,BS,BB,D
14:21:47,UNVR,RG,4210,34,D,BS,BB,D
14:21:44,UNVR,RG,4220,5,D,KK,CC,F
14:21:43,UNVR,RG,4210,117,D,BS,AK,F
14:21:43,UNVR,RG,4210,10,D,YP,AK,F
14:21:43,UNVR,RG,4210,1,D,XC,AK,F
14:21:43,UNVR,RG,4210,1,D,CC,AK,F
14:21:43,UNVR,RG,4210,3,D,XC,AK,F
14:21:43,UNVR,RG,4210,50,D,SQ,AK,F
14:21:43,UNVR,RG,4210,1,D,PD,AK,F
14:21:43,UNVR,RG,4210,1,D,PD,AK,F
14:21:43,UNVR,RG,4210,1,D,XC,AK,F
14:21:43,UNVR,RG,4210,2,D,XC,AK,F
14:21:43,UNVR,RG,4210,30,D,OD,AK,F
14:21:43,UNVR,RG,4210,6,D,LS,AK,F
14:21:43,UNVR,RG,4210,2,D,YP,AK,F
14:21:43,UNVR,RG,4210,1,D,XC,AK,F
14:21:41,UNVR,RG,4220,1,D,YU,CC,F
14:21:35,UNVR,RG,4210,1,D,XC,BB,D
14:21:35,UNVR,RG,4210,5,D,CC,BB,D
14:21:35,UNVR,RG,4210,4,D,CC,BB,D
14:21:34,UNVR,RG,4210,41,D,CC,CC,F
14:21:34,UNVR,RG,4210,78,D,GR,CC,F
14:21:27,UNVR,RG,4210,12,D,GR,BB,D
14:21:26,UNVR,RG,4210,17,D,GR,BB,D
14:21:20,UNVR,RG,4210,76,D,GR,BB,F
14:21:19,UNVR,RG,4220,2,D,XC,CC,F
14:21:17,UNVR,RG,4210,10,D,GR,BB,D
14:21:15,UNVR,RG,4210,10,D,GR,KK,D
14:21:14,UNVR,RG,4210,2,D,GR,BB,D
14:21:09,UNVR,RG,4210,9,D,GR,BB,D
14:21:05,UNVR,RG,4210,23,D,GR,BB,D
14:21:02,UNVR,RG,4220,1,D,PD,CC,F
14:21:00,UNVR,RG,4210,60,D,GR,YU,D
14:21:00,UNVR,RG,4210,7,D,GR,BB,D
14:20:57,UNVR,RG,4220,10,F,CS,CC,F
14:20:57,UNVR,RG,4210,17,D,GR,ZP,F
14:20:57,UNVR,RG,4210,33,D,GR,BB,D
14:20:56,UNVR,RG,4210,17,D,GR,BB,D
14:20:51,UNVR,RG,4210,23,D,GR,BB,D
14:20:48,UNVR,RG,4220,3,D,PD,CC,F
14:20:46,UNVR,RG,4210,6,D,GR,CC,F
14:20:46,UNVR,RG,4210,1,D,CC,CC,F
14:20:46,UNVR,RG,4210,1,D,YP,CC,F
14:20:46,UNVR,RG,4210,1,D,XC,CC,F
14:20:46,UNVR,RG,4210,1,D,CC,CC,F
14:20:46,UNVR,RG,4210,10,D,PD,CC,F
14:20:46,UNVR,RG,4210,2,D,DX,CC,F
14:20:46,UNVR,RG,4210,50,D,CP,CC,F
14:20:46,UNVR,RG,4210,2,D,NI,CC,F
14:20:46,UNVR,RG,4210,2,D,XC,CC,F
14:20:46,UNVR,RG,4210,1,D,NI,CC,F
14:20:46,UNVR,RG,4210,1,D,XL,CC,F
14:20:46,UNVR,RG,4210,10,D,NI,CC,F
14:20:46,UNVR,RG,4210,31,F,CS,CC,F
14:20:43,UNVR,RG,4210,11,F,CS,BB,D
14:20:42,UNVR,RG,4210,5,F,CS,BB,D
14:20:33,UNVR,RG,4210,19,F,CS,BB,D
14:20:32,UNVR,RG,4210,2,F,CS,BB,D
14:20:31,UNVR,RG,4210,19,F,CS,AK,F
14:20:31,UNVR,RG,4210,5,D,GR,AK,F
14:20:31,UNVR,RG,4210,1,D,PD,AK,F
14:20:31,UNVR,RG,4210,10,D,PD,AK,F
14:20:31,UNVR,RG,4210,1,F,BK,AK,F
14:20:31,UNVR,RG,4210,9,D,XC,AK,F
14:20:31,UNVR,RG,4210,10,D,IH,AK,F
14:20:31,UNVR,RG,4210,2,D,SQ,AK,F
14:20:31,UNVR,RG,4210,5,D,GR,AK,F
14:20:31,UNVR,RG,4210,1,D,YP,AK,F
14:20:31,UNVR,RG,4210,10,D,NI,AK,F
14:20:31,UNVR,RG,4210,2,D,PD,AK,F
14:20:25,UNVR,RG,4210,3,D,PD,BB,D
14:20:25,UNVR,RG,4210,4,D,PD,BB,D
14:20:25,UNVR,RG,4210,2,D,PD,BB,D
14:20:19,UNVR,RG,4210,5,D,CC,BB,D
14:20:19,UNVR,RG,4210,10,D,YP,BB,D
14:20:19,UNVR,RG,4210,1,D,XC,BB,D
14:20:19,UNVR,RG,4210,2,D,NI,BB,D
14:20:19,UNVR,RG,4210,17,D,AI,BB,D
14:20:12,UNVR,RG,4210,3,D,AI,BB,D
14:20:11,UNVR,RG,4210,1,D,AI,ZP,F
14:20:08,UNVR,RG,4210,25,D,AI,ZP,F
14:20:07,UNVR,RG,4210,16,D,AI,BB,D
14:20:02,UNVR,RG,4210,38,D,AI,CC,F
14:20:02,UNVR,RG,4210,1,D,YP,CC,F
14:20:02,UNVR,RG,4210,1,D,XC,CC,F
14:20:02,UNVR,RG,4210,1,D,SQ,CC,F
14:20:02,UNVR,RG,4210,1,D,TP,CC,F
14:20:02,UNVR,RG,4210,3,D,PD,CC,F
14:20:02,UNVR,RG,4210,25,D,PD,CC,F
14:20:02,UNVR,RG,4210,3,D,YP,CC,F
14:20:02,UNVR,RG,4210,1,D,PD,CC,F
14:20:02,UNVR,RG,4210,43,F,CS,CC,F
14:20:02,UNVR,RG,4210,3,F,CS,BB,D
14:19:55,UNVR,RG,4210,13,F,CS,BB,D
14:19:55,UNVR,RG,4210,4,F,CS,BB,D
14:19:51,UNVR,RG,4210,5,F,CS,BK,F
14:19:51,UNVR,RG,4210,6,D,CC,BK,F
14:19:51,UNVR,RG,4210,7,D,CC,BB,D
14:19:50,UNVR,RG,4220,20,F,DH,CC,F
14:19:45,UNVR,RG,4220,3,D,NI,CC,F
14:19:43,UNVR,RG,4210,12,D,CC,BB,D
14:19:36,UNVR,RG,4220,11,F,BK,CC,F
14:19:35,UNVR,RG,4210,8,D,CC,BB,D
14:19:34,UNVR,RG,4220,10,F,DH,CC,F
14:19:29,UNVR,RG,4210,10,D,CC,BB,D
14:19:26,UNVR,RG,4220,23,D,NI,CC,F
14:19:23,UNVR,RG,4210,2,D,CC,BB,D
14:19:23,UNVR,RG,4210,5,D,CC,BB,D
14:19:23,UNVR,RG,4210,1,D,EP,BB,D
14:19:23,UNVR,RG,4210,1,D,XC,BB,D
14:19:22,UNVR,RG,4220,15,D,PD,CC,F
14:19:19,UNVR,RG,4210,1,D,XC,BB,D
14:19:19,UNVR,RG,4210,5,D,SQ,BB,D
14:19:13,UNVR,RG,4210,4,D,SQ,BB,D
14:19:05,UNVR,RG,4210,20,D,SQ,BB,D
14:19:04,UNVR,RG,4210,12,D,SQ,BB,D
14:19:00,UNVR,RG,4210,69,D,SQ,YU,D
14:18:55,UNVR,RG,4210,7,D,SQ,NI,D
14:18:55,UNVR,RG,4210,8,D,SQ,BB,D
14:18:54,UNVR,RG,4210,3,D,SQ,BB,D
14:18:43,UNVR,RG,4220,10,F,AK,CC,F
14:18:42,UNVR,RG,4210,5,D,SQ,BB,D
14:18:42,UNVR,RG,4210,3,D,SQ,BB,D
14:18:35,UNVR,RG,4210,19,D,SQ,BB,D
14:18:34,UNVR,RG,4220,2,F,AK,CC,F
14:18:33,UNVR,RG,4220,1,D,DR,CC,F
14:18:31,UNVR,RG,4210,1,D,SQ,AT,D
14:18:28,UNVR,RG,4210,6,D,SQ,BB,D
14:18:24,UNVR,RG,4210,7,D,SQ,BB,D
14:18:24,UNVR,RG,4210,4,D,SQ,BB,D
14:18:24,UNVR,RG,4210,50,D,SQ,DR,D
14:18:20,UNVR,RG,4210,7,D,SQ,PD,D
14:18:16,UNVR,RG,4210,11,D,SQ,BB,D
14:18:13,UNVR,RG,4210,4,D,SQ,BB,D
14:18:13,UNVR,RG,4220,23,D,LG,CC,F
14:18:07,UNVR,RG,4210,5,D,SQ,BB,D
14:18:07,UNVR,RG,4210,8,D,SQ,BB,D
14:18:07,UNVR,RG,4220,10,F,CS,CC,F
14:18:00,UNVR,RG,4210,19,D,SQ,BB,D
14:18:00,UNVR,RG,4210,36,D,SQ,BB,D
14:17:50,UNVR,RG,4210,19,D,SQ,ZP,F
14:17:49,UNVR,RG,4210,15,D,SQ,BB,D
14:17:49,UNVR,RG,4210,1,D,SQ,XC,D
14:17:48,UNVR,RG,4210,27,D,SQ,BB,D
14:17:48,UNVR,RG,4220,150,D,CC,CC,F
14:17:36,UNVR,RG,4210,118,D,SQ,CC,F
14:17:34,UNVR,RG,4210,3,D,SQ,BB,D
14:17:33,UNVR,RG,4210,4,D,SQ,BB,D
14:17:30,UNVR,RG,4220,1,F,AK,CC,F
14:17:28,UNVR,RG,4210,3,D,SQ,BB,D
14:17:28,UNVR,RG,4210,7,D,SQ,BB,D
14:17:28,UNVR,RG,4210,1,D,YP,BB,D
14:17:19,UNVR,RG,4210,1,D,XL,BB,D
14:17:19,UNVR,RG,4210,6,D,XA,BB,D
14:17:18,UNVR,RG,4220,1,D,YU,CC,F
14:17:15,UNVR,RG,4210,8,D,XA,BB,D
14:17:06,UNVR,RG,4210,2,D,XA,BB,D
14:17:06,UNVR,RG,4210,25,D,XA,BB,D
14:16:59,UNVR,RG,4210,3,D,XA,BB,D
14:16:53,UNVR,RG,4210,6,D,XA,BB,D
14:16:53,UNVR,RG,4210,2,D,YP,BB,D
14:16:53,UNVR,RG,4210,1,D,CC,BB,D
14:16:53,UNVR,RG,4210,3,D,XA,BB,D
14:16:52,UNVR,RG,4210,12,D,XA,BB,D
14:16:51,UNVR,RG,4210,35,D,XA,CC,F
14:16:51,UNVR,RG,4210,2,D,CC,CC,F
14:16:51,UNVR,RG,4210,1,D,PD,CC,F
14:16:51,UNVR,RG,4210,1,D,YP,CC,F
14:16:51,UNVR,RG,4210,1,D,XC,CC,F
14:16:51,UNVR,RG,4210,5,D,PD,CC,F
14:16:51,UNVR,RG,4210,30,D,IF,CC,F
14:16:51,UNVR,RG,4210,2,D,PD,CC,F
14:16:51,UNVR,RG,4210,5,D,PD,CC,F
14:16:51,UNVR,RG,4210,5,D,NI,CC,F
14:16:51,UNVR,RG,4210,32,F,CS,CC,F
14:16:49,UNVR,RG,4210,30,F,CS,BB,D
14:16:41,UNVR,RG,4210,41,F,CS,BB,D
14:16:41,UNVR,RG,4210,3,D,CC,BB,D
14:16:30,UNVR,RG,4210,2,D,CC,AK,F
14:16:30,UNVR,RG,4210,1,D,CC,AK,F
14:16:30,UNVR,RG,4210,1,D,YP,AK,F
14:16:30,UNVR,RG,4210,1,D,DH,AK,F
14:16:30,UNVR,RG,4210,5,D,KK,AK,F
14:16:30,UNVR,RG,4210,1,D,AT,AK,F
14:16:30,UNVR,RG,4210,20,D,ZP,AK,F
14:16:30,UNVR,RG,4210,5,D,NI,AK,F
14:16:30,UNVR,RG,4210,1,D,PD,AK,F
14:16:30,UNVR,RG,4210,5,D,PD,AK,F
14:16:30,UNVR,RG,4210,1,D,NI,AK,F
14:16:30,UNVR,RG,4210,30,D,SQ,AK,F
14:16:30,UNVR,RG,4210,2,D,PD,AK,F
14:16:30,UNVR,RG,4210,2,D,HP,AK,F
14:16:30,UNVR,RG,4210,50,D,PG,AK,F
14:16:30,UNVR,RG,4210,40,D,GR,AK,F
14:16:30,UNVR,RG,4210,5,D,YP,AK,F
14:16:30,UNVR,RG,4210,1,D,XC,AK,F
14:16:30,UNVR,RG,4210,2,D,KK,AK,F
14:16:30,UNVR,RG,4210,2,D,YP,AK,F
14:16:30,UNVR,RG,4210,1,D,XC,AK,F
14:16:30,UNVR,RG,4210,2,D,CC,AK,F
14:16:30,UNVR,RG,4210,39,F,CS,AK,F
14:16:30,UNVR,RG,4210,5,D,YP,AK,F
14:16:30,UNVR,RG,4210,9,D,YP,AK,F
14:16:29,UNVR,RG,4210,1,D,YP,BB,D
14:16:29,UNVR,RG,4210,1,D,XC,BB,D
14:16:29,UNVR,RG,4210,2,D,DH,BB,D
14:16:29,UNVR,RG,4210,1,D,CC,BB,D
14:16:29,UNVR,RG,4210,6,D,TP,BB,D
14:16:29,UNVR,RG,4210,4,D,TP,BB,D
14:16:29,UNVR,RG,4210,22,D,AI,BB,D
14:16:29,UNVR,RG,4220,1,D,XC,CC,F
14:16:12,UNVR,RG,4210,2,D,AI,XC,D
14:16:10,UNVR,RG,4210,4,D,AI,BB,D
14:16:09,UNVR,RG,4220,50,D,KK,CC,F
14:16:03,UNVR,RG,4210,13,D,AI,BB,D
14:16:03,UNVR,RG,4210,7,D,AI,BB,D
14:16:02,UNVR,RG,4210,10,D,AI,YP,D
14:16:00,UNVR,RG,4210,39,D,AI,YU,D
14:15:59,UNVR,RG,4220,10,D,XC,CC,F
14:15:56,UNVR,RG,4210,16,D,AI,BB,D
14:15:55,UNVR,RG,4210,9,D,AI,BB,D
14:15:54,UNVR,RG,4210,2,D,AI,CC,D
14:15:46,UNVR,RG,4210,23,D,AI,BB,D
14:15:45,UNVR,RG,4210,16,D,AI,BB,D
14:15:45,UNVR,RG,4210,51,D,AI,BB,F
14:15:43,UNVR,RG,4220,5,F,DX,CC,F
14:15:41,UNVR,RG,4210,4,D,AI,BB,D
14:15:41,UNVR,RG,4210,11,D,AI,BB,D
14:15:41,UNVR,RG,4210,120,D,AI,CC,F
14:15:26,UNVR,RG,4210,9,D,AI,BB,D
14:15:25,UNVR,RG,4210,4,D,AI,BB,D
14:15:24,UNVR,RG,4210,12,D,AI,YP,D
14:15:15,UNVR,RG,4210,7,D,AI,BB,D
14:15:14,UNVR,RG,4210,10,D,AI,BB,D
14:15:14,UNVR,RG,4220,10,F,CS,CC,F
14:15:13,UNVR,RG,4210,10,D,AI,ZP,F
14:15:04,UNVR,RG,4210,16,D,AI,BB,D
14:15:04,UNVR,RG,4210,1,D,AI,BB,D
14:15:04,UNVR,RG,4220,1,D,GR,CC,F
14:14:58,UNVR,RG,4210,8,D,AI,BB,D
14:14:52,UNVR,RG,4210,18,D,AI,NI,D
14:14:50,UNVR,RG,4220,13,F,BK,CC,F
14:14:50,UNVR,RG,4210,25,D,AI,BB,D
14:14:50,UNVR,RG,4210,14,D,AI,BB,D
14:14:50,UNVR,RG,4210,2,D,AI,PD,D
14:14:45,UNVR,RG,4210,15,D,AI,CC,F
14:14:45,UNVR,RG,4210,6,D,XC,CC,F
14:14:45,UNVR,RG,4210,2,D,NI,CC,F
14:14:45,UNVR,RG,4210,4,D,DH,CC,F
14:14:45,UNVR,RG,4210,1,D,AZ,CC,F
14:14:45,UNVR,RG,4210,2,D,CD,CC,F
14:14:45,UNVR,RG,4210,1,D,YP,CC,F
14:14:45,UNVR,RG,4210,67,F,CS,CC,F
14:14:45,UNVR,RG,4210,1,D,DH,CC,F
14:14:45,UNVR,RG,4210,5,D,CC,CC,F
14:14:45,UNVR,RG,4210,15,D,SQ,CC,F
14:14:43,UNVR,RG,4210,10,D,SQ,BK,F
14:14:43,UNVR,RG,4210,1,D,XC,BK,F
14:14:43,UNVR,RG,4210,2,D,YP,BK,F
14:14:42,UNVR,RG,4210,3,D,YP,BB,D
14:14:42,UNVR,RG,4210,3,D,XC,BB,D
14:14:42,UNVR,RG,4210,2,D,XC,BB,D
14:14:42,UNVR,RG,4210,1,D,YP,BB,D
14:14:42,UNVR,RG,4210,2,D,SQ,BB,D
14:14:42,UNVR,RG,4210,3,D,KK,BB,D
14:14:33,UNVR,RG,4210,1,D,KK,YP,D
14:14:33,UNVR,RG,4210,1,D,MU,YP,D
14:14:33,UNVR,RG,4210,2,D,XC,YP,D
14:14:33,UNVR,RG,4210,1,D,NI,YP,D
14:14:31,UNVR,RG,4210,2,D,SQ,BB,D
14:14:31,UNVR,RG,4210,1,D,YP,BB,D
14:14:31,UNVR,RG,4210,6,D,PD,BB,D
14:14:31,UNVR,RG,4210,4,D,PD,BB,D
14:14:17,UNVR,RG,4210,7,D,PD,BB,D
14:14:16,UNVR,RG,4210,2,D,PD,BB,D
14:14:16,UNVR,RG,4210,2,D,GR,BB,D
14:14:16,UNVR,RG,4210,1,D,YP,BB,D
14:14:16,UNVR,RG,4210,5,D,SQ,BB,D
14:14:11,UNVR,RG,4220,6,D,KK,CC,F
14:14:10,UNVR,RG,4210,5,D,SQ,BB,D
14:14:10,UNVR,RG,4210,1,D,PD,BB,D
14:14:10,UNVR,RG,4210,5,D,PD,BB,D
14:14:10,UNVR,RG,4210,3,D,PD,BB,D
14:14:10,UNVR,RG,4210,1,D,NI,BB,D
14:14:10,UNVR,RG,4210,8,D,YP,BB,D
14:14:10,UNVR,RG,4210,44,D,YP,BB,D
14:14:00,UNVR,RG,4210,24,D,YP,ZP,F
14:14:00,UNVR,RG,4210,44,D,YP,YU,D
14:14:00,UNVR,RG,4210,1,D,XC,YU,D
14:14:00,UNVR,RG,4210,41,F,CS,YU,D
14:14:00,UNVR,RG,4210,35,F,CS,CC,F
14:14:00,UNVR,RG,4210,1,D,NI,CC,F
14:14:00,UNVR,RG,4210,2,D,NI,CC,F
14:14:00,UNVR,RG,4210,10,D,GR,CC,F
14:14:00,UNVR,RG,4210,1,D,DR,CC,F
14:14:00,UNVR,RG,4210,69,D,YP,CC,F
14:13:58,UNVR,RG,4210,6,D,YP,BK,F
14:13:55,UNVR,RG,4210,5,D,DH,BB,D
14:13:55,UNVR,RG,4210,3,D,DH,BB,D
14:13:55,UNVR,RG,4210,6,D,LG,BB,D
14:13:43,UNVR,RG,4210,4,D,LG,BB,D
14:13:43,UNVR,RG,4210,1,D,YP,BB,D
14:13:43,UNVR,RG,4210,3,D,XC,BB,D
14:13:43,UNVR,RG,4210,3,D,KK,BB,D
14:13:31,UNVR,RG,4210,3,D,KK,BB,D
14:13:30,UNVR,RG,4210,4,D,KK,BB,D
14:13:21,UNVR,RG,4210,4,D,KK,BB,D
14:13:16,UNVR,RG,4210,21,D,KK,BB,D
14:13:15,UNVR,RG,4210,2,D,KK,PD,D
14:13:12,UNVR,RG,4210,1,D,KK,CC,F
14:13:12,UNVR,RG,4210,1,D,KK,CC,F
14:13:12,UNVR,RG,4210,10,D,XC,CC,F
14:13:12,UNVR,RG,4210,50,D,SQ,CC,F
14:13:12,UNVR,RG,4210,5,D,MG,CC,F
14:13:12,UNVR,RG,4210,8,D,PD,CC,F
14:13:12,UNVR,RG,4210,10,D,CC,CC,F
14:13:12,UNVR,RG,4210,1,F,AK,CC,F
14:13:12,UNVR,RG,4210,1,D,XC,CC,F
14:13:12,UNVR,RG,4210,1,D,XC,CC,F
14:13:12,UNVR,RG,4210,34,D,KK,CC,F
14:13:09,UNVR,RG,4210,12,D,KK,BB,D
14:12:55,UNVR,RG,4210,7,D,KK,BB,D
14:12:54,UNVR,RG,4220,5,D,PD,CC,F
14:12:45,UNVR,RG,4220,10,D,KK,CC,F
14:12:42,UNVR,RG,4210,6,D,KK,BB,D
14:12:30,UNVR,RG,4220,10,D,CC,CC,F
14:12:13,UNVR,RG,4220,101,F,YU,CC,F
14:12:12,UNVR,RG,4220,11,F,CS,CC,F
14:12:05,UNVR,RG,4220,1,D,XC,CC,F
14:12:05,UNVR,RG,4210,14,D,KK,ZP,F
14:12:05,UNVR,RG,4220,4,D,XC,CC,F
14:12:02,UNVR,RG,4220,13,D,KK,CC,F
14:12:01,UNVR,RG,4210,50,D,KK,BB,F
14:12:00,UNVR,RG,4220,2,D,AT,CC,F
14:11:58,UNVR,RG,4220,3,D,KK,CC,F
14:11:55,UNVR,RG,4220,10,D,GR,CC,F
14:11:50,UNVR,RG,4220,5,D,CC,CC,F
14:11:27,UNVR,RG,4220,3,D,XC,CC,F
14:11:10,UNVR,RG,4220,25,D,AG,CC,F
14:11:07,UNVR,RG,4220,3,D,DH,CC,F
14:11:02,UNVR,RG,4210,120,D,KK,CC,F
14:11:00,UNVR,RG,4210,105,D,KK,YU,D
14:10:50,UNVR,RG,4210,2,D,KK,PD,D
14:10:50,UNVR,RG,4210,1,D,YP,PD,D
14:10:50,UNVR,RG,4210,5,D,DH,PD,D
14:10:50,UNVR,RG,4210,14,F,CS,PD,D
14:10:50,UNVR,RG,4210,4,F,CS,PD,D
14:10:49,UNVR,RG,4220,23,D,XL,CC,F
14:10:34,UNVR,RG,4220,25,D,KK,CC,F
14:10:17,UNVR,RG,4210,16,F,CS,ZP,F
14:10:16,UNVR,RG,4220,2,D,YP,CC,F
14:10:12,UNVR,RG,4210,20,F,CS,PD,D
14:10:09,UNVR,RG,4220,12,D,NI,CC,F
14:09:52,UNVR,RG,4220,1,D,DH,CC,F
14:09:50,UNVR,RG,4210,9,F,CS,BK,F
14:09:50,UNVR,RG,4210,1,D,XC,BK,F
14:09:50,UNVR,RG,4210,1,D,NI,BK,F
14:09:50,UNVR,RG,4210,1,F,AK,BK,F
14:09:48,UNVR,RG,4220,1,D,NI,CC,F
14:09:44,UNVR,RG,4220,50,D,FS,CC,F
14:09:39,UNVR,RG,4220,3,D,YU,CC,F
14:09:35,UNVR,RG,4210,2,F,AK,BB,D
14:09:35,UNVR,RG,4210,1,D,NI,BB,D
14:09:35,UNVR,RG,4210,1,D,PD,BB,D
14:09:35,UNVR,RG,4210,5,D,XC,BB,D
14:09:35,UNVR,RG,4210,4,D,XC,BB,D
14:09:35,UNVR,RG,4210,1,D,XC,BB,D
14:09:35,UNVR,RG,4210,1,D,XC,BB,D
14:09:35,UNVR,RG,4210,1,D,XC,BB,D
14:09:35,UNVR,RG,4210,5,D,XC,BB,D
14:09:35,UNVR,RG,4210,2,D,NI,BB,D
14:09:35,UNVR,RG,4210,5,D,CC,BB,D
14:09:35,UNVR,RG,4210,5,F,YU,BB,D
14:09:27,UNVR,RG,4220,3,D,XC,CC,F
14:09:27,UNVR,RG,4220,1,D,XC,XC,D
14:09:27,UNVR,RG,4220,18,D,XC,YU,D
14:09:27,UNVR,RG,4210,50,F,YU,NI,D
14:09:27,UNVR,RG,4210,7,F,YU,BB,D
14:09:26,UNVR,RG,4220,1,D,NI,YU,D
14:09:26,UNVR,RG,4210,41,F,YU,CC,F
14:09:26,UNVR,RG,4210,1,D,YP,CC,F
14:09:26,UNVR,RG,4210,4,D,CC,CC,F
14:09:26,UNVR,RG,4210,10,D,PD,CC,F
14:09:26,UNVR,RG,4210,1,F,AK,CC,F
14:09:26,UNVR,RG,4210,61,D,YP,CC,F
14:09:25,UNVR,RG,4210,7,D,YP,BB,D
14:09:08,UNVR,RG,4220,3,D,GR,YU,D
14:09:08,UNVR,RG,4220,2,D,GR,ZP,F
14:09:08,UNVR,RG,4210,5,D,YP,BB,D
14:09:04,UNVR,RG,4220,1,D,PD,ZP,F
14:08:59,UNVR,RG,4210,11,D,YP,BB,D
14:08:54,UNVR,RG,4220,20,D,PD,ZP,F
14:08:54,UNVR,RG,4220,1,D,PD,BB,F
14:08:54,UNVR,RG,4220,4,D,PD,ZP,F
14:08:47,UNVR,RG,4210,16,D,YP,BB,D
14:08:47,UNVR,RG,4210,5,D,CC,BB,D
14:08:47,UNVR,RG,4210,2,D,NI,BB,D
14:08:40,UNVR,RG,4210,8,D,NI,BB,D
14:08:40,UNVR,RG,4210,9,D,XC,BB,D
14:08:40,UNVR,RG,4210,3,D,XC,CC,F
14:08:40,UNVR,RG,4210,20,D,NI,CC,F
14:08:40,UNVR,RG,4210,22,D,XC,CC,F
14:08:40,UNVR,RG,4210,1,D,XC,CC,F
14:08:40,UNVR,RG,4210,3,D,XC,CC,F
14:08:40,UNVR,RG,4210,1,D,CC,CC,F
14:08:40,UNVR,RG,4210,66,F,CS,CC,F
14:08:40,UNVR,RG,4210,1,D,GR,CC,F
14:08:40,UNVR,RG,4210,1,D,YU,CC,F
14:08:30,UNVR,RG,4210,4,D,YU,ZP,F
14:08:30,UNVR,RG,4210,3,D,NI,ZP,F
14:08:30,UNVR,RG,4210,1,D,NI,ZP,F
14:08:30,UNVR,RG,4210,5,D,NI,ZP,F
14:08:30,UNVR,RG,4210,5,D,KK,ZP,F
14:08:30,UNVR,RG,4210,5,D,PD,ZP,F
14:08:29,UNVR,RG,4210,1,D,XC,BB,D
14:08:29,UNVR,RG,4210,1,D,PD,BB,D
14:08:29,UNVR,RG,4210,1,D,YP,BB,D
14:08:29,UNVR,RG,4210,8,D,YP,BB,D
14:08:14,UNVR,RG,4210,2,D,YP,BB,F
14:08:14,UNVR,RG,4210,5,D,AT,BB,F
14:08:14,UNVR,RG,4210,2,F,AK,BB,F
14:08:14,UNVR,RG,4210,1,D,NI,BB,F
14:08:14,UNVR,RG,4210,5,D,PD,BB,F
14:08:14,UNVR,RG,4210,2,D,CP,BB,F
14:08:14,UNVR,RG,4210,2,D,PD,BB,F
14:08:14,UNVR,RG,4210,10,D,LG,BB,F
14:08:14,UNVR,RG,4210,23,D,SQ,BB,F
14:08:13,UNVR,RG,4220,1,D,NI,ZP,F
14:08:12,UNVR,RG,4210,7,D,SQ,BB,D
14:08:12,UNVR,RG,4210,3,F,CS,BB,D
14:08:08,UNVR,RG,4210,15,F,CS,XL,D
14:08:08,UNVR,RG,4210,10,D,KK,XL,D
14:08:02,UNVR,RG,4210,10,D,KK,BB,D
14:08:02,UNVR,RG,4210,6,D,NI,BB,D
14:08:02,UNVR,RG,4210,1,D,XC,BB,D
14:08:02,UNVR,RG,4210,1,D,EP,BB,D
14:08:02,UNVR,RG,4210,6,F,CS,BB,D
14:08:02,UNVR,RG,4210,15,F,CS,BB,D
14:08:02,UNVR,RG,4210,1,D,XC,BB,D
14:07:59,UNVR,RG,4220,41,F,ZP,ZP,F
14:07:59,UNVR,RG,4220,59,F,ZP,AK,F
14:07:53,UNVR,RG,4210,2,D,XC,BB,D
14:07:53,UNVR,RG,4210,5,F,BK,BB,D
14:07:53,UNVR,RG,4210,1,D,XC,BB,D
14:07:53,UNVR,RG,4210,4,F,CS,BB,D
14:07:53,UNVR,RG,4210,19,F,CS,CC,F
14:07:53,UNVR,RG,4210,1,D,XC,CC,F
14:07:53,UNVR,RG,4210,2,D,OD,CC,F
14:07:53,UNVR,RG,4210,2,D,SQ,CC,F
14:07:53,UNVR,RG,4210,1,D,YP,CC,F
14:07:53,UNVR,RG,4210,1,F,AK,CC,F
14:07:53,UNVR,RG,4210,1,D,NI,CC,F
14:07:53,UNVR,RG,4210,2,D,YP,CC,F
14:07:53,UNVR,RG,4210,25,F,CS,CC,F
14:07:53,UNVR,RG,4210,66,D,YP,CC,F
14:07:52,UNVR,RG,4220,15,D,DH,AK,F
14:07:51,UNVR,RG,4220,8,D,YP,AK,F
14:07:51,UNVR,RG,4220,2,D,YP,AK,F
14:07:42,UNVR,RG,4210,4,D,YP,BB,D
14:07:37,UNVR,RG,4210,5,D,YP,BB,D
14:07:37,UNVR,RG,4220,1,D,YB,AK,F
14:07:30,UNVR,RG,4210,1,D,YP,YB,D
14:07:28,UNVR,RG,4210,2,D,YP,XC,D
14:07:25,UNVR,RG,4210,7,D,YP,BB,D
14:07:16,UNVR,RG,4210,15,D,YP,BB,D
14:07:16,UNVR,RG,4210,8,F,CS,BB,D
14:07:16,UNVR,RG,4210,5,D,XC,BB,D
14:07:16,UNVR,RG,4210,3,D,CC,BB,D
14:07:16,UNVR,RG,4210,1,D,SQ,BB,D
14:07:16,UNVR,RG,4210,3,D,NI,BB,D
14:07:16,UNVR,RG,4210,2,D,YU,BB,D
14:07:07,UNVR,RG,4220,69,D,BB,AK,F
14:07:04,UNVR,RG,4210,4,D,YU,BB,D
14:07:04,UNVR,RG,4210,4,D,YU,CC,F
14:07:04,UNVR,RG,4210,1,D,SQ,CC,F
14:07:04,UNVR,RG,4210,1,D,YP,CC,F
14:07:04,UNVR,RG,4210,1,F,AK,CC,F
14:07:04,UNVR,RG,4210,1,D,XC,CC,F
14:07:04,UNVR,RG,4210,63,D,XA,CC,F
14:07:04,UNVR,RG,4210,1,D,YP,CC,F
14:07:04,UNVR,RG,4210,1,D,DR,CC,F
14:07:04,UNVR,RG,4210,2,F,AK,CC,F
14:07:04,UNVR,RG,4210,4,D,XC,CC,F
14:07:04,UNVR,RG,4210,40,F,CS,CC,F
14:06:57,UNVR,RG,4210,4,F,CS,BB,D
14:06:49,UNVR,RG,4210,6,F,CS,BB,D
14:06:48,UNVR,RG,4220,1,D,XC,AK,F
14:06:46,UNVR,RG,4220,2,D,XL,AK,F
14:06:46,UNVR,RG,4220,8,D,XL,AK,F
14:06:42,UNVR,RG,4210,2,F,CS,BB,D
14:06:42,UNVR,RG,4210,4,D,YU,BB,D
14:06:33,UNVR,RG,4210,4,D,YU,BB,D
14:06:33,UNVR,RG,4210,1,D,YP,BB,D
14:06:28,UNVR,RG,4210,27,D,YP,BB,D
14:06:16,UNVR,RG,4210,20,D,YP,CC,F
14:06:16,UNVR,RG,4210,5,D,YP,CC,F
14:06:16,UNVR,RG,4210,1,D,PD,CC,F
14:06:16,UNVR,RG,4210,1,D,YP,CC,F
14:06:16,UNVR,RG,4210,12,D,YP,CC,F
14:06:16,UNVR,RG,4210,1,D,KK,CC,F
14:06:16,UNVR,RG,4210,1,D,YP,CC,F
14:06:16,UNVR,RG,4210,2,D,CC,CC,F
14:06:16,UNVR,RG,4210,2,D,GR,CC,F
14:06:16,UNVR,RG,4210,1,D,XC,CC,F
14:06:16,UNVR,RG,4210,10,D,YB,CC,F
14:06:16,UNVR,RG,4210,1,D,YP,CC,F
14:06:16,UNVR,RG,4210,1,D,PD,CC,F
14:06:16,UNVR,RG,4210,2,F,AK,CC,F
14:06:16,UNVR,RG,4210,58,F,CS,CC,F
14:06:13,UNVR,RG,4210,7,F,CS,BB,D
14:06:13,UNVR,RG,4210,5,F,CS,BB,D
14:06:13,UNVR,RG,4210,1,D,DR,BB,D
14:06:13,UNVR,RG,4210,6,F,BK,BB,D
14:06:13,UNVR,RG,4210,5,D,YP,BB,D
14:06:13,UNVR,RG,4210,5,D,YP,BB,D
14:06:13,UNVR,RG,4210,2,D,NI,BB,D
14:06:13,UNVR,RG,4210,1,D,XC,BB,D
14:06:13,UNVR,RG,4210,1,D,CC,BB,D
14:06:13,UNVR,RG,4210,1,D,LG,BB,D
14:06:13,UNVR,RG,4210,1,D,EL,BB,D
14:06:13,UNVR,RG,4220,7,F,BK,AK,F
14:06:13,UNVR,RG,4220,6,F,BK,YU,D
14:06:11,UNVR,RG,4210,4,D,EL,AK,F
14:06:11,UNVR,RG,4210,1,D,PD,AK,F
14:06:11,UNVR,RG,4210,2,D,YP,AK,F
14:06:11,UNVR,RG,4210,10,D,PD,AK,F
14:06:11,UNVR,RG,4210,10,D,CC,AK,F
14:06:11,UNVR,RG,4210,10,D,CC,AK,F
14:06:11,UNVR,RG,4210,2,D,NI,AK,F
14:06:11,UNVR,RG,4210,1,D,CC,AK,F
14:06:11,UNVR,RG,4210,87,D,BB,AK,F
14:06:11,UNVR,RG,4210,1,D,PD,AK,F
14:06:11,UNVR,RG,4210,1,D,XC,AK,F
14:06:11,UNVR,RG,4210,1,D,PD,AK,F
14:06:11,UNVR,RG,4210,4,D,YP,AK,F
14:06:11,UNVR,RG,4210,45,D,GR,AK,F
14:06:11,UNVR,RG,4210,5,D,YP,AK,F
14:06:11,UNVR,RG,4210,10,D,YP,AK,F
14:06:11,UNVR,RG,4210,2,D,CC,AK,F
14:06:11,UNVR,RG,4210,5,D,DH,AK,F
14:06:11,UNVR,RG,4210,2,D,SQ,AK,F
14:06:10,UNVR,RG,4210,8,D,SQ,BB,D
14:06:10,UNVR,RG,4210,1,D,SQ,XC,D
14:05:56,UNVR,RG,4210,4,D,SQ,BB,D
14:05:56,UNVR,RG,4220,1,D,NI,YU,D
14:05:48,UNVR,RG,4210,5,D,SQ,BB,D
14:05:48,UNVR,RG,4210,4,D,NI,BB,D
14:05:48,UNVR,RG,4210,1,D,NI,BB,D
14:05:48,UNVR,RG,4210,2,D,SQ,BB,D
14:05:32,UNVR,RG,4210,2,F,AK,BB,D
14:05:32,UNVR,RG,4210,10,D,CC,BB,D
14:05:32,UNVR,RG,4210,2,D,NI,BB,D
14:05:32,UNVR,RG,4210,1,F,AK,BB,D
14:05:32,UNVR,RG,4210,5,D,PD,BB,D
14:05:32,UNVR,RG,4210,1,D,CC,BB,D
14:05:28,UNVR,RG,4210,9,D,CC,CC,F
14:05:28,UNVR,RG,4210,4,D,PD,CC,F
14:05:28,UNVR,RG,4210,105,D,CC,CC,F
14:05:24,UNVR,RG,4210,5,D,CC,BB,D
14:05:24,UNVR,RG,4210,6,D,CC,BB,D
14:05:12,UNVR,RG,4210,1,D,NI,CC,D
14:05:12,UNVR,RG,4210,4,D,LS,CC,D
14:05:10,UNVR,RG,4210,7,D,LS,BB,D
14:05:05,UNVR,RG,4220,11,F,AK,YU,D
14:05:04,UNVR,RG,4210,19,D,LS,BB,D
14:05:04,UNVR,RG,4210,1,D,YP,BB,D
14:05:04,UNVR,RG,4210,4,D,XC,BB,D
14:05:04,UNVR,RG,4210,5,D,OD,BB,D
14:05:00,UNVR,RG,4210,45,D,OD,YU,D
14:05:00,UNVR,RG,4210,8,D,NI,YU,D
14:04:58,UNVR,RG,4220,5,D,CC,YU,D
14:04:57,UNVR,RG,4210,2,D,NI,AK,F
14:04:57,UNVR,RG,4210,3,D,PD,AK,F
14:04:57,UNVR,RG,4210,1,D,NI,AK,F
14:04:57,UNVR,RG,4210,25,D,YP,AK,F
14:04:57,UNVR,RG,4210,1,D,YP,AK,F
14:04:57,UNVR,RG,4210,1,D,YP,AK,F
14:04:57,UNVR,RG,4210,30,D,YP,AK,F
14:04:57,UNVR,RG,4210,1,D,YP,AK,F
14:04:57,UNVR,RG,4210,1,D,YP,AK,F
14:04:57,UNVR,RG,4210,1,D,YP,AK,F
14:04:57,UNVR,RG,4210,6,D,YP,AK,F
14:04:57,UNVR,RG,4210,1,D,YP,AK,F
14:04:57,UNVR,RG,4210,1,D,YP,AK,F
14:04:57,UNVR,RG,4210,1,D,YP,AK,F
14:04:57,UNVR,RG,4210,3,D,KK,AK,F
14:04:57,UNVR,RG,4210,6,D,YP,AK,F
14:04:56,UNVR,RG,4210,4,D,YP,BB,D
14:04:56,UNVR,RG,4210,1,D,YP,BB,D
14:04:56,UNVR,RG,4210,2,D,YP,BB,D
14:04:56,UNVR,RG,4210,5,D,YP,BB,D
14:04:56,UNVR,RG,4210,2,D,YP,BB,D
14:04:56,UNVR,RG,4210,1,D,YP,BB,D
14:04:56,UNVR,RG,4210,7,D,YP,BB,D
14:04:56,UNVR,RG,4210,4,D,YP,BB,D
14:04:56,UNVR,RG,4210,1,D,YP,XC,D
14:04:56,UNVR,RG,4220,2,D,CC,YU,D
14:04:40,UNVR,RG,4210,1,D,YP,BB,D
14:04:40,UNVR,RG,4210,1,D,YP,BB,D
14:04:40,UNVR,RG,4210,1,D,CC,BB,D
14:04:40,UNVR,RG,4210,5,D,CC,BB,D
14:04:40,UNVR,RG,4210,7,D,XC,BB,D
14:04:40,UNVR,RG,4210,1,D,XC,BB,D
14:04:40,UNVR,RG,4210,1,D,XC,CC,F
14:04:40,UNVR,RG,4210,1,D,XC,CC,F
14:04:40,UNVR,RG,4210,1,D,XC,CC,F
14:04:40,UNVR,RG,4210,4,D,PD,CC,F
14:04:40,UNVR,RG,4210,3,D,SQ,CC,F
14:04:40,UNVR,RG,4210,2,D,SQ,CC,F
14:04:40,UNVR,RG,4210,1,D,PD,CC,F
14:04:40,UNVR,RG,4210,2,D,XC,CC,F
14:04:40,UNVR,RG,4210,2,D,XC,CC,F
14:04:40,UNVR,RG,4210,8,D,XC,CC,F
14:04:40,UNVR,RG,4210,1,D,XC,CC,F
14:04:40,UNVR,RG,4210,1,D,PD,CC,F
14:04:40,UNVR,RG,4210,3,D,PD,CC,F
14:04:40,UNVR,RG,4210,5,D,CC,CC,F
14:04:40,UNVR,RG,4210,5,D,PD,CC,F
14:04:40,UNVR,RG,4210,20,D,PD,CC,F
14:04:40,UNVR,RG,4210,30,D,SQ,CC,F
14:04:40,UNVR,RG,4210,1,D,BQ,CC,F
14:04:40,UNVR,RG,4210,26,D,DR,CC,F
14:04:40,UNVR,RG,4210,10,D,DR,YP,D
14:04:39,UNVR,RG,4210,6,D,DR,BK,F
14:04:32,UNVR,RG,4210,13,D,DR,BK,F
14:04:30,UNVR,RG,4210,7,D,DR,BB,D
14:04:29,UNVR,RG,4210,13,D,DR,BB,F
14:04:29,UNVR,RG,4210,3,D,DR,BB,F
14:04:29,UNVR,RG,4210,36,D,DR,BB,F
14:04:29,UNVR,RG,4210,8,D,DR,BB,D
14:04:14,UNVR,RG,4210,1,D,DR,BB,D
14:04:14,UNVR,RG,4210,2,D,DR,BB,D
14:04:14,UNVR,RG,4210,5,D,PD,BB,D
14:04:14,UNVR,RG,4210,1,D,PD,BB,D
14:04:13,UNVR,RG,4220,25,D,NI,YU,D
14:04:10,UNVR,RG,4210,5,D,PD,IF,D
14:04:10,UNVR,RG,4210,1,D,PD,IF,D
14:04:10,UNVR,RG,4210,4,D,PD,IF,D
14:04:09,UNVR,RG,4210,1,D,PD,XC,D
14:04:08,UNVR,RG,4210,1,D,PD,PD,D
14:04:07,UNVR,RG,4210,1,D,KK,BB,D
14:04:07,UNVR,RG,4210,1,D,KK,BB,D
14:04:07,UNVR,RG,4210,1,D,AZ,BB,D
14:04:07,UNVR,RG,4210,1,D,KK,BB,D
14:04:07,UNVR,RG,4210,1,D,PD,BB,D
14:04:06,UNVR,RG,4220,1,D,YP,YU,D
14:03:58,UNVR,RG,4210,1,D,PD,BB,D
14:03:58,UNVR,RG,4210,5,D,PD,BB,D
14:03:58,UNVR,RG,4210,3,D,PD,BB,D
14:03:58,UNVR,RG,4210,5,D,GR,BB,D
14:03:58,UNVR,RG,4210,1,D,PD,BB,D
14:03:58,UNVR,RG,4210,8,D,PD,BB,D
14:03:55,UNVR,RG,4210,17,D,PD,CC,F
14:03:55,UNVR,RG,4210,5,D,TP,CC,F
14:03:55,UNVR,RG,4210,1,D,YU,CC,F
14:03:55,UNVR,RG,4210,2,D,CD,CC,F
14:03:55,UNVR,RG,4210,2,D,PC,CC,F
14:03:55,UNVR,RG,4210,3,D,PC,CC,F
14:03:55,UNVR,RG,4210,1,D,CC,CC,F
14:03:55,UNVR,RG,4210,25,D,DR,CC,F
14:03:55,UNVR,RG,4210,32,D,YP,CC,F
14:03:55,UNVR,RG,4210,1,D,PD,CC,F
14:03:55,UNVR,RG,4210,10,D,KK,CC,F
14:03:55,UNVR,RG,4210,1,D,NI,CC,F
14:03:55,UNVR,RG,4210,20,D,YP,CC,F
14:03:50,UNVR,RG,4210,5,D,YP,BB,D
14:03:44,UNVR,RG,4210,5,D,YP,BB,D
14:03:44,UNVR,RG,4210,22,D,GR,BB,D
14:03:38,UNVR,RG,4220,3,D,BB,YU,D
14:03:38,UNVR,RG,4220,151,D,BB,BB,D
14:03:34,UNVR,RG,4210,8,D,GR,BB,D
14:03:34,UNVR,RG,4220,11,F,CS,BB,D
14:03:30,UNVR,RG,4220,2,F,AK,BB,D
14:03:27,UNVR,RG,4210,12,D,GR,BB,D
14:03:10,UNVR,RG,4210,22,D,GR,BB,D
14:03:09,UNVR,RG,4210,1,D,GR,DH,D
14:03:08,UNVR,RG,4210,35,D,GR,CC,F
14:03:08,UNVR,RG,4210,5,D,YP,CC,F
14:03:08,UNVR,RG,4210,1,D,CC,CC,F
14:03:08,UNVR,RG,4210,1,D,PD,CC,F
14:03:08,UNVR,RG,4210,10,D,YP,CC,F
14:03:08,UNVR,RG,4210,1,D,LG,CC,F
14:03:08,UNVR,RG,4210,3,D,AG,CC,F
14:03:08,UNVR,RG,4210,5,D,YP,CC,F
14:03:08,UNVR,RG,4210,20,D,CC,CC,F
14:03:08,UNVR,RG,4210,5,D,YP,CC,F
14:03:08,UNVR,RG,4210,1,D,KK,CC,F
14:03:08,UNVR,RG,4210,22,D,PD,CC,F
14:03:08,UNVR,RG,4210,1,D,PD,CC,F
14:03:08,UNVR,RG,4210,5,D,YP,CC,F
14:03:08,UNVR,RG,4210,1,D,YP,CC,F
14:03:08,UNVR,RG,4210,2,D,PD,CC,F
14:03:08,UNVR,RG,4210,2,D,CC,CC,F
14:03:08,UNVR,RG,4210,2,D,YP,CC,F
14:03:04,UNVR,RG,4210,3,D,PD,BB,D
14:03:04,UNVR,RG,4210,5,D,SQ,BB,D
14:03:04,UNVR,RG,4210,1,D,YP,BB,D
14:02:55,UNVR,RG,4210,4,D,YP,EP,D
14:02:55,UNVR,RG,4210,1,D,YP,EP,D
14:02:55,UNVR,RG,4220,1,D,XL,BB,D
14:02:54,UNVR,RG,4210,5,D,ZP,BB,D
14:02:48,UNVR,RG,4210,9,D,ZP,BB,D
14:02:38,UNVR,RG,4210,22,D,ZP,BB,D
14:02:23,UNVR,RG,4210,95,D,ZP,AK,F
14:02:22,UNVR,RG,4210,27,D,ZP,BB,D
14:02:18,UNVR,RG,4210,2,D,ZP,NI,D
14:02:17,UNVR,RG,4210,118,D,ZP,CC,F
14:02:16,UNVR,RG,4220,11,F,BK,BB,D
14:02:12,UNVR,RG,4210,5,D,ZP,XC,D
14:02:11,UNVR,RG,4210,21,D,ZP,BB,D
14:02:00,UNVR,RG,4210,64,D,ZP,YU,D
14:01:58,UNVR,RG,4220,1,F,AK,BB,D
14:01:57,UNVR,RG,4210,7,D,ZP,BB,D
14:01:50,UNVR,RG,4210,1,D,ZP,PD,D
14:01:47,UNVR,RG,4210,9,D,ZP,BB,D
14:01:40,UNVR,RG,4210,22,D,ZP,BB,D
14:01:29,UNVR,RG,4210,9,D,ZP,BB,D
14:01:28,UNVR,RG,4210,7,D,ZP,PD,D
14:01:28,UNVR,RG,4210,115,D,ZP,CC,F
14:01:18,UNVR,RG,4210,8,D,ZP,BB,D
14:01:16,UNVR,RG,4210,17,D,ZP,BB,D
14:01:15,UNVR,RG,4220,2,F,AK,BB,D
14:01:02,UNVR,RG,4220,2,D,YP,BB,D
14:01:00,UNVR,RG,4210,62,D,ZP,AK,F
14:01:00,UNVR,RG,4210,32,D,ZP,BB,D
14:00:52,UNVR,RG,4220,1,D,XC,BB,D
14:00:46,UNVR,RG,4210,53,D,ZP,BB,F
14:00:44,UNVR,RG,4210,14,D,ZP,BB,D
14:00:43,UNVR,RG,4210,118,D,ZP,CC,F
14:00:31,UNVR,RG,4220,2,D,LG,BB,D
14:00:30,UNVR,RG,4210,14,D,ZP,BB,D
14:00:24,UNVR,RG,4210,5,D,ZP,DR,D
14:00:22,UNVR,RG,4210,23,D,ZP,BB,D
14:00:21,UNVR,RG,4220,10,F,CS,BB,D
14:00:14,UNVR,RG,4210,5,D,ZP,BB,D
14:00:13,UNVR,RG,4220,152,D,BB,BB,D
14:00:08,UNVR,RG,4220,1,D,XA,BB,D
14:00:04,UNVR,RG,4210,25,D,ZP,BB,D
13:59:59,UNVR,RG,4210,1,D,ZP,PD,D
13:59:58,UNVR,RG,4220,300,D,PD,BB,D
13:59:56,UNVR,RG,4210,5,D,ZP,BB,D
13:59:55,UNVR,RG,4210,116,D,ZP,CC,F
13:59:46,UNVR,RG,4210,2,D,ZP,BB,D
13:59:45,UNVR,RG,4220,1,F,AK,BB,D
13:59:34,UNVR,RG,4210,3,D,ZP,BB,D
13:59:34,UNVR,RG,4220,5,D,CC,BB,D
13:59:31,UNVR,RG,4210,62,D,ZP,AK,F
13:59:30,UNVR,RG,4210,17,D,ZP,CC,D
13:59:26,UNVR,RG,4220,1,D,YP,BB,D
13:59:25,UNVR,RG,4210,5,D,ZP,PD,D
13:59:18,UNVR,RG,4210,12,D,ZP,BK,F
13:59:15,UNVR,RG,4220,2,F,AK,BB,D
13:59:12,UNVR,RG,4220,1,D,PD,BB,D
13:59:08,UNVR,RG,4210,115,D,ZP,CC,F
13:58:55,UNVR,RG,4220,10,D,DH,BB,D
13:58:47,UNVR,RG,4220,26,F,YP,BB,D
13:58:43,UNVR,RG,4210,9,D,ZP,BB,D
13:58:40,UNVR,RG,4210,2,D,ZP,XC,D
13:58:29,UNVR,RG,4210,7,D,ZP,BB,D
13:58:24,UNVR,RG,4210,117,D,ZP,CC,F
13:58:18,UNVR,RG,4210,15,D,ZP,CC,D
13:58:13,UNVR,RG,4220,11,F,BK,BB,D
13:58:12,UNVR,RG,4210,6,D,ZP,BB,D
13:58:08,UNVR,RG,4210,24,D,ZP,XL,D
13:58:05,UNVR,RG,4210,5,D,ZP,BB,D
13:57:52,UNVR,RG,4220,5,D,PD,BB,D
13:57:50,UNVR,RG,4210,7,D,ZP,BB,D
13:57:43,UNVR,RG,4220,1,D,XC,BB,D
13:57:43,UNVR,RG,4220,1,D,PD,BB,D
13:57:42,UNVR,RG,4220,4,D,YP,BB,D
13:57:37,UNVR,RG,4220,1,D,PD,BB,D
13:57:36,UNVR,RG,4210,256,D,ZP,BQ,F
13:57:36,UNVR,RG,4210,1,D,YU,BQ,F
13:57:36,UNVR,RG,4210,1,D,YP,BQ,F
13:57:36,UNVR,RG,4210,5,D,YP,BQ,F
13:57:36,UNVR,RG,4210,1,D,XC,BQ,F
13:57:36,UNVR,RG,4210,1,D,OD,BQ,F
13:57:36,UNVR,RG,4210,15,D,KK,BQ,F
13:57:36,UNVR,RG,4210,5,D,KK,CC,F
13:57:36,UNVR,RG,4210,1,D,CC,CC,F
13:57:36,UNVR,RG,4210,1,D,PD,CC,F
13:57:36,UNVR,RG,4210,2,D,OD,CC,F
13:57:36,UNVR,RG,4210,1,D,SQ,CC,F
13:57:36,UNVR,RG,4210,95,D,YP,CC,F
13:57:36,UNVR,RG,4210,1,D,PD,CC,F
13:57:36,UNVR,RG,4210,1,D,YP,CC,F
13:57:36,UNVR,RG,4210,2,D,XC,CC,F
13:57:36,UNVR,RG,4210,2,D,YP,CC,F
13:57:36,UNVR,RG,4210,3,D,XC,CC,F
13:57:36,UNVR,RG,4210,1,D,CC,CC,F
13:57:36,UNVR,RG,4210,2,D,NI,CC,F
13:57:26,UNVR,RG,4220,10,F,CS,BB,D
13:57:24,UNVR,RG,4220,5,D,RO,BB,D
13:57:18,UNVR,RG,4220,5,D,NI,BB,D
13:57:17,UNVR,RG,4220,7,D,YP,BB,D
13:57:15,UNVR,RG,4210,8,D,NI,PD,D
13:57:14,UNVR,RG,4210,4,D,XC,BB,D
13:57:06,UNVR,RG,4210,4,D,XC,BB,D
13:57:06,UNVR,RG,4210,1,D,YP,BB,D
13:57:06,UNVR,RG,4210,1,D,KK,BB,D
13:57:06,UNVR,RG,4210,3,D,MK,BB,D
13:57:06,UNVR,RG,4210,1,D,TP,BB,D
13:57:06,UNVR,RG,4210,2,D,XC,BB,D
13:57:00,UNVR,RG,4210,3,D,XC,BB,F
13:57:00,UNVR,RG,4210,17,D,ZP,BB,F
13:57:00,UNVR,RG,4210,3,D,LG,BB,F
13:57:00,UNVR,RG,4210,30,D,CC,BB,F
13:57:00,UNVR,RG,4210,52,D,CC,YU,D
13:56:50,UNVR,RG,4220,8,D,BB,BB,D
13:56:50,UNVR,RG,4220,68,D,BB,AK,F
13:56:50,UNVR,RG,4220,79,D,BB,CS,F
13:56:49,UNVR,RG,4210,8,D,CC,BB,D
13:56:48,UNVR,RG,4210,10,D,CC,CC,F
13:56:48,UNVR,RG,4210,1,D,LS,CC,F
13:56:48,UNVR,RG,4210,105,D,YP,CC,F
13:56:45,UNVR,RG,4210,7,D,YP,BB,D
13:56:45,UNVR,RG,4210,1,D,YP,PD,D
13:56:33,UNVR,RG,4210,1,D,YP,PD,D
13:56:28,UNVR,RG,4210,5,D,YP,BB,D
13:56:24,UNVR,RG,4210,8,D,YP,BB,D
13:56:14,UNVR,RG,4220,1,D,PD,CS,F
13:56:13,UNVR,RG,4210,9,D,YP,BB,D
13:56:05,UNVR,RG,4210,2,D,YP,XL,D
13:56:03,UNVR,RG,4210,62,D,YP,CC,F
13:56:03,UNVR,RG,4210,3,D,KK,CC,F
13:56:03,UNVR,RG,4210,1,D,YP,CC,F
13:56:03,UNVR,RG,4210,1,D,PD,CC,F
13:56:03,UNVR,RG,4210,10,D,DH,CC,F
13:56:03,UNVR,RG,4210,1,D,NI,CC,F
13:56:03,UNVR,RG,4210,1,D,XC,CC,F
13:56:03,UNVR,RG,4210,1,D,NI,CC,F
13:56:03,UNVR,RG,4210,1,D,XC,CC,F
13:56:03,UNVR,RG,4210,1,D,YP,CC,F
13:56:03,UNVR,RG,4210,5,D,PD,CC,F
13:56:03,UNVR,RG,4210,1,D,CC,CC,F
13:56:03,UNVR,RG,4210,2,D,CC,CC,F
13:56:03,UNVR,RG,4210,2,D,YU,CC,F
13:56:03,UNVR,RG,4210,25,D,XA,CC,F
13:55:56,UNVR,RG,4220,5,D,CC,CS,F
13:55:46,UNVR,RG,4210,15,D,XA,CC,D
13:55:44,UNVR,RG,4210,30,D,XA,PD,D
13:55:15,UNVR,RG,4210,30,D,XA,CC,F
13:55:15,UNVR,RG,4210,5,D,GR,CC,F
13:55:15,UNVR,RG,4210,1,D,NI,CC,F
13:55:15,UNVR,RG,4210,3,D,YP,CC,F
13:55:15,UNVR,RG,4210,1,D,YP,CC,F
13:55:15,UNVR,RG,4210,11,D,XC,CC,F
13:55:15,UNVR,RG,4210,3,D,DR,CC,F
13:55:15,UNVR,RG,4210,1,D,PD,CC,F
13:55:15,UNVR,RG,4210,1,D,HP,CC,F
13:55:15,UNVR,RG,4210,1,D,AG,CC,F
13:55:15,UNVR,RG,4210,1,D,YP,CC,F
13:55:15,UNVR,RG,4210,15,D,YP,CC,F
13:55:15,UNVR,RG,4210,1,D,CC,CC,F
13:55:15,UNVR,RG,4210,1,D,YP,CC,F
13:55:15,UNVR,RG,4210,2,D,YP,CC,F
13:55:15,UNVR,RG,4210,1,D,CC,CC,F
13:55:15,UNVR,RG,4210,1,D,YP,CC,F
13:55:15,UNVR,RG,4210,1,D,PD,CC,F
13:55:15,UNVR,RG,4210,15,D,YB,CC,F
13:55:15,UNVR,RG,4210,1,D,DH,CC,F
13:55:15,UNVR,RG,4210,5,D,PD,CC,F
13:55:15,UNVR,RG,4210,15,D,GR,CC,F
13:55:12,UNVR,RG,4220,1,D,PD,CS,F
13:55:07,UNVR,RG,4220,1,D,XC,CS,F
13:54:59,UNVR,RG,4220,1,D,XC,CS,F
13:54:58,UNVR,RG,4220,2,D,CC,CS,F
13:54:50,UNVR,RG,4220,10,D,NI,CS,F
13:54:45,UNVR,RG,4220,28,D,SQ,CS,F
13:54:42,UNVR,RG,4220,30,D,AI,CS,F
13:54:30,UNVR,RG,4220,10,F,CS,CS,F
13:54:29,UNVR,RG,4210,35,D,GR,AK,F
13:54:29,UNVR,RG,4210,1,D,YP,AK,F
13:54:29,UNVR,RG,4210,5,D,NI,AK,F
13:54:29,UNVR,RG,4210,5,D,OD,AK,F
13:54:29,UNVR,RG,4210,1,D,YP,AK,F
13:54:29,UNVR,RG,4210,30,D,PD,AK,F
13:54:29,UNVR,RG,4210,1,D,AT,AK,F
13:54:29,UNVR,RG,4210,41,D,YP,AK,F
13:54:29,UNVR,RG,4210,116,D,YP,CC,F
13:54:28,UNVR,RG,4220,1,D,YP,CS,F
13:54:28,UNVR,RG,4220,1,D,CC,CS,F
13:54:15,UNVR,RG,4220,1,D,XC,CS,F
13:54:06,UNVR,RG,4220,5,D,CC,CS,F
13:54:02,UNVR,RG,4220,1,D,XC,CS,F
13:54:00,UNVR,RG,4210,43,D,YP,YU,D
13:54:00,UNVR,RG,4210,1,D,PD,YU,D
13:54:00,UNVR,RG,4210,5,D,DX,YU,D
13:54:00,UNVR,RG,4220,2,D,NI,CS,F
13:53:55,UNVR,RG,4220,11,F,AK,CS,F
13:53:53,UNVR,RG,4220,12,F,BK,CS,F
13:53:51,UNVR,RG,4220,11,D,PD,CS,F
13:53:51,UNVR,RG,4220,15,D,PD,BB,D
13:53:46,UNVR,RG,4220,5,D,YP,BB,D
13:53:43,UNVR,RG,4220,1,D,XC,BB,D
13:53:42,UNVR,RG,4210,1,D,YP,CC,F
13:53:42,UNVR,RG,4210,114,D,YP,CC,F
13:53:40,UNVR,RG,4220,5,D,YP,BB,D
13:53:28,UNVR,RG,4220,1,D,XC,BB,D
13:53:26,UNVR,RG,4220,1,D,XL,BB,D
13:53:24,UNVR,RG,4210,10,D,YP,DR,D
13:53:24,UNVR,RG,4220,158,D,BB,BB,D
13:53:17,UNVR,RG,4220,4,D,CC,BB,D
13:53:17,UNVR,RG,4210,48,D,YP,BB,F
13:53:14,UNVR,RG,4220,2,D,SQ,BB,D
13:53:08,UNVR,RG,4220,10,D,NI,BB,D
13:53:06,UNVR,RG,4210,28,D,YP,XC,D
13:53:06,UNVR,RG,4210,19,D,YP,XC,D
13:53:04,UNVR,RG,4220,1,D,NI,BB,D
13:53:04,UNVR,RG,4210,4,D,YP,CC,D
13:52:52,UNVR,RG,4220,5,D,YP,BB,D
13:52:44,UNVR,RG,4220,1,D,YP,BB,D
13:52:29,UNVR,RG,4220,5,D,CP,BB,D
13:52:21,UNVR,RG,4210,2,D,YP,NI,D
13:52:21,UNVR,RG,4210,10,D,GR,NI,D
13:52:21,UNVR,RG,4210,10,D,AT,NI,D
13:52:21,UNVR,RG,4210,2,D,YP,NI,D
13:52:21,UNVR,RG,4210,1,D,XC,NI,D
13:52:21,UNVR,RG,4210,1,D,YP,NI,D
13:52:21,UNVR,RG,4210,2,D,YP,NI,D
13:52:21,UNVR,RG,4210,18,D,OD,NI,D
13:52:21,UNVR,RG,4210,50,D,KK,NI,D
13:52:21,UNVR,RG,4210,1,D,YP,NI,D
13:52:21,UNVR,RG,4210,1,D,YP,NI,D
13:52:21,UNVR,RG,4210,1,D,YP,NI,D
13:52:21,UNVR,RG,4210,2,D,PD,NI,D
13:52:21,UNVR,RG,4210,5,D,YP,NI,D
13:52:21,UNVR,RG,4210,1,D,SQ,NI,D
13:52:13,UNVR,RG,4220,26,D,PD,BB,D
13:52:07,UNVR,RG,4220,1,D,YP,BB,D
13:52:00,UNVR,RG,4210,4,D,SQ,PD,D
13:52:00,UNVR,RG,4210,5,D,DH,PD,D
13:52:00,UNVR,RG,4210,3,D,XC,PD,D
13:52:00,UNVR,RG,4210,2,D,DH,PD,D
13:52:00,UNVR,RG,4210,6,D,YP,PD,D
13:52:00,UNVR,RG,4210,4,D,YP,YU,D
13:52:00,UNVR,RG,4210,8,D,YP,YU,D
13:52:00,UNVR,RG,4210,24,D,YP,YU,D
13:51:56,UNVR,RG,4210,37,D,YP,CC,D
13:51:55,UNVR,RG,4210,12,D,YP,XC,D
13:51:52,UNVR,RG,4220,2,D,CD,BB,D
13:51:46,UNVR,RG,4210,1,D,YP,XC,D
13:51:44,UNVR,RG,4220,1,D,NI,BB,D
13:51:38,UNVR,RG,4210,8,D,YP,NI,D
13:51:36,UNVR,RG,4220,25,D,PD,BB,D
13:51:33,UNVR,RG,4220,165,D,CC,BB,D
13:51:30,UNVR,RG,4210,5,D,YP,YP,D
13:51:30,UNVR,RG,4220,9,F,CS,BB,D
13:51:30,UNVR,RG,4220,5,D,DR,BB,D
13:51:17,UNVR,RG,4220,5,D,YP,BB,D
13:51:13,UNVR,RG,4220,1,D,XC,BB,D
13:50:56,UNVR,RG,4220,23,D,XC,BB,D
13:50:49,UNVR,RG,4220,3,D,YP,BB,D
13:50:49,UNVR,RG,4220,1,D,KK,BB,D
13:50:31,UNVR,RG,4220,20,D,CC,BB,D
13:50:14,UNVR,RG,4210,1,D,YP,YU,F
13:50:13,UNVR,RG,4210,5,D,YP,PD,D
13:50:09,UNVR,RG,4210,8,D,YP,XC,D
13:50:02,UNVR,RG,4210,7,D,YP,YU,F
13:50:01,UNVR,RG,4210,26,D,YP,YU,F
13:50:01,UNVR,RG,4220,1,D,YP,BB,D
13:50:00,UNVR,RG,4210,53,D,YP,YU,D
13:50:00,UNVR,RG,4220,11,F,BK,BB,D
13:49:54,UNVR,RG,4210,8,D,YP,YU,F
13:49:54,UNVR,RG,4220,57,D,BB,BB,D
13:49:54,UNVR,RG,4220,94,D,BB,ZP,D
13:49:52,UNVR,RG,4210,46,D,YP,BB,F
13:49:51,UNVR,RG,4210,6,D,YP,YU,F
13:49:44,UNVR,RG,4220,30,F,DX,ZP,D
13:49:41,UNVR,RG,4210,1,D,YP,YU,F
13:49:34,UNVR,RG,4210,1,D,YP,YU,F
13:49:33,UNVR,RG,4220,1,D,PD,ZP,D
13:49:33,UNVR,RG,4220,5,D,KK,ZP,D
13:49:31,UNVR,RG,4210,6,D,YP,PD,D
13:49:15,UNVR,RG,4210,6,D,YP,YU,F
13:49:14,UNVR,RG,4220,2,D,LS,ZP,D
13:49:14,UNVR,RG,4210,2,D,YP,NI,D
13:49:12,UNVR,RG,4220,30,D,PD,ZP,D
13:49:05,UNVR,RG,4210,1,D,YP,YU,F
13:48:55,UNVR,RG,4220,5,F,CS,ZP,D
13:48:41,UNVR,RG,4210,2,D,YP,YU,F
13:48:35,UNVR,RG,4210,44,D,YP,YU,F
13:48:34,UNVR,RG,4220,11,D,XC,ZP,D
13:48:34,UNVR,RG,4210,1,D,YP,YU,D
13:48:32,UNVR,RG,4220,250,D,KK,ZP,D
13:48:23,UNVR,RG,4210,1,D,YP,YU,F
13:48:21,UNVR,RG,4220,1,D,XL,ZP,D
13:48:20,UNVR,RG,4210,9,D,YP,YU,F
13:48:19,UNVR,RG,4220,5,D,DH,ZP,D
13:48:18,UNVR,RG,4220,50,D,FS,ZP,D
13:48:07,UNVR,RG,4210,3,D,YP,TP,D
13:47:57,UNVR,RG,4210,9,D,YP,YU,F
13:47:53,UNVR,RG,4210,3,D,YP,TP,D
13:47:52,UNVR,RG,4220,45,D,DH,ZP,D
13:47:51,UNVR,RG,4210,6,D,YP,YU,F
13:47:49,UNVR,RG,4210,34,D,YP,XC,D
13:47:46,UNVR,RG,4210,2,D,YP,PD,D
13:47:42,UNVR,RG,4210,1,D,YP,YU,F
13:47:38,UNVR,RG,4220,5,D,NI,ZP,D
13:47:31,UNVR,RG,4220,2,D,YP,ZP,D
13:47:29,UNVR,RG,4210,194,D,YP,YU,F
13:47:27,UNVR,RG,4220,464,D,YP,ZP,D
13:47:27,UNVR,RG,4220,3,D,YP,XC,D
13:47:27,UNVR,RG,4220,1,D,YP,XC,D
13:47:27,UNVR,RG,4220,19,D,YP,ZP,F
13:47:27,UNVR,RG,4220,23,D,YP,ZP,F
13:47:27,UNVR,RG,4220,200,D,YP,SQ,D
13:47:27,UNVR,RG,4220,5,D,YP,BB,F
13:47:27,UNVR,RG,4220,26,D,YP,YU,D
13:47:27,UNVR,RG,4220,4,D,YP,PD,D
13:47:27,UNVR,RG,4220,16,D,YP,AK,F
13:47:27,UNVR,RG,4220,12,D,YP,BK,F
13:47:27,UNVR,RG,4220,2,D,YP,XC,D
13:47:27,UNVR,RG,4220,6,D,YP,BK,F
13:47:27,UNVR,RG,4220,69,D,YP,AK,F
13:47:27,UNVR,RG,4220,36,D,YP,ZP,F
13:47:27,UNVR,RG,4220,30,D,YP,PD,D
13:47:27,UNVR,RG,4220,66,D,YP,AK,F
13:47:27,UNVR,RG,4220,62,D,YP,AK,F
13:47:23,UNVR,RG,4220,42,F,YU,CC,F
13:47:22,UNVR,RG,4220,12,F,CS,CC,F
13:47:21,UNVR,RG,4220,1,D,NI,CC,F
13:47:20,UNVR,RG,4210,88,D,YP,YU,F
13:47:17,UNVR,RG,4220,218,D,OD,CC,F
13:47:17,UNVR,RG,4220,11,D,OD,ZP,F
13:47:17,UNVR,RG,4220,271,D,OD,CC,F
13:47:10,UNVR,RG,4210,2,D,YP,YU,F
13:47:06,UNVR,RG,4210,3,D,YP,XC,D
13:47:06,UNVR,RG,4210,5,D,YP,NI,D
13:46:45,UNVR,RG,4210,6,D,YP,YU,F
13:46:36,UNVR,RG,4210,24,D,YP,AT,D
13:46:33,UNVR,RG,4210,27,D,YP,YU,F
13:46:33,UNVR,RG,4220,10,D,NI,CC,F
13:46:32,UNVR,RG,4210,1,D,YP,YU,F
13:46:31,UNVR,RG,4220,156,D,BB,CC,F
13:46:29,UNVR,RG,4220,1,D,YP,CC,F
13:46:26,UNVR,RG,4210,4,D,YP,YU,F
13:46:26,UNVR,RG,4220,1,D,XL,CC,F
13:46:25,UNVR,RG,4220,25,D,OD,CC,F
13:46:24,UNVR,RG,4210,3,D,YP,YU,F
13:46:21,UNVR,RG,4210,13,D,YP,BB,F
13:46:20,UNVR,RG,4210,4,D,YP,PD,D
13:46:18,UNVR,RG,4210,88,D,YP,YU,F
13:46:17,UNVR,RG,4210,1,D,YP,YU,F
13:46:16,UNVR,RG,4220,349,D,OD,CC,F
13:46:16,UNVR,RG,4220,62,D,OD,BB,D
13:46:16,UNVR,RG,4220,89,D,OD,BB,D
13:46:13,UNVR,RG,4220,1,D,PD,BB,D
13:46:10,UNVR,RG,4210,1,D,YP,XL,D
13:46:00,UNVR,RG,4210,10,D,YP,YU,F
13:45:56,UNVR,RG,4220,3,D,YU,BB,D
13:45:54,UNVR,RG,4220,29,D,DR,BB,D
13:45:54,UNVR,RG,4220,16,D,DR,NI,D
13:45:52,UNVR,RG,4220,12,F,BK,NI,D
13:45:51,UNVR,RG,4210,1,D,YP,YU,F
13:45:49,UNVR,RG,4220,2,D,NI,NI,D
13:45:48,UNVR,RG,4220,2,D,YP,NI,D
13:45:47,UNVR,RG,4210,1,D,YP,ZP,F
13:45:43,UNVR,RG,4210,19,D,YP,YU,F
13:45:38,UNVR,RG,4210,104,D,YP,CC,F
13:45:27,UNVR,RG,4210,2,D,YP,YU,F
13:45:26,UNVR,RG,4210,13,D,YP,BB,F
13:45:25,UNVR,RG,4220,1,D,XC,NI,D
13:45:24,UNVR,RG,4210,1,D,YP,YU,F
13:45:23,UNVR,RG,4220,2,D,NI,NI,D
13:45:23,UNVR,RG,4220,3,D,XC,NI,D
13:45:09,UNVR,RG,4220,1,D,PD,NI,D
13:44:57,UNVR,RG,4210,6,D,YP,YU,F
13:44:57,UNVR,RG,4210,2,D,YP,YU,F
13:44:56,UNVR,RG,4220,45,D,DH,NI,D
13:44:54,UNVR,RG,4210,9,D,HP,YU,F
13:44:51,UNVR,RG,4210,35,D,HP,NI,D
13:44:47,UNVR,RG,4210,15,D,HP,KK,D
13:44:44,UNVR,RG,4210,1,D,HP,YU,F
13:44:44,UNVR,RG,4220,2,D,CP,NI,D
13:44:41,UNVR,RG,4210,2,D,HP,PD,D
13:44:40,UNVR,RG,4210,2,D,HP,YU,F
13:44:40,UNVR,RG,4210,1,D,HP,XC,D
13:44:36,UNVR,RG,4210,1,D,HP,YU,F
13:44:36,UNVR,RG,4210,12,D,HP,BB,D
13:44:32,UNVR,RG,4210,4,D,HP,BB,F
13:44:30,UNVR,RG,4210,1,D,HP,YU,D
13:44:30,UNVR,RG,4210,20,D,HP,YU,F
13:44:29,UNVR,RG,4210,1,D,HP,YU,F
13:44:29,UNVR,RG,4220,10,D,YP,NI,D
13:44:29,UNVR,RG,4220,8,D,YP,BB,F
13:44:29,UNVR,RG,4220,35,D,YP,YU,D
13:44:29,UNVR,RG,4220,32,D,YP,AK,F
13:44:29,UNVR,RG,4220,27,D,YP,ZP,F
13:44:25,UNVR,RG,4210,6,D,HP,BB,D
13:44:23,UNVR,RG,4210,1,D,HP,YU,F
13:44:13,UNVR,RG,4210,5,D,HP,BB,D
13:44:12,UNVR,RG,4210,2,D,HP,YU,F
13:44:12,UNVR,RG,4220,1,D,XC,ZP,F
13:44:11,UNVR,RG,4210,11,D,HP,AZ,D
13:44:10,UNVR,RG,4210,1,D,HP,YU,F
13:44:09,UNVR,RG,4210,1,D,HP,YU,F
13:44:09,UNVR,RG,4210,10,D,HP,AT,D
13:44:06,UNVR,RG,4210,1,D,HP,PD,D
13:43:57,UNVR,RG,4210,1,D,HP,YU,F
13:43:54,UNVR,RG,4210,10,D,HP,YP,D
13:43:44,UNVR,RG,4210,3,D,HP,YU,F
13:43:42,UNVR,RG,4210,14,D,HP,BB,F
13:43:31,UNVR,RG,4220,1,D,XC,BK,F
13:43:30,UNVR,RG,4210,2,D,HP,YU,F
13:43:25,UNVR,RG,4220,10,D,DR,BK,F
13:43:14,UNVR,RG,4220,3,D,NI,BK,F
13:43:05,UNVR,RG,4210,14,D,HP,YU,F
13:43:03,UNVR,RG,4220,2,D,BB,BK,F
13:43:03,UNVR,RG,4220,72,D,BB,AK,F
13:43:03,UNVR,RG,4220,6,D,BB,CS,F
13:42:58,UNVR,RG,4210,1,D,HP,YU,F
13:42:55,UNVR,RG,4210,1,D,HP,YU,F
13:42:55,UNVR,RG,4220,1,D,XC,CS,F
13:42:54,UNVR,RG,4220,1,D,PD,CS,F
13:42:52,UNVR,RG,4210,3,D,HP,YU,F
13:42:51,UNVR,RG,4220,3,D,PD,CS,F
13:42:51,UNVR,RG,4220,4,D,CC,CS,F
13:42:47,UNVR,RG,4210,15,D,HP,BB,F
13:42:43,UNVR,RG,4210,5,D,HP,YP,D
13:42:27,UNVR,RG,4210,2,D,HP,YU,F
13:42:25,UNVR,RG,4210,1,D,HP,XC,D
13:42:25,UNVR,RG,4210,4,D,HP,CC,D
13:42:25,UNVR,RG,4210,2,D,HP,CC,D
13:42:17,UNVR,RG,4210,5,D,HP,YU,F
13:42:16,UNVR,RG,4210,1,D,HP,YU,F
13:42:15,UNVR,RG,4210,31,D,HP,XC,D
13:42:10,UNVR,RG,4210,2,D,HP,EP,D
13:42:04,UNVR,RG,4210,1,D,HP,BB,D
13:42:03,UNVR,RG,4210,2,D,HP,PD,D
13:41:59,UNVR,RG,4210,1,D,HP,YU,F
13:41:57,UNVR,RG,4220,8,D,CC,CS,F
13:41:53,UNVR,RG,4210,1,D,HP,YU,F
13:41:50,UNVR,RG,4220,2,D,NI,CS,F
13:41:49,UNVR,RG,4210,1,D,HP,YU,F
13:41:47,UNVR,RG,4220,1,D,CC,CS,F
13:41:45,UNVR,RG,4210,6,D,HP,BB,F
13:41:40,UNVR,RG,4210,20,D,HP,YU,F
13:41:38,UNVR,RG,4220,115,D,XA,CS,F
13:41:28,UNVR,RG,4210,19,D,HP,YU,F
13:41:19,UNVR,RG,4220,42,D,EP,CS,F
13:41:19,UNVR,RG,4220,57,D,EP,AK,F
13:41:19,UNVR,RG,4220,1,D,EP,AK,F
13:41:18,UNVR,RG,4220,1,D,PD,AK,F
13:41:18,UNVR,RG,4210,6,D,HP,YU,F
13:41:18,UNVR,RG,4220,5,D,CP,AK,F
13:41:17,UNVR,RG,4220,1,D,XC,AK,F
13:41:16,UNVR,RG,4220,30,D,YP,AK,F
13:41:08,UNVR,RG,4220,5,D,XC,AK,F
13:41:07,UNVR,RG,4210,4,D,HP,YU,F
13:41:03,UNVR,RG,4220,22,D,PD,AK,F
13:40:59,UNVR,RG,4210,179,D,HP,YU,F
13:40:58,UNVR,RG,4220,653,D,SQ,CC,F
13:40:58,UNVR,RG,4220,11,D,SQ,ZP,F
13:40:58,UNVR,RG,4220,5,D,SQ,ZP,F
13:40:58,UNVR,RG,4220,63,D,SQ,BB,D
13:40:58,UNVR,RG,4220,16,D,SQ,AK,F
13:40:58,UNVR,RG,4220,15,D,SQ,AK,F
13:40:58,UNVR,RG,4220,1,D,SQ,CC,D
13:40:58,UNVR,RG,4220,6,D,SQ,BK,F
13:40:58,UNVR,RG,4220,8,D,SQ,BB,F
13:40:58,UNVR,RG,4220,200,D,SQ,YP,D
13:40:58,UNVR,RG,4220,12,D,SQ,BK,F
13:40:58,UNVR,RG,4220,4,D,SQ,ZP,F
13:40:58,UNVR,RG,4220,6,D,SQ,ZP,F
13:40:52,UNVR,RG,4220,1,D,DR,ZP,F
13:40:52,UNVR,RG,4220,9,D,DR,YU,D
13:40:51,UNVR,RG,4210,1,D,HP,YU,F
13:40:51,UNVR,RG,4210,1,D,PD,YU,F
13:40:51,UNVR,RG,4210,10,D,TP,YU,F
13:40:51,UNVR,RG,4210,5,D,YP,YU,F
13:40:51,UNVR,RG,4210,1,D,NI,YU,F
13:40:51,UNVR,RG,4210,2,D,YP,YU,F
13:40:51,UNVR,RG,4210,2,D,DX,YU,F
13:40:51,UNVR,RG,4210,1,D,PD,YU,F
13:40:51,UNVR,RG,4210,12,D,YP,YU,F
13:40:50,UNVR,RG,4210,2,D,YP,YU,F
13:40:49,UNVR,RG,4210,186,D,YP,SQ,D
13:40:49,UNVR,RG,4210,1,D,YP,SQ,D
13:40:49,UNVR,RG,4210,13,D,SQ,SQ,D
13:40:48,UNVR,RG,4210,14,D,SQ,BB,F
13:40:44,UNVR,RG,4210,5,D,SQ,YU,F
13:40:39,UNVR,RG,4220,11,F,DX,YU,D
13:40:38,UNVR,RG,4210,2,D,SQ,YU,F
13:40:37,UNVR,RG,4210,14,D,SQ,YU,F
13:40:36,UNVR,RG,4210,2,D,SQ,YU,F
13:40:36,UNVR,RG,4210,1,D,YP,YU,F
13:40:36,UNVR,RG,4210,11,D,PD,YP,D
13:40:36,UNVR,RG,4210,10,D,DH,YP,D
13:40:36,UNVR,RG,4210,2,D,XC,YP,D
13:40:36,UNVR,RG,4210,2,D,YP,YP,D
13:40:35,UNVR,RG,4210,1,D,YP,CC,F
13:40:35,UNVR,RG,4210,1,D,YP,CC,F
13:40:35,UNVR,RG,4210,2,D,NI,CC,F
13:40:35,UNVR,RG,4210,1,D,YP,CC,F
13:40:35,UNVR,RG,4210,1,D,PD,CC,F
13:40:35,UNVR,RG,4210,1,D,YP,CC,F
13:40:35,UNVR,RG,4210,23,D,YP,CC,F
13:40:35,UNVR,RG,4210,51,D,YP,CC,F
13:40:31,UNVR,RG,4210,8,D,YP,EP,D
13:40:31,UNVR,RG,4210,10,D,YP,EP,D
13:40:13,UNVR,RG,4210,2,D,YP,YU,F
13:40:13,UNVR,RG,4210,1,D,YP,YU,F
13:40:13,UNVR,RG,4210,1,D,YP,YU,F
13:40:13,UNVR,RG,4210,4,D,CC,YU,F
13:40:01,UNVR,RG,4210,1,D,CC,YU,F
13:40:00,UNVR,RG,4210,18,D,CC,YU,D
13:40:00,UNVR,RG,4210,5,D,CC,YU,D
13:40:00,UNVR,RG,4210,19,D,DH,YU,D
13:40:00,UNVR,RG,4210,2,D,DH,YU,F
13:39:59,UNVR,RG,4220,9,D,NI,YU,D
13:39:59,UNVR,RG,4220,1,D,NI,BB,D
13:39:54,UNVR,RG,4210,3,D,DH,YU,F
13:39:53,UNVR,RG,4210,7,D,DH,PD,D
13:39:53,UNVR,RG,4210,1,D,YP,PD,D
13:39:53,UNVR,RG,4210,1,D,LG,PD,D
13:39:50,UNVR,RG,4210,1,D,LG,YU,F
13:39:50,UNVR,RG,4210,18,D,GR,YU,F
13:39:50,UNVR,RG,4210,1,D,PD,YU,F
13:39:50,UNVR,RG,4210,10,D,PD,YU,F
13:39:50,UNVR,RG,4210,10,D,PD,YU,F
13:39:50,UNVR,RG,4210,1,D,PD,YU,F
