Time,Stock,Brd,Price,Qty,BT,BC,SC,ST
15:14:27,NETV,RG,665,1,D,YP,BQ,D
15:13:54,NETV,RG,665,9,D,YP,YP,D
15:13:10,NETV,RG,665,1,D,YP,XC,D
15:13:01,NETV,RG,665,13,D,YP,XC,D
15:12:11,NETV,RG,665,10,D,YP,XC,D
15:11:53,NETV,RG,665,15,D,YP,XL,D
15:10:20,NETV,RG,665,5,D,YP,PD,D
15:09:57,NETV,RG,665,5,D,YP,XC,D
15:08:49,NETV,RG,665,2,D,YP,NI,D
15:05:48,NETV,RG,665,1,D,YP,PD,D
15:02:57,NETV,RG,665,10,D,YP,XC,D
15:02:49,NETV,RG,665,23,D,YP,KK,D
15:01:26,NETV,RG,665,50,D,YP,RF,D
15:01:13,NETV,RG,665,5,D,YP,YP,D
15:01:00,NETV,RG,665,18,D,YP,XC,D
15:01:00,NETV,RG,665,1,D,YP,OD,D
15:00:00,NETV,RG,665,30,D,YP,YP,D
15:00:00,NETV,RG,665,7,D,YP,YB,D
15:00:00,NETV,RG,665,85,D,YP,XC,D
15:00:00,NETV,RG,665,50,D,YP,PD,D
15:00:00,NETV,RG,665,1,D,YP,XC,D
15:00:00,NETV,RG,665,2,D,YP,XC,D
15:00:00,NETV,RG,665,1,D,YP,DR,D
15:00:00,NETV,RG,665,10,D,YP,XC,D
15:00:00,NETV,RG,665,10,D,YP,GR,D
15:00:00,NETV,RG,665,60,D,YP,XL,D
15:00:00,NETV,RG,665,9,D,YP,XC,D
15:00:00,NETV,RG,665,35,D,YP,DR,D
15:00:00,NETV,RG,665,3,D,YP,DH,D
15:00:00,NETV,RG,665,3,D,YP,KK,D
15:00:00,NETV,RG,665,1,D,YP,XC,D
15:00:00,NETV,RG,665,650,D,YP,IU,D
14:49:57,NETV,RG,665,2,D,YP,XL,D
14:49:19,NETV,RG,665,11,D,YP,PD,D
14:48:46,NETV,RG,665,51,D,YP,CC,D
14:48:00,NETV,RG,665,5,D,YP,PD,D
14:45:56,NETV,RG,665,250,D,YP,KK,D
14:45:44,NETV,RG,665,400,D,YP,YP,D
14:45:08,NETV,RG,665,100,D,YP,XL,D
14:44:56,NETV,RG,665,5,D,YP,PD,D
14:44:50,NETV,RG,665,10,D,YP,CC,D
14:44:44,NETV,RG,665,3,D,YP,XC,D
14:41:56,NETV,RG,665,10,D,YP,LG,D
14:41:31,NETV,RG,665,10,D,YP,PD,D
14:41:16,NETV,RG,665,1,D,YP,PD,D
14:41:10,NETV,RG,665,11,D,YP,CC,D
14:41:03,NETV,RG,665,100,D,YP,CC,D
14:40:49,NETV,RG,665,1,D,YP,XL,D
14:40:47,NETV,RG,665,3,D,YP,PD,D
14:40:33,NETV,RG,665,50,D,YP,XC,D
14:40:25,NETV,RG,665,42,D,YP,XC,D
14:40:09,NETV,RG,665,2,D,YP,YP,D
14:40:06,NETV,RG,665,11,D,YP,XC,D
14:39:35,NETV,RG,665,1,D,YP,XL,D
14:39:27,NETV,RG,665,3,D,YP,XC,D
14:39:22,NETV,RG,665,28,D,YP,XC,D
14:38:54,NETV,RG,665,1,D,YP,XC,D
14:38:40,NETV,RG,665,4,D,YP,CC,D
14:38:22,NETV,RG,665,10,D,YP,PD,D
14:37:55,NETV,RG,665,11,D,YP,PD,D
14:37:53,NETV,RG,665,50,D,YP,PD,D
14:37:36,NETV,RG,665,3,D,YP,CC,D
14:37:31,NETV,RG,665,9,D,YP,CC,D
14:37:25,NETV,RG,665,2,D,YP,CC,D
14:37:09,NETV,RG,665,6,D,YP,PD,D
14:36:10,NETV,RG,665,5,D,YP,XC,D
14:36:01,NETV,RG,665,3,D,YP,XC,D
14:35:45,NETV,RG,665,1,D,YP,XC,D
14:34:02,NETV,RG,665,24,D,YP,XL,D
14:34:01,NETV,RG,665,2,D,YP,EP,D
14:33:57,NETV,RG,665,3,D,YP,XL,D
14:33:29,NETV,RG,665,2,D,YP,PD,D
14:33:17,NETV,RG,665,90,D,YP,PD,D
14:31:31,NETV,RG,665,6,D,YP,XC,D
14:31:29,NETV,RG,665,5,D,YP,XC,D
14:30:51,NETV,RG,665,3,D,YP,PD,D
14:30:38,NETV,RG,665,120,D,YP,YP,D
14:30:04,NETV,RG,665,28,D,YP,CC,D
14:29:53,NETV,RG,665,5,D,YP,XL,D
14:29:04,NETV,RG,665,1000,D,YP,XC,D
14:28:03,NETV,RG,665,10,D,YP,CC,D
14:27:09,NETV,RG,665,4,D,YP,YP,D
14:26:56,NETV,RG,665,102,D,YP,XC,D
14:26:43,NETV,RG,665,3,D,YP,XC,D
14:26:40,NETV,RG,665,8,D,YP,XL,D
14:26:27,NETV,RG,665,1,D,YP,XC,D
14:25:27,NETV,RG,665,2,D,YP,SQ,D
14:25:26,NETV,RG,665,1,D,YP,PD,D
14:25:15,NETV,RG,665,1,D,YP,XC,D
14:25:08,NETV,RG,665,80,D,YP,NI,D
14:24:33,NETV,RG,665,17,D,YP,PD,D
14:23:33,NETV,RG,665,4,D,YP,XC,D
14:22:55,NETV,RG,665,1,D,YP,PD,D
14:22:39,NETV,RG,665,1,D,YP,CC,D
14:22:07,NETV,RG,665,30,D,YP,CC,D
14:21:56,NETV,RG,665,14,D,YP,XC,D
14:21:55,NETV,RG,665,20,D,YP,XC,D
14:21:33,NETV,RG,665,4,D,YP,XC,D
14:21:11,NETV,RG,665,90,D,YP,PD,D
14:21:05,NETV,RG,665,1,D,YP,KK,D
14:21:03,NETV,RG,665,8,D,YP,NI,D
14:18:56,NETV,RG,665,2,D,YP,BQ,D
14:18:47,NETV,RG,665,5,D,YP,PD,D
14:18:43,NETV,RG,665,10,D,YP,CD,D
14:17:36,NETV,RG,665,1,D,YP,PD,D
14:17:07,NETV,RG,665,1,D,YP,AT,D
14:16:56,NETV,RG,665,1,D,YP,PD,D
14:16:52,NETV,RG,665,1,D,YP,XC,D
14:16:25,NETV,RG,665,10,D,YP,CC,D
14:16:05,NETV,RG,665,5,D,YP,XC,D
14:16:03,NETV,RG,665,19,D,YP,YU,D
14:15:58,NETV,RG,665,5,D,YP,XC,D
14:15:54,NETV,RG,665,20,D,YP,GR,D
14:15:37,NETV,RG,665,2,D,YP,YP,D
14:15:31,NETV,RG,665,1,D,YP,CC,D
14:15:30,NETV,RG,665,10,D,YP,XL,D
14:14:18,NETV,RG,665,2,D,YP,XC,D
14:13:51,NETV,RG,665,5,D,YP,XL,D
14:13:49,NETV,RG,665,20,D,YP,PD,D
14:13:38,NETV,RG,665,4,D,YP,XC,D
14:13:32,NETV,RG,665,77,D,YP,NI,D
14:13:10,NETV,RG,665,1,D,YP,YP,D
14:11:51,NETV,RG,665,500,D,YP,CC,D
14:11:43,NETV,RG,665,5,D,YP,YP,D
14:10:31,NETV,RG,665,1,D,YP,XC,D
14:10:00,NETV,RG,665,5,D,YP,AZ,D
14:09:16,NETV,RG,665,9,D,YP,XC,D
14:09:09,NETV,RG,665,10,D,YP,XC,D
14:06:58,NETV,RG,665,4,D,YP,KK,D
14:05:57,NETV,RG,665,1,D,YP,XC,D
14:05:54,NETV,RG,665,1,D,YP,YP,D
14:05:54,NETV,RG,665,1,D,YP,YP,D
14:05:54,NETV,RG,665,1,D,YP,YP,D
14:05:53,NETV,RG,665,1,D,YP,YP,D
14:05:53,NETV,RG,665,1,D,YP,YP,D
14:05:52,NETV,RG,665,1,D,YP,YP,D
14:05:52,NETV,RG,665,1,D,YP,YP,D
14:05:52,NETV,RG,665,1,D,YP,YP,D
14:05:51,NETV,RG,665,1,D,YP,YP,D
14:05:51,NETV,RG,665,1,D,YP,YP,D
14:05:50,NETV,RG,665,1,D,YP,YP,D
14:05:50,NETV,RG,665,1,D,YP,YP,D
14:05:50,NETV,RG,665,1,D,YP,YP,D
14:05:49,NETV,RG,665,1,D,YP,YP,D
14:05:49,NETV,RG,665,1,D,YP,YP,D
14:05:49,NETV,RG,665,1,D,YP,YP,D
14:05:48,NETV,RG,665,1,D,YP,YP,D
14:05:48,NETV,RG,665,1,D,YP,YP,D
14:05:48,NETV,RG,665,1,D,YP,YP,D
14:05:47,NETV,RG,665,1,D,YP,YP,D
14:05:47,NETV,RG,665,1,D,YP,YP,D
14:04:53,NETV,RG,665,5,D,YP,XC,D
14:04:18,NETV,RG,665,4,D,YP,PD,D
14:03:40,NETV,RG,665,1,D,YP,NI,D
14:03:25,NETV,RG,665,50,D,YP,XC,D
14:03:21,NETV,RG,665,10,D,YP,CC,D
14:03:18,NETV,RG,665,10,D,YP,CC,D
14:02:39,NETV,RG,665,4,D,YP,XC,D
14:02:13,NETV,RG,665,1,D,YP,XC,D
14:01:25,NETV,RG,665,1,D,YP,XC,D
14:01:08,NETV,RG,665,2,D,YP,PD,D
14:00:49,NETV,RG,665,52,D,YP,YP,D
14:00:05,NETV,RG,665,9,D,YP,XC,D
14:00:00,NETV,RG,665,12,D,YP,PD,D
13:59:41,NETV,RG,665,20,D,YP,XC,D
13:59:19,NETV,RG,665,12,D,YP,XC,D
13:59:16,NETV,RG,665,3,D,YP,XC,D
13:59:00,NETV,RG,665,2,D,YP,PD,D
13:58:17,NETV,RG,665,80,D,YP,YP,D
13:58:16,NETV,RG,665,23,D,YP,PD,D
13:57:46,NETV,RG,665,25,D,YP,YP,D
13:57:43,NETV,RG,665,3,D,YP,XL,D
13:57:36,NETV,RG,665,1,D,YP,XC,D
13:57:26,NETV,RG,665,6,D,YP,KK,D
13:57:03,NETV,RG,665,5,D,YP,YP,D
13:56:26,NETV,RG,665,2,D,YP,XC,D
13:56:21,NETV,RG,665,5,D,YP,PD,D
13:56:10,NETV,RG,665,100,D,YP,RB,D
13:55:49,NETV,RG,665,60,D,YP,XL,D
13:55:41,NETV,RG,665,5,D,YP,XL,D
13:54:15,NETV,RG,665,1,D,YP,PD,D
13:54:03,NETV,RG,665,1,D,YP,LG,D
13:53:35,NETV,RG,665,10,D,YP,BQ,D
13:53:09,NETV,RG,665,9,D,YP,XC,D
13:52:30,NETV,RG,665,25,D,YP,PD,D
13:52:23,NETV,RG,665,3,D,YP,XL,D
13:52:10,NETV,RG,665,1500,D,YP,AZ,D
13:51:50,NETV,RG,665,183,D,YP,XC,D
13:51:48,NETV,RG,665,1,D,YP,XC,D
13:51:36,NETV,RG,665,1,D,YP,NI,D
13:51:19,NETV,RG,665,1,D,YP,NI,D
13:50:57,NETV,RG,665,10,D,YP,PD,D
13:50:32,NETV,RG,665,27,D,YP,XC,D
13:50:29,NETV,RG,665,5,D,YP,YP,D
13:49:55,NETV,RG,665,2,D,YP,PD,D
13:49:48,NETV,RG,665,400,D,YP,SQ,D
13:49:41,NETV,RG,665,16,D,YP,CC,D
13:48:52,NETV,RG,665,6,D,YP,XC,D
13:48:45,NETV,RG,665,737,D,YP,LG,D
13:48:35,NETV,RG,665,8,D,YP,XC,D
13:48:35,NETV,RG,665,8,D,YP,YP,D
13:47:46,NETV,RG,665,40,D,YP,OD,D
13:47:39,NETV,RG,665,1,D,YP,XC,D
13:46:52,NETV,RG,665,5,D,YP,XC,D
13:46:50,NETV,RG,665,5,D,YP,PD,D
13:46:40,NETV,RG,665,1,D,YP,CC,D
13:45:54,NETV,RG,665,1,D,YP,PD,D
13:45:22,NETV,RG,665,340,D,YP,XL,D
13:45:05,NETV,RG,665,40,D,YP,YP,D
13:43:43,NETV,RG,665,1,D,YP,CC,D
13:43:09,NETV,RG,665,50,D,YP,XL,D
13:42:42,NETV,RG,665,1,D,YP,XC,D
13:42:37,NETV,RG,665,2,D,YP,PD,D
13:42:27,NETV,RG,665,40,D,YP,PD,D
13:42:24,NETV,RG,665,12,D,YP,XL,D
13:42:04,NETV,RG,665,25,D,YP,CC,D
13:42:04,NETV,RG,665,8,D,YP,XC,D
13:41:49,NETV,RG,665,2,D,YP,PD,D
13:41:16,NETV,RG,665,7,D,YP,PD,D
13:41:13,NETV,RG,665,1,D,YP,XC,D
13:41:04,NETV,RG,665,1,D,YP,CC,D
13:41:04,NETV,RG,665,16,D,YP,GR,D
13:40:51,NETV,RG,665,500,D,YP,AI,D
13:40:37,NETV,RG,665,3,D,YP,XL,D
13:40:24,NETV,RG,665,5,D,YP,PD,D
13:40:11,NETV,RG,665,5,D,YP,PD,D
13:40:11,NETV,RG,665,3,D,YP,XC,D
13:39:59,NETV,RG,665,10,D,YP,XC,D
13:39:58,NETV,RG,665,15,D,YP,PD,D
13:39:56,NETV,RG,665,500,D,YP,AI,D
13:39:54,NETV,RG,665,2,D,YP,PD,D
13:39:41,NETV,RG,665,67,D,YP,NI,D
13:39:06,NETV,RG,665,500,D,YP,AI,D
13:38:59,NETV,RG,665,2,D,YP,PD,D
13:38:31,NETV,RG,665,1,D,YP,XC,D
13:38:25,NETV,RG,665,1,D,YP,XC,D
13:38:23,NETV,RG,665,140,D,YP,TF,D
13:38:08,NETV,RG,665,500,D,YP,AI,D
13:38:03,NETV,RG,665,2,D,YP,CC,D
13:37:56,NETV,RG,665,5,D,YP,PD,D
13:37:51,NETV,RG,665,1,D,YP,XC,D
13:37:44,NETV,RG,665,5,D,YP,XC,D
13:37:25,NETV,RG,665,1,D,YP,DH,D
13:36:42,NETV,RG,665,1,D,YP,PD,D
13:35:57,NETV,RG,665,200,D,YP,NI,D
13:35:25,NETV,RG,665,20,D,YP,XC,D
13:34:55,NETV,RG,665,1,D,YP,XC,D
13:34:48,NETV,RG,665,3,D,YP,XL,D
13:34:46,NETV,RG,665,5,D,YP,XC,D
13:34:43,NETV,RG,665,31,D,YP,XC,D
13:33:26,NETV,RG,665,3,D,YP,XC,D
13:32:40,NETV,RG,665,9,D,YP,PD,D
13:32:17,NETV,RG,665,5,D,YP,XA,D
13:31:55,NETV,RG,665,4,D,YP,XC,D
13:31:39,NETV,RG,665,1,D,YP,XC,D
13:31:17,NETV,RG,665,15,D,YP,DR,D
13:31:13,NETV,RG,665,110,D,YP,BQ,D
13:31:03,NETV,RG,665,8,D,YP,XA,D
13:30:32,NETV,RG,665,250,D,YP,EP,D
13:30:21,NETV,RG,665,193,D,YP,XC,D
13:30:18,NETV,RG,665,2,D,YP,XC,D
13:30:11,NETV,RG,665,5,D,YP,YP,D
13:30:11,NETV,RG,665,10,D,YP,YP,D
13:30:10,NETV,RG,665,1,D,YP,XC,D
13:30:10,NETV,RG,665,1,D,YP,YP,D
13:30:09,NETV,RG,665,396,D,YP,CC,D
13:30:09,NETV,RG,665,5,D,YP,YP,D
13:30:09,NETV,RG,665,100,D,YP,XC,D
13:30:09,NETV,RG,665,23,D,YP,XC,D
13:30:08,NETV,RG,665,44,D,YP,XC,D
13:30:08,NETV,RG,665,1000,D,YP,YP,D
13:30:08,NETV,RG,665,50,D,YP,XC,D
13:30:06,NETV,RG,665,2,D,YP,PD,D
13:30:06,NETV,RG,665,5,D,YP,YP,D
13:30:06,NETV,RG,665,20,D,YP,XL,D
13:30:06,NETV,RG,665,12,D,YP,XL,D
13:30:06,NETV,RG,665,1,D,YP,XL,D
13:30:06,NETV,RG,665,1,D,YP,XL,D
13:30:06,NETV,RG,665,5,D,YP,XL,D
13:30:06,NETV,RG,665,200,D,YP,XC,D
13:30:06,NETV,RG,665,15,D,YP,XC,D
13:30:06,NETV,RG,665,10,D,YP,YP,D
13:30:06,NETV,RG,665,5,D,YP,YP,D
13:30:06,NETV,RG,665,20,D,YP,PD,D
13:30:06,NETV,RG,665,2,D,YP,XC,D
13:30:05,NETV,RG,665,1,D,YP,XC,D
13:30:05,NETV,RG,665,1,D,YP,XC,D
13:30:05,NETV,RG,665,18,D,YP,XC,D
13:30:05,NETV,RG,665,2,D,YP,XC,D
13:30:05,NETV,RG,665,2,D,YP,PD,D
13:30:05,NETV,RG,665,1,D,YP,XL,D
13:30:05,NETV,RG,665,7,D,YP,XL,D
13:30:05,NETV,RG,665,2,D,YP,PD,D
13:30:05,NETV,RG,665,1,D,YP,XL,D
13:30:05,NETV,RG,665,15,D,YP,XL,D
13:30:05,NETV,RG,665,5,D,YP,XC,D
13:30:05,NETV,RG,665,1,D,YP,XC,D
13:30:05,NETV,RG,665,2,D,YP,PD,D
13:30:05,NETV,RG,665,1,D,YP,XL,D
13:30:04,NETV,RG,665,2,D,YP,XL,D
13:30:04,NETV,RG,665,3,D,YP,XL,D
13:30:04,NETV,RG,665,1,D,YP,XC,D
13:30:04,NETV,RG,665,1,D,YP,PD,D
13:30:04,NETV,RG,665,26,D,YP,DH,D
13:30:04,NETV,RG,665,5,D,YP,XC,D
13:30:04,NETV,RG,665,57,D,YP,XC,D
13:30:04,NETV,RG,665,5,D,YP,XL,D
13:30:04,NETV,RG,665,1,D,YP,PD,D
13:30:04,NETV,RG,665,2000,D,YP,AZ,D
13:30:04,NETV,RG,665,15,D,YP,XC,D
13:30:04,NETV,RG,665,200,D,YP,CC,D
13:30:03,NETV,RG,665,16,D,YP,XC,D
13:30:03,NETV,RG,665,1,D,YP,KK,D
13:30:03,NETV,RG,665,4,D,YP,PD,D
13:30:03,NETV,RG,665,1,D,YP,XC,D
13:30:03,NETV,RG,665,11,D,YP,EP,D
13:30:03,NETV,RG,665,3,D,YP,PD,D
13:30:03,NETV,RG,665,1,D,YP,XC,D
13:30:03,NETV,RG,665,9,D,YP,XC,D
13:30:03,NETV,RG,665,10,D,YP,PD,D
13:30:03,NETV,RG,665,1,D,YP,XC,D
13:30:03,NETV,RG,665,2,D,YP,PD,D
13:30:03,NETV,RG,665,26,D,YP,PD,D
13:30:03,NETV,RG,665,10,D,YP,PD,D
13:30:03,NETV,RG,665,1,D,YP,XL,D
13:30:03,NETV,RG,665,285,D,YP,PD,D
13:30:03,NETV,RG,665,50,D,YP,AZ,D
13:30:03,NETV,RG,665,50,D,YP,YP,D
13:30:03,NETV,RG,665,10,D,YP,AZ,D
13:30:03,NETV,RG,665,4,D,YP,XL,D
13:30:03,NETV,RG,665,5,D,YP,XL,D
13:30:03,NETV,RG,665,10,D,YP,PD,D
13:30:02,NETV,RG,665,5,D,YP,PD,D
13:30:02,NETV,RG,665,5,D,YP,PD,D
13:30:02,NETV,RG,665,5,D,YP,AZ,D
13:30:02,NETV,RG,665,10,D,YP,PD,D
13:30:02,NETV,RG,665,2,D,YP,KK,D
13:30:02,NETV,RG,665,10,D,YP,XC,D
13:30:02,NETV,RG,665,4,D,YP,PD,D
13:30:02,NETV,RG,665,5,D,YP,PD,D
13:30:02,NETV,RG,665,288,D,YP,PD,D
13:30:02,NETV,RG,665,6,D,YP,PD,D
13:30:01,NETV,RG,665,10,D,YP,PD,D
13:30:01,NETV,RG,665,5,D,YP,PD,D
13:30:01,NETV,RG,665,6,D,YP,PD,D
13:30:01,NETV,RG,665,10,D,YP,EP,D
13:30:01,NETV,RG,665,1,D,YP,XC,D
13:30:01,NETV,RG,665,1,D,YP,XC,D
13:30:01,NETV,RG,665,16,D,YP,XC,D
13:30:01,NETV,RG,665,97,D,YP,PD,D
13:30:01,NETV,RG,665,20,D,YP,DR,D
13:30:01,NETV,RG,665,2270,D,YP,IF,D
13:30:01,NETV,RG,665,300,D,YP,AI,D
13:30:01,NETV,RG,665,4000,D,YP,IF,D
13:30:01,NETV,RG,665,300,D,YP,AZ,D
13:30:01,NETV,RG,665,200,D,YP,AI,D
13:30:01,NETV,RG,665,290,D,YP,AI,D
13:30:01,NETV,RG,665,1,D,YP,PD,D
13:30:01,NETV,RG,665,400,D,YP,AI,D
13:30:01,NETV,RG,665,485,D,YP,AI,D
13:30:01,NETV,RG,665,70,D,YP,AZ,D
13:30:01,NETV,RG,665,12,D,YP,AI,D
13:30:01,NETV,RG,665,505,D,YP,AI,D
13:30:01,NETV,RG,665,2,D,YP,RG,D
13:30:01,NETV,RG,665,320,D,YP,AI,D
11:29:42,NETV,RG,665,20,D,YP,CC,D
11:29:39,NETV,RG,665,4,D,YP,NI,D
11:29:28,NETV,RG,665,2,D,YP,XC,D
11:29:26,NETV,RG,665,3,D,YP,XC,D
11:29:26,NETV,RG,665,17,D,YP,PD,D
11:29:19,NETV,RG,665,1,D,YP,XC,D
11:29:15,NETV,RG,665,1,D,YP,XC,D
11:29:13,NETV,RG,665,34,D,YP,XC,D
11:29:09,NETV,RG,665,4,D,YP,XC,D
11:29:07,NETV,RG,665,5,D,YP,XC,D
11:28:57,NETV,RG,665,1,D,YP,XC,D
11:28:25,NETV,RG,665,11,D,YP,PD,D
11:28:18,NETV,RG,665,10,D,YP,XC,D
11:26:28,NETV,RG,665,5,D,YP,PD,D
11:26:18,NETV,RG,665,12,D,YP,PD,D
11:25:57,NETV,RG,665,1,D,YP,PD,D
11:25:49,NETV,RG,665,50,D,YP,DH,D
11:25:46,NETV,RG,665,1,D,YP,XC,D
11:25:40,NETV,RG,665,2,D,YP,XC,D
11:25:06,NETV,RG,665,30,D,YP,XC,D
11:24:26,NETV,RG,665,3,D,YP,XC,D
11:24:03,NETV,RG,665,25,D,YP,XA,D
11:23:29,NETV,RG,665,15,D,YP,CC,D
11:23:01,NETV,RG,665,37,D,YP,PD,D
11:21:35,NETV,RG,665,2,D,YP,PD,D
11:21:19,NETV,RG,665,1,D,YP,PD,D
11:20:47,NETV,RG,665,1,D,YP,AZ,D
11:20:33,NETV,RG,665,7,D,YP,XC,D
11:20:11,NETV,RG,665,12,D,YP,XC,D
11:19:12,NETV,RG,665,50,D,YP,NI,D
11:18:56,NETV,RG,665,10,D,YP,PD,D
11:18:41,NETV,RG,665,5,D,YP,PD,D
11:18:31,NETV,RG,665,4,D,YP,CC,D
11:18:16,NETV,RG,665,1,D,YP,YP,D
11:18:11,NETV,RG,665,4,D,YP,XC,D
11:17:52,NETV,RG,665,13,D,YP,NI,D
11:17:51,NETV,RG,665,59,D,YP,XA,D
11:17:44,NETV,RG,665,201,D,YP,PD,D
11:17:44,NETV,RG,665,15,D,YP,SQ,D
11:17:27,NETV,RG,665,20,D,YP,XC,D
11:17:24,NETV,RG,665,50,D,YP,XA,D
11:17:18,NETV,RG,665,1,D,YP,XL,D
11:17:15,NETV,RG,665,11,D,YP,XC,D
11:17:08,NETV,RG,665,91,D,YP,XA,D
11:16:55,NETV,RG,665,15,D,YP,XA,D
11:16:36,NETV,RG,665,1,D,YP,SQ,D
11:16:28,NETV,RG,665,150,D,YP,XA,D
11:16:16,NETV,RG,665,65,D,YP,XA,D
11:16:04,NETV,RG,665,2,D,YP,MK,D
11:15:47,NETV,RG,665,70,D,YP,XA,D
11:15:37,NETV,RG,665,30,D,YP,XA,D
11:15:17,NETV,RG,665,500,D,YP,YP,D
11:15:15,NETV,RG,665,300,D,YP,XA,D
11:15:00,NETV,RG,665,20,D,YP,XC,D
11:14:54,NETV,RG,665,18,D,YP,GR,D
11:14:49,NETV,RG,665,20,D,YP,XA,D
11:14:34,NETV,RG,665,19,D,YP,XA,D
11:14:31,NETV,RG,665,2,D,YP,XC,D
11:14:17,NETV,RG,665,1,D,YP,XC,D
11:14:16,NETV,RG,665,11,D,YP,XA,D
11:14:13,NETV,RG,665,2,D,YP,PD,D
11:14:06,NETV,RG,665,5,D,YP,XA,D
11:13:54,NETV,RG,665,35,D,YP,XA,D
11:13:46,NETV,RG,665,10,D,YP,XA,D
11:13:38,NETV,RG,665,6,D,YP,NI,D
11:13:16,NETV,RG,665,5,D,YP,PD,D
11:13:09,NETV,RG,665,1,D,YP,SQ,D
11:12:52,NETV,RG,665,60,D,YP,XA,D
11:12:30,NETV,RG,665,1,D,YP,YP,D
11:11:45,NETV,RG,665,120,D,YP,XA,D
11:11:40,NETV,RG,665,1,D,YP,XC,D
11:11:30,NETV,RG,665,50,D,YP,EP,D
11:11:28,NETV,RG,665,5,D,YP,YP,D
11:11:21,NETV,RG,665,2,D,YP,XC,D
11:10:53,NETV,RG,665,1,D,YP,XC,D
11:10:41,NETV,RG,665,1,D,YP,XC,D
11:10:39,NETV,RG,665,20,D,YP,PD,D
11:10:38,NETV,RG,665,29,D,YP,XC,D
11:10:17,NETV,RG,665,1,D,YP,XC,D
11:10:04,NETV,RG,665,50,D,YP,AZ,D
11:09:40,NETV,RG,665,2,D,YP,XC,D
11:09:27,NETV,RG,665,110,D,YP,XA,D
11:09:16,NETV,RG,665,500,D,YP,CC,D
11:09:14,NETV,RG,665,100,D,YP,SQ,D
11:08:57,NETV,RG,665,6,D,YP,XA,D
11:08:56,NETV,RG,665,1,D,YP,PD,D
11:08:31,NETV,RG,665,100,D,YP,PD,D
11:08:27,NETV,RG,665,2,D,YP,XC,D
11:08:07,NETV,RG,665,10,D,YP,DR,D
11:08:03,NETV,RG,665,2,D,YP,XA,D
11:07:54,NETV,RG,665,1,D,YP,YP,D
11:07:39,NETV,RG,665,11,D,YP,XA,D
11:07:16,NETV,RG,665,91,D,YP,XA,D
11:06:11,NETV,RG,665,100,D,YP,XA,D
11:05:54,NETV,RG,665,20,D,YP,NI,D
11:05:37,NETV,RG,665,10,D,YP,XC,D
11:05:18,NETV,RG,665,11,D,YP,EP,D
11:05:10,NETV,RG,665,1,D,YP,PD,D
11:05:08,NETV,RG,665,2,D,YP,XC,D
11:04:50,NETV,RG,665,155,D,YP,XA,D
11:04:02,NETV,RG,665,1,D,YP,PD,D
11:03:43,NETV,RG,665,15,D,YP,XA,D
11:03:39,NETV,RG,665,10,D,YP,IF,D
11:03:26,NETV,RG,665,5,D,YP,XA,D
11:02:58,NETV,RG,665,2,D,YP,XC,D
11:02:56,NETV,RG,665,4,D,YP,PD,D
11:02:53,NETV,RG,665,95,D,YP,XA,D
11:02:45,NETV,RG,665,78,D,YP,XC,D
11:02:41,NETV,RG,665,25,D,YP,XA,D
11:02:29,NETV,RG,665,10,D,YP,XL,D
11:02:27,NETV,RG,665,5,D,YP,YP,D
11:02:01,NETV,RG,665,300,D,YP,XA,D
11:01:48,NETV,RG,665,350,D,YP,KK,D
11:01:44,NETV,RG,665,55,D,YP,XA,D
11:01:21,NETV,RG,665,3,D,YP,PD,D
11:00:57,NETV,RG,665,25,D,YP,XA,D
11:00:47,NETV,RG,665,10,D,YP,CC,D
11:00:38,NETV,RG,665,1,D,YP,XC,D
11:00:36,NETV,RG,665,3,D,YP,XL,D
11:00:18,NETV,RG,665,75,D,YP,XA,D
10:59:53,NETV,RG,665,25,D,YP,XC,D
10:59:49,NETV,RG,665,5,D,YP,DR,D
10:58:50,NETV,RG,665,350,D,YP,XA,D
10:58:16,NETV,RG,665,2,D,YP,PD,D
10:58:12,NETV,RG,665,1,D,YP,XC,D
10:58:11,NETV,RG,665,1,D,YP,XC,D
10:57:43,NETV,RG,665,5,D,YP,NI,D
10:57:35,NETV,RG,665,10,D,YP,PD,D
10:57:15,NETV,RG,665,221,D,YP,CC,D
10:57:12,NETV,RG,665,1,D,YP,XC,D
10:56:46,NETV,RG,665,2,D,YP,XC,D
10:56:16,NETV,RG,665,17,D,YP,XC,D
10:56:15,NETV,RG,665,10,D,YP,SQ,D
10:56:01,NETV,RG,665,1,D,YP,XC,D
10:55:54,NETV,RG,665,3,D,YP,PD,D
10:55:53,NETV,RG,665,5,D,YP,XC,D
10:55:47,NETV,RG,665,30,D,YP,PD,D
10:55:27,NETV,RG,665,1,D,YP,XL,D
10:55:23,NETV,RG,665,3,D,YP,XC,D
10:55:19,NETV,RG,665,1,D,YP,XC,D
10:54:42,NETV,RG,665,11,D,YP,XC,D
10:54:19,NETV,RG,665,4,D,YP,XC,D
10:54:11,NETV,RG,665,1,D,YP,PD,D
10:54:08,NETV,RG,665,16,D,YP,YP,D
10:53:33,NETV,RG,665,10,D,YP,PD,D
10:53:29,NETV,RG,665,2,D,YP,XC,D
10:53:24,NETV,RG,665,3,D,YP,YP,D
10:53:03,NETV,RG,665,100,D,YP,XC,D
10:51:49,NETV,RG,665,1,D,YP,XC,D
10:51:37,NETV,RG,665,24,D,YP,PD,D
10:51:23,NETV,RG,665,1,D,YP,XC,D
10:50:54,NETV,RG,665,91,D,YP,XC,D
10:50:24,NETV,RG,665,8,D,YP,GR,D
10:49:53,NETV,RG,665,3,D,YP,XL,D
10:49:49,NETV,RG,665,6,D,YP,XC,D
10:49:20,NETV,RG,665,1,D,YP,XC,D
10:48:23,NETV,RG,665,100,D,YP,YP,D
10:47:16,NETV,RG,665,1,D,YP,XL,D
10:47:06,NETV,RG,665,37,D,YP,XC,D
10:47:01,NETV,RG,665,1,D,YP,XC,D
10:46:56,NETV,RG,665,25,D,YP,XC,D
10:46:39,NETV,RG,665,1,D,YP,XC,D
10:45:07,NETV,RG,665,18,D,YP,AZ,D
10:44:40,NETV,RG,665,2,D,YP,YP,D
10:44:16,NETV,RG,665,200,D,YP,TP,D
10:43:42,NETV,RG,665,1,D,YP,XC,D
10:43:39,NETV,RG,665,262,D,YP,YP,D
10:43:24,NETV,RG,665,8,D,YP,XC,D
10:43:02,NETV,RG,665,16,D,YP,PD,D
10:42:37,NETV,RG,665,91,D,YP,CC,D
10:42:12,NETV,RG,665,1,D,YP,YP,D
10:41:57,NETV,RG,665,2,D,YP,PD,D
10:41:43,NETV,RG,665,4,D,YP,XL,D
10:41:33,NETV,RG,665,4,D,YP,XL,D
10:41:00,NETV,RG,665,25,D,YP,XC,D
10:40:54,NETV,RG,665,33,D,YP,PD,D
10:40:46,NETV,RG,665,20,D,YP,XC,D
10:40:09,NETV,RG,665,5,D,YP,YP,D
10:40:08,NETV,RG,665,5,D,YP,EP,D
10:39:54,NETV,RG,665,17,D,YP,YP,D
10:39:52,NETV,RG,665,4,D,YP,AZ,D
10:39:51,NETV,RG,665,329,D,YP,XC,D
10:39:48,NETV,RG,665,1,D,YP,PD,D
10:39:39,NETV,RG,665,1,D,YP,XC,D
10:39:01,NETV,RG,665,50,D,YP,GR,D
10:39:00,NETV,RG,665,215,D,YP,XC,D
10:38:58,NETV,RG,665,4,D,YP,XC,D
10:38:37,NETV,RG,665,40,D,YP,XL,D
10:38:36,NETV,RG,665,1,D,YP,XC,D
10:38:32,NETV,RG,665,100,D,YP,YP,D
10:38:11,NETV,RG,665,5,D,YP,XC,D
10:37:54,NETV,RG,665,5,D,YP,KK,D
10:37:26,NETV,RG,665,50,D,YP,PD,D
10:37:23,NETV,RG,665,1,D,YP,PD,D
10:37:15,NETV,RG,665,10,D,YP,PD,D
10:37:07,NETV,RG,665,135,D,YP,YP,D
10:37:00,NETV,RG,665,5,D,YP,AZ,D
10:36:18,NETV,RG,665,6,D,YP,XC,D
10:36:17,NETV,RG,665,15,D,YP,PD,D
10:36:04,NETV,RG,665,200,D,YP,HD,D
10:35:52,NETV,RG,665,1,D,YP,XC,D
10:35:19,NETV,RG,665,47,D,YP,CC,D
10:34:48,NETV,RG,665,15,D,YP,PD,D
10:34:45,NETV,RG,665,5,D,YP,XC,D
10:34:41,NETV,RG,665,1,D,YP,XC,D
10:34:37,NETV,RG,665,2,D,YP,XL,D
10:34:36,NETV,RG,665,2,D,YP,YP,D
10:34:33,NETV,RG,665,5,D,YP,XL,D
10:34:33,NETV,RG,665,1,D,YP,XC,D
10:34:31,NETV,RG,665,1,D,YP,XC,D
10:34:21,NETV,RG,665,58,D,YP,XC,D
10:33:55,NETV,RG,665,2,D,YP,XC,D
10:33:50,NETV,RG,665,9,D,YP,NI,D
10:33:40,NETV,RG,665,100,D,YP,PD,D
10:33:35,NETV,RG,665,15,D,YP,PD,D
10:33:30,NETV,RG,665,1,D,YP,PD,D
10:33:24,NETV,RG,665,16,D,YP,PD,D
10:33:12,NETV,RG,665,1,D,YP,YP,D
10:32:02,NETV,RG,665,11,D,YP,DH,D
10:31:31,NETV,RG,665,5,D,YP,PD,D
10:31:30,NETV,RG,665,1,D,YP,YP,D
10:31:03,NETV,RG,665,1,D,YP,XL,D
10:30:35,NETV,RG,665,10,D,YP,CC,D
10:30:25,NETV,RG,665,1,D,YP,XC,D
10:29:34,NETV,RG,665,7,D,YP,AZ,D
10:29:28,NETV,RG,665,297,D,YP,AZ,D
10:29:26,NETV,RG,665,30,D,YP,XC,D
10:29:22,NETV,RG,665,6,D,YP,XL,D
10:28:43,NETV,RG,665,118,D,YP,NI,D
10:26:21,NETV,RG,665,2,D,YP,XL,D
10:26:17,NETV,RG,665,3,D,YP,PD,D
10:26:05,NETV,RG,665,5,D,YP,YP,D
10:25:58,NETV,RG,665,10,D,YP,XL,D
10:25:41,NETV,RG,665,7,D,YP,KK,D
10:25:30,NETV,RG,665,104,D,YP,XC,D
10:25:30,NETV,RG,665,2,D,YP,XC,D
10:25:03,NETV,RG,665,3,D,YP,XC,D
10:24:54,NETV,RG,665,108,D,YP,XL,D
10:23:38,NETV,RG,665,1,D,YP,NI,D
10:23:35,NETV,RG,665,7,D,YP,PD,D
10:22:53,NETV,RG,665,32,D,YP,IP,D
10:22:49,NETV,RG,665,15,D,YP,SQ,D
10:22:43,NETV,RG,665,20,D,YP,EP,D
10:22:27,NETV,RG,665,5,D,YP,NI,D
10:22:17,NETV,RG,665,2,D,YP,PD,D
10:22:11,NETV,RG,665,1,D,YP,DH,D
10:22:07,NETV,RG,665,10,D,YP,PD,D
10:21:36,NETV,RG,665,15,D,YP,PD,D
10:21:33,NETV,RG,665,1,D,YP,XC,D
10:21:19,NETV,RG,665,10,D,YP,XL,D
10:21:14,NETV,RG,665,10,D,YP,XC,D
10:20:46,NETV,RG,665,83,D,YP,YP,D
10:20:09,NETV,RG,665,3,D,YP,NI,D
10:19:50,NETV,RG,665,1,D,YP,XC,D
10:19:47,NETV,RG,665,10,D,YP,CC,D
10:19:05,NETV,RG,665,1,D,YP,XL,D
10:19:04,NETV,RG,665,15,D,YP,CC,D
10:18:18,NETV,RG,665,10,D,YP,PD,D
10:18:13,NETV,RG,665,8,D,YP,AZ,D
10:18:06,NETV,RG,665,5,D,YP,PD,D
10:17:55,NETV,RG,665,13,D,YP,PD,D
10:17:38,NETV,RG,665,2,D,YP,XC,D
10:17:10,NETV,RG,665,76,D,YP,XC,D
10:17:08,NETV,RG,665,1,D,YP,YP,D
10:16:30,NETV,RG,665,5,D,YP,YP,D
10:16:28,NETV,RG,665,20,D,YP,YP,D
10:16:23,NETV,RG,665,1,D,YP,MK,D
10:16:22,NETV,RG,665,100,D,YP,PD,D
10:16:20,NETV,RG,665,39,D,YP,AZ,D
10:16:20,NETV,RG,665,5,D,YP,YP,D
10:16:19,NETV,RG,665,5,D,YP,YP,D
10:16:17,NETV,RG,665,20,D,YP,YP,D
10:16:15,NETV,RG,665,40,D,YP,DH,D
10:16:13,NETV,RG,665,3,D,YP,PD,D
10:15:59,NETV,RG,665,22,D,YP,PD,D
10:15:48,NETV,RG,665,9,D,YP,XC,D
10:15:40,NETV,RG,665,5,D,YP,PD,D
10:15:33,NETV,RG,665,360,D,YP,NI,D
10:15:31,NETV,RG,665,3,D,YP,XC,D
10:15:25,NETV,RG,665,12,D,YP,XC,D
10:15:19,NETV,RG,665,72,D,YP,XC,D
10:15:15,NETV,RG,665,1,D,YP,XC,D
10:15:10,NETV,RG,665,2,D,YP,DH,D
10:15:10,NETV,RG,665,500,D,YP,CC,D
10:15:06,NETV,RG,665,1,D,YP,XC,D
10:14:50,NETV,RG,665,10,D,YP,YP,D
10:14:47,NETV,RG,665,2,D,YP,YP,D
10:14:34,NETV,RG,665,400,D,YP,ES,D
10:14:22,NETV,RG,665,10,D,YP,PD,D
10:14:07,NETV,RG,665,10,D,YP,XL,D
10:14:02,NETV,RG,665,350,D,YP,CC,D
10:13:50,NETV,RG,665,5,D,YP,PD,D
10:13:33,NETV,RG,665,5,D,YP,PD,D
10:13:28,NETV,RG,665,1,D,YP,XL,D
10:13:10,NETV,RG,665,10,D,YP,XL,D
10:13:01,NETV,RG,665,200,D,YP,YP,D
10:13:00,NETV,RG,665,18,D,YP,PD,D
10:12:58,NETV,RG,665,5,D,YP,AZ,D
10:12:43,NETV,RG,665,8,D,YP,XC,D
10:12:35,NETV,RG,665,1,D,YP,PD,D
10:12:15,NETV,RG,665,5,D,YP,AZ,D
10:12:04,NETV,RG,665,3,D,YP,PD,D
10:12:00,NETV,RG,665,480,D,YP,AZ,D
10:11:57,NETV,RG,665,12,D,YP,XC,D
10:11:48,NETV,RG,665,3,D,YP,NI,D
10:11:43,NETV,RG,665,4,D,YP,AZ,D
10:11:38,NETV,RG,665,5,D,YP,XC,D
10:11:32,NETV,RG,665,50,D,YP,KK,D
10:11:23,NETV,RG,665,38,D,YP,CC,D
10:11:23,NETV,RG,665,15,D,YP,XC,D
10:10:53,NETV,RG,665,1,D,YP,NI,D
10:10:31,NETV,RG,665,2,D,YP,XC,D
10:10:30,NETV,RG,665,74,D,YP,AZ,D
10:10:28,NETV,RG,665,5,D,YP,AZ,D
10:10:19,NETV,RG,665,20,D,YP,AZ,D
10:09:51,NETV,RG,665,187,D,YP,XC,D
10:09:51,NETV,RG,665,15,D,YP,PD,D
10:09:50,NETV,RG,665,1,D,YP,XC,D
10:09:44,NETV,RG,665,1,D,YP,XL,D
10:09:37,NETV,RG,665,20,D,YP,DH,D
10:09:28,NETV,RG,665,3,D,YP,AZ,D
10:08:58,NETV,RG,665,1,D,YP,XC,D
10:08:58,NETV,RG,665,5,D,YP,AZ,D
10:08:43,NETV,RG,665,8,D,YP,XL,D
10:08:18,NETV,RG,665,3,D,YP,XC,D
10:08:12,NETV,RG,665,25,D,YP,DH,D
10:08:11,NETV,RG,665,10,D,YP,PD,D
10:08:11,NETV,RG,665,5,D,YP,XL,D
10:08:10,NETV,RG,665,200,D,YP,YP,D
10:08:07,NETV,RG,665,234,D,YP,AZ,D
10:08:05,NETV,RG,665,10,D,YP,AZ,D
10:07:49,NETV,RG,665,150,D,YP,DH,D
10:07:42,NETV,RG,665,10,D,YP,PD,D
10:07:33,NETV,RG,665,1,D,YP,YP,D
10:07:28,NETV,RG,665,1,D,YP,XC,D
10:07:05,NETV,RG,665,183,D,YP,XC,D
10:07:02,NETV,RG,665,5,D,YP,AZ,D
10:06:48,NETV,RG,665,2,D,YP,XC,D
10:06:42,NETV,RG,665,14,D,YP,AZ,D
10:06:37,NETV,RG,665,2,D,YP,DX,D
10:06:31,NETV,RG,665,1,D,YP,YP,D
10:06:29,NETV,RG,665,7,D,YP,PD,D
10:06:27,NETV,RG,665,45,D,YP,AZ,D
10:06:16,NETV,RG,665,1,D,YP,PD,D
10:06:11,NETV,RG,665,20,D,YP,XC,D
10:06:02,NETV,RG,665,8,D,YP,AZ,D
10:05:58,NETV,RG,665,50,D,YP,ZP,D
10:05:34,NETV,RG,665,15,D,YP,GR,D
10:05:22,NETV,RG,665,2,D,YP,XC,D
10:05:21,NETV,RG,665,5,D,YP,XC,D
10:05:12,NETV,RG,665,1,D,YP,AZ,D
10:05:07,NETV,RG,665,5,D,YP,AZ,D
10:05:03,NETV,RG,665,7,D,YP,XL,D
10:04:59,NETV,RG,665,20,D,YP,AZ,D
10:04:47,NETV,RG,665,8,D,YP,CC,D
10:04:40,NETV,RG,665,2,D,YP,PD,D
10:04:38,NETV,RG,665,3,D,YP,NI,D
10:04:37,NETV,RG,665,67,D,YP,XC,D
10:04:35,NETV,RG,665,1,D,YP,XC,D
10:04:13,NETV,RG,665,1,D,YP,YP,D
10:04:10,NETV,RG,665,1,D,YP,DH,D
10:03:51,NETV,RG,665,6,D,YP,XL,D
10:03:50,NETV,RG,665,200,D,YP,MG,D
10:03:47,NETV,RG,665,20,D,YP,AZ,D
10:03:44,NETV,RG,665,10,D,YP,AZ,D
10:03:42,NETV,RG,665,1,D,YP,XC,D
10:03:41,NETV,RG,665,1,D,YP,XC,D
10:03:36,NETV,RG,665,6,D,YP,PD,D
10:03:34,NETV,RG,665,25,D,YP,KK,D
10:03:32,NETV,RG,665,30,D,YP,XC,D
10:03:32,NETV,RG,665,14,D,YP,XC,D
10:03:31,NETV,RG,665,1,D,YP,YP,D
10:03:30,NETV,RG,665,8,D,YP,CC,D
10:03:25,NETV,RG,665,680,D,YP,YP,D
10:03:19,NETV,RG,665,7,D,YP,DR,D
10:03:08,NETV,RG,665,25,D,YP,AZ,D
10:03:00,NETV,RG,665,3,D,YP,PD,D
10:03:00,NETV,RG,665,8,D,YP,AZ,D
10:02:59,NETV,RG,665,3,D,YP,XC,D
10:02:58,NETV,RG,665,40,D,YP,AZ,D
10:02:50,NETV,RG,665,3,D,YP,EP,D
10:02:46,NETV,RG,665,5,D,YP,XL,D
10:02:42,NETV,RG,665,1,D,YP,CC,D
10:02:41,NETV,RG,665,20,D,YP,PD,D
10:02:37,NETV,RG,665,10,D,YP,XC,D
10:02:36,NETV,RG,665,10,D,YP,XC,D
10:02:32,NETV,RG,665,8,D,YP,XC,D
10:02:28,NETV,RG,665,81,D,YP,XC,D
10:02:02,NETV,RG,665,14,D,YP,XC,D
10:01:52,NETV,RG,665,5,D,YP,PD,D
10:01:35,NETV,RG,665,16,D,YP,YP,D
10:01:04,NETV,RG,665,10,D,YP,KK,D
10:00:56,NETV,RG,665,2,D,YP,XL,D
10:00:44,NETV,RG,665,5,D,YP,XC,D
9:59:56,NETV,RG,665,9,D,YP,YP,D
9:59:41,NETV,RG,665,20,D,YP,PD,D
9:59:41,NETV,RG,665,4,D,NI,PD,D
9:59:30,NETV,RG,665,15,D,NI,AT,D
9:59:26,NETV,RG,665,3,D,NI,AT,D
9:59:24,NETV,RG,665,1,D,NI,NI,D
9:59:06,NETV,RG,665,75,D,NI,PD,D
9:58:59,NETV,RG,665,1,D,NI,XC,D
9:58:58,NETV,RG,665,2,D,NI,PD,D
9:58:48,NETV,RG,665,29,D,NI,YB,D
9:58:43,NETV,RG,665,100,D,NI,NI,D
9:58:29,NETV,RG,665,10,D,NI,EP,D
9:58:29,NETV,RG,665,3,D,NI,NI,D
9:58:25,NETV,RG,665,60,D,NI,LG,D
9:58:13,NETV,RG,665,18,D,NI,XC,D
9:58:12,NETV,RG,665,6,D,NI,XC,D
9:58:04,NETV,RG,665,2,D,NI,YP,D
9:58:03,NETV,RG,665,1,D,NI,XC,D
9:57:57,NETV,RG,665,1,D,NI,XC,D
9:57:50,NETV,RG,665,10,D,NI,XC,D
9:57:30,NETV,RG,665,25,D,NI,KK,D
9:57:30,NETV,RG,665,1,D,NI,PD,D
9:57:25,NETV,RG,665,5,D,NI,KK,D
9:57:17,NETV,RG,665,58,D,NI,NI,D
9:57:03,NETV,RG,665,1,D,NI,XC,D
9:56:55,NETV,RG,665,1,D,NI,XC,D
9:56:41,NETV,RG,665,1,D,NI,XC,D
9:56:41,NETV,RG,665,10,D,NI,XC,D
9:56:38,NETV,RG,665,6,D,NI,SQ,D
9:56:37,NETV,RG,665,1,D,NI,XC,D
9:56:36,NETV,RG,665,2,D,NI,PD,D
9:56:36,NETV,RG,665,1,D,NI,XC,D
9:56:33,NETV,RG,665,1,D,NI,XC,D
9:56:30,NETV,RG,665,1,D,NI,XC,D
9:56:27,NETV,RG,665,10,D,NI,PD,D
9:56:18,NETV,RG,665,1,D,NI,PD,D
9:56:17,NETV,RG,665,1,D,NI,XC,D
9:56:01,NETV,RG,665,5,D,NI,XC,D
9:56:00,NETV,RG,665,1,D,NI,XC,D
9:55:47,NETV,RG,665,42,D,NI,YP,D
9:55:46,NETV,RG,665,100,D,NI,KK,D
9:55:33,NETV,RG,665,10,D,NI,PD,D
9:55:32,NETV,RG,665,3,D,NI,XC,D
9:55:23,NETV,RG,665,5,D,NI,YP,D
9:55:16,NETV,RG,665,1,D,NI,KK,D
9:55:11,NETV,RG,665,4,D,NI,XC,D
9:54:49,NETV,RG,665,10,D,NI,YP,D
9:54:43,NETV,RG,665,20,D,NI,GR,D
9:54:42,NETV,RG,665,25,D,NI,YP,D
9:54:34,NETV,RG,665,15,D,NI,XC,D
9:54:33,NETV,RG,665,17,D,NI,AZ,D
9:54:31,NETV,RG,665,5,D,NI,CC,D
9:54:12,NETV,RG,665,10,D,NI,PD,D
9:54:09,NETV,RG,665,199,D,NI,YJ,D
9:53:50,NETV,RG,665,2,D,NI,XC,D
9:53:49,NETV,RG,665,1,D,NI,XC,D
9:53:34,NETV,RG,665,45,D,NI,XC,D
9:53:28,NETV,RG,665,11,D,NI,PD,D
9:53:26,NETV,RG,665,1,D,NI,YP,D
9:53:20,NETV,RG,665,1,D,NI,ZP,D
9:53:20,NETV,RG,665,49,D,MG,ZP,D
9:53:17,NETV,RG,665,45,D,MG,DH,D
9:53:11,NETV,RG,665,896,D,MG,SQ,D
9:53:08,NETV,RG,665,116,D,MG,PD,D
9:52:16,NETV,RG,665,2,D,MG,XC,D
9:52:14,NETV,RG,665,7,D,MG,XC,D
9:52:10,NETV,RG,665,5,D,MG,XC,D
9:51:01,NETV,RG,665,20,D,MG,PD,D
9:50:43,NETV,RG,665,10,D,MG,XC,D
9:50:37,NETV,RG,665,5,D,MG,PD,D
9:50:27,NETV,RG,665,100,D,MG,AZ,D
9:50:27,NETV,RG,665,15,D,MG,XC,D
9:50:16,NETV,RG,665,14,D,MG,XC,D
9:50:13,NETV,RG,665,32,D,MG,BQ,D
9:50:10,NETV,RG,665,8,D,MG,XC,D
9:50:06,NETV,RG,665,4,D,MG,XC,D
9:50:03,NETV,RG,665,40,D,MG,PD,D
9:49:49,NETV,RG,665,1,D,MG,XL,D
9:49:32,NETV,RG,665,4,D,MG,PD,D
9:49:07,NETV,RG,665,25,D,MG,PD,D
9:48:56,NETV,RG,665,3,D,MG,YP,D
9:48:52,NETV,RG,665,2,D,MG,CC,D
9:48:42,NETV,RG,665,3,D,MG,XC,D
9:48:40,NETV,RG,665,3,D,MG,XC,D
9:48:21,NETV,RG,665,159,D,MG,AZ,D
9:47:47,NETV,RG,665,4,D,MG,XC,D
9:47:36,NETV,RG,665,42,D,MG,XC,D
9:47:32,NETV,RG,665,315,D,MG,AZ,D
9:47:28,NETV,RG,665,180,D,MG,XC,D
9:47:10,NETV,RG,665,3,D,MG,PD,D
9:47:03,NETV,RG,665,11,D,MG,PD,D
9:47:02,NETV,RG,665,5,D,MG,XC,D
9:46:53,NETV,RG,665,220,D,MG,YP,D
9:46:46,NETV,RG,665,20,D,MG,XC,D
9:46:08,NETV,RG,665,10,D,MG,PD,D
9:46:05,NETV,RG,665,1500,D,MG,CC,D
9:46:02,NETV,RG,665,1,D,MG,XC,D
9:46:01,NETV,RG,665,6,D,MG,RG,D
9:45:49,NETV,RG,665,1,D,MG,XC,D
9:45:47,NETV,RG,665,1,D,MG,XC,D
9:45:43,NETV,RG,665,10,D,MG,YP,D
9:45:41,NETV,RG,665,100,D,MG,PD,D
9:45:37,NETV,RG,665,2,D,MG,EP,D
9:45:34,NETV,RG,665,200,D,MG,DX,D
9:45:30,NETV,RG,665,23,D,MG,PD,D
9:45:24,NETV,RG,665,1,D,MG,XL,D
9:45:19,NETV,RG,665,5,D,MG,PD,D
9:45:11,NETV,RG,665,20,D,MG,XC,D
9:45:07,NETV,RG,665,130,D,MG,YP,D
9:45:06,NETV,RG,665,40,D,MG,AT,D
9:44:45,NETV,RG,665,6,D,MG,PD,D
9:44:41,NETV,RG,665,8,D,MG,YP,D
9:44:40,NETV,RG,665,2,D,MG,XL,D
9:44:24,NETV,RG,665,8,D,MG,XC,D
9:44:23,NETV,RG,665,1,D,MG,YB,D
9:44:10,NETV,RG,665,250,D,MG,YP,D
9:44:08,NETV,RG,665,2,D,MG,XC,D
9:43:56,NETV,RG,665,11,D,MG,XL,D
9:43:49,NETV,RG,665,1,D,MG,XC,D
9:43:46,NETV,RG,665,8,D,MG,XL,D
9:43:34,NETV,RG,665,28,D,MG,XC,D
9:43:31,NETV,RG,665,1,D,MG,XL,D
9:43:23,NETV,RG,665,2,D,MG,XL,D
9:43:20,NETV,RG,665,109,D,MG,XL,D
9:43:20,NETV,RG,665,1,D,MG,XC,D
9:43:10,NETV,RG,665,1,D,MG,XC,D
9:43:02,NETV,RG,665,26,D,MG,KK,D
9:42:58,NETV,RG,665,123,D,MG,GR,D
9:42:56,NETV,RG,665,1,D,MG,XC,D
9:42:56,NETV,RG,665,50,D,MG,XC,D
9:42:53,NETV,RG,665,1,D,MG,ZP,D
9:42:39,NETV,RG,665,2,D,MG,XC,D
9:42:29,NETV,RG,665,50,D,MG,CC,D
9:42:18,NETV,RG,665,3,D,MG,XC,D
9:41:51,NETV,RG,665,10,D,MG,PD,D
9:41:47,NETV,RG,665,12,D,MG,BQ,D
9:41:41,NETV,RG,665,45,D,MG,CC,D
9:41:35,NETV,RG,665,50,D,MG,XC,D
9:41:28,NETV,RG,665,20,D,MG,PD,D
9:41:26,NETV,RG,665,10,D,MG,PD,D
9:41:19,NETV,RG,665,1,D,MG,XC,D
9:41:14,NETV,RG,665,1,D,MG,CC,D
9:41:09,NETV,RG,665,4,D,MG,XC,D
9:41:07,NETV,RG,665,1,D,MG,XC,D
9:41:07,NETV,RG,665,1,D,MG,PD,D
9:41:07,NETV,RG,665,10,D,MG,YP,D
9:41:04,NETV,RG,665,1,D,MG,XL,D
9:41:02,NETV,RG,665,2,D,MG,XC,D
9:40:52,NETV,RG,665,1,D,MG,XC,D
9:40:51,NETV,RG,665,1,D,MG,XC,D
9:40:47,NETV,RG,665,20,D,MG,DR,D
9:40:46,NETV,RG,665,2,D,MG,XC,D
9:40:45,NETV,RG,665,2,D,MG,XC,D
9:40:39,NETV,RG,665,1,D,MG,YP,D
9:40:39,NETV,RG,665,4,D,MG,XC,D
9:40:23,NETV,RG,665,5,D,MG,XC,D
9:39:58,NETV,RG,665,27,D,MG,XC,D
9:39:36,NETV,RG,665,17,D,MG,KK,D
9:39:28,NETV,RG,665,22,D,MG,XC,D
9:39:18,NETV,RG,665,127,D,MG,YP,D
9:39:18,NETV,RG,665,1500,D,MG,EP,D
9:39:12,NETV,RG,665,51,D,MG,YP,D
9:39:08,NETV,RG,665,1,D,MG,XL,D
9:38:59,NETV,RG,665,15,D,MG,XC,D
9:38:51,NETV,RG,665,5,D,MG,XC,D
9:38:45,NETV,RG,665,14,D,MG,PD,D
9:38:40,NETV,RG,665,2,D,MG,XC,D
9:38:32,NETV,RG,665,2,D,MG,XC,D
9:38:14,NETV,RG,665,12,D,MG,YP,D
9:38:07,NETV,RG,665,3,D,MG,AZ,D
9:38:05,NETV,RG,665,140,D,MG,CC,D
9:37:57,NETV,RG,665,48,D,MG,XC,D
9:37:55,NETV,RG,665,1,D,MG,XC,D
9:37:44,NETV,RG,665,3,D,MG,XL,D
9:37:42,NETV,RG,665,15,D,MG,PD,D
9:37:42,NETV,RG,665,5,D,MG,CC,D
9:37:38,NETV,RG,665,2,D,MG,XC,D
9:37:37,NETV,RG,665,1,D,MG,XC,D
9:37:35,NETV,RG,665,5,D,MG,XL,D
9:37:34,NETV,RG,665,10,D,MG,DR,D
9:37:28,NETV,RG,665,1,D,MG,XC,D
9:37:23,NETV,RG,665,53,D,MG,PD,D
9:36:59,NETV,RG,665,404,D,MG,CC,D
9:36:36,NETV,RG,665,4,D,MG,XC,D
9:36:30,NETV,RG,665,7,D,MG,PD,D
9:36:27,NETV,RG,665,2,D,MG,YP,D
9:36:26,NETV,RG,665,10,D,MG,XC,D
9:36:12,NETV,RG,665,8,D,MG,EP,D
9:36:08,NETV,RG,665,1,D,MG,YP,D
9:35:59,NETV,RG,665,5,D,MG,NI,D
9:35:54,NETV,RG,665,7,D,MG,KK,D
9:35:53,NETV,RG,665,10,D,MG,XC,D
9:35:48,NETV,RG,665,5,D,MG,XC,D
9:35:45,NETV,RG,665,4,D,MG,XC,D
9:35:35,NETV,RG,665,1,D,MG,DR,D
9:35:25,NETV,RG,665,100,D,MG,HP,D
9:35:19,NETV,RG,665,2,D,MG,XL,D
9:35:18,NETV,RG,665,101,D,MG,PD,D
9:34:45,NETV,RG,665,30,D,MG,XC,D
9:34:42,NETV,RG,665,8,D,MG,XC,D
9:34:41,NETV,RG,665,3,D,MG,XC,D
9:34:35,NETV,RG,665,84,D,MG,XC,D
9:34:35,NETV,RG,665,3,D,MG,XC,D
9:34:21,NETV,RG,665,13,D,MG,XL,D
9:34:16,NETV,RG,665,50,D,MG,CC,D
9:34:16,NETV,RG,665,1,D,MG,AZ,D
9:34:13,NETV,RG,665,40,D,MG,YP,D
9:34:06,NETV,RG,665,1,D,MG,XL,D
9:34:06,NETV,RG,665,4,D,MG,XC,D
9:34:02,NETV,RG,665,15,D,MG,XC,D
9:34:00,NETV,RG,665,6,D,MG,CC,D
9:34:00,NETV,RG,665,1,D,MG,XC,D
9:33:52,NETV,RG,665,8,D,MG,XC,D
9:33:50,NETV,RG,665,26,D,MG,CC,D
9:33:48,NETV,RG,665,1,D,MG,XC,D
9:33:40,NETV,RG,665,16,D,MG,YU,D
9:33:36,NETV,RG,665,10,D,MG,YP,D
9:33:22,NETV,RG,665,16,D,MG,BQ,D
9:33:17,NETV,RG,665,3,D,MG,PD,D
9:33:17,NETV,RG,665,1,D,MG,YP,D
9:33:13,NETV,RG,665,150,D,MG,IF,D
9:33:11,NETV,RG,665,115,D,MG,NI,D
9:33:09,NETV,RG,665,1,D,MG,XC,D
9:33:08,NETV,RG,665,8,D,MG,XC,D
9:33:08,NETV,RG,665,1,D,MG,NI,D
9:33:01,NETV,RG,665,1,D,MG,XC,D
9:33:00,NETV,RG,665,2,D,MG,XL,D
9:32:59,NETV,RG,665,1,D,MG,XC,D
9:32:58,NETV,RG,665,1,D,MG,XC,D
9:32:42,NETV,RG,665,12,D,MG,CC,D
9:32:41,NETV,RG,665,1,D,MG,XC,D
9:32:19,NETV,RG,665,65,D,MG,YP,D
9:32:11,NETV,RG,665,74,D,MG,XC,D
9:31:46,NETV,RG,665,41,D,MG,XC,D
9:31:46,NETV,RG,665,20,D,MG,PD,D
9:31:42,NETV,RG,665,3,D,MG,PD,D
9:31:37,NETV,RG,665,9,D,MG,XC,D
9:31:29,NETV,RG,665,1,D,MG,PD,D
9:31:27,NETV,RG,665,2,D,MG,XC,D
9:31:18,NETV,RG,665,3,D,MG,IF,D
9:31:04,NETV,RG,665,10,D,MG,XL,D
9:31:03,NETV,RG,665,50,D,MG,YP,D
9:31:01,NETV,RG,665,200,D,MG,CC,D
9:31:00,NETV,RG,665,2,D,MG,XC,D
9:31:00,NETV,RG,665,2,D,MG,PD,D
9:30:59,NETV,RG,665,2,D,MG,XC,D
9:30:51,NETV,RG,665,1,D,MG,XL,D
9:30:45,NETV,RG,665,2,D,MG,PD,D
9:30:43,NETV,RG,665,5,D,MG,LG,D
9:30:43,NETV,RG,665,15,D,MG,NI,D
9:30:41,NETV,RG,665,16,D,MG,XC,D
9:30:21,NETV,RG,665,13,D,MG,XC,D
9:30:18,NETV,RG,665,1,D,MG,XC,D
9:30:15,NETV,RG,665,1,D,MG,CC,D
9:30:09,NETV,RG,665,2,D,MG,XC,D
9:30:05,NETV,RG,665,1,D,MG,YB,D
9:30:03,NETV,RG,665,89,D,MG,XC,D
9:29:52,NETV,RG,665,10,D,MG,NI,D
9:29:46,NETV,RG,665,13,D,MG,NI,D
9:29:42,NETV,RG,665,20,D,MG,KK,D
9:29:41,NETV,RG,665,1,D,MG,PD,D
9:29:33,NETV,RG,665,1,D,MG,PD,D
9:29:31,NETV,RG,665,5,D,MG,PD,D
9:29:29,NETV,RG,665,1,D,MG,NI,D
9:29:28,NETV,RG,665,77,D,MG,XC,D
9:29:20,NETV,RG,665,24,D,MG,XC,D
9:29:16,NETV,RG,665,5,D,MG,PD,D
9:29:12,NETV,RG,665,15,D,MG,XC,D
9:29:12,NETV,RG,665,1,D,MG,XL,D
9:29:10,NETV,RG,665,12,D,MG,CC,D
9:29:08,NETV,RG,665,5,D,MG,CC,D
9:29:01,NETV,RG,665,31,D,MG,XC,D
9:28:59,NETV,RG,665,5,D,MG,PD,D
9:28:58,NETV,RG,665,30,D,MG,NI,D
9:28:49,NETV,RG,665,1,D,MG,XC,D
9:28:42,NETV,RG,665,38,D,MG,XC,D
9:28:38,NETV,RG,665,2,D,MG,PD,D
9:28:36,NETV,RG,665,1,D,MG,KK,D
9:28:31,NETV,RG,665,5,D,MG,KK,D
9:28:23,NETV,RG,665,5,D,MG,NI,D
9:28:20,NETV,RG,665,1,D,MG,XC,D
9:28:17,NETV,RG,665,29,D,MG,DX,D
9:28:12,NETV,RG,665,50,D,MG,PD,D
9:28:11,NETV,RG,665,5,D,MG,XC,D
9:28:09,NETV,RG,665,3,D,MG,XC,D
9:27:56,NETV,RG,665,4,D,MG,YP,D
9:27:51,NETV,RG,665,7,D,MG,XC,D
9:27:46,NETV,RG,665,5,D,MG,XC,D
9:27:40,NETV,RG,665,20,D,MG,SQ,D
9:27:36,NETV,RG,665,99,D,MG,CC,D
9:27:35,NETV,RG,665,141,D,MG,SQ,D
9:27:35,NETV,RG,665,9,D,YP,SQ,D
9:27:34,NETV,RG,665,20,D,YP,YU,D
9:27:31,NETV,RG,665,5,D,YP,NI,D
9:27:28,NETV,RG,665,22,D,YP,CC,D
9:27:27,NETV,RG,665,8,D,YP,XC,D
9:27:24,NETV,RG,665,18,D,YP,BQ,D
9:27:22,NETV,RG,665,15,D,YP,PD,D
9:27:19,NETV,RG,665,13,D,YP,PD,D
9:27:19,NETV,RG,665,10,D,YP,YB,D
9:27:08,NETV,RG,665,300,D,YP,CC,D
9:27:03,NETV,RG,665,8,D,YP,XC,D
9:27:03,NETV,RG,665,16,D,YP,XC,D
9:26:40,NETV,RG,665,1,D,YP,NI,D
9:26:32,NETV,RG,665,42,D,YP,LS,D
9:26:32,NETV,RG,665,2,D,YP,PD,D
9:26:29,NETV,RG,665,11,D,YP,CC,D
9:26:29,NETV,RG,665,29,D,XA,CC,D
9:26:29,NETV,RG,665,4,D,XA,YP,D
9:26:26,NETV,RG,665,50,D,XA,YP,D
9:26:23,NETV,RG,665,10,D,XA,PD,D
9:26:23,NETV,RG,665,16,D,XA,XL,D
9:26:14,NETV,RG,665,26,D,XA,NI,D
9:26:01,NETV,RG,665,1,D,XA,XC,D
9:25:58,NETV,RG,665,5,D,XA,XC,D
9:25:57,NETV,RG,665,1,D,XA,XC,D
9:25:56,NETV,RG,665,10,D,XA,YP,D
9:25:56,NETV,RG,665,2,D,XA,NI,D
9:25:55,NETV,RG,665,2,D,XA,XC,D
9:25:55,NETV,RG,665,5,D,XA,PD,D
9:25:55,NETV,RG,665,1,D,XA,XC,D
9:25:49,NETV,RG,665,10,D,XA,PD,D
9:25:42,NETV,RG,665,2,D,XA,LG,D
9:25:40,NETV,RG,665,23,D,XA,XC,D
9:25:35,NETV,RG,665,9,D,XA,XC,D
9:25:33,NETV,RG,665,5,D,XA,XC,D
9:25:33,NETV,RG,665,3,D,EP,XC,D
9:25:33,NETV,RG,665,10,D,CC,XC,D
9:25:33,NETV,RG,665,20,D,XA,XC,D
9:25:33,NETV,RG,665,9,D,NI,XC,D
9:25:33,NETV,RG,665,67,D,YP,XC,D
9:25:32,NETV,RG,665,2,D,YP,CC,D
9:25:32,NETV,RG,665,22,D,YP,YP,D
9:25:31,NETV,RG,665,5,D,YP,XC,D
9:25:27,NETV,RG,665,5,D,YP,PD,D
9:25:26,NETV,RG,665,6,D,YP,XC,D
9:25:20,NETV,RG,665,1,D,YP,AZ,D
9:25:17,NETV,RG,665,1,D,YP,XC,D
9:25:15,NETV,RG,665,10,D,YP,YP,D
9:25:14,NETV,RG,665,16,D,YP,YP,D
9:25:13,NETV,RG,665,2,D,YP,YP,D
9:25:12,NETV,RG,665,20,D,YP,BQ,D
9:25:05,NETV,RG,665,1,D,YP,XC,D
9:25:00,NETV,RG,665,25,D,YP,PD,D
9:24:58,NETV,RG,665,1,D,YP,XC,D
9:24:55,NETV,RG,665,10,D,YP,PD,D
9:24:52,NETV,RG,665,5,D,YP,PD,D
9:24:41,NETV,RG,665,156,D,YP,PD,D
9:24:36,NETV,RG,665,1,D,YP,XC,D
9:24:31,NETV,RG,665,3,D,YP,XC,D
9:24:28,NETV,RG,665,80,D,YP,OD,D
9:24:18,NETV,RG,665,1,D,YP,XC,D
9:24:17,NETV,RG,665,3,D,YP,XL,D
9:24:17,NETV,RG,665,17,D,YP,NI,D
9:24:15,NETV,RG,665,8,D,YP,XC,D
9:24:13,NETV,RG,665,1,D,YP,XC,D
9:24:10,NETV,RG,665,10,D,YP,CC,D
9:24:05,NETV,RG,665,10,D,YP,KK,D
9:23:58,NETV,RG,665,1,D,YP,XC,D
9:23:56,NETV,RG,665,1,D,YP,PD,D
9:23:54,NETV,RG,665,15,D,YP,XC,D
9:23:53,NETV,RG,665,2,D,YP,PD,D
9:23:47,NETV,RG,665,28,D,YP,DH,D
9:23:47,NETV,RG,665,20,D,YP,DH,D
9:23:46,NETV,RG,665,2,D,YP,PD,D
9:23:39,NETV,RG,665,1,D,YP,YP,D
9:23:36,NETV,RG,665,10,D,YP,XL,D
9:23:36,NETV,RG,665,4,D,YP,PD,D
9:23:35,NETV,RG,665,10,D,YP,NI,D
9:23:32,NETV,RG,665,10,D,YP,XC,D
9:23:31,NETV,RG,665,2,D,YP,KK,D
9:23:30,NETV,RG,665,2,D,YP,XC,D
9:23:28,NETV,RG,665,553,D,YP,XA,D
9:23:26,NETV,RG,665,140,D,YP,XC,D
9:23:21,NETV,RG,665,2,D,YP,CC,D
9:23:21,NETV,RG,665,40,D,YP,PD,D
9:23:18,NETV,RG,665,1,D,YP,XC,D
9:23:12,NETV,RG,665,10,D,YP,NI,D
9:23:10,NETV,RG,665,10,D,YP,YP,D
9:23:09,NETV,RG,665,2,D,YP,XC,D
9:23:08,NETV,RG,665,1,D,YP,AZ,D
9:23:08,NETV,RG,665,3,D,YP,KK,D
9:23:05,NETV,RG,665,1294,D,YP,RO,D
9:23:04,NETV,RG,665,2,D,YP,PD,D
9:23:01,NETV,RG,665,50,D,YP,YP,D
9:23:00,NETV,RG,665,1,D,YP,PD,D
9:22:59,NETV,RG,665,500,D,YP,YP,D
9:22:59,NETV,RG,665,12,D,YP,XC,D
9:22:54,NETV,RG,665,1,D,YP,AZ,D
9:22:53,NETV,RG,665,16,D,YP,YP,D
9:22:48,NETV,RG,665,3,D,YP,XC,D
9:22:48,NETV,RG,665,1,D,YP,YP,D
9:22:44,NETV,RG,665,500,D,YP,YP,D
9:22:44,NETV,RG,665,2,D,YP,ZP,D
9:22:41,NETV,RG,665,10,D,YP,AZ,D
9:22:39,NETV,RG,665,5,D,YP,XC,D
9:22:38,NETV,RG,665,1,D,YP,YP,D
9:22:37,NETV,RG,665,1,D,YP,YP,D
9:22:35,NETV,RG,665,6,D,YP,PD,D
9:22:34,NETV,RG,665,2,D,YP,XC,D
9:22:32,NETV,RG,665,55,D,YP,CC,D
9:22:20,NETV,RG,665,3,D,YP,XC,D
9:22:17,NETV,RG,665,10,D,YP,PD,D
9:22:17,NETV,RG,665,2,D,YP,AI,D
9:22:16,NETV,RG,665,20,D,YP,PD,D
9:22:00,NETV,RG,665,3,D,YP,BQ,D
9:21:57,NETV,RG,665,11,D,YP,XL,D
9:21:57,NETV,RG,665,20,D,YP,YP,D
9:21:50,NETV,RG,665,1,D,YP,PD,D
9:21:46,NETV,RG,665,1,D,YP,XC,D
9:21:37,NETV,RG,665,6,D,YP,XL,D
9:21:36,NETV,RG,665,6,D,YP,XC,D
9:21:31,NETV,RG,665,75,D,YP,XC,D
9:21:23,NETV,RG,665,14,D,YP,XL,D
9:21:21,NETV,RG,665,10,D,YP,CC,D
9:21:20,NETV,RG,665,4,D,YP,PD,D
9:21:14,NETV,RG,665,26,D,YP,XC,D
9:21:14,NETV,RG,665,15,D,YP,PD,D
9:21:11,NETV,RG,665,10,D,YP,XC,D
9:21:07,NETV,RG,665,1,D,YP,YP,D
9:21:04,NETV,RG,665,10,D,YP,XC,D
9:21:03,NETV,RG,665,1,D,YP,XC,D
9:20:55,NETV,RG,665,1,D,YP,XC,D
9:20:54,NETV,RG,665,1,D,YP,XC,D
9:20:51,NETV,RG,665,5,D,YP,PD,D
9:20:51,NETV,RG,665,1,D,YP,XL,D
9:20:46,NETV,RG,665,10,D,YP,PD,D
9:20:42,NETV,RG,665,6,D,YP,XC,D
9:20:40,NETV,RG,665,114,D,YP,YP,D
9:20:36,NETV,RG,665,150,D,YP,CC,D
9:20:20,NETV,RG,665,10,D,YP,CC,D
9:20:16,NETV,RG,665,2,D,YP,XC,D
9:20:12,NETV,RG,665,23,D,YP,PD,D
9:20:07,NETV,RG,665,5,D,YP,AT,D
9:20:01,NETV,RG,665,1,D,YP,XC,D
9:19:58,NETV,RG,665,200,D,YP,SQ,D
9:19:57,NETV,RG,665,15,D,YP,PD,D
9:19:55,NETV,RG,665,244,D,YP,YP,D
9:19:51,NETV,RG,665,10,D,YP,EP,D
9:19:46,NETV,RG,665,40,D,YP,PD,D
9:19:44,NETV,RG,665,2,D,YP,XC,D
9:19:35,NETV,RG,665,1,D,YP,SQ,D
9:19:33,NETV,RG,665,12,D,YP,XC,D
9:19:31,NETV,RG,665,1,D,YP,NI,D
9:19:30,NETV,RG,665,10,D,YP,XC,D
9:19:23,NETV,RG,665,3,D,YP,XC,D
9:19:22,NETV,RG,665,79,D,YP,XC,D
9:19:18,NETV,RG,665,17,D,YP,XC,D
9:19:03,NETV,RG,665,1,D,YP,XC,D
9:19:01,NETV,RG,665,4,D,YP,PD,D
9:18:58,NETV,RG,665,5,D,YP,XC,D
9:18:58,NETV,RG,665,1,D,YP,XC,D
9:18:58,NETV,RG,665,49,D,YP,YP,D
9:18:58,NETV,RG,665,20,D,YP,YP,D
9:18:52,NETV,RG,665,1,D,YP,XL,D
9:18:50,NETV,RG,665,5,D,YP,XL,D
9:18:50,NETV,RG,665,25,D,YP,PD,D
9:18:40,NETV,RG,665,1,D,YP,XC,D
9:18:37,NETV,RG,665,100,D,YP,XC,D
9:18:32,NETV,RG,665,5,D,YP,KK,D
9:18:30,NETV,RG,665,90,D,YP,CC,D
9:18:29,NETV,RG,665,5,D,YP,PD,D
9:18:25,NETV,RG,665,20,D,YP,AT,D
9:18:23,NETV,RG,665,10,D,YP,XC,D
9:18:20,NETV,RG,665,25,D,YP,SQ,D
9:18:20,NETV,RG,665,1,D,YP,PD,D
9:18:16,NETV,RG,665,3,D,YP,YP,D
9:18:14,NETV,RG,665,1,D,YP,XC,D
9:18:12,NETV,RG,665,18,D,YP,XC,D
9:18:11,NETV,RG,665,3,D,YP,XC,D
9:18:10,NETV,RG,665,2,D,YP,XL,D
9:17:52,NETV,RG,665,30,D,YP,PD,D
9:17:51,NETV,RG,665,22,D,YP,PD,D
9:17:50,NETV,RG,665,1,D,YP,XC,D
9:17:36,NETV,RG,665,12,D,YP,XL,D
9:17:33,NETV,RG,665,3,D,YP,XC,D
9:17:22,NETV,RG,665,1,D,YP,XC,D
9:17:15,NETV,RG,665,9,D,YP,XC,D
9:17:10,NETV,RG,665,10,D,YP,NI,D
9:17:07,NETV,RG,665,200,D,YP,CC,D
9:17:05,NETV,RG,665,29,D,YP,EP,D
9:17:04,NETV,RG,665,2,D,YP,XL,D
9:17:03,NETV,RG,665,752,D,YP,MG,D
9:16:57,NETV,RG,665,10,D,YP,XC,D
9:16:54,NETV,RG,665,600,D,YP,LG,D
9:16:48,NETV,RG,665,25,D,YP,DH,D
9:16:48,NETV,RG,665,11,D,YP,XC,D
9:16:45,NETV,RG,665,6,D,YP,XL,D
9:16:42,NETV,RG,665,20,D,YP,KK,D
9:16:39,NETV,RG,665,2,D,YP,XL,D
9:16:35,NETV,RG,665,1,D,YP,PD,D
9:16:26,NETV,RG,665,116,D,YP,CC,D
9:16:22,NETV,RG,665,20,D,YP,GR,D
9:16:22,NETV,RG,665,1,D,YP,DR,D
9:16:17,NETV,RG,665,4,D,YP,YP,D
9:16:15,NETV,RG,665,4,D,YP,XC,D
9:16:10,NETV,RG,665,1,D,YP,CC,D
9:16:08,NETV,RG,665,5,D,YP,DH,D
9:16:00,NETV,RG,665,50,D,YP,YB,D
9:15:59,NETV,RG,665,165,D,YP,NI,D
9:15:56,NETV,RG,665,700,D,YP,YP,D
9:15:53,NETV,RG,665,3,D,YP,YP,D
9:15:50,NETV,RG,665,16,D,YP,XC,D
9:15:46,NETV,RG,665,86,D,YP,XC,D
9:15:46,NETV,RG,665,30,D,YP,CC,D
9:15:45,NETV,RG,665,1,D,YP,YP,D
9:15:43,NETV,RG,665,5,D,YP,PD,D
9:15:36,NETV,RG,665,3,D,YP,XC,D
9:15:35,NETV,RG,665,1,D,YP,PD,D
9:15:33,NETV,RG,665,1,D,YP,XC,D
9:15:29,NETV,RG,665,20,D,YP,YP,D
9:15:27,NETV,RG,665,10,D,YP,RG,D
9:15:25,NETV,RG,665,2,D,YP,XC,D
9:15:24,NETV,RG,665,1,D,YP,EP,D
9:15:23,NETV,RG,665,343,D,YP,YJ,D
9:15:22,NETV,RG,665,1,D,YP,XL,D
9:15:22,NETV,RG,665,7,D,YP,YP,D
9:15:14,NETV,RG,665,574,D,YP,CC,D
9:15:14,NETV,RG,665,1500,D,YP,LG,D
9:15:13,NETV,RG,665,50,D,YP,YP,D
9:15:06,NETV,RG,665,1,D,YP,XL,D
9:15:06,NETV,RG,665,72,D,YP,YP,D
9:15:02,NETV,RG,665,5,D,YP,XA,D
9:15:00,NETV,RG,665,1,D,YP,XL,D
9:14:59,NETV,RG,665,35,D,YP,NI,D
9:14:58,NETV,RG,665,1,D,YP,NI,D
9:14:56,NETV,RG,665,5,D,YP,KK,D
9:14:55,NETV,RG,665,20,D,YP,YP,D
9:14:51,NETV,RG,665,6,D,YP,XC,D
9:14:50,NETV,RG,665,9,D,YP,XC,D
9:14:49,NETV,RG,665,343,D,YP,RF,D
9:14:48,NETV,RG,665,70,D,YP,KK,D
9:14:48,NETV,RG,665,15,D,YP,XC,D
9:14:46,NETV,RG,665,34,D,YP,XC,D
9:14:35,NETV,RG,665,10,D,YP,NI,D
9:14:22,NETV,RG,665,2,D,YP,XC,D
9:14:15,NETV,RG,665,4,D,YP,XL,D
9:14:12,NETV,RG,665,1,D,YP,XC,D
9:14:12,NETV,RG,665,5,D,YP,PD,D
9:14:09,NETV,RG,665,1,D,YP,XC,D
9:14:06,NETV,RG,665,333,D,YP,XC,D
9:14:04,NETV,RG,665,200,D,YP,GR,D
9:14:04,NETV,RG,665,30,D,YP,CP,D
9:14:01,NETV,RG,665,75,D,YP,YP,D
9:13:58,NETV,RG,665,5,D,YP,XA,D
9:13:58,NETV,RG,665,22,D,YP,NI,D
9:13:55,NETV,RG,665,1,D,YP,PD,D
9:13:53,NETV,RG,665,19,D,YP,PD,D
9:13:53,NETV,RG,665,38,D,YP,XC,D
9:13:50,NETV,RG,665,5,D,YP,PD,D
9:13:44,NETV,RG,665,2,D,YP,YP,D
9:13:42,NETV,RG,665,20,D,YP,KK,D
9:13:42,NETV,RG,665,15,D,YP,XL,D
9:13:41,NETV,RG,665,2,D,YP,PD,D
9:13:38,NETV,RG,665,4,D,YP,NI,D
9:13:37,NETV,RG,665,25,D,YP,CC,D
9:13:35,NETV,RG,665,25,D,YP,YP,D
9:13:35,NETV,RG,665,8,D,YP,XC,D
9:13:34,NETV,RG,665,28,D,YP,XC,D
9:13:33,NETV,RG,665,2,D,YP,XC,D
9:13:31,NETV,RG,665,1,D,YP,YB,D
9:13:22,NETV,RG,665,2,D,YP,XL,D
9:13:22,NETV,RG,665,1,D,YP,XC,D
9:13:19,NETV,RG,665,15,D,YP,AO,D
9:13:18,NETV,RG,665,4,D,YP,PD,D
9:13:17,NETV,RG,665,10,D,YP,XC,D
9:13:16,NETV,RG,665,10,D,YP,PD,D
9:13:14,NETV,RG,665,10,D,YP,AG,D
9:13:07,NETV,RG,665,16,D,YP,XC,D
9:13:03,NETV,RG,665,1,D,YP,XC,D
9:13:03,NETV,RG,665,20,D,YP,SQ,D
9:13:02,NETV,RG,665,20,D,YP,PD,D
9:12:56,NETV,RG,665,74,D,YP,PD,D
9:12:52,NETV,RG,665,15,D,YP,PD,D
9:12:52,NETV,RG,665,21,D,YP,PD,D
9:12:51,NETV,RG,665,1,D,YP,XC,D
9:12:51,NETV,RG,665,7,D,YP,DR,D
9:12:51,NETV,RG,665,100,D,YP,XC,D
9:12:50,NETV,RG,665,4,D,YP,XA,D
9:12:50,NETV,RG,665,1,D,YP,XC,D
9:12:50,NETV,RG,665,3,D,YP,XC,D
9:12:49,NETV,RG,665,89,D,YP,AI,D
9:12:48,NETV,RG,665,50,D,YP,PD,D
9:12:48,NETV,RG,665,7,D,YP,XL,D
9:12:47,NETV,RG,665,10,D,YP,XC,D
9:12:46,NETV,RG,665,1,D,YP,XC,D
9:12:43,NETV,RG,665,46,D,YP,DH,D
9:12:40,NETV,RG,665,1,D,YP,EP,D
9:12:38,NETV,RG,665,32,D,YP,DR,D
9:12:35,NETV,RG,665,64,D,YP,XC,D
9:12:33,NETV,RG,665,24,D,YP,XL,D
9:12:33,NETV,RG,665,10,D,YP,YP,D
9:12:32,NETV,RG,665,42,D,YP,XC,D
9:12:29,NETV,RG,665,90,D,YP,XC,D
9:12:23,NETV,RG,665,2,D,YP,CC,D
9:12:22,NETV,RG,665,100,D,YP,CC,D
9:12:19,NETV,RG,665,116,D,YP,YP,D
9:12:18,NETV,RG,665,1,D,YP,PD,D
9:12:17,NETV,RG,665,1,D,YP,XC,D
9:12:13,NETV,RG,665,2,D,YP,XC,D
9:12:11,NETV,RG,665,1,D,YP,CC,D
9:12:11,NETV,RG,665,11,D,YP,AZ,D
9:12:08,NETV,RG,665,1,D,YP,XC,D
9:12:03,NETV,RG,665,3,D,YP,XC,D
9:12:01,NETV,RG,665,15,D,YP,GR,D
9:11:59,NETV,RG,665,90,D,YP,CP,D
9:11:49,NETV,RG,665,4,D,YP,XC,D
9:11:47,NETV,RG,665,4,D,YP,PD,D
9:11:42,NETV,RG,665,1,D,YP,XL,D
9:11:39,NETV,RG,665,20,D,YP,XA,D
9:11:38,NETV,RG,665,10,D,YP,XC,D
9:11:36,NETV,RG,665,3,D,YP,PD,D
9:11:36,NETV,RG,665,4,D,YP,XC,D
9:11:34,NETV,RG,665,3,D,YP,XC,D
9:11:32,NETV,RG,665,2,D,YP,CC,D
9:11:26,NETV,RG,665,69,D,YP,PD,D
9:11:25,NETV,RG,665,8,D,YP,XC,D
9:11:24,NETV,RG,665,100,D,YP,CC,D
9:11:24,NETV,RG,665,250,D,YP,NI,D
9:11:24,NETV,RG,665,1,D,YP,XC,D
9:11:22,NETV,RG,665,1,D,YP,KK,D
9:11:20,NETV,RG,665,5,D,YP,CC,D
9:11:20,NETV,RG,665,48,D,YP,YP,D
9:11:18,NETV,RG,665,1,D,YP,GR,D
9:11:14,NETV,RG,665,10,D,YP,YU,D
9:11:13,NETV,RG,665,1,D,YP,XC,D
9:11:10,NETV,RG,665,128,D,YP,KK,D
9:11:09,NETV,RG,665,50,D,YP,DH,D
9:11:08,NETV,RG,665,10,D,YP,YP,D
9:11:07,NETV,RG,665,50,D,YP,YP,D
9:11:05,NETV,RG,665,13,D,YP,XC,D
9:11:04,NETV,RG,665,8,D,YP,XL,D
9:11:01,NETV,RG,665,2,D,YP,XA,D
9:10:59,NETV,RG,665,84,D,YP,PD,D
9:10:59,NETV,RG,665,4,D,YP,XL,D
9:10:58,NETV,RG,665,1,D,YP,XC,D
9:10:57,NETV,RG,665,20,D,YP,CC,D
9:10:56,NETV,RG,665,64,D,YP,YP,D
9:10:55,NETV,RG,665,59,D,YP,XC,D
9:10:54,NETV,RG,665,2,D,YP,PD,D
9:10:49,NETV,RG,665,200,D,YP,NI,D
9:10:45,NETV,RG,665,2,D,YP,XL,D
9:10:42,NETV,RG,665,40,D,YP,YU,D
9:10:39,NETV,RG,665,11,D,YP,XC,D
9:10:39,NETV,RG,665,519,D,YP,XC,D
9:10:38,NETV,RG,665,1,D,YP,XC,D
9:10:36,NETV,RG,665,250,D,YP,SQ,D
9:10:35,NETV,RG,665,35,D,YP,PD,D
9:10:35,NETV,RG,665,20,D,YP,XC,D
9:10:32,NETV,RG,665,200,D,YP,YP,D
9:10:31,NETV,RG,665,34,D,YP,PD,D
9:10:19,NETV,RG,665,40,D,YP,LG,D
9:10:17,NETV,RG,665,13,D,YP,YP,D
9:10:17,NETV,RG,665,2,D,YP,XC,D
9:10:15,NETV,RG,665,6,D,YP,XC,D
9:10:14,NETV,RG,665,20,D,YP,YP,D
9:10:11,NETV,RG,665,250,D,YP,DH,D
9:10:09,NETV,RG,665,1,D,YP,XC,D
9:10:07,NETV,RG,665,100,D,YP,OD,D
9:10:07,NETV,RG,665,2,D,YP,KK,D
9:10:06,NETV,RG,665,60,D,YP,CC,D
9:09:53,NETV,RG,665,22,D,YP,KK,D
9:09:53,NETV,RG,665,4,D,YP,XC,D
9:09:52,NETV,RG,665,2000,D,YP,AI,D
9:09:50,NETV,RG,665,1,D,YP,XL,D
9:09:49,NETV,RG,665,15,D,YP,XC,D
9:09:49,NETV,RG,665,10,D,YP,XC,D
9:09:46,NETV,RG,665,5,D,YP,PD,D
9:09:42,NETV,RG,665,7,D,YP,NI,D
9:09:41,NETV,RG,665,6,D,YP,DR,D
9:09:40,NETV,RG,665,25,D,YP,NI,D
9:09:37,NETV,RG,665,16,D,YP,NI,D
9:09:32,NETV,RG,665,1000,D,YP,IF,D
9:09:32,NETV,RG,665,98,D,YP,XC,D
9:09:32,NETV,RG,665,100,D,YP,XA,D
9:09:30,NETV,RG,665,1,D,YP,PD,D
9:09:29,NETV,RG,665,1,D,YP,PD,D
9:09:24,NETV,RG,665,100,D,YP,EP,D
9:09:23,NETV,RG,665,4,D,YP,AT,D
9:09:23,NETV,RG,665,90,D,YP,CC,D
9:09:21,NETV,RG,665,3,D,YP,XC,D
9:09:21,NETV,RG,665,86,D,YP,XC,D
9:09:21,NETV,RG,665,122,D,YP,CC,D
9:09:20,NETV,RG,665,5,D,YP,YP,D
9:09:14,NETV,RG,665,300,D,YP,LG,D
9:09:06,NETV,RG,665,400,D,YP,XA,D
9:09:05,NETV,RG,665,5,D,YP,XC,D
9:09:04,NETV,RG,665,1,D,YP,XC,D
9:09:00,NETV,RG,665,20,D,YP,YP,D
9:08:59,NETV,RG,665,2,D,YP,CC,D
9:08:59,NETV,RG,665,12,D,YP,YP,D
9:08:55,NETV,RG,665,37,D,YP,XC,D
9:08:54,NETV,RG,665,6,D,YP,XC,D
9:08:49,NETV,RG,665,38,D,YP,XC,D
9:08:48,NETV,RG,665,3,D,YP,XC,D
9:08:47,NETV,RG,665,6,D,YP,PD,D
9:08:45,NETV,RG,665,1,D,YP,XC,D
9:08:45,NETV,RG,665,100,D,YP,XC,D
9:08:44,NETV,RG,665,1,D,YP,XC,D
9:08:43,NETV,RG,665,17,D,YP,XC,D
9:08:42,NETV,RG,665,1,D,YP,CC,D
9:08:42,NETV,RG,665,10,D,YP,NI,D
9:08:40,NETV,RG,665,3,D,YP,PD,D
9:08:35,NETV,RG,665,138,D,YP,XC,D
9:08:34,NETV,RG,665,2,D,YP,XC,D
9:08:34,NETV,RG,665,10,D,YP,CC,D
9:08:33,NETV,RG,665,33,D,YP,XC,D
9:08:30,NETV,RG,665,5,D,YP,YP,D
9:08:29,NETV,RG,665,18,D,YP,MK,D
9:08:29,NETV,RG,665,100,D,YP,YP,D
9:08:29,NETV,RG,665,1,D,YP,XC,D
9:08:28,NETV,RG,665,10,D,YP,XC,D
9:08:22,NETV,RG,665,5,D,YP,KK,D
9:08:16,NETV,RG,665,10,D,YP,PD,D
9:08:15,NETV,RG,665,18,D,YP,XC,D
9:08:13,NETV,RG,665,4,D,YP,XC,D
9:08:13,NETV,RG,665,1,D,YP,XC,D
9:08:12,NETV,RG,665,20,D,YP,XC,D
9:08:10,NETV,RG,665,2,D,YP,KK,D
9:08:09,NETV,RG,665,70,D,YP,CC,D
9:08:06,NETV,RG,665,2,D,YP,XC,D
9:08:04,NETV,RG,665,2,D,YP,XC,D
9:08:04,NETV,RG,665,305,D,YP,YP,D
9:08:04,NETV,RG,665,162,D,YP,XC,D
9:08:03,NETV,RG,665,9,D,YP,CC,D
9:08:03,NETV,RG,665,100,D,YP,NI,D
9:08:02,NETV,RG,665,20,D,YP,YP,D
9:08:02,NETV,RG,665,24,D,YP,XC,D
9:08:02,NETV,RG,665,9,D,YP,PD,D
9:07:59,NETV,RG,665,39,D,YP,YP,D
9:07:58,NETV,RG,665,2,D,YP,AZ,D
9:07:58,NETV,RG,665,2,D,YP,XC,D
9:07:55,NETV,RG,665,90,D,YP,YP,D
9:07:52,NETV,RG,665,10,D,YP,ZP,D
9:07:50,NETV,RG,665,30,D,YP,PD,D
9:07:49,NETV,RG,665,172,D,YP,EP,D
9:07:49,NETV,RG,665,33,D,YP,XC,D
9:07:45,NETV,RG,665,2,D,YP,XC,D
9:07:42,NETV,RG,665,10,D,YP,XC,D
9:07:40,NETV,RG,665,10,D,YP,XC,D
9:07:40,NETV,RG,665,1,D,YP,XC,D
9:07:38,NETV,RG,665,10,D,YP,XC,D
9:07:35,NETV,RG,665,915,D,YP,AT,D
9:07:26,NETV,RG,665,3,D,YP,KK,D
9:07:24,NETV,RG,665,8,D,YP,XC,D
9:07:24,NETV,RG,665,1,D,YP,AT,D
9:07:23,NETV,RG,665,10,D,YP,YB,D
9:07:22,NETV,RG,665,5,D,YP,PD,D
9:07:21,NETV,RG,665,18,D,YP,EP,D
9:07:20,NETV,RG,665,10,D,YP,CC,D
9:07:20,NETV,RG,665,1,D,YP,YP,D
9:07:17,NETV,RG,665,5,D,YP,GR,D
9:07:16,NETV,RG,665,1,D,YP,PD,D
9:07:15,NETV,RG,665,2,D,YP,XC,D
9:07:15,NETV,RG,665,1,D,YP,DH,D
9:07:14,NETV,RG,665,25,D,YP,YP,D
9:07:13,NETV,RG,665,1,D,YP,XC,D
9:07:12,NETV,RG,665,5,D,YP,XC,D
9:07:10,NETV,RG,665,3,D,YP,XC,D
9:07:10,NETV,RG,665,15,D,YP,CC,D
9:07:09,NETV,RG,665,12,D,YP,PD,D
9:07:09,NETV,RG,665,41,D,YP,XC,D
9:07:08,NETV,RG,665,1,D,YP,XC,D
9:07:07,NETV,RG,665,44,D,YP,CC,D
9:07:02,NETV,RG,665,1,D,YP,YP,D
9:07:00,NETV,RG,665,2,D,YP,XC,D
9:06:58,NETV,RG,665,3,D,YP,AZ,D
9:06:57,NETV,RG,665,17,D,YP,XC,D
9:06:56,NETV,RG,665,16,D,YP,XC,D
9:06:56,NETV,RG,665,1,D,YP,XC,D
9:06:50,NETV,RG,665,333,D,YP,YP,D
9:06:50,NETV,RG,665,1,D,YP,XC,D
9:06:47,NETV,RG,665,300,D,YP,AZ,D
9:06:44,NETV,RG,665,5,D,YP,XC,D
9:06:44,NETV,RG,665,4,D,YP,XC,D
9:06:43,NETV,RG,665,5,D,YP,XC,D
9:06:43,NETV,RG,665,1,D,YP,XC,D
9:06:43,NETV,RG,665,2,D,YP,XC,D
9:06:42,NETV,RG,665,10,D,YP,XC,D
9:06:41,NETV,RG,665,5,D,YP,XC,D
9:06:40,NETV,RG,665,417,D,YP,NI,D
9:06:39,NETV,RG,665,35,D,YP,YP,D
9:06:39,NETV,RG,665,15,D,YP,XC,D
9:06:38,NETV,RG,665,1,D,YP,AZ,D
9:06:37,NETV,RG,665,1,D,YP,XC,D
9:06:34,NETV,RG,665,40,D,YP,NI,D
9:06:34,NETV,RG,665,1,D,YP,PD,D
9:06:33,NETV,RG,665,6,D,YP,PD,D
9:06:32,NETV,RG,665,20,D,YP,XC,D
9:06:32,NETV,RG,665,2,D,YP,NI,D
9:06:29,NETV,RG,665,2,D,YP,XC,D
9:06:29,NETV,RG,665,110,D,YP,DH,D
9:06:29,NETV,RG,665,20,D,YP,AZ,D
9:06:26,NETV,RG,665,3,D,YP,YP,D
9:06:26,NETV,RG,665,7,D,YP,XC,D
9:06:21,NETV,RG,665,13,D,YP,XC,D
9:06:21,NETV,RG,665,2,D,YP,XC,D
9:06:18,NETV,RG,665,19,D,YP,XC,D
9:06:14,NETV,RG,665,10,D,YP,PD,D
9:06:13,NETV,RG,665,25,D,YP,XC,D
9:06:12,NETV,RG,665,1,D,YP,XC,D
9:06:11,NETV,RG,665,5,D,YP,LG,D
9:06:09,NETV,RG,665,10,D,YP,PD,D
9:06:06,NETV,RG,665,3,D,YP,XC,D
9:06:05,NETV,RG,665,10,D,YP,YP,D
9:06:02,NETV,RG,665,96,D,YP,PD,D
9:06:02,NETV,RG,665,10,D,YP,OD,D
9:06:02,NETV,RG,665,26,D,YP,XC,D
9:06:01,NETV,RG,665,20,D,YP,XC,D
9:05:58,NETV,RG,665,2,D,YP,XC,D
9:05:57,NETV,RG,665,10,D,YP,XC,D
9:05:57,NETV,RG,665,23,D,YP,PD,D
9:05:57,NETV,RG,665,20,D,YP,PD,D
9:05:56,NETV,RG,665,150,D,YP,AI,D
9:05:56,NETV,RG,665,1,D,YP,XL,D
9:05:55,NETV,RG,665,5,D,YP,XC,D
9:05:55,NETV,RG,665,71,D,YP,XC,D
9:05:55,NETV,RG,665,100,D,YP,DH,D
9:05:55,NETV,RG,665,10,D,YP,KK,D
9:05:54,NETV,RG,665,35,D,YP,XC,D
9:05:54,NETV,RG,665,11,D,YP,YP,D
9:05:54,NETV,RG,665,6,D,YP,XL,D
9:05:53,NETV,RG,665,50,D,YP,XL,D
9:05:53,NETV,RG,665,34,D,YP,XC,D
9:05:53,NETV,RG,665,7,D,YP,XC,D
9:05:50,NETV,RG,665,20,D,YP,EP,D
9:05:50,NETV,RG,665,5,D,YP,CC,D
9:05:49,NETV,RG,665,2,D,YP,YP,D
9:05:47,NETV,RG,665,1,D,YP,PD,D
9:05:46,NETV,RG,665,10,D,YP,EP,D
9:05:45,NETV,RG,665,10,D,YP,GR,D
9:05:45,NETV,RG,665,25,D,YP,AI,D
9:05:44,NETV,RG,665,15,D,YP,HP,D
9:05:43,NETV,RG,665,15,D,YP,XC,D
9:05:43,NETV,RG,665,3,D,YP,XC,D
9:05:43,NETV,RG,665,6,D,YP,XC,D
9:05:41,NETV,RG,665,150,D,YP,XL,D
9:05:39,NETV,RG,665,1,D,YP,XC,D
9:05:37,NETV,RG,665,1,D,YP,XC,D
9:05:35,NETV,RG,665,1,D,YP,XC,D
9:05:35,NETV,RG,665,1,D,YP,PD,D
9:05:34,NETV,RG,665,5,D,YP,XC,D
9:05:33,NETV,RG,665,2,D,YP,XC,D
9:05:30,NETV,RG,665,10,D,YP,XC,D
9:05:29,NETV,RG,665,200,D,YP,DH,D
9:05:27,NETV,RG,665,20,D,YP,KK,D
9:05:25,NETV,RG,665,8,D,YP,KK,D
9:05:24,NETV,RG,665,83,D,YP,XC,D
9:05:22,NETV,RG,665,50,D,YP,PD,D
9:05:21,NETV,RG,665,3,D,YP,XC,D
9:05:21,NETV,RG,665,8,D,YP,XC,D
9:05:19,NETV,RG,665,3,D,YP,XC,D
9:05:18,NETV,RG,665,3,D,YP,XC,D
9:05:18,NETV,RG,665,10,D,YP,PD,D
9:05:17,NETV,RG,665,1,D,YP,XC,D
9:05:16,NETV,RG,665,6,D,YP,PD,D
9:05:16,NETV,RG,665,1,D,YP,XC,D
9:05:15,NETV,RG,665,25,D,YP,PD,D
9:05:14,NETV,RG,665,200,D,YP,LG,D
9:05:13,NETV,RG,665,20,D,YP,KK,D
9:05:12,NETV,RG,665,100,D,YP,PD,D
9:05:11,NETV,RG,665,3,D,YP,PD,D
9:05:11,NETV,RG,665,25,D,YP,CC,D
9:05:10,NETV,RG,665,27,D,YP,YP,D
9:05:10,NETV,RG,665,50,D,YP,PD,D
9:05:06,NETV,RG,665,100,D,YP,KK,D
9:05:05,NETV,RG,665,13,D,YP,XC,D
9:05:04,NETV,RG,665,5,D,YP,XC,D
9:05:04,NETV,RG,665,70,D,YP,XC,D
9:05:03,NETV,RG,665,10,D,YP,YP,D
9:04:59,NETV,RG,665,2,D,YP,XC,D
9:04:59,NETV,RG,665,12,D,YP,XC,D
9:04:59,NETV,RG,665,57,D,YP,YP,D
9:04:57,NETV,RG,665,65,D,YP,XL,D
9:04:56,NETV,RG,665,2,D,YP,YP,D
9:04:54,NETV,RG,665,25,D,YP,XC,D
9:04:53,NETV,RG,665,3,D,YP,XC,D
9:04:53,NETV,RG,665,1,D,YP,PD,D
9:04:51,NETV,RG,665,70,D,YP,PD,D
9:04:50,NETV,RG,665,20,D,YP,PD,D
9:04:49,NETV,RG,665,13,D,YP,XC,D
9:04:49,NETV,RG,665,500,D,YP,LG,D
9:04:49,NETV,RG,665,3,D,YP,XC,D
9:04:48,NETV,RG,665,2,D,YP,XC,D
9:04:48,NETV,RG,665,1,D,YP,XC,D
9:04:47,NETV,RG,665,1,D,YP,PD,D
9:04:43,NETV,RG,665,10,D,YP,XC,D
9:04:42,NETV,RG,665,20,D,YP,PD,D
9:04:42,NETV,RG,665,1,D,YP,NI,D
9:04:42,NETV,RG,665,2,D,YP,YP,D
9:04:39,NETV,RG,665,11,D,YP,XL,D
9:04:39,NETV,RG,665,1,D,YP,XC,D
9:04:38,NETV,RG,665,50,D,YP,PD,D
9:04:38,NETV,RG,665,200,D,YP,KK,D
9:04:38,NETV,RG,665,3,D,YP,XC,D
9:04:37,NETV,RG,665,9,D,YP,XC,D
9:04:37,NETV,RG,665,1,D,YP,XL,D
9:04:36,NETV,RG,665,1,D,YP,YP,D
9:04:33,NETV,RG,665,3,D,YP,PD,D
9:04:32,NETV,RG,665,1,D,YP,XC,D
9:04:32,NETV,RG,665,3,D,YP,PD,D
9:04:30,NETV,RG,665,1,D,YP,NI,D
9:04:29,NETV,RG,665,21,D,YP,PD,D
9:04:29,NETV,RG,665,20,D,YP,CP,D
9:04:29,NETV,RG,665,4,D,YP,CC,D
9:04:29,NETV,RG,665,5,D,YP,PD,D
9:04:28,NETV,RG,665,10,D,YP,PD,D
9:04:28,NETV,RG,665,2,D,YP,XC,D
9:04:27,NETV,RG,665,28,D,YP,XC,D
9:04:27,NETV,RG,665,10,D,YP,PD,D
9:04:25,NETV,RG,665,6,D,YP,XC,D
9:04:24,NETV,RG,665,1,D,YP,XC,D
9:04:23,NETV,RG,665,10,D,YP,CC,D
9:04:21,NETV,RG,665,41,D,YP,XC,D
9:04:20,NETV,RG,665,40,D,YP,PD,D
9:04:19,NETV,RG,665,4,D,YP,YP,D
9:04:18,NETV,RG,665,2,D,YP,PD,D
9:04:18,NETV,RG,665,3,D,YP,DR,D
9:04:18,NETV,RG,665,4,D,YP,XC,D
9:04:17,NETV,RG,665,1,D,YP,IF,D
9:04:16,NETV,RG,665,12,D,YP,PD,D
9:04:16,NETV,RG,665,1,D,YP,XC,D
9:04:15,NETV,RG,665,100,D,YP,DR,D
9:04:14,NETV,RG,665,190,D,YP,PD,D
9:04:13,NETV,RG,665,20,D,YP,PD,D
9:04:12,NETV,RG,665,9,D,YP,PD,D
9:04:10,NETV,RG,665,5,D,YP,NI,D
9:04:10,NETV,RG,665,10,D,YP,PD,D
9:04:09,NETV,RG,665,10,D,YP,XC,D
9:04:08,NETV,RG,665,83,D,YP,OD,D
9:04:08,NETV,RG,665,1,D,YP,XC,D
9:04:06,NETV,RG,665,800,D,YP,DH,D
9:04:06,NETV,RG,665,20,D,YP,CC,D
9:04:05,NETV,RG,665,1,D,YP,YP,D
9:04:03,NETV,RG,665,50,D,YP,XC,D
9:04:01,NETV,RG,665,1,D,YP,YP,D
9:04:00,NETV,RG,665,6,D,YP,XC,D
9:03:58,NETV,RG,665,11,D,YP,PD,D
9:03:58,NETV,RG,665,10,D,YP,NI,D
9:03:57,NETV,RG,665,7,D,YP,XC,D
9:03:57,NETV,RG,665,1,D,YP,XC,D
9:03:56,NETV,RG,665,10,D,YP,NI,D
9:03:56,NETV,RG,665,5,D,YP,XC,D
9:03:55,NETV,RG,665,1500,D,YP,XA,D
9:03:55,NETV,RG,665,2,D,YP,PD,D
9:03:55,NETV,RG,665,2,D,YP,XL,D
9:03:54,NETV,RG,665,70,D,YP,PD,D
9:03:53,NETV,RG,665,1,D,YP,PD,D
9:03:51,NETV,RG,665,12,D,YP,XC,D
9:03:51,NETV,RG,665,11,D,YP,XC,D
9:03:49,NETV,RG,665,20,D,YP,PD,D
9:03:48,NETV,RG,665,4,D,YP,PD,D
9:03:48,NETV,RG,665,1,D,YP,PD,D
9:03:47,NETV,RG,665,60,D,YP,YJ,D
9:03:47,NETV,RG,665,15,D,YP,PD,D
9:03:46,NETV,RG,665,1,D,YP,AZ,D
9:03:45,NETV,RG,665,10,D,YP,XL,D
9:03:45,NETV,RG,665,5,D,YP,YP,D
9:03:44,NETV,RG,665,5,D,YP,PD,D
9:03:44,NETV,RG,665,5,D,YP,PD,D
9:03:44,NETV,RG,665,1,D,YP,XC,D
9:03:42,NETV,RG,665,1,D,YP,PD,D
9:03:41,NETV,RG,665,15,D,YP,PD,D
9:03:40,NETV,RG,665,1,D,YP,XC,D
9:03:40,NETV,RG,665,6,D,YP,YP,D
9:03:40,NETV,RG,665,10,D,YP,PD,D
9:03:39,NETV,RG,665,100,D,YP,EP,D
9:03:38,NETV,RG,665,49,D,YP,PD,D
9:03:38,NETV,RG,665,2,D,YP,PD,D
9:03:37,NETV,RG,665,25,D,YP,PD,D
9:03:36,NETV,RG,665,2,D,YP,PD,D
9:03:36,NETV,RG,665,67,D,YP,XC,D
9:03:36,NETV,RG,665,1,D,YP,XL,D
9:03:36,NETV,RG,665,6,D,YP,XC,D
9:03:35,NETV,RG,665,5,D,YP,YP,D
9:03:35,NETV,RG,665,15,D,YP,CC,D
9:03:35,NETV,RG,665,4,D,YP,XC,D
9:03:33,NETV,RG,665,10,D,YP,YP,D
9:03:33,NETV,RG,665,50,D,YP,CC,D
9:03:32,NETV,RG,665,16,D,YP,GR,D
9:03:32,NETV,RG,665,2,D,YP,XC,D
9:03:31,NETV,RG,665,100,D,YP,YP,D
9:03:29,NETV,RG,665,143,D,YP,XC,D
9:03:28,NETV,RG,665,1,D,YP,YP,D
9:03:27,NETV,RG,665,83,D,YP,XC,D
9:03:25,NETV,RG,665,407,D,YP,XC,D
9:03:24,NETV,RG,665,3,D,YP,SQ,D
9:03:24,NETV,RG,665,1,D,YP,NI,D
9:03:21,NETV,RG,665,60,D,YP,PD,D
9:03:20,NETV,RG,665,45,D,YP,YP,D
9:03:19,NETV,RG,665,353,D,YP,NI,D
9:03:19,NETV,RG,665,1,D,YP,XC,D
9:03:18,NETV,RG,665,10,D,YP,PD,D
9:03:17,NETV,RG,665,2,D,YP,PD,D
9:03:16,NETV,RG,665,13,D,YP,GR,D
9:03:15,NETV,RG,665,7,D,YP,YU,D
9:03:14,NETV,RG,665,16,D,YP,KK,D
9:03:14,NETV,RG,665,2,D,YP,XC,D
9:03:14,NETV,RG,665,1,D,YP,KK,D
9:03:12,NETV,RG,665,1,D,YP,XC,D
9:03:11,NETV,RG,665,10,D,YP,YP,D
9:03:11,NETV,RG,665,52,D,YP,AZ,D
9:03:11,NETV,RG,665,4,D,YP,KK,D
9:03:10,NETV,RG,665,1,D,YP,XC,D
9:03:10,NETV,RG,665,35,D,YP,XC,D
9:03:09,NETV,RG,665,9,D,YP,CC,D
9:03:09,NETV,RG,665,4,D,YP,EP,D
9:03:08,NETV,RG,665,4,D,YP,XC,D
9:03:08,NETV,RG,665,1,D,YP,XC,D
9:03:08,NETV,RG,665,3,D,YP,XC,D
9:03:07,NETV,RG,665,1,D,YP,PD,D
9:03:07,NETV,RG,665,3,D,YP,YP,D
9:03:06,NETV,RG,665,1,D,YP,YP,D
9:03:06,NETV,RG,665,27,D,YP,XC,D
9:03:06,NETV,RG,665,1,D,YP,XC,D
9:03:05,NETV,RG,665,1,D,YP,PD,D
9:03:04,NETV,RG,665,16,D,YP,XL,D
9:03:04,NETV,RG,665,161,D,YP,OD,D
9:03:03,NETV,RG,665,14,D,YP,YP,D
9:03:03,NETV,RG,665,3,D,YP,AT,D
9:03:02,NETV,RG,665,1,D,YP,PD,D
9:03:02,NETV,RG,665,2,D,YP,KK,D
9:03:01,NETV,RG,665,5,D,YP,YB,D
9:03:00,NETV,RG,665,1,D,YP,NI,D
9:03:00,NETV,RG,665,8,D,YP,XC,D
9:02:59,NETV,RG,665,2,D,YP,PD,D
9:02:59,NETV,RG,665,30,D,YP,PD,D
9:02:59,NETV,RG,665,13,D,YP,XC,D
9:02:58,NETV,RG,665,3,D,YP,PD,D
9:02:57,NETV,RG,665,10,D,YP,PD,D
9:02:57,NETV,RG,665,10,D,YP,XC,D
9:02:57,NETV,RG,665,322,D,YP,XC,D
9:02:56,NETV,RG,665,2,D,YP,XC,D
9:02:56,NETV,RG,665,400,D,YP,CC,D
9:02:55,NETV,RG,665,20,D,YP,XC,D
9:02:55,NETV,RG,665,8,D,YP,PD,D
9:02:54,NETV,RG,665,122,D,YP,DR,D
9:02:54,NETV,RG,665,50,D,YP,CC,D
9:02:54,NETV,RG,665,1,D,YP,XC,D
9:02:53,NETV,RG,665,2,D,YP,PD,D
9:02:53,NETV,RG,665,13,D,YP,PD,D
9:02:51,NETV,RG,665,209,D,YP,XC,D
9:02:50,NETV,RG,665,10,D,YP,CC,D
9:02:50,NETV,RG,665,60,D,YP,PD,D
9:02:50,NETV,RG,665,500,D,YP,LG,D
9:02:50,NETV,RG,665,100,D,YP,YP,D
9:02:49,NETV,RG,665,140,D,YP,XC,D
9:02:48,NETV,RG,665,44,D,YP,XC,D
9:02:48,NETV,RG,665,10,D,YP,XC,D
9:02:48,NETV,RG,665,1,D,YP,XC,D
9:02:46,NETV,RG,665,10,D,YP,XC,D
9:02:46,NETV,RG,665,5,D,YP,PD,D
9:02:45,NETV,RG,665,10,D,YP,PD,D
9:02:45,NETV,RG,665,100,D,YP,AI,D
9:02:44,NETV,RG,665,40,D,YP,KK,D
9:02:44,NETV,RG,665,18,D,YP,YP,D
9:02:44,NETV,RG,665,3,D,YP,XC,D
9:02:44,NETV,RG,665,9,D,YP,XC,D
9:02:44,NETV,RG,665,20,D,YP,XC,D
9:02:43,NETV,RG,665,1,D,YP,PD,D
9:02:43,NETV,RG,665,42,D,YP,XL,D
9:02:43,NETV,RG,665,2,D,YP,EP,D
9:02:43,NETV,RG,665,10,D,YP,XC,D
9:02:42,NETV,RG,665,1,D,YP,YP,D
9:02:42,NETV,RG,665,7,D,YP,XC,D
9:02:42,NETV,RG,665,100,D,YP,YP,D
9:02:42,NETV,RG,665,2,D,YP,KK,D
9:02:42,NETV,RG,665,2,D,YP,XC,D
9:02:42,NETV,RG,665,7,D,YP,PD,D
9:02:41,NETV,RG,665,10,D,YP,YP,D
9:02:41,NETV,RG,665,1,D,YP,XC,D
9:02:40,NETV,RG,665,20,D,YP,EP,D
9:02:39,NETV,RG,665,15,D,YP,PD,D
9:02:39,NETV,RG,665,3,D,YP,CC,D
9:02:39,NETV,RG,665,1,D,YP,PD,D
9:02:38,NETV,RG,665,500,D,YP,YP,D
9:02:37,NETV,RG,665,150,D,YP,YP,D
9:02:37,NETV,RG,665,1,D,YP,XC,D
9:02:36,NETV,RG,665,50,D,YP,YP,D
9:02:36,NETV,RG,665,11,D,YP,XC,D
9:02:35,NETV,RG,665,38,D,YP,BQ,D
9:02:34,NETV,RG,665,150,D,YP,KK,D
9:02:34,NETV,RG,665,18,D,YP,CC,D
9:02:33,NETV,RG,665,10,D,YP,DH,D
9:02:32,NETV,RG,665,90,D,YP,NI,D
9:02:32,NETV,RG,665,50,D,YP,XC,D
9:02:32,NETV,RG,665,20,D,YP,XC,D
9:02:32,NETV,RG,665,2,D,YP,XC,D
9:02:31,NETV,RG,665,20,D,YP,NI,D
9:02:30,NETV,RG,665,9,D,YP,XC,D
9:02:29,NETV,RG,665,62,D,YP,XC,D
9:02:29,NETV,RG,665,1,D,YP,YP,D
9:02:29,NETV,RG,665,90,D,YP,XC,D
9:02:29,NETV,RG,665,10,D,YP,NI,D
9:02:28,NETV,RG,665,100,D,YP,PD,D
9:02:28,NETV,RG,665,54,D,YP,XC,D
9:02:27,NETV,RG,665,5,D,YP,KK,D
9:02:25,NETV,RG,665,70,D,YP,KK,D
9:02:25,NETV,RG,665,1,D,YP,XC,D
9:02:25,NETV,RG,665,100,D,YP,NI,D
9:02:24,NETV,RG,665,8,D,YP,XC,D
9:02:24,NETV,RG,665,10,D,YP,XC,D
9:02:23,NETV,RG,665,68,D,YP,XC,D
9:02:23,NETV,RG,665,30,D,YP,NI,D
9:02:23,NETV,RG,665,39,D,YP,XC,D
9:02:22,NETV,RG,665,18,D,YP,XC,D
9:02:22,NETV,RG,665,280,D,YP,XC,D
9:02:22,NETV,RG,665,5,D,YP,XC,D
9:02:22,NETV,RG,665,17,D,YP,XC,D
9:02:20,NETV,RG,665,4,D,YP,XC,D
9:02:20,NETV,RG,665,25,D,YP,PD,D
9:02:20,NETV,RG,665,38,D,YP,KK,D
9:02:20,NETV,RG,665,81,D,YP,XC,D
9:02:19,NETV,RG,665,19,D,YP,CC,D
9:02:18,NETV,RG,665,1,D,YP,XC,D
9:02:18,NETV,RG,665,68,D,YP,CC,D
9:02:17,NETV,RG,665,41,D,YP,XC,D
9:02:17,NETV,RG,665,12,D,YP,PD,D
9:02:17,NETV,RG,665,10,D,YP,YP,D
9:02:16,NETV,RG,665,75,D,YP,PD,D
9:02:16,NETV,RG,665,50,D,YP,PD,D
9:02:16,NETV,RG,665,25,D,YP,PD,D
9:02:14,NETV,RG,665,1,D,YP,PD,D
9:02:14,NETV,RG,665,10,D,YP,EP,D
9:02:14,NETV,RG,665,95,D,YP,XC,D
9:02:13,NETV,RG,665,130,D,YP,YP,D
9:02:13,NETV,RG,665,4,D,YP,XC,D
9:02:13,NETV,RG,665,1,D,YP,PD,D
9:02:13,NETV,RG,665,5,D,YP,SQ,D
9:02:13,NETV,RG,665,6,D,YP,YP,D
9:02:12,NETV,RG,665,16,D,YP,XC,D
9:02:12,NETV,RG,665,1,D,YP,XC,D
9:02:11,NETV,RG,665,50,D,YP,CC,D
9:02:11,NETV,RG,665,5,D,YP,BQ,D
9:02:10,NETV,RG,665,1,D,YP,NI,D
9:02:10,NETV,RG,665,42,D,YP,XC,D
9:02:09,NETV,RG,665,5,D,YP,XC,D
9:02:09,NETV,RG,665,15,D,YP,YP,D
9:02:09,NETV,RG,665,100,D,YP,XC,D
9:02:08,NETV,RG,665,1,D,YP,XC,D
9:02:08,NETV,RG,665,1,D,YP,PD,D
9:02:08,NETV,RG,665,50,D,YP,NI,D
9:02:08,NETV,RG,665,4,D,YP,XC,D
9:02:07,NETV,RG,665,5,D,YP,ZP,D
9:02:07,NETV,RG,665,3,D,YP,PD,D
9:02:07,NETV,RG,665,14,D,YP,XC,D
9:02:07,NETV,RG,665,50,D,YP,OD,D
9:02:07,NETV,RG,665,500,D,YP,KK,D
9:02:06,NETV,RG,665,6,D,YP,YP,D
9:02:06,NETV,RG,665,657,D,YP,XC,D
9:02:05,NETV,RG,665,2,D,YP,XC,D
9:02:05,NETV,RG,665,75,D,YP,XC,D
9:02:05,NETV,RG,665,80,D,YP,XC,D
9:02:05,NETV,RG,665,163,D,YP,YP,D
9:02:05,NETV,RG,665,200,D,YP,XC,D
9:02:05,NETV,RG,665,81,D,YP,NI,D
9:02:04,NETV,RG,665,8982,D,YP,MG,D
9:02:04,NETV,RG,665,55,D,XC,MG,D
9:02:04,NETV,RG,665,6,D,XC,MG,D
9:02:04,NETV,RG,665,100,D,SA,MG,D
9:02:04,NETV,RG,665,35,D,CC,MG,D
9:02:04,NETV,RG,665,41,D,XC,MG,D
9:02:04,NETV,RG,665,35,D,XC,MG,D
9:02:04,NETV,RG,665,30,D,XC,MG,D
9:02:04,NETV,RG,665,17,D,XC,MG,D
9:02:04,NETV,RG,665,5,D,XC,MG,D
9:02:04,NETV,RG,665,5,D,XC,MG,D
9:02:04,NETV,RG,665,142,D,XC,MG,D
9:02:04,NETV,RG,665,50,D,NI,MG,D
9:02:04,NETV,RG,665,752,D,XA,MG,D
9:02:04,NETV,RG,665,1000,D,YP,MG,D
9:02:04,NETV,RG,665,26,D,XC,MG,D
9:02:04,NETV,RG,665,1,D,YP,MG,D
9:02:04,NETV,RG,665,500,D,NI,MG,D
9:02:04,NETV,RG,665,2,D,XC,MG,D
9:02:04,NETV,RG,665,1,D,YP,MG,D
9:02:04,NETV,RG,665,15,D,YP,MG,D
9:02:04,NETV,RG,665,1,D,XC,MG,D
9:02:04,NETV,RG,665,77,D,YP,MG,D
9:02:04,NETV,RG,665,60,D,XC,MG,D
9:02:04,NETV,RG,665,1,D,YP,MG,D
9:02:04,NETV,RG,665,1,D,CC,MG,D
9:02:04,NETV,RG,665,10,D,MK,MG,D
9:02:04,NETV,RG,665,118,D,XC,MG,D
9:02:04,NETV,RG,665,1,D,XC,MG,D
9:02:04,NETV,RG,665,60,D,XC,MG,D
9:02:04,NETV,RG,665,1,D,YP,MG,D
9:02:04,NETV,RG,665,2,D,XC,MG,D
9:02:04,NETV,RG,665,214,D,EP,MG,D
9:02:04,NETV,RG,665,8,D,XC,MG,D
9:02:04,NETV,RG,665,6,D,XC,MG,D
9:02:04,NETV,RG,665,2,D,XC,MG,D
9:02:04,NETV,RG,665,13,D,NI,MG,D
9:02:04,NETV,RG,665,1,D,YP,MG,D
9:02:04,NETV,RG,665,10,D,CC,MG,D
9:02:04,NETV,RG,665,3,D,PD,MG,D
9:02:04,NETV,RG,665,3,D,DH,MG,D
9:02:04,NETV,RG,665,1,D,XC,MG,D
9:02:04,NETV,RG,665,159,D,XC,MG,D
9:02:04,NETV,RG,665,5,D,YP,MG,D
9:02:04,NETV,RG,665,50,D,NI,MG,D
9:02:04,NETV,RG,665,1,D,XC,MG,D
9:02:04,NETV,RG,665,200,D,YP,MG,D
9:02:04,NETV,RG,665,2,D,PD,MG,D
9:02:04,NETV,RG,665,1,D,YP,MG,D
9:02:04,NETV,RG,665,7,D,DR,MG,D
9:02:04,NETV,RG,665,400,D,BQ,MG,D
9:02:04,NETV,RG,665,100,D,PD,MG,D
9:02:04,NETV,RG,665,23,D,CC,MG,D
9:02:04,NETV,RG,665,40,D,SQ,MG,D
9:02:04,NETV,RG,665,100,D,YP,MG,D
9:02:04,NETV,RG,665,10,D,XC,MG,D
9:02:04,NETV,RG,665,1,D,YP,MG,D
9:02:04,NETV,RG,665,29,D,XC,MG,D
9:02:04,NETV,RG,665,30,D,XC,MG,D
9:02:04,NETV,RG,665,9,D,AT,MG,D
9:02:04,NETV,RG,665,5,D,EP,MG,D
9:02:04,NETV,RG,665,5,D,GR,MG,D
9:02:04,NETV,RG,665,17,D,XC,MG,D
9:02:04,NETV,RG,665,10,D,YP,MG,D
9:02:04,NETV,RG,665,200,D,FS,MG,D
9:02:04,NETV,RG,665,4,D,XC,MG,D
9:02:04,NETV,RG,665,5,D,XA,MG,D
9:02:04,NETV,RG,665,5,D,YP,MG,D
9:02:04,NETV,RG,665,300,D,HP,MG,D
9:02:04,NETV,RG,665,10,D,YP,MG,D
9:02:04,NETV,RG,665,1,D,YP,MG,D
9:02:04,NETV,RG,665,1,D,NI,MG,D
9:02:04,NETV,RG,665,50,D,YP,MG,D
9:02:04,NETV,RG,665,3166,D,MG,MG,D
9:02:04,NETV,RG,665,38,D,MG,YP,D
9:02:04,NETV,RG,665,79,D,MG,NI,D
9:02:04,NETV,RG,665,100,D,MG,PD,D
9:02:03,NETV,RG,665,23,D,MG,XC,D
9:02:03,NETV,RG,665,75,D,MG,GR,D
9:02:03,NETV,RG,665,28,D,MG,NI,D
9:02:03,NETV,RG,665,10,D,MG,NI,D
9:02:03,NETV,RG,665,6,D,MG,XC,D
9:02:03,NETV,RG,665,300,D,MG,PD,D
9:02:03,NETV,RG,665,4,D,MG,XC,D
9:02:02,NETV,RG,665,10,D,MG,CC,D
9:02:02,NETV,RG,665,9,D,MG,XC,D
9:02:02,NETV,RG,665,4,D,MG,EP,D
9:02:02,NETV,RG,665,100,D,MG,NI,D
9:02:02,NETV,RG,665,14,D,MG,XC,D
9:02:02,NETV,RG,665,563,D,MG,XC,D
9:02:02,NETV,RG,665,25,D,MG,DH,D
9:02:01,NETV,RG,665,61,D,MG,BQ,D
9:02:01,NETV,RG,665,25,D,CC,BQ,D
9:02:01,NETV,RG,665,16,D,XC,BQ,D
9:02:01,NETV,RG,665,10,D,XC,BQ,D
9:02:01,NETV,RG,665,8,D,XC,BQ,D
9:02:01,NETV,RG,665,10,D,AT,BQ,D
9:02:01,NETV,RG,665,45,D,KK,BQ,D
9:02:01,NETV,RG,665,6,D,KK,XC,D
9:02:01,NETV,RG,665,49,D,KK,DR,D
9:02:01,NETV,RG,665,1,D,YB,DR,D
9:02:01,NETV,RG,665,2,D,YP,DR,D
9:02:01,NETV,RG,665,36,D,XC,DR,D
9:02:01,NETV,RG,665,162,D,YP,DR,D
9:02:00,NETV,RG,665,100,D,YP,CC,D
9:02:00,NETV,RG,665,33,D,YP,YP,D
9:02:00,NETV,RG,665,1,D,YP,DX,D
9:02:00,NETV,RG,665,15,D,YP,YB,D
9:01:59,NETV,RG,665,4,D,YP,RG,D
9:01:59,NETV,RG,665,1,D,YP,XC,D
9:01:59,NETV,RG,665,2,D,YP,XC,D
9:01:59,NETV,RG,665,36,D,YP,YP,D
9:01:59,NETV,RG,665,14,D,XC,YP,D
9:01:59,NETV,RG,665,50,D,YP,YP,D
9:01:59,NETV,RG,665,5,D,YP,YP,D
9:01:59,NETV,RG,665,10,D,YP,YP,D
9:01:59,NETV,RG,665,1,D,PD,YP,D
9:01:59,NETV,RG,665,10,D,CC,YP,D
9:01:59,NETV,RG,665,24,D,XC,YP,D
9:01:59,NETV,RG,665,1,D,XC,XC,D
9:01:58,NETV,RG,665,25,D,XC,NI,D
9:01:58,NETV,RG,665,75,D,XC,NI,D
9:01:58,NETV,RG,665,20,D,XC,XC,D
9:01:58,NETV,RG,665,1,D,XC,XC,D
9:01:58,NETV,RG,665,33,D,XC,YP,D
9:01:58,NETV,RG,665,54,D,XC,YP,D
9:01:58,NETV,RG,665,1,D,XC,YP,D
9:01:58,NETV,RG,665,20,D,XC,XA,D
9:01:58,NETV,RG,665,13,D,XC,PD,D
9:01:58,NETV,RG,665,20,D,XC,XC,D
9:01:58,NETV,RG,665,11,D,XC,NI,D
9:01:58,NETV,RG,665,58,D,XC,XC,D
9:01:58,NETV,RG,665,5,D,XC,PD,D
9:01:58,NETV,RG,665,10,D,XC,YP,D
9:01:58,NETV,RG,665,5,D,XC,DH,D
9:01:58,NETV,RG,665,3,D,XC,BQ,D
9:01:58,NETV,RG,665,3,D,XC,XC,D
9:01:58,NETV,RG,665,10,D,XC,CC,D
9:01:58,NETV,RG,665,1,D,XC,NI,D
9:01:58,NETV,RG,665,13,D,XC,XA,D
9:01:58,NETV,RG,665,56,D,XC,XC,D
9:01:58,NETV,RG,665,35,D,XC,MK,D
9:01:58,NETV,RG,665,100,D,XC,MK,D
9:01:58,NETV,RG,665,250,D,HP,MK,D
9:01:58,NETV,RG,665,100,D,CC,MK,D
9:01:58,NETV,RG,665,10,D,NI,MK,D
9:01:58,NETV,RG,665,505,D,AT,MK,D
9:01:58,NETV,RG,665,27,D,AT,XC,D
9:01:58,NETV,RG,665,5,D,AT,XC,D
9:01:58,NETV,RG,665,1,D,AT,PD,D
9:01:58,NETV,RG,665,1,D,AT,XC,D
9:01:58,NETV,RG,665,7,D,AT,XC,D
9:01:58,NETV,RG,665,454,D,AT,DR,D
9:01:57,NETV,RG,665,46,D,YU,DR,D
9:01:57,NETV,RG,665,20,D,YU,CC,D
9:01:57,NETV,RG,665,20,D,YU,DH,D
9:01:57,NETV,RG,665,10,D,YU,YP,D
9:01:57,NETV,RG,665,1,D,YU,XC,D
9:01:57,NETV,RG,665,1,D,YU,XC,D
9:01:57,NETV,RG,665,6,D,YU,XC,D
9:01:57,NETV,RG,665,1,D,YU,CC,D
9:01:57,NETV,RG,665,3,D,YU,CC,D
9:01:57,NETV,RG,665,8,D,YU,XC,D
9:01:57,NETV,RG,665,1,D,YU,BQ,D
9:01:57,NETV,RG,665,10,D,YU,XC,D
9:01:57,NETV,RG,665,6,D,YU,XC,D
9:01:57,NETV,RG,665,1,D,YU,BQ,D
9:01:57,NETV,RG,665,10,D,YU,YP,D
9:01:57,NETV,RG,665,1,D,YU,KK,D
9:01:57,NETV,RG,665,12,D,YU,IF,D
9:01:57,NETV,RG,665,48,D,YU,XC,D
9:01:57,NETV,RG,665,16,D,YU,XC,D
9:01:57,NETV,RG,665,1,D,YU,YP,D
9:01:57,NETV,RG,665,20,D,YU,XC,D
9:01:57,NETV,RG,665,58,D,YU,YP,D
9:01:57,NETV,RG,665,1,D,PD,YP,D
9:01:57,NETV,RG,665,1,D,PD,YP,D
9:01:57,NETV,RG,665,43,D,YP,YP,D
9:01:57,NETV,RG,665,8,D,NI,YP,D
9:01:57,NETV,RG,665,5,D,PD,YP,D
9:01:57,NETV,RG,665,20,D,PD,YP,D
9:01:57,NETV,RG,665,64,D,DH,YP,D
9:01:57,NETV,RG,665,2,D,DH,YP,D
9:01:57,NETV,RG,665,6,D,DH,PD,D
9:01:57,NETV,RG,665,100,D,DH,KK,D
9:01:57,NETV,RG,665,28,D,DH,YP,D
9:01:57,NETV,RG,665,20,D,XC,YP,D
9:01:57,NETV,RG,665,1,D,YB,YP,D
9:01:57,NETV,RG,665,5,D,BQ,YP,D
9:01:57,NETV,RG,665,1,D,XC,YP,D
9:01:57,NETV,RG,665,37,D,DR,YP,D
9:01:57,NETV,RG,665,63,D,DR,YP,D
9:01:57,NETV,RG,665,2,D,PD,YP,D
9:01:57,NETV,RG,660,1,D,NI,XC,D
9:01:57,NETV,RG,665,35,D,MG,YP,D
9:01:57,NETV,RG,665,10,D,MG,XC,D
9:01:57,NETV,RG,665,5,D,MG,XC,D
9:01:57,NETV,RG,665,31,D,MG,XC,D
9:01:57,NETV,RG,665,94,D,MG,NI,D
9:01:57,NETV,RG,665,250,D,MG,XC,D
9:01:57,NETV,RG,665,48,D,MG,XC,D
9:01:57,NETV,RG,665,5,D,MG,XC,D
9:01:57,NETV,RG,665,35,D,MG,YP,D
9:01:57,NETV,RG,665,50,D,MG,CC,D
9:01:57,NETV,RG,665,5,D,MG,XC,D
9:01:57,NETV,RG,665,22,D,MG,NI,D
9:01:57,NETV,RG,665,35,D,MG,XC,D
9:01:57,NETV,RG,665,100,D,MG,PD,D
9:01:57,NETV,RG,665,100,D,MG,EP,D
9:01:57,NETV,RG,665,25,D,MG,GR,D
9:01:57,NETV,RG,665,10,D,MG,XC,D
9:01:57,NETV,RG,665,1,D,MG,XC,D
9:01:57,NETV,RG,665,10,D,MG,PD,D
9:01:57,NETV,RG,665,21,D,MG,NI,D
9:01:57,NETV,RG,665,2,D,MG,XC,D
9:01:57,NETV,RG,665,1,D,MG,YP,D
9:01:57,NETV,RG,665,105,D,MG,CC,D
9:01:56,NETV,RG,660,20,D,NI,SQ,D
9:01:56,NETV,RG,665,10,D,EP,CC,D
9:01:56,NETV,RG,660,10,D,NI,PD,D
9:01:56,NETV,RG,665,10,D,YP,CC,D
9:01:56,NETV,RG,665,60,D,YP,CC,D
9:01:56,NETV,RG,665,5,D,XC,CC,D
9:01:56,NETV,RG,665,10,D,XC,CC,D
9:01:56,NETV,RG,665,5,D,XC,XC,D
9:01:56,NETV,RG,665,2,D,XC,XC,D
9:01:56,NETV,RG,665,5,D,XC,XC,D
9:01:56,NETV,RG,665,2,D,XC,CC,D
9:01:56,NETV,RG,665,3,D,XC,XC,D
9:01:56,NETV,RG,665,3,D,XC,XC,D
9:01:56,NETV,RG,665,2,D,XC,XC,D
9:01:56,NETV,RG,665,8,D,XC,BQ,D
9:01:56,NETV,RG,665,79,D,XC,BQ,D
9:01:56,NETV,RG,665,2,D,YP,BQ,D
9:01:55,NETV,RG,665,5,D,PD,BQ,D
9:01:55,NETV,RG,665,100,D,YP,BQ,D
9:01:55,NETV,RG,665,2,D,XC,BQ,D
9:01:55,NETV,RG,665,2683,D,MG,BQ,D
9:01:55,NETV,RG,665,189,D,MG,XC,D
9:01:55,NETV,RG,665,1,D,MG,PD,D
9:01:55,NETV,RG,665,5,D,MG,XC,D
9:01:55,NETV,RG,665,10,D,MG,PD,D
9:01:55,NETV,RG,665,26,D,MG,XC,D
9:01:55,NETV,RG,665,43,D,MG,YP,D
9:01:55,NETV,RG,665,15,D,MG,XC,D
9:01:55,NETV,RG,665,1,D,MG,YP,D
9:01:55,NETV,RG,665,1,D,MG,YP,D
9:01:55,NETV,RG,665,1000,D,MG,PD,D
9:01:55,NETV,RG,665,36,D,MG,YP,D
9:01:55,NETV,RG,665,30,D,MG,XC,D
9:01:55,NETV,RG,665,95,D,MG,YP,D
9:01:55,NETV,RG,665,100,D,MG,XA,D
9:01:55,NETV,RG,665,100,D,MG,PD,D
9:01:55,NETV,RG,665,10,D,MG,ZP,D
9:01:55,NETV,RG,665,192,D,MG,YB,D
9:01:55,NETV,RG,665,100,D,MG,XC,D
9:01:55,NETV,RG,665,45,D,MG,EP,D
9:01:55,NETV,RG,665,30,D,MG,PD,D
9:01:55,NETV,RG,665,23,D,MG,XC,D
9:01:55,NETV,RG,665,10,D,MG,YP,D
9:01:55,NETV,RG,665,100,D,MG,PD,D
9:01:55,NETV,RG,665,1,D,MG,NI,D
9:01:55,NETV,RG,665,18,D,MG,GR,D
9:01:55,NETV,RG,665,1,D,MG,EP,D
9:01:55,NETV,RG,665,1,D,MG,GR,D
9:01:55,NETV,RG,665,50,D,MG,GR,D
9:01:55,NETV,RG,665,2,D,MG,HD,D
9:01:55,NETV,RG,665,42,D,MG,BQ,D
9:01:55,NETV,RG,665,40,D,MG,NI,D
9:01:55,NETV,RG,660,11,D,NI,PD,D
9:01:55,NETV,RG,665,300,D,YP,NI,D
9:01:55,NETV,RG,665,160,D,DR,NI,D
9:01:55,NETV,RG,665,5,D,DR,XA,D
9:01:55,NETV,RG,665,118,D,DR,YP,D
9:01:55,NETV,RG,665,30,D,DR,PD,D
9:01:55,NETV,RG,665,6,D,DR,XL,D
9:01:55,NETV,RG,665,8,D,DR,XC,D
9:01:55,NETV,RG,665,3,D,DR,XC,D
9:01:55,NETV,RG,665,5,D,DR,XC,D
9:01:55,NETV,RG,665,50,D,DR,YP,D
9:01:55,NETV,RG,665,1,D,DR,XC,D
9:01:55,NETV,RG,665,1,D,DR,PD,D
9:01:55,NETV,RG,665,2,D,DR,YP,D
9:01:55,NETV,RG,665,7,D,DR,YP,D
9:01:55,NETV,RG,665,5,D,DR,YU,D
9:01:55,NETV,RG,665,75,D,DR,YP,D
9:01:55,NETV,RG,665,2,D,DR,YP,D
9:01:55,NETV,RG,665,180,D,DR,YP,D
9:01:55,NETV,RG,665,5,D,DR,XA,D
9:01:55,NETV,RG,665,2,D,DR,YP,D
9:01:55,NETV,RG,665,100,D,DR,PD,D
9:01:55,NETV,RG,665,235,D,DR,YP,D
9:01:55,NETV,RG,665,3006,D,XC,YP,D
9:01:55,NETV,RG,665,43,D,YP,YP,D
9:01:55,NETV,RG,660,25,D,NI,PD,D
9:01:55,NETV,RG,660,180,D,YP,PD,D
9:01:55,NETV,RG,665,200,D,YP,YP,D
9:01:55,NETV,RG,665,250,D,YU,YP,D
9:01:54,NETV,RG,665,80,D,XC,YP,D
9:01:54,NETV,RG,665,100,D,YP,YP,D
9:01:54,NETV,RG,660,1,D,YP,XC,D
9:01:54,NETV,RG,665,50,D,YP,YP,D
9:01:54,NETV,RG,660,40,D,YP,CC,D
9:01:54,NETV,RG,665,1,D,MG,YP,D
9:01:54,NETV,RG,660,30,D,YP,YP,D
9:01:54,NETV,RG,665,1000,D,YP,YP,D
9:01:54,NETV,RG,660,40,D,YP,YP,D
9:01:54,NETV,RG,665,7,D,XC,YP,D
9:01:54,NETV,RG,665,2,D,YP,YP,D
9:01:54,NETV,RG,665,1,D,XC,YP,D
9:01:54,NETV,RG,665,1,D,YP,YP,D
9:01:53,NETV,RG,665,5,D,XC,YP,D
9:01:53,NETV,RG,665,1,D,XC,YP,D
9:01:53,NETV,RG,665,44,D,KK,YP,D
9:01:53,NETV,RG,660,9,D,YP,XC,D
9:01:53,NETV,RG,660,70,D,XC,XC,D
9:01:53,NETV,RG,660,26,D,SQ,XC,D
9:01:53,NETV,RG,665,14,D,XC,YP,D
9:01:53,NETV,RG,665,10,D,XC,YP,D
9:01:53,NETV,RG,665,1,D,XC,YP,D
9:01:53,NETV,RG,665,5,D,YP,YP,D
9:01:53,NETV,RG,665,1,D,XC,YP,D
9:01:53,NETV,RG,665,100,D,YP,YP,D
9:01:52,NETV,RG,665,5,D,XC,YP,D
9:01:52,NETV,RG,665,100,D,XC,YP,D
9:01:52,NETV,RG,665,10,D,XC,YP,D
9:01:52,NETV,RG,665,1000,D,AT,YP,D
9:01:52,NETV,RG,665,1,D,XC,YP,D
9:01:52,NETV,RG,665,29,D,XC,YP,D
9:01:52,NETV,RG,665,5,D,XC,YP,D
9:01:52,NETV,RG,665,10,D,BQ,YP,D
9:01:52,NETV,RG,665,8,D,XC,YP,D
9:01:52,NETV,RG,665,20,D,CC,YP,D
9:01:52,NETV,RG,665,15,D,NI,YP,D
9:01:52,NETV,RG,665,20,D,GR,YP,D
9:01:52,NETV,RG,665,55,D,XC,YP,D
9:01:51,NETV,RG,665,120,D,EP,YP,D
9:01:51,NETV,RG,665,1,D,XC,YP,D
9:01:51,NETV,RG,665,50,D,CC,YP,D
9:01:51,NETV,RG,665,100,D,YP,YP,D
9:01:51,NETV,RG,665,7,D,XC,YP,D
9:01:51,NETV,RG,665,2,D,XC,YP,D
9:01:51,NETV,RG,665,5,D,XA,YP,D
9:01:51,NETV,RG,665,1,D,EP,YP,D
9:01:51,NETV,RG,665,100,D,YP,YP,D
9:01:51,NETV,RG,665,1,D,MG,YP,D
9:01:51,NETV,RG,665,6,D,DH,YP,D
9:01:51,NETV,RG,665,200,D,YP,YP,D
9:01:51,NETV,RG,665,1,D,BQ,YP,D
9:01:51,NETV,RG,665,24,D,XC,YP,D
9:01:51,NETV,RG,665,10,D,DH,YP,D
9:01:51,NETV,RG,665,1,D,XC,YP,D
9:01:51,NETV,RG,665,10,D,KK,YP,D
9:01:51,NETV,RG,665,15,D,XC,YP,D
9:01:51,NETV,RG,665,10,D,XC,YP,D
9:01:51,NETV,RG,665,5,D,XC,YP,D
9:01:51,NETV,RG,665,16,D,XC,YP,D
9:01:50,NETV,RG,665,10,D,XC,YP,D
9:01:50,NETV,RG,665,133,D,XC,YP,D
9:01:50,NETV,RG,665,1,D,XC,YP,D
9:01:50,NETV,RG,665,255,D,YP,YP,D
9:01:50,NETV,RG,665,100,D,NI,YP,D
9:01:50,NETV,RG,665,1,D,MK,YP,D
9:01:50,NETV,RG,665,1,D,BQ,YP,D
9:01:50,NETV,RG,665,20,D,XC,YP,D
9:01:50,NETV,RG,665,4,D,YP,YP,D
9:01:50,NETV,RG,660,1,D,SQ,YP,D
9:01:49,NETV,RG,665,120,D,AT,YP,D
9:01:49,NETV,RG,660,15,D,SQ,PD,D
9:01:49,NETV,RG,665,1,D,YP,YP,D
9:01:49,NETV,RG,665,19,D,XC,YP,D
9:01:49,NETV,RG,665,50,D,XC,YP,D
9:01:49,NETV,RG,665,9,D,XC,YP,D
9:01:49,NETV,RG,665,15,D,YP,YP,D
9:01:49,NETV,RG,665,100,D,XA,YP,D
9:01:49,NETV,RG,665,10,D,XC,YP,D
9:01:49,NETV,RG,665,1,D,XC,YP,D
9:01:49,NETV,RG,665,2,D,PD,YP,D
9:01:49,NETV,RG,665,100,D,MG,YP,D
9:01:49,NETV,RG,665,100,D,CC,YP,D
9:01:48,NETV,RG,665,5,D,PD,YP,D
9:01:48,NETV,RG,665,10,D,EP,YP,D
9:01:48,NETV,RG,665,96,D,PD,YP,D
9:01:48,NETV,RG,665,62,D,CP,YP,D
9:01:48,NETV,RG,660,1,D,SQ,AZ,D
9:01:48,NETV,RG,665,3,D,YP,YP,D
9:01:48,NETV,RG,665,40,D,CC,YP,D
9:01:48,NETV,RG,665,1,D,YP,YP,D
9:01:48,NETV,RG,665,813,D,DX,YP,D
9:01:48,NETV,RG,665,187,D,DX,YP,D
9:01:48,NETV,RG,665,2,D,YP,YP,D
9:01:48,NETV,RG,665,3,D,XC,YP,D
9:01:48,NETV,RG,665,1,D,YP,YP,D
9:01:48,NETV,RG,665,7,D,XC,YP,D
9:01:48,NETV,RG,665,3,D,XC,YP,D
9:01:48,NETV,RG,665,54,D,XC,YB,D
9:01:48,NETV,RG,665,10,D,CC,YB,D
9:01:48,NETV,RG,660,2,D,SQ,YP,D
9:01:47,NETV,RG,665,5,D,NI,YB,D
9:01:47,NETV,RG,665,10,D,CC,YB,D
9:01:47,NETV,RG,665,21,D,XC,YB,D
9:01:47,NETV,RG,665,2,D,XC,YP,D
9:01:47,NETV,RG,665,1,D,XC,YP,D
9:01:47,NETV,RG,665,73,D,XC,AZ,D
9:01:47,NETV,RG,665,17,D,XC,YP,D
9:01:47,NETV,RG,665,5,D,XA,YP,D
9:01:47,NETV,RG,665,8,D,XC,YP,D
9:01:47,NETV,RG,665,20,D,CC,YP,D
9:01:47,NETV,RG,665,5,D,EP,YP,D
9:01:47,NETV,RG,665,8,D,XC,YP,D
9:01:47,NETV,RG,665,10,D,CC,YP,D
9:01:47,NETV,RG,665,50,D,CC,YP,D
9:01:47,NETV,RG,660,5,D,SQ,XC,D
9:01:47,NETV,RG,660,183,D,YP,XC,D
9:01:47,NETV,RG,665,1,D,YP,YP,D
9:01:47,NETV,RG,665,7,D,XC,YP,D
9:01:47,NETV,RG,665,69,D,XA,YP,D
9:01:47,NETV,RG,665,5,D,XA,YP,D
9:01:47,NETV,RG,665,16,D,XA,YP,D
9:01:47,NETV,RG,665,2,D,XC,YP,D
9:01:46,NETV,RG,665,1,D,YP,YP,D
9:01:46,NETV,RG,665,2,D,GR,YP,D
9:01:46,NETV,RG,665,30,D,CC,YP,D
9:01:46,NETV,RG,665,130,D,MK,YP,D
9:01:46,NETV,RG,665,10,D,XC,YP,D
9:01:46,NETV,RG,665,9,D,XC,YP,D
9:01:46,NETV,RG,665,3,D,XC,XC,D
9:01:46,NETV,RG,665,75,D,XC,PD,D
9:01:46,NETV,RG,660,11,D,YP,CC,D
9:01:46,NETV,RG,660,200,D,YP,YP,D
9:01:46,NETV,RG,665,6,D,XC,PD,D
9:01:46,NETV,RG,665,50,D,BQ,PD,D
9:01:46,NETV,RG,665,1,D,YP,PD,D
9:01:46,NETV,RG,665,1,D,XC,PD,D
9:01:46,NETV,RG,660,100,D,YP,KK,D
9:01:46,NETV,RG,665,200,D,MG,PD,D
9:01:46,NETV,RG,665,5,D,XC,PD,D
9:01:46,NETV,RG,665,5,D,ZP,PD,D
9:01:46,NETV,RG,660,1,D,YP,XC,D
9:01:46,NETV,RG,665,60,D,NI,PD,D
9:01:46,NETV,RG,665,5,D,YP,PD,D
9:01:45,NETV,RG,665,15,D,XC,PD,D
9:01:45,NETV,RG,665,1,D,XC,PD,D
9:01:45,NETV,RG,665,2,D,YP,PD,D
9:01:45,NETV,RG,665,1,D,XC,PD,D
9:01:45,NETV,RG,660,5,D,YP,XC,D
9:01:45,NETV,RG,660,1,D,XC,XC,D
9:01:45,NETV,RG,660,33,D,XC,XC,D
9:01:45,NETV,RG,660,11,D,XC,XC,D
9:01:45,NETV,RG,660,1,D,YP,XC,D
9:01:45,NETV,RG,660,25,D,YP,XC,D
9:01:45,NETV,RG,660,42,D,SQ,XC,D
9:01:45,NETV,RG,665,73,D,XC,PD,D
9:01:45,NETV,RG,665,306,D,XC,XA,D
9:01:45,NETV,RG,665,44,D,AZ,XA,D
9:01:45,NETV,RG,660,158,D,SQ,YB,D
9:01:45,NETV,RG,660,10,D,SQ,YB,D
9:01:45,NETV,RG,660,7,D,XC,YB,D
9:01:45,NETV,RG,660,1,D,YP,YB,D
9:01:45,NETV,RG,660,100,D,YP,YB,D
9:01:45,NETV,RG,660,224,D,YP,YB,D
9:01:45,NETV,RG,665,50,D,XC,XA,D
9:01:45,NETV,RG,665,5,D,XC,PD,D
9:01:45,NETV,RG,665,2,D,XC,YP,D
9:01:45,NETV,RG,665,18,D,XC,XC,D
9:01:45,NETV,RG,665,2,D,KK,XC,D
9:01:45,NETV,RG,665,400,D,YP,XC,D
9:01:45,NETV,RG,660,491,D,YP,CC,D
9:01:45,NETV,RG,665,387,D,XC,XC,D
9:01:45,NETV,RG,665,10,D,XC,DR,D
9:01:45,NETV,RG,665,2,D,XC,YP,D
9:01:45,NETV,RG,665,5,D,XC,XC,D
9:01:45,NETV,RG,665,735,D,XC,YP,D
9:01:44,NETV,RG,665,10,D,CC,YP,D
9:01:44,NETV,RG,665,39,D,XC,YP,D
9:01:44,NETV,RG,665,10,D,YP,YP,D
9:01:44,NETV,RG,660,100,D,YP,YB,D
9:01:44,NETV,RG,665,1,D,XC,YP,D
9:01:44,NETV,RG,665,1,D,YP,YP,D
9:01:44,NETV,RG,660,8,D,YP,XC,D
9:01:44,NETV,RG,665,5,D,XC,YP,D
9:01:44,NETV,RG,665,11,D,XC,YP,D
9:01:44,NETV,RG,665,300,D,YP,YP,D
9:01:44,NETV,RG,660,20,D,YP,YB,D
9:01:44,NETV,RG,665,100,D,CC,YP,D
9:01:44,NETV,RG,665,160,D,XC,YP,D
9:01:44,NETV,RG,665,10,D,XC,YP,D
9:01:43,NETV,RG,665,7,D,XC,YP,D
9:01:43,NETV,RG,665,50,D,NI,YP,D
9:01:43,NETV,RG,665,10,D,CC,YP,D
9:01:43,NETV,RG,665,17,D,DR,YP,D
9:01:43,NETV,RG,660,5,D,YP,PD,D
9:01:43,NETV,RG,665,34,D,CC,YP,D
9:01:43,NETV,RG,665,50,D,CC,AG,D
9:01:43,NETV,RG,665,30,D,CC,YP,D
9:01:43,NETV,RG,665,10,D,CC,EP,D
9:01:43,NETV,RG,665,42,D,CC,CC,D
9:01:43,NETV,RG,665,34,D,CC,XC,D
9:01:43,NETV,RG,660,37,D,YP,YP,D
9:01:43,NETV,RG,660,10,D,YP,NI,D
9:01:42,NETV,RG,660,20,D,YP,CP,D
9:01:42,NETV,RG,665,67,D,NI,XC,D
9:01:42,NETV,RG,665,64,D,NI,BQ,D
9:01:42,NETV,RG,665,1,D,XC,BQ,D
9:01:42,NETV,RG,660,12,D,YP,XC,D
9:01:42,NETV,RG,665,35,D,XC,BQ,D
9:01:42,NETV,RG,665,5,D,XC,PD,D
9:01:42,NETV,RG,665,3,D,XC,PD,D
9:01:42,NETV,RG,665,7,D,XC,EP,D
9:01:42,NETV,RG,665,2,D,YP,EP,D
9:01:42,NETV,RG,665,2,D,XC,EP,D
9:01:42,NETV,RG,665,1,D,YP,EP,D
9:01:42,NETV,RG,665,10,D,YP,EP,D
9:01:42,NETV,RG,665,4,D,XC,EP,D
9:01:42,NETV,RG,665,24,D,YP,EP,D
9:01:42,NETV,RG,665,40,D,YP,DH,D
9:01:42,NETV,RG,665,85,D,YP,YP,D
9:01:42,NETV,RG,665,51,D,YP,YP,D
9:01:42,NETV,RG,660,48,D,YP,XC,D
9:01:42,NETV,RG,665,730,D,YP,YP,D
9:01:42,NETV,RG,665,2,D,YP,CC,D
9:01:42,NETV,RG,665,3,D,YP,EP,D
9:01:42,NETV,RG,665,198,D,YP,CC,D
9:01:42,NETV,RG,665,67,D,YP,DH,D
9:01:42,NETV,RG,665,3,D,XC,DH,D
9:01:42,NETV,RG,665,20,D,YP,DH,D
9:01:42,NETV,RG,665,16,D,XC,DH,D
9:01:41,NETV,RG,665,20,D,CC,DH,D
9:01:41,NETV,RG,665,2,D,XC,DH,D
9:01:41,NETV,RG,665,100,D,CC,DH,D
9:01:41,NETV,RG,665,3,D,IF,DH,D
9:01:41,NETV,RG,665,20,D,XC,DH,D
9:01:41,NETV,RG,665,1,D,XC,DH,D
9:01:41,NETV,RG,665,2,D,PD,DH,D
9:01:41,NETV,RG,665,1,D,YP,DH,D
9:01:41,NETV,RG,665,30,D,YP,DH,D
9:01:40,NETV,RG,665,38,D,XC,DH,D
9:01:40,NETV,RG,660,25,D,YP,DR,D
9:01:40,NETV,RG,660,1,D,XC,DR,D
9:01:40,NETV,RG,660,74,D,YP,DR,D
9:01:40,NETV,RG,665,10,D,OD,DH,D
9:01:40,NETV,RG,665,20,D,NI,DH,D
9:01:40,NETV,RG,665,4,D,AT,DH,D
9:01:40,NETV,RG,665,1,D,XC,DH,D
9:01:40,NETV,RG,660,1,D,YP,XC,D
9:01:40,NETV,RG,665,100,D,RG,DH,D
9:01:40,NETV,RG,660,15,D,YP,XC,D
9:01:40,NETV,RG,665,25,D,YP,DH,D
9:01:40,NETV,RG,665,17,D,XC,DH,D
9:01:40,NETV,RG,665,2,D,XC,XC,D
9:01:40,NETV,RG,665,1,D,XC,DR,D
9:01:40,NETV,RG,660,2,D,YP,IF,D
9:01:40,NETV,RG,660,7,D,NI,IF,D
9:01:40,NETV,RG,660,1,D,PD,IF,D
9:01:40,NETV,RG,665,9,D,XC,DR,D
9:01:40,NETV,RG,665,49,D,XC,MI,D
9:01:40,NETV,RG,665,25,D,YP,MI,D
9:01:39,NETV,RG,665,60,D,XC,MI,D
9:01:39,NETV,RG,665,1,D,PD,MI,D
9:01:39,NETV,RG,665,300,D,YP,MI,D
9:01:39,NETV,RG,665,84,D,YP,MI,D
9:01:39,NETV,RG,665,25,D,YP,MI,D
9:01:39,NETV,RG,665,15,D,XC,MI,D
9:01:39,NETV,RG,665,30,D,NI,MI,D
9:01:39,NETV,RG,665,24,D,YP,MI,D
9:01:39,NETV,RG,660,3,D,PD,XC,D
9:01:39,NETV,RG,660,10,D,YP,XC,D
9:01:39,NETV,RG,660,10,D,YP,XC,D
9:01:39,NETV,RG,660,2,D,XC,XC,D
9:01:39,NETV,RG,660,13,D,YP,XC,D
9:01:39,NETV,RG,665,1,D,XC,MI,D
9:01:39,NETV,RG,665,7,D,YP,MI,D
9:01:39,NETV,RG,665,7,D,XC,MI,D
9:01:38,NETV,RG,665,40,D,EP,MI,D
9:01:38,NETV,RG,665,15,D,XC,MI,D
9:01:38,NETV,RG,665,5,D,XC,MI,D
9:01:38,NETV,RG,665,8,D,XC,MI,D
9:01:38,NETV,RG,665,5,D,XC,MI,D
9:01:38,NETV,RG,665,15,D,XC,MI,D
9:01:38,NETV,RG,660,1,D,YP,NI,D
9:01:38,NETV,RG,665,1,D,XC,MI,D
9:01:38,NETV,RG,665,10,D,EP,MI,D
9:01:38,NETV,RG,665,6,D,XC,MI,D
9:01:38,NETV,RG,665,5,D,XC,MI,D
9:01:38,NETV,RG,665,5,D,XC,MI,D
9:01:38,NETV,RG,660,10,D,YP,XC,D
9:01:38,NETV,RG,665,100,D,YP,MI,D
9:01:38,NETV,RG,660,1,D,YP,BQ,D
9:01:38,NETV,RG,660,13,D,YP,BQ,D
9:01:37,NETV,RG,665,1,D,EP,MI,D
9:01:37,NETV,RG,665,100,D,NI,MI,D
9:01:37,NETV,RG,665,681,D,YP,MI,D
9:01:37,NETV,RG,665,3,D,XC,MI,D
9:01:37,NETV,RG,665,2,D,XC,MI,D
9:01:37,NETV,RG,660,1,D,YP,PD,D
9:01:37,NETV,RG,660,2,D,YP,XC,D
9:01:37,NETV,RG,660,9,D,YP,NI,D
9:01:37,NETV,RG,665,1,D,XC,MI,D
9:01:37,NETV,RG,660,25,D,YP,XC,D
9:01:37,NETV,RG,660,10,D,XC,XC,D
9:01:37,NETV,RG,660,11,D,YP,XC,D
9:01:37,NETV,RG,660,2,D,XC,XC,D
9:01:37,NETV,RG,660,2,D,XC,XC,D
9:01:37,NETV,RG,660,20,D,YP,XC,D
9:01:37,NETV,RG,660,2,D,CC,XC,D
9:01:37,NETV,RG,660,30,D,YP,XC,D
9:01:37,NETV,RG,660,10,D,XC,XC,D
9:01:37,NETV,RG,660,10,D,YP,XC,D
9:01:37,NETV,RG,660,3,D,XC,XC,D
9:01:37,NETV,RG,660,1,D,XC,XC,D
9:01:37,NETV,RG,660,3,D,XC,XC,D
9:01:37,NETV,RG,660,5,D,PD,XC,D
9:01:37,NETV,RG,660,5,D,YP,XC,D
9:01:37,NETV,RG,660,42,D,YP,XC,D
9:01:37,NETV,RG,660,1,D,YP,XC,D
9:01:37,NETV,RG,660,1,D,MK,XC,D
9:01:37,NETV,RG,660,7,D,PD,XC,D
9:01:36,NETV,RG,665,20,D,EP,MI,D
9:01:36,NETV,RG,660,3,D,PD,PD,D
9:01:36,NETV,RG,660,37,D,AG,PD,D
9:01:36,NETV,RG,665,31,D,XC,MI,D
9:01:36,NETV,RG,665,2,D,XC,MI,D
9:01:36,NETV,RG,665,2,D,YP,MI,D
9:01:36,NETV,RG,665,9,D,XC,MI,D
9:01:36,NETV,RG,660,3,D,AG,EP,D
9:01:36,NETV,RG,665,13,D,XC,MI,D
9:01:36,NETV,RG,660,10,D,AG,PD,D
9:01:36,NETV,RG,665,10,D,XC,MI,D
9:01:36,NETV,RG,665,105,D,XC,MI,D
9:01:35,NETV,RG,665,9,D,XC,MI,D
9:01:35,NETV,RG,660,8,D,AG,CC,D
9:01:35,NETV,RG,660,42,D,AG,CC,D
9:01:35,NETV,RG,660,58,D,YP,CC,D
9:01:35,NETV,RG,665,6,D,XC,MI,D
9:01:35,NETV,RG,665,74,D,XC,MI,D
9:01:35,NETV,RG,665,10,D,PD,MI,D
9:01:35,NETV,RG,660,10,D,YP,PD,D
9:01:35,NETV,RG,665,100,D,YP,MI,D
9:01:35,NETV,RG,665,885,D,XC,MI,D
9:01:35,NETV,RG,665,1,D,XC,MI,D
9:01:35,NETV,RG,660,82,D,YP,XA,D
9:01:35,NETV,RG,660,18,D,EP,XA,D
9:01:35,NETV,RG,660,4,D,XC,NI,D
9:01:35,NETV,RG,665,10,D,NI,MI,D
9:01:35,NETV,RG,660,2,D,XC,YP,D
9:01:34,NETV,RG,665,1,D,XC,MI,D
9:01:34,NETV,RG,665,10,D,YP,MI,D
9:01:34,NETV,RG,665,5,D,NI,MI,D
9:01:34,NETV,RG,665,50,D,GR,MI,D
9:01:34,NETV,RG,665,3,D,YP,MI,D
9:01:34,NETV,RG,665,25,D,NI,MI,D
9:01:34,NETV,RG,665,100,D,YP,MI,D
9:01:34,NETV,RG,665,15,D,XC,MI,D
9:01:34,NETV,RG,665,6,D,XC,MI,D
9:01:34,NETV,RG,660,44,D,XC,PD,D
9:01:34,NETV,RG,660,54,D,XC,PD,D
9:01:34,NETV,RG,665,3,D,XC,MI,D
9:01:34,NETV,RG,665,21,D,CP,MI,D
9:01:33,NETV,RG,665,10,D,YP,MI,D
9:01:33,NETV,RG,660,23,D,XC,CC,D
9:01:33,NETV,RG,660,7,D,XC,CC,D
9:01:33,NETV,RG,665,60,D,PC,MI,D
9:01:33,NETV,RG,665,20,D,PD,MI,D
9:01:33,NETV,RG,660,80,D,XC,XC,D
9:01:33,NETV,RG,665,50,D,YP,MI,D
9:01:33,NETV,RG,665,1,D,XC,MI,D
9:01:33,NETV,RG,665,8,D,XC,MI,D
9:01:33,NETV,RG,665,20,D,XC,MI,D
9:01:33,NETV,RG,665,13,D,XC,MI,D
9:01:33,NETV,RG,665,1,D,YP,MI,D
9:01:33,NETV,RG,665,10,D,YP,MI,D
9:01:32,NETV,RG,665,50,D,YP,MI,D
9:01:32,NETV,RG,660,95,D,XC,XC,D
9:01:32,NETV,RG,660,15,D,XC,XC,D
9:01:32,NETV,RG,660,2,D,XC,XC,D
9:01:32,NETV,RG,660,1,D,XC,XC,D
9:01:32,NETV,RG,660,5,D,XC,XC,D
9:01:32,NETV,RG,660,5,D,XC,XC,D
9:01:32,NETV,RG,660,16,D,XC,XC,D
9:01:32,NETV,RG,660,20,D,XC,XC,D
9:01:32,NETV,RG,660,2,D,YP,XC,D
9:01:32,NETV,RG,660,74,D,NI,XC,D
9:01:32,NETV,RG,665,130,D,YP,MI,D
9:01:32,NETV,RG,665,1470,D,YP,MI,D
9:01:32,NETV,RG,665,4,D,YP,XC,D
9:01:32,NETV,RG,665,20,D,YP,NI,D
9:01:32,NETV,RG,665,1,D,YP,PD,D
9:01:32,NETV,RG,665,20,D,YP,NI,D
9:01:32,NETV,RG,665,1,D,YP,PD,D
9:01:32,NETV,RG,665,1,D,YP,PD,D
9:01:32,NETV,RG,665,50,D,YP,PD,D
9:01:32,NETV,RG,665,2,D,YP,PD,D
9:01:32,NETV,RG,665,5,D,YP,PD,D
9:01:32,NETV,RG,665,300,D,YP,CC,D
9:01:32,NETV,RG,665,10,D,YP,DH,D
9:01:32,NETV,RG,665,5,D,YP,XL,D
9:01:32,NETV,RG,665,30,D,YP,XL,D
9:01:32,NETV,RG,665,20,D,YP,PD,D
9:01:32,NETV,RG,665,10,D,YP,PD,D
9:01:32,NETV,RG,665,10,D,YP,KK,D
9:01:32,NETV,RG,665,10,D,YP,PD,D
9:01:32,NETV,RG,665,5,D,YP,EP,D
9:01:32,NETV,RG,665,33,D,YP,PD,D
9:01:32,NETV,RG,665,26,D,YP,DH,D
9:01:32,NETV,RG,665,15,D,YP,SQ,D
9:01:32,NETV,RG,665,13,D,YP,SQ,D
9:01:32,NETV,RG,665,10,D,YP,PD,D
9:01:32,NETV,RG,665,500,D,YP,PD,D
9:01:32,NETV,RG,665,10,D,YP,CC,D
9:01:32,NETV,RG,665,156,D,YP,CC,D
9:01:32,NETV,RG,665,50,D,YP,CC,D
9:01:32,NETV,RG,665,50,D,YP,CC,D
9:01:32,NETV,RG,665,50,D,YP,CC,D
9:01:32,NETV,RG,665,143,D,YP,CC,D
9:01:32,NETV,RG,665,107,D,YP,CC,D
9:01:32,NETV,RG,665,2,D,YP,GR,D
9:01:32,NETV,RG,665,14,D,YP,PD,D
9:01:32,NETV,RG,665,68,D,YP,PD,D
9:01:32,NETV,RG,665,3,D,YP,XC,D
9:01:32,NETV,RG,665,1,D,YP,BQ,D
9:01:32,NETV,RG,665,2,D,YP,XC,D
9:01:32,NETV,RG,665,1,D,YP,XC,D
9:01:32,NETV,RG,665,103,D,YP,XC,D
9:01:32,NETV,RG,660,300,D,NI,YP,D
9:01:32,NETV,RG,665,13,D,XC,XC,D
9:01:31,NETV,RG,665,54,D,YP,XC,D
9:01:31,NETV,RG,665,18,D,YP,XC,D
9:01:31,NETV,RG,665,89,D,YP,DR,D
9:01:31,NETV,RG,665,58,D,XC,DR,D
9:01:31,NETV,RG,665,21,D,XC,DR,D
9:01:31,NETV,RG,665,1,D,NI,DR,D
9:01:31,NETV,RG,660,2,D,NI,XC,D
9:01:31,NETV,RG,665,50,D,EP,DR,D
9:01:31,NETV,RG,665,1,D,XC,DR,D
9:01:31,NETV,RG,660,3,D,NI,XC,D
9:01:31,NETV,RG,660,57,D,NI,YP,D
9:01:31,NETV,RG,660,1,D,XC,YP,D
9:01:31,NETV,RG,660,55,D,XC,YP,D
9:01:31,NETV,RG,660,90,D,XC,YP,D
9:01:31,NETV,RG,660,1,D,YP,YP,D
9:01:31,NETV,RG,660,10,D,NI,YP,D
9:01:31,NETV,RG,660,2,D,XC,YP,D
9:01:31,NETV,RG,660,10,D,YP,YP,D
9:01:31,NETV,RG,660,244,D,YP,YP,D
9:01:31,NETV,RG,660,182,D,XC,YP,D
9:01:31,NETV,RG,660,1,D,YP,YP,D
9:01:31,NETV,RG,660,10,D,YP,YP,D
9:01:31,NETV,RG,660,20,D,YP,YP,D
9:01:31,NETV,RG,660,100,D,YP,CC,D
9:01:31,NETV,RG,665,1,D,XC,DR,D
9:01:30,NETV,RG,665,16,D,YP,DR,D
9:01:30,NETV,RG,665,84,D,YP,CC,D
9:01:30,NETV,RG,660,10,D,YP,YB,D
9:01:30,NETV,RG,665,81,D,XC,CC,D
9:01:30,NETV,RG,665,4,D,XC,OD,D
9:01:30,NETV,RG,665,95,D,XC,LS,D
9:01:30,NETV,RG,665,1,D,YP,LS,D
9:01:30,NETV,RG,665,1,D,YP,LS,D
9:01:30,NETV,RG,660,236,D,YP,HP,D
9:01:30,NETV,RG,665,1,D,XC,LS,D
9:01:30,NETV,RG,665,8,D,XC,LS,D
9:01:30,NETV,RG,665,14,D,XC,LS,D
9:01:30,NETV,RG,665,1,D,NI,LS,D
9:01:30,NETV,RG,665,5,D,YP,LS,D
9:01:29,NETV,RG,665,100,D,PD,LS,D
9:01:29,NETV,RG,660,14,D,YP,CC,D
9:01:29,NETV,RG,660,150,D,YP,XC,D
9:01:28,NETV,RG,660,10,D,YP,YP,D
9:01:28,NETV,RG,660,50,D,YP,CC,D
9:01:28,NETV,RG,660,4,D,YP,PD,D
9:01:28,NETV,RG,660,15,D,YP,XC,D
9:01:27,NETV,RG,665,50,D,YP,LS,D
9:01:27,NETV,RG,660,50,D,YP,XC,D
9:01:27,NETV,RG,665,1,D,YP,LS,D
9:01:27,NETV,RG,665,3,D,YP,LS,D
9:01:27,NETV,RG,665,600,D,YU,LS,D
9:01:27,NETV,RG,660,30,D,YP,NI,D
9:01:27,NETV,RG,665,15,D,YP,LS,D
9:01:27,NETV,RG,660,1,D,YP,XC,D
9:01:27,NETV,RG,660,100,D,YP,XC,D
9:01:27,NETV,RG,665,1,D,BQ,LS,D
9:01:27,NETV,RG,665,35,D,YP,LS,D
9:01:26,NETV,RG,665,169,D,YP,LS,D
9:01:26,NETV,RG,665,831,D,YP,HP,D
9:01:26,NETV,RG,665,100,D,YP,HP,D
9:01:26,NETV,RG,665,2,D,YP,HP,D
9:01:26,NETV,RG,660,200,D,YP,EP,D
9:01:26,NETV,RG,655,45,D,MG,XC,D
9:01:26,NETV,RG,660,1,D,YP,XC,D
9:01:26,NETV,RG,660,16,D,XC,XC,D
9:01:26,NETV,RG,660,20,D,XC,XC,D
9:01:26,NETV,RG,660,15,D,YP,XC,D
9:01:26,NETV,RG,660,1,D,YP,XC,D
9:01:26,NETV,RG,660,4,D,YP,XC,D
9:01:25,NETV,RG,660,45,D,YP,XC,D
9:01:25,NETV,RG,660,1,D,YP,NI,D
9:01:25,NETV,RG,655,151,D,MG,PD,D
9:01:25,NETV,RG,660,49,D,YP,PD,D
9:01:25,NETV,RG,660,1,D,YP,XC,D
9:01:25,NETV,RG,665,4,D,YP,HP,D
9:01:24,NETV,RG,655,23,D,MG,XC,D
9:01:24,NETV,RG,660,13,D,YP,XC,D
9:01:24,NETV,RG,665,2,D,XC,HP,D
9:01:24,NETV,RG,660,1,D,YP,NI,D
9:01:24,NETV,RG,660,5,D,YP,NI,D
9:01:24,NETV,RG,660,1,D,YP,NI,D
9:01:24,NETV,RG,655,19,D,MG,XC,D
9:01:24,NETV,RG,660,7,D,XC,NI,D
9:01:23,NETV,RG,655,5,D,MG,NI,D
9:01:23,NETV,RG,660,1,D,YP,NI,D
9:01:23,NETV,RG,655,1,D,MG,NI,D
9:01:23,NETV,RG,655,393,D,MG,PD,D
9:01:23,NETV,RG,660,200,D,YP,NI,D
9:01:23,NETV,RG,655,5,D,MG,YP,D
9:01:23,NETV,RG,660,17,D,XC,NI,D
9:01:23,NETV,RG,660,274,D,MG,NI,D
9:01:23,NETV,RG,660,7,D,MG,YP,D
9:01:23,NETV,RG,660,54,D,MG,YP,D
9:01:23,NETV,RG,660,3,D,MG,XC,D
9:01:23,NETV,RG,660,5,D,MG,NI,D
9:01:23,NETV,RG,660,1,D,MG,XC,D
9:01:23,NETV,RG,660,1,D,MG,PD,D
9:01:23,NETV,RG,660,1,D,MG,XA,D
9:01:23,NETV,RG,660,163,D,MG,PD,D
9:01:23,NETV,RG,660,100,D,MG,XA,D
9:01:23,NETV,RG,660,51,D,MG,EP,D
9:01:23,NETV,RG,660,81,D,MG,DR,D
9:01:23,NETV,RG,660,1000,D,MG,DR,D
9:01:23,NETV,RG,660,24,D,MG,YP,D
9:01:23,NETV,RG,660,4,D,MG,XC,D
9:01:23,NETV,RG,660,5,D,MG,XC,D
9:01:23,NETV,RG,660,65,D,MG,CC,D
9:01:23,NETV,RG,660,13,D,MG,XC,D
9:01:23,NETV,RG,660,5,D,MG,NI,D
9:01:23,NETV,RG,660,25,D,MG,PD,D
9:01:23,NETV,RG,660,1,D,MG,BQ,D
9:01:23,NETV,RG,660,2,D,MG,BQ,D
9:01:23,NETV,RG,660,2,D,MG,PD,D
9:01:23,NETV,RG,660,1000,D,MG,DH,D
9:01:23,NETV,RG,660,170,D,MG,DR,D
9:01:23,NETV,RG,660,150,D,MG,PD,D
9:01:23,NETV,RG,660,1793,D,MG,OD,D
9:01:23,NETV,RG,655,20,D,MG,YP,D
9:01:23,NETV,RG,655,10,D,MG,DR,D
9:01:23,NETV,RG,655,40,D,MG,YP,D
9:01:23,NETV,RG,655,25,D,MG,YP,D
9:01:23,NETV,RG,655,1000,D,MG,MG,D
9:01:23,NETV,RG,655,100,D,MG,YP,D
9:01:23,NETV,RG,660,125,D,XC,OD,D
9:01:23,NETV,RG,660,3,D,XC,CC,D
9:01:23,NETV,RG,660,42,D,XC,OD,D
9:01:22,NETV,RG,660,25,D,PD,OD,D
9:01:22,NETV,RG,655,10,D,MG,PD,D
9:01:22,NETV,RG,655,20,D,MG,EP,D
9:01:22,NETV,RG,655,206,D,MG,YP,D
9:01:22,NETV,RG,655,100,D,MG,PD,D
9:01:22,NETV,RG,655,5,D,MG,YP,D
9:01:22,NETV,RG,655,200,D,MG,YP,D
9:01:22,NETV,RG,655,200,D,MG,CC,D
9:01:22,NETV,RG,660,15,D,YP,OD,D
9:01:22,NETV,RG,660,1,D,YP,OD,D
9:01:22,NETV,RG,655,4,D,MG,XC,D
9:01:22,NETV,RG,655,502,D,MG,YP,D
9:01:22,NETV,RG,660,10,D,YP,OD,D
9:01:22,NETV,RG,660,25,D,NI,OD,D
9:01:22,NETV,RG,655,40,D,MG,YP,D
9:01:22,NETV,RG,660,1,D,YP,OD,D
9:01:22,NETV,RG,655,2,D,MG,YP,D
9:01:21,NETV,RG,660,1,D,XC,OD,D
9:01:21,NETV,RG,660,4,D,XC,YB,D
9:01:21,NETV,RG,660,55,D,TP,YB,D
9:01:21,NETV,RG,655,1,D,MG,XC,D
9:01:21,NETV,RG,655,25,D,MG,YP,D
9:01:21,NETV,RG,655,500,D,MG,YU,D
9:01:21,NETV,RG,655,50,D,MG,EP,D
9:01:21,NETV,RG,655,113,D,MG,EP,D
9:01:21,NETV,RG,655,39,D,MG,PD,D
9:01:21,NETV,RG,655,85,D,YP,PD,D
9:01:21,NETV,RG,650,12,D,XC,PD,D
9:01:21,NETV,RG,655,15,D,YP,PD,D
9:01:21,NETV,RG,655,20,D,YP,PD,D
9:01:21,NETV,RG,650,16,D,XC,XC,D
9:01:21,NETV,RG,655,6,D,YP,PD,D
9:01:21,NETV,RG,655,1,D,YP,PD,D
9:01:21,NETV,RG,650,25,D,XC,YP,D
9:01:21,NETV,RG,655,22,D,NI,PD,D
9:01:21,NETV,RG,655,2,D,XA,PD,D
9:01:21,NETV,RG,655,150,D,YP,PD,D
9:01:21,NETV,RG,650,20,D,XC,YP,D
9:01:21,NETV,RG,655,50,D,NI,PD,D
9:01:20,NETV,RG,650,15,D,XC,XC,D
9:01:20,NETV,RG,655,116,D,XC,PD,D
9:01:20,NETV,RG,655,12,D,XC,PD,D
9:01:20,NETV,RG,640,4,D,MG,YP,D
9:01:20,NETV,RG,645,10,D,DH,YP,D
9:01:20,NETV,RG,645,150,D,YP,YP,D
9:01:20,NETV,RG,645,12,D,XC,YP,D
9:01:20,NETV,RG,645,15,D,XC,YP,D
9:01:20,NETV,RG,645,10,D,NI,YP,D
9:01:20,NETV,RG,645,3,D,XC,YP,D
9:01:20,NETV,RG,645,1,D,NI,YP,D
9:01:20,NETV,RG,645,8,D,XC,YP,D
9:01:20,NETV,RG,645,93,D,YP,YP,D
9:01:20,NETV,RG,645,2,D,XC,YP,D
9:01:20,NETV,RG,645,16,D,XC,YP,D
9:01:20,NETV,RG,645,40,D,PD,YP,D
9:01:20,NETV,RG,650,3,D,XC,YP,D
9:01:20,NETV,RG,645,20,D,PD,CC,D
9:01:20,NETV,RG,645,50,D,XC,CC,D
9:01:20,NETV,RG,645,47,D,SQ,CC,D
9:01:20,NETV,RG,650,1,D,YP,CC,D
9:01:20,NETV,RG,650,5,D,YP,CC,D
9:01:20,NETV,RG,650,2,D,DR,CC,D
9:01:20,NETV,RG,650,7,D,XC,CC,D
9:01:20,NETV,RG,650,1,D,YP,CC,D
9:01:20,NETV,RG,650,241,D,SQ,CC,D
9:01:20,NETV,RG,650,159,D,SQ,CC,D
9:01:20,NETV,RG,650,490,D,XC,CC,D
9:01:20,NETV,RG,650,347,D,XC,CC,D
9:01:20,NETV,RG,650,5,D,XC,CC,D
9:01:20,NETV,RG,650,20,D,XC,CC,D
9:01:20,NETV,RG,650,6,D,XC,CC,D
9:01:20,NETV,RG,650,3,D,XC,CC,D
9:01:20,NETV,RG,650,7,D,XC,CC,D
9:01:20,NETV,RG,650,12,D,XC,CC,D
9:01:20,NETV,RG,655,15,D,NI,PD,D
9:01:20,NETV,RG,655,100,D,XC,PD,D
9:01:20,NETV,RG,655,50,D,OD,PD,D
9:01:20,NETV,RG,655,7,D,XC,PD,D
9:01:20,NETV,RG,655,10,D,XC,PD,D
9:01:20,NETV,RG,650,13,D,XC,YP,D
9:01:20,NETV,RG,650,10,D,XC,YP,D
9:01:20,NETV,RG,650,1,D,XC,YP,D
9:01:19,NETV,RG,645,15,D,SQ,YP,D
9:01:19,NETV,RG,650,17,D,XC,YP,D
9:01:19,NETV,RG,650,5,D,XC,YP,D
9:01:19,NETV,RG,650,26,D,YU,YP,D
9:01:19,NETV,RG,650,30,D,YU,XC,D
9:01:19,NETV,RG,655,20,D,YB,PD,D
9:01:19,NETV,RG,650,25,D,YU,YP,D
9:01:19,NETV,RG,655,10,D,SQ,PD,D
9:01:19,NETV,RG,650,34,D,YU,YP,D
9:01:19,NETV,RG,650,1,D,XC,YP,D
9:01:19,NETV,RG,650,5,D,XC,YP,D
9:01:19,NETV,RG,655,10,D,DR,PD,D
9:01:19,NETV,RG,645,5,D,SQ,YP,D
9:01:19,NETV,RG,650,6,D,XC,YP,D
9:01:19,NETV,RG,645,33,D,SQ,YP,D
9:01:19,NETV,RG,645,70,D,XC,YP,D
9:01:19,NETV,RG,645,3,D,PD,YP,D
9:01:19,NETV,RG,645,15,D,YB,YP,D
9:01:19,NETV,RG,645,42,D,XC,YP,D
9:01:19,NETV,RG,645,17,D,XC,YP,D
9:01:19,NETV,RG,645,5,D,XC,YP,D
9:01:19,NETV,RG,645,18,D,PD,YP,D
9:01:19,NETV,RG,650,68,D,XC,YP,D
9:01:19,NETV,RG,650,1,D,XC,YP,D
9:01:19,NETV,RG,655,3,D,XC,PD,D
9:01:19,NETV,RG,650,1,D,XC,YB,D
9:01:19,NETV,RG,650,10,D,XC,YU,D
9:01:19,NETV,RG,650,10,D,NI,YU,D
9:01:19,NETV,RG,645,25,D,PD,YP,D
9:01:19,NETV,RG,645,7,D,PD,YP,D
9:01:19,NETV,RG,645,3,D,XA,YP,D
9:01:19,NETV,RG,655,1,D,XC,PD,D
9:01:19,NETV,RG,645,50,D,XA,YP,D
9:01:18,NETV,RG,655,150,D,AI,PD,D
9:01:18,NETV,RG,650,1,D,XC,PD,D
9:01:18,NETV,RG,645,23,D,XA,YP,D
9:01:18,NETV,RG,650,7,D,XC,YP,D
9:01:18,NETV,RG,650,5,D,XC,YP,D
9:01:18,NETV,RG,655,20,D,NI,PD,D
9:01:18,NETV,RG,655,86,D,OD,PD,D
9:01:18,NETV,RG,655,50,D,OD,YP,D
9:01:18,NETV,RG,655,25,D,OD,YB,D
9:01:18,NETV,RG,645,24,D,XA,YP,D
9:01:18,NETV,RG,645,15,D,XC,YP,D
9:01:18,NETV,RG,645,1,D,XC,YP,D
9:01:18,NETV,RG,645,60,D,NI,YP,D
9:01:18,NETV,RG,645,140,D,NI,YP,D
9:01:18,NETV,RG,645,10,D,PD,YP,D
9:01:18,NETV,RG,645,178,D,PD,YP,D
9:01:18,NETV,RG,650,31,D,XC,YP,D
9:01:18,NETV,RG,650,22,D,XC,YP,D
9:01:18,NETV,RG,650,5,D,XC,YP,D
9:01:18,NETV,RG,650,2,D,XC,YP,D
9:01:18,NETV,RG,650,46,D,DH,YP,D
9:01:18,NETV,RG,655,29,D,XC,YP,D
9:01:18,NETV,RG,655,37,D,XA,YP,D
9:01:18,NETV,RG,660,10,F,DH,YB,D
9:01:18,NETV,RG,655,10,D,XA,YP,D
9:01:18,NETV,RG,655,29,D,XA,YB,D
9:01:18,NETV,RG,655,121,D,MK,YB,D
9:01:18,NETV,RG,655,10,D,MK,AT,D
9:01:18,NETV,RG,655,10,D,MK,YP,D
9:01:18,NETV,RG,655,1,D,MK,YP,D
9:01:18,NETV,RG,655,150,D,MK,YB,D
9:01:18,NETV,RG,655,10,D,MK,YP,D
9:01:17,NETV,RG,655,100,D,MK,XA,D
9:01:17,NETV,RG,655,6,D,MK,DR,D
9:01:17,NETV,RG,655,69,D,MK,XA,D
9:01:17,NETV,RG,655,2,D,MK,YB,D
9:01:17,NETV,RG,655,3,D,MK,XC,D
9:01:17,NETV,RG,655,333,D,MK,XC,D
9:01:17,NETV,RG,655,1,D,MK,XA,D
9:01:17,NETV,RG,655,25,D,MK,YB,D
9:01:17,NETV,RG,655,2,D,MK,NI,D
9:01:17,NETV,RG,655,22,D,MK,YP,D
9:01:17,NETV,RG,655,65,D,MK,PD,D
9:01:17,NETV,RG,650,70,D,MK,SQ,D
9:01:17,NETV,RG,650,2,D,XC,SQ,D
9:01:17,NETV,RG,645,22,D,PD,YP,D
9:01:17,NETV,RG,645,2,D,XC,YP,D
9:01:17,NETV,RG,645,76,D,PD,YP,D
9:01:17,NETV,RG,650,73,D,XC,SQ,D
9:01:17,NETV,RG,650,7,D,XC,SQ,D
9:01:17,NETV,RG,650,1,D,XC,SQ,D
9:01:17,NETV,RG,650,8,D,XC,SQ,D
9:01:17,NETV,RG,650,76,D,YB,SQ,D
9:01:17,NETV,RG,650,83,D,XC,SQ,D
9:01:17,NETV,RG,650,1,D,XC,SQ,D
9:01:17,NETV,RG,650,41,D,XC,SQ,D
9:01:17,NETV,RG,650,2,D,YP,SQ,D
9:01:17,NETV,RG,650,25,D,GR,SQ,D
9:01:17,NETV,RG,650,1,D,XC,SQ,D
9:01:17,NETV,RG,650,76,D,YB,SQ,D
9:01:17,NETV,RG,645,1,D,PD,YP,D
9:01:17,NETV,RG,645,95,D,PD,YP,D
9:01:17,NETV,RG,650,10,D,NI,SQ,D
9:01:17,NETV,RG,650,3,D,PD,SQ,D
9:01:17,NETV,RG,650,8,D,XC,SQ,D
9:01:17,NETV,RG,645,20,D,PD,YP,D
9:01:16,NETV,RG,645,20,D,PD,CC,D
9:01:16,NETV,RG,650,2,D,XC,SQ,D
9:01:16,NETV,RG,650,1,D,XC,SQ,D
9:01:16,NETV,RG,650,10,D,OD,SQ,D
9:01:16,NETV,RG,655,10,D,XC,PD,D
9:01:16,NETV,RG,655,5,D,XC,PD,D
9:01:16,NETV,RG,655,5,D,XC,PD,D
9:01:16,NETV,RG,645,1,D,PD,YP,D
9:01:16,NETV,RG,645,300,D,PD,FS,D
9:01:16,NETV,RG,650,1,D,XC,XC,D
9:01:16,NETV,RG,645,230,D,PD,YP,D
9:01:16,NETV,RG,650,8,D,AZ,YP,D
9:01:16,NETV,RG,650,6,D,PD,YP,D
9:01:16,NETV,RG,650,26,D,XC,YP,D
9:01:16,NETV,RG,650,20,D,XC,YP,D
9:01:16,NETV,RG,650,17,D,XC,YP,D
9:01:16,NETV,RG,650,8,D,XC,YP,D
9:01:16,NETV,RG,650,157,D,XC,YP,D
9:01:16,NETV,RG,650,10,D,ZP,YP,D
9:01:16,NETV,RG,650,10,D,YB,YP,D
9:01:16,NETV,RG,650,87,D,YP,YP,D
9:01:16,NETV,RG,650,5,D,XC,YP,D
9:01:16,NETV,RG,650,50,D,EP,YP,D
9:01:16,NETV,RG,650,72,D,XC,YP,D
9:01:16,NETV,RG,650,1,D,XC,YP,D
9:01:16,NETV,RG,650,1,D,XC,YP,D
9:01:16,NETV,RG,650,16,D,XC,YP,D
9:01:16,NETV,RG,650,189,D,XC,YP,D
9:01:16,NETV,RG,650,25,D,XC,YP,D
9:01:16,NETV,RG,650,15,D,NI,YP,D
9:01:16,NETV,RG,650,47,D,XC,YP,D
9:01:15,NETV,RG,650,15,D,XC,YP,D
9:01:15,NETV,RG,655,1,D,PD,PD,D
9:01:15,NETV,RG,650,49,D,XC,YP,D
9:01:15,NETV,RG,650,3,D,XC,NI,D
9:01:15,NETV,RG,650,12,D,XC,XC,D
9:01:15,NETV,RG,650,1,D,XC,XC,D
9:01:15,NETV,RG,650,1,D,PD,XC,D
9:01:15,NETV,RG,650,5,D,PD,XC,D
9:01:15,NETV,RG,655,10,D,MK,PD,D
9:01:14,NETV,RG,650,1,D,PD,YP,D
9:01:14,NETV,RG,650,1,D,PD,YP,D
9:01:14,NETV,RG,650,1,D,PD,BQ,D
9:01:14,NETV,RG,650,1,D,PD,PD,D
9:01:14,NETV,RG,645,142,D,PD,MG,D
9:01:14,NETV,RG,650,1,D,XC,MG,D
9:01:14,NETV,RG,650,1,D,XC,MG,D
9:01:14,NETV,RG,650,100,D,NI,MG,D
9:01:14,NETV,RG,650,48,D,XC,MG,D
9:01:14,NETV,RG,650,5,D,YB,MG,D
9:01:14,NETV,RG,650,3,D,XC,MG,D
9:01:14,NETV,RG,650,2,D,XC,MG,D
9:01:14,NETV,RG,650,189,D,XC,MG,D
9:01:14,NETV,RG,650,16,D,PD,MG,D
9:01:14,NETV,RG,650,30,D,PD,MG,D
9:01:14,NETV,RG,650,12,D,XC,MG,D
9:01:14,NETV,RG,650,6,D,XC,MG,D
9:01:14,NETV,RG,650,148,D,XC,MG,D
9:01:14,NETV,RG,650,1,D,XC,MG,D
9:01:14,NETV,RG,650,40,D,NI,MG,D
9:01:14,NETV,RG,650,1,D,NI,MG,D
9:01:14,NETV,RG,650,213,D,MG,MG,D
9:01:14,NETV,RG,650,43,D,MG,XC,D
9:01:14,NETV,RG,655,100,D,YP,PD,D
9:01:14,NETV,RG,650,5,D,MG,PD,D
9:01:13,NETV,RG,650,15,D,MG,XC,D
9:01:13,NETV,RG,655,1,D,XC,PD,D
9:01:13,NETV,RG,655,70,D,PD,PD,D
9:01:13,NETV,RG,655,10,D,YP,PD,D
9:01:12,NETV,RG,655,3,D,XC,PD,D
9:01:12,NETV,RG,655,20,D,YP,PD,D
9:01:12,NETV,RG,655,1,D,YP,KK,D
9:01:12,NETV,RG,655,8,D,YP,YB,D
9:01:12,NETV,RG,655,1,D,YP,PD,D
9:01:12,NETV,RG,655,2,D,YP,PD,D
9:01:12,NETV,RG,650,5,D,MG,DR,D
9:01:12,NETV,RG,650,69,D,MG,XC,D
9:01:12,NETV,RG,650,1,D,MG,XC,D
9:01:12,NETV,RG,650,1,D,MG,XC,D
9:01:12,NETV,RG,650,35,D,MG,XC,D
9:01:12,NETV,RG,650,100,D,MG,KK,D
9:01:12,NETV,RG,650,16,D,MG,SQ,D
9:01:12,NETV,RG,650,22,D,MG,DR,D
9:01:12,NETV,RG,650,20,D,MG,YP,D
9:01:12,NETV,RG,650,25,D,MG,XC,D
9:01:12,NETV,RG,650,19,D,MG,CC,D
9:01:12,NETV,RG,650,10,D,MG,YP,D
9:01:12,NETV,RG,650,2,D,MG,XC,D
9:01:12,NETV,RG,650,20,D,MG,XL,D
9:01:12,NETV,RG,650,100,D,MG,XL,D
9:01:12,NETV,RG,650,5,D,MG,PD,D
