Time,Stock,Brd,Price,Qty,BT,BC,SC,ST
15:14:22,NETV,RG,695,5,D,YP,YB,D
15:14:17,NETV,RG,695,5,D,YP,XL,D
15:14:07,NETV,RG,695,11,D,YP,XC,D
15:14:03,NETV,RG,695,19,D,YP,CC,D
15:14:02,NETV,RG,695,12,D,YP,XC,D
15:14:01,NETV,RG,695,1,D,YP,XC,D
15:13:59,NETV,RG,695,5,D,YP,YP,D
15:13:56,NETV,RG,695,470,D,YP,BQ,D
15:13:49,NETV,RG,695,37,D,YP,PD,D
15:13:37,NETV,RG,695,1,D,YP,EP,D
15:13:35,NETV,RG,695,4,D,YP,XC,D
15:13:24,NETV,RG,695,20,D,YP,LS,D
15:13:21,NETV,RG,695,1,D,YP,YP,D
15:13:21,NETV,RG,695,30,D,YP,XC,D
15:13:17,NETV,RG,695,200,D,YP,CC,D
15:13:16,NETV,RG,695,2,D,YP,DR,D
15:13:16,NETV,RG,695,100,D,YP,PD,D
15:13:15,NETV,RG,695,50,D,YP,YB,D
15:13:14,NETV,RG,695,25,D,YP,XC,D
15:13:11,NETV,RG,695,14,D,YP,PD,D
15:13:05,NETV,RG,695,5,D,YP,XC,D
15:12:56,NETV,RG,695,116,D,YP,AZ,D
15:12:43,NETV,RG,695,1,D,YP,YP,D
15:12:36,NETV,RG,695,63,D,YP,XC,D
15:12:27,NETV,RG,695,2,D,YP,XL,D
15:12:20,NETV,RG,695,5,D,YP,DR,D
15:12:08,NETV,RG,695,45,D,YP,XC,D
15:11:46,NETV,RG,695,100,D,YP,NI,D
15:11:42,NETV,RG,695,10,D,YP,XC,D
15:11:40,NETV,RG,695,180,D,YP,TP,D
15:11:38,NETV,RG,695,50,D,YP,AG,D
15:11:35,NETV,RG,695,25,D,YP,AZ,D
15:11:32,NETV,RG,695,1,D,YP,CC,D
15:11:31,NETV,RG,695,8,D,YP,XC,D
15:11:30,NETV,RG,695,10,D,YP,XC,D
15:11:25,NETV,RG,695,10,D,YP,DR,D
15:11:23,NETV,RG,695,1,D,YP,PD,D
15:11:17,NETV,RG,695,300,D,YP,YP,D
15:11:02,NETV,RG,695,4,D,YP,PD,D
15:10:57,NETV,RG,695,5,D,YP,XL,D
15:10:55,NETV,RG,695,1,D,YP,CC,D
15:10:51,NETV,RG,695,100,D,YP,PD,D
15:10:44,NETV,RG,695,2,D,YP,XC,D
15:10:37,NETV,RG,695,1,D,YP,XC,D
15:10:35,NETV,RG,695,100,D,YP,EP,D
15:10:35,NETV,RG,695,10,D,YP,XC,D
15:10:33,NETV,RG,695,1,D,YP,SQ,D
15:10:20,NETV,RG,695,11,D,YP,XC,D
15:10:19,NETV,RG,695,10,D,YP,XC,D
15:10:13,NETV,RG,695,3,D,YP,XC,D
15:10:12,NETV,RG,695,5,D,YP,XC,D
15:10:09,NETV,RG,695,50,D,YP,XC,D
15:10:09,NETV,RG,695,54,D,YP,XL,D
15:10:03,NETV,RG,695,2,D,YP,BQ,D
15:10:01,NETV,RG,695,88,D,YP,CC,D
15:10:00,NETV,RG,695,200,D,YP,GR,D
15:09:58,NETV,RG,695,1,D,YP,XA,D
15:09:56,NETV,RG,695,50,D,YP,YP,D
15:09:55,NETV,RG,695,20,D,YP,XL,D
15:09:50,NETV,RG,695,5,D,YP,AI,D
15:09:49,NETV,RG,695,80,D,YP,CC,D
15:09:47,NETV,RG,695,7,D,YP,CC,D
15:09:46,NETV,RG,695,234,D,YP,GR,D
15:09:40,NETV,RG,695,44,D,YP,XC,D
15:09:36,NETV,RG,695,3,D,YP,CC,D
15:09:36,NETV,RG,695,30,D,YP,XC,D
15:09:34,NETV,RG,695,100,D,YP,YP,D
15:09:23,NETV,RG,695,148,D,YP,YP,D
15:09:20,NETV,RG,695,25,D,YP,CC,D
15:09:17,NETV,RG,695,500,D,YP,LG,D
15:09:15,NETV,RG,695,263,D,YP,GR,D
15:09:14,NETV,RG,695,50,D,YP,XL,D
15:09:05,NETV,RG,695,5,D,YP,XL,D
15:08:59,NETV,RG,695,100,D,YP,YP,D
15:08:41,NETV,RG,695,363,D,YP,GR,D
15:08:41,NETV,RG,695,120,D,YP,GR,D
15:08:41,NETV,RG,695,1,D,XC,GR,D
15:08:41,NETV,RG,695,89,D,XC,GR,D
15:08:41,NETV,RG,695,51,D,XL,GR,D
15:08:41,NETV,RG,695,1,D,XC,GR,D
15:08:41,NETV,RG,695,22,D,XC,GR,D
15:08:41,NETV,RG,695,5,D,DH,GR,D
15:08:41,NETV,RG,695,10,D,YP,GR,D
15:08:41,NETV,RG,695,2,D,XC,GR,D
15:08:41,NETV,RG,695,6,D,XC,GR,D
15:08:41,NETV,RG,695,330,D,YP,GR,D
15:08:41,NETV,RG,695,8,D,YP,XC,D
15:08:41,NETV,RG,695,61,D,YP,ZP,D
15:08:41,NETV,RG,695,9,D,YP,PD,D
15:08:39,NETV,RG,695,100,D,YP,CC,D
15:08:38,NETV,RG,695,200,D,YP,YP,D
15:08:35,NETV,RG,695,1,D,YP,CC,D
15:08:35,NETV,RG,695,140,D,YP,YP,D
15:08:31,NETV,RG,695,60,D,YP,YP,D
15:08:30,NETV,RG,695,10,D,YP,XC,D
15:08:22,NETV,RG,695,30,D,YP,XC,D
15:08:15,NETV,RG,695,19,D,YP,XC,D
15:08:14,NETV,RG,695,100,D,YP,YP,D
15:08:14,NETV,RG,695,40,D,YP,NI,D
15:08:12,NETV,RG,695,1,D,YP,XC,D
15:08:11,NETV,RG,695,1,D,YP,YP,D
15:08:08,NETV,RG,695,4,D,YP,DH,D
15:08:06,NETV,RG,695,40,D,YP,KK,D
15:07:59,NETV,RG,695,39,D,YP,PD,D
15:07:56,NETV,RG,695,10,D,YP,XA,D
15:07:51,NETV,RG,695,3,D,YP,XC,D
15:07:49,NETV,RG,695,10,D,YP,XC,D
15:07:47,NETV,RG,695,30,D,YP,YP,D
15:07:44,NETV,RG,695,5,D,YP,YP,D
15:07:40,NETV,RG,695,500,D,YP,EP,D
15:07:36,NETV,RG,695,3,D,YP,YP,D
15:07:30,NETV,RG,695,13,D,YP,XC,D
15:07:30,NETV,RG,695,733,D,YP,OD,D
15:07:30,NETV,RG,695,50,D,CC,OD,D
15:07:30,NETV,RG,695,128,D,XL,OD,D
15:07:30,NETV,RG,695,1,D,XC,OD,D
15:07:30,NETV,RG,695,88,D,YP,OD,D
15:07:26,NETV,RG,695,71,D,YP,XC,D
15:07:24,NETV,RG,695,4,D,YP,DH,D
15:07:23,NETV,RG,695,4,D,YP,XC,D
15:07:21,NETV,RG,695,1,D,YP,XC,D
15:07:18,NETV,RG,695,3,D,YP,XC,D
15:07:16,NETV,RG,695,329,D,YP,MG,D
15:07:16,NETV,RG,695,1,D,PD,MG,D
15:07:16,NETV,RG,695,73,D,XC,MG,D
15:07:16,NETV,RG,695,5,D,XA,MG,D
15:07:16,NETV,RG,695,5,D,CC,MG,D
15:07:16,NETV,RG,695,70,D,KK,MG,D
15:07:16,NETV,RG,695,2,D,BQ,MG,D
15:07:16,NETV,RG,695,3,D,XC,MG,D
15:07:16,NETV,RG,695,50,D,PD,MG,D
15:07:16,NETV,RG,695,3,D,XC,MG,D
15:07:16,NETV,RG,695,50,D,YU,MG,D
15:07:16,NETV,RG,695,5,D,YP,MG,D
15:07:16,NETV,RG,695,149,D,XC,MG,D
15:07:16,NETV,RG,695,10,D,DR,MG,D
15:07:16,NETV,RG,695,2000,D,MG,MG,D
15:07:16,NETV,RG,695,2,D,PD,MG,D
15:07:16,NETV,RG,695,2,D,XC,MG,D
15:07:16,NETV,RG,695,1,D,YP,MG,D
15:07:16,NETV,RG,695,500,D,YP,MG,D
15:07:16,NETV,RG,695,10,D,CD,MG,D
15:07:16,NETV,RG,695,47,D,SQ,MG,D
15:07:16,NETV,RG,695,25,D,CC,MG,D
15:07:16,NETV,RG,695,25,D,DR,MG,D
15:07:16,NETV,RG,695,40,D,YP,MG,D
15:07:16,NETV,RG,695,20,D,CC,MG,D
15:07:16,NETV,RG,695,13,D,YP,MG,D
15:07:16,NETV,RG,695,2,D,YP,MG,D
15:07:16,NETV,RG,695,2,D,XC,MG,D
15:07:16,NETV,RG,695,10,D,MG,MG,D
15:07:16,NETV,RG,695,10,D,MG,MG,D
15:07:16,NETV,RG,695,10,D,CC,MG,D
15:07:16,NETV,RG,695,5,D,BQ,MG,D
15:07:16,NETV,RG,695,4,D,XC,MG,D
15:07:16,NETV,RG,695,4,D,DR,MG,D
15:07:16,NETV,RG,695,20,D,YP,MG,D
15:07:16,NETV,RG,695,200,D,YB,MG,D
15:07:16,NETV,RG,695,7,D,PD,MG,D
15:07:16,NETV,RG,695,9,D,PD,MG,D
15:07:16,NETV,RG,695,3,D,XC,MG,D
15:07:16,NETV,RG,695,3,D,PD,MG,D
15:07:16,NETV,RG,695,238,D,SQ,MG,D
15:07:16,NETV,RG,695,15,D,XC,MG,D
15:07:16,NETV,RG,695,20,D,YP,MG,D
15:07:16,NETV,RG,695,35,D,XC,MG,D
15:07:16,NETV,RG,695,25,D,PD,MG,D
15:07:16,NETV,RG,695,7,D,XC,MG,D
15:07:16,NETV,RG,695,1,D,XC,MG,D
15:07:16,NETV,RG,695,200,D,DR,MG,D
15:07:16,NETV,RG,695,7,D,YP,MG,D
15:07:16,NETV,RG,695,10,D,PD,MG,D
15:07:16,NETV,RG,695,18,D,XC,MG,D
15:07:16,NETV,RG,695,50,D,XC,MG,D
15:07:16,NETV,RG,695,68,D,XC,MG,D
15:07:14,NETV,RG,695,74,D,XC,XC,D
15:07:12,NETV,RG,695,1,D,XC,PD,D
15:07:11,NETV,RG,695,2,D,XC,YP,D
15:07:10,NETV,RG,695,16,D,XC,PD,D
15:07:03,NETV,RG,695,1,D,XC,XC,D
15:07:03,NETV,RG,695,219,D,XC,IF,D
15:06:56,NETV,RG,695,100,D,XC,NI,D
15:06:48,NETV,RG,695,19,D,XC,BQ,D
15:06:48,NETV,RG,695,25,D,YP,BQ,D
15:06:48,NETV,RG,695,6,D,PD,BQ,D
15:06:46,NETV,RG,695,4,D,PD,XC,D
15:06:46,NETV,RG,695,20,D,YP,XC,D
15:06:46,NETV,RG,695,26,D,SH,XC,D
15:06:45,NETV,RG,695,1,D,SH,YP,D
15:06:36,NETV,RG,695,1,D,SH,XC,D
15:06:33,NETV,RG,695,50,D,SH,DH,D
15:06:33,NETV,RG,695,655,D,SH,CC,D
15:06:32,NETV,RG,695,200,D,SH,XC,D
15:06:32,NETV,RG,695,1,D,SH,PD,D
15:06:30,NETV,RG,695,4,D,SH,DH,D
15:06:18,NETV,RG,695,1,D,SH,XL,D
15:06:16,NETV,RG,695,100,D,SH,PD,D
15:06:15,NETV,RG,695,24,D,SH,XC,D
15:06:13,NETV,RG,695,100,D,SH,GR,D
15:06:09,NETV,RG,695,10,D,SH,GR,D
15:05:51,NETV,RG,695,14,D,SH,XC,D
15:05:48,NETV,RG,695,2,D,SH,PD,D
15:05:43,NETV,RG,695,6,D,SH,YP,D
15:05:43,NETV,RG,695,30,D,SH,KK,D
15:05:43,NETV,RG,695,5,D,SH,YP,D
15:05:42,NETV,RG,695,1,D,SH,XC,D
15:05:37,NETV,RG,695,800,D,SH,PD,D
15:05:34,NETV,RG,695,14,D,SH,XC,D
15:05:26,NETV,RG,695,10,D,SH,ZP,D
15:05:25,NETV,RG,695,1,D,SH,XC,D
15:05:20,NETV,RG,695,200,D,SH,ZP,D
15:05:19,NETV,RG,695,2,D,SH,BQ,D
15:05:19,NETV,RG,695,300,D,SH,YU,D
15:05:16,NETV,RG,695,25,D,SH,CC,D
15:05:12,NETV,RG,695,2,D,SH,YP,D
15:05:09,NETV,RG,695,3,D,SH,DH,D
15:05:09,NETV,RG,695,12,D,SH,XC,D
15:05:08,NETV,RG,695,75,D,SH,YU,D
15:05:06,NETV,RG,695,12,D,SH,XL,D
15:05:05,NETV,RG,695,100,D,SH,AG,D
15:05:05,NETV,RG,695,3,D,SH,BQ,D
15:05:03,NETV,RG,695,10,D,SH,XL,D
15:04:58,NETV,RG,695,23,D,SH,XL,D
15:04:55,NETV,RG,695,20,D,SH,YP,D
15:04:50,NETV,RG,695,10,D,SH,PD,D
15:04:49,NETV,RG,695,25,D,SH,GR,D
15:04:44,NETV,RG,695,2,D,SH,DH,D
15:04:41,NETV,RG,695,2,D,SH,XC,D
15:04:41,NETV,RG,695,10,D,SH,PD,D
15:04:40,NETV,RG,695,50,D,SH,YU,D
15:04:39,NETV,RG,695,58,D,SH,KK,D
15:04:39,NETV,RG,695,5,D,CC,KK,D
15:04:39,NETV,RG,695,1,D,AZ,KK,D
15:04:39,NETV,RG,695,36,D,PD,KK,D
15:04:36,NETV,RG,695,5,D,PD,CC,D
15:04:36,NETV,RG,695,87,D,PD,EP,D
15:04:36,NETV,RG,695,32,D,PD,XC,D
15:04:36,NETV,RG,695,20,D,PD,PD,D
15:04:33,NETV,RG,695,20,D,PD,CC,D
15:04:33,NETV,RG,695,59,D,CC,CC,D
15:04:29,NETV,RG,695,21,D,CC,XC,D
15:04:28,NETV,RG,695,10,D,CC,XA,D
15:04:27,NETV,RG,695,2,D,CC,XC,D
15:04:22,NETV,RG,695,1,D,CC,XC,D
15:04:17,NETV,RG,695,10,D,CC,DH,D
15:04:16,NETV,RG,695,22,D,CC,XC,D
15:04:16,NETV,RG,695,13,D,OD,XC,D
15:04:16,NETV,RG,695,39,D,YP,XC,D
15:04:12,NETV,RG,695,10,D,YP,XA,D
15:04:11,NETV,RG,695,100,D,YP,SQ,D
15:04:09,NETV,RG,695,107,D,YP,XC,D
15:04:09,NETV,RG,695,4,D,YP,YP,D
15:04:05,NETV,RG,695,25,D,YP,YP,D
15:04:02,NETV,RG,695,8,D,YP,HP,D
15:04:01,NETV,RG,695,1,D,YP,XC,D
15:03:59,NETV,RG,695,6,D,YP,YP,D
15:03:59,NETV,RG,695,10,D,BQ,YP,D
15:03:59,NETV,RG,695,88,D,MK,YP,D
15:03:59,NETV,RG,695,36,D,CC,YP,D
15:03:56,NETV,RG,695,5,D,CC,DH,D
15:03:56,NETV,RG,695,10,D,CC,XC,D
15:03:56,NETV,RG,695,49,D,CC,XC,D
15:03:56,NETV,RG,695,5,D,KK,XC,D
15:03:56,NETV,RG,695,250,D,YP,XC,D
15:03:56,NETV,RG,695,100,D,SQ,XC,D
15:03:56,NETV,RG,695,3,D,XC,XC,D
15:03:56,NETV,RG,695,10,D,KK,XC,D
15:03:56,NETV,RG,695,5,D,XL,XC,D
15:03:56,NETV,RG,695,2,D,XC,XC,D
15:03:56,NETV,RG,695,20,D,YP,XC,D
15:03:56,NETV,RG,695,7,D,XA,XC,D
15:03:56,NETV,RG,695,50,D,XC,XC,D
15:03:56,NETV,RG,695,2,D,XC,XC,D
15:03:56,NETV,RG,695,78,D,YU,XC,D
15:03:55,NETV,RG,695,40,D,YU,KK,D
15:03:54,NETV,RG,695,30,D,YU,KK,D
15:03:53,NETV,RG,695,21,D,YU,PD,D
15:03:50,NETV,RG,695,81,D,YU,XA,D
15:03:50,NETV,RG,695,2,D,PD,XA,D
15:03:50,NETV,RG,695,10,D,CC,XA,D
15:03:50,NETV,RG,695,600,D,YP,XA,D
15:03:50,NETV,RG,695,10,D,ZP,XA,D
15:03:50,NETV,RG,695,21,D,XC,XA,D
15:03:50,NETV,RG,695,50,D,YP,XA,D
15:03:50,NETV,RG,695,16,D,XC,XA,D
15:03:50,NETV,RG,695,10,D,XC,XA,D
15:03:50,NETV,RG,695,1,D,MK,XA,D
15:03:50,NETV,RG,695,500,D,PD,XA,D
15:03:50,NETV,RG,695,100,D,BQ,XA,D
15:03:50,NETV,RG,695,7,D,PD,XA,D
15:03:50,NETV,RG,695,13,D,PD,HP,D
15:03:50,NETV,RG,695,12,D,AI,HP,D
15:03:49,NETV,RG,695,10,D,AI,KK,D
15:03:47,NETV,RG,695,78,D,AI,YP,D
15:03:47,NETV,RG,695,57,D,CC,YP,D
15:03:41,NETV,RG,695,4,D,CC,XC,D
15:03:39,NETV,RG,695,2,D,CC,YU,D
15:03:37,NETV,RG,695,1000,D,CC,CC,D
15:03:36,NETV,RG,695,3,D,CC,DH,D
15:03:35,NETV,RG,695,14,D,CC,PD,D
15:03:31,NETV,RG,695,90,D,CC,XA,D
15:03:31,NETV,RG,695,100,D,CC,YB,D
15:03:29,NETV,RG,695,100,D,CC,XC,D
15:03:28,NETV,RG,695,10,D,CC,PD,D
15:03:23,NETV,RG,695,64,D,CC,KK,D
15:03:20,NETV,RG,695,1,D,CC,YP,D
15:03:19,NETV,RG,695,14,D,CC,YP,D
15:03:19,NETV,RG,695,10,D,CC,DR,D
15:03:19,NETV,RG,695,7,D,CC,DR,D
15:03:18,NETV,RG,695,100,D,CC,PD,D
15:03:17,NETV,RG,695,2,D,CC,CC,D
15:03:17,NETV,RG,695,16,D,CC,XC,D
15:03:17,NETV,RG,695,200,D,CC,KK,D
15:03:15,NETV,RG,695,100,D,CC,KK,D
15:03:14,NETV,RG,695,194,D,CC,PD,D
15:03:13,NETV,RG,695,10,D,CC,GR,D
15:03:13,NETV,RG,695,10,D,CC,CC,D
15:03:13,NETV,RG,695,1,D,CC,YP,D
15:03:12,NETV,RG,695,200,D,CC,YP,D
15:03:12,NETV,RG,695,5,D,CC,DH,D
15:03:11,NETV,RG,695,8,D,CC,XC,D
15:03:11,NETV,RG,695,13,D,CC,YP,D
15:03:09,NETV,RG,695,40,D,CC,XC,D
15:03:08,NETV,RG,695,1,D,CC,YP,D
15:03:07,NETV,RG,695,11,D,CC,AI,D
15:03:07,NETV,RG,695,2,D,YP,AI,D
15:03:07,NETV,RG,695,16,D,XC,AI,D
15:03:07,NETV,RG,695,50,D,NI,AI,D
15:03:07,NETV,RG,695,1,D,YP,AI,D
15:03:07,NETV,RG,695,3,D,PD,AI,D
15:03:07,NETV,RG,695,2,D,PD,AI,D
15:03:07,NETV,RG,695,415,D,YP,AI,D
15:03:04,NETV,RG,695,50,D,YP,CC,D
15:03:03,NETV,RG,695,35,D,YP,LG,D
15:03:03,NETV,RG,695,100,D,YP,LG,D
15:03:03,NETV,RG,695,5,D,DR,LG,D
15:03:03,NETV,RG,695,14,D,PD,LG,D
15:03:03,NETV,RG,695,2,D,PD,LG,D
15:03:03,NETV,RG,695,2,D,PD,LG,D
15:03:03,NETV,RG,695,5,D,EP,LG,D
15:03:03,NETV,RG,695,2,D,CC,LG,D
15:03:03,NETV,RG,695,50,D,KK,LG,D
15:03:03,NETV,RG,695,15,D,YP,LG,D
15:03:03,NETV,RG,695,2,D,GR,LG,D
15:03:03,NETV,RG,695,50,D,YP,LG,D
15:03:03,NETV,RG,695,10,D,NI,LG,D
15:03:03,NETV,RG,695,50,D,CC,LG,D
15:03:03,NETV,RG,695,106,D,XC,LG,D
15:03:03,NETV,RG,695,10,D,CC,LG,D
15:03:03,NETV,RG,695,240,D,XC,LG,D
15:03:03,NETV,RG,695,1,D,YP,LG,D
15:03:03,NETV,RG,695,2,D,KK,LG,D
15:03:03,NETV,RG,695,1,D,XC,LG,D
15:03:03,NETV,RG,695,20,D,KK,LG,D
15:03:03,NETV,RG,695,8,D,XA,LG,D
15:03:03,NETV,RG,695,10,D,AN,LG,D
15:03:03,NETV,RG,695,10,D,YP,LG,D
15:03:03,NETV,RG,695,100,D,KK,LG,D
15:03:03,NETV,RG,695,5,D,XC,LG,D
15:03:03,NETV,RG,695,1,D,DR,LG,D
15:03:03,NETV,RG,695,50,D,CC,LG,D
15:03:03,NETV,RG,695,2,D,CC,LG,D
15:03:03,NETV,RG,695,935,D,CC,LG,D
15:03:03,NETV,RG,695,264,D,YP,LG,D
15:03:03,NETV,RG,695,1083,D,MG,LG,D
15:03:00,NETV,RG,695,20,D,MG,HP,D
15:02:55,NETV,RG,695,20,D,MG,XA,D
15:02:53,NETV,RG,695,3,D,MG,HP,D
15:02:53,NETV,RG,695,10,D,MG,XC,D
15:02:52,NETV,RG,695,50,D,MG,MK,D
15:02:50,NETV,RG,695,10,D,MG,KK,D
15:02:47,NETV,RG,695,40,D,MG,YP,D
15:02:46,NETV,RG,695,7,D,MG,XC,D
15:02:42,NETV,RG,695,1000,D,MG,PC,D
15:02:40,NETV,RG,695,100,D,MG,YP,D
15:02:40,NETV,RG,695,10,D,MG,PD,D
15:02:37,NETV,RG,695,200,D,MG,CC,D
15:02:37,NETV,RG,695,15,D,MG,XC,D
15:02:36,NETV,RG,695,110,D,MG,XC,D
15:02:33,NETV,RG,695,1,D,MG,YP,D
15:02:33,NETV,RG,695,10,D,MG,YP,D
15:02:31,NETV,RG,695,50,D,MG,SQ,D
15:02:31,NETV,RG,695,50,D,MG,CC,D
15:02:30,NETV,RG,695,7,D,MG,XC,D
15:02:28,NETV,RG,695,9,D,MG,XC,D
15:02:27,NETV,RG,695,1,D,MG,KK,D
15:02:26,NETV,RG,695,3,D,MG,XC,D
15:02:25,NETV,RG,695,1,D,MG,CC,D
15:02:21,NETV,RG,695,200,D,MG,FZ,D
15:02:21,NETV,RG,695,10,D,MG,DH,D
15:02:21,NETV,RG,695,12,D,MG,PD,D
15:02:20,NETV,RG,695,15,D,MG,XC,D
15:02:20,NETV,RG,695,50,D,MG,YP,D
15:02:18,NETV,RG,695,10,D,MG,YP,D
15:02:18,NETV,RG,695,100,D,MG,YB,D
15:02:17,NETV,RG,695,7,D,MG,XC,D
15:02:17,NETV,RG,695,8,D,MG,XC,D
15:02:16,NETV,RG,695,22,D,MG,XC,D
15:02:14,NETV,RG,695,20,D,MG,PD,D
15:02:12,NETV,RG,695,35,D,MG,XC,D
15:02:11,NETV,RG,695,926,D,MG,YP,D
15:02:09,NETV,RG,695,443,D,MG,XC,D
15:02:09,NETV,RG,695,5,D,MG,KK,D
15:02:09,NETV,RG,695,1,D,MG,DR,D
15:02:08,NETV,RG,695,200,D,MG,YP,D
15:02:08,NETV,RG,695,2,D,MG,NI,D
15:02:08,NETV,RG,695,50,D,MG,CC,D
15:02:08,NETV,RG,695,5,D,MG,PD,D
15:02:07,NETV,RG,695,5,D,MG,XC,D
15:02:07,NETV,RG,695,20,D,MG,XC,D
15:02:06,NETV,RG,695,44,D,MG,CC,D
15:02:06,NETV,RG,695,4,D,PD,CC,D
15:02:06,NETV,RG,695,109,D,LG,CC,D
15:02:06,NETV,RG,695,843,D,MG,CC,D
15:02:05,NETV,RG,695,4,D,MG,PD,D
15:02:05,NETV,RG,695,200,D,MG,YP,D
15:02:05,NETV,RG,695,3,D,MG,YP,D
15:02:04,NETV,RG,695,8,D,MG,XC,D
15:02:03,NETV,RG,695,442,D,MG,XA,D
15:02:03,NETV,RG,695,100,D,YB,XA,D
15:02:03,NETV,RG,695,2,D,PD,XA,D
15:02:03,NETV,RG,695,160,D,DR,XA,D
15:02:02,NETV,RG,695,75,D,DR,PD,D
15:02:02,NETV,RG,695,100,D,DR,AT,D
15:02:01,NETV,RG,695,65,D,DR,PD,D
15:02:01,NETV,RG,695,100,D,YP,PD,D
15:02:01,NETV,RG,695,50,D,AG,PD,D
15:02:01,NETV,RG,695,285,D,GR,PD,D
15:01:59,NETV,RG,695,165,D,GR,EP,D
15:01:59,NETV,RG,695,13,D,XC,EP,D
15:01:58,NETV,RG,695,95,D,XC,KK,D
15:01:58,NETV,RG,695,28,D,XC,XC,D
15:01:57,NETV,RG,695,20,D,XC,YP,D
15:01:55,NETV,RG,695,1,D,XC,XL,D
15:01:55,NETV,RG,695,3,D,XC,YP,D
15:01:55,NETV,RG,695,5,D,XC,YP,D
15:01:52,NETV,RG,695,20,D,XC,KK,D
15:01:51,NETV,RG,695,63,D,XC,AT,D
15:01:51,NETV,RG,695,87,D,YP,AT,D
15:01:51,NETV,RG,695,87,D,YP,XA,D
15:01:51,NETV,RG,695,27,D,YP,YP,D
15:01:51,NETV,RG,695,29,D,YP,YP,D
15:01:51,NETV,RG,695,700,D,YP,YP,D
15:01:51,NETV,RG,695,2,D,YJ,YP,D
15:01:51,NETV,RG,695,300,D,AT,YP,D
15:01:51,NETV,RG,695,22,D,KK,YP,D
15:01:51,NETV,RG,695,5,D,NI,YP,D
15:01:51,NETV,RG,695,3,D,XC,YP,D
15:01:51,NETV,RG,695,20,D,XC,YP,D
15:01:51,NETV,RG,695,50,D,PD,YP,D
15:01:51,NETV,RG,695,1,D,XC,YP,D
15:01:51,NETV,RG,695,93,D,KI,YP,D
15:01:50,NETV,RG,695,100,D,KI,YJ,D
15:01:49,NETV,RG,695,20,D,KI,YP,D
15:01:47,NETV,RG,695,20,D,KI,DR,D
15:01:47,NETV,RG,695,267,D,KI,XA,D
15:01:47,NETV,RG,695,2,D,YP,XA,D
15:01:47,NETV,RG,695,1,D,XC,XA,D
15:01:47,NETV,RG,695,20,D,XC,XA,D
15:01:47,NETV,RG,695,250,D,CP,XA,D
15:01:47,NETV,RG,695,100,D,BQ,XA,D
15:01:47,NETV,RG,695,20,D,AT,XA,D
15:01:47,NETV,RG,695,10,D,XC,XA,D
15:01:47,NETV,RG,695,100,D,YP,XA,D
15:01:47,NETV,RG,695,20,D,PD,XA,D
15:01:47,NETV,RG,695,40,D,XC,XA,D
15:01:47,NETV,RG,695,1,D,XC,XA,D
15:01:47,NETV,RG,695,2,D,XC,XA,D
15:01:47,NETV,RG,695,61,D,YP,XA,D
15:01:47,NETV,RG,695,3,D,DR,XA,D
15:01:47,NETV,RG,695,20,D,NI,XA,D
15:01:47,NETV,RG,695,100,D,PD,XA,D
15:01:47,NETV,RG,695,20,D,XC,XA,D
15:01:47,NETV,RG,695,2,D,PD,XA,D
15:01:47,NETV,RG,695,20,D,XC,XA,D
15:01:47,NETV,RG,695,92,D,XC,XA,D
15:01:47,NETV,RG,695,1,D,YP,XA,D
15:01:47,NETV,RG,695,34,D,CP,XA,D
15:01:45,NETV,RG,695,86,D,CP,XA,D
15:01:45,NETV,RG,695,130,D,CP,PD,D
15:01:45,NETV,RG,695,1,D,CC,PD,D
15:01:45,NETV,RG,695,10,D,YP,PD,D
15:01:45,NETV,RG,695,1,D,YP,PD,D
15:01:45,NETV,RG,695,200,D,XA,PD,D
15:01:45,NETV,RG,695,1,D,YB,PD,D
15:01:45,NETV,RG,695,10,D,YB,PD,D
15:01:45,NETV,RG,695,1,D,YP,PD,D
15:01:45,NETV,RG,695,92,D,NI,PD,D
15:01:45,NETV,RG,695,1,D,YP,PD,D
15:01:45,NETV,RG,695,2,D,PD,PD,D
15:01:45,NETV,RG,695,250,D,YP,PD,D
15:01:45,NETV,RG,695,801,D,YP,PD,D
15:01:45,NETV,RG,695,250,D,YP,YU,D
15:01:44,NETV,RG,695,27,D,YP,XC,D
15:01:42,NETV,RG,695,242,D,YP,SQ,D
15:01:42,NETV,RG,695,19,D,YP,PD,D
15:01:40,NETV,RG,695,100,D,YP,PD,D
15:01:39,NETV,RG,695,61,D,YP,PD,D
15:01:39,NETV,RG,695,7,D,XL,PD,D
15:01:39,NETV,RG,695,30,D,PD,PD,D
15:01:39,NETV,RG,695,500,D,YP,PD,D
15:01:39,NETV,RG,695,1,D,PD,PD,D
15:01:39,NETV,RG,695,151,D,CP,PD,D
15:01:39,NETV,RG,695,5,D,CP,BQ,D
15:01:38,NETV,RG,695,20,D,CP,DR,D
15:01:37,NETV,RG,695,60,D,CP,YP,D
15:01:36,NETV,RG,695,12,D,CP,YP,D
15:01:36,NETV,RG,695,125,D,CP,NI,D
15:01:36,NETV,RG,695,10,D,CP,DH,D
15:01:36,NETV,RG,695,10,D,CP,YP,D
15:01:34,NETV,RG,695,50,D,CP,XC,D
15:01:33,NETV,RG,695,26,D,CP,YP,D
15:01:33,NETV,RG,695,429,D,CP,XA,D
15:01:32,NETV,RG,695,102,D,CP,MK,D
15:01:32,NETV,RG,695,398,D,YB,MK,D
15:01:31,NETV,RG,695,100,D,YB,XA,D
15:01:30,NETV,RG,695,1460,D,YB,XA,D
15:01:30,NETV,RG,695,2000,D,YB,BQ,D
15:01:28,NETV,RG,695,13,D,YB,YP,D
15:01:28,NETV,RG,695,265,D,YB,PD,D
15:01:28,NETV,RG,695,10,D,YB,ZP,D
15:01:27,NETV,RG,695,5,D,YB,YP,D
15:01:26,NETV,RG,695,50,D,YB,YP,D
15:01:26,NETV,RG,695,10,D,YB,NI,D
15:01:26,NETV,RG,695,101,D,YB,XA,D
15:01:24,NETV,RG,695,588,D,YB,MG,D
15:01:24,NETV,RG,695,14,D,XC,MG,D
15:01:24,NETV,RG,695,26,D,XA,MG,D
15:01:24,NETV,RG,695,1000,D,YP,MG,D
15:01:24,NETV,RG,695,10,D,YU,MG,D
15:01:24,NETV,RG,695,73,D,YP,MG,D
15:01:24,NETV,RG,695,15,D,YB,MG,D
15:01:24,NETV,RG,695,29,D,YP,MG,D
15:01:24,NETV,RG,695,71,D,YP,MG,D
15:01:24,NETV,RG,695,50,D,XC,MG,D
15:01:24,NETV,RG,695,50,D,YP,MG,D
15:01:24,NETV,RG,695,10,D,YP,MG,D
15:01:24,NETV,RG,695,64,D,XC,MG,D
15:01:23,NETV,RG,695,10,D,XC,YP,D
15:01:23,NETV,RG,695,41,D,XC,CC,D
15:01:23,NETV,RG,695,20,D,XC,CC,D
15:01:21,NETV,RG,695,1,D,XC,XC,D
15:01:20,NETV,RG,695,10,D,XC,YP,D
15:01:20,NETV,RG,695,20,D,CC,YP,D
15:01:20,NETV,RG,695,10,D,BQ,YP,D
15:01:20,NETV,RG,695,105,D,YU,YP,D
15:01:20,NETV,RG,695,6,D,YU,YP,D
15:01:20,NETV,RG,695,89,D,YU,YP,D
15:01:20,NETV,RG,695,2,D,BQ,YP,D
15:01:19,NETV,RG,695,100,D,YP,YP,D
15:01:19,NETV,RG,695,50,D,KK,YP,D
15:01:18,NETV,RG,695,9,D,YP,YP,D
15:01:18,NETV,RG,695,32,D,YP,YP,D
15:01:18,NETV,RG,695,10,D,XA,YP,D
15:01:18,NETV,RG,695,1,D,XC,YP,D
15:01:16,NETV,RG,695,1707,D,MK,YP,D
15:01:16,NETV,RG,695,20,D,MK,YP,D
15:01:16,NETV,RG,695,154,D,MK,YP,D
15:01:16,NETV,RG,695,15,D,MK,DH,D
15:01:16,NETV,RG,695,200,D,MK,DH,D
15:01:16,NETV,RG,695,80,D,MK,BQ,D
15:01:16,NETV,RG,695,50,D,MK,XC,D
15:01:16,NETV,RG,695,14,D,MK,DR,D
15:01:16,NETV,RG,695,6,D,MK,YP,D
15:01:16,NETV,RG,695,25,D,MK,YP,D
15:01:16,NETV,RG,695,50,D,MK,YP,D
15:01:16,NETV,RG,695,40,D,MK,AT,D
15:01:16,NETV,RG,695,10,D,MK,YP,D
15:01:16,NETV,RG,695,129,D,MK,MG,D
15:01:16,NETV,RG,695,1,D,YP,MG,D
15:01:16,NETV,RG,695,2,D,YP,MG,D
15:01:16,NETV,RG,695,10,D,YP,MG,D
15:01:16,NETV,RG,695,58,D,YJ,MG,D
15:01:16,NETV,RG,695,100,D,YJ,YP,D
15:01:16,NETV,RG,695,100,D,YJ,ZP,D
15:01:16,NETV,RG,695,150,D,YJ,YP,D
15:01:16,NETV,RG,695,5,D,YJ,YP,D
15:01:16,NETV,RG,695,10,D,YJ,XC,D
15:01:16,NETV,RG,695,31,D,YJ,XC,D
15:01:16,NETV,RG,695,60,D,YJ,PD,D
15:01:16,NETV,RG,695,12,D,YJ,XC,D
15:01:16,NETV,RG,695,45,D,YJ,PD,D
15:01:16,NETV,RG,695,1929,D,YJ,YP,D
15:01:16,NETV,RG,695,10,D,XC,YP,D
15:01:15,NETV,RG,695,70,D,NI,YP,D
15:01:15,NETV,RG,695,55,D,ZP,YP,D
15:01:15,NETV,RG,695,100,D,CC,YP,D
15:01:15,NETV,RG,695,80,D,YP,YP,D
15:01:15,NETV,RG,695,1,D,YP,YP,D
15:01:14,NETV,RG,695,250,D,HP,YP,D
15:01:13,NETV,RG,695,1,D,XC,YP,D
15:01:13,NETV,RG,695,3,D,PD,YP,D
15:01:13,NETV,RG,695,10,D,AT,YP,D
15:01:13,NETV,RG,695,1,D,YP,YP,D
15:01:13,NETV,RG,695,3190,D,LG,YP,D
15:01:13,NETV,RG,695,15,D,PD,YP,D
15:01:12,NETV,RG,695,1,D,XC,YP,D
15:01:12,NETV,RG,695,50,D,YP,YP,D
15:01:12,NETV,RG,695,1,D,YP,YP,D
15:01:11,NETV,RG,695,10,D,YP,YP,D
15:01:11,NETV,RG,695,5,D,CC,YP,D
15:01:10,NETV,RG,695,30,D,PD,YP,D
15:01:10,NETV,RG,695,50,D,YP,YP,D
15:01:09,NETV,RG,695,1,D,YP,YP,D
15:01:09,NETV,RG,695,31,D,YP,YP,D
15:01:09,NETV,RG,695,1,D,YP,YP,D
15:01:07,NETV,RG,695,91,D,YP,YP,D
15:01:07,NETV,RG,695,5000,D,YJ,YP,D
15:01:06,NETV,RG,695,200,D,NI,YP,D
15:01:01,NETV,RG,695,238,D,NI,YP,D
15:01:01,NETV,RG,695,1,D,XC,YP,D
15:01:01,NETV,RG,695,31,D,XC,YP,D
15:01:01,NETV,RG,695,5,D,BQ,YP,D
15:01:01,NETV,RG,695,100,D,BQ,YP,D
15:01:01,NETV,RG,695,500,D,YB,YP,D
15:01:01,NETV,RG,695,20,D,MK,YP,D
15:01:01,NETV,RG,695,30,D,MK,YP,D
15:01:01,NETV,RG,695,50,D,YB,YP,D
15:01:01,NETV,RG,695,100,D,XA,YP,D
15:01:01,NETV,RG,695,100,D,GR,YP,D
15:01:01,NETV,RG,695,100,D,GR,YP,D
15:01:01,NETV,RG,695,2000,D,CP,YP,D
15:01:01,NETV,RG,695,10000,D,MG,YP,D
15:01:01,NETV,RG,695,15,D,AZ,YP,D
15:01:01,NETV,RG,695,10000,D,MG,YP,D
15:01:01,NETV,RG,695,4,D,YP,YP,D
15:01:01,NETV,RG,695,5,D,YP,YP,D
15:01:01,NETV,RG,695,32,D,SQ,YP,D
15:01:01,NETV,RG,695,5,D,YP,YP,D
15:01:01,NETV,RG,695,71,D,YP,YP,D
15:01:01,NETV,RG,695,150,D,EP,YP,D
15:01:01,NETV,RG,695,5,D,YP,YP,D
15:01:01,NETV,RG,695,1830,D,BQ,YP,D
15:01:00,NETV,RG,695,100,D,BQ,NI,D
15:01:00,NETV,RG,695,70,D,BQ,AN,D
15:01:00,NETV,RG,695,30,D,BQ,AN,D
15:00:00,NETV,RG,695,50,D,YP,DH,D
15:00:00,NETV,RG,695,70,D,YP,XL,D
15:00:00,NETV,RG,695,39,D,YP,PD,D
15:00:00,NETV,RG,695,10,D,YP,KK,D
15:00:00,NETV,RG,695,2,D,YP,YP,D
15:00:00,NETV,RG,695,71,D,YP,YP,D
15:00:00,NETV,RG,695,3,D,YP,XC,D
15:00:00,NETV,RG,695,5,D,YP,PD,D
15:00:00,NETV,RG,695,155,D,YP,KK,D
15:00:00,NETV,RG,695,22,D,YP,XC,D
15:00:00,NETV,RG,695,100,D,YP,YP,D
15:00:00,NETV,RG,695,130,D,YP,HP,D
15:00:00,NETV,RG,695,1300,D,YP,KK,D
15:00:00,NETV,RG,695,7,D,YP,YP,D
15:00:00,NETV,RG,695,5,D,YP,YP,D
15:00:00,NETV,RG,695,397,D,YP,XL,D
15:00:00,NETV,RG,695,7,D,YP,XL,D
15:00:00,NETV,RG,695,50,D,YP,YP,D
15:00:00,NETV,RG,695,200,D,YP,YP,D
15:00:00,NETV,RG,695,15,D,YP,EP,D
15:00:00,NETV,RG,695,20,D,YP,PD,D
15:00:00,NETV,RG,695,1,D,YP,YP,D
15:00:00,NETV,RG,695,100,D,YP,CC,D
15:00:00,NETV,RG,695,80,D,YP,CC,D
15:00:00,NETV,RG,695,60,D,YP,YP,D
15:00:00,NETV,RG,695,15,D,YP,DR,D
15:00:00,NETV,RG,695,10,D,YP,PD,D
15:00:00,NETV,RG,695,100,D,YP,YP,D
15:00:00,NETV,RG,695,100,D,YP,YP,D
15:00:00,NETV,RG,695,1,D,YP,XC,D
15:00:00,NETV,RG,695,20,D,YP,LG,D
15:00:00,NETV,RG,695,11,D,YP,YP,D
15:00:00,NETV,RG,695,2000,D,YP,DX,D
15:00:00,NETV,RG,695,10,D,YP,PD,D
15:00:00,NETV,RG,695,8,D,YP,PD,D
15:00:00,NETV,RG,695,50,D,YP,DH,D
15:00:00,NETV,RG,695,1,D,YP,YP,D
15:00:00,NETV,RG,695,100,D,YP,CC,D
15:00:00,NETV,RG,695,5,D,YP,CC,D
15:00:00,NETV,RG,695,8,D,YP,YP,D
15:00:00,NETV,RG,695,32,D,YP,PD,D
15:00:00,NETV,RG,695,400,D,YP,CC,D
15:00:00,NETV,RG,695,10,D,YP,HP,D
15:00:00,NETV,RG,695,100,D,YP,YP,D
15:00:00,NETV,RG,695,20,D,YP,PD,D
15:00:00,NETV,RG,695,1,D,YP,YP,D
15:00:00,NETV,RG,695,25,D,YP,XC,D
15:00:00,NETV,RG,695,30,D,YP,FZ,D
15:00:00,NETV,RG,695,10,D,YP,YP,D
15:00:00,NETV,RG,695,2000,D,YP,AG,D
15:00:00,NETV,RG,695,18,D,YP,XL,D
15:00:00,NETV,RG,695,20,D,YP,YP,D
15:00:00,NETV,RG,695,100,D,YP,CC,D
15:00:00,NETV,RG,695,509,D,YP,YP,D
15:00:00,NETV,RG,695,1,D,YP,XC,D
15:00:00,NETV,RG,695,10,D,YP,DR,D
15:00:00,NETV,RG,695,3,D,YP,YP,D
15:00:00,NETV,RG,695,10,D,YP,KK,D
15:00:00,NETV,RG,695,500,D,YP,DR,D
15:00:00,NETV,RG,695,10,D,YP,DR,D
15:00:00,NETV,RG,695,10,D,YP,XC,D
15:00:00,NETV,RG,695,20,D,YP,AZ,D
15:00:00,NETV,RG,695,27,D,YP,XA,D
15:00:00,NETV,RG,695,210,D,YP,AZ,D
15:00:00,NETV,RG,695,10,D,YP,YP,D
15:00:00,NETV,RG,695,100,D,YP,NI,D
15:00:00,NETV,RG,695,2,D,YP,BQ,D
15:00:00,NETV,RG,695,100,D,YP,XA,D
15:00:00,NETV,RG,695,20,D,YP,YP,D
15:00:00,NETV,RG,695,250,D,YP,NI,D
15:00:00,NETV,RG,695,2,D,YP,BQ,D
15:00:00,NETV,RG,695,200,D,YP,EP,D
15:00:00,NETV,RG,695,1150,D,YP,LG,D
15:00:00,NETV,RG,695,10,D,YP,XC,D
15:00:00,NETV,RG,695,2,D,YP,XC,D
15:00:00,NETV,RG,695,100,D,YP,YP,D
15:00:00,NETV,RG,695,20,D,YP,XC,D
15:00:00,NETV,RG,695,50,D,YP,XC,D
15:00:00,NETV,RG,695,20,D,YP,AT,D
15:00:00,NETV,RG,695,20,D,YP,YP,D
15:00:00,NETV,RG,695,10,D,YP,YP,D
15:00:00,NETV,RG,695,40,D,YP,XC,D
15:00:00,NETV,RG,695,6,D,YP,YP,D
15:00:00,NETV,RG,695,8,D,YP,XC,D
15:00:00,NETV,RG,695,100,D,YP,DR,D
15:00:00,NETV,RG,695,157,D,YP,XC,D
15:00:00,NETV,RG,695,500,D,YP,KK,D
15:00:00,NETV,RG,695,1,D,YP,XC,D
15:00:00,NETV,RG,695,1,D,YP,XC,D
15:00:00,NETV,RG,695,83,D,YP,XL,D
15:00:00,NETV,RG,695,200,D,YP,PD,D
15:00:00,NETV,RG,695,50,D,YP,SQ,D
15:00:00,NETV,RG,695,30,D,YP,AZ,D
15:00:00,NETV,RG,695,15,D,YP,CC,D
15:00:00,NETV,RG,695,5,D,YP,YP,D
15:00:00,NETV,RG,695,50,D,YP,CC,D
15:00:00,NETV,RG,695,20,D,YP,AZ,D
15:00:00,NETV,RG,695,1,D,YP,YP,D
15:00:00,NETV,RG,695,5,D,YP,XC,D
15:00:00,NETV,RG,695,4,D,YP,YP,D
15:00:00,NETV,RG,695,888,D,YP,DR,D
15:00:00,NETV,RG,695,8,D,YP,NI,D
15:00:00,NETV,RG,695,50,D,YP,YP,D
15:00:00,NETV,RG,695,300,D,YP,NI,D
15:00:00,NETV,RG,695,9,D,YP,XC,D
15:00:00,NETV,RG,695,15,D,YP,KK,D
15:00:00,NETV,RG,695,10,D,YP,BQ,D
15:00:00,NETV,RG,695,2,D,YP,BQ,D
15:00:00,NETV,RG,695,20,D,YP,AZ,D
15:00:00,NETV,RG,695,10,D,YP,NI,D
15:00:00,NETV,RG,695,10,D,YP,NI,D
15:00:00,NETV,RG,695,10,D,YP,NI,D
15:00:00,NETV,RG,695,1,D,YP,NI,D
15:00:00,NETV,RG,695,77,D,YP,CC,D
15:00:00,NETV,RG,695,5,D,YP,HP,D
15:00:00,NETV,RG,695,45,D,YP,YP,D
15:00:00,NETV,RG,695,9,D,YP,NI,D
15:00:00,NETV,RG,695,150,D,YP,PD,D
15:00:00,NETV,RG,695,50,D,YP,KK,D
15:00:00,NETV,RG,695,10,D,YP,PD,D
15:00:00,NETV,RG,695,50,D,YP,DR,D
15:00:00,NETV,RG,695,45,D,YP,PD,D
15:00:00,NETV,RG,695,12,D,YP,PD,D
15:00:00,NETV,RG,695,10,D,YP,PD,D
15:00:00,NETV,RG,695,100,D,YP,CC,D
15:00:00,NETV,RG,695,5,D,YP,CC,D
15:00:00,NETV,RG,695,1,D,YP,XC,D
15:00:00,NETV,RG,695,1,D,YP,YP,D
15:00:00,NETV,RG,695,1,D,YP,YP,D
15:00:00,NETV,RG,695,5,D,YP,CC,D
15:00:00,NETV,RG,695,2,D,YP,XC,D
15:00:00,NETV,RG,695,70,D,YP,YP,D
15:00:00,NETV,RG,695,500,D,YP,YP,D
15:00:00,NETV,RG,695,10,D,YP,HP,D
15:00:00,NETV,RG,695,10,D,YP,HP,D
15:00:00,NETV,RG,695,50,D,YP,YP,D
15:00:00,NETV,RG,695,25,D,YP,YP,D
15:00:00,NETV,RG,695,30,D,YP,FZ,D
15:00:00,NETV,RG,695,1,D,YP,PD,D
15:00:00,NETV,RG,695,4,D,YP,XC,D
15:00:00,NETV,RG,695,1,D,YP,XC,D
15:00:00,NETV,RG,695,5,D,YP,PD,D
15:00:00,NETV,RG,695,10,D,YP,HP,D
15:00:00,NETV,RG,695,18,D,YP,YP,D
15:00:00,NETV,RG,695,25,D,YP,GR,D
15:00:00,NETV,RG,695,1,D,YP,YP,D
15:00:00,NETV,RG,695,5,D,YP,XC,D
15:00:00,NETV,RG,695,1,D,YP,PD,D
15:00:00,NETV,RG,695,35,D,YP,PD,D
15:00:00,NETV,RG,695,20,D,YP,HP,D
15:00:00,NETV,RG,695,100,D,YP,YU,D
15:00:00,NETV,RG,695,1,D,YP,PD,D
15:00:00,NETV,RG,695,50,D,YP,XC,D
15:00:00,NETV,RG,695,1,D,YP,BQ,D
15:00:00,NETV,RG,695,14,D,YP,YP,D
15:00:00,NETV,RG,695,3000,D,YP,YP,D
15:00:00,NETV,RG,695,750,D,YP,YP,D
15:00:00,NETV,RG,695,10,D,YP,PD,D
15:00:00,NETV,RG,695,2,D,YP,XC,D
15:00:00,NETV,RG,695,1,D,YP,BQ,D
15:00:00,NETV,RG,695,5,D,YP,AT,D
15:00:00,NETV,RG,695,1,D,YP,CP,D
15:00:00,NETV,RG,695,24,D,YP,XC,D
15:00:00,NETV,RG,695,99,D,YP,YP,D
15:00:00,NETV,RG,695,20,D,YP,DR,D
15:00:00,NETV,RG,695,68,D,YP,KK,D
15:00:00,NETV,RG,695,1,D,YP,CC,D
15:00:00,NETV,RG,695,40,D,YP,BQ,D
15:00:00,NETV,RG,695,50,D,YP,KK,D
15:00:00,NETV,RG,695,30,D,YP,KK,D
15:00:00,NETV,RG,695,13,D,YP,BQ,D
15:00:00,NETV,RG,695,2,D,YP,XC,D
15:00:00,NETV,RG,695,25,D,YP,NI,D
15:00:00,NETV,RG,695,15,D,YP,YP,D
15:00:00,NETV,RG,695,11,D,YP,XC,D
15:00:00,NETV,RG,695,9,D,YP,KK,D
15:00:00,NETV,RG,695,2,D,YP,PD,D
15:00:00,NETV,RG,695,5,D,YP,XA,D
15:00:00,NETV,RG,695,10,D,YP,XA,D
15:00:00,NETV,RG,695,1,D,YP,NI,D
15:00:00,NETV,RG,695,10,D,YP,PD,D
15:00:00,NETV,RG,695,14,D,YP,CD,D
15:00:00,NETV,RG,695,6,D,YP,XC,D
15:00:00,NETV,RG,695,25,D,YP,CC,D
15:00:00,NETV,RG,695,20,D,YP,KK,D
15:00:00,NETV,RG,695,1000,D,YP,CC,D
15:00:00,NETV,RG,695,40,D,YP,MI,D
15:00:00,NETV,RG,695,2,D,YP,XA,D
15:00:00,NETV,RG,695,5,D,YP,BQ,D
15:00:00,NETV,RG,695,5,D,YP,BQ,D
15:00:00,NETV,RG,695,5,D,YP,BQ,D
15:00:00,NETV,RG,695,35,D,YP,BQ,D
15:00:00,NETV,RG,695,48,D,YP,XC,D
15:00:00,NETV,RG,695,160,D,YP,DR,D
15:00:00,NETV,RG,695,100,D,YP,YP,D
15:00:00,NETV,RG,695,80,D,YP,GR,D
15:00:00,NETV,RG,695,25,D,YP,XC,D
15:00:00,NETV,RG,695,100,D,YP,AF,D
15:00:00,NETV,RG,695,10,D,YP,YB,D
15:00:00,NETV,RG,695,10,D,YP,BQ,D
15:00:00,NETV,RG,695,50,D,YP,NI,D
15:00:00,NETV,RG,695,270,D,YP,OK,D
15:00:00,NETV,RG,695,10,D,YP,YP,D
15:00:00,NETV,RG,695,33,D,YP,BQ,D
15:00:00,NETV,RG,695,1,D,YP,YP,D
15:00:00,NETV,RG,695,5,D,YP,DH,D
15:00:00,NETV,RG,695,10,D,YP,BQ,D
15:00:00,NETV,RG,695,100,D,YP,BQ,D
15:00:00,NETV,RG,695,5,D,YP,YP,D
15:00:00,NETV,RG,695,100,D,YP,YP,D
15:00:00,NETV,RG,695,6,D,YP,BQ,D
15:00:00,NETV,RG,695,31,D,YP,YP,D
15:00:00,NETV,RG,695,25,D,YP,PD,D
15:00:00,NETV,RG,695,1,D,YP,BQ,D
15:00:00,NETV,RG,695,50,D,YP,YB,D
15:00:00,NETV,RG,695,200,D,YP,IP,D
15:00:00,NETV,RG,695,30,D,YP,PD,D
15:00:00,NETV,RG,695,10,D,YP,YP,D
15:00:00,NETV,RG,695,20,D,YP,XC,D
15:00:00,NETV,RG,695,10,D,YP,DH,D
15:00:00,NETV,RG,695,25,D,YP,HP,D
15:00:00,NETV,RG,695,2,D,YP,XC,D
15:00:00,NETV,RG,695,50,D,YP,YP,D
15:00:00,NETV,RG,695,20,D,YP,CC,D
15:00:00,NETV,RG,695,100,D,YP,BQ,D
15:00:00,NETV,RG,695,1,D,YP,XC,D
15:00:00,NETV,RG,695,100,D,YP,YP,D
15:00:00,NETV,RG,695,143,D,YP,EP,D
15:00:00,NETV,RG,695,100,D,YP,DX,D
15:00:00,NETV,RG,695,60,D,YP,XC,D
15:00:00,NETV,RG,695,100,D,YP,XA,D
15:00:00,NETV,RG,695,40,D,YP,KK,D
15:00:00,NETV,RG,695,11,D,YP,YP,D
15:00:00,NETV,RG,695,100,D,YP,YP,D
15:00:00,NETV,RG,695,1,D,YP,YP,D
15:00:00,NETV,RG,695,72,D,YP,XC,D
15:00:00,NETV,RG,695,60,D,YP,DH,D
15:00:00,NETV,RG,695,43,D,YP,YP,D
15:00:00,NETV,RG,695,1,D,YP,XC,D
15:00:00,NETV,RG,695,10,D,YP,YP,D
15:00:00,NETV,RG,695,1,D,YP,XC,D
15:00:00,NETV,RG,695,30,D,YP,YP,D
15:00:00,NETV,RG,695,1000,D,YP,AZ,D
15:00:00,NETV,RG,695,100,D,YP,YP,D
15:00:00,NETV,RG,695,108,D,YP,YP,D
15:00:00,NETV,RG,695,35,D,YP,DR,D
15:00:00,NETV,RG,695,16,D,YP,YP,D
15:00:00,NETV,RG,695,11,D,YP,YP,D
15:00:00,NETV,RG,695,34,D,YP,YP,D
15:00:00,NETV,RG,695,200,D,YP,AN,D
15:00:00,NETV,RG,695,500,D,YP,XA,D
15:00:00,NETV,RG,695,150,D,YP,YP,D
15:00:00,NETV,RG,695,43,D,YP,YP,D
15:00:00,NETV,RG,695,5,D,YP,YP,D
15:00:00,NETV,RG,695,1000,D,YP,BQ,D
15:00:00,NETV,RG,695,10,D,YP,YP,D
15:00:00,NETV,RG,695,1,D,YP,CC,D
15:00:00,NETV,RG,695,5000,D,YP,XA,D
15:00:00,NETV,RG,695,20,D,YP,HP,D
15:00:00,NETV,RG,695,12,D,YP,PD,D
15:00:00,NETV,RG,695,10,D,YP,AZ,D
15:00:00,NETV,RG,695,304,D,YP,CC,D
15:00:00,NETV,RG,695,5,D,YP,XC,D
15:00:00,NETV,RG,695,2,D,YP,YP,D
15:00:00,NETV,RG,695,15,D,YP,PD,D
15:00:00,NETV,RG,695,500,D,YP,HP,D
15:00:00,NETV,RG,695,7,D,YP,KK,D
15:00:00,NETV,RG,695,15,D,YP,XC,D
15:00:00,NETV,RG,695,57,D,YP,XC,D
15:00:00,NETV,RG,695,31,D,YP,XC,D
15:00:00,NETV,RG,695,400,D,YP,CC,D
15:00:00,NETV,RG,695,1,D,YP,XC,D
15:00:00,NETV,RG,695,50,D,YP,DH,D
15:00:00,NETV,RG,695,50,D,YP,XA,D
15:00:00,NETV,RG,695,100,D,YP,YP,D
15:00:00,NETV,RG,695,20,D,YP,GR,D
15:00:00,NETV,RG,695,5,D,YP,XC,D
15:00:00,NETV,RG,695,100,D,YP,SQ,D
15:00:00,NETV,RG,695,1,D,YP,XC,D
15:00:00,NETV,RG,695,2,D,YP,BQ,D
15:00:00,NETV,RG,695,9,D,YP,XL,D
15:00:00,NETV,RG,695,20,D,YP,YP,D
15:00:00,NETV,RG,695,6,D,YP,XC,D
15:00:00,NETV,RG,695,14,D,YP,YP,D
15:00:00,NETV,RG,695,20,D,YP,PD,D
15:00:00,NETV,RG,695,15,D,YP,CC,D
15:00:00,NETV,RG,695,1,D,YP,PD,D
15:00:00,NETV,RG,695,100,D,YP,CC,D
15:00:00,NETV,RG,695,1,D,YP,XC,D
15:00:00,NETV,RG,695,250,D,YP,CC,D
15:00:00,NETV,RG,695,2,D,YP,XA,D
15:00:00,NETV,RG,695,23,D,YP,XC,D
15:00:00,NETV,RG,695,5,D,YP,YP,D
15:00:00,NETV,RG,695,1,D,YP,OD,D
15:00:00,NETV,RG,695,10,D,YP,PD,D
15:00:00,NETV,RG,695,21,D,YP,XC,D
15:00:00,NETV,RG,695,5,D,YP,DH,D
15:00:00,NETV,RG,695,5,D,YP,PD,D
15:00:00,NETV,RG,695,5,D,YP,XC,D
15:00:00,NETV,RG,695,10,D,YP,NI,D
15:00:00,NETV,RG,695,4,D,YP,GR,D
15:00:00,NETV,RG,695,10,D,YP,XC,D
15:00:00,NETV,RG,695,37,D,YP,XC,D
15:00:00,NETV,RG,695,36,D,YP,NI,D
15:00:00,NETV,RG,695,64,D,YP,XC,D
15:00:00,NETV,RG,695,2,D,YP,PD,D
15:00:00,NETV,RG,695,2,D,YP,YP,D
15:00:00,NETV,RG,695,2,D,YP,XC,D
15:00:00,NETV,RG,695,1,D,YP,XC,D
15:00:00,NETV,RG,695,50,D,YP,DH,D
15:00:00,NETV,RG,695,2,D,YP,PD,D
15:00:00,NETV,RG,695,150,D,YP,KI,D
15:00:00,NETV,RG,695,20,D,YP,DH,D
15:00:00,NETV,RG,695,2,D,YP,XL,D
15:00:00,NETV,RG,695,200,D,YP,YU,D
15:00:00,NETV,RG,695,5,D,YP,PD,D
15:00:00,NETV,RG,695,100,D,YP,OD,D
15:00:00,NETV,RG,695,1,D,YP,YP,D
15:00:00,NETV,RG,695,2,D,YP,YP,D
15:00:00,NETV,RG,695,10,D,YP,XL,D
15:00:00,NETV,RG,695,6,D,YP,XC,D
15:00:00,NETV,RG,695,180,D,YP,SQ,D
15:00:00,NETV,RG,695,4,D,YP,YP,D
15:00:00,NETV,RG,695,3,D,YP,YP,D
15:00:00,NETV,RG,695,5,D,YP,YP,D
15:00:00,NETV,RG,695,6,D,YP,XC,D
15:00:00,NETV,RG,695,34,D,YP,NI,D
15:00:00,NETV,RG,695,500,D,YP,KK,D
15:00:00,NETV,RG,695,520,D,YP,PD,D
15:00:00,NETV,RG,695,1,D,YP,YP,D
15:00:00,NETV,RG,695,30,D,YP,YU,D
15:00:00,NETV,RG,695,3,D,YP,XL,D
15:00:00,NETV,RG,695,6,D,YP,XC,D
15:00:00,NETV,RG,695,10,D,YP,NI,D
15:00:00,NETV,RG,695,8,D,YP,PD,D
15:00:00,NETV,RG,695,1,D,YP,XC,D
15:00:00,NETV,RG,695,50,D,YP,KK,D
15:00:00,NETV,RG,695,15,D,YP,CC,D
15:00:00,NETV,RG,695,50,D,YP,AG,D
15:00:00,NETV,RG,695,13,D,YP,XL,D
15:00:00,NETV,RG,695,100,D,YP,PD,D
15:00:00,NETV,RG,695,29,D,YP,PD,D
15:00:00,NETV,RG,695,5,D,YP,CC,D
15:00:00,NETV,RG,695,2,D,YP,XC,D
15:00:00,NETV,RG,695,100,D,YP,PD,D
15:00:00,NETV,RG,695,169,D,YP,BQ,D
15:00:00,NETV,RG,695,3,D,XC,BQ,D
15:00:00,NETV,RG,695,28,D,YP,BQ,D
15:00:00,NETV,RG,695,50,D,YP,PD,D
15:00:00,NETV,RG,695,5,D,YP,DR,D
15:00:00,NETV,RG,695,15,D,YP,SQ,D
15:00:00,NETV,RG,695,2,D,YP,SQ,D
15:00:00,NETV,RG,695,13,D,XA,SQ,D
15:00:00,NETV,RG,695,1,D,XA,XL,D
15:00:00,NETV,RG,695,16,D,XA,CC,D
15:00:00,NETV,RG,695,15,D,MK,CC,D
15:00:00,NETV,RG,695,2,D,MK,YP,D
15:00:00,NETV,RG,695,1,D,MK,XC,D
15:00:00,NETV,RG,695,5,D,MK,XC,D
15:00:00,NETV,RG,695,3,D,MK,XC,D
15:00:00,NETV,RG,695,92,D,MK,YP,D
15:00:00,NETV,RG,695,2,D,MK,XC,D
15:00:00,NETV,RG,695,6,D,PD,XC,D
15:00:00,NETV,RG,695,9,D,PD,PD,D
15:00:00,NETV,RG,695,6,D,XC,PD,D
15:00:00,NETV,RG,695,5,D,XC,CC,D
15:00:00,NETV,RG,695,10,D,XC,PD,D
15:00:00,NETV,RG,695,17,D,XC,BQ,D
15:00:00,NETV,RG,695,5,D,XL,BQ,D
15:00:00,NETV,RG,695,20,D,PD,BQ,D
15:00:00,NETV,RG,695,50,D,YP,BQ,D
15:00:00,NETV,RG,695,14,D,GR,BQ,D
15:00:00,NETV,RG,695,10,D,GR,CC,D
15:00:00,NETV,RG,695,1,D,GR,XC,D
15:00:00,NETV,RG,695,1,D,GR,XC,D
15:00:00,NETV,RG,695,4,D,GR,XC,D
15:00:00,NETV,RG,695,10,D,GR,XC,D
15:00:00,NETV,RG,695,11,D,GR,XC,D
15:00:00,NETV,RG,695,9,D,GR,PD,D
15:00:00,NETV,RG,695,5,D,GR,YP,D
15:00:00,NETV,RG,695,5,D,GR,YP,D
15:00:00,NETV,RG,695,5,D,YP,YP,D
15:00:00,NETV,RG,695,1,D,YP,CC,D
15:00:00,NETV,RG,695,1,D,YP,CC,D
15:00:00,NETV,RG,695,24,D,MG,CC,D
15:00:00,NETV,RG,695,2,D,MG,KK,D
15:00:00,NETV,RG,695,15,D,MG,NI,D
15:00:00,NETV,RG,695,40,D,MG,YU,D
15:00:00,NETV,RG,695,1,D,MG,XC,D
15:00:00,NETV,RG,695,6,D,MG,PD,D
15:00:00,NETV,RG,695,55,D,MG,XC,D
15:00:00,NETV,RG,695,10,D,MG,XC,D
15:00:00,NETV,RG,695,26,D,MG,YP,D
15:00:00,NETV,RG,695,1,D,MG,ZP,D
15:00:00,NETV,RG,695,5,D,MG,KK,D
15:00:00,NETV,RG,695,4,D,MG,YP,D
15:00:00,NETV,RG,695,6,D,MG,PD,D
15:00:00,NETV,RG,695,30,D,MG,DR,D
15:00:00,NETV,RG,695,5,D,MG,KK,D
15:00:00,NETV,RG,695,32,D,MG,PD,D
15:00:00,NETV,RG,695,44,D,MG,EP,D
15:00:00,NETV,RG,695,50,D,MG,YB,D
15:00:00,NETV,RG,695,25,D,MG,SQ,D
15:00:00,NETV,RG,695,48,D,MG,XC,D
15:00:00,NETV,RG,695,1,D,MG,XC,D
15:00:00,NETV,RG,695,8,D,MG,PD,D
15:00:00,NETV,RG,695,25,D,MG,XC,D
15:00:00,NETV,RG,695,20,D,MG,YP,D
15:00:00,NETV,RG,695,139,D,MG,NI,D
15:00:00,NETV,RG,695,378,D,MG,XC,D
15:00:00,NETV,RG,695,15,D,PD,XC,D
15:00:00,NETV,RG,695,50,D,YP,XC,D
15:00:00,NETV,RG,695,21,D,YP,XC,D
15:00:00,NETV,RG,695,9,D,YP,XC,D
15:00:00,NETV,RG,695,41,D,YP,XC,D
15:00:00,NETV,RG,695,1,D,YP,YP,D
15:00:00,NETV,RG,695,10,D,YP,XA,D
15:00:00,NETV,RG,695,40,D,YP,CC,D
15:00:00,NETV,RG,695,1,D,YP,AZ,D
15:00:00,NETV,RG,695,102,D,YP,YP,D
15:00:00,NETV,RG,695,27,D,YP,XC,D
15:00:00,NETV,RG,695,4,D,YP,PD,D
15:00:00,NETV,RG,695,260,D,YP,SQ,D
15:00:00,NETV,RG,695,3,D,YP,NI,D
15:00:00,NETV,RG,695,2,D,YP,DR,D
15:00:00,NETV,RG,695,30,D,YP,DR,D
15:00:00,NETV,RG,695,1,D,YP,DR,D
15:00:00,NETV,RG,695,44,D,PD,DR,D
15:00:00,NETV,RG,695,27,D,PD,PD,D
15:00:00,NETV,RG,695,38,D,IP,PD,D
15:00:00,NETV,RG,695,15,D,IP,PD,D
15:00:00,NETV,RG,695,11,D,IP,YP,D
15:00:00,NETV,RG,695,10,D,IP,XC,D
15:00:00,NETV,RG,695,1,D,IP,XC,D
15:00:00,NETV,RG,695,215,D,IP,YP,D
15:00:00,NETV,RG,695,200,D,MG,YP,D
15:00:00,NETV,RG,695,50,D,YP,YP,D
15:00:00,NETV,RG,695,1,D,XC,YP,D
15:00:00,NETV,RG,695,50,D,NI,YP,D
15:00:00,NETV,RG,695,65,D,DR,YP,D
15:00:00,NETV,RG,695,4,D,PD,YP,D
15:00:00,NETV,RG,695,1,D,YP,YP,D
15:00:00,NETV,RG,695,35,D,PD,YP,D
15:00:00,NETV,RG,695,200,D,YB,YP,D
15:00:00,NETV,RG,695,144,D,BQ,YP,D
15:00:00,NETV,RG,695,12,D,BQ,YP,D
15:00:00,NETV,RG,695,10,D,BQ,PD,D
15:00:00,NETV,RG,695,8,D,XL,PD,D
15:00:00,NETV,RG,695,100,D,XA,PD,D
15:00:00,NETV,RG,695,150,D,PD,PD,D
15:00:00,NETV,RG,695,10,D,YP,PD,D
15:00:00,NETV,RG,695,4,D,XC,PD,D
15:00:00,NETV,RG,695,739,D,BQ,PD,D
15:00:00,NETV,RG,695,53,D,BQ,KK,D
15:00:00,NETV,RG,695,20,D,BQ,NI,D
15:00:00,NETV,RG,695,188,D,BQ,CC,D
15:00:00,NETV,RG,695,312,D,YU,CC,D
15:00:00,NETV,RG,695,5,D,YU,XC,D
15:00:00,NETV,RG,695,1,D,YU,PD,D
15:00:00,NETV,RG,695,5,D,YU,PD,D
15:00:00,NETV,RG,695,1,D,YU,XC,D
15:00:00,NETV,RG,695,5,D,YU,CC,D
15:00:00,NETV,RG,695,13,D,YU,XC,D
15:00:00,NETV,RG,695,2,D,YU,XA,D
15:00:00,NETV,RG,695,148,D,YU,XC,D
15:00:00,NETV,RG,695,8,D,YU,XC,D
15:00:00,NETV,RG,695,20,D,YP,XC,D
15:00:00,NETV,RG,695,5,D,YB,XC,D
15:00:00,NETV,RG,695,50,D,YP,XC,D
15:00:00,NETV,RG,695,117,D,ZP,XC,D
15:00:00,NETV,RG,695,1,D,ZP,YB,D
15:00:00,NETV,RG,695,7,D,ZP,XL,D
15:00:00,NETV,RG,695,75,D,ZP,NI,D
15:00:00,NETV,RG,695,1,D,YU,NI,D
15:00:00,NETV,RG,695,3,D,YU,YP,D
15:00:00,NETV,RG,695,5,D,YU,NI,D
15:00:00,NETV,RG,695,24,D,YU,PD,D
15:00:00,NETV,RG,695,1,D,YU,BQ,D
15:00:00,NETV,RG,695,5,D,YU,DH,D
15:00:00,NETV,RG,695,3,D,YU,XC,D
15:00:00,NETV,RG,695,1,D,YU,PD,D
15:00:00,NETV,RG,695,5,D,YU,YP,D
15:00:00,NETV,RG,695,24,D,YU,YP,D
15:00:00,NETV,RG,695,10,D,YU,YP,D
15:00:00,NETV,RG,695,100,D,YU,PD,D
15:00:00,NETV,RG,695,16,D,YU,XC,D
15:00:00,NETV,RG,695,25,D,YU,YP,D
15:00:00,NETV,RG,695,5,D,YU,YP,D
15:00:00,NETV,RG,695,17,D,YU,XC,D
15:00:00,NETV,RG,695,1,D,YU,XC,D
15:00:00,NETV,RG,695,21,D,YU,CC,D
15:00:00,NETV,RG,695,33,D,YU,XC,D
15:00:00,NETV,RG,695,55,D,MG,XC,D
15:00:00,NETV,RG,695,15,D,MG,XC,D
15:00:00,NETV,RG,695,10,D,MG,CC,D
15:00:00,NETV,RG,695,63,D,MG,XC,D
15:00:00,NETV,RG,695,5,D,MG,CC,D
15:00:00,NETV,RG,695,7,D,MG,KK,D
15:00:00,NETV,RG,695,10,D,MG,XC,D
15:00:00,NETV,RG,695,20,D,MG,YP,D
15:00:00,NETV,RG,695,5,D,MG,YP,D
15:00:00,NETV,RG,695,20,D,MG,YP,D
15:00:00,NETV,RG,695,5,D,MG,CC,D
15:00:00,NETV,RG,695,2,D,MG,CC,D
15:00:00,NETV,RG,695,8,D,MG,CC,D
15:00:00,NETV,RG,695,5,D,MG,CC,D
15:00:00,NETV,RG,695,19,D,MG,XL,D
15:00:00,NETV,RG,695,7,D,MG,CC,D
15:00:00,NETV,RG,695,6,D,MG,CC,D
15:00:00,NETV,RG,695,180,D,MG,DH,D
15:00:00,NETV,RG,695,3,D,MG,CC,D
15:00:00,NETV,RG,695,3,D,MG,CC,D
15:00:00,NETV,RG,695,12,D,MG,XC,D
15:00:00,NETV,RG,695,50,D,MG,CC,D
15:00:00,NETV,RG,695,1,D,MG,CC,D
15:00:00,NETV,RG,695,385,D,MG,PG,D
15:00:00,NETV,RG,695,180,D,MG,YP,D
15:00:00,NETV,RG,695,10,D,MG,KK,D
15:00:00,NETV,RG,695,7,D,MG,XC,D
15:00:00,NETV,RG,695,2,D,MG,CC,D
15:00:00,NETV,RG,695,80,D,MG,NI,D
15:00:00,NETV,RG,695,12,D,MG,XC,D
15:00:00,NETV,RG,695,15,D,MG,PD,D
15:00:00,NETV,RG,695,10,D,MG,HP,D
15:00:00,NETV,RG,695,1,D,MG,XC,D
15:00:00,NETV,RG,695,55,D,MG,XC,D
15:00:00,NETV,RG,695,6,D,MG,XC,D
15:00:00,NETV,RG,695,10,D,MG,PD,D
15:00:00,NETV,RG,695,100,D,MG,CC,D
15:00:00,NETV,RG,695,70,D,MG,YB,D
15:00:00,NETV,RG,695,244,D,MG,CC,D
15:00:00,NETV,RG,695,1,D,MG,XC,D
15:00:00,NETV,RG,695,25,D,MG,CC,D
15:00:00,NETV,RG,695,1,D,MG,EP,D
15:00:00,NETV,RG,695,5,D,MG,KK,D
15:00:00,NETV,RG,695,2,D,MG,XC,D
15:00:00,NETV,RG,695,2,D,MG,PD,D
15:00:00,NETV,RG,695,2,D,MG,XL,D
15:00:00,NETV,RG,695,99,D,MG,XA,D
15:00:00,NETV,RG,695,4,D,MG,PD,D
15:00:00,NETV,RG,695,46,D,MG,YP,D
15:00:00,NETV,RG,695,42,D,MG,XC,D
15:00:00,NETV,RG,695,1,D,MG,XL,D
15:00:00,NETV,RG,695,2,D,MG,NI,D
15:00:00,NETV,RG,695,150,D,MG,PD,D
15:00:00,NETV,RG,695,85,D,MG,CC,D
15:00:00,NETV,RG,695,2,D,MG,HP,D
15:00:00,NETV,RG,695,14,D,MG,XC,D
15:00:00,NETV,RG,695,5,D,MG,BQ,D
15:00:00,NETV,RG,695,20,D,MG,YP,D
15:00:00,NETV,RG,695,74,D,MG,XC,D
15:00:00,NETV,RG,695,10,D,MG,CC,D
15:00:00,NETV,RG,695,12,D,MG,XC,D
15:00:00,NETV,RG,695,45,D,MG,PD,D
15:00:00,NETV,RG,695,20,D,MG,ZP,D
15:00:00,NETV,RG,695,170,D,MG,YP,D
15:00:00,NETV,RG,695,6,D,MG,XC,D
15:00:00,NETV,RG,695,92,D,MG,YP,D
15:00:00,NETV,RG,695,10,D,MG,CC,D
15:00:00,NETV,RG,695,5,D,MG,XC,D
15:00:00,NETV,RG,695,54,D,MG,XC,D
15:00:00,NETV,RG,695,5,D,MG,XL,D
15:00:00,NETV,RG,695,5,D,MG,KK,D
15:00:00,NETV,RG,695,35,D,MG,XC,D
15:00:00,NETV,RG,695,1,D,MG,XC,D
15:00:00,NETV,RG,695,1,D,MG,XL,D
15:00:00,NETV,RG,695,1,D,MG,XC,D
15:00:00,NETV,RG,695,1,D,MG,XC,D
15:00:00,NETV,RG,695,10,D,MG,XC,D
15:00:00,NETV,RG,695,4,D,MG,PD,D
15:00:00,NETV,RG,695,10,D,MG,PD,D
15:00:00,NETV,RG,695,10,D,MG,PD,D
15:00:00,NETV,RG,695,20,D,MG,MK,D
15:00:00,NETV,RG,695,1,D,MG,XL,D
15:00:00,NETV,RG,695,2,D,MG,PD,D
15:00:00,NETV,RG,695,1,D,MG,XC,D
15:00:00,NETV,RG,695,5,D,MG,SQ,D
15:00:00,NETV,RG,695,80,D,MG,XC,D
15:00:00,NETV,RG,695,2,D,MG,XC,D
15:00:00,NETV,RG,695,100,D,MG,YP,D
15:00:00,NETV,RG,695,397,D,MG,YP,D
15:00:00,NETV,RG,695,10,D,MG,PD,D
15:00:00,NETV,RG,695,9,D,MG,YP,D
15:00:00,NETV,RG,695,1,D,MG,CC,D
15:00:00,NETV,RG,695,42,D,MG,SQ,D
15:00:00,NETV,RG,695,1,D,MG,BQ,D
15:00:00,NETV,RG,695,50,D,MG,KK,D
15:00:00,NETV,RG,695,15,D,MG,YP,D
15:00:00,NETV,RG,695,375,D,MG,YP,D
15:00:00,NETV,RG,695,50,D,MG,CC,D
15:00:00,NETV,RG,695,25,D,MG,YP,D
15:00:00,NETV,RG,695,70,D,MG,XC,D
15:00:00,NETV,RG,695,2,D,MG,XC,D
15:00:00,NETV,RG,695,126,D,MG,XC,D
15:00:00,NETV,RG,695,185,D,MG,PD,D
15:00:00,NETV,RG,695,100,D,MG,EP,D
15:00:00,NETV,RG,695,9,D,MG,YP,D
15:00:00,NETV,RG,695,18,D,MG,CC,D
15:00:00,NETV,RG,695,14,D,MG,XC,D
15:00:00,NETV,RG,695,171,D,MG,XC,D
15:00:00,NETV,RG,695,1,D,MG,XC,D
15:00:00,NETV,RG,695,2,D,MG,XC,D
15:00:00,NETV,RG,695,47,D,MG,YP,D
15:00:00,NETV,RG,695,10,D,MG,KK,D
15:00:00,NETV,RG,695,20,D,MG,YP,D
15:00:00,NETV,RG,695,1,D,MG,BQ,D
15:00:00,NETV,RG,695,20,D,MG,YP,D
15:00:00,NETV,RG,695,10,D,MG,GR,D
15:00:00,NETV,RG,695,24,D,MG,XC,D
15:00:00,NETV,RG,695,16,D,MG,CC,D
15:00:00,NETV,RG,695,500,D,MG,SQ,D
15:00:00,NETV,RG,695,1,D,MG,XC,D
15:00:00,NETV,RG,695,150,D,MG,PD,D
15:00:00,NETV,RG,695,4,D,MG,XC,D
15:00:00,NETV,RG,695,10,D,MG,XC,D
15:00:00,NETV,RG,695,10,D,MG,GR,D
15:00:00,NETV,RG,695,500,D,MG,KK,D
15:00:00,NETV,RG,695,500,D,MG,NI,F
15:00:00,NETV,RG,695,2,D,MG,XL,D
15:00:00,NETV,RG,695,1,D,MG,PD,D
15:00:00,NETV,RG,695,1451,D,MG,KK,D
15:00:00,NETV,RG,695,18,D,MG,XC,D
15:00:00,NETV,RG,695,1,D,MG,PD,D
15:00:00,NETV,RG,695,38,D,MG,PD,D
15:00:00,NETV,RG,695,1,D,MG,PD,D
15:00:00,NETV,RG,695,1,D,MG,XC,D
15:00:00,NETV,RG,695,24,D,MG,XC,D
15:00:00,NETV,RG,695,25,D,MG,HP,D
15:00:00,NETV,RG,695,1,D,MG,XL,D
15:00:00,NETV,RG,695,15,D,MG,PD,D
15:00:00,NETV,RG,695,2,D,MG,XL,D
15:00:00,NETV,RG,695,4,D,MG,PD,D
15:00:00,NETV,RG,695,100,D,MG,KK,D
15:00:00,NETV,RG,695,25,D,MG,PD,D
15:00:00,NETV,RG,695,100,D,MG,CC,D
15:00:00,NETV,RG,695,20,D,MG,KK,D
15:00:00,NETV,RG,695,166,D,MG,DR,D
15:00:00,NETV,RG,695,500,D,MG,KK,D
15:00:00,NETV,RG,695,80,D,MG,XC,D
15:00:00,NETV,RG,695,10,D,MG,PD,D
15:00:00,NETV,RG,695,1,D,MG,XC,D
15:00:00,NETV,RG,695,1,D,MG,XC,D
15:00:00,NETV,RG,695,1,D,MG,XC,D
15:00:00,NETV,RG,695,20,D,MG,EP,D
15:00:00,NETV,RG,695,4,D,MG,PD,D
15:00:00,NETV,RG,695,10,D,MG,XL,D
15:00:00,NETV,RG,695,20,D,MG,YP,D
15:00:00,NETV,RG,695,5,D,MG,YP,D
15:00:00,NETV,RG,695,20,D,MG,CC,D
15:00:00,NETV,RG,695,6,D,MG,SQ,D
15:00:00,NETV,RG,695,129,D,MG,NI,D
15:00:00,NETV,RG,695,6,D,MG,XL,D
15:00:00,NETV,RG,695,21,D,MG,XL,D
15:00:00,NETV,RG,695,70,D,MG,YP,D
15:00:00,NETV,RG,695,10,D,MG,CC,D
15:00:00,NETV,RG,695,3,D,MG,XC,D
15:00:00,NETV,RG,695,5,D,MG,CC,D
15:00:00,NETV,RG,695,5,D,MG,XC,D
15:00:00,NETV,RG,695,3,D,MG,YP,D
15:00:00,NETV,RG,695,6,D,MG,XL,D
15:00:00,NETV,RG,695,12,D,MG,YP,D
15:00:00,NETV,RG,695,171,D,MG,YP,D
15:00:00,NETV,RG,695,64,D,MG,YP,D
15:00:00,NETV,RG,695,1,D,MG,XL,D
15:00:00,NETV,RG,695,13,D,MG,XL,D
15:00:00,NETV,RG,695,2,D,MG,XL,D
15:00:00,NETV,RG,695,1,D,MG,PD,D
15:00:00,NETV,RG,695,311,D,MG,CC,D
15:00:00,NETV,RG,695,24,D,XC,CC,D
15:00:00,NETV,RG,695,7,D,XC,PD,D
15:00:00,NETV,RG,695,3,D,XC,XC,D
15:00:00,NETV,RG,695,5,D,XC,CC,D
15:00:00,NETV,RG,695,3,D,XC,CC,D
15:00:00,NETV,RG,695,2,D,XC,XL,D
15:00:00,NETV,RG,695,1,D,XC,XL,D
15:00:00,NETV,RG,695,13,D,XC,XL,D
15:00:00,NETV,RG,695,15,D,PD,XL,D
15:00:00,NETV,RG,695,12,D,MG,XL,D
15:00:00,NETV,RG,695,2,D,MG,XL,D
15:00:00,NETV,RG,695,4,D,MG,XL,D
15:00:00,NETV,RG,695,5,D,MG,XL,D
15:00:00,NETV,RG,695,100,D,MG,YP,D
15:00:00,NETV,RG,695,35,D,MG,YP,D
15:00:00,NETV,RG,695,10,D,MG,PD,D
15:00:00,NETV,RG,695,1,D,MG,PD,D
15:00:00,NETV,RG,695,2,D,MG,PD,D
15:00:00,NETV,RG,695,15,D,MG,YP,D
15:00:00,NETV,RG,695,5,D,MG,PD,D
15:00:00,NETV,RG,695,9,D,MG,CC,D
15:00:00,NETV,RG,695,3,D,MG,XL,D
15:00:00,NETV,RG,695,4,D,MG,XL,D
15:00:00,NETV,RG,695,5,D,MG,XC,D
15:00:00,NETV,RG,695,188,D,MG,SQ,D
15:00:00,NETV,RG,695,5,D,KK,SQ,D
15:00:00,NETV,RG,695,57,D,MG,SQ,D
15:00:00,NETV,RG,695,3,D,MG,PD,D
15:00:00,NETV,RG,695,1,D,MG,XL,D
15:00:00,NETV,RG,695,6,D,MG,XL,D
15:00:00,NETV,RG,695,1,D,MG,PD,D
15:00:00,NETV,RG,695,7,D,MG,XC,D
15:00:00,NETV,RG,695,10,D,MG,XL,D
15:00:00,NETV,RG,695,17,D,MG,PD,D
15:00:00,NETV,RG,695,2,D,MG,PD,D
15:00:00,NETV,RG,695,7,D,MG,PD,D
15:00:00,NETV,RG,695,12,D,MG,OD,D
15:00:00,NETV,RG,695,77,D,MG,LS,D
15:00:00,NETV,RG,695,20,D,PD,LS,D
15:00:00,NETV,RG,695,4,D,CC,LS,D
15:00:00,NETV,RG,695,69,D,MG,LS,D
15:00:00,NETV,RG,695,2,D,MG,KK,D
15:00:00,NETV,RG,695,15,D,MG,PD,D
15:00:00,NETV,RG,695,20,D,MG,PD,D
15:00:00,NETV,RG,695,2,D,MG,PD,D
15:00:00,NETV,RG,695,4,D,MG,PD,D
15:00:00,NETV,RG,695,5,D,MG,YP,D
15:00:00,NETV,RG,695,1,D,MG,PD,D
15:00:00,NETV,RG,695,5,D,MG,XC,D
15:00:00,NETV,RG,695,5,D,MG,XC,D
15:00:00,NETV,RG,695,12,D,MG,PD,D
15:00:00,NETV,RG,695,2,D,MG,XC,D
15:00:00,NETV,RG,695,3,D,MG,XC,D
15:00:00,NETV,RG,695,44,D,MG,XC,D
15:00:00,NETV,RG,695,12,D,MG,DH,D
15:00:00,NETV,RG,695,5,D,MG,XC,D
15:00:00,NETV,RG,695,1,D,MG,XC,D
15:00:00,NETV,RG,695,3,D,MG,XC,D
15:00:00,NETV,RG,695,14,D,MG,EP,D
15:00:00,NETV,RG,695,30,D,MG,PD,D
15:00:00,NETV,RG,695,2,D,MG,KK,D
15:00:00,NETV,RG,695,10,D,MG,XC,D
15:00:00,NETV,RG,695,5,D,MG,XC,D
15:00:00,NETV,RG,695,5,D,MG,EP,D
15:00:00,NETV,RG,695,1,D,MG,YB,D
15:00:00,NETV,RG,695,23,D,MG,AZ,D
15:00:00,NETV,RG,695,7,D,YP,AZ,D
15:00:00,NETV,RG,695,13,D,YP,YP,D
15:00:00,NETV,RG,695,50,D,YP,YP,D
15:00:00,NETV,RG,695,10,D,MK,YP,D
15:00:00,NETV,RG,695,435,D,MG,YP,D
15:00:00,NETV,RG,695,4,D,MG,KI,D
15:00:00,NETV,RG,695,2,D,MG,PD,D
15:00:00,NETV,RG,695,4,D,MG,XL,D
15:00:00,NETV,RG,695,31,D,MG,PD,D
15:00:00,NETV,RG,695,3,D,MG,XC,D
15:00:00,NETV,RG,695,14,D,MG,YP,D
15:00:00,NETV,RG,695,1,D,MG,XC,D
15:00:00,NETV,RG,695,2,D,MG,XL,D
15:00:00,NETV,RG,695,41,D,MG,YP,D
15:00:00,NETV,RG,695,17,D,MG,XC,D
15:00:00,NETV,RG,695,1,D,MG,MK,D
15:00:00,NETV,RG,695,55,D,MG,XC,D
15:00:00,NETV,RG,695,5,D,MG,XC,D
15:00:00,NETV,RG,695,10,D,MG,PD,D
15:00:00,NETV,RG,695,1,D,MG,CC,D
15:00:00,NETV,RG,695,25,D,MG,KK,D
15:00:00,NETV,RG,695,80,D,MG,CC,D
15:00:00,NETV,RG,695,10,D,MG,YP,D
15:00:00,NETV,RG,695,10,D,MG,PD,D
15:00:00,NETV,RG,695,1,D,MG,DH,D
15:00:00,NETV,RG,695,3,D,MG,XC,D
15:00:00,NETV,RG,695,22,D,MG,PD,D
15:00:00,NETV,RG,695,3,D,MG,PD,D
15:00:00,NETV,RG,695,2,D,MG,XC,D
15:00:00,NETV,RG,695,30,D,MG,PD,D
15:00:00,NETV,RG,695,7,D,MG,XC,D
15:00:00,NETV,RG,695,6,D,MG,PD,D
15:00:00,NETV,RG,695,55,D,MG,XC,D
15:00:00,NETV,RG,695,10,D,MG,XC,D
15:00:00,NETV,RG,695,10,D,MG,XC,D
15:00:00,NETV,RG,695,1,D,MG,DH,D
15:00:00,NETV,RG,695,1,D,MG,YP,D
15:00:00,NETV,RG,695,12,D,MG,PD,D
15:00:00,NETV,RG,695,9,D,MG,XC,D
15:00:00,NETV,RG,695,36,D,MG,XC,D
15:00:00,NETV,RG,695,1,D,MG,YB,D
15:00:00,NETV,RG,695,130,D,MG,XC,D
15:00:00,NETV,RG,695,2,D,MG,XC,D
15:00:00,NETV,RG,695,4,D,MG,PD,D
15:00:00,NETV,RG,695,100,D,MG,DH,D
15:00:00,NETV,RG,695,98,D,MG,XC,D
15:00:00,NETV,RG,695,10,D,MG,XC,D
15:00:00,NETV,RG,695,69,D,MG,XC,D
15:00:00,NETV,RG,695,1600,D,MG,PD,D
15:00:00,NETV,RG,695,100,D,MG,MK,D
15:00:00,NETV,RG,695,36,D,MG,CC,D
15:00:00,NETV,RG,695,10,D,MG,YP,D
15:00:00,NETV,RG,695,10,D,MG,XL,D
15:00:00,NETV,RG,695,5,D,MG,XL,D
15:00:00,NETV,RG,695,5,D,MG,XC,D
15:00:00,NETV,RG,695,50,D,MG,CC,D
15:00:00,NETV,RG,695,500,D,MG,LG,D
15:00:00,NETV,RG,695,100,D,MG,OD,D
15:00:00,NETV,RG,695,200,D,MG,TP,D
15:00:00,NETV,RG,695,100,D,MG,OD,D
15:00:00,NETV,RG,695,2,D,MG,XC,D
15:00:00,NETV,RG,695,1,D,MG,NI,D
15:00:00,NETV,RG,695,136,D,MG,XC,D
15:00:00,NETV,RG,695,18,D,MG,XC,D
15:00:00,NETV,RG,695,5,D,MG,CC,D
15:00:00,NETV,RG,695,100,D,MG,CC,D
15:00:00,NETV,RG,695,1,D,MG,YP,D
15:00:00,NETV,RG,695,3,D,MG,XC,D
15:00:00,NETV,RG,695,1,D,MG,XA,D
15:00:00,NETV,RG,695,5,D,MG,GR,D
15:00:00,NETV,RG,695,43,D,MG,KK,D
15:00:00,NETV,RG,695,10,D,MG,NI,D
15:00:00,NETV,RG,695,9,D,MG,XC,D
15:00:00,NETV,RG,695,91,D,PD,XC,D
15:00:00,NETV,RG,695,4,D,PD,XC,D
15:00:00,NETV,RG,695,6,D,MG,YP,D
15:00:00,NETV,RG,695,15,D,MG,CC,D
15:00:00,NETV,RG,695,8,D,MG,KK,D
15:00:00,NETV,RG,695,21,D,MG,YP,D
15:00:00,NETV,RG,695,22,D,YP,YP,D
15:00:00,NETV,RG,695,148,D,YP,YP,D
15:00:00,NETV,RG,695,152,D,YP,KK,D
15:00:00,NETV,RG,695,100,D,XA,KK,D
15:00:00,NETV,RG,695,155,D,XC,KK,D
15:00:00,NETV,RG,695,5,D,BQ,KK,D
15:00:00,NETV,RG,695,88,D,PD,KK,D
15:00:00,NETV,RG,695,56,D,PD,XC,D
15:00:00,NETV,RG,695,5,D,YP,XC,D
15:00:00,NETV,RG,695,4,D,YP,NI,D
15:00:00,NETV,RG,695,15,D,YP,XC,D
15:00:00,NETV,RG,695,5,D,YP,XC,D
15:00:00,NETV,RG,695,15,D,YP,XC,D
15:00:00,NETV,RG,695,1,D,YP,NI,D
15:00:00,NETV,RG,695,2,D,YP,XC,D
15:00:00,NETV,RG,695,50,D,YP,AZ,D
15:00:00,NETV,RG,695,160,D,YP,GR,D
15:00:00,NETV,RG,695,5,D,YP,XC,D
15:00:00,NETV,RG,695,80,D,YP,CC,D
15:00:00,NETV,RG,695,10,D,YP,XC,D
15:00:00,NETV,RG,695,40,D,YP,PD,D
15:00:00,NETV,RG,695,51,D,YP,SQ,D
15:00:00,NETV,RG,695,78,D,YP,YP,D
15:00:00,NETV,RG,695,979,D,YP,MG,D
15:00:00,NETV,RG,695,15,D,PD,MG,D
15:00:00,NETV,RG,695,6,D,YP,MG,D
14:49:59,NETV,RG,685,100,D,YP,BQ,D
14:49:59,NETV,RG,685,5,D,YP,BQ,D
14:49:59,NETV,RG,685,5,D,PD,BQ,D
14:49:59,NETV,RG,685,50,D,XC,BQ,D
14:49:59,NETV,RG,685,1,D,BQ,BQ,D
14:49:59,NETV,RG,685,1250,D,XC,BQ,D
14:49:59,NETV,RG,685,3,D,PD,BQ,D
14:49:59,NETV,RG,685,5,D,XC,BQ,D
14:49:59,NETV,RG,685,10,D,NI,BQ,D
14:49:58,NETV,RG,685,5,D,YP,BQ,D
14:49:58,NETV,RG,685,5,D,YP,BQ,D
14:49:58,NETV,RG,685,25,D,YP,BQ,D
14:49:58,NETV,RG,685,100,D,XA,BQ,D
14:49:58,NETV,RG,685,20,D,YP,BQ,D
14:49:57,NETV,RG,685,20,D,YP,BQ,D
14:49:57,NETV,RG,685,12,D,XC,BQ,D
14:49:57,NETV,RG,685,15,D,PD,BQ,D
14:49:57,NETV,RG,685,50,D,CC,BQ,D
14:49:57,NETV,RG,685,1,D,YP,BQ,D
14:49:57,NETV,RG,685,5,D,YP,BQ,D
14:49:57,NETV,RG,685,50,D,YU,BQ,D
14:49:57,NETV,RG,685,100,D,YP,BQ,D
14:49:57,NETV,RG,685,50,D,YP,BQ,D
14:49:56,NETV,RG,685,25,D,KK,BQ,D
14:49:56,NETV,RG,685,5,D,YP,BQ,D
14:49:56,NETV,RG,685,1,D,XC,BQ,D
14:49:56,NETV,RG,685,10,D,YP,BQ,D
14:49:55,NETV,RG,685,100,D,YP,BQ,D
14:49:55,NETV,RG,685,5,D,XC,BQ,D
14:49:54,NETV,RG,685,517,D,YP,BQ,D
14:49:54,NETV,RG,685,300,D,YP,BQ,D
14:49:54,NETV,RG,685,5,D,YP,BQ,D
14:49:54,NETV,RG,685,500,D,MK,BQ,D
14:49:54,NETV,RG,685,2,D,XC,BQ,D
14:49:54,NETV,RG,685,7,D,XC,BQ,D
14:49:54,NETV,RG,685,50,D,YP,BQ,D
14:49:54,NETV,RG,685,1500,D,YP,BQ,D
14:49:54,NETV,RG,685,5,D,YP,BQ,D
14:49:54,NETV,RG,685,9,D,DR,BQ,D
14:49:54,NETV,RG,685,50,D,YP,BQ,D
14:49:53,NETV,RG,685,1,D,XC,BQ,D
14:49:53,NETV,RG,685,5,D,YP,BQ,D
14:49:53,NETV,RG,685,1,D,YP,BQ,D
14:49:53,NETV,RG,685,50,D,XC,BQ,D
14:49:53,NETV,RG,685,10,D,CC,BQ,D
14:49:53,NETV,RG,685,5,D,YP,BQ,D
14:49:53,NETV,RG,685,4,D,YP,BQ,D
14:49:53,NETV,RG,685,1,D,YP,BQ,D
14:49:52,NETV,RG,685,10,D,BQ,BQ,D
14:49:52,NETV,RG,685,1,D,BQ,BQ,D
14:49:52,NETV,RG,685,3,D,PD,BQ,D
14:49:52,NETV,RG,685,10,D,XC,BQ,D
14:49:52,NETV,RG,685,10,D,XC,BQ,D
14:49:52,NETV,RG,685,100,D,YP,BQ,D
14:49:51,NETV,RG,685,5,D,YP,BQ,D
14:49:51,NETV,RG,685,10,D,XC,BQ,D
14:49:51,NETV,RG,685,10,D,YP,BQ,D
14:49:51,NETV,RG,685,5,D,YP,BQ,D
14:49:51,NETV,RG,685,50,D,TP,BQ,D
14:49:51,NETV,RG,685,3,D,XC,BQ,D
14:49:51,NETV,RG,685,4,D,XC,BQ,D
14:49:51,NETV,RG,685,1,D,XC,BQ,D
14:49:51,NETV,RG,685,375,D,PD,BQ,D
14:49:51,NETV,RG,685,5,D,XC,BQ,D
14:49:50,NETV,RG,685,5,D,YP,BQ,D
14:49:50,NETV,RG,685,500,D,SQ,BQ,D
14:49:50,NETV,RG,685,20,D,YP,BQ,D
14:49:50,NETV,RG,685,1,D,XC,BQ,D
14:49:50,NETV,RG,685,5,D,YP,BQ,D
14:49:50,NETV,RG,685,20,D,YP,BQ,D
14:49:50,NETV,RG,685,500,D,YP,BQ,D
14:49:50,NETV,RG,685,10,D,NI,BQ,D
14:49:49,NETV,RG,685,3,D,YP,BQ,D
14:49:49,NETV,RG,685,5,D,YP,BQ,D
14:49:49,NETV,RG,685,14,D,YP,BQ,D
14:49:49,NETV,RG,685,2,D,YP,BQ,D
14:49:49,NETV,RG,685,50,D,YP,BQ,D
14:49:49,NETV,RG,685,5,D,YP,BQ,D
14:49:49,NETV,RG,685,150,D,CC,BQ,D
14:49:48,NETV,RG,685,2,D,YP,BQ,D
14:49:48,NETV,RG,685,517,D,YP,BQ,D
14:49:48,NETV,RG,685,5,D,YP,BQ,D
14:49:47,NETV,RG,685,100,D,KK,BQ,D
14:49:47,NETV,RG,685,20,D,CC,BQ,D
14:49:47,NETV,RG,685,10,D,YP,BQ,D
14:49:47,NETV,RG,685,5,D,YP,BQ,D
14:49:47,NETV,RG,685,10,D,CC,BQ,D
14:49:46,NETV,RG,685,18,D,YP,BQ,D
14:49:46,NETV,RG,685,5,D,XC,BQ,D
14:49:46,NETV,RG,685,4,D,XC,BQ,D
14:49:46,NETV,RG,685,29,D,BQ,BQ,D
14:49:46,NETV,RG,685,12,D,XC,BQ,D
14:49:46,NETV,RG,685,12,D,YP,BQ,D
14:49:46,NETV,RG,685,5,D,YP,BQ,D
14:49:46,NETV,RG,685,400,D,YP,BQ,D
14:49:45,NETV,RG,685,3,D,XC,BQ,D
14:49:45,NETV,RG,685,14,D,DR,BQ,D
14:49:45,NETV,RG,685,5,D,YP,BQ,D
14:49:44,NETV,RG,685,14,D,YP,BQ,D
14:49:44,NETV,RG,685,4,D,PD,BQ,D
14:49:44,NETV,RG,685,5,D,YP,BQ,D
14:49:44,NETV,RG,685,25,D,XA,BQ,D
14:49:44,NETV,RG,685,500,D,YU,BQ,D
14:49:44,NETV,RG,685,5,D,YP,BQ,D
14:49:43,NETV,RG,685,5,D,YP,BQ,D
14:49:43,NETV,RG,685,100,D,YP,BQ,D
14:49:43,NETV,RG,685,167,D,YP,BQ,D
14:49:42,NETV,RG,685,20,D,YP,BQ,D
14:49:42,NETV,RG,685,5,D,YP,BQ,D
14:49:42,NETV,RG,685,5,D,XC,BQ,D
14:49:42,NETV,RG,685,1,D,KK,BQ,D
14:49:42,NETV,RG,685,4,D,XC,BQ,D
14:49:41,NETV,RG,685,10,D,AT,BQ,D
14:49:41,NETV,RG,685,1,D,XC,BQ,D
14:49:41,NETV,RG,685,5,D,YP,BQ,D
14:49:41,NETV,RG,685,8,D,PD,BQ,D
14:49:41,NETV,RG,685,54,D,XC,BQ,D
14:49:40,NETV,RG,685,3000,D,YP,BQ,D
14:49:40,NETV,RG,685,5,D,YP,BQ,D
14:49:39,NETV,RG,685,50,D,YP,BQ,D
14:49:37,NETV,RG,685,10,D,NI,BQ,D
14:49:36,NETV,RG,685,1,D,XC,BQ,D
14:49:36,NETV,RG,685,6,D,XC,BQ,D
14:49:36,NETV,RG,685,26,D,XC,BQ,D
14:49:35,NETV,RG,685,73,D,XC,BQ,D
14:49:35,NETV,RG,685,50,D,DR,BQ,D
14:49:35,NETV,RG,685,1,D,XC,BQ,D
14:49:35,NETV,RG,685,5,D,YP,BQ,D
14:49:34,NETV,RG,685,1000,D,MG,BQ,D
14:49:34,NETV,RG,685,26,D,XC,BQ,D
14:49:33,NETV,RG,685,50,D,AO,BQ,D
14:49:33,NETV,RG,685,10,D,BQ,BQ,D
14:49:33,NETV,RG,685,5,D,YP,BQ,D
14:49:32,NETV,RG,685,50,D,YP,BQ,D
14:49:32,NETV,RG,685,5,D,YP,BQ,D
14:49:32,NETV,RG,685,5,D,YP,BQ,D
14:49:31,NETV,RG,685,440,D,OD,BQ,D
14:49:31,NETV,RG,685,5,D,YP,BQ,D
14:49:31,NETV,RG,685,5,D,YP,BQ,D
14:49:31,NETV,RG,685,15,D,PD,BQ,D
14:49:31,NETV,RG,685,2,D,XC,BQ,D
14:49:31,NETV,RG,685,20,D,XA,BQ,D
14:49:30,NETV,RG,685,5,D,XC,BQ,D
14:49:30,NETV,RG,685,5,D,YP,BQ,D
14:49:30,NETV,RG,685,1,D,XC,BQ,D
14:49:30,NETV,RG,685,5,D,YP,BQ,D
14:49:30,NETV,RG,685,100,D,YP,BQ,D
14:49:30,NETV,RG,685,5,D,XC,BQ,D
14:49:30,NETV,RG,685,1,D,CC,BQ,D
14:49:30,NETV,RG,685,1,D,YP,BQ,D
14:49:29,NETV,RG,685,5,D,YP,BQ,D
14:49:29,NETV,RG,685,30,D,YP,BQ,D
14:49:29,NETV,RG,685,5,D,YP,BQ,D
14:49:29,NETV,RG,685,4,D,XL,BQ,D
14:49:29,NETV,RG,685,2,D,YP,BQ,D
14:49:29,NETV,RG,685,1,D,XC,BQ,D
14:49:29,NETV,RG,685,6,D,XC,BQ,D
14:49:28,NETV,RG,685,10,D,XC,BQ,D
14:49:28,NETV,RG,685,20,D,YP,BQ,D
14:49:28,NETV,RG,685,5,D,YP,BQ,D
14:49:28,NETV,RG,685,7,D,XC,BQ,D
14:49:27,NETV,RG,685,7,D,XC,BQ,D
14:49:27,NETV,RG,685,10,D,YP,BQ,D
14:49:27,NETV,RG,685,1,D,XC,BQ,D
14:49:25,NETV,RG,685,10,D,XA,BQ,D
14:49:25,NETV,RG,685,1,D,PD,BQ,D
14:49:24,NETV,RG,685,30,D,YP,BQ,D
14:49:23,NETV,RG,685,363,D,YP,BQ,D
14:49:23,NETV,RG,685,15,D,YP,BQ,D
14:49:23,NETV,RG,685,100,D,CC,BQ,D
14:49:21,NETV,RG,685,2,D,YP,BQ,D
14:49:20,NETV,RG,685,204,D,BQ,BQ,D
14:49:20,NETV,RG,685,180,D,XC,BQ,D
14:49:19,NETV,RG,685,1003,D,XC,BQ,D
14:49:19,NETV,RG,685,1,D,XC,BQ,D
14:49:17,NETV,RG,685,25,D,PD,BQ,D
14:49:15,NETV,RG,685,10,D,BQ,BQ,D
14:49:15,NETV,RG,685,2,D,BQ,BQ,D
14:49:13,NETV,RG,685,43,D,YP,BQ,D
14:49:12,NETV,RG,685,100,D,YB,BQ,D
14:49:12,NETV,RG,685,200,D,YP,BQ,D
14:49:12,NETV,RG,685,500,D,XA,BQ,D
14:49:12,NETV,RG,685,149,D,YP,BQ,D
14:49:10,NETV,RG,685,437,D,YP,BQ,D
14:49:09,NETV,RG,685,2000,D,MG,BQ,D
14:49:09,NETV,RG,685,30,D,PD,BQ,D
14:49:02,NETV,RG,685,1,D,YP,BQ,D
14:49:01,NETV,RG,685,20,D,CC,BQ,D
14:49:00,NETV,RG,685,1,D,XL,BQ,D
14:49:00,NETV,RG,685,20,D,LG,BQ,D
14:48:59,NETV,RG,685,55,D,NI,BQ,D
14:48:56,NETV,RG,685,1,D,XC,BQ,D
14:48:55,NETV,RG,685,7,D,NI,BQ,D
14:48:54,NETV,RG,685,50,D,YP,BQ,D
14:48:52,NETV,RG,685,107,D,SQ,BQ,D
14:48:51,NETV,RG,685,28,D,YP,BQ,D
14:48:51,NETV,RG,685,5,D,XC,BQ,D
14:48:49,NETV,RG,685,20,D,YP,BQ,D
14:48:48,NETV,RG,685,5,D,XC,BQ,D
14:48:45,NETV,RG,685,85,D,YP,BQ,D
14:48:44,NETV,RG,685,5,D,YP,BQ,D
14:48:43,NETV,RG,685,5,D,YP,BQ,D
14:48:43,NETV,RG,685,5,D,XC,BQ,D
14:48:42,NETV,RG,685,3,D,XC,BQ,D
14:48:42,NETV,RG,685,5,D,YP,BQ,D
14:48:41,NETV,RG,685,18,D,XC,BQ,D
14:48:40,NETV,RG,685,4,D,AZ,BQ,D
14:48:38,NETV,RG,685,1,D,XA,BQ,D
14:48:37,NETV,RG,685,10,D,YP,BQ,D
14:48:36,NETV,RG,685,3,D,NI,BQ,D
14:48:35,NETV,RG,685,10,D,YP,BQ,D
14:48:34,NETV,RG,685,8,D,YP,BQ,D
14:48:34,NETV,RG,685,10,D,YP,BQ,D
14:48:32,NETV,RG,685,9,D,XC,BQ,D
14:48:32,NETV,RG,685,10,D,YP,BQ,D
14:48:32,NETV,RG,685,2,D,GR,BQ,D
14:48:31,NETV,RG,685,15,D,YP,BQ,D
14:48:29,NETV,RG,685,5,D,YP,BQ,D
14:48:27,NETV,RG,685,5,D,XC,BQ,D
14:48:27,NETV,RG,685,9,D,XC,BQ,D
14:48:23,NETV,RG,685,45,D,XC,BQ,D
14:48:23,NETV,RG,685,6,D,XC,BQ,D
14:48:22,NETV,RG,685,2,D,XC,BQ,D
14:48:21,NETV,RG,685,2,D,XC,BQ,D
14:48:20,NETV,RG,685,2,D,PD,BQ,D
14:48:20,NETV,RG,685,10,D,YP,BQ,D
14:48:18,NETV,RG,685,6,D,XL,BQ,D
14:48:17,NETV,RG,685,20,D,DR,BQ,D
14:48:15,NETV,RG,685,5,D,YP,BQ,D
14:48:14,NETV,RG,685,25,D,KK,BQ,D
14:48:13,NETV,RG,685,47,D,XC,BQ,D
14:48:13,NETV,RG,685,1,D,NI,BQ,D
14:48:09,NETV,RG,685,5,D,AG,BQ,D
14:48:01,NETV,RG,685,1,D,XC,BQ,D
14:48:01,NETV,RG,685,10,D,YP,BQ,D
14:47:56,NETV,RG,685,60,D,PD,BQ,D
14:47:55,NETV,RG,685,2,D,CC,BQ,D
14:47:53,NETV,RG,685,5,D,AT,BQ,D
14:47:52,NETV,RG,685,6,D,XC,BQ,D
14:47:51,NETV,RG,685,5,D,YP,BQ,D
14:47:50,NETV,RG,685,2,D,XC,BQ,D
14:47:47,NETV,RG,685,10,D,XC,BQ,D
14:47:47,NETV,RG,685,2,D,XC,BQ,D
14:47:45,NETV,RG,685,5,D,PD,BQ,D
14:47:42,NETV,RG,685,1,D,PD,BQ,D
14:47:42,NETV,RG,685,1,D,XA,BQ,D
14:47:40,NETV,RG,685,29,D,XC,BQ,D
14:47:39,NETV,RG,685,2,D,YP,BQ,D
14:47:36,NETV,RG,685,6,D,YP,BQ,D
14:47:33,NETV,RG,685,7,D,PD,BQ,D
14:47:31,NETV,RG,685,7,D,PD,BQ,D
14:47:29,NETV,RG,685,145,D,XL,BQ,D
14:47:29,NETV,RG,685,3,D,PD,BQ,D
14:47:27,NETV,RG,685,1,D,YP,BQ,D
14:47:25,NETV,RG,685,5,D,NI,BQ,D
14:47:23,NETV,RG,685,50,D,PD,BQ,D
14:47:18,NETV,RG,685,21,D,PD,BQ,D
14:47:17,NETV,RG,685,1,D,YP,BQ,D
14:47:16,NETV,RG,685,4,D,XC,BQ,D
14:47:16,NETV,RG,685,100,D,PD,BQ,D
14:47:15,NETV,RG,685,1,D,JB,BQ,D
14:47:11,NETV,RG,685,53,D,CC,BQ,D
14:47:09,NETV,RG,685,1,D,CC,BQ,D
14:47:08,NETV,RG,685,10,D,XC,BQ,D
14:47:08,NETV,RG,685,1,D,XC,BQ,D
14:47:04,NETV,RG,685,30,D,XC,BQ,D
14:47:03,NETV,RG,685,10,D,YP,BQ,D
14:46:57,NETV,RG,685,3,D,XC,BQ,D
14:46:56,NETV,RG,685,15,D,PD,BQ,D
14:46:55,NETV,RG,685,500,D,YP,BQ,D
14:46:55,NETV,RG,685,20,D,XC,BQ,D
14:46:53,NETV,RG,685,500,D,CC,BQ,D
14:46:52,NETV,RG,685,1,D,XC,BQ,D
14:46:42,NETV,RG,685,10,D,PD,BQ,D
14:46:39,NETV,RG,685,10,D,KK,BQ,D
14:46:38,NETV,RG,685,10,D,YP,BQ,D
14:46:34,NETV,RG,685,1,D,XC,BQ,D
14:46:29,NETV,RG,685,5,D,XC,BQ,D
14:46:27,NETV,RG,685,190,D,CC,BQ,D
14:46:26,NETV,RG,685,29,D,XC,BQ,D
14:46:24,NETV,RG,685,4,D,PD,BQ,D
14:46:23,NETV,RG,685,125,D,NI,BQ,D
14:46:23,NETV,RG,685,100,D,PD,BQ,D
14:46:21,NETV,RG,685,3,D,XC,BQ,D
14:46:20,NETV,RG,685,2,D,XC,BQ,D
14:46:15,NETV,RG,685,1,D,PD,BQ,D
14:46:10,NETV,RG,685,4,D,XC,BQ,D
14:46:04,NETV,RG,685,4,D,XC,BQ,D
14:46:03,NETV,RG,685,4,D,YP,BQ,D
14:45:56,NETV,RG,685,20,D,KK,BQ,D
14:45:54,NETV,RG,685,13,D,XC,BQ,D
14:45:49,NETV,RG,685,50,D,DR,BQ,D
14:45:49,NETV,RG,685,11,D,YP,BQ,D
14:45:48,NETV,RG,685,14,D,PD,BQ,D
14:45:47,NETV,RG,685,28,D,XC,BQ,D
14:45:45,NETV,RG,685,7,D,XC,BQ,D
14:45:44,NETV,RG,685,5,D,OD,BQ,D
14:45:43,NETV,RG,685,50,D,CC,BQ,D
14:45:36,NETV,RG,685,1,D,XC,BQ,D
14:45:35,NETV,RG,685,20,D,XC,BQ,D
14:45:29,NETV,RG,685,200,D,XC,BQ,D
14:45:21,NETV,RG,685,1,D,PD,BQ,D
14:45:20,NETV,RG,685,10,D,PD,BQ,D
14:45:20,NETV,RG,685,70,D,XC,BQ,D
14:45:20,NETV,RG,685,150,D,DH,BQ,D
14:45:20,NETV,RG,685,5,D,YP,BQ,D
14:45:16,NETV,RG,685,1,D,YP,BQ,D
14:45:15,NETV,RG,685,28,D,CC,BQ,D
14:45:12,NETV,RG,685,4,D,XC,BQ,D
14:45:10,NETV,RG,685,150,D,PD,BQ,D
14:45:09,NETV,RG,685,5,D,OD,BQ,D
14:45:07,NETV,RG,685,1,D,YP,BQ,D
14:45:04,NETV,RG,685,2,D,YP,BQ,D
14:45:04,NETV,RG,685,3,D,CC,BQ,D
14:45:03,NETV,RG,685,1,D,XC,BQ,D
14:45:03,NETV,RG,685,50,D,XL,BQ,D
14:45:02,NETV,RG,685,10,D,OD,BQ,D
14:44:57,NETV,RG,685,16,D,PD,BQ,D
14:44:52,NETV,RG,685,15,D,PD,BQ,D
14:44:51,NETV,RG,685,46,D,XC,BQ,D
14:44:47,NETV,RG,685,10,D,YP,BQ,D
14:44:46,NETV,RG,685,10,D,OD,BQ,D
14:44:46,NETV,RG,685,6,D,XC,BQ,D
14:44:45,NETV,RG,685,2,D,XC,BQ,D
14:44:44,NETV,RG,685,1,D,XL,BQ,D
14:44:43,NETV,RG,685,10,D,XA,BQ,D
14:44:41,NETV,RG,685,1,D,BQ,BQ,D
14:44:39,NETV,RG,685,1,D,PD,BQ,D
14:44:34,NETV,RG,685,7,D,PD,BQ,D
14:44:29,NETV,RG,685,10,D,XL,BQ,D
14:44:28,NETV,RG,685,1,D,XC,BQ,D
14:44:27,NETV,RG,685,54,D,NI,BQ,D
14:44:24,NETV,RG,685,38,D,CC,BQ,D
14:44:23,NETV,RG,685,2,D,XC,BQ,D
14:44:19,NETV,RG,685,5,D,XC,BQ,D
14:44:12,NETV,RG,685,3,D,XC,BQ,D
14:44:09,NETV,RG,685,32,D,XC,BQ,D
14:44:08,NETV,RG,685,250,D,YP,BQ,D
14:44:06,NETV,RG,685,16,D,XC,BQ,D
14:44:04,NETV,RG,685,94,D,XC,BQ,D
14:44:03,NETV,RG,685,3,D,XC,BQ,D
14:44:02,NETV,RG,685,5,D,XC,BQ,D
14:44:00,NETV,RG,685,5,D,YP,BQ,D
14:43:58,NETV,RG,685,1,D,XC,BQ,D
14:43:54,NETV,RG,685,1,D,PD,BQ,D
14:43:50,NETV,RG,685,1,D,XC,BQ,D
14:43:49,NETV,RG,685,1,D,XC,BQ,D
14:43:42,NETV,RG,685,5,D,YP,BQ,D
14:43:42,NETV,RG,685,1,D,YP,BQ,D
14:43:41,NETV,RG,685,1,D,XC,BQ,D
14:43:37,NETV,RG,685,1,D,YP,BQ,D
14:43:33,NETV,RG,685,4,D,XC,BQ,D
14:43:33,NETV,RG,685,1,D,XC,BQ,D
14:43:31,NETV,RG,685,1,D,NI,BQ,D
14:43:30,NETV,RG,685,50,D,XC,BQ,D
14:43:29,NETV,RG,685,1,D,XC,BQ,D
14:43:26,NETV,RG,685,47,D,YP,BQ,D
14:43:19,NETV,RG,685,3,D,XC,BQ,D
14:43:18,NETV,RG,685,14,D,XC,BQ,D
14:43:16,NETV,RG,685,3,D,XC,BQ,D
14:43:16,NETV,RG,685,9,D,XC,BQ,D
14:43:15,NETV,RG,685,1,D,YP,BQ,D
14:43:13,NETV,RG,685,16,D,XC,BQ,D
14:43:13,NETV,RG,685,4,D,PD,BQ,D
14:43:11,NETV,RG,685,1,D,YP,BQ,D
14:43:08,NETV,RG,685,10,D,XC,BQ,D
14:43:07,NETV,RG,685,3,D,NI,BQ,D
14:43:07,NETV,RG,685,1,D,YP,BQ,D
14:43:06,NETV,RG,685,145,D,YP,BQ,D
14:43:04,NETV,RG,685,2,D,XC,BQ,D
14:43:03,NETV,RG,685,1,D,XC,BQ,D
14:43:02,NETV,RG,685,2,D,XC,BQ,D
14:43:02,NETV,RG,685,1,D,YP,BQ,D
14:43:00,NETV,RG,685,5,D,YP,BQ,D
14:43:00,NETV,RG,685,30,D,XC,BQ,D
14:43:00,NETV,RG,685,100,D,CC,BQ,D
14:43:00,NETV,RG,685,2,D,BQ,BQ,D
14:42:59,NETV,RG,685,1,D,YP,BQ,D
14:42:58,NETV,RG,685,1,D,YP,BQ,D
14:42:56,NETV,RG,685,1,D,XC,BQ,D
14:42:55,NETV,RG,685,1,D,XC,BQ,D
14:42:54,NETV,RG,685,1,D,YP,BQ,D
14:42:50,NETV,RG,685,2,D,PD,BQ,D
14:42:46,NETV,RG,685,25,D,PD,BQ,D
14:42:46,NETV,RG,685,3,D,XC,BQ,D
14:42:44,NETV,RG,685,4,D,XC,BQ,D
14:42:42,NETV,RG,685,1,D,YP,BQ,D
14:42:42,NETV,RG,685,13,D,YP,BQ,D
14:42:40,NETV,RG,685,33,D,XC,BQ,D
14:42:40,NETV,RG,685,10,D,PC,BQ,D
14:42:39,NETV,RG,685,5,D,XC,BQ,D
14:42:35,NETV,RG,685,5,D,YP,BQ,D
14:42:33,NETV,RG,685,1,D,XC,BQ,D
14:42:32,NETV,RG,685,20,D,XC,BQ,D
14:42:32,NETV,RG,685,4,D,XC,BQ,D
14:42:32,NETV,RG,685,10,D,XL,BQ,D
14:42:28,NETV,RG,685,8,D,DH,BQ,D
14:42:20,NETV,RG,685,1,D,YP,BQ,D
14:42:13,NETV,RG,685,5,D,XC,BQ,D
14:42:09,NETV,RG,685,60,D,YP,BQ,D
14:42:04,NETV,RG,685,5,D,XL,BQ,D
14:42:02,NETV,RG,685,1,D,XC,BQ,D
14:42:00,NETV,RG,685,6,D,XC,BQ,D
14:41:53,NETV,RG,685,10,D,GR,BQ,D
14:41:47,NETV,RG,685,3,D,PD,BQ,D
14:41:46,NETV,RG,685,1,D,YP,BQ,D
14:41:45,NETV,RG,685,1,D,SQ,BQ,D
14:41:43,NETV,RG,685,1,D,PD,BQ,D
14:41:42,NETV,RG,685,100,D,KK,BQ,D
14:41:38,NETV,RG,685,10,D,CC,BQ,D
14:41:36,NETV,RG,685,9,D,XC,BQ,D
14:41:32,NETV,RG,685,5,D,YB,BQ,D
14:41:31,NETV,RG,685,2,D,PD,BQ,D
14:41:23,NETV,RG,685,2,D,PD,BQ,D
14:41:23,NETV,RG,685,1,D,DH,BQ,D
14:41:18,NETV,RG,685,12,D,XC,BQ,D
14:41:15,NETV,RG,685,25,D,NI,BQ,D
14:41:09,NETV,RG,685,6,D,XC,BQ,D
14:41:09,NETV,RG,685,1,D,XC,BQ,D
14:41:06,NETV,RG,685,2,D,DH,BQ,D
14:41:05,NETV,RG,685,5,D,YP,BQ,D
14:40:57,NETV,RG,685,11,D,XC,BQ,D
14:40:46,NETV,RG,685,4,D,XL,BQ,D
14:40:43,NETV,RG,685,19,D,XL,BQ,D
14:40:40,NETV,RG,685,1,D,XC,BQ,D
14:40:37,NETV,RG,685,2,D,XC,BQ,D
14:40:36,NETV,RG,685,15,D,SQ,BQ,D
14:40:32,NETV,RG,685,3,D,XC,BQ,D
14:40:32,NETV,RG,685,25,D,XC,BQ,D
14:40:30,NETV,RG,685,20,D,XC,BQ,D
14:40:28,NETV,RG,685,4,D,XC,BQ,D
14:40:18,NETV,RG,685,5,D,YP,BQ,D
14:40:14,NETV,RG,685,2,D,YP,BQ,D
14:40:12,NETV,RG,685,30,D,YP,BQ,D
14:40:09,NETV,RG,685,4,D,PD,BQ,D
14:40:06,NETV,RG,685,3,D,LG,BQ,D
14:40:04,NETV,RG,685,1,D,XL,BQ,D
14:40:01,NETV,RG,685,2,D,CD,BQ,D
14:39:56,NETV,RG,685,1,D,PD,BQ,D
14:39:54,NETV,RG,685,5,D,YP,BQ,D
14:39:51,NETV,RG,685,80,D,YP,BQ,D
14:39:45,NETV,RG,685,15,D,KK,BQ,D
14:39:39,NETV,RG,685,10,D,XC,BQ,D
14:39:33,NETV,RG,685,20,D,YP,BQ,D
14:39:31,NETV,RG,685,5,D,YP,BQ,D
14:39:30,NETV,RG,685,4,D,PD,BQ,D
14:39:29,NETV,RG,685,1,D,YP,BQ,D
14:39:21,NETV,RG,685,3,D,XC,BQ,D
14:39:18,NETV,RG,685,100,D,SQ,BQ,D
14:39:16,NETV,RG,685,5,D,XC,BQ,D
14:39:13,NETV,RG,685,45,D,PD,BQ,D
14:39:13,NETV,RG,685,1,D,AT,BQ,D
14:39:07,NETV,RG,685,2,D,YP,BQ,D
14:39:06,NETV,RG,685,10,D,YU,BQ,D
14:39:06,NETV,RG,685,103,D,PD,BQ,D
14:39:05,NETV,RG,685,1,D,NI,BQ,D
14:39:05,NETV,RG,685,150,D,GR,BQ,D
14:39:04,NETV,RG,685,25,D,XC,BQ,D
14:39:04,NETV,RG,685,1,D,YP,BQ,D
14:38:56,NETV,RG,685,1,D,XC,BQ,D
14:38:54,NETV,RG,685,4,D,XC,BQ,D
14:38:51,NETV,RG,685,10,D,YP,BQ,D
14:38:51,NETV,RG,685,1,D,YP,BQ,D
14:38:46,NETV,RG,685,40,D,YP,BQ,D
14:38:46,NETV,RG,685,1,D,XC,BQ,D
14:38:44,NETV,RG,685,4,D,XC,BQ,D
14:38:42,NETV,RG,685,1,D,XC,BQ,D
14:38:40,NETV,RG,685,3,D,XC,BQ,D
14:38:40,NETV,RG,685,3,D,XC,BQ,D
14:38:39,NETV,RG,685,2,D,XC,BQ,D
14:38:36,NETV,RG,685,20,D,PD,BQ,D
14:38:36,NETV,RG,685,11,D,PD,BQ,D
14:38:35,NETV,RG,685,10,D,YP,BQ,D
14:38:34,NETV,RG,685,1,D,AT,BQ,D
14:38:33,NETV,RG,685,20,D,PD,BQ,D
14:38:33,NETV,RG,685,8,D,NI,BQ,D
14:38:29,NETV,RG,685,1,D,XC,BQ,D
14:38:29,NETV,RG,685,1,D,XC,BQ,D
14:38:28,NETV,RG,685,30,D,PD,BQ,D
14:38:27,NETV,RG,685,2,D,XC,BQ,D
14:38:26,NETV,RG,685,1,D,XC,BQ,D
14:38:26,NETV,RG,685,75,D,XA,BQ,D
14:38:15,NETV,RG,685,1,D,XC,BQ,D
14:38:14,NETV,RG,685,200,D,DH,BQ,D
14:38:14,NETV,RG,685,10,D,YP,BQ,D
14:38:12,NETV,RG,685,5,D,YP,BQ,D
14:38:10,NETV,RG,685,1,D,XC,BQ,D
14:38:09,NETV,RG,685,1,D,XC,BQ,D
14:38:06,NETV,RG,685,29,D,YP,BQ,D
14:38:06,NETV,RG,685,10,D,NI,BQ,D
14:38:06,NETV,RG,685,1,D,XC,BQ,D
14:37:57,NETV,RG,685,4,D,MK,BQ,D
14:37:56,NETV,RG,685,1,D,XC,BQ,D
14:37:55,NETV,RG,685,10,D,YP,BQ,D
14:37:51,NETV,RG,685,1,D,XC,BQ,D
14:37:51,NETV,RG,685,5,D,XC,BQ,D
14:37:43,NETV,RG,685,1,D,XC,BQ,D
14:37:42,NETV,RG,685,50,D,YP,BQ,D
14:37:40,NETV,RG,685,1,D,XC,BQ,D
14:37:40,NETV,RG,685,1,D,XC,BQ,D
14:37:32,NETV,RG,685,8,D,XC,BQ,D
14:37:30,NETV,RG,685,5,D,YP,BQ,D
14:37:29,NETV,RG,685,5,D,OD,BQ,D
14:37:29,NETV,RG,685,5,D,PD,BQ,D
14:37:28,NETV,RG,685,4,D,XC,BQ,D
14:37:28,NETV,RG,685,1,D,CC,BQ,D
14:37:27,NETV,RG,685,1,D,XC,BQ,D
14:37:25,NETV,RG,685,2,D,NI,BQ,D
14:37:22,NETV,RG,685,2,D,PD,BQ,D
14:37:22,NETV,RG,685,11,D,YP,BQ,D
14:37:17,NETV,RG,685,50,D,YP,BQ,D
14:37:13,NETV,RG,685,1,D,XC,BQ,D
14:37:11,NETV,RG,685,13,D,XC,BQ,D
14:37:10,NETV,RG,685,2,D,XC,BQ,D
14:37:08,NETV,RG,685,1,D,PD,BQ,D
14:37:03,NETV,RG,685,2,D,XC,BQ,D
14:37:02,NETV,RG,685,30,D,XC,BQ,D
14:36:55,NETV,RG,685,5,D,PC,BQ,D
14:36:55,NETV,RG,685,10,D,NI,BQ,D
14:36:54,NETV,RG,685,1,D,PD,BQ,D
14:36:54,NETV,RG,685,150,D,IF,BQ,D
14:36:50,NETV,RG,685,10,D,XC,BQ,D
14:36:45,NETV,RG,685,10,D,XC,BQ,D
14:36:42,NETV,RG,685,10,D,NI,BQ,D
14:36:39,NETV,RG,685,6,D,XL,BQ,D
14:36:37,NETV,RG,685,25,D,XC,BQ,D
14:36:34,NETV,RG,685,3,D,XC,BQ,D
14:36:33,NETV,RG,685,3,D,MK,BQ,D
14:36:33,NETV,RG,685,1,D,XC,BQ,D
14:36:32,NETV,RG,685,10,D,NI,BQ,D
14:36:29,NETV,RG,685,12,D,XC,BQ,D
14:36:28,NETV,RG,685,50,D,XC,BQ,D
14:36:22,NETV,RG,685,2,D,XC,BQ,D
14:36:19,NETV,RG,685,73,D,YP,BQ,D
14:36:18,NETV,RG,685,5,D,PD,BQ,D
14:36:08,NETV,RG,685,500,D,CC,BQ,D
14:35:54,NETV,RG,685,1,D,XA,BQ,D
14:35:53,NETV,RG,685,1,D,XL,BQ,D
14:35:53,NETV,RG,685,31,D,XC,BQ,D
14:35:51,NETV,RG,685,10,D,YP,BQ,D
14:35:49,NETV,RG,685,14,D,XL,BQ,D
14:35:48,NETV,RG,685,5,D,PD,BQ,D
14:35:47,NETV,RG,685,5,D,PD,BQ,D
14:35:43,NETV,RG,685,1,D,XC,BQ,D
14:35:36,NETV,RG,685,500,D,NI,BQ,D
14:35:26,NETV,RG,685,123,D,XC,BQ,D
14:35:21,NETV,RG,685,10,D,YP,BQ,D
14:35:16,NETV,RG,685,100,D,KK,BQ,D
14:35:12,NETV,RG,685,10,D,XC,BQ,D
14:35:00,NETV,RG,685,2,D,XC,BQ,D
14:34:58,NETV,RG,685,1,D,PD,BQ,D
14:34:55,NETV,RG,685,6,D,YP,BQ,D
14:34:47,NETV,RG,685,10,D,XC,BQ,D
14:34:46,NETV,RG,685,11,D,YP,BQ,D
14:34:35,NETV,RG,685,5,D,XC,BQ,D
14:34:34,NETV,RG,685,2,D,PD,BQ,D
14:34:32,NETV,RG,685,72,D,YP,BQ,D
14:34:29,NETV,RG,685,250,D,PD,BQ,D
14:34:28,NETV,RG,685,81,D,SQ,BQ,D
14:34:24,NETV,RG,685,9,D,PD,BQ,D
14:34:23,NETV,RG,685,1,D,NI,BQ,D
14:34:18,NETV,RG,685,3,D,KK,BQ,D
14:34:12,NETV,RG,685,2,D,XC,BQ,D
14:34:11,NETV,RG,685,3,D,XC,BQ,D
14:34:10,NETV,RG,685,135,D,YP,BQ,D
14:34:09,NETV,RG,685,1,D,XC,BQ,D
14:34:06,NETV,RG,685,300,D,PD,BQ,D
14:34:04,NETV,RG,685,100,D,NI,BQ,D
14:34:03,NETV,RG,685,500,D,AZ,BQ,D
14:33:55,NETV,RG,685,3,D,PD,BQ,D
14:33:50,NETV,RG,685,1,D,XC,BQ,D
14:33:45,NETV,RG,685,125,D,XC,BQ,D
14:33:26,NETV,RG,685,1,D,YP,BQ,D
14:33:17,NETV,RG,685,20,D,XC,BQ,D
14:33:16,NETV,RG,685,1,D,XL,BQ,D
14:33:16,NETV,RG,685,1,D,PD,BQ,D
14:33:15,NETV,RG,685,300,D,CC,BQ,D
14:33:01,NETV,RG,685,5,D,YP,BQ,D
14:32:51,NETV,RG,685,2,D,XC,BQ,D
14:32:48,NETV,RG,685,4,D,XC,BQ,D
14:32:42,NETV,RG,685,120,D,CC,BQ,D
14:32:38,NETV,RG,685,4,D,XC,BQ,D
14:32:27,NETV,RG,685,10,D,XC,BQ,D
14:32:26,NETV,RG,685,1,D,XC,BQ,D
14:32:23,NETV,RG,685,1,D,PD,BQ,D
14:32:21,NETV,RG,685,7,D,XC,BQ,D
14:32:14,NETV,RG,685,30,D,AZ,BQ,D
14:32:10,NETV,RG,685,12,D,XL,BQ,D
14:31:54,NETV,RG,685,10,D,PD,BQ,D
14:31:46,NETV,RG,685,10,D,PD,BQ,D
14:31:41,NETV,RG,685,7,D,DR,BQ,D
14:31:40,NETV,RG,685,100,D,CC,BQ,D
14:31:39,NETV,RG,685,10,D,XC,BQ,D
14:31:37,NETV,RG,685,1,D,YP,BQ,D
14:31:31,NETV,RG,685,2,D,PD,BQ,D
14:31:30,NETV,RG,685,1,D,YP,BQ,D
14:31:26,NETV,RG,685,1,D,YP,BQ,D
14:31:11,NETV,RG,685,2,D,YP,BQ,D
14:31:09,NETV,RG,685,4,D,XC,BQ,D
14:31:04,NETV,RG,685,23,D,XC,BQ,D
14:30:51,NETV,RG,685,3,D,XC,BQ,D
14:30:49,NETV,RG,685,2,D,PD,BQ,D
14:30:44,NETV,RG,685,5,D,XC,BQ,D
14:30:41,NETV,RG,685,1,D,CP,BQ,D
14:30:26,NETV,RG,685,9,D,PD,BQ,D
14:30:26,NETV,RG,685,7,D,XC,BQ,D
14:30:25,NETV,RG,685,1,D,XC,BQ,D
14:30:25,NETV,RG,685,2,D,XC,BQ,D
14:30:19,NETV,RG,685,4,D,XC,BQ,D
14:30:15,NETV,RG,685,1,D,XC,BQ,D
14:30:14,NETV,RG,685,13,D,EP,BQ,D
14:30:10,NETV,RG,685,4,D,XC,BQ,D
14:30:04,NETV,RG,685,10,D,XL,BQ,D
14:30:02,NETV,RG,685,45,D,XC,BQ,D
14:30:02,NETV,RG,685,10,D,XC,BQ,D
14:29:54,NETV,RG,685,30,D,XC,BQ,D
14:29:53,NETV,RG,685,47,D,YP,BQ,D
14:29:51,NETV,RG,685,10,D,KK,BQ,D
14:29:48,NETV,RG,685,1,D,YP,BQ,D
14:29:45,NETV,RG,685,1,D,YP,BQ,D
14:29:43,NETV,RG,685,1,D,YP,BQ,D
14:29:39,NETV,RG,685,3,D,XC,BQ,D
14:29:37,NETV,RG,685,4,D,PD,BQ,D
14:29:28,NETV,RG,685,20,D,XC,BQ,D
14:29:27,NETV,RG,685,1,D,XC,BQ,D
14:29:26,NETV,RG,685,6,D,CC,BQ,D
14:29:25,NETV,RG,685,1,D,PD,BQ,D
14:29:24,NETV,RG,685,1,D,XC,BQ,D
14:29:15,NETV,RG,685,20,D,XC,BQ,D
14:29:05,NETV,RG,685,4,D,CC,BQ,D
14:28:53,NETV,RG,685,29,D,GR,BQ,D
14:28:48,NETV,RG,685,100,D,IF,BQ,D
14:28:40,NETV,RG,685,15,D,LG,BQ,D
14:28:37,NETV,RG,685,20,D,PD,BQ,D
14:28:33,NETV,RG,685,1,D,KK,BQ,D
14:28:32,NETV,RG,685,1,D,XC,BQ,D
14:28:32,NETV,RG,685,1,D,CC,BQ,D
14:28:10,NETV,RG,685,3,D,CC,BQ,D
14:28:08,NETV,RG,685,5,D,XC,BQ,D
14:28:06,NETV,RG,685,424,D,YP,BQ,D
14:28:04,NETV,RG,685,27,D,XC,BQ,D
14:28:03,NETV,RG,685,90,D,IF,BQ,D
14:28:02,NETV,RG,685,1,D,PD,BQ,D
14:28:01,NETV,RG,685,100,D,OD,BQ,D
14:28:00,NETV,RG,685,1,D,YP,BQ,D
14:27:55,NETV,RG,685,1,D,PD,BQ,D
14:27:54,NETV,RG,685,2,D,CC,BQ,D
14:27:49,NETV,RG,685,10,D,PD,BQ,D
14:27:41,NETV,RG,685,10,D,IF,BQ,D
14:27:34,NETV,RG,685,20,D,CC,BQ,D
14:27:28,NETV,RG,685,3,D,PD,BQ,D
14:27:17,NETV,RG,685,150,D,XC,BQ,D
14:27:16,NETV,RG,685,2,D,NI,BQ,D
14:27:13,NETV,RG,685,155,D,SQ,BQ,D
14:27:10,NETV,RG,685,6,D,XC,BQ,D
14:27:09,NETV,RG,685,20,D,GR,BQ,D
14:26:57,NETV,RG,685,10,D,CC,BQ,D
14:26:47,NETV,RG,685,30,D,YP,BQ,D
14:26:42,NETV,RG,685,15,D,XC,BQ,D
14:26:40,NETV,RG,685,20,D,XC,BQ,D
14:26:38,NETV,RG,685,20,D,GR,BQ,D
14:26:31,NETV,RG,685,3,D,PD,BQ,D
14:26:27,NETV,RG,685,20,D,PD,BQ,D
14:26:21,NETV,RG,685,1,D,YP,BQ,D
14:26:18,NETV,RG,685,1,D,YP,BQ,D
14:26:12,NETV,RG,685,100,D,LG,BQ,D
14:26:12,NETV,RG,685,1,D,YP,BQ,D
14:26:10,NETV,RG,685,1,D,YP,BQ,D
14:26:07,NETV,RG,685,1500,D,BQ,BQ,D
14:26:06,NETV,RG,685,1,D,YP,BQ,D
14:26:00,NETV,RG,685,1,D,YP,BQ,D
14:25:56,NETV,RG,685,1,D,YP,BQ,D
14:25:56,NETV,RG,685,2,D,XC,BQ,D
14:25:54,NETV,RG,685,1,D,XC,BQ,D
14:25:51,NETV,RG,685,1,D,YP,BQ,D
14:25:48,NETV,RG,685,1,D,YP,BQ,D
14:25:48,NETV,RG,685,10,D,CC,BQ,D
14:25:46,NETV,RG,685,1,D,XC,BQ,D
14:25:45,NETV,RG,685,1,D,YP,BQ,D
14:25:39,NETV,RG,685,1,D,YP,BQ,D
14:25:33,NETV,RG,685,1,D,YP,BQ,D
14:25:25,NETV,RG,685,1,D,DR,BQ,D
14:25:16,NETV,RG,685,20,D,YP,BQ,D
14:25:16,NETV,RG,685,5,D,XC,BQ,D
14:25:10,NETV,RG,685,10,D,XC,BQ,D
14:25:07,NETV,RG,685,5,D,XC,BQ,D
14:25:00,NETV,RG,685,2,D,KK,BQ,D
14:24:57,NETV,RG,685,4,D,XC,BQ,D
14:24:51,NETV,RG,685,5,D,XC,BQ,D
14:24:40,NETV,RG,685,1366,D,GR,BQ,D
14:24:34,NETV,RG,685,1,D,KK,BQ,D
14:24:10,NETV,RG,685,15,D,KK,BQ,D
14:23:58,NETV,RG,685,10,D,XC,BQ,D
14:23:57,NETV,RG,685,100,D,PD,BQ,D
14:23:30,NETV,RG,685,1,D,YP,BQ,D
14:23:26,NETV,RG,685,4,D,XC,BQ,D
14:23:25,NETV,RG,685,1,D,XC,BQ,D
14:23:12,NETV,RG,685,21,D,XC,BQ,D
14:23:09,NETV,RG,685,5,D,YP,BQ,D
14:23:01,NETV,RG,685,2,D,YP,BQ,D
14:22:52,NETV,RG,685,50,D,EP,BQ,D
14:22:51,NETV,RG,685,5,D,YP,BQ,D
14:22:46,NETV,RG,685,10,D,XC,BQ,D
14:22:43,NETV,RG,685,23,D,XC,BQ,D
14:22:36,NETV,RG,685,10,D,KK,BQ,D
14:22:32,NETV,RG,685,2,D,PD,BQ,D
14:22:29,NETV,RG,685,4,D,NI,BQ,D
14:22:16,NETV,RG,685,1,D,YP,BQ,D
14:21:59,NETV,RG,685,2,D,XC,BQ,D
14:21:55,NETV,RG,685,4,D,XC,BQ,D
14:21:54,NETV,RG,685,1,D,CC,BQ,D
14:21:48,NETV,RG,685,10,D,XC,BQ,D
14:21:46,NETV,RG,685,12,D,PD,BQ,D
14:21:44,NETV,RG,685,1,D,YP,BQ,D
14:21:43,NETV,RG,685,1,D,PD,BQ,D
14:21:39,NETV,RG,685,53,D,BQ,BQ,D
14:21:38,NETV,RG,685,50,D,CC,BQ,D
14:21:34,NETV,RG,685,25,D,XC,BQ,D
14:21:30,NETV,RG,685,19,D,XC,BQ,D
14:21:28,NETV,RG,685,2,D,XC,BQ,D
14:21:18,NETV,RG,685,6,D,PD,BQ,D
14:21:10,NETV,RG,685,17,D,CC,BQ,D
14:21:09,NETV,RG,685,1,D,XC,BQ,D
14:21:01,NETV,RG,685,2,D,XC,BQ,D
14:20:58,NETV,RG,685,1,D,YP,BQ,D
14:20:51,NETV,RG,685,25,D,PD,BQ,D
14:20:50,NETV,RG,685,1,D,SQ,BQ,D
14:20:50,NETV,RG,685,5,D,XC,BQ,D
14:20:49,NETV,RG,685,15,D,PD,BQ,D
14:20:46,NETV,RG,685,3,D,YP,BQ,D
14:20:45,NETV,RG,685,2,D,XC,BQ,D
14:20:38,NETV,RG,685,10,D,XC,BQ,D
14:20:36,NETV,RG,685,2,D,XC,BQ,D
14:20:34,NETV,RG,685,5,D,EP,BQ,D
14:20:23,NETV,RG,685,1,D,XC,BQ,D
14:20:23,NETV,RG,685,2,D,XC,BQ,D
14:20:19,NETV,RG,685,73,D,YP,BQ,D
14:20:19,NETV,RG,685,2,D,XC,BQ,D
14:20:16,NETV,RG,685,6,D,XC,BQ,D
14:20:11,NETV,RG,685,2,D,YP,BQ,D
14:20:04,NETV,RG,685,2,D,XC,BQ,D
14:20:03,NETV,RG,685,4,D,PD,BQ,D
14:19:51,NETV,RG,685,1,D,YP,BQ,D
14:19:51,NETV,RG,685,1,D,XC,BQ,D
14:19:46,NETV,RG,685,13,D,PD,BQ,D
14:19:44,NETV,RG,685,1,D,XC,BQ,D
14:19:44,NETV,RG,685,50,D,DH,BQ,D
14:19:43,NETV,RG,685,2,D,XC,BQ,D
14:19:33,NETV,RG,685,25,D,PD,BQ,D
14:19:33,NETV,RG,685,45,D,XC,BQ,D
14:19:29,NETV,RG,685,43,D,XC,BQ,D
14:19:27,NETV,RG,685,100,D,PD,BQ,D
14:19:26,NETV,RG,685,24,D,CC,BQ,D
14:19:21,NETV,RG,685,2,D,XC,BQ,D
14:19:21,NETV,RG,685,25,D,XC,BQ,D
14:19:19,NETV,RG,685,100,D,CC,BQ,D
14:19:16,NETV,RG,685,5,D,LG,BQ,D
14:19:10,NETV,RG,685,10,D,YP,BQ,D
14:19:05,NETV,RG,685,2,D,XC,BQ,D
14:19:01,NETV,RG,685,3,D,XC,BQ,D
14:18:52,NETV,RG,685,4,D,XL,BQ,D
14:18:47,NETV,RG,685,6,D,XC,BQ,D
14:18:43,NETV,RG,685,1,D,XC,BQ,D
14:18:42,NETV,RG,685,24,D,XC,BQ,D
14:18:39,NETV,RG,685,2,D,XC,BQ,D
14:18:38,NETV,RG,685,1,D,KK,BQ,D
14:18:28,NETV,RG,685,1,D,XC,BQ,D
14:18:28,NETV,RG,685,7,D,XC,BQ,D
14:18:23,NETV,RG,685,2,D,XC,BQ,D
14:18:21,NETV,RG,685,20,D,KK,BQ,D
14:18:11,NETV,RG,685,10,D,YP,BQ,D
14:18:10,NETV,RG,685,2,D,PD,BQ,D
14:18:05,NETV,RG,685,4,D,XC,BQ,D
14:18:03,NETV,RG,685,82,D,SQ,BQ,D
14:18:03,NETV,RG,685,18,D,SQ,PD,D
14:17:59,NETV,RG,685,2,D,XC,PD,D
14:17:58,NETV,RG,685,1,D,XC,PD,D
14:17:58,NETV,RG,685,1,D,XC,PD,D
14:17:55,NETV,RG,685,1,D,XC,PD,D
14:17:50,NETV,RG,685,17,D,YP,PD,D
14:17:50,NETV,RG,685,2,D,YP,XC,D
14:17:50,NETV,RG,685,21,D,YP,XC,D
14:17:45,NETV,RG,685,1,D,PD,XC,D
14:17:39,NETV,RG,685,2,D,XC,XC,D
14:17:38,NETV,RG,685,26,D,AZ,XC,D
14:17:38,NETV,RG,685,199,D,AZ,BQ,D
14:17:36,NETV,RG,685,9,D,XC,BQ,D
14:17:34,NETV,RG,685,2,D,KK,BQ,D
14:17:26,NETV,RG,685,25,D,KK,BQ,D
14:17:24,NETV,RG,685,2,D,PD,BQ,D
14:17:21,NETV,RG,685,2,D,XC,BQ,D
14:17:15,NETV,RG,685,1,D,XC,BQ,D
14:17:09,NETV,RG,685,10,D,PD,BQ,D
14:17:08,NETV,RG,685,14,D,XC,BQ,D
14:16:58,NETV,RG,685,2,D,XC,BQ,D
14:16:45,NETV,RG,685,50,D,PD,BQ,D
14:16:44,NETV,RG,685,2,D,CC,BQ,D
14:16:42,NETV,RG,685,50,D,YP,BQ,D
14:16:38,NETV,RG,685,5,D,YP,BQ,D
14:16:31,NETV,RG,685,100,D,YP,BQ,D
14:16:30,NETV,RG,685,2,D,YP,BQ,D
14:16:25,NETV,RG,685,5,D,XC,BQ,D
14:16:25,NETV,RG,685,5,D,YP,BQ,D
14:16:23,NETV,RG,685,4,D,XC,BQ,D
14:16:22,NETV,RG,685,1,D,XC,BQ,D
14:16:21,NETV,RG,685,3,D,XC,BQ,D
14:16:19,NETV,RG,685,1,D,KK,BQ,D
14:16:11,NETV,RG,685,2,D,XC,BQ,D
14:16:11,NETV,RG,685,15,D,XL,BQ,D
14:16:10,NETV,RG,685,100,D,GR,BQ,D
14:16:08,NETV,RG,685,150,D,NI,BQ,D
14:16:08,NETV,RG,685,25,D,KK,BQ,D
14:16:04,NETV,RG,685,5,D,XC,BQ,D
14:16:02,NETV,RG,685,5,D,XC,BQ,D
14:15:59,NETV,RG,685,1,D,XC,BQ,D
14:15:58,NETV,RG,685,1,D,BQ,BQ,D
14:15:54,NETV,RG,685,1,D,XC,BQ,D
14:15:52,NETV,RG,685,15,D,EP,BQ,D
14:15:47,NETV,RG,685,39,D,XC,BQ,D
14:15:42,NETV,RG,685,7,D,XC,BQ,D
14:15:35,NETV,RG,685,3,D,XC,BQ,D
14:15:33,NETV,RG,685,7000,D,SQ,BQ,D
14:15:21,NETV,RG,685,40,D,PD,BQ,D
14:15:19,NETV,RG,685,824,D,GR,BQ,D
14:15:19,NETV,RG,685,1,D,OD,BQ,D
14:15:14,NETV,RG,685,3,D,XC,BQ,D
14:15:06,NETV,RG,685,1,D,XC,BQ,D
14:14:59,NETV,RG,685,2,D,XC,BQ,D
14:14:46,NETV,RG,685,2,D,PD,BQ,D
14:14:32,NETV,RG,685,1,D,PD,BQ,D
14:14:30,NETV,RG,685,1,D,XC,BQ,D
14:14:19,NETV,RG,685,4,D,OD,BQ,D
14:14:12,NETV,RG,685,20,D,CC,BQ,D
14:14:09,NETV,RG,685,2,D,PD,BQ,D
14:14:06,NETV,RG,685,649,D,GR,BQ,D
14:14:00,NETV,RG,685,1,D,KK,BQ,D
14:13:59,NETV,RG,685,16,D,XC,BQ,D
14:13:57,NETV,RG,685,2,D,XL,BQ,D
14:13:53,NETV,RG,685,2,D,XC,BQ,D
14:13:53,NETV,RG,685,4,D,CC,BQ,D
14:13:49,NETV,RG,685,100,D,BS,BQ,D
14:13:45,NETV,RG,685,1,D,XC,BQ,D
14:13:44,NETV,RG,685,10,D,XL,BQ,D
14:13:44,NETV,RG,685,1,D,XC,BQ,D
14:13:44,NETV,RG,685,1,D,ZP,BQ,D
14:13:16,NETV,RG,685,10,D,AT,BQ,D
14:13:02,NETV,RG,685,2,D,SQ,BQ,D
14:12:59,NETV,RG,685,10,D,PD,BQ,D
14:12:54,NETV,RG,685,10,D,YP,BQ,D
14:12:47,NETV,RG,685,70,D,YP,BQ,D
14:12:41,NETV,RG,685,1,D,XC,BQ,D
14:12:41,NETV,RG,685,1,D,XC,BQ,D
14:12:33,NETV,RG,685,40,D,XC,BQ,D
14:11:56,NETV,RG,685,11,D,LG,BQ,D
14:11:56,NETV,RG,685,10,D,CC,BQ,D
14:11:52,NETV,RG,685,12,D,XC,BQ,D
14:11:45,NETV,RG,685,2,D,XC,BQ,D
14:11:41,NETV,RG,685,1,D,BQ,BQ,D
14:11:33,NETV,RG,685,7,D,YP,BQ,D
14:11:20,NETV,RG,685,5,D,XC,BQ,D
14:11:18,NETV,RG,685,50,D,CC,BQ,D
14:11:11,NETV,RG,685,1,D,XC,BQ,D
14:11:09,NETV,RG,685,20,D,DH,BQ,D
14:10:53,NETV,RG,685,98,D,XL,BQ,D
14:10:53,NETV,RG,685,5,D,XC,BQ,D
14:10:52,NETV,RG,685,20,D,ZP,BQ,D
14:10:49,NETV,RG,685,10,D,YP,BQ,D
14:10:47,NETV,RG,685,1,D,PD,BQ,D
14:10:41,NETV,RG,685,6,D,PD,BQ,D
14:10:37,NETV,RG,685,10,D,YP,BQ,D
14:10:33,NETV,RG,685,10,D,YP,BQ,D
14:10:28,NETV,RG,685,1500,D,XC,BQ,D
14:10:23,NETV,RG,685,1,D,EP,BQ,D
14:10:07,NETV,RG,685,6,D,PD,BQ,D
14:10:05,NETV,RG,685,45,D,KK,BQ,D
14:10:04,NETV,RG,685,10,D,YP,BQ,D
14:09:59,NETV,RG,685,1,D,XC,BQ,D
14:09:56,NETV,RG,685,8,D,YP,BQ,D
14:09:55,NETV,RG,685,5,D,XC,BQ,D
14:09:54,NETV,RG,685,1,D,XC,BQ,D
14:09:54,NETV,RG,685,2,D,XC,BQ,D
14:09:52,NETV,RG,685,4,D,XC,BQ,D
14:09:50,NETV,RG,685,1,D,XC,BQ,D
14:09:37,NETV,RG,685,1,D,XC,BQ,D
14:09:32,NETV,RG,685,1,D,XC,BQ,D
14:09:31,NETV,RG,685,1,D,DH,BQ,D
14:09:24,NETV,RG,685,10,D,CC,BQ,D
14:09:22,NETV,RG,685,1,D,DH,BQ,D
14:09:17,NETV,RG,685,2,D,DH,BQ,D
14:09:15,NETV,RG,685,10,D,XC,BQ,D
14:09:10,NETV,RG,685,10,D,YP,BQ,D
14:08:58,NETV,RG,685,10,D,YP,BQ,D
14:08:44,NETV,RG,685,10,D,PD,BQ,D
14:08:42,NETV,RG,685,10,D,XC,BQ,D
14:08:42,NETV,RG,685,364,D,YP,BQ,D
14:08:35,NETV,RG,685,1,D,XC,BQ,D
14:08:34,NETV,RG,685,1,D,PD,BQ,D
14:08:34,NETV,RG,685,20,D,NI,BQ,D
14:08:29,NETV,RG,685,10,D,PD,BQ,D
14:08:27,NETV,RG,685,1,D,XC,BQ,D
14:08:24,NETV,RG,685,2,D,PD,BQ,D
14:08:17,NETV,RG,685,1,D,XC,BQ,D
14:08:16,NETV,RG,685,8,D,XC,BQ,D
14:08:11,NETV,RG,685,10,D,YP,BQ,D
14:08:07,NETV,RG,685,1,D,XC,BQ,D
14:08:05,NETV,RG,685,3,D,CC,BQ,D
14:08:04,NETV,RG,685,1,D,XC,BQ,D
14:07:58,NETV,RG,685,100,D,ZP,BQ,D
14:07:57,NETV,RG,685,1,D,XC,BQ,D
14:07:55,NETV,RG,685,3,D,XC,BQ,D
14:07:54,NETV,RG,685,1,D,XC,BQ,D
14:07:52,NETV,RG,685,40,D,XC,BQ,D
14:07:51,NETV,RG,685,7,D,KK,BQ,D
14:07:51,NETV,RG,685,1,D,XC,BQ,D
14:07:51,NETV,RG,685,10,D,YP,BQ,D
14:07:50,NETV,RG,685,1,D,XC,BQ,D
14:07:48,NETV,RG,685,20,D,KK,BQ,D
14:07:45,NETV,RG,685,4,D,XC,BQ,D
14:07:45,NETV,RG,685,20,D,LS,BQ,D
14:07:38,NETV,RG,685,1,D,XC,BQ,D
14:07:27,NETV,RG,685,10,D,YP,BQ,D
14:07:24,NETV,RG,685,138,D,XC,BQ,D
14:07:24,NETV,RG,685,100,D,TP,BQ,D
14:07:23,NETV,RG,685,1,D,XC,BQ,D
14:07:16,NETV,RG,685,17,D,XC,BQ,D
14:07:14,NETV,RG,685,14,D,XC,BQ,D
14:07:13,NETV,RG,685,1,D,PD,BQ,D
14:07:12,NETV,RG,685,20,D,YP,BQ,D
14:06:56,NETV,RG,685,8,D,XC,BQ,D
14:06:47,NETV,RG,685,10,D,YP,BQ,D
14:06:46,NETV,RG,685,1,D,PD,BQ,D
14:06:44,NETV,RG,685,10,D,YP,BQ,D
14:06:35,NETV,RG,685,35,D,PD,BQ,D
14:06:29,NETV,RG,685,10,D,YP,BQ,D
14:06:28,NETV,RG,685,3,D,YP,BQ,D
14:06:25,NETV,RG,685,1,D,XC,BQ,D
14:06:08,NETV,RG,685,20,D,XC,BQ,D
14:06:08,NETV,RG,685,1,D,LG,BQ,D
14:06:06,NETV,RG,685,1,D,XC,BQ,D
14:05:58,NETV,RG,685,8,D,CC,BQ,D
14:05:56,NETV,RG,685,4,D,AT,BQ,D
14:05:24,NETV,RG,685,4,D,XC,BQ,D
14:05:16,NETV,RG,685,50,D,ZP,BQ,D
14:04:54,NETV,RG,685,1,D,XC,BQ,D
14:04:50,NETV,RG,685,5,D,YP,BQ,D
14:04:50,NETV,RG,685,14,D,KK,BQ,D
14:04:47,NETV,RG,685,1,D,DH,BQ,D
14:04:40,NETV,RG,685,35,D,YP,BQ,D
14:04:37,NETV,RG,685,1,D,XL,BQ,D
14:04:23,NETV,RG,685,1,D,CC,BQ,D
14:04:16,NETV,RG,685,200,D,KK,BQ,D
14:04:12,NETV,RG,685,10,D,EP,BQ,D
14:03:58,NETV,RG,685,73,D,XC,BQ,D
14:03:43,NETV,RG,685,2,D,XC,BQ,D
14:03:38,NETV,RG,685,100,D,YP,BQ,D
14:03:33,NETV,RG,685,10,D,AT,BQ,D
14:03:21,NETV,RG,685,1,D,XC,BQ,D
14:03:21,NETV,RG,685,20,D,YP,BQ,D
14:03:19,NETV,RG,685,1,D,YP,BQ,D
14:03:17,NETV,RG,685,1,D,XC,BQ,D
14:03:17,NETV,RG,685,10,D,AT,BQ,D
14:03:09,NETV,RG,685,2,D,PD,BQ,D
14:02:59,NETV,RG,685,37,D,EP,BQ,D
14:02:58,NETV,RG,685,2,D,XC,BQ,D
14:02:56,NETV,RG,685,6,D,PD,BQ,D
14:02:46,NETV,RG,685,3,D,XC,BQ,D
14:02:36,NETV,RG,685,1,D,XL,BQ,D
14:02:24,NETV,RG,685,2,D,DH,BQ,D
14:02:24,NETV,RG,685,1,D,PD,BQ,D
14:02:19,NETV,RG,685,50,D,YP,BQ,D
14:02:14,NETV,RG,685,5,D,YP,BQ,D
14:02:01,NETV,RG,685,1,D,XC,BQ,D
14:01:56,NETV,RG,685,8,D,YP,BQ,D
14:01:47,NETV,RG,685,1,D,XC,BQ,D
14:01:45,NETV,RG,685,2,D,NI,BQ,D
14:01:34,NETV,RG,685,5,D,DR,BQ,D
14:01:30,NETV,RG,685,10,D,PD,BQ,D
14:01:29,NETV,RG,685,50,D,YP,BQ,D
14:01:04,NETV,RG,685,1,D,XC,BQ,D
14:00:59,NETV,RG,685,10,D,XC,BQ,D
14:00:59,NETV,RG,685,100,D,EP,BQ,D
14:00:58,NETV,RG,685,10,D,YP,BQ,D
14:00:55,NETV,RG,685,20,D,LG,BQ,D
14:00:54,NETV,RG,685,50,D,KK,BQ,D
14:00:54,NETV,RG,685,5,D,XC,BQ,D
14:00:52,NETV,RG,685,1,D,XC,BQ,D
14:00:44,NETV,RG,685,10,D,NI,BQ,D
14:00:31,NETV,RG,685,10,D,NI,BQ,D
14:00:30,NETV,RG,685,3,D,XC,BQ,D
14:00:30,NETV,RG,685,6,D,XC,BQ,D
14:00:12,NETV,RG,685,1,D,YP,BQ,D
14:00:11,NETV,RG,685,1,D,XC,BQ,D
14:00:03,NETV,RG,685,1,D,PD,BQ,D
14:00:00,NETV,RG,685,2,D,XC,BQ,D
13:59:57,NETV,RG,685,1,D,XC,BQ,D
13:59:57,NETV,RG,685,20,D,PD,BQ,D
13:59:57,NETV,RG,685,20,D,PD,BQ,D
13:59:55,NETV,RG,685,1,D,XC,BQ,D
13:59:41,NETV,RG,685,1,D,XC,BQ,D
13:59:34,NETV,RG,685,3,D,XC,BQ,D
13:59:32,NETV,RG,685,44,D,EP,BQ,D
13:59:24,NETV,RG,685,1,D,XC,BQ,D
13:59:18,NETV,RG,685,1,D,XC,BQ,D
13:59:14,NETV,RG,685,5,D,XC,BQ,D
13:59:14,NETV,RG,685,1,D,PD,BQ,D
13:59:13,NETV,RG,685,5,D,CC,BQ,D
13:59:01,NETV,RG,685,500,D,AT,BQ,D
13:58:54,NETV,RG,685,1,D,PD,BQ,D
13:58:47,NETV,RG,685,29,D,DR,BQ,D
13:58:46,NETV,RG,685,15,D,XC,BQ,D
13:58:45,NETV,RG,685,2,D,PD,BQ,D
13:58:37,NETV,RG,685,1,D,YP,BQ,D
13:58:35,NETV,RG,685,4,D,PD,BQ,D
13:58:31,NETV,RG,685,2,D,XC,BQ,D
13:58:28,NETV,RG,685,50,D,LG,BQ,D
13:58:21,NETV,RG,685,1,D,YP,BQ,D
13:58:18,NETV,RG,685,4,D,PD,BQ,D
13:58:13,NETV,RG,685,12,D,YP,BQ,D
13:58:13,NETV,RG,685,1,D,YP,BQ,D
13:58:09,NETV,RG,685,1,D,PD,BQ,D
13:58:08,NETV,RG,685,1,D,XC,BQ,D
13:58:06,NETV,RG,685,15,D,PD,BQ,D
13:58:04,NETV,RG,685,100,D,YP,BQ,D
13:57:59,NETV,RG,685,333,D,LG,BQ,D
13:57:58,NETV,RG,685,1,D,YP,BQ,D
13:57:57,NETV,RG,685,9,D,XC,BQ,D
13:57:44,NETV,RG,685,1,D,XC,BQ,D
13:57:40,NETV,RG,685,1,D,YP,BQ,D
13:57:37,NETV,RG,685,3,D,PD,BQ,D
13:57:31,NETV,RG,685,9,D,NI,BQ,D
13:57:30,NETV,RG,685,1,D,PD,BQ,D
13:57:28,NETV,RG,685,9,D,NI,BQ,D
13:57:25,NETV,RG,685,15,D,NI,BQ,D
13:57:25,NETV,RG,685,1,D,YP,BQ,D
13:57:18,NETV,RG,685,1,D,XC,BQ,D
13:57:18,NETV,RG,685,19,D,XC,BQ,D
13:57:11,NETV,RG,685,10,D,IF,BQ,D
13:57:04,NETV,RG,685,2,D,PD,BQ,D
13:56:55,NETV,RG,685,1,D,XL,BQ,D
13:56:51,NETV,RG,685,10,D,YP,BQ,D
13:56:40,NETV,RG,685,1,D,PD,BQ,D
13:56:36,NETV,RG,685,8,D,AG,BQ,D
13:56:27,NETV,RG,685,1,D,XC,BQ,D
13:56:22,NETV,RG,685,1,D,CC,BQ,D
13:56:22,NETV,RG,685,16,D,XC,BQ,D
13:56:20,NETV,RG,685,7,D,XC,BQ,D
13:56:17,NETV,RG,685,200,D,KK,BQ,D
13:56:16,NETV,RG,685,1,D,XC,BQ,D
13:56:11,NETV,RG,685,4,D,XC,BQ,D
13:56:09,NETV,RG,685,3,D,YP,BQ,D
13:56:08,NETV,RG,685,10,D,CC,BQ,D
13:56:03,NETV,RG,685,10,D,LG,BQ,D
13:56:01,NETV,RG,685,5,D,YP,BQ,D
13:55:51,NETV,RG,685,25,D,GR,BQ,D
13:55:48,NETV,RG,685,1,D,XL,BQ,D
13:55:47,NETV,RG,685,2,D,KK,BQ,D
13:55:45,NETV,RG,685,2,D,XC,BQ,D
13:55:43,NETV,RG,685,6,D,XC,BQ,D
13:55:41,NETV,RG,685,44,D,NI,BQ,D
13:55:31,NETV,RG,685,1,D,AZ,BQ,D
13:55:29,NETV,RG,685,15,D,CC,BQ,D
13:55:28,NETV,RG,685,2,D,XC,BQ,D
13:55:20,NETV,RG,685,25,D,YP,BQ,D
13:55:16,NETV,RG,685,1,D,NI,BQ,D
13:55:10,NETV,RG,685,6,D,XC,BQ,D
13:55:09,NETV,RG,685,43,D,AZ,BQ,D
13:55:09,NETV,RG,685,263,D,GR,BQ,D
13:55:04,NETV,RG,685,28,D,XL,BQ,D
13:55:00,NETV,RG,685,5,D,YP,BQ,D
13:54:42,NETV,RG,685,1,D,PD,BQ,D
13:54:32,NETV,RG,685,10,D,YP,BQ,D
13:54:27,NETV,RG,685,148,D,XC,BQ,D
13:54:25,NETV,RG,685,2,D,YP,BQ,D
13:54:24,NETV,RG,685,1,D,KK,BQ,D
13:54:08,NETV,RG,685,10,D,SQ,BQ,D
13:54:07,NETV,RG,685,200,D,LG,BQ,D
13:54:00,NETV,RG,685,1,D,XC,BQ,D
13:53:49,NETV,RG,685,1,D,PD,BQ,D
13:53:47,NETV,RG,685,5,D,PD,BQ,D
13:53:36,NETV,RG,685,100,D,YP,BQ,D
13:53:33,NETV,RG,685,100,D,XC,BQ,D
13:53:30,NETV,RG,685,30,D,XC,BQ,D
13:53:26,NETV,RG,685,3,D,YP,BQ,D
13:53:25,NETV,RG,685,5,D,KK,BQ,D
13:53:17,NETV,RG,685,1,D,XC,BQ,D
13:53:08,NETV,RG,685,3,D,YP,BQ,D
13:53:07,NETV,RG,685,1,D,CC,BQ,D
13:53:02,NETV,RG,685,25,D,YP,BQ,D
13:53:02,NETV,RG,685,4,D,XC,BQ,D
13:52:50,NETV,RG,685,73,D,XC,BQ,D
13:52:45,NETV,RG,685,2,D,GR,BQ,D
13:52:32,NETV,RG,685,70,D,PD,BQ,D
13:52:29,NETV,RG,685,5,D,PD,BQ,D
13:52:25,NETV,RG,685,50,D,LG,BQ,D
13:52:24,NETV,RG,685,253,D,XC,BQ,D
13:52:22,NETV,RG,685,4,D,XC,BQ,D
13:52:19,NETV,RG,685,100,D,YP,BQ,D
13:52:18,NETV,RG,685,2,D,XC,BQ,D
13:52:14,NETV,RG,685,50,D,YP,BQ,D
13:52:13,NETV,RG,685,20,D,CC,BQ,D
13:52:08,NETV,RG,685,15,D,PD,BQ,D
13:52:01,NETV,RG,685,1,D,XC,BQ,D
13:51:56,NETV,RG,685,1,D,CC,BQ,D
13:51:55,NETV,RG,685,1,D,XC,BQ,D
13:51:54,NETV,RG,685,2,D,XC,BQ,D
13:51:50,NETV,RG,685,1,D,XC,BQ,D
13:51:41,NETV,RG,685,4,D,PD,BQ,D
13:51:36,NETV,RG,685,1,D,XC,BQ,D
13:51:36,NETV,RG,685,30,D,CC,BQ,D
13:51:32,NETV,RG,685,5,D,XC,BQ,D
13:51:30,NETV,RG,685,1,D,XC,BQ,D
13:51:26,NETV,RG,685,1,D,XC,BQ,D
13:51:23,NETV,RG,685,1,D,PD,BQ,D
13:51:21,NETV,RG,685,10,D,XC,BQ,D
13:51:17,NETV,RG,685,1,D,XC,BQ,D
13:51:13,NETV,RG,685,1,D,XC,BQ,D
13:51:10,NETV,RG,685,1,D,KK,BQ,D
13:51:09,NETV,RG,685,5,D,PD,BQ,D
13:51:02,NETV,RG,685,5,D,PD,BQ,D
13:51:01,NETV,RG,685,5,D,CP,BQ,D
13:51:00,NETV,RG,685,28,D,OD,BQ,D
13:50:58,NETV,RG,685,2,D,XC,BQ,D
13:50:58,NETV,RG,685,1,D,XC,BQ,D
13:50:52,NETV,RG,685,1,D,PD,BQ,D
13:50:50,NETV,RG,685,1,D,EP,BQ,D
13:50:45,NETV,RG,685,2,D,PD,BQ,D
13:50:32,NETV,RG,685,10,D,XC,BQ,D
13:50:26,NETV,RG,685,1,D,KK,BQ,D
13:50:15,NETV,RG,685,14,D,XC,BQ,D
13:50:07,NETV,RG,685,1,D,KK,BQ,D
13:50:04,NETV,RG,685,10,D,OD,BQ,D
13:49:56,NETV,RG,685,1,D,XC,BQ,D
13:49:54,NETV,RG,685,30,D,XC,BQ,D
13:49:47,NETV,RG,685,10,D,NI,BQ,D
13:49:40,NETV,RG,685,10,D,TP,BQ,D
13:49:30,NETV,RG,685,2,D,XC,BQ,D
13:49:24,NETV,RG,685,1,D,XC,BQ,D
13:49:23,NETV,RG,685,5,D,XC,BQ,D
13:49:20,NETV,RG,685,7,D,YP,BQ,D
13:49:15,NETV,RG,685,20,D,KK,BQ,D
13:49:12,NETV,RG,685,2,D,PD,BQ,D
13:49:12,NETV,RG,685,3,D,PD,BQ,D
13:49:12,NETV,RG,685,10,D,TP,BQ,D
13:49:03,NETV,RG,685,6,D,XC,BQ,D
13:48:59,NETV,RG,685,1,D,XC,BQ,D
13:48:57,NETV,RG,685,5,D,PD,BQ,D
13:48:46,NETV,RG,685,6,D,DH,BQ,D
13:48:44,NETV,RG,685,3,D,XC,BQ,D
13:48:37,NETV,RG,685,1,D,YB,BQ,D
13:48:31,NETV,RG,685,5,D,LG,BQ,D
13:48:25,NETV,RG,685,1,D,XC,BQ,D
13:48:23,NETV,RG,685,100,D,XC,BQ,D
13:48:16,NETV,RG,685,10,D,XC,BQ,D
13:48:09,NETV,RG,685,2,D,XC,BQ,D
13:48:06,NETV,RG,685,1,D,XC,BQ,D
13:48:02,NETV,RG,685,50,D,SQ,BQ,D
13:47:58,NETV,RG,685,2,D,PD,BQ,D
13:47:51,NETV,RG,685,1,D,XC,BQ,D
13:47:47,NETV,RG,685,5,D,NI,BQ,D
13:47:44,NETV,RG,685,1,D,PD,BQ,D
13:47:42,NETV,RG,685,25,D,YP,BQ,D
13:47:41,NETV,RG,685,5,D,EP,BQ,D
13:47:36,NETV,RG,685,12,D,XC,BQ,D
13:47:36,NETV,RG,685,10,D,CC,BQ,D
13:47:25,NETV,RG,685,2,D,YP,BQ,D
13:47:14,NETV,RG,685,100,D,XC,BQ,D
13:47:14,NETV,RG,685,1,D,CC,BQ,D
13:47:05,NETV,RG,685,5,D,PD,BQ,D
13:46:55,NETV,RG,685,1,D,PD,BQ,D
13:46:51,NETV,RG,685,1,D,XC,BQ,D
13:46:49,NETV,RG,685,10,D,XC,BQ,D
13:46:48,NETV,RG,685,10,D,YP,BQ,D
13:46:42,NETV,RG,685,4,D,XC,BQ,D
13:46:33,NETV,RG,685,1,D,XC,BQ,D
13:46:27,NETV,RG,685,1,D,BQ,BQ,D
13:46:25,NETV,RG,685,1,D,PD,BQ,D
13:46:24,NETV,RG,685,3,D,XC,BQ,D
13:46:20,NETV,RG,685,1,D,XC,BQ,D
13:46:04,NETV,RG,685,20,D,XC,BQ,D
13:46:02,NETV,RG,685,10,D,XC,BQ,D
13:45:57,NETV,RG,685,10,D,NI,BQ,D
13:45:51,NETV,RG,685,1,D,YP,BQ,D
13:45:49,NETV,RG,685,1,D,YP,BQ,D
13:45:47,NETV,RG,685,1,D,YP,BQ,D
13:45:44,NETV,RG,685,1,D,YP,BQ,D
13:45:42,NETV,RG,685,1,D,YP,BQ,D
13:45:40,NETV,RG,685,1,D,YP,BQ,D
13:45:38,NETV,RG,685,4,D,PD,BQ,D
13:45:37,NETV,RG,685,1,D,YP,BQ,D
13:45:36,NETV,RG,685,50,D,XC,BQ,D
13:45:35,NETV,RG,685,1,D,YP,BQ,D
13:45:34,NETV,RG,685,1,D,NI,BQ,D
13:45:33,NETV,RG,685,1,D,YP,BQ,D
13:45:30,NETV,RG,685,1,D,YP,BQ,D
13:45:28,NETV,RG,685,1,D,YP,BQ,D
13:45:25,NETV,RG,685,1,D,YP,BQ,D
13:45:23,NETV,RG,685,1,D,YP,BQ,D
13:45:21,NETV,RG,685,1,D,XC,BQ,D
13:45:20,NETV,RG,685,1,D,YP,BQ,D
13:45:18,NETV,RG,685,1,D,YP,BQ,D
13:45:16,NETV,RG,685,11,D,PD,BQ,D
13:45:06,NETV,RG,685,1,D,YP,BQ,D
13:45:06,NETV,RG,685,1,D,CC,BQ,D
13:44:54,NETV,RG,685,5,D,NI,BQ,D
13:44:53,NETV,RG,685,1,D,XC,BQ,D
13:44:43,NETV,RG,685,122,D,YP,BQ,D
13:44:39,NETV,RG,685,1,D,KK,BQ,D
13:44:37,NETV,RG,685,2,D,XC,BQ,D
13:44:22,NETV,RG,685,250,D,NI,BQ,D
13:44:19,NETV,RG,685,1,D,XC,BQ,D
13:44:16,NETV,RG,685,10,D,AO,BQ,D
13:44:14,NETV,RG,685,10,D,XC,BQ,D
13:44:04,NETV,RG,685,10,D,AO,BQ,D
13:44:04,NETV,RG,685,10,D,NI,BQ,D
13:44:01,NETV,RG,685,3,D,XC,BQ,D
13:43:57,NETV,RG,685,10,D,AO,BQ,D
13:43:53,NETV,RG,685,3,D,XC,BQ,D
13:43:38,NETV,RG,685,120,D,FZ,BQ,D
13:43:31,NETV,RG,685,1,D,GR,BQ,D
13:43:31,NETV,RG,685,50,D,XC,BQ,D
13:43:24,NETV,RG,685,133,D,YP,BQ,D
13:43:16,NETV,RG,685,10,D,NI,BQ,D
13:43:16,NETV,RG,685,20,D,OD,BQ,D
13:43:14,NETV,RG,685,3,D,PD,BQ,D
13:43:04,NETV,RG,685,1,D,XC,BQ,D
13:43:02,NETV,RG,685,150,D,XL,BQ,D
13:43:02,NETV,RG,685,1,D,XC,BQ,D
13:42:55,NETV,RG,685,3,D,XC,BQ,D
13:42:52,NETV,RG,685,25,D,CC,BQ,D
13:42:50,NETV,RG,685,121,D,XC,BQ,D
13:42:49,NETV,RG,685,10,D,XC,BQ,D
13:42:49,NETV,RG,685,10,D,YP,BQ,D
13:42:47,NETV,RG,685,4,D,OD,BQ,D
13:42:46,NETV,RG,685,8,D,XC,BQ,D
13:42:45,NETV,RG,685,29,D,YP,BQ,D
13:42:40,NETV,RG,685,25,D,ZP,BQ,D
13:42:28,NETV,RG,685,100,D,CC,BQ,D
13:42:27,NETV,RG,685,20,D,BQ,BQ,D
13:42:25,NETV,RG,685,1,D,KK,BQ,D
13:42:22,NETV,RG,685,2,D,PD,BQ,D
13:42:20,NETV,RG,685,4,D,XC,BQ,D
13:42:20,NETV,RG,685,30,D,YP,BQ,D
13:42:11,NETV,RG,685,580,D,PD,BQ,D
13:42:11,NETV,RG,685,2,D,XC,BQ,D
13:42:08,NETV,RG,685,1,D,YP,BQ,D
13:42:07,NETV,RG,685,6,D,EP,BQ,D
13:42:06,NETV,RG,685,1,D,XC,BQ,D
13:41:58,NETV,RG,685,1,D,XC,BQ,D
13:41:48,NETV,RG,685,20,D,YP,BQ,D
13:41:46,NETV,RG,685,150,D,PD,BQ,D
13:41:44,NETV,RG,685,1,D,XC,BQ,D
13:41:42,NETV,RG,685,1,D,XC,BQ,D
13:41:40,NETV,RG,685,1,D,PD,BQ,D
13:41:37,NETV,RG,685,1,D,XC,BQ,D
13:41:37,NETV,RG,685,20,D,XC,BQ,D
13:41:33,NETV,RG,685,1,D,XC,BQ,D
13:41:26,NETV,RG,685,27,D,SQ,BQ,D
13:41:20,NETV,RG,685,1,D,XC,BQ,D
13:41:17,NETV,RG,685,1,D,XC,BQ,D
13:41:11,NETV,RG,685,2,D,XC,BQ,D
13:41:05,NETV,RG,685,2,D,XC,BQ,D
13:41:02,NETV,RG,685,10,D,YP,BQ,D
13:41:00,NETV,RG,685,1,D,XC,BQ,D
13:40:47,NETV,RG,685,1,D,PD,BQ,D
13:40:46,NETV,RG,685,30,D,XC,BQ,D
13:40:40,NETV,RG,685,20,D,KK,BQ,D
13:40:39,NETV,RG,685,50,D,CC,BQ,D
13:40:39,NETV,RG,685,2,D,XC,BQ,D
13:40:39,NETV,RG,685,2,D,YP,BQ,D
13:40:39,NETV,RG,685,14,D,XC,BQ,D
13:40:35,NETV,RG,685,5,D,PD,BQ,D
13:40:34,NETV,RG,685,1,D,XC,BQ,D
13:40:33,NETV,RG,685,38,D,XC,BQ,D
13:40:27,NETV,RG,685,3,D,YP,BQ,D
13:40:26,NETV,RG,685,1,D,CC,BQ,D
13:40:25,NETV,RG,685,5,D,PD,BQ,D
13:40:25,NETV,RG,685,5,D,PD,BQ,D
13:40:25,NETV,RG,685,1,D,KK,BQ,D
13:40:24,NETV,RG,685,5,D,SQ,BQ,D
13:40:23,NETV,RG,685,10,D,PD,BQ,D
13:40:20,NETV,RG,685,5,D,PD,BQ,D
13:40:19,NETV,RG,685,10,D,YP,BQ,D
13:40:18,NETV,RG,685,10,D,BQ,BQ,D
13:40:15,NETV,RG,685,5,D,PD,BQ,D
13:40:09,NETV,RG,685,5,D,PD,BQ,D
13:40:03,NETV,RG,685,1,D,CC,BQ,D
13:40:00,NETV,RG,685,17,D,XC,BQ,D
13:39:57,NETV,RG,685,1,D,XC,BQ,D
13:39:53,NETV,RG,685,1,D,XC,BQ,D
13:39:52,NETV,RG,685,1,D,KK,BQ,D
13:39:51,NETV,RG,685,10,D,YP,BQ,D
13:39:48,NETV,RG,685,100,D,XC,BQ,D
13:39:47,NETV,RG,685,2,D,PD,BQ,D
13:39:47,NETV,RG,685,10,D,YP,BQ,D
13:39:43,NETV,RG,685,50,D,CC,BQ,D
13:39:40,NETV,RG,685,3,D,XC,BQ,D
13:39:37,NETV,RG,685,5,D,KK,BQ,D
13:39:36,NETV,RG,685,20,D,NI,BQ,D
13:39:35,NETV,RG,685,5,D,CC,BQ,D
13:39:33,NETV,RG,685,2,D,NI,BQ,D
13:39:32,NETV,RG,685,5,D,YP,BQ,D
13:39:26,NETV,RG,685,5,D,YP,BQ,D
13:39:26,NETV,RG,685,10,D,KK,BQ,D
13:39:19,NETV,RG,685,1,D,XC,BQ,D
13:39:15,NETV,RG,685,10,D,YP,BQ,D
13:39:11,NETV,RG,685,5,D,DR,BQ,D
13:39:10,NETV,RG,685,5,D,KK,BQ,D
13:39:07,NETV,RG,685,10,D,XC,BQ,D
13:39:05,NETV,RG,685,1,D,XC,BQ,D
13:39:03,NETV,RG,685,155,D,KK,BQ,D
13:39:01,NETV,RG,685,51,D,XL,BQ,D
13:38:59,NETV,RG,685,1,D,XC,BQ,D
13:38:55,NETV,RG,685,1,D,XC,BQ,D
13:38:53,NETV,RG,685,1,D,XC,BQ,D
13:38:53,NETV,RG,685,50,D,PD,BQ,D
13:38:53,NETV,RG,685,25,D,DH,BQ,D
13:38:52,NETV,RG,685,5,D,YP,BQ,D
13:38:49,NETV,RG,685,50,D,YP,BQ,D
13:38:47,NETV,RG,685,1,D,XC,BQ,D
13:38:46,NETV,RG,685,2,D,XC,BQ,D
13:38:44,NETV,RG,685,5,D,XC,BQ,D
13:38:40,NETV,RG,685,30,D,CC,BQ,D
13:38:39,NETV,RG,685,4,D,NI,BQ,D
13:38:36,NETV,RG,685,2,D,LG,BQ,D
13:38:35,NETV,RG,685,11,D,GR,BQ,D
13:38:35,NETV,RG,685,2,D,EP,BQ,D
13:38:33,NETV,RG,685,15,D,PD,BQ,D
13:38:30,NETV,RG,685,1,D,XC,BQ,D
13:38:25,NETV,RG,685,14,D,PD,BQ,D
13:38:24,NETV,RG,685,121,D,XC,BQ,D
13:38:23,NETV,RG,685,1,D,KK,BQ,D
13:38:19,NETV,RG,685,4,D,XC,BQ,D
13:38:18,NETV,RG,685,5,D,XC,BQ,D
13:38:17,NETV,RG,685,10,D,NI,BQ,D
13:38:17,NETV,RG,685,1,D,XA,BQ,D
13:38:14,NETV,RG,685,2,D,XC,BQ,D
13:38:12,NETV,RG,685,25,D,YP,BQ,D
13:38:11,NETV,RG,685,2,D,XC,BQ,D
13:38:10,NETV,RG,685,77,D,PD,BQ,D
13:38:10,NETV,RG,685,135,D,XL,BQ,D
13:38:09,NETV,RG,685,2,D,YP,BQ,D
13:38:09,NETV,RG,685,2,D,XC,BQ,D
13:38:08,NETV,RG,685,46,D,XC,BQ,D
13:38:08,NETV,RG,685,5,D,BQ,BQ,D
13:38:06,NETV,RG,685,1,D,XC,BQ,D
13:38:05,NETV,RG,685,10,D,PD,BQ,D
13:38:02,NETV,RG,685,2,D,NI,BQ,D
13:38:00,NETV,RG,685,6,D,PD,BQ,D
13:38:00,NETV,RG,685,5,D,KK,BQ,D
13:37:59,NETV,RG,685,3,D,PD,BQ,D
13:37:59,NETV,RG,685,5,D,YP,BQ,D
13:37:58,NETV,RG,685,5,D,XC,BQ,D
13:37:53,NETV,RG,685,27,D,AZ,BQ,D
13:37:51,NETV,RG,685,50,D,YP,BQ,D
13:37:46,NETV,RG,685,1,D,BQ,BQ,D
13:37:45,NETV,RG,685,30,D,DH,BQ,D
13:37:45,NETV,RG,685,5,D,KK,BQ,D
13:37:45,NETV,RG,685,10,D,KK,BQ,D
13:37:44,NETV,RG,685,18,D,PD,BQ,D
13:37:42,NETV,RG,685,10,D,XC,BQ,D
13:37:42,NETV,RG,685,1,D,XC,BQ,D
13:37:39,NETV,RG,685,270,D,BQ,BQ,D
13:37:36,NETV,RG,685,5,D,YP,BQ,D
13:37:35,NETV,RG,685,10,D,HP,BQ,D
13:37:33,NETV,RG,685,100,D,LG,BQ,D
13:37:30,NETV,RG,685,8,D,YP,BQ,D
13:37:30,NETV,RG,685,20,D,KK,BQ,D
13:37:30,NETV,RG,685,1,D,KK,BQ,D
13:37:28,NETV,RG,685,10,D,CC,BQ,D
13:37:28,NETV,RG,685,5,D,KK,BQ,D
13:37:28,NETV,RG,685,100,D,NI,BQ,D
13:37:26,NETV,RG,685,2,D,XC,BQ,D
13:37:20,NETV,RG,685,5,D,YP,BQ,D
13:37:20,NETV,RG,685,2,D,XC,BQ,D
13:37:17,NETV,RG,685,10,D,XC,BQ,D
13:37:17,NETV,RG,685,5,D,YP,BQ,D
13:37:16,NETV,RG,685,1,D,XC,BQ,D
13:37:15,NETV,RG,685,1,D,XC,BQ,D
13:37:13,NETV,RG,685,1,D,XC,BQ,D
13:37:12,NETV,RG,685,2,D,XC,BQ,D
13:37:10,NETV,RG,685,50,D,PD,BQ,D
13:37:10,NETV,RG,685,120,D,XC,BQ,D
13:37:08,NETV,RG,685,57,D,XC,BQ,D
13:37:07,NETV,RG,685,7,D,XL,BQ,D
13:37:05,NETV,RG,685,1,D,XC,BQ,D
13:37:04,NETV,RG,685,2,D,KK,BQ,D
13:36:52,NETV,RG,685,5,D,CC,BQ,D
13:36:44,NETV,RG,685,5,D,XC,BQ,D
13:36:40,NETV,RG,685,1,D,XC,BQ,D
13:36:36,NETV,RG,685,1,D,KK,BQ,D
13:36:34,NETV,RG,685,50,D,PD,BQ,D
13:36:31,NETV,RG,685,2,D,XC,BQ,D
13:36:31,NETV,RG,685,1,D,NI,BQ,D
13:36:30,NETV,RG,685,1,D,XC,BQ,D
13:36:21,NETV,RG,685,100,D,PD,BQ,D
13:36:21,NETV,RG,685,1,D,DR,BQ,D
13:36:20,NETV,RG,685,1,D,XC,BQ,D
13:36:13,NETV,RG,685,100,D,PD,BQ,D
13:36:09,NETV,RG,685,1,D,XC,BQ,D
13:36:06,NETV,RG,685,100,D,PD,BQ,D
13:36:06,NETV,RG,685,3,D,XC,BQ,D
13:36:05,NETV,RG,685,2,D,XC,BQ,D
13:36:05,NETV,RG,685,22,D,XC,BQ,D
13:35:50,NETV,RG,685,2,D,PD,BQ,D
13:35:43,NETV,RG,685,3,D,XC,BQ,D
13:35:43,NETV,RG,685,20,D,XC,BQ,D
13:35:22,NETV,RG,685,1,D,YP,BQ,D
13:35:15,NETV,RG,685,25,D,PD,BQ,D
13:35:12,NETV,RG,685,7,D,NI,BQ,D
13:35:05,NETV,RG,685,3,D,PD,BQ,D
13:35:03,NETV,RG,685,4,D,XC,BQ,D
13:35:00,NETV,RG,685,5,D,LG,BQ,D
13:34:48,NETV,RG,685,1,D,NI,BQ,D
13:34:28,NETV,RG,685,2,D,XC,BQ,D
13:34:27,NETV,RG,685,100,D,YP,BQ,D
13:34:25,NETV,RG,685,2,D,CC,BQ,D
13:34:21,NETV,RG,685,2,D,EP,BQ,D
13:34:20,NETV,RG,685,9,D,PD,BQ,D
13:34:18,NETV,RG,685,50,D,PD,BQ,D
13:34:12,NETV,RG,685,1,D,XC,BQ,D
13:34:12,NETV,RG,685,1,D,XC,BQ,D
13:33:57,NETV,RG,685,50,D,CC,BQ,D
13:33:53,NETV,RG,685,50,D,PD,BQ,D
13:33:50,NETV,RG,685,3,D,XC,BQ,D
13:33:48,NETV,RG,685,6,D,PD,BQ,D
13:33:43,NETV,RG,685,10,D,XC,BQ,D
13:33:38,NETV,RG,685,7,D,PD,BQ,D
13:33:36,NETV,RG,685,4,D,XL,BQ,D
13:33:34,NETV,RG,685,1,D,XC,BQ,D
13:33:32,NETV,RG,685,1,D,XC,BQ,D
13:33:28,NETV,RG,685,14,D,XC,BQ,D
13:33:26,NETV,RG,685,1,D,YP,BQ,D
13:33:20,NETV,RG,685,2,D,XL,BQ,D
13:33:15,NETV,RG,685,2,D,XC,BQ,D
13:33:05,NETV,RG,685,2,D,XC,BQ,D
13:33:04,NETV,RG,685,21,D,YP,BQ,D
13:33:03,NETV,RG,685,30,D,YP,BQ,D
13:33:02,NETV,RG,685,15,D,XC,BQ,D
13:33:01,NETV,RG,685,2,D,XC,BQ,D
13:32:56,NETV,RG,685,1,D,PD,BQ,D
13:32:50,NETV,RG,685,7,D,XC,BQ,D
13:32:50,NETV,RG,685,5,D,NI,BQ,D
13:32:48,NETV,RG,685,30,D,PD,BQ,D
13:32:46,NETV,RG,685,1,D,XC,BQ,D
13:32:43,NETV,RG,685,1,D,XC,BQ,D
13:32:41,NETV,RG,685,1,D,YP,BQ,D
13:32:39,NETV,RG,685,5,D,XC,BQ,D
13:32:34,NETV,RG,685,1,D,CC,BQ,D
13:32:32,NETV,RG,685,5,D,OD,BQ,D
13:32:31,NETV,RG,685,1,D,XC,BQ,D
13:32:25,NETV,RG,685,10,D,YP,BQ,D
13:32:23,NETV,RG,685,2,D,XC,BQ,D
13:32:18,NETV,RG,685,1,D,XC,BQ,D
13:32:15,NETV,RG,685,1,D,XC,BQ,D
13:32:11,NETV,RG,685,10,D,NI,BQ,D
13:32:03,NETV,RG,685,100,D,CC,BQ,D
13:32:03,NETV,RG,685,1,D,XC,BQ,D
13:32:00,NETV,RG,685,20,D,YP,BQ,D
13:31:37,NETV,RG,685,2,D,YP,BQ,D
13:31:35,NETV,RG,685,1,D,SQ,BQ,D
13:31:32,NETV,RG,685,120,D,PD,BQ,D
13:31:31,NETV,RG,685,1,D,NI,BQ,D
13:31:30,NETV,RG,685,3,D,XC,BQ,D
13:31:29,NETV,RG,685,20,D,XC,BQ,D
13:31:27,NETV,RG,685,1,D,XC,BQ,D
13:31:26,NETV,RG,685,100,D,CC,BQ,D
13:31:26,NETV,RG,685,50,D,YP,BQ,D
13:31:25,NETV,RG,685,10,D,XC,BQ,D
13:31:23,NETV,RG,685,1,D,XC,BQ,D
13:31:18,NETV,RG,685,1,D,XC,BQ,D
13:31:16,NETV,RG,685,59,D,XC,BQ,D
13:31:12,NETV,RG,685,10,D,DH,BQ,D
13:31:12,NETV,RG,685,19,D,NI,BQ,D
13:31:09,NETV,RG,685,1,D,XC,BQ,D
13:31:07,NETV,RG,685,10,D,SQ,BQ,D
13:30:54,NETV,RG,685,1,D,XL,BQ,D
13:30:51,NETV,RG,685,10,D,OD,BQ,D
13:30:44,NETV,RG,685,2,D,XC,BQ,D
13:30:40,NETV,RG,685,10,D,PD,BQ,D
13:30:33,NETV,RG,685,3,D,NI,BQ,D
13:30:26,NETV,RG,685,10,D,KK,BQ,D
13:30:26,NETV,RG,685,2,D,XC,BQ,D
13:30:23,NETV,RG,685,2,D,XC,BQ,D
13:30:22,NETV,RG,685,1,D,XC,BQ,D
13:30:12,NETV,RG,685,10,D,CC,BQ,D
13:30:12,NETV,RG,685,20,D,NI,BQ,D
13:30:11,NETV,RG,685,100,D,CC,BQ,D
13:30:11,NETV,RG,685,1,D,NI,BQ,D
13:30:10,NETV,RG,685,125,D,CC,BQ,D
13:30:10,NETV,RG,685,581,D,CC,BQ,D
13:30:10,NETV,RG,685,10,D,YP,BQ,D
13:30:09,NETV,RG,685,1,D,XC,BQ,D
13:30:09,NETV,RG,685,1,D,XC,BQ,D
13:30:09,NETV,RG,685,100,D,XC,BQ,D
